tradeTime,cusip,issueSymbolIdentifier,priceType,reportingSideCode,contraPartyTypeCode,tradeDate,reportedTradeVolume,lastSaleYield,lastSalePrice
08:00:05,91282CKV2,TSRYS5823596,D,S,D,2024-06-27,1000000.00,4.534724,100.24609375
08:00:05,91282CKV2,TSRYS5823596,D,S,D,2024-06-27,1850000.00,4.533303,100.25
08:00:05,91282CKV2,TSRYS5823596,D,S,D,2024-06-27,4000000.00,4.539697,100.232421875
08:00:05,91282CKV2,TSRYS5823596,D,S,D,2024-06-27,2000000.00,4.539697,100.232421875
08:00:05,91282CKV2,TSRYS5823596,D,S,T,2024-06-27,1000000.00,4.533303,100.25
08:00:05,91282CKV2,TSRYS5823596,D,S,T,2024-06-27,1000000.00,4.530462,100.2578125
08:00:05,91282CKV2,TSRYS5823596,D,S,T,2024-06-27,1000000.00,4.529041,100.26171875
08:00:05,91282CKV2,TSRYS5823596,D,S,T,2024-06-27,1000000.00,4.533303,100.25
08:00:05,91282CKV2,TSRYS5823596,D,S,T,2024-06-27,2000000.00,4.535434,100.244140625
08:00:05,91282CKV2,TSRYS5823596,D,S,D,2024-06-27,1000000.00,4.534013,100.248046875
08:00:05,91282CKV2,TSRYS5823596,D,S,T,2024-06-27,1000000.00,4.538986,100.234375
08:00:05,91282CKV2,TSRYS5823596,D,S,D,2024-06-27,1000000.00,4.536855,100.240234375
08:00:05,91282CKV2,TSRYS5823596,D,S,D,2024-06-27,1000000.00,4.538276,100.236328125
08:00:05,91282CKV2,TSRYS5823596,D,S,D,2024-06-27,1000000.00,4.537565,100.23828125
08:00:05,91282CKV2,TSRYS5823596,D,S,D,2024-06-27,1000000.00,4.537565,100.23828125
08:00:05,91282CKV2,TSRYS5823596,D,S,D,2024-06-27,1000000.00,4.536855,100.240234375
08:00:05,91282CKV2,TSRYS5823596,D,S,D,2024-06-27,1000000.00,4.536855,100.240234375
08:00:05,91282CKV2,TSRYS5823596,D,S,D,2024-06-27,1000000.00,4.536144,100.2421875
08:00:05,91282CKV2,TSRYS5823596,D,S,D,2024-06-27,1000000.00,4.534724,100.24609375
08:00:05,91282CKV2,TSRYS5823596,D,S,D,2024-06-27,1000000.00,4.535434,100.244140625
08:00:05,91282CKV2,TSRYS5823596,D,S,D,2024-06-27,4000000.00,4.538986,100.234375
08:00:05,91282CKV2,TSRYS5823596,D,S,D,2024-06-27,1000000.00,4.538276,100.236328125
08:00:05,91282CKV2,TSRYS5823596,D,S,D,2024-06-27,1000000.00,4.538276,100.236328125
08:00:05,91282CKV2,TSRYS5823596,D,S,D,2024-06-27,3000000.00,4.528331,100.263671875
08:00:05,91282CKV2,TSRYS5823596,D,S,T,2024-06-27,4000000.00,4.529041,100.26171875
08:00:05,91282CKV2,TSRYS5823596,D,S,T,2024-06-27,4000000.00,4.529041,100.26171875
08:00:05,91282CKV2,TSRYS5823596,D,S,D,2024-06-27,1000000.00,4.533303,100.25
08:00:05,91282CKV2,TSRYS5823596,D,S,T,2024-06-27,4000000.00,4.541828,100.2265625
08:00:05,91282CKV2,TSRYS5823596,D,S,T,2024-06-27,4000000.00,4.541828,100.2265625
08:00:05,91282CKV2,TSRYS5823596,D,S,T,2024-06-27,4000000.00,4.541828,100.2265625
08:00:05,91282CKV2,TSRYS5823596,D,S,T,2024-06-27,1000000.00,4.539697,100.232421875
08:00:05,91282CKV2,TSRYS5823596,D,S,D,2024-06-27,3000000.00,4.538986,100.234375
08:00:05,91282CKV2,TSRYS5823596,D,S,T,2024-06-27,1000000.00,4.538986,100.234375
08:00:08,91282CKV2,TSRYS5823596,D,B,A,2024-06-27,1483000.00,4.536855,100.2402345
08:00:13,91282CKV2,TSRYS5823596,D,S,T,2024-06-27,1000000.00,4.538276,100.236328125
08:00:13,91282CKV2,TSRYS5823596,D,S,T,2024-06-27,1000000.00,4.538276,100.236328125
08:00:13,91282CKV2,TSRYS5823596,D,S,T,2024-06-27,1000000.00,4.538276,100.236328125
08:00:13,91282CKV2,TSRYS5823596,D,B,A,2024-06-27,3000000.00,4.538986,100.234375
08:00:13,91282CKV2,TSRYS5823596,D,B,A,2024-06-27,7000000.00,4.537565,100.238281
08:00:13,91282CKV2,TSRYS5823596,D,S,T,2024-06-27,1000000.00,4.538986,100.234375
08:00:13,91282CKV2,TSRYS5823596,D,S,T,2024-06-27,1000000.00,4.540407,100.23046875
08:00:13,91282CKV2,TSRYS5823596,D,S,T,2024-06-27,1000000.00,4.541118,100.228515625
08:00:13,91282CKV2,TSRYS5823596,D,S,T,2024-06-27,1000000.00,4.541118,100.228515625
08:00:13,91282CKV2,TSRYS5823596,D,S,T,2024-06-27,1000000.00,4.541828,100.2265625
08:00:13,91282CKV2,TSRYS5823596,D,S,T,2024-06-27,1000000.00,4.541118,100.228515625
08:00:13,91282CKV2,TSRYS5823596,D,S,T,2024-06-27,1000000.00,4.541118,100.228515625
08:00:13,91282CKV2,TSRYS5823596,D,S,T,2024-06-27,1000000.00,4.541828,100.2265625
08:00:13,91282CKV2,TSRYS5823596,D,S,T,2024-06-27,1000000.00,4.541828,100.2265625
08:00:13,91282CKV2,TSRYS5823596,D,S,T,2024-06-27,1000000.00,4.543249,100.22265625
08:00:13,91282CKV2,TSRYS5823596,D,S,T,2024-06-27,1000000.00,4.541828,100.2265625
08:00:13,91282CKV2,TSRYS5823596,D,S,T,2024-06-27,1000000.00,4.540407,100.23046875
08:00:13,91282CKV2,TSRYS5823596,D,S,T,2024-06-27,1000000.00,4.541828,100.2265625
08:00:13,91282CKV2,TSRYS5823596,D,S,T,2024-06-27,1000000.00,4.535434,100.244140625
08:00:13,91282CKV2,TSRYS5823596,D,S,D,2024-06-27,1000000.00,4.536855,100.240234375
08:00:13,91282CKV2,TSRYS5823596,D,S,T,2024-06-27,1000000.00,4.537565,100.23828125
08:00:13,91282CKV2,TSRYS5823596,D,S,T,2024-06-27,1000000.00,4.538276,100.236328125
08:00:13,91282CKV2,TSRYS5823596,D,S,T,2024-06-27,2000000.00,4.538986,100.234375
08:00:13,91282CKV2,TSRYS5823596,D,S,T,2024-06-27,1000000.00,4.538986,100.234375
08:00:14,91282CKV2,TSRYS5823596,D,S,T,2024-06-27,1000000.00,4.538986,100.234375
08:00:14,91282CKV2,TSRYS5823596,D,S,T,2024-06-27,1000000.00,4.541828,100.2265625
08:00:14,91282CKV2,TSRYS5823596,D,S,T,2024-06-27,1000000.00,4.540407,100.23046875
08:00:14,91282CKV2,TSRYS5823596,D,S,T,2024-06-27,1000000.00,4.540407,100.23046875
08:00:14,91282CKV2,TSRYS5823596,D,S,T,2024-06-27,1000000.00,4.541118,100.228515625
08:00:14,91282CKV2,TSRYS5823596,D,S,T,2024-06-27,1000000.00,4.540407,100.23046875
08:00:14,91282CKV2,TSRYS5823596,D,S,T,2024-06-27,1000000.00,4.538986,100.234375
08:00:14,91282CKV2,TSRYS5823596,D,S,T,2024-06-27,2000000.00,4.538986,100.234375
08:00:14,91282CKV2,TSRYS5823596,D,S,T,2024-06-27,1000000.00,4.538986,100.234375
08:00:14,91282CKV2,TSRYS5823596,D,S,T,2024-06-27,1000000.00,4.538986,100.234375
08:00:14,91282CKV2,TSRYS5823596,D,S,D,2024-06-27,1000000.00,4.534724,100.24609375
08:00:14,91282CKV2,TSRYS5823596,D,S,T,2024-06-27,1000000.00,4.536855,100.240234375
08:00:14,91282CKV2,TSRYS5823596,D,S,D,2024-06-27,1000000.00,4.536855,100.240234375
08:00:14,91282CKV2,TSRYS5823596,D,S,T,2024-06-27,1000000.00,4.536144,100.2421875
08:00:14,91282CKV2,TSRYS5823596,D,S,T,2024-06-27,1000000.00,4.535434,100.244140625
08:00:14,91282CKV2,TSRYS5823596,D,S,T,2024-06-27,1000000.00,4.536144,100.2421875
08:00:14,91282CKV2,TSRYS5823596,D,S,T,2024-06-27,1000000.00,4.536144,100.2421875
08:00:14,91282CKV2,TSRYS5823596,D,S,T,2024-06-27,1000000.00,4.534724,100.24609375
08:00:14,91282CKV2,TSRYS5823596,D,S,T,2024-06-27,1000000.00,4.536855,100.240234375
08:00:14,91282CKV2,TSRYS5823596,D,S,T,2024-06-27,1000000.00,4.541828,100.2265625
08:00:14,91282CKV2,TSRYS5823596,D,S,T,2024-06-27,1000000.00,4.545381,100.216796875
08:00:14,91282CKV2,TSRYS5823596,D,S,T,2024-06-27,1000000.00,4.54396,100.220703125
08:00:14,91282CKV2,TSRYS5823596,D,S,T,2024-06-27,1000000.00,4.542539,100.224609375
08:00:14,91282CKV2,TSRYS5823596,D,S,T,2024-06-27,1000000.00,4.541828,100.2265625
08:00:14,91282CKV2,TSRYS5823596,D,S,T,2024-06-27,1000000.00,4.542539,100.224609375
08:00:14,91282CKV2,TSRYS5823596,D,S,T,2024-06-27,1000000.00,4.541828,100.2265625
08:00:14,91282CKV2,TSRYS5823596,D,S,T,2024-06-27,1000000.00,4.541828,100.2265625
08:00:14,91282CKV2,TSRYS5823596,D,S,T,2024-06-27,1000000.00,4.540407,100.23046875
08:00:14,91282CKV2,TSRYS5823596,D,S,T,2024-06-27,1000000.00,4.532593,100.251953125
08:00:14,91282CKV2,TSRYS5823596,D,S,D,2024-06-27,1000000.00,4.535434,100.244140625
08:00:14,91282CKV2,TSRYS5823596,D,S,T,2024-06-27,1000000.00,4.534724,100.24609375
08:00:14,91282CKV2,TSRYS5823596,D,S,D,2024-06-27,1000000.00,4.534724,100.24609375
08:00:14,91282CKV2,TSRYS5823596,D,S,T,2024-06-27,1000000.00,4.533303,100.25
08:00:14,91282CKV2,TSRYS5823596,D,S,D,2024-06-27,1000000.00,4.535434,100.244140625
08:00:14,91282CKV2,TSRYS5823596,D,S,D,2024-06-27,1000000.00,4.535434,100.244140625
08:00:14,91282CKV2,TSRYS5823596,D,S,T,2024-06-27,2000000.00,4.534724,100.24609375
08:00:14,91282CKV2,TSRYS5823596,D,S,D,2024-06-27,1000000.00,4.538276,100.236328125
08:00:14,91282CKV2,TSRYS5823596,D,S,T,2024-06-27,1000000.00,4.537565,100.23828125
08:00:14,91282CKV2,TSRYS5823596,D,S,T,2024-06-27,1000000.00,4.537565,100.23828125
08:00:14,91282CKV2,TSRYS5823596,D,S,T,2024-06-27,1000000.00,4.529041,100.26171875
08:00:14,91282CKV2,TSRYS5823596,D,S,T,2024-06-27,1000000.00,4.529041,100.26171875
08:00:14,91282CKV2,TSRYS5823596,D,S,T,2024-06-27,1000000.00,4.533303,100.25
08:00:14,91282CKV2,TSRYS5823596,D,S,T,2024-06-27,1000000.00,4.531882,100.25390625
08:00:18,91282CKV2,TSRYS5823596,D,S,T,2024-06-27,3000000.00,4.534724,100.24609375
08:00:18,91282CKV2,TSRYS5823596,D,S,T,2024-06-27,1000000.00,4.534724,100.24609375
08:00:18,91282CKV2,TSRYS5823596,D,S,T,2024-06-27,1000000.00,4.534724,100.24609375
08:00:18,91282CKV2,TSRYS5823596,D,S,T,2024-06-27,1000000.00,4.534724,100.24609375
08:00:18,91282CKV2,TSRYS5823596,D,S,T,2024-06-27,1000000.00,4.533303,100.25
08:00:18,91282CKV2,TSRYS5823596,D,S,T,2024-06-27,1000000.00,4.533303,100.25
08:00:18,91282CKV2,TSRYS5823596,D,S,T,2024-06-27,1000000.00,4.541828,100.2265625
08:00:18,91282CKV2,TSRYS5823596,D,S,T,2024-06-27,1000000.00,4.543249,100.22265625
08:00:18,91282CKV2,TSRYS5823596,D,S,T,2024-06-27,1000000.00,4.541828,100.2265625
08:00:20,91282CKV2,TSRYS5823596,D,S,D,2024-06-27,1000000.00,4.540407,100.23046875
08:00:21,91282CKV2,TSRYS5823596,D,S,D,2024-06-27,2000000.00,4.534724,100.24609375
08:00:23,91282CKV2,TSRYS5823596,D,S,A,2024-06-27,200000.00,4.536144,100.242188
08:00:27,91282CKV2,TSRYS5823596,D,S,T,2024-06-27,1000000.00,4.533303,100.25
08:00:27,91282CKV2,TSRYS5823596,D,S,T,2024-06-27,2000000.00,4.538986,100.234375
08:00:27,91282CKV2,TSRYS5823596,D,S,D,2024-06-27,1000000.00,4.536144,100.2421875
08:00:27,91282CKV2,TSRYS5823596,D,S,T,2024-06-27,1000000.00,4.541828,100.2265625
08:00:27,91282CKV2,TSRYS5823596,D,S,D,2024-06-27,1000000.00,4.534724,100.24609375
08:00:27,91282CKV2,TSRYS5823596,D,S,D,2024-06-27,1000000.00,4.536144,100.2421875
08:00:27,91282CKV2,TSRYS5823596,D,S,D,2024-06-27,2000000.00,4.537565,100.23828125
08:00:27,91282CKV2,TSRYS5823596,D,S,D,2024-06-27,1000000.00,4.537565,100.23828125
08:00:28,91282CKV2,TSRYS5823596,D,S,D,2024-06-27,2000000.00,4.537565,100.23828125
08:00:29,91282CKV2,TSRYS5823596,D,S,D,2024-06-27,1000000.00,4.539697,100.232421875
08:00:29,91282CKV2,TSRYS5823596,D,S,D,2024-06-27,1000000.00,4.539697,100.232421875
08:00:30,91282CKV2,TSRYS5823596,D,S,T,2024-06-27,1000000.00,4.536855,100.240234375
08:00:33,91282CKV2,TSRYS5823596,D,S,T,2024-06-27,1000000.00,4.540407,100.23046875
08:00:33,91282CKV2,TSRYS5823596,D,S,T,2024-06-27,1000000.00,4.542539,100.224609375
08:00:33,91282CKV2,TSRYS5823596,D,S,T,2024-06-27,1000000.00,4.542539,100.224609375
08:00:33,91282CKV2,TSRYS5823596,D,S,T,2024-06-27,1000000.00,4.539697,100.232421875
08:00:33,91282CKV2,TSRYS5823596,D,S,T,2024-06-27,1000000.00,4.540407,100.23046875
08:00:33,91282CKV2,TSRYS5823596,D,S,T,2024-06-27,1000000.00,4.540407,100.23046875
08:00:33,91282CKV2,TSRYS5823596,D,S,T,2024-06-27,1000000.00,4.540407,100.23046875
08:00:33,91282CKV2,TSRYS5823596,D,S,T,2024-06-27,1000000.00,4.540407,100.23046875
08:00:33,91282CKV2,TSRYS5823596,D,S,T,2024-06-27,1000000.00,4.540407,100.23046875
08:00:33,91282CKV2,TSRYS5823596,D,S,T,2024-06-27,1000000.00,4.534724,100.24609375
08:00:33,91282CKV2,TSRYS5823596,D,S,T,2024-06-27,2000000.00,4.535434,100.244140625
08:00:33,91282CKV2,TSRYS5823596,D,S,T,2024-06-27,1000000.00,4.534724,100.24609375
08:00:33,91282CKV2,TSRYS5823596,D,S,T,2024-06-27,1000000.00,4.534724,100.24609375
08:00:33,91282CKV2,TSRYS5823596,D,S,T,2024-06-27,1000000.00,4.535434,100.244140625
08:00:33,91282CKV2,TSRYS5823596,D,S,T,2024-06-27,1000000.00,4.534724,100.24609375
08:00:33,91282CKV2,TSRYS5823596,D,S,T,2024-06-27,1000000.00,4.536855,100.240234375
08:00:33,91282CKV2,TSRYS5823596,D,S,T,2024-06-27,1000000.00,4.537565,100.23828125
08:00:33,91282CKV2,TSRYS5823596,D,S,T,2024-06-27,1000000.00,4.537565,100.23828125
08:00:33,91282CKV2,TSRYS5823596,D,S,T,2024-06-27,1000000.00,4.537565,100.23828125
08:00:33,91282CKV2,TSRYS5823596,D,S,T,2024-06-27,1000000.00,4.537565,100.23828125
08:00:33,91282CKV2,TSRYS5823596,D,S,T,2024-06-27,2000000.00,4.538986,100.234375
08:00:33,91282CKV2,TSRYS5823596,D,S,T,2024-06-27,1000000.00,4.538986,100.234375
08:00:33,91282CKV2,TSRYS5823596,D,S,T,2024-06-27,1000000.00,4.538986,100.234375
08:00:33,91282CKV2,TSRYS5823596,D,S,T,2024-06-27,1000000.00,4.537565,100.23828125
08:00:33,91282CKV2,TSRYS5823596,D,S,T,2024-06-27,1000000.00,4.541828,100.2265625
08:00:33,91282CKV2,TSRYS5823596,D,S,T,2024-06-27,1000000.00,4.541828,100.2265625
08:00:33,91282CKV2,TSRYS5823596,D,S,T,2024-06-27,2000000.00,4.541828,100.2265625
08:00:33,91282CKV2,TSRYS5823596,D,S,T,2024-06-27,1000000.00,4.541828,100.2265625
08:00:33,91282CKV2,TSRYS5823596,D,S,T,2024-06-27,1000000.00,4.541828,100.2265625
08:00:33,91282CKV2,TSRYS5823596,D,S,T,2024-06-27,1000000.00,4.540407,100.23046875
08:00:33,91282CKV2,TSRYS5823596,D,S,T,2024-06-27,2000000.00,4.540407,100.23046875
08:00:33,91282CKV2,TSRYS5823596,D,S,T,2024-06-27,1000000.00,4.540407,100.23046875
08:00:33,91282CKV2,TSRYS5823596,D,S,T,2024-06-27,1000000.00,4.540407,100.23046875
08:00:33,91282CKV2,TSRYS5823596,D,S,T,2024-06-27,2000000.00,4.540407,100.23046875
08:00:33,91282CKV2,TSRYS5823596,D,S,T,2024-06-27,1000000.00,4.540407,100.23046875
08:00:33,91282CKV2,TSRYS5823596,D,S,T,2024-06-27,1000000.00,4.540407,100.23046875
08:00:33,91282CKV2,TSRYS5823596,D,S,T,2024-06-27,1000000.00,4.540407,100.23046875
08:00:33,91282CKV2,TSRYS5823596,D,S,T,2024-06-27,1000000.00,4.540407,100.23046875
08:00:33,91282CKV2,TSRYS5823596,D,S,T,2024-06-27,1000000.00,4.537565,100.23828125
08:00:33,91282CKV2,TSRYS5823596,D,S,T,2024-06-27,1000000.00,4.538986,100.234375
08:00:33,91282CKV2,TSRYS5823596,D,S,T,2024-06-27,1000000.00,4.538986,100.234375
08:00:33,91282CKV2,TSRYS5823596,D,S,T,2024-06-27,1000000.00,4.538986,100.234375
08:00:33,91282CKV2,TSRYS5823596,D,S,T,2024-06-27,1000000.00,4.540407,100.23046875
08:00:33,91282CKV2,TSRYS5823596,D,S,T,2024-06-27,1000000.00,4.540407,100.23046875
08:00:33,91282CKV2,TSRYS5823596,D,S,T,2024-06-27,1000000.00,4.538986,100.234375
08:00:33,91282CKV2,TSRYS5823596,D,S,T,2024-06-27,1000000.00,4.538986,100.234375
08:00:33,91282CKV2,TSRYS5823596,D,S,T,2024-06-27,1000000.00,4.538986,100.234375
08:00:33,91282CKV2,TSRYS5823596,D,S,T,2024-06-27,1000000.00,4.537565,100.23828125
08:00:33,91282CKV2,TSRYS5823596,D,S,T,2024-06-27,1000000.00,4.536855,100.240234375
08:00:33,91282CKV2,TSRYS5823596,D,S,T,2024-06-27,1000000.00,4.537565,100.23828125
08:00:33,91282CKV2,TSRYS5823596,D,S,T,2024-06-27,1000000.00,4.534724,100.24609375
08:00:33,91282CKV2,TSRYS5823596,D,S,T,2024-06-27,1000000.00,4.533303,100.25
08:00:33,91282CKV2,TSRYS5823596,D,S,T,2024-06-27,1000000.00,4.532593,100.251953125
08:00:33,91282CKV2,TSRYS5823596,D,S,T,2024-06-27,1000000.00,4.534013,100.248046875
08:00:33,91282CKV2,TSRYS5823596,D,S,T,2024-06-27,1000000.00,4.533303,100.25
08:00:33,91282CKV2,TSRYS5823596,D,S,T,2024-06-27,1000000.00,4.534724,100.24609375
08:00:33,91282CKV2,TSRYS5823596,D,S,T,2024-06-27,1000000.00,4.534724,100.24609375
08:00:33,91282CKV2,TSRYS5823596,D,S,T,2024-06-27,1000000.00,4.536144,100.2421875
08:00:33,91282CKV2,TSRYS5823596,D,S,T,2024-06-27,1000000.00,4.536144,100.2421875
08:00:33,91282CKV2,TSRYS5823596,D,S,T,2024-06-27,1000000.00,4.536144,100.2421875
08:00:33,91282CKV2,TSRYS5823596,D,S,T,2024-06-27,1000000.00,4.535434,100.244140625
08:00:33,91282CKV2,TSRYS5823596,D,S,T,2024-06-27,1000000.00,4.533303,100.25
08:00:33,91282CKV2,TSRYS5823596,D,S,T,2024-06-27,1000000.00,4.534724,100.24609375
08:00:33,91282CKV2,TSRYS5823596,D,S,T,2024-06-27,1000000.00,4.534724,100.24609375
08:00:33,91282CKV2,TSRYS5823596,D,S,T,2024-06-27,1000000.00,4.534724,100.24609375
08:00:33,91282CKV2,TSRYS5823596,D,S,T,2024-06-27,1000000.00,4.534724,100.24609375
08:00:33,91282CKV2,TSRYS5823596,D,S,T,2024-06-27,1000000.00,4.534724,100.24609375
08:00:33,91282CKV2,TSRYS5823596,D,S,T,2024-06-27,1000000.00,4.534724,100.24609375
08:00:33,91282CKV2,TSRYS5823596,D,S,T,2024-06-27,1000000.00,4.534724,100.24609375
08:00:33,91282CKV2,TSRYS5823596,D,S,T,2024-06-27,1000000.00,4.534724,100.24609375
08:00:33,91282CKV2,TSRYS5823596,D,S,T,2024-06-27,1000000.00,4.534724,100.24609375
08:00:33,91282CKV2,TSRYS5823596,D,S,T,2024-06-27,1000000.00,4.534724,100.24609375
08:00:33,91282CKV2,TSRYS5823596,D,S,T,2024-06-27,1000000.00,4.534724,100.24609375
08:00:33,91282CKV2,TSRYS5823596,D,S,T,2024-06-27,1000000.00,4.534724,100.24609375
08:00:33,91282CKV2,TSRYS5823596,D,S,T,2024-06-27,1000000.00,4.534724,100.24609375
08:00:33,91282CKV2,TSRYS5823596,D,S,T,2024-06-27,1000000.00,4.534724,100.24609375
08:00:33,91282CKV2,TSRYS5823596,D,S,T,2024-06-27,1000000.00,4.536144,100.2421875
08:00:33,91282CKV2,TSRYS5823596,D,S,T,2024-06-27,1000000.00,4.536144,100.2421875
08:00:33,91282CKV2,TSRYS5823596,D,S,T,2024-06-27,1000000.00,4.536144,100.2421875
08:00:33,91282CKV2,TSRYS5823596,D,S,T,2024-06-27,1000000.00,4.536144,100.2421875
08:00:33,91282CKV2,TSRYS5823596,D,S,T,2024-06-27,1000000.00,4.536144,100.2421875
08:00:33,91282CKV2,TSRYS5823596,D,S,T,2024-06-27,1000000.00,4.533303,100.25
08:00:33,91282CKV2,TSRYS5823596,D,S,T,2024-06-27,1000000.00,4.534724,100.24609375
08:00:33,91282CKV2,TSRYS5823596,D,S,T,2024-06-27,1000000.00,4.534724,100.24609375
08:00:33,91282CKV2,TSRYS5823596,D,S,T,2024-06-27,2000000.00,4.536144,100.2421875
08:00:33,91282CKV2,TSRYS5823596,D,S,T,2024-06-27,2000000.00,4.536144,100.2421875
08:00:33,91282CKV2,TSRYS5823596,D,S,T,2024-06-27,1000000.00,4.537565,100.23828125
08:00:33,91282CKV2,TSRYS5823596,D,S,T,2024-06-27,1000000.00,4.541118,100.228515625
08:00:33,91282CKV2,TSRYS5823596,D,S,T,2024-06-27,2000000.00,4.543249,100.22265625
08:00:33,91282CKV2,TSRYS5823596,D,S,T,2024-06-27,1000000.00,4.543249,100.22265625
08:00:33,91282CKV2,TSRYS5823596,D,S,T,2024-06-27,1000000.00,4.543249,100.22265625
08:00:33,91282CKV2,TSRYS5823596,D,S,T,2024-06-27,1000000.00,4.543249,100.22265625
08:00:33,91282CKV2,TSRYS5823596,D,S,T,2024-06-27,1000000.00,4.543249,100.22265625
08:00:33,91282CKV2,TSRYS5823596,D,S,T,2024-06-27,1000000.00,4.543249,100.22265625
08:00:33,91282CKV2,TSRYS5823596,D,S,T,2024-06-27,1000000.00,4.540407,100.23046875
08:00:33,91282CKV2,TSRYS5823596,D,S,T,2024-06-27,1000000.00,4.541828,100.2265625
08:00:33,91282CKV2,TSRYS5823596,D,S,T,2024-06-27,1000000.00,4.543249,100.22265625
08:00:33,91282CKV2,TSRYS5823596,D,S,T,2024-06-27,1000000.00,4.543249,100.22265625
08:00:33,91282CKV2,TSRYS5823596,D,S,T,2024-06-27,2000000.00,4.543249,100.22265625
08:00:33,91282CKV2,TSRYS5823596,D,S,T,2024-06-27,1000000.00,4.543249,100.22265625
08:00:33,91282CKV2,TSRYS5823596,D,S,T,2024-06-27,1000000.00,4.541828,100.2265625
08:00:33,91282CKV2,TSRYS5823596,D,S,T,2024-06-27,1000000.00,4.539697,100.232421875
08:00:33,91282CKV2,TSRYS5823596,D,S,T,2024-06-27,1000000.00,4.540407,100.23046875
08:00:33,91282CKV2,TSRYS5823596,D,S,T,2024-06-27,1000000.00,4.541828,100.2265625
08:00:33,91282CKV2,TSRYS5823596,D,S,T,2024-06-27,1000000.00,4.541828,100.2265625
08:00:33,91282CKV2,TSRYS5823596,D,S,T,2024-06-27,1000000.00,4.540407,100.23046875
08:00:33,91282CKV2,TSRYS5823596,D,S,T,2024-06-27,1000000.00,4.541828,100.2265625
08:00:33,91282CKV2,TSRYS5823596,D,S,T,2024-06-27,1000000.00,4.541828,100.2265625
08:00:33,91282CKV2,TSRYS5823596,D,S,T,2024-06-27,1000000.00,4.541828,100.2265625
08:00:33,91282CKV2,TSRYS5823596,D,S,T,2024-06-27,1000000.00,4.541828,100.2265625
08:00:33,91282CKV2,TSRYS5823596,D,S,T,2024-06-27,1000000.00,4.541828,100.2265625
08:00:33,91282CKV2,TSRYS5823596,D,S,T,2024-06-27,1000000.00,4.541828,100.2265625
08:00:33,91282CKV2,TSRYS5823596,D,S,T,2024-06-27,1000000.00,4.541828,100.2265625
08:00:33,91282CKV2,TSRYS5823596,D,S,T,2024-06-27,1000000.00,4.541828,100.2265625
08:00:33,91282CKV2,TSRYS5823596,D,S,T,2024-06-27,1000000.00,4.541828,100.2265625
08:00:33,91282CKV2,TSRYS5823596,D,S,T,2024-06-27,1000000.00,4.541828,100.2265625
08:00:33,91282CKV2,TSRYS5823596,D,S,T,2024-06-27,1000000.00,4.541828,100.2265625
08:00:33,91282CKV2,TSRYS5823596,D,S,T,2024-06-27,1000000.00,4.541828,100.2265625
08:00:33,91282CKV2,TSRYS5823596,D,S,T,2024-06-27,1000000.00,4.541828,100.2265625
08:00:33,91282CKV2,TSRYS5823596,D,S,T,2024-06-27,1000000.00,4.541828,100.2265625
08:00:33,91282CKV2,TSRYS5823596,D,S,T,2024-06-27,1000000.00,4.541828,100.2265625
08:00:33,91282CKV2,TSRYS5823596,D,S,T,2024-06-27,1000000.00,4.541828,100.2265625
08:00:33,91282CKV2,TSRYS5823596,D,S,T,2024-06-27,1000000.00,4.541828,100.2265625
08:00:33,91282CKV2,TSRYS5823596,D,S,T,2024-06-27,1000000.00,4.541828,100.2265625
08:00:33,91282CKV2,TSRYS5823596,D,S,T,2024-06-27,1000000.00,4.541828,100.2265625
08:00:33,91282CKV2,TSRYS5823596,D,S,T,2024-06-27,1000000.00,4.541828,100.2265625
08:00:33,91282CKV2,TSRYS5823596,D,S,T,2024-06-27,1000000.00,4.541828,100.2265625
08:00:33,91282CKV2,TSRYS5823596,D,S,T,2024-06-27,1000000.00,4.541828,100.2265625
08:00:33,91282CKV2,TSRYS5823596,D,S,T,2024-06-27,1000000.00,4.542539,100.224609375
08:00:33,91282CKV2,TSRYS5823596,D,S,T,2024-06-27,1000000.00,4.542539,100.224609375
08:00:33,91282CKV2,TSRYS5823596,D,S,T,2024-06-27,1000000.00,4.541828,100.2265625
08:00:33,91282CKV2,TSRYS5823596,D,S,T,2024-06-27,2000000.00,4.541828,100.2265625
08:00:33,91282CKV2,TSRYS5823596,D,S,T,2024-06-27,1000000.00,4.541828,100.2265625
08:00:33,91282CKV2,TSRYS5823596,D,S,T,2024-06-27,1000000.00,4.543249,100.22265625
08:00:33,91282CKV2,TSRYS5823596,D,S,T,2024-06-27,1000000.00,4.541828,100.2265625
08:00:33,91282CKV2,TSRYS5823596,D,S,T,2024-06-27,2000000.00,4.541828,100.2265625
08:00:33,91282CKV2,TSRYS5823596,D,S,T,2024-06-27,1000000.00,4.541828,100.2265625
08:00:33,91282CKV2,TSRYS5823596,D,S,T,2024-06-27,1000000.00,4.541828,100.2265625
08:00:33,91282CKV2,TSRYS5823596,D,S,T,2024-06-27,1000000.00,4.541828,100.2265625
08:00:33,91282CKV2,TSRYS5823596,D,S,T,2024-06-27,2000000.00,4.541828,100.2265625
08:00:33,91282CKV2,TSRYS5823596,D,S,T,2024-06-27,1000000.00,4.541828,100.2265625
08:00:33,91282CKV2,TSRYS5823596,D,S,T,2024-06-27,1000000.00,4.541828,100.2265625
08:00:33,91282CKV2,TSRYS5823596,D,S,T,2024-06-27,1000000.00,4.541828,100.2265625
08:00:33,91282CKV2,TSRYS5823596,D,S,T,2024-06-27,1000000.00,4.541828,100.2265625
08:00:33,91282CKV2,TSRYS5823596,D,S,T,2024-06-27,1000000.00,4.540407,100.23046875
08:00:33,91282CKV2,TSRYS5823596,D,S,T,2024-06-27,1000000.00,4.540407,100.23046875
08:00:33,91282CKV2,TSRYS5823596,D,S,T,2024-06-27,2000000.00,4.538986,100.234375
08:00:33,91282CKV2,TSRYS5823596,D,S,T,2024-06-27,1000000.00,4.538986,100.234375
08:00:33,91282CKV2,TSRYS5823596,D,S,T,2024-06-27,1000000.00,4.538276,100.236328125
08:00:33,91282CKV2,TSRYS5823596,D,S,T,2024-06-27,1000000.00,4.538276,100.236328125
08:00:33,91282CKV2,TSRYS5823596,D,S,T,2024-06-27,1000000.00,4.536144,100.2421875
08:00:33,91282CKV2,TSRYS5823596,D,S,T,2024-06-27,1000000.00,4.535434,100.244140625
08:00:33,91282CKV2,TSRYS5823596,D,S,T,2024-06-27,1000000.00,4.533303,100.25
08:00:33,91282CKV2,TSRYS5823596,D,S,T,2024-06-27,1000000.00,4.534013,100.248046875
08:00:33,91282CKV2,TSRYS5823596,D,S,T,2024-06-27,1000000.00,4.534013,100.248046875
08:00:33,91282CKV2,TSRYS5823596,D,S,T,2024-06-27,1000000.00,4.533303,100.25
08:00:33,91282CKV2,TSRYS5823596,D,S,T,2024-06-27,1000000.00,4.534724,100.24609375
08:00:33,91282CKV2,TSRYS5823596,D,S,T,2024-06-27,1000000.00,4.534724,100.24609375
08:00:33,91282CKV2,TSRYS5823596,D,S,T,2024-06-27,1000000.00,4.534724,100.24609375
08:00:33,91282CKV2,TSRYS5823596,D,S,T,2024-06-27,1000000.00,4.534724,100.24609375
08:00:33,91282CKV2,TSRYS5823596,D,S,T,2024-06-27,1000000.00,4.534724,100.24609375
08:00:33,91282CKV2,TSRYS5823596,D,S,T,2024-06-27,1000000.00,4.535434,100.244140625
08:00:33,91282CKV2,TSRYS5823596,D,S,T,2024-06-27,1000000.00,4.535434,100.244140625
08:00:33,91282CKV2,TSRYS5823596,D,S,T,2024-06-27,1000000.00,4.535434,100.244140625
08:00:33,91282CKV2,TSRYS5823596,D,S,T,2024-06-27,1000000.00,4.535434,100.244140625
08:00:33,91282CKV2,TSRYS5823596,D,S,T,2024-06-27,1000000.00,4.536144,100.2421875
08:00:33,91282CKV2,TSRYS5823596,D,S,T,2024-06-27,1000000.00,4.536144,100.2421875
08:00:33,91282CKV2,TSRYS5823596,D,S,T,2024-06-27,1000000.00,4.536144,100.2421875
08:00:33,91282CKV2,TSRYS5823596,D,S,T,2024-06-27,1000000.00,4.534724,100.24609375
08:00:33,91282CKV2,TSRYS5823596,D,S,T,2024-06-27,1000000.00,4.534013,100.248046875
08:00:33,91282CKV2,TSRYS5823596,D,S,T,2024-06-27,2000000.00,4.534724,100.24609375
08:00:33,91282CKV2,TSRYS5823596,D,S,T,2024-06-27,1000000.00,4.536144,100.2421875
08:00:33,91282CKV2,TSRYS5823596,D,S,T,2024-06-27,1000000.00,4.537565,100.23828125
08:00:33,91282CKV2,TSRYS5823596,D,S,T,2024-06-27,1000000.00,4.537565,100.23828125
08:00:33,91282CKV2,TSRYS5823596,D,S,T,2024-06-27,1000000.00,4.536144,100.2421875
08:00:33,91282CKV2,TSRYS5823596,D,S,T,2024-06-27,1000000.00,4.536144,100.2421875
08:00:33,91282CKV2,TSRYS5823596,D,S,T,2024-06-27,1000000.00,4.536144,100.2421875
08:00:33,91282CKV2,TSRYS5823596,D,S,T,2024-06-27,1000000.00,4.536144,100.2421875
08:00:33,91282CKV2,TSRYS5823596,D,S,T,2024-06-27,1000000.00,4.536144,100.2421875
08:00:33,91282CKV2,TSRYS5823596,D,S,T,2024-06-27,2000000.00,4.536144,100.2421875
08:00:33,91282CKV2,TSRYS5823596,D,S,T,2024-06-27,1000000.00,4.536144,100.2421875
08:00:33,91282CKV2,TSRYS5823596,D,S,T,2024-06-27,1000000.00,4.534724,100.24609375
08:00:33,91282CKV2,TSRYS5823596,D,S,T,2024-06-27,1000000.00,4.534724,100.24609375
08:00:33,91282CKV2,TSRYS5823596,D,S,T,2024-06-27,1000000.00,4.534724,100.24609375
08:00:33,91282CKV2,TSRYS5823596,D,S,T,2024-06-27,1000000.00,4.533303,100.25
08:00:33,91282CKV2,TSRYS5823596,D,S,T,2024-06-27,1000000.00,4.534013,100.248046875
08:00:33,91282CKV2,TSRYS5823596,D,S,T,2024-06-27,2000000.00,4.534013,100.248046875
08:00:33,91282CKV2,TSRYS5823596,D,S,T,2024-06-27,1000000.00,4.533303,100.25
08:00:33,91282CKV2,TSRYS5823596,D,S,T,2024-06-27,2000000.00,4.533303,100.25
08:00:33,91282CKV2,TSRYS5823596,D,S,T,2024-06-27,2000000.00,4.533303,100.25
08:00:33,91282CKV2,TSRYS5823596,D,S,T,2024-06-27,1000000.00,4.533303,100.25
08:00:33,91282CKV2,TSRYS5823596,D,S,T,2024-06-27,1000000.00,4.533303,100.25
08:00:33,91282CKV2,TSRYS5823596,D,S,T,2024-06-27,1000000.00,4.533303,100.25
08:00:33,91282CKV2,TSRYS5823596,D,S,T,2024-06-27,1000000.00,4.532593,100.251953125
08:00:33,91282CKV2,TSRYS5823596,D,S,T,2024-06-27,1000000.00,4.532593,100.251953125
08:00:33,91282CKV2,TSRYS5823596,D,S,T,2024-06-27,1000000.00,4.533303,100.25
08:00:33,91282CKV2,TSRYS5823596,D,S,T,2024-06-27,1000000.00,4.533303,100.25
08:00:33,91282CKV2,TSRYS5823596,D,S,T,2024-06-27,1000000.00,4.534013,100.248046875
08:00:33,91282CKV2,TSRYS5823596,D,S,T,2024-06-27,1000000.00,4.533303,100.25
08:00:33,91282CKV2,TSRYS5823596,D,S,T,2024-06-27,1000000.00,4.533303,100.25
08:00:33,91282CKV2,TSRYS5823596,D,S,T,2024-06-27,1000000.00,4.533303,100.25
08:00:33,91282CKV2,TSRYS5823596,D,S,T,2024-06-27,1000000.00,4.534724,100.24609375
08:00:33,91282CKV2,TSRYS5823596,D,S,T,2024-06-27,1000000.00,4.536144,100.2421875
08:00:33,91282CKV2,TSRYS5823596,D,S,T,2024-06-27,1000000.00,4.536144,100.2421875
08:00:33,91282CKV2,TSRYS5823596,D,S,T,2024-06-27,1000000.00,4.536144,100.2421875
08:00:33,91282CKV2,TSRYS5823596,D,S,T,2024-06-27,1000000.00,4.536144,100.2421875
08:00:33,91282CKV2,TSRYS5823596,D,S,T,2024-06-27,2000000.00,4.536144,100.2421875
08:00:33,91282CKV2,TSRYS5823596,D,S,T,2024-06-27,1000000.00,4.536144,100.2421875
08:00:33,91282CKV2,TSRYS5823596,D,S,T,2024-06-27,1000000.00,4.535434,100.244140625
08:00:33,91282CKV2,TSRYS5823596,D,S,T,2024-06-27,1000000.00,4.535434,100.244140625
08:00:33,91282CKV2,TSRYS5823596,D,S,T,2024-06-27,1000000.00,4.534724,100.24609375
08:00:33,91282CKV2,TSRYS5823596,D,S,T,2024-06-27,1000000.00,4.533303,100.25
08:00:33,91282CKV2,TSRYS5823596,D,S,T,2024-06-27,1000000.00,4.534724,100.24609375
08:00:33,91282CKV2,TSRYS5823596,D,S,T,2024-06-27,1000000.00,4.534724,100.24609375
08:00:33,91282CKV2,TSRYS5823596,D,S,T,2024-06-27,1000000.00,4.534724,100.24609375
08:00:33,91282CKV2,TSRYS5823596,D,S,T,2024-06-27,1000000.00,4.534724,100.24609375
08:00:33,91282CKV2,TSRYS5823596,D,S,T,2024-06-27,2000000.00,4.534724,100.24609375
08:00:33,91282CKV2,TSRYS5823596,D,S,T,2024-06-27,2000000.00,4.535434,100.244140625
08:00:33,91282CKV2,TSRYS5823596,D,S,T,2024-06-27,1000000.00,4.536144,100.2421875
08:00:33,91282CKV2,TSRYS5823596,D,S,T,2024-06-27,1000000.00,4.537565,100.23828125
08:00:33,91282CKV2,TSRYS5823596,D,S,T,2024-06-27,1000000.00,4.537565,100.23828125
08:00:33,91282CKV2,TSRYS5823596,D,S,T,2024-06-27,1000000.00,4.538986,100.234375
08:00:33,91282CKV2,TSRYS5823596,D,S,T,2024-06-27,1000000.00,4.538986,100.234375
08:00:33,91282CKV2,TSRYS5823596,D,S,T,2024-06-27,1000000.00,4.538986,100.234375
08:00:33,91282CKV2,TSRYS5823596,D,S,T,2024-06-27,1000000.00,4.538986,100.234375
08:00:33,91282CKV2,TSRYS5823596,D,S,T,2024-06-27,2000000.00,4.538986,100.234375
08:00:33,91282CKV2,TSRYS5823596,D,S,T,2024-06-27,2000000.00,4.538986,100.234375
08:00:33,91282CKV2,TSRYS5823596,D,S,T,2024-06-27,2000000.00,4.538986,100.234375
08:00:33,91282CKV2,TSRYS5823596,D,S,T,2024-06-27,1000000.00,4.538986,100.234375
08:00:33,91282CKV2,TSRYS5823596,D,S,T,2024-06-27,1000000.00,4.538986,100.234375
08:00:33,91282CKV2,TSRYS5823596,D,S,T,2024-06-27,1000000.00,4.538986,100.234375
08:00:33,91282CKV2,TSRYS5823596,D,S,T,2024-06-27,1000000.00,4.538986,100.234375
08:00:33,91282CKV2,TSRYS5823596,D,S,T,2024-06-27,1000000.00,4.538276,100.236328125
08:00:33,91282CKV2,TSRYS5823596,D,S,T,2024-06-27,1000000.00,4.538276,100.236328125
08:00:33,91282CKV2,TSRYS5823596,D,S,T,2024-06-27,1000000.00,4.537565,100.23828125
08:00:33,91282CKV2,TSRYS5823596,D,S,T,2024-06-27,1000000.00,4.538276,100.236328125
08:00:33,91282CKV2,TSRYS5823596,D,S,T,2024-06-27,1000000.00,4.538276,100.236328125
08:00:33,91282CKV2,TSRYS5823596,D,S,T,2024-06-27,1000000.00,4.538276,100.236328125
08:00:33,91282CKV2,TSRYS5823596,D,S,T,2024-06-27,1000000.00,4.539697,100.232421875
08:00:33,91282CKV2,TSRYS5823596,D,S,T,2024-06-27,1000000.00,4.540407,100.23046875
08:00:33,91282CKV2,TSRYS5823596,D,S,T,2024-06-27,1000000.00,4.540407,100.23046875
08:00:33,91282CKV2,TSRYS5823596,D,S,T,2024-06-27,1000000.00,4.540407,100.23046875
08:00:33,91282CKV2,TSRYS5823596,D,S,T,2024-06-27,1000000.00,4.537565,100.23828125
08:00:33,91282CKV2,TSRYS5823596,D,S,T,2024-06-27,1000000.00,4.536144,100.2421875
08:00:33,91282CKV2,TSRYS5823596,D,S,T,2024-06-27,1000000.00,4.536144,100.2421875
08:00:33,91282CKV2,TSRYS5823596,D,S,T,2024-06-27,1000000.00,4.536144,100.2421875
08:00:33,91282CKV2,TSRYS5823596,D,S,T,2024-06-27,2000000.00,4.536144,100.2421875
08:00:33,91282CKV2,TSRYS5823596,D,S,T,2024-06-27,2000000.00,4.536144,100.2421875
08:00:33,91282CKV2,TSRYS5823596,D,S,T,2024-06-27,1000000.00,4.536144,100.2421875
08:00:33,91282CKV2,TSRYS5823596,D,S,T,2024-06-27,1000000.00,4.536144,100.2421875
08:00:33,91282CKV2,TSRYS5823596,D,S,T,2024-06-27,1000000.00,4.536144,100.2421875
08:00:33,91282CKV2,TSRYS5823596,D,S,T,2024-06-27,2000000.00,4.536144,100.2421875
08:00:33,91282CKV2,TSRYS5823596,D,S,T,2024-06-27,1000000.00,4.536144,100.2421875
08:00:33,91282CKV2,TSRYS5823596,D,S,T,2024-06-27,1000000.00,4.536144,100.2421875
08:00:33,91282CKV2,TSRYS5823596,D,S,T,2024-06-27,1000000.00,4.536144,100.2421875
08:00:33,91282CKV2,TSRYS5823596,D,S,T,2024-06-27,1000000.00,4.536144,100.2421875
08:00:33,91282CKV2,TSRYS5823596,D,S,T,2024-06-27,1000000.00,4.536144,100.2421875
08:00:33,91282CKV2,TSRYS5823596,D,S,T,2024-06-27,1000000.00,4.536144,100.2421875
08:00:33,91282CKV2,TSRYS5823596,D,S,T,2024-06-27,2000000.00,4.536144,100.2421875
08:00:33,91282CKV2,TSRYS5823596,D,S,T,2024-06-27,1000000.00,4.536144,100.2421875
08:00:33,91282CKV2,TSRYS5823596,D,S,T,2024-06-27,1000000.00,4.536144,100.2421875
08:00:33,91282CKV2,TSRYS5823596,D,S,T,2024-06-27,1000000.00,4.536144,100.2421875
08:00:33,91282CKV2,TSRYS5823596,D,S,T,2024-06-27,1000000.00,4.536144,100.2421875
08:00:33,91282CKV2,TSRYS5823596,D,S,T,2024-06-27,1000000.00,4.536144,100.2421875
08:00:33,91282CKV2,TSRYS5823596,D,S,T,2024-06-27,1000000.00,4.536144,100.2421875
08:00:33,91282CKV2,TSRYS5823596,D,S,T,2024-06-27,1000000.00,4.536144,100.2421875
08:00:33,91282CKV2,TSRYS5823596,D,S,T,2024-06-27,1000000.00,4.534724,100.24609375
08:00:33,91282CKV2,TSRYS5823596,D,S,T,2024-06-27,2000000.00,4.534724,100.24609375
08:00:33,91282CKV2,TSRYS5823596,D,S,T,2024-06-27,1000000.00,4.534724,100.24609375
08:00:33,91282CKV2,TSRYS5823596,D,S,T,2024-06-27,1000000.00,4.534724,100.24609375
08:00:33,91282CKV2,TSRYS5823596,D,S,T,2024-06-27,1000000.00,4.534724,100.24609375
08:00:33,91282CKV2,TSRYS5823596,D,S,T,2024-06-27,1000000.00,4.533303,100.25
08:00:33,91282CKV2,TSRYS5823596,D,S,T,2024-06-27,1000000.00,4.530462,100.2578125
08:00:33,91282CKV2,TSRYS5823596,D,S,T,2024-06-27,1000000.00,4.529041,100.26171875
08:00:33,91282CKV2,TSRYS5823596,D,S,T,2024-06-27,1000000.00,4.529041,100.26171875
08:00:33,91282CKV2,TSRYS5823596,D,S,T,2024-06-27,1000000.00,4.529041,100.26171875
08:00:33,91282CKV2,TSRYS5823596,D,S,T,2024-06-27,1000000.00,4.529041,100.26171875
08:00:33,91282CKV2,TSRYS5823596,D,S,T,2024-06-27,1000000.00,4.529041,100.26171875
08:00:33,91282CKV2,TSRYS5823596,D,S,T,2024-06-27,1000000.00,4.529041,100.26171875
08:00:33,91282CKV2,TSRYS5823596,D,S,T,2024-06-27,1000000.00,4.529041,100.26171875
08:00:33,91282CKV2,TSRYS5823596,D,S,T,2024-06-27,1000000.00,4.529041,100.26171875
08:00:33,91282CKV2,TSRYS5823596,D,S,T,2024-06-27,1000000.00,4.529041,100.26171875
08:00:33,91282CKV2,TSRYS5823596,D,S,T,2024-06-27,1000000.00,4.529041,100.26171875
08:00:33,91282CKV2,TSRYS5823596,D,S,T,2024-06-27,1000000.00,4.529041,100.26171875
08:00:33,91282CKV2,TSRYS5823596,D,S,T,2024-06-27,2000000.00,4.529751,100.259765625
08:00:33,91282CKV2,TSRYS5823596,D,S,T,2024-06-27,1000000.00,4.529041,100.26171875
08:00:33,91282CKV2,TSRYS5823596,D,S,T,2024-06-27,1000000.00,4.529041,100.26171875
08:00:33,91282CKV2,TSRYS5823596,D,S,T,2024-06-27,2000000.00,4.529751,100.259765625
08:00:33,91282CKV2,TSRYS5823596,D,S,T,2024-06-27,1000000.00,4.529041,100.26171875
08:00:33,91282CKV2,TSRYS5823596,D,S,T,2024-06-27,2000000.00,4.529041,100.26171875
08:00:33,91282CKV2,TSRYS5823596,D,S,T,2024-06-27,1000000.00,4.531172,100.255859375
08:00:33,91282CKV2,TSRYS5823596,D,S,T,2024-06-27,1000000.00,4.530462,100.2578125
08:00:33,91282CKV2,TSRYS5823596,D,S,T,2024-06-27,1000000.00,4.531882,100.25390625
08:00:33,91282CKV2,TSRYS5823596,D,S,T,2024-06-27,1000000.00,4.531882,100.25390625
08:00:33,91282CKV2,TSRYS5823596,D,S,T,2024-06-27,1000000.00,4.531882,100.25390625
08:00:33,91282CKV2,TSRYS5823596,D,S,T,2024-06-27,1000000.00,4.531882,100.25390625
08:00:33,91282CKV2,TSRYS5823596,D,S,T,2024-06-27,1000000.00,4.531882,100.25390625
08:00:33,91282CKV2,TSRYS5823596,D,S,T,2024-06-27,1000000.00,4.533303,100.25
08:00:33,91282CKV2,TSRYS5823596,D,S,T,2024-06-27,1000000.00,4.533303,100.25
08:00:33,91282CKV2,TSRYS5823596,D,S,T,2024-06-27,1000000.00,4.534724,100.24609375
08:00:33,91282CKV2,TSRYS5823596,D,S,T,2024-06-27,1000000.00,4.534724,100.24609375
08:00:33,91282CKV2,TSRYS5823596,D,S,T,2024-06-27,1000000.00,4.534724,100.24609375
08:00:33,91282CKV2,TSRYS5823596,D,S,T,2024-06-27,1000000.00,4.534724,100.24609375
08:00:33,91282CKV2,TSRYS5823596,D,S,T,2024-06-27,1000000.00,4.533303,100.25
08:00:33,91282CKV2,TSRYS5823596,D,S,T,2024-06-27,1000000.00,4.533303,100.25
08:00:33,91282CKV2,TSRYS5823596,D,S,T,2024-06-27,1000000.00,4.533303,100.25
08:00:33,91282CKV2,TSRYS5823596,D,S,T,2024-06-27,1000000.00,4.534013,100.248046875
08:00:33,91282CKV2,TSRYS5823596,D,S,T,2024-06-27,1000000.00,4.533303,100.25
08:00:33,91282CKV2,TSRYS5823596,D,S,T,2024-06-27,1000000.00,4.533303,100.25
08:00:33,91282CKV2,TSRYS5823596,D,S,T,2024-06-27,1000000.00,4.533303,100.25
08:00:33,91282CKV2,TSRYS5823596,D,S,T,2024-06-27,1000000.00,4.534724,100.24609375
08:00:33,91282CKV2,TSRYS5823596,D,S,T,2024-06-27,1000000.00,4.534724,100.24609375
08:00:33,91282CKV2,TSRYS5823596,D,S,T,2024-06-27,1000000.00,4.534724,100.24609375
08:00:33,91282CKV2,TSRYS5823596,D,S,T,2024-06-27,1000000.00,4.533303,100.25
08:00:33,91282CKV2,TSRYS5823596,D,S,T,2024-06-27,1000000.00,4.531882,100.25390625
08:00:33,91282CKV2,TSRYS5823596,D,S,T,2024-06-27,1000000.00,4.531882,100.25390625
08:00:33,91282CKV2,TSRYS5823596,D,S,T,2024-06-27,6000000.00,4.532593,100.251953125
08:00:33,91282CKV2,TSRYS5823596,D,S,T,2024-06-27,1000000.00,4.531882,100.25390625
08:00:33,91282CKV2,TSRYS5823596,D,S,T,2024-06-27,1000000.00,4.531882,100.25390625
08:00:33,91282CKV2,TSRYS5823596,D,S,T,2024-06-27,1000000.00,4.531882,100.25390625
08:00:33,91282CKV2,TSRYS5823596,D,S,T,2024-06-27,1000000.00,4.531882,100.25390625
08:00:33,91282CKV2,TSRYS5823596,D,S,T,2024-06-27,2000000.00,4.533303,100.25
08:00:33,91282CKV2,TSRYS5823596,D,S,T,2024-06-27,1000000.00,4.533303,100.25
08:00:33,91282CKV2,TSRYS5823596,D,S,T,2024-06-27,1000000.00,4.531882,100.25390625
08:00:33,91282CKV2,TSRYS5823596,D,S,T,2024-06-27,1000000.00,4.530462,100.2578125
08:00:33,91282CKV2,TSRYS5823596,D,S,T,2024-06-27,1000000.00,4.530462,100.2578125
08:00:33,91282CKV2,TSRYS5823596,D,S,T,2024-06-27,1000000.00,4.530462,100.2578125
08:00:33,91282CKV2,TSRYS5823596,D,S,T,2024-06-27,1000000.00,4.529751,100.259765625
08:00:33,91282CKV2,TSRYS5823596,D,S,T,2024-06-27,1000000.00,4.531882,100.25390625
08:00:33,91282CKV2,TSRYS5823596,D,S,T,2024-06-27,1000000.00,4.531882,100.25390625
08:00:33,91282CKV2,TSRYS5823596,D,S,T,2024-06-27,1000000.00,4.531882,100.25390625
08:00:33,91282CKV2,TSRYS5823596,D,S,T,2024-06-27,1000000.00,4.531882,100.25390625
08:00:33,91282CKV2,TSRYS5823596,D,S,T,2024-06-27,2000000.00,4.531882,100.25390625
08:00:33,91282CKV2,TSRYS5823596,D,S,T,2024-06-27,2000000.00,4.531882,100.25390625
08:00:33,91282CKV2,TSRYS5823596,D,S,T,2024-06-27,1000000.00,4.531882,100.25390625
08:00:33,91282CKV2,TSRYS5823596,D,S,T,2024-06-27,1000000.00,4.531882,100.25390625
08:00:33,91282CKV2,TSRYS5823596,D,S,T,2024-06-27,1000000.00,4.531882,100.25390625
08:00:33,91282CKV2,TSRYS5823596,D,S,T,2024-06-27,3000000.00,4.531172,100.255859375
08:00:33,91282CKV2,TSRYS5823596,D,S,T,2024-06-27,1000000.00,4.531882,100.25390625
08:00:33,91282CKV2,TSRYS5823596,D,S,T,2024-06-27,1000000.00,4.531882,100.25390625
08:00:33,91282CKV2,TSRYS5823596,D,S,T,2024-06-27,1000000.00,4.531882,100.25390625
08:00:33,91282CKV2,TSRYS5823596,D,S,T,2024-06-27,1000000.00,4.531882,100.25390625
08:00:33,91282CKV2,TSRYS5823596,D,S,T,2024-06-27,1000000.00,4.531882,100.25390625
08:00:33,91282CKV2,TSRYS5823596,D,S,T,2024-06-27,1000000.00,4.531882,100.25390625
08:00:33,91282CKV2,TSRYS5823596,D,S,T,2024-06-27,1000000.00,4.531882,100.25390625
08:00:33,91282CKV2,TSRYS5823596,D,S,T,2024-06-27,2000000.00,4.531882,100.25390625
08:00:33,91282CKV2,TSRYS5823596,D,S,T,2024-06-27,1000000.00,4.531882,100.25390625
08:00:33,91282CKV2,TSRYS5823596,D,S,T,2024-06-27,2000000.00,4.532593,100.251953125
08:00:33,91282CKV2,TSRYS5823596,D,S,T,2024-06-27,2000000.00,4.532593,100.251953125
08:00:33,91282CKV2,TSRYS5823596,D,S,T,2024-06-27,2000000.00,4.532593,100.251953125
08:00:33,91282CKV2,TSRYS5823596,D,S,T,2024-06-27,1000000.00,4.533303,100.25
08:00:33,91282CKV2,TSRYS5823596,D,S,T,2024-06-27,1000000.00,4.534724,100.24609375
08:00:33,91282CKV2,TSRYS5823596,D,S,T,2024-06-27,1000000.00,4.534724,100.24609375
08:00:33,91282CKV2,TSRYS5823596,D,S,T,2024-06-27,1000000.00,4.534724,100.24609375
08:00:33,91282CKV2,TSRYS5823596,D,S,T,2024-06-27,1000000.00,4.534724,100.24609375
08:00:33,91282CKV2,TSRYS5823596,D,S,T,2024-06-27,3000000.00,4.534724,100.24609375
08:00:33,91282CKV2,TSRYS5823596,D,S,T,2024-06-27,1000000.00,4.534724,100.24609375
08:00:33,91282CKV2,TSRYS5823596,D,S,T,2024-06-27,1000000.00,4.534724,100.24609375
08:00:33,91282CKV2,TSRYS5823596,D,S,T,2024-06-27,1000000.00,4.534724,100.24609375
08:00:33,91282CKV2,TSRYS5823596,D,S,T,2024-06-27,1000000.00,4.534724,100.24609375
08:00:33,91282CKV2,TSRYS5823596,D,S,T,2024-06-27,1000000.00,4.534724,100.24609375
08:00:33,91282CKV2,TSRYS5823596,D,S,T,2024-06-27,1000000.00,4.534724,100.24609375
08:00:33,91282CKV2,TSRYS5823596,D,S,T,2024-06-27,1000000.00,4.534724,100.24609375
08:00:33,91282CKV2,TSRYS5823596,D,S,T,2024-06-27,1000000.00,4.534724,100.24609375
08:00:33,91282CKV2,TSRYS5823596,D,S,T,2024-06-27,11000000.00,4.534724,100.24609375
08:00:33,91282CKV2,TSRYS5823596,D,S,T,2024-06-27,1000000.00,4.534724,100.24609375
08:00:33,91282CKV2,TSRYS5823596,D,S,T,2024-06-27,9000000.00,4.534724,100.24609375
08:00:33,91282CKV2,TSRYS5823596,D,S,T,2024-06-27,2000000.00,4.534724,100.24609375
08:00:33,91282CKV2,TSRYS5823596,D,S,T,2024-06-27,2000000.00,4.535434,100.244140625
08:00:33,91282CKV2,TSRYS5823596,D,S,T,2024-06-27,1000000.00,4.536144,100.2421875
08:00:33,91282CKV2,TSRYS5823596,D,S,T,2024-06-27,2000000.00,4.536144,100.2421875
08:00:33,91282CKV2,TSRYS5823596,D,S,T,2024-06-27,1000000.00,4.536144,100.2421875
08:00:33,91282CKV2,TSRYS5823596,D,S,T,2024-06-27,2000000.00,4.536144,100.2421875
08:00:33,91282CKV2,TSRYS5823596,D,S,T,2024-06-27,1000000.00,4.536144,100.2421875
08:00:33,91282CKV2,TSRYS5823596,D,S,T,2024-06-27,1000000.00,4.531882,100.25390625
08:00:33,91282CKV2,TSRYS5823596,D,S,T,2024-06-27,1000000.00,4.531882,100.25390625
08:00:33,91282CKV2,TSRYS5823596,D,S,T,2024-06-27,1000000.00,4.533303,100.25
08:00:33,91282CKV2,TSRYS5823596,D,S,T,2024-06-27,1000000.00,4.533303,100.25
08:00:33,91282CKV2,TSRYS5823596,D,S,T,2024-06-27,1000000.00,4.533303,100.25
08:00:33,91282CKV2,TSRYS5823596,D,S,T,2024-06-27,1000000.00,4.533303,100.25
08:00:33,91282CKV2,TSRYS5823596,D,S,T,2024-06-27,2000000.00,4.533303,100.25
08:00:33,91282CKV2,TSRYS5823596,D,S,T,2024-06-27,1000000.00,4.534724,100.24609375
08:00:33,91282CKV2,TSRYS5823596,D,S,T,2024-06-27,2000000.00,4.534724,100.24609375
08:00:33,91282CKV2,TSRYS5823596,D,S,T,2024-06-27,1000000.00,4.536144,100.2421875
08:00:33,91282CKV2,TSRYS5823596,D,S,T,2024-06-27,1000000.00,4.536144,100.2421875
08:00:33,91282CKV2,TSRYS5823596,D,S,T,2024-06-27,1000000.00,4.536144,100.2421875
08:00:33,91282CKV2,TSRYS5823596,D,S,T,2024-06-27,1000000.00,4.536144,100.2421875
08:00:33,91282CKV2,TSRYS5823596,D,S,T,2024-06-27,1000000.00,4.536144,100.2421875
08:00:33,91282CKV2,TSRYS5823596,D,S,T,2024-06-27,1000000.00,4.536144,100.2421875
08:00:33,91282CKV2,TSRYS5823596,D,S,T,2024-06-27,1000000.00,4.536144,100.2421875
08:00:33,91282CKV2,TSRYS5823596,D,S,T,2024-06-27,1000000.00,4.536144,100.2421875
08:00:33,91282CKV2,TSRYS5823596,D,S,T,2024-06-27,1000000.00,4.536144,100.2421875
08:00:33,91282CKV2,TSRYS5823596,D,S,T,2024-06-27,1000000.00,4.536144,100.2421875
08:00:33,91282CKV2,TSRYS5823596,D,S,T,2024-06-27,1000000.00,4.534724,100.24609375
08:00:33,91282CKV2,TSRYS5823596,D,S,T,2024-06-27,1000000.00,4.536144,100.2421875
08:00:33,91282CKV2,TSRYS5823596,D,S,T,2024-06-27,3000000.00,4.537565,100.23828125
08:00:33,91282CKV2,TSRYS5823596,D,S,T,2024-06-27,1000000.00,4.537565,100.23828125
08:00:33,91282CKV2,TSRYS5823596,D,S,T,2024-06-27,3000000.00,4.537565,100.23828125
08:00:33,91282CKV2,TSRYS5823596,D,S,T,2024-06-27,3000000.00,4.537565,100.23828125
08:00:33,91282CKV2,TSRYS5823596,D,S,T,2024-06-27,2000000.00,4.537565,100.23828125
08:00:33,91282CKV2,TSRYS5823596,D,S,T,2024-06-27,2000000.00,4.537565,100.23828125
08:00:33,91282CKV2,TSRYS5823596,D,S,T,2024-06-27,1000000.00,4.537565,100.23828125
08:00:33,91282CKV2,TSRYS5823596,D,S,T,2024-06-27,1000000.00,4.537565,100.23828125
08:00:33,91282CKV2,TSRYS5823596,D,S,T,2024-06-27,1000000.00,4.537565,100.23828125
08:00:33,91282CKV2,TSRYS5823596,D,S,T,2024-06-27,1000000.00,4.537565,100.23828125
08:00:33,91282CKV2,TSRYS5823596,D,S,T,2024-06-27,1000000.00,4.537565,100.23828125
08:00:33,91282CKV2,TSRYS5823596,D,S,T,2024-06-27,1000000.00,4.537565,100.23828125
08:00:33,91282CKV2,TSRYS5823596,D,S,T,2024-06-27,1000000.00,4.537565,100.23828125
08:00:33,91282CKV2,TSRYS5823596,D,S,T,2024-06-27,1000000.00,4.537565,100.23828125
08:00:33,91282CKV2,TSRYS5823596,D,S,T,2024-06-27,1000000.00,4.537565,100.23828125
08:00:33,91282CKV2,TSRYS5823596,D,S,T,2024-06-27,1000000.00,4.537565,100.23828125
08:00:33,91282CKV2,TSRYS5823596,D,S,T,2024-06-27,1000000.00,4.537565,100.23828125
08:00:33,91282CKV2,TSRYS5823596,D,S,T,2024-06-27,2000000.00,4.537565,100.23828125
08:00:33,91282CKV2,TSRYS5823596,D,S,T,2024-06-27,3000000.00,4.537565,100.23828125
08:00:33,91282CKV2,TSRYS5823596,D,S,T,2024-06-27,1000000.00,4.537565,100.23828125
08:00:33,91282CKV2,TSRYS5823596,D,S,T,2024-06-27,1000000.00,4.537565,100.23828125
08:00:33,91282CKV2,TSRYS5823596,D,S,T,2024-06-27,1000000.00,4.534724,100.24609375
08:00:33,91282CKV2,TSRYS5823596,D,S,T,2024-06-27,1000000.00,4.534724,100.24609375
08:00:33,91282CKV2,TSRYS5823596,D,S,T,2024-06-27,1000000.00,4.537565,100.23828125
08:00:33,91282CKV2,TSRYS5823596,D,S,T,2024-06-27,1000000.00,4.537565,100.23828125
08:00:33,91282CKV2,TSRYS5823596,D,S,T,2024-06-27,1000000.00,4.537565,100.23828125
08:00:33,91282CKV2,TSRYS5823596,D,S,T,2024-06-27,3000000.00,4.537565,100.23828125
08:00:33,91282CKV2,TSRYS5823596,D,S,T,2024-06-27,1000000.00,4.537565,100.23828125
08:00:33,91282CKV2,TSRYS5823596,D,S,T,2024-06-27,1000000.00,4.537565,100.23828125
08:00:33,91282CKV2,TSRYS5823596,D,S,T,2024-06-27,3000000.00,4.537565,100.23828125
08:00:33,91282CKV2,TSRYS5823596,D,S,T,2024-06-27,1000000.00,4.537565,100.23828125
08:00:33,91282CKV2,TSRYS5823596,D,S,T,2024-06-27,1000000.00,4.537565,100.23828125
08:00:33,91282CKV2,TSRYS5823596,D,S,T,2024-06-27,1000000.00,4.537565,100.23828125
08:00:33,91282CKV2,TSRYS5823596,D,S,T,2024-06-27,1000000.00,4.537565,100.23828125
08:00:33,91282CKV2,TSRYS5823596,D,S,T,2024-06-27,3000000.00,4.537565,100.23828125
08:00:33,91282CKV2,TSRYS5823596,D,S,T,2024-06-27,1000000.00,4.537565,100.23828125
08:00:33,91282CKV2,TSRYS5823596,D,S,T,2024-06-27,1000000.00,4.537565,100.23828125
08:00:33,91282CKV2,TSRYS5823596,D,S,T,2024-06-27,1000000.00,4.537565,100.23828125
08:00:33,91282CKV2,TSRYS5823596,D,S,T,2024-06-27,2000000.00,4.537565,100.23828125
08:00:33,91282CKV2,TSRYS5823596,D,S,T,2024-06-27,2000000.00,4.537565,100.23828125
08:00:33,91282CKV2,TSRYS5823596,D,S,T,2024-06-27,2000000.00,4.537565,100.23828125
08:00:33,91282CKV2,TSRYS5823596,D,S,T,2024-06-27,2000000.00,4.537565,100.23828125
08:00:33,91282CKV2,TSRYS5823596,D,S,T,2024-06-27,1000000.00,4.537565,100.23828125
08:00:33,91282CKV2,TSRYS5823596,D,S,T,2024-06-27,3000000.00,4.538986,100.234375
08:00:33,91282CKV2,TSRYS5823596,D,S,T,2024-06-27,1000000.00,4.538986,100.234375
08:00:33,91282CKV2,TSRYS5823596,D,S,T,2024-06-27,1000000.00,4.538986,100.234375
08:00:33,91282CKV2,TSRYS5823596,D,S,T,2024-06-27,2000000.00,4.538986,100.234375
08:00:33,91282CKV2,TSRYS5823596,D,S,T,2024-06-27,1000000.00,4.538986,100.234375
08:00:33,91282CKV2,TSRYS5823596,D,S,T,2024-06-27,1000000.00,4.538986,100.234375
08:00:33,91282CKV2,TSRYS5823596,D,S,T,2024-06-27,1000000.00,4.538986,100.234375
08:00:33,91282CKV2,TSRYS5823596,D,S,T,2024-06-27,3000000.00,4.538986,100.234375
08:00:33,91282CKV2,TSRYS5823596,D,S,T,2024-06-27,3000000.00,4.538986,100.234375
08:00:33,91282CKV2,TSRYS5823596,D,S,T,2024-06-27,1000000.00,4.538986,100.234375
08:00:33,91282CKV2,TSRYS5823596,D,S,T,2024-06-27,1000000.00,4.541828,100.2265625
08:00:33,91282CKV2,TSRYS5823596,D,S,T,2024-06-27,3000000.00,4.541828,100.2265625
08:00:33,91282CKV2,TSRYS5823596,D,S,T,2024-06-27,1000000.00,4.541828,100.2265625
08:00:33,91282CKV2,TSRYS5823596,D,S,T,2024-06-27,3000000.00,4.541828,100.2265625
08:00:33,91282CKV2,TSRYS5823596,D,S,T,2024-06-27,1000000.00,4.541828,100.2265625
08:00:33,91282CKV2,TSRYS5823596,D,S,T,2024-06-27,3000000.00,4.541828,100.2265625
08:00:33,91282CKV2,TSRYS5823596,D,S,T,2024-06-27,1000000.00,4.543249,100.22265625
08:00:33,91282CKV2,TSRYS5823596,D,S,T,2024-06-27,1000000.00,4.539697,100.232421875
08:00:33,91282CKV2,TSRYS5823596,D,S,T,2024-06-27,1000000.00,4.541828,100.2265625
08:00:33,91282CKV2,TSRYS5823596,D,S,T,2024-06-27,1000000.00,4.541828,100.2265625
08:00:33,91282CKV2,TSRYS5823596,D,S,T,2024-06-27,2000000.00,4.543249,100.22265625
08:00:33,91282CKV2,TSRYS5823596,D,S,T,2024-06-27,1000000.00,4.543249,100.22265625
08:00:33,91282CKV2,TSRYS5823596,D,S,T,2024-06-27,1000000.00,4.543249,100.22265625
08:00:33,91282CKV2,TSRYS5823596,D,S,T,2024-06-27,1000000.00,4.543249,100.22265625
08:00:33,91282CKV2,TSRYS5823596,D,S,T,2024-06-27,1000000.00,4.543249,100.22265625
08:00:33,91282CKV2,TSRYS5823596,D,S,T,2024-06-27,1000000.00,4.543249,100.22265625
08:00:33,91282CKV2,TSRYS5823596,D,S,T,2024-06-27,1000000.00,4.543249,100.22265625
08:00:33,91282CKV2,TSRYS5823596,D,S,T,2024-06-27,1000000.00,4.543249,100.22265625
08:00:33,91282CKV2,TSRYS5823596,D,S,T,2024-06-27,1000000.00,4.543249,100.22265625
08:00:33,91282CKV2,TSRYS5823596,D,S,T,2024-06-27,1000000.00,4.543249,100.22265625
08:00:33,91282CKV2,TSRYS5823596,D,S,T,2024-06-27,1000000.00,4.543249,100.22265625
08:00:33,91282CKV2,TSRYS5823596,D,S,T,2024-06-27,1000000.00,4.543249,100.22265625
08:00:33,91282CKV2,TSRYS5823596,D,S,T,2024-06-27,1000000.00,4.543249,100.22265625
08:00:33,91282CKV2,TSRYS5823596,D,S,T,2024-06-27,1000000.00,4.543249,100.22265625
08:00:33,91282CKV2,TSRYS5823596,D,S,T,2024-06-27,1000000.00,4.538986,100.234375
08:00:33,91282CKV2,TSRYS5823596,D,S,T,2024-06-27,1000000.00,4.538986,100.234375
08:00:33,91282CKV2,TSRYS5823596,D,S,T,2024-06-27,1000000.00,4.538986,100.234375
08:00:33,91282CKV2,TSRYS5823596,D,S,T,2024-06-27,1000000.00,4.538986,100.234375
08:00:33,91282CKV2,TSRYS5823596,D,S,T,2024-06-27,2000000.00,4.538276,100.236328125
08:00:33,91282CKV2,TSRYS5823596,D,S,T,2024-06-27,1000000.00,4.538986,100.234375
08:00:33,91282CKV2,TSRYS5823596,D,S,T,2024-06-27,1000000.00,4.538986,100.234375
08:00:33,91282CKV2,TSRYS5823596,D,S,T,2024-06-27,1000000.00,4.538986,100.234375
08:00:33,91282CKV2,TSRYS5823596,D,S,T,2024-06-27,1000000.00,4.539697,100.232421875
08:00:33,91282CKV2,TSRYS5823596,D,S,T,2024-06-27,2000000.00,4.538986,100.234375
08:00:33,91282CKV2,TSRYS5823596,D,S,T,2024-06-27,1000000.00,4.538986,100.234375
08:00:33,91282CKV2,TSRYS5823596,D,S,T,2024-06-27,1000000.00,4.540407,100.23046875
08:00:33,91282CKV2,TSRYS5823596,D,S,T,2024-06-27,1000000.00,4.537565,100.23828125
08:00:33,91282CKV2,TSRYS5823596,D,S,D,2024-06-27,2000000.00,4.537565,100.23828125
08:00:33,91282CKV2,TSRYS5823596,D,S,D,2024-06-27,1000000.00,4.539697,100.232421875
08:00:33,91282CKV2,TSRYS5823596,D,S,D,2024-06-27,1000000.00,4.539697,100.232421875
08:00:33,91282CKV2,TSRYS5823596,D,S,D,2024-06-27,2000000.00,4.538986,100.234375
08:00:33,91282CKV2,TSRYS5823596,D,S,D,2024-06-27,1000000.00,4.542539,100.224609375
08:00:33,91282CKV2,TSRYS5823596,D,S,D,2024-06-27,2000000.00,4.534724,100.24609375
08:00:33,91282CKV2,TSRYS5823596,D,S,D,2024-06-27,1000000.00,4.534724,100.24609375
08:00:33,91282CKV2,TSRYS5823596,D,S,D,2024-06-27,1000000.00,4.536144,100.2421875
08:00:33,91282CKV2,TSRYS5823596,D,S,D,2024-06-27,2000000.00,4.535434,100.244140625
08:00:33,91282CKV2,TSRYS5823596,D,S,D,2024-06-27,2000000.00,4.534013,100.248046875
08:00:33,91282CKV2,TSRYS5823596,D,S,D,2024-06-27,1000000.00,4.538986,100.234375
08:00:33,91282CKV2,TSRYS5823596,D,S,D,2024-06-27,1000000.00,4.538276,100.236328125
08:00:33,91282CKV2,TSRYS5823596,D,S,D,2024-06-27,1000000.00,4.538986,100.234375
08:00:33,91282CKV2,TSRYS5823596,D,S,D,2024-06-27,1000000.00,4.539697,100.232421875
08:00:33,91282CKV2,TSRYS5823596,D,S,D,2024-06-27,1000000.00,4.539697,100.232421875
08:00:33,91282CKV2,TSRYS5823596,D,S,D,2024-06-27,1000000.00,4.540407,100.23046875
08:00:33,91282CKV2,TSRYS5823596,D,S,D,2024-06-27,2000000.00,4.535434,100.244140625
08:00:33,91282CKV2,TSRYS5823596,D,S,D,2024-06-27,2000000.00,4.535434,100.244140625
08:00:33,91282CKV2,TSRYS5823596,D,S,D,2024-06-27,2000000.00,4.534013,100.248046875
08:00:33,91282CKV2,TSRYS5823596,D,S,D,2024-06-27,2000000.00,4.538276,100.236328125
08:00:33,91282CKV2,TSRYS5823596,D,S,D,2024-06-27,2000000.00,4.538276,100.236328125
08:00:33,91282CKV2,TSRYS5823596,D,S,D,2024-06-27,1000000.00,4.538276,100.236328125
08:00:33,91282CKV2,TSRYS5823596,D,S,D,2024-06-27,2000000.00,4.538276,100.236328125
08:00:33,91282CKV2,TSRYS5823596,D,S,D,2024-06-27,2000000.00,4.535434,100.244140625
08:00:33,91282CKV2,TSRYS5823596,D,S,D,2024-06-27,2000000.00,4.534724,100.24609375
08:00:33,91282CKV2,TSRYS5823596,D,S,D,2024-06-27,2000000.00,4.534724,100.24609375
08:00:33,91282CKV2,TSRYS5823596,D,S,D,2024-06-27,2000000.00,4.532593,100.251953125
08:00:33,91282CKV2,TSRYS5823596,D,S,D,2024-06-27,1000000.00,4.532593,100.251953125
08:00:33,91282CKV2,TSRYS5823596,D,S,D,2024-06-27,2000000.00,4.538276,100.236328125
08:00:33,91282CKV2,TSRYS5823596,D,S,D,2024-06-27,2000000.00,4.538276,100.236328125
08:00:33,91282CKV2,TSRYS5823596,D,S,D,2024-06-27,2000000.00,4.538276,100.236328125
08:00:33,91282CKV2,TSRYS5823596,D,S,D,2024-06-27,2000000.00,4.535434,100.244140625
08:00:33,91282CKV2,TSRYS5823596,D,S,D,2024-06-27,1000000.00,4.533303,100.25
08:00:33,91282CKV2,TSRYS5823596,D,S,D,2024-06-27,2000000.00,4.539697,100.232421875
08:00:33,91282CKV2,TSRYS5823596,D,S,D,2024-06-27,1000000.00,4.539697,100.232421875
08:00:33,91282CKV2,TSRYS5823596,D,S,D,2024-06-27,2000000.00,4.539697,100.232421875
08:00:33,91282CKV2,TSRYS5823596,D,S,D,2024-06-27,4000000.00,4.539697,100.232421875
08:00:33,91282CKV2,TSRYS5823596,D,S,T,2024-06-27,1000000.00,4.540407,100.23046875
08:00:33,91282CKV2,TSRYS5823596,D,S,T,2024-06-27,1000000.00,4.537565,100.23828125
08:00:33,91282CKV2,TSRYS5823596,D,S,T,2024-06-27,1000000.00,4.535434,100.244140625
08:00:33,91282CKV2,TSRYS5823596,D,S,T,2024-06-27,1000000.00,4.535434,100.244140625
08:00:33,91282CKV2,TSRYS5823596,D,S,T,2024-06-27,1000000.00,4.535434,100.244140625
08:00:33,91282CKV2,TSRYS5823596,D,S,T,2024-06-27,1000000.00,4.543249,100.22265625
08:00:33,91282CKV2,TSRYS5823596,D,S,T,2024-06-27,1000000.00,4.541828,100.2265625
08:00:33,91282CKV2,TSRYS5823596,D,S,T,2024-06-27,2000000.00,4.541828,100.2265625
08:00:33,91282CKV2,TSRYS5823596,D,S,T,2024-06-27,2000000.00,4.541828,100.2265625
08:00:33,91282CKV2,TSRYS5823596,D,S,T,2024-06-27,2000000.00,4.541828,100.2265625
08:00:33,91282CKV2,TSRYS5823596,D,S,T,2024-06-27,2000000.00,4.541828,100.2265625
08:00:34,91282CKV2,TSRYS5823596,D,S,T,2024-06-27,2000000.00,4.534724,100.24609375
08:00:34,91282CKV2,TSRYS5823596,D,S,T,2024-06-27,1000000.00,4.535434,100.244140625
08:00:34,91282CKV2,TSRYS5823596,D,S,T,2024-06-27,1000000.00,4.536144,100.2421875
08:00:34,91282CKV2,TSRYS5823596,D,S,T,2024-06-27,2000000.00,4.536144,100.2421875
08:00:34,91282CKV2,TSRYS5823596,D,S,T,2024-06-27,2000000.00,4.536144,100.2421875
08:00:34,91282CKV2,TSRYS5823596,D,S,T,2024-06-27,2000000.00,4.534013,100.248046875
08:00:34,91282CKV2,TSRYS5823596,D,S,T,2024-06-27,1000000.00,4.534013,100.248046875
08:00:34,91282CKV2,TSRYS5823596,D,S,T,2024-06-27,2000000.00,4.538276,100.236328125
08:00:34,91282CKV2,TSRYS5823596,D,S,T,2024-06-27,2000000.00,4.538276,100.236328125
08:00:34,91282CKV2,TSRYS5823596,D,S,T,2024-06-27,2000000.00,4.529751,100.259765625
08:00:34,91282CKV2,TSRYS5823596,D,S,T,2024-06-27,2000000.00,4.529041,100.26171875
08:00:34,91282CKV2,TSRYS5823596,D,S,T,2024-06-27,2000000.00,4.531882,100.25390625
08:00:34,91282CKV2,TSRYS5823596,D,S,T,2024-06-27,2000000.00,4.531882,100.25390625
08:00:34,91282CKV2,TSRYS5823596,D,S,T,2024-06-27,2000000.00,4.534724,100.24609375
08:00:34,91282CKV2,TSRYS5823596,D,S,T,2024-06-27,1000000.00,4.532593,100.251953125
08:00:34,91282CKV2,TSRYS5823596,D,S,T,2024-06-27,1000000.00,4.532593,100.251953125
08:00:34,91282CKV2,TSRYS5823596,D,S,T,2024-06-27,1000000.00,4.533303,100.25
08:00:34,91282CKV2,TSRYS5823596,D,S,D,2024-06-27,1000000.00,4.533303,100.25
08:00:34,91282CKV2,TSRYS5823596,D,S,D,2024-06-27,2000000.00,4.533303,100.25
08:00:34,91282CKV2,TSRYS5823596,D,S,T,2024-06-27,2000000.00,4.534013,100.248046875
08:00:34,91282CKV2,TSRYS5823596,D,S,T,2024-06-27,2000000.00,4.534013,100.248046875
08:00:34,91282CKV2,TSRYS5823596,D,S,T,2024-06-27,2000000.00,4.535434,100.244140625
08:00:34,91282CKV2,TSRYS5823596,D,S,T,2024-06-27,2000000.00,4.535434,100.244140625
08:00:34,91282CKV2,TSRYS5823596,D,S,T,2024-06-27,3000000.00,4.541828,100.2265625
08:00:34,91282CKV2,TSRYS5823596,D,S,T,2024-06-27,2000000.00,4.541828,100.2265625
08:00:34,91282CKV2,TSRYS5823596,D,S,T,2024-06-27,3000000.00,4.541828,100.2265625
08:00:34,91282CKV2,TSRYS5823596,D,S,T,2024-06-27,2000000.00,4.541828,100.2265625
08:00:34,91282CKV2,TSRYS5823596,D,S,T,2024-06-27,3000000.00,4.541828,100.2265625
08:00:34,91282CKV2,TSRYS5823596,D,S,T,2024-06-27,3000000.00,4.541828,100.2265625
08:00:34,91282CKV2,TSRYS5823596,D,S,T,2024-06-27,2000000.00,4.538276,100.236328125
08:00:34,91282CKV2,TSRYS5823596,D,S,D,2024-06-27,2000000.00,4.538986,100.234375
08:00:34,91282CKV2,TSRYS5823596,D,B,A,2024-06-27,200000.00,4.54325,100.222656
08:00:34,91282CKV2,TSRYS5823596,D,B,A,2024-06-27,400000.00,4.54325,100.222656
08:00:34,91282CKV2,TSRYS5823596,D,B,A,2024-06-27,2964600.00,4.537565,100.23828125
08:00:34,91282CKV2,TSRYS5823596,D,S,T,2024-06-27,1000000.00,4.537565,100.23828125
08:00:34,91282CKV2,TSRYS5823596,D,S,A,2024-06-27,7000000.00,4.538986,100.234375
08:00:34,91282CKV2,TSRYS5823596,D,S,D,2024-06-27,1000000.00,4.538986,100.234375
08:00:34,91282CKV2,TSRYS5823596,D,S,T,2024-06-27,1000000.00,4.534724,100.24609375
08:00:34,91282CKV2,TSRYS5823596,D,S,T,2024-06-27,1000000.00,4.534724,100.24609375
08:00:34,91282CKV2,TSRYS5823596,D,S,T,2024-06-27,1000000.00,4.534724,100.24609375
08:00:34,91282CKV2,TSRYS5823596,D,S,T,2024-06-27,1000000.00,4.534724,100.24609375
08:00:34,91282CKV2,TSRYS5823596,D,S,T,2024-06-27,1000000.00,4.534724,100.24609375
08:00:34,91282CKV2,TSRYS5823596,D,S,T,2024-06-27,1000000.00,4.534724,100.24609375
08:00:34,91282CKV2,TSRYS5823596,D,S,T,2024-06-27,1000000.00,4.534724,100.24609375
08:00:34,91282CKV2,TSRYS5823596,D,S,T,2024-06-27,1000000.00,4.534724,100.24609375
08:00:34,91282CKV2,TSRYS5823596,D,S,T,2024-06-27,1000000.00,4.534724,100.24609375
08:00:34,91282CKV2,TSRYS5823596,D,S,T,2024-06-27,1000000.00,4.533303,100.25
08:00:34,91282CKV2,TSRYS5823596,D,B,A,2024-06-27,3000000.00,4.536144,100.2421875
08:00:34,91282CKV2,TSRYS5823596,D,B,A,2024-06-27,4000000.00,4.536144,100.2421875
08:00:34,91282CKV2,TSRYS5823596,D,S,T,2024-06-27,4000000.00,4.536144,100.2421875
08:00:34,91282CKV2,TSRYS5823596,D,S,T,2024-06-27,1000000.00,4.536144,100.2421875
08:00:34,91282CKV2,TSRYS5823596,D,B,A,2024-06-27,1000000.00,4.536144,100.2421875
08:00:34,91282CKV2,TSRYS5823596,D,B,A,2024-06-27,3000000.00,4.536144,100.2421875
08:00:34,91282CKV2,TSRYS5823596,D,B,A,2024-06-27,3000000.00,4.536144,100.2421875
08:00:34,91282CKV2,TSRYS5823596,D,S,T,2024-06-27,3000000.00,4.536144,100.2421875
08:00:34,91282CKV2,TSRYS5823596,D,S,T,2024-06-27,4000000.00,4.536144,100.2421875
08:00:34,91282CKV2,TSRYS5823596,D,B,A,2024-06-27,4000000.00,4.536144,100.2421875
08:00:34,91282CKV2,TSRYS5823596,D,S,T,2024-06-27,3000000.00,4.536144,100.2421875
08:00:34,91282CKV2,TSRYS5823596,D,B,A,2024-06-27,2000000.00,4.536144,100.2421875
08:00:34,91282CKV2,TSRYS5823596,D,S,T,2024-06-27,5000000.00,4.536144,100.2421875
08:00:34,91282CKV2,TSRYS5823596,D,S,T,2024-06-27,2000000.00,4.536144,100.2421875
08:00:34,91282CKV2,TSRYS5823596,D,B,A,2024-06-27,5000000.00,4.536144,100.2421875
08:00:34,91282CKV2,TSRYS5823596,D,B,A,2024-06-27,1000000.00,4.536144,100.2421875
08:00:34,91282CKV2,TSRYS5823596,D,S,T,2024-06-27,1000000.00,4.536144,100.2421875
08:00:34,91282CKV2,TSRYS5823596,D,B,A,2024-06-27,1000000.00,4.536144,100.2421875
08:00:34,91282CKV2,TSRYS5823596,D,B,A,2024-06-27,1000000.00,4.536144,100.2421875
08:00:34,91282CKV2,TSRYS5823596,D,B,A,2024-06-27,6000000.00,4.536144,100.2421875
08:00:34,91282CKV2,TSRYS5823596,D,B,A,2024-06-27,8000000.00,4.536144,100.2421875
08:00:34,91282CKV2,TSRYS5823596,D,S,T,2024-06-27,1000000.00,4.536144,100.2421875
08:00:34,91282CKV2,TSRYS5823596,D,S,T,2024-06-27,1000000.00,4.536144,100.2421875
08:00:34,91282CKV2,TSRYS5823596,D,B,A,2024-06-27,1000000.00,4.536144,100.2421875
08:00:34,91282CKV2,TSRYS5823596,D,B,A,2024-06-27,1000000.00,4.536144,100.2421875
08:00:34,91282CKV2,TSRYS5823596,D,B,A,2024-06-27,1000000.00,4.536144,100.2421875
08:00:34,91282CKV2,TSRYS5823596,D,B,A,2024-06-27,1000000.00,4.536144,100.2421875
08:00:34,91282CKV2,TSRYS5823596,D,S,T,2024-06-27,1000000.00,4.536144,100.2421875
08:00:34,91282CKV2,TSRYS5823596,D,S,T,2024-06-27,1000000.00,4.536144,100.2421875
08:00:34,91282CKV2,TSRYS5823596,D,S,T,2024-06-27,1000000.00,4.536144,100.2421875
08:00:34,91282CKV2,TSRYS5823596,D,B,A,2024-06-27,1000000.00,4.536144,100.2421875
08:00:34,91282CKV2,TSRYS5823596,D,S,T,2024-06-27,1000000.00,4.536144,100.2421875
08:00:34,91282CKV2,TSRYS5823596,D,S,T,2024-06-27,1000000.00,4.536144,100.2421875
08:00:34,91282CKV2,TSRYS5823596,D,S,T,2024-06-27,6000000.00,4.536144,100.2421875
08:00:34,91282CKV2,TSRYS5823596,D,B,A,2024-06-27,1000000.00,4.536144,100.2421875
08:00:34,91282CKV2,TSRYS5823596,D,S,T,2024-06-27,1000000.00,4.536144,100.2421875
08:00:34,91282CKV2,TSRYS5823596,D,S,T,2024-06-27,8000000.00,4.536144,100.2421875
08:00:34,91282CKV2,TSRYS5823596,D,B,A,2024-06-27,1000000.00,4.536144,100.2421875
08:00:34,91282CKV2,TSRYS5823596,D,B,A,2024-06-27,1000000.00,4.536144,100.2421875
08:00:34,91282CKV2,TSRYS5823596,D,B,A,2024-06-27,2000000.00,4.534724,100.24609375
08:00:34,91282CKV2,TSRYS5823596,D,B,C,2024-06-27,37900000.00,4.540407,100.23046875
08:00:34,91282CKV2,TSRYS5823596,D,B,C,2024-06-27,28100000.00,4.542539,100.224609375
08:00:34,91282CKV2,TSRYS5823596,D,B,C,2024-06-27,5400000.00,4.541828,100.2265625
08:00:34,91282CKV2,TSRYS5823596,D,S,A,2024-06-27,1000000.00,4.541828,100.2265625
08:00:34,91282CKV2,TSRYS5823596,D,S,D,2024-06-27,96000000.00,4.541273,100.22809
08:00:34,91282CKV2,TSRYS5823596,D,B,C,2024-06-27,5900000.00,4.534013,100.248046875
08:00:34,91282CKV2,TSRYS5823596,D,S,A,2024-06-27,50000000.00,4.536144,100.2421875
08:00:34,91282CKV2,TSRYS5823596,D,B,A,2024-06-27,50000000.00,4.538986,100.234375
08:00:37,91282CKV2,TSRYS5823596,D,B,C,2024-06-27,25000000.00,4.531882,100.25390625
08:00:37,91282CKV2,TSRYS5823596,D,B,C,2024-06-27,4400000.00,4.530462,100.2578125
08:00:37,91282CKV2,TSRYS5823596,D,S,T,2024-06-27,1000000.00,4.533303,100.25
08:00:37,91282CKV2,TSRYS5823596,D,S,T,2024-06-27,1000000.00,4.531882,100.25390625
08:00:37,91282CKV2,TSRYS5823596,D,S,T,2024-06-27,3000000.00,4.532593,100.251953125
08:00:37,91282CKV2,TSRYS5823596,D,S,T,2024-06-27,1000000.00,4.532593,100.251953125
08:00:37,91282CKV2,TSRYS5823596,D,S,T,2024-06-27,1000000.00,4.532593,100.251953125
08:00:37,91282CKV2,TSRYS5823596,D,S,T,2024-06-27,1000000.00,4.533303,100.25
08:00:37,91282CKV2,TSRYS5823596,D,S,T,2024-06-27,2000000.00,4.532593,100.251953125
08:00:37,91282CKV2,TSRYS5823596,D,S,T,2024-06-27,2000000.00,4.532593,100.251953125
08:00:37,91282CKV2,TSRYS5823596,D,S,T,2024-06-27,2000000.00,4.532593,100.251953125
08:00:37,91282CKV2,TSRYS5823596,D,S,T,2024-06-27,2000000.00,4.533303,100.25
08:00:37,91282CKV2,TSRYS5823596,D,S,T,2024-06-27,2000000.00,4.533303,100.25
08:00:37,91282CKV2,TSRYS5823596,D,S,T,2024-06-27,2000000.00,4.533303,100.25
08:00:37,91282CKV2,TSRYS5823596,D,S,T,2024-06-27,2000000.00,4.533303,100.25
08:00:37,91282CKV2,TSRYS5823596,D,S,T,2024-06-27,1000000.00,4.533303,100.25
08:00:37,91282CKV2,TSRYS5823596,D,S,T,2024-06-27,2000000.00,4.533303,100.25
08:00:37,91282CKV2,TSRYS5823596,D,S,T,2024-06-27,1000000.00,4.533303,100.25
08:00:37,91282CKV2,TSRYS5823596,D,S,T,2024-06-27,2000000.00,4.533303,100.25
08:00:37,91282CKV2,TSRYS5823596,D,S,T,2024-06-27,3000000.00,4.533303,100.25
08:00:37,91282CKV2,TSRYS5823596,D,S,T,2024-06-27,1000000.00,4.533303,100.25
08:00:37,91282CKV2,TSRYS5823596,D,S,T,2024-06-27,1000000.00,4.533303,100.25
08:00:37,91282CKV2,TSRYS5823596,D,S,T,2024-06-27,2000000.00,4.533303,100.25
08:00:37,91282CKV2,TSRYS5823596,D,S,T,2024-06-27,1000000.00,4.533303,100.25
08:00:37,91282CKV2,TSRYS5823596,D,S,T,2024-06-27,1000000.00,4.533303,100.25
08:00:37,91282CKV2,TSRYS5823596,D,S,T,2024-06-27,1000000.00,4.533303,100.25
08:00:37,91282CKV2,TSRYS5823596,D,S,T,2024-06-27,1000000.00,4.533303,100.25
08:00:37,91282CKV2,TSRYS5823596,D,S,T,2024-06-27,1000000.00,4.533303,100.25
08:00:37,91282CKV2,TSRYS5823596,D,S,T,2024-06-27,1000000.00,4.533303,100.25
08:00:37,91282CKV2,TSRYS5823596,D,S,T,2024-06-27,1000000.00,4.533303,100.25
08:00:37,91282CKV2,TSRYS5823596,D,S,T,2024-06-27,1000000.00,4.533303,100.25
08:00:37,91282CKV2,TSRYS5823596,D,S,T,2024-06-27,1000000.00,4.533303,100.25
08:00:37,91282CKV2,TSRYS5823596,D,S,T,2024-06-27,1000000.00,4.533303,100.25
08:00:37,91282CKV2,TSRYS5823596,D,S,T,2024-06-27,1000000.00,4.533303,100.25
08:00:37,91282CKV2,TSRYS5823596,D,S,T,2024-06-27,1000000.00,4.533303,100.25
08:00:37,91282CKV2,TSRYS5823596,D,S,T,2024-06-27,1000000.00,4.533303,100.25
08:00:37,91282CKV2,TSRYS5823596,D,S,T,2024-06-27,2000000.00,4.533303,100.25
08:00:37,91282CKV2,TSRYS5823596,D,S,T,2024-06-27,2000000.00,4.533303,100.25
08:00:37,91282CKV2,TSRYS5823596,D,S,T,2024-06-27,1000000.00,4.533303,100.25
08:00:37,91282CKV2,TSRYS5823596,D,S,T,2024-06-27,8000000.00,4.533303,100.25
08:00:37,91282CKV2,TSRYS5823596,D,S,T,2024-06-27,3000000.00,4.533303,100.25
08:00:37,91282CKV2,TSRYS5823596,D,S,T,2024-06-27,1000000.00,4.537565,100.23828125
08:00:37,91282CKV2,TSRYS5823596,D,S,T,2024-06-27,1000000.00,4.537565,100.23828125
08:00:37,91282CKV2,TSRYS5823596,D,S,T,2024-06-27,1000000.00,4.537565,100.23828125
08:00:37,91282CKV2,TSRYS5823596,D,S,T,2024-06-27,1000000.00,4.537565,100.23828125
08:00:37,91282CKV2,TSRYS5823596,D,S,T,2024-06-27,1000000.00,4.537565,100.23828125
08:00:37,91282CKV2,TSRYS5823596,D,S,T,2024-06-27,1000000.00,4.537565,100.23828125
08:00:37,91282CKV2,TSRYS5823596,D,S,T,2024-06-27,1000000.00,4.537565,100.23828125
08:00:37,91282CKV2,TSRYS5823596,D,S,T,2024-06-27,3000000.00,4.537565,100.23828125
08:00:37,91282CKV2,TSRYS5823596,D,S,T,2024-06-27,2000000.00,4.537565,100.23828125
08:00:37,91282CKV2,TSRYS5823596,D,S,T,2024-06-27,1000000.00,4.537565,100.23828125
08:00:37,91282CKV2,TSRYS5823596,D,S,T,2024-06-27,2000000.00,4.537565,100.23828125
08:00:37,91282CKV2,TSRYS5823596,D,S,T,2024-06-27,2000000.00,4.537565,100.23828125
08:00:37,91282CKV2,TSRYS5823596,D,S,T,2024-06-27,1000000.00,4.537565,100.23828125
08:00:37,91282CKV2,TSRYS5823596,D,S,T,2024-06-27,2000000.00,4.537565,100.23828125
08:00:37,91282CKV2,TSRYS5823596,D,S,C,2024-06-27,6814800.00,4.536265,100.2421875
08:00:37,91282CKV2,TSRYS5823596,D,S,T,2024-06-27,3000000.00,4.533303,100.25
08:00:37,91282CKV2,TSRYS5823596,D,S,T,2024-06-27,2000000.00,4.533303,100.25
08:00:37,91282CKV2,TSRYS5823596,D,S,T,2024-06-27,1000000.00,4.533303,100.25
08:00:37,91282CKV2,TSRYS5823596,D,S,T,2024-06-27,1000000.00,4.533303,100.25
08:00:37,91282CKV2,TSRYS5823596,D,S,T,2024-06-27,1000000.00,4.533303,100.25
08:00:37,91282CKV2,TSRYS5823596,D,S,T,2024-06-27,2000000.00,4.533303,100.25
08:00:37,91282CKV2,TSRYS5823596,D,S,T,2024-06-27,1000000.00,4.533303,100.25
08:00:37,91282CKV2,TSRYS5823596,D,S,T,2024-06-27,2000000.00,4.533303,100.25
08:00:37,91282CKV2,TSRYS5823596,D,S,T,2024-06-27,2000000.00,4.533303,100.25
08:00:37,91282CKV2,TSRYS5823596,D,S,T,2024-06-27,2000000.00,4.533303,100.25
08:00:37,91282CKV2,TSRYS5823596,D,S,T,2024-06-27,1000000.00,4.533303,100.25
08:00:37,91282CKV2,TSRYS5823596,D,S,T,2024-06-27,3000000.00,4.533303,100.25
08:00:37,91282CKV2,TSRYS5823596,D,S,T,2024-06-27,2000000.00,4.533303,100.25
08:00:37,91282CKV2,TSRYS5823596,D,S,T,2024-06-27,1000000.00,4.533303,100.25
08:00:37,91282CKV2,TSRYS5823596,D,S,T,2024-06-27,1000000.00,4.533303,100.25
08:00:37,91282CKV2,TSRYS5823596,D,S,T,2024-06-27,1000000.00,4.533303,100.25
08:00:37,91282CKV2,TSRYS5823596,D,S,T,2024-06-27,3000000.00,4.533303,100.25
08:00:37,91282CKV2,TSRYS5823596,D,S,T,2024-06-27,2000000.00,4.533303,100.25
08:00:37,91282CKV2,TSRYS5823596,D,S,T,2024-06-27,1000000.00,4.533303,100.25
08:00:37,91282CKV2,TSRYS5823596,D,S,T,2024-06-27,2000000.00,4.533303,100.25
08:00:37,91282CKV2,TSRYS5823596,D,S,T,2024-06-27,1000000.00,4.533303,100.25
08:00:37,91282CKV2,TSRYS5823596,D,S,T,2024-06-27,4000000.00,4.533303,100.25
08:00:37,91282CKV2,TSRYS5823596,D,S,T,2024-06-27,1000000.00,4.533303,100.25
08:00:37,91282CKV2,TSRYS5823596,D,S,T,2024-06-27,2000000.00,4.533303,100.25
08:00:37,91282CKV2,TSRYS5823596,D,S,T,2024-06-27,1000000.00,4.533303,100.25
08:00:37,91282CKV2,TSRYS5823596,D,S,T,2024-06-27,1000000.00,4.533303,100.25
08:00:37,91282CKV2,TSRYS5823596,D,S,T,2024-06-27,1000000.00,4.533303,100.25
08:00:37,91282CKV2,TSRYS5823596,D,S,T,2024-06-27,1000000.00,4.533303,100.25
08:00:37,91282CKV2,TSRYS5823596,D,S,T,2024-06-27,1000000.00,4.533303,100.25
08:00:37,91282CKV2,TSRYS5823596,D,S,T,2024-06-27,1000000.00,4.533303,100.25
08:00:37,91282CKV2,TSRYS5823596,D,S,T,2024-06-27,1000000.00,4.531882,100.25390625
08:00:37,91282CKV2,TSRYS5823596,D,S,T,2024-06-27,3000000.00,4.531882,100.25390625
08:00:37,91282CKV2,TSRYS5823596,D,S,T,2024-06-27,1000000.00,4.533303,100.25
08:00:37,91282CKV2,TSRYS5823596,D,S,T,2024-06-27,1000000.00,4.533303,100.25
08:00:37,91282CKV2,TSRYS5823596,D,S,T,2024-06-27,1000000.00,4.533303,100.25
08:00:37,91282CKV2,TSRYS5823596,D,S,T,2024-06-27,1000000.00,4.533303,100.25
08:00:37,91282CKV2,TSRYS5823596,D,S,T,2024-06-27,1000000.00,4.533303,100.25
08:00:37,91282CKV2,TSRYS5823596,D,S,T,2024-06-27,1000000.00,4.533303,100.25
08:00:37,91282CKV2,TSRYS5823596,D,S,T,2024-06-27,1000000.00,4.533303,100.25
08:00:37,91282CKV2,TSRYS5823596,D,S,T,2024-06-27,1000000.00,4.533303,100.25
08:00:37,91282CKV2,TSRYS5823596,D,S,T,2024-06-27,1000000.00,4.533303,100.25
08:00:37,91282CKV2,TSRYS5823596,D,S,T,2024-06-27,2000000.00,4.533303,100.25
08:00:37,91282CKV2,TSRYS5823596,D,S,T,2024-06-27,4000000.00,4.533303,100.25
08:00:37,91282CKV2,TSRYS5823596,D,S,T,2024-06-27,1000000.00,4.533303,100.25
08:00:37,91282CKV2,TSRYS5823596,D,S,T,2024-06-27,1000000.00,4.533303,100.25
08:00:37,91282CKV2,TSRYS5823596,D,S,T,2024-06-27,1000000.00,4.533303,100.25
08:00:37,91282CKV2,TSRYS5823596,D,S,T,2024-06-27,50000000.00,4.536144,100.2421875
08:00:37,91282CKV2,TSRYS5823596,D,S,A,2024-06-27,100000000.00,4.534724,100.24609375
08:00:37,91282CKV2,TSRYS5823596,D,B,C,2024-06-27,7338000.00,4.538986,100.234375
08:00:37,91282CKV2,TSRYS5823596,D,S,T,2024-06-27,1000000.00,4.538986,100.234375
08:00:37,91282CKV2,TSRYS5823596,D,S,D,2024-06-27,1000000.00,4.538986,100.234375
08:00:37,91282CKV2,TSRYS5823596,D,S,A,2024-06-27,2000000.00,4.535784,100.2421875
08:00:38,91282CKV2,TSRYS5823596,D,S,D,2024-06-27,8000000.00,4.538986,100.234375
08:00:38,91282CKV2,TSRYS5823596,D,B,C,2024-06-27,8000000.00,4.538986,100.234375
08:00:38,91282CKV2,TSRYS5823596,D,S,T,2024-06-27,1000000.00,4.541828,100.2265625
08:00:38,91282CKV2,TSRYS5823596,D,S,T,2024-06-27,1000000.00,4.541828,100.2265625
08:00:38,91282CKV2,TSRYS5823596,D,S,T,2024-06-27,1000000.00,4.538986,100.234375
08:00:38,91282CKV2,TSRYS5823596,D,S,T,2024-06-27,1000000.00,4.543249,100.22265625
08:00:38,91282CKV2,TSRYS5823596,D,S,T,2024-06-27,1000000.00,4.543249,100.22265625
08:00:38,91282CKV2,TSRYS5823596,D,S,T,2024-06-27,1000000.00,4.543249,100.22265625
08:00:39,91282CKV2,TSRYS5823596,D,S,T,2024-06-27,1000000.00,4.538986,100.234375
08:00:39,91282CKV2,TSRYS5823596,D,S,D,2024-06-27,2000000.00,4.534724,100.24609375
08:00:39,91282CKV2,TSRYS5823596,D,S,T,2024-06-27,1000000.00,4.536144,100.2421875
08:00:39,91282CKV2,TSRYS5823596,D,S,D,2024-06-27,400000.00,4.534724,100.24609375
08:00:39,91282CKV2,TSRYS5823596,D,S,D,2024-06-27,2993400.00,4.534724,100.24609375
08:00:41,91282CKV2,TSRYS5823596,D,S,D,2024-06-27,1000000.00,4.536144,100.2421875
08:00:41,91282CKV2,TSRYS5823596,D,S,D,2024-06-27,1000000.00,4.536144,100.2421875
08:00:41,91282CKV2,TSRYS5823596,D,S,D,2024-06-27,1000000.00,4.536144,100.2421875
08:00:41,91282CKV2,TSRYS5823596,D,S,T,2024-06-27,4000000.00,4.532593,100.251953125
08:00:41,91282CKV2,TSRYS5823596,D,S,T,2024-06-27,2000000.00,4.532593,100.251953125
08:00:41,91282CKV2,TSRYS5823596,D,S,T,2024-06-27,1000000.00,4.533303,100.25
08:00:42,91282CKV2,TSRYS5823596,D,S,C,2024-06-27,2993400.00,4.534724,100.24609375
08:00:43,91282CKV2,TSRYS5823596,D,S,T,2024-06-27,1000000.00,4.534724,100.24609375
08:00:43,91282CKV2,TSRYS5823596,D,S,T,2024-06-27,1000000.00,4.534724,100.24609375
08:00:46,91282CKV2,TSRYS5823596,D,S,D,2024-06-27,1000000.00,4.536855,100.240234375
08:00:46,91282CKV2,TSRYS5823596,D,S,T,2024-06-27,2000000.00,4.540407,100.23046875
08:00:46,91282CKV2,TSRYS5823596,D,S,D,2024-06-27,1000000.00,4.536144,100.2421875
08:00:47,91282CKV2,TSRYS5823596,D,S,D,2024-06-27,1000000.00,4.543249,100.22265625
08:00:47,91282CKV2,TSRYS5823596,D,S,D,2024-06-27,1000000.00,4.542539,100.224609375
08:00:47,91282CKV2,TSRYS5823596,D,S,T,2024-06-27,2000000.00,4.543249,100.22265625
08:00:48,91282CKV2,TSRYS5823596,D,S,D,2024-06-27,1000000.00,4.540407,100.23046875
08:00:48,91282CKV2,TSRYS5823596,D,S,A,2024-06-27,10000000.00,4.534602,100.24642875
08:00:48,91282CKV2,TSRYS5823596,D,S,T,2024-06-27,1000000.00,4.534724,100.24609375
08:00:48,91282CKV2,TSRYS5823596,D,S,D,2024-06-27,1000000.00,4.541828,100.2265625
08:00:49,91282CKV2,TSRYS5823596,D,B,A,2024-06-27,50000000.00,4.536266,100.2418525
08:00:49,91282CKV2,TSRYS5823596,D,S,T,2024-06-27,1000000.00,4.534724,100.24609375
08:00:49,91282CKV2,TSRYS5823596,D,S,T,2024-06-27,1000000.00,4.534724,100.24609375
08:00:50,91282CKV2,TSRYS5823596,D,S,A,2024-06-27,6000000.00,4.537565,100.23828125
08:00:50,91282CKV2,TSRYS5823596,D,S,T,2024-06-27,1000000.00,4.533303,100.25
08:00:50,91282CKV2,TSRYS5823596,D,S,T,2024-06-27,1000000.00,4.532593,100.251953125
08:00:50,91282CKV2,TSRYS5823596,D,S,T,2024-06-27,1000000.00,4.532593,100.251953125
08:00:52,91282CKV2,TSRYS5823596,D,S,T,2024-06-27,2000000.00,4.538276,100.236328125
08:00:53,91282CKV2,TSRYS5823596,D,S,T,2024-06-27,1000000.00,4.534724,100.24609375
08:00:53,91282CKV2,TSRYS5823596,D,S,T,2024-06-27,2000000.00,4.534724,100.24609375
08:00:53,91282CKV2,TSRYS5823596,D,S,T,2024-06-27,1000000.00,4.534724,100.24609375
08:00:53,91282CKV2,TSRYS5823596,D,S,T,2024-06-27,1000000.00,4.537565,100.23828125
08:00:53,91282CKV2,TSRYS5823596,D,S,T,2024-06-27,1000000.00,4.538276,100.236328125
08:00:53,91282CKV2,TSRYS5823596,D,S,T,2024-06-27,1000000.00,4.538276,100.236328125
08:00:53,91282CKV2,TSRYS5823596,D,S,T,2024-06-27,1000000.00,4.537565,100.23828125
08:00:53,91282CKV2,TSRYS5823596,D,S,T,2024-06-27,1000000.00,4.537565,100.23828125
08:00:53,91282CKV2,TSRYS5823596,D,S,T,2024-06-27,1000000.00,4.537565,100.23828125
08:00:53,91282CKV2,TSRYS5823596,D,S,T,2024-06-27,1000000.00,4.537565,100.23828125
08:00:53,91282CKV2,TSRYS5823596,D,S,T,2024-06-27,1000000.00,4.537565,100.23828125
08:00:53,91282CKV2,TSRYS5823596,D,S,T,2024-06-27,1000000.00,4.538276,100.236328125
08:00:53,91282CKV2,TSRYS5823596,D,S,T,2024-06-27,3000000.00,4.538276,100.236328125
08:00:54,91282CKV2,TSRYS5823596,D,S,T,2024-06-27,1000000.00,4.535434,100.244140625
08:00:55,91282CKV2,TSRYS5823596,D,S,T,2024-06-27,1000000.00,4.540407,100.23046875
08:00:56,91282CKV2,TSRYS5823596,D,S,D,2024-06-27,2745000.00,4.537565,100.23828125
08:00:56,91282CKV2,TSRYS5823596,D,S,T,2024-06-27,1000000.00,4.534724,100.24609375
08:00:57,91282CKV2,TSRYS5823596,D,S,T,2024-06-27,1000000.00,4.534724,100.24609375
08:00:57,91282CKV2,TSRYS5823596,D,S,T,2024-06-27,3000000.00,4.534724,100.24609375
08:00:57,91282CKV2,TSRYS5823596,D,S,T,2024-06-27,1000000.00,4.534724,100.24609375
08:00:58,91282CKV2,TSRYS5823596,D,S,D,2024-06-27,1000000.00,4.534724,100.24609375
08:00:58,91282CKV2,TSRYS5823596,D,S,D,2024-06-27,2000000.00,4.534724,100.24609375
08:00:58,91282CKV2,TSRYS5823596,D,B,A,2024-06-27,6600000.00,4.536144,100.242188
08:00:59,91282CKV2,TSRYS5823596,D,S,T,2024-06-27,1000000.00,4.536144,100.2421875
08:00:59,91282CKV2,TSRYS5823596,D,S,T,2024-06-27,1000000.00,4.536144,100.2421875
08:00:59,91282CKV2,TSRYS5823596,D,S,D,2024-06-27,4000000.00,4.537565,100.23828125
08:01:01,91282CKV2,TSRYS5823596,D,S,T,2024-06-27,1000000.00,4.53405,100.247946875
08:01:01,91282CKV2,TSRYS5823596,D,S,D,2024-06-27,1000000.00,4.533303,100.25
08:01:01,91282CKV2,TSRYS5823596,D,S,D,2024-06-27,1000000.00,4.533303,100.25
08:01:01,91282CKV2,TSRYS5823596,D,S,A,2024-06-27,1000000.00,4.533303,100.25
08:01:01,91282CKV2,TSRYS5823596,D,S,A,2024-06-27,2000000.00,4.533303,100.25
08:01:01,91282CKV2,TSRYS5823596,D,S,A,2024-06-27,8000000.00,4.533303,100.25
08:01:01,91282CKV2,TSRYS5823596,D,S,T,2024-06-27,2000000.00,4.53405,100.247946875
08:01:01,91282CKV2,TSRYS5823596,D,S,T,2024-06-27,1000000.00,4.53405,100.247946875
08:01:01,91282CKV2,TSRYS5823596,D,S,T,2024-06-27,1000000.00,4.53405,100.247946875
08:01:01,91282CKV2,TSRYS5823596,D,S,T,2024-06-27,1000000.00,4.53405,100.247946875
08:01:02,91282CKV2,TSRYS5823596,D,S,D,2024-06-27,1000000.00,4.540407,100.23046875
08:01:02,91282CKV2,TSRYS5823596,D,S,T,2024-06-27,1000000.00,4.533303,100.25
08:01:02,91282CKV2,TSRYS5823596,D,S,T,2024-06-27,1000000.00,4.533303,100.25
08:01:02,91282CKV2,TSRYS5823596,D,S,D,2024-06-27,100000.00,4.533303,100.25
08:01:02,91282CKV2,TSRYS5823596,D,S,T,2024-06-27,1000000.00,4.533376,100.2498
08:01:02,91282CKV2,TSRYS5823596,D,S,T,2024-06-27,2000000.00,4.533376,100.2498
08:01:02,91282CKV2,TSRYS5823596,D,S,D,2024-06-27,2000000.00,4.534724,100.24609375
08:01:02,91282CKV2,TSRYS5823596,D,S,T,2024-06-27,2000000.00,4.533376,100.2498
08:01:02,91282CKV2,TSRYS5823596,D,S,T,2024-06-27,2000000.00,4.533376,100.2498
08:01:02,91282CKV2,TSRYS5823596,D,S,D,2024-06-27,2000000.00,4.537565,100.23828125
08:01:02,91282CKV2,TSRYS5823596,D,B,C,2024-06-27,2000000.00,4.537565,100.23828125
08:01:02,91282CKV2,TSRYS5823596,D,S,T,2024-06-27,1000000.00,4.533376,100.2498
08:01:02,91282CKV2,TSRYS5823596,D,S,C,2024-06-27,1000000.00,4.536855,100.240234375
08:01:03,91282CKV2,TSRYS5823596,D,B,A,2024-06-27,10100000.00,4.526734,100.265625
08:01:03,91282CKV2,TSRYS5823596,D,S,T,2024-06-27,2000000.00,4.533303,100.25
08:01:03,91282CKV2,TSRYS5823596,D,S,C,2024-06-27,2000000.00,4.539697,100.232421875
08:01:03,91282CKV2,TSRYS5823596,D,S,D,2024-06-27,50000.00,4.533303,100.25
08:01:03,91282CKV2,TSRYS5823596,D,B,C,2024-06-27,2000000.00,4.539697,100.232421875
08:01:03,91282CKV2,TSRYS5823596,D,S,D,2024-06-27,2000000.00,4.536144,100.2421875
08:01:03,91282CKV2,TSRYS5823596,D,S,T,2024-06-27,1000000.00,4.533348,100.249875
08:01:03,91282CKV2,TSRYS5823596,D,S,C,2024-06-27,1000000.00,4.539697,100.232421875
08:01:03,91282CKV2,TSRYS5823596,D,S,C,2024-06-27,1000000.00,4.539697,100.232421875
08:01:03,91282CKV2,TSRYS5823596,D,S,C,2024-06-27,1000000.00,4.539697,100.232421875
08:01:03,91282CKV2,TSRYS5823596,D,S,C,2024-06-27,4000000.00,4.539697,100.232421875
08:01:03,91282CKV2,TSRYS5823596,D,S,C,2024-06-27,2000000.00,4.539697,100.232421875
08:01:03,91282CKV2,TSRYS5823596,D,B,C,2024-06-27,1000000.00,4.539697,100.232421875
08:01:03,91282CKV2,TSRYS5823596,D,S,T,2024-06-27,2000000.00,4.533303,100.25
08:01:03,91282CKV2,TSRYS5823596,D,S,T,2024-06-27,1000000.00,4.533348,100.249875
08:01:03,91282CKV2,TSRYS5823596,D,S,D,2024-06-27,2000000.00,4.534724,100.24609375
08:01:03,91282CKV2,TSRYS5823596,D,S,T,2024-06-27,1000000.00,4.533303,100.25
08:01:03,91282CKV2,TSRYS5823596,D,S,T,2024-06-27,1000000.00,4.533348,100.249875
08:01:03,91282CKV2,TSRYS5823596,D,S,T,2024-06-27,1000000.00,4.533303,100.25
08:01:03,91282CKV2,TSRYS5823596,D,S,T,2024-06-27,1000000.00,4.533303,100.25
08:01:03,91282CKV2,TSRYS5823596,D,S,T,2024-06-27,2000000.00,4.537565,100.23828125
08:01:03,91282CKV2,TSRYS5823596,D,S,D,2024-06-27,1000000.00,4.538986,100.234375
08:01:03,91282CKV2,TSRYS5823596,D,B,C,2024-06-27,1000000.00,4.538986,100.234375
08:01:03,91282CKV2,TSRYS5823596,D,S,C,2024-06-27,2000000.00,4.538276,100.236328125
08:01:03,91282CKV2,TSRYS5823596,D,B,C,2024-06-27,2000000.00,4.538276,100.236328125
08:01:03,91282CKV2,TSRYS5823596,D,S,C,2024-06-27,1000000.00,4.538276,100.236328125
08:01:03,91282CKV2,TSRYS5823596,D,B,C,2024-06-27,1000000.00,4.538276,100.236328125
08:01:03,91282CKV2,TSRYS5823596,D,S,C,2024-06-27,1000000.00,4.538276,100.236328125
08:01:03,91282CKV2,TSRYS5823596,D,B,C,2024-06-27,1000000.00,4.538276,100.236328125
08:01:03,91282CKV2,TSRYS5823596,D,S,T,2024-06-27,1000000.00,4.533303,100.25
08:01:03,91282CKV2,TSRYS5823596,D,S,C,2024-06-27,1000000.00,4.538276,100.236328125
08:01:03,91282CKV2,TSRYS5823596,D,B,C,2024-06-27,1000000.00,4.538276,100.236328125
08:01:03,91282CKV2,TSRYS5823596,D,S,C,2024-06-27,1000000.00,4.538276,100.236328125
08:01:03,91282CKV2,TSRYS5823596,D,B,C,2024-06-27,1000000.00,4.538276,100.236328125
08:01:03,91282CKV2,TSRYS5823596,D,S,C,2024-06-27,1000000.00,4.538276,100.236328125
08:01:03,91282CKV2,TSRYS5823596,D,B,C,2024-06-27,1000000.00,4.538276,100.236328125
08:01:03,91282CKV2,TSRYS5823596,D,S,D,2024-06-27,2000000.00,4.538276,100.236328125
08:01:03,91282CKV2,TSRYS5823596,D,B,C,2024-06-27,2000000.00,4.538276,100.236328125
08:01:03,91282CKV2,TSRYS5823596,D,S,D,2024-06-27,2000000.00,4.538986,100.234375
08:01:04,91282CKV2,TSRYS5823596,D,B,C,2024-06-27,1000000.00,4.538986,100.234375
08:01:04,91282CKV2,TSRYS5823596,D,S,C,2024-06-27,1000000.00,4.538986,100.234375
08:01:04,91282CKV2,TSRYS5823596,D,S,C,2024-06-27,1000000.00,4.536855,100.240234375
08:01:04,91282CKV2,TSRYS5823596,D,S,T,2024-06-27,1000000.00,4.533303,100.25
08:01:04,91282CKV2,TSRYS5823596,D,S,T,2024-06-27,1000000.00,4.533303,100.25
08:01:04,91282CKV2,TSRYS5823596,D,S,T,2024-06-27,1000000.00,4.533303,100.25
08:01:04,91282CKV2,TSRYS5823596,D,S,T,2024-06-27,1000000.00,4.533303,100.25
08:01:04,91282CKV2,TSRYS5823596,D,B,A,2024-06-27,5000000.00,4.536144,100.2421875
08:01:04,91282CKV2,TSRYS5823596,D,S,D,2024-06-27,5000000.00,4.538276,100.236328125
08:01:04,91282CKV2,TSRYS5823596,D,S,C,2024-06-27,1000000.00,4.534724,100.24609375
08:01:04,91282CKV2,TSRYS5823596,D,S,D,2024-06-27,5000000.00,4.538986,100.234375
08:01:04,91282CKV2,TSRYS5823596,D,S,D,2024-06-27,1000000.00,4.536144,100.2421875
08:01:04,91282CKV2,TSRYS5823596,D,S,D,2024-06-27,1000000.00,4.536144,100.2421875
08:01:04,91282CKV2,TSRYS5823596,D,S,D,2024-06-27,3000000.00,4.541118,100.228515625
08:01:04,91282CKV2,TSRYS5823596,D,S,C,2024-06-27,1000000.00,4.536855,100.240234375
08:01:04,91282CKV2,TSRYS5823596,D,S,D,2024-06-27,3000000.00,4.541828,100.2265625
08:01:04,91282CKV2,TSRYS5823596,D,S,T,2024-06-27,1000000.00,4.529041,100.26171875
08:01:04,91282CKV2,TSRYS5823596,D,S,D,2024-06-27,3000000.00,4.541828,100.2265625
08:01:04,91282CKV2,TSRYS5823596,D,S,D,2024-06-27,3000000.00,4.541828,100.2265625
08:01:04,91282CKV2,TSRYS5823596,D,S,D,2024-06-27,3000000.00,4.541828,100.2265625
08:01:04,91282CKV2,TSRYS5823596,D,S,T,2024-06-27,1000000.00,4.529087,100.26159375
08:01:04,91282CKV2,TSRYS5823596,D,S,D,2024-06-27,3000000.00,4.541828,100.2265625
08:01:04,91282CKV2,TSRYS5823596,D,S,D,2024-06-27,5000000.00,4.541828,100.2265625
08:01:04,91282CKV2,TSRYS5823596,D,S,T,2024-06-27,2000000.00,4.529041,100.26171875
08:01:04,91282CKV2,TSRYS5823596,D,S,T,2024-06-27,1000000.00,4.529041,100.26171875
08:01:05,91282CKV2,TSRYS5823596,D,S,C,2024-06-27,1000000.00,4.536144,100.2421875
08:01:05,91282CKV2,TSRYS5823596,D,S,T,2024-06-27,2000000.00,4.529041,100.26171875
08:01:05,91282CKV2,TSRYS5823596,D,S,T,2024-06-27,1000000.00,4.529041,100.26171875
08:01:05,91282CKV2,TSRYS5823596,D,S,T,2024-06-27,1000000.00,4.529087,100.26159375
08:01:05,91282CKV2,TSRYS5823596,D,S,T,2024-06-27,1000000.00,4.529041,100.26171875
08:01:05,91282CKV2,TSRYS5823596,D,S,D,2024-06-27,1000000.00,4.537565,100.23828125
08:01:05,91282CKV2,TSRYS5823596,D,S,C,2024-06-27,1000000.00,4.534013,100.248046875
08:01:06,91282CKV2,TSRYS5823596,D,S,D,2024-06-27,2000000.00,4.537565,100.23828125
08:01:06,91282CKV2,TSRYS5823596,D,B,C,2024-06-27,1000000.00,4.535434,100.244140625
08:01:06,91282CKV2,TSRYS5823596,D,S,C,2024-06-27,1000000.00,4.535434,100.244140625
08:01:06,91282CKV2,TSRYS5823596,D,S,D,2024-06-27,1000000.00,4.536144,100.2421875
08:01:06,91282CKV2,TSRYS5823596,D,S,D,2024-06-27,3000000.00,4.535434,100.244140625
08:01:06,91282CKV2,TSRYS5823596,D,S,D,2024-06-27,2000000.00,4.535434,100.244140625
08:01:06,91282CKV2,TSRYS5823596,D,S,D,2024-06-27,2000000.00,4.535434,100.244140625
08:01:06,91282CKV2,TSRYS5823596,D,S,D,2024-06-27,3000000.00,4.535434,100.244140625
08:01:06,91282CKV2,TSRYS5823596,D,S,D,2024-06-27,2000000.00,4.534724,100.24609375
08:01:06,91282CKV2,TSRYS5823596,D,S,C,2024-06-27,1000000.00,4.543249,100.22265625
08:01:06,91282CKV2,TSRYS5823596,D,S,D,2024-06-27,1000000.00,4.543249,100.22265625
08:01:06,91282CKV2,TSRYS5823596,D,S,T,2024-06-27,3000000.00,4.534724,100.24609375
08:01:06,91282CKV2,TSRYS5823596,D,S,T,2024-06-27,1000000.00,4.534724,100.24609375
08:01:06,91282CKV2,TSRYS5823596,D,B,C,2024-06-27,1000000.00,4.543249,100.22265625
08:01:06,91282CKV2,TSRYS5823596,D,S,C,2024-06-27,1000000.00,4.542539,100.224609375
08:01:06,91282CKV2,TSRYS5823596,D,S,T,2024-06-27,3000000.00,4.534724,100.24609375
08:01:06,91282CKV2,TSRYS5823596,D,S,C,2024-06-27,1000000.00,4.543249,100.22265625
08:01:07,91282CKV2,TSRYS5823596,D,S,C,2024-06-27,1000000.00,4.541828,100.2265625
08:01:07,91282CKV2,TSRYS5823596,D,S,C,2024-06-27,1000000.00,4.541828,100.2265625
08:01:07,91282CKV2,TSRYS5823596,D,S,C,2024-06-27,1000000.00,4.541828,100.2265625
08:01:07,91282CKV2,TSRYS5823596,D,S,C,2024-06-27,1000000.00,4.541828,100.2265625
08:01:07,91282CKV2,TSRYS5823596,D,S,C,2024-06-27,1000000.00,4.538276,100.236328125
08:01:07,91282CKV2,TSRYS5823596,D,S,C,2024-06-27,1000000.00,4.537565,100.23828125
08:01:07,91282CKV2,TSRYS5823596,D,S,C,2024-06-27,1000000.00,4.537565,100.23828125
08:01:07,91282CKV2,TSRYS5823596,D,S,C,2024-06-27,1000000.00,4.536855,100.240234375
08:01:07,91282CKV2,TSRYS5823596,D,S,C,2024-06-27,1000000.00,4.536855,100.240234375
08:01:07,91282CKV2,TSRYS5823596,D,S,C,2024-06-27,1000000.00,4.536855,100.240234375
08:01:07,91282CKV2,TSRYS5823596,D,S,C,2024-06-27,1000000.00,4.536144,100.2421875
08:01:07,91282CKV2,TSRYS5823596,D,S,C,2024-06-27,2000000.00,4.534013,100.248046875
08:01:07,91282CKV2,TSRYS5823596,D,S,C,2024-06-27,1000000.00,4.535434,100.244140625
08:01:07,91282CKV2,TSRYS5823596,D,S,C,2024-06-27,1000000.00,4.534724,100.24609375
08:01:07,91282CKV2,TSRYS5823596,D,S,C,2024-06-27,1000000.00,4.534724,100.24609375
08:01:08,91282CKV2,TSRYS5823596,D,S,C,2024-06-27,1000000.00,4.534724,100.24609375
08:01:08,91282CKV2,TSRYS5823596,D,S,C,2024-06-27,1000000.00,4.535434,100.244140625
08:01:08,91282CKV2,TSRYS5823596,D,S,D,2024-06-27,1000000.00,4.534724,100.24609375
08:01:08,91282CKV2,TSRYS5823596,D,S,C,2024-06-27,4000000.00,4.538986,100.234375
08:01:08,91282CKV2,TSRYS5823596,D,S,C,2024-06-27,3000000.00,4.528331,100.263671875
08:01:11,91282CKV2,TSRYS5823596,D,S,T,2024-06-27,1000000.00,4.534724,100.24609375
08:01:11,91282CKV2,TSRYS5823596,D,S,T,2024-06-27,1000000.00,4.534761,100.24599175
08:01:11,91282CKV2,TSRYS5823596,D,S,T,2024-06-27,1000000.00,4.534761,100.24599175
08:01:11,91282CKV2,TSRYS5823596,D,S,C,2024-06-27,20000.00,4.535219,100.244731
08:01:11,91282CKV2,TSRYS5823596,D,S,C,2024-06-27,18190000.00,4.538986,100.234375
08:01:11,91282CKV2,TSRYS5823596,D,S,D,2024-06-27,1000000.00,4.541118,100.228515625
08:01:11,91282CKV2,TSRYS5823596,D,S,D,2024-06-27,1000000.00,4.533303,100.25
08:01:11,91282CKV2,TSRYS5823596,D,B,C,2024-06-27,1000000.00,4.533303,100.25
08:01:11,91282CKV2,TSRYS5823596,D,S,D,2024-06-27,1000000.00,4.536144,100.2421875
08:01:11,91282CKV2,TSRYS5823596,D,B,C,2024-06-27,1000000.00,4.540407,100.23046875
08:01:11,91282CKV2,TSRYS5823596,D,S,D,2024-06-27,1000000.00,4.540407,100.23046875
08:01:11,91282CKV2,TSRYS5823596,D,S,D,2024-06-27,1000000.00,4.536144,100.2421875
08:01:11,91282CKV2,TSRYS5823596,D,S,C,2024-06-27,5000000.00,4.534724,100.24609375
08:01:11,91282CKV2,TSRYS5823596,D,B,C,2024-06-27,5000000.00,4.534724,100.24609375
08:01:11,91282CKV2,TSRYS5823596,D,B,C,2024-06-27,1000000.00,4.534724,100.24609375
08:01:11,91282CKV2,TSRYS5823596,D,S,C,2024-06-27,1000000.00,4.534724,100.24609375
08:01:11,91282CKV2,TSRYS5823596,D,B,C,2024-06-27,3000000.00,4.534724,100.24609375
08:01:11,91282CKV2,TSRYS5823596,D,S,C,2024-06-27,3000000.00,4.534724,100.24609375
08:01:11,91282CKV2,TSRYS5823596,D,B,C,2024-06-27,1000000.00,4.534724,100.24609375
08:01:11,91282CKV2,TSRYS5823596,D,S,C,2024-06-27,1000000.00,4.534724,100.24609375
08:01:11,91282CKV2,TSRYS5823596,D,S,D,2024-06-27,1000000.00,4.536144,100.2421875
08:01:11,91282CKV2,TSRYS5823596,D,S,C,2024-06-27,2000000.00,4.536144,100.2421875
08:01:11,91282CKV2,TSRYS5823596,D,S,D,2024-06-27,2000000.00,4.536144,100.2421875
08:01:11,91282CKV2,TSRYS5823596,D,S,D,2024-06-27,2000000.00,4.536144,100.2421875
08:01:11,91282CKV2,TSRYS5823596,D,S,D,2024-06-27,2000000.00,4.536144,100.2421875
08:01:11,91282CKV2,TSRYS5823596,D,S,D,2024-06-27,2000000.00,4.536144,100.2421875
08:01:11,91282CKV2,TSRYS5823596,D,S,D,2024-06-27,2000000.00,4.536144,100.2421875
08:01:11,91282CKV2,TSRYS5823596,D,S,D,2024-06-27,2000000.00,4.536144,100.2421875
08:01:11,91282CKV2,TSRYS5823596,D,S,C,2024-06-27,2000000.00,4.536144,100.2421875
08:01:11,91282CKV2,TSRYS5823596,D,S,C,2024-06-27,2000000.00,4.536144,100.2421875
08:01:11,91282CKV2,TSRYS5823596,D,S,C,2024-06-27,1000000.00,4.536144,100.2421875
08:01:11,91282CKV2,TSRYS5823596,D,S,C,2024-06-27,1000000.00,4.536144,100.2421875
08:01:11,91282CKV2,TSRYS5823596,D,S,C,2024-06-27,2000000.00,4.536144,100.2421875
08:01:11,91282CKV2,TSRYS5823596,D,S,D,2024-06-27,2000000.00,4.537565,100.23828125
08:01:11,91282CKV2,TSRYS5823596,D,S,D,2024-06-27,1000000.00,4.537565,100.23828125
08:01:11,91282CKV2,TSRYS5823596,D,S,D,2024-06-27,3000000.00,4.535434,100.244140625
08:01:11,91282CKV2,TSRYS5823596,D,S,D,2024-06-27,2000000.00,4.535434,100.244140625
08:01:11,91282CKV2,TSRYS5823596,D,S,D,2024-06-27,2000000.00,4.535434,100.244140625
08:01:11,91282CKV2,TSRYS5823596,D,S,D,2024-06-27,1000000.00,4.540407,100.23046875
08:01:11,91282CKV2,TSRYS5823596,D,S,D,2024-06-27,3000000.00,4.535434,100.244140625
08:01:11,91282CKV2,TSRYS5823596,D,S,D,2024-06-27,2000000.00,4.534724,100.24609375
08:01:11,91282CKV2,TSRYS5823596,D,B,A,2024-06-27,1000000.00,4.537209,100.23828125
08:01:11,91282CKV2,TSRYS5823596,D,S,D,2024-06-27,1000000.00,4.538986,100.234375
08:01:11,91282CKV2,TSRYS5823596,D,S,D,2024-06-27,1000000.00,4.538276,100.236328125
08:01:11,91282CKV2,TSRYS5823596,D,S,D,2024-06-27,1000000.00,4.539697,100.232421875
08:01:12,91282CKV2,TSRYS5823596,D,S,T,2024-06-27,2000000.00,4.534724,100.24609375
08:01:12,91282CKV2,TSRYS5823596,D,S,T,2024-06-27,5000000.00,4.534724,100.24609375
08:01:12,91282CKV2,TSRYS5823596,D,S,T,2024-06-27,2000000.00,4.534724,100.24609375
08:01:13,91282CKV2,TSRYS5823596,D,S,T,2024-06-27,1000000.00,4.534724,100.24609375
08:01:13,91282CKV2,TSRYS5823596,D,S,T,2024-06-27,1000000.00,4.534724,100.24609375
08:01:13,91282CKV2,TSRYS5823596,D,B,A,2024-06-27,1240000.00,4.533303,100.25
08:01:14,91282CKV2,TSRYS5823596,D,S,T,2024-06-27,1000000.00,4.534724,100.24609375
08:01:14,91282CKV2,TSRYS5823596,D,S,D,2024-06-27,1000000.00,4.540407,100.23046875
08:01:14,91282CKV2,TSRYS5823596,D,B,A,2024-06-27,1000000.00,4.540407,100.23046875
08:01:14,91282CKV2,TSRYS5823596,D,B,A,2024-06-27,1000000.00,4.543249,100.22265625
08:01:14,91282CKV2,TSRYS5823596,D,S,D,2024-06-27,1000000.00,4.543249,100.22265625
08:01:14,91282CKV2,TSRYS5823596,D,S,T,2024-06-27,1000000.00,4.534724,100.24609375
08:01:14,91282CKV2,TSRYS5823596,D,S,T,2024-06-27,1000000.00,4.534724,100.24609375
08:01:14,91282CKV2,TSRYS5823596,D,S,T,2024-06-27,1000000.00,4.534724,100.24609375
08:01:14,91282CKV2,TSRYS5823596,D,S,T,2024-06-27,2000000.00,4.534724,100.24609375
08:01:15,91282CKV2,TSRYS5823596,D,S,T,2024-06-27,1000000.00,4.534724,100.24609375
08:01:15,91282CKV2,TSRYS5823596,D,S,T,2024-06-27,2000000.00,4.534724,100.24609375
08:01:15,91282CKV2,TSRYS5823596,D,S,T,2024-06-27,1000000.00,4.534724,100.24609375
08:01:16,91282CKV2,TSRYS5823596,D,S,A,2024-06-27,10000.00,4.536144,100.2421875
08:01:17,91282CKV2,TSRYS5823596,D,S,A,2024-06-27,17000.00,4.537565,100.23828125
08:01:19,91282CKV2,TSRYS5823596,D,S,D,2024-06-27,1000000.00,4.541118,100.228515625
08:01:20,91282CKV2,TSRYS5823596,D,S,D,2024-06-27,1000000.00,4.541118,100.228515625
08:01:20,91282CKV2,TSRYS5823596,D,S,T,2024-06-27,1000000.00,4.534724,100.24609375
08:01:21,91282CKV2,TSRYS5823596,D,S,T,2024-06-27,2000000.00,4.534724,100.24609375
08:01:21,91282CKV2,TSRYS5823596,D,S,T,2024-06-27,7000000.00,4.534724,100.24609375
08:01:21,91282CKV2,TSRYS5823596,D,B,C,2024-06-27,3000000.00,4.541828,100.2265625
08:01:21,91282CKV2,TSRYS5823596,D,S,D,2024-06-27,3000000.00,4.541828,100.2265625
08:01:21,91282CKV2,TSRYS5823596,D,S,T,2024-06-27,2000000.00,4.540455,100.23033875
08:01:21,91282CKV2,TSRYS5823596,D,S,T,2024-06-27,1000000.00,4.536144,100.2421875
08:01:21,91282CKV2,TSRYS5823596,D,S,C,2024-06-27,1000000.00,4.536144,100.2421875
08:01:21,91282CKV2,TSRYS5823596,D,S,D,2024-06-27,1000000.00,4.536144,100.2421875
08:01:21,91282CKV2,TSRYS5823596,D,S,T,2024-06-27,1000000.00,4.537565,100.23828125
08:01:21,91282CKV2,TSRYS5823596,D,S,T,2024-06-27,2000000.00,4.540455,100.23033875
08:01:21,91282CKV2,TSRYS5823596,D,S,T,2024-06-27,1000000.00,4.536144,100.2421875
08:01:21,91282CKV2,TSRYS5823596,D,S,T,2024-06-27,1000000.00,4.540455,100.23033875
08:01:21,91282CKV2,TSRYS5823596,D,S,D,2024-06-27,1000000.00,4.536144,100.2421875
08:01:21,91282CKV2,TSRYS5823596,D,S,T,2024-06-27,1000000.00,4.540455,100.23033875
08:01:21,91282CKV2,TSRYS5823596,D,S,A,2024-06-27,1000000.00,4.537565,100.23828125
08:01:21,91282CKV2,TSRYS5823596,D,S,D,2024-06-27,1000000.00,4.536144,100.2421875
08:01:21,91282CKV2,TSRYS5823596,D,S,T,2024-06-27,1000000.00,4.536144,100.2421875
08:01:21,91282CKV2,TSRYS5823596,D,S,T,2024-06-27,2000000.00,4.540455,100.23033875
08:01:21,91282CKV2,TSRYS5823596,D,S,C,2024-06-27,1000000.00,4.536144,100.2421875
08:01:21,91282CKV2,TSRYS5823596,D,S,T,2024-06-27,1000000.00,4.536144,100.2421875
08:01:21,91282CKV2,TSRYS5823596,D,S,T,2024-06-27,1000000.00,4.540455,100.23033875
08:01:21,91282CKV2,TSRYS5823596,D,S,D,2024-06-27,1000000.00,4.541828,100.2265625
08:01:22,91282CKV2,TSRYS5823596,D,S,D,2024-06-27,1000000.00,4.541828,100.2265625
08:01:22,91282CKV2,TSRYS5823596,D,S,T,2024-06-27,1000000.00,4.540455,100.23033875
08:01:22,91282CKV2,TSRYS5823596,D,S,C,2024-06-27,1000000.00,4.536144,100.2421875
08:01:22,91282CKV2,TSRYS5823596,D,S,C,2024-06-27,1000000.00,4.536144,100.2421875
08:01:22,91282CKV2,TSRYS5823596,D,S,C,2024-06-27,1000000.00,4.536144,100.2421875
08:01:22,91282CKV2,TSRYS5823596,D,S,T,2024-06-27,1000000.00,4.540455,100.23033875
08:01:22,91282CKV2,TSRYS5823596,D,S,C,2024-06-27,1000000.00,4.536144,100.2421875
08:01:22,91282CKV2,TSRYS5823596,D,S,D,2024-06-27,1000000.00,4.536144,100.2421875
08:01:22,91282CKV2,TSRYS5823596,D,S,A,2024-06-27,30018000.00,4.807322,99.5
08:01:22,91282CKV2,TSRYS5823596,D,S,T,2024-06-27,1000000.00,4.536144,100.2421875
08:01:22,91282CKV2,TSRYS5823596,D,B,A,2024-06-27,30018000.00,4.807322,99.5
08:01:23,91282CKV2,TSRYS5823596,D,S,D,2024-06-27,18190000.00,,100.234375
08:01:23,91282CKV2,TSRYS5823596,D,S,A,2024-06-27,3000000.00,4.533303,100.25
08:01:23,91282CKV2,TSRYS5823596,D,S,C,2024-06-27,10000.00,4.535219,100.244731
08:01:24,91282CKV2,TSRYS5823596,D,S,A,2024-06-27,1000000.00,4.535434,100.244140625
08:01:24,91282CKV2,TSRYS5823596,D,S,C,2024-06-27,1000000.00,4.536855,100.240234375
08:01:25,91282CKV2,TSRYS5823596,D,B,C,2024-06-27,1000000.00,4.538986,100.234375
08:01:25,91282CKV2,TSRYS5823596,D,S,D,2024-06-27,1000000.00,4.538986,100.234375
08:01:26,91282CKV2,TSRYS5823596,D,S,A,2024-06-27,1000000.00,4.533303,100.25
08:01:26,91282CKV2,TSRYS5823596,D,B,C,2024-06-27,1000000.00,4.540407,100.23046875
08:01:26,91282CKV2,TSRYS5823596,D,S,D,2024-06-27,1000000.00,4.540407,100.23046875
08:01:26,91282CKV2,TSRYS5823596,D,B,C,2024-06-27,1000000.00,4.540407,100.23046875
08:01:26,91282CKV2,TSRYS5823596,D,S,D,2024-06-27,1000000.00,4.540407,100.23046875
08:01:26,91282CKV2,TSRYS5823596,D,S,T,2024-06-27,1000000.00,4.534761,100.24599175
08:01:26,91282CKV2,TSRYS5823596,D,S,T,2024-06-27,1000000.00,4.534761,100.24599175
08:01:27,91282CKV2,TSRYS5823596,D,S,D,2024-06-27,1000000.00,4.539697,100.232421875
08:01:28,91282CKV2,TSRYS5823596,D,B,C,2024-06-27,2000000.00,4.538986,100.234375
08:01:28,91282CKV2,TSRYS5823596,D,S,D,2024-06-27,2000000.00,4.538986,100.234375
08:01:28,91282CKV2,TSRYS5823596,D,S,D,2024-06-27,1000000.00,4.541828,100.2265625
08:01:28,91282CKV2,TSRYS5823596,D,S,D,2024-06-27,1000000.00,4.541828,100.2265625
08:01:28,91282CKV2,TSRYS5823596,D,S,C,2024-06-27,1000000.00,4.541828,100.2265625
08:01:28,91282CKV2,TSRYS5823596,D,S,C,2024-06-27,1000000.00,4.541828,100.2265625
08:01:28,91282CKV2,TSRYS5823596,D,S,C,2024-06-27,1000000.00,4.541828,100.2265625
08:01:28,91282CKV2,TSRYS5823596,D,S,C,2024-06-27,1000000.00,4.541828,100.2265625
08:01:29,91282CKV2,TSRYS5823596,D,S,T,2024-06-27,2000000.00,4.536855,100.240234375
08:01:29,91282CKV2,TSRYS5823596,D,S,T,2024-06-27,2000000.00,4.540407,100.23046875
08:01:29,91282CKV2,TSRYS5823596,D,S,C,2024-06-27,1000000.00,4.541828,100.2265625
08:01:29,91282CKV2,TSRYS5823596,D,S,C,2024-06-27,1000000.00,4.541828,100.2265625
08:01:29,91282CKV2,TSRYS5823596,D,S,C,2024-06-27,1000000.00,4.541828,100.2265625
08:01:29,91282CKV2,TSRYS5823596,D,S,C,2024-06-27,1000000.00,4.541828,100.2265625
08:01:29,91282CKV2,TSRYS5823596,D,S,C,2024-06-27,1000000.00,4.541828,100.2265625
08:01:29,91282CKV2,TSRYS5823596,D,S,C,2024-06-27,1000000.00,4.541828,100.2265625
08:01:29,91282CKV2,TSRYS5823596,D,S,C,2024-06-27,1000000.00,4.541828,100.2265625
08:01:29,91282CKV2,TSRYS5823596,D,S,C,2024-06-27,1000000.00,4.541828,100.2265625
08:01:29,91282CKV2,TSRYS5823596,D,S,C,2024-06-27,1000000.00,4.539697,100.232421875
08:01:29,91282CKV2,TSRYS5823596,D,S,C,2024-06-27,1000000.00,4.541828,100.2265625
08:01:30,91282CKV2,TSRYS5823596,D,S,D,2024-06-27,1000000.00,4.541828,100.2265625
08:01:30,91282CKV2,TSRYS5823596,D,S,T,2024-06-27,1000000.00,4.541828,100.2265625
08:01:30,91282CKV2,TSRYS5823596,D,S,T,2024-06-27,1000000.00,4.536144,100.2421875
08:01:30,91282CKV2,TSRYS5823596,D,S,T,2024-06-27,1000000.00,4.536144,100.2421875
08:01:30,91282CKV2,TSRYS5823596,D,S,T,2024-06-27,1000000.00,4.536144,100.2421875
08:01:30,91282CKV2,TSRYS5823596,D,S,T,2024-06-27,1000000.00,4.541828,100.2265625
08:01:30,91282CKV2,TSRYS5823596,D,S,T,2024-06-27,1000000.00,4.541901,100.2263625
08:01:30,91282CKV2,TSRYS5823596,D,S,T,2024-06-27,4000000.00,4.536144,100.2421875
08:01:31,91282CKV2,TSRYS5823596,D,S,A,2024-06-27,523000.00,4.533303,100.25
08:01:32,91282CKV2,TSRYS5823596,D,S,T,2024-06-27,1000000.00,4.534771,100.24596375
08:01:32,91282CKV2,TSRYS5823596,D,S,T,2024-06-27,3000000.00,4.534771,100.24596375
08:01:32,91282CKV2,TSRYS5823596,D,B,C,2024-06-27,2000000.00,4.541828,100.2265625
08:01:32,91282CKV2,TSRYS5823596,D,S,T,2024-06-27,3000000.00,4.534771,100.24596375
08:01:32,91282CKV2,TSRYS5823596,D,S,D,2024-06-27,2000000.00,4.541828,100.2265625
08:01:33,91282CKV2,TSRYS5823596,D,S,D,2024-06-27,1000000.00,4.539697,100.232421875
08:01:33,91282CKV2,TSRYS5823596,D,S,D,2024-06-27,1000000.00,4.543249,100.22265625
08:01:33,91282CKV2,TSRYS5823596,D,S,D,2024-06-27,1000000.00,4.543249,100.22265625
08:01:33,91282CKV2,TSRYS5823596,D,S,D,2024-06-27,1000000.00,4.543249,100.22265625
08:01:33,91282CKV2,TSRYS5823596,D,S,C,2024-06-27,1000000.00,4.543249,100.22265625
08:01:34,91282CKV2,TSRYS5823596,D,S,D,2024-06-27,1000000.00,4.534013,100.24804687
08:01:34,91282CKV2,TSRYS5823596,D,S,T,2024-06-27,1000000.00,4.536144,100.2421875
08:01:34,91282CKV2,TSRYS5823596,D,S,D,2024-06-27,1000000.00,4.541118,100.228515625
08:01:34,91282CKV2,TSRYS5823596,D,B,C,2024-06-27,1000000.00,4.541118,100.228515625
08:01:34,91282CKV2,TSRYS5823596,D,S,T,2024-06-27,1000000.00,4.536144,100.2421875
08:01:35,91282CKV2,TSRYS5823596,D,S,T,2024-06-27,1000000.00,4.543249,100.22265625
08:01:36,91282CKV2,TSRYS5823596,D,S,T,2024-06-27,1000000.00,4.543249,100.22265625
08:01:36,91282CKV2,TSRYS5823596,D,B,C,2024-06-27,2000000.00,4.538986,100.234375
08:01:36,91282CKV2,TSRYS5823596,D,B,C,2024-06-27,1000000.00,4.538986,100.234375
08:01:36,91282CKV2,TSRYS5823596,D,S,D,2024-06-27,1000000.00,4.543249,100.22265625
08:01:36,91282CKV2,TSRYS5823596,D,S,T,2024-06-27,1000000.00,4.543249,100.22265625
08:01:36,91282CKV2,TSRYS5823596,D,S,C,2024-06-27,1000000.00,4.543249,100.22265625
08:01:36,91282CKV2,TSRYS5823596,D,S,D,2024-06-27,1000000.00,4.543249,100.22265625
08:01:36,91282CKV2,TSRYS5823596,D,S,T,2024-06-27,2000000.00,4.539032,100.23425
08:01:36,91282CKV2,TSRYS5823596,D,S,C,2024-06-27,1000000.00,4.543249,100.22265625
08:01:36,91282CKV2,TSRYS5823596,D,S,T,2024-06-27,1000000.00,4.539032,100.23425
08:01:36,91282CKV2,TSRYS5823596,D,S,T,2024-06-27,1000000.00,4.539032,100.23425
08:01:36,91282CKV2,TSRYS5823596,D,S,T,2024-06-27,1000000.00,4.539032,100.23425
08:01:36,91282CKV2,TSRYS5823596,D,S,T,2024-06-27,2000000.00,4.539032,100.23425
08:01:37,91282CKV2,TSRYS5823596,D,S,T,2024-06-27,1000000.00,4.539032,100.23425
