tradeTime,cusip,issueSymbolIdentifier,priceType,reportingSideCode,contraPartyTypeCode,tradeDate,reportedTradeVolume,lastSaleYield,lastSalePrice
08:00:05,91282CKV2,TSRYS5823596,D,S,D,2024-06-25,1000000.00,4.452108,100.474609375
08:00:05,91282CKV2,TSRYS5823596,D,S,D,2024-06-25,5000000.00,4.450693,100.478515625
08:00:05,91282CKV2,TSRYS5823596,D,S,D,2024-06-25,1000000.00,4.450693,100.478515625
08:00:05,91282CKV2,TSRYS5823596,D,S,D,2024-06-25,3000000.00,4.450693,100.478515625
08:00:05,91282CKV2,TSRYS5823596,D,S,D,2024-06-25,3000000.00,4.449986,100.48046875
08:00:09,91282CKV2,TSRYS5823596,D,S,D,2024-06-25,1000000.00,4.462718,100.4453125
08:00:09,91282CKV2,TSRYS5823596,D,S,T,2024-06-25,3000000.00,4.461303,100.44921875
08:00:09,91282CKV2,TSRYS5823596,D,S,D,2024-06-25,1000000.00,4.465548,100.4375
08:00:09,91282CKV2,TSRYS5823596,D,S,D,2024-06-25,2000000.00,4.464133,100.44140625
08:00:09,91282CKV2,TSRYS5823596,D,S,D,2024-06-25,8000000.00,4.469086,100.427734375
08:00:09,91282CKV2,TSRYS5823596,D,S,T,2024-06-25,1000000.00,4.466963,100.43359375
08:00:09,91282CKV2,TSRYS5823596,D,S,D,2024-06-25,3000000.00,4.466963,100.43359375
08:00:09,91282CKV2,TSRYS5823596,D,S,D,2024-06-25,2000000.00,4.463426,100.443359375
08:00:09,91282CKV2,TSRYS5823596,D,S,T,2024-06-25,2000000.00,4.452815,100.47265625
08:00:09,91282CKV2,TSRYS5823596,D,S,D,2024-06-25,3000000.00,4.452815,100.47265625
08:00:09,91282CKV2,TSRYS5823596,D,S,D,2024-06-25,3000000.00,4.452815,100.47265625
08:00:09,91282CKV2,TSRYS5823596,D,S,D,2024-06-25,2000000.00,4.452815,100.47265625
08:00:09,91282CKV2,TSRYS5823596,D,S,D,2024-06-25,1000000.00,4.458474,100.45703125
08:00:09,91282CKV2,TSRYS5823596,D,S,D,2024-06-25,1000000.00,4.458474,100.45703125
08:00:09,91282CKV2,TSRYS5823596,D,S,D,2024-06-25,1000000.00,4.458474,100.45703125
08:00:09,91282CKV2,TSRYS5823596,D,S,D,2024-06-25,2000000.00,4.458474,100.45703125
08:00:09,91282CKV2,TSRYS5823596,D,S,D,2024-06-25,1000000.00,4.458474,100.45703125
08:00:09,91282CKV2,TSRYS5823596,D,S,D,2024-06-25,1000000.00,4.457766,100.458984375
08:00:09,91282CKV2,TSRYS5823596,D,S,D,2024-06-25,1000000.00,4.455644,100.46484375
08:00:09,91282CKV2,TSRYS5823596,D,S,D,2024-06-25,2000000.00,4.455644,100.46484375
08:00:09,91282CKV2,TSRYS5823596,D,S,D,2024-06-25,2000000.00,4.455644,100.46484375
08:00:09,91282CKV2,TSRYS5823596,D,S,D,2024-06-25,1000000.00,4.455644,100.46484375
08:00:09,91282CKV2,TSRYS5823596,D,S,D,2024-06-25,1000000.00,4.448572,100.484375
08:00:09,91282CKV2,TSRYS5823596,D,S,D,2024-06-25,2000000.00,4.447865,100.486328125
08:00:09,91282CKV2,TSRYS5823596,D,S,D,2024-06-25,1000000.00,4.447865,100.486328125
08:00:09,91282CKV2,TSRYS5823596,D,S,D,2024-06-25,2000000.00,4.447865,100.486328125
08:00:09,91282CKV2,TSRYS5823596,D,S,D,2024-06-25,2000000.00,4.447865,100.486328125
08:00:09,91282CKV2,TSRYS5823596,D,S,D,2024-06-25,1000000.00,4.447865,100.486328125
08:00:09,91282CKV2,TSRYS5823596,D,S,D,2024-06-25,2000000.00,4.447865,100.486328125
08:00:09,91282CKV2,TSRYS5823596,D,S,D,2024-06-25,1000000.00,4.447865,100.486328125
08:00:09,91282CKV2,TSRYS5823596,D,S,D,2024-06-25,2000000.00,4.447865,100.486328125
08:00:09,91282CKV2,TSRYS5823596,D,S,D,2024-06-25,2000000.00,4.447865,100.486328125
08:00:09,91282CKV2,TSRYS5823596,D,S,D,2024-06-25,1000000.00,4.447865,100.486328125
08:00:09,91282CKV2,TSRYS5823596,D,S,D,2024-06-25,2000000.00,4.447865,100.486328125
08:00:09,91282CKV2,TSRYS5823596,D,S,D,2024-06-25,2000000.00,4.447865,100.486328125
08:00:09,91282CKV2,TSRYS5823596,D,S,D,2024-06-25,1000000.00,4.447865,100.486328125
08:00:09,91282CKV2,TSRYS5823596,D,S,T,2024-06-25,5000000.00,4.462718,100.4453125
08:00:09,91282CKV2,TSRYS5823596,D,S,T,2024-06-25,1000000.00,4.451401,100.4765625
08:00:09,91282CKV2,TSRYS5823596,D,S,T,2024-06-25,1000000.00,4.447158,100.48828125
08:00:13,91282CKV2,TSRYS5823596,D,S,T,2024-06-25,1000000.00,4.45423,100.46875
08:00:13,91282CKV2,TSRYS5823596,D,S,T,2024-06-25,1000000.00,4.45423,100.46875
08:00:13,91282CKV2,TSRYS5823596,D,S,T,2024-06-25,1000000.00,4.45423,100.46875
08:00:13,91282CKV2,TSRYS5823596,D,S,T,2024-06-25,1000000.00,4.45423,100.46875
08:00:13,91282CKV2,TSRYS5823596,D,S,T,2024-06-25,1000000.00,4.451401,100.4765625
08:00:13,91282CKV2,TSRYS5823596,D,S,T,2024-06-25,1000000.00,4.451401,100.4765625
08:00:13,91282CKV2,TSRYS5823596,D,S,T,2024-06-25,1000000.00,4.450693,100.478515625
08:00:13,91282CKV2,TSRYS5823596,D,S,T,2024-06-25,1000000.00,4.453522,100.470703125
08:00:13,91282CKV2,TSRYS5823596,D,S,T,2024-06-25,1000000.00,4.453522,100.470703125
08:00:13,91282CKV2,TSRYS5823596,D,S,T,2024-06-25,1000000.00,4.45423,100.46875
08:00:13,91282CKV2,TSRYS5823596,D,S,T,2024-06-25,1000000.00,4.45423,100.46875
08:00:13,91282CKV2,TSRYS5823596,D,S,T,2024-06-25,1000000.00,4.457059,100.4609375
08:00:13,91282CKV2,TSRYS5823596,D,S,T,2024-06-25,1000000.00,4.457059,100.4609375
08:00:13,91282CKV2,TSRYS5823596,D,S,T,2024-06-25,1000000.00,4.457059,100.4609375
08:00:13,91282CKV2,TSRYS5823596,D,S,T,2024-06-25,1000000.00,4.456352,100.462890625
08:00:13,91282CKV2,TSRYS5823596,D,S,T,2024-06-25,1000000.00,4.457059,100.4609375
08:00:13,91282CKV2,TSRYS5823596,D,S,T,2024-06-25,1000000.00,4.457059,100.4609375
08:00:13,91282CKV2,TSRYS5823596,D,S,T,2024-06-25,1000000.00,4.455644,100.46484375
08:00:13,91282CKV2,TSRYS5823596,D,S,T,2024-06-25,1000000.00,4.455644,100.46484375
08:00:13,91282CKV2,TSRYS5823596,D,S,T,2024-06-25,1000000.00,4.455644,100.46484375
08:00:13,91282CKV2,TSRYS5823596,D,S,T,2024-06-25,1000000.00,4.457059,100.4609375
08:00:13,91282CKV2,TSRYS5823596,D,S,T,2024-06-25,1000000.00,4.460596,100.451171875
08:00:13,91282CKV2,TSRYS5823596,D,S,T,2024-06-25,2000000.00,4.459888,100.453125
08:00:13,91282CKV2,TSRYS5823596,D,S,T,2024-06-25,2000000.00,4.462718,100.4453125
08:00:13,91282CKV2,TSRYS5823596,D,S,T,2024-06-25,1000000.00,4.458474,100.45703125
08:00:13,91282CKV2,TSRYS5823596,D,S,T,2024-06-25,1000000.00,4.459181,100.455078125
08:00:13,91282CKV2,TSRYS5823596,D,S,T,2024-06-25,1000000.00,4.462718,100.4453125
08:00:13,91282CKV2,TSRYS5823596,D,S,T,2024-06-25,1000000.00,4.462011,100.447265625
08:00:13,91282CKV2,TSRYS5823596,D,S,T,2024-06-25,1000000.00,4.462011,100.447265625
08:00:13,91282CKV2,TSRYS5823596,D,S,T,2024-06-25,1000000.00,4.462718,100.4453125
08:00:13,91282CKV2,TSRYS5823596,D,S,T,2024-06-25,1000000.00,4.465548,100.4375
08:00:13,91282CKV2,TSRYS5823596,D,S,T,2024-06-25,1000000.00,4.471209,100.421875
08:00:13,91282CKV2,TSRYS5823596,D,S,T,2024-06-25,1000000.00,4.471209,100.421875
08:00:13,91282CKV2,TSRYS5823596,D,S,T,2024-06-25,1000000.00,4.472625,100.41796875
08:00:13,91282CKV2,TSRYS5823596,D,S,T,2024-06-25,1000000.00,4.472625,100.41796875
08:00:13,91282CKV2,TSRYS5823596,D,S,T,2024-06-25,1000000.00,4.47404,100.4140625
08:00:13,91282CKV2,TSRYS5823596,D,S,T,2024-06-25,1000000.00,4.47404,100.4140625
08:00:13,91282CKV2,TSRYS5823596,D,S,T,2024-06-25,1000000.00,4.475455,100.41015625
08:00:13,91282CKV2,TSRYS5823596,D,S,T,2024-06-25,1000000.00,4.47404,100.4140625
08:00:13,91282CKV2,TSRYS5823596,D,S,T,2024-06-25,1000000.00,4.47404,100.4140625
08:00:13,91282CKV2,TSRYS5823596,D,S,T,2024-06-25,1000000.00,4.47404,100.4140625
08:00:13,91282CKV2,TSRYS5823596,D,S,T,2024-06-25,1000000.00,4.474748,100.412109375
08:00:13,91282CKV2,TSRYS5823596,D,S,T,2024-06-25,1000000.00,4.47404,100.4140625
08:00:13,91282CKV2,TSRYS5823596,D,S,T,2024-06-25,1000000.00,4.474748,100.412109375
08:00:13,91282CKV2,TSRYS5823596,D,S,T,2024-06-25,1000000.00,4.473332,100.416015625
08:00:13,91282CKV2,TSRYS5823596,D,S,T,2024-06-25,1000000.00,4.472625,100.41796875
08:00:13,91282CKV2,TSRYS5823596,D,S,T,2024-06-25,1000000.00,4.47404,100.4140625
08:00:13,91282CKV2,TSRYS5823596,D,S,T,2024-06-25,1000000.00,4.47404,100.4140625
08:00:13,91282CKV2,TSRYS5823596,D,S,T,2024-06-25,1000000.00,4.474748,100.412109375
08:00:13,91282CKV2,TSRYS5823596,D,S,T,2024-06-25,1000000.00,4.47404,100.4140625
08:00:13,91282CKV2,TSRYS5823596,D,S,T,2024-06-25,1000000.00,4.471209,100.421875
08:00:13,91282CKV2,TSRYS5823596,D,S,T,2024-06-25,2000000.00,4.469794,100.42578125
08:00:13,91282CKV2,TSRYS5823596,D,S,T,2024-06-25,1000000.00,4.469794,100.42578125
08:00:13,91282CKV2,TSRYS5823596,D,S,T,2024-06-25,1000000.00,4.467671,100.431640625
08:00:13,91282CKV2,TSRYS5823596,D,S,T,2024-06-25,1000000.00,4.469794,100.42578125
08:00:13,91282CKV2,TSRYS5823596,D,S,T,2024-06-25,1000000.00,4.469794,100.42578125
08:00:13,91282CKV2,TSRYS5823596,D,S,T,2024-06-25,1000000.00,4.469794,100.42578125
08:00:13,91282CKV2,TSRYS5823596,D,S,D,2024-06-25,1000000.00,4.466963,100.43359375
08:00:13,91282CKV2,TSRYS5823596,D,S,T,2024-06-25,1000000.00,4.466963,100.43359375
08:00:13,91282CKV2,TSRYS5823596,D,S,D,2024-06-25,1000000.00,4.467671,100.431640625
08:00:13,91282CKV2,TSRYS5823596,D,S,D,2024-06-25,1000000.00,4.467671,100.431640625
08:00:13,91282CKV2,TSRYS5823596,D,S,D,2024-06-25,1000000.00,4.467671,100.431640625
08:00:13,91282CKV2,TSRYS5823596,D,S,D,2024-06-25,1000000.00,4.467671,100.431640625
08:00:13,91282CKV2,TSRYS5823596,D,S,D,2024-06-25,1000000.00,4.467671,100.431640625
08:00:13,91282CKV2,TSRYS5823596,D,S,D,2024-06-25,1000000.00,4.467671,100.431640625
08:00:13,91282CKV2,TSRYS5823596,D,S,D,2024-06-25,1000000.00,4.467671,100.431640625
08:00:13,91282CKV2,TSRYS5823596,D,S,D,2024-06-25,1000000.00,4.467671,100.431640625
08:00:13,91282CKV2,TSRYS5823596,D,S,D,2024-06-25,1000000.00,4.467671,100.431640625
08:00:13,91282CKV2,TSRYS5823596,D,S,D,2024-06-25,1000000.00,4.467671,100.431640625
08:00:13,91282CKV2,TSRYS5823596,D,S,D,2024-06-25,1000000.00,4.467671,100.431640625
08:00:13,91282CKV2,TSRYS5823596,D,S,T,2024-06-25,1000000.00,4.467671,100.431640625
08:00:13,91282CKV2,TSRYS5823596,D,S,T,2024-06-25,1000000.00,4.467671,100.431640625
08:00:13,91282CKV2,TSRYS5823596,D,S,T,2024-06-25,1000000.00,4.467671,100.431640625
08:00:13,91282CKV2,TSRYS5823596,D,S,T,2024-06-25,1000000.00,4.467671,100.431640625
08:00:13,91282CKV2,TSRYS5823596,D,S,T,2024-06-25,1000000.00,4.467671,100.431640625
08:00:13,91282CKV2,TSRYS5823596,D,S,T,2024-06-25,1000000.00,4.468379,100.4296875
08:00:13,91282CKV2,TSRYS5823596,D,S,T,2024-06-25,1000000.00,4.466963,100.43359375
08:00:13,91282CKV2,TSRYS5823596,D,S,T,2024-06-25,1000000.00,4.466963,100.43359375
08:00:13,91282CKV2,TSRYS5823596,D,S,T,2024-06-25,1000000.00,4.466963,100.43359375
08:00:13,91282CKV2,TSRYS5823596,D,S,T,2024-06-25,4000000.00,4.462718,100.4453125
08:00:13,91282CKV2,TSRYS5823596,D,S,T,2024-06-25,1000000.00,4.459888,100.453125
08:00:13,91282CKV2,TSRYS5823596,D,S,T,2024-06-25,1000000.00,4.459888,100.453125
08:00:13,91282CKV2,TSRYS5823596,D,S,T,2024-06-25,1000000.00,4.45423,100.46875
08:00:13,91282CKV2,TSRYS5823596,D,S,T,2024-06-25,1000000.00,4.451401,100.4765625
08:00:13,91282CKV2,TSRYS5823596,D,S,T,2024-06-25,1000000.00,4.453522,100.470703125
08:00:13,91282CKV2,TSRYS5823596,D,S,T,2024-06-25,1000000.00,4.45423,100.46875
08:00:13,91282CKV2,TSRYS5823596,D,S,T,2024-06-25,1000000.00,4.45423,100.46875
08:00:13,91282CKV2,TSRYS5823596,D,S,T,2024-06-25,2000000.00,4.457059,100.4609375
08:00:13,91282CKV2,TSRYS5823596,D,S,T,2024-06-25,1000000.00,4.455644,100.46484375
08:00:13,91282CKV2,TSRYS5823596,D,S,T,2024-06-25,1000000.00,4.455644,100.46484375
08:00:13,91282CKV2,TSRYS5823596,D,S,T,2024-06-25,1000000.00,4.45423,100.46875
08:00:13,91282CKV2,TSRYS5823596,D,S,T,2024-06-25,1000000.00,4.448572,100.484375
08:00:13,91282CKV2,TSRYS5823596,D,S,T,2024-06-25,1000000.00,4.448572,100.484375
08:00:13,91282CKV2,TSRYS5823596,D,S,D,2024-06-25,1000000.00,4.45423,100.46875
08:00:13,91282CKV2,TSRYS5823596,D,S,D,2024-06-25,1000000.00,4.450693,100.478515625
08:00:13,91282CKV2,TSRYS5823596,D,B,A,2024-06-25,4524000.00,4.449986,100.4804688
08:00:13,91282CKV2,TSRYS5823596,D,S,D,2024-06-25,1000000.00,4.45423,100.46875
08:00:15,91282CKV2,TSRYS5823596,D,S,D,2024-06-25,1000000.00,4.452815,100.47265625
08:00:18,91282CKV2,TSRYS5823596,D,S,D,2024-06-25,1000000.00,4.449986,100.48046875
08:00:18,91282CKV2,TSRYS5823596,D,S,D,2024-06-25,1000000.00,4.450693,100.478515625
08:00:18,91282CKV2,TSRYS5823596,D,S,D,2024-06-25,1000000.00,4.452815,100.47265625
08:00:18,91282CKV2,TSRYS5823596,D,S,D,2024-06-25,1000000.00,4.452815,100.47265625
08:00:18,91282CKV2,TSRYS5823596,D,S,D,2024-06-25,2000000.00,4.452815,100.47265625
08:00:19,91282CKV2,TSRYS5823596,D,S,D,2024-06-25,1000000.00,4.452815,100.47265625
08:00:19,91282CKV2,TSRYS5823596,D,S,D,2024-06-25,1000000.00,4.455644,100.46484375
08:00:20,91282CKV2,TSRYS5823596,D,S,D,2024-06-25,2000000.00,4.447158,100.48828125
08:00:20,91282CKV2,TSRYS5823596,D,S,D,2024-06-25,1000000.00,4.447158,100.48828125
08:00:20,91282CKV2,TSRYS5823596,D,S,D,2024-06-25,2000000.00,4.447158,100.48828125
08:00:21,91282CKV2,TSRYS5823596,D,S,D,2024-06-25,1000000.00,4.455644,100.46484375
08:00:25,91282CKV2,TSRYS5823596,D,S,D,2024-06-25,1000000.00,4.462718,100.4453125
08:00:25,91282CKV2,TSRYS5823596,D,S,D,2024-06-25,1000000.00,4.462718,100.4453125
08:00:25,91282CKV2,TSRYS5823596,D,S,D,2024-06-25,1000000.00,4.462718,100.4453125
08:00:25,91282CKV2,TSRYS5823596,D,S,D,2024-06-25,1000000.00,4.462718,100.4453125
08:00:25,91282CKV2,TSRYS5823596,D,S,D,2024-06-25,1000000.00,4.462718,100.4453125
08:00:25,91282CKV2,TSRYS5823596,D,S,D,2024-06-25,1000000.00,4.462718,100.4453125
08:00:25,91282CKV2,TSRYS5823596,D,S,D,2024-06-25,1000000.00,4.462718,100.4453125
08:00:25,91282CKV2,TSRYS5823596,D,S,D,2024-06-25,1000000.00,4.462718,100.4453125
08:00:25,91282CKV2,TSRYS5823596,D,S,D,2024-06-25,1000000.00,4.462718,100.4453125
08:00:25,91282CKV2,TSRYS5823596,D,S,D,2024-06-25,1000000.00,4.462718,100.4453125
08:00:25,91282CKV2,TSRYS5823596,D,S,D,2024-06-25,1000000.00,4.462718,100.4453125
08:00:25,91282CKV2,TSRYS5823596,D,S,D,2024-06-25,1000000.00,4.462718,100.4453125
08:00:25,91282CKV2,TSRYS5823596,D,S,D,2024-06-25,1000000.00,4.462718,100.4453125
08:00:25,91282CKV2,TSRYS5823596,D,S,D,2024-06-25,1000000.00,4.462718,100.4453125
08:00:25,91282CKV2,TSRYS5823596,D,S,D,2024-06-25,1000000.00,4.462718,100.4453125
08:00:25,91282CKV2,TSRYS5823596,D,S,D,2024-06-25,1000000.00,4.462718,100.4453125
08:00:25,91282CKV2,TSRYS5823596,D,S,D,2024-06-25,1000000.00,4.462718,100.4453125
08:00:25,91282CKV2,TSRYS5823596,D,S,D,2024-06-25,1000000.00,4.462718,100.4453125
08:00:25,91282CKV2,TSRYS5823596,D,S,D,2024-06-25,1000000.00,4.462718,100.4453125
08:00:25,91282CKV2,TSRYS5823596,D,S,D,2024-06-25,1000000.00,4.462718,100.4453125
08:00:25,91282CKV2,TSRYS5823596,D,S,D,2024-06-25,1000000.00,4.462718,100.4453125
08:00:25,91282CKV2,TSRYS5823596,D,S,D,2024-06-25,1000000.00,4.462718,100.4453125
08:00:26,91282CKV2,TSRYS5823596,D,S,T,2024-06-25,1000000.00,4.466963,100.43359375
08:00:26,91282CKV2,TSRYS5823596,D,S,T,2024-06-25,2000000.00,4.45423,100.46875
08:00:26,91282CKV2,TSRYS5823596,D,B,C,2024-06-25,4000000.00,4.472625,100.41796875
08:00:26,91282CKV2,TSRYS5823596,D,S,T,2024-06-25,1000000.00,4.47404,100.4140625
08:00:26,91282CKV2,TSRYS5823596,D,S,D,2024-06-25,3000000.00,4.444329,100.49609375
08:00:28,91282CKV2,TSRYS5823596,D,S,D,2024-06-25,1000000.00,4.465548,100.4375
08:00:28,91282CKV2,TSRYS5823596,D,S,D,2024-06-25,1000000.00,4.466963,100.43359375
08:00:28,91282CKV2,TSRYS5823596,D,S,T,2024-06-25,1000000.00,4.457059,100.4609375
08:00:29,91282CKV2,TSRYS5823596,D,B,A,2024-06-25,10500000.00,4.451401,100.4765625
08:00:29,91282CKV2,TSRYS5823596,D,S,T,2024-06-25,1000000.00,4.457059,100.4609375
08:00:29,91282CKV2,TSRYS5823596,D,S,D,2024-06-25,2000000.00,4.467671,100.431640625
08:00:29,91282CKV2,TSRYS5823596,D,S,D,2024-06-25,2000000.00,4.468379,100.4296875
08:00:29,91282CKV2,TSRYS5823596,D,S,D,2024-06-25,2000000.00,4.469794,100.42578125
08:00:29,91282CKV2,TSRYS5823596,D,S,D,2024-06-25,2000000.00,4.471209,100.421875
08:00:29,91282CKV2,TSRYS5823596,D,S,D,2024-06-25,2000000.00,4.472625,100.41796875
08:00:29,91282CKV2,TSRYS5823596,D,S,D,2024-06-25,2000000.00,4.472625,100.41796875
08:00:29,91282CKV2,TSRYS5823596,D,S,D,2024-06-25,2000000.00,4.47404,100.4140625
08:00:29,91282CKV2,TSRYS5823596,D,S,D,2024-06-25,2000000.00,4.47404,100.4140625
08:00:29,91282CKV2,TSRYS5823596,D,S,D,2024-06-25,2000000.00,4.47404,100.4140625
08:00:29,91282CKV2,TSRYS5823596,D,S,D,2024-06-25,1000000.00,4.47404,100.4140625
08:00:29,91282CKV2,TSRYS5823596,D,S,D,2024-06-25,2000000.00,4.474748,100.412109375
08:00:30,91282CKV2,TSRYS5823596,D,S,T,2024-06-25,1000000.00,4.455644,100.46484375
08:00:30,91282CKV2,TSRYS5823596,D,S,T,2024-06-25,1000000.00,4.452815,100.47265625
08:00:30,91282CKV2,TSRYS5823596,D,S,T,2024-06-25,1000000.00,4.45423,100.46875
08:00:30,91282CKV2,TSRYS5823596,D,S,T,2024-06-25,1000000.00,4.452815,100.47265625
08:00:30,91282CKV2,TSRYS5823596,D,S,T,2024-06-25,1000000.00,4.45423,100.46875
08:00:30,91282CKV2,TSRYS5823596,D,S,T,2024-06-25,1000000.00,4.452815,100.47265625
08:00:30,91282CKV2,TSRYS5823596,D,S,T,2024-06-25,1000000.00,4.45423,100.46875
08:00:30,91282CKV2,TSRYS5823596,D,S,T,2024-06-25,1000000.00,4.452815,100.47265625
08:00:30,91282CKV2,TSRYS5823596,D,S,T,2024-06-25,1000000.00,4.452815,100.47265625
08:00:30,91282CKV2,TSRYS5823596,D,S,T,2024-06-25,1000000.00,4.451401,100.4765625
08:00:30,91282CKV2,TSRYS5823596,D,S,T,2024-06-25,1000000.00,4.451401,100.4765625
08:00:30,91282CKV2,TSRYS5823596,D,S,T,2024-06-25,1000000.00,4.449986,100.48046875
08:00:30,91282CKV2,TSRYS5823596,D,S,T,2024-06-25,1000000.00,4.451401,100.4765625
08:00:30,91282CKV2,TSRYS5823596,D,S,T,2024-06-25,2000000.00,4.451401,100.4765625
08:00:30,91282CKV2,TSRYS5823596,D,S,T,2024-06-25,1000000.00,4.451401,100.4765625
08:00:30,91282CKV2,TSRYS5823596,D,S,T,2024-06-25,1000000.00,4.451401,100.4765625
08:00:30,91282CKV2,TSRYS5823596,D,S,T,2024-06-25,1000000.00,4.452815,100.47265625
08:00:30,91282CKV2,TSRYS5823596,D,S,T,2024-06-25,1000000.00,4.452815,100.47265625
08:00:30,91282CKV2,TSRYS5823596,D,S,T,2024-06-25,1000000.00,4.452815,100.47265625
08:00:30,91282CKV2,TSRYS5823596,D,S,T,2024-06-25,2000000.00,4.452815,100.47265625
08:00:30,91282CKV2,TSRYS5823596,D,S,T,2024-06-25,1000000.00,4.455644,100.46484375
08:00:30,91282CKV2,TSRYS5823596,D,S,T,2024-06-25,1000000.00,4.457059,100.4609375
08:00:30,91282CKV2,TSRYS5823596,D,S,T,2024-06-25,1000000.00,4.455644,100.46484375
08:00:30,91282CKV2,TSRYS5823596,D,S,T,2024-06-25,1000000.00,4.455644,100.46484375
08:00:30,91282CKV2,TSRYS5823596,D,S,T,2024-06-25,1000000.00,4.455644,100.46484375
08:00:30,91282CKV2,TSRYS5823596,D,S,T,2024-06-25,1000000.00,4.455644,100.46484375
08:00:30,91282CKV2,TSRYS5823596,D,S,T,2024-06-25,1000000.00,4.455644,100.46484375
08:00:30,91282CKV2,TSRYS5823596,D,S,T,2024-06-25,1000000.00,4.455644,100.46484375
08:00:30,91282CKV2,TSRYS5823596,D,S,T,2024-06-25,2000000.00,4.455644,100.46484375
08:00:30,91282CKV2,TSRYS5823596,D,S,T,2024-06-25,1000000.00,4.455644,100.46484375
08:00:30,91282CKV2,TSRYS5823596,D,S,T,2024-06-25,1000000.00,4.455644,100.46484375
08:00:30,91282CKV2,TSRYS5823596,D,S,T,2024-06-25,2000000.00,4.454937,100.466796875
08:00:30,91282CKV2,TSRYS5823596,D,S,T,2024-06-25,1000000.00,4.455644,100.46484375
08:00:30,91282CKV2,TSRYS5823596,D,S,T,2024-06-25,1000000.00,4.454937,100.466796875
08:00:30,91282CKV2,TSRYS5823596,D,S,T,2024-06-25,1000000.00,4.455644,100.46484375
08:00:30,91282CKV2,TSRYS5823596,D,S,T,2024-06-25,1000000.00,4.457059,100.4609375
08:00:30,91282CKV2,TSRYS5823596,D,S,T,2024-06-25,1000000.00,4.457059,100.4609375
08:00:30,91282CKV2,TSRYS5823596,D,S,T,2024-06-25,1000000.00,4.457059,100.4609375
08:00:30,91282CKV2,TSRYS5823596,D,S,T,2024-06-25,2000000.00,4.457059,100.4609375
08:00:30,91282CKV2,TSRYS5823596,D,S,T,2024-06-25,1000000.00,4.458474,100.45703125
08:00:30,91282CKV2,TSRYS5823596,D,S,T,2024-06-25,2000000.00,4.458474,100.45703125
08:00:30,91282CKV2,TSRYS5823596,D,S,T,2024-06-25,1000000.00,4.457766,100.458984375
08:00:30,91282CKV2,TSRYS5823596,D,S,T,2024-06-25,1000000.00,4.459888,100.453125
08:00:30,91282CKV2,TSRYS5823596,D,S,T,2024-06-25,1000000.00,4.459888,100.453125
08:00:30,91282CKV2,TSRYS5823596,D,S,T,2024-06-25,1000000.00,4.459888,100.453125
08:00:30,91282CKV2,TSRYS5823596,D,S,T,2024-06-25,2000000.00,4.458474,100.45703125
08:00:30,91282CKV2,TSRYS5823596,D,S,T,2024-06-25,2000000.00,4.458474,100.45703125
08:00:30,91282CKV2,TSRYS5823596,D,S,T,2024-06-25,1000000.00,4.458474,100.45703125
08:00:30,91282CKV2,TSRYS5823596,D,S,T,2024-06-25,2000000.00,4.458474,100.45703125
08:00:30,91282CKV2,TSRYS5823596,D,S,T,2024-06-25,1000000.00,4.458474,100.45703125
08:00:30,91282CKV2,TSRYS5823596,D,S,T,2024-06-25,1000000.00,4.458474,100.45703125
08:00:30,91282CKV2,TSRYS5823596,D,S,T,2024-06-25,1000000.00,4.458474,100.45703125
08:00:30,91282CKV2,TSRYS5823596,D,S,T,2024-06-25,1000000.00,4.458474,100.45703125
08:00:30,91282CKV2,TSRYS5823596,D,S,T,2024-06-25,1000000.00,4.458474,100.45703125
08:00:30,91282CKV2,TSRYS5823596,D,S,T,2024-06-25,3000000.00,4.458474,100.45703125
08:00:30,91282CKV2,TSRYS5823596,D,S,T,2024-06-25,1000000.00,4.458474,100.45703125
08:00:30,91282CKV2,TSRYS5823596,D,S,T,2024-06-25,1000000.00,4.458474,100.45703125
08:00:30,91282CKV2,TSRYS5823596,D,S,T,2024-06-25,1000000.00,4.458474,100.45703125
08:00:30,91282CKV2,TSRYS5823596,D,S,T,2024-06-25,1000000.00,4.459888,100.453125
08:00:30,91282CKV2,TSRYS5823596,D,S,T,2024-06-25,1000000.00,4.459888,100.453125
08:00:30,91282CKV2,TSRYS5823596,D,S,T,2024-06-25,1000000.00,4.459888,100.453125
08:00:30,91282CKV2,TSRYS5823596,D,S,T,2024-06-25,3000000.00,4.459888,100.453125
08:00:30,91282CKV2,TSRYS5823596,D,S,T,2024-06-25,1000000.00,4.459888,100.453125
08:00:30,91282CKV2,TSRYS5823596,D,S,T,2024-06-25,2000000.00,4.461303,100.44921875
08:00:30,91282CKV2,TSRYS5823596,D,S,T,2024-06-25,1000000.00,4.461303,100.44921875
08:00:30,91282CKV2,TSRYS5823596,D,S,T,2024-06-25,1000000.00,4.461303,100.44921875
08:00:30,91282CKV2,TSRYS5823596,D,S,T,2024-06-25,1000000.00,4.461303,100.44921875
08:00:30,91282CKV2,TSRYS5823596,D,S,T,2024-06-25,1000000.00,4.461303,100.44921875
08:00:30,91282CKV2,TSRYS5823596,D,S,T,2024-06-25,2000000.00,4.459181,100.455078125
08:00:30,91282CKV2,TSRYS5823596,D,S,T,2024-06-25,1000000.00,4.462718,100.4453125
08:00:30,91282CKV2,TSRYS5823596,D,S,T,2024-06-25,1000000.00,4.464133,100.44140625
08:00:30,91282CKV2,TSRYS5823596,D,S,T,2024-06-25,1000000.00,4.464133,100.44140625
08:00:30,91282CKV2,TSRYS5823596,D,S,T,2024-06-25,1000000.00,4.462718,100.4453125
08:00:30,91282CKV2,TSRYS5823596,D,S,T,2024-06-25,1000000.00,4.462718,100.4453125
08:00:30,91282CKV2,TSRYS5823596,D,S,T,2024-06-25,2000000.00,4.462718,100.4453125
08:00:30,91282CKV2,TSRYS5823596,D,S,T,2024-06-25,1000000.00,4.462718,100.4453125
08:00:30,91282CKV2,TSRYS5823596,D,S,T,2024-06-25,1000000.00,4.462718,100.4453125
08:00:30,91282CKV2,TSRYS5823596,D,S,T,2024-06-25,2000000.00,4.462718,100.4453125
08:00:30,91282CKV2,TSRYS5823596,D,S,T,2024-06-25,1000000.00,4.462718,100.4453125
08:00:30,91282CKV2,TSRYS5823596,D,S,T,2024-06-25,2000000.00,4.462718,100.4453125
08:00:30,91282CKV2,TSRYS5823596,D,S,T,2024-06-25,1000000.00,4.462718,100.4453125
08:00:30,91282CKV2,TSRYS5823596,D,S,T,2024-06-25,1000000.00,4.462718,100.4453125
08:00:30,91282CKV2,TSRYS5823596,D,S,T,2024-06-25,1000000.00,4.462718,100.4453125
08:00:33,91282CKV2,TSRYS5823596,D,S,T,2024-06-25,1000000.00,4.457059,100.4609375
08:00:33,91282CKV2,TSRYS5823596,D,S,T,2024-06-25,1000000.00,4.458474,100.45703125
08:00:33,91282CKV2,TSRYS5823596,D,S,T,2024-06-25,4000000.00,4.458474,100.45703125
08:00:33,91282CKV2,TSRYS5823596,D,S,T,2024-06-25,4000000.00,4.458474,100.45703125
08:00:33,91282CKV2,TSRYS5823596,D,S,T,2024-06-25,1000000.00,4.458474,100.45703125
08:00:33,91282CKV2,TSRYS5823596,D,S,T,2024-06-25,1000000.00,4.457766,100.458984375
08:00:33,91282CKV2,TSRYS5823596,D,S,T,2024-06-25,1000000.00,4.458474,100.45703125
08:00:33,91282CKV2,TSRYS5823596,D,S,T,2024-06-25,1000000.00,4.459888,100.453125
08:00:33,91282CKV2,TSRYS5823596,D,S,T,2024-06-25,1000000.00,4.459888,100.453125
08:00:33,91282CKV2,TSRYS5823596,D,S,T,2024-06-25,1000000.00,4.460596,100.451171875
08:00:33,91282CKV2,TSRYS5823596,D,S,T,2024-06-25,2000000.00,4.462718,100.4453125
08:00:33,91282CKV2,TSRYS5823596,D,S,T,2024-06-25,3000000.00,4.462718,100.4453125
08:00:33,91282CKV2,TSRYS5823596,D,S,T,2024-06-25,1000000.00,4.459888,100.453125
08:00:33,91282CKV2,TSRYS5823596,D,S,T,2024-06-25,1000000.00,4.459888,100.453125
08:00:33,91282CKV2,TSRYS5823596,D,S,T,2024-06-25,1000000.00,4.459888,100.453125
08:00:33,91282CKV2,TSRYS5823596,D,S,T,2024-06-25,1000000.00,4.461303,100.44921875
08:00:33,91282CKV2,TSRYS5823596,D,S,T,2024-06-25,1000000.00,4.461303,100.44921875
08:00:33,91282CKV2,TSRYS5823596,D,S,T,2024-06-25,1000000.00,4.461303,100.44921875
08:00:33,91282CKV2,TSRYS5823596,D,S,T,2024-06-25,1000000.00,4.464133,100.44140625
08:00:33,91282CKV2,TSRYS5823596,D,S,T,2024-06-25,1000000.00,4.462718,100.4453125
08:00:33,91282CKV2,TSRYS5823596,D,S,T,2024-06-25,1000000.00,4.459888,100.453125
08:00:33,91282CKV2,TSRYS5823596,D,S,T,2024-06-25,1000000.00,4.461303,100.44921875
08:00:33,91282CKV2,TSRYS5823596,D,S,T,2024-06-25,1000000.00,4.462011,100.447265625
08:00:33,91282CKV2,TSRYS5823596,D,S,T,2024-06-25,1000000.00,4.461303,100.44921875
08:00:33,91282CKV2,TSRYS5823596,D,S,T,2024-06-25,1000000.00,4.462718,100.4453125
08:00:33,91282CKV2,TSRYS5823596,D,S,T,2024-06-25,1000000.00,4.462718,100.4453125
08:00:33,91282CKV2,TSRYS5823596,D,S,T,2024-06-25,1000000.00,4.465548,100.4375
08:00:33,91282CKV2,TSRYS5823596,D,S,T,2024-06-25,1000000.00,4.465548,100.4375
08:00:33,91282CKV2,TSRYS5823596,D,S,T,2024-06-25,1000000.00,4.464133,100.44140625
08:00:33,91282CKV2,TSRYS5823596,D,S,T,2024-06-25,1000000.00,4.465548,100.4375
08:00:33,91282CKV2,TSRYS5823596,D,S,T,2024-06-25,1000000.00,4.465548,100.4375
08:00:33,91282CKV2,TSRYS5823596,D,S,T,2024-06-25,1000000.00,4.465548,100.4375
08:00:33,91282CKV2,TSRYS5823596,D,S,T,2024-06-25,1000000.00,4.465548,100.4375
08:00:33,91282CKV2,TSRYS5823596,D,S,T,2024-06-25,1000000.00,4.465548,100.4375
08:00:33,91282CKV2,TSRYS5823596,D,S,T,2024-06-25,1000000.00,4.465548,100.4375
08:00:33,91282CKV2,TSRYS5823596,D,S,T,2024-06-25,1000000.00,4.465548,100.4375
08:00:33,91282CKV2,TSRYS5823596,D,S,T,2024-06-25,4000000.00,4.465548,100.4375
08:00:33,91282CKV2,TSRYS5823596,D,S,T,2024-06-25,2000000.00,4.468379,100.4296875
08:00:33,91282CKV2,TSRYS5823596,D,S,T,2024-06-25,1000000.00,4.468379,100.4296875
08:00:33,91282CKV2,TSRYS5823596,D,S,T,2024-06-25,1000000.00,4.468379,100.4296875
08:00:33,91282CKV2,TSRYS5823596,D,S,T,2024-06-25,1000000.00,4.468379,100.4296875
08:00:33,91282CKV2,TSRYS5823596,D,S,T,2024-06-25,1000000.00,4.468379,100.4296875
08:00:33,91282CKV2,TSRYS5823596,D,S,T,2024-06-25,2000000.00,4.471917,100.419921875
08:00:33,91282CKV2,TSRYS5823596,D,S,T,2024-06-25,1000000.00,4.471209,100.421875
08:00:33,91282CKV2,TSRYS5823596,D,S,T,2024-06-25,1000000.00,4.470501,100.423828125
08:00:33,91282CKV2,TSRYS5823596,D,S,T,2024-06-25,1000000.00,4.469794,100.42578125
08:00:33,91282CKV2,TSRYS5823596,D,S,T,2024-06-25,1000000.00,4.469794,100.42578125
08:00:33,91282CKV2,TSRYS5823596,D,S,T,2024-06-25,1000000.00,4.468379,100.4296875
08:00:33,91282CKV2,TSRYS5823596,D,S,T,2024-06-25,1000000.00,4.468379,100.4296875
08:00:33,91282CKV2,TSRYS5823596,D,S,T,2024-06-25,1000000.00,4.468379,100.4296875
08:00:33,91282CKV2,TSRYS5823596,D,S,T,2024-06-25,1000000.00,4.468379,100.4296875
08:00:33,91282CKV2,TSRYS5823596,D,S,T,2024-06-25,1000000.00,4.469794,100.42578125
08:00:33,91282CKV2,TSRYS5823596,D,S,T,2024-06-25,1000000.00,4.471209,100.421875
08:00:33,91282CKV2,TSRYS5823596,D,S,T,2024-06-25,1000000.00,4.471209,100.421875
08:00:33,91282CKV2,TSRYS5823596,D,S,T,2024-06-25,2000000.00,4.471917,100.419921875
08:00:33,91282CKV2,TSRYS5823596,D,S,T,2024-06-25,1000000.00,4.472625,100.41796875
08:00:33,91282CKV2,TSRYS5823596,D,S,T,2024-06-25,1000000.00,4.472625,100.41796875
08:00:33,91282CKV2,TSRYS5823596,D,S,T,2024-06-25,1000000.00,4.472625,100.41796875
08:00:33,91282CKV2,TSRYS5823596,D,S,T,2024-06-25,1000000.00,4.47404,100.4140625
08:00:33,91282CKV2,TSRYS5823596,D,S,T,2024-06-25,1000000.00,4.47404,100.4140625
08:00:33,91282CKV2,TSRYS5823596,D,S,T,2024-06-25,2000000.00,4.47404,100.4140625
08:00:33,91282CKV2,TSRYS5823596,D,S,T,2024-06-25,2000000.00,4.47404,100.4140625
08:00:33,91282CKV2,TSRYS5823596,D,S,T,2024-06-25,1000000.00,4.47404,100.4140625
08:00:33,91282CKV2,TSRYS5823596,D,S,T,2024-06-25,1000000.00,4.47404,100.4140625
08:00:33,91282CKV2,TSRYS5823596,D,S,T,2024-06-25,1000000.00,4.47404,100.4140625
08:00:33,91282CKV2,TSRYS5823596,D,S,T,2024-06-25,1000000.00,4.47404,100.4140625
08:00:33,91282CKV2,TSRYS5823596,D,S,T,2024-06-25,1000000.00,4.47404,100.4140625
08:00:33,91282CKV2,TSRYS5823596,D,S,T,2024-06-25,2000000.00,4.47404,100.4140625
08:00:33,91282CKV2,TSRYS5823596,D,S,T,2024-06-25,1000000.00,4.47404,100.4140625
08:00:33,91282CKV2,TSRYS5823596,D,S,T,2024-06-25,1000000.00,4.47404,100.4140625
08:00:33,91282CKV2,TSRYS5823596,D,S,T,2024-06-25,1000000.00,4.47404,100.4140625
08:00:33,91282CKV2,TSRYS5823596,D,S,T,2024-06-25,1000000.00,4.47404,100.4140625
08:00:33,91282CKV2,TSRYS5823596,D,S,T,2024-06-25,1000000.00,4.47404,100.4140625
08:00:33,91282CKV2,TSRYS5823596,D,S,T,2024-06-25,1000000.00,4.47404,100.4140625
08:00:33,91282CKV2,TSRYS5823596,D,S,T,2024-06-25,1000000.00,4.47404,100.4140625
08:00:33,91282CKV2,TSRYS5823596,D,S,T,2024-06-25,1000000.00,4.47404,100.4140625
08:00:33,91282CKV2,TSRYS5823596,D,S,T,2024-06-25,1000000.00,4.47404,100.4140625
08:00:33,91282CKV2,TSRYS5823596,D,S,T,2024-06-25,1000000.00,4.47404,100.4140625
08:00:33,91282CKV2,TSRYS5823596,D,S,T,2024-06-25,1000000.00,4.473332,100.416015625
08:00:33,91282CKV2,TSRYS5823596,D,S,T,2024-06-25,1000000.00,4.472625,100.41796875
08:00:33,91282CKV2,TSRYS5823596,D,S,T,2024-06-25,1000000.00,4.472625,100.41796875
08:00:33,91282CKV2,TSRYS5823596,D,S,T,2024-06-25,1000000.00,4.47404,100.4140625
08:00:33,91282CKV2,TSRYS5823596,D,S,T,2024-06-25,1000000.00,4.47404,100.4140625
08:00:33,91282CKV2,TSRYS5823596,D,S,T,2024-06-25,1000000.00,4.47404,100.4140625
08:00:33,91282CKV2,TSRYS5823596,D,S,T,2024-06-25,1000000.00,4.47404,100.4140625
08:00:33,91282CKV2,TSRYS5823596,D,S,T,2024-06-25,1000000.00,4.47404,100.4140625
08:00:33,91282CKV2,TSRYS5823596,D,S,T,2024-06-25,1000000.00,4.47404,100.4140625
08:00:33,91282CKV2,TSRYS5823596,D,S,T,2024-06-25,1000000.00,4.47404,100.4140625
08:00:33,91282CKV2,TSRYS5823596,D,S,T,2024-06-25,1000000.00,4.47404,100.4140625
08:00:33,91282CKV2,TSRYS5823596,D,S,T,2024-06-25,1000000.00,4.47404,100.4140625
08:00:33,91282CKV2,TSRYS5823596,D,S,T,2024-06-25,1000000.00,4.47404,100.4140625
08:00:33,91282CKV2,TSRYS5823596,D,S,T,2024-06-25,1000000.00,4.474748,100.412109375
08:00:33,91282CKV2,TSRYS5823596,D,S,T,2024-06-25,1000000.00,4.47404,100.4140625
08:00:33,91282CKV2,TSRYS5823596,D,S,T,2024-06-25,1000000.00,4.47404,100.4140625
08:00:33,91282CKV2,TSRYS5823596,D,S,T,2024-06-25,1000000.00,4.47404,100.4140625
08:00:33,91282CKV2,TSRYS5823596,D,S,T,2024-06-25,1000000.00,4.47404,100.4140625
08:00:33,91282CKV2,TSRYS5823596,D,S,T,2024-06-25,2000000.00,4.47404,100.4140625
08:00:33,91282CKV2,TSRYS5823596,D,S,T,2024-06-25,1000000.00,4.47404,100.4140625
08:00:33,91282CKV2,TSRYS5823596,D,S,T,2024-06-25,1000000.00,4.47404,100.4140625
08:00:33,91282CKV2,TSRYS5823596,D,S,T,2024-06-25,1000000.00,4.47404,100.4140625
08:00:33,91282CKV2,TSRYS5823596,D,S,T,2024-06-25,1000000.00,4.472625,100.41796875
08:00:33,91282CKV2,TSRYS5823596,D,S,T,2024-06-25,1000000.00,4.472625,100.41796875
08:00:33,91282CKV2,TSRYS5823596,D,S,T,2024-06-25,1000000.00,4.471209,100.421875
08:00:33,91282CKV2,TSRYS5823596,D,S,T,2024-06-25,1000000.00,4.471209,100.421875
08:00:33,91282CKV2,TSRYS5823596,D,S,T,2024-06-25,1000000.00,4.471209,100.421875
08:00:33,91282CKV2,TSRYS5823596,D,S,T,2024-06-25,1000000.00,4.469794,100.42578125
08:00:33,91282CKV2,TSRYS5823596,D,S,T,2024-06-25,1000000.00,4.469794,100.42578125
08:00:33,91282CKV2,TSRYS5823596,D,S,T,2024-06-25,1000000.00,4.469794,100.42578125
08:00:33,91282CKV2,TSRYS5823596,D,S,T,2024-06-25,1000000.00,4.469794,100.42578125
08:00:33,91282CKV2,TSRYS5823596,D,S,T,2024-06-25,1000000.00,4.469794,100.42578125
08:00:33,91282CKV2,TSRYS5823596,D,S,T,2024-06-25,1000000.00,4.469794,100.42578125
08:00:33,91282CKV2,TSRYS5823596,D,S,T,2024-06-25,1000000.00,4.469794,100.42578125
08:00:33,91282CKV2,TSRYS5823596,D,S,T,2024-06-25,1000000.00,4.469794,100.42578125
08:00:33,91282CKV2,TSRYS5823596,D,S,T,2024-06-25,1000000.00,4.469794,100.42578125
08:00:33,91282CKV2,TSRYS5823596,D,S,T,2024-06-25,1000000.00,4.469794,100.42578125
08:00:33,91282CKV2,TSRYS5823596,D,S,T,2024-06-25,1000000.00,4.469794,100.42578125
08:00:33,91282CKV2,TSRYS5823596,D,S,T,2024-06-25,1000000.00,4.469794,100.42578125
08:00:33,91282CKV2,TSRYS5823596,D,S,T,2024-06-25,1000000.00,4.469794,100.42578125
08:00:33,91282CKV2,TSRYS5823596,D,S,T,2024-06-25,1000000.00,4.469794,100.42578125
08:00:33,91282CKV2,TSRYS5823596,D,S,T,2024-06-25,1000000.00,4.469794,100.42578125
08:00:33,91282CKV2,TSRYS5823596,D,S,T,2024-06-25,1000000.00,4.468379,100.4296875
08:00:33,91282CKV2,TSRYS5823596,D,S,T,2024-06-25,1000000.00,4.469794,100.42578125
08:00:33,91282CKV2,TSRYS5823596,D,S,T,2024-06-25,1000000.00,4.469794,100.42578125
08:00:33,91282CKV2,TSRYS5823596,D,S,T,2024-06-25,1000000.00,4.471209,100.421875
08:00:33,91282CKV2,TSRYS5823596,D,S,T,2024-06-25,1000000.00,4.469794,100.42578125
08:00:33,91282CKV2,TSRYS5823596,D,S,T,2024-06-25,1000000.00,4.469794,100.42578125
08:00:33,91282CKV2,TSRYS5823596,D,S,T,2024-06-25,1000000.00,4.466963,100.43359375
08:00:33,91282CKV2,TSRYS5823596,D,S,T,2024-06-25,1000000.00,4.468379,100.4296875
08:00:33,91282CKV2,TSRYS5823596,D,S,T,2024-06-25,1000000.00,4.466963,100.43359375
08:00:33,91282CKV2,TSRYS5823596,D,S,T,2024-06-25,1000000.00,4.466963,100.43359375
08:00:33,91282CKV2,TSRYS5823596,D,S,T,2024-06-25,1000000.00,4.468379,100.4296875
08:00:33,91282CKV2,TSRYS5823596,D,S,T,2024-06-25,1000000.00,4.468379,100.4296875
08:00:33,91282CKV2,TSRYS5823596,D,S,T,2024-06-25,1000000.00,4.468379,100.4296875
08:00:33,91282CKV2,TSRYS5823596,D,S,T,2024-06-25,1000000.00,4.468379,100.4296875
08:00:33,91282CKV2,TSRYS5823596,D,S,T,2024-06-25,1000000.00,4.468379,100.4296875
08:00:33,91282CKV2,TSRYS5823596,D,S,T,2024-06-25,1000000.00,4.468379,100.4296875
08:00:33,91282CKV2,TSRYS5823596,D,S,T,2024-06-25,1000000.00,4.468379,100.4296875
08:00:33,91282CKV2,TSRYS5823596,D,S,T,2024-06-25,1000000.00,4.468379,100.4296875
08:00:33,91282CKV2,TSRYS5823596,D,S,T,2024-06-25,1000000.00,4.468379,100.4296875
08:00:33,91282CKV2,TSRYS5823596,D,S,T,2024-06-25,1000000.00,4.468379,100.4296875
08:00:33,91282CKV2,TSRYS5823596,D,S,T,2024-06-25,1000000.00,4.468379,100.4296875
08:00:33,91282CKV2,TSRYS5823596,D,S,T,2024-06-25,1000000.00,4.468379,100.4296875
08:00:33,91282CKV2,TSRYS5823596,D,S,T,2024-06-25,1000000.00,4.468379,100.4296875
08:00:33,91282CKV2,TSRYS5823596,D,S,T,2024-06-25,1000000.00,4.468379,100.4296875
08:00:33,91282CKV2,TSRYS5823596,D,S,T,2024-06-25,1000000.00,4.468379,100.4296875
08:00:33,91282CKV2,TSRYS5823596,D,S,T,2024-06-25,1000000.00,4.468379,100.4296875
08:00:33,91282CKV2,TSRYS5823596,D,S,T,2024-06-25,1000000.00,4.468379,100.4296875
08:00:33,91282CKV2,TSRYS5823596,D,S,T,2024-06-25,1000000.00,4.468379,100.4296875
08:00:33,91282CKV2,TSRYS5823596,D,S,T,2024-06-25,1000000.00,4.468379,100.4296875
08:00:33,91282CKV2,TSRYS5823596,D,S,T,2024-06-25,1000000.00,4.466963,100.43359375
08:00:33,91282CKV2,TSRYS5823596,D,S,T,2024-06-25,1000000.00,4.464133,100.44140625
08:00:33,91282CKV2,TSRYS5823596,D,S,T,2024-06-25,1000000.00,4.462718,100.4453125
08:00:33,91282CKV2,TSRYS5823596,D,S,T,2024-06-25,3000000.00,4.462718,100.4453125
08:00:33,91282CKV2,TSRYS5823596,D,S,T,2024-06-25,4000000.00,4.462718,100.4453125
08:00:33,91282CKV2,TSRYS5823596,D,S,T,2024-06-25,5000000.00,4.462718,100.4453125
08:00:33,91282CKV2,TSRYS5823596,D,S,T,2024-06-25,1000000.00,4.462718,100.4453125
08:00:33,91282CKV2,TSRYS5823596,D,S,T,2024-06-25,1000000.00,4.462718,100.4453125
08:00:33,91282CKV2,TSRYS5823596,D,S,T,2024-06-25,1000000.00,4.462718,100.4453125
08:00:33,91282CKV2,TSRYS5823596,D,S,T,2024-06-25,1000000.00,4.462718,100.4453125
08:00:33,91282CKV2,TSRYS5823596,D,S,T,2024-06-25,2000000.00,4.461303,100.44921875
08:00:33,91282CKV2,TSRYS5823596,D,S,T,2024-06-25,1000000.00,4.459888,100.453125
08:00:33,91282CKV2,TSRYS5823596,D,S,T,2024-06-25,1000000.00,4.459888,100.453125
08:00:33,91282CKV2,TSRYS5823596,D,S,T,2024-06-25,1000000.00,4.458474,100.45703125
08:00:33,91282CKV2,TSRYS5823596,D,S,T,2024-06-25,1000000.00,4.458474,100.45703125
08:00:33,91282CKV2,TSRYS5823596,D,S,T,2024-06-25,1000000.00,4.458474,100.45703125
08:00:33,91282CKV2,TSRYS5823596,D,S,T,2024-06-25,1000000.00,4.457059,100.4609375
08:00:33,91282CKV2,TSRYS5823596,D,S,T,2024-06-25,2000000.00,4.455644,100.46484375
08:00:33,91282CKV2,TSRYS5823596,D,S,T,2024-06-25,1000000.00,4.455644,100.46484375
08:00:33,91282CKV2,TSRYS5823596,D,S,T,2024-06-25,1000000.00,4.452815,100.47265625
08:00:33,91282CKV2,TSRYS5823596,D,S,T,2024-06-25,1000000.00,4.452815,100.47265625
08:00:33,91282CKV2,TSRYS5823596,D,S,T,2024-06-25,1000000.00,4.452815,100.47265625
08:00:33,91282CKV2,TSRYS5823596,D,S,T,2024-06-25,1000000.00,4.452815,100.47265625
08:00:33,91282CKV2,TSRYS5823596,D,S,T,2024-06-25,1000000.00,4.452815,100.47265625
08:00:33,91282CKV2,TSRYS5823596,D,S,T,2024-06-25,1000000.00,4.451401,100.4765625
08:00:33,91282CKV2,TSRYS5823596,D,S,T,2024-06-25,1000000.00,4.451401,100.4765625
08:00:33,91282CKV2,TSRYS5823596,D,S,T,2024-06-25,3000000.00,4.451401,100.4765625
08:00:33,91282CKV2,TSRYS5823596,D,S,T,2024-06-25,2000000.00,4.451401,100.4765625
08:00:33,91282CKV2,TSRYS5823596,D,S,T,2024-06-25,1000000.00,4.451401,100.4765625
08:00:33,91282CKV2,TSRYS5823596,D,S,T,2024-06-25,2000000.00,4.451401,100.4765625
08:00:33,91282CKV2,TSRYS5823596,D,S,T,2024-06-25,1000000.00,4.451401,100.4765625
08:00:33,91282CKV2,TSRYS5823596,D,S,T,2024-06-25,1000000.00,4.451401,100.4765625
08:00:33,91282CKV2,TSRYS5823596,D,S,T,2024-06-25,2000000.00,4.451401,100.4765625
08:00:33,91282CKV2,TSRYS5823596,D,S,T,2024-06-25,1000000.00,4.451401,100.4765625
08:00:33,91282CKV2,TSRYS5823596,D,S,T,2024-06-25,2000000.00,4.451401,100.4765625
08:00:33,91282CKV2,TSRYS5823596,D,S,T,2024-06-25,2000000.00,4.451401,100.4765625
08:00:33,91282CKV2,TSRYS5823596,D,S,T,2024-06-25,2000000.00,4.451401,100.4765625
08:00:33,91282CKV2,TSRYS5823596,D,S,T,2024-06-25,2000000.00,4.451401,100.4765625
08:00:33,91282CKV2,TSRYS5823596,D,S,T,2024-06-25,1000000.00,4.451401,100.4765625
08:00:33,91282CKV2,TSRYS5823596,D,S,T,2024-06-25,1000000.00,4.451401,100.4765625
08:00:33,91282CKV2,TSRYS5823596,D,S,T,2024-06-25,2000000.00,4.451401,100.4765625
08:00:33,91282CKV2,TSRYS5823596,D,S,T,2024-06-25,1000000.00,4.451401,100.4765625
08:00:33,91282CKV2,TSRYS5823596,D,S,T,2024-06-25,1000000.00,4.451401,100.4765625
08:00:33,91282CKV2,TSRYS5823596,D,S,T,2024-06-25,1000000.00,4.451401,100.4765625
08:00:33,91282CKV2,TSRYS5823596,D,S,T,2024-06-25,1000000.00,4.451401,100.4765625
08:00:33,91282CKV2,TSRYS5823596,D,S,T,2024-06-25,2000000.00,4.451401,100.4765625
08:00:33,91282CKV2,TSRYS5823596,D,S,T,2024-06-25,1000000.00,4.451401,100.4765625
08:00:33,91282CKV2,TSRYS5823596,D,S,T,2024-06-25,1000000.00,4.451401,100.4765625
08:00:33,91282CKV2,TSRYS5823596,D,S,T,2024-06-25,1000000.00,4.451401,100.4765625
08:00:33,91282CKV2,TSRYS5823596,D,S,T,2024-06-25,1000000.00,4.451401,100.4765625
08:00:33,91282CKV2,TSRYS5823596,D,S,T,2024-06-25,1000000.00,4.451401,100.4765625
08:00:33,91282CKV2,TSRYS5823596,D,S,T,2024-06-25,1000000.00,4.451401,100.4765625
08:00:33,91282CKV2,TSRYS5823596,D,S,T,2024-06-25,1000000.00,4.451401,100.4765625
08:00:33,91282CKV2,TSRYS5823596,D,S,T,2024-06-25,1000000.00,4.451401,100.4765625
08:00:33,91282CKV2,TSRYS5823596,D,S,T,2024-06-25,1000000.00,4.451401,100.4765625
08:00:33,91282CKV2,TSRYS5823596,D,S,T,2024-06-25,1000000.00,4.451401,100.4765625
08:00:33,91282CKV2,TSRYS5823596,D,S,T,2024-06-25,1000000.00,4.451401,100.4765625
08:00:33,91282CKV2,TSRYS5823596,D,S,T,2024-06-25,1000000.00,4.451401,100.4765625
08:00:33,91282CKV2,TSRYS5823596,D,S,T,2024-06-25,1000000.00,4.451401,100.4765625
08:00:33,91282CKV2,TSRYS5823596,D,S,T,2024-06-25,1000000.00,4.451401,100.4765625
08:00:33,91282CKV2,TSRYS5823596,D,S,T,2024-06-25,1000000.00,4.451401,100.4765625
08:00:33,91282CKV2,TSRYS5823596,D,S,T,2024-06-25,1000000.00,4.451401,100.4765625
08:00:33,91282CKV2,TSRYS5823596,D,S,T,2024-06-25,1000000.00,4.451401,100.4765625
08:00:33,91282CKV2,TSRYS5823596,D,S,T,2024-06-25,1000000.00,4.451401,100.4765625
08:00:33,91282CKV2,TSRYS5823596,D,S,T,2024-06-25,1000000.00,4.451401,100.4765625
08:00:33,91282CKV2,TSRYS5823596,D,S,T,2024-06-25,1000000.00,4.451401,100.4765625
08:00:33,91282CKV2,TSRYS5823596,D,S,T,2024-06-25,1000000.00,4.452815,100.47265625
08:00:33,91282CKV2,TSRYS5823596,D,S,T,2024-06-25,1000000.00,4.45423,100.46875
08:00:33,91282CKV2,TSRYS5823596,D,S,T,2024-06-25,1000000.00,4.45423,100.46875
08:00:33,91282CKV2,TSRYS5823596,D,S,T,2024-06-25,1000000.00,4.45423,100.46875
08:00:33,91282CKV2,TSRYS5823596,D,S,T,2024-06-25,2000000.00,4.45423,100.46875
08:00:33,91282CKV2,TSRYS5823596,D,S,T,2024-06-25,2000000.00,4.45423,100.46875
08:00:33,91282CKV2,TSRYS5823596,D,S,T,2024-06-25,1000000.00,4.45423,100.46875
08:00:33,91282CKV2,TSRYS5823596,D,S,T,2024-06-25,1000000.00,4.457059,100.4609375
08:00:33,91282CKV2,TSRYS5823596,D,S,T,2024-06-25,1000000.00,4.457059,100.4609375
08:00:33,91282CKV2,TSRYS5823596,D,S,T,2024-06-25,1000000.00,4.457059,100.4609375
08:00:33,91282CKV2,TSRYS5823596,D,S,T,2024-06-25,3000000.00,4.457059,100.4609375
08:00:33,91282CKV2,TSRYS5823596,D,S,T,2024-06-25,1000000.00,4.45423,100.46875
08:00:33,91282CKV2,TSRYS5823596,D,S,T,2024-06-25,1000000.00,4.45423,100.46875
08:00:33,91282CKV2,TSRYS5823596,D,S,T,2024-06-25,1000000.00,4.45423,100.46875
08:00:33,91282CKV2,TSRYS5823596,D,S,T,2024-06-25,1000000.00,4.455644,100.46484375
08:00:33,91282CKV2,TSRYS5823596,D,S,T,2024-06-25,1000000.00,4.455644,100.46484375
08:00:33,91282CKV2,TSRYS5823596,D,S,T,2024-06-25,1000000.00,4.456352,100.462890625
08:00:33,91282CKV2,TSRYS5823596,D,S,T,2024-06-25,1000000.00,4.456352,100.462890625
08:00:33,91282CKV2,TSRYS5823596,D,S,T,2024-06-25,1000000.00,4.456352,100.462890625
08:00:33,91282CKV2,TSRYS5823596,D,S,T,2024-06-25,2000000.00,4.457059,100.4609375
08:00:33,91282CKV2,TSRYS5823596,D,S,T,2024-06-25,1000000.00,4.457059,100.4609375
08:00:33,91282CKV2,TSRYS5823596,D,S,T,2024-06-25,6000000.00,4.457059,100.4609375
08:00:33,91282CKV2,TSRYS5823596,D,S,T,2024-06-25,1000000.00,4.457059,100.4609375
08:00:33,91282CKV2,TSRYS5823596,D,S,T,2024-06-25,1000000.00,4.455644,100.46484375
08:00:33,91282CKV2,TSRYS5823596,D,S,T,2024-06-25,2000000.00,4.45423,100.46875
08:00:33,91282CKV2,TSRYS5823596,D,S,T,2024-06-25,1000000.00,4.453522,100.470703125
08:00:33,91282CKV2,TSRYS5823596,D,S,T,2024-06-25,1000000.00,4.452815,100.47265625
08:00:33,91282CKV2,TSRYS5823596,D,S,T,2024-06-25,1000000.00,4.452815,100.47265625
08:00:33,91282CKV2,TSRYS5823596,D,S,T,2024-06-25,1000000.00,4.452815,100.47265625
08:00:33,91282CKV2,TSRYS5823596,D,S,T,2024-06-25,11000000.00,4.452815,100.47265625
08:00:33,91282CKV2,TSRYS5823596,D,S,T,2024-06-25,1000000.00,4.452815,100.47265625
08:00:33,91282CKV2,TSRYS5823596,D,S,T,2024-06-25,1000000.00,4.452815,100.47265625
08:00:33,91282CKV2,TSRYS5823596,D,S,T,2024-06-25,1000000.00,4.452815,100.47265625
08:00:33,91282CKV2,TSRYS5823596,D,S,T,2024-06-25,1000000.00,4.452815,100.47265625
08:00:33,91282CKV2,TSRYS5823596,D,S,T,2024-06-25,1000000.00,4.451401,100.4765625
08:00:33,91282CKV2,TSRYS5823596,D,S,T,2024-06-25,1000000.00,4.449279,100.482421875
08:00:33,91282CKV2,TSRYS5823596,D,S,T,2024-06-25,1000000.00,4.449279,100.482421875
08:00:33,91282CKV2,TSRYS5823596,D,S,T,2024-06-25,1000000.00,4.448572,100.484375
08:00:33,91282CKV2,TSRYS5823596,D,S,T,2024-06-25,1000000.00,4.448572,100.484375
08:00:33,91282CKV2,TSRYS5823596,D,S,T,2024-06-25,5000000.00,4.448572,100.484375
08:00:33,91282CKV2,TSRYS5823596,D,S,T,2024-06-25,2000000.00,4.448572,100.484375
08:00:33,91282CKV2,TSRYS5823596,D,S,T,2024-06-25,1000000.00,4.448572,100.484375
08:00:33,91282CKV2,TSRYS5823596,D,S,T,2024-06-25,1000000.00,4.447158,100.48828125
08:00:33,91282CKV2,TSRYS5823596,D,S,T,2024-06-25,1000000.00,4.447158,100.48828125
08:00:33,91282CKV2,TSRYS5823596,D,S,T,2024-06-25,1000000.00,4.447158,100.48828125
08:00:33,91282CKV2,TSRYS5823596,D,S,T,2024-06-25,1000000.00,4.445743,100.4921875
08:00:33,91282CKV2,TSRYS5823596,D,S,T,2024-06-25,1000000.00,4.445743,100.4921875
08:00:33,91282CKV2,TSRYS5823596,D,S,T,2024-06-25,1000000.00,4.445743,100.4921875
08:00:33,91282CKV2,TSRYS5823596,D,S,T,2024-06-25,2000000.00,4.445743,100.4921875
08:00:33,91282CKV2,TSRYS5823596,D,S,T,2024-06-25,1000000.00,4.445743,100.4921875
08:00:33,91282CKV2,TSRYS5823596,D,S,T,2024-06-25,1000000.00,4.445743,100.4921875
08:00:33,91282CKV2,TSRYS5823596,D,S,T,2024-06-25,1000000.00,4.445743,100.4921875
08:00:33,91282CKV2,TSRYS5823596,D,S,T,2024-06-25,1000000.00,4.445743,100.4921875
08:00:33,91282CKV2,TSRYS5823596,D,S,T,2024-06-25,12000000.00,4.445743,100.4921875
08:00:33,91282CKV2,TSRYS5823596,D,S,T,2024-06-25,11000000.00,4.445743,100.4921875
08:00:33,91282CKV2,TSRYS5823596,D,S,T,2024-06-25,7000000.00,4.445743,100.4921875
08:00:33,91282CKV2,TSRYS5823596,D,S,T,2024-06-25,1000000.00,4.445743,100.4921875
08:00:33,91282CKV2,TSRYS5823596,D,S,T,2024-06-25,2000000.00,4.445743,100.4921875
08:00:33,91282CKV2,TSRYS5823596,D,S,T,2024-06-25,1000000.00,4.445743,100.4921875
08:00:33,91282CKV2,TSRYS5823596,D,S,T,2024-06-25,1000000.00,4.447158,100.48828125
08:00:33,91282CKV2,TSRYS5823596,D,S,T,2024-06-25,1000000.00,4.447158,100.48828125
08:00:33,91282CKV2,TSRYS5823596,D,S,T,2024-06-25,1000000.00,4.447158,100.48828125
08:00:33,91282CKV2,TSRYS5823596,D,S,T,2024-06-25,1000000.00,4.447158,100.48828125
08:00:33,91282CKV2,TSRYS5823596,D,S,T,2024-06-25,2000000.00,4.447158,100.48828125
08:00:33,91282CKV2,TSRYS5823596,D,S,T,2024-06-25,1000000.00,4.448572,100.484375
08:00:33,91282CKV2,TSRYS5823596,D,S,T,2024-06-25,9000000.00,4.448572,100.484375
08:00:33,91282CKV2,TSRYS5823596,D,S,T,2024-06-25,9000000.00,4.448572,100.484375
08:00:33,91282CKV2,TSRYS5823596,D,S,T,2024-06-25,1000000.00,4.448572,100.484375
08:00:33,91282CKV2,TSRYS5823596,D,S,T,2024-06-25,7000000.00,4.448572,100.484375
08:00:33,91282CKV2,TSRYS5823596,D,S,T,2024-06-25,2000000.00,4.448572,100.484375
08:00:33,91282CKV2,TSRYS5823596,D,S,T,2024-06-25,2000000.00,4.448572,100.484375
08:00:33,91282CKV2,TSRYS5823596,D,S,T,2024-06-25,1000000.00,4.448572,100.484375
08:00:33,91282CKV2,TSRYS5823596,D,S,T,2024-06-25,1000000.00,4.448572,100.484375
08:00:33,91282CKV2,TSRYS5823596,D,S,T,2024-06-25,1000000.00,4.448572,100.484375
08:00:33,91282CKV2,TSRYS5823596,D,S,T,2024-06-25,1000000.00,4.448572,100.484375
08:00:33,91282CKV2,TSRYS5823596,D,S,T,2024-06-25,1000000.00,4.448572,100.484375
08:00:33,91282CKV2,TSRYS5823596,D,S,T,2024-06-25,1000000.00,4.448572,100.484375
08:00:33,91282CKV2,TSRYS5823596,D,S,T,2024-06-25,1000000.00,4.448572,100.484375
08:00:33,91282CKV2,TSRYS5823596,D,S,T,2024-06-25,1000000.00,4.448572,100.484375
08:00:33,91282CKV2,TSRYS5823596,D,S,T,2024-06-25,1000000.00,4.447158,100.48828125
08:00:33,91282CKV2,TSRYS5823596,D,S,T,2024-06-25,1000000.00,4.447158,100.48828125
08:00:33,91282CKV2,TSRYS5823596,D,S,D,2024-06-25,1000000.00,4.450693,100.478515625
08:00:33,91282CKV2,TSRYS5823596,D,S,D,2024-06-25,2000000.00,4.467671,100.431640625
08:00:33,91282CKV2,TSRYS5823596,D,S,D,2024-06-25,2000000.00,4.468379,100.4296875
08:00:33,91282CKV2,TSRYS5823596,D,S,D,2024-06-25,2000000.00,4.469794,100.42578125
08:00:33,91282CKV2,TSRYS5823596,D,S,D,2024-06-25,2000000.00,4.471209,100.421875
08:00:33,91282CKV2,TSRYS5823596,D,S,D,2024-06-25,2000000.00,4.472625,100.41796875
08:00:33,91282CKV2,TSRYS5823596,D,S,D,2024-06-25,2000000.00,4.472625,100.41796875
08:00:33,91282CKV2,TSRYS5823596,D,S,D,2024-06-25,2000000.00,4.474748,100.412109375
08:00:33,91282CKV2,TSRYS5823596,D,S,D,2024-06-25,1000000.00,4.457766,100.458984375
08:00:33,91282CKV2,TSRYS5823596,D,S,D,2024-06-25,1000000.00,4.457059,100.4609375
08:00:33,91282CKV2,TSRYS5823596,D,S,D,2024-06-25,1000000.00,4.457059,100.4609375
08:00:33,91282CKV2,TSRYS5823596,D,S,D,2024-06-25,1000000.00,4.457059,100.4609375
08:00:33,91282CKV2,TSRYS5823596,D,S,D,2024-06-25,1000000.00,4.457059,100.4609375
08:00:33,91282CKV2,TSRYS5823596,D,S,D,2024-06-25,2000000.00,4.455644,100.46484375
08:00:33,91282CKV2,TSRYS5823596,D,S,D,2024-06-25,1000000.00,4.455644,100.46484375
08:00:33,91282CKV2,TSRYS5823596,D,S,D,2024-06-25,1000000.00,4.455644,100.46484375
08:00:33,91282CKV2,TSRYS5823596,D,S,D,2024-06-25,2000000.00,4.455644,100.46484375
08:00:33,91282CKV2,TSRYS5823596,D,S,D,2024-06-25,2000000.00,4.452108,100.474609375
08:00:33,91282CKV2,TSRYS5823596,D,S,D,2024-06-25,2000000.00,4.448572,100.484375
08:00:33,91282CKV2,TSRYS5823596,D,S,D,2024-06-25,1000000.00,4.448572,100.484375
08:00:33,91282CKV2,TSRYS5823596,D,S,D,2024-06-25,1000000.00,4.448572,100.484375
08:00:33,91282CKV2,TSRYS5823596,D,S,D,2024-06-25,1000000.00,4.448572,100.484375
08:00:33,91282CKV2,TSRYS5823596,D,S,D,2024-06-25,1000000.00,4.448572,100.484375
08:00:33,91282CKV2,TSRYS5823596,D,S,D,2024-06-25,1000000.00,4.452108,100.474609375
08:00:33,91282CKV2,TSRYS5823596,D,S,D,2024-06-25,1000000.00,4.450693,100.478515625
08:00:33,91282CKV2,TSRYS5823596,D,S,D,2024-06-25,2000000.00,4.450693,100.478515625
08:00:33,91282CKV2,TSRYS5823596,D,S,D,2024-06-25,1000000.00,4.449986,100.48046875
08:00:33,91282CKV2,TSRYS5823596,D,S,D,2024-06-25,1000000.00,4.450693,100.478515625
08:00:33,91282CKV2,TSRYS5823596,D,S,D,2024-06-25,1000000.00,4.45423,100.46875
08:00:33,91282CKV2,TSRYS5823596,D,S,D,2024-06-25,1000000.00,4.45423,100.46875
08:00:33,91282CKV2,TSRYS5823596,D,S,D,2024-06-25,1000000.00,4.455644,100.46484375
08:00:33,91282CKV2,TSRYS5823596,D,S,D,2024-06-25,1000000.00,4.45423,100.46875
08:00:33,91282CKV2,TSRYS5823596,D,S,D,2024-06-25,1000000.00,4.454937,100.466796875
08:00:33,91282CKV2,TSRYS5823596,D,S,D,2024-06-25,1000000.00,4.45423,100.46875
08:00:33,91282CKV2,TSRYS5823596,D,S,D,2024-06-25,1000000.00,4.45423,100.46875
08:00:33,91282CKV2,TSRYS5823596,D,S,D,2024-06-25,1000000.00,4.45423,100.46875
08:00:33,91282CKV2,TSRYS5823596,D,S,D,2024-06-25,2000000.00,4.452815,100.47265625
08:00:33,91282CKV2,TSRYS5823596,D,S,D,2024-06-25,1000000.00,4.466963,100.43359375
08:00:33,91282CKV2,TSRYS5823596,D,S,D,2024-06-25,1000000.00,4.452815,100.47265625
08:00:33,91282CKV2,TSRYS5823596,D,S,D,2024-06-25,1000000.00,4.452815,100.47265625
08:00:33,91282CKV2,TSRYS5823596,D,S,D,2024-06-25,2000000.00,4.452815,100.47265625
08:00:33,91282CKV2,TSRYS5823596,D,S,D,2024-06-25,1000000.00,4.452815,100.47265625
08:00:33,91282CKV2,TSRYS5823596,D,S,D,2024-06-25,2000000.00,4.452815,100.47265625
08:00:33,91282CKV2,TSRYS5823596,D,S,D,2024-06-25,3000000.00,4.452815,100.47265625
08:00:33,91282CKV2,TSRYS5823596,D,S,D,2024-06-25,1000000.00,4.452815,100.47265625
08:00:33,91282CKV2,TSRYS5823596,D,S,D,2024-06-25,1000000.00,4.452815,100.47265625
08:00:33,91282CKV2,TSRYS5823596,D,S,D,2024-06-25,1000000.00,4.452815,100.47265625
08:00:33,91282CKV2,TSRYS5823596,D,S,D,2024-06-25,3000000.00,4.452815,100.47265625
08:00:33,91282CKV2,TSRYS5823596,D,S,D,2024-06-25,1000000.00,4.452815,100.47265625
08:00:33,91282CKV2,TSRYS5823596,D,S,D,2024-06-25,1000000.00,4.450693,100.478515625
08:00:33,91282CKV2,TSRYS5823596,D,S,D,2024-06-25,1000000.00,4.455644,100.46484375
08:00:33,91282CKV2,TSRYS5823596,D,S,T,2024-06-25,1000000.00,4.452815,100.47265625
08:00:33,91282CKV2,TSRYS5823596,D,S,T,2024-06-25,1000000.00,4.452815,100.47265625
08:00:33,91282CKV2,TSRYS5823596,D,S,T,2024-06-25,1000000.00,4.452108,100.474609375
08:00:33,91282CKV2,TSRYS5823596,D,S,T,2024-06-25,1000000.00,4.452108,100.474609375
08:00:33,91282CKV2,TSRYS5823596,D,S,T,2024-06-25,1000000.00,4.449986,100.48046875
08:00:33,91282CKV2,TSRYS5823596,D,S,T,2024-06-25,1000000.00,4.45423,100.46875
08:00:33,91282CKV2,TSRYS5823596,D,S,T,2024-06-25,1000000.00,4.45423,100.46875
08:00:33,91282CKV2,TSRYS5823596,D,S,T,2024-06-25,1000000.00,4.454937,100.466796875
08:00:33,91282CKV2,TSRYS5823596,D,S,T,2024-06-25,2000000.00,4.461303,100.44921875
08:00:33,91282CKV2,TSRYS5823596,D,S,T,2024-06-25,1000000.00,4.461303,100.44921875
08:00:33,91282CKV2,TSRYS5823596,D,S,T,2024-06-25,4000000.00,4.462718,100.4453125
08:00:33,91282CKV2,TSRYS5823596,D,S,T,2024-06-25,2000000.00,4.461303,100.44921875
08:00:33,91282CKV2,TSRYS5823596,D,S,T,2024-06-25,2000000.00,4.472625,100.41796875
08:00:33,91282CKV2,TSRYS5823596,D,S,T,2024-06-25,2000000.00,4.474748,100.412109375
08:00:33,91282CKV2,TSRYS5823596,D,S,T,2024-06-25,2000000.00,4.474748,100.412109375
08:00:33,91282CKV2,TSRYS5823596,D,S,T,2024-06-25,1000000.00,4.469794,100.42578125
08:00:33,91282CKV2,TSRYS5823596,D,S,T,2024-06-25,1000000.00,4.469794,100.42578125
08:00:33,91282CKV2,TSRYS5823596,D,S,T,2024-06-25,2000000.00,4.467671,100.431640625
08:00:33,91282CKV2,TSRYS5823596,D,S,T,2024-06-25,1000000.00,4.450693,100.478515625
08:00:33,91282CKV2,TSRYS5823596,D,S,T,2024-06-25,1000000.00,4.450693,100.478515625
08:00:33,91282CKV2,TSRYS5823596,D,S,D,2024-06-25,1000000.00,4.457059,100.4609375
08:00:33,91282CKV2,TSRYS5823596,D,S,D,2024-06-25,1000000.00,4.456352,100.462890625
08:00:33,91282CKV2,TSRYS5823596,D,S,D,2024-06-25,1000000.00,4.45423,100.46875
08:00:33,91282CKV2,TSRYS5823596,D,S,D,2024-06-25,1000000.00,4.45423,100.46875
08:00:33,91282CKV2,TSRYS5823596,D,S,D,2024-06-25,1000000.00,4.452815,100.47265625
08:00:33,91282CKV2,TSRYS5823596,D,S,D,2024-06-25,1000000.00,4.455644,100.46484375
08:00:33,91282CKV2,TSRYS5823596,D,S,T,2024-06-25,1000000.00,4.455644,100.46484375
08:00:33,91282CKV2,TSRYS5823596,D,S,T,2024-06-25,2000000.00,4.455644,100.46484375
08:00:33,91282CKV2,TSRYS5823596,D,S,T,2024-06-25,1000000.00,4.456352,100.462890625
08:00:33,91282CKV2,TSRYS5823596,D,S,T,2024-06-25,1000000.00,4.455644,100.46484375
08:00:33,91282CKV2,TSRYS5823596,D,S,T,2024-06-25,1000000.00,4.45423,100.46875
08:00:33,91282CKV2,TSRYS5823596,D,S,T,2024-06-25,2000000.00,4.452108,100.474609375
08:00:33,91282CKV2,TSRYS5823596,D,S,T,2024-06-25,2000000.00,4.448572,100.484375
08:00:33,91282CKV2,TSRYS5823596,D,S,T,2024-06-25,2000000.00,4.448572,100.484375
08:00:33,91282CKV2,TSRYS5823596,D,S,T,2024-06-25,2000000.00,4.448572,100.484375
08:00:33,91282CKV2,TSRYS5823596,D,S,T,2024-06-25,1000000.00,4.448572,100.484375
08:00:33,91282CKV2,TSRYS5823596,D,S,T,2024-06-25,1000000.00,4.448572,100.484375
08:00:33,91282CKV2,TSRYS5823596,D,S,T,2024-06-25,1000000.00,4.448572,100.484375
08:00:33,91282CKV2,TSRYS5823596,D,S,T,2024-06-25,2000000.00,4.448572,100.484375
08:00:33,91282CKV2,TSRYS5823596,D,S,T,2024-06-25,1000000.00,4.448572,100.484375
08:00:33,91282CKV2,TSRYS5823596,D,S,T,2024-06-25,1000000.00,4.448572,100.484375
08:00:33,91282CKV2,TSRYS5823596,D,S,T,2024-06-25,1000000.00,4.448572,100.484375
08:00:33,91282CKV2,TSRYS5823596,D,S,D,2024-06-25,1000000.00,4.47404,100.4140625
08:00:33,91282CKV2,TSRYS5823596,D,S,D,2024-06-25,2000000.00,4.47404,100.4140625
08:00:33,91282CKV2,TSRYS5823596,D,S,D,2024-06-25,2000000.00,4.47404,100.4140625
08:00:33,91282CKV2,TSRYS5823596,D,S,T,2024-06-25,1000000.00,4.47404,100.4140625
08:00:37,91282CKV2,TSRYS5823596,D,S,D,2024-06-25,1000000.00,4.47404,100.4140625
08:00:37,91282CKV2,TSRYS5823596,D,S,D,2024-06-25,1000000.00,4.47404,100.4140625
08:00:37,91282CKV2,TSRYS5823596,D,S,D,2024-06-25,3000000.00,4.47404,100.4140625
08:00:37,91282CKV2,TSRYS5823596,D,S,D,2024-06-25,2000000.00,4.472625,100.41796875
08:00:37,91282CKV2,TSRYS5823596,D,S,D,2024-06-25,1000000.00,4.472625,100.41796875
08:00:37,91282CKV2,TSRYS5823596,D,B,A,2024-06-25,464000.00,4.462718,100.445312
08:00:38,91282CKV2,TSRYS5823596,D,S,D,2024-06-25,1000000.00,4.458474,100.45703125
08:00:39,91282CKV2,TSRYS5823596,D,B,A,2024-06-25,5000000.00,4.457059,100.460938
08:00:39,91282CKV2,TSRYS5823596,D,S,T,2024-06-25,1000000.00,4.457059,100.4609375
08:00:39,91282CKV2,TSRYS5823596,D,S,T,2024-06-25,1000000.00,4.458474,100.45703125
08:00:39,91282CKV2,TSRYS5823596,D,S,T,2024-06-25,1000000.00,4.458474,100.45703125
08:00:39,91282CKV2,TSRYS5823596,D,S,T,2024-06-25,1000000.00,4.458474,100.45703125
08:00:39,91282CKV2,TSRYS5823596,D,B,A,2024-06-25,4100000.00,4.452815,100.47265625
08:00:40,91282CKV2,TSRYS5823596,D,S,D,2024-06-25,1000000.00,4.452108,100.474609375
08:00:40,91282CKV2,TSRYS5823596,D,B,A,2024-06-25,27364000.00,4.457059,100.4609375
08:00:42,91282CKV2,TSRYS5823596,D,S,D,2024-06-25,1000000.00,4.452815,100.47265625
08:00:42,91282CKV2,TSRYS5823596,D,S,D,2024-06-25,1000000.00,4.452815,100.47265625
08:00:42,91282CKV2,TSRYS5823596,D,S,D,2024-06-25,1000000.00,4.452815,100.47265625
08:00:42,91282CKV2,TSRYS5823596,D,S,D,2024-06-25,2000000.00,4.457059,100.4609375
08:00:42,91282CKV2,TSRYS5823596,D,S,D,2024-06-25,1000000.00,4.457059,100.4609375
08:00:42,91282CKV2,TSRYS5823596,D,S,D,2024-06-25,2000000.00,4.457059,100.4609375
08:00:42,91282CKV2,TSRYS5823596,D,S,D,2024-06-25,3000000.00,4.455644,100.46484375
08:00:42,91282CKV2,TSRYS5823596,D,S,D,2024-06-25,2000000.00,4.455644,100.46484375
08:00:42,91282CKV2,TSRYS5823596,D,S,T,2024-06-25,1000000.00,4.452815,100.47265625
08:00:43,91282CKV2,TSRYS5823596,D,S,T,2024-06-25,1000000.00,4.449986,100.48046875
08:00:43,91282CKV2,TSRYS5823596,D,S,T,2024-06-25,1000000.00,4.455644,100.46484375
08:00:43,91282CKV2,TSRYS5823596,D,S,T,2024-06-25,1000000.00,4.455644,100.46484375
08:00:43,91282CKV2,TSRYS5823596,D,S,T,2024-06-25,1000000.00,4.455644,100.46484375
08:00:43,91282CKV2,TSRYS5823596,D,S,T,2024-06-25,1000000.00,4.455644,100.46484375
08:00:43,91282CKV2,TSRYS5823596,D,S,T,2024-06-25,4000000.00,4.455644,100.46484375
08:00:43,91282CKV2,TSRYS5823596,D,S,T,2024-06-25,1000000.00,4.455644,100.46484375
08:00:43,91282CKV2,TSRYS5823596,D,S,T,2024-06-25,3000000.00,4.455644,100.46484375
08:00:43,91282CKV2,TSRYS5823596,D,S,T,2024-06-25,1000000.00,4.455644,100.46484375
08:00:43,91282CKV2,TSRYS5823596,D,S,T,2024-06-25,4000000.00,4.455644,100.46484375
08:00:43,91282CKV2,TSRYS5823596,D,S,T,2024-06-25,1000000.00,4.455644,100.46484375
08:00:43,91282CKV2,TSRYS5823596,D,S,T,2024-06-25,5000000.00,4.455644,100.46484375
08:00:43,91282CKV2,TSRYS5823596,D,S,T,2024-06-25,1000000.00,4.455644,100.46484375
08:00:43,91282CKV2,TSRYS5823596,D,S,T,2024-06-25,1000000.00,4.455644,100.46484375
08:00:43,91282CKV2,TSRYS5823596,D,S,D,2024-06-25,1000000.00,4.455644,100.46484375
08:00:43,91282CKV2,TSRYS5823596,D,S,T,2024-06-25,1000000.00,4.455644,100.46484375
08:00:43,91282CKV2,TSRYS5823596,D,S,T,2024-06-25,3000000.00,4.455644,100.46484375
08:00:43,91282CKV2,TSRYS5823596,D,S,T,2024-06-25,2000000.00,4.455644,100.46484375
08:00:43,91282CKV2,TSRYS5823596,D,S,T,2024-06-25,2000000.00,4.455644,100.46484375
08:00:43,91282CKV2,TSRYS5823596,D,S,T,2024-06-25,1000000.00,4.455644,100.46484375
08:00:43,91282CKV2,TSRYS5823596,D,S,T,2024-06-25,5000000.00,4.455644,100.46484375
08:00:43,91282CKV2,TSRYS5823596,D,S,T,2024-06-25,2000000.00,4.455644,100.46484375
08:00:43,91282CKV2,TSRYS5823596,D,S,T,2024-06-25,1000000.00,4.455644,100.46484375
08:00:43,91282CKV2,TSRYS5823596,D,S,T,2024-06-25,1000000.00,4.455644,100.46484375
08:00:43,91282CKV2,TSRYS5823596,D,S,T,2024-06-25,1000000.00,4.455644,100.46484375
08:00:43,91282CKV2,TSRYS5823596,D,S,T,2024-06-25,1000000.00,4.455644,100.46484375
08:00:43,91282CKV2,TSRYS5823596,D,S,T,2024-06-25,5000000.00,4.455644,100.46484375
08:00:43,91282CKV2,TSRYS5823596,D,S,T,2024-06-25,1000000.00,4.455644,100.46484375
08:00:43,91282CKV2,TSRYS5823596,D,S,T,2024-06-25,1000000.00,4.455644,100.46484375
08:00:43,91282CKV2,TSRYS5823596,D,S,T,2024-06-25,5000000.00,4.455644,100.46484375
08:00:43,91282CKV2,TSRYS5823596,D,S,T,2024-06-25,1000000.00,4.455644,100.46484375
08:00:43,91282CKV2,TSRYS5823596,D,S,T,2024-06-25,1000000.00,4.455644,100.46484375
08:00:43,91282CKV2,TSRYS5823596,D,S,T,2024-06-25,1000000.00,4.455644,100.46484375
08:00:43,91282CKV2,TSRYS5823596,D,S,T,2024-06-25,1000000.00,4.455644,100.46484375
08:00:43,91282CKV2,TSRYS5823596,D,S,T,2024-06-25,1000000.00,4.455644,100.46484375
08:00:43,91282CKV2,TSRYS5823596,D,S,T,2024-06-25,1000000.00,4.455644,100.46484375
08:00:43,91282CKV2,TSRYS5823596,D,S,T,2024-06-25,4000000.00,4.455644,100.46484375
08:00:43,91282CKV2,TSRYS5823596,D,S,T,2024-06-25,1000000.00,4.455644,100.46484375
08:00:43,91282CKV2,TSRYS5823596,D,S,T,2024-06-25,1000000.00,4.455644,100.46484375
08:00:43,91282CKV2,TSRYS5823596,D,S,T,2024-06-25,1000000.00,4.455644,100.46484375
08:00:43,91282CKV2,TSRYS5823596,D,S,T,2024-06-25,1000000.00,4.455644,100.46484375
08:00:43,91282CKV2,TSRYS5823596,D,S,T,2024-06-25,1000000.00,4.455644,100.46484375
08:00:43,91282CKV2,TSRYS5823596,D,S,T,2024-06-25,1000000.00,4.455644,100.46484375
08:00:43,91282CKV2,TSRYS5823596,D,S,T,2024-06-25,4000000.00,4.456352,100.462890625
08:00:43,91282CKV2,TSRYS5823596,D,S,D,2024-06-25,93000000.00,4.456935,100.46128
08:00:43,91282CKV2,TSRYS5823596,D,S,T,2024-06-25,1000000.00,4.459888,100.453125
08:00:43,91282CKV2,TSRYS5823596,D,S,T,2024-06-25,1000000.00,4.459888,100.453125
08:00:43,91282CKV2,TSRYS5823596,D,S,T,2024-06-25,1000000.00,4.459888,100.453125
08:00:43,91282CKV2,TSRYS5823596,D,S,T,2024-06-25,1000000.00,4.459888,100.453125
08:00:43,91282CKV2,TSRYS5823596,D,S,T,2024-06-25,2000000.00,4.459888,100.453125
08:00:43,91282CKV2,TSRYS5823596,D,S,T,2024-06-25,2000000.00,4.459888,100.453125
08:00:43,91282CKV2,TSRYS5823596,D,S,D,2024-06-25,53000000.00,4.464672,100.43992
08:00:43,91282CKV2,TSRYS5823596,D,S,C,2024-06-25,200000.00,4.461303,100.44921875
08:00:43,91282CKV2,TSRYS5823596,D,S,C,2024-06-25,2760000.00,4.461303,100.44921875
08:00:43,91282CKV2,TSRYS5823596,D,S,T,2024-06-25,1000000.00,4.461303,100.44921875
08:00:43,91282CKV2,TSRYS5823596,D,S,T,2024-06-25,3000000.00,4.461303,100.44921875
08:00:43,91282CKV2,TSRYS5823596,D,S,T,2024-06-25,1000000.00,4.461303,100.44921875
08:00:43,91282CKV2,TSRYS5823596,D,S,T,2024-06-25,1000000.00,4.461303,100.44921875
08:00:43,91282CKV2,TSRYS5823596,D,S,D,2024-06-25,1000000.00,4.466963,100.43359375
08:00:43,91282CKV2,TSRYS5823596,D,S,T,2024-06-25,1000000.00,4.466963,100.43359375
08:00:43,91282CKV2,TSRYS5823596,D,S,T,2024-06-25,1000000.00,4.466963,100.43359375
08:00:43,91282CKV2,TSRYS5823596,D,S,T,2024-06-25,1000000.00,4.466963,100.43359375
08:00:43,91282CKV2,TSRYS5823596,D,S,T,2024-06-25,1000000.00,4.466963,100.43359375
08:00:43,91282CKV2,TSRYS5823596,D,S,T,2024-06-25,1000000.00,4.466963,100.43359375
08:00:43,91282CKV2,TSRYS5823596,D,S,T,2024-06-25,1000000.00,4.466963,100.43359375
08:00:43,91282CKV2,TSRYS5823596,D,S,T,2024-06-25,1000000.00,4.466963,100.43359375
08:00:43,91282CKV2,TSRYS5823596,D,S,T,2024-06-25,1000000.00,4.466963,100.43359375
08:00:43,91282CKV2,TSRYS5823596,D,S,T,2024-06-25,1000000.00,4.466963,100.43359375
08:00:43,91282CKV2,TSRYS5823596,D,S,T,2024-06-25,1000000.00,4.466963,100.43359375
08:00:43,91282CKV2,TSRYS5823596,D,S,T,2024-06-25,1000000.00,4.466963,100.43359375
08:00:43,91282CKV2,TSRYS5823596,D,S,T,2024-06-25,3000000.00,4.466963,100.43359375
08:00:43,91282CKV2,TSRYS5823596,D,S,T,2024-06-25,1000000.00,4.466963,100.43359375
08:00:43,91282CKV2,TSRYS5823596,D,S,T,2024-06-25,1000000.00,4.466963,100.43359375
08:00:43,91282CKV2,TSRYS5823596,D,S,T,2024-06-25,1000000.00,4.466963,100.43359375
08:00:43,91282CKV2,TSRYS5823596,D,S,T,2024-06-25,1000000.00,4.466963,100.43359375
08:00:43,91282CKV2,TSRYS5823596,D,S,T,2024-06-25,1000000.00,4.466963,100.43359375
08:00:43,91282CKV2,TSRYS5823596,D,S,T,2024-06-25,1000000.00,4.466963,100.43359375
08:00:43,91282CKV2,TSRYS5823596,D,S,T,2024-06-25,1000000.00,4.466963,100.43359375
08:00:43,91282CKV2,TSRYS5823596,D,S,T,2024-06-25,1000000.00,4.466963,100.43359375
08:00:43,91282CKV2,TSRYS5823596,D,S,T,2024-06-25,1000000.00,4.466963,100.43359375
08:00:43,91282CKV2,TSRYS5823596,D,S,T,2024-06-25,1000000.00,4.466963,100.43359375
08:00:43,91282CKV2,TSRYS5823596,D,S,T,2024-06-25,1000000.00,4.466963,100.43359375
08:00:43,91282CKV2,TSRYS5823596,D,S,T,2024-06-25,11000000.00,4.466963,100.43359375
08:00:43,91282CKV2,TSRYS5823596,D,S,T,2024-06-25,1000000.00,4.466963,100.43359375
08:00:43,91282CKV2,TSRYS5823596,D,S,T,2024-06-25,1000000.00,4.466963,100.43359375
08:00:43,91282CKV2,TSRYS5823596,D,S,T,2024-06-25,1000000.00,4.466963,100.43359375
08:00:43,91282CKV2,TSRYS5823596,D,S,T,2024-06-25,1000000.00,4.466963,100.43359375
08:00:43,91282CKV2,TSRYS5823596,D,S,T,2024-06-25,1000000.00,4.466963,100.43359375
08:00:43,91282CKV2,TSRYS5823596,D,S,T,2024-06-25,10000000.00,4.466963,100.43359375
08:00:43,91282CKV2,TSRYS5823596,D,S,T,2024-06-25,1000000.00,4.466963,100.43359375
08:00:43,91282CKV2,TSRYS5823596,D,S,T,2024-06-25,1000000.00,4.466963,100.43359375
08:00:43,91282CKV2,TSRYS5823596,D,S,T,2024-06-25,1000000.00,4.466963,100.43359375
08:00:43,91282CKV2,TSRYS5823596,D,S,T,2024-06-25,1000000.00,4.466963,100.43359375
08:00:43,91282CKV2,TSRYS5823596,D,S,T,2024-06-25,1000000.00,4.466963,100.43359375
08:00:43,91282CKV2,TSRYS5823596,D,S,T,2024-06-25,1000000.00,4.466963,100.43359375
08:00:43,91282CKV2,TSRYS5823596,D,S,T,2024-06-25,1000000.00,4.466963,100.43359375
08:00:43,91282CKV2,TSRYS5823596,D,S,T,2024-06-25,1000000.00,4.466963,100.43359375
08:00:43,91282CKV2,TSRYS5823596,D,S,T,2024-06-25,1000000.00,4.466963,100.43359375
08:00:43,91282CKV2,TSRYS5823596,D,S,T,2024-06-25,1000000.00,4.466963,100.43359375
08:00:43,91282CKV2,TSRYS5823596,D,S,T,2024-06-25,1000000.00,4.466963,100.43359375
08:00:43,91282CKV2,TSRYS5823596,D,S,T,2024-06-25,1000000.00,4.466963,100.43359375
08:00:43,91282CKV2,TSRYS5823596,D,S,T,2024-06-25,1000000.00,4.466963,100.43359375
08:00:43,91282CKV2,TSRYS5823596,D,S,T,2024-06-25,1000000.00,4.467671,100.431640625
08:00:43,91282CKV2,TSRYS5823596,D,S,D,2024-06-25,2000000.00,4.455644,100.46484375
08:00:43,91282CKV2,TSRYS5823596,D,S,T,2024-06-25,1000000.00,4.471209,100.421875
08:00:43,91282CKV2,TSRYS5823596,D,S,T,2024-06-25,1000000.00,4.471209,100.421875
08:00:43,91282CKV2,TSRYS5823596,D,S,T,2024-06-25,1000000.00,4.470501,100.423828125
08:00:43,91282CKV2,TSRYS5823596,D,S,T,2024-06-25,3000000.00,4.471209,100.421875
08:00:43,91282CKV2,TSRYS5823596,D,S,T,2024-06-25,3000000.00,4.470501,100.423828125
08:00:43,91282CKV2,TSRYS5823596,D,S,T,2024-06-25,1000000.00,4.471209,100.421875
08:00:43,91282CKV2,TSRYS5823596,D,S,T,2024-06-25,3000000.00,4.471209,100.421875
08:00:43,91282CKV2,TSRYS5823596,D,S,T,2024-06-25,1000000.00,4.471209,100.421875
08:00:43,91282CKV2,TSRYS5823596,D,S,T,2024-06-25,1000000.00,4.471209,100.421875
08:00:43,91282CKV2,TSRYS5823596,D,S,T,2024-06-25,1000000.00,4.471209,100.421875
08:00:43,91282CKV2,TSRYS5823596,D,S,T,2024-06-25,1000000.00,4.471209,100.421875
08:00:43,91282CKV2,TSRYS5823596,D,S,T,2024-06-25,1000000.00,4.471209,100.421875
08:00:43,91282CKV2,TSRYS5823596,D,S,T,2024-06-25,1000000.00,4.471209,100.421875
08:00:43,91282CKV2,TSRYS5823596,D,S,T,2024-06-25,1000000.00,4.471209,100.421875
08:00:43,91282CKV2,TSRYS5823596,D,S,T,2024-06-25,2000000.00,4.471209,100.421875
08:00:43,91282CKV2,TSRYS5823596,D,S,T,2024-06-25,1000000.00,4.471209,100.421875
08:00:43,91282CKV2,TSRYS5823596,D,S,T,2024-06-25,1000000.00,4.471209,100.421875
08:00:43,91282CKV2,TSRYS5823596,D,S,T,2024-06-25,1000000.00,4.471209,100.421875
08:00:43,91282CKV2,TSRYS5823596,D,S,T,2024-06-25,1000000.00,4.47404,100.4140625
08:00:43,91282CKV2,TSRYS5823596,D,S,T,2024-06-25,1000000.00,4.47404,100.4140625
08:00:43,91282CKV2,TSRYS5823596,D,S,T,2024-06-25,1000000.00,4.47404,100.4140625
08:00:43,91282CKV2,TSRYS5823596,D,S,C,2024-06-25,44000000.00,4.473332,100.416015625
08:00:43,91282CKV2,TSRYS5823596,D,S,T,2024-06-25,1000000.00,4.47404,100.4140625
08:00:43,91282CKV2,TSRYS5823596,D,S,T,2024-06-25,1000000.00,4.47404,100.4140625
08:00:43,91282CKV2,TSRYS5823596,D,S,T,2024-06-25,6000000.00,4.47404,100.4140625
08:00:43,91282CKV2,TSRYS5823596,D,S,T,2024-06-25,6000000.00,4.47404,100.4140625
08:00:43,91282CKV2,TSRYS5823596,D,S,T,2024-06-25,1000000.00,4.47404,100.4140625
08:00:43,91282CKV2,TSRYS5823596,D,S,T,2024-06-25,1000000.00,4.47404,100.4140625
08:00:43,91282CKV2,TSRYS5823596,D,S,D,2024-06-25,1000000.00,4.45423,100.46875
08:00:43,91282CKV2,TSRYS5823596,D,S,D,2024-06-25,1000000.00,4.45423,100.46875
08:00:43,91282CKV2,TSRYS5823596,D,S,D,2024-06-25,3000000.00,4.457059,100.4609375
08:00:43,91282CKV2,TSRYS5823596,D,B,A,2024-06-25,11000000.00,4.475455,100.41015625
08:00:43,91282CKV2,TSRYS5823596,D,S,T,2024-06-25,1000000.00,4.47404,100.4140625
08:00:43,91282CKV2,TSRYS5823596,D,S,D,2024-06-25,5000000.00,4.457059,100.4609375
08:00:43,91282CKV2,TSRYS5823596,D,S,D,2024-06-25,2000000.00,4.457059,100.4609375
08:00:43,91282CKV2,TSRYS5823596,D,S,T,2024-06-25,1000000.00,4.459888,100.453125
08:00:43,91282CKV2,TSRYS5823596,D,S,T,2024-06-25,4000000.00,4.469794,100.42578125
08:00:43,91282CKV2,TSRYS5823596,D,B,A,2024-06-25,1800000.00,4.469794,100.42578125
08:00:43,91282CKV2,TSRYS5823596,D,S,T,2024-06-25,1000000.00,4.469794,100.42578125
08:00:43,91282CKV2,TSRYS5823596,D,B,C,2024-06-25,27000.00,4.468379,100.4296875
08:00:43,91282CKV2,TSRYS5823596,D,S,C,2024-06-25,28000000.00,4.466963,100.43359375
08:00:43,91282CKV2,TSRYS5823596,D,S,T,2024-06-25,1000000.00,4.466963,100.43359375
08:00:43,91282CKV2,TSRYS5823596,D,S,T,2024-06-25,1000000.00,4.466963,100.43359375
08:00:43,91282CKV2,TSRYS5823596,D,S,C,2024-06-25,33000000.00,4.466256,100.435546875
08:00:43,91282CKV2,TSRYS5823596,D,S,D,2024-06-25,1000000.00,4.457059,100.4609375
08:00:43,91282CKV2,TSRYS5823596,D,S,D,2024-06-25,1000000.00,4.455644,100.46484375
08:00:43,91282CKV2,TSRYS5823596,D,S,T,2024-06-25,1000000.00,4.458474,100.45703125
08:00:43,91282CKV2,TSRYS5823596,D,S,T,2024-06-25,1000000.00,4.458474,100.45703125
08:00:43,91282CKV2,TSRYS5823596,D,S,T,2024-06-25,1000000.00,4.452815,100.47265625
08:00:43,91282CKV2,TSRYS5823596,D,S,D,2024-06-25,1000000.00,4.453,100.4721455389
08:00:43,91282CKV2,TSRYS5823596,D,S,D,2024-06-25,1000000.00,4.453,100.4721455389
08:00:43,91282CKV2,TSRYS5823596,D,S,T,2024-06-25,1000000.00,4.452815,100.47265625
08:00:43,91282CKV2,TSRYS5823596,D,S,D,2024-06-25,1000000.00,4.452815,100.47265625
08:00:43,91282CKV2,TSRYS5823596,D,S,D,2024-06-25,1000000.00,4.452815,100.47265625
08:00:43,91282CKV2,TSRYS5823596,D,S,D,2024-06-25,1000000.00,4.452815,100.47265625
08:00:43,91282CKV2,TSRYS5823596,D,S,D,2024-06-25,1000000.00,4.452815,100.47265625
08:00:43,91282CKV2,TSRYS5823596,D,S,D,2024-06-25,1000000.00,4.452815,100.47265625
08:00:43,91282CKV2,TSRYS5823596,D,S,D,2024-06-25,1000000.00,4.452815,100.47265625
08:00:43,91282CKV2,TSRYS5823596,D,S,D,2024-06-25,1000000.00,4.452815,100.47265625
08:00:43,91282CKV2,TSRYS5823596,D,S,D,2024-06-25,1000000.00,4.452815,100.47265625
08:00:43,91282CKV2,TSRYS5823596,D,S,D,2024-06-25,1000000.00,4.452815,100.47265625
08:00:43,91282CKV2,TSRYS5823596,D,S,D,2024-06-25,1000000.00,4.452815,100.47265625
08:00:43,91282CKV2,TSRYS5823596,D,S,D,2024-06-25,1000000.00,4.452815,100.47265625
08:00:43,91282CKV2,TSRYS5823596,D,S,D,2024-06-25,1000000.00,4.452815,100.47265625
08:00:43,91282CKV2,TSRYS5823596,D,S,D,2024-06-25,1000000.00,4.452815,100.47265625
08:00:43,91282CKV2,TSRYS5823596,D,S,D,2024-06-25,1000000.00,4.452815,100.47265625
08:00:43,91282CKV2,TSRYS5823596,D,S,D,2024-06-25,1000000.00,4.452815,100.47265625
08:00:43,91282CKV2,TSRYS5823596,D,S,D,2024-06-25,1000000.00,4.452815,100.47265625
08:00:43,91282CKV2,TSRYS5823596,D,S,D,2024-06-25,1000000.00,4.452815,100.47265625
08:00:43,91282CKV2,TSRYS5823596,D,S,T,2024-06-25,1000000.00,4.451401,100.4765625
08:00:43,91282CKV2,TSRYS5823596,D,S,T,2024-06-25,1000000.00,4.451401,100.4765625
08:00:43,91282CKV2,TSRYS5823596,D,S,T,2024-06-25,1000000.00,4.452815,100.47265625
08:00:43,91282CKV2,TSRYS5823596,D,B,A,2024-06-25,15846000.00,4.455644,100.46484375
08:00:43,91282CKV2,TSRYS5823596,D,S,T,2024-06-25,1000000.00,4.45423,100.46875
08:00:43,91282CKV2,TSRYS5823596,D,S,T,2024-06-25,1000000.00,4.461303,100.44921875
08:00:43,91282CKV2,TSRYS5823596,D,S,T,2024-06-25,2000000.00,4.462011,100.447265625
08:00:43,91282CKV2,TSRYS5823596,D,S,T,2024-06-25,1000000.00,4.457059,100.4609375
08:00:43,91282CKV2,TSRYS5823596,D,S,T,2024-06-25,1000000.00,4.45423,100.46875
08:00:43,91282CKV2,TSRYS5823596,D,S,D,2024-06-25,1000000.00,4.45423,100.46875
08:00:43,91282CKV2,TSRYS5823596,D,S,T,2024-06-25,1000000.00,4.452815,100.47265625
08:00:43,91282CKV2,TSRYS5823596,D,S,T,2024-06-25,3000000.00,4.452815,100.47265625
08:00:43,91282CKV2,TSRYS5823596,D,S,D,2024-06-25,1000000.00,4.4505,100.4790498012
08:00:43,91282CKV2,TSRYS5823596,D,S,D,2024-06-25,2000000.00,4.4505,100.4790498012
08:00:43,91282CKV2,TSRYS5823596,D,S,D,2024-06-25,1000000.00,4.453,100.4721455389
08:00:43,91282CKV2,TSRYS5823596,D,S,D,2024-06-25,3000000.00,4.457059,100.4609375
08:00:43,91282CKV2,TSRYS5823596,D,S,D,2024-06-25,2000000.00,4.457059,100.4609375
08:00:43,91282CKV2,TSRYS5823596,D,S,D,2024-06-25,2000000.00,4.457059,100.4609375
08:00:43,91282CKV2,TSRYS5823596,D,S,D,2024-06-25,1000000.00,4.457059,100.4609375
08:00:43,91282CKV2,TSRYS5823596,D,S,D,2024-06-25,1000000.00,4.457059,100.4609375
08:00:43,91282CKV2,TSRYS5823596,D,S,D,2024-06-25,1000000.00,4.457059,100.4609375
08:00:43,91282CKV2,TSRYS5823596,D,S,T,2024-06-25,1000000.00,4.457059,100.4609375
08:00:43,91282CKV2,TSRYS5823596,D,S,T,2024-06-25,1000000.00,4.457059,100.4609375
08:00:43,91282CKV2,TSRYS5823596,D,S,T,2024-06-25,1000000.00,4.457059,100.4609375
08:00:43,91282CKV2,TSRYS5823596,D,S,T,2024-06-25,1000000.00,4.457059,100.4609375
08:00:43,91282CKV2,TSRYS5823596,D,S,T,2024-06-25,1000000.00,4.457059,100.4609375
08:00:43,91282CKV2,TSRYS5823596,D,S,T,2024-06-25,1000000.00,4.457059,100.4609375
08:00:43,91282CKV2,TSRYS5823596,D,S,T,2024-06-25,1000000.00,4.457059,100.4609375
08:00:43,91282CKV2,TSRYS5823596,D,S,D,2024-06-25,1000000.00,4.457059,100.4609375
08:00:43,91282CKV2,TSRYS5823596,D,S,T,2024-06-25,1000000.00,4.457059,100.4609375
08:00:43,91282CKV2,TSRYS5823596,D,S,D,2024-06-25,2000000.00,4.457059,100.4609375
08:00:43,91282CKV2,TSRYS5823596,D,S,T,2024-06-25,1000000.00,4.455644,100.46484375
08:00:43,91282CKV2,TSRYS5823596,D,S,T,2024-06-25,1000000.00,4.455644,100.46484375
08:00:43,91282CKV2,TSRYS5823596,D,S,D,2024-06-25,1000000.00,4.457059,100.4609375
08:00:43,91282CKV2,TSRYS5823596,D,S,D,2024-06-25,2000000.00,4.457059,100.4609375
08:00:43,91282CKV2,TSRYS5823596,D,S,D,2024-06-25,1000000.00,4.457059,100.4609375
08:00:43,91282CKV2,TSRYS5823596,D,S,D,2024-06-25,1000000.00,4.457059,100.4609375
08:00:43,91282CKV2,TSRYS5823596,D,S,D,2024-06-25,1000000.00,4.4575,100.4597200751
08:00:43,91282CKV2,TSRYS5823596,D,S,D,2024-06-25,1000000.00,4.457059,100.4609375
08:00:43,91282CKV2,TSRYS5823596,D,S,D,2024-06-25,1000000.00,4.457059,100.4609375
08:00:43,91282CKV2,TSRYS5823596,D,S,D,2024-06-25,1000000.00,4.457059,100.4609375
08:00:43,91282CKV2,TSRYS5823596,D,S,D,2024-06-25,1000000.00,4.457059,100.4609375
08:00:43,91282CKV2,TSRYS5823596,D,S,D,2024-06-25,1000000.00,4.457059,100.4609375
08:00:43,91282CKV2,TSRYS5823596,D,S,D,2024-06-25,1000000.00,4.457059,100.4609375
08:00:43,91282CKV2,TSRYS5823596,D,S,D,2024-06-25,3000000.00,4.457059,100.4609375
08:00:43,91282CKV2,TSRYS5823596,D,S,D,2024-06-25,1000000.00,4.457059,100.4609375
08:00:43,91282CKV2,TSRYS5823596,D,S,D,2024-06-25,1000000.00,4.457059,100.4609375
08:00:43,91282CKV2,TSRYS5823596,D,S,T,2024-06-25,1000000.00,4.455644,100.46484375
08:00:43,91282CKV2,TSRYS5823596,D,S,T,2024-06-25,1000000.00,4.455644,100.46484375
08:00:43,91282CKV2,TSRYS5823596,D,S,D,2024-06-25,1000000.00,4.455644,100.46484375
08:00:43,91282CKV2,TSRYS5823596,D,S,D,2024-06-25,1000000.00,4.455644,100.46484375
08:00:43,91282CKV2,TSRYS5823596,D,S,D,2024-06-25,2000000.00,4.455644,100.46484375
08:00:43,91282CKV2,TSRYS5823596,D,S,T,2024-06-25,2000000.00,4.455644,100.46484375
08:00:43,91282CKV2,TSRYS5823596,D,S,D,2024-06-25,1000000.00,4.455644,100.46484375
08:00:43,91282CKV2,TSRYS5823596,D,S,T,2024-06-25,1000000.00,4.45423,100.46875
08:00:43,91282CKV2,TSRYS5823596,D,S,T,2024-06-25,5000000.00,4.45423,100.46875
08:00:43,91282CKV2,TSRYS5823596,D,S,T,2024-06-25,2000000.00,4.45423,100.46875
08:00:43,91282CKV2,TSRYS5823596,D,S,T,2024-06-25,4000000.00,4.45423,100.46875
08:00:43,91282CKV2,TSRYS5823596,D,S,T,2024-06-25,1000000.00,4.45423,100.46875
08:00:43,91282CKV2,TSRYS5823596,D,S,T,2024-06-25,2000000.00,4.45423,100.46875
08:00:43,91282CKV2,TSRYS5823596,D,S,T,2024-06-25,5000000.00,4.45423,100.46875
08:00:43,91282CKV2,TSRYS5823596,D,S,T,2024-06-25,1000000.00,4.45423,100.46875
08:00:43,91282CKV2,TSRYS5823596,D,S,T,2024-06-25,5000000.00,4.45423,100.46875
08:00:43,91282CKV2,TSRYS5823596,D,S,T,2024-06-25,1000000.00,4.45423,100.46875
08:00:43,91282CKV2,TSRYS5823596,D,S,T,2024-06-25,1000000.00,4.45423,100.46875
08:00:43,91282CKV2,TSRYS5823596,D,S,T,2024-06-25,1000000.00,4.45423,100.46875
08:00:43,91282CKV2,TSRYS5823596,D,S,T,2024-06-25,3000000.00,4.45423,100.46875
08:00:43,91282CKV2,TSRYS5823596,D,S,T,2024-06-25,1000000.00,4.45423,100.46875
08:00:43,91282CKV2,TSRYS5823596,D,S,T,2024-06-25,1000000.00,4.45423,100.46875
08:00:43,91282CKV2,TSRYS5823596,D,S,T,2024-06-25,5000000.00,4.45423,100.46875
08:00:43,91282CKV2,TSRYS5823596,D,S,T,2024-06-25,1000000.00,4.45423,100.46875
08:00:43,91282CKV2,TSRYS5823596,D,S,T,2024-06-25,1000000.00,4.45423,100.46875
08:00:43,91282CKV2,TSRYS5823596,D,S,T,2024-06-25,1000000.00,4.45423,100.46875
08:00:43,91282CKV2,TSRYS5823596,D,S,T,2024-06-25,1000000.00,4.45423,100.46875
08:00:43,91282CKV2,TSRYS5823596,D,S,T,2024-06-25,2000000.00,4.45423,100.46875
08:00:43,91282CKV2,TSRYS5823596,D,S,T,2024-06-25,1000000.00,4.45423,100.46875
08:00:43,91282CKV2,TSRYS5823596,D,S,T,2024-06-25,5000000.00,4.45423,100.46875
08:00:43,91282CKV2,TSRYS5823596,D,S,T,2024-06-25,2000000.00,4.45423,100.46875
08:00:43,91282CKV2,TSRYS5823596,D,S,T,2024-06-25,1000000.00,4.45423,100.46875
08:00:43,91282CKV2,TSRYS5823596,D,S,T,2024-06-25,1000000.00,4.45423,100.46875
08:00:43,91282CKV2,TSRYS5823596,D,S,D,2024-06-25,1000000.00,4.45423,100.46875
08:00:43,91282CKV2,TSRYS5823596,D,S,D,2024-06-25,1000000.00,4.45423,100.46875
08:00:43,91282CKV2,TSRYS5823596,D,S,D,2024-06-25,1000000.00,4.45423,100.46875
08:00:43,91282CKV2,TSRYS5823596,D,S,D,2024-06-25,1000000.00,4.45423,100.46875
08:00:43,91282CKV2,TSRYS5823596,D,S,D,2024-06-25,1000000.00,4.45423,100.46875
08:00:43,91282CKV2,TSRYS5823596,D,S,T,2024-06-25,1000000.00,4.45423,100.46875
08:00:43,91282CKV2,TSRYS5823596,D,S,T,2024-06-25,2000000.00,4.451401,100.4765625
08:00:43,91282CKV2,TSRYS5823596,D,S,T,2024-06-25,5000000.00,4.451401,100.4765625
08:00:43,91282CKV2,TSRYS5823596,D,S,T,2024-06-25,1000000.00,4.451401,100.4765625
08:00:43,91282CKV2,TSRYS5823596,D,S,T,2024-06-25,4000000.00,4.451401,100.4765625
08:00:43,91282CKV2,TSRYS5823596,D,S,T,2024-06-25,2000000.00,4.451401,100.4765625
08:00:43,91282CKV2,TSRYS5823596,D,S,T,2024-06-25,3000000.00,4.451401,100.4765625
08:00:43,91282CKV2,TSRYS5823596,D,S,T,2024-06-25,3000000.00,4.451401,100.4765625
08:00:43,91282CKV2,TSRYS5823596,D,S,T,2024-06-25,1000000.00,4.451401,100.4765625
08:00:43,91282CKV2,TSRYS5823596,D,S,T,2024-06-25,5000000.00,4.451401,100.4765625
08:00:43,91282CKV2,TSRYS5823596,D,S,T,2024-06-25,1000000.00,4.451401,100.4765625
08:00:43,91282CKV2,TSRYS5823596,D,S,T,2024-06-25,3000000.00,4.451401,100.4765625
08:00:43,91282CKV2,TSRYS5823596,D,S,T,2024-06-25,5000000.00,4.451401,100.4765625
08:00:43,91282CKV2,TSRYS5823596,D,S,T,2024-06-25,2000000.00,4.451401,100.4765625
08:00:43,91282CKV2,TSRYS5823596,D,S,T,2024-06-25,1000000.00,4.451401,100.4765625
08:00:43,91282CKV2,TSRYS5823596,D,S,T,2024-06-25,4000000.00,4.451401,100.4765625
08:00:43,91282CKV2,TSRYS5823596,D,S,T,2024-06-25,1000000.00,4.451401,100.4765625
08:00:44,91282CKV2,TSRYS5823596,D,S,T,2024-06-25,1000000.00,4.451401,100.4765625
08:00:44,91282CKV2,TSRYS5823596,D,S,T,2024-06-25,1000000.00,4.451401,100.4765625
08:00:44,91282CKV2,TSRYS5823596,D,S,T,2024-06-25,1000000.00,4.451401,100.4765625
08:00:44,91282CKV2,TSRYS5823596,D,S,T,2024-06-25,1000000.00,4.451401,100.4765625
08:00:44,91282CKV2,TSRYS5823596,D,S,T,2024-06-25,2000000.00,4.451401,100.4765625
08:00:44,91282CKV2,TSRYS5823596,D,S,D,2024-06-25,1000000.00,4.451401,100.4765625
08:00:44,91282CKV2,TSRYS5823596,D,S,T,2024-06-25,3000000.00,4.447158,100.48828125
08:00:44,91282CKV2,TSRYS5823596,D,S,T,2024-06-25,1000000.00,4.448572,100.484375
08:00:44,91282CKV2,TSRYS5823596,D,S,T,2024-06-25,1000000.00,4.448572,100.484375
08:00:44,91282CKV2,TSRYS5823596,D,S,D,2024-06-25,1000000.00,4.449,100.4831926273
08:00:44,91282CKV2,TSRYS5823596,D,S,D,2024-06-25,1000000.00,4.449,100.4831926273
08:00:44,91282CKV2,TSRYS5823596,D,S,T,2024-06-25,1000000.00,4.448572,100.484375
08:00:44,91282CKV2,TSRYS5823596,D,S,T,2024-06-25,1000000.00,4.448572,100.484375
08:00:44,91282CKV2,TSRYS5823596,D,S,D,2024-06-25,5000000.00,4.447158,100.48828125
08:00:44,91282CKV2,TSRYS5823596,D,S,D,2024-06-25,2000000.00,4.447158,100.48828125
08:00:44,91282CKV2,TSRYS5823596,D,S,D,2024-06-25,4000000.00,4.447158,100.48828125
08:00:44,91282CKV2,TSRYS5823596,D,S,D,2024-06-25,3000000.00,4.447158,100.48828125
08:00:44,91282CKV2,TSRYS5823596,D,S,D,2024-06-25,3000000.00,4.447158,100.48828125
08:00:44,91282CKV2,TSRYS5823596,D,S,T,2024-06-25,4000000.00,4.447158,100.48828125
08:00:44,91282CKV2,TSRYS5823596,D,S,T,2024-06-25,3000000.00,4.447158,100.48828125
08:00:44,91282CKV2,TSRYS5823596,D,S,T,2024-06-25,1000000.00,4.447158,100.48828125
08:00:44,91282CKV2,TSRYS5823596,D,S,T,2024-06-25,3000000.00,4.447158,100.48828125
08:00:44,91282CKV2,TSRYS5823596,D,S,T,2024-06-25,2000000.00,4.447158,100.48828125
08:00:44,91282CKV2,TSRYS5823596,D,S,T,2024-06-25,5000000.00,4.447158,100.48828125
08:00:44,91282CKV2,TSRYS5823596,D,S,D,2024-06-25,1000000.00,4.447158,100.48828125
08:00:44,91282CKV2,TSRYS5823596,D,S,D,2024-06-25,3000000.00,4.447158,100.48828125
08:00:44,91282CKV2,TSRYS5823596,D,S,D,2024-06-25,1000000.00,4.447158,100.48828125
08:00:44,91282CKV2,TSRYS5823596,D,S,D,2024-06-25,3000000.00,4.447158,100.48828125
08:00:44,91282CKV2,TSRYS5823596,D,S,T,2024-06-25,1000000.00,4.447158,100.48828125
08:00:44,91282CKV2,TSRYS5823596,D,S,T,2024-06-25,5000000.00,4.445743,100.4921875
08:00:44,91282CKV2,TSRYS5823596,D,S,T,2024-06-25,1000000.00,4.445743,100.4921875
08:00:44,91282CKV2,TSRYS5823596,D,S,T,2024-06-25,4000000.00,4.445743,100.4921875
08:00:44,91282CKV2,TSRYS5823596,D,S,T,2024-06-25,1000000.00,4.445743,100.4921875
08:00:44,91282CKV2,TSRYS5823596,D,S,T,2024-06-25,1000000.00,4.445743,100.4921875
08:00:44,91282CKV2,TSRYS5823596,D,S,T,2024-06-25,1000000.00,4.445743,100.4921875
08:00:44,91282CKV2,TSRYS5823596,D,S,T,2024-06-25,1000000.00,4.445743,100.4921875
08:00:44,91282CKV2,TSRYS5823596,D,S,T,2024-06-25,1000000.00,4.445743,100.4921875
08:00:44,91282CKV2,TSRYS5823596,D,S,T,2024-06-25,1000000.00,4.445743,100.4921875
08:00:44,91282CKV2,TSRYS5823596,D,S,T,2024-06-25,1000000.00,4.445743,100.4921875
08:00:44,91282CKV2,TSRYS5823596,D,S,T,2024-06-25,1000000.00,4.445743,100.4921875
08:00:44,91282CKV2,TSRYS5823596,D,S,T,2024-06-25,1000000.00,4.445743,100.4921875
08:00:44,91282CKV2,TSRYS5823596,D,S,T,2024-06-25,1000000.00,4.445743,100.4921875
08:00:44,91282CKV2,TSRYS5823596,D,S,T,2024-06-25,1000000.00,4.445743,100.4921875
08:00:44,91282CKV2,TSRYS5823596,D,S,T,2024-06-25,1000000.00,4.445743,100.4921875
08:00:44,91282CKV2,TSRYS5823596,D,S,T,2024-06-25,3000000.00,4.445743,100.4921875
08:00:44,91282CKV2,TSRYS5823596,D,S,T,2024-06-25,1000000.00,4.445743,100.4921875
08:00:44,91282CKV2,TSRYS5823596,D,S,T,2024-06-25,1000000.00,4.445743,100.4921875
08:00:44,91282CKV2,TSRYS5823596,D,S,T,2024-06-25,4000000.00,4.445743,100.4921875
08:00:44,91282CKV2,TSRYS5823596,D,S,T,2024-06-25,1000000.00,4.445743,100.4921875
08:00:44,91282CKV2,TSRYS5823596,D,S,T,2024-06-25,1000000.00,4.445743,100.4921875
08:00:44,91282CKV2,TSRYS5823596,D,S,T,2024-06-25,1000000.00,4.445743,100.4921875
08:00:44,91282CKV2,TSRYS5823596,D,S,T,2024-06-25,1000000.00,4.445743,100.4921875
08:00:44,91282CKV2,TSRYS5823596,D,S,T,2024-06-25,1000000.00,4.445743,100.4921875
08:00:44,91282CKV2,TSRYS5823596,D,S,T,2024-06-25,1000000.00,4.445743,100.4921875
08:00:44,91282CKV2,TSRYS5823596,D,S,T,2024-06-25,1000000.00,4.445743,100.4921875
08:00:44,91282CKV2,TSRYS5823596,D,S,T,2024-06-25,1000000.00,4.445743,100.4921875
08:00:44,91282CKV2,TSRYS5823596,D,S,T,2024-06-25,1000000.00,4.445743,100.4921875
08:00:44,91282CKV2,TSRYS5823596,D,S,T,2024-06-25,1000000.00,4.445743,100.4921875
08:00:44,91282CKV2,TSRYS5823596,D,S,T,2024-06-25,1000000.00,4.445743,100.4921875
08:00:44,91282CKV2,TSRYS5823596,D,S,T,2024-06-25,1000000.00,4.445743,100.4921875
08:00:44,91282CKV2,TSRYS5823596,D,S,T,2024-06-25,1000000.00,4.445743,100.4921875
08:00:44,91282CKV2,TSRYS5823596,D,S,T,2024-06-25,1000000.00,4.445743,100.4921875
08:00:44,91282CKV2,TSRYS5823596,D,S,T,2024-06-25,1000000.00,4.445743,100.4921875
08:00:44,91282CKV2,TSRYS5823596,D,S,T,2024-06-25,1000000.00,4.445743,100.4921875
08:00:44,91282CKV2,TSRYS5823596,D,B,C,2024-06-25,6472000.00,4.445743,100.4921875
08:00:44,91282CKV2,TSRYS5823596,D,S,T,2024-06-25,1000000.00,4.448572,100.484375
08:00:44,91282CKV2,TSRYS5823596,D,S,D,2024-06-25,1000000.00,4.449,100.4831926273
08:00:44,91282CKV2,TSRYS5823596,D,S,D,2024-06-25,2000000.00,4.449,100.4831926273
08:00:44,91282CKV2,TSRYS5823596,D,S,D,2024-06-25,1000000.00,4.448572,100.484375
08:00:44,91282CKV2,TSRYS5823596,D,S,T,2024-06-25,1000000.00,4.448572,100.484375
08:00:44,91282CKV2,TSRYS5823596,D,S,T,2024-06-25,1000000.00,4.448572,100.484375
08:00:44,91282CKV2,TSRYS5823596,D,S,T,2024-06-25,1000000.00,4.448572,100.484375
08:00:44,91282CKV2,TSRYS5823596,D,S,T,2024-06-25,1000000.00,4.448572,100.484375
08:00:44,91282CKV2,TSRYS5823596,D,S,T,2024-06-25,1000000.00,4.448572,100.484375
08:00:44,91282CKV2,TSRYS5823596,D,S,D,2024-06-25,1000000.00,4.449,100.4831926273
08:00:44,91282CKV2,TSRYS5823596,D,S,D,2024-06-25,1000000.00,4.449,100.4831926273
08:00:44,91282CKV2,TSRYS5823596,D,S,D,2024-06-25,3000000.00,4.455644,100.46484375
08:00:44,91282CKV2,TSRYS5823596,D,S,A,2024-06-25,3790000.00,4.449865,100.48080375
08:00:44,91282CKV2,TSRYS5823596,D,S,D,2024-06-25,2000000.00,4.452108,100.474609375
08:00:45,91282CKV2,TSRYS5823596,D,S,D,2024-06-25,2000000.00,4.457059,100.4609375
08:00:46,91282CKV2,TSRYS5823596,D,S,D,2024-06-25,2000000.00,4.448572,100.484375
08:00:46,91282CKV2,TSRYS5823596,D,S,D,2024-06-25,1000000.00,4.448572,100.484375
08:00:46,91282CKV2,TSRYS5823596,D,S,D,2024-06-25,1000000.00,4.448572,100.484375
08:00:46,91282CKV2,TSRYS5823596,D,S,D,2024-06-25,1000000.00,4.448572,100.484375
08:00:46,91282CKV2,TSRYS5823596,D,S,D,2024-06-25,1000000.00,4.448572,100.484375
08:00:46,91282CKV2,TSRYS5823596,D,S,D,2024-06-25,1000000.00,4.448572,100.484375
08:00:46,91282CKV2,TSRYS5823596,D,S,D,2024-06-25,2000000.00,4.472625,100.41796875
08:00:46,91282CKV2,TSRYS5823596,D,S,T,2024-06-25,1000000.00,4.472625,100.41796875
08:00:48,91282CKV2,TSRYS5823596,D,S,D,2024-06-25,1000000.00,4.458474,100.45703125
08:00:48,91282CKV2,TSRYS5823596,D,S,T,2024-06-25,1000000.00,4.458474,100.45703125
08:00:48,91282CKV2,TSRYS5823596,D,B,A,2024-06-25,2900000.00,4.457059,100.4609375
08:00:48,91282CKV2,TSRYS5823596,D,S,D,2024-06-25,1000000.00,4.457059,100.4609375
08:00:49,91282CKV2,TSRYS5823596,D,S,D,2024-06-25,1000000.00,4.457059,100.4609375
08:00:49,91282CKV2,TSRYS5823596,D,S,C,2024-06-25,63440000.00,4.456998,100.4611055
08:00:50,91282CKV2,TSRYS5823596,D,S,T,2024-06-25,1000000.00,4.455644,100.46484375
08:00:51,91282CKV2,TSRYS5823596,D,S,D,2024-06-25,1000000.00,4.472625,100.41796875
08:00:51,91282CKV2,TSRYS5823596,D,S,D,2024-06-25,2000000.00,4.457059,100.4609375
08:00:52,91282CKV2,TSRYS5823596,D,S,D,2024-06-25,1000000.00,4.455644,100.46484375
08:00:53,91282CKV2,TSRYS5823596,D,S,T,2024-06-25,1000000.00,4.465548,100.4375
08:00:53,91282CKV2,TSRYS5823596,D,S,T,2024-06-25,1000000.00,4.465548,100.4375
08:00:53,91282CKV2,TSRYS5823596,D,S,T,2024-06-25,1000000.00,4.465548,100.4375
08:00:53,91282CKV2,TSRYS5823596,D,S,T,2024-06-25,1000000.00,4.465548,100.4375
08:00:54,91282CKV2,TSRYS5823596,D,S,D,2024-06-25,3000000.00,4.455644,100.46484375
08:00:57,91282CKV2,TSRYS5823596,D,S,D,2024-06-25,1000000.00,4.455644,100.46484375
08:00:57,91282CKV2,TSRYS5823596,D,S,D,2024-06-25,1000000.00,4.455644,100.46484375
08:00:57,91282CKV2,TSRYS5823596,D,S,D,2024-06-25,1000000.00,4.455644,100.46484375
08:00:57,91282CKV2,TSRYS5823596,D,S,D,2024-06-25,2000000.00,4.45423,100.46875
08:00:57,91282CKV2,TSRYS5823596,D,S,T,2024-06-25,1000000.00,4.455644,100.46484375
08:00:58,91282CKV2,TSRYS5823596,D,S,D,2024-06-25,1000000.00,4.445036,100.494140625
08:00:58,91282CKV2,TSRYS5823596,D,S,T,2024-06-25,2000000.00,4.445036,100.494140625
08:00:58,91282CKV2,TSRYS5823596,D,S,D,2024-06-25,2000000.00,4.445036,100.494140625
08:00:58,91282CKV2,TSRYS5823596,D,S,D,2024-06-25,1000000.00,4.445036,100.494140625
08:00:59,91282CKV2,TSRYS5823596,D,B,A,2024-06-25,4000.00,4.458474,100.457031
08:00:59,91282CKV2,TSRYS5823596,D,B,A,2024-06-25,6200000.00,4.461303,100.44921875
08:01:00,91282CKV2,TSRYS5823596,D,S,D,2024-06-25,2000000.00,4.455644,100.46484375
08:01:00,91282CKV2,TSRYS5823596,D,S,D,2024-06-25,2000000.00,4.455644,100.46484375
08:01:01,91282CKV2,TSRYS5823596,D,S,A,2024-06-25,847800.00,4.468379,100.4296875
08:01:01,91282CKV2,TSRYS5823596,D,B,A,2024-06-25,1086000.00,4.451754,100.475585938
08:01:03,91282CKV2,TSRYS5823596,D,B,A,2024-06-25,946000.00,4.458474,100.457031
08:01:03,91282CKV2,TSRYS5823596,D,B,C,2024-06-25,121400000.00,4.4685,100.4293525
08:01:03,91282CKV2,TSRYS5823596,D,S,T,2024-06-25,1000000.00,4.466963,100.43359375
08:01:03,91282CKV2,TSRYS5823596,D,S,T,2024-06-25,1000000.00,4.467671,100.431640625
08:01:03,91282CKV2,TSRYS5823596,D,S,T,2024-06-25,1000000.00,4.467671,100.431640625
08:01:03,91282CKV2,TSRYS5823596,D,S,T,2024-06-25,1000000.00,4.467671,100.431640625
08:01:04,91282CKV2,TSRYS5823596,D,S,T,2024-06-25,1000000.00,4.468379,100.4296875
08:01:04,91282CKV2,TSRYS5823596,D,S,T,2024-06-25,1000000.00,4.468379,100.4296875
08:01:04,91282CKV2,TSRYS5823596,D,S,T,2024-06-25,1000000.00,4.468379,100.4296875
08:01:04,91282CKV2,TSRYS5823596,D,B,A,2024-06-25,1400000.00,4.468378,100.429688
08:01:04,91282CKV2,TSRYS5823596,D,S,T,2024-06-25,1000000.00,4.469086,100.427734375
08:01:04,91282CKV2,TSRYS5823596,D,S,T,2024-06-25,1000000.00,4.469086,100.427734375
08:01:04,91282CKV2,TSRYS5823596,D,S,A,2024-06-25,1920000.00,4.457059,100.4609375
08:01:04,91282CKV2,TSRYS5823596,D,S,T,2024-06-25,1000000.00,4.468379,100.4296875
08:01:04,91282CKV2,TSRYS5823596,D,S,T,2024-06-25,1000000.00,4.468379,100.4296875
08:01:04,91282CKV2,TSRYS5823596,D,S,T,2024-06-25,1000000.00,4.468379,100.4296875
08:01:04,91282CKV2,TSRYS5823596,D,S,T,2024-06-25,1000000.00,4.468379,100.4296875
08:01:04,91282CKV2,TSRYS5823596,D,S,T,2024-06-25,1000000.00,4.469794,100.42578125
08:01:04,91282CKV2,TSRYS5823596,D,S,T,2024-06-25,1000000.00,4.469794,100.42578125
08:01:04,91282CKV2,TSRYS5823596,D,S,T,2024-06-25,1000000.00,4.469086,100.427734375
08:01:04,91282CKV2,TSRYS5823596,D,S,T,2024-06-25,1000000.00,4.469794,100.42578125
08:01:04,91282CKV2,TSRYS5823596,D,S,T,2024-06-25,2000000.00,4.469794,100.42578125
08:01:04,91282CKV2,TSRYS5823596,D,S,T,2024-06-25,1000000.00,4.471209,100.421875
08:01:04,91282CKV2,TSRYS5823596,D,S,T,2024-06-25,1000000.00,4.471209,100.421875
08:01:04,91282CKV2,TSRYS5823596,D,S,D,2024-06-25,1000000.00,4.45423,100.46875
08:01:04,91282CKV2,TSRYS5823596,D,B,C,2024-06-25,1000000.00,4.45423,100.46875
08:01:04,91282CKV2,TSRYS5823596,D,S,T,2024-06-25,1000000.00,4.471917,100.419921875
08:01:04,91282CKV2,TSRYS5823596,D,S,T,2024-06-25,3000000.00,4.471917,100.419921875
08:01:04,91282CKV2,TSRYS5823596,D,S,T,2024-06-25,1000000.00,4.472625,100.41796875
08:01:04,91282CKV2,TSRYS5823596,D,S,T,2024-06-25,2000000.00,4.471917,100.419921875
08:01:04,91282CKV2,TSRYS5823596,D,B,A,2024-06-25,400000.00,4.472624,100.417969
08:01:04,91282CKV2,TSRYS5823596,D,S,T,2024-06-25,1000000.00,4.472625,100.41796875
08:01:04,91282CKV2,TSRYS5823596,D,S,C,2024-06-25,200000.00,4.455583,100.46501175
08:01:04,91282CKV2,TSRYS5823596,D,S,T,2024-06-25,1000000.00,4.472625,100.41796875
08:01:04,91282CKV2,TSRYS5823596,D,S,D,2024-06-25,5000000.00,4.450693,100.478515625
08:01:05,91282CKV2,TSRYS5823596,D,S,D,2024-06-25,1000000.00,4.450693,100.478515625
08:01:05,91282CKV2,TSRYS5823596,D,S,D,2024-06-25,1000000.00,4.450693,100.478515625
08:01:05,91282CKV2,TSRYS5823596,D,S,D,2024-06-25,1000000.00,4.45423,100.46875
08:01:05,91282CKV2,TSRYS5823596,D,B,C,2024-06-25,1000000.00,4.45423,100.46875
08:01:05,91282CKV2,TSRYS5823596,D,S,C,2024-06-25,1000000.00,4.452815,100.47265625
08:01:05,91282CKV2,TSRYS5823596,D,S,D,2024-06-25,1000000.00,4.452815,100.47265625
08:01:05,91282CKV2,TSRYS5823596,D,B,C,2024-06-25,1000000.00,4.452815,100.47265625
08:01:05,91282CKV2,TSRYS5823596,D,S,D,2024-06-25,1000000.00,4.452815,100.47265625
08:01:05,91282CKV2,TSRYS5823596,D,B,C,2024-06-25,1000000.00,4.452815,100.47265625
08:01:05,91282CKV2,TSRYS5823596,D,B,C,2024-06-25,1000000.00,4.452815,100.47265625
08:01:05,91282CKV2,TSRYS5823596,D,S,C,2024-06-25,1000000.00,4.449986,100.48046875
08:01:05,91282CKV2,TSRYS5823596,D,B,C,2024-06-25,2000000.00,4.450693,100.478515625
08:01:05,91282CKV2,TSRYS5823596,D,S,C,2024-06-25,2000000.00,4.450693,100.478515625
08:01:05,91282CKV2,TSRYS5823596,D,B,C,2024-06-25,1000000.00,4.450693,100.478515625
08:01:05,91282CKV2,TSRYS5823596,D,S,D,2024-06-25,4000000.00,4.449986,100.48046875
08:01:05,91282CKV2,TSRYS5823596,D,B,C,2024-06-25,4000000.00,4.449986,100.48046875
08:01:05,91282CKV2,TSRYS5823596,D,S,D,2024-06-25,1000000.00,4.450693,100.478515625
08:01:05,91282CKV2,TSRYS5823596,D,S,C,2024-06-25,2000000.00,4.450693,100.478515625
08:01:05,91282CKV2,TSRYS5823596,D,B,C,2024-06-25,4000000.00,4.449986,100.48046875
08:01:05,91282CKV2,TSRYS5823596,D,B,C,2024-06-25,4000000.00,4.449986,100.48046875
08:01:05,91282CKV2,TSRYS5823596,D,S,D,2024-06-25,1000000.00,4.449986,100.48046875
08:01:05,91282CKV2,TSRYS5823596,D,S,D,2024-06-25,4000000.00,4.449986,100.48046875
08:01:05,91282CKV2,TSRYS5823596,D,B,C,2024-06-25,2000000.00,4.450693,100.478515625
08:01:05,91282CKV2,TSRYS5823596,D,S,D,2024-06-25,2000000.00,4.452815,100.47265625
08:01:05,91282CKV2,TSRYS5823596,D,S,C,2024-06-25,4000000.00,4.449986,100.48046875
08:01:05,91282CKV2,TSRYS5823596,D,B,C,2024-06-25,4000000.00,4.449986,100.48046875
08:01:05,91282CKV2,TSRYS5823596,D,B,C,2024-06-25,1000000.00,4.449986,100.48046875
08:01:05,91282CKV2,TSRYS5823596,D,B,C,2024-06-25,1000000.00,4.451401,100.4765625
08:01:05,91282CKV2,TSRYS5823596,D,S,D,2024-06-25,4000000.00,4.449986,100.48046875
08:01:05,91282CKV2,TSRYS5823596,D,S,C,2024-06-25,1000000.00,4.451401,100.4765625
08:01:05,91282CKV2,TSRYS5823596,D,B,C,2024-06-25,1000000.00,4.452815,100.47265625
08:01:05,91282CKV2,TSRYS5823596,D,S,D,2024-06-25,1000000.00,4.452815,100.47265625
08:01:05,91282CKV2,TSRYS5823596,D,S,D,2024-06-25,1000000.00,4.455644,100.46484375
08:01:05,91282CKV2,TSRYS5823596,D,S,D,2024-06-25,1000000.00,4.452815,100.47265625
08:01:05,91282CKV2,TSRYS5823596,D,B,C,2024-06-25,1000000.00,4.452815,100.47265625
08:01:05,91282CKV2,TSRYS5823596,D,S,T,2024-06-25,2000000.00,4.45286,100.47253125
08:01:05,91282CKV2,TSRYS5823596,D,B,C,2024-06-25,1000000.00,4.455644,100.46484375
08:01:05,91282CKV2,TSRYS5823596,D,S,D,2024-06-25,3000000.00,4.455644,100.46484375
08:01:05,91282CKV2,TSRYS5823596,D,S,C,2024-06-25,1000000.00,4.455644,100.46484375
08:01:05,91282CKV2,TSRYS5823596,D,B,C,2024-06-25,1000000.00,4.454937,100.466796875
08:01:05,91282CKV2,TSRYS5823596,D,S,C,2024-06-25,1000000.00,4.454937,100.466796875
08:01:05,91282CKV2,TSRYS5823596,D,S,T,2024-06-25,3000000.00,4.452815,100.47265625
08:01:06,91282CKV2,TSRYS5823596,D,S,T,2024-06-25,3000000.00,4.452815,100.47265625
08:01:06,91282CKV2,TSRYS5823596,D,B,C,2024-06-25,1000000.00,4.45423,100.46875
08:01:06,91282CKV2,TSRYS5823596,D,S,C,2024-06-25,1000000.00,4.45423,100.46875
08:01:06,91282CKV2,TSRYS5823596,D,B,C,2024-06-25,1000000.00,4.45423,100.46875
08:01:06,91282CKV2,TSRYS5823596,D,S,C,2024-06-25,1000000.00,4.45423,100.46875
08:01:06,91282CKV2,TSRYS5823596,D,S,T,2024-06-25,2000000.00,4.452815,100.47265625
08:01:06,91282CKV2,TSRYS5823596,D,S,T,2024-06-25,1000000.00,4.452815,100.47265625
08:01:06,91282CKV2,TSRYS5823596,D,B,C,2024-06-25,2000000.00,4.457059,100.4609375
08:01:06,91282CKV2,TSRYS5823596,D,S,C,2024-06-25,2000000.00,4.457059,100.4609375
08:01:06,91282CKV2,TSRYS5823596,D,S,D,2024-06-25,1000000.00,4.462718,100.4453125
08:01:06,91282CKV2,TSRYS5823596,D,S,T,2024-06-25,1000000.00,4.45286,100.47253125
08:01:06,91282CKV2,TSRYS5823596,D,S,T,2024-06-25,1000000.00,4.45286,100.47253125
08:01:06,91282CKV2,TSRYS5823596,D,S,T,2024-06-25,2000000.00,4.452815,100.47265625
08:01:06,91282CKV2,TSRYS5823596,D,S,D,2024-06-25,1000000.00,4.462718,100.4453125
08:01:06,91282CKV2,TSRYS5823596,D,B,C,2024-06-25,1000000.00,4.462718,100.4453125
08:01:06,91282CKV2,TSRYS5823596,D,S,D,2024-06-25,1000000.00,4.462718,100.4453125
08:01:06,91282CKV2,TSRYS5823596,D,B,C,2024-06-25,1000000.00,4.462718,100.4453125
08:01:06,91282CKV2,TSRYS5823596,D,S,D,2024-06-25,1000000.00,4.462718,100.4453125
08:01:06,91282CKV2,TSRYS5823596,D,B,C,2024-06-25,1000000.00,4.462718,100.4453125
08:01:06,91282CKV2,TSRYS5823596,D,S,D,2024-06-25,1000000.00,4.462718,100.4453125
08:01:06,91282CKV2,TSRYS5823596,D,B,C,2024-06-25,1000000.00,4.462718,100.4453125
08:01:06,91282CKV2,TSRYS5823596,D,S,D,2024-06-25,1000000.00,4.462718,100.4453125
08:01:06,91282CKV2,TSRYS5823596,D,B,C,2024-06-25,1000000.00,4.462718,100.4453125
08:01:06,91282CKV2,TSRYS5823596,D,S,D,2024-06-25,1000000.00,4.462718,100.4453125
08:01:06,91282CKV2,TSRYS5823596,D,B,C,2024-06-25,1000000.00,4.462718,100.4453125
08:01:06,91282CKV2,TSRYS5823596,D,S,D,2024-06-25,1000000.00,4.462718,100.4453125
08:01:06,91282CKV2,TSRYS5823596,D,B,C,2024-06-25,1000000.00,4.462718,100.4453125
08:01:06,91282CKV2,TSRYS5823596,D,S,D,2024-06-25,1000000.00,4.462718,100.4453125
08:01:06,91282CKV2,TSRYS5823596,D,B,C,2024-06-25,1000000.00,4.462718,100.4453125
08:01:06,91282CKV2,TSRYS5823596,D,S,D,2024-06-25,1000000.00,4.462718,100.4453125
08:01:06,91282CKV2,TSRYS5823596,D,B,C,2024-06-25,1000000.00,4.462718,100.4453125
08:01:06,91282CKV2,TSRYS5823596,D,B,C,2024-06-25,1000000.00,4.462718,100.4453125
08:01:06,91282CKV2,TSRYS5823596,D,S,D,2024-06-25,1000000.00,4.462718,100.4453125
08:01:06,91282CKV2,TSRYS5823596,D,B,C,2024-06-25,1000000.00,4.462718,100.4453125
08:01:06,91282CKV2,TSRYS5823596,D,S,C,2024-06-25,1000000.00,4.462718,100.4453125
08:01:06,91282CKV2,TSRYS5823596,D,S,D,2024-06-25,1000000.00,4.462718,100.4453125
08:01:06,91282CKV2,TSRYS5823596,D,B,C,2024-06-25,1000000.00,4.462718,100.4453125
08:01:06,91282CKV2,TSRYS5823596,D,B,C,2024-06-25,4000000.00,4.462718,100.4453125
08:01:06,91282CKV2,TSRYS5823596,D,S,D,2024-06-25,4000000.00,4.462718,100.4453125
08:01:06,91282CKV2,TSRYS5823596,D,S,D,2024-06-25,1000000.00,4.462718,100.4453125
08:01:06,91282CKV2,TSRYS5823596,D,S,D,2024-06-25,1000000.00,4.462718,100.4453125
08:01:06,91282CKV2,TSRYS5823596,D,B,C,2024-06-25,1000000.00,4.462718,100.4453125
08:01:06,91282CKV2,TSRYS5823596,D,B,C,2024-06-25,1000000.00,4.462718,100.4453125
08:01:06,91282CKV2,TSRYS5823596,D,B,C,2024-06-25,1000000.00,4.462718,100.4453125
08:01:06,91282CKV2,TSRYS5823596,D,S,D,2024-06-25,1000000.00,4.462718,100.4453125
08:01:06,91282CKV2,TSRYS5823596,D,S,D,2024-06-25,1000000.00,4.462718,100.4453125
08:01:06,91282CKV2,TSRYS5823596,D,B,C,2024-06-25,1000000.00,4.462718,100.4453125
08:01:06,91282CKV2,TSRYS5823596,D,B,C,2024-06-25,1000000.00,4.462718,100.4453125
08:01:06,91282CKV2,TSRYS5823596,D,S,D,2024-06-25,1000000.00,4.462718,100.4453125
08:01:06,91282CKV2,TSRYS5823596,D,S,D,2024-06-25,1000000.00,4.462718,100.4453125
08:01:06,91282CKV2,TSRYS5823596,D,B,C,2024-06-25,1000000.00,4.462718,100.4453125
08:01:06,91282CKV2,TSRYS5823596,D,S,T,2024-06-25,1000000.00,4.453522,100.470703125
08:01:06,91282CKV2,TSRYS5823596,D,S,T,2024-06-25,1000000.00,4.453568,100.470578125
08:01:06,91282CKV2,TSRYS5823596,D,S,D,2024-06-25,1000000.00,4.462718,100.4453125
08:01:06,91282CKV2,TSRYS5823596,D,B,C,2024-06-25,1000000.00,4.462718,100.4453125
08:01:06,91282CKV2,TSRYS5823596,D,S,D,2024-06-25,1000000.00,4.462718,100.4453125
08:01:06,91282CKV2,TSRYS5823596,D,B,C,2024-06-25,1000000.00,4.462718,100.4453125
08:01:06,91282CKV2,TSRYS5823596,D,B,C,2024-06-25,1000000.00,4.462718,100.4453125
08:01:06,91282CKV2,TSRYS5823596,D,S,D,2024-06-25,1000000.00,4.462718,100.4453125
08:01:06,91282CKV2,TSRYS5823596,D,S,D,2024-06-25,1000000.00,4.462718,100.4453125
08:01:06,91282CKV2,TSRYS5823596,D,B,C,2024-06-25,1000000.00,4.462718,100.4453125
08:01:06,91282CKV2,TSRYS5823596,D,S,D,2024-06-25,1000000.00,4.462718,100.4453125
08:01:06,91282CKV2,TSRYS5823596,D,B,C,2024-06-25,1000000.00,4.462718,100.4453125
08:01:07,91282CKV2,TSRYS5823596,D,S,T,2024-06-25,1000000.00,4.453568,100.470578125
