tradeTime,cusip,issueSymbolIdentifier,priceType,reportingSideCode,contraPartyTypeCode,tradeDate,reportedTradeVolume,lastSaleYield,lastSalePrice
08:00:06,91282CKJ9,TSRYS5784683,D,S,D,2024-04-22,3000000.00,4.847859,99.044921875
08:00:06,91282CKJ9,TSRYS5784683,D,S,D,2024-04-22,1000000.00,4.847142,99.046875
08:00:06,91282CKJ9,TSRYS5784683,D,S,D,2024-04-22,1000000.00,4.844994,99.052734375
08:00:06,91282CKJ9,TSRYS5784683,D,S,D,2024-04-22,1000000.00,4.840697,99.064453125
08:00:06,91282CKJ9,TSRYS5784683,D,S,T,2024-04-22,2000000.00,4.840697,99.064453125
08:00:06,91282CKJ9,TSRYS5784683,D,S,T,2024-04-22,1000000.00,4.83998,99.06640625
08:00:06,91282CKJ9,TSRYS5784683,D,S,D,2024-04-22,2000000.00,4.83998,99.06640625
08:00:06,91282CKJ9,TSRYS5784683,D,S,D,2024-04-22,1000000.00,4.83998,99.06640625
08:00:06,91282CKJ9,TSRYS5784683,D,S,D,2024-04-22,1000000.00,4.83998,99.06640625
08:00:06,91282CKJ9,TSRYS5784683,D,S,D,2024-04-22,1000000.00,4.83998,99.06640625
08:00:06,91282CKJ9,TSRYS5784683,D,S,D,2024-04-22,1000000.00,4.839264,99.068359375
08:00:06,91282CKJ9,TSRYS5784683,D,S,T,2024-04-22,2000000.00,4.83998,99.06640625
08:00:10,91282CKJ9,TSRYS5784683,D,S,D,2024-04-22,1000000.00,4.841413,99.0625
08:00:10,91282CKJ9,TSRYS5784683,D,S,D,2024-04-22,1000000.00,4.841413,99.0625
08:00:10,91282CKJ9,TSRYS5784683,D,S,T,2024-04-22,2000000.00,4.841413,99.0625
08:00:10,91282CKJ9,TSRYS5784683,D,S,D,2024-04-22,2000000.00,4.841413,99.0625
08:00:10,91282CKJ9,TSRYS5784683,D,S,D,2024-04-22,2000000.00,4.841413,99.0625
08:00:10,91282CKJ9,TSRYS5784683,D,S,D,2024-04-22,2000000.00,4.841413,99.0625
08:00:10,91282CKJ9,TSRYS5784683,D,S,D,2024-04-22,2000000.00,4.841413,99.0625
08:00:10,91282CKJ9,TSRYS5784683,D,S,T,2024-04-22,1000000.00,4.841413,99.0625
08:00:10,91282CKJ9,TSRYS5784683,D,S,D,2024-04-22,1000000.00,4.841413,99.0625
08:00:10,91282CKJ9,TSRYS5784683,D,S,T,2024-04-22,2000000.00,4.841413,99.0625
08:00:10,91282CKJ9,TSRYS5784683,D,S,D,2024-04-22,1000000.00,4.839264,99.068359375
08:00:10,91282CKJ9,TSRYS5784683,D,S,D,2024-04-22,1000000.00,4.839264,99.068359375
08:00:10,91282CKJ9,TSRYS5784683,D,S,T,2024-04-22,1000000.00,4.842129,99.060546875
08:00:10,91282CKJ9,TSRYS5784683,D,S,T,2024-04-22,1000000.00,4.829957,99.09375
08:00:10,91282CKJ9,TSRYS5784683,D,S,D,2024-04-22,1000000.00,4.822799,99.11328125
08:00:10,91282CKJ9,TSRYS5784683,D,S,D,2024-04-22,2000000.00,4.844277,99.0546875
08:00:10,91282CKJ9,TSRYS5784683,D,S,D,2024-04-22,1000000.00,4.844277,99.0546875
08:00:10,91282CKJ9,TSRYS5784683,D,S,T,2024-04-22,1000000.00,4.842845,99.05859375
08:00:10,91282CKJ9,TSRYS5784683,D,S,D,2024-04-22,3000000.00,4.83998,99.06640625
08:00:10,91282CKJ9,TSRYS5784683,D,S,D,2024-04-22,1000000.00,4.83998,99.06640625
08:00:10,91282CKJ9,TSRYS5784683,D,S,D,2024-04-22,2000000.00,4.83998,99.06640625
08:00:10,91282CKJ9,TSRYS5784683,D,S,D,2024-04-22,10000.00,4.84129,99.062835
08:00:10,91282CKJ9,TSRYS5784683,D,B,C,2024-04-22,1100000.00,4.83998,99.06640625
08:00:10,91282CKJ9,TSRYS5784683,D,B,A,2024-04-22,1056000.00,4.834252,99.0820313
08:00:10,91282CKJ9,TSRYS5784683,D,B,A,2024-04-22,3075000.00,4.842845,99.05859375
08:00:10,91282CKJ9,TSRYS5784683,D,S,D,2024-04-22,201974000.00,4.838548,99.0703125
08:00:10,91282CKJ9,TSRYS5784683,D,S,T,2024-04-22,2000000.00,4.83998,99.06640625
08:00:10,91282CKJ9,TSRYS5784683,D,S,T,2024-04-22,1000000.00,4.83998,99.06640625
08:00:10,91282CKJ9,TSRYS5784683,D,S,T,2024-04-22,1000000.00,4.83998,99.06640625
08:00:10,91282CKJ9,TSRYS5784683,D,S,T,2024-04-22,1000000.00,4.83998,99.06640625
08:00:13,91282CKJ9,TSRYS5784683,D,S,T,2024-04-22,1000000.00,4.83998,99.06640625
08:00:13,91282CKJ9,TSRYS5784683,D,S,T,2024-04-22,1000000.00,4.83998,99.06640625
08:00:13,91282CKJ9,TSRYS5784683,D,S,T,2024-04-22,1000000.00,4.83998,99.06640625
08:00:13,91282CKJ9,TSRYS5784683,D,S,T,2024-04-22,1000000.00,4.83998,99.06640625
08:00:13,91282CKJ9,TSRYS5784683,D,S,T,2024-04-22,1000000.00,4.83998,99.06640625
08:00:14,91282CKJ9,TSRYS5784683,D,S,D,2024-04-22,1000000.00,4.84571,99.05078125
08:00:16,91282CKJ9,TSRYS5784683,D,S,T,2024-04-22,1000000.00,4.83998,99.06640625
08:00:16,91282CKJ9,TSRYS5784683,D,S,T,2024-04-22,1000000.00,4.83998,99.06640625
08:00:16,91282CKJ9,TSRYS5784683,D,S,T,2024-04-22,1000000.00,4.83998,99.06640625
08:00:17,91282CKJ9,TSRYS5784683,D,S,T,2024-04-22,1000000.00,4.83998,99.06640625
08:00:18,91282CKJ9,TSRYS5784683,D,S,D,2024-04-22,2000000.00,4.847859,99.044921875
08:00:18,91282CKJ9,TSRYS5784683,D,S,D,2024-04-22,2000000.00,4.847142,99.046875
08:00:18,91282CKJ9,TSRYS5784683,D,S,T,2024-04-22,1000000.00,4.83998,99.06640625
08:00:18,91282CKJ9,TSRYS5784683,D,S,T,2024-04-22,1000000.00,4.83998,99.06640625
08:00:18,91282CKJ9,TSRYS5784683,D,S,T,2024-04-22,1000000.00,4.83998,99.06640625
08:00:22,91282CKJ9,TSRYS5784683,D,S,D,2024-04-22,1000000.00,4.84571,99.05078125
08:00:28,91282CKJ9,TSRYS5784683,D,S,T,2024-04-22,1000000.00,4.828525,99.09765625
08:00:28,91282CKJ9,TSRYS5784683,D,S,T,2024-04-22,1000000.00,4.828525,99.09765625
08:00:28,91282CKJ9,TSRYS5784683,D,S,T,2024-04-22,1000000.00,4.841413,99.0625
08:00:28,91282CKJ9,TSRYS5784683,D,S,T,2024-04-22,1000000.00,4.841413,99.0625
08:00:28,91282CKJ9,TSRYS5784683,D,S,T,2024-04-22,1000000.00,4.842845,99.05859375
08:00:28,91282CKJ9,TSRYS5784683,D,S,T,2024-04-22,1000000.00,4.844277,99.0546875
08:00:28,91282CKJ9,TSRYS5784683,D,S,T,2024-04-22,1000000.00,4.828525,99.09765625
08:00:28,91282CKJ9,TSRYS5784683,D,S,T,2024-04-22,1000000.00,4.83282,99.0859375
08:00:28,91282CKJ9,TSRYS5784683,D,S,T,2024-04-22,1000000.00,4.83282,99.0859375
08:00:28,91282CKJ9,TSRYS5784683,D,S,T,2024-04-22,1000000.00,4.837116,99.07421875
08:00:28,91282CKJ9,TSRYS5784683,D,S,T,2024-04-22,1000000.00,4.847142,99.046875
08:00:28,91282CKJ9,TSRYS5784683,D,S,T,2024-04-22,1000000.00,4.841413,99.0625
08:00:28,91282CKJ9,TSRYS5784683,D,S,T,2024-04-22,1000000.00,4.841413,99.0625
08:00:28,91282CKJ9,TSRYS5784683,D,S,D,2024-04-22,1000000.00,4.842129,99.060546875
08:00:28,91282CKJ9,TSRYS5784683,D,S,T,2024-04-22,1000000.00,4.82423,99.109375
08:00:28,91282CKJ9,TSRYS5784683,D,S,T,2024-04-22,1000000.00,4.825662,99.10546875
08:00:28,91282CKJ9,TSRYS5784683,D,S,T,2024-04-22,1000000.00,4.825662,99.10546875
08:00:28,91282CKJ9,TSRYS5784683,D,S,T,2024-04-22,1000000.00,4.825662,99.10546875
08:00:28,91282CKJ9,TSRYS5784683,D,B,C,2024-04-22,5000000.00,4.825662,99.10546875
08:00:28,91282CKJ9,TSRYS5784683,D,S,T,2024-04-22,1000000.00,4.829957,99.09375
08:00:28,91282CKJ9,TSRYS5784683,D,S,T,2024-04-22,1000000.00,4.83282,99.0859375
08:00:28,91282CKJ9,TSRYS5784683,D,S,T,2024-04-22,1000000.00,4.831388,99.08984375
08:00:28,91282CKJ9,TSRYS5784683,D,S,T,2024-04-22,1000000.00,4.829957,99.09375
08:00:28,91282CKJ9,TSRYS5784683,D,S,T,2024-04-22,1000000.00,4.829957,99.09375
08:00:28,91282CKJ9,TSRYS5784683,D,S,D,2024-04-22,1000000.00,4.83998,99.06640625
08:00:28,91282CKJ9,TSRYS5784683,D,S,C,2024-04-22,1000000.00,4.837116,99.07421875
08:00:28,91282CKJ9,TSRYS5784683,D,S,C,2024-04-22,5000000.00,4.837116,99.07421875
08:00:28,91282CKJ9,TSRYS5784683,D,S,T,2024-04-22,1000000.00,4.837116,99.07421875
08:00:28,91282CKJ9,TSRYS5784683,D,S,T,2024-04-22,1000000.00,4.838548,99.0703125
08:00:28,91282CKJ9,TSRYS5784683,D,S,T,2024-04-22,1000000.00,4.834252,99.08203125
08:00:29,91282CKJ9,TSRYS5784683,D,S,D,2024-04-22,1000000.00,4.839264,99.068359375
08:00:29,91282CKJ9,TSRYS5784683,D,S,D,2024-04-22,1000000.00,4.838548,99.0703125
08:00:29,91282CKJ9,TSRYS5784683,D,B,A,2024-04-22,2500.00,4.837116,99.07421875
08:00:29,91282CKJ9,TSRYS5784683,D,S,A,2024-04-22,4800000.00,4.83282,99.0859375
08:00:30,91282CKJ9,TSRYS5784683,D,S,T,2024-04-22,1000000.00,4.829957,99.09375
08:00:30,91282CKJ9,TSRYS5784683,D,S,T,2024-04-22,1000000.00,4.83282,99.0859375
08:00:30,91282CKJ9,TSRYS5784683,D,S,T,2024-04-22,1000000.00,4.83282,99.0859375
08:00:30,91282CKJ9,TSRYS5784683,D,S,T,2024-04-22,1000000.00,4.835684,99.078125
08:00:30,91282CKJ9,TSRYS5784683,D,S,T,2024-04-22,1000000.00,4.837116,99.07421875
08:00:30,91282CKJ9,TSRYS5784683,D,S,T,2024-04-22,1000000.00,4.838548,99.0703125
08:00:30,91282CKJ9,TSRYS5784683,D,S,T,2024-04-22,1000000.00,4.83998,99.06640625
08:00:30,91282CKJ9,TSRYS5784683,D,S,T,2024-04-22,1000000.00,4.841413,99.0625
08:00:30,91282CKJ9,TSRYS5784683,D,S,T,2024-04-22,1000000.00,4.844277,99.0546875
08:00:30,91282CKJ9,TSRYS5784683,D,S,T,2024-04-22,1000000.00,4.841413,99.0625
08:00:30,91282CKJ9,TSRYS5784683,D,S,T,2024-04-22,1000000.00,4.842845,99.05859375
08:00:30,91282CKJ9,TSRYS5784683,D,S,T,2024-04-22,1000000.00,4.84571,99.05078125
08:00:30,91282CKJ9,TSRYS5784683,D,S,T,2024-04-22,1000000.00,4.84571,99.05078125
08:00:30,91282CKJ9,TSRYS5784683,D,S,T,2024-04-22,1000000.00,4.84571,99.05078125
08:00:30,91282CKJ9,TSRYS5784683,D,S,T,2024-04-22,2000000.00,4.847142,99.046875
08:00:30,91282CKJ9,TSRYS5784683,D,S,T,2024-04-22,1000000.00,4.847142,99.046875
08:00:30,91282CKJ9,TSRYS5784683,D,S,T,2024-04-22,1000000.00,4.844277,99.0546875
08:00:30,91282CKJ9,TSRYS5784683,D,S,T,2024-04-22,1000000.00,4.850008,99.0390625
08:00:30,91282CKJ9,TSRYS5784683,D,S,T,2024-04-22,1000000.00,4.850008,99.0390625
08:00:30,91282CKJ9,TSRYS5784683,D,S,T,2024-04-22,1000000.00,4.850008,99.0390625
08:00:30,91282CKJ9,TSRYS5784683,D,S,T,2024-04-22,2000000.00,4.847142,99.046875
08:00:30,91282CKJ9,TSRYS5784683,D,S,T,2024-04-22,2000000.00,4.846426,99.048828125
08:00:30,91282CKJ9,TSRYS5784683,D,S,T,2024-04-22,2000000.00,4.846426,99.048828125
08:00:30,91282CKJ9,TSRYS5784683,D,S,T,2024-04-22,1000000.00,4.842845,99.05859375
08:00:30,91282CKJ9,TSRYS5784683,D,S,T,2024-04-22,1000000.00,4.842845,99.05859375
08:00:30,91282CKJ9,TSRYS5784683,D,S,T,2024-04-22,1000000.00,4.842845,99.05859375
08:00:33,91282CKJ9,TSRYS5784683,D,S,D,2024-04-22,2000000.00,4.842845,99.05859375
08:00:33,91282CKJ9,TSRYS5784683,D,S,D,2024-04-22,2000000.00,4.842845,99.05859375
08:00:33,91282CKJ9,TSRYS5784683,D,S,D,2024-04-22,2000000.00,4.844277,99.0546875
08:00:33,91282CKJ9,TSRYS5784683,D,S,D,2024-04-22,2000000.00,4.838548,99.0703125
08:00:33,91282CKJ9,TSRYS5784683,D,S,D,2024-04-22,1000000.00,4.844277,99.0546875
08:00:33,91282CKJ9,TSRYS5784683,D,S,T,2024-04-22,1000000.00,4.83998,99.06640625
08:00:33,91282CKJ9,TSRYS5784683,D,S,T,2024-04-22,1000000.00,4.83998,99.06640625
08:00:33,91282CKJ9,TSRYS5784683,D,S,T,2024-04-22,2000000.00,4.83998,99.06640625
08:00:33,91282CKJ9,TSRYS5784683,D,S,T,2024-04-22,2000000.00,4.83998,99.06640625
08:00:33,91282CKJ9,TSRYS5784683,D,S,T,2024-04-22,1000000.00,4.83998,99.06640625
08:00:33,91282CKJ9,TSRYS5784683,D,S,T,2024-04-22,1000000.00,4.83998,99.06640625
08:00:33,91282CKJ9,TSRYS5784683,D,S,T,2024-04-22,1000000.00,4.83998,99.06640625
08:00:33,91282CKJ9,TSRYS5784683,D,S,T,2024-04-22,1000000.00,4.83998,99.06640625
08:00:33,91282CKJ9,TSRYS5784683,D,S,T,2024-04-22,1000000.00,4.83998,99.06640625
08:00:33,91282CKJ9,TSRYS5784683,D,S,T,2024-04-22,1000000.00,4.83998,99.06640625
08:00:33,91282CKJ9,TSRYS5784683,D,S,T,2024-04-22,1000000.00,4.83998,99.06640625
08:00:33,91282CKJ9,TSRYS5784683,D,S,T,2024-04-22,1000000.00,4.83998,99.06640625
08:00:33,91282CKJ9,TSRYS5784683,D,S,T,2024-04-22,1000000.00,4.83998,99.06640625
08:00:33,91282CKJ9,TSRYS5784683,D,S,T,2024-04-22,1000000.00,4.841413,99.0625
08:00:33,91282CKJ9,TSRYS5784683,D,S,T,2024-04-22,2000000.00,4.839264,99.068359375
08:00:33,91282CKJ9,TSRYS5784683,D,S,T,2024-04-22,1000000.00,4.847142,99.046875
08:00:33,91282CKJ9,TSRYS5784683,D,S,T,2024-04-22,1000000.00,4.847142,99.046875
08:00:33,91282CKJ9,TSRYS5784683,D,S,T,2024-04-22,1000000.00,4.847142,99.046875
08:00:33,91282CKJ9,TSRYS5784683,D,S,T,2024-04-22,1000000.00,4.847142,99.046875
08:00:33,91282CKJ9,TSRYS5784683,D,S,T,2024-04-22,1000000.00,4.847142,99.046875
08:00:33,91282CKJ9,TSRYS5784683,D,S,T,2024-04-22,1000000.00,4.847142,99.046875
08:00:33,91282CKJ9,TSRYS5784683,D,S,T,2024-04-22,1000000.00,4.848575,99.04296875
08:00:33,91282CKJ9,TSRYS5784683,D,S,T,2024-04-22,1000000.00,4.848575,99.04296875
08:00:33,91282CKJ9,TSRYS5784683,D,S,T,2024-04-22,1000000.00,4.848575,99.04296875
08:00:33,91282CKJ9,TSRYS5784683,D,S,T,2024-04-22,1000000.00,4.848575,99.04296875
08:00:33,91282CKJ9,TSRYS5784683,D,S,T,2024-04-22,1000000.00,4.848575,99.04296875
08:00:33,91282CKJ9,TSRYS5784683,D,S,T,2024-04-22,1000000.00,4.84571,99.05078125
08:00:33,91282CKJ9,TSRYS5784683,D,S,T,2024-04-22,1000000.00,4.847142,99.046875
08:00:33,91282CKJ9,TSRYS5784683,D,S,T,2024-04-22,1000000.00,4.847142,99.046875
08:00:33,91282CKJ9,TSRYS5784683,D,S,T,2024-04-22,1000000.00,4.848575,99.04296875
08:00:33,91282CKJ9,TSRYS5784683,D,S,T,2024-04-22,1000000.00,4.848575,99.04296875
08:00:33,91282CKJ9,TSRYS5784683,D,S,T,2024-04-22,1000000.00,4.848575,99.04296875
08:00:33,91282CKJ9,TSRYS5784683,D,S,T,2024-04-22,1000000.00,4.848575,99.04296875
08:00:33,91282CKJ9,TSRYS5784683,D,S,T,2024-04-22,1000000.00,4.847142,99.046875
08:00:33,91282CKJ9,TSRYS5784683,D,S,T,2024-04-22,1000000.00,4.84571,99.05078125
08:00:33,91282CKJ9,TSRYS5784683,D,S,T,2024-04-22,1000000.00,4.841413,99.0625
08:00:33,91282CKJ9,TSRYS5784683,D,S,T,2024-04-22,2000000.00,4.844277,99.0546875
08:00:33,91282CKJ9,TSRYS5784683,D,S,T,2024-04-22,1000000.00,4.844277,99.0546875
08:00:33,91282CKJ9,TSRYS5784683,D,S,T,2024-04-22,1000000.00,4.834968,99.080078125
08:00:33,91282CKJ9,TSRYS5784683,D,S,T,2024-04-22,1000000.00,4.83998,99.06640625
08:00:33,91282CKJ9,TSRYS5784683,D,S,T,2024-04-22,2000000.00,4.83998,99.06640625
08:00:33,91282CKJ9,TSRYS5784683,D,S,T,2024-04-22,1000000.00,4.840697,99.064453125
08:00:33,91282CKJ9,TSRYS5784683,D,S,T,2024-04-22,1000000.00,4.834968,99.080078125
08:00:33,91282CKJ9,TSRYS5784683,D,S,T,2024-04-22,2000000.00,4.833536,99.083984375
08:00:33,91282CKJ9,TSRYS5784683,D,S,T,2024-04-22,1000000.00,4.829957,99.09375
08:00:33,91282CKJ9,TSRYS5784683,D,S,T,2024-04-22,1000000.00,4.825662,99.10546875
08:00:33,91282CKJ9,TSRYS5784683,D,S,T,2024-04-22,1000000.00,4.825662,99.10546875
08:00:33,91282CKJ9,TSRYS5784683,D,S,T,2024-04-22,1000000.00,4.825662,99.10546875
08:00:33,91282CKJ9,TSRYS5784683,D,S,T,2024-04-22,1000000.00,4.825662,99.10546875
08:00:33,91282CKJ9,TSRYS5784683,D,S,T,2024-04-22,1000000.00,4.825662,99.10546875
08:00:33,91282CKJ9,TSRYS5784683,D,S,T,2024-04-22,1000000.00,4.825662,99.10546875
08:00:33,91282CKJ9,TSRYS5784683,D,S,T,2024-04-22,1000000.00,4.825662,99.10546875
08:00:33,91282CKJ9,TSRYS5784683,D,S,T,2024-04-22,1000000.00,4.82423,99.109375
08:00:33,91282CKJ9,TSRYS5784683,D,S,T,2024-04-22,1000000.00,4.822799,99.11328125
08:00:33,91282CKJ9,TSRYS5784683,D,S,T,2024-04-22,1000000.00,4.822799,99.11328125
08:00:33,91282CKJ9,TSRYS5784683,D,S,T,2024-04-22,1000000.00,4.822799,99.11328125
08:00:33,91282CKJ9,TSRYS5784683,D,S,T,2024-04-22,1000000.00,4.822799,99.11328125
08:00:33,91282CKJ9,TSRYS5784683,D,S,T,2024-04-22,1000000.00,4.82423,99.109375
08:00:33,91282CKJ9,TSRYS5784683,D,S,T,2024-04-22,1000000.00,4.82423,99.109375
08:00:33,91282CKJ9,TSRYS5784683,D,S,T,2024-04-22,1000000.00,4.82423,99.109375
08:00:33,91282CKJ9,TSRYS5784683,D,S,T,2024-04-22,1000000.00,4.825662,99.10546875
08:00:33,91282CKJ9,TSRYS5784683,D,S,T,2024-04-22,1000000.00,4.822799,99.11328125
08:00:33,91282CKJ9,TSRYS5784683,D,S,T,2024-04-22,1000000.00,4.82423,99.109375
08:00:33,91282CKJ9,TSRYS5784683,D,S,T,2024-04-22,1000000.00,4.82423,99.109375
08:00:33,91282CKJ9,TSRYS5784683,D,S,T,2024-04-22,1000000.00,4.82423,99.109375
08:00:33,91282CKJ9,TSRYS5784683,D,S,T,2024-04-22,1000000.00,4.82423,99.109375
08:00:33,91282CKJ9,TSRYS5784683,D,S,T,2024-04-22,1000000.00,4.82423,99.109375
08:00:33,91282CKJ9,TSRYS5784683,D,S,T,2024-04-22,1000000.00,4.82423,99.109375
08:00:33,91282CKJ9,TSRYS5784683,D,S,T,2024-04-22,1000000.00,4.82423,99.109375
08:00:33,91282CKJ9,TSRYS5784683,D,S,T,2024-04-22,1000000.00,4.82423,99.109375
08:00:33,91282CKJ9,TSRYS5784683,D,S,T,2024-04-22,1000000.00,4.82423,99.109375
08:00:33,91282CKJ9,TSRYS5784683,D,S,T,2024-04-22,1000000.00,4.82423,99.109375
08:00:33,91282CKJ9,TSRYS5784683,D,S,T,2024-04-22,1000000.00,4.82423,99.109375
08:00:33,91282CKJ9,TSRYS5784683,D,S,T,2024-04-22,1000000.00,4.82423,99.109375
08:00:33,91282CKJ9,TSRYS5784683,D,S,T,2024-04-22,1000000.00,4.82423,99.109375
08:00:33,91282CKJ9,TSRYS5784683,D,S,T,2024-04-22,1000000.00,4.82423,99.109375
08:00:33,91282CKJ9,TSRYS5784683,D,S,T,2024-04-22,1000000.00,4.82423,99.109375
08:00:33,91282CKJ9,TSRYS5784683,D,S,T,2024-04-22,1000000.00,4.82423,99.109375
08:00:33,91282CKJ9,TSRYS5784683,D,S,T,2024-04-22,1000000.00,4.822799,99.11328125
08:00:33,91282CKJ9,TSRYS5784683,D,S,T,2024-04-22,1000000.00,4.82423,99.109375
08:00:33,91282CKJ9,TSRYS5784683,D,S,T,2024-04-22,1000000.00,4.829957,99.09375
08:00:33,91282CKJ9,TSRYS5784683,D,S,T,2024-04-22,1000000.00,4.831388,99.08984375
08:00:33,91282CKJ9,TSRYS5784683,D,S,T,2024-04-22,1000000.00,4.829957,99.09375
08:00:33,91282CKJ9,TSRYS5784683,D,S,T,2024-04-22,1000000.00,4.827093,99.1015625
08:00:33,91282CKJ9,TSRYS5784683,D,S,T,2024-04-22,1000000.00,4.827093,99.1015625
08:00:33,91282CKJ9,TSRYS5784683,D,S,T,2024-04-22,1000000.00,4.825662,99.10546875
08:00:33,91282CKJ9,TSRYS5784683,D,S,T,2024-04-22,1000000.00,4.822799,99.11328125
08:00:33,91282CKJ9,TSRYS5784683,D,S,T,2024-04-22,1000000.00,4.822083,99.115234375
08:00:33,91282CKJ9,TSRYS5784683,D,S,T,2024-04-22,1000000.00,4.825662,99.10546875
08:00:33,91282CKJ9,TSRYS5784683,D,S,T,2024-04-22,2000000.00,4.824946,99.107421875
08:00:33,91282CKJ9,TSRYS5784683,D,S,T,2024-04-22,1000000.00,4.825662,99.10546875
08:00:33,91282CKJ9,TSRYS5784683,D,S,T,2024-04-22,1000000.00,4.824946,99.107421875
08:00:33,91282CKJ9,TSRYS5784683,D,S,T,2024-04-22,1000000.00,4.824946,99.107421875
08:00:33,91282CKJ9,TSRYS5784683,D,S,T,2024-04-22,1000000.00,4.826378,99.103515625
08:00:33,91282CKJ9,TSRYS5784683,D,S,T,2024-04-22,1000000.00,4.828525,99.09765625
08:00:33,91282CKJ9,TSRYS5784683,D,S,T,2024-04-22,3000000.00,4.829957,99.09375
08:00:33,91282CKJ9,TSRYS5784683,D,S,T,2024-04-22,1000000.00,4.829957,99.09375
08:00:33,91282CKJ9,TSRYS5784683,D,S,T,2024-04-22,1000000.00,4.831388,99.08984375
08:00:33,91282CKJ9,TSRYS5784683,D,S,T,2024-04-22,1000000.00,4.83282,99.0859375
08:00:33,91282CKJ9,TSRYS5784683,D,S,T,2024-04-22,1000000.00,4.834968,99.080078125
08:00:33,91282CKJ9,TSRYS5784683,D,S,T,2024-04-22,1000000.00,4.834968,99.080078125
08:00:33,91282CKJ9,TSRYS5784683,D,S,T,2024-04-22,1000000.00,4.835684,99.078125
08:00:33,91282CKJ9,TSRYS5784683,D,S,T,2024-04-22,1000000.00,4.835684,99.078125
08:00:33,91282CKJ9,TSRYS5784683,D,S,T,2024-04-22,1000000.00,4.835684,99.078125
08:00:33,91282CKJ9,TSRYS5784683,D,S,T,2024-04-22,1000000.00,4.835684,99.078125
08:00:33,91282CKJ9,TSRYS5784683,D,S,T,2024-04-22,1000000.00,4.835684,99.078125
08:00:33,91282CKJ9,TSRYS5784683,D,S,T,2024-04-22,1000000.00,4.835684,99.078125
08:00:33,91282CKJ9,TSRYS5784683,D,S,T,2024-04-22,1000000.00,4.834252,99.08203125
08:00:33,91282CKJ9,TSRYS5784683,D,S,T,2024-04-22,1000000.00,4.83282,99.0859375
08:00:33,91282CKJ9,TSRYS5784683,D,S,T,2024-04-22,1000000.00,4.834252,99.08203125
08:00:33,91282CKJ9,TSRYS5784683,D,S,T,2024-04-22,1000000.00,4.83282,99.0859375
08:00:33,91282CKJ9,TSRYS5784683,D,S,T,2024-04-22,1000000.00,4.83282,99.0859375
08:00:33,91282CKJ9,TSRYS5784683,D,S,T,2024-04-22,1000000.00,4.83282,99.0859375
08:00:33,91282CKJ9,TSRYS5784683,D,S,T,2024-04-22,1000000.00,4.83282,99.0859375
08:00:33,91282CKJ9,TSRYS5784683,D,S,T,2024-04-22,1000000.00,4.83282,99.0859375
08:00:33,91282CKJ9,TSRYS5784683,D,S,T,2024-04-22,1000000.00,4.83282,99.0859375
08:00:33,91282CKJ9,TSRYS5784683,D,S,T,2024-04-22,1000000.00,4.834252,99.08203125
08:00:33,91282CKJ9,TSRYS5784683,D,S,T,2024-04-22,1000000.00,4.829957,99.09375
08:00:33,91282CKJ9,TSRYS5784683,D,S,T,2024-04-22,1000000.00,4.829957,99.09375
08:00:33,91282CKJ9,TSRYS5784683,D,S,T,2024-04-22,1000000.00,4.829957,99.09375
08:00:33,91282CKJ9,TSRYS5784683,D,S,T,2024-04-22,2000000.00,4.829957,99.09375
08:00:33,91282CKJ9,TSRYS5784683,D,S,T,2024-04-22,1000000.00,4.834252,99.08203125
08:00:33,91282CKJ9,TSRYS5784683,D,S,T,2024-04-22,1000000.00,4.835684,99.078125
08:00:33,91282CKJ9,TSRYS5784683,D,S,T,2024-04-22,1000000.00,4.837116,99.07421875
08:00:33,91282CKJ9,TSRYS5784683,D,S,T,2024-04-22,1000000.00,4.837116,99.07421875
08:00:33,91282CKJ9,TSRYS5784683,D,S,T,2024-04-22,1000000.00,4.837116,99.07421875
08:00:33,91282CKJ9,TSRYS5784683,D,S,T,2024-04-22,1000000.00,4.837116,99.07421875
08:00:33,91282CKJ9,TSRYS5784683,D,S,T,2024-04-22,1000000.00,4.838548,99.0703125
08:00:33,91282CKJ9,TSRYS5784683,D,S,T,2024-04-22,1000000.00,4.838548,99.0703125
08:00:33,91282CKJ9,TSRYS5784683,D,S,T,2024-04-22,1000000.00,4.837116,99.07421875
08:00:33,91282CKJ9,TSRYS5784683,D,S,T,2024-04-22,1000000.00,4.83998,99.06640625
08:00:33,91282CKJ9,TSRYS5784683,D,S,T,2024-04-22,1000000.00,4.83998,99.06640625
08:00:33,91282CKJ9,TSRYS5784683,D,S,T,2024-04-22,1000000.00,4.83998,99.06640625
08:00:33,91282CKJ9,TSRYS5784683,D,S,T,2024-04-22,1000000.00,4.837116,99.07421875
08:00:33,91282CKJ9,TSRYS5784683,D,S,T,2024-04-22,1000000.00,4.837116,99.07421875
08:00:33,91282CKJ9,TSRYS5784683,D,S,T,2024-04-22,1000000.00,4.837116,99.07421875
08:00:33,91282CKJ9,TSRYS5784683,D,S,T,2024-04-22,1000000.00,4.837116,99.07421875
08:00:33,91282CKJ9,TSRYS5784683,D,S,T,2024-04-22,1000000.00,4.838548,99.0703125
08:00:33,91282CKJ9,TSRYS5784683,D,S,T,2024-04-22,1000000.00,4.838548,99.0703125
08:00:33,91282CKJ9,TSRYS5784683,D,S,T,2024-04-22,1000000.00,4.838548,99.0703125
08:00:33,91282CKJ9,TSRYS5784683,D,S,T,2024-04-22,1000000.00,4.838548,99.0703125
08:00:33,91282CKJ9,TSRYS5784683,D,S,T,2024-04-22,1000000.00,4.838548,99.0703125
08:00:33,91282CKJ9,TSRYS5784683,D,S,T,2024-04-22,1000000.00,4.837116,99.07421875
08:00:33,91282CKJ9,TSRYS5784683,D,S,T,2024-04-22,2000000.00,4.8364,99.076171875
08:00:33,91282CKJ9,TSRYS5784683,D,S,T,2024-04-22,1000000.00,4.835684,99.078125
08:00:33,91282CKJ9,TSRYS5784683,D,S,T,2024-04-22,1000000.00,4.835684,99.078125
08:00:33,91282CKJ9,TSRYS5784683,D,S,T,2024-04-22,2000000.00,4.834252,99.08203125
08:00:33,91282CKJ9,TSRYS5784683,D,S,T,2024-04-22,1000000.00,4.834252,99.08203125
08:00:33,91282CKJ9,TSRYS5784683,D,S,T,2024-04-22,2000000.00,4.834252,99.08203125
08:00:33,91282CKJ9,TSRYS5784683,D,S,T,2024-04-22,1000000.00,4.834252,99.08203125
08:00:33,91282CKJ9,TSRYS5784683,D,S,T,2024-04-22,2000000.00,4.834252,99.08203125
08:00:33,91282CKJ9,TSRYS5784683,D,S,T,2024-04-22,2000000.00,4.834252,99.08203125
08:00:33,91282CKJ9,TSRYS5784683,D,S,T,2024-04-22,2000000.00,4.834252,99.08203125
08:00:33,91282CKJ9,TSRYS5784683,D,S,T,2024-04-22,1000000.00,4.834252,99.08203125
08:00:33,91282CKJ9,TSRYS5784683,D,S,T,2024-04-22,1000000.00,4.834252,99.08203125
08:00:33,91282CKJ9,TSRYS5784683,D,S,T,2024-04-22,1000000.00,4.834252,99.08203125
08:00:33,91282CKJ9,TSRYS5784683,D,S,T,2024-04-22,1000000.00,4.835684,99.078125
08:00:33,91282CKJ9,TSRYS5784683,D,S,T,2024-04-22,1000000.00,4.835684,99.078125
08:00:33,91282CKJ9,TSRYS5784683,D,S,T,2024-04-22,2000000.00,4.835684,99.078125
08:00:33,91282CKJ9,TSRYS5784683,D,S,T,2024-04-22,1000000.00,4.835684,99.078125
08:00:33,91282CKJ9,TSRYS5784683,D,S,T,2024-04-22,2000000.00,4.834252,99.08203125
08:00:33,91282CKJ9,TSRYS5784683,D,S,T,2024-04-22,1000000.00,4.834252,99.08203125
08:00:33,91282CKJ9,TSRYS5784683,D,S,T,2024-04-22,1000000.00,4.834252,99.08203125
08:00:33,91282CKJ9,TSRYS5784683,D,S,T,2024-04-22,1000000.00,4.83998,99.06640625
08:00:33,91282CKJ9,TSRYS5784683,D,S,T,2024-04-22,1000000.00,4.842845,99.05859375
08:00:33,91282CKJ9,TSRYS5784683,D,S,T,2024-04-22,1000000.00,4.842845,99.05859375
08:00:33,91282CKJ9,TSRYS5784683,D,S,T,2024-04-22,1000000.00,4.844277,99.0546875
08:00:33,91282CKJ9,TSRYS5784683,D,S,T,2024-04-22,1000000.00,4.842845,99.05859375
08:00:33,91282CKJ9,TSRYS5784683,D,S,T,2024-04-22,1000000.00,4.83998,99.06640625
08:00:33,91282CKJ9,TSRYS5784683,D,S,T,2024-04-22,1000000.00,4.83998,99.06640625
08:00:33,91282CKJ9,TSRYS5784683,D,S,T,2024-04-22,1000000.00,4.83998,99.06640625
08:00:33,91282CKJ9,TSRYS5784683,D,S,T,2024-04-22,1000000.00,4.83998,99.06640625
08:00:33,91282CKJ9,TSRYS5784683,D,S,T,2024-04-22,2000000.00,4.841413,99.0625
08:00:33,91282CKJ9,TSRYS5784683,D,S,T,2024-04-22,1000000.00,4.841413,99.0625
08:00:33,91282CKJ9,TSRYS5784683,D,S,T,2024-04-22,1000000.00,4.842845,99.05859375
08:00:33,91282CKJ9,TSRYS5784683,D,S,T,2024-04-22,1000000.00,4.842845,99.05859375
08:00:33,91282CKJ9,TSRYS5784683,D,S,T,2024-04-22,1000000.00,4.842845,99.05859375
08:00:33,91282CKJ9,TSRYS5784683,D,S,T,2024-04-22,1000000.00,4.842845,99.05859375
08:00:33,91282CKJ9,TSRYS5784683,D,S,T,2024-04-22,1000000.00,4.842845,99.05859375
08:00:33,91282CKJ9,TSRYS5784683,D,S,D,2024-04-22,1000000.00,4.842845,99.05859375
08:00:33,91282CKJ9,TSRYS5784683,D,S,T,2024-04-22,1000000.00,4.842845,99.05859375
08:00:33,91282CKJ9,TSRYS5784683,D,S,T,2024-04-22,2000000.00,4.83998,99.06640625
08:00:33,91282CKJ9,TSRYS5784683,D,S,T,2024-04-22,1000000.00,4.83998,99.06640625
08:00:33,91282CKJ9,TSRYS5784683,D,S,T,2024-04-22,1000000.00,4.841413,99.0625
08:00:33,91282CKJ9,TSRYS5784683,D,S,T,2024-04-22,1000000.00,4.841413,99.0625
08:00:33,91282CKJ9,TSRYS5784683,D,S,T,2024-04-22,1000000.00,4.83998,99.06640625
08:00:33,91282CKJ9,TSRYS5784683,D,S,T,2024-04-22,1000000.00,4.83998,99.06640625
08:00:33,91282CKJ9,TSRYS5784683,D,S,T,2024-04-22,1000000.00,4.83998,99.06640625
08:00:33,91282CKJ9,TSRYS5784683,D,S,T,2024-04-22,1000000.00,4.840697,99.064453125
08:00:33,91282CKJ9,TSRYS5784683,D,S,T,2024-04-22,1000000.00,4.83998,99.06640625
08:00:33,91282CKJ9,TSRYS5784683,D,S,T,2024-04-22,1000000.00,4.83998,99.06640625
08:00:33,91282CKJ9,TSRYS5784683,D,S,T,2024-04-22,1000000.00,4.841413,99.0625
08:00:33,91282CKJ9,TSRYS5784683,D,S,T,2024-04-22,1000000.00,4.841413,99.0625
08:00:33,91282CKJ9,TSRYS5784683,D,S,T,2024-04-22,1000000.00,4.83998,99.06640625
08:00:33,91282CKJ9,TSRYS5784683,D,S,T,2024-04-22,1000000.00,4.83998,99.06640625
08:00:33,91282CKJ9,TSRYS5784683,D,S,T,2024-04-22,1000000.00,4.841413,99.0625
08:00:33,91282CKJ9,TSRYS5784683,D,S,T,2024-04-22,1000000.00,4.841413,99.0625
08:00:33,91282CKJ9,TSRYS5784683,D,S,T,2024-04-22,1000000.00,4.83998,99.06640625
08:00:33,91282CKJ9,TSRYS5784683,D,S,T,2024-04-22,1000000.00,4.842129,99.060546875
08:00:33,91282CKJ9,TSRYS5784683,D,S,T,2024-04-22,1000000.00,4.841413,99.0625
08:00:33,91282CKJ9,TSRYS5784683,D,S,T,2024-04-22,1000000.00,4.838548,99.0703125
08:00:33,91282CKJ9,TSRYS5784683,D,S,T,2024-04-22,1000000.00,4.837116,99.07421875
08:00:33,91282CKJ9,TSRYS5784683,D,S,T,2024-04-22,1000000.00,4.837116,99.07421875
08:00:33,91282CKJ9,TSRYS5784683,D,S,T,2024-04-22,1000000.00,4.837116,99.07421875
08:00:33,91282CKJ9,TSRYS5784683,D,S,T,2024-04-22,1000000.00,4.837116,99.07421875
08:00:33,91282CKJ9,TSRYS5784683,D,S,T,2024-04-22,1000000.00,4.837116,99.07421875
08:00:33,91282CKJ9,TSRYS5784683,D,S,T,2024-04-22,1000000.00,4.837116,99.07421875
08:00:33,91282CKJ9,TSRYS5784683,D,S,T,2024-04-22,1000000.00,4.837116,99.07421875
08:00:33,91282CKJ9,TSRYS5784683,D,S,T,2024-04-22,1000000.00,4.837116,99.07421875
08:00:33,91282CKJ9,TSRYS5784683,D,S,T,2024-04-22,1000000.00,4.837116,99.07421875
08:00:33,91282CKJ9,TSRYS5784683,D,S,T,2024-04-22,1000000.00,4.837116,99.07421875
08:00:33,91282CKJ9,TSRYS5784683,D,S,T,2024-04-22,1000000.00,4.837116,99.07421875
08:00:33,91282CKJ9,TSRYS5784683,D,S,D,2024-04-22,2000000.00,4.847859,99.044921875
08:00:33,91282CKJ9,TSRYS5784683,D,S,D,2024-04-22,2000000.00,4.847142,99.046875
08:00:33,91282CKJ9,TSRYS5784683,D,S,D,2024-04-22,1000000.00,4.841413,99.0625
08:00:33,91282CKJ9,TSRYS5784683,D,S,D,2024-04-22,1000000.00,4.841413,99.0625
08:00:33,91282CKJ9,TSRYS5784683,D,S,D,2024-04-22,1000000.00,4.839264,99.068359375
08:00:33,91282CKJ9,TSRYS5784683,D,S,D,2024-04-22,1000000.00,4.838548,99.0703125
08:00:33,91282CKJ9,TSRYS5784683,D,S,D,2024-04-22,1000000.00,4.839264,99.068359375
08:00:33,91282CKJ9,TSRYS5784683,D,S,D,2024-04-22,1000000.00,4.847142,99.046875
08:00:33,91282CKJ9,TSRYS5784683,D,S,D,2024-04-22,1000000.00,4.838548,99.0703125
08:00:33,91282CKJ9,TSRYS5784683,D,S,D,2024-04-22,2000000.00,4.841413,99.0625
08:00:33,91282CKJ9,TSRYS5784683,D,S,D,2024-04-22,1000000.00,4.83282,99.0859375
08:00:33,91282CKJ9,TSRYS5784683,D,S,D,2024-04-22,1000000.00,4.83282,99.0859375
08:00:33,91282CKJ9,TSRYS5784683,D,S,D,2024-04-22,1000000.00,4.837832,99.072265625
08:00:33,91282CKJ9,TSRYS5784683,D,S,D,2024-04-22,2000000.00,4.83998,99.06640625
08:00:33,91282CKJ9,TSRYS5784683,D,S,D,2024-04-22,2000000.00,4.840697,99.064453125
08:00:33,91282CKJ9,TSRYS5784683,D,S,D,2024-04-22,2000000.00,4.850008,99.0390625
08:00:33,91282CKJ9,TSRYS5784683,D,S,D,2024-04-22,2000000.00,4.846426,99.048828125
08:00:33,91282CKJ9,TSRYS5784683,D,S,D,2024-04-22,1000000.00,4.841413,99.0625
08:00:33,91282CKJ9,TSRYS5784683,D,S,D,2024-04-22,1000000.00,4.841413,99.0625
08:00:33,91282CKJ9,TSRYS5784683,D,S,D,2024-04-22,1000000.00,4.839264,99.068359375
08:00:33,91282CKJ9,TSRYS5784683,D,S,D,2024-04-22,1000000.00,4.839264,99.068359375
08:00:33,91282CKJ9,TSRYS5784683,D,S,D,2024-04-22,2000000.00,4.841413,99.0625
08:00:33,91282CKJ9,TSRYS5784683,D,S,D,2024-04-22,2000000.00,4.840697,99.064453125
08:00:33,91282CKJ9,TSRYS5784683,D,S,D,2024-04-22,2000000.00,4.841413,99.0625
08:00:33,91282CKJ9,TSRYS5784683,D,S,D,2024-04-22,1000000.00,4.842129,99.060546875
08:00:33,91282CKJ9,TSRYS5784683,D,S,D,2024-04-22,1000000.00,4.837832,99.072265625
08:00:33,91282CKJ9,TSRYS5784683,D,S,D,2024-04-22,1000000.00,4.838548,99.0703125
08:00:33,91282CKJ9,TSRYS5784683,D,S,D,2024-04-22,1000000.00,4.838548,99.0703125
08:00:33,91282CKJ9,TSRYS5784683,D,S,D,2024-04-22,2000000.00,4.837832,99.072265625
08:00:33,91282CKJ9,TSRYS5784683,D,S,D,2024-04-22,2000000.00,4.822799,99.11328125
08:00:33,91282CKJ9,TSRYS5784683,D,S,D,2024-04-22,1000000.00,4.822799,99.11328125
08:00:33,91282CKJ9,TSRYS5784683,D,S,D,2024-04-22,1000000.00,4.822799,99.11328125
08:00:33,91282CKJ9,TSRYS5784683,D,S,D,2024-04-22,1000000.00,4.822799,99.11328125
08:00:33,91282CKJ9,TSRYS5784683,D,S,D,2024-04-22,1000000.00,4.822799,99.11328125
08:00:33,91282CKJ9,TSRYS5784683,D,S,D,2024-04-22,1000000.00,4.822799,99.11328125
08:00:33,91282CKJ9,TSRYS5784683,D,S,D,2024-04-22,1000000.00,4.822799,99.11328125
08:00:33,91282CKJ9,TSRYS5784683,D,S,D,2024-04-22,1000000.00,4.822799,99.11328125
08:00:33,91282CKJ9,TSRYS5784683,D,S,D,2024-04-22,1000000.00,4.822799,99.11328125
08:00:33,91282CKJ9,TSRYS5784683,D,S,D,2024-04-22,1000000.00,4.822799,99.11328125
08:00:33,91282CKJ9,TSRYS5784683,D,S,D,2024-04-22,1000000.00,4.822799,99.11328125
08:00:33,91282CKJ9,TSRYS5784683,D,S,D,2024-04-22,1000000.00,4.822799,99.11328125
08:00:33,91282CKJ9,TSRYS5784683,D,S,D,2024-04-22,1000000.00,4.822799,99.11328125
08:00:33,91282CKJ9,TSRYS5784683,D,S,D,2024-04-22,1000000.00,4.83282,99.0859375
08:00:33,91282CKJ9,TSRYS5784683,D,S,D,2024-04-22,1000000.00,4.83282,99.0859375
08:00:33,91282CKJ9,TSRYS5784683,D,S,D,2024-04-22,1000000.00,4.83282,99.0859375
08:00:33,91282CKJ9,TSRYS5784683,D,S,D,2024-04-22,1000000.00,4.83282,99.0859375
08:00:33,91282CKJ9,TSRYS5784683,D,S,D,2024-04-22,1000000.00,4.83282,99.0859375
08:00:33,91282CKJ9,TSRYS5784683,D,S,D,2024-04-22,1000000.00,4.83282,99.0859375
08:00:33,91282CKJ9,TSRYS5784683,D,S,D,2024-04-22,1000000.00,4.83282,99.0859375
08:00:33,91282CKJ9,TSRYS5784683,D,S,D,2024-04-22,2000000.00,4.837116,99.07421875
08:00:33,91282CKJ9,TSRYS5784683,D,S,D,2024-04-22,2000000.00,4.83998,99.06640625
08:00:33,91282CKJ9,TSRYS5784683,D,S,D,2024-04-22,1000000.00,4.83998,99.06640625
08:00:33,91282CKJ9,TSRYS5784683,D,S,D,2024-04-22,1000000.00,4.83998,99.06640625
08:00:33,91282CKJ9,TSRYS5784683,D,S,D,2024-04-22,1000000.00,4.837832,99.072265625
08:00:33,91282CKJ9,TSRYS5784683,D,S,T,2024-04-22,2000000.00,4.841413,99.0625
08:00:33,91282CKJ9,TSRYS5784683,D,S,T,2024-04-22,1000000.00,4.841413,99.0625
08:00:33,91282CKJ9,TSRYS5784683,D,S,T,2024-04-22,1000000.00,4.841413,99.0625
08:00:33,91282CKJ9,TSRYS5784683,D,S,T,2024-04-22,2000000.00,4.83998,99.06640625
08:00:33,91282CKJ9,TSRYS5784683,D,S,T,2024-04-22,1000000.00,4.83998,99.06640625
08:00:33,91282CKJ9,TSRYS5784683,D,S,T,2024-04-22,1000000.00,4.83998,99.06640625
08:00:33,91282CKJ9,TSRYS5784683,D,S,T,2024-04-22,1000000.00,4.83998,99.06640625
08:00:33,91282CKJ9,TSRYS5784683,D,S,T,2024-04-22,2000000.00,4.839264,99.068359375
08:00:33,91282CKJ9,TSRYS5784683,D,S,T,2024-04-22,1000000.00,4.842845,99.05859375
08:00:33,91282CKJ9,TSRYS5784683,D,S,T,2024-04-22,1000000.00,4.842845,99.05859375
08:00:33,91282CKJ9,TSRYS5784683,D,S,T,2024-04-22,2000000.00,4.84571,99.05078125
08:00:33,91282CKJ9,TSRYS5784683,D,S,T,2024-04-22,2000000.00,4.84571,99.05078125
08:00:33,91282CKJ9,TSRYS5784683,D,S,T,2024-04-22,1000000.00,4.838548,99.0703125
08:00:33,91282CKJ9,TSRYS5784683,D,S,T,2024-04-22,1000000.00,4.838548,99.0703125
08:00:33,91282CKJ9,TSRYS5784683,D,S,T,2024-04-22,1000000.00,4.838548,99.0703125
08:00:33,91282CKJ9,TSRYS5784683,D,S,T,2024-04-22,1000000.00,4.83282,99.0859375
08:00:33,91282CKJ9,TSRYS5784683,D,S,T,2024-04-22,1000000.00,4.83282,99.0859375
08:00:33,91282CKJ9,TSRYS5784683,D,S,T,2024-04-22,1000000.00,4.83282,99.0859375
08:00:33,91282CKJ9,TSRYS5784683,D,S,T,2024-04-22,2000000.00,4.825662,99.10546875
08:00:33,91282CKJ9,TSRYS5784683,D,S,T,2024-04-22,2000000.00,4.825662,99.10546875
08:00:33,91282CKJ9,TSRYS5784683,D,S,T,2024-04-22,1000000.00,4.825662,99.10546875
08:00:33,91282CKJ9,TSRYS5784683,D,S,T,2024-04-22,1000000.00,4.822799,99.11328125
08:00:33,91282CKJ9,TSRYS5784683,D,S,T,2024-04-22,1000000.00,4.822799,99.11328125
08:00:33,91282CKJ9,TSRYS5784683,D,S,T,2024-04-22,1000000.00,4.822799,99.11328125
08:00:33,91282CKJ9,TSRYS5784683,D,S,T,2024-04-22,1000000.00,4.822799,99.11328125
08:00:33,91282CKJ9,TSRYS5784683,D,S,T,2024-04-22,1000000.00,4.822799,99.11328125
08:00:33,91282CKJ9,TSRYS5784683,D,S,T,2024-04-22,1000000.00,4.822799,99.11328125
08:00:33,91282CKJ9,TSRYS5784683,D,S,T,2024-04-22,1000000.00,4.822799,99.11328125
08:00:33,91282CKJ9,TSRYS5784683,D,S,T,2024-04-22,1000000.00,4.822799,99.11328125
08:00:33,91282CKJ9,TSRYS5784683,D,S,T,2024-04-22,1000000.00,4.822799,99.11328125
08:00:33,91282CKJ9,TSRYS5784683,D,S,T,2024-04-22,1000000.00,4.834252,99.08203125
08:00:33,91282CKJ9,TSRYS5784683,D,S,T,2024-04-22,1000000.00,4.83282,99.0859375
08:00:33,91282CKJ9,TSRYS5784683,D,S,T,2024-04-22,1000000.00,4.83282,99.0859375
08:00:33,91282CKJ9,TSRYS5784683,D,S,T,2024-04-22,1000000.00,4.83282,99.0859375
08:00:33,91282CKJ9,TSRYS5784683,D,S,T,2024-04-22,1000000.00,4.83282,99.0859375
08:00:33,91282CKJ9,TSRYS5784683,D,S,T,2024-04-22,1000000.00,4.83282,99.0859375
08:00:33,91282CKJ9,TSRYS5784683,D,S,T,2024-04-22,1000000.00,4.83282,99.0859375
08:00:33,91282CKJ9,TSRYS5784683,D,S,T,2024-04-22,1000000.00,4.837832,99.072265625
08:00:33,91282CKJ9,TSRYS5784683,D,S,T,2024-04-22,1000000.00,4.837832,99.072265625
08:00:33,91282CKJ9,TSRYS5784683,D,S,T,2024-04-22,1000000.00,4.843561,99.056640625
08:00:33,91282CKJ9,TSRYS5784683,D,S,T,2024-04-22,1000000.00,4.83998,99.06640625
08:00:37,91282CKJ9,TSRYS5784683,D,S,D,2024-04-22,1000000.00,4.847142,99.046875
08:00:37,91282CKJ9,TSRYS5784683,D,S,A,2024-04-22,350000.00,4.825893,99.10546875
08:00:37,91282CKJ9,TSRYS5784683,D,S,A,2024-04-22,50000.00,4.844277,99.0546875
08:00:37,91282CKJ9,TSRYS5784683,D,S,D,2024-04-22,1000000.00,4.847142,99.046875
08:00:37,91282CKJ9,TSRYS5784683,D,S,C,2024-04-22,7600000.00,4.83998,99.06640625
08:00:37,91282CKJ9,TSRYS5784683,D,S,T,2024-04-22,1000000.00,4.83998,99.06640625
08:00:37,91282CKJ9,TSRYS5784683,D,S,T,2024-04-22,1000000.00,4.83998,99.06640625
08:00:37,91282CKJ9,TSRYS5784683,D,S,T,2024-04-22,1000000.00,4.83998,99.06640625
08:00:37,91282CKJ9,TSRYS5784683,D,S,T,2024-04-22,1000000.00,4.83998,99.06640625
08:00:37,91282CKJ9,TSRYS5784683,D,S,T,2024-04-22,1000000.00,4.83998,99.06640625
08:00:37,91282CKJ9,TSRYS5784683,D,S,T,2024-04-22,1000000.00,4.83998,99.06640625
08:00:37,91282CKJ9,TSRYS5784683,D,S,T,2024-04-22,1000000.00,4.83998,99.06640625
08:00:37,91282CKJ9,TSRYS5784683,D,S,T,2024-04-22,1000000.00,4.83998,99.06640625
08:00:37,91282CKJ9,TSRYS5784683,D,S,T,2024-04-22,1000000.00,4.841413,99.0625
08:00:37,91282CKJ9,TSRYS5784683,D,S,T,2024-04-22,1000000.00,4.842845,99.05859375
08:00:37,91282CKJ9,TSRYS5784683,D,B,A,2024-04-22,10000000.00,4.848575,99.04296875
08:00:37,91282CKJ9,TSRYS5784683,D,S,T,2024-04-22,1000000.00,4.841413,99.0625
08:00:37,91282CKJ9,TSRYS5784683,D,S,T,2024-04-22,1000000.00,4.837116,99.07421875
08:00:37,91282CKJ9,TSRYS5784683,D,S,T,2024-04-22,1000000.00,4.837116,99.07421875
08:00:37,91282CKJ9,TSRYS5784683,D,S,T,2024-04-22,1000000.00,4.837116,99.07421875
08:00:37,91282CKJ9,TSRYS5784683,D,S,T,2024-04-22,1000000.00,4.837116,99.07421875
08:00:37,91282CKJ9,TSRYS5784683,D,S,T,2024-04-22,1000000.00,4.837116,99.07421875
08:00:37,91282CKJ9,TSRYS5784683,D,S,T,2024-04-22,2000000.00,4.837116,99.07421875
08:00:37,91282CKJ9,TSRYS5784683,D,S,T,2024-04-22,1000000.00,4.837116,99.07421875
08:00:37,91282CKJ9,TSRYS5784683,D,S,T,2024-04-22,1000000.00,4.837116,99.07421875
08:00:37,91282CKJ9,TSRYS5784683,D,S,C,2024-04-22,1100000.00,4.837116,99.07421875
08:00:37,91282CKJ9,TSRYS5784683,D,S,D,2024-04-22,4000000.00,4.829957,99.09375
08:00:37,91282CKJ9,TSRYS5784683,D,S,D,2024-04-22,4000000.00,4.829957,99.09375
08:00:37,91282CKJ9,TSRYS5784683,D,S,D,2024-04-22,2000000.00,4.827093,99.1015625
08:00:37,91282CKJ9,TSRYS5784683,D,S,T,2024-04-22,1000000.00,4.822799,99.11328125
08:00:37,91282CKJ9,TSRYS5784683,D,S,T,2024-04-22,1000000.00,4.822799,99.11328125
08:00:37,91282CKJ9,TSRYS5784683,D,S,T,2024-04-22,1000000.00,4.822799,99.11328125
08:00:37,91282CKJ9,TSRYS5784683,D,S,T,2024-04-22,1000000.00,4.822799,99.11328125
08:00:37,91282CKJ9,TSRYS5784683,D,S,T,2024-04-22,1000000.00,4.822799,99.11328125
08:00:37,91282CKJ9,TSRYS5784683,D,S,T,2024-04-22,1000000.00,4.822799,99.11328125
08:00:37,91282CKJ9,TSRYS5784683,D,S,T,2024-04-22,1000000.00,4.822799,99.11328125
08:00:37,91282CKJ9,TSRYS5784683,D,S,T,2024-04-22,1000000.00,4.822799,99.11328125
08:00:37,91282CKJ9,TSRYS5784683,D,S,T,2024-04-22,1000000.00,4.822799,99.11328125
08:00:37,91282CKJ9,TSRYS5784683,D,B,A,2024-04-22,14000000.00,4.829957,99.09375
08:00:37,91282CKJ9,TSRYS5784683,D,S,C,2024-04-22,205000.00,4.829957,99.09375
08:00:37,91282CKJ9,TSRYS5784683,D,S,C,2024-04-22,340000.00,4.821367,99.1171875
08:00:37,91282CKJ9,TSRYS5784683,D,S,A,2024-04-22,1200000.00,4.829957,99.09375
08:00:37,91282CKJ9,TSRYS5784683,D,S,D,2024-04-22,3000000.00,4.829957,99.09375
08:00:37,91282CKJ9,TSRYS5784683,D,S,D,2024-04-22,3000000.00,4.829957,99.09375
08:00:37,91282CKJ9,TSRYS5784683,D,S,C,2024-04-22,1056000.00,4.834252,99.08203125
08:00:37,91282CKJ9,TSRYS5784683,D,S,A,2024-04-22,720000.00,4.829957,99.09375
08:00:37,91282CKJ9,TSRYS5784683,D,S,A,2024-04-22,300000.00,4.829957,99.09375
08:00:37,91282CKJ9,TSRYS5784683,D,S,C,2024-04-22,773000.00,4.837116,99.07421875
08:00:37,91282CKJ9,TSRYS5784683,D,S,T,2024-04-22,1000000.00,4.835684,99.078125
08:00:37,91282CKJ9,TSRYS5784683,D,B,A,2024-04-22,20284000.00,4.837116,99.07421875
08:00:37,91282CKJ9,TSRYS5784683,D,S,C,2024-04-22,530000.00,4.837116,99.07421875
08:00:37,91282CKJ9,TSRYS5784683,D,S,T,2024-04-22,1000000.00,4.837116,99.07421875
08:00:37,91282CKJ9,TSRYS5784683,D,S,T,2024-04-22,2000000.00,4.837116,99.07421875
08:00:37,91282CKJ9,TSRYS5784683,D,S,T,2024-04-22,1000000.00,4.837116,99.07421875
08:00:37,91282CKJ9,TSRYS5784683,D,S,A,2024-04-22,1600000.00,4.835924,99.078125
08:00:37,91282CKJ9,TSRYS5784683,D,S,T,2024-04-22,1000000.00,4.835684,99.078125
08:00:37,91282CKJ9,TSRYS5784683,D,S,T,2024-04-22,1000000.00,4.834252,99.08203125
08:00:37,91282CKJ9,TSRYS5784683,D,S,T,2024-04-22,7000000.00,4.8364,99.076171875
08:00:37,91282CKJ9,TSRYS5784683,D,S,T,2024-04-22,10000000.00,4.842845,99.05859375
08:00:37,91282CKJ9,TSRYS5784683,D,S,T,2024-04-22,15000000.00,4.841413,99.0625
08:00:37,91282CKJ9,TSRYS5784683,D,S,C,2024-04-22,2000000.00,4.841413,99.0625
08:00:39,91282CKJ9,TSRYS5784683,D,B,A,2024-04-22,200000.00,4.834252,99.082031
08:00:39,91282CKJ9,TSRYS5784683,D,B,C,2024-04-22,3500000.00,4.838548,99.0703125
08:00:39,91282CKJ9,TSRYS5784683,D,S,A,2024-04-22,1400000.00,4.834252,99.082031
08:00:40,91282CKJ9,TSRYS5784683,D,S,T,2024-04-22,1000000.00,4.843561,99.056640625
08:00:40,91282CKJ9,TSRYS5784683,D,S,T,2024-04-22,1000000.00,4.839264,99.068359375
08:00:40,91282CKJ9,TSRYS5784683,D,S,T,2024-04-22,1000000.00,4.840697,99.064453125
08:00:40,91282CKJ9,TSRYS5784683,D,S,T,2024-04-22,2000000.00,4.847142,99.046875
08:00:40,91282CKJ9,TSRYS5784683,D,S,T,2024-04-22,1000000.00,4.847142,99.046875
08:00:40,91282CKJ9,TSRYS5784683,D,S,D,2024-04-22,1000000.00,4.847142,99.046875
08:00:40,91282CKJ9,TSRYS5784683,D,S,T,2024-04-22,1000000.00,4.838548,99.0703125
08:00:40,91282CKJ9,TSRYS5784683,D,S,D,2024-04-22,1800000.00,4.83998,99.06640625
08:00:40,91282CKJ9,TSRYS5784683,D,S,T,2024-04-22,1000000.00,4.840697,99.064453125
08:00:40,91282CKJ9,TSRYS5784683,D,S,D,2024-04-22,1000000.00,4.840697,99.064453125
08:00:40,91282CKJ9,TSRYS5784683,D,S,T,2024-04-22,1000000.00,4.838548,99.0703125
08:00:40,91282CKJ9,TSRYS5784683,D,S,D,2024-04-22,1000000.00,4.838548,99.0703125
08:00:40,91282CKJ9,TSRYS5784683,D,S,D,2024-04-22,1000000.00,4.840697,99.064453125
08:00:40,91282CKJ9,TSRYS5784683,D,S,D,2024-04-22,1000000.00,4.840697,99.064453125
08:00:40,91282CKJ9,TSRYS5784683,D,S,T,2024-04-22,1000000.00,4.846426,99.048828125
08:00:40,91282CKJ9,TSRYS5784683,D,S,T,2024-04-22,1000000.00,4.847142,99.046875
08:00:40,91282CKJ9,TSRYS5784683,D,S,T,2024-04-22,1000000.00,4.843561,99.056640625
08:00:40,91282CKJ9,TSRYS5784683,D,S,T,2024-04-22,1000000.00,4.842129,99.060546875
08:00:40,91282CKJ9,TSRYS5784683,D,S,T,2024-04-22,1000000.00,4.84571,99.05078125
08:00:40,91282CKJ9,TSRYS5784683,D,S,T,2024-04-22,1000000.00,4.84571,99.05078125
08:00:40,91282CKJ9,TSRYS5784683,D,S,T,2024-04-22,1000000.00,4.844277,99.0546875
08:00:40,91282CKJ9,TSRYS5784683,D,S,T,2024-04-22,1000000.00,4.844277,99.0546875
08:00:40,91282CKJ9,TSRYS5784683,D,S,T,2024-04-22,1000000.00,4.84571,99.05078125
08:00:40,91282CKJ9,TSRYS5784683,D,S,T,2024-04-22,1000000.00,4.844277,99.0546875
08:00:41,91282CKJ9,TSRYS5784683,D,S,T,2024-04-22,1000000.00,4.837832,99.072265625
08:00:41,91282CKJ9,TSRYS5784683,D,S,D,2024-04-22,1000000.00,4.838548,99.0703125
08:00:41,91282CKJ9,TSRYS5784683,D,S,D,2024-04-22,1000000.00,4.838548,99.0703125
08:00:41,91282CKJ9,TSRYS5784683,D,S,T,2024-04-22,1000000.00,4.829957,99.09375
08:00:41,91282CKJ9,TSRYS5784683,D,S,T,2024-04-22,1000000.00,4.825662,99.10546875
08:00:41,91282CKJ9,TSRYS5784683,D,S,T,2024-04-22,1000000.00,4.825662,99.10546875
08:00:41,91282CKJ9,TSRYS5784683,D,S,T,2024-04-22,1000000.00,4.825662,99.10546875
08:00:41,91282CKJ9,TSRYS5784683,D,S,T,2024-04-22,1000000.00,4.824946,99.107421875
08:00:41,91282CKJ9,TSRYS5784683,D,S,T,2024-04-22,1000000.00,4.82423,99.109375
08:00:41,91282CKJ9,TSRYS5784683,D,S,T,2024-04-22,1000000.00,4.82423,99.109375
08:00:41,91282CKJ9,TSRYS5784683,D,S,T,2024-04-22,1000000.00,4.822799,99.11328125
08:00:41,91282CKJ9,TSRYS5784683,D,S,D,2024-04-22,1000000.00,4.822799,99.11328125
08:00:41,91282CKJ9,TSRYS5784683,D,S,T,2024-04-22,1000000.00,4.822799,99.11328125
08:00:41,91282CKJ9,TSRYS5784683,D,S,T,2024-04-22,1000000.00,4.822799,99.11328125
08:00:41,91282CKJ9,TSRYS5784683,D,S,T,2024-04-22,1000000.00,4.822799,99.11328125
08:00:41,91282CKJ9,TSRYS5784683,D,S,D,2024-04-22,1000000.00,4.822799,99.11328125
08:00:41,91282CKJ9,TSRYS5784683,D,S,D,2024-04-22,1000000.00,4.822799,99.11328125
08:00:41,91282CKJ9,TSRYS5784683,D,S,T,2024-04-22,1000000.00,4.822799,99.11328125
08:00:41,91282CKJ9,TSRYS5784683,D,S,T,2024-04-22,1000000.00,4.825662,99.10546875
08:00:41,91282CKJ9,TSRYS5784683,D,S,T,2024-04-22,1000000.00,4.825662,99.10546875
08:00:41,91282CKJ9,TSRYS5784683,D,S,T,2024-04-22,1000000.00,4.83282,99.0859375
08:00:41,91282CKJ9,TSRYS5784683,D,S,T,2024-04-22,1000000.00,4.832104,99.087890625
08:00:41,91282CKJ9,TSRYS5784683,D,S,T,2024-04-22,1000000.00,4.8364,99.076171875
08:00:41,91282CKJ9,TSRYS5784683,D,S,T,2024-04-22,1000000.00,4.837116,99.07421875
08:00:41,91282CKJ9,TSRYS5784683,D,S,D,2024-04-22,1000000.00,4.837116,99.07421875
08:00:41,91282CKJ9,TSRYS5784683,D,S,T,2024-04-22,1000000.00,4.839264,99.068359375
08:00:41,91282CKJ9,TSRYS5784683,D,S,T,2024-04-22,1000000.00,4.837116,99.07421875
08:00:41,91282CKJ9,TSRYS5784683,D,S,T,2024-04-22,1000000.00,4.837116,99.07421875
08:00:41,91282CKJ9,TSRYS5784683,D,S,T,2024-04-22,1000000.00,4.837116,99.07421875
08:00:41,91282CKJ9,TSRYS5784683,D,S,T,2024-04-22,1000000.00,4.837832,99.072265625
08:00:41,91282CKJ9,TSRYS5784683,D,S,T,2024-04-22,1000000.00,4.839264,99.068359375
08:00:41,91282CKJ9,TSRYS5784683,D,S,T,2024-04-22,1000000.00,4.834968,99.080078125
08:00:41,91282CKJ9,TSRYS5784683,D,S,T,2024-04-22,1000000.00,4.834252,99.08203125
08:00:41,91282CKJ9,TSRYS5784683,D,S,T,2024-04-22,1000000.00,4.834252,99.08203125
08:00:41,91282CKJ9,TSRYS5784683,D,S,T,2024-04-22,1000000.00,4.835684,99.078125
08:00:41,91282CKJ9,TSRYS5784683,D,S,T,2024-04-22,1000000.00,4.83998,99.06640625
08:00:41,91282CKJ9,TSRYS5784683,D,S,T,2024-04-22,1000000.00,4.83998,99.06640625
08:00:41,91282CKJ9,TSRYS5784683,D,S,T,2024-04-22,1000000.00,4.83998,99.06640625
08:00:41,91282CKJ9,TSRYS5784683,D,S,T,2024-04-22,1000000.00,4.839264,99.068359375
08:00:41,91282CKJ9,TSRYS5784683,D,S,T,2024-04-22,1000000.00,4.837116,99.07421875
08:00:42,91282CKJ9,TSRYS5784683,D,S,A,2024-04-22,3840000.00,4.841413,99.0625
08:00:42,91282CKJ9,TSRYS5784683,D,S,A,2024-04-22,500000.00,4.837116,99.07421875
08:00:43,91282CKJ9,TSRYS5784683,D,S,D,2024-04-22,1000000.00,4.829957,99.09375
08:00:43,91282CKJ9,TSRYS5784683,D,B,A,2024-04-22,3200000.00,4.835684,99.078125
08:00:44,91282CKJ9,TSRYS5784683,D,S,T,2024-04-22,1000000.00,4.841413,99.0625
08:00:46,91282CKJ9,TSRYS5784683,D,S,A,2024-04-22,825000.00,4.835561,99.07846
08:00:46,91282CKJ9,TSRYS5784683,D,S,D,2024-04-22,2000000.00,4.841413,99.0625
08:00:48,91282CKJ9,TSRYS5784683,D,S,T,2024-04-22,1000000.00,4.83998,99.06640625
08:00:48,91282CKJ9,TSRYS5784683,D,B,A,2024-04-22,2020000.00,4.842845,99.05859375
08:00:49,91282CKJ9,TSRYS5784683,D,S,A,2024-04-22,265000.00,4.844277,99.0546875
08:00:49,91282CKJ9,TSRYS5784683,D,S,D,2024-04-22,1000000.00,4.822799,99.11328125
08:00:49,91282CKJ9,TSRYS5784683,D,S,D,2024-04-22,1000000.00,4.82423,99.109375
08:00:49,91282CKJ9,TSRYS5784683,D,S,D,2024-04-22,1000000.00,4.82423,99.109375
08:00:49,91282CKJ9,TSRYS5784683,D,S,A,2024-04-22,1124000.00,4.83998,99.06640625
08:00:50,91282CKJ9,TSRYS5784683,D,S,T,2024-04-22,1000000.00,4.838548,99.0703125
08:00:51,91282CKJ9,TSRYS5784683,D,S,D,2024-04-22,1800000.00,4.83998,99.06640625
08:00:54,91282CKJ9,TSRYS5784683,D,S,T,2024-04-22,1000000.00,4.842845,99.05859375
08:00:54,91282CKJ9,TSRYS5784683,D,S,T,2024-04-22,2000000.00,4.842845,99.05859375
08:00:55,91282CKJ9,TSRYS5784683,D,S,D,2024-04-22,1000000.00,4.838548,99.0703125
08:00:55,91282CKJ9,TSRYS5784683,D,S,D,2024-04-22,1000000.00,4.838548,99.0703125
08:00:55,91282CKJ9,TSRYS5784683,D,S,T,2024-04-22,2000000.00,4.83998,99.06640625
08:00:56,91282CKJ9,TSRYS5784683,D,S,D,2024-04-22,500000.00,4.8364,99.076171875
08:00:57,91282CKJ9,TSRYS5784683,D,S,T,2024-04-22,1000000.00,4.83998,99.06640625
08:00:57,91282CKJ9,TSRYS5784683,D,S,T,2024-04-22,1000000.00,4.83998,99.06640625
08:00:57,91282CKJ9,TSRYS5784683,D,S,D,2024-04-22,1000000.00,4.841413,99.0625
08:00:59,91282CKJ9,TSRYS5784683,D,S,D,2024-04-22,1000000.00,4.841413,99.0625
08:00:59,91282CKJ9,TSRYS5784683,D,S,D,2024-04-22,5000000.00,4.842845,99.05859375
08:00:59,91282CKJ9,TSRYS5784683,D,S,D,2024-04-22,5000000.00,4.844277,99.0546875
08:00:59,91282CKJ9,TSRYS5784683,D,S,D,2024-04-22,2000000.00,4.83998,99.06640625
08:00:59,91282CKJ9,TSRYS5784683,D,S,D,2024-04-22,5000000.00,4.83998,99.06640625
08:01:00,91282CKJ9,TSRYS5784683,D,S,C,2024-04-22,1000000.00,4.829957,99.09375
08:01:00,91282CKJ9,TSRYS5784683,D,B,C,2024-04-22,1000000.00,4.829957,99.09375
08:01:00,91282CKJ9,TSRYS5784683,D,B,C,2024-04-22,2000000.00,4.829957,99.09375
08:01:00,91282CKJ9,TSRYS5784683,D,S,C,2024-04-22,2000000.00,4.829957,99.09375
08:01:00,91282CKJ9,TSRYS5784683,D,S,C,2024-04-22,1000000.00,4.829241,99.095703125
08:01:00,91282CKJ9,TSRYS5784683,D,S,D,2024-04-22,1000000.00,4.830673,99.091796875
08:01:00,91282CKJ9,TSRYS5784683,D,B,C,2024-04-22,1000000.00,4.830673,99.091796875
08:01:00,91282CKJ9,TSRYS5784683,D,B,C,2024-04-22,1000000.00,4.829241,99.095703125
08:01:00,91282CKJ9,TSRYS5784683,D,S,C,2024-04-22,1000000.00,4.837832,99.072265625
08:01:00,91282CKJ9,TSRYS5784683,D,B,C,2024-04-22,1000000.00,4.837832,99.072265625
08:01:00,91282CKJ9,TSRYS5784683,D,B,C,2024-04-22,1000000.00,4.840697,99.064453125
08:01:00,91282CKJ9,TSRYS5784683,D,S,D,2024-04-22,1000000.00,4.840697,99.064453125
08:01:00,91282CKJ9,TSRYS5784683,D,S,D,2024-04-22,1000000.00,4.841413,99.0625
08:01:00,91282CKJ9,TSRYS5784683,D,B,C,2024-04-22,1000000.00,4.841413,99.0625
08:01:00,91282CKJ9,TSRYS5784683,D,S,T,2024-04-22,2000000.00,4.846463,99.048728125
08:01:00,91282CKJ9,TSRYS5784683,D,S,T,2024-04-22,1000000.00,4.846463,99.048728125
08:01:00,91282CKJ9,TSRYS5784683,D,S,T,2024-04-22,1000000.00,4.846463,99.048728125
08:01:00,91282CKJ9,TSRYS5784683,D,S,T,2024-04-22,1000000.00,4.847179,99.046775
08:01:00,91282CKJ9,TSRYS5784683,D,B,C,2024-04-22,1000000.00,4.840697,99.064453125
08:01:00,91282CKJ9,TSRYS5784683,D,B,C,2024-04-22,1000000.00,4.841413,99.0625
08:01:00,91282CKJ9,TSRYS5784683,D,S,D,2024-04-22,1000000.00,4.841413,99.0625
08:01:00,91282CKJ9,TSRYS5784683,D,S,D,2024-04-22,1000000.00,4.840697,99.064453125
08:01:00,91282CKJ9,TSRYS5784683,D,S,D,2024-04-22,1000000.00,4.842845,99.05859375
08:01:00,91282CKJ9,TSRYS5784683,D,B,C,2024-04-22,1000000.00,4.842845,99.05859375
08:01:00,91282CKJ9,TSRYS5784683,D,S,T,2024-04-22,1000000.00,4.840017,99.06630625
08:01:01,91282CKJ9,TSRYS5784683,D,S,D,2024-04-22,2000000.00,4.83998,99.06640625
08:01:01,91282CKJ9,TSRYS5784683,D,S,D,2024-04-22,4000000.00,4.83998,99.06640625
08:01:01,91282CKJ9,TSRYS5784683,D,S,D,2024-04-22,1000000.00,4.84571,99.05078125
08:01:01,91282CKJ9,TSRYS5784683,D,B,C,2024-04-22,1000000.00,4.84571,99.05078125
08:01:01,91282CKJ9,TSRYS5784683,D,S,C,2024-04-22,2000000.00,4.840697,99.064453125
08:01:01,91282CKJ9,TSRYS5784683,D,S,C,2024-04-22,1000000.00,4.847859,99.044921875
08:01:01,91282CKJ9,TSRYS5784683,D,B,C,2024-04-22,1000000.00,4.847859,99.044921875
08:01:01,91282CKJ9,TSRYS5784683,D,S,D,2024-04-22,2000000.00,4.847859,99.044921875
08:01:01,91282CKJ9,TSRYS5784683,D,S,D,2024-04-22,3000000.00,4.847859,99.044921875
08:01:01,91282CKJ9,TSRYS5784683,D,S,D,2024-04-22,1000000.00,4.847142,99.046875
08:01:01,91282CKJ9,TSRYS5784683,D,S,D,2024-04-22,2000000.00,4.847142,99.046875
08:01:01,91282CKJ9,TSRYS5784683,D,S,D,2024-04-22,1000000.00,4.847142,99.046875
08:01:02,91282CKJ9,TSRYS5784683,D,S,D,2024-04-22,1000000.00,4.84571,99.05078125
08:01:02,91282CKJ9,TSRYS5784683,D,B,C,2024-04-22,1000000.00,4.84571,99.05078125
08:01:02,91282CKJ9,TSRYS5784683,D,S,A,2024-04-22,1200000.00,4.835684,99.078125
08:01:03,91282CKJ9,TSRYS5784683,D,B,A,2024-04-22,3840000.00,4.841413,99.0625
08:01:03,91282CKJ9,TSRYS5784683,D,S,C,2024-04-22,40000.00,4.837914,99.072043
08:01:04,91282CKJ9,TSRYS5784683,D,S,D,2024-04-22,226500000.00,4.83998,99.06640625
08:01:04,91282CKJ9,TSRYS5784683,D,B,C,2024-04-22,1000000.00,4.83998,99.06640625
08:01:04,91282CKJ9,TSRYS5784683,D,S,C,2024-04-22,1000000.00,4.83998,99.06640625
08:01:04,91282CKJ9,TSRYS5784683,D,S,D,2024-04-22,1000000.00,4.838548,99.0703125
08:01:04,91282CKJ9,TSRYS5784683,D,S,D,2024-04-22,1000000.00,4.839264,99.068359375
08:01:04,91282CKJ9,TSRYS5784683,D,S,D,2024-04-22,1000000.00,4.842129,99.060546875
08:01:06,91282CKJ9,TSRYS5784683,D,S,C,2024-04-22,1000000.00,4.847142,99.046875
08:01:06,91282CKJ9,TSRYS5784683,D,S,T,2024-04-22,1000000.00,4.83998,99.06640625
08:01:06,91282CKJ9,TSRYS5784683,D,S,T,2024-04-22,1000000.00,4.83998,99.06640625
08:01:06,91282CKJ9,TSRYS5784683,D,S,D,2024-04-22,2000000.00,4.847142,99.046875
08:01:06,91282CKJ9,TSRYS5784683,D,B,C,2024-04-22,2000000.00,4.847142,99.046875
08:01:07,91282CKJ9,TSRYS5784683,D,S,C,2024-04-22,25000.00,4.837914,99.072043
08:01:08,91282CKJ9,TSRYS5784683,D,S,C,2024-04-22,1000000.00,4.839264,99.068359375
08:01:08,91282CKJ9,TSRYS5784683,D,B,C,2024-04-22,1000000.00,4.839264,99.068359375
08:01:08,91282CKJ9,TSRYS5784683,D,S,C,2024-04-22,1000000.00,4.83998,99.06640625
08:01:08,91282CKJ9,TSRYS5784683,D,B,C,2024-04-22,1000000.00,4.83998,99.06640625
08:01:08,91282CKJ9,TSRYS5784683,D,S,C,2024-04-22,1000000.00,4.842845,99.05859375
08:01:08,91282CKJ9,TSRYS5784683,D,B,C,2024-04-22,1000000.00,4.842845,99.05859375
08:01:08,91282CKJ9,TSRYS5784683,D,B,C,2024-04-22,1000000.00,4.843561,99.056640625
08:01:08,91282CKJ9,TSRYS5784683,D,S,C,2024-04-22,1000000.00,4.843561,99.056640625
08:01:08,91282CKJ9,TSRYS5784683,D,S,D,2024-04-22,2000000.00,4.841413,99.0625
08:01:08,91282CKJ9,TSRYS5784683,D,B,C,2024-04-22,1000000.00,4.837116,99.07421875
08:01:08,91282CKJ9,TSRYS5784683,D,S,D,2024-04-22,1000000.00,4.837116,99.07421875
08:01:08,91282CKJ9,TSRYS5784683,D,B,C,2024-04-22,1000000.00,4.831388,99.08984375
08:01:08,91282CKJ9,TSRYS5784683,D,S,C,2024-04-22,1000000.00,4.831388,99.08984375
08:01:09,91282CKJ9,TSRYS5784683,D,S,D,2024-04-22,1000000.00,4.83998,99.06640625
08:01:09,91282CKJ9,TSRYS5784683,D,S,C,2024-04-22,1000000.00,4.82423,99.109375
08:01:09,91282CKJ9,TSRYS5784683,D,B,C,2024-04-22,1000000.00,4.82423,99.109375
08:01:09,91282CKJ9,TSRYS5784683,D,S,D,2024-04-22,1000000.00,4.823515,99.111328125
08:01:09,91282CKJ9,TSRYS5784683,D,B,C,2024-04-22,1000000.00,4.823515,99.111328125
08:01:09,91282CKJ9,TSRYS5784683,D,S,D,2024-04-22,1000000.00,4.82423,99.109375
08:01:09,91282CKJ9,TSRYS5784683,D,B,C,2024-04-22,1000000.00,4.82423,99.109375
08:01:09,91282CKJ9,TSRYS5784683,D,B,C,2024-04-22,2000000.00,4.82423,99.109375
08:01:09,91282CKJ9,TSRYS5784683,D,S,C,2024-04-22,2000000.00,4.82423,99.109375
08:01:09,91282CKJ9,TSRYS5784683,D,S,C,2024-04-22,1000000.00,4.82423,99.109375
08:01:09,91282CKJ9,TSRYS5784683,D,B,C,2024-04-22,1000000.00,4.82423,99.109375
08:01:09,91282CKJ9,TSRYS5784683,D,S,D,2024-04-22,1000000.00,4.822799,99.11328125
08:01:09,91282CKJ9,TSRYS5784683,D,B,C,2024-04-22,1000000.00,4.822799,99.11328125
08:01:09,91282CKJ9,TSRYS5784683,D,S,C,2024-04-22,1000000.00,4.82423,99.109375
08:01:09,91282CKJ9,TSRYS5784683,D,B,C,2024-04-22,1000000.00,4.82423,99.109375
08:01:09,91282CKJ9,TSRYS5784683,D,S,D,2024-04-22,1000000.00,4.82423,99.109375
08:01:09,91282CKJ9,TSRYS5784683,D,B,C,2024-04-22,1000000.00,4.82423,99.109375
08:01:09,91282CKJ9,TSRYS5784683,D,S,D,2024-04-22,1000000.00,4.82423,99.109375
08:01:09,91282CKJ9,TSRYS5784683,D,B,C,2024-04-22,1000000.00,4.82423,99.109375
08:01:09,91282CKJ9,TSRYS5784683,D,S,C,2024-04-22,1000000.00,4.82423,99.109375
08:01:09,91282CKJ9,TSRYS5784683,D,B,C,2024-04-22,1000000.00,4.82423,99.109375
08:01:09,91282CKJ9,TSRYS5784683,D,B,A,2024-04-22,870000.00,4.835684,99.078125
08:01:09,91282CKJ9,TSRYS5784683,D,S,C,2024-04-22,1000000.00,4.828525,99.09765625
08:01:09,91282CKJ9,TSRYS5784683,D,B,C,2024-04-22,1000000.00,4.828525,99.09765625
08:01:10,91282CKJ9,TSRYS5784683,D,S,C,2024-04-22,1000000.00,4.827093,99.1015625
08:01:10,91282CKJ9,TSRYS5784683,D,B,C,2024-04-22,1000000.00,4.827093,99.1015625
08:01:10,91282CKJ9,TSRYS5784683,D,B,C,2024-04-22,1000000.00,4.838548,99.0703125
08:01:10,91282CKJ9,TSRYS5784683,D,B,C,2024-04-22,1000000.00,4.838548,99.0703125
08:01:10,91282CKJ9,TSRYS5784683,D,B,C,2024-04-22,1000000.00,4.838548,99.0703125
08:01:10,91282CKJ9,TSRYS5784683,D,B,C,2024-04-22,1000000.00,4.838548,99.0703125
08:01:10,91282CKJ9,TSRYS5784683,D,S,C,2024-04-22,1000000.00,4.834968,99.080078125
08:01:10,91282CKJ9,TSRYS5784683,D,B,C,2024-04-22,1000000.00,4.838548,99.0703125
08:01:10,91282CKJ9,TSRYS5784683,D,S,C,2024-04-22,1000000.00,4.834968,99.080078125
08:01:10,91282CKJ9,TSRYS5784683,D,B,C,2024-04-22,1000000.00,4.834968,99.080078125
08:01:10,91282CKJ9,TSRYS5784683,D,S,C,2024-04-22,1000000.00,4.835684,99.078125
08:01:10,91282CKJ9,TSRYS5784683,D,S,C,2024-04-22,1000000.00,4.835684,99.078125
08:01:10,91282CKJ9,TSRYS5784683,D,S,D,2024-04-22,1000000.00,4.83998,99.06640625
08:01:10,91282CKJ9,TSRYS5784683,D,B,C,2024-04-22,1000000.00,4.844994,99.05273437
08:01:10,91282CKJ9,TSRYS5784683,D,S,D,2024-04-22,1000000.00,4.838548,99.0703125
08:01:10,91282CKJ9,TSRYS5784683,D,B,C,2024-04-22,1000000.00,4.838548,99.0703125
08:01:10,91282CKJ9,TSRYS5784683,D,S,D,2024-04-22,1000000.00,4.838548,99.0703125
08:01:10,91282CKJ9,TSRYS5784683,D,B,C,2024-04-22,1000000.00,4.838548,99.0703125
08:01:10,91282CKJ9,TSRYS5784683,D,B,A,2024-04-22,1021000.00,4.838548,99.0703125
08:01:10,91282CKJ9,TSRYS5784683,D,S,C,2024-04-22,18000000.00,4.839183,99.06858
08:01:11,91282CKJ9,TSRYS5784683,D,B,C,2024-04-22,1000000.00,4.846426,99.04882812
08:01:11,91282CKJ9,TSRYS5784683,D,S,C,2024-04-22,1000000.00,4.835684,99.078125
08:01:11,91282CKJ9,TSRYS5784683,D,B,C,2024-04-22,1000000.00,4.846426,99.04882812
08:01:11,91282CKJ9,TSRYS5784683,D,S,D,2024-04-22,1000000.00,4.841413,99.0625
08:01:11,91282CKJ9,TSRYS5784683,D,B,C,2024-04-22,1000000.00,4.841413,99.0625
08:01:11,91282CKJ9,TSRYS5784683,D,B,C,2024-04-22,2000000.00,4.841413,99.0625
08:01:11,91282CKJ9,TSRYS5784683,D,S,C,2024-04-22,2000000.00,4.841413,99.0625
08:01:11,91282CKJ9,TSRYS5784683,D,B,C,2024-04-22,1000000.00,4.843561,99.056640625
08:01:11,91282CKJ9,TSRYS5784683,D,S,T,2024-04-22,1000000.00,4.822799,99.11328125
08:01:11,91282CKJ9,TSRYS5784683,D,S,C,2024-04-22,1000000.00,4.843561,99.056640625
08:01:11,91282CKJ9,TSRYS5784683,D,S,C,2024-04-22,2000000.00,4.843561,99.056640625
08:01:11,91282CKJ9,TSRYS5784683,D,S,C,2024-04-22,1000000.00,4.844277,99.0546875
08:01:11,91282CKJ9,TSRYS5784683,D,B,C,2024-04-22,1000000.00,4.844277,99.0546875
08:01:11,91282CKJ9,TSRYS5784683,D,S,C,2024-04-22,2000000.00,4.844277,99.0546875
08:01:11,91282CKJ9,TSRYS5784683,D,S,C,2024-04-22,1000000.00,4.844277,99.0546875
08:01:11,91282CKJ9,TSRYS5784683,D,S,D,2024-04-22,1000000.00,4.841413,99.0625
08:01:11,91282CKJ9,TSRYS5784683,D,B,C,2024-04-22,1000000.00,4.841413,99.0625
08:01:11,91282CKJ9,TSRYS5784683,D,S,C,2024-04-22,2000000.00,4.841413,99.0625
08:01:11,91282CKJ9,TSRYS5784683,D,B,C,2024-04-22,1000000.00,4.84571,99.05078125
08:01:11,91282CKJ9,TSRYS5784683,D,B,C,2024-04-22,2000000.00,4.841413,99.0625
08:01:11,91282CKJ9,TSRYS5784683,D,B,C,2024-04-22,1000000.00,4.84571,99.05078125
08:01:11,91282CKJ9,TSRYS5784683,D,S,D,2024-04-22,960000.00,4.772557,99.25
08:01:11,91282CKJ9,TSRYS5784683,D,B,C,2024-04-22,1000000.00,4.841413,99.0625
08:01:11,91282CKJ9,TSRYS5784683,D,B,C,2024-04-22,1000000.00,4.841413,99.0625
08:01:12,91282CKJ9,TSRYS5784683,D,S,D,2024-04-22,152000000.00,4.844277,99.0546875
08:01:12,91282CKJ9,TSRYS5784683,D,B,C,2024-04-22,1000000.00,4.843561,99.05664062
08:01:12,91282CKJ9,TSRYS5784683,D,S,C,2024-04-22,28000.00,4.837914,99.072043
08:01:12,91282CKJ9,TSRYS5784683,D,S,A,2024-04-22,1000000.00,4.839925,99.06655825
08:01:12,91282CKJ9,TSRYS5784683,D,S,A,2024-04-22,1000000.00,4.839925,99.06655825
08:01:12,91282CKJ9,TSRYS5784683,D,S,A,2024-04-22,1000000.00,4.839925,99.06655825
08:01:12,91282CKJ9,TSRYS5784683,D,B,C,2024-04-22,1000000.00,4.842845,99.05859375
08:01:12,91282CKJ9,TSRYS5784683,D,S,A,2024-04-22,2000000.00,4.839925,99.06655625
08:01:12,91282CKJ9,TSRYS5784683,D,B,C,2024-04-22,1000000.00,4.842845,99.05859375
08:01:12,91282CKJ9,TSRYS5784683,D,B,C,2024-04-22,1000000.00,4.842845,99.05859375
08:01:13,91282CKJ9,TSRYS5784683,D,B,A,2024-04-22,5887000.00,4.831388,99.08984375
08:01:13,91282CKJ9,TSRYS5784683,D,B,C,2024-04-22,2000000.00,4.840697,99.06445312
08:01:13,91282CKJ9,TSRYS5784683,D,B,C,2024-04-22,1000000.00,4.840697,99.06445312
08:01:13,91282CKJ9,TSRYS5784683,D,S,D,2024-04-22,1000000.00,4.835684,99.078125
08:01:13,91282CKJ9,TSRYS5784683,D,S,D,2024-04-22,1000000.00,4.83998,99.06640625
08:01:13,91282CKJ9,TSRYS5784683,D,S,D,2024-04-22,31000.00,4.83998,99.06640625
08:01:14,91282CKJ9,TSRYS5784683,D,S,T,2024-04-22,1000000.00,4.835721,99.078025
08:01:14,91282CKJ9,TSRYS5784683,D,S,T,2024-04-22,1000000.00,4.836437,99.076071875
08:01:14,91282CKJ9,TSRYS5784683,D,S,T,2024-04-22,1000000.00,4.836437,99.076071875
08:01:14,91282CKJ9,TSRYS5784683,D,S,T,2024-04-22,1000000.00,4.840017,99.06630625
08:01:14,91282CKJ9,TSRYS5784683,D,S,T,2024-04-22,1000000.00,4.828589,99.09748125
08:01:14,91282CKJ9,TSRYS5784683,D,S,T,2024-04-22,1000000.00,4.835748,99.07795
08:01:14,91282CKJ9,TSRYS5784683,D,S,T,2024-04-22,1000000.00,4.836464,99.075996875
08:01:14,91282CKJ9,TSRYS5784683,D,S,T,2024-04-22,1000000.00,4.840045,99.06623125
08:01:15,91282CKJ9,TSRYS5784683,D,S,T,2024-04-22,1000000.00,4.828607,99.09743125
08:01:15,91282CKJ9,TSRYS5784683,D,S,T,2024-04-22,1000000.00,4.835767,99.0779
08:01:15,91282CKJ9,TSRYS5784683,D,S,T,2024-04-22,1000000.00,4.835767,99.0779
08:01:15,91282CKJ9,TSRYS5784683,D,S,T,2024-04-22,1000000.00,4.83998,99.06640625
08:01:15,91282CKJ9,TSRYS5784683,D,S,T,2024-04-22,2000000.00,4.840063,99.06618125
08:01:15,91282CKJ9,TSRYS5784683,D,B,C,2024-04-22,2000000.00,4.834818,99.0804871
08:01:15,91282CKJ9,TSRYS5784683,D,B,C,2024-04-22,5000000.00,4.835326,99.0791016
08:01:15,91282CKJ9,TSRYS5784683,D,B,C,2024-04-22,3000000.00,4.836803,99.0750719
08:01:15,91282CKJ9,TSRYS5784683,D,B,C,2024-04-22,5000000.00,4.83998,99.0664063
08:01:15,91282CKJ9,TSRYS5784683,D,S,T,2024-04-22,1000000.00,4.837116,99.07421875
08:01:16,91282CKJ9,TSRYS5784683,D,S,T,2024-04-22,1000000.00,4.83998,99.06640625
08:01:16,91282CKJ9,TSRYS5784683,D,S,T,2024-04-22,1000000.00,4.822799,99.11328125
08:01:17,91282CKJ9,TSRYS5784683,D,B,C,2024-04-22,1000000.00,4.841413,99.0625
08:01:17,91282CKJ9,TSRYS5784683,D,S,T,2024-04-22,2000000.00,4.838548,99.0703125
08:01:18,91282CKJ9,TSRYS5784683,D,S,T,2024-04-22,1000000.00,4.835684,99.078125
08:01:18,91282CKJ9,TSRYS5784683,D,B,C,2024-04-22,1000000.00,4.83998,99.06640625
08:01:18,91282CKJ9,TSRYS5784683,D,S,D,2024-04-22,500000.00,4.83651,99.07587188
08:01:18,91282CKJ9,TSRYS5784683,D,B,C,2024-04-22,1000000.00,4.83998,99.06640625
08:01:18,91282CKJ9,TSRYS5784683,D,B,C,2024-04-22,1000000.00,4.83998,99.06640625
08:01:18,91282CKJ9,TSRYS5784683,D,B,C,2024-04-22,1000000.00,4.83998,99.06640625
08:01:19,91282CKJ9,TSRYS5784683,D,B,C,2024-04-22,1000000.00,4.83998,99.06640625
08:01:19,91282CKJ9,TSRYS5784683,D,B,C,2024-04-22,1000000.00,4.83998,99.06640625
08:01:19,91282CKJ9,TSRYS5784683,D,B,C,2024-04-22,1000000.00,4.83998,99.06640625
08:01:20,91282CKJ9,TSRYS5784683,D,B,C,2024-04-22,1000000.00,4.83998,99.06640625
08:01:20,91282CKJ9,TSRYS5784683,D,B,C,2024-04-22,1000000.00,4.83998,99.06640625
08:01:21,91282CKJ9,TSRYS5784683,D,B,C,2024-04-22,1000000.00,4.83998,99.06640625
08:01:21,91282CKJ9,TSRYS5784683,D,B,C,2024-04-22,1000000.00,4.83998,99.06640625
08:01:21,91282CKJ9,TSRYS5784683,D,S,D,2024-04-22,1000000.00,4.829241,99.095703125
08:01:21,91282CKJ9,TSRYS5784683,D,B,C,2024-04-22,1000000.00,4.829241,99.095703125
08:01:21,91282CKJ9,TSRYS5784683,D,S,D,2024-04-22,1000000.00,4.829241,99.095703125
08:01:21,91282CKJ9,TSRYS5784683,D,B,C,2024-04-22,1000000.00,4.829241,99.095703125
08:01:22,91282CKJ9,TSRYS5784683,D,B,C,2024-04-22,1000000.00,4.83998,99.06640625
08:01:22,91282CKJ9,TSRYS5784683,D,B,C,2024-04-22,1000000.00,4.83998,99.06640625
08:01:22,91282CKJ9,TSRYS5784683,D,S,D,2024-04-22,1000000.00,4.834252,99.08203125
08:01:22,91282CKJ9,TSRYS5784683,D,B,C,2024-04-22,1000000.00,4.83998,99.06640625
08:01:22,91282CKJ9,TSRYS5784683,D,S,D,2024-04-22,1000000.00,4.834968,99.08007812
08:01:22,91282CKJ9,TSRYS5784683,D,S,D,2024-04-22,1000000.00,4.835684,99.078125
08:01:22,91282CKJ9,TSRYS5784683,D,S,D,2024-04-22,1000000.00,4.835684,99.078125
08:01:24,91282CKJ9,TSRYS5784683,D,B,C,2024-04-22,1000000.00,4.83998,99.06640625
08:01:24,91282CKJ9,TSRYS5784683,D,B,C,2024-04-22,1000000.00,4.83998,99.06640625
08:01:25,91282CKJ9,TSRYS5784683,D,S,T,2024-04-22,1000000.00,4.831388,99.08984375
08:01:25,91282CKJ9,TSRYS5784683,D,S,T,2024-04-22,1000000.00,4.831388,99.08984375
08:01:25,91282CKJ9,TSRYS5784683,D,S,T,2024-04-22,1000000.00,4.831388,99.08984375
08:01:25,91282CKJ9,TSRYS5784683,D,S,T,2024-04-22,1000000.00,4.831388,99.08984375
08:01:25,91282CKJ9,TSRYS5784683,D,S,T,2024-04-22,1000000.00,4.831388,99.08984375
08:01:25,91282CKJ9,TSRYS5784683,D,S,T,2024-04-22,1000000.00,4.831388,99.08984375
08:01:25,91282CKJ9,TSRYS5784683,D,S,T,2024-04-22,1000000.00,4.831388,99.08984375
08:01:25,91282CKJ9,TSRYS5784683,D,S,T,2024-04-22,1000000.00,4.831388,99.08984375
08:01:25,91282CKJ9,TSRYS5784683,D,S,T,2024-04-22,2000000.00,4.831388,99.08984375
08:01:25,91282CKJ9,TSRYS5784683,D,B,C,2024-04-22,1000000.00,4.83998,99.06640625
08:01:25,91282CKJ9,TSRYS5784683,D,S,A,2024-04-22,202000.00,4.837116,99.07421875
08:01:26,91282CKJ9,TSRYS5784683,D,B,A,2024-04-22,578000.00,4.838548,99.0703125
08:01:26,91282CKJ9,TSRYS5784683,D,B,C,2024-04-22,2000000.00,4.83998,99.06640625
08:01:26,91282CKJ9,TSRYS5784683,D,B,C,2024-04-22,2000000.00,4.844277,99.0546875
08:01:26,91282CKJ9,TSRYS5784683,D,S,D,2024-04-22,2000000.00,4.844277,99.0546875
08:01:26,91282CKJ9,TSRYS5784683,D,S,T,2024-04-22,1000000.00,4.837116,99.07421875
08:01:26,91282CKJ9,TSRYS5784683,D,S,T,2024-04-22,1000000.00,4.837116,99.07421875
08:01:26,91282CKJ9,TSRYS5784683,D,S,T,2024-04-22,1000000.00,4.837116,99.07421875
08:01:26,91282CKJ9,TSRYS5784683,D,S,T,2024-04-22,1000000.00,4.837116,99.07421875
08:01:26,91282CKJ9,TSRYS5784683,D,S,T,2024-04-22,1000000.00,4.837116,99.07421875
08:01:26,91282CKJ9,TSRYS5784683,D,S,T,2024-04-22,1000000.00,4.837116,99.07421875
08:01:26,91282CKJ9,TSRYS5784683,D,S,D,2024-04-22,1000000.00,4.83998,99.06640625
08:01:26,91282CKJ9,TSRYS5784683,D,S,D,2024-04-22,2000000.00,4.83998,99.06640625
08:01:26,91282CKJ9,TSRYS5784683,D,S,D,2024-04-22,2000000.00,4.83998,99.06640625
08:01:26,91282CKJ9,TSRYS5784683,D,S,C,2024-04-22,5000000.00,4.83998,99.06640625
08:01:26,91282CKJ9,TSRYS5784683,D,S,C,2024-04-22,4000000.00,4.83998,99.06640625
08:01:26,91282CKJ9,TSRYS5784683,D,S,D,2024-04-22,1000000.00,4.841413,99.0625
08:01:26,91282CKJ9,TSRYS5784683,D,B,C,2024-04-22,1000000.00,4.841413,99.0625
08:01:26,91282CKJ9,TSRYS5784683,D,S,T,2024-04-22,1000000.00,4.837116,99.07421875
08:01:26,91282CKJ9,TSRYS5784683,D,S,T,2024-04-22,1000000.00,4.837116,99.07421875
08:01:26,91282CKJ9,TSRYS5784683,D,S,T,2024-04-22,1000000.00,4.837116,99.07421875
08:01:26,91282CKJ9,TSRYS5784683,D,S,T,2024-04-22,2000000.00,4.837116,99.07421875
08:01:26,91282CKJ9,TSRYS5784683,D,S,T,2024-04-22,1000000.00,4.837116,99.07421875
08:01:26,91282CKJ9,TSRYS5784683,D,S,T,2024-04-22,1000000.00,4.837116,99.07421875
08:01:26,91282CKJ9,TSRYS5784683,D,S,T,2024-04-22,1000000.00,4.837116,99.07421875
08:01:26,91282CKJ9,TSRYS5784683,D,S,T,2024-04-22,1000000.00,4.837116,99.07421875
08:01:26,91282CKJ9,TSRYS5784683,D,S,T,2024-04-22,1000000.00,4.837116,99.07421875
08:01:26,91282CKJ9,TSRYS5784683,D,S,T,2024-04-22,1000000.00,4.837116,99.07421875
08:01:26,91282CKJ9,TSRYS5784683,D,S,T,2024-04-22,1000000.00,4.837116,99.07421875
08:01:26,91282CKJ9,TSRYS5784683,D,B,C,2024-04-22,1000000.00,4.838548,99.0703125
08:01:26,91282CKJ9,TSRYS5784683,D,B,C,2024-04-22,1000000.00,4.838548,99.0703125
08:01:27,91282CKJ9,TSRYS5784683,D,B,C,2024-04-22,1000000.00,4.839264,99.06835937
08:01:27,91282CKJ9,TSRYS5784683,D,S,T,2024-04-22,1000000.00,4.84009,99.06610625
08:01:27,91282CKJ9,TSRYS5784683,D,B,C,2024-04-22,1000000.00,4.839264,99.06835937
08:01:27,91282CKJ9,TSRYS5784683,D,S,C,2024-04-22,12500000.00,4.834252,99.08203125
08:01:27,91282CKJ9,TSRYS5784683,D,B,C,2024-04-22,1000000.00,4.839264,99.06835937
08:01:27,91282CKJ9,TSRYS5784683,D,S,T,2024-04-22,1000000.00,4.84009,99.06610625
08:01:27,91282CKJ9,TSRYS5784683,D,S,T,2024-04-22,1000000.00,4.838658,99.0700125
08:01:27,91282CKJ9,TSRYS5784683,D,S,T,2024-04-22,1000000.00,4.841523,99.0622
08:01:27,91282CKJ9,TSRYS5784683,D,S,T,2024-04-22,1000000.00,4.84009,99.06610625
08:01:28,91282CKJ9,TSRYS5784683,D,S,T,2024-04-22,1000000.00,4.841523,99.0622
08:01:28,91282CKJ9,TSRYS5784683,D,S,T,2024-04-22,1000000.00,4.841523,99.0622
08:01:28,91282CKJ9,TSRYS5784683,D,S,D,2024-04-22,920000.00,4.838548,99.0703125
08:01:28,91282CKJ9,TSRYS5784683,D,B,C,2024-04-22,1000000.00,4.846426,99.04882812
08:01:28,91282CKJ9,TSRYS5784683,D,S,T,2024-04-22,1000000.00,4.84009,99.06610625
08:01:28,91282CKJ9,TSRYS5784683,D,S,A,2024-04-22,991000.00,4.83998,99.06640625
08:01:28,91282CKJ9,TSRYS5784683,D,S,D,2024-04-22,110000000.00,4.840562,99.06482
08:01:28,91282CKJ9,TSRYS5784683,D,S,D,2024-04-22,920000.00,4.838389,99.070747283
08:01:29,91282CKJ9,TSRYS5784683,D,S,T,2024-04-22,1000000.00,4.837226,99.07391875
08:01:29,91282CKJ9,TSRYS5784683,D,B,C,2024-04-22,1000000.00,4.840697,99.06445312
08:01:29,91282CKJ9,TSRYS5784683,D,S,T,2024-04-22,1000000.00,4.837226,99.07391875
08:01:29,91282CKJ9,TSRYS5784683,D,S,T,2024-04-22,1000000.00,4.84009,99.06610625
08:01:29,91282CKJ9,TSRYS5784683,D,S,T,2024-04-22,1000000.00,4.84009,99.06610625
08:01:29,91282CKJ9,TSRYS5784683,D,S,D,2024-04-22,1000000.00,4.83998,99.06640625
08:01:30,91282CKJ9,TSRYS5784683,D,B,C,2024-04-22,1000000.00,4.839264,99.06835937
08:01:31,91282CKJ9,TSRYS5784683,D,S,D,2024-04-22,1000000.00,4.843561,99.056640625
08:01:32,91282CKJ9,TSRYS5784683,D,S,D,2024-04-22,1000000.00,4.839264,99.068359375
08:01:32,91282CKJ9,TSRYS5784683,D,S,C,2024-04-22,1000000.00,4.840697,99.064653125
08:01:33,91282CKJ9,TSRYS5784683,D,B,C,2024-04-22,1000000.00,4.842129,99.06054687
08:01:33,91282CKJ9,TSRYS5784683,D,B,C,2024-04-22,1000000.00,4.842129,99.06054687
08:01:34,91282CKJ9,TSRYS5784683,D,B,C,2024-04-22,1000000.00,4.841413,99.0625
08:01:35,91282CKJ9,TSRYS5784683,D,B,C,2024-04-22,1000000.00,4.841413,99.0625
08:01:36,91282CKJ9,TSRYS5784683,D,B,C,2024-04-22,1000000.00,4.84571,99.05078125
08:01:37,91282CKJ9,TSRYS5784683,D,B,C,2024-04-22,1000000.00,4.822799,99.11328125
08:01:37,91282CKJ9,TSRYS5784683,D,B,C,2024-04-22,1000000.00,4.822799,99.11328125
08:01:37,91282CKJ9,TSRYS5784683,D,B,C,2024-04-22,2000000.00,4.822799,99.11328125
08:01:37,91282CKJ9,TSRYS5784683,D,B,C,2024-04-22,1000000.00,4.822799,99.11328125
08:01:37,91282CKJ9,TSRYS5784683,D,B,C,2024-04-22,1000000.00,4.822799,99.11328125
08:01:38,91282CKJ9,TSRYS5784683,D,B,C,2024-04-22,1000000.00,4.822799,99.11328125
08:01:38,91282CKJ9,TSRYS5784683,D,B,C,2024-04-22,1000000.00,4.822799,99.11328125
08:01:38,91282CKJ9,TSRYS5784683,D,B,C,2024-04-22,1000000.00,4.822799,99.11328125
08:01:38,91282CKJ9,TSRYS5784683,D,B,C,2024-04-22,1000000.00,4.822799,99.11328125
08:01:38,91282CKJ9,TSRYS5784683,D,B,C,2024-04-22,1000000.00,4.822799,99.11328125
08:01:38,91282CKJ9,TSRYS5784683,D,B,C,2024-04-22,1000000.00,4.822799,99.11328125
08:01:38,91282CKJ9,TSRYS5784683,D,B,C,2024-04-22,1000000.00,4.822799,99.11328125
08:01:38,91282CKJ9,TSRYS5784683,D,B,C,2024-04-22,1000000.00,4.822799,99.11328125
08:01:38,91282CKJ9,TSRYS5784683,D,B,C,2024-04-22,1000000.00,4.822799,99.11328125
08:01:38,91282CKJ9,TSRYS5784683,D,B,C,2024-04-22,1000000.00,4.844994,99.052734375
08:01:38,91282CKJ9,TSRYS5784683,D,S,C,2024-04-22,1000000.00,4.844994,99.052734375
08:01:38,91282CKJ9,TSRYS5784683,D,B,C,2024-04-22,1000000.00,4.822799,99.11328125
08:01:38,91282CKJ9,TSRYS5784683,D,B,C,2024-04-22,1000000.00,4.822799,99.11328125
08:01:38,91282CKJ9,TSRYS5784683,D,S,C,2024-04-22,91000000.00,4.822543,99.11398
08:01:38,91282CKJ9,TSRYS5784683,D,B,C,2024-04-22,1000000.00,4.822799,99.11328125
08:01:38,91282CKJ9,TSRYS5784683,D,B,C,2024-04-22,1000000.00,4.822799,99.11328125
08:01:38,91282CKJ9,TSRYS5784683,D,S,D,2024-04-22,1000000.00,4.844277,99.0546875
08:01:38,91282CKJ9,TSRYS5784683,D,B,C,2024-04-22,1000000.00,4.844277,99.0546875
08:01:40,91282CKJ9,TSRYS5784683,D,S,D,2024-04-22,27000000.00,4.843547,99.05668
08:01:40,91282CKJ9,TSRYS5784683,D,S,T,2024-04-22,1000000.00,4.838658,99.0700125
08:01:41,91282CKJ9,TSRYS5784683,D,S,D,2024-04-22,1000000.00,4.844277,99.0546875
08:01:41,91282CKJ9,TSRYS5784683,D,B,C,2024-04-22,1000000.00,4.844277,99.0546875
08:01:41,91282CKJ9,TSRYS5784683,D,S,D,2024-04-22,1000000.00,4.844277,99.0546875
08:01:41,91282CKJ9,TSRYS5784683,D,B,C,2024-04-22,1000000.00,4.844277,99.0546875
08:01:43,91282CKJ9,TSRYS5784683,D,S,D,2024-04-22,2000000.00,4.84571,99.05078125
08:01:43,91282CKJ9,TSRYS5784683,D,B,C,2024-04-22,2000000.00,4.84571,99.05078125
08:01:46,91282CKJ9,TSRYS5784683,D,S,T,2024-04-22,5000000.00,4.83998,99.06640625
08:01:46,91282CKJ9,TSRYS5784683,D,S,T,2024-04-22,1000000.00,4.83998,99.06640625
08:01:47,91282CKJ9,TSRYS5784683,D,S,T,2024-04-22,2000000.00,4.83998,99.06640625
08:01:47,91282CKJ9,TSRYS5784683,D,S,T,2024-04-22,1000000.00,4.83998,99.06640625
08:01:47,91282CKJ9,TSRYS5784683,D,B,C,2024-04-22,3000000.00,4.83282,99.0859375
08:01:47,91282CKJ9,TSRYS5784683,D,B,C,2024-04-22,1000000.00,4.83282,99.0859375
08:01:47,91282CKJ9,TSRYS5784683,D,B,C,2024-04-22,2000000.00,4.83282,99.0859375
08:01:47,91282CKJ9,TSRYS5784683,D,B,C,2024-04-22,1000000.00,4.83282,99.0859375
08:01:47,91282CKJ9,TSRYS5784683,D,S,T,2024-04-22,1000000.00,4.83998,99.06640625
08:01:47,91282CKJ9,TSRYS5784683,D,B,C,2024-04-22,1000000.00,4.83282,99.0859375
08:01:47,91282CKJ9,TSRYS5784683,D,B,C,2024-04-22,1000000.00,4.83282,99.0859375
08:01:47,91282CKJ9,TSRYS5784683,D,B,C,2024-04-22,1000000.00,4.83282,99.0859375
08:01:47,91282CKJ9,TSRYS5784683,D,B,C,2024-04-22,1000000.00,4.83282,99.0859375
08:01:47,91282CKJ9,TSRYS5784683,D,B,C,2024-04-22,1000000.00,4.83282,99.0859375
08:01:47,91282CKJ9,TSRYS5784683,D,B,C,2024-04-22,1000000.00,4.83282,99.0859375
08:01:48,91282CKJ9,TSRYS5784683,D,S,D,2024-04-22,1000000.00,4.847142,99.046975
08:01:48,91282CKJ9,TSRYS5784683,D,B,C,2024-04-22,1000000.00,4.847142,99.046875
08:01:48,91282CKJ9,TSRYS5784683,D,S,D,2024-04-22,2000000.00,4.847142,99.046975
08:01:48,91282CKJ9,TSRYS5784683,D,B,C,2024-04-22,2000000.00,4.847142,99.046875
08:01:48,91282CKJ9,TSRYS5784683,D,S,D,2024-04-22,1000000.00,4.847142,99.046975
08:01:48,91282CKJ9,TSRYS5784683,D,B,C,2024-04-22,1000000.00,4.847142,99.046875
08:01:48,91282CKJ9,TSRYS5784683,D,S,D,2024-04-22,1000000.00,4.847142,99.046875
08:01:49,91282CKJ9,TSRYS5784683,D,B,C,2024-04-22,1000000.00,4.837832,99.07226562
08:01:49,91282CKJ9,TSRYS5784683,D,S,C,2024-04-22,1000000.00,4.83998,99.06640625
08:01:50,91282CKJ9,TSRYS5784683,D,S,T,2024-04-22,1000000.00,4.83998,99.06640625
08:01:50,91282CKJ9,TSRYS5784683,D,S,T,2024-04-22,2000000.00,4.83998,99.06640625
08:01:50,91282CKJ9,TSRYS5784683,D,S,T,2024-04-22,1000000.00,4.83998,99.06640625
08:01:51,91282CKJ9,TSRYS5784683,D,B,C,2024-04-22,1000000.00,4.840697,99.064453125
08:01:51,91282CKJ9,TSRYS5784683,D,S,D,2024-04-22,1000000.00,4.840697,99.064453125
08:01:51,91282CKJ9,TSRYS5784683,D,S,D,2024-04-22,1000000.00,4.840697,99.064453125
08:01:51,91282CKJ9,TSRYS5784683,D,B,C,2024-04-22,1000000.00,4.840697,99.064453125
08:01:51,91282CKJ9,TSRYS5784683,D,S,D,2024-04-22,1000000.00,4.840697,99.064453125
08:01:51,91282CKJ9,TSRYS5784683,D,S,D,2024-04-22,50000000.00,4.834535,99.08126
08:01:52,91282CKJ9,TSRYS5784683,D,S,C,2024-04-22,1000000.00,4.842129,99.060546875
08:01:52,91282CKJ9,TSRYS5784683,D,B,C,2024-04-22,1000000.00,4.842129,99.060346875
08:01:52,91282CKJ9,TSRYS5784683,D,S,D,2024-04-22,1000000.00,4.842129,99.060546875
08:01:52,91282CKJ9,TSRYS5784683,D,B,C,2024-04-22,1000000.00,4.842129,99.060346875
08:01:54,91282CKJ9,TSRYS5784683,D,S,D,2024-04-22,2000000.00,4.841413,99.0625
08:01:54,91282CKJ9,TSRYS5784683,D,S,T,2024-04-22,1000000.00,4.841413,99.0625
08:01:54,91282CKJ9,TSRYS5784683,D,S,D,2024-04-22,1000000.00,4.841413,99.0625
08:01:54,91282CKJ9,TSRYS5784683,D,S,T,2024-04-22,1000000.00,4.842129,99.06054687
08:01:54,91282CKJ9,TSRYS5784683,D,S,T,2024-04-22,2000000.00,4.842129,99.06054687
08:01:54,91282CKJ9,TSRYS5784683,D,S,D,2024-04-22,1000000.00,4.841413,99.0625
08:01:54,91282CKJ9,TSRYS5784683,D,S,D,2024-04-22,2000000.00,4.842129,99.06054687
08:01:54,91282CKJ9,TSRYS5784683,D,S,T,2024-04-22,1000000.00,4.842129,99.06054687
08:01:54,91282CKJ9,TSRYS5784683,D,S,T,2024-04-22,1000000.00,4.841413,99.0625
08:01:54,91282CKJ9,TSRYS5784683,D,S,T,2024-04-22,1000000.00,4.842129,99.06054687
08:01:54,91282CKJ9,TSRYS5784683,D,S,T,2024-04-22,1000000.00,4.841486,99.0623
08:01:54,91282CKJ9,TSRYS5784683,D,S,T,2024-04-22,1000000.00,4.841486,99.0623
08:01:54,91282CKJ9,TSRYS5784683,D,S,C,2024-04-22,1000000.00,4.842129,99.06054687
08:01:54,91282CKJ9,TSRYS5784683,D,S,D,2024-04-22,1000000.00,4.842129,99.06054687
08:01:54,91282CKJ9,TSRYS5784683,D,S,T,2024-04-22,1000000.00,4.841486,99.0623
08:01:54,91282CKJ9,TSRYS5784683,D,S,D,2024-04-22,1000000.00,4.841413,99.0625
08:01:54,91282CKJ9,TSRYS5784683,D,S,D,2024-04-22,1000000.00,4.841413,99.0625
08:01:55,91282CKJ9,TSRYS5784683,D,S,T,2024-04-22,1000000.00,4.841413,99.0625
08:01:55,91282CKJ9,TSRYS5784683,D,S,D,2024-04-22,1000000.00,4.841413,99.0625
08:01:55,91282CKJ9,TSRYS5784683,D,S,T,2024-04-22,2000000.00,4.841413,99.0625
08:01:55,91282CKJ9,TSRYS5784683,D,S,T,2024-04-22,1000000.00,4.841486,99.0623
08:01:55,91282CKJ9,TSRYS5784683,D,S,T,2024-04-22,1000000.00,4.841486,99.0623
08:01:55,91282CKJ9,TSRYS5784683,D,S,C,2024-04-22,1000000.00,4.841413,99.0625
08:01:55,91282CKJ9,TSRYS5784683,D,S,C,2024-04-22,1000000.00,4.841413,99.0625
08:01:55,91282CKJ9,TSRYS5784683,D,S,T,2024-04-22,2000000.00,4.842129,99.06054687
08:01:55,91282CKJ9,TSRYS5784683,D,S,T,2024-04-22,1000000.00,4.842129,99.06054687
08:01:55,91282CKJ9,TSRYS5784683,D,S,D,2024-04-22,2000000.00,4.842845,99.05859375
08:01:55,91282CKJ9,TSRYS5784683,D,S,C,2024-04-22,1000000.00,4.842845,99.05859375
08:01:55,91282CKJ9,TSRYS5784683,D,S,C,2024-04-22,1000000.00,4.842845,99.05859375
08:01:55,91282CKJ9,TSRYS5784683,D,S,T,2024-04-22,1000000.00,4.842845,99.05859375
08:01:55,91282CKJ9,TSRYS5784683,D,S,C,2024-04-22,2000000.00,4.842845,99.05859375
08:01:55,91282CKJ9,TSRYS5784683,D,S,D,2024-04-22,1000000.00,4.842845,99.05859375
08:01:55,91282CKJ9,TSRYS5784683,D,S,D,2024-04-22,2000000.00,4.842845,99.05859375
08:01:56,91282CKJ9,TSRYS5784683,D,S,T,2024-04-22,1000000.00,4.842845,99.05859375
08:01:56,91282CKJ9,TSRYS5784683,D,S,T,2024-04-22,2000000.00,4.842918,99.05839375
08:01:56,91282CKJ9,TSRYS5784683,D,S,T,2024-04-22,1000000.00,4.842918,99.05839375
08:01:56,91282CKJ9,TSRYS5784683,D,S,T,2024-04-22,1000000.00,4.843561,99.05664062
08:01:56,91282CKJ9,TSRYS5784683,D,S,T,2024-04-22,1000000.00,4.843561,99.05664062
08:01:56,91282CKJ9,TSRYS5784683,D,S,T,2024-04-22,1000000.00,4.843561,99.05664062
08:01:56,91282CKJ9,TSRYS5784683,D,S,T,2024-04-22,1000000.00,4.83998,99.06640625
08:01:56,91282CKJ9,TSRYS5784683,D,S,T,2024-04-22,1000000.00,4.83998,99.06640625
08:01:56,91282CKJ9,TSRYS5784683,D,S,D,2024-04-22,2000000.00,4.843561,99.05664062
08:01:56,91282CKJ9,TSRYS5784683,D,S,T,2024-04-22,1000000.00,4.843561,99.05664062
08:01:56,91282CKJ9,TSRYS5784683,D,S,T,2024-04-22,1000000.00,4.83998,99.06640625
08:01:56,91282CKJ9,TSRYS5784683,D,S,T,2024-04-22,1000000.00,4.844277,99.0546875
08:01:56,91282CKJ9,TSRYS5784683,D,S,T,2024-04-22,1000000.00,4.844277,99.0546875
08:01:56,91282CKJ9,TSRYS5784683,D,S,T,2024-04-22,1000000.00,4.844351,99.0544875
08:01:57,91282CKJ9,TSRYS5784683,D,S,T,2024-04-22,1000000.00,4.844277,99.0546875
08:01:57,91282CKJ9,TSRYS5784683,D,S,T,2024-04-22,1000000.00,4.844277,99.0546875
08:01:57,91282CKJ9,TSRYS5784683,D,S,T,2024-04-22,1000000.00,4.844277,99.0546875
08:01:57,91282CKJ9,TSRYS5784683,D,S,T,2024-04-22,1000000.00,4.844277,99.0546875
08:01:57,91282CKJ9,TSRYS5784683,D,S,C,2024-04-22,2000000.00,4.844277,99.0546875
08:01:57,91282CKJ9,TSRYS5784683,D,S,C,2024-04-22,1000000.00,4.844277,99.0546875
08:01:57,91282CKJ9,TSRYS5784683,D,S,D,2024-04-22,1000000.00,4.844277,99.0546875
08:01:57,91282CKJ9,TSRYS5784683,D,S,C,2024-04-22,1000000.00,4.842845,99.05859375
08:01:57,91282CKJ9,TSRYS5784683,D,S,C,2024-04-22,1000000.00,4.842845,99.05859375
08:01:57,91282CKJ9,TSRYS5784683,D,S,C,2024-04-22,1000000.00,4.842845,99.05859375
08:01:57,91282CKJ9,TSRYS5784683,D,S,T,2024-04-22,1000000.00,4.83998,99.06640625
08:01:57,91282CKJ9,TSRYS5784683,D,S,D,2024-04-22,5000000.00,4.83998,99.06640625
08:01:58,91282CKJ9,TSRYS5784683,D,S,T,2024-04-22,1000000.00,4.83998,99.06640625
08:01:58,91282CKJ9,TSRYS5784683,D,S,C,2024-04-22,1000000.00,4.842129,99.06054687
08:01:58,91282CKJ9,TSRYS5784683,D,S,T,2024-04-22,1000000.00,4.842129,99.06054687
08:01:58,91282CKJ9,TSRYS5784683,D,S,T,2024-04-22,1000000.00,4.842129,99.06054687
08:01:58,91282CKJ9,TSRYS5784683,D,S,T,2024-04-22,1000000.00,4.83998,99.06640625
08:01:58,91282CKJ9,TSRYS5784683,D,S,C,2024-04-22,1000000.00,4.83998,99.06640625
08:01:58,91282CKJ9,TSRYS5784683,D,S,C,2024-04-22,1000000.00,4.83998,99.06640625
08:01:58,91282CKJ9,TSRYS5784683,D,S,T,2024-04-22,1000000.00,4.83998,99.06640625
08:01:58,91282CKJ9,TSRYS5784683,D,S,T,2024-04-22,1000000.00,4.822799,99.11328125
08:01:58,91282CKJ9,TSRYS5784683,D,S,D,2024-04-22,907000.00,4.837116,99.07421875
08:01:58,91282CKJ9,TSRYS5784683,D,S,A,2024-04-22,1100000.00,4.842845,99.05859375
08:01:59,91282CKJ9,TSRYS5784683,D,S,C,2024-04-22,3000000.00,4.844994,99.05273437
08:01:59,91282CKJ9,TSRYS5784683,D,S,C,2024-04-22,1000000.00,4.844277,99.0546875
08:01:59,91282CKJ9,TSRYS5784683,D,S,C,2024-04-22,1000000.00,4.844277,99.0546875
08:01:59,91282CKJ9,TSRYS5784683,D,S,D,2024-04-22,1000000.00,4.844277,99.0546875
08:02:00,91282CKJ9,TSRYS5784683,D,S,D,2024-04-22,2000000.00,4.843561,99.05664062
08:02:00,91282CKJ9,TSRYS5784683,D,S,D,2024-04-22,1000000.00,4.843561,99.05664062
08:02:00,91282CKJ9,TSRYS5784683,D,B,C,2024-04-22,79000000.00,4.842711,99.05896
08:02:00,91282CKJ9,TSRYS5784683,D,S,A,2024-04-22,1000000.00,4.825662,99.10546875
08:02:02,91282CKJ9,TSRYS5784683,D,S,T,2024-04-22,2000000.00,4.83998,99.06640625
08:02:02,91282CKJ9,TSRYS5784683,D,S,T,2024-04-22,1000000.00,4.83998,99.06640625
08:02:02,91282CKJ9,TSRYS5784683,D,S,T,2024-04-22,1000000.00,4.83998,99.06640625
08:02:02,91282CKJ9,TSRYS5784683,D,B,A,2024-04-22,223000.00,4.834252,99.082031
08:02:03,91282CKJ9,TSRYS5784683,D,S,D,2024-04-22,1000000.00,4.850008,99.0391625
08:02:03,91282CKJ9,TSRYS5784683,D,S,D,2024-04-22,1000000.00,4.850008,99.0391625
08:02:03,91282CKJ9,TSRYS5784683,D,B,C,2024-04-22,1000000.00,4.850008,99.0390625
08:02:04,91282CKJ9,TSRYS5784683,D,S,A,2024-04-22,3000000.00,4.839925,99.06655825
08:02:04,91282CKJ9,TSRYS5784683,D,S,C,2024-04-22,1000000.00,4.831388,99.08984375
08:02:04,91282CKJ9,TSRYS5784683,D,B,C,2024-04-22,1000000.00,4.829957,99.09375
08:02:04,91282CKJ9,TSRYS5784683,D,B,C,2024-04-22,1000000.00,4.831471,99.08961875
08:02:04,91282CKJ9,TSRYS5784683,D,B,C,2024-04-22,1000000.00,4.83003,99.09355
08:02:04,91282CKJ9,TSRYS5784683,D,S,C,2024-04-22,1000000.00,4.829957,99.09375
08:02:04,91282CKJ9,TSRYS5784683,D,S,C,2024-04-22,1000000.00,4.831352,99.08994375
08:02:04,91282CKJ9,TSRYS5784683,D,S,D,2024-04-22,1000000.00,4.83998,99.06640625
08:02:04,91282CKJ9,TSRYS5784683,D,S,C,2024-04-22,1000000.00,4.831324,99.09001875
08:02:04,91282CKJ9,TSRYS5784683,D,B,C,2024-04-22,1000000.00,4.831462,99.08964375
08:02:04,91282CKJ9,TSRYS5784683,D,S,C,2024-04-22,1000000.00,4.831388,99.08984375
08:02:04,91282CKJ9,TSRYS5784683,D,B,C,2024-04-22,1000000.00,4.831471,99.08961875
08:02:04,91282CKJ9,TSRYS5784683,D,S,C,2024-04-22,1000000.00,4.831297,99.09009375
08:02:04,91282CKJ9,TSRYS5784683,D,B,C,2024-04-22,6000000.00,4.831443,99.08969375
08:02:04,91282CKJ9,TSRYS5784683,D,B,C,2024-04-22,1000000.00,4.831471,99.08961875
08:02:04,91282CKJ9,TSRYS5784683,D,B,C,2024-04-22,1000000.00,4.831471,99.08961875
08:02:04,91282CKJ9,TSRYS5784683,D,B,C,2024-04-22,1000000.00,4.831471,99.08961875
08:02:04,91282CKJ9,TSRYS5784683,D,S,C,2024-04-22,1000000.00,4.831324,99.09001875
08:02:04,91282CKJ9,TSRYS5784683,D,S,C,2024-04-22,6000000.00,4.831333,99.08999375
08:02:04,91282CKJ9,TSRYS5784683,D,S,C,2024-04-22,1000000.00,4.831388,99.08984375
08:02:04,91282CKJ9,TSRYS5784683,D,S,C,2024-04-22,1000000.00,4.829902,99.0939
08:02:04,91282CKJ9,TSRYS5784683,D,S,C,2024-04-22,1000000.00,4.829957,99.09375
08:02:04,91282CKJ9,TSRYS5784683,D,B,C,2024-04-22,1000000.00,4.831471,99.08961875
08:02:04,91282CKJ9,TSRYS5784683,D,S,C,2024-04-22,1000000.00,4.831333,99.08999375
08:02:04,91282CKJ9,TSRYS5784683,D,S,C,2024-04-22,1000000.00,4.831333,99.08999375
08:02:04,91282CKJ9,TSRYS5784683,D,B,C,2024-04-22,1000000.00,4.83003,99.09355
08:02:04,91282CKJ9,TSRYS5784683,D,B,C,2024-04-22,1000000.00,4.831471,99.08961875
08:02:04,91282CKJ9,TSRYS5784683,D,S,C,2024-04-22,1000000.00,4.831333,99.08999375
08:02:04,91282CKJ9,TSRYS5784683,D,S,C,2024-04-22,1000000.00,4.831333,99.08999375
08:02:04,91282CKJ9,TSRYS5784683,D,S,C,2024-04-22,1000000.00,4.829902,99.0939
08:02:04,91282CKJ9,TSRYS5784683,D,B,C,2024-04-22,1000000.00,4.831462,99.08964375
08:02:04,91282CKJ9,TSRYS5784683,D,S,C,2024-04-22,1000000.00,4.831315,99.09004375
08:02:04,91282CKJ9,TSRYS5784683,D,B,C,2024-04-22,1000000.00,4.830048,99.0935
08:02:04,91282CKJ9,TSRYS5784683,D,B,C,2024-04-22,1000000.00,4.831471,99.08961875
08:02:04,91282CKJ9,TSRYS5784683,D,B,C,2024-04-22,1000000.00,4.831462,99.08964375
08:02:04,91282CKJ9,TSRYS5784683,D,B,C,2024-04-22,1000000.00,4.831388,99.08984375
08:02:04,91282CKJ9,TSRYS5784683,D,B,C,2024-04-22,1000000.00,4.831388,99.08984375
08:02:04,91282CKJ9,TSRYS5784683,D,B,C,2024-04-22,1000000.00,4.831462,99.08964375
08:02:04,91282CKJ9,TSRYS5784683,D,B,C,2024-04-22,1000000.00,4.831388,99.08984375
08:02:04,91282CKJ9,TSRYS5784683,D,S,C,2024-04-22,1000000.00,4.831388,99.08984375
08:02:04,91282CKJ9,TSRYS5784683,D,S,C,2024-04-22,1000000.00,4.831333,99.08999375
08:02:04,91282CKJ9,TSRYS5784683,D,S,C,2024-04-22,1000000.00,4.831333,99.08999375
08:02:04,91282CKJ9,TSRYS5784683,D,B,C,2024-04-22,1000000.00,4.831471,99.08961875
08:02:04,91282CKJ9,TSRYS5784683,D,S,D,2024-04-22,1000000.00,4.831388,99.08984375
08:02:04,91282CKJ9,TSRYS5784683,D,S,C,2024-04-22,1000000.00,4.831315,99.09004375
08:02:04,91282CKJ9,TSRYS5784683,D,B,C,2024-04-22,1000000.00,4.831388,99.08984375
08:02:04,91282CKJ9,TSRYS5784683,D,S,C,2024-04-22,1000000.00,4.828452,99.09785625
08:02:04,91282CKJ9,TSRYS5784683,D,B,C,2024-04-22,1000000.00,4.828525,99.09765625
08:02:04,91282CKJ9,TSRYS5784683,D,S,C,2024-04-22,1000000.00,4.828433,99.09790625
08:02:05,91282CKJ9,TSRYS5784683,D,S,C,2024-04-22,1000000.00,4.828433,99.09790625
08:02:05,91282CKJ9,TSRYS5784683,D,B,C,2024-04-22,1000000.00,4.828525,99.09765625
08:02:05,91282CKJ9,TSRYS5784683,D,S,C,2024-04-22,1000000.00,4.829865,99.094
08:02:05,91282CKJ9,TSRYS5784683,D,B,C,2024-04-22,1000000.00,4.83003,99.09355
08:02:05,91282CKJ9,TSRYS5784683,D,S,C,2024-04-22,1000000.00,4.828433,99.09790625
08:02:05,91282CKJ9,TSRYS5784683,D,B,C,2024-04-22,1000000.00,4.828525,99.09765625
08:02:05,91282CKJ9,TSRYS5784683,D,S,C,2024-04-22,1000000.00,4.828433,99.09790625
08:02:05,91282CKJ9,TSRYS5784683,D,S,D,2024-04-22,1000000.00,4.835684,99.078125
08:02:05,91282CKJ9,TSRYS5784683,D,B,C,2024-04-22,1000000.00,4.830048,99.0935
08:02:05,91282CKJ9,TSRYS5784683,D,S,C,2024-04-22,1000000.00,4.829957,99.09375
08:02:05,91282CKJ9,TSRYS5784683,D,B,C,2024-04-22,1000000.00,4.830039,99.093525
08:02:05,91282CKJ9,TSRYS5784683,D,S,C,2024-04-22,1000000.00,4.829957,99.09375
08:02:05,91282CKJ9,TSRYS5784683,D,B,C,2024-04-22,1000000.00,4.828607,99.09743125
08:02:05,91282CKJ9,TSRYS5784683,D,S,C,2024-04-22,1000000.00,4.828525,99.09765625
08:02:05,91282CKJ9,TSRYS5784683,D,S,C,2024-04-22,1000000.00,4.829957,99.09375
08:02:05,91282CKJ9,TSRYS5784683,D,S,C,2024-04-22,1000000.00,4.831315,99.09004375
08:02:05,91282CKJ9,TSRYS5784683,D,B,C,2024-04-22,1000000.00,4.831443,99.08969375
08:02:05,91282CKJ9,TSRYS5784683,D,S,C,2024-04-22,1000000.00,4.831388,99.08984375
08:02:05,91282CKJ9,TSRYS5784683,D,B,C,2024-04-22,1000000.00,4.831443,99.08969375
08:02:05,91282CKJ9,TSRYS5784683,D,S,C,2024-04-22,1000000.00,4.83282,99.0859375
08:02:05,91282CKJ9,TSRYS5784683,D,B,C,2024-04-22,1000000.00,4.834252,99.08203125
08:02:05,91282CKJ9,TSRYS5784683,D,S,C,2024-04-22,1000000.00,4.83282,99.0859375
08:02:05,91282CKJ9,TSRYS5784683,D,S,C,2024-04-22,1000000.00,4.834179,99.08223125
08:02:05,91282CKJ9,TSRYS5784683,D,S,C,2024-04-22,1000000.00,4.835684,99.078125
08:02:05,91282CKJ9,TSRYS5784683,D,S,C,2024-04-22,1000000.00,4.837116,99.07421875
08:02:05,91282CKJ9,TSRYS5784683,D,S,C,2024-04-22,1000000.00,4.837116,99.07421875
08:02:06,91282CKJ9,TSRYS5784683,D,B,C,2024-04-22,1000000.00,4.837116,99.07421875
08:02:06,91282CKJ9,TSRYS5784683,D,S,C,2024-04-22,1000000.00,4.838548,99.0703125
08:02:06,91282CKJ9,TSRYS5784683,D,B,C,2024-04-22,1000000.00,4.83998,99.06640625
08:02:06,91282CKJ9,TSRYS5784683,D,S,C,2024-04-22,1000000.00,4.83998,99.06640625
08:02:06,91282CKJ9,TSRYS5784683,D,S,C,2024-04-22,1000000.00,4.839944,99.06650625
08:02:06,91282CKJ9,TSRYS5784683,D,S,C,2024-04-22,1000000.00,4.841376,99.0626
08:02:06,91282CKJ9,TSRYS5784683,D,S,C,2024-04-22,1000000.00,4.841376,99.0626
08:02:06,91282CKJ9,TSRYS5784683,D,S,C,2024-04-22,1000000.00,4.839944,99.06650625
08:02:06,91282CKJ9,TSRYS5784683,D,S,C,2024-04-22,1000000.00,4.839944,99.06650625
08:02:06,91282CKJ9,TSRYS5784683,D,S,C,2024-04-22,1000000.00,4.841376,99.0626
08:02:07,91282CKJ9,TSRYS5784683,D,S,C,2024-04-22,1000000.00,4.841413,99.0625
08:02:07,91282CKJ9,TSRYS5784683,D,S,C,2024-04-22,1000000.00,4.841413,99.0625
08:02:07,91282CKJ9,TSRYS5784683,D,B,C,2024-04-22,1000000.00,4.841413,99.0625
08:02:07,91282CKJ9,TSRYS5784683,D,S,C,2024-04-22,1000000.00,4.842845,99.05859375
08:02:08,91282CKJ9,TSRYS5784683,D,S,A,2024-04-22,810000.00,4.835684,99.078125
08:02:08,91282CKJ9,TSRYS5784683,D,S,C,2024-04-22,1000000.00,4.844277,99.0546875
08:02:08,91282CKJ9,TSRYS5784683,D,B,C,2024-04-22,1000000.00,4.844277,99.0546875
08:02:08,91282CKJ9,TSRYS5784683,D,S,C,2024-04-22,1000000.00,4.844277,99.0546875
08:02:08,91282CKJ9,TSRYS5784683,D,B,C,2024-04-22,1000000.00,4.844332,99.0545375
08:02:08,91282CKJ9,TSRYS5784683,D,B,C,2024-04-22,1000000.00,4.842845,99.05859375
08:02:08,91282CKJ9,TSRYS5784683,D,S,D,2024-04-22,1000000.00,4.842845,99.05859375
08:02:08,91282CKJ9,TSRYS5784683,D,S,T,2024-04-22,1000000.00,4.835684,99.078125
08:02:09,91282CKJ9,TSRYS5784683,D,S,T,2024-04-22,2000000.00,4.835684,99.078125
08:02:09,91282CKJ9,TSRYS5784683,D,S,D,2024-04-22,1000000.00,4.847142,99.046975
08:02:09,91282CKJ9,TSRYS5784683,D,B,C,2024-04-22,1000000.00,4.847142,99.046875
08:02:09,91282CKJ9,TSRYS5784683,D,S,D,2024-04-22,1000000.00,4.847142,99.046975
08:02:09,91282CKJ9,TSRYS5784683,D,B,C,2024-04-22,1000000.00,4.847142,99.046875
08:02:09,91282CKJ9,TSRYS5784683,D,B,C,2024-04-22,1000000.00,4.842845,99.05859375
08:02:09,91282CKJ9,TSRYS5784683,D,S,D,2024-04-22,1000000.00,4.842845,99.05859375
08:02:10,91282CKJ9,TSRYS5784683,D,S,D,2024-04-22,4000000.00,4.83998,99.06640625
08:02:10,91282CKJ9,TSRYS5784683,D,S,C,2024-04-22,1000000.00,4.842808,99.05869375
08:02:10,91282CKJ9,TSRYS5784683,D,B,C,2024-04-22,1000000.00,4.842845,99.05859375
08:02:10,91282CKJ9,TSRYS5784683,D,B,C,2024-04-22,1000000.00,4.842845,99.05859375
08:02:10,91282CKJ9,TSRYS5784683,D,S,C,2024-04-22,1000000.00,4.842808,99.05869375
08:02:10,91282CKJ9,TSRYS5784683,D,S,D,2024-04-22,1000000.00,4.842845,99.05859375
08:02:10,91282CKJ9,TSRYS5784683,D,S,C,2024-04-22,1000000.00,4.842845,99.05859375
08:02:10,91282CKJ9,TSRYS5784683,D,B,C,2024-04-22,1000000.00,4.842845,99.05859375
08:02:10,91282CKJ9,TSRYS5784683,D,B,C,2024-04-22,1000000.00,4.842845,99.05859375
08:02:11,91282CKJ9,TSRYS5784683,D,S,T,2024-04-22,2000000.00,4.842845,99.05859375
08:02:11,91282CKJ9,TSRYS5784683,D,S,T,2024-04-22,1000000.00,4.83998,99.06640625
08:02:11,91282CKJ9,TSRYS5784683,D,S,T,2024-04-22,1000000.00,4.83998,99.06640625
08:02:12,91282CKJ9,TSRYS5784683,D,S,T,2024-04-22,3000000.00,4.842845,99.05859375
08:02:12,91282CKJ9,TSRYS5784683,D,B,C,2024-04-22,1000000.00,4.841413,99.0625
08:02:12,91282CKJ9,TSRYS5784683,D,S,D,2024-04-22,1000000.00,4.841413,99.0625
08:02:12,91282CKJ9,TSRYS5784683,D,S,D,2024-04-22,2000000.00,4.841413,99.0625
08:02:12,91282CKJ9,TSRYS5784683,D,S,D,2024-04-22,1000000.00,4.841413,99.0625
08:02:12,91282CKJ9,TSRYS5784683,D,S,D,2024-04-22,1000000.00,4.841413,99.0625
08:02:12,91282CKJ9,TSRYS5784683,D,S,T,2024-04-22,1000000.00,4.841413,99.0625
08:02:12,91282CKJ9,TSRYS5784683,D,S,T,2024-04-22,2000000.00,4.841413,99.0625
08:02:12,91282CKJ9,TSRYS5784683,D,S,T,2024-04-22,1000000.00,4.841413,99.0625
08:02:13,91282CKJ9,TSRYS5784683,D,S,D,2024-04-22,2000000.00,4.840697,99.064453125
08:02:13,91282CKJ9,TSRYS5784683,D,S,D,2024-04-22,3000000.00,4.841413,99.0625
08:02:13,91282CKJ9,TSRYS5784683,D,S,T,2024-04-22,1000000.00,4.841413,99.0625
08:02:13,91282CKJ9,TSRYS5784683,D,S,T,2024-04-22,1000000.00,4.83998,99.06640625
08:02:13,91282CKJ9,TSRYS5784683,D,S,T,2024-04-22,1000000.00,4.841413,99.0625
08:02:13,91282CKJ9,TSRYS5784683,D,S,T,2024-04-22,1000000.00,4.83998,99.06640625
08:02:13,91282CKJ9,TSRYS5784683,D,S,T,2024-04-22,1000000.00,4.83998,99.06640625
08:02:13,91282CKJ9,TSRYS5784683,D,S,D,2024-04-22,1000000.00,4.83998,99.06640625
08:02:13,91282CKJ9,TSRYS5784683,D,B,C,2024-04-22,1000000.00,4.83998,99.06640625
08:02:13,91282CKJ9,TSRYS5784683,D,S,D,2024-04-22,1000000.00,4.83998,99.06640625
08:02:13,91282CKJ9,TSRYS5784683,D,S,T,2024-04-22,1000000.00,4.83998,99.06640625
08:02:14,91282CKJ9,TSRYS5784683,D,S,T,2024-04-22,2000000.00,4.83998,99.06640625
08:02:14,91282CKJ9,TSRYS5784683,D,S,T,2024-04-22,1000000.00,4.83998,99.06640625
08:02:14,91282CKJ9,TSRYS5784683,D,S,T,2024-04-22,1000000.00,4.83998,99.06640625
08:02:14,91282CKJ9,TSRYS5784683,D,S,T,2024-04-22,1000000.00,4.83998,99.06640625
08:02:14,91282CKJ9,TSRYS5784683,D,S,T,2024-04-22,3000000.00,4.841413,99.0625
08:02:14,91282CKJ9,TSRYS5784683,D,S,T,2024-04-22,1000000.00,4.83998,99.06640625
08:02:14,91282CKJ9,TSRYS5784683,D,S,T,2024-04-22,1000000.00,4.83998,99.06640625
08:02:14,91282CKJ9,TSRYS5784683,D,S,T,2024-04-22,1000000.00,4.83998,99.06640625
08:02:14,91282CKJ9,TSRYS5784683,D,S,T,2024-04-22,1000000.00,4.83998,99.06640625
08:02:14,91282CKJ9,TSRYS5784683,D,S,T,2024-04-22,1000000.00,4.83998,99.06640625
08:02:15,91282CKJ9,TSRYS5784683,D,S,T,2024-04-22,1000000.00,4.83998,99.06640625
08:02:15,91282CKJ9,TSRYS5784683,D,S,T,2024-04-22,2000000.00,4.841413,99.0625
08:02:15,91282CKJ9,TSRYS5784683,D,S,T,2024-04-22,1000000.00,4.83998,99.06640625
08:02:15,91282CKJ9,TSRYS5784683,D,S,T,2024-04-22,1000000.00,4.83998,99.06640625
08:02:15,91282CKJ9,TSRYS5784683,D,S,T,2024-04-22,1000000.00,4.83998,99.06640625
08:02:15,91282CKJ9,TSRYS5784683,D,S,T,2024-04-22,1000000.00,4.83998,99.06640625
08:02:15,91282CKJ9,TSRYS5784683,D,S,T,2024-04-22,1000000.00,4.83998,99.06640625
08:02:15,91282CKJ9,TSRYS5784683,D,S,T,2024-04-22,1000000.00,4.83998,99.06640625
08:02:15,91282CKJ9,TSRYS5784683,D,S,T,2024-04-22,1000000.00,4.83998,99.06640625
08:02:15,91282CKJ9,TSRYS5784683,D,S,T,2024-04-22,2000000.00,4.841413,99.0625
08:02:16,91282CKJ9,TSRYS5784683,D,S,T,2024-04-22,1000000.00,4.841413,99.0625
08:02:16,91282CKJ9,TSRYS5784683,D,S,T,2024-04-22,1000000.00,4.83998,99.06640625
08:02:16,91282CKJ9,TSRYS5784683,D,S,A,2024-04-22,780000.00,4.82423,99.109375
08:02:16,91282CKJ9,TSRYS5784683,D,S,T,2024-04-22,9000000.00,4.841413,99.0625
08:02:17,91282CKJ9,TSRYS5784683,D,S,T,2024-04-22,3000000.00,4.841413,99.0625
08:02:17,91282CKJ9,TSRYS5784683,D,S,A,2024-04-22,270000.00,4.82423,99.109375
08:02:18,91282CKJ9,TSRYS5784683,D,S,T,2024-04-22,1000000.00,4.841413,99.0625
08:02:18,91282CKJ9,TSRYS5784683,D,S,D,2024-04-22,1000000.00,4.838548,99.0703125
08:02:18,91282CKJ9,TSRYS5784683,D,S,D,2024-04-22,2000000.00,4.83998,99.06640625
08:02:18,91282CKJ9,TSRYS5784683,D,S,D,2024-04-22,2000000.00,4.83998,99.06640625
08:02:18,91282CKJ9,TSRYS5784683,D,S,D,2024-04-22,1000000.00,4.83998,99.06640625
08:02:18,91282CKJ9,TSRYS5784683,D,S,D,2024-04-22,1000000.00,4.83998,99.06640625
08:02:18,91282CKJ9,TSRYS5784683,D,S,D,2024-04-22,1000000.00,4.83998,99.06640625
08:02:18,91282CKJ9,TSRYS5784683,D,S,D,2024-04-22,2000000.00,4.841413,99.0625
08:02:18,91282CKJ9,TSRYS5784683,D,S,D,2024-04-22,1000000.00,4.841413,99.0625
08:02:18,91282CKJ9,TSRYS5784683,D,S,D,2024-04-22,2000000.00,4.841413,99.0625
08:02:18,91282CKJ9,TSRYS5784683,D,S,T,2024-04-22,3000000.00,4.841413,99.0625
08:02:18,91282CKJ9,TSRYS5784683,D,S,T,2024-04-22,3000000.00,4.841413,99.0625
08:02:19,91282CKJ9,TSRYS5784683,D,S,T,2024-04-22,3000000.00,4.83998,99.06640625
08:02:19,91282CKJ9,TSRYS5784683,D,S,T,2024-04-22,1000000.00,4.841413,99.0625
08:02:19,91282CKJ9,TSRYS5784683,D,S,T,2024-04-22,1000000.00,4.83998,99.06640625
08:02:19,91282CKJ9,TSRYS5784683,D,S,T,2024-04-22,1000000.00,4.83998,99.06640625
08:02:19,91282CKJ9,TSRYS5784683,D,S,T,2024-04-22,1000000.00,4.83998,99.06640625
08:02:19,91282CKJ9,TSRYS5784683,D,S,T,2024-04-22,1000000.00,4.83998,99.06640625
08:02:20,91282CKJ9,TSRYS5784683,D,S,D,2024-04-22,1000000.00,4.83998,99.06640625
08:02:20,91282CKJ9,TSRYS5784683,D,S,D,2024-04-22,1000000.00,4.83998,99.06640625
08:02:20,91282CKJ9,TSRYS5784683,D,S,D,2024-04-22,1000000.00,4.83998,99.06640625
08:02:20,91282CKJ9,TSRYS5784683,D,S,D,2024-04-22,1000000.00,4.83998,99.06640625
08:02:20,91282CKJ9,TSRYS5784683,D,S,D,2024-04-22,1000000.00,4.83998,99.06640625
08:02:20,91282CKJ9,TSRYS5784683,D,S,D,2024-04-22,1000000.00,4.83998,99.06640625
08:02:20,91282CKJ9,TSRYS5784683,D,S,D,2024-04-22,1000000.00,4.83998,99.06640625
08:02:20,91282CKJ9,TSRYS5784683,D,S,D,2024-04-22,1000000.00,4.83998,99.06640625
08:02:20,91282CKJ9,TSRYS5784683,D,S,D,2024-04-22,1000000.00,4.83998,99.06640625
08:02:20,91282CKJ9,TSRYS5784683,D,S,D,2024-04-22,1000000.00,4.83998,99.06640625
08:02:20,91282CKJ9,TSRYS5784683,D,S,T,2024-04-22,1000000.00,4.83998,99.06640625
08:02:21,91282CKJ9,TSRYS5784683,D,S,D,2024-04-22,2000000.00,4.839264,99.068359375
08:02:21,91282CKJ9,TSRYS5784683,D,B,C,2024-04-22,1000000.00,4.839264,99.068359375
08:02:21,91282CKJ9,TSRYS5784683,D,S,T,2024-04-22,1000000.00,4.83998,99.06640625
08:02:21,91282CKJ9,TSRYS5784683,D,S,T,2024-04-22,1000000.00,4.83998,99.06640625
08:02:21,91282CKJ9,TSRYS5784683,D,S,D,2024-04-22,1000000.00,4.839264,99.068359375
08:02:21,91282CKJ9,TSRYS5784683,D,S,T,2024-04-22,1000000.00,4.827093,99.1015625
08:02:21,91282CKJ9,TSRYS5784683,D,S,T,2024-04-22,1000000.00,4.82423,99.109375
08:02:21,91282CKJ9,TSRYS5784683,D,S,T,2024-04-22,1000000.00,4.82423,99.109375
08:02:21,91282CKJ9,TSRYS5784683,D,S,T,2024-04-22,1000000.00,4.82423,99.109375
08:02:21,91282CKJ9,TSRYS5784683,D,S,T,2024-04-22,2000000.00,4.82423,99.109375
08:02:21,91282CKJ9,TSRYS5784683,D,S,T,2024-04-22,2000000.00,4.824946,99.107421875
08:02:21,91282CKJ9,TSRYS5784683,D,S,T,2024-04-22,2000000.00,4.824946,99.107421875
08:02:21,91282CKJ9,TSRYS5784683,D,S,T,2024-04-22,2000000.00,4.824946,99.107421875
08:02:21,91282CKJ9,TSRYS5784683,D,S,T,2024-04-22,1000000.00,4.827093,99.1015625
08:02:21,91282CKJ9,TSRYS5784683,D,S,T,2024-04-22,1000000.00,4.82423,99.109375
08:02:21,91282CKJ9,TSRYS5784683,D,S,T,2024-04-22,2000000.00,4.826378,99.103515625
08:02:21,91282CKJ9,TSRYS5784683,D,S,T,2024-04-22,2000000.00,4.829241,99.095703125
08:02:21,91282CKJ9,TSRYS5784683,D,S,T,2024-04-22,1000000.00,4.824946,99.107421875
08:02:21,91282CKJ9,TSRYS5784683,D,B,C,2024-04-22,4500000.00,4.837116,99.07421875
08:02:21,91282CKJ9,TSRYS5784683,D,S,T,2024-04-22,1000000.00,4.824946,99.107421875
08:02:21,91282CKJ9,TSRYS5784683,D,S,T,2024-04-22,2000000.00,4.824946,99.107421875
08:02:21,91282CKJ9,TSRYS5784683,D,S,T,2024-04-22,2000000.00,4.824946,99.107421875
08:02:21,91282CKJ9,TSRYS5784683,D,S,T,2024-04-22,2000000.00,4.824946,99.107421875
08:02:21,91282CKJ9,TSRYS5784683,D,S,T,2024-04-22,1000000.00,4.824946,99.107421875
08:02:21,91282CKJ9,TSRYS5784683,D,S,T,2024-04-22,1000000.00,4.824946,99.107421875
08:02:21,91282CKJ9,TSRYS5784683,D,S,T,2024-04-22,2000000.00,4.824946,99.107421875
08:02:21,91282CKJ9,TSRYS5784683,D,S,T,2024-04-22,1000000.00,4.824946,99.107421875
08:02:21,91282CKJ9,TSRYS5784683,D,S,T,2024-04-22,1000000.00,4.827093,99.1015625
08:02:21,91282CKJ9,TSRYS5784683,D,S,T,2024-04-22,1000000.00,4.827093,99.1015625
08:02:21,91282CKJ9,TSRYS5784683,D,S,T,2024-04-22,1000000.00,4.827093,99.1015625
08:02:21,91282CKJ9,TSRYS5784683,D,S,T,2024-04-22,1000000.00,4.827093,99.1015625
08:02:21,91282CKJ9,TSRYS5784683,D,S,T,2024-04-22,2000000.00,4.827093,99.1015625
08:02:21,91282CKJ9,TSRYS5784683,D,S,T,2024-04-22,1000000.00,4.827093,99.1015625
08:02:21,91282CKJ9,TSRYS5784683,D,S,T,2024-04-22,1000000.00,4.827093,99.1015625
08:02:21,91282CKJ9,TSRYS5784683,D,S,T,2024-04-22,1000000.00,4.827809,99.099609375
08:02:21,91282CKJ9,TSRYS5784683,D,S,T,2024-04-22,1000000.00,4.827809,99.099609375
08:02:21,91282CKJ9,TSRYS5784683,D,S,T,2024-04-22,1000000.00,4.827809,99.099609375
08:02:21,91282CKJ9,TSRYS5784683,D,S,T,2024-04-22,1000000.00,4.829957,99.09375
08:02:21,91282CKJ9,TSRYS5784683,D,S,T,2024-04-22,1000000.00,4.829957,99.09375
08:02:21,91282CKJ9,TSRYS5784683,D,S,T,2024-04-22,1000000.00,4.829957,99.09375
08:02:21,91282CKJ9,TSRYS5784683,D,S,T,2024-04-22,1000000.00,4.829957,99.09375
08:02:21,91282CKJ9,TSRYS5784683,D,S,T,2024-04-22,1000000.00,4.829957,99.09375
08:02:21,91282CKJ9,TSRYS5784683,D,S,T,2024-04-22,1000000.00,4.829957,99.09375
08:02:21,91282CKJ9,TSRYS5784683,D,S,T,2024-04-22,1000000.00,4.829957,99.09375
08:02:21,91282CKJ9,TSRYS5784683,D,S,T,2024-04-22,2000000.00,4.829957,99.09375
