tradeTime,cusip,issueSymbolIdentifier,priceType,reportingSideCode,contraPartyTypeCode,tradeDate,reportedTradeVolume,lastSaleYield,lastSalePrice
08:00:02,91282CLG4,TSRYS5860824,D,S,D,2024-08-26,8000000.00,3.692847,100.158203125
08:00:02,91282CLG4,TSRYS5860824,D,S,D,2024-08-26,4000000.00,3.693547,100.15625
08:00:02,91282CLG4,TSRYS5860824,D,S,D,2024-08-26,1000000.00,3.693547,100.15625
08:00:02,91282CLG4,TSRYS5860824,D,S,D,2024-08-26,1000000.00,3.696349,100.1484375
08:00:02,91282CLG4,TSRYS5860824,D,S,D,2024-08-26,1000000.00,3.696349,100.1484375
08:00:02,91282CLG4,TSRYS5860824,D,S,D,2024-08-26,3000000.00,3.703352,100.12890625
08:00:03,91282CLG4,TSRYS5860824,D,S,D,2024-08-26,1000000.00,3.706154,100.12109375
08:00:03,91282CLG4,TSRYS5860824,D,S,D,2024-08-26,4000000.00,3.705454,100.123046875
08:00:03,91282CLG4,TSRYS5860824,D,S,D,2024-08-26,8000000.00,3.705454,100.123046875
08:00:03,91282CLG4,TSRYS5860824,D,S,D,2024-08-26,3000000.00,3.706855,100.119140625
08:00:03,91282CLG4,TSRYS5860824,D,S,D,2024-08-26,4000000.00,3.706855,100.119140625
08:00:03,91282CLG4,TSRYS5860824,D,S,D,2024-08-26,2000000.00,3.706855,100.119140625
08:00:03,91282CLG4,TSRYS5860824,D,S,D,2024-08-26,4000000.00,3.706855,100.119140625
08:00:03,91282CLG4,TSRYS5860824,D,S,D,2024-08-26,3000000.00,3.706855,100.119140625
08:00:03,91282CLG4,TSRYS5860824,D,S,D,2024-08-26,4000000.00,3.707556,100.1171875
08:00:03,91282CLG4,TSRYS5860824,D,S,D,2024-08-26,3000000.00,3.707556,100.1171875
08:00:03,91282CLG4,TSRYS5860824,D,S,D,2024-08-26,1000000.00,3.708256,100.115234375
08:00:03,91282CLG4,TSRYS5860824,D,S,D,2024-08-26,4000000.00,3.708256,100.115234375
08:00:03,91282CLG4,TSRYS5860824,D,S,D,2024-08-26,2000000.00,3.708256,100.115234375
08:00:03,91282CLG4,TSRYS5860824,D,S,D,2024-08-26,1000000.00,3.719468,100.083984375
08:00:03,91282CLG4,TSRYS5860824,D,S,D,2024-08-26,1000000.00,3.727178,100.0625
08:00:03,91282CLG4,TSRYS5860824,D,S,D,2024-08-26,1000000.00,3.729982,100.0546875
08:00:03,91282CLG4,TSRYS5860824,D,S,D,2024-08-26,1000000.00,3.72858,100.05859375
08:00:03,91282CLG4,TSRYS5860824,D,S,D,2024-08-26,1000000.00,3.732086,100.048828125
08:00:03,91282CLG4,TSRYS5860824,D,S,D,2024-08-26,4000000.00,3.732086,100.048828125
08:00:03,91282CLG4,TSRYS5860824,D,S,D,2024-08-26,1000000.00,3.732787,100.046875
08:00:03,91282CLG4,TSRYS5860824,D,S,D,2024-08-26,1000000.00,3.729281,100.056640625
08:00:03,91282CLG4,TSRYS5860824,D,S,D,2024-08-26,1000000.00,3.720869,100.080078125
08:00:03,91282CLG4,TSRYS5860824,D,S,D,2024-08-26,1000000.00,3.720869,100.080078125
08:00:08,91282CLG4,TSRYS5860824,D,S,T,2024-08-26,1000000.00,3.696349,100.1484375
08:00:11,91282CLG4,TSRYS5860824,D,S,T,2024-08-26,1000000.00,3.727233,100.062348
08:00:11,91282CLG4,TSRYS5860824,D,S,T,2024-08-26,1000000.00,3.727233,100.062348
08:00:11,91282CLG4,TSRYS5860824,D,S,T,2024-08-26,1000000.00,3.727233,100.062348
08:00:11,91282CLG4,TSRYS5860824,D,S,T,2024-08-26,2000000.00,3.727233,100.062348
08:00:11,91282CLG4,TSRYS5860824,D,S,T,2024-08-26,2000000.00,3.727178,100.0625
08:00:11,91282CLG4,TSRYS5860824,D,S,T,2024-08-26,1000000.00,3.727233,100.062348
08:00:11,91282CLG4,TSRYS5860824,D,S,T,2024-08-26,1000000.00,3.727233,100.062348
08:00:11,91282CLG4,TSRYS5860824,D,S,T,2024-08-26,1000000.00,3.727233,100.062348
08:00:11,91282CLG4,TSRYS5860824,D,S,T,2024-08-26,1000000.00,3.727178,100.0625
08:00:11,91282CLG4,TSRYS5860824,D,S,T,2024-08-26,1000000.00,3.727233,100.062348
08:00:11,91282CLG4,TSRYS5860824,D,S,T,2024-08-26,1000000.00,3.727233,100.062348
08:00:11,91282CLG4,TSRYS5860824,D,S,T,2024-08-26,1000000.00,3.727233,100.062348
08:00:11,91282CLG4,TSRYS5860824,D,S,T,2024-08-26,2000000.00,3.727178,100.0625
08:00:11,91282CLG4,TSRYS5860824,D,S,T,2024-08-26,1000000.00,3.727178,100.0625
08:00:11,91282CLG4,TSRYS5860824,D,S,T,2024-08-26,1000000.00,3.727178,100.0625
08:00:11,91282CLG4,TSRYS5860824,D,S,T,2024-08-26,1000000.00,3.727233,100.062348
08:00:11,91282CLG4,TSRYS5860824,D,S,T,2024-08-26,1000000.00,3.727233,100.062348
08:00:11,91282CLG4,TSRYS5860824,D,S,T,2024-08-26,1000000.00,3.727233,100.062348
08:00:11,91282CLG4,TSRYS5860824,D,S,T,2024-08-26,1000000.00,3.727233,100.062348
08:00:11,91282CLG4,TSRYS5860824,D,S,T,2024-08-26,2000000.00,3.727233,100.062348
08:00:11,91282CLG4,TSRYS5860824,D,S,T,2024-08-26,1000000.00,3.727233,100.062348
08:00:11,91282CLG4,TSRYS5860824,D,S,T,2024-08-26,1000000.00,3.727233,100.062348
08:00:11,91282CLG4,TSRYS5860824,D,S,T,2024-08-26,2000000.00,3.727178,100.0625
08:00:11,91282CLG4,TSRYS5860824,D,S,T,2024-08-26,1000000.00,3.727178,100.0625
08:00:11,91282CLG4,TSRYS5860824,D,S,T,2024-08-26,1000000.00,3.727178,100.0625
08:00:11,91282CLG4,TSRYS5860824,D,S,T,2024-08-26,1000000.00,3.727233,100.062348
08:00:11,91282CLG4,TSRYS5860824,D,S,T,2024-08-26,1000000.00,3.727233,100.062348
08:00:11,91282CLG4,TSRYS5860824,D,S,T,2024-08-26,2000000.00,3.727233,100.062348
08:00:11,91282CLG4,TSRYS5860824,D,S,T,2024-08-26,2000000.00,3.727233,100.062348
08:00:11,91282CLG4,TSRYS5860824,D,S,T,2024-08-26,2000000.00,3.727233,100.062348
08:00:11,91282CLG4,TSRYS5860824,D,S,T,2024-08-26,1000000.00,3.727233,100.062348
08:00:11,91282CLG4,TSRYS5860824,D,S,T,2024-08-26,2000000.00,3.727178,100.0625
08:00:11,91282CLG4,TSRYS5860824,D,S,T,2024-08-26,1000000.00,3.727178,100.0625
08:00:11,91282CLG4,TSRYS5860824,D,S,T,2024-08-26,1000000.00,3.727233,100.062348
08:00:11,91282CLG4,TSRYS5860824,D,S,T,2024-08-26,3000000.00,3.727233,100.062348
08:00:11,91282CLG4,TSRYS5860824,D,S,T,2024-08-26,1000000.00,3.727178,100.0625
08:00:11,91282CLG4,TSRYS5860824,D,S,T,2024-08-26,2000000.00,3.727233,100.062348
08:00:11,91282CLG4,TSRYS5860824,D,S,T,2024-08-26,3000000.00,3.727233,100.062348
08:00:11,91282CLG4,TSRYS5860824,D,S,T,2024-08-26,2000000.00,3.727178,100.0625
08:00:11,91282CLG4,TSRYS5860824,D,S,T,2024-08-26,1000000.00,3.727233,100.062348
08:00:11,91282CLG4,TSRYS5860824,D,S,T,2024-08-26,1000000.00,3.727178,100.0625
08:00:11,91282CLG4,TSRYS5860824,D,S,T,2024-08-26,4000000.00,3.727178,100.0625
08:00:11,91282CLG4,TSRYS5860824,D,S,T,2024-08-26,2000000.00,3.727233,100.062348
08:00:11,91282CLG4,TSRYS5860824,D,S,T,2024-08-26,3000000.00,3.727178,100.0625
08:00:11,91282CLG4,TSRYS5860824,D,S,T,2024-08-26,1000000.00,3.727178,100.0625
08:00:11,91282CLG4,TSRYS5860824,D,S,T,2024-08-26,4000000.00,3.727233,100.062348
08:00:11,91282CLG4,TSRYS5860824,D,S,T,2024-08-26,1000000.00,3.727233,100.062348
08:00:11,91282CLG4,TSRYS5860824,D,S,T,2024-08-26,2000000.00,3.727178,100.0625
08:00:11,91282CLG4,TSRYS5860824,D,S,T,2024-08-26,3000000.00,3.727178,100.0625
08:00:11,91282CLG4,TSRYS5860824,D,S,T,2024-08-26,1000000.00,3.727178,100.0625
08:00:11,91282CLG4,TSRYS5860824,D,S,T,2024-08-26,1000000.00,3.727178,100.0625
08:00:11,91282CLG4,TSRYS5860824,D,S,T,2024-08-26,5000000.00,3.727178,100.0625
08:00:11,91282CLG4,TSRYS5860824,D,S,T,2024-08-26,1000000.00,3.727233,100.062348
08:00:11,91282CLG4,TSRYS5860824,D,S,T,2024-08-26,2000000.00,3.727233,100.062348
08:00:11,91282CLG4,TSRYS5860824,D,S,T,2024-08-26,1000000.00,3.727233,100.062348
08:00:11,91282CLG4,TSRYS5860824,D,S,T,2024-08-26,1000000.00,3.727178,100.0625
08:00:11,91282CLG4,TSRYS5860824,D,S,T,2024-08-26,1000000.00,3.727233,100.062348
08:00:11,91282CLG4,TSRYS5860824,D,S,T,2024-08-26,2000000.00,3.727178,100.0625
08:00:11,91282CLG4,TSRYS5860824,D,S,T,2024-08-26,1000000.00,3.727178,100.0625
08:00:11,91282CLG4,TSRYS5860824,D,S,T,2024-08-26,1000000.00,3.727233,100.062348
08:00:11,91282CLG4,TSRYS5860824,D,S,T,2024-08-26,1000000.00,3.727233,100.062348
08:00:12,91282CLG4,TSRYS5860824,D,S,T,2024-08-26,1000000.00,3.69915,100.140625
08:00:12,91282CLG4,TSRYS5860824,D,S,D,2024-08-26,1000000.00,3.697749,100.14453125
08:00:12,91282CLG4,TSRYS5860824,D,S,T,2024-08-26,1000000.00,3.697749,100.14453125
08:00:12,91282CLG4,TSRYS5860824,D,S,T,2024-08-26,1000000.00,3.695648,100.150390625
08:00:12,91282CLG4,TSRYS5860824,D,S,T,2024-08-26,1000000.00,3.692147,100.16015625
08:00:12,91282CLG4,TSRYS5860824,D,S,T,2024-08-26,1000000.00,3.69985,100.138671875
08:00:12,91282CLG4,TSRYS5860824,D,S,D,2024-08-26,1000000.00,3.69985,100.138671875
08:00:12,91282CLG4,TSRYS5860824,D,S,T,2024-08-26,1000000.00,3.69985,100.138671875
08:00:12,91282CLG4,TSRYS5860824,D,S,T,2024-08-26,1000000.00,3.69985,100.138671875
08:00:12,91282CLG4,TSRYS5860824,D,S,T,2024-08-26,1000000.00,3.697749,100.14453125
08:00:12,91282CLG4,TSRYS5860824,D,S,T,2024-08-26,1000000.00,3.697749,100.14453125
08:00:12,91282CLG4,TSRYS5860824,D,S,T,2024-08-26,1000000.00,3.694948,100.15234375
08:00:12,91282CLG4,TSRYS5860824,D,S,T,2024-08-26,1000000.00,3.694948,100.15234375
08:00:12,91282CLG4,TSRYS5860824,D,S,D,2024-08-26,1000000.00,3.696349,100.1484375
08:00:12,91282CLG4,TSRYS5860824,D,S,T,2024-08-26,1000000.00,3.697749,100.14453125
08:00:12,91282CLG4,TSRYS5860824,D,S,T,2024-08-26,1000000.00,3.69985,100.138671875
08:00:12,91282CLG4,TSRYS5860824,D,S,T,2024-08-26,1000000.00,3.69915,100.140625
08:00:12,91282CLG4,TSRYS5860824,D,S,T,2024-08-26,1000000.00,3.69985,100.138671875
08:00:12,91282CLG4,TSRYS5860824,D,S,T,2024-08-26,1000000.00,3.69985,100.138671875
08:00:12,91282CLG4,TSRYS5860824,D,S,T,2024-08-26,1000000.00,3.69915,100.140625
08:00:12,91282CLG4,TSRYS5860824,D,S,T,2024-08-26,1000000.00,3.69915,100.140625
08:00:12,91282CLG4,TSRYS5860824,D,S,T,2024-08-26,1000000.00,3.69915,100.140625
08:00:12,91282CLG4,TSRYS5860824,D,S,T,2024-08-26,1000000.00,3.69915,100.140625
08:00:12,91282CLG4,TSRYS5860824,D,S,T,2024-08-26,1000000.00,3.69845,100.142578125
08:00:12,91282CLG4,TSRYS5860824,D,S,T,2024-08-26,1000000.00,3.69845,100.142578125
08:00:12,91282CLG4,TSRYS5860824,D,S,T,2024-08-26,2000000.00,3.69915,100.140625
08:00:12,91282CLG4,TSRYS5860824,D,S,T,2024-08-26,1000000.00,3.704753,100.125
08:00:12,91282CLG4,TSRYS5860824,D,S,T,2024-08-26,1000000.00,3.694948,100.15234375
08:00:12,91282CLG4,TSRYS5860824,D,S,T,2024-08-26,1000000.00,3.717365,100.08984375
08:00:12,91282CLG4,TSRYS5860824,D,S,T,2024-08-26,1000000.00,3.719468,100.083984375
08:00:12,91282CLG4,TSRYS5860824,D,S,D,2024-08-26,1000000.00,3.719468,100.083984375
08:00:12,91282CLG4,TSRYS5860824,D,S,T,2024-08-26,1000000.00,3.719468,100.083984375
08:00:12,91282CLG4,TSRYS5860824,D,S,T,2024-08-26,1000000.00,3.725075,100.068359375
08:00:12,91282CLG4,TSRYS5860824,D,S,T,2024-08-26,1000000.00,3.725075,100.068359375
08:00:12,91282CLG4,TSRYS5860824,D,S,D,2024-08-26,1000000.00,3.726477,100.064453125
08:00:12,91282CLG4,TSRYS5860824,D,S,T,2024-08-26,1000000.00,3.724374,100.0703125
08:00:12,91282CLG4,TSRYS5860824,D,S,T,2024-08-26,1000000.00,3.729281,100.056640625
08:00:12,91282CLG4,TSRYS5860824,D,S,D,2024-08-26,1000000.00,3.727879,100.060546875
08:00:12,91282CLG4,TSRYS5860824,D,S,T,2024-08-26,1000000.00,3.727879,100.060546875
08:00:12,91282CLG4,TSRYS5860824,D,S,T,2024-08-26,1000000.00,3.72858,100.05859375
08:00:12,91282CLG4,TSRYS5860824,D,S,T,2024-08-26,1000000.00,3.724374,100.0703125
08:00:15,91282CLG4,TSRYS5860824,D,S,D,2024-08-26,1000000.00,3.69915,100.140625
08:00:16,91282CLG4,TSRYS5860824,D,S,D,2024-08-26,1000000.00,3.690747,100.1640625
08:00:17,91282CLG4,TSRYS5860824,D,S,T,2024-08-26,1000000.00,3.710358,100.109375
08:00:19,91282CLG4,TSRYS5860824,D,B,C,2024-08-26,3500000.00,3.704753,100.125
08:00:19,91282CLG4,TSRYS5860824,D,B,C,2024-08-26,10000000.00,3.69915,100.140625
08:00:21,91282CLG4,TSRYS5860824,D,S,D,2024-08-26,1000000.00,3.69915,100.140625
08:00:21,91282CLG4,TSRYS5860824,D,S,D,2024-08-26,1000000.00,3.69915,100.140625
08:00:21,91282CLG4,TSRYS5860824,D,S,D,2024-08-26,1000000.00,3.69915,100.140625
08:00:21,91282CLG4,TSRYS5860824,D,S,D,2024-08-26,1000000.00,3.69915,100.140625
08:00:21,91282CLG4,TSRYS5860824,D,S,D,2024-08-26,1000000.00,3.69915,100.140625
08:00:22,91282CLG4,TSRYS5860824,D,S,A,2024-08-26,85000.00,3.700551,100.13671875
08:00:23,91282CLG4,TSRYS5860824,D,S,D,2024-08-26,1000000.00,3.69915,100.140625
08:00:23,91282CLG4,TSRYS5860824,D,S,D,2024-08-26,1000000.00,3.69915,100.140625
08:00:25,91282CLG4,TSRYS5860824,D,S,D,2024-08-26,1000000.00,3.697749,100.14453125
08:00:26,91282CLG4,TSRYS5860824,D,S,D,2024-08-26,1000000.00,3.697749,100.14453125
08:00:26,91282CLG4,TSRYS5860824,D,S,D,2024-08-26,1000000.00,3.697749,100.14453125
08:00:27,91282CLG4,TSRYS5860824,D,S,T,2024-08-26,1000000.00,3.732086,100.048828125
08:00:27,91282CLG4,TSRYS5860824,D,S,T,2024-08-26,1000000.00,3.732086,100.048828125
08:00:27,91282CLG4,TSRYS5860824,D,S,T,2024-08-26,1000000.00,3.731385,100.05078125
08:00:27,91282CLG4,TSRYS5860824,D,S,T,2024-08-26,1000000.00,3.732086,100.048828125
08:00:27,91282CLG4,TSRYS5860824,D,S,T,2024-08-26,1000000.00,3.732086,100.048828125
08:00:27,91282CLG4,TSRYS5860824,D,S,T,2024-08-26,1000000.00,3.729982,100.0546875
08:00:27,91282CLG4,TSRYS5860824,D,S,T,2024-08-26,1000000.00,3.729982,100.0546875
08:00:27,91282CLG4,TSRYS5860824,D,S,T,2024-08-26,2000000.00,3.727178,100.0625
08:00:27,91282CLG4,TSRYS5860824,D,S,T,2024-08-26,1000000.00,3.727178,100.0625
08:00:27,91282CLG4,TSRYS5860824,D,S,T,2024-08-26,1000000.00,3.727178,100.0625
08:00:27,91282CLG4,TSRYS5860824,D,S,T,2024-08-26,1000000.00,3.727178,100.0625
08:00:27,91282CLG4,TSRYS5860824,D,S,T,2024-08-26,1000000.00,3.727178,100.0625
08:00:27,91282CLG4,TSRYS5860824,D,S,T,2024-08-26,1000000.00,3.725776,100.06640625
08:00:27,91282CLG4,TSRYS5860824,D,S,T,2024-08-26,1000000.00,3.724374,100.0703125
08:00:27,91282CLG4,TSRYS5860824,D,S,T,2024-08-26,1000000.00,3.724374,100.0703125
08:00:27,91282CLG4,TSRYS5860824,D,S,T,2024-08-26,1000000.00,3.724374,100.0703125
08:00:27,91282CLG4,TSRYS5860824,D,S,T,2024-08-26,1000000.00,3.724374,100.0703125
08:00:27,91282CLG4,TSRYS5860824,D,S,T,2024-08-26,1000000.00,3.724374,100.0703125
08:00:27,91282CLG4,TSRYS5860824,D,S,T,2024-08-26,1000000.00,3.723673,100.072265625
08:00:28,91282CLG4,TSRYS5860824,D,S,T,2024-08-26,1000000.00,3.724374,100.0703125
08:00:28,91282CLG4,TSRYS5860824,D,S,T,2024-08-26,1000000.00,3.724374,100.0703125
08:00:28,91282CLG4,TSRYS5860824,D,S,D,2024-08-26,1000000.00,3.697049,100.146484375
08:00:28,91282CLG4,TSRYS5860824,D,S,D,2024-08-26,1000000.00,3.708957,100.11328125
08:00:28,91282CLG4,TSRYS5860824,D,S,D,2024-08-26,1000000.00,3.696349,100.1484375
08:00:28,91282CLG4,TSRYS5860824,D,S,T,2024-08-26,1000000.00,3.696349,100.1484375
08:00:28,91282CLG4,TSRYS5860824,D,S,T,2024-08-26,1000000.00,3.697049,100.146484375
08:00:28,91282CLG4,TSRYS5860824,D,S,D,2024-08-26,1000000.00,3.72858,100.05859375
08:00:29,91282CLG4,TSRYS5860824,D,B,A,2024-08-26,4250000.00,3.704753,100.125
08:00:30,91282CLG4,TSRYS5860824,D,S,D,2024-08-26,1000000.00,3.706855,100.119140625
08:00:30,91282CLG4,TSRYS5860824,D,S,D,2024-08-26,1000000.00,3.72157,100.078125
08:00:30,91282CLG4,TSRYS5860824,D,S,D,2024-08-26,1000000.00,3.72157,100.078125
08:00:30,91282CLG4,TSRYS5860824,D,S,D,2024-08-26,2000000.00,3.72858,100.05859375
08:00:30,91282CLG4,TSRYS5860824,D,S,D,2024-08-26,1000000.00,3.729982,100.0546875
08:00:30,91282CLG4,TSRYS5860824,D,S,D,2024-08-26,1000000.00,3.726477,100.064453125
08:00:30,91282CLG4,TSRYS5860824,D,S,D,2024-08-26,1000000.00,3.726477,100.064453125
08:00:30,91282CLG4,TSRYS5860824,D,S,T,2024-08-26,1000000.00,3.701251,100.134765625
08:00:30,91282CLG4,TSRYS5860824,D,S,T,2024-08-26,1000000.00,3.701251,100.134765625
08:00:30,91282CLG4,TSRYS5860824,D,S,T,2024-08-26,1000000.00,3.700551,100.13671875
08:00:30,91282CLG4,TSRYS5860824,D,S,T,2024-08-26,1000000.00,3.697049,100.146484375
08:00:30,91282CLG4,TSRYS5860824,D,S,T,2024-08-26,1000000.00,3.697049,100.146484375
08:00:30,91282CLG4,TSRYS5860824,D,S,T,2024-08-26,1000000.00,3.697049,100.146484375
08:00:30,91282CLG4,TSRYS5860824,D,S,T,2024-08-26,1000000.00,3.697049,100.146484375
08:00:30,91282CLG4,TSRYS5860824,D,S,T,2024-08-26,1000000.00,3.693547,100.15625
08:00:30,91282CLG4,TSRYS5860824,D,S,T,2024-08-26,1000000.00,3.69915,100.140625
08:00:30,91282CLG4,TSRYS5860824,D,S,T,2024-08-26,1000000.00,3.69915,100.140625
08:00:30,91282CLG4,TSRYS5860824,D,S,T,2024-08-26,1000000.00,3.725075,100.068359375
08:00:30,91282CLG4,TSRYS5860824,D,S,T,2024-08-26,3000000.00,3.729281,100.056640625
08:00:30,91282CLG4,TSRYS5860824,D,S,T,2024-08-26,1000000.00,3.708957,100.11328125
08:00:30,91282CLG4,TSRYS5860824,D,S,T,2024-08-26,1000000.00,3.711759,100.10546875
08:00:30,91282CLG4,TSRYS5860824,D,S,D,2024-08-26,1000000.00,3.694948,100.15234375
08:00:30,91282CLG4,TSRYS5860824,D,S,D,2024-08-26,1000000.00,3.693547,100.15625
08:00:30,91282CLG4,TSRYS5860824,D,S,D,2024-08-26,1000000.00,3.692147,100.16015625
08:00:30,91282CLG4,TSRYS5860824,D,S,T,2024-08-26,1000000.00,3.706154,100.12109375
08:00:30,91282CLG4,TSRYS5860824,D,S,T,2024-08-26,1000000.00,3.702652,100.130859375
08:00:30,91282CLG4,TSRYS5860824,D,S,D,2024-08-26,1000000.00,3.701251,100.134765625
08:00:30,91282CLG4,TSRYS5860824,D,S,D,2024-08-26,1000000.00,3.701251,100.134765625
08:00:30,91282CLG4,TSRYS5860824,D,S,T,2024-08-26,1000000.00,3.701251,100.134765625
08:00:30,91282CLG4,TSRYS5860824,D,S,D,2024-08-26,1000000.00,3.701251,100.134765625
08:00:30,91282CLG4,TSRYS5860824,D,S,D,2024-08-26,1000000.00,3.701251,100.134765625
08:00:30,91282CLG4,TSRYS5860824,D,S,T,2024-08-26,1000000.00,3.701251,100.134765625
08:00:30,91282CLG4,TSRYS5860824,D,S,T,2024-08-26,1000000.00,3.69845,100.142578125
08:00:30,91282CLG4,TSRYS5860824,D,S,T,2024-08-26,1000000.00,3.69915,100.140625
08:00:30,91282CLG4,TSRYS5860824,D,S,D,2024-08-26,1000000.00,3.69915,100.140625
08:00:30,91282CLG4,TSRYS5860824,D,S,D,2024-08-26,1000000.00,3.697049,100.146484375
08:00:30,91282CLG4,TSRYS5860824,D,S,D,2024-08-26,1000000.00,3.697049,100.146484375
08:00:30,91282CLG4,TSRYS5860824,D,S,D,2024-08-26,1000000.00,3.697049,100.146484375
08:00:30,91282CLG4,TSRYS5860824,D,S,D,2024-08-26,1000000.00,3.697049,100.146484375
08:00:30,91282CLG4,TSRYS5860824,D,S,D,2024-08-26,1000000.00,3.697049,100.146484375
08:00:30,91282CLG4,TSRYS5860824,D,S,D,2024-08-26,1000000.00,3.697049,100.146484375
08:00:30,91282CLG4,TSRYS5860824,D,S,D,2024-08-26,1000000.00,3.697049,100.146484375
08:00:30,91282CLG4,TSRYS5860824,D,S,D,2024-08-26,1000000.00,3.697049,100.146484375
08:00:30,91282CLG4,TSRYS5860824,D,S,D,2024-08-26,1000000.00,3.697049,100.146484375
08:00:30,91282CLG4,TSRYS5860824,D,S,T,2024-08-26,1000000.00,3.697049,100.146484375
08:00:30,91282CLG4,TSRYS5860824,D,S,D,2024-08-26,1000000.00,3.697049,100.146484375
08:00:30,91282CLG4,TSRYS5860824,D,S,D,2024-08-26,1000000.00,3.697049,100.146484375
08:00:30,91282CLG4,TSRYS5860824,D,S,T,2024-08-26,1000000.00,3.697049,100.146484375
08:00:30,91282CLG4,TSRYS5860824,D,S,T,2024-08-26,1000000.00,3.692147,100.16015625
08:00:30,91282CLG4,TSRYS5860824,D,S,T,2024-08-26,1000000.00,3.690747,100.1640625
08:00:30,91282CLG4,TSRYS5860824,D,S,T,2024-08-26,1000000.00,3.69985,100.138671875
08:00:30,91282CLG4,TSRYS5860824,D,S,T,2024-08-26,1000000.00,3.69985,100.138671875
08:00:30,91282CLG4,TSRYS5860824,D,S,T,2024-08-26,1000000.00,3.694948,100.15234375
08:00:30,91282CLG4,TSRYS5860824,D,S,T,2024-08-26,1000000.00,3.694948,100.15234375
08:00:30,91282CLG4,TSRYS5860824,D,S,T,2024-08-26,1000000.00,3.692147,100.16015625
08:00:30,91282CLG4,TSRYS5860824,D,S,T,2024-08-26,1000000.00,3.691447,100.162109375
08:00:30,91282CLG4,TSRYS5860824,D,S,T,2024-08-26,1000000.00,3.693547,100.15625
08:00:30,91282CLG4,TSRYS5860824,D,S,T,2024-08-26,1000000.00,3.693547,100.15625
08:00:30,91282CLG4,TSRYS5860824,D,S,T,2024-08-26,1000000.00,3.695648,100.150390625
08:00:30,91282CLG4,TSRYS5860824,D,S,T,2024-08-26,1000000.00,3.696349,100.1484375
08:00:30,91282CLG4,TSRYS5860824,D,S,T,2024-08-26,1000000.00,3.697749,100.14453125
08:00:30,91282CLG4,TSRYS5860824,D,S,T,2024-08-26,1000000.00,3.697749,100.14453125
08:00:30,91282CLG4,TSRYS5860824,D,S,T,2024-08-26,1000000.00,3.704053,100.126953125
08:00:30,91282CLG4,TSRYS5860824,D,S,D,2024-08-26,1000000.00,3.693547,100.15625
08:00:30,91282CLG4,TSRYS5860824,D,S,D,2024-08-26,4000000.00,3.693547,100.15625
08:00:30,91282CLG4,TSRYS5860824,D,S,D,2024-08-26,1000000.00,3.693547,100.15625
08:00:30,91282CLG4,TSRYS5860824,D,S,D,2024-08-26,1000000.00,3.693547,100.15625
08:00:30,91282CLG4,TSRYS5860824,D,S,D,2024-08-26,1000000.00,3.695648,100.150390625
08:00:30,91282CLG4,TSRYS5860824,D,S,D,2024-08-26,1000000.00,3.696349,100.1484375
08:00:30,91282CLG4,TSRYS5860824,D,S,D,2024-08-26,1000000.00,3.696349,100.1484375
08:00:30,91282CLG4,TSRYS5860824,D,S,D,2024-08-26,1000000.00,3.696349,100.1484375
08:00:30,91282CLG4,TSRYS5860824,D,S,T,2024-08-26,1000000.00,3.69985,100.138671875
08:00:30,91282CLG4,TSRYS5860824,D,S,T,2024-08-26,1000000.00,3.69985,100.138671875
08:00:30,91282CLG4,TSRYS5860824,D,S,T,2024-08-26,1000000.00,3.69915,100.140625
08:00:30,91282CLG4,TSRYS5860824,D,S,T,2024-08-26,2000000.00,3.69915,100.140625
08:00:30,91282CLG4,TSRYS5860824,D,S,T,2024-08-26,1000000.00,3.697749,100.14453125
08:00:30,91282CLG4,TSRYS5860824,D,S,T,2024-08-26,1000000.00,3.697749,100.14453125
08:00:30,91282CLG4,TSRYS5860824,D,S,T,2024-08-26,1000000.00,3.69845,100.142578125
08:00:30,91282CLG4,TSRYS5860824,D,S,T,2024-08-26,1000000.00,3.703352,100.12890625
08:00:30,91282CLG4,TSRYS5860824,D,S,T,2024-08-26,1000000.00,3.703352,100.12890625
08:00:30,91282CLG4,TSRYS5860824,D,S,T,2024-08-26,1000000.00,3.703352,100.12890625
08:00:30,91282CLG4,TSRYS5860824,D,S,T,2024-08-26,1000000.00,3.701251,100.134765625
08:00:30,91282CLG4,TSRYS5860824,D,S,T,2024-08-26,1000000.00,3.701952,100.1328125
08:00:30,91282CLG4,TSRYS5860824,D,S,T,2024-08-26,1000000.00,3.69915,100.140625
08:00:30,91282CLG4,TSRYS5860824,D,S,T,2024-08-26,1000000.00,3.69985,100.138671875
08:00:30,91282CLG4,TSRYS5860824,D,S,T,2024-08-26,1000000.00,3.69915,100.140625
08:00:30,91282CLG4,TSRYS5860824,D,S,T,2024-08-26,1000000.00,3.69915,100.140625
08:00:30,91282CLG4,TSRYS5860824,D,S,T,2024-08-26,1000000.00,3.69915,100.140625
08:00:30,91282CLG4,TSRYS5860824,D,S,T,2024-08-26,1000000.00,3.69915,100.140625
08:00:30,91282CLG4,TSRYS5860824,D,S,T,2024-08-26,1000000.00,3.69915,100.140625
08:00:30,91282CLG4,TSRYS5860824,D,S,T,2024-08-26,1000000.00,3.69845,100.142578125
08:00:30,91282CLG4,TSRYS5860824,D,S,T,2024-08-26,1000000.00,3.701952,100.1328125
08:00:30,91282CLG4,TSRYS5860824,D,S,T,2024-08-26,1000000.00,3.704753,100.125
08:00:30,91282CLG4,TSRYS5860824,D,S,T,2024-08-26,1000000.00,3.708957,100.11328125
08:00:30,91282CLG4,TSRYS5860824,D,S,T,2024-08-26,1000000.00,3.708256,100.115234375
08:00:30,91282CLG4,TSRYS5860824,D,S,T,2024-08-26,1000000.00,3.708957,100.11328125
08:00:30,91282CLG4,TSRYS5860824,D,S,T,2024-08-26,1000000.00,3.707556,100.1171875
08:00:30,91282CLG4,TSRYS5860824,D,S,T,2024-08-26,1000000.00,3.706154,100.12109375
08:00:30,91282CLG4,TSRYS5860824,D,S,T,2024-08-26,1000000.00,3.706154,100.12109375
08:00:30,91282CLG4,TSRYS5860824,D,S,T,2024-08-26,1000000.00,3.706154,100.12109375
08:00:30,91282CLG4,TSRYS5860824,D,S,T,2024-08-26,1000000.00,3.707556,100.1171875
08:00:30,91282CLG4,TSRYS5860824,D,S,T,2024-08-26,1000000.00,3.707556,100.1171875
08:00:30,91282CLG4,TSRYS5860824,D,S,T,2024-08-26,1000000.00,3.707556,100.1171875
08:00:30,91282CLG4,TSRYS5860824,D,S,T,2024-08-26,1000000.00,3.706154,100.12109375
08:00:30,91282CLG4,TSRYS5860824,D,S,T,2024-08-26,1000000.00,3.703352,100.12890625
08:00:30,91282CLG4,TSRYS5860824,D,S,T,2024-08-26,1000000.00,3.704753,100.125
08:00:30,91282CLG4,TSRYS5860824,D,S,T,2024-08-26,1000000.00,3.704753,100.125
08:00:30,91282CLG4,TSRYS5860824,D,S,T,2024-08-26,1000000.00,3.704753,100.125
08:00:30,91282CLG4,TSRYS5860824,D,S,T,2024-08-26,1000000.00,3.701952,100.1328125
08:00:30,91282CLG4,TSRYS5860824,D,S,T,2024-08-26,1000000.00,3.700551,100.13671875
08:00:30,91282CLG4,TSRYS5860824,D,S,T,2024-08-26,1000000.00,3.69915,100.140625
08:00:30,91282CLG4,TSRYS5860824,D,S,T,2024-08-26,1000000.00,3.701251,100.134765625
08:00:30,91282CLG4,TSRYS5860824,D,S,T,2024-08-26,1000000.00,3.703352,100.12890625
08:00:30,91282CLG4,TSRYS5860824,D,S,T,2024-08-26,1000000.00,3.703352,100.12890625
08:00:30,91282CLG4,TSRYS5860824,D,S,T,2024-08-26,1000000.00,3.704753,100.125
08:00:30,91282CLG4,TSRYS5860824,D,S,T,2024-08-26,1000000.00,3.704753,100.125
08:00:30,91282CLG4,TSRYS5860824,D,S,T,2024-08-26,1000000.00,3.710358,100.109375
08:00:30,91282CLG4,TSRYS5860824,D,S,T,2024-08-26,1000000.00,3.710358,100.109375
08:00:30,91282CLG4,TSRYS5860824,D,S,T,2024-08-26,1000000.00,3.710358,100.109375
08:00:30,91282CLG4,TSRYS5860824,D,S,T,2024-08-26,1000000.00,3.708957,100.11328125
08:00:31,91282CLG4,TSRYS5860824,D,S,T,2024-08-26,1000000.00,3.706154,100.12109375
08:00:31,91282CLG4,TSRYS5860824,D,S,T,2024-08-26,1000000.00,3.706154,100.12109375
08:00:31,91282CLG4,TSRYS5860824,D,S,T,2024-08-26,1000000.00,3.706154,100.12109375
08:00:31,91282CLG4,TSRYS5860824,D,S,T,2024-08-26,1000000.00,3.704753,100.125
08:00:31,91282CLG4,TSRYS5860824,D,S,T,2024-08-26,1000000.00,3.703352,100.12890625
08:00:31,91282CLG4,TSRYS5860824,D,S,T,2024-08-26,1000000.00,3.706154,100.12109375
08:00:31,91282CLG4,TSRYS5860824,D,S,T,2024-08-26,1000000.00,3.703352,100.12890625
08:00:31,91282CLG4,TSRYS5860824,D,S,T,2024-08-26,1000000.00,3.708256,100.115234375
08:00:31,91282CLG4,TSRYS5860824,D,S,T,2024-08-26,1000000.00,3.708957,100.11328125
08:00:31,91282CLG4,TSRYS5860824,D,S,T,2024-08-26,1000000.00,3.708957,100.11328125
08:00:31,91282CLG4,TSRYS5860824,D,S,T,2024-08-26,1000000.00,3.714562,100.09765625
08:00:31,91282CLG4,TSRYS5860824,D,S,T,2024-08-26,2000000.00,3.714562,100.09765625
08:00:31,91282CLG4,TSRYS5860824,D,S,T,2024-08-26,1000000.00,3.714562,100.09765625
08:00:31,91282CLG4,TSRYS5860824,D,S,T,2024-08-26,2000000.00,3.714562,100.09765625
08:00:31,91282CLG4,TSRYS5860824,D,S,T,2024-08-26,1000000.00,3.714562,100.09765625
08:00:31,91282CLG4,TSRYS5860824,D,S,T,2024-08-26,1000000.00,3.714562,100.09765625
08:00:31,91282CLG4,TSRYS5860824,D,S,T,2024-08-26,2000000.00,3.715964,100.09375
08:00:31,91282CLG4,TSRYS5860824,D,S,T,2024-08-26,1000000.00,3.718767,100.0859375
08:00:31,91282CLG4,TSRYS5860824,D,S,T,2024-08-26,1000000.00,3.72157,100.078125
08:00:31,91282CLG4,TSRYS5860824,D,S,T,2024-08-26,1000000.00,3.72157,100.078125
08:00:31,91282CLG4,TSRYS5860824,D,S,T,2024-08-26,1000000.00,3.722972,100.07421875
08:00:31,91282CLG4,TSRYS5860824,D,S,T,2024-08-26,1000000.00,3.722972,100.07421875
08:00:31,91282CLG4,TSRYS5860824,D,S,T,2024-08-26,1000000.00,3.722972,100.07421875
08:00:31,91282CLG4,TSRYS5860824,D,S,T,2024-08-26,1000000.00,3.722972,100.07421875
08:00:31,91282CLG4,TSRYS5860824,D,S,T,2024-08-26,1000000.00,3.722972,100.07421875
08:00:31,91282CLG4,TSRYS5860824,D,S,T,2024-08-26,1000000.00,3.722972,100.07421875
08:00:31,91282CLG4,TSRYS5860824,D,S,T,2024-08-26,1000000.00,3.722972,100.07421875
08:00:31,91282CLG4,TSRYS5860824,D,S,T,2024-08-26,1000000.00,3.722972,100.07421875
08:00:31,91282CLG4,TSRYS5860824,D,S,T,2024-08-26,1000000.00,3.722972,100.07421875
08:00:31,91282CLG4,TSRYS5860824,D,S,T,2024-08-26,1000000.00,3.722972,100.07421875
08:00:31,91282CLG4,TSRYS5860824,D,S,T,2024-08-26,1000000.00,3.723673,100.072265625
08:00:31,91282CLG4,TSRYS5860824,D,S,T,2024-08-26,1000000.00,3.724374,100.0703125
08:00:31,91282CLG4,TSRYS5860824,D,S,T,2024-08-26,1000000.00,3.725075,100.068359375
08:00:31,91282CLG4,TSRYS5860824,D,S,T,2024-08-26,1000000.00,3.725075,100.068359375
08:00:31,91282CLG4,TSRYS5860824,D,S,T,2024-08-26,1000000.00,3.726477,100.064453125
08:00:31,91282CLG4,TSRYS5860824,D,S,T,2024-08-26,1000000.00,3.725776,100.06640625
08:00:31,91282CLG4,TSRYS5860824,D,S,T,2024-08-26,1000000.00,3.725776,100.06640625
08:00:31,91282CLG4,TSRYS5860824,D,S,T,2024-08-26,2000000.00,3.725776,100.06640625
08:00:31,91282CLG4,TSRYS5860824,D,S,T,2024-08-26,1000000.00,3.725776,100.06640625
08:00:31,91282CLG4,TSRYS5860824,D,S,T,2024-08-26,1000000.00,3.725776,100.06640625
08:00:31,91282CLG4,TSRYS5860824,D,S,T,2024-08-26,1000000.00,3.725075,100.068359375
08:00:31,91282CLG4,TSRYS5860824,D,S,T,2024-08-26,1000000.00,3.724374,100.0703125
08:00:31,91282CLG4,TSRYS5860824,D,S,T,2024-08-26,2000000.00,3.724374,100.0703125
08:00:31,91282CLG4,TSRYS5860824,D,S,T,2024-08-26,1000000.00,3.724374,100.0703125
08:00:31,91282CLG4,TSRYS5860824,D,S,T,2024-08-26,1000000.00,3.724374,100.0703125
08:00:31,91282CLG4,TSRYS5860824,D,S,T,2024-08-26,1000000.00,3.724374,100.0703125
08:00:31,91282CLG4,TSRYS5860824,D,S,T,2024-08-26,1000000.00,3.725776,100.06640625
08:00:31,91282CLG4,TSRYS5860824,D,S,T,2024-08-26,2000000.00,3.727178,100.0625
08:00:31,91282CLG4,TSRYS5860824,D,S,T,2024-08-26,2000000.00,3.727178,100.0625
08:00:31,91282CLG4,TSRYS5860824,D,S,T,2024-08-26,2000000.00,3.727178,100.0625
08:00:31,91282CLG4,TSRYS5860824,D,S,T,2024-08-26,1000000.00,3.727178,100.0625
08:00:31,91282CLG4,TSRYS5860824,D,S,T,2024-08-26,1000000.00,3.727178,100.0625
08:00:31,91282CLG4,TSRYS5860824,D,S,T,2024-08-26,1000000.00,3.72858,100.05859375
08:00:31,91282CLG4,TSRYS5860824,D,S,T,2024-08-26,2000000.00,3.729281,100.056640625
08:00:31,91282CLG4,TSRYS5860824,D,S,T,2024-08-26,2000000.00,3.72858,100.05859375
08:00:31,91282CLG4,TSRYS5860824,D,S,T,2024-08-26,4000000.00,3.730683,100.052734375
08:00:31,91282CLG4,TSRYS5860824,D,S,T,2024-08-26,1000000.00,3.72858,100.05859375
08:00:31,91282CLG4,TSRYS5860824,D,S,T,2024-08-26,2000000.00,3.729281,100.056640625
08:00:31,91282CLG4,TSRYS5860824,D,S,T,2024-08-26,2000000.00,3.729281,100.056640625
08:00:31,91282CLG4,TSRYS5860824,D,S,T,2024-08-26,1000000.00,3.731385,100.05078125
08:00:31,91282CLG4,TSRYS5860824,D,S,T,2024-08-26,1000000.00,3.729982,100.0546875
08:00:31,91282CLG4,TSRYS5860824,D,S,T,2024-08-26,1000000.00,3.72858,100.05859375
08:00:31,91282CLG4,TSRYS5860824,D,S,T,2024-08-26,1000000.00,3.726477,100.064453125
08:00:31,91282CLG4,TSRYS5860824,D,S,T,2024-08-26,2000000.00,3.724374,100.0703125
08:00:31,91282CLG4,TSRYS5860824,D,S,T,2024-08-26,1000000.00,3.724374,100.0703125
08:00:31,91282CLG4,TSRYS5860824,D,S,T,2024-08-26,1000000.00,3.72157,100.078125
08:00:31,91282CLG4,TSRYS5860824,D,S,T,2024-08-26,1000000.00,3.722972,100.07421875
08:00:31,91282CLG4,TSRYS5860824,D,S,T,2024-08-26,1000000.00,3.722972,100.07421875
08:00:31,91282CLG4,TSRYS5860824,D,S,T,2024-08-26,1000000.00,3.722972,100.07421875
08:00:31,91282CLG4,TSRYS5860824,D,S,T,2024-08-26,2000000.00,3.72157,100.078125
08:00:31,91282CLG4,TSRYS5860824,D,S,T,2024-08-26,1000000.00,3.72157,100.078125
08:00:31,91282CLG4,TSRYS5860824,D,S,T,2024-08-26,1000000.00,3.72157,100.078125
08:00:31,91282CLG4,TSRYS5860824,D,S,T,2024-08-26,1000000.00,3.72157,100.078125
08:00:31,91282CLG4,TSRYS5860824,D,S,T,2024-08-26,1000000.00,3.72157,100.078125
08:00:31,91282CLG4,TSRYS5860824,D,S,T,2024-08-26,1000000.00,3.72157,100.078125
08:00:31,91282CLG4,TSRYS5860824,D,S,T,2024-08-26,1000000.00,3.72157,100.078125
08:00:31,91282CLG4,TSRYS5860824,D,S,T,2024-08-26,1000000.00,3.722972,100.07421875
08:00:31,91282CLG4,TSRYS5860824,D,S,T,2024-08-26,2000000.00,3.722972,100.07421875
08:00:31,91282CLG4,TSRYS5860824,D,S,T,2024-08-26,2000000.00,3.72157,100.078125
08:00:31,91282CLG4,TSRYS5860824,D,S,T,2024-08-26,1000000.00,3.72157,100.078125
08:00:31,91282CLG4,TSRYS5860824,D,S,T,2024-08-26,1000000.00,3.72157,100.078125
08:00:31,91282CLG4,TSRYS5860824,D,S,T,2024-08-26,1000000.00,3.72157,100.078125
08:00:31,91282CLG4,TSRYS5860824,D,S,T,2024-08-26,1000000.00,3.72157,100.078125
08:00:31,91282CLG4,TSRYS5860824,D,S,T,2024-08-26,1000000.00,3.72157,100.078125
08:00:31,91282CLG4,TSRYS5860824,D,S,T,2024-08-26,1000000.00,3.727178,100.0625
08:00:31,91282CLG4,TSRYS5860824,D,S,T,2024-08-26,2000000.00,3.727879,100.060546875
08:00:31,91282CLG4,TSRYS5860824,D,S,T,2024-08-26,1000000.00,3.72858,100.05859375
08:00:31,91282CLG4,TSRYS5860824,D,S,T,2024-08-26,1000000.00,3.72858,100.05859375
08:00:31,91282CLG4,TSRYS5860824,D,S,T,2024-08-26,1000000.00,3.72858,100.05859375
08:00:31,91282CLG4,TSRYS5860824,D,S,T,2024-08-26,4000000.00,3.72858,100.05859375
08:00:31,91282CLG4,TSRYS5860824,D,S,T,2024-08-26,2000000.00,3.72858,100.05859375
08:00:31,91282CLG4,TSRYS5860824,D,S,T,2024-08-26,1000000.00,3.72858,100.05859375
08:00:31,91282CLG4,TSRYS5860824,D,S,T,2024-08-26,1000000.00,3.729982,100.0546875
08:00:31,91282CLG4,TSRYS5860824,D,S,T,2024-08-26,2000000.00,3.729982,100.0546875
08:00:31,91282CLG4,TSRYS5860824,D,S,T,2024-08-26,1000000.00,3.729982,100.0546875
08:00:31,91282CLG4,TSRYS5860824,D,S,T,2024-08-26,2000000.00,3.729982,100.0546875
08:00:31,91282CLG4,TSRYS5860824,D,S,T,2024-08-26,2000000.00,3.729281,100.056640625
08:00:31,91282CLG4,TSRYS5860824,D,S,T,2024-08-26,1000000.00,3.731385,100.05078125
08:00:31,91282CLG4,TSRYS5860824,D,S,T,2024-08-26,1000000.00,3.731385,100.05078125
08:00:31,91282CLG4,TSRYS5860824,D,S,T,2024-08-26,1000000.00,3.732787,100.046875
08:00:31,91282CLG4,TSRYS5860824,D,S,T,2024-08-26,2000000.00,3.732787,100.046875
08:00:31,91282CLG4,TSRYS5860824,D,S,T,2024-08-26,2000000.00,3.732787,100.046875
08:00:31,91282CLG4,TSRYS5860824,D,S,T,2024-08-26,1000000.00,3.732787,100.046875
08:00:31,91282CLG4,TSRYS5860824,D,S,T,2024-08-26,1000000.00,3.732787,100.046875
08:00:31,91282CLG4,TSRYS5860824,D,S,T,2024-08-26,1000000.00,3.732787,100.046875
08:00:31,91282CLG4,TSRYS5860824,D,S,T,2024-08-26,3000000.00,3.732787,100.046875
08:00:31,91282CLG4,TSRYS5860824,D,S,T,2024-08-26,9000000.00,3.732787,100.046875
08:00:31,91282CLG4,TSRYS5860824,D,S,T,2024-08-26,2000000.00,3.732787,100.046875
08:00:31,91282CLG4,TSRYS5860824,D,S,T,2024-08-26,7000000.00,3.732787,100.046875
08:00:31,91282CLG4,TSRYS5860824,D,S,T,2024-08-26,1000000.00,3.732787,100.046875
08:00:31,91282CLG4,TSRYS5860824,D,S,T,2024-08-26,1000000.00,3.729982,100.0546875
08:00:31,91282CLG4,TSRYS5860824,D,S,T,2024-08-26,1000000.00,3.72858,100.05859375
08:00:31,91282CLG4,TSRYS5860824,D,S,T,2024-08-26,2000000.00,3.727879,100.060546875
08:00:31,91282CLG4,TSRYS5860824,D,S,T,2024-08-26,1000000.00,3.725776,100.06640625
08:00:31,91282CLG4,TSRYS5860824,D,S,T,2024-08-26,1000000.00,3.725776,100.06640625
08:00:31,91282CLG4,TSRYS5860824,D,S,T,2024-08-26,4000000.00,3.725776,100.06640625
08:00:31,91282CLG4,TSRYS5860824,D,S,T,2024-08-26,1000000.00,3.724374,100.0703125
08:00:31,91282CLG4,TSRYS5860824,D,S,T,2024-08-26,1000000.00,3.726477,100.064453125
08:00:31,91282CLG4,TSRYS5860824,D,S,T,2024-08-26,1000000.00,3.726477,100.064453125
08:00:31,91282CLG4,TSRYS5860824,D,S,T,2024-08-26,3000000.00,3.726477,100.064453125
08:00:31,91282CLG4,TSRYS5860824,D,S,T,2024-08-26,2000000.00,3.727178,100.0625
08:00:31,91282CLG4,TSRYS5860824,D,S,T,2024-08-26,1000000.00,3.727178,100.0625
08:00:31,91282CLG4,TSRYS5860824,D,S,T,2024-08-26,2000000.00,3.727879,100.060546875
08:00:31,91282CLG4,TSRYS5860824,D,S,T,2024-08-26,1000000.00,3.727178,100.0625
08:00:31,91282CLG4,TSRYS5860824,D,S,T,2024-08-26,1000000.00,3.727178,100.0625
08:00:31,91282CLG4,TSRYS5860824,D,S,T,2024-08-26,1000000.00,3.727178,100.0625
08:00:31,91282CLG4,TSRYS5860824,D,S,T,2024-08-26,1000000.00,3.727178,100.0625
08:00:31,91282CLG4,TSRYS5860824,D,S,T,2024-08-26,1000000.00,3.727178,100.0625
08:00:31,91282CLG4,TSRYS5860824,D,S,T,2024-08-26,2000000.00,3.727178,100.0625
08:00:31,91282CLG4,TSRYS5860824,D,S,D,2024-08-26,1000000.00,3.701251,100.134765625
08:00:31,91282CLG4,TSRYS5860824,D,S,D,2024-08-26,1000000.00,3.697749,100.14453125
08:00:31,91282CLG4,TSRYS5860824,D,S,D,2024-08-26,1000000.00,3.697049,100.146484375
08:00:31,91282CLG4,TSRYS5860824,D,S,D,2024-08-26,1000000.00,3.692147,100.16015625
08:00:31,91282CLG4,TSRYS5860824,D,S,D,2024-08-26,1000000.00,3.693547,100.15625
08:00:31,91282CLG4,TSRYS5860824,D,S,D,2024-08-26,1000000.00,3.693547,100.15625
08:00:31,91282CLG4,TSRYS5860824,D,S,D,2024-08-26,1000000.00,3.695648,100.150390625
08:00:31,91282CLG4,TSRYS5860824,D,S,D,2024-08-26,1000000.00,3.696349,100.1484375
08:00:31,91282CLG4,TSRYS5860824,D,S,D,2024-08-26,1000000.00,3.701952,100.1328125
08:00:31,91282CLG4,TSRYS5860824,D,S,D,2024-08-26,1000000.00,3.703352,100.12890625
08:00:31,91282CLG4,TSRYS5860824,D,S,D,2024-08-26,1000000.00,3.704753,100.125
08:00:31,91282CLG4,TSRYS5860824,D,S,D,2024-08-26,1000000.00,3.705454,100.123046875
08:00:31,91282CLG4,TSRYS5860824,D,S,D,2024-08-26,1000000.00,3.706855,100.119140625
08:00:31,91282CLG4,TSRYS5860824,D,S,D,2024-08-26,1000000.00,3.706855,100.119140625
08:00:31,91282CLG4,TSRYS5860824,D,S,D,2024-08-26,1000000.00,3.696349,100.1484375
08:00:31,91282CLG4,TSRYS5860824,D,S,D,2024-08-26,1000000.00,3.700551,100.13671875
08:00:31,91282CLG4,TSRYS5860824,D,S,D,2024-08-26,1000000.00,3.700551,100.13671875
08:00:31,91282CLG4,TSRYS5860824,D,S,D,2024-08-26,1000000.00,3.701251,100.134765625
08:00:31,91282CLG4,TSRYS5860824,D,S,D,2024-08-26,1000000.00,3.701251,100.134765625
08:00:31,91282CLG4,TSRYS5860824,D,S,D,2024-08-26,1000000.00,3.701251,100.134765625
08:00:31,91282CLG4,TSRYS5860824,D,S,D,2024-08-26,4000000.00,3.703352,100.12890625
08:00:31,91282CLG4,TSRYS5860824,D,B,C,2024-08-26,4000000.00,3.703352,100.12890625
08:00:32,91282CLG4,TSRYS5860824,D,S,D,2024-08-26,1000000.00,3.701952,100.1328125
08:00:32,91282CLG4,TSRYS5860824,D,S,T,2024-08-26,1000000.00,3.724374,100.0703125
08:00:33,91282CLG4,TSRYS5860824,D,S,D,2024-08-26,10000000.00,3.69985,100.138671875
08:00:33,91282CLG4,TSRYS5860824,D,S,D,2024-08-26,3000000.00,3.703352,100.12890625
08:00:33,91282CLG4,TSRYS5860824,D,S,D,2024-08-26,1000000.00,3.703352,100.12890625
08:00:35,91282CLG4,TSRYS5860824,D,S,T,2024-08-26,1000000.00,3.725776,100.06640625
08:00:39,91282CLG4,TSRYS5860824,D,S,D,2024-08-26,1000000.00,3.69915,100.140625
08:00:39,91282CLG4,TSRYS5860824,D,S,D,2024-08-26,1000000.00,3.690747,100.1640625
08:00:39,91282CLG4,TSRYS5860824,D,S,D,2024-08-26,1000000.00,3.69915,100.140625
08:00:39,91282CLG4,TSRYS5860824,D,S,D,2024-08-26,1000000.00,3.69915,100.140625
08:00:39,91282CLG4,TSRYS5860824,D,S,D,2024-08-26,1000000.00,3.69915,100.140625
08:00:39,91282CLG4,TSRYS5860824,D,S,D,2024-08-26,1000000.00,3.69915,100.140625
08:00:39,91282CLG4,TSRYS5860824,D,S,D,2024-08-26,1000000.00,3.69915,100.140625
08:00:39,91282CLG4,TSRYS5860824,D,S,D,2024-08-26,1000000.00,3.69915,100.140625
08:00:39,91282CLG4,TSRYS5860824,D,S,D,2024-08-26,1000000.00,3.69915,100.140625
08:00:39,91282CLG4,TSRYS5860824,D,S,D,2024-08-26,1000000.00,3.697749,100.14453125
08:00:39,91282CLG4,TSRYS5860824,D,S,D,2024-08-26,1000000.00,3.697749,100.14453125
08:00:39,91282CLG4,TSRYS5860824,D,S,D,2024-08-26,1000000.00,3.697749,100.14453125
08:00:39,91282CLG4,TSRYS5860824,D,S,D,2024-08-26,1000000.00,3.69915,100.140625
08:00:39,91282CLG4,TSRYS5860824,D,S,D,2024-08-26,1000000.00,3.69915,100.140625
08:00:39,91282CLG4,TSRYS5860824,D,S,D,2024-08-26,1000000.00,3.69915,100.140625
08:00:39,91282CLG4,TSRYS5860824,D,S,D,2024-08-26,1000000.00,3.704753,100.125
08:00:40,91282CLG4,TSRYS5860824,D,S,D,2024-08-26,1000000.00,3.706154,100.12109375
08:00:40,91282CLG4,TSRYS5860824,D,B,C,2024-08-26,4900000.00,3.704753,100.125
08:00:40,91282CLG4,TSRYS5860824,D,S,A,2024-08-26,2750000.00,3.703352,100.12890625
08:00:40,91282CLG4,TSRYS5860824,D,S,D,2024-08-26,1000000.00,3.715964,100.09375
08:00:40,91282CLG4,TSRYS5860824,D,S,T,2024-08-26,1000000.00,3.715964,100.09375
08:00:40,91282CLG4,TSRYS5860824,D,S,T,2024-08-26,1000000.00,3.72157,100.078125
08:00:40,91282CLG4,TSRYS5860824,D,S,D,2024-08-26,1000000.00,3.722972,100.07421875
08:00:40,91282CLG4,TSRYS5860824,D,S,D,2024-08-26,1000000.00,3.722972,100.07421875
08:00:40,91282CLG4,TSRYS5860824,D,S,D,2024-08-26,1000000.00,3.722972,100.07421875
08:00:40,91282CLG4,TSRYS5860824,D,S,T,2024-08-26,1000000.00,3.722972,100.07421875
08:00:40,91282CLG4,TSRYS5860824,D,S,T,2024-08-26,1000000.00,3.722972,100.07421875
08:00:40,91282CLG4,TSRYS5860824,D,S,T,2024-08-26,1000000.00,3.722972,100.07421875
08:00:40,91282CLG4,TSRYS5860824,D,S,D,2024-08-26,1000000.00,3.724374,100.0703125
08:00:40,91282CLG4,TSRYS5860824,D,S,D,2024-08-26,1000000.00,3.725776,100.06640625
08:00:40,91282CLG4,TSRYS5860824,D,S,T,2024-08-26,1000000.00,3.724374,100.0703125
08:00:40,91282CLG4,TSRYS5860824,D,S,T,2024-08-26,1000000.00,3.724374,100.0703125
08:00:40,91282CLG4,TSRYS5860824,D,S,D,2024-08-26,1000000.00,3.724374,100.0703125
08:00:40,91282CLG4,TSRYS5860824,D,S,T,2024-08-26,1000000.00,3.722972,100.07421875
08:00:40,91282CLG4,TSRYS5860824,D,S,T,2024-08-26,1000000.00,3.727178,100.0625
08:00:40,91282CLG4,TSRYS5860824,D,B,C,2024-08-26,60000000.00,3.727178,100.0625
08:00:40,91282CLG4,TSRYS5860824,D,B,C,2024-08-26,13873000.00,3.72858,100.05859375
08:00:40,91282CLG4,TSRYS5860824,D,B,A,2024-08-26,198000.00,3.703352,100.12890625
08:00:41,91282CLG4,TSRYS5860824,D,S,D,2024-08-26,2190000.00,3.724374,100.0703125
08:00:42,91282CLG4,TSRYS5860824,D,S,A,2024-08-26,185000.00,3.704753,100.125
08:00:42,91282CLG4,TSRYS5860824,D,S,A,2024-08-26,3516000.00,3.701952,100.1328125
08:00:43,91282CLG4,TSRYS5860824,D,S,D,2024-08-26,1000000.00,3.722271,100.076171875
08:00:43,91282CLG4,TSRYS5860824,D,S,T,2024-08-26,1000000.00,3.725075,100.068359375
08:00:43,91282CLG4,TSRYS5860824,D,S,D,2024-08-26,1000000.00,3.69915,100.140625
08:00:43,91282CLG4,TSRYS5860824,D,S,D,2024-08-26,1000000.00,3.69915,100.140625
08:00:43,91282CLG4,TSRYS5860824,D,S,D,2024-08-26,1000000.00,3.69915,100.140625
08:00:43,91282CLG4,TSRYS5860824,D,B,C,2024-08-26,54000000.00,3.698076,100.14362
08:00:44,91282CLG4,TSRYS5860824,D,S,T,2024-08-26,2000000.00,3.725075,100.068359375
08:00:44,91282CLG4,TSRYS5860824,D,S,T,2024-08-26,1000000.00,3.725776,100.06640625
08:00:45,91282CLG4,TSRYS5860824,D,S,D,2024-08-26,1000000.00,3.69845,100.142578125
08:00:46,91282CLG4,TSRYS5860824,D,S,T,2024-08-26,4000000.00,3.731385,100.05078125
08:00:46,91282CLG4,TSRYS5860824,D,S,D,2024-08-26,3000000.00,3.725776,100.06640625
08:00:46,91282CLG4,TSRYS5860824,D,S,T,2024-08-26,1000000.00,3.731385,100.05078125
08:00:46,91282CLG4,TSRYS5860824,D,S,D,2024-08-26,2000000.00,3.704053,100.126953125
08:00:46,91282CLG4,TSRYS5860824,D,S,D,2024-08-26,1000000.00,3.710358,100.109375
08:00:46,91282CLG4,TSRYS5860824,D,S,D,2024-08-26,1000000.00,3.708957,100.11328125
08:00:46,91282CLG4,TSRYS5860824,D,S,C,2024-08-26,1000000.00,3.708256,100.115234375
08:00:46,91282CLG4,TSRYS5860824,D,S,T,2024-08-26,1000000.00,3.731385,100.05078125
08:00:47,91282CLG4,TSRYS5860824,D,S,T,2024-08-26,1000000.00,3.731385,100.05078125
08:00:47,91282CLG4,TSRYS5860824,D,S,T,2024-08-26,1000000.00,3.731385,100.05078125
08:00:47,91282CLG4,TSRYS5860824,D,S,T,2024-08-26,1000000.00,3.731385,100.05078125
08:00:47,91282CLG4,TSRYS5860824,D,S,D,2024-08-26,1000000.00,3.704753,100.125
08:00:47,91282CLG4,TSRYS5860824,D,S,T,2024-08-26,1000000.00,3.731385,100.05078125
08:00:47,91282CLG4,TSRYS5860824,D,S,D,2024-08-26,1000000.00,3.704753,100.125
08:00:47,91282CLG4,TSRYS5860824,D,S,D,2024-08-26,1000000.00,3.704753,100.125
08:00:47,91282CLG4,TSRYS5860824,D,S,D,2024-08-26,1000000.00,3.707556,100.1171875
08:00:48,91282CLG4,TSRYS5860824,D,S,T,2024-08-26,1000000.00,3.731385,100.05078125
08:00:48,91282CLG4,TSRYS5860824,D,S,T,2024-08-26,1000000.00,3.731385,100.05078125
08:00:48,91282CLG4,TSRYS5860824,D,S,T,2024-08-26,1000000.00,3.731385,100.05078125
08:00:48,91282CLG4,TSRYS5860824,D,S,T,2024-08-26,1000000.00,3.731385,100.05078125
08:00:48,91282CLG4,TSRYS5860824,D,S,D,2024-08-26,1000000.00,3.725075,100.068359375
08:00:48,91282CLG4,TSRYS5860824,D,S,D,2024-08-26,1000000.00,3.707556,100.1171875
08:00:48,91282CLG4,TSRYS5860824,D,S,T,2024-08-26,1000000.00,3.731385,100.05078125
08:00:48,91282CLG4,TSRYS5860824,D,S,D,2024-08-26,1000000.00,3.707556,100.1171875
08:00:48,91282CLG4,TSRYS5860824,D,S,C,2024-08-26,1000000.00,3.706855,100.119140625
08:00:48,91282CLG4,TSRYS5860824,D,S,C,2024-08-26,1000000.00,3.706154,100.12109375
08:00:49,91282CLG4,TSRYS5860824,D,S,D,2024-08-26,1000000.00,3.706154,100.12109375
08:00:49,91282CLG4,TSRYS5860824,D,S,C,2024-08-26,1000000.00,3.705454,100.123046875
08:00:49,91282CLG4,TSRYS5860824,D,S,C,2024-08-26,1000000.00,3.704753,100.125
08:00:49,91282CLG4,TSRYS5860824,D,S,C,2024-08-26,1000000.00,3.706154,100.12109375
08:00:49,91282CLG4,TSRYS5860824,D,S,D,2024-08-26,4000000.00,3.705454,100.123046875
08:00:49,91282CLG4,TSRYS5860824,D,S,D,2024-08-26,1000000.00,3.705454,100.123046875
08:00:49,91282CLG4,TSRYS5860824,D,S,D,2024-08-26,8000000.00,3.705454,100.123046875
08:00:49,91282CLG4,TSRYS5860824,D,S,C,2024-08-26,1000000.00,3.704753,100.125
08:00:49,91282CLG4,TSRYS5860824,D,S,C,2024-08-26,1000000.00,3.705454,100.123046875
08:00:49,91282CLG4,TSRYS5860824,D,S,T,2024-08-26,1000000.00,3.731385,100.05078125
08:00:49,91282CLG4,TSRYS5860824,D,S,D,2024-08-26,1000000.00,3.705454,100.123046875
08:00:49,91282CLG4,TSRYS5860824,D,S,D,2024-08-26,1000000.00,3.703352,100.12890625
08:00:49,91282CLG4,TSRYS5860824,D,S,C,2024-08-26,1000000.00,3.701251,100.134765625
08:00:49,91282CLG4,TSRYS5860824,D,S,T,2024-08-26,1000000.00,3.731385,100.05078125
08:00:49,91282CLG4,TSRYS5860824,D,S,T,2024-08-26,1000000.00,3.731385,100.05078125
08:00:49,91282CLG4,TSRYS5860824,D,S,T,2024-08-26,1000000.00,3.731385,100.05078125
08:00:50,91282CLG4,TSRYS5860824,D,S,T,2024-08-26,1000000.00,3.731385,100.05078125
08:00:50,91282CLG4,TSRYS5860824,D,S,T,2024-08-26,1000000.00,3.731385,100.05078125
08:00:50,91282CLG4,TSRYS5860824,D,S,T,2024-08-26,1000000.00,3.731385,100.05078125
08:00:50,91282CLG4,TSRYS5860824,D,S,C,2024-08-26,1000000.00,3.704053,100.126953125
08:00:50,91282CLG4,TSRYS5860824,D,S,C,2024-08-26,1000000.00,3.704053,100.126953125
08:00:50,91282CLG4,TSRYS5860824,D,S,T,2024-08-26,2000000.00,3.726477,100.064453125
08:00:50,91282CLG4,TSRYS5860824,D,S,T,2024-08-26,4000000.00,3.726477,100.064453125
08:00:50,91282CLG4,TSRYS5860824,D,S,T,2024-08-26,4000000.00,3.726477,100.064453125
08:00:50,91282CLG4,TSRYS5860824,D,S,D,2024-08-26,1000000.00,3.724374,100.0703125
08:00:50,91282CLG4,TSRYS5860824,D,S,T,2024-08-26,4000000.00,3.722972,100.07421875
08:00:51,91282CLG4,TSRYS5860824,D,S,T,2024-08-26,4000000.00,3.722271,100.076171875
08:00:51,91282CLG4,TSRYS5860824,D,S,T,2024-08-26,2000000.00,3.729281,100.056640625
08:00:51,91282CLG4,TSRYS5860824,D,S,T,2024-08-26,2000000.00,3.729982,100.0546875
08:00:55,91282CLG4,TSRYS5860824,D,S,C,2024-08-26,1000000.00,3.703352,100.12890625
08:00:58,91282CLG4,TSRYS5860824,D,S,D,2024-08-26,1000000.00,3.706154,100.12109375
08:00:58,91282CLG4,TSRYS5860824,D,S,C,2024-08-26,10000000.00,3.731385,100.05078125
08:00:59,91282CLG4,TSRYS5860824,D,S,C,2024-08-26,10000000.00,3.731385,100.05078125
08:01:00,91282CLG4,TSRYS5860824,D,S,C,2024-08-26,10000000.00,3.732787,100.046875
08:01:00,91282CLG4,TSRYS5860824,D,S,D,2024-08-26,1000000.00,3.715964,100.09375
08:01:04,91282CLG4,TSRYS5860824,D,S,D,2024-08-26,1000000.00,3.722972,100.07421875
08:01:04,91282CLG4,TSRYS5860824,D,S,D,2024-08-26,1000000.00,3.722972,100.07421875
08:01:04,91282CLG4,TSRYS5860824,D,S,D,2024-08-26,1000000.00,3.722972,100.07421875
08:01:04,91282CLG4,TSRYS5860824,D,S,D,2024-08-26,1000000.00,3.722972,100.07421875
08:01:05,91282CLG4,TSRYS5860824,D,S,D,2024-08-26,1000000.00,3.724374,100.0703125
08:01:05,91282CLG4,TSRYS5860824,D,S,T,2024-08-26,1000000.00,3.697749,100.14453125
08:01:06,91282CLG4,TSRYS5860824,D,S,C,2024-08-26,1000000.00,3.702652,100.130859375
08:01:06,91282CLG4,TSRYS5860824,D,S,C,2024-08-26,1000000.00,3.703352,100.12890625
08:01:06,91282CLG4,TSRYS5860824,D,S,C,2024-08-26,1000000.00,3.701251,100.134765625
08:01:06,91282CLG4,TSRYS5860824,D,S,C,2024-08-26,1000000.00,3.701251,100.134765625
08:01:06,91282CLG4,TSRYS5860824,D,S,C,2024-08-26,1000000.00,3.701251,100.134765625
08:01:06,91282CLG4,TSRYS5860824,D,S,C,2024-08-26,1000000.00,3.701251,100.134765625
08:01:06,91282CLG4,TSRYS5860824,D,B,C,2024-08-26,1000000.00,3.69985,100.138671875
08:01:06,91282CLG4,TSRYS5860824,D,S,C,2024-08-26,1000000.00,3.701251,100.134765625
08:01:06,91282CLG4,TSRYS5860824,D,S,C,2024-08-26,1000000.00,3.701251,100.134765625
08:01:06,91282CLG4,TSRYS5860824,D,S,C,2024-08-26,1000000.00,3.697749,100.14453125
08:01:06,91282CLG4,TSRYS5860824,D,S,C,2024-08-26,1000000.00,3.697749,100.14453125
08:01:06,91282CLG4,TSRYS5860824,D,S,C,2024-08-26,1000000.00,3.69985,100.138671875
08:01:06,91282CLG4,TSRYS5860824,D,B,C,2024-08-26,1000000.00,3.697749,100.14453125
08:01:06,91282CLG4,TSRYS5860824,D,S,C,2024-08-26,1000000.00,3.69915,100.140625
08:01:06,91282CLG4,TSRYS5860824,D,S,C,2024-08-26,1000000.00,3.69915,100.140625
08:01:06,91282CLG4,TSRYS5860824,D,B,C,2024-08-26,1000000.00,3.697049,100.146484375
08:01:06,91282CLG4,TSRYS5860824,D,S,C,2024-08-26,1000000.00,3.697049,100.146484375
08:01:06,91282CLG4,TSRYS5860824,D,S,C,2024-08-26,10000000.00,3.727178,100.0625
08:01:06,91282CLG4,TSRYS5860824,D,S,C,2024-08-26,1000000.00,3.697049,100.146484375
08:01:06,91282CLG4,TSRYS5860824,D,S,C,2024-08-26,1000000.00,3.697049,100.146484375
08:01:06,91282CLG4,TSRYS5860824,D,S,C,2024-08-26,1000000.00,3.697049,100.146484375
08:01:06,91282CLG4,TSRYS5860824,D,S,C,2024-08-26,1000000.00,3.697049,100.146484375
08:01:06,91282CLG4,TSRYS5860824,D,S,C,2024-08-26,1000000.00,3.697049,100.146484375
08:01:06,91282CLG4,TSRYS5860824,D,S,C,2024-08-26,1000000.00,3.697049,100.146484375
08:01:06,91282CLG4,TSRYS5860824,D,S,C,2024-08-26,1000000.00,3.697049,100.146484375
08:01:06,91282CLG4,TSRYS5860824,D,S,C,2024-08-26,1000000.00,3.697049,100.146484375
08:01:06,91282CLG4,TSRYS5860824,D,S,C,2024-08-26,1000000.00,3.697049,100.146484375
08:01:06,91282CLG4,TSRYS5860824,D,S,C,2024-08-26,1000000.00,3.697049,100.146484375
08:01:06,91282CLG4,TSRYS5860824,D,S,C,2024-08-26,1000000.00,3.697049,100.146484375
08:01:06,91282CLG4,TSRYS5860824,D,S,C,2024-08-26,1000000.00,3.697049,100.146484375
08:01:06,91282CLG4,TSRYS5860824,D,S,C,2024-08-26,1000000.00,3.697049,100.146484375
08:01:06,91282CLG4,TSRYS5860824,D,B,C,2024-08-26,1000000.00,3.697049,100.146484375
08:01:06,91282CLG4,TSRYS5860824,D,S,C,2024-08-26,1000000.00,3.697049,100.146484375
08:01:06,91282CLG4,TSRYS5860824,D,S,C,2024-08-26,1000000.00,3.697049,100.146484375
08:01:06,91282CLG4,TSRYS5860824,D,S,C,2024-08-26,1000000.00,3.697049,100.146484375
08:01:06,91282CLG4,TSRYS5860824,D,B,C,2024-08-26,1000000.00,3.697049,100.146484375
08:01:06,91282CLG4,TSRYS5860824,D,B,C,2024-08-26,1000000.00,3.697049,100.146484375
08:01:06,91282CLG4,TSRYS5860824,D,B,C,2024-08-26,1000000.00,3.697049,100.146484375
08:01:06,91282CLG4,TSRYS5860824,D,S,C,2024-08-26,1000000.00,3.697049,100.146484375
08:01:06,91282CLG4,TSRYS5860824,D,S,C,2024-08-26,1000000.00,3.697049,100.146484375
08:01:06,91282CLG4,TSRYS5860824,D,S,C,2024-08-26,1000000.00,3.697049,100.146484375
08:01:06,91282CLG4,TSRYS5860824,D,S,C,2024-08-26,1000000.00,3.697049,100.146484375
08:01:06,91282CLG4,TSRYS5860824,D,S,C,2024-08-26,1000000.00,3.697049,100.146484375
08:01:06,91282CLG4,TSRYS5860824,D,S,C,2024-08-26,1000000.00,3.697049,100.146484375
08:01:06,91282CLG4,TSRYS5860824,D,S,C,2024-08-26,1000000.00,3.697049,100.146484375
08:01:06,91282CLG4,TSRYS5860824,D,B,C,2024-08-26,1000000.00,3.697049,100.146484375
08:01:06,91282CLG4,TSRYS5860824,D,B,C,2024-08-26,1000000.00,3.697049,100.146484375
08:01:06,91282CLG4,TSRYS5860824,D,B,C,2024-08-26,1000000.00,3.697049,100.146484375
08:01:06,91282CLG4,TSRYS5860824,D,B,C,2024-08-26,1000000.00,3.697049,100.146484375
08:01:06,91282CLG4,TSRYS5860824,D,S,C,2024-08-26,1000000.00,3.697049,100.146484375
08:01:06,91282CLG4,TSRYS5860824,D,S,C,2024-08-26,1000000.00,3.697049,100.146484375
08:01:06,91282CLG4,TSRYS5860824,D,S,C,2024-08-26,1000000.00,3.697049,100.146484375
08:01:06,91282CLG4,TSRYS5860824,D,S,C,2024-08-26,1000000.00,3.697749,100.14453125
08:01:07,91282CLG4,TSRYS5860824,D,S,C,2024-08-26,1000000.00,3.690747,100.1640625
08:01:07,91282CLG4,TSRYS5860824,D,S,C,2024-08-26,1000000.00,3.69915,100.140625
08:01:07,91282CLG4,TSRYS5860824,D,B,C,2024-08-26,1000000.00,3.694948,100.15234375
08:01:07,91282CLG4,TSRYS5860824,D,S,D,2024-08-26,1000000.00,3.694948,100.15234375
08:01:07,91282CLG4,TSRYS5860824,D,S,C,2024-08-26,1000000.00,3.69915,100.140625
08:01:07,91282CLG4,TSRYS5860824,D,S,C,2024-08-26,1000000.00,3.69915,100.140625
08:01:07,91282CLG4,TSRYS5860824,D,S,C,2024-08-26,1000000.00,3.69985,100.138671875
08:01:07,91282CLG4,TSRYS5860824,D,S,C,2024-08-26,1000000.00,3.69915,100.140625
08:01:07,91282CLG4,TSRYS5860824,D,S,C,2024-08-26,1000000.00,3.69915,100.140625
08:01:07,91282CLG4,TSRYS5860824,D,S,C,2024-08-26,1000000.00,3.697749,100.14453125
08:01:07,91282CLG4,TSRYS5860824,D,S,C,2024-08-26,1000000.00,3.69915,100.140625
08:01:07,91282CLG4,TSRYS5860824,D,S,C,2024-08-26,1000000.00,3.69915,100.140625
08:01:07,91282CLG4,TSRYS5860824,D,S,C,2024-08-26,1000000.00,3.697749,100.14453125
08:01:07,91282CLG4,TSRYS5860824,D,S,C,2024-08-26,1000000.00,3.697749,100.14453125
08:01:07,91282CLG4,TSRYS5860824,D,S,C,2024-08-26,1000000.00,3.697749,100.14453125
08:01:07,91282CLG4,TSRYS5860824,D,S,D,2024-08-26,1000000.00,3.697749,100.14453125
08:01:07,91282CLG4,TSRYS5860824,D,B,C,2024-08-26,1000000.00,3.697049,100.146484375
08:01:07,91282CLG4,TSRYS5860824,D,B,C,2024-08-26,1000000.00,3.697049,100.146484375
08:01:07,91282CLG4,TSRYS5860824,D,S,D,2024-08-26,1000000.00,3.697049,100.146484375
08:01:07,91282CLG4,TSRYS5860824,D,S,D,2024-08-26,1000000.00,3.697049,100.146484375
08:01:07,91282CLG4,TSRYS5860824,D,B,C,2024-08-26,1000000.00,3.697749,100.14453125
08:01:07,91282CLG4,TSRYS5860824,D,B,C,2024-08-26,2000000.00,3.697749,100.14453125
08:01:07,91282CLG4,TSRYS5860824,D,S,D,2024-08-26,1000000.00,3.691447,100.162109375
08:01:07,91282CLG4,TSRYS5860824,D,S,D,2024-08-26,2000000.00,3.697749,100.14453125
08:01:07,91282CLG4,TSRYS5860824,D,B,C,2024-08-26,1000000.00,3.691447,100.162109375
08:01:07,91282CLG4,TSRYS5860824,D,S,D,2024-08-26,1000000.00,3.693547,100.15625
08:01:07,91282CLG4,TSRYS5860824,D,S,D,2024-08-26,1000000.00,3.691447,100.162109375
08:01:07,91282CLG4,TSRYS5860824,D,S,D,2024-08-26,1000000.00,3.691447,100.162109375
08:01:07,91282CLG4,TSRYS5860824,D,B,C,2024-08-26,1000000.00,3.693547,100.15625
08:01:07,91282CLG4,TSRYS5860824,D,B,C,2024-08-26,1000000.00,3.694948,100.15234375
08:01:07,91282CLG4,TSRYS5860824,D,B,C,2024-08-26,1000000.00,3.691447,100.162109375
08:01:07,91282CLG4,TSRYS5860824,D,B,C,2024-08-26,4000000.00,3.691447,100.162109375
08:01:07,91282CLG4,TSRYS5860824,D,B,C,2024-08-26,1000000.00,3.691447,100.162109375
08:01:07,91282CLG4,TSRYS5860824,D,B,C,2024-08-26,1000000.00,3.691447,100.162109375
08:01:07,91282CLG4,TSRYS5860824,D,S,D,2024-08-26,1000000.00,3.694948,100.15234375
08:01:07,91282CLG4,TSRYS5860824,D,S,D,2024-08-26,1000000.00,3.691447,100.162109375
08:01:07,91282CLG4,TSRYS5860824,D,S,D,2024-08-26,4000000.00,3.691447,100.162109375
08:01:07,91282CLG4,TSRYS5860824,D,S,D,2024-08-26,1000000.00,3.691447,100.162109375
08:01:07,91282CLG4,TSRYS5860824,D,B,C,2024-08-26,1000000.00,3.691447,100.162109375
08:01:07,91282CLG4,TSRYS5860824,D,S,D,2024-08-26,1000000.00,3.691447,100.162109375
08:01:07,91282CLG4,TSRYS5860824,D,S,D,2024-08-26,1000000.00,3.691447,100.162109375
08:01:07,91282CLG4,TSRYS5860824,D,B,C,2024-08-26,1000000.00,3.691447,100.162109375
08:01:07,91282CLG4,TSRYS5860824,D,B,C,2024-08-26,1000000.00,3.691447,100.162109375
08:01:07,91282CLG4,TSRYS5860824,D,B,C,2024-08-26,1000000.00,3.691447,100.162109375
08:01:07,91282CLG4,TSRYS5860824,D,S,D,2024-08-26,1000000.00,3.691447,100.162109375
08:01:07,91282CLG4,TSRYS5860824,D,B,C,2024-08-26,2000000.00,3.691447,100.162109375
08:01:07,91282CLG4,TSRYS5860824,D,S,D,2024-08-26,1000000.00,3.692847,100.158203125
08:01:07,91282CLG4,TSRYS5860824,D,S,D,2024-08-26,1000000.00,3.691447,100.162109375
08:01:07,91282CLG4,TSRYS5860824,D,B,C,2024-08-26,1000000.00,3.691447,100.162109375
08:01:07,91282CLG4,TSRYS5860824,D,S,D,2024-08-26,3000000.00,3.692847,100.158203125
08:01:07,91282CLG4,TSRYS5860824,D,B,C,2024-08-26,3000000.00,3.692847,100.158203125
08:01:07,91282CLG4,TSRYS5860824,D,B,C,2024-08-26,1000000.00,3.692847,100.158203125
08:01:07,91282CLG4,TSRYS5860824,D,S,D,2024-08-26,2000000.00,3.691447,100.162109375
08:01:07,91282CLG4,TSRYS5860824,D,B,C,2024-08-26,1000000.00,3.692847,100.158203125
08:01:07,91282CLG4,TSRYS5860824,D,B,C,2024-08-26,1000000.00,3.693547,100.15625
08:01:07,91282CLG4,TSRYS5860824,D,S,D,2024-08-26,1000000.00,3.693547,100.15625
08:01:07,91282CLG4,TSRYS5860824,D,S,D,2024-08-26,1000000.00,3.693547,100.15625
08:01:07,91282CLG4,TSRYS5860824,D,S,D,2024-08-26,1000000.00,3.694248,100.154296875
08:01:07,91282CLG4,TSRYS5860824,D,B,C,2024-08-26,1000000.00,3.693547,100.15625
08:01:07,91282CLG4,TSRYS5860824,D,S,D,2024-08-26,1000000.00,3.693547,100.15625
08:01:07,91282CLG4,TSRYS5860824,D,S,D,2024-08-26,1000000.00,3.693547,100.15625
08:01:07,91282CLG4,TSRYS5860824,D,S,D,2024-08-26,1000000.00,3.692847,100.158203125
08:01:07,91282CLG4,TSRYS5860824,D,B,C,2024-08-26,1000000.00,3.693547,100.15625
08:01:07,91282CLG4,TSRYS5860824,D,S,D,2024-08-26,1000000.00,3.694248,100.154296875
08:01:07,91282CLG4,TSRYS5860824,D,B,C,2024-08-26,1000000.00,3.694248,100.154296875
08:01:07,91282CLG4,TSRYS5860824,D,B,C,2024-08-26,1000000.00,3.694248,100.154296875
08:01:08,91282CLG4,TSRYS5860824,D,S,D,2024-08-26,1000000.00,3.694248,100.154296875
08:01:08,91282CLG4,TSRYS5860824,D,S,D,2024-08-26,4000000.00,3.694248,100.154296875
08:01:08,91282CLG4,TSRYS5860824,D,B,C,2024-08-26,1000000.00,3.693547,100.15625
08:01:08,91282CLG4,TSRYS5860824,D,S,D,2024-08-26,4000000.00,3.693547,100.15625
08:01:08,91282CLG4,TSRYS5860824,D,B,C,2024-08-26,4000000.00,3.694248,100.154296875
08:01:08,91282CLG4,TSRYS5860824,D,S,D,2024-08-26,1000000.00,3.693547,100.15625
08:01:08,91282CLG4,TSRYS5860824,D,B,C,2024-08-26,1000000.00,3.694248,100.154296875
08:01:08,91282CLG4,TSRYS5860824,D,S,D,2024-08-26,1000000.00,3.725776,100.06640625
08:01:08,91282CLG4,TSRYS5860824,D,S,C,2024-08-26,1000000.00,3.697749,100.14453125
08:01:08,91282CLG4,TSRYS5860824,D,S,D,2024-08-26,3000000.00,3.725776,100.06640625
08:01:08,91282CLG4,TSRYS5860824,D,S,T,2024-08-26,1000000.00,3.701251,100.134765625
08:01:09,91282CLG4,TSRYS5860824,D,S,C,2024-08-26,1000000.00,3.701251,100.134765625
08:01:09,91282CLG4,TSRYS5860824,D,S,C,2024-08-26,1000000.00,3.701251,100.134765625
08:01:09,91282CLG4,TSRYS5860824,D,S,C,2024-08-26,1000000.00,3.700551,100.13671875
08:01:10,91282CLG4,TSRYS5860824,D,S,D,2024-08-26,1000000.00,3.724374,100.0703125
08:01:10,91282CLG4,TSRYS5860824,D,S,D,2024-08-26,1000000.00,3.724374,100.0703125
08:01:11,91282CLG4,TSRYS5860824,D,S,D,2024-08-26,1000000.00,3.696349,100.1484375
08:01:11,91282CLG4,TSRYS5860824,D,S,D,2024-08-26,1000000.00,3.696349,100.1484375
08:01:11,91282CLG4,TSRYS5860824,D,S,D,2024-08-26,1000000.00,3.696349,100.1484375
08:01:11,91282CLG4,TSRYS5860824,D,S,C,2024-08-26,1000000.00,3.697049,100.146484375
08:01:11,91282CLG4,TSRYS5860824,D,S,C,2024-08-26,1000000.00,3.700551,100.13671875
08:01:11,91282CLG4,TSRYS5860824,D,S,C,2024-08-26,1000000.00,3.701251,100.134765625
08:01:11,91282CLG4,TSRYS5860824,D,S,C,2024-08-26,1000000.00,3.697049,100.146484375
08:01:11,91282CLG4,TSRYS5860824,D,S,C,2024-08-26,1000000.00,3.697049,100.146484375
08:01:11,91282CLG4,TSRYS5860824,D,S,D,2024-08-26,1000000.00,3.701251,100.134765625
08:01:11,91282CLG4,TSRYS5860824,D,S,D,2024-08-26,1000000.00,3.701251,100.134765625
08:01:11,91282CLG4,TSRYS5860824,D,S,D,2024-08-26,4000000.00,3.703352,100.12890625
08:01:11,91282CLG4,TSRYS5860824,D,S,C,2024-08-26,1000000.00,3.697049,100.146484375
08:01:11,91282CLG4,TSRYS5860824,D,S,C,2024-08-26,1000000.00,3.697049,100.146484375
08:01:11,91282CLG4,TSRYS5860824,D,B,C,2024-08-26,10000000.00,3.69985,100.138671875
08:01:11,91282CLG4,TSRYS5860824,D,S,D,2024-08-26,10000000.00,3.69985,100.138671875
08:01:12,91282CLG4,TSRYS5860824,D,S,D,2024-08-26,3000000.00,3.703352,100.12890625
08:01:12,91282CLG4,TSRYS5860824,D,S,T,2024-08-26,1000000.00,3.699186,100.140525
08:01:12,91282CLG4,TSRYS5860824,D,S,T,2024-08-26,1000000.00,3.699186,100.140525
08:01:12,91282CLG4,TSRYS5860824,D,S,T,2024-08-26,1000000.00,3.699186,100.140525
08:01:12,91282CLG4,TSRYS5860824,D,B,C,2024-08-26,2000000.00,3.701952,100.1328125
08:01:12,91282CLG4,TSRYS5860824,D,S,C,2024-08-26,1000000.00,3.697749,100.14453125
08:01:12,91282CLG4,TSRYS5860824,D,S,D,2024-08-26,2000000.00,3.701952,100.1328125
08:01:12,91282CLG4,TSRYS5860824,D,S,C,2024-08-26,1000000.00,3.69915,100.140625
08:01:12,91282CLG4,TSRYS5860824,D,S,C,2024-08-26,1000000.00,3.69915,100.140625
08:01:12,91282CLG4,TSRYS5860824,D,S,C,2024-08-26,1000000.00,3.69915,100.140625
08:01:12,91282CLG4,TSRYS5860824,D,S,C,2024-08-26,1000000.00,3.69915,100.140625
08:01:12,91282CLG4,TSRYS5860824,D,S,D,2024-08-26,1000000.00,3.69985,100.138671875
08:01:12,91282CLG4,TSRYS5860824,D,B,C,2024-08-26,1000000.00,3.69985,100.138671875
08:01:12,91282CLG4,TSRYS5860824,D,S,D,2024-08-26,1000000.00,3.69985,100.138671875
08:01:12,91282CLG4,TSRYS5860824,D,B,C,2024-08-26,1000000.00,3.69985,100.138671875
08:01:12,91282CLG4,TSRYS5860824,D,S,D,2024-08-26,3000000.00,3.69985,100.138671875
08:01:12,91282CLG4,TSRYS5860824,D,B,C,2024-08-26,3000000.00,3.69985,100.138671875
08:01:12,91282CLG4,TSRYS5860824,D,S,D,2024-08-26,3000000.00,3.69915,100.140625
08:01:12,91282CLG4,TSRYS5860824,D,B,C,2024-08-26,3000000.00,3.69915,100.140625
08:01:12,91282CLG4,TSRYS5860824,D,S,D,2024-08-26,1000000.00,3.69845,100.142578125
08:01:12,91282CLG4,TSRYS5860824,D,B,C,2024-08-26,1000000.00,3.69845,100.142578125
08:01:12,91282CLG4,TSRYS5860824,D,S,D,2024-08-26,1000000.00,3.69845,100.142578125
08:01:12,91282CLG4,TSRYS5860824,D,B,C,2024-08-26,1000000.00,3.69845,100.142578125
08:01:12,91282CLG4,TSRYS5860824,D,S,D,2024-08-26,2000000.00,3.69985,100.138671875
08:01:12,91282CLG4,TSRYS5860824,D,B,C,2024-08-26,2000000.00,3.69985,100.138671875
08:01:12,91282CLG4,TSRYS5860824,D,S,D,2024-08-26,1000000.00,3.700551,100.13671875
08:01:12,91282CLG4,TSRYS5860824,D,B,C,2024-08-26,1000000.00,3.700551,100.13671875
08:01:12,91282CLG4,TSRYS5860824,D,S,D,2024-08-26,3000000.00,3.701952,100.1328125
08:01:12,91282CLG4,TSRYS5860824,D,B,C,2024-08-26,3000000.00,3.701952,100.1328125
08:01:12,91282CLG4,TSRYS5860824,D,S,D,2024-08-26,1000000.00,3.701952,100.1328125
08:01:12,91282CLG4,TSRYS5860824,D,B,C,2024-08-26,1000000.00,3.701952,100.1328125
08:01:12,91282CLG4,TSRYS5860824,D,S,D,2024-08-26,3000000.00,3.702652,100.130859375
08:01:12,91282CLG4,TSRYS5860824,D,B,C,2024-08-26,3000000.00,3.702652,100.130859375
08:01:12,91282CLG4,TSRYS5860824,D,S,D,2024-08-26,1000000.00,3.702652,100.130859375
08:01:12,91282CLG4,TSRYS5860824,D,B,C,2024-08-26,1000000.00,3.702652,100.130859375
08:01:12,91282CLG4,TSRYS5860824,D,S,D,2024-08-26,1000000.00,3.703352,100.12890625
08:01:12,91282CLG4,TSRYS5860824,D,B,C,2024-08-26,1000000.00,3.703352,100.12890625
08:01:12,91282CLG4,TSRYS5860824,D,B,C,2024-08-26,1000000.00,3.704053,100.126953125
08:01:12,91282CLG4,TSRYS5860824,D,S,D,2024-08-26,1000000.00,3.704053,100.126953125
08:01:12,91282CLG4,TSRYS5860824,D,B,C,2024-08-26,2000000.00,3.704053,100.126953125
08:01:12,91282CLG4,TSRYS5860824,D,S,D,2024-08-26,2000000.00,3.704053,100.126953125
08:01:12,91282CLG4,TSRYS5860824,D,S,D,2024-08-26,1000000.00,3.706855,100.119140625
08:01:12,91282CLG4,TSRYS5860824,D,B,C,2024-08-26,1000000.00,3.706855,100.119140625
08:01:12,91282CLG4,TSRYS5860824,D,S,D,2024-08-26,1000000.00,3.708957,100.11328125
08:01:12,91282CLG4,TSRYS5860824,D,B,C,2024-08-26,1000000.00,3.708957,100.11328125
08:01:12,91282CLG4,TSRYS5860824,D,S,D,2024-08-26,1000000.00,3.710358,100.109375
08:01:12,91282CLG4,TSRYS5860824,D,B,C,2024-08-26,1000000.00,3.710358,100.109375
08:01:12,91282CLG4,TSRYS5860824,D,S,D,2024-08-26,2000000.00,3.694697,100.1530438
08:01:12,91282CLG4,TSRYS5860824,D,S,D,2024-08-26,1000000.00,3.708957,100.11328125
08:01:12,91282CLG4,TSRYS5860824,D,S,D,2024-08-26,1000000.00,3.708256,100.115234375
08:01:12,91282CLG4,TSRYS5860824,D,B,C,2024-08-26,1000000.00,3.708256,100.115234375
08:01:12,91282CLG4,TSRYS5860824,D,B,C,2024-08-26,1000000.00,3.704753,100.125
08:01:12,91282CLG4,TSRYS5860824,D,S,D,2024-08-26,1000000.00,3.704753,100.125
08:01:12,91282CLG4,TSRYS5860824,D,S,D,2024-08-26,1000000.00,3.707556,100.1171875
08:01:12,91282CLG4,TSRYS5860824,D,B,C,2024-08-26,1000000.00,3.707556,100.1171875
08:01:12,91282CLG4,TSRYS5860824,D,S,D,2024-08-26,1000000.00,3.707556,100.1171875
08:01:12,91282CLG4,TSRYS5860824,D,B,C,2024-08-26,1000000.00,3.707556,100.1171875
08:01:12,91282CLG4,TSRYS5860824,D,S,D,2024-08-26,4000000.00,3.691896,100.1608563
08:01:12,91282CLG4,TSRYS5860824,D,B,C,2024-08-26,3000000.00,3.699401,100.139925
08:01:12,91282CLG4,TSRYS5860824,D,B,C,2024-08-26,1000000.00,3.707556,100.1171875
08:01:13,91282CLG4,TSRYS5860824,D,S,D,2024-08-26,1000000.00,3.707556,100.1171875
08:01:13,91282CLG4,TSRYS5860824,D,S,D,2024-08-26,1000000.00,3.706855,100.119140625
08:01:13,91282CLG4,TSRYS5860824,D,B,C,2024-08-26,1000000.00,3.706855,100.119140625
08:01:13,91282CLG4,TSRYS5860824,D,S,D,2024-08-26,1000000.00,3.706154,100.12109375
08:01:13,91282CLG4,TSRYS5860824,D,B,C,2024-08-26,1000000.00,3.706154,100.12109375
08:01:13,91282CLG4,TSRYS5860824,D,S,D,2024-08-26,1000000.00,3.706154,100.12109375
08:01:13,91282CLG4,TSRYS5860824,D,B,C,2024-08-26,1000000.00,3.706154,100.12109375
08:01:13,91282CLG4,TSRYS5860824,D,B,C,2024-08-26,1000000.00,3.705454,100.123046875
08:01:13,91282CLG4,TSRYS5860824,D,S,D,2024-08-26,1000000.00,3.705454,100.123046875
08:01:13,91282CLG4,TSRYS5860824,D,S,D,2024-08-26,5000000.00,3.705903,100.1217938
08:01:13,91282CLG4,TSRYS5860824,D,S,D,2024-08-26,1000000.00,3.704753,100.125
08:01:13,91282CLG4,TSRYS5860824,D,B,C,2024-08-26,1000000.00,3.704753,100.125
08:01:13,91282CLG4,TSRYS5860824,D,S,D,2024-08-26,1000000.00,3.706154,100.12109375
08:01:13,91282CLG4,TSRYS5860824,D,B,C,2024-08-26,1000000.00,3.706154,100.12109375
08:01:13,91282CLG4,TSRYS5860824,D,B,C,2024-08-26,1000000.00,3.706154,100.12109375
08:01:13,91282CLG4,TSRYS5860824,D,S,D,2024-08-26,1000000.00,3.706855,100.119140625
08:01:13,91282CLG4,TSRYS5860824,D,B,C,2024-08-26,1000000.00,3.706855,100.119140625
08:01:13,91282CLG4,TSRYS5860824,D,S,D,2024-08-26,1000000.00,3.706154,100.12109375
08:01:13,91282CLG4,TSRYS5860824,D,S,D,2024-08-26,4000000.00,3.705454,100.123046875
08:01:13,91282CLG4,TSRYS5860824,D,S,D,2024-08-26,8000000.00,3.705454,100.123046875
08:01:13,91282CLG4,TSRYS5860824,D,B,C,2024-08-26,1000000.00,3.704753,100.125
08:01:13,91282CLG4,TSRYS5860824,D,S,D,2024-08-26,1000000.00,3.704753,100.125
08:01:13,91282CLG4,TSRYS5860824,D,S,D,2024-08-26,1000000.00,3.705454,100.123046875
08:01:13,91282CLG4,TSRYS5860824,D,B,C,2024-08-26,1000000.00,3.705454,100.123046875
08:01:13,91282CLG4,TSRYS5860824,D,S,D,2024-08-26,1000000.00,3.705454,100.123046875
08:01:13,91282CLG4,TSRYS5860824,D,B,C,2024-08-26,1000000.00,3.705454,100.123046875
08:01:13,91282CLG4,TSRYS5860824,D,S,C,2024-08-26,4000000.00,3.705257,100.1235959
08:01:13,91282CLG4,TSRYS5860824,D,B,C,2024-08-26,1000000.00,3.705454,100.123046875
08:01:13,91282CLG4,TSRYS5860824,D,S,D,2024-08-26,1000000.00,3.705454,100.123046875
08:01:13,91282CLG4,TSRYS5860824,D,B,C,2024-08-26,1000000.00,3.705454,100.123046875
08:01:13,91282CLG4,TSRYS5860824,D,S,D,2024-08-26,1000000.00,3.705454,100.123046875
08:01:13,91282CLG4,TSRYS5860824,D,S,D,2024-08-26,1000000.00,3.703352,100.12890625
08:01:13,91282CLG4,TSRYS5860824,D,B,C,2024-08-26,1000000.00,3.703352,100.12890625
08:01:13,91282CLG4,TSRYS5860824,D,S,D,2024-08-26,1000000.00,3.700551,100.13671875
08:01:13,91282CLG4,TSRYS5860824,D,S,D,2024-08-26,1000000.00,3.700551,100.13671875
08:01:13,91282CLG4,TSRYS5860824,D,S,D,2024-08-26,1000000.00,3.700551,100.13671875
08:01:13,91282CLG4,TSRYS5860824,D,S,D,2024-08-26,1000000.00,3.700551,100.13671875
08:01:13,91282CLG4,TSRYS5860824,D,S,D,2024-08-26,1000000.00,3.700551,100.13671875
08:01:13,91282CLG4,TSRYS5860824,D,S,D,2024-08-26,1000000.00,3.700551,100.13671875
08:01:13,91282CLG4,TSRYS5860824,D,S,D,2024-08-26,1000000.00,3.701251,100.134765625
08:01:13,91282CLG4,TSRYS5860824,D,B,C,2024-08-26,1000000.00,3.701251,100.134765625
08:01:13,91282CLG4,TSRYS5860824,D,S,D,2024-08-26,1000000.00,3.700551,100.13671875
08:01:13,91282CLG4,TSRYS5860824,D,B,C,2024-08-26,1000000.00,3.704053,100.126953125
08:01:13,91282CLG4,TSRYS5860824,D,S,D,2024-08-26,1000000.00,3.704053,100.126953125
08:01:13,91282CLG4,TSRYS5860824,D,S,D,2024-08-26,1000000.00,3.704053,100.126953125
08:01:13,91282CLG4,TSRYS5860824,D,B,C,2024-08-26,1000000.00,3.704053,100.126953125
08:01:13,91282CLG4,TSRYS5860824,D,B,C,2024-08-26,1000000.00,3.704053,100.126953125
08:01:13,91282CLG4,TSRYS5860824,D,S,D,2024-08-26,1000000.00,3.704053,100.126953125
08:01:13,91282CLG4,TSRYS5860824,D,S,D,2024-08-26,2000000.00,3.704053,100.126953125
08:01:13,91282CLG4,TSRYS5860824,D,B,C,2024-08-26,2000000.00,3.704053,100.126953125
08:01:13,91282CLG4,TSRYS5860824,D,S,D,2024-08-26,1000000.00,3.696349,100.1484375
08:01:13,91282CLG4,TSRYS5860824,D,S,D,2024-08-26,1000000.00,3.694948,100.15234375
08:01:14,91282CLG4,TSRYS5860824,D,S,T,2024-08-26,1000000.00,3.700551,100.13671875
08:01:14,91282CLG4,TSRYS5860824,D,B,C,2024-08-26,1000000.00,3.703352,100.12890625
08:01:14,91282CLG4,TSRYS5860824,D,S,D,2024-08-26,1000000.00,3.703352,100.12890625
08:01:14,91282CLG4,TSRYS5860824,D,B,C,2024-08-26,2000000.00,3.704753,100.125
08:01:14,91282CLG4,TSRYS5860824,D,S,C,2024-08-26,1000000.00,3.707556,100.1171875
08:01:14,91282CLG4,TSRYS5860824,D,S,D,2024-08-26,2000000.00,3.704753,100.125
08:01:14,91282CLG4,TSRYS5860824,D,S,D,2024-08-26,5000000.00,3.706855,100.119140625
08:01:14,91282CLG4,TSRYS5860824,D,S,D,2024-08-26,5000000.00,3.706855,100.119140625
08:01:14,91282CLG4,TSRYS5860824,D,S,D,2024-08-26,1000000.00,3.707556,100.1171875
08:01:14,91282CLG4,TSRYS5860824,D,S,D,2024-08-26,3000000.00,3.709657,100.111328125
08:01:14,91282CLG4,TSRYS5860824,D,B,C,2024-08-26,3000000.00,3.709657,100.111328125
08:01:14,91282CLG4,TSRYS5860824,D,S,D,2024-08-26,1000000.00,3.707556,100.1171875
08:01:14,91282CLG4,TSRYS5860824,D,B,C,2024-08-26,2000000.00,3.708256,100.115234375
08:01:14,91282CLG4,TSRYS5860824,D,S,D,2024-08-26,2000000.00,3.708256,100.115234375
08:01:14,91282CLG4,TSRYS5860824,D,B,C,2024-08-26,2000000.00,3.706154,100.12109375
08:01:14,91282CLG4,TSRYS5860824,D,S,D,2024-08-26,2000000.00,3.706154,100.12109375
08:01:14,91282CLG4,TSRYS5860824,D,S,D,2024-08-26,1000000.00,3.706154,100.12109375
08:01:14,91282CLG4,TSRYS5860824,D,S,C,2024-08-26,1000000.00,3.708256,100.115234375
08:01:14,91282CLG4,TSRYS5860824,D,S,D,2024-08-26,1000000.00,3.701251,100.134765625
08:01:14,91282CLG4,TSRYS5860824,D,S,C,2024-08-26,1000000.00,3.708256,100.115234375
08:01:14,91282CLG4,TSRYS5860824,D,S,C,2024-08-26,4000000.00,3.708256,100.115234375
08:01:14,91282CLG4,TSRYS5860824,D,S,C,2024-08-26,2000000.00,3.708256,100.115234375
08:01:14,91282CLG4,TSRYS5860824,D,S,D,2024-08-26,1000000.00,3.715964,100.09375
08:01:14,91282CLG4,TSRYS5860824,D,S,C,2024-08-26,1000000.00,3.718767,100.0859375
08:01:14,91282CLG4,TSRYS5860824,D,S,C,2024-08-26,1000000.00,3.719468,100.083984375
08:01:14,91282CLG4,TSRYS5860824,D,S,T,2024-08-26,1000000.00,3.704753,100.125
08:01:15,91282CLG4,TSRYS5860824,D,S,D,2024-08-26,1000000.00,3.701251,100.134765625
08:01:15,91282CLG4,TSRYS5860824,D,S,T,2024-08-26,2000000.00,3.704753,100.125
08:01:15,91282CLG4,TSRYS5860824,D,S,C,2024-08-26,1000000.00,3.722972,100.07421875
08:01:15,91282CLG4,TSRYS5860824,D,S,C,2024-08-26,1000000.00,3.722972,100.07421875
08:01:15,91282CLG4,TSRYS5860824,D,S,C,2024-08-26,1000000.00,3.722972,100.07421875
08:01:15,91282CLG4,TSRYS5860824,D,S,C,2024-08-26,1000000.00,3.722972,100.07421875
08:01:15,91282CLG4,TSRYS5860824,D,S,D,2024-08-26,1000000.00,3.722972,100.07421875
08:01:15,91282CLG4,TSRYS5860824,D,S,C,2024-08-26,1000000.00,3.722271,100.076171875
08:01:15,91282CLG4,TSRYS5860824,D,S,C,2024-08-26,1000000.00,3.724374,100.0703125
08:01:15,91282CLG4,TSRYS5860824,D,S,C,2024-08-26,1000000.00,3.726477,100.064453125
08:01:15,91282CLG4,TSRYS5860824,D,S,D,2024-08-26,1000000.00,3.72858,100.05859375
08:01:15,91282CLG4,TSRYS5860824,D,S,C,2024-08-26,1000000.00,3.727178,100.0625
08:01:15,91282CLG4,TSRYS5860824,D,S,C,2024-08-26,1000000.00,3.725075,100.068359375
08:01:15,91282CLG4,TSRYS5860824,D,S,C,2024-08-26,2000000.00,3.726477,100.064453125
08:01:15,91282CLG4,TSRYS5860824,D,S,D,2024-08-26,1000000.00,3.725776,100.06640625
08:01:15,91282CLG4,TSRYS5860824,D,S,C,2024-08-26,3000000.00,3.725776,100.06640625
08:01:15,91282CLG4,TSRYS5860824,D,S,T,2024-08-26,1000000.00,3.704753,100.125
08:01:15,91282CLG4,TSRYS5860824,D,S,D,2024-08-26,1000000.00,3.72858,100.05859375
08:01:17,91282CLG4,TSRYS5860824,D,S,T,2024-08-26,1000000.00,3.704753,100.125
08:01:17,91282CLG4,TSRYS5860824,D,S,T,2024-08-26,3000000.00,3.707556,100.1171875
08:01:17,91282CLG4,TSRYS5860824,D,B,C,2024-08-26,26000000.00,3.703602,100.12821
08:01:19,91282CLG4,TSRYS5860824,D,S,T,2024-08-26,1000000.00,3.696402,100.1482875
08:01:19,91282CLG4,TSRYS5860824,D,S,T,2024-08-26,1000000.00,3.696402,100.1482875
08:01:19,91282CLG4,TSRYS5860824,D,S,D,2024-08-26,1000000.00,3.696349,100.1484375
08:01:19,91282CLG4,TSRYS5860824,D,S,D,2024-08-26,1000000.00,3.696349,100.1484375
08:01:19,91282CLG4,TSRYS5860824,D,S,D,2024-08-26,1000000.00,3.696349,100.1484375
08:01:19,91282CLG4,TSRYS5860824,D,S,D,2024-08-26,1000000.00,3.696349,100.1484375
08:01:19,91282CLG4,TSRYS5860824,D,S,D,2024-08-26,1000000.00,3.696349,100.1484375
08:01:20,91282CLG4,TSRYS5860824,D,S,C,2024-08-26,1000000.00,3.69915,100.140625
08:01:20,91282CLG4,TSRYS5860824,D,S,C,2024-08-26,1000000.00,3.700551,100.13671875
08:01:20,91282CLG4,TSRYS5860824,D,S,C,2024-08-26,1000000.00,3.700551,100.13671875
08:01:20,91282CLG4,TSRYS5860824,D,S,C,2024-08-26,1000000.00,3.700551,100.13671875
08:01:20,91282CLG4,TSRYS5860824,D,B,C,2024-08-26,15000000.00,3.700801,100.13602
08:01:20,91282CLG4,TSRYS5860824,D,S,D,2024-08-26,1000000.00,3.694948,100.15234375
08:01:20,91282CLG4,TSRYS5860824,D,S,T,2024-08-26,2000000.00,3.701251,100.134765625
08:01:20,91282CLG4,TSRYS5860824,D,S,T,2024-08-26,1000000.00,3.695002,100.15219375
08:01:21,91282CLG4,TSRYS5860824,D,S,T,2024-08-26,1000000.00,3.700551,100.13671875
08:01:21,91282CLG4,TSRYS5860824,D,S,D,2024-08-26,1000000.00,3.722972,100.07421875
08:01:21,91282CLG4,TSRYS5860824,D,S,T,2024-08-26,1000000.00,3.722972,100.07421875
08:01:21,91282CLG4,TSRYS5860824,D,S,T,2024-08-26,1000000.00,3.72299,100.07416875
08:01:21,91282CLG4,TSRYS5860824,D,S,T,2024-08-26,1000000.00,3.704753,100.125
08:01:21,91282CLG4,TSRYS5860824,D,S,T,2024-08-26,1000000.00,3.704098,100.126828125
08:01:21,91282CLG4,TSRYS5860824,D,S,T,2024-08-26,4000000.00,3.704098,100.126828125
08:01:21,91282CLG4,TSRYS5860824,D,S,T,2024-08-26,1000000.00,3.722972,100.07421875
08:01:21,91282CLG4,TSRYS5860824,D,S,T,2024-08-26,1000000.00,3.704098,100.126828125
08:01:21,91282CLG4,TSRYS5860824,D,S,T,2024-08-26,1000000.00,3.704098,100.126828125
08:01:21,91282CLG4,TSRYS5860824,D,S,T,2024-08-26,1000000.00,3.704098,100.126828125
08:01:21,91282CLG4,TSRYS5860824,D,S,T,2024-08-26,1000000.00,3.704798,100.124875
08:01:21,91282CLG4,TSRYS5860824,D,B,C,2024-08-26,900000.00,3.704753,100.125
08:01:21,91282CLG4,TSRYS5860824,D,S,T,2024-08-26,1000000.00,3.704798,100.124875
08:01:21,91282CLG4,TSRYS5860824,D,S,T,2024-08-26,1000000.00,3.704798,100.124875
08:01:22,91282CLG4,TSRYS5860824,D,S,A,2024-08-26,5000000.00,3.69915,100.140625
08:01:22,91282CLG4,TSRYS5860824,D,S,A,2024-08-26,5000000.00,3.697749,100.14453125
08:01:22,91282CLG4,TSRYS5860824,D,B,C,2024-08-26,1000000.00,3.708957,100.11328125
08:01:24,91282CLG4,TSRYS5860824,D,S,D,2024-08-26,1000000.00,3.730683,100.052734375
08:01:24,91282CLG4,TSRYS5860824,D,S,D,2024-08-26,1000000.00,3.730683,100.052734375
08:01:24,91282CLG4,TSRYS5860824,D,S,D,2024-08-26,1000000.00,3.730683,100.052734375
08:01:24,91282CLG4,TSRYS5860824,D,S,D,2024-08-26,1000000.00,3.730683,100.052734375
08:01:24,91282CLG4,TSRYS5860824,D,S,C,2024-08-26,1000000.00,3.703352,100.12890625
08:01:24,91282CLG4,TSRYS5860824,D,S,D,2024-08-26,1000000.00,3.703352,100.12890625
08:01:24,91282CLG4,TSRYS5860824,D,S,C,2024-08-26,1000000.00,3.703352,100.12890625
08:01:24,91282CLG4,TSRYS5860824,D,S,D,2024-08-26,1000000.00,3.700551,100.13671875
08:01:24,91282CLG4,TSRYS5860824,D,S,C,2024-08-26,1000000.00,3.703352,100.12890625
08:01:24,91282CLG4,TSRYS5860824,D,S,D,2024-08-26,1000000.00,3.703352,100.12890625
08:01:24,91282CLG4,TSRYS5860824,D,S,C,2024-08-26,1000000.00,3.703352,100.12890625
08:01:24,91282CLG4,TSRYS5860824,D,S,C,2024-08-26,1000000.00,3.703352,100.12890625
08:01:24,91282CLG4,TSRYS5860824,D,S,T,2024-08-26,1000000.00,3.720169,100.08203125
08:01:24,91282CLG4,TSRYS5860824,D,S,T,2024-08-26,2000000.00,3.724374,100.0703125
08:01:24,91282CLG4,TSRYS5860824,D,S,T,2024-08-26,3000000.00,3.715964,100.09375
08:01:24,91282CLG4,TSRYS5860824,D,S,T,2024-08-26,1000000.00,3.720169,100.08203125
08:01:24,91282CLG4,TSRYS5860824,D,S,C,2024-08-26,1000000.00,3.703352,100.12890625
08:01:24,91282CLG4,TSRYS5860824,D,S,T,2024-08-26,1000000.00,3.724374,100.0703125
08:01:24,91282CLG4,TSRYS5860824,D,S,C,2024-08-26,1000000.00,3.703352,100.12890625
08:01:24,91282CLG4,TSRYS5860824,D,S,T,2024-08-26,1000000.00,3.730018,100.0545875
08:01:24,91282CLG4,TSRYS5860824,D,S,T,2024-08-26,2000000.00,3.729982,100.0546875
08:01:24,91282CLG4,TSRYS5860824,D,B,A,2024-08-26,4400000.00,3.731385,100.05078125
08:01:25,91282CLG4,TSRYS5860824,D,S,C,2024-08-26,1000000.00,3.703352,100.12890625
08:01:25,91282CLG4,TSRYS5860824,D,S,T,2024-08-26,1000000.00,3.704753,100.125
08:01:25,91282CLG4,TSRYS5860824,D,S,C,2024-08-26,1000000.00,3.703352,100.12890625
08:01:25,91282CLG4,TSRYS5860824,D,S,C,2024-08-26,1000000.00,3.703352,100.12890625
08:01:25,91282CLG4,TSRYS5860824,D,S,C,2024-08-26,1000000.00,3.703352,100.12890625
08:01:25,91282CLG4,TSRYS5860824,D,S,C,2024-08-26,1000000.00,3.703352,100.12890625
08:01:25,91282CLG4,TSRYS5860824,D,S,C,2024-08-26,1000000.00,3.703352,100.12890625
08:01:25,91282CLG4,TSRYS5860824,D,S,C,2024-08-26,1000000.00,3.703352,100.12890625
08:01:25,91282CLG4,TSRYS5860824,D,S,C,2024-08-26,1000000.00,3.703352,100.12890625
08:01:25,91282CLG4,TSRYS5860824,D,S,C,2024-08-26,1000000.00,3.703352,100.12890625
08:01:25,91282CLG4,TSRYS5860824,D,S,C,2024-08-26,1000000.00,3.703352,100.12890625
08:01:25,91282CLG4,TSRYS5860824,D,S,C,2024-08-26,1000000.00,3.703352,100.12890625
08:01:25,91282CLG4,TSRYS5860824,D,S,C,2024-08-26,1000000.00,3.703352,100.12890625
08:01:25,91282CLG4,TSRYS5860824,D,S,C,2024-08-26,1000000.00,3.703352,100.12890625
08:01:25,91282CLG4,TSRYS5860824,D,S,C,2024-08-26,1000000.00,3.703352,100.12890625
08:01:25,91282CLG4,TSRYS5860824,D,S,C,2024-08-26,1000000.00,3.703352,100.12890625
08:01:25,91282CLG4,TSRYS5860824,D,S,D,2024-08-26,1000000.00,3.703352,100.12890625
08:01:25,91282CLG4,TSRYS5860824,D,S,D,2024-08-26,1000000.00,3.703352,100.12890625
08:01:26,91282CLG4,TSRYS5860824,D,S,T,2024-08-26,2000000.00,3.724374,100.0703125
08:01:26,91282CLG4,TSRYS5860824,D,S,T,2024-08-26,3000000.00,3.727178,100.0625
08:01:26,91282CLG4,TSRYS5860824,D,S,T,2024-08-26,1000000.00,3.729982,100.0546875
08:01:26,91282CLG4,TSRYS5860824,D,S,D,2024-08-26,1000000.00,3.700551,100.13671875
08:01:27,91282CLG4,TSRYS5860824,D,S,T,2024-08-26,1000000.00,3.700551,100.13671875
08:01:27,91282CLG4,TSRYS5860824,D,S,T,2024-08-26,3000000.00,3.715964,100.09375
08:01:27,91282CLG4,TSRYS5860824,D,S,T,2024-08-26,3000000.00,3.720169,100.08203125
08:01:27,91282CLG4,TSRYS5860824,D,S,T,2024-08-26,1000000.00,3.704753,100.125
08:01:27,91282CLG4,TSRYS5860824,D,S,T,2024-08-26,1000000.00,3.707556,100.1171875
08:01:27,91282CLG4,TSRYS5860824,D,S,T,2024-08-26,1000000.00,3.704753,100.125
08:01:27,91282CLG4,TSRYS5860824,D,S,T,2024-08-26,1000000.00,3.724374,100.0703125
08:01:27,91282CLG4,TSRYS5860824,D,S,T,2024-08-26,1000000.00,3.715964,100.09375
08:01:27,91282CLG4,TSRYS5860824,D,S,T,2024-08-26,3000000.00,3.715964,100.09375
08:01:27,91282CLG4,TSRYS5860824,D,S,T,2024-08-26,1000000.00,3.731385,100.05078125
08:01:27,91282CLG4,TSRYS5860824,D,S,T,2024-08-26,1000000.00,3.720169,100.08203125
08:01:27,91282CLG4,TSRYS5860824,D,S,T,2024-08-26,2000000.00,3.72157,100.078125
08:01:27,91282CLG4,TSRYS5860824,D,S,T,2024-08-26,1000000.00,3.720169,100.08203125
08:01:27,91282CLG4,TSRYS5860824,D,S,T,2024-08-26,1000000.00,3.724374,100.0703125
08:01:27,91282CLG4,TSRYS5860824,D,S,T,2024-08-26,1000000.00,3.724374,100.0703125
08:01:27,91282CLG4,TSRYS5860824,D,S,T,2024-08-26,1000000.00,3.703406,100.12875625
08:01:27,91282CLG4,TSRYS5860824,D,S,T,2024-08-26,2000000.00,3.703406,100.12875625
08:01:27,91282CLG4,TSRYS5860824,D,S,T,2024-08-26,1000000.00,3.703406,100.12875625
08:01:27,91282CLG4,TSRYS5860824,D,S,C,2024-08-26,1000000.00,3.700551,100.13671875
08:01:27,91282CLG4,TSRYS5860824,D,S,C,2024-08-26,1000000.00,3.700551,100.13671875
08:01:27,91282CLG4,TSRYS5860824,D,S,D,2024-08-26,1000000.00,3.705454,100.12304687
08:01:28,91282CLG4,TSRYS5860824,D,S,T,2024-08-26,3000000.00,3.727178,100.0625
08:01:28,91282CLG4,TSRYS5860824,D,S,D,2024-08-26,2000000.00,3.732787,100.046875
08:01:28,91282CLG4,TSRYS5860824,D,S,D,2024-08-26,1000000.00,3.707556,100.1171875
08:01:28,91282CLG4,TSRYS5860824,D,S,D,2024-08-26,4400000.00,3.729982,100.0546875
08:01:28,91282CLG4,TSRYS5860824,D,S,D,2024-08-26,1000000.00,3.707556,100.1171875
08:01:28,91282CLG4,TSRYS5860824,D,S,C,2024-08-26,1000000.00,3.732086,100.048828125
08:01:28,91282CLG4,TSRYS5860824,D,S,T,2024-08-26,1000000.00,3.707609,100.1170375
08:01:28,91282CLG4,TSRYS5860824,D,S,T,2024-08-26,2000000.00,3.716009,100.093625
08:01:28,91282CLG4,TSRYS5860824,D,S,C,2024-08-26,4000000.00,3.732086,100.048828125
08:01:28,91282CLG4,TSRYS5860824,D,S,C,2024-08-26,1000000.00,3.732086,100.048828125
08:01:28,91282CLG4,TSRYS5860824,D,S,T,2024-08-26,1000000.00,3.716709,100.091671875
08:01:28,91282CLG4,TSRYS5860824,D,S,T,2024-08-26,1000000.00,3.716709,100.091671875
08:01:28,91282CLG4,TSRYS5860824,D,S,C,2024-08-26,1000000.00,3.729281,100.056640625
08:01:28,91282CLG4,TSRYS5860824,D,S,D,2024-08-26,1000000.00,3.700551,100.13671875
08:01:28,91282CLG4,TSRYS5860824,D,S,C,2024-08-26,1000000.00,3.700551,100.13671875
08:01:28,91282CLG4,TSRYS5860824,D,S,C,2024-08-26,1000000.00,3.724374,100.0703125
08:01:28,91282CLG4,TSRYS5860824,D,S,C,2024-08-26,1000000.00,3.724374,100.0703125
08:01:28,91282CLG4,TSRYS5860824,D,S,D,2024-08-26,5000000.00,3.706855,100.11914062
08:01:28,91282CLG4,TSRYS5860824,D,S,D,2024-08-26,5000000.00,3.706855,100.11914062
08:01:28,91282CLG4,TSRYS5860824,D,S,D,2024-08-26,1000000.00,3.700551,100.13671875
08:01:28,91282CLG4,TSRYS5860824,D,S,D,2024-08-26,3000000.00,3.707556,100.1171875
08:01:28,91282CLG4,TSRYS5860824,D,S,D,2024-08-26,1000000.00,3.707556,100.1171875
08:01:28,91282CLG4,TSRYS5860824,D,S,T,2024-08-26,2000000.00,3.707609,100.1170375
08:01:28,91282CLG4,TSRYS5860824,D,S,D,2024-08-26,1000000.00,3.707556,100.1171875
08:01:28,91282CLG4,TSRYS5860824,D,S,T,2024-08-26,1000000.00,3.707609,100.1170375
08:01:29,91282CLG4,TSRYS5860824,D,S,D,2024-08-26,1000000.00,3.700551,100.13671875
08:01:29,91282CLG4,TSRYS5860824,D,S,C,2024-08-26,1000000.00,3.720869,100.080078125
08:01:29,91282CLG4,TSRYS5860824,D,S,C,2024-08-26,1000000.00,3.727879,100.060546875
08:01:29,91282CLG4,TSRYS5860824,D,S,D,2024-08-26,4000000.00,3.696349,100.1484375
08:01:29,91282CLG4,TSRYS5860824,D,S,D,2024-08-26,1000000.00,3.696349,100.1484375
08:01:29,91282CLG4,TSRYS5860824,D,S,C,2024-08-26,1000000.00,3.727879,100.060546875
08:01:29,91282CLG4,TSRYS5860824,D,S,D,2024-08-26,1000000.00,3.700551,100.13671875
08:01:29,91282CLG4,TSRYS5860824,D,S,C,2024-08-26,1000000.00,3.729982,100.0546875
08:01:29,91282CLG4,TSRYS5860824,D,S,T,2024-08-26,1000000.00,3.700551,100.13671875
08:01:29,91282CLG4,TSRYS5860824,D,S,D,2024-08-26,1000000.00,3.696349,100.1484375
08:01:30,91282CLG4,TSRYS5860824,D,S,D,2024-08-26,4000000.00,3.696349,100.1484375
08:01:30,91282CLG4,TSRYS5860824,D,B,C,2024-08-26,35000000.00,3.704033,100.12701
08:01:30,91282CLG4,TSRYS5860824,D,S,D,2024-08-26,1000000.00,3.695648,100.150390625
08:01:30,91282CLG4,TSRYS5860824,D,B,C,2024-08-26,1000000.00,3.695648,100.150190625
08:01:30,91282CLG4,TSRYS5860824,D,S,D,2024-08-26,1000000.00,3.700551,100.13671875
08:01:31,91282CLG4,TSRYS5860824,D,S,D,2024-08-26,1000000.00,3.726477,100.064453125
08:01:31,91282CLG4,TSRYS5860824,D,S,C,2024-08-26,1000000.00,3.726477,100.064453125
08:01:31,91282CLG4,TSRYS5860824,D,S,D,2024-08-26,1000000.00,3.72858,100.05859375
08:01:31,91282CLG4,TSRYS5860824,D,S,D,2024-08-26,1000000.00,3.700551,100.13671875
08:01:31,91282CLG4,TSRYS5860824,D,S,T,2024-08-26,1000000.00,3.700587,100.13661875
08:01:31,91282CLG4,TSRYS5860824,D,S,T,2024-08-26,1000000.00,3.700587,100.13661875
08:01:31,91282CLG4,TSRYS5860824,D,S,T,2024-08-26,4000000.00,3.699186,100.140525
08:01:32,91282CLG4,TSRYS5860824,D,S,T,2024-08-26,4000000.00,3.72858,100.05859375
08:01:32,91282CLG4,TSRYS5860824,D,S,D,2024-08-26,1000000.00,3.700551,100.13671875
08:01:32,91282CLG4,TSRYS5860824,D,S,T,2024-08-26,3000000.00,3.715964,100.09375
08:01:32,91282CLG4,TSRYS5860824,D,S,T,2024-08-26,2000000.00,3.720169,100.08203125
08:01:32,91282CLG4,TSRYS5860824,D,S,T,2024-08-26,1000000.00,3.724374,100.0703125
08:01:32,91282CLG4,TSRYS5860824,D,S,T,2024-08-26,3000000.00,3.724374,100.0703125
08:01:32,91282CLG4,TSRYS5860824,D,S,A,2024-08-26,54000000.00,3.706895,100.11903
08:01:32,91282CLG4,TSRYS5860824,D,S,T,2024-08-26,1000000.00,3.715964,100.09375
08:01:32,91282CLG4,TSRYS5860824,D,S,T,2024-08-26,5000000.00,3.704753,100.125
08:01:33,91282CLG4,TSRYS5860824,D,S,T,2024-08-26,1000000.00,3.715964,100.09375
08:01:33,91282CLG4,TSRYS5860824,D,S,T,2024-08-26,3000000.00,3.727178,100.0625
08:01:33,91282CLG4,TSRYS5860824,D,S,T,2024-08-26,1000000.00,3.720169,100.08203125
08:01:33,91282CLG4,TSRYS5860824,D,S,D,2024-08-26,1000000.00,3.700551,100.13671875
08:01:33,91282CLG4,TSRYS5860824,D,S,T,2024-08-26,1000000.00,3.720169,100.08203125
08:01:33,91282CLG4,TSRYS5860824,D,S,A,2024-08-26,1100000.00,3.725776,100.06640625
08:01:33,91282CLG4,TSRYS5860824,D,B,C,2024-08-26,1100000.00,3.725776,100.06640625
08:01:33,91282CLG4,TSRYS5860824,D,S,T,2024-08-26,1000000.00,3.72157,100.078125
08:01:33,91282CLG4,TSRYS5860824,D,S,D,2024-08-26,1000000.00,3.700551,100.13671875
08:01:33,91282CLG4,TSRYS5860824,D,S,T,2024-08-26,1000000.00,3.729982,100.0546875
08:01:33,91282CLG4,TSRYS5860824,D,S,T,2024-08-26,3000000.00,3.727178,100.0625
08:01:33,91282CLG4,TSRYS5860824,D,B,A,2024-08-26,2000000.00,3.724429,100.0701605
08:01:33,91282CLG4,TSRYS5860824,D,S,T,2024-08-26,2000000.00,3.724429,100.0701605
08:01:33,91282CLG4,TSRYS5860824,D,B,A,2024-08-26,10000000.00,3.724429,100.0701605
08:01:33,91282CLG4,TSRYS5860824,D,S,T,2024-08-26,10000000.00,3.724429,100.0701605
08:01:33,91282CLG4,TSRYS5860824,D,S,T,2024-08-26,1000000.00,3.724429,100.0701605
08:01:33,91282CLG4,TSRYS5860824,D,B,A,2024-08-26,1000000.00,3.724429,100.0701605
08:01:34,91282CLG4,TSRYS5860824,D,B,C,2024-08-26,10000000.00,3.696599,100.14774
08:01:34,91282CLG4,TSRYS5860824,D,S,T,2024-08-26,1000000.00,3.732841,100.046725
08:01:34,91282CLG4,TSRYS5860824,D,B,A,2024-08-26,1000000.00,3.732841,100.046725
08:01:34,91282CLG4,TSRYS5860824,D,B,A,2024-08-26,1000000.00,3.732841,100.046723
08:01:34,91282CLG4,TSRYS5860824,D,S,T,2024-08-26,1000000.00,3.732841,100.046723
08:01:34,91282CLG4,TSRYS5860824,D,S,D,2024-08-26,2000000.00,3.732787,100.046875
08:01:34,91282CLG4,TSRYS5860824,D,S,T,2024-08-26,8000000.00,3.732841,100.046723
08:01:34,91282CLG4,TSRYS5860824,D,B,A,2024-08-26,8000000.00,3.732841,100.046723
08:01:34,91282CLG4,TSRYS5860824,D,S,T,2024-08-26,1000000.00,3.732841,100.046723
08:01:34,91282CLG4,TSRYS5860824,D,B,A,2024-08-26,1000000.00,3.732841,100.046723
08:01:34,91282CLG4,TSRYS5860824,D,S,T,2024-08-26,3000000.00,3.732841,100.046725
08:01:34,91282CLG4,TSRYS5860824,D,B,A,2024-08-26,3000000.00,3.732841,100.046725
08:01:34,91282CLG4,TSRYS5860824,D,B,C,2024-08-26,60000000.00,3.732787,100.046875
08:01:34,91282CLG4,TSRYS5860824,D,B,A,2024-08-26,2000000.00,3.728634,100.05844375
08:01:34,91282CLG4,TSRYS5860824,D,S,T,2024-08-26,2000000.00,3.728634,100.05844375
08:01:34,91282CLG4,TSRYS5860824,D,S,T,2024-08-26,5000000.00,3.728635,100.05844175
08:01:34,91282CLG4,TSRYS5860824,D,B,A,2024-08-26,5000000.00,3.728635,100.05844175
08:01:34,91282CLG4,TSRYS5860824,D,S,T,2024-08-26,5000000.00,3.728635,100.05844175
08:01:34,91282CLG4,TSRYS5860824,D,B,A,2024-08-26,5000000.00,3.728635,100.05844175
08:01:34,91282CLG4,TSRYS5860824,D,B,A,2024-08-26,1000000.00,3.728635,100.05844175
08:01:34,91282CLG4,TSRYS5860824,D,S,T,2024-08-26,1000000.00,3.728635,100.05844175
08:01:34,91282CLG4,TSRYS5860824,D,B,A,2024-08-26,5000000.00,3.728635,100.05844175
08:01:34,91282CLG4,TSRYS5860824,D,S,T,2024-08-26,1000000.00,3.727178,100.0625
08:01:34,91282CLG4,TSRYS5860824,D,S,T,2024-08-26,5000000.00,3.728635,100.05844175
08:01:35,91282CLG4,TSRYS5860824,D,S,T,2024-08-26,2000000.00,3.727178,100.0625
08:01:35,91282CLG4,TSRYS5860824,D,B,A,2024-08-26,17896000.00,3.722972,100.0742188
08:01:35,91282CLG4,TSRYS5860824,D,S,T,2024-08-26,2000000.00,3.729982,100.0546875
08:01:35,91282CLG4,TSRYS5860824,D,B,A,2024-08-26,2000000.00,3.723027,100.07406675
08:01:35,91282CLG4,TSRYS5860824,D,S,T,2024-08-26,2000000.00,3.723027,100.07406675
08:01:35,91282CLG4,TSRYS5860824,D,B,A,2024-08-26,1000000.00,3.723027,100.07406675
08:01:35,91282CLG4,TSRYS5860824,D,S,T,2024-08-26,1000000.00,3.723027,100.07406675
08:01:35,91282CLG4,TSRYS5860824,D,B,A,2024-08-26,6000000.00,3.723027,100.07406675
08:01:35,91282CLG4,TSRYS5860824,D,S,T,2024-08-26,6000000.00,3.723027,100.07406675
08:01:35,91282CLG4,TSRYS5860824,D,S,T,2024-08-26,1000000.00,3.704753,100.125
08:01:35,91282CLG4,TSRYS5860824,D,S,T,2024-08-26,3000000.00,3.720169,100.08203125
08:01:35,91282CLG4,TSRYS5860824,D,S,T,2024-08-26,2000000.00,3.72157,100.078125
08:01:35,91282CLG4,TSRYS5860824,D,S,T,2024-08-26,1000000.00,3.724374,100.0703125
08:01:36,91282CLG4,TSRYS5860824,D,S,T,2024-08-26,1000000.00,3.704753,100.125
08:01:36,91282CLG4,TSRYS5860824,D,S,T,2024-08-26,1000000.00,3.704753,100.125
08:01:36,91282CLG4,TSRYS5860824,D,S,T,2024-08-26,1000000.00,3.707556,100.1171875
08:01:36,91282CLG4,TSRYS5860824,D,B,A,2024-08-26,3000000.00,3.696349,100.1484375
08:01:36,91282CLG4,TSRYS5860824,D,S,T,2024-08-26,3000000.00,3.720169,100.08203125
08:01:36,91282CLG4,TSRYS5860824,D,S,T,2024-08-26,1000000.00,3.720169,100.08203125
08:01:36,91282CLG4,TSRYS5860824,D,S,T,2024-08-26,1000000.00,3.724374,100.0703125
08:01:36,91282CLG4,TSRYS5860824,D,B,A,2024-08-26,10000000.00,3.728635,100.05844175
08:01:36,91282CLG4,TSRYS5860824,D,S,T,2024-08-26,10000000.00,3.728635,100.05844175
08:01:36,91282CLG4,TSRYS5860824,D,B,A,2024-08-26,2000000.00,3.728635,100.05844175
08:01:36,91282CLG4,TSRYS5860824,D,S,T,2024-08-26,2000000.00,3.728635,100.05844175
08:01:36,91282CLG4,TSRYS5860824,D,S,T,2024-08-26,1000000.00,3.727178,100.0625
08:01:37,91282CLG4,TSRYS5860824,D,S,C,2024-08-26,1000000.00,3.693547,100.15625
08:01:37,91282CLG4,TSRYS5860824,D,S,D,2024-08-26,1000000.00,3.701251,100.134765625
08:01:37,91282CLG4,TSRYS5860824,D,S,T,2024-08-26,6000000.00,3.704753,100.125
08:01:37,91282CLG4,TSRYS5860824,D,S,T,2024-08-26,3000000.00,3.704753,100.125
08:01:37,91282CLG4,TSRYS5860824,D,S,T,2024-08-26,5000000.00,3.703352,100.12890625
08:01:38,91282CLG4,TSRYS5860824,D,S,T,2024-08-26,1000000.00,3.704753,100.125
08:01:38,91282CLG4,TSRYS5860824,D,S,T,2024-08-26,3000000.00,3.704753,100.125
08:01:38,91282CLG4,TSRYS5860824,D,S,T,2024-08-26,2000000.00,3.729982,100.0546875
08:01:38,91282CLG4,TSRYS5860824,D,S,T,2024-08-26,1000000.00,3.720169,100.08203125
08:01:38,91282CLG4,TSRYS5860824,D,S,T,2024-08-26,1000000.00,3.724374,100.0703125
08:01:38,91282CLG4,TSRYS5860824,D,S,T,2024-08-26,1000000.00,3.727178,100.0625
08:01:38,91282CLG4,TSRYS5860824,D,S,T,2024-08-26,1000000.00,3.731385,100.05078125
08:01:38,91282CLG4,TSRYS5860824,D,S,T,2024-08-26,2000000.00,3.715964,100.09375
08:01:38,91282CLG4,TSRYS5860824,D,S,T,2024-08-26,2000000.00,3.720169,100.08203125
08:01:38,91282CLG4,TSRYS5860824,D,S,T,2024-08-26,1000000.00,3.724374,100.0703125
08:01:39,91282CLG4,TSRYS5860824,D,S,C,2024-08-26,16000000.00,3.72858,100.05859375
08:01:40,91282CLG4,TSRYS5860824,D,S,T,2024-08-26,1000000.00,3.729982,100.0546875
08:01:40,91282CLG4,TSRYS5860824,D,S,D,2024-08-26,1000000.00,3.731385,100.05078125
08:01:41,91282CLG4,TSRYS5860824,D,S,T,2024-08-26,1000000.00,3.703399,100.12877625
08:01:41,91282CLG4,TSRYS5860824,D,S,T,2024-08-26,1000000.00,3.703399,100.12877625
08:01:41,91282CLG4,TSRYS5860824,D,S,D,2024-08-26,1000000.00,3.72858,100.05859375
08:01:41,91282CLG4,TSRYS5860824,D,S,T,2024-08-26,1000000.00,3.703399,100.12877625
08:01:42,91282CLG4,TSRYS5860824,D,S,D,2024-08-26,1000000.00,3.700551,100.13671875
08:01:42,91282CLG4,TSRYS5860824,D,S,C,2024-08-26,1000000.00,3.701251,100.134765625
08:01:42,91282CLG4,TSRYS5860824,D,S,D,2024-08-26,2000000.00,3.701251,100.134765625
08:01:42,91282CLG4,TSRYS5860824,D,S,T,2024-08-26,1000000.00,3.729281,100.056640625
08:01:43,91282CLG4,TSRYS5860824,D,S,A,2024-08-26,10000000.00,3.693315,100.15625
08:01:43,91282CLG4,TSRYS5860824,D,S,T,2024-08-26,2000000.00,3.727178,100.0625
08:01:43,91282CLG4,TSRYS5860824,D,S,T,2024-08-26,1000000.00,3.731385,100.05078125
08:01:43,91282CLG4,TSRYS5860824,D,S,D,2024-08-26,1000000.00,3.729281,100.056640625
08:01:43,91282CLG4,TSRYS5860824,D,S,D,2024-08-26,1000000.00,3.729281,100.056640625
08:01:43,91282CLG4,TSRYS5860824,D,S,T,2024-08-26,1000000.00,3.727178,100.0625
08:01:43,91282CLG4,TSRYS5860824,D,S,T,2024-08-26,3000000.00,3.727178,100.0625
08:01:43,91282CLG4,TSRYS5860824,D,S,C,2024-08-26,5000000.00,3.703352,100.12890625
08:01:44,91282CLG4,TSRYS5860824,D,S,T,2024-08-26,6000000.00,3.729982,100.0546875
08:01:44,91282CLG4,TSRYS5860824,D,S,T,2024-08-26,4000000.00,3.715964,100.09375
08:01:44,91282CLG4,TSRYS5860824,D,S,T,2024-08-26,2000000.00,3.720169,100.08203125
08:01:44,91282CLG4,TSRYS5860824,D,S,T,2024-08-26,1000000.00,3.720169,100.08203125
08:01:44,91282CLG4,TSRYS5860824,D,S,T,2024-08-26,1000000.00,3.724374,100.0703125
08:01:44,91282CLG4,TSRYS5860824,D,S,T,2024-08-26,2000000.00,3.727178,100.0625
08:01:44,91282CLG4,TSRYS5860824,D,S,T,2024-08-26,3000000.00,3.727178,100.0625
08:01:44,91282CLG4,TSRYS5860824,D,S,T,2024-08-26,1000000.00,3.729982,100.0546875
08:01:44,91282CLG4,TSRYS5860824,D,S,T,2024-08-26,1000000.00,3.731385,100.05078125
08:01:44,91282CLG4,TSRYS5860824,D,S,T,2024-08-26,3000000.00,3.729982,100.0546875
08:01:46,91282CLG4,TSRYS5860824,D,B,C,2024-08-26,7000000.00,3.706855,100.11914062
08:01:47,91282CLG4,TSRYS5860824,D,S,T,2024-08-26,1000000.00,3.715964,100.09375
08:01:47,91282CLG4,TSRYS5860824,D,S,T,2024-08-26,3000000.00,3.720169,100.08203125
08:01:47,91282CLG4,TSRYS5860824,D,S,T,2024-08-26,1000000.00,3.724374,100.0703125
08:01:47,91282CLG4,TSRYS5860824,D,S,T,2024-08-26,2000000.00,3.715964,100.09375
08:01:47,91282CLG4,TSRYS5860824,D,S,T,2024-08-26,3000000.00,3.715964,100.09375
08:01:47,91282CLG4,TSRYS5860824,D,S,T,2024-08-26,1000000.00,3.720169,100.08203125
08:01:47,91282CLG4,TSRYS5860824,D,S,T,2024-08-26,1000000.00,3.729982,100.0546875
08:01:47,91282CLG4,TSRYS5860824,D,S,T,2024-08-26,1000000.00,3.720169,100.08203125
08:01:47,91282CLG4,TSRYS5860824,D,S,T,2024-08-26,3000000.00,3.724374,100.0703125
08:01:47,91282CLG4,TSRYS5860824,D,S,D,2024-08-26,54000000.00,3.706895,100.11903
08:01:48,91282CLG4,TSRYS5860824,D,S,T,2024-08-26,6000000.00,3.72858,100.05859375
08:01:49,91282CLG4,TSRYS5860824,D,S,T,2024-08-26,3000000.00,3.715964,100.09375
08:01:49,91282CLG4,TSRYS5860824,D,S,T,2024-08-26,1000000.00,3.720169,100.08203125
08:01:49,91282CLG4,TSRYS5860824,D,S,T,2024-08-26,3000000.00,3.724374,100.0703125
08:01:51,91282CLG4,TSRYS5860824,D,S,T,2024-08-26,2000000.00,3.729982,100.0546875
08:01:52,91282CLG4,TSRYS5860824,D,S,C,2024-08-26,1000000.00,3.69915,100.140625
08:01:52,91282CLG4,TSRYS5860824,D,S,C,2024-08-26,1000000.00,3.69915,100.140625
08:01:52,91282CLG4,TSRYS5860824,D,B,C,2024-08-26,1000000.00,3.697749,100.14453125
08:01:52,91282CLG4,TSRYS5860824,D,S,D,2024-08-26,1000000.00,3.697749,100.14453125
08:01:52,91282CLG4,TSRYS5860824,D,B,C,2024-08-26,1000000.00,3.697749,100.14453125
08:01:52,91282CLG4,TSRYS5860824,D,S,D,2024-08-26,1000000.00,3.697749,100.14453125
08:01:52,91282CLG4,TSRYS5860824,D,S,D,2024-08-26,1000000.00,3.697749,100.14453125
08:01:53,91282CLG4,TSRYS5860824,D,S,T,2024-08-26,1000000.00,3.724374,100.0703125
08:01:53,91282CLG4,TSRYS5860824,D,S,T,2024-08-26,1000000.00,3.729982,100.0546875
08:01:54,91282CLG4,TSRYS5860824,D,S,C,2024-08-26,1000000.00,3.724374,100.0703125
08:01:55,91282CLG4,TSRYS5860824,D,B,C,2024-08-26,1000000.00,3.72157,100.078125
08:01:57,91282CLG4,TSRYS5860824,D,S,D,2024-08-26,2000000.00,3.724374,100.0703125
08:01:57,91282CLG4,TSRYS5860824,D,S,D,2024-08-26,2000000.00,3.726477,100.06445312
08:01:57,91282CLG4,TSRYS5860824,D,S,D,2024-08-26,2000000.00,3.726477,100.06445312
08:01:57,91282CLG4,TSRYS5860824,D,S,D,2024-08-26,2000000.00,3.72858,100.05859375
08:01:57,91282CLG4,TSRYS5860824,D,S,D,2024-08-26,2000000.00,3.72858,100.05859375
08:01:57,91282CLG4,TSRYS5860824,D,S,D,2024-08-26,2000000.00,3.72858,100.05859375
08:01:57,91282CLG4,TSRYS5860824,D,S,D,2024-08-26,1000000.00,3.72858,100.05859375
08:01:57,91282CLG4,TSRYS5860824,D,S,D,2024-08-26,1000000.00,3.726477,100.06445312
08:01:57,91282CLG4,TSRYS5860824,D,S,D,2024-08-26,2000000.00,3.726477,100.06445312
08:01:57,91282CLG4,TSRYS5860824,D,S,C,2024-08-26,2000000.00,3.726477,100.06445312
08:01:57,91282CLG4,TSRYS5860824,D,S,D,2024-08-26,1000000.00,3.726477,100.06445312
08:01:57,91282CLG4,TSRYS5860824,D,S,D,2024-08-26,2000000.00,3.726477,100.06445312
08:01:57,91282CLG4,TSRYS5860824,D,S,D,2024-08-26,1000000.00,3.726477,100.06445312
08:01:57,91282CLG4,TSRYS5860824,D,S,D,2024-08-26,2000000.00,3.726477,100.06445312
08:01:58,91282CLG4,TSRYS5860824,D,S,D,2024-08-26,2000000.00,3.726477,100.06445312
08:01:58,91282CLG4,TSRYS5860824,D,S,C,2024-08-26,1000000.00,3.711688,100.10566875
08:01:58,91282CLG4,TSRYS5860824,D,S,D,2024-08-26,1000000.00,3.726477,100.06445312
08:01:58,91282CLG4,TSRYS5860824,D,S,D,2024-08-26,2000000.00,3.726477,100.06445312
08:01:58,91282CLG4,TSRYS5860824,D,S,D,2024-08-26,1000000.00,3.726477,100.06445312
08:01:58,91282CLG4,TSRYS5860824,D,S,D,2024-08-26,1000000.00,3.724374,100.0703125
08:01:58,91282CLG4,TSRYS5860824,D,S,D,2024-08-26,1000000.00,3.724374,100.0703125
08:01:58,91282CLG4,TSRYS5860824,D,S,D,2024-08-26,1000000.00,3.724374,100.0703125
08:01:58,91282CLG4,TSRYS5860824,D,S,D,2024-08-26,1000000.00,3.724374,100.0703125
08:01:58,91282CLG4,TSRYS5860824,D,S,D,2024-08-26,1000000.00,3.724374,100.0703125
08:01:58,91282CLG4,TSRYS5860824,D,S,D,2024-08-26,1000000.00,3.724374,100.0703125
08:01:58,91282CLG4,TSRYS5860824,D,S,C,2024-08-26,1000000.00,3.724374,100.0703125
08:01:58,91282CLG4,TSRYS5860824,D,S,D,2024-08-26,1000000.00,3.724374,100.0703125
08:01:58,91282CLG4,TSRYS5860824,D,S,T,2024-08-26,1000000.00,3.724446,100.0701125
08:01:58,91282CLG4,TSRYS5860824,D,S,T,2024-08-26,1000000.00,3.724446,100.0701125
08:01:58,91282CLG4,TSRYS5860824,D,S,D,2024-08-26,1000000.00,3.724374,100.0703125
08:01:58,91282CLG4,TSRYS5860824,D,S,D,2024-08-26,1000000.00,3.724374,100.0703125
08:01:58,91282CLG4,TSRYS5860824,D,S,D,2024-08-26,1000000.00,3.724374,100.0703125
08:01:58,91282CLG4,TSRYS5860824,D,S,D,2024-08-26,1000000.00,3.724374,100.0703125
08:01:58,91282CLG4,TSRYS5860824,D,S,D,2024-08-26,1000000.00,3.724374,100.0703125
08:01:58,91282CLG4,TSRYS5860824,D,S,D,2024-08-26,1000000.00,3.724374,100.0703125
08:01:58,91282CLG4,TSRYS5860824,D,S,D,2024-08-26,1000000.00,3.724374,100.0703125
08:01:58,91282CLG4,TSRYS5860824,D,S,D,2024-08-26,1000000.00,3.724374,100.0703125
08:01:58,91282CLG4,TSRYS5860824,D,S,D,2024-08-26,1000000.00,3.724374,100.0703125
08:01:58,91282CLG4,TSRYS5860824,D,S,D,2024-08-26,1000000.00,3.724374,100.0703125
08:01:58,91282CLG4,TSRYS5860824,D,S,C,2024-08-26,2000000.00,3.726477,100.06445312
08:01:58,91282CLG4,TSRYS5860824,D,S,C,2024-08-26,2000000.00,3.726477,100.06445312
08:01:58,91282CLG4,TSRYS5860824,D,S,C,2024-08-26,2000000.00,3.726477,100.06445312
08:01:58,91282CLG4,TSRYS5860824,D,S,C,2024-08-26,2000000.00,3.726477,100.06445312
08:01:58,91282CLG4,TSRYS5860824,D,S,C,2024-08-26,2000000.00,3.726477,100.06445312
08:01:58,91282CLG4,TSRYS5860824,D,S,D,2024-08-26,2000000.00,3.726477,100.06445312
08:01:58,91282CLG4,TSRYS5860824,D,S,D,2024-08-26,2000000.00,3.726477,100.06445312
08:01:58,91282CLG4,TSRYS5860824,D,S,D,2024-08-26,2000000.00,3.726477,100.06445312
08:01:58,91282CLG4,TSRYS5860824,D,S,D,2024-08-26,2000000.00,3.726477,100.06445312
08:01:58,91282CLG4,TSRYS5860824,D,S,D,2024-08-26,2000000.00,3.726477,100.06445312
08:01:58,91282CLG4,TSRYS5860824,D,S,D,2024-08-26,2000000.00,3.726477,100.06445312
08:01:58,91282CLG4,TSRYS5860824,D,S,D,2024-08-26,2000000.00,3.726477,100.06445312
08:01:58,91282CLG4,TSRYS5860824,D,S,D,2024-08-26,2000000.00,3.726477,100.06445312
08:01:58,91282CLG4,TSRYS5860824,D,S,D,2024-08-26,2000000.00,3.726477,100.06445312
08:01:58,91282CLG4,TSRYS5860824,D,S,D,2024-08-26,2000000.00,3.726477,100.06445312
08:01:59,91282CLG4,TSRYS5860824,D,S,D,2024-08-26,2000000.00,3.726477,100.06445312
08:01:59,91282CLG4,TSRYS5860824,D,S,D,2024-08-26,2000000.00,3.726477,100.06445312
08:01:59,91282CLG4,TSRYS5860824,D,S,D,2024-08-26,2000000.00,3.726477,100.06445312
08:01:59,91282CLG4,TSRYS5860824,D,S,D,2024-08-26,2000000.00,3.726477,100.06445312
08:01:59,91282CLG4,TSRYS5860824,D,S,D,2024-08-26,1000000.00,3.726477,100.06445312
