tradeTime,cusip,issueSymbolIdentifier,priceType,reportingSideCode,contraPartyTypeCode,tradeDate,reportedTradeVolume,lastSaleYield,lastSalePrice
08:00:05,91282CKJ9,TSRYS5784683,D,S,D,2024-05-01,1000000.00,4.87542,98.9765625
08:00:05,91282CKJ9,TSRYS5784683,D,S,D,2024-05-01,1000000.00,4.871809,98.986328125
08:00:05,91282CKJ9,TSRYS5784683,D,S,D,2024-05-01,1000000.00,4.870364,98.990234375
08:00:05,91282CKJ9,TSRYS5784683,D,S,D,2024-05-01,1000000.00,4.870364,98.990234375
08:00:05,91282CKJ9,TSRYS5784683,D,S,D,2024-05-01,1000000.00,4.871809,98.986328125
08:00:05,91282CKJ9,TSRYS5784683,D,S,D,2024-05-01,1000000.00,4.872531,98.984375
08:00:05,91282CKJ9,TSRYS5784683,D,S,D,2024-05-01,1000000.00,4.872531,98.984375
08:00:05,91282CKJ9,TSRYS5784683,D,S,D,2024-05-01,1000000.00,4.872531,98.984375
08:00:05,91282CKJ9,TSRYS5784683,D,S,D,2024-05-01,1000000.00,4.872531,98.984375
08:00:05,91282CKJ9,TSRYS5784683,D,S,T,2024-05-01,1000000.00,4.872531,98.984375
08:00:05,91282CKJ9,TSRYS5784683,D,S,T,2024-05-01,2000000.00,4.872531,98.984375
08:00:05,91282CKJ9,TSRYS5784683,D,S,T,2024-05-01,1000000.00,4.863864,99.0078125
08:00:05,91282CKJ9,TSRYS5784683,D,S,D,2024-05-01,4000000.00,4.861698,99.013671875
08:00:05,91282CKJ9,TSRYS5784683,D,S,D,2024-05-01,2000000.00,4.865308,99.00390625
08:00:05,91282CKJ9,TSRYS5784683,D,S,T,2024-05-01,1000000.00,4.863864,99.0078125
08:00:05,91282CKJ9,TSRYS5784683,D,S,D,2024-05-01,2000000.00,4.86242,99.01171875
08:00:05,91282CKJ9,TSRYS5784683,D,S,D,2024-05-01,2000000.00,4.86242,99.01171875
08:00:05,91282CKJ9,TSRYS5784683,D,S,T,2024-05-01,1000000.00,4.870364,98.990234375
08:00:05,91282CKJ9,TSRYS5784683,D,S,D,2024-05-01,1000000.00,4.873976,98.98046875
08:00:05,91282CKJ9,TSRYS5784683,D,S,D,2024-05-01,1000000.00,4.873976,98.98046875
08:00:05,91282CKJ9,TSRYS5784683,D,S,D,2024-05-01,1000000.00,4.873976,98.98046875
08:00:05,91282CKJ9,TSRYS5784683,D,S,D,2024-05-01,1000000.00,4.873976,98.98046875
08:00:05,91282CKJ9,TSRYS5784683,D,S,D,2024-05-01,1000000.00,4.873976,98.98046875
08:00:05,91282CKJ9,TSRYS5784683,D,S,D,2024-05-01,1000000.00,4.873976,98.98046875
08:00:05,91282CKJ9,TSRYS5784683,D,S,D,2024-05-01,1000000.00,4.873976,98.98046875
08:00:05,91282CKJ9,TSRYS5784683,D,S,D,2024-05-01,1000000.00,4.873976,98.98046875
08:00:05,91282CKJ9,TSRYS5784683,D,S,D,2024-05-01,1000000.00,4.873976,98.98046875
08:00:05,91282CKJ9,TSRYS5784683,D,S,D,2024-05-01,1000000.00,4.873976,98.98046875
08:00:05,91282CKJ9,TSRYS5784683,D,S,D,2024-05-01,1000000.00,4.876865,98.97265625
08:00:05,91282CKJ9,TSRYS5784683,D,S,D,2024-05-01,1000000.00,4.876865,98.97265625
08:00:05,91282CKJ9,TSRYS5784683,D,S,D,2024-05-01,1000000.00,4.876865,98.97265625
08:00:05,91282CKJ9,TSRYS5784683,D,S,D,2024-05-01,1000000.00,4.876865,98.97265625
08:00:05,91282CKJ9,TSRYS5784683,D,S,D,2024-05-01,1000000.00,4.876865,98.97265625
08:00:05,91282CKJ9,TSRYS5784683,D,S,D,2024-05-01,1000000.00,4.876865,98.97265625
08:00:05,91282CKJ9,TSRYS5784683,D,S,D,2024-05-01,1000000.00,4.876865,98.97265625
08:00:05,91282CKJ9,TSRYS5784683,D,S,D,2024-05-01,1000000.00,4.876865,98.97265625
08:00:05,91282CKJ9,TSRYS5784683,D,S,D,2024-05-01,1000000.00,4.876865,98.97265625
08:00:05,91282CKJ9,TSRYS5784683,D,S,D,2024-05-01,1000000.00,4.876865,98.97265625
08:00:05,91282CKJ9,TSRYS5784683,D,S,D,2024-05-01,1000000.00,4.876865,98.97265625
08:00:05,91282CKJ9,TSRYS5784683,D,S,D,2024-05-01,1000000.00,4.876865,98.97265625
08:00:05,91282CKJ9,TSRYS5784683,D,S,D,2024-05-01,1000000.00,4.876865,98.97265625
08:00:05,91282CKJ9,TSRYS5784683,D,S,D,2024-05-01,1000000.00,4.876865,98.97265625
08:00:05,91282CKJ9,TSRYS5784683,D,S,T,2024-05-01,1000000.00,4.869642,98.9921875
08:00:09,91282CKJ9,TSRYS5784683,D,S,T,2024-05-01,1000000.00,4.865308,99.00390625
08:00:09,91282CKJ9,TSRYS5784683,D,S,T,2024-05-01,1000000.00,4.864586,99.005859375
08:00:09,91282CKJ9,TSRYS5784683,D,S,T,2024-05-01,1000000.00,4.864586,99.005859375
08:00:09,91282CKJ9,TSRYS5784683,D,S,T,2024-05-01,1000000.00,4.865308,99.00390625
08:00:09,91282CKJ9,TSRYS5784683,D,S,T,2024-05-01,1000000.00,4.864586,99.005859375
08:00:09,91282CKJ9,TSRYS5784683,D,S,T,2024-05-01,2000000.00,4.863864,99.0078125
08:00:09,91282CKJ9,TSRYS5784683,D,S,T,2024-05-01,1000000.00,4.86242,99.01171875
08:00:09,91282CKJ9,TSRYS5784683,D,S,T,2024-05-01,1000000.00,4.86242,99.01171875
08:00:09,91282CKJ9,TSRYS5784683,D,S,T,2024-05-01,1000000.00,4.86242,99.01171875
08:00:09,91282CKJ9,TSRYS5784683,D,S,T,2024-05-01,1000000.00,4.865308,99.00390625
08:00:09,91282CKJ9,TSRYS5784683,D,S,T,2024-05-01,1000000.00,4.861698,99.013671875
08:00:09,91282CKJ9,TSRYS5784683,D,S,T,2024-05-01,1000000.00,4.86242,99.01171875
08:00:09,91282CKJ9,TSRYS5784683,D,S,T,2024-05-01,1000000.00,4.86242,99.01171875
08:00:09,91282CKJ9,TSRYS5784683,D,S,T,2024-05-01,1000000.00,4.86242,99.01171875
08:00:09,91282CKJ9,TSRYS5784683,D,S,T,2024-05-01,1000000.00,4.86242,99.01171875
08:00:09,91282CKJ9,TSRYS5784683,D,S,T,2024-05-01,1000000.00,4.86242,99.01171875
08:00:09,91282CKJ9,TSRYS5784683,D,S,T,2024-05-01,1000000.00,4.86242,99.01171875
08:00:09,91282CKJ9,TSRYS5784683,D,S,T,2024-05-01,1000000.00,4.86242,99.01171875
08:00:09,91282CKJ9,TSRYS5784683,D,S,T,2024-05-01,1000000.00,4.86242,99.01171875
08:00:09,91282CKJ9,TSRYS5784683,D,S,T,2024-05-01,1000000.00,4.86242,99.01171875
08:00:09,91282CKJ9,TSRYS5784683,D,S,T,2024-05-01,1000000.00,4.86242,99.01171875
08:00:09,91282CKJ9,TSRYS5784683,D,S,T,2024-05-01,2000000.00,4.86242,99.01171875
08:00:09,91282CKJ9,TSRYS5784683,D,S,T,2024-05-01,2000000.00,4.86242,99.01171875
08:00:11,91282CKJ9,TSRYS5784683,D,S,D,2024-05-01,1000000.00,4.871086,98.98828125
08:00:12,91282CKJ9,TSRYS5784683,D,S,D,2024-05-01,1000000.00,4.871809,98.986328125
08:00:12,91282CKJ9,TSRYS5784683,D,S,D,2024-05-01,1000000.00,4.867475,98.998046875
08:00:13,91282CKJ9,TSRYS5784683,D,S,T,2024-05-01,1000000.00,4.86242,99.01171875
08:00:13,91282CKJ9,TSRYS5784683,D,S,T,2024-05-01,1000000.00,4.86242,99.01171875
08:00:13,91282CKJ9,TSRYS5784683,D,S,T,2024-05-01,1000000.00,4.86242,99.01171875
08:00:13,91282CKJ9,TSRYS5784683,D,S,T,2024-05-01,1000000.00,4.863864,99.0078125
08:00:13,91282CKJ9,TSRYS5784683,D,S,T,2024-05-01,1000000.00,4.863142,99.009765625
08:00:13,91282CKJ9,TSRYS5784683,D,S,T,2024-05-01,1000000.00,4.861698,99.013671875
08:00:13,91282CKJ9,TSRYS5784683,D,S,T,2024-05-01,1000000.00,4.863864,99.0078125
08:00:13,91282CKJ9,TSRYS5784683,D,S,T,2024-05-01,1000000.00,4.86242,99.01171875
08:00:13,91282CKJ9,TSRYS5784683,D,S,T,2024-05-01,1000000.00,4.86242,99.01171875
08:00:13,91282CKJ9,TSRYS5784683,D,S,T,2024-05-01,1000000.00,4.861698,99.013671875
08:00:13,91282CKJ9,TSRYS5784683,D,S,T,2024-05-01,1000000.00,4.86242,99.01171875
08:00:13,91282CKJ9,TSRYS5784683,D,S,T,2024-05-01,1000000.00,4.86242,99.01171875
08:00:13,91282CKJ9,TSRYS5784683,D,S,T,2024-05-01,1000000.00,4.863142,99.009765625
08:00:13,91282CKJ9,TSRYS5784683,D,S,T,2024-05-01,1000000.00,4.863142,99.009765625
08:00:14,91282CKJ9,TSRYS5784683,D,S,D,2024-05-01,1000000.00,4.860976,99.015625
08:00:14,91282CKJ9,TSRYS5784683,D,S,D,2024-05-01,1000000.00,4.866031,99.001953125
08:00:14,91282CKJ9,TSRYS5784683,D,S,T,2024-05-01,1000000.00,4.872531,98.984375
08:00:14,91282CKJ9,TSRYS5784683,D,S,T,2024-05-01,1000000.00,4.872531,98.984375
08:00:14,91282CKJ9,TSRYS5784683,D,S,T,2024-05-01,1000000.00,4.871809,98.986328125
08:00:15,91282CKJ9,TSRYS5784683,D,S,T,2024-05-01,1000000.00,4.861698,99.013671875
08:00:15,91282CKJ9,TSRYS5784683,D,S,T,2024-05-01,1000000.00,4.861698,99.013671875
08:00:18,91282CKJ9,TSRYS5784683,D,S,T,2024-05-01,2000000.00,4.86242,99.01171875
08:00:18,91282CKJ9,TSRYS5784683,D,S,T,2024-05-01,2000000.00,4.876865,98.97265625
08:00:18,91282CKJ9,TSRYS5784683,D,S,T,2024-05-01,1000000.00,4.87542,98.9765625
08:00:18,91282CKJ9,TSRYS5784683,D,S,D,2024-05-01,1000000.00,4.871086,98.98828125
08:00:18,91282CKJ9,TSRYS5784683,D,S,T,2024-05-01,1000000.00,4.877588,98.970703125
08:00:18,91282CKJ9,TSRYS5784683,D,S,T,2024-05-01,1000000.00,4.876865,98.97265625
08:00:18,91282CKJ9,TSRYS5784683,D,S,T,2024-05-01,1000000.00,4.876143,98.974609375
08:00:18,91282CKJ9,TSRYS5784683,D,S,T,2024-05-01,1000000.00,4.876865,98.97265625
08:00:18,91282CKJ9,TSRYS5784683,D,S,T,2024-05-01,1000000.00,4.876865,98.97265625
08:00:18,91282CKJ9,TSRYS5784683,D,S,T,2024-05-01,1000000.00,4.879033,98.966796875
08:00:18,91282CKJ9,TSRYS5784683,D,S,T,2024-05-01,2000000.00,4.87831,98.96875
08:00:18,91282CKJ9,TSRYS5784683,D,S,T,2024-05-01,1000000.00,4.873976,98.98046875
08:00:18,91282CKJ9,TSRYS5784683,D,S,D,2024-05-01,1000000.00,4.876865,98.97265625
08:00:18,91282CKJ9,TSRYS5784683,D,S,T,2024-05-01,1000000.00,4.873976,98.98046875
08:00:18,91282CKJ9,TSRYS5784683,D,S,T,2024-05-01,2000000.00,4.873976,98.98046875
08:00:18,91282CKJ9,TSRYS5784683,D,S,T,2024-05-01,1000000.00,4.873976,98.98046875
08:00:18,91282CKJ9,TSRYS5784683,D,S,T,2024-05-01,1000000.00,4.871809,98.986328125
08:00:18,91282CKJ9,TSRYS5784683,D,S,T,2024-05-01,1000000.00,4.872531,98.984375
08:00:18,91282CKJ9,TSRYS5784683,D,S,T,2024-05-01,1000000.00,4.872531,98.984375
08:00:18,91282CKJ9,TSRYS5784683,D,S,T,2024-05-01,1000000.00,4.868197,98.99609375
08:00:18,91282CKJ9,TSRYS5784683,D,S,T,2024-05-01,1000000.00,4.870364,98.990234375
08:00:18,91282CKJ9,TSRYS5784683,D,S,T,2024-05-01,1000000.00,4.870364,98.990234375
08:00:18,91282CKJ9,TSRYS5784683,D,S,T,2024-05-01,1000000.00,4.872531,98.984375
08:00:18,91282CKJ9,TSRYS5784683,D,S,D,2024-05-01,1000000.00,4.868197,98.99609375
08:00:18,91282CKJ9,TSRYS5784683,D,S,D,2024-05-01,1000000.00,4.868197,98.99609375
08:00:18,91282CKJ9,TSRYS5784683,D,S,D,2024-05-01,1000000.00,4.868197,98.99609375
08:00:19,91282CKJ9,TSRYS5784683,D,S,D,2024-05-01,1000000.00,4.87831,98.96875
08:00:19,91282CKJ9,TSRYS5784683,D,S,D,2024-05-01,2000000.00,4.87831,98.96875
08:00:19,91282CKJ9,TSRYS5784683,D,B,C,2024-05-01,2000000.00,4.87831,98.96875
08:00:20,91282CKJ9,TSRYS5784683,D,S,D,2024-05-01,1000000.00,4.87831,98.96875
08:00:22,91282CKJ9,TSRYS5784683,D,S,D,2024-05-01,1000000.00,4.879033,98.966796875
08:00:22,91282CKJ9,TSRYS5784683,D,S,D,2024-05-01,1000000.00,4.876865,98.97265625
08:00:22,91282CKJ9,TSRYS5784683,D,S,D,2024-05-01,1000000.00,4.876865,98.97265625
08:00:22,91282CKJ9,TSRYS5784683,D,S,D,2024-05-01,1000000.00,4.876865,98.97265625
08:00:22,91282CKJ9,TSRYS5784683,D,S,D,2024-05-01,2000000.00,4.87542,98.9765625
08:00:22,91282CKJ9,TSRYS5784683,D,S,D,2024-05-01,2000000.00,4.874698,98.978515625
08:00:22,91282CKJ9,TSRYS5784683,D,S,D,2024-05-01,2000000.00,4.873976,98.98046875
08:00:22,91282CKJ9,TSRYS5784683,D,S,D,2024-05-01,1000000.00,4.873976,98.98046875
08:00:26,91282CKJ9,TSRYS5784683,D,S,D,2024-05-01,1000000.00,4.872531,98.984375
08:00:26,91282CKJ9,TSRYS5784683,D,S,D,2024-05-01,2000000.00,4.872531,98.984375
08:00:26,91282CKJ9,TSRYS5784683,D,S,D,2024-05-01,1000000.00,4.872531,98.984375
08:00:27,91282CKJ9,TSRYS5784683,D,S,D,2024-05-01,2000000.00,4.872531,98.984375
08:00:27,91282CKJ9,TSRYS5784683,D,S,D,2024-05-01,1000000.00,4.871086,98.98828125
08:00:29,91282CKJ9,TSRYS5784683,D,S,D,2024-05-01,1500000.00,4.868197,98.99609375
08:00:29,91282CKJ9,TSRYS5784683,D,S,T,2024-05-01,1000000.00,4.868197,98.99609375
08:00:29,91282CKJ9,TSRYS5784683,D,S,T,2024-05-01,1000000.00,4.868197,98.99609375
08:00:29,91282CKJ9,TSRYS5784683,D,B,C,2024-05-01,430000.00,4.876865,98.97265625
08:00:29,91282CKJ9,TSRYS5784683,D,B,C,2024-05-01,129350000.00,4.872531,98.984375
08:00:29,91282CKJ9,TSRYS5784683,D,B,C,2024-05-01,110850000.00,4.87831,98.96875
08:00:29,91282CKJ9,TSRYS5784683,D,S,D,2024-05-01,4000.00,4.876865,98.97265625
08:00:29,91282CKJ9,TSRYS5784683,D,B,A,2024-05-01,37000000.00,4.873976,98.98046875
08:00:29,91282CKJ9,TSRYS5784683,D,S,T,2024-05-01,1000000.00,4.873976,98.98046875
08:00:29,91282CKJ9,TSRYS5784683,D,S,T,2024-05-01,1000000.00,4.876865,98.97265625
08:00:29,91282CKJ9,TSRYS5784683,D,S,T,2024-05-01,1000000.00,4.876865,98.97265625
08:00:29,91282CKJ9,TSRYS5784683,D,S,T,2024-05-01,4000000.00,4.876865,98.97265625
08:00:29,91282CKJ9,TSRYS5784683,D,S,T,2024-05-01,1000000.00,4.876865,98.97265625
08:00:29,91282CKJ9,TSRYS5784683,D,S,T,2024-05-01,1000000.00,4.876865,98.97265625
08:00:29,91282CKJ9,TSRYS5784683,D,S,T,2024-05-01,1000000.00,4.876865,98.97265625
08:00:29,91282CKJ9,TSRYS5784683,D,S,T,2024-05-01,2000000.00,4.876865,98.97265625
08:00:29,91282CKJ9,TSRYS5784683,D,S,T,2024-05-01,1000000.00,4.876865,98.97265625
08:00:29,91282CKJ9,TSRYS5784683,D,S,T,2024-05-01,1000000.00,4.876865,98.97265625
08:00:29,91282CKJ9,TSRYS5784683,D,S,T,2024-05-01,1000000.00,4.876865,98.97265625
08:00:29,91282CKJ9,TSRYS5784683,D,S,T,2024-05-01,1000000.00,4.876865,98.97265625
08:00:29,91282CKJ9,TSRYS5784683,D,S,T,2024-05-01,1000000.00,4.876865,98.97265625
08:00:29,91282CKJ9,TSRYS5784683,D,S,T,2024-05-01,3000000.00,4.876865,98.97265625
08:00:29,91282CKJ9,TSRYS5784683,D,S,T,2024-05-01,1000000.00,4.876865,98.97265625
08:00:29,91282CKJ9,TSRYS5784683,D,S,T,2024-05-01,1000000.00,4.876865,98.97265625
08:00:29,91282CKJ9,TSRYS5784683,D,S,T,2024-05-01,1000000.00,4.876865,98.97265625
08:00:29,91282CKJ9,TSRYS5784683,D,S,T,2024-05-01,1000000.00,4.876865,98.97265625
08:00:29,91282CKJ9,TSRYS5784683,D,S,T,2024-05-01,1000000.00,4.876865,98.97265625
08:00:29,91282CKJ9,TSRYS5784683,D,S,T,2024-05-01,1000000.00,4.876865,98.97265625
08:00:29,91282CKJ9,TSRYS5784683,D,S,T,2024-05-01,2000000.00,4.876865,98.97265625
08:00:29,91282CKJ9,TSRYS5784683,D,S,T,2024-05-01,1000000.00,4.876865,98.97265625
08:00:29,91282CKJ9,TSRYS5784683,D,S,T,2024-05-01,1000000.00,4.876865,98.97265625
08:00:29,91282CKJ9,TSRYS5784683,D,S,T,2024-05-01,1000000.00,4.876865,98.97265625
08:00:29,91282CKJ9,TSRYS5784683,D,S,T,2024-05-01,12800000.00,4.872531,98.984375
08:00:29,91282CKJ9,TSRYS5784683,D,S,C,2024-05-01,250MM+,4.87514,98.9765625
08:00:29,91282CKJ9,TSRYS5784683,D,S,C,2024-05-01,250MM+,4.87514,98.9765625
08:00:29,91282CKJ9,TSRYS5784683,D,S,D,2024-05-01,3240000.00,4.868197,98.99609375
08:00:29,91282CKJ9,TSRYS5784683,D,S,C,2024-05-01,970000.00,4.869642,98.9921875
08:00:30,91282CKJ9,TSRYS5784683,D,S,D,2024-05-01,1000000.00,4.871809,98.986328125
08:00:30,91282CKJ9,TSRYS5784683,D,S,D,2024-05-01,1000000.00,4.867475,98.998046875
08:00:30,91282CKJ9,TSRYS5784683,D,S,D,2024-05-01,2000000.00,4.874698,98.978515625
08:00:30,91282CKJ9,TSRYS5784683,D,S,D,2024-05-01,2000000.00,4.874698,98.978515625
08:00:30,91282CKJ9,TSRYS5784683,D,S,D,2024-05-01,2000000.00,4.874698,98.978515625
08:00:30,91282CKJ9,TSRYS5784683,D,S,D,2024-05-01,2000000.00,4.874698,98.978515625
08:00:30,91282CKJ9,TSRYS5784683,D,S,D,2024-05-01,1000000.00,4.871086,98.98828125
08:00:30,91282CKJ9,TSRYS5784683,D,S,D,2024-05-01,2000000.00,4.876143,98.974609375
08:00:30,91282CKJ9,TSRYS5784683,D,S,D,2024-05-01,2000000.00,4.876143,98.974609375
08:00:30,91282CKJ9,TSRYS5784683,D,S,D,2024-05-01,2000000.00,4.876143,98.974609375
08:00:30,91282CKJ9,TSRYS5784683,D,S,D,2024-05-01,2000000.00,4.876143,98.974609375
08:00:30,91282CKJ9,TSRYS5784683,D,S,D,2024-05-01,1000000.00,4.873976,98.98046875
08:00:30,91282CKJ9,TSRYS5784683,D,S,D,2024-05-01,1000000.00,4.873976,98.98046875
08:00:30,91282CKJ9,TSRYS5784683,D,S,D,2024-05-01,1000000.00,4.873976,98.98046875
08:00:30,91282CKJ9,TSRYS5784683,D,S,D,2024-05-01,2000000.00,4.874698,98.978515625
08:00:30,91282CKJ9,TSRYS5784683,D,S,D,2024-05-01,2000000.00,4.874698,98.978515625
08:00:30,91282CKJ9,TSRYS5784683,D,S,D,2024-05-01,2000000.00,4.874698,98.978515625
08:00:30,91282CKJ9,TSRYS5784683,D,S,D,2024-05-01,2000000.00,4.874698,98.978515625
08:00:30,91282CKJ9,TSRYS5784683,D,S,D,2024-05-01,2000000.00,4.874698,98.978515625
08:00:30,91282CKJ9,TSRYS5784683,D,S,D,2024-05-01,2000000.00,4.87542,98.9765625
08:00:30,91282CKJ9,TSRYS5784683,D,S,D,2024-05-01,2000000.00,4.876865,98.97265625
08:00:30,91282CKJ9,TSRYS5784683,D,S,T,2024-05-01,1000000.00,4.871809,98.986328125
08:00:30,91282CKJ9,TSRYS5784683,D,S,T,2024-05-01,1000000.00,4.872531,98.984375
08:00:30,91282CKJ9,TSRYS5784683,D,S,T,2024-05-01,1000000.00,4.865308,99.00390625
08:00:30,91282CKJ9,TSRYS5784683,D,S,T,2024-05-01,2000000.00,4.863864,99.0078125
08:00:30,91282CKJ9,TSRYS5784683,D,S,T,2024-05-01,2000000.00,4.860976,99.015625
08:00:30,91282CKJ9,TSRYS5784683,D,S,T,2024-05-01,2000000.00,4.871086,98.98828125
08:00:30,91282CKJ9,TSRYS5784683,D,S,T,2024-05-01,2000000.00,4.871809,98.986328125
08:00:30,91282CKJ9,TSRYS5784683,D,S,T,2024-05-01,2000000.00,4.876865,98.97265625
08:00:30,91282CKJ9,TSRYS5784683,D,S,T,2024-05-01,1000000.00,4.876865,98.97265625
08:00:30,91282CKJ9,TSRYS5784683,D,S,T,2024-05-01,1000000.00,4.877588,98.970703125
08:00:30,91282CKJ9,TSRYS5784683,D,S,T,2024-05-01,1000000.00,4.877588,98.970703125
08:00:30,91282CKJ9,TSRYS5784683,D,S,T,2024-05-01,2000000.00,4.876143,98.974609375
08:00:30,91282CKJ9,TSRYS5784683,D,S,T,2024-05-01,1000000.00,4.87831,98.96875
08:00:30,91282CKJ9,TSRYS5784683,D,S,T,2024-05-01,1000000.00,4.87831,98.96875
08:00:30,91282CKJ9,TSRYS5784683,D,S,T,2024-05-01,2000000.00,4.876143,98.974609375
08:00:30,91282CKJ9,TSRYS5784683,D,S,T,2024-05-01,2000000.00,4.876143,98.974609375
08:00:30,91282CKJ9,TSRYS5784683,D,S,T,2024-05-01,2000000.00,4.874698,98.978515625
08:00:30,91282CKJ9,TSRYS5784683,D,S,T,2024-05-01,2000000.00,4.874698,98.978515625
08:00:30,91282CKJ9,TSRYS5784683,D,S,T,2024-05-01,2000000.00,4.874698,98.978515625
08:00:30,91282CKJ9,TSRYS5784683,D,S,T,2024-05-01,2000000.00,4.874698,98.978515625
08:00:30,91282CKJ9,TSRYS5784683,D,S,T,2024-05-01,2000000.00,4.874698,98.978515625
08:00:30,91282CKJ9,TSRYS5784683,D,S,T,2024-05-01,2000000.00,4.874698,98.978515625
08:00:30,91282CKJ9,TSRYS5784683,D,S,T,2024-05-01,2000000.00,4.874698,98.978515625
08:00:30,91282CKJ9,TSRYS5784683,D,S,T,2024-05-01,2000000.00,4.874698,98.978515625
08:00:33,91282CKJ9,TSRYS5784683,D,S,T,2024-05-01,2000000.00,4.873976,98.98046875
08:00:33,91282CKJ9,TSRYS5784683,D,S,T,2024-05-01,2000000.00,4.873976,98.98046875
08:00:33,91282CKJ9,TSRYS5784683,D,S,T,2024-05-01,1000000.00,4.868197,98.99609375
08:00:33,91282CKJ9,TSRYS5784683,D,S,T,2024-05-01,1000000.00,4.868197,98.99609375
08:00:33,91282CKJ9,TSRYS5784683,D,S,D,2024-05-01,1000000.00,4.868197,98.99609375
08:00:33,91282CKJ9,TSRYS5784683,D,S,D,2024-05-01,1000000.00,4.868197,98.99609375
08:00:33,91282CKJ9,TSRYS5784683,D,S,D,2024-05-01,1000000.00,4.868197,98.99609375
08:00:33,91282CKJ9,TSRYS5784683,D,S,T,2024-05-01,1000000.00,4.869642,98.9921875
08:00:33,91282CKJ9,TSRYS5784683,D,S,T,2024-05-01,1000000.00,4.869642,98.9921875
08:00:33,91282CKJ9,TSRYS5784683,D,S,T,2024-05-01,1000000.00,4.870364,98.990234375
08:00:33,91282CKJ9,TSRYS5784683,D,S,T,2024-05-01,1000000.00,4.872531,98.984375
08:00:33,91282CKJ9,TSRYS5784683,D,S,T,2024-05-01,1000000.00,4.871086,98.98828125
08:00:33,91282CKJ9,TSRYS5784683,D,S,T,2024-05-01,1000000.00,4.871086,98.98828125
08:00:33,91282CKJ9,TSRYS5784683,D,S,T,2024-05-01,2000000.00,4.873253,98.982421875
08:00:33,91282CKJ9,TSRYS5784683,D,S,T,2024-05-01,1000000.00,4.871809,98.986328125
08:00:33,91282CKJ9,TSRYS5784683,D,S,T,2024-05-01,1000000.00,4.873253,98.982421875
08:00:33,91282CKJ9,TSRYS5784683,D,S,T,2024-05-01,1000000.00,4.869642,98.9921875
08:00:33,91282CKJ9,TSRYS5784683,D,S,T,2024-05-01,1000000.00,4.867475,98.998046875
08:00:33,91282CKJ9,TSRYS5784683,D,S,T,2024-05-01,1000000.00,4.866753,99.0
08:00:33,91282CKJ9,TSRYS5784683,D,S,T,2024-05-01,1000000.00,4.867475,98.998046875
08:00:33,91282CKJ9,TSRYS5784683,D,S,T,2024-05-01,1000000.00,4.867475,98.998046875
08:00:33,91282CKJ9,TSRYS5784683,D,S,T,2024-05-01,1000000.00,4.865308,99.00390625
08:00:33,91282CKJ9,TSRYS5784683,D,S,T,2024-05-01,1000000.00,4.865308,99.00390625
08:00:33,91282CKJ9,TSRYS5784683,D,S,T,2024-05-01,1000000.00,4.865308,99.00390625
08:00:33,91282CKJ9,TSRYS5784683,D,S,T,2024-05-01,1000000.00,4.865308,99.00390625
08:00:33,91282CKJ9,TSRYS5784683,D,S,T,2024-05-01,1000000.00,4.866753,99.0
08:00:33,91282CKJ9,TSRYS5784683,D,S,T,2024-05-01,2000000.00,4.866753,99.0
08:00:33,91282CKJ9,TSRYS5784683,D,S,T,2024-05-01,2000000.00,4.865308,99.00390625
08:00:33,91282CKJ9,TSRYS5784683,D,S,T,2024-05-01,2000000.00,4.866753,99.0
08:00:33,91282CKJ9,TSRYS5784683,D,S,T,2024-05-01,2000000.00,4.863864,99.0078125
08:00:33,91282CKJ9,TSRYS5784683,D,S,T,2024-05-01,2000000.00,4.863864,99.0078125
08:00:33,91282CKJ9,TSRYS5784683,D,S,T,2024-05-01,2000000.00,4.86242,99.01171875
08:00:33,91282CKJ9,TSRYS5784683,D,S,T,2024-05-01,1000000.00,4.86242,99.01171875
08:00:33,91282CKJ9,TSRYS5784683,D,S,T,2024-05-01,1000000.00,4.865308,99.00390625
08:00:33,91282CKJ9,TSRYS5784683,D,S,T,2024-05-01,1000000.00,4.865308,99.00390625
08:00:33,91282CKJ9,TSRYS5784683,D,S,T,2024-05-01,1000000.00,4.865308,99.00390625
08:00:33,91282CKJ9,TSRYS5784683,D,S,T,2024-05-01,1000000.00,4.865308,99.00390625
08:00:33,91282CKJ9,TSRYS5784683,D,S,T,2024-05-01,1000000.00,4.865308,99.00390625
08:00:33,91282CKJ9,TSRYS5784683,D,S,T,2024-05-01,1000000.00,4.865308,99.00390625
08:00:33,91282CKJ9,TSRYS5784683,D,S,T,2024-05-01,1000000.00,4.865308,99.00390625
08:00:33,91282CKJ9,TSRYS5784683,D,S,T,2024-05-01,1000000.00,4.865308,99.00390625
08:00:33,91282CKJ9,TSRYS5784683,D,S,T,2024-05-01,2000000.00,4.865308,99.00390625
08:00:33,91282CKJ9,TSRYS5784683,D,S,T,2024-05-01,1000000.00,4.865308,99.00390625
08:00:33,91282CKJ9,TSRYS5784683,D,S,T,2024-05-01,1000000.00,4.86242,99.01171875
08:00:33,91282CKJ9,TSRYS5784683,D,S,T,2024-05-01,1000000.00,4.86242,99.01171875
08:00:33,91282CKJ9,TSRYS5784683,D,S,T,2024-05-01,1000000.00,4.86242,99.01171875
08:00:33,91282CKJ9,TSRYS5784683,D,S,T,2024-05-01,1000000.00,4.86242,99.01171875
08:00:33,91282CKJ9,TSRYS5784683,D,S,T,2024-05-01,1000000.00,4.865308,99.00390625
08:00:33,91282CKJ9,TSRYS5784683,D,S,T,2024-05-01,1000000.00,4.865308,99.00390625
08:00:33,91282CKJ9,TSRYS5784683,D,S,T,2024-05-01,1000000.00,4.865308,99.00390625
08:00:33,91282CKJ9,TSRYS5784683,D,S,T,2024-05-01,1000000.00,4.868197,98.99609375
08:00:33,91282CKJ9,TSRYS5784683,D,S,T,2024-05-01,2000000.00,4.867475,98.998046875
08:00:33,91282CKJ9,TSRYS5784683,D,S,T,2024-05-01,1000000.00,4.872531,98.984375
08:00:33,91282CKJ9,TSRYS5784683,D,S,T,2024-05-01,1000000.00,4.873253,98.982421875
08:00:33,91282CKJ9,TSRYS5784683,D,S,T,2024-05-01,1000000.00,4.87542,98.9765625
08:00:33,91282CKJ9,TSRYS5784683,D,S,T,2024-05-01,2000000.00,4.877588,98.970703125
08:00:33,91282CKJ9,TSRYS5784683,D,S,T,2024-05-01,1000000.00,4.876865,98.97265625
08:00:33,91282CKJ9,TSRYS5784683,D,S,T,2024-05-01,1000000.00,4.876865,98.97265625
08:00:33,91282CKJ9,TSRYS5784683,D,S,T,2024-05-01,1000000.00,4.871086,98.98828125
08:00:33,91282CKJ9,TSRYS5784683,D,S,T,2024-05-01,2000000.00,4.870364,98.990234375
08:00:33,91282CKJ9,TSRYS5784683,D,S,T,2024-05-01,2000000.00,4.876865,98.97265625
08:00:33,91282CKJ9,TSRYS5784683,D,S,T,2024-05-01,1000000.00,4.87831,98.96875
08:00:33,91282CKJ9,TSRYS5784683,D,S,T,2024-05-01,1000000.00,4.87831,98.96875
08:00:33,91282CKJ9,TSRYS5784683,D,S,T,2024-05-01,1000000.00,4.876865,98.97265625
08:00:33,91282CKJ9,TSRYS5784683,D,S,T,2024-05-01,2000000.00,4.877588,98.970703125
08:00:33,91282CKJ9,TSRYS5784683,D,S,T,2024-05-01,1000000.00,4.877588,98.970703125
08:00:33,91282CKJ9,TSRYS5784683,D,S,T,2024-05-01,1000000.00,4.876865,98.97265625
08:00:33,91282CKJ9,TSRYS5784683,D,S,T,2024-05-01,1000000.00,4.876865,98.97265625
08:00:33,91282CKJ9,TSRYS5784683,D,S,T,2024-05-01,1000000.00,4.876865,98.97265625
08:00:33,91282CKJ9,TSRYS5784683,D,S,T,2024-05-01,1000000.00,4.876865,98.97265625
08:00:33,91282CKJ9,TSRYS5784683,D,S,T,2024-05-01,2000000.00,4.876865,98.97265625
08:00:33,91282CKJ9,TSRYS5784683,D,S,T,2024-05-01,2000000.00,4.876865,98.97265625
08:00:33,91282CKJ9,TSRYS5784683,D,S,T,2024-05-01,2000000.00,4.876865,98.97265625
08:00:33,91282CKJ9,TSRYS5784683,D,S,T,2024-05-01,2000000.00,4.876865,98.97265625
08:00:33,91282CKJ9,TSRYS5784683,D,S,T,2024-05-01,1000000.00,4.87542,98.9765625
08:00:33,91282CKJ9,TSRYS5784683,D,S,T,2024-05-01,1000000.00,4.876865,98.97265625
08:00:33,91282CKJ9,TSRYS5784683,D,S,T,2024-05-01,2000000.00,4.877588,98.970703125
08:00:33,91282CKJ9,TSRYS5784683,D,S,T,2024-05-01,1000000.00,4.879755,98.96484375
08:00:33,91282CKJ9,TSRYS5784683,D,S,T,2024-05-01,1000000.00,4.879755,98.96484375
08:00:33,91282CKJ9,TSRYS5784683,D,S,T,2024-05-01,1000000.00,4.879755,98.96484375
08:00:33,91282CKJ9,TSRYS5784683,D,S,T,2024-05-01,1000000.00,4.87831,98.96875
08:00:33,91282CKJ9,TSRYS5784683,D,S,T,2024-05-01,1000000.00,4.87831,98.96875
08:00:33,91282CKJ9,TSRYS5784683,D,S,T,2024-05-01,1000000.00,4.87831,98.96875
08:00:33,91282CKJ9,TSRYS5784683,D,S,T,2024-05-01,1000000.00,4.87831,98.96875
08:00:33,91282CKJ9,TSRYS5784683,D,S,T,2024-05-01,1000000.00,4.87831,98.96875
08:00:33,91282CKJ9,TSRYS5784683,D,S,T,2024-05-01,1000000.00,4.87831,98.96875
08:00:33,91282CKJ9,TSRYS5784683,D,S,T,2024-05-01,1000000.00,4.87831,98.96875
08:00:33,91282CKJ9,TSRYS5784683,D,S,T,2024-05-01,1000000.00,4.87831,98.96875
08:00:33,91282CKJ9,TSRYS5784683,D,S,T,2024-05-01,1000000.00,4.87831,98.96875
08:00:33,91282CKJ9,TSRYS5784683,D,S,T,2024-05-01,1000000.00,4.87542,98.9765625
08:00:33,91282CKJ9,TSRYS5784683,D,S,T,2024-05-01,1000000.00,4.876865,98.97265625
08:00:33,91282CKJ9,TSRYS5784683,D,S,T,2024-05-01,1000000.00,4.87542,98.9765625
08:00:33,91282CKJ9,TSRYS5784683,D,S,T,2024-05-01,1000000.00,4.873976,98.98046875
08:00:33,91282CKJ9,TSRYS5784683,D,S,T,2024-05-01,1000000.00,4.873976,98.98046875
08:00:33,91282CKJ9,TSRYS5784683,D,S,T,2024-05-01,1000000.00,4.87542,98.9765625
08:00:33,91282CKJ9,TSRYS5784683,D,S,T,2024-05-01,1000000.00,4.87542,98.9765625
08:00:33,91282CKJ9,TSRYS5784683,D,S,T,2024-05-01,1000000.00,4.876865,98.97265625
08:00:33,91282CKJ9,TSRYS5784683,D,S,T,2024-05-01,1000000.00,4.873976,98.98046875
08:00:33,91282CKJ9,TSRYS5784683,D,S,T,2024-05-01,3000000.00,4.873976,98.98046875
08:00:33,91282CKJ9,TSRYS5784683,D,S,T,2024-05-01,2000000.00,4.873976,98.98046875
08:00:33,91282CKJ9,TSRYS5784683,D,S,T,2024-05-01,1000000.00,4.873976,98.98046875
08:00:33,91282CKJ9,TSRYS5784683,D,S,T,2024-05-01,5000000.00,4.873976,98.98046875
08:00:33,91282CKJ9,TSRYS5784683,D,S,T,2024-05-01,1000000.00,4.873976,98.98046875
08:00:33,91282CKJ9,TSRYS5784683,D,S,T,2024-05-01,1000000.00,4.873976,98.98046875
08:00:33,91282CKJ9,TSRYS5784683,D,S,T,2024-05-01,1000000.00,4.873976,98.98046875
08:00:33,91282CKJ9,TSRYS5784683,D,S,T,2024-05-01,3000000.00,4.873976,98.98046875
08:00:33,91282CKJ9,TSRYS5784683,D,S,T,2024-05-01,1000000.00,4.873976,98.98046875
08:00:33,91282CKJ9,TSRYS5784683,D,S,T,2024-05-01,1000000.00,4.873976,98.98046875
08:00:33,91282CKJ9,TSRYS5784683,D,S,T,2024-05-01,2000000.00,4.873976,98.98046875
08:00:33,91282CKJ9,TSRYS5784683,D,S,T,2024-05-01,1000000.00,4.872531,98.984375
08:00:33,91282CKJ9,TSRYS5784683,D,S,T,2024-05-01,1000000.00,4.872531,98.984375
08:00:33,91282CKJ9,TSRYS5784683,D,S,T,2024-05-01,1000000.00,4.872531,98.984375
08:00:33,91282CKJ9,TSRYS5784683,D,S,T,2024-05-01,1000000.00,4.872531,98.984375
08:00:33,91282CKJ9,TSRYS5784683,D,S,T,2024-05-01,1000000.00,4.872531,98.984375
08:00:33,91282CKJ9,TSRYS5784683,D,S,T,2024-05-01,1000000.00,4.872531,98.984375
08:00:33,91282CKJ9,TSRYS5784683,D,S,T,2024-05-01,1000000.00,4.872531,98.984375
08:00:33,91282CKJ9,TSRYS5784683,D,S,T,2024-05-01,1000000.00,4.872531,98.984375
08:00:33,91282CKJ9,TSRYS5784683,D,S,T,2024-05-01,1000000.00,4.872531,98.984375
08:00:33,91282CKJ9,TSRYS5784683,D,S,T,2024-05-01,1000000.00,4.872531,98.984375
08:00:33,91282CKJ9,TSRYS5784683,D,S,T,2024-05-01,1000000.00,4.872531,98.984375
08:00:33,91282CKJ9,TSRYS5784683,D,S,T,2024-05-01,1000000.00,4.872531,98.984375
08:00:33,91282CKJ9,TSRYS5784683,D,S,T,2024-05-01,1000000.00,4.872531,98.984375
08:00:33,91282CKJ9,TSRYS5784683,D,S,T,2024-05-01,1000000.00,4.872531,98.984375
08:00:33,91282CKJ9,TSRYS5784683,D,S,T,2024-05-01,3000000.00,4.872531,98.984375
08:00:33,91282CKJ9,TSRYS5784683,D,S,T,2024-05-01,1000000.00,4.872531,98.984375
08:00:33,91282CKJ9,TSRYS5784683,D,S,T,2024-05-01,3000000.00,4.872531,98.984375
08:00:33,91282CKJ9,TSRYS5784683,D,S,T,2024-05-01,3000000.00,4.872531,98.984375
08:00:33,91282CKJ9,TSRYS5784683,D,S,T,2024-05-01,1000000.00,4.872531,98.984375
08:00:33,91282CKJ9,TSRYS5784683,D,S,T,2024-05-01,1000000.00,4.871086,98.98828125
08:00:33,91282CKJ9,TSRYS5784683,D,S,T,2024-05-01,1000000.00,4.868197,98.99609375
08:00:33,91282CKJ9,TSRYS5784683,D,S,T,2024-05-01,1000000.00,4.868197,98.99609375
08:00:33,91282CKJ9,TSRYS5784683,D,S,T,2024-05-01,1000000.00,4.869642,98.9921875
08:00:33,91282CKJ9,TSRYS5784683,D,S,T,2024-05-01,1000000.00,4.868197,98.99609375
08:00:33,91282CKJ9,TSRYS5784683,D,S,T,2024-05-01,1000000.00,4.868197,98.99609375
08:00:33,91282CKJ9,TSRYS5784683,D,S,T,2024-05-01,1000000.00,4.868197,98.99609375
08:00:33,91282CKJ9,TSRYS5784683,D,S,T,2024-05-01,1000000.00,4.868197,98.99609375
08:00:33,91282CKJ9,TSRYS5784683,D,S,T,2024-05-01,1000000.00,4.868197,98.99609375
08:00:33,91282CKJ9,TSRYS5784683,D,S,T,2024-05-01,1000000.00,4.868919,98.994140625
08:00:33,91282CKJ9,TSRYS5784683,D,S,T,2024-05-01,2000000.00,4.869642,98.9921875
08:00:33,91282CKJ9,TSRYS5784683,D,S,T,2024-05-01,2000000.00,4.869642,98.9921875
08:00:33,91282CKJ9,TSRYS5784683,D,S,T,2024-05-01,2000000.00,4.869642,98.9921875
08:00:33,91282CKJ9,TSRYS5784683,D,S,T,2024-05-01,1000000.00,4.869642,98.9921875
08:00:33,91282CKJ9,TSRYS5784683,D,S,T,2024-05-01,1000000.00,4.872531,98.984375
08:00:33,91282CKJ9,TSRYS5784683,D,S,T,2024-05-01,1000000.00,4.872531,98.984375
08:00:33,91282CKJ9,TSRYS5784683,D,S,T,2024-05-01,1000000.00,4.872531,98.984375
08:00:33,91282CKJ9,TSRYS5784683,D,S,T,2024-05-01,1000000.00,4.872531,98.984375
08:00:33,91282CKJ9,TSRYS5784683,D,S,T,2024-05-01,1000000.00,4.872531,98.984375
08:00:33,91282CKJ9,TSRYS5784683,D,S,T,2024-05-01,1000000.00,4.872531,98.984375
08:00:33,91282CKJ9,TSRYS5784683,D,S,T,2024-05-01,1000000.00,4.872531,98.984375
08:00:33,91282CKJ9,TSRYS5784683,D,S,T,2024-05-01,1000000.00,4.872531,98.984375
08:00:33,91282CKJ9,TSRYS5784683,D,S,T,2024-05-01,1000000.00,4.872531,98.984375
08:00:33,91282CKJ9,TSRYS5784683,D,S,T,2024-05-01,1000000.00,4.872531,98.984375
08:00:33,91282CKJ9,TSRYS5784683,D,S,T,2024-05-01,1000000.00,4.873253,98.982421875
08:00:33,91282CKJ9,TSRYS5784683,D,S,T,2024-05-01,1000000.00,4.872531,98.984375
08:00:33,91282CKJ9,TSRYS5784683,D,S,T,2024-05-01,1000000.00,4.872531,98.984375
08:00:33,91282CKJ9,TSRYS5784683,D,S,T,2024-05-01,1000000.00,4.872531,98.984375
08:00:33,91282CKJ9,TSRYS5784683,D,S,T,2024-05-01,1000000.00,4.872531,98.984375
08:00:33,91282CKJ9,TSRYS5784683,D,S,T,2024-05-01,1000000.00,4.872531,98.984375
08:00:33,91282CKJ9,TSRYS5784683,D,S,T,2024-05-01,1000000.00,4.865308,99.00390625
08:00:33,91282CKJ9,TSRYS5784683,D,S,T,2024-05-01,1000000.00,4.876865,98.97265625
08:00:33,91282CKJ9,TSRYS5784683,D,S,T,2024-05-01,1000000.00,4.863864,99.0078125
08:00:33,91282CKJ9,TSRYS5784683,D,S,C,2024-05-01,6000000.00,4.871086,98.98828125
08:00:33,91282CKJ9,TSRYS5784683,D,S,T,2024-05-01,1000000.00,4.872531,98.984375
08:00:33,91282CKJ9,TSRYS5784683,D,S,T,2024-05-01,1000000.00,4.873976,98.98046875
08:00:37,91282CKJ9,TSRYS5784683,D,S,A,2024-05-01,79000.00,4.868197,98.99609375
08:00:37,91282CKJ9,TSRYS5784683,D,S,T,2024-05-01,1000000.00,4.872531,98.984375
08:00:37,91282CKJ9,TSRYS5784683,D,S,T,2024-05-01,1000000.00,4.872531,98.984375
08:00:37,91282CKJ9,TSRYS5784683,D,S,T,2024-05-01,7000000.00,4.872531,98.984375
08:00:37,91282CKJ9,TSRYS5784683,D,S,T,2024-05-01,2000000.00,4.872531,98.984375
08:00:37,91282CKJ9,TSRYS5784683,D,S,T,2024-05-01,1000000.00,4.872587,98.984223
08:00:37,91282CKJ9,TSRYS5784683,D,S,T,2024-05-01,1000000.00,4.872587,98.984223
08:00:37,91282CKJ9,TSRYS5784683,D,S,T,2024-05-01,1000000.00,4.872587,98.984223
08:00:37,91282CKJ9,TSRYS5784683,D,S,T,2024-05-01,1000000.00,4.872587,98.984223
08:00:37,91282CKJ9,TSRYS5784683,D,S,D,2024-05-01,12800000.00,4.872531,98.984375
08:00:38,91282CKJ9,TSRYS5784683,D,S,D,2024-05-01,5000.00,4.876865,98.97265625
08:00:39,91282CKJ9,TSRYS5784683,D,S,D,2024-05-01,1000000.00,4.879033,98.966796875
08:00:39,91282CKJ9,TSRYS5784683,D,S,T,2024-05-01,1000000.00,4.876143,98.974609375
08:00:40,91282CKJ9,TSRYS5784683,D,B,A,2024-05-01,19562000.00,4.871086,98.98828125
08:00:41,91282CKJ9,TSRYS5784683,D,S,C,2024-05-01,4000000.00,4.860974,99.01563
08:00:42,91282CKJ9,TSRYS5784683,D,S,T,2024-05-01,1000000.00,4.876865,98.97265625
08:00:43,91282CKJ9,TSRYS5784683,D,S,A,2024-05-01,200000.00,4.876865,98.972656
08:00:46,91282CKJ9,TSRYS5784683,D,S,T,2024-05-01,1000000.00,4.87831,98.96875
08:00:46,91282CKJ9,TSRYS5784683,D,S,T,2024-05-01,1000000.00,4.878348,98.968648
08:00:46,91282CKJ9,TSRYS5784683,D,S,T,2024-05-01,1000000.00,4.878348,98.968648
08:00:46,91282CKJ9,TSRYS5784683,D,S,T,2024-05-01,1000000.00,4.878348,98.968648
08:00:46,91282CKJ9,TSRYS5784683,D,S,T,2024-05-01,1000000.00,4.878348,98.968648
08:00:46,91282CKJ9,TSRYS5784683,D,S,T,2024-05-01,1000000.00,4.873976,98.98046875
08:00:46,91282CKJ9,TSRYS5784683,D,S,T,2024-05-01,2000000.00,4.874735,98.978415625
08:00:47,91282CKJ9,TSRYS5784683,D,S,T,2024-05-01,1000000.00,4.876143,98.974609375
08:00:47,91282CKJ9,TSRYS5784683,D,S,T,2024-05-01,1000000.00,4.876143,98.974609375
08:00:50,91282CKJ9,TSRYS5784683,D,S,A,2024-05-01,9000000.00,4.87542,98.9765625
08:00:51,91282CKJ9,TSRYS5784683,D,S,T,2024-05-01,2000000.00,4.878348,98.968648
08:00:53,91282CKJ9,TSRYS5784683,D,S,T,2024-05-01,1000000.00,4.869642,98.9921875
08:00:54,91282CKJ9,TSRYS5784683,D,S,C,2024-05-01,10000.00,4.868947,98.994067
08:00:54,91282CKJ9,TSRYS5784683,D,S,T,2024-05-01,1000000.00,4.877588,98.970703125
08:00:57,91282CKJ9,TSRYS5784683,D,B,A,2024-05-01,3000000.00,4.87542,98.9765625
08:00:57,91282CKJ9,TSRYS5784683,D,B,A,2024-05-01,3000000.00,4.87542,98.9765625
08:00:57,91282CKJ9,TSRYS5784683,D,S,T,2024-05-01,1000000.00,4.87542,98.9765625
08:00:57,91282CKJ9,TSRYS5784683,D,B,A,2024-05-01,3000000.00,4.87542,98.9765625
08:00:57,91282CKJ9,TSRYS5784683,D,S,T,2024-05-01,1000000.00,4.87542,98.9765625
08:00:57,91282CKJ9,TSRYS5784683,D,S,T,2024-05-01,1000000.00,4.875458,98.9764605
08:00:57,91282CKJ9,TSRYS5784683,D,S,T,2024-05-01,1000000.00,4.875458,98.9764605
08:00:57,91282CKJ9,TSRYS5784683,D,S,T,2024-05-01,1000000.00,4.874698,98.978515625
08:00:57,91282CKJ9,TSRYS5784683,D,S,T,2024-05-01,1000000.00,4.87542,98.9765625
08:00:57,91282CKJ9,TSRYS5784683,D,S,T,2024-05-01,1000000.00,4.87542,98.9765625
08:00:57,91282CKJ9,TSRYS5784683,D,S,T,2024-05-01,1000000.00,4.87542,98.9765625
08:00:57,91282CKJ9,TSRYS5784683,D,S,T,2024-05-01,1000000.00,4.875458,98.9764605
08:00:57,91282CKJ9,TSRYS5784683,D,S,T,2024-05-01,1000000.00,4.875458,98.9764605
08:00:57,91282CKJ9,TSRYS5784683,D,S,T,2024-05-01,1000000.00,4.875458,98.9764605
08:00:57,91282CKJ9,TSRYS5784683,D,S,T,2024-05-01,1000000.00,4.875458,98.9764605
08:00:57,91282CKJ9,TSRYS5784683,D,S,T,2024-05-01,1000000.00,4.875458,98.9764605
08:00:57,91282CKJ9,TSRYS5784683,D,S,T,2024-05-01,1000000.00,4.875458,98.9764605
08:00:58,91282CKJ9,TSRYS5784683,D,S,T,2024-05-01,9700000.00,4.774452,99.25
08:00:58,91282CKJ9,TSRYS5784683,D,S,T,2024-05-01,38750000.00,4.774452,99.25
08:01:01,91282CKJ9,TSRYS5784683,D,S,C,2024-05-01,10000.00,4.868947,98.994067
08:01:03,91282CKJ9,TSRYS5784683,D,S,C,2024-05-01,7000.00,4.868947,98.994067
08:01:04,91282CKJ9,TSRYS5784683,D,S,C,2024-05-01,11000.00,4.876865,98.97265625
08:01:05,91282CKJ9,TSRYS5784683,D,S,T,2024-05-01,1000000.00,4.876865,98.97265625
08:01:05,91282CKJ9,TSRYS5784683,D,S,T,2024-05-01,2000000.00,4.872531,98.984375
08:01:05,91282CKJ9,TSRYS5784683,D,S,T,2024-05-01,2000000.00,4.872531,98.984375
08:01:05,91282CKJ9,TSRYS5784683,D,S,T,2024-05-01,2000000.00,4.872587,98.984223
08:01:05,91282CKJ9,TSRYS5784683,D,S,T,2024-05-01,1000000.00,4.872531,98.984375
08:01:05,91282CKJ9,TSRYS5784683,D,S,T,2024-05-01,1000000.00,4.872587,98.984223
08:01:05,91282CKJ9,TSRYS5784683,D,S,T,2024-05-01,1000000.00,4.872587,98.984223
08:01:06,91282CKJ9,TSRYS5784683,D,S,T,2024-05-01,1000000.00,4.872587,98.984223
08:01:06,91282CKJ9,TSRYS5784683,D,S,T,2024-05-01,2000000.00,4.872531,98.984375
08:01:06,91282CKJ9,TSRYS5784683,D,S,T,2024-05-01,1000000.00,4.872587,98.984223
08:01:06,91282CKJ9,TSRYS5784683,D,S,T,2024-05-01,1000000.00,4.872587,98.984223
08:01:06,91282CKJ9,TSRYS5784683,D,S,T,2024-05-01,1000000.00,4.872531,98.984375
08:01:06,91282CKJ9,TSRYS5784683,D,S,T,2024-05-01,1000000.00,4.872587,98.984223
08:01:06,91282CKJ9,TSRYS5784683,D,S,T,2024-05-01,1000000.00,4.872587,98.984223
08:01:06,91282CKJ9,TSRYS5784683,D,S,T,2024-05-01,1000000.00,4.872587,98.984223
08:01:06,91282CKJ9,TSRYS5784683,D,S,T,2024-05-01,1000000.00,4.872531,98.984375
08:01:06,91282CKJ9,TSRYS5784683,D,S,T,2024-05-01,1000000.00,4.872531,98.984375
08:01:06,91282CKJ9,TSRYS5784683,D,S,T,2024-05-01,1000000.00,4.872587,98.984223
08:01:06,91282CKJ9,TSRYS5784683,D,S,T,2024-05-01,1000000.00,4.872587,98.984223
08:01:06,91282CKJ9,TSRYS5784683,D,S,T,2024-05-01,1000000.00,4.872587,98.984223
08:01:06,91282CKJ9,TSRYS5784683,D,S,T,2024-05-01,1000000.00,4.872587,98.984223
08:01:06,91282CKJ9,TSRYS5784683,D,S,T,2024-05-01,1000000.00,4.872587,98.984223
08:01:06,91282CKJ9,TSRYS5784683,D,S,T,2024-05-01,1000000.00,4.872587,98.984223
08:01:06,91282CKJ9,TSRYS5784683,D,S,T,2024-05-01,1000000.00,4.872587,98.984223
08:01:06,91282CKJ9,TSRYS5784683,D,S,T,2024-05-01,5000000.00,4.872531,98.984375
08:01:06,91282CKJ9,TSRYS5784683,D,S,T,2024-05-01,1000000.00,4.872587,98.984223
08:01:06,91282CKJ9,TSRYS5784683,D,S,T,2024-05-01,2000000.00,4.872531,98.984375
08:01:08,91282CKJ9,TSRYS5784683,D,S,D,2024-05-01,250000.00,4.87542,98.9765625
08:01:08,91282CKJ9,TSRYS5784683,D,S,T,2024-05-01,2000000.00,4.876865,98.97265625
08:01:08,91282CKJ9,TSRYS5784683,D,S,C,2024-05-01,1000000.00,4.871809,98.986328125
08:01:08,91282CKJ9,TSRYS5784683,D,S,C,2024-05-01,1000000.00,4.870364,98.990234375
08:01:08,91282CKJ9,TSRYS5784683,D,B,A,2024-05-01,610000.00,4.876865,98.97265625
08:01:08,91282CKJ9,TSRYS5784683,D,S,D,2024-05-01,1000000.00,4.871086,98.98828125
08:01:08,91282CKJ9,TSRYS5784683,D,S,C,2024-05-01,1000000.00,4.870364,98.990234375
08:01:08,91282CKJ9,TSRYS5784683,D,S,C,2024-05-01,1000000.00,4.871809,98.986328125
08:01:08,91282CKJ9,TSRYS5784683,D,B,C,2024-05-01,1000000.00,4.871809,98.986328125
08:01:08,91282CKJ9,TSRYS5784683,D,S,C,2024-05-01,1000000.00,4.871086,98.98828125
08:01:08,91282CKJ9,TSRYS5784683,D,S,C,2024-05-01,1000000.00,4.871086,98.98828125
08:01:08,91282CKJ9,TSRYS5784683,D,S,C,2024-05-01,1000000.00,4.872531,98.984375
08:01:09,91282CKJ9,TSRYS5784683,D,S,C,2024-05-01,1000000.00,4.872531,98.984375
08:01:09,91282CKJ9,TSRYS5784683,D,S,C,2024-05-01,1000000.00,4.872531,98.984375
08:01:09,91282CKJ9,TSRYS5784683,D,S,C,2024-05-01,1000000.00,4.871809,98.986328125
08:01:09,91282CKJ9,TSRYS5784683,D,S,C,2024-05-01,1000000.00,4.871086,98.98828125
08:01:09,91282CKJ9,TSRYS5784683,D,S,C,2024-05-01,1000000.00,4.872531,98.984375
08:01:09,91282CKJ9,TSRYS5784683,D,S,C,2024-05-01,1000000.00,4.870364,98.990234375
08:01:09,91282CKJ9,TSRYS5784683,D,S,C,2024-05-01,1000000.00,4.870364,98.990234375
08:01:09,91282CKJ9,TSRYS5784683,D,S,C,2024-05-01,1000000.00,4.871809,98.986328125
08:01:09,91282CKJ9,TSRYS5784683,D,S,C,2024-05-01,1000000.00,4.867475,98.998046875
08:01:09,91282CKJ9,TSRYS5784683,D,S,T,2024-05-01,1000000.00,4.873976,98.98046875
08:01:09,91282CKJ9,TSRYS5784683,D,S,T,2024-05-01,1000000.00,4.873976,98.98046875
08:01:09,91282CKJ9,TSRYS5784683,D,S,D,2024-05-01,4000000.00,4.861698,99.013671875
08:01:09,91282CKJ9,TSRYS5784683,D,S,D,2024-05-01,1000000.00,4.860976,99.015625
08:01:09,91282CKJ9,TSRYS5784683,D,B,C,2024-05-01,1000000.00,4.860976,99.015625
08:01:09,91282CKJ9,TSRYS5784683,D,S,C,2024-05-01,2000000.00,4.865308,99.00390625
08:01:09,91282CKJ9,TSRYS5784683,D,B,C,2024-05-01,1000000.00,4.866031,99.001953125
08:01:09,91282CKJ9,TSRYS5784683,D,S,D,2024-05-01,1000000.00,4.866031,99.001953125
08:01:09,91282CKJ9,TSRYS5784683,D,S,C,2024-05-01,2000000.00,4.86242,99.01171875
08:01:09,91282CKJ9,TSRYS5784683,D,S,C,2024-05-01,2000000.00,4.86242,99.01171875
08:01:10,91282CKJ9,TSRYS5784683,D,S,C,2024-05-01,5000000.00,4.868197,98.99609375
08:01:10,91282CKJ9,TSRYS5784683,D,B,C,2024-05-01,5000000.00,4.868197,98.99609375
08:01:10,91282CKJ9,TSRYS5784683,D,S,C,2024-05-01,1000000.00,4.868197,98.99609375
08:01:10,91282CKJ9,TSRYS5784683,D,B,C,2024-05-01,1000000.00,4.868197,98.99609375
08:01:10,91282CKJ9,TSRYS5784683,D,B,C,2024-05-01,1000000.00,4.868197,98.99609375
08:01:10,91282CKJ9,TSRYS5784683,D,S,D,2024-05-01,1000000.00,4.868197,98.99609375
08:01:10,91282CKJ9,TSRYS5784683,D,S,D,2024-05-01,1000000.00,4.868197,98.99609375
08:01:10,91282CKJ9,TSRYS5784683,D,B,C,2024-05-01,1000000.00,4.868197,98.99609375
08:01:10,91282CKJ9,TSRYS5784683,D,B,C,2024-05-01,6000000.00,4.868197,98.99609375
08:01:10,91282CKJ9,TSRYS5784683,D,S,D,2024-05-01,6000000.00,4.868197,98.99609375
08:01:10,91282CKJ9,TSRYS5784683,D,B,C,2024-05-01,1000000.00,4.868197,98.99609375
08:01:10,91282CKJ9,TSRYS5784683,D,S,D,2024-05-01,1000000.00,4.868197,98.99609375
08:01:10,91282CKJ9,TSRYS5784683,D,B,C,2024-05-01,1000000.00,4.87542,98.9765625
08:01:10,91282CKJ9,TSRYS5784683,D,S,C,2024-05-01,1000000.00,4.87542,98.9765625
08:01:10,91282CKJ9,TSRYS5784683,D,S,C,2024-05-01,1000000.00,4.87542,98.9765625
08:01:10,91282CKJ9,TSRYS5784683,D,S,D,2024-05-01,1000000.00,4.87831,98.96875
08:01:10,91282CKJ9,TSRYS5784683,D,B,C,2024-05-01,1000000.00,4.87831,98.96875
08:01:11,91282CKJ9,TSRYS5784683,D,B,C,2024-05-01,1000000.00,4.873976,98.98046875
08:01:11,91282CKJ9,TSRYS5784683,D,B,C,2024-05-01,1000000.00,4.873976,98.98046875
08:01:11,91282CKJ9,TSRYS5784683,D,S,C,2024-05-01,1000000.00,4.873976,98.98046875
08:01:11,91282CKJ9,TSRYS5784683,D,S,C,2024-05-01,1000000.00,4.873976,98.98046875
08:01:11,91282CKJ9,TSRYS5784683,D,S,C,2024-05-01,1000000.00,4.871809,98.986328125
08:01:11,91282CKJ9,TSRYS5784683,D,S,C,2024-05-01,1000000.00,4.871086,98.98828125
08:01:11,91282CKJ9,TSRYS5784683,D,B,C,2024-05-01,1000000.00,4.871809,98.986328125
08:01:11,91282CKJ9,TSRYS5784683,D,S,C,2024-05-01,1000000.00,4.87542,98.9765625
08:01:11,91282CKJ9,TSRYS5784683,D,B,C,2024-05-01,1000000.00,4.87542,98.9765625
08:01:11,91282CKJ9,TSRYS5784683,D,S,C,2024-05-01,1000000.00,4.877588,98.970703125
08:01:11,91282CKJ9,TSRYS5784683,D,B,C,2024-05-01,1000000.00,4.877588,98.970703125
08:01:11,91282CKJ9,TSRYS5784683,D,S,D,2024-05-01,1000000.00,4.87831,98.96875
08:01:11,91282CKJ9,TSRYS5784683,D,S,D,2024-05-01,1000000.00,4.879033,98.966796875
08:01:11,91282CKJ9,TSRYS5784683,D,S,C,2024-05-01,2000000.00,4.879033,98.966796875
08:01:11,91282CKJ9,TSRYS5784683,D,S,C,2024-05-01,1000000.00,4.879033,98.966796875
08:01:11,91282CKJ9,TSRYS5784683,D,S,C,2024-05-01,1000000.00,4.879033,98.966796875
08:01:11,91282CKJ9,TSRYS5784683,D,S,D,2024-05-01,4000000.00,4.861439,99.0143719
08:01:11,91282CKJ9,TSRYS5784683,D,S,C,2024-05-01,1000000.00,4.876865,98.97265625
08:01:11,91282CKJ9,TSRYS5784683,D,B,C,2024-05-01,1000000.00,4.876865,98.97265625
08:01:11,91282CKJ9,TSRYS5784683,D,S,C,2024-05-01,2000000.00,4.86554,99.003279
08:01:11,91282CKJ9,TSRYS5784683,D,S,C,2024-05-01,2000000.00,4.86554,99.003279
08:01:12,91282CKJ9,TSRYS5784683,D,S,D,2024-05-01,1000000.00,4.879033,98.966796875
08:01:12,91282CKJ9,TSRYS5784683,D,S,C,2024-05-01,2000000.00,4.876865,98.97265625
08:01:12,91282CKJ9,TSRYS5784683,D,S,C,2024-05-01,2000000.00,4.876865,98.97265625
08:01:12,91282CKJ9,TSRYS5784683,D,S,D,2024-05-01,1000000.00,4.876865,98.97265625
08:01:12,91282CKJ9,TSRYS5784683,D,S,D,2024-05-01,1000000.00,4.876865,98.97265625
08:01:12,91282CKJ9,TSRYS5784683,D,S,D,2024-05-01,2000000.00,4.876865,98.97265625
08:01:12,91282CKJ9,TSRYS5784683,D,S,D,2024-05-01,1000000.00,4.876865,98.97265625
08:01:12,91282CKJ9,TSRYS5784683,D,S,D,2024-05-01,2000000.00,4.876865,98.97265625
08:01:12,91282CKJ9,TSRYS5784683,D,S,D,2024-05-01,1000000.00,4.876865,98.97265625
08:01:13,91282CKJ9,TSRYS5784683,D,S,C,2024-05-01,2000000.00,4.876865,98.97265625
08:01:13,91282CKJ9,TSRYS5784683,D,S,D,2024-05-01,1000000.00,4.876865,98.97265625
08:01:13,91282CKJ9,TSRYS5784683,D,S,D,2024-05-01,1000000.00,4.876865,98.97265625
08:01:13,91282CKJ9,TSRYS5784683,D,B,C,2024-05-01,1000000.00,4.876143,98.974609375
08:01:13,91282CKJ9,TSRYS5784683,D,S,C,2024-05-01,1000000.00,4.876865,98.97265625
08:01:13,91282CKJ9,TSRYS5784683,D,S,D,2024-05-01,1000000.00,4.876143,98.974609375
08:01:13,91282CKJ9,TSRYS5784683,D,S,C,2024-05-01,2000000.00,4.87542,98.9765625
08:01:13,91282CKJ9,TSRYS5784683,D,S,D,2024-05-01,1000000.00,4.87542,98.9765625
08:01:13,91282CKJ9,TSRYS5784683,D,S,D,2024-05-01,2000000.00,4.87542,98.9765625
08:01:13,91282CKJ9,TSRYS5784683,D,S,D,2024-05-01,2000000.00,4.874698,98.978515625
08:01:13,91282CKJ9,TSRYS5784683,D,S,C,2024-05-01,1000000.00,4.873976,98.98046875
08:01:13,91282CKJ9,TSRYS5784683,D,S,C,2024-05-01,1000000.00,4.873976,98.98046875
08:01:13,91282CKJ9,TSRYS5784683,D,S,D,2024-05-01,2000000.00,4.873976,98.98046875
08:01:13,91282CKJ9,TSRYS5784683,D,S,D,2024-05-01,2000000.00,4.873976,98.98046875
08:01:13,91282CKJ9,TSRYS5784683,D,S,D,2024-05-01,2000000.00,4.873976,98.98046875
08:01:13,91282CKJ9,TSRYS5784683,D,S,C,2024-05-01,2000000.00,4.873976,98.98046875
08:01:13,91282CKJ9,TSRYS5784683,D,S,D,2024-05-01,1000000.00,4.873976,98.98046875
08:01:13,91282CKJ9,TSRYS5784683,D,S,D,2024-05-01,1000000.00,4.873976,98.98046875
08:01:13,91282CKJ9,TSRYS5784683,D,S,T,2024-05-01,2000000.00,4.874698,98.978515625
08:01:13,91282CKJ9,TSRYS5784683,D,S,D,2024-05-01,1000000.00,4.873976,98.98046875
08:01:13,91282CKJ9,TSRYS5784683,D,S,D,2024-05-01,1000000.00,4.873976,98.98046875
08:01:13,91282CKJ9,TSRYS5784683,D,S,T,2024-05-01,1000000.00,4.877588,98.970703125
08:01:13,91282CKJ9,TSRYS5784683,D,S,T,2024-05-01,1000000.00,4.877588,98.970703125
08:01:13,91282CKJ9,TSRYS5784683,D,S,T,2024-05-01,1000000.00,4.876865,98.97265625
08:01:13,91282CKJ9,TSRYS5784683,D,S,T,2024-05-01,1000000.00,4.876865,98.97265625
08:01:13,91282CKJ9,TSRYS5784683,D,S,T,2024-05-01,1000000.00,4.876865,98.97265625
08:01:13,91282CKJ9,TSRYS5784683,D,S,T,2024-05-01,1000000.00,4.876865,98.97265625
08:01:14,91282CKJ9,TSRYS5784683,D,S,T,2024-05-01,1000000.00,4.868197,98.99609375
08:01:14,91282CKJ9,TSRYS5784683,D,S,D,2024-05-01,2000000.00,4.87542,98.9765625
08:01:14,91282CKJ9,TSRYS5784683,D,S,T,2024-05-01,1000000.00,4.865308,99.00390625
08:01:14,91282CKJ9,TSRYS5784683,D,S,T,2024-05-01,1000000.00,4.865308,99.00390625
08:01:15,91282CKJ9,TSRYS5784683,D,B,C,2024-05-01,1000000.00,4.872531,98.984375
08:01:15,91282CKJ9,TSRYS5784683,D,S,D,2024-05-01,1000000.00,4.872531,98.984375
08:01:15,91282CKJ9,TSRYS5784683,D,S,C,2024-05-01,1000000.00,4.872531,98.984375
08:01:16,91282CKJ9,TSRYS5784683,D,S,T,2024-05-01,1000000.00,4.871086,98.98828125
08:01:16,91282CKJ9,TSRYS5784683,D,S,T,2024-05-01,1000000.00,4.872531,98.984375
08:01:16,91282CKJ9,TSRYS5784683,D,S,T,2024-05-01,2000000.00,4.872531,98.984375
08:01:16,91282CKJ9,TSRYS5784683,D,S,T,2024-05-01,1000000.00,4.87542,98.9765625
08:01:16,91282CKJ9,TSRYS5784683,D,B,C,2024-05-01,1000000.00,4.872531,98.984375
08:01:16,91282CKJ9,TSRYS5784683,D,S,C,2024-05-01,1000000.00,4.872531,98.984375
08:01:16,91282CKJ9,TSRYS5784683,D,S,T,2024-05-01,2000000.00,4.874698,98.978515625
08:01:16,91282CKJ9,TSRYS5784683,D,S,T,2024-05-01,1000000.00,4.87542,98.9765625
08:01:16,91282CKJ9,TSRYS5784683,D,S,T,2024-05-01,1000000.00,4.87542,98.9765625
08:01:16,91282CKJ9,TSRYS5784683,D,S,A,2024-05-01,163000.00,4.879755,98.964844
08:01:16,91282CKJ9,TSRYS5784683,D,S,D,2024-05-01,1000000.00,4.871086,98.98828125
08:01:16,91282CKJ9,TSRYS5784683,D,S,T,2024-05-01,1000000.00,4.87542,98.9765625
08:01:16,91282CKJ9,TSRYS5784683,D,S,T,2024-05-01,1000000.00,4.876865,98.97265625
08:01:16,91282CKJ9,TSRYS5784683,D,S,T,2024-05-01,1000000.00,4.87831,98.96875
08:01:16,91282CKJ9,TSRYS5784683,D,S,T,2024-05-01,1000000.00,4.87831,98.96875
08:01:16,91282CKJ9,TSRYS5784683,D,S,T,2024-05-01,1000000.00,4.876865,98.97265625
08:01:16,91282CKJ9,TSRYS5784683,D,S,T,2024-05-01,1000000.00,4.875477,98.9764105
08:01:16,91282CKJ9,TSRYS5784683,D,B,A,2024-05-01,1000000.00,4.875477,98.9764105
08:01:16,91282CKJ9,TSRYS5784683,D,B,A,2024-05-01,1000000.00,4.875477,98.9764105
08:01:16,91282CKJ9,TSRYS5784683,D,S,T,2024-05-01,1000000.00,4.875477,98.9764105
08:01:17,91282CKJ9,TSRYS5784683,D,S,A,2024-05-01,12000000.00,4.866753,99.0
08:01:17,91282CKJ9,TSRYS5784683,D,B,A,2024-05-01,3000000.00,4.872587,98.984223
08:01:17,91282CKJ9,TSRYS5784683,D,S,T,2024-05-01,3000000.00,4.872587,98.984223
08:01:17,91282CKJ9,TSRYS5784683,D,S,A,2024-05-01,3000000.00,4.868141,98.99624575
08:01:17,91282CKJ9,TSRYS5784683,D,S,A,2024-05-01,20000.00,4.87831,98.96875
08:01:17,91282CKJ9,TSRYS5784683,D,S,T,2024-05-01,5000000.00,4.874698,98.978515625
08:01:17,91282CKJ9,TSRYS5784683,D,S,T,2024-05-01,1000000.00,4.877606,98.97065312
08:01:17,91282CKJ9,TSRYS5784683,D,S,T,2024-05-01,1000000.00,4.876865,98.97265625
08:01:18,91282CKJ9,TSRYS5784683,D,S,A,2024-05-01,7700000.00,4.873976,98.98046875
08:01:18,91282CKJ9,TSRYS5784683,D,B,C,2024-05-01,33500000.00,4.873976,98.98046875
08:01:18,91282CKJ9,TSRYS5784683,D,S,T,2024-05-01,5000000.00,4.873253,98.982421875
08:01:18,91282CKJ9,TSRYS5784683,D,S,T,2024-05-01,1000000.00,4.871086,98.98828125
08:01:18,91282CKJ9,TSRYS5784683,D,S,T,2024-05-01,1000000.00,4.871086,98.98828125
08:01:18,91282CKJ9,TSRYS5784683,D,S,T,2024-05-01,1000000.00,4.871086,98.98828125
08:01:18,91282CKJ9,TSRYS5784683,D,S,D,2024-05-01,9700000.00,4.774452,99.25
08:01:18,91282CKJ9,TSRYS5784683,D,S,D,2024-05-01,9700000.00,4.774452,99.25
08:01:18,91282CKJ9,TSRYS5784683,D,S,D,2024-05-01,87200000.00,4.774452,99.25
08:01:18,91282CKJ9,TSRYS5784683,D,S,D,2024-05-01,38800000.00,4.774452,99.25
08:01:19,91282CKJ9,TSRYS5784683,D,S,A,2024-05-01,8345000.00,4.876865,98.97265625
08:01:19,91282CKJ9,TSRYS5784683,D,S,D,2024-05-01,1000000.00,4.871086,98.98828125
08:01:19,91282CKJ9,TSRYS5784683,D,S,C,2024-05-01,1000000.00,4.871086,98.98828125
08:01:19,91282CKJ9,TSRYS5784683,D,S,T,2024-05-01,2000000.00,4.874698,98.978515625
08:01:19,91282CKJ9,TSRYS5784683,D,S,D,2024-05-01,1000000.00,4.871086,98.98828125
08:01:19,91282CKJ9,TSRYS5784683,D,S,C,2024-05-01,1000000.00,4.871086,98.98828125
08:01:19,91282CKJ9,TSRYS5784683,D,S,T,2024-05-01,1000000.00,4.871086,98.98828125
08:01:19,91282CKJ9,TSRYS5784683,D,S,T,2024-05-01,1000000.00,4.871086,98.98828125
08:01:19,91282CKJ9,TSRYS5784683,D,S,D,2024-05-01,1000000.00,4.871086,98.98828125
08:01:19,91282CKJ9,TSRYS5784683,D,S,D,2024-05-01,1000000.00,4.871086,98.98828125
08:01:19,91282CKJ9,TSRYS5784683,D,S,T,2024-05-01,1000000.00,4.871086,98.98828125
08:01:20,91282CKJ9,TSRYS5784683,D,S,T,2024-05-01,2000000.00,4.87116,98.98808125
08:01:20,91282CKJ9,TSRYS5784683,D,S,T,2024-05-01,1000000.00,4.87116,98.98808125
08:01:20,91282CKJ9,TSRYS5784683,D,S,D,2024-05-01,1000000.00,4.871086,98.98828125
08:01:20,91282CKJ9,TSRYS5784683,D,S,T,2024-05-01,2000000.00,4.87116,98.98808125
08:01:20,91282CKJ9,TSRYS5784683,D,S,T,2024-05-01,1000000.00,4.87116,98.98808125
08:01:20,91282CKJ9,TSRYS5784683,D,S,T,2024-05-01,1000000.00,4.87116,98.98808125
08:01:20,91282CKJ9,TSRYS5784683,D,S,D,2024-05-01,1000000.00,4.871086,98.98828125
08:01:20,91282CKJ9,TSRYS5784683,D,S,T,2024-05-01,2000000.00,4.874698,98.978515625
08:01:20,91282CKJ9,TSRYS5784683,D,S,C,2024-05-01,1000000.00,4.871086,98.98828125
08:01:20,91282CKJ9,TSRYS5784683,D,B,C,2024-05-01,1000000.00,4.871086,98.98828125
08:01:21,91282CKJ9,TSRYS5784683,D,S,D,2024-05-01,1000000.00,4.871086,98.98828125
08:01:21,91282CKJ9,TSRYS5784683,D,S,A,2024-05-01,7000000.00,4.872531,98.984375
08:01:21,91282CKJ9,TSRYS5784683,D,S,A,2024-05-01,267000.00,4.869642,98.9921875
08:01:21,91282CKJ9,TSRYS5784683,D,S,D,2024-05-01,1000000.00,4.872531,98.984375
08:01:22,91282CKJ9,TSRYS5784683,D,S,T,2024-05-01,2000000.00,4.874698,98.978515625
08:01:22,91282CKJ9,TSRYS5784683,D,S,T,2024-05-01,1000000.00,4.872605,98.984175
08:01:22,91282CKJ9,TSRYS5784683,D,S,T,2024-05-01,1000000.00,4.872605,98.984175
08:01:22,91282CKJ9,TSRYS5784683,D,S,T,2024-05-01,1000000.00,4.872605,98.984175
08:01:22,91282CKJ9,TSRYS5784683,D,S,T,2024-05-01,1000000.00,4.872605,98.984175
08:01:22,91282CKJ9,TSRYS5784683,D,S,D,2024-05-01,1000000.00,4.873253,98.98242187
08:01:22,91282CKJ9,TSRYS5784683,D,S,T,2024-05-01,1000000.00,4.872605,98.984175
08:01:22,91282CKJ9,TSRYS5784683,D,S,C,2024-05-01,1000000.00,4.873253,98.98242187
08:01:22,91282CKJ9,TSRYS5784683,D,S,D,2024-05-01,2000000.00,4.871086,98.98828125
08:01:22,91282CKJ9,TSRYS5784683,D,S,D,2024-05-01,1000000.00,4.871086,98.98828125
08:01:22,91282CKJ9,TSRYS5784683,D,S,C,2024-05-01,1000000.00,4.871086,98.98828125
08:01:22,91282CKJ9,TSRYS5784683,D,S,D,2024-05-01,2000000.00,4.871086,98.98828125
08:01:23,91282CKJ9,TSRYS5784683,D,S,D,2024-05-01,1000000.00,4.870364,98.99023437
08:01:23,91282CKJ9,TSRYS5784683,D,S,C,2024-05-01,1000000.00,4.870364,98.99023437
08:01:23,91282CKJ9,TSRYS5784683,D,S,D,2024-05-01,1000000.00,4.870364,98.99023437
08:01:23,91282CKJ9,TSRYS5784683,D,S,D,2024-05-01,1000000.00,4.87542,98.9765625
08:01:23,91282CKJ9,TSRYS5784683,D,S,D,2024-05-01,2000000.00,4.871086,98.98828125
08:01:23,91282CKJ9,TSRYS5784683,D,S,T,2024-05-01,1000000.00,4.871086,98.98828125
08:01:23,91282CKJ9,TSRYS5784683,D,S,T,2024-05-01,1000000.00,4.871086,98.98828125
08:01:23,91282CKJ9,TSRYS5784683,D,S,T,2024-05-01,2000000.00,4.871086,98.98828125
08:01:23,91282CKJ9,TSRYS5784683,D,S,T,2024-05-01,3000000.00,4.87116,98.98808125
08:01:23,91282CKJ9,TSRYS5784683,D,S,T,2024-05-01,3000000.00,4.87116,98.98808125
08:01:23,91282CKJ9,TSRYS5784683,D,S,T,2024-05-01,2000000.00,4.87116,98.98808125
08:01:23,91282CKJ9,TSRYS5784683,D,S,C,2024-05-01,1000000.00,4.871086,98.98828125
08:01:23,91282CKJ9,TSRYS5784683,D,S,C,2024-05-01,1000000.00,4.871809,98.98632812
08:01:24,91282CKJ9,TSRYS5784683,D,S,D,2024-05-01,9700000.00,4.87542,98.9765625
08:01:24,91282CKJ9,TSRYS5784683,D,S,T,2024-05-01,1000000.00,4.873976,98.98046875
08:01:24,91282CKJ9,TSRYS5784683,D,S,D,2024-05-01,2000000.00,4.874698,98.978515625
08:01:25,91282CKJ9,TSRYS5784683,D,S,T,2024-05-01,1000000.00,4.87542,98.9765625
08:01:26,91282CKJ9,TSRYS5784683,D,S,T,2024-05-01,1000000.00,4.874698,98.978515625
08:01:26,91282CKJ9,TSRYS5784683,D,S,D,2024-05-01,4000000.00,4.861698,99.01367187
08:01:26,91282CKJ9,TSRYS5784683,D,S,T,2024-05-01,1000000.00,4.87831,98.96875
08:01:26,91282CKJ9,TSRYS5784683,D,S,T,2024-05-01,1000000.00,4.871086,98.98828125
08:01:26,91282CKJ9,TSRYS5784683,D,S,T,2024-05-01,3000000.00,4.876865,98.97265625
08:01:27,91282CKJ9,TSRYS5784683,D,S,T,2024-05-01,1000000.00,4.87542,98.9765625
08:01:27,91282CKJ9,TSRYS5784683,D,S,T,2024-05-01,3000000.00,4.87831,98.96875
08:01:27,91282CKJ9,TSRYS5784683,D,S,T,2024-05-01,1000000.00,4.869642,98.9921875
08:01:27,91282CKJ9,TSRYS5784683,D,S,D,2024-05-01,1000000.00,4.869642,98.9921875
08:01:27,91282CKJ9,TSRYS5784683,D,S,T,2024-05-01,1000000.00,4.869642,98.9921875
08:01:27,91282CKJ9,TSRYS5784683,D,S,D,2024-05-01,1000000.00,4.869642,98.9921875
08:01:27,91282CKJ9,TSRYS5784683,D,S,T,2024-05-01,1000000.00,4.87831,98.96875
08:01:27,91282CKJ9,TSRYS5784683,D,S,C,2024-05-01,1000000.00,4.869642,98.9921875
08:01:27,91282CKJ9,TSRYS5784683,D,S,T,2024-05-01,1000000.00,4.871086,98.98828125
08:01:27,91282CKJ9,TSRYS5784683,D,S,T,2024-05-01,1000000.00,4.869716,98.9919875
08:01:27,91282CKJ9,TSRYS5784683,D,S,C,2024-05-01,1000000.00,4.871086,98.98828125
08:01:27,91282CKJ9,TSRYS5784683,D,S,D,2024-05-01,1000000.00,4.871086,98.98828125
08:01:27,91282CKJ9,TSRYS5784683,D,S,D,2024-05-01,1000000.00,4.871086,98.98828125
08:01:27,91282CKJ9,TSRYS5784683,D,S,C,2024-05-01,1000000.00,4.871086,98.98828125
08:01:27,91282CKJ9,TSRYS5784683,D,S,D,2024-05-01,2000000.00,4.87542,98.9765625
08:01:28,91282CKJ9,TSRYS5784683,D,S,T,2024-05-01,1000000.00,4.87831,98.96875
08:01:28,91282CKJ9,TSRYS5784683,D,S,T,2024-05-01,1000000.00,4.878356,98.968625
08:01:28,91282CKJ9,TSRYS5784683,D,S,T,2024-05-01,1000000.00,4.87831,98.96875
08:01:28,91282CKJ9,TSRYS5784683,D,S,T,2024-05-01,1000000.00,4.87831,98.96875
08:01:28,91282CKJ9,TSRYS5784683,D,S,T,2024-05-01,1000000.00,4.87831,98.96875
08:01:28,91282CKJ9,TSRYS5784683,D,S,T,2024-05-01,5000000.00,4.87831,98.96875
08:01:28,91282CKJ9,TSRYS5784683,D,S,T,2024-05-01,1000000.00,4.878356,98.968625
08:01:29,91282CKJ9,TSRYS5784683,D,S,T,2024-05-01,1000000.00,4.878356,98.968625
08:01:29,91282CKJ9,TSRYS5784683,D,S,T,2024-05-01,2000000.00,4.878356,98.968625
08:01:29,91282CKJ9,TSRYS5784683,D,S,T,2024-05-01,2000000.00,4.87542,98.9765625
08:01:29,91282CKJ9,TSRYS5784683,D,S,T,2024-05-01,1000000.00,4.878356,98.968625
08:01:29,91282CKJ9,TSRYS5784683,D,S,T,2024-05-01,1000000.00,4.878356,98.968625
08:01:29,91282CKJ9,TSRYS5784683,D,S,T,2024-05-01,1000000.00,4.878356,98.968625
08:01:29,91282CKJ9,TSRYS5784683,D,S,T,2024-05-01,1000000.00,4.878356,98.968625
08:01:29,91282CKJ9,TSRYS5784683,D,S,T,2024-05-01,1000000.00,4.878356,98.968625
08:01:30,91282CKJ9,TSRYS5784683,D,S,T,2024-05-01,1000000.00,4.87831,98.96875
08:01:30,91282CKJ9,TSRYS5784683,D,B,C,2024-05-01,1000000.00,4.871809,98.986328125
08:01:30,91282CKJ9,TSRYS5784683,D,S,D,2024-05-01,1000000.00,4.871809,98.986328125
08:01:30,91282CKJ9,TSRYS5784683,D,B,C,2024-05-01,1000000.00,4.871809,98.986328125
08:01:30,91282CKJ9,TSRYS5784683,D,S,D,2024-05-01,1000000.00,4.871809,98.986328125
08:01:31,91282CKJ9,TSRYS5784683,D,S,D,2024-05-01,2000000.00,4.87542,98.9765625
08:01:31,91282CKJ9,TSRYS5784683,D,S,D,2024-05-01,2000000.00,4.87542,98.9765625
08:01:31,91282CKJ9,TSRYS5784683,D,S,D,2024-05-01,1000000.00,4.869642,98.9921875
08:01:32,91282CKJ9,TSRYS5784683,D,S,D,2024-05-01,1000000.00,4.869642,98.9921875
08:01:32,91282CKJ9,TSRYS5784683,D,S,D,2024-05-01,1000000.00,4.871086,98.98828125
08:01:32,91282CKJ9,TSRYS5784683,D,S,D,2024-05-01,1000000.00,4.871086,98.98828125
08:01:32,91282CKJ9,TSRYS5784683,D,S,D,2024-05-01,1000000.00,4.871086,98.98828125
08:01:32,91282CKJ9,TSRYS5784683,D,S,C,2024-05-01,1000000.00,4.871086,98.98828125
08:01:32,91282CKJ9,TSRYS5784683,D,S,D,2024-05-01,1000000.00,4.871086,98.98828125
08:01:32,91282CKJ9,TSRYS5784683,D,S,C,2024-05-01,1000000.00,4.871086,98.98828125
08:01:32,91282CKJ9,TSRYS5784683,D,S,T,2024-05-01,2000000.00,4.872531,98.984375
08:01:32,91282CKJ9,TSRYS5784683,D,S,D,2024-05-01,1000000.00,4.871086,98.98828125
08:01:33,91282CKJ9,TSRYS5784683,D,B,A,2024-05-01,163000.00,4.874337,98.979492188
08:01:33,91282CKJ9,TSRYS5784683,D,S,T,2024-05-01,1000000.00,4.871086,98.98828125
08:01:33,91282CKJ9,TSRYS5784683,D,S,T,2024-05-01,1000000.00,4.871086,98.98828125
08:01:33,91282CKJ9,TSRYS5784683,D,S,T,2024-05-01,1000000.00,4.871086,98.98828125
08:01:33,91282CKJ9,TSRYS5784683,D,B,A,2024-05-01,1000000.00,4.871086,98.98828125
08:01:33,91282CKJ9,TSRYS5784683,D,S,C,2024-05-01,1000000.00,4.871809,98.986328125
08:01:34,91282CKJ9,TSRYS5784683,D,S,C,2024-05-01,1000000.00,4.873253,98.98242187
08:01:34,91282CKJ9,TSRYS5784683,D,S,T,2024-05-01,1000000.00,4.876865,98.97265625
08:01:34,91282CKJ9,TSRYS5784683,D,S,C,2024-05-01,1000000.00,4.873253,98.98242187
08:01:34,91282CKJ9,TSRYS5784683,D,S,C,2024-05-01,1000000.00,4.873253,98.98242187
08:01:34,91282CKJ9,TSRYS5784683,D,S,T,2024-05-01,1000000.00,4.87542,98.9765625
08:01:34,91282CKJ9,TSRYS5784683,D,S,C,2024-05-01,1000000.00,4.873253,98.98242187
08:01:34,91282CKJ9,TSRYS5784683,D,S,T,2024-05-01,1000000.00,4.87831,98.96875
08:01:34,91282CKJ9,TSRYS5784683,D,S,D,2024-05-01,1000000.00,4.873253,98.98242187
08:01:34,91282CKJ9,TSRYS5784683,D,S,T,2024-05-01,1000000.00,4.871086,98.98828125
08:01:34,91282CKJ9,TSRYS5784683,D,S,T,2024-05-01,1000000.00,4.87831,98.96875
08:01:34,91282CKJ9,TSRYS5784683,D,S,T,2024-05-01,2000000.00,4.872531,98.984375
08:01:34,91282CKJ9,TSRYS5784683,D,B,A,2024-05-01,2000000.00,4.871086,98.98828125
08:01:34,91282CKJ9,TSRYS5784683,D,S,T,2024-05-01,1000000.00,4.871086,98.98828125
08:01:34,91282CKJ9,TSRYS5784683,D,S,T,2024-05-01,1000000.00,4.872531,98.984375
08:01:34,91282CKJ9,TSRYS5784683,D,S,T,2024-05-01,1000000.00,4.871086,98.98828125
08:01:34,91282CKJ9,TSRYS5784683,D,B,A,2024-05-01,2000000.00,4.871086,98.98828125
08:01:34,91282CKJ9,TSRYS5784683,D,B,A,2024-05-01,1000000.00,4.871086,98.98828125
08:01:34,91282CKJ9,TSRYS5784683,D,S,T,2024-05-01,1000000.00,4.871086,98.98828125
08:01:34,91282CKJ9,TSRYS5784683,D,S,T,2024-05-01,1000000.00,4.869642,98.9921875
08:01:35,91282CKJ9,TSRYS5784683,D,S,T,2024-05-01,1000000.00,4.87831,98.96875
08:01:35,91282CKJ9,TSRYS5784683,D,B,A,2024-05-01,3000000.00,4.871086,98.98828125
08:01:35,91282CKJ9,TSRYS5784683,D,B,A,2024-05-01,1000000.00,4.871086,98.98828125
08:01:35,91282CKJ9,TSRYS5784683,D,S,T,2024-05-01,1000000.00,4.87116,98.98808125
08:01:35,91282CKJ9,TSRYS5784683,D,S,T,2024-05-01,1000000.00,4.87116,98.98808125
08:01:35,91282CKJ9,TSRYS5784683,D,S,T,2024-05-01,1000000.00,4.87116,98.98808125
08:01:35,91282CKJ9,TSRYS5784683,D,S,C,2024-05-01,184100000.00,4.872531,98.984375
08:01:35,91282CKJ9,TSRYS5784683,D,S,T,2024-05-01,1000000.00,4.87831,98.96875
08:01:35,91282CKJ9,TSRYS5784683,D,S,D,2024-05-01,1000000.00,4.870364,98.99023437
08:01:35,91282CKJ9,TSRYS5784683,D,S,T,2024-05-01,1000000.00,4.87831,98.96875
08:01:35,91282CKJ9,TSRYS5784683,D,S,T,2024-05-01,1000000.00,4.872531,98.984375
08:01:35,91282CKJ9,TSRYS5784683,D,S,T,2024-05-01,9000000.00,4.869642,98.9921875
08:01:37,91282CKJ9,TSRYS5784683,D,S,C,2024-05-01,1000000.00,4.873253,98.982421875
08:01:37,91282CKJ9,TSRYS5784683,D,B,C,2024-05-01,1000000.00,4.873253,98.982221875
08:01:37,91282CKJ9,TSRYS5784683,D,S,C,2024-05-01,1000000.00,4.873253,98.982421875
08:01:37,91282CKJ9,TSRYS5784683,D,B,C,2024-05-01,1000000.00,4.873253,98.982221875
08:01:37,91282CKJ9,TSRYS5784683,D,S,D,2024-05-01,1000000.00,4.872531,98.984375
08:01:37,91282CKJ9,TSRYS5784683,D,S,D,2024-05-01,1000000.00,4.872531,98.984375
08:01:37,91282CKJ9,TSRYS5784683,D,S,D,2024-05-01,2000000.00,4.872531,98.984375
08:01:37,91282CKJ9,TSRYS5784683,D,B,C,2024-05-01,1000000.00,4.871809,98.986328125
08:01:37,91282CKJ9,TSRYS5784683,D,S,D,2024-05-01,1000000.00,4.871809,98.986328125
08:01:37,91282CKJ9,TSRYS5784683,D,B,C,2024-05-01,1000000.00,4.871809,98.986328125
08:01:37,91282CKJ9,TSRYS5784683,D,S,D,2024-05-01,1000000.00,4.871809,98.986328125
08:01:37,91282CKJ9,TSRYS5784683,D,S,D,2024-05-01,1000000.00,4.871086,98.98828125
08:01:37,91282CKJ9,TSRYS5784683,D,S,D,2024-05-01,1000000.00,4.871086,98.98828125
08:01:37,91282CKJ9,TSRYS5784683,D,S,D,2024-05-01,2000000.00,4.871086,98.98828125
08:01:37,91282CKJ9,TSRYS5784683,D,S,C,2024-05-01,1000000.00,4.871809,98.986528125
08:01:37,91282CKJ9,TSRYS5784683,D,S,C,2024-05-01,1000000.00,4.868197,98.99609375
08:01:37,91282CKJ9,TSRYS5784683,D,B,C,2024-05-01,1000000.00,4.866753,99.0
08:01:37,91282CKJ9,TSRYS5784683,D,S,C,2024-05-01,1000000.00,4.866753,99.0
08:01:37,91282CKJ9,TSRYS5784683,D,S,D,2024-05-01,2000000.00,4.876865,98.97265625
08:01:38,91282CKJ9,TSRYS5784683,D,S,D,2024-05-01,2000000.00,4.876865,98.97265625
08:01:38,91282CKJ9,TSRYS5784683,D,S,C,2024-05-01,1000000.00,4.865308,99.00390625
08:01:38,91282CKJ9,TSRYS5784683,D,S,D,2024-05-01,3000000.00,4.877588,98.97070312
08:01:39,91282CKJ9,TSRYS5784683,D,S,T,2024-05-01,1000000.00,4.868197,98.99609375
08:01:40,91282CKJ9,TSRYS5784683,D,S,D,2024-05-01,2150000.00,4.87831,98.96875
08:01:40,91282CKJ9,TSRYS5784683,D,S,T,2024-05-01,1000000.00,4.87831,98.96875
08:01:41,91282CKJ9,TSRYS5784683,D,S,C,2024-05-01,1000000.00,4.876865,98.97265625
08:01:41,91282CKJ9,TSRYS5784683,D,S,C,2024-05-01,1000000.00,4.876865,98.97265625
08:01:41,91282CKJ9,TSRYS5784683,D,S,C,2024-05-01,1000000.00,4.876865,98.97265625
08:01:41,91282CKJ9,TSRYS5784683,D,S,C,2024-05-01,1000000.00,4.876865,98.97265625
08:01:41,91282CKJ9,TSRYS5784683,D,S,T,2024-05-01,2000000.00,4.872531,98.984375
08:01:41,91282CKJ9,TSRYS5784683,D,S,T,2024-05-01,2000000.00,4.871086,98.98828125
08:01:41,91282CKJ9,TSRYS5784683,D,B,A,2024-05-01,1000000.00,4.871086,98.98828125
08:01:41,91282CKJ9,TSRYS5784683,D,S,T,2024-05-01,1000000.00,4.869642,98.9921875
08:01:42,91282CKJ9,TSRYS5784683,D,S,T,2024-05-01,1000000.00,4.872531,98.984375
08:01:43,91282CKJ9,TSRYS5784683,D,S,C,2024-05-01,1000000.00,4.876865,98.97265625
08:01:43,91282CKJ9,TSRYS5784683,D,S,D,2024-05-01,2000000.00,4.876865,98.97265625
08:01:43,91282CKJ9,TSRYS5784683,D,S,C,2024-05-01,1000000.00,4.876865,98.97265625
08:01:43,91282CKJ9,TSRYS5784683,D,S,D,2024-05-01,2000000.00,4.876865,98.97265625
08:01:43,91282CKJ9,TSRYS5784683,D,S,T,2024-05-01,1000000.00,4.876865,98.97265625
08:01:43,91282CKJ9,TSRYS5784683,D,S,T,2024-05-01,2000000.00,4.872531,98.984375
08:01:44,91282CKJ9,TSRYS5784683,D,S,T,2024-05-01,3000000.00,4.871086,98.98828125
08:01:44,91282CKJ9,TSRYS5784683,D,S,D,2024-05-01,1000000.00,4.87831,98.96875
08:01:44,91282CKJ9,TSRYS5784683,D,S,T,2024-05-01,1000000.00,4.871086,98.98828125
08:01:44,91282CKJ9,TSRYS5784683,D,S,T,2024-05-01,1000000.00,4.869642,98.9921875
08:01:44,91282CKJ9,TSRYS5784683,D,S,D,2024-05-01,1000000.00,4.871809,98.986328125
08:01:44,91282CKJ9,TSRYS5784683,D,S,T,2024-05-01,2000000.00,4.87831,98.96875
08:01:44,91282CKJ9,TSRYS5784683,D,S,T,2024-05-01,2000000.00,4.877588,98.970703125
08:01:45,91282CKJ9,TSRYS5784683,D,S,D,2024-05-01,2000000.00,4.879033,98.96679687
08:01:45,91282CKJ9,TSRYS5784683,D,S,D,2024-05-01,1000000.00,4.879033,98.96679687
08:01:45,91282CKJ9,TSRYS5784683,D,S,D,2024-05-01,1000000.00,4.879033,98.96679687
08:01:45,91282CKJ9,TSRYS5784683,D,S,T,2024-05-01,1000000.00,4.879033,98.96679687
08:01:45,91282CKJ9,TSRYS5784683,D,S,T,2024-05-01,1000000.00,4.879033,98.96679687
08:01:45,91282CKJ9,TSRYS5784683,D,S,T,2024-05-01,1000000.00,4.879033,98.96679687
08:01:45,91282CKJ9,TSRYS5784683,D,S,D,2024-05-01,1000000.00,4.879033,98.96679687
08:01:45,91282CKJ9,TSRYS5784683,D,S,D,2024-05-01,1000000.00,4.879033,98.96679687
08:01:45,91282CKJ9,TSRYS5784683,D,S,C,2024-05-01,1000000.00,4.879033,98.96679687
08:01:45,91282CKJ9,TSRYS5784683,D,S,C,2024-05-01,1000000.00,4.879033,98.96679687
08:01:45,91282CKJ9,TSRYS5784683,D,S,T,2024-05-01,1000000.00,4.879033,98.96679687
08:01:45,91282CKJ9,TSRYS5784683,D,S,T,2024-05-01,1000000.00,4.87831,98.96875
08:01:45,91282CKJ9,TSRYS5784683,D,S,C,2024-05-01,1000000.00,4.879033,98.96679687
08:01:45,91282CKJ9,TSRYS5784683,D,S,T,2024-05-01,4000000.00,4.872531,98.984375
08:01:45,91282CKJ9,TSRYS5784683,D,S,T,2024-05-01,1000000.00,4.879033,98.96679687
08:01:45,91282CKJ9,TSRYS5784683,D,S,T,2024-05-01,2000000.00,4.871086,98.98828125
08:01:45,91282CKJ9,TSRYS5784683,D,S,D,2024-05-01,1000000.00,4.879033,98.96679687
08:01:45,91282CKJ9,TSRYS5784683,D,S,D,2024-05-01,2000000.00,4.879033,98.96679687
08:01:45,91282CKJ9,TSRYS5784683,D,S,T,2024-05-01,8000000.00,4.869642,98.9921875
08:01:45,91282CKJ9,TSRYS5784683,D,S,T,2024-05-01,1000000.00,4.879033,98.96679687
08:01:45,91282CKJ9,TSRYS5784683,D,B,C,2024-05-01,1000000.00,4.863864,99.0078125
08:01:45,91282CKJ9,TSRYS5784683,D,S,C,2024-05-01,1000000.00,4.863864,99.0080125
08:01:45,91282CKJ9,TSRYS5784683,D,B,C,2024-05-01,1000000.00,4.863864,99.0078125
08:01:45,91282CKJ9,TSRYS5784683,D,S,C,2024-05-01,1000000.00,4.863864,99.0080125
08:01:45,91282CKJ9,TSRYS5784683,D,S,D,2024-05-01,1000000.00,4.879033,98.96679687
08:01:45,91282CKJ9,TSRYS5784683,D,S,D,2024-05-01,2000000.00,4.879033,98.96679687
08:01:45,91282CKJ9,TSRYS5784683,D,S,T,2024-05-01,2000000.00,4.879033,98.96679687
08:01:45,91282CKJ9,TSRYS5784683,D,S,T,2024-05-01,1000000.00,4.878384,98.96855
08:01:45,91282CKJ9,TSRYS5784683,D,S,D,2024-05-01,1000000.00,4.879033,98.96679687
08:01:45,91282CKJ9,TSRYS5784683,D,S,C,2024-05-01,1000000.00,4.879033,98.96679687
08:01:45,91282CKJ9,TSRYS5784683,D,S,T,2024-05-01,1000000.00,4.879033,98.96679687
08:01:45,91282CKJ9,TSRYS5784683,D,S,T,2024-05-01,1000000.00,4.879033,98.96679687
08:01:45,91282CKJ9,TSRYS5784683,D,S,T,2024-05-01,1000000.00,4.879033,98.96679687
08:01:45,91282CKJ9,TSRYS5784683,D,S,T,2024-05-01,1000000.00,4.879033,98.96679687
08:01:45,91282CKJ9,TSRYS5784683,D,S,C,2024-05-01,1000000.00,4.879033,98.96679687
08:01:46,91282CKJ9,TSRYS5784683,D,S,D,2024-05-01,1000000.00,4.879033,98.96679687
08:01:46,91282CKJ9,TSRYS5784683,D,S,D,2024-05-01,1000000.00,4.879033,98.96679687
08:01:46,91282CKJ9,TSRYS5784683,D,S,D,2024-05-01,1000000.00,4.879033,98.96679687
08:01:46,91282CKJ9,TSRYS5784683,D,S,T,2024-05-01,4000000.00,4.872531,98.984375
08:01:47,91282CKJ9,TSRYS5784683,D,S,T,2024-05-01,3000000.00,4.87542,98.9765625
08:01:47,91282CKJ9,TSRYS5784683,D,S,T,2024-05-01,1000000.00,4.87831,98.96875
08:01:47,91282CKJ9,TSRYS5784683,D,S,T,2024-05-01,1000000.00,4.871086,98.98828125
08:01:47,91282CKJ9,TSRYS5784683,D,S,C,2024-05-01,1000000.00,4.876865,98.97265625
08:01:47,91282CKJ9,TSRYS5784683,D,S,D,2024-05-01,3000000.00,4.876865,98.97265625
08:01:47,91282CKJ9,TSRYS5784683,D,S,C,2024-05-01,2000000.00,4.876865,98.97265625
08:01:47,91282CKJ9,TSRYS5784683,D,S,D,2024-05-01,1000000.00,4.876865,98.97265625
08:01:47,91282CKJ9,TSRYS5784683,D,S,D,2024-05-01,1000000.00,4.876865,98.97265625
08:01:47,91282CKJ9,TSRYS5784683,D,S,D,2024-05-01,1000000.00,4.876865,98.97265625
08:01:47,91282CKJ9,TSRYS5784683,D,S,D,2024-05-01,1000000.00,4.876865,98.97265625
08:01:47,91282CKJ9,TSRYS5784683,D,S,D,2024-05-01,9000000.00,4.873976,98.98046875
08:01:48,91282CKJ9,TSRYS5784683,D,B,C,2024-05-01,1000000.00,4.860976,99.015625
08:01:48,91282CKJ9,TSRYS5784683,D,S,D,2024-05-01,1000000.00,4.860976,99.015625
08:01:49,91282CKJ9,TSRYS5784683,D,S,D,2024-05-01,2000000.00,4.879033,98.96679687
08:01:49,91282CKJ9,TSRYS5784683,D,S,D,2024-05-01,2000000.00,4.879033,98.96679687
08:01:49,91282CKJ9,TSRYS5784683,D,S,D,2024-05-01,2000000.00,4.879033,98.96679687
08:01:49,91282CKJ9,TSRYS5784683,D,S,D,2024-05-01,2000000.00,4.879033,98.96679687
08:01:49,91282CKJ9,TSRYS5784683,D,S,D,2024-05-01,2000000.00,4.879033,98.96679687
08:01:49,91282CKJ9,TSRYS5784683,D,S,D,2024-05-01,2000000.00,4.879033,98.96679687
08:01:49,91282CKJ9,TSRYS5784683,D,S,D,2024-05-01,1000000.00,4.876865,98.97265625
08:01:49,91282CKJ9,TSRYS5784683,D,S,D,2024-05-01,1000000.00,4.876865,98.97265625
08:01:49,91282CKJ9,TSRYS5784683,D,S,D,2024-05-01,2000000.00,4.876865,98.97265625
08:01:49,91282CKJ9,TSRYS5784683,D,S,D,2024-05-01,1000000.00,4.876865,98.97265625
08:01:50,91282CKJ9,TSRYS5784683,D,S,T,2024-05-01,1000000.00,4.876865,98.97265625
08:01:50,91282CKJ9,TSRYS5784683,D,S,T,2024-05-01,2000000.00,4.876865,98.97265625
08:01:50,91282CKJ9,TSRYS5784683,D,S,T,2024-05-01,1000000.00,4.876865,98.97265625
08:01:50,91282CKJ9,TSRYS5784683,D,S,T,2024-05-01,2000000.00,4.876865,98.97265625
08:01:50,91282CKJ9,TSRYS5784683,D,S,T,2024-05-01,2000000.00,4.876865,98.97265625
08:01:50,91282CKJ9,TSRYS5784683,D,S,D,2024-05-01,1000000.00,4.863142,99.009765625
08:01:50,91282CKJ9,TSRYS5784683,D,B,C,2024-05-01,1000000.00,4.863142,99.009765625
08:01:50,91282CKJ9,TSRYS5784683,D,S,D,2024-05-01,1000000.00,4.863142,99.009765625
08:01:50,91282CKJ9,TSRYS5784683,D,B,C,2024-05-01,1000000.00,4.863142,99.009765625
08:01:50,91282CKJ9,TSRYS5784683,D,S,D,2024-05-01,2000000.00,4.876865,98.97265625
08:01:50,91282CKJ9,TSRYS5784683,D,S,T,2024-05-01,2000000.00,4.876865,98.97265625
08:01:50,91282CKJ9,TSRYS5784683,D,S,D,2024-05-01,1000000.00,4.876865,98.97265625
08:01:50,91282CKJ9,TSRYS5784683,D,S,C,2024-05-01,1000000.00,4.876865,98.97265625
08:01:50,91282CKJ9,TSRYS5784683,D,S,D,2024-05-01,1000000.00,4.876865,98.97265625
08:01:50,91282CKJ9,TSRYS5784683,D,S,D,2024-05-01,1000000.00,4.876865,98.97265625
08:01:52,91282CKJ9,TSRYS5784683,D,S,C,2024-05-01,2000000.00,4.863864,99.0078125
08:01:52,91282CKJ9,TSRYS5784683,D,S,C,2024-05-01,1000000.00,4.864586,99.005859375
08:01:52,91282CKJ9,TSRYS5784683,D,B,C,2024-05-01,1000000.00,4.864586,99.005659375
08:01:52,91282CKJ9,TSRYS5784683,D,S,C,2024-05-01,1000000.00,4.864586,99.005859375
08:01:52,91282CKJ9,TSRYS5784683,D,B,C,2024-05-01,1000000.00,4.864586,99.005659375
08:01:52,91282CKJ9,TSRYS5784683,D,S,D,2024-05-01,1000000.00,4.864586,99.005859375
08:01:52,91282CKJ9,TSRYS5784683,D,B,C,2024-05-01,1000000.00,4.864586,99.005659375
08:01:53,91282CKJ9,TSRYS5784683,D,S,A,2024-05-01,18527000.00,4.87217,98.985351563
08:01:53,91282CKJ9,TSRYS5784683,D,S,D,2024-05-01,2000000.00,4.879033,98.96679687
08:01:53,91282CKJ9,TSRYS5784683,D,S,C,2024-05-01,1000000.00,4.879033,98.96679687
08:01:53,91282CKJ9,TSRYS5784683,D,S,D,2024-05-01,1000000.00,4.879033,98.96679687
08:01:54,91282CKJ9,TSRYS5784683,D,S,D,2024-05-01,2000000.00,4.865308,99.00390625
08:01:54,91282CKJ9,TSRYS5784683,D,S,C,2024-05-01,1000000.00,4.864586,99.005859375
08:01:55,91282CKJ9,TSRYS5784683,D,S,C,2024-05-01,10000.00,4.868947,98.994067
08:01:55,91282CKJ9,TSRYS5784683,D,S,C,2024-05-01,1000000.00,4.873976,98.98046875
08:01:55,91282CKJ9,TSRYS5784683,D,B,C,2024-05-01,1000000.00,4.873976,98.98046875
08:01:55,91282CKJ9,TSRYS5784683,D,B,C,2024-05-01,1000000.00,4.873976,98.98046875
08:01:55,91282CKJ9,TSRYS5784683,D,S,C,2024-05-01,1000000.00,4.873976,98.98046875
08:01:55,91282CKJ9,TSRYS5784683,D,S,T,2024-05-01,1000000.00,4.872531,98.984375
08:01:55,91282CKJ9,TSRYS5784683,D,S,T,2024-05-01,1000000.00,4.871086,98.98828125
08:01:55,91282CKJ9,TSRYS5784683,D,S,C,2024-05-01,1000000.00,4.873976,98.98046875
08:01:55,91282CKJ9,TSRYS5784683,D,S,T,2024-05-01,1000000.00,4.872531,98.984375
08:01:55,91282CKJ9,TSRYS5784683,D,B,C,2024-05-01,1000000.00,4.873976,98.98046875
08:01:55,91282CKJ9,TSRYS5784683,D,S,T,2024-05-01,1000000.00,4.872531,98.984375
08:01:56,91282CKJ9,TSRYS5784683,D,S,D,2024-05-01,1000000.00,4.877588,98.97070312
08:01:56,91282CKJ9,TSRYS5784683,D,S,D,2024-05-01,1000000.00,4.871086,98.98828125
08:01:56,91282CKJ9,TSRYS5784683,D,B,C,2024-05-01,1000000.00,4.871086,98.98828125
08:01:56,91282CKJ9,TSRYS5784683,D,S,T,2024-05-01,1000000.00,4.872531,98.984375
08:01:56,91282CKJ9,TSRYS5784683,D,S,T,2024-05-01,2000000.00,4.87831,98.96875
08:01:56,91282CKJ9,TSRYS5784683,D,S,T,2024-05-01,1000000.00,4.872531,98.984375
08:01:56,91282CKJ9,TSRYS5784683,D,S,T,2024-05-01,1000000.00,4.872531,98.984375
08:01:56,91282CKJ9,TSRYS5784683,D,S,C,2024-05-01,1000000.00,4.869586,98.9923395
08:01:56,91282CKJ9,TSRYS5784683,D,S,C,2024-05-01,1000000.00,4.869586,98.9923395
08:01:56,91282CKJ9,TSRYS5784683,D,S,C,2024-05-01,1000000.00,4.869586,98.9923395
08:01:56,91282CKJ9,TSRYS5784683,D,B,C,2024-05-01,1000000.00,4.869697,98.9920375
08:01:56,91282CKJ9,TSRYS5784683,D,S,D,2024-05-01,1000000.00,4.877588,98.97070312
08:01:56,91282CKJ9,TSRYS5784683,D,S,C,2024-05-01,1000000.00,4.869586,98.9923395
08:01:56,91282CKJ9,TSRYS5784683,D,S,D,2024-05-01,1000000.00,4.877588,98.97070312
08:01:56,91282CKJ9,TSRYS5784683,D,S,D,2024-05-01,1000000.00,4.877588,98.97070312
08:01:56,91282CKJ9,TSRYS5784683,D,S,C,2024-05-01,1000000.00,4.869586,98.9923395
08:01:56,91282CKJ9,TSRYS5784683,D,S,T,2024-05-01,3000000.00,4.877588,98.97070312
08:01:56,91282CKJ9,TSRYS5784683,D,B,C,2024-05-01,1000000.00,4.869642,98.9921875
08:01:56,91282CKJ9,TSRYS5784683,D,S,D,2024-05-01,1000000.00,4.877588,98.97070312
08:01:56,91282CKJ9,TSRYS5784683,D,S,C,2024-05-01,2000000.00,4.87103,98.98843325
08:01:56,91282CKJ9,TSRYS5784683,D,S,C,2024-05-01,1000000.00,4.87103,98.98843325
08:01:56,91282CKJ9,TSRYS5784683,D,S,C,2024-05-01,2000000.00,4.87103,98.98843325
08:01:56,91282CKJ9,TSRYS5784683,D,S,C,2024-05-01,1000000.00,4.871086,98.98828125
08:01:56,91282CKJ9,TSRYS5784683,D,S,D,2024-05-01,1000000.00,4.871086,98.98828125
08:01:56,91282CKJ9,TSRYS5784683,D,S,A,2024-05-01,6700000.00,4.864611,99.01171875
08:01:56,91282CKJ9,TSRYS5784683,D,S,D,2024-05-01,2000000.00,4.879755,98.96484375
08:01:56,91282CKJ9,TSRYS5784683,D,S,D,2024-05-01,2000000.00,4.879755,98.96484375
08:01:56,91282CKJ9,TSRYS5784683,D,S,D,2024-05-01,2000000.00,4.877588,98.97070312
08:01:56,91282CKJ9,TSRYS5784683,D,S,C,2024-05-01,1000000.00,4.872475,98.984527
08:01:56,91282CKJ9,TSRYS5784683,D,S,D,2024-05-01,1000000.00,4.877588,98.97070312
08:01:56,91282CKJ9,TSRYS5784683,D,S,D,2024-05-01,1000000.00,4.877588,98.97070312
08:01:56,91282CKJ9,TSRYS5784683,D,S,C,2024-05-01,1000000.00,4.872475,98.984527
08:01:56,91282CKJ9,TSRYS5784683,D,S,C,2024-05-01,1000000.00,4.872475,98.984527
08:01:56,91282CKJ9,TSRYS5784683,D,S,C,2024-05-01,1000000.00,4.872475,98.984527
08:01:56,91282CKJ9,TSRYS5784683,D,S,C,2024-05-01,1000000.00,4.872475,98.984527
08:01:56,91282CKJ9,TSRYS5784683,D,S,C,2024-05-01,1000000.00,4.872457,98.984575
08:01:57,91282CKJ9,TSRYS5784683,D,S,C,2024-05-01,1000000.00,4.87831,98.96875
08:01:57,91282CKJ9,TSRYS5784683,D,S,D,2024-05-01,1000000.00,4.87831,98.96875
08:01:57,91282CKJ9,TSRYS5784683,D,S,D,2024-05-01,1000000.00,4.87831,98.96875
08:01:57,91282CKJ9,TSRYS5784683,D,S,C,2024-05-01,1000000.00,4.87831,98.96875
08:01:57,91282CKJ9,TSRYS5784683,D,S,C,2024-05-01,1000000.00,4.87831,98.96875
08:01:57,91282CKJ9,TSRYS5784683,D,S,D,2024-05-01,1000000.00,4.87831,98.96875
08:01:57,91282CKJ9,TSRYS5784683,D,S,C,2024-05-01,1000000.00,4.872457,98.984575
08:01:57,91282CKJ9,TSRYS5784683,D,S,C,2024-05-01,1000000.00,4.872457,98.984575
08:01:57,91282CKJ9,TSRYS5784683,D,S,C,2024-05-01,1000000.00,4.87242,98.984675
08:01:57,91282CKJ9,TSRYS5784683,D,B,C,2024-05-01,1000000.00,4.872531,98.984375
08:01:57,91282CKJ9,TSRYS5784683,D,S,C,2024-05-01,3000000.00,4.870975,98.98858125
08:01:57,91282CKJ9,TSRYS5784683,D,S,C,2024-05-01,2000000.00,4.870975,98.98858125
08:01:57,91282CKJ9,TSRYS5784683,D,S,C,2024-05-01,3000000.00,4.870975,98.98858125
08:01:57,91282CKJ9,TSRYS5784683,D,B,C,2024-05-01,1000000.00,4.868197,98.99609375
08:01:57,91282CKJ9,TSRYS5784683,D,S,C,2024-05-01,1000000.00,4.868132,98.99626875
08:01:57,91282CKJ9,TSRYS5784683,D,S,D,2024-05-01,2000000.00,4.876865,98.97265625
08:01:57,91282CKJ9,TSRYS5784683,D,S,D,2024-05-01,1000000.00,4.876865,98.97265625
08:01:57,91282CKJ9,TSRYS5784683,D,S,D,2024-05-01,1000000.00,4.876865,98.97265625
08:01:57,91282CKJ9,TSRYS5784683,D,B,C,2024-05-01,2000000.00,4.869697,98.9920375
08:01:57,91282CKJ9,TSRYS5784683,D,S,C,2024-05-01,2000000.00,4.869531,98.9924875
08:01:57,91282CKJ9,TSRYS5784683,D,S,D,2024-05-01,1000000.00,4.876865,98.97265625
08:01:57,91282CKJ9,TSRYS5784683,D,S,C,2024-05-01,1000000.00,4.869586,98.9923375
08:01:57,91282CKJ9,TSRYS5784683,D,S,D,2024-05-01,1000000.00,4.876865,98.97265625
08:01:57,91282CKJ9,TSRYS5784683,D,S,C,2024-05-01,1000000.00,4.876865,98.97265625
08:01:57,91282CKJ9,TSRYS5784683,D,S,D,2024-05-01,1000000.00,4.876865,98.97265625
08:01:57,91282CKJ9,TSRYS5784683,D,S,C,2024-05-01,1000000.00,4.868142,98.99624375
08:01:57,91282CKJ9,TSRYS5784683,D,S,C,2024-05-01,1000000.00,4.866753,99.0
08:01:57,91282CKJ9,TSRYS5784683,D,S,D,2024-05-01,1000000.00,4.864586,99.005859375
08:01:57,91282CKJ9,TSRYS5784683,D,S,D,2024-05-01,2000000.00,4.876865,98.97265625
08:01:57,91282CKJ9,TSRYS5784683,D,S,D,2024-05-01,1000000.00,4.876865,98.97265625
08:01:57,91282CKJ9,TSRYS5784683,D,B,C,2024-05-01,1000000.00,4.866845,98.99975
08:01:57,91282CKJ9,TSRYS5784683,D,S,D,2024-05-01,1000000.00,4.876865,98.97265625
08:01:58,91282CKJ9,TSRYS5784683,D,S,D,2024-05-01,1000000.00,4.876865,98.97265625
08:01:58,91282CKJ9,TSRYS5784683,D,B,C,2024-05-01,1000000.00,4.868197,98.99609375
08:01:58,91282CKJ9,TSRYS5784683,D,S,C,2024-05-01,1000000.00,4.868086,98.99639375
08:01:58,91282CKJ9,TSRYS5784683,D,B,C,2024-05-01,1000000.00,4.868197,98.99609375
08:01:58,91282CKJ9,TSRYS5784683,D,S,C,2024-05-01,1000000.00,4.868086,98.99639375
08:01:58,91282CKJ9,TSRYS5784683,D,S,C,2024-05-01,1000000.00,4.86242,99.01171875
08:01:58,91282CKJ9,TSRYS5784683,D,S,C,2024-05-01,1000000.00,4.86242,99.01171875
08:01:58,91282CKJ9,TSRYS5784683,D,S,C,2024-05-01,1000000.00,4.86242,99.01171875
08:01:58,91282CKJ9,TSRYS5784683,D,S,D,2024-05-01,1000000.00,4.86242,99.01171875
08:01:58,91282CKJ9,TSRYS5784683,D,S,C,2024-05-01,1000000.00,4.876865,98.97265625
08:01:58,91282CKJ9,TSRYS5784683,D,S,C,2024-05-01,1000000.00,4.876865,98.97265625
08:01:58,91282CKJ9,TSRYS5784683,D,S,D,2024-05-01,1000000.00,4.876865,98.97265625
08:01:58,91282CKJ9,TSRYS5784683,D,S,D,2024-05-01,1000000.00,4.876865,98.97265625
08:01:58,91282CKJ9,TSRYS5784683,D,S,D,2024-05-01,1000000.00,4.876865,98.97265625
08:01:58,91282CKJ9,TSRYS5784683,D,B,C,2024-05-01,1000000.00,4.865308,99.00390625
08:01:58,91282CKJ9,TSRYS5784683,D,S,C,2024-05-01,1000000.00,4.865197,99.00420625
08:01:58,91282CKJ9,TSRYS5784683,D,S,D,2024-05-01,1000000.00,4.876865,98.97265625
08:01:58,91282CKJ9,TSRYS5784683,D,S,C,2024-05-01,1000000.00,4.865253,99.00405625
08:01:58,91282CKJ9,TSRYS5784683,D,B,C,2024-05-01,1000000.00,4.865382,99.00370625
08:01:58,91282CKJ9,TSRYS5784683,D,S,D,2024-05-01,4000000.00,4.876865,98.97265625
08:01:58,91282CKJ9,TSRYS5784683,D,S,D,2024-05-01,1000000.00,4.876865,98.97265625
08:01:58,91282CKJ9,TSRYS5784683,D,S,C,2024-05-01,1000000.00,4.865197,99.00420625
08:01:58,91282CKJ9,TSRYS5784683,D,S,D,2024-05-01,1000000.00,4.876865,98.97265625
08:01:58,91282CKJ9,TSRYS5784683,D,S,C,2024-05-01,1000000.00,4.865308,99.00390625
08:01:58,91282CKJ9,TSRYS5784683,D,S,D,2024-05-01,4000000.00,4.876865,98.97265625
08:01:58,91282CKJ9,TSRYS5784683,D,S,C,2024-05-01,1000000.00,4.865253,99.00405625
08:01:58,91282CKJ9,TSRYS5784683,D,S,D,2024-05-01,4000000.00,4.876865,98.97265625
08:01:58,91282CKJ9,TSRYS5784683,D,S,T,2024-05-01,1000000.00,4.876865,98.97265625
08:01:58,91282CKJ9,TSRYS5784683,D,S,D,2024-05-01,1000000.00,4.876865,98.97265625
08:01:58,91282CKJ9,TSRYS5784683,D,B,C,2024-05-01,1000000.00,4.865382,99.00370625
08:01:58,91282CKJ9,TSRYS5784683,D,B,C,2024-05-01,1000000.00,4.865382,99.00370625
08:01:58,91282CKJ9,TSRYS5784683,D,S,D,2024-05-01,1000000.00,4.876865,98.97265625
08:01:58,91282CKJ9,TSRYS5784683,D,S,C,2024-05-01,1000000.00,4.865253,99.00405625
08:01:58,91282CKJ9,TSRYS5784683,D,B,C,2024-05-01,1000000.00,4.865308,99.00390625
08:01:58,91282CKJ9,TSRYS5784683,D,S,C,2024-05-01,1000000.00,4.876865,98.97265625
08:01:58,91282CKJ9,TSRYS5784683,D,S,D,2024-05-01,1000000.00,4.876865,98.97265625
08:01:58,91282CKJ9,TSRYS5784683,D,S,D,2024-05-01,2000000.00,4.876865,98.97265625
08:01:58,91282CKJ9,TSRYS5784683,D,S,T,2024-05-01,1000000.00,4.876865,98.97265625
08:01:58,91282CKJ9,TSRYS5784683,D,S,T,2024-05-01,1000000.00,4.876865,98.97265625
08:01:58,91282CKJ9,TSRYS5784683,D,S,T,2024-05-01,2000000.00,4.876865,98.97265625
08:01:58,91282CKJ9,TSRYS5784683,D,S,T,2024-05-01,1000000.00,4.876865,98.97265625
08:01:58,91282CKJ9,TSRYS5784683,D,S,T,2024-05-01,2000000.00,4.876865,98.97265625
08:01:58,91282CKJ9,TSRYS5784683,D,S,T,2024-05-01,1000000.00,4.876865,98.97265625
08:01:58,91282CKJ9,TSRYS5784683,D,S,C,2024-05-01,1000000.00,4.865253,99.00405625
08:01:58,91282CKJ9,TSRYS5784683,D,S,C,2024-05-01,1000000.00,4.865253,99.00405625
08:01:58,91282CKJ9,TSRYS5784683,D,S,T,2024-05-01,1000000.00,4.876865,98.97265625
08:01:58,91282CKJ9,TSRYS5784683,D,S,C,2024-05-01,1000000.00,4.865253,99.00405625
08:01:58,91282CKJ9,TSRYS5784683,D,S,C,2024-05-01,1000000.00,4.876865,98.97265625
08:01:58,91282CKJ9,TSRYS5784683,D,S,D,2024-05-01,1000000.00,4.86242,99.01171875
08:01:58,91282CKJ9,TSRYS5784683,D,S,D,2024-05-01,1000000.00,4.86242,99.01171875
08:01:58,91282CKJ9,TSRYS5784683,D,S,D,2024-05-01,2000000.00,4.86242,99.01171875
08:01:58,91282CKJ9,TSRYS5784683,D,S,C,2024-05-01,1000000.00,4.86242,99.01171875
08:01:58,91282CKJ9,TSRYS5784683,D,S,C,2024-05-01,1000000.00,4.86242,99.01171875
08:01:58,91282CKJ9,TSRYS5784683,D,S,D,2024-05-01,1000000.00,4.876865,98.97265625
08:01:58,91282CKJ9,TSRYS5784683,D,S,D,2024-05-01,1000000.00,4.876865,98.97265625
08:01:58,91282CKJ9,TSRYS5784683,D,S,C,2024-05-01,1000000.00,4.865253,99.00405625
08:01:58,91282CKJ9,TSRYS5784683,D,S,D,2024-05-01,2000000.00,4.876865,98.97265625
08:01:58,91282CKJ9,TSRYS5784683,D,S,C,2024-05-01,1000000.00,4.876865,98.97265625
08:01:58,91282CKJ9,TSRYS5784683,D,S,C,2024-05-01,1000000.00,4.876865,98.97265625
08:01:58,91282CKJ9,TSRYS5784683,D,S,D,2024-05-01,2000000.00,4.876865,98.97265625
08:01:58,91282CKJ9,TSRYS5784683,D,S,T,2024-05-01,1000000.00,4.876865,98.97265625
08:01:58,91282CKJ9,TSRYS5784683,D,B,C,2024-05-01,1000000.00,4.865308,99.00390625
08:01:58,91282CKJ9,TSRYS5784683,D,S,D,2024-05-01,2000000.00,4.876865,98.97265625
08:01:58,91282CKJ9,TSRYS5784683,D,S,D,2024-05-01,1000000.00,4.876865,98.97265625
08:01:58,91282CKJ9,TSRYS5784683,D,S,D,2024-05-01,1000000.00,4.876865,98.97265625
08:01:58,91282CKJ9,TSRYS5784683,D,S,C,2024-05-01,1000000.00,4.865197,99.00420625
08:01:58,91282CKJ9,TSRYS5784683,D,B,C,2024-05-01,1000000.00,4.865308,99.00390625
08:01:58,91282CKJ9,TSRYS5784683,D,S,T,2024-05-01,1000000.00,4.876865,98.97265625
08:01:58,91282CKJ9,TSRYS5784683,D,S,D,2024-05-01,1000000.00,4.876865,98.97265625
08:01:58,91282CKJ9,TSRYS5784683,D,S,D,2024-05-01,1000000.00,4.876865,98.97265625
08:01:58,91282CKJ9,TSRYS5784683,D,S,D,2024-05-01,1000000.00,4.876865,98.97265625
08:01:58,91282CKJ9,TSRYS5784683,D,S,D,2024-05-01,2000000.00,4.876865,98.97265625
08:01:58,91282CKJ9,TSRYS5784683,D,S,D,2024-05-01,1000000.00,4.876865,98.97265625
08:01:58,91282CKJ9,TSRYS5784683,D,S,T,2024-05-01,2000000.00,4.876939,98.97245625
08:01:58,91282CKJ9,TSRYS5784683,D,S,T,2024-05-01,1000000.00,4.876939,98.97245625
08:01:58,91282CKJ9,TSRYS5784683,D,S,T,2024-05-01,1000000.00,4.876939,98.97245625
08:01:58,91282CKJ9,TSRYS5784683,D,S,T,2024-05-01,1000000.00,4.876939,98.97245625
08:01:58,91282CKJ9,TSRYS5784683,D,S,T,2024-05-01,1000000.00,4.876939,98.97245625
08:01:58,91282CKJ9,TSRYS5784683,D,S,T,2024-05-01,1000000.00,4.876939,98.97245625
08:01:58,91282CKJ9,TSRYS5784683,D,S,T,2024-05-01,1000000.00,4.876939,98.97245625
08:01:58,91282CKJ9,TSRYS5784683,D,S,D,2024-05-01,2000000.00,4.876865,98.97265625
08:01:58,91282CKJ9,TSRYS5784683,D,S,D,2024-05-01,1000000.00,4.876865,98.97265625
08:01:58,91282CKJ9,TSRYS5784683,D,B,A,2024-05-01,2000000.00,4.872531,98.984375
08:01:58,91282CKJ9,TSRYS5784683,D,S,T,2024-05-01,1000000.00,4.876865,98.97265625
08:01:58,91282CKJ9,TSRYS5784683,D,S,T,2024-05-01,1000000.00,4.876865,98.97265625
08:01:59,91282CKJ9,TSRYS5784683,D,S,C,2024-05-01,1000000.00,4.876865,98.97265625
08:01:59,91282CKJ9,TSRYS5784683,D,S,C,2024-05-01,1000000.00,4.876865,98.97265625
08:01:59,91282CKJ9,TSRYS5784683,D,S,D,2024-05-01,1000000.00,4.876865,98.97265625
08:01:59,91282CKJ9,TSRYS5784683,D,S,C,2024-05-01,2000000.00,4.865197,99.00420625
08:01:59,91282CKJ9,TSRYS5784683,D,S,T,2024-05-01,1000000.00,4.876865,98.97265625
08:01:59,91282CKJ9,TSRYS5784683,D,B,C,2024-05-01,2000000.00,4.865308,99.00390625
08:01:59,91282CKJ9,TSRYS5784683,D,S,C,2024-05-01,2000000.00,4.876865,98.97265625
08:01:59,91282CKJ9,TSRYS5784683,D,B,C,2024-05-01,1000000.00,4.876143,98.97460937
08:01:59,91282CKJ9,TSRYS5784683,D,B,C,2024-05-01,1000000.00,4.865308,99.00390625
08:01:59,91282CKJ9,TSRYS5784683,D,S,D,2024-05-01,1000000.00,4.86242,99.01171875
08:01:59,91282CKJ9,TSRYS5784683,D,B,C,2024-05-01,2000000.00,4.861698,99.013671875
08:01:59,91282CKJ9,TSRYS5784683,D,S,C,2024-05-01,2000000.00,4.861698,99.013671875
08:01:59,91282CKJ9,TSRYS5784683,D,S,C,2024-05-01,2000000.00,4.860976,99.015625
08:01:59,91282CKJ9,TSRYS5784683,D,S,D,2024-05-01,1000000.00,4.861698,99.013671875
08:01:59,91282CKJ9,TSRYS5784683,D,S,D,2024-05-01,1000000.00,4.863142,99.009765625
08:01:59,91282CKJ9,TSRYS5784683,D,S,C,2024-05-01,1000000.00,4.865308,99.00390625
08:01:59,91282CKJ9,TSRYS5784683,D,S,D,2024-05-01,2000000.00,4.872531,98.984375
08:01:59,91282CKJ9,TSRYS5784683,D,S,D,2024-05-01,1000000.00,4.872531,98.984375
08:01:59,91282CKJ9,TSRYS5784683,D,S,C,2024-05-01,25000.00,4.868947,98.994067
08:01:59,91282CKJ9,TSRYS5784683,D,B,C,2024-05-01,1000000.00,4.868253,98.99594375
08:01:59,91282CKJ9,TSRYS5784683,D,S,C,2024-05-01,1000000.00,4.868123,98.99629375
08:01:59,91282CKJ9,TSRYS5784683,D,B,C,2024-05-01,1000000.00,4.873976,98.98046875
08:01:59,91282CKJ9,TSRYS5784683,D,B,C,2024-05-01,1000000.00,4.873976,98.98046875
08:01:59,91282CKJ9,TSRYS5784683,D,B,C,2024-05-01,1000000.00,4.873976,98.98046875
08:01:59,91282CKJ9,TSRYS5784683,D,B,C,2024-05-01,1000000.00,4.873976,98.98046875
08:01:59,91282CKJ9,TSRYS5784683,D,B,C,2024-05-01,1000000.00,4.873976,98.98046875
08:01:59,91282CKJ9,TSRYS5784683,D,B,C,2024-05-01,1000000.00,4.873976,98.98046875
08:01:59,91282CKJ9,TSRYS5784683,D,B,C,2024-05-01,1000000.00,4.873976,98.98046875
08:01:59,91282CKJ9,TSRYS5784683,D,S,C,2024-05-01,1000000.00,4.863142,99.009765625
08:01:59,91282CKJ9,TSRYS5784683,D,B,C,2024-05-01,1000000.00,4.866753,99.0
08:01:59,91282CKJ9,TSRYS5784683,D,B,C,2024-05-01,1000000.00,4.866753,99.0
08:01:59,91282CKJ9,TSRYS5784683,D,B,C,2024-05-01,1000000.00,4.866753,99.0
08:01:59,91282CKJ9,TSRYS5784683,D,S,C,2024-05-01,2000000.00,4.866642,99.0003
08:01:59,91282CKJ9,TSRYS5784683,D,S,C,2024-05-01,1000000.00,4.866642,99.0003
08:01:59,91282CKJ9,TSRYS5784683,D,S,C,2024-05-01,1000000.00,4.866642,99.0003
08:01:59,91282CKJ9,TSRYS5784683,D,S,C,2024-05-01,1000000.00,4.866642,99.0003
08:01:59,91282CKJ9,TSRYS5784683,D,S,C,2024-05-01,1000000.00,4.868197,98.99609375
08:02:00,91282CKJ9,TSRYS5784683,D,S,D,2024-05-01,2000000.00,4.873976,98.98046875
08:02:00,91282CKJ9,TSRYS5784683,D,S,T,2024-05-01,1000000.00,4.87405,98.98026875
08:02:00,91282CKJ9,TSRYS5784683,D,S,T,2024-05-01,1000000.00,4.87405,98.98026875
08:02:00,91282CKJ9,TSRYS5784683,D,S,D,2024-05-01,2000000.00,4.873976,98.98046875
08:02:00,91282CKJ9,TSRYS5784683,D,S,D,2024-05-01,2000000.00,4.873976,98.98046875
08:02:00,91282CKJ9,TSRYS5784683,D,S,D,2024-05-01,2000000.00,4.873976,98.98046875
08:02:00,91282CKJ9,TSRYS5784683,D,S,D,2024-05-01,1000000.00,4.873976,98.98046875
08:02:00,91282CKJ9,TSRYS5784683,D,S,D,2024-05-01,2000000.00,4.873976,98.98046875
08:02:00,91282CKJ9,TSRYS5784683,D,S,T,2024-05-01,1000000.00,4.872531,98.984375
08:02:00,91282CKJ9,TSRYS5784683,D,S,D,2024-05-01,1000000.00,4.873976,98.98046875
08:02:00,91282CKJ9,TSRYS5784683,D,S,D,2024-05-01,2000000.00,4.873976,98.98046875
08:02:00,91282CKJ9,TSRYS5784683,D,S,D,2024-05-01,2000000.00,4.873976,98.98046875
08:02:00,91282CKJ9,TSRYS5784683,D,S,D,2024-05-01,2000000.00,4.873976,98.98046875
08:02:00,91282CKJ9,TSRYS5784683,D,S,D,2024-05-01,2000000.00,4.873976,98.98046875
08:02:00,91282CKJ9,TSRYS5784683,D,S,D,2024-05-01,2000000.00,4.873976,98.98046875
08:02:00,91282CKJ9,TSRYS5784683,D,S,D,2024-05-01,2000000.00,4.873976,98.98046875
08:02:00,91282CKJ9,TSRYS5784683,D,S,D,2024-05-01,2000000.00,4.873976,98.98046875
08:02:00,91282CKJ9,TSRYS5784683,D,S,C,2024-05-01,1000000.00,4.866642,99.0003
08:02:00,91282CKJ9,TSRYS5784683,D,S,C,2024-05-01,1000000.00,4.866642,99.0003
08:02:00,91282CKJ9,TSRYS5784683,D,B,C,2024-05-01,1000000.00,4.866837,98.999773
08:02:00,91282CKJ9,TSRYS5784683,D,B,C,2024-05-01,1000000.00,4.866837,98.999773
08:02:00,91282CKJ9,TSRYS5784683,D,S,D,2024-05-01,2000000.00,4.873976,98.98046875
08:02:00,91282CKJ9,TSRYS5784683,D,S,D,2024-05-01,2000000.00,4.873976,98.98046875
08:02:00,91282CKJ9,TSRYS5784683,D,S,D,2024-05-01,2000000.00,4.873976,98.98046875
08:02:00,91282CKJ9,TSRYS5784683,D,S,D,2024-05-01,2000000.00,4.873976,98.98046875
08:02:00,91282CKJ9,TSRYS5784683,D,S,D,2024-05-01,2000000.00,4.873976,98.98046875
08:02:00,91282CKJ9,TSRYS5784683,D,S,D,2024-05-01,2000000.00,4.873976,98.98046875
08:02:00,91282CKJ9,TSRYS5784683,D,S,D,2024-05-01,2000000.00,4.873976,98.98046875
08:02:00,91282CKJ9,TSRYS5784683,D,S,D,2024-05-01,2000000.00,4.873976,98.98046875
08:02:00,91282CKJ9,TSRYS5784683,D,S,D,2024-05-01,2000000.00,4.873976,98.98046875
08:02:00,91282CKJ9,TSRYS5784683,D,S,D,2024-05-01,2000000.00,4.873976,98.98046875
08:02:00,91282CKJ9,TSRYS5784683,D,S,T,2024-05-01,1000000.00,4.873976,98.98046875
08:02:00,91282CKJ9,TSRYS5784683,D,S,T,2024-05-01,1000000.00,4.873976,98.98046875
08:02:00,91282CKJ9,TSRYS5784683,D,S,T,2024-05-01,1000000.00,4.873976,98.98046875
08:02:00,91282CKJ9,TSRYS5784683,D,S,T,2024-05-01,1000000.00,4.873976,98.98046875
08:02:00,91282CKJ9,TSRYS5784683,D,S,C,2024-05-01,1000000.00,4.866753,99.0
08:02:00,91282CKJ9,TSRYS5784683,D,B,C,2024-05-01,1000000.00,4.866753,99.0
08:02:00,91282CKJ9,TSRYS5784683,D,S,C,2024-05-01,2000000.00,4.866642,99.0003
08:02:00,91282CKJ9,TSRYS5784683,D,S,T,2024-05-01,1000000.00,4.873976,98.98046875
08:02:00,91282CKJ9,TSRYS5784683,D,S,D,2024-05-01,1000000.00,4.873976,98.98046875
08:02:00,91282CKJ9,TSRYS5784683,D,S,D,2024-05-01,1000000.00,4.873976,98.98046875
08:02:00,91282CKJ9,TSRYS5784683,D,S,C,2024-05-01,2000000.00,4.863753,99.0081125
08:02:00,91282CKJ9,TSRYS5784683,D,B,C,2024-05-01,1000000.00,4.863864,99.0078125
08:02:00,91282CKJ9,TSRYS5784683,D,S,D,2024-05-01,1000000.00,4.863864,99.0078125
08:02:00,91282CKJ9,TSRYS5784683,D,S,C,2024-05-01,1000000.00,4.863753,99.0081125
08:02:00,91282CKJ9,TSRYS5784683,D,B,C,2024-05-01,1000000.00,4.863864,99.0078125
08:02:00,91282CKJ9,TSRYS5784683,D,S,C,2024-05-01,2000000.00,4.863753,99.0081125
08:02:00,91282CKJ9,TSRYS5784683,D,S,D,2024-05-01,1000000.00,4.863864,99.0078125
08:02:00,91282CKJ9,TSRYS5784683,D,B,C,2024-05-01,1000000.00,4.86392,99.0076625
08:02:00,91282CKJ9,TSRYS5784683,D,S,D,2024-05-01,1000000.00,4.863864,99.0078125
08:02:00,91282CKJ9,TSRYS5784683,D,S,D,2024-05-01,2000000.00,4.873976,98.98046875
08:02:00,91282CKJ9,TSRYS5784683,D,S,D,2024-05-01,2000000.00,4.873976,98.98046875
08:02:00,91282CKJ9,TSRYS5784683,D,S,D,2024-05-01,2000000.00,4.873976,98.98046875
08:02:00,91282CKJ9,TSRYS5784683,D,S,D,2024-05-01,2000000.00,4.873976,98.98046875
08:02:00,91282CKJ9,TSRYS5784683,D,S,D,2024-05-01,1000000.00,4.873976,98.98046875
08:02:00,91282CKJ9,TSRYS5784683,D,S,C,2024-05-01,1000000.00,4.86242,99.01171875
08:02:00,91282CKJ9,TSRYS5784683,D,B,C,2024-05-01,1000000.00,4.86242,99.01171875
08:02:00,91282CKJ9,TSRYS5784683,D,S,D,2024-05-01,1000000.00,4.873976,98.98046875
08:02:01,91282CKJ9,TSRYS5784683,D,S,D,2024-05-01,1000000.00,4.873976,98.98046875
08:02:01,91282CKJ9,TSRYS5784683,D,S,D,2024-05-01,1000000.00,4.873976,98.98046875
08:02:01,91282CKJ9,TSRYS5784683,D,S,T,2024-05-01,1000000.00,4.873976,98.98046875
08:02:01,91282CKJ9,TSRYS5784683,D,S,T,2024-05-01,2000000.00,4.87405,98.98026875
08:02:01,91282CKJ9,TSRYS5784683,D,S,T,2024-05-01,1000000.00,4.87405,98.98026875
08:02:01,91282CKJ9,TSRYS5784683,D,S,T,2024-05-01,2000000.00,4.87405,98.98026875
08:02:01,91282CKJ9,TSRYS5784683,D,S,T,2024-05-01,1000000.00,4.87405,98.98026875
08:02:01,91282CKJ9,TSRYS5784683,D,S,T,2024-05-01,1000000.00,4.87405,98.98026875
08:02:01,91282CKJ9,TSRYS5784683,D,S,T,2024-05-01,1000000.00,4.87405,98.98026875
08:02:01,91282CKJ9,TSRYS5784683,D,S,T,2024-05-01,1000000.00,4.87405,98.98026875
08:02:01,91282CKJ9,TSRYS5784683,D,S,T,2024-05-01,1000000.00,4.87405,98.98026875
08:02:01,91282CKJ9,TSRYS5784683,D,S,T,2024-05-01,1000000.00,4.87405,98.98026875
08:02:01,91282CKJ9,TSRYS5784683,D,B,C,2024-05-01,2000000.00,4.876865,98.97265625
08:02:01,91282CKJ9,TSRYS5784683,D,B,C,2024-05-01,1000000.00,4.876865,98.97265625
08:02:01,91282CKJ9,TSRYS5784683,D,B,C,2024-05-01,1000000.00,4.876865,98.97265625
08:02:01,91282CKJ9,TSRYS5784683,D,B,C,2024-05-01,1000000.00,4.876865,98.97265625
08:02:01,91282CKJ9,TSRYS5784683,D,B,C,2024-05-01,1000000.00,4.876865,98.97265625
08:02:01,91282CKJ9,TSRYS5784683,D,S,D,2024-05-01,1000000.00,4.876143,98.97460937
08:02:01,91282CKJ9,TSRYS5784683,D,S,D,2024-05-01,1000000.00,4.876143,98.97460937
08:02:01,91282CKJ9,TSRYS5784683,D,S,D,2024-05-01,2000000.00,4.876143,98.97460937
08:02:02,91282CKJ9,TSRYS5784683,D,S,D,2024-05-01,1000000.00,4.876143,98.97460937
08:02:02,91282CKJ9,TSRYS5784683,D,S,D,2024-05-01,1000000.00,4.876143,98.97460937
08:02:02,91282CKJ9,TSRYS5784683,D,S,D,2024-05-01,1000000.00,4.876143,98.97460937
08:02:02,91282CKJ9,TSRYS5784683,D,S,D,2024-05-01,1000000.00,4.876143,98.97460937
08:02:02,91282CKJ9,TSRYS5784683,D,S,C,2024-05-01,1000000.00,4.876143,98.97460937
08:02:02,91282CKJ9,TSRYS5784683,D,S,C,2024-05-01,1000000.00,4.876143,98.97460937
08:02:02,91282CKJ9,TSRYS5784683,D,S,D,2024-05-01,2000000.00,4.876143,98.97460937
08:02:02,91282CKJ9,TSRYS5784683,D,S,D,2024-05-01,2000000.00,4.876143,98.97460937
08:02:02,91282CKJ9,TSRYS5784683,D,S,D,2024-05-01,1000000.00,4.876143,98.97460937
08:02:02,91282CKJ9,TSRYS5784683,D,S,C,2024-05-01,1000000.00,4.876143,98.97460937
08:02:02,91282CKJ9,TSRYS5784683,D,S,D,2024-05-01,1000000.00,4.876143,98.97460937
08:02:02,91282CKJ9,TSRYS5784683,D,S,C,2024-05-01,1000000.00,4.876143,98.97460937
08:02:02,91282CKJ9,TSRYS5784683,D,S,D,2024-05-01,3000000.00,4.876143,98.97460937
08:02:02,91282CKJ9,TSRYS5784683,D,S,D,2024-05-01,3000000.00,4.876143,98.97460937
08:02:02,91282CKJ9,TSRYS5784683,D,S,T,2024-05-01,2000000.00,4.876143,98.97460937
08:02:02,91282CKJ9,TSRYS5784683,D,S,D,2024-05-01,2000000.00,4.876143,98.97460937
08:02:02,91282CKJ9,TSRYS5784683,D,S,T,2024-05-01,2000000.00,4.876143,98.97460937
08:02:02,91282CKJ9,TSRYS5784683,D,S,T,2024-05-01,2000000.00,4.876143,98.97460937
08:02:02,91282CKJ9,TSRYS5784683,D,S,T,2024-05-01,2000000.00,4.876143,98.97460937
08:02:02,91282CKJ9,TSRYS5784683,D,S,D,2024-05-01,2000000.00,4.876143,98.97460937
08:02:02,91282CKJ9,TSRYS5784683,D,S,D,2024-05-01,1000000.00,4.876143,98.97460937
08:02:02,91282CKJ9,TSRYS5784683,D,S,D,2024-05-01,1000000.00,4.876143,98.97460937
08:02:02,91282CKJ9,TSRYS5784683,D,S,T,2024-05-01,1000000.00,4.876143,98.97460937
08:02:02,91282CKJ9,TSRYS5784683,D,S,T,2024-05-01,2000000.00,4.876143,98.97460937
08:02:02,91282CKJ9,TSRYS5784683,D,S,T,2024-05-01,1000000.00,4.876143,98.97460937
08:02:03,91282CKJ9,TSRYS5784683,D,S,D,2024-05-01,1000000.00,4.87831,98.96875
08:02:03,91282CKJ9,TSRYS5784683,D,S,D,2024-05-01,500000.00,4.87542,98.9765625
08:02:03,91282CKJ9,TSRYS5784683,D,S,T,2024-05-01,3000000.00,4.873976,98.98046875
08:02:03,91282CKJ9,TSRYS5784683,D,S,T,2024-05-01,1000000.00,4.869642,98.9921875
08:02:03,91282CKJ9,TSRYS5784683,D,B,C,2024-05-01,40000.00,4.876865,98.97265625
08:02:03,91282CKJ9,TSRYS5784683,D,S,D,2024-05-01,2000000.00,4.871809,98.98632812
08:02:03,91282CKJ9,TSRYS5784683,D,S,D,2024-05-01,3000000.00,4.871809,98.98632812
08:02:03,91282CKJ9,TSRYS5784683,D,S,D,2024-05-01,1000000.00,4.871809,98.98632812
08:02:03,91282CKJ9,TSRYS5784683,D,B,C,2024-05-01,250MM+,4.876716,98.97306
08:02:04,91282CKJ9,TSRYS5784683,D,S,D,2024-05-01,2150000.00,4.87831,98.96875
08:02:04,91282CKJ9,TSRYS5784683,D,S,D,2024-05-01,4000000.00,4.867475,98.99804687
08:02:04,91282CKJ9,TSRYS5784683,D,S,C,2024-05-01,250000000.00,4.876021,98.97494
08:02:05,91282CKJ9,TSRYS5784683,D,S,D,2024-05-01,2000000.00,4.870364,98.99023437
08:02:05,91282CKJ9,TSRYS5784683,D,B,C,2024-05-01,500000.00,4.875421,98.97656
08:02:06,91282CKJ9,TSRYS5784683,D,S,C,2024-05-01,5000.00,4.868947,98.994067
08:02:06,91282CKJ9,TSRYS5784683,D,S,T,2024-05-01,2000000.00,4.872587,98.984223
08:02:06,91282CKJ9,TSRYS5784683,D,S,T,2024-05-01,1000000.00,4.872587,98.984223
08:02:06,91282CKJ9,TSRYS5784683,D,S,T,2024-05-01,1000000.00,4.872587,98.984223
08:02:06,91282CKJ9,TSRYS5784683,D,S,T,2024-05-01,1000000.00,4.872587,98.984223
08:02:08,91282CKJ9,TSRYS5784683,D,S,T,2024-05-01,1000000.00,4.872531,98.984375
08:02:10,91282CKJ9,TSRYS5784683,D,S,C,2024-05-01,1000000.00,4.869642,98.9921875
08:02:10,91282CKJ9,TSRYS5784683,D,B,C,2024-05-01,1000000.00,4.869642,98.9921875
08:02:10,91282CKJ9,TSRYS5784683,D,S,D,2024-05-01,2000000.00,4.872531,98.984375
08:02:10,91282CKJ9,TSRYS5784683,D,S,C,2024-05-01,1000000.00,4.871086,98.98828125
08:02:10,91282CKJ9,TSRYS5784683,D,B,C,2024-05-01,1000000.00,4.871086,98.98828125
08:02:11,91282CKJ9,TSRYS5784683,D,S,C,2024-05-01,2000000.00,4.871086,98.98828125
08:02:12,91282CKJ9,TSRYS5784683,D,S,T,2024-05-01,2000000.00,4.867475,98.998046875
08:02:15,91282CKJ9,TSRYS5784683,D,B,C,2024-05-01,1000000.00,4.862475,99.01156875
08:02:15,91282CKJ9,TSRYS5784683,D,S,D,2024-05-01,1000000.00,4.86242,99.01171875
08:02:15,91282CKJ9,TSRYS5784683,D,S,D,2024-05-01,1000000.00,4.86242,99.01171875
08:02:15,91282CKJ9,TSRYS5784683,D,B,C,2024-05-01,1000000.00,4.862512,99.01146875
08:02:15,91282CKJ9,TSRYS5784683,D,S,C,2024-05-01,1000000.00,4.860911,99.0158
08:02:15,91282CKJ9,TSRYS5784683,D,B,C,2024-05-01,1000000.00,4.860976,99.015625
08:02:16,91282CKJ9,TSRYS5784683,D,S,T,2024-05-01,1000000.00,4.869642,98.9921875
08:02:16,91282CKJ9,TSRYS5784683,D,B,C,2024-05-01,1000000.00,4.86242,99.01171875
08:02:16,91282CKJ9,TSRYS5784683,D,S,D,2024-05-01,1000000.00,4.86242,99.01171875
08:02:16,91282CKJ9,TSRYS5784683,D,S,D,2024-05-01,1000000.00,4.86242,99.01171875
08:02:16,91282CKJ9,TSRYS5784683,D,B,C,2024-05-01,1000000.00,4.862531,99.01141875
08:02:16,91282CKJ9,TSRYS5784683,D,S,D,2024-05-01,2000000.00,4.86242,99.01171875
08:02:16,91282CKJ9,TSRYS5784683,D,B,C,2024-05-01,2000000.00,4.862531,99.01141875
08:02:16,91282CKJ9,TSRYS5784683,D,B,C,2024-05-01,1000000.00,4.86242,99.01171875
08:02:16,91282CKJ9,TSRYS5784683,D,S,C,2024-05-01,1000000.00,4.862309,99.01201875
08:02:16,91282CKJ9,TSRYS5784683,D,S,C,2024-05-01,2000000.00,4.862309,99.01201875
08:02:16,91282CKJ9,TSRYS5784683,D,S,C,2024-05-01,1000000.00,4.862309,99.01201875
08:02:16,91282CKJ9,TSRYS5784683,D,B,C,2024-05-01,1000000.00,4.86242,99.01171875
08:02:16,91282CKJ9,TSRYS5784683,D,S,C,2024-05-01,1000000.00,4.86242,99.01171875
08:02:16,91282CKJ9,TSRYS5784683,D,B,C,2024-05-01,1000000.00,4.86392,99.0076625
08:02:16,91282CKJ9,TSRYS5784683,D,S,C,2024-05-01,1000000.00,4.865197,99.00420625
08:02:16,91282CKJ9,TSRYS5784683,D,B,C,2024-05-01,1000000.00,4.86392,99.0076625
08:02:16,91282CKJ9,TSRYS5784683,D,B,C,2024-05-01,1000000.00,4.865419,99.00360625
