tradeTime,cusip,issueSymbolIdentifier,priceType,reportingSideCode,contraPartyTypeCode,tradeDate,reportedTradeVolume,lastSaleYield,lastSalePrice
08:00:06,91282CKR1,TSRYS5802848,D,S,D,2024-05-17,2000000.00,4.55985,99.833984375
08:00:06,91282CKR1,TSRYS5802848,D,S,T,2024-05-17,1000000.00,4.560557,99.83203125
08:00:06,91282CKR1,TSRYS5802848,D,S,T,2024-05-17,1000000.00,4.55985,99.833984375
08:00:06,91282CKR1,TSRYS5802848,D,S,T,2024-05-17,1000000.00,4.556312,99.84375
08:00:06,91282CKR1,TSRYS5802848,D,S,D,2024-05-17,3000000.00,4.554897,99.84765625
08:00:06,91282CKR1,TSRYS5802848,D,S,D,2024-05-17,2000000.00,4.553482,99.8515625
08:00:06,91282CKR1,TSRYS5802848,D,S,D,2024-05-17,3000000.00,4.553482,99.8515625
08:00:06,91282CKR1,TSRYS5802848,D,S,D,2024-05-17,1000000.00,4.555604,99.845703125
08:00:06,91282CKR1,TSRYS5802848,D,S,D,2024-05-17,1000000.00,4.557019,99.841796875
08:00:06,91282CKR1,TSRYS5802848,D,S,T,2024-05-17,1000000.00,4.556312,99.84375
08:00:06,91282CKR1,TSRYS5802848,D,S,D,2024-05-17,1000000.00,4.557019,99.841796875
08:00:06,91282CKR1,TSRYS5802848,D,S,D,2024-05-17,1000000.00,4.55985,99.833984375
08:00:06,91282CKR1,TSRYS5802848,D,S,D,2024-05-17,1000000.00,4.55985,99.833984375
08:00:06,91282CKR1,TSRYS5802848,D,S,D,2024-05-17,1000000.00,4.55985,99.833984375
08:00:06,91282CKR1,TSRYS5802848,D,S,D,2024-05-17,1000000.00,4.558435,99.837890625
08:00:06,91282CKR1,TSRYS5802848,D,S,D,2024-05-17,1000000.00,4.558435,99.837890625
08:00:06,91282CKR1,TSRYS5802848,D,S,T,2024-05-17,1000000.00,4.561973,99.828125
08:00:06,91282CKR1,TSRYS5802848,D,S,T,2024-05-17,1000000.00,4.561973,99.828125
08:00:06,91282CKR1,TSRYS5802848,D,S,D,2024-05-17,2000000.00,4.561973,99.828125
08:00:06,91282CKR1,TSRYS5802848,D,S,D,2024-05-17,2000000.00,4.561973,99.828125
08:00:06,91282CKR1,TSRYS5802848,D,S,T,2024-05-17,1000000.00,4.560557,99.83203125
08:00:06,91282CKR1,TSRYS5802848,D,S,T,2024-05-17,1000000.00,4.560557,99.83203125
08:00:06,91282CKR1,TSRYS5802848,D,S,D,2024-05-17,2000000.00,4.563388,99.82421875
08:00:06,91282CKR1,TSRYS5802848,D,S,D,2024-05-17,2000000.00,4.56268,99.826171875
08:00:06,91282CKR1,TSRYS5802848,D,S,D,2024-05-17,2000000.00,4.56268,99.826171875
08:00:06,91282CKR1,TSRYS5802848,D,S,D,2024-05-17,2000000.00,4.56268,99.826171875
08:00:06,91282CKR1,TSRYS5802848,D,S,D,2024-05-17,2000000.00,4.564096,99.822265625
08:00:06,91282CKR1,TSRYS5802848,D,S,D,2024-05-17,1000000.00,4.564096,99.822265625
08:00:06,91282CKR1,TSRYS5802848,D,S,D,2024-05-17,2000000.00,4.565511,99.818359375
08:00:06,91282CKR1,TSRYS5802848,D,S,D,2024-05-17,1000000.00,4.565511,99.818359375
08:00:06,91282CKR1,TSRYS5802848,D,S,D,2024-05-17,2000000.00,4.565511,99.818359375
08:00:06,91282CKR1,TSRYS5802848,D,S,D,2024-05-17,1000000.00,4.564804,99.8203125
08:00:06,91282CKR1,TSRYS5802848,D,S,D,2024-05-17,2000000.00,4.565511,99.818359375
08:00:06,91282CKR1,TSRYS5802848,D,S,D,2024-05-17,1000000.00,4.565511,99.818359375
08:00:06,91282CKR1,TSRYS5802848,D,S,D,2024-05-17,1000000.00,4.565511,99.818359375
08:00:06,91282CKR1,TSRYS5802848,D,S,D,2024-05-17,1000000.00,4.565511,99.818359375
08:00:06,91282CKR1,TSRYS5802848,D,S,D,2024-05-17,1000000.00,4.565511,99.818359375
08:00:06,91282CKR1,TSRYS5802848,D,S,D,2024-05-17,1000000.00,4.565511,99.818359375
08:00:06,91282CKR1,TSRYS5802848,D,S,D,2024-05-17,1000000.00,4.565511,99.818359375
08:00:06,91282CKR1,TSRYS5802848,D,S,D,2024-05-17,1000000.00,4.565511,99.818359375
08:00:06,91282CKR1,TSRYS5802848,D,S,D,2024-05-17,1000000.00,4.565511,99.818359375
08:00:06,91282CKR1,TSRYS5802848,D,S,D,2024-05-17,1000000.00,4.565511,99.818359375
08:00:06,91282CKR1,TSRYS5802848,D,S,D,2024-05-17,2000000.00,4.565511,99.818359375
08:00:06,91282CKR1,TSRYS5802848,D,S,D,2024-05-17,1000000.00,4.565511,99.818359375
08:00:06,91282CKR1,TSRYS5802848,D,S,D,2024-05-17,2000000.00,4.565511,99.818359375
08:00:06,91282CKR1,TSRYS5802848,D,S,D,2024-05-17,1000000.00,4.565511,99.818359375
08:00:06,91282CKR1,TSRYS5802848,D,S,D,2024-05-17,1000000.00,4.565511,99.818359375
08:00:06,91282CKR1,TSRYS5802848,D,S,D,2024-05-17,1000000.00,4.565511,99.818359375
08:00:06,91282CKR1,TSRYS5802848,D,S,D,2024-05-17,1000000.00,4.565511,99.818359375
08:00:06,91282CKR1,TSRYS5802848,D,S,D,2024-05-17,1000000.00,4.565511,99.818359375
08:00:06,91282CKR1,TSRYS5802848,D,S,D,2024-05-17,1000000.00,4.565511,99.818359375
08:00:06,91282CKR1,TSRYS5802848,D,S,T,2024-05-17,1000000.00,4.573298,99.796875
08:00:06,91282CKR1,TSRYS5802848,D,S,T,2024-05-17,1000000.00,4.578962,99.78125
08:00:06,91282CKR1,TSRYS5802848,D,S,T,2024-05-17,1000000.00,4.57967,99.779296875
08:00:10,91282CKR1,TSRYS5802848,D,S,T,2024-05-17,1000000.00,4.559142,99.8359375
08:00:10,91282CKR1,TSRYS5802848,D,S,T,2024-05-17,1000000.00,4.557019,99.841796875
08:00:10,91282CKR1,TSRYS5802848,D,S,D,2024-05-17,1000000.00,4.553482,99.8515625
08:00:10,91282CKR1,TSRYS5802848,D,S,D,2024-05-17,1000000.00,4.554189,99.849609375
08:00:10,91282CKR1,TSRYS5802848,D,S,D,2024-05-17,1000000.00,4.554189,99.849609375
08:00:10,91282CKR1,TSRYS5802848,D,S,D,2024-05-17,1000000.00,4.552774,99.853515625
08:00:10,91282CKR1,TSRYS5802848,D,S,T,2024-05-17,1000000.00,4.553482,99.8515625
08:00:10,91282CKR1,TSRYS5802848,D,S,T,2024-05-17,1000000.00,4.554897,99.84765625
08:00:10,91282CKR1,TSRYS5802848,D,S,T,2024-05-17,1000000.00,4.549945,99.861328125
08:00:10,91282CKR1,TSRYS5802848,D,S,T,2024-05-17,3000000.00,4.552067,99.85546875
08:00:10,91282CKR1,TSRYS5802848,D,S,T,2024-05-17,1000000.00,4.554189,99.849609375
08:00:10,91282CKR1,TSRYS5802848,D,S,T,2024-05-17,1000000.00,4.554897,99.84765625
08:00:10,91282CKR1,TSRYS5802848,D,S,T,2024-05-17,1000000.00,4.554897,99.84765625
08:00:10,91282CKR1,TSRYS5802848,D,S,T,2024-05-17,1000000.00,4.556312,99.84375
08:00:10,91282CKR1,TSRYS5802848,D,S,T,2024-05-17,1000000.00,4.554897,99.84765625
08:00:10,91282CKR1,TSRYS5802848,D,S,T,2024-05-17,1000000.00,4.556312,99.84375
08:00:10,91282CKR1,TSRYS5802848,D,S,T,2024-05-17,1000000.00,4.557727,99.83984375
08:00:10,91282CKR1,TSRYS5802848,D,S,T,2024-05-17,1000000.00,4.554189,99.849609375
08:00:10,91282CKR1,TSRYS5802848,D,S,T,2024-05-17,1000000.00,4.557727,99.83984375
08:00:10,91282CKR1,TSRYS5802848,D,S,T,2024-05-17,1000000.00,4.561265,99.830078125
08:00:10,91282CKR1,TSRYS5802848,D,S,D,2024-05-17,1000000.00,4.558435,99.837890625
08:00:10,91282CKR1,TSRYS5802848,D,S,T,2024-05-17,1000000.00,4.558435,99.837890625
08:00:10,91282CKR1,TSRYS5802848,D,S,T,2024-05-17,1000000.00,4.55985,99.833984375
08:00:10,91282CKR1,TSRYS5802848,D,S,T,2024-05-17,1000000.00,4.561265,99.830078125
08:00:10,91282CKR1,TSRYS5802848,D,S,T,2024-05-17,1000000.00,4.560557,99.83203125
08:00:10,91282CKR1,TSRYS5802848,D,S,T,2024-05-17,1000000.00,4.56268,99.826171875
08:00:10,91282CKR1,TSRYS5802848,D,S,D,2024-05-17,1000000.00,4.561265,99.830078125
08:00:10,91282CKR1,TSRYS5802848,D,S,T,2024-05-17,1000000.00,4.560557,99.83203125
08:00:10,91282CKR1,TSRYS5802848,D,S,T,2024-05-17,1000000.00,4.560557,99.83203125
08:00:10,91282CKR1,TSRYS5802848,D,S,T,2024-05-17,1000000.00,4.566219,99.81640625
08:00:10,91282CKR1,TSRYS5802848,D,S,T,2024-05-17,1000000.00,4.567635,99.8125
08:00:10,91282CKR1,TSRYS5802848,D,S,T,2024-05-17,1000000.00,4.56905,99.80859375
08:00:10,91282CKR1,TSRYS5802848,D,S,T,2024-05-17,1000000.00,4.56905,99.80859375
08:00:10,91282CKR1,TSRYS5802848,D,S,T,2024-05-17,1000000.00,4.57613,99.7890625
08:00:10,91282CKR1,TSRYS5802848,D,S,T,2024-05-17,1000000.00,4.57613,99.7890625
08:00:10,91282CKR1,TSRYS5802848,D,S,T,2024-05-17,1000000.00,4.57613,99.7890625
08:00:10,91282CKR1,TSRYS5802848,D,S,T,2024-05-17,1000000.00,4.57613,99.7890625
08:00:10,91282CKR1,TSRYS5802848,D,S,T,2024-05-17,1000000.00,4.57613,99.7890625
08:00:10,91282CKR1,TSRYS5802848,D,S,T,2024-05-17,1000000.00,4.57967,99.779296875
08:00:10,91282CKR1,TSRYS5802848,D,S,T,2024-05-17,1000000.00,4.57967,99.779296875
08:00:10,91282CKR1,TSRYS5802848,D,S,T,2024-05-17,1000000.00,4.578962,99.78125
08:00:10,91282CKR1,TSRYS5802848,D,S,T,2024-05-17,1000000.00,4.580378,99.77734375
08:00:10,91282CKR1,TSRYS5802848,D,S,T,2024-05-17,1000000.00,4.57613,99.7890625
08:00:12,91282CKR1,TSRYS5802848,D,S,T,2024-05-17,1000000.00,4.553482,99.8515625
08:00:12,91282CKR1,TSRYS5802848,D,S,T,2024-05-17,1000000.00,4.553482,99.8515625
08:00:12,91282CKR1,TSRYS5802848,D,S,T,2024-05-17,1000000.00,4.553482,99.8515625
08:00:12,91282CKR1,TSRYS5802848,D,S,T,2024-05-17,1000000.00,4.553482,99.8515625
08:00:12,91282CKR1,TSRYS5802848,D,S,T,2024-05-17,1000000.00,4.553482,99.8515625
08:00:12,91282CKR1,TSRYS5802848,D,S,T,2024-05-17,2000000.00,4.553482,99.8515625
08:00:12,91282CKR1,TSRYS5802848,D,S,T,2024-05-17,4000000.00,4.553482,99.8515625
08:00:12,91282CKR1,TSRYS5802848,D,S,T,2024-05-17,1000000.00,4.553482,99.8515625
08:00:12,91282CKR1,TSRYS5802848,D,S,T,2024-05-17,1000000.00,4.553482,99.8515625
08:00:12,91282CKR1,TSRYS5802848,D,S,T,2024-05-17,1000000.00,4.553482,99.8515625
08:00:13,91282CKR1,TSRYS5802848,D,S,T,2024-05-17,1000000.00,4.553482,99.8515625
08:00:13,91282CKR1,TSRYS5802848,D,S,T,2024-05-17,1000000.00,4.553482,99.8515625
08:00:13,91282CKR1,TSRYS5802848,D,S,T,2024-05-17,3000000.00,4.553482,99.8515625
08:00:13,91282CKR1,TSRYS5802848,D,S,T,2024-05-17,1000000.00,4.553482,99.8515625
08:00:13,91282CKR1,TSRYS5802848,D,S,T,2024-05-17,1000000.00,4.553482,99.8515625
08:00:13,91282CKR1,TSRYS5802848,D,S,T,2024-05-17,1000000.00,4.553482,99.8515625
08:00:13,91282CKR1,TSRYS5802848,D,S,T,2024-05-17,1000000.00,4.553482,99.8515625
08:00:13,91282CKR1,TSRYS5802848,D,S,T,2024-05-17,1000000.00,4.553482,99.8515625
08:00:13,91282CKR1,TSRYS5802848,D,S,T,2024-05-17,1000000.00,4.553482,99.8515625
08:00:13,91282CKR1,TSRYS5802848,D,S,T,2024-05-17,1000000.00,4.553482,99.8515625
08:00:13,91282CKR1,TSRYS5802848,D,S,T,2024-05-17,1000000.00,4.553482,99.8515625
08:00:13,91282CKR1,TSRYS5802848,D,S,T,2024-05-17,2000000.00,4.553482,99.8515625
08:00:13,91282CKR1,TSRYS5802848,D,S,T,2024-05-17,5000000.00,4.553482,99.8515625
08:00:13,91282CKR1,TSRYS5802848,D,S,T,2024-05-17,1000000.00,4.553482,99.8515625
08:00:13,91282CKR1,TSRYS5802848,D,S,T,2024-05-17,1000000.00,4.553482,99.8515625
08:00:13,91282CKR1,TSRYS5802848,D,S,T,2024-05-17,1000000.00,4.553482,99.8515625
08:00:13,91282CKR1,TSRYS5802848,D,S,T,2024-05-17,1000000.00,4.553482,99.8515625
08:00:14,91282CKR1,TSRYS5802848,D,S,T,2024-05-17,1000000.00,4.553482,99.8515625
08:00:14,91282CKR1,TSRYS5802848,D,S,T,2024-05-17,1000000.00,4.553482,99.8515625
08:00:14,91282CKR1,TSRYS5802848,D,S,T,2024-05-17,1000000.00,4.553482,99.8515625
08:00:14,91282CKR1,TSRYS5802848,D,S,T,2024-05-17,1000000.00,4.553482,99.8515625
08:00:14,91282CKR1,TSRYS5802848,D,S,T,2024-05-17,1000000.00,4.553482,99.8515625
08:00:14,91282CKR1,TSRYS5802848,D,S,T,2024-05-17,1000000.00,4.553482,99.8515625
08:00:14,91282CKR1,TSRYS5802848,D,S,T,2024-05-17,1000000.00,4.553482,99.8515625
08:00:14,91282CKR1,TSRYS5802848,D,S,T,2024-05-17,1000000.00,4.553482,99.8515625
08:00:14,91282CKR1,TSRYS5802848,D,S,T,2024-05-17,1000000.00,4.553482,99.8515625
08:00:14,91282CKR1,TSRYS5802848,D,S,T,2024-05-17,1000000.00,4.553482,99.8515625
08:00:14,91282CKR1,TSRYS5802848,D,S,T,2024-05-17,1000000.00,4.553482,99.8515625
08:00:14,91282CKR1,TSRYS5802848,D,S,T,2024-05-17,1000000.00,4.553482,99.8515625
08:00:14,91282CKR1,TSRYS5802848,D,S,T,2024-05-17,1000000.00,4.553482,99.8515625
08:00:14,91282CKR1,TSRYS5802848,D,S,T,2024-05-17,1000000.00,4.553482,99.8515625
08:00:15,91282CKR1,TSRYS5802848,D,S,T,2024-05-17,1000000.00,4.553482,99.8515625
08:00:15,91282CKR1,TSRYS5802848,D,S,T,2024-05-17,1000000.00,4.553482,99.8515625
08:00:15,91282CKR1,TSRYS5802848,D,S,T,2024-05-17,1000000.00,4.553482,99.8515625
08:00:15,91282CKR1,TSRYS5802848,D,S,T,2024-05-17,7000000.00,4.553482,99.8515625
08:00:15,91282CKR1,TSRYS5802848,D,S,T,2024-05-17,1000000.00,4.553482,99.8515625
08:00:15,91282CKR1,TSRYS5802848,D,S,T,2024-05-17,1000000.00,4.553482,99.8515625
08:00:15,91282CKR1,TSRYS5802848,D,S,T,2024-05-17,1000000.00,4.553482,99.8515625
08:00:15,91282CKR1,TSRYS5802848,D,S,T,2024-05-17,1000000.00,4.553482,99.8515625
08:00:15,91282CKR1,TSRYS5802848,D,S,D,2024-05-17,1000000.00,4.556312,99.84375
08:00:16,91282CKR1,TSRYS5802848,D,S,T,2024-05-17,2000000.00,4.553482,99.8515625
08:00:17,91282CKR1,TSRYS5802848,D,S,T,2024-05-17,1000000.00,4.553482,99.8515625
08:00:18,91282CKR1,TSRYS5802848,D,B,A,2024-05-17,1014000.00,4.560557,99.83203125
08:00:18,91282CKR1,TSRYS5802848,D,S,T,2024-05-17,1000000.00,4.556312,99.84375
08:00:18,91282CKR1,TSRYS5802848,D,S,T,2024-05-17,1000000.00,4.556312,99.84375
08:00:18,91282CKR1,TSRYS5802848,D,S,T,2024-05-17,5000000.00,4.556312,99.84375
08:00:19,91282CKR1,TSRYS5802848,D,S,T,2024-05-17,5000000.00,4.556312,99.84375
08:00:19,91282CKR1,TSRYS5802848,D,S,T,2024-05-17,1000000.00,4.556312,99.84375
08:00:19,91282CKR1,TSRYS5802848,D,S,T,2024-05-17,1000000.00,4.556312,99.84375
08:00:19,91282CKR1,TSRYS5802848,D,S,T,2024-05-17,8000000.00,4.556312,99.84375
08:00:19,91282CKR1,TSRYS5802848,D,S,T,2024-05-17,1000000.00,4.556312,99.84375
08:00:19,91282CKR1,TSRYS5802848,D,S,T,2024-05-17,1000000.00,4.556312,99.84375
08:00:19,91282CKR1,TSRYS5802848,D,S,T,2024-05-17,1000000.00,4.556312,99.84375
08:00:19,91282CKR1,TSRYS5802848,D,S,T,2024-05-17,1000000.00,4.556312,99.84375
08:00:19,91282CKR1,TSRYS5802848,D,S,T,2024-05-17,1000000.00,4.556312,99.84375
08:00:19,91282CKR1,TSRYS5802848,D,S,T,2024-05-17,9000000.00,4.556312,99.84375
08:00:19,91282CKR1,TSRYS5802848,D,S,A,2024-05-17,3600000.00,4.560557,99.83203125
08:00:20,91282CKR1,TSRYS5802848,D,S,T,2024-05-17,1000000.00,4.556312,99.84375
08:00:20,91282CKR1,TSRYS5802848,D,S,T,2024-05-17,1000000.00,4.556312,99.84375
08:00:20,91282CKR1,TSRYS5802848,D,S,D,2024-05-17,1000000.00,4.552067,99.85546875
08:00:20,91282CKR1,TSRYS5802848,D,S,D,2024-05-17,1000000.00,4.556312,99.84375
08:00:20,91282CKR1,TSRYS5802848,D,S,T,2024-05-17,1000000.00,4.556312,99.84375
08:00:21,91282CKR1,TSRYS5802848,D,S,T,2024-05-17,1000000.00,4.556312,99.84375
08:00:21,91282CKR1,TSRYS5802848,D,S,T,2024-05-17,1000000.00,4.556312,99.84375
08:00:22,91282CKR1,TSRYS5802848,D,S,T,2024-05-17,1000000.00,4.556312,99.84375
08:00:24,91282CKR1,TSRYS5802848,D,S,T,2024-05-17,1000000.00,4.557727,99.83984375
08:00:24,91282CKR1,TSRYS5802848,D,S,T,2024-05-17,8000000.00,4.557727,99.83984375
08:00:24,91282CKR1,TSRYS5802848,D,S,T,2024-05-17,1000000.00,4.557727,99.83984375
08:00:25,91282CKR1,TSRYS5802848,D,S,T,2024-05-17,1000000.00,4.557727,99.83984375
08:00:25,91282CKR1,TSRYS5802848,D,S,T,2024-05-17,2000000.00,4.557727,99.83984375
08:00:25,91282CKR1,TSRYS5802848,D,S,T,2024-05-17,1000000.00,4.557727,99.83984375
08:00:25,91282CKR1,TSRYS5802848,D,S,T,2024-05-17,1000000.00,4.557727,99.83984375
08:00:25,91282CKR1,TSRYS5802848,D,S,T,2024-05-17,1000000.00,4.557727,99.83984375
08:00:25,91282CKR1,TSRYS5802848,D,S,D,2024-05-17,1000000.00,4.556312,99.84375
08:00:25,91282CKR1,TSRYS5802848,D,S,T,2024-05-17,1000000.00,4.557727,99.83984375
08:00:25,91282CKR1,TSRYS5802848,D,S,T,2024-05-17,1000000.00,4.557727,99.83984375
08:00:25,91282CKR1,TSRYS5802848,D,S,T,2024-05-17,1000000.00,4.557727,99.83984375
08:00:25,91282CKR1,TSRYS5802848,D,S,T,2024-05-17,1000000.00,4.557727,99.83984375
08:00:26,91282CKR1,TSRYS5802848,D,S,T,2024-05-17,5000000.00,4.557727,99.83984375
08:00:26,91282CKR1,TSRYS5802848,D,S,T,2024-05-17,1000000.00,4.557727,99.83984375
08:00:26,91282CKR1,TSRYS5802848,D,S,T,2024-05-17,1000000.00,4.557727,99.83984375
08:00:27,91282CKR1,TSRYS5802848,D,S,C,2024-05-17,1000000.00,4.558435,99.837890625
08:00:27,91282CKR1,TSRYS5802848,D,S,C,2024-05-17,1000000.00,4.558435,99.837890625
08:00:27,91282CKR1,TSRYS5802848,D,S,C,2024-05-17,1000000.00,4.558435,99.837890625
08:00:27,91282CKR1,TSRYS5802848,D,S,C,2024-05-17,1000000.00,4.558435,99.837890625
08:00:28,91282CKR1,TSRYS5802848,D,S,T,2024-05-17,1000000.00,4.557727,99.83984375
08:00:28,91282CKR1,TSRYS5802848,D,S,C,2024-05-17,1000000.00,4.558435,99.837890625
08:00:28,91282CKR1,TSRYS5802848,D,S,D,2024-05-17,1000000.00,4.559142,99.8359375
08:00:29,91282CKR1,TSRYS5802848,D,S,T,2024-05-17,1000000.00,4.557727,99.83984375
08:00:29,91282CKR1,TSRYS5802848,D,S,T,2024-05-17,1000000.00,4.557727,99.83984375
08:00:29,91282CKR1,TSRYS5802848,D,S,T,2024-05-17,1000000.00,4.557727,99.83984375
08:00:29,91282CKR1,TSRYS5802848,D,S,T,2024-05-17,1000000.00,4.557727,99.83984375
08:00:30,91282CKR1,TSRYS5802848,D,S,T,2024-05-17,1000000.00,4.55985,99.833984375
08:00:30,91282CKR1,TSRYS5802848,D,S,T,2024-05-17,1000000.00,4.55985,99.833984375
08:00:30,91282CKR1,TSRYS5802848,D,S,T,2024-05-17,1000000.00,4.560557,99.83203125
08:00:30,91282CKR1,TSRYS5802848,D,S,T,2024-05-17,1000000.00,4.560557,99.83203125
08:00:30,91282CKR1,TSRYS5802848,D,S,T,2024-05-17,1000000.00,4.560557,99.83203125
08:00:30,91282CKR1,TSRYS5802848,D,S,T,2024-05-17,1000000.00,4.561973,99.828125
08:00:30,91282CKR1,TSRYS5802848,D,S,T,2024-05-17,1000000.00,4.559142,99.8359375
08:00:30,91282CKR1,TSRYS5802848,D,S,T,2024-05-17,1000000.00,4.554897,99.84765625
08:00:30,91282CKR1,TSRYS5802848,D,S,T,2024-05-17,1000000.00,4.554897,99.84765625
08:00:30,91282CKR1,TSRYS5802848,D,S,T,2024-05-17,1000000.00,4.554189,99.849609375
08:00:30,91282CKR1,TSRYS5802848,D,S,T,2024-05-17,1000000.00,4.554189,99.849609375
08:00:30,91282CKR1,TSRYS5802848,D,S,T,2024-05-17,1000000.00,4.553482,99.8515625
08:00:30,91282CKR1,TSRYS5802848,D,S,T,2024-05-17,1000000.00,4.553482,99.8515625
08:00:30,91282CKR1,TSRYS5802848,D,S,T,2024-05-17,1000000.00,4.554897,99.84765625
08:00:30,91282CKR1,TSRYS5802848,D,S,T,2024-05-17,1000000.00,4.552067,99.85546875
08:00:30,91282CKR1,TSRYS5802848,D,S,T,2024-05-17,1000000.00,4.552067,99.85546875
08:00:30,91282CKR1,TSRYS5802848,D,S,T,2024-05-17,1000000.00,4.552067,99.85546875
08:00:30,91282CKR1,TSRYS5802848,D,S,T,2024-05-17,1000000.00,4.552067,99.85546875
08:00:30,91282CKR1,TSRYS5802848,D,S,T,2024-05-17,1000000.00,4.552067,99.85546875
08:00:30,91282CKR1,TSRYS5802848,D,S,T,2024-05-17,1000000.00,4.550652,99.859375
08:00:30,91282CKR1,TSRYS5802848,D,S,T,2024-05-17,1000000.00,4.550652,99.859375
08:00:30,91282CKR1,TSRYS5802848,D,S,T,2024-05-17,1000000.00,4.550652,99.859375
08:00:30,91282CKR1,TSRYS5802848,D,S,T,2024-05-17,2000000.00,4.550652,99.859375
08:00:30,91282CKR1,TSRYS5802848,D,S,T,2024-05-17,1000000.00,4.552067,99.85546875
08:00:30,91282CKR1,TSRYS5802848,D,S,T,2024-05-17,1000000.00,4.553482,99.8515625
08:00:30,91282CKR1,TSRYS5802848,D,S,T,2024-05-17,2000000.00,4.553482,99.8515625
08:00:30,91282CKR1,TSRYS5802848,D,S,T,2024-05-17,2000000.00,4.553482,99.8515625
08:00:30,91282CKR1,TSRYS5802848,D,S,T,2024-05-17,1000000.00,4.553482,99.8515625
08:00:30,91282CKR1,TSRYS5802848,D,S,T,2024-05-17,1000000.00,4.553482,99.8515625
08:00:30,91282CKR1,TSRYS5802848,D,S,T,2024-05-17,2000000.00,4.553482,99.8515625
08:00:30,91282CKR1,TSRYS5802848,D,S,T,2024-05-17,1000000.00,4.554897,99.84765625
08:00:30,91282CKR1,TSRYS5802848,D,S,T,2024-05-17,1000000.00,4.554897,99.84765625
08:00:30,91282CKR1,TSRYS5802848,D,S,T,2024-05-17,4000000.00,4.554897,99.84765625
08:00:30,91282CKR1,TSRYS5802848,D,S,T,2024-05-17,1000000.00,4.554897,99.84765625
08:00:30,91282CKR1,TSRYS5802848,D,S,T,2024-05-17,1000000.00,4.553482,99.8515625
08:00:30,91282CKR1,TSRYS5802848,D,S,T,2024-05-17,1000000.00,4.552774,99.853515625
08:00:30,91282CKR1,TSRYS5802848,D,S,T,2024-05-17,1000000.00,4.553482,99.8515625
08:00:30,91282CKR1,TSRYS5802848,D,S,T,2024-05-17,1000000.00,4.553482,99.8515625
08:00:30,91282CKR1,TSRYS5802848,D,S,T,2024-05-17,6000000.00,4.553482,99.8515625
08:00:30,91282CKR1,TSRYS5802848,D,S,T,2024-05-17,1000000.00,4.553482,99.8515625
08:00:30,91282CKR1,TSRYS5802848,D,S,T,2024-05-17,1000000.00,4.554897,99.84765625
08:00:30,91282CKR1,TSRYS5802848,D,S,T,2024-05-17,1000000.00,4.554897,99.84765625
08:00:30,91282CKR1,TSRYS5802848,D,S,T,2024-05-17,1000000.00,4.556312,99.84375
08:00:30,91282CKR1,TSRYS5802848,D,S,T,2024-05-17,1000000.00,4.556312,99.84375
08:00:30,91282CKR1,TSRYS5802848,D,S,T,2024-05-17,1000000.00,4.557727,99.83984375
08:00:30,91282CKR1,TSRYS5802848,D,S,T,2024-05-17,1000000.00,4.557727,99.83984375
08:00:30,91282CKR1,TSRYS5802848,D,S,T,2024-05-17,1000000.00,4.559142,99.8359375
08:00:30,91282CKR1,TSRYS5802848,D,S,T,2024-05-17,1000000.00,4.560557,99.83203125
08:00:30,91282CKR1,TSRYS5802848,D,S,T,2024-05-17,1000000.00,4.561973,99.828125
08:00:30,91282CKR1,TSRYS5802848,D,S,T,2024-05-17,1000000.00,4.560557,99.83203125
08:00:30,91282CKR1,TSRYS5802848,D,S,T,2024-05-17,1000000.00,4.557727,99.83984375
08:00:30,91282CKR1,TSRYS5802848,D,S,T,2024-05-17,1000000.00,4.557727,99.83984375
08:00:30,91282CKR1,TSRYS5802848,D,S,T,2024-05-17,1000000.00,4.556312,99.84375
08:00:30,91282CKR1,TSRYS5802848,D,S,T,2024-05-17,1000000.00,4.554897,99.84765625
08:00:30,91282CKR1,TSRYS5802848,D,S,T,2024-05-17,3000000.00,4.554897,99.84765625
08:00:30,91282CKR1,TSRYS5802848,D,S,T,2024-05-17,3000000.00,4.554897,99.84765625
08:00:30,91282CKR1,TSRYS5802848,D,S,T,2024-05-17,1000000.00,4.559142,99.8359375
08:00:30,91282CKR1,TSRYS5802848,D,S,T,2024-05-17,2000000.00,4.559142,99.8359375
08:00:30,91282CKR1,TSRYS5802848,D,S,T,2024-05-17,2000000.00,4.559142,99.8359375
08:00:30,91282CKR1,TSRYS5802848,D,S,T,2024-05-17,1000000.00,4.560557,99.83203125
08:00:30,91282CKR1,TSRYS5802848,D,S,T,2024-05-17,1000000.00,4.559142,99.8359375
08:00:30,91282CKR1,TSRYS5802848,D,S,D,2024-05-17,2000000.00,4.558435,99.837890625
08:00:30,91282CKR1,TSRYS5802848,D,S,D,2024-05-17,1000000.00,4.55985,99.833984375
08:00:30,91282CKR1,TSRYS5802848,D,S,D,2024-05-17,1000000.00,4.55985,99.833984375
08:00:30,91282CKR1,TSRYS5802848,D,S,T,2024-05-17,1000000.00,4.560557,99.83203125
08:00:30,91282CKR1,TSRYS5802848,D,S,T,2024-05-17,1000000.00,4.561973,99.828125
08:00:30,91282CKR1,TSRYS5802848,D,S,T,2024-05-17,1000000.00,4.561973,99.828125
08:00:30,91282CKR1,TSRYS5802848,D,S,T,2024-05-17,1000000.00,4.560557,99.83203125
08:00:30,91282CKR1,TSRYS5802848,D,S,T,2024-05-17,1000000.00,4.563388,99.82421875
08:00:30,91282CKR1,TSRYS5802848,D,S,T,2024-05-17,2000000.00,4.56268,99.826171875
08:00:30,91282CKR1,TSRYS5802848,D,S,T,2024-05-17,1000000.00,4.561973,99.828125
08:00:30,91282CKR1,TSRYS5802848,D,S,T,2024-05-17,1000000.00,4.561973,99.828125
08:00:30,91282CKR1,TSRYS5802848,D,S,T,2024-05-17,1000000.00,4.560557,99.83203125
08:00:30,91282CKR1,TSRYS5802848,D,S,T,2024-05-17,1000000.00,4.560557,99.83203125
08:00:30,91282CKR1,TSRYS5802848,D,S,T,2024-05-17,1000000.00,4.560557,99.83203125
08:00:30,91282CKR1,TSRYS5802848,D,S,T,2024-05-17,1000000.00,4.560557,99.83203125
08:00:30,91282CKR1,TSRYS5802848,D,S,T,2024-05-17,1000000.00,4.561973,99.828125
08:00:30,91282CKR1,TSRYS5802848,D,S,T,2024-05-17,1000000.00,4.563388,99.82421875
08:00:30,91282CKR1,TSRYS5802848,D,S,T,2024-05-17,2000000.00,4.568343,99.810546875
08:00:30,91282CKR1,TSRYS5802848,D,S,T,2024-05-17,1000000.00,4.568343,99.810546875
08:00:30,91282CKR1,TSRYS5802848,D,S,T,2024-05-17,1000000.00,4.566219,99.81640625
08:00:30,91282CKR1,TSRYS5802848,D,S,T,2024-05-17,1000000.00,4.566219,99.81640625
08:00:30,91282CKR1,TSRYS5802848,D,S,T,2024-05-17,1000000.00,4.567635,99.8125
08:00:30,91282CKR1,TSRYS5802848,D,S,T,2024-05-17,1000000.00,4.567635,99.8125
08:00:30,91282CKR1,TSRYS5802848,D,S,T,2024-05-17,1000000.00,4.56905,99.80859375
08:00:30,91282CKR1,TSRYS5802848,D,S,T,2024-05-17,1000000.00,4.56905,99.80859375
08:00:30,91282CKR1,TSRYS5802848,D,S,T,2024-05-17,1000000.00,4.567635,99.8125
08:00:30,91282CKR1,TSRYS5802848,D,S,T,2024-05-17,1000000.00,4.567635,99.8125
08:00:30,91282CKR1,TSRYS5802848,D,S,T,2024-05-17,1000000.00,4.566219,99.81640625
08:00:30,91282CKR1,TSRYS5802848,D,S,T,2024-05-17,1000000.00,4.567635,99.8125
08:00:30,91282CKR1,TSRYS5802848,D,S,T,2024-05-17,1000000.00,4.567635,99.8125
08:00:30,91282CKR1,TSRYS5802848,D,S,T,2024-05-17,1000000.00,4.567635,99.8125
08:00:30,91282CKR1,TSRYS5802848,D,S,T,2024-05-17,1000000.00,4.567635,99.8125
08:00:30,91282CKR1,TSRYS5802848,D,S,T,2024-05-17,1000000.00,4.567635,99.8125
08:00:30,91282CKR1,TSRYS5802848,D,S,T,2024-05-17,2000000.00,4.567635,99.8125
08:00:30,91282CKR1,TSRYS5802848,D,S,T,2024-05-17,2000000.00,4.567635,99.8125
08:00:30,91282CKR1,TSRYS5802848,D,S,T,2024-05-17,2000000.00,4.567635,99.8125
08:00:30,91282CKR1,TSRYS5802848,D,S,T,2024-05-17,1000000.00,4.567635,99.8125
08:00:30,91282CKR1,TSRYS5802848,D,S,T,2024-05-17,2000000.00,4.568343,99.810546875
08:00:30,91282CKR1,TSRYS5802848,D,S,T,2024-05-17,1000000.00,4.56905,99.80859375
08:00:30,91282CKR1,TSRYS5802848,D,S,T,2024-05-17,1000000.00,4.56905,99.80859375
08:00:30,91282CKR1,TSRYS5802848,D,S,T,2024-05-17,1000000.00,4.56905,99.80859375
08:00:30,91282CKR1,TSRYS5802848,D,S,T,2024-05-17,1000000.00,4.56905,99.80859375
08:00:30,91282CKR1,TSRYS5802848,D,S,T,2024-05-17,1000000.00,4.573298,99.796875
08:00:30,91282CKR1,TSRYS5802848,D,S,T,2024-05-17,1000000.00,4.573298,99.796875
08:00:30,91282CKR1,TSRYS5802848,D,S,T,2024-05-17,1000000.00,4.573298,99.796875
08:00:30,91282CKR1,TSRYS5802848,D,S,T,2024-05-17,1000000.00,4.573298,99.796875
08:00:30,91282CKR1,TSRYS5802848,D,S,T,2024-05-17,2000000.00,4.573298,99.796875
08:00:30,91282CKR1,TSRYS5802848,D,S,T,2024-05-17,2000000.00,4.573298,99.796875
08:00:30,91282CKR1,TSRYS5802848,D,S,T,2024-05-17,1000000.00,4.574006,99.794921875
08:00:30,91282CKR1,TSRYS5802848,D,S,T,2024-05-17,1000000.00,4.574714,99.79296875
08:00:34,91282CKR1,TSRYS5802848,D,S,T,2024-05-17,1000000.00,4.57613,99.7890625
08:00:34,91282CKR1,TSRYS5802848,D,S,T,2024-05-17,1000000.00,4.57613,99.7890625
08:00:34,91282CKR1,TSRYS5802848,D,S,T,2024-05-17,1000000.00,4.57613,99.7890625
08:00:34,91282CKR1,TSRYS5802848,D,S,T,2024-05-17,1000000.00,4.57613,99.7890625
08:00:34,91282CKR1,TSRYS5802848,D,S,T,2024-05-17,1000000.00,4.57613,99.7890625
08:00:34,91282CKR1,TSRYS5802848,D,S,T,2024-05-17,1000000.00,4.57613,99.7890625
08:00:34,91282CKR1,TSRYS5802848,D,S,T,2024-05-17,3000000.00,4.578962,99.78125
08:00:34,91282CKR1,TSRYS5802848,D,S,T,2024-05-17,1000000.00,4.578962,99.78125
08:00:34,91282CKR1,TSRYS5802848,D,S,T,2024-05-17,1000000.00,4.578962,99.78125
08:00:34,91282CKR1,TSRYS5802848,D,S,T,2024-05-17,2000000.00,4.578962,99.78125
08:00:34,91282CKR1,TSRYS5802848,D,S,T,2024-05-17,1000000.00,4.578962,99.78125
08:00:34,91282CKR1,TSRYS5802848,D,S,T,2024-05-17,1000000.00,4.580378,99.77734375
08:00:34,91282CKR1,TSRYS5802848,D,S,T,2024-05-17,1000000.00,4.580378,99.77734375
08:00:34,91282CKR1,TSRYS5802848,D,S,T,2024-05-17,1000000.00,4.580378,99.77734375
08:00:34,91282CKR1,TSRYS5802848,D,S,T,2024-05-17,2000000.00,4.580378,99.77734375
08:00:34,91282CKR1,TSRYS5802848,D,S,T,2024-05-17,2000000.00,4.580378,99.77734375
08:00:34,91282CKR1,TSRYS5802848,D,S,T,2024-05-17,2000000.00,4.580378,99.77734375
08:00:34,91282CKR1,TSRYS5802848,D,S,T,2024-05-17,1000000.00,4.580378,99.77734375
08:00:34,91282CKR1,TSRYS5802848,D,S,T,2024-05-17,1000000.00,4.580378,99.77734375
08:00:34,91282CKR1,TSRYS5802848,D,S,T,2024-05-17,2000000.00,4.57613,99.7890625
08:00:34,91282CKR1,TSRYS5802848,D,S,T,2024-05-17,1000000.00,4.57613,99.7890625
08:00:34,91282CKR1,TSRYS5802848,D,S,T,2024-05-17,1000000.00,4.57613,99.7890625
08:00:34,91282CKR1,TSRYS5802848,D,S,D,2024-05-17,1000000.00,4.552067,99.85546875
08:00:34,91282CKR1,TSRYS5802848,D,S,D,2024-05-17,1000000.00,4.558435,99.837890625
08:00:34,91282CKR1,TSRYS5802848,D,S,D,2024-05-17,1000000.00,4.559142,99.8359375
08:00:34,91282CKR1,TSRYS5802848,D,S,D,2024-05-17,1000000.00,4.558435,99.837890625
08:00:34,91282CKR1,TSRYS5802848,D,S,D,2024-05-17,2000000.00,4.55985,99.833984375
08:00:34,91282CKR1,TSRYS5802848,D,S,D,2024-05-17,1000000.00,4.55985,99.833984375
08:00:34,91282CKR1,TSRYS5802848,D,S,D,2024-05-17,1000000.00,4.55985,99.833984375
08:00:34,91282CKR1,TSRYS5802848,D,S,D,2024-05-17,1000000.00,4.561973,99.828125
08:00:34,91282CKR1,TSRYS5802848,D,S,D,2024-05-17,1000000.00,4.561973,99.828125
08:00:34,91282CKR1,TSRYS5802848,D,S,D,2024-05-17,2000000.00,4.56268,99.826171875
08:00:34,91282CKR1,TSRYS5802848,D,S,D,2024-05-17,1000000.00,4.565511,99.818359375
08:00:34,91282CKR1,TSRYS5802848,D,S,D,2024-05-17,1000000.00,4.565511,99.818359375
08:00:34,91282CKR1,TSRYS5802848,D,S,D,2024-05-17,2000000.00,4.566927,99.814453125
08:00:34,91282CKR1,TSRYS5802848,D,S,D,2024-05-17,2000000.00,4.56905,99.80859375
08:00:34,91282CKR1,TSRYS5802848,D,S,D,2024-05-17,2000000.00,4.580378,99.77734375
08:00:34,91282CKR1,TSRYS5802848,D,S,D,2024-05-17,2000000.00,4.580378,99.77734375
08:00:34,91282CKR1,TSRYS5802848,D,S,D,2024-05-17,1000000.00,4.558435,99.837890625
08:00:34,91282CKR1,TSRYS5802848,D,S,D,2024-05-17,1000000.00,4.55985,99.833984375
08:00:34,91282CKR1,TSRYS5802848,D,S,D,2024-05-17,1000000.00,4.55985,99.833984375
08:00:34,91282CKR1,TSRYS5802848,D,S,D,2024-05-17,1000000.00,4.55985,99.833984375
08:00:34,91282CKR1,TSRYS5802848,D,S,D,2024-05-17,1000000.00,4.55985,99.833984375
08:00:34,91282CKR1,TSRYS5802848,D,S,D,2024-05-17,2000000.00,4.561973,99.828125
08:00:34,91282CKR1,TSRYS5802848,D,S,D,2024-05-17,2000000.00,4.561973,99.828125
08:00:34,91282CKR1,TSRYS5802848,D,S,D,2024-05-17,1000000.00,4.561973,99.828125
08:00:34,91282CKR1,TSRYS5802848,D,S,D,2024-05-17,1000000.00,4.561973,99.828125
08:00:34,91282CKR1,TSRYS5802848,D,S,D,2024-05-17,1000000.00,4.561973,99.828125
08:00:34,91282CKR1,TSRYS5802848,D,S,D,2024-05-17,1000000.00,4.563388,99.82421875
08:00:34,91282CKR1,TSRYS5802848,D,S,D,2024-05-17,1000000.00,4.563388,99.82421875
08:00:34,91282CKR1,TSRYS5802848,D,S,D,2024-05-17,1000000.00,4.563388,99.82421875
08:00:34,91282CKR1,TSRYS5802848,D,S,D,2024-05-17,4000000.00,4.561265,99.830078125
08:00:34,91282CKR1,TSRYS5802848,D,S,D,2024-05-17,2000000.00,4.561265,99.830078125
08:00:34,91282CKR1,TSRYS5802848,D,S,D,2024-05-17,4000000.00,4.561265,99.830078125
08:00:34,91282CKR1,TSRYS5802848,D,S,D,2024-05-17,2000000.00,4.56268,99.826171875
08:00:34,91282CKR1,TSRYS5802848,D,S,D,2024-05-17,2000000.00,4.561973,99.828125
08:00:34,91282CKR1,TSRYS5802848,D,S,D,2024-05-17,1000000.00,4.564096,99.822265625
08:00:34,91282CKR1,TSRYS5802848,D,S,D,2024-05-17,1000000.00,4.564096,99.822265625
08:00:34,91282CKR1,TSRYS5802848,D,S,D,2024-05-17,1000000.00,4.564096,99.822265625
08:00:34,91282CKR1,TSRYS5802848,D,S,D,2024-05-17,2000000.00,4.565511,99.818359375
08:00:34,91282CKR1,TSRYS5802848,D,S,D,2024-05-17,1000000.00,4.568343,99.810546875
08:00:34,91282CKR1,TSRYS5802848,D,S,D,2024-05-17,1000000.00,4.567635,99.8125
08:00:34,91282CKR1,TSRYS5802848,D,S,D,2024-05-17,2000000.00,4.56905,99.80859375
08:00:34,91282CKR1,TSRYS5802848,D,S,D,2024-05-17,1000000.00,4.567635,99.8125
08:00:34,91282CKR1,TSRYS5802848,D,S,D,2024-05-17,2000000.00,4.566927,99.814453125
08:00:34,91282CKR1,TSRYS5802848,D,S,D,2024-05-17,2000000.00,4.568343,99.810546875
08:00:34,91282CKR1,TSRYS5802848,D,S,D,2024-05-17,1000000.00,4.566927,99.814453125
08:00:34,91282CKR1,TSRYS5802848,D,S,D,2024-05-17,1000000.00,4.566927,99.814453125
08:00:34,91282CKR1,TSRYS5802848,D,S,D,2024-05-17,1000000.00,4.566927,99.814453125
08:00:34,91282CKR1,TSRYS5802848,D,S,D,2024-05-17,1000000.00,4.566927,99.814453125
08:00:34,91282CKR1,TSRYS5802848,D,S,D,2024-05-17,1000000.00,4.566927,99.814453125
08:00:34,91282CKR1,TSRYS5802848,D,S,D,2024-05-17,1000000.00,4.566927,99.814453125
08:00:34,91282CKR1,TSRYS5802848,D,S,D,2024-05-17,1000000.00,4.568343,99.810546875
08:00:34,91282CKR1,TSRYS5802848,D,S,D,2024-05-17,1000000.00,4.568343,99.810546875
08:00:34,91282CKR1,TSRYS5802848,D,S,D,2024-05-17,2000000.00,4.56905,99.80859375
08:00:34,91282CKR1,TSRYS5802848,D,S,D,2024-05-17,2000000.00,4.56905,99.80859375
08:00:34,91282CKR1,TSRYS5802848,D,S,D,2024-05-17,1000000.00,4.576838,99.787109375
08:00:34,91282CKR1,TSRYS5802848,D,S,T,2024-05-17,2000000.00,4.560557,99.83203125
08:00:34,91282CKR1,TSRYS5802848,D,S,T,2024-05-17,1000000.00,4.560557,99.83203125
08:00:34,91282CKR1,TSRYS5802848,D,S,T,2024-05-17,1000000.00,4.558435,99.837890625
08:00:34,91282CKR1,TSRYS5802848,D,S,T,2024-05-17,1000000.00,4.558435,99.837890625
08:00:34,91282CKR1,TSRYS5802848,D,S,T,2024-05-17,2000000.00,4.55985,99.833984375
08:00:34,91282CKR1,TSRYS5802848,D,S,T,2024-05-17,1000000.00,4.55985,99.833984375
08:00:34,91282CKR1,TSRYS5802848,D,S,T,2024-05-17,2000000.00,4.55985,99.833984375
08:00:34,91282CKR1,TSRYS5802848,D,S,T,2024-05-17,1000000.00,4.560557,99.83203125
08:00:34,91282CKR1,TSRYS5802848,D,S,T,2024-05-17,1000000.00,4.560557,99.83203125
08:00:34,91282CKR1,TSRYS5802848,D,S,T,2024-05-17,1000000.00,4.560557,99.83203125
08:00:34,91282CKR1,TSRYS5802848,D,S,T,2024-05-17,1000000.00,4.560557,99.83203125
08:00:34,91282CKR1,TSRYS5802848,D,S,T,2024-05-17,1000000.00,4.560557,99.83203125
08:00:34,91282CKR1,TSRYS5802848,D,S,T,2024-05-17,1000000.00,4.560557,99.83203125
08:00:34,91282CKR1,TSRYS5802848,D,S,T,2024-05-17,1000000.00,4.560557,99.83203125
08:00:34,91282CKR1,TSRYS5802848,D,S,T,2024-05-17,2000000.00,4.560557,99.83203125
08:00:34,91282CKR1,TSRYS5802848,D,S,T,2024-05-17,1000000.00,4.561973,99.828125
08:00:34,91282CKR1,TSRYS5802848,D,S,T,2024-05-17,1000000.00,4.561973,99.828125
08:00:34,91282CKR1,TSRYS5802848,D,S,T,2024-05-17,1000000.00,4.561973,99.828125
08:00:34,91282CKR1,TSRYS5802848,D,S,T,2024-05-17,2000000.00,4.56268,99.826171875
08:00:34,91282CKR1,TSRYS5802848,D,S,T,2024-05-17,2000000.00,4.56268,99.826171875
08:00:34,91282CKR1,TSRYS5802848,D,S,T,2024-05-17,1000000.00,4.564096,99.822265625
08:00:34,91282CKR1,TSRYS5802848,D,S,T,2024-05-17,1000000.00,4.568343,99.810546875
08:00:34,91282CKR1,TSRYS5802848,D,S,T,2024-05-17,1000000.00,4.565511,99.818359375
08:00:34,91282CKR1,TSRYS5802848,D,S,T,2024-05-17,1000000.00,4.565511,99.818359375
08:00:34,91282CKR1,TSRYS5802848,D,S,T,2024-05-17,2000000.00,4.566927,99.814453125
08:00:34,91282CKR1,TSRYS5802848,D,S,T,2024-05-17,1000000.00,4.566927,99.814453125
08:00:34,91282CKR1,TSRYS5802848,D,S,T,2024-05-17,1000000.00,4.566927,99.814453125
08:00:34,91282CKR1,TSRYS5802848,D,S,T,2024-05-17,1000000.00,4.566927,99.814453125
08:00:34,91282CKR1,TSRYS5802848,D,S,T,2024-05-17,2000000.00,4.566927,99.814453125
08:00:34,91282CKR1,TSRYS5802848,D,S,T,2024-05-17,1000000.00,4.566927,99.814453125
08:00:34,91282CKR1,TSRYS5802848,D,S,T,2024-05-17,1000000.00,4.566927,99.814453125
08:00:34,91282CKR1,TSRYS5802848,D,S,T,2024-05-17,1000000.00,4.568343,99.810546875
08:00:34,91282CKR1,TSRYS5802848,D,S,T,2024-05-17,2000000.00,4.56905,99.80859375
08:00:34,91282CKR1,TSRYS5802848,D,S,T,2024-05-17,1000000.00,4.56905,99.80859375
08:00:34,91282CKR1,TSRYS5802848,D,S,T,2024-05-17,2000000.00,4.578962,99.78125
08:00:34,91282CKR1,TSRYS5802848,D,S,T,2024-05-17,2000000.00,4.578962,99.78125
08:00:34,91282CKR1,TSRYS5802848,D,S,T,2024-05-17,2000000.00,4.580378,99.77734375
08:00:34,91282CKR1,TSRYS5802848,D,S,T,2024-05-17,2000000.00,4.580378,99.77734375
08:00:34,91282CKR1,TSRYS5802848,D,S,T,2024-05-17,1000000.00,4.557727,99.83984375
08:00:34,91282CKR1,TSRYS5802848,D,S,T,2024-05-17,1000000.00,4.557727,99.83984375
08:00:34,91282CKR1,TSRYS5802848,D,S,T,2024-05-17,1000000.00,4.557727,99.83984375
08:00:34,91282CKR1,TSRYS5802848,D,S,T,2024-05-17,2000000.00,4.561265,99.830078125
08:00:34,91282CKR1,TSRYS5802848,D,S,T,2024-05-17,1000000.00,4.561973,99.828125
08:00:34,91282CKR1,TSRYS5802848,D,S,T,2024-05-17,2000000.00,4.561265,99.830078125
08:00:34,91282CKR1,TSRYS5802848,D,S,T,2024-05-17,1000000.00,4.56268,99.826171875
08:00:34,91282CKR1,TSRYS5802848,D,S,T,2024-05-17,2000000.00,4.563388,99.82421875
08:00:34,91282CKR1,TSRYS5802848,D,B,A,2024-05-17,3600000.00,4.559142,99.8359375
08:00:34,91282CKR1,TSRYS5802848,D,S,T,2024-05-17,1000000.00,4.564096,99.822265625
08:00:34,91282CKR1,TSRYS5802848,D,S,T,2024-05-17,1000000.00,4.559142,99.8359375
08:00:34,91282CKR1,TSRYS5802848,D,S,T,2024-05-17,1000000.00,4.556312,99.84375
08:00:34,91282CKR1,TSRYS5802848,D,S,T,2024-05-17,1000000.00,4.550652,99.859375
08:00:34,91282CKR1,TSRYS5802848,D,S,T,2024-05-17,1000000.00,4.560557,99.83203125
08:00:34,91282CKR1,TSRYS5802848,D,S,T,2024-05-17,1000000.00,4.560557,99.83203125
08:00:34,91282CKR1,TSRYS5802848,D,S,T,2024-05-17,1000000.00,4.560557,99.83203125
08:00:34,91282CKR1,TSRYS5802848,D,S,T,2024-05-17,1000000.00,4.560557,99.83203125
08:00:34,91282CKR1,TSRYS5802848,D,S,T,2024-05-17,1000000.00,4.561973,99.828125
08:00:34,91282CKR1,TSRYS5802848,D,S,T,2024-05-17,1000000.00,4.580378,99.77734375
08:00:34,91282CKR1,TSRYS5802848,D,S,T,2024-05-17,2000000.00,4.561973,99.828125
08:00:34,91282CKR1,TSRYS5802848,D,S,A,2024-05-17,3000000.00,4.56268,99.826171875
08:00:34,91282CKR1,TSRYS5802848,D,S,T,2024-05-17,1000000.00,4.561973,99.828125
08:00:34,91282CKR1,TSRYS5802848,D,S,T,2024-05-17,1000000.00,4.559142,99.8359375
08:00:34,91282CKR1,TSRYS5802848,D,S,T,2024-05-17,1000000.00,4.556312,99.84375
08:00:34,91282CKR1,TSRYS5802848,D,S,T,2024-05-17,1000000.00,4.556312,99.84375
08:00:34,91282CKR1,TSRYS5802848,D,S,T,2024-05-17,1000000.00,4.554897,99.84765625
08:00:34,91282CKR1,TSRYS5802848,D,S,T,2024-05-17,1000000.00,4.556312,99.84375
08:00:34,91282CKR1,TSRYS5802848,D,S,T,2024-05-17,1000000.00,4.557727,99.83984375
08:00:34,91282CKR1,TSRYS5802848,D,B,C,2024-05-17,2000000.00,4.559142,99.8359375
08:00:34,91282CKR1,TSRYS5802848,D,S,T,2024-05-17,1000000.00,4.561973,99.828125
08:00:34,91282CKR1,TSRYS5802848,D,S,T,2024-05-17,1000000.00,4.561973,99.828125
08:00:34,91282CKR1,TSRYS5802848,D,S,T,2024-05-17,1000000.00,4.561973,99.828125
08:00:34,91282CKR1,TSRYS5802848,D,S,T,2024-05-17,1000000.00,4.561973,99.828125
08:00:34,91282CKR1,TSRYS5802848,D,S,T,2024-05-17,1000000.00,4.567635,99.8125
08:00:34,91282CKR1,TSRYS5802848,D,S,T,2024-05-17,1000000.00,4.567635,99.8125
08:00:34,91282CKR1,TSRYS5802848,D,B,C,2024-05-17,1000000.00,4.577546,99.78515625
08:00:34,91282CKR1,TSRYS5802848,D,S,T,2024-05-17,1000000.00,4.578962,99.78125
08:00:34,91282CKR1,TSRYS5802848,D,S,T,2024-05-17,2000000.00,4.561265,99.830078125
08:00:34,91282CKR1,TSRYS5802848,D,S,T,2024-05-17,2000000.00,4.563388,99.82421875
08:00:34,91282CKR1,TSRYS5802848,D,S,D,2024-05-17,1000000.00,4.559142,99.8359375
08:00:34,91282CKR1,TSRYS5802848,D,S,T,2024-05-17,1000000.00,4.561973,99.828125
08:00:34,91282CKR1,TSRYS5802848,D,S,D,2024-05-17,1000000.00,4.559142,99.8359375
08:00:34,91282CKR1,TSRYS5802848,D,S,T,2024-05-17,1000000.00,4.561973,99.828125
08:00:34,91282CKR1,TSRYS5802848,D,S,T,2024-05-17,1000000.00,4.561973,99.828125
08:00:34,91282CKR1,TSRYS5802848,D,B,A,2024-05-17,1800000.00,4.563388,99.824219
08:00:34,91282CKR1,TSRYS5802848,D,S,D,2024-05-17,4000000.00,4.561973,99.828125
08:00:34,91282CKR1,TSRYS5802848,D,S,T,2024-05-17,1000000.00,4.561265,99.830078125
08:00:34,91282CKR1,TSRYS5802848,D,S,D,2024-05-17,2000000.00,4.561265,99.830078125
08:00:34,91282CKR1,TSRYS5802848,D,S,A,2024-05-17,10000000.00,4.549237,99.86328125
08:00:34,91282CKR1,TSRYS5802848,D,S,T,2024-05-17,1000000.00,4.553482,99.8515625
08:00:34,91282CKR1,TSRYS5802848,D,S,D,2024-05-17,3000000.00,4.561265,99.830078125
08:00:34,91282CKR1,TSRYS5802848,D,S,D,2024-05-17,14000000.00,4.560557,99.83203125
08:00:34,91282CKR1,TSRYS5802848,D,S,D,2024-05-17,4000000.00,4.560557,99.83203125
08:00:34,91282CKR1,TSRYS5802848,D,S,D,2024-05-17,1000000.00,4.561265,99.830078125
08:00:34,91282CKR1,TSRYS5802848,D,S,D,2024-05-17,7000000.00,4.556312,99.84375
08:00:34,91282CKR1,TSRYS5802848,D,S,D,2024-05-17,1000000.00,4.556312,99.84375
08:00:34,91282CKR1,TSRYS5802848,D,S,D,2024-05-17,1000000.00,4.556312,99.84375
08:00:34,91282CKR1,TSRYS5802848,D,S,D,2024-05-17,1000000.00,4.556312,99.84375
08:00:34,91282CKR1,TSRYS5802848,D,S,D,2024-05-17,1000000.00,4.556312,99.84375
08:00:34,91282CKR1,TSRYS5802848,D,S,D,2024-05-17,4000000.00,4.556312,99.84375
08:00:34,91282CKR1,TSRYS5802848,D,S,D,2024-05-17,2000000.00,4.556312,99.84375
08:00:34,91282CKR1,TSRYS5802848,D,S,D,2024-05-17,1000000.00,4.556312,99.84375
08:00:34,91282CKR1,TSRYS5802848,D,S,D,2024-05-17,1000000.00,4.556312,99.84375
08:00:34,91282CKR1,TSRYS5802848,D,S,T,2024-05-17,1000000.00,4.559142,99.8359375
08:00:34,91282CKR1,TSRYS5802848,D,S,T,2024-05-17,1000000.00,4.560557,99.83203125
08:00:34,91282CKR1,TSRYS5802848,D,S,T,2024-05-17,1000000.00,4.561265,99.830078125
08:00:38,91282CKR1,TSRYS5802848,D,S,C,2024-05-17,1000000.00,4.567635,99.8125
08:00:38,91282CKR1,TSRYS5802848,D,B,A,2024-05-17,595000.00,4.560557,99.83203125
08:00:38,91282CKR1,TSRYS5802848,D,S,T,2024-05-17,1000000.00,4.560557,99.83203125
08:00:38,91282CKR1,TSRYS5802848,D,S,T,2024-05-17,1000000.00,4.561973,99.828125
08:00:38,91282CKR1,TSRYS5802848,D,S,T,2024-05-17,1000000.00,4.561973,99.828125
08:00:38,91282CKR1,TSRYS5802848,D,S,T,2024-05-17,1000000.00,4.561973,99.828125
08:00:38,91282CKR1,TSRYS5802848,D,S,A,2024-05-17,989000.00,4.563388,99.82421875
08:00:38,91282CKR1,TSRYS5802848,D,S,D,2024-05-17,45000000.00,4.564699,99.8206
08:00:38,91282CKR1,TSRYS5802848,D,S,T,2024-05-17,1000000.00,4.56905,99.80859375
08:00:38,91282CKR1,TSRYS5802848,D,S,T,2024-05-17,1000000.00,4.56905,99.80859375
08:00:38,91282CKR1,TSRYS5802848,D,S,D,2024-05-17,1000000.00,4.56905,99.80859375
08:00:38,91282CKR1,TSRYS5802848,D,S,T,2024-05-17,1000000.00,4.566219,99.81640625
08:00:38,91282CKR1,TSRYS5802848,D,S,A,2024-05-17,360000.00,4.566219,99.81640625
08:00:38,91282CKR1,TSRYS5802848,D,S,A,2024-05-17,233000.00,4.567635,99.8125
08:00:38,91282CKR1,TSRYS5802848,D,S,T,2024-05-17,1000000.00,4.567635,99.8125
08:00:38,91282CKR1,TSRYS5802848,D,S,T,2024-05-17,1000000.00,4.567635,99.8125
08:00:38,91282CKR1,TSRYS5802848,D,S,A,2024-05-17,5000000.00,4.56905,99.80859375
08:00:38,91282CKR1,TSRYS5802848,D,S,A,2024-05-17,1000000.00,4.56905,99.80859375
08:00:38,91282CKR1,TSRYS5802848,D,S,A,2024-05-17,1000000.00,4.56905,99.80859375
08:00:38,91282CKR1,TSRYS5802848,D,S,A,2024-05-17,1000000.00,4.56905,99.80859375
08:00:38,91282CKR1,TSRYS5802848,D,S,A,2024-05-17,1000000.00,4.56905,99.80859375
08:00:38,91282CKR1,TSRYS5802848,D,S,A,2024-05-17,1000000.00,4.56905,99.80859375
08:00:38,91282CKR1,TSRYS5802848,D,S,T,2024-05-17,1000000.00,4.567635,99.8125
08:00:38,91282CKR1,TSRYS5802848,D,S,T,2024-05-17,1000000.00,4.56905,99.80859375
08:00:38,91282CKR1,TSRYS5802848,D,S,T,2024-05-17,1000000.00,4.573298,99.796875
08:00:38,91282CKR1,TSRYS5802848,D,S,A,2024-05-17,2000000.00,4.563388,99.82421875
08:00:38,91282CKR1,TSRYS5802848,D,S,T,2024-05-17,1000000.00,4.561973,99.828125
08:00:38,91282CKR1,TSRYS5802848,D,S,D,2024-05-17,2000000.00,4.561973,99.828125
08:00:38,91282CKR1,TSRYS5802848,D,S,D,2024-05-17,1000000.00,4.561973,99.828125
08:00:38,91282CKR1,TSRYS5802848,D,S,T,2024-05-17,1000000.00,4.563388,99.82421875
08:00:38,91282CKR1,TSRYS5802848,D,S,T,2024-05-17,1000000.00,4.564096,99.822265625
08:00:38,91282CKR1,TSRYS5802848,D,S,T,2024-05-17,2000000.00,4.561265,99.830078125
08:00:38,91282CKR1,TSRYS5802848,D,S,T,2024-05-17,1000000.00,4.561973,99.828125
08:00:38,91282CKR1,TSRYS5802848,D,S,D,2024-05-17,1000000.00,4.561265,99.830078125
08:00:38,91282CKR1,TSRYS5802848,D,S,D,2024-05-17,2000000.00,4.561973,99.828125
08:00:38,91282CKR1,TSRYS5802848,D,S,D,2024-05-17,1000000.00,4.561973,99.828125
08:00:38,91282CKR1,TSRYS5802848,D,S,D,2024-05-17,4000000.00,4.561973,99.828125
08:00:38,91282CKR1,TSRYS5802848,D,S,T,2024-05-17,1000000.00,4.564096,99.822265625
08:00:38,91282CKR1,TSRYS5802848,D,S,D,2024-05-17,2000000.00,4.561265,99.830078125
08:00:38,91282CKR1,TSRYS5802848,D,S,T,2024-05-17,1000000.00,4.561973,99.828125
08:00:38,91282CKR1,TSRYS5802848,D,S,T,2024-05-17,4000000.00,4.563388,99.82421875
08:00:38,91282CKR1,TSRYS5802848,D,S,T,2024-05-17,1000000.00,4.561973,99.828125
08:00:38,91282CKR1,TSRYS5802848,D,S,T,2024-05-17,2000000.00,4.56268,99.826171875
08:00:38,91282CKR1,TSRYS5802848,D,S,T,2024-05-17,2000000.00,4.561265,99.830078125
08:00:38,91282CKR1,TSRYS5802848,D,S,T,2024-05-17,1000000.00,4.561265,99.830078125
08:00:38,91282CKR1,TSRYS5802848,D,S,D,2024-05-17,1000000.00,4.56905,99.80859375
08:00:38,91282CKR1,TSRYS5802848,D,S,D,2024-05-17,2000000.00,4.56905,99.80859375
08:00:38,91282CKR1,TSRYS5802848,D,S,D,2024-05-17,1000000.00,4.56905,99.80859375
08:00:38,91282CKR1,TSRYS5802848,D,S,D,2024-05-17,1000000.00,4.56905,99.80859375
08:00:38,91282CKR1,TSRYS5802848,D,S,T,2024-05-17,1000000.00,4.561265,99.830078125
08:00:38,91282CKR1,TSRYS5802848,D,S,D,2024-05-17,1000000.00,4.561973,99.828125
08:00:38,91282CKR1,TSRYS5802848,D,S,T,2024-05-17,1000000.00,4.561973,99.828125
08:00:38,91282CKR1,TSRYS5802848,D,S,T,2024-05-17,1000000.00,4.561973,99.828125
08:00:38,91282CKR1,TSRYS5802848,D,S,A,2024-05-17,2000000.00,4.563388,99.82421875
08:00:38,91282CKR1,TSRYS5802848,D,S,D,2024-05-17,1000000.00,4.568343,99.810546875
08:00:38,91282CKR1,TSRYS5802848,D,S,D,2024-05-17,1000000.00,4.568343,99.810546875
08:00:38,91282CKR1,TSRYS5802848,D,S,D,2024-05-17,1000000.00,4.56905,99.80859375
08:00:38,91282CKR1,TSRYS5802848,D,S,D,2024-05-17,1000000.00,4.56905,99.80859375
08:00:38,91282CKR1,TSRYS5802848,D,S,D,2024-05-17,1000000.00,4.568343,99.810546875
08:00:38,91282CKR1,TSRYS5802848,D,S,D,2024-05-17,1000000.00,4.56905,99.80859375
08:00:38,91282CKR1,TSRYS5802848,D,S,D,2024-05-17,1000000.00,4.56905,99.80859375
08:00:38,91282CKR1,TSRYS5802848,D,S,D,2024-05-17,2000000.00,4.56905,99.80859375
08:00:38,91282CKR1,TSRYS5802848,D,S,T,2024-05-17,9750000.00,4.590293,99.75
08:00:38,91282CKR1,TSRYS5802848,D,S,T,2024-05-17,34100000.00,4.590293,99.75
08:00:39,91282CKR1,TSRYS5802848,D,S,T,2024-05-17,1000000.00,4.561973,99.828125
08:00:39,91282CKR1,TSRYS5802848,D,B,A,2024-05-17,1230000.00,4.56905,99.80859375
08:00:39,91282CKR1,TSRYS5802848,D,S,T,2024-05-17,1000000.00,4.561973,99.828125
08:00:39,91282CKR1,TSRYS5802848,D,S,D,2024-05-17,2000000.00,4.561973,99.828125
08:00:39,91282CKR1,TSRYS5802848,D,S,T,2024-05-17,1000000.00,4.563388,99.82421875
08:00:39,91282CKR1,TSRYS5802848,D,S,T,2024-05-17,3000000.00,4.563388,99.82421875
08:00:40,91282CKR1,TSRYS5802848,D,S,T,2024-05-17,2000000.00,4.561973,99.828125
08:00:40,91282CKR1,TSRYS5802848,D,S,D,2024-05-17,1000000.00,4.573298,99.796875
08:00:40,91282CKR1,TSRYS5802848,D,S,D,2024-05-17,1000000.00,4.573298,99.796875
08:00:40,91282CKR1,TSRYS5802848,D,S,D,2024-05-17,1000000.00,4.573298,99.796875
08:00:40,91282CKR1,TSRYS5802848,D,S,D,2024-05-17,1000000.00,4.573298,99.796875
08:00:40,91282CKR1,TSRYS5802848,D,S,D,2024-05-17,3000000.00,4.573298,99.796875
08:00:40,91282CKR1,TSRYS5802848,D,S,T,2024-05-17,1000000.00,4.561973,99.828125
08:00:40,91282CKR1,TSRYS5802848,D,S,T,2024-05-17,2000000.00,4.561973,99.828125
08:00:40,91282CKR1,TSRYS5802848,D,S,T,2024-05-17,4000000.00,4.561973,99.828125
08:00:41,91282CKR1,TSRYS5802848,D,S,D,2024-05-17,2000000.00,4.57613,99.7890625
08:00:41,91282CKR1,TSRYS5802848,D,S,D,2024-05-17,1000000.00,4.561265,99.830078125
08:00:41,91282CKR1,TSRYS5802848,D,S,T,2024-05-17,1000000.00,4.563388,99.82421875
08:00:41,91282CKR1,TSRYS5802848,D,S,T,2024-05-17,1000000.00,4.563388,99.82421875
08:00:41,91282CKR1,TSRYS5802848,D,S,T,2024-05-17,2000000.00,4.563388,99.82421875
08:00:42,91282CKR1,TSRYS5802848,D,S,T,2024-05-17,1000000.00,4.56268,99.826171875
08:00:42,91282CKR1,TSRYS5802848,D,S,T,2024-05-17,2000000.00,4.563388,99.82421875
08:00:42,91282CKR1,TSRYS5802848,D,S,T,2024-05-17,1000000.00,4.563388,99.82421875
08:00:42,91282CKR1,TSRYS5802848,D,S,T,2024-05-17,1000000.00,4.580414,99.77724375
08:00:42,91282CKR1,TSRYS5802848,D,S,T,2024-05-17,2000000.00,4.580414,99.77724375
08:00:42,91282CKR1,TSRYS5802848,D,S,T,2024-05-17,1000000.00,4.580414,99.77724375
08:00:42,91282CKR1,TSRYS5802848,D,S,T,2024-05-17,1000000.00,4.580378,99.77734375
08:00:42,91282CKR1,TSRYS5802848,D,S,T,2024-05-17,1000000.00,4.580378,99.77734375
08:00:42,91282CKR1,TSRYS5802848,D,S,T,2024-05-17,4000000.00,4.561973,99.828125
08:00:42,91282CKR1,TSRYS5802848,D,S,T,2024-05-17,1000000.00,4.580378,99.77734375
08:00:42,91282CKR1,TSRYS5802848,D,S,T,2024-05-17,2000000.00,4.580378,99.77734375
08:00:42,91282CKR1,TSRYS5802848,D,S,T,2024-05-17,4000000.00,4.580378,99.77734375
08:00:42,91282CKR1,TSRYS5802848,D,S,T,2024-05-17,2000000.00,4.580378,99.77734375
08:00:42,91282CKR1,TSRYS5802848,D,S,T,2024-05-17,1000000.00,4.561265,99.830078125
08:00:42,91282CKR1,TSRYS5802848,D,S,T,2024-05-17,4000000.00,4.561973,99.828125
08:00:43,91282CKR1,TSRYS5802848,D,S,T,2024-05-17,3000000.00,4.561973,99.828125
08:00:43,91282CKR1,TSRYS5802848,D,S,D,2024-05-17,2000000.00,4.580378,99.77734375
08:00:43,91282CKR1,TSRYS5802848,D,S,D,2024-05-17,2000000.00,4.580378,99.77734375
08:00:43,91282CKR1,TSRYS5802848,D,S,D,2024-05-17,2000000.00,4.580378,99.77734375
08:00:43,91282CKR1,TSRYS5802848,D,S,D,2024-05-17,1000000.00,4.580378,99.77734375
08:00:43,91282CKR1,TSRYS5802848,D,S,D,2024-05-17,1000000.00,4.580378,99.77734375
08:00:43,91282CKR1,TSRYS5802848,D,S,D,2024-05-17,1000000.00,4.580378,99.77734375
08:00:43,91282CKR1,TSRYS5802848,D,S,D,2024-05-17,1000000.00,4.554189,99.849609375
08:00:43,91282CKR1,TSRYS5802848,D,S,D,2024-05-17,1000000.00,4.554189,99.849609375
08:00:43,91282CKR1,TSRYS5802848,D,S,T,2024-05-17,1000000.00,4.552774,99.853515625
08:00:45,91282CKR1,TSRYS5802848,D,S,D,2024-05-17,35000000.00,4.564743,99.8204805
08:00:45,91282CKR1,TSRYS5802848,D,S,T,2024-05-17,1000000.00,4.567635,99.8125
08:00:46,91282CKR1,TSRYS5802848,D,S,T,2024-05-17,25000000.00,4.567635,99.8125
08:00:46,91282CKR1,TSRYS5802848,D,S,T,2024-05-17,15000000.00,4.567635,99.8125
08:00:47,91282CKR1,TSRYS5802848,D,S,C,2024-05-17,35000000.00,4.564743,99.8204805
08:00:47,91282CKR1,TSRYS5802848,D,S,C,2024-05-17,35000000.00,4.564743,99.8204805
08:00:47,91282CKR1,TSRYS5802848,D,S,T,2024-05-17,1000000.00,4.567635,99.8125
08:00:47,91282CKR1,TSRYS5802848,D,S,T,2024-05-17,1000000.00,4.567635,99.8125
08:00:47,91282CKR1,TSRYS5802848,D,S,T,2024-05-17,1000000.00,4.567635,99.8125
08:00:48,91282CKR1,TSRYS5802848,D,S,C,2024-05-17,6900000.00,4.573237,99.797043
08:00:48,91282CKR1,TSRYS5802848,D,S,T,2024-05-17,4000000.00,4.567635,99.8125
08:00:48,91282CKR1,TSRYS5802848,D,S,T,2024-05-17,1000000.00,4.567635,99.8125
08:00:48,91282CKR1,TSRYS5802848,D,S,T,2024-05-17,7000000.00,4.567635,99.8125
08:00:48,91282CKR1,TSRYS5802848,D,S,T,2024-05-17,1000000.00,4.567635,99.8125
08:00:49,91282CKR1,TSRYS5802848,D,S,T,2024-05-17,7000000.00,4.567635,99.8125
08:00:49,91282CKR1,TSRYS5802848,D,S,T,2024-05-17,15000000.00,4.567635,99.8125
08:00:49,91282CKR1,TSRYS5802848,D,S,T,2024-05-17,1000000.00,4.567635,99.8125
08:00:49,91282CKR1,TSRYS5802848,D,B,A,2024-05-17,2180000.00,4.553482,99.8515625
08:00:49,91282CKR1,TSRYS5802848,D,B,A,2024-05-17,1936000.00,4.554897,99.84765625
08:00:49,91282CKR1,TSRYS5802848,D,S,T,2024-05-17,1000000.00,4.56905,99.80859375
08:00:49,91282CKR1,TSRYS5802848,D,S,T,2024-05-17,1000000.00,4.56905,99.80859375
08:00:50,91282CKR1,TSRYS5802848,D,S,T,2024-05-17,2000000.00,4.567635,99.8125
08:00:50,91282CKR1,TSRYS5802848,D,S,A,2024-05-17,250MM+,4.560557,99.83203125
08:00:50,91282CKR1,TSRYS5802848,D,S,T,2024-05-17,2000000.00,4.567635,99.8125
08:00:50,91282CKR1,TSRYS5802848,D,S,A,2024-05-17,984000.00,4.560557,99.83203125
08:00:50,91282CKR1,TSRYS5802848,D,S,T,2024-05-17,3000000.00,4.567635,99.8125
08:00:50,91282CKR1,TSRYS5802848,D,S,T,2024-05-17,1000000.00,4.567635,99.8125
08:00:51,91282CKR1,TSRYS5802848,D,S,T,2024-05-17,1000000.00,4.56905,99.80859375
08:00:51,91282CKR1,TSRYS5802848,D,S,A,2024-05-17,223500.00,4.566219,99.81640625
08:00:51,91282CKR1,TSRYS5802848,D,S,D,2024-05-17,35000000.00,4.564743,99.8204805
08:00:53,91282CKR1,TSRYS5802848,D,B,A,2024-05-17,950000.00,4.574714,99.79296875
08:00:56,91282CKR1,TSRYS5802848,D,S,T,2024-05-17,2000000.00,4.573298,99.796875
08:00:57,91282CKR1,TSRYS5802848,D,S,T,2024-05-17,2000000.00,4.573298,99.796875
08:00:57,91282CKR1,TSRYS5802848,D,S,T,2024-05-17,1000000.00,4.573298,99.796875
08:00:57,91282CKR1,TSRYS5802848,D,S,T,2024-05-17,2000000.00,4.567635,99.8125
08:00:57,91282CKR1,TSRYS5802848,D,S,T,2024-05-17,4000000.00,4.573298,99.796875
08:00:57,91282CKR1,TSRYS5802848,D,S,T,2024-05-17,9000000.00,4.567635,99.8125
08:00:57,91282CKR1,TSRYS5802848,D,S,T,2024-05-17,1000000.00,4.573298,99.796875
08:00:57,91282CKR1,TSRYS5802848,D,B,A,2024-05-17,150000.00,4.573298,99.796875
08:00:58,91282CKR1,TSRYS5802848,D,S,T,2024-05-17,2000000.00,4.567635,99.8125
08:00:58,91282CKR1,TSRYS5802848,D,S,T,2024-05-17,1000000.00,4.578254,99.783203125
08:00:59,91282CKR1,TSRYS5802848,D,S,T,2024-05-17,1000000.00,4.573298,99.796875
08:00:59,91282CKR1,TSRYS5802848,D,S,T,2024-05-17,1000000.00,4.57613,99.7890625
08:00:59,91282CKR1,TSRYS5802848,D,S,T,2024-05-17,1000000.00,4.57613,99.7890625
08:00:59,91282CKR1,TSRYS5802848,D,S,T,2024-05-17,2000000.00,4.567635,99.8125
08:00:59,91282CKR1,TSRYS5802848,D,S,D,2024-05-17,1000000.00,4.573298,99.796875
08:00:59,91282CKR1,TSRYS5802848,D,S,D,2024-05-17,1000000.00,4.573298,99.796875
08:00:59,91282CKR1,TSRYS5802848,D,S,D,2024-05-17,1000000.00,4.573298,99.796875
08:00:59,91282CKR1,TSRYS5802848,D,S,D,2024-05-17,1000000.00,4.573298,99.796875
08:00:59,91282CKR1,TSRYS5802848,D,S,D,2024-05-17,4000000.00,4.573298,99.796875
08:00:59,91282CKR1,TSRYS5802848,D,S,D,2024-05-17,1000000.00,4.573298,99.796875
08:00:59,91282CKR1,TSRYS5802848,D,S,T,2024-05-17,1000000.00,4.57613,99.7890625
08:00:59,91282CKR1,TSRYS5802848,D,S,D,2024-05-17,3000000.00,4.573298,99.796875
08:00:59,91282CKR1,TSRYS5802848,D,S,D,2024-05-17,1000000.00,4.575422,99.791015625
08:00:59,91282CKR1,TSRYS5802848,D,S,D,2024-05-17,1000000.00,4.575422,99.791015625
08:00:59,91282CKR1,TSRYS5802848,D,S,T,2024-05-17,3000000.00,4.57613,99.7890625
08:00:59,91282CKR1,TSRYS5802848,D,S,T,2024-05-17,1000000.00,4.573298,99.796875
08:01:00,91282CKR1,TSRYS5802848,D,B,A,2024-05-17,246000.00,4.567635,99.8125
08:01:00,91282CKR1,TSRYS5802848,D,B,A,2024-05-17,446000.00,4.564804,99.8203125
08:01:00,91282CKR1,TSRYS5802848,D,S,T,2024-05-17,13000000.00,4.573298,99.796875
08:01:00,91282CKR1,TSRYS5802848,D,S,T,2024-05-17,3000000.00,4.567635,99.8125
08:01:00,91282CKR1,TSRYS5802848,D,B,A,2024-05-17,984000.00,4.560557,99.83203125
08:01:00,91282CKR1,TSRYS5802848,D,S,C,2024-05-17,10000000.00,4.561973,99.828125
08:01:00,91282CKR1,TSRYS5802848,D,B,A,2024-05-17,186000.00,4.563388,99.82421875
08:01:00,91282CKR1,TSRYS5802848,D,B,A,2024-05-17,1364000.00,4.560557,99.83203125
08:01:00,91282CKR1,TSRYS5802848,D,B,A,2024-05-17,989000.00,4.563388,99.82421875
08:01:01,91282CKR1,TSRYS5802848,D,S,C,2024-05-17,100000.00,4.575248,99.791495
08:01:01,91282CKR1,TSRYS5802848,D,S,T,2024-05-17,1000000.00,4.57613,99.7890625
08:01:01,91282CKR1,TSRYS5802848,D,S,T,2024-05-17,1000000.00,4.57613,99.7890625
08:01:01,91282CKR1,TSRYS5802848,D,S,T,2024-05-17,1000000.00,4.580378,99.77734375
08:01:01,91282CKR1,TSRYS5802848,D,S,T,2024-05-17,1000000.00,4.580378,99.77734375
08:01:01,91282CKR1,TSRYS5802848,D,S,T,2024-05-17,1000000.00,4.580378,99.77734375
08:01:01,91282CKR1,TSRYS5802848,D,S,T,2024-05-17,1000000.00,4.57613,99.7890625
08:01:01,91282CKR1,TSRYS5802848,D,S,T,2024-05-17,1000000.00,4.580378,99.77734375
08:01:01,91282CKR1,TSRYS5802848,D,S,T,2024-05-17,5000000.00,4.57967,99.779296875
08:01:01,91282CKR1,TSRYS5802848,D,S,T,2024-05-17,2000000.00,4.57613,99.7890625
08:01:01,91282CKR1,TSRYS5802848,D,S,C,2024-05-17,15000.00,4.570715,99.804
08:01:01,91282CKR1,TSRYS5802848,D,B,A,2024-05-17,233000.00,4.567635,99.8125
08:01:01,91282CKR1,TSRYS5802848,D,S,T,2024-05-17,1000000.00,4.57613,99.7890625
08:01:02,91282CKR1,TSRYS5802848,D,B,A,2024-05-17,360000.00,4.566219,99.81640625
08:01:02,91282CKR1,TSRYS5802848,D,S,T,2024-05-17,1000000.00,4.57613,99.7890625
08:01:02,91282CKR1,TSRYS5802848,D,S,T,2024-05-17,1000000.00,4.57613,99.7890625
08:01:02,91282CKR1,TSRYS5802848,D,S,T,2024-05-17,1000000.00,4.57613,99.7890625
08:01:02,91282CKR1,TSRYS5802848,D,S,T,2024-05-17,1000000.00,4.57613,99.7890625
08:01:02,91282CKR1,TSRYS5802848,D,S,T,2024-05-17,1000000.00,4.57613,99.7890625
08:01:02,91282CKR1,TSRYS5802848,D,S,T,2024-05-17,1000000.00,4.57613,99.7890625
08:01:02,91282CKR1,TSRYS5802848,D,S,T,2024-05-17,1000000.00,4.57613,99.7890625
08:01:02,91282CKR1,TSRYS5802848,D,S,T,2024-05-17,1000000.00,4.57613,99.7890625
08:01:02,91282CKR1,TSRYS5802848,D,S,T,2024-05-17,1000000.00,4.57613,99.7890625
08:01:02,91282CKR1,TSRYS5802848,D,S,T,2024-05-17,1000000.00,4.580378,99.77734375
08:01:02,91282CKR1,TSRYS5802848,D,S,T,2024-05-17,4000000.00,4.580378,99.77734375
08:01:02,91282CKR1,TSRYS5802848,D,S,T,2024-05-17,2000000.00,4.580378,99.77734375
08:01:02,91282CKR1,TSRYS5802848,D,S,T,2024-05-17,1000000.00,4.580378,99.77734375
08:01:02,91282CKR1,TSRYS5802848,D,S,D,2024-05-17,2000000.00,4.580378,99.77734375
08:01:02,91282CKR1,TSRYS5802848,D,S,T,2024-05-17,1000000.00,4.580378,99.77734375
08:01:03,91282CKR1,TSRYS5802848,D,S,T,2024-05-17,1000000.00,4.580378,99.77734375
08:01:03,91282CKR1,TSRYS5802848,D,S,T,2024-05-17,3000000.00,4.567635,99.8125
08:01:03,91282CKR1,TSRYS5802848,D,S,T,2024-05-17,2000000.00,4.57967,99.779296875
08:01:03,91282CKR1,TSRYS5802848,D,S,T,2024-05-17,2000000.00,4.580378,99.77734375
08:01:03,91282CKR1,TSRYS5802848,D,S,T,2024-05-17,1000000.00,4.575422,99.791015625
08:01:03,91282CKR1,TSRYS5802848,D,S,T,2024-05-17,2000000.00,4.580378,99.77734375
08:01:03,91282CKR1,TSRYS5802848,D,S,A,2024-05-17,4950000.00,4.560557,99.83203125
08:01:03,91282CKR1,TSRYS5802848,D,S,T,2024-05-17,1000000.00,4.580378,99.77734375
08:01:03,91282CKR1,TSRYS5802848,D,S,T,2024-05-17,6000000.00,4.580378,99.77734375
08:01:03,91282CKR1,TSRYS5802848,D,S,T,2024-05-17,1000000.00,4.57613,99.7890625
08:01:03,91282CKR1,TSRYS5802848,D,S,T,2024-05-17,1000000.00,4.580378,99.77734375
08:01:04,91282CKR1,TSRYS5802848,D,S,T,2024-05-17,1000000.00,4.57613,99.7890625
08:01:04,91282CKR1,TSRYS5802848,D,S,T,2024-05-17,1000000.00,4.57613,99.7890625
08:01:04,91282CKR1,TSRYS5802848,D,S,T,2024-05-17,1000000.00,4.57613,99.7890625
08:01:04,91282CKR1,TSRYS5802848,D,S,T,2024-05-17,1000000.00,4.57613,99.7890625
08:01:04,91282CKR1,TSRYS5802848,D,S,T,2024-05-17,1000000.00,4.57613,99.7890625
08:01:04,91282CKR1,TSRYS5802848,D,S,T,2024-05-17,2000000.00,4.57613,99.7890625
08:01:04,91282CKR1,TSRYS5802848,D,S,T,2024-05-17,1000000.00,4.57613,99.7890625
08:01:04,91282CKR1,TSRYS5802848,D,S,T,2024-05-17,1000000.00,4.57613,99.7890625
08:01:04,91282CKR1,TSRYS5802848,D,S,C,2024-05-17,25000.00,4.567816,99.812
08:01:05,91282CKR1,TSRYS5802848,D,S,T,2024-05-17,1000000.00,4.57967,99.779296875
08:01:05,91282CKR1,TSRYS5802848,D,S,T,2024-05-17,4000000.00,4.57967,99.779296875
08:01:05,91282CKR1,TSRYS5802848,D,S,T,2024-05-17,1000000.00,4.580378,99.77734375
08:01:05,91282CKR1,TSRYS5802848,D,S,T,2024-05-17,12000000.00,4.580378,99.77734375
08:01:05,91282CKR1,TSRYS5802848,D,S,T,2024-05-17,2000000.00,4.580378,99.77734375
08:01:06,91282CKR1,TSRYS5802848,D,S,D,2024-05-17,72000000.00,,99.79251
08:01:07,91282CKR1,TSRYS5802848,D,S,C,2024-05-17,2000000.00,4.55985,99.833984375
08:01:07,91282CKR1,TSRYS5802848,D,S,T,2024-05-17,1000000.00,4.573298,99.796875
08:01:07,91282CKR1,TSRYS5802848,D,S,C,2024-05-17,1000000.00,4.55985,99.833984375
08:01:07,91282CKR1,TSRYS5802848,D,S,C,2024-05-17,2000000.00,4.553482,99.8515625
08:01:07,91282CKR1,TSRYS5802848,D,B,C,2024-05-17,1000000.00,4.55985,99.833984375
08:01:07,91282CKR1,TSRYS5802848,D,S,C,2024-05-17,3000000.00,4.554897,99.84765625
08:01:07,91282CKR1,TSRYS5802848,D,S,T,2024-05-17,1000000.00,4.573298,99.796875
08:01:07,91282CKR1,TSRYS5802848,D,S,C,2024-05-17,3000000.00,4.553482,99.8515625
08:01:07,91282CKR1,TSRYS5802848,D,S,C,2024-05-17,1000000.00,4.552774,99.853515625
08:01:07,91282CKR1,TSRYS5802848,D,S,C,2024-05-17,1000000.00,4.553482,99.8515625
08:01:07,91282CKR1,TSRYS5802848,D,B,C,2024-05-17,1000000.00,4.552774,99.853515625
08:01:07,91282CKR1,TSRYS5802848,D,S,T,2024-05-17,1000000.00,4.573298,99.796875
08:01:07,91282CKR1,TSRYS5802848,D,S,D,2024-05-17,1000000.00,4.552067,99.85546875
08:01:07,91282CKR1,TSRYS5802848,D,S,C,2024-05-17,1000000.00,4.554189,99.849609375
08:01:07,91282CKR1,TSRYS5802848,D,S,D,2024-05-17,125000.00,4.564804,99.8203125
08:01:07,91282CKR1,TSRYS5802848,D,S,C,2024-05-17,1000000.00,4.554189,99.849609375
08:01:07,91282CKR1,TSRYS5802848,D,S,C,2024-05-17,1000000.00,4.552774,99.853515625
08:01:08,91282CKR1,TSRYS5802848,D,S,T,2024-05-17,1000000.00,4.573298,99.796875
08:01:08,91282CKR1,TSRYS5802848,D,S,T,2024-05-17,3000000.00,4.573298,99.796875
08:01:08,91282CKR1,TSRYS5802848,D,S,C,2024-05-17,1000000.00,4.554189,99.849609375
08:01:08,91282CKR1,TSRYS5802848,D,S,C,2024-05-17,1000000.00,4.554189,99.849609375
08:01:08,91282CKR1,TSRYS5802848,D,S,T,2024-05-17,1000000.00,4.573298,99.796875
08:01:08,91282CKR1,TSRYS5802848,D,S,T,2024-05-17,1000000.00,4.573298,99.796875
08:01:08,91282CKR1,TSRYS5802848,D,B,C,2024-05-17,1000000.00,4.555604,99.845703125
08:01:08,91282CKR1,TSRYS5802848,D,S,C,2024-05-17,1000000.00,4.555604,99.845703125
08:01:08,91282CKR1,TSRYS5802848,D,B,C,2024-05-17,1000000.00,4.555604,99.845703125
08:01:08,91282CKR1,TSRYS5802848,D,S,C,2024-05-17,1000000.00,4.555604,99.845703125
08:01:08,91282CKR1,TSRYS5802848,D,S,C,2024-05-17,1000000.00,4.555604,99.845703125
08:01:08,91282CKR1,TSRYS5802848,D,S,C,2024-05-17,1000000.00,4.555604,99.845703125
08:01:08,91282CKR1,TSRYS5802848,D,B,C,2024-05-17,1000000.00,4.555604,99.845703125
08:01:08,91282CKR1,TSRYS5802848,D,S,C,2024-05-17,1000000.00,4.554897,99.84765625
08:01:08,91282CKR1,TSRYS5802848,D,B,C,2024-05-17,1000000.00,4.554897,99.84765625
08:01:08,91282CKR1,TSRYS5802848,D,S,C,2024-05-17,1000000.00,4.557019,99.841796875
08:01:08,91282CKR1,TSRYS5802848,D,B,C,2024-05-17,1000000.00,4.557019,99.841796875
08:01:08,91282CKR1,TSRYS5802848,D,B,C,2024-05-17,1000000.00,4.560557,99.83203125
08:01:08,91282CKR1,TSRYS5802848,D,S,C,2024-05-17,1000000.00,4.560557,99.83203125
08:01:08,91282CKR1,TSRYS5802848,D,S,C,2024-05-17,1000000.00,4.55985,99.833984375
08:01:08,91282CKR1,TSRYS5802848,D,S,T,2024-05-17,7000000.00,4.573298,99.796875
08:01:08,91282CKR1,TSRYS5802848,D,B,C,2024-05-17,1000000.00,4.55985,99.833984375
08:01:08,91282CKR1,TSRYS5802848,D,S,C,2024-05-17,1000000.00,4.561265,99.830078125
08:01:08,91282CKR1,TSRYS5802848,D,B,C,2024-05-17,1000000.00,4.561265,99.830078125
08:01:08,91282CKR1,TSRYS5802848,D,S,T,2024-05-17,2000000.00,4.573298,99.796875
08:01:08,91282CKR1,TSRYS5802848,D,B,C,2024-05-17,1000000.00,4.558435,99.837890625
08:01:08,91282CKR1,TSRYS5802848,D,S,D,2024-05-17,1000000.00,4.558435,99.837890625
08:01:08,91282CKR1,TSRYS5802848,D,S,D,2024-05-17,1000000.00,4.558435,99.837890625
08:01:08,91282CKR1,TSRYS5802848,D,S,D,2024-05-17,1000000.00,4.558435,99.837890625
08:01:08,91282CKR1,TSRYS5802848,D,S,T,2024-05-17,5000000.00,4.573298,99.796875
08:01:08,91282CKR1,TSRYS5802848,D,B,C,2024-05-17,1000000.00,4.558435,99.837890625
08:01:09,91282CKR1,TSRYS5802848,D,B,C,2024-05-17,1000000.00,4.558435,99.837890625
08:01:09,91282CKR1,TSRYS5802848,D,B,C,2024-05-17,1000000.00,4.558435,99.837890625
08:01:09,91282CKR1,TSRYS5802848,D,S,D,2024-05-17,1000000.00,4.558435,99.837890625
08:01:09,91282CKR1,TSRYS5802848,D,S,C,2024-05-17,1000000.00,4.557019,99.841796875
08:01:09,91282CKR1,TSRYS5802848,D,S,C,2024-05-17,1000000.00,4.557019,99.841796875
08:01:09,91282CKR1,TSRYS5802848,D,S,T,2024-05-17,1000000.00,4.57613,99.7890625
08:01:09,91282CKR1,TSRYS5802848,D,S,T,2024-05-17,1000000.00,4.57613,99.7890625
08:01:09,91282CKR1,TSRYS5802848,D,S,T,2024-05-17,1000000.00,4.57613,99.7890625
08:01:09,91282CKR1,TSRYS5802848,D,B,C,2024-05-17,1000000.00,4.554189,99.849609375
08:01:09,91282CKR1,TSRYS5802848,D,S,C,2024-05-17,1000000.00,4.554189,99.849609375
08:01:09,91282CKR1,TSRYS5802848,D,S,T,2024-05-17,1000000.00,4.57613,99.7890625
08:01:09,91282CKR1,TSRYS5802848,D,S,C,2024-05-17,1000000.00,4.559142,99.8359375
08:01:09,91282CKR1,TSRYS5802848,D,S,C,2024-05-17,1000000.00,4.559142,99.8359375
08:01:09,91282CKR1,TSRYS5802848,D,B,C,2024-05-17,1000000.00,4.559142,99.8359375
08:01:09,91282CKR1,TSRYS5802848,D,S,D,2024-05-17,1000000.00,4.558435,99.837890625
08:01:09,91282CKR1,TSRYS5802848,D,S,D,2024-05-17,2000000.00,4.558435,99.837890625
08:01:09,91282CKR1,TSRYS5802848,D,S,D,2024-05-17,1000000.00,4.558435,99.837890625
08:01:09,91282CKR1,TSRYS5802848,D,B,C,2024-05-17,2000000.00,4.558435,99.837890625
08:01:09,91282CKR1,TSRYS5802848,D,S,D,2024-05-17,1000000.00,4.558435,99.837890625
08:01:09,91282CKR1,TSRYS5802848,D,B,C,2024-05-17,1000000.00,4.558435,99.837890625
08:01:09,91282CKR1,TSRYS5802848,D,B,C,2024-05-17,1000000.00,4.558435,99.837890625
08:01:09,91282CKR1,TSRYS5802848,D,B,C,2024-05-17,1000000.00,4.559142,99.8359375
08:01:09,91282CKR1,TSRYS5802848,D,S,D,2024-05-17,1000000.00,4.558435,99.837890625
08:01:09,91282CKR1,TSRYS5802848,D,S,D,2024-05-17,1000000.00,4.559142,99.8359375
08:01:09,91282CKR1,TSRYS5802848,D,S,D,2024-05-17,1000000.00,4.559142,99.8359375
08:01:09,91282CKR1,TSRYS5802848,D,S,T,2024-05-17,1000000.00,4.57613,99.7890625
08:01:09,91282CKR1,TSRYS5802848,D,B,C,2024-05-17,1000000.00,4.55985,99.833984375
08:01:09,91282CKR1,TSRYS5802848,D,S,D,2024-05-17,1000000.00,4.55985,99.833984375
08:01:09,91282CKR1,TSRYS5802848,D,S,D,2024-05-17,1000000.00,4.55985,99.833984375
08:01:09,91282CKR1,TSRYS5802848,D,B,C,2024-05-17,1000000.00,4.55985,99.833984375
08:01:09,91282CKR1,TSRYS5802848,D,B,C,2024-05-17,1000000.00,4.55985,99.833984375
08:01:09,91282CKR1,TSRYS5802848,D,B,C,2024-05-17,1000000.00,4.55985,99.833984375
08:01:09,91282CKR1,TSRYS5802848,D,S,D,2024-05-17,1000000.00,4.55985,99.833984375
08:01:09,91282CKR1,TSRYS5802848,D,S,D,2024-05-17,1000000.00,4.55985,99.833984375
08:01:09,91282CKR1,TSRYS5802848,D,B,C,2024-05-17,1000000.00,4.55985,99.833984375
08:01:09,91282CKR1,TSRYS5802848,D,S,D,2024-05-17,1000000.00,4.55985,99.833984375
08:01:09,91282CKR1,TSRYS5802848,D,B,C,2024-05-17,1000000.00,4.55985,99.833984375
08:01:09,91282CKR1,TSRYS5802848,D,S,D,2024-05-17,1000000.00,4.55985,99.833984375
08:01:09,91282CKR1,TSRYS5802848,D,S,D,2024-05-17,1000000.00,4.561973,99.828125
08:01:09,91282CKR1,TSRYS5802848,D,B,C,2024-05-17,1000000.00,4.561973,99.828125
08:01:09,91282CKR1,TSRYS5802848,D,B,C,2024-05-17,1000000.00,4.561973,99.828125
08:01:09,91282CKR1,TSRYS5802848,D,B,C,2024-05-17,1000000.00,4.561973,99.828125
08:01:09,91282CKR1,TSRYS5802848,D,S,D,2024-05-17,1000000.00,4.561973,99.828125
08:01:09,91282CKR1,TSRYS5802848,D,S,D,2024-05-17,1000000.00,4.561973,99.828125
08:01:09,91282CKR1,TSRYS5802848,D,S,T,2024-05-17,1000000.00,4.57613,99.7890625
08:01:09,91282CKR1,TSRYS5802848,D,S,T,2024-05-17,6000000.00,4.57613,99.7890625
08:01:09,91282CKR1,TSRYS5802848,D,B,C,2024-05-17,1000000.00,4.561973,99.828125
08:01:09,91282CKR1,TSRYS5802848,D,S,D,2024-05-17,1000000.00,4.561973,99.828125
08:01:09,91282CKR1,TSRYS5802848,D,S,T,2024-05-17,3000000.00,4.57613,99.7890625
08:01:09,91282CKR1,TSRYS5802848,D,B,C,2024-05-17,1000000.00,4.561973,99.828125
08:01:09,91282CKR1,TSRYS5802848,D,S,D,2024-05-17,1000000.00,4.561973,99.828125
08:01:09,91282CKR1,TSRYS5802848,D,B,C,2024-05-17,1000000.00,4.561973,99.828125
08:01:09,91282CKR1,TSRYS5802848,D,S,D,2024-05-17,1000000.00,4.561973,99.828125
08:01:09,91282CKR1,TSRYS5802848,D,S,D,2024-05-17,1000000.00,4.561973,99.828125
08:01:09,91282CKR1,TSRYS5802848,D,B,C,2024-05-17,1000000.00,4.561973,99.828125
08:01:09,91282CKR1,TSRYS5802848,D,S,D,2024-05-17,1000000.00,4.561973,99.828125
08:01:09,91282CKR1,TSRYS5802848,D,B,C,2024-05-17,1000000.00,4.561973,99.828125
08:01:09,91282CKR1,TSRYS5802848,D,S,T,2024-05-17,1000000.00,4.57613,99.7890625
08:01:09,91282CKR1,TSRYS5802848,D,S,T,2024-05-17,1000000.00,4.57613,99.7890625
08:01:09,91282CKR1,TSRYS5802848,D,S,T,2024-05-17,2000000.00,4.57613,99.7890625
08:01:09,91282CKR1,TSRYS5802848,D,S,T,2024-05-17,1000000.00,4.57613,99.7890625
08:01:10,91282CKR1,TSRYS5802848,D,S,D,2024-05-17,2000000.00,4.561973,99.828125
08:01:10,91282CKR1,TSRYS5802848,D,S,T,2024-05-17,1000000.00,4.57613,99.7890625
08:01:10,91282CKR1,TSRYS5802848,D,S,D,2024-05-17,2000000.00,4.561973,99.828125
08:01:10,91282CKR1,TSRYS5802848,D,S,D,2024-05-17,1000000.00,4.561973,99.828125
08:01:10,91282CKR1,TSRYS5802848,D,S,T,2024-05-17,1000000.00,4.57613,99.7890625
08:01:10,91282CKR1,TSRYS5802848,D,S,D,2024-05-17,2000000.00,4.561973,99.828125
08:01:10,91282CKR1,TSRYS5802848,D,S,D,2024-05-17,2000000.00,4.561973,99.828125
08:01:10,91282CKR1,TSRYS5802848,D,S,T,2024-05-17,5000000.00,4.57967,99.779296875
08:01:10,91282CKR1,TSRYS5802848,D,S,C,2024-05-17,1000000.00,4.561265,99.830078125
08:01:10,91282CKR1,TSRYS5802848,D,S,D,2024-05-17,1000000.00,4.561265,99.830078125
08:01:10,91282CKR1,TSRYS5802848,D,S,T,2024-05-17,6000000.00,4.580378,99.77734375
08:01:10,91282CKR1,TSRYS5802848,D,S,C,2024-05-17,1000000.00,4.561973,99.828125
08:01:10,91282CKR1,TSRYS5802848,D,S,D,2024-05-17,1000000.00,4.561973,99.828125
08:01:10,91282CKR1,TSRYS5802848,D,S,D,2024-05-17,1000000.00,4.561973,99.828125
08:01:10,91282CKR1,TSRYS5802848,D,S,T,2024-05-17,1000000.00,4.57613,99.7890625
08:01:10,91282CKR1,TSRYS5802848,D,S,D,2024-05-17,1000000.00,4.561973,99.828125
08:01:10,91282CKR1,TSRYS5802848,D,S,D,2024-05-17,2000000.00,4.56268,99.826171875
08:01:10,91282CKR1,TSRYS5802848,D,S,T,2024-05-17,2000000.00,4.580378,99.77734375
08:01:10,91282CKR1,TSRYS5802848,D,S,D,2024-05-17,2000000.00,4.56268,99.826171875
08:01:10,91282CKR1,TSRYS5802848,D,B,C,2024-05-17,1000000.00,4.56268,99.826171875
08:01:10,91282CKR1,TSRYS5802848,D,S,D,2024-05-17,1000000.00,4.561973,99.828125
08:01:10,91282CKR1,TSRYS5802848,D,B,C,2024-05-17,1000000.00,4.561973,99.828125
08:01:10,91282CKR1,TSRYS5802848,D,S,D,2024-05-17,1000000.00,4.56268,99.826171875
08:01:10,91282CKR1,TSRYS5802848,D,S,D,2024-05-17,1000000.00,4.561973,99.828125
08:01:10,91282CKR1,TSRYS5802848,D,B,C,2024-05-17,1000000.00,4.561973,99.828125
08:01:10,91282CKR1,TSRYS5802848,D,S,D,2024-05-17,4000000.00,4.561973,99.828125
08:01:10,91282CKR1,TSRYS5802848,D,S,C,2024-05-17,2000000.00,4.564804,99.8203125
08:01:10,91282CKR1,TSRYS5802848,D,S,T,2024-05-17,1000000.00,4.580378,99.77734375
08:01:10,91282CKR1,TSRYS5802848,D,S,C,2024-05-17,1000000.00,4.564804,99.8203125
08:01:10,91282CKR1,TSRYS5802848,D,S,C,2024-05-17,1000000.00,4.564804,99.8203125
08:01:10,91282CKR1,TSRYS5802848,D,S,T,2024-05-17,2000000.00,4.57967,99.779296875
08:01:10,91282CKR1,TSRYS5802848,D,S,T,2024-05-17,2000000.00,4.580378,99.77734375
08:01:10,91282CKR1,TSRYS5802848,D,S,T,2024-05-17,4000000.00,4.580378,99.77734375
08:01:10,91282CKR1,TSRYS5802848,D,B,C,2024-05-17,1000000.00,4.565511,99.818359375
08:01:10,91282CKR1,TSRYS5802848,D,S,C,2024-05-17,1000000.00,4.565511,99.818359375
08:01:10,91282CKR1,TSRYS5802848,D,B,C,2024-05-17,1000000.00,4.564804,99.8203125
08:01:10,91282CKR1,TSRYS5802848,D,S,C,2024-05-17,1000000.00,4.564804,99.8203125
08:01:10,91282CKR1,TSRYS5802848,D,S,C,2024-05-17,1000000.00,4.564804,99.8203125
08:01:10,91282CKR1,TSRYS5802848,D,S,D,2024-05-17,1000000.00,4.565511,99.818359375
08:01:10,91282CKR1,TSRYS5802848,D,B,C,2024-05-17,1000000.00,4.565511,99.818359375
08:01:10,91282CKR1,TSRYS5802848,D,B,C,2024-05-17,2000000.00,4.565511,99.818359375
08:01:10,91282CKR1,TSRYS5802848,D,S,D,2024-05-17,2000000.00,4.565511,99.818359375
08:01:10,91282CKR1,TSRYS5802848,D,B,C,2024-05-17,2000000.00,4.565511,99.818359375
08:01:10,91282CKR1,TSRYS5802848,D,S,D,2024-05-17,1000000.00,4.565511,99.818359375
08:01:10,91282CKR1,TSRYS5802848,D,B,C,2024-05-17,1000000.00,4.565511,99.818359375
08:01:10,91282CKR1,TSRYS5802848,D,B,C,2024-05-17,1000000.00,4.565511,99.818359375
08:01:10,91282CKR1,TSRYS5802848,D,S,D,2024-05-17,2000000.00,4.565511,99.818359375
08:01:10,91282CKR1,TSRYS5802848,D,S,D,2024-05-17,1000000.00,4.565511,99.818359375
08:01:10,91282CKR1,TSRYS5802848,D,S,D,2024-05-17,1000000.00,4.56905,99.80859375
08:01:10,91282CKR1,TSRYS5802848,D,S,T,2024-05-17,1000000.00,4.57613,99.7890625
08:01:10,91282CKR1,TSRYS5802848,D,S,D,2024-05-17,2000000.00,4.56905,99.80859375
08:01:10,91282CKR1,TSRYS5802848,D,S,D,2024-05-17,1000000.00,4.56905,99.80859375
08:01:10,91282CKR1,TSRYS5802848,D,S,D,2024-05-17,1000000.00,4.56905,99.80859375
08:01:10,91282CKR1,TSRYS5802848,D,S,C,2024-05-17,1000000.00,4.566219,99.81640625
08:01:10,91282CKR1,TSRYS5802848,D,B,C,2024-05-17,1000000.00,4.566219,99.81640625
08:01:10,91282CKR1,TSRYS5802848,D,S,D,2024-05-17,1000000.00,4.566927,99.814453125
08:01:10,91282CKR1,TSRYS5802848,D,B,C,2024-05-17,1000000.00,4.566927,99.814453125
08:01:10,91282CKR1,TSRYS5802848,D,S,D,2024-05-17,5000000.00,4.56905,99.80859375
08:01:10,91282CKR1,TSRYS5802848,D,B,C,2024-05-17,1000000.00,4.568343,99.810546875
08:01:10,91282CKR1,TSRYS5802848,D,S,D,2024-05-17,1000000.00,4.568343,99.810546875
08:01:10,91282CKR1,TSRYS5802848,D,B,C,2024-05-17,5000000.00,4.56905,99.80859375
08:01:10,91282CKR1,TSRYS5802848,D,B,C,2024-05-17,1000000.00,4.568343,99.810546875
08:01:10,91282CKR1,TSRYS5802848,D,S,D,2024-05-17,1000000.00,4.568343,99.810546875
08:01:10,91282CKR1,TSRYS5802848,D,S,D,2024-05-17,1000000.00,4.568343,99.810546875
08:01:10,91282CKR1,TSRYS5802848,D,B,C,2024-05-17,1000000.00,4.568343,99.810546875
08:01:10,91282CKR1,TSRYS5802848,D,S,D,2024-05-17,1000000.00,4.568343,99.810546875
08:01:10,91282CKR1,TSRYS5802848,D,S,C,2024-05-17,1000000.00,4.568343,99.810546875
08:01:10,91282CKR1,TSRYS5802848,D,B,C,2024-05-17,1000000.00,4.568343,99.810546875
08:01:10,91282CKR1,TSRYS5802848,D,B,C,2024-05-17,1000000.00,4.568343,99.810546875
08:01:10,91282CKR1,TSRYS5802848,D,B,C,2024-05-17,1000000.00,4.568343,99.810546875
08:01:10,91282CKR1,TSRYS5802848,D,S,C,2024-05-17,1000000.00,4.568343,99.810546875
08:01:10,91282CKR1,TSRYS5802848,D,B,C,2024-05-17,1000000.00,4.56905,99.80859375
08:01:10,91282CKR1,TSRYS5802848,D,S,D,2024-05-17,1000000.00,4.56905,99.80859375
08:01:10,91282CKR1,TSRYS5802848,D,S,C,2024-05-17,1000000.00,4.56905,99.80859375
08:01:10,91282CKR1,TSRYS5802848,D,S,D,2024-05-17,1000000.00,4.56905,99.80859375
08:01:10,91282CKR1,TSRYS5802848,D,B,C,2024-05-17,1000000.00,4.56905,99.80859375
08:01:10,91282CKR1,TSRYS5802848,D,B,C,2024-05-17,1000000.00,4.56905,99.80859375
08:01:10,91282CKR1,TSRYS5802848,D,B,C,2024-05-17,1000000.00,4.56905,99.80859375
08:01:10,91282CKR1,TSRYS5802848,D,S,C,2024-05-17,1000000.00,4.56905,99.80859375
08:01:10,91282CKR1,TSRYS5802848,D,B,C,2024-05-17,1000000.00,4.56905,99.80859375
08:01:10,91282CKR1,TSRYS5802848,D,S,C,2024-05-17,1000000.00,4.56905,99.80859375
08:01:10,91282CKR1,TSRYS5802848,D,B,C,2024-05-17,1000000.00,4.568343,99.810546875
08:01:10,91282CKR1,TSRYS5802848,D,S,D,2024-05-17,1000000.00,4.568343,99.810546875
08:01:10,91282CKR1,TSRYS5802848,D,B,C,2024-05-17,1000000.00,4.56905,99.80859375
08:01:10,91282CKR1,TSRYS5802848,D,S,D,2024-05-17,1000000.00,4.56905,99.80859375
08:01:10,91282CKR1,TSRYS5802848,D,S,D,2024-05-17,1000000.00,4.573298,99.796875
08:01:10,91282CKR1,TSRYS5802848,D,S,D,2024-05-17,1000000.00,4.573298,99.796875
08:01:10,91282CKR1,TSRYS5802848,D,S,D,2024-05-17,1000000.00,4.574714,99.79296875
08:01:11,91282CKR1,TSRYS5802848,D,S,D,2024-05-17,2000000.00,4.57613,99.7890625
08:01:11,91282CKR1,TSRYS5802848,D,S,C,2024-05-17,1000000.00,4.573298,99.796875
08:01:11,91282CKR1,TSRYS5802848,D,S,D,2024-05-17,1000000.00,4.573298,99.796875
08:01:11,91282CKR1,TSRYS5802848,D,S,T,2024-05-17,1000000.00,4.57613,99.7890625
08:01:11,91282CKR1,TSRYS5802848,D,S,C,2024-05-17,1000000.00,4.57259,99.798828125
08:01:11,91282CKR1,TSRYS5802848,D,S,T,2024-05-17,1000000.00,4.57613,99.7890625
08:01:11,91282CKR1,TSRYS5802848,D,B,C,2024-05-17,1000000.00,4.57259,99.798828125
08:01:11,91282CKR1,TSRYS5802848,D,S,C,2024-05-17,4000000.00,4.573298,99.796875
08:01:11,91282CKR1,TSRYS5802848,D,S,C,2024-05-17,1000000.00,4.573298,99.796875
08:01:11,91282CKR1,TSRYS5802848,D,S,D,2024-05-17,1000000.00,4.573298,99.796875
08:01:11,91282CKR1,TSRYS5802848,D,S,C,2024-05-17,1000000.00,4.573298,99.796875
08:01:11,91282CKR1,TSRYS5802848,D,S,D,2024-05-17,3000000.00,4.573298,99.796875
08:01:11,91282CKR1,TSRYS5802848,D,B,C,2024-05-17,1000000.00,4.576838,99.787109375
08:01:11,91282CKR1,TSRYS5802848,D,S,C,2024-05-17,1000000.00,4.576838,99.787109375
08:01:11,91282CKR1,TSRYS5802848,D,S,C,2024-05-17,1000000.00,4.575422,99.791015625
08:01:11,91282CKR1,TSRYS5802848,D,S,C,2024-05-17,1000000.00,4.575422,99.791015625
08:01:11,91282CKR1,TSRYS5802848,D,S,T,2024-05-17,1000000.00,4.580378,99.77734375
08:01:11,91282CKR1,TSRYS5802848,D,S,T,2024-05-17,13000000.00,4.57967,99.779296875
08:01:11,91282CKR1,TSRYS5802848,D,S,T,2024-05-17,2000000.00,4.580378,99.77734375
08:01:11,91282CKR1,TSRYS5802848,D,S,T,2024-05-17,1000000.00,4.580378,99.77734375
08:01:11,91282CKR1,TSRYS5802848,D,S,T,2024-05-17,1000000.00,4.580378,99.77734375
08:01:11,91282CKR1,TSRYS5802848,D,S,T,2024-05-17,1000000.00,4.57967,99.779296875
08:01:11,91282CKR1,TSRYS5802848,D,S,T,2024-05-17,1000000.00,4.57613,99.7890625
08:01:11,91282CKR1,TSRYS5802848,D,S,T,2024-05-17,2000000.00,4.580378,99.77734375
08:01:11,91282CKR1,TSRYS5802848,D,S,T,2024-05-17,1000000.00,4.57613,99.7890625
08:01:11,91282CKR1,TSRYS5802848,D,S,T,2024-05-17,1000000.00,4.580378,99.77734375
08:01:11,91282CKR1,TSRYS5802848,D,S,T,2024-05-17,1000000.00,4.57613,99.7890625
08:01:12,91282CKR1,TSRYS5802848,D,S,T,2024-05-17,2000000.00,4.580378,99.77734375
08:01:12,91282CKR1,TSRYS5802848,D,S,T,2024-05-17,1000000.00,4.580378,99.77734375
08:01:12,91282CKR1,TSRYS5802848,D,S,T,2024-05-17,1000000.00,4.580378,99.77734375
08:01:12,91282CKR1,TSRYS5802848,D,B,A,2024-05-17,4000000.00,4.573652,99.795898438
08:01:12,91282CKR1,TSRYS5802848,D,S,D,2024-05-17,1150000.00,4.578962,99.78125
08:01:13,91282CKR1,TSRYS5802848,D,S,D,2024-05-17,3000000.00,4.554879,99.8477052
08:01:14,91282CKR1,TSRYS5802848,D,S,T,2024-05-17,1000000.00,4.580487,99.77704375
08:01:14,91282CKR1,TSRYS5802848,D,S,T,2024-05-17,5000000.00,4.580378,99.77734375
08:01:14,91282CKR1,TSRYS5802848,D,S,T,2024-05-17,1000000.00,4.580378,99.77734375
08:01:14,91282CKR1,TSRYS5802848,D,S,T,2024-05-17,1000000.00,4.580378,99.77734375
08:01:14,91282CKR1,TSRYS5802848,D,S,C,2024-05-17,4000000.00,4.580378,99.77734375
08:01:14,91282CKR1,TSRYS5802848,D,B,C,2024-05-17,4000000.00,4.580378,99.77734375
08:01:14,91282CKR1,TSRYS5802848,D,S,C,2024-05-17,2000000.00,4.580378,99.77734375
08:01:14,91282CKR1,TSRYS5802848,D,S,T,2024-05-17,1000000.00,4.580378,99.77734375
08:01:14,91282CKR1,TSRYS5802848,D,S,T,2024-05-17,1000000.00,4.580378,99.77734375
08:01:14,91282CKR1,TSRYS5802848,D,S,T,2024-05-17,2000000.00,4.580378,99.77734375
08:01:14,91282CKR1,TSRYS5802848,D,S,T,2024-05-17,1000000.00,4.580378,99.77734375
08:01:14,91282CKR1,TSRYS5802848,D,S,C,2024-05-17,1000000.00,4.580378,99.77734375
08:01:14,91282CKR1,TSRYS5802848,D,B,C,2024-05-17,1000000.00,4.580378,99.77734375
08:01:14,91282CKR1,TSRYS5802848,D,S,C,2024-05-17,1000000.00,4.580378,99.77734375
08:01:14,91282CKR1,TSRYS5802848,D,S,C,2024-05-17,1000000.00,4.580378,99.77734375
08:01:14,91282CKR1,TSRYS5802848,D,S,C,2024-05-17,1000000.00,4.580378,99.77734375
08:01:14,91282CKR1,TSRYS5802848,D,S,T,2024-05-17,2000000.00,4.580378,99.77734375
08:01:14,91282CKR1,TSRYS5802848,D,B,C,2024-05-17,1000000.00,4.580378,99.77734375
08:01:14,91282CKR1,TSRYS5802848,D,B,C,2024-05-17,1000000.00,4.580378,99.77734375
08:01:14,91282CKR1,TSRYS5802848,D,B,C,2024-05-17,1000000.00,4.580378,99.77734375
08:01:14,91282CKR1,TSRYS5802848,D,S,T,2024-05-17,1000000.00,4.580378,99.77734375
08:01:14,91282CKR1,TSRYS5802848,D,S,T,2024-05-17,1000000.00,4.580487,99.77704375
08:01:14,91282CKR1,TSRYS5802848,D,S,T,2024-05-17,1000000.00,4.580378,99.77734375
08:01:14,91282CKR1,TSRYS5802848,D,S,C,2024-05-17,2000000.00,4.580378,99.77734375
08:01:14,91282CKR1,TSRYS5802848,D,S,T,2024-05-17,1000000.00,4.580378,99.77734375
08:01:14,91282CKR1,TSRYS5802848,D,S,C,2024-05-17,2000000.00,4.580378,99.77734375
08:01:14,91282CKR1,TSRYS5802848,D,S,T,2024-05-17,2000000.00,4.580378,99.77734375
08:01:14,91282CKR1,TSRYS5802848,D,B,C,2024-05-17,1000000.00,4.580378,99.77734375
08:01:14,91282CKR1,TSRYS5802848,D,S,D,2024-05-17,1000000.00,4.580378,99.77734375
08:01:14,91282CKR1,TSRYS5802848,D,S,T,2024-05-17,2000000.00,4.580378,99.77734375
08:01:14,91282CKR1,TSRYS5802848,D,S,T,2024-05-17,2000000.00,4.580378,99.77734375
08:01:14,91282CKR1,TSRYS5802848,D,S,T,2024-05-17,2000000.00,4.580378,99.77734375
08:01:14,91282CKR1,TSRYS5802848,D,B,C,2024-05-17,1000000.00,4.580378,99.77734375
08:01:14,91282CKR1,TSRYS5802848,D,S,D,2024-05-17,1000000.00,4.580378,99.77734375
08:01:14,91282CKR1,TSRYS5802848,D,S,T,2024-05-17,2000000.00,4.580378,99.77734375
08:01:14,91282CKR1,TSRYS5802848,D,B,C,2024-05-17,1000000.00,4.580378,99.77734375
08:01:14,91282CKR1,TSRYS5802848,D,S,D,2024-05-17,1000000.00,4.580378,99.77734375
08:01:14,91282CKR1,TSRYS5802848,D,S,T,2024-05-17,1000000.00,4.580378,99.77734375
08:01:14,91282CKR1,TSRYS5802848,D,B,C,2024-05-17,1000000.00,4.580378,99.77734375
08:01:14,91282CKR1,TSRYS5802848,D,S,D,2024-05-17,1000000.00,4.580378,99.77734375
08:01:15,91282CKR1,TSRYS5802848,D,S,T,2024-05-17,1000000.00,4.580378,99.77734375
08:01:15,91282CKR1,TSRYS5802848,D,S,T,2024-05-17,1000000.00,4.579071,99.78095
08:01:15,91282CKR1,TSRYS5802848,D,S,T,2024-05-17,1000000.00,4.580378,99.77734375
08:01:15,91282CKR1,TSRYS5802848,D,S,T,2024-05-17,1000000.00,4.580378,99.77734375
08:01:15,91282CKR1,TSRYS5802848,D,S,T,2024-05-17,1000000.00,4.580378,99.77734375
08:01:15,91282CKR1,TSRYS5802848,D,S,T,2024-05-17,1000000.00,4.579071,99.78095
08:01:15,91282CKR1,TSRYS5802848,D,S,T,2024-05-17,1000000.00,4.580378,99.77734375
08:01:15,91282CKR1,TSRYS5802848,D,S,T,2024-05-17,1000000.00,4.577655,99.78485625
08:01:15,91282CKR1,TSRYS5802848,D,S,C,2024-05-17,1000000.00,4.576838,99.787109375
08:01:15,91282CKR1,TSRYS5802848,D,B,C,2024-05-17,1000000.00,4.576838,99.787109375
08:01:15,91282CKR1,TSRYS5802848,D,S,T,2024-05-17,1000000.00,4.580378,99.77734375
08:01:15,91282CKR1,TSRYS5802848,D,B,C,2024-05-17,1000000.00,4.57613,99.7890625
08:01:15,91282CKR1,TSRYS5802848,D,S,T,2024-05-17,2000000.00,4.57967,99.779296875
08:01:15,91282CKR1,TSRYS5802848,D,S,C,2024-05-17,1000000.00,4.57613,99.7890625
08:01:15,91282CKR1,TSRYS5802848,D,S,T,2024-05-17,1000000.00,4.57967,99.779296875
08:01:15,91282CKR1,TSRYS5802848,D,B,C,2024-05-17,1000000.00,4.57613,99.7890625
08:01:15,91282CKR1,TSRYS5802848,D,S,C,2024-05-17,1000000.00,4.57613,99.7890625
08:01:16,91282CKR1,TSRYS5802848,D,S,T,2024-05-17,1000000.00,4.576238,99.7887625
08:01:16,91282CKR1,TSRYS5802848,D,B,C,2024-05-17,1000000.00,4.57613,99.7890625
08:01:16,91282CKR1,TSRYS5802848,D,S,C,2024-05-17,1000000.00,4.57613,99.7890625
08:01:17,91282CKR1,TSRYS5802848,D,S,T,2024-05-17,1000000.00,4.554897,99.84765625
08:01:17,91282CKR1,TSRYS5802848,D,S,D,2024-05-17,9750000.00,4.590293,99.75
08:01:17,91282CKR1,TSRYS5802848,D,S,D,2024-05-17,34100000.00,4.590293,99.75
08:01:18,91282CKR1,TSRYS5802848,D,S,C,2024-05-17,1000000.00,4.554897,99.84765625
08:01:19,91282CKR1,TSRYS5802848,D,B,C,2024-05-17,2000000.00,4.55985,99.83398437
08:01:19,91282CKR1,TSRYS5802848,D,S,C,2024-05-17,1000000.00,4.554897,99.84765625
08:01:19,91282CKR1,TSRYS5802848,D,S,C,2024-05-17,1000000.00,4.554897,99.84765625
08:01:19,91282CKR1,TSRYS5802848,D,S,C,2024-05-17,98000.00,4.572416,99.799308
08:01:19,91282CKR1,TSRYS5802848,D,S,D,2024-05-17,1000000.00,4.554897,99.84765625
08:01:19,91282CKR1,TSRYS5802848,D,B,C,2024-05-17,1000000.00,4.557019,99.841796875
08:01:19,91282CKR1,TSRYS5802848,D,S,C,2024-05-17,1000000.00,4.557019,99.841996875
08:01:19,91282CKR1,TSRYS5802848,D,S,C,2024-05-17,1000000.00,4.557019,99.841996875
08:01:19,91282CKR1,TSRYS5802848,D,B,C,2024-05-17,1000000.00,4.557019,99.841796875
08:01:19,91282CKR1,TSRYS5802848,D,S,C,2024-05-17,1000000.00,4.557019,99.841996875
08:01:19,91282CKR1,TSRYS5802848,D,S,D,2024-05-17,1000000.00,4.554897,99.84765625
08:01:20,91282CKR1,TSRYS5802848,D,S,D,2024-05-17,2000000.00,4.561973,99.828125
08:01:20,91282CKR1,TSRYS5802848,D,S,D,2024-05-17,1000000.00,4.554897,99.84765625
08:01:20,91282CKR1,TSRYS5802848,D,S,T,2024-05-17,1000000.00,4.562027,99.827975
08:01:20,91282CKR1,TSRYS5802848,D,S,T,2024-05-17,1000000.00,4.562027,99.827975
08:01:20,91282CKR1,TSRYS5802848,D,S,T,2024-05-17,1000000.00,4.562027,99.827975
08:01:20,91282CKR1,TSRYS5802848,D,S,T,2024-05-17,1000000.00,4.562027,99.827975
08:01:20,91282CKR1,TSRYS5802848,D,S,T,2024-05-17,1000000.00,4.562027,99.827975
08:01:20,91282CKR1,TSRYS5802848,D,S,D,2024-05-17,1000000.00,4.554897,99.84765625
08:01:20,91282CKR1,TSRYS5802848,D,S,T,2024-05-17,2000000.00,4.562027,99.827975
08:01:20,91282CKR1,TSRYS5802848,D,S,T,2024-05-17,1000000.00,4.562027,99.827975
08:01:20,91282CKR1,TSRYS5802848,D,S,T,2024-05-17,2000000.00,4.562027,99.827975
08:01:20,91282CKR1,TSRYS5802848,D,S,D,2024-05-17,1000000.00,4.554897,99.84765625
08:01:20,91282CKR1,TSRYS5802848,D,S,T,2024-05-17,2000000.00,4.562027,99.827975
08:01:20,91282CKR1,TSRYS5802848,D,S,T,2024-05-17,1000000.00,4.562027,99.827975
08:01:20,91282CKR1,TSRYS5802848,D,S,T,2024-05-17,1000000.00,4.562027,99.827975
08:01:20,91282CKR1,TSRYS5802848,D,S,T,2024-05-17,1000000.00,4.562027,99.827975
08:01:20,91282CKR1,TSRYS5802848,D,S,T,2024-05-17,1000000.00,4.562027,99.827975
08:01:20,91282CKR1,TSRYS5802848,D,S,D,2024-05-17,2000000.00,4.561973,99.828125
08:01:20,91282CKR1,TSRYS5802848,D,S,D,2024-05-17,2000000.00,4.561973,99.828125
08:01:20,91282CKR1,TSRYS5802848,D,S,D,2024-05-17,1000000.00,4.561973,99.828125
08:01:20,91282CKR1,TSRYS5802848,D,S,D,2024-05-17,2000000.00,4.561973,99.828125
08:01:20,91282CKR1,TSRYS5802848,D,S,A,2024-05-17,1000000.00,4.553482,99.8515625
08:01:20,91282CKR1,TSRYS5802848,D,S,T,2024-05-17,1000000.00,4.562027,99.827975
08:01:20,91282CKR1,TSRYS5802848,D,S,T,2024-05-17,1000000.00,4.562027,99.827975
08:01:20,91282CKR1,TSRYS5802848,D,S,T,2024-05-17,2000000.00,4.562027,99.827975
08:01:20,91282CKR1,TSRYS5802848,D,S,T,2024-05-17,2000000.00,4.562027,99.827975
08:01:20,91282CKR1,TSRYS5802848,D,S,T,2024-05-17,1000000.00,4.562027,99.827975
08:01:20,91282CKR1,TSRYS5802848,D,S,D,2024-05-17,2000000.00,4.561973,99.828125
08:01:20,91282CKR1,TSRYS5802848,D,S,D,2024-05-17,2000000.00,4.561973,99.828125
08:01:21,91282CKR1,TSRYS5802848,D,S,D,2024-05-17,2000000.00,4.561973,99.828125
08:01:21,91282CKR1,TSRYS5802848,D,S,T,2024-05-17,2000000.00,4.561973,99.828125
08:01:21,91282CKR1,TSRYS5802848,D,S,D,2024-05-17,1000000.00,4.561973,99.828125
08:01:21,91282CKR1,TSRYS5802848,D,S,D,2024-05-17,1000000.00,4.561973,99.828125
08:01:21,91282CKR1,TSRYS5802848,D,S,D,2024-05-17,1000000.00,4.561973,99.828125
08:01:21,91282CKR1,TSRYS5802848,D,S,D,2024-05-17,1000000.00,4.561973,99.828125
08:01:21,91282CKR1,TSRYS5802848,D,S,D,2024-05-17,1000000.00,4.561973,99.828125
08:01:21,91282CKR1,TSRYS5802848,D,S,D,2024-05-17,1000000.00,4.561973,99.828125
08:01:21,91282CKR1,TSRYS5802848,D,S,T,2024-05-17,1000000.00,4.562027,99.827975
08:01:21,91282CKR1,TSRYS5802848,D,S,T,2024-05-17,1000000.00,4.562027,99.827975
08:01:21,91282CKR1,TSRYS5802848,D,S,T,2024-05-17,1000000.00,4.562027,99.827975
08:01:21,91282CKR1,TSRYS5802848,D,S,D,2024-05-17,1000000.00,4.554897,99.84765625
08:01:21,91282CKR1,TSRYS5802848,D,S,T,2024-05-17,1000000.00,4.562027,99.827975
08:01:21,91282CKR1,TSRYS5802848,D,S,D,2024-05-17,2000000.00,4.56268,99.82617187
08:01:21,91282CKR1,TSRYS5802848,D,S,D,2024-05-17,2000000.00,4.56268,99.82617187
08:01:21,91282CKR1,TSRYS5802848,D,S,T,2024-05-17,1000000.00,4.57967,99.779296875
08:01:21,91282CKR1,TSRYS5802848,D,S,T,2024-05-17,2000000.00,4.56268,99.82617187
08:01:21,91282CKR1,TSRYS5802848,D,S,T,2024-05-17,1000000.00,4.56268,99.82617187
08:01:21,91282CKR1,TSRYS5802848,D,S,T,2024-05-17,2000000.00,4.57967,99.779296875
08:01:21,91282CKR1,TSRYS5802848,D,S,T,2024-05-17,2000000.00,4.57967,99.779296875
08:01:21,91282CKR1,TSRYS5802848,D,S,T,2024-05-17,1000000.00,4.57967,99.779296875
08:01:21,91282CKR1,TSRYS5802848,D,S,T,2024-05-17,1000000.00,4.57967,99.779296875
08:01:21,91282CKR1,TSRYS5802848,D,S,T,2024-05-17,1000000.00,4.57967,99.779296875
08:01:21,91282CKR1,TSRYS5802848,D,S,C,2024-05-17,1000000.00,4.554897,99.84765625
08:01:21,91282CKR1,TSRYS5802848,D,S,C,2024-05-17,1000000.00,4.554897,99.84765625
08:01:21,91282CKR1,TSRYS5802848,D,S,D,2024-05-17,1000000.00,4.554897,99.84765625
08:01:21,91282CKR1,TSRYS5802848,D,S,T,2024-05-17,1000000.00,4.554897,99.84765625
08:01:22,91282CKR1,TSRYS5802848,D,S,T,2024-05-17,1000000.00,4.554897,99.84765625
08:01:22,91282CKR1,TSRYS5802848,D,B,C,2024-05-17,57000000.00,4.56242,99.82689
08:01:22,91282CKR1,TSRYS5802848,D,S,D,2024-05-17,14000000.00,4.55992,99.83379
08:01:22,91282CKR1,TSRYS5802848,D,B,C,2024-05-17,36000000.00,4.555019,99.84732
08:01:23,91282CKR1,TSRYS5802848,D,S,T,2024-05-17,1000000.00,4.576838,99.787109375
08:01:23,91282CKR1,TSRYS5802848,D,S,T,2024-05-17,2000000.00,4.576838,99.787109375
08:01:23,91282CKR1,TSRYS5802848,D,S,T,2024-05-17,1000000.00,4.576838,99.787109375
08:01:23,91282CKR1,TSRYS5802848,D,S,A,2024-05-17,5000000.00,4.559142,99.8359375
08:01:23,91282CKR1,TSRYS5802848,D,S,A,2024-05-17,1000000.00,4.560557,99.83203125
08:01:23,91282CKR1,TSRYS5802848,D,S,A,2024-05-17,1000000.00,4.560557,99.83203125
08:01:23,91282CKR1,TSRYS5802848,D,S,T,2024-05-17,2000000.00,4.576838,99.787109375
08:01:23,91282CKR1,TSRYS5802848,D,S,T,2024-05-17,1000000.00,4.576838,99.787109375
08:01:23,91282CKR1,TSRYS5802848,D,S,T,2024-05-17,2000000.00,4.576838,99.787109375
08:01:23,91282CKR1,TSRYS5802848,D,S,A,2024-05-17,1000000.00,4.560557,99.83203125
08:01:23,91282CKR1,TSRYS5802848,D,S,A,2024-05-17,1000000.00,4.560557,99.83203125
08:01:23,91282CKR1,TSRYS5802848,D,S,A,2024-05-17,1000000.00,4.560557,99.83203125
08:01:23,91282CKR1,TSRYS5802848,D,S,A,2024-05-17,1000000.00,4.560557,99.83203125
08:01:23,91282CKR1,TSRYS5802848,D,S,A,2024-05-17,1000000.00,4.560557,99.83203125
08:01:23,91282CKR1,TSRYS5802848,D,S,A,2024-05-17,1000000.00,4.560557,99.83203125
08:01:23,91282CKR1,TSRYS5802848,D,S,A,2024-05-17,1000000.00,4.560557,99.83203125
08:01:23,91282CKR1,TSRYS5802848,D,S,A,2024-05-17,1000000.00,4.560557,99.83203125
08:01:23,91282CKR1,TSRYS5802848,D,S,A,2024-05-17,1000000.00,4.560557,99.83203125
08:01:23,91282CKR1,TSRYS5802848,D,S,A,2024-05-17,1000000.00,4.560557,99.83203125
08:01:23,91282CKR1,TSRYS5802848,D,S,A,2024-05-17,1000000.00,4.560557,99.83203125
08:01:23,91282CKR1,TSRYS5802848,D,S,A,2024-05-17,1000000.00,4.560557,99.83203125
08:01:23,91282CKR1,TSRYS5802848,D,S,A,2024-05-17,1000000.00,4.560557,99.83203125
08:01:23,91282CKR1,TSRYS5802848,D,S,A,2024-05-17,1000000.00,4.560557,99.83203125
08:01:23,91282CKR1,TSRYS5802848,D,S,A,2024-05-17,1000000.00,4.560557,99.83203125
08:01:23,91282CKR1,TSRYS5802848,D,S,A,2024-05-17,1000000.00,4.560557,99.83203125
08:01:23,91282CKR1,TSRYS5802848,D,S,A,2024-05-17,1000000.00,4.560557,99.83203125
08:01:23,91282CKR1,TSRYS5802848,D,B,C,2024-05-17,1000000.00,4.57613,99.7890625
08:01:23,91282CKR1,TSRYS5802848,D,S,A,2024-05-17,1000000.00,4.560557,99.83203125
08:01:23,91282CKR1,TSRYS5802848,D,B,C,2024-05-17,2000000.00,4.558435,99.83789062
08:01:23,91282CKR1,TSRYS5802848,D,S,D,2024-05-17,1000000.00,4.554189,99.84960937
08:01:23,91282CKR1,TSRYS5802848,D,S,T,2024-05-17,1000000.00,4.57613,99.7890625
08:01:23,91282CKR1,TSRYS5802848,D,B,A,2024-05-17,6300000.00,4.561973,99.828125
08:01:23,91282CKR1,TSRYS5802848,D,B,C,2024-05-17,2000000.00,4.558435,99.83789062
08:01:23,91282CKR1,TSRYS5802848,D,B,C,2024-05-17,1000000.00,4.558435,99.83789062
08:01:23,91282CKR1,TSRYS5802848,D,B,C,2024-05-17,1000000.00,4.558435,99.83789062
08:01:23,91282CKR1,TSRYS5802848,D,S,A,2024-05-17,1000000.00,4.561973,99.828125
08:01:23,91282CKR1,TSRYS5802848,D,S,A,2024-05-17,2000000.00,4.56268,99.826171875
08:01:23,91282CKR1,TSRYS5802848,D,S,A,2024-05-17,2000000.00,4.56268,99.826171875
08:01:23,91282CKR1,TSRYS5802848,D,S,A,2024-05-17,2000000.00,4.56268,99.826171875
08:01:23,91282CKR1,TSRYS5802848,D,S,A,2024-05-17,1000000.00,4.56268,99.826171875
08:01:24,91282CKR1,TSRYS5802848,D,S,C,2024-05-17,1000000.00,4.554897,99.84765625
08:01:24,91282CKR1,TSRYS5802848,D,S,D,2024-05-17,1000000.00,4.554897,99.84765625
08:01:24,91282CKR1,TSRYS5802848,D,S,T,2024-05-17,1000000.00,4.554897,99.84765625
08:01:24,91282CKR1,TSRYS5802848,D,S,T,2024-05-17,1000000.00,4.562009,99.828025
08:01:24,91282CKR1,TSRYS5802848,D,S,T,2024-05-17,2000000.00,4.562009,99.828025
08:01:24,91282CKR1,TSRYS5802848,D,S,T,2024-05-17,2000000.00,4.562009,99.828025
08:01:24,91282CKR1,TSRYS5802848,D,S,T,2024-05-17,3000000.00,4.562009,99.828025
08:01:24,91282CKR1,TSRYS5802848,D,S,T,2024-05-17,1000000.00,4.562009,99.828025
08:01:24,91282CKR1,TSRYS5802848,D,S,T,2024-05-17,1000000.00,4.561973,99.828125
08:01:24,91282CKR1,TSRYS5802848,D,S,T,2024-05-17,1000000.00,4.561973,99.828125
08:01:24,91282CKR1,TSRYS5802848,D,S,T,2024-05-17,4000000.00,4.550652,99.859375
08:01:24,91282CKR1,TSRYS5802848,D,S,T,2024-05-17,1000000.00,4.550724,99.859175
08:01:24,91282CKR1,TSRYS5802848,D,S,T,2024-05-17,1000000.00,4.561973,99.828125
08:01:24,91282CKR1,TSRYS5802848,D,S,T,2024-05-17,1000000.00,4.561973,99.828125
08:01:24,91282CKR1,TSRYS5802848,D,S,T,2024-05-17,1000000.00,4.561973,99.828125
08:01:24,91282CKR1,TSRYS5802848,D,S,T,2024-05-17,1000000.00,4.561973,99.828125
08:01:24,91282CKR1,TSRYS5802848,D,S,T,2024-05-17,1000000.00,4.561973,99.828125
08:01:24,91282CKR1,TSRYS5802848,D,S,T,2024-05-17,1000000.00,4.561973,99.828125
08:01:24,91282CKR1,TSRYS5802848,D,S,T,2024-05-17,1000000.00,4.561973,99.828125
08:01:24,91282CKR1,TSRYS5802848,D,S,T,2024-05-17,1000000.00,4.561973,99.828125
08:01:24,91282CKR1,TSRYS5802848,D,S,T,2024-05-17,1000000.00,4.561973,99.828125
08:01:24,91282CKR1,TSRYS5802848,D,S,T,2024-05-17,1000000.00,4.561973,99.828125
08:01:24,91282CKR1,TSRYS5802848,D,S,T,2024-05-17,1000000.00,4.561973,99.828125
08:01:24,91282CKR1,TSRYS5802848,D,S,C,2024-05-17,45000000.00,4.578962,99.78125
08:01:24,91282CKR1,TSRYS5802848,D,B,C,2024-05-17,45000000.00,4.579752,99.77907
08:01:24,91282CKR1,TSRYS5802848,D,B,C,2024-05-17,1000000.00,4.558435,99.83789062
08:01:24,91282CKR1,TSRYS5802848,D,S,T,2024-05-17,1000000.00,4.561973,99.828125
08:01:24,91282CKR1,TSRYS5802848,D,S,T,2024-05-17,1000000.00,4.561973,99.828125
08:01:24,91282CKR1,TSRYS5802848,D,B,C,2024-05-17,2000000.00,4.558435,99.83789062
08:01:24,91282CKR1,TSRYS5802848,D,B,C,2024-05-17,1000000.00,4.560557,99.83203125
08:01:25,91282CKR1,TSRYS5802848,D,S,T,2024-05-17,18000000.00,4.567635,99.8125
08:01:25,91282CKR1,TSRYS5802848,D,S,T,2024-05-17,1000000.00,4.554897,99.84765625
08:01:25,91282CKR1,TSRYS5802848,D,S,T,2024-05-17,1000000.00,4.552067,99.85546875
08:01:25,91282CKR1,TSRYS5802848,D,S,A,2024-05-17,1000000.00,4.566219,99.81640625
08:01:25,91282CKR1,TSRYS5802848,D,S,A,2024-05-17,1184000.00,4.567635,99.8125
08:01:28,91282CKR1,TSRYS5802848,D,S,C,2024-05-17,1000000.00,4.554897,99.84765625
08:01:28,91282CKR1,TSRYS5802848,D,S,T,2024-05-17,1000000.00,4.554897,99.84765625
08:01:28,91282CKR1,TSRYS5802848,D,S,T,2024-05-17,1000000.00,4.561973,99.828125
08:01:28,91282CKR1,TSRYS5802848,D,S,T,2024-05-17,1000000.00,4.557727,99.83984375
08:01:28,91282CKR1,TSRYS5802848,D,S,T,2024-05-17,1000000.00,4.557727,99.83984375
08:01:29,91282CKR1,TSRYS5802848,D,B,A,2024-05-17,1000000.00,4.553482,99.8515625
08:01:29,91282CKR1,TSRYS5802848,D,S,T,2024-05-17,1000000.00,4.553518,99.8514625
08:01:29,91282CKR1,TSRYS5802848,D,S,T,2024-05-17,1000000.00,4.554897,99.84765625
08:01:30,91282CKR1,TSRYS5802848,D,S,T,2024-05-17,1000000.00,4.556312,99.84375
08:01:30,91282CKR1,TSRYS5802848,D,B,C,2024-05-17,1000000.00,4.55985,99.83398437
08:01:30,91282CKR1,TSRYS5802848,D,S,C,2024-05-17,1000000.00,4.554897,99.84765625
08:01:30,91282CKR1,TSRYS5802848,D,S,D,2024-05-17,1000000.00,4.554897,99.84765625
08:01:31,91282CKR1,TSRYS5802848,D,S,D,2024-05-17,1000000.00,4.554897,99.84765625
08:01:31,91282CKR1,TSRYS5802848,D,S,T,2024-05-17,1000000.00,4.561973,99.828125
08:01:31,91282CKR1,TSRYS5802848,D,B,A,2024-05-17,336000.00,4.597241,99.73046875
08:01:31,91282CKR1,TSRYS5802848,D,S,C,2024-05-17,1000000.00,4.554897,99.84765625
08:01:31,91282CKR1,TSRYS5802848,D,S,T,2024-05-17,1000000.00,4.554897,99.84765625
08:01:31,91282CKR1,TSRYS5802848,D,S,C,2024-05-17,1000000.00,4.553482,99.8515625
08:01:31,91282CKR1,TSRYS5802848,D,S,T,2024-05-17,1000000.00,4.560557,99.83203125
08:01:32,91282CKR1,TSRYS5802848,D,S,C,2024-05-17,9885000.00,4.561973,99.828125
08:01:32,91282CKR1,TSRYS5802848,D,S,C,2024-05-17,4921000.00,4.561973,99.828125
08:01:32,91282CKR1,TSRYS5802848,D,S,T,2024-05-17,1000000.00,4.563388,99.82421875
08:01:33,91282CKR1,TSRYS5802848,D,S,T,2024-05-17,1000000.00,4.554897,99.84765625
08:01:35,91282CKR1,TSRYS5802848,D,S,D,2024-05-17,1000000.00,4.554897,99.84765625
08:01:35,91282CKR1,TSRYS5802848,D,S,D,2024-05-17,1000000.00,4.554897,99.84765625
08:01:36,91282CKR1,TSRYS5802848,D,B,C,2024-05-17,1000000.00,4.55985,99.83398437
08:01:36,91282CKR1,TSRYS5802848,D,B,C,2024-05-17,1000000.00,4.55985,99.83398437
08:01:36,91282CKR1,TSRYS5802848,D,S,T,2024-05-17,1000000.00,4.554897,99.84765625
08:01:37,91282CKR1,TSRYS5802848,D,S,D,2024-05-17,1000000.00,4.552067,99.85546875
08:01:37,91282CKR1,TSRYS5802848,D,B,C,2024-05-17,1000000.00,4.552067,99.85546875
08:01:37,91282CKR1,TSRYS5802848,D,S,D,2024-05-17,1000000.00,4.552067,99.85546875
08:01:37,91282CKR1,TSRYS5802848,D,S,D,2024-05-17,1000000.00,4.552067,99.85546875
08:01:37,91282CKR1,TSRYS5802848,D,B,C,2024-05-17,1000000.00,4.552067,99.85546875
08:01:37,91282CKR1,TSRYS5802848,D,S,D,2024-05-17,1000000.00,4.552067,99.85546875
08:01:37,91282CKR1,TSRYS5802848,D,B,C,2024-05-17,1000000.00,4.552067,99.85546875
08:01:37,91282CKR1,TSRYS5802848,D,S,D,2024-05-17,1000000.00,4.552067,99.85546875
08:01:37,91282CKR1,TSRYS5802848,D,S,D,2024-05-17,2000000.00,4.552067,99.85546875
08:01:37,91282CKR1,TSRYS5802848,D,B,C,2024-05-17,2000000.00,4.552067,99.85546875
08:01:37,91282CKR1,TSRYS5802848,D,S,C,2024-05-17,1000000.00,4.554897,99.84765625
08:01:38,91282CKR1,TSRYS5802848,D,S,D,2024-05-17,4000000.00,4.550652,99.859375
08:01:39,91282CKR1,TSRYS5802848,D,S,D,2024-05-17,1000000.00,4.570466,99.8046875
08:01:40,91282CKR1,TSRYS5802848,D,B,C,2024-05-17,1000000.00,4.55985,99.83398437
08:01:40,91282CKR1,TSRYS5802848,D,B,C,2024-05-17,1000000.00,4.55985,99.83398437
08:01:40,91282CKR1,TSRYS5802848,D,B,C,2024-05-17,1000000.00,4.55985,99.83398437
08:01:40,91282CKR1,TSRYS5802848,D,B,C,2024-05-17,1000000.00,4.55985,99.83398437
08:01:40,91282CKR1,TSRYS5802848,D,S,T,2024-05-17,1000000.00,4.554897,99.84765625
08:01:40,91282CKR1,TSRYS5802848,D,B,C,2024-05-17,1000000.00,4.55985,99.83398437
08:01:40,91282CKR1,TSRYS5802848,D,S,T,2024-05-17,1000000.00,4.554897,99.84765625
08:01:41,91282CKR1,TSRYS5802848,D,B,C,2024-05-17,1000000.00,4.561973,99.828125
08:01:41,91282CKR1,TSRYS5802848,D,B,C,2024-05-17,1000000.00,4.561973,99.828125
08:01:41,91282CKR1,TSRYS5802848,D,B,C,2024-05-17,1000000.00,4.561973,99.828125
08:01:41,91282CKR1,TSRYS5802848,D,B,C,2024-05-17,1000000.00,4.561973,99.828125
08:01:41,91282CKR1,TSRYS5802848,D,B,C,2024-05-17,1000000.00,4.561973,99.828125
08:01:41,91282CKR1,TSRYS5802848,D,S,T,2024-05-17,1000000.00,4.554897,99.84765625
08:01:41,91282CKR1,TSRYS5802848,D,S,C,2024-05-17,5000000.00,4.578962,99.78125
08:01:42,91282CKR1,TSRYS5802848,D,B,C,2024-05-17,1000000.00,4.561973,99.828125
08:01:43,91282CKR1,TSRYS5802848,D,B,C,2024-05-17,1000000.00,4.561973,99.828125
08:01:43,91282CKR1,TSRYS5802848,D,B,C,2024-05-17,1000000.00,4.561973,99.828125
08:01:43,91282CKR1,TSRYS5802848,D,B,C,2024-05-17,1000000.00,4.561973,99.828125
08:01:44,91282CKR1,TSRYS5802848,D,S,C,2024-05-17,1000000.00,4.552067,99.85546875
08:01:44,91282CKR1,TSRYS5802848,D,B,C,2024-05-17,1000000.00,4.552067,99.85546875
08:01:48,91282CKR1,TSRYS5802848,D,B,C,2024-05-17,1000000.00,4.561973,99.828125
08:01:48,91282CKR1,TSRYS5802848,D,B,C,2024-05-17,3000000.00,4.561973,99.828125
08:01:48,91282CKR1,TSRYS5802848,D,S,C,2024-05-17,1000000.00,4.554897,99.84765625
08:01:48,91282CKR1,TSRYS5802848,D,S,C,2024-05-17,1000000.00,4.554897,99.84765625
08:01:48,91282CKR1,TSRYS5802848,D,S,C,2024-05-17,1000000.00,4.554897,99.84765625
08:01:48,91282CKR1,TSRYS5802848,D,S,D,2024-05-17,1000000.00,4.554897,99.84765625
08:01:48,91282CKR1,TSRYS5802848,D,S,D,2024-05-17,1000000.00,4.554897,99.84765625
08:01:48,91282CKR1,TSRYS5802848,D,S,D,2024-05-17,1000000.00,4.554897,99.84765625
08:01:48,91282CKR1,TSRYS5802848,D,S,D,2024-05-17,56000000.00,4.55979,99.83415
08:01:48,91282CKR1,TSRYS5802848,D,S,C,2024-05-17,1000000.00,4.554897,99.84765625
08:01:48,91282CKR1,TSRYS5802848,D,S,D,2024-05-17,1000000.00,4.554897,99.84765625
08:01:48,91282CKR1,TSRYS5802848,D,S,D,2024-05-17,44000000.00,4.562134,99.82768
08:01:49,91282CKR1,TSRYS5802848,D,S,D,2024-05-17,61000000.00,4.561199,99.83026
08:01:49,91282CKR1,TSRYS5802848,D,S,D,2024-05-17,2000000.00,4.564804,99.8203125
08:01:49,91282CKR1,TSRYS5802848,D,S,C,2024-05-17,1000000.00,4.564804,99.8203125
08:01:49,91282CKR1,TSRYS5802848,D,S,C,2024-05-17,2000000.00,4.564804,99.8203125
08:01:49,91282CKR1,TSRYS5802848,D,S,C,2024-05-17,1000000.00,4.564804,99.8203125
08:01:49,91282CKR1,TSRYS5802848,D,S,C,2024-05-17,2000000.00,4.564804,99.8203125
08:01:49,91282CKR1,TSRYS5802848,D,S,D,2024-05-17,1000000.00,4.564804,99.8203125
08:01:49,91282CKR1,TSRYS5802848,D,S,D,2024-05-17,1000000.00,4.564804,99.8203125
08:01:49,91282CKR1,TSRYS5802848,D,S,C,2024-05-17,1000000.00,4.564804,99.8203125
08:01:49,91282CKR1,TSRYS5802848,D,S,C,2024-05-17,2000000.00,4.564804,99.8203125
08:01:49,91282CKR1,TSRYS5802848,D,S,D,2024-05-17,1000000.00,4.564804,99.8203125
