tradeTime,cusip,issueSymbolIdentifier,priceType,reportingSideCode,contraPartyTypeCode,tradeDate,reportedTradeVolume,lastSaleYield,lastSalePrice
08:00:03,91282CKV2,TSRYS5823596,D,S,D,2024-06-12,1000000.00,4.595263,100.08203125
08:00:03,91282CKV2,TSRYS5823596,D,S,D,2024-06-12,2000000.00,4.596674,100.078125
08:00:03,91282CKV2,TSRYS5823596,D,S,D,2024-06-12,4000000.00,4.601611,100.064453125
08:00:03,91282CKV2,TSRYS5823596,D,S,D,2024-06-12,4000000.00,4.595263,100.08203125
08:00:03,91282CKV2,TSRYS5823596,D,S,D,2024-06-12,1000000.00,4.595263,100.08203125
08:00:07,91282CKV2,TSRYS5823596,D,S,T,2024-06-12,1000000.00,4.600905,100.06640625
08:00:07,91282CKV2,TSRYS5823596,D,S,D,2024-06-12,1000000.00,4.598084,100.07421875
08:00:07,91282CKV2,TSRYS5823596,D,S,D,2024-06-12,2000000.00,4.598084,100.07421875
08:00:07,91282CKV2,TSRYS5823596,D,S,D,2024-06-12,1000000.00,4.598084,100.07421875
08:00:07,91282CKV2,TSRYS5823596,D,S,D,2024-06-12,2000000.00,4.598084,100.07421875
08:00:07,91282CKV2,TSRYS5823596,D,S,D,2024-06-12,1000000.00,4.598084,100.07421875
08:00:07,91282CKV2,TSRYS5823596,D,S,D,2024-06-12,2000000.00,4.598084,100.07421875
08:00:07,91282CKV2,TSRYS5823596,D,S,D,2024-06-12,2000000.00,4.597379,100.076171875
08:00:07,91282CKV2,TSRYS5823596,D,S,D,2024-06-12,1000000.00,4.593853,100.0859375
08:00:07,91282CKV2,TSRYS5823596,D,S,D,2024-06-12,1000000.00,4.592442,100.08984375
08:00:07,91282CKV2,TSRYS5823596,D,S,T,2024-06-12,8000000.00,4.588917,100.099609375
08:00:07,91282CKV2,TSRYS5823596,D,S,D,2024-06-12,8000000.00,4.588917,100.099609375
08:00:07,91282CKV2,TSRYS5823596,D,S,T,2024-06-12,1000000.00,4.586802,100.10546875
08:00:07,91282CKV2,TSRYS5823596,D,S,T,2024-06-12,1000000.00,4.586802,100.10546875
08:00:07,91282CKV2,TSRYS5823596,D,S,D,2024-06-12,3000000.00,4.596674,100.078125
08:00:07,91282CKV2,TSRYS5823596,D,S,T,2024-06-12,1000000.00,4.589622,100.09765625
08:00:07,91282CKV2,TSRYS5823596,D,S,T,2024-06-12,2000000.00,4.589622,100.09765625
08:00:07,91282CKV2,TSRYS5823596,D,S,T,2024-06-12,1000000.00,4.589622,100.09765625
08:00:07,91282CKV2,TSRYS5823596,D,S,T,2024-06-12,1000000.00,4.589622,100.09765625
08:00:07,91282CKV2,TSRYS5823596,D,S,T,2024-06-12,1000000.00,4.589622,100.09765625
08:00:07,91282CKV2,TSRYS5823596,D,S,T,2024-06-12,1000000.00,4.588212,100.1015625
08:00:07,91282CKV2,TSRYS5823596,D,S,T,2024-06-12,1000000.00,4.588212,100.1015625
08:00:07,91282CKV2,TSRYS5823596,D,S,T,2024-06-12,1000000.00,4.588212,100.1015625
08:00:07,91282CKV2,TSRYS5823596,D,S,T,2024-06-12,1000000.00,4.593148,100.087890625
08:00:07,91282CKV2,TSRYS5823596,D,S,T,2024-06-12,1000000.00,4.593148,100.087890625
08:00:07,91282CKV2,TSRYS5823596,D,S,T,2024-06-12,1000000.00,4.593148,100.087890625
08:00:07,91282CKV2,TSRYS5823596,D,S,T,2024-06-12,1000000.00,4.592442,100.08984375
08:00:07,91282CKV2,TSRYS5823596,D,S,T,2024-06-12,1000000.00,4.591737,100.091796875
08:00:07,91282CKV2,TSRYS5823596,D,S,T,2024-06-12,1000000.00,4.591737,100.091796875
08:00:07,91282CKV2,TSRYS5823596,D,S,T,2024-06-12,1000000.00,4.592442,100.08984375
08:00:07,91282CKV2,TSRYS5823596,D,S,T,2024-06-12,1000000.00,4.592442,100.08984375
08:00:07,91282CKV2,TSRYS5823596,D,S,T,2024-06-12,2000000.00,4.592442,100.08984375
08:00:07,91282CKV2,TSRYS5823596,D,S,T,2024-06-12,3000000.00,4.592442,100.08984375
08:00:07,91282CKV2,TSRYS5823596,D,S,T,2024-06-12,2000000.00,4.592442,100.08984375
08:00:07,91282CKV2,TSRYS5823596,D,S,T,2024-06-12,1000000.00,4.591737,100.091796875
08:00:07,91282CKV2,TSRYS5823596,D,S,T,2024-06-12,1000000.00,4.591737,100.091796875
08:00:07,91282CKV2,TSRYS5823596,D,S,T,2024-06-12,1000000.00,4.591737,100.091796875
08:00:07,91282CKV2,TSRYS5823596,D,S,T,2024-06-12,1000000.00,4.591737,100.091796875
08:00:07,91282CKV2,TSRYS5823596,D,S,T,2024-06-12,1000000.00,4.591737,100.091796875
08:00:07,91282CKV2,TSRYS5823596,D,S,T,2024-06-12,1000000.00,4.594558,100.083984375
08:00:07,91282CKV2,TSRYS5823596,D,S,T,2024-06-12,1000000.00,4.595263,100.08203125
08:00:10,91282CKV2,TSRYS5823596,D,S,A,2024-06-12,3000000.00,4.598084,100.07421875
08:00:10,91282CKV2,TSRYS5823596,D,S,A,2024-06-12,3000000.00,4.598084,100.07421875
08:00:10,91282CKV2,TSRYS5823596,D,B,C,2024-06-12,5000000.00,4.600905,100.06640625
08:00:13,91282CKV2,TSRYS5823596,D,S,D,2024-06-12,1000000.00,4.599495,100.0703125
08:00:14,91282CKV2,TSRYS5823596,D,S,D,2024-06-12,1000000.00,4.599495,100.0703125
08:00:14,91282CKV2,TSRYS5823596,D,S,D,2024-06-12,1000000.00,4.600905,100.06640625
08:00:14,91282CKV2,TSRYS5823596,D,S,D,2024-06-12,1000000.00,4.600905,100.06640625
08:00:14,91282CKV2,TSRYS5823596,D,S,D,2024-06-12,2000000.00,4.600905,100.06640625
08:00:15,91282CKV2,TSRYS5823596,D,S,T,2024-06-12,1000000.00,4.6002,100.068359375
08:00:15,91282CKV2,TSRYS5823596,D,S,T,2024-06-12,1000000.00,4.601611,100.064453125
08:00:15,91282CKV2,TSRYS5823596,D,S,T,2024-06-12,1000000.00,4.595968,100.080078125
08:00:15,91282CKV2,TSRYS5823596,D,S,T,2024-06-12,1000000.00,4.598084,100.07421875
08:00:15,91282CKV2,TSRYS5823596,D,S,D,2024-06-12,1000000.00,4.601611,100.064453125
08:00:15,91282CKV2,TSRYS5823596,D,S,T,2024-06-12,1000000.00,4.602316,100.0625
08:00:15,91282CKV2,TSRYS5823596,D,S,T,2024-06-12,1000000.00,4.602316,100.0625
08:00:15,91282CKV2,TSRYS5823596,D,S,T,2024-06-12,1000000.00,4.602316,100.0625
08:00:15,91282CKV2,TSRYS5823596,D,S,T,2024-06-12,1000000.00,4.602316,100.0625
08:00:15,91282CKV2,TSRYS5823596,D,S,T,2024-06-12,1000000.00,4.602316,100.0625
08:00:15,91282CKV2,TSRYS5823596,D,S,T,2024-06-12,1000000.00,4.602316,100.0625
08:00:15,91282CKV2,TSRYS5823596,D,S,T,2024-06-12,1000000.00,4.602316,100.0625
08:00:15,91282CKV2,TSRYS5823596,D,S,T,2024-06-12,1000000.00,4.602316,100.0625
08:00:15,91282CKV2,TSRYS5823596,D,S,D,2024-06-12,1000000.00,4.601611,100.064453125
08:00:15,91282CKV2,TSRYS5823596,D,B,C,2024-06-12,3000000.00,4.592442,100.08984375
08:00:15,91282CKV2,TSRYS5823596,D,S,T,2024-06-12,1000000.00,4.601611,100.064453125
08:00:15,91282CKV2,TSRYS5823596,D,S,T,2024-06-12,1000000.00,4.601611,100.064453125
08:00:15,91282CKV2,TSRYS5823596,D,S,T,2024-06-12,1000000.00,4.601611,100.064453125
08:00:15,91282CKV2,TSRYS5823596,D,S,D,2024-06-12,1000000.00,4.6002,100.068359375
08:00:15,91282CKV2,TSRYS5823596,D,S,T,2024-06-12,1000000.00,4.6002,100.068359375
08:00:15,91282CKV2,TSRYS5823596,D,S,T,2024-06-12,1000000.00,4.6002,100.068359375
08:00:15,91282CKV2,TSRYS5823596,D,S,T,2024-06-12,1000000.00,4.600905,100.06640625
08:00:15,91282CKV2,TSRYS5823596,D,S,T,2024-06-12,1000000.00,4.600905,100.06640625
08:00:15,91282CKV2,TSRYS5823596,D,S,D,2024-06-12,1000000.00,4.6002,100.068359375
08:00:15,91282CKV2,TSRYS5823596,D,S,D,2024-06-12,1000000.00,4.6002,100.068359375
08:00:15,91282CKV2,TSRYS5823596,D,S,T,2024-06-12,1000000.00,4.6002,100.068359375
08:00:15,91282CKV2,TSRYS5823596,D,S,T,2024-06-12,1000000.00,4.6002,100.068359375
08:00:15,91282CKV2,TSRYS5823596,D,S,T,2024-06-12,1000000.00,4.6002,100.068359375
08:00:15,91282CKV2,TSRYS5823596,D,S,T,2024-06-12,1000000.00,4.6002,100.068359375
08:00:15,91282CKV2,TSRYS5823596,D,S,T,2024-06-12,1000000.00,4.6002,100.068359375
08:00:15,91282CKV2,TSRYS5823596,D,S,T,2024-06-12,1000000.00,4.600905,100.06640625
08:00:15,91282CKV2,TSRYS5823596,D,S,T,2024-06-12,1000000.00,4.600905,100.06640625
08:00:15,91282CKV2,TSRYS5823596,D,S,T,2024-06-12,1000000.00,4.598789,100.072265625
08:00:15,91282CKV2,TSRYS5823596,D,S,D,2024-06-12,1000000.00,4.598084,100.07421875
08:00:15,91282CKV2,TSRYS5823596,D,S,D,2024-06-12,1000000.00,4.598084,100.07421875
08:00:15,91282CKV2,TSRYS5823596,D,S,T,2024-06-12,1000000.00,4.598084,100.07421875
08:00:15,91282CKV2,TSRYS5823596,D,S,T,2024-06-12,1000000.00,4.598084,100.07421875
08:00:15,91282CKV2,TSRYS5823596,D,S,T,2024-06-12,1000000.00,4.598084,100.07421875
08:00:15,91282CKV2,TSRYS5823596,D,S,T,2024-06-12,1000000.00,4.599495,100.0703125
08:00:15,91282CKV2,TSRYS5823596,D,S,T,2024-06-12,1000000.00,4.6002,100.068359375
08:00:15,91282CKV2,TSRYS5823596,D,S,D,2024-06-12,1000000.00,4.594558,100.083984375
08:00:15,91282CKV2,TSRYS5823596,D,S,T,2024-06-12,1000000.00,4.595263,100.08203125
08:00:15,91282CKV2,TSRYS5823596,D,S,T,2024-06-12,4000000.00,4.593853,100.0859375
08:00:15,91282CKV2,TSRYS5823596,D,S,D,2024-06-12,1000000.00,4.590327,100.095703125
08:00:15,91282CKV2,TSRYS5823596,D,S,D,2024-06-12,1000000.00,4.590327,100.095703125
08:00:15,91282CKV2,TSRYS5823596,D,S,D,2024-06-12,1000000.00,4.590327,100.095703125
08:00:15,91282CKV2,TSRYS5823596,D,S,D,2024-06-12,1000000.00,4.590327,100.095703125
08:00:15,91282CKV2,TSRYS5823596,D,S,D,2024-06-12,1000000.00,4.590327,100.095703125
08:00:15,91282CKV2,TSRYS5823596,D,S,D,2024-06-12,1000000.00,4.590327,100.095703125
08:00:15,91282CKV2,TSRYS5823596,D,S,D,2024-06-12,1000000.00,4.590327,100.095703125
08:00:15,91282CKV2,TSRYS5823596,D,S,T,2024-06-12,1000000.00,4.590327,100.095703125
08:00:15,91282CKV2,TSRYS5823596,D,S,T,2024-06-12,1000000.00,4.590327,100.095703125
08:00:15,91282CKV2,TSRYS5823596,D,S,D,2024-06-12,1000000.00,4.590327,100.095703125
08:00:15,91282CKV2,TSRYS5823596,D,S,T,2024-06-12,1000000.00,4.588917,100.099609375
08:00:15,91282CKV2,TSRYS5823596,D,S,T,2024-06-12,1000000.00,4.591032,100.09375
08:00:15,91282CKV2,TSRYS5823596,D,S,T,2024-06-12,1000000.00,4.591032,100.09375
08:00:15,91282CKV2,TSRYS5823596,D,S,T,2024-06-12,1000000.00,4.591737,100.091796875
08:00:15,91282CKV2,TSRYS5823596,D,S,T,2024-06-12,1000000.00,4.592442,100.08984375
08:00:15,91282CKV2,TSRYS5823596,D,S,T,2024-06-12,2000000.00,4.593853,100.0859375
08:00:15,91282CKV2,TSRYS5823596,D,S,T,2024-06-12,1000000.00,4.590327,100.095703125
08:00:15,91282CKV2,TSRYS5823596,D,S,T,2024-06-12,1000000.00,4.591032,100.09375
08:00:15,91282CKV2,TSRYS5823596,D,S,T,2024-06-12,1000000.00,4.595263,100.08203125
08:00:15,91282CKV2,TSRYS5823596,D,S,D,2024-06-12,1000000.00,4.589622,100.09765625
08:00:15,91282CKV2,TSRYS5823596,D,S,T,2024-06-12,4000000.00,4.591032,100.09375
08:00:15,91282CKV2,TSRYS5823596,D,S,T,2024-06-12,1000000.00,4.587507,100.103515625
08:00:15,91282CKV2,TSRYS5823596,D,S,T,2024-06-12,1000000.00,4.586802,100.10546875
08:00:15,91282CKV2,TSRYS5823596,D,S,T,2024-06-12,1000000.00,4.586802,100.10546875
08:00:15,91282CKV2,TSRYS5823596,D,S,T,2024-06-12,1000000.00,4.588212,100.1015625
08:00:15,91282CKV2,TSRYS5823596,D,S,T,2024-06-12,1000000.00,4.586097,100.107421875
08:00:15,91282CKV2,TSRYS5823596,D,S,T,2024-06-12,1000000.00,4.588212,100.1015625
08:00:15,91282CKV2,TSRYS5823596,D,S,D,2024-06-12,1000000.00,4.588212,100.1015625
08:00:15,91282CKV2,TSRYS5823596,D,S,T,2024-06-12,2000000.00,4.592442,100.08984375
08:00:15,91282CKV2,TSRYS5823596,D,S,T,2024-06-12,1000000.00,4.595263,100.08203125
08:00:15,91282CKV2,TSRYS5823596,D,S,T,2024-06-12,1000000.00,4.595263,100.08203125
08:00:15,91282CKV2,TSRYS5823596,D,S,T,2024-06-12,1000000.00,4.589622,100.09765625
08:00:15,91282CKV2,TSRYS5823596,D,S,T,2024-06-12,1000000.00,4.592442,100.08984375
08:00:16,91282CKV2,TSRYS5823596,D,S,D,2024-06-12,2000000.00,4.596674,100.078125
08:00:19,91282CKV2,TSRYS5823596,D,S,A,2024-06-12,1805500.00,4.596674,100.078125
08:00:21,91282CKV2,TSRYS5823596,D,S,D,2024-06-12,5000000.00,4.600905,100.06640625
08:00:23,91282CKV2,TSRYS5823596,D,S,A,2024-06-12,600000.00,4.598084,100.074219
08:00:23,91282CKV2,TSRYS5823596,D,S,A,2024-06-12,200000.00,4.595263,100.082031
08:00:23,91282CKV2,TSRYS5823596,D,S,A,2024-06-12,200000.00,4.595263,100.082031
08:00:24,91282CKV2,TSRYS5823596,D,S,D,2024-06-12,2000000.00,4.588212,100.1015625
08:00:24,91282CKV2,TSRYS5823596,D,S,D,2024-06-12,1000000.00,4.588212,100.1015625
08:00:24,91282CKV2,TSRYS5823596,D,S,D,2024-06-12,2000000.00,4.588212,100.1015625
08:00:24,91282CKV2,TSRYS5823596,D,S,D,2024-06-12,2000000.00,4.595263,100.08203125
08:00:24,91282CKV2,TSRYS5823596,D,S,D,2024-06-12,1000000.00,4.595263,100.08203125
08:00:28,91282CKV2,TSRYS5823596,D,S,C,2024-06-12,10000000.00,4.592382,100.09001175
08:00:29,91282CKV2,TSRYS5823596,D,S,D,2024-06-12,1000000.00,4.596674,100.078125
08:00:29,91282CKV2,TSRYS5823596,D,S,D,2024-06-12,1000000.00,4.596674,100.078125
08:00:29,91282CKV2,TSRYS5823596,D,S,C,2024-06-12,10000000.00,4.588151,100.1017305
08:00:30,91282CKV2,TSRYS5823596,D,S,T,2024-06-12,1000000.00,4.600905,100.06640625
08:00:30,91282CKV2,TSRYS5823596,D,S,T,2024-06-12,1000000.00,4.596674,100.078125
08:00:30,91282CKV2,TSRYS5823596,D,S,T,2024-06-12,1000000.00,4.596674,100.078125
08:00:30,91282CKV2,TSRYS5823596,D,S,T,2024-06-12,1000000.00,4.599495,100.0703125
08:00:30,91282CKV2,TSRYS5823596,D,S,T,2024-06-12,1000000.00,4.598789,100.072265625
08:00:30,91282CKV2,TSRYS5823596,D,S,T,2024-06-12,1000000.00,4.594558,100.083984375
08:00:30,91282CKV2,TSRYS5823596,D,S,T,2024-06-12,1000000.00,4.595968,100.080078125
08:00:30,91282CKV2,TSRYS5823596,D,S,T,2024-06-12,1000000.00,4.599495,100.0703125
08:00:30,91282CKV2,TSRYS5823596,D,S,T,2024-06-12,1000000.00,4.599495,100.0703125
08:00:30,91282CKV2,TSRYS5823596,D,S,T,2024-06-12,1000000.00,4.599495,100.0703125
08:00:30,91282CKV2,TSRYS5823596,D,S,T,2024-06-12,1000000.00,4.600905,100.06640625
08:00:30,91282CKV2,TSRYS5823596,D,S,T,2024-06-12,1000000.00,4.601611,100.064453125
08:00:30,91282CKV2,TSRYS5823596,D,S,T,2024-06-12,1000000.00,4.601611,100.064453125
08:00:30,91282CKV2,TSRYS5823596,D,S,T,2024-06-12,2000000.00,4.595263,100.08203125
08:00:30,91282CKV2,TSRYS5823596,D,S,T,2024-06-12,2000000.00,4.595263,100.08203125
08:00:30,91282CKV2,TSRYS5823596,D,S,T,2024-06-12,2000000.00,4.595263,100.08203125
08:00:30,91282CKV2,TSRYS5823596,D,S,T,2024-06-12,2000000.00,4.595263,100.08203125
08:00:30,91282CKV2,TSRYS5823596,D,S,T,2024-06-12,1000000.00,4.595968,100.080078125
08:00:30,91282CKV2,TSRYS5823596,D,S,T,2024-06-12,1000000.00,4.595263,100.08203125
08:00:30,91282CKV2,TSRYS5823596,D,S,T,2024-06-12,2000000.00,4.595263,100.08203125
08:00:30,91282CKV2,TSRYS5823596,D,S,T,2024-06-12,1000000.00,4.593853,100.0859375
08:00:30,91282CKV2,TSRYS5823596,D,S,T,2024-06-12,1000000.00,4.593853,100.0859375
08:00:30,91282CKV2,TSRYS5823596,D,S,T,2024-06-12,1000000.00,4.593853,100.0859375
08:00:30,91282CKV2,TSRYS5823596,D,S,T,2024-06-12,1000000.00,4.593148,100.087890625
08:00:30,91282CKV2,TSRYS5823596,D,S,T,2024-06-12,1000000.00,4.589622,100.09765625
08:00:30,91282CKV2,TSRYS5823596,D,S,T,2024-06-12,1000000.00,4.589622,100.09765625
08:00:30,91282CKV2,TSRYS5823596,D,S,T,2024-06-12,2000000.00,4.591032,100.09375
08:00:30,91282CKV2,TSRYS5823596,D,S,T,2024-06-12,1000000.00,4.592442,100.08984375
08:00:30,91282CKV2,TSRYS5823596,D,S,T,2024-06-12,1000000.00,4.595263,100.08203125
08:00:30,91282CKV2,TSRYS5823596,D,S,T,2024-06-12,1000000.00,4.595263,100.08203125
08:00:30,91282CKV2,TSRYS5823596,D,S,T,2024-06-12,1000000.00,4.595263,100.08203125
08:00:30,91282CKV2,TSRYS5823596,D,S,T,2024-06-12,1000000.00,4.595263,100.08203125
08:00:30,91282CKV2,TSRYS5823596,D,S,T,2024-06-12,4000000.00,4.596674,100.078125
08:00:30,91282CKV2,TSRYS5823596,D,S,T,2024-06-12,1000000.00,4.599495,100.0703125
08:00:30,91282CKV2,TSRYS5823596,D,S,T,2024-06-12,1000000.00,4.599495,100.0703125
08:00:30,91282CKV2,TSRYS5823596,D,S,T,2024-06-12,1000000.00,4.599495,100.0703125
08:00:30,91282CKV2,TSRYS5823596,D,S,T,2024-06-12,1000000.00,4.599495,100.0703125
08:00:30,91282CKV2,TSRYS5823596,D,S,T,2024-06-12,1000000.00,4.599495,100.0703125
08:00:30,91282CKV2,TSRYS5823596,D,S,T,2024-06-12,1000000.00,4.599495,100.0703125
08:00:30,91282CKV2,TSRYS5823596,D,S,T,2024-06-12,1000000.00,4.602316,100.0625
08:00:30,91282CKV2,TSRYS5823596,D,S,T,2024-06-12,1000000.00,4.602316,100.0625
08:00:30,91282CKV2,TSRYS5823596,D,S,T,2024-06-12,1000000.00,4.601611,100.064453125
08:00:30,91282CKV2,TSRYS5823596,D,S,T,2024-06-12,1000000.00,4.602316,100.0625
08:00:30,91282CKV2,TSRYS5823596,D,S,T,2024-06-12,1000000.00,4.602316,100.0625
08:00:30,91282CKV2,TSRYS5823596,D,S,T,2024-06-12,1000000.00,4.603727,100.05859375
08:00:30,91282CKV2,TSRYS5823596,D,S,T,2024-06-12,1000000.00,4.603727,100.05859375
08:00:30,91282CKV2,TSRYS5823596,D,S,T,2024-06-12,2000000.00,4.603022,100.060546875
08:00:30,91282CKV2,TSRYS5823596,D,S,T,2024-06-12,2000000.00,4.603022,100.060546875
08:00:30,91282CKV2,TSRYS5823596,D,S,T,2024-06-12,1000000.00,4.602316,100.0625
08:00:30,91282CKV2,TSRYS5823596,D,S,T,2024-06-12,1000000.00,4.602316,100.0625
08:00:30,91282CKV2,TSRYS5823596,D,S,T,2024-06-12,1000000.00,4.600905,100.06640625
08:00:30,91282CKV2,TSRYS5823596,D,S,T,2024-06-12,1000000.00,4.600905,100.06640625
08:00:34,91282CKV2,TSRYS5823596,D,S,T,2024-06-12,1000000.00,4.598084,100.07421875
08:00:34,91282CKV2,TSRYS5823596,D,S,T,2024-06-12,1000000.00,4.597379,100.076171875
08:00:34,91282CKV2,TSRYS5823596,D,S,T,2024-06-12,1000000.00,4.597379,100.076171875
08:00:34,91282CKV2,TSRYS5823596,D,S,T,2024-06-12,1000000.00,4.597379,100.076171875
08:00:34,91282CKV2,TSRYS5823596,D,S,T,2024-06-12,1000000.00,4.598084,100.07421875
08:00:34,91282CKV2,TSRYS5823596,D,S,T,2024-06-12,1000000.00,4.598084,100.07421875
08:00:34,91282CKV2,TSRYS5823596,D,S,T,2024-06-12,1000000.00,4.598084,100.07421875
08:00:34,91282CKV2,TSRYS5823596,D,S,T,2024-06-12,2000000.00,4.598084,100.07421875
08:00:34,91282CKV2,TSRYS5823596,D,S,T,2024-06-12,2000000.00,4.598084,100.07421875
08:00:34,91282CKV2,TSRYS5823596,D,S,T,2024-06-12,1000000.00,4.598084,100.07421875
08:00:34,91282CKV2,TSRYS5823596,D,S,T,2024-06-12,1000000.00,4.598084,100.07421875
08:00:34,91282CKV2,TSRYS5823596,D,S,T,2024-06-12,1000000.00,4.598084,100.07421875
08:00:34,91282CKV2,TSRYS5823596,D,S,T,2024-06-12,1000000.00,4.595263,100.08203125
08:00:34,91282CKV2,TSRYS5823596,D,S,T,2024-06-12,1000000.00,4.596674,100.078125
08:00:34,91282CKV2,TSRYS5823596,D,S,T,2024-06-12,1000000.00,4.596674,100.078125
08:00:34,91282CKV2,TSRYS5823596,D,S,T,2024-06-12,1000000.00,4.596674,100.078125
08:00:34,91282CKV2,TSRYS5823596,D,S,T,2024-06-12,1000000.00,4.596674,100.078125
08:00:34,91282CKV2,TSRYS5823596,D,S,T,2024-06-12,1000000.00,4.598084,100.07421875
08:00:34,91282CKV2,TSRYS5823596,D,S,T,2024-06-12,1000000.00,4.595263,100.08203125
08:00:34,91282CKV2,TSRYS5823596,D,S,T,2024-06-12,1000000.00,4.595263,100.08203125
08:00:34,91282CKV2,TSRYS5823596,D,S,T,2024-06-12,1000000.00,4.595263,100.08203125
08:00:34,91282CKV2,TSRYS5823596,D,S,T,2024-06-12,1000000.00,4.595263,100.08203125
08:00:34,91282CKV2,TSRYS5823596,D,S,T,2024-06-12,2000000.00,4.595263,100.08203125
08:00:34,91282CKV2,TSRYS5823596,D,S,T,2024-06-12,1000000.00,4.595263,100.08203125
08:00:34,91282CKV2,TSRYS5823596,D,S,T,2024-06-12,1000000.00,4.595263,100.08203125
08:00:34,91282CKV2,TSRYS5823596,D,S,T,2024-06-12,1000000.00,4.595263,100.08203125
08:00:34,91282CKV2,TSRYS5823596,D,S,T,2024-06-12,1000000.00,4.595263,100.08203125
08:00:34,91282CKV2,TSRYS5823596,D,S,T,2024-06-12,1000000.00,4.595263,100.08203125
08:00:34,91282CKV2,TSRYS5823596,D,S,T,2024-06-12,1000000.00,4.595263,100.08203125
08:00:34,91282CKV2,TSRYS5823596,D,S,T,2024-06-12,1000000.00,4.595263,100.08203125
08:00:34,91282CKV2,TSRYS5823596,D,S,T,2024-06-12,1000000.00,4.595263,100.08203125
08:00:34,91282CKV2,TSRYS5823596,D,S,T,2024-06-12,1000000.00,4.592442,100.08984375
08:00:34,91282CKV2,TSRYS5823596,D,S,T,2024-06-12,1000000.00,4.588212,100.1015625
08:00:34,91282CKV2,TSRYS5823596,D,S,T,2024-06-12,1000000.00,4.588917,100.099609375
08:00:34,91282CKV2,TSRYS5823596,D,S,T,2024-06-12,2000000.00,4.591032,100.09375
08:00:34,91282CKV2,TSRYS5823596,D,S,T,2024-06-12,1000000.00,4.591032,100.09375
08:00:34,91282CKV2,TSRYS5823596,D,S,T,2024-06-12,1000000.00,4.591032,100.09375
08:00:34,91282CKV2,TSRYS5823596,D,S,T,2024-06-12,1000000.00,4.593148,100.087890625
08:00:34,91282CKV2,TSRYS5823596,D,S,T,2024-06-12,1000000.00,4.592442,100.08984375
08:00:34,91282CKV2,TSRYS5823596,D,S,T,2024-06-12,1000000.00,4.593853,100.0859375
08:00:34,91282CKV2,TSRYS5823596,D,S,T,2024-06-12,1000000.00,4.593853,100.0859375
08:00:34,91282CKV2,TSRYS5823596,D,S,T,2024-06-12,2000000.00,4.588212,100.1015625
08:00:34,91282CKV2,TSRYS5823596,D,S,T,2024-06-12,6000000.00,4.588212,100.1015625
08:00:34,91282CKV2,TSRYS5823596,D,S,T,2024-06-12,2000000.00,4.588212,100.1015625
08:00:34,91282CKV2,TSRYS5823596,D,S,T,2024-06-12,10000000.00,4.588212,100.1015625
08:00:34,91282CKV2,TSRYS5823596,D,S,T,2024-06-12,10000000.00,4.588212,100.1015625
08:00:34,91282CKV2,TSRYS5823596,D,S,T,2024-06-12,10000000.00,4.588212,100.1015625
08:00:34,91282CKV2,TSRYS5823596,D,S,T,2024-06-12,10000000.00,4.588212,100.1015625
08:00:34,91282CKV2,TSRYS5823596,D,S,T,2024-06-12,19000000.00,4.588212,100.1015625
08:00:34,91282CKV2,TSRYS5823596,D,S,T,2024-06-12,15000000.00,4.588212,100.1015625
08:00:34,91282CKV2,TSRYS5823596,D,S,T,2024-06-12,2000000.00,4.588212,100.1015625
08:00:34,91282CKV2,TSRYS5823596,D,S,T,2024-06-12,2000000.00,4.588212,100.1015625
08:00:34,91282CKV2,TSRYS5823596,D,S,T,2024-06-12,2000000.00,4.588212,100.1015625
08:00:34,91282CKV2,TSRYS5823596,D,S,T,2024-06-12,7000000.00,4.590327,100.095703125
08:00:34,91282CKV2,TSRYS5823596,D,S,T,2024-06-12,2000000.00,4.590327,100.095703125
08:00:34,91282CKV2,TSRYS5823596,D,S,T,2024-06-12,1000000.00,4.594558,100.083984375
08:00:34,91282CKV2,TSRYS5823596,D,S,T,2024-06-12,1000000.00,4.593148,100.087890625
08:00:34,91282CKV2,TSRYS5823596,D,S,T,2024-06-12,1000000.00,4.593853,100.0859375
08:00:34,91282CKV2,TSRYS5823596,D,S,T,2024-06-12,1000000.00,4.595263,100.08203125
08:00:34,91282CKV2,TSRYS5823596,D,S,T,2024-06-12,1000000.00,4.595263,100.08203125
08:00:34,91282CKV2,TSRYS5823596,D,S,T,2024-06-12,2000000.00,4.595968,100.080078125
08:00:34,91282CKV2,TSRYS5823596,D,S,T,2024-06-12,1000000.00,4.592442,100.08984375
08:00:34,91282CKV2,TSRYS5823596,D,S,T,2024-06-12,2000000.00,4.592442,100.08984375
08:00:34,91282CKV2,TSRYS5823596,D,S,T,2024-06-12,1000000.00,4.592442,100.08984375
08:00:34,91282CKV2,TSRYS5823596,D,S,T,2024-06-12,1000000.00,4.592442,100.08984375
08:00:34,91282CKV2,TSRYS5823596,D,S,T,2024-06-12,1000000.00,4.595263,100.08203125
08:00:34,91282CKV2,TSRYS5823596,D,S,T,2024-06-12,1000000.00,4.594558,100.083984375
08:00:34,91282CKV2,TSRYS5823596,D,S,T,2024-06-12,1000000.00,4.594558,100.083984375
08:00:34,91282CKV2,TSRYS5823596,D,S,T,2024-06-12,1000000.00,4.594558,100.083984375
08:00:34,91282CKV2,TSRYS5823596,D,S,T,2024-06-12,1000000.00,4.591032,100.09375
08:00:34,91282CKV2,TSRYS5823596,D,S,T,2024-06-12,1000000.00,4.593148,100.087890625
08:00:34,91282CKV2,TSRYS5823596,D,S,T,2024-06-12,1000000.00,4.593148,100.087890625
08:00:34,91282CKV2,TSRYS5823596,D,S,T,2024-06-12,1000000.00,4.593148,100.087890625
08:00:34,91282CKV2,TSRYS5823596,D,S,T,2024-06-12,1000000.00,4.592442,100.08984375
08:00:34,91282CKV2,TSRYS5823596,D,S,T,2024-06-12,1000000.00,4.589622,100.09765625
08:00:34,91282CKV2,TSRYS5823596,D,S,T,2024-06-12,1000000.00,4.590327,100.095703125
08:00:34,91282CKV2,TSRYS5823596,D,S,T,2024-06-12,2000000.00,4.590327,100.095703125
08:00:34,91282CKV2,TSRYS5823596,D,S,T,2024-06-12,1000000.00,4.591032,100.09375
08:00:34,91282CKV2,TSRYS5823596,D,S,T,2024-06-12,1000000.00,4.591032,100.09375
08:00:34,91282CKV2,TSRYS5823596,D,S,T,2024-06-12,1000000.00,4.591032,100.09375
08:00:34,91282CKV2,TSRYS5823596,D,S,T,2024-06-12,1000000.00,4.591032,100.09375
08:00:34,91282CKV2,TSRYS5823596,D,S,T,2024-06-12,1000000.00,4.591032,100.09375
08:00:34,91282CKV2,TSRYS5823596,D,S,T,2024-06-12,1000000.00,4.591032,100.09375
08:00:34,91282CKV2,TSRYS5823596,D,S,T,2024-06-12,1000000.00,4.589622,100.09765625
08:00:34,91282CKV2,TSRYS5823596,D,S,T,2024-06-12,2000000.00,4.589622,100.09765625
08:00:34,91282CKV2,TSRYS5823596,D,S,T,2024-06-12,1000000.00,4.589622,100.09765625
08:00:34,91282CKV2,TSRYS5823596,D,S,T,2024-06-12,1000000.00,4.589622,100.09765625
08:00:34,91282CKV2,TSRYS5823596,D,S,T,2024-06-12,1000000.00,4.591032,100.09375
08:00:34,91282CKV2,TSRYS5823596,D,S,T,2024-06-12,1000000.00,4.591032,100.09375
08:00:34,91282CKV2,TSRYS5823596,D,S,T,2024-06-12,1000000.00,4.591032,100.09375
08:00:34,91282CKV2,TSRYS5823596,D,S,T,2024-06-12,2000000.00,4.591737,100.091796875
08:00:34,91282CKV2,TSRYS5823596,D,S,T,2024-06-12,1000000.00,4.591737,100.091796875
08:00:34,91282CKV2,TSRYS5823596,D,S,T,2024-06-12,2000000.00,4.591737,100.091796875
08:00:34,91282CKV2,TSRYS5823596,D,S,T,2024-06-12,1000000.00,4.591032,100.09375
08:00:34,91282CKV2,TSRYS5823596,D,S,T,2024-06-12,1000000.00,4.591032,100.09375
08:00:34,91282CKV2,TSRYS5823596,D,S,T,2024-06-12,1000000.00,4.586802,100.10546875
08:00:34,91282CKV2,TSRYS5823596,D,S,T,2024-06-12,1000000.00,4.586802,100.10546875
08:00:34,91282CKV2,TSRYS5823596,D,S,T,2024-06-12,1000000.00,4.586802,100.10546875
08:00:34,91282CKV2,TSRYS5823596,D,S,T,2024-06-12,1000000.00,4.586802,100.10546875
08:00:34,91282CKV2,TSRYS5823596,D,S,T,2024-06-12,2000000.00,4.587507,100.103515625
08:00:34,91282CKV2,TSRYS5823596,D,S,T,2024-06-12,1000000.00,4.586802,100.10546875
08:00:34,91282CKV2,TSRYS5823596,D,S,T,2024-06-12,1000000.00,4.586802,100.10546875
08:00:34,91282CKV2,TSRYS5823596,D,S,T,2024-06-12,1000000.00,4.586802,100.10546875
08:00:34,91282CKV2,TSRYS5823596,D,S,T,2024-06-12,1000000.00,4.588212,100.1015625
08:00:34,91282CKV2,TSRYS5823596,D,S,T,2024-06-12,1000000.00,4.588212,100.1015625
08:00:34,91282CKV2,TSRYS5823596,D,S,T,2024-06-12,1000000.00,4.588212,100.1015625
08:00:34,91282CKV2,TSRYS5823596,D,S,T,2024-06-12,1000000.00,4.588212,100.1015625
08:00:34,91282CKV2,TSRYS5823596,D,S,T,2024-06-12,1000000.00,4.588212,100.1015625
08:00:34,91282CKV2,TSRYS5823596,D,S,T,2024-06-12,1000000.00,4.588212,100.1015625
08:00:34,91282CKV2,TSRYS5823596,D,S,T,2024-06-12,2000000.00,4.588212,100.1015625
08:00:34,91282CKV2,TSRYS5823596,D,S,T,2024-06-12,1000000.00,4.588212,100.1015625
08:00:34,91282CKV2,TSRYS5823596,D,S,D,2024-06-12,2000000.00,4.588212,100.1015625
08:00:34,91282CKV2,TSRYS5823596,D,S,T,2024-06-12,2000000.00,4.588212,100.1015625
08:00:34,91282CKV2,TSRYS5823596,D,S,T,2024-06-12,1000000.00,4.589622,100.09765625
08:00:34,91282CKV2,TSRYS5823596,D,S,T,2024-06-12,1000000.00,4.589622,100.09765625
08:00:34,91282CKV2,TSRYS5823596,D,S,T,2024-06-12,1000000.00,4.589622,100.09765625
08:00:34,91282CKV2,TSRYS5823596,D,S,T,2024-06-12,1000000.00,4.591032,100.09375
08:00:34,91282CKV2,TSRYS5823596,D,S,T,2024-06-12,1000000.00,4.591032,100.09375
08:00:34,91282CKV2,TSRYS5823596,D,S,T,2024-06-12,1000000.00,4.591032,100.09375
08:00:34,91282CKV2,TSRYS5823596,D,S,T,2024-06-12,1000000.00,4.591032,100.09375
08:00:34,91282CKV2,TSRYS5823596,D,S,T,2024-06-12,1000000.00,4.591032,100.09375
08:00:34,91282CKV2,TSRYS5823596,D,S,T,2024-06-12,1000000.00,4.591032,100.09375
08:00:34,91282CKV2,TSRYS5823596,D,S,T,2024-06-12,1000000.00,4.591032,100.09375
08:00:34,91282CKV2,TSRYS5823596,D,S,T,2024-06-12,1000000.00,4.591032,100.09375
08:00:34,91282CKV2,TSRYS5823596,D,S,T,2024-06-12,1000000.00,4.591032,100.09375
08:00:34,91282CKV2,TSRYS5823596,D,S,T,2024-06-12,1000000.00,4.591032,100.09375
08:00:34,91282CKV2,TSRYS5823596,D,S,T,2024-06-12,1000000.00,4.591032,100.09375
08:00:34,91282CKV2,TSRYS5823596,D,S,T,2024-06-12,1000000.00,4.591032,100.09375
08:00:34,91282CKV2,TSRYS5823596,D,S,T,2024-06-12,1000000.00,4.591032,100.09375
08:00:34,91282CKV2,TSRYS5823596,D,S,T,2024-06-12,1000000.00,4.591032,100.09375
08:00:34,91282CKV2,TSRYS5823596,D,S,T,2024-06-12,1000000.00,4.591032,100.09375
08:00:34,91282CKV2,TSRYS5823596,D,S,T,2024-06-12,1000000.00,4.591032,100.09375
08:00:34,91282CKV2,TSRYS5823596,D,S,T,2024-06-12,1000000.00,4.591032,100.09375
08:00:34,91282CKV2,TSRYS5823596,D,S,T,2024-06-12,1000000.00,4.591032,100.09375
08:00:34,91282CKV2,TSRYS5823596,D,S,T,2024-06-12,1000000.00,4.591032,100.09375
08:00:34,91282CKV2,TSRYS5823596,D,S,T,2024-06-12,1000000.00,4.591032,100.09375
08:00:34,91282CKV2,TSRYS5823596,D,S,T,2024-06-12,1000000.00,4.591032,100.09375
08:00:34,91282CKV2,TSRYS5823596,D,S,T,2024-06-12,2000000.00,4.592442,100.08984375
08:00:34,91282CKV2,TSRYS5823596,D,S,T,2024-06-12,1000000.00,4.592442,100.08984375
08:00:34,91282CKV2,TSRYS5823596,D,S,T,2024-06-12,7000000.00,4.592442,100.08984375
08:00:34,91282CKV2,TSRYS5823596,D,S,T,2024-06-12,1000000.00,4.592442,100.08984375
08:00:34,91282CKV2,TSRYS5823596,D,S,T,2024-06-12,1000000.00,4.593853,100.0859375
08:00:34,91282CKV2,TSRYS5823596,D,S,T,2024-06-12,1000000.00,4.593853,100.0859375
08:00:34,91282CKV2,TSRYS5823596,D,S,T,2024-06-12,1000000.00,4.593853,100.0859375
08:00:34,91282CKV2,TSRYS5823596,D,S,T,2024-06-12,1000000.00,4.593853,100.0859375
08:00:34,91282CKV2,TSRYS5823596,D,S,T,2024-06-12,1000000.00,4.593853,100.0859375
08:00:34,91282CKV2,TSRYS5823596,D,S,T,2024-06-12,1000000.00,4.593853,100.0859375
08:00:34,91282CKV2,TSRYS5823596,D,S,T,2024-06-12,1000000.00,4.593853,100.0859375
08:00:34,91282CKV2,TSRYS5823596,D,S,T,2024-06-12,1000000.00,4.593853,100.0859375
08:00:34,91282CKV2,TSRYS5823596,D,S,T,2024-06-12,2000000.00,4.595263,100.08203125
08:00:34,91282CKV2,TSRYS5823596,D,S,T,2024-06-12,1000000.00,4.595263,100.08203125
08:00:34,91282CKV2,TSRYS5823596,D,S,T,2024-06-12,1000000.00,4.595263,100.08203125
08:00:34,91282CKV2,TSRYS5823596,D,S,T,2024-06-12,1000000.00,4.595263,100.08203125
08:00:34,91282CKV2,TSRYS5823596,D,S,T,2024-06-12,1000000.00,4.595263,100.08203125
08:00:34,91282CKV2,TSRYS5823596,D,S,T,2024-06-12,1000000.00,4.595263,100.08203125
08:00:34,91282CKV2,TSRYS5823596,D,S,T,2024-06-12,1000000.00,4.595263,100.08203125
08:00:34,91282CKV2,TSRYS5823596,D,S,T,2024-06-12,1000000.00,4.595263,100.08203125
08:00:34,91282CKV2,TSRYS5823596,D,S,T,2024-06-12,1000000.00,4.595263,100.08203125
08:00:34,91282CKV2,TSRYS5823596,D,S,T,2024-06-12,1000000.00,4.595263,100.08203125
08:00:34,91282CKV2,TSRYS5823596,D,S,T,2024-06-12,1000000.00,4.596674,100.078125
08:00:34,91282CKV2,TSRYS5823596,D,S,T,2024-06-12,1000000.00,4.597379,100.076171875
08:00:34,91282CKV2,TSRYS5823596,D,S,T,2024-06-12,1000000.00,4.597379,100.076171875
08:00:34,91282CKV2,TSRYS5823596,D,S,T,2024-06-12,1000000.00,4.596674,100.078125
08:00:34,91282CKV2,TSRYS5823596,D,S,T,2024-06-12,1000000.00,4.596674,100.078125
08:00:34,91282CKV2,TSRYS5823596,D,S,T,2024-06-12,1000000.00,4.596674,100.078125
08:00:34,91282CKV2,TSRYS5823596,D,S,T,2024-06-12,1000000.00,4.596674,100.078125
08:00:34,91282CKV2,TSRYS5823596,D,S,T,2024-06-12,1000000.00,4.592442,100.08984375
08:00:34,91282CKV2,TSRYS5823596,D,S,T,2024-06-12,1000000.00,4.592442,100.08984375
08:00:34,91282CKV2,TSRYS5823596,D,S,T,2024-06-12,1000000.00,4.592442,100.08984375
08:00:34,91282CKV2,TSRYS5823596,D,S,T,2024-06-12,1000000.00,4.589622,100.09765625
08:00:34,91282CKV2,TSRYS5823596,D,S,T,2024-06-12,1000000.00,4.588212,100.1015625
08:00:34,91282CKV2,TSRYS5823596,D,S,T,2024-06-12,1000000.00,4.588212,100.1015625
08:00:34,91282CKV2,TSRYS5823596,D,S,T,2024-06-12,1000000.00,4.591032,100.09375
08:00:34,91282CKV2,TSRYS5823596,D,S,T,2024-06-12,1000000.00,4.592442,100.08984375
08:00:34,91282CKV2,TSRYS5823596,D,S,T,2024-06-12,1000000.00,4.592442,100.08984375
08:00:34,91282CKV2,TSRYS5823596,D,S,T,2024-06-12,1000000.00,4.592442,100.08984375
08:00:34,91282CKV2,TSRYS5823596,D,S,T,2024-06-12,1000000.00,4.592442,100.08984375
08:00:34,91282CKV2,TSRYS5823596,D,S,T,2024-06-12,1000000.00,4.592442,100.08984375
08:00:34,91282CKV2,TSRYS5823596,D,S,T,2024-06-12,1000000.00,4.592442,100.08984375
08:00:34,91282CKV2,TSRYS5823596,D,S,T,2024-06-12,1000000.00,4.592442,100.08984375
08:00:34,91282CKV2,TSRYS5823596,D,S,T,2024-06-12,1000000.00,4.592442,100.08984375
08:00:34,91282CKV2,TSRYS5823596,D,S,T,2024-06-12,1000000.00,4.593853,100.0859375
08:00:34,91282CKV2,TSRYS5823596,D,S,T,2024-06-12,1000000.00,4.593853,100.0859375
08:00:34,91282CKV2,TSRYS5823596,D,S,D,2024-06-12,1000000.00,4.596674,100.078125
08:00:34,91282CKV2,TSRYS5823596,D,S,D,2024-06-12,1000000.00,4.596674,100.078125
08:00:34,91282CKV2,TSRYS5823596,D,S,D,2024-06-12,1000000.00,4.601611,100.064453125
08:00:34,91282CKV2,TSRYS5823596,D,S,D,2024-06-12,1000000.00,4.600905,100.06640625
08:00:34,91282CKV2,TSRYS5823596,D,S,D,2024-06-12,1000000.00,4.6002,100.068359375
08:00:34,91282CKV2,TSRYS5823596,D,S,D,2024-06-12,2000000.00,4.6002,100.068359375
08:00:34,91282CKV2,TSRYS5823596,D,S,D,2024-06-12,1000000.00,4.598084,100.07421875
08:00:34,91282CKV2,TSRYS5823596,D,S,D,2024-06-12,1000000.00,4.595263,100.08203125
08:00:34,91282CKV2,TSRYS5823596,D,S,D,2024-06-12,2000000.00,4.594558,100.083984375
08:00:34,91282CKV2,TSRYS5823596,D,S,D,2024-06-12,1000000.00,4.598084,100.07421875
08:00:34,91282CKV2,TSRYS5823596,D,S,D,2024-06-12,1000000.00,4.593853,100.0859375
08:00:34,91282CKV2,TSRYS5823596,D,S,D,2024-06-12,1000000.00,4.588212,100.1015625
08:00:34,91282CKV2,TSRYS5823596,D,S,D,2024-06-12,1000000.00,4.588212,100.1015625
08:00:34,91282CKV2,TSRYS5823596,D,S,D,2024-06-12,1000000.00,4.588212,100.1015625
08:00:34,91282CKV2,TSRYS5823596,D,S,D,2024-06-12,1000000.00,4.587507,100.103515625
08:00:34,91282CKV2,TSRYS5823596,D,S,D,2024-06-12,2000000.00,4.588917,100.099609375
08:00:34,91282CKV2,TSRYS5823596,D,S,D,2024-06-12,1000000.00,4.591737,100.091796875
08:00:34,91282CKV2,TSRYS5823596,D,S,D,2024-06-12,2000000.00,4.596674,100.078125
08:00:34,91282CKV2,TSRYS5823596,D,S,D,2024-06-12,2000000.00,4.596674,100.078125
08:00:34,91282CKV2,TSRYS5823596,D,S,D,2024-06-12,2000000.00,4.593853,100.0859375
08:00:34,91282CKV2,TSRYS5823596,D,S,D,2024-06-12,1000000.00,4.589622,100.09765625
08:00:34,91282CKV2,TSRYS5823596,D,S,D,2024-06-12,1000000.00,4.592442,100.08984375
08:00:34,91282CKV2,TSRYS5823596,D,S,D,2024-06-12,2000000.00,4.593853,100.0859375
08:00:34,91282CKV2,TSRYS5823596,D,S,D,2024-06-12,3000000.00,4.601611,100.064453125
08:00:34,91282CKV2,TSRYS5823596,D,S,D,2024-06-12,5000000.00,4.595968,100.080078125
08:00:34,91282CKV2,TSRYS5823596,D,S,D,2024-06-12,1000000.00,4.602316,100.0625
08:00:34,91282CKV2,TSRYS5823596,D,S,D,2024-06-12,1000000.00,4.602316,100.0625
08:00:34,91282CKV2,TSRYS5823596,D,S,D,2024-06-12,1000000.00,4.598084,100.07421875
08:00:34,91282CKV2,TSRYS5823596,D,S,D,2024-06-12,1000000.00,4.593853,100.0859375
08:00:34,91282CKV2,TSRYS5823596,D,S,D,2024-06-12,1000000.00,4.595263,100.08203125
08:00:34,91282CKV2,TSRYS5823596,D,S,D,2024-06-12,2000000.00,4.595263,100.08203125
08:00:34,91282CKV2,TSRYS5823596,D,S,D,2024-06-12,1000000.00,4.594558,100.083984375
08:00:34,91282CKV2,TSRYS5823596,D,S,D,2024-06-12,2000000.00,4.598084,100.07421875
08:00:34,91282CKV2,TSRYS5823596,D,S,D,2024-06-12,2000000.00,4.593853,100.0859375
08:00:34,91282CKV2,TSRYS5823596,D,S,D,2024-06-12,1000000.00,4.593853,100.0859375
08:00:34,91282CKV2,TSRYS5823596,D,S,D,2024-06-12,2000000.00,4.590327,100.095703125
08:00:34,91282CKV2,TSRYS5823596,D,S,D,2024-06-12,1000000.00,4.588212,100.1015625
08:00:34,91282CKV2,TSRYS5823596,D,S,D,2024-06-12,2000000.00,4.588212,100.1015625
08:00:34,91282CKV2,TSRYS5823596,D,S,D,2024-06-12,1000000.00,4.588212,100.1015625
08:00:34,91282CKV2,TSRYS5823596,D,S,D,2024-06-12,2000000.00,4.588212,100.1015625
08:00:34,91282CKV2,TSRYS5823596,D,S,D,2024-06-12,1000000.00,4.587507,100.103515625
08:00:34,91282CKV2,TSRYS5823596,D,S,D,2024-06-12,1000000.00,4.587507,100.103515625
08:00:34,91282CKV2,TSRYS5823596,D,S,D,2024-06-12,1000000.00,4.587507,100.103515625
08:00:34,91282CKV2,TSRYS5823596,D,S,D,2024-06-12,2000000.00,4.588212,100.1015625
08:00:34,91282CKV2,TSRYS5823596,D,S,D,2024-06-12,1000000.00,4.588212,100.1015625
08:00:34,91282CKV2,TSRYS5823596,D,S,D,2024-06-12,2000000.00,4.588212,100.1015625
08:00:34,91282CKV2,TSRYS5823596,D,S,D,2024-06-12,1000000.00,4.596674,100.078125
08:00:34,91282CKV2,TSRYS5823596,D,S,D,2024-06-12,2000000.00,4.595968,100.080078125
08:00:34,91282CKV2,TSRYS5823596,D,S,D,2024-06-12,1000000.00,4.595968,100.080078125
08:00:34,91282CKV2,TSRYS5823596,D,S,D,2024-06-12,1000000.00,4.595968,100.080078125
08:00:34,91282CKV2,TSRYS5823596,D,S,D,2024-06-12,1000000.00,4.595968,100.080078125
08:00:34,91282CKV2,TSRYS5823596,D,S,D,2024-06-12,1000000.00,4.595968,100.080078125
08:00:34,91282CKV2,TSRYS5823596,D,S,D,2024-06-12,2000000.00,4.594558,100.083984375
08:00:34,91282CKV2,TSRYS5823596,D,S,D,2024-06-12,1000000.00,4.594558,100.083984375
08:00:34,91282CKV2,TSRYS5823596,D,S,T,2024-06-12,2000000.00,4.595263,100.08203125
08:00:34,91282CKV2,TSRYS5823596,D,S,T,2024-06-12,1000000.00,4.595263,100.08203125
08:00:34,91282CKV2,TSRYS5823596,D,S,T,2024-06-12,1000000.00,4.595968,100.080078125
08:00:34,91282CKV2,TSRYS5823596,D,S,T,2024-06-12,1000000.00,4.599495,100.0703125
08:00:34,91282CKV2,TSRYS5823596,D,S,T,2024-06-12,1000000.00,4.599495,100.0703125
08:00:34,91282CKV2,TSRYS5823596,D,S,T,2024-06-12,2000000.00,4.601611,100.064453125
08:00:34,91282CKV2,TSRYS5823596,D,S,T,2024-06-12,1000000.00,4.601611,100.064453125
08:00:34,91282CKV2,TSRYS5823596,D,S,T,2024-06-12,1000000.00,4.602316,100.0625
08:00:34,91282CKV2,TSRYS5823596,D,S,T,2024-06-12,3000000.00,4.602316,100.0625
08:00:34,91282CKV2,TSRYS5823596,D,S,T,2024-06-12,1000000.00,4.601611,100.064453125
08:00:34,91282CKV2,TSRYS5823596,D,S,T,2024-06-12,1000000.00,4.601611,100.064453125
08:00:34,91282CKV2,TSRYS5823596,D,S,T,2024-06-12,6000000.00,4.601611,100.064453125
08:00:34,91282CKV2,TSRYS5823596,D,S,T,2024-06-12,2000000.00,4.6002,100.068359375
08:00:34,91282CKV2,TSRYS5823596,D,S,T,2024-06-12,2000000.00,4.6002,100.068359375
08:00:34,91282CKV2,TSRYS5823596,D,S,T,2024-06-12,2000000.00,4.6002,100.068359375
08:00:34,91282CKV2,TSRYS5823596,D,S,T,2024-06-12,2000000.00,4.598084,100.07421875
08:00:34,91282CKV2,TSRYS5823596,D,S,T,2024-06-12,2000000.00,4.598084,100.07421875
08:00:34,91282CKV2,TSRYS5823596,D,S,T,2024-06-12,1000000.00,4.597379,100.076171875
08:00:34,91282CKV2,TSRYS5823596,D,S,T,2024-06-12,2000000.00,4.594558,100.083984375
08:00:34,91282CKV2,TSRYS5823596,D,S,T,2024-06-12,1000000.00,4.595263,100.08203125
08:00:34,91282CKV2,TSRYS5823596,D,S,T,2024-06-12,1000000.00,4.595263,100.08203125
08:00:34,91282CKV2,TSRYS5823596,D,S,T,2024-06-12,1000000.00,4.595263,100.08203125
08:00:34,91282CKV2,TSRYS5823596,D,S,T,2024-06-12,1000000.00,4.595263,100.08203125
08:00:34,91282CKV2,TSRYS5823596,D,S,T,2024-06-12,1000000.00,4.595263,100.08203125
08:00:34,91282CKV2,TSRYS5823596,D,S,T,2024-06-12,1000000.00,4.595263,100.08203125
08:00:34,91282CKV2,TSRYS5823596,D,S,T,2024-06-12,1000000.00,4.588212,100.1015625
08:00:34,91282CKV2,TSRYS5823596,D,S,T,2024-06-12,1000000.00,4.588212,100.1015625
08:00:34,91282CKV2,TSRYS5823596,D,S,T,2024-06-12,1000000.00,4.588212,100.1015625
08:00:34,91282CKV2,TSRYS5823596,D,S,T,2024-06-12,1000000.00,4.588212,100.1015625
08:00:34,91282CKV2,TSRYS5823596,D,S,T,2024-06-12,1000000.00,4.588212,100.1015625
08:00:34,91282CKV2,TSRYS5823596,D,S,T,2024-06-12,1000000.00,4.588212,100.1015625
08:00:34,91282CKV2,TSRYS5823596,D,S,T,2024-06-12,1000000.00,4.588212,100.1015625
08:00:34,91282CKV2,TSRYS5823596,D,S,T,2024-06-12,1000000.00,4.587507,100.103515625
08:00:34,91282CKV2,TSRYS5823596,D,S,T,2024-06-12,1000000.00,4.587507,100.103515625
08:00:34,91282CKV2,TSRYS5823596,D,S,T,2024-06-12,1000000.00,4.587507,100.103515625
08:00:34,91282CKV2,TSRYS5823596,D,S,T,2024-06-12,2000000.00,4.588917,100.099609375
08:00:34,91282CKV2,TSRYS5823596,D,S,T,2024-06-12,2000000.00,4.588917,100.099609375
08:00:34,91282CKV2,TSRYS5823596,D,S,T,2024-06-12,2000000.00,4.596674,100.078125
08:00:34,91282CKV2,TSRYS5823596,D,S,T,2024-06-12,1000000.00,4.595968,100.080078125
08:00:34,91282CKV2,TSRYS5823596,D,S,T,2024-06-12,1000000.00,4.595968,100.080078125
08:00:34,91282CKV2,TSRYS5823596,D,S,T,2024-06-12,1000000.00,4.595968,100.080078125
08:00:34,91282CKV2,TSRYS5823596,D,S,T,2024-06-12,1000000.00,4.595968,100.080078125
08:00:34,91282CKV2,TSRYS5823596,D,S,T,2024-06-12,2000000.00,4.592442,100.08984375
08:00:34,91282CKV2,TSRYS5823596,D,S,T,2024-06-12,1000000.00,4.591737,100.091796875
08:00:34,91282CKV2,TSRYS5823596,D,S,T,2024-06-12,1000000.00,4.594558,100.083984375
08:00:34,91282CKV2,TSRYS5823596,D,S,T,2024-06-12,2000000.00,4.591737,100.091796875
08:00:34,91282CKV2,TSRYS5823596,D,S,T,2024-06-12,2000000.00,4.591737,100.091796875
08:00:34,91282CKV2,TSRYS5823596,D,S,T,2024-06-12,1000000.00,4.591737,100.091796875
08:00:34,91282CKV2,TSRYS5823596,D,S,T,2024-06-12,1000000.00,4.586802,100.10546875
08:00:34,91282CKV2,TSRYS5823596,D,S,T,2024-06-12,1000000.00,4.586802,100.10546875
08:00:34,91282CKV2,TSRYS5823596,D,S,T,2024-06-12,1000000.00,4.588212,100.1015625
08:00:34,91282CKV2,TSRYS5823596,D,S,T,2024-06-12,1000000.00,4.588212,100.1015625
08:00:34,91282CKV2,TSRYS5823596,D,S,T,2024-06-12,1000000.00,4.591737,100.091796875
08:00:34,91282CKV2,TSRYS5823596,D,S,T,2024-06-12,2000000.00,4.592442,100.08984375
08:00:34,91282CKV2,TSRYS5823596,D,S,T,2024-06-12,2000000.00,4.592442,100.08984375
08:00:34,91282CKV2,TSRYS5823596,D,S,T,2024-06-12,1000000.00,4.592442,100.08984375
08:00:34,91282CKV2,TSRYS5823596,D,S,T,2024-06-12,1000000.00,4.593853,100.0859375
08:00:34,91282CKV2,TSRYS5823596,D,S,T,2024-06-12,1000000.00,4.593148,100.087890625
08:00:34,91282CKV2,TSRYS5823596,D,S,T,2024-06-12,1000000.00,4.593148,100.087890625
08:00:34,91282CKV2,TSRYS5823596,D,S,T,2024-06-12,1000000.00,4.593148,100.087890625
08:00:34,91282CKV2,TSRYS5823596,D,S,T,2024-06-12,2000000.00,4.589622,100.09765625
08:00:34,91282CKV2,TSRYS5823596,D,S,T,2024-06-12,1000000.00,4.589622,100.09765625
08:00:34,91282CKV2,TSRYS5823596,D,S,T,2024-06-12,1000000.00,4.589622,100.09765625
08:00:34,91282CKV2,TSRYS5823596,D,S,T,2024-06-12,2000000.00,4.589622,100.09765625
08:00:34,91282CKV2,TSRYS5823596,D,S,T,2024-06-12,1000000.00,4.589622,100.09765625
08:00:34,91282CKV2,TSRYS5823596,D,S,T,2024-06-12,2000000.00,4.588212,100.1015625
08:00:34,91282CKV2,TSRYS5823596,D,S,T,2024-06-12,1000000.00,4.588212,100.1015625
08:00:34,91282CKV2,TSRYS5823596,D,S,T,2024-06-12,1000000.00,4.588212,100.1015625
08:00:34,91282CKV2,TSRYS5823596,D,S,T,2024-06-12,1000000.00,4.588212,100.1015625
08:00:34,91282CKV2,TSRYS5823596,D,S,T,2024-06-12,1000000.00,4.591737,100.091796875
08:00:34,91282CKV2,TSRYS5823596,D,S,T,2024-06-12,1000000.00,4.591737,100.091796875
08:00:34,91282CKV2,TSRYS5823596,D,S,T,2024-06-12,1000000.00,4.591737,100.091796875
08:00:34,91282CKV2,TSRYS5823596,D,S,T,2024-06-12,1000000.00,4.592442,100.08984375
08:00:34,91282CKV2,TSRYS5823596,D,S,T,2024-06-12,1000000.00,4.592442,100.08984375
08:00:34,91282CKV2,TSRYS5823596,D,S,T,2024-06-12,1000000.00,4.592442,100.08984375
08:00:34,91282CKV2,TSRYS5823596,D,S,T,2024-06-12,1000000.00,4.592442,100.08984375
08:00:34,91282CKV2,TSRYS5823596,D,S,T,2024-06-12,1000000.00,4.592442,100.08984375
08:00:34,91282CKV2,TSRYS5823596,D,S,T,2024-06-12,1000000.00,4.591737,100.091796875
08:00:34,91282CKV2,TSRYS5823596,D,S,T,2024-06-12,1000000.00,4.591737,100.091796875
08:00:34,91282CKV2,TSRYS5823596,D,S,T,2024-06-12,1000000.00,4.591737,100.091796875
08:00:34,91282CKV2,TSRYS5823596,D,S,T,2024-06-12,1000000.00,4.591737,100.091796875
08:00:34,91282CKV2,TSRYS5823596,D,S,T,2024-06-12,1000000.00,4.592442,100.08984375
08:00:34,91282CKV2,TSRYS5823596,D,S,T,2024-06-12,1000000.00,4.593148,100.087890625
08:00:34,91282CKV2,TSRYS5823596,D,S,T,2024-06-12,1000000.00,4.593148,100.087890625
08:00:34,91282CKV2,TSRYS5823596,D,S,T,2024-06-12,1000000.00,4.591737,100.091796875
08:00:34,91282CKV2,TSRYS5823596,D,S,T,2024-06-12,1000000.00,4.595263,100.08203125
08:00:34,91282CKV2,TSRYS5823596,D,S,T,2024-06-12,1000000.00,4.591032,100.09375
08:00:34,91282CKV2,TSRYS5823596,D,S,T,2024-06-12,1000000.00,4.603022,100.060546875
08:00:34,91282CKV2,TSRYS5823596,D,S,T,2024-06-12,1000000.00,4.600905,100.06640625
08:00:34,91282CKV2,TSRYS5823596,D,S,T,2024-06-12,1000000.00,4.595263,100.08203125
08:00:34,91282CKV2,TSRYS5823596,D,S,T,2024-06-12,1000000.00,4.593148,100.087890625
08:00:34,91282CKV2,TSRYS5823596,D,S,T,2024-06-12,1000000.00,4.591737,100.091796875
08:00:34,91282CKV2,TSRYS5823596,D,S,T,2024-06-12,1000000.00,4.592442,100.08984375
08:00:34,91282CKV2,TSRYS5823596,D,S,C,2024-06-12,4200000.00,4.593792,100.0861055
08:00:34,91282CKV2,TSRYS5823596,D,B,A,2024-06-12,7000000.00,4.596795,100.07779
08:00:34,91282CKV2,TSRYS5823596,D,S,T,2024-06-12,1000000.00,4.591737,100.091796875
08:00:38,91282CKV2,TSRYS5823596,D,S,T,2024-06-12,5000000.00,4.592442,100.08984375
08:00:38,91282CKV2,TSRYS5823596,D,S,T,2024-06-12,2000000.00,4.592442,100.08984375
08:00:38,91282CKV2,TSRYS5823596,D,S,T,2024-06-12,5000000.00,4.593853,100.0859375
08:00:38,91282CKV2,TSRYS5823596,D,S,T,2024-06-12,5000000.00,4.593853,100.0859375
08:00:38,91282CKV2,TSRYS5823596,D,S,T,2024-06-12,2000000.00,4.595263,100.08203125
08:00:38,91282CKV2,TSRYS5823596,D,S,T,2024-06-12,1000000.00,4.595263,100.08203125
08:00:38,91282CKV2,TSRYS5823596,D,S,T,2024-06-12,5000000.00,4.595263,100.08203125
08:00:38,91282CKV2,TSRYS5823596,D,S,T,2024-06-12,5000000.00,4.595263,100.08203125
08:00:38,91282CKV2,TSRYS5823596,D,S,T,2024-06-12,1000000.00,4.595263,100.08203125
08:00:38,91282CKV2,TSRYS5823596,D,S,T,2024-06-12,1000000.00,4.595263,100.08203125
08:00:38,91282CKV2,TSRYS5823596,D,S,T,2024-06-12,1000000.00,4.595263,100.08203125
08:00:38,91282CKV2,TSRYS5823596,D,S,T,2024-06-12,1000000.00,4.595263,100.08203125
08:00:38,91282CKV2,TSRYS5823596,D,S,T,2024-06-12,1000000.00,4.595263,100.08203125
08:00:38,91282CKV2,TSRYS5823596,D,S,T,2024-06-12,4000000.00,4.595263,100.08203125
08:00:38,91282CKV2,TSRYS5823596,D,S,T,2024-06-12,4000000.00,4.595263,100.08203125
08:00:38,91282CKV2,TSRYS5823596,D,S,T,2024-06-12,5000000.00,4.595263,100.08203125
08:00:38,91282CKV2,TSRYS5823596,D,S,T,2024-06-12,1000000.00,4.595263,100.08203125
08:00:38,91282CKV2,TSRYS5823596,D,S,T,2024-06-12,1000000.00,4.595263,100.08203125
08:00:38,91282CKV2,TSRYS5823596,D,S,T,2024-06-12,4000000.00,4.595263,100.08203125
08:00:38,91282CKV2,TSRYS5823596,D,S,T,2024-06-12,5000000.00,4.595263,100.08203125
08:00:38,91282CKV2,TSRYS5823596,D,S,T,2024-06-12,5000000.00,4.595263,100.08203125
08:00:38,91282CKV2,TSRYS5823596,D,S,T,2024-06-12,2000000.00,4.595263,100.08203125
08:00:38,91282CKV2,TSRYS5823596,D,S,T,2024-06-12,5000000.00,4.595263,100.08203125
08:00:38,91282CKV2,TSRYS5823596,D,S,T,2024-06-12,3000000.00,4.595263,100.08203125
08:00:38,91282CKV2,TSRYS5823596,D,S,T,2024-06-12,1000000.00,4.595263,100.08203125
08:00:38,91282CKV2,TSRYS5823596,D,S,T,2024-06-12,5000000.00,4.595263,100.08203125
08:00:38,91282CKV2,TSRYS5823596,D,S,T,2024-06-12,7000000.00,4.595263,100.08203125
08:00:38,91282CKV2,TSRYS5823596,D,S,T,2024-06-12,1000000.00,4.595263,100.08203125
08:00:38,91282CKV2,TSRYS5823596,D,S,T,2024-06-12,1000000.00,4.595263,100.08203125
08:00:38,91282CKV2,TSRYS5823596,D,S,T,2024-06-12,1000000.00,4.595263,100.08203125
08:00:38,91282CKV2,TSRYS5823596,D,S,T,2024-06-12,1000000.00,4.595263,100.08203125
08:00:38,91282CKV2,TSRYS5823596,D,S,T,2024-06-12,7000000.00,4.595263,100.08203125
08:00:38,91282CKV2,TSRYS5823596,D,S,T,2024-06-12,1000000.00,4.595263,100.08203125
08:00:38,91282CKV2,TSRYS5823596,D,S,T,2024-06-12,1000000.00,4.595263,100.08203125
08:00:38,91282CKV2,TSRYS5823596,D,S,T,2024-06-12,1000000.00,4.595263,100.08203125
08:00:38,91282CKV2,TSRYS5823596,D,S,T,2024-06-12,1000000.00,4.595263,100.08203125
08:00:38,91282CKV2,TSRYS5823596,D,S,T,2024-06-12,2000000.00,4.595263,100.08203125
08:00:38,91282CKV2,TSRYS5823596,D,S,T,2024-06-12,1000000.00,4.595968,100.080078125
08:00:38,91282CKV2,TSRYS5823596,D,S,T,2024-06-12,1000000.00,4.595968,100.080078125
08:00:38,91282CKV2,TSRYS5823596,D,S,T,2024-06-12,3000000.00,4.596674,100.078125
08:00:38,91282CKV2,TSRYS5823596,D,S,T,2024-06-12,1000000.00,4.596674,100.078125
08:00:38,91282CKV2,TSRYS5823596,D,S,T,2024-06-12,1000000.00,4.596674,100.078125
08:00:38,91282CKV2,TSRYS5823596,D,S,T,2024-06-12,4000000.00,4.596674,100.078125
08:00:38,91282CKV2,TSRYS5823596,D,S,T,2024-06-12,1000000.00,4.596674,100.078125
08:00:38,91282CKV2,TSRYS5823596,D,S,T,2024-06-12,2000000.00,4.596674,100.078125
08:00:38,91282CKV2,TSRYS5823596,D,S,T,2024-06-12,2000000.00,4.596674,100.078125
08:00:38,91282CKV2,TSRYS5823596,D,S,T,2024-06-12,5000000.00,4.596674,100.078125
08:00:38,91282CKV2,TSRYS5823596,D,S,T,2024-06-12,1000000.00,4.596674,100.078125
08:00:38,91282CKV2,TSRYS5823596,D,S,T,2024-06-12,2000000.00,4.596674,100.078125
08:00:38,91282CKV2,TSRYS5823596,D,S,T,2024-06-12,1000000.00,4.596674,100.078125
08:00:38,91282CKV2,TSRYS5823596,D,S,T,2024-06-12,2000000.00,4.596674,100.078125
08:00:38,91282CKV2,TSRYS5823596,D,S,T,2024-06-12,1000000.00,4.596674,100.078125
08:00:38,91282CKV2,TSRYS5823596,D,S,T,2024-06-12,1000000.00,4.596674,100.078125
08:00:38,91282CKV2,TSRYS5823596,D,S,T,2024-06-12,1000000.00,4.596674,100.078125
08:00:38,91282CKV2,TSRYS5823596,D,S,T,2024-06-12,1000000.00,4.596674,100.078125
08:00:38,91282CKV2,TSRYS5823596,D,S,T,2024-06-12,1000000.00,4.596674,100.078125
08:00:38,91282CKV2,TSRYS5823596,D,S,T,2024-06-12,3000000.00,4.596674,100.078125
08:00:38,91282CKV2,TSRYS5823596,D,S,T,2024-06-12,2000000.00,4.596674,100.078125
08:00:38,91282CKV2,TSRYS5823596,D,S,T,2024-06-12,1000000.00,4.596674,100.078125
08:00:38,91282CKV2,TSRYS5823596,D,S,T,2024-06-12,12000000.00,4.596674,100.078125
08:00:38,91282CKV2,TSRYS5823596,D,S,T,2024-06-12,1000000.00,4.596674,100.078125
08:00:38,91282CKV2,TSRYS5823596,D,S,T,2024-06-12,1000000.00,4.596674,100.078125
08:00:38,91282CKV2,TSRYS5823596,D,S,T,2024-06-12,1000000.00,4.596674,100.078125
08:00:38,91282CKV2,TSRYS5823596,D,S,A,2024-06-12,1000000.00,4.603727,100.05859375
08:00:38,91282CKV2,TSRYS5823596,D,B,A,2024-06-12,129700000.00,4.67011,99.875
08:00:38,91282CKV2,TSRYS5823596,D,S,T,2024-06-12,1000000.00,4.602316,100.0625
08:00:38,91282CKV2,TSRYS5823596,D,S,T,2024-06-12,1000000.00,4.602316,100.0625
08:00:38,91282CKV2,TSRYS5823596,D,B,A,2024-06-12,300000.00,4.599495,100.0703125
08:00:38,91282CKV2,TSRYS5823596,D,S,T,2024-06-12,1000000.00,4.598084,100.07421875
08:00:38,91282CKV2,TSRYS5823596,D,S,T,2024-06-12,1000000.00,4.598084,100.07421875
08:00:38,91282CKV2,TSRYS5823596,D,S,C,2024-06-12,15700000.00,4.596674,100.078125
08:00:38,91282CKV2,TSRYS5823596,D,S,T,2024-06-12,5000000.00,4.598084,100.07421875
08:00:38,91282CKV2,TSRYS5823596,D,S,D,2024-06-12,1000000.00,4.595263,100.08203125
08:00:38,91282CKV2,TSRYS5823596,D,S,T,2024-06-12,5000000.00,4.595263,100.08203125
08:00:38,91282CKV2,TSRYS5823596,D,S,T,2024-06-12,1000000.00,4.595263,100.08203125
08:00:38,91282CKV2,TSRYS5823596,D,S,T,2024-06-12,4000000.00,4.595263,100.08203125
08:00:38,91282CKV2,TSRYS5823596,D,S,T,2024-06-12,1000000.00,4.595263,100.08203125
08:00:38,91282CKV2,TSRYS5823596,D,S,T,2024-06-12,4000000.00,4.595263,100.08203125
08:00:38,91282CKV2,TSRYS5823596,D,S,T,2024-06-12,4000000.00,4.595263,100.08203125
08:00:38,91282CKV2,TSRYS5823596,D,S,T,2024-06-12,2000000.00,4.595263,100.08203125
08:00:38,91282CKV2,TSRYS5823596,D,S,T,2024-06-12,5000000.00,4.595263,100.08203125
08:00:38,91282CKV2,TSRYS5823596,D,S,T,2024-06-12,2000000.00,4.595263,100.08203125
08:00:38,91282CKV2,TSRYS5823596,D,S,T,2024-06-12,1000000.00,4.595263,100.08203125
08:00:38,91282CKV2,TSRYS5823596,D,S,T,2024-06-12,4000000.00,4.595263,100.08203125
08:00:38,91282CKV2,TSRYS5823596,D,S,T,2024-06-12,3000000.00,4.595263,100.08203125
08:00:38,91282CKV2,TSRYS5823596,D,S,T,2024-06-12,5000000.00,4.595263,100.08203125
08:00:38,91282CKV2,TSRYS5823596,D,S,T,2024-06-12,4000000.00,4.595263,100.08203125
08:00:38,91282CKV2,TSRYS5823596,D,S,T,2024-06-12,1000000.00,4.595263,100.08203125
08:00:38,91282CKV2,TSRYS5823596,D,S,T,2024-06-12,4000000.00,4.595263,100.08203125
08:00:38,91282CKV2,TSRYS5823596,D,S,T,2024-06-12,1000000.00,4.595263,100.08203125
08:00:38,91282CKV2,TSRYS5823596,D,S,T,2024-06-12,2000000.00,4.595263,100.08203125
08:00:38,91282CKV2,TSRYS5823596,D,S,T,2024-06-12,5000000.00,4.595263,100.08203125
08:00:38,91282CKV2,TSRYS5823596,D,S,T,2024-06-12,3000000.00,4.595263,100.08203125
08:00:38,91282CKV2,TSRYS5823596,D,S,T,2024-06-12,5000000.00,4.595263,100.08203125
08:00:38,91282CKV2,TSRYS5823596,D,S,T,2024-06-12,1000000.00,4.595263,100.08203125
08:00:38,91282CKV2,TSRYS5823596,D,S,T,2024-06-12,1000000.00,4.595263,100.08203125
08:00:38,91282CKV2,TSRYS5823596,D,S,T,2024-06-12,1000000.00,4.595263,100.08203125
08:00:38,91282CKV2,TSRYS5823596,D,S,T,2024-06-12,5000000.00,4.595263,100.08203125
08:00:38,91282CKV2,TSRYS5823596,D,S,T,2024-06-12,5000000.00,4.595263,100.08203125
08:00:38,91282CKV2,TSRYS5823596,D,S,T,2024-06-12,1000000.00,4.595263,100.08203125
08:00:38,91282CKV2,TSRYS5823596,D,S,T,2024-06-12,1000000.00,4.595263,100.08203125
08:00:38,91282CKV2,TSRYS5823596,D,S,T,2024-06-12,2000000.00,4.595263,100.08203125
08:00:38,91282CKV2,TSRYS5823596,D,S,T,2024-06-12,5000000.00,4.595263,100.08203125
08:00:38,91282CKV2,TSRYS5823596,D,S,T,2024-06-12,1000000.00,4.595263,100.08203125
08:00:38,91282CKV2,TSRYS5823596,D,S,T,2024-06-12,5000000.00,4.595263,100.08203125
08:00:38,91282CKV2,TSRYS5823596,D,S,T,2024-06-12,1000000.00,4.588212,100.1015625
08:00:38,91282CKV2,TSRYS5823596,D,S,D,2024-06-12,1000000.00,4.588212,100.1015625
08:00:38,91282CKV2,TSRYS5823596,D,S,T,2024-06-12,1000000.00,4.588212,100.1015625
08:00:38,91282CKV2,TSRYS5823596,D,S,D,2024-06-12,1000000.00,4.588212,100.1015625
08:00:38,91282CKV2,TSRYS5823596,D,S,D,2024-06-12,30000000.00,4.593429,100.08711
08:00:38,91282CKV2,TSRYS5823596,D,S,D,2024-06-12,1000000.00,4.591032,100.09375
08:00:38,91282CKV2,TSRYS5823596,D,B,A,2024-06-12,50000000.00,4.600905,100.06640625
08:00:38,91282CKV2,TSRYS5823596,D,S,C,2024-06-12,8900000.00,4.591737,100.091796875
08:00:38,91282CKV2,TSRYS5823596,D,S,T,2024-06-12,1000000.00,4.592442,100.08984375
08:00:38,91282CKV2,TSRYS5823596,D,S,T,2024-06-12,1000000.00,4.592442,100.08984375
08:00:38,91282CKV2,TSRYS5823596,D,S,T,2024-06-12,1000000.00,4.588212,100.1015625
08:00:38,91282CKV2,TSRYS5823596,D,S,C,2024-06-12,40000000.00,4.588917,100.099609375
08:00:38,91282CKV2,TSRYS5823596,D,S,T,2024-06-12,1000000.00,4.592442,100.08984375
08:00:38,91282CKV2,TSRYS5823596,D,S,T,2024-06-12,1000000.00,4.592442,100.08984375
08:00:38,91282CKV2,TSRYS5823596,D,S,T,2024-06-12,1000000.00,4.592442,100.08984375
08:00:38,91282CKV2,TSRYS5823596,D,B,C,2024-06-12,182000000.00,4.67011,99.875
08:00:38,91282CKV2,TSRYS5823596,D,S,D,2024-06-12,1000000.00,4.601611,100.064453125
08:00:38,91282CKV2,TSRYS5823596,D,S,D,2024-06-12,1000000.00,4.600905,100.06640625
08:00:38,91282CKV2,TSRYS5823596,D,S,D,2024-06-12,1000000.00,4.6002,100.068359375
08:00:38,91282CKV2,TSRYS5823596,D,S,D,2024-06-12,2000000.00,4.6002,100.068359375
08:00:38,91282CKV2,TSRYS5823596,D,S,D,2024-06-12,2000000.00,4.598789,100.072265625
08:00:38,91282CKV2,TSRYS5823596,D,S,D,2024-06-12,2000000.00,4.598789,100.072265625
08:00:38,91282CKV2,TSRYS5823596,D,S,D,2024-06-12,1000000.00,4.598084,100.07421875
08:00:38,91282CKV2,TSRYS5823596,D,S,T,2024-06-12,1000000.00,4.593853,100.0859375
08:00:38,91282CKV2,TSRYS5823596,D,S,T,2024-06-12,1000000.00,4.593853,100.0859375
08:00:38,91282CKV2,TSRYS5823596,D,S,T,2024-06-12,1000000.00,4.593853,100.0859375
08:00:39,91282CKV2,TSRYS5823596,D,S,T,2024-06-12,1000000.00,4.594558,100.083984375
08:00:39,91282CKV2,TSRYS5823596,D,S,D,2024-06-12,1000000.00,4.598084,100.07421875
08:00:39,91282CKV2,TSRYS5823596,D,S,D,2024-06-12,1000000.00,4.595263,100.08203125
08:00:40,91282CKV2,TSRYS5823596,D,S,D,2024-06-12,1000000.00,4.599495,100.0703125
08:00:41,91282CKV2,TSRYS5823596,D,S,C,2024-06-12,3800000.00,4.595202,100.08219925
08:00:41,91282CKV2,TSRYS5823596,D,S,D,2024-06-12,1000000.00,4.593853,100.0859375
08:00:42,91282CKV2,TSRYS5823596,D,S,D,2024-06-12,24600000.00,4.598024,100.07438675
08:00:42,91282CKV2,TSRYS5823596,D,S,D,2024-06-12,1000000.00,4.588212,100.1015625
08:00:42,91282CKV2,TSRYS5823596,D,S,D,2024-06-12,1000000.00,4.588212,100.1015625
08:00:43,91282CKV2,TSRYS5823596,D,S,D,2024-06-12,2000000.00,4.588212,100.1015625
08:00:43,91282CKV2,TSRYS5823596,D,S,D,2024-06-12,1000000.00,4.588212,100.1015625
08:00:43,91282CKV2,TSRYS5823596,D,S,D,2024-06-12,2000000.00,4.588212,100.1015625
08:00:43,91282CKV2,TSRYS5823596,D,S,D,2024-06-12,1000000.00,4.588212,100.1015625
08:00:43,91282CKV2,TSRYS5823596,D,S,D,2024-06-12,1000000.00,4.588212,100.1015625
08:00:43,91282CKV2,TSRYS5823596,D,S,D,2024-06-12,1000000.00,4.598084,100.07421875
08:00:43,91282CKV2,TSRYS5823596,D,S,T,2024-06-12,1000000.00,4.593853,100.0859375
08:00:44,91282CKV2,TSRYS5823596,D,S,C,2024-06-12,24600000.00,4.598024,100.07438675
08:00:44,91282CKV2,TSRYS5823596,D,S,C,2024-06-12,25900000.00,4.589561,100.09782425
08:00:44,91282CKV2,TSRYS5823596,D,S,T,2024-06-12,1000000.00,4.592442,100.08984375
08:00:44,91282CKV2,TSRYS5823596,D,B,C,2024-06-12,18000000.00,4.595384,100.08169625
08:00:45,91282CKV2,TSRYS5823596,D,S,D,2024-06-12,18000000.00,4.595384,100.08169625
08:00:46,91282CKV2,TSRYS5823596,D,S,D,2024-06-12,2000000.00,4.588917,100.099609375
08:00:46,91282CKV2,TSRYS5823596,D,S,D,2024-06-12,1000000.00,4.591032,100.09375
08:00:46,91282CKV2,TSRYS5823596,D,S,D,2024-06-12,1000000.00,4.593148,100.087890625
08:00:47,91282CKV2,TSRYS5823596,D,S,D,2024-06-12,1000000.00,4.595263,100.08203125
08:00:47,91282CKV2,TSRYS5823596,D,S,D,2024-06-12,1000000.00,4.595263,100.08203125
08:00:50,91282CKV2,TSRYS5823596,D,S,D,2024-06-12,1000000.00,4.591032,100.09375
08:00:50,91282CKV2,TSRYS5823596,D,S,D,2024-06-12,2000000.00,4.591032,100.09375
08:00:50,91282CKV2,TSRYS5823596,D,S,D,2024-06-12,1000000.00,4.591032,100.09375
08:00:50,91282CKV2,TSRYS5823596,D,S,D,2024-06-12,1000000.00,4.591032,100.09375
08:00:50,91282CKV2,TSRYS5823596,D,S,D,2024-06-12,1000000.00,4.591737,100.091796875
08:00:50,91282CKV2,TSRYS5823596,D,S,D,2024-06-12,1000000.00,4.591737,100.091796875
08:00:51,91282CKV2,TSRYS5823596,D,S,D,2024-06-12,1000000.00,4.592442,100.08984375
08:00:51,91282CKV2,TSRYS5823596,D,S,D,2024-06-12,1000000.00,4.592442,100.08984375
08:00:51,91282CKV2,TSRYS5823596,D,S,D,2024-06-12,1000000.00,4.592442,100.08984375
08:00:52,91282CKV2,TSRYS5823596,D,S,D,2024-06-12,3800000.00,4.595202,100.08219925
08:00:52,91282CKV2,TSRYS5823596,D,S,D,2024-06-12,1000000.00,4.598084,100.07421875
08:00:52,91282CKV2,TSRYS5823596,D,S,D,2024-06-12,1000000.00,4.598084,100.07421875
08:00:52,91282CKV2,TSRYS5823596,D,S,D,2024-06-12,1000000.00,4.598084,100.07421875
08:00:52,91282CKV2,TSRYS5823596,D,S,D,2024-06-12,1000000.00,4.595968,100.080078125
08:00:52,91282CKV2,TSRYS5823596,D,S,D,2024-06-12,13238000.00,4.67011,99.875
08:00:53,91282CKV2,TSRYS5823596,D,S,D,2024-06-12,2000000.00,4.596674,100.078125
08:00:53,91282CKV2,TSRYS5823596,D,S,D,2024-06-12,25900000.00,4.589561,100.09782425
08:00:54,91282CKV2,TSRYS5823596,D,S,D,2024-06-12,6000000.00,4.596674,100.078125
08:00:54,91282CKV2,TSRYS5823596,D,S,D,2024-06-12,8000000.00,4.596674,100.078125
08:00:54,91282CKV2,TSRYS5823596,D,B,C,2024-06-12,3000000.00,4.593853,100.0859375
08:00:54,91282CKV2,TSRYS5823596,D,S,D,2024-06-12,25000000.00,4.593801,100.08608125
08:00:55,91282CKV2,TSRYS5823596,D,S,D,2024-06-12,1000000.00,4.592442,100.08984375
08:00:55,91282CKV2,TSRYS5823596,D,S,D,2024-06-12,2000000.00,4.594558,100.083984375
08:01:00,91282CKV2,TSRYS5823596,D,S,C,2024-06-12,2000000.00,4.602316,100.0625
08:01:00,91282CKV2,TSRYS5823596,D,S,D,2024-06-12,2000000.00,4.593853,100.0859375
08:01:00,91282CKV2,TSRYS5823596,D,S,D,2024-06-12,4000000.00,4.593853,100.0859375
08:01:01,91282CKV2,TSRYS5823596,D,B,C,2024-06-12,2000000.00,4.599495,100.0703125
08:01:01,91282CKV2,TSRYS5823596,D,S,D,2024-06-12,1000000.00,4.599495,100.0703125
08:01:01,91282CKV2,TSRYS5823596,D,S,C,2024-06-12,1000000.00,4.599495,100.0703125
08:01:01,91282CKV2,TSRYS5823596,D,S,C,2024-06-12,2000000.00,4.598789,100.072265625
08:01:01,91282CKV2,TSRYS5823596,D,B,C,2024-06-12,2000000.00,4.598789,100.072265625
08:01:01,91282CKV2,TSRYS5823596,D,S,C,2024-06-12,2000000.00,4.599495,100.0703125
08:01:01,91282CKV2,TSRYS5823596,D,B,C,2024-06-12,2000000.00,4.599495,100.0703125
08:01:01,91282CKV2,TSRYS5823596,D,S,C,2024-06-12,2000000.00,4.599495,100.0703125
08:01:01,91282CKV2,TSRYS5823596,D,B,C,2024-06-12,2000000.00,4.600905,100.06640625
08:01:01,91282CKV2,TSRYS5823596,D,S,C,2024-06-12,2000000.00,4.600905,100.06640625
08:01:01,91282CKV2,TSRYS5823596,D,S,D,2024-06-12,1000000.00,4.600905,100.06640625
08:01:01,91282CKV2,TSRYS5823596,D,B,C,2024-06-12,1000000.00,4.600905,100.06640625
08:01:01,91282CKV2,TSRYS5823596,D,S,D,2024-06-12,3000000.00,4.600905,100.06640625
08:01:01,91282CKV2,TSRYS5823596,D,B,C,2024-06-12,1000000.00,4.600905,100.06640625
08:01:01,91282CKV2,TSRYS5823596,D,B,C,2024-06-12,3000000.00,4.600905,100.06640625
08:01:01,91282CKV2,TSRYS5823596,D,S,D,2024-06-12,1000000.00,4.600905,100.06640625
08:01:01,91282CKV2,TSRYS5823596,D,S,C,2024-06-12,2000000.00,4.600905,100.06640625
08:01:01,91282CKV2,TSRYS5823596,D,S,D,2024-06-12,3000000.00,4.600905,100.06640625
08:01:01,91282CKV2,TSRYS5823596,D,B,C,2024-06-12,3000000.00,4.600905,100.06640625
08:01:01,91282CKV2,TSRYS5823596,D,S,D,2024-06-12,2000000.00,4.600905,100.06640625
08:01:01,91282CKV2,TSRYS5823596,D,S,D,2024-06-12,1000000.00,4.600905,100.06640625
08:01:01,91282CKV2,TSRYS5823596,D,S,C,2024-06-12,1000000.00,4.599495,100.0703125
08:01:01,91282CKV2,TSRYS5823596,D,S,C,2024-06-12,2000000.00,4.599495,100.0703125
08:01:01,91282CKV2,TSRYS5823596,D,S,C,2024-06-12,1000000.00,4.599495,100.0703125
08:01:01,91282CKV2,TSRYS5823596,D,B,C,2024-06-12,1000000.00,4.599495,100.0703125
08:01:01,91282CKV2,TSRYS5823596,D,B,C,2024-06-12,2000000.00,4.599495,100.0703125
08:01:01,91282CKV2,TSRYS5823596,D,B,C,2024-06-12,1000000.00,4.599495,100.0703125
08:01:01,91282CKV2,TSRYS5823596,D,S,C,2024-06-12,1000000.00,4.594558,100.083984375
08:01:01,91282CKV2,TSRYS5823596,D,S,C,2024-06-12,1000000.00,4.595263,100.08203125
08:01:01,91282CKV2,TSRYS5823596,D,B,C,2024-06-12,1000000.00,4.595263,100.08203125
08:01:01,91282CKV2,TSRYS5823596,D,B,C,2024-06-12,1000000.00,4.594558,100.083984375
08:01:01,91282CKV2,TSRYS5823596,D,S,C,2024-06-12,1000000.00,4.595263,100.08203125
08:01:03,91282CKV2,TSRYS5823596,D,B,A,2024-06-12,12752000.00,4.67011,99.875
08:01:03,91282CKV2,TSRYS5823596,D,S,T,2024-06-12,1000000.00,4.586802,100.10546875
08:01:05,91282CKV2,TSRYS5823596,D,S,T,2024-06-12,1000000.00,4.586802,100.10546875
08:01:06,91282CKV2,TSRYS5823596,D,S,T,2024-06-12,1000000.00,4.593853,100.0859375
08:01:10,91282CKV2,TSRYS5823596,D,S,C,2024-06-12,1000000.00,4.596674,100.078125
08:01:10,91282CKV2,TSRYS5823596,D,S,D,2024-06-12,2000000.00,4.596674,100.078125
08:01:10,91282CKV2,TSRYS5823596,D,S,C,2024-06-12,2000000.00,4.596674,100.078125
08:01:10,91282CKV2,TSRYS5823596,D,B,C,2024-06-12,1000000.00,4.595968,100.080078125
08:01:10,91282CKV2,TSRYS5823596,D,S,C,2024-06-12,1000000.00,4.595968,100.080078125
08:01:10,91282CKV2,TSRYS5823596,D,B,C,2024-06-12,1000000.00,4.595968,100.080078125
08:01:10,91282CKV2,TSRYS5823596,D,S,C,2024-06-12,1000000.00,4.595968,100.080078125
08:01:10,91282CKV2,TSRYS5823596,D,S,D,2024-06-12,1000000.00,4.599495,100.0703125
08:01:10,91282CKV2,TSRYS5823596,D,S,C,2024-06-12,1000000.00,4.6002,100.068359375
08:01:10,91282CKV2,TSRYS5823596,D,B,C,2024-06-12,1000000.00,4.6002,100.068359375
08:01:10,91282CKV2,TSRYS5823596,D,S,D,2024-06-12,2000000.00,4.596674,100.078125
08:01:10,91282CKV2,TSRYS5823596,D,S,D,2024-06-12,1000000.00,4.596674,100.078125
08:01:10,91282CKV2,TSRYS5823596,D,S,C,2024-06-12,1000000.00,4.600905,100.06640625
08:01:10,91282CKV2,TSRYS5823596,D,S,D,2024-06-12,5000000.00,4.600905,100.06640625
08:01:10,91282CKV2,TSRYS5823596,D,S,C,2024-06-12,1000000.00,4.600905,100.06640625
08:01:10,91282CKV2,TSRYS5823596,D,B,C,2024-06-12,1000000.00,4.600905,100.06640625
08:01:10,91282CKV2,TSRYS5823596,D,S,D,2024-06-12,1000000.00,4.600905,100.06640625
08:01:10,91282CKV2,TSRYS5823596,D,B,C,2024-06-12,1000000.00,4.600905,100.06640625
08:01:10,91282CKV2,TSRYS5823596,D,S,C,2024-06-12,1000000.00,4.600905,100.06640625
08:01:10,91282CKV2,TSRYS5823596,D,B,C,2024-06-12,1000000.00,4.600905,100.06640625
08:01:10,91282CKV2,TSRYS5823596,D,B,C,2024-06-12,1000000.00,4.602316,100.0625
08:01:10,91282CKV2,TSRYS5823596,D,S,C,2024-06-12,1000000.00,4.602316,100.0625
08:01:10,91282CKV2,TSRYS5823596,D,B,C,2024-06-12,5000000.00,4.598084,100.07421875
08:01:10,91282CKV2,TSRYS5823596,D,S,T,2024-06-12,2000000.00,4.586802,100.10546875
08:01:10,91282CKV2,TSRYS5823596,D,B,A,2024-06-12,700000.00,4.603727,100.05859375
08:01:10,91282CKV2,TSRYS5823596,D,S,T,2024-06-12,1000000.00,4.591737,100.091796875
08:01:10,91282CKV2,TSRYS5823596,D,S,T,2024-06-12,1000000.00,4.591737,100.091796875
08:01:10,91282CKV2,TSRYS5823596,D,S,T,2024-06-12,1000000.00,4.591737,100.091796875
08:01:10,91282CKV2,TSRYS5823596,D,S,D,2024-06-12,2000000.00,4.595263,100.08203125
08:01:10,91282CKV2,TSRYS5823596,D,S,D,2024-06-12,1000000.00,4.595263,100.08203125
08:01:10,91282CKV2,TSRYS5823596,D,B,C,2024-06-12,2000000.00,4.595263,100.08203125
08:01:10,91282CKV2,TSRYS5823596,D,B,C,2024-06-12,1000000.00,4.595263,100.08203125
08:01:10,91282CKV2,TSRYS5823596,D,S,C,2024-06-12,1000000.00,4.596674,100.078125
08:01:10,91282CKV2,TSRYS5823596,D,B,C,2024-06-12,1000000.00,4.596674,100.078125
08:01:10,91282CKV2,TSRYS5823596,D,B,C,2024-06-12,1000000.00,4.594558,100.083984375
08:01:10,91282CKV2,TSRYS5823596,D,S,T,2024-06-12,1000000.00,4.599531,100.0702125
08:01:10,91282CKV2,TSRYS5823596,D,S,T,2024-06-12,1000000.00,4.599531,100.0702125
08:01:10,91282CKV2,TSRYS5823596,D,S,T,2024-06-12,1000000.00,4.599531,100.0702125
08:01:10,91282CKV2,TSRYS5823596,D,S,T,2024-06-12,1000000.00,4.599531,100.0702125
08:01:10,91282CKV2,TSRYS5823596,D,S,C,2024-06-12,1000000.00,4.594558,100.083984375
08:01:10,91282CKV2,TSRYS5823596,D,B,C,2024-06-12,1000000.00,4.594558,100.083984375
08:01:10,91282CKV2,TSRYS5823596,D,S,C,2024-06-12,1000000.00,4.594558,100.083984375
08:01:10,91282CKV2,TSRYS5823596,D,S,T,2024-06-12,4000000.00,4.59671,100.078025
08:01:10,91282CKV2,TSRYS5823596,D,S,T,2024-06-12,1000000.00,4.59671,100.078025
08:01:11,91282CKV2,TSRYS5823596,D,S,C,2024-06-12,1000000.00,4.591737,100.091796875
08:01:11,91282CKV2,TSRYS5823596,D,B,C,2024-06-12,1000000.00,4.591737,100.091796875
08:01:11,91282CKV2,TSRYS5823596,D,S,C,2024-06-12,1000000.00,4.594558,100.083984375
08:01:11,91282CKV2,TSRYS5823596,D,B,C,2024-06-12,1000000.00,4.594558,100.083984375
08:01:11,91282CKV2,TSRYS5823596,D,S,C,2024-06-12,1000000.00,4.594558,100.083984375
08:01:11,91282CKV2,TSRYS5823596,D,B,C,2024-06-12,1000000.00,4.594558,100.083984375
08:01:11,91282CKV2,TSRYS5823596,D,S,C,2024-06-12,1000000.00,4.594558,100.083984375
08:01:11,91282CKV2,TSRYS5823596,D,B,C,2024-06-12,1000000.00,4.594558,100.083984375
08:01:11,91282CKV2,TSRYS5823596,D,S,C,2024-06-12,2000000.00,4.594558,100.083984375
08:01:11,91282CKV2,TSRYS5823596,D,B,C,2024-06-12,2000000.00,4.594558,100.083984375
08:01:11,91282CKV2,TSRYS5823596,D,S,T,2024-06-12,2000000.00,4.596737,100.07795
08:01:11,91282CKV2,TSRYS5823596,D,S,C,2024-06-12,1000000.00,4.596674,100.078125
08:01:11,91282CKV2,TSRYS5823596,D,B,C,2024-06-12,1000000.00,4.596674,100.078125
08:01:11,91282CKV2,TSRYS5823596,D,S,C,2024-06-12,1000000.00,4.596674,100.078125
08:01:11,91282CKV2,TSRYS5823596,D,S,C,2024-06-12,1000000.00,4.596674,100.078125
08:01:12,91282CKV2,TSRYS5823596,D,S,T,2024-06-12,1000000.00,4.599576,100.0700875
08:01:12,91282CKV2,TSRYS5823596,D,S,T,2024-06-12,8000000.00,4.596755,100.0779
08:01:12,91282CKV2,TSRYS5823596,D,S,C,2024-06-12,1000000.00,4.601611,100.064453125
08:01:12,91282CKV2,TSRYS5823596,D,B,C,2024-06-12,1000000.00,4.603022,100.060546875
08:01:12,91282CKV2,TSRYS5823596,D,S,C,2024-06-12,1000000.00,4.603022,100.060546875
08:01:12,91282CKV2,TSRYS5823596,D,S,D,2024-06-12,10000000.00,4.595083,100.0825313
08:01:12,91282CKV2,TSRYS5823596,D,S,D,2024-06-12,32000000.00,4.601554,100.0646118
08:01:12,91282CKV2,TSRYS5823596,D,S,D,2024-06-12,45000000.00,4.600327,100.0680073
08:01:12,91282CKV2,TSRYS5823596,D,S,D,2024-06-12,40000000.00,4.598157,100.074018
08:01:12,91282CKV2,TSRYS5823596,D,S,D,2024-06-12,1000000.00,4.601611,100.064453125
08:01:12,91282CKV2,TSRYS5823596,D,S,D,2024-06-12,50000000.00,4.588763,100.1000344
08:01:12,91282CKV2,TSRYS5823596,D,S,D,2024-06-12,1000000.00,4.601611,100.064453125
08:01:12,91282CKV2,TSRYS5823596,D,S,D,2024-06-12,10000000.00,4.59194,100.0912366
08:01:12,91282CKV2,TSRYS5823596,D,S,D,2024-06-12,1000000.00,4.600905,100.06640625
08:01:12,91282CKV2,TSRYS5823596,D,S,D,2024-06-12,1000000.00,4.6002,100.068359375
08:01:12,91282CKV2,TSRYS5823596,D,S,D,2024-06-12,1000000.00,4.6002,100.068359375
08:01:12,91282CKV2,TSRYS5823596,D,S,D,2024-06-12,1000000.00,4.6002,100.068359375
08:01:12,91282CKV2,TSRYS5823596,D,S,D,2024-06-12,1000000.00,4.6002,100.068359375
08:01:12,91282CKV2,TSRYS5823596,D,S,D,2024-06-12,2000000.00,4.6002,100.068359375
08:01:13,91282CKV2,TSRYS5823596,D,S,D,2024-06-12,1000000.00,4.598084,100.07421875
08:01:13,91282CKV2,TSRYS5823596,D,S,D,2024-06-12,1000000.00,4.598084,100.07421875
08:01:13,91282CKV2,TSRYS5823596,D,S,D,2024-06-12,2000000.00,4.597379,100.076171875
08:01:13,91282CKV2,TSRYS5823596,D,S,D,2024-06-12,2000000.00,4.598084,100.07421875
08:01:13,91282CKV2,TSRYS5823596,D,B,C,2024-06-12,2000000.00,4.598084,100.07421875
08:01:13,91282CKV2,TSRYS5823596,D,B,C,2024-06-12,1000000.00,4.598084,100.07421875
08:01:13,91282CKV2,TSRYS5823596,D,S,D,2024-06-12,1000000.00,4.598084,100.07421875
08:01:13,91282CKV2,TSRYS5823596,D,S,D,2024-06-12,1000000.00,4.598084,100.07421875
08:01:13,91282CKV2,TSRYS5823596,D,B,C,2024-06-12,1000000.00,4.598084,100.07421875
08:01:13,91282CKV2,TSRYS5823596,D,B,C,2024-06-12,1000000.00,4.596674,100.078125
08:01:13,91282CKV2,TSRYS5823596,D,S,C,2024-06-12,1000000.00,4.595263,100.08203125
08:01:13,91282CKV2,TSRYS5823596,D,S,D,2024-06-12,1000000.00,4.596674,100.078125
08:01:13,91282CKV2,TSRYS5823596,D,S,D,2024-06-12,1000000.00,4.598084,100.07421875
08:01:13,91282CKV2,TSRYS5823596,D,S,C,2024-06-12,2000000.00,4.598084,100.07421875
08:01:13,91282CKV2,TSRYS5823596,D,B,C,2024-06-12,2000000.00,4.598084,100.07421875
08:01:13,91282CKV2,TSRYS5823596,D,S,D,2024-06-12,1000000.00,4.598084,100.07421875
08:01:13,91282CKV2,TSRYS5823596,D,S,T,2024-06-12,2000000.00,4.591737,100.091796875
08:01:13,91282CKV2,TSRYS5823596,D,S,C,2024-06-12,1000000.00,4.599495,100.0703125
08:01:13,91282CKV2,TSRYS5823596,D,S,T,2024-06-12,1000000.00,4.591737,100.091796875
08:01:13,91282CKV2,TSRYS5823596,D,B,C,2024-06-12,1000000.00,4.599495,100.0703125
08:01:13,91282CKV2,TSRYS5823596,D,B,C,2024-06-12,2000000.00,4.599495,100.0703125
08:01:13,91282CKV2,TSRYS5823596,D,S,T,2024-06-12,1000000.00,4.591032,100.09375
08:01:13,91282CKV2,TSRYS5823596,D,S,C,2024-06-12,2000000.00,4.599495,100.0703125
08:01:13,91282CKV2,TSRYS5823596,D,S,C,2024-06-12,1000000.00,4.599495,100.0703125
08:01:13,91282CKV2,TSRYS5823596,D,B,C,2024-06-12,1000000.00,4.599495,100.0703125
08:01:13,91282CKV2,TSRYS5823596,D,B,C,2024-06-12,1000000.00,4.599495,100.0703125
08:01:13,91282CKV2,TSRYS5823596,D,S,D,2024-06-12,1000000.00,4.599495,100.0703125
08:01:13,91282CKV2,TSRYS5823596,D,S,D,2024-06-12,1000000.00,4.595968,100.080078125
08:01:13,91282CKV2,TSRYS5823596,D,B,C,2024-06-12,1000000.00,4.595968,100.080078125
08:01:13,91282CKV2,TSRYS5823596,D,S,C,2024-06-12,1000000.00,4.595968,100.080078125
08:01:13,91282CKV2,TSRYS5823596,D,S,C,2024-06-12,1000000.00,4.594558,100.083984375
08:01:13,91282CKV2,TSRYS5823596,D,S,D,2024-06-12,4000000.00,4.593853,100.0859375
08:01:14,91282CKV2,TSRYS5823596,D,B,C,2024-06-12,2000000.00,4.591032,100.09375
08:01:14,91282CKV2,TSRYS5823596,D,S,D,2024-06-12,2000000.00,4.591032,100.09375
08:01:14,91282CKV2,TSRYS5823596,D,S,D,2024-06-12,1000000.00,4.590327,100.095703125
08:01:14,91282CKV2,TSRYS5823596,D,B,C,2024-06-12,2000000.00,4.588212,100.1015625
08:01:14,91282CKV2,TSRYS5823596,D,S,D,2024-06-12,2000000.00,4.588212,100.1015625
08:01:14,91282CKV2,TSRYS5823596,D,B,C,2024-06-12,1000000.00,4.588212,100.1015625
08:01:14,91282CKV2,TSRYS5823596,D,S,D,2024-06-12,1000000.00,4.588212,100.1015625
08:01:14,91282CKV2,TSRYS5823596,D,B,C,2024-06-12,1000000.00,4.588212,100.1015625
08:01:14,91282CKV2,TSRYS5823596,D,S,D,2024-06-12,1000000.00,4.588212,100.1015625
08:01:14,91282CKV2,TSRYS5823596,D,S,D,2024-06-12,1000000.00,4.588212,100.1015625
08:01:14,91282CKV2,TSRYS5823596,D,S,D,2024-06-12,1000000.00,4.588212,100.1015625
08:01:14,91282CKV2,TSRYS5823596,D,S,D,2024-06-12,2000000.00,4.588212,100.1015625
08:01:14,91282CKV2,TSRYS5823596,D,B,C,2024-06-12,2000000.00,4.588212,100.1015625
08:01:14,91282CKV2,TSRYS5823596,D,B,C,2024-06-12,1000000.00,4.588212,100.1015625
08:01:14,91282CKV2,TSRYS5823596,D,S,D,2024-06-12,1000000.00,4.588212,100.1015625
08:01:14,91282CKV2,TSRYS5823596,D,S,D,2024-06-12,1000000.00,4.588212,100.1015625
08:01:14,91282CKV2,TSRYS5823596,D,B,C,2024-06-12,1000000.00,4.588212,100.1015625
08:01:14,91282CKV2,TSRYS5823596,D,S,D,2024-06-12,2000000.00,4.588212,100.1015625
08:01:14,91282CKV2,TSRYS5823596,D,S,D,2024-06-12,2000000.00,4.588212,100.1015625
08:01:14,91282CKV2,TSRYS5823596,D,S,D,2024-06-12,1000000.00,4.588212,100.1015625
08:01:14,91282CKV2,TSRYS5823596,D,S,D,2024-06-12,1000000.00,4.588212,100.1015625
08:01:14,91282CKV2,TSRYS5823596,D,S,D,2024-06-12,1000000.00,4.588212,100.1015625
08:01:14,91282CKV2,TSRYS5823596,D,S,D,2024-06-12,2000000.00,4.588917,100.099609375
08:01:14,91282CKV2,TSRYS5823596,D,S,D,2024-06-12,8000000.00,4.588917,100.099609375
08:01:14,91282CKV2,TSRYS5823596,D,B,C,2024-06-12,2000000.00,4.588917,100.099609375
08:01:14,91282CKV2,TSRYS5823596,D,S,D,2024-06-12,2000000.00,4.588917,100.099609375
08:01:14,91282CKV2,TSRYS5823596,D,B,C,2024-06-12,3000000.00,4.588917,100.099609375
08:01:14,91282CKV2,TSRYS5823596,D,S,D,2024-06-12,3000000.00,4.588917,100.099609375
08:01:14,91282CKV2,TSRYS5823596,D,S,D,2024-06-12,2000000.00,4.588917,100.099609375
08:01:14,91282CKV2,TSRYS5823596,D,B,C,2024-06-12,2000000.00,4.588917,100.099609375
08:01:14,91282CKV2,TSRYS5823596,D,B,C,2024-06-12,1000000.00,4.588917,100.099609375
08:01:14,91282CKV2,TSRYS5823596,D,S,D,2024-06-12,1000000.00,4.588917,100.099609375
08:01:14,91282CKV2,TSRYS5823596,D,S,D,2024-06-12,2000000.00,4.588917,100.099609375
08:01:14,91282CKV2,TSRYS5823596,D,B,C,2024-06-12,2000000.00,4.588917,100.099609375
08:01:14,91282CKV2,TSRYS5823596,D,S,D,2024-06-12,3000000.00,4.591032,100.09375
08:01:14,91282CKV2,TSRYS5823596,D,B,C,2024-06-12,3000000.00,4.591032,100.09375
08:01:14,91282CKV2,TSRYS5823596,D,S,D,2024-06-12,1000000.00,4.593148,100.087890625
08:01:14,91282CKV2,TSRYS5823596,D,B,C,2024-06-12,1000000.00,4.593148,100.087890625
08:01:14,91282CKV2,TSRYS5823596,D,S,D,2024-06-12,1000000.00,4.593148,100.087890625
08:01:14,91282CKV2,TSRYS5823596,D,B,C,2024-06-12,1000000.00,4.593148,100.087890625
08:01:14,91282CKV2,TSRYS5823596,D,S,D,2024-06-12,1000000.00,4.593148,100.087890625
08:01:14,91282CKV2,TSRYS5823596,D,B,C,2024-06-12,1000000.00,4.593148,100.087890625
08:01:14,91282CKV2,TSRYS5823596,D,S,D,2024-06-12,1000000.00,4.596674,100.078125
08:01:14,91282CKV2,TSRYS5823596,D,B,C,2024-06-12,1000000.00,4.596674,100.078125
08:01:14,91282CKV2,TSRYS5823596,D,S,C,2024-06-12,2000000.00,4.592442,100.08984375
08:01:14,91282CKV2,TSRYS5823596,D,S,D,2024-06-12,1000000.00,4.594558,100.083984375
08:01:14,91282CKV2,TSRYS5823596,D,S,C,2024-06-12,1000000.00,4.593853,100.0859375
08:01:14,91282CKV2,TSRYS5823596,D,S,C,2024-06-12,1000000.00,4.594558,100.083984375
08:01:14,91282CKV2,TSRYS5823596,D,B,C,2024-06-12,1000000.00,4.594558,100.083984375
08:01:14,91282CKV2,TSRYS5823596,D,B,C,2024-06-12,3000000.00,4.589622,100.09765625
08:01:14,91282CKV2,TSRYS5823596,D,S,C,2024-06-12,3000000.00,4.589622,100.09765625
08:01:14,91282CKV2,TSRYS5823596,D,B,C,2024-06-12,1000000.00,4.590327,100.095703125
08:01:14,91282CKV2,TSRYS5823596,D,S,C,2024-06-12,1000000.00,4.590327,100.095703125
08:01:14,91282CKV2,TSRYS5823596,D,S,C,2024-06-12,1000000.00,4.589622,100.09765625
08:01:15,91282CKV2,TSRYS5823596,D,S,D,2024-06-12,1000000.00,4.591032,100.09375
08:01:15,91282CKV2,TSRYS5823596,D,S,C,2024-06-12,3000000.00,4.589622,100.09765625
08:01:15,91282CKV2,TSRYS5823596,D,S,C,2024-06-12,1000000.00,4.591737,100.091796875
08:01:15,91282CKV2,TSRYS5823596,D,S,C,2024-06-12,1000000.00,4.591737,100.091796875
08:01:15,91282CKV2,TSRYS5823596,D,S,C,2024-06-12,1000000.00,4.591032,100.09375
08:01:15,91282CKV2,TSRYS5823596,D,S,D,2024-06-12,2000000.00,4.591032,100.09375
08:01:15,91282CKV2,TSRYS5823596,D,S,D,2024-06-12,1000000.00,4.591032,100.09375
08:01:15,91282CKV2,TSRYS5823596,D,S,D,2024-06-12,1000000.00,4.591032,100.09375
08:01:15,91282CKV2,TSRYS5823596,D,B,C,2024-06-12,1000000.00,4.591032,100.09375
08:01:15,91282CKV2,TSRYS5823596,D,S,C,2024-06-12,1000000.00,4.591032,100.09375
08:01:15,91282CKV2,TSRYS5823596,D,S,C,2024-06-12,1000000.00,4.591737,100.091796875
08:01:15,91282CKV2,TSRYS5823596,D,B,C,2024-06-12,1000000.00,4.591737,100.091796875
08:01:15,91282CKV2,TSRYS5823596,D,S,D,2024-06-12,1000000.00,4.591737,100.091796875
08:01:15,91282CKV2,TSRYS5823596,D,B,C,2024-06-12,1000000.00,4.588212,100.1015625
08:01:15,91282CKV2,TSRYS5823596,D,B,C,2024-06-12,1000000.00,4.588212,100.1015625
08:01:15,91282CKV2,TSRYS5823596,D,S,D,2024-06-12,1000000.00,4.588212,100.1015625
08:01:15,91282CKV2,TSRYS5823596,D,S,D,2024-06-12,1000000.00,4.588212,100.1015625
08:01:15,91282CKV2,TSRYS5823596,D,B,C,2024-06-12,1000000.00,4.588212,100.1015625
08:01:15,91282CKV2,TSRYS5823596,D,B,C,2024-06-12,1000000.00,4.588212,100.1015625
08:01:15,91282CKV2,TSRYS5823596,D,S,D,2024-06-12,1000000.00,4.588212,100.1015625
08:01:15,91282CKV2,TSRYS5823596,D,S,D,2024-06-12,1000000.00,4.588212,100.1015625
08:01:15,91282CKV2,TSRYS5823596,D,S,C,2024-06-12,1000000.00,4.588212,100.1015625
08:01:15,91282CKV2,TSRYS5823596,D,B,C,2024-06-12,1000000.00,4.592442,100.08984375
08:01:15,91282CKV2,TSRYS5823596,D,S,D,2024-06-12,1000000.00,4.592442,100.08984375
08:01:15,91282CKV2,TSRYS5823596,D,S,D,2024-06-12,1000000.00,4.592442,100.08984375
08:01:15,91282CKV2,TSRYS5823596,D,B,C,2024-06-12,1000000.00,4.592442,100.08984375
08:01:15,91282CKV2,TSRYS5823596,D,S,D,2024-06-12,1000000.00,4.592442,100.08984375
08:01:15,91282CKV2,TSRYS5823596,D,B,C,2024-06-12,1000000.00,4.592442,100.08984375
08:01:16,91282CKV2,TSRYS5823596,D,S,D,2024-06-12,1000000.00,4.596674,100.078125
08:01:16,91282CKV2,TSRYS5823596,D,B,C,2024-06-12,1000000.00,4.596674,100.078125
08:01:16,91282CKV2,TSRYS5823596,D,B,C,2024-06-12,3000000.00,4.596674,100.078125
08:01:16,91282CKV2,TSRYS5823596,D,S,D,2024-06-12,3000000.00,4.596674,100.078125
08:01:16,91282CKV2,TSRYS5823596,D,S,D,2024-06-12,5000000.00,4.596674,100.078125
08:01:16,91282CKV2,TSRYS5823596,D,B,C,2024-06-12,5000000.00,4.596674,100.078125
08:01:16,91282CKV2,TSRYS5823596,D,S,D,2024-06-12,3000000.00,4.596674,100.078125
08:01:16,91282CKV2,TSRYS5823596,D,S,T,2024-06-12,1000000.00,4.586802,100.10546875
08:01:16,91282CKV2,TSRYS5823596,D,S,T,2024-06-12,1000000.00,4.586802,100.10546875
08:01:16,91282CKV2,TSRYS5823596,D,S,C,2024-06-12,1000000.00,4.595263,100.08203125
08:01:16,91282CKV2,TSRYS5823596,D,S,C,2024-06-12,1000000.00,4.595263,100.08203125
08:01:16,91282CKV2,TSRYS5823596,D,S,D,2024-06-12,2000000.00,4.594558,100.083984375
08:01:16,91282CKV2,TSRYS5823596,D,S,C,2024-06-12,100000.00,4.593853,100.0859375
08:01:16,91282CKV2,TSRYS5823596,D,B,A,2024-06-12,100000.00,4.593853,100.0859375
08:01:16,91282CKV2,TSRYS5823596,D,S,T,2024-06-12,1000000.00,4.586802,100.10546875
08:01:17,91282CKV2,TSRYS5823596,D,B,C,2024-06-12,1000000.00,4.589622,100.09765625
08:01:17,91282CKV2,TSRYS5823596,D,S,D,2024-06-12,1000000.00,4.589622,100.09765625
08:01:17,91282CKV2,TSRYS5823596,D,S,D,2024-06-12,1000000.00,4.589622,100.09765625
08:01:17,91282CKV2,TSRYS5823596,D,B,C,2024-06-12,1000000.00,4.589622,100.09765625
08:01:17,91282CKV2,TSRYS5823596,D,S,D,2024-06-12,1000000.00,4.589622,100.09765625
08:01:17,91282CKV2,TSRYS5823596,D,B,C,2024-06-12,1000000.00,4.589622,100.09765625
08:01:17,91282CKV2,TSRYS5823596,D,S,T,2024-06-12,2000000.00,4.586802,100.10546875
08:01:17,91282CKV2,TSRYS5823596,D,S,A,2024-06-12,15000000.00,4.602316,100.0625
08:01:17,91282CKV2,TSRYS5823596,D,S,T,2024-06-12,1000000.00,4.586802,100.10546875
08:01:17,91282CKV2,TSRYS5823596,D,S,T,2024-06-12,1000000.00,4.586802,100.10546875
08:01:17,91282CKV2,TSRYS5823596,D,B,C,2024-06-12,3000000.00,4.588212,100.1015625
08:01:17,91282CKV2,TSRYS5823596,D,S,D,2024-06-12,3000000.00,4.588212,100.1015625
08:01:17,91282CKV2,TSRYS5823596,D,S,C,2024-06-12,1000000.00,4.592442,100.08984375
08:01:17,91282CKV2,TSRYS5823596,D,B,C,2024-06-12,1000000.00,4.592442,100.08984375
08:01:17,91282CKV2,TSRYS5823596,D,B,C,2024-06-12,3000000.00,4.592442,100.08984375
08:01:17,91282CKV2,TSRYS5823596,D,S,D,2024-06-12,3000000.00,4.592442,100.08984375
08:01:17,91282CKV2,TSRYS5823596,D,B,C,2024-06-12,1000000.00,4.592442,100.08984375
08:01:17,91282CKV2,TSRYS5823596,D,S,D,2024-06-12,1000000.00,4.592442,100.08984375
08:01:17,91282CKV2,TSRYS5823596,D,B,A,2024-06-12,7000000.00,4.592497,100.08969175
08:01:17,91282CKV2,TSRYS5823596,D,S,T,2024-06-12,7000000.00,4.592497,100.08969175
08:01:17,91282CKV2,TSRYS5823596,D,S,A,2024-06-12,1000000.00,4.600905,100.06640625
08:01:17,91282CKV2,TSRYS5823596,D,S,T,2024-06-12,2000000.00,4.586802,100.10546875
08:01:18,91282CKV2,TSRYS5823596,D,B,C,2024-06-12,1000000.00,4.591737,100.091796875
08:01:18,91282CKV2,TSRYS5823596,D,S,D,2024-06-12,1000000.00,4.591737,100.091796875
08:01:18,91282CKV2,TSRYS5823596,D,S,D,2024-06-12,6619000.00,4.67011,99.875
08:01:18,91282CKV2,TSRYS5823596,D,S,D,2024-06-12,6619000.00,4.67011,99.875
08:01:18,91282CKV2,TSRYS5823596,D,S,D,2024-06-12,24350000.00,4.67011,99.875
08:01:18,91282CKV2,TSRYS5823596,D,S,D,2024-06-12,24350000.00,4.67011,99.875
08:01:19,91282CKV2,TSRYS5823596,D,S,D,2024-06-12,48800000.00,4.67011,99.875
08:01:19,91282CKV2,TSRYS5823596,D,S,D,2024-06-12,9750000.00,4.67011,99.875
08:01:19,91282CKV2,TSRYS5823596,D,S,T,2024-06-12,1000000.00,4.596728,100.077975
08:01:19,91282CKV2,TSRYS5823596,D,S,D,2024-06-12,1000000.00,4.595263,100.08203125
08:01:19,91282CKV2,TSRYS5823596,D,S,D,2024-06-12,1000000.00,4.596674,100.078125
08:01:19,91282CKV2,TSRYS5823596,D,S,D,2024-06-12,1000000.00,4.596674,100.078125
08:01:19,91282CKV2,TSRYS5823596,D,S,D,2024-06-12,24350000.00,4.67011,99.875
08:01:19,91282CKV2,TSRYS5823596,D,S,D,2024-06-12,39000000.00,4.67011,99.875
08:01:19,91282CKV2,TSRYS5823596,D,S,D,2024-06-12,24350000.00,4.67011,99.875
08:01:19,91282CKV2,TSRYS5823596,D,S,C,2024-06-12,10700000.00,4.67011,99.875
08:01:19,91282CKV2,TSRYS5823596,D,S,T,2024-06-12,2000000.00,4.60096,100.06625625
08:01:19,91282CKV2,TSRYS5823596,D,S,T,2024-06-12,2000000.00,4.60096,100.06625625
08:01:19,91282CKV2,TSRYS5823596,D,S,D,2024-06-12,2000000.00,4.600905,100.06640625
08:01:19,91282CKV2,TSRYS5823596,D,S,T,2024-06-12,1000000.00,4.60096,100.06625625
08:01:19,91282CKV2,TSRYS5823596,D,S,C,2024-06-12,2000000.00,4.600905,100.06640625
08:01:19,91282CKV2,TSRYS5823596,D,S,C,2024-06-12,1000000.00,4.600905,100.06640625
08:01:20,91282CKV2,TSRYS5823596,D,S,T,2024-06-12,1000000.00,4.599495,100.0703125
08:01:20,91282CKV2,TSRYS5823596,D,S,T,2024-06-12,1000000.00,4.599495,100.0703125
08:01:20,91282CKV2,TSRYS5823596,D,S,T,2024-06-12,2000000.00,4.596674,100.078125
08:01:20,91282CKV2,TSRYS5823596,D,S,T,2024-06-12,1000000.00,4.600905,100.06640625
08:01:20,91282CKV2,TSRYS5823596,D,S,T,2024-06-12,1000000.00,4.600905,100.06640625
08:01:20,91282CKV2,TSRYS5823596,D,S,T,2024-06-12,1000000.00,4.600905,100.06640625
08:01:20,91282CKV2,TSRYS5823596,D,S,T,2024-06-12,1000000.00,4.600905,100.06640625
08:01:20,91282CKV2,TSRYS5823596,D,S,D,2024-06-12,1000000.00,4.600905,100.06640625
08:01:20,91282CKV2,TSRYS5823596,D,S,D,2024-06-12,1000000.00,4.600905,100.06640625
08:01:20,91282CKV2,TSRYS5823596,D,S,D,2024-06-12,5000000.00,4.600905,100.06640625
08:01:20,91282CKV2,TSRYS5823596,D,S,D,2024-06-12,5000000.00,4.592442,100.08984375
08:01:20,91282CKV2,TSRYS5823596,D,S,D,2024-06-12,1000000.00,4.600905,100.06640625
08:01:20,91282CKV2,TSRYS5823596,D,S,T,2024-06-12,1000000.00,4.595317,100.08188125
08:01:20,91282CKV2,TSRYS5823596,D,S,T,2024-06-12,1000000.00,4.595317,100.08188125
08:01:20,91282CKV2,TSRYS5823596,D,S,D,2024-06-12,1000000.00,4.596674,100.078125
08:01:20,91282CKV2,TSRYS5823596,D,S,D,2024-06-12,1000000.00,4.596674,100.078125
08:01:20,91282CKV2,TSRYS5823596,D,S,C,2024-06-12,1000000.00,4.596674,100.078125
08:01:20,91282CKV2,TSRYS5823596,D,S,T,2024-06-12,1000000.00,4.596728,100.077975
08:01:20,91282CKV2,TSRYS5823596,D,S,T,2024-06-12,1000000.00,4.596728,100.077975
08:01:20,91282CKV2,TSRYS5823596,D,S,D,2024-06-12,8600000.00,4.67011,99.875
08:01:21,91282CKV2,TSRYS5823596,D,S,C,2024-06-12,1000000.00,4.596674,100.078125
08:01:21,91282CKV2,TSRYS5823596,D,S,C,2024-06-12,1000000.00,4.596674,100.078125
08:01:21,91282CKV2,TSRYS5823596,D,S,T,2024-06-12,1000000.00,4.596728,100.077975
08:01:22,91282CKV2,TSRYS5823596,D,S,C,2024-06-12,56000000.00,4.593853,100.0859375
08:01:23,91282CKV2,TSRYS5823596,D,S,D,2024-06-12,2000000.00,4.600905,100.06640625
08:01:23,91282CKV2,TSRYS5823596,D,S,D,2024-06-12,1000000.00,4.600905,100.06640625
08:01:23,91282CKV2,TSRYS5823596,D,B,A,2024-06-12,1500000.00,4.602316,100.0625
08:01:24,91282CKV2,TSRYS5823596,D,S,C,2024-06-12,900000.00,4.599495,100.0703125
08:01:25,91282CKV2,TSRYS5823596,D,S,C,2024-06-12,5000000.00,4.595011,100.08273
08:01:25,91282CKV2,TSRYS5823596,D,S,C,2024-06-12,5000000.00,4.595715,100.08078
08:01:25,91282CKV2,TSRYS5823596,D,B,C,2024-06-12,3000000.00,4.596674,100.078125
08:01:26,91282CKV2,TSRYS5823596,D,B,C,2024-06-12,2000000.00,4.596674,100.078125
08:01:26,91282CKV2,TSRYS5823596,D,S,C,2024-06-12,5000000.00,4.596419,100.07883
08:01:27,91282CKV2,TSRYS5823596,D,B,A,2024-06-12,18000000.00,4.592795,100.088867188
08:01:28,91282CKV2,TSRYS5823596,D,S,D,2024-06-12,2000000.00,4.602316,100.0625
08:01:28,91282CKV2,TSRYS5823596,D,S,C,2024-06-12,5000000.00,4.602316,100.0625
08:01:28,91282CKV2,TSRYS5823596,D,S,T,2024-06-12,1000000.00,4.600978,100.06620625
08:01:28,91282CKV2,TSRYS5823596,D,S,C,2024-06-12,3000000.00,4.602316,100.0625
08:01:29,91282CKV2,TSRYS5823596,D,S,T,2024-06-12,1000000.00,4.600978,100.06620625
08:01:29,91282CKV2,TSRYS5823596,D,S,T,2024-06-12,1000000.00,4.600978,100.06620625
08:01:29,91282CKV2,TSRYS5823596,D,S,D,2024-06-12,2000000.00,4.600905,100.06640625
08:01:29,91282CKV2,TSRYS5823596,D,S,D,2024-06-12,2000000.00,4.600905,100.06640625
08:01:29,91282CKV2,TSRYS5823596,D,S,D,2024-06-12,3000000.00,4.600905,100.06640625
08:01:31,91282CKV2,TSRYS5823596,D,S,C,2024-06-12,1000000.00,4.595263,100.08203125
08:01:31,91282CKV2,TSRYS5823596,D,S,C,2024-06-12,1000000.00,4.595263,100.08203125
08:01:31,91282CKV2,TSRYS5823596,D,S,C,2024-06-12,1000000.00,4.595263,100.08203125
08:01:31,91282CKV2,TSRYS5823596,D,S,C,2024-06-12,1000000.00,4.595263,100.08203125
08:01:31,91282CKV2,TSRYS5823596,D,S,C,2024-06-12,1000000.00,4.595263,100.08203125
08:01:31,91282CKV2,TSRYS5823596,D,S,C,2024-06-12,1000000.00,4.595263,100.08203125
08:01:31,91282CKV2,TSRYS5823596,D,S,C,2024-06-12,1000000.00,4.595263,100.08203125
08:01:31,91282CKV2,TSRYS5823596,D,S,C,2024-06-12,1000000.00,4.595263,100.08203125
08:01:31,91282CKV2,TSRYS5823596,D,S,C,2024-06-12,1000000.00,4.595263,100.08203125
08:01:32,91282CKV2,TSRYS5823596,D,S,D,2024-06-12,1000000.00,4.595263,100.08203125
08:01:32,91282CKV2,TSRYS5823596,D,S,D,2024-06-12,1000000.00,4.595263,100.08203125
08:01:32,91282CKV2,TSRYS5823596,D,S,D,2024-06-12,1000000.00,4.595263,100.08203125
08:01:32,91282CKV2,TSRYS5823596,D,S,C,2024-06-12,1000000.00,4.595263,100.08203125
08:01:32,91282CKV2,TSRYS5823596,D,S,C,2024-06-12,1000000.00,4.595263,100.08203125
08:01:32,91282CKV2,TSRYS5823596,D,S,D,2024-06-12,2000000.00,4.600905,100.06640625
08:01:32,91282CKV2,TSRYS5823596,D,S,C,2024-06-12,1000000.00,4.600905,100.06640625
08:01:32,91282CKV2,TSRYS5823596,D,S,D,2024-06-12,1000000.00,4.595263,100.08203125
08:01:32,91282CKV2,TSRYS5823596,D,S,C,2024-06-12,1000000.00,4.595263,100.08203125
08:01:32,91282CKV2,TSRYS5823596,D,S,D,2024-06-12,1000000.00,4.595263,100.08203125
08:01:32,91282CKV2,TSRYS5823596,D,S,D,2024-06-12,1000000.00,4.595263,100.08203125
08:01:32,91282CKV2,TSRYS5823596,D,S,D,2024-06-12,1000000.00,4.595263,100.08203125
08:01:32,91282CKV2,TSRYS5823596,D,S,D,2024-06-12,1000000.00,4.595263,100.08203125
08:01:32,91282CKV2,TSRYS5823596,D,S,C,2024-06-12,1000000.00,4.600905,100.06640625
08:01:32,91282CKV2,TSRYS5823596,D,S,C,2024-06-12,1000000.00,4.600905,100.06640625
08:01:32,91282CKV2,TSRYS5823596,D,S,D,2024-06-12,1000000.00,4.595263,100.08203125
08:01:32,91282CKV2,TSRYS5823596,D,S,D,2024-06-12,1000000.00,4.595263,100.08203125
08:01:32,91282CKV2,TSRYS5823596,D,S,D,2024-06-12,1000000.00,4.595263,100.08203125
08:01:32,91282CKV2,TSRYS5823596,D,S,T,2024-06-12,1000000.00,4.600905,100.06640625
08:01:32,91282CKV2,TSRYS5823596,D,S,T,2024-06-12,1000000.00,4.600905,100.06640625
08:01:33,91282CKV2,TSRYS5823596,D,S,T,2024-06-12,1000000.00,4.600905,100.06640625
08:01:33,91282CKV2,TSRYS5823596,D,S,D,2024-06-12,1000000.00,4.595263,100.08203125
08:01:33,91282CKV2,TSRYS5823596,D,S,D,2024-06-12,1000000.00,4.595263,100.08203125
08:01:33,91282CKV2,TSRYS5823596,D,S,D,2024-06-12,1000000.00,4.595263,100.08203125
08:01:33,91282CKV2,TSRYS5823596,D,S,D,2024-06-12,1000000.00,4.595263,100.08203125
08:01:33,91282CKV2,TSRYS5823596,D,B,C,2024-06-12,27000000.00,4.595516,100.08133
08:01:33,91282CKV2,TSRYS5823596,D,B,C,2024-06-12,2000000.00,4.592442,100.08984375
08:01:33,91282CKV2,TSRYS5823596,D,S,D,2024-06-12,2000000.00,4.592442,100.08984375
08:01:33,91282CKV2,TSRYS5823596,D,S,D,2024-06-12,2000000.00,4.600905,100.06640625
08:01:33,91282CKV2,TSRYS5823596,D,S,T,2024-06-12,1000000.00,4.600905,100.06640625
08:01:33,91282CKV2,TSRYS5823596,D,S,D,2024-06-12,1000000.00,4.600905,100.06640625
08:01:33,91282CKV2,TSRYS5823596,D,S,D,2024-06-12,2000000.00,4.592442,100.08984375
08:01:35,91282CKV2,TSRYS5823596,D,S,D,2024-06-12,18000000.00,4.593853,100.0859375
08:01:36,91282CKV2,TSRYS5823596,D,S,T,2024-06-12,4000000.00,4.591032,100.09375
08:01:36,91282CKV2,TSRYS5823596,D,S,C,2024-06-12,2000000.00,4.597379,100.07617187
08:01:38,91282CKV2,TSRYS5823596,D,S,D,2024-06-12,1000000.00,4.599495,100.0703125
08:01:38,91282CKV2,TSRYS5823596,D,S,D,2024-06-12,1000000.00,4.599495,100.0703125
08:01:39,91282CKV2,TSRYS5823596,D,S,T,2024-06-12,2000000.00,4.588212,100.1015625
08:01:40,91282CKV2,TSRYS5823596,D,B,C,2024-06-12,3000000.00,4.595263,100.08203125
08:01:40,91282CKV2,TSRYS5823596,D,B,C,2024-06-12,2000000.00,4.595263,100.08203125
08:01:40,91282CKV2,TSRYS5823596,D,B,C,2024-06-12,10000000.00,4.602569,100.0618
08:01:40,91282CKV2,TSRYS5823596,D,B,C,2024-06-12,10000000.00,4.601157,100.06571
08:01:40,91282CKV2,TSRYS5823596,D,B,C,2024-06-12,17000000.00,4.600521,100.06747
08:01:41,91282CKV2,TSRYS5823596,D,S,D,2024-06-12,1000000.00,4.600905,100.06640625
08:01:41,91282CKV2,TSRYS5823596,D,S,C,2024-06-12,9000000.00,4.601359,100.06515
08:01:41,91282CKV2,TSRYS5823596,D,S,C,2024-06-12,1000000.00,4.600905,100.06640625
08:01:41,91282CKV2,TSRYS5823596,D,S,D,2024-06-12,1000000.00,4.600905,100.06640625
08:01:41,91282CKV2,TSRYS5823596,D,S,D,2024-06-12,1000000.00,4.600905,100.06640625
08:01:42,91282CKV2,TSRYS5823596,D,B,C,2024-06-12,2000000.00,4.601611,100.06445312
08:01:42,91282CKV2,TSRYS5823596,D,S,C,2024-06-12,5000000.00,4.601359,100.06515
08:01:43,91282CKV2,TSRYS5823596,D,S,C,2024-06-12,5000000.00,4.595011,100.08273
08:01:47,91282CKV2,TSRYS5823596,D,S,T,2024-06-12,1000000.00,4.592442,100.08984375
08:01:47,91282CKV2,TSRYS5823596,D,B,C,2024-06-12,1000000.00,4.598084,100.07421875
08:01:47,91282CKV2,TSRYS5823596,D,S,D,2024-06-12,1000000.00,4.598084,100.07421875
08:01:47,91282CKV2,TSRYS5823596,D,B,C,2024-06-12,1000000.00,4.598084,100.07421875
08:01:47,91282CKV2,TSRYS5823596,D,S,D,2024-06-12,1000000.00,4.598084,100.07421875
08:01:47,91282CKV2,TSRYS5823596,D,S,T,2024-06-12,1000000.00,4.600905,100.06640625
08:01:47,91282CKV2,TSRYS5823596,D,S,T,2024-06-12,2000000.00,4.592442,100.08984375
08:01:47,91282CKV2,TSRYS5823596,D,S,T,2024-06-12,1000000.00,4.592442,100.08984375
08:01:47,91282CKV2,TSRYS5823596,D,B,C,2024-06-12,1000000.00,4.596674,100.078125
08:01:47,91282CKV2,TSRYS5823596,D,S,T,2024-06-12,1000000.00,4.592442,100.08984375
08:01:47,91282CKV2,TSRYS5823596,D,S,T,2024-06-12,1000000.00,4.591737,100.091796875
08:01:47,91282CKV2,TSRYS5823596,D,S,D,2024-06-12,1000000.00,4.596674,100.078125
08:01:47,91282CKV2,TSRYS5823596,D,S,T,2024-06-12,1000000.00,4.591737,100.091796875
08:01:47,91282CKV2,TSRYS5823596,D,S,T,2024-06-12,1000000.00,4.591737,100.091796875
08:01:47,91282CKV2,TSRYS5823596,D,B,C,2024-06-12,1000000.00,4.595263,100.08203125
08:01:47,91282CKV2,TSRYS5823596,D,S,D,2024-06-12,1000000.00,4.595263,100.08203125
08:01:48,91282CKV2,TSRYS5823596,D,S,D,2024-06-12,1000000.00,4.596674,100.078125
08:01:48,91282CKV2,TSRYS5823596,D,B,C,2024-06-12,1000000.00,4.596674,100.078125
08:01:48,91282CKV2,TSRYS5823596,D,S,C,2024-06-12,2000000.00,4.595263,100.08203125
08:01:48,91282CKV2,TSRYS5823596,D,S,C,2024-06-12,1000000.00,4.595263,100.08203125
08:01:48,91282CKV2,TSRYS5823596,D,S,T,2024-06-12,1000000.00,4.591737,100.091796875
08:01:48,91282CKV2,TSRYS5823596,D,S,T,2024-06-12,1000000.00,4.591737,100.091796875
08:01:48,91282CKV2,TSRYS5823596,D,S,D,2024-06-12,2000000.00,4.596674,100.078125
08:01:48,91282CKV2,TSRYS5823596,D,B,C,2024-06-12,1000000.00,4.596674,100.078125
08:01:48,91282CKV2,TSRYS5823596,D,S,D,2024-06-12,1000000.00,4.596674,100.078125
08:01:48,91282CKV2,TSRYS5823596,D,B,C,2024-06-12,1000000.00,4.596674,100.078125
08:01:48,91282CKV2,TSRYS5823596,D,S,D,2024-06-12,1000000.00,4.596674,100.078125
08:01:48,91282CKV2,TSRYS5823596,D,S,C,2024-06-12,1000000.00,4.596674,100.078125
08:01:48,91282CKV2,TSRYS5823596,D,S,D,2024-06-12,2000000.00,4.596674,100.078125
08:01:49,91282CKV2,TSRYS5823596,D,S,C,2024-06-12,1000000.00,4.595968,100.080078125
08:01:51,91282CKV2,TSRYS5823596,D,S,D,2024-06-12,13000000.00,4.598571,100.07287
08:01:52,91282CKV2,TSRYS5823596,D,S,C,2024-06-12,6000000.00,4.593853,100.0859375
08:01:52,91282CKV2,TSRYS5823596,D,S,T,2024-06-12,1000000.00,4.593898,100.0858125
08:01:52,91282CKV2,TSRYS5823596,D,S,T,2024-06-12,1000000.00,4.593853,100.0859375
08:01:52,91282CKV2,TSRYS5823596,D,S,T,2024-06-12,1000000.00,4.593898,100.0858125
08:01:52,91282CKV2,TSRYS5823596,D,S,T,2024-06-12,1000000.00,4.593898,100.0858125
08:01:52,91282CKV2,TSRYS5823596,D,S,D,2024-06-12,20000000.00,4.596854,100.077625
08:01:53,91282CKV2,TSRYS5823596,D,S,D,2024-06-12,671000.00,4.594187,100.08501098229
08:01:53,91282CKV2,TSRYS5823596,D,S,T,2024-06-12,1000000.00,4.593853,100.0859375
08:01:53,91282CKV2,TSRYS5823596,D,S,T,2024-06-12,1000000.00,4.593853,100.0859375
08:01:53,91282CKV2,TSRYS5823596,D,S,T,2024-06-12,1000000.00,4.593853,100.0859375
08:01:53,91282CKV2,TSRYS5823596,D,S,T,2024-06-12,1000000.00,4.593853,100.0859375
08:01:53,91282CKV2,TSRYS5823596,D,S,T,2024-06-12,1000000.00,4.593853,100.0859375
08:01:53,91282CKV2,TSRYS5823596,D,S,T,2024-06-12,1000000.00,4.593853,100.0859375
08:01:53,91282CKV2,TSRYS5823596,D,S,T,2024-06-12,1000000.00,4.593898,100.0858125
08:01:53,91282CKV2,TSRYS5823596,D,S,T,2024-06-12,1000000.00,4.593898,100.0858125
08:01:53,91282CKV2,TSRYS5823596,D,B,A,2024-06-12,5000000.00,4.596674,100.078125
08:01:53,91282CKV2,TSRYS5823596,D,S,T,2024-06-12,2000000.00,4.593853,100.0859375
08:01:54,91282CKV2,TSRYS5823596,D,S,T,2024-06-12,1000000.00,4.595263,100.08203125
08:01:54,91282CKV2,TSRYS5823596,D,S,T,2024-06-12,1000000.00,4.595263,100.08203125
08:01:54,91282CKV2,TSRYS5823596,D,S,T,2024-06-12,1000000.00,4.595263,100.08203125
08:01:54,91282CKV2,TSRYS5823596,D,S,T,2024-06-12,1000000.00,4.595263,100.08203125
08:01:54,91282CKV2,TSRYS5823596,D,S,T,2024-06-12,2000000.00,4.593853,100.0859375
08:01:54,91282CKV2,TSRYS5823596,D,S,T,2024-06-12,1000000.00,4.593853,100.0859375
08:01:54,91282CKV2,TSRYS5823596,D,S,T,2024-06-12,1000000.00,4.593853,100.0859375
08:01:54,91282CKV2,TSRYS5823596,D,S,T,2024-06-12,2000000.00,4.593853,100.0859375
08:01:54,91282CKV2,TSRYS5823596,D,S,T,2024-06-12,1000000.00,4.593853,100.0859375
08:01:54,91282CKV2,TSRYS5823596,D,S,T,2024-06-12,2000000.00,4.593853,100.0859375
08:01:54,91282CKV2,TSRYS5823596,D,S,T,2024-06-12,2000000.00,4.593898,100.0858125
08:01:55,91282CKV2,TSRYS5823596,D,B,C,2024-06-12,1000000.00,4.596674,100.078125
08:01:55,91282CKV2,TSRYS5823596,D,S,D,2024-06-12,1000000.00,4.596674,100.078125
08:01:55,91282CKV2,TSRYS5823596,D,B,C,2024-06-12,1000000.00,4.596674,100.078125
08:01:55,91282CKV2,TSRYS5823596,D,S,D,2024-06-12,1000000.00,4.596674,100.078125
08:01:55,91282CKV2,TSRYS5823596,D,S,C,2024-06-12,6000000.00,4.592442,100.08984375
08:01:56,91282CKV2,TSRYS5823596,D,S,T,2024-06-12,1000000.00,4.598084,100.07421875
08:01:56,91282CKV2,TSRYS5823596,D,S,T,2024-06-12,1000000.00,4.599495,100.0703125
08:01:56,91282CKV2,TSRYS5823596,D,S,T,2024-06-12,1000000.00,4.602316,100.0625
08:01:56,91282CKV2,TSRYS5823596,D,B,C,2024-06-12,2000000.00,4.598084,100.07421875
08:01:56,91282CKV2,TSRYS5823596,D,S,T,2024-06-12,1000000.00,4.599495,100.0703125
08:01:56,91282CKV2,TSRYS5823596,D,B,C,2024-06-12,1000000.00,4.598084,100.07421875
08:01:56,91282CKV2,TSRYS5823596,D,S,C,2024-06-12,1000000.00,4.599495,100.0703125
08:01:56,91282CKV2,TSRYS5823596,D,S,C,2024-06-12,1000000.00,4.599495,100.0703125
08:01:56,91282CKV2,TSRYS5823596,D,B,C,2024-06-12,1000000.00,4.595968,100.08007812
08:01:56,91282CKV2,TSRYS5823596,D,S,C,2024-06-12,1000000.00,4.600815,100.06665625
08:01:56,91282CKV2,TSRYS5823596,D,S,C,2024-06-12,1000000.00,4.600905,100.06640625
08:01:56,91282CKV2,TSRYS5823596,D,S,C,2024-06-12,1000000.00,4.600833,100.06660625
08:01:56,91282CKV2,TSRYS5823596,D,B,C,2024-06-12,1000000.00,4.600996,100.06615625
08:01:56,91282CKV2,TSRYS5823596,D,S,C,2024-06-12,1000000.00,4.600833,100.06660625
08:01:56,91282CKV2,TSRYS5823596,D,B,C,2024-06-12,1000000.00,4.60096,100.06625425
08:01:56,91282CKV2,TSRYS5823596,D,S,D,2024-06-12,1000000.00,4.600905,100.06640625
08:01:56,91282CKV2,TSRYS5823596,D,B,C,2024-06-12,1000000.00,4.600996,100.06615625
08:01:56,91282CKV2,TSRYS5823596,D,S,D,2024-06-12,1000000.00,4.600905,100.06640625
08:01:56,91282CKV2,TSRYS5823596,D,S,D,2024-06-12,1000000.00,4.600905,100.06640625
08:01:56,91282CKV2,TSRYS5823596,D,B,C,2024-06-12,1000000.00,4.600996,100.06615625
08:01:57,91282CKV2,TSRYS5823596,D,S,D,2024-06-12,1000000.00,4.600905,100.06640625
08:01:57,91282CKV2,TSRYS5823596,D,S,D,2024-06-12,1000000.00,4.600905,100.06640625
08:01:57,91282CKV2,TSRYS5823596,D,B,C,2024-06-12,1000000.00,4.600996,100.06615625
08:01:57,91282CKV2,TSRYS5823596,D,S,D,2024-06-12,1000000.00,4.600905,100.06640625
08:01:57,91282CKV2,TSRYS5823596,D,B,C,2024-06-12,1000000.00,4.600905,100.06640625
08:01:57,91282CKV2,TSRYS5823596,D,S,D,2024-06-12,1000000.00,4.600905,100.06640625
08:01:57,91282CKV2,TSRYS5823596,D,B,C,2024-06-12,1000000.00,4.60096,100.06625425
08:01:57,91282CKV2,TSRYS5823596,D,B,C,2024-06-12,1000000.00,4.600905,100.06640625
08:01:57,91282CKV2,TSRYS5823596,D,S,C,2024-06-12,1000000.00,4.600905,100.06640625
08:01:57,91282CKV2,TSRYS5823596,D,B,C,2024-06-12,1000000.00,4.600996,100.06615625
08:01:57,91282CKV2,TSRYS5823596,D,B,C,2024-06-12,1000000.00,4.600905,100.06640625
08:01:57,91282CKV2,TSRYS5823596,D,S,C,2024-06-12,1000000.00,4.600905,100.06640625
08:01:57,91282CKV2,TSRYS5823596,D,B,C,2024-06-12,1000000.00,4.599495,100.0703125
08:01:57,91282CKV2,TSRYS5823596,D,B,C,2024-06-12,1000000.00,4.599549,100.0701625
08:01:57,91282CKV2,TSRYS5823596,D,S,D,2024-06-12,1000000.00,4.599495,100.0703125
08:01:57,91282CKV2,TSRYS5823596,D,B,C,2024-06-12,1000000.00,4.59955,100.0701605
08:01:57,91282CKV2,TSRYS5823596,D,B,C,2024-06-12,1000000.00,4.599567,100.0701125
08:01:57,91282CKV2,TSRYS5823596,D,B,C,2024-06-12,1000000.00,4.599567,100.0701125
08:01:57,91282CKV2,TSRYS5823596,D,S,D,2024-06-12,1000000.00,4.599495,100.0703125
08:01:57,91282CKV2,TSRYS5823596,D,S,C,2024-06-12,1000000.00,4.599495,100.0703125
08:01:57,91282CKV2,TSRYS5823596,D,S,D,2024-06-12,1000000.00,4.599495,100.0703125
08:01:57,91282CKV2,TSRYS5823596,D,S,D,2024-06-12,1000000.00,4.599495,100.0703125
08:01:57,91282CKV2,TSRYS5823596,D,S,D,2024-06-12,1000000.00,4.599495,100.0703125
08:01:58,91282CKV2,TSRYS5823596,D,S,D,2024-06-12,22000000.00,4.596314,100.07912
08:01:58,91282CKV2,TSRYS5823596,D,S,C,2024-06-12,4000000.00,4.593853,100.0859375
08:01:58,91282CKV2,TSRYS5823596,D,S,C,2024-06-12,2000000.00,4.593853,100.0859375
08:01:58,91282CKV2,TSRYS5823596,D,S,T,2024-06-12,2000000.00,4.593853,100.0859375
08:01:58,91282CKV2,TSRYS5823596,D,S,D,2024-06-12,1000000.00,4.593853,100.0859375
08:01:58,91282CKV2,TSRYS5823596,D,S,D,2024-06-12,1000000.00,4.593853,100.0859375
08:01:58,91282CKV2,TSRYS5823596,D,S,T,2024-06-12,1000000.00,4.593853,100.0859375
08:01:58,91282CKV2,TSRYS5823596,D,S,T,2024-06-12,1000000.00,4.593853,100.0859375
08:01:58,91282CKV2,TSRYS5823596,D,S,D,2024-06-12,2000000.00,4.593853,100.0859375
08:01:58,91282CKV2,TSRYS5823596,D,S,D,2024-06-12,1000000.00,4.593853,100.0859375
08:01:58,91282CKV2,TSRYS5823596,D,S,T,2024-06-12,1000000.00,4.593853,100.0859375
08:01:58,91282CKV2,TSRYS5823596,D,S,D,2024-06-12,2000000.00,4.593853,100.0859375
08:01:58,91282CKV2,TSRYS5823596,D,S,D,2024-06-12,1000000.00,4.593853,100.0859375
08:01:58,91282CKV2,TSRYS5823596,D,S,D,2024-06-12,1000000.00,4.593853,100.0859375
08:01:58,91282CKV2,TSRYS5823596,D,S,T,2024-06-12,8600000.00,4.67011,99.875
08:01:58,91282CKV2,TSRYS5823596,D,S,T,2024-06-12,1000000.00,4.593925,100.0857375
