tradeTime,cusip,issueSymbolIdentifier,priceType,reportingSideCode,contraPartyTypeCode,tradeDate,reportedTradeVolume,lastSaleYield,lastSalePrice
08:00:05,91282CKR1,TSRYS5802848,D,S,D,2024-05-16,1000000.00,4.480186,100.0546875
08:00:05,91282CKR1,TSRYS5802848,D,S,D,2024-05-16,1000000.00,4.480186,100.0546875
08:00:05,91282CKR1,TSRYS5802848,D,S,D,2024-05-16,1000000.00,4.480186,100.0546875
08:00:09,91282CKR1,TSRYS5802848,D,S,D,2024-05-16,1000000.00,4.502721,99.9921875
08:00:09,91282CKR1,TSRYS5802848,D,S,D,2024-05-16,1000000.00,4.506244,99.982421875
08:00:09,91282CKR1,TSRYS5802848,D,S,T,2024-05-16,3000000.00,4.510472,99.970703125
08:00:09,91282CKR1,TSRYS5802848,D,S,T,2024-05-16,1000000.00,4.509062,99.974609375
08:00:09,91282CKR1,TSRYS5802848,D,S,D,2024-05-16,8000000.00,4.501312,99.99609375
08:00:09,91282CKR1,TSRYS5802848,D,S,T,2024-05-16,2000000.00,4.50413,99.98828125
08:00:09,91282CKR1,TSRYS5802848,D,S,T,2024-05-16,1000000.00,4.50413,99.98828125
08:00:09,91282CKR1,TSRYS5802848,D,S,T,2024-05-16,1000000.00,4.50413,99.98828125
08:00:09,91282CKR1,TSRYS5802848,D,S,D,2024-05-16,2000000.00,4.517519,99.951171875
08:00:09,91282CKR1,TSRYS5802848,D,S,T,2024-05-16,2000000.00,4.516815,99.953125
08:00:09,91282CKR1,TSRYS5802848,D,S,T,2024-05-16,2000000.00,4.516815,99.953125
08:00:09,91282CKR1,TSRYS5802848,D,S,T,2024-05-16,2000000.00,4.516815,99.953125
08:00:09,91282CKR1,TSRYS5802848,D,S,D,2024-05-16,2000000.00,4.516815,99.953125
08:00:09,91282CKR1,TSRYS5802848,D,S,D,2024-05-16,2000000.00,4.519634,99.9453125
08:00:09,91282CKR1,TSRYS5802848,D,S,D,2024-05-16,2000000.00,4.519634,99.9453125
08:00:09,91282CKR1,TSRYS5802848,D,S,D,2024-05-16,2000000.00,4.519634,99.9453125
08:00:09,91282CKR1,TSRYS5802848,D,S,D,2024-05-16,2000000.00,4.519634,99.9453125
08:00:09,91282CKR1,TSRYS5802848,D,S,D,2024-05-16,1000000.00,4.519634,99.9453125
08:00:09,91282CKR1,TSRYS5802848,D,S,D,2024-05-16,1000000.00,4.519634,99.9453125
08:00:09,91282CKR1,TSRYS5802848,D,S,D,2024-05-16,1000000.00,4.519634,99.9453125
08:00:09,91282CKR1,TSRYS5802848,D,S,D,2024-05-16,1000000.00,4.517519,99.951171875
08:00:09,91282CKR1,TSRYS5802848,D,S,T,2024-05-16,3000000.00,4.512586,99.96484375
08:00:09,91282CKR1,TSRYS5802848,D,S,T,2024-05-16,16000000.00,4.522454,99.9375
08:00:09,91282CKR1,TSRYS5802848,D,S,T,2024-05-16,8000000.00,4.522454,99.9375
08:00:09,91282CKR1,TSRYS5802848,D,S,D,2024-05-16,1000000.00,4.523864,99.93359375
08:00:09,91282CKR1,TSRYS5802848,D,S,D,2024-05-16,1000000.00,4.523864,99.93359375
08:00:09,91282CKR1,TSRYS5802848,D,S,D,2024-05-16,1000000.00,4.523864,99.93359375
08:00:09,91282CKR1,TSRYS5802848,D,S,A,2024-05-16,168000.00,4.49286,100.01953125
08:00:09,91282CKR1,TSRYS5802848,D,B,A,2024-05-16,957000.00,4.509767,99.97265625
08:00:11,91282CKR1,TSRYS5802848,D,S,T,2024-05-16,1000000.00,4.503426,99.990234375
08:00:11,91282CKR1,TSRYS5802848,D,S,T,2024-05-16,1000000.00,4.489339,100.029296875
08:00:11,91282CKR1,TSRYS5802848,D,S,T,2024-05-16,1000000.00,4.489339,100.029296875
08:00:11,91282CKR1,TSRYS5802848,D,S,T,2024-05-16,1000000.00,4.487226,100.03515625
08:00:11,91282CKR1,TSRYS5802848,D,S,T,2024-05-16,1000000.00,4.48793,100.033203125
08:00:11,91282CKR1,TSRYS5802848,D,S,T,2024-05-16,1000000.00,4.480186,100.0546875
08:00:11,91282CKR1,TSRYS5802848,D,S,T,2024-05-16,1000000.00,4.492155,100.021484375
08:00:11,91282CKR1,TSRYS5802848,D,S,T,2024-05-16,1000000.00,4.491451,100.0234375
08:00:11,91282CKR1,TSRYS5802848,D,S,T,2024-05-16,1000000.00,4.491451,100.0234375
08:00:11,91282CKR1,TSRYS5802848,D,S,T,2024-05-16,1000000.00,4.499903,100.0
08:00:11,91282CKR1,TSRYS5802848,D,S,D,2024-05-16,1000000.00,4.506244,99.982421875
08:00:11,91282CKR1,TSRYS5802848,D,S,T,2024-05-16,1000000.00,4.509062,99.974609375
08:00:11,91282CKR1,TSRYS5802848,D,S,D,2024-05-16,1000000.00,4.501312,99.99609375
08:00:11,91282CKR1,TSRYS5802848,D,S,T,2024-05-16,1000000.00,4.501312,99.99609375
08:00:11,91282CKR1,TSRYS5802848,D,S,T,2024-05-16,1000000.00,4.501312,99.99609375
08:00:11,91282CKR1,TSRYS5802848,D,S,T,2024-05-16,1000000.00,4.501312,99.99609375
08:00:11,91282CKR1,TSRYS5802848,D,S,T,2024-05-16,1000000.00,4.501312,99.99609375
08:00:11,91282CKR1,TSRYS5802848,D,S,T,2024-05-16,1000000.00,4.500608,99.998046875
08:00:11,91282CKR1,TSRYS5802848,D,S,T,2024-05-16,1000000.00,4.503426,99.990234375
08:00:11,91282CKR1,TSRYS5802848,D,S,T,2024-05-16,1000000.00,4.516815,99.953125
08:00:11,91282CKR1,TSRYS5802848,D,S,T,2024-05-16,1000000.00,4.516815,99.953125
08:00:11,91282CKR1,TSRYS5802848,D,S,T,2024-05-16,1000000.00,4.516815,99.953125
08:00:11,91282CKR1,TSRYS5802848,D,S,T,2024-05-16,1000000.00,4.516815,99.953125
08:00:11,91282CKR1,TSRYS5802848,D,S,T,2024-05-16,1000000.00,4.516815,99.953125
08:00:11,91282CKR1,TSRYS5802848,D,S,T,2024-05-16,1000000.00,4.513995,99.9609375
08:00:11,91282CKR1,TSRYS5802848,D,S,T,2024-05-16,1000000.00,4.511176,99.96875
08:00:11,91282CKR1,TSRYS5802848,D,S,T,2024-05-16,1000000.00,4.511881,99.966796875
08:00:11,91282CKR1,TSRYS5802848,D,S,T,2024-05-16,1000000.00,4.511881,99.966796875
08:00:11,91282CKR1,TSRYS5802848,D,S,T,2024-05-16,1000000.00,4.513291,99.962890625
08:00:11,91282CKR1,TSRYS5802848,D,S,T,2024-05-16,1000000.00,4.520339,99.943359375
08:00:11,91282CKR1,TSRYS5802848,D,S,T,2024-05-16,1000000.00,4.522454,99.9375
08:00:12,91282CKR1,TSRYS5802848,D,S,T,2024-05-16,1000000.00,4.532325,99.91015625
08:00:12,91282CKR1,TSRYS5802848,D,S,T,2024-05-16,1000000.00,4.530915,99.9140625
08:00:12,91282CKR1,TSRYS5802848,D,S,D,2024-05-16,1000000.00,4.518929,99.947265625
08:00:12,91282CKR1,TSRYS5802848,D,S,T,2024-05-16,1000000.00,4.51611,99.955078125
08:00:12,91282CKR1,TSRYS5802848,D,S,T,2024-05-16,1000000.00,4.518929,99.947265625
08:00:12,91282CKR1,TSRYS5802848,D,S,D,2024-05-16,1000000.00,4.498494,100.00390625
08:00:12,91282CKR1,TSRYS5802848,D,S,D,2024-05-16,1000000.00,4.498494,100.00390625
08:00:19,91282CKR1,TSRYS5802848,D,S,T,2024-05-16,1000000.00,4.49779,100.005859375
08:00:19,91282CKR1,TSRYS5802848,D,S,T,2024-05-16,1000000.00,4.498494,100.00390625
08:00:19,91282CKR1,TSRYS5802848,D,S,T,2024-05-16,6000000.00,4.498494,100.00390625
08:00:20,91282CKR1,TSRYS5802848,D,S,T,2024-05-16,1000000.00,4.498494,100.00390625
08:00:20,91282CKR1,TSRYS5802848,D,S,T,2024-05-16,1000000.00,4.498494,100.00390625
08:00:22,91282CKR1,TSRYS5802848,D,S,T,2024-05-16,1000000.00,4.49779,100.005859375
08:00:23,91282CKR1,TSRYS5802848,D,S,T,2024-05-16,1000000.00,4.498494,100.00390625
08:00:24,91282CKR1,TSRYS5802848,D,S,T,2024-05-16,1000000.00,4.49779,100.005859375
08:00:24,91282CKR1,TSRYS5802848,D,S,T,2024-05-16,1000000.00,4.498494,100.00390625
08:00:24,91282CKR1,TSRYS5802848,D,S,T,2024-05-16,1000000.00,4.498494,100.00390625
08:00:25,91282CKR1,TSRYS5802848,D,S,T,2024-05-16,1000000.00,4.497086,100.0078125
08:00:27,91282CKR1,TSRYS5802848,D,B,C,2024-05-16,2000000.00,4.483706,100.044921875
08:00:27,91282CKR1,TSRYS5802848,D,S,D,2024-05-16,2000000.00,4.483706,100.044921875
08:00:27,91282CKR1,TSRYS5802848,D,S,T,2024-05-16,4000000.00,4.49779,100.005859375
08:00:27,91282CKR1,TSRYS5802848,D,S,T,2024-05-16,1000000.00,4.498494,100.00390625
08:00:29,91282CKR1,TSRYS5802848,D,S,A,2024-05-16,2140000.00,4.501312,99.99609375
08:00:29,91282CKR1,TSRYS5802848,D,S,T,2024-05-16,1000000.00,4.497086,100.0078125
08:00:30,91282CKR1,TSRYS5802848,D,S,T,2024-05-16,1000000.00,4.502721,99.9921875
08:00:30,91282CKR1,TSRYS5802848,D,S,T,2024-05-16,1000000.00,4.503426,99.990234375
08:00:30,91282CKR1,TSRYS5802848,D,S,T,2024-05-16,1000000.00,4.498494,100.00390625
08:00:30,91282CKR1,TSRYS5802848,D,S,T,2024-05-16,1000000.00,4.493564,100.017578125
08:00:30,91282CKR1,TSRYS5802848,D,S,T,2024-05-16,1000000.00,4.493564,100.017578125
08:00:30,91282CKR1,TSRYS5802848,D,S,T,2024-05-16,1000000.00,4.49286,100.01953125
08:00:30,91282CKR1,TSRYS5802848,D,S,T,2024-05-16,1000000.00,4.48441,100.04296875
08:00:30,91282CKR1,TSRYS5802848,D,S,T,2024-05-16,1000000.00,4.490043,100.02734375
08:00:30,91282CKR1,TSRYS5802848,D,S,T,2024-05-16,2000000.00,4.488634,100.03125
08:00:30,91282CKR1,TSRYS5802848,D,S,T,2024-05-16,1000000.00,4.487226,100.03515625
08:00:30,91282CKR1,TSRYS5802848,D,S,T,2024-05-16,1000000.00,4.487226,100.03515625
08:00:30,91282CKR1,TSRYS5802848,D,S,T,2024-05-16,1000000.00,4.487226,100.03515625
08:00:30,91282CKR1,TSRYS5802848,D,S,T,2024-05-16,1000000.00,4.487226,100.03515625
08:00:30,91282CKR1,TSRYS5802848,D,S,T,2024-05-16,1000000.00,4.487226,100.03515625
08:00:30,91282CKR1,TSRYS5802848,D,S,T,2024-05-16,1000000.00,4.487226,100.03515625
08:00:30,91282CKR1,TSRYS5802848,D,S,T,2024-05-16,1000000.00,4.483706,100.044921875
08:00:30,91282CKR1,TSRYS5802848,D,S,T,2024-05-16,1000000.00,4.483706,100.044921875
08:00:30,91282CKR1,TSRYS5802848,D,S,T,2024-05-16,1000000.00,4.483706,100.044921875
08:00:30,91282CKR1,TSRYS5802848,D,S,T,2024-05-16,1000000.00,4.48441,100.04296875
08:00:30,91282CKR1,TSRYS5802848,D,S,T,2024-05-16,1000000.00,4.48441,100.04296875
08:00:30,91282CKR1,TSRYS5802848,D,S,T,2024-05-16,1000000.00,4.485114,100.041015625
08:00:30,91282CKR1,TSRYS5802848,D,S,T,2024-05-16,1000000.00,4.480186,100.0546875
08:00:30,91282CKR1,TSRYS5802848,D,S,T,2024-05-16,1000000.00,4.48441,100.04296875
08:00:30,91282CKR1,TSRYS5802848,D,S,T,2024-05-16,1000000.00,4.486522,100.037109375
08:00:30,91282CKR1,TSRYS5802848,D,S,T,2024-05-16,1000000.00,4.49286,100.01953125
08:00:30,91282CKR1,TSRYS5802848,D,S,T,2024-05-16,1000000.00,4.491451,100.0234375
08:00:30,91282CKR1,TSRYS5802848,D,S,T,2024-05-16,1000000.00,4.487226,100.03515625
08:00:30,91282CKR1,TSRYS5802848,D,S,T,2024-05-16,1000000.00,4.490043,100.02734375
08:00:30,91282CKR1,TSRYS5802848,D,S,T,2024-05-16,1000000.00,4.490043,100.02734375
08:00:30,91282CKR1,TSRYS5802848,D,S,T,2024-05-16,1000000.00,4.490043,100.02734375
08:00:30,91282CKR1,TSRYS5802848,D,S,T,2024-05-16,1000000.00,4.491451,100.0234375
08:00:30,91282CKR1,TSRYS5802848,D,S,T,2024-05-16,1000000.00,4.491451,100.0234375
08:00:30,91282CKR1,TSRYS5802848,D,S,T,2024-05-16,1000000.00,4.490747,100.025390625
08:00:30,91282CKR1,TSRYS5802848,D,S,T,2024-05-16,1000000.00,4.490747,100.025390625
08:00:30,91282CKR1,TSRYS5802848,D,S,T,2024-05-16,1000000.00,4.490043,100.02734375
08:00:30,91282CKR1,TSRYS5802848,D,S,T,2024-05-16,1000000.00,4.491451,100.0234375
08:00:30,91282CKR1,TSRYS5802848,D,S,T,2024-05-16,1000000.00,4.491451,100.0234375
08:00:30,91282CKR1,TSRYS5802848,D,S,T,2024-05-16,1000000.00,4.491451,100.0234375
08:00:30,91282CKR1,TSRYS5802848,D,S,T,2024-05-16,1000000.00,4.492155,100.021484375
08:00:30,91282CKR1,TSRYS5802848,D,S,T,2024-05-16,1000000.00,4.49286,100.01953125
08:00:30,91282CKR1,TSRYS5802848,D,S,T,2024-05-16,1000000.00,4.49286,100.01953125
08:00:30,91282CKR1,TSRYS5802848,D,S,T,2024-05-16,1000000.00,4.49286,100.01953125
08:00:30,91282CKR1,TSRYS5802848,D,S,T,2024-05-16,1000000.00,4.49286,100.01953125
08:00:30,91282CKR1,TSRYS5802848,D,S,T,2024-05-16,1000000.00,4.494268,100.015625
08:00:30,91282CKR1,TSRYS5802848,D,S,T,2024-05-16,1000000.00,4.497086,100.0078125
08:00:30,91282CKR1,TSRYS5802848,D,S,T,2024-05-16,1000000.00,4.497086,100.0078125
08:00:30,91282CKR1,TSRYS5802848,D,S,T,2024-05-16,1000000.00,4.497086,100.0078125
08:00:30,91282CKR1,TSRYS5802848,D,S,T,2024-05-16,1000000.00,4.495677,100.01171875
08:00:30,91282CKR1,TSRYS5802848,D,S,T,2024-05-16,1000000.00,4.494268,100.015625
08:00:30,91282CKR1,TSRYS5802848,D,S,T,2024-05-16,1000000.00,4.497086,100.0078125
08:00:33,91282CKR1,TSRYS5802848,D,S,T,2024-05-16,1000000.00,4.497086,100.0078125
08:00:33,91282CKR1,TSRYS5802848,D,S,T,2024-05-16,1000000.00,4.495677,100.01171875
08:00:33,91282CKR1,TSRYS5802848,D,S,T,2024-05-16,1000000.00,4.495677,100.01171875
08:00:33,91282CKR1,TSRYS5802848,D,S,T,2024-05-16,1000000.00,4.495677,100.01171875
08:00:33,91282CKR1,TSRYS5802848,D,S,T,2024-05-16,1000000.00,4.495677,100.01171875
08:00:33,91282CKR1,TSRYS5802848,D,S,T,2024-05-16,1000000.00,4.495677,100.01171875
08:00:33,91282CKR1,TSRYS5802848,D,S,T,2024-05-16,1000000.00,4.495677,100.01171875
08:00:33,91282CKR1,TSRYS5802848,D,S,T,2024-05-16,1000000.00,4.495677,100.01171875
08:00:33,91282CKR1,TSRYS5802848,D,S,T,2024-05-16,1000000.00,4.495677,100.01171875
08:00:33,91282CKR1,TSRYS5802848,D,S,T,2024-05-16,1000000.00,4.497086,100.0078125
08:00:33,91282CKR1,TSRYS5802848,D,S,T,2024-05-16,2000000.00,4.497086,100.0078125
08:00:33,91282CKR1,TSRYS5802848,D,S,T,2024-05-16,1000000.00,4.497086,100.0078125
08:00:33,91282CKR1,TSRYS5802848,D,S,T,2024-05-16,1000000.00,4.495677,100.01171875
08:00:33,91282CKR1,TSRYS5802848,D,S,T,2024-05-16,2000000.00,4.498494,100.00390625
08:00:33,91282CKR1,TSRYS5802848,D,S,T,2024-05-16,1000000.00,4.498494,100.00390625
08:00:33,91282CKR1,TSRYS5802848,D,S,T,2024-05-16,1000000.00,4.499903,100.0
08:00:33,91282CKR1,TSRYS5802848,D,S,T,2024-05-16,1000000.00,4.499903,100.0
08:00:33,91282CKR1,TSRYS5802848,D,S,T,2024-05-16,1000000.00,4.499903,100.0
08:00:33,91282CKR1,TSRYS5802848,D,S,T,2024-05-16,1000000.00,4.499903,100.0
08:00:33,91282CKR1,TSRYS5802848,D,S,T,2024-05-16,1000000.00,4.499903,100.0
08:00:33,91282CKR1,TSRYS5802848,D,S,T,2024-05-16,1000000.00,4.499903,100.0
08:00:33,91282CKR1,TSRYS5802848,D,S,T,2024-05-16,1000000.00,4.499903,100.0
08:00:33,91282CKR1,TSRYS5802848,D,S,T,2024-05-16,1000000.00,4.499903,100.0
08:00:33,91282CKR1,TSRYS5802848,D,S,T,2024-05-16,1000000.00,4.501312,99.99609375
08:00:33,91282CKR1,TSRYS5802848,D,S,T,2024-05-16,1000000.00,4.501312,99.99609375
08:00:33,91282CKR1,TSRYS5802848,D,S,T,2024-05-16,1000000.00,4.501312,99.99609375
08:00:33,91282CKR1,TSRYS5802848,D,S,T,2024-05-16,1000000.00,4.501312,99.99609375
08:00:33,91282CKR1,TSRYS5802848,D,S,T,2024-05-16,1000000.00,4.50413,99.98828125
08:00:33,91282CKR1,TSRYS5802848,D,S,T,2024-05-16,1000000.00,4.50413,99.98828125
08:00:33,91282CKR1,TSRYS5802848,D,S,T,2024-05-16,1000000.00,4.50413,99.98828125
08:00:33,91282CKR1,TSRYS5802848,D,S,T,2024-05-16,1000000.00,4.504835,99.986328125
08:00:33,91282CKR1,TSRYS5802848,D,S,T,2024-05-16,1000000.00,4.505539,99.984375
08:00:33,91282CKR1,TSRYS5802848,D,S,T,2024-05-16,1000000.00,4.50413,99.98828125
08:00:33,91282CKR1,TSRYS5802848,D,S,T,2024-05-16,1000000.00,4.502017,99.994140625
08:00:33,91282CKR1,TSRYS5802848,D,S,T,2024-05-16,1000000.00,4.506244,99.982421875
08:00:33,91282CKR1,TSRYS5802848,D,S,T,2024-05-16,1000000.00,4.506244,99.982421875
08:00:33,91282CKR1,TSRYS5802848,D,S,T,2024-05-16,1000000.00,4.508358,99.9765625
08:00:33,91282CKR1,TSRYS5802848,D,S,T,2024-05-16,1000000.00,4.510472,99.970703125
08:00:33,91282CKR1,TSRYS5802848,D,S,T,2024-05-16,1000000.00,4.5147,99.958984375
08:00:33,91282CKR1,TSRYS5802848,D,S,T,2024-05-16,1000000.00,4.513291,99.962890625
08:00:33,91282CKR1,TSRYS5802848,D,S,T,2024-05-16,2000000.00,4.512586,99.96484375
08:00:33,91282CKR1,TSRYS5802848,D,S,T,2024-05-16,1000000.00,4.512586,99.96484375
08:00:33,91282CKR1,TSRYS5802848,D,S,T,2024-05-16,1000000.00,4.513995,99.9609375
08:00:33,91282CKR1,TSRYS5802848,D,S,T,2024-05-16,1000000.00,4.509062,99.974609375
08:00:33,91282CKR1,TSRYS5802848,D,S,T,2024-05-16,1000000.00,4.509767,99.97265625
08:00:33,91282CKR1,TSRYS5802848,D,S,T,2024-05-16,1000000.00,4.509767,99.97265625
08:00:33,91282CKR1,TSRYS5802848,D,S,T,2024-05-16,1000000.00,4.509767,99.97265625
08:00:33,91282CKR1,TSRYS5802848,D,S,T,2024-05-16,1000000.00,4.509767,99.97265625
08:00:33,91282CKR1,TSRYS5802848,D,S,T,2024-05-16,1000000.00,4.502721,99.9921875
08:00:33,91282CKR1,TSRYS5802848,D,S,T,2024-05-16,1000000.00,4.502721,99.9921875
08:00:33,91282CKR1,TSRYS5802848,D,S,T,2024-05-16,1000000.00,4.502721,99.9921875
08:00:33,91282CKR1,TSRYS5802848,D,S,T,2024-05-16,1000000.00,4.501312,99.99609375
08:00:33,91282CKR1,TSRYS5802848,D,S,T,2024-05-16,1000000.00,4.501312,99.99609375
08:00:33,91282CKR1,TSRYS5802848,D,S,T,2024-05-16,1000000.00,4.500608,99.998046875
08:00:33,91282CKR1,TSRYS5802848,D,S,T,2024-05-16,1000000.00,4.500608,99.998046875
08:00:33,91282CKR1,TSRYS5802848,D,S,T,2024-05-16,2000000.00,4.500608,99.998046875
08:00:33,91282CKR1,TSRYS5802848,D,S,T,2024-05-16,2000000.00,4.500608,99.998046875
08:00:33,91282CKR1,TSRYS5802848,D,S,T,2024-05-16,1000000.00,4.501312,99.99609375
08:00:33,91282CKR1,TSRYS5802848,D,S,T,2024-05-16,1000000.00,4.501312,99.99609375
08:00:33,91282CKR1,TSRYS5802848,D,S,T,2024-05-16,1000000.00,4.501312,99.99609375
08:00:33,91282CKR1,TSRYS5802848,D,S,T,2024-05-16,1000000.00,4.50413,99.98828125
08:00:33,91282CKR1,TSRYS5802848,D,S,T,2024-05-16,1000000.00,4.505539,99.984375
08:00:33,91282CKR1,TSRYS5802848,D,S,T,2024-05-16,1000000.00,4.505539,99.984375
08:00:33,91282CKR1,TSRYS5802848,D,S,T,2024-05-16,1000000.00,4.50413,99.98828125
08:00:33,91282CKR1,TSRYS5802848,D,S,T,2024-05-16,1000000.00,4.503426,99.990234375
08:00:33,91282CKR1,TSRYS5802848,D,S,T,2024-05-16,1000000.00,4.50413,99.98828125
08:00:33,91282CKR1,TSRYS5802848,D,S,T,2024-05-16,1000000.00,4.50413,99.98828125
08:00:33,91282CKR1,TSRYS5802848,D,S,T,2024-05-16,1000000.00,4.50413,99.98828125
08:00:33,91282CKR1,TSRYS5802848,D,S,T,2024-05-16,2000000.00,4.504835,99.986328125
08:00:33,91282CKR1,TSRYS5802848,D,S,T,2024-05-16,1000000.00,4.50413,99.98828125
08:00:33,91282CKR1,TSRYS5802848,D,S,T,2024-05-16,1000000.00,4.50413,99.98828125
08:00:33,91282CKR1,TSRYS5802848,D,S,T,2024-05-16,2000000.00,4.50413,99.98828125
08:00:33,91282CKR1,TSRYS5802848,D,S,T,2024-05-16,1000000.00,4.509767,99.97265625
08:00:33,91282CKR1,TSRYS5802848,D,S,T,2024-05-16,1000000.00,4.509767,99.97265625
08:00:33,91282CKR1,TSRYS5802848,D,S,T,2024-05-16,1000000.00,4.510472,99.970703125
08:00:33,91282CKR1,TSRYS5802848,D,S,T,2024-05-16,1000000.00,4.510472,99.970703125
08:00:33,91282CKR1,TSRYS5802848,D,S,T,2024-05-16,1000000.00,4.510472,99.970703125
08:00:33,91282CKR1,TSRYS5802848,D,S,T,2024-05-16,1000000.00,4.511176,99.96875
08:00:33,91282CKR1,TSRYS5802848,D,S,T,2024-05-16,1000000.00,4.511176,99.96875
08:00:33,91282CKR1,TSRYS5802848,D,S,T,2024-05-16,1000000.00,4.511176,99.96875
08:00:33,91282CKR1,TSRYS5802848,D,S,T,2024-05-16,1000000.00,4.513291,99.962890625
08:00:33,91282CKR1,TSRYS5802848,D,S,T,2024-05-16,2000000.00,4.512586,99.96484375
08:00:33,91282CKR1,TSRYS5802848,D,S,T,2024-05-16,1000000.00,4.515405,99.95703125
08:00:33,91282CKR1,TSRYS5802848,D,S,T,2024-05-16,1000000.00,4.515405,99.95703125
08:00:33,91282CKR1,TSRYS5802848,D,S,T,2024-05-16,1000000.00,4.513995,99.9609375
08:00:33,91282CKR1,TSRYS5802848,D,S,T,2024-05-16,1000000.00,4.515405,99.95703125
08:00:33,91282CKR1,TSRYS5802848,D,S,T,2024-05-16,1000000.00,4.515405,99.95703125
08:00:33,91282CKR1,TSRYS5802848,D,S,T,2024-05-16,1000000.00,4.515405,99.95703125
08:00:33,91282CKR1,TSRYS5802848,D,S,T,2024-05-16,2000000.00,4.516815,99.953125
08:00:33,91282CKR1,TSRYS5802848,D,S,T,2024-05-16,1000000.00,4.516815,99.953125
08:00:33,91282CKR1,TSRYS5802848,D,S,T,2024-05-16,1000000.00,4.516815,99.953125
08:00:33,91282CKR1,TSRYS5802848,D,S,T,2024-05-16,1000000.00,4.516815,99.953125
08:00:33,91282CKR1,TSRYS5802848,D,S,T,2024-05-16,1000000.00,4.516815,99.953125
08:00:33,91282CKR1,TSRYS5802848,D,S,T,2024-05-16,1000000.00,4.516815,99.953125
08:00:33,91282CKR1,TSRYS5802848,D,S,T,2024-05-16,1000000.00,4.516815,99.953125
08:00:33,91282CKR1,TSRYS5802848,D,S,T,2024-05-16,1000000.00,4.516815,99.953125
08:00:33,91282CKR1,TSRYS5802848,D,S,T,2024-05-16,1000000.00,4.516815,99.953125
08:00:33,91282CKR1,TSRYS5802848,D,S,T,2024-05-16,1000000.00,4.516815,99.953125
08:00:33,91282CKR1,TSRYS5802848,D,S,T,2024-05-16,1000000.00,4.516815,99.953125
08:00:33,91282CKR1,TSRYS5802848,D,S,T,2024-05-16,1000000.00,4.516815,99.953125
08:00:33,91282CKR1,TSRYS5802848,D,S,T,2024-05-16,3000000.00,4.516815,99.953125
08:00:33,91282CKR1,TSRYS5802848,D,S,T,2024-05-16,1000000.00,4.516815,99.953125
08:00:33,91282CKR1,TSRYS5802848,D,S,T,2024-05-16,2000000.00,4.516815,99.953125
08:00:33,91282CKR1,TSRYS5802848,D,S,T,2024-05-16,1000000.00,4.516815,99.953125
08:00:33,91282CKR1,TSRYS5802848,D,S,T,2024-05-16,1000000.00,4.519634,99.9453125
08:00:33,91282CKR1,TSRYS5802848,D,S,T,2024-05-16,1000000.00,4.519634,99.9453125
08:00:33,91282CKR1,TSRYS5802848,D,S,T,2024-05-16,1000000.00,4.518224,99.94921875
08:00:33,91282CKR1,TSRYS5802848,D,S,T,2024-05-16,1000000.00,4.515405,99.95703125
08:00:33,91282CKR1,TSRYS5802848,D,S,T,2024-05-16,1000000.00,4.5147,99.958984375
08:00:33,91282CKR1,TSRYS5802848,D,S,T,2024-05-16,1000000.00,4.513995,99.9609375
08:00:33,91282CKR1,TSRYS5802848,D,S,T,2024-05-16,1000000.00,4.512586,99.96484375
08:00:33,91282CKR1,TSRYS5802848,D,S,T,2024-05-16,1000000.00,4.512586,99.96484375
08:00:33,91282CKR1,TSRYS5802848,D,S,T,2024-05-16,1000000.00,4.512586,99.96484375
08:00:33,91282CKR1,TSRYS5802848,D,S,T,2024-05-16,1000000.00,4.511176,99.96875
08:00:33,91282CKR1,TSRYS5802848,D,S,T,2024-05-16,1000000.00,4.511176,99.96875
08:00:33,91282CKR1,TSRYS5802848,D,S,T,2024-05-16,1000000.00,4.511881,99.966796875
08:00:33,91282CKR1,TSRYS5802848,D,S,T,2024-05-16,2000000.00,4.511881,99.966796875
08:00:33,91282CKR1,TSRYS5802848,D,S,T,2024-05-16,2000000.00,4.512586,99.96484375
08:00:33,91282CKR1,TSRYS5802848,D,S,T,2024-05-16,2000000.00,4.512586,99.96484375
08:00:33,91282CKR1,TSRYS5802848,D,S,T,2024-05-16,2000000.00,4.51611,99.955078125
08:00:33,91282CKR1,TSRYS5802848,D,S,T,2024-05-16,2000000.00,4.516815,99.953125
08:00:33,91282CKR1,TSRYS5802848,D,S,T,2024-05-16,1000000.00,4.520339,99.943359375
08:00:33,91282CKR1,TSRYS5802848,D,S,T,2024-05-16,1000000.00,4.521044,99.94140625
08:00:33,91282CKR1,TSRYS5802848,D,S,T,2024-05-16,1000000.00,4.521044,99.94140625
08:00:33,91282CKR1,TSRYS5802848,D,S,T,2024-05-16,1000000.00,4.522454,99.9375
08:00:33,91282CKR1,TSRYS5802848,D,S,T,2024-05-16,1000000.00,4.522454,99.9375
08:00:33,91282CKR1,TSRYS5802848,D,S,T,2024-05-16,1000000.00,4.522454,99.9375
08:00:33,91282CKR1,TSRYS5802848,D,S,T,2024-05-16,2000000.00,4.522454,99.9375
08:00:33,91282CKR1,TSRYS5802848,D,S,T,2024-05-16,1000000.00,4.522454,99.9375
08:00:33,91282CKR1,TSRYS5802848,D,S,T,2024-05-16,1000000.00,4.522454,99.9375
08:00:33,91282CKR1,TSRYS5802848,D,S,T,2024-05-16,1000000.00,4.522454,99.9375
08:00:33,91282CKR1,TSRYS5802848,D,S,T,2024-05-16,1000000.00,4.522454,99.9375
08:00:33,91282CKR1,TSRYS5802848,D,S,T,2024-05-16,1000000.00,4.522454,99.9375
08:00:33,91282CKR1,TSRYS5802848,D,S,T,2024-05-16,1000000.00,4.522454,99.9375
08:00:33,91282CKR1,TSRYS5802848,D,S,T,2024-05-16,1000000.00,4.522454,99.9375
08:00:33,91282CKR1,TSRYS5802848,D,S,T,2024-05-16,1000000.00,4.522454,99.9375
08:00:33,91282CKR1,TSRYS5802848,D,S,T,2024-05-16,3000000.00,4.525274,99.9296875
08:00:33,91282CKR1,TSRYS5802848,D,S,T,2024-05-16,1000000.00,4.525274,99.9296875
08:00:33,91282CKR1,TSRYS5802848,D,S,T,2024-05-16,1000000.00,4.528094,99.921875
08:00:33,91282CKR1,TSRYS5802848,D,S,T,2024-05-16,1000000.00,4.528094,99.921875
08:00:33,91282CKR1,TSRYS5802848,D,S,T,2024-05-16,1000000.00,4.528094,99.921875
08:00:33,91282CKR1,TSRYS5802848,D,S,T,2024-05-16,1000000.00,4.528094,99.921875
08:00:33,91282CKR1,TSRYS5802848,D,S,T,2024-05-16,2000000.00,4.530209,99.916015625
08:00:33,91282CKR1,TSRYS5802848,D,S,T,2024-05-16,1000000.00,4.53162,99.912109375
08:00:33,91282CKR1,TSRYS5802848,D,S,T,2024-05-16,2000000.00,4.53162,99.912109375
08:00:33,91282CKR1,TSRYS5802848,D,S,T,2024-05-16,1000000.00,4.53162,99.912109375
08:00:33,91282CKR1,TSRYS5802848,D,S,T,2024-05-16,1000000.00,4.530915,99.9140625
08:00:33,91282CKR1,TSRYS5802848,D,S,T,2024-05-16,1000000.00,4.530915,99.9140625
08:00:33,91282CKR1,TSRYS5802848,D,S,T,2024-05-16,1000000.00,4.53162,99.912109375
08:00:33,91282CKR1,TSRYS5802848,D,S,T,2024-05-16,1000000.00,4.53162,99.912109375
08:00:33,91282CKR1,TSRYS5802848,D,S,T,2024-05-16,1000000.00,4.525274,99.9296875
08:00:33,91282CKR1,TSRYS5802848,D,S,T,2024-05-16,1000000.00,4.525274,99.9296875
08:00:33,91282CKR1,TSRYS5802848,D,S,T,2024-05-16,1000000.00,4.525274,99.9296875
08:00:33,91282CKR1,TSRYS5802848,D,S,T,2024-05-16,2000000.00,4.525274,99.9296875
08:00:33,91282CKR1,TSRYS5802848,D,S,T,2024-05-16,1000000.00,4.523864,99.93359375
08:00:33,91282CKR1,TSRYS5802848,D,S,T,2024-05-16,2000000.00,4.523864,99.93359375
08:00:33,91282CKR1,TSRYS5802848,D,S,T,2024-05-16,2000000.00,4.523864,99.93359375
08:00:33,91282CKR1,TSRYS5802848,D,S,T,2024-05-16,1000000.00,4.523864,99.93359375
08:00:33,91282CKR1,TSRYS5802848,D,S,T,2024-05-16,1000000.00,4.523864,99.93359375
08:00:33,91282CKR1,TSRYS5802848,D,S,T,2024-05-16,1000000.00,4.523864,99.93359375
08:00:33,91282CKR1,TSRYS5802848,D,S,T,2024-05-16,2000000.00,4.523864,99.93359375
08:00:33,91282CKR1,TSRYS5802848,D,S,T,2024-05-16,2000000.00,4.523864,99.93359375
08:00:33,91282CKR1,TSRYS5802848,D,S,T,2024-05-16,1000000.00,4.523864,99.93359375
08:00:33,91282CKR1,TSRYS5802848,D,S,T,2024-05-16,1000000.00,4.523864,99.93359375
08:00:33,91282CKR1,TSRYS5802848,D,S,T,2024-05-16,2000000.00,4.523864,99.93359375
08:00:33,91282CKR1,TSRYS5802848,D,S,T,2024-05-16,1000000.00,4.522454,99.9375
08:00:33,91282CKR1,TSRYS5802848,D,S,T,2024-05-16,1000000.00,4.522454,99.9375
08:00:33,91282CKR1,TSRYS5802848,D,S,T,2024-05-16,1000000.00,4.518224,99.94921875
08:00:33,91282CKR1,TSRYS5802848,D,S,T,2024-05-16,1000000.00,4.518224,99.94921875
08:00:33,91282CKR1,TSRYS5802848,D,S,T,2024-05-16,2000000.00,4.518224,99.94921875
08:00:33,91282CKR1,TSRYS5802848,D,S,T,2024-05-16,1000000.00,4.516815,99.953125
08:00:33,91282CKR1,TSRYS5802848,D,S,T,2024-05-16,2000000.00,4.516815,99.953125
08:00:33,91282CKR1,TSRYS5802848,D,S,T,2024-05-16,1000000.00,4.515405,99.95703125
08:00:33,91282CKR1,TSRYS5802848,D,S,T,2024-05-16,3000000.00,4.515405,99.95703125
08:00:33,91282CKR1,TSRYS5802848,D,S,T,2024-05-16,1000000.00,4.515405,99.95703125
08:00:33,91282CKR1,TSRYS5802848,D,S,T,2024-05-16,1000000.00,4.518224,99.94921875
08:00:33,91282CKR1,TSRYS5802848,D,S,T,2024-05-16,2000000.00,4.518224,99.94921875
08:00:33,91282CKR1,TSRYS5802848,D,S,D,2024-05-16,1000000.00,4.497086,100.0078125
08:00:33,91282CKR1,TSRYS5802848,D,S,D,2024-05-16,1000000.00,4.498494,100.00390625
08:00:33,91282CKR1,TSRYS5802848,D,S,D,2024-05-16,1000000.00,4.498494,100.00390625
08:00:33,91282CKR1,TSRYS5802848,D,S,D,2024-05-16,1000000.00,4.501312,99.99609375
08:00:33,91282CKR1,TSRYS5802848,D,S,D,2024-05-16,1000000.00,4.509767,99.97265625
08:00:33,91282CKR1,TSRYS5802848,D,S,D,2024-05-16,2000000.00,4.501312,99.99609375
08:00:33,91282CKR1,TSRYS5802848,D,S,D,2024-05-16,2000000.00,4.501312,99.99609375
08:00:33,91282CKR1,TSRYS5802848,D,S,D,2024-05-16,2000000.00,4.501312,99.99609375
08:00:33,91282CKR1,TSRYS5802848,D,S,D,2024-05-16,1000000.00,4.50413,99.98828125
08:00:33,91282CKR1,TSRYS5802848,D,S,D,2024-05-16,2000000.00,4.511176,99.96875
08:00:33,91282CKR1,TSRYS5802848,D,S,D,2024-05-16,2000000.00,4.516815,99.953125
08:00:33,91282CKR1,TSRYS5802848,D,S,D,2024-05-16,2000000.00,4.517519,99.951171875
08:00:33,91282CKR1,TSRYS5802848,D,S,D,2024-05-16,1000000.00,4.517519,99.951171875
08:00:33,91282CKR1,TSRYS5802848,D,S,D,2024-05-16,1000000.00,4.517519,99.951171875
08:00:33,91282CKR1,TSRYS5802848,D,S,D,2024-05-16,2000000.00,4.518929,99.947265625
08:00:33,91282CKR1,TSRYS5802848,D,S,D,2024-05-16,2000000.00,4.519634,99.9453125
08:00:33,91282CKR1,TSRYS5802848,D,S,D,2024-05-16,2000000.00,4.530209,99.916015625
08:00:33,91282CKR1,TSRYS5802848,D,S,D,2024-05-16,1000000.00,4.528094,99.921875
08:00:33,91282CKR1,TSRYS5802848,D,S,D,2024-05-16,1000000.00,4.528094,99.921875
08:00:33,91282CKR1,TSRYS5802848,D,S,D,2024-05-16,1000000.00,4.528094,99.921875
08:00:33,91282CKR1,TSRYS5802848,D,S,D,2024-05-16,1000000.00,4.528094,99.921875
08:00:33,91282CKR1,TSRYS5802848,D,S,D,2024-05-16,1000000.00,4.524569,99.931640625
08:00:33,91282CKR1,TSRYS5802848,D,S,D,2024-05-16,1000000.00,4.524569,99.931640625
08:00:33,91282CKR1,TSRYS5802848,D,S,D,2024-05-16,1000000.00,4.524569,99.931640625
08:00:33,91282CKR1,TSRYS5802848,D,S,D,2024-05-16,1000000.00,4.524569,99.931640625
08:00:33,91282CKR1,TSRYS5802848,D,S,D,2024-05-16,2000000.00,4.523159,99.935546875
08:00:33,91282CKR1,TSRYS5802848,D,S,D,2024-05-16,1000000.00,4.523159,99.935546875
08:00:33,91282CKR1,TSRYS5802848,D,S,D,2024-05-16,1000000.00,4.523159,99.935546875
08:00:33,91282CKR1,TSRYS5802848,D,S,D,2024-05-16,1000000.00,4.480186,100.0546875
08:00:33,91282CKR1,TSRYS5802848,D,S,D,2024-05-16,1000000.00,4.480186,100.0546875
08:00:33,91282CKR1,TSRYS5802848,D,S,D,2024-05-16,1000000.00,4.480186,100.0546875
08:00:33,91282CKR1,TSRYS5802848,D,S,D,2024-05-16,1000000.00,4.480186,100.0546875
08:00:33,91282CKR1,TSRYS5802848,D,S,D,2024-05-16,1000000.00,4.5147,99.958984375
08:00:33,91282CKR1,TSRYS5802848,D,S,D,2024-05-16,2000000.00,4.51611,99.955078125
08:00:33,91282CKR1,TSRYS5802848,D,S,D,2024-05-16,2000000.00,4.51611,99.955078125
08:00:33,91282CKR1,TSRYS5802848,D,S,D,2024-05-16,1000000.00,4.516815,99.953125
08:00:33,91282CKR1,TSRYS5802848,D,S,D,2024-05-16,2000000.00,4.516815,99.953125
08:00:33,91282CKR1,TSRYS5802848,D,S,D,2024-05-16,1000000.00,4.516815,99.953125
08:00:33,91282CKR1,TSRYS5802848,D,S,D,2024-05-16,2000000.00,4.517519,99.951171875
08:00:33,91282CKR1,TSRYS5802848,D,S,D,2024-05-16,2000000.00,4.517519,99.951171875
08:00:33,91282CKR1,TSRYS5802848,D,S,D,2024-05-16,2000000.00,4.517519,99.951171875
08:00:33,91282CKR1,TSRYS5802848,D,S,D,2024-05-16,2000000.00,4.517519,99.951171875
08:00:33,91282CKR1,TSRYS5802848,D,S,D,2024-05-16,2000000.00,4.517519,99.951171875
08:00:33,91282CKR1,TSRYS5802848,D,S,D,2024-05-16,2000000.00,4.517519,99.951171875
08:00:33,91282CKR1,TSRYS5802848,D,S,D,2024-05-16,2000000.00,4.517519,99.951171875
08:00:33,91282CKR1,TSRYS5802848,D,S,D,2024-05-16,1000000.00,4.51611,99.955078125
08:00:33,91282CKR1,TSRYS5802848,D,S,D,2024-05-16,2000000.00,4.51611,99.955078125
08:00:33,91282CKR1,TSRYS5802848,D,S,D,2024-05-16,1000000.00,4.51611,99.955078125
08:00:33,91282CKR1,TSRYS5802848,D,S,D,2024-05-16,2000000.00,4.518929,99.947265625
08:00:33,91282CKR1,TSRYS5802848,D,S,D,2024-05-16,2000000.00,4.518929,99.947265625
08:00:33,91282CKR1,TSRYS5802848,D,S,D,2024-05-16,2000000.00,4.518929,99.947265625
08:00:33,91282CKR1,TSRYS5802848,D,S,D,2024-05-16,2000000.00,4.518929,99.947265625
08:00:33,91282CKR1,TSRYS5802848,D,S,D,2024-05-16,2000000.00,4.518929,99.947265625
08:00:33,91282CKR1,TSRYS5802848,D,S,D,2024-05-16,2000000.00,4.519634,99.9453125
08:00:33,91282CKR1,TSRYS5802848,D,S,D,2024-05-16,3000000.00,4.519634,99.9453125
08:00:33,91282CKR1,TSRYS5802848,D,S,D,2024-05-16,3000000.00,4.519634,99.9453125
08:00:33,91282CKR1,TSRYS5802848,D,S,D,2024-05-16,2000000.00,4.519634,99.9453125
08:00:33,91282CKR1,TSRYS5802848,D,S,D,2024-05-16,1000000.00,4.518224,99.94921875
08:00:33,91282CKR1,TSRYS5802848,D,S,D,2024-05-16,1000000.00,4.518224,99.94921875
08:00:33,91282CKR1,TSRYS5802848,D,S,D,2024-05-16,1000000.00,4.517519,99.951171875
08:00:33,91282CKR1,TSRYS5802848,D,S,D,2024-05-16,1000000.00,4.516815,99.953125
08:00:33,91282CKR1,TSRYS5802848,D,S,D,2024-05-16,1000000.00,4.516815,99.953125
08:00:33,91282CKR1,TSRYS5802848,D,S,D,2024-05-16,1000000.00,4.528094,99.921875
08:00:33,91282CKR1,TSRYS5802848,D,S,D,2024-05-16,1000000.00,4.528094,99.921875
08:00:33,91282CKR1,TSRYS5802848,D,S,D,2024-05-16,1000000.00,4.528094,99.921875
08:00:33,91282CKR1,TSRYS5802848,D,S,D,2024-05-16,1000000.00,4.528094,99.921875
08:00:33,91282CKR1,TSRYS5802848,D,S,D,2024-05-16,1000000.00,4.524569,99.931640625
08:00:33,91282CKR1,TSRYS5802848,D,S,D,2024-05-16,1000000.00,4.524569,99.931640625
08:00:33,91282CKR1,TSRYS5802848,D,S,D,2024-05-16,2000000.00,4.524569,99.931640625
08:00:33,91282CKR1,TSRYS5802848,D,S,D,2024-05-16,2000000.00,4.524569,99.931640625
08:00:33,91282CKR1,TSRYS5802848,D,S,D,2024-05-16,2000000.00,4.524569,99.931640625
08:00:33,91282CKR1,TSRYS5802848,D,S,D,2024-05-16,1000000.00,4.524569,99.931640625
08:00:33,91282CKR1,TSRYS5802848,D,S,D,2024-05-16,1000000.00,4.523864,99.93359375
08:00:33,91282CKR1,TSRYS5802848,D,S,D,2024-05-16,1000000.00,4.523864,99.93359375
08:00:33,91282CKR1,TSRYS5802848,D,S,D,2024-05-16,1000000.00,4.523864,99.93359375
08:00:33,91282CKR1,TSRYS5802848,D,S,D,2024-05-16,1000000.00,4.523864,99.93359375
08:00:33,91282CKR1,TSRYS5802848,D,S,D,2024-05-16,2000000.00,4.523159,99.935546875
08:00:33,91282CKR1,TSRYS5802848,D,S,D,2024-05-16,2000000.00,4.523159,99.935546875
08:00:33,91282CKR1,TSRYS5802848,D,S,D,2024-05-16,1000000.00,4.523159,99.935546875
08:00:33,91282CKR1,TSRYS5802848,D,S,D,2024-05-16,1000000.00,4.523159,99.935546875
08:00:33,91282CKR1,TSRYS5802848,D,S,D,2024-05-16,1000000.00,4.523159,99.935546875
08:00:33,91282CKR1,TSRYS5802848,D,S,D,2024-05-16,1000000.00,4.523159,99.935546875
08:00:33,91282CKR1,TSRYS5802848,D,S,D,2024-05-16,2000000.00,4.521749,99.939453125
08:00:33,91282CKR1,TSRYS5802848,D,S,D,2024-05-16,1000000.00,4.516815,99.953125
08:00:33,91282CKR1,TSRYS5802848,D,S,D,2024-05-16,2000000.00,4.516815,99.953125
08:00:33,91282CKR1,TSRYS5802848,D,S,D,2024-05-16,1000000.00,4.51611,99.955078125
08:00:33,91282CKR1,TSRYS5802848,D,S,T,2024-05-16,2000000.00,4.487226,100.03515625
08:00:33,91282CKR1,TSRYS5802848,D,S,T,2024-05-16,1000000.00,4.487226,100.03515625
08:00:33,91282CKR1,TSRYS5802848,D,S,T,2024-05-16,1000000.00,4.480186,100.0546875
08:00:33,91282CKR1,TSRYS5802848,D,S,T,2024-05-16,1000000.00,4.486522,100.037109375
08:00:33,91282CKR1,TSRYS5802848,D,S,T,2024-05-16,1000000.00,4.486522,100.037109375
08:00:33,91282CKR1,TSRYS5802848,D,S,T,2024-05-16,1000000.00,4.497086,100.0078125
08:00:33,91282CKR1,TSRYS5802848,D,S,T,2024-05-16,1000000.00,4.501312,99.99609375
08:00:33,91282CKR1,TSRYS5802848,D,S,T,2024-05-16,1000000.00,4.512586,99.96484375
08:00:33,91282CKR1,TSRYS5802848,D,S,T,2024-05-16,2000000.00,4.512586,99.96484375
08:00:33,91282CKR1,TSRYS5802848,D,S,T,2024-05-16,1000000.00,4.512586,99.96484375
08:00:33,91282CKR1,TSRYS5802848,D,S,T,2024-05-16,1000000.00,4.509062,99.974609375
08:00:33,91282CKR1,TSRYS5802848,D,S,T,2024-05-16,1000000.00,4.509767,99.97265625
08:00:33,91282CKR1,TSRYS5802848,D,S,T,2024-05-16,1000000.00,4.509767,99.97265625
08:00:33,91282CKR1,TSRYS5802848,D,S,T,2024-05-16,2000000.00,4.500608,99.998046875
08:00:33,91282CKR1,TSRYS5802848,D,S,T,2024-05-16,2000000.00,4.500608,99.998046875
08:00:33,91282CKR1,TSRYS5802848,D,S,T,2024-05-16,1000000.00,4.501312,99.99609375
08:00:33,91282CKR1,TSRYS5802848,D,S,T,2024-05-16,1000000.00,4.505539,99.984375
08:00:33,91282CKR1,TSRYS5802848,D,S,T,2024-05-16,1000000.00,4.505539,99.984375
08:00:33,91282CKR1,TSRYS5802848,D,S,T,2024-05-16,1000000.00,4.505539,99.984375
08:00:33,91282CKR1,TSRYS5802848,D,S,T,2024-05-16,2000000.00,4.50413,99.98828125
08:00:33,91282CKR1,TSRYS5802848,D,S,T,2024-05-16,5000000.00,4.50413,99.98828125
08:00:33,91282CKR1,TSRYS5802848,D,S,T,2024-05-16,2000000.00,4.50413,99.98828125
08:00:33,91282CKR1,TSRYS5802848,D,S,T,2024-05-16,2000000.00,4.512586,99.96484375
08:00:33,91282CKR1,TSRYS5802848,D,S,T,2024-05-16,2000000.00,4.512586,99.96484375
08:00:33,91282CKR1,TSRYS5802848,D,S,T,2024-05-16,1000000.00,4.512586,99.96484375
08:00:33,91282CKR1,TSRYS5802848,D,S,T,2024-05-16,2000000.00,4.5147,99.958984375
08:00:33,91282CKR1,TSRYS5802848,D,S,T,2024-05-16,2000000.00,4.517519,99.951171875
08:00:33,91282CKR1,TSRYS5802848,D,S,T,2024-05-16,2000000.00,4.517519,99.951171875
08:00:33,91282CKR1,TSRYS5802848,D,S,T,2024-05-16,2000000.00,4.517519,99.951171875
08:00:33,91282CKR1,TSRYS5802848,D,S,T,2024-05-16,2000000.00,4.517519,99.951171875
08:00:33,91282CKR1,TSRYS5802848,D,S,T,2024-05-16,2000000.00,4.516815,99.953125
08:00:33,91282CKR1,TSRYS5802848,D,S,T,2024-05-16,2000000.00,4.516815,99.953125
08:00:33,91282CKR1,TSRYS5802848,D,S,T,2024-05-16,1000000.00,4.519634,99.9453125
08:00:33,91282CKR1,TSRYS5802848,D,S,T,2024-05-16,1000000.00,4.519634,99.9453125
08:00:33,91282CKR1,TSRYS5802848,D,S,T,2024-05-16,1000000.00,4.519634,99.9453125
08:00:33,91282CKR1,TSRYS5802848,D,S,T,2024-05-16,1000000.00,4.519634,99.9453125
08:00:33,91282CKR1,TSRYS5802848,D,S,T,2024-05-16,2000000.00,4.519634,99.9453125
08:00:33,91282CKR1,TSRYS5802848,D,S,T,2024-05-16,2000000.00,4.5147,99.958984375
08:00:33,91282CKR1,TSRYS5802848,D,S,T,2024-05-16,2000000.00,4.5147,99.958984375
08:00:33,91282CKR1,TSRYS5802848,D,S,T,2024-05-16,2000000.00,4.511176,99.96875
08:00:33,91282CKR1,TSRYS5802848,D,S,T,2024-05-16,1000000.00,4.511881,99.966796875
08:00:33,91282CKR1,TSRYS5802848,D,S,T,2024-05-16,2000000.00,4.511881,99.966796875
08:00:33,91282CKR1,TSRYS5802848,D,S,T,2024-05-16,1000000.00,4.511881,99.966796875
08:00:33,91282CKR1,TSRYS5802848,D,S,T,2024-05-16,2000000.00,4.522454,99.9375
08:00:33,91282CKR1,TSRYS5802848,D,S,T,2024-05-16,2000000.00,4.522454,99.9375
08:00:33,91282CKR1,TSRYS5802848,D,S,T,2024-05-16,1000000.00,4.528094,99.921875
08:00:33,91282CKR1,TSRYS5802848,D,S,T,2024-05-16,1000000.00,4.528094,99.921875
08:00:33,91282CKR1,TSRYS5802848,D,S,T,2024-05-16,2000000.00,4.532325,99.91015625
08:00:33,91282CKR1,TSRYS5802848,D,S,T,2024-05-16,1000000.00,4.532325,99.91015625
08:00:33,91282CKR1,TSRYS5802848,D,S,T,2024-05-16,1000000.00,4.532325,99.91015625
08:00:33,91282CKR1,TSRYS5802848,D,S,T,2024-05-16,2000000.00,4.532325,99.91015625
08:00:33,91282CKR1,TSRYS5802848,D,S,T,2024-05-16,1000000.00,4.532325,99.91015625
08:00:33,91282CKR1,TSRYS5802848,D,S,T,2024-05-16,1000000.00,4.528094,99.921875
08:00:33,91282CKR1,TSRYS5802848,D,S,T,2024-05-16,1000000.00,4.528094,99.921875
08:00:33,91282CKR1,TSRYS5802848,D,S,T,2024-05-16,2000000.00,4.523864,99.93359375
08:00:33,91282CKR1,TSRYS5802848,D,S,T,2024-05-16,2000000.00,4.525274,99.9296875
08:00:33,91282CKR1,TSRYS5802848,D,S,T,2024-05-16,2000000.00,4.524569,99.931640625
08:00:33,91282CKR1,TSRYS5802848,D,S,T,2024-05-16,2000000.00,4.524569,99.931640625
08:00:33,91282CKR1,TSRYS5802848,D,S,T,2024-05-16,1000000.00,4.524569,99.931640625
08:00:33,91282CKR1,TSRYS5802848,D,S,T,2024-05-16,1000000.00,4.524569,99.931640625
08:00:33,91282CKR1,TSRYS5802848,D,S,T,2024-05-16,2000000.00,4.524569,99.931640625
08:00:33,91282CKR1,TSRYS5802848,D,S,T,2024-05-16,1000000.00,4.523864,99.93359375
08:00:33,91282CKR1,TSRYS5802848,D,S,T,2024-05-16,2000000.00,4.523864,99.93359375
08:00:33,91282CKR1,TSRYS5802848,D,S,T,2024-05-16,3000000.00,4.522454,99.9375
08:00:33,91282CKR1,TSRYS5802848,D,S,T,2024-05-16,1000000.00,4.523159,99.935546875
08:00:33,91282CKR1,TSRYS5802848,D,S,T,2024-05-16,1000000.00,4.523159,99.935546875
08:00:33,91282CKR1,TSRYS5802848,D,S,T,2024-05-16,1000000.00,4.523159,99.935546875
08:00:33,91282CKR1,TSRYS5802848,D,S,T,2024-05-16,1000000.00,4.523159,99.935546875
08:00:33,91282CKR1,TSRYS5802848,D,S,T,2024-05-16,1000000.00,4.523159,99.935546875
08:00:33,91282CKR1,TSRYS5802848,D,S,T,2024-05-16,1000000.00,4.523159,99.935546875
08:00:33,91282CKR1,TSRYS5802848,D,S,T,2024-05-16,2000000.00,4.523159,99.935546875
08:00:33,91282CKR1,TSRYS5802848,D,S,T,2024-05-16,2000000.00,4.518929,99.947265625
08:00:33,91282CKR1,TSRYS5802848,D,S,T,2024-05-16,2000000.00,4.51611,99.955078125
08:00:33,91282CKR1,TSRYS5802848,D,S,T,2024-05-16,1000000.00,4.498494,100.00390625
08:00:33,91282CKR1,TSRYS5802848,D,S,D,2024-05-16,1000000.00,4.488634,100.03125
08:00:33,91282CKR1,TSRYS5802848,D,S,D,2024-05-16,1000000.00,4.488634,100.03125
08:00:37,91282CKR1,TSRYS5802848,D,S,T,2024-05-16,1000000.00,4.488634,100.03125
08:00:37,91282CKR1,TSRYS5802848,D,S,T,2024-05-16,1000000.00,4.513995,99.9609375
08:00:37,91282CKR1,TSRYS5802848,D,S,T,2024-05-16,1000000.00,4.523864,99.93359375
08:00:37,91282CKR1,TSRYS5802848,D,S,T,2024-05-16,1000000.00,4.488634,100.03125
08:00:37,91282CKR1,TSRYS5802848,D,S,T,2024-05-16,1000000.00,4.488634,100.03125
08:00:37,91282CKR1,TSRYS5802848,D,S,T,2024-05-16,1000000.00,4.488634,100.03125
08:00:37,91282CKR1,TSRYS5802848,D,S,T,2024-05-16,1000000.00,4.495677,100.01171875
08:00:37,91282CKR1,TSRYS5802848,D,S,T,2024-05-16,1000000.00,4.495677,100.01171875
08:00:37,91282CKR1,TSRYS5802848,D,S,T,2024-05-16,1000000.00,4.513995,99.9609375
08:00:37,91282CKR1,TSRYS5802848,D,B,C,2024-05-16,1000000.00,4.506948,99.98046875
08:00:37,91282CKR1,TSRYS5802848,D,S,T,2024-05-16,1000000.00,4.516815,99.953125
08:00:37,91282CKR1,TSRYS5802848,D,S,T,2024-05-16,1000000.00,4.516815,99.953125
08:00:37,91282CKR1,TSRYS5802848,D,S,T,2024-05-16,1000000.00,4.516815,99.953125
08:00:37,91282CKR1,TSRYS5802848,D,S,T,2024-05-16,1000000.00,4.516815,99.953125
08:00:37,91282CKR1,TSRYS5802848,D,S,T,2024-05-16,1000000.00,4.516815,99.953125
08:00:37,91282CKR1,TSRYS5802848,D,S,T,2024-05-16,1000000.00,4.516815,99.953125
08:00:37,91282CKR1,TSRYS5802848,D,S,T,2024-05-16,1000000.00,4.516815,99.953125
08:00:37,91282CKR1,TSRYS5802848,D,S,T,2024-05-16,1000000.00,4.513995,99.9609375
08:00:37,91282CKR1,TSRYS5802848,D,S,T,2024-05-16,1000000.00,4.519634,99.9453125
08:00:37,91282CKR1,TSRYS5802848,D,S,T,2024-05-16,1000000.00,4.522454,99.9375
08:00:37,91282CKR1,TSRYS5802848,D,S,T,2024-05-16,1000000.00,4.528094,99.921875
08:00:37,91282CKR1,TSRYS5802848,D,S,T,2024-05-16,1000000.00,4.530209,99.916015625
08:00:37,91282CKR1,TSRYS5802848,D,S,T,2024-05-16,1000000.00,4.532325,99.91015625
08:00:37,91282CKR1,TSRYS5802848,D,S,T,2024-05-16,1000000.00,4.519634,99.9453125
08:00:37,91282CKR1,TSRYS5802848,D,S,T,2024-05-16,1000000.00,4.518224,99.94921875
08:00:37,91282CKR1,TSRYS5802848,D,S,T,2024-05-16,1000000.00,4.518224,99.94921875
08:00:37,91282CKR1,TSRYS5802848,D,S,T,2024-05-16,1000000.00,4.518224,99.94921875
08:00:37,91282CKR1,TSRYS5802848,D,S,T,2024-05-16,1000000.00,4.518224,99.94921875
08:00:37,91282CKR1,TSRYS5802848,D,S,A,2024-05-16,20000000.00,4.495677,100.01171875
08:00:37,91282CKR1,TSRYS5802848,D,S,T,2024-05-16,1000000.00,4.485818,100.0390625
08:00:37,91282CKR1,TSRYS5802848,D,B,A,2024-05-16,980500.00,4.485818,100.0390625
08:00:37,91282CKR1,TSRYS5802848,D,S,T,2024-05-16,1000000.00,4.480186,100.0546875
08:00:37,91282CKR1,TSRYS5802848,D,S,T,2024-05-16,1000000.00,4.480186,100.0546875
08:00:37,91282CKR1,TSRYS5802848,D,S,T,2024-05-16,1000000.00,4.480186,100.0546875
08:00:37,91282CKR1,TSRYS5802848,D,S,T,2024-05-16,1000000.00,4.480186,100.0546875
08:00:37,91282CKR1,TSRYS5802848,D,S,T,2024-05-16,1000000.00,4.494268,100.015625
08:00:37,91282CKR1,TSRYS5802848,D,S,T,2024-05-16,1000000.00,4.494268,100.015625
08:00:37,91282CKR1,TSRYS5802848,D,S,T,2024-05-16,1000000.00,4.494268,100.015625
08:00:37,91282CKR1,TSRYS5802848,D,S,T,2024-05-16,1000000.00,4.494268,100.015625
08:00:37,91282CKR1,TSRYS5802848,D,S,T,2024-05-16,1000000.00,4.494268,100.015625
08:00:37,91282CKR1,TSRYS5802848,D,S,T,2024-05-16,1000000.00,4.494268,100.015625
08:00:37,91282CKR1,TSRYS5802848,D,S,T,2024-05-16,1000000.00,4.494268,100.015625
08:00:37,91282CKR1,TSRYS5802848,D,S,T,2024-05-16,1000000.00,4.494268,100.015625
08:00:37,91282CKR1,TSRYS5802848,D,S,T,2024-05-16,1000000.00,4.494268,100.015625
08:00:37,91282CKR1,TSRYS5802848,D,S,T,2024-05-16,1000000.00,4.494268,100.015625
08:00:37,91282CKR1,TSRYS5802848,D,S,T,2024-05-16,1000000.00,4.494268,100.015625
08:00:37,91282CKR1,TSRYS5802848,D,S,T,2024-05-16,1000000.00,4.494268,100.015625
08:00:37,91282CKR1,TSRYS5802848,D,S,T,2024-05-16,1000000.00,4.494268,100.015625
08:00:37,91282CKR1,TSRYS5802848,D,S,T,2024-05-16,1000000.00,4.494268,100.015625
08:00:37,91282CKR1,TSRYS5802848,D,S,T,2024-05-16,1000000.00,4.494268,100.015625
08:00:37,91282CKR1,TSRYS5802848,D,S,T,2024-05-16,1000000.00,4.494268,100.015625
08:00:37,91282CKR1,TSRYS5802848,D,S,T,2024-05-16,1000000.00,4.494268,100.015625
08:00:37,91282CKR1,TSRYS5802848,D,S,T,2024-05-16,1000000.00,4.49286,100.01953125
08:00:37,91282CKR1,TSRYS5802848,D,S,T,2024-05-16,1000000.00,4.49286,100.01953125
08:00:37,91282CKR1,TSRYS5802848,D,S,T,2024-05-16,1000000.00,4.49286,100.01953125
08:00:37,91282CKR1,TSRYS5802848,D,S,T,2024-05-16,1000000.00,4.495677,100.01171875
08:00:37,91282CKR1,TSRYS5802848,D,S,T,2024-05-16,1000000.00,4.494268,100.015625
08:00:37,91282CKR1,TSRYS5802848,D,S,A,2024-05-16,492000.00,4.508358,99.9765625
08:00:37,91282CKR1,TSRYS5802848,D,S,T,2024-05-16,1000000.00,4.512586,99.96484375
08:00:37,91282CKR1,TSRYS5802848,D,S,T,2024-05-16,1000000.00,4.512586,99.96484375
08:00:37,91282CKR1,TSRYS5802848,D,S,A,2024-05-16,421000.00,4.509767,99.97265625
08:00:37,91282CKR1,TSRYS5802848,D,S,T,2024-05-16,1000000.00,4.501312,99.99609375
08:00:37,91282CKR1,TSRYS5802848,D,S,A,2024-05-16,220000.00,4.502721,99.9921875
08:00:37,91282CKR1,TSRYS5802848,D,S,C,2024-05-16,102000.00,4.502499,99.9921875
08:00:37,91282CKR1,TSRYS5802848,D,S,T,2024-05-16,1000000.00,4.505539,99.984375
08:00:37,91282CKR1,TSRYS5802848,D,S,D,2024-05-16,1000000.00,4.505539,99.984375
08:00:37,91282CKR1,TSRYS5802848,D,S,T,2024-05-16,1000000.00,4.50413,99.98828125
08:00:37,91282CKR1,TSRYS5802848,D,S,T,2024-05-16,1000000.00,4.50413,99.98828125
08:00:37,91282CKR1,TSRYS5802848,D,S,T,2024-05-16,1000000.00,4.516815,99.953125
08:00:37,91282CKR1,TSRYS5802848,D,S,D,2024-05-16,1000000.00,4.516815,99.953125
08:00:37,91282CKR1,TSRYS5802848,D,S,T,2024-05-16,1000000.00,4.516815,99.953125
08:00:37,91282CKR1,TSRYS5802848,D,S,T,2024-05-16,1000000.00,4.516815,99.953125
08:00:37,91282CKR1,TSRYS5802848,D,S,T,2024-05-16,1000000.00,4.516815,99.953125
08:00:37,91282CKR1,TSRYS5802848,D,S,T,2024-05-16,1000000.00,4.516815,99.953125
08:00:37,91282CKR1,TSRYS5802848,D,S,T,2024-05-16,1000000.00,4.516815,99.953125
08:00:37,91282CKR1,TSRYS5802848,D,S,T,2024-05-16,1000000.00,4.516815,99.953125
08:00:37,91282CKR1,TSRYS5802848,D,S,T,2024-05-16,1000000.00,4.516815,99.953125
08:00:37,91282CKR1,TSRYS5802848,D,S,T,2024-05-16,1000000.00,4.516815,99.953125
08:00:37,91282CKR1,TSRYS5802848,D,S,T,2024-05-16,1000000.00,4.516815,99.953125
08:00:37,91282CKR1,TSRYS5802848,D,S,A,2024-05-16,100000000.00,4.513889,99.9609375
08:00:37,91282CKR1,TSRYS5802848,D,S,T,2024-05-16,1000000.00,4.519634,99.9453125
08:00:37,91282CKR1,TSRYS5802848,D,S,T,2024-05-16,1000000.00,4.519634,99.9453125
08:00:37,91282CKR1,TSRYS5802848,D,S,T,2024-05-16,1000000.00,4.519634,99.9453125
08:00:37,91282CKR1,TSRYS5802848,D,S,D,2024-05-16,1000000.00,4.519634,99.9453125
08:00:37,91282CKR1,TSRYS5802848,D,S,T,2024-05-16,1000000.00,4.519634,99.9453125
08:00:37,91282CKR1,TSRYS5802848,D,S,D,2024-05-16,1000000.00,4.519634,99.9453125
08:00:37,91282CKR1,TSRYS5802848,D,S,T,2024-05-16,1000000.00,4.519634,99.9453125
08:00:37,91282CKR1,TSRYS5802848,D,S,D,2024-05-16,1000000.00,4.519634,99.9453125
08:00:37,91282CKR1,TSRYS5802848,D,S,D,2024-05-16,1000000.00,4.519634,99.9453125
08:00:37,91282CKR1,TSRYS5802848,D,S,T,2024-05-16,1000000.00,4.519634,99.9453125
08:00:37,91282CKR1,TSRYS5802848,D,S,T,2024-05-16,1000000.00,4.519634,99.9453125
08:00:37,91282CKR1,TSRYS5802848,D,S,D,2024-05-16,1000000.00,4.519634,99.9453125
08:00:37,91282CKR1,TSRYS5802848,D,S,D,2024-05-16,1000000.00,4.519634,99.9453125
08:00:37,91282CKR1,TSRYS5802848,D,S,D,2024-05-16,1000000.00,4.519634,99.9453125
08:00:37,91282CKR1,TSRYS5802848,D,S,T,2024-05-16,1000000.00,4.516815,99.953125
08:00:37,91282CKR1,TSRYS5802848,D,S,T,2024-05-16,1000000.00,4.516815,99.953125
08:00:37,91282CKR1,TSRYS5802848,D,S,T,2024-05-16,1000000.00,4.515405,99.95703125
08:00:37,91282CKR1,TSRYS5802848,D,S,T,2024-05-16,1000000.00,4.515405,99.95703125
08:00:37,91282CKR1,TSRYS5802848,D,S,T,2024-05-16,1000000.00,4.512586,99.96484375
08:00:37,91282CKR1,TSRYS5802848,D,S,T,2024-05-16,1000000.00,4.512586,99.96484375
08:00:37,91282CKR1,TSRYS5802848,D,S,T,2024-05-16,1000000.00,4.512586,99.96484375
08:00:37,91282CKR1,TSRYS5802848,D,S,T,2024-05-16,1000000.00,4.512586,99.96484375
08:00:37,91282CKR1,TSRYS5802848,D,S,T,2024-05-16,1000000.00,4.512586,99.96484375
08:00:37,91282CKR1,TSRYS5802848,D,S,T,2024-05-16,1000000.00,4.511176,99.96875
08:00:37,91282CKR1,TSRYS5802848,D,S,A,2024-05-16,8000000.00,4.511176,99.96875
08:00:37,91282CKR1,TSRYS5802848,D,S,D,2024-05-16,1000000.00,4.49286,100.01953125
08:00:37,91282CKR1,TSRYS5802848,D,S,D,2024-05-16,1000000.00,4.49286,100.01953125
08:00:37,91282CKR1,TSRYS5802848,D,S,C,2024-05-16,200000000.00,4.499903,100.0
08:00:37,91282CKR1,TSRYS5802848,D,S,C,2024-05-16,200000000.00,4.499903,100.0
08:00:37,91282CKR1,TSRYS5802848,D,S,T,2024-05-16,1000000.00,4.522454,99.9375
08:00:37,91282CKR1,TSRYS5802848,D,S,T,2024-05-16,24500000.00,4.590208,99.75
08:00:37,91282CKR1,TSRYS5802848,D,S,T,2024-05-16,24550000.00,4.590208,99.75
08:00:37,91282CKR1,TSRYS5802848,D,S,T,2024-05-16,24550000.00,4.590208,99.75
08:00:37,91282CKR1,TSRYS5802848,D,S,T,2024-05-16,24550000.00,4.590208,99.75
08:00:37,91282CKR1,TSRYS5802848,D,S,T,2024-05-16,9800000.00,4.590208,99.75
08:00:37,91282CKR1,TSRYS5802848,D,S,T,2024-05-16,1000000.00,4.528094,99.921875
08:00:37,91282CKR1,TSRYS5802848,D,S,T,2024-05-16,1000000.00,4.532325,99.91015625
08:00:37,91282CKR1,TSRYS5802848,D,S,T,2024-05-16,1000000.00,4.525274,99.9296875
08:00:37,91282CKR1,TSRYS5802848,D,S,T,2024-05-16,1000000.00,4.523864,99.93359375
08:00:41,91282CKR1,TSRYS5802848,D,S,T,2024-05-16,1000000.00,4.523864,99.93359375
08:00:41,91282CKR1,TSRYS5802848,D,S,T,2024-05-16,1000000.00,4.518224,99.94921875
08:00:41,91282CKR1,TSRYS5802848,D,S,T,2024-05-16,1000000.00,4.518224,99.94921875
08:00:41,91282CKR1,TSRYS5802848,D,S,T,2024-05-16,1000000.00,4.515405,99.95703125
08:00:41,91282CKR1,TSRYS5802848,D,S,T,2024-05-16,1000000.00,4.515405,99.95703125
08:00:41,91282CKR1,TSRYS5802848,D,S,T,2024-05-16,33000000.00,4.518224,99.94921875
08:00:41,91282CKR1,TSRYS5802848,D,S,D,2024-05-16,1000000.00,4.497086,100.0078125
08:00:41,91282CKR1,TSRYS5802848,D,S,T,2024-05-16,2000000.00,4.511176,99.96875
08:00:41,91282CKR1,TSRYS5802848,D,S,D,2024-05-16,1000000.00,4.498494,100.00390625
08:00:41,91282CKR1,TSRYS5802848,D,S,D,2024-05-16,1000000.00,4.498494,100.00390625
08:00:41,91282CKR1,TSRYS5802848,D,S,D,2024-05-16,1000000.00,4.499903,100.0
08:00:41,91282CKR1,TSRYS5802848,D,S,D,2024-05-16,1000000.00,4.501312,99.99609375
08:00:41,91282CKR1,TSRYS5802848,D,S,D,2024-05-16,1000000.00,4.501312,99.99609375
08:00:41,91282CKR1,TSRYS5802848,D,S,D,2024-05-16,1000000.00,4.499903,100.0
08:00:41,91282CKR1,TSRYS5802848,D,S,T,2024-05-16,2000000.00,4.513291,99.962890625
08:00:41,91282CKR1,TSRYS5802848,D,S,T,2024-05-16,1000000.00,4.511176,99.96875
08:00:41,91282CKR1,TSRYS5802848,D,S,T,2024-05-16,1000000.00,4.511176,99.96875
08:00:43,91282CKR1,TSRYS5802848,D,S,T,2024-05-16,9000000.00,4.511176,99.96875
08:00:43,91282CKR1,TSRYS5802848,D,S,A,2024-05-16,9000000.00,4.502721,99.9921875
08:00:43,91282CKR1,TSRYS5802848,D,S,T,2024-05-16,1000000.00,4.48793,100.033203125
08:00:44,91282CKR1,TSRYS5802848,D,S,D,2024-05-16,1000000.00,4.509767,99.97265625
08:00:44,91282CKR1,TSRYS5802848,D,S,T,2024-05-16,1000000.00,4.522454,99.9375
08:00:44,91282CKR1,TSRYS5802848,D,S,T,2024-05-16,2000000.00,4.521785,99.939353125
08:00:45,91282CKR1,TSRYS5802848,D,S,D,2024-05-16,2000000.00,4.501312,99.99609375
08:00:45,91282CKR1,TSRYS5802848,D,S,D,2024-05-16,2000000.00,4.501312,99.99609375
08:00:45,91282CKR1,TSRYS5802848,D,S,D,2024-05-16,2000000.00,4.501312,99.99609375
08:00:45,91282CKR1,TSRYS5802848,D,S,D,2024-05-16,1000000.00,4.505539,99.984375
08:00:45,91282CKR1,TSRYS5802848,D,S,D,2024-05-16,1000000.00,4.505539,99.984375
08:00:45,91282CKR1,TSRYS5802848,D,S,D,2024-05-16,1000000.00,4.505539,99.984375
08:00:45,91282CKR1,TSRYS5802848,D,S,D,2024-05-16,1000000.00,4.50413,99.98828125
08:00:45,91282CKR1,TSRYS5802848,D,S,D,2024-05-16,1000000.00,4.50413,99.98828125
08:00:45,91282CKR1,TSRYS5802848,D,S,T,2024-05-16,1000000.00,4.511176,99.96875
08:00:45,91282CKR1,TSRYS5802848,D,B,A,2024-05-16,22364800.00,4.506948,99.98046875
08:00:45,91282CKR1,TSRYS5802848,D,S,A,2024-05-16,56000.00,4.501191,99.99642875
08:00:46,91282CKR1,TSRYS5802848,D,S,T,2024-05-16,2000000.00,4.511176,99.96875
08:00:46,91282CKR1,TSRYS5802848,D,S,D,2024-05-16,2000000.00,4.509767,99.97265625
08:00:46,91282CKR1,TSRYS5802848,D,S,D,2024-05-16,2000000.00,4.509062,99.974609375
08:00:47,91282CKR1,TSRYS5802848,D,S,T,2024-05-16,3000000.00,4.511176,99.96875
08:00:47,91282CKR1,TSRYS5802848,D,S,D,2024-05-16,2000000.00,4.511176,99.96875
08:00:47,91282CKR1,TSRYS5802848,D,S,T,2024-05-16,2000000.00,4.511176,99.96875
08:00:47,91282CKR1,TSRYS5802848,D,S,T,2024-05-16,2000000.00,4.511176,99.96875
08:00:47,91282CKR1,TSRYS5802848,D,S,T,2024-05-16,1000000.00,4.511176,99.96875
08:00:48,91282CKR1,TSRYS5802848,D,S,D,2024-05-16,2000000.00,4.516815,99.953125
08:00:48,91282CKR1,TSRYS5802848,D,S,D,2024-05-16,1500000.00,4.522454,99.9375
08:00:48,91282CKR1,TSRYS5802848,D,S,D,2024-05-16,1000000.00,4.516815,99.953125
08:00:48,91282CKR1,TSRYS5802848,D,S,D,2024-05-16,1000000.00,4.516815,99.953125
08:00:48,91282CKR1,TSRYS5802848,D,S,D,2024-05-16,1000000.00,4.516815,99.953125
08:00:48,91282CKR1,TSRYS5802848,D,S,D,2024-05-16,1000000.00,4.516815,99.953125
08:00:48,91282CKR1,TSRYS5802848,D,S,D,2024-05-16,1000000.00,4.516815,99.953125
08:00:48,91282CKR1,TSRYS5802848,D,S,D,2024-05-16,2000000.00,4.516815,99.953125
08:00:48,91282CKR1,TSRYS5802848,D,S,D,2024-05-16,4700000.00,4.669263,99.53125
08:00:48,91282CKR1,TSRYS5802848,D,B,A,2024-05-16,400000.00,4.512586,99.964844
08:00:49,91282CKR1,TSRYS5802848,D,S,D,2024-05-16,2000000.00,4.530915,99.9140625
08:00:49,91282CKR1,TSRYS5802848,D,S,T,2024-05-16,1000000.00,4.512586,99.96484375
08:00:49,91282CKR1,TSRYS5802848,D,S,D,2024-05-16,1000000.00,4.519634,99.9453125
08:00:49,91282CKR1,TSRYS5802848,D,S,D,2024-05-16,1000000.00,4.519634,99.9453125
08:00:49,91282CKR1,TSRYS5802848,D,S,D,2024-05-16,2000000.00,4.519634,99.9453125
08:00:49,91282CKR1,TSRYS5802848,D,S,D,2024-05-16,1000000.00,4.519634,99.9453125
08:00:49,91282CKR1,TSRYS5802848,D,S,D,2024-05-16,1000000.00,4.519634,99.9453125
08:00:49,91282CKR1,TSRYS5802848,D,S,D,2024-05-16,2000000.00,4.519634,99.9453125
08:00:49,91282CKR1,TSRYS5802848,D,S,D,2024-05-16,1000000.00,4.519634,99.9453125
08:00:49,91282CKR1,TSRYS5802848,D,S,D,2024-05-16,1000000.00,4.519634,99.9453125
08:00:49,91282CKR1,TSRYS5802848,D,S,D,2024-05-16,1000000.00,4.519634,99.9453125
08:00:49,91282CKR1,TSRYS5802848,D,S,D,2024-05-16,1000000.00,4.519634,99.9453125
08:00:49,91282CKR1,TSRYS5802848,D,S,D,2024-05-16,1000000.00,4.519634,99.9453125
08:00:49,91282CKR1,TSRYS5802848,D,S,D,2024-05-16,1000000.00,4.519634,99.9453125
08:00:50,91282CKR1,TSRYS5802848,D,S,D,2024-05-16,300000.00,4.516815,99.953125
08:00:50,91282CKR1,TSRYS5802848,D,S,T,2024-05-16,2000000.00,4.511176,99.96875
08:00:50,91282CKR1,TSRYS5802848,D,S,T,2024-05-16,1000000.00,4.511176,99.96875
08:00:53,91282CKR1,TSRYS5802848,D,S,T,2024-05-16,2000000.00,4.516815,99.953125
08:00:53,91282CKR1,TSRYS5802848,D,S,T,2024-05-16,1000000.00,4.516815,99.953125
08:00:53,91282CKR1,TSRYS5802848,D,S,T,2024-05-16,1000000.00,4.516815,99.953125
08:00:53,91282CKR1,TSRYS5802848,D,S,T,2024-05-16,1000000.00,4.516815,99.953125
08:00:53,91282CKR1,TSRYS5802848,D,S,A,2024-05-16,50000000.00,4.504009,99.98861625
08:00:57,91282CKR1,TSRYS5802848,D,S,D,2024-05-16,2000000.00,4.530209,99.916015625
08:00:57,91282CKR1,TSRYS5802848,D,S,D,2024-05-16,2000000.00,4.530915,99.9140625
08:00:57,91282CKR1,TSRYS5802848,D,S,D,2024-05-16,1000000.00,4.516815,99.953125
08:00:58,91282CKR1,TSRYS5802848,D,S,T,2024-05-16,5000000.00,4.511176,99.96875
08:00:58,91282CKR1,TSRYS5802848,D,S,T,2024-05-16,3000000.00,4.511176,99.96875
08:00:58,91282CKR1,TSRYS5802848,D,S,T,2024-05-16,2000000.00,4.511881,99.966796875
08:00:58,91282CKR1,TSRYS5802848,D,S,T,2024-05-16,1000000.00,4.511881,99.966796875
08:00:58,91282CKR1,TSRYS5802848,D,S,T,2024-05-16,2000000.00,4.511881,99.966796875
08:00:59,91282CKR1,TSRYS5802848,D,S,D,2024-05-16,1000000.00,4.528094,99.921875
08:00:59,91282CKR1,TSRYS5802848,D,S,D,2024-05-16,1000000.00,4.528094,99.921875
08:00:59,91282CKR1,TSRYS5802848,D,S,D,2024-05-16,1000000.00,4.528094,99.921875
08:00:59,91282CKR1,TSRYS5802848,D,S,D,2024-05-16,1000000.00,4.528094,99.921875
08:01:00,91282CKR1,TSRYS5802848,D,B,C,2024-05-16,1000000.00,4.498494,100.00390625
08:01:00,91282CKR1,TSRYS5802848,D,S,D,2024-05-16,1000000.00,4.498494,100.00390625
08:01:00,91282CKR1,TSRYS5802848,D,B,C,2024-05-16,1000000.00,4.498494,100.00390625
08:01:00,91282CKR1,TSRYS5802848,D,S,D,2024-05-16,1000000.00,4.498494,100.00390625
08:01:00,91282CKR1,TSRYS5802848,D,S,D,2024-05-16,1000000.00,4.498494,100.00390625
08:01:00,91282CKR1,TSRYS5802848,D,S,D,2024-05-16,1000000.00,4.498494,100.00390625
08:01:00,91282CKR1,TSRYS5802848,D,S,T,2024-05-16,1000000.00,4.513291,99.962890625
08:01:00,91282CKR1,TSRYS5802848,D,S,D,2024-05-16,1000000.00,4.523864,99.93359375
08:01:00,91282CKR1,TSRYS5802848,D,S,D,2024-05-16,1000000.00,4.523864,99.93359375
08:01:00,91282CKR1,TSRYS5802848,D,S,D,2024-05-16,1000000.00,4.523864,99.93359375
08:01:00,91282CKR1,TSRYS5802848,D,S,D,2024-05-16,115000.00,4.522608,99.937072011
08:01:01,91282CKR1,TSRYS5802848,D,S,C,2024-05-16,15000.00,4.515937,99.955558
08:01:01,91282CKR1,TSRYS5802848,D,S,T,2024-05-16,4000000.00,4.530915,99.9140625
08:01:02,91282CKR1,TSRYS5802848,D,S,T,2024-05-16,2000000.00,4.511881,99.966796875
08:01:03,91282CKR1,TSRYS5802848,D,S,T,2024-05-16,6000000.00,4.516815,99.953125
08:01:03,91282CKR1,TSRYS5802848,D,S,A,2024-05-16,1610000.00,4.515405,99.95703125
08:01:03,91282CKR1,TSRYS5802848,D,B,C,2024-05-16,16000000.00,4.532325,99.91015625
08:01:04,91282CKR1,TSRYS5802848,D,B,A,2024-05-16,168000.00,4.516815,99.953125
08:01:04,91282CKR1,TSRYS5802848,D,B,A,2024-05-16,168000.00,4.516815,99.953125
08:01:05,91282CKR1,TSRYS5802848,D,B,A,2024-05-16,1444000.00,4.528094,99.921875
08:01:07,91282CKR1,TSRYS5802848,D,S,T,2024-05-16,1000000.00,4.530915,99.9140625
08:01:08,91282CKR1,TSRYS5802848,D,B,A,2024-05-16,8000000.00,4.518224,99.94921875
08:01:08,91282CKR1,TSRYS5802848,D,B,A,2024-05-16,8000000.00,4.518224,99.94921875
08:01:08,91282CKR1,TSRYS5802848,D,S,D,2024-05-16,11550000.00,4.530915,99.9140625
08:01:08,91282CKR1,TSRYS5802848,D,S,C,2024-05-16,200000000.00,4.499903,100.0
08:01:08,91282CKR1,TSRYS5802848,D,B,A,2024-05-16,1500000.00,4.518224,99.94921875
08:01:08,91282CKR1,TSRYS5802848,D,S,T,2024-05-16,1000000.00,4.521044,99.94140625
08:01:08,91282CKR1,TSRYS5802848,D,S,T,2024-05-16,1000000.00,4.521044,99.94140625
08:01:08,91282CKR1,TSRYS5802848,D,S,T,2024-05-16,1000000.00,4.521044,99.94140625
08:01:08,91282CKR1,TSRYS5802848,D,S,T,2024-05-16,3000000.00,4.521749,99.939453125
08:01:08,91282CKR1,TSRYS5802848,D,S,T,2024-05-16,1000000.00,4.522454,99.9375
08:01:08,91282CKR1,TSRYS5802848,D,S,T,2024-05-16,1000000.00,4.522454,99.9375
08:01:10,91282CKR1,TSRYS5802848,D,S,D,2024-05-16,1000000.00,4.494268,100.015625
08:01:10,91282CKR1,TSRYS5802848,D,B,C,2024-05-16,1000000.00,4.50413,99.98828125
08:01:10,91282CKR1,TSRYS5802848,D,S,C,2024-05-16,1000000.00,4.495677,100.01171875
08:01:10,91282CKR1,TSRYS5802848,D,B,C,2024-05-16,1000000.00,4.495677,100.01171875
08:01:10,91282CKR1,TSRYS5802848,D,S,D,2024-05-16,1000000.00,4.50413,99.98828125
08:01:10,91282CKR1,TSRYS5802848,D,S,T,2024-05-16,4000000.00,4.530915,99.9140625
08:01:10,91282CKR1,TSRYS5802848,D,B,C,2024-05-16,1000000.00,4.494268,100.015625
08:01:10,91282CKR1,TSRYS5802848,D,S,C,2024-05-16,1000000.00,4.480186,100.0546875
08:01:10,91282CKR1,TSRYS5802848,D,S,C,2024-05-16,1000000.00,4.489339,100.029296875
08:01:10,91282CKR1,TSRYS5802848,D,B,C,2024-05-16,1000000.00,4.480186,100.0546875
08:01:10,91282CKR1,TSRYS5802848,D,S,D,2024-05-16,2000000.00,4.483706,100.044921875
08:01:10,91282CKR1,TSRYS5802848,D,B,C,2024-05-16,1000000.00,4.489339,100.029296875
08:01:10,91282CKR1,TSRYS5802848,D,S,D,2024-05-16,1000000.00,4.480186,100.0546875
08:01:10,91282CKR1,TSRYS5802848,D,B,C,2024-05-16,1000000.00,4.480186,100.0546875
08:01:10,91282CKR1,TSRYS5802848,D,S,D,2024-05-16,1000000.00,4.487226,100.03515625
08:01:10,91282CKR1,TSRYS5802848,D,B,C,2024-05-16,1000000.00,4.487226,100.03515625
08:01:10,91282CKR1,TSRYS5802848,D,S,C,2024-05-16,2000000.00,4.488634,100.03125
08:01:10,91282CKR1,TSRYS5802848,D,B,C,2024-05-16,2000000.00,4.488634,100.03125
08:01:10,91282CKR1,TSRYS5802848,D,S,C,2024-05-16,1000000.00,4.488634,100.03125
08:01:10,91282CKR1,TSRYS5802848,D,B,C,2024-05-16,1000000.00,4.488634,100.03125
08:01:11,91282CKR1,TSRYS5802848,D,B,C,2024-05-16,1000000.00,4.490043,100.02734375
08:01:11,91282CKR1,TSRYS5802848,D,S,C,2024-05-16,1000000.00,4.490043,100.02734375
08:01:11,91282CKR1,TSRYS5802848,D,B,C,2024-05-16,1000000.00,4.489339,100.029296875
08:01:11,91282CKR1,TSRYS5802848,D,S,C,2024-05-16,1000000.00,4.489339,100.029296875
08:01:11,91282CKR1,TSRYS5802848,D,S,D,2024-05-16,1000000.00,4.488634,100.03125
08:01:11,91282CKR1,TSRYS5802848,D,S,D,2024-05-16,1000000.00,4.488634,100.03125
08:01:11,91282CKR1,TSRYS5802848,D,S,C,2024-05-16,1000000.00,4.49286,100.01953125
08:01:11,91282CKR1,TSRYS5802848,D,B,C,2024-05-16,1000000.00,4.49286,100.01953125
08:01:11,91282CKR1,TSRYS5802848,D,B,C,2024-05-16,1000000.00,4.49286,100.01953125
08:01:11,91282CKR1,TSRYS5802848,D,S,D,2024-05-16,1000000.00,4.49286,100.01953125
08:01:11,91282CKR1,TSRYS5802848,D,S,C,2024-05-16,1000000.00,4.49286,100.01953125
08:01:11,91282CKR1,TSRYS5802848,D,B,C,2024-05-16,1000000.00,4.49286,100.01953125
08:01:12,91282CKR1,TSRYS5802848,D,S,D,2024-05-16,1000000.00,4.497086,100.0078125
08:01:12,91282CKR1,TSRYS5802848,D,B,C,2024-05-16,1000000.00,4.497086,100.0078125
08:01:12,91282CKR1,TSRYS5802848,D,B,C,2024-05-16,1000000.00,4.497086,100.0078125
08:01:12,91282CKR1,TSRYS5802848,D,S,D,2024-05-16,1000000.00,4.497086,100.0078125
08:01:12,91282CKR1,TSRYS5802848,D,S,D,2024-05-16,1000000.00,4.497086,100.0078125
08:01:12,91282CKR1,TSRYS5802848,D,B,C,2024-05-16,1000000.00,4.498494,100.00390625
08:01:12,91282CKR1,TSRYS5802848,D,S,D,2024-05-16,1000000.00,4.498494,100.00390625
08:01:12,91282CKR1,TSRYS5802848,D,S,A,2024-05-16,9800000.00,4.590208,99.75
08:01:12,91282CKR1,TSRYS5802848,D,S,D,2024-05-16,1000000.00,4.498494,100.00390625
08:01:12,91282CKR1,TSRYS5802848,D,S,A,2024-05-16,24550000.00,4.590208,99.75
08:01:12,91282CKR1,TSRYS5802848,D,B,C,2024-05-16,1000000.00,4.498494,100.00390625
08:01:12,91282CKR1,TSRYS5802848,D,S,D,2024-05-16,1000000.00,4.498494,100.00390625
08:01:12,91282CKR1,TSRYS5802848,D,S,D,2024-05-16,1000000.00,4.498494,100.00390625
08:01:12,91282CKR1,TSRYS5802848,D,B,C,2024-05-16,1000000.00,4.498494,100.00390625
08:01:12,91282CKR1,TSRYS5802848,D,S,D,2024-05-16,1000000.00,4.498494,100.00390625
08:01:12,91282CKR1,TSRYS5802848,D,S,A,2024-05-16,24500000.00,4.590208,99.75
08:01:12,91282CKR1,TSRYS5802848,D,S,D,2024-05-16,1000000.00,4.501312,99.99609375
08:01:12,91282CKR1,TSRYS5802848,D,S,A,2024-05-16,24550000.00,4.590208,99.75
08:01:12,91282CKR1,TSRYS5802848,D,S,C,2024-05-16,1000000.00,4.501312,99.99609375
08:01:12,91282CKR1,TSRYS5802848,D,S,A,2024-05-16,24550000.00,4.590208,99.75
08:01:12,91282CKR1,TSRYS5802848,D,S,C,2024-05-16,1000000.00,4.502721,99.9921875
08:01:12,91282CKR1,TSRYS5802848,D,S,C,2024-05-16,1000000.00,4.501312,99.99609375
08:01:12,91282CKR1,TSRYS5802848,D,S,D,2024-05-16,4000000.00,4.523159,99.935546875
08:01:12,91282CKR1,TSRYS5802848,D,S,C,2024-05-16,1000000.00,4.499903,100.0
08:01:12,91282CKR1,TSRYS5802848,D,S,A,2024-05-16,3000000.00,4.525219,99.9298395
08:01:12,91282CKR1,TSRYS5802848,D,S,A,2024-05-16,9750000.00,4.590208,99.75
08:01:13,91282CKR1,TSRYS5802848,D,S,A,2024-05-16,38000000.00,4.590208,99.75
08:01:13,91282CKR1,TSRYS5802848,D,S,C,2024-05-16,1000000.00,4.506244,99.982421875
08:01:13,91282CKR1,TSRYS5802848,D,S,C,2024-05-16,1000000.00,4.506244,99.982421875
08:01:13,91282CKR1,TSRYS5802848,D,S,C,2024-05-16,1000000.00,4.506244,99.982421875
08:01:13,91282CKR1,TSRYS5802848,D,B,C,2024-05-16,1000000.00,4.506244,99.982421875
08:01:13,91282CKR1,TSRYS5802848,D,B,A,2024-05-16,560000.00,4.522454,99.9375
08:01:13,91282CKR1,TSRYS5802848,D,B,C,2024-05-16,33193000.00,4.529504,99.91796875
08:01:13,91282CKR1,TSRYS5802848,D,B,A,2024-05-16,2000000.00,4.53238,99.91000425
08:01:13,91282CKR1,TSRYS5802848,D,S,T,2024-05-16,2000000.00,4.53238,99.91000425
08:01:13,91282CKR1,TSRYS5802848,D,B,C,2024-05-16,1000000.00,4.509062,99.974609375
08:01:13,91282CKR1,TSRYS5802848,D,S,C,2024-05-16,1000000.00,4.509062,99.974609375
08:01:13,91282CKR1,TSRYS5802848,D,S,C,2024-05-16,1000000.00,4.509767,99.97265625
08:01:13,91282CKR1,TSRYS5802848,D,S,C,2024-05-16,3000000.00,4.509767,99.97265625
08:01:13,91282CKR1,TSRYS5802848,D,B,C,2024-05-16,3000000.00,4.509767,99.97265625
08:01:13,91282CKR1,TSRYS5802848,D,S,D,2024-05-16,1000000.00,4.501312,99.99609375
08:01:13,91282CKR1,TSRYS5802848,D,S,D,2024-05-16,2000000.00,4.501312,99.99609375
08:01:13,91282CKR1,TSRYS5802848,D,S,D,2024-05-16,8000000.00,4.501312,99.99609375
08:01:13,91282CKR1,TSRYS5802848,D,S,C,2024-05-16,7980000.00,4.521044,99.94140625
08:01:13,91282CKR1,TSRYS5802848,D,B,C,2024-05-16,1000000.00,4.501312,99.99609375
08:01:13,91282CKR1,TSRYS5802848,D,S,D,2024-05-16,1000000.00,4.501312,99.99609375
08:01:13,91282CKR1,TSRYS5802848,D,S,T,2024-05-16,2000000.00,4.528799,99.919921875
08:01:13,91282CKR1,TSRYS5802848,D,S,T,2024-05-16,1000000.00,4.528094,99.921875
08:01:13,91282CKR1,TSRYS5802848,D,S,T,2024-05-16,2000000.00,4.528799,99.919921875
08:01:13,91282CKR1,TSRYS5802848,D,S,T,2024-05-16,2000000.00,4.528094,99.921875
08:01:13,91282CKR1,TSRYS5802848,D,S,C,2024-05-16,1000000.00,4.505539,99.984375
08:01:13,91282CKR1,TSRYS5802848,D,S,C,2024-05-16,1000000.00,4.505539,99.984375
08:01:13,91282CKR1,TSRYS5802848,D,B,C,2024-05-16,2000000.00,4.505539,99.984375
08:01:13,91282CKR1,TSRYS5802848,D,S,C,2024-05-16,2000000.00,4.505539,99.984375
08:01:13,91282CKR1,TSRYS5802848,D,S,C,2024-05-16,1000000.00,4.505539,99.984375
08:01:13,91282CKR1,TSRYS5802848,D,S,C,2024-05-16,1000000.00,4.50413,99.98828125
08:01:13,91282CKR1,TSRYS5802848,D,S,C,2024-05-16,1000000.00,4.50413,99.98828125
08:01:13,91282CKR1,TSRYS5802848,D,S,D,2024-05-16,1000000.00,4.509767,99.97265625
08:01:13,91282CKR1,TSRYS5802848,D,S,C,2024-05-16,3000000.00,4.509767,99.97265625
08:01:13,91282CKR1,TSRYS5802848,D,S,D,2024-05-16,2000000.00,4.509767,99.97265625
08:01:13,91282CKR1,TSRYS5802848,D,S,D,2024-05-16,2000000.00,4.509062,99.974609375
08:01:14,91282CKR1,TSRYS5802848,D,S,C,2024-05-16,1000000.00,4.509767,99.97265625
08:01:14,91282CKR1,TSRYS5802848,D,S,D,2024-05-16,2000000.00,4.509767,99.97265625
08:01:14,91282CKR1,TSRYS5802848,D,B,C,2024-05-16,2000000.00,4.509767,99.97265625
08:01:14,91282CKR1,TSRYS5802848,D,S,D,2024-05-16,2000000.00,4.511176,99.96875
08:01:14,91282CKR1,TSRYS5802848,D,S,D,2024-05-16,1000000.00,4.515405,99.95703125
08:01:14,91282CKR1,TSRYS5802848,D,B,C,2024-05-16,1000000.00,4.515405,99.95703125
08:01:14,91282CKR1,TSRYS5802848,D,S,D,2024-05-16,2000000.00,4.516815,99.953125
08:01:14,91282CKR1,TSRYS5802848,D,S,D,2024-05-16,1000000.00,4.516815,99.953125
08:01:14,91282CKR1,TSRYS5802848,D,S,D,2024-05-16,1000000.00,4.516815,99.953125
08:01:14,91282CKR1,TSRYS5802848,D,S,D,2024-05-16,1000000.00,4.516815,99.953125
08:01:14,91282CKR1,TSRYS5802848,D,S,D,2024-05-16,1000000.00,4.516815,99.953125
08:01:14,91282CKR1,TSRYS5802848,D,S,D,2024-05-16,2000000.00,4.516815,99.953125
08:01:14,91282CKR1,TSRYS5802848,D,S,D,2024-05-16,1000000.00,4.516815,99.953125
08:01:14,91282CKR1,TSRYS5802848,D,S,D,2024-05-16,25000000.00,4.496932,100.0082375
08:01:14,91282CKR1,TSRYS5802848,D,S,D,2024-05-16,15000000.00,4.498314,100.0044063
08:01:14,91282CKR1,TSRYS5802848,D,S,D,2024-05-16,10000000.00,4.501132,99.9965938
08:01:14,91282CKR1,TSRYS5802848,D,S,A,2024-05-16,28250000.00,4.590208,99.75
08:01:14,91282CKR1,TSRYS5802848,D,S,D,2024-05-16,1000000.00,4.519634,99.9453125
08:01:14,91282CKR1,TSRYS5802848,D,S,D,2024-05-16,1000000.00,4.519634,99.9453125
08:01:14,91282CKR1,TSRYS5802848,D,S,D,2024-05-16,2000000.00,4.519634,99.9453125
08:01:14,91282CKR1,TSRYS5802848,D,S,D,2024-05-16,1000000.00,4.519634,99.9453125
08:01:14,91282CKR1,TSRYS5802848,D,S,D,2024-05-16,2000000.00,4.519634,99.9453125
08:01:14,91282CKR1,TSRYS5802848,D,S,D,2024-05-16,1000000.00,4.519634,99.9453125
08:01:14,91282CKR1,TSRYS5802848,D,S,D,2024-05-16,1000000.00,4.519634,99.9453125
08:01:14,91282CKR1,TSRYS5802848,D,S,D,2024-05-16,1000000.00,4.519634,99.9453125
08:01:14,91282CKR1,TSRYS5802848,D,S,D,2024-05-16,1000000.00,4.519634,99.9453125
08:01:14,91282CKR1,TSRYS5802848,D,S,D,2024-05-16,25000000.00,4.501159,99.9965188
08:01:14,91282CKR1,TSRYS5802848,D,S,D,2024-05-16,1000000.00,4.519634,99.9453125
08:01:14,91282CKR1,TSRYS5802848,D,S,D,2024-05-16,1000000.00,4.519634,99.9453125
08:01:14,91282CKR1,TSRYS5802848,D,B,C,2024-05-16,1000000.00,4.519634,99.9453125
08:01:14,91282CKR1,TSRYS5802848,D,S,D,2024-05-16,1000000.00,4.519634,99.9453125
08:01:14,91282CKR1,TSRYS5802848,D,S,D,2024-05-16,1000000.00,4.519634,99.9453125
08:01:14,91282CKR1,TSRYS5802848,D,B,C,2024-05-16,3000000.00,4.523159,99.9355469
08:01:14,91282CKR1,TSRYS5802848,D,B,C,2024-05-16,3000000.00,4.523159,99.9355469
08:01:14,91282CKR1,TSRYS5802848,D,S,D,2024-05-16,10000000.00,4.530099,99.9163203
08:01:14,91282CKR1,TSRYS5802848,D,S,D,2024-05-16,9000000.00,4.530029,99.9165156
08:01:14,91282CKR1,TSRYS5802848,D,S,T,2024-05-16,2000000.00,4.530915,99.9140625
08:01:15,91282CKR1,TSRYS5802848,D,S,D,2024-05-16,1000000.00,4.512586,99.96484375
08:01:15,91282CKR1,TSRYS5802848,D,B,C,2024-05-16,1000000.00,4.512586,99.96484375
08:01:15,91282CKR1,TSRYS5802848,D,S,C,2024-05-16,1000000.00,4.512586,99.96484375
08:01:15,91282CKR1,TSRYS5802848,D,B,C,2024-05-16,2000000.00,4.512586,99.96484375
08:01:15,91282CKR1,TSRYS5802848,D,S,D,2024-05-16,2000000.00,4.512586,99.96484375
08:01:15,91282CKR1,TSRYS5802848,D,S,T,2024-05-16,4000000.00,4.530915,99.9140625
08:01:15,91282CKR1,TSRYS5802848,D,S,D,2024-05-16,1000000.00,4.520339,99.943359375
08:01:15,91282CKR1,TSRYS5802848,D,B,C,2024-05-16,1000000.00,4.520339,99.943359375
08:01:15,91282CKR1,TSRYS5802848,D,S,D,2024-05-16,1000000.00,4.521044,99.94140625
08:01:15,91282CKR1,TSRYS5802848,D,B,C,2024-05-16,1000000.00,4.521044,99.94140625
08:01:15,91282CKR1,TSRYS5802848,D,S,D,2024-05-16,5000000.00,4.523159,99.935546875
08:01:15,91282CKR1,TSRYS5802848,D,B,C,2024-05-16,5000000.00,4.523159,99.935546875
08:01:15,91282CKR1,TSRYS5802848,D,S,D,2024-05-16,4000000.00,4.523159,99.935546875
08:01:15,91282CKR1,TSRYS5802848,D,B,C,2024-05-16,1000000.00,4.523159,99.935546875
08:01:15,91282CKR1,TSRYS5802848,D,S,D,2024-05-16,1000000.00,4.523159,99.935546875
08:01:15,91282CKR1,TSRYS5802848,D,S,D,2024-05-16,1000000.00,4.523159,99.935546875
08:01:15,91282CKR1,TSRYS5802848,D,S,T,2024-05-16,1000000.00,4.530915,99.9140625
08:01:15,91282CKR1,TSRYS5802848,D,B,C,2024-05-16,4000000.00,4.523159,99.935546875
08:01:15,91282CKR1,TSRYS5802848,D,B,C,2024-05-16,1000000.00,4.523159,99.935546875
08:01:15,91282CKR1,TSRYS5802848,D,S,D,2024-05-16,3000000.00,4.523159,99.935546875
08:01:15,91282CKR1,TSRYS5802848,D,B,C,2024-05-16,3000000.00,4.523159,99.935546875
08:01:15,91282CKR1,TSRYS5802848,D,S,D,2024-05-16,4000000.00,4.523159,99.935546875
08:01:15,91282CKR1,TSRYS5802848,D,S,D,2024-05-16,1000000.00,4.523159,99.935546875
08:01:15,91282CKR1,TSRYS5802848,D,S,D,2024-05-16,1000000.00,4.523159,99.935546875
08:01:15,91282CKR1,TSRYS5802848,D,B,C,2024-05-16,1000000.00,4.523159,99.935546875
08:01:15,91282CKR1,TSRYS5802848,D,B,C,2024-05-16,1000000.00,4.523159,99.935546875
08:01:15,91282CKR1,TSRYS5802848,D,S,C,2024-05-16,1000000.00,4.521044,99.94140625
08:01:15,91282CKR1,TSRYS5802848,D,B,C,2024-05-16,1000000.00,4.521044,99.94140625
08:01:15,91282CKR1,TSRYS5802848,D,B,C,2024-05-16,1000000.00,4.522454,99.9375
08:01:15,91282CKR1,TSRYS5802848,D,S,C,2024-05-16,1000000.00,4.522454,99.9375
08:01:15,91282CKR1,TSRYS5802848,D,B,C,2024-05-16,3000000.00,4.522454,99.9375
08:01:15,91282CKR1,TSRYS5802848,D,S,C,2024-05-16,3000000.00,4.522454,99.9375
08:01:15,91282CKR1,TSRYS5802848,D,S,C,2024-05-16,3000000.00,4.522454,99.9375
08:01:15,91282CKR1,TSRYS5802848,D,S,D,2024-05-16,2000000.00,4.522454,99.9375
08:01:15,91282CKR1,TSRYS5802848,D,B,C,2024-05-16,3000000.00,4.522454,99.9375
08:01:15,91282CKR1,TSRYS5802848,D,B,C,2024-05-16,2000000.00,4.522454,99.9375
08:01:15,91282CKR1,TSRYS5802848,D,B,C,2024-05-16,2000000.00,4.522454,99.9375
08:01:15,91282CKR1,TSRYS5802848,D,S,C,2024-05-16,2000000.00,4.522454,99.9375
08:01:15,91282CKR1,TSRYS5802848,D,B,C,2024-05-16,1000000.00,4.522454,99.9375
08:01:15,91282CKR1,TSRYS5802848,D,S,C,2024-05-16,1000000.00,4.522454,99.9375
08:01:15,91282CKR1,TSRYS5802848,D,S,D,2024-05-16,1000000.00,4.523159,99.935546875
08:01:15,91282CKR1,TSRYS5802848,D,B,C,2024-05-16,1000000.00,4.523159,99.935546875
08:01:15,91282CKR1,TSRYS5802848,D,S,D,2024-05-16,1000000.00,4.523864,99.93359375
08:01:15,91282CKR1,TSRYS5802848,D,B,C,2024-05-16,1000000.00,4.523864,99.93359375
08:01:15,91282CKR1,TSRYS5802848,D,S,D,2024-05-16,1000000.00,4.523864,99.93359375
08:01:15,91282CKR1,TSRYS5802848,D,B,C,2024-05-16,1000000.00,4.523864,99.93359375
08:01:15,91282CKR1,TSRYS5802848,D,S,D,2024-05-16,1000000.00,4.523864,99.93359375
08:01:15,91282CKR1,TSRYS5802848,D,B,C,2024-05-16,1000000.00,4.523864,99.93359375
08:01:15,91282CKR1,TSRYS5802848,D,S,C,2024-05-16,1000000.00,4.528799,99.919921875
08:01:15,91282CKR1,TSRYS5802848,D,B,C,2024-05-16,1000000.00,4.528799,99.919921875
08:01:15,91282CKR1,TSRYS5802848,D,B,C,2024-05-16,3000000.00,4.528799,99.919921875
08:01:15,91282CKR1,TSRYS5802848,D,S,C,2024-05-16,3000000.00,4.528799,99.919921875
08:01:16,91282CKR1,TSRYS5802848,D,S,D,2024-05-16,1000000.00,4.528094,99.921875
08:01:16,91282CKR1,TSRYS5802848,D,B,C,2024-05-16,1000000.00,4.528094,99.921875
08:01:16,91282CKR1,TSRYS5802848,D,S,D,2024-05-16,1000000.00,4.530209,99.916015625
08:01:16,91282CKR1,TSRYS5802848,D,S,D,2024-05-16,1000000.00,4.530209,99.916015625
08:01:16,91282CKR1,TSRYS5802848,D,B,C,2024-05-16,1000000.00,4.530209,99.916015625
08:01:16,91282CKR1,TSRYS5802848,D,B,C,2024-05-16,1000000.00,4.530209,99.916015625
08:01:16,91282CKR1,TSRYS5802848,D,S,D,2024-05-16,1000000.00,4.530915,99.9140625
08:01:16,91282CKR1,TSRYS5802848,D,B,C,2024-05-16,1000000.00,4.530915,99.9140625
08:01:16,91282CKR1,TSRYS5802848,D,S,D,2024-05-16,1000000.00,4.530209,99.916015625
08:01:16,91282CKR1,TSRYS5802848,D,S,D,2024-05-16,1000000.00,4.530209,99.916015625
08:01:16,91282CKR1,TSRYS5802848,D,B,C,2024-05-16,1000000.00,4.530209,99.916015625
08:01:16,91282CKR1,TSRYS5802848,D,B,C,2024-05-16,1000000.00,4.530209,99.916015625
08:01:16,91282CKR1,TSRYS5802848,D,S,D,2024-05-16,1000000.00,4.530209,99.916015625
08:01:16,91282CKR1,TSRYS5802848,D,B,C,2024-05-16,1000000.00,4.530209,99.916015625
08:01:16,91282CKR1,TSRYS5802848,D,S,D,2024-05-16,2000000.00,4.530209,99.916015625
08:01:17,91282CKR1,TSRYS5802848,D,S,T,2024-05-16,2000000.00,4.530915,99.9140625
08:01:17,91282CKR1,TSRYS5802848,D,S,T,2024-05-16,2000000.00,4.53303,99.908203125
08:01:17,91282CKR1,TSRYS5802848,D,S,T,2024-05-16,1000000.00,4.53303,99.908203125
08:01:17,91282CKR1,TSRYS5802848,D,S,T,2024-05-16,2000000.00,4.53303,99.908203125
08:01:17,91282CKR1,TSRYS5802848,D,S,T,2024-05-16,1000000.00,4.53303,99.908203125
08:01:18,91282CKR1,TSRYS5802848,D,S,C,2024-05-16,270000.00,4.513995,99.9609375
08:01:18,91282CKR1,TSRYS5802848,D,S,D,2024-05-16,1000000.00,4.528094,99.921875
08:01:18,91282CKR1,TSRYS5802848,D,S,D,2024-05-16,1000000.00,4.528094,99.921875
08:01:18,91282CKR1,TSRYS5802848,D,S,D,2024-05-16,1000000.00,4.528094,99.921875
08:01:18,91282CKR1,TSRYS5802848,D,S,D,2024-05-16,1000000.00,4.523864,99.93359375
08:01:18,91282CKR1,TSRYS5802848,D,S,D,2024-05-16,2000000.00,4.530915,99.9140625
08:01:18,91282CKR1,TSRYS5802848,D,S,D,2024-05-16,1000000.00,4.523864,99.93359375
08:01:19,91282CKR1,TSRYS5802848,D,S,A,2024-05-16,946000.00,4.506948,99.98046875
08:01:19,91282CKR1,TSRYS5802848,D,B,A,2024-05-16,4500000.00,4.513995,99.9609375
08:01:20,91282CKR1,TSRYS5802848,D,B,A,2024-05-16,11000000.00,4.503999,99.98828125
08:01:20,91282CKR1,TSRYS5802848,D,S,D,2024-05-16,1000000.00,4.483706,100.04492187
08:01:20,91282CKR1,TSRYS5802848,D,S,C,2024-05-16,1000000.00,4.483706,100.04492187
08:01:20,91282CKR1,TSRYS5802848,D,S,C,2024-05-16,1000000.00,4.483706,100.04492187
08:01:20,91282CKR1,TSRYS5802848,D,B,A,2024-05-16,2100000.00,4.505539,99.984375
08:01:20,91282CKR1,TSRYS5802848,D,B,C,2024-05-16,1000000.00,4.529504,99.91796875
08:01:20,91282CKR1,TSRYS5802848,D,B,C,2024-05-16,1000000.00,4.529504,99.91796875
08:01:20,91282CKR1,TSRYS5802848,D,S,D,2024-05-16,1000000.00,4.529504,99.91796875
08:01:20,91282CKR1,TSRYS5802848,D,S,D,2024-05-16,1000000.00,4.529504,99.91796875
08:01:20,91282CKR1,TSRYS5802848,D,B,A,2024-05-16,4500000.00,4.506948,99.98046875
08:01:20,91282CKR1,TSRYS5802848,D,B,A,2024-05-16,2000000.00,4.511176,99.96875
08:01:20,91282CKR1,TSRYS5802848,D,B,A,2024-05-16,2000000.00,4.513995,99.9609375
08:01:20,91282CKR1,TSRYS5802848,D,B,C,2024-05-16,1000000.00,4.528094,99.921875
08:01:20,91282CKR1,TSRYS5802848,D,S,D,2024-05-16,1000000.00,4.528094,99.921875
08:01:20,91282CKR1,TSRYS5802848,D,B,C,2024-05-16,1000000.00,4.528094,99.921875
08:01:20,91282CKR1,TSRYS5802848,D,S,D,2024-05-16,1000000.00,4.528094,99.921875
08:01:20,91282CKR1,TSRYS5802848,D,S,D,2024-05-16,1000000.00,4.528094,99.921875
08:01:20,91282CKR1,TSRYS5802848,D,S,D,2024-05-16,1000000.00,4.528094,99.921875
08:01:20,91282CKR1,TSRYS5802848,D,B,C,2024-05-16,1000000.00,4.528094,99.921875
08:01:20,91282CKR1,TSRYS5802848,D,B,C,2024-05-16,1000000.00,4.528094,99.921875
08:01:20,91282CKR1,TSRYS5802848,D,S,D,2024-05-16,1000000.00,4.528094,99.921875
08:01:20,91282CKR1,TSRYS5802848,D,S,D,2024-05-16,1000000.00,4.528094,99.921875
08:01:20,91282CKR1,TSRYS5802848,D,S,D,2024-05-16,1000000.00,4.528094,99.921875
08:01:20,91282CKR1,TSRYS5802848,D,S,D,2024-05-16,1000000.00,4.528094,99.921875
08:01:21,91282CKR1,TSRYS5802848,D,S,D,2024-05-16,5000000.00,4.497754,100.00596
08:01:21,91282CKR1,TSRYS5802848,D,S,C,2024-05-16,1000000.00,4.527389,99.923828125
08:01:21,91282CKR1,TSRYS5802848,D,B,C,2024-05-16,1000000.00,4.527389,99.923828125
08:01:21,91282CKR1,TSRYS5802848,D,B,C,2024-05-16,1000000.00,4.526684,99.92578125
08:01:21,91282CKR1,TSRYS5802848,D,S,D,2024-05-16,1000000.00,4.526684,99.92578125
08:01:21,91282CKR1,TSRYS5802848,D,S,D,2024-05-16,1000000.00,4.528094,99.921875
08:01:21,91282CKR1,TSRYS5802848,D,B,C,2024-05-16,1000000.00,4.524569,99.931640625
08:01:21,91282CKR1,TSRYS5802848,D,S,A,2024-05-16,2000000.00,4.511881,99.966796875
08:01:21,91282CKR1,TSRYS5802848,D,S,A,2024-05-16,2000000.00,4.511881,99.966796875
08:01:21,91282CKR1,TSRYS5802848,D,S,D,2024-05-16,1000000.00,4.524569,99.931640625
08:01:21,91282CKR1,TSRYS5802848,D,B,A,2024-05-16,300000.00,4.522454,99.9375
08:01:21,91282CKR1,TSRYS5802848,D,B,C,2024-05-16,1000000.00,4.523864,99.93359375
08:01:21,91282CKR1,TSRYS5802848,D,S,D,2024-05-16,1000000.00,4.523864,99.93359375
08:01:21,91282CKR1,TSRYS5802848,D,S,D,2024-05-16,1000000.00,4.523864,99.93359375
08:01:21,91282CKR1,TSRYS5802848,D,B,C,2024-05-16,1000000.00,4.502721,99.9921875
08:01:22,91282CKR1,TSRYS5802848,D,S,D,2024-05-16,1000000.00,4.523864,99.93359375
08:01:22,91282CKR1,TSRYS5802848,D,S,T,2024-05-16,1000000.00,4.523195,99.935446875
08:01:22,91282CKR1,TSRYS5802848,D,B,C,2024-05-16,3000000.00,4.524569,99.931640625
08:01:22,91282CKR1,TSRYS5802848,D,S,D,2024-05-16,3000000.00,4.524569,99.931640625
08:01:22,91282CKR1,TSRYS5802848,D,S,T,2024-05-16,4000000.00,4.530915,99.9140625
08:01:22,91282CKR1,TSRYS5802848,D,S,D,2024-05-16,1000000.00,4.523864,99.93359375
08:01:22,91282CKR1,TSRYS5802848,D,B,C,2024-05-16,1000000.00,4.523159,99.935546875
08:01:22,91282CKR1,TSRYS5802848,D,S,C,2024-05-16,1000000.00,4.523159,99.935546875
08:01:22,91282CKR1,TSRYS5802848,D,B,A,2024-05-16,199000.00,4.515405,99.95703125
08:01:22,91282CKR1,TSRYS5802848,D,B,C,2024-05-16,2000000.00,4.523159,99.935546875
08:01:22,91282CKR1,TSRYS5802848,D,S,D,2024-05-16,2000000.00,4.523159,99.935546875
08:01:22,91282CKR1,TSRYS5802848,D,B,C,2024-05-16,2000000.00,4.522454,99.9375
08:01:22,91282CKR1,TSRYS5802848,D,S,D,2024-05-16,2000000.00,4.522454,99.9375
08:01:22,91282CKR1,TSRYS5802848,D,B,C,2024-05-16,1000000.00,4.522454,99.9375
08:01:22,91282CKR1,TSRYS5802848,D,S,D,2024-05-16,1000000.00,4.522454,99.9375
08:01:22,91282CKR1,TSRYS5802848,D,B,C,2024-05-16,1000000.00,4.522454,99.9375
08:01:22,91282CKR1,TSRYS5802848,D,S,D,2024-05-16,1000000.00,4.522454,99.9375
08:01:22,91282CKR1,TSRYS5802848,D,S,A,2024-05-16,4867000.00,4.516815,99.953125
08:01:22,91282CKR1,TSRYS5802848,D,S,T,2024-05-16,1000000.00,4.523222,99.935371875
08:01:22,91282CKR1,TSRYS5802848,D,B,C,2024-05-16,1000000.00,4.521749,99.939453125
08:01:22,91282CKR1,TSRYS5802848,D,S,D,2024-05-16,1000000.00,4.521749,99.939453125
08:01:23,91282CKR1,TSRYS5802848,D,B,C,2024-05-16,1000000.00,4.520339,99.943359375
08:01:23,91282CKR1,TSRYS5802848,D,S,C,2024-05-16,1000000.00,4.520339,99.943359375
08:01:23,91282CKR1,TSRYS5802848,D,S,D,2024-05-16,1000000.00,4.523864,99.93359375
08:01:23,91282CKR1,TSRYS5802848,D,S,D,2024-05-16,115000.00,4.523864,99.93359375
08:01:23,91282CKR1,TSRYS5802848,D,S,C,2024-05-16,1000000.00,4.51611,99.955078125
08:01:23,91282CKR1,TSRYS5802848,D,B,C,2024-05-16,1000000.00,4.51611,99.955078125
08:01:23,91282CKR1,TSRYS5802848,D,S,D,2024-05-16,24350000.00,4.590208,99.75
08:01:23,91282CKR1,TSRYS5802848,D,S,D,2024-05-16,24350000.00,4.590208,99.75
08:01:23,91282CKR1,TSRYS5802848,D,S,D,2024-05-16,48750000.00,4.590208,99.75
08:01:23,91282CKR1,TSRYS5802848,D,S,D,2024-05-16,19500000.00,4.590208,99.75
08:01:24,91282CKR1,TSRYS5802848,D,S,D,2024-05-16,9800000.00,4.590208,99.75
08:01:24,91282CKR1,TSRYS5802848,D,S,D,2024-05-16,24500000.00,4.590208,99.75
08:01:24,91282CKR1,TSRYS5802848,D,S,D,2024-05-16,24550000.00,4.590208,99.75
08:01:24,91282CKR1,TSRYS5802848,D,S,D,2024-05-16,24550000.00,4.590208,99.75
08:01:24,91282CKR1,TSRYS5802848,D,S,D,2024-05-16,24550000.00,4.590208,99.75
08:01:24,91282CKR1,TSRYS5802848,D,S,D,2024-05-16,8650000.00,4.590208,99.75
08:01:24,91282CKR1,TSRYS5802848,D,S,D,2024-05-16,38000000.00,4.590208,99.75
08:01:24,91282CKR1,TSRYS5802848,D,S,D,2024-05-16,9750000.00,4.590208,99.75
08:01:24,91282CKR1,TSRYS5802848,D,S,T,2024-05-16,2000000.00,4.532361,99.91005625
08:01:24,91282CKR1,TSRYS5802848,D,S,T,2024-05-16,2000000.00,4.532361,99.91005625
08:01:24,91282CKR1,TSRYS5802848,D,S,T,2024-05-16,1000000.00,4.532361,99.91005625
08:01:24,91282CKR1,TSRYS5802848,D,S,T,2024-05-16,3000000.00,4.532361,99.91005625
08:01:24,91282CKR1,TSRYS5802848,D,S,T,2024-05-16,1000000.00,4.532361,99.91005625
08:01:24,91282CKR1,TSRYS5802848,D,S,T,2024-05-16,1000000.00,4.532361,99.91005625
08:01:25,91282CKR1,TSRYS5802848,D,S,D,2024-05-16,97000000.00,4.524342,99.93227
08:01:26,91282CKR1,TSRYS5802848,D,B,A,2024-05-16,474000.00,4.513995,99.9609375
08:01:27,91282CKR1,TSRYS5802848,D,B,A,2024-05-16,197000.00,4.506948,99.98046875
08:01:27,91282CKR1,TSRYS5802848,D,B,A,2024-05-16,421000.00,4.509767,99.97265625
08:01:27,91282CKR1,TSRYS5802848,D,B,A,2024-05-16,4400000.00,4.50413,99.98828125
08:01:27,91282CKR1,TSRYS5802848,D,B,A,2024-05-16,3867000.00,4.522454,99.9375
08:01:27,91282CKR1,TSRYS5802848,D,B,A,2024-05-16,591000.00,4.506948,99.98046875
08:01:27,91282CKR1,TSRYS5802848,D,B,A,2024-05-16,492000.00,4.508358,99.9765625
08:01:28,91282CKR1,TSRYS5802848,D,B,A,2024-05-16,273000.00,4.495677,100.0117188
08:01:28,91282CKR1,TSRYS5802848,D,S,A,2024-05-16,4911000.00,4.491451,100.0234375
08:01:29,91282CKR1,TSRYS5802848,D,S,C,2024-05-16,1000000.00,4.483706,100.04492187
08:01:31,91282CKR1,TSRYS5802848,D,S,C,2024-05-16,1000000.00,4.483706,100.04492187
08:01:31,91282CKR1,TSRYS5802848,D,S,T,2024-05-16,1000000.00,4.52954,99.91786875
08:01:31,91282CKR1,TSRYS5802848,D,S,T,2024-05-16,3000000.00,4.52954,99.91786875
08:01:31,91282CKR1,TSRYS5802848,D,S,T,2024-05-16,1000000.00,4.52954,99.91786875
08:01:31,91282CKR1,TSRYS5802848,D,S,T,2024-05-16,3000000.00,4.52954,99.91786875
08:01:31,91282CKR1,TSRYS5802848,D,B,C,2024-05-16,1000000.00,4.483706,100.04492187
08:01:31,91282CKR1,TSRYS5802848,D,S,T,2024-05-16,1000000.00,4.52954,99.91786875
08:01:31,91282CKR1,TSRYS5802848,D,S,T,2024-05-16,5000000.00,4.52954,99.91786875
08:01:31,91282CKR1,TSRYS5802848,D,S,T,2024-05-16,1000000.00,4.52954,99.91786875
08:01:31,91282CKR1,TSRYS5802848,D,S,T,2024-05-16,1000000.00,4.52954,99.91786875
08:01:31,91282CKR1,TSRYS5802848,D,S,C,2024-05-16,2000000.00,4.483706,100.04492187
08:01:31,91282CKR1,TSRYS5802848,D,S,T,2024-05-16,11000000.00,4.529551,99.91783875
08:01:31,91282CKR1,TSRYS5802848,D,S,T,2024-05-16,1000000.00,4.52954,99.91786875
08:01:32,91282CKR1,TSRYS5802848,D,S,T,2024-05-16,1000000.00,4.529551,99.91783875
08:01:32,91282CKR1,TSRYS5802848,D,S,T,2024-05-16,1000000.00,4.529551,99.91783875
08:01:32,91282CKR1,TSRYS5802848,D,S,D,2024-05-16,2000000.00,4.483706,100.04492187
08:01:32,91282CKR1,TSRYS5802848,D,S,D,2024-05-16,2000000.00,4.483706,100.04492187
08:01:32,91282CKR1,TSRYS5802848,D,S,T,2024-05-16,1000000.00,4.529551,99.91783875
08:01:32,91282CKR1,TSRYS5802848,D,S,C,2024-05-16,21000000.00,4.480523,100.05375
08:01:32,91282CKR1,TSRYS5802848,D,S,T,2024-05-16,1000000.00,4.529551,99.91783875
08:01:32,91282CKR1,TSRYS5802848,D,S,T,2024-05-16,1000000.00,4.524569,99.931640625
08:01:32,91282CKR1,TSRYS5802848,D,S,T,2024-05-16,1000000.00,4.529551,99.91783875
08:01:32,91282CKR1,TSRYS5802848,D,S,T,2024-05-16,1000000.00,4.529551,99.91783875
08:01:32,91282CKR1,TSRYS5802848,D,S,T,2024-05-16,1000000.00,4.529551,99.91783875
08:01:32,91282CKR1,TSRYS5802848,D,S,T,2024-05-16,1000000.00,4.529551,99.91783875
08:01:33,91282CKR1,TSRYS5802848,D,B,C,2024-05-16,1000000.00,4.480186,100.0546875
08:01:34,91282CKR1,TSRYS5802848,D,S,T,2024-05-16,3000000.00,4.523864,99.93359375
08:01:35,91282CKR1,TSRYS5802848,D,B,A,2024-05-16,199000.00,4.505539,99.984375
08:01:35,91282CKR1,TSRYS5802848,D,B,C,2024-05-16,1000000.00,4.480186,100.0546875
08:01:35,91282CKR1,TSRYS5802848,D,B,C,2024-05-16,1000000.00,4.480186,100.0546875
08:01:36,91282CKR1,TSRYS5802848,D,S,T,2024-05-16,1000000.00,4.505576,99.984273
08:01:36,91282CKR1,TSRYS5802848,D,S,T,2024-05-16,1000000.00,4.505576,99.984273
08:01:36,91282CKR1,TSRYS5802848,D,S,T,2024-05-16,1000000.00,4.505576,99.984273
08:01:36,91282CKR1,TSRYS5802848,D,S,T,2024-05-16,1000000.00,4.505576,99.984273
08:01:36,91282CKR1,TSRYS5802848,D,S,T,2024-05-16,1000000.00,4.505576,99.984273
08:01:36,91282CKR1,TSRYS5802848,D,S,T,2024-05-16,2000000.00,4.50413,99.98828125
08:01:36,91282CKR1,TSRYS5802848,D,S,T,2024-05-16,1000000.00,4.50413,99.98828125
08:01:36,91282CKR1,TSRYS5802848,D,S,T,2024-05-16,1000000.00,4.50413,99.98828125
08:01:36,91282CKR1,TSRYS5802848,D,S,T,2024-05-16,1000000.00,4.50413,99.98828125
08:01:40,91282CKR1,TSRYS5802848,D,B,C,2024-05-16,14000000.00,4.523864,99.93359375
08:01:41,91282CKR1,TSRYS5802848,D,B,A,2024-05-16,598000.00,4.509767,99.97265625
08:01:44,91282CKR1,TSRYS5802848,D,S,A,2024-05-16,20000000.00,4.516815,99.953125
08:01:45,91282CKR1,TSRYS5802848,D,B,C,2024-05-16,1810000.00,4.505539,99.984375
08:01:45,91282CKR1,TSRYS5802848,D,S,T,2024-05-16,1000000.00,4.501402,99.99584375
08:01:45,91282CKR1,TSRYS5802848,D,B,C,2024-05-16,12000000.00,4.483093,100.04662
08:01:45,91282CKR1,TSRYS5802848,D,S,D,2024-05-16,2000000.00,4.487226,100.03515625
08:01:45,91282CKR1,TSRYS5802848,D,S,D,2024-05-16,1000000.00,4.48793,100.033203125
08:01:45,91282CKR1,TSRYS5802848,D,B,C,2024-05-16,1000000.00,4.48793,100.033203125
08:01:45,91282CKR1,TSRYS5802848,D,S,C,2024-05-16,1000000.00,4.48793,100.033203125
08:01:45,91282CKR1,TSRYS5802848,D,B,C,2024-05-16,1000000.00,4.48793,100.033203125
08:01:46,91282CKR1,TSRYS5802848,D,B,C,2024-05-16,1000000.00,4.485114,100.041015625
08:01:46,91282CKR1,TSRYS5802848,D,S,D,2024-05-16,1000000.00,4.485114,100.041015625
08:01:46,91282CKR1,TSRYS5802848,D,S,C,2024-05-16,20000000.00,4.528094,99.921875
08:01:48,91282CKR1,TSRYS5802848,D,S,C,2024-05-16,1000000.00,4.487226,100.03515625
08:01:48,91282CKR1,TSRYS5802848,D,B,C,2024-05-16,2000000.00,4.48793,100.033203125
08:01:48,91282CKR1,TSRYS5802848,D,S,C,2024-05-16,2000000.00,4.48793,100.033203125
08:01:48,91282CKR1,TSRYS5802848,D,B,C,2024-05-16,1000000.00,4.487226,100.03515625
08:01:48,91282CKR1,TSRYS5802848,D,S,C,2024-05-16,1000000.00,4.487226,100.03515625
08:01:48,91282CKR1,TSRYS5802848,D,S,T,2024-05-16,1000000.00,4.521749,99.939453125
08:01:48,91282CKR1,TSRYS5802848,D,S,T,2024-05-16,2000000.00,4.521749,99.939453125
08:01:49,91282CKR1,TSRYS5802848,D,S,C,2024-05-16,1000000.00,4.48793,100.033203125
08:01:49,91282CKR1,TSRYS5802848,D,B,C,2024-05-16,1000000.00,4.48793,100.033203125
08:01:51,91282CKR1,TSRYS5802848,D,B,C,2024-05-16,1000000.00,4.485818,100.0390625
08:01:51,91282CKR1,TSRYS5802848,D,S,C,2024-05-16,1000000.00,4.485818,100.0390625
08:01:53,91282CKR1,TSRYS5802848,D,S,D,2024-05-16,90100000.00,4.50413,99.98828125
08:01:53,91282CKR1,TSRYS5802848,D,B,C,2024-05-16,32000000.00,4.504607,99.98696
08:01:53,91282CKR1,TSRYS5802848,D,B,C,2024-05-16,12000000.00,4.509769,99.97265
08:01:53,91282CKR1,TSRYS5802848,D,B,C,2024-05-16,1000000.00,4.515405,99.95703125
08:01:53,91282CKR1,TSRYS5802848,D,B,C,2024-05-16,1000000.00,4.515405,99.95703125
08:01:53,91282CKR1,TSRYS5802848,D,B,C,2024-05-16,1000000.00,4.5147,99.95898437
08:01:53,91282CKR1,TSRYS5802848,D,B,C,2024-05-16,1000000.00,4.5147,99.95898437
08:01:53,91282CKR1,TSRYS5802848,D,B,A,2024-05-16,69000.00,4.515405,99.95703125
08:01:53,91282CKR1,TSRYS5802848,D,B,C,2024-05-16,2000000.00,4.51611,99.95507812
08:01:54,91282CKR1,TSRYS5802848,D,B,C,2024-05-16,1000000.00,4.516815,99.953125
08:01:54,91282CKR1,TSRYS5802848,D,B,C,2024-05-16,1000000.00,4.516815,99.953125
08:01:55,91282CKR1,TSRYS5802848,D,B,C,2024-05-16,2000000.00,4.516815,99.953125
08:01:55,91282CKR1,TSRYS5802848,D,S,T,2024-05-16,2000000.00,4.521749,99.939453125
08:01:55,91282CKR1,TSRYS5802848,D,S,T,2024-05-16,3000000.00,4.521749,99.939453125
08:01:55,91282CKR1,TSRYS5802848,D,S,T,2024-05-16,1000000.00,4.521749,99.939453125
08:01:55,91282CKR1,TSRYS5802848,D,S,T,2024-05-16,28250000.00,4.590208,99.75
08:01:55,91282CKR1,TSRYS5802848,D,B,C,2024-05-16,2000000.00,4.51611,99.95507812
08:01:55,91282CKR1,TSRYS5802848,D,B,C,2024-05-16,2000000.00,4.51611,99.95507812
08:01:55,91282CKR1,TSRYS5802848,D,S,T,2024-05-16,1000000.00,4.519634,99.9453125
08:01:56,91282CKR1,TSRYS5802848,D,S,T,2024-05-16,1000000.00,4.519634,99.9453125
08:01:56,91282CKR1,TSRYS5802848,D,S,T,2024-05-16,11000000.00,4.519634,99.9453125
08:01:56,91282CKR1,TSRYS5802848,D,S,D,2024-05-16,1500000.00,4.521044,99.94140625
08:01:56,91282CKR1,TSRYS5802848,D,S,T,2024-05-16,1000000.00,4.519634,99.9453125
08:01:56,91282CKR1,TSRYS5802848,D,B,C,2024-05-16,1000000.00,4.519634,99.9453125
08:01:56,91282CKR1,TSRYS5802848,D,B,C,2024-05-16,1000000.00,4.519634,99.9453125
08:01:56,91282CKR1,TSRYS5802848,D,S,T,2024-05-16,1000000.00,4.519634,99.9453125
08:01:57,91282CKR1,TSRYS5802848,D,S,T,2024-05-16,1000000.00,4.519634,99.9453125
08:01:57,91282CKR1,TSRYS5802848,D,S,C,2024-05-16,1000000.00,4.485114,100.041015625
08:01:57,91282CKR1,TSRYS5802848,D,B,C,2024-05-16,1000000.00,4.485114,100.041015625
08:01:57,91282CKR1,TSRYS5802848,D,B,C,2024-05-16,2000000.00,4.485114,100.041015625
08:01:57,91282CKR1,TSRYS5802848,D,S,D,2024-05-16,2000000.00,4.485114,100.041015625
08:01:57,91282CKR1,TSRYS5802848,D,B,C,2024-05-16,1000000.00,4.485114,100.041015625
08:01:57,91282CKR1,TSRYS5802848,D,S,D,2024-05-16,1000000.00,4.485114,100.041015625
08:01:57,91282CKR1,TSRYS5802848,D,B,C,2024-05-16,1000000.00,4.48441,100.04296875
08:01:57,91282CKR1,TSRYS5802848,D,S,D,2024-05-16,1000000.00,4.48441,100.04296875
08:01:57,91282CKR1,TSRYS5802848,D,S,T,2024-05-16,1000000.00,4.519634,99.9453125
08:01:57,91282CKR1,TSRYS5802848,D,B,C,2024-05-16,1000000.00,4.517519,99.95117187
08:01:57,91282CKR1,TSRYS5802848,D,S,T,2024-05-16,1000000.00,4.519634,99.9453125
08:01:57,91282CKR1,TSRYS5802848,D,B,C,2024-05-16,1000000.00,4.517519,99.95117187
08:01:57,91282CKR1,TSRYS5802848,D,S,C,2024-05-16,1000000.00,4.498404,100.00415625
08:01:57,91282CKR1,TSRYS5802848,D,B,C,2024-05-16,1000000.00,4.498494,100.00390625
08:01:57,91282CKR1,TSRYS5802848,D,S,C,2024-05-16,1000000.00,4.498404,100.00415625
08:01:57,91282CKR1,TSRYS5802848,D,B,C,2024-05-16,1000000.00,4.498567,100.00370625
08:01:57,91282CKR1,TSRYS5802848,D,S,C,2024-05-16,1000000.00,4.499831,100.0002
08:01:57,91282CKR1,TSRYS5802848,D,B,C,2024-05-16,1000000.00,4.499903,100.0
08:01:57,91282CKR1,TSRYS5802848,D,B,C,2024-05-16,1000000.00,4.499903,100.0
08:01:57,91282CKR1,TSRYS5802848,D,S,C,2024-05-16,1000000.00,4.499813,100.00025
08:01:57,91282CKR1,TSRYS5802848,D,B,C,2024-05-16,1000000.00,4.499903,100.0
08:01:57,91282CKR1,TSRYS5802848,D,S,C,2024-05-16,1000000.00,4.499831,100.0002
08:01:58,91282CKR1,TSRYS5802848,D,B,C,2024-05-16,1000000.00,4.516815,99.953125
08:01:58,91282CKR1,TSRYS5802848,D,B,C,2024-05-16,3000000.00,4.516815,99.953125
08:01:58,91282CKR1,TSRYS5802848,D,B,C,2024-05-16,1000000.00,4.483706,100.044921875
08:01:58,91282CKR1,TSRYS5802848,D,S,D,2024-05-16,1000000.00,4.483706,100.044921875
08:01:58,91282CKR1,TSRYS5802848,D,B,C,2024-05-16,1000000.00,4.483706,100.044921875
08:01:58,91282CKR1,TSRYS5802848,D,S,D,2024-05-16,1000000.00,4.483706,100.044921875
08:01:58,91282CKR1,TSRYS5802848,D,S,C,2024-05-16,180000000.00,4.518072,99.94964
08:01:58,91282CKR1,TSRYS5802848,D,S,T,2024-05-16,1000000.00,4.519634,99.9453125
08:01:58,91282CKR1,TSRYS5802848,D,S,D,2024-05-16,1000000.00,4.480186,100.0546875
08:01:58,91282CKR1,TSRYS5802848,D,S,D,2024-05-16,1000000.00,4.480186,100.0546875
08:01:58,91282CKR1,TSRYS5802848,D,B,C,2024-05-16,1000000.00,4.480186,100.0546875
08:01:58,91282CKR1,TSRYS5802848,D,S,D,2024-05-16,1000000.00,4.480186,100.0546875
08:01:58,91282CKR1,TSRYS5802848,D,S,T,2024-05-16,1000000.00,4.519634,99.9453125
08:01:58,91282CKR1,TSRYS5802848,D,S,D,2024-05-16,1000000.00,4.480186,100.0546875
08:01:58,91282CKR1,TSRYS5802848,D,S,D,2024-05-16,1000000.00,4.480186,100.0546875
08:01:58,91282CKR1,TSRYS5802848,D,S,T,2024-05-16,1000000.00,4.519634,99.9453125
08:01:58,91282CKR1,TSRYS5802848,D,S,D,2024-05-16,1000000.00,4.498422,100.00410625
08:01:58,91282CKR1,TSRYS5802848,D,B,C,2024-05-16,1000000.00,4.498576,100.00367925
08:01:58,91282CKR1,TSRYS5802848,D,S,C,2024-05-16,1000000.00,4.499813,100.00025
08:01:58,91282CKR1,TSRYS5802848,D,B,C,2024-05-16,1000000.00,4.499903,100.0
08:01:58,91282CKR1,TSRYS5802848,D,S,D,2024-05-16,1000000.00,4.480186,100.0546875
08:01:58,91282CKR1,TSRYS5802848,D,B,C,2024-05-16,1000000.00,4.502793,99.9919875
08:01:58,91282CKR1,TSRYS5802848,D,S,C,2024-05-16,1000000.00,4.502631,99.9924375
08:01:59,91282CKR1,TSRYS5802848,D,S,T,2024-05-16,3000000.00,4.519634,99.9453125
08:01:59,91282CKR1,TSRYS5802848,D,S,C,2024-05-16,1000000.00,4.502631,99.9924375
08:01:59,91282CKR1,TSRYS5802848,D,S,T,2024-05-16,2000000.00,4.511881,99.96679687
08:01:59,91282CKR1,TSRYS5802848,D,S,T,2024-05-16,1000000.00,4.511881,99.96679687
08:01:59,91282CKR1,TSRYS5802848,D,S,C,2024-05-16,1000000.00,4.502721,99.9921875
08:01:59,91282CKR1,TSRYS5802848,D,S,C,2024-05-16,1000000.00,4.502721,99.9921875
08:01:59,91282CKR1,TSRYS5802848,D,B,C,2024-05-16,1000000.00,4.502803,99.9919605
08:01:59,91282CKR1,TSRYS5802848,D,B,C,2024-05-16,1000000.00,4.502811,99.9919375
08:01:59,91282CKR1,TSRYS5802848,D,S,C,2024-05-16,2000000.00,4.512586,99.96484375
08:01:59,91282CKR1,TSRYS5802848,D,B,C,2024-05-16,1000000.00,4.501348,99.99599375
08:01:59,91282CKR1,TSRYS5802848,D,S,C,2024-05-16,1000000.00,4.501312,99.99609375
08:01:59,91282CKR1,TSRYS5802848,D,S,T,2024-05-16,1000000.00,4.519634,99.9453125
08:01:59,91282CKR1,TSRYS5802848,D,S,C,2024-05-16,1000000.00,4.501312,99.99609375
08:01:59,91282CKR1,TSRYS5802848,D,B,C,2024-05-16,1000000.00,4.501312,99.99609375
08:01:59,91282CKR1,TSRYS5802848,D,S,D,2024-05-16,1000000.00,4.512586,99.96484375
08:01:59,91282CKR1,TSRYS5802848,D,S,D,2024-05-16,2000000.00,4.512586,99.96484375
08:01:59,91282CKR1,TSRYS5802848,D,S,D,2024-05-16,2000000.00,4.512586,99.96484375
08:01:59,91282CKR1,TSRYS5802848,D,S,C,2024-05-16,1000000.00,4.499903,100.0
08:01:59,91282CKR1,TSRYS5802848,D,S,D,2024-05-16,1000000.00,4.499903,100.0
08:01:59,91282CKR1,TSRYS5802848,D,B,C,2024-05-16,1000000.00,4.499903,100.0
08:01:59,91282CKR1,TSRYS5802848,D,B,C,2024-05-16,1000000.00,4.499903,100.0
08:01:59,91282CKR1,TSRYS5802848,D,B,C,2024-05-16,1000000.00,4.499903,100.0
08:01:59,91282CKR1,TSRYS5802848,D,S,D,2024-05-16,1000000.00,4.499903,100.0
08:02:00,91282CKR1,TSRYS5802848,D,S,D,2024-05-16,1000000.00,4.499903,100.0
08:02:00,91282CKR1,TSRYS5802848,D,B,C,2024-05-16,1000000.00,4.499985,99.999773
08:02:00,91282CKR1,TSRYS5802848,D,S,D,2024-05-16,1000000.00,4.499903,100.0
08:02:00,91282CKR1,TSRYS5802848,D,S,D,2024-05-16,1000000.00,4.499903,100.0
08:02:00,91282CKR1,TSRYS5802848,D,S,D,2024-05-16,1000000.00,4.512586,99.96484375
08:02:00,91282CKR1,TSRYS5802848,D,B,C,2024-05-16,1000000.00,4.499903,100.0
08:02:00,91282CKR1,TSRYS5802848,D,B,C,2024-05-16,1000000.00,4.499903,100.0
08:02:00,91282CKR1,TSRYS5802848,D,S,D,2024-05-16,1000000.00,4.512586,99.96484375
08:02:00,91282CKR1,TSRYS5802848,D,S,C,2024-05-16,1000000.00,4.512586,99.96484375
08:02:00,91282CKR1,TSRYS5802848,D,S,C,2024-05-16,2000000.00,4.512586,99.96484375
08:02:00,91282CKR1,TSRYS5802848,D,S,D,2024-05-16,1000000.00,4.512586,99.96484375
08:02:00,91282CKR1,TSRYS5802848,D,S,D,2024-05-16,2000000.00,4.512586,99.96484375
08:02:00,91282CKR1,TSRYS5802848,D,S,D,2024-05-16,1000000.00,4.512586,99.96484375
08:02:00,91282CKR1,TSRYS5802848,D,S,D,2024-05-16,2000000.00,4.512586,99.96484375
08:02:00,91282CKR1,TSRYS5802848,D,S,T,2024-05-16,3000000.00,4.519634,99.9453125
08:02:00,91282CKR1,TSRYS5802848,D,S,D,2024-05-16,1000000.00,4.512586,99.96484375
08:02:00,91282CKR1,TSRYS5802848,D,S,D,2024-05-16,70000.00,4.505539,99.984375
08:02:00,91282CKR1,TSRYS5802848,D,S,D,2024-05-16,2000000.00,4.512586,99.96484375
08:02:00,91282CKR1,TSRYS5802848,D,S,D,2024-05-16,2000000.00,4.512586,99.96484375
08:02:00,91282CKR1,TSRYS5802848,D,S,C,2024-05-16,2000000.00,4.512586,99.96484375
08:02:00,91282CKR1,TSRYS5802848,D,S,D,2024-05-16,1000000.00,4.512586,99.96484375
08:02:00,91282CKR1,TSRYS5802848,D,S,D,2024-05-16,2000000.00,4.512586,99.96484375
08:02:00,91282CKR1,TSRYS5802848,D,S,D,2024-05-16,2000000.00,4.512586,99.96484375
08:02:00,91282CKR1,TSRYS5802848,D,S,D,2024-05-16,1000000.00,4.497086,100.0078125
08:02:00,91282CKR1,TSRYS5802848,D,S,D,2024-05-16,2000000.00,4.512586,99.96484375
08:02:00,91282CKR1,TSRYS5802848,D,B,C,2024-05-16,1000000.00,4.497167,100.0075855
08:02:00,91282CKR1,TSRYS5802848,D,S,D,2024-05-16,1000000.00,4.512586,99.96484375
08:02:00,91282CKR1,TSRYS5802848,D,S,D,2024-05-16,1000000.00,4.512586,99.96484375
08:02:00,91282CKR1,TSRYS5802848,D,S,T,2024-05-16,2000000.00,4.512586,99.96484375
08:02:00,91282CKR1,TSRYS5802848,D,S,T,2024-05-16,1000000.00,4.512586,99.96484375
08:02:00,91282CKR1,TSRYS5802848,D,S,T,2024-05-16,1000000.00,4.512586,99.96484375
08:02:00,91282CKR1,TSRYS5802848,D,S,T,2024-05-16,1000000.00,4.519634,99.9453125
08:02:00,91282CKR1,TSRYS5802848,D,S,D,2024-05-16,1000000.00,4.512586,99.96484375
08:02:00,91282CKR1,TSRYS5802848,D,S,D,2024-05-16,2000000.00,4.513995,99.9609375
08:02:00,91282CKR1,TSRYS5802848,D,S,T,2024-05-16,1000000.00,4.513995,99.9609375
08:02:00,91282CKR1,TSRYS5802848,D,B,C,2024-05-16,1000000.00,4.495677,100.01171875
08:02:00,91282CKR1,TSRYS5802848,D,S,C,2024-05-16,2000000.00,4.513995,99.9609375
08:02:00,91282CKR1,TSRYS5802848,D,S,D,2024-05-16,1000000.00,4.495677,100.01171875
08:02:00,91282CKR1,TSRYS5802848,D,S,D,2024-05-16,1000000.00,4.513995,99.9609375
08:02:00,91282CKR1,TSRYS5802848,D,S,C,2024-05-16,1000000.00,4.495677,100.01171875
08:02:00,91282CKR1,TSRYS5802848,D,B,C,2024-05-16,1000000.00,4.495749,100.01151875
08:02:00,91282CKR1,TSRYS5802848,D,S,T,2024-05-16,1000000.00,4.513995,99.9609375
08:02:00,91282CKR1,TSRYS5802848,D,B,C,2024-05-16,1000000.00,4.495713,100.01161875
08:02:00,91282CKR1,TSRYS5802848,D,S,C,2024-05-16,1000000.00,4.513995,99.9609375
08:02:00,91282CKR1,TSRYS5802848,D,S,T,2024-05-16,1000000.00,4.513995,99.9609375
08:02:00,91282CKR1,TSRYS5802848,D,S,C,2024-05-16,1000000.00,4.495677,100.01171875
08:02:00,91282CKR1,TSRYS5802848,D,S,C,2024-05-16,1000000.00,4.51611,99.95507812
08:02:00,91282CKR1,TSRYS5802848,D,S,D,2024-05-16,1000000.00,4.51611,99.95507812
08:02:00,91282CKR1,TSRYS5802848,D,S,D,2024-05-16,1000000.00,4.51611,99.95507812
08:02:00,91282CKR1,TSRYS5802848,D,S,D,2024-05-16,1000000.00,4.51611,99.95507812
08:02:00,91282CKR1,TSRYS5802848,D,S,T,2024-05-16,1000000.00,4.519634,99.9453125
08:02:01,91282CKR1,TSRYS5802848,D,S,T,2024-05-16,1000000.00,4.519634,99.9453125
08:02:01,91282CKR1,TSRYS5802848,D,S,C,2024-05-16,1000000.00,4.494268,100.015625
08:02:01,91282CKR1,TSRYS5802848,D,B,C,2024-05-16,1000000.00,4.494268,100.015625
08:02:01,91282CKR1,TSRYS5802848,D,S,T,2024-05-16,14000000.00,4.519634,99.9453125
08:02:01,91282CKR1,TSRYS5802848,D,S,T,2024-05-16,1000000.00,4.519634,99.9453125
08:02:02,91282CKR1,TSRYS5802848,D,S,D,2024-05-16,1000000.00,4.49286,100.01953125
08:02:02,91282CKR1,TSRYS5802848,D,S,C,2024-05-16,1000000.00,4.485818,100.0390625
08:02:02,91282CKR1,TSRYS5802848,D,B,C,2024-05-16,1000000.00,4.485818,100.0388625
08:02:02,91282CKR1,TSRYS5802848,D,S,T,2024-05-16,1000000.00,4.519634,99.9453125
08:02:02,91282CKR1,TSRYS5802848,D,B,C,2024-05-16,1000000.00,4.49286,100.01953125
08:02:02,91282CKR1,TSRYS5802848,D,S,D,2024-05-16,1000000.00,4.485818,100.0390625
08:02:02,91282CKR1,TSRYS5802848,D,B,C,2024-05-16,1000000.00,4.485818,100.0388625
08:02:02,91282CKR1,TSRYS5802848,D,S,C,2024-05-16,1000000.00,4.485818,100.0390625
08:02:02,91282CKR1,TSRYS5802848,D,B,C,2024-05-16,1000000.00,4.485818,100.0388625
