tradeTime,cusip,issueSymbolIdentifier,priceType,reportingSideCode,contraPartyTypeCode,tradeDate,reportedTradeVolume,lastSaleYield,lastSalePrice
08:00:04,91282CKV2,TSRYS5823596,D,S,T,2024-06-14,2000000.00,4.439114,100.515625
08:00:04,91282CKV2,TSRYS5823596,D,S,D,2024-06-14,1000000.00,4.455955,100.46875
08:00:04,91282CKV2,TSRYS5823596,D,S,D,2024-06-14,3000000.00,4.459465,100.458984375
08:00:04,91282CKV2,TSRYS5823596,D,S,D,2024-06-14,3000000.00,4.459465,100.458984375
08:00:04,91282CKV2,TSRYS5823596,D,S,D,2024-06-14,2000000.00,4.459465,100.458984375
08:00:04,91282CKV2,TSRYS5823596,D,S,D,2024-06-14,1000000.00,4.459465,100.458984375
08:00:04,91282CKV2,TSRYS5823596,D,S,D,2024-06-14,2000000.00,4.458061,100.462890625
08:00:04,91282CKV2,TSRYS5823596,D,S,D,2024-06-14,2000000.00,4.458061,100.462890625
08:00:04,91282CKV2,TSRYS5823596,D,S,D,2024-06-14,1000000.00,4.460167,100.45703125
08:00:04,91282CKV2,TSRYS5823596,D,S,D,2024-06-14,2000000.00,4.465784,100.44140625
08:00:04,91282CKV2,TSRYS5823596,D,S,D,2024-06-14,1000000.00,4.465784,100.44140625
08:00:04,91282CKV2,TSRYS5823596,D,S,D,2024-06-14,3000000.00,4.465784,100.44140625
08:00:04,91282CKV2,TSRYS5823596,D,S,D,2024-06-14,1000000.00,4.465082,100.443359375
08:00:04,91282CKV2,TSRYS5823596,D,S,D,2024-06-14,2000000.00,4.46438,100.4453125
08:00:04,91282CKV2,TSRYS5823596,D,S,D,2024-06-14,2000000.00,4.46438,100.4453125
08:00:04,91282CKV2,TSRYS5823596,D,S,D,2024-06-14,1000000.00,4.46438,100.4453125
08:00:04,91282CKV2,TSRYS5823596,D,S,D,2024-06-14,2000000.00,4.46438,100.4453125
08:00:04,91282CKV2,TSRYS5823596,D,S,D,2024-06-14,2000000.00,4.46438,100.4453125
08:00:04,91282CKV2,TSRYS5823596,D,S,D,2024-06-14,1000000.00,4.46438,100.4453125
08:00:04,91282CKV2,TSRYS5823596,D,S,D,2024-06-14,1000000.00,4.46438,100.4453125
08:00:04,91282CKV2,TSRYS5823596,D,S,D,2024-06-14,2000000.00,4.46438,100.4453125
08:00:04,91282CKV2,TSRYS5823596,D,S,D,2024-06-14,2000000.00,4.46438,100.4453125
08:00:04,91282CKV2,TSRYS5823596,D,S,D,2024-06-14,2000000.00,4.46438,100.4453125
08:00:04,91282CKV2,TSRYS5823596,D,S,D,2024-06-14,1000000.00,4.458763,100.4609375
08:00:04,91282CKV2,TSRYS5823596,D,S,D,2024-06-14,1000000.00,4.458763,100.4609375
08:00:04,91282CKV2,TSRYS5823596,D,S,D,2024-06-14,1000000.00,4.458763,100.4609375
08:00:04,91282CKV2,TSRYS5823596,D,S,D,2024-06-14,1000000.00,4.458763,100.4609375
08:00:04,91282CKV2,TSRYS5823596,D,S,D,2024-06-14,1000000.00,4.458763,100.4609375
08:00:04,91282CKV2,TSRYS5823596,D,S,D,2024-06-14,1000000.00,4.458763,100.4609375
08:00:04,91282CKV2,TSRYS5823596,D,S,D,2024-06-14,2000000.00,4.454551,100.47265625
08:00:04,91282CKV2,TSRYS5823596,D,S,D,2024-06-14,2000000.00,4.454551,100.47265625
08:00:04,91282CKV2,TSRYS5823596,D,S,D,2024-06-14,2000000.00,4.454551,100.47265625
08:00:04,91282CKV2,TSRYS5823596,D,S,D,2024-06-14,3000000.00,4.457359,100.46484375
08:00:04,91282CKV2,TSRYS5823596,D,S,D,2024-06-14,2000000.00,4.456657,100.466796875
08:00:04,91282CKV2,TSRYS5823596,D,S,D,2024-06-14,2000000.00,4.456657,100.466796875
08:00:04,91282CKV2,TSRYS5823596,D,S,D,2024-06-14,1000000.00,4.458763,100.4609375
08:00:04,91282CKV2,TSRYS5823596,D,S,D,2024-06-14,2000000.00,4.458763,100.4609375
08:00:04,91282CKV2,TSRYS5823596,D,S,D,2024-06-14,3000000.00,4.460167,100.45703125
08:00:04,91282CKV2,TSRYS5823596,D,S,D,2024-06-14,1000000.00,4.461571,100.453125
08:00:04,91282CKV2,TSRYS5823596,D,S,D,2024-06-14,2000000.00,4.461571,100.453125
08:00:04,91282CKV2,TSRYS5823596,D,S,D,2024-06-14,1000000.00,4.461571,100.453125
08:00:04,91282CKV2,TSRYS5823596,D,S,T,2024-06-14,2000000.00,4.459465,100.458984375
08:00:04,91282CKV2,TSRYS5823596,D,S,D,2024-06-14,1000000.00,4.460167,100.45703125
08:00:04,91282CKV2,TSRYS5823596,D,S,D,2024-06-14,4000000.00,4.460167,100.45703125
08:00:04,91282CKV2,TSRYS5823596,D,S,T,2024-06-14,1000000.00,4.458061,100.462890625
08:00:04,91282CKV2,TSRYS5823596,D,S,D,2024-06-14,2000000.00,4.465784,100.44140625
08:00:04,91282CKV2,TSRYS5823596,D,S,D,2024-06-14,2000000.00,4.465784,100.44140625
08:00:04,91282CKV2,TSRYS5823596,D,S,D,2024-06-14,2000000.00,4.465784,100.44140625
08:00:04,91282CKV2,TSRYS5823596,D,S,D,2024-06-14,2000000.00,4.465784,100.44140625
08:00:04,91282CKV2,TSRYS5823596,D,S,D,2024-06-14,2000000.00,4.465784,100.44140625
08:00:04,91282CKV2,TSRYS5823596,D,S,D,2024-06-14,1000000.00,4.465784,100.44140625
08:00:04,91282CKV2,TSRYS5823596,D,S,D,2024-06-14,3000000.00,4.467891,100.435546875
08:00:04,91282CKV2,TSRYS5823596,D,S,D,2024-06-14,1000000.00,4.468593,100.43359375
08:00:04,91282CKV2,TSRYS5823596,D,S,D,2024-06-14,1000000.00,4.465784,100.44140625
08:00:04,91282CKV2,TSRYS5823596,D,S,D,2024-06-14,1000000.00,4.465082,100.443359375
08:00:04,91282CKV2,TSRYS5823596,D,S,D,2024-06-14,3000000.00,4.465082,100.443359375
08:00:04,91282CKV2,TSRYS5823596,D,S,D,2024-06-14,1000000.00,4.465082,100.443359375
08:00:04,91282CKV2,TSRYS5823596,D,S,D,2024-06-14,3000000.00,4.465082,100.443359375
08:00:04,91282CKV2,TSRYS5823596,D,S,T,2024-06-14,2000000.00,4.452446,100.478515625
08:00:04,91282CKV2,TSRYS5823596,D,S,T,2024-06-14,4000000.00,4.452446,100.478515625
08:00:04,91282CKV2,TSRYS5823596,D,S,D,2024-06-14,3000000.00,4.452446,100.478515625
08:00:04,91282CKV2,TSRYS5823596,D,S,T,2024-06-14,4000000.00,4.44192,100.5078125
08:00:04,91282CKV2,TSRYS5823596,D,S,T,2024-06-14,7000000.00,4.44192,100.5078125
08:00:04,91282CKV2,TSRYS5823596,D,S,T,2024-06-14,4000000.00,4.44192,100.5078125
08:00:04,91282CKV2,TSRYS5823596,D,S,T,2024-06-14,2000000.00,4.44192,100.5078125
08:00:04,91282CKV2,TSRYS5823596,D,S,T,2024-06-14,2000000.00,4.44192,100.5078125
08:00:04,91282CKV2,TSRYS5823596,D,S,D,2024-06-14,1000000.00,4.44192,100.5078125
08:00:04,91282CKV2,TSRYS5823596,D,S,T,2024-06-14,1000000.00,4.44192,100.5078125
08:00:04,91282CKV2,TSRYS5823596,D,S,D,2024-06-14,1000000.00,4.44192,100.5078125
08:00:04,91282CKV2,TSRYS5823596,D,S,T,2024-06-14,3000000.00,4.44192,100.5078125
08:00:04,91282CKV2,TSRYS5823596,D,S,T,2024-06-14,4000000.00,4.44192,100.5078125
08:00:04,91282CKV2,TSRYS5823596,D,S,T,2024-06-14,3000000.00,4.44192,100.5078125
08:00:04,91282CKV2,TSRYS5823596,D,S,T,2024-06-14,4000000.00,4.44192,100.5078125
08:00:04,91282CKV2,TSRYS5823596,D,S,T,2024-06-14,4000000.00,4.44192,100.5078125
08:00:04,91282CKV2,TSRYS5823596,D,S,T,2024-06-14,2000000.00,4.44192,100.5078125
08:00:04,91282CKV2,TSRYS5823596,D,S,T,2024-06-14,2000000.00,4.44192,100.5078125
08:00:04,91282CKV2,TSRYS5823596,D,S,D,2024-06-14,3000000.00,4.444726,100.5
08:00:04,91282CKV2,TSRYS5823596,D,S,D,2024-06-14,4000000.00,4.444726,100.5
08:00:04,91282CKV2,TSRYS5823596,D,S,D,2024-06-14,2000000.00,4.444726,100.5
08:00:04,91282CKV2,TSRYS5823596,D,S,D,2024-06-14,1000000.00,4.444726,100.5
08:00:04,91282CKV2,TSRYS5823596,D,S,D,2024-06-14,4000000.00,4.444726,100.5
08:00:04,91282CKV2,TSRYS5823596,D,S,D,2024-06-14,3000000.00,4.440517,100.51171875
08:00:04,91282CKV2,TSRYS5823596,D,S,T,2024-06-14,4000000.00,4.45034,100.484375
08:00:04,91282CKV2,TSRYS5823596,D,S,T,2024-06-14,2000000.00,4.44192,100.5078125
08:00:04,91282CKV2,TSRYS5823596,D,S,T,2024-06-14,1000000.00,4.44192,100.5078125
08:00:04,91282CKV2,TSRYS5823596,D,S,D,2024-06-14,1000000.00,4.441218,100.509765625
08:00:04,91282CKV2,TSRYS5823596,D,S,D,2024-06-14,2000000.00,4.441218,100.509765625
08:00:04,91282CKV2,TSRYS5823596,D,S,D,2024-06-14,1000000.00,4.441218,100.509765625
08:00:04,91282CKV2,TSRYS5823596,D,S,D,2024-06-14,2000000.00,4.441218,100.509765625
08:00:04,91282CKV2,TSRYS5823596,D,S,D,2024-06-14,1000000.00,4.441218,100.509765625
08:00:04,91282CKV2,TSRYS5823596,D,S,D,2024-06-14,2000000.00,4.441218,100.509765625
08:00:04,91282CKV2,TSRYS5823596,D,S,D,2024-06-14,2000000.00,4.441218,100.509765625
08:00:04,91282CKV2,TSRYS5823596,D,S,D,2024-06-14,1000000.00,4.441218,100.509765625
08:00:04,91282CKV2,TSRYS5823596,D,S,T,2024-06-14,3000000.00,4.447533,100.4921875
08:00:04,91282CKV2,TSRYS5823596,D,S,T,2024-06-14,2000000.00,4.447533,100.4921875
08:00:04,91282CKV2,TSRYS5823596,D,S,T,2024-06-14,3000000.00,4.447533,100.4921875
08:00:04,91282CKV2,TSRYS5823596,D,S,T,2024-06-14,1000000.00,4.447533,100.4921875
08:00:04,91282CKV2,TSRYS5823596,D,S,T,2024-06-14,2000000.00,4.447533,100.4921875
08:00:04,91282CKV2,TSRYS5823596,D,S,T,2024-06-14,1000000.00,4.447533,100.4921875
08:00:04,91282CKV2,TSRYS5823596,D,S,T,2024-06-14,3000000.00,4.448235,100.490234375
08:00:04,91282CKV2,TSRYS5823596,D,S,T,2024-06-14,2000000.00,4.44613,100.49609375
08:00:04,91282CKV2,TSRYS5823596,D,S,T,2024-06-14,1000000.00,4.44613,100.49609375
08:00:04,91282CKV2,TSRYS5823596,D,S,D,2024-06-14,1000000.00,4.439815,100.513671875
08:00:04,91282CKV2,TSRYS5823596,D,S,T,2024-06-14,3000000.00,4.429995,100.541015625
08:00:04,91282CKV2,TSRYS5823596,D,S,T,2024-06-14,2000000.00,4.429995,100.541015625
08:00:04,91282CKV2,TSRYS5823596,D,S,T,2024-06-14,4000000.00,4.429995,100.541015625
08:00:04,91282CKV2,TSRYS5823596,D,S,T,2024-06-14,4000000.00,4.429995,100.541015625
08:00:04,91282CKV2,TSRYS5823596,D,S,T,2024-06-14,1000000.00,4.429995,100.541015625
08:00:04,91282CKV2,TSRYS5823596,D,S,T,2024-06-14,3000000.00,4.429995,100.541015625
08:00:04,91282CKV2,TSRYS5823596,D,S,T,2024-06-14,1000000.00,4.429995,100.541015625
08:00:04,91282CKV2,TSRYS5823596,D,S,T,2024-06-14,4000000.00,4.429995,100.541015625
08:00:04,91282CKV2,TSRYS5823596,D,S,T,2024-06-14,3000000.00,4.427891,100.546875
08:00:04,91282CKV2,TSRYS5823596,D,S,T,2024-06-14,3000000.00,4.427891,100.546875
08:00:04,91282CKV2,TSRYS5823596,D,S,T,2024-06-14,2000000.00,4.432099,100.53515625
08:00:08,91282CKV2,TSRYS5823596,D,S,D,2024-06-14,1000000.00,4.42719,100.548828125
08:00:08,91282CKV2,TSRYS5823596,D,S,D,2024-06-14,1000000.00,4.42719,100.548828125
08:00:08,91282CKV2,TSRYS5823596,D,S,D,2024-06-14,1000000.00,4.42719,100.548828125
08:00:08,91282CKV2,TSRYS5823596,D,S,D,2024-06-14,1000000.00,4.429294,100.54296875
08:00:08,91282CKV2,TSRYS5823596,D,S,D,2024-06-14,1000000.00,4.429294,100.54296875
08:00:08,91282CKV2,TSRYS5823596,D,S,D,2024-06-14,1000000.00,4.429294,100.54296875
08:00:08,91282CKV2,TSRYS5823596,D,S,D,2024-06-14,1000000.00,4.430696,100.5390625
08:00:08,91282CKV2,TSRYS5823596,D,S,D,2024-06-14,1000000.00,4.430696,100.5390625
08:00:08,91282CKV2,TSRYS5823596,D,S,D,2024-06-14,1000000.00,4.430696,100.5390625
08:00:08,91282CKV2,TSRYS5823596,D,S,D,2024-06-14,1000000.00,4.430696,100.5390625
08:00:08,91282CKV2,TSRYS5823596,D,S,D,2024-06-14,1000000.00,4.424385,100.556640625
08:00:08,91282CKV2,TSRYS5823596,D,S,D,2024-06-14,1000000.00,4.424385,100.556640625
08:00:08,91282CKV2,TSRYS5823596,D,S,D,2024-06-14,1000000.00,4.422281,100.5625
08:00:08,91282CKV2,TSRYS5823596,D,S,D,2024-06-14,5000000.00,4.40616,100.607421875
08:00:08,91282CKV2,TSRYS5823596,D,S,D,2024-06-14,1000000.00,4.417374,100.576171875
08:00:08,91282CKV2,TSRYS5823596,D,S,D,2024-06-14,1000000.00,4.420178,100.568359375
08:00:08,91282CKV2,TSRYS5823596,D,S,D,2024-06-14,1000000.00,4.420178,100.568359375
08:00:08,91282CKV2,TSRYS5823596,D,S,D,2024-06-14,2000000.00,4.417374,100.576171875
08:00:08,91282CKV2,TSRYS5823596,D,S,T,2024-06-14,1000000.00,4.418776,100.572265625
08:00:08,91282CKV2,TSRYS5823596,D,S,T,2024-06-14,1000000.00,4.418776,100.572265625
08:00:08,91282CKV2,TSRYS5823596,D,S,D,2024-06-14,2000000.00,4.412467,100.58984375
08:00:08,91282CKV2,TSRYS5823596,D,S,D,2024-06-14,2000000.00,4.412467,100.58984375
08:00:08,91282CKV2,TSRYS5823596,D,S,D,2024-06-14,2000000.00,4.412467,100.58984375
08:00:08,91282CKV2,TSRYS5823596,D,S,D,2024-06-14,2000000.00,4.412467,100.58984375
08:00:08,91282CKV2,TSRYS5823596,D,S,D,2024-06-14,2000000.00,4.412467,100.58984375
08:00:08,91282CKV2,TSRYS5823596,D,S,D,2024-06-14,2000000.00,4.412467,100.58984375
08:00:08,91282CKV2,TSRYS5823596,D,S,D,2024-06-14,2000000.00,4.412467,100.58984375
08:00:08,91282CKV2,TSRYS5823596,D,S,D,2024-06-14,2000000.00,4.412467,100.58984375
08:00:08,91282CKV2,TSRYS5823596,D,S,D,2024-06-14,2000000.00,4.412467,100.58984375
08:00:08,91282CKV2,TSRYS5823596,D,S,T,2024-06-14,3000000.00,4.412467,100.58984375
08:00:08,91282CKV2,TSRYS5823596,D,S,T,2024-06-14,2000000.00,4.413168,100.587890625
08:00:08,91282CKV2,TSRYS5823596,D,S,T,2024-06-14,2000000.00,4.413168,100.587890625
08:00:08,91282CKV2,TSRYS5823596,D,S,D,2024-06-14,2000000.00,4.415271,100.58203125
08:00:08,91282CKV2,TSRYS5823596,D,S,D,2024-06-14,2000000.00,4.415271,100.58203125
08:00:08,91282CKV2,TSRYS5823596,D,S,D,2024-06-14,1000000.00,4.415271,100.58203125
08:00:08,91282CKV2,TSRYS5823596,D,S,D,2024-06-14,1000000.00,4.416673,100.578125
08:00:08,91282CKV2,TSRYS5823596,D,S,D,2024-06-14,2000000.00,4.42158,100.564453125
08:00:08,91282CKV2,TSRYS5823596,D,S,D,2024-06-14,1000000.00,4.42158,100.564453125
08:00:08,91282CKV2,TSRYS5823596,D,S,D,2024-06-14,2000000.00,4.42158,100.564453125
08:00:08,91282CKV2,TSRYS5823596,D,S,D,2024-06-14,1000000.00,4.420879,100.56640625
08:00:08,91282CKV2,TSRYS5823596,D,S,D,2024-06-14,1000000.00,4.420879,100.56640625
08:00:08,91282CKV2,TSRYS5823596,D,S,D,2024-06-14,1000000.00,4.420879,100.56640625
08:00:08,91282CKV2,TSRYS5823596,D,S,D,2024-06-14,1000000.00,4.40616,100.607421875
08:00:08,91282CKV2,TSRYS5823596,D,S,D,2024-06-14,1000000.00,4.40616,100.607421875
08:00:08,91282CKV2,TSRYS5823596,D,S,D,2024-06-14,1000000.00,4.40616,100.607421875
08:00:08,91282CKV2,TSRYS5823596,D,S,D,2024-06-14,1000000.00,4.41457,100.583984375
08:00:08,91282CKV2,TSRYS5823596,D,S,T,2024-06-14,2000000.00,4.415271,100.58203125
08:00:08,91282CKV2,TSRYS5823596,D,S,T,2024-06-14,1000000.00,4.415271,100.58203125
08:00:08,91282CKV2,TSRYS5823596,D,S,T,2024-06-14,3000000.00,4.415271,100.58203125
08:00:08,91282CKV2,TSRYS5823596,D,S,T,2024-06-14,3000000.00,4.415271,100.58203125
08:00:08,91282CKV2,TSRYS5823596,D,S,T,2024-06-14,1000000.00,4.415271,100.58203125
08:00:08,91282CKV2,TSRYS5823596,D,S,T,2024-06-14,1000000.00,4.415271,100.58203125
08:00:08,91282CKV2,TSRYS5823596,D,S,T,2024-06-14,1000000.00,4.415271,100.58203125
08:00:08,91282CKV2,TSRYS5823596,D,S,T,2024-06-14,1000000.00,4.416673,100.578125
08:00:08,91282CKV2,TSRYS5823596,D,S,D,2024-06-14,1000000.00,4.426489,100.55078125
08:00:08,91282CKV2,TSRYS5823596,D,S,D,2024-06-14,4000000.00,4.426489,100.55078125
08:00:08,91282CKV2,TSRYS5823596,D,S,D,2024-06-14,3000000.00,4.426489,100.55078125
08:00:08,91282CKV2,TSRYS5823596,D,S,T,2024-06-14,1000000.00,4.427891,100.546875
08:00:08,91282CKV2,TSRYS5823596,D,S,T,2024-06-14,1000000.00,4.427891,100.546875
08:00:08,91282CKV2,TSRYS5823596,D,S,D,2024-06-14,1000000.00,4.418776,100.572265625
08:00:08,91282CKV2,TSRYS5823596,D,S,D,2024-06-14,2000000.00,4.418776,100.572265625
08:00:08,91282CKV2,TSRYS5823596,D,S,D,2024-06-14,1000000.00,4.419477,100.5703125
08:00:08,91282CKV2,TSRYS5823596,D,S,D,2024-06-14,4000000.00,4.423684,100.55859375
08:00:08,91282CKV2,TSRYS5823596,D,S,D,2024-06-14,3000000.00,4.427891,100.546875
08:00:08,91282CKV2,TSRYS5823596,D,S,D,2024-06-14,1000000.00,4.425787,100.552734375
08:00:08,91282CKV2,TSRYS5823596,D,S,T,2024-06-14,2000000.00,4.425086,100.5546875
08:00:08,91282CKV2,TSRYS5823596,D,S,T,2024-06-14,1000000.00,4.425787,100.552734375
08:00:08,91282CKV2,TSRYS5823596,D,S,D,2024-06-14,2000000.00,4.408963,100.599609375
08:00:08,91282CKV2,TSRYS5823596,D,S,D,2024-06-14,4000000.00,4.408963,100.599609375
08:00:08,91282CKV2,TSRYS5823596,D,S,T,2024-06-14,1000000.00,4.412467,100.58984375
08:00:08,91282CKV2,TSRYS5823596,D,S,T,2024-06-14,1000000.00,4.412467,100.58984375
08:00:08,91282CKV2,TSRYS5823596,D,S,T,2024-06-14,1000000.00,4.443323,100.50390625
08:00:08,91282CKV2,TSRYS5823596,D,S,T,2024-06-14,1000000.00,4.443323,100.50390625
08:00:08,91282CKV2,TSRYS5823596,D,S,T,2024-06-14,1000000.00,4.448937,100.48828125
08:00:08,91282CKV2,TSRYS5823596,D,S,T,2024-06-14,1000000.00,4.45034,100.484375
08:00:08,91282CKV2,TSRYS5823596,D,S,T,2024-06-14,1000000.00,4.434905,100.52734375
08:00:08,91282CKV2,TSRYS5823596,D,S,T,2024-06-14,1000000.00,4.430696,100.5390625
08:00:08,91282CKV2,TSRYS5823596,D,S,T,2024-06-14,1000000.00,4.426489,100.55078125
08:00:08,91282CKV2,TSRYS5823596,D,S,T,2024-06-14,1000000.00,4.429294,100.54296875
08:00:08,91282CKV2,TSRYS5823596,D,S,T,2024-06-14,1000000.00,4.434905,100.52734375
08:00:08,91282CKV2,TSRYS5823596,D,S,T,2024-06-14,1000000.00,4.436308,100.5234375
08:00:08,91282CKV2,TSRYS5823596,D,S,T,2024-06-14,4000000.00,4.423684,100.55859375
08:00:08,91282CKV2,TSRYS5823596,D,S,T,2024-06-14,1000000.00,4.409664,100.59765625
08:00:08,91282CKV2,TSRYS5823596,D,S,T,2024-06-14,2000000.00,4.404057,100.61328125
08:00:08,91282CKV2,TSRYS5823596,D,S,T,2024-06-14,1000000.00,4.420879,100.56640625
08:00:08,91282CKV2,TSRYS5823596,D,S,T,2024-06-14,1000000.00,4.422281,100.5625
08:00:08,91282CKV2,TSRYS5823596,D,S,T,2024-06-14,4000000.00,4.420879,100.56640625
08:00:08,91282CKV2,TSRYS5823596,D,S,T,2024-06-14,1000000.00,4.422983,100.560546875
08:00:08,91282CKV2,TSRYS5823596,D,S,T,2024-06-14,1000000.00,4.412467,100.58984375
08:00:08,91282CKV2,TSRYS5823596,D,S,T,2024-06-14,1000000.00,4.412467,100.58984375
08:00:08,91282CKV2,TSRYS5823596,D,S,T,2024-06-14,1000000.00,4.412467,100.58984375
08:00:12,91282CKV2,TSRYS5823596,D,S,A,2024-06-14,200000.00,4.44613,100.496094
08:00:12,91282CKV2,TSRYS5823596,D,S,T,2024-06-14,2000000.00,4.453148,100.4765625
08:00:12,91282CKV2,TSRYS5823596,D,S,T,2024-06-14,1000000.00,4.453148,100.4765625
08:00:12,91282CKV2,TSRYS5823596,D,S,T,2024-06-14,2000000.00,4.443323,100.50390625
08:00:12,91282CKV2,TSRYS5823596,D,S,T,2024-06-14,2000000.00,4.439114,100.515625
08:00:12,91282CKV2,TSRYS5823596,D,S,T,2024-06-14,1000000.00,4.439114,100.515625
08:00:12,91282CKV2,TSRYS5823596,D,S,T,2024-06-14,1000000.00,4.439114,100.515625
08:00:12,91282CKV2,TSRYS5823596,D,S,T,2024-06-14,1000000.00,4.439114,100.515625
08:00:12,91282CKV2,TSRYS5823596,D,S,T,2024-06-14,1000000.00,4.440517,100.51171875
08:00:12,91282CKV2,TSRYS5823596,D,S,T,2024-06-14,1000000.00,4.440517,100.51171875
08:00:12,91282CKV2,TSRYS5823596,D,S,T,2024-06-14,1000000.00,4.440517,100.51171875
08:00:12,91282CKV2,TSRYS5823596,D,S,T,2024-06-14,2000000.00,4.440517,100.51171875
08:00:12,91282CKV2,TSRYS5823596,D,S,T,2024-06-14,1000000.00,4.442622,100.505859375
08:00:12,91282CKV2,TSRYS5823596,D,S,T,2024-06-14,2000000.00,4.444726,100.5
08:00:12,91282CKV2,TSRYS5823596,D,S,T,2024-06-14,2000000.00,4.447533,100.4921875
08:00:12,91282CKV2,TSRYS5823596,D,S,T,2024-06-14,1000000.00,4.45385,100.474609375
08:00:12,91282CKV2,TSRYS5823596,D,S,T,2024-06-14,1000000.00,4.45385,100.474609375
08:00:12,91282CKV2,TSRYS5823596,D,S,T,2024-06-14,1000000.00,4.45385,100.474609375
08:00:12,91282CKV2,TSRYS5823596,D,S,T,2024-06-14,1000000.00,4.45385,100.474609375
08:00:12,91282CKV2,TSRYS5823596,D,S,T,2024-06-14,1000000.00,4.45385,100.474609375
08:00:12,91282CKV2,TSRYS5823596,D,S,T,2024-06-14,1000000.00,4.45385,100.474609375
08:00:12,91282CKV2,TSRYS5823596,D,S,T,2024-06-14,3000000.00,4.454551,100.47265625
08:00:12,91282CKV2,TSRYS5823596,D,S,T,2024-06-14,2000000.00,4.454551,100.47265625
08:00:12,91282CKV2,TSRYS5823596,D,S,T,2024-06-14,1000000.00,4.45385,100.474609375
08:00:12,91282CKV2,TSRYS5823596,D,S,T,2024-06-14,1000000.00,4.458763,100.4609375
08:00:12,91282CKV2,TSRYS5823596,D,S,T,2024-06-14,1000000.00,4.458763,100.4609375
08:00:12,91282CKV2,TSRYS5823596,D,S,T,2024-06-14,1000000.00,4.458763,100.4609375
08:00:12,91282CKV2,TSRYS5823596,D,S,D,2024-06-14,1000000.00,4.454551,100.47265625
08:00:12,91282CKV2,TSRYS5823596,D,S,T,2024-06-14,1000000.00,4.457359,100.46484375
08:00:12,91282CKV2,TSRYS5823596,D,S,T,2024-06-14,1000000.00,4.457359,100.46484375
08:00:12,91282CKV2,TSRYS5823596,D,S,T,2024-06-14,1000000.00,4.458763,100.4609375
08:00:12,91282CKV2,TSRYS5823596,D,S,T,2024-06-14,1000000.00,4.457359,100.46484375
08:00:12,91282CKV2,TSRYS5823596,D,S,D,2024-06-14,1000000.00,4.462975,100.44921875
08:00:12,91282CKV2,TSRYS5823596,D,S,T,2024-06-14,1000000.00,4.460869,100.455078125
08:00:12,91282CKV2,TSRYS5823596,D,S,T,2024-06-14,1000000.00,4.457359,100.46484375
08:00:12,91282CKV2,TSRYS5823596,D,S,T,2024-06-14,1000000.00,4.457359,100.46484375
08:00:12,91282CKV2,TSRYS5823596,D,S,T,2024-06-14,1000000.00,4.457359,100.46484375
08:00:12,91282CKV2,TSRYS5823596,D,S,T,2024-06-14,1000000.00,4.46438,100.4453125
08:00:12,91282CKV2,TSRYS5823596,D,S,T,2024-06-14,1000000.00,4.459465,100.458984375
08:00:12,91282CKV2,TSRYS5823596,D,S,T,2024-06-14,1000000.00,4.451744,100.48046875
08:00:12,91282CKV2,TSRYS5823596,D,S,T,2024-06-14,2000000.00,4.451744,100.48046875
08:00:12,91282CKV2,TSRYS5823596,D,S,D,2024-06-14,1000000.00,4.458763,100.4609375
08:00:12,91282CKV2,TSRYS5823596,D,S,D,2024-06-14,1000000.00,4.460869,100.455078125
08:00:12,91282CKV2,TSRYS5823596,D,S,T,2024-06-14,1000000.00,4.460869,100.455078125
08:00:12,91282CKV2,TSRYS5823596,D,S,D,2024-06-14,1000000.00,4.460869,100.455078125
08:00:12,91282CKV2,TSRYS5823596,D,S,T,2024-06-14,1000000.00,4.460869,100.455078125
08:00:12,91282CKV2,TSRYS5823596,D,S,D,2024-06-14,1000000.00,4.458061,100.462890625
08:00:12,91282CKV2,TSRYS5823596,D,S,T,2024-06-14,1000000.00,4.460869,100.455078125
08:00:12,91282CKV2,TSRYS5823596,D,S,T,2024-06-14,1000000.00,4.459465,100.458984375
08:00:12,91282CKV2,TSRYS5823596,D,S,T,2024-06-14,1000000.00,4.457359,100.46484375
08:00:12,91282CKV2,TSRYS5823596,D,S,T,2024-06-14,1000000.00,4.467188,100.4375
08:00:12,91282CKV2,TSRYS5823596,D,S,T,2024-06-14,1000000.00,4.469997,100.4296875
08:00:12,91282CKV2,TSRYS5823596,D,S,T,2024-06-14,1000000.00,4.468593,100.43359375
08:00:12,91282CKV2,TSRYS5823596,D,S,T,2024-06-14,1000000.00,4.467891,100.435546875
08:00:12,91282CKV2,TSRYS5823596,D,S,T,2024-06-14,1000000.00,4.468593,100.43359375
08:00:12,91282CKV2,TSRYS5823596,D,S,T,2024-06-14,1000000.00,4.469295,100.431640625
08:00:12,91282CKV2,TSRYS5823596,D,S,D,2024-06-14,1000000.00,4.465082,100.443359375
08:00:12,91282CKV2,TSRYS5823596,D,S,T,2024-06-14,1000000.00,4.458061,100.462890625
08:00:12,91282CKV2,TSRYS5823596,D,S,T,2024-06-14,1000000.00,4.45034,100.484375
08:00:12,91282CKV2,TSRYS5823596,D,S,T,2024-06-14,1000000.00,4.444726,100.5
08:00:12,91282CKV2,TSRYS5823596,D,S,T,2024-06-14,1000000.00,4.44192,100.5078125
08:00:12,91282CKV2,TSRYS5823596,D,S,T,2024-06-14,1000000.00,4.444726,100.5
08:00:12,91282CKV2,TSRYS5823596,D,S,T,2024-06-14,2000000.00,4.444726,100.5
08:00:12,91282CKV2,TSRYS5823596,D,S,T,2024-06-14,4000000.00,4.45034,100.484375
08:00:12,91282CKV2,TSRYS5823596,D,S,T,2024-06-14,1000000.00,4.45034,100.484375
08:00:12,91282CKV2,TSRYS5823596,D,S,D,2024-06-14,1000000.00,4.441218,100.509765625
08:00:12,91282CKV2,TSRYS5823596,D,S,D,2024-06-14,1000000.00,4.441218,100.509765625
08:00:12,91282CKV2,TSRYS5823596,D,S,T,2024-06-14,1000000.00,4.448937,100.48828125
08:00:12,91282CKV2,TSRYS5823596,D,S,D,2024-06-14,1000000.00,4.447533,100.4921875
08:00:12,91282CKV2,TSRYS5823596,D,S,T,2024-06-14,1000000.00,4.447533,100.4921875
08:00:12,91282CKV2,TSRYS5823596,D,S,T,2024-06-14,1000000.00,4.447533,100.4921875
08:00:12,91282CKV2,TSRYS5823596,D,S,T,2024-06-14,1000000.00,4.447533,100.4921875
08:00:12,91282CKV2,TSRYS5823596,D,S,T,2024-06-14,1000000.00,4.447533,100.4921875
08:00:12,91282CKV2,TSRYS5823596,D,S,T,2024-06-14,1000000.00,4.447533,100.4921875
08:00:12,91282CKV2,TSRYS5823596,D,S,T,2024-06-14,1000000.00,4.447533,100.4921875
08:00:12,91282CKV2,TSRYS5823596,D,S,T,2024-06-14,1000000.00,4.447533,100.4921875
08:00:12,91282CKV2,TSRYS5823596,D,S,T,2024-06-14,3000000.00,4.447533,100.4921875
08:00:12,91282CKV2,TSRYS5823596,D,S,T,2024-06-14,2000000.00,4.447533,100.4921875
08:00:12,91282CKV2,TSRYS5823596,D,S,T,2024-06-14,1000000.00,4.447533,100.4921875
08:00:12,91282CKV2,TSRYS5823596,D,S,T,2024-06-14,1000000.00,4.448937,100.48828125
08:00:12,91282CKV2,TSRYS5823596,D,S,T,2024-06-14,1000000.00,4.45034,100.484375
08:00:12,91282CKV2,TSRYS5823596,D,S,T,2024-06-14,1000000.00,4.453148,100.4765625
08:00:12,91282CKV2,TSRYS5823596,D,S,T,2024-06-14,1000000.00,4.440517,100.51171875
08:00:12,91282CKV2,TSRYS5823596,D,S,T,2024-06-14,1000000.00,4.435606,100.525390625
08:00:12,91282CKV2,TSRYS5823596,D,S,T,2024-06-14,1000000.00,4.432099,100.53515625
08:00:12,91282CKV2,TSRYS5823596,D,S,T,2024-06-14,1000000.00,4.431398,100.537109375
08:00:12,91282CKV2,TSRYS5823596,D,S,T,2024-06-14,1000000.00,4.432099,100.53515625
08:00:12,91282CKV2,TSRYS5823596,D,S,T,2024-06-14,1000000.00,4.429995,100.541015625
08:00:12,91282CKV2,TSRYS5823596,D,S,T,2024-06-14,1000000.00,4.433502,100.53125
08:00:12,91282CKV2,TSRYS5823596,D,S,T,2024-06-14,1000000.00,4.427891,100.546875
08:00:12,91282CKV2,TSRYS5823596,D,S,T,2024-06-14,1000000.00,4.425086,100.5546875
08:00:12,91282CKV2,TSRYS5823596,D,S,T,2024-06-14,1000000.00,4.425086,100.5546875
08:00:12,91282CKV2,TSRYS5823596,D,S,T,2024-06-14,1000000.00,4.426489,100.55078125
08:00:12,91282CKV2,TSRYS5823596,D,S,T,2024-06-14,1000000.00,4.426489,100.55078125
08:00:12,91282CKV2,TSRYS5823596,D,S,T,2024-06-14,1000000.00,4.426489,100.55078125
08:00:12,91282CKV2,TSRYS5823596,D,S,T,2024-06-14,1000000.00,4.434905,100.52734375
08:00:12,91282CKV2,TSRYS5823596,D,S,T,2024-06-14,1000000.00,4.434905,100.52734375
08:00:12,91282CKV2,TSRYS5823596,D,S,D,2024-06-14,1000000.00,4.434203,100.529296875
08:00:12,91282CKV2,TSRYS5823596,D,S,T,2024-06-14,3000000.00,4.434905,100.52734375
08:00:12,91282CKV2,TSRYS5823596,D,S,D,2024-06-14,1000000.00,4.434203,100.529296875
08:00:12,91282CKV2,TSRYS5823596,D,S,D,2024-06-14,1000000.00,4.432099,100.53515625
08:00:12,91282CKV2,TSRYS5823596,D,S,D,2024-06-14,1000000.00,4.429294,100.54296875
08:00:12,91282CKV2,TSRYS5823596,D,S,D,2024-06-14,1000000.00,4.429294,100.54296875
08:00:12,91282CKV2,TSRYS5823596,D,S,D,2024-06-14,1000000.00,4.429294,100.54296875
08:00:12,91282CKV2,TSRYS5823596,D,S,D,2024-06-14,1000000.00,4.429294,100.54296875
08:00:12,91282CKV2,TSRYS5823596,D,S,D,2024-06-14,1000000.00,4.428592,100.544921875
08:00:12,91282CKV2,TSRYS5823596,D,S,D,2024-06-14,1000000.00,4.42719,100.548828125
08:00:12,91282CKV2,TSRYS5823596,D,S,D,2024-06-14,1000000.00,4.42719,100.548828125
08:00:12,91282CKV2,TSRYS5823596,D,S,T,2024-06-14,2000000.00,4.426489,100.55078125
08:00:12,91282CKV2,TSRYS5823596,D,S,D,2024-06-14,1000000.00,4.424385,100.556640625
08:00:12,91282CKV2,TSRYS5823596,D,S,D,2024-06-14,1000000.00,4.424385,100.556640625
08:00:12,91282CKV2,TSRYS5823596,D,S,D,2024-06-14,1000000.00,4.424385,100.556640625
08:00:12,91282CKV2,TSRYS5823596,D,S,T,2024-06-14,1000000.00,4.422281,100.5625
08:00:12,91282CKV2,TSRYS5823596,D,S,T,2024-06-14,1000000.00,4.422281,100.5625
08:00:12,91282CKV2,TSRYS5823596,D,S,T,2024-06-14,1000000.00,4.422281,100.5625
08:00:12,91282CKV2,TSRYS5823596,D,S,D,2024-06-14,1000000.00,4.417374,100.576171875
08:00:12,91282CKV2,TSRYS5823596,D,S,T,2024-06-14,1000000.00,4.418075,100.57421875
08:00:12,91282CKV2,TSRYS5823596,D,S,T,2024-06-14,1000000.00,4.418075,100.57421875
08:00:12,91282CKV2,TSRYS5823596,D,S,T,2024-06-14,1000000.00,4.423684,100.55859375
08:00:12,91282CKV2,TSRYS5823596,D,S,T,2024-06-14,1000000.00,4.415271,100.58203125
08:00:12,91282CKV2,TSRYS5823596,D,S,T,2024-06-14,1000000.00,4.413168,100.587890625
08:00:12,91282CKV2,TSRYS5823596,D,S,T,2024-06-14,1000000.00,4.409664,100.59765625
08:00:12,91282CKV2,TSRYS5823596,D,S,T,2024-06-14,1000000.00,4.407561,100.603515625
08:00:12,91282CKV2,TSRYS5823596,D,S,T,2024-06-14,1000000.00,4.407561,100.603515625
08:00:12,91282CKV2,TSRYS5823596,D,S,T,2024-06-14,1000000.00,4.408963,100.599609375
08:00:12,91282CKV2,TSRYS5823596,D,S,T,2024-06-14,2000000.00,4.408262,100.6015625
08:00:12,91282CKV2,TSRYS5823596,D,S,T,2024-06-14,1000000.00,4.409664,100.59765625
08:00:12,91282CKV2,TSRYS5823596,D,S,T,2024-06-14,1000000.00,4.409664,100.59765625
08:00:12,91282CKV2,TSRYS5823596,D,S,T,2024-06-14,1000000.00,4.409664,100.59765625
08:00:12,91282CKV2,TSRYS5823596,D,S,T,2024-06-14,1000000.00,4.408262,100.6015625
08:00:12,91282CKV2,TSRYS5823596,D,S,T,2024-06-14,1000000.00,4.408262,100.6015625
08:00:12,91282CKV2,TSRYS5823596,D,S,T,2024-06-14,1000000.00,4.408262,100.6015625
08:00:12,91282CKV2,TSRYS5823596,D,S,T,2024-06-14,1000000.00,4.405459,100.609375
08:00:12,91282CKV2,TSRYS5823596,D,S,T,2024-06-14,1000000.00,4.40686,100.60546875
08:00:12,91282CKV2,TSRYS5823596,D,S,T,2024-06-14,1000000.00,4.409664,100.59765625
08:00:12,91282CKV2,TSRYS5823596,D,S,T,2024-06-14,1000000.00,4.409664,100.59765625
08:00:12,91282CKV2,TSRYS5823596,D,S,T,2024-06-14,1000000.00,4.405459,100.609375
08:00:12,91282CKV2,TSRYS5823596,D,S,T,2024-06-14,1000000.00,4.40686,100.60546875
08:00:12,91282CKV2,TSRYS5823596,D,S,T,2024-06-14,1000000.00,4.408262,100.6015625
08:00:12,91282CKV2,TSRYS5823596,D,S,T,2024-06-14,1000000.00,4.409664,100.59765625
08:00:12,91282CKV2,TSRYS5823596,D,S,T,2024-06-14,1000000.00,4.411065,100.59375
08:00:12,91282CKV2,TSRYS5823596,D,S,T,2024-06-14,1000000.00,4.412467,100.58984375
08:00:12,91282CKV2,TSRYS5823596,D,S,T,2024-06-14,1000000.00,4.413869,100.5859375
08:00:12,91282CKV2,TSRYS5823596,D,S,D,2024-06-14,1000000.00,4.417374,100.576171875
08:00:12,91282CKV2,TSRYS5823596,D,S,T,2024-06-14,1000000.00,4.417374,100.576171875
08:00:12,91282CKV2,TSRYS5823596,D,S,T,2024-06-14,1000000.00,4.418776,100.572265625
08:00:12,91282CKV2,TSRYS5823596,D,S,D,2024-06-14,1000000.00,4.420178,100.568359375
08:00:12,91282CKV2,TSRYS5823596,D,S,T,2024-06-14,1000000.00,4.416673,100.578125
08:00:12,91282CKV2,TSRYS5823596,D,S,T,2024-06-14,1000000.00,4.416673,100.578125
08:00:12,91282CKV2,TSRYS5823596,D,S,D,2024-06-14,1000000.00,4.411065,100.59375
08:00:12,91282CKV2,TSRYS5823596,D,S,T,2024-06-14,1000000.00,4.413168,100.587890625
08:00:12,91282CKV2,TSRYS5823596,D,S,T,2024-06-14,1000000.00,4.416673,100.578125
08:00:12,91282CKV2,TSRYS5823596,D,S,T,2024-06-14,1000000.00,4.416673,100.578125
08:00:12,91282CKV2,TSRYS5823596,D,S,T,2024-06-14,1000000.00,4.416673,100.578125
08:00:12,91282CKV2,TSRYS5823596,D,S,T,2024-06-14,1000000.00,4.416673,100.578125
08:00:12,91282CKV2,TSRYS5823596,D,S,T,2024-06-14,1000000.00,4.416673,100.578125
08:00:12,91282CKV2,TSRYS5823596,D,S,D,2024-06-14,1000000.00,4.420879,100.56640625
08:00:12,91282CKV2,TSRYS5823596,D,S,D,2024-06-14,1000000.00,4.420879,100.56640625
08:00:12,91282CKV2,TSRYS5823596,D,S,D,2024-06-14,1000000.00,4.420879,100.56640625
08:00:12,91282CKV2,TSRYS5823596,D,S,T,2024-06-14,1000000.00,4.420879,100.56640625
08:00:12,91282CKV2,TSRYS5823596,D,S,D,2024-06-14,1000000.00,4.420879,100.56640625
08:00:16,91282CKV2,TSRYS5823596,D,S,D,2024-06-14,1000000.00,4.419477,100.5703125
08:00:16,91282CKV2,TSRYS5823596,D,S,T,2024-06-14,1000000.00,4.419477,100.5703125
08:00:16,91282CKV2,TSRYS5823596,D,S,T,2024-06-14,3000000.00,4.412467,100.58984375
08:00:16,91282CKV2,TSRYS5823596,D,S,T,2024-06-14,1000000.00,4.412467,100.58984375
08:00:16,91282CKV2,TSRYS5823596,D,S,T,2024-06-14,1000000.00,4.409664,100.59765625
08:00:16,91282CKV2,TSRYS5823596,D,S,T,2024-06-14,1000000.00,4.409664,100.59765625
08:00:16,91282CKV2,TSRYS5823596,D,S,D,2024-06-14,1000000.00,4.40616,100.607421875
08:00:16,91282CKV2,TSRYS5823596,D,S,T,2024-06-14,1000000.00,4.404057,100.61328125
08:00:16,91282CKV2,TSRYS5823596,D,S,T,2024-06-14,1000000.00,4.412467,100.58984375
08:00:16,91282CKV2,TSRYS5823596,D,S,T,2024-06-14,1000000.00,4.415271,100.58203125
08:00:16,91282CKV2,TSRYS5823596,D,S,D,2024-06-14,1000000.00,4.416673,100.578125
08:00:16,91282CKV2,TSRYS5823596,D,S,T,2024-06-14,1000000.00,4.416673,100.578125
08:00:16,91282CKV2,TSRYS5823596,D,S,T,2024-06-14,1000000.00,4.416673,100.578125
08:00:16,91282CKV2,TSRYS5823596,D,S,T,2024-06-14,1000000.00,4.416673,100.578125
08:00:16,91282CKV2,TSRYS5823596,D,S,T,2024-06-14,1000000.00,4.417374,100.576171875
08:00:16,91282CKV2,TSRYS5823596,D,S,T,2024-06-14,1000000.00,4.417374,100.576171875
08:00:16,91282CKV2,TSRYS5823596,D,S,T,2024-06-14,1000000.00,4.419477,100.5703125
08:00:16,91282CKV2,TSRYS5823596,D,S,T,2024-06-14,1000000.00,4.419477,100.5703125
08:00:16,91282CKV2,TSRYS5823596,D,S,T,2024-06-14,1000000.00,4.422281,100.5625
08:00:16,91282CKV2,TSRYS5823596,D,S,T,2024-06-14,1000000.00,4.424385,100.556640625
08:00:16,91282CKV2,TSRYS5823596,D,S,T,2024-06-14,1000000.00,4.425086,100.5546875
08:00:16,91282CKV2,TSRYS5823596,D,S,T,2024-06-14,1000000.00,4.42719,100.548828125
08:00:16,91282CKV2,TSRYS5823596,D,S,T,2024-06-14,1000000.00,4.425787,100.552734375
08:00:16,91282CKV2,TSRYS5823596,D,S,T,2024-06-14,1000000.00,4.426489,100.55078125
08:00:16,91282CKV2,TSRYS5823596,D,S,T,2024-06-14,1000000.00,4.425086,100.5546875
08:00:16,91282CKV2,TSRYS5823596,D,S,D,2024-06-14,1000000.00,4.42158,100.564453125
08:00:16,91282CKV2,TSRYS5823596,D,S,T,2024-06-14,1000000.00,4.42158,100.564453125
08:00:16,91282CKV2,TSRYS5823596,D,S,T,2024-06-14,1000000.00,4.418776,100.572265625
08:00:16,91282CKV2,TSRYS5823596,D,S,D,2024-06-14,1000000.00,4.418776,100.572265625
08:00:16,91282CKV2,TSRYS5823596,D,S,T,2024-06-14,1000000.00,4.418776,100.572265625
08:00:16,91282CKV2,TSRYS5823596,D,S,D,2024-06-14,1000000.00,4.418776,100.572265625
08:00:16,91282CKV2,TSRYS5823596,D,S,D,2024-06-14,1000000.00,4.419477,100.5703125
08:00:16,91282CKV2,TSRYS5823596,D,S,D,2024-06-14,1000000.00,4.419477,100.5703125
08:00:16,91282CKV2,TSRYS5823596,D,S,D,2024-06-14,1000000.00,4.419477,100.5703125
08:00:16,91282CKV2,TSRYS5823596,D,S,T,2024-06-14,1000000.00,4.419477,100.5703125
08:00:16,91282CKV2,TSRYS5823596,D,S,T,2024-06-14,1000000.00,4.419477,100.5703125
08:00:16,91282CKV2,TSRYS5823596,D,S,T,2024-06-14,1000000.00,4.422281,100.5625
08:00:16,91282CKV2,TSRYS5823596,D,S,T,2024-06-14,1000000.00,4.422281,100.5625
08:00:16,91282CKV2,TSRYS5823596,D,S,T,2024-06-14,1000000.00,4.422281,100.5625
08:00:16,91282CKV2,TSRYS5823596,D,S,D,2024-06-14,1000000.00,4.427891,100.546875
08:00:16,91282CKV2,TSRYS5823596,D,S,T,2024-06-14,1000000.00,4.426489,100.55078125
08:00:16,91282CKV2,TSRYS5823596,D,S,T,2024-06-14,1000000.00,4.426489,100.55078125
08:00:16,91282CKV2,TSRYS5823596,D,S,D,2024-06-14,1000000.00,4.425787,100.552734375
08:00:16,91282CKV2,TSRYS5823596,D,S,T,2024-06-14,1000000.00,4.425787,100.552734375
08:00:16,91282CKV2,TSRYS5823596,D,S,T,2024-06-14,1000000.00,4.422281,100.5625
08:00:16,91282CKV2,TSRYS5823596,D,S,T,2024-06-14,1000000.00,4.42158,100.564453125
08:00:16,91282CKV2,TSRYS5823596,D,S,T,2024-06-14,1000000.00,4.422281,100.5625
08:00:16,91282CKV2,TSRYS5823596,D,S,T,2024-06-14,1000000.00,4.420879,100.56640625
08:00:16,91282CKV2,TSRYS5823596,D,S,T,2024-06-14,1000000.00,4.42158,100.564453125
08:00:16,91282CKV2,TSRYS5823596,D,S,D,2024-06-14,1000000.00,4.440517,100.51171875
08:00:16,91282CKV2,TSRYS5823596,D,S,T,2024-06-14,1000000.00,4.418075,100.57421875
08:00:16,91282CKV2,TSRYS5823596,D,S,T,2024-06-14,4000000.00,4.420879,100.56640625
08:00:16,91282CKV2,TSRYS5823596,D,S,T,2024-06-14,1000000.00,4.423684,100.55859375
08:00:16,91282CKV2,TSRYS5823596,D,S,T,2024-06-14,1000000.00,4.416673,100.578125
08:00:16,91282CKV2,TSRYS5823596,D,S,T,2024-06-14,1000000.00,4.417374,100.576171875
08:00:16,91282CKV2,TSRYS5823596,D,S,T,2024-06-14,1000000.00,4.416673,100.578125
08:00:16,91282CKV2,TSRYS5823596,D,S,T,2024-06-14,1000000.00,4.413869,100.5859375
08:00:16,91282CKV2,TSRYS5823596,D,S,T,2024-06-14,1000000.00,4.411065,100.59375
08:00:16,91282CKV2,TSRYS5823596,D,S,T,2024-06-14,1000000.00,4.408262,100.6015625
08:00:16,91282CKV2,TSRYS5823596,D,S,T,2024-06-14,2000000.00,4.408262,100.6015625
08:00:16,91282CKV2,TSRYS5823596,D,S,T,2024-06-14,1000000.00,4.408262,100.6015625
08:00:16,91282CKV2,TSRYS5823596,D,S,T,2024-06-14,1000000.00,4.415271,100.58203125
08:00:16,91282CKV2,TSRYS5823596,D,S,D,2024-06-14,1000000.00,4.439815,100.513671875
08:00:16,91282CKV2,TSRYS5823596,D,S,T,2024-06-14,1000000.00,4.413869,100.5859375
08:00:16,91282CKV2,TSRYS5823596,D,S,T,2024-06-14,1000000.00,4.411065,100.59375
08:00:16,91282CKV2,TSRYS5823596,D,S,D,2024-06-14,1000000.00,4.439815,100.513671875
08:00:16,91282CKV2,TSRYS5823596,D,S,T,2024-06-14,1000000.00,4.440517,100.51171875
08:00:20,91282CKV2,TSRYS5823596,D,S,D,2024-06-14,1000000.00,4.44192,100.5078125
08:00:20,91282CKV2,TSRYS5823596,D,S,D,2024-06-14,1000000.00,4.44192,100.5078125
08:00:20,91282CKV2,TSRYS5823596,D,S,D,2024-06-14,2000000.00,4.44192,100.5078125
08:00:20,91282CKV2,TSRYS5823596,D,S,T,2024-06-14,1000000.00,4.440517,100.51171875
08:00:20,91282CKV2,TSRYS5823596,D,S,T,2024-06-14,1000000.00,4.440517,100.51171875
08:00:20,91282CKV2,TSRYS5823596,D,S,T,2024-06-14,1000000.00,4.441218,100.509765625
08:00:20,91282CKV2,TSRYS5823596,D,S,T,2024-06-14,1000000.00,4.441218,100.509765625
08:00:20,91282CKV2,TSRYS5823596,D,S,T,2024-06-14,2000000.00,4.441218,100.509765625
08:00:20,91282CKV2,TSRYS5823596,D,S,T,2024-06-14,1000000.00,4.439815,100.513671875
08:00:20,91282CKV2,TSRYS5823596,D,S,T,2024-06-14,1000000.00,4.439815,100.513671875
08:00:20,91282CKV2,TSRYS5823596,D,S,T,2024-06-14,1000000.00,4.439815,100.513671875
08:00:20,91282CKV2,TSRYS5823596,D,B,A,2024-06-14,17200000.00,4.440517,100.511719
08:00:20,91282CKV2,TSRYS5823596,D,S,T,2024-06-14,2000000.00,4.439815,100.513671875
08:00:20,91282CKV2,TSRYS5823596,D,S,T,2024-06-14,2000000.00,4.439815,100.513671875
08:00:20,91282CKV2,TSRYS5823596,D,S,A,2024-06-14,56200000.00,4.439114,100.515625
08:00:20,91282CKV2,TSRYS5823596,D,B,A,2024-06-14,14600000.00,4.440517,100.511719
08:00:20,91282CKV2,TSRYS5823596,D,S,T,2024-06-14,1000000.00,4.462273,100.451171875
08:00:20,91282CKV2,TSRYS5823596,D,S,T,2024-06-14,1000000.00,4.461571,100.453125
08:00:20,91282CKV2,TSRYS5823596,D,S,T,2024-06-14,1000000.00,4.461571,100.453125
08:00:20,91282CKV2,TSRYS5823596,D,S,T,2024-06-14,1000000.00,4.461571,100.453125
08:00:20,91282CKV2,TSRYS5823596,D,S,T,2024-06-14,1000000.00,4.458763,100.4609375
08:00:20,91282CKV2,TSRYS5823596,D,S,D,2024-06-14,1000000.00,4.457359,100.46484375
08:00:20,91282CKV2,TSRYS5823596,D,S,D,2024-06-14,1000000.00,4.457359,100.46484375
08:00:20,91282CKV2,TSRYS5823596,D,S,D,2024-06-14,1000000.00,4.457359,100.46484375
08:00:20,91282CKV2,TSRYS5823596,D,S,D,2024-06-14,1000000.00,4.451744,100.48046875
08:00:20,91282CKV2,TSRYS5823596,D,S,D,2024-06-14,1000000.00,4.452446,100.478515625
08:00:20,91282CKV2,TSRYS5823596,D,S,T,2024-06-14,1000000.00,4.454551,100.47265625
08:00:20,91282CKV2,TSRYS5823596,D,S,T,2024-06-14,1000000.00,4.454551,100.47265625
08:00:20,91282CKV2,TSRYS5823596,D,S,D,2024-06-14,1000000.00,4.457359,100.46484375
08:00:20,91282CKV2,TSRYS5823596,D,S,T,2024-06-14,1000000.00,4.453148,100.4765625
08:00:20,91282CKV2,TSRYS5823596,D,S,T,2024-06-14,1000000.00,4.453148,100.4765625
08:00:20,91282CKV2,TSRYS5823596,D,S,T,2024-06-14,1000000.00,4.453148,100.4765625
08:00:20,91282CKV2,TSRYS5823596,D,S,T,2024-06-14,1000000.00,4.458061,100.462890625
08:00:20,91282CKV2,TSRYS5823596,D,S,T,2024-06-14,1000000.00,4.458763,100.4609375
08:00:20,91282CKV2,TSRYS5823596,D,S,T,2024-06-14,1000000.00,4.459465,100.458984375
08:00:21,91282CKV2,TSRYS5823596,D,S,A,2024-06-14,207000.00,4.421931,100.5634765
08:00:23,91282CKV2,TSRYS5823596,D,S,T,2024-06-14,1000000.00,4.458763,100.4609375
08:00:23,91282CKV2,TSRYS5823596,D,S,D,2024-06-14,1000000.00,4.454551,100.47265625
08:00:23,91282CKV2,TSRYS5823596,D,S,D,2024-06-14,1000000.00,4.454551,100.47265625
08:00:23,91282CKV2,TSRYS5823596,D,S,D,2024-06-14,1000000.00,4.454551,100.47265625
08:00:23,91282CKV2,TSRYS5823596,D,S,D,2024-06-14,1000000.00,4.454551,100.47265625
08:00:23,91282CKV2,TSRYS5823596,D,S,D,2024-06-14,1000000.00,4.468593,100.43359375
08:00:23,91282CKV2,TSRYS5823596,D,S,D,2024-06-14,1000000.00,4.468593,100.43359375
08:00:24,91282CKV2,TSRYS5823596,D,S,T,2024-06-14,1000000.00,4.468593,100.43359375
08:00:24,91282CKV2,TSRYS5823596,D,S,T,2024-06-14,1000000.00,4.468593,100.43359375
08:00:24,91282CKV2,TSRYS5823596,D,S,T,2024-06-14,1000000.00,4.457359,100.46484375
08:00:24,91282CKV2,TSRYS5823596,D,S,T,2024-06-14,1000000.00,4.465784,100.44140625
08:00:24,91282CKV2,TSRYS5823596,D,S,T,2024-06-14,1000000.00,4.465082,100.443359375
08:00:24,91282CKV2,TSRYS5823596,D,S,T,2024-06-14,1000000.00,4.465082,100.443359375
08:00:24,91282CKV2,TSRYS5823596,D,S,T,2024-06-14,1000000.00,4.465082,100.443359375
08:00:24,91282CKV2,TSRYS5823596,D,S,T,2024-06-14,1000000.00,4.465082,100.443359375
08:00:24,91282CKV2,TSRYS5823596,D,S,T,2024-06-14,1000000.00,4.465784,100.44140625
08:00:24,91282CKV2,TSRYS5823596,D,S,T,2024-06-14,1000000.00,4.466486,100.439453125
08:00:24,91282CKV2,TSRYS5823596,D,S,T,2024-06-14,1000000.00,4.465082,100.443359375
08:00:24,91282CKV2,TSRYS5823596,D,S,T,2024-06-14,1000000.00,4.465784,100.44140625
08:00:24,91282CKV2,TSRYS5823596,D,S,T,2024-06-14,1000000.00,4.465784,100.44140625
08:00:24,91282CKV2,TSRYS5823596,D,B,A,2024-06-14,36400000.00,4.465784,100.441406
08:00:24,91282CKV2,TSRYS5823596,D,S,T,2024-06-14,2000000.00,4.465784,100.44140625
08:00:24,91282CKV2,TSRYS5823596,D,S,T,2024-06-14,1000000.00,4.466486,100.439453125
08:00:24,91282CKV2,TSRYS5823596,D,S,T,2024-06-14,1000000.00,4.466486,100.439453125
08:00:24,91282CKV2,TSRYS5823596,D,S,T,2024-06-14,1000000.00,4.466486,100.439453125
08:00:24,91282CKV2,TSRYS5823596,D,S,T,2024-06-14,1000000.00,4.466486,100.439453125
08:00:24,91282CKV2,TSRYS5823596,D,S,T,2024-06-14,1000000.00,4.465784,100.44140625
08:00:24,91282CKV2,TSRYS5823596,D,S,T,2024-06-14,1000000.00,4.465784,100.44140625
08:00:24,91282CKV2,TSRYS5823596,D,S,T,2024-06-14,1000000.00,4.465784,100.44140625
08:00:24,91282CKV2,TSRYS5823596,D,S,T,2024-06-14,1000000.00,4.465784,100.44140625
08:00:24,91282CKV2,TSRYS5823596,D,S,T,2024-06-14,1000000.00,4.465784,100.44140625
08:00:24,91282CKV2,TSRYS5823596,D,S,T,2024-06-14,1000000.00,4.465784,100.44140625
08:00:24,91282CKV2,TSRYS5823596,D,S,T,2024-06-14,1000000.00,4.465784,100.44140625
08:00:24,91282CKV2,TSRYS5823596,D,S,T,2024-06-14,1000000.00,4.465784,100.44140625
08:00:25,91282CKV2,TSRYS5823596,D,S,T,2024-06-14,1000000.00,4.465784,100.44140625
08:00:25,91282CKV2,TSRYS5823596,D,S,T,2024-06-14,1000000.00,4.465784,100.44140625
08:00:25,91282CKV2,TSRYS5823596,D,S,T,2024-06-14,1000000.00,4.465784,100.44140625
08:00:25,91282CKV2,TSRYS5823596,D,S,T,2024-06-14,1000000.00,4.465784,100.44140625
08:00:25,91282CKV2,TSRYS5823596,D,S,T,2024-06-14,1000000.00,4.46438,100.4453125
08:00:26,91282CKV2,TSRYS5823596,D,S,D,2024-06-14,1000000.00,4.457359,100.46484375
08:00:26,91282CKV2,TSRYS5823596,D,S,D,2024-06-14,1000000.00,4.457359,100.46484375
08:00:26,91282CKV2,TSRYS5823596,D,S,D,2024-06-14,2000000.00,4.455955,100.46875
08:00:26,91282CKV2,TSRYS5823596,D,S,D,2024-06-14,2000000.00,4.455955,100.46875
08:00:27,91282CKV2,TSRYS5823596,D,S,D,2024-06-14,1000000.00,4.457359,100.46484375
08:00:27,91282CKV2,TSRYS5823596,D,S,D,2024-06-14,1000000.00,4.456657,100.466796875
08:00:27,91282CKV2,TSRYS5823596,D,S,D,2024-06-14,2000000.00,4.456657,100.466796875
08:00:27,91282CKV2,TSRYS5823596,D,B,C,2024-06-14,1000000.00,4.456657,100.466796875
08:00:27,91282CKV2,TSRYS5823596,D,B,C,2024-06-14,2000000.00,4.456657,100.466796875
08:00:27,91282CKV2,TSRYS5823596,D,B,C,2024-06-14,1000000.00,4.456657,100.466796875
08:00:27,91282CKV2,TSRYS5823596,D,S,D,2024-06-14,1000000.00,4.456657,100.466796875
08:00:27,91282CKV2,TSRYS5823596,D,B,C,2024-06-14,1000000.00,4.456657,100.466796875
08:00:27,91282CKV2,TSRYS5823596,D,S,D,2024-06-14,1000000.00,4.456657,100.466796875
08:00:27,91282CKV2,TSRYS5823596,D,B,C,2024-06-14,1000000.00,4.456657,100.466796875
08:00:27,91282CKV2,TSRYS5823596,D,S,D,2024-06-14,1000000.00,4.456657,100.466796875
08:00:27,91282CKV2,TSRYS5823596,D,S,D,2024-06-14,1000000.00,4.457359,100.46484375
08:00:27,91282CKV2,TSRYS5823596,D,S,D,2024-06-14,1000000.00,4.462975,100.44921875
08:00:28,91282CKV2,TSRYS5823596,D,S,D,2024-06-14,1000000.00,4.44192,100.5078125
08:00:28,91282CKV2,TSRYS5823596,D,S,T,2024-06-14,1000000.00,4.444025,100.501953125
08:00:28,91282CKV2,TSRYS5823596,D,S,T,2024-06-14,1000000.00,4.444025,100.501953125
08:00:28,91282CKV2,TSRYS5823596,D,S,T,2024-06-14,1000000.00,4.444025,100.501953125
08:00:28,91282CKV2,TSRYS5823596,D,S,T,2024-06-14,1000000.00,4.444025,100.501953125
08:00:28,91282CKV2,TSRYS5823596,D,S,T,2024-06-14,1000000.00,4.444726,100.5
08:00:28,91282CKV2,TSRYS5823596,D,S,T,2024-06-14,1000000.00,4.444726,100.5
08:00:28,91282CKV2,TSRYS5823596,D,S,T,2024-06-14,1000000.00,4.444726,100.5
08:00:28,91282CKV2,TSRYS5823596,D,S,T,2024-06-14,1000000.00,4.440517,100.51171875
08:00:28,91282CKV2,TSRYS5823596,D,S,C,2024-06-14,2000000.00,4.46438,100.4453125
08:00:28,91282CKV2,TSRYS5823596,D,S,D,2024-06-14,1000000.00,4.440517,100.51171875
08:00:28,91282CKV2,TSRYS5823596,D,S,T,2024-06-14,1000000.00,4.448235,100.490234375
08:00:28,91282CKV2,TSRYS5823596,D,S,T,2024-06-14,1000000.00,4.448235,100.490234375
08:00:28,91282CKV2,TSRYS5823596,D,S,T,2024-06-14,1000000.00,4.448937,100.48828125
08:00:29,91282CKV2,TSRYS5823596,D,S,D,2024-06-14,1000000.00,4.461571,100.453125
08:00:29,91282CKV2,TSRYS5823596,D,S,D,2024-06-14,1000000.00,4.457359,100.46484375
08:00:29,91282CKV2,TSRYS5823596,D,S,D,2024-06-14,1000000.00,4.457359,100.46484375
08:00:29,91282CKV2,TSRYS5823596,D,S,D,2024-06-14,1000000.00,4.457359,100.46484375
08:00:29,91282CKV2,TSRYS5823596,D,S,D,2024-06-14,1000000.00,4.457359,100.46484375
08:00:29,91282CKV2,TSRYS5823596,D,B,C,2024-06-14,2000000.00,4.456657,100.466796875
08:00:29,91282CKV2,TSRYS5823596,D,S,D,2024-06-14,2000000.00,4.456657,100.466796875
08:00:29,91282CKV2,TSRYS5823596,D,B,C,2024-06-14,2000000.00,4.456657,100.466796875
08:00:29,91282CKV2,TSRYS5823596,D,S,D,2024-06-14,2000000.00,4.456657,100.466796875
08:00:29,91282CKV2,TSRYS5823596,D,S,D,2024-06-14,2000000.00,4.456657,100.466796875
08:00:29,91282CKV2,TSRYS5823596,D,S,D,2024-06-14,1000000.00,4.456657,100.466796875
08:00:29,91282CKV2,TSRYS5823596,D,B,C,2024-06-14,1000000.00,4.456657,100.466796875
08:00:29,91282CKV2,TSRYS5823596,D,S,D,2024-06-14,2000000.00,4.456657,100.466796875
08:00:29,91282CKV2,TSRYS5823596,D,B,C,2024-06-14,2000000.00,4.456657,100.466796875
08:00:29,91282CKV2,TSRYS5823596,D,B,C,2024-06-14,2000000.00,4.456657,100.466796875
08:00:30,91282CKV2,TSRYS5823596,D,S,T,2024-06-14,1000000.00,4.44192,100.5078125
08:00:30,91282CKV2,TSRYS5823596,D,S,T,2024-06-14,1000000.00,4.443323,100.50390625
08:00:30,91282CKV2,TSRYS5823596,D,S,T,2024-06-14,2000000.00,4.443323,100.50390625
08:00:30,91282CKV2,TSRYS5823596,D,S,T,2024-06-14,1000000.00,4.443323,100.50390625
08:00:30,91282CKV2,TSRYS5823596,D,S,T,2024-06-14,1000000.00,4.443323,100.50390625
08:00:30,91282CKV2,TSRYS5823596,D,S,T,2024-06-14,1000000.00,4.44192,100.5078125
08:00:30,91282CKV2,TSRYS5823596,D,S,T,2024-06-14,1000000.00,4.440517,100.51171875
08:00:30,91282CKV2,TSRYS5823596,D,S,T,2024-06-14,2000000.00,4.439114,100.515625
08:00:30,91282CKV2,TSRYS5823596,D,S,T,2024-06-14,2000000.00,4.439114,100.515625
08:00:30,91282CKV2,TSRYS5823596,D,S,T,2024-06-14,1000000.00,4.439114,100.515625
08:00:30,91282CKV2,TSRYS5823596,D,S,T,2024-06-14,2000000.00,4.439114,100.515625
08:00:30,91282CKV2,TSRYS5823596,D,S,T,2024-06-14,1000000.00,4.439114,100.515625
08:00:30,91282CKV2,TSRYS5823596,D,S,T,2024-06-14,1000000.00,4.439114,100.515625
08:00:30,91282CKV2,TSRYS5823596,D,S,T,2024-06-14,2000000.00,4.441218,100.509765625
08:00:30,91282CKV2,TSRYS5823596,D,S,T,2024-06-14,1000000.00,4.441218,100.509765625
08:00:30,91282CKV2,TSRYS5823596,D,S,T,2024-06-14,1000000.00,4.441218,100.509765625
08:00:30,91282CKV2,TSRYS5823596,D,S,T,2024-06-14,2000000.00,4.440517,100.51171875
08:00:30,91282CKV2,TSRYS5823596,D,S,T,2024-06-14,1000000.00,4.440517,100.51171875
08:00:30,91282CKV2,TSRYS5823596,D,S,T,2024-06-14,1000000.00,4.440517,100.51171875
08:00:30,91282CKV2,TSRYS5823596,D,S,T,2024-06-14,1000000.00,4.439114,100.515625
08:00:30,91282CKV2,TSRYS5823596,D,S,T,2024-06-14,1000000.00,4.439114,100.515625
08:00:30,91282CKV2,TSRYS5823596,D,S,T,2024-06-14,2000000.00,4.439114,100.515625
08:00:30,91282CKV2,TSRYS5823596,D,S,T,2024-06-14,1000000.00,4.439114,100.515625
08:00:30,91282CKV2,TSRYS5823596,D,S,T,2024-06-14,1000000.00,4.440517,100.51171875
08:00:30,91282CKV2,TSRYS5823596,D,S,T,2024-06-14,1000000.00,4.440517,100.51171875
08:00:30,91282CKV2,TSRYS5823596,D,S,T,2024-06-14,1000000.00,4.440517,100.51171875
08:00:30,91282CKV2,TSRYS5823596,D,S,T,2024-06-14,2000000.00,4.441218,100.509765625
08:00:30,91282CKV2,TSRYS5823596,D,S,T,2024-06-14,2000000.00,4.44192,100.5078125
08:00:30,91282CKV2,TSRYS5823596,D,S,T,2024-06-14,2000000.00,4.44192,100.5078125
08:00:30,91282CKV2,TSRYS5823596,D,S,T,2024-06-14,2000000.00,4.44192,100.5078125
08:00:30,91282CKV2,TSRYS5823596,D,S,T,2024-06-14,1000000.00,4.44192,100.5078125
08:00:30,91282CKV2,TSRYS5823596,D,S,T,2024-06-14,3000000.00,4.44192,100.5078125
08:00:30,91282CKV2,TSRYS5823596,D,S,T,2024-06-14,2000000.00,4.442622,100.505859375
08:00:30,91282CKV2,TSRYS5823596,D,S,T,2024-06-14,1000000.00,4.442622,100.505859375
08:00:30,91282CKV2,TSRYS5823596,D,S,T,2024-06-14,2000000.00,4.442622,100.505859375
08:00:30,91282CKV2,TSRYS5823596,D,S,T,2024-06-14,2000000.00,4.442622,100.505859375
08:00:30,91282CKV2,TSRYS5823596,D,S,T,2024-06-14,2000000.00,4.442622,100.505859375
08:00:30,91282CKV2,TSRYS5823596,D,S,T,2024-06-14,2000000.00,4.442622,100.505859375
08:00:30,91282CKV2,TSRYS5823596,D,S,T,2024-06-14,2000000.00,4.442622,100.505859375
08:00:30,91282CKV2,TSRYS5823596,D,S,T,2024-06-14,2000000.00,4.442622,100.505859375
08:00:30,91282CKV2,TSRYS5823596,D,S,T,2024-06-14,2000000.00,4.442622,100.505859375
08:00:30,91282CKV2,TSRYS5823596,D,S,T,2024-06-14,2000000.00,4.442622,100.505859375
08:00:30,91282CKV2,TSRYS5823596,D,S,T,2024-06-14,2000000.00,4.442622,100.505859375
08:00:30,91282CKV2,TSRYS5823596,D,S,T,2024-06-14,2000000.00,4.442622,100.505859375
08:00:30,91282CKV2,TSRYS5823596,D,S,T,2024-06-14,2000000.00,4.442622,100.505859375
08:00:30,91282CKV2,TSRYS5823596,D,S,T,2024-06-14,2000000.00,4.442622,100.505859375
08:00:30,91282CKV2,TSRYS5823596,D,S,T,2024-06-14,2000000.00,4.442622,100.505859375
08:00:30,91282CKV2,TSRYS5823596,D,S,T,2024-06-14,2000000.00,4.442622,100.505859375
08:00:30,91282CKV2,TSRYS5823596,D,S,T,2024-06-14,2000000.00,4.442622,100.505859375
08:00:30,91282CKV2,TSRYS5823596,D,S,T,2024-06-14,2000000.00,4.442622,100.505859375
08:00:30,91282CKV2,TSRYS5823596,D,S,T,2024-06-14,2000000.00,4.442622,100.505859375
08:00:30,91282CKV2,TSRYS5823596,D,S,T,2024-06-14,2000000.00,4.442622,100.505859375
08:00:30,91282CKV2,TSRYS5823596,D,S,T,2024-06-14,2000000.00,4.442622,100.505859375
08:00:30,91282CKV2,TSRYS5823596,D,S,T,2024-06-14,2000000.00,4.442622,100.505859375
08:00:30,91282CKV2,TSRYS5823596,D,S,T,2024-06-14,2000000.00,4.442622,100.505859375
08:00:30,91282CKV2,TSRYS5823596,D,S,T,2024-06-14,2000000.00,4.442622,100.505859375
08:00:30,91282CKV2,TSRYS5823596,D,S,T,2024-06-14,2000000.00,4.442622,100.505859375
08:00:30,91282CKV2,TSRYS5823596,D,S,T,2024-06-14,2000000.00,4.442622,100.505859375
08:00:30,91282CKV2,TSRYS5823596,D,S,T,2024-06-14,1000000.00,4.453148,100.4765625
08:00:30,91282CKV2,TSRYS5823596,D,S,T,2024-06-14,1000000.00,4.44192,100.5078125
08:00:30,91282CKV2,TSRYS5823596,D,S,T,2024-06-14,1000000.00,4.441218,100.509765625
08:00:30,91282CKV2,TSRYS5823596,D,S,T,2024-06-14,1000000.00,4.442622,100.505859375
08:00:30,91282CKV2,TSRYS5823596,D,S,T,2024-06-14,2000000.00,4.444726,100.5
08:00:30,91282CKV2,TSRYS5823596,D,S,T,2024-06-14,1000000.00,4.444726,100.5
08:00:30,91282CKV2,TSRYS5823596,D,S,T,2024-06-14,1000000.00,4.447533,100.4921875
08:00:30,91282CKV2,TSRYS5823596,D,S,T,2024-06-14,1000000.00,4.448235,100.490234375
08:00:30,91282CKV2,TSRYS5823596,D,S,T,2024-06-14,1000000.00,4.447533,100.4921875
08:00:30,91282CKV2,TSRYS5823596,D,S,T,2024-06-14,1000000.00,4.447533,100.4921875
08:00:30,91282CKV2,TSRYS5823596,D,S,T,2024-06-14,2000000.00,4.447533,100.4921875
08:00:30,91282CKV2,TSRYS5823596,D,S,T,2024-06-14,1000000.00,4.447533,100.4921875
08:00:30,91282CKV2,TSRYS5823596,D,S,T,2024-06-14,2000000.00,4.447533,100.4921875
08:00:30,91282CKV2,TSRYS5823596,D,S,T,2024-06-14,1000000.00,4.447533,100.4921875
08:00:30,91282CKV2,TSRYS5823596,D,S,T,2024-06-14,1000000.00,4.447533,100.4921875
08:00:30,91282CKV2,TSRYS5823596,D,S,T,2024-06-14,1000000.00,4.451042,100.482421875
08:00:30,91282CKV2,TSRYS5823596,D,S,T,2024-06-14,1000000.00,4.451042,100.482421875
08:00:30,91282CKV2,TSRYS5823596,D,S,T,2024-06-14,1000000.00,4.451744,100.48046875
08:00:30,91282CKV2,TSRYS5823596,D,S,T,2024-06-14,1000000.00,4.45034,100.484375
08:00:30,91282CKV2,TSRYS5823596,D,S,T,2024-06-14,4000000.00,4.451744,100.48046875
08:00:30,91282CKV2,TSRYS5823596,D,S,T,2024-06-14,1000000.00,4.451744,100.48046875
08:00:30,91282CKV2,TSRYS5823596,D,S,T,2024-06-14,1000000.00,4.451744,100.48046875
08:00:30,91282CKV2,TSRYS5823596,D,S,T,2024-06-14,1000000.00,4.451744,100.48046875
08:00:30,91282CKV2,TSRYS5823596,D,S,T,2024-06-14,1000000.00,4.451744,100.48046875
08:00:30,91282CKV2,TSRYS5823596,D,S,T,2024-06-14,1000000.00,4.451744,100.48046875
08:00:30,91282CKV2,TSRYS5823596,D,S,T,2024-06-14,1000000.00,4.452446,100.478515625
08:00:30,91282CKV2,TSRYS5823596,D,S,T,2024-06-14,1000000.00,4.453148,100.4765625
08:00:30,91282CKV2,TSRYS5823596,D,S,T,2024-06-14,1000000.00,4.453148,100.4765625
08:00:30,91282CKV2,TSRYS5823596,D,S,T,2024-06-14,1000000.00,4.45385,100.474609375
08:00:30,91282CKV2,TSRYS5823596,D,S,T,2024-06-14,2000000.00,4.45385,100.474609375
08:00:30,91282CKV2,TSRYS5823596,D,S,T,2024-06-14,1000000.00,4.45385,100.474609375
08:00:30,91282CKV2,TSRYS5823596,D,S,T,2024-06-14,2000000.00,4.45385,100.474609375
08:00:30,91282CKV2,TSRYS5823596,D,S,T,2024-06-14,2000000.00,4.45385,100.474609375
08:00:30,91282CKV2,TSRYS5823596,D,S,T,2024-06-14,2000000.00,4.45385,100.474609375
08:00:30,91282CKV2,TSRYS5823596,D,S,T,2024-06-14,2000000.00,4.45385,100.474609375
08:00:30,91282CKV2,TSRYS5823596,D,S,T,2024-06-14,2000000.00,4.45385,100.474609375
08:00:30,91282CKV2,TSRYS5823596,D,S,T,2024-06-14,2000000.00,4.45385,100.474609375
08:00:30,91282CKV2,TSRYS5823596,D,S,T,2024-06-14,1000000.00,4.45385,100.474609375
08:00:30,91282CKV2,TSRYS5823596,D,S,T,2024-06-14,1000000.00,4.45385,100.474609375
08:00:30,91282CKV2,TSRYS5823596,D,S,T,2024-06-14,2000000.00,4.45385,100.474609375
08:00:30,91282CKV2,TSRYS5823596,D,S,T,2024-06-14,2000000.00,4.45385,100.474609375
08:00:30,91282CKV2,TSRYS5823596,D,S,T,2024-06-14,2000000.00,4.45385,100.474609375
08:00:30,91282CKV2,TSRYS5823596,D,S,T,2024-06-14,2000000.00,4.45385,100.474609375
08:00:30,91282CKV2,TSRYS5823596,D,S,T,2024-06-14,2000000.00,4.45385,100.474609375
08:00:30,91282CKV2,TSRYS5823596,D,S,T,2024-06-14,2000000.00,4.45385,100.474609375
08:00:30,91282CKV2,TSRYS5823596,D,S,T,2024-06-14,4000000.00,4.45385,100.474609375
08:00:30,91282CKV2,TSRYS5823596,D,S,T,2024-06-14,2000000.00,4.45385,100.474609375
08:00:30,91282CKV2,TSRYS5823596,D,S,T,2024-06-14,2000000.00,4.45385,100.474609375
08:00:30,91282CKV2,TSRYS5823596,D,S,T,2024-06-14,1000000.00,4.45385,100.474609375
08:00:30,91282CKV2,TSRYS5823596,D,S,T,2024-06-14,2000000.00,4.45385,100.474609375
08:00:30,91282CKV2,TSRYS5823596,D,S,T,2024-06-14,2000000.00,4.45385,100.474609375
08:00:30,91282CKV2,TSRYS5823596,D,S,T,2024-06-14,1000000.00,4.454551,100.47265625
08:00:30,91282CKV2,TSRYS5823596,D,S,T,2024-06-14,1000000.00,4.454551,100.47265625
08:00:30,91282CKV2,TSRYS5823596,D,S,T,2024-06-14,2000000.00,4.454551,100.47265625
08:00:30,91282CKV2,TSRYS5823596,D,S,T,2024-06-14,1000000.00,4.454551,100.47265625
08:00:30,91282CKV2,TSRYS5823596,D,S,T,2024-06-14,2000000.00,4.454551,100.47265625
08:00:30,91282CKV2,TSRYS5823596,D,S,T,2024-06-14,1000000.00,4.45385,100.474609375
08:00:30,91282CKV2,TSRYS5823596,D,S,T,2024-06-14,2000000.00,4.45385,100.474609375
08:00:30,91282CKV2,TSRYS5823596,D,S,T,2024-06-14,1000000.00,4.45385,100.474609375
08:00:30,91282CKV2,TSRYS5823596,D,S,T,2024-06-14,2000000.00,4.454551,100.47265625
08:00:30,91282CKV2,TSRYS5823596,D,S,T,2024-06-14,1000000.00,4.454551,100.47265625
08:00:30,91282CKV2,TSRYS5823596,D,S,T,2024-06-14,1000000.00,4.454551,100.47265625
08:00:30,91282CKV2,TSRYS5823596,D,S,T,2024-06-14,2000000.00,4.452446,100.478515625
08:00:30,91282CKV2,TSRYS5823596,D,S,T,2024-06-14,1000000.00,4.453148,100.4765625
08:00:30,91282CKV2,TSRYS5823596,D,S,T,2024-06-14,1000000.00,4.452446,100.478515625
08:00:30,91282CKV2,TSRYS5823596,D,S,T,2024-06-14,1000000.00,4.452446,100.478515625
08:00:30,91282CKV2,TSRYS5823596,D,S,T,2024-06-14,1000000.00,4.453148,100.4765625
08:00:30,91282CKV2,TSRYS5823596,D,S,T,2024-06-14,1000000.00,4.45385,100.474609375
08:00:30,91282CKV2,TSRYS5823596,D,S,T,2024-06-14,1000000.00,4.453148,100.4765625
08:00:30,91282CKV2,TSRYS5823596,D,S,T,2024-06-14,1000000.00,4.455955,100.46875
08:00:30,91282CKV2,TSRYS5823596,D,S,T,2024-06-14,1000000.00,4.456657,100.466796875
08:00:30,91282CKV2,TSRYS5823596,D,S,T,2024-06-14,1000000.00,4.456657,100.466796875
08:00:30,91282CKV2,TSRYS5823596,D,S,T,2024-06-14,1000000.00,4.455955,100.46875
08:00:30,91282CKV2,TSRYS5823596,D,S,T,2024-06-14,1000000.00,4.455955,100.46875
08:00:30,91282CKV2,TSRYS5823596,D,S,T,2024-06-14,1000000.00,4.458763,100.4609375
08:00:30,91282CKV2,TSRYS5823596,D,S,T,2024-06-14,1000000.00,4.458763,100.4609375
08:00:30,91282CKV2,TSRYS5823596,D,S,T,2024-06-14,1000000.00,4.459465,100.458984375
08:00:30,91282CKV2,TSRYS5823596,D,S,T,2024-06-14,1000000.00,4.460167,100.45703125
08:00:30,91282CKV2,TSRYS5823596,D,S,T,2024-06-14,1000000.00,4.459465,100.458984375
08:00:30,91282CKV2,TSRYS5823596,D,S,T,2024-06-14,1000000.00,4.457359,100.46484375
08:00:30,91282CKV2,TSRYS5823596,D,S,T,2024-06-14,1000000.00,4.456657,100.466796875
08:00:30,91282CKV2,TSRYS5823596,D,S,T,2024-06-14,1000000.00,4.457359,100.46484375
08:00:30,91282CKV2,TSRYS5823596,D,S,T,2024-06-14,1000000.00,4.458763,100.4609375
08:00:30,91282CKV2,TSRYS5823596,D,S,T,2024-06-14,1000000.00,4.458763,100.4609375
08:00:30,91282CKV2,TSRYS5823596,D,S,T,2024-06-14,1000000.00,4.458763,100.4609375
08:00:30,91282CKV2,TSRYS5823596,D,S,T,2024-06-14,1000000.00,4.458763,100.4609375
08:00:30,91282CKV2,TSRYS5823596,D,S,T,2024-06-14,1000000.00,4.458763,100.4609375
08:00:30,91282CKV2,TSRYS5823596,D,S,T,2024-06-14,1000000.00,4.458763,100.4609375
08:00:30,91282CKV2,TSRYS5823596,D,S,T,2024-06-14,1000000.00,4.458763,100.4609375
08:00:30,91282CKV2,TSRYS5823596,D,S,T,2024-06-14,1000000.00,4.458763,100.4609375
08:00:30,91282CKV2,TSRYS5823596,D,S,T,2024-06-14,1000000.00,4.458763,100.4609375
08:00:30,91282CKV2,TSRYS5823596,D,S,T,2024-06-14,1000000.00,4.458763,100.4609375
08:00:30,91282CKV2,TSRYS5823596,D,S,T,2024-06-14,1000000.00,4.457359,100.46484375
08:00:30,91282CKV2,TSRYS5823596,D,S,T,2024-06-14,1000000.00,4.453148,100.4765625
08:00:30,91282CKV2,TSRYS5823596,D,S,T,2024-06-14,2000000.00,4.451744,100.48046875
08:00:30,91282CKV2,TSRYS5823596,D,S,T,2024-06-14,1000000.00,4.453148,100.4765625
08:00:30,91282CKV2,TSRYS5823596,D,S,T,2024-06-14,1000000.00,4.457359,100.46484375
08:00:30,91282CKV2,TSRYS5823596,D,S,T,2024-06-14,1000000.00,4.458763,100.4609375
08:00:30,91282CKV2,TSRYS5823596,D,S,T,2024-06-14,2000000.00,4.457359,100.46484375
08:00:30,91282CKV2,TSRYS5823596,D,S,T,2024-06-14,1000000.00,4.457359,100.46484375
08:00:30,91282CKV2,TSRYS5823596,D,S,T,2024-06-14,1000000.00,4.457359,100.46484375
08:00:30,91282CKV2,TSRYS5823596,D,S,T,2024-06-14,1000000.00,4.457359,100.46484375
08:00:30,91282CKV2,TSRYS5823596,D,S,T,2024-06-14,1000000.00,4.457359,100.46484375
08:00:30,91282CKV2,TSRYS5823596,D,S,T,2024-06-14,1000000.00,4.457359,100.46484375
08:00:30,91282CKV2,TSRYS5823596,D,S,T,2024-06-14,1000000.00,4.457359,100.46484375
08:00:30,91282CKV2,TSRYS5823596,D,S,T,2024-06-14,1000000.00,4.458763,100.4609375
08:00:30,91282CKV2,TSRYS5823596,D,S,T,2024-06-14,1000000.00,4.461571,100.453125
08:00:30,91282CKV2,TSRYS5823596,D,S,T,2024-06-14,1000000.00,4.465082,100.443359375
08:00:30,91282CKV2,TSRYS5823596,D,S,T,2024-06-14,1000000.00,4.46438,100.4453125
08:00:30,91282CKV2,TSRYS5823596,D,S,T,2024-06-14,1000000.00,4.465784,100.44140625
08:00:30,91282CKV2,TSRYS5823596,D,S,T,2024-06-14,1000000.00,4.465784,100.44140625
08:00:30,91282CKV2,TSRYS5823596,D,S,T,2024-06-14,1000000.00,4.465784,100.44140625
08:00:30,91282CKV2,TSRYS5823596,D,S,T,2024-06-14,1000000.00,4.465784,100.44140625
08:00:30,91282CKV2,TSRYS5823596,D,S,T,2024-06-14,1000000.00,4.465784,100.44140625
08:00:30,91282CKV2,TSRYS5823596,D,S,T,2024-06-14,1000000.00,4.465784,100.44140625
08:00:30,91282CKV2,TSRYS5823596,D,S,T,2024-06-14,1000000.00,4.465784,100.44140625
08:00:30,91282CKV2,TSRYS5823596,D,S,T,2024-06-14,1000000.00,4.465784,100.44140625
08:00:30,91282CKV2,TSRYS5823596,D,S,T,2024-06-14,1000000.00,4.465784,100.44140625
08:00:30,91282CKV2,TSRYS5823596,D,S,T,2024-06-14,1000000.00,4.465784,100.44140625
08:00:30,91282CKV2,TSRYS5823596,D,S,T,2024-06-14,1000000.00,4.465784,100.44140625
08:00:30,91282CKV2,TSRYS5823596,D,S,T,2024-06-14,1000000.00,4.465784,100.44140625
08:00:30,91282CKV2,TSRYS5823596,D,S,T,2024-06-14,1000000.00,4.46438,100.4453125
08:00:30,91282CKV2,TSRYS5823596,D,S,T,2024-06-14,2000000.00,4.46438,100.4453125
08:00:30,91282CKV2,TSRYS5823596,D,S,T,2024-06-14,1000000.00,4.46438,100.4453125
08:00:30,91282CKV2,TSRYS5823596,D,S,T,2024-06-14,1000000.00,4.46438,100.4453125
08:00:30,91282CKV2,TSRYS5823596,D,S,T,2024-06-14,1000000.00,4.46438,100.4453125
08:00:30,91282CKV2,TSRYS5823596,D,S,T,2024-06-14,1000000.00,4.461571,100.453125
08:00:30,91282CKV2,TSRYS5823596,D,S,T,2024-06-14,2000000.00,4.461571,100.453125
08:00:30,91282CKV2,TSRYS5823596,D,S,T,2024-06-14,1000000.00,4.461571,100.453125
08:00:30,91282CKV2,TSRYS5823596,D,S,T,2024-06-14,1000000.00,4.461571,100.453125
08:00:30,91282CKV2,TSRYS5823596,D,S,T,2024-06-14,1000000.00,4.461571,100.453125
08:00:30,91282CKV2,TSRYS5823596,D,S,T,2024-06-14,1000000.00,4.462273,100.451171875
08:00:30,91282CKV2,TSRYS5823596,D,S,T,2024-06-14,1000000.00,4.460869,100.455078125
08:00:30,91282CKV2,TSRYS5823596,D,S,T,2024-06-14,1000000.00,4.460167,100.45703125
08:00:30,91282CKV2,TSRYS5823596,D,S,T,2024-06-14,1000000.00,4.454551,100.47265625
08:00:30,91282CKV2,TSRYS5823596,D,S,T,2024-06-14,1000000.00,4.455955,100.46875
08:00:30,91282CKV2,TSRYS5823596,D,S,T,2024-06-14,1000000.00,4.455955,100.46875
08:00:30,91282CKV2,TSRYS5823596,D,S,T,2024-06-14,3000000.00,4.455955,100.46875
08:00:30,91282CKV2,TSRYS5823596,D,S,T,2024-06-14,1000000.00,4.455955,100.46875
08:00:30,91282CKV2,TSRYS5823596,D,S,T,2024-06-14,1000000.00,4.457359,100.46484375
08:00:30,91282CKV2,TSRYS5823596,D,S,T,2024-06-14,1000000.00,4.457359,100.46484375
08:00:30,91282CKV2,TSRYS5823596,D,S,T,2024-06-14,1000000.00,4.457359,100.46484375
08:00:30,91282CKV2,TSRYS5823596,D,S,D,2024-06-14,1000000.00,4.457359,100.46484375
08:00:30,91282CKV2,TSRYS5823596,D,S,T,2024-06-14,1000000.00,4.458763,100.4609375
08:00:30,91282CKV2,TSRYS5823596,D,S,T,2024-06-14,1000000.00,4.458763,100.4609375
08:00:30,91282CKV2,TSRYS5823596,D,S,T,2024-06-14,1000000.00,4.460167,100.45703125
08:00:30,91282CKV2,TSRYS5823596,D,S,T,2024-06-14,2000000.00,4.458763,100.4609375
08:00:30,91282CKV2,TSRYS5823596,D,S,T,2024-06-14,1000000.00,4.458763,100.4609375
08:00:30,91282CKV2,TSRYS5823596,D,S,T,2024-06-14,1000000.00,4.461571,100.453125
08:00:30,91282CKV2,TSRYS5823596,D,S,T,2024-06-14,1000000.00,4.461571,100.453125
08:00:30,91282CKV2,TSRYS5823596,D,S,T,2024-06-14,1000000.00,4.461571,100.453125
08:00:30,91282CKV2,TSRYS5823596,D,S,T,2024-06-14,1000000.00,4.461571,100.453125
08:00:30,91282CKV2,TSRYS5823596,D,S,T,2024-06-14,4000000.00,4.462975,100.44921875
08:00:30,91282CKV2,TSRYS5823596,D,S,T,2024-06-14,1000000.00,4.462975,100.44921875
08:00:30,91282CKV2,TSRYS5823596,D,S,T,2024-06-14,1000000.00,4.462975,100.44921875
08:00:30,91282CKV2,TSRYS5823596,D,S,T,2024-06-14,1000000.00,4.462975,100.44921875
08:00:30,91282CKV2,TSRYS5823596,D,S,T,2024-06-14,1000000.00,4.462975,100.44921875
08:00:30,91282CKV2,TSRYS5823596,D,S,T,2024-06-14,1000000.00,4.458763,100.4609375
08:00:30,91282CKV2,TSRYS5823596,D,S,T,2024-06-14,1000000.00,4.451744,100.48046875
08:00:30,91282CKV2,TSRYS5823596,D,S,T,2024-06-14,1000000.00,4.458763,100.4609375
08:00:30,91282CKV2,TSRYS5823596,D,S,T,2024-06-14,1000000.00,4.458061,100.462890625
08:00:30,91282CKV2,TSRYS5823596,D,S,T,2024-06-14,1000000.00,4.458061,100.462890625
08:00:30,91282CKV2,TSRYS5823596,D,S,T,2024-06-14,1000000.00,4.454551,100.47265625
08:00:30,91282CKV2,TSRYS5823596,D,S,T,2024-06-14,1000000.00,4.454551,100.47265625
08:00:30,91282CKV2,TSRYS5823596,D,S,T,2024-06-14,1000000.00,4.454551,100.47265625
08:00:30,91282CKV2,TSRYS5823596,D,S,T,2024-06-14,1000000.00,4.455955,100.46875
08:00:30,91282CKV2,TSRYS5823596,D,S,T,2024-06-14,1000000.00,4.457359,100.46484375
08:00:30,91282CKV2,TSRYS5823596,D,S,T,2024-06-14,1000000.00,4.458763,100.4609375
08:00:30,91282CKV2,TSRYS5823596,D,S,T,2024-06-14,1000000.00,4.458763,100.4609375
08:00:30,91282CKV2,TSRYS5823596,D,S,T,2024-06-14,1000000.00,4.46438,100.4453125
08:00:30,91282CKV2,TSRYS5823596,D,S,T,2024-06-14,1000000.00,4.465784,100.44140625
08:00:30,91282CKV2,TSRYS5823596,D,S,T,2024-06-14,1000000.00,4.465784,100.44140625
08:00:30,91282CKV2,TSRYS5823596,D,S,T,2024-06-14,1000000.00,4.467188,100.4375
08:00:30,91282CKV2,TSRYS5823596,D,S,T,2024-06-14,1000000.00,4.465784,100.44140625
08:00:30,91282CKV2,TSRYS5823596,D,S,T,2024-06-14,1000000.00,4.467188,100.4375
08:00:30,91282CKV2,TSRYS5823596,D,S,T,2024-06-14,1000000.00,4.469997,100.4296875
08:00:30,91282CKV2,TSRYS5823596,D,S,T,2024-06-14,1000000.00,4.468593,100.43359375
08:00:30,91282CKV2,TSRYS5823596,D,S,T,2024-06-14,1000000.00,4.468593,100.43359375
08:00:30,91282CKV2,TSRYS5823596,D,S,T,2024-06-14,1000000.00,4.468593,100.43359375
08:00:30,91282CKV2,TSRYS5823596,D,S,T,2024-06-14,1000000.00,4.469997,100.4296875
08:00:30,91282CKV2,TSRYS5823596,D,S,T,2024-06-14,2000000.00,4.469997,100.4296875
08:00:30,91282CKV2,TSRYS5823596,D,S,T,2024-06-14,1000000.00,4.469997,100.4296875
08:00:30,91282CKV2,TSRYS5823596,D,S,T,2024-06-14,1000000.00,4.469997,100.4296875
08:00:30,91282CKV2,TSRYS5823596,D,S,T,2024-06-14,1000000.00,4.469997,100.4296875
08:00:30,91282CKV2,TSRYS5823596,D,S,T,2024-06-14,1000000.00,4.467188,100.4375
08:00:30,91282CKV2,TSRYS5823596,D,S,T,2024-06-14,1000000.00,4.467188,100.4375
08:00:30,91282CKV2,TSRYS5823596,D,S,T,2024-06-14,1000000.00,4.468593,100.43359375
08:00:30,91282CKV2,TSRYS5823596,D,S,T,2024-06-14,1000000.00,4.467188,100.4375
08:00:30,91282CKV2,TSRYS5823596,D,S,T,2024-06-14,1000000.00,4.468593,100.43359375
08:00:30,91282CKV2,TSRYS5823596,D,S,T,2024-06-14,1000000.00,4.468593,100.43359375
08:00:30,91282CKV2,TSRYS5823596,D,S,T,2024-06-14,1000000.00,4.468593,100.43359375
08:00:30,91282CKV2,TSRYS5823596,D,S,T,2024-06-14,1000000.00,4.468593,100.43359375
08:00:30,91282CKV2,TSRYS5823596,D,S,T,2024-06-14,1000000.00,4.468593,100.43359375
08:00:30,91282CKV2,TSRYS5823596,D,S,T,2024-06-14,1000000.00,4.468593,100.43359375
08:00:30,91282CKV2,TSRYS5823596,D,S,T,2024-06-14,2000000.00,4.467891,100.435546875
08:00:30,91282CKV2,TSRYS5823596,D,S,T,2024-06-14,1000000.00,4.465784,100.44140625
08:00:30,91282CKV2,TSRYS5823596,D,S,T,2024-06-14,1000000.00,4.468593,100.43359375
08:00:30,91282CKV2,TSRYS5823596,D,S,T,2024-06-14,1000000.00,4.468593,100.43359375
08:00:30,91282CKV2,TSRYS5823596,D,S,T,2024-06-14,1000000.00,4.468593,100.43359375
08:00:30,91282CKV2,TSRYS5823596,D,S,T,2024-06-14,1000000.00,4.467188,100.4375
08:00:30,91282CKV2,TSRYS5823596,D,S,T,2024-06-14,1000000.00,4.463678,100.447265625
08:00:30,91282CKV2,TSRYS5823596,D,S,T,2024-06-14,1000000.00,4.461571,100.453125
08:00:30,91282CKV2,TSRYS5823596,D,S,T,2024-06-14,1000000.00,4.458763,100.4609375
08:00:30,91282CKV2,TSRYS5823596,D,S,T,2024-06-14,1000000.00,4.455955,100.46875
08:00:30,91282CKV2,TSRYS5823596,D,S,T,2024-06-14,1000000.00,4.454551,100.47265625
08:00:30,91282CKV2,TSRYS5823596,D,S,T,2024-06-14,1000000.00,4.45034,100.484375
08:00:30,91282CKV2,TSRYS5823596,D,S,T,2024-06-14,1000000.00,4.45034,100.484375
08:00:30,91282CKV2,TSRYS5823596,D,S,T,2024-06-14,1000000.00,4.45034,100.484375
08:00:30,91282CKV2,TSRYS5823596,D,S,T,2024-06-14,1000000.00,4.45034,100.484375
08:00:30,91282CKV2,TSRYS5823596,D,S,T,2024-06-14,1000000.00,4.45034,100.484375
08:00:30,91282CKV2,TSRYS5823596,D,S,T,2024-06-14,1000000.00,4.451744,100.48046875
08:00:30,91282CKV2,TSRYS5823596,D,S,T,2024-06-14,1000000.00,4.45034,100.484375
08:00:30,91282CKV2,TSRYS5823596,D,S,T,2024-06-14,1000000.00,4.45034,100.484375
08:00:30,91282CKV2,TSRYS5823596,D,S,T,2024-06-14,1000000.00,4.45034,100.484375
08:00:30,91282CKV2,TSRYS5823596,D,S,T,2024-06-14,1000000.00,4.448937,100.48828125
08:00:30,91282CKV2,TSRYS5823596,D,S,T,2024-06-14,1000000.00,4.448937,100.48828125
08:00:30,91282CKV2,TSRYS5823596,D,S,T,2024-06-14,1000000.00,4.44613,100.49609375
08:00:30,91282CKV2,TSRYS5823596,D,S,T,2024-06-14,1000000.00,4.44613,100.49609375
08:00:30,91282CKV2,TSRYS5823596,D,S,T,2024-06-14,1000000.00,4.44192,100.5078125
08:00:30,91282CKV2,TSRYS5823596,D,S,T,2024-06-14,1000000.00,4.44192,100.5078125
08:00:30,91282CKV2,TSRYS5823596,D,S,T,2024-06-14,1000000.00,4.44192,100.5078125
08:00:30,91282CKV2,TSRYS5823596,D,S,T,2024-06-14,1000000.00,4.44192,100.5078125
08:00:30,91282CKV2,TSRYS5823596,D,S,T,2024-06-14,1000000.00,4.44192,100.5078125
08:00:30,91282CKV2,TSRYS5823596,D,S,T,2024-06-14,1000000.00,4.44192,100.5078125
08:00:30,91282CKV2,TSRYS5823596,D,S,T,2024-06-14,1000000.00,4.44192,100.5078125
08:00:30,91282CKV2,TSRYS5823596,D,S,T,2024-06-14,1000000.00,4.44192,100.5078125
08:00:30,91282CKV2,TSRYS5823596,D,S,T,2024-06-14,1000000.00,4.440517,100.51171875
08:00:30,91282CKV2,TSRYS5823596,D,S,T,2024-06-14,1000000.00,4.44192,100.5078125
08:00:30,91282CKV2,TSRYS5823596,D,S,T,2024-06-14,1000000.00,4.444726,100.5
08:00:30,91282CKV2,TSRYS5823596,D,S,D,2024-06-14,2000000.00,4.444726,100.5
08:00:30,91282CKV2,TSRYS5823596,D,S,T,2024-06-14,1000000.00,4.444726,100.5
08:00:30,91282CKV2,TSRYS5823596,D,S,T,2024-06-14,1000000.00,4.44613,100.49609375
08:00:30,91282CKV2,TSRYS5823596,D,S,T,2024-06-14,1000000.00,4.445428,100.498046875
08:00:30,91282CKV2,TSRYS5823596,D,S,T,2024-06-14,1000000.00,4.443323,100.50390625
08:00:30,91282CKV2,TSRYS5823596,D,S,T,2024-06-14,1000000.00,4.440517,100.51171875
08:00:30,91282CKV2,TSRYS5823596,D,S,T,2024-06-14,1000000.00,4.440517,100.51171875
08:00:30,91282CKV2,TSRYS5823596,D,S,T,2024-06-14,1000000.00,4.443323,100.50390625
08:00:30,91282CKV2,TSRYS5823596,D,S,T,2024-06-14,1000000.00,4.447533,100.4921875
08:00:30,91282CKV2,TSRYS5823596,D,S,T,2024-06-14,1000000.00,4.448937,100.48828125
08:00:30,91282CKV2,TSRYS5823596,D,S,T,2024-06-14,1000000.00,4.448937,100.48828125
08:00:30,91282CKV2,TSRYS5823596,D,S,T,2024-06-14,1000000.00,4.451744,100.48046875
08:00:30,91282CKV2,TSRYS5823596,D,S,T,2024-06-14,1000000.00,4.451744,100.48046875
08:00:30,91282CKV2,TSRYS5823596,D,S,T,2024-06-14,1000000.00,4.451744,100.48046875
08:00:30,91282CKV2,TSRYS5823596,D,S,T,2024-06-14,1000000.00,4.451744,100.48046875
08:00:30,91282CKV2,TSRYS5823596,D,S,T,2024-06-14,1000000.00,4.45034,100.484375
08:00:30,91282CKV2,TSRYS5823596,D,S,T,2024-06-14,1000000.00,4.447533,100.4921875
08:00:30,91282CKV2,TSRYS5823596,D,S,T,2024-06-14,1000000.00,4.44613,100.49609375
08:00:30,91282CKV2,TSRYS5823596,D,S,T,2024-06-14,1000000.00,4.444726,100.5
08:00:30,91282CKV2,TSRYS5823596,D,S,T,2024-06-14,1000000.00,4.444726,100.5
08:00:30,91282CKV2,TSRYS5823596,D,S,T,2024-06-14,1000000.00,4.440517,100.51171875
08:00:30,91282CKV2,TSRYS5823596,D,S,T,2024-06-14,1000000.00,4.440517,100.51171875
08:00:30,91282CKV2,TSRYS5823596,D,S,T,2024-06-14,1000000.00,4.44192,100.5078125
08:00:30,91282CKV2,TSRYS5823596,D,S,T,2024-06-14,1000000.00,4.44613,100.49609375
08:00:30,91282CKV2,TSRYS5823596,D,S,T,2024-06-14,1000000.00,4.44613,100.49609375
08:00:30,91282CKV2,TSRYS5823596,D,S,T,2024-06-14,1000000.00,4.447533,100.4921875
08:00:30,91282CKV2,TSRYS5823596,D,S,T,2024-06-14,1000000.00,4.447533,100.4921875
08:00:30,91282CKV2,TSRYS5823596,D,S,T,2024-06-14,1000000.00,4.447533,100.4921875
08:00:30,91282CKV2,TSRYS5823596,D,S,T,2024-06-14,1000000.00,4.447533,100.4921875
08:00:30,91282CKV2,TSRYS5823596,D,S,T,2024-06-14,1000000.00,4.448235,100.490234375
08:00:30,91282CKV2,TSRYS5823596,D,S,T,2024-06-14,1000000.00,4.447533,100.4921875
08:00:30,91282CKV2,TSRYS5823596,D,S,T,2024-06-14,1000000.00,4.447533,100.4921875
08:00:30,91282CKV2,TSRYS5823596,D,S,T,2024-06-14,1000000.00,4.447533,100.4921875
08:00:30,91282CKV2,TSRYS5823596,D,S,T,2024-06-14,1000000.00,4.448937,100.48828125
08:00:30,91282CKV2,TSRYS5823596,D,S,T,2024-06-14,1000000.00,4.447533,100.4921875
08:00:30,91282CKV2,TSRYS5823596,D,S,T,2024-06-14,1000000.00,4.448937,100.48828125
08:00:30,91282CKV2,TSRYS5823596,D,S,T,2024-06-14,1000000.00,4.446832,100.494140625
08:00:30,91282CKV2,TSRYS5823596,D,S,T,2024-06-14,1000000.00,4.447533,100.4921875
08:00:30,91282CKV2,TSRYS5823596,D,S,T,2024-06-14,1000000.00,4.447533,100.4921875
08:00:30,91282CKV2,TSRYS5823596,D,S,T,2024-06-14,1000000.00,4.447533,100.4921875
08:00:30,91282CKV2,TSRYS5823596,D,S,T,2024-06-14,1000000.00,4.447533,100.4921875
08:00:30,91282CKV2,TSRYS5823596,D,S,T,2024-06-14,1000000.00,4.447533,100.4921875
08:00:30,91282CKV2,TSRYS5823596,D,S,T,2024-06-14,1000000.00,4.447533,100.4921875
08:00:30,91282CKV2,TSRYS5823596,D,S,T,2024-06-14,1000000.00,4.447533,100.4921875
08:00:30,91282CKV2,TSRYS5823596,D,S,T,2024-06-14,1000000.00,4.447533,100.4921875
08:00:30,91282CKV2,TSRYS5823596,D,S,T,2024-06-14,1000000.00,4.44613,100.49609375
08:00:30,91282CKV2,TSRYS5823596,D,S,T,2024-06-14,1000000.00,4.447533,100.4921875
08:00:30,91282CKV2,TSRYS5823596,D,S,T,2024-06-14,3000000.00,4.447533,100.4921875
08:00:30,91282CKV2,TSRYS5823596,D,S,T,2024-06-14,2000000.00,4.447533,100.4921875
08:00:30,91282CKV2,TSRYS5823596,D,S,T,2024-06-14,1000000.00,4.447533,100.4921875
08:00:30,91282CKV2,TSRYS5823596,D,S,T,2024-06-14,1000000.00,4.447533,100.4921875
08:00:30,91282CKV2,TSRYS5823596,D,S,T,2024-06-14,1000000.00,4.447533,100.4921875
08:00:30,91282CKV2,TSRYS5823596,D,S,T,2024-06-14,1000000.00,4.447533,100.4921875
08:00:30,91282CKV2,TSRYS5823596,D,S,T,2024-06-14,2000000.00,4.448235,100.490234375
08:00:30,91282CKV2,TSRYS5823596,D,S,T,2024-06-14,1000000.00,4.448937,100.48828125
08:00:30,91282CKV2,TSRYS5823596,D,S,T,2024-06-14,1000000.00,4.448937,100.48828125
08:00:30,91282CKV2,TSRYS5823596,D,S,T,2024-06-14,1000000.00,4.448937,100.48828125
08:00:30,91282CKV2,TSRYS5823596,D,S,T,2024-06-14,1000000.00,4.448937,100.48828125
08:00:30,91282CKV2,TSRYS5823596,D,S,T,2024-06-14,1000000.00,4.448937,100.48828125
08:00:30,91282CKV2,TSRYS5823596,D,S,T,2024-06-14,1000000.00,4.448235,100.490234375
08:00:30,91282CKV2,TSRYS5823596,D,S,T,2024-06-14,1000000.00,4.45034,100.484375
08:00:30,91282CKV2,TSRYS5823596,D,S,T,2024-06-14,1000000.00,4.45034,100.484375
08:00:30,91282CKV2,TSRYS5823596,D,S,T,2024-06-14,1000000.00,4.45034,100.484375
08:00:30,91282CKV2,TSRYS5823596,D,S,T,2024-06-14,1000000.00,4.45034,100.484375
08:00:30,91282CKV2,TSRYS5823596,D,S,T,2024-06-14,1000000.00,4.45034,100.484375
08:00:30,91282CKV2,TSRYS5823596,D,S,T,2024-06-14,1000000.00,4.45034,100.484375
08:00:30,91282CKV2,TSRYS5823596,D,S,T,2024-06-14,1000000.00,4.451744,100.48046875
08:00:30,91282CKV2,TSRYS5823596,D,S,T,2024-06-14,2000000.00,4.451744,100.48046875
08:00:30,91282CKV2,TSRYS5823596,D,S,T,2024-06-14,1000000.00,4.451744,100.48046875
08:00:30,91282CKV2,TSRYS5823596,D,S,T,2024-06-14,1000000.00,4.453148,100.4765625
08:00:30,91282CKV2,TSRYS5823596,D,S,T,2024-06-14,2000000.00,4.453148,100.4765625
08:00:30,91282CKV2,TSRYS5823596,D,S,T,2024-06-14,1000000.00,4.453148,100.4765625
08:00:30,91282CKV2,TSRYS5823596,D,S,T,2024-06-14,2000000.00,4.453148,100.4765625
08:00:30,91282CKV2,TSRYS5823596,D,S,T,2024-06-14,1000000.00,4.451744,100.48046875
08:00:30,91282CKV2,TSRYS5823596,D,S,T,2024-06-14,1000000.00,4.45034,100.484375
08:00:30,91282CKV2,TSRYS5823596,D,S,T,2024-06-14,1000000.00,4.448937,100.48828125
08:00:30,91282CKV2,TSRYS5823596,D,S,T,2024-06-14,1000000.00,4.448937,100.48828125
08:00:30,91282CKV2,TSRYS5823596,D,S,T,2024-06-14,1000000.00,4.44613,100.49609375
08:00:30,91282CKV2,TSRYS5823596,D,S,T,2024-06-14,1000000.00,4.439114,100.515625
08:00:30,91282CKV2,TSRYS5823596,D,S,T,2024-06-14,1000000.00,4.437711,100.51953125
08:00:30,91282CKV2,TSRYS5823596,D,S,T,2024-06-14,1000000.00,4.437711,100.51953125
08:00:30,91282CKV2,TSRYS5823596,D,S,T,2024-06-14,1000000.00,4.436308,100.5234375
08:00:30,91282CKV2,TSRYS5823596,D,S,T,2024-06-14,1000000.00,4.436308,100.5234375
08:00:30,91282CKV2,TSRYS5823596,D,S,T,2024-06-14,1000000.00,4.436308,100.5234375
08:00:30,91282CKV2,TSRYS5823596,D,S,T,2024-06-14,2000000.00,4.437009,100.521484375
08:00:30,91282CKV2,TSRYS5823596,D,S,T,2024-06-14,2000000.00,4.437009,100.521484375
08:00:30,91282CKV2,TSRYS5823596,D,S,T,2024-06-14,1000000.00,4.436308,100.5234375
08:00:30,91282CKV2,TSRYS5823596,D,S,T,2024-06-14,2000000.00,4.434905,100.52734375
08:00:30,91282CKV2,TSRYS5823596,D,S,T,2024-06-14,1000000.00,4.434905,100.52734375
08:00:30,91282CKV2,TSRYS5823596,D,S,T,2024-06-14,1000000.00,4.434905,100.52734375
08:00:30,91282CKV2,TSRYS5823596,D,S,T,2024-06-14,1000000.00,4.433502,100.53125
08:00:30,91282CKV2,TSRYS5823596,D,S,T,2024-06-14,1000000.00,4.429294,100.54296875
08:00:30,91282CKV2,TSRYS5823596,D,S,T,2024-06-14,1000000.00,4.429294,100.54296875
08:00:30,91282CKV2,TSRYS5823596,D,S,T,2024-06-14,1000000.00,4.429294,100.54296875
08:00:30,91282CKV2,TSRYS5823596,D,S,T,2024-06-14,1000000.00,4.429294,100.54296875
08:00:30,91282CKV2,TSRYS5823596,D,S,T,2024-06-14,1000000.00,4.431398,100.537109375
08:00:30,91282CKV2,TSRYS5823596,D,S,T,2024-06-14,1000000.00,4.430696,100.5390625
08:00:30,91282CKV2,TSRYS5823596,D,S,T,2024-06-14,1000000.00,4.429294,100.54296875
08:00:30,91282CKV2,TSRYS5823596,D,S,T,2024-06-14,2000000.00,4.429294,100.54296875
08:00:30,91282CKV2,TSRYS5823596,D,S,T,2024-06-14,1000000.00,4.432099,100.53515625
08:00:30,91282CKV2,TSRYS5823596,D,S,T,2024-06-14,1000000.00,4.432099,100.53515625
08:00:30,91282CKV2,TSRYS5823596,D,S,T,2024-06-14,1000000.00,4.432099,100.53515625
08:00:30,91282CKV2,TSRYS5823596,D,S,T,2024-06-14,1000000.00,4.433502,100.53125
08:00:30,91282CKV2,TSRYS5823596,D,S,T,2024-06-14,1000000.00,4.433502,100.53125
08:00:30,91282CKV2,TSRYS5823596,D,S,T,2024-06-14,1000000.00,4.433502,100.53125
08:00:30,91282CKV2,TSRYS5823596,D,S,T,2024-06-14,1000000.00,4.433502,100.53125
08:00:30,91282CKV2,TSRYS5823596,D,S,T,2024-06-14,1000000.00,4.433502,100.53125
08:00:30,91282CKV2,TSRYS5823596,D,S,T,2024-06-14,1000000.00,4.433502,100.53125
08:00:30,91282CKV2,TSRYS5823596,D,S,T,2024-06-14,1000000.00,4.433502,100.53125
08:00:30,91282CKV2,TSRYS5823596,D,S,T,2024-06-14,1000000.00,4.432099,100.53515625
08:00:30,91282CKV2,TSRYS5823596,D,S,T,2024-06-14,1000000.00,4.433502,100.53125
08:00:30,91282CKV2,TSRYS5823596,D,S,T,2024-06-14,1000000.00,4.4328,100.533203125
08:00:30,91282CKV2,TSRYS5823596,D,S,T,2024-06-14,1000000.00,4.4328,100.533203125
08:00:30,91282CKV2,TSRYS5823596,D,S,T,2024-06-14,1000000.00,4.4328,100.533203125
08:00:30,91282CKV2,TSRYS5823596,D,S,T,2024-06-14,1000000.00,4.433502,100.53125
08:00:30,91282CKV2,TSRYS5823596,D,S,T,2024-06-14,1000000.00,4.432099,100.53515625
08:00:30,91282CKV2,TSRYS5823596,D,S,T,2024-06-14,1000000.00,4.432099,100.53515625
08:00:30,91282CKV2,TSRYS5823596,D,S,T,2024-06-14,1000000.00,4.432099,100.53515625
08:00:30,91282CKV2,TSRYS5823596,D,S,T,2024-06-14,1000000.00,4.432099,100.53515625
08:00:30,91282CKV2,TSRYS5823596,D,S,T,2024-06-14,1000000.00,4.432099,100.53515625
08:00:30,91282CKV2,TSRYS5823596,D,S,T,2024-06-14,1000000.00,4.430696,100.5390625
08:00:30,91282CKV2,TSRYS5823596,D,S,T,2024-06-14,1000000.00,4.429294,100.54296875
08:00:30,91282CKV2,TSRYS5823596,D,S,T,2024-06-14,1000000.00,4.429294,100.54296875
08:00:30,91282CKV2,TSRYS5823596,D,S,T,2024-06-14,1000000.00,4.426489,100.55078125
08:00:30,91282CKV2,TSRYS5823596,D,S,T,2024-06-14,1000000.00,4.425086,100.5546875
08:00:30,91282CKV2,TSRYS5823596,D,S,T,2024-06-14,1000000.00,4.425086,100.5546875
08:00:30,91282CKV2,TSRYS5823596,D,S,T,2024-06-14,1000000.00,4.426489,100.55078125
08:00:30,91282CKV2,TSRYS5823596,D,S,T,2024-06-14,1000000.00,4.426489,100.55078125
08:00:30,91282CKV2,TSRYS5823596,D,S,T,2024-06-14,2000000.00,4.426489,100.55078125
08:00:30,91282CKV2,TSRYS5823596,D,S,T,2024-06-14,1000000.00,4.426489,100.55078125
08:00:30,91282CKV2,TSRYS5823596,D,S,T,2024-06-14,1000000.00,4.426489,100.55078125
08:00:30,91282CKV2,TSRYS5823596,D,S,T,2024-06-14,1000000.00,4.425787,100.552734375
08:00:30,91282CKV2,TSRYS5823596,D,S,T,2024-06-14,1000000.00,4.429294,100.54296875
08:00:30,91282CKV2,TSRYS5823596,D,S,T,2024-06-14,1000000.00,4.427891,100.546875
08:00:30,91282CKV2,TSRYS5823596,D,S,T,2024-06-14,1000000.00,4.429294,100.54296875
08:00:30,91282CKV2,TSRYS5823596,D,S,T,2024-06-14,5000000.00,4.429294,100.54296875
08:00:30,91282CKV2,TSRYS5823596,D,S,T,2024-06-14,5000000.00,4.429294,100.54296875
08:00:30,91282CKV2,TSRYS5823596,D,S,T,2024-06-14,1000000.00,4.429294,100.54296875
08:00:30,91282CKV2,TSRYS5823596,D,S,T,2024-06-14,1000000.00,4.429294,100.54296875
08:00:30,91282CKV2,TSRYS5823596,D,S,T,2024-06-14,4000000.00,4.429294,100.54296875
08:00:30,91282CKV2,TSRYS5823596,D,S,T,2024-06-14,4000000.00,4.429294,100.54296875
08:00:30,91282CKV2,TSRYS5823596,D,S,T,2024-06-14,1000000.00,4.429294,100.54296875
08:00:30,91282CKV2,TSRYS5823596,D,S,T,2024-06-14,1000000.00,4.429294,100.54296875
08:00:30,91282CKV2,TSRYS5823596,D,S,T,2024-06-14,2000000.00,4.429294,100.54296875
08:00:30,91282CKV2,TSRYS5823596,D,S,T,2024-06-14,1000000.00,4.429294,100.54296875
08:00:30,91282CKV2,TSRYS5823596,D,S,T,2024-06-14,3000000.00,4.429294,100.54296875
08:00:30,91282CKV2,TSRYS5823596,D,S,T,2024-06-14,1000000.00,4.430696,100.5390625
08:00:30,91282CKV2,TSRYS5823596,D,S,T,2024-06-14,1000000.00,4.430696,100.5390625
08:00:30,91282CKV2,TSRYS5823596,D,S,T,2024-06-14,1000000.00,4.430696,100.5390625
08:00:30,91282CKV2,TSRYS5823596,D,S,T,2024-06-14,1000000.00,4.430696,100.5390625
08:00:30,91282CKV2,TSRYS5823596,D,S,T,2024-06-14,1000000.00,4.432099,100.53515625
08:00:30,91282CKV2,TSRYS5823596,D,S,T,2024-06-14,1000000.00,4.432099,100.53515625
08:00:30,91282CKV2,TSRYS5823596,D,S,T,2024-06-14,1000000.00,4.432099,100.53515625
08:00:30,91282CKV2,TSRYS5823596,D,S,T,2024-06-14,1000000.00,4.431398,100.537109375
08:00:30,91282CKV2,TSRYS5823596,D,S,T,2024-06-14,1000000.00,4.431398,100.537109375
08:00:30,91282CKV2,TSRYS5823596,D,S,T,2024-06-14,1000000.00,4.431398,100.537109375
08:00:30,91282CKV2,TSRYS5823596,D,S,T,2024-06-14,1000000.00,4.433502,100.53125
08:00:30,91282CKV2,TSRYS5823596,D,S,T,2024-06-14,2000000.00,4.434905,100.52734375
08:00:30,91282CKV2,TSRYS5823596,D,S,T,2024-06-14,1000000.00,4.434905,100.52734375
08:00:30,91282CKV2,TSRYS5823596,D,S,T,2024-06-14,1000000.00,4.434905,100.52734375
08:00:30,91282CKV2,TSRYS5823596,D,S,T,2024-06-14,1000000.00,4.436308,100.5234375
08:00:30,91282CKV2,TSRYS5823596,D,S,T,2024-06-14,1000000.00,4.437711,100.51953125
08:00:30,91282CKV2,TSRYS5823596,D,S,T,2024-06-14,1000000.00,4.437711,100.51953125
08:00:30,91282CKV2,TSRYS5823596,D,S,T,2024-06-14,1000000.00,4.437711,100.51953125
08:00:30,91282CKV2,TSRYS5823596,D,S,T,2024-06-14,1000000.00,4.437711,100.51953125
08:00:30,91282CKV2,TSRYS5823596,D,S,T,2024-06-14,1000000.00,4.433502,100.53125
08:00:30,91282CKV2,TSRYS5823596,D,S,T,2024-06-14,1000000.00,4.433502,100.53125
08:00:30,91282CKV2,TSRYS5823596,D,S,T,2024-06-14,1000000.00,4.433502,100.53125
08:00:30,91282CKV2,TSRYS5823596,D,S,T,2024-06-14,1000000.00,4.433502,100.53125
08:00:30,91282CKV2,TSRYS5823596,D,S,T,2024-06-14,2000000.00,4.432099,100.53515625
08:00:30,91282CKV2,TSRYS5823596,D,S,T,2024-06-14,1000000.00,4.432099,100.53515625
08:00:30,91282CKV2,TSRYS5823596,D,S,T,2024-06-14,1000000.00,4.432099,100.53515625
08:00:30,91282CKV2,TSRYS5823596,D,S,T,2024-06-14,1000000.00,4.432099,100.53515625
08:00:30,91282CKV2,TSRYS5823596,D,S,T,2024-06-14,1000000.00,4.432099,100.53515625
08:00:30,91282CKV2,TSRYS5823596,D,S,T,2024-06-14,1000000.00,4.432099,100.53515625
08:00:30,91282CKV2,TSRYS5823596,D,S,T,2024-06-14,1000000.00,4.433502,100.53125
08:00:30,91282CKV2,TSRYS5823596,D,S,T,2024-06-14,2000000.00,4.435606,100.525390625
08:00:30,91282CKV2,TSRYS5823596,D,S,T,2024-06-14,1000000.00,4.434905,100.52734375
08:00:30,91282CKV2,TSRYS5823596,D,S,T,2024-06-14,1000000.00,4.434905,100.52734375
08:00:30,91282CKV2,TSRYS5823596,D,S,T,2024-06-14,3000000.00,4.437009,100.521484375
08:00:30,91282CKV2,TSRYS5823596,D,S,T,2024-06-14,1000000.00,4.437711,100.51953125
08:00:30,91282CKV2,TSRYS5823596,D,S,T,2024-06-14,1000000.00,4.436308,100.5234375
08:00:30,91282CKV2,TSRYS5823596,D,S,T,2024-06-14,1000000.00,4.434905,100.52734375
08:00:30,91282CKV2,TSRYS5823596,D,S,T,2024-06-14,1000000.00,4.434905,100.52734375
08:00:30,91282CKV2,TSRYS5823596,D,S,T,2024-06-14,1000000.00,4.434203,100.529296875
08:00:30,91282CKV2,TSRYS5823596,D,S,T,2024-06-14,1000000.00,4.434905,100.52734375
08:00:30,91282CKV2,TSRYS5823596,D,S,T,2024-06-14,1000000.00,4.434203,100.529296875
08:00:30,91282CKV2,TSRYS5823596,D,S,T,2024-06-14,1000000.00,4.434905,100.52734375
08:00:30,91282CKV2,TSRYS5823596,D,S,T,2024-06-14,1000000.00,4.436308,100.5234375
08:00:30,91282CKV2,TSRYS5823596,D,S,T,2024-06-14,1000000.00,4.436308,100.5234375
08:00:30,91282CKV2,TSRYS5823596,D,S,T,2024-06-14,1000000.00,4.436308,100.5234375
08:00:30,91282CKV2,TSRYS5823596,D,S,T,2024-06-14,1000000.00,4.436308,100.5234375
08:00:30,91282CKV2,TSRYS5823596,D,S,T,2024-06-14,1000000.00,4.436308,100.5234375
08:00:30,91282CKV2,TSRYS5823596,D,S,T,2024-06-14,1000000.00,4.437711,100.51953125
08:00:30,91282CKV2,TSRYS5823596,D,S,T,2024-06-14,3000000.00,4.439114,100.515625
08:00:30,91282CKV2,TSRYS5823596,D,S,T,2024-06-14,1000000.00,4.434905,100.52734375
08:00:30,91282CKV2,TSRYS5823596,D,S,T,2024-06-14,1000000.00,4.434905,100.52734375
08:00:30,91282CKV2,TSRYS5823596,D,S,T,2024-06-14,1000000.00,4.430696,100.5390625
08:00:30,91282CKV2,TSRYS5823596,D,S,T,2024-06-14,1000000.00,4.427891,100.546875
08:00:30,91282CKV2,TSRYS5823596,D,S,T,2024-06-14,1000000.00,4.430696,100.5390625
08:00:30,91282CKV2,TSRYS5823596,D,S,T,2024-06-14,1000000.00,4.428592,100.544921875
08:00:30,91282CKV2,TSRYS5823596,D,S,T,2024-06-14,1000000.00,4.426489,100.55078125
08:00:30,91282CKV2,TSRYS5823596,D,S,T,2024-06-14,1000000.00,4.425086,100.5546875
08:00:30,91282CKV2,TSRYS5823596,D,S,T,2024-06-14,1000000.00,4.424385,100.556640625
08:00:30,91282CKV2,TSRYS5823596,D,S,T,2024-06-14,1000000.00,4.425086,100.5546875
08:00:30,91282CKV2,TSRYS5823596,D,S,T,2024-06-14,1000000.00,4.425086,100.5546875
08:00:30,91282CKV2,TSRYS5823596,D,S,T,2024-06-14,1000000.00,4.425086,100.5546875
08:00:30,91282CKV2,TSRYS5823596,D,S,T,2024-06-14,1000000.00,4.423684,100.55859375
08:00:30,91282CKV2,TSRYS5823596,D,S,T,2024-06-14,1000000.00,4.422281,100.5625
08:00:30,91282CKV2,TSRYS5823596,D,S,T,2024-06-14,2000000.00,4.422983,100.560546875
08:00:30,91282CKV2,TSRYS5823596,D,S,T,2024-06-14,1000000.00,4.422281,100.5625
08:00:30,91282CKV2,TSRYS5823596,D,S,T,2024-06-14,1000000.00,4.42158,100.564453125
08:00:30,91282CKV2,TSRYS5823596,D,S,T,2024-06-14,1000000.00,4.42158,100.564453125
08:00:30,91282CKV2,TSRYS5823596,D,S,T,2024-06-14,1000000.00,4.420178,100.568359375
08:00:30,91282CKV2,TSRYS5823596,D,S,T,2024-06-14,1000000.00,4.42158,100.564453125
08:00:30,91282CKV2,TSRYS5823596,D,S,T,2024-06-14,1000000.00,4.420879,100.56640625
08:00:30,91282CKV2,TSRYS5823596,D,S,T,2024-06-14,1000000.00,4.420879,100.56640625
08:00:30,91282CKV2,TSRYS5823596,D,S,T,2024-06-14,1000000.00,4.420879,100.56640625
08:00:30,91282CKV2,TSRYS5823596,D,S,T,2024-06-14,1000000.00,4.418075,100.57421875
08:00:30,91282CKV2,TSRYS5823596,D,S,T,2024-06-14,1000000.00,4.418075,100.57421875
08:00:30,91282CKV2,TSRYS5823596,D,S,T,2024-06-14,1000000.00,4.418075,100.57421875
08:00:30,91282CKV2,TSRYS5823596,D,S,T,2024-06-14,1000000.00,4.418075,100.57421875
08:00:30,91282CKV2,TSRYS5823596,D,S,T,2024-06-14,1000000.00,4.420879,100.56640625
08:00:30,91282CKV2,TSRYS5823596,D,S,T,2024-06-14,1000000.00,4.420178,100.568359375
08:00:30,91282CKV2,TSRYS5823596,D,S,T,2024-06-14,1000000.00,4.420178,100.568359375
08:00:30,91282CKV2,TSRYS5823596,D,S,T,2024-06-14,1000000.00,4.419477,100.5703125
08:00:30,91282CKV2,TSRYS5823596,D,S,T,2024-06-14,1000000.00,4.420879,100.56640625
08:00:30,91282CKV2,TSRYS5823596,D,S,T,2024-06-14,1000000.00,4.420879,100.56640625
08:00:30,91282CKV2,TSRYS5823596,D,S,T,2024-06-14,1000000.00,4.419477,100.5703125
08:00:30,91282CKV2,TSRYS5823596,D,S,T,2024-06-14,1000000.00,4.420879,100.56640625
08:00:30,91282CKV2,TSRYS5823596,D,S,T,2024-06-14,1000000.00,4.419477,100.5703125
08:00:30,91282CKV2,TSRYS5823596,D,S,T,2024-06-14,1000000.00,4.419477,100.5703125
08:00:30,91282CKV2,TSRYS5823596,D,S,T,2024-06-14,1000000.00,4.419477,100.5703125
08:00:30,91282CKV2,TSRYS5823596,D,S,T,2024-06-14,1000000.00,4.419477,100.5703125
08:00:30,91282CKV2,TSRYS5823596,D,S,T,2024-06-14,1000000.00,4.419477,100.5703125
08:00:30,91282CKV2,TSRYS5823596,D,S,T,2024-06-14,1000000.00,4.419477,100.5703125
08:00:30,91282CKV2,TSRYS5823596,D,S,T,2024-06-14,1000000.00,4.413869,100.5859375
08:00:30,91282CKV2,TSRYS5823596,D,S,T,2024-06-14,1000000.00,4.413869,100.5859375
08:00:30,91282CKV2,TSRYS5823596,D,S,T,2024-06-14,2000000.00,4.408262,100.6015625
08:00:30,91282CKV2,TSRYS5823596,D,S,T,2024-06-14,1000000.00,4.408262,100.6015625
08:00:30,91282CKV2,TSRYS5823596,D,S,T,2024-06-14,1000000.00,4.409664,100.59765625
08:00:30,91282CKV2,TSRYS5823596,D,S,T,2024-06-14,1000000.00,4.408963,100.599609375
08:00:30,91282CKV2,TSRYS5823596,D,S,T,2024-06-14,1000000.00,4.409664,100.59765625
08:00:30,91282CKV2,TSRYS5823596,D,S,T,2024-06-14,1000000.00,4.410364,100.595703125
08:00:30,91282CKV2,TSRYS5823596,D,S,T,2024-06-14,1000000.00,4.410364,100.595703125
08:00:30,91282CKV2,TSRYS5823596,D,S,T,2024-06-14,1000000.00,4.410364,100.595703125
08:00:30,91282CKV2,TSRYS5823596,D,S,T,2024-06-14,1000000.00,4.410364,100.595703125
08:00:30,91282CKV2,TSRYS5823596,D,S,T,2024-06-14,1000000.00,4.409664,100.59765625
08:00:30,91282CKV2,TSRYS5823596,D,S,T,2024-06-14,3000000.00,4.409664,100.59765625
08:00:30,91282CKV2,TSRYS5823596,D,S,T,2024-06-14,3000000.00,4.409664,100.59765625
08:00:30,91282CKV2,TSRYS5823596,D,S,T,2024-06-14,1000000.00,4.409664,100.59765625
08:00:30,91282CKV2,TSRYS5823596,D,S,T,2024-06-14,1000000.00,4.409664,100.59765625
08:00:30,91282CKV2,TSRYS5823596,D,S,T,2024-06-14,1000000.00,4.409664,100.59765625
08:00:30,91282CKV2,TSRYS5823596,D,S,T,2024-06-14,1000000.00,4.411065,100.59375
08:00:30,91282CKV2,TSRYS5823596,D,S,T,2024-06-14,1000000.00,4.411065,100.59375
08:00:30,91282CKV2,TSRYS5823596,D,S,T,2024-06-14,1000000.00,4.411065,100.59375
08:00:30,91282CKV2,TSRYS5823596,D,S,T,2024-06-14,1000000.00,4.409664,100.59765625
08:00:30,91282CKV2,TSRYS5823596,D,S,T,2024-06-14,1000000.00,4.408262,100.6015625
08:00:30,91282CKV2,TSRYS5823596,D,S,T,2024-06-14,1000000.00,4.408262,100.6015625
08:00:30,91282CKV2,TSRYS5823596,D,S,T,2024-06-14,3000000.00,4.408262,100.6015625
08:00:30,91282CKV2,TSRYS5823596,D,S,T,2024-06-14,1000000.00,4.408262,100.6015625
08:00:30,91282CKV2,TSRYS5823596,D,S,T,2024-06-14,1000000.00,4.408262,100.6015625
08:00:30,91282CKV2,TSRYS5823596,D,S,T,2024-06-14,1000000.00,4.408262,100.6015625
08:00:30,91282CKV2,TSRYS5823596,D,S,T,2024-06-14,1000000.00,4.409664,100.59765625
08:00:30,91282CKV2,TSRYS5823596,D,S,T,2024-06-14,1000000.00,4.409664,100.59765625
08:00:30,91282CKV2,TSRYS5823596,D,S,T,2024-06-14,2000000.00,4.409664,100.59765625
08:00:30,91282CKV2,TSRYS5823596,D,S,T,2024-06-14,1000000.00,4.409664,100.59765625
08:00:30,91282CKV2,TSRYS5823596,D,S,T,2024-06-14,1000000.00,4.40686,100.60546875
08:00:30,91282CKV2,TSRYS5823596,D,S,T,2024-06-14,3000000.00,4.408262,100.6015625
08:00:30,91282CKV2,TSRYS5823596,D,S,T,2024-06-14,2000000.00,4.409664,100.59765625
08:00:30,91282CKV2,TSRYS5823596,D,S,T,2024-06-14,1000000.00,4.408262,100.6015625
08:00:30,91282CKV2,TSRYS5823596,D,S,T,2024-06-14,4000000.00,4.409664,100.59765625
08:00:30,91282CKV2,TSRYS5823596,D,S,T,2024-06-14,1000000.00,4.409664,100.59765625
08:00:30,91282CKV2,TSRYS5823596,D,S,T,2024-06-14,1000000.00,4.409664,100.59765625
08:00:30,91282CKV2,TSRYS5823596,D,S,T,2024-06-14,1000000.00,4.409664,100.59765625
08:00:30,91282CKV2,TSRYS5823596,D,S,T,2024-06-14,1000000.00,4.409664,100.59765625
08:00:30,91282CKV2,TSRYS5823596,D,S,T,2024-06-14,2000000.00,4.411065,100.59375
08:00:30,91282CKV2,TSRYS5823596,D,S,T,2024-06-14,3000000.00,4.411065,100.59375
08:00:30,91282CKV2,TSRYS5823596,D,S,T,2024-06-14,1000000.00,4.411065,100.59375
08:00:30,91282CKV2,TSRYS5823596,D,S,T,2024-06-14,4000000.00,4.411065,100.59375
08:00:30,91282CKV2,TSRYS5823596,D,S,T,2024-06-14,1000000.00,4.411065,100.59375
08:00:30,91282CKV2,TSRYS5823596,D,S,T,2024-06-14,1000000.00,4.411065,100.59375
08:00:30,91282CKV2,TSRYS5823596,D,S,T,2024-06-14,1000000.00,4.411065,100.59375
08:00:30,91282CKV2,TSRYS5823596,D,S,T,2024-06-14,1000000.00,4.411065,100.59375
08:00:30,91282CKV2,TSRYS5823596,D,S,T,2024-06-14,1000000.00,4.409664,100.59765625
08:00:30,91282CKV2,TSRYS5823596,D,S,T,2024-06-14,1000000.00,4.40686,100.60546875
08:00:30,91282CKV2,TSRYS5823596,D,S,T,2024-06-14,1000000.00,4.408262,100.6015625
08:00:30,91282CKV2,TSRYS5823596,D,S,T,2024-06-14,2000000.00,4.408262,100.6015625
08:00:30,91282CKV2,TSRYS5823596,D,S,T,2024-06-14,1000000.00,4.408262,100.6015625
08:00:30,91282CKV2,TSRYS5823596,D,S,T,2024-06-14,2000000.00,4.408262,100.6015625
08:00:30,91282CKV2,TSRYS5823596,D,S,T,2024-06-14,1000000.00,4.409664,100.59765625
08:00:30,91282CKV2,TSRYS5823596,D,S,T,2024-06-14,1000000.00,4.410364,100.595703125
08:00:30,91282CKV2,TSRYS5823596,D,S,T,2024-06-14,1000000.00,4.411065,100.59375
08:00:30,91282CKV2,TSRYS5823596,D,S,T,2024-06-14,1000000.00,4.411065,100.59375
08:00:30,91282CKV2,TSRYS5823596,D,S,T,2024-06-14,1000000.00,4.412467,100.58984375
08:00:30,91282CKV2,TSRYS5823596,D,S,T,2024-06-14,2000000.00,4.412467,100.58984375
08:00:30,91282CKV2,TSRYS5823596,D,S,T,2024-06-14,1000000.00,4.412467,100.58984375
08:00:30,91282CKV2,TSRYS5823596,D,S,T,2024-06-14,1000000.00,4.412467,100.58984375
08:00:30,91282CKV2,TSRYS5823596,D,S,T,2024-06-14,1000000.00,4.412467,100.58984375
08:00:30,91282CKV2,TSRYS5823596,D,S,T,2024-06-14,7000000.00,4.412467,100.58984375
08:00:30,91282CKV2,TSRYS5823596,D,S,T,2024-06-14,1000000.00,4.413869,100.5859375
08:00:30,91282CKV2,TSRYS5823596,D,S,T,2024-06-14,2000000.00,4.413869,100.5859375
08:00:30,91282CKV2,TSRYS5823596,D,S,T,2024-06-14,2000000.00,4.413869,100.5859375
08:00:30,91282CKV2,TSRYS5823596,D,S,T,2024-06-14,1000000.00,4.413869,100.5859375
08:00:30,91282CKV2,TSRYS5823596,D,S,T,2024-06-14,1000000.00,4.413869,100.5859375
08:00:30,91282CKV2,TSRYS5823596,D,S,T,2024-06-14,2000000.00,4.413168,100.587890625
08:00:30,91282CKV2,TSRYS5823596,D,S,T,2024-06-14,2000000.00,4.415271,100.58203125
08:00:30,91282CKV2,TSRYS5823596,D,S,T,2024-06-14,1000000.00,4.415271,100.58203125
08:00:30,91282CKV2,TSRYS5823596,D,S,T,2024-06-14,1000000.00,4.415271,100.58203125
08:00:30,91282CKV2,TSRYS5823596,D,S,T,2024-06-14,2000000.00,4.415271,100.58203125
08:00:30,91282CKV2,TSRYS5823596,D,S,T,2024-06-14,1000000.00,4.415271,100.58203125
08:00:30,91282CKV2,TSRYS5823596,D,S,T,2024-06-14,1000000.00,4.415271,100.58203125
08:00:30,91282CKV2,TSRYS5823596,D,S,T,2024-06-14,1000000.00,4.415271,100.58203125
08:00:30,91282CKV2,TSRYS5823596,D,S,T,2024-06-14,1000000.00,4.416673,100.578125
08:00:30,91282CKV2,TSRYS5823596,D,S,T,2024-06-14,1000000.00,4.416673,100.578125
08:00:30,91282CKV2,TSRYS5823596,D,S,T,2024-06-14,1000000.00,4.416673,100.578125
08:00:30,91282CKV2,TSRYS5823596,D,S,T,2024-06-14,1000000.00,4.418075,100.57421875
08:00:30,91282CKV2,TSRYS5823596,D,S,T,2024-06-14,1000000.00,4.418075,100.57421875
08:00:30,91282CKV2,TSRYS5823596,D,S,T,2024-06-14,1000000.00,4.420879,100.56640625
08:00:30,91282CKV2,TSRYS5823596,D,S,T,2024-06-14,1000000.00,4.420879,100.56640625
08:00:30,91282CKV2,TSRYS5823596,D,S,T,2024-06-14,1000000.00,4.419477,100.5703125
08:00:30,91282CKV2,TSRYS5823596,D,S,T,2024-06-14,1000000.00,4.416673,100.578125
08:00:30,91282CKV2,TSRYS5823596,D,S,T,2024-06-14,1000000.00,4.417374,100.576171875
08:00:30,91282CKV2,TSRYS5823596,D,S,T,2024-06-14,1000000.00,4.418075,100.57421875
08:00:30,91282CKV2,TSRYS5823596,D,S,T,2024-06-14,1000000.00,4.418075,100.57421875
08:00:30,91282CKV2,TSRYS5823596,D,S,T,2024-06-14,1000000.00,4.418075,100.57421875
08:00:30,91282CKV2,TSRYS5823596,D,S,T,2024-06-14,3000000.00,4.418075,100.57421875
08:00:30,91282CKV2,TSRYS5823596,D,S,T,2024-06-14,1000000.00,4.418075,100.57421875
08:00:30,91282CKV2,TSRYS5823596,D,S,T,2024-06-14,1000000.00,4.418075,100.57421875
08:00:30,91282CKV2,TSRYS5823596,D,S,T,2024-06-14,1000000.00,4.418075,100.57421875
08:00:30,91282CKV2,TSRYS5823596,D,S,T,2024-06-14,1000000.00,4.418075,100.57421875
08:00:30,91282CKV2,TSRYS5823596,D,S,T,2024-06-14,2000000.00,4.418075,100.57421875
08:00:30,91282CKV2,TSRYS5823596,D,S,T,2024-06-14,1000000.00,4.416673,100.578125
08:00:30,91282CKV2,TSRYS5823596,D,S,T,2024-06-14,2000000.00,4.416673,100.578125
08:00:30,91282CKV2,TSRYS5823596,D,S,T,2024-06-14,2000000.00,4.415972,100.580078125
08:00:30,91282CKV2,TSRYS5823596,D,S,T,2024-06-14,2000000.00,4.415972,100.580078125
08:00:30,91282CKV2,TSRYS5823596,D,S,T,2024-06-14,2000000.00,4.416673,100.578125
08:00:30,91282CKV2,TSRYS5823596,D,S,T,2024-06-14,1000000.00,4.418075,100.57421875
08:00:30,91282CKV2,TSRYS5823596,D,S,T,2024-06-14,1000000.00,4.418075,100.57421875
08:00:30,91282CKV2,TSRYS5823596,D,S,T,2024-06-14,1000000.00,4.418075,100.57421875
08:00:30,91282CKV2,TSRYS5823596,D,S,T,2024-06-14,1000000.00,4.418075,100.57421875
08:00:30,91282CKV2,TSRYS5823596,D,S,T,2024-06-14,1000000.00,4.418075,100.57421875
08:00:30,91282CKV2,TSRYS5823596,D,S,T,2024-06-14,1000000.00,4.418075,100.57421875
08:00:30,91282CKV2,TSRYS5823596,D,S,T,2024-06-14,1000000.00,4.418776,100.572265625
08:00:30,91282CKV2,TSRYS5823596,D,S,T,2024-06-14,1000000.00,4.418075,100.57421875
08:00:30,91282CKV2,TSRYS5823596,D,S,T,2024-06-14,1000000.00,4.418075,100.57421875
08:00:30,91282CKV2,TSRYS5823596,D,S,T,2024-06-14,1000000.00,4.418075,100.57421875
08:00:30,91282CKV2,TSRYS5823596,D,S,T,2024-06-14,1000000.00,4.418075,100.57421875
08:00:30,91282CKV2,TSRYS5823596,D,S,T,2024-06-14,1000000.00,4.418075,100.57421875
08:00:30,91282CKV2,TSRYS5823596,D,S,T,2024-06-14,1000000.00,4.418075,100.57421875
08:00:30,91282CKV2,TSRYS5823596,D,S,T,2024-06-14,1000000.00,4.418075,100.57421875
08:00:30,91282CKV2,TSRYS5823596,D,S,T,2024-06-14,1000000.00,4.417374,100.576171875
08:00:30,91282CKV2,TSRYS5823596,D,S,T,2024-06-14,1000000.00,4.416673,100.578125
08:00:30,91282CKV2,TSRYS5823596,D,S,T,2024-06-14,1000000.00,4.415271,100.58203125
08:00:30,91282CKV2,TSRYS5823596,D,S,T,2024-06-14,1000000.00,4.415271,100.58203125
08:00:30,91282CKV2,TSRYS5823596,D,S,T,2024-06-14,1000000.00,4.412467,100.58984375
08:00:30,91282CKV2,TSRYS5823596,D,S,T,2024-06-14,1000000.00,4.413869,100.5859375
08:00:30,91282CKV2,TSRYS5823596,D,S,T,2024-06-14,1000000.00,4.413168,100.587890625
08:00:30,91282CKV2,TSRYS5823596,D,S,T,2024-06-14,1000000.00,4.413168,100.587890625
08:00:30,91282CKV2,TSRYS5823596,D,S,T,2024-06-14,1000000.00,4.412467,100.58984375
08:00:30,91282CKV2,TSRYS5823596,D,S,T,2024-06-14,2000000.00,4.412467,100.58984375
08:00:30,91282CKV2,TSRYS5823596,D,S,T,2024-06-14,1000000.00,4.413869,100.5859375
08:00:30,91282CKV2,TSRYS5823596,D,S,T,2024-06-14,1000000.00,4.415271,100.58203125
08:00:30,91282CKV2,TSRYS5823596,D,S,T,2024-06-14,1000000.00,4.415271,100.58203125
08:00:30,91282CKV2,TSRYS5823596,D,S,D,2024-06-14,1000000.00,4.415271,100.58203125
08:00:30,91282CKV2,TSRYS5823596,D,S,D,2024-06-14,1000000.00,4.415271,100.58203125
08:00:30,91282CKV2,TSRYS5823596,D,S,D,2024-06-14,2000000.00,4.415271,100.58203125
08:00:30,91282CKV2,TSRYS5823596,D,S,T,2024-06-14,1000000.00,4.415271,100.58203125
08:00:30,91282CKV2,TSRYS5823596,D,S,T,2024-06-14,1000000.00,4.415271,100.58203125
08:00:30,91282CKV2,TSRYS5823596,D,S,T,2024-06-14,1000000.00,4.415271,100.58203125
08:00:30,91282CKV2,TSRYS5823596,D,S,T,2024-06-14,1000000.00,4.415271,100.58203125
08:00:30,91282CKV2,TSRYS5823596,D,S,T,2024-06-14,1000000.00,4.415271,100.58203125
08:00:30,91282CKV2,TSRYS5823596,D,S,T,2024-06-14,1000000.00,4.415271,100.58203125
08:00:30,91282CKV2,TSRYS5823596,D,S,T,2024-06-14,1000000.00,4.415271,100.58203125
08:00:30,91282CKV2,TSRYS5823596,D,S,T,2024-06-14,1000000.00,4.417374,100.576171875
08:00:30,91282CKV2,TSRYS5823596,D,S,T,2024-06-14,1000000.00,4.417374,100.576171875
08:00:30,91282CKV2,TSRYS5823596,D,S,T,2024-06-14,1000000.00,4.416673,100.578125
08:00:30,91282CKV2,TSRYS5823596,D,S,T,2024-06-14,1000000.00,4.416673,100.578125
08:00:30,91282CKV2,TSRYS5823596,D,S,T,2024-06-14,2000000.00,4.415972,100.580078125
08:00:30,91282CKV2,TSRYS5823596,D,S,T,2024-06-14,1000000.00,4.416673,100.578125
08:00:30,91282CKV2,TSRYS5823596,D,S,T,2024-06-14,1000000.00,4.416673,100.578125
08:00:30,91282CKV2,TSRYS5823596,D,S,T,2024-06-14,1000000.00,4.416673,100.578125
08:00:30,91282CKV2,TSRYS5823596,D,S,T,2024-06-14,2000000.00,4.415972,100.580078125
08:00:30,91282CKV2,TSRYS5823596,D,S,T,2024-06-14,1000000.00,4.416673,100.578125
08:00:30,91282CKV2,TSRYS5823596,D,S,T,2024-06-14,1000000.00,4.416673,100.578125
