tradeTime,cusip,issueSymbolIdentifier,priceType,reportingSideCode,contraPartyTypeCode,tradeDate,reportedTradeVolume,lastSaleYield,lastSalePrice
08:00:03,91282CLL3,TSRYS5884563,D,S,D,2024-09-19,1000000.00,3.529121,99.56640625
08:00:03,91282CLL3,TSRYS5884563,D,S,D,2024-09-19,1000000.00,3.529121,99.56640625
08:00:03,91282CLL3,TSRYS5884563,D,S,T,2024-09-19,1000000.00,3.529121,99.56640625
08:00:03,91282CLL3,TSRYS5884563,D,S,D,2024-09-19,1000000.00,3.529121,99.56640625
08:00:03,91282CLL3,TSRYS5884563,D,S,D,2024-09-19,1000000.00,3.529121,99.56640625
08:00:03,91282CLL3,TSRYS5884563,D,S,T,2024-09-19,1000000.00,3.529121,99.56640625
08:00:03,91282CLL3,TSRYS5884563,D,S,T,2024-09-19,1000000.00,3.529121,99.56640625
08:00:03,91282CLL3,TSRYS5884563,D,S,T,2024-09-19,1000000.00,3.529121,99.56640625
08:00:03,91282CLL3,TSRYS5884563,D,S,T,2024-09-19,1000000.00,3.529121,99.56640625
08:00:03,91282CLL3,TSRYS5884563,D,S,T,2024-09-19,1000000.00,3.529121,99.56640625
08:00:03,91282CLL3,TSRYS5884563,D,S,D,2024-09-19,1000000.00,3.529817,99.564453125
08:00:03,91282CLL3,TSRYS5884563,D,S,D,2024-09-19,1000000.00,3.529817,99.564453125
08:00:03,91282CLL3,TSRYS5884563,D,S,D,2024-09-19,1000000.00,3.529817,99.564453125
08:00:03,91282CLL3,TSRYS5884563,D,S,D,2024-09-19,1000000.00,3.529817,99.564453125
08:00:03,91282CLL3,TSRYS5884563,D,S,D,2024-09-19,1000000.00,3.529817,99.564453125
08:00:03,91282CLL3,TSRYS5884563,D,S,D,2024-09-19,1000000.00,3.529817,99.564453125
08:00:03,91282CLL3,TSRYS5884563,D,S,T,2024-09-19,1000000.00,3.529817,99.564453125
08:00:03,91282CLL3,TSRYS5884563,D,S,T,2024-09-19,1000000.00,3.529817,99.564453125
08:00:03,91282CLL3,TSRYS5884563,D,S,D,2024-09-19,1000000.00,3.529817,99.564453125
08:00:03,91282CLL3,TSRYS5884563,D,S,D,2024-09-19,1000000.00,3.529817,99.564453125
08:00:03,91282CLL3,TSRYS5884563,D,S,D,2024-09-19,1000000.00,3.529817,99.564453125
08:00:03,91282CLL3,TSRYS5884563,D,S,D,2024-09-19,1000000.00,3.529817,99.564453125
08:00:03,91282CLL3,TSRYS5884563,D,S,T,2024-09-19,1000000.00,3.530514,99.5625
08:00:03,91282CLL3,TSRYS5884563,D,S,D,2024-09-19,1000000.00,3.529121,99.56640625
08:00:03,91282CLL3,TSRYS5884563,D,S,D,2024-09-19,1000000.00,3.522851,99.583984375
08:00:03,91282CLL3,TSRYS5884563,D,S,D,2024-09-19,1000000.00,3.520762,99.58984375
08:00:03,91282CLL3,TSRYS5884563,D,S,D,2024-09-19,1000000.00,3.527031,99.572265625
08:00:03,91282CLL3,TSRYS5884563,D,S,D,2024-09-19,1000000.00,3.529817,99.564453125
08:00:03,91282CLL3,TSRYS5884563,D,S,D,2024-09-19,1000000.00,3.524941,99.578125
08:00:03,91282CLL3,TSRYS5884563,D,S,D,2024-09-19,1000000.00,3.527727,99.5703125
08:00:03,91282CLL3,TSRYS5884563,D,S,D,2024-09-19,1000000.00,3.515191,99.60546875
08:00:03,91282CLL3,TSRYS5884563,D,S,D,2024-09-19,1000000.00,3.515191,99.60546875
08:00:03,91282CLL3,TSRYS5884563,D,S,D,2024-09-19,1000000.00,3.516584,99.6015625
08:00:03,91282CLL3,TSRYS5884563,D,S,D,2024-09-19,1000000.00,3.516584,99.6015625
08:00:03,91282CLL3,TSRYS5884563,D,S,D,2024-09-19,1000000.00,3.516584,99.6015625
08:00:03,91282CLL3,TSRYS5884563,D,S,D,2024-09-19,2000000.00,3.516584,99.6015625
08:00:03,91282CLL3,TSRYS5884563,D,S,D,2024-09-19,1000000.00,3.516584,99.6015625
08:00:03,91282CLL3,TSRYS5884563,D,S,D,2024-09-19,1000000.00,3.516584,99.6015625
08:00:03,91282CLL3,TSRYS5884563,D,S,D,2024-09-19,1000000.00,3.516584,99.6015625
08:00:03,91282CLL3,TSRYS5884563,D,S,D,2024-09-19,1000000.00,3.516584,99.6015625
08:00:03,91282CLL3,TSRYS5884563,D,S,D,2024-09-19,1000000.00,3.516584,99.6015625
08:00:03,91282CLL3,TSRYS5884563,D,S,D,2024-09-19,1000000.00,3.516584,99.6015625
08:00:03,91282CLL3,TSRYS5884563,D,S,D,2024-09-19,1000000.00,3.516584,99.6015625
08:00:03,91282CLL3,TSRYS5884563,D,S,D,2024-09-19,1000000.00,3.516584,99.6015625
08:00:03,91282CLL3,TSRYS5884563,D,S,T,2024-09-19,1000000.00,3.516584,99.6015625
08:00:03,91282CLL3,TSRYS5884563,D,S,D,2024-09-19,1000000.00,3.516584,99.6015625
08:00:03,91282CLL3,TSRYS5884563,D,S,D,2024-09-19,1000000.00,3.516584,99.6015625
08:00:03,91282CLL3,TSRYS5884563,D,S,D,2024-09-19,1000000.00,3.516584,99.6015625
08:00:03,91282CLL3,TSRYS5884563,D,S,T,2024-09-19,1000000.00,3.516584,99.6015625
08:00:03,91282CLL3,TSRYS5884563,D,S,D,2024-09-19,1000000.00,3.516584,99.6015625
08:00:03,91282CLL3,TSRYS5884563,D,S,D,2024-09-19,1000000.00,3.516584,99.6015625
08:00:03,91282CLL3,TSRYS5884563,D,S,D,2024-09-19,1000000.00,3.516584,99.6015625
08:00:03,91282CLL3,TSRYS5884563,D,S,D,2024-09-19,1000000.00,3.516584,99.6015625
08:00:03,91282CLL3,TSRYS5884563,D,S,D,2024-09-19,1000000.00,3.515191,99.60546875
08:00:03,91282CLL3,TSRYS5884563,D,S,T,2024-09-19,1000000.00,3.515191,99.60546875
08:00:03,91282CLL3,TSRYS5884563,D,S,D,2024-09-19,1000000.00,3.513798,99.609375
08:00:03,91282CLL3,TSRYS5884563,D,S,D,2024-09-19,4000000.00,3.51728,99.599609375
08:00:03,91282CLL3,TSRYS5884563,D,S,D,2024-09-19,1000000.00,3.51728,99.599609375
08:00:03,91282CLL3,TSRYS5884563,D,S,D,2024-09-19,3000000.00,3.51728,99.599609375
08:00:03,91282CLL3,TSRYS5884563,D,S,D,2024-09-19,1000000.00,3.51728,99.599609375
08:00:03,91282CLL3,TSRYS5884563,D,S,D,2024-09-19,1000000.00,3.51728,99.599609375
08:00:03,91282CLL3,TSRYS5884563,D,S,D,2024-09-19,1000000.00,3.51728,99.599609375
08:00:03,91282CLL3,TSRYS5884563,D,S,D,2024-09-19,1000000.00,3.51728,99.599609375
08:00:03,91282CLL3,TSRYS5884563,D,S,D,2024-09-19,1000000.00,3.51728,99.599609375
08:00:03,91282CLL3,TSRYS5884563,D,S,D,2024-09-19,1000000.00,3.51728,99.599609375
08:00:03,91282CLL3,TSRYS5884563,D,S,D,2024-09-19,1000000.00,3.51728,99.599609375
08:00:03,91282CLL3,TSRYS5884563,D,S,T,2024-09-19,1000000.00,3.51728,99.599609375
08:00:03,91282CLL3,TSRYS5884563,D,S,T,2024-09-19,1000000.00,3.51728,99.599609375
08:00:03,91282CLL3,TSRYS5884563,D,S,T,2024-09-19,1000000.00,3.51728,99.599609375
08:00:03,91282CLL3,TSRYS5884563,D,S,T,2024-09-19,1000000.00,3.51728,99.599609375
08:00:03,91282CLL3,TSRYS5884563,D,S,T,2024-09-19,1000000.00,3.51728,99.599609375
08:00:03,91282CLL3,TSRYS5884563,D,S,T,2024-09-19,1000000.00,3.51728,99.599609375
08:00:03,91282CLL3,TSRYS5884563,D,S,T,2024-09-19,1000000.00,3.51728,99.599609375
08:00:03,91282CLL3,TSRYS5884563,D,S,T,2024-09-19,1000000.00,3.51728,99.599609375
08:00:03,91282CLL3,TSRYS5884563,D,S,T,2024-09-19,1000000.00,3.51728,99.599609375
08:00:03,91282CLL3,TSRYS5884563,D,S,T,2024-09-19,1000000.00,3.51728,99.599609375
08:00:03,91282CLL3,TSRYS5884563,D,S,T,2024-09-19,1000000.00,3.51728,99.599609375
08:00:03,91282CLL3,TSRYS5884563,D,S,T,2024-09-19,1000000.00,3.51728,99.599609375
08:00:03,91282CLL3,TSRYS5884563,D,S,T,2024-09-19,1000000.00,3.51728,99.599609375
08:00:03,91282CLL3,TSRYS5884563,D,S,T,2024-09-19,1000000.00,3.51728,99.599609375
08:00:03,91282CLL3,TSRYS5884563,D,S,T,2024-09-19,1000000.00,3.51728,99.599609375
08:00:03,91282CLL3,TSRYS5884563,D,S,D,2024-09-19,1000000.00,3.51728,99.599609375
08:00:03,91282CLL3,TSRYS5884563,D,S,D,2024-09-19,1000000.00,3.51728,99.599609375
08:00:03,91282CLL3,TSRYS5884563,D,S,D,2024-09-19,1000000.00,3.51728,99.599609375
08:00:03,91282CLL3,TSRYS5884563,D,S,D,2024-09-19,1000000.00,3.51728,99.599609375
08:00:03,91282CLL3,TSRYS5884563,D,S,D,2024-09-19,1000000.00,3.51728,99.599609375
08:00:03,91282CLL3,TSRYS5884563,D,S,D,2024-09-19,1000000.00,3.51728,99.599609375
08:00:03,91282CLL3,TSRYS5884563,D,S,D,2024-09-19,1000000.00,3.51728,99.599609375
08:00:03,91282CLL3,TSRYS5884563,D,S,D,2024-09-19,1000000.00,3.51728,99.599609375
08:00:03,91282CLL3,TSRYS5884563,D,S,D,2024-09-19,1000000.00,3.51728,99.599609375
08:00:03,91282CLL3,TSRYS5884563,D,S,D,2024-09-19,1000000.00,3.51728,99.599609375
08:00:03,91282CLL3,TSRYS5884563,D,S,D,2024-09-19,1000000.00,3.51728,99.599609375
08:00:03,91282CLL3,TSRYS5884563,D,S,D,2024-09-19,1000000.00,3.51728,99.599609375
08:00:03,91282CLL3,TSRYS5884563,D,S,D,2024-09-19,1000000.00,3.51728,99.599609375
08:00:03,91282CLL3,TSRYS5884563,D,S,D,2024-09-19,1000000.00,3.51728,99.599609375
08:00:03,91282CLL3,TSRYS5884563,D,S,D,2024-09-19,1000000.00,3.51728,99.599609375
08:00:03,91282CLL3,TSRYS5884563,D,S,D,2024-09-19,4000000.00,3.517976,99.59765625
08:00:03,91282CLL3,TSRYS5884563,D,S,T,2024-09-19,1000000.00,3.509621,99.62109375
08:00:03,91282CLL3,TSRYS5884563,D,S,T,2024-09-19,1000000.00,3.507532,99.626953125
08:00:03,91282CLL3,TSRYS5884563,D,S,D,2024-09-19,1000000.00,3.509621,99.62109375
08:00:03,91282CLL3,TSRYS5884563,D,S,D,2024-09-19,1000000.00,3.510317,99.619140625
08:00:03,91282CLL3,TSRYS5884563,D,S,D,2024-09-19,1000000.00,3.510317,99.619140625
08:00:03,91282CLL3,TSRYS5884563,D,S,D,2024-09-19,1000000.00,3.510317,99.619140625
08:00:03,91282CLL3,TSRYS5884563,D,S,D,2024-09-19,1000000.00,3.510317,99.619140625
08:00:03,91282CLL3,TSRYS5884563,D,S,D,2024-09-19,1000000.00,3.510317,99.619140625
08:00:03,91282CLL3,TSRYS5884563,D,S,D,2024-09-19,1000000.00,3.510317,99.619140625
08:00:03,91282CLL3,TSRYS5884563,D,S,T,2024-09-19,1000000.00,3.510317,99.619140625
08:00:03,91282CLL3,TSRYS5884563,D,S,D,2024-09-19,1000000.00,3.510317,99.619140625
08:00:03,91282CLL3,TSRYS5884563,D,S,D,2024-09-19,1000000.00,3.510317,99.619140625
08:00:03,91282CLL3,TSRYS5884563,D,S,D,2024-09-19,1000000.00,3.510317,99.619140625
08:00:03,91282CLL3,TSRYS5884563,D,S,D,2024-09-19,1000000.00,3.510317,99.619140625
08:00:03,91282CLL3,TSRYS5884563,D,S,T,2024-09-19,1000000.00,3.505444,99.6328125
08:00:03,91282CLL3,TSRYS5884563,D,S,D,2024-09-19,1000000.00,3.508925,99.623046875
08:00:03,91282CLL3,TSRYS5884563,D,S,T,2024-09-19,1000000.00,3.503356,99.638671875
08:00:03,91282CLL3,TSRYS5884563,D,S,T,2024-09-19,1000000.00,3.503356,99.638671875
08:00:03,91282CLL3,TSRYS5884563,D,S,T,2024-09-19,1000000.00,3.501964,99.642578125
08:00:03,91282CLL3,TSRYS5884563,D,S,T,2024-09-19,1000000.00,3.501964,99.642578125
08:00:03,91282CLL3,TSRYS5884563,D,S,T,2024-09-19,1000000.00,3.501964,99.642578125
08:00:03,91282CLL3,TSRYS5884563,D,S,T,2024-09-19,1000000.00,3.501268,99.64453125
08:00:03,91282CLL3,TSRYS5884563,D,S,T,2024-09-19,1000000.00,3.501268,99.64453125
08:00:03,91282CLL3,TSRYS5884563,D,S,T,2024-09-19,1000000.00,3.501268,99.64453125
08:00:03,91282CLL3,TSRYS5884563,D,S,T,2024-09-19,1000000.00,3.501268,99.64453125
08:00:03,91282CLL3,TSRYS5884563,D,S,T,2024-09-19,1000000.00,3.501268,99.64453125
08:00:03,91282CLL3,TSRYS5884563,D,S,T,2024-09-19,1000000.00,3.501268,99.64453125
08:00:03,91282CLL3,TSRYS5884563,D,S,T,2024-09-19,1000000.00,3.501268,99.64453125
08:00:03,91282CLL3,TSRYS5884563,D,S,T,2024-09-19,1000000.00,3.500572,99.646484375
08:00:03,91282CLL3,TSRYS5884563,D,S,T,2024-09-19,1000000.00,3.500572,99.646484375
08:00:03,91282CLL3,TSRYS5884563,D,S,D,2024-09-19,1000000.00,3.500572,99.646484375
08:00:03,91282CLL3,TSRYS5884563,D,S,D,2024-09-19,1000000.00,3.500572,99.646484375
08:00:03,91282CLL3,TSRYS5884563,D,S,D,2024-09-19,1000000.00,3.500572,99.646484375
08:00:03,91282CLL3,TSRYS5884563,D,S,T,2024-09-19,1000000.00,3.501964,99.642578125
08:00:03,91282CLL3,TSRYS5884563,D,S,T,2024-09-19,1000000.00,3.501268,99.64453125
08:00:03,91282CLL3,TSRYS5884563,D,S,T,2024-09-19,1000000.00,3.501268,99.64453125
08:00:03,91282CLL3,TSRYS5884563,D,S,D,2024-09-19,1000000.00,3.492221,99.669921875
08:00:03,91282CLL3,TSRYS5884563,D,S,D,2024-09-19,1000000.00,3.473441,99.72265625
08:00:03,91282CLL3,TSRYS5884563,D,S,D,2024-09-19,1000000.00,3.468574,99.736328125
08:00:03,91282CLL3,TSRYS5884563,D,S,D,2024-09-19,1000000.00,3.470659,99.73046875
08:00:03,91282CLL3,TSRYS5884563,D,S,D,2024-09-19,1000000.00,3.470659,99.73046875
08:00:03,91282CLL3,TSRYS5884563,D,S,D,2024-09-19,1000000.00,3.471355,99.728515625
08:00:03,91282CLL3,TSRYS5884563,D,S,D,2024-09-19,1000000.00,3.471355,99.728515625
08:00:03,91282CLL3,TSRYS5884563,D,S,T,2024-09-19,4000000.00,3.467878,99.73828125
08:00:03,91282CLL3,TSRYS5884563,D,S,T,2024-09-19,3000000.00,3.467878,99.73828125
08:00:03,91282CLL3,TSRYS5884563,D,S,T,2024-09-19,4000000.00,3.467878,99.73828125
08:00:03,91282CLL3,TSRYS5884563,D,S,T,2024-09-19,2000000.00,3.467878,99.73828125
08:00:03,91282CLL3,TSRYS5884563,D,S,T,2024-09-19,1000000.00,3.467878,99.73828125
08:00:03,91282CLL3,TSRYS5884563,D,S,T,2024-09-19,1000000.00,3.467878,99.73828125
08:00:03,91282CLL3,TSRYS5884563,D,S,T,2024-09-19,2000000.00,3.465793,99.744140625
08:00:03,91282CLL3,TSRYS5884563,D,S,D,2024-09-19,2000000.00,3.465793,99.744140625
08:00:03,91282CLL3,TSRYS5884563,D,S,D,2024-09-19,1000000.00,3.465793,99.744140625
08:00:03,91282CLL3,TSRYS5884563,D,S,D,2024-09-19,1000000.00,3.465793,99.744140625
08:00:03,91282CLL3,TSRYS5884563,D,S,D,2024-09-19,1000000.00,3.465793,99.744140625
08:00:03,91282CLL3,TSRYS5884563,D,S,T,2024-09-19,3000000.00,3.465793,99.744140625
08:00:03,91282CLL3,TSRYS5884563,D,S,T,2024-09-19,1000000.00,3.465793,99.744140625
08:00:03,91282CLL3,TSRYS5884563,D,S,D,2024-09-19,1000000.00,3.465793,99.744140625
08:00:03,91282CLL3,TSRYS5884563,D,S,D,2024-09-19,1000000.00,3.465793,99.744140625
08:00:03,91282CLL3,TSRYS5884563,D,S,T,2024-09-19,1000000.00,3.465793,99.744140625
08:00:03,91282CLL3,TSRYS5884563,D,S,D,2024-09-19,1000000.00,3.465793,99.744140625
08:00:03,91282CLL3,TSRYS5884563,D,S,D,2024-09-19,1000000.00,3.465793,99.744140625
08:00:03,91282CLL3,TSRYS5884563,D,S,D,2024-09-19,1000000.00,3.465793,99.744140625
08:00:03,91282CLL3,TSRYS5884563,D,S,T,2024-09-19,1000000.00,3.465793,99.744140625
08:00:03,91282CLL3,TSRYS5884563,D,S,D,2024-09-19,2000000.00,3.465098,99.74609375
08:00:03,91282CLL3,TSRYS5884563,D,S,D,2024-09-19,2000000.00,3.465098,99.74609375
08:00:03,91282CLL3,TSRYS5884563,D,S,T,2024-09-19,1000000.00,3.467183,99.740234375
08:00:03,91282CLL3,TSRYS5884563,D,S,T,2024-09-19,1000000.00,3.467183,99.740234375
08:00:03,91282CLL3,TSRYS5884563,D,S,T,2024-09-19,1000000.00,3.472745,99.724609375
08:00:03,91282CLL3,TSRYS5884563,D,S,D,2024-09-19,1000000.00,3.476222,99.71484375
08:00:03,91282CLL3,TSRYS5884563,D,S,D,2024-09-19,2000000.00,3.476222,99.71484375
08:00:03,91282CLL3,TSRYS5884563,D,S,D,2024-09-19,1000000.00,3.476222,99.71484375
08:00:03,91282CLL3,TSRYS5884563,D,S,D,2024-09-19,1000000.00,3.476222,99.71484375
08:00:03,91282CLL3,TSRYS5884563,D,S,D,2024-09-19,1000000.00,3.476222,99.71484375
08:00:03,91282CLL3,TSRYS5884563,D,S,D,2024-09-19,2000000.00,3.476222,99.71484375
08:00:03,91282CLL3,TSRYS5884563,D,S,D,2024-09-19,1000000.00,3.476222,99.71484375
08:00:03,91282CLL3,TSRYS5884563,D,S,T,2024-09-19,1000000.00,3.476222,99.71484375
08:00:03,91282CLL3,TSRYS5884563,D,S,T,2024-09-19,1000000.00,3.476222,99.71484375
08:00:03,91282CLL3,TSRYS5884563,D,S,D,2024-09-19,1000000.00,3.476222,99.71484375
08:00:03,91282CLL3,TSRYS5884563,D,S,D,2024-09-19,1000000.00,3.476222,99.71484375
08:00:03,91282CLL3,TSRYS5884563,D,S,D,2024-09-19,1000000.00,3.476222,99.71484375
08:00:03,91282CLL3,TSRYS5884563,D,S,D,2024-09-19,2000000.00,3.476222,99.71484375
08:00:03,91282CLL3,TSRYS5884563,D,S,T,2024-09-19,1000000.00,3.476222,99.71484375
08:00:03,91282CLL3,TSRYS5884563,D,S,T,2024-09-19,2000000.00,3.476222,99.71484375
08:00:03,91282CLL3,TSRYS5884563,D,S,T,2024-09-19,1000000.00,3.476222,99.71484375
08:00:03,91282CLL3,TSRYS5884563,D,S,T,2024-09-19,1000000.00,3.468574,99.736328125
08:00:03,91282CLL3,TSRYS5884563,D,S,T,2024-09-19,1000000.00,3.468574,99.736328125
08:00:03,91282CLL3,TSRYS5884563,D,S,T,2024-09-19,1000000.00,3.468574,99.736328125
08:00:03,91282CLL3,TSRYS5884563,D,S,T,2024-09-19,4000000.00,3.468574,99.736328125
08:00:03,91282CLL3,TSRYS5884563,D,S,T,2024-09-19,1000000.00,3.465793,99.744140625
08:00:03,91282CLL3,TSRYS5884563,D,S,T,2024-09-19,1000000.00,3.463012,99.751953125
08:00:03,91282CLL3,TSRYS5884563,D,S,D,2024-09-19,2000000.00,3.463707,99.75
08:00:03,91282CLL3,TSRYS5884563,D,S,D,2024-09-19,2000000.00,3.463707,99.75
08:00:03,91282CLL3,TSRYS5884563,D,S,D,2024-09-19,1000000.00,3.463707,99.75
08:00:03,91282CLL3,TSRYS5884563,D,S,D,2024-09-19,1000000.00,3.463707,99.75
08:00:03,91282CLL3,TSRYS5884563,D,S,T,2024-09-19,1000000.00,3.463707,99.75
08:00:03,91282CLL3,TSRYS5884563,D,S,T,2024-09-19,4000000.00,3.463707,99.75
08:00:03,91282CLL3,TSRYS5884563,D,S,T,2024-09-19,1000000.00,3.463707,99.75
08:00:03,91282CLL3,TSRYS5884563,D,S,D,2024-09-19,1000000.00,3.463707,99.75
08:00:03,91282CLL3,TSRYS5884563,D,S,D,2024-09-19,1000000.00,3.463707,99.75
08:00:03,91282CLL3,TSRYS5884563,D,S,D,2024-09-19,2000000.00,3.463707,99.75
08:00:03,91282CLL3,TSRYS5884563,D,S,D,2024-09-19,1000000.00,3.463707,99.75
08:00:03,91282CLL3,TSRYS5884563,D,S,D,2024-09-19,1000000.00,3.463707,99.75
08:00:03,91282CLL3,TSRYS5884563,D,S,D,2024-09-19,1000000.00,3.463707,99.75
08:00:03,91282CLL3,TSRYS5884563,D,S,D,2024-09-19,2000000.00,3.463707,99.75
08:00:03,91282CLL3,TSRYS5884563,D,S,D,2024-09-19,1000000.00,3.463707,99.75
08:00:03,91282CLL3,TSRYS5884563,D,S,T,2024-09-19,1000000.00,3.463707,99.75
08:00:03,91282CLL3,TSRYS5884563,D,S,T,2024-09-19,1000000.00,3.463707,99.75
08:00:03,91282CLL3,TSRYS5884563,D,S,T,2024-09-19,1000000.00,3.463707,99.75
08:00:03,91282CLL3,TSRYS5884563,D,S,T,2024-09-19,1000000.00,3.463707,99.75
08:00:03,91282CLL3,TSRYS5884563,D,S,T,2024-09-19,1000000.00,3.463707,99.75
08:00:03,91282CLL3,TSRYS5884563,D,S,D,2024-09-19,3000000.00,3.463707,99.75
08:00:03,91282CLL3,TSRYS5884563,D,S,D,2024-09-19,2000000.00,3.463707,99.75
08:00:03,91282CLL3,TSRYS5884563,D,S,D,2024-09-19,1000000.00,3.463707,99.75
08:00:03,91282CLL3,TSRYS5884563,D,S,D,2024-09-19,2000000.00,3.463707,99.75
08:00:03,91282CLL3,TSRYS5884563,D,S,T,2024-09-19,1000000.00,3.463707,99.75
08:00:03,91282CLL3,TSRYS5884563,D,S,D,2024-09-19,2000000.00,3.463707,99.75
08:00:03,91282CLL3,TSRYS5884563,D,S,T,2024-09-19,1000000.00,3.463707,99.75
08:00:03,91282CLL3,TSRYS5884563,D,S,T,2024-09-19,1000000.00,3.463707,99.75
08:00:03,91282CLL3,TSRYS5884563,D,S,T,2024-09-19,1000000.00,3.463707,99.75
08:00:03,91282CLL3,TSRYS5884563,D,S,T,2024-09-19,1000000.00,3.463707,99.75
08:00:03,91282CLL3,TSRYS5884563,D,S,D,2024-09-19,1000000.00,3.463707,99.75
08:00:03,91282CLL3,TSRYS5884563,D,S,D,2024-09-19,3000000.00,3.463707,99.75
08:00:03,91282CLL3,TSRYS5884563,D,S,D,2024-09-19,1000000.00,3.463707,99.75
08:00:03,91282CLL3,TSRYS5884563,D,S,T,2024-09-19,3000000.00,3.463707,99.75
08:00:03,91282CLL3,TSRYS5884563,D,S,T,2024-09-19,4000000.00,3.463707,99.75
08:00:03,91282CLL3,TSRYS5884563,D,S,T,2024-09-19,2000000.00,3.463707,99.75
08:00:03,91282CLL3,TSRYS5884563,D,S,D,2024-09-19,2000000.00,3.462317,99.75390625
08:00:03,91282CLL3,TSRYS5884563,D,S,D,2024-09-19,1000000.00,3.462317,99.75390625
08:00:03,91282CLL3,TSRYS5884563,D,S,D,2024-09-19,2000000.00,3.462317,99.75390625
08:00:03,91282CLL3,TSRYS5884563,D,S,T,2024-09-19,4000000.00,3.462317,99.75390625
08:00:05,91282CLL3,TSRYS5884563,D,S,D,2024-09-19,31350000.00,3.463707,99.75
08:00:05,91282CLL3,TSRYS5884563,D,B,C,2024-09-19,31350000.00,3.463707,99.75
08:00:05,91282CLL3,TSRYS5884563,D,S,T,2024-09-19,1000000.00,3.481786,99.69921875
08:00:05,91282CLL3,TSRYS5884563,D,S,T,2024-09-19,1000000.00,3.484568,99.69140625
08:00:05,91282CLL3,TSRYS5884563,D,S,T,2024-09-19,1000000.00,3.484568,99.69140625
08:00:05,91282CLL3,TSRYS5884563,D,S,T,2024-09-19,1000000.00,3.484568,99.69140625
08:00:05,91282CLL3,TSRYS5884563,D,S,T,2024-09-19,1000000.00,3.484568,99.69140625
08:00:13,91282CLL3,TSRYS5884563,D,S,T,2024-09-19,1000000.00,3.501964,99.642578125
08:00:13,91282CLL3,TSRYS5884563,D,S,T,2024-09-19,1000000.00,3.513798,99.609375
08:00:13,91282CLL3,TSRYS5884563,D,S,T,2024-09-19,1000000.00,3.513102,99.611328125
08:00:13,91282CLL3,TSRYS5884563,D,S,T,2024-09-19,1000000.00,3.512406,99.61328125
08:00:13,91282CLL3,TSRYS5884563,D,S,T,2024-09-19,1000000.00,3.511709,99.615234375
08:00:13,91282CLL3,TSRYS5884563,D,S,T,2024-09-19,1000000.00,3.511013,99.6171875
08:00:13,91282CLL3,TSRYS5884563,D,S,T,2024-09-19,1000000.00,3.510317,99.619140625
08:00:13,91282CLL3,TSRYS5884563,D,S,T,2024-09-19,1000000.00,3.513102,99.611328125
08:00:13,91282CLL3,TSRYS5884563,D,S,T,2024-09-19,1000000.00,3.528424,99.568359375
08:00:14,91282CLL3,TSRYS5884563,D,S,D,2024-09-19,1000000.00,3.520066,99.591796875
08:00:14,91282CLL3,TSRYS5884563,D,S,T,2024-09-19,1000000.00,3.522851,99.583984375
08:00:14,91282CLL3,TSRYS5884563,D,S,D,2024-09-19,1000000.00,3.529817,99.564453125
08:00:14,91282CLL3,TSRYS5884563,D,S,T,2024-09-19,1000000.00,3.524244,99.580078125
08:00:14,91282CLL3,TSRYS5884563,D,S,T,2024-09-19,1000000.00,3.523548,99.58203125
08:00:14,91282CLL3,TSRYS5884563,D,S,D,2024-09-19,1000000.00,3.504052,99.63671875
08:00:14,91282CLL3,TSRYS5884563,D,S,D,2024-09-19,1000000.00,3.504748,99.634765625
08:00:14,91282CLL3,TSRYS5884563,D,S,D,2024-09-19,1000000.00,3.504748,99.634765625
08:00:14,91282CLL3,TSRYS5884563,D,S,D,2024-09-19,10000000.00,3.504748,99.634765625
08:00:14,91282CLL3,TSRYS5884563,D,S,T,2024-09-19,1000000.00,3.513798,99.609375
08:00:14,91282CLL3,TSRYS5884563,D,S,T,2024-09-19,1000000.00,3.511709,99.615234375
08:00:14,91282CLL3,TSRYS5884563,D,S,T,2024-09-19,1000000.00,3.512406,99.61328125
08:00:14,91282CLL3,TSRYS5884563,D,S,T,2024-09-19,1000000.00,3.511709,99.615234375
08:00:14,91282CLL3,TSRYS5884563,D,S,D,2024-09-19,1000000.00,3.510317,99.619140625
08:00:14,91282CLL3,TSRYS5884563,D,S,D,2024-09-19,1000000.00,3.509621,99.62109375
08:00:14,91282CLL3,TSRYS5884563,D,S,T,2024-09-19,1000000.00,3.509621,99.62109375
08:00:14,91282CLL3,TSRYS5884563,D,S,T,2024-09-19,1000000.00,3.509621,99.62109375
08:00:14,91282CLL3,TSRYS5884563,D,S,T,2024-09-19,1000000.00,3.509621,99.62109375
08:00:14,91282CLL3,TSRYS5884563,D,S,D,2024-09-19,1000000.00,3.509621,99.62109375
08:00:14,91282CLL3,TSRYS5884563,D,S,T,2024-09-19,1000000.00,3.508925,99.623046875
08:00:14,91282CLL3,TSRYS5884563,D,S,T,2024-09-19,1000000.00,3.508228,99.625
08:00:14,91282CLL3,TSRYS5884563,D,S,T,2024-09-19,1000000.00,3.507532,99.626953125
08:00:14,91282CLL3,TSRYS5884563,D,S,D,2024-09-19,1000000.00,3.507532,99.626953125
08:00:14,91282CLL3,TSRYS5884563,D,S,D,2024-09-19,1000000.00,3.509621,99.62109375
08:00:14,91282CLL3,TSRYS5884563,D,S,D,2024-09-19,1000000.00,3.509621,99.62109375
08:00:14,91282CLL3,TSRYS5884563,D,S,D,2024-09-19,1000000.00,3.509621,99.62109375
08:00:14,91282CLL3,TSRYS5884563,D,S,T,2024-09-19,1000000.00,3.507532,99.626953125
08:00:14,91282CLL3,TSRYS5884563,D,S,D,2024-09-19,1000000.00,3.50614,99.630859375
08:00:14,91282CLL3,TSRYS5884563,D,S,T,2024-09-19,8000000.00,3.494308,99.6640625
08:00:14,91282CLL3,TSRYS5884563,D,S,T,2024-09-19,1000000.00,3.490829,99.673828125
08:00:14,91282CLL3,TSRYS5884563,D,S,T,2024-09-19,1000000.00,3.485959,99.6875
08:00:14,91282CLL3,TSRYS5884563,D,S,T,2024-09-19,1000000.00,3.484568,99.69140625
08:00:14,91282CLL3,TSRYS5884563,D,S,T,2024-09-19,1000000.00,3.484568,99.69140625
08:00:14,91282CLL3,TSRYS5884563,D,S,T,2024-09-19,1000000.00,3.484568,99.69140625
08:00:14,91282CLL3,TSRYS5884563,D,S,T,2024-09-19,1000000.00,3.484568,99.69140625
08:00:14,91282CLL3,TSRYS5884563,D,S,T,2024-09-19,1000000.00,3.481786,99.69921875
08:00:14,91282CLL3,TSRYS5884563,D,S,T,2024-09-19,1000000.00,3.481786,99.69921875
08:00:14,91282CLL3,TSRYS5884563,D,S,T,2024-09-19,1000000.00,3.481786,99.69921875
08:00:14,91282CLL3,TSRYS5884563,D,S,T,2024-09-19,1000000.00,3.484568,99.69140625
08:00:14,91282CLL3,TSRYS5884563,D,S,T,2024-09-19,1000000.00,3.477613,99.7109375
08:00:14,91282CLL3,TSRYS5884563,D,S,T,2024-09-19,1000000.00,3.477613,99.7109375
08:00:14,91282CLL3,TSRYS5884563,D,S,T,2024-09-19,1000000.00,3.478308,99.708984375
08:00:14,91282CLL3,TSRYS5884563,D,S,T,2024-09-19,1000000.00,3.477613,99.7109375
08:00:14,91282CLL3,TSRYS5884563,D,S,T,2024-09-19,1000000.00,3.477613,99.7109375
08:00:14,91282CLL3,TSRYS5884563,D,S,T,2024-09-19,1000000.00,3.477613,99.7109375
08:00:14,91282CLL3,TSRYS5884563,D,S,T,2024-09-19,1000000.00,3.476222,99.71484375
08:00:14,91282CLL3,TSRYS5884563,D,S,T,2024-09-19,1000000.00,3.473441,99.72265625
08:00:14,91282CLL3,TSRYS5884563,D,S,T,2024-09-19,1000000.00,3.474136,99.720703125
08:00:14,91282CLL3,TSRYS5884563,D,S,T,2024-09-19,1000000.00,3.471355,99.728515625
08:00:14,91282CLL3,TSRYS5884563,D,S,T,2024-09-19,1000000.00,3.469964,99.732421875
08:00:14,91282CLL3,TSRYS5884563,D,S,T,2024-09-19,1000000.00,3.469964,99.732421875
08:00:14,91282CLL3,TSRYS5884563,D,S,T,2024-09-19,1000000.00,3.469964,99.732421875
08:00:14,91282CLL3,TSRYS5884563,D,S,T,2024-09-19,1000000.00,3.474831,99.71875
08:00:14,91282CLL3,TSRYS5884563,D,S,T,2024-09-19,1000000.00,3.465793,99.744140625
08:00:14,91282CLL3,TSRYS5884563,D,S,D,2024-09-19,1000000.00,3.473441,99.72265625
08:00:14,91282CLL3,TSRYS5884563,D,S,D,2024-09-19,1000000.00,3.473441,99.72265625
08:00:14,91282CLL3,TSRYS5884563,D,S,T,2024-09-19,1000000.00,3.467878,99.73828125
08:00:14,91282CLL3,TSRYS5884563,D,S,T,2024-09-19,1000000.00,3.466488,99.7421875
08:00:14,91282CLL3,TSRYS5884563,D,S,T,2024-09-19,1000000.00,3.466488,99.7421875
08:00:14,91282CLL3,TSRYS5884563,D,S,T,2024-09-19,1000000.00,3.465793,99.744140625
08:00:14,91282CLL3,TSRYS5884563,D,S,T,2024-09-19,1000000.00,3.466488,99.7421875
08:00:14,91282CLL3,TSRYS5884563,D,S,T,2024-09-19,1000000.00,3.463012,99.751953125
08:00:14,91282CLL3,TSRYS5884563,D,S,T,2024-09-19,1000000.00,3.465793,99.744140625
08:00:14,91282CLL3,TSRYS5884563,D,S,T,2024-09-19,1000000.00,3.468574,99.736328125
08:00:14,91282CLL3,TSRYS5884563,D,S,T,2024-09-19,1000000.00,3.468574,99.736328125
08:00:14,91282CLL3,TSRYS5884563,D,S,T,2024-09-19,1000000.00,3.470659,99.73046875
08:00:14,91282CLL3,TSRYS5884563,D,S,D,2024-09-19,1000000.00,3.469269,99.734375
08:00:14,91282CLL3,TSRYS5884563,D,S,T,2024-09-19,1000000.00,3.467183,99.740234375
08:00:14,91282CLL3,TSRYS5884563,D,S,T,2024-09-19,1000000.00,3.467183,99.740234375
08:00:14,91282CLL3,TSRYS5884563,D,S,T,2024-09-19,1000000.00,3.465098,99.74609375
08:00:14,91282CLL3,TSRYS5884563,D,S,T,2024-09-19,1000000.00,3.484568,99.69140625
08:00:14,91282CLL3,TSRYS5884563,D,S,T,2024-09-19,1000000.00,3.482481,99.697265625
08:00:14,91282CLL3,TSRYS5884563,D,S,T,2024-09-19,1000000.00,3.479004,99.70703125
08:00:14,91282CLL3,TSRYS5884563,D,S,T,2024-09-19,1000000.00,3.468574,99.736328125
08:00:14,91282CLL3,TSRYS5884563,D,S,T,2024-09-19,1000000.00,3.467878,99.73828125
08:00:14,91282CLL3,TSRYS5884563,D,S,T,2024-09-19,1000000.00,3.460927,99.7578125
08:00:14,91282CLL3,TSRYS5884563,D,S,T,2024-09-19,1000000.00,3.460927,99.7578125
08:00:14,91282CLL3,TSRYS5884563,D,S,T,2024-09-19,4000000.00,3.463707,99.75
08:00:14,91282CLL3,TSRYS5884563,D,S,T,2024-09-19,1000000.00,3.463707,99.75
08:00:17,91282CLL3,TSRYS5884563,D,S,A,2024-09-19,400000.00,3.520762,99.58984375
08:00:17,91282CLL3,TSRYS5884563,D,S,A,2024-09-19,400000.00,3.520762,99.58984375
08:00:18,91282CLL3,TSRYS5884563,D,S,T,2024-09-19,1000000.00,3.497092,99.65625
08:00:18,91282CLL3,TSRYS5884563,D,S,T,2024-09-19,1000000.00,3.497092,99.65625
08:00:18,91282CLL3,TSRYS5884563,D,S,T,2024-09-19,1000000.00,3.497092,99.65625
08:00:18,91282CLL3,TSRYS5884563,D,S,T,2024-09-19,1000000.00,3.4957,99.66015625
08:00:18,91282CLL3,TSRYS5884563,D,S,T,2024-09-19,1000000.00,3.4957,99.66015625
08:00:21,91282CLL3,TSRYS5884563,D,S,A,2024-09-19,300000.00,3.497092,99.65625
08:00:21,91282CLL3,TSRYS5884563,D,S,T,2024-09-19,1000000.00,3.490134,99.67578125
08:00:22,91282CLL3,TSRYS5884563,D,S,T,2024-09-19,1000000.00,3.481786,99.69921875
08:00:22,91282CLL3,TSRYS5884563,D,S,T,2024-09-19,1000000.00,3.481786,99.69921875
08:00:22,91282CLL3,TSRYS5884563,D,S,T,2024-09-19,1000000.00,3.481786,99.69921875
08:00:24,91282CLL3,TSRYS5884563,D,S,D,2024-09-19,1000000.00,3.525638,99.576171875
08:00:25,91282CLL3,TSRYS5884563,D,S,D,2024-09-19,4000000.00,3.524941,99.578125
08:00:25,91282CLL3,TSRYS5884563,D,S,D,2024-09-19,1000000.00,3.526334,99.57421875
08:00:25,91282CLL3,TSRYS5884563,D,S,D,2024-09-19,10000000.00,3.525638,99.576171875
08:00:25,91282CLL3,TSRYS5884563,D,S,D,2024-09-19,1000000.00,3.524941,99.578125
08:00:25,91282CLL3,TSRYS5884563,D,S,D,2024-09-19,1000000.00,3.524941,99.578125
08:00:25,91282CLL3,TSRYS5884563,D,S,D,2024-09-19,10000000.00,3.526334,99.57421875
08:00:25,91282CLL3,TSRYS5884563,D,S,D,2024-09-19,10000000.00,3.527031,99.572265625
08:00:25,91282CLL3,TSRYS5884563,D,S,D,2024-09-19,1000000.00,3.527727,99.5703125
08:00:25,91282CLL3,TSRYS5884563,D,S,D,2024-09-19,1000000.00,3.527031,99.572265625
08:00:25,91282CLL3,TSRYS5884563,D,S,D,2024-09-19,1000000.00,3.527727,99.5703125
08:00:25,91282CLL3,TSRYS5884563,D,S,D,2024-09-19,1000000.00,3.526334,99.57421875
08:00:25,91282CLL3,TSRYS5884563,D,S,D,2024-09-19,10000000.00,3.527727,99.5703125
08:00:25,91282CLL3,TSRYS5884563,D,S,D,2024-09-19,1000000.00,3.524941,99.578125
08:00:25,91282CLL3,TSRYS5884563,D,S,D,2024-09-19,4000000.00,3.524941,99.578125
08:00:25,91282CLL3,TSRYS5884563,D,S,D,2024-09-19,2000000.00,3.527727,99.5703125
08:00:25,91282CLL3,TSRYS5884563,D,S,D,2024-09-19,10000000.00,3.524941,99.578125
08:00:25,91282CLL3,TSRYS5884563,D,S,D,2024-09-19,1000000.00,3.524941,99.578125
08:00:25,91282CLL3,TSRYS5884563,D,S,D,2024-09-19,1000000.00,3.525638,99.576171875
08:00:25,91282CLL3,TSRYS5884563,D,S,D,2024-09-19,1000000.00,3.530514,99.5625
08:00:25,91282CLL3,TSRYS5884563,D,S,D,2024-09-19,1000000.00,3.530514,99.5625
08:00:25,91282CLL3,TSRYS5884563,D,S,D,2024-09-19,4000000.00,3.530514,99.5625
08:00:25,91282CLL3,TSRYS5884563,D,S,D,2024-09-19,4000000.00,3.530514,99.5625
08:00:25,91282CLL3,TSRYS5884563,D,S,D,2024-09-19,1000000.00,3.530514,99.5625
08:00:25,91282CLL3,TSRYS5884563,D,S,D,2024-09-19,1000000.00,3.530514,99.5625
08:00:25,91282CLL3,TSRYS5884563,D,S,D,2024-09-19,2000000.00,3.530514,99.5625
08:00:25,91282CLL3,TSRYS5884563,D,S,D,2024-09-19,1000000.00,3.529817,99.564453125
08:00:25,91282CLL3,TSRYS5884563,D,S,D,2024-09-19,1000000.00,3.529817,99.564453125
08:00:25,91282CLL3,TSRYS5884563,D,S,D,2024-09-19,1000000.00,3.529817,99.564453125
08:00:25,91282CLL3,TSRYS5884563,D,S,D,2024-09-19,2000000.00,3.530514,99.5625
08:00:25,91282CLL3,TSRYS5884563,D,S,D,2024-09-19,2000000.00,3.530514,99.5625
08:00:25,91282CLL3,TSRYS5884563,D,S,D,2024-09-19,1000000.00,3.530514,99.5625
08:00:25,91282CLL3,TSRYS5884563,D,S,D,2024-09-19,4000000.00,3.530514,99.5625
08:00:25,91282CLL3,TSRYS5884563,D,S,D,2024-09-19,1000000.00,3.529817,99.564453125
08:00:25,91282CLL3,TSRYS5884563,D,S,D,2024-09-19,10000000.00,3.529817,99.564453125
08:00:25,91282CLL3,TSRYS5884563,D,S,D,2024-09-19,1000000.00,3.530514,99.5625
08:00:25,91282CLL3,TSRYS5884563,D,S,D,2024-09-19,1000000.00,3.528424,99.568359375
08:00:25,91282CLL3,TSRYS5884563,D,S,D,2024-09-19,10000000.00,3.530514,99.5625
08:00:25,91282CLL3,TSRYS5884563,D,S,D,2024-09-19,1000000.00,3.527727,99.5703125
08:00:26,91282CLL3,TSRYS5884563,D,S,D,2024-09-19,1000000.00,3.530514,99.5625
08:00:26,91282CLL3,TSRYS5884563,D,S,D,2024-09-19,1000000.00,3.528424,99.568359375
08:00:26,91282CLL3,TSRYS5884563,D,S,D,2024-09-19,1000000.00,3.529817,99.564453125
08:00:26,91282CLL3,TSRYS5884563,D,S,D,2024-09-19,10000000.00,3.529121,99.56640625
08:00:26,91282CLL3,TSRYS5884563,D,S,D,2024-09-19,1000000.00,3.529121,99.56640625
08:00:26,91282CLL3,TSRYS5884563,D,S,D,2024-09-19,2000000.00,3.527031,99.572265625
08:00:26,91282CLL3,TSRYS5884563,D,S,D,2024-09-19,1000000.00,3.529121,99.56640625
08:00:26,91282CLL3,TSRYS5884563,D,S,D,2024-09-19,10000000.00,3.528424,99.568359375
08:00:26,91282CLL3,TSRYS5884563,D,S,D,2024-09-19,4000000.00,3.530514,99.5625
08:00:26,91282CLL3,TSRYS5884563,D,S,D,2024-09-19,4000000.00,3.530514,99.5625
08:00:26,91282CLL3,TSRYS5884563,D,S,D,2024-09-19,4000000.00,3.530514,99.5625
08:00:26,91282CLL3,TSRYS5884563,D,S,D,2024-09-19,1000000.00,3.530514,99.5625
08:00:26,91282CLL3,TSRYS5884563,D,S,D,2024-09-19,10000000.00,3.530514,99.5625
08:00:26,91282CLL3,TSRYS5884563,D,S,D,2024-09-19,4000000.00,3.529817,99.564453125
08:00:26,91282CLL3,TSRYS5884563,D,S,D,2024-09-19,1000000.00,3.530514,99.5625
08:00:27,91282CLL3,TSRYS5884563,D,S,D,2024-09-19,1000000.00,3.529817,99.564453125
08:00:27,91282CLL3,TSRYS5884563,D,S,D,2024-09-19,4000000.00,3.529817,99.564453125
08:00:27,91282CLL3,TSRYS5884563,D,S,T,2024-09-19,7000000.00,3.481786,99.69921875
08:00:27,91282CLL3,TSRYS5884563,D,S,D,2024-09-19,1000000.00,3.530514,99.5625
08:00:27,91282CLL3,TSRYS5884563,D,S,D,2024-09-19,1000000.00,3.530514,99.5625
08:00:27,91282CLL3,TSRYS5884563,D,S,D,2024-09-19,4000000.00,3.530514,99.5625
08:00:27,91282CLL3,TSRYS5884563,D,S,D,2024-09-19,1000000.00,3.530514,99.5625
08:00:27,91282CLL3,TSRYS5884563,D,S,D,2024-09-19,2000000.00,3.530514,99.5625
08:00:27,91282CLL3,TSRYS5884563,D,S,D,2024-09-19,4000000.00,3.530514,99.5625
08:00:27,91282CLL3,TSRYS5884563,D,S,D,2024-09-19,1000000.00,3.530514,99.5625
08:00:27,91282CLL3,TSRYS5884563,D,S,D,2024-09-19,4000000.00,3.530514,99.5625
08:00:27,91282CLL3,TSRYS5884563,D,S,D,2024-09-19,4000000.00,3.530514,99.5625
08:00:27,91282CLL3,TSRYS5884563,D,S,D,2024-09-19,1000000.00,3.530514,99.5625
08:00:27,91282CLL3,TSRYS5884563,D,S,D,2024-09-19,1000000.00,3.530514,99.5625
08:00:27,91282CLL3,TSRYS5884563,D,S,D,2024-09-19,4000000.00,3.530514,99.5625
08:00:27,91282CLL3,TSRYS5884563,D,S,D,2024-09-19,1000000.00,3.530514,99.5625
08:00:27,91282CLL3,TSRYS5884563,D,S,D,2024-09-19,2000000.00,3.530514,99.5625
08:00:27,91282CLL3,TSRYS5884563,D,S,D,2024-09-19,2000000.00,3.530514,99.5625
08:00:27,91282CLL3,TSRYS5884563,D,S,D,2024-09-19,2000000.00,3.530514,99.5625
08:00:27,91282CLL3,TSRYS5884563,D,S,D,2024-09-19,2000000.00,3.530514,99.5625
08:00:27,91282CLL3,TSRYS5884563,D,S,D,2024-09-19,1000000.00,3.530514,99.5625
08:00:27,91282CLL3,TSRYS5884563,D,S,D,2024-09-19,1000000.00,3.530514,99.5625
08:00:28,91282CLL3,TSRYS5884563,D,S,D,2024-09-19,2000000.00,3.530514,99.5625
08:00:28,91282CLL3,TSRYS5884563,D,S,D,2024-09-19,1000000.00,3.530514,99.5625
08:00:28,91282CLL3,TSRYS5884563,D,S,D,2024-09-19,1000000.00,3.530514,99.5625
08:00:28,91282CLL3,TSRYS5884563,D,S,D,2024-09-19,1000000.00,3.530514,99.5625
08:00:28,91282CLL3,TSRYS5884563,D,S,D,2024-09-19,1000000.00,3.530514,99.5625
08:00:28,91282CLL3,TSRYS5884563,D,S,D,2024-09-19,1000000.00,3.530514,99.5625
08:00:28,91282CLL3,TSRYS5884563,D,S,D,2024-09-19,1000000.00,3.530514,99.5625
08:00:28,91282CLL3,TSRYS5884563,D,S,T,2024-09-19,1000000.00,3.519369,99.59375
08:00:28,91282CLL3,TSRYS5884563,D,S,T,2024-09-19,1000000.00,3.500572,99.646484375
08:00:28,91282CLL3,TSRYS5884563,D,S,T,2024-09-19,1000000.00,3.501268,99.64453125
08:00:28,91282CLL3,TSRYS5884563,D,S,T,2024-09-19,2000000.00,3.499876,99.6484375
08:00:28,91282CLL3,TSRYS5884563,D,S,T,2024-09-19,1000000.00,3.484568,99.69140625
08:00:28,91282CLL3,TSRYS5884563,D,S,T,2024-09-19,1000000.00,3.484568,99.69140625
08:00:28,91282CLL3,TSRYS5884563,D,S,T,2024-09-19,1000000.00,3.484568,99.69140625
08:00:28,91282CLL3,TSRYS5884563,D,S,T,2024-09-19,1000000.00,3.484568,99.69140625
08:00:28,91282CLL3,TSRYS5884563,D,S,T,2024-09-19,1000000.00,3.483177,99.6953125
08:00:28,91282CLL3,TSRYS5884563,D,S,T,2024-09-19,1000000.00,3.483177,99.6953125
08:00:28,91282CLL3,TSRYS5884563,D,S,T,2024-09-19,1000000.00,3.467878,99.73828125
08:00:28,91282CLL3,TSRYS5884563,D,S,T,2024-09-19,1000000.00,3.465098,99.74609375
08:00:28,91282CLL3,TSRYS5884563,D,S,T,2024-09-19,5000000.00,3.467878,99.73828125
08:00:29,91282CLL3,TSRYS5884563,D,S,D,2024-09-19,1000000.00,3.530514,99.5625
08:00:29,91282CLL3,TSRYS5884563,D,S,D,2024-09-19,2000000.00,3.530514,99.5625
08:00:29,91282CLL3,TSRYS5884563,D,S,D,2024-09-19,1000000.00,3.530514,99.5625
08:00:29,91282CLL3,TSRYS5884563,D,S,D,2024-09-19,1000000.00,3.530514,99.5625
08:00:29,91282CLL3,TSRYS5884563,D,S,D,2024-09-19,1000000.00,3.530514,99.5625
08:00:29,91282CLL3,TSRYS5884563,D,S,C,2024-09-19,13000000.00,3.525638,99.576171875
08:00:29,91282CLL3,TSRYS5884563,D,S,D,2024-09-19,1000000.00,3.525638,99.576171875
08:00:29,91282CLL3,TSRYS5884563,D,S,D,2024-09-19,4000000.00,3.525638,99.576171875
08:00:29,91282CLL3,TSRYS5884563,D,B,C,2024-09-19,13000000.00,3.525638,99.576171875
08:00:29,91282CLL3,TSRYS5884563,D,B,C,2024-09-19,4000000.00,3.525638,99.576171875
08:00:29,91282CLL3,TSRYS5884563,D,S,D,2024-09-19,4000000.00,3.525638,99.576171875
08:00:29,91282CLL3,TSRYS5884563,D,S,D,2024-09-19,4000000.00,3.525638,99.576171875
08:00:29,91282CLL3,TSRYS5884563,D,B,C,2024-09-19,4000000.00,3.525638,99.576171875
08:00:29,91282CLL3,TSRYS5884563,D,B,C,2024-09-19,2000000.00,3.525638,99.576171875
08:00:29,91282CLL3,TSRYS5884563,D,S,D,2024-09-19,2000000.00,3.525638,99.576171875
08:00:29,91282CLL3,TSRYS5884563,D,B,C,2024-09-19,1000000.00,3.525638,99.576171875
08:00:29,91282CLL3,TSRYS5884563,D,B,C,2024-09-19,4000000.00,3.525638,99.576171875
08:00:29,91282CLL3,TSRYS5884563,D,S,D,2024-09-19,1000000.00,3.525638,99.576171875
08:00:29,91282CLL3,TSRYS5884563,D,B,C,2024-09-19,1000000.00,3.525638,99.576171875
08:00:29,91282CLL3,TSRYS5884563,D,S,D,2024-09-19,1000000.00,3.525638,99.576171875
08:00:29,91282CLL3,TSRYS5884563,D,S,D,2024-09-19,1000000.00,3.525638,99.576171875
08:00:29,91282CLL3,TSRYS5884563,D,B,C,2024-09-19,1000000.00,3.525638,99.576171875
08:00:29,91282CLL3,TSRYS5884563,D,B,C,2024-09-19,1000000.00,3.525638,99.576171875
08:00:29,91282CLL3,TSRYS5884563,D,B,C,2024-09-19,1000000.00,3.525638,99.576171875
08:00:29,91282CLL3,TSRYS5884563,D,S,D,2024-09-19,1000000.00,3.525638,99.576171875
08:00:29,91282CLL3,TSRYS5884563,D,S,D,2024-09-19,1000000.00,3.525638,99.576171875
08:00:29,91282CLL3,TSRYS5884563,D,B,C,2024-09-19,1000000.00,3.525638,99.576171875
08:00:29,91282CLL3,TSRYS5884563,D,B,C,2024-09-19,1000000.00,3.525638,99.576171875
08:00:29,91282CLL3,TSRYS5884563,D,S,D,2024-09-19,1000000.00,3.525638,99.576171875
08:00:29,91282CLL3,TSRYS5884563,D,S,D,2024-09-19,1000000.00,3.525638,99.576171875
08:00:29,91282CLL3,TSRYS5884563,D,B,C,2024-09-19,1000000.00,3.525638,99.576171875
08:00:29,91282CLL3,TSRYS5884563,D,S,D,2024-09-19,4000000.00,3.525638,99.576171875
08:00:29,91282CLL3,TSRYS5884563,D,B,C,2024-09-19,4000000.00,3.525638,99.576171875
08:00:29,91282CLL3,TSRYS5884563,D,S,D,2024-09-19,4000000.00,3.525638,99.576171875
08:00:29,91282CLL3,TSRYS5884563,D,B,C,2024-09-19,4000000.00,3.525638,99.576171875
08:00:29,91282CLL3,TSRYS5884563,D,S,D,2024-09-19,4000000.00,3.525638,99.576171875
08:00:29,91282CLL3,TSRYS5884563,D,S,D,2024-09-19,4000000.00,3.525638,99.576171875
08:00:29,91282CLL3,TSRYS5884563,D,B,C,2024-09-19,4000000.00,3.525638,99.576171875
08:00:29,91282CLL3,TSRYS5884563,D,B,C,2024-09-19,4000000.00,3.525638,99.576171875
08:00:29,91282CLL3,TSRYS5884563,D,S,D,2024-09-19,1000000.00,3.526334,99.57421875
08:00:29,91282CLL3,TSRYS5884563,D,S,D,2024-09-19,1000000.00,3.526334,99.57421875
08:00:29,91282CLL3,TSRYS5884563,D,B,C,2024-09-19,1000000.00,3.526334,99.57421875
08:00:29,91282CLL3,TSRYS5884563,D,S,D,2024-09-19,1000000.00,3.526334,99.57421875
08:00:29,91282CLL3,TSRYS5884563,D,B,C,2024-09-19,1000000.00,3.526334,99.57421875
08:00:29,91282CLL3,TSRYS5884563,D,S,D,2024-09-19,1000000.00,3.526334,99.57421875
08:00:29,91282CLL3,TSRYS5884563,D,B,C,2024-09-19,1000000.00,3.526334,99.57421875
08:00:29,91282CLL3,TSRYS5884563,D,B,C,2024-09-19,1000000.00,3.526334,99.57421875
08:00:29,91282CLL3,TSRYS5884563,D,S,D,2024-09-19,1000000.00,3.526334,99.57421875
08:00:29,91282CLL3,TSRYS5884563,D,S,D,2024-09-19,1000000.00,3.526334,99.57421875
08:00:29,91282CLL3,TSRYS5884563,D,B,C,2024-09-19,1000000.00,3.526334,99.57421875
08:00:29,91282CLL3,TSRYS5884563,D,S,D,2024-09-19,2000000.00,3.526334,99.57421875
08:00:29,91282CLL3,TSRYS5884563,D,B,C,2024-09-19,2000000.00,3.526334,99.57421875
08:00:29,91282CLL3,TSRYS5884563,D,B,C,2024-09-19,2000000.00,3.526334,99.57421875
08:00:29,91282CLL3,TSRYS5884563,D,S,C,2024-09-19,2000000.00,3.526334,99.57421875
08:00:29,91282CLL3,TSRYS5884563,D,B,C,2024-09-19,2000000.00,3.526334,99.57421875
08:00:29,91282CLL3,TSRYS5884563,D,S,D,2024-09-19,2000000.00,3.526334,99.57421875
08:00:29,91282CLL3,TSRYS5884563,D,B,C,2024-09-19,1000000.00,3.525638,99.576171875
08:00:29,91282CLL3,TSRYS5884563,D,S,D,2024-09-19,1000000.00,3.525638,99.576171875
08:00:29,91282CLL3,TSRYS5884563,D,B,C,2024-09-19,1000000.00,3.525638,99.576171875
08:00:29,91282CLL3,TSRYS5884563,D,S,D,2024-09-19,2000000.00,3.520762,99.58984375
08:00:29,91282CLL3,TSRYS5884563,D,S,D,2024-09-19,2000000.00,3.518673,99.595703125
08:00:29,91282CLL3,TSRYS5884563,D,S,D,2024-09-19,1000000.00,3.525638,99.576171875
08:00:29,91282CLL3,TSRYS5884563,D,S,T,2024-09-19,1000000.00,3.520762,99.58984375
08:00:29,91282CLL3,TSRYS5884563,D,S,D,2024-09-19,1000000.00,3.523548,99.58203125
08:00:29,91282CLL3,TSRYS5884563,D,S,T,2024-09-19,2000000.00,3.523548,99.58203125
08:00:29,91282CLL3,TSRYS5884563,D,S,T,2024-09-19,1000000.00,3.515191,99.60546875
08:00:29,91282CLL3,TSRYS5884563,D,S,T,2024-09-19,1000000.00,3.513798,99.609375
08:00:29,91282CLL3,TSRYS5884563,D,S,D,2024-09-19,2000000.00,3.510317,99.619140625
08:00:29,91282CLL3,TSRYS5884563,D,S,T,2024-09-19,2000000.00,3.506836,99.62890625
08:00:29,91282CLL3,TSRYS5884563,D,S,T,2024-09-19,1000000.00,3.503356,99.638671875
08:00:29,91282CLL3,TSRYS5884563,D,S,T,2024-09-19,1000000.00,3.501964,99.642578125
08:00:29,91282CLL3,TSRYS5884563,D,S,T,2024-09-19,1000000.00,3.501964,99.642578125
08:00:29,91282CLL3,TSRYS5884563,D,S,T,2024-09-19,1000000.00,3.501964,99.642578125
08:00:29,91282CLL3,TSRYS5884563,D,S,T,2024-09-19,1000000.00,3.500572,99.646484375
08:00:29,91282CLL3,TSRYS5884563,D,S,D,2024-09-19,2000000.00,3.501964,99.642578125
08:00:29,91282CLL3,TSRYS5884563,D,S,D,2024-09-19,1000000.00,3.495004,99.662109375
08:00:29,91282CLL3,TSRYS5884563,D,S,D,2024-09-19,2000000.00,3.488046,99.681640625
08:00:29,91282CLL3,TSRYS5884563,D,S,D,2024-09-19,2000000.00,3.48109,99.701171875
08:00:29,91282CLL3,TSRYS5884563,D,S,D,2024-09-19,2000000.00,3.48109,99.701171875
08:00:29,91282CLL3,TSRYS5884563,D,S,C,2024-09-19,1000000.00,3.47205,99.7265625
08:00:29,91282CLL3,TSRYS5884563,D,S,D,2024-09-19,1000000.00,3.471355,99.728515625
08:00:29,91282CLL3,TSRYS5884563,D,S,D,2024-09-19,2000000.00,3.472745,99.724609375
08:00:29,91282CLL3,TSRYS5884563,D,S,C,2024-09-19,1000000.00,3.465098,99.74609375
08:00:29,91282CLL3,TSRYS5884563,D,S,D,2024-09-19,2000000.00,3.461622,99.755859375
08:00:29,91282CLL3,TSRYS5884563,D,S,D,2024-09-19,1000000.00,3.465793,99.744140625
08:00:30,91282CLL3,TSRYS5884563,D,B,A,2024-09-19,770000.00,3.509621,99.62109375
08:00:30,91282CLL3,TSRYS5884563,D,S,T,2024-09-19,2000000.00,3.508228,99.625
08:00:30,91282CLL3,TSRYS5884563,D,S,T,2024-09-19,1000000.00,3.50266,99.640625
08:00:30,91282CLL3,TSRYS5884563,D,S,T,2024-09-19,1000000.00,3.510317,99.619140625
08:00:30,91282CLL3,TSRYS5884563,D,S,T,2024-09-19,1000000.00,3.511013,99.6171875
08:00:30,91282CLL3,TSRYS5884563,D,S,T,2024-09-19,1000000.00,3.511013,99.6171875
08:00:30,91282CLL3,TSRYS5884563,D,S,T,2024-09-19,1000000.00,3.513102,99.611328125
08:00:30,91282CLL3,TSRYS5884563,D,S,T,2024-09-19,1000000.00,3.511013,99.6171875
08:00:30,91282CLL3,TSRYS5884563,D,S,T,2024-09-19,1000000.00,3.511013,99.6171875
08:00:30,91282CLL3,TSRYS5884563,D,S,T,2024-09-19,1000000.00,3.511709,99.615234375
08:00:30,91282CLL3,TSRYS5884563,D,S,T,2024-09-19,1000000.00,3.511709,99.615234375
08:00:30,91282CLL3,TSRYS5884563,D,S,T,2024-09-19,1000000.00,3.512406,99.61328125
08:00:30,91282CLL3,TSRYS5884563,D,S,T,2024-09-19,1000000.00,3.513102,99.611328125
08:00:30,91282CLL3,TSRYS5884563,D,S,T,2024-09-19,1000000.00,3.513798,99.609375
08:00:30,91282CLL3,TSRYS5884563,D,S,T,2024-09-19,3000000.00,3.512406,99.61328125
08:00:30,91282CLL3,TSRYS5884563,D,S,T,2024-09-19,1000000.00,3.513798,99.609375
08:00:30,91282CLL3,TSRYS5884563,D,S,T,2024-09-19,1000000.00,3.513798,99.609375
08:00:30,91282CLL3,TSRYS5884563,D,S,T,2024-09-19,1000000.00,3.513798,99.609375
08:00:30,91282CLL3,TSRYS5884563,D,S,T,2024-09-19,1000000.00,3.513798,99.609375
08:00:30,91282CLL3,TSRYS5884563,D,S,T,2024-09-19,2000000.00,3.513798,99.609375
08:00:30,91282CLL3,TSRYS5884563,D,S,T,2024-09-19,1000000.00,3.513798,99.609375
08:00:30,91282CLL3,TSRYS5884563,D,S,T,2024-09-19,1000000.00,3.513102,99.611328125
08:00:30,91282CLL3,TSRYS5884563,D,S,T,2024-09-19,1000000.00,3.513798,99.609375
08:00:30,91282CLL3,TSRYS5884563,D,S,T,2024-09-19,1000000.00,3.511013,99.6171875
08:00:30,91282CLL3,TSRYS5884563,D,S,T,2024-09-19,1000000.00,3.515887,99.603515625
08:00:30,91282CLL3,TSRYS5884563,D,S,T,2024-09-19,1000000.00,3.516584,99.6015625
08:00:30,91282CLL3,TSRYS5884563,D,S,T,2024-09-19,1000000.00,3.516584,99.6015625
08:00:30,91282CLL3,TSRYS5884563,D,S,T,2024-09-19,1000000.00,3.515191,99.60546875
08:00:30,91282CLL3,TSRYS5884563,D,S,T,2024-09-19,1000000.00,3.515191,99.60546875
08:00:30,91282CLL3,TSRYS5884563,D,S,T,2024-09-19,1000000.00,3.515191,99.60546875
08:00:30,91282CLL3,TSRYS5884563,D,S,T,2024-09-19,1000000.00,3.515191,99.60546875
08:00:30,91282CLL3,TSRYS5884563,D,S,T,2024-09-19,1000000.00,3.515191,99.60546875
08:00:30,91282CLL3,TSRYS5884563,D,S,T,2024-09-19,1000000.00,3.515191,99.60546875
08:00:30,91282CLL3,TSRYS5884563,D,S,T,2024-09-19,1000000.00,3.516584,99.6015625
08:00:30,91282CLL3,TSRYS5884563,D,S,T,2024-09-19,2000000.00,3.516584,99.6015625
08:00:30,91282CLL3,TSRYS5884563,D,S,T,2024-09-19,1000000.00,3.516584,99.6015625
08:00:30,91282CLL3,TSRYS5884563,D,S,T,2024-09-19,1000000.00,3.516584,99.6015625
08:00:30,91282CLL3,TSRYS5884563,D,S,T,2024-09-19,1000000.00,3.515191,99.60546875
08:00:30,91282CLL3,TSRYS5884563,D,S,T,2024-09-19,1000000.00,3.515191,99.60546875
08:00:30,91282CLL3,TSRYS5884563,D,S,T,2024-09-19,1000000.00,3.512406,99.61328125
08:00:30,91282CLL3,TSRYS5884563,D,S,T,2024-09-19,1000000.00,3.513102,99.611328125
08:00:30,91282CLL3,TSRYS5884563,D,S,T,2024-09-19,1000000.00,3.513798,99.609375
08:00:30,91282CLL3,TSRYS5884563,D,S,T,2024-09-19,1000000.00,3.513798,99.609375
08:00:30,91282CLL3,TSRYS5884563,D,S,T,2024-09-19,1000000.00,3.514494,99.607421875
08:00:30,91282CLL3,TSRYS5884563,D,S,T,2024-09-19,1000000.00,3.513798,99.609375
08:00:30,91282CLL3,TSRYS5884563,D,S,T,2024-09-19,1000000.00,3.513798,99.609375
08:00:30,91282CLL3,TSRYS5884563,D,S,T,2024-09-19,1000000.00,3.513798,99.609375
08:00:30,91282CLL3,TSRYS5884563,D,S,T,2024-09-19,1000000.00,3.513798,99.609375
08:00:30,91282CLL3,TSRYS5884563,D,S,T,2024-09-19,1000000.00,3.513798,99.609375
08:00:30,91282CLL3,TSRYS5884563,D,S,T,2024-09-19,1000000.00,3.513798,99.609375
08:00:30,91282CLL3,TSRYS5884563,D,S,T,2024-09-19,1000000.00,3.515191,99.60546875
08:00:30,91282CLL3,TSRYS5884563,D,S,T,2024-09-19,1000000.00,3.516584,99.6015625
08:00:30,91282CLL3,TSRYS5884563,D,S,T,2024-09-19,1000000.00,3.516584,99.6015625
08:00:30,91282CLL3,TSRYS5884563,D,S,T,2024-09-19,1000000.00,3.515191,99.60546875
08:00:30,91282CLL3,TSRYS5884563,D,S,T,2024-09-19,1000000.00,3.515191,99.60546875
08:00:30,91282CLL3,TSRYS5884563,D,S,T,2024-09-19,1000000.00,3.513798,99.609375
08:00:30,91282CLL3,TSRYS5884563,D,S,T,2024-09-19,1000000.00,3.515191,99.60546875
08:00:30,91282CLL3,TSRYS5884563,D,S,T,2024-09-19,1000000.00,3.515191,99.60546875
08:00:30,91282CLL3,TSRYS5884563,D,S,T,2024-09-19,1000000.00,3.513798,99.609375
08:00:30,91282CLL3,TSRYS5884563,D,S,T,2024-09-19,2000000.00,3.512406,99.61328125
08:00:30,91282CLL3,TSRYS5884563,D,S,T,2024-09-19,1000000.00,3.514494,99.607421875
08:00:30,91282CLL3,TSRYS5884563,D,S,T,2024-09-19,2000000.00,3.517976,99.59765625
08:00:30,91282CLL3,TSRYS5884563,D,S,T,2024-09-19,3000000.00,3.519369,99.59375
08:00:30,91282CLL3,TSRYS5884563,D,S,T,2024-09-19,1000000.00,3.519369,99.59375
08:00:30,91282CLL3,TSRYS5884563,D,S,T,2024-09-19,2000000.00,3.519369,99.59375
08:00:30,91282CLL3,TSRYS5884563,D,S,T,2024-09-19,1000000.00,3.519369,99.59375
08:00:30,91282CLL3,TSRYS5884563,D,S,T,2024-09-19,2000000.00,3.519369,99.59375
08:00:30,91282CLL3,TSRYS5884563,D,S,T,2024-09-19,1000000.00,3.519369,99.59375
08:00:30,91282CLL3,TSRYS5884563,D,S,T,2024-09-19,1000000.00,3.519369,99.59375
08:00:30,91282CLL3,TSRYS5884563,D,S,T,2024-09-19,1000000.00,3.517976,99.59765625
08:00:30,91282CLL3,TSRYS5884563,D,S,T,2024-09-19,1000000.00,3.520762,99.58984375
08:00:30,91282CLL3,TSRYS5884563,D,S,T,2024-09-19,1000000.00,3.520762,99.58984375
08:00:30,91282CLL3,TSRYS5884563,D,S,T,2024-09-19,1000000.00,3.522851,99.583984375
08:00:30,91282CLL3,TSRYS5884563,D,S,T,2024-09-19,1000000.00,3.523548,99.58203125
08:00:30,91282CLL3,TSRYS5884563,D,S,T,2024-09-19,1000000.00,3.519369,99.59375
08:00:30,91282CLL3,TSRYS5884563,D,S,T,2024-09-19,1000000.00,3.520066,99.591796875
08:00:30,91282CLL3,TSRYS5884563,D,S,T,2024-09-19,1000000.00,3.522851,99.583984375
08:00:30,91282CLL3,TSRYS5884563,D,S,T,2024-09-19,1000000.00,3.521458,99.587890625
08:00:30,91282CLL3,TSRYS5884563,D,S,T,2024-09-19,1000000.00,3.522155,99.5859375
08:00:30,91282CLL3,TSRYS5884563,D,S,T,2024-09-19,1000000.00,3.522155,99.5859375
08:00:30,91282CLL3,TSRYS5884563,D,S,T,2024-09-19,1000000.00,3.526334,99.57421875
08:00:30,91282CLL3,TSRYS5884563,D,S,T,2024-09-19,1000000.00,3.524941,99.578125
08:00:30,91282CLL3,TSRYS5884563,D,S,T,2024-09-19,1000000.00,3.529817,99.564453125
08:00:30,91282CLL3,TSRYS5884563,D,S,T,2024-09-19,1000000.00,3.529817,99.564453125
08:00:30,91282CLL3,TSRYS5884563,D,S,T,2024-09-19,1000000.00,3.529121,99.56640625
08:00:30,91282CLL3,TSRYS5884563,D,S,T,2024-09-19,1000000.00,3.530514,99.5625
08:00:30,91282CLL3,TSRYS5884563,D,S,T,2024-09-19,1000000.00,3.529121,99.56640625
08:00:30,91282CLL3,TSRYS5884563,D,S,T,2024-09-19,1000000.00,3.530514,99.5625
08:00:30,91282CLL3,TSRYS5884563,D,S,T,2024-09-19,1000000.00,3.523548,99.58203125
08:00:30,91282CLL3,TSRYS5884563,D,S,T,2024-09-19,1000000.00,3.523548,99.58203125
08:00:30,91282CLL3,TSRYS5884563,D,S,T,2024-09-19,1000000.00,3.524941,99.578125
08:00:30,91282CLL3,TSRYS5884563,D,S,T,2024-09-19,1000000.00,3.526334,99.57421875
08:00:30,91282CLL3,TSRYS5884563,D,S,T,2024-09-19,2000000.00,3.526334,99.57421875
08:00:30,91282CLL3,TSRYS5884563,D,S,T,2024-09-19,3000000.00,3.526334,99.57421875
08:00:30,91282CLL3,TSRYS5884563,D,S,T,2024-09-19,6000000.00,3.526334,99.57421875
08:00:30,91282CLL3,TSRYS5884563,D,S,T,2024-09-19,1000000.00,3.526334,99.57421875
08:00:30,91282CLL3,TSRYS5884563,D,S,T,2024-09-19,1000000.00,3.527727,99.5703125
08:00:30,91282CLL3,TSRYS5884563,D,S,T,2024-09-19,3000000.00,3.527727,99.5703125
08:00:30,91282CLL3,TSRYS5884563,D,S,T,2024-09-19,1000000.00,3.527727,99.5703125
08:00:30,91282CLL3,TSRYS5884563,D,S,T,2024-09-19,1000000.00,3.529121,99.56640625
08:00:30,91282CLL3,TSRYS5884563,D,S,T,2024-09-19,1000000.00,3.527727,99.5703125
08:00:30,91282CLL3,TSRYS5884563,D,S,T,2024-09-19,1000000.00,3.529121,99.56640625
08:00:30,91282CLL3,TSRYS5884563,D,S,T,2024-09-19,1000000.00,3.529121,99.56640625
08:00:30,91282CLL3,TSRYS5884563,D,S,T,2024-09-19,1000000.00,3.529121,99.56640625
08:00:30,91282CLL3,TSRYS5884563,D,S,T,2024-09-19,1000000.00,3.529121,99.56640625
08:00:30,91282CLL3,TSRYS5884563,D,S,T,2024-09-19,1000000.00,3.529121,99.56640625
08:00:30,91282CLL3,TSRYS5884563,D,S,T,2024-09-19,1000000.00,3.529121,99.56640625
08:00:30,91282CLL3,TSRYS5884563,D,S,T,2024-09-19,1000000.00,3.529817,99.564453125
08:00:30,91282CLL3,TSRYS5884563,D,S,T,2024-09-19,1000000.00,3.529817,99.564453125
08:00:30,91282CLL3,TSRYS5884563,D,S,T,2024-09-19,1000000.00,3.529817,99.564453125
08:00:30,91282CLL3,TSRYS5884563,D,S,T,2024-09-19,1000000.00,3.529817,99.564453125
08:00:30,91282CLL3,TSRYS5884563,D,S,T,2024-09-19,1000000.00,3.529817,99.564453125
08:00:30,91282CLL3,TSRYS5884563,D,S,T,2024-09-19,1000000.00,3.529817,99.564453125
08:00:30,91282CLL3,TSRYS5884563,D,S,T,2024-09-19,1000000.00,3.530514,99.5625
08:00:30,91282CLL3,TSRYS5884563,D,S,T,2024-09-19,1000000.00,3.530514,99.5625
08:00:30,91282CLL3,TSRYS5884563,D,S,T,2024-09-19,1000000.00,3.529121,99.56640625
08:00:30,91282CLL3,TSRYS5884563,D,S,T,2024-09-19,1000000.00,3.530514,99.5625
08:00:30,91282CLL3,TSRYS5884563,D,S,T,2024-09-19,1000000.00,3.529121,99.56640625
08:00:30,91282CLL3,TSRYS5884563,D,S,T,2024-09-19,1000000.00,3.529121,99.56640625
08:00:30,91282CLL3,TSRYS5884563,D,S,T,2024-09-19,1000000.00,3.530514,99.5625
08:00:30,91282CLL3,TSRYS5884563,D,S,T,2024-09-19,1000000.00,3.529817,99.564453125
08:00:30,91282CLL3,TSRYS5884563,D,S,T,2024-09-19,1000000.00,3.529121,99.56640625
08:00:30,91282CLL3,TSRYS5884563,D,S,T,2024-09-19,1000000.00,3.529817,99.564453125
08:00:30,91282CLL3,TSRYS5884563,D,S,T,2024-09-19,1000000.00,3.529817,99.564453125
08:00:30,91282CLL3,TSRYS5884563,D,S,T,2024-09-19,1000000.00,3.530514,99.5625
08:00:30,91282CLL3,TSRYS5884563,D,S,T,2024-09-19,1000000.00,3.530514,99.5625
08:00:30,91282CLL3,TSRYS5884563,D,S,T,2024-09-19,1000000.00,3.530514,99.5625
08:00:30,91282CLL3,TSRYS5884563,D,S,T,2024-09-19,1000000.00,3.530514,99.5625
08:00:30,91282CLL3,TSRYS5884563,D,S,T,2024-09-19,2000000.00,3.530514,99.5625
08:00:30,91282CLL3,TSRYS5884563,D,S,T,2024-09-19,2000000.00,3.530514,99.5625
08:00:30,91282CLL3,TSRYS5884563,D,S,T,2024-09-19,2000000.00,3.530514,99.5625
08:00:30,91282CLL3,TSRYS5884563,D,S,T,2024-09-19,1000000.00,3.531211,99.560546875
08:00:30,91282CLL3,TSRYS5884563,D,S,T,2024-09-19,1000000.00,3.530514,99.5625
08:00:30,91282CLL3,TSRYS5884563,D,S,T,2024-09-19,2000000.00,3.530514,99.5625
08:00:30,91282CLL3,TSRYS5884563,D,S,T,2024-09-19,2000000.00,3.531211,99.560546875
08:00:30,91282CLL3,TSRYS5884563,D,S,T,2024-09-19,2000000.00,3.529817,99.564453125
08:00:30,91282CLL3,TSRYS5884563,D,S,T,2024-09-19,2000000.00,3.530514,99.5625
08:00:30,91282CLL3,TSRYS5884563,D,S,T,2024-09-19,1000000.00,3.530514,99.5625
08:00:30,91282CLL3,TSRYS5884563,D,S,T,2024-09-19,1000000.00,3.531211,99.560546875
08:00:30,91282CLL3,TSRYS5884563,D,S,T,2024-09-19,1000000.00,3.531907,99.55859375
08:00:30,91282CLL3,TSRYS5884563,D,S,T,2024-09-19,1000000.00,3.530514,99.5625
08:00:30,91282CLL3,TSRYS5884563,D,S,T,2024-09-19,1000000.00,3.530514,99.5625
08:00:30,91282CLL3,TSRYS5884563,D,S,T,2024-09-19,1000000.00,3.530514,99.5625
08:00:30,91282CLL3,TSRYS5884563,D,S,T,2024-09-19,1000000.00,3.531211,99.560546875
08:00:30,91282CLL3,TSRYS5884563,D,S,T,2024-09-19,2000000.00,3.531211,99.560546875
08:00:30,91282CLL3,TSRYS5884563,D,S,T,2024-09-19,2000000.00,3.531211,99.560546875
08:00:30,91282CLL3,TSRYS5884563,D,S,T,2024-09-19,1000000.00,3.530514,99.5625
08:00:30,91282CLL3,TSRYS5884563,D,S,T,2024-09-19,2000000.00,3.530514,99.5625
08:00:30,91282CLL3,TSRYS5884563,D,S,T,2024-09-19,1000000.00,3.529121,99.56640625
08:00:30,91282CLL3,TSRYS5884563,D,S,T,2024-09-19,2000000.00,3.529817,99.564453125
08:00:30,91282CLL3,TSRYS5884563,D,S,T,2024-09-19,1000000.00,3.529817,99.564453125
08:00:30,91282CLL3,TSRYS5884563,D,S,T,2024-09-19,2000000.00,3.530514,99.5625
08:00:30,91282CLL3,TSRYS5884563,D,S,T,2024-09-19,1000000.00,3.529817,99.564453125
08:00:30,91282CLL3,TSRYS5884563,D,S,T,2024-09-19,1000000.00,3.530514,99.5625
08:00:30,91282CLL3,TSRYS5884563,D,S,T,2024-09-19,2000000.00,3.530514,99.5625
08:00:30,91282CLL3,TSRYS5884563,D,S,T,2024-09-19,1000000.00,3.531211,99.560546875
08:00:30,91282CLL3,TSRYS5884563,D,S,T,2024-09-19,1000000.00,3.530514,99.5625
08:00:30,91282CLL3,TSRYS5884563,D,S,T,2024-09-19,1000000.00,3.530514,99.5625
08:00:30,91282CLL3,TSRYS5884563,D,S,T,2024-09-19,2000000.00,3.530514,99.5625
08:00:30,91282CLL3,TSRYS5884563,D,S,T,2024-09-19,1000000.00,3.530514,99.5625
08:00:30,91282CLL3,TSRYS5884563,D,S,T,2024-09-19,1000000.00,3.530514,99.5625
08:00:30,91282CLL3,TSRYS5884563,D,S,T,2024-09-19,1000000.00,3.530514,99.5625
08:00:30,91282CLL3,TSRYS5884563,D,S,T,2024-09-19,2000000.00,3.530514,99.5625
08:00:30,91282CLL3,TSRYS5884563,D,S,T,2024-09-19,1000000.00,3.530514,99.5625
08:00:30,91282CLL3,TSRYS5884563,D,S,T,2024-09-19,1000000.00,3.530514,99.5625
08:00:30,91282CLL3,TSRYS5884563,D,S,T,2024-09-19,1000000.00,3.531211,99.560546875
08:00:30,91282CLL3,TSRYS5884563,D,S,T,2024-09-19,1000000.00,3.531211,99.560546875
08:00:30,91282CLL3,TSRYS5884563,D,S,T,2024-09-19,1000000.00,3.530514,99.5625
08:00:30,91282CLL3,TSRYS5884563,D,S,T,2024-09-19,1000000.00,3.530514,99.5625
08:00:30,91282CLL3,TSRYS5884563,D,S,T,2024-09-19,1000000.00,3.530514,99.5625
08:00:30,91282CLL3,TSRYS5884563,D,S,T,2024-09-19,1000000.00,3.530514,99.5625
08:00:30,91282CLL3,TSRYS5884563,D,S,T,2024-09-19,1000000.00,3.530514,99.5625
08:00:30,91282CLL3,TSRYS5884563,D,S,T,2024-09-19,1000000.00,3.530514,99.5625
08:00:30,91282CLL3,TSRYS5884563,D,S,T,2024-09-19,1000000.00,3.530514,99.5625
08:00:30,91282CLL3,TSRYS5884563,D,S,T,2024-09-19,1000000.00,3.531211,99.560546875
08:00:30,91282CLL3,TSRYS5884563,D,S,T,2024-09-19,2000000.00,3.531211,99.560546875
08:00:30,91282CLL3,TSRYS5884563,D,S,T,2024-09-19,2000000.00,3.530514,99.5625
08:00:30,91282CLL3,TSRYS5884563,D,S,T,2024-09-19,2000000.00,3.531907,99.55859375
08:00:30,91282CLL3,TSRYS5884563,D,S,T,2024-09-19,2000000.00,3.531907,99.55859375
08:00:30,91282CLL3,TSRYS5884563,D,S,T,2024-09-19,1000000.00,3.531907,99.55859375
08:00:30,91282CLL3,TSRYS5884563,D,S,T,2024-09-19,1000000.00,3.531907,99.55859375
08:00:30,91282CLL3,TSRYS5884563,D,S,T,2024-09-19,2000000.00,3.531907,99.55859375
08:00:30,91282CLL3,TSRYS5884563,D,S,T,2024-09-19,1000000.00,3.531907,99.55859375
08:00:30,91282CLL3,TSRYS5884563,D,S,T,2024-09-19,1000000.00,3.531907,99.55859375
08:00:30,91282CLL3,TSRYS5884563,D,S,T,2024-09-19,1000000.00,3.531907,99.55859375
08:00:30,91282CLL3,TSRYS5884563,D,S,T,2024-09-19,4000000.00,3.531907,99.55859375
08:00:30,91282CLL3,TSRYS5884563,D,S,T,2024-09-19,1000000.00,3.530514,99.5625
08:00:30,91282CLL3,TSRYS5884563,D,S,T,2024-09-19,1000000.00,3.529817,99.564453125
08:00:30,91282CLL3,TSRYS5884563,D,S,T,2024-09-19,2000000.00,3.529817,99.564453125
08:00:30,91282CLL3,TSRYS5884563,D,S,T,2024-09-19,2000000.00,3.530514,99.5625
08:00:30,91282CLL3,TSRYS5884563,D,S,T,2024-09-19,1000000.00,3.524941,99.578125
08:00:30,91282CLL3,TSRYS5884563,D,S,T,2024-09-19,1000000.00,3.524941,99.578125
08:00:30,91282CLL3,TSRYS5884563,D,S,T,2024-09-19,1000000.00,3.524244,99.580078125
08:00:30,91282CLL3,TSRYS5884563,D,S,T,2024-09-19,1000000.00,3.520762,99.58984375
08:00:30,91282CLL3,TSRYS5884563,D,S,T,2024-09-19,1000000.00,3.520762,99.58984375
08:00:30,91282CLL3,TSRYS5884563,D,S,T,2024-09-19,1000000.00,3.522155,99.5859375
08:00:30,91282CLL3,TSRYS5884563,D,S,T,2024-09-19,1000000.00,3.522155,99.5859375
08:00:30,91282CLL3,TSRYS5884563,D,S,T,2024-09-19,1000000.00,3.522155,99.5859375
08:00:30,91282CLL3,TSRYS5884563,D,S,T,2024-09-19,1000000.00,3.522155,99.5859375
08:00:30,91282CLL3,TSRYS5884563,D,S,T,2024-09-19,1000000.00,3.522851,99.583984375
08:00:30,91282CLL3,TSRYS5884563,D,S,T,2024-09-19,1000000.00,3.522851,99.583984375
08:00:30,91282CLL3,TSRYS5884563,D,S,T,2024-09-19,1000000.00,3.522155,99.5859375
08:00:30,91282CLL3,TSRYS5884563,D,S,T,2024-09-19,1000000.00,3.522155,99.5859375
08:00:30,91282CLL3,TSRYS5884563,D,S,T,2024-09-19,1000000.00,3.522155,99.5859375
08:00:30,91282CLL3,TSRYS5884563,D,S,T,2024-09-19,1000000.00,3.522155,99.5859375
08:00:30,91282CLL3,TSRYS5884563,D,S,T,2024-09-19,2000000.00,3.523548,99.58203125
08:00:30,91282CLL3,TSRYS5884563,D,S,T,2024-09-19,2000000.00,3.523548,99.58203125
08:00:30,91282CLL3,TSRYS5884563,D,S,T,2024-09-19,1000000.00,3.523548,99.58203125
08:00:30,91282CLL3,TSRYS5884563,D,S,T,2024-09-19,1000000.00,3.523548,99.58203125
08:00:30,91282CLL3,TSRYS5884563,D,S,T,2024-09-19,2000000.00,3.523548,99.58203125
08:00:30,91282CLL3,TSRYS5884563,D,S,T,2024-09-19,1000000.00,3.522155,99.5859375
08:00:30,91282CLL3,TSRYS5884563,D,S,T,2024-09-19,1000000.00,3.523548,99.58203125
08:00:30,91282CLL3,TSRYS5884563,D,S,T,2024-09-19,1000000.00,3.523548,99.58203125
08:00:30,91282CLL3,TSRYS5884563,D,S,T,2024-09-19,1000000.00,3.523548,99.58203125
08:00:30,91282CLL3,TSRYS5884563,D,S,T,2024-09-19,2000000.00,3.523548,99.58203125
08:00:30,91282CLL3,TSRYS5884563,D,S,T,2024-09-19,1000000.00,3.523548,99.58203125
08:00:30,91282CLL3,TSRYS5884563,D,S,T,2024-09-19,1000000.00,3.523548,99.58203125
08:00:30,91282CLL3,TSRYS5884563,D,S,T,2024-09-19,2000000.00,3.527727,99.5703125
08:00:30,91282CLL3,TSRYS5884563,D,S,T,2024-09-19,2000000.00,3.529121,99.56640625
08:00:30,91282CLL3,TSRYS5884563,D,S,T,2024-09-19,1000000.00,3.530514,99.5625
08:00:30,91282CLL3,TSRYS5884563,D,S,T,2024-09-19,1000000.00,3.530514,99.5625
08:00:30,91282CLL3,TSRYS5884563,D,S,T,2024-09-19,1000000.00,3.529817,99.564453125
08:00:30,91282CLL3,TSRYS5884563,D,S,T,2024-09-19,1000000.00,3.530514,99.5625
08:00:30,91282CLL3,TSRYS5884563,D,S,T,2024-09-19,1000000.00,3.530514,99.5625
08:00:30,91282CLL3,TSRYS5884563,D,S,T,2024-09-19,1000000.00,3.530514,99.5625
08:00:30,91282CLL3,TSRYS5884563,D,S,T,2024-09-19,1000000.00,3.530514,99.5625
08:00:30,91282CLL3,TSRYS5884563,D,S,T,2024-09-19,1000000.00,3.526334,99.57421875
08:00:30,91282CLL3,TSRYS5884563,D,S,T,2024-09-19,1000000.00,3.526334,99.57421875
08:00:30,91282CLL3,TSRYS5884563,D,S,T,2024-09-19,1000000.00,3.527031,99.572265625
08:00:30,91282CLL3,TSRYS5884563,D,S,T,2024-09-19,1000000.00,3.527031,99.572265625
08:00:30,91282CLL3,TSRYS5884563,D,S,T,2024-09-19,1000000.00,3.527031,99.572265625
08:00:30,91282CLL3,TSRYS5884563,D,S,T,2024-09-19,2000000.00,3.527727,99.5703125
08:00:30,91282CLL3,TSRYS5884563,D,S,T,2024-09-19,1000000.00,3.522155,99.5859375
08:00:30,91282CLL3,TSRYS5884563,D,S,T,2024-09-19,2000000.00,3.522851,99.583984375
08:00:30,91282CLL3,TSRYS5884563,D,S,T,2024-09-19,2000000.00,3.522155,99.5859375
08:00:30,91282CLL3,TSRYS5884563,D,S,T,2024-09-19,1000000.00,3.522155,99.5859375
08:00:30,91282CLL3,TSRYS5884563,D,S,T,2024-09-19,1000000.00,3.522155,99.5859375
08:00:30,91282CLL3,TSRYS5884563,D,S,T,2024-09-19,2000000.00,3.522851,99.583984375
08:00:30,91282CLL3,TSRYS5884563,D,S,T,2024-09-19,5000000.00,3.524244,99.580078125
08:00:30,91282CLL3,TSRYS5884563,D,S,T,2024-09-19,1000000.00,3.524941,99.578125
08:00:30,91282CLL3,TSRYS5884563,D,S,T,2024-09-19,1000000.00,3.522851,99.583984375
08:00:30,91282CLL3,TSRYS5884563,D,S,T,2024-09-19,1000000.00,3.522851,99.583984375
08:00:30,91282CLL3,TSRYS5884563,D,S,T,2024-09-19,2000000.00,3.523548,99.58203125
08:00:30,91282CLL3,TSRYS5884563,D,S,T,2024-09-19,1000000.00,3.523548,99.58203125
08:00:30,91282CLL3,TSRYS5884563,D,S,T,2024-09-19,1000000.00,3.524941,99.578125
08:00:30,91282CLL3,TSRYS5884563,D,S,T,2024-09-19,1000000.00,3.524941,99.578125
08:00:30,91282CLL3,TSRYS5884563,D,S,T,2024-09-19,1000000.00,3.524941,99.578125
08:00:30,91282CLL3,TSRYS5884563,D,S,T,2024-09-19,1000000.00,3.526334,99.57421875
08:00:30,91282CLL3,TSRYS5884563,D,S,T,2024-09-19,1000000.00,3.525638,99.576171875
08:00:30,91282CLL3,TSRYS5884563,D,S,T,2024-09-19,1000000.00,3.526334,99.57421875
08:00:30,91282CLL3,TSRYS5884563,D,S,T,2024-09-19,1000000.00,3.527727,99.5703125
08:00:30,91282CLL3,TSRYS5884563,D,S,T,2024-09-19,2000000.00,3.527031,99.572265625
08:00:30,91282CLL3,TSRYS5884563,D,S,T,2024-09-19,1000000.00,3.526334,99.57421875
08:00:30,91282CLL3,TSRYS5884563,D,S,T,2024-09-19,3000000.00,3.526334,99.57421875
08:00:30,91282CLL3,TSRYS5884563,D,S,D,2024-09-19,1000000.00,3.525638,99.576171875
08:00:30,91282CLL3,TSRYS5884563,D,S,D,2024-09-19,1000000.00,3.525638,99.576171875
08:00:30,91282CLL3,TSRYS5884563,D,B,C,2024-09-19,1000000.00,3.525638,99.576171875
08:00:30,91282CLL3,TSRYS5884563,D,B,C,2024-09-19,1000000.00,3.525638,99.576171875
08:00:30,91282CLL3,TSRYS5884563,D,S,D,2024-09-19,1000000.00,3.525638,99.576171875
08:00:30,91282CLL3,TSRYS5884563,D,S,D,2024-09-19,1000000.00,3.525638,99.576171875
08:00:30,91282CLL3,TSRYS5884563,D,B,C,2024-09-19,1000000.00,3.525638,99.576171875
08:00:30,91282CLL3,TSRYS5884563,D,B,C,2024-09-19,1000000.00,3.525638,99.576171875
08:00:30,91282CLL3,TSRYS5884563,D,S,D,2024-09-19,1000000.00,3.525638,99.576171875
08:00:30,91282CLL3,TSRYS5884563,D,S,D,2024-09-19,1000000.00,3.526334,99.57421875
08:00:30,91282CLL3,TSRYS5884563,D,B,C,2024-09-19,1000000.00,3.526334,99.57421875
08:00:30,91282CLL3,TSRYS5884563,D,S,D,2024-09-19,1000000.00,3.526334,99.57421875
08:00:30,91282CLL3,TSRYS5884563,D,B,C,2024-09-19,1000000.00,3.526334,99.57421875
08:00:30,91282CLL3,TSRYS5884563,D,S,D,2024-09-19,1000000.00,3.526334,99.57421875
08:00:30,91282CLL3,TSRYS5884563,D,B,C,2024-09-19,1000000.00,3.526334,99.57421875
08:00:30,91282CLL3,TSRYS5884563,D,S,D,2024-09-19,1000000.00,3.526334,99.57421875
08:00:30,91282CLL3,TSRYS5884563,D,B,C,2024-09-19,1000000.00,3.526334,99.57421875
08:00:30,91282CLL3,TSRYS5884563,D,S,D,2024-09-19,1000000.00,3.526334,99.57421875
08:00:30,91282CLL3,TSRYS5884563,D,B,C,2024-09-19,1000000.00,3.526334,99.57421875
08:00:30,91282CLL3,TSRYS5884563,D,S,D,2024-09-19,1000000.00,3.526334,99.57421875
08:00:30,91282CLL3,TSRYS5884563,D,B,C,2024-09-19,1000000.00,3.526334,99.57421875
08:00:30,91282CLL3,TSRYS5884563,D,B,C,2024-09-19,1000000.00,3.526334,99.57421875
08:00:30,91282CLL3,TSRYS5884563,D,S,D,2024-09-19,1000000.00,3.526334,99.57421875
08:00:30,91282CLL3,TSRYS5884563,D,B,C,2024-09-19,1000000.00,3.526334,99.57421875
08:00:30,91282CLL3,TSRYS5884563,D,S,D,2024-09-19,1000000.00,3.526334,99.57421875
08:00:30,91282CLL3,TSRYS5884563,D,S,D,2024-09-19,1000000.00,3.526334,99.57421875
08:00:30,91282CLL3,TSRYS5884563,D,B,C,2024-09-19,1000000.00,3.526334,99.57421875
08:00:30,91282CLL3,TSRYS5884563,D,B,C,2024-09-19,1000000.00,3.526334,99.57421875
08:00:30,91282CLL3,TSRYS5884563,D,S,D,2024-09-19,1000000.00,3.526334,99.57421875
08:00:30,91282CLL3,TSRYS5884563,D,B,C,2024-09-19,1000000.00,3.526334,99.57421875
08:00:30,91282CLL3,TSRYS5884563,D,S,D,2024-09-19,1000000.00,3.526334,99.57421875
08:00:30,91282CLL3,TSRYS5884563,D,B,C,2024-09-19,1000000.00,3.526334,99.57421875
08:00:30,91282CLL3,TSRYS5884563,D,B,C,2024-09-19,1000000.00,3.526334,99.57421875
08:00:30,91282CLL3,TSRYS5884563,D,S,D,2024-09-19,1000000.00,3.526334,99.57421875
08:00:30,91282CLL3,TSRYS5884563,D,S,D,2024-09-19,2000000.00,3.527727,99.5703125
08:00:30,91282CLL3,TSRYS5884563,D,B,C,2024-09-19,2000000.00,3.527727,99.5703125
08:00:30,91282CLL3,TSRYS5884563,D,S,D,2024-09-19,1000000.00,3.529121,99.56640625
08:00:30,91282CLL3,TSRYS5884563,D,B,C,2024-09-19,1000000.00,3.529121,99.56640625
08:00:30,91282CLL3,TSRYS5884563,D,S,D,2024-09-19,1000000.00,3.529121,99.56640625
08:00:30,91282CLL3,TSRYS5884563,D,B,C,2024-09-19,3000000.00,3.529121,99.56640625
08:00:30,91282CLL3,TSRYS5884563,D,S,D,2024-09-19,3000000.00,3.529121,99.56640625
08:00:30,91282CLL3,TSRYS5884563,D,B,C,2024-09-19,1000000.00,3.529121,99.56640625
08:00:30,91282CLL3,TSRYS5884563,D,S,T,2024-09-19,1000000.00,3.517976,99.59765625
08:00:30,91282CLL3,TSRYS5884563,D,S,T,2024-09-19,1000000.00,3.517976,99.59765625
08:00:30,91282CLL3,TSRYS5884563,D,S,T,2024-09-19,1000000.00,3.517976,99.59765625
08:00:30,91282CLL3,TSRYS5884563,D,S,T,2024-09-19,1000000.00,3.515191,99.60546875
08:00:30,91282CLL3,TSRYS5884563,D,S,T,2024-09-19,1000000.00,3.513798,99.609375
08:00:30,91282CLL3,TSRYS5884563,D,S,T,2024-09-19,2000000.00,3.513102,99.611328125
08:00:30,91282CLL3,TSRYS5884563,D,S,T,2024-09-19,1000000.00,3.514494,99.607421875
08:00:30,91282CLL3,TSRYS5884563,D,S,T,2024-09-19,1000000.00,3.513798,99.609375
08:00:30,91282CLL3,TSRYS5884563,D,S,T,2024-09-19,2000000.00,3.513798,99.609375
08:00:30,91282CLL3,TSRYS5884563,D,S,T,2024-09-19,1000000.00,3.513798,99.609375
08:00:30,91282CLL3,TSRYS5884563,D,S,T,2024-09-19,1000000.00,3.513798,99.609375
08:00:30,91282CLL3,TSRYS5884563,D,S,T,2024-09-19,1000000.00,3.513798,99.609375
08:00:30,91282CLL3,TSRYS5884563,D,S,T,2024-09-19,1000000.00,3.513798,99.609375
08:00:30,91282CLL3,TSRYS5884563,D,S,T,2024-09-19,1000000.00,3.513798,99.609375
08:00:30,91282CLL3,TSRYS5884563,D,S,T,2024-09-19,1000000.00,3.513798,99.609375
08:00:30,91282CLL3,TSRYS5884563,D,S,T,2024-09-19,3000000.00,3.513798,99.609375
08:00:30,91282CLL3,TSRYS5884563,D,S,T,2024-09-19,1000000.00,3.513798,99.609375
08:00:30,91282CLL3,TSRYS5884563,D,S,T,2024-09-19,2000000.00,3.515191,99.60546875
08:00:30,91282CLL3,TSRYS5884563,D,S,T,2024-09-19,1000000.00,3.513798,99.609375
08:00:30,91282CLL3,TSRYS5884563,D,S,T,2024-09-19,2000000.00,3.513798,99.609375
08:00:30,91282CLL3,TSRYS5884563,D,S,T,2024-09-19,2000000.00,3.513798,99.609375
08:00:30,91282CLL3,TSRYS5884563,D,S,T,2024-09-19,1000000.00,3.513798,99.609375
08:00:30,91282CLL3,TSRYS5884563,D,S,T,2024-09-19,1000000.00,3.515191,99.60546875
08:00:30,91282CLL3,TSRYS5884563,D,S,T,2024-09-19,1000000.00,3.515887,99.603515625
08:00:30,91282CLL3,TSRYS5884563,D,S,T,2024-09-19,1000000.00,3.516584,99.6015625
08:00:30,91282CLL3,TSRYS5884563,D,S,T,2024-09-19,1000000.00,3.516584,99.6015625
08:00:30,91282CLL3,TSRYS5884563,D,S,T,2024-09-19,1000000.00,3.516584,99.6015625
08:00:30,91282CLL3,TSRYS5884563,D,S,T,2024-09-19,1000000.00,3.516584,99.6015625
08:00:30,91282CLL3,TSRYS5884563,D,S,T,2024-09-19,1000000.00,3.516584,99.6015625
08:00:30,91282CLL3,TSRYS5884563,D,S,T,2024-09-19,1000000.00,3.515191,99.60546875
08:00:30,91282CLL3,TSRYS5884563,D,S,T,2024-09-19,1000000.00,3.511709,99.615234375
08:00:30,91282CLL3,TSRYS5884563,D,S,T,2024-09-19,1000000.00,3.51728,99.599609375
08:00:30,91282CLL3,TSRYS5884563,D,S,T,2024-09-19,1000000.00,3.51728,99.599609375
08:00:31,91282CLL3,TSRYS5884563,D,S,T,2024-09-19,2000000.00,3.510317,99.619140625
08:00:31,91282CLL3,TSRYS5884563,D,S,T,2024-09-19,1000000.00,3.511013,99.6171875
08:00:31,91282CLL3,TSRYS5884563,D,S,T,2024-09-19,1000000.00,3.511013,99.6171875
08:00:31,91282CLL3,TSRYS5884563,D,S,T,2024-09-19,1000000.00,3.511013,99.6171875
08:00:31,91282CLL3,TSRYS5884563,D,S,T,2024-09-19,1000000.00,3.511013,99.6171875
08:00:31,91282CLL3,TSRYS5884563,D,S,T,2024-09-19,1000000.00,3.509621,99.62109375
08:00:31,91282CLL3,TSRYS5884563,D,S,T,2024-09-19,1000000.00,3.509621,99.62109375
08:00:31,91282CLL3,TSRYS5884563,D,S,T,2024-09-19,1000000.00,3.509621,99.62109375
08:00:31,91282CLL3,TSRYS5884563,D,S,T,2024-09-19,2000000.00,3.509621,99.62109375
08:00:31,91282CLL3,TSRYS5884563,D,S,T,2024-09-19,1000000.00,3.509621,99.62109375
08:00:31,91282CLL3,TSRYS5884563,D,S,T,2024-09-19,1000000.00,3.508228,99.625
08:00:31,91282CLL3,TSRYS5884563,D,S,T,2024-09-19,1000000.00,3.506836,99.62890625
08:00:31,91282CLL3,TSRYS5884563,D,S,T,2024-09-19,1000000.00,3.506836,99.62890625
08:00:31,91282CLL3,TSRYS5884563,D,S,T,2024-09-19,1000000.00,3.508228,99.625
08:00:31,91282CLL3,TSRYS5884563,D,S,T,2024-09-19,1000000.00,3.511013,99.6171875
08:00:31,91282CLL3,TSRYS5884563,D,S,T,2024-09-19,1000000.00,3.509621,99.62109375
08:00:31,91282CLL3,TSRYS5884563,D,S,T,2024-09-19,3000000.00,3.509621,99.62109375
08:00:31,91282CLL3,TSRYS5884563,D,S,T,2024-09-19,1000000.00,3.509621,99.62109375
08:00:31,91282CLL3,TSRYS5884563,D,S,T,2024-09-19,1000000.00,3.509621,99.62109375
08:00:31,91282CLL3,TSRYS5884563,D,S,T,2024-09-19,2000000.00,3.508228,99.625
08:00:31,91282CLL3,TSRYS5884563,D,S,T,2024-09-19,1000000.00,3.508228,99.625
08:00:31,91282CLL3,TSRYS5884563,D,S,T,2024-09-19,1000000.00,3.508228,99.625
08:00:31,91282CLL3,TSRYS5884563,D,S,T,2024-09-19,1000000.00,3.508228,99.625
08:00:31,91282CLL3,TSRYS5884563,D,S,T,2024-09-19,1000000.00,3.506836,99.62890625
08:00:31,91282CLL3,TSRYS5884563,D,S,T,2024-09-19,1000000.00,3.506836,99.62890625
08:00:31,91282CLL3,TSRYS5884563,D,S,T,2024-09-19,1000000.00,3.508228,99.625
08:00:31,91282CLL3,TSRYS5884563,D,S,T,2024-09-19,1000000.00,3.50614,99.630859375
08:00:31,91282CLL3,TSRYS5884563,D,S,T,2024-09-19,1000000.00,3.505444,99.6328125
08:00:31,91282CLL3,TSRYS5884563,D,S,T,2024-09-19,1000000.00,3.505444,99.6328125
08:00:31,91282CLL3,TSRYS5884563,D,S,T,2024-09-19,1000000.00,3.505444,99.6328125
08:00:31,91282CLL3,TSRYS5884563,D,S,T,2024-09-19,1000000.00,3.501268,99.64453125
08:00:31,91282CLL3,TSRYS5884563,D,S,T,2024-09-19,1000000.00,3.501268,99.64453125
08:00:31,91282CLL3,TSRYS5884563,D,S,T,2024-09-19,1000000.00,3.50266,99.640625
08:00:31,91282CLL3,TSRYS5884563,D,S,T,2024-09-19,1000000.00,3.501964,99.642578125
08:00:31,91282CLL3,TSRYS5884563,D,S,T,2024-09-19,6000000.00,3.50266,99.640625
08:00:31,91282CLL3,TSRYS5884563,D,S,T,2024-09-19,3000000.00,3.50266,99.640625
08:00:31,91282CLL3,TSRYS5884563,D,S,T,2024-09-19,1000000.00,3.50266,99.640625
08:00:31,91282CLL3,TSRYS5884563,D,S,T,2024-09-19,1000000.00,3.499876,99.6484375
08:00:31,91282CLL3,TSRYS5884563,D,S,T,2024-09-19,1000000.00,3.499876,99.6484375
08:00:31,91282CLL3,TSRYS5884563,D,S,T,2024-09-19,1000000.00,3.499876,99.6484375
08:00:31,91282CLL3,TSRYS5884563,D,S,T,2024-09-19,1000000.00,3.499876,99.6484375
08:00:31,91282CLL3,TSRYS5884563,D,S,T,2024-09-19,1000000.00,3.499876,99.6484375
08:00:31,91282CLL3,TSRYS5884563,D,S,T,2024-09-19,1000000.00,3.501268,99.64453125
08:00:31,91282CLL3,TSRYS5884563,D,S,T,2024-09-19,1000000.00,3.501268,99.64453125
08:00:31,91282CLL3,TSRYS5884563,D,S,T,2024-09-19,1000000.00,3.501268,99.64453125
08:00:31,91282CLL3,TSRYS5884563,D,S,T,2024-09-19,1000000.00,3.499876,99.6484375
08:00:31,91282CLL3,TSRYS5884563,D,S,T,2024-09-19,1000000.00,3.499876,99.6484375
08:00:31,91282CLL3,TSRYS5884563,D,S,T,2024-09-19,1000000.00,3.499876,99.6484375
08:00:31,91282CLL3,TSRYS5884563,D,S,T,2024-09-19,1000000.00,3.499876,99.6484375
08:00:31,91282CLL3,TSRYS5884563,D,S,T,2024-09-19,1000000.00,3.498484,99.65234375
08:00:31,91282CLL3,TSRYS5884563,D,S,T,2024-09-19,1000000.00,3.497092,99.65625
08:00:31,91282CLL3,TSRYS5884563,D,S,T,2024-09-19,1000000.00,3.4957,99.66015625
08:00:31,91282CLL3,TSRYS5884563,D,S,T,2024-09-19,1000000.00,3.4957,99.66015625
08:00:31,91282CLL3,TSRYS5884563,D,S,T,2024-09-19,1000000.00,3.4957,99.66015625
08:00:31,91282CLL3,TSRYS5884563,D,S,T,2024-09-19,1000000.00,3.491525,99.671875
08:00:31,91282CLL3,TSRYS5884563,D,S,T,2024-09-19,1000000.00,3.491525,99.671875
08:00:31,91282CLL3,TSRYS5884563,D,S,T,2024-09-19,2000000.00,3.491525,99.671875
08:00:31,91282CLL3,TSRYS5884563,D,S,T,2024-09-19,2000000.00,3.490134,99.67578125
08:00:31,91282CLL3,TSRYS5884563,D,S,T,2024-09-19,1000000.00,3.491525,99.671875
08:00:31,91282CLL3,TSRYS5884563,D,S,T,2024-09-19,1000000.00,3.491525,99.671875
08:00:31,91282CLL3,TSRYS5884563,D,S,T,2024-09-19,1000000.00,3.494308,99.6640625
08:00:31,91282CLL3,TSRYS5884563,D,S,T,2024-09-19,1000000.00,3.4957,99.66015625
08:00:31,91282CLL3,TSRYS5884563,D,S,T,2024-09-19,1000000.00,3.4957,99.66015625
08:00:31,91282CLL3,TSRYS5884563,D,S,T,2024-09-19,1000000.00,3.4957,99.66015625
08:00:31,91282CLL3,TSRYS5884563,D,S,T,2024-09-19,1000000.00,3.494308,99.6640625
08:00:31,91282CLL3,TSRYS5884563,D,S,T,2024-09-19,1000000.00,3.4957,99.66015625
08:00:31,91282CLL3,TSRYS5884563,D,S,T,2024-09-19,1000000.00,3.4957,99.66015625
08:00:31,91282CLL3,TSRYS5884563,D,S,T,2024-09-19,1000000.00,3.497092,99.65625
08:00:31,91282CLL3,TSRYS5884563,D,S,T,2024-09-19,1000000.00,3.497092,99.65625
08:00:31,91282CLL3,TSRYS5884563,D,S,T,2024-09-19,1000000.00,3.497092,99.65625
08:00:31,91282CLL3,TSRYS5884563,D,S,T,2024-09-19,1000000.00,3.497092,99.65625
08:00:31,91282CLL3,TSRYS5884563,D,S,T,2024-09-19,1000000.00,3.50266,99.640625
08:00:31,91282CLL3,TSRYS5884563,D,S,T,2024-09-19,1000000.00,3.50266,99.640625
08:00:31,91282CLL3,TSRYS5884563,D,S,T,2024-09-19,1000000.00,3.499876,99.6484375
08:00:31,91282CLL3,TSRYS5884563,D,S,T,2024-09-19,1000000.00,3.500572,99.646484375
08:00:31,91282CLL3,TSRYS5884563,D,S,T,2024-09-19,1000000.00,3.500572,99.646484375
08:00:31,91282CLL3,TSRYS5884563,D,S,T,2024-09-19,1000000.00,3.500572,99.646484375
08:00:31,91282CLL3,TSRYS5884563,D,S,T,2024-09-19,1000000.00,3.501268,99.64453125
08:00:31,91282CLL3,TSRYS5884563,D,S,T,2024-09-19,1000000.00,3.4957,99.66015625
08:00:31,91282CLL3,TSRYS5884563,D,S,T,2024-09-19,1000000.00,3.4957,99.66015625
08:00:31,91282CLL3,TSRYS5884563,D,S,T,2024-09-19,1000000.00,3.4957,99.66015625
08:00:31,91282CLL3,TSRYS5884563,D,S,T,2024-09-19,1000000.00,3.492917,99.66796875
08:00:31,91282CLL3,TSRYS5884563,D,S,T,2024-09-19,1000000.00,3.492917,99.66796875
08:00:31,91282CLL3,TSRYS5884563,D,S,T,2024-09-19,1000000.00,3.491525,99.671875
08:00:31,91282CLL3,TSRYS5884563,D,S,T,2024-09-19,1000000.00,3.489438,99.677734375
08:00:31,91282CLL3,TSRYS5884563,D,S,T,2024-09-19,1000000.00,3.488742,99.6796875
08:00:31,91282CLL3,TSRYS5884563,D,S,T,2024-09-19,1000000.00,3.488742,99.6796875
08:00:31,91282CLL3,TSRYS5884563,D,S,T,2024-09-19,2000000.00,3.487351,99.68359375
08:00:31,91282CLL3,TSRYS5884563,D,S,T,2024-09-19,1000000.00,3.485959,99.6875
08:00:31,91282CLL3,TSRYS5884563,D,S,T,2024-09-19,2000000.00,3.486655,99.685546875
08:00:31,91282CLL3,TSRYS5884563,D,S,T,2024-09-19,2000000.00,3.487351,99.68359375
08:00:31,91282CLL3,TSRYS5884563,D,S,T,2024-09-19,2000000.00,3.486655,99.685546875
08:00:31,91282CLL3,TSRYS5884563,D,S,T,2024-09-19,2000000.00,3.485959,99.6875
08:00:31,91282CLL3,TSRYS5884563,D,S,T,2024-09-19,1000000.00,3.485959,99.6875
08:00:31,91282CLL3,TSRYS5884563,D,S,T,2024-09-19,1000000.00,3.485959,99.6875
08:00:31,91282CLL3,TSRYS5884563,D,S,T,2024-09-19,1000000.00,3.484568,99.69140625
08:00:31,91282CLL3,TSRYS5884563,D,S,T,2024-09-19,1000000.00,3.484568,99.69140625
08:00:31,91282CLL3,TSRYS5884563,D,S,T,2024-09-19,1000000.00,3.484568,99.69140625
08:00:31,91282CLL3,TSRYS5884563,D,S,T,2024-09-19,1000000.00,3.484568,99.69140625
08:00:31,91282CLL3,TSRYS5884563,D,S,T,2024-09-19,1000000.00,3.484568,99.69140625
08:00:31,91282CLL3,TSRYS5884563,D,S,T,2024-09-19,1000000.00,3.484568,99.69140625
08:00:31,91282CLL3,TSRYS5884563,D,S,T,2024-09-19,1000000.00,3.484568,99.69140625
08:00:31,91282CLL3,TSRYS5884563,D,S,T,2024-09-19,1000000.00,3.484568,99.69140625
08:00:31,91282CLL3,TSRYS5884563,D,S,T,2024-09-19,1000000.00,3.484568,99.69140625
08:00:31,91282CLL3,TSRYS5884563,D,S,T,2024-09-19,1000000.00,3.484568,99.69140625
08:00:31,91282CLL3,TSRYS5884563,D,S,T,2024-09-19,1000000.00,3.484568,99.69140625
08:00:31,91282CLL3,TSRYS5884563,D,S,T,2024-09-19,1000000.00,3.484568,99.69140625
08:00:31,91282CLL3,TSRYS5884563,D,S,T,2024-09-19,1000000.00,3.484568,99.69140625
08:00:31,91282CLL3,TSRYS5884563,D,S,T,2024-09-19,1000000.00,3.484568,99.69140625
08:00:31,91282CLL3,TSRYS5884563,D,S,T,2024-09-19,1000000.00,3.484568,99.69140625
08:00:31,91282CLL3,TSRYS5884563,D,S,T,2024-09-19,1000000.00,3.485959,99.6875
08:00:31,91282CLL3,TSRYS5884563,D,S,T,2024-09-19,2000000.00,3.485959,99.6875
08:00:31,91282CLL3,TSRYS5884563,D,S,T,2024-09-19,1000000.00,3.485959,99.6875
08:00:31,91282CLL3,TSRYS5884563,D,S,T,2024-09-19,2000000.00,3.485959,99.6875
08:00:31,91282CLL3,TSRYS5884563,D,S,T,2024-09-19,2000000.00,3.484568,99.69140625
08:00:31,91282CLL3,TSRYS5884563,D,S,T,2024-09-19,1000000.00,3.484568,99.69140625
08:00:31,91282CLL3,TSRYS5884563,D,S,T,2024-09-19,1000000.00,3.484568,99.69140625
08:00:31,91282CLL3,TSRYS5884563,D,S,T,2024-09-19,1000000.00,3.484568,99.69140625
08:00:31,91282CLL3,TSRYS5884563,D,S,T,2024-09-19,1000000.00,3.484568,99.69140625
08:00:31,91282CLL3,TSRYS5884563,D,S,T,2024-09-19,1000000.00,3.484568,99.69140625
08:00:31,91282CLL3,TSRYS5884563,D,S,T,2024-09-19,1000000.00,3.484568,99.69140625
08:00:31,91282CLL3,TSRYS5884563,D,S,T,2024-09-19,2000000.00,3.481786,99.69921875
08:00:31,91282CLL3,TSRYS5884563,D,S,T,2024-09-19,1000000.00,3.480395,99.703125
08:00:31,91282CLL3,TSRYS5884563,D,S,T,2024-09-19,2000000.00,3.481786,99.69921875
08:00:31,91282CLL3,TSRYS5884563,D,S,T,2024-09-19,1000000.00,3.481786,99.69921875
08:00:31,91282CLL3,TSRYS5884563,D,S,T,2024-09-19,1000000.00,3.481786,99.69921875
08:00:31,91282CLL3,TSRYS5884563,D,S,T,2024-09-19,1000000.00,3.481786,99.69921875
08:00:31,91282CLL3,TSRYS5884563,D,S,T,2024-09-19,1000000.00,3.481786,99.69921875
08:00:31,91282CLL3,TSRYS5884563,D,S,T,2024-09-19,1000000.00,3.481786,99.69921875
08:00:31,91282CLL3,TSRYS5884563,D,S,T,2024-09-19,1000000.00,3.481786,99.69921875
08:00:31,91282CLL3,TSRYS5884563,D,S,T,2024-09-19,1000000.00,3.481786,99.69921875
08:00:31,91282CLL3,TSRYS5884563,D,S,T,2024-09-19,1000000.00,3.481786,99.69921875
08:00:31,91282CLL3,TSRYS5884563,D,S,T,2024-09-19,1000000.00,3.481786,99.69921875
08:00:31,91282CLL3,TSRYS5884563,D,S,T,2024-09-19,1000000.00,3.481786,99.69921875
08:00:31,91282CLL3,TSRYS5884563,D,S,T,2024-09-19,1000000.00,3.481786,99.69921875
08:00:31,91282CLL3,TSRYS5884563,D,S,T,2024-09-19,1000000.00,3.481786,99.69921875
08:00:31,91282CLL3,TSRYS5884563,D,S,T,2024-09-19,1000000.00,3.481786,99.69921875
08:00:31,91282CLL3,TSRYS5884563,D,S,T,2024-09-19,1000000.00,3.481786,99.69921875
08:00:31,91282CLL3,TSRYS5884563,D,S,T,2024-09-19,1000000.00,3.481786,99.69921875
08:00:31,91282CLL3,TSRYS5884563,D,S,T,2024-09-19,1000000.00,3.481786,99.69921875
08:00:31,91282CLL3,TSRYS5884563,D,S,T,2024-09-19,1000000.00,3.481786,99.69921875
08:00:31,91282CLL3,TSRYS5884563,D,S,T,2024-09-19,1000000.00,3.481786,99.69921875
08:00:31,91282CLL3,TSRYS5884563,D,S,T,2024-09-19,1000000.00,3.481786,99.69921875
08:00:31,91282CLL3,TSRYS5884563,D,S,T,2024-09-19,1000000.00,3.481786,99.69921875
08:00:31,91282CLL3,TSRYS5884563,D,S,T,2024-09-19,1000000.00,3.481786,99.69921875
08:00:31,91282CLL3,TSRYS5884563,D,S,T,2024-09-19,1000000.00,3.481786,99.69921875
08:00:31,91282CLL3,TSRYS5884563,D,S,T,2024-09-19,1000000.00,3.481786,99.69921875
08:00:31,91282CLL3,TSRYS5884563,D,S,T,2024-09-19,1000000.00,3.481786,99.69921875
08:00:31,91282CLL3,TSRYS5884563,D,S,T,2024-09-19,1000000.00,3.481786,99.69921875
08:00:31,91282CLL3,TSRYS5884563,D,S,T,2024-09-19,1000000.00,3.481786,99.69921875
08:00:31,91282CLL3,TSRYS5884563,D,S,T,2024-09-19,1000000.00,3.481786,99.69921875
08:00:31,91282CLL3,TSRYS5884563,D,S,T,2024-09-19,1000000.00,3.481786,99.69921875
08:00:31,91282CLL3,TSRYS5884563,D,S,T,2024-09-19,1000000.00,3.481786,99.69921875
08:00:31,91282CLL3,TSRYS5884563,D,S,T,2024-09-19,1000000.00,3.481786,99.69921875
08:00:31,91282CLL3,TSRYS5884563,D,S,T,2024-09-19,1000000.00,3.481786,99.69921875
08:00:31,91282CLL3,TSRYS5884563,D,S,T,2024-09-19,1000000.00,3.481786,99.69921875
08:00:31,91282CLL3,TSRYS5884563,D,S,T,2024-09-19,2000000.00,3.481786,99.69921875
08:00:31,91282CLL3,TSRYS5884563,D,S,T,2024-09-19,1000000.00,3.481786,99.69921875
08:00:31,91282CLL3,TSRYS5884563,D,S,T,2024-09-19,6000000.00,3.481786,99.69921875
08:00:31,91282CLL3,TSRYS5884563,D,S,T,2024-09-19,6000000.00,3.481786,99.69921875
08:00:31,91282CLL3,TSRYS5884563,D,S,T,2024-09-19,1000000.00,3.481786,99.69921875
08:00:31,91282CLL3,TSRYS5884563,D,S,T,2024-09-19,1000000.00,3.483177,99.6953125
08:00:31,91282CLL3,TSRYS5884563,D,S,T,2024-09-19,1000000.00,3.483177,99.6953125
08:00:31,91282CLL3,TSRYS5884563,D,S,T,2024-09-19,1000000.00,3.483177,99.6953125
08:00:31,91282CLL3,TSRYS5884563,D,S,T,2024-09-19,1000000.00,3.483177,99.6953125
08:00:31,91282CLL3,TSRYS5884563,D,S,T,2024-09-19,1000000.00,3.484568,99.69140625
08:00:31,91282CLL3,TSRYS5884563,D,S,T,2024-09-19,1000000.00,3.484568,99.69140625
08:00:31,91282CLL3,TSRYS5884563,D,S,T,2024-09-19,1000000.00,3.483177,99.6953125
08:00:31,91282CLL3,TSRYS5884563,D,S,T,2024-09-19,1000000.00,3.483177,99.6953125
08:00:31,91282CLL3,TSRYS5884563,D,S,T,2024-09-19,2000000.00,3.483177,99.6953125
08:00:31,91282CLL3,TSRYS5884563,D,S,T,2024-09-19,1000000.00,3.483177,99.6953125
08:00:31,91282CLL3,TSRYS5884563,D,S,T,2024-09-19,1000000.00,3.483177,99.6953125
08:00:31,91282CLL3,TSRYS5884563,D,S,T,2024-09-19,1000000.00,3.483177,99.6953125
08:00:31,91282CLL3,TSRYS5884563,D,S,T,2024-09-19,1000000.00,3.483177,99.6953125
08:00:31,91282CLL3,TSRYS5884563,D,S,T,2024-09-19,1000000.00,3.483177,99.6953125
08:00:31,91282CLL3,TSRYS5884563,D,S,T,2024-09-19,1000000.00,3.483177,99.6953125
08:00:31,91282CLL3,TSRYS5884563,D,S,T,2024-09-19,1000000.00,3.480395,99.703125
08:00:31,91282CLL3,TSRYS5884563,D,S,T,2024-09-19,1000000.00,3.478308,99.708984375
08:00:31,91282CLL3,TSRYS5884563,D,S,T,2024-09-19,1000000.00,3.477613,99.7109375
08:00:31,91282CLL3,TSRYS5884563,D,S,T,2024-09-19,1000000.00,3.477613,99.7109375
08:00:31,91282CLL3,TSRYS5884563,D,S,T,2024-09-19,1000000.00,3.478308,99.708984375
08:00:31,91282CLL3,TSRYS5884563,D,S,T,2024-09-19,1000000.00,3.477613,99.7109375
08:00:31,91282CLL3,TSRYS5884563,D,S,T,2024-09-19,4000000.00,3.477613,99.7109375
08:00:31,91282CLL3,TSRYS5884563,D,S,T,2024-09-19,1000000.00,3.477613,99.7109375
08:00:31,91282CLL3,TSRYS5884563,D,S,T,2024-09-19,1000000.00,3.477613,99.7109375
08:00:31,91282CLL3,TSRYS5884563,D,S,T,2024-09-19,1000000.00,3.477613,99.7109375
08:00:31,91282CLL3,TSRYS5884563,D,S,T,2024-09-19,1000000.00,3.477613,99.7109375
08:00:31,91282CLL3,TSRYS5884563,D,S,T,2024-09-19,1000000.00,3.476222,99.71484375
08:00:31,91282CLL3,TSRYS5884563,D,S,T,2024-09-19,1000000.00,3.477613,99.7109375
08:00:31,91282CLL3,TSRYS5884563,D,S,T,2024-09-19,1000000.00,3.477613,99.7109375
08:00:31,91282CLL3,TSRYS5884563,D,S,T,2024-09-19,2000000.00,3.479004,99.70703125
08:00:31,91282CLL3,TSRYS5884563,D,S,T,2024-09-19,2000000.00,3.479004,99.70703125
08:00:31,91282CLL3,TSRYS5884563,D,S,T,2024-09-19,1000000.00,3.477613,99.7109375
08:00:31,91282CLL3,TSRYS5884563,D,S,T,2024-09-19,1000000.00,3.476222,99.71484375
08:00:31,91282CLL3,TSRYS5884563,D,S,T,2024-09-19,2000000.00,3.476222,99.71484375
08:00:31,91282CLL3,TSRYS5884563,D,S,T,2024-09-19,1000000.00,3.476222,99.71484375
08:00:31,91282CLL3,TSRYS5884563,D,S,T,2024-09-19,1000000.00,3.476222,99.71484375
08:00:31,91282CLL3,TSRYS5884563,D,S,T,2024-09-19,1000000.00,3.476222,99.71484375
08:00:31,91282CLL3,TSRYS5884563,D,S,T,2024-09-19,1000000.00,3.473441,99.72265625
08:00:31,91282CLL3,TSRYS5884563,D,S,T,2024-09-19,1000000.00,3.473441,99.72265625
08:00:31,91282CLL3,TSRYS5884563,D,S,T,2024-09-19,1000000.00,3.473441,99.72265625
08:00:31,91282CLL3,TSRYS5884563,D,S,T,2024-09-19,1000000.00,3.474136,99.720703125
08:00:31,91282CLL3,TSRYS5884563,D,S,T,2024-09-19,1000000.00,3.474136,99.720703125
08:00:31,91282CLL3,TSRYS5884563,D,S,T,2024-09-19,2000000.00,3.473441,99.72265625
08:00:31,91282CLL3,TSRYS5884563,D,S,T,2024-09-19,1000000.00,3.473441,99.72265625
08:00:31,91282CLL3,TSRYS5884563,D,S,T,2024-09-19,1000000.00,3.47205,99.7265625
08:00:31,91282CLL3,TSRYS5884563,D,S,T,2024-09-19,1000000.00,3.481786,99.69921875
08:00:31,91282CLL3,TSRYS5884563,D,S,T,2024-09-19,1000000.00,3.469964,99.732421875
08:00:31,91282CLL3,TSRYS5884563,D,S,T,2024-09-19,2000000.00,3.470659,99.73046875
08:00:31,91282CLL3,TSRYS5884563,D,S,T,2024-09-19,2000000.00,3.470659,99.73046875
08:00:31,91282CLL3,TSRYS5884563,D,S,T,2024-09-19,2000000.00,3.470659,99.73046875
08:00:31,91282CLL3,TSRYS5884563,D,S,T,2024-09-19,1000000.00,3.470659,99.73046875
08:00:31,91282CLL3,TSRYS5884563,D,S,T,2024-09-19,1000000.00,3.47205,99.7265625
08:00:31,91282CLL3,TSRYS5884563,D,S,T,2024-09-19,2000000.00,3.471355,99.728515625
08:00:31,91282CLL3,TSRYS5884563,D,S,T,2024-09-19,1000000.00,3.470659,99.73046875
08:00:31,91282CLL3,TSRYS5884563,D,S,T,2024-09-19,1000000.00,3.473441,99.72265625
08:00:31,91282CLL3,TSRYS5884563,D,S,T,2024-09-19,1000000.00,3.473441,99.72265625
08:00:31,91282CLL3,TSRYS5884563,D,S,T,2024-09-19,1000000.00,3.473441,99.72265625
08:00:31,91282CLL3,TSRYS5884563,D,S,T,2024-09-19,1000000.00,3.473441,99.72265625
08:00:31,91282CLL3,TSRYS5884563,D,S,T,2024-09-19,1000000.00,3.473441,99.72265625
08:00:31,91282CLL3,TSRYS5884563,D,S,T,2024-09-19,1000000.00,3.474831,99.71875
08:00:31,91282CLL3,TSRYS5884563,D,S,T,2024-09-19,1000000.00,3.474831,99.71875
08:00:31,91282CLL3,TSRYS5884563,D,S,T,2024-09-19,1000000.00,3.474831,99.71875
08:00:31,91282CLL3,TSRYS5884563,D,S,T,2024-09-19,1000000.00,3.474831,99.71875
08:00:31,91282CLL3,TSRYS5884563,D,S,T,2024-09-19,1000000.00,3.474831,99.71875
08:00:31,91282CLL3,TSRYS5884563,D,S,T,2024-09-19,1000000.00,3.474831,99.71875
08:00:31,91282CLL3,TSRYS5884563,D,S,T,2024-09-19,1000000.00,3.476222,99.71484375
08:00:31,91282CLL3,TSRYS5884563,D,B,C,2024-09-19,2000000.00,3.529121,99.56640625
08:00:31,91282CLL3,TSRYS5884563,D,S,D,2024-09-19,2000000.00,3.529121,99.56640625
08:00:31,91282CLL3,TSRYS5884563,D,B,C,2024-09-19,2000000.00,3.529121,99.56640625
08:00:31,91282CLL3,TSRYS5884563,D,S,D,2024-09-19,2000000.00,3.529121,99.56640625
08:00:31,91282CLL3,TSRYS5884563,D,B,C,2024-09-19,1000000.00,3.529121,99.56640625
08:00:31,91282CLL3,TSRYS5884563,D,S,D,2024-09-19,1000000.00,3.529121,99.56640625
08:00:31,91282CLL3,TSRYS5884563,D,S,D,2024-09-19,1000000.00,3.529121,99.56640625
08:00:31,91282CLL3,TSRYS5884563,D,B,C,2024-09-19,2000000.00,3.529121,99.56640625
08:00:31,91282CLL3,TSRYS5884563,D,S,D,2024-09-19,2000000.00,3.529121,99.56640625
08:00:31,91282CLL3,TSRYS5884563,D,B,C,2024-09-19,5000000.00,3.529121,99.56640625
08:00:31,91282CLL3,TSRYS5884563,D,S,D,2024-09-19,5000000.00,3.529121,99.56640625
08:00:31,91282CLL3,TSRYS5884563,D,B,C,2024-09-19,1000000.00,3.529121,99.56640625
08:00:31,91282CLL3,TSRYS5884563,D,S,D,2024-09-19,1000000.00,3.529121,99.56640625
08:00:31,91282CLL3,TSRYS5884563,D,S,D,2024-09-19,1000000.00,3.529121,99.56640625
08:00:31,91282CLL3,TSRYS5884563,D,B,C,2024-09-19,1000000.00,3.529121,99.56640625
08:00:31,91282CLL3,TSRYS5884563,D,S,D,2024-09-19,1000000.00,3.529121,99.56640625
08:00:31,91282CLL3,TSRYS5884563,D,B,C,2024-09-19,1000000.00,3.529121,99.56640625
08:00:31,91282CLL3,TSRYS5884563,D,S,T,2024-09-19,2000000.00,3.474831,99.71875
08:00:31,91282CLL3,TSRYS5884563,D,S,T,2024-09-19,1000000.00,3.474831,99.71875
08:00:31,91282CLL3,TSRYS5884563,D,S,T,2024-09-19,1000000.00,3.474831,99.71875
08:00:31,91282CLL3,TSRYS5884563,D,S,T,2024-09-19,1000000.00,3.473441,99.72265625
08:00:31,91282CLL3,TSRYS5884563,D,S,T,2024-09-19,1000000.00,3.47205,99.7265625
08:00:31,91282CLL3,TSRYS5884563,D,S,T,2024-09-19,1000000.00,3.471355,99.728515625
08:00:31,91282CLL3,TSRYS5884563,D,S,T,2024-09-19,1000000.00,3.470659,99.73046875
08:00:31,91282CLL3,TSRYS5884563,D,S,T,2024-09-19,1000000.00,3.469269,99.734375
08:00:31,91282CLL3,TSRYS5884563,D,S,T,2024-09-19,1000000.00,3.469269,99.734375
08:00:31,91282CLL3,TSRYS5884563,D,S,T,2024-09-19,1000000.00,3.467878,99.73828125
08:00:31,91282CLL3,TSRYS5884563,D,S,T,2024-09-19,1000000.00,3.466488,99.7421875
08:00:31,91282CLL3,TSRYS5884563,D,S,T,2024-09-19,1000000.00,3.466488,99.7421875
08:00:31,91282CLL3,TSRYS5884563,D,S,T,2024-09-19,1000000.00,3.466488,99.7421875
08:00:31,91282CLL3,TSRYS5884563,D,S,T,2024-09-19,1000000.00,3.466488,99.7421875
08:00:31,91282CLL3,TSRYS5884563,D,S,T,2024-09-19,1000000.00,3.466488,99.7421875
08:00:31,91282CLL3,TSRYS5884563,D,S,T,2024-09-19,1000000.00,3.468574,99.736328125
08:00:31,91282CLL3,TSRYS5884563,D,S,T,2024-09-19,1000000.00,3.467878,99.73828125
08:00:31,91282CLL3,TSRYS5884563,D,S,T,2024-09-19,1000000.00,3.467878,99.73828125
08:00:31,91282CLL3,TSRYS5884563,D,S,T,2024-09-19,1000000.00,3.467878,99.73828125
08:00:31,91282CLL3,TSRYS5884563,D,S,T,2024-09-19,1000000.00,3.466488,99.7421875
08:00:31,91282CLL3,TSRYS5884563,D,S,T,2024-09-19,1000000.00,3.466488,99.7421875
08:00:31,91282CLL3,TSRYS5884563,D,S,T,2024-09-19,1000000.00,3.467878,99.73828125
08:00:31,91282CLL3,TSRYS5884563,D,S,T,2024-09-19,1000000.00,3.467878,99.73828125
08:00:31,91282CLL3,TSRYS5884563,D,S,T,2024-09-19,2000000.00,3.467878,99.73828125
08:00:31,91282CLL3,TSRYS5884563,D,S,T,2024-09-19,1000000.00,3.467183,99.740234375
08:00:31,91282CLL3,TSRYS5884563,D,S,T,2024-09-19,1000000.00,3.466488,99.7421875
08:00:31,91282CLL3,TSRYS5884563,D,S,T,2024-09-19,1000000.00,3.466488,99.7421875
08:00:31,91282CLL3,TSRYS5884563,D,S,T,2024-09-19,1000000.00,3.467878,99.73828125
08:00:31,91282CLL3,TSRYS5884563,D,S,T,2024-09-19,1000000.00,3.469269,99.734375
08:00:31,91282CLL3,TSRYS5884563,D,S,T,2024-09-19,1000000.00,3.47205,99.7265625
08:00:31,91282CLL3,TSRYS5884563,D,S,T,2024-09-19,1000000.00,3.47205,99.7265625
08:00:31,91282CLL3,TSRYS5884563,D,S,T,2024-09-19,1000000.00,3.47205,99.7265625
08:00:31,91282CLL3,TSRYS5884563,D,S,T,2024-09-19,1000000.00,3.47205,99.7265625
08:00:31,91282CLL3,TSRYS5884563,D,S,T,2024-09-19,1000000.00,3.472745,99.724609375
08:00:31,91282CLL3,TSRYS5884563,D,S,T,2024-09-19,1000000.00,3.472745,99.724609375
08:00:31,91282CLL3,TSRYS5884563,D,S,T,2024-09-19,1000000.00,3.47205,99.7265625
08:00:31,91282CLL3,TSRYS5884563,D,S,T,2024-09-19,1000000.00,3.47205,99.7265625
08:00:31,91282CLL3,TSRYS5884563,D,S,T,2024-09-19,1000000.00,3.47205,99.7265625
08:00:31,91282CLL3,TSRYS5884563,D,S,T,2024-09-19,1000000.00,3.47205,99.7265625
08:00:31,91282CLL3,TSRYS5884563,D,S,T,2024-09-19,1000000.00,3.47205,99.7265625
08:00:31,91282CLL3,TSRYS5884563,D,S,T,2024-09-19,2000000.00,3.47205,99.7265625
08:00:31,91282CLL3,TSRYS5884563,D,S,T,2024-09-19,2000000.00,3.47205,99.7265625
08:00:31,91282CLL3,TSRYS5884563,D,S,T,2024-09-19,1000000.00,3.47205,99.7265625
08:00:31,91282CLL3,TSRYS5884563,D,S,T,2024-09-19,1000000.00,3.47205,99.7265625
08:00:31,91282CLL3,TSRYS5884563,D,S,D,2024-09-19,1000000.00,3.47205,99.7265625
08:00:31,91282CLL3,TSRYS5884563,D,S,T,2024-09-19,1000000.00,3.47205,99.7265625
08:00:31,91282CLL3,TSRYS5884563,D,S,T,2024-09-19,1000000.00,3.471355,99.728515625
08:00:31,91282CLL3,TSRYS5884563,D,S,T,2024-09-19,1000000.00,3.47205,99.7265625
08:00:31,91282CLL3,TSRYS5884563,D,S,T,2024-09-19,1000000.00,3.47205,99.7265625
08:00:31,91282CLL3,TSRYS5884563,D,S,T,2024-09-19,3000000.00,3.473441,99.72265625
08:00:31,91282CLL3,TSRYS5884563,D,S,T,2024-09-19,1000000.00,3.473441,99.72265625
08:00:31,91282CLL3,TSRYS5884563,D,S,T,2024-09-19,1000000.00,3.473441,99.72265625
08:00:31,91282CLL3,TSRYS5884563,D,S,T,2024-09-19,2000000.00,3.473441,99.72265625
08:00:31,91282CLL3,TSRYS5884563,D,S,T,2024-09-19,1000000.00,3.473441,99.72265625
08:00:31,91282CLL3,TSRYS5884563,D,S,T,2024-09-19,2000000.00,3.474831,99.71875
08:00:31,91282CLL3,TSRYS5884563,D,S,T,2024-09-19,1000000.00,3.47205,99.7265625
08:00:31,91282CLL3,TSRYS5884563,D,S,T,2024-09-19,1000000.00,3.47205,99.7265625
08:00:31,91282CLL3,TSRYS5884563,D,S,T,2024-09-19,1000000.00,3.47205,99.7265625
08:00:31,91282CLL3,TSRYS5884563,D,S,T,2024-09-19,1000000.00,3.47205,99.7265625
08:00:31,91282CLL3,TSRYS5884563,D,S,T,2024-09-19,2000000.00,3.470659,99.73046875
08:00:31,91282CLL3,TSRYS5884563,D,S,T,2024-09-19,1000000.00,3.470659,99.73046875
08:00:31,91282CLL3,TSRYS5884563,D,S,T,2024-09-19,1000000.00,3.470659,99.73046875
08:00:32,91282CLL3,TSRYS5884563,D,S,T,2024-09-19,1000000.00,3.467878,99.73828125
08:00:32,91282CLL3,TSRYS5884563,D,S,T,2024-09-19,1000000.00,3.467878,99.73828125
08:00:32,91282CLL3,TSRYS5884563,D,S,T,2024-09-19,1000000.00,3.467878,99.73828125
08:00:32,91282CLL3,TSRYS5884563,D,S,T,2024-09-19,1000000.00,3.467878,99.73828125
08:00:32,91282CLL3,TSRYS5884563,D,S,T,2024-09-19,1000000.00,3.467878,99.73828125
08:00:32,91282CLL3,TSRYS5884563,D,S,T,2024-09-19,1000000.00,3.467878,99.73828125
08:00:32,91282CLL3,TSRYS5884563,D,S,T,2024-09-19,1000000.00,3.467878,99.73828125
08:00:32,91282CLL3,TSRYS5884563,D,S,T,2024-09-19,1000000.00,3.467878,99.73828125
08:00:32,91282CLL3,TSRYS5884563,D,S,T,2024-09-19,1000000.00,3.467878,99.73828125
08:00:32,91282CLL3,TSRYS5884563,D,S,T,2024-09-19,1000000.00,3.467878,99.73828125
08:00:32,91282CLL3,TSRYS5884563,D,S,T,2024-09-19,1000000.00,3.467878,99.73828125
08:00:32,91282CLL3,TSRYS5884563,D,S,T,2024-09-19,1000000.00,3.467878,99.73828125
08:00:32,91282CLL3,TSRYS5884563,D,S,T,2024-09-19,1000000.00,3.466488,99.7421875
08:00:32,91282CLL3,TSRYS5884563,D,S,T,2024-09-19,2000000.00,3.466488,99.7421875
08:00:32,91282CLL3,TSRYS5884563,D,S,T,2024-09-19,5000000.00,3.466488,99.7421875
08:00:32,91282CLL3,TSRYS5884563,D,S,T,2024-09-19,2000000.00,3.466488,99.7421875
08:00:32,91282CLL3,TSRYS5884563,D,S,T,2024-09-19,1000000.00,3.466488,99.7421875
08:00:32,91282CLL3,TSRYS5884563,D,S,T,2024-09-19,9000000.00,3.466488,99.7421875
08:00:32,91282CLL3,TSRYS5884563,D,S,T,2024-09-19,2000000.00,3.466488,99.7421875
08:00:32,91282CLL3,TSRYS5884563,D,S,T,2024-09-19,2000000.00,3.466488,99.7421875
08:00:32,91282CLL3,TSRYS5884563,D,S,T,2024-09-19,7000000.00,3.466488,99.7421875
08:00:32,91282CLL3,TSRYS5884563,D,S,T,2024-09-19,1000000.00,3.467878,99.73828125
08:00:32,91282CLL3,TSRYS5884563,D,S,T,2024-09-19,2000000.00,3.467878,99.73828125
08:00:32,91282CLL3,TSRYS5884563,D,S,T,2024-09-19,1000000.00,3.467878,99.73828125
08:00:32,91282CLL3,TSRYS5884563,D,S,T,2024-09-19,1000000.00,3.467878,99.73828125
08:00:32,91282CLL3,TSRYS5884563,D,S,T,2024-09-19,1000000.00,3.466488,99.7421875
08:00:32,91282CLL3,TSRYS5884563,D,S,T,2024-09-19,1000000.00,3.465098,99.74609375
08:00:32,91282CLL3,TSRYS5884563,D,S,T,2024-09-19,1000000.00,3.466488,99.7421875
08:00:32,91282CLL3,TSRYS5884563,D,S,T,2024-09-19,1000000.00,3.466488,99.7421875
08:00:32,91282CLL3,TSRYS5884563,D,S,T,2024-09-19,1000000.00,3.466488,99.7421875
08:00:32,91282CLL3,TSRYS5884563,D,S,T,2024-09-19,1000000.00,3.466488,99.7421875
08:00:32,91282CLL3,TSRYS5884563,D,S,T,2024-09-19,1000000.00,3.466488,99.7421875
08:00:32,91282CLL3,TSRYS5884563,D,S,T,2024-09-19,1000000.00,3.466488,99.7421875
08:00:32,91282CLL3,TSRYS5884563,D,S,T,2024-09-19,2000000.00,3.462317,99.75390625
08:00:32,91282CLL3,TSRYS5884563,D,S,T,2024-09-19,1000000.00,3.462317,99.75390625
08:00:32,91282CLL3,TSRYS5884563,D,S,T,2024-09-19,1000000.00,3.460927,99.7578125
08:00:32,91282CLL3,TSRYS5884563,D,S,T,2024-09-19,1000000.00,3.462317,99.75390625
08:00:32,91282CLL3,TSRYS5884563,D,S,T,2024-09-19,1000000.00,3.463707,99.75
08:00:32,91282CLL3,TSRYS5884563,D,S,T,2024-09-19,2000000.00,3.465098,99.74609375
08:00:32,91282CLL3,TSRYS5884563,D,S,T,2024-09-19,1000000.00,3.466488,99.7421875
08:00:32,91282CLL3,TSRYS5884563,D,S,T,2024-09-19,1000000.00,3.465098,99.74609375
08:00:32,91282CLL3,TSRYS5884563,D,S,T,2024-09-19,2000000.00,3.465098,99.74609375
08:00:32,91282CLL3,TSRYS5884563,D,S,T,2024-09-19,1000000.00,3.465098,99.74609375
08:00:32,91282CLL3,TSRYS5884563,D,S,T,2024-09-19,2000000.00,3.465098,99.74609375
08:00:32,91282CLL3,TSRYS5884563,D,S,T,2024-09-19,1000000.00,3.465098,99.74609375
08:00:32,91282CLL3,TSRYS5884563,D,S,T,2024-09-19,1000000.00,3.465098,99.74609375
08:00:32,91282CLL3,TSRYS5884563,D,S,T,2024-09-19,1000000.00,3.465098,99.74609375
08:00:32,91282CLL3,TSRYS5884563,D,S,T,2024-09-19,1000000.00,3.465098,99.74609375
08:00:32,91282CLL3,TSRYS5884563,D,S,T,2024-09-19,1000000.00,3.465098,99.74609375
08:00:32,91282CLL3,TSRYS5884563,D,S,T,2024-09-19,1000000.00,3.465098,99.74609375
08:00:32,91282CLL3,TSRYS5884563,D,S,T,2024-09-19,2000000.00,3.465098,99.74609375
08:00:32,91282CLL3,TSRYS5884563,D,S,T,2024-09-19,1000000.00,3.465098,99.74609375
08:00:32,91282CLL3,TSRYS5884563,D,S,T,2024-09-19,1000000.00,3.465098,99.74609375
08:00:32,91282CLL3,TSRYS5884563,D,S,T,2024-09-19,1000000.00,3.465098,99.74609375
08:00:32,91282CLL3,TSRYS5884563,D,S,T,2024-09-19,1000000.00,3.466488,99.7421875
08:00:32,91282CLL3,TSRYS5884563,D,S,T,2024-09-19,2000000.00,3.465793,99.744140625
08:00:32,91282CLL3,TSRYS5884563,D,S,T,2024-09-19,1000000.00,3.466488,99.7421875
08:00:32,91282CLL3,TSRYS5884563,D,S,T,2024-09-19,1000000.00,3.466488,99.7421875
08:00:32,91282CLL3,TSRYS5884563,D,S,T,2024-09-19,1000000.00,3.466488,99.7421875
08:00:32,91282CLL3,TSRYS5884563,D,S,T,2024-09-19,1000000.00,3.466488,99.7421875
08:00:32,91282CLL3,TSRYS5884563,D,S,T,2024-09-19,1000000.00,3.466488,99.7421875
08:00:32,91282CLL3,TSRYS5884563,D,S,T,2024-09-19,1000000.00,3.467878,99.73828125
08:00:32,91282CLL3,TSRYS5884563,D,S,T,2024-09-19,1000000.00,3.467878,99.73828125
08:00:32,91282CLL3,TSRYS5884563,D,S,T,2024-09-19,1000000.00,3.467878,99.73828125
08:00:32,91282CLL3,TSRYS5884563,D,S,T,2024-09-19,1000000.00,3.467878,99.73828125
08:00:32,91282CLL3,TSRYS5884563,D,S,T,2024-09-19,1000000.00,3.467878,99.73828125
08:00:32,91282CLL3,TSRYS5884563,D,S,T,2024-09-19,1000000.00,3.467878,99.73828125
08:00:32,91282CLL3,TSRYS5884563,D,S,T,2024-09-19,1000000.00,3.467878,99.73828125
08:00:32,91282CLL3,TSRYS5884563,D,S,T,2024-09-19,1000000.00,3.467878,99.73828125
08:00:32,91282CLL3,TSRYS5884563,D,S,T,2024-09-19,1000000.00,3.467878,99.73828125
08:00:32,91282CLL3,TSRYS5884563,D,S,T,2024-09-19,1000000.00,3.466488,99.7421875
08:00:32,91282CLL3,TSRYS5884563,D,S,T,2024-09-19,2000000.00,3.465793,99.744140625
08:00:32,91282CLL3,TSRYS5884563,D,S,T,2024-09-19,2000000.00,3.465793,99.744140625
08:00:32,91282CLL3,TSRYS5884563,D,S,T,2024-09-19,1000000.00,3.465098,99.74609375
08:00:32,91282CLL3,TSRYS5884563,D,S,T,2024-09-19,1000000.00,3.463707,99.75
08:00:32,91282CLL3,TSRYS5884563,D,S,T,2024-09-19,1000000.00,3.463707,99.75
08:00:32,91282CLL3,TSRYS5884563,D,S,T,2024-09-19,1000000.00,3.463707,99.75
08:00:32,91282CLL3,TSRYS5884563,D,S,T,2024-09-19,1000000.00,3.463707,99.75
08:00:32,91282CLL3,TSRYS5884563,D,S,T,2024-09-19,1000000.00,3.462317,99.75390625
08:00:32,91282CLL3,TSRYS5884563,D,S,T,2024-09-19,1000000.00,3.463707,99.75
08:00:32,91282CLL3,TSRYS5884563,D,S,T,2024-09-19,1000000.00,3.463707,99.75
08:00:32,91282CLL3,TSRYS5884563,D,S,T,2024-09-19,1000000.00,3.463707,99.75
08:00:32,91282CLL3,TSRYS5884563,D,S,T,2024-09-19,1000000.00,3.463707,99.75
08:00:32,91282CLL3,TSRYS5884563,D,S,T,2024-09-19,1000000.00,3.463707,99.75
08:00:32,91282CLL3,TSRYS5884563,D,S,T,2024-09-19,2000000.00,3.460927,99.7578125
08:00:32,91282CLL3,TSRYS5884563,D,S,T,2024-09-19,1000000.00,3.464402,99.748046875
08:00:32,91282CLL3,TSRYS5884563,D,S,T,2024-09-19,1000000.00,3.465098,99.74609375
08:00:32,91282CLL3,TSRYS5884563,D,S,T,2024-09-19,1000000.00,3.468574,99.736328125
08:00:32,91282CLL3,TSRYS5884563,D,S,T,2024-09-19,5000000.00,3.470659,99.73046875
08:00:32,91282CLL3,TSRYS5884563,D,S,T,2024-09-19,1000000.00,3.470659,99.73046875
08:00:32,91282CLL3,TSRYS5884563,D,S,T,2024-09-19,1000000.00,3.470659,99.73046875
08:00:32,91282CLL3,TSRYS5884563,D,S,T,2024-09-19,1000000.00,3.47205,99.7265625
08:00:32,91282CLL3,TSRYS5884563,D,S,T,2024-09-19,1000000.00,3.47205,99.7265625
08:00:32,91282CLL3,TSRYS5884563,D,S,T,2024-09-19,1000000.00,3.469269,99.734375
08:00:32,91282CLL3,TSRYS5884563,D,S,T,2024-09-19,1000000.00,3.469269,99.734375
