tradeTime,cusip,issueSymbolIdentifier,priceType,reportingSideCode,contraPartyTypeCode,tradeDate,reportedTradeVolume,lastSaleYield,lastSalePrice
08:00:07,91282CKJ9,TSRYS5784683,D,S,T,2024-04-17,2000000.00,4.840205,99.0625
08:00:07,91282CKJ9,TSRYS5784683,D,S,D,2024-04-17,1000000.00,4.840205,99.0625
08:00:07,91282CKJ9,TSRYS5784683,D,S,T,2024-04-17,1000000.00,4.835927,99.07421875
08:00:07,91282CKJ9,TSRYS5784683,D,S,T,2024-04-17,1000000.00,4.835927,99.07421875
08:00:07,91282CKJ9,TSRYS5784683,D,S,D,2024-04-17,1000000.00,4.838066,99.068359375
08:00:07,91282CKJ9,TSRYS5784683,D,S,D,2024-04-17,3000000.00,4.839492,99.064453125
08:00:07,91282CKJ9,TSRYS5784683,D,S,D,2024-04-17,1000000.00,4.839492,99.064453125
08:00:07,91282CKJ9,TSRYS5784683,D,S,D,2024-04-17,1000000.00,4.838779,99.06640625
08:00:07,91282CKJ9,TSRYS5784683,D,S,D,2024-04-17,3000000.00,4.838779,99.06640625
08:00:07,91282CKJ9,TSRYS5784683,D,S,D,2024-04-17,3000000.00,4.837353,99.0703125
08:00:07,91282CKJ9,TSRYS5784683,D,S,T,2024-04-17,1000000.00,4.825946,99.1015625
08:00:07,91282CKJ9,TSRYS5784683,D,S,T,2024-04-17,1000000.00,4.825946,99.1015625
08:00:07,91282CKJ9,TSRYS5784683,D,S,T,2024-04-17,3000000.00,4.828798,99.09375
08:00:07,91282CKJ9,TSRYS5784683,D,S,D,2024-04-17,2000000.00,4.818819,99.12109375
08:00:07,91282CKJ9,TSRYS5784683,D,S,D,2024-04-17,1000000.00,4.818819,99.12109375
08:00:07,91282CKJ9,TSRYS5784683,D,S,D,2024-04-17,2000000.00,4.818819,99.12109375
08:00:07,91282CKJ9,TSRYS5784683,D,S,D,2024-04-17,3000000.00,4.818819,99.12109375
08:00:07,91282CKJ9,TSRYS5784683,D,S,D,2024-04-17,1000000.00,4.818819,99.12109375
08:00:07,91282CKJ9,TSRYS5784683,D,S,D,2024-04-17,2000000.00,4.820245,99.1171875
08:00:07,91282CKJ9,TSRYS5784683,D,S,D,2024-04-17,1000000.00,4.820245,99.1171875
08:00:07,91282CKJ9,TSRYS5784683,D,S,D,2024-04-17,1000000.00,4.820245,99.1171875
08:00:07,91282CKJ9,TSRYS5784683,D,S,D,2024-04-17,2000000.00,4.820245,99.1171875
08:00:07,91282CKJ9,TSRYS5784683,D,S,T,2024-04-17,1000000.00,4.82167,99.11328125
08:00:07,91282CKJ9,TSRYS5784683,D,S,D,2024-04-17,3000000.00,4.82167,99.11328125
08:00:07,91282CKJ9,TSRYS5784683,D,S,T,2024-04-17,1000000.00,4.82167,99.11328125
08:00:07,91282CKJ9,TSRYS5784683,D,S,D,2024-04-17,3000000.00,4.82167,99.11328125
08:00:07,91282CKJ9,TSRYS5784683,D,S,D,2024-04-17,1000000.00,4.819532,99.119140625
08:00:07,91282CKJ9,TSRYS5784683,D,S,D,2024-04-17,2000000.00,4.819532,99.119140625
08:00:07,91282CKJ9,TSRYS5784683,D,S,D,2024-04-17,1000000.00,4.819532,99.119140625
08:00:07,91282CKJ9,TSRYS5784683,D,S,D,2024-04-17,1000000.00,4.820245,99.1171875
08:00:07,91282CKJ9,TSRYS5784683,D,S,D,2024-04-17,1000000.00,4.820245,99.1171875
08:00:07,91282CKJ9,TSRYS5784683,D,S,D,2024-04-17,1000000.00,4.820245,99.1171875
08:00:07,91282CKJ9,TSRYS5784683,D,S,D,2024-04-17,1000000.00,4.820245,99.1171875
08:00:07,91282CKJ9,TSRYS5784683,D,S,D,2024-04-17,3000000.00,4.820245,99.1171875
08:00:07,91282CKJ9,TSRYS5784683,D,S,D,2024-04-17,1000000.00,4.820245,99.1171875
08:00:07,91282CKJ9,TSRYS5784683,D,S,D,2024-04-17,1000000.00,4.820245,99.1171875
08:00:07,91282CKJ9,TSRYS5784683,D,S,D,2024-04-17,1000000.00,4.820245,99.1171875
08:00:07,91282CKJ9,TSRYS5784683,D,S,D,2024-04-17,1000000.00,4.813119,99.13671875
08:00:07,91282CKJ9,TSRYS5784683,D,S,D,2024-04-17,1000000.00,4.813119,99.13671875
08:00:07,91282CKJ9,TSRYS5784683,D,S,D,2024-04-17,2000000.00,4.813119,99.13671875
08:00:07,91282CKJ9,TSRYS5784683,D,S,D,2024-04-17,2000000.00,4.818107,99.123046875
08:00:07,91282CKJ9,TSRYS5784683,D,S,D,2024-04-17,1000000.00,4.818107,99.123046875
08:00:07,91282CKJ9,TSRYS5784683,D,S,D,2024-04-17,1000000.00,4.816682,99.126953125
08:00:07,91282CKJ9,TSRYS5784683,D,S,D,2024-04-17,2000000.00,4.799585,99.173828125
08:00:07,91282CKJ9,TSRYS5784683,D,S,D,2024-04-17,1000000.00,4.799585,99.173828125
08:00:07,91282CKJ9,TSRYS5784683,D,S,D,2024-04-17,1000000.00,4.810269,99.14453125
08:00:07,91282CKJ9,TSRYS5784683,D,S,D,2024-04-17,1000000.00,4.810269,99.14453125
08:00:07,91282CKJ9,TSRYS5784683,D,S,D,2024-04-17,1000000.00,4.810269,99.14453125
08:00:07,91282CKJ9,TSRYS5784683,D,S,D,2024-04-17,1000000.00,4.810269,99.14453125
08:00:07,91282CKJ9,TSRYS5784683,D,S,D,2024-04-17,1000000.00,4.810269,99.14453125
08:00:07,91282CKJ9,TSRYS5784683,D,S,D,2024-04-17,1000000.00,4.815969,99.12890625
08:00:07,91282CKJ9,TSRYS5784683,D,S,D,2024-04-17,1000000.00,4.815969,99.12890625
08:00:07,91282CKJ9,TSRYS5784683,D,S,D,2024-04-17,1000000.00,4.811694,99.140625
08:00:07,91282CKJ9,TSRYS5784683,D,S,T,2024-04-17,1000000.00,4.811694,99.140625
08:00:07,91282CKJ9,TSRYS5784683,D,S,D,2024-04-17,1000000.00,4.811694,99.140625
08:00:10,91282CKJ9,TSRYS5784683,D,S,D,2024-04-17,1870000.00,4.810056,99.14453125
08:00:10,91282CKJ9,TSRYS5784683,D,S,D,2024-04-17,8250000.00,4.841392,99.05859375
08:00:10,91282CKJ9,TSRYS5784683,D,B,C,2024-04-17,1000000.00,4.818819,99.12109375
08:00:10,91282CKJ9,TSRYS5784683,D,S,C,2024-04-17,25000.00,4.803146,99.164062
08:00:11,91282CKJ9,TSRYS5784683,D,S,D,2024-04-17,1000000.00,4.827372,99.09765625
08:00:11,91282CKJ9,TSRYS5784683,D,S,D,2024-04-17,1000000.00,4.824521,99.10546875
08:00:11,91282CKJ9,TSRYS5784683,D,S,D,2024-04-17,1000000.00,4.824521,99.10546875
08:00:11,91282CKJ9,TSRYS5784683,D,S,D,2024-04-17,1000000.00,4.824521,99.10546875
08:00:11,91282CKJ9,TSRYS5784683,D,S,D,2024-04-17,1000000.00,4.825946,99.1015625
08:00:11,91282CKJ9,TSRYS5784683,D,S,D,2024-04-17,5000000.00,4.825946,99.1015625
08:00:11,91282CKJ9,TSRYS5784683,D,S,D,2024-04-17,6000000.00,4.826659,99.099609375
08:00:11,91282CKJ9,TSRYS5784683,D,S,D,2024-04-17,1000000.00,4.826659,99.099609375
08:00:11,91282CKJ9,TSRYS5784683,D,S,D,2024-04-17,1000000.00,4.826659,99.099609375
08:00:11,91282CKJ9,TSRYS5784683,D,S,D,2024-04-17,1000000.00,4.826659,99.099609375
08:00:11,91282CKJ9,TSRYS5784683,D,S,D,2024-04-17,1000000.00,4.826659,99.099609375
08:00:11,91282CKJ9,TSRYS5784683,D,S,D,2024-04-17,1000000.00,4.826659,99.099609375
08:00:11,91282CKJ9,TSRYS5784683,D,S,D,2024-04-17,1000000.00,4.826659,99.099609375
08:00:11,91282CKJ9,TSRYS5784683,D,S,D,2024-04-17,1000000.00,4.826659,99.099609375
08:00:11,91282CKJ9,TSRYS5784683,D,S,D,2024-04-17,1000000.00,4.826659,99.099609375
08:00:11,91282CKJ9,TSRYS5784683,D,S,D,2024-04-17,1000000.00,4.827372,99.09765625
08:00:11,91282CKJ9,TSRYS5784683,D,S,D,2024-04-17,1000000.00,4.826659,99.099609375
08:00:11,91282CKJ9,TSRYS5784683,D,S,D,2024-04-17,1000000.00,4.826659,99.099609375
08:00:12,91282CKJ9,TSRYS5784683,D,S,D,2024-04-17,2000000.00,4.843058,99.0546875
08:00:12,91282CKJ9,TSRYS5784683,D,B,C,2024-04-17,2000000.00,4.843058,99.0546875
08:00:12,91282CKJ9,TSRYS5784683,D,S,D,2024-04-17,2000000.00,4.843058,99.0546875
08:00:12,91282CKJ9,TSRYS5784683,D,B,C,2024-04-17,2000000.00,4.843058,99.0546875
08:00:12,91282CKJ9,TSRYS5784683,D,S,D,2024-04-17,1000000.00,4.843058,99.0546875
08:00:12,91282CKJ9,TSRYS5784683,D,B,C,2024-04-17,1000000.00,4.843058,99.0546875
08:00:13,91282CKJ9,TSRYS5784683,D,S,D,2024-04-17,1000000.00,4.826659,99.099609375
08:00:13,91282CKJ9,TSRYS5784683,D,S,D,2024-04-17,1000000.00,4.826659,99.099609375
08:00:13,91282CKJ9,TSRYS5784683,D,S,D,2024-04-17,1000000.00,4.826659,99.099609375
08:00:15,91282CKJ9,TSRYS5784683,D,S,D,2024-04-17,2000000.00,4.831649,99.0859375
08:00:15,91282CKJ9,TSRYS5784683,D,S,D,2024-04-17,1000000.00,4.831649,99.0859375
08:00:15,91282CKJ9,TSRYS5784683,D,S,D,2024-04-17,3000000.00,4.831649,99.0859375
08:00:15,91282CKJ9,TSRYS5784683,D,S,D,2024-04-17,3000000.00,4.831649,99.0859375
08:00:17,91282CKJ9,TSRYS5784683,D,S,D,2024-04-17,1000000.00,4.838066,99.068359375
08:00:17,91282CKJ9,TSRYS5784683,D,S,D,2024-04-17,1000000.00,4.838066,99.068359375
08:00:17,91282CKJ9,TSRYS5784683,D,S,D,2024-04-17,1000000.00,4.838066,99.068359375
08:00:18,91282CKJ9,TSRYS5784683,D,S,T,2024-04-17,1000000.00,4.827372,99.09765625
08:00:18,91282CKJ9,TSRYS5784683,D,S,T,2024-04-17,1000000.00,4.824521,99.10546875
08:00:19,91282CKJ9,TSRYS5784683,D,S,T,2024-04-17,1000000.00,4.824521,99.10546875
08:00:19,91282CKJ9,TSRYS5784683,D,S,T,2024-04-17,1000000.00,4.825946,99.1015625
08:00:19,91282CKJ9,TSRYS5784683,D,S,T,2024-04-17,1000000.00,4.827372,99.09765625
08:00:19,91282CKJ9,TSRYS5784683,D,S,T,2024-04-17,1000000.00,4.827372,99.09765625
08:00:19,91282CKJ9,TSRYS5784683,D,S,T,2024-04-17,1000000.00,4.826659,99.099609375
08:00:19,91282CKJ9,TSRYS5784683,D,S,T,2024-04-17,1000000.00,4.826659,99.099609375
08:00:19,91282CKJ9,TSRYS5784683,D,S,T,2024-04-17,1000000.00,4.826659,99.099609375
08:00:19,91282CKJ9,TSRYS5784683,D,S,T,2024-04-17,1000000.00,4.826659,99.099609375
08:00:19,91282CKJ9,TSRYS5784683,D,S,D,2024-04-17,500000.00,4.840205,99.0625
08:00:22,91282CKJ9,TSRYS5784683,D,S,D,2024-04-17,1000000.00,4.817394,99.125
08:00:22,91282CKJ9,TSRYS5784683,D,S,D,2024-04-17,2000000.00,4.815969,99.12890625
08:00:22,91282CKJ9,TSRYS5784683,D,S,T,2024-04-17,1000000.00,4.826659,99.099609375
08:00:22,91282CKJ9,TSRYS5784683,D,S,T,2024-04-17,1000000.00,4.826659,99.099609375
08:00:22,91282CKJ9,TSRYS5784683,D,S,T,2024-04-17,1000000.00,4.826659,99.099609375
08:00:22,91282CKJ9,TSRYS5784683,D,S,D,2024-04-17,500000.00,4.840205,99.0625
08:00:22,91282CKJ9,TSRYS5784683,D,S,T,2024-04-17,1000000.00,4.826659,99.099609375
08:00:22,91282CKJ9,TSRYS5784683,D,S,T,2024-04-17,1000000.00,4.828085,99.095703125
08:00:22,91282CKJ9,TSRYS5784683,D,S,T,2024-04-17,1000000.00,4.827372,99.09765625
08:00:22,91282CKJ9,TSRYS5784683,D,S,T,2024-04-17,1000000.00,4.827372,99.09765625
08:00:22,91282CKJ9,TSRYS5784683,D,S,T,2024-04-17,1000000.00,4.827372,99.09765625
08:00:22,91282CKJ9,TSRYS5784683,D,S,T,2024-04-17,2000000.00,4.827372,99.09765625
08:00:22,91282CKJ9,TSRYS5784683,D,S,T,2024-04-17,1000000.00,4.827372,99.09765625
08:00:23,91282CKJ9,TSRYS5784683,D,S,T,2024-04-17,1000000.00,4.827372,99.09765625
08:00:23,91282CKJ9,TSRYS5784683,D,S,T,2024-04-17,1000000.00,4.827372,99.09765625
08:00:23,91282CKJ9,TSRYS5784683,D,S,D,2024-04-17,1000000.00,4.820245,99.1171875
08:00:23,91282CKJ9,TSRYS5784683,D,S,D,2024-04-17,1000000.00,4.820245,99.1171875
08:00:23,91282CKJ9,TSRYS5784683,D,S,D,2024-04-17,1000000.00,4.820245,99.1171875
08:00:23,91282CKJ9,TSRYS5784683,D,S,D,2024-04-17,1000000.00,4.820245,99.1171875
08:00:23,91282CKJ9,TSRYS5784683,D,S,D,2024-04-17,1000000.00,4.817394,99.125
08:00:23,91282CKJ9,TSRYS5784683,D,S,D,2024-04-17,4600000.00,4.817394,99.125
08:00:23,91282CKJ9,TSRYS5784683,D,S,D,2024-04-17,1000000.00,4.817394,99.125
08:00:23,91282CKJ9,TSRYS5784683,D,S,D,2024-04-17,1000000.00,4.815969,99.12890625
08:00:23,91282CKJ9,TSRYS5784683,D,S,D,2024-04-17,5000000.00,4.815969,99.12890625
08:00:23,91282CKJ9,TSRYS5784683,D,S,D,2024-04-17,1000000.00,4.815969,99.12890625
08:00:23,91282CKJ9,TSRYS5784683,D,S,D,2024-04-17,2000000.00,4.814544,99.1328125
08:00:23,91282CKJ9,TSRYS5784683,D,S,D,2024-04-17,1000000.00,4.808845,99.1484375
08:00:23,91282CKJ9,TSRYS5784683,D,S,T,2024-04-17,2000000.00,4.818819,99.12109375
08:00:23,91282CKJ9,TSRYS5784683,D,S,T,2024-04-17,2000000.00,4.818819,99.12109375
08:00:23,91282CKJ9,TSRYS5784683,D,S,T,2024-04-17,1000000.00,4.818107,99.123046875
08:00:23,91282CKJ9,TSRYS5784683,D,S,T,2024-04-17,1000000.00,4.818107,99.123046875
08:00:23,91282CKJ9,TSRYS5784683,D,S,T,2024-04-17,1000000.00,4.818107,99.123046875
08:00:23,91282CKJ9,TSRYS5784683,D,S,T,2024-04-17,1000000.00,4.817394,99.125
08:00:23,91282CKJ9,TSRYS5784683,D,S,T,2024-04-17,1000000.00,4.818107,99.123046875
08:00:23,91282CKJ9,TSRYS5784683,D,S,T,2024-04-17,1000000.00,4.817394,99.125
08:00:24,91282CKJ9,TSRYS5784683,D,S,T,2024-04-17,1000000.00,4.817394,99.125
08:00:24,91282CKJ9,TSRYS5784683,D,S,T,2024-04-17,1000000.00,4.817394,99.125
08:00:24,91282CKJ9,TSRYS5784683,D,S,T,2024-04-17,2000000.00,4.818107,99.123046875
08:00:24,91282CKJ9,TSRYS5784683,D,S,T,2024-04-17,1000000.00,4.818107,99.123046875
08:00:24,91282CKJ9,TSRYS5784683,D,S,T,2024-04-17,1000000.00,4.817394,99.125
08:00:24,91282CKJ9,TSRYS5784683,D,S,T,2024-04-17,1000000.00,4.817394,99.125
08:00:24,91282CKJ9,TSRYS5784683,D,S,T,2024-04-17,1000000.00,4.817394,99.125
08:00:24,91282CKJ9,TSRYS5784683,D,S,T,2024-04-17,1000000.00,4.817394,99.125
08:00:24,91282CKJ9,TSRYS5784683,D,S,T,2024-04-17,2000000.00,4.815969,99.12890625
08:00:27,91282CKJ9,TSRYS5784683,D,S,T,2024-04-17,1000000.00,4.817394,99.125
08:00:27,91282CKJ9,TSRYS5784683,D,S,T,2024-04-17,1000000.00,4.816682,99.126953125
08:00:27,91282CKJ9,TSRYS5784683,D,S,A,2024-04-17,200000.00,4.815969,99.128906
08:00:28,91282CKJ9,TSRYS5784683,D,S,A,2024-04-17,200000.00,4.818819,99.121094
08:00:28,91282CKJ9,TSRYS5784683,D,S,D,2024-04-17,1000000.00,4.798873,99.17578125
08:00:28,91282CKJ9,TSRYS5784683,D,S,D,2024-04-17,1000000.00,4.798873,99.17578125
08:00:28,91282CKJ9,TSRYS5784683,D,S,D,2024-04-17,1000000.00,4.798873,99.17578125
08:00:28,91282CKJ9,TSRYS5784683,D,S,A,2024-04-17,200000.00,4.817394,99.125
08:00:28,91282CKJ9,TSRYS5784683,D,B,A,2024-04-17,10284000.00,4.808845,99.1484375
08:00:28,91282CKJ9,TSRYS5784683,D,S,T,2024-04-17,1000000.00,4.848764,99.0390625
08:00:28,91282CKJ9,TSRYS5784683,D,S,T,2024-04-17,1000000.00,4.837353,99.0703125
08:00:28,91282CKJ9,TSRYS5784683,D,S,T,2024-04-17,1000000.00,4.835927,99.07421875
08:00:28,91282CKJ9,TSRYS5784683,D,S,T,2024-04-17,1000000.00,4.838779,99.06640625
08:00:28,91282CKJ9,TSRYS5784683,D,S,T,2024-04-17,1000000.00,4.838779,99.06640625
08:00:28,91282CKJ9,TSRYS5784683,D,S,T,2024-04-17,1000000.00,4.831649,99.0859375
08:00:28,91282CKJ9,TSRYS5784683,D,S,T,2024-04-17,1000000.00,4.831649,99.0859375
08:00:28,91282CKJ9,TSRYS5784683,D,S,T,2024-04-17,1000000.00,4.831649,99.0859375
08:00:28,91282CKJ9,TSRYS5784683,D,S,T,2024-04-17,1000000.00,4.831649,99.0859375
08:00:28,91282CKJ9,TSRYS5784683,D,S,T,2024-04-17,1000000.00,4.831649,99.0859375
08:00:28,91282CKJ9,TSRYS5784683,D,S,T,2024-04-17,1000000.00,4.831649,99.0859375
08:00:28,91282CKJ9,TSRYS5784683,D,S,T,2024-04-17,1000000.00,4.828798,99.09375
08:00:28,91282CKJ9,TSRYS5784683,D,S,T,2024-04-17,1000000.00,4.830223,99.08984375
08:00:28,91282CKJ9,TSRYS5784683,D,S,T,2024-04-17,1000000.00,4.830223,99.08984375
08:00:28,91282CKJ9,TSRYS5784683,D,S,T,2024-04-17,1000000.00,4.830223,99.08984375
08:00:28,91282CKJ9,TSRYS5784683,D,S,T,2024-04-17,1000000.00,4.840205,99.0625
08:00:28,91282CKJ9,TSRYS5784683,D,S,T,2024-04-17,1000000.00,4.847337,99.04296875
08:00:28,91282CKJ9,TSRYS5784683,D,S,T,2024-04-17,1000000.00,4.847337,99.04296875
08:00:28,91282CKJ9,TSRYS5784683,D,S,T,2024-04-17,1000000.00,4.848764,99.0390625
08:00:28,91282CKJ9,TSRYS5784683,D,S,T,2024-04-17,1000000.00,4.833075,99.08203125
08:00:28,91282CKJ9,TSRYS5784683,D,S,T,2024-04-17,1000000.00,4.827372,99.09765625
08:00:28,91282CKJ9,TSRYS5784683,D,S,T,2024-04-17,1000000.00,4.827372,99.09765625
08:00:28,91282CKJ9,TSRYS5784683,D,S,T,2024-04-17,1000000.00,4.827372,99.09765625
08:00:28,91282CKJ9,TSRYS5784683,D,S,T,2024-04-17,1000000.00,4.827372,99.09765625
08:00:28,91282CKJ9,TSRYS5784683,D,S,T,2024-04-17,1000000.00,4.828798,99.09375
08:00:28,91282CKJ9,TSRYS5784683,D,S,T,2024-04-17,1000000.00,4.828798,99.09375
08:00:28,91282CKJ9,TSRYS5784683,D,S,T,2024-04-17,1000000.00,4.827372,99.09765625
08:00:28,91282CKJ9,TSRYS5784683,D,S,T,2024-04-17,1000000.00,4.827372,99.09765625
08:00:28,91282CKJ9,TSRYS5784683,D,S,T,2024-04-17,1000000.00,4.827372,99.09765625
08:00:28,91282CKJ9,TSRYS5784683,D,S,T,2024-04-17,1000000.00,4.827372,99.09765625
08:00:28,91282CKJ9,TSRYS5784683,D,S,T,2024-04-17,1000000.00,4.827372,99.09765625
08:00:28,91282CKJ9,TSRYS5784683,D,S,T,2024-04-17,1000000.00,4.827372,99.09765625
08:00:28,91282CKJ9,TSRYS5784683,D,S,T,2024-04-17,1000000.00,4.827372,99.09765625
08:00:28,91282CKJ9,TSRYS5784683,D,S,T,2024-04-17,1000000.00,4.827372,99.09765625
08:00:28,91282CKJ9,TSRYS5784683,D,S,T,2024-04-17,1000000.00,4.827372,99.09765625
08:00:28,91282CKJ9,TSRYS5784683,D,S,T,2024-04-17,1000000.00,4.827372,99.09765625
08:00:28,91282CKJ9,TSRYS5784683,D,S,T,2024-04-17,1000000.00,4.827372,99.09765625
08:00:28,91282CKJ9,TSRYS5784683,D,S,T,2024-04-17,1000000.00,4.828798,99.09375
08:00:28,91282CKJ9,TSRYS5784683,D,S,T,2024-04-17,1000000.00,4.828798,99.09375
08:00:28,91282CKJ9,TSRYS5784683,D,S,T,2024-04-17,1000000.00,4.828798,99.09375
08:00:28,91282CKJ9,TSRYS5784683,D,S,T,2024-04-17,1000000.00,4.828798,99.09375
08:00:28,91282CKJ9,TSRYS5784683,D,S,T,2024-04-17,1000000.00,4.828798,99.09375
08:00:28,91282CKJ9,TSRYS5784683,D,S,T,2024-04-17,1000000.00,4.830223,99.08984375
08:00:28,91282CKJ9,TSRYS5784683,D,S,T,2024-04-17,1000000.00,4.830223,99.08984375
08:00:28,91282CKJ9,TSRYS5784683,D,S,T,2024-04-17,1000000.00,4.825946,99.1015625
08:00:28,91282CKJ9,TSRYS5784683,D,S,T,2024-04-17,1000000.00,4.827372,99.09765625
08:00:28,91282CKJ9,TSRYS5784683,D,S,T,2024-04-17,1000000.00,4.827372,99.09765625
08:00:28,91282CKJ9,TSRYS5784683,D,S,T,2024-04-17,1000000.00,4.814544,99.1328125
08:00:28,91282CKJ9,TSRYS5784683,D,S,T,2024-04-17,1000000.00,4.814544,99.1328125
08:00:28,91282CKJ9,TSRYS5784683,D,S,T,2024-04-17,1000000.00,4.813119,99.13671875
08:00:28,91282CKJ9,TSRYS5784683,D,S,T,2024-04-17,1000000.00,4.803146,99.1640625
08:00:28,91282CKJ9,TSRYS5784683,D,S,T,2024-04-17,1000000.00,4.817394,99.125
08:00:29,91282CKJ9,TSRYS5784683,D,S,D,2024-04-17,1000000.00,4.841632,99.05859375
08:00:29,91282CKJ9,TSRYS5784683,D,S,T,2024-04-17,1000000.00,4.844484,99.05078125
08:00:29,91282CKJ9,TSRYS5784683,D,S,D,2024-04-17,1000000.00,4.842345,99.056640625
08:00:29,91282CKJ9,TSRYS5784683,D,S,T,2024-04-17,1000000.00,4.838779,99.06640625
08:00:29,91282CKJ9,TSRYS5784683,D,S,T,2024-04-17,1000000.00,4.838779,99.06640625
08:00:29,91282CKJ9,TSRYS5784683,D,S,T,2024-04-17,1000000.00,4.837353,99.0703125
08:00:29,91282CKJ9,TSRYS5784683,D,S,T,2024-04-17,1000000.00,4.837353,99.0703125
08:00:29,91282CKJ9,TSRYS5784683,D,S,T,2024-04-17,1000000.00,4.831649,99.0859375
08:00:29,91282CKJ9,TSRYS5784683,D,S,D,2024-04-17,1000000.00,4.827372,99.09765625
08:00:29,91282CKJ9,TSRYS5784683,D,S,T,2024-04-17,1000000.00,4.828798,99.09375
08:00:29,91282CKJ9,TSRYS5784683,D,S,T,2024-04-17,1000000.00,4.834501,99.078125
08:00:29,91282CKJ9,TSRYS5784683,D,S,T,2024-04-17,1000000.00,4.837353,99.0703125
08:00:29,91282CKJ9,TSRYS5784683,D,S,T,2024-04-17,1000000.00,4.840205,99.0625
08:00:29,91282CKJ9,TSRYS5784683,D,S,T,2024-04-17,1000000.00,4.840205,99.0625
08:00:29,91282CKJ9,TSRYS5784683,D,S,T,2024-04-17,1000000.00,4.837353,99.0703125
08:00:29,91282CKJ9,TSRYS5784683,D,S,T,2024-04-17,1000000.00,4.845911,99.046875
08:00:29,91282CKJ9,TSRYS5784683,D,S,T,2024-04-17,1000000.00,4.845911,99.046875
08:00:29,91282CKJ9,TSRYS5784683,D,S,T,2024-04-17,1000000.00,4.824521,99.10546875
08:00:29,91282CKJ9,TSRYS5784683,D,S,T,2024-04-17,1000000.00,4.827372,99.09765625
08:00:29,91282CKJ9,TSRYS5784683,D,S,T,2024-04-17,1000000.00,4.827372,99.09765625
08:00:29,91282CKJ9,TSRYS5784683,D,S,T,2024-04-17,1000000.00,4.827372,99.09765625
08:00:29,91282CKJ9,TSRYS5784683,D,S,T,2024-04-17,1000000.00,4.827372,99.09765625
08:00:29,91282CKJ9,TSRYS5784683,D,S,T,2024-04-17,1000000.00,4.827372,99.09765625
08:00:29,91282CKJ9,TSRYS5784683,D,S,D,2024-04-17,1000000.00,4.820245,99.1171875
08:00:29,91282CKJ9,TSRYS5784683,D,S,D,2024-04-17,1000000.00,4.817394,99.125
08:00:29,91282CKJ9,TSRYS5784683,D,S,D,2024-04-17,1000000.00,4.816682,99.126953125
08:00:29,91282CKJ9,TSRYS5784683,D,S,D,2024-04-17,1000000.00,4.815969,99.12890625
08:00:29,91282CKJ9,TSRYS5784683,D,S,T,2024-04-17,1000000.00,4.814544,99.1328125
08:00:29,91282CKJ9,TSRYS5784683,D,S,T,2024-04-17,1000000.00,4.814544,99.1328125
08:00:29,91282CKJ9,TSRYS5784683,D,S,T,2024-04-17,1000000.00,4.813119,99.13671875
08:00:29,91282CKJ9,TSRYS5784683,D,S,T,2024-04-17,1000000.00,4.798873,99.17578125
08:00:29,91282CKJ9,TSRYS5784683,D,S,T,2024-04-17,1000000.00,4.798873,99.17578125
08:00:29,91282CKJ9,TSRYS5784683,D,S,D,2024-04-17,1000000.00,4.817394,99.125
08:00:30,91282CKJ9,TSRYS5784683,D,S,T,2024-04-17,1000000.00,4.843771,99.052734375
08:00:30,91282CKJ9,TSRYS5784683,D,S,D,2024-04-17,1000000.00,4.844484,99.05078125
08:00:30,91282CKJ9,TSRYS5784683,D,S,D,2024-04-17,1000000.00,4.844484,99.05078125
08:00:30,91282CKJ9,TSRYS5784683,D,S,D,2024-04-17,1000000.00,4.844484,99.05078125
08:00:30,91282CKJ9,TSRYS5784683,D,S,D,2024-04-17,1000000.00,4.844484,99.05078125
08:00:30,91282CKJ9,TSRYS5784683,D,S,D,2024-04-17,1000000.00,4.844484,99.05078125
08:00:30,91282CKJ9,TSRYS5784683,D,S,D,2024-04-17,1000000.00,4.844484,99.05078125
08:00:30,91282CKJ9,TSRYS5784683,D,S,D,2024-04-17,1000000.00,4.844484,99.05078125
08:00:30,91282CKJ9,TSRYS5784683,D,S,D,2024-04-17,1000000.00,4.844484,99.05078125
08:00:30,91282CKJ9,TSRYS5784683,D,S,D,2024-04-17,1000000.00,4.844484,99.05078125
08:00:30,91282CKJ9,TSRYS5784683,D,S,D,2024-04-17,1000000.00,4.844484,99.05078125
08:00:30,91282CKJ9,TSRYS5784683,D,S,D,2024-04-17,1000000.00,4.844484,99.05078125
08:00:30,91282CKJ9,TSRYS5784683,D,S,T,2024-04-17,1000000.00,4.847337,99.04296875
08:00:30,91282CKJ9,TSRYS5784683,D,S,D,2024-04-17,1000000.00,4.848764,99.0390625
08:00:30,91282CKJ9,TSRYS5784683,D,S,T,2024-04-17,1000000.00,4.847337,99.04296875
08:00:30,91282CKJ9,TSRYS5784683,D,S,T,2024-04-17,1000000.00,4.850191,99.03515625
08:00:30,91282CKJ9,TSRYS5784683,D,S,T,2024-04-17,1000000.00,4.841632,99.05859375
08:00:30,91282CKJ9,TSRYS5784683,D,S,T,2024-04-17,1000000.00,4.841632,99.05859375
08:00:30,91282CKJ9,TSRYS5784683,D,S,T,2024-04-17,1000000.00,4.844484,99.05078125
08:00:30,91282CKJ9,TSRYS5784683,D,S,T,2024-04-17,1000000.00,4.839492,99.064453125
08:00:30,91282CKJ9,TSRYS5784683,D,S,T,2024-04-17,1000000.00,4.838779,99.06640625
08:00:30,91282CKJ9,TSRYS5784683,D,S,T,2024-04-17,1000000.00,4.838779,99.06640625
08:00:30,91282CKJ9,TSRYS5784683,D,S,T,2024-04-17,1000000.00,4.837353,99.0703125
08:00:30,91282CKJ9,TSRYS5784683,D,S,T,2024-04-17,1000000.00,4.838779,99.06640625
08:00:30,91282CKJ9,TSRYS5784683,D,S,T,2024-04-17,2000000.00,4.838779,99.06640625
08:00:30,91282CKJ9,TSRYS5784683,D,S,T,2024-04-17,1000000.00,4.840205,99.0625
08:00:30,91282CKJ9,TSRYS5784683,D,S,T,2024-04-17,1000000.00,4.841632,99.05859375
08:00:30,91282CKJ9,TSRYS5784683,D,S,T,2024-04-17,1000000.00,4.841632,99.05859375
08:00:30,91282CKJ9,TSRYS5784683,D,S,T,2024-04-17,1000000.00,4.841632,99.05859375
08:00:30,91282CKJ9,TSRYS5784683,D,S,T,2024-04-17,1000000.00,4.841632,99.05859375
08:00:30,91282CKJ9,TSRYS5784683,D,S,T,2024-04-17,1000000.00,4.841632,99.05859375
08:00:30,91282CKJ9,TSRYS5784683,D,S,T,2024-04-17,1000000.00,4.841632,99.05859375
08:00:30,91282CKJ9,TSRYS5784683,D,S,T,2024-04-17,1000000.00,4.838779,99.06640625
08:00:30,91282CKJ9,TSRYS5784683,D,S,T,2024-04-17,1000000.00,4.838779,99.06640625
08:00:30,91282CKJ9,TSRYS5784683,D,S,T,2024-04-17,1000000.00,4.838779,99.06640625
08:00:30,91282CKJ9,TSRYS5784683,D,S,T,2024-04-17,1000000.00,4.837353,99.0703125
08:00:30,91282CKJ9,TSRYS5784683,D,S,T,2024-04-17,1000000.00,4.837353,99.0703125
08:00:30,91282CKJ9,TSRYS5784683,D,S,T,2024-04-17,1000000.00,4.837353,99.0703125
08:00:30,91282CKJ9,TSRYS5784683,D,S,T,2024-04-17,1000000.00,4.837353,99.0703125
08:00:30,91282CKJ9,TSRYS5784683,D,S,T,2024-04-17,1000000.00,4.834501,99.078125
08:00:30,91282CKJ9,TSRYS5784683,D,S,T,2024-04-17,1000000.00,4.831649,99.0859375
08:00:30,91282CKJ9,TSRYS5784683,D,S,T,2024-04-17,1000000.00,4.831649,99.0859375
08:00:30,91282CKJ9,TSRYS5784683,D,S,T,2024-04-17,1000000.00,4.831649,99.0859375
08:00:30,91282CKJ9,TSRYS5784683,D,S,T,2024-04-17,1000000.00,4.831649,99.0859375
08:00:30,91282CKJ9,TSRYS5784683,D,S,T,2024-04-17,1000000.00,4.831649,99.0859375
08:00:30,91282CKJ9,TSRYS5784683,D,S,T,2024-04-17,1000000.00,4.831649,99.0859375
08:00:30,91282CKJ9,TSRYS5784683,D,S,T,2024-04-17,1000000.00,4.831649,99.0859375
08:00:30,91282CKJ9,TSRYS5784683,D,S,T,2024-04-17,1000000.00,4.831649,99.0859375
08:00:30,91282CKJ9,TSRYS5784683,D,S,T,2024-04-17,1000000.00,4.831649,99.0859375
08:00:30,91282CKJ9,TSRYS5784683,D,S,T,2024-04-17,1000000.00,4.831649,99.0859375
08:00:30,91282CKJ9,TSRYS5784683,D,S,T,2024-04-17,1000000.00,4.830223,99.08984375
08:00:30,91282CKJ9,TSRYS5784683,D,S,T,2024-04-17,1000000.00,4.830223,99.08984375
08:00:30,91282CKJ9,TSRYS5784683,D,S,T,2024-04-17,1000000.00,4.828798,99.09375
08:00:30,91282CKJ9,TSRYS5784683,D,S,T,2024-04-17,1000000.00,4.828798,99.09375
08:00:30,91282CKJ9,TSRYS5784683,D,S,T,2024-04-17,1000000.00,4.828798,99.09375
08:00:30,91282CKJ9,TSRYS5784683,D,S,T,2024-04-17,1000000.00,4.830223,99.08984375
08:00:30,91282CKJ9,TSRYS5784683,D,S,T,2024-04-17,1000000.00,4.830223,99.08984375
08:00:30,91282CKJ9,TSRYS5784683,D,S,T,2024-04-17,1000000.00,4.831649,99.0859375
08:00:30,91282CKJ9,TSRYS5784683,D,S,T,2024-04-17,1000000.00,4.831649,99.0859375
08:00:30,91282CKJ9,TSRYS5784683,D,S,T,2024-04-17,1000000.00,4.831649,99.0859375
08:00:30,91282CKJ9,TSRYS5784683,D,S,T,2024-04-17,1000000.00,4.831649,99.0859375
08:00:30,91282CKJ9,TSRYS5784683,D,S,T,2024-04-17,1000000.00,4.830223,99.08984375
08:00:30,91282CKJ9,TSRYS5784683,D,S,T,2024-04-17,1000000.00,4.830223,99.08984375
08:00:30,91282CKJ9,TSRYS5784683,D,S,T,2024-04-17,2000000.00,4.830223,99.08984375
08:00:30,91282CKJ9,TSRYS5784683,D,S,T,2024-04-17,1000000.00,4.830223,99.08984375
08:00:30,91282CKJ9,TSRYS5784683,D,S,T,2024-04-17,1000000.00,4.830223,99.08984375
08:00:30,91282CKJ9,TSRYS5784683,D,S,T,2024-04-17,2000000.00,4.830223,99.08984375
08:00:30,91282CKJ9,TSRYS5784683,D,S,T,2024-04-17,1000000.00,4.830223,99.08984375
08:00:30,91282CKJ9,TSRYS5784683,D,S,T,2024-04-17,2000000.00,4.830223,99.08984375
08:00:30,91282CKJ9,TSRYS5784683,D,S,T,2024-04-17,1000000.00,4.830223,99.08984375
08:00:30,91282CKJ9,TSRYS5784683,D,S,T,2024-04-17,1000000.00,4.830223,99.08984375
08:00:30,91282CKJ9,TSRYS5784683,D,S,T,2024-04-17,1000000.00,4.830223,99.08984375
08:00:30,91282CKJ9,TSRYS5784683,D,S,T,2024-04-17,1000000.00,4.831649,99.0859375
08:00:30,91282CKJ9,TSRYS5784683,D,S,T,2024-04-17,1000000.00,4.833075,99.08203125
08:00:30,91282CKJ9,TSRYS5784683,D,S,T,2024-04-17,1000000.00,4.833075,99.08203125
08:00:30,91282CKJ9,TSRYS5784683,D,S,T,2024-04-17,1000000.00,4.833075,99.08203125
08:00:30,91282CKJ9,TSRYS5784683,D,S,T,2024-04-17,1000000.00,4.833075,99.08203125
08:00:30,91282CKJ9,TSRYS5784683,D,S,T,2024-04-17,1000000.00,4.833075,99.08203125
08:00:30,91282CKJ9,TSRYS5784683,D,S,T,2024-04-17,1000000.00,4.833075,99.08203125
08:00:30,91282CKJ9,TSRYS5784683,D,S,T,2024-04-17,1000000.00,4.834501,99.078125
08:00:30,91282CKJ9,TSRYS5784683,D,S,T,2024-04-17,1000000.00,4.834501,99.078125
08:00:30,91282CKJ9,TSRYS5784683,D,S,T,2024-04-17,1000000.00,4.834501,99.078125
08:00:30,91282CKJ9,TSRYS5784683,D,S,T,2024-04-17,1000000.00,4.834501,99.078125
08:00:30,91282CKJ9,TSRYS5784683,D,S,T,2024-04-17,1000000.00,4.834501,99.078125
08:00:30,91282CKJ9,TSRYS5784683,D,S,T,2024-04-17,1000000.00,4.834501,99.078125
08:00:30,91282CKJ9,TSRYS5784683,D,S,T,2024-04-17,1000000.00,4.834501,99.078125
08:00:30,91282CKJ9,TSRYS5784683,D,S,T,2024-04-17,1000000.00,4.834501,99.078125
08:00:30,91282CKJ9,TSRYS5784683,D,S,T,2024-04-17,1000000.00,4.834501,99.078125
08:00:30,91282CKJ9,TSRYS5784683,D,S,T,2024-04-17,1000000.00,4.834501,99.078125
08:00:30,91282CKJ9,TSRYS5784683,D,S,T,2024-04-17,1000000.00,4.837353,99.0703125
08:00:30,91282CKJ9,TSRYS5784683,D,S,T,2024-04-17,2000000.00,4.837353,99.0703125
08:00:30,91282CKJ9,TSRYS5784683,D,S,T,2024-04-17,1000000.00,4.837353,99.0703125
08:00:30,91282CKJ9,TSRYS5784683,D,S,T,2024-04-17,1000000.00,4.839492,99.064453125
08:00:30,91282CKJ9,TSRYS5784683,D,S,T,2024-04-17,1000000.00,4.839492,99.064453125
08:00:30,91282CKJ9,TSRYS5784683,D,S,T,2024-04-17,1000000.00,4.838779,99.06640625
08:00:30,91282CKJ9,TSRYS5784683,D,S,T,2024-04-17,1000000.00,4.838779,99.06640625
08:00:30,91282CKJ9,TSRYS5784683,D,S,T,2024-04-17,1000000.00,4.840205,99.0625
08:00:30,91282CKJ9,TSRYS5784683,D,S,T,2024-04-17,1000000.00,4.840205,99.0625
08:00:30,91282CKJ9,TSRYS5784683,D,S,T,2024-04-17,1000000.00,4.840205,99.0625
08:00:30,91282CKJ9,TSRYS5784683,D,S,T,2024-04-17,1000000.00,4.840205,99.0625
08:00:30,91282CKJ9,TSRYS5784683,D,S,T,2024-04-17,1000000.00,4.840205,99.0625
08:00:30,91282CKJ9,TSRYS5784683,D,S,T,2024-04-17,1000000.00,4.840205,99.0625
08:00:30,91282CKJ9,TSRYS5784683,D,S,T,2024-04-17,1000000.00,4.840205,99.0625
08:00:30,91282CKJ9,TSRYS5784683,D,S,T,2024-04-17,1000000.00,4.838779,99.06640625
08:00:30,91282CKJ9,TSRYS5784683,D,S,T,2024-04-17,1000000.00,4.838779,99.06640625
08:00:30,91282CKJ9,TSRYS5784683,D,S,T,2024-04-17,1000000.00,4.838779,99.06640625
08:00:30,91282CKJ9,TSRYS5784683,D,S,T,2024-04-17,1000000.00,4.838779,99.06640625
08:00:30,91282CKJ9,TSRYS5784683,D,S,T,2024-04-17,1000000.00,4.838779,99.06640625
08:00:30,91282CKJ9,TSRYS5784683,D,S,T,2024-04-17,1000000.00,4.838779,99.06640625
08:00:30,91282CKJ9,TSRYS5784683,D,S,T,2024-04-17,1000000.00,4.838779,99.06640625
08:00:30,91282CKJ9,TSRYS5784683,D,S,T,2024-04-17,1000000.00,4.839492,99.064453125
08:00:30,91282CKJ9,TSRYS5784683,D,S,T,2024-04-17,1000000.00,4.840205,99.0625
08:00:30,91282CKJ9,TSRYS5784683,D,S,T,2024-04-17,1000000.00,4.840205,99.0625
08:00:30,91282CKJ9,TSRYS5784683,D,S,T,2024-04-17,1000000.00,4.840205,99.0625
08:00:30,91282CKJ9,TSRYS5784683,D,S,T,2024-04-17,1000000.00,4.840205,99.0625
08:00:30,91282CKJ9,TSRYS5784683,D,S,T,2024-04-17,1000000.00,4.840205,99.0625
08:00:30,91282CKJ9,TSRYS5784683,D,S,T,2024-04-17,1000000.00,4.838779,99.06640625
08:00:30,91282CKJ9,TSRYS5784683,D,S,T,2024-04-17,1000000.00,4.837353,99.0703125
08:00:30,91282CKJ9,TSRYS5784683,D,S,T,2024-04-17,2000000.00,4.838066,99.068359375
08:00:30,91282CKJ9,TSRYS5784683,D,S,T,2024-04-17,1000000.00,4.835927,99.07421875
08:00:30,91282CKJ9,TSRYS5784683,D,S,T,2024-04-17,1000000.00,4.838779,99.06640625
08:00:30,91282CKJ9,TSRYS5784683,D,S,T,2024-04-17,1000000.00,4.838779,99.06640625
08:00:30,91282CKJ9,TSRYS5784683,D,S,T,2024-04-17,1000000.00,4.838779,99.06640625
08:00:30,91282CKJ9,TSRYS5784683,D,S,T,2024-04-17,1000000.00,4.840205,99.0625
08:00:30,91282CKJ9,TSRYS5784683,D,S,T,2024-04-17,2000000.00,4.843058,99.0546875
08:00:30,91282CKJ9,TSRYS5784683,D,S,T,2024-04-17,1000000.00,4.847337,99.04296875
08:00:30,91282CKJ9,TSRYS5784683,D,S,T,2024-04-17,1000000.00,4.847337,99.04296875
08:00:30,91282CKJ9,TSRYS5784683,D,S,T,2024-04-17,1000000.00,4.847337,99.04296875
08:00:30,91282CKJ9,TSRYS5784683,D,S,T,2024-04-17,1000000.00,4.847337,99.04296875
08:00:30,91282CKJ9,TSRYS5784683,D,S,T,2024-04-17,1000000.00,4.847337,99.04296875
08:00:30,91282CKJ9,TSRYS5784683,D,S,T,2024-04-17,1000000.00,4.847337,99.04296875
08:00:30,91282CKJ9,TSRYS5784683,D,S,T,2024-04-17,1000000.00,4.848051,99.041015625
08:00:30,91282CKJ9,TSRYS5784683,D,S,T,2024-04-17,1000000.00,4.843058,99.0546875
08:00:30,91282CKJ9,TSRYS5784683,D,S,T,2024-04-17,1000000.00,4.843058,99.0546875
08:00:30,91282CKJ9,TSRYS5784683,D,S,T,2024-04-17,1000000.00,4.847337,99.04296875
08:00:30,91282CKJ9,TSRYS5784683,D,S,T,2024-04-17,1000000.00,4.853044,99.02734375
08:00:30,91282CKJ9,TSRYS5784683,D,S,T,2024-04-17,1000000.00,4.854471,99.0234375
08:00:30,91282CKJ9,TSRYS5784683,D,S,T,2024-04-17,1000000.00,4.854471,99.0234375
08:00:33,91282CKJ9,TSRYS5784683,D,S,T,2024-04-17,1000000.00,4.850191,99.03515625
08:00:33,91282CKJ9,TSRYS5784683,D,S,T,2024-04-17,1000000.00,4.851617,99.03125
08:00:33,91282CKJ9,TSRYS5784683,D,S,T,2024-04-17,1000000.00,4.851617,99.03125
08:00:33,91282CKJ9,TSRYS5784683,D,S,T,2024-04-17,2000000.00,4.841632,99.05859375
08:00:33,91282CKJ9,TSRYS5784683,D,S,T,2024-04-17,1000000.00,4.835927,99.07421875
08:00:33,91282CKJ9,TSRYS5784683,D,S,T,2024-04-17,1000000.00,4.82951,99.091796875
08:00:33,91282CKJ9,TSRYS5784683,D,S,T,2024-04-17,1000000.00,4.827372,99.09765625
08:00:33,91282CKJ9,TSRYS5784683,D,S,T,2024-04-17,1000000.00,4.827372,99.09765625
08:00:33,91282CKJ9,TSRYS5784683,D,S,T,2024-04-17,1000000.00,4.827372,99.09765625
08:00:33,91282CKJ9,TSRYS5784683,D,S,T,2024-04-17,1000000.00,4.824521,99.10546875
08:00:33,91282CKJ9,TSRYS5784683,D,S,T,2024-04-17,1000000.00,4.824521,99.10546875
08:00:33,91282CKJ9,TSRYS5784683,D,S,T,2024-04-17,1000000.00,4.824521,99.10546875
08:00:33,91282CKJ9,TSRYS5784683,D,S,T,2024-04-17,1000000.00,4.824521,99.10546875
08:00:33,91282CKJ9,TSRYS5784683,D,S,T,2024-04-17,1000000.00,4.823095,99.109375
08:00:33,91282CKJ9,TSRYS5784683,D,S,T,2024-04-17,1000000.00,4.824521,99.10546875
08:00:33,91282CKJ9,TSRYS5784683,D,S,T,2024-04-17,1000000.00,4.825234,99.103515625
08:00:33,91282CKJ9,TSRYS5784683,D,S,T,2024-04-17,1000000.00,4.827372,99.09765625
08:00:33,91282CKJ9,TSRYS5784683,D,S,T,2024-04-17,1000000.00,4.827372,99.09765625
08:00:33,91282CKJ9,TSRYS5784683,D,S,T,2024-04-17,1000000.00,4.827372,99.09765625
08:00:33,91282CKJ9,TSRYS5784683,D,S,T,2024-04-17,1000000.00,4.825946,99.1015625
08:00:33,91282CKJ9,TSRYS5784683,D,S,T,2024-04-17,1000000.00,4.827372,99.09765625
08:00:33,91282CKJ9,TSRYS5784683,D,S,T,2024-04-17,1000000.00,4.827372,99.09765625
08:00:33,91282CKJ9,TSRYS5784683,D,S,T,2024-04-17,1000000.00,4.827372,99.09765625
08:00:33,91282CKJ9,TSRYS5784683,D,S,T,2024-04-17,1000000.00,4.827372,99.09765625
08:00:33,91282CKJ9,TSRYS5784683,D,S,T,2024-04-17,1000000.00,4.827372,99.09765625
08:00:33,91282CKJ9,TSRYS5784683,D,S,T,2024-04-17,1000000.00,4.827372,99.09765625
08:00:33,91282CKJ9,TSRYS5784683,D,S,T,2024-04-17,1000000.00,4.827372,99.09765625
08:00:33,91282CKJ9,TSRYS5784683,D,S,T,2024-04-17,1000000.00,4.825946,99.1015625
08:00:33,91282CKJ9,TSRYS5784683,D,S,T,2024-04-17,1000000.00,4.825946,99.1015625
08:00:33,91282CKJ9,TSRYS5784683,D,S,T,2024-04-17,1000000.00,4.827372,99.09765625
08:00:33,91282CKJ9,TSRYS5784683,D,S,T,2024-04-17,1000000.00,4.827372,99.09765625
08:00:33,91282CKJ9,TSRYS5784683,D,S,T,2024-04-17,1000000.00,4.827372,99.09765625
08:00:33,91282CKJ9,TSRYS5784683,D,S,T,2024-04-17,1000000.00,4.827372,99.09765625
08:00:33,91282CKJ9,TSRYS5784683,D,S,T,2024-04-17,1000000.00,4.827372,99.09765625
08:00:33,91282CKJ9,TSRYS5784683,D,S,T,2024-04-17,1000000.00,4.827372,99.09765625
08:00:33,91282CKJ9,TSRYS5784683,D,S,T,2024-04-17,1000000.00,4.827372,99.09765625
08:00:33,91282CKJ9,TSRYS5784683,D,S,T,2024-04-17,1000000.00,4.827372,99.09765625
08:00:33,91282CKJ9,TSRYS5784683,D,S,T,2024-04-17,1000000.00,4.827372,99.09765625
08:00:33,91282CKJ9,TSRYS5784683,D,S,T,2024-04-17,2000000.00,4.827372,99.09765625
08:00:33,91282CKJ9,TSRYS5784683,D,S,T,2024-04-17,3000000.00,4.827372,99.09765625
08:00:33,91282CKJ9,TSRYS5784683,D,S,T,2024-04-17,1000000.00,4.827372,99.09765625
08:00:33,91282CKJ9,TSRYS5784683,D,S,T,2024-04-17,1000000.00,4.827372,99.09765625
08:00:33,91282CKJ9,TSRYS5784683,D,S,T,2024-04-17,1000000.00,4.828798,99.09375
08:00:33,91282CKJ9,TSRYS5784683,D,S,T,2024-04-17,1000000.00,4.828798,99.09375
08:00:33,91282CKJ9,TSRYS5784683,D,S,T,2024-04-17,1000000.00,4.828798,99.09375
08:00:33,91282CKJ9,TSRYS5784683,D,S,T,2024-04-17,1000000.00,4.830223,99.08984375
08:00:33,91282CKJ9,TSRYS5784683,D,S,T,2024-04-17,1000000.00,4.828798,99.09375
08:00:33,91282CKJ9,TSRYS5784683,D,S,T,2024-04-17,1000000.00,4.828798,99.09375
08:00:33,91282CKJ9,TSRYS5784683,D,S,T,2024-04-17,1000000.00,4.828798,99.09375
08:00:33,91282CKJ9,TSRYS5784683,D,S,T,2024-04-17,1000000.00,4.828798,99.09375
08:00:33,91282CKJ9,TSRYS5784683,D,S,T,2024-04-17,1000000.00,4.828798,99.09375
08:00:33,91282CKJ9,TSRYS5784683,D,S,T,2024-04-17,1000000.00,4.825946,99.1015625
08:00:33,91282CKJ9,TSRYS5784683,D,S,T,2024-04-17,1000000.00,4.825946,99.1015625
08:00:33,91282CKJ9,TSRYS5784683,D,S,T,2024-04-17,1000000.00,4.824521,99.10546875
08:00:33,91282CKJ9,TSRYS5784683,D,S,T,2024-04-17,1000000.00,4.825234,99.103515625
08:00:33,91282CKJ9,TSRYS5784683,D,S,T,2024-04-17,1000000.00,4.824521,99.10546875
08:00:33,91282CKJ9,TSRYS5784683,D,S,T,2024-04-17,1000000.00,4.824521,99.10546875
08:00:33,91282CKJ9,TSRYS5784683,D,S,T,2024-04-17,1000000.00,4.824521,99.10546875
08:00:33,91282CKJ9,TSRYS5784683,D,S,T,2024-04-17,2000000.00,4.825946,99.1015625
08:00:33,91282CKJ9,TSRYS5784683,D,S,T,2024-04-17,1000000.00,4.825946,99.1015625
08:00:33,91282CKJ9,TSRYS5784683,D,S,T,2024-04-17,1000000.00,4.825946,99.1015625
08:00:33,91282CKJ9,TSRYS5784683,D,S,T,2024-04-17,1000000.00,4.825946,99.1015625
08:00:33,91282CKJ9,TSRYS5784683,D,S,T,2024-04-17,1000000.00,4.825946,99.1015625
08:00:33,91282CKJ9,TSRYS5784683,D,S,T,2024-04-17,2000000.00,4.825946,99.1015625
08:00:33,91282CKJ9,TSRYS5784683,D,S,T,2024-04-17,1000000.00,4.825946,99.1015625
08:00:33,91282CKJ9,TSRYS5784683,D,S,T,2024-04-17,2000000.00,4.826659,99.099609375
08:00:33,91282CKJ9,TSRYS5784683,D,S,T,2024-04-17,1000000.00,4.826659,99.099609375
08:00:33,91282CKJ9,TSRYS5784683,D,S,T,2024-04-17,1000000.00,4.826659,99.099609375
08:00:33,91282CKJ9,TSRYS5784683,D,S,T,2024-04-17,1000000.00,4.826659,99.099609375
08:00:33,91282CKJ9,TSRYS5784683,D,S,T,2024-04-17,2000000.00,4.826659,99.099609375
08:00:33,91282CKJ9,TSRYS5784683,D,S,T,2024-04-17,1000000.00,4.826659,99.099609375
08:00:33,91282CKJ9,TSRYS5784683,D,S,T,2024-04-17,2000000.00,4.826659,99.099609375
08:00:33,91282CKJ9,TSRYS5784683,D,S,T,2024-04-17,1000000.00,4.826659,99.099609375
08:00:33,91282CKJ9,TSRYS5784683,D,S,T,2024-04-17,1000000.00,4.826659,99.099609375
08:00:33,91282CKJ9,TSRYS5784683,D,S,T,2024-04-17,1000000.00,4.826659,99.099609375
08:00:33,91282CKJ9,TSRYS5784683,D,S,T,2024-04-17,1000000.00,4.826659,99.099609375
08:00:33,91282CKJ9,TSRYS5784683,D,S,T,2024-04-17,1000000.00,4.826659,99.099609375
08:00:33,91282CKJ9,TSRYS5784683,D,S,T,2024-04-17,1000000.00,4.826659,99.099609375
08:00:33,91282CKJ9,TSRYS5784683,D,S,T,2024-04-17,1000000.00,4.826659,99.099609375
08:00:33,91282CKJ9,TSRYS5784683,D,S,T,2024-04-17,1000000.00,4.827372,99.09765625
08:00:33,91282CKJ9,TSRYS5784683,D,S,T,2024-04-17,1000000.00,4.827372,99.09765625
08:00:33,91282CKJ9,TSRYS5784683,D,S,T,2024-04-17,2000000.00,4.827372,99.09765625
08:00:33,91282CKJ9,TSRYS5784683,D,S,T,2024-04-17,2000000.00,4.826659,99.099609375
08:00:33,91282CKJ9,TSRYS5784683,D,S,T,2024-04-17,1000000.00,4.827372,99.09765625
08:00:33,91282CKJ9,TSRYS5784683,D,S,T,2024-04-17,1000000.00,4.827372,99.09765625
08:00:33,91282CKJ9,TSRYS5784683,D,S,T,2024-04-17,1000000.00,4.827372,99.09765625
08:00:33,91282CKJ9,TSRYS5784683,D,S,T,2024-04-17,1000000.00,4.827372,99.09765625
08:00:33,91282CKJ9,TSRYS5784683,D,S,T,2024-04-17,1000000.00,4.827372,99.09765625
08:00:33,91282CKJ9,TSRYS5784683,D,S,T,2024-04-17,1000000.00,4.827372,99.09765625
08:00:33,91282CKJ9,TSRYS5784683,D,S,T,2024-04-17,1000000.00,4.827372,99.09765625
08:00:33,91282CKJ9,TSRYS5784683,D,S,T,2024-04-17,1000000.00,4.824521,99.10546875
08:00:33,91282CKJ9,TSRYS5784683,D,S,T,2024-04-17,1000000.00,4.824521,99.10546875
08:00:33,91282CKJ9,TSRYS5784683,D,S,T,2024-04-17,1000000.00,4.824521,99.10546875
08:00:33,91282CKJ9,TSRYS5784683,D,S,T,2024-04-17,1000000.00,4.82167,99.11328125
08:00:33,91282CKJ9,TSRYS5784683,D,S,T,2024-04-17,1000000.00,4.82167,99.11328125
08:00:33,91282CKJ9,TSRYS5784683,D,S,T,2024-04-17,1000000.00,4.820245,99.1171875
08:00:33,91282CKJ9,TSRYS5784683,D,S,T,2024-04-17,1000000.00,4.820245,99.1171875
08:00:33,91282CKJ9,TSRYS5784683,D,S,T,2024-04-17,1000000.00,4.817394,99.125
08:00:33,91282CKJ9,TSRYS5784683,D,S,T,2024-04-17,1000000.00,4.817394,99.125
08:00:33,91282CKJ9,TSRYS5784683,D,S,T,2024-04-17,1000000.00,4.817394,99.125
08:00:33,91282CKJ9,TSRYS5784683,D,S,T,2024-04-17,1000000.00,4.818819,99.12109375
08:00:33,91282CKJ9,TSRYS5784683,D,S,T,2024-04-17,1000000.00,4.818819,99.12109375
08:00:33,91282CKJ9,TSRYS5784683,D,S,T,2024-04-17,1000000.00,4.818819,99.12109375
08:00:33,91282CKJ9,TSRYS5784683,D,S,T,2024-04-17,1000000.00,4.818819,99.12109375
08:00:33,91282CKJ9,TSRYS5784683,D,S,T,2024-04-17,1000000.00,4.818107,99.123046875
08:00:33,91282CKJ9,TSRYS5784683,D,S,T,2024-04-17,2000000.00,4.818107,99.123046875
08:00:33,91282CKJ9,TSRYS5784683,D,S,T,2024-04-17,1000000.00,4.818819,99.12109375
08:00:33,91282CKJ9,TSRYS5784683,D,S,T,2024-04-17,2000000.00,4.819532,99.119140625
08:00:33,91282CKJ9,TSRYS5784683,D,S,T,2024-04-17,1000000.00,4.820245,99.1171875
08:00:33,91282CKJ9,TSRYS5784683,D,S,T,2024-04-17,1000000.00,4.820245,99.1171875
08:00:33,91282CKJ9,TSRYS5784683,D,S,T,2024-04-17,1000000.00,4.82167,99.11328125
08:00:33,91282CKJ9,TSRYS5784683,D,S,T,2024-04-17,1000000.00,4.82167,99.11328125
08:00:33,91282CKJ9,TSRYS5784683,D,S,T,2024-04-17,1000000.00,4.820245,99.1171875
08:00:33,91282CKJ9,TSRYS5784683,D,S,T,2024-04-17,1000000.00,4.820245,99.1171875
08:00:33,91282CKJ9,TSRYS5784683,D,S,T,2024-04-17,1000000.00,4.818819,99.12109375
08:00:33,91282CKJ9,TSRYS5784683,D,S,T,2024-04-17,1000000.00,4.817394,99.125
08:00:33,91282CKJ9,TSRYS5784683,D,S,T,2024-04-17,1000000.00,4.813119,99.13671875
08:00:33,91282CKJ9,TSRYS5784683,D,S,T,2024-04-17,2000000.00,4.813119,99.13671875
08:00:33,91282CKJ9,TSRYS5784683,D,S,T,2024-04-17,1000000.00,4.813119,99.13671875
08:00:33,91282CKJ9,TSRYS5784683,D,S,T,2024-04-17,1000000.00,4.813119,99.13671875
08:00:33,91282CKJ9,TSRYS5784683,D,S,T,2024-04-17,3000000.00,4.813119,99.13671875
08:00:33,91282CKJ9,TSRYS5784683,D,S,T,2024-04-17,1000000.00,4.813119,99.13671875
08:00:33,91282CKJ9,TSRYS5784683,D,S,T,2024-04-17,1000000.00,4.813832,99.134765625
08:00:33,91282CKJ9,TSRYS5784683,D,S,T,2024-04-17,1000000.00,4.813119,99.13671875
08:00:33,91282CKJ9,TSRYS5784683,D,S,T,2024-04-17,1000000.00,4.813119,99.13671875
08:00:33,91282CKJ9,TSRYS5784683,D,S,T,2024-04-17,1000000.00,4.815969,99.12890625
08:00:33,91282CKJ9,TSRYS5784683,D,S,T,2024-04-17,1000000.00,4.817394,99.125
08:00:33,91282CKJ9,TSRYS5784683,D,S,T,2024-04-17,1000000.00,4.818819,99.12109375
08:00:33,91282CKJ9,TSRYS5784683,D,S,T,2024-04-17,1000000.00,4.817394,99.125
08:00:33,91282CKJ9,TSRYS5784683,D,S,D,2024-04-17,2000000.00,4.816682,99.126953125
08:00:33,91282CKJ9,TSRYS5784683,D,S,T,2024-04-17,2000000.00,4.816682,99.126953125
08:00:33,91282CKJ9,TSRYS5784683,D,S,T,2024-04-17,1000000.00,4.817394,99.125
08:00:33,91282CKJ9,TSRYS5784683,D,S,T,2024-04-17,2000000.00,4.815969,99.12890625
08:00:33,91282CKJ9,TSRYS5784683,D,S,T,2024-04-17,1000000.00,4.817394,99.125
08:00:33,91282CKJ9,TSRYS5784683,D,S,T,2024-04-17,1000000.00,4.817394,99.125
08:00:33,91282CKJ9,TSRYS5784683,D,S,T,2024-04-17,1000000.00,4.817394,99.125
08:00:33,91282CKJ9,TSRYS5784683,D,S,T,2024-04-17,1000000.00,4.817394,99.125
08:00:33,91282CKJ9,TSRYS5784683,D,S,T,2024-04-17,1000000.00,4.817394,99.125
08:00:33,91282CKJ9,TSRYS5784683,D,S,T,2024-04-17,1000000.00,4.814544,99.1328125
08:00:33,91282CKJ9,TSRYS5784683,D,S,T,2024-04-17,1000000.00,4.814544,99.1328125
08:00:33,91282CKJ9,TSRYS5784683,D,S,T,2024-04-17,1000000.00,4.814544,99.1328125
08:00:33,91282CKJ9,TSRYS5784683,D,S,T,2024-04-17,1000000.00,4.815257,99.130859375
08:00:33,91282CKJ9,TSRYS5784683,D,S,T,2024-04-17,1000000.00,4.815969,99.12890625
08:00:33,91282CKJ9,TSRYS5784683,D,S,T,2024-04-17,1000000.00,4.815969,99.12890625
08:00:33,91282CKJ9,TSRYS5784683,D,S,T,2024-04-17,1000000.00,4.820245,99.1171875
08:00:33,91282CKJ9,TSRYS5784683,D,S,T,2024-04-17,2000000.00,4.820245,99.1171875
08:00:33,91282CKJ9,TSRYS5784683,D,S,T,2024-04-17,1000000.00,4.819532,99.119140625
08:00:33,91282CKJ9,TSRYS5784683,D,S,T,2024-04-17,1000000.00,4.818819,99.12109375
08:00:33,91282CKJ9,TSRYS5784683,D,S,T,2024-04-17,1000000.00,4.813119,99.13671875
08:00:33,91282CKJ9,TSRYS5784683,D,S,T,2024-04-17,1000000.00,4.814544,99.1328125
08:00:33,91282CKJ9,TSRYS5784683,D,S,T,2024-04-17,1000000.00,4.814544,99.1328125
08:00:33,91282CKJ9,TSRYS5784683,D,S,T,2024-04-17,2000000.00,4.814544,99.1328125
08:00:33,91282CKJ9,TSRYS5784683,D,S,T,2024-04-17,2000000.00,4.814544,99.1328125
08:00:33,91282CKJ9,TSRYS5784683,D,S,T,2024-04-17,1000000.00,4.814544,99.1328125
08:00:33,91282CKJ9,TSRYS5784683,D,S,T,2024-04-17,1000000.00,4.814544,99.1328125
08:00:33,91282CKJ9,TSRYS5784683,D,S,T,2024-04-17,1000000.00,4.814544,99.1328125
08:00:33,91282CKJ9,TSRYS5784683,D,S,T,2024-04-17,2000000.00,4.814544,99.1328125
08:00:33,91282CKJ9,TSRYS5784683,D,S,T,2024-04-17,1000000.00,4.816682,99.126953125
08:00:33,91282CKJ9,TSRYS5784683,D,S,T,2024-04-17,1000000.00,4.816682,99.126953125
08:00:33,91282CKJ9,TSRYS5784683,D,S,T,2024-04-17,1000000.00,4.813119,99.13671875
08:00:33,91282CKJ9,TSRYS5784683,D,S,T,2024-04-17,1000000.00,4.805995,99.15625
08:00:33,91282CKJ9,TSRYS5784683,D,S,T,2024-04-17,2000000.00,4.805995,99.15625
08:00:33,91282CKJ9,TSRYS5784683,D,S,T,2024-04-17,1000000.00,4.805995,99.15625
08:00:33,91282CKJ9,TSRYS5784683,D,S,T,2024-04-17,1000000.00,4.805995,99.15625
08:00:33,91282CKJ9,TSRYS5784683,D,S,T,2024-04-17,1000000.00,4.805995,99.15625
08:00:33,91282CKJ9,TSRYS5784683,D,S,T,2024-04-17,1000000.00,4.804571,99.16015625
08:00:33,91282CKJ9,TSRYS5784683,D,S,T,2024-04-17,1000000.00,4.804571,99.16015625
08:00:33,91282CKJ9,TSRYS5784683,D,S,T,2024-04-17,1000000.00,4.805995,99.15625
08:00:33,91282CKJ9,TSRYS5784683,D,S,T,2024-04-17,1000000.00,4.805995,99.15625
08:00:33,91282CKJ9,TSRYS5784683,D,S,T,2024-04-17,1000000.00,4.805995,99.15625
08:00:33,91282CKJ9,TSRYS5784683,D,S,T,2024-04-17,1000000.00,4.805995,99.15625
08:00:33,91282CKJ9,TSRYS5784683,D,S,T,2024-04-17,1000000.00,4.805995,99.15625
08:00:33,91282CKJ9,TSRYS5784683,D,S,T,2024-04-17,1000000.00,4.805995,99.15625
08:00:33,91282CKJ9,TSRYS5784683,D,S,T,2024-04-17,1000000.00,4.804571,99.16015625
08:00:33,91282CKJ9,TSRYS5784683,D,S,T,2024-04-17,1000000.00,4.804571,99.16015625
08:00:33,91282CKJ9,TSRYS5784683,D,S,T,2024-04-17,2000000.00,4.802434,99.166015625
08:00:33,91282CKJ9,TSRYS5784683,D,S,T,2024-04-17,1000000.00,4.805995,99.15625
08:00:33,91282CKJ9,TSRYS5784683,D,S,T,2024-04-17,1000000.00,4.805995,99.15625
08:00:33,91282CKJ9,TSRYS5784683,D,S,T,2024-04-17,1000000.00,4.805995,99.15625
08:00:33,91282CKJ9,TSRYS5784683,D,S,T,2024-04-17,1000000.00,4.805995,99.15625
08:00:33,91282CKJ9,TSRYS5784683,D,S,T,2024-04-17,1000000.00,4.805995,99.15625
08:00:33,91282CKJ9,TSRYS5784683,D,S,T,2024-04-17,1000000.00,4.804571,99.16015625
08:00:33,91282CKJ9,TSRYS5784683,D,S,T,2024-04-17,2000000.00,4.804571,99.16015625
08:00:33,91282CKJ9,TSRYS5784683,D,S,T,2024-04-17,1000000.00,4.804571,99.16015625
08:00:33,91282CKJ9,TSRYS5784683,D,S,T,2024-04-17,1000000.00,4.804571,99.16015625
08:00:33,91282CKJ9,TSRYS5784683,D,S,T,2024-04-17,1000000.00,4.804571,99.16015625
08:00:33,91282CKJ9,TSRYS5784683,D,S,T,2024-04-17,1000000.00,4.804571,99.16015625
08:00:33,91282CKJ9,TSRYS5784683,D,S,T,2024-04-17,1000000.00,4.804571,99.16015625
08:00:33,91282CKJ9,TSRYS5784683,D,S,T,2024-04-17,1000000.00,4.803146,99.1640625
08:00:33,91282CKJ9,TSRYS5784683,D,S,T,2024-04-17,2000000.00,4.798873,99.17578125
08:00:33,91282CKJ9,TSRYS5784683,D,S,T,2024-04-17,1000000.00,4.798873,99.17578125
08:00:33,91282CKJ9,TSRYS5784683,D,S,T,2024-04-17,3000000.00,4.798873,99.17578125
08:00:33,91282CKJ9,TSRYS5784683,D,S,T,2024-04-17,1000000.00,4.798873,99.17578125
08:00:33,91282CKJ9,TSRYS5784683,D,S,T,2024-04-17,1000000.00,4.797449,99.1796875
08:00:33,91282CKJ9,TSRYS5784683,D,S,T,2024-04-17,1000000.00,4.796737,99.181640625
08:00:33,91282CKJ9,TSRYS5784683,D,S,T,2024-04-17,3000000.00,4.795313,99.185546875
08:00:33,91282CKJ9,TSRYS5784683,D,S,T,2024-04-17,1000000.00,4.796025,99.18359375
08:00:33,91282CKJ9,TSRYS5784683,D,S,T,2024-04-17,1000000.00,4.797449,99.1796875
08:00:33,91282CKJ9,TSRYS5784683,D,S,T,2024-04-17,1000000.00,4.797449,99.1796875
08:00:33,91282CKJ9,TSRYS5784683,D,S,T,2024-04-17,1000000.00,4.797449,99.1796875
08:00:33,91282CKJ9,TSRYS5784683,D,S,T,2024-04-17,1000000.00,4.796025,99.18359375
08:00:33,91282CKJ9,TSRYS5784683,D,S,T,2024-04-17,2000000.00,4.795313,99.185546875
08:00:33,91282CKJ9,TSRYS5784683,D,S,T,2024-04-17,1000000.00,4.796025,99.18359375
08:00:33,91282CKJ9,TSRYS5784683,D,S,T,2024-04-17,1000000.00,4.794601,99.1875
08:00:33,91282CKJ9,TSRYS5784683,D,S,T,2024-04-17,1000000.00,4.793176,99.19140625
08:00:33,91282CKJ9,TSRYS5784683,D,S,T,2024-04-17,1000000.00,4.791753,99.1953125
08:00:33,91282CKJ9,TSRYS5784683,D,S,T,2024-04-17,1000000.00,4.790329,99.19921875
08:00:33,91282CKJ9,TSRYS5784683,D,S,T,2024-04-17,1000000.00,4.788905,99.203125
08:00:33,91282CKJ9,TSRYS5784683,D,S,T,2024-04-17,1000000.00,4.790329,99.19921875
08:00:33,91282CKJ9,TSRYS5784683,D,S,T,2024-04-17,1000000.00,4.795313,99.185546875
08:00:33,91282CKJ9,TSRYS5784683,D,S,T,2024-04-17,1000000.00,4.795313,99.185546875
08:00:33,91282CKJ9,TSRYS5784683,D,S,T,2024-04-17,1000000.00,4.796025,99.18359375
08:00:33,91282CKJ9,TSRYS5784683,D,S,T,2024-04-17,1000000.00,4.798161,99.177734375
08:00:33,91282CKJ9,TSRYS5784683,D,S,T,2024-04-17,1000000.00,4.798873,99.17578125
08:00:33,91282CKJ9,TSRYS5784683,D,S,T,2024-04-17,1000000.00,4.797449,99.1796875
08:00:33,91282CKJ9,TSRYS5784683,D,S,T,2024-04-17,1000000.00,4.798873,99.17578125
08:00:33,91282CKJ9,TSRYS5784683,D,S,T,2024-04-17,1000000.00,4.798873,99.17578125
08:00:33,91282CKJ9,TSRYS5784683,D,S,T,2024-04-17,1000000.00,4.798873,99.17578125
08:00:33,91282CKJ9,TSRYS5784683,D,S,T,2024-04-17,1000000.00,4.800297,99.171875
08:00:33,91282CKJ9,TSRYS5784683,D,S,T,2024-04-17,2000000.00,4.801009,99.169921875
08:00:33,91282CKJ9,TSRYS5784683,D,S,T,2024-04-17,1000000.00,4.801722,99.16796875
08:00:33,91282CKJ9,TSRYS5784683,D,S,T,2024-04-17,1000000.00,4.799585,99.173828125
08:00:33,91282CKJ9,TSRYS5784683,D,S,T,2024-04-17,1000000.00,4.798873,99.17578125
08:00:33,91282CKJ9,TSRYS5784683,D,S,T,2024-04-17,2000000.00,4.800297,99.171875
08:00:33,91282CKJ9,TSRYS5784683,D,S,T,2024-04-17,1000000.00,4.800297,99.171875
08:00:33,91282CKJ9,TSRYS5784683,D,S,T,2024-04-17,1000000.00,4.800297,99.171875
08:00:33,91282CKJ9,TSRYS5784683,D,S,T,2024-04-17,1000000.00,4.800297,99.171875
08:00:33,91282CKJ9,TSRYS5784683,D,S,T,2024-04-17,1000000.00,4.798873,99.17578125
08:00:33,91282CKJ9,TSRYS5784683,D,S,T,2024-04-17,1000000.00,4.797449,99.1796875
08:00:33,91282CKJ9,TSRYS5784683,D,S,T,2024-04-17,1000000.00,4.797449,99.1796875
08:00:33,91282CKJ9,TSRYS5784683,D,S,T,2024-04-17,1000000.00,4.798873,99.17578125
08:00:33,91282CKJ9,TSRYS5784683,D,S,T,2024-04-17,1000000.00,4.800297,99.171875
08:00:33,91282CKJ9,TSRYS5784683,D,S,T,2024-04-17,1000000.00,4.800297,99.171875
08:00:33,91282CKJ9,TSRYS5784683,D,S,T,2024-04-17,1000000.00,4.800297,99.171875
08:00:33,91282CKJ9,TSRYS5784683,D,S,T,2024-04-17,1000000.00,4.800297,99.171875
08:00:33,91282CKJ9,TSRYS5784683,D,S,T,2024-04-17,1000000.00,4.800297,99.171875
08:00:33,91282CKJ9,TSRYS5784683,D,S,T,2024-04-17,2000000.00,4.800297,99.171875
08:00:33,91282CKJ9,TSRYS5784683,D,S,T,2024-04-17,1000000.00,4.800297,99.171875
08:00:33,91282CKJ9,TSRYS5784683,D,S,T,2024-04-17,1000000.00,4.800297,99.171875
08:00:33,91282CKJ9,TSRYS5784683,D,S,T,2024-04-17,1000000.00,4.800297,99.171875
08:00:33,91282CKJ9,TSRYS5784683,D,S,T,2024-04-17,3000000.00,4.799585,99.173828125
08:00:33,91282CKJ9,TSRYS5784683,D,S,T,2024-04-17,3000000.00,4.798873,99.17578125
08:00:33,91282CKJ9,TSRYS5784683,D,S,T,2024-04-17,3000000.00,4.799585,99.173828125
08:00:33,91282CKJ9,TSRYS5784683,D,S,T,2024-04-17,1000000.00,4.800297,99.171875
08:00:33,91282CKJ9,TSRYS5784683,D,S,T,2024-04-17,1000000.00,4.798873,99.17578125
08:00:33,91282CKJ9,TSRYS5784683,D,S,T,2024-04-17,1000000.00,4.799585,99.173828125
08:00:33,91282CKJ9,TSRYS5784683,D,S,T,2024-04-17,1000000.00,4.799585,99.173828125
08:00:33,91282CKJ9,TSRYS5784683,D,S,T,2024-04-17,2000000.00,4.799585,99.173828125
08:00:33,91282CKJ9,TSRYS5784683,D,S,T,2024-04-17,1000000.00,4.799585,99.173828125
08:00:33,91282CKJ9,TSRYS5784683,D,S,T,2024-04-17,1000000.00,4.799585,99.173828125
08:00:33,91282CKJ9,TSRYS5784683,D,S,T,2024-04-17,3000000.00,4.799585,99.173828125
08:00:33,91282CKJ9,TSRYS5784683,D,S,T,2024-04-17,1000000.00,4.799585,99.173828125
08:00:33,91282CKJ9,TSRYS5784683,D,S,T,2024-04-17,2000000.00,4.799585,99.173828125
08:00:33,91282CKJ9,TSRYS5784683,D,S,T,2024-04-17,1000000.00,4.800297,99.171875
08:00:33,91282CKJ9,TSRYS5784683,D,S,T,2024-04-17,1000000.00,4.799585,99.173828125
08:00:33,91282CKJ9,TSRYS5784683,D,S,T,2024-04-17,3000000.00,4.799585,99.173828125
08:00:33,91282CKJ9,TSRYS5784683,D,S,T,2024-04-17,1000000.00,4.799585,99.173828125
08:00:33,91282CKJ9,TSRYS5784683,D,S,T,2024-04-17,1000000.00,4.799585,99.173828125
08:00:33,91282CKJ9,TSRYS5784683,D,S,T,2024-04-17,3000000.00,4.799585,99.173828125
08:00:33,91282CKJ9,TSRYS5784683,D,S,T,2024-04-17,3000000.00,4.799585,99.173828125
08:00:33,91282CKJ9,TSRYS5784683,D,S,T,2024-04-17,1000000.00,4.799585,99.173828125
08:00:33,91282CKJ9,TSRYS5784683,D,S,T,2024-04-17,1000000.00,4.799585,99.173828125
08:00:33,91282CKJ9,TSRYS5784683,D,S,T,2024-04-17,1000000.00,4.799585,99.173828125
08:00:33,91282CKJ9,TSRYS5784683,D,S,T,2024-04-17,1000000.00,4.799585,99.173828125
08:00:33,91282CKJ9,TSRYS5784683,D,S,T,2024-04-17,1000000.00,4.799585,99.173828125
08:00:33,91282CKJ9,TSRYS5784683,D,S,T,2024-04-17,1000000.00,4.799585,99.173828125
08:00:33,91282CKJ9,TSRYS5784683,D,S,T,2024-04-17,1000000.00,4.798873,99.17578125
08:00:33,91282CKJ9,TSRYS5784683,D,S,T,2024-04-17,1000000.00,4.798873,99.17578125
08:00:33,91282CKJ9,TSRYS5784683,D,S,T,2024-04-17,2000000.00,4.798161,99.177734375
08:00:33,91282CKJ9,TSRYS5784683,D,S,T,2024-04-17,1000000.00,4.798161,99.177734375
08:00:33,91282CKJ9,TSRYS5784683,D,S,T,2024-04-17,1000000.00,4.798161,99.177734375
08:00:33,91282CKJ9,TSRYS5784683,D,S,T,2024-04-17,1000000.00,4.797449,99.1796875
08:00:33,91282CKJ9,TSRYS5784683,D,S,T,2024-04-17,1000000.00,4.797449,99.1796875
08:00:33,91282CKJ9,TSRYS5784683,D,S,T,2024-04-17,1000000.00,4.797449,99.1796875
08:00:33,91282CKJ9,TSRYS5784683,D,S,T,2024-04-17,1000000.00,4.797449,99.1796875
08:00:33,91282CKJ9,TSRYS5784683,D,S,T,2024-04-17,1000000.00,4.800297,99.171875
08:00:33,91282CKJ9,TSRYS5784683,D,S,T,2024-04-17,1000000.00,4.798873,99.17578125
08:00:33,91282CKJ9,TSRYS5784683,D,S,T,2024-04-17,1000000.00,4.798873,99.17578125
08:00:33,91282CKJ9,TSRYS5784683,D,S,T,2024-04-17,2000000.00,4.798873,99.17578125
08:00:33,91282CKJ9,TSRYS5784683,D,S,T,2024-04-17,1000000.00,4.798873,99.17578125
08:00:33,91282CKJ9,TSRYS5784683,D,S,T,2024-04-17,2000000.00,4.800297,99.171875
08:00:33,91282CKJ9,TSRYS5784683,D,S,T,2024-04-17,1000000.00,4.800297,99.171875
08:00:33,91282CKJ9,TSRYS5784683,D,S,T,2024-04-17,1000000.00,4.801009,99.169921875
08:00:33,91282CKJ9,TSRYS5784683,D,S,T,2024-04-17,1000000.00,4.801009,99.169921875
08:00:33,91282CKJ9,TSRYS5784683,D,S,T,2024-04-17,2000000.00,4.801009,99.169921875
08:00:33,91282CKJ9,TSRYS5784683,D,S,T,2024-04-17,1000000.00,4.801009,99.169921875
08:00:33,91282CKJ9,TSRYS5784683,D,S,T,2024-04-17,2000000.00,4.801009,99.169921875
08:00:33,91282CKJ9,TSRYS5784683,D,S,T,2024-04-17,1000000.00,4.801009,99.169921875
08:00:33,91282CKJ9,TSRYS5784683,D,S,T,2024-04-17,1000000.00,4.801009,99.169921875
08:00:33,91282CKJ9,TSRYS5784683,D,S,T,2024-04-17,1000000.00,4.801009,99.169921875
08:00:33,91282CKJ9,TSRYS5784683,D,S,T,2024-04-17,1000000.00,4.801009,99.169921875
08:00:33,91282CKJ9,TSRYS5784683,D,S,T,2024-04-17,1000000.00,4.801009,99.169921875
08:00:33,91282CKJ9,TSRYS5784683,D,S,T,2024-04-17,1000000.00,4.801009,99.169921875
08:00:33,91282CKJ9,TSRYS5784683,D,S,T,2024-04-17,1000000.00,4.801009,99.169921875
08:00:33,91282CKJ9,TSRYS5784683,D,S,T,2024-04-17,1000000.00,4.801009,99.169921875
08:00:33,91282CKJ9,TSRYS5784683,D,S,T,2024-04-17,1000000.00,4.801009,99.169921875
08:00:33,91282CKJ9,TSRYS5784683,D,S,T,2024-04-17,1000000.00,4.801009,99.169921875
08:00:33,91282CKJ9,TSRYS5784683,D,S,T,2024-04-17,2000000.00,4.801009,99.169921875
08:00:33,91282CKJ9,TSRYS5784683,D,S,T,2024-04-17,1000000.00,4.801009,99.169921875
08:00:33,91282CKJ9,TSRYS5784683,D,S,T,2024-04-17,1000000.00,4.800297,99.171875
08:00:33,91282CKJ9,TSRYS5784683,D,S,T,2024-04-17,1000000.00,4.800297,99.171875
08:00:33,91282CKJ9,TSRYS5784683,D,S,T,2024-04-17,1000000.00,4.800297,99.171875
08:00:33,91282CKJ9,TSRYS5784683,D,S,T,2024-04-17,1000000.00,4.800297,99.171875
08:00:33,91282CKJ9,TSRYS5784683,D,S,T,2024-04-17,1000000.00,4.800297,99.171875
08:00:33,91282CKJ9,TSRYS5784683,D,S,T,2024-04-17,1000000.00,4.801009,99.169921875
08:00:33,91282CKJ9,TSRYS5784683,D,S,T,2024-04-17,1000000.00,4.801009,99.169921875
08:00:33,91282CKJ9,TSRYS5784683,D,S,T,2024-04-17,2000000.00,4.801009,99.169921875
08:00:33,91282CKJ9,TSRYS5784683,D,S,T,2024-04-17,1000000.00,4.801009,99.169921875
08:00:33,91282CKJ9,TSRYS5784683,D,S,T,2024-04-17,1000000.00,4.801009,99.169921875
08:00:33,91282CKJ9,TSRYS5784683,D,S,T,2024-04-17,1000000.00,4.801009,99.169921875
08:00:33,91282CKJ9,TSRYS5784683,D,S,T,2024-04-17,1000000.00,4.801009,99.169921875
08:00:33,91282CKJ9,TSRYS5784683,D,S,T,2024-04-17,1000000.00,4.801009,99.169921875
08:00:33,91282CKJ9,TSRYS5784683,D,S,T,2024-04-17,1000000.00,4.801009,99.169921875
08:00:33,91282CKJ9,TSRYS5784683,D,S,T,2024-04-17,1000000.00,4.801009,99.169921875
08:00:33,91282CKJ9,TSRYS5784683,D,S,T,2024-04-17,1000000.00,4.801009,99.169921875
08:00:33,91282CKJ9,TSRYS5784683,D,S,T,2024-04-17,1000000.00,4.801009,99.169921875
08:00:33,91282CKJ9,TSRYS5784683,D,S,T,2024-04-17,2000000.00,4.801009,99.169921875
08:00:33,91282CKJ9,TSRYS5784683,D,S,T,2024-04-17,1000000.00,4.801009,99.169921875
08:00:33,91282CKJ9,TSRYS5784683,D,S,T,2024-04-17,1000000.00,4.804571,99.16015625
08:00:33,91282CKJ9,TSRYS5784683,D,S,T,2024-04-17,3000000.00,4.802434,99.166015625
08:00:33,91282CKJ9,TSRYS5784683,D,S,T,2024-04-17,3000000.00,4.802434,99.166015625
08:00:33,91282CKJ9,TSRYS5784683,D,S,T,2024-04-17,1000000.00,4.802434,99.166015625
08:00:33,91282CKJ9,TSRYS5784683,D,S,T,2024-04-17,2000000.00,4.802434,99.166015625
08:00:33,91282CKJ9,TSRYS5784683,D,S,T,2024-04-17,1000000.00,4.802434,99.166015625
08:00:33,91282CKJ9,TSRYS5784683,D,S,T,2024-04-17,1000000.00,4.802434,99.166015625
08:00:33,91282CKJ9,TSRYS5784683,D,S,T,2024-04-17,1000000.00,4.802434,99.166015625
08:00:33,91282CKJ9,TSRYS5784683,D,S,T,2024-04-17,1000000.00,4.802434,99.166015625
08:00:33,91282CKJ9,TSRYS5784683,D,S,T,2024-04-17,2000000.00,4.802434,99.166015625
08:00:33,91282CKJ9,TSRYS5784683,D,S,T,2024-04-17,1000000.00,4.802434,99.166015625
08:00:33,91282CKJ9,TSRYS5784683,D,S,T,2024-04-17,2000000.00,4.801722,99.16796875
08:00:33,91282CKJ9,TSRYS5784683,D,S,T,2024-04-17,1000000.00,4.801722,99.16796875
08:00:33,91282CKJ9,TSRYS5784683,D,S,T,2024-04-17,1000000.00,4.801722,99.16796875
08:00:33,91282CKJ9,TSRYS5784683,D,S,T,2024-04-17,1000000.00,4.801722,99.16796875
08:00:33,91282CKJ9,TSRYS5784683,D,S,T,2024-04-17,3000000.00,4.801722,99.16796875
08:00:33,91282CKJ9,TSRYS5784683,D,S,T,2024-04-17,1000000.00,4.802434,99.166015625
08:00:33,91282CKJ9,TSRYS5784683,D,S,T,2024-04-17,1000000.00,4.802434,99.166015625
08:00:33,91282CKJ9,TSRYS5784683,D,S,T,2024-04-17,1000000.00,4.802434,99.166015625
08:00:33,91282CKJ9,TSRYS5784683,D,S,T,2024-04-17,1000000.00,4.803146,99.1640625
08:00:33,91282CKJ9,TSRYS5784683,D,S,D,2024-04-17,1000000.00,4.798873,99.17578125
08:00:33,91282CKJ9,TSRYS5784683,D,S,T,2024-04-17,1000000.00,4.805995,99.15625
08:00:33,91282CKJ9,TSRYS5784683,D,S,T,2024-04-17,1000000.00,4.804571,99.16015625
08:00:33,91282CKJ9,TSRYS5784683,D,S,T,2024-04-17,1000000.00,4.804571,99.16015625
08:00:33,91282CKJ9,TSRYS5784683,D,S,T,2024-04-17,1000000.00,4.804571,99.16015625
08:00:33,91282CKJ9,TSRYS5784683,D,S,T,2024-04-17,1000000.00,4.804571,99.16015625
08:00:33,91282CKJ9,TSRYS5784683,D,S,T,2024-04-17,1000000.00,4.804571,99.16015625
08:00:33,91282CKJ9,TSRYS5784683,D,S,T,2024-04-17,1000000.00,4.804571,99.16015625
08:00:33,91282CKJ9,TSRYS5784683,D,S,T,2024-04-17,1000000.00,4.805995,99.15625
08:00:33,91282CKJ9,TSRYS5784683,D,S,T,2024-04-17,1000000.00,4.80742,99.15234375
08:00:33,91282CKJ9,TSRYS5784683,D,S,T,2024-04-17,1000000.00,4.80742,99.15234375
08:00:33,91282CKJ9,TSRYS5784683,D,S,T,2024-04-17,1000000.00,4.808845,99.1484375
08:00:33,91282CKJ9,TSRYS5784683,D,S,T,2024-04-17,1000000.00,4.808845,99.1484375
08:00:33,91282CKJ9,TSRYS5784683,D,S,T,2024-04-17,3000000.00,4.810982,99.142578125
08:00:33,91282CKJ9,TSRYS5784683,D,S,T,2024-04-17,1000000.00,4.810982,99.142578125
08:00:33,91282CKJ9,TSRYS5784683,D,S,T,2024-04-17,1000000.00,4.810982,99.142578125
08:00:33,91282CKJ9,TSRYS5784683,D,S,T,2024-04-17,1000000.00,4.811694,99.140625
08:00:33,91282CKJ9,TSRYS5784683,D,S,T,2024-04-17,2000000.00,4.810269,99.14453125
08:00:33,91282CKJ9,TSRYS5784683,D,S,T,2024-04-17,1000000.00,4.811694,99.140625
08:00:33,91282CKJ9,TSRYS5784683,D,S,T,2024-04-17,1000000.00,4.811694,99.140625
08:00:33,91282CKJ9,TSRYS5784683,D,S,T,2024-04-17,1000000.00,4.810269,99.14453125
08:00:33,91282CKJ9,TSRYS5784683,D,S,T,2024-04-17,1000000.00,4.80742,99.15234375
08:00:33,91282CKJ9,TSRYS5784683,D,S,T,2024-04-17,2000000.00,4.80742,99.15234375
08:00:33,91282CKJ9,TSRYS5784683,D,S,T,2024-04-17,1000000.00,4.808845,99.1484375
08:00:33,91282CKJ9,TSRYS5784683,D,S,T,2024-04-17,2000000.00,4.808845,99.1484375
08:00:33,91282CKJ9,TSRYS5784683,D,S,T,2024-04-17,1000000.00,4.810269,99.14453125
08:00:33,91282CKJ9,TSRYS5784683,D,S,T,2024-04-17,1000000.00,4.811694,99.140625
08:00:33,91282CKJ9,TSRYS5784683,D,S,T,2024-04-17,1000000.00,4.818819,99.12109375
08:00:33,91282CKJ9,TSRYS5784683,D,S,T,2024-04-17,1000000.00,4.818819,99.12109375
08:00:33,91282CKJ9,TSRYS5784683,D,S,T,2024-04-17,1000000.00,4.817394,99.125
08:00:33,91282CKJ9,TSRYS5784683,D,S,T,2024-04-17,1000000.00,4.815969,99.12890625
08:00:33,91282CKJ9,TSRYS5784683,D,S,T,2024-04-17,1000000.00,4.814544,99.1328125
08:00:33,91282CKJ9,TSRYS5784683,D,S,T,2024-04-17,1000000.00,4.814544,99.1328125
08:00:33,91282CKJ9,TSRYS5784683,D,S,T,2024-04-17,1000000.00,4.814544,99.1328125
08:00:33,91282CKJ9,TSRYS5784683,D,S,T,2024-04-17,1000000.00,4.815969,99.12890625
08:00:33,91282CKJ9,TSRYS5784683,D,S,T,2024-04-17,1000000.00,4.817394,99.125
08:00:33,91282CKJ9,TSRYS5784683,D,S,T,2024-04-17,1000000.00,4.817394,99.125
08:00:33,91282CKJ9,TSRYS5784683,D,S,T,2024-04-17,1000000.00,4.817394,99.125
08:00:33,91282CKJ9,TSRYS5784683,D,S,T,2024-04-17,1000000.00,4.817394,99.125
08:00:33,91282CKJ9,TSRYS5784683,D,S,T,2024-04-17,1000000.00,4.815969,99.12890625
08:00:33,91282CKJ9,TSRYS5784683,D,S,T,2024-04-17,1000000.00,4.813119,99.13671875
08:00:33,91282CKJ9,TSRYS5784683,D,S,T,2024-04-17,2000000.00,4.813119,99.13671875
08:00:33,91282CKJ9,TSRYS5784683,D,S,T,2024-04-17,1000000.00,4.813119,99.13671875
08:00:33,91282CKJ9,TSRYS5784683,D,S,D,2024-04-17,1000000.00,4.848764,99.0390625
08:00:33,91282CKJ9,TSRYS5784683,D,S,D,2024-04-17,1000000.00,4.841632,99.05859375
08:00:33,91282CKJ9,TSRYS5784683,D,S,D,2024-04-17,1000000.00,4.841632,99.05859375
08:00:33,91282CKJ9,TSRYS5784683,D,S,D,2024-04-17,2000000.00,4.827372,99.09765625
08:00:33,91282CKJ9,TSRYS5784683,D,S,D,2024-04-17,1000000.00,4.841632,99.05859375
08:00:33,91282CKJ9,TSRYS5784683,D,S,D,2024-04-17,1000000.00,4.838779,99.06640625
08:00:33,91282CKJ9,TSRYS5784683,D,S,D,2024-04-17,2000000.00,4.837353,99.0703125
08:00:33,91282CKJ9,TSRYS5784683,D,S,D,2024-04-17,2000000.00,4.820245,99.1171875
08:00:33,91282CKJ9,TSRYS5784683,D,S,D,2024-04-17,2000000.00,4.818819,99.12109375
08:00:33,91282CKJ9,TSRYS5784683,D,S,D,2024-04-17,1000000.00,4.818107,99.123046875
08:00:33,91282CKJ9,TSRYS5784683,D,S,D,2024-04-17,1000000.00,4.818107,99.123046875
08:00:33,91282CKJ9,TSRYS5784683,D,S,D,2024-04-17,1000000.00,4.818107,99.123046875
08:00:33,91282CKJ9,TSRYS5784683,D,S,D,2024-04-17,1000000.00,4.818107,99.123046875
08:00:33,91282CKJ9,TSRYS5784683,D,S,D,2024-04-17,1000000.00,4.820245,99.1171875
08:00:33,91282CKJ9,TSRYS5784683,D,S,D,2024-04-17,1000000.00,4.818107,99.123046875
08:00:33,91282CKJ9,TSRYS5784683,D,S,D,2024-04-17,1000000.00,4.818107,99.123046875
08:00:33,91282CKJ9,TSRYS5784683,D,S,D,2024-04-17,1000000.00,4.818107,99.123046875
08:00:33,91282CKJ9,TSRYS5784683,D,S,D,2024-04-17,1000000.00,4.818107,99.123046875
08:00:33,91282CKJ9,TSRYS5784683,D,S,D,2024-04-17,2000000.00,4.818107,99.123046875
08:00:33,91282CKJ9,TSRYS5784683,D,S,D,2024-04-17,2000000.00,4.816682,99.126953125
08:00:33,91282CKJ9,TSRYS5784683,D,S,D,2024-04-17,2000000.00,4.814544,99.1328125
08:00:33,91282CKJ9,TSRYS5784683,D,S,D,2024-04-17,1000000.00,4.803858,99.162109375
08:00:33,91282CKJ9,TSRYS5784683,D,S,D,2024-04-17,1000000.00,4.793176,99.19140625
08:00:33,91282CKJ9,TSRYS5784683,D,S,D,2024-04-17,2000000.00,4.799585,99.173828125
08:00:33,91282CKJ9,TSRYS5784683,D,S,D,2024-04-17,2000000.00,4.801009,99.169921875
08:00:33,91282CKJ9,TSRYS5784683,D,S,D,2024-04-17,2000000.00,4.798873,99.17578125
08:00:33,91282CKJ9,TSRYS5784683,D,S,D,2024-04-17,2000000.00,4.798161,99.177734375
08:00:33,91282CKJ9,TSRYS5784683,D,S,D,2024-04-17,2000000.00,4.800297,99.171875
08:00:33,91282CKJ9,TSRYS5784683,D,S,D,2024-04-17,1000000.00,4.800297,99.171875
08:00:33,91282CKJ9,TSRYS5784683,D,S,D,2024-04-17,1000000.00,4.801722,99.16796875
08:00:33,91282CKJ9,TSRYS5784683,D,S,D,2024-04-17,1000000.00,4.801722,99.16796875
08:00:33,91282CKJ9,TSRYS5784683,D,S,D,2024-04-17,1000000.00,4.808845,99.1484375
08:00:33,91282CKJ9,TSRYS5784683,D,S,D,2024-04-17,1000000.00,4.808132,99.150390625
08:00:33,91282CKJ9,TSRYS5784683,D,S,D,2024-04-17,2000000.00,4.810269,99.14453125
08:00:33,91282CKJ9,TSRYS5784683,D,S,D,2024-04-17,1000000.00,4.816682,99.126953125
08:00:33,91282CKJ9,TSRYS5784683,D,S,D,2024-04-17,1000000.00,4.817394,99.125
08:00:33,91282CKJ9,TSRYS5784683,D,S,D,2024-04-17,1000000.00,4.817394,99.125
08:00:33,91282CKJ9,TSRYS5784683,D,S,D,2024-04-17,2000000.00,4.818819,99.12109375
08:00:33,91282CKJ9,TSRYS5784683,D,S,D,2024-04-17,1000000.00,4.813832,99.134765625
08:00:33,91282CKJ9,TSRYS5784683,D,S,D,2024-04-17,2000000.00,4.816682,99.126953125
08:00:33,91282CKJ9,TSRYS5784683,D,S,D,2024-04-17,2000000.00,4.816682,99.126953125
08:00:33,91282CKJ9,TSRYS5784683,D,S,D,2024-04-17,2000000.00,4.816682,99.126953125
08:00:33,91282CKJ9,TSRYS5784683,D,S,D,2024-04-17,2000000.00,4.816682,99.126953125
08:00:33,91282CKJ9,TSRYS5784683,D,S,D,2024-04-17,2000000.00,4.816682,99.126953125
08:00:33,91282CKJ9,TSRYS5784683,D,S,D,2024-04-17,1000000.00,4.837353,99.0703125
08:00:33,91282CKJ9,TSRYS5784683,D,S,D,2024-04-17,1000000.00,4.83664,99.072265625
08:00:33,91282CKJ9,TSRYS5784683,D,S,D,2024-04-17,1000000.00,4.834501,99.078125
08:00:33,91282CKJ9,TSRYS5784683,D,S,D,2024-04-17,1000000.00,4.835927,99.07421875
08:00:33,91282CKJ9,TSRYS5784683,D,S,D,2024-04-17,1000000.00,4.835927,99.07421875
08:00:33,91282CKJ9,TSRYS5784683,D,S,D,2024-04-17,1000000.00,4.835927,99.07421875
08:00:33,91282CKJ9,TSRYS5784683,D,S,D,2024-04-17,1000000.00,4.838066,99.068359375
08:00:33,91282CKJ9,TSRYS5784683,D,S,D,2024-04-17,1000000.00,4.838066,99.068359375
08:00:33,91282CKJ9,TSRYS5784683,D,S,D,2024-04-17,1000000.00,4.838066,99.068359375
08:00:33,91282CKJ9,TSRYS5784683,D,S,D,2024-04-17,2000000.00,4.847337,99.04296875
08:00:33,91282CKJ9,TSRYS5784683,D,S,D,2024-04-17,3000000.00,4.825946,99.1015625
08:00:33,91282CKJ9,TSRYS5784683,D,S,D,2024-04-17,2000000.00,4.825946,99.1015625
08:00:33,91282CKJ9,TSRYS5784683,D,S,D,2024-04-17,2000000.00,4.825946,99.1015625
08:00:33,91282CKJ9,TSRYS5784683,D,S,D,2024-04-17,1000000.00,4.825946,99.1015625
08:00:33,91282CKJ9,TSRYS5784683,D,S,D,2024-04-17,2000000.00,4.818819,99.12109375
08:00:33,91282CKJ9,TSRYS5784683,D,S,D,2024-04-17,2000000.00,4.819532,99.119140625
08:00:33,91282CKJ9,TSRYS5784683,D,S,D,2024-04-17,1000000.00,4.819532,99.119140625
08:00:33,91282CKJ9,TSRYS5784683,D,S,D,2024-04-17,1000000.00,4.819532,99.119140625
08:00:33,91282CKJ9,TSRYS5784683,D,S,D,2024-04-17,1000000.00,4.819532,99.119140625
08:00:33,91282CKJ9,TSRYS5784683,D,S,D,2024-04-17,1000000.00,4.819532,99.119140625
08:00:33,91282CKJ9,TSRYS5784683,D,S,D,2024-04-17,1000000.00,4.819532,99.119140625
08:00:33,91282CKJ9,TSRYS5784683,D,S,D,2024-04-17,2000000.00,4.818819,99.12109375
08:00:33,91282CKJ9,TSRYS5784683,D,S,D,2024-04-17,1000000.00,4.818819,99.12109375
08:00:33,91282CKJ9,TSRYS5784683,D,S,D,2024-04-17,2000000.00,4.818819,99.12109375
08:00:33,91282CKJ9,TSRYS5784683,D,S,D,2024-04-17,1000000.00,4.818819,99.12109375
08:00:33,91282CKJ9,TSRYS5784683,D,S,D,2024-04-17,1000000.00,4.817394,99.125
08:00:33,91282CKJ9,TSRYS5784683,D,S,D,2024-04-17,1000000.00,4.815969,99.12890625
08:00:33,91282CKJ9,TSRYS5784683,D,S,D,2024-04-17,2000000.00,4.815969,99.12890625
08:00:33,91282CKJ9,TSRYS5784683,D,S,D,2024-04-17,1000000.00,4.815969,99.12890625
08:00:33,91282CKJ9,TSRYS5784683,D,S,D,2024-04-17,1000000.00,4.818819,99.12109375
08:00:33,91282CKJ9,TSRYS5784683,D,S,D,2024-04-17,1000000.00,4.818819,99.12109375
08:00:33,91282CKJ9,TSRYS5784683,D,S,D,2024-04-17,2000000.00,4.818819,99.12109375
08:00:33,91282CKJ9,TSRYS5784683,D,S,D,2024-04-17,2000000.00,4.818819,99.12109375
08:00:33,91282CKJ9,TSRYS5784683,D,S,D,2024-04-17,2000000.00,4.818819,99.12109375
08:00:33,91282CKJ9,TSRYS5784683,D,S,D,2024-04-17,1000000.00,4.818819,99.12109375
08:00:33,91282CKJ9,TSRYS5784683,D,S,D,2024-04-17,2000000.00,4.818819,99.12109375
08:00:33,91282CKJ9,TSRYS5784683,D,S,D,2024-04-17,2000000.00,4.818107,99.123046875
08:00:33,91282CKJ9,TSRYS5784683,D,S,D,2024-04-17,1000000.00,4.818107,99.123046875
08:00:33,91282CKJ9,TSRYS5784683,D,S,D,2024-04-17,1000000.00,4.818107,99.123046875
08:00:33,91282CKJ9,TSRYS5784683,D,S,D,2024-04-17,1000000.00,4.818107,99.123046875
08:00:33,91282CKJ9,TSRYS5784683,D,S,D,2024-04-17,1000000.00,4.818107,99.123046875
08:00:33,91282CKJ9,TSRYS5784683,D,S,D,2024-04-17,1000000.00,4.818107,99.123046875
08:00:33,91282CKJ9,TSRYS5784683,D,S,D,2024-04-17,3000000.00,4.818819,99.12109375
08:00:33,91282CKJ9,TSRYS5784683,D,S,D,2024-04-17,1000000.00,4.820245,99.1171875
08:00:33,91282CKJ9,TSRYS5784683,D,S,D,2024-04-17,1000000.00,4.820245,99.1171875
08:00:33,91282CKJ9,TSRYS5784683,D,S,D,2024-04-17,1000000.00,4.820245,99.1171875
08:00:33,91282CKJ9,TSRYS5784683,D,S,D,2024-04-17,2000000.00,4.819532,99.119140625
08:00:33,91282CKJ9,TSRYS5784683,D,S,D,2024-04-17,1000000.00,4.819532,99.119140625
08:00:33,91282CKJ9,TSRYS5784683,D,S,D,2024-04-17,1000000.00,4.820245,99.1171875
08:00:33,91282CKJ9,TSRYS5784683,D,S,D,2024-04-17,1000000.00,4.820245,99.1171875
08:00:33,91282CKJ9,TSRYS5784683,D,S,D,2024-04-17,1000000.00,4.816682,99.126953125
08:00:33,91282CKJ9,TSRYS5784683,D,S,D,2024-04-17,1000000.00,4.817394,99.125
08:00:33,91282CKJ9,TSRYS5784683,D,S,D,2024-04-17,1000000.00,4.816682,99.126953125
08:00:33,91282CKJ9,TSRYS5784683,D,S,D,2024-04-17,1000000.00,4.816682,99.126953125
08:00:33,91282CKJ9,TSRYS5784683,D,S,D,2024-04-17,1000000.00,4.816682,99.126953125
08:00:33,91282CKJ9,TSRYS5784683,D,S,D,2024-04-17,1000000.00,4.813119,99.13671875
08:00:33,91282CKJ9,TSRYS5784683,D,S,D,2024-04-17,2000000.00,4.818107,99.123046875
08:00:33,91282CKJ9,TSRYS5784683,D,S,D,2024-04-17,1000000.00,4.818107,99.123046875
08:00:33,91282CKJ9,TSRYS5784683,D,S,D,2024-04-17,2000000.00,4.817394,99.125
08:00:33,91282CKJ9,TSRYS5784683,D,S,D,2024-04-17,1000000.00,4.817394,99.125
08:00:33,91282CKJ9,TSRYS5784683,D,S,D,2024-04-17,2000000.00,4.817394,99.125
08:00:33,91282CKJ9,TSRYS5784683,D,S,D,2024-04-17,3000000.00,4.818107,99.123046875
08:00:33,91282CKJ9,TSRYS5784683,D,S,D,2024-04-17,2000000.00,4.818107,99.123046875
08:00:33,91282CKJ9,TSRYS5784683,D,S,D,2024-04-17,1000000.00,4.816682,99.126953125
08:00:33,91282CKJ9,TSRYS5784683,D,S,D,2024-04-17,1000000.00,4.816682,99.126953125
08:00:33,91282CKJ9,TSRYS5784683,D,S,D,2024-04-17,1000000.00,4.816682,99.126953125
08:00:33,91282CKJ9,TSRYS5784683,D,S,D,2024-04-17,3000000.00,4.816682,99.126953125
08:00:33,91282CKJ9,TSRYS5784683,D,S,D,2024-04-17,1000000.00,4.816682,99.126953125
08:00:33,91282CKJ9,TSRYS5784683,D,S,D,2024-04-17,2000000.00,4.816682,99.126953125
08:00:33,91282CKJ9,TSRYS5784683,D,S,D,2024-04-17,2000000.00,4.808845,99.1484375
08:00:33,91282CKJ9,TSRYS5784683,D,S,D,2024-04-17,1000000.00,4.808845,99.1484375
08:00:33,91282CKJ9,TSRYS5784683,D,S,D,2024-04-17,1000000.00,4.808845,99.1484375
08:00:33,91282CKJ9,TSRYS5784683,D,S,D,2024-04-17,1000000.00,4.808132,99.150390625
08:00:33,91282CKJ9,TSRYS5784683,D,S,D,2024-04-17,1000000.00,4.808132,99.150390625
08:00:33,91282CKJ9,TSRYS5784683,D,S,D,2024-04-17,1000000.00,4.808132,99.150390625
08:00:33,91282CKJ9,TSRYS5784683,D,S,D,2024-04-17,3000000.00,4.805283,99.158203125
08:00:33,91282CKJ9,TSRYS5784683,D,S,D,2024-04-17,2000000.00,4.805283,99.158203125
08:00:33,91282CKJ9,TSRYS5784683,D,S,D,2024-04-17,1000000.00,4.802434,99.166015625
08:00:33,91282CKJ9,TSRYS5784683,D,S,D,2024-04-17,2000000.00,4.798161,99.177734375
08:00:33,91282CKJ9,TSRYS5784683,D,S,D,2024-04-17,2000000.00,4.797449,99.1796875
08:00:33,91282CKJ9,TSRYS5784683,D,S,D,2024-04-17,3000000.00,4.799585,99.173828125
08:00:33,91282CKJ9,TSRYS5784683,D,S,D,2024-04-17,1000000.00,4.799585,99.173828125
08:00:33,91282CKJ9,TSRYS5784683,D,S,D,2024-04-17,2000000.00,4.800297,99.171875
08:00:33,91282CKJ9,TSRYS5784683,D,S,D,2024-04-17,1000000.00,4.799585,99.173828125
08:00:33,91282CKJ9,TSRYS5784683,D,S,D,2024-04-17,2000000.00,4.801009,99.169921875
08:00:33,91282CKJ9,TSRYS5784683,D,S,D,2024-04-17,2000000.00,4.801009,99.169921875
08:00:33,91282CKJ9,TSRYS5784683,D,S,D,2024-04-17,3000000.00,4.799585,99.173828125
08:00:33,91282CKJ9,TSRYS5784683,D,S,D,2024-04-17,1000000.00,4.799585,99.173828125
08:00:33,91282CKJ9,TSRYS5784683,D,S,D,2024-04-17,2000000.00,4.797449,99.1796875
08:00:33,91282CKJ9,TSRYS5784683,D,S,D,2024-04-17,1000000.00,4.798873,99.17578125
08:00:33,91282CKJ9,TSRYS5784683,D,S,D,2024-04-17,1000000.00,4.798873,99.17578125
08:00:33,91282CKJ9,TSRYS5784683,D,S,D,2024-04-17,1000000.00,4.798873,99.17578125
08:00:33,91282CKJ9,TSRYS5784683,D,S,D,2024-04-17,1000000.00,4.798873,99.17578125
08:00:33,91282CKJ9,TSRYS5784683,D,S,D,2024-04-17,1000000.00,4.798873,99.17578125
08:00:33,91282CKJ9,TSRYS5784683,D,S,D,2024-04-17,1000000.00,4.798873,99.17578125
08:00:33,91282CKJ9,TSRYS5784683,D,S,D,2024-04-17,1000000.00,4.801722,99.16796875
08:00:33,91282CKJ9,TSRYS5784683,D,S,D,2024-04-17,2000000.00,4.801722,99.16796875
08:00:33,91282CKJ9,TSRYS5784683,D,S,D,2024-04-17,1000000.00,4.801722,99.16796875
08:00:33,91282CKJ9,TSRYS5784683,D,S,D,2024-04-17,1000000.00,4.801722,99.16796875
08:00:33,91282CKJ9,TSRYS5784683,D,S,D,2024-04-17,1000000.00,4.801722,99.16796875
08:00:33,91282CKJ9,TSRYS5784683,D,S,D,2024-04-17,2000000.00,4.801722,99.16796875
08:00:33,91282CKJ9,TSRYS5784683,D,S,D,2024-04-17,3000000.00,4.801722,99.16796875
08:00:33,91282CKJ9,TSRYS5784683,D,S,D,2024-04-17,2000000.00,4.798161,99.177734375
08:00:33,91282CKJ9,TSRYS5784683,D,S,D,2024-04-17,1000000.00,4.798161,99.177734375
08:00:33,91282CKJ9,TSRYS5784683,D,S,D,2024-04-17,2000000.00,4.800297,99.171875
08:00:33,91282CKJ9,TSRYS5784683,D,S,D,2024-04-17,3000000.00,4.803146,99.1640625
08:00:33,91282CKJ9,TSRYS5784683,D,S,D,2024-04-17,1000000.00,4.803146,99.1640625
08:00:33,91282CKJ9,TSRYS5784683,D,S,D,2024-04-17,2000000.00,4.805995,99.15625
08:00:33,91282CKJ9,TSRYS5784683,D,S,D,2024-04-17,1000000.00,4.805995,99.15625
08:00:33,91282CKJ9,TSRYS5784683,D,S,D,2024-04-17,3000000.00,4.811694,99.140625
08:00:33,91282CKJ9,TSRYS5784683,D,S,D,2024-04-17,1000000.00,4.811694,99.140625
08:00:33,91282CKJ9,TSRYS5784683,D,S,D,2024-04-17,1000000.00,4.811694,99.140625
08:00:33,91282CKJ9,TSRYS5784683,D,S,D,2024-04-17,2000000.00,4.811694,99.140625
08:00:33,91282CKJ9,TSRYS5784683,D,S,D,2024-04-17,1000000.00,4.808845,99.1484375
08:00:33,91282CKJ9,TSRYS5784683,D,S,D,2024-04-17,1000000.00,4.808845,99.1484375
08:00:33,91282CKJ9,TSRYS5784683,D,S,D,2024-04-17,2000000.00,4.808132,99.150390625
08:00:33,91282CKJ9,TSRYS5784683,D,S,D,2024-04-17,2000000.00,4.810269,99.14453125
08:00:33,91282CKJ9,TSRYS5784683,D,S,D,2024-04-17,3000000.00,4.810269,99.14453125
08:00:33,91282CKJ9,TSRYS5784683,D,S,D,2024-04-17,1000000.00,4.810269,99.14453125
08:00:33,91282CKJ9,TSRYS5784683,D,S,D,2024-04-17,1000000.00,4.810269,99.14453125
08:00:33,91282CKJ9,TSRYS5784683,D,S,D,2024-04-17,1000000.00,4.810269,99.14453125
08:00:33,91282CKJ9,TSRYS5784683,D,S,D,2024-04-17,2000000.00,4.810269,99.14453125
08:00:33,91282CKJ9,TSRYS5784683,D,S,D,2024-04-17,3000000.00,4.810269,99.14453125
08:00:33,91282CKJ9,TSRYS5784683,D,S,D,2024-04-17,2000000.00,4.810269,99.14453125
08:00:33,91282CKJ9,TSRYS5784683,D,S,D,2024-04-17,6000000.00,4.818819,99.12109375
08:00:33,91282CKJ9,TSRYS5784683,D,S,D,2024-04-17,2000000.00,4.815257,99.130859375
08:00:33,91282CKJ9,TSRYS5784683,D,S,D,2024-04-17,2000000.00,4.815257,99.130859375
08:00:33,91282CKJ9,TSRYS5784683,D,S,D,2024-04-17,3000000.00,4.818819,99.12109375
08:00:33,91282CKJ9,TSRYS5784683,D,S,D,2024-04-17,2000000.00,4.815257,99.130859375
08:00:33,91282CKJ9,TSRYS5784683,D,S,D,2024-04-17,2000000.00,4.815969,99.12890625
08:00:33,91282CKJ9,TSRYS5784683,D,S,D,2024-04-17,2000000.00,4.815969,99.12890625
08:00:33,91282CKJ9,TSRYS5784683,D,S,D,2024-04-17,2000000.00,4.817394,99.125
08:00:33,91282CKJ9,TSRYS5784683,D,S,D,2024-04-17,2000000.00,4.816682,99.126953125
08:00:33,91282CKJ9,TSRYS5784683,D,S,D,2024-04-17,2000000.00,4.816682,99.126953125
08:00:33,91282CKJ9,TSRYS5784683,D,S,D,2024-04-17,1000000.00,4.816682,99.126953125
08:00:33,91282CKJ9,TSRYS5784683,D,S,D,2024-04-17,1000000.00,4.816682,99.126953125
08:00:33,91282CKJ9,TSRYS5784683,D,S,D,2024-04-17,2000000.00,4.816682,99.126953125
08:00:33,91282CKJ9,TSRYS5784683,D,S,D,2024-04-17,1000000.00,4.816682,99.126953125
08:00:33,91282CKJ9,TSRYS5784683,D,S,D,2024-04-17,1000000.00,4.816682,99.126953125
08:00:33,91282CKJ9,TSRYS5784683,D,S,D,2024-04-17,2000000.00,4.810269,99.14453125
08:00:33,91282CKJ9,TSRYS5784683,D,S,D,2024-04-17,1000000.00,4.810269,99.14453125
08:00:33,91282CKJ9,TSRYS5784683,D,S,D,2024-04-17,2000000.00,4.810269,99.14453125
08:00:33,91282CKJ9,TSRYS5784683,D,S,T,2024-04-17,1000000.00,4.844484,99.05078125
08:00:33,91282CKJ9,TSRYS5784683,D,S,T,2024-04-17,1000000.00,4.846624,99.044921875
08:00:33,91282CKJ9,TSRYS5784683,D,S,T,2024-04-17,1000000.00,4.835927,99.07421875
08:00:33,91282CKJ9,TSRYS5784683,D,S,T,2024-04-17,1000000.00,4.837353,99.0703125
08:00:33,91282CKJ9,TSRYS5784683,D,S,T,2024-04-17,2000000.00,4.839492,99.064453125
08:00:33,91282CKJ9,TSRYS5784683,D,S,T,2024-04-17,1000000.00,4.838066,99.068359375
08:00:33,91282CKJ9,TSRYS5784683,D,S,T,2024-04-17,1000000.00,4.838066,99.068359375
08:00:33,91282CKJ9,TSRYS5784683,D,S,T,2024-04-17,1000000.00,4.83664,99.072265625
08:00:33,91282CKJ9,TSRYS5784683,D,S,T,2024-04-17,2000000.00,4.825946,99.1015625
08:00:33,91282CKJ9,TSRYS5784683,D,S,T,2024-04-17,1000000.00,4.825946,99.1015625
08:00:33,91282CKJ9,TSRYS5784683,D,S,T,2024-04-17,1000000.00,4.825946,99.1015625
08:00:33,91282CKJ9,TSRYS5784683,D,S,T,2024-04-17,2000000.00,4.825946,99.1015625
08:00:33,91282CKJ9,TSRYS5784683,D,S,T,2024-04-17,1000000.00,4.825946,99.1015625
08:00:33,91282CKJ9,TSRYS5784683,D,S,T,2024-04-17,2000000.00,4.825946,99.1015625
08:00:33,91282CKJ9,TSRYS5784683,D,S,T,2024-04-17,2000000.00,4.825946,99.1015625
08:00:33,91282CKJ9,TSRYS5784683,D,S,T,2024-04-17,2000000.00,4.819532,99.119140625
08:00:33,91282CKJ9,TSRYS5784683,D,S,T,2024-04-17,2000000.00,4.819532,99.119140625
08:00:33,91282CKJ9,TSRYS5784683,D,S,T,2024-04-17,1000000.00,4.819532,99.119140625
08:00:33,91282CKJ9,TSRYS5784683,D,S,T,2024-04-17,1000000.00,4.817394,99.125
08:00:33,91282CKJ9,TSRYS5784683,D,S,T,2024-04-17,1000000.00,4.817394,99.125
08:00:33,91282CKJ9,TSRYS5784683,D,S,T,2024-04-17,1000000.00,4.817394,99.125
08:00:33,91282CKJ9,TSRYS5784683,D,S,T,2024-04-17,1000000.00,4.817394,99.125
08:00:33,91282CKJ9,TSRYS5784683,D,S,T,2024-04-17,1000000.00,4.817394,99.125
08:00:33,91282CKJ9,TSRYS5784683,D,S,T,2024-04-17,1000000.00,4.817394,99.125
08:00:33,91282CKJ9,TSRYS5784683,D,S,T,2024-04-17,1000000.00,4.817394,99.125
08:00:33,91282CKJ9,TSRYS5784683,D,S,T,2024-04-17,2000000.00,4.818819,99.12109375
08:00:33,91282CKJ9,TSRYS5784683,D,S,T,2024-04-17,1000000.00,4.818819,99.12109375
08:00:33,91282CKJ9,TSRYS5784683,D,S,T,2024-04-17,2000000.00,4.818819,99.12109375
08:00:33,91282CKJ9,TSRYS5784683,D,S,T,2024-04-17,1000000.00,4.818107,99.123046875
08:00:33,91282CKJ9,TSRYS5784683,D,S,T,2024-04-17,1000000.00,4.818107,99.123046875
08:00:33,91282CKJ9,TSRYS5784683,D,S,T,2024-04-17,1000000.00,4.818107,99.123046875
08:00:33,91282CKJ9,TSRYS5784683,D,S,T,2024-04-17,1000000.00,4.818107,99.123046875
08:00:33,91282CKJ9,TSRYS5784683,D,S,T,2024-04-17,1000000.00,4.818107,99.123046875
08:00:33,91282CKJ9,TSRYS5784683,D,S,T,2024-04-17,1000000.00,4.820245,99.1171875
08:00:33,91282CKJ9,TSRYS5784683,D,S,T,2024-04-17,2000000.00,4.820245,99.1171875
08:00:33,91282CKJ9,TSRYS5784683,D,S,T,2024-04-17,1000000.00,4.820245,99.1171875
08:00:33,91282CKJ9,TSRYS5784683,D,S,T,2024-04-17,1000000.00,4.820245,99.1171875
08:00:33,91282CKJ9,TSRYS5784683,D,S,T,2024-04-17,3000000.00,4.817394,99.125
08:00:33,91282CKJ9,TSRYS5784683,D,S,T,2024-04-17,1000000.00,4.817394,99.125
08:00:33,91282CKJ9,TSRYS5784683,D,S,T,2024-04-17,2000000.00,4.813119,99.13671875
08:00:33,91282CKJ9,TSRYS5784683,D,S,T,2024-04-17,1000000.00,4.813119,99.13671875
08:00:33,91282CKJ9,TSRYS5784683,D,S,T,2024-04-17,2000000.00,4.813119,99.13671875
08:00:33,91282CKJ9,TSRYS5784683,D,S,T,2024-04-17,2000000.00,4.813119,99.13671875
08:00:33,91282CKJ9,TSRYS5784683,D,S,T,2024-04-17,1000000.00,4.816682,99.126953125
08:00:33,91282CKJ9,TSRYS5784683,D,S,T,2024-04-17,1000000.00,4.816682,99.126953125
08:00:33,91282CKJ9,TSRYS5784683,D,S,T,2024-04-17,2000000.00,4.816682,99.126953125
08:00:33,91282CKJ9,TSRYS5784683,D,S,T,2024-04-17,2000000.00,4.816682,99.126953125
08:00:33,91282CKJ9,TSRYS5784683,D,S,T,2024-04-17,1000000.00,4.815969,99.12890625
08:00:33,91282CKJ9,TSRYS5784683,D,S,T,2024-04-17,1000000.00,4.815969,99.12890625
08:00:33,91282CKJ9,TSRYS5784683,D,S,T,2024-04-17,1000000.00,4.815969,99.12890625
08:00:33,91282CKJ9,TSRYS5784683,D,S,T,2024-04-17,1000000.00,4.808845,99.1484375
08:00:33,91282CKJ9,TSRYS5784683,D,S,T,2024-04-17,2000000.00,4.808845,99.1484375
08:00:33,91282CKJ9,TSRYS5784683,D,S,T,2024-04-17,1000000.00,4.808132,99.150390625
08:00:33,91282CKJ9,TSRYS5784683,D,S,T,2024-04-17,2000000.00,4.805995,99.15625
08:00:33,91282CKJ9,TSRYS5784683,D,S,T,2024-04-17,2000000.00,4.805995,99.15625
08:00:33,91282CKJ9,TSRYS5784683,D,S,T,2024-04-17,2000000.00,4.803146,99.1640625
08:00:33,91282CKJ9,TSRYS5784683,D,S,T,2024-04-17,2000000.00,4.804571,99.16015625
08:00:33,91282CKJ9,TSRYS5784683,D,S,T,2024-04-17,2000000.00,4.804571,99.16015625
08:00:33,91282CKJ9,TSRYS5784683,D,S,T,2024-04-17,2000000.00,4.804571,99.16015625
08:00:33,91282CKJ9,TSRYS5784683,D,S,T,2024-04-17,2000000.00,4.804571,99.16015625
08:00:33,91282CKJ9,TSRYS5784683,D,S,T,2024-04-17,2000000.00,4.804571,99.16015625
08:00:33,91282CKJ9,TSRYS5784683,D,S,T,2024-04-17,2000000.00,4.797449,99.1796875
08:00:33,91282CKJ9,TSRYS5784683,D,S,T,2024-04-17,2000000.00,4.797449,99.1796875
08:00:33,91282CKJ9,TSRYS5784683,D,S,T,2024-04-17,2000000.00,4.789617,99.201171875
08:00:33,91282CKJ9,TSRYS5784683,D,S,T,2024-04-17,1000000.00,4.793888,99.189453125
08:00:33,91282CKJ9,TSRYS5784683,D,S,T,2024-04-17,2000000.00,4.796025,99.18359375
08:00:33,91282CKJ9,TSRYS5784683,D,S,T,2024-04-17,2000000.00,4.799585,99.173828125
08:00:33,91282CKJ9,TSRYS5784683,D,S,T,2024-04-17,2000000.00,4.799585,99.173828125
08:00:33,91282CKJ9,TSRYS5784683,D,S,T,2024-04-17,2000000.00,4.800297,99.171875
08:00:33,91282CKJ9,TSRYS5784683,D,S,T,2024-04-17,2000000.00,4.801009,99.169921875
08:00:33,91282CKJ9,TSRYS5784683,D,S,T,2024-04-17,2000000.00,4.801009,99.169921875
08:00:33,91282CKJ9,TSRYS5784683,D,S,T,2024-04-17,1000000.00,4.798873,99.17578125
08:00:33,91282CKJ9,TSRYS5784683,D,S,T,2024-04-17,2000000.00,4.798873,99.17578125
08:00:33,91282CKJ9,TSRYS5784683,D,S,T,2024-04-17,3000000.00,4.799585,99.173828125
08:00:33,91282CKJ9,TSRYS5784683,D,S,T,2024-04-17,3000000.00,4.799585,99.173828125
08:00:33,91282CKJ9,TSRYS5784683,D,S,T,2024-04-17,2000000.00,4.799585,99.173828125
08:00:33,91282CKJ9,TSRYS5784683,D,S,T,2024-04-17,3000000.00,4.799585,99.173828125
08:00:33,91282CKJ9,TSRYS5784683,D,S,T,2024-04-17,3000000.00,4.799585,99.173828125
08:00:33,91282CKJ9,TSRYS5784683,D,S,T,2024-04-17,1000000.00,4.798161,99.177734375
08:00:33,91282CKJ9,TSRYS5784683,D,S,T,2024-04-17,1000000.00,4.798161,99.177734375
08:00:33,91282CKJ9,TSRYS5784683,D,S,T,2024-04-17,2000000.00,4.798161,99.177734375
08:00:33,91282CKJ9,TSRYS5784683,D,S,T,2024-04-17,2000000.00,4.798161,99.177734375
08:00:33,91282CKJ9,TSRYS5784683,D,S,T,2024-04-17,1000000.00,4.798161,99.177734375
08:00:33,91282CKJ9,TSRYS5784683,D,S,T,2024-04-17,2000000.00,4.798161,99.177734375
08:00:33,91282CKJ9,TSRYS5784683,D,S,T,2024-04-17,1000000.00,4.798161,99.177734375
08:00:33,91282CKJ9,TSRYS5784683,D,S,T,2024-04-17,2000000.00,4.800297,99.171875
08:00:33,91282CKJ9,TSRYS5784683,D,S,T,2024-04-17,2000000.00,4.800297,99.171875
08:00:33,91282CKJ9,TSRYS5784683,D,S,T,2024-04-17,2000000.00,4.801009,99.169921875
08:00:33,91282CKJ9,TSRYS5784683,D,S,T,2024-04-17,1000000.00,4.801009,99.169921875
08:00:33,91282CKJ9,TSRYS5784683,D,S,T,2024-04-17,2000000.00,4.800297,99.171875
08:00:33,91282CKJ9,TSRYS5784683,D,S,T,2024-04-17,3000000.00,4.802434,99.166015625
08:00:33,91282CKJ9,TSRYS5784683,D,S,T,2024-04-17,3000000.00,4.802434,99.166015625
08:00:33,91282CKJ9,TSRYS5784683,D,S,T,2024-04-17,3000000.00,4.802434,99.166015625
08:00:33,91282CKJ9,TSRYS5784683,D,S,T,2024-04-17,3000000.00,4.802434,99.166015625
08:00:33,91282CKJ9,TSRYS5784683,D,S,T,2024-04-17,1000000.00,4.803146,99.1640625
08:00:33,91282CKJ9,TSRYS5784683,D,S,T,2024-04-17,2000000.00,4.808845,99.1484375
08:00:33,91282CKJ9,TSRYS5784683,D,S,T,2024-04-17,1000000.00,4.808845,99.1484375
08:00:33,91282CKJ9,TSRYS5784683,D,S,T,2024-04-17,1000000.00,4.808845,99.1484375
08:00:33,91282CKJ9,TSRYS5784683,D,S,T,2024-04-17,2000000.00,4.810269,99.14453125
08:00:33,91282CKJ9,TSRYS5784683,D,S,T,2024-04-17,2000000.00,4.810269,99.14453125
08:00:33,91282CKJ9,TSRYS5784683,D,S,T,2024-04-17,2000000.00,4.810269,99.14453125
08:00:33,91282CKJ9,TSRYS5784683,D,S,T,2024-04-17,1000000.00,4.818819,99.12109375
08:00:33,91282CKJ9,TSRYS5784683,D,S,T,2024-04-17,1000000.00,4.818819,99.12109375
08:00:33,91282CKJ9,TSRYS5784683,D,S,T,2024-04-17,2000000.00,4.818819,99.12109375
08:00:33,91282CKJ9,TSRYS5784683,D,S,T,2024-04-17,1000000.00,4.817394,99.125
08:00:33,91282CKJ9,TSRYS5784683,D,S,T,2024-04-17,1000000.00,4.817394,99.125
08:00:33,91282CKJ9,TSRYS5784683,D,S,T,2024-04-17,1000000.00,4.817394,99.125
08:00:33,91282CKJ9,TSRYS5784683,D,S,T,2024-04-17,1000000.00,4.817394,99.125
08:00:33,91282CKJ9,TSRYS5784683,D,S,T,2024-04-17,1000000.00,4.817394,99.125
08:00:33,91282CKJ9,TSRYS5784683,D,S,T,2024-04-17,2000000.00,4.817394,99.125
08:00:33,91282CKJ9,TSRYS5784683,D,S,T,2024-04-17,2000000.00,4.818107,99.123046875
08:00:33,91282CKJ9,TSRYS5784683,D,S,T,2024-04-17,1000000.00,4.813832,99.134765625
08:00:33,91282CKJ9,TSRYS5784683,D,S,T,2024-04-17,2000000.00,4.814544,99.1328125
08:00:33,91282CKJ9,TSRYS5784683,D,S,T,2024-04-17,1000000.00,4.816682,99.126953125
08:00:33,91282CKJ9,TSRYS5784683,D,S,T,2024-04-17,2000000.00,4.816682,99.126953125
08:00:33,91282CKJ9,TSRYS5784683,D,S,T,2024-04-17,2000000.00,4.816682,99.126953125
08:00:33,91282CKJ9,TSRYS5784683,D,S,T,2024-04-17,2000000.00,4.816682,99.126953125
08:00:33,91282CKJ9,TSRYS5784683,D,S,T,2024-04-17,2000000.00,4.816682,99.126953125
08:00:33,91282CKJ9,TSRYS5784683,D,S,T,2024-04-17,1000000.00,4.816682,99.126953125
08:00:33,91282CKJ9,TSRYS5784683,D,S,T,2024-04-17,1000000.00,4.816682,99.126953125
08:00:33,91282CKJ9,TSRYS5784683,D,S,T,2024-04-17,1000000.00,4.816682,99.126953125
08:00:33,91282CKJ9,TSRYS5784683,D,S,T,2024-04-17,1000000.00,4.816682,99.126953125
08:00:33,91282CKJ9,TSRYS5784683,D,S,T,2024-04-17,1000000.00,4.816682,99.126953125
08:00:33,91282CKJ9,TSRYS5784683,D,S,T,2024-04-17,1000000.00,4.816682,99.126953125
08:00:33,91282CKJ9,TSRYS5784683,D,S,T,2024-04-17,1000000.00,4.816682,99.126953125
08:00:33,91282CKJ9,TSRYS5784683,D,S,T,2024-04-17,1000000.00,4.816682,99.126953125
08:00:33,91282CKJ9,TSRYS5784683,D,S,T,2024-04-17,1000000.00,4.813119,99.13671875
08:00:33,91282CKJ9,TSRYS5784683,D,S,T,2024-04-17,1000000.00,4.837353,99.0703125
08:00:33,91282CKJ9,TSRYS5784683,D,S,T,2024-04-17,2000000.00,4.837353,99.0703125
08:00:33,91282CKJ9,TSRYS5784683,D,S,D,2024-04-17,3000000.00,4.811694,99.140625
08:00:33,91282CKJ9,TSRYS5784683,D,S,D,2024-04-17,1000000.00,4.811694,99.140625
08:00:33,91282CKJ9,TSRYS5784683,D,S,D,2024-04-17,6000000.00,4.812407,99.138671875
08:00:33,91282CKJ9,TSRYS5784683,D,S,D,2024-04-17,1000000.00,4.812407,99.138671875
08:00:33,91282CKJ9,TSRYS5784683,D,S,T,2024-04-17,2000000.00,4.837353,99.0703125
08:00:33,91282CKJ9,TSRYS5784683,D,S,D,2024-04-17,1000000.00,4.818819,99.12109375
08:00:33,91282CKJ9,TSRYS5784683,D,S,D,2024-04-17,1000000.00,4.818819,99.12109375
08:00:33,91282CKJ9,TSRYS5784683,D,S,T,2024-04-17,2000000.00,4.837353,99.0703125
08:00:33,91282CKJ9,TSRYS5784683,D,S,T,2024-04-17,1000000.00,4.837353,99.0703125
08:00:33,91282CKJ9,TSRYS5784683,D,S,D,2024-04-17,665000.00,4.815604,99.12990625
08:00:33,91282CKJ9,TSRYS5784683,D,S,T,2024-04-17,1000000.00,4.837353,99.0703125
08:00:33,91282CKJ9,TSRYS5784683,D,S,T,2024-04-17,2000000.00,4.791753,99.1953125
08:00:33,91282CKJ9,TSRYS5784683,D,S,T,2024-04-17,1000000.00,4.791753,99.1953125
08:00:33,91282CKJ9,TSRYS5784683,D,S,T,2024-04-17,2000000.00,4.793888,99.189453125
08:00:33,91282CKJ9,TSRYS5784683,D,S,D,2024-04-17,1000000.00,4.817394,99.125
08:00:33,91282CKJ9,TSRYS5784683,D,S,T,2024-04-17,1000000.00,4.798161,99.177734375
08:00:33,91282CKJ9,TSRYS5784683,D,S,T,2024-04-17,1000000.00,4.798873,99.17578125
08:00:33,91282CKJ9,TSRYS5784683,D,S,T,2024-04-17,2000000.00,4.793888,99.189453125
08:00:33,91282CKJ9,TSRYS5784683,D,S,T,2024-04-17,1000000.00,4.797449,99.1796875
08:00:33,91282CKJ9,TSRYS5784683,D,S,T,2024-04-17,1000000.00,4.837353,99.0703125
08:00:33,91282CKJ9,TSRYS5784683,D,S,T,2024-04-17,1000000.00,4.800297,99.171875
08:00:33,91282CKJ9,TSRYS5784683,D,S,T,2024-04-17,1000000.00,4.800297,99.171875
08:00:33,91282CKJ9,TSRYS5784683,D,S,T,2024-04-17,2000000.00,4.837353,99.0703125
08:00:33,91282CKJ9,TSRYS5784683,D,S,T,2024-04-17,1000000.00,4.801722,99.16796875
08:00:37,91282CKJ9,TSRYS5784683,D,S,T,2024-04-17,3000000.00,4.837353,99.0703125
08:00:37,91282CKJ9,TSRYS5784683,D,S,T,2024-04-17,1000000.00,4.837353,99.0703125
08:00:37,91282CKJ9,TSRYS5784683,D,S,D,2024-04-17,2000000.00,4.816682,99.126953125
08:00:37,91282CKJ9,TSRYS5784683,D,S,T,2024-04-17,1000000.00,4.837353,99.0703125
08:00:37,91282CKJ9,TSRYS5784683,D,S,T,2024-04-17,1000000.00,4.837353,99.0703125
08:00:37,91282CKJ9,TSRYS5784683,D,S,D,2024-04-17,1000000.00,4.815969,99.12890625
08:00:37,91282CKJ9,TSRYS5784683,D,B,C,2024-04-17,1000000.00,4.815969,99.12890625
08:00:37,91282CKJ9,TSRYS5784683,D,B,C,2024-04-17,2000000.00,4.815969,99.12890625
08:00:37,91282CKJ9,TSRYS5784683,D,S,D,2024-04-17,2000000.00,4.815969,99.12890625
08:00:37,91282CKJ9,TSRYS5784683,D,S,T,2024-04-17,1000000.00,4.820245,99.1171875
08:00:37,91282CKJ9,TSRYS5784683,D,S,A,2024-04-17,7000000.00,4.838779,99.06640625
08:00:38,91282CKJ9,TSRYS5784683,D,S,A,2024-04-17,2000000.00,4.801722,99.16796875
08:00:38,91282CKJ9,TSRYS5784683,D,B,A,2024-04-17,20000000.00,4.788322,99.203125
08:00:38,91282CKJ9,TSRYS5784683,D,S,A,2024-04-17,30000000.00,4.847337,99.04296875
08:00:38,91282CKJ9,TSRYS5784683,D,B,C,2024-04-17,10000000.00,4.806056,99.156082
08:00:38,91282CKJ9,TSRYS5784683,D,S,T,2024-04-17,1000000.00,4.806707,99.154296875
08:00:38,91282CKJ9,TSRYS5784683,D,S,D,2024-04-17,1000000.00,4.841632,99.05859375
08:00:38,91282CKJ9,TSRYS5784683,D,S,D,2024-04-17,1000000.00,4.842345,99.056640625
08:00:38,91282CKJ9,TSRYS5784683,D,S,A,2024-04-17,2000000.00,4.809557,99.146484375
08:00:38,91282CKJ9,TSRYS5784683,D,S,D,2024-04-17,1000000.00,4.827372,99.09765625
08:00:38,91282CKJ9,TSRYS5784683,D,S,C,2024-04-17,2235000.00,4.831649,99.0859375
08:00:38,91282CKJ9,TSRYS5784683,D,S,T,2024-04-17,1000000.00,4.831649,99.0859375
08:00:38,91282CKJ9,TSRYS5784683,D,S,T,2024-04-17,1000000.00,4.831649,99.0859375
08:00:38,91282CKJ9,TSRYS5784683,D,S,T,2024-04-17,1000000.00,4.831649,99.0859375
08:00:38,91282CKJ9,TSRYS5784683,D,S,T,2024-04-17,1000000.00,4.831649,99.0859375
08:00:38,91282CKJ9,TSRYS5784683,D,S,T,2024-04-17,1000000.00,4.830223,99.08984375
08:00:38,91282CKJ9,TSRYS5784683,D,S,T,2024-04-17,1000000.00,4.837353,99.0703125
08:00:38,91282CKJ9,TSRYS5784683,D,S,T,2024-04-17,1000000.00,4.837353,99.0703125
08:00:38,91282CKJ9,TSRYS5784683,D,B,C,2024-04-17,4620000.00,4.837353,99.0703125
08:00:38,91282CKJ9,TSRYS5784683,D,S,T,2024-04-17,2000000.00,4.810269,99.14453125
08:00:38,91282CKJ9,TSRYS5784683,D,S,T,2024-04-17,1000000.00,4.843058,99.0546875
08:00:39,91282CKJ9,TSRYS5784683,D,S,T,2024-04-17,1000000.00,4.841632,99.05859375
08:00:39,91282CKJ9,TSRYS5784683,D,S,T,2024-04-17,1000000.00,4.835927,99.07421875
08:00:39,91282CKJ9,TSRYS5784683,D,S,T,2024-04-17,1000000.00,4.835927,99.07421875
08:00:39,91282CKJ9,TSRYS5784683,D,S,T,2024-04-17,1000000.00,4.827372,99.09765625
08:00:39,91282CKJ9,TSRYS5784683,D,S,T,2024-04-17,1000000.00,4.825946,99.1015625
08:00:39,91282CKJ9,TSRYS5784683,D,S,T,2024-04-17,1000000.00,4.826659,99.099609375
08:00:39,91282CKJ9,TSRYS5784683,D,S,T,2024-04-17,1000000.00,4.827372,99.09765625
08:00:39,91282CKJ9,TSRYS5784683,D,S,T,2024-04-17,1000000.00,4.827372,99.09765625
08:00:39,91282CKJ9,TSRYS5784683,D,S,T,2024-04-17,1000000.00,4.818819,99.12109375
08:00:39,91282CKJ9,TSRYS5784683,D,S,T,2024-04-17,1000000.00,4.817394,99.125
08:00:39,91282CKJ9,TSRYS5784683,D,S,T,2024-04-17,1000000.00,4.817394,99.125
08:00:39,91282CKJ9,TSRYS5784683,D,S,T,2024-04-17,1000000.00,4.817394,99.125
08:00:39,91282CKJ9,TSRYS5784683,D,S,T,2024-04-17,1000000.00,4.817394,99.125
08:00:39,91282CKJ9,TSRYS5784683,D,S,T,2024-04-17,1000000.00,4.817394,99.125
08:00:39,91282CKJ9,TSRYS5784683,D,S,D,2024-04-17,1000000.00,4.817394,99.125
08:00:39,91282CKJ9,TSRYS5784683,D,S,T,2024-04-17,1000000.00,4.817394,99.125
08:00:39,91282CKJ9,TSRYS5784683,D,S,T,2024-04-17,1000000.00,4.817394,99.125
08:00:39,91282CKJ9,TSRYS5784683,D,S,T,2024-04-17,1000000.00,4.817394,99.125
08:00:39,91282CKJ9,TSRYS5784683,D,S,T,2024-04-17,1000000.00,4.817394,99.125
08:00:39,91282CKJ9,TSRYS5784683,D,S,T,2024-04-17,1000000.00,4.817394,99.125
08:00:39,91282CKJ9,TSRYS5784683,D,S,T,2024-04-17,1000000.00,4.817394,99.125
08:00:39,91282CKJ9,TSRYS5784683,D,S,T,2024-04-17,1000000.00,4.817394,99.125
08:00:39,91282CKJ9,TSRYS5784683,D,S,T,2024-04-17,1000000.00,4.817394,99.125
08:00:39,91282CKJ9,TSRYS5784683,D,S,T,2024-04-17,1000000.00,4.817394,99.125
08:00:39,91282CKJ9,TSRYS5784683,D,S,T,2024-04-17,1000000.00,4.820245,99.1171875
08:00:39,91282CKJ9,TSRYS5784683,D,S,T,2024-04-17,1000000.00,4.820245,99.1171875
08:00:39,91282CKJ9,TSRYS5784683,D,S,T,2024-04-17,1000000.00,4.820245,99.1171875
08:00:39,91282CKJ9,TSRYS5784683,D,S,T,2024-04-17,1000000.00,4.820245,99.1171875
08:00:39,91282CKJ9,TSRYS5784683,D,S,D,2024-04-17,1000000.00,4.820245,99.1171875
08:00:39,91282CKJ9,TSRYS5784683,D,S,A,2024-04-17,1000000.00,4.820245,99.1171875
08:00:39,91282CKJ9,TSRYS5784683,D,S,D,2024-04-17,1000000.00,4.820245,99.1171875
08:00:39,91282CKJ9,TSRYS5784683,D,S,T,2024-04-17,1000000.00,4.820245,99.1171875
08:00:39,91282CKJ9,TSRYS5784683,D,S,T,2024-04-17,1000000.00,4.820245,99.1171875
08:00:39,91282CKJ9,TSRYS5784683,D,S,T,2024-04-17,1000000.00,4.820245,99.1171875
08:00:39,91282CKJ9,TSRYS5784683,D,S,T,2024-04-17,1000000.00,4.820245,99.1171875
08:00:39,91282CKJ9,TSRYS5784683,D,S,T,2024-04-17,1000000.00,4.82167,99.11328125
08:00:39,91282CKJ9,TSRYS5784683,D,S,T,2024-04-17,1000000.00,4.82167,99.11328125
08:00:39,91282CKJ9,TSRYS5784683,D,S,T,2024-04-17,1000000.00,4.82167,99.11328125
08:00:39,91282CKJ9,TSRYS5784683,D,S,T,2024-04-17,1000000.00,4.82167,99.11328125
08:00:39,91282CKJ9,TSRYS5784683,D,S,T,2024-04-17,1000000.00,4.820245,99.1171875
08:00:39,91282CKJ9,TSRYS5784683,D,S,D,2024-04-17,1000000.00,4.820245,99.1171875
08:00:39,91282CKJ9,TSRYS5784683,D,S,T,2024-04-17,1000000.00,4.820245,99.1171875
08:00:39,91282CKJ9,TSRYS5784683,D,S,T,2024-04-17,1000000.00,4.820245,99.1171875
08:00:39,91282CKJ9,TSRYS5784683,D,S,T,2024-04-17,1000000.00,4.820245,99.1171875
08:00:39,91282CKJ9,TSRYS5784683,D,S,D,2024-04-17,1000000.00,4.817394,99.125
08:00:39,91282CKJ9,TSRYS5784683,D,S,T,2024-04-17,1000000.00,4.819532,99.119140625
08:00:39,91282CKJ9,TSRYS5784683,D,B,A,2024-04-17,10000000.00,4.820245,99.1171875
08:00:39,91282CKJ9,TSRYS5784683,D,S,T,2024-04-17,1000000.00,4.814544,99.1328125
08:00:39,91282CKJ9,TSRYS5784683,D,S,T,2024-04-17,1000000.00,4.814544,99.1328125
08:00:39,91282CKJ9,TSRYS5784683,D,S,A,2024-04-17,3000000.00,4.814544,99.1328125
08:00:39,91282CKJ9,TSRYS5784683,D,S,A,2024-04-17,1000000.00,4.814544,99.1328125
08:00:39,91282CKJ9,TSRYS5784683,D,S,A,2024-04-17,1000000.00,4.814544,99.1328125
08:00:39,91282CKJ9,TSRYS5784683,D,S,T,2024-04-17,1000000.00,4.805995,99.15625
08:00:39,91282CKJ9,TSRYS5784683,D,S,T,2024-04-17,1000000.00,4.805995,99.15625
08:00:39,91282CKJ9,TSRYS5784683,D,S,T,2024-04-17,1000000.00,4.805995,99.15625
08:00:39,91282CKJ9,TSRYS5784683,D,S,T,2024-04-17,1000000.00,4.804571,99.16015625
08:00:39,91282CKJ9,TSRYS5784683,D,S,T,2024-04-17,1000000.00,4.804571,99.16015625
08:00:39,91282CKJ9,TSRYS5784683,D,S,T,2024-04-17,1000000.00,4.804571,99.16015625
08:00:39,91282CKJ9,TSRYS5784683,D,S,C,2024-04-17,1300000.00,4.804571,99.16015625
08:00:39,91282CKJ9,TSRYS5784683,D,S,T,2024-04-17,1000000.00,4.804571,99.16015625
08:00:39,91282CKJ9,TSRYS5784683,D,S,A,2024-04-17,25000000.00,4.794601,99.1875
08:00:39,91282CKJ9,TSRYS5784683,D,S,A,2024-04-17,4000000.00,4.800297,99.171875
08:00:39,91282CKJ9,TSRYS5784683,D,S,D,2024-04-17,25000.00,4.803146,99.164062
08:00:39,91282CKJ9,TSRYS5784683,D,S,D,2024-04-17,1000000.00,4.798873,99.17578125
08:00:39,91282CKJ9,TSRYS5784683,D,S,D,2024-04-17,1000000.00,4.798873,99.17578125
08:00:39,91282CKJ9,TSRYS5784683,D,S,D,2024-04-17,1000000.00,4.798873,99.17578125
08:00:40,91282CKJ9,TSRYS5784683,D,B,A,2024-04-17,1000000.00,4.797449,99.1796875
08:00:40,91282CKJ9,TSRYS5784683,D,S,C,2024-04-17,30000.00,4.810269,99.14453125
08:00:40,91282CKJ9,TSRYS5784683,D,S,C,2024-04-17,250MM+,4.828189,99.099848
08:00:40,91282CKJ9,TSRYS5784683,D,S,C,2024-04-17,250MM+,4.818142,99.12722
08:00:40,91282CKJ9,TSRYS5784683,D,S,D,2024-04-17,1000000.00,4.818819,99.12109375
08:00:41,91282CKJ9,TSRYS5784683,D,S,A,2024-04-17,10125000.00,4.833075,99.08203125
08:00:41,91282CKJ9,TSRYS5784683,D,B,C,2024-04-17,15500000.00,4.815969,99.12890625
08:00:41,91282CKJ9,TSRYS5784683,D,B,A,2024-04-17,18079000.00,4.831649,99.0859375
08:00:42,91282CKJ9,TSRYS5784683,D,S,T,2024-04-17,1000000.00,4.810982,99.142578125
08:00:42,91282CKJ9,TSRYS5784683,D,S,T,2024-04-17,1000000.00,4.812407,99.138671875
08:00:43,91282CKJ9,TSRYS5784683,D,S,T,2024-04-17,1000000.00,4.811694,99.140625
08:00:43,91282CKJ9,TSRYS5784683,D,S,A,2024-04-17,10000000.00,4.810147,99.14486625
08:00:43,91282CKJ9,TSRYS5784683,D,S,T,2024-04-17,1000000.00,4.811694,99.140625
08:00:43,91282CKJ9,TSRYS5784683,D,S,T,2024-04-17,1000000.00,4.811694,99.140625
08:00:43,91282CKJ9,TSRYS5784683,D,S,T,2024-04-17,1000000.00,4.810269,99.14453125
08:00:43,91282CKJ9,TSRYS5784683,D,S,T,2024-04-17,1000000.00,4.810269,99.14453125
08:00:43,91282CKJ9,TSRYS5784683,D,B,A,2024-04-17,150000.00,4.810269,99.14453125
08:00:43,91282CKJ9,TSRYS5784683,D,B,A,2024-04-17,1030000.00,4.811694,99.140625
08:00:44,91282CKJ9,TSRYS5784683,D,B,A,2024-04-17,7000000.00,4.838779,99.06640625
08:00:45,91282CKJ9,TSRYS5784683,D,S,T,2024-04-17,1000000.00,4.839492,99.064453125
08:00:45,91282CKJ9,TSRYS5784683,D,S,T,2024-04-17,1000000.00,4.830223,99.08984375
08:00:45,91282CKJ9,TSRYS5784683,D,S,T,2024-04-17,1000000.00,4.827372,99.09765625
08:00:45,91282CKJ9,TSRYS5784683,D,S,D,2024-04-17,1000000.00,4.827372,99.09765625
08:00:45,91282CKJ9,TSRYS5784683,D,S,T,2024-04-17,1000000.00,4.831649,99.0859375
08:00:45,91282CKJ9,TSRYS5784683,D,S,T,2024-04-17,1000000.00,4.831649,99.0859375
08:00:45,91282CKJ9,TSRYS5784683,D,S,T,2024-04-17,1000000.00,4.831649,99.0859375
08:00:45,91282CKJ9,TSRYS5784683,D,S,T,2024-04-17,1000000.00,4.830936,99.087890625
08:00:45,91282CKJ9,TSRYS5784683,D,S,T,2024-04-17,1000000.00,4.830223,99.08984375
08:00:45,91282CKJ9,TSRYS5784683,D,S,T,2024-04-17,1000000.00,4.833075,99.08203125
08:00:45,91282CKJ9,TSRYS5784683,D,S,T,2024-04-17,1000000.00,4.840205,99.0625
08:00:45,91282CKJ9,TSRYS5784683,D,S,D,2024-04-17,1000000.00,4.838066,99.068359375
08:00:45,91282CKJ9,TSRYS5784683,D,S,T,2024-04-17,1000000.00,4.839492,99.064453125
08:00:45,91282CKJ9,TSRYS5784683,D,S,T,2024-04-17,1000000.00,4.840205,99.0625
08:00:45,91282CKJ9,TSRYS5784683,D,S,D,2024-04-17,1000000.00,4.838066,99.068359375
08:00:45,91282CKJ9,TSRYS5784683,D,S,D,2024-04-17,1000000.00,4.838066,99.068359375
08:00:45,91282CKJ9,TSRYS5784683,D,S,T,2024-04-17,1000000.00,4.845198,99.048828125
08:00:45,91282CKJ9,TSRYS5784683,D,S,T,2024-04-17,1000000.00,4.845198,99.048828125
08:00:45,91282CKJ9,TSRYS5784683,D,S,T,2024-04-17,1000000.00,4.845198,99.048828125
08:00:45,91282CKJ9,TSRYS5784683,D,S,T,2024-04-17,1000000.00,4.850904,99.033203125
08:00:45,91282CKJ9,TSRYS5784683,D,S,T,2024-04-17,1000000.00,4.838066,99.068359375
08:00:45,91282CKJ9,TSRYS5784683,D,S,T,2024-04-17,1000000.00,4.835927,99.07421875
08:00:45,91282CKJ9,TSRYS5784683,D,S,T,2024-04-17,1000000.00,4.835927,99.07421875
08:00:45,91282CKJ9,TSRYS5784683,D,S,T,2024-04-17,1000000.00,4.827372,99.09765625
08:00:45,91282CKJ9,TSRYS5784683,D,S,T,2024-04-17,1000000.00,4.824521,99.10546875
