tradeTime,cusip,issueSymbolIdentifier,priceType,reportingSideCode,contraPartyTypeCode,tradeDate,reportedTradeVolume,lastSaleYield,lastSalePrice
08:00:03,91282CLG4,TSRYS5860824,D,S,D,2024-09-03,1000000.00,3.794636,99.875
08:00:03,91282CLG4,TSRYS5860824,D,S,D,2024-09-03,3000000.00,3.798881,99.86328125
08:00:03,91282CLG4,TSRYS5860824,D,S,D,2024-09-03,1000000.00,3.798881,99.86328125
08:00:03,91282CLG4,TSRYS5860824,D,S,D,2024-09-03,4000000.00,3.798881,99.86328125
08:00:03,91282CLG4,TSRYS5860824,D,S,D,2024-09-03,1000000.00,3.798173,99.865234375
08:00:03,91282CLG4,TSRYS5860824,D,S,D,2024-09-03,1000000.00,3.798881,99.86328125
08:00:03,91282CLG4,TSRYS5860824,D,S,D,2024-09-03,1000000.00,3.800296,99.859375
08:00:03,91282CLG4,TSRYS5860824,D,S,D,2024-09-03,1000000.00,3.800296,99.859375
08:00:03,91282CLG4,TSRYS5860824,D,S,D,2024-09-03,1000000.00,3.800296,99.859375
08:00:03,91282CLG4,TSRYS5860824,D,S,D,2024-09-03,2000000.00,3.796051,99.87109375
08:00:03,91282CLG4,TSRYS5860824,D,S,D,2024-09-03,1000000.00,3.792513,99.880859375
08:00:03,91282CLG4,TSRYS5860824,D,S,D,2024-09-03,2000000.00,3.792513,99.880859375
08:00:03,91282CLG4,TSRYS5860824,D,S,D,2024-09-03,1000000.00,3.792513,99.880859375
08:00:03,91282CLG4,TSRYS5860824,D,S,D,2024-09-03,4000000.00,3.793928,99.876953125
08:00:03,91282CLG4,TSRYS5860824,D,S,D,2024-09-03,1000000.00,3.793928,99.876953125
08:00:03,91282CLG4,TSRYS5860824,D,S,D,2024-09-03,1000000.00,3.793928,99.876953125
08:00:03,91282CLG4,TSRYS5860824,D,S,D,2024-09-03,2000000.00,3.793928,99.876953125
08:00:03,91282CLG4,TSRYS5860824,D,S,D,2024-09-03,1000000.00,3.793928,99.876953125
08:00:03,91282CLG4,TSRYS5860824,D,S,T,2024-09-03,4000000.00,3.791806,99.8828125
08:00:03,91282CLG4,TSRYS5860824,D,S,D,2024-09-03,1000000.00,3.791098,99.884765625
08:00:03,91282CLG4,TSRYS5860824,D,S,D,2024-09-03,3000000.00,3.791098,99.884765625
08:00:03,91282CLG4,TSRYS5860824,D,S,D,2024-09-03,3000000.00,3.791098,99.884765625
08:00:03,91282CLG4,TSRYS5860824,D,S,D,2024-09-03,3000000.00,3.791098,99.884765625
08:00:03,91282CLG4,TSRYS5860824,D,S,D,2024-09-03,3000000.00,3.791098,99.884765625
08:00:03,91282CLG4,TSRYS5860824,D,S,D,2024-09-03,3000000.00,3.791098,99.884765625
08:00:03,91282CLG4,TSRYS5860824,D,S,D,2024-09-03,1000000.00,3.794636,99.875
08:00:03,91282CLG4,TSRYS5860824,D,S,T,2024-09-03,1000000.00,3.791806,99.8828125
08:00:03,91282CLG4,TSRYS5860824,D,S,D,2024-09-03,1000000.00,3.791806,99.8828125
08:00:03,91282CLG4,TSRYS5860824,D,S,D,2024-09-03,1000000.00,3.791806,99.8828125
08:00:03,91282CLG4,TSRYS5860824,D,S,D,2024-09-03,1000000.00,3.791806,99.8828125
08:00:03,91282CLG4,TSRYS5860824,D,S,D,2024-09-03,1000000.00,3.791806,99.8828125
08:00:03,91282CLG4,TSRYS5860824,D,S,D,2024-09-03,1000000.00,3.791806,99.8828125
08:00:03,91282CLG4,TSRYS5860824,D,S,D,2024-09-03,1000000.00,3.791806,99.8828125
08:00:03,91282CLG4,TSRYS5860824,D,S,D,2024-09-03,1000000.00,3.791806,99.8828125
08:00:03,91282CLG4,TSRYS5860824,D,S,D,2024-09-03,1000000.00,3.791806,99.8828125
08:00:03,91282CLG4,TSRYS5860824,D,S,D,2024-09-03,2000000.00,3.791806,99.8828125
08:00:03,91282CLG4,TSRYS5860824,D,S,D,2024-09-03,2000000.00,3.791806,99.8828125
08:00:03,91282CLG4,TSRYS5860824,D,S,D,2024-09-03,2000000.00,3.791806,99.8828125
08:00:03,91282CLG4,TSRYS5860824,D,S,D,2024-09-03,2000000.00,3.791806,99.8828125
08:00:03,91282CLG4,TSRYS5860824,D,S,D,2024-09-03,2000000.00,3.791806,99.8828125
08:00:03,91282CLG4,TSRYS5860824,D,S,D,2024-09-03,2000000.00,3.791806,99.8828125
08:00:03,91282CLG4,TSRYS5860824,D,S,D,2024-09-03,2000000.00,3.791806,99.8828125
08:00:03,91282CLG4,TSRYS5860824,D,S,D,2024-09-03,2000000.00,3.791806,99.8828125
08:00:03,91282CLG4,TSRYS5860824,D,S,D,2024-09-03,2000000.00,3.791806,99.8828125
08:00:03,91282CLG4,TSRYS5860824,D,S,D,2024-09-03,2000000.00,3.791806,99.8828125
08:00:03,91282CLG4,TSRYS5860824,D,S,D,2024-09-03,2000000.00,3.791806,99.8828125
08:00:03,91282CLG4,TSRYS5860824,D,S,D,2024-09-03,2000000.00,3.791806,99.8828125
08:00:03,91282CLG4,TSRYS5860824,D,S,T,2024-09-03,1000000.00,3.791098,99.884765625
08:00:03,91282CLG4,TSRYS5860824,D,S,D,2024-09-03,1000000.00,3.791098,99.884765625
08:00:03,91282CLG4,TSRYS5860824,D,S,D,2024-09-03,1000000.00,3.791098,99.884765625
08:00:03,91282CLG4,TSRYS5860824,D,S,T,2024-09-03,1000000.00,3.791098,99.884765625
08:00:03,91282CLG4,TSRYS5860824,D,S,D,2024-09-03,2000000.00,3.791098,99.884765625
08:00:03,91282CLG4,TSRYS5860824,D,S,D,2024-09-03,1000000.00,3.798173,99.865234375
08:00:03,91282CLG4,TSRYS5860824,D,S,D,2024-09-03,1000000.00,3.798173,99.865234375
08:00:03,91282CLG4,TSRYS5860824,D,S,D,2024-09-03,1000000.00,3.796758,99.869140625
08:00:03,91282CLG4,TSRYS5860824,D,S,D,2024-09-03,1000000.00,3.796758,99.869140625
08:00:03,91282CLG4,TSRYS5860824,D,S,D,2024-09-03,1000000.00,3.796758,99.869140625
08:00:03,91282CLG4,TSRYS5860824,D,S,D,2024-09-03,1000000.00,3.796758,99.869140625
08:00:03,91282CLG4,TSRYS5860824,D,S,D,2024-09-03,1000000.00,3.796758,99.869140625
08:00:03,91282CLG4,TSRYS5860824,D,S,D,2024-09-03,1000000.00,3.796758,99.869140625
08:00:03,91282CLG4,TSRYS5860824,D,S,D,2024-09-03,1000000.00,3.796758,99.869140625
08:00:03,91282CLG4,TSRYS5860824,D,S,T,2024-09-03,1000000.00,3.796758,99.869140625
08:00:03,91282CLG4,TSRYS5860824,D,S,T,2024-09-03,1000000.00,3.796758,99.869140625
08:00:03,91282CLG4,TSRYS5860824,D,S,T,2024-09-03,1000000.00,3.796758,99.869140625
08:00:03,91282CLG4,TSRYS5860824,D,S,T,2024-09-03,1000000.00,3.796758,99.869140625
08:00:03,91282CLG4,TSRYS5860824,D,S,T,2024-09-03,1000000.00,3.796758,99.869140625
08:00:03,91282CLG4,TSRYS5860824,D,S,T,2024-09-03,1000000.00,3.796758,99.869140625
08:00:03,91282CLG4,TSRYS5860824,D,S,T,2024-09-03,1000000.00,3.796758,99.869140625
08:00:03,91282CLG4,TSRYS5860824,D,S,T,2024-09-03,1000000.00,3.796758,99.869140625
08:00:03,91282CLG4,TSRYS5860824,D,S,D,2024-09-03,1000000.00,3.796758,99.869140625
08:00:03,91282CLG4,TSRYS5860824,D,S,D,2024-09-03,2000000.00,3.793221,99.87890625
08:00:03,91282CLG4,TSRYS5860824,D,S,D,2024-09-03,2000000.00,3.793221,99.87890625
08:00:03,91282CLG4,TSRYS5860824,D,S,T,2024-09-03,4000000.00,3.791806,99.8828125
08:00:03,91282CLG4,TSRYS5860824,D,S,T,2024-09-03,4000000.00,3.791806,99.8828125
08:00:03,91282CLG4,TSRYS5860824,D,S,T,2024-09-03,4000000.00,3.791806,99.8828125
08:00:03,91282CLG4,TSRYS5860824,D,S,D,2024-09-03,2000000.00,3.791098,99.884765625
08:00:03,91282CLG4,TSRYS5860824,D,S,D,2024-09-03,1000000.00,3.800296,99.859375
08:00:05,91282CLG4,TSRYS5860824,D,S,T,2024-09-03,1000000.00,3.800296,99.859375
08:00:11,91282CLG4,TSRYS5860824,D,S,A,2024-09-03,170000000.00,3.79321,99.87890625
08:00:12,91282CLG4,TSRYS5860824,D,S,D,2024-09-03,1000000.00,3.801711,99.85546875
08:00:12,91282CLG4,TSRYS5860824,D,S,T,2024-09-03,1000000.00,3.798881,99.86328125
08:00:12,91282CLG4,TSRYS5860824,D,S,T,2024-09-03,1000000.00,3.796051,99.87109375
08:00:12,91282CLG4,TSRYS5860824,D,S,D,2024-09-03,1000000.00,3.800296,99.859375
08:00:12,91282CLG4,TSRYS5860824,D,S,D,2024-09-03,1000000.00,3.800296,99.859375
08:00:12,91282CLG4,TSRYS5860824,D,S,T,2024-09-03,1000000.00,3.793221,99.87890625
08:00:12,91282CLG4,TSRYS5860824,D,S,T,2024-09-03,1000000.00,3.793221,99.87890625
08:00:12,91282CLG4,TSRYS5860824,D,S,T,2024-09-03,1000000.00,3.793221,99.87890625
08:00:12,91282CLG4,TSRYS5860824,D,S,T,2024-09-03,1000000.00,3.793221,99.87890625
08:00:12,91282CLG4,TSRYS5860824,D,S,T,2024-09-03,1000000.00,3.792513,99.880859375
08:00:12,91282CLG4,TSRYS5860824,D,S,T,2024-09-03,1000000.00,3.792513,99.880859375
08:00:12,91282CLG4,TSRYS5860824,D,S,T,2024-09-03,1000000.00,3.792513,99.880859375
08:00:12,91282CLG4,TSRYS5860824,D,S,T,2024-09-03,1000000.00,3.792513,99.880859375
08:00:12,91282CLG4,TSRYS5860824,D,S,T,2024-09-03,3000000.00,3.790391,99.88671875
08:00:13,91282CLG4,TSRYS5860824,D,S,T,2024-09-03,1000000.00,3.793221,99.87890625
08:00:13,91282CLG4,TSRYS5860824,D,S,T,2024-09-03,1000000.00,3.791806,99.8828125
08:00:13,91282CLG4,TSRYS5860824,D,S,T,2024-09-03,1000000.00,3.791806,99.8828125
08:00:13,91282CLG4,TSRYS5860824,D,S,T,2024-09-03,1000000.00,3.794636,99.875
08:00:13,91282CLG4,TSRYS5860824,D,S,T,2024-09-03,2000000.00,3.797466,99.8671875
08:00:13,91282CLG4,TSRYS5860824,D,S,T,2024-09-03,1000000.00,3.796051,99.87109375
08:00:13,91282CLG4,TSRYS5860824,D,S,T,2024-09-03,1000000.00,3.794636,99.875
08:00:13,91282CLG4,TSRYS5860824,D,S,T,2024-09-03,1000000.00,3.788976,99.890625
08:00:13,91282CLG4,TSRYS5860824,D,S,T,2024-09-03,1000000.00,3.788976,99.890625
08:00:13,91282CLG4,TSRYS5860824,D,S,T,2024-09-03,1000000.00,3.788976,99.890625
08:00:13,91282CLG4,TSRYS5860824,D,S,T,2024-09-03,1000000.00,3.793221,99.87890625
08:00:13,91282CLG4,TSRYS5860824,D,S,T,2024-09-03,1000000.00,3.793221,99.87890625
08:00:13,91282CLG4,TSRYS5860824,D,S,T,2024-09-03,1000000.00,3.791806,99.8828125
08:00:13,91282CLG4,TSRYS5860824,D,S,T,2024-09-03,1000000.00,3.791806,99.8828125
08:00:13,91282CLG4,TSRYS5860824,D,S,T,2024-09-03,1000000.00,3.791806,99.8828125
08:00:13,91282CLG4,TSRYS5860824,D,S,T,2024-09-03,1000000.00,3.791806,99.8828125
08:00:13,91282CLG4,TSRYS5860824,D,S,T,2024-09-03,1000000.00,3.791098,99.884765625
08:00:13,91282CLG4,TSRYS5860824,D,S,T,2024-09-03,1000000.00,3.791098,99.884765625
08:00:13,91282CLG4,TSRYS5860824,D,S,T,2024-09-03,1000000.00,3.800296,99.859375
08:00:13,91282CLG4,TSRYS5860824,D,S,T,2024-09-03,1000000.00,3.800296,99.859375
08:00:13,91282CLG4,TSRYS5860824,D,S,T,2024-09-03,1000000.00,3.800296,99.859375
08:00:13,91282CLG4,TSRYS5860824,D,S,T,2024-09-03,1000000.00,3.800296,99.859375
08:00:13,91282CLG4,TSRYS5860824,D,S,T,2024-09-03,1000000.00,3.800296,99.859375
08:00:13,91282CLG4,TSRYS5860824,D,S,T,2024-09-03,1000000.00,3.800296,99.859375
08:00:13,91282CLG4,TSRYS5860824,D,S,T,2024-09-03,1000000.00,3.801711,99.85546875
08:00:13,91282CLG4,TSRYS5860824,D,S,T,2024-09-03,1000000.00,3.800296,99.859375
08:00:14,91282CLG4,TSRYS5860824,D,S,C,2024-09-03,92000.00,3.800296,99.859375
08:00:14,91282CLG4,TSRYS5860824,D,S,D,2024-09-03,1000000.00,3.797466,99.8671875
08:00:14,91282CLG4,TSRYS5860824,D,S,D,2024-09-03,1000000.00,3.793221,99.87890625
08:00:14,91282CLG4,TSRYS5860824,D,S,D,2024-09-03,1000000.00,3.793221,99.87890625
08:00:14,91282CLG4,TSRYS5860824,D,S,D,2024-09-03,1000000.00,3.793221,99.87890625
08:00:16,91282CLG4,TSRYS5860824,D,S,D,2024-09-03,1000000.00,3.793221,99.87890625
08:00:18,91282CLG4,TSRYS5860824,D,S,D,2024-09-03,1000000.00,3.791806,99.8828125
08:00:18,91282CLG4,TSRYS5860824,D,S,D,2024-09-03,1000000.00,3.791806,99.8828125
08:00:20,91282CLG4,TSRYS5860824,D,S,A,2024-09-03,200000.00,3.798881,99.86328125
08:00:22,91282CLG4,TSRYS5860824,D,S,A,2024-09-03,1000000.00,3.790391,99.88671875
08:00:24,91282CLG4,TSRYS5860824,D,B,A,2024-09-03,1000000.00,3.788976,99.890625
08:00:26,91282CLG4,TSRYS5860824,D,S,T,2024-09-03,1000000.00,3.790391,99.88671875
08:00:26,91282CLG4,TSRYS5860824,D,S,T,2024-09-03,1000000.00,3.794636,99.875
08:00:26,91282CLG4,TSRYS5860824,D,S,T,2024-09-03,3000000.00,3.791806,99.8828125
08:00:26,91282CLG4,TSRYS5860824,D,S,T,2024-09-03,1000000.00,3.791806,99.8828125
08:00:26,91282CLG4,TSRYS5860824,D,S,T,2024-09-03,1000000.00,3.793221,99.87890625
08:00:26,91282CLG4,TSRYS5860824,D,S,T,2024-09-03,9000000.00,3.804542,99.84765625
08:00:26,91282CLG4,TSRYS5860824,D,S,T,2024-09-03,1000000.00,3.804542,99.84765625
08:00:26,91282CLG4,TSRYS5860824,D,S,T,2024-09-03,1000000.00,3.800296,99.859375
08:00:26,91282CLG4,TSRYS5860824,D,S,T,2024-09-03,4000000.00,3.800296,99.859375
08:00:27,91282CLG4,TSRYS5860824,D,S,D,2024-09-03,2000000.00,3.796758,99.869140625
08:00:27,91282CLG4,TSRYS5860824,D,S,D,2024-09-03,1000000.00,3.797466,99.8671875
08:00:27,91282CLG4,TSRYS5860824,D,S,D,2024-09-03,1000000.00,3.793221,99.87890625
08:00:27,91282CLG4,TSRYS5860824,D,S,C,2024-09-03,2000000.00,3.788976,99.890625
08:00:27,91282CLG4,TSRYS5860824,D,S,T,2024-09-03,1000000.00,3.788976,99.890625
08:00:27,91282CLG4,TSRYS5860824,D,S,T,2024-09-03,1000000.00,3.796051,99.87109375
08:00:27,91282CLG4,TSRYS5860824,D,S,D,2024-09-03,1000000.00,3.796051,99.87109375
08:00:27,91282CLG4,TSRYS5860824,D,S,C,2024-09-03,3000000.00,3.791806,99.8828125
08:00:27,91282CLG4,TSRYS5860824,D,S,C,2024-09-03,2000000.00,3.791806,99.8828125
08:00:27,91282CLG4,TSRYS5860824,D,S,T,2024-09-03,1000000.00,3.788976,99.890625
08:00:27,91282CLG4,TSRYS5860824,D,S,T,2024-09-03,1000000.00,3.791806,99.8828125
08:00:27,91282CLG4,TSRYS5860824,D,S,T,2024-09-03,1000000.00,3.791806,99.8828125
08:00:27,91282CLG4,TSRYS5860824,D,S,D,2024-09-03,2000000.00,3.791806,99.8828125
08:00:27,91282CLG4,TSRYS5860824,D,S,D,2024-09-03,2000000.00,3.791806,99.8828125
08:00:27,91282CLG4,TSRYS5860824,D,S,D,2024-09-03,2000000.00,3.796758,99.869140625
08:00:27,91282CLG4,TSRYS5860824,D,S,D,2024-09-03,1000000.00,3.791806,99.8828125
08:00:27,91282CLG4,TSRYS5860824,D,S,D,2024-09-03,1000000.00,3.791806,99.8828125
08:00:28,91282CLG4,TSRYS5860824,D,S,D,2024-09-03,1000000.00,3.791806,99.8828125
08:00:30,91282CLG4,TSRYS5860824,D,S,D,2024-09-03,5000000.00,3.790391,99.88671875
08:00:30,91282CLG4,TSRYS5860824,D,S,D,2024-09-03,1000000.00,3.790391,99.88671875
08:00:30,91282CLG4,TSRYS5860824,D,S,T,2024-09-03,1000000.00,3.793928,99.876953125
08:00:30,91282CLG4,TSRYS5860824,D,S,T,2024-09-03,1000000.00,3.794636,99.875
08:00:30,91282CLG4,TSRYS5860824,D,S,T,2024-09-03,2000000.00,3.796051,99.87109375
08:00:30,91282CLG4,TSRYS5860824,D,S,T,2024-09-03,1000000.00,3.797466,99.8671875
08:00:30,91282CLG4,TSRYS5860824,D,S,T,2024-09-03,2000000.00,3.798881,99.86328125
08:00:30,91282CLG4,TSRYS5860824,D,S,T,2024-09-03,1000000.00,3.798881,99.86328125
08:00:30,91282CLG4,TSRYS5860824,D,S,T,2024-09-03,1000000.00,3.798881,99.86328125
08:00:30,91282CLG4,TSRYS5860824,D,S,T,2024-09-03,1000000.00,3.798881,99.86328125
08:00:30,91282CLG4,TSRYS5860824,D,S,T,2024-09-03,1000000.00,3.798881,99.86328125
08:00:30,91282CLG4,TSRYS5860824,D,S,T,2024-09-03,1000000.00,3.798881,99.86328125
08:00:30,91282CLG4,TSRYS5860824,D,S,T,2024-09-03,2000000.00,3.798881,99.86328125
08:00:30,91282CLG4,TSRYS5860824,D,S,T,2024-09-03,1000000.00,3.798881,99.86328125
08:00:30,91282CLG4,TSRYS5860824,D,S,T,2024-09-03,1000000.00,3.798881,99.86328125
08:00:30,91282CLG4,TSRYS5860824,D,S,T,2024-09-03,1000000.00,3.801711,99.85546875
08:00:30,91282CLG4,TSRYS5860824,D,S,T,2024-09-03,1000000.00,3.801711,99.85546875
08:00:30,91282CLG4,TSRYS5860824,D,S,T,2024-09-03,1000000.00,3.801711,99.85546875
08:00:30,91282CLG4,TSRYS5860824,D,S,T,2024-09-03,1000000.00,3.801711,99.85546875
08:00:30,91282CLG4,TSRYS5860824,D,S,T,2024-09-03,2000000.00,3.801711,99.85546875
08:00:30,91282CLG4,TSRYS5860824,D,S,T,2024-09-03,1000000.00,3.801711,99.85546875
08:00:30,91282CLG4,TSRYS5860824,D,S,T,2024-09-03,1000000.00,3.801711,99.85546875
08:00:30,91282CLG4,TSRYS5860824,D,S,T,2024-09-03,1000000.00,3.801711,99.85546875
08:00:30,91282CLG4,TSRYS5860824,D,S,T,2024-09-03,1000000.00,3.801711,99.85546875
08:00:30,91282CLG4,TSRYS5860824,D,S,T,2024-09-03,1000000.00,3.801711,99.85546875
08:00:30,91282CLG4,TSRYS5860824,D,S,T,2024-09-03,1000000.00,3.800296,99.859375
08:00:30,91282CLG4,TSRYS5860824,D,S,T,2024-09-03,1000000.00,3.797466,99.8671875
08:00:30,91282CLG4,TSRYS5860824,D,S,T,2024-09-03,1000000.00,3.796758,99.869140625
08:00:30,91282CLG4,TSRYS5860824,D,S,T,2024-09-03,1000000.00,3.796758,99.869140625
08:00:30,91282CLG4,TSRYS5860824,D,S,T,2024-09-03,5000000.00,3.797466,99.8671875
08:00:30,91282CLG4,TSRYS5860824,D,S,T,2024-09-03,2000000.00,3.799588,99.861328125
08:00:30,91282CLG4,TSRYS5860824,D,S,T,2024-09-03,2000000.00,3.799588,99.861328125
08:00:30,91282CLG4,TSRYS5860824,D,S,T,2024-09-03,1000000.00,3.801711,99.85546875
08:00:30,91282CLG4,TSRYS5860824,D,S,T,2024-09-03,1000000.00,3.801711,99.85546875
08:00:30,91282CLG4,TSRYS5860824,D,S,T,2024-09-03,5000000.00,3.800296,99.859375
08:00:30,91282CLG4,TSRYS5860824,D,S,T,2024-09-03,1000000.00,3.794636,99.875
08:00:30,91282CLG4,TSRYS5860824,D,S,T,2024-09-03,2000000.00,3.795343,99.873046875
08:00:30,91282CLG4,TSRYS5860824,D,S,T,2024-09-03,1000000.00,3.795343,99.873046875
08:00:30,91282CLG4,TSRYS5860824,D,S,T,2024-09-03,1000000.00,3.794636,99.875
08:00:30,91282CLG4,TSRYS5860824,D,S,T,2024-09-03,1000000.00,3.794636,99.875
08:00:30,91282CLG4,TSRYS5860824,D,S,T,2024-09-03,1000000.00,3.794636,99.875
08:00:30,91282CLG4,TSRYS5860824,D,S,T,2024-09-03,1000000.00,3.793928,99.876953125
08:00:30,91282CLG4,TSRYS5860824,D,S,T,2024-09-03,1000000.00,3.793928,99.876953125
08:00:30,91282CLG4,TSRYS5860824,D,S,T,2024-09-03,2000000.00,3.793221,99.87890625
08:00:30,91282CLG4,TSRYS5860824,D,S,T,2024-09-03,2000000.00,3.792513,99.880859375
08:00:30,91282CLG4,TSRYS5860824,D,S,T,2024-09-03,1000000.00,3.792513,99.880859375
08:00:30,91282CLG4,TSRYS5860824,D,S,T,2024-09-03,2000000.00,3.792513,99.880859375
08:00:30,91282CLG4,TSRYS5860824,D,S,T,2024-09-03,2000000.00,3.792513,99.880859375
08:00:30,91282CLG4,TSRYS5860824,D,S,T,2024-09-03,2000000.00,3.792513,99.880859375
08:00:30,91282CLG4,TSRYS5860824,D,S,T,2024-09-03,2000000.00,3.791806,99.8828125
08:00:30,91282CLG4,TSRYS5860824,D,S,T,2024-09-03,2000000.00,3.791806,99.8828125
08:00:30,91282CLG4,TSRYS5860824,D,S,T,2024-09-03,2000000.00,3.791806,99.8828125
08:00:30,91282CLG4,TSRYS5860824,D,S,T,2024-09-03,2000000.00,3.791806,99.8828125
08:00:30,91282CLG4,TSRYS5860824,D,S,T,2024-09-03,1000000.00,3.792513,99.880859375
08:00:30,91282CLG4,TSRYS5860824,D,S,T,2024-09-03,1000000.00,3.793221,99.87890625
08:00:30,91282CLG4,TSRYS5860824,D,S,D,2024-09-03,1000000.00,3.790391,99.88671875
08:00:30,91282CLG4,TSRYS5860824,D,S,D,2024-09-03,2000000.00,3.790391,99.88671875
08:00:30,91282CLG4,TSRYS5860824,D,S,T,2024-09-03,1000000.00,3.791806,99.8828125
08:00:30,91282CLG4,TSRYS5860824,D,S,T,2024-09-03,1000000.00,3.791806,99.8828125
08:00:30,91282CLG4,TSRYS5860824,D,S,T,2024-09-03,1000000.00,3.791806,99.8828125
08:00:30,91282CLG4,TSRYS5860824,D,S,T,2024-09-03,1000000.00,3.791806,99.8828125
08:00:30,91282CLG4,TSRYS5860824,D,S,T,2024-09-03,1000000.00,3.791806,99.8828125
08:00:30,91282CLG4,TSRYS5860824,D,S,T,2024-09-03,1000000.00,3.791806,99.8828125
08:00:30,91282CLG4,TSRYS5860824,D,S,T,2024-09-03,2000000.00,3.792513,99.880859375
08:00:30,91282CLG4,TSRYS5860824,D,S,T,2024-09-03,9000000.00,3.792513,99.880859375
08:00:30,91282CLG4,TSRYS5860824,D,S,T,2024-09-03,1000000.00,3.792513,99.880859375
08:00:30,91282CLG4,TSRYS5860824,D,S,T,2024-09-03,2000000.00,3.791806,99.8828125
08:00:30,91282CLG4,TSRYS5860824,D,S,T,2024-09-03,1000000.00,3.791098,99.884765625
08:00:30,91282CLG4,TSRYS5860824,D,S,T,2024-09-03,1000000.00,3.791098,99.884765625
08:00:30,91282CLG4,TSRYS5860824,D,S,T,2024-09-03,1000000.00,3.790391,99.88671875
08:00:30,91282CLG4,TSRYS5860824,D,S,T,2024-09-03,1000000.00,3.790391,99.88671875
08:00:30,91282CLG4,TSRYS5860824,D,S,T,2024-09-03,1000000.00,3.790391,99.88671875
08:00:30,91282CLG4,TSRYS5860824,D,S,D,2024-09-03,10000000.00,3.790391,99.88671875
08:00:30,91282CLG4,TSRYS5860824,D,S,T,2024-09-03,1000000.00,3.791098,99.884765625
08:00:30,91282CLG4,TSRYS5860824,D,S,T,2024-09-03,1000000.00,3.791806,99.8828125
08:00:30,91282CLG4,TSRYS5860824,D,S,T,2024-09-03,1000000.00,3.791098,99.884765625
08:00:30,91282CLG4,TSRYS5860824,D,S,T,2024-09-03,1000000.00,3.788976,99.890625
08:00:30,91282CLG4,TSRYS5860824,D,S,T,2024-09-03,1000000.00,3.790391,99.88671875
08:00:30,91282CLG4,TSRYS5860824,D,S,T,2024-09-03,1000000.00,3.793221,99.87890625
08:00:30,91282CLG4,TSRYS5860824,D,S,T,2024-09-03,1000000.00,3.793221,99.87890625
08:00:30,91282CLG4,TSRYS5860824,D,S,T,2024-09-03,1000000.00,3.791806,99.8828125
08:00:30,91282CLG4,TSRYS5860824,D,S,T,2024-09-03,1000000.00,3.794636,99.875
08:00:30,91282CLG4,TSRYS5860824,D,S,T,2024-09-03,1000000.00,3.794636,99.875
08:00:30,91282CLG4,TSRYS5860824,D,S,T,2024-09-03,1000000.00,3.791806,99.8828125
08:00:30,91282CLG4,TSRYS5860824,D,S,T,2024-09-03,1000000.00,3.790391,99.88671875
08:00:30,91282CLG4,TSRYS5860824,D,S,T,2024-09-03,2000000.00,3.791806,99.8828125
08:00:30,91282CLG4,TSRYS5860824,D,S,T,2024-09-03,1000000.00,3.790391,99.88671875
08:00:30,91282CLG4,TSRYS5860824,D,S,T,2024-09-03,1000000.00,3.790391,99.88671875
08:00:30,91282CLG4,TSRYS5860824,D,S,T,2024-09-03,1000000.00,3.790391,99.88671875
08:00:30,91282CLG4,TSRYS5860824,D,S,T,2024-09-03,1000000.00,3.790391,99.88671875
08:00:30,91282CLG4,TSRYS5860824,D,S,T,2024-09-03,1000000.00,3.787562,99.89453125
08:00:30,91282CLG4,TSRYS5860824,D,S,T,2024-09-03,1000000.00,3.787562,99.89453125
08:00:30,91282CLG4,TSRYS5860824,D,S,T,2024-09-03,1000000.00,3.790391,99.88671875
08:00:30,91282CLG4,TSRYS5860824,D,S,T,2024-09-03,1000000.00,3.790391,99.88671875
08:00:30,91282CLG4,TSRYS5860824,D,S,T,2024-09-03,1000000.00,3.790391,99.88671875
08:00:30,91282CLG4,TSRYS5860824,D,S,T,2024-09-03,1000000.00,3.790391,99.88671875
08:00:30,91282CLG4,TSRYS5860824,D,S,T,2024-09-03,1000000.00,3.790391,99.88671875
08:00:30,91282CLG4,TSRYS5860824,D,S,T,2024-09-03,1000000.00,3.790391,99.88671875
08:00:30,91282CLG4,TSRYS5860824,D,S,T,2024-09-03,1000000.00,3.790391,99.88671875
08:00:30,91282CLG4,TSRYS5860824,D,S,T,2024-09-03,2000000.00,3.791806,99.8828125
08:00:30,91282CLG4,TSRYS5860824,D,S,T,2024-09-03,1000000.00,3.790391,99.88671875
08:00:30,91282CLG4,TSRYS5860824,D,S,T,2024-09-03,1000000.00,3.787562,99.89453125
08:00:30,91282CLG4,TSRYS5860824,D,S,T,2024-09-03,1000000.00,3.788269,99.892578125
08:00:30,91282CLG4,TSRYS5860824,D,S,T,2024-09-03,1000000.00,3.789684,99.888671875
08:00:30,91282CLG4,TSRYS5860824,D,S,T,2024-09-03,1000000.00,3.790391,99.88671875
08:00:30,91282CLG4,TSRYS5860824,D,S,T,2024-09-03,1000000.00,3.790391,99.88671875
08:00:30,91282CLG4,TSRYS5860824,D,S,T,2024-09-03,1000000.00,3.790391,99.88671875
08:00:30,91282CLG4,TSRYS5860824,D,S,T,2024-09-03,1000000.00,3.790391,99.88671875
08:00:30,91282CLG4,TSRYS5860824,D,S,T,2024-09-03,1000000.00,3.790391,99.88671875
08:00:30,91282CLG4,TSRYS5860824,D,S,T,2024-09-03,1000000.00,3.790391,99.88671875
08:00:30,91282CLG4,TSRYS5860824,D,S,T,2024-09-03,1000000.00,3.789684,99.888671875
08:00:30,91282CLG4,TSRYS5860824,D,S,T,2024-09-03,1000000.00,3.790391,99.88671875
08:00:30,91282CLG4,TSRYS5860824,D,S,T,2024-09-03,1000000.00,3.791806,99.8828125
08:00:30,91282CLG4,TSRYS5860824,D,S,T,2024-09-03,1000000.00,3.791806,99.8828125
08:00:30,91282CLG4,TSRYS5860824,D,S,T,2024-09-03,1000000.00,3.791806,99.8828125
08:00:30,91282CLG4,TSRYS5860824,D,S,T,2024-09-03,2000000.00,3.793221,99.87890625
08:00:30,91282CLG4,TSRYS5860824,D,S,T,2024-09-03,3000000.00,3.793221,99.87890625
08:00:30,91282CLG4,TSRYS5860824,D,S,T,2024-09-03,2000000.00,3.794636,99.875
08:00:30,91282CLG4,TSRYS5860824,D,S,T,2024-09-03,1000000.00,3.793221,99.87890625
08:00:30,91282CLG4,TSRYS5860824,D,S,T,2024-09-03,1000000.00,3.793928,99.876953125
08:00:30,91282CLG4,TSRYS5860824,D,S,T,2024-09-03,1000000.00,3.794636,99.875
08:00:30,91282CLG4,TSRYS5860824,D,S,T,2024-09-03,1000000.00,3.793221,99.87890625
08:00:30,91282CLG4,TSRYS5860824,D,S,T,2024-09-03,1000000.00,3.793928,99.876953125
08:00:30,91282CLG4,TSRYS5860824,D,S,T,2024-09-03,1000000.00,3.796051,99.87109375
08:00:30,91282CLG4,TSRYS5860824,D,S,T,2024-09-03,1000000.00,3.796051,99.87109375
08:00:30,91282CLG4,TSRYS5860824,D,S,T,2024-09-03,1000000.00,3.796051,99.87109375
08:00:30,91282CLG4,TSRYS5860824,D,S,T,2024-09-03,1000000.00,3.796051,99.87109375
08:00:30,91282CLG4,TSRYS5860824,D,S,T,2024-09-03,1000000.00,3.796051,99.87109375
08:00:30,91282CLG4,TSRYS5860824,D,S,T,2024-09-03,1000000.00,3.797466,99.8671875
08:00:30,91282CLG4,TSRYS5860824,D,S,T,2024-09-03,1000000.00,3.797466,99.8671875
08:00:30,91282CLG4,TSRYS5860824,D,S,T,2024-09-03,1000000.00,3.796051,99.87109375
08:00:30,91282CLG4,TSRYS5860824,D,S,T,2024-09-03,1000000.00,3.796051,99.87109375
08:00:30,91282CLG4,TSRYS5860824,D,S,T,2024-09-03,1000000.00,3.796051,99.87109375
08:00:30,91282CLG4,TSRYS5860824,D,S,T,2024-09-03,1000000.00,3.796051,99.87109375
08:00:30,91282CLG4,TSRYS5860824,D,S,T,2024-09-03,2000000.00,3.796758,99.869140625
08:00:30,91282CLG4,TSRYS5860824,D,S,T,2024-09-03,1000000.00,3.796051,99.87109375
08:00:30,91282CLG4,TSRYS5860824,D,S,T,2024-09-03,1000000.00,3.796051,99.87109375
08:00:30,91282CLG4,TSRYS5860824,D,S,T,2024-09-03,2000000.00,3.796051,99.87109375
08:00:30,91282CLG4,TSRYS5860824,D,S,T,2024-09-03,1000000.00,3.796051,99.87109375
08:00:30,91282CLG4,TSRYS5860824,D,S,T,2024-09-03,1000000.00,3.796051,99.87109375
08:00:30,91282CLG4,TSRYS5860824,D,S,T,2024-09-03,1000000.00,3.796051,99.87109375
08:00:30,91282CLG4,TSRYS5860824,D,S,T,2024-09-03,1000000.00,3.796051,99.87109375
08:00:30,91282CLG4,TSRYS5860824,D,S,T,2024-09-03,4000000.00,3.796758,99.869140625
08:00:30,91282CLG4,TSRYS5860824,D,S,T,2024-09-03,1000000.00,3.794636,99.875
08:00:30,91282CLG4,TSRYS5860824,D,S,T,2024-09-03,1000000.00,3.794636,99.875
08:00:30,91282CLG4,TSRYS5860824,D,S,T,2024-09-03,2000000.00,3.794636,99.875
08:00:30,91282CLG4,TSRYS5860824,D,S,T,2024-09-03,2000000.00,3.794636,99.875
08:00:30,91282CLG4,TSRYS5860824,D,S,T,2024-09-03,2000000.00,3.796051,99.87109375
08:00:30,91282CLG4,TSRYS5860824,D,S,T,2024-09-03,2000000.00,3.796051,99.87109375
08:00:30,91282CLG4,TSRYS5860824,D,S,T,2024-09-03,2000000.00,3.796051,99.87109375
08:00:30,91282CLG4,TSRYS5860824,D,S,T,2024-09-03,2000000.00,3.796051,99.87109375
08:00:30,91282CLG4,TSRYS5860824,D,S,T,2024-09-03,2000000.00,3.796051,99.87109375
08:00:30,91282CLG4,TSRYS5860824,D,S,T,2024-09-03,1000000.00,3.796051,99.87109375
08:00:30,91282CLG4,TSRYS5860824,D,S,T,2024-09-03,2000000.00,3.796051,99.87109375
08:00:30,91282CLG4,TSRYS5860824,D,S,T,2024-09-03,1000000.00,3.796051,99.87109375
08:00:30,91282CLG4,TSRYS5860824,D,S,T,2024-09-03,1000000.00,3.796051,99.87109375
08:00:30,91282CLG4,TSRYS5860824,D,S,T,2024-09-03,1000000.00,3.796051,99.87109375
08:00:30,91282CLG4,TSRYS5860824,D,S,T,2024-09-03,1000000.00,3.795343,99.873046875
08:00:30,91282CLG4,TSRYS5860824,D,S,T,2024-09-03,1000000.00,3.791806,99.8828125
08:00:30,91282CLG4,TSRYS5860824,D,S,T,2024-09-03,2000000.00,3.794636,99.875
08:00:30,91282CLG4,TSRYS5860824,D,S,T,2024-09-03,1000000.00,3.794636,99.875
08:00:30,91282CLG4,TSRYS5860824,D,S,T,2024-09-03,1000000.00,3.794636,99.875
08:00:30,91282CLG4,TSRYS5860824,D,S,T,2024-09-03,2000000.00,3.794636,99.875
08:00:30,91282CLG4,TSRYS5860824,D,S,T,2024-09-03,1000000.00,3.794636,99.875
08:00:30,91282CLG4,TSRYS5860824,D,S,T,2024-09-03,1000000.00,3.795343,99.873046875
08:00:31,91282CLG4,TSRYS5860824,D,S,T,2024-09-03,2000000.00,3.794636,99.875
08:00:31,91282CLG4,TSRYS5860824,D,S,T,2024-09-03,1000000.00,3.793221,99.87890625
08:00:31,91282CLG4,TSRYS5860824,D,S,T,2024-09-03,6000000.00,3.794636,99.875
08:00:31,91282CLG4,TSRYS5860824,D,S,T,2024-09-03,3000000.00,3.794636,99.875
08:00:31,91282CLG4,TSRYS5860824,D,S,T,2024-09-03,3000000.00,3.794636,99.875
08:00:31,91282CLG4,TSRYS5860824,D,S,T,2024-09-03,1000000.00,3.794636,99.875
08:00:31,91282CLG4,TSRYS5860824,D,S,T,2024-09-03,1000000.00,3.794636,99.875
08:00:31,91282CLG4,TSRYS5860824,D,S,T,2024-09-03,1000000.00,3.794636,99.875
08:00:31,91282CLG4,TSRYS5860824,D,S,T,2024-09-03,1000000.00,3.794636,99.875
08:00:31,91282CLG4,TSRYS5860824,D,S,T,2024-09-03,1000000.00,3.794636,99.875
08:00:31,91282CLG4,TSRYS5860824,D,S,T,2024-09-03,1000000.00,3.794636,99.875
08:00:31,91282CLG4,TSRYS5860824,D,S,T,2024-09-03,1000000.00,3.794636,99.875
08:00:31,91282CLG4,TSRYS5860824,D,S,T,2024-09-03,1000000.00,3.796051,99.87109375
08:00:31,91282CLG4,TSRYS5860824,D,S,T,2024-09-03,2000000.00,3.796051,99.87109375
08:00:31,91282CLG4,TSRYS5860824,D,S,T,2024-09-03,1000000.00,3.794636,99.875
08:00:31,91282CLG4,TSRYS5860824,D,S,T,2024-09-03,1000000.00,3.794636,99.875
08:00:31,91282CLG4,TSRYS5860824,D,S,T,2024-09-03,1000000.00,3.793928,99.876953125
08:00:31,91282CLG4,TSRYS5860824,D,S,T,2024-09-03,3000000.00,3.796051,99.87109375
08:00:31,91282CLG4,TSRYS5860824,D,S,T,2024-09-03,3000000.00,3.796051,99.87109375
08:00:31,91282CLG4,TSRYS5860824,D,S,T,2024-09-03,4000000.00,3.796051,99.87109375
08:00:31,91282CLG4,TSRYS5860824,D,S,T,2024-09-03,1000000.00,3.796051,99.87109375
08:00:31,91282CLG4,TSRYS5860824,D,S,T,2024-09-03,2000000.00,3.794636,99.875
08:00:31,91282CLG4,TSRYS5860824,D,S,T,2024-09-03,1000000.00,3.795343,99.873046875
08:00:31,91282CLG4,TSRYS5860824,D,S,T,2024-09-03,1000000.00,3.793221,99.87890625
08:00:31,91282CLG4,TSRYS5860824,D,S,T,2024-09-03,1000000.00,3.793221,99.87890625
08:00:31,91282CLG4,TSRYS5860824,D,S,T,2024-09-03,1000000.00,3.793221,99.87890625
08:00:31,91282CLG4,TSRYS5860824,D,S,T,2024-09-03,1000000.00,3.790391,99.88671875
08:00:31,91282CLG4,TSRYS5860824,D,S,T,2024-09-03,1000000.00,3.794636,99.875
08:00:31,91282CLG4,TSRYS5860824,D,S,T,2024-09-03,1000000.00,3.794636,99.875
08:00:31,91282CLG4,TSRYS5860824,D,S,T,2024-09-03,2000000.00,3.797466,99.8671875
08:00:31,91282CLG4,TSRYS5860824,D,S,T,2024-09-03,1000000.00,3.797466,99.8671875
08:00:31,91282CLG4,TSRYS5860824,D,S,T,2024-09-03,1000000.00,3.797466,99.8671875
08:00:31,91282CLG4,TSRYS5860824,D,S,D,2024-09-03,1000000.00,3.797466,99.8671875
08:00:31,91282CLG4,TSRYS5860824,D,S,T,2024-09-03,1000000.00,3.797466,99.8671875
08:00:31,91282CLG4,TSRYS5860824,D,S,T,2024-09-03,1000000.00,3.797466,99.8671875
08:00:31,91282CLG4,TSRYS5860824,D,S,T,2024-09-03,1000000.00,3.797466,99.8671875
08:00:31,91282CLG4,TSRYS5860824,D,S,T,2024-09-03,1000000.00,3.797466,99.8671875
08:00:31,91282CLG4,TSRYS5860824,D,S,T,2024-09-03,1000000.00,3.797466,99.8671875
08:00:31,91282CLG4,TSRYS5860824,D,S,T,2024-09-03,1000000.00,3.797466,99.8671875
08:00:31,91282CLG4,TSRYS5860824,D,S,T,2024-09-03,3000000.00,3.797466,99.8671875
08:00:31,91282CLG4,TSRYS5860824,D,S,T,2024-09-03,1000000.00,3.797466,99.8671875
08:00:31,91282CLG4,TSRYS5860824,D,S,T,2024-09-03,1000000.00,3.797466,99.8671875
08:00:31,91282CLG4,TSRYS5860824,D,S,T,2024-09-03,1000000.00,3.797466,99.8671875
08:00:31,91282CLG4,TSRYS5860824,D,S,T,2024-09-03,2000000.00,3.797466,99.8671875
08:00:31,91282CLG4,TSRYS5860824,D,S,T,2024-09-03,2000000.00,3.797466,99.8671875
08:00:31,91282CLG4,TSRYS5860824,D,S,T,2024-09-03,2000000.00,3.797466,99.8671875
08:00:31,91282CLG4,TSRYS5860824,D,S,T,2024-09-03,1000000.00,3.796758,99.869140625
08:00:31,91282CLG4,TSRYS5860824,D,S,T,2024-09-03,2000000.00,3.798173,99.865234375
08:00:31,91282CLG4,TSRYS5860824,D,S,T,2024-09-03,1000000.00,3.795343,99.873046875
08:00:31,91282CLG4,TSRYS5860824,D,S,T,2024-09-03,2000000.00,3.795343,99.873046875
08:00:31,91282CLG4,TSRYS5860824,D,S,T,2024-09-03,1000000.00,3.795343,99.873046875
08:00:31,91282CLG4,TSRYS5860824,D,S,T,2024-09-03,1000000.00,3.795343,99.873046875
08:00:31,91282CLG4,TSRYS5860824,D,S,T,2024-09-03,1000000.00,3.796051,99.87109375
08:00:31,91282CLG4,TSRYS5860824,D,S,T,2024-09-03,1000000.00,3.796051,99.87109375
08:00:31,91282CLG4,TSRYS5860824,D,S,T,2024-09-03,1000000.00,3.796758,99.869140625
08:00:31,91282CLG4,TSRYS5860824,D,S,T,2024-09-03,2000000.00,3.795343,99.873046875
08:00:31,91282CLG4,TSRYS5860824,D,S,T,2024-09-03,1000000.00,3.793221,99.87890625
08:00:31,91282CLG4,TSRYS5860824,D,S,T,2024-09-03,1000000.00,3.793221,99.87890625
08:00:31,91282CLG4,TSRYS5860824,D,S,T,2024-09-03,1000000.00,3.791806,99.8828125
08:00:31,91282CLG4,TSRYS5860824,D,S,T,2024-09-03,1000000.00,3.791098,99.884765625
08:00:31,91282CLG4,TSRYS5860824,D,S,T,2024-09-03,1000000.00,3.790391,99.88671875
08:00:31,91282CLG4,TSRYS5860824,D,S,T,2024-09-03,2000000.00,3.790391,99.88671875
08:00:31,91282CLG4,TSRYS5860824,D,S,T,2024-09-03,2000000.00,3.788976,99.890625
08:00:31,91282CLG4,TSRYS5860824,D,S,T,2024-09-03,1000000.00,3.788976,99.890625
08:00:31,91282CLG4,TSRYS5860824,D,S,T,2024-09-03,1000000.00,3.790391,99.88671875
08:00:31,91282CLG4,TSRYS5860824,D,S,T,2024-09-03,1000000.00,3.790391,99.88671875
08:00:31,91282CLG4,TSRYS5860824,D,S,T,2024-09-03,1000000.00,3.790391,99.88671875
08:00:31,91282CLG4,TSRYS5860824,D,S,T,2024-09-03,1000000.00,3.791806,99.8828125
08:00:31,91282CLG4,TSRYS5860824,D,S,T,2024-09-03,1000000.00,3.791806,99.8828125
08:00:31,91282CLG4,TSRYS5860824,D,S,T,2024-09-03,2000000.00,3.791806,99.8828125
08:00:31,91282CLG4,TSRYS5860824,D,S,T,2024-09-03,2000000.00,3.791806,99.8828125
08:00:31,91282CLG4,TSRYS5860824,D,S,T,2024-09-03,1000000.00,3.791806,99.8828125
08:00:31,91282CLG4,TSRYS5860824,D,S,T,2024-09-03,1000000.00,3.791806,99.8828125
08:00:31,91282CLG4,TSRYS5860824,D,S,T,2024-09-03,4000000.00,3.791806,99.8828125
08:00:31,91282CLG4,TSRYS5860824,D,S,T,2024-09-03,1000000.00,3.791806,99.8828125
08:00:31,91282CLG4,TSRYS5860824,D,S,T,2024-09-03,1000000.00,3.791806,99.8828125
08:00:31,91282CLG4,TSRYS5860824,D,S,T,2024-09-03,1000000.00,3.793221,99.87890625
08:00:31,91282CLG4,TSRYS5860824,D,S,T,2024-09-03,1000000.00,3.793221,99.87890625
08:00:31,91282CLG4,TSRYS5860824,D,S,T,2024-09-03,2000000.00,3.793221,99.87890625
08:00:31,91282CLG4,TSRYS5860824,D,S,T,2024-09-03,1000000.00,3.793221,99.87890625
08:00:31,91282CLG4,TSRYS5860824,D,S,T,2024-09-03,1000000.00,3.793221,99.87890625
08:00:31,91282CLG4,TSRYS5860824,D,S,T,2024-09-03,1000000.00,3.793221,99.87890625
08:00:31,91282CLG4,TSRYS5860824,D,S,T,2024-09-03,1000000.00,3.793221,99.87890625
08:00:31,91282CLG4,TSRYS5860824,D,S,T,2024-09-03,1000000.00,3.793221,99.87890625
08:00:31,91282CLG4,TSRYS5860824,D,S,T,2024-09-03,1000000.00,3.793221,99.87890625
08:00:31,91282CLG4,TSRYS5860824,D,S,T,2024-09-03,1000000.00,3.793221,99.87890625
08:00:31,91282CLG4,TSRYS5860824,D,S,T,2024-09-03,1000000.00,3.793221,99.87890625
08:00:31,91282CLG4,TSRYS5860824,D,S,T,2024-09-03,2000000.00,3.794636,99.875
08:00:31,91282CLG4,TSRYS5860824,D,S,T,2024-09-03,1000000.00,3.794636,99.875
08:00:31,91282CLG4,TSRYS5860824,D,S,T,2024-09-03,1000000.00,3.794636,99.875
08:00:31,91282CLG4,TSRYS5860824,D,S,T,2024-09-03,2000000.00,3.792513,99.880859375
08:00:31,91282CLG4,TSRYS5860824,D,S,T,2024-09-03,1000000.00,3.793928,99.876953125
08:00:31,91282CLG4,TSRYS5860824,D,S,T,2024-09-03,1000000.00,3.793928,99.876953125
08:00:31,91282CLG4,TSRYS5860824,D,S,T,2024-09-03,1000000.00,3.793928,99.876953125
08:00:31,91282CLG4,TSRYS5860824,D,S,T,2024-09-03,2000000.00,3.794636,99.875
08:00:31,91282CLG4,TSRYS5860824,D,S,T,2024-09-03,1000000.00,3.794636,99.875
08:00:31,91282CLG4,TSRYS5860824,D,S,T,2024-09-03,1000000.00,3.794636,99.875
08:00:31,91282CLG4,TSRYS5860824,D,S,T,2024-09-03,1000000.00,3.794636,99.875
08:00:31,91282CLG4,TSRYS5860824,D,S,T,2024-09-03,1000000.00,3.794636,99.875
08:00:31,91282CLG4,TSRYS5860824,D,S,T,2024-09-03,1000000.00,3.793928,99.876953125
08:00:31,91282CLG4,TSRYS5860824,D,S,T,2024-09-03,1000000.00,3.794636,99.875
08:00:31,91282CLG4,TSRYS5860824,D,S,T,2024-09-03,1000000.00,3.793221,99.87890625
08:00:31,91282CLG4,TSRYS5860824,D,S,T,2024-09-03,2000000.00,3.793221,99.87890625
08:00:31,91282CLG4,TSRYS5860824,D,S,T,2024-09-03,2000000.00,3.791806,99.8828125
08:00:31,91282CLG4,TSRYS5860824,D,S,T,2024-09-03,1000000.00,3.791806,99.8828125
08:00:31,91282CLG4,TSRYS5860824,D,S,T,2024-09-03,1000000.00,3.791806,99.8828125
08:00:31,91282CLG4,TSRYS5860824,D,S,T,2024-09-03,1000000.00,3.791806,99.8828125
08:00:31,91282CLG4,TSRYS5860824,D,S,T,2024-09-03,1000000.00,3.791806,99.8828125
08:00:31,91282CLG4,TSRYS5860824,D,S,T,2024-09-03,1000000.00,3.791806,99.8828125
08:00:31,91282CLG4,TSRYS5860824,D,S,T,2024-09-03,1000000.00,3.791806,99.8828125
08:00:31,91282CLG4,TSRYS5860824,D,S,T,2024-09-03,1000000.00,3.791806,99.8828125
08:00:31,91282CLG4,TSRYS5860824,D,S,T,2024-09-03,1000000.00,3.791806,99.8828125
08:00:31,91282CLG4,TSRYS5860824,D,S,T,2024-09-03,1000000.00,3.791806,99.8828125
08:00:31,91282CLG4,TSRYS5860824,D,S,T,2024-09-03,1000000.00,3.791806,99.8828125
08:00:31,91282CLG4,TSRYS5860824,D,S,T,2024-09-03,1000000.00,3.791806,99.8828125
08:00:31,91282CLG4,TSRYS5860824,D,S,T,2024-09-03,1000000.00,3.791806,99.8828125
08:00:31,91282CLG4,TSRYS5860824,D,S,T,2024-09-03,1000000.00,3.791806,99.8828125
08:00:31,91282CLG4,TSRYS5860824,D,S,T,2024-09-03,1000000.00,3.791806,99.8828125
08:00:31,91282CLG4,TSRYS5860824,D,S,T,2024-09-03,1000000.00,3.791806,99.8828125
08:00:31,91282CLG4,TSRYS5860824,D,S,T,2024-09-03,1000000.00,3.791806,99.8828125
08:00:31,91282CLG4,TSRYS5860824,D,S,T,2024-09-03,1000000.00,3.791806,99.8828125
08:00:31,91282CLG4,TSRYS5860824,D,S,T,2024-09-03,1000000.00,3.791806,99.8828125
08:00:31,91282CLG4,TSRYS5860824,D,S,T,2024-09-03,1000000.00,3.791806,99.8828125
08:00:31,91282CLG4,TSRYS5860824,D,S,T,2024-09-03,1000000.00,3.791806,99.8828125
08:00:31,91282CLG4,TSRYS5860824,D,S,T,2024-09-03,1000000.00,3.791806,99.8828125
08:00:31,91282CLG4,TSRYS5860824,D,S,T,2024-09-03,1000000.00,3.791806,99.8828125
08:00:31,91282CLG4,TSRYS5860824,D,S,T,2024-09-03,1000000.00,3.791806,99.8828125
08:00:31,91282CLG4,TSRYS5860824,D,S,T,2024-09-03,1000000.00,3.791806,99.8828125
08:00:31,91282CLG4,TSRYS5860824,D,S,T,2024-09-03,2000000.00,3.792513,99.880859375
08:00:31,91282CLG4,TSRYS5860824,D,S,T,2024-09-03,1000000.00,3.791806,99.8828125
08:00:31,91282CLG4,TSRYS5860824,D,S,T,2024-09-03,1000000.00,3.793221,99.87890625
08:00:31,91282CLG4,TSRYS5860824,D,S,T,2024-09-03,1000000.00,3.793221,99.87890625
08:00:31,91282CLG4,TSRYS5860824,D,S,T,2024-09-03,1000000.00,3.793221,99.87890625
08:00:31,91282CLG4,TSRYS5860824,D,S,T,2024-09-03,1000000.00,3.793221,99.87890625
08:00:31,91282CLG4,TSRYS5860824,D,S,T,2024-09-03,1000000.00,3.793221,99.87890625
08:00:31,91282CLG4,TSRYS5860824,D,S,T,2024-09-03,1000000.00,3.793221,99.87890625
08:00:31,91282CLG4,TSRYS5860824,D,S,T,2024-09-03,1000000.00,3.791806,99.8828125
08:00:31,91282CLG4,TSRYS5860824,D,S,T,2024-09-03,1000000.00,3.791806,99.8828125
08:00:31,91282CLG4,TSRYS5860824,D,S,T,2024-09-03,2000000.00,3.791806,99.8828125
08:00:31,91282CLG4,TSRYS5860824,D,S,T,2024-09-03,1000000.00,3.791806,99.8828125
08:00:31,91282CLG4,TSRYS5860824,D,S,T,2024-09-03,1000000.00,3.791806,99.8828125
08:00:31,91282CLG4,TSRYS5860824,D,S,T,2024-09-03,1000000.00,3.791806,99.8828125
08:00:31,91282CLG4,TSRYS5860824,D,S,T,2024-09-03,1000000.00,3.791806,99.8828125
08:00:31,91282CLG4,TSRYS5860824,D,S,T,2024-09-03,1000000.00,3.791806,99.8828125
08:00:31,91282CLG4,TSRYS5860824,D,S,T,2024-09-03,1000000.00,3.791806,99.8828125
08:00:31,91282CLG4,TSRYS5860824,D,S,T,2024-09-03,1000000.00,3.791806,99.8828125
08:00:31,91282CLG4,TSRYS5860824,D,S,T,2024-09-03,1000000.00,3.791806,99.8828125
08:00:31,91282CLG4,TSRYS5860824,D,S,T,2024-09-03,1000000.00,3.791806,99.8828125
08:00:31,91282CLG4,TSRYS5860824,D,S,T,2024-09-03,1000000.00,3.791806,99.8828125
08:00:31,91282CLG4,TSRYS5860824,D,S,T,2024-09-03,1000000.00,3.791806,99.8828125
08:00:31,91282CLG4,TSRYS5860824,D,S,T,2024-09-03,1000000.00,3.791806,99.8828125
08:00:31,91282CLG4,TSRYS5860824,D,S,T,2024-09-03,1000000.00,3.791806,99.8828125
08:00:31,91282CLG4,TSRYS5860824,D,S,T,2024-09-03,1000000.00,3.791806,99.8828125
08:00:31,91282CLG4,TSRYS5860824,D,S,T,2024-09-03,1000000.00,3.791806,99.8828125
08:00:31,91282CLG4,TSRYS5860824,D,S,T,2024-09-03,1000000.00,3.791806,99.8828125
08:00:31,91282CLG4,TSRYS5860824,D,S,T,2024-09-03,1000000.00,3.791806,99.8828125
08:00:31,91282CLG4,TSRYS5860824,D,S,T,2024-09-03,1000000.00,3.791806,99.8828125
08:00:31,91282CLG4,TSRYS5860824,D,S,T,2024-09-03,1000000.00,3.791806,99.8828125
08:00:31,91282CLG4,TSRYS5860824,D,S,T,2024-09-03,1000000.00,3.791806,99.8828125
08:00:31,91282CLG4,TSRYS5860824,D,S,T,2024-09-03,1000000.00,3.791806,99.8828125
08:00:31,91282CLG4,TSRYS5860824,D,S,T,2024-09-03,1000000.00,3.791806,99.8828125
08:00:31,91282CLG4,TSRYS5860824,D,S,T,2024-09-03,1000000.00,3.791806,99.8828125
08:00:31,91282CLG4,TSRYS5860824,D,S,T,2024-09-03,1000000.00,3.791806,99.8828125
08:00:31,91282CLG4,TSRYS5860824,D,S,T,2024-09-03,1000000.00,3.791806,99.8828125
08:00:31,91282CLG4,TSRYS5860824,D,S,T,2024-09-03,1000000.00,3.791806,99.8828125
08:00:31,91282CLG4,TSRYS5860824,D,S,T,2024-09-03,1000000.00,3.791806,99.8828125
08:00:31,91282CLG4,TSRYS5860824,D,S,T,2024-09-03,1000000.00,3.791806,99.8828125
08:00:31,91282CLG4,TSRYS5860824,D,S,T,2024-09-03,1000000.00,3.791806,99.8828125
08:00:31,91282CLG4,TSRYS5860824,D,S,T,2024-09-03,1000000.00,3.791806,99.8828125
08:00:31,91282CLG4,TSRYS5860824,D,S,T,2024-09-03,1000000.00,3.791806,99.8828125
08:00:31,91282CLG4,TSRYS5860824,D,S,T,2024-09-03,2000000.00,3.791806,99.8828125
08:00:31,91282CLG4,TSRYS5860824,D,S,T,2024-09-03,1000000.00,3.793221,99.87890625
08:00:31,91282CLG4,TSRYS5860824,D,S,T,2024-09-03,1000000.00,3.793221,99.87890625
08:00:31,91282CLG4,TSRYS5860824,D,S,T,2024-09-03,1000000.00,3.793221,99.87890625
08:00:31,91282CLG4,TSRYS5860824,D,S,T,2024-09-03,1000000.00,3.793221,99.87890625
08:00:31,91282CLG4,TSRYS5860824,D,S,T,2024-09-03,1000000.00,3.793221,99.87890625
08:00:31,91282CLG4,TSRYS5860824,D,S,T,2024-09-03,1000000.00,3.793221,99.87890625
08:00:31,91282CLG4,TSRYS5860824,D,S,T,2024-09-03,1000000.00,3.793221,99.87890625
08:00:31,91282CLG4,TSRYS5860824,D,S,T,2024-09-03,1000000.00,3.793221,99.87890625
08:00:31,91282CLG4,TSRYS5860824,D,S,T,2024-09-03,1000000.00,3.793221,99.87890625
08:00:31,91282CLG4,TSRYS5860824,D,S,T,2024-09-03,1000000.00,3.793221,99.87890625
08:00:31,91282CLG4,TSRYS5860824,D,S,T,2024-09-03,1000000.00,3.793221,99.87890625
08:00:31,91282CLG4,TSRYS5860824,D,S,T,2024-09-03,1000000.00,3.793221,99.87890625
08:00:31,91282CLG4,TSRYS5860824,D,S,T,2024-09-03,1000000.00,3.793221,99.87890625
08:00:31,91282CLG4,TSRYS5860824,D,S,T,2024-09-03,1000000.00,3.793221,99.87890625
08:00:31,91282CLG4,TSRYS5860824,D,S,T,2024-09-03,1000000.00,3.793221,99.87890625
08:00:31,91282CLG4,TSRYS5860824,D,S,T,2024-09-03,1000000.00,3.793221,99.87890625
08:00:31,91282CLG4,TSRYS5860824,D,S,T,2024-09-03,1000000.00,3.793221,99.87890625
08:00:31,91282CLG4,TSRYS5860824,D,S,T,2024-09-03,1000000.00,3.793221,99.87890625
08:00:31,91282CLG4,TSRYS5860824,D,S,T,2024-09-03,1000000.00,3.793221,99.87890625
08:00:31,91282CLG4,TSRYS5860824,D,S,T,2024-09-03,1000000.00,3.793221,99.87890625
08:00:31,91282CLG4,TSRYS5860824,D,S,T,2024-09-03,1000000.00,3.793221,99.87890625
08:00:31,91282CLG4,TSRYS5860824,D,S,T,2024-09-03,1000000.00,3.793221,99.87890625
08:00:31,91282CLG4,TSRYS5860824,D,S,T,2024-09-03,1000000.00,3.793221,99.87890625
08:00:31,91282CLG4,TSRYS5860824,D,S,T,2024-09-03,1000000.00,3.793221,99.87890625
08:00:31,91282CLG4,TSRYS5860824,D,S,T,2024-09-03,1000000.00,3.791806,99.8828125
08:00:31,91282CLG4,TSRYS5860824,D,S,T,2024-09-03,1000000.00,3.788976,99.890625
08:00:31,91282CLG4,TSRYS5860824,D,S,T,2024-09-03,1000000.00,3.790391,99.88671875
08:00:31,91282CLG4,TSRYS5860824,D,S,T,2024-09-03,1000000.00,3.790391,99.88671875
08:00:31,91282CLG4,TSRYS5860824,D,S,T,2024-09-03,1000000.00,3.790391,99.88671875
08:00:31,91282CLG4,TSRYS5860824,D,S,T,2024-09-03,1000000.00,3.790391,99.88671875
08:00:31,91282CLG4,TSRYS5860824,D,S,T,2024-09-03,1000000.00,3.790391,99.88671875
08:00:31,91282CLG4,TSRYS5860824,D,S,T,2024-09-03,1000000.00,3.790391,99.88671875
08:00:31,91282CLG4,TSRYS5860824,D,S,T,2024-09-03,1000000.00,3.790391,99.88671875
08:00:31,91282CLG4,TSRYS5860824,D,S,T,2024-09-03,2000000.00,3.794636,99.875
08:00:31,91282CLG4,TSRYS5860824,D,S,T,2024-09-03,2000000.00,3.794636,99.875
08:00:31,91282CLG4,TSRYS5860824,D,S,T,2024-09-03,1000000.00,3.794636,99.875
08:00:31,91282CLG4,TSRYS5860824,D,S,T,2024-09-03,1000000.00,3.791806,99.8828125
08:00:31,91282CLG4,TSRYS5860824,D,S,T,2024-09-03,1000000.00,3.793221,99.87890625
08:00:31,91282CLG4,TSRYS5860824,D,S,T,2024-09-03,1000000.00,3.793221,99.87890625
08:00:31,91282CLG4,TSRYS5860824,D,S,T,2024-09-03,1000000.00,3.793221,99.87890625
08:00:31,91282CLG4,TSRYS5860824,D,S,T,2024-09-03,1000000.00,3.796051,99.87109375
08:00:31,91282CLG4,TSRYS5860824,D,S,T,2024-09-03,1000000.00,3.797466,99.8671875
08:00:31,91282CLG4,TSRYS5860824,D,S,T,2024-09-03,2000000.00,3.797466,99.8671875
08:00:31,91282CLG4,TSRYS5860824,D,S,T,2024-09-03,2000000.00,3.797466,99.8671875
08:00:31,91282CLG4,TSRYS5860824,D,S,T,2024-09-03,1000000.00,3.797466,99.8671875
08:00:31,91282CLG4,TSRYS5860824,D,S,T,2024-09-03,1000000.00,3.797466,99.8671875
08:00:31,91282CLG4,TSRYS5860824,D,S,T,2024-09-03,1000000.00,3.797466,99.8671875
08:00:31,91282CLG4,TSRYS5860824,D,S,T,2024-09-03,2000000.00,3.798881,99.86328125
08:00:31,91282CLG4,TSRYS5860824,D,S,T,2024-09-03,1000000.00,3.800296,99.859375
08:00:31,91282CLG4,TSRYS5860824,D,S,T,2024-09-03,1000000.00,3.800296,99.859375
08:00:31,91282CLG4,TSRYS5860824,D,S,T,2024-09-03,1000000.00,3.800296,99.859375
08:00:31,91282CLG4,TSRYS5860824,D,S,T,2024-09-03,1000000.00,3.800296,99.859375
08:00:31,91282CLG4,TSRYS5860824,D,S,T,2024-09-03,1000000.00,3.800296,99.859375
08:00:31,91282CLG4,TSRYS5860824,D,S,T,2024-09-03,1000000.00,3.800296,99.859375
08:00:31,91282CLG4,TSRYS5860824,D,S,T,2024-09-03,1000000.00,3.798881,99.86328125
08:00:31,91282CLG4,TSRYS5860824,D,S,T,2024-09-03,1000000.00,3.798881,99.86328125
08:00:31,91282CLG4,TSRYS5860824,D,S,T,2024-09-03,1000000.00,3.798881,99.86328125
08:00:31,91282CLG4,TSRYS5860824,D,S,T,2024-09-03,1000000.00,3.798881,99.86328125
08:00:31,91282CLG4,TSRYS5860824,D,S,T,2024-09-03,1000000.00,3.798881,99.86328125
08:00:31,91282CLG4,TSRYS5860824,D,S,T,2024-09-03,2000000.00,3.800296,99.859375
08:00:31,91282CLG4,TSRYS5860824,D,S,T,2024-09-03,2000000.00,3.800296,99.859375
08:00:31,91282CLG4,TSRYS5860824,D,S,T,2024-09-03,2000000.00,3.800296,99.859375
08:00:31,91282CLG4,TSRYS5860824,D,S,T,2024-09-03,1000000.00,3.800296,99.859375
08:00:31,91282CLG4,TSRYS5860824,D,S,T,2024-09-03,1000000.00,3.800296,99.859375
08:00:31,91282CLG4,TSRYS5860824,D,S,T,2024-09-03,1000000.00,3.800296,99.859375
08:00:31,91282CLG4,TSRYS5860824,D,S,T,2024-09-03,1000000.00,3.804542,99.84765625
08:00:31,91282CLG4,TSRYS5860824,D,S,T,2024-09-03,1000000.00,3.804542,99.84765625
08:00:31,91282CLG4,TSRYS5860824,D,S,T,2024-09-03,1000000.00,3.804542,99.84765625
08:00:31,91282CLG4,TSRYS5860824,D,S,T,2024-09-03,1000000.00,3.804542,99.84765625
08:00:31,91282CLG4,TSRYS5860824,D,S,T,2024-09-03,5000000.00,3.804542,99.84765625
08:00:31,91282CLG4,TSRYS5860824,D,S,T,2024-09-03,1000000.00,3.804542,99.84765625
08:00:31,91282CLG4,TSRYS5860824,D,S,T,2024-09-03,1000000.00,3.804542,99.84765625
08:00:31,91282CLG4,TSRYS5860824,D,S,T,2024-09-03,6000000.00,3.804542,99.84765625
08:00:31,91282CLG4,TSRYS5860824,D,S,T,2024-09-03,1000000.00,3.803127,99.8515625
08:00:31,91282CLG4,TSRYS5860824,D,S,T,2024-09-03,1000000.00,3.803127,99.8515625
08:00:31,91282CLG4,TSRYS5860824,D,S,T,2024-09-03,1000000.00,3.803127,99.8515625
08:00:31,91282CLG4,TSRYS5860824,D,S,T,2024-09-03,1000000.00,3.800296,99.859375
08:00:31,91282CLG4,TSRYS5860824,D,S,T,2024-09-03,1000000.00,3.800296,99.859375
08:00:31,91282CLG4,TSRYS5860824,D,S,T,2024-09-03,1000000.00,3.800296,99.859375
08:00:31,91282CLG4,TSRYS5860824,D,S,T,2024-09-03,1000000.00,3.800296,99.859375
08:00:31,91282CLG4,TSRYS5860824,D,S,T,2024-09-03,4000000.00,3.800296,99.859375
08:00:31,91282CLG4,TSRYS5860824,D,S,T,2024-09-03,2000000.00,3.800296,99.859375
08:00:31,91282CLG4,TSRYS5860824,D,S,T,2024-09-03,2000000.00,3.800296,99.859375
08:00:31,91282CLG4,TSRYS5860824,D,S,T,2024-09-03,3000000.00,3.800296,99.859375
08:00:31,91282CLG4,TSRYS5860824,D,S,T,2024-09-03,1000000.00,3.800296,99.859375
08:00:31,91282CLG4,TSRYS5860824,D,S,T,2024-09-03,4000000.00,3.800296,99.859375
08:00:31,91282CLG4,TSRYS5860824,D,S,T,2024-09-03,1000000.00,3.800296,99.859375
08:00:31,91282CLG4,TSRYS5860824,D,S,T,2024-09-03,1000000.00,3.800296,99.859375
08:00:31,91282CLG4,TSRYS5860824,D,S,T,2024-09-03,4000000.00,3.800296,99.859375
08:00:31,91282CLG4,TSRYS5860824,D,S,D,2024-09-03,1000000.00,3.794636,99.875
08:00:31,91282CLG4,TSRYS5860824,D,S,D,2024-09-03,1000000.00,3.794636,99.875
08:00:31,91282CLG4,TSRYS5860824,D,S,D,2024-09-03,1000000.00,3.796051,99.87109375
08:00:31,91282CLG4,TSRYS5860824,D,S,D,2024-09-03,1000000.00,3.800296,99.859375
08:00:31,91282CLG4,TSRYS5860824,D,S,D,2024-09-03,1000000.00,3.790391,99.88671875
08:00:31,91282CLG4,TSRYS5860824,D,S,D,2024-09-03,2000000.00,3.791806,99.8828125
08:00:31,91282CLG4,TSRYS5860824,D,S,D,2024-09-03,1000000.00,3.791806,99.8828125
08:00:31,91282CLG4,TSRYS5860824,D,S,D,2024-09-03,1000000.00,3.791806,99.8828125
08:00:31,91282CLG4,TSRYS5860824,D,S,D,2024-09-03,2000000.00,3.790391,99.88671875
08:00:32,91282CLG4,TSRYS5860824,D,S,D,2024-09-03,1000000.00,3.796758,99.869140625
08:00:32,91282CLG4,TSRYS5860824,D,S,D,2024-09-03,1000000.00,3.796758,99.869140625
08:00:32,91282CLG4,TSRYS5860824,D,S,D,2024-09-03,1000000.00,3.796758,99.869140625
08:00:32,91282CLG4,TSRYS5860824,D,S,D,2024-09-03,1000000.00,3.796758,99.869140625
08:00:32,91282CLG4,TSRYS5860824,D,S,D,2024-09-03,2000000.00,3.795343,99.873046875
08:00:32,91282CLG4,TSRYS5860824,D,S,D,2024-09-03,2000000.00,3.795343,99.873046875
08:00:32,91282CLG4,TSRYS5860824,D,S,D,2024-09-03,1000000.00,3.791098,99.884765625
08:00:32,91282CLG4,TSRYS5860824,D,S,D,2024-09-03,1000000.00,3.791098,99.884765625
08:00:32,91282CLG4,TSRYS5860824,D,S,D,2024-09-03,2000000.00,3.792513,99.880859375
08:00:32,91282CLG4,TSRYS5860824,D,S,D,2024-09-03,2000000.00,3.792513,99.880859375
08:00:32,91282CLG4,TSRYS5860824,D,S,D,2024-09-03,1000000.00,3.792513,99.880859375
08:00:32,91282CLG4,TSRYS5860824,D,S,D,2024-09-03,1000000.00,3.792513,99.880859375
08:00:32,91282CLG4,TSRYS5860824,D,S,D,2024-09-03,2000000.00,3.792513,99.880859375
08:00:32,91282CLG4,TSRYS5860824,D,S,D,2024-09-03,2000000.00,3.794636,99.875
08:00:32,91282CLG4,TSRYS5860824,D,S,D,2024-09-03,1000000.00,3.796051,99.87109375
08:00:32,91282CLG4,TSRYS5860824,D,S,D,2024-09-03,1000000.00,3.798881,99.86328125
08:00:32,91282CLG4,TSRYS5860824,D,S,D,2024-09-03,2000000.00,3.800296,99.859375
08:00:32,91282CLG4,TSRYS5860824,D,S,D,2024-09-03,2000000.00,3.800296,99.859375
08:00:32,91282CLG4,TSRYS5860824,D,S,D,2024-09-03,2000000.00,3.802419,99.853515625
08:00:32,91282CLG4,TSRYS5860824,D,S,D,2024-09-03,1000000.00,3.802419,99.853515625
08:00:32,91282CLG4,TSRYS5860824,D,S,D,2024-09-03,1000000.00,3.802419,99.853515625
08:00:32,91282CLG4,TSRYS5860824,D,S,D,2024-09-03,1000000.00,3.800296,99.859375
08:00:32,91282CLG4,TSRYS5860824,D,S,D,2024-09-03,1000000.00,3.797466,99.8671875
08:00:32,91282CLG4,TSRYS5860824,D,S,D,2024-09-03,1000000.00,3.796758,99.869140625
08:00:32,91282CLG4,TSRYS5860824,D,S,D,2024-09-03,1000000.00,3.795343,99.873046875
08:00:32,91282CLG4,TSRYS5860824,D,S,D,2024-09-03,3000000.00,3.792513,99.880859375
08:00:32,91282CLG4,TSRYS5860824,D,S,D,2024-09-03,2000000.00,3.792513,99.880859375
08:00:32,91282CLG4,TSRYS5860824,D,S,D,2024-09-03,1000000.00,3.792513,99.880859375
08:00:32,91282CLG4,TSRYS5860824,D,S,D,2024-09-03,1000000.00,3.792513,99.880859375
08:00:32,91282CLG4,TSRYS5860824,D,S,D,2024-09-03,1000000.00,3.793928,99.876953125
08:00:32,91282CLG4,TSRYS5860824,D,S,D,2024-09-03,1000000.00,3.793928,99.876953125
08:00:32,91282CLG4,TSRYS5860824,D,S,D,2024-09-03,1000000.00,3.793928,99.876953125
08:00:32,91282CLG4,TSRYS5860824,D,S,D,2024-09-03,1000000.00,3.793928,99.876953125
08:00:32,91282CLG4,TSRYS5860824,D,S,D,2024-09-03,2000000.00,3.791806,99.8828125
08:00:32,91282CLG4,TSRYS5860824,D,S,D,2024-09-03,2000000.00,3.791806,99.8828125
08:00:32,91282CLG4,TSRYS5860824,D,S,D,2024-09-03,1000000.00,3.791806,99.8828125
08:00:32,91282CLG4,TSRYS5860824,D,S,D,2024-09-03,2000000.00,3.791806,99.8828125
08:00:32,91282CLG4,TSRYS5860824,D,S,D,2024-09-03,1000000.00,3.791806,99.8828125
08:00:32,91282CLG4,TSRYS5860824,D,S,D,2024-09-03,2000000.00,3.791098,99.884765625
08:00:32,91282CLG4,TSRYS5860824,D,S,D,2024-09-03,1000000.00,3.790391,99.88671875
08:00:32,91282CLG4,TSRYS5860824,D,S,D,2024-09-03,1000000.00,3.790391,99.88671875
08:00:32,91282CLG4,TSRYS5860824,D,S,D,2024-09-03,1000000.00,3.790391,99.88671875
08:00:32,91282CLG4,TSRYS5860824,D,S,D,2024-09-03,2000000.00,3.793928,99.876953125
08:00:32,91282CLG4,TSRYS5860824,D,S,D,2024-09-03,1000000.00,3.793928,99.876953125
08:00:32,91282CLG4,TSRYS5860824,D,S,D,2024-09-03,2000000.00,3.791098,99.884765625
08:00:32,91282CLG4,TSRYS5860824,D,S,D,2024-09-03,2000000.00,3.791098,99.884765625
08:00:32,91282CLG4,TSRYS5860824,D,S,D,2024-09-03,2000000.00,3.791098,99.884765625
08:00:32,91282CLG4,TSRYS5860824,D,S,D,2024-09-03,2000000.00,3.791098,99.884765625
08:00:32,91282CLG4,TSRYS5860824,D,S,D,2024-09-03,2000000.00,3.791098,99.884765625
08:00:32,91282CLG4,TSRYS5860824,D,S,D,2024-09-03,2000000.00,3.791098,99.884765625
08:00:32,91282CLG4,TSRYS5860824,D,S,D,2024-09-03,2000000.00,3.791098,99.884765625
08:00:32,91282CLG4,TSRYS5860824,D,S,D,2024-09-03,2000000.00,3.791098,99.884765625
08:00:32,91282CLG4,TSRYS5860824,D,S,D,2024-09-03,2000000.00,3.791098,99.884765625
08:00:32,91282CLG4,TSRYS5860824,D,S,D,2024-09-03,2000000.00,3.791098,99.884765625
08:00:32,91282CLG4,TSRYS5860824,D,S,D,2024-09-03,1000000.00,3.791098,99.884765625
08:00:32,91282CLG4,TSRYS5860824,D,S,D,2024-09-03,1000000.00,3.791098,99.884765625
08:00:32,91282CLG4,TSRYS5860824,D,S,D,2024-09-03,1000000.00,3.791098,99.884765625
08:00:32,91282CLG4,TSRYS5860824,D,S,D,2024-09-03,1000000.00,3.791098,99.884765625
08:00:32,91282CLG4,TSRYS5860824,D,S,D,2024-09-03,2000000.00,3.791098,99.884765625
08:00:32,91282CLG4,TSRYS5860824,D,S,D,2024-09-03,2000000.00,3.791098,99.884765625
08:00:32,91282CLG4,TSRYS5860824,D,S,D,2024-09-03,1000000.00,3.791098,99.884765625
08:00:32,91282CLG4,TSRYS5860824,D,S,D,2024-09-03,1000000.00,3.791098,99.884765625
08:00:32,91282CLG4,TSRYS5860824,D,S,D,2024-09-03,1000000.00,3.791098,99.884765625
08:00:32,91282CLG4,TSRYS5860824,D,S,D,2024-09-03,1000000.00,3.791098,99.884765625
08:00:32,91282CLG4,TSRYS5860824,D,S,D,2024-09-03,1000000.00,3.793928,99.876953125
08:00:32,91282CLG4,TSRYS5860824,D,S,D,2024-09-03,1000000.00,3.796758,99.869140625
08:00:32,91282CLG4,TSRYS5860824,D,S,D,2024-09-03,1000000.00,3.796758,99.869140625
08:00:32,91282CLG4,TSRYS5860824,D,S,D,2024-09-03,1000000.00,3.796758,99.869140625
08:00:32,91282CLG4,TSRYS5860824,D,S,D,2024-09-03,1000000.00,3.796758,99.869140625
08:00:32,91282CLG4,TSRYS5860824,D,S,D,2024-09-03,1000000.00,3.796758,99.869140625
08:00:32,91282CLG4,TSRYS5860824,D,S,D,2024-09-03,1000000.00,3.796758,99.869140625
08:00:32,91282CLG4,TSRYS5860824,D,S,D,2024-09-03,1000000.00,3.796758,99.869140625
08:00:32,91282CLG4,TSRYS5860824,D,S,D,2024-09-03,1000000.00,3.796758,99.869140625
08:00:32,91282CLG4,TSRYS5860824,D,S,D,2024-09-03,1000000.00,3.796758,99.869140625
08:00:32,91282CLG4,TSRYS5860824,D,S,D,2024-09-03,1000000.00,3.796758,99.869140625
08:00:32,91282CLG4,TSRYS5860824,D,S,D,2024-09-03,1000000.00,3.796758,99.869140625
08:00:32,91282CLG4,TSRYS5860824,D,S,D,2024-09-03,1000000.00,3.796758,99.869140625
08:00:32,91282CLG4,TSRYS5860824,D,S,D,2024-09-03,1000000.00,3.796758,99.869140625
08:00:32,91282CLG4,TSRYS5860824,D,S,D,2024-09-03,2000000.00,3.793221,99.87890625
08:00:32,91282CLG4,TSRYS5860824,D,S,D,2024-09-03,2000000.00,3.791098,99.884765625
08:00:32,91282CLG4,TSRYS5860824,D,S,D,2024-09-03,1000000.00,3.793221,99.87890625
08:00:32,91282CLG4,TSRYS5860824,D,S,D,2024-09-03,1000000.00,3.792513,99.880859375
08:00:32,91282CLG4,TSRYS5860824,D,S,D,2024-09-03,1000000.00,3.792513,99.880859375
08:00:32,91282CLG4,TSRYS5860824,D,S,D,2024-09-03,1000000.00,3.792513,99.880859375
08:00:32,91282CLG4,TSRYS5860824,D,S,D,2024-09-03,1000000.00,3.792513,99.880859375
08:00:32,91282CLG4,TSRYS5860824,D,S,D,2024-09-03,2000000.00,3.789684,99.888671875
08:00:32,91282CLG4,TSRYS5860824,D,S,D,2024-09-03,1000000.00,3.797466,99.8671875
08:00:32,91282CLG4,TSRYS5860824,D,S,D,2024-09-03,1000000.00,3.797466,99.8671875
08:00:32,91282CLG4,TSRYS5860824,D,S,D,2024-09-03,1000000.00,3.797466,99.8671875
08:00:32,91282CLG4,TSRYS5860824,D,S,D,2024-09-03,1000000.00,3.799588,99.861328125
08:00:32,91282CLG4,TSRYS5860824,D,S,D,2024-09-03,1000000.00,3.798881,99.86328125
08:00:32,91282CLG4,TSRYS5860824,D,S,D,2024-09-03,1000000.00,3.798881,99.86328125
08:00:32,91282CLG4,TSRYS5860824,D,S,D,2024-09-03,2000000.00,3.798881,99.86328125
08:00:32,91282CLG4,TSRYS5860824,D,S,D,2024-09-03,2000000.00,3.800296,99.859375
08:00:32,91282CLG4,TSRYS5860824,D,S,D,2024-09-03,2000000.00,3.800296,99.859375
08:00:32,91282CLG4,TSRYS5860824,D,S,D,2024-09-03,1000000.00,3.800296,99.859375
08:00:32,91282CLG4,TSRYS5860824,D,S,D,2024-09-03,1000000.00,3.800296,99.859375
08:00:32,91282CLG4,TSRYS5860824,D,S,D,2024-09-03,2000000.00,3.802419,99.853515625
08:00:32,91282CLG4,TSRYS5860824,D,S,D,2024-09-03,1000000.00,3.804542,99.84765625
08:00:32,91282CLG4,TSRYS5860824,D,S,T,2024-09-03,1000000.00,3.800296,99.859375
08:00:32,91282CLG4,TSRYS5860824,D,S,T,2024-09-03,1000000.00,3.800296,99.859375
08:00:32,91282CLG4,TSRYS5860824,D,S,T,2024-09-03,2000000.00,3.800296,99.859375
08:00:32,91282CLG4,TSRYS5860824,D,S,T,2024-09-03,2000000.00,3.801004,99.857421875
08:00:32,91282CLG4,TSRYS5860824,D,S,T,2024-09-03,2000000.00,3.800296,99.859375
08:00:32,91282CLG4,TSRYS5860824,D,S,T,2024-09-03,1000000.00,3.797466,99.8671875
08:00:32,91282CLG4,TSRYS5860824,D,S,T,2024-09-03,2000000.00,3.793928,99.876953125
08:00:32,91282CLG4,TSRYS5860824,D,S,T,2024-09-03,1000000.00,3.792513,99.880859375
08:00:32,91282CLG4,TSRYS5860824,D,S,T,2024-09-03,2000000.00,3.792513,99.880859375
08:00:32,91282CLG4,TSRYS5860824,D,S,T,2024-09-03,2000000.00,3.791806,99.8828125
08:00:32,91282CLG4,TSRYS5860824,D,S,T,2024-09-03,2000000.00,3.791806,99.8828125
08:00:32,91282CLG4,TSRYS5860824,D,S,T,2024-09-03,2000000.00,3.791806,99.8828125
08:00:32,91282CLG4,TSRYS5860824,D,S,T,2024-09-03,2000000.00,3.790391,99.88671875
08:00:32,91282CLG4,TSRYS5860824,D,S,T,2024-09-03,2000000.00,3.790391,99.88671875
08:00:32,91282CLG4,TSRYS5860824,D,S,T,2024-09-03,4000000.00,3.789684,99.888671875
08:00:32,91282CLG4,TSRYS5860824,D,S,T,2024-09-03,1000000.00,3.790391,99.88671875
08:00:32,91282CLG4,TSRYS5860824,D,S,T,2024-09-03,1000000.00,3.790391,99.88671875
08:00:32,91282CLG4,TSRYS5860824,D,S,T,2024-09-03,2000000.00,3.796051,99.87109375
08:00:32,91282CLG4,TSRYS5860824,D,S,T,2024-09-03,2000000.00,3.796051,99.87109375
08:00:32,91282CLG4,TSRYS5860824,D,S,T,2024-09-03,2000000.00,3.795343,99.873046875
08:00:32,91282CLG4,TSRYS5860824,D,S,T,2024-09-03,3000000.00,3.795343,99.873046875
08:00:32,91282CLG4,TSRYS5860824,D,S,T,2024-09-03,2000000.00,3.795343,99.873046875
08:00:32,91282CLG4,TSRYS5860824,D,S,T,2024-09-03,1000000.00,3.795343,99.873046875
08:00:32,91282CLG4,TSRYS5860824,D,S,T,2024-09-03,1000000.00,3.795343,99.873046875
08:00:32,91282CLG4,TSRYS5860824,D,S,T,2024-09-03,2000000.00,3.791098,99.884765625
08:00:32,91282CLG4,TSRYS5860824,D,S,T,2024-09-03,2000000.00,3.791098,99.884765625
08:00:32,91282CLG4,TSRYS5860824,D,S,T,2024-09-03,2000000.00,3.791098,99.884765625
08:00:32,91282CLG4,TSRYS5860824,D,S,T,2024-09-03,2000000.00,3.791806,99.8828125
08:00:32,91282CLG4,TSRYS5860824,D,S,T,2024-09-03,2000000.00,3.791806,99.8828125
08:00:32,91282CLG4,TSRYS5860824,D,S,T,2024-09-03,1000000.00,3.791098,99.884765625
08:00:32,91282CLG4,TSRYS5860824,D,S,T,2024-09-03,1000000.00,3.791098,99.884765625
08:00:32,91282CLG4,TSRYS5860824,D,S,T,2024-09-03,1000000.00,3.791098,99.884765625
08:00:32,91282CLG4,TSRYS5860824,D,S,T,2024-09-03,1000000.00,3.796758,99.869140625
08:00:32,91282CLG4,TSRYS5860824,D,S,T,2024-09-03,1000000.00,3.796758,99.869140625
08:00:32,91282CLG4,TSRYS5860824,D,S,T,2024-09-03,1000000.00,3.796758,99.869140625
08:00:32,91282CLG4,TSRYS5860824,D,S,T,2024-09-03,1000000.00,3.796758,99.869140625
08:00:32,91282CLG4,TSRYS5860824,D,S,T,2024-09-03,1000000.00,3.796758,99.869140625
08:00:32,91282CLG4,TSRYS5860824,D,S,T,2024-09-03,1000000.00,3.796758,99.869140625
08:00:32,91282CLG4,TSRYS5860824,D,S,T,2024-09-03,1000000.00,3.796758,99.869140625
08:00:32,91282CLG4,TSRYS5860824,D,S,T,2024-09-03,1000000.00,3.796758,99.869140625
08:00:32,91282CLG4,TSRYS5860824,D,S,T,2024-09-03,1000000.00,3.796758,99.869140625
08:00:32,91282CLG4,TSRYS5860824,D,S,T,2024-09-03,1000000.00,3.796758,99.869140625
08:00:32,91282CLG4,TSRYS5860824,D,S,T,2024-09-03,1000000.00,3.796758,99.869140625
08:00:32,91282CLG4,TSRYS5860824,D,S,T,2024-09-03,1000000.00,3.796758,99.869140625
08:00:32,91282CLG4,TSRYS5860824,D,S,T,2024-09-03,1000000.00,3.796758,99.869140625
08:00:32,91282CLG4,TSRYS5860824,D,S,T,2024-09-03,1000000.00,3.796758,99.869140625
08:00:32,91282CLG4,TSRYS5860824,D,S,T,2024-09-03,1000000.00,3.796758,99.869140625
08:00:32,91282CLG4,TSRYS5860824,D,S,T,2024-09-03,1000000.00,3.796758,99.869140625
08:00:32,91282CLG4,TSRYS5860824,D,S,T,2024-09-03,1000000.00,3.796758,99.869140625
08:00:32,91282CLG4,TSRYS5860824,D,S,T,2024-09-03,1000000.00,3.796758,99.869140625
08:00:32,91282CLG4,TSRYS5860824,D,S,T,2024-09-03,2000000.00,3.795343,99.873046875
08:00:32,91282CLG4,TSRYS5860824,D,S,T,2024-09-03,2000000.00,3.795343,99.873046875
08:00:32,91282CLG4,TSRYS5860824,D,S,T,2024-09-03,2000000.00,3.795343,99.873046875
08:00:32,91282CLG4,TSRYS5860824,D,S,T,2024-09-03,2000000.00,3.795343,99.873046875
08:00:32,91282CLG4,TSRYS5860824,D,S,T,2024-09-03,2000000.00,3.793221,99.87890625
08:00:32,91282CLG4,TSRYS5860824,D,S,T,2024-09-03,1000000.00,3.793221,99.87890625
08:00:32,91282CLG4,TSRYS5860824,D,S,T,2024-09-03,1000000.00,3.793221,99.87890625
08:00:32,91282CLG4,TSRYS5860824,D,S,T,2024-09-03,1000000.00,3.793221,99.87890625
08:00:32,91282CLG4,TSRYS5860824,D,S,T,2024-09-03,1000000.00,3.793221,99.87890625
08:00:32,91282CLG4,TSRYS5860824,D,S,T,2024-09-03,1000000.00,3.791098,99.884765625
08:00:32,91282CLG4,TSRYS5860824,D,S,T,2024-09-03,1000000.00,3.791098,99.884765625
08:00:32,91282CLG4,TSRYS5860824,D,S,T,2024-09-03,1000000.00,3.791098,99.884765625
08:00:32,91282CLG4,TSRYS5860824,D,S,T,2024-09-03,1000000.00,3.791098,99.884765625
08:00:32,91282CLG4,TSRYS5860824,D,S,T,2024-09-03,2000000.00,3.790391,99.88671875
08:00:32,91282CLG4,TSRYS5860824,D,S,T,2024-09-03,2000000.00,3.790391,99.88671875
08:00:32,91282CLG4,TSRYS5860824,D,S,T,2024-09-03,2000000.00,3.793221,99.87890625
08:00:32,91282CLG4,TSRYS5860824,D,S,T,2024-09-03,2000000.00,3.793221,99.87890625
08:00:32,91282CLG4,TSRYS5860824,D,S,T,2024-09-03,2000000.00,3.791806,99.8828125
08:00:32,91282CLG4,TSRYS5860824,D,S,T,2024-09-03,1000000.00,3.792513,99.880859375
08:00:32,91282CLG4,TSRYS5860824,D,S,T,2024-09-03,1000000.00,3.792513,99.880859375
08:00:32,91282CLG4,TSRYS5860824,D,S,T,2024-09-03,1000000.00,3.792513,99.880859375
08:00:32,91282CLG4,TSRYS5860824,D,S,T,2024-09-03,1000000.00,3.792513,99.880859375
08:00:32,91282CLG4,TSRYS5860824,D,S,T,2024-09-03,1000000.00,3.792513,99.880859375
08:00:32,91282CLG4,TSRYS5860824,D,S,T,2024-09-03,1000000.00,3.792513,99.880859375
08:00:32,91282CLG4,TSRYS5860824,D,S,T,2024-09-03,2000000.00,3.792513,99.880859375
08:00:32,91282CLG4,TSRYS5860824,D,S,T,2024-09-03,2000000.00,3.792513,99.880859375
08:00:32,91282CLG4,TSRYS5860824,D,S,T,2024-09-03,2000000.00,3.792513,99.880859375
08:00:32,91282CLG4,TSRYS5860824,D,S,T,2024-09-03,2000000.00,3.789684,99.888671875
08:00:32,91282CLG4,TSRYS5860824,D,S,T,2024-09-03,1000000.00,3.788976,99.890625
08:00:32,91282CLG4,TSRYS5860824,D,S,T,2024-09-03,1000000.00,3.788976,99.890625
08:00:32,91282CLG4,TSRYS5860824,D,S,T,2024-09-03,1000000.00,3.788976,99.890625
08:00:32,91282CLG4,TSRYS5860824,D,S,T,2024-09-03,1000000.00,3.788976,99.890625
08:00:32,91282CLG4,TSRYS5860824,D,S,T,2024-09-03,1000000.00,3.788976,99.890625
08:00:32,91282CLG4,TSRYS5860824,D,S,T,2024-09-03,1000000.00,3.788976,99.890625
08:00:32,91282CLG4,TSRYS5860824,D,S,T,2024-09-03,1000000.00,3.791098,99.884765625
08:00:32,91282CLG4,TSRYS5860824,D,S,T,2024-09-03,1000000.00,3.792513,99.880859375
08:00:32,91282CLG4,TSRYS5860824,D,S,T,2024-09-03,1000000.00,3.792513,99.880859375
08:00:32,91282CLG4,TSRYS5860824,D,S,T,2024-09-03,1000000.00,3.792513,99.880859375
08:00:32,91282CLG4,TSRYS5860824,D,S,T,2024-09-03,1000000.00,3.792513,99.880859375
08:00:32,91282CLG4,TSRYS5860824,D,S,T,2024-09-03,1000000.00,3.792513,99.880859375
08:00:32,91282CLG4,TSRYS5860824,D,S,T,2024-09-03,1000000.00,3.792513,99.880859375
08:00:32,91282CLG4,TSRYS5860824,D,S,T,2024-09-03,2000000.00,3.792513,99.880859375
08:00:32,91282CLG4,TSRYS5860824,D,S,T,2024-09-03,2000000.00,3.792513,99.880859375
08:00:32,91282CLG4,TSRYS5860824,D,S,T,2024-09-03,2000000.00,3.792513,99.880859375
08:00:32,91282CLG4,TSRYS5860824,D,S,T,2024-09-03,2000000.00,3.792513,99.880859375
08:00:32,91282CLG4,TSRYS5860824,D,S,T,2024-09-03,2000000.00,3.792513,99.880859375
08:00:32,91282CLG4,TSRYS5860824,D,S,T,2024-09-03,2000000.00,3.792513,99.880859375
08:00:32,91282CLG4,TSRYS5860824,D,S,T,2024-09-03,2000000.00,3.792513,99.880859375
08:00:32,91282CLG4,TSRYS5860824,D,S,T,2024-09-03,2000000.00,3.792513,99.880859375
08:00:32,91282CLG4,TSRYS5860824,D,S,T,2024-09-03,2000000.00,3.792513,99.880859375
08:00:32,91282CLG4,TSRYS5860824,D,S,T,2024-09-03,2000000.00,3.793928,99.876953125
08:00:32,91282CLG4,TSRYS5860824,D,S,T,2024-09-03,1000000.00,3.798881,99.86328125
08:00:32,91282CLG4,TSRYS5860824,D,S,T,2024-09-03,1000000.00,3.798881,99.86328125
08:00:32,91282CLG4,TSRYS5860824,D,S,T,2024-09-03,1000000.00,3.798881,99.86328125
08:00:32,91282CLG4,TSRYS5860824,D,S,T,2024-09-03,1000000.00,3.798881,99.86328125
08:00:32,91282CLG4,TSRYS5860824,D,S,T,2024-09-03,1000000.00,3.798881,99.86328125
08:00:32,91282CLG4,TSRYS5860824,D,S,T,2024-09-03,1000000.00,3.798881,99.86328125
08:00:32,91282CLG4,TSRYS5860824,D,S,T,2024-09-03,1000000.00,3.798881,99.86328125
08:00:32,91282CLG4,TSRYS5860824,D,S,T,2024-09-03,1000000.00,3.798881,99.86328125
08:00:32,91282CLG4,TSRYS5860824,D,S,T,2024-09-03,1000000.00,3.800296,99.859375
08:00:32,91282CLG4,TSRYS5860824,D,S,T,2024-09-03,1000000.00,3.800296,99.859375
08:00:32,91282CLG4,TSRYS5860824,D,S,T,2024-09-03,1000000.00,3.800296,99.859375
08:00:32,91282CLG4,TSRYS5860824,D,S,T,2024-09-03,1000000.00,3.800296,99.859375
08:00:32,91282CLG4,TSRYS5860824,D,S,T,2024-09-03,2000000.00,3.802419,99.853515625
08:00:32,91282CLG4,TSRYS5860824,D,S,T,2024-09-03,2000000.00,3.802419,99.853515625
08:00:33,91282CLG4,TSRYS5860824,D,S,D,2024-09-03,1000000.00,3.794636,99.875
08:00:33,91282CLG4,TSRYS5860824,D,S,D,2024-09-03,2000000.00,3.795343,99.873046875
08:00:33,91282CLG4,TSRYS5860824,D,S,D,2024-09-03,1000000.00,3.796051,99.87109375
08:00:33,91282CLG4,TSRYS5860824,D,S,D,2024-09-03,1000000.00,3.790391,99.88671875
08:00:34,91282CLG4,TSRYS5860824,D,B,A,2024-09-03,91000000.00,3.791806,99.8828125
08:00:37,91282CLG4,TSRYS5860824,D,S,C,2024-09-03,6250000.00,3.786147,99.8984375
08:00:37,91282CLG4,TSRYS5860824,D,S,C,2024-09-03,2000000.00,3.786143,99.8984375
08:00:37,91282CLG4,TSRYS5860824,D,S,D,2024-09-03,1000000.00,3.801711,99.85546875
08:00:37,91282CLG4,TSRYS5860824,D,S,D,2024-09-03,1000000.00,3.800296,99.859375
08:00:37,91282CLG4,TSRYS5860824,D,S,D,2024-09-03,1000000.00,3.793221,99.87890625
08:00:37,91282CLG4,TSRYS5860824,D,S,T,2024-09-03,1000000.00,3.791806,99.8828125
08:00:37,91282CLG4,TSRYS5860824,D,S,T,2024-09-03,1000000.00,3.791806,99.8828125
08:00:37,91282CLG4,TSRYS5860824,D,S,T,2024-09-03,1000000.00,3.791806,99.8828125
08:00:37,91282CLG4,TSRYS5860824,D,S,T,2024-09-03,1000000.00,3.791806,99.8828125
08:00:37,91282CLG4,TSRYS5860824,D,S,D,2024-09-03,1000000.00,3.793221,99.87890625
08:00:37,91282CLG4,TSRYS5860824,D,S,D,2024-09-03,1000000.00,3.791806,99.8828125
08:00:37,91282CLG4,TSRYS5860824,D,S,C,2024-09-03,5500000.00,3.791806,99.8828125
08:00:37,91282CLG4,TSRYS5860824,D,S,D,2024-09-03,1000000.00,3.791806,99.8828125
08:00:37,91282CLG4,TSRYS5860824,D,S,D,2024-09-03,1000000.00,3.791806,99.8828125
08:00:37,91282CLG4,TSRYS5860824,D,B,A,2024-09-03,3700000.00,3.794636,99.875
08:00:37,91282CLG4,TSRYS5860824,D,S,T,2024-09-03,1000000.00,3.790391,99.88671875
08:00:37,91282CLG4,TSRYS5860824,D,S,D,2024-09-03,1000000.00,3.790391,99.88671875
08:00:37,91282CLG4,TSRYS5860824,D,S,T,2024-09-03,1000000.00,3.788976,99.890625
08:00:37,91282CLG4,TSRYS5860824,D,S,T,2024-09-03,1000000.00,3.788976,99.890625
08:00:37,91282CLG4,TSRYS5860824,D,S,T,2024-09-03,3000000.00,3.787562,99.89453125
08:00:37,91282CLG4,TSRYS5860824,D,S,T,2024-09-03,4000000.00,3.788976,99.890625
08:00:37,91282CLG4,TSRYS5860824,D,S,T,2024-09-03,5000000.00,3.787562,99.89453125
08:00:37,91282CLG4,TSRYS5860824,D,S,T,2024-09-03,1000000.00,3.788976,99.890625
08:00:37,91282CLG4,TSRYS5860824,D,S,T,2024-09-03,3000000.00,3.788976,99.890625
08:00:37,91282CLG4,TSRYS5860824,D,S,T,2024-09-03,2000000.00,3.788976,99.890625
08:00:37,91282CLG4,TSRYS5860824,D,S,T,2024-09-03,5000000.00,3.788976,99.890625
08:00:37,91282CLG4,TSRYS5860824,D,S,T,2024-09-03,5000000.00,3.788976,99.890625
08:00:37,91282CLG4,TSRYS5860824,D,S,T,2024-09-03,1000000.00,3.788976,99.890625
08:00:37,91282CLG4,TSRYS5860824,D,S,T,2024-09-03,2000000.00,3.788976,99.890625
08:00:37,91282CLG4,TSRYS5860824,D,S,T,2024-09-03,1000000.00,3.788976,99.890625
08:00:37,91282CLG4,TSRYS5860824,D,S,T,2024-09-03,1000000.00,3.788976,99.890625
08:00:37,91282CLG4,TSRYS5860824,D,S,T,2024-09-03,3000000.00,3.788976,99.890625
08:00:37,91282CLG4,TSRYS5860824,D,S,T,2024-09-03,1000000.00,3.788976,99.890625
08:00:37,91282CLG4,TSRYS5860824,D,S,T,2024-09-03,5000000.00,3.788976,99.890625
08:00:37,91282CLG4,TSRYS5860824,D,S,T,2024-09-03,1000000.00,3.788976,99.890625
08:00:37,91282CLG4,TSRYS5860824,D,S,T,2024-09-03,3000000.00,3.788976,99.890625
08:00:37,91282CLG4,TSRYS5860824,D,S,T,2024-09-03,9000000.00,3.788976,99.890625
08:00:37,91282CLG4,TSRYS5860824,D,S,T,2024-09-03,1000000.00,3.788976,99.890625
08:00:37,91282CLG4,TSRYS5860824,D,S,T,2024-09-03,1000000.00,3.788976,99.890625
08:00:37,91282CLG4,TSRYS5860824,D,S,T,2024-09-03,1000000.00,3.788976,99.890625
08:00:37,91282CLG4,TSRYS5860824,D,S,T,2024-09-03,18000000.00,3.788976,99.890625
08:00:37,91282CLG4,TSRYS5860824,D,S,T,2024-09-03,2000000.00,3.788976,99.890625
08:00:37,91282CLG4,TSRYS5860824,D,S,T,2024-09-03,1000000.00,3.788976,99.890625
08:00:37,91282CLG4,TSRYS5860824,D,S,T,2024-09-03,1000000.00,3.788976,99.890625
08:00:37,91282CLG4,TSRYS5860824,D,S,T,2024-09-03,4000000.00,3.788976,99.890625
08:00:37,91282CLG4,TSRYS5860824,D,S,T,2024-09-03,3000000.00,3.788976,99.890625
08:00:37,91282CLG4,TSRYS5860824,D,S,T,2024-09-03,2000000.00,3.788976,99.890625
08:00:37,91282CLG4,TSRYS5860824,D,S,T,2024-09-03,2000000.00,3.788976,99.890625
08:00:37,91282CLG4,TSRYS5860824,D,S,T,2024-09-03,5000000.00,3.788976,99.890625
08:00:37,91282CLG4,TSRYS5860824,D,S,T,2024-09-03,5000000.00,3.788976,99.890625
08:00:37,91282CLG4,TSRYS5860824,D,S,T,2024-09-03,1000000.00,3.788976,99.890625
08:00:37,91282CLG4,TSRYS5860824,D,S,T,2024-09-03,5000000.00,3.788976,99.890625
08:00:37,91282CLG4,TSRYS5860824,D,S,T,2024-09-03,1000000.00,3.788976,99.890625
08:00:37,91282CLG4,TSRYS5860824,D,S,T,2024-09-03,1000000.00,3.788976,99.890625
08:00:37,91282CLG4,TSRYS5860824,D,S,T,2024-09-03,1000000.00,3.788976,99.890625
08:00:37,91282CLG4,TSRYS5860824,D,S,T,2024-09-03,1000000.00,3.788976,99.890625
08:00:37,91282CLG4,TSRYS5860824,D,S,T,2024-09-03,1000000.00,3.788976,99.890625
08:00:37,91282CLG4,TSRYS5860824,D,S,T,2024-09-03,5000000.00,3.788976,99.890625
08:00:37,91282CLG4,TSRYS5860824,D,S,T,2024-09-03,5000000.00,3.788976,99.890625
08:00:37,91282CLG4,TSRYS5860824,D,S,T,2024-09-03,3000000.00,3.788976,99.890625
08:00:37,91282CLG4,TSRYS5860824,D,S,T,2024-09-03,4000000.00,3.788976,99.890625
08:00:37,91282CLG4,TSRYS5860824,D,S,T,2024-09-03,5000000.00,3.788976,99.890625
08:00:37,91282CLG4,TSRYS5860824,D,S,T,2024-09-03,5000000.00,3.788976,99.890625
08:00:37,91282CLG4,TSRYS5860824,D,S,T,2024-09-03,1000000.00,3.788976,99.890625
08:00:37,91282CLG4,TSRYS5860824,D,S,T,2024-09-03,5000000.00,3.788976,99.890625
08:00:37,91282CLG4,TSRYS5860824,D,S,T,2024-09-03,4000000.00,3.788976,99.890625
08:00:37,91282CLG4,TSRYS5860824,D,S,T,2024-09-03,1000000.00,3.788976,99.890625
08:00:37,91282CLG4,TSRYS5860824,D,S,T,2024-09-03,1000000.00,3.788976,99.890625
08:00:37,91282CLG4,TSRYS5860824,D,S,T,2024-09-03,1000000.00,3.788976,99.890625
08:00:37,91282CLG4,TSRYS5860824,D,S,T,2024-09-03,4000000.00,3.788976,99.890625
08:00:37,91282CLG4,TSRYS5860824,D,S,T,2024-09-03,1000000.00,3.788976,99.890625
08:00:37,91282CLG4,TSRYS5860824,D,S,T,2024-09-03,5000000.00,3.788976,99.890625
08:00:37,91282CLG4,TSRYS5860824,D,S,T,2024-09-03,3000000.00,3.788976,99.890625
08:00:37,91282CLG4,TSRYS5860824,D,S,T,2024-09-03,2000000.00,3.788976,99.890625
08:00:37,91282CLG4,TSRYS5860824,D,S,T,2024-09-03,5000000.00,3.788976,99.890625
08:00:37,91282CLG4,TSRYS5860824,D,S,T,2024-09-03,5000000.00,3.788976,99.890625
08:00:37,91282CLG4,TSRYS5860824,D,S,T,2024-09-03,1000000.00,3.788976,99.890625
08:00:37,91282CLG4,TSRYS5860824,D,S,T,2024-09-03,2000000.00,3.788976,99.890625
08:00:37,91282CLG4,TSRYS5860824,D,S,T,2024-09-03,1000000.00,3.788976,99.890625
08:00:37,91282CLG4,TSRYS5860824,D,S,T,2024-09-03,3000000.00,3.788976,99.890625
08:00:37,91282CLG4,TSRYS5860824,D,S,T,2024-09-03,4000000.00,3.788976,99.890625
08:00:37,91282CLG4,TSRYS5860824,D,S,T,2024-09-03,1000000.00,3.788976,99.890625
08:00:37,91282CLG4,TSRYS5860824,D,S,T,2024-09-03,1000000.00,3.788976,99.890625
08:00:37,91282CLG4,TSRYS5860824,D,S,T,2024-09-03,5000000.00,3.788976,99.890625
08:00:37,91282CLG4,TSRYS5860824,D,S,T,2024-09-03,1000000.00,3.788976,99.890625
08:00:37,91282CLG4,TSRYS5860824,D,S,T,2024-09-03,3000000.00,3.788976,99.890625
08:00:37,91282CLG4,TSRYS5860824,D,S,T,2024-09-03,1000000.00,3.788976,99.890625
08:00:37,91282CLG4,TSRYS5860824,D,S,T,2024-09-03,5000000.00,3.788976,99.890625
08:00:37,91282CLG4,TSRYS5860824,D,S,T,2024-09-03,1000000.00,3.788976,99.890625
08:00:37,91282CLG4,TSRYS5860824,D,S,T,2024-09-03,1000000.00,3.788976,99.890625
08:00:37,91282CLG4,TSRYS5860824,D,S,T,2024-09-03,4000000.00,3.788976,99.890625
08:00:37,91282CLG4,TSRYS5860824,D,S,T,2024-09-03,1000000.00,3.788976,99.890625
08:00:37,91282CLG4,TSRYS5860824,D,S,T,2024-09-03,1000000.00,3.788976,99.890625
08:00:37,91282CLG4,TSRYS5860824,D,S,T,2024-09-03,1000000.00,3.788976,99.890625
08:00:37,91282CLG4,TSRYS5860824,D,S,T,2024-09-03,5000000.00,3.788976,99.890625
08:00:37,91282CLG4,TSRYS5860824,D,S,T,2024-09-03,4000000.00,3.788976,99.890625
08:00:37,91282CLG4,TSRYS5860824,D,S,T,2024-09-03,5000000.00,3.788976,99.890625
08:00:37,91282CLG4,TSRYS5860824,D,S,T,2024-09-03,2000000.00,3.788976,99.890625
08:00:37,91282CLG4,TSRYS5860824,D,S,T,2024-09-03,4000000.00,3.788976,99.890625
08:00:37,91282CLG4,TSRYS5860824,D,S,T,2024-09-03,3000000.00,3.788976,99.890625
08:00:37,91282CLG4,TSRYS5860824,D,S,T,2024-09-03,1000000.00,3.788976,99.890625
08:00:37,91282CLG4,TSRYS5860824,D,S,T,2024-09-03,3000000.00,3.788976,99.890625
08:00:37,91282CLG4,TSRYS5860824,D,S,T,2024-09-03,1000000.00,3.788976,99.890625
08:00:37,91282CLG4,TSRYS5860824,D,S,T,2024-09-03,3000000.00,3.788976,99.890625
08:00:37,91282CLG4,TSRYS5860824,D,S,T,2024-09-03,5000000.00,3.788976,99.890625
08:00:37,91282CLG4,TSRYS5860824,D,S,T,2024-09-03,1000000.00,3.789684,99.888671875
08:00:37,91282CLG4,TSRYS5860824,D,S,T,2024-09-03,6000000.00,3.790391,99.88671875
08:00:37,91282CLG4,TSRYS5860824,D,S,T,2024-09-03,3000000.00,3.790391,99.88671875
08:00:37,91282CLG4,TSRYS5860824,D,S,T,2024-09-03,18000000.00,3.790391,99.88671875
08:00:37,91282CLG4,TSRYS5860824,D,S,T,2024-09-03,6000000.00,3.790391,99.88671875
08:00:37,91282CLG4,TSRYS5860824,D,S,T,2024-09-03,2000000.00,3.790391,99.88671875
08:00:37,91282CLG4,TSRYS5860824,D,S,T,2024-09-03,1000000.00,3.790391,99.88671875
08:00:37,91282CLG4,TSRYS5860824,D,S,T,2024-09-03,2000000.00,3.790391,99.88671875
08:00:37,91282CLG4,TSRYS5860824,D,S,T,2024-09-03,1000000.00,3.790391,99.88671875
08:00:37,91282CLG4,TSRYS5860824,D,S,T,2024-09-03,1000000.00,3.790391,99.88671875
08:00:37,91282CLG4,TSRYS5860824,D,S,T,2024-09-03,5000000.00,3.789684,99.888671875
08:00:37,91282CLG4,TSRYS5860824,D,S,T,2024-09-03,1000000.00,3.790391,99.88671875
08:00:37,91282CLG4,TSRYS5860824,D,S,T,2024-09-03,1000000.00,3.790391,99.88671875
08:00:37,91282CLG4,TSRYS5860824,D,S,T,2024-09-03,1000000.00,3.790391,99.88671875
08:00:37,91282CLG4,TSRYS5860824,D,S,T,2024-09-03,1000000.00,3.790391,99.88671875
08:00:37,91282CLG4,TSRYS5860824,D,S,T,2024-09-03,1000000.00,3.790391,99.88671875
08:00:37,91282CLG4,TSRYS5860824,D,S,T,2024-09-03,1000000.00,3.790391,99.88671875
08:00:37,91282CLG4,TSRYS5860824,D,S,T,2024-09-03,2000000.00,3.790391,99.88671875
08:00:37,91282CLG4,TSRYS5860824,D,S,T,2024-09-03,1000000.00,3.790391,99.88671875
08:00:37,91282CLG4,TSRYS5860824,D,S,T,2024-09-03,3000000.00,3.790391,99.88671875
08:00:37,91282CLG4,TSRYS5860824,D,S,T,2024-09-03,6000000.00,3.790391,99.88671875
08:00:37,91282CLG4,TSRYS5860824,D,S,T,2024-09-03,1000000.00,3.790391,99.88671875
08:00:37,91282CLG4,TSRYS5860824,D,S,T,2024-09-03,1000000.00,3.790391,99.88671875
08:00:37,91282CLG4,TSRYS5860824,D,S,T,2024-09-03,1000000.00,3.790391,99.88671875
08:00:37,91282CLG4,TSRYS5860824,D,S,T,2024-09-03,1000000.00,3.790391,99.88671875
08:00:37,91282CLG4,TSRYS5860824,D,S,T,2024-09-03,1000000.00,3.790391,99.88671875
08:00:37,91282CLG4,TSRYS5860824,D,S,T,2024-09-03,1000000.00,3.790391,99.88671875
08:00:37,91282CLG4,TSRYS5860824,D,S,T,2024-09-03,3000000.00,3.790391,99.88671875
08:00:37,91282CLG4,TSRYS5860824,D,S,T,2024-09-03,3000000.00,3.790391,99.88671875
08:00:37,91282CLG4,TSRYS5860824,D,S,T,2024-09-03,4000000.00,3.790391,99.88671875
08:00:37,91282CLG4,TSRYS5860824,D,S,T,2024-09-03,3000000.00,3.790391,99.88671875
08:00:37,91282CLG4,TSRYS5860824,D,S,T,2024-09-03,2000000.00,3.790391,99.88671875
08:00:37,91282CLG4,TSRYS5860824,D,S,T,2024-09-03,1000000.00,3.790391,99.88671875
08:00:37,91282CLG4,TSRYS5860824,D,S,T,2024-09-03,5000000.00,3.790391,99.88671875
08:00:37,91282CLG4,TSRYS5860824,D,B,A,2024-09-03,3000000.00,3.790391,99.88671875
08:00:37,91282CLG4,TSRYS5860824,D,S,C,2024-09-03,1800000.00,3.793221,99.87890625
08:00:37,91282CLG4,TSRYS5860824,D,S,D,2024-09-03,1000000.00,3.794636,99.875
08:00:37,91282CLG4,TSRYS5860824,D,S,A,2024-09-03,270000.00,3.794636,99.875
08:00:37,91282CLG4,TSRYS5860824,D,S,D,2024-09-03,1000000.00,3.790391,99.88671875
08:00:37,91282CLG4,TSRYS5860824,D,S,T,2024-09-03,1000000.00,3.795343,99.873046875
08:00:37,91282CLG4,TSRYS5860824,D,S,T,2024-09-03,1000000.00,3.790391,99.88671875
08:00:37,91282CLG4,TSRYS5860824,D,S,D,2024-09-03,2000000.00,3.791806,99.8828125
08:00:37,91282CLG4,TSRYS5860824,D,S,D,2024-09-03,1000000.00,3.791806,99.8828125
08:00:37,91282CLG4,TSRYS5860824,D,S,D,2024-09-03,1000000.00,3.790391,99.88671875
08:00:38,91282CLG4,TSRYS5860824,D,B,C,2024-09-03,91000000.00,3.793221,99.87890625
08:00:38,91282CLG4,TSRYS5860824,D,S,D,2024-09-03,1000000.00,3.790391,99.88671875
08:00:38,91282CLG4,TSRYS5860824,D,S,C,2024-09-03,39600000.00,3.798881,99.86328125
08:00:38,91282CLG4,TSRYS5860824,D,S,T,2024-09-03,1000000.00,3.800296,99.859375
08:00:38,91282CLG4,TSRYS5860824,D,S,T,2024-09-03,1000000.00,3.800296,99.859375
08:00:38,91282CLG4,TSRYS5860824,D,S,T,2024-09-03,1000000.00,3.800296,99.859375
08:00:38,91282CLG4,TSRYS5860824,D,S,T,2024-09-03,1000000.00,3.800296,99.859375
08:00:38,91282CLG4,TSRYS5860824,D,S,T,2024-09-03,1000000.00,3.800296,99.859375
08:00:38,91282CLG4,TSRYS5860824,D,S,T,2024-09-03,1000000.00,3.800296,99.859375
08:00:38,91282CLG4,TSRYS5860824,D,S,T,2024-09-03,1000000.00,3.800296,99.859375
08:00:38,91282CLG4,TSRYS5860824,D,S,T,2024-09-03,1000000.00,3.800296,99.859375
08:00:38,91282CLG4,TSRYS5860824,D,S,T,2024-09-03,1000000.00,3.800296,99.859375
08:00:38,91282CLG4,TSRYS5860824,D,S,T,2024-09-03,1000000.00,3.800296,99.859375
08:00:38,91282CLG4,TSRYS5860824,D,S,T,2024-09-03,1000000.00,3.800296,99.859375
08:00:38,91282CLG4,TSRYS5860824,D,S,T,2024-09-03,1000000.00,3.801711,99.85546875
08:00:38,91282CLG4,TSRYS5860824,D,S,D,2024-09-03,1000000.00,3.804542,99.84765625
08:00:38,91282CLG4,TSRYS5860824,D,S,C,2024-09-03,3497000.00,3.798881,99.86328125
08:00:38,91282CLG4,TSRYS5860824,D,S,D,2024-09-03,2000000.00,3.794636,99.875
08:00:39,91282CLG4,TSRYS5860824,D,S,A,2024-09-03,15000000.00,3.790383,99.88671875
08:00:42,91282CLG4,TSRYS5860824,D,S,D,2024-09-03,10000000.00,3.797466,99.8671875
08:00:42,91282CLG4,TSRYS5860824,D,S,D,2024-09-03,1000000.00,3.797466,99.8671875
08:00:42,91282CLG4,TSRYS5860824,D,S,D,2024-09-03,1000000.00,3.797466,99.8671875
08:00:42,91282CLG4,TSRYS5860824,D,S,D,2024-09-03,1000000.00,3.798881,99.86328125
08:00:42,91282CLG4,TSRYS5860824,D,S,D,2024-09-03,7000000.00,3.799588,99.861328125
08:00:44,91282CLG4,TSRYS5860824,D,S,A,2024-09-03,1200000.00,3.790391,99.88671875
08:00:45,91282CLG4,TSRYS5860824,D,S,D,2024-09-03,2000000.00,3.800296,99.859375
08:00:45,91282CLG4,TSRYS5860824,D,S,D,2024-09-03,2000000.00,3.800296,99.859375
08:00:46,91282CLG4,TSRYS5860824,D,S,D,2024-09-03,1000000.00,3.800296,99.859375
08:00:46,91282CLG4,TSRYS5860824,D,S,T,2024-09-03,1000000.00,3.793221,99.87890625
08:00:46,91282CLG4,TSRYS5860824,D,S,C,2024-09-03,40000.00,3.804542,99.84765625
08:00:46,91282CLG4,TSRYS5860824,D,S,T,2024-09-03,1000000.00,3.791806,99.8828125
08:00:46,91282CLG4,TSRYS5860824,D,S,T,2024-09-03,1000000.00,3.791806,99.8828125
08:00:47,91282CLG4,TSRYS5860824,D,S,D,2024-09-03,1000000.00,3.793221,99.87890625
08:00:47,91282CLG4,TSRYS5860824,D,S,T,2024-09-03,1000000.00,3.788976,99.890625
08:00:47,91282CLG4,TSRYS5860824,D,S,T,2024-09-03,1000000.00,3.788976,99.890625
08:00:47,91282CLG4,TSRYS5860824,D,S,T,2024-09-03,1000000.00,3.793221,99.87890625
08:00:47,91282CLG4,TSRYS5860824,D,S,T,2024-09-03,2000000.00,3.793221,99.87890625
08:00:47,91282CLG4,TSRYS5860824,D,S,D,2024-09-03,1000000.00,3.803127,99.8515625
08:00:49,91282CLG4,TSRYS5860824,D,S,D,2024-09-03,40000.00,3.804542,99.84765625
08:00:49,91282CLG4,TSRYS5860824,D,S,D,2024-09-03,1000000.00,3.805957,99.84375
08:00:54,91282CLG4,TSRYS5860824,D,S,D,2024-09-03,1000000.00,3.804542,99.84765625
08:00:54,91282CLG4,TSRYS5860824,D,S,D,2024-09-03,1000000.00,3.800296,99.859375
08:00:54,91282CLG4,TSRYS5860824,D,S,A,2024-09-03,11000.00,3.798881,99.86328125
08:00:57,91282CLG4,TSRYS5860824,D,S,T,2024-09-03,18000000.00,3.796051,99.87109375
08:01:00,91282CLG4,TSRYS5860824,D,S,D,2024-09-03,1000000.00,3.794636,99.875
08:01:00,91282CLG4,TSRYS5860824,D,S,D,2024-09-03,1000000.00,3.794636,99.875
08:01:00,91282CLG4,TSRYS5860824,D,S,T,2024-09-03,2000000.00,3.793266,99.87878125
08:01:00,91282CLG4,TSRYS5860824,D,S,T,2024-09-03,1000000.00,3.793266,99.87878125
08:01:00,91282CLG4,TSRYS5860824,D,S,T,2024-09-03,1000000.00,3.793266,99.87878125
08:01:00,91282CLG4,TSRYS5860824,D,S,T,2024-09-03,1000000.00,3.793266,99.87878125
08:01:00,91282CLG4,TSRYS5860824,D,S,T,2024-09-03,1000000.00,3.793266,99.87878125
08:01:00,91282CLG4,TSRYS5860824,D,S,T,2024-09-03,1000000.00,3.793266,99.87878125
08:01:00,91282CLG4,TSRYS5860824,D,S,T,2024-09-03,1000000.00,3.793266,99.87878125
08:01:00,91282CLG4,TSRYS5860824,D,S,T,2024-09-03,1000000.00,3.793266,99.87878125
08:01:00,91282CLG4,TSRYS5860824,D,S,T,2024-09-03,2000000.00,3.793266,99.87878125
08:01:00,91282CLG4,TSRYS5860824,D,S,T,2024-09-03,1000000.00,3.793266,99.87878125
08:01:03,91282CLG4,TSRYS5860824,D,S,T,2024-09-03,1000000.00,3.793964,99.876853125
08:01:03,91282CLG4,TSRYS5860824,D,S,T,2024-09-03,1000000.00,3.800332,99.859275
08:01:03,91282CLG4,TSRYS5860824,D,S,T,2024-09-03,4000000.00,3.800296,99.859375
08:01:03,91282CLG4,TSRYS5860824,D,S,T,2024-09-03,1000000.00,3.800296,99.859375
08:01:03,91282CLG4,TSRYS5860824,D,S,T,2024-09-03,1000000.00,3.800296,99.859375
08:01:06,91282CLG4,TSRYS5860824,D,S,T,2024-09-03,1000000.00,3.793268,99.87877625
08:01:06,91282CLG4,TSRYS5860824,D,S,T,2024-09-03,1000000.00,3.793268,99.87877625
08:01:06,91282CLG4,TSRYS5860824,D,S,T,2024-09-03,1000000.00,3.796758,99.869140625
08:01:06,91282CLG4,TSRYS5860824,D,S,T,2024-09-03,1000000.00,3.793268,99.87877625
08:01:06,91282CLG4,TSRYS5860824,D,S,T,2024-09-03,2000000.00,3.793268,99.87877625
08:01:07,91282CLG4,TSRYS5860824,D,S,T,2024-09-03,1000000.00,3.793268,99.87877625
08:01:07,91282CLG4,TSRYS5860824,D,S,T,2024-09-03,1000000.00,3.793268,99.87877625
08:01:07,91282CLG4,TSRYS5860824,D,S,T,2024-09-03,1000000.00,3.800296,99.859375
08:01:07,91282CLG4,TSRYS5860824,D,S,T,2024-09-03,1000000.00,3.800296,99.859375
08:01:07,91282CLG4,TSRYS5860824,D,S,T,2024-09-03,1000000.00,3.800296,99.859375
08:01:07,91282CLG4,TSRYS5860824,D,S,T,2024-09-03,2000000.00,3.793268,99.87877625
08:01:07,91282CLG4,TSRYS5860824,D,S,T,2024-09-03,1000000.00,3.793268,99.87877625
08:01:07,91282CLG4,TSRYS5860824,D,S,T,2024-09-03,1000000.00,3.792513,99.880859375
08:01:07,91282CLG4,TSRYS5860824,D,S,T,2024-09-03,1000000.00,3.796051,99.87109375
08:01:07,91282CLG4,TSRYS5860824,D,S,T,2024-09-03,5000000.00,3.792513,99.880859375
08:01:07,91282CLG4,TSRYS5860824,D,S,T,2024-09-03,1000000.00,3.796051,99.87109375
08:01:07,91282CLG4,TSRYS5860824,D,S,T,2024-09-03,1000000.00,3.796051,99.87109375
08:01:07,91282CLG4,TSRYS5860824,D,S,T,2024-09-03,2000000.00,3.792513,99.880859375
08:01:07,91282CLG4,TSRYS5860824,D,S,T,2024-09-03,1000000.00,3.795343,99.873046875
08:01:07,91282CLG4,TSRYS5860824,D,S,T,2024-09-03,1000000.00,3.795343,99.873046875
08:01:07,91282CLG4,TSRYS5860824,D,S,T,2024-09-03,2000000.00,3.792513,99.880859375
08:01:07,91282CLG4,TSRYS5860824,D,S,T,2024-09-03,2000000.00,3.794636,99.875
08:01:07,91282CLG4,TSRYS5860824,D,S,T,2024-09-03,1000000.00,3.794636,99.875
08:01:07,91282CLG4,TSRYS5860824,D,S,T,2024-09-03,2000000.00,3.792559,99.880734375
08:01:08,91282CLG4,TSRYS5860824,D,S,T,2024-09-03,2000000.00,3.792513,99.880859375
08:01:08,91282CLG4,TSRYS5860824,D,S,T,2024-09-03,1000000.00,3.792559,99.880734375
08:01:08,91282CLG4,TSRYS5860824,D,S,T,2024-09-03,2000000.00,3.795343,99.873046875
08:01:08,91282CLG4,TSRYS5860824,D,S,T,2024-09-03,1000000.00,3.794636,99.875
08:01:08,91282CLG4,TSRYS5860824,D,S,T,2024-09-03,1000000.00,3.792513,99.880859375
08:01:08,91282CLG4,TSRYS5860824,D,S,T,2024-09-03,1000000.00,3.792513,99.880859375
08:01:08,91282CLG4,TSRYS5860824,D,S,T,2024-09-03,3000000.00,3.792513,99.880859375
08:01:08,91282CLG4,TSRYS5860824,D,S,T,2024-09-03,2000000.00,3.792559,99.880734375
08:01:08,91282CLG4,TSRYS5860824,D,S,T,2024-09-03,1000000.00,3.792559,99.880734375
08:01:08,91282CLG4,TSRYS5860824,D,S,T,2024-09-03,1000000.00,3.792559,99.880734375
08:01:08,91282CLG4,TSRYS5860824,D,S,T,2024-09-03,1000000.00,3.792559,99.880734375
08:01:09,91282CLG4,TSRYS5860824,D,S,T,2024-09-03,2000000.00,3.792513,99.880859375
08:01:09,91282CLG4,TSRYS5860824,D,S,T,2024-09-03,2000000.00,3.792513,99.880859375
08:01:09,91282CLG4,TSRYS5860824,D,S,T,2024-09-03,1000000.00,3.791806,99.8828125
08:01:09,91282CLG4,TSRYS5860824,D,S,T,2024-09-03,1000000.00,3.791806,99.8828125
08:01:09,91282CLG4,TSRYS5860824,D,S,T,2024-09-03,4000000.00,3.791806,99.8828125
08:01:09,91282CLG4,TSRYS5860824,D,S,T,2024-09-03,1000000.00,3.796098,99.87096375
08:01:09,91282CLG4,TSRYS5860824,D,S,T,2024-09-03,1000000.00,3.796098,99.87096375
08:01:09,91282CLG4,TSRYS5860824,D,S,T,2024-09-03,4000000.00,3.791806,99.8828125
08:01:09,91282CLG4,TSRYS5860824,D,S,T,2024-09-03,1000000.00,3.796098,99.87096375
08:01:09,91282CLG4,TSRYS5860824,D,S,T,2024-09-03,1000000.00,3.791851,99.8826875
08:01:09,91282CLG4,TSRYS5860824,D,S,T,2024-09-03,1000000.00,3.800296,99.859375
08:01:09,91282CLG4,TSRYS5860824,D,S,D,2024-09-03,1000000.00,3.800296,99.859375
08:01:10,91282CLG4,TSRYS5860824,D,S,A,2024-09-03,500000.00,3.794636,99.875
08:01:10,91282CLG4,TSRYS5860824,D,S,T,2024-09-03,1000000.00,3.791851,99.8826875
08:01:10,91282CLG4,TSRYS5860824,D,S,T,2024-09-03,1000000.00,3.791851,99.8826875
08:01:10,91282CLG4,TSRYS5860824,D,S,T,2024-09-03,1000000.00,3.791851,99.8826875
08:01:10,91282CLG4,TSRYS5860824,D,S,T,2024-09-03,1000000.00,3.791851,99.8826875
08:01:10,91282CLG4,TSRYS5860824,D,S,T,2024-09-03,2000000.00,3.791098,99.884765625
08:01:10,91282CLG4,TSRYS5860824,D,S,T,2024-09-03,2000000.00,3.791098,99.884765625
08:01:10,91282CLG4,TSRYS5860824,D,S,T,2024-09-03,1000000.00,3.791144,99.884640625
08:01:10,91282CLG4,TSRYS5860824,D,S,T,2024-09-03,2000000.00,3.791098,99.884765625
08:01:11,91282CLG4,TSRYS5860824,D,S,T,2024-09-03,2000000.00,3.791098,99.884765625
08:01:11,91282CLG4,TSRYS5860824,D,S,T,2024-09-03,1000000.00,3.791098,99.884765625
08:01:11,91282CLG4,TSRYS5860824,D,S,T,2024-09-03,1000000.00,3.794636,99.875
08:01:11,91282CLG4,TSRYS5860824,D,S,T,2024-09-03,1000000.00,3.794636,99.875
08:01:11,91282CLG4,TSRYS5860824,D,S,T,2024-09-03,1000000.00,3.794636,99.875
08:01:11,91282CLG4,TSRYS5860824,D,S,T,2024-09-03,1000000.00,3.795343,99.873046875
08:01:11,91282CLG4,TSRYS5860824,D,S,T,2024-09-03,2000000.00,3.794636,99.875
08:01:11,91282CLG4,TSRYS5860824,D,S,T,2024-09-03,1000000.00,3.794636,99.875
08:01:11,91282CLG4,TSRYS5860824,D,S,T,2024-09-03,1000000.00,3.794636,99.875
08:01:11,91282CLG4,TSRYS5860824,D,S,T,2024-09-03,1000000.00,3.793928,99.876953125
08:01:11,91282CLG4,TSRYS5860824,D,S,T,2024-09-03,1000000.00,3.794636,99.875
08:01:11,91282CLG4,TSRYS5860824,D,S,T,2024-09-03,1000000.00,3.793928,99.876953125
08:01:11,91282CLG4,TSRYS5860824,D,S,T,2024-09-03,1000000.00,3.790436,99.88659375
08:01:11,91282CLG4,TSRYS5860824,D,S,T,2024-09-03,1000000.00,3.790436,99.88659375
08:01:11,91282CLG4,TSRYS5860824,D,S,T,2024-09-03,1000000.00,3.790391,99.88671875
08:01:11,91282CLG4,TSRYS5860824,D,S,T,2024-09-03,1000000.00,3.790436,99.88659375
08:01:11,91282CLG4,TSRYS5860824,D,S,T,2024-09-03,1000000.00,3.790436,99.88659375
08:01:12,91282CLG4,TSRYS5860824,D,S,T,2024-09-03,1000000.00,3.790436,99.88659375
08:01:12,91282CLG4,TSRYS5860824,D,S,T,2024-09-03,1000000.00,3.790436,99.88659375
08:01:12,91282CLG4,TSRYS5860824,D,S,T,2024-09-03,1000000.00,3.790436,99.88659375
08:01:12,91282CLG4,TSRYS5860824,D,S,C,2024-09-03,3000000.00,3.791407,99.8839125
08:01:12,91282CLG4,TSRYS5860824,D,S,C,2024-09-03,3000000.00,3.791407,99.8839125
08:01:12,91282CLG4,TSRYS5860824,D,S,C,2024-09-03,2000000.00,3.791407,99.8839125
08:01:12,91282CLG4,TSRYS5860824,D,S,T,2024-09-03,1000000.00,3.790436,99.88659375
08:01:12,91282CLG4,TSRYS5860824,D,S,T,2024-09-03,1000000.00,3.790436,99.88659375
08:01:12,91282CLG4,TSRYS5860824,D,S,T,2024-09-03,1000000.00,3.790436,99.88659375
08:01:12,91282CLG4,TSRYS5860824,D,S,C,2024-09-03,3000000.00,3.791407,99.8839125
08:01:12,91282CLG4,TSRYS5860824,D,S,T,2024-09-03,2000000.00,3.790391,99.88671875
08:01:12,91282CLG4,TSRYS5860824,D,S,T,2024-09-03,2000000.00,3.790391,99.88671875
08:01:15,91282CLG4,TSRYS5860824,D,S,D,2024-09-03,1000000.00,3.801711,99.85546875
08:01:15,91282CLG4,TSRYS5860824,D,S,C,2024-09-03,2000000.00,3.796758,99.869140625
08:01:15,91282CLG4,TSRYS5860824,D,S,D,2024-09-03,1000000.00,3.800296,99.859375
08:01:15,91282CLG4,TSRYS5860824,D,S,C,2024-09-03,2000000.00,3.798881,99.86328125
08:01:15,91282CLG4,TSRYS5860824,D,S,D,2024-09-03,1000000.00,3.798881,99.86328125
08:01:15,91282CLG4,TSRYS5860824,D,S,C,2024-09-03,1000000.00,3.799588,99.861328125
08:01:15,91282CLG4,TSRYS5860824,D,S,C,2024-09-03,2000000.00,3.799588,99.861328125
08:01:15,91282CLG4,TSRYS5860824,D,S,C,2024-09-03,1000000.00,3.800296,99.859375
08:01:15,91282CLG4,TSRYS5860824,D,S,C,2024-09-03,3000000.00,3.798881,99.86328125
08:01:15,91282CLG4,TSRYS5860824,D,S,C,2024-09-03,1000000.00,3.798881,99.86328125
08:01:16,91282CLG4,TSRYS5860824,D,S,D,2024-09-03,1000000.00,3.797466,99.8671875
08:01:16,91282CLG4,TSRYS5860824,D,S,C,2024-09-03,1000000.00,3.800296,99.859375
08:01:16,91282CLG4,TSRYS5860824,D,S,C,2024-09-03,2000000.00,3.796051,99.87109375
08:01:16,91282CLG4,TSRYS5860824,D,B,C,2024-09-03,2000000.00,3.796051,99.87109375
08:01:16,91282CLG4,TSRYS5860824,D,B,C,2024-09-03,1000000.00,3.796051,99.87109375
08:01:16,91282CLG4,TSRYS5860824,D,S,C,2024-09-03,2000000.00,3.796051,99.87109375
08:01:16,91282CLG4,TSRYS5860824,D,S,C,2024-09-03,1000000.00,3.796051,99.87109375
08:01:16,91282CLG4,TSRYS5860824,D,S,D,2024-09-03,1000000.00,3.793221,99.87890625
08:01:16,91282CLG4,TSRYS5860824,D,S,D,2024-09-03,1000000.00,3.793221,99.87890625
08:01:16,91282CLG4,TSRYS5860824,D,S,C,2024-09-03,1000000.00,3.793221,99.87890625
08:01:16,91282CLG4,TSRYS5860824,D,B,C,2024-09-03,1000000.00,3.793221,99.87890625
08:01:16,91282CLG4,TSRYS5860824,D,S,D,2024-09-03,1000000.00,3.793221,99.87890625
08:01:16,91282CLG4,TSRYS5860824,D,S,D,2024-09-03,1000000.00,3.793221,99.87890625
08:01:16,91282CLG4,TSRYS5860824,D,B,C,2024-09-03,1000000.00,3.793221,99.87890625
08:01:16,91282CLG4,TSRYS5860824,D,S,D,2024-09-03,1000000.00,3.793928,99.876953125
08:01:16,91282CLG4,TSRYS5860824,D,B,C,2024-09-03,1000000.00,3.793928,99.876953125
08:01:16,91282CLG4,TSRYS5860824,D,B,C,2024-09-03,1000000.00,3.793221,99.87890625
08:01:16,91282CLG4,TSRYS5860824,D,S,D,2024-09-03,1000000.00,3.793221,99.87890625
08:01:16,91282CLG4,TSRYS5860824,D,S,C,2024-09-03,6000000.00,3.800296,99.859375
08:01:16,91282CLG4,TSRYS5860824,D,S,C,2024-09-03,4000000.00,3.800296,99.859375
08:01:16,91282CLG4,TSRYS5860824,D,S,D,2024-09-03,2000000.00,3.800296,99.859375
08:01:16,91282CLG4,TSRYS5860824,D,S,T,2024-09-03,1000000.00,3.800368,99.859175
08:01:16,91282CLG4,TSRYS5860824,D,S,D,2024-09-03,1000000.00,3.793221,99.87890625
08:01:16,91282CLG4,TSRYS5860824,D,S,T,2024-09-03,1000000.00,3.800368,99.859175
08:01:16,91282CLG4,TSRYS5860824,D,S,D,2024-09-03,1000000.00,3.791806,99.8828125
08:01:16,91282CLG4,TSRYS5860824,D,S,C,2024-09-03,1000000.00,3.791806,99.8828125
08:01:16,91282CLG4,TSRYS5860824,D,S,T,2024-09-03,1000000.00,3.800368,99.859175
08:01:16,91282CLG4,TSRYS5860824,D,B,C,2024-09-03,2000000.00,3.792513,99.880859375
08:01:16,91282CLG4,TSRYS5860824,D,S,T,2024-09-03,1000000.00,3.800368,99.859175
08:01:16,91282CLG4,TSRYS5860824,D,S,T,2024-09-03,1000000.00,3.800368,99.859175
08:01:16,91282CLG4,TSRYS5860824,D,S,T,2024-09-03,3000000.00,3.800368,99.859175
08:01:16,91282CLG4,TSRYS5860824,D,S,T,2024-09-03,1000000.00,3.800368,99.859175
08:01:16,91282CLG4,TSRYS5860824,D,S,D,2024-09-03,2000000.00,3.792513,99.880859375
08:01:16,91282CLG4,TSRYS5860824,D,S,C,2024-09-03,4000000.00,3.800296,99.859375
08:01:16,91282CLG4,TSRYS5860824,D,S,C,2024-09-03,2000000.00,3.800296,99.859375
08:01:16,91282CLG4,TSRYS5860824,D,S,T,2024-09-03,3000000.00,3.798881,99.86328125
08:01:16,91282CLG4,TSRYS5860824,D,S,D,2024-09-03,1000000.00,3.798881,99.86328125
08:01:16,91282CLG4,TSRYS5860824,D,S,T,2024-09-03,1000000.00,3.798881,99.86328125
08:01:16,91282CLG4,TSRYS5860824,D,S,T,2024-09-03,1000000.00,3.798881,99.86328125
08:01:16,91282CLG4,TSRYS5860824,D,S,D,2024-09-03,1000000.00,3.798881,99.86328125
08:01:16,91282CLG4,TSRYS5860824,D,S,T,2024-09-03,1000000.00,3.798881,99.86328125
08:01:16,91282CLG4,TSRYS5860824,D,S,D,2024-09-03,1000000.00,3.798881,99.86328125
08:01:16,91282CLG4,TSRYS5860824,D,S,D,2024-09-03,1000000.00,3.798881,99.86328125
08:01:16,91282CLG4,TSRYS5860824,D,S,C,2024-09-03,7000000.00,3.799588,99.86132812
08:01:16,91282CLG4,TSRYS5860824,D,S,C,2024-09-03,1000000.00,3.799588,99.86132812
08:01:16,91282CLG4,TSRYS5860824,D,S,D,2024-09-03,6000000.00,3.798881,99.86328125
08:01:16,91282CLG4,TSRYS5860824,D,S,T,2024-09-03,1000000.00,3.798881,99.86328125
08:01:17,91282CLG4,TSRYS5860824,D,S,T,2024-09-03,2000000.00,3.795343,99.873046875
08:01:17,91282CLG4,TSRYS5860824,D,B,C,2024-09-03,2000000.00,3.789684,99.888671875
08:01:17,91282CLG4,TSRYS5860824,D,S,T,2024-09-03,2000000.00,3.795343,99.873046875
08:01:17,91282CLG4,TSRYS5860824,D,S,T,2024-09-03,1000000.00,3.795343,99.873046875
08:01:17,91282CLG4,TSRYS5860824,D,S,D,2024-09-03,2000000.00,3.789684,99.888671875
08:01:17,91282CLG4,TSRYS5860824,D,S,D,2024-09-03,1000000.00,3.790391,99.88671875
08:01:17,91282CLG4,TSRYS5860824,D,S,D,2024-09-03,1000000.00,3.790391,99.88671875
08:01:17,91282CLG4,TSRYS5860824,D,B,C,2024-09-03,1000000.00,3.790391,99.88671875
08:01:17,91282CLG4,TSRYS5860824,D,S,D,2024-09-03,2000000.00,3.798881,99.86328125
08:01:17,91282CLG4,TSRYS5860824,D,S,D,2024-09-03,1000000.00,3.790391,99.88671875
08:01:17,91282CLG4,TSRYS5860824,D,B,C,2024-09-03,1000000.00,3.790391,99.88671875
08:01:17,91282CLG4,TSRYS5860824,D,S,A,2024-09-03,178000.00,3.788976,99.890625
08:01:17,91282CLG4,TSRYS5860824,D,B,C,2024-09-03,1000000.00,3.791806,99.8828125
08:01:17,91282CLG4,TSRYS5860824,D,S,D,2024-09-03,1000000.00,3.791806,99.8828125
08:01:17,91282CLG4,TSRYS5860824,D,B,C,2024-09-03,1000000.00,3.793928,99.876953125
08:01:17,91282CLG4,TSRYS5860824,D,B,C,2024-09-03,1000000.00,3.793928,99.876953125
08:01:17,91282CLG4,TSRYS5860824,D,S,D,2024-09-03,1000000.00,3.793928,99.876953125
08:01:17,91282CLG4,TSRYS5860824,D,B,C,2024-09-03,1000000.00,3.793928,99.876953125
08:01:17,91282CLG4,TSRYS5860824,D,S,D,2024-09-03,1000000.00,3.793928,99.876953125
08:01:17,91282CLG4,TSRYS5860824,D,S,D,2024-09-03,1000000.00,3.793928,99.876953125
08:01:17,91282CLG4,TSRYS5860824,D,B,C,2024-09-03,1000000.00,3.793928,99.876953125
08:01:17,91282CLG4,TSRYS5860824,D,S,T,2024-09-03,1000000.00,3.800296,99.859375
08:01:17,91282CLG4,TSRYS5860824,D,S,D,2024-09-03,1000000.00,3.793928,99.876953125
08:01:18,91282CLG4,TSRYS5860824,D,S,D,2024-09-03,1000000.00,3.798881,99.86328125
08:01:18,91282CLG4,TSRYS5860824,D,B,C,2024-09-03,1000000.00,3.789684,99.888671875
08:01:18,91282CLG4,TSRYS5860824,D,S,D,2024-09-03,1000000.00,3.789684,99.888671875
08:01:18,91282CLG4,TSRYS5860824,D,S,A,2024-09-03,20000000.00,3.793221,99.87890625
08:01:18,91282CLG4,TSRYS5860824,D,S,T,2024-09-03,1000000.00,3.800296,99.859375
08:01:18,91282CLG4,TSRYS5860824,D,S,T,2024-09-03,1000000.00,3.798953,99.86308125
08:01:18,91282CLG4,TSRYS5860824,D,S,T,2024-09-03,1000000.00,3.798953,99.86308125
08:01:18,91282CLG4,TSRYS5860824,D,S,D,2024-09-03,1000000.00,3.791098,99.884765625
08:01:18,91282CLG4,TSRYS5860824,D,B,C,2024-09-03,1000000.00,3.791098,99.884765625
08:01:18,91282CLG4,TSRYS5860824,D,S,D,2024-09-03,1000000.00,3.791806,99.8828125
08:01:18,91282CLG4,TSRYS5860824,D,B,C,2024-09-03,5000000.00,3.790391,99.88671875
08:01:18,91282CLG4,TSRYS5860824,D,B,C,2024-09-03,1000000.00,3.791806,99.8828125
08:01:18,91282CLG4,TSRYS5860824,D,B,C,2024-09-03,1000000.00,3.790391,99.88671875
08:01:18,91282CLG4,TSRYS5860824,D,S,D,2024-09-03,5000000.00,3.790391,99.88671875
08:01:18,91282CLG4,TSRYS5860824,D,S,D,2024-09-03,1000000.00,3.790391,99.88671875
08:01:18,91282CLG4,TSRYS5860824,D,S,D,2024-09-03,1000000.00,3.789684,99.888671875
08:01:18,91282CLG4,TSRYS5860824,D,B,C,2024-09-03,1000000.00,3.789684,99.888671875
08:01:18,91282CLG4,TSRYS5860824,D,S,D,2024-09-03,1000000.00,3.788976,99.890625
08:01:18,91282CLG4,TSRYS5860824,D,S,C,2024-09-03,8000000.00,3.798077,99.8655
08:01:18,91282CLG4,TSRYS5860824,D,B,C,2024-09-03,1000000.00,3.788976,99.890625
08:01:18,91282CLG4,TSRYS5860824,D,S,D,2024-09-03,1000000.00,3.789684,99.888671875
08:01:18,91282CLG4,TSRYS5860824,D,B,C,2024-09-03,1000000.00,3.789684,99.888671875
08:01:18,91282CLG4,TSRYS5860824,D,S,C,2024-09-03,15000000.00,3.791553,99.88351
08:01:18,91282CLG4,TSRYS5860824,D,B,C,2024-09-03,10000000.00,3.790391,99.88671875
08:01:18,91282CLG4,TSRYS5860824,D,S,D,2024-09-03,10000000.00,3.790391,99.88671875
08:01:18,91282CLG4,TSRYS5860824,D,B,C,2024-09-03,4000000.00,3.790391,99.88671875
08:01:19,91282CLG4,TSRYS5860824,D,S,D,2024-09-03,3510000.00,3.798881,99.86328125
08:01:19,91282CLG4,TSRYS5860824,D,S,D,2024-09-03,3510000.00,3.798881,99.86328125
08:01:19,91282CLG4,TSRYS5860824,D,B,C,2024-09-03,1000000.00,3.793928,99.876953125
08:01:19,91282CLG4,TSRYS5860824,D,B,C,2024-09-03,4000000.00,3.790391,99.88671875
08:01:19,91282CLG4,TSRYS5860824,D,S,D,2024-09-03,1000000.00,3.793928,99.876953125
08:01:19,91282CLG4,TSRYS5860824,D,S,C,2024-09-03,1000000.00,3.794636,99.875
08:01:19,91282CLG4,TSRYS5860824,D,S,D,2024-09-03,2000000.00,3.799588,99.86132812
08:01:19,91282CLG4,TSRYS5860824,D,S,C,2024-09-03,1000000.00,3.794636,99.875
08:01:19,91282CLG4,TSRYS5860824,D,S,C,2024-09-03,1000000.00,3.794636,99.875
08:01:19,91282CLG4,TSRYS5860824,D,S,D,2024-09-03,1000000.00,3.791098,99.884765625
08:01:19,91282CLG4,TSRYS5860824,D,S,D,2024-09-03,1000000.00,3.795343,99.873046875
08:01:19,91282CLG4,TSRYS5860824,D,B,C,2024-09-03,1000000.00,3.795343,99.873046875
08:01:19,91282CLG4,TSRYS5860824,D,S,C,2024-09-03,1000000.00,3.797466,99.8671875
08:01:19,91282CLG4,TSRYS5860824,D,S,A,2024-09-03,2000000.00,3.792513,99.880859375
08:01:19,91282CLG4,TSRYS5860824,D,S,D,2024-09-03,1000000.00,3.799588,99.86132812
08:01:19,91282CLG4,TSRYS5860824,D,S,D,2024-09-03,7000000.00,3.799588,99.86132812
08:01:19,91282CLG4,TSRYS5860824,D,S,C,2024-09-03,2000000.00,3.799588,99.86132812
08:01:20,91282CLG4,TSRYS5860824,D,S,D,2024-09-03,5000000.00,3.799588,99.86132812
08:01:20,91282CLG4,TSRYS5860824,D,S,D,2024-09-03,2000000.00,3.798173,99.865234375
08:01:20,91282CLG4,TSRYS5860824,D,S,A,2024-09-03,1000000.00,3.798826,99.86343125
08:01:20,91282CLG4,TSRYS5860824,D,S,T,2024-09-03,1000000.00,3.799588,99.86132812
08:01:20,91282CLG4,TSRYS5860824,D,S,T,2024-09-03,1000000.00,3.799588,99.86132812
08:01:20,91282CLG4,TSRYS5860824,D,S,A,2024-09-03,5000000.00,3.798826,99.86343325
08:01:20,91282CLG4,TSRYS5860824,D,S,T,2024-09-03,2000000.00,3.799588,99.86132812
08:01:20,91282CLG4,TSRYS5860824,D,S,T,2024-09-03,2000000.00,3.799588,99.86132812
08:01:21,91282CLG4,TSRYS5860824,D,S,A,2024-09-03,1000000.00,3.803071,99.8517145
08:01:21,91282CLG4,TSRYS5860824,D,S,D,2024-09-03,1000000.00,3.799588,99.86132812
08:01:21,91282CLG4,TSRYS5860824,D,S,D,2024-09-03,4000000.00,3.798881,99.86328125
08:01:21,91282CLG4,TSRYS5860824,D,S,D,2024-09-03,6000000.00,3.799588,99.86132812
08:01:21,91282CLG4,TSRYS5860824,D,S,D,2024-09-03,5000000.00,3.799588,99.86132812
