tradeTime,cusip,issueSymbolIdentifier,priceType,reportingSideCode,contraPartyTypeCode,tradeDate,reportedTradeVolume,lastSaleYield,lastSalePrice
08:00:03,91282CLQ2,TSRYS5906509,D,S,T,2024-10-25,1000000.00,4.012098,99.619140625
08:00:03,91282CLQ2,TSRYS5906509,D,S,D,2024-10-25,1000000.00,4.006442,99.634765625
08:00:03,91282CLQ2,TSRYS5906509,D,S,D,2024-10-25,1000000.00,4.006442,99.634765625
08:00:03,91282CLQ2,TSRYS5906509,D,S,D,2024-10-25,4000000.00,4.005736,99.63671875
08:00:03,91282CLQ2,TSRYS5906509,D,S,D,2024-10-25,4000000.00,3.998668,99.65625
08:00:03,91282CLQ2,TSRYS5906509,D,S,D,2024-10-25,4000000.00,3.998668,99.65625
08:00:03,91282CLQ2,TSRYS5906509,D,S,D,2024-10-25,4000000.00,3.999375,99.654296875
08:00:03,91282CLQ2,TSRYS5906509,D,S,D,2024-10-25,3000000.00,3.999375,99.654296875
08:00:03,91282CLQ2,TSRYS5906509,D,S,D,2024-10-25,1000000.00,3.989483,99.681640625
08:00:03,91282CLQ2,TSRYS5906509,D,S,D,2024-10-25,4000000.00,3.993016,99.671875
08:00:03,91282CLQ2,TSRYS5906509,D,S,D,2024-10-25,4000000.00,3.993016,99.671875
08:00:03,91282CLQ2,TSRYS5906509,D,S,T,2024-10-25,4000000.00,3.988777,99.68359375
08:00:03,91282CLQ2,TSRYS5906509,D,S,D,2024-10-25,1000000.00,3.998668,99.65625
08:00:03,91282CLQ2,TSRYS5906509,D,S,D,2024-10-25,1000000.00,3.998668,99.65625
08:00:03,91282CLQ2,TSRYS5906509,D,S,D,2024-10-25,1000000.00,3.998668,99.65625
08:00:03,91282CLQ2,TSRYS5906509,D,S,D,2024-10-25,1000000.00,3.998668,99.65625
08:00:03,91282CLQ2,TSRYS5906509,D,S,D,2024-10-25,1000000.00,3.998668,99.65625
08:00:03,91282CLQ2,TSRYS5906509,D,S,D,2024-10-25,1000000.00,3.998668,99.65625
08:00:03,91282CLQ2,TSRYS5906509,D,S,D,2024-10-25,1000000.00,3.998668,99.65625
08:00:03,91282CLQ2,TSRYS5906509,D,S,D,2024-10-25,1000000.00,3.998668,99.65625
08:00:03,91282CLQ2,TSRYS5906509,D,S,D,2024-10-25,1000000.00,3.998668,99.65625
08:00:03,91282CLQ2,TSRYS5906509,D,S,D,2024-10-25,1000000.00,3.998668,99.65625
08:00:03,91282CLQ2,TSRYS5906509,D,S,D,2024-10-25,1000000.00,3.998668,99.65625
08:00:03,91282CLQ2,TSRYS5906509,D,S,D,2024-10-25,1000000.00,3.998668,99.65625
08:00:03,91282CLQ2,TSRYS5906509,D,S,D,2024-10-25,1000000.00,3.998668,99.65625
08:00:03,91282CLQ2,TSRYS5906509,D,S,D,2024-10-25,1000000.00,3.998668,99.65625
08:00:03,91282CLQ2,TSRYS5906509,D,S,D,2024-10-25,1000000.00,3.998668,99.65625
08:00:03,91282CLQ2,TSRYS5906509,D,S,D,2024-10-25,1000000.00,3.998668,99.65625
08:00:03,91282CLQ2,TSRYS5906509,D,S,D,2024-10-25,1000000.00,3.998668,99.65625
08:00:03,91282CLQ2,TSRYS5906509,D,S,D,2024-10-25,1000000.00,4.000788,99.650390625
08:00:03,91282CLQ2,TSRYS5906509,D,S,D,2024-10-25,1000000.00,4.000788,99.650390625
08:00:03,91282CLQ2,TSRYS5906509,D,S,D,2024-10-25,1000000.00,4.000788,99.650390625
08:00:03,91282CLQ2,TSRYS5906509,D,S,D,2024-10-25,1000000.00,4.000788,99.650390625
08:00:03,91282CLQ2,TSRYS5906509,D,S,T,2024-10-25,4000000.00,4.001495,99.6484375
08:00:03,91282CLQ2,TSRYS5906509,D,S,D,2024-10-25,1000000.00,3.985952,99.69140625
08:00:03,91282CLQ2,TSRYS5906509,D,S,D,2024-10-25,3000000.00,3.984539,99.6953125
08:00:03,91282CLQ2,TSRYS5906509,D,S,D,2024-10-25,2000000.00,3.984539,99.6953125
08:00:03,91282CLQ2,TSRYS5906509,D,S,D,2024-10-25,2000000.00,3.984539,99.6953125
08:00:03,91282CLQ2,TSRYS5906509,D,S,D,2024-10-25,2000000.00,3.984539,99.6953125
08:00:03,91282CLQ2,TSRYS5906509,D,S,D,2024-10-25,2000000.00,3.984539,99.6953125
08:00:03,91282CLQ2,TSRYS5906509,D,S,D,2024-10-25,2000000.00,3.984539,99.6953125
08:00:03,91282CLQ2,TSRYS5906509,D,S,D,2024-10-25,1000000.00,3.983833,99.697265625
08:00:03,91282CLQ2,TSRYS5906509,D,S,D,2024-10-25,1000000.00,3.983833,99.697265625
08:00:03,91282CLQ2,TSRYS5906509,D,S,D,2024-10-25,2000000.00,3.981714,99.703125
08:00:03,91282CLQ2,TSRYS5906509,D,S,D,2024-10-25,2000000.00,3.981714,99.703125
08:00:03,91282CLQ2,TSRYS5906509,D,S,D,2024-10-25,1000000.00,3.981714,99.703125
08:00:03,91282CLQ2,TSRYS5906509,D,S,D,2024-10-25,2000000.00,3.981714,99.703125
08:00:03,91282CLQ2,TSRYS5906509,D,S,D,2024-10-25,2000000.00,3.981714,99.703125
08:00:03,91282CLQ2,TSRYS5906509,D,S,D,2024-10-25,2000000.00,3.981714,99.703125
08:00:03,91282CLQ2,TSRYS5906509,D,S,D,2024-10-25,1000000.00,3.988071,99.685546875
08:00:03,91282CLQ2,TSRYS5906509,D,S,D,2024-10-25,4000000.00,3.988071,99.685546875
08:00:03,91282CLQ2,TSRYS5906509,D,S,T,2024-10-25,1000000.00,3.988071,99.685546875
08:00:03,91282CLQ2,TSRYS5906509,D,S,D,2024-10-25,4000000.00,3.988071,99.685546875
08:00:03,91282CLQ2,TSRYS5906509,D,S,D,2024-10-25,4000000.00,3.988071,99.685546875
08:00:03,91282CLQ2,TSRYS5906509,D,S,D,2024-10-25,4000000.00,3.988071,99.685546875
08:00:05,91282CLQ2,TSRYS5906509,D,S,T,2024-10-25,1000000.00,4.001495,99.6484375
08:00:05,91282CLQ2,TSRYS5906509,D,S,T,2024-10-25,1000000.00,4.001495,99.6484375
08:00:10,91282CLQ2,TSRYS5906509,D,S,D,2024-10-25,73000000.00,3.994429,99.66796875
08:00:10,91282CLQ2,TSRYS5906509,D,S,D,2024-10-25,91000000.00,4.004322,99.640625
08:00:10,91282CLQ2,TSRYS5906509,D,S,D,2024-10-25,1000000.00,4.008563,99.62890625
08:00:10,91282CLQ2,TSRYS5906509,D,S,D,2024-10-25,1000000.00,4.007149,99.6328125
08:00:10,91282CLQ2,TSRYS5906509,D,S,D,2024-10-25,1000000.00,4.005736,99.63671875
08:00:10,91282CLQ2,TSRYS5906509,D,S,D,2024-10-25,1000000.00,4.005736,99.63671875
08:00:10,91282CLQ2,TSRYS5906509,D,S,D,2024-10-25,1000000.00,4.005736,99.63671875
08:00:10,91282CLQ2,TSRYS5906509,D,S,T,2024-10-25,1000000.00,4.009977,99.625
08:00:10,91282CLQ2,TSRYS5906509,D,S,D,2024-10-25,1000000.00,4.009977,99.625
08:00:10,91282CLQ2,TSRYS5906509,D,S,T,2024-10-25,1000000.00,4.011391,99.62109375
08:00:10,91282CLQ2,TSRYS5906509,D,S,D,2024-10-25,1000000.00,4.011391,99.62109375
08:00:10,91282CLQ2,TSRYS5906509,D,S,D,2024-10-25,1000000.00,4.005736,99.63671875
08:00:10,91282CLQ2,TSRYS5906509,D,S,D,2024-10-25,1000000.00,4.005736,99.63671875
08:00:10,91282CLQ2,TSRYS5906509,D,S,D,2024-10-25,1000000.00,4.004322,99.640625
08:00:10,91282CLQ2,TSRYS5906509,D,S,D,2024-10-25,1000000.00,4.002909,99.64453125
08:00:11,91282CLQ2,TSRYS5906509,D,B,C,2024-10-25,2240000.00,4.002909,99.64453125
08:00:11,91282CLQ2,TSRYS5906509,D,S,D,2024-10-25,1000000.00,4.002909,99.64453125
08:00:11,91282CLQ2,TSRYS5906509,D,S,T,2024-10-25,1000000.00,4.002909,99.64453125
08:00:11,91282CLQ2,TSRYS5906509,D,S,T,2024-10-25,1000000.00,4.000082,99.65234375
08:00:11,91282CLQ2,TSRYS5906509,D,S,T,2024-10-25,1000000.00,4.000082,99.65234375
08:00:11,91282CLQ2,TSRYS5906509,D,S,T,2024-10-25,1000000.00,4.000082,99.65234375
08:00:11,91282CLQ2,TSRYS5906509,D,S,T,2024-10-25,2000000.00,4.000082,99.65234375
08:00:11,91282CLQ2,TSRYS5906509,D,S,T,2024-10-25,1000000.00,4.000082,99.65234375
08:00:11,91282CLQ2,TSRYS5906509,D,S,T,2024-10-25,1000000.00,4.000082,99.65234375
08:00:11,91282CLQ2,TSRYS5906509,D,S,T,2024-10-25,1000000.00,3.994429,99.66796875
08:00:11,91282CLQ2,TSRYS5906509,D,S,T,2024-10-25,1000000.00,3.994429,99.66796875
08:00:11,91282CLQ2,TSRYS5906509,D,S,T,2024-10-25,3000000.00,3.994429,99.66796875
08:00:11,91282CLQ2,TSRYS5906509,D,S,T,2024-10-25,3000000.00,3.994429,99.66796875
08:00:11,91282CLQ2,TSRYS5906509,D,S,D,2024-10-25,1000000.00,3.988777,99.68359375
08:00:11,91282CLQ2,TSRYS5906509,D,S,T,2024-10-25,2000000.00,3.99019,99.6796875
08:00:11,91282CLQ2,TSRYS5906509,D,S,T,2024-10-25,1000000.00,3.994429,99.66796875
08:00:11,91282CLQ2,TSRYS5906509,D,S,T,2024-10-25,1000000.00,3.994429,99.66796875
08:00:11,91282CLQ2,TSRYS5906509,D,S,A,2024-10-25,1000000.00,3.991603,99.67578125
08:00:11,91282CLQ2,TSRYS5906509,D,S,A,2024-10-25,1986000.00,3.993016,99.671875
08:00:11,91282CLQ2,TSRYS5906509,D,S,A,2024-10-25,987000.00,3.991603,99.67578125
08:00:11,91282CLQ2,TSRYS5906509,D,S,A,2024-10-25,1000000.00,3.998668,99.65625
08:00:11,91282CLQ2,TSRYS5906509,D,S,A,2024-10-25,1000000.00,3.998668,99.65625
08:00:11,91282CLQ2,TSRYS5906509,D,S,A,2024-10-25,1000000.00,3.998668,99.65625
08:00:11,91282CLQ2,TSRYS5906509,D,B,A,2024-10-25,7000000.00,4.000082,99.65234375
08:00:11,91282CLQ2,TSRYS5906509,D,B,A,2024-10-25,5000000.00,4.000082,99.65234375
08:00:11,91282CLQ2,TSRYS5906509,D,B,A,2024-10-25,1000000.00,4.000082,99.65234375
08:00:11,91282CLQ2,TSRYS5906509,D,S,T,2024-10-25,3000000.00,4.000082,99.65234375
08:00:11,91282CLQ2,TSRYS5906509,D,S,T,2024-10-25,2000000.00,4.000082,99.65234375
08:00:11,91282CLQ2,TSRYS5906509,D,S,T,2024-10-25,5000000.00,4.000082,99.65234375
08:00:11,91282CLQ2,TSRYS5906509,D,S,T,2024-10-25,7000000.00,4.000082,99.65234375
08:00:11,91282CLQ2,TSRYS5906509,D,B,A,2024-10-25,2000000.00,4.000082,99.65234375
08:00:11,91282CLQ2,TSRYS5906509,D,B,A,2024-10-25,3000000.00,4.000082,99.65234375
08:00:11,91282CLQ2,TSRYS5906509,D,B,A,2024-10-25,2000000.00,4.000082,99.65234375
08:00:11,91282CLQ2,TSRYS5906509,D,S,T,2024-10-25,1000000.00,4.000082,99.65234375
08:00:11,91282CLQ2,TSRYS5906509,D,B,A,2024-10-25,2000000.00,4.000082,99.65234375
08:00:11,91282CLQ2,TSRYS5906509,D,S,T,2024-10-25,1000000.00,4.000082,99.65234375
08:00:11,91282CLQ2,TSRYS5906509,D,S,T,2024-10-25,1000000.00,4.000082,99.65234375
08:00:11,91282CLQ2,TSRYS5906509,D,S,D,2024-10-25,1000000.00,3.998668,99.65625
08:00:11,91282CLQ2,TSRYS5906509,D,S,A,2024-10-25,20000.00,4.001495,99.6484375
08:00:11,91282CLQ2,TSRYS5906509,D,S,T,2024-10-25,1000000.00,4.001495,99.6484375
08:00:11,91282CLQ2,TSRYS5906509,D,S,T,2024-10-25,1000000.00,4.001495,99.6484375
08:00:11,91282CLQ2,TSRYS5906509,D,S,T,2024-10-25,1000000.00,4.001495,99.6484375
08:00:11,91282CLQ2,TSRYS5906509,D,S,T,2024-10-25,1000000.00,4.001495,99.6484375
08:00:11,91282CLQ2,TSRYS5906509,D,S,T,2024-10-25,1000000.00,4.001495,99.6484375
08:00:11,91282CLQ2,TSRYS5906509,D,S,T,2024-10-25,1000000.00,4.001495,99.6484375
08:00:11,91282CLQ2,TSRYS5906509,D,S,T,2024-10-25,1000000.00,4.001495,99.6484375
08:00:11,91282CLQ2,TSRYS5906509,D,S,T,2024-10-25,1000000.00,4.001495,99.6484375
08:00:11,91282CLQ2,TSRYS5906509,D,B,C,2024-10-25,91000000.00,4.004322,99.640625
08:00:11,91282CLQ2,TSRYS5906509,D,S,D,2024-10-25,1000000.00,4.000082,99.65234375
08:00:11,91282CLQ2,TSRYS5906509,D,S,D,2024-10-25,1000000.00,4.000082,99.65234375
08:00:11,91282CLQ2,TSRYS5906509,D,S,D,2024-10-25,1000000.00,4.000082,99.65234375
08:00:11,91282CLQ2,TSRYS5906509,D,S,D,2024-10-25,1000000.00,4.000082,99.65234375
08:00:11,91282CLQ2,TSRYS5906509,D,S,D,2024-10-25,1000000.00,4.000082,99.65234375
08:00:11,91282CLQ2,TSRYS5906509,D,S,D,2024-10-25,1000000.00,4.000082,99.65234375
08:00:11,91282CLQ2,TSRYS5906509,D,S,D,2024-10-25,2000000.00,4.000082,99.65234375
08:00:11,91282CLQ2,TSRYS5906509,D,S,D,2024-10-25,1000000.00,4.000082,99.65234375
08:00:11,91282CLQ2,TSRYS5906509,D,S,D,2024-10-25,1000000.00,4.000082,99.65234375
08:00:11,91282CLQ2,TSRYS5906509,D,S,D,2024-10-25,3000000.00,3.994429,99.66796875
08:00:11,91282CLQ2,TSRYS5906509,D,S,D,2024-10-25,1000000.00,3.994429,99.66796875
08:00:11,91282CLQ2,TSRYS5906509,D,S,D,2024-10-25,3000000.00,3.994429,99.66796875
08:00:11,91282CLQ2,TSRYS5906509,D,S,D,2024-10-25,1000000.00,3.994429,99.66796875
08:00:11,91282CLQ2,TSRYS5906509,D,S,T,2024-10-25,1000000.00,3.998668,99.65625
08:00:11,91282CLQ2,TSRYS5906509,D,S,D,2024-10-25,1000000.00,4.008563,99.62890625
08:00:11,91282CLQ2,TSRYS5906509,D,S,T,2024-10-25,1000000.00,3.985952,99.69140625
08:00:11,91282CLQ2,TSRYS5906509,D,S,T,2024-10-25,1000000.00,3.985952,99.69140625
08:00:11,91282CLQ2,TSRYS5906509,D,S,T,2024-10-25,1000000.00,3.985952,99.69140625
08:00:11,91282CLQ2,TSRYS5906509,D,S,T,2024-10-25,1000000.00,3.984539,99.6953125
08:00:11,91282CLQ2,TSRYS5906509,D,S,D,2024-10-25,1000000.00,4.007149,99.6328125
08:00:11,91282CLQ2,TSRYS5906509,D,S,D,2024-10-25,1000000.00,4.005736,99.63671875
08:00:12,91282CLQ2,TSRYS5906509,D,S,C,2024-10-25,9173000.00,3.985952,99.69140625
08:00:12,91282CLQ2,TSRYS5906509,D,S,T,2024-10-25,1000000.00,3.987364,99.6875
08:00:12,91282CLQ2,TSRYS5906509,D,S,D,2024-10-25,1000000.00,4.005736,99.63671875
08:00:12,91282CLQ2,TSRYS5906509,D,S,D,2024-10-25,1000000.00,4.005736,99.63671875
08:00:12,91282CLQ2,TSRYS5906509,D,S,D,2024-10-25,1000000.00,4.009977,99.625
08:00:12,91282CLQ2,TSRYS5906509,D,S,T,2024-10-25,1000000.00,4.00927,99.626953125
08:00:12,91282CLQ2,TSRYS5906509,D,S,T,2024-10-25,1000000.00,4.005029,99.638671875
08:00:12,91282CLQ2,TSRYS5906509,D,S,T,2024-10-25,1000000.00,4.007856,99.630859375
08:00:12,91282CLQ2,TSRYS5906509,D,S,D,2024-10-25,1000000.00,4.006442,99.634765625
08:00:12,91282CLQ2,TSRYS5906509,D,S,D,2024-10-25,1000000.00,4.011391,99.62109375
08:00:12,91282CLQ2,TSRYS5906509,D,S,D,2024-10-25,1000000.00,4.005029,99.638671875
08:00:12,91282CLQ2,TSRYS5906509,D,S,D,2024-10-25,1000000.00,4.011391,99.62109375
08:00:12,91282CLQ2,TSRYS5906509,D,S,T,2024-10-25,1000000.00,4.011391,99.62109375
08:00:12,91282CLQ2,TSRYS5906509,D,S,T,2024-10-25,1000000.00,4.011391,99.62109375
08:00:12,91282CLQ2,TSRYS5906509,D,S,D,2024-10-25,1000000.00,4.006442,99.634765625
08:00:12,91282CLQ2,TSRYS5906509,D,S,T,2024-10-25,1000000.00,4.006442,99.634765625
08:00:12,91282CLQ2,TSRYS5906509,D,S,D,2024-10-25,1000000.00,4.004322,99.640625
08:00:12,91282CLQ2,TSRYS5906509,D,S,T,2024-10-25,1000000.00,4.004322,99.640625
08:00:12,91282CLQ2,TSRYS5906509,D,S,T,2024-10-25,1000000.00,4.002202,99.646484375
08:00:12,91282CLQ2,TSRYS5906509,D,S,T,2024-10-25,1000000.00,4.002202,99.646484375
08:00:12,91282CLQ2,TSRYS5906509,D,S,T,2024-10-25,3000000.00,4.002909,99.64453125
08:00:12,91282CLQ2,TSRYS5906509,D,S,D,2024-10-25,1000000.00,3.997962,99.658203125
08:00:12,91282CLQ2,TSRYS5906509,D,S,T,2024-10-25,1000000.00,4.001495,99.6484375
08:00:12,91282CLQ2,TSRYS5906509,D,S,T,2024-10-25,1000000.00,4.002202,99.646484375
08:00:12,91282CLQ2,TSRYS5906509,D,S,T,2024-10-25,1000000.00,3.999375,99.654296875
08:00:12,91282CLQ2,TSRYS5906509,D,S,T,2024-10-25,4000000.00,3.988777,99.68359375
08:00:12,91282CLQ2,TSRYS5906509,D,S,D,2024-10-25,1000000.00,3.993722,99.669921875
08:00:12,91282CLQ2,TSRYS5906509,D,S,T,2024-10-25,1000000.00,3.994429,99.66796875
08:00:12,91282CLQ2,TSRYS5906509,D,S,D,2024-10-25,1000000.00,3.996549,99.662109375
08:00:12,91282CLQ2,TSRYS5906509,D,S,T,2024-10-25,1000000.00,3.99019,99.6796875
08:00:12,91282CLQ2,TSRYS5906509,D,S,T,2024-10-25,1000000.00,3.991603,99.67578125
08:00:12,91282CLQ2,TSRYS5906509,D,S,D,2024-10-25,1000000.00,3.996549,99.662109375
08:00:12,91282CLQ2,TSRYS5906509,D,S,T,2024-10-25,1000000.00,3.993016,99.671875
08:00:12,91282CLQ2,TSRYS5906509,D,S,T,2024-10-25,1000000.00,4.000082,99.65234375
08:00:12,91282CLQ2,TSRYS5906509,D,S,T,2024-10-25,1000000.00,4.000082,99.65234375
08:00:12,91282CLQ2,TSRYS5906509,D,S,T,2024-10-25,1000000.00,4.000082,99.65234375
08:00:12,91282CLQ2,TSRYS5906509,D,S,T,2024-10-25,1000000.00,4.000082,99.65234375
08:00:12,91282CLQ2,TSRYS5906509,D,S,D,2024-10-25,1000000.00,3.999375,99.654296875
08:00:12,91282CLQ2,TSRYS5906509,D,S,D,2024-10-25,1000000.00,3.998668,99.65625
08:00:12,91282CLQ2,TSRYS5906509,D,S,D,2024-10-25,1000000.00,4.000788,99.650390625
08:00:12,91282CLQ2,TSRYS5906509,D,S,D,2024-10-25,1000000.00,4.000788,99.650390625
08:00:12,91282CLQ2,TSRYS5906509,D,S,D,2024-10-25,1000000.00,4.000788,99.650390625
08:00:12,91282CLQ2,TSRYS5906509,D,S,D,2024-10-25,1000000.00,4.000788,99.650390625
08:00:12,91282CLQ2,TSRYS5906509,D,S,D,2024-10-25,1000000.00,4.000788,99.650390625
08:00:12,91282CLQ2,TSRYS5906509,D,S,D,2024-10-25,1000000.00,4.000788,99.650390625
08:00:12,91282CLQ2,TSRYS5906509,D,S,D,2024-10-25,1000000.00,4.000788,99.650390625
08:00:12,91282CLQ2,TSRYS5906509,D,S,D,2024-10-25,1000000.00,4.000788,99.650390625
08:00:12,91282CLQ2,TSRYS5906509,D,S,T,2024-10-25,1000000.00,4.000788,99.650390625
08:00:12,91282CLQ2,TSRYS5906509,D,S,D,2024-10-25,1000000.00,4.000788,99.650390625
08:00:12,91282CLQ2,TSRYS5906509,D,S,T,2024-10-25,1000000.00,4.004322,99.640625
08:00:12,91282CLQ2,TSRYS5906509,D,B,A,2024-10-25,4000.00,3.994429,99.66796875
08:00:12,91282CLQ2,TSRYS5906509,D,S,T,2024-10-25,1000000.00,4.000788,99.650390625
08:00:12,91282CLQ2,TSRYS5906509,D,S,T,2024-10-25,1000000.00,4.001495,99.6484375
08:00:12,91282CLQ2,TSRYS5906509,D,S,T,2024-10-25,1000000.00,4.001495,99.6484375
08:00:12,91282CLQ2,TSRYS5906509,D,S,T,2024-10-25,1000000.00,4.001495,99.6484375
08:00:12,91282CLQ2,TSRYS5906509,D,S,T,2024-10-25,1000000.00,4.002202,99.646484375
08:00:12,91282CLQ2,TSRYS5906509,D,S,T,2024-10-25,1000000.00,4.001495,99.6484375
08:00:12,91282CLQ2,TSRYS5906509,D,S,T,2024-10-25,1000000.00,4.002202,99.646484375
08:00:12,91282CLQ2,TSRYS5906509,D,S,T,2024-10-25,1000000.00,4.001495,99.6484375
08:00:12,91282CLQ2,TSRYS5906509,D,S,T,2024-10-25,1000000.00,4.002202,99.646484375
08:00:12,91282CLQ2,TSRYS5906509,D,S,T,2024-10-25,1000000.00,4.001495,99.6484375
08:00:12,91282CLQ2,TSRYS5906509,D,S,T,2024-10-25,1000000.00,4.002202,99.646484375
08:00:12,91282CLQ2,TSRYS5906509,D,S,T,2024-10-25,1000000.00,4.001495,99.6484375
08:00:12,91282CLQ2,TSRYS5906509,D,S,T,2024-10-25,1000000.00,4.002202,99.646484375
08:00:12,91282CLQ2,TSRYS5906509,D,S,T,2024-10-25,1000000.00,4.001495,99.6484375
08:00:12,91282CLQ2,TSRYS5906509,D,S,T,2024-10-25,1000000.00,4.002202,99.646484375
08:00:12,91282CLQ2,TSRYS5906509,D,S,T,2024-10-25,1000000.00,4.001495,99.6484375
08:00:12,91282CLQ2,TSRYS5906509,D,S,T,2024-10-25,1000000.00,4.002909,99.64453125
08:00:12,91282CLQ2,TSRYS5906509,D,S,T,2024-10-25,1000000.00,3.998668,99.65625
08:00:12,91282CLQ2,TSRYS5906509,D,S,T,2024-10-25,4000000.00,3.998668,99.65625
08:00:13,91282CLQ2,TSRYS5906509,D,S,T,2024-10-25,1000000.00,3.994429,99.66796875
08:00:14,91282CLQ2,TSRYS5906509,D,S,D,2024-10-25,1500000.00,4.001495,99.6484375
08:00:14,91282CLQ2,TSRYS5906509,D,S,D,2024-10-25,3750000.00,4.002909,99.64453125
08:00:14,91282CLQ2,TSRYS5906509,D,S,A,2024-10-25,20000000.00,3.998668,99.65625
08:00:14,91282CLQ2,TSRYS5906509,D,S,T,2024-10-25,1000000.00,4.002202,99.646484375
08:00:14,91282CLQ2,TSRYS5906509,D,S,T,2024-10-25,1000000.00,4.002909,99.64453125
08:00:14,91282CLQ2,TSRYS5906509,D,S,T,2024-10-25,2000000.00,4.002909,99.64453125
08:00:14,91282CLQ2,TSRYS5906509,D,S,A,2024-10-25,1000000.00,4.000082,99.65234375
08:00:14,91282CLQ2,TSRYS5906509,D,S,T,2024-10-25,3000000.00,3.995842,99.6640625
08:00:14,91282CLQ2,TSRYS5906509,D,S,T,2024-10-25,2000000.00,3.995842,99.6640625
08:00:14,91282CLQ2,TSRYS5906509,D,S,T,2024-10-25,7000000.00,4.001495,99.6484375
08:00:14,91282CLQ2,TSRYS5906509,D,S,T,2024-10-25,1000000.00,4.001495,99.6484375
08:00:14,91282CLQ2,TSRYS5906509,D,S,T,2024-10-25,2000000.00,4.001495,99.6484375
08:00:14,91282CLQ2,TSRYS5906509,D,S,T,2024-10-25,2000000.00,4.001495,99.6484375
08:00:14,91282CLQ2,TSRYS5906509,D,S,T,2024-10-25,4000000.00,4.001495,99.6484375
08:00:14,91282CLQ2,TSRYS5906509,D,S,T,2024-10-25,1000000.00,4.001495,99.6484375
08:00:14,91282CLQ2,TSRYS5906509,D,S,T,2024-10-25,3000000.00,4.001495,99.6484375
08:00:14,91282CLQ2,TSRYS5906509,D,S,T,2024-10-25,2000000.00,4.001495,99.6484375
08:00:14,91282CLQ2,TSRYS5906509,D,S,T,2024-10-25,1000000.00,4.000082,99.65234375
08:00:14,91282CLQ2,TSRYS5906509,D,S,T,2024-10-25,1000000.00,4.000082,99.65234375
08:00:14,91282CLQ2,TSRYS5906509,D,S,D,2024-10-25,2000000.00,4.001495,99.6484375
08:00:14,91282CLQ2,TSRYS5906509,D,S,T,2024-10-25,1000000.00,4.001495,99.6484375
08:00:14,91282CLQ2,TSRYS5906509,D,S,T,2024-10-25,1000000.00,4.001495,99.6484375
08:00:14,91282CLQ2,TSRYS5906509,D,S,D,2024-10-25,1000000.00,3.998668,99.65625
08:00:14,91282CLQ2,TSRYS5906509,D,S,T,2024-10-25,2000000.00,3.999375,99.654296875
08:00:14,91282CLQ2,TSRYS5906509,D,S,T,2024-10-25,2000000.00,3.998668,99.65625
08:00:15,91282CLQ2,TSRYS5906509,D,S,A,2024-10-25,38500000.00,4.000082,99.65234375
08:00:15,91282CLQ2,TSRYS5906509,D,B,A,2024-10-25,14000000.00,3.998668,99.65625
08:00:15,91282CLQ2,TSRYS5906509,D,S,T,2024-10-25,14000000.00,3.998668,99.65625
08:00:15,91282CLQ2,TSRYS5906509,D,S,T,2024-10-25,1000000.00,3.99019,99.6796875
08:00:15,91282CLQ2,TSRYS5906509,D,S,T,2024-10-25,1000000.00,3.99019,99.6796875
08:00:15,91282CLQ2,TSRYS5906509,D,S,T,2024-10-25,1000000.00,3.99019,99.6796875
08:00:15,91282CLQ2,TSRYS5906509,D,S,T,2024-10-25,1000000.00,3.99019,99.6796875
08:00:15,91282CLQ2,TSRYS5906509,D,S,T,2024-10-25,1000000.00,3.988777,99.68359375
08:00:15,91282CLQ2,TSRYS5906509,D,S,T,2024-10-25,1000000.00,3.988777,99.68359375
08:00:15,91282CLQ2,TSRYS5906509,D,S,A,2024-10-25,151300.00,3.991603,99.67578125
08:00:15,91282CLQ2,TSRYS5906509,D,S,T,2024-10-25,1000000.00,3.988777,99.68359375
08:00:15,91282CLQ2,TSRYS5906509,D,S,T,2024-10-25,2000000.00,3.988777,99.68359375
08:00:15,91282CLQ2,TSRYS5906509,D,S,T,2024-10-25,1000000.00,3.988777,99.68359375
08:00:15,91282CLQ2,TSRYS5906509,D,S,T,2024-10-25,1000000.00,3.988777,99.68359375
08:00:15,91282CLQ2,TSRYS5906509,D,S,D,2024-10-25,1000000.00,3.988777,99.68359375
08:00:15,91282CLQ2,TSRYS5906509,D,S,T,2024-10-25,1000000.00,3.985952,99.69140625
08:00:15,91282CLQ2,TSRYS5906509,D,S,T,2024-10-25,1000000.00,3.985952,99.69140625
08:00:15,91282CLQ2,TSRYS5906509,D,S,D,2024-10-25,1000000.00,3.989483,99.681640625
08:00:15,91282CLQ2,TSRYS5906509,D,S,T,2024-10-25,2000000.00,3.99019,99.6796875
08:00:18,91282CLQ2,TSRYS5906509,D,B,A,2024-10-25,870000.00,3.99019,99.6796875
08:00:20,91282CLQ2,TSRYS5906509,D,S,D,2024-10-25,1000000.00,4.005736,99.63671875
08:00:20,91282CLQ2,TSRYS5906509,D,S,D,2024-10-25,1000000.00,4.005736,99.63671875
08:00:20,91282CLQ2,TSRYS5906509,D,S,D,2024-10-25,1000000.00,4.004322,99.640625
08:00:20,91282CLQ2,TSRYS5906509,D,S,D,2024-10-25,1000000.00,4.002909,99.64453125
08:00:21,91282CLQ2,TSRYS5906509,D,S,C,2024-10-25,154000000.00,3.996787,99.661451
08:00:22,91282CLQ2,TSRYS5906509,D,S,A,2024-10-25,200000.00,3.99019,99.6796875
08:00:22,91282CLQ2,TSRYS5906509,D,B,A,2024-10-25,249000.00,3.99019,99.6796875
08:00:22,91282CLQ2,TSRYS5906509,D,B,A,2024-10-25,200000.00,3.998668,99.65625
08:00:22,91282CLQ2,TSRYS5906509,D,B,A,2024-10-25,200000.00,3.998668,99.65625
08:00:22,91282CLQ2,TSRYS5906509,D,S,A,2024-10-25,64000.00,4.000082,99.65234375
08:00:23,91282CLQ2,TSRYS5906509,D,S,D,2024-10-25,1000000.00,4.002909,99.64453125
08:00:23,91282CLQ2,TSRYS5906509,D,S,T,2024-10-25,1000000.00,4.002909,99.64453125
08:00:24,91282CLQ2,TSRYS5906509,D,S,T,2024-10-25,1000000.00,4.002909,99.64453125
08:00:25,91282CLQ2,TSRYS5906509,D,B,C,2024-10-25,1000000.00,4.002909,99.64453125
08:00:25,91282CLQ2,TSRYS5906509,D,S,D,2024-10-25,1000000.00,4.002909,99.64453125
08:00:25,91282CLQ2,TSRYS5906509,D,B,C,2024-10-25,1000000.00,4.002909,99.64453125
08:00:25,91282CLQ2,TSRYS5906509,D,S,D,2024-10-25,1000000.00,4.002909,99.64453125
08:00:25,91282CLQ2,TSRYS5906509,D,S,D,2024-10-25,2000000.00,4.000788,99.650390625
08:00:25,91282CLQ2,TSRYS5906509,D,B,C,2024-10-25,1000000.00,3.999375,99.654296875
08:00:25,91282CLQ2,TSRYS5906509,D,S,D,2024-10-25,1000000.00,3.999375,99.654296875
08:00:25,91282CLQ2,TSRYS5906509,D,S,D,2024-10-25,1000000.00,3.999375,99.654296875
08:00:25,91282CLQ2,TSRYS5906509,D,B,C,2024-10-25,1000000.00,3.999375,99.654296875
08:00:25,91282CLQ2,TSRYS5906509,D,B,C,2024-10-25,1000000.00,3.999375,99.654296875
08:00:25,91282CLQ2,TSRYS5906509,D,S,D,2024-10-25,1000000.00,3.999375,99.654296875
08:00:25,91282CLQ2,TSRYS5906509,D,B,C,2024-10-25,1000000.00,3.998668,99.65625
08:00:25,91282CLQ2,TSRYS5906509,D,S,D,2024-10-25,1000000.00,3.998668,99.65625
08:00:25,91282CLQ2,TSRYS5906509,D,B,C,2024-10-25,1000000.00,3.998668,99.65625
08:00:25,91282CLQ2,TSRYS5906509,D,S,D,2024-10-25,1000000.00,3.998668,99.65625
08:00:25,91282CLQ2,TSRYS5906509,D,S,D,2024-10-25,1000000.00,3.988777,99.68359375
08:00:26,91282CLQ2,TSRYS5906509,D,B,C,2024-10-25,1000000.00,3.989483,99.681640625
08:00:26,91282CLQ2,TSRYS5906509,D,S,D,2024-10-25,1000000.00,3.989483,99.681640625
08:00:26,91282CLQ2,TSRYS5906509,D,B,C,2024-10-25,1000000.00,3.989483,99.681640625
08:00:26,91282CLQ2,TSRYS5906509,D,S,D,2024-10-25,1000000.00,3.989483,99.681640625
08:00:26,91282CLQ2,TSRYS5906509,D,B,C,2024-10-25,1000000.00,3.989483,99.681640625
08:00:26,91282CLQ2,TSRYS5906509,D,S,D,2024-10-25,1000000.00,3.989483,99.681640625
08:00:26,91282CLQ2,TSRYS5906509,D,B,C,2024-10-25,1000000.00,3.99019,99.6796875
08:00:26,91282CLQ2,TSRYS5906509,D,B,C,2024-10-25,1000000.00,3.99019,99.6796875
08:00:26,91282CLQ2,TSRYS5906509,D,S,D,2024-10-25,1000000.00,3.99019,99.6796875
08:00:26,91282CLQ2,TSRYS5906509,D,S,D,2024-10-25,1000000.00,3.99019,99.6796875
08:00:26,91282CLQ2,TSRYS5906509,D,B,C,2024-10-25,1000000.00,3.993016,99.671875
08:00:26,91282CLQ2,TSRYS5906509,D,S,D,2024-10-25,1000000.00,3.993016,99.671875
08:00:26,91282CLQ2,TSRYS5906509,D,B,C,2024-10-25,1000000.00,3.992309,99.673828125
08:00:26,91282CLQ2,TSRYS5906509,D,S,D,2024-10-25,1000000.00,3.992309,99.673828125
08:00:26,91282CLQ2,TSRYS5906509,D,B,C,2024-10-25,1000000.00,3.993722,99.669921875
08:00:26,91282CLQ2,TSRYS5906509,D,S,D,2024-10-25,1000000.00,3.993722,99.669921875
08:00:26,91282CLQ2,TSRYS5906509,D,S,D,2024-10-25,1000000.00,3.995135,99.666015625
08:00:26,91282CLQ2,TSRYS5906509,D,B,C,2024-10-25,1000000.00,3.995135,99.666015625
08:00:27,91282CLQ2,TSRYS5906509,D,S,A,2024-10-25,400000.00,4.002909,99.64453125
08:00:27,91282CLQ2,TSRYS5906509,D,S,D,2024-10-25,1000000.00,3.995842,99.6640625
08:00:27,91282CLQ2,TSRYS5906509,D,B,C,2024-10-25,1000000.00,3.995842,99.6640625
08:00:27,91282CLQ2,TSRYS5906509,D,B,A,2024-10-25,66000.00,4.001495,99.6484375
08:00:27,91282CLQ2,TSRYS5906509,D,S,D,2024-10-25,1000000.00,3.995135,99.666015625
08:00:27,91282CLQ2,TSRYS5906509,D,S,A,2024-10-25,18814600.00,4.000082,99.65234375
08:00:27,91282CLQ2,TSRYS5906509,D,S,D,2024-10-25,1000000.00,3.993722,99.669921875
08:00:27,91282CLQ2,TSRYS5906509,D,S,D,2024-10-25,1000000.00,3.994429,99.66796875
08:00:27,91282CLQ2,TSRYS5906509,D,B,C,2024-10-25,1000000.00,3.994429,99.66796875
08:00:27,91282CLQ2,TSRYS5906509,D,B,C,2024-10-25,1000000.00,3.992309,99.673828125
08:00:27,91282CLQ2,TSRYS5906509,D,S,D,2024-10-25,1000000.00,3.992309,99.673828125
08:00:27,91282CLQ2,TSRYS5906509,D,S,D,2024-10-25,1000000.00,3.994429,99.66796875
08:00:28,91282CLQ2,TSRYS5906509,D,B,C,2024-10-25,1000000.00,3.994429,99.66796875
08:00:28,91282CLQ2,TSRYS5906509,D,B,C,2024-10-25,1000000.00,3.994429,99.66796875
08:00:28,91282CLQ2,TSRYS5906509,D,S,D,2024-10-25,1000000.00,3.994429,99.66796875
08:00:29,91282CLQ2,TSRYS5906509,D,B,C,2024-10-25,1000000.00,3.99019,99.6796875
08:00:29,91282CLQ2,TSRYS5906509,D,S,D,2024-10-25,1000000.00,3.99019,99.6796875
08:00:29,91282CLQ2,TSRYS5906509,D,S,D,2024-10-25,2000000.00,3.991603,99.67578125
08:00:29,91282CLQ2,TSRYS5906509,D,B,C,2024-10-25,1000000.00,3.995842,99.6640625
08:00:29,91282CLQ2,TSRYS5906509,D,S,D,2024-10-25,1000000.00,3.995842,99.6640625
08:00:29,91282CLQ2,TSRYS5906509,D,S,D,2024-10-25,1000000.00,3.995135,99.666015625
08:00:30,91282CLQ2,TSRYS5906509,D,S,T,2024-10-25,1000000.00,4.007149,99.6328125
08:00:30,91282CLQ2,TSRYS5906509,D,S,T,2024-10-25,1000000.00,4.007149,99.6328125
08:00:30,91282CLQ2,TSRYS5906509,D,S,T,2024-10-25,3000000.00,4.008563,99.62890625
08:00:30,91282CLQ2,TSRYS5906509,D,S,T,2024-10-25,1000000.00,4.008563,99.62890625
08:00:30,91282CLQ2,TSRYS5906509,D,S,T,2024-10-25,1000000.00,4.00927,99.626953125
08:00:30,91282CLQ2,TSRYS5906509,D,S,T,2024-10-25,1000000.00,4.009977,99.625
08:00:30,91282CLQ2,TSRYS5906509,D,S,T,2024-10-25,1000000.00,4.009977,99.625
08:00:30,91282CLQ2,TSRYS5906509,D,S,T,2024-10-25,1000000.00,4.009977,99.625
08:00:30,91282CLQ2,TSRYS5906509,D,S,T,2024-10-25,1000000.00,4.008563,99.62890625
08:00:30,91282CLQ2,TSRYS5906509,D,S,T,2024-10-25,6000000.00,4.008563,99.62890625
08:00:30,91282CLQ2,TSRYS5906509,D,S,T,2024-10-25,2000000.00,4.008563,99.62890625
08:00:30,91282CLQ2,TSRYS5906509,D,S,T,2024-10-25,1000000.00,4.008563,99.62890625
08:00:30,91282CLQ2,TSRYS5906509,D,S,T,2024-10-25,2000000.00,4.008563,99.62890625
08:00:30,91282CLQ2,TSRYS5906509,D,S,T,2024-10-25,1000000.00,4.008563,99.62890625
08:00:30,91282CLQ2,TSRYS5906509,D,S,T,2024-10-25,2000000.00,4.005736,99.63671875
08:00:30,91282CLQ2,TSRYS5906509,D,S,T,2024-10-25,1000000.00,4.005736,99.63671875
08:00:30,91282CLQ2,TSRYS5906509,D,S,T,2024-10-25,1000000.00,4.005736,99.63671875
08:00:30,91282CLQ2,TSRYS5906509,D,S,T,2024-10-25,1000000.00,4.004322,99.640625
08:00:30,91282CLQ2,TSRYS5906509,D,S,T,2024-10-25,1000000.00,4.005736,99.63671875
08:00:30,91282CLQ2,TSRYS5906509,D,S,T,2024-10-25,2000000.00,4.005736,99.63671875
08:00:30,91282CLQ2,TSRYS5906509,D,S,T,2024-10-25,1000000.00,4.005736,99.63671875
08:00:30,91282CLQ2,TSRYS5906509,D,S,T,2024-10-25,1000000.00,4.005736,99.63671875
08:00:30,91282CLQ2,TSRYS5906509,D,S,T,2024-10-25,3000000.00,4.005736,99.63671875
08:00:30,91282CLQ2,TSRYS5906509,D,S,T,2024-10-25,1000000.00,4.005736,99.63671875
08:00:30,91282CLQ2,TSRYS5906509,D,S,T,2024-10-25,1000000.00,4.005736,99.63671875
08:00:30,91282CLQ2,TSRYS5906509,D,S,T,2024-10-25,1000000.00,4.007856,99.630859375
08:00:30,91282CLQ2,TSRYS5906509,D,S,T,2024-10-25,1000000.00,4.007856,99.630859375
08:00:30,91282CLQ2,TSRYS5906509,D,S,T,2024-10-25,1000000.00,4.007149,99.6328125
08:00:30,91282CLQ2,TSRYS5906509,D,S,T,2024-10-25,5000000.00,4.007149,99.6328125
08:00:30,91282CLQ2,TSRYS5906509,D,S,T,2024-10-25,1000000.00,4.007149,99.6328125
08:00:30,91282CLQ2,TSRYS5906509,D,S,T,2024-10-25,1000000.00,4.005736,99.63671875
08:00:30,91282CLQ2,TSRYS5906509,D,S,T,2024-10-25,1000000.00,4.005736,99.63671875
08:00:30,91282CLQ2,TSRYS5906509,D,S,T,2024-10-25,1000000.00,4.005736,99.63671875
08:00:30,91282CLQ2,TSRYS5906509,D,S,T,2024-10-25,1000000.00,4.005736,99.63671875
08:00:30,91282CLQ2,TSRYS5906509,D,S,T,2024-10-25,2000000.00,4.005736,99.63671875
08:00:30,91282CLQ2,TSRYS5906509,D,S,T,2024-10-25,1000000.00,4.006442,99.634765625
08:00:30,91282CLQ2,TSRYS5906509,D,S,T,2024-10-25,1000000.00,4.005736,99.63671875
08:00:30,91282CLQ2,TSRYS5906509,D,S,T,2024-10-25,1000000.00,4.005736,99.63671875
08:00:30,91282CLQ2,TSRYS5906509,D,S,T,2024-10-25,1000000.00,4.005736,99.63671875
08:00:30,91282CLQ2,TSRYS5906509,D,S,T,2024-10-25,4000000.00,4.007149,99.6328125
08:00:30,91282CLQ2,TSRYS5906509,D,S,T,2024-10-25,3000000.00,4.007149,99.6328125
08:00:30,91282CLQ2,TSRYS5906509,D,S,T,2024-10-25,1000000.00,4.009977,99.625
08:00:30,91282CLQ2,TSRYS5906509,D,S,T,2024-10-25,2000000.00,4.011391,99.62109375
08:00:30,91282CLQ2,TSRYS5906509,D,S,T,2024-10-25,2000000.00,4.011391,99.62109375
08:00:30,91282CLQ2,TSRYS5906509,D,S,T,2024-10-25,2000000.00,4.007149,99.6328125
08:00:30,91282CLQ2,TSRYS5906509,D,S,T,2024-10-25,1000000.00,4.007149,99.6328125
08:00:30,91282CLQ2,TSRYS5906509,D,S,T,2024-10-25,1000000.00,4.007149,99.6328125
08:00:30,91282CLQ2,TSRYS5906509,D,S,T,2024-10-25,1000000.00,4.006442,99.634765625
08:00:30,91282CLQ2,TSRYS5906509,D,S,T,2024-10-25,1000000.00,4.005736,99.63671875
08:00:30,91282CLQ2,TSRYS5906509,D,S,T,2024-10-25,1000000.00,4.005736,99.63671875
08:00:30,91282CLQ2,TSRYS5906509,D,S,T,2024-10-25,1000000.00,4.002909,99.64453125
08:00:30,91282CLQ2,TSRYS5906509,D,S,T,2024-10-25,1000000.00,4.002202,99.646484375
08:00:30,91282CLQ2,TSRYS5906509,D,S,T,2024-10-25,1000000.00,4.002202,99.646484375
08:00:30,91282CLQ2,TSRYS5906509,D,S,T,2024-10-25,1000000.00,4.002202,99.646484375
08:00:30,91282CLQ2,TSRYS5906509,D,S,T,2024-10-25,2000000.00,4.002909,99.64453125
08:00:30,91282CLQ2,TSRYS5906509,D,S,T,2024-10-25,2000000.00,4.002909,99.64453125
08:00:30,91282CLQ2,TSRYS5906509,D,S,T,2024-10-25,5000000.00,4.002909,99.64453125
08:00:30,91282CLQ2,TSRYS5906509,D,S,T,2024-10-25,1000000.00,4.001495,99.6484375
08:00:30,91282CLQ2,TSRYS5906509,D,S,T,2024-10-25,1000000.00,4.002909,99.64453125
08:00:30,91282CLQ2,TSRYS5906509,D,B,C,2024-10-25,1000000.00,3.995135,99.666015625
08:00:30,91282CLQ2,TSRYS5906509,D,S,T,2024-10-25,1000000.00,4.002909,99.64453125
08:00:30,91282CLQ2,TSRYS5906509,D,S,T,2024-10-25,3000000.00,4.002909,99.64453125
08:00:30,91282CLQ2,TSRYS5906509,D,S,T,2024-10-25,2000000.00,4.003615,99.642578125
08:00:30,91282CLQ2,TSRYS5906509,D,S,T,2024-10-25,3000000.00,4.001495,99.6484375
08:00:30,91282CLQ2,TSRYS5906509,D,S,T,2024-10-25,1000000.00,4.001495,99.6484375
08:00:30,91282CLQ2,TSRYS5906509,D,S,T,2024-10-25,1000000.00,4.001495,99.6484375
08:00:30,91282CLQ2,TSRYS5906509,D,S,T,2024-10-25,1000000.00,4.001495,99.6484375
08:00:30,91282CLQ2,TSRYS5906509,D,S,T,2024-10-25,14000000.00,4.001495,99.6484375
08:00:30,91282CLQ2,TSRYS5906509,D,S,T,2024-10-25,2000000.00,4.002909,99.64453125
08:00:30,91282CLQ2,TSRYS5906509,D,S,T,2024-10-25,1000000.00,4.001495,99.6484375
08:00:30,91282CLQ2,TSRYS5906509,D,S,T,2024-10-25,1000000.00,4.001495,99.6484375
08:00:30,91282CLQ2,TSRYS5906509,D,S,T,2024-10-25,1000000.00,4.001495,99.6484375
08:00:30,91282CLQ2,TSRYS5906509,D,S,T,2024-10-25,1000000.00,4.001495,99.6484375
08:00:30,91282CLQ2,TSRYS5906509,D,S,T,2024-10-25,1000000.00,4.001495,99.6484375
08:00:30,91282CLQ2,TSRYS5906509,D,S,T,2024-10-25,1000000.00,4.000788,99.650390625
08:00:30,91282CLQ2,TSRYS5906509,D,S,T,2024-10-25,1000000.00,4.001495,99.6484375
08:00:30,91282CLQ2,TSRYS5906509,D,S,T,2024-10-25,1000000.00,4.001495,99.6484375
08:00:30,91282CLQ2,TSRYS5906509,D,S,T,2024-10-25,1000000.00,4.000082,99.65234375
08:00:30,91282CLQ2,TSRYS5906509,D,S,T,2024-10-25,4000000.00,4.002909,99.64453125
08:00:30,91282CLQ2,TSRYS5906509,D,S,T,2024-10-25,1000000.00,4.002909,99.64453125
08:00:30,91282CLQ2,TSRYS5906509,D,S,T,2024-10-25,1000000.00,4.002909,99.64453125
08:00:30,91282CLQ2,TSRYS5906509,D,S,T,2024-10-25,1000000.00,4.002909,99.64453125
08:00:30,91282CLQ2,TSRYS5906509,D,S,T,2024-10-25,5000000.00,4.002909,99.64453125
08:00:30,91282CLQ2,TSRYS5906509,D,S,T,2024-10-25,1000000.00,4.002909,99.64453125
08:00:30,91282CLQ2,TSRYS5906509,D,S,T,2024-10-25,1000000.00,4.002909,99.64453125
08:00:30,91282CLQ2,TSRYS5906509,D,S,T,2024-10-25,3000000.00,4.002909,99.64453125
08:00:30,91282CLQ2,TSRYS5906509,D,S,T,2024-10-25,1000000.00,4.002909,99.64453125
08:00:30,91282CLQ2,TSRYS5906509,D,S,T,2024-10-25,2000000.00,4.002909,99.64453125
08:00:30,91282CLQ2,TSRYS5906509,D,S,T,2024-10-25,1000000.00,4.002909,99.64453125
08:00:30,91282CLQ2,TSRYS5906509,D,S,T,2024-10-25,1000000.00,4.002909,99.64453125
08:00:30,91282CLQ2,TSRYS5906509,D,S,T,2024-10-25,4000000.00,4.002909,99.64453125
08:00:30,91282CLQ2,TSRYS5906509,D,S,T,2024-10-25,1000000.00,4.002909,99.64453125
08:00:30,91282CLQ2,TSRYS5906509,D,S,T,2024-10-25,1000000.00,4.002909,99.64453125
08:00:30,91282CLQ2,TSRYS5906509,D,S,D,2024-10-25,1000000.00,3.988777,99.68359375
08:00:30,91282CLQ2,TSRYS5906509,D,S,D,2024-10-25,1000000.00,3.989483,99.681640625
08:00:30,91282CLQ2,TSRYS5906509,D,S,D,2024-10-25,1000000.00,3.993016,99.671875
08:00:30,91282CLQ2,TSRYS5906509,D,S,T,2024-10-25,1000000.00,4.002909,99.64453125
08:00:30,91282CLQ2,TSRYS5906509,D,S,T,2024-10-25,1000000.00,4.002909,99.64453125
08:00:30,91282CLQ2,TSRYS5906509,D,S,T,2024-10-25,1000000.00,4.002909,99.64453125
08:00:30,91282CLQ2,TSRYS5906509,D,S,T,2024-10-25,2000000.00,4.002909,99.64453125
08:00:30,91282CLQ2,TSRYS5906509,D,S,T,2024-10-25,1000000.00,4.002909,99.64453125
08:00:30,91282CLQ2,TSRYS5906509,D,S,T,2024-10-25,1000000.00,4.002909,99.64453125
08:00:30,91282CLQ2,TSRYS5906509,D,S,T,2024-10-25,1000000.00,4.002909,99.64453125
08:00:30,91282CLQ2,TSRYS5906509,D,S,T,2024-10-25,1000000.00,4.002909,99.64453125
08:00:30,91282CLQ2,TSRYS5906509,D,S,T,2024-10-25,2000000.00,4.002909,99.64453125
08:00:30,91282CLQ2,TSRYS5906509,D,S,T,2024-10-25,2000000.00,4.000788,99.650390625
08:00:30,91282CLQ2,TSRYS5906509,D,S,T,2024-10-25,1000000.00,4.000788,99.650390625
08:00:30,91282CLQ2,TSRYS5906509,D,S,T,2024-10-25,2000000.00,4.000788,99.650390625
08:00:30,91282CLQ2,TSRYS5906509,D,S,T,2024-10-25,1000000.00,4.001495,99.6484375
08:00:30,91282CLQ2,TSRYS5906509,D,S,T,2024-10-25,1000000.00,4.001495,99.6484375
08:00:30,91282CLQ2,TSRYS5906509,D,S,T,2024-10-25,1000000.00,4.000082,99.65234375
08:00:30,91282CLQ2,TSRYS5906509,D,S,T,2024-10-25,1000000.00,3.998668,99.65625
08:00:30,91282CLQ2,TSRYS5906509,D,S,T,2024-10-25,1000000.00,3.998668,99.65625
08:00:30,91282CLQ2,TSRYS5906509,D,S,T,2024-10-25,1000000.00,3.998668,99.65625
08:00:30,91282CLQ2,TSRYS5906509,D,S,T,2024-10-25,1000000.00,3.998668,99.65625
08:00:30,91282CLQ2,TSRYS5906509,D,S,T,2024-10-25,1000000.00,3.998668,99.65625
08:00:30,91282CLQ2,TSRYS5906509,D,S,T,2024-10-25,1000000.00,3.998668,99.65625
08:00:30,91282CLQ2,TSRYS5906509,D,S,T,2024-10-25,1000000.00,3.998668,99.65625
08:00:30,91282CLQ2,TSRYS5906509,D,S,T,2024-10-25,1000000.00,3.998668,99.65625
08:00:30,91282CLQ2,TSRYS5906509,D,S,T,2024-10-25,1000000.00,3.998668,99.65625
08:00:30,91282CLQ2,TSRYS5906509,D,S,T,2024-10-25,1000000.00,3.998668,99.65625
08:00:30,91282CLQ2,TSRYS5906509,D,S,T,2024-10-25,1000000.00,3.998668,99.65625
08:00:30,91282CLQ2,TSRYS5906509,D,S,T,2024-10-25,2000000.00,3.998668,99.65625
08:00:30,91282CLQ2,TSRYS5906509,D,S,T,2024-10-25,4000000.00,3.998668,99.65625
08:00:30,91282CLQ2,TSRYS5906509,D,S,T,2024-10-25,1000000.00,3.998668,99.65625
08:00:30,91282CLQ2,TSRYS5906509,D,S,T,2024-10-25,1000000.00,3.998668,99.65625
08:00:30,91282CLQ2,TSRYS5906509,D,S,T,2024-10-25,2000000.00,3.998668,99.65625
08:00:30,91282CLQ2,TSRYS5906509,D,S,T,2024-10-25,1000000.00,3.998668,99.65625
08:00:30,91282CLQ2,TSRYS5906509,D,S,T,2024-10-25,1000000.00,3.998668,99.65625
08:00:30,91282CLQ2,TSRYS5906509,D,S,T,2024-10-25,1000000.00,3.998668,99.65625
08:00:30,91282CLQ2,TSRYS5906509,D,S,T,2024-10-25,1000000.00,3.998668,99.65625
08:00:30,91282CLQ2,TSRYS5906509,D,S,T,2024-10-25,1000000.00,3.998668,99.65625
08:00:30,91282CLQ2,TSRYS5906509,D,S,T,2024-10-25,1000000.00,3.998668,99.65625
08:00:30,91282CLQ2,TSRYS5906509,D,S,T,2024-10-25,3000000.00,3.998668,99.65625
08:00:30,91282CLQ2,TSRYS5906509,D,S,T,2024-10-25,1000000.00,3.998668,99.65625
08:00:30,91282CLQ2,TSRYS5906509,D,S,T,2024-10-25,1000000.00,3.998668,99.65625
08:00:30,91282CLQ2,TSRYS5906509,D,S,T,2024-10-25,2000000.00,3.998668,99.65625
08:00:30,91282CLQ2,TSRYS5906509,D,S,T,2024-10-25,4000000.00,3.998668,99.65625
08:00:30,91282CLQ2,TSRYS5906509,D,S,T,2024-10-25,2000000.00,3.998668,99.65625
08:00:30,91282CLQ2,TSRYS5906509,D,S,T,2024-10-25,1000000.00,3.998668,99.65625
08:00:30,91282CLQ2,TSRYS5906509,D,S,T,2024-10-25,1000000.00,3.998668,99.65625
08:00:30,91282CLQ2,TSRYS5906509,D,S,T,2024-10-25,2000000.00,4.000082,99.65234375
08:00:30,91282CLQ2,TSRYS5906509,D,S,T,2024-10-25,1000000.00,4.000082,99.65234375
08:00:30,91282CLQ2,TSRYS5906509,D,S,T,2024-10-25,1000000.00,3.998668,99.65625
08:00:30,91282CLQ2,TSRYS5906509,D,S,T,2024-10-25,2000000.00,3.999375,99.654296875
08:00:30,91282CLQ2,TSRYS5906509,D,S,T,2024-10-25,1000000.00,4.000082,99.65234375
08:00:30,91282CLQ2,TSRYS5906509,D,S,T,2024-10-25,1000000.00,4.000082,99.65234375
08:00:30,91282CLQ2,TSRYS5906509,D,S,T,2024-10-25,1000000.00,3.994429,99.66796875
08:00:30,91282CLQ2,TSRYS5906509,D,S,T,2024-10-25,1000000.00,3.995135,99.666015625
08:00:30,91282CLQ2,TSRYS5906509,D,S,T,2024-10-25,1000000.00,3.991603,99.67578125
08:00:30,91282CLQ2,TSRYS5906509,D,S,T,2024-10-25,1000000.00,3.991603,99.67578125
08:00:30,91282CLQ2,TSRYS5906509,D,S,T,2024-10-25,1000000.00,3.989483,99.681640625
08:00:30,91282CLQ2,TSRYS5906509,D,S,T,2024-10-25,1000000.00,3.989483,99.681640625
08:00:30,91282CLQ2,TSRYS5906509,D,S,T,2024-10-25,1000000.00,3.989483,99.681640625
08:00:30,91282CLQ2,TSRYS5906509,D,S,D,2024-10-25,1000000.00,3.996549,99.662109375
08:00:30,91282CLQ2,TSRYS5906509,D,S,D,2024-10-25,1000000.00,3.997255,99.66015625
08:00:30,91282CLQ2,TSRYS5906509,D,S,D,2024-10-25,1000000.00,3.997255,99.66015625
08:00:30,91282CLQ2,TSRYS5906509,D,S,D,2024-10-25,1000000.00,3.997255,99.66015625
08:00:30,91282CLQ2,TSRYS5906509,D,S,D,2024-10-25,1000000.00,3.997255,99.66015625
08:00:30,91282CLQ2,TSRYS5906509,D,S,D,2024-10-25,1000000.00,3.997255,99.66015625
08:00:30,91282CLQ2,TSRYS5906509,D,S,D,2024-10-25,1000000.00,3.998668,99.65625
08:00:30,91282CLQ2,TSRYS5906509,D,S,T,2024-10-25,1000000.00,3.989483,99.681640625
08:00:30,91282CLQ2,TSRYS5906509,D,S,T,2024-10-25,1000000.00,3.989483,99.681640625
08:00:30,91282CLQ2,TSRYS5906509,D,S,T,2024-10-25,1000000.00,3.989483,99.681640625
08:00:30,91282CLQ2,TSRYS5906509,D,S,T,2024-10-25,1000000.00,3.988777,99.68359375
08:00:30,91282CLQ2,TSRYS5906509,D,S,T,2024-10-25,1000000.00,3.988777,99.68359375
08:00:30,91282CLQ2,TSRYS5906509,D,S,T,2024-10-25,1000000.00,3.988777,99.68359375
08:00:30,91282CLQ2,TSRYS5906509,D,S,T,2024-10-25,1000000.00,3.988777,99.68359375
08:00:30,91282CLQ2,TSRYS5906509,D,S,T,2024-10-25,1000000.00,3.988777,99.68359375
08:00:30,91282CLQ2,TSRYS5906509,D,S,T,2024-10-25,1000000.00,3.988071,99.685546875
08:00:31,91282CLQ2,TSRYS5906509,D,S,T,2024-10-25,1000000.00,3.988777,99.68359375
08:00:31,91282CLQ2,TSRYS5906509,D,S,T,2024-10-25,2000000.00,3.988777,99.68359375
08:00:31,91282CLQ2,TSRYS5906509,D,S,T,2024-10-25,2000000.00,3.988777,99.68359375
08:00:31,91282CLQ2,TSRYS5906509,D,S,T,2024-10-25,2000000.00,3.988777,99.68359375
08:00:31,91282CLQ2,TSRYS5906509,D,S,T,2024-10-25,3000000.00,3.986658,99.689453125
08:00:31,91282CLQ2,TSRYS5906509,D,S,T,2024-10-25,4000000.00,3.986658,99.689453125
08:00:31,91282CLQ2,TSRYS5906509,D,S,T,2024-10-25,5000000.00,3.987364,99.6875
08:00:31,91282CLQ2,TSRYS5906509,D,S,T,2024-10-25,1000000.00,3.987364,99.6875
08:00:31,91282CLQ2,TSRYS5906509,D,S,T,2024-10-25,3000000.00,3.987364,99.6875
08:00:31,91282CLQ2,TSRYS5906509,D,S,T,2024-10-25,1000000.00,3.987364,99.6875
08:00:31,91282CLQ2,TSRYS5906509,D,S,T,2024-10-25,1000000.00,3.987364,99.6875
08:00:31,91282CLQ2,TSRYS5906509,D,S,T,2024-10-25,1000000.00,3.99019,99.6796875
08:00:31,91282CLQ2,TSRYS5906509,D,S,T,2024-10-25,1000000.00,3.988777,99.68359375
08:00:31,91282CLQ2,TSRYS5906509,D,S,T,2024-10-25,1000000.00,3.988071,99.685546875
08:00:31,91282CLQ2,TSRYS5906509,D,S,T,2024-10-25,1000000.00,3.988071,99.685546875
08:00:31,91282CLQ2,TSRYS5906509,D,S,T,2024-10-25,3000000.00,3.988071,99.685546875
08:00:31,91282CLQ2,TSRYS5906509,D,S,T,2024-10-25,2000000.00,3.991603,99.67578125
08:00:31,91282CLQ2,TSRYS5906509,D,S,T,2024-10-25,1000000.00,3.991603,99.67578125
08:00:31,91282CLQ2,TSRYS5906509,D,S,T,2024-10-25,1000000.00,3.991603,99.67578125
08:00:31,91282CLQ2,TSRYS5906509,D,S,T,2024-10-25,1000000.00,3.991603,99.67578125
08:00:31,91282CLQ2,TSRYS5906509,D,S,T,2024-10-25,1000000.00,3.991603,99.67578125
08:00:31,91282CLQ2,TSRYS5906509,D,S,T,2024-10-25,1000000.00,3.991603,99.67578125
08:00:31,91282CLQ2,TSRYS5906509,D,S,T,2024-10-25,1000000.00,3.991603,99.67578125
08:00:31,91282CLQ2,TSRYS5906509,D,S,T,2024-10-25,1000000.00,3.991603,99.67578125
08:00:31,91282CLQ2,TSRYS5906509,D,S,T,2024-10-25,1000000.00,3.991603,99.67578125
08:00:31,91282CLQ2,TSRYS5906509,D,S,T,2024-10-25,1000000.00,3.991603,99.67578125
08:00:31,91282CLQ2,TSRYS5906509,D,S,T,2024-10-25,1000000.00,3.991603,99.67578125
08:00:31,91282CLQ2,TSRYS5906509,D,S,T,2024-10-25,1000000.00,3.991603,99.67578125
08:00:31,91282CLQ2,TSRYS5906509,D,S,T,2024-10-25,1000000.00,3.991603,99.67578125
08:00:31,91282CLQ2,TSRYS5906509,D,S,T,2024-10-25,1000000.00,3.991603,99.67578125
08:00:31,91282CLQ2,TSRYS5906509,D,S,T,2024-10-25,4000000.00,3.993722,99.669921875
08:00:31,91282CLQ2,TSRYS5906509,D,S,T,2024-10-25,1000000.00,3.994429,99.66796875
08:00:31,91282CLQ2,TSRYS5906509,D,S,T,2024-10-25,2000000.00,3.994429,99.66796875
08:00:31,91282CLQ2,TSRYS5906509,D,S,T,2024-10-25,1000000.00,3.994429,99.66796875
08:00:31,91282CLQ2,TSRYS5906509,D,S,T,2024-10-25,1000000.00,3.994429,99.66796875
08:00:31,91282CLQ2,TSRYS5906509,D,S,T,2024-10-25,1000000.00,3.994429,99.66796875
08:00:31,91282CLQ2,TSRYS5906509,D,S,T,2024-10-25,1000000.00,3.994429,99.66796875
08:00:31,91282CLQ2,TSRYS5906509,D,S,T,2024-10-25,1000000.00,3.994429,99.66796875
08:00:31,91282CLQ2,TSRYS5906509,D,S,T,2024-10-25,1000000.00,3.994429,99.66796875
08:00:31,91282CLQ2,TSRYS5906509,D,S,T,2024-10-25,1000000.00,3.994429,99.66796875
08:00:31,91282CLQ2,TSRYS5906509,D,S,T,2024-10-25,1000000.00,3.994429,99.66796875
08:00:31,91282CLQ2,TSRYS5906509,D,S,T,2024-10-25,1000000.00,3.995842,99.6640625
08:00:31,91282CLQ2,TSRYS5906509,D,S,T,2024-10-25,1000000.00,3.995842,99.6640625
08:00:31,91282CLQ2,TSRYS5906509,D,S,T,2024-10-25,1000000.00,3.995842,99.6640625
08:00:31,91282CLQ2,TSRYS5906509,D,S,T,2024-10-25,1000000.00,3.995842,99.6640625
08:00:31,91282CLQ2,TSRYS5906509,D,S,T,2024-10-25,3000000.00,3.995842,99.6640625
08:00:31,91282CLQ2,TSRYS5906509,D,S,T,2024-10-25,1000000.00,3.995842,99.6640625
08:00:31,91282CLQ2,TSRYS5906509,D,S,T,2024-10-25,1000000.00,3.993016,99.671875
08:00:31,91282CLQ2,TSRYS5906509,D,S,T,2024-10-25,2000000.00,3.993016,99.671875
08:00:31,91282CLQ2,TSRYS5906509,D,S,T,2024-10-25,5000000.00,3.993016,99.671875
08:00:31,91282CLQ2,TSRYS5906509,D,S,T,2024-10-25,4000000.00,3.993016,99.671875
08:00:31,91282CLQ2,TSRYS5906509,D,S,T,2024-10-25,2000000.00,3.993016,99.671875
08:00:31,91282CLQ2,TSRYS5906509,D,S,T,2024-10-25,2000000.00,3.993016,99.671875
08:00:31,91282CLQ2,TSRYS5906509,D,S,T,2024-10-25,1000000.00,3.992309,99.673828125
08:00:31,91282CLQ2,TSRYS5906509,D,S,T,2024-10-25,2000000.00,3.992309,99.673828125
08:00:31,91282CLQ2,TSRYS5906509,D,S,T,2024-10-25,1000000.00,3.991603,99.67578125
08:00:31,91282CLQ2,TSRYS5906509,D,S,T,2024-10-25,3000000.00,3.991603,99.67578125
08:00:31,91282CLQ2,TSRYS5906509,D,S,T,2024-10-25,3000000.00,3.991603,99.67578125
08:00:31,91282CLQ2,TSRYS5906509,D,S,T,2024-10-25,3000000.00,3.991603,99.67578125
08:00:31,91282CLQ2,TSRYS5906509,D,S,T,2024-10-25,1000000.00,3.991603,99.67578125
08:00:31,91282CLQ2,TSRYS5906509,D,S,T,2024-10-25,1000000.00,3.991603,99.67578125
08:00:31,91282CLQ2,TSRYS5906509,D,S,T,2024-10-25,1000000.00,3.991603,99.67578125
08:00:31,91282CLQ2,TSRYS5906509,D,S,T,2024-10-25,1000000.00,3.991603,99.67578125
08:00:31,91282CLQ2,TSRYS5906509,D,S,T,2024-10-25,1000000.00,3.99019,99.6796875
08:00:31,91282CLQ2,TSRYS5906509,D,S,T,2024-10-25,1000000.00,3.99019,99.6796875
08:00:31,91282CLQ2,TSRYS5906509,D,S,T,2024-10-25,1000000.00,3.99019,99.6796875
08:00:31,91282CLQ2,TSRYS5906509,D,S,T,2024-10-25,1000000.00,3.988777,99.68359375
08:00:31,91282CLQ2,TSRYS5906509,D,S,T,2024-10-25,1000000.00,3.988777,99.68359375
08:00:31,91282CLQ2,TSRYS5906509,D,S,T,2024-10-25,1000000.00,3.988777,99.68359375
08:00:31,91282CLQ2,TSRYS5906509,D,S,T,2024-10-25,1000000.00,3.988777,99.68359375
08:00:31,91282CLQ2,TSRYS5906509,D,S,T,2024-10-25,1000000.00,3.988777,99.68359375
08:00:31,91282CLQ2,TSRYS5906509,D,S,T,2024-10-25,2000000.00,3.99019,99.6796875
08:00:31,91282CLQ2,TSRYS5906509,D,S,T,2024-10-25,1000000.00,3.995842,99.6640625
08:00:31,91282CLQ2,TSRYS5906509,D,S,T,2024-10-25,1000000.00,3.994429,99.66796875
08:00:31,91282CLQ2,TSRYS5906509,D,S,T,2024-10-25,1000000.00,3.994429,99.66796875
08:00:31,91282CLQ2,TSRYS5906509,D,S,T,2024-10-25,1000000.00,3.994429,99.66796875
08:00:31,91282CLQ2,TSRYS5906509,D,S,T,2024-10-25,1000000.00,3.99019,99.6796875
08:00:31,91282CLQ2,TSRYS5906509,D,S,T,2024-10-25,1000000.00,3.988777,99.68359375
08:00:31,91282CLQ2,TSRYS5906509,D,S,T,2024-10-25,1000000.00,3.988777,99.68359375
08:00:31,91282CLQ2,TSRYS5906509,D,S,T,2024-10-25,1000000.00,3.99019,99.6796875
08:00:31,91282CLQ2,TSRYS5906509,D,S,T,2024-10-25,1000000.00,3.99019,99.6796875
08:00:31,91282CLQ2,TSRYS5906509,D,S,D,2024-10-25,1000000.00,3.99019,99.6796875
08:00:31,91282CLQ2,TSRYS5906509,D,S,T,2024-10-25,1000000.00,3.992309,99.673828125
08:00:31,91282CLQ2,TSRYS5906509,D,S,D,2024-10-25,1000000.00,3.992309,99.673828125
08:00:31,91282CLQ2,TSRYS5906509,D,S,T,2024-10-25,1000000.00,3.99019,99.6796875
08:00:31,91282CLQ2,TSRYS5906509,D,S,T,2024-10-25,1000000.00,3.99019,99.6796875
08:00:31,91282CLQ2,TSRYS5906509,D,S,T,2024-10-25,1000000.00,3.993016,99.671875
08:00:31,91282CLQ2,TSRYS5906509,D,S,T,2024-10-25,1000000.00,3.993016,99.671875
08:00:31,91282CLQ2,TSRYS5906509,D,S,D,2024-10-25,1000000.00,3.998668,99.65625
08:00:31,91282CLQ2,TSRYS5906509,D,S,D,2024-10-25,1000000.00,3.998668,99.65625
08:00:31,91282CLQ2,TSRYS5906509,D,S,T,2024-10-25,1000000.00,3.995842,99.6640625
08:00:31,91282CLQ2,TSRYS5906509,D,S,T,2024-10-25,1000000.00,3.997255,99.66015625
08:00:31,91282CLQ2,TSRYS5906509,D,S,T,2024-10-25,1000000.00,3.995842,99.6640625
08:00:31,91282CLQ2,TSRYS5906509,D,S,T,2024-10-25,1000000.00,3.997255,99.66015625
08:00:31,91282CLQ2,TSRYS5906509,D,S,T,2024-10-25,1000000.00,3.997255,99.66015625
08:00:31,91282CLQ2,TSRYS5906509,D,S,T,2024-10-25,1000000.00,3.997255,99.66015625
08:00:31,91282CLQ2,TSRYS5906509,D,S,T,2024-10-25,1000000.00,3.997255,99.66015625
08:00:31,91282CLQ2,TSRYS5906509,D,S,T,2024-10-25,1000000.00,3.997255,99.66015625
08:00:31,91282CLQ2,TSRYS5906509,D,S,T,2024-10-25,2000000.00,3.997255,99.66015625
08:00:31,91282CLQ2,TSRYS5906509,D,S,T,2024-10-25,1000000.00,3.997255,99.66015625
08:00:31,91282CLQ2,TSRYS5906509,D,S,T,2024-10-25,1000000.00,3.997255,99.66015625
08:00:31,91282CLQ2,TSRYS5906509,D,S,T,2024-10-25,1000000.00,3.997255,99.66015625
08:00:31,91282CLQ2,TSRYS5906509,D,S,T,2024-10-25,1000000.00,3.997255,99.66015625
08:00:31,91282CLQ2,TSRYS5906509,D,S,T,2024-10-25,1000000.00,3.997255,99.66015625
08:00:31,91282CLQ2,TSRYS5906509,D,S,T,2024-10-25,2000000.00,3.997255,99.66015625
08:00:31,91282CLQ2,TSRYS5906509,D,S,T,2024-10-25,1000000.00,3.997255,99.66015625
08:00:31,91282CLQ2,TSRYS5906509,D,S,T,2024-10-25,1000000.00,3.997255,99.66015625
08:00:31,91282CLQ2,TSRYS5906509,D,S,T,2024-10-25,4000000.00,3.997255,99.66015625
08:00:31,91282CLQ2,TSRYS5906509,D,S,T,2024-10-25,1000000.00,3.997255,99.66015625
08:00:31,91282CLQ2,TSRYS5906509,D,S,T,2024-10-25,1000000.00,3.998668,99.65625
08:00:31,91282CLQ2,TSRYS5906509,D,S,T,2024-10-25,1000000.00,3.998668,99.65625
08:00:31,91282CLQ2,TSRYS5906509,D,S,T,2024-10-25,1000000.00,3.998668,99.65625
08:00:31,91282CLQ2,TSRYS5906509,D,S,T,2024-10-25,1000000.00,3.998668,99.65625
08:00:31,91282CLQ2,TSRYS5906509,D,S,D,2024-10-25,1000000.00,3.997962,99.658203125
08:00:31,91282CLQ2,TSRYS5906509,D,S,T,2024-10-25,1000000.00,3.998668,99.65625
08:00:31,91282CLQ2,TSRYS5906509,D,S,T,2024-10-25,1000000.00,3.998668,99.65625
08:00:31,91282CLQ2,TSRYS5906509,D,S,T,2024-10-25,1000000.00,3.998668,99.65625
08:00:31,91282CLQ2,TSRYS5906509,D,S,T,2024-10-25,1000000.00,3.998668,99.65625
08:00:31,91282CLQ2,TSRYS5906509,D,S,T,2024-10-25,1000000.00,3.998668,99.65625
08:00:31,91282CLQ2,TSRYS5906509,D,S,T,2024-10-25,1000000.00,3.998668,99.65625
08:00:31,91282CLQ2,TSRYS5906509,D,S,T,2024-10-25,1000000.00,3.998668,99.65625
08:00:31,91282CLQ2,TSRYS5906509,D,S,D,2024-10-25,1000000.00,3.998668,99.65625
08:00:31,91282CLQ2,TSRYS5906509,D,S,T,2024-10-25,1000000.00,3.997255,99.66015625
08:00:31,91282CLQ2,TSRYS5906509,D,S,T,2024-10-25,1000000.00,4.001495,99.6484375
08:00:31,91282CLQ2,TSRYS5906509,D,S,T,2024-10-25,1000000.00,4.001495,99.6484375
08:00:31,91282CLQ2,TSRYS5906509,D,S,T,2024-10-25,1000000.00,4.000788,99.650390625
08:00:31,91282CLQ2,TSRYS5906509,D,S,T,2024-10-25,1000000.00,4.000788,99.650390625
08:00:31,91282CLQ2,TSRYS5906509,D,S,T,2024-10-25,1000000.00,4.000788,99.650390625
08:00:31,91282CLQ2,TSRYS5906509,D,S,T,2024-10-25,1000000.00,4.000788,99.650390625
08:00:31,91282CLQ2,TSRYS5906509,D,S,T,2024-10-25,1000000.00,4.000788,99.650390625
08:00:31,91282CLQ2,TSRYS5906509,D,S,T,2024-10-25,1000000.00,4.000788,99.650390625
08:00:31,91282CLQ2,TSRYS5906509,D,S,T,2024-10-25,1000000.00,4.000788,99.650390625
08:00:31,91282CLQ2,TSRYS5906509,D,S,T,2024-10-25,1000000.00,4.000788,99.650390625
08:00:31,91282CLQ2,TSRYS5906509,D,S,T,2024-10-25,1000000.00,3.999375,99.654296875
08:00:31,91282CLQ2,TSRYS5906509,D,S,T,2024-10-25,1000000.00,3.998668,99.65625
08:00:31,91282CLQ2,TSRYS5906509,D,S,T,2024-10-25,1000000.00,3.998668,99.65625
08:00:31,91282CLQ2,TSRYS5906509,D,S,T,2024-10-25,1000000.00,3.998668,99.65625
08:00:31,91282CLQ2,TSRYS5906509,D,S,T,2024-10-25,1000000.00,3.998668,99.65625
08:00:31,91282CLQ2,TSRYS5906509,D,S,D,2024-10-25,1000000.00,3.998668,99.65625
08:00:31,91282CLQ2,TSRYS5906509,D,S,T,2024-10-25,1000000.00,3.997962,99.658203125
08:00:31,91282CLQ2,TSRYS5906509,D,S,T,2024-10-25,1000000.00,3.997962,99.658203125
08:00:31,91282CLQ2,TSRYS5906509,D,S,T,2024-10-25,1000000.00,3.998668,99.65625
08:00:31,91282CLQ2,TSRYS5906509,D,S,D,2024-10-25,1000000.00,3.999375,99.654296875
08:00:31,91282CLQ2,TSRYS5906509,D,S,T,2024-10-25,1000000.00,4.000788,99.650390625
08:00:31,91282CLQ2,TSRYS5906509,D,S,T,2024-10-25,1000000.00,4.000788,99.650390625
08:00:31,91282CLQ2,TSRYS5906509,D,S,T,2024-10-25,1000000.00,4.000788,99.650390625
08:00:31,91282CLQ2,TSRYS5906509,D,S,T,2024-10-25,1000000.00,4.000788,99.650390625
08:00:31,91282CLQ2,TSRYS5906509,D,S,D,2024-10-25,1000000.00,4.000788,99.650390625
08:00:31,91282CLQ2,TSRYS5906509,D,S,T,2024-10-25,1000000.00,4.000082,99.65234375
08:00:31,91282CLQ2,TSRYS5906509,D,S,T,2024-10-25,2000000.00,4.000788,99.650390625
08:00:31,91282CLQ2,TSRYS5906509,D,S,T,2024-10-25,2000000.00,4.001495,99.6484375
08:00:31,91282CLQ2,TSRYS5906509,D,S,T,2024-10-25,1000000.00,4.001495,99.6484375
08:00:31,91282CLQ2,TSRYS5906509,D,S,T,2024-10-25,1000000.00,4.000082,99.65234375
08:00:31,91282CLQ2,TSRYS5906509,D,S,T,2024-10-25,1000000.00,4.000082,99.65234375
08:00:31,91282CLQ2,TSRYS5906509,D,S,T,2024-10-25,1000000.00,4.001495,99.6484375
08:00:31,91282CLQ2,TSRYS5906509,D,S,T,2024-10-25,1000000.00,4.001495,99.6484375
08:00:31,91282CLQ2,TSRYS5906509,D,S,T,2024-10-25,1000000.00,4.001495,99.6484375
08:00:31,91282CLQ2,TSRYS5906509,D,S,T,2024-10-25,1000000.00,4.001495,99.6484375
08:00:31,91282CLQ2,TSRYS5906509,D,S,T,2024-10-25,1000000.00,4.001495,99.6484375
08:00:31,91282CLQ2,TSRYS5906509,D,S,T,2024-10-25,1000000.00,4.001495,99.6484375
08:00:31,91282CLQ2,TSRYS5906509,D,S,T,2024-10-25,1000000.00,4.001495,99.6484375
08:00:31,91282CLQ2,TSRYS5906509,D,S,T,2024-10-25,2000000.00,3.998668,99.65625
08:00:31,91282CLQ2,TSRYS5906509,D,S,T,2024-10-25,1000000.00,4.001495,99.6484375
08:00:31,91282CLQ2,TSRYS5906509,D,S,T,2024-10-25,1000000.00,4.001495,99.6484375
08:00:31,91282CLQ2,TSRYS5906509,D,S,T,2024-10-25,1000000.00,4.001495,99.6484375
08:00:31,91282CLQ2,TSRYS5906509,D,S,T,2024-10-25,1000000.00,4.001495,99.6484375
08:00:31,91282CLQ2,TSRYS5906509,D,S,T,2024-10-25,1000000.00,4.001495,99.6484375
08:00:31,91282CLQ2,TSRYS5906509,D,S,T,2024-10-25,1000000.00,4.002202,99.646484375
08:00:31,91282CLQ2,TSRYS5906509,D,S,T,2024-10-25,1000000.00,4.001495,99.6484375
08:00:31,91282CLQ2,TSRYS5906509,D,S,T,2024-10-25,1000000.00,4.001495,99.6484375
08:00:31,91282CLQ2,TSRYS5906509,D,S,T,2024-10-25,1000000.00,4.000082,99.65234375
08:00:31,91282CLQ2,TSRYS5906509,D,S,T,2024-10-25,1000000.00,4.002909,99.64453125
08:00:31,91282CLQ2,TSRYS5906509,D,S,T,2024-10-25,1000000.00,4.002909,99.64453125
08:00:31,91282CLQ2,TSRYS5906509,D,S,T,2024-10-25,2000000.00,4.002202,99.646484375
08:00:31,91282CLQ2,TSRYS5906509,D,S,T,2024-10-25,1000000.00,4.001495,99.6484375
08:00:31,91282CLQ2,TSRYS5906509,D,S,T,2024-10-25,2000000.00,4.001495,99.6484375
08:00:31,91282CLQ2,TSRYS5906509,D,S,T,2024-10-25,2000000.00,4.001495,99.6484375
08:00:31,91282CLQ2,TSRYS5906509,D,S,T,2024-10-25,1000000.00,4.001495,99.6484375
08:00:32,91282CLQ2,TSRYS5906509,D,S,D,2024-10-25,1000000.00,3.998668,99.65625
08:00:32,91282CLQ2,TSRYS5906509,D,S,D,2024-10-25,1000000.00,3.998668,99.65625
08:00:32,91282CLQ2,TSRYS5906509,D,S,T,2024-10-25,1000000.00,4.001495,99.6484375
08:00:32,91282CLQ2,TSRYS5906509,D,S,T,2024-10-25,1000000.00,4.001495,99.6484375
08:00:32,91282CLQ2,TSRYS5906509,D,S,T,2024-10-25,1000000.00,4.001495,99.6484375
08:00:32,91282CLQ2,TSRYS5906509,D,S,T,2024-10-25,1000000.00,4.001495,99.6484375
08:00:32,91282CLQ2,TSRYS5906509,D,S,T,2024-10-25,1000000.00,4.001495,99.6484375
08:00:32,91282CLQ2,TSRYS5906509,D,S,T,2024-10-25,2000000.00,4.001495,99.6484375
08:00:32,91282CLQ2,TSRYS5906509,D,S,T,2024-10-25,2000000.00,4.001495,99.6484375
08:00:32,91282CLQ2,TSRYS5906509,D,S,T,2024-10-25,1000000.00,4.001495,99.6484375
08:00:32,91282CLQ2,TSRYS5906509,D,S,T,2024-10-25,2000000.00,4.001495,99.6484375
08:00:32,91282CLQ2,TSRYS5906509,D,S,T,2024-10-25,2000000.00,4.001495,99.6484375
08:00:32,91282CLQ2,TSRYS5906509,D,S,T,2024-10-25,2000000.00,4.001495,99.6484375
08:00:32,91282CLQ2,TSRYS5906509,D,S,T,2024-10-25,2000000.00,4.001495,99.6484375
08:00:32,91282CLQ2,TSRYS5906509,D,S,T,2024-10-25,2000000.00,4.001495,99.6484375
08:00:32,91282CLQ2,TSRYS5906509,D,S,T,2024-10-25,2000000.00,4.001495,99.6484375
08:00:32,91282CLQ2,TSRYS5906509,D,S,T,2024-10-25,2000000.00,4.001495,99.6484375
08:00:32,91282CLQ2,TSRYS5906509,D,S,T,2024-10-25,2000000.00,4.001495,99.6484375
08:00:32,91282CLQ2,TSRYS5906509,D,S,T,2024-10-25,2000000.00,4.001495,99.6484375
08:00:32,91282CLQ2,TSRYS5906509,D,S,T,2024-10-25,2000000.00,4.001495,99.6484375
08:00:32,91282CLQ2,TSRYS5906509,D,S,T,2024-10-25,1000000.00,4.001495,99.6484375
08:00:32,91282CLQ2,TSRYS5906509,D,S,T,2024-10-25,1000000.00,4.000082,99.65234375
08:00:32,91282CLQ2,TSRYS5906509,D,S,T,2024-10-25,2000000.00,3.999375,99.654296875
08:00:32,91282CLQ2,TSRYS5906509,D,S,T,2024-10-25,2000000.00,3.998668,99.65625
08:00:32,91282CLQ2,TSRYS5906509,D,S,D,2024-10-25,1000000.00,3.999375,99.654296875
08:00:32,91282CLQ2,TSRYS5906509,D,S,T,2024-10-25,1000000.00,4.000082,99.65234375
08:00:32,91282CLQ2,TSRYS5906509,D,S,T,2024-10-25,1000000.00,3.998668,99.65625
08:00:32,91282CLQ2,TSRYS5906509,D,S,T,2024-10-25,1000000.00,3.998668,99.65625
08:00:32,91282CLQ2,TSRYS5906509,D,S,T,2024-10-25,1000000.00,4.000082,99.65234375
08:00:32,91282CLQ2,TSRYS5906509,D,S,T,2024-10-25,1000000.00,4.000082,99.65234375
08:00:32,91282CLQ2,TSRYS5906509,D,S,T,2024-10-25,1000000.00,4.000082,99.65234375
08:00:32,91282CLQ2,TSRYS5906509,D,S,T,2024-10-25,2000000.00,4.000082,99.65234375
08:00:32,91282CLQ2,TSRYS5906509,D,S,T,2024-10-25,1000000.00,4.000082,99.65234375
08:00:32,91282CLQ2,TSRYS5906509,D,S,T,2024-10-25,1000000.00,4.000082,99.65234375
08:00:32,91282CLQ2,TSRYS5906509,D,S,T,2024-10-25,2000000.00,4.001495,99.6484375
08:00:32,91282CLQ2,TSRYS5906509,D,S,T,2024-10-25,2000000.00,4.001495,99.6484375
08:00:32,91282CLQ2,TSRYS5906509,D,S,T,2024-10-25,2000000.00,4.001495,99.6484375
08:00:32,91282CLQ2,TSRYS5906509,D,S,T,2024-10-25,1000000.00,4.001495,99.6484375
08:00:32,91282CLQ2,TSRYS5906509,D,S,T,2024-10-25,1000000.00,4.001495,99.6484375
08:00:32,91282CLQ2,TSRYS5906509,D,S,T,2024-10-25,1000000.00,4.001495,99.6484375
08:00:32,91282CLQ2,TSRYS5906509,D,S,T,2024-10-25,1000000.00,4.001495,99.6484375
08:00:32,91282CLQ2,TSRYS5906509,D,S,T,2024-10-25,1000000.00,4.001495,99.6484375
08:00:32,91282CLQ2,TSRYS5906509,D,S,T,2024-10-25,1000000.00,4.001495,99.6484375
08:00:32,91282CLQ2,TSRYS5906509,D,S,T,2024-10-25,1000000.00,4.001495,99.6484375
08:00:32,91282CLQ2,TSRYS5906509,D,S,T,2024-10-25,1000000.00,4.001495,99.6484375
08:00:32,91282CLQ2,TSRYS5906509,D,S,T,2024-10-25,1000000.00,4.001495,99.6484375
08:00:32,91282CLQ2,TSRYS5906509,D,S,T,2024-10-25,1000000.00,4.001495,99.6484375
08:00:32,91282CLQ2,TSRYS5906509,D,S,T,2024-10-25,1000000.00,4.001495,99.6484375
08:00:32,91282CLQ2,TSRYS5906509,D,S,T,2024-10-25,1000000.00,4.001495,99.6484375
08:00:32,91282CLQ2,TSRYS5906509,D,S,T,2024-10-25,1000000.00,4.001495,99.6484375
08:00:32,91282CLQ2,TSRYS5906509,D,S,T,2024-10-25,1000000.00,4.001495,99.6484375
08:00:32,91282CLQ2,TSRYS5906509,D,S,T,2024-10-25,1000000.00,4.001495,99.6484375
08:00:32,91282CLQ2,TSRYS5906509,D,S,T,2024-10-25,1000000.00,4.001495,99.6484375
08:00:32,91282CLQ2,TSRYS5906509,D,S,T,2024-10-25,1000000.00,4.001495,99.6484375
08:00:32,91282CLQ2,TSRYS5906509,D,S,T,2024-10-25,1000000.00,4.001495,99.6484375
08:00:32,91282CLQ2,TSRYS5906509,D,S,T,2024-10-25,1000000.00,4.001495,99.6484375
08:00:32,91282CLQ2,TSRYS5906509,D,S,T,2024-10-25,1000000.00,4.001495,99.6484375
08:00:32,91282CLQ2,TSRYS5906509,D,S,T,2024-10-25,1000000.00,4.002909,99.64453125
08:00:32,91282CLQ2,TSRYS5906509,D,S,T,2024-10-25,2000000.00,4.002909,99.64453125
08:00:32,91282CLQ2,TSRYS5906509,D,S,T,2024-10-25,1000000.00,4.002909,99.64453125
08:00:32,91282CLQ2,TSRYS5906509,D,S,T,2024-10-25,1000000.00,4.002909,99.64453125
08:00:32,91282CLQ2,TSRYS5906509,D,S,T,2024-10-25,1000000.00,4.002909,99.64453125
08:00:32,91282CLQ2,TSRYS5906509,D,S,T,2024-10-25,1000000.00,4.002909,99.64453125
08:00:32,91282CLQ2,TSRYS5906509,D,S,T,2024-10-25,2000000.00,4.002909,99.64453125
08:00:32,91282CLQ2,TSRYS5906509,D,S,T,2024-10-25,1000000.00,4.002909,99.64453125
08:00:32,91282CLQ2,TSRYS5906509,D,S,T,2024-10-25,1000000.00,4.001495,99.6484375
08:00:32,91282CLQ2,TSRYS5906509,D,S,T,2024-10-25,1000000.00,4.001495,99.6484375
08:00:32,91282CLQ2,TSRYS5906509,D,S,T,2024-10-25,2000000.00,4.001495,99.6484375
08:00:32,91282CLQ2,TSRYS5906509,D,S,T,2024-10-25,2000000.00,4.001495,99.6484375
08:00:32,91282CLQ2,TSRYS5906509,D,S,T,2024-10-25,2000000.00,4.001495,99.6484375
08:00:32,91282CLQ2,TSRYS5906509,D,S,T,2024-10-25,2000000.00,4.001495,99.6484375
08:00:32,91282CLQ2,TSRYS5906509,D,S,T,2024-10-25,2000000.00,4.001495,99.6484375
08:00:32,91282CLQ2,TSRYS5906509,D,S,T,2024-10-25,2000000.00,4.001495,99.6484375
08:00:32,91282CLQ2,TSRYS5906509,D,S,T,2024-10-25,1000000.00,4.000082,99.65234375
08:00:32,91282CLQ2,TSRYS5906509,D,S,T,2024-10-25,1000000.00,4.000082,99.65234375
08:00:32,91282CLQ2,TSRYS5906509,D,S,T,2024-10-25,1000000.00,4.000082,99.65234375
08:00:32,91282CLQ2,TSRYS5906509,D,S,T,2024-10-25,1000000.00,4.000082,99.65234375
08:00:32,91282CLQ2,TSRYS5906509,D,S,D,2024-10-25,1000000.00,4.000082,99.65234375
08:00:32,91282CLQ2,TSRYS5906509,D,S,D,2024-10-25,1000000.00,3.998668,99.65625
08:00:32,91282CLQ2,TSRYS5906509,D,S,T,2024-10-25,2000000.00,4.001495,99.6484375
08:00:32,91282CLQ2,TSRYS5906509,D,S,T,2024-10-25,2000000.00,4.001495,99.6484375
08:00:32,91282CLQ2,TSRYS5906509,D,S,T,2024-10-25,1000000.00,4.000082,99.65234375
08:00:32,91282CLQ2,TSRYS5906509,D,S,T,2024-10-25,1000000.00,4.000082,99.65234375
08:00:32,91282CLQ2,TSRYS5906509,D,S,T,2024-10-25,1000000.00,4.000082,99.65234375
08:00:32,91282CLQ2,TSRYS5906509,D,S,T,2024-10-25,1000000.00,4.000082,99.65234375
08:00:32,91282CLQ2,TSRYS5906509,D,S,T,2024-10-25,1000000.00,4.000082,99.65234375
08:00:32,91282CLQ2,TSRYS5906509,D,S,T,2024-10-25,1000000.00,4.000082,99.65234375
08:00:32,91282CLQ2,TSRYS5906509,D,S,T,2024-10-25,1000000.00,3.998668,99.65625
08:00:32,91282CLQ2,TSRYS5906509,D,S,T,2024-10-25,1000000.00,3.998668,99.65625
08:00:32,91282CLQ2,TSRYS5906509,D,S,T,2024-10-25,1000000.00,3.998668,99.65625
08:00:32,91282CLQ2,TSRYS5906509,D,S,T,2024-10-25,1000000.00,3.998668,99.65625
08:00:32,91282CLQ2,TSRYS5906509,D,S,T,2024-10-25,1000000.00,3.997962,99.658203125
08:00:32,91282CLQ2,TSRYS5906509,D,S,T,2024-10-25,1000000.00,4.000082,99.65234375
08:00:32,91282CLQ2,TSRYS5906509,D,S,T,2024-10-25,1000000.00,3.998668,99.65625
08:00:32,91282CLQ2,TSRYS5906509,D,S,T,2024-10-25,1000000.00,3.998668,99.65625
08:00:32,91282CLQ2,TSRYS5906509,D,S,T,2024-10-25,1000000.00,3.998668,99.65625
08:00:32,91282CLQ2,TSRYS5906509,D,S,T,2024-10-25,1000000.00,3.998668,99.65625
08:00:32,91282CLQ2,TSRYS5906509,D,S,T,2024-10-25,1000000.00,3.998668,99.65625
08:00:32,91282CLQ2,TSRYS5906509,D,S,T,2024-10-25,1000000.00,3.998668,99.65625
08:00:32,91282CLQ2,TSRYS5906509,D,S,T,2024-10-25,1000000.00,3.998668,99.65625
08:00:32,91282CLQ2,TSRYS5906509,D,S,T,2024-10-25,1000000.00,3.998668,99.65625
08:00:32,91282CLQ2,TSRYS5906509,D,S,T,2024-10-25,1000000.00,3.998668,99.65625
08:00:32,91282CLQ2,TSRYS5906509,D,S,T,2024-10-25,1000000.00,3.998668,99.65625
08:00:32,91282CLQ2,TSRYS5906509,D,S,T,2024-10-25,2000000.00,3.998668,99.65625
08:00:32,91282CLQ2,TSRYS5906509,D,S,T,2024-10-25,1000000.00,3.998668,99.65625
08:00:32,91282CLQ2,TSRYS5906509,D,S,T,2024-10-25,1000000.00,3.998668,99.65625
08:00:32,91282CLQ2,TSRYS5906509,D,S,T,2024-10-25,2000000.00,3.998668,99.65625
08:00:32,91282CLQ2,TSRYS5906509,D,S,T,2024-10-25,1000000.00,3.998668,99.65625
08:00:32,91282CLQ2,TSRYS5906509,D,S,T,2024-10-25,1000000.00,3.998668,99.65625
08:00:32,91282CLQ2,TSRYS5906509,D,S,T,2024-10-25,1000000.00,3.998668,99.65625
08:00:32,91282CLQ2,TSRYS5906509,D,S,T,2024-10-25,1000000.00,3.998668,99.65625
08:00:32,91282CLQ2,TSRYS5906509,D,S,T,2024-10-25,2000000.00,3.998668,99.65625
08:00:32,91282CLQ2,TSRYS5906509,D,S,T,2024-10-25,1000000.00,3.998668,99.65625
08:00:32,91282CLQ2,TSRYS5906509,D,S,T,2024-10-25,2000000.00,3.998668,99.65625
08:00:32,91282CLQ2,TSRYS5906509,D,S,T,2024-10-25,2000000.00,3.998668,99.65625
08:00:32,91282CLQ2,TSRYS5906509,D,S,T,2024-10-25,2000000.00,3.998668,99.65625
08:00:32,91282CLQ2,TSRYS5906509,D,S,T,2024-10-25,2000000.00,3.998668,99.65625
08:00:32,91282CLQ2,TSRYS5906509,D,S,T,2024-10-25,2000000.00,3.998668,99.65625
08:00:32,91282CLQ2,TSRYS5906509,D,S,T,2024-10-25,1000000.00,3.997255,99.66015625
08:00:32,91282CLQ2,TSRYS5906509,D,S,T,2024-10-25,1000000.00,3.995842,99.6640625
08:00:32,91282CLQ2,TSRYS5906509,D,S,T,2024-10-25,2000000.00,3.995842,99.6640625
08:00:32,91282CLQ2,TSRYS5906509,D,S,T,2024-10-25,1000000.00,3.995842,99.6640625
08:00:32,91282CLQ2,TSRYS5906509,D,S,T,2024-10-25,1000000.00,3.991603,99.67578125
08:00:32,91282CLQ2,TSRYS5906509,D,S,T,2024-10-25,1000000.00,3.991603,99.67578125
08:00:32,91282CLQ2,TSRYS5906509,D,S,T,2024-10-25,1000000.00,3.99019,99.6796875
08:00:32,91282CLQ2,TSRYS5906509,D,S,T,2024-10-25,1000000.00,3.99019,99.6796875
08:00:32,91282CLQ2,TSRYS5906509,D,S,T,2024-10-25,1000000.00,3.988777,99.68359375
08:00:32,91282CLQ2,TSRYS5906509,D,S,T,2024-10-25,1000000.00,3.987364,99.6875
08:00:32,91282CLQ2,TSRYS5906509,D,S,T,2024-10-25,1000000.00,3.987364,99.6875
08:00:32,91282CLQ2,TSRYS5906509,D,S,T,2024-10-25,1000000.00,3.988777,99.68359375
08:00:32,91282CLQ2,TSRYS5906509,D,S,T,2024-10-25,1000000.00,3.988777,99.68359375
08:00:32,91282CLQ2,TSRYS5906509,D,S,T,2024-10-25,1000000.00,3.99019,99.6796875
08:00:32,91282CLQ2,TSRYS5906509,D,S,T,2024-10-25,1000000.00,3.99019,99.6796875
08:00:32,91282CLQ2,TSRYS5906509,D,S,T,2024-10-25,1000000.00,3.988777,99.68359375
08:00:32,91282CLQ2,TSRYS5906509,D,S,T,2024-10-25,2000000.00,3.985952,99.69140625
08:00:32,91282CLQ2,TSRYS5906509,D,S,T,2024-10-25,2000000.00,3.985952,99.69140625
08:00:32,91282CLQ2,TSRYS5906509,D,S,T,2024-10-25,1000000.00,3.985952,99.69140625
08:00:32,91282CLQ2,TSRYS5906509,D,S,T,2024-10-25,1000000.00,3.985952,99.69140625
08:00:32,91282CLQ2,TSRYS5906509,D,S,T,2024-10-25,1000000.00,3.985952,99.69140625
08:00:32,91282CLQ2,TSRYS5906509,D,S,T,2024-10-25,1000000.00,3.985952,99.69140625
08:00:32,91282CLQ2,TSRYS5906509,D,S,T,2024-10-25,1000000.00,3.985952,99.69140625
08:00:32,91282CLQ2,TSRYS5906509,D,S,T,2024-10-25,1000000.00,3.985952,99.69140625
08:00:32,91282CLQ2,TSRYS5906509,D,S,T,2024-10-25,1000000.00,3.985245,99.693359375
08:00:32,91282CLQ2,TSRYS5906509,D,S,T,2024-10-25,1000000.00,3.985952,99.69140625
08:00:32,91282CLQ2,TSRYS5906509,D,S,T,2024-10-25,1000000.00,3.985952,99.69140625
08:00:32,91282CLQ2,TSRYS5906509,D,S,T,2024-10-25,1000000.00,3.985952,99.69140625
08:00:32,91282CLQ2,TSRYS5906509,D,S,T,2024-10-25,1000000.00,3.985952,99.69140625
08:00:32,91282CLQ2,TSRYS5906509,D,S,T,2024-10-25,1000000.00,3.985952,99.69140625
08:00:32,91282CLQ2,TSRYS5906509,D,S,T,2024-10-25,1000000.00,3.985952,99.69140625
08:00:32,91282CLQ2,TSRYS5906509,D,S,T,2024-10-25,1000000.00,3.985952,99.69140625
08:00:32,91282CLQ2,TSRYS5906509,D,S,D,2024-10-25,2000000.00,4.002202,99.646484375
08:00:32,91282CLQ2,TSRYS5906509,D,S,D,2024-10-25,1000000.00,4.002202,99.646484375
08:00:32,91282CLQ2,TSRYS5906509,D,S,D,2024-10-25,1000000.00,4.003615,99.642578125
08:00:32,91282CLQ2,TSRYS5906509,D,S,T,2024-10-25,1000000.00,4.002909,99.64453125
08:00:32,91282CLQ2,TSRYS5906509,D,S,T,2024-10-25,1000000.00,3.99019,99.6796875
08:00:32,91282CLQ2,TSRYS5906509,D,S,D,2024-10-25,1000000.00,3.99019,99.6796875
08:00:32,91282CLQ2,TSRYS5906509,D,B,C,2024-10-25,2000000.00,3.991603,99.67578125
08:00:32,91282CLQ2,TSRYS5906509,D,S,D,2024-10-25,1000000.00,3.989483,99.681640625
08:00:32,91282CLQ2,TSRYS5906509,D,S,D,2024-10-25,1000000.00,3.995842,99.6640625
08:00:32,91282CLQ2,TSRYS5906509,D,S,D,2024-10-25,1000000.00,3.988777,99.68359375
08:00:32,91282CLQ2,TSRYS5906509,D,S,D,2024-10-25,2000000.00,4.000082,99.65234375
08:00:32,91282CLQ2,TSRYS5906509,D,S,D,2024-10-25,1000000.00,4.000082,99.65234375
08:00:32,91282CLQ2,TSRYS5906509,D,S,T,2024-10-25,1000000.00,4.001495,99.6484375
08:00:32,91282CLQ2,TSRYS5906509,D,S,T,2024-10-25,1000000.00,4.001495,99.6484375
08:00:32,91282CLQ2,TSRYS5906509,D,S,D,2024-10-25,2000000.00,4.001495,99.6484375
08:00:32,91282CLQ2,TSRYS5906509,D,S,D,2024-10-25,1000000.00,4.002202,99.646484375
08:00:32,91282CLQ2,TSRYS5906509,D,S,T,2024-10-25,1000000.00,3.983126,99.69921875
08:00:32,91282CLQ2,TSRYS5906509,D,S,T,2024-10-25,1000000.00,3.981714,99.703125
08:00:32,91282CLQ2,TSRYS5906509,D,S,T,2024-10-25,2000000.00,3.985245,99.693359375
08:00:32,91282CLQ2,TSRYS5906509,D,S,D,2024-10-25,1000000.00,3.988777,99.68359375
08:00:32,91282CLQ2,TSRYS5906509,D,S,T,2024-10-25,1000000.00,3.987364,99.6875
08:00:32,91282CLQ2,TSRYS5906509,D,S,T,2024-10-25,1000000.00,3.987364,99.6875
08:00:32,91282CLQ2,TSRYS5906509,D,S,T,2024-10-25,2000000.00,3.987364,99.6875
08:00:32,91282CLQ2,TSRYS5906509,D,S,T,2024-10-25,1000000.00,3.987364,99.6875
08:00:32,91282CLQ2,TSRYS5906509,D,S,T,2024-10-25,1000000.00,3.987364,99.6875
08:00:32,91282CLQ2,TSRYS5906509,D,S,T,2024-10-25,2000000.00,3.989483,99.681640625
08:00:32,91282CLQ2,TSRYS5906509,D,S,T,2024-10-25,1000000.00,3.989483,99.681640625
08:00:32,91282CLQ2,TSRYS5906509,D,S,T,2024-10-25,1000000.00,3.989483,99.681640625
08:00:32,91282CLQ2,TSRYS5906509,D,S,D,2024-10-25,1000000.00,3.988071,99.685546875
08:00:32,91282CLQ2,TSRYS5906509,D,S,T,2024-10-25,2000000.00,3.987364,99.6875
08:00:32,91282CLQ2,TSRYS5906509,D,S,D,2024-10-25,2000000.00,4.000788,99.650390625
08:00:32,91282CLQ2,TSRYS5906509,D,S,D,2024-10-25,1000000.00,3.999375,99.654296875
08:00:32,91282CLQ2,TSRYS5906509,D,S,D,2024-10-25,2000000.00,3.998668,99.65625
08:00:32,91282CLQ2,TSRYS5906509,D,S,D,2024-10-25,1000000.00,3.991603,99.67578125
08:00:32,91282CLQ2,TSRYS5906509,D,S,D,2024-10-25,1000000.00,3.989483,99.681640625
08:00:32,91282CLQ2,TSRYS5906509,D,S,D,2024-10-25,2000000.00,3.987364,99.6875
08:00:32,91282CLQ2,TSRYS5906509,D,S,D,2024-10-25,2000000.00,3.986658,99.689453125
08:00:32,91282CLQ2,TSRYS5906509,D,S,D,2024-10-25,1000000.00,3.994429,99.66796875
08:00:32,91282CLQ2,TSRYS5906509,D,S,D,2024-10-25,1000000.00,3.994429,99.66796875
08:00:32,91282CLQ2,TSRYS5906509,D,S,D,2024-10-25,1000000.00,3.996549,99.662109375
08:00:32,91282CLQ2,TSRYS5906509,D,S,D,2024-10-25,1000000.00,3.996549,99.662109375
08:00:32,91282CLQ2,TSRYS5906509,D,S,D,2024-10-25,2000000.00,3.991603,99.67578125
08:00:32,91282CLQ2,TSRYS5906509,D,S,D,2024-10-25,1000000.00,3.998668,99.65625
08:00:32,91282CLQ2,TSRYS5906509,D,S,D,2024-10-25,1000000.00,3.998668,99.65625
08:00:32,91282CLQ2,TSRYS5906509,D,S,D,2024-10-25,1000000.00,3.998668,99.65625
08:00:32,91282CLQ2,TSRYS5906509,D,S,D,2024-10-25,1000000.00,4.000788,99.650390625
08:00:32,91282CLQ2,TSRYS5906509,D,S,D,2024-10-25,1000000.00,4.000788,99.650390625
08:00:32,91282CLQ2,TSRYS5906509,D,S,D,2024-10-25,1000000.00,4.000788,99.650390625
08:00:32,91282CLQ2,TSRYS5906509,D,S,D,2024-10-25,1000000.00,4.000788,99.650390625
08:00:32,91282CLQ2,TSRYS5906509,D,S,D,2024-10-25,1000000.00,4.000788,99.650390625
08:00:32,91282CLQ2,TSRYS5906509,D,S,D,2024-10-25,1000000.00,4.000788,99.650390625
08:00:32,91282CLQ2,TSRYS5906509,D,S,D,2024-10-25,1000000.00,3.999375,99.654296875
08:00:32,91282CLQ2,TSRYS5906509,D,S,D,2024-10-25,1000000.00,3.998668,99.65625
08:00:32,91282CLQ2,TSRYS5906509,D,S,D,2024-10-25,1000000.00,3.998668,99.65625
08:00:32,91282CLQ2,TSRYS5906509,D,S,D,2024-10-25,1000000.00,3.998668,99.65625
08:00:32,91282CLQ2,TSRYS5906509,D,S,D,2024-10-25,1000000.00,3.998668,99.65625
08:00:32,91282CLQ2,TSRYS5906509,D,S,D,2024-10-25,1000000.00,3.998668,99.65625
08:00:32,91282CLQ2,TSRYS5906509,D,S,D,2024-10-25,1000000.00,3.998668,99.65625
08:00:32,91282CLQ2,TSRYS5906509,D,S,D,2024-10-25,1000000.00,3.997962,99.658203125
08:00:32,91282CLQ2,TSRYS5906509,D,S,D,2024-10-25,1000000.00,3.997962,99.658203125
08:00:32,91282CLQ2,TSRYS5906509,D,S,D,2024-10-25,1000000.00,4.000788,99.650390625
08:00:32,91282CLQ2,TSRYS5906509,D,S,D,2024-10-25,2000000.00,4.002202,99.646484375
08:00:32,91282CLQ2,TSRYS5906509,D,S,D,2024-10-25,2000000.00,4.001495,99.6484375
08:00:32,91282CLQ2,TSRYS5906509,D,S,D,2024-10-25,1000000.00,4.001495,99.6484375
08:00:32,91282CLQ2,TSRYS5906509,D,S,D,2024-10-25,1000000.00,3.998668,99.65625
08:00:32,91282CLQ2,TSRYS5906509,D,S,D,2024-10-25,2000000.00,3.989483,99.681640625
08:00:32,91282CLQ2,TSRYS5906509,D,S,D,2024-10-25,2000000.00,3.988777,99.68359375
08:00:32,91282CLQ2,TSRYS5906509,D,S,D,2024-10-25,1000000.00,3.985952,99.69140625
08:00:32,91282CLQ2,TSRYS5906509,D,S,D,2024-10-25,1000000.00,3.985952,99.69140625
08:00:32,91282CLQ2,TSRYS5906509,D,S,D,2024-10-25,2000000.00,3.985952,99.69140625
08:00:32,91282CLQ2,TSRYS5906509,D,S,D,2024-10-25,2000000.00,3.985245,99.693359375
08:00:32,91282CLQ2,TSRYS5906509,D,S,D,2024-10-25,2000000.00,3.985245,99.693359375
08:00:32,91282CLQ2,TSRYS5906509,D,S,D,2024-10-25,2000000.00,3.988071,99.685546875
08:00:32,91282CLQ2,TSRYS5906509,D,S,D,2024-10-25,1000000.00,3.988071,99.685546875
08:00:32,91282CLQ2,TSRYS5906509,D,S,D,2024-10-25,1000000.00,3.988071,99.685546875
08:00:32,91282CLQ2,TSRYS5906509,D,S,D,2024-10-25,1000000.00,3.988071,99.685546875
08:00:32,91282CLQ2,TSRYS5906509,D,S,D,2024-10-25,1000000.00,3.983126,99.69921875
08:00:32,91282CLQ2,TSRYS5906509,D,S,D,2024-10-25,1000000.00,3.985952,99.69140625
08:00:32,91282CLQ2,TSRYS5906509,D,S,D,2024-10-25,1000000.00,3.985952,99.69140625
08:00:32,91282CLQ2,TSRYS5906509,D,S,D,2024-10-25,1000000.00,3.986658,99.689453125
08:00:32,91282CLQ2,TSRYS5906509,D,S,D,2024-10-25,1000000.00,3.985245,99.693359375
08:00:32,91282CLQ2,TSRYS5906509,D,S,D,2024-10-25,2000000.00,3.985952,99.69140625
08:00:32,91282CLQ2,TSRYS5906509,D,S,D,2024-10-25,2000000.00,3.985952,99.69140625
08:00:32,91282CLQ2,TSRYS5906509,D,S,D,2024-10-25,1000000.00,3.984539,99.6953125
08:00:32,91282CLQ2,TSRYS5906509,D,S,D,2024-10-25,2000000.00,3.985245,99.693359375
08:00:32,91282CLQ2,TSRYS5906509,D,S,D,2024-10-25,3000000.00,3.985245,99.693359375
08:00:32,91282CLQ2,TSRYS5906509,D,S,D,2024-10-25,1000000.00,3.983126,99.69921875
08:00:32,91282CLQ2,TSRYS5906509,D,S,D,2024-10-25,2000000.00,3.983126,99.69921875
08:00:32,91282CLQ2,TSRYS5906509,D,S,D,2024-10-25,2000000.00,3.983126,99.69921875
08:00:32,91282CLQ2,TSRYS5906509,D,S,D,2024-10-25,2000000.00,3.988777,99.68359375
08:00:32,91282CLQ2,TSRYS5906509,D,S,D,2024-10-25,2000000.00,3.988777,99.68359375
08:00:32,91282CLQ2,TSRYS5906509,D,S,D,2024-10-25,2000000.00,3.988777,99.68359375
08:00:32,91282CLQ2,TSRYS5906509,D,S,D,2024-10-25,2000000.00,3.988071,99.685546875
08:00:32,91282CLQ2,TSRYS5906509,D,S,D,2024-10-25,2000000.00,3.988071,99.685546875
08:00:32,91282CLQ2,TSRYS5906509,D,S,D,2024-10-25,1000000.00,3.988071,99.685546875
08:00:32,91282CLQ2,TSRYS5906509,D,S,T,2024-10-25,1000000.00,4.00927,99.626953125
08:00:32,91282CLQ2,TSRYS5906509,D,S,T,2024-10-25,1000000.00,4.00927,99.626953125
08:00:32,91282CLQ2,TSRYS5906509,D,S,T,2024-10-25,2000000.00,4.009977,99.625
08:00:32,91282CLQ2,TSRYS5906509,D,S,T,2024-10-25,2000000.00,4.009977,99.625
08:00:32,91282CLQ2,TSRYS5906509,D,S,T,2024-10-25,2000000.00,4.005736,99.63671875
08:00:32,91282CLQ2,TSRYS5906509,D,S,T,2024-10-25,2000000.00,4.005736,99.63671875
08:00:32,91282CLQ2,TSRYS5906509,D,S,T,2024-10-25,2000000.00,4.005736,99.63671875
08:00:32,91282CLQ2,TSRYS5906509,D,S,T,2024-10-25,1000000.00,4.006442,99.634765625
08:00:32,91282CLQ2,TSRYS5906509,D,S,T,2024-10-25,1000000.00,4.006442,99.634765625
08:00:32,91282CLQ2,TSRYS5906509,D,S,T,2024-10-25,2000000.00,4.005736,99.63671875
08:00:32,91282CLQ2,TSRYS5906509,D,S,T,2024-10-25,2000000.00,4.005736,99.63671875
08:00:32,91282CLQ2,TSRYS5906509,D,S,T,2024-10-25,1000000.00,4.011391,99.62109375
08:00:32,91282CLQ2,TSRYS5906509,D,S,T,2024-10-25,1000000.00,4.009977,99.625
08:00:32,91282CLQ2,TSRYS5906509,D,S,T,2024-10-25,2000000.00,4.00927,99.626953125
08:00:32,91282CLQ2,TSRYS5906509,D,S,T,2024-10-25,2000000.00,4.00927,99.626953125
08:00:32,91282CLQ2,TSRYS5906509,D,S,T,2024-10-25,1000000.00,4.007149,99.6328125
08:00:32,91282CLQ2,TSRYS5906509,D,S,T,2024-10-25,1000000.00,4.007149,99.6328125
08:00:32,91282CLQ2,TSRYS5906509,D,S,T,2024-10-25,1000000.00,4.007149,99.6328125
08:00:32,91282CLQ2,TSRYS5906509,D,S,T,2024-10-25,1000000.00,4.007149,99.6328125
08:00:32,91282CLQ2,TSRYS5906509,D,S,T,2024-10-25,1000000.00,4.007149,99.6328125
08:00:32,91282CLQ2,TSRYS5906509,D,S,T,2024-10-25,1000000.00,4.007149,99.6328125
08:00:32,91282CLQ2,TSRYS5906509,D,S,T,2024-10-25,1000000.00,4.006442,99.634765625
08:00:32,91282CLQ2,TSRYS5906509,D,S,T,2024-10-25,1000000.00,4.006442,99.634765625
08:00:32,91282CLQ2,TSRYS5906509,D,S,T,2024-10-25,1000000.00,4.005029,99.638671875
08:00:32,91282CLQ2,TSRYS5906509,D,S,T,2024-10-25,1000000.00,4.002202,99.646484375
08:00:32,91282CLQ2,TSRYS5906509,D,S,T,2024-10-25,1000000.00,4.002202,99.646484375
08:00:32,91282CLQ2,TSRYS5906509,D,S,T,2024-10-25,1000000.00,4.002202,99.646484375
08:00:32,91282CLQ2,TSRYS5906509,D,S,T,2024-10-25,1000000.00,4.002909,99.64453125
08:00:32,91282CLQ2,TSRYS5906509,D,S,T,2024-10-25,2000000.00,4.002909,99.64453125
08:00:32,91282CLQ2,TSRYS5906509,D,S,T,2024-10-25,1000000.00,4.002909,99.64453125
08:00:32,91282CLQ2,TSRYS5906509,D,S,T,2024-10-25,1000000.00,4.002909,99.64453125
08:00:32,91282CLQ2,TSRYS5906509,D,S,T,2024-10-25,1000000.00,4.003615,99.642578125
08:00:32,91282CLQ2,TSRYS5906509,D,S,T,2024-10-25,1000000.00,3.999375,99.654296875
08:00:33,91282CLQ2,TSRYS5906509,D,S,T,2024-10-25,1000000.00,4.001495,99.6484375
08:00:33,91282CLQ2,TSRYS5906509,D,S,T,2024-10-25,2000000.00,4.001495,99.6484375
08:00:33,91282CLQ2,TSRYS5906509,D,S,T,2024-10-25,2000000.00,4.001495,99.6484375
08:00:33,91282CLQ2,TSRYS5906509,D,S,T,2024-10-25,1000000.00,4.001495,99.6484375
08:00:33,91282CLQ2,TSRYS5906509,D,S,T,2024-10-25,2000000.00,4.003615,99.642578125
08:00:33,91282CLQ2,TSRYS5906509,D,S,T,2024-10-25,2000000.00,4.003615,99.642578125
08:00:33,91282CLQ2,TSRYS5906509,D,S,T,2024-10-25,2000000.00,4.002909,99.64453125
08:00:33,91282CLQ2,TSRYS5906509,D,S,T,2024-10-25,2000000.00,4.002909,99.64453125
08:00:33,91282CLQ2,TSRYS5906509,D,S,T,2024-10-25,1000000.00,4.002909,99.64453125
08:00:33,91282CLQ2,TSRYS5906509,D,S,T,2024-10-25,2000000.00,4.002909,99.64453125
08:00:33,91282CLQ2,TSRYS5906509,D,S,T,2024-10-25,1000000.00,4.002909,99.64453125
08:00:33,91282CLQ2,TSRYS5906509,D,S,T,2024-10-25,2000000.00,4.002909,99.64453125
08:00:33,91282CLQ2,TSRYS5906509,D,S,T,2024-10-25,2000000.00,4.002909,99.64453125
08:00:33,91282CLQ2,TSRYS5906509,D,S,T,2024-10-25,1000000.00,3.998668,99.65625
08:00:33,91282CLQ2,TSRYS5906509,D,S,D,2024-10-25,2000000.00,3.999375,99.654296875
08:00:33,91282CLQ2,TSRYS5906509,D,S,D,2024-10-25,2000000.00,3.999375,99.654296875
08:00:33,91282CLQ2,TSRYS5906509,D,S,D,2024-10-25,2000000.00,3.999375,99.654296875
08:00:33,91282CLQ2,TSRYS5906509,D,S,D,2024-10-25,2000000.00,3.999375,99.654296875
08:00:33,91282CLQ2,TSRYS5906509,D,S,T,2024-10-25,1000000.00,3.995135,99.666015625
08:00:33,91282CLQ2,TSRYS5906509,D,S,T,2024-10-25,1000000.00,3.995135,99.666015625
08:00:33,91282CLQ2,TSRYS5906509,D,S,T,2024-10-25,1000000.00,3.989483,99.681640625
08:00:33,91282CLQ2,TSRYS5906509,D,S,T,2024-10-25,2000000.00,3.986658,99.689453125
08:00:33,91282CLQ2,TSRYS5906509,D,S,T,2024-10-25,1000000.00,3.986658,99.689453125
08:00:33,91282CLQ2,TSRYS5906509,D,S,T,2024-10-25,2000000.00,3.986658,99.689453125
08:00:33,91282CLQ2,TSRYS5906509,D,S,T,2024-10-25,2000000.00,3.989483,99.681640625
08:00:33,91282CLQ2,TSRYS5906509,D,S,T,2024-10-25,1000000.00,3.989483,99.681640625
08:00:33,91282CLQ2,TSRYS5906509,D,S,T,2024-10-25,2000000.00,3.991603,99.67578125
08:00:33,91282CLQ2,TSRYS5906509,D,S,T,2024-10-25,2000000.00,3.991603,99.67578125
08:00:33,91282CLQ2,TSRYS5906509,D,S,T,2024-10-25,1000000.00,3.994429,99.66796875
08:00:33,91282CLQ2,TSRYS5906509,D,S,T,2024-10-25,2000000.00,3.994429,99.66796875
08:00:33,91282CLQ2,TSRYS5906509,D,S,T,2024-10-25,1000000.00,3.994429,99.66796875
08:00:33,91282CLQ2,TSRYS5906509,D,S,T,2024-10-25,1000000.00,3.994429,99.66796875
08:00:33,91282CLQ2,TSRYS5906509,D,S,T,2024-10-25,2000000.00,3.992309,99.673828125
08:00:33,91282CLQ2,TSRYS5906509,D,S,T,2024-10-25,2000000.00,3.991603,99.67578125
08:00:33,91282CLQ2,TSRYS5906509,D,S,T,2024-10-25,1000000.00,3.991603,99.67578125
08:00:33,91282CLQ2,TSRYS5906509,D,S,T,2024-10-25,2000000.00,4.001495,99.6484375
08:00:33,91282CLQ2,TSRYS5906509,D,S,T,2024-10-25,1000000.00,4.001495,99.6484375
08:00:33,91282CLQ2,TSRYS5906509,D,S,T,2024-10-25,1000000.00,4.001495,99.6484375
08:00:33,91282CLQ2,TSRYS5906509,D,S,T,2024-10-25,1000000.00,4.004322,99.640625
08:00:33,91282CLQ2,TSRYS5906509,D,S,T,2024-10-25,1000000.00,4.002202,99.646484375
08:00:33,91282CLQ2,TSRYS5906509,D,S,T,2024-10-25,2000000.00,4.001495,99.6484375
08:00:33,91282CLQ2,TSRYS5906509,D,S,T,2024-10-25,1000000.00,4.001495,99.6484375
08:00:33,91282CLQ2,TSRYS5906509,D,S,T,2024-10-25,2000000.00,4.001495,99.6484375
08:00:33,91282CLQ2,TSRYS5906509,D,S,T,2024-10-25,2000000.00,4.001495,99.6484375
08:00:33,91282CLQ2,TSRYS5906509,D,S,T,2024-10-25,2000000.00,4.001495,99.6484375
08:00:33,91282CLQ2,TSRYS5906509,D,S,T,2024-10-25,2000000.00,4.001495,99.6484375
08:00:33,91282CLQ2,TSRYS5906509,D,S,T,2024-10-25,1000000.00,4.001495,99.6484375
08:00:33,91282CLQ2,TSRYS5906509,D,S,T,2024-10-25,2000000.00,4.001495,99.6484375
08:00:33,91282CLQ2,TSRYS5906509,D,S,T,2024-10-25,2000000.00,4.001495,99.6484375
08:00:33,91282CLQ2,TSRYS5906509,D,S,T,2024-10-25,1000000.00,4.001495,99.6484375
08:00:33,91282CLQ2,TSRYS5906509,D,S,T,2024-10-25,2000000.00,4.001495,99.6484375
08:00:33,91282CLQ2,TSRYS5906509,D,S,T,2024-10-25,2000000.00,4.001495,99.6484375
08:00:33,91282CLQ2,TSRYS5906509,D,S,D,2024-10-25,2000000.00,4.001495,99.6484375
08:00:33,91282CLQ2,TSRYS5906509,D,S,T,2024-10-25,2000000.00,3.997962,99.658203125
08:00:33,91282CLQ2,TSRYS5906509,D,S,T,2024-10-25,1000000.00,3.997962,99.658203125
08:00:33,91282CLQ2,TSRYS5906509,D,S,T,2024-10-25,1000000.00,3.985952,99.69140625
08:00:33,91282CLQ2,TSRYS5906509,D,S,T,2024-10-25,1000000.00,3.985952,99.69140625
08:00:33,91282CLQ2,TSRYS5906509,D,S,T,2024-10-25,1000000.00,3.985952,99.69140625
08:00:33,91282CLQ2,TSRYS5906509,D,S,T,2024-10-25,1000000.00,3.985245,99.693359375
08:00:33,91282CLQ2,TSRYS5906509,D,S,T,2024-10-25,2000000.00,3.984539,99.6953125
08:00:33,91282CLQ2,TSRYS5906509,D,S,T,2024-10-25,2000000.00,3.984539,99.6953125
08:00:33,91282CLQ2,TSRYS5906509,D,S,T,2024-10-25,1000000.00,3.984539,99.6953125
08:00:33,91282CLQ2,TSRYS5906509,D,S,T,2024-10-25,1000000.00,3.984539,99.6953125
08:00:33,91282CLQ2,TSRYS5906509,D,S,T,2024-10-25,2000000.00,3.984539,99.6953125
08:00:33,91282CLQ2,TSRYS5906509,D,S,T,2024-10-25,1000000.00,3.988071,99.685546875
08:00:33,91282CLQ2,TSRYS5906509,D,S,T,2024-10-25,1000000.00,3.988071,99.685546875
08:00:33,91282CLQ2,TSRYS5906509,D,S,T,2024-10-25,2000000.00,3.988071,99.685546875
08:00:33,91282CLQ2,TSRYS5906509,D,S,T,2024-10-25,2000000.00,3.988071,99.685546875
08:00:33,91282CLQ2,TSRYS5906509,D,S,T,2024-10-25,2000000.00,3.988071,99.685546875
08:00:33,91282CLQ2,TSRYS5906509,D,S,T,2024-10-25,1000000.00,3.988071,99.685546875
08:00:33,91282CLQ2,TSRYS5906509,D,S,T,2024-10-25,2000000.00,3.988071,99.685546875
08:00:33,91282CLQ2,TSRYS5906509,D,S,T,2024-10-25,1000000.00,3.991603,99.67578125
08:00:36,91282CLQ2,TSRYS5906509,D,S,T,2024-10-25,1000000.00,4.000082,99.65234375
08:00:36,91282CLQ2,TSRYS5906509,D,S,T,2024-10-25,1000000.00,4.000082,99.65234375
08:00:38,91282CLQ2,TSRYS5906509,D,S,D,2024-10-25,1000000.00,3.988777,99.68359375
08:00:38,91282CLQ2,TSRYS5906509,D,S,D,2024-10-25,2000000.00,3.989483,99.681640625
08:00:38,91282CLQ2,TSRYS5906509,D,S,D,2024-10-25,3000000.00,3.988777,99.68359375
08:00:38,91282CLQ2,TSRYS5906509,D,S,D,2024-10-25,2000000.00,3.988777,99.68359375
08:00:39,91282CLQ2,TSRYS5906509,D,S,C,2024-10-25,1000000.00,3.985952,99.69140625
08:00:39,91282CLQ2,TSRYS5906509,D,S,C,2024-10-25,1000000.00,3.985952,99.69140625
08:00:39,91282CLQ2,TSRYS5906509,D,S,C,2024-10-25,1000000.00,3.985952,99.69140625
08:00:39,91282CLQ2,TSRYS5906509,D,S,C,2024-10-25,1000000.00,3.985952,99.69140625
08:00:39,91282CLQ2,TSRYS5906509,D,S,D,2024-10-25,2000000.00,3.985952,99.69140625
08:00:40,91282CLQ2,TSRYS5906509,D,S,D,2024-10-25,2000000.00,3.981714,99.703125
08:00:42,91282CLQ2,TSRYS5906509,D,B,A,2024-10-25,90000.00,4.001495,99.6484375
08:00:42,91282CLQ2,TSRYS5906509,D,S,A,2024-10-25,10000.00,4.000082,99.65234375
08:00:44,91282CLQ2,TSRYS5906509,D,S,D,2024-10-25,500000.00,3.993016,99.671875
08:00:44,91282CLQ2,TSRYS5906509,D,S,C,2024-10-25,1000000.00,3.989483,99.681640625
08:00:44,91282CLQ2,TSRYS5906509,D,S,D,2024-10-25,4000000.00,3.99019,99.6796875
08:00:45,91282CLQ2,TSRYS5906509,D,S,A,2024-10-25,100000000.00,4.000082,99.65234375
08:00:46,91282CLQ2,TSRYS5906509,D,S,A,2024-10-25,4360000.00,3.998668,99.65625
08:00:46,91282CLQ2,TSRYS5906509,D,S,A,2024-10-25,750000.00,3.993016,99.671875
08:00:47,91282CLQ2,TSRYS5906509,D,S,C,2024-10-25,1577000.00,3.99019,99.6796875
08:00:48,91282CLQ2,TSRYS5906509,D,S,A,2024-10-25,3000000.00,4.001848,99.647460938
08:00:52,91282CLQ2,TSRYS5906509,D,S,D,2024-10-25,1577000.00,,99.6796875
08:00:52,91282CLQ2,TSRYS5906509,D,S,D,2024-10-25,2000000.00,3.981714,99.703125
08:00:56,91282CLQ2,TSRYS5906509,D,S,D,2024-10-25,3000000.00,3.987364,99.6875
08:00:59,91282CLQ2,TSRYS5906509,D,S,T,2024-10-25,2000000.00,3.984539,99.6953125
08:01:03,91282CLQ2,TSRYS5906509,D,S,T,2024-10-25,2000000.00,4.000082,99.65234375
08:01:03,91282CLQ2,TSRYS5906509,D,S,T,2024-10-25,2000000.00,4.000788,99.650390625
08:01:03,91282CLQ2,TSRYS5906509,D,S,T,2024-10-25,4000000.00,4.000788,99.650390625
08:01:03,91282CLQ2,TSRYS5906509,D,S,C,2024-10-25,1000000.00,4.007149,99.6328125
08:01:03,91282CLQ2,TSRYS5906509,D,S,D,2024-10-25,1000000.00,4.008563,99.62890625
08:01:03,91282CLQ2,TSRYS5906509,D,S,C,2024-10-25,1000000.00,4.005029,99.638671875
08:01:03,91282CLQ2,TSRYS5906509,D,S,C,2024-10-25,1000000.00,4.005736,99.63671875
08:01:03,91282CLQ2,TSRYS5906509,D,S,C,2024-10-25,1000000.00,4.005736,99.63671875
08:01:03,91282CLQ2,TSRYS5906509,D,S,C,2024-10-25,1000000.00,4.005736,99.63671875
08:01:04,91282CLQ2,TSRYS5906509,D,S,C,2024-10-25,1000000.00,4.006442,99.634765625
08:01:04,91282CLQ2,TSRYS5906509,D,S,C,2024-10-25,1000000.00,4.006442,99.634765625
08:01:04,91282CLQ2,TSRYS5906509,D,S,C,2024-10-25,1000000.00,4.011391,99.62109375
08:01:04,91282CLQ2,TSRYS5906509,D,S,C,2024-10-25,1000000.00,4.005736,99.63671875
08:01:04,91282CLQ2,TSRYS5906509,D,S,C,2024-10-25,4000000.00,4.005736,99.63671875
08:01:04,91282CLQ2,TSRYS5906509,D,S,C,2024-10-25,1000000.00,4.009977,99.625
08:01:04,91282CLQ2,TSRYS5906509,D,S,C,2024-10-25,1000000.00,4.011391,99.62109375
08:01:04,91282CLQ2,TSRYS5906509,D,S,C,2024-10-25,1000000.00,4.004322,99.640625
08:01:04,91282CLQ2,TSRYS5906509,D,S,C,2024-10-25,1000000.00,4.002909,99.64453125
08:01:04,91282CLQ2,TSRYS5906509,D,S,C,2024-10-25,1000000.00,4.006442,99.634765625
08:01:04,91282CLQ2,TSRYS5906509,D,S,C,2024-10-25,1000000.00,4.006442,99.634765625
08:01:04,91282CLQ2,TSRYS5906509,D,S,C,2024-10-25,1000000.00,4.005736,99.63671875
08:01:04,91282CLQ2,TSRYS5906509,D,S,C,2024-10-25,1000000.00,3.997962,99.658203125
08:01:04,91282CLQ2,TSRYS5906509,D,S,C,2024-10-25,1000000.00,4.004322,99.640625
08:01:04,91282CLQ2,TSRYS5906509,D,S,D,2024-10-25,1000000.00,4.002202,99.646484375
08:01:04,91282CLQ2,TSRYS5906509,D,S,T,2024-10-25,5000000.00,3.98597,99.69135625
08:01:04,91282CLQ2,TSRYS5906509,D,S,D,2024-10-25,1000000.00,4.001495,99.6484375
08:01:04,91282CLQ2,TSRYS5906509,D,B,C,2024-10-25,1000000.00,4.001495,99.6484375
08:01:04,91282CLQ2,TSRYS5906509,D,S,C,2024-10-25,1000000.00,4.000788,99.650390625
08:01:04,91282CLQ2,TSRYS5906509,D,S,D,2024-10-25,1000000.00,4.003615,99.642578125
08:01:04,91282CLQ2,TSRYS5906509,D,S,D,2024-10-25,1000000.00,4.003615,99.642578125
08:01:04,91282CLQ2,TSRYS5906509,D,S,C,2024-10-25,1000000.00,4.002909,99.64453125
08:01:04,91282CLQ2,TSRYS5906509,D,B,C,2024-10-25,1000000.00,4.003615,99.642578125
08:01:04,91282CLQ2,TSRYS5906509,D,B,C,2024-10-25,1000000.00,4.003615,99.642578125
08:01:04,91282CLQ2,TSRYS5906509,D,S,D,2024-10-25,1000000.00,4.002909,99.64453125
08:01:04,91282CLQ2,TSRYS5906509,D,B,C,2024-10-25,1000000.00,4.003615,99.642578125
08:01:04,91282CLQ2,TSRYS5906509,D,B,C,2024-10-25,2000000.00,4.003615,99.642578125
08:01:04,91282CLQ2,TSRYS5906509,D,S,D,2024-10-25,1000000.00,4.003615,99.642578125
08:01:04,91282CLQ2,TSRYS5906509,D,B,C,2024-10-25,1000000.00,4.003615,99.642578125
08:01:04,91282CLQ2,TSRYS5906509,D,S,D,2024-10-25,1000000.00,4.003615,99.642578125
08:01:04,91282CLQ2,TSRYS5906509,D,S,C,2024-10-25,2000000.00,4.003615,99.642578125
08:01:04,91282CLQ2,TSRYS5906509,D,B,A,2024-10-25,750000.00,3.995721,99.6643975
08:01:04,91282CLQ2,TSRYS5906509,D,S,D,2024-10-25,1000000.00,4.003615,99.642578125
08:01:04,91282CLQ2,TSRYS5906509,D,S,C,2024-10-25,1000000.00,4.002909,99.64453125
08:01:04,91282CLQ2,TSRYS5906509,D,S,C,2024-10-25,1000000.00,4.002909,99.64453125
08:01:05,91282CLQ2,TSRYS5906509,D,S,C,2024-10-25,1000000.00,3.999375,99.654296875
08:01:05,91282CLQ2,TSRYS5906509,D,S,C,2024-10-25,1000000.00,3.999375,99.654296875
08:01:05,91282CLQ2,TSRYS5906509,D,S,C,2024-10-25,1000000.00,3.999375,99.654296875
08:01:05,91282CLQ2,TSRYS5906509,D,B,C,2024-10-25,4000000.00,3.999375,99.654296875
08:01:05,91282CLQ2,TSRYS5906509,D,S,D,2024-10-25,4000000.00,3.999375,99.654296875
08:01:05,91282CLQ2,TSRYS5906509,D,S,C,2024-10-25,1000000.00,3.998668,99.65625
08:01:05,91282CLQ2,TSRYS5906509,D,S,D,2024-10-25,1000000.00,3.998668,99.65625
08:01:05,91282CLQ2,TSRYS5906509,D,S,D,2024-10-25,2000000.00,3.998668,99.65625
08:01:05,91282CLQ2,TSRYS5906509,D,S,D,2024-10-25,1000000.00,3.991603,99.67578125
08:01:05,91282CLQ2,TSRYS5906509,D,S,C,2024-10-25,1000000.00,3.989483,99.681640625
08:01:05,91282CLQ2,TSRYS5906509,D,S,C,2024-10-25,1000000.00,3.989483,99.681640625
08:01:05,91282CLQ2,TSRYS5906509,D,B,C,2024-10-25,1000000.00,3.989483,99.681640625
08:01:05,91282CLQ2,TSRYS5906509,D,S,C,2024-10-25,1000000.00,3.989483,99.681640625
08:01:05,91282CLQ2,TSRYS5906509,D,S,C,2024-10-25,1000000.00,3.989483,99.681640625
08:01:05,91282CLQ2,TSRYS5906509,D,S,D,2024-10-25,1000000.00,3.988777,99.68359375
08:01:05,91282CLQ2,TSRYS5906509,D,S,D,2024-10-25,2000000.00,3.987364,99.6875
08:01:05,91282CLQ2,TSRYS5906509,D,S,D,2024-10-25,2000000.00,3.986658,99.689453125
08:01:05,91282CLQ2,TSRYS5906509,D,S,D,2024-10-25,2000000.00,3.985952,99.69140625
08:01:05,91282CLQ2,TSRYS5906509,D,B,C,2024-10-25,2000000.00,3.985952,99.69140625
08:01:06,91282CLQ2,TSRYS5906509,D,S,D,2024-10-25,1000000.00,3.99019,99.6796875
08:01:06,91282CLQ2,TSRYS5906509,D,S,C,2024-10-25,1000000.00,3.989483,99.681640625
08:01:06,91282CLQ2,TSRYS5906509,D,S,C,2024-10-25,1000000.00,3.989483,99.681640625
08:01:06,91282CLQ2,TSRYS5906509,D,S,C,2024-10-25,1000000.00,3.988777,99.68359375
08:01:06,91282CLQ2,TSRYS5906509,D,S,C,2024-10-25,1000000.00,3.989483,99.681640625
08:01:06,91282CLQ2,TSRYS5906509,D,S,D,2024-10-25,1000000.00,3.989483,99.681640625
08:01:06,91282CLQ2,TSRYS5906509,D,S,C,2024-10-25,1000000.00,3.99019,99.6796875
08:01:06,91282CLQ2,TSRYS5906509,D,S,C,2024-10-25,1000000.00,3.993016,99.671875
08:01:06,91282CLQ2,TSRYS5906509,D,S,C,2024-10-25,1000000.00,3.99019,99.6796875
08:01:06,91282CLQ2,TSRYS5906509,D,S,C,2024-10-25,1000000.00,3.993722,99.669921875
08:01:06,91282CLQ2,TSRYS5906509,D,S,C,2024-10-25,1000000.00,3.992309,99.673828125
08:01:06,91282CLQ2,TSRYS5906509,D,S,C,2024-10-25,1000000.00,3.993722,99.669921875
08:01:06,91282CLQ2,TSRYS5906509,D,S,C,2024-10-25,1000000.00,3.994429,99.66796875
08:01:06,91282CLQ2,TSRYS5906509,D,S,C,2024-10-25,1000000.00,3.994429,99.66796875
08:01:06,91282CLQ2,TSRYS5906509,D,S,C,2024-10-25,1000000.00,3.995135,99.666015625
08:01:06,91282CLQ2,TSRYS5906509,D,S,C,2024-10-25,1000000.00,3.995842,99.6640625
08:01:06,91282CLQ2,TSRYS5906509,D,B,C,2024-10-25,1000000.00,3.995135,99.666015625
08:01:06,91282CLQ2,TSRYS5906509,D,B,C,2024-10-25,1000000.00,3.993722,99.669921875
08:01:06,91282CLQ2,TSRYS5906509,D,S,D,2024-10-25,1000000.00,3.995135,99.666015625
08:01:06,91282CLQ2,TSRYS5906509,D,S,C,2024-10-25,1000000.00,3.994429,99.66796875
08:01:06,91282CLQ2,TSRYS5906509,D,S,D,2024-10-25,1000000.00,3.993722,99.669921875
08:01:06,91282CLQ2,TSRYS5906509,D,S,C,2024-10-25,1000000.00,3.992309,99.673828125
08:01:06,91282CLQ2,TSRYS5906509,D,B,C,2024-10-25,1000000.00,3.993722,99.669921875
08:01:06,91282CLQ2,TSRYS5906509,D,S,C,2024-10-25,1000000.00,3.993722,99.669921875
08:01:06,91282CLQ2,TSRYS5906509,D,S,C,2024-10-25,1000000.00,3.994429,99.66796875
08:01:06,91282CLQ2,TSRYS5906509,D,S,C,2024-10-25,1000000.00,3.996549,99.662109375
08:01:06,91282CLQ2,TSRYS5906509,D,S,C,2024-10-25,1000000.00,3.996549,99.662109375
08:01:06,91282CLQ2,TSRYS5906509,D,S,C,2024-10-25,1000000.00,3.996549,99.662109375
08:01:07,91282CLQ2,TSRYS5906509,D,S,C,2024-10-25,1000000.00,3.99019,99.6796875
08:01:07,91282CLQ2,TSRYS5906509,D,S,C,2024-10-25,1000000.00,3.989483,99.681640625
08:01:07,91282CLQ2,TSRYS5906509,D,S,C,2024-10-25,1000000.00,3.995135,99.666015625
08:01:07,91282CLQ2,TSRYS5906509,D,S,C,2024-10-25,1000000.00,3.995842,99.6640625
08:01:07,91282CLQ2,TSRYS5906509,D,S,C,2024-10-25,1000000.00,3.996549,99.662109375
08:01:07,91282CLQ2,TSRYS5906509,D,S,C,2024-10-25,1000000.00,3.995842,99.6640625
08:01:07,91282CLQ2,TSRYS5906509,D,S,C,2024-10-25,1000000.00,3.993722,99.669921875
08:01:07,91282CLQ2,TSRYS5906509,D,B,C,2024-10-25,1000000.00,3.993722,99.669921875
08:01:07,91282CLQ2,TSRYS5906509,D,B,C,2024-10-25,1000000.00,3.992309,99.673828125
08:01:07,91282CLQ2,TSRYS5906509,D,S,C,2024-10-25,1000000.00,3.992309,99.673828125
08:01:07,91282CLQ2,TSRYS5906509,D,B,C,2024-10-25,1000000.00,3.989483,99.681640625
08:01:07,91282CLQ2,TSRYS5906509,D,S,C,2024-10-25,1000000.00,3.989483,99.681640625
08:01:07,91282CLQ2,TSRYS5906509,D,S,D,2024-10-25,1000000.00,3.989483,99.681640625
08:01:07,91282CLQ2,TSRYS5906509,D,S,C,2024-10-25,1000000.00,3.99019,99.6796875
08:01:07,91282CLQ2,TSRYS5906509,D,S,C,2024-10-25,1000000.00,3.992309,99.673828125
08:01:07,91282CLQ2,TSRYS5906509,D,B,C,2024-10-25,1000000.00,3.990896,99.677734375
08:01:07,91282CLQ2,TSRYS5906509,D,B,C,2024-10-25,1000000.00,3.989483,99.681640625
08:01:07,91282CLQ2,TSRYS5906509,D,S,D,2024-10-25,1000000.00,3.988777,99.68359375
08:01:07,91282CLQ2,TSRYS5906509,D,S,D,2024-10-25,1000000.00,3.990896,99.677734375
08:01:07,91282CLQ2,TSRYS5906509,D,S,D,2024-10-25,1000000.00,3.989483,99.681640625
08:01:07,91282CLQ2,TSRYS5906509,D,S,D,2024-10-25,1000000.00,3.989483,99.681640625
08:01:07,91282CLQ2,TSRYS5906509,D,B,C,2024-10-25,1000000.00,3.989483,99.681640625
08:01:07,91282CLQ2,TSRYS5906509,D,S,C,2024-10-25,1000000.00,3.991603,99.67578125
08:01:07,91282CLQ2,TSRYS5906509,D,S,D,2024-10-25,1000000.00,3.993016,99.671875
08:01:07,91282CLQ2,TSRYS5906509,D,S,C,2024-10-25,1000000.00,3.997255,99.66015625
08:01:07,91282CLQ2,TSRYS5906509,D,S,D,2024-10-25,1000000.00,3.997255,99.66015625
08:01:08,91282CLQ2,TSRYS5906509,D,S,D,2024-10-25,1000000.00,3.997255,99.66015625
08:01:08,91282CLQ2,TSRYS5906509,D,S,C,2024-10-25,1000000.00,3.997255,99.66015625
08:01:08,91282CLQ2,TSRYS5906509,D,S,D,2024-10-25,1000000.00,3.998668,99.65625
08:01:08,91282CLQ2,TSRYS5906509,D,S,C,2024-10-25,1000000.00,3.998668,99.65625
08:01:08,91282CLQ2,TSRYS5906509,D,S,C,2024-10-25,1000000.00,3.998668,99.65625
08:01:08,91282CLQ2,TSRYS5906509,D,S,C,2024-10-25,1000000.00,3.998668,99.65625
08:01:08,91282CLQ2,TSRYS5906509,D,S,C,2024-10-25,1000000.00,3.998668,99.65625
08:01:08,91282CLQ2,TSRYS5906509,D,S,C,2024-10-25,1000000.00,3.998668,99.65625
08:01:08,91282CLQ2,TSRYS5906509,D,B,C,2024-10-25,1000000.00,3.998668,99.65625
08:01:08,91282CLQ2,TSRYS5906509,D,S,C,2024-10-25,1000000.00,3.998668,99.65625
08:01:08,91282CLQ2,TSRYS5906509,D,B,C,2024-10-25,1000000.00,3.998668,99.65625
08:01:08,91282CLQ2,TSRYS5906509,D,S,C,2024-10-25,1000000.00,3.998668,99.65625
08:01:08,91282CLQ2,TSRYS5906509,D,B,C,2024-10-25,1000000.00,3.998668,99.65625
08:01:08,91282CLQ2,TSRYS5906509,D,S,C,2024-10-25,1000000.00,3.998668,99.65625
08:01:08,91282CLQ2,TSRYS5906509,D,S,C,2024-10-25,1000000.00,3.998668,99.65625
08:01:08,91282CLQ2,TSRYS5906509,D,S,C,2024-10-25,1000000.00,3.998668,99.65625
08:01:08,91282CLQ2,TSRYS5906509,D,S,C,2024-10-25,1000000.00,3.998668,99.65625
08:01:08,91282CLQ2,TSRYS5906509,D,S,C,2024-10-25,1000000.00,3.998668,99.65625
08:01:08,91282CLQ2,TSRYS5906509,D,S,C,2024-10-25,1000000.00,3.998668,99.65625
08:01:08,91282CLQ2,TSRYS5906509,D,B,C,2024-10-25,1000000.00,3.998668,99.65625
08:01:08,91282CLQ2,TSRYS5906509,D,S,C,2024-10-25,1000000.00,3.998668,99.65625
08:01:08,91282CLQ2,TSRYS5906509,D,S,C,2024-10-25,1000000.00,3.998668,99.65625
08:01:08,91282CLQ2,TSRYS5906509,D,S,C,2024-10-25,1000000.00,3.998668,99.65625
08:01:08,91282CLQ2,TSRYS5906509,D,S,C,2024-10-25,1000000.00,3.998668,99.65625
08:01:08,91282CLQ2,TSRYS5906509,D,S,C,2024-10-25,1000000.00,3.998668,99.65625
08:01:08,91282CLQ2,TSRYS5906509,D,S,C,2024-10-25,1000000.00,3.998668,99.65625
08:01:08,91282CLQ2,TSRYS5906509,D,S,C,2024-10-25,1000000.00,3.998668,99.65625
08:01:08,91282CLQ2,TSRYS5906509,D,B,C,2024-10-25,1000000.00,3.998668,99.65625
08:01:08,91282CLQ2,TSRYS5906509,D,S,T,2024-10-25,1000000.00,3.988777,99.68359375
08:01:08,91282CLQ2,TSRYS5906509,D,S,C,2024-10-25,1000000.00,3.998668,99.65625
08:01:08,91282CLQ2,TSRYS5906509,D,S,C,2024-10-25,1000000.00,3.998668,99.65625
08:01:08,91282CLQ2,TSRYS5906509,D,S,C,2024-10-25,1000000.00,3.998668,99.65625
08:01:08,91282CLQ2,TSRYS5906509,D,S,C,2024-10-25,1000000.00,3.998668,99.65625
08:01:08,91282CLQ2,TSRYS5906509,D,B,C,2024-10-25,1000000.00,3.998668,99.65625
08:01:08,91282CLQ2,TSRYS5906509,D,S,T,2024-10-25,2000000.00,3.988777,99.68359375
08:01:08,91282CLQ2,TSRYS5906509,D,S,C,2024-10-25,1000000.00,3.998668,99.65625
08:01:08,91282CLQ2,TSRYS5906509,D,S,C,2024-10-25,1000000.00,3.998668,99.65625
08:01:08,91282CLQ2,TSRYS5906509,D,S,C,2024-10-25,1000000.00,3.998668,99.65625
08:01:08,91282CLQ2,TSRYS5906509,D,S,C,2024-10-25,1000000.00,3.998668,99.65625
08:01:08,91282CLQ2,TSRYS5906509,D,S,C,2024-10-25,1000000.00,3.998668,99.65625
08:01:08,91282CLQ2,TSRYS5906509,D,B,C,2024-10-25,1000000.00,3.998668,99.65625
08:01:08,91282CLQ2,TSRYS5906509,D,S,C,2024-10-25,1000000.00,3.998668,99.65625
08:01:08,91282CLQ2,TSRYS5906509,D,S,D,2024-10-25,1000000.00,4.000082,99.65234375
08:01:08,91282CLQ2,TSRYS5906509,D,B,C,2024-10-25,1000000.00,4.000082,99.65234375
08:01:08,91282CLQ2,TSRYS5906509,D,S,D,2024-10-25,1000000.00,3.997962,99.658203125
08:01:08,91282CLQ2,TSRYS5906509,D,S,C,2024-10-25,1000000.00,3.998668,99.65625
08:01:08,91282CLQ2,TSRYS5906509,D,B,C,2024-10-25,1000000.00,4.000788,99.650390625
08:01:08,91282CLQ2,TSRYS5906509,D,S,D,2024-10-25,1000000.00,4.000788,99.650390625
08:01:08,91282CLQ2,TSRYS5906509,D,S,C,2024-10-25,1000000.00,4.000788,99.650390625
08:01:08,91282CLQ2,TSRYS5906509,D,S,C,2024-10-25,1000000.00,4.000788,99.650390625
08:01:08,91282CLQ2,TSRYS5906509,D,S,C,2024-10-25,1000000.00,4.000788,99.650390625
08:01:08,91282CLQ2,TSRYS5906509,D,S,C,2024-10-25,1000000.00,4.000788,99.650390625
08:01:08,91282CLQ2,TSRYS5906509,D,S,C,2024-10-25,585000.00,4.001495,99.6484375
08:01:08,91282CLQ2,TSRYS5906509,D,S,C,2024-10-25,1000000.00,4.000788,99.650390625
08:01:08,91282CLQ2,TSRYS5906509,D,S,C,2024-10-25,1000000.00,4.000788,99.650390625
08:01:08,91282CLQ2,TSRYS5906509,D,B,C,2024-10-25,1000000.00,3.999375,99.654296875
08:01:08,91282CLQ2,TSRYS5906509,D,B,C,2024-10-25,1000000.00,3.998668,99.65625
08:01:08,91282CLQ2,TSRYS5906509,D,S,C,2024-10-25,1000000.00,3.998668,99.65625
08:01:08,91282CLQ2,TSRYS5906509,D,S,D,2024-10-25,1000000.00,3.999375,99.654296875
08:01:08,91282CLQ2,TSRYS5906509,D,B,C,2024-10-25,1000000.00,3.998668,99.65625
08:01:08,91282CLQ2,TSRYS5906509,D,S,C,2024-10-25,1000000.00,3.998668,99.65625
08:01:08,91282CLQ2,TSRYS5906509,D,S,C,2024-10-25,1000000.00,3.998668,99.65625
08:01:08,91282CLQ2,TSRYS5906509,D,B,C,2024-10-25,1000000.00,3.998668,99.65625
08:01:08,91282CLQ2,TSRYS5906509,D,S,C,2024-10-25,1000000.00,3.999375,99.654296875
08:01:08,91282CLQ2,TSRYS5906509,D,B,C,2024-10-25,585000.00,4.001495,99.6484375
08:01:08,91282CLQ2,TSRYS5906509,D,B,C,2024-10-25,1000000.00,3.998668,99.65625
08:01:08,91282CLQ2,TSRYS5906509,D,S,C,2024-10-25,1000000.00,3.998668,99.65625
08:01:08,91282CLQ2,TSRYS5906509,D,B,C,2024-10-25,1000000.00,3.998668,99.65625
08:01:08,91282CLQ2,TSRYS5906509,D,B,C,2024-10-25,1000000.00,3.998668,99.65625
08:01:08,91282CLQ2,TSRYS5906509,D,S,C,2024-10-25,1000000.00,3.998668,99.65625
08:01:08,91282CLQ2,TSRYS5906509,D,S,C,2024-10-25,1000000.00,3.998668,99.65625
08:01:08,91282CLQ2,TSRYS5906509,D,S,C,2024-10-25,1000000.00,3.998668,99.65625
08:01:08,91282CLQ2,TSRYS5906509,D,S,C,2024-10-25,1000000.00,3.998668,99.65625
08:01:08,91282CLQ2,TSRYS5906509,D,S,C,2024-10-25,1000000.00,3.998668,99.65625
08:01:08,91282CLQ2,TSRYS5906509,D,S,C,2024-10-25,1000000.00,3.998668,99.65625
08:01:08,91282CLQ2,TSRYS5906509,D,S,C,2024-10-25,1000000.00,3.998668,99.65625
