tradeTime,cusip,issueSymbolIdentifier,priceType,reportingSideCode,contraPartyTypeCode,tradeDate,reportedTradeVolume,lastSaleYield,lastSalePrice
08:00:07,91282CKV2,TSRYS5823596,D,S,D,2024-07-03,1000000.00,4.563909,100.1640625
08:00:07,91282CKV2,TSRYS5823596,D,S,T,2024-07-03,1000000.00,4.561048,100.171875
08:00:07,91282CKV2,TSRYS5823596,D,S,T,2024-07-03,2000000.00,4.560333,100.173828125
08:00:07,91282CKV2,TSRYS5823596,D,S,T,2024-07-03,1000000.00,4.558902,100.177734375
08:00:07,91282CKV2,TSRYS5823596,D,S,T,2024-07-03,1000000.00,4.558902,100.177734375
08:00:07,91282CKV2,TSRYS5823596,D,S,D,2024-07-03,1000000.00,4.561048,100.171875
08:00:07,91282CKV2,TSRYS5823596,D,S,D,2024-07-03,3000000.00,4.558187,100.1796875
08:00:07,91282CKV2,TSRYS5823596,D,S,D,2024-07-03,2000000.00,4.558187,100.1796875
08:00:07,91282CKV2,TSRYS5823596,D,S,D,2024-07-03,4000000.00,4.560333,100.173828125
08:00:07,91282CKV2,TSRYS5823596,D,S,D,2024-07-03,1000000.00,4.566056,100.158203125
08:00:07,91282CKV2,TSRYS5823596,D,S,D,2024-07-03,400000.00,4.56534,100.16015625
08:00:07,91282CKV2,TSRYS5823596,D,S,D,2024-07-03,1000000.00,4.56534,100.16015625
08:00:07,91282CKV2,TSRYS5823596,D,S,D,2024-07-03,1000000.00,4.563909,100.1640625
08:00:07,91282CKV2,TSRYS5823596,D,S,D,2024-07-03,3000000.00,4.57321,100.138671875
08:00:07,91282CKV2,TSRYS5823596,D,S,T,2024-07-03,1000000.00,4.562479,100.16796875
08:00:07,91282CKV2,TSRYS5823596,D,S,T,2024-07-03,1000000.00,4.56534,100.16015625
08:00:07,91282CKV2,TSRYS5823596,D,S,T,2024-07-03,1000000.00,4.556757,100.18359375
08:00:07,91282CKV2,TSRYS5823596,D,S,T,2024-07-03,1000000.00,4.566771,100.15625
08:00:07,91282CKV2,TSRYS5823596,D,S,T,2024-07-03,2000000.00,4.559618,100.17578125
08:00:08,91282CKV2,TSRYS5823596,D,B,A,2024-07-03,6000000.00,4.556757,100.183594
08:00:12,91282CKV2,TSRYS5823596,D,S,C,2024-07-03,3700000.00,4.553896,100.19140625
08:00:14,91282CKV2,TSRYS5823596,D,S,T,2024-07-03,2000000.00,4.546746,100.2109375
08:00:14,91282CKV2,TSRYS5823596,D,S,T,2024-07-03,1000000.00,4.546746,100.2109375
08:00:14,91282CKV2,TSRYS5823596,D,S,T,2024-07-03,1000000.00,4.548176,100.20703125
08:00:14,91282CKV2,TSRYS5823596,D,S,D,2024-07-03,1000000.00,4.551751,100.197265625
08:00:14,91282CKV2,TSRYS5823596,D,S,T,2024-07-03,1000000.00,4.553896,100.19140625
08:00:14,91282CKV2,TSRYS5823596,D,S,T,2024-07-03,1000000.00,4.554611,100.189453125
08:00:14,91282CKV2,TSRYS5823596,D,S,T,2024-07-03,1000000.00,4.553896,100.19140625
08:00:14,91282CKV2,TSRYS5823596,D,S,T,2024-07-03,1000000.00,4.555326,100.1875
08:00:14,91282CKV2,TSRYS5823596,D,S,T,2024-07-03,1000000.00,4.553896,100.19140625
08:00:14,91282CKV2,TSRYS5823596,D,S,D,2024-07-03,1000000.00,4.554611,100.189453125
08:00:14,91282CKV2,TSRYS5823596,D,S,T,2024-07-03,1000000.00,4.558187,100.1796875
08:00:14,91282CKV2,TSRYS5823596,D,S,T,2024-07-03,1000000.00,4.557472,100.181640625
08:00:14,91282CKV2,TSRYS5823596,D,S,T,2024-07-03,1000000.00,4.555326,100.1875
08:00:14,91282CKV2,TSRYS5823596,D,S,T,2024-07-03,1000000.00,4.556757,100.18359375
08:00:14,91282CKV2,TSRYS5823596,D,S,D,2024-07-03,1000000.00,4.559618,100.17578125
08:00:14,91282CKV2,TSRYS5823596,D,S,D,2024-07-03,1000000.00,4.559618,100.17578125
08:00:14,91282CKV2,TSRYS5823596,D,S,T,2024-07-03,1000000.00,4.563909,100.1640625
08:00:14,91282CKV2,TSRYS5823596,D,S,T,2024-07-03,1000000.00,4.564625,100.162109375
08:00:14,91282CKV2,TSRYS5823596,D,S,T,2024-07-03,1000000.00,4.563909,100.1640625
08:00:14,91282CKV2,TSRYS5823596,D,S,T,2024-07-03,1000000.00,4.561048,100.171875
08:00:14,91282CKV2,TSRYS5823596,D,S,T,2024-07-03,1000000.00,4.562479,100.16796875
08:00:14,91282CKV2,TSRYS5823596,D,S,T,2024-07-03,1000000.00,4.561763,100.169921875
08:00:14,91282CKV2,TSRYS5823596,D,S,T,2024-07-03,1000000.00,4.561048,100.171875
08:00:14,91282CKV2,TSRYS5823596,D,S,T,2024-07-03,1000000.00,4.563909,100.1640625
08:00:14,91282CKV2,TSRYS5823596,D,S,T,2024-07-03,1000000.00,4.559618,100.17578125
08:00:14,91282CKV2,TSRYS5823596,D,S,T,2024-07-03,1000000.00,4.561763,100.169921875
08:00:14,91282CKV2,TSRYS5823596,D,S,T,2024-07-03,1000000.00,4.566771,100.15625
08:00:14,91282CKV2,TSRYS5823596,D,S,D,2024-07-03,1000000.00,4.558902,100.177734375
08:00:14,91282CKV2,TSRYS5823596,D,S,T,2024-07-03,1000000.00,4.558902,100.177734375
08:00:14,91282CKV2,TSRYS5823596,D,S,T,2024-07-03,1000000.00,4.558902,100.177734375
08:00:14,91282CKV2,TSRYS5823596,D,S,T,2024-07-03,1000000.00,4.558902,100.177734375
08:00:14,91282CKV2,TSRYS5823596,D,S,T,2024-07-03,1000000.00,4.562479,100.16796875
08:00:14,91282CKV2,TSRYS5823596,D,S,T,2024-07-03,1000000.00,4.556757,100.18359375
08:00:14,91282CKV2,TSRYS5823596,D,S,T,2024-07-03,3000000.00,4.558187,100.1796875
08:00:14,91282CKV2,TSRYS5823596,D,S,T,2024-07-03,1000000.00,4.559618,100.17578125
08:00:14,91282CKV2,TSRYS5823596,D,S,D,2024-07-03,1000000.00,4.566056,100.158203125
08:00:14,91282CKV2,TSRYS5823596,D,S,T,2024-07-03,1000000.00,4.56534,100.16015625
08:00:14,91282CKV2,TSRYS5823596,D,S,T,2024-07-03,1000000.00,4.567486,100.154296875
08:00:14,91282CKV2,TSRYS5823596,D,S,T,2024-07-03,1000000.00,4.568202,100.15234375
08:00:14,91282CKV2,TSRYS5823596,D,S,T,2024-07-03,1000000.00,4.56534,100.16015625
08:00:14,91282CKV2,TSRYS5823596,D,S,T,2024-07-03,1000000.00,4.563909,100.1640625
08:00:14,91282CKV2,TSRYS5823596,D,S,T,2024-07-03,1000000.00,4.566771,100.15625
08:00:14,91282CKV2,TSRYS5823596,D,S,T,2024-07-03,1000000.00,4.566771,100.15625
08:00:14,91282CKV2,TSRYS5823596,D,S,T,2024-07-03,1000000.00,4.566771,100.15625
08:00:14,91282CKV2,TSRYS5823596,D,S,T,2024-07-03,1000000.00,4.56534,100.16015625
08:00:14,91282CKV2,TSRYS5823596,D,S,T,2024-07-03,1000000.00,4.56534,100.16015625
08:00:14,91282CKV2,TSRYS5823596,D,S,T,2024-07-03,1000000.00,4.56534,100.16015625
08:00:14,91282CKV2,TSRYS5823596,D,S,T,2024-07-03,3000000.00,4.559618,100.17578125
08:00:14,91282CKV2,TSRYS5823596,D,S,T,2024-07-03,1000000.00,4.555326,100.1875
08:00:14,91282CKV2,TSRYS5823596,D,S,T,2024-07-03,1000000.00,4.562479,100.16796875
08:00:14,91282CKV2,TSRYS5823596,D,S,T,2024-07-03,1000000.00,4.563909,100.1640625
08:00:14,91282CKV2,TSRYS5823596,D,S,T,2024-07-03,1000000.00,4.563909,100.1640625
08:00:14,91282CKV2,TSRYS5823596,D,S,T,2024-07-03,1000000.00,4.571779,100.142578125
08:00:14,91282CKV2,TSRYS5823596,D,S,T,2024-07-03,1000000.00,4.571064,100.14453125
08:00:14,91282CKV2,TSRYS5823596,D,S,D,2024-07-03,1000000.00,4.570348,100.146484375
08:00:14,91282CKV2,TSRYS5823596,D,S,T,2024-07-03,1000000.00,4.568202,100.15234375
08:00:14,91282CKV2,TSRYS5823596,D,S,T,2024-07-03,1000000.00,4.568202,100.15234375
08:00:14,91282CKV2,TSRYS5823596,D,S,T,2024-07-03,1000000.00,4.567486,100.154296875
08:00:14,91282CKV2,TSRYS5823596,D,S,T,2024-07-03,1000000.00,4.568202,100.15234375
08:00:14,91282CKV2,TSRYS5823596,D,S,T,2024-07-03,1000000.00,4.568202,100.15234375
08:00:15,91282CKV2,TSRYS5823596,D,S,T,2024-07-03,1000000.00,4.569633,100.1484375
08:00:15,91282CKV2,TSRYS5823596,D,S,T,2024-07-03,1000000.00,4.57321,100.138671875
08:00:15,91282CKV2,TSRYS5823596,D,S,D,2024-07-03,1000000.00,4.57321,100.138671875
08:00:15,91282CKV2,TSRYS5823596,D,S,T,2024-07-03,1000000.00,4.569633,100.1484375
08:00:15,91282CKV2,TSRYS5823596,D,S,T,2024-07-03,1000000.00,4.569633,100.1484375
08:00:15,91282CKV2,TSRYS5823596,D,S,T,2024-07-03,1000000.00,4.569633,100.1484375
08:00:15,91282CKV2,TSRYS5823596,D,S,T,2024-07-03,1000000.00,4.571779,100.142578125
08:00:15,91282CKV2,TSRYS5823596,D,S,T,2024-07-03,1000000.00,4.571779,100.142578125
08:00:21,91282CKV2,TSRYS5823596,D,S,D,2024-07-03,2000000.00,4.551036,100.19921875
08:00:21,91282CKV2,TSRYS5823596,D,S,D,2024-07-03,2000000.00,4.552466,100.1953125
08:00:25,91282CKV2,TSRYS5823596,D,S,T,2024-07-03,1000000.00,4.568202,100.15234375
08:00:25,91282CKV2,TSRYS5823596,D,S,D,2024-07-03,1000000.00,4.56534,100.16015625
08:00:26,91282CKV2,TSRYS5823596,D,S,T,2024-07-03,1000000.00,4.563909,100.1640625
08:00:26,91282CKV2,TSRYS5823596,D,S,T,2024-07-03,1000000.00,4.56534,100.16015625
08:00:26,91282CKV2,TSRYS5823596,D,S,T,2024-07-03,1000000.00,4.568917,100.150390625
08:00:26,91282CKV2,TSRYS5823596,D,S,T,2024-07-03,1000000.00,4.57321,100.138671875
08:00:28,91282CKV2,TSRYS5823596,D,S,D,2024-07-03,2000000.00,4.563909,100.1640625
08:00:28,91282CKV2,TSRYS5823596,D,S,D,2024-07-03,1000000.00,4.563909,100.1640625
08:00:30,91282CKV2,TSRYS5823596,D,S,T,2024-07-03,1000000.00,4.545316,100.21484375
08:00:30,91282CKV2,TSRYS5823596,D,S,T,2024-07-03,1000000.00,4.546746,100.2109375
08:00:30,91282CKV2,TSRYS5823596,D,S,T,2024-07-03,1000000.00,4.546746,100.2109375
08:00:30,91282CKV2,TSRYS5823596,D,S,T,2024-07-03,1000000.00,4.546746,100.2109375
08:00:30,91282CKV2,TSRYS5823596,D,S,T,2024-07-03,1000000.00,4.546746,100.2109375
08:00:30,91282CKV2,TSRYS5823596,D,S,T,2024-07-03,1000000.00,4.546746,100.2109375
08:00:30,91282CKV2,TSRYS5823596,D,S,T,2024-07-03,2000000.00,4.548176,100.20703125
08:00:30,91282CKV2,TSRYS5823596,D,S,T,2024-07-03,2000000.00,4.548176,100.20703125
08:00:30,91282CKV2,TSRYS5823596,D,S,T,2024-07-03,1000000.00,4.548176,100.20703125
08:00:30,91282CKV2,TSRYS5823596,D,S,T,2024-07-03,1000000.00,4.546746,100.2109375
08:00:30,91282CKV2,TSRYS5823596,D,S,T,2024-07-03,1000000.00,4.546746,100.2109375
08:00:30,91282CKV2,TSRYS5823596,D,S,T,2024-07-03,1000000.00,4.549606,100.203125
08:00:30,91282CKV2,TSRYS5823596,D,S,T,2024-07-03,1000000.00,4.549606,100.203125
08:00:30,91282CKV2,TSRYS5823596,D,S,T,2024-07-03,1000000.00,4.548176,100.20703125
08:00:30,91282CKV2,TSRYS5823596,D,S,T,2024-07-03,1000000.00,4.553896,100.19140625
08:00:30,91282CKV2,TSRYS5823596,D,S,T,2024-07-03,1000000.00,4.552466,100.1953125
08:00:30,91282CKV2,TSRYS5823596,D,S,T,2024-07-03,1000000.00,4.553896,100.19140625
08:00:30,91282CKV2,TSRYS5823596,D,S,T,2024-07-03,1000000.00,4.553181,100.193359375
08:00:30,91282CKV2,TSRYS5823596,D,S,T,2024-07-03,1000000.00,4.555326,100.1875
08:00:30,91282CKV2,TSRYS5823596,D,S,T,2024-07-03,1000000.00,4.551036,100.19921875
08:00:30,91282CKV2,TSRYS5823596,D,S,T,2024-07-03,3000000.00,4.553896,100.19140625
08:00:30,91282CKV2,TSRYS5823596,D,S,T,2024-07-03,1000000.00,4.553896,100.19140625
08:00:30,91282CKV2,TSRYS5823596,D,S,T,2024-07-03,1000000.00,4.553896,100.19140625
08:00:30,91282CKV2,TSRYS5823596,D,S,T,2024-07-03,1000000.00,4.553896,100.19140625
08:00:30,91282CKV2,TSRYS5823596,D,S,T,2024-07-03,1000000.00,4.555326,100.1875
08:00:30,91282CKV2,TSRYS5823596,D,S,T,2024-07-03,1000000.00,4.552466,100.1953125
08:00:30,91282CKV2,TSRYS5823596,D,S,T,2024-07-03,1000000.00,4.552466,100.1953125
08:00:30,91282CKV2,TSRYS5823596,D,S,T,2024-07-03,1000000.00,4.552466,100.1953125
08:00:30,91282CKV2,TSRYS5823596,D,S,T,2024-07-03,1000000.00,4.556757,100.18359375
08:00:30,91282CKV2,TSRYS5823596,D,S,T,2024-07-03,1000000.00,4.556757,100.18359375
08:00:30,91282CKV2,TSRYS5823596,D,S,T,2024-07-03,1000000.00,4.556757,100.18359375
08:00:30,91282CKV2,TSRYS5823596,D,S,T,2024-07-03,1000000.00,4.555326,100.1875
08:00:30,91282CKV2,TSRYS5823596,D,S,T,2024-07-03,1000000.00,4.558187,100.1796875
08:00:30,91282CKV2,TSRYS5823596,D,S,T,2024-07-03,2000000.00,4.557472,100.181640625
08:00:30,91282CKV2,TSRYS5823596,D,S,T,2024-07-03,1000000.00,4.558187,100.1796875
08:00:30,91282CKV2,TSRYS5823596,D,S,T,2024-07-03,1000000.00,4.558187,100.1796875
08:00:30,91282CKV2,TSRYS5823596,D,S,T,2024-07-03,1000000.00,4.558187,100.1796875
08:00:30,91282CKV2,TSRYS5823596,D,S,T,2024-07-03,1000000.00,4.558187,100.1796875
08:00:30,91282CKV2,TSRYS5823596,D,S,T,2024-07-03,2000000.00,4.556757,100.18359375
08:00:30,91282CKV2,TSRYS5823596,D,S,T,2024-07-03,1000000.00,4.556757,100.18359375
08:00:30,91282CKV2,TSRYS5823596,D,S,T,2024-07-03,1000000.00,4.556757,100.18359375
08:00:30,91282CKV2,TSRYS5823596,D,S,T,2024-07-03,1000000.00,4.559618,100.17578125
08:00:30,91282CKV2,TSRYS5823596,D,S,T,2024-07-03,1000000.00,4.559618,100.17578125
08:00:30,91282CKV2,TSRYS5823596,D,S,T,2024-07-03,1000000.00,4.559618,100.17578125
08:00:30,91282CKV2,TSRYS5823596,D,S,T,2024-07-03,1000000.00,4.558902,100.177734375
08:00:30,91282CKV2,TSRYS5823596,D,S,T,2024-07-03,1000000.00,4.562479,100.16796875
08:00:30,91282CKV2,TSRYS5823596,D,S,T,2024-07-03,1000000.00,4.563909,100.1640625
08:00:30,91282CKV2,TSRYS5823596,D,S,T,2024-07-03,1000000.00,4.56534,100.16015625
08:00:30,91282CKV2,TSRYS5823596,D,S,T,2024-07-03,1000000.00,4.56534,100.16015625
08:00:30,91282CKV2,TSRYS5823596,D,S,T,2024-07-03,1000000.00,4.563909,100.1640625
08:00:30,91282CKV2,TSRYS5823596,D,S,T,2024-07-03,1000000.00,4.563909,100.1640625
08:00:30,91282CKV2,TSRYS5823596,D,S,T,2024-07-03,1000000.00,4.563909,100.1640625
08:00:30,91282CKV2,TSRYS5823596,D,S,T,2024-07-03,1000000.00,4.563909,100.1640625
08:00:30,91282CKV2,TSRYS5823596,D,S,T,2024-07-03,1000000.00,4.563909,100.1640625
08:00:30,91282CKV2,TSRYS5823596,D,S,T,2024-07-03,1000000.00,4.563909,100.1640625
08:00:30,91282CKV2,TSRYS5823596,D,S,T,2024-07-03,1000000.00,4.56534,100.16015625
08:00:30,91282CKV2,TSRYS5823596,D,S,T,2024-07-03,1000000.00,4.564625,100.162109375
08:00:30,91282CKV2,TSRYS5823596,D,S,T,2024-07-03,1000000.00,4.564625,100.162109375
08:00:30,91282CKV2,TSRYS5823596,D,S,T,2024-07-03,1000000.00,4.56534,100.16015625
08:00:30,91282CKV2,TSRYS5823596,D,S,T,2024-07-03,1000000.00,4.56534,100.16015625
08:00:30,91282CKV2,TSRYS5823596,D,S,T,2024-07-03,1000000.00,4.563909,100.1640625
08:00:30,91282CKV2,TSRYS5823596,D,S,T,2024-07-03,1000000.00,4.562479,100.16796875
08:00:30,91282CKV2,TSRYS5823596,D,S,T,2024-07-03,1000000.00,4.561048,100.171875
08:00:30,91282CKV2,TSRYS5823596,D,S,T,2024-07-03,1000000.00,4.562479,100.16796875
08:00:30,91282CKV2,TSRYS5823596,D,S,T,2024-07-03,1000000.00,4.562479,100.16796875
08:00:30,91282CKV2,TSRYS5823596,D,S,T,2024-07-03,1000000.00,4.563194,100.166015625
08:00:30,91282CKV2,TSRYS5823596,D,S,T,2024-07-03,1000000.00,4.563194,100.166015625
08:00:30,91282CKV2,TSRYS5823596,D,S,T,2024-07-03,2000000.00,4.563194,100.166015625
08:00:30,91282CKV2,TSRYS5823596,D,S,T,2024-07-03,1000000.00,4.561048,100.171875
08:00:30,91282CKV2,TSRYS5823596,D,S,T,2024-07-03,2000000.00,4.561048,100.171875
08:00:30,91282CKV2,TSRYS5823596,D,S,T,2024-07-03,1000000.00,4.561048,100.171875
08:00:30,91282CKV2,TSRYS5823596,D,S,T,2024-07-03,1000000.00,4.561763,100.169921875
08:00:30,91282CKV2,TSRYS5823596,D,S,T,2024-07-03,1000000.00,4.563194,100.166015625
08:00:30,91282CKV2,TSRYS5823596,D,S,T,2024-07-03,1000000.00,4.562479,100.16796875
08:00:30,91282CKV2,TSRYS5823596,D,S,T,2024-07-03,1000000.00,4.56534,100.16015625
08:00:30,91282CKV2,TSRYS5823596,D,S,T,2024-07-03,1000000.00,4.563909,100.1640625
08:00:30,91282CKV2,TSRYS5823596,D,S,T,2024-07-03,1000000.00,4.563909,100.1640625
08:00:30,91282CKV2,TSRYS5823596,D,S,T,2024-07-03,1000000.00,4.562479,100.16796875
08:00:30,91282CKV2,TSRYS5823596,D,S,T,2024-07-03,1000000.00,4.559618,100.17578125
08:00:30,91282CKV2,TSRYS5823596,D,S,T,2024-07-03,1000000.00,4.562479,100.16796875
08:00:30,91282CKV2,TSRYS5823596,D,S,T,2024-07-03,1000000.00,4.562479,100.16796875
08:00:30,91282CKV2,TSRYS5823596,D,S,T,2024-07-03,1000000.00,4.562479,100.16796875
08:00:30,91282CKV2,TSRYS5823596,D,S,T,2024-07-03,1000000.00,4.562479,100.16796875
08:00:30,91282CKV2,TSRYS5823596,D,S,T,2024-07-03,2000000.00,4.563194,100.166015625
08:00:30,91282CKV2,TSRYS5823596,D,S,T,2024-07-03,1000000.00,4.563194,100.166015625
08:00:30,91282CKV2,TSRYS5823596,D,S,T,2024-07-03,1000000.00,4.563194,100.166015625
08:00:30,91282CKV2,TSRYS5823596,D,S,T,2024-07-03,1000000.00,4.562479,100.16796875
08:00:30,91282CKV2,TSRYS5823596,D,S,T,2024-07-03,1000000.00,4.562479,100.16796875
08:00:30,91282CKV2,TSRYS5823596,D,S,T,2024-07-03,1000000.00,4.563909,100.1640625
08:00:30,91282CKV2,TSRYS5823596,D,S,T,2024-07-03,1000000.00,4.563909,100.1640625
08:00:30,91282CKV2,TSRYS5823596,D,S,T,2024-07-03,1000000.00,4.563194,100.166015625
08:00:30,91282CKV2,TSRYS5823596,D,S,T,2024-07-03,1000000.00,4.562479,100.16796875
08:00:30,91282CKV2,TSRYS5823596,D,S,T,2024-07-03,1000000.00,4.563909,100.1640625
08:00:30,91282CKV2,TSRYS5823596,D,S,T,2024-07-03,1000000.00,4.56534,100.16015625
08:00:30,91282CKV2,TSRYS5823596,D,S,T,2024-07-03,1000000.00,4.56534,100.16015625
08:00:30,91282CKV2,TSRYS5823596,D,S,T,2024-07-03,1000000.00,4.56534,100.16015625
08:00:30,91282CKV2,TSRYS5823596,D,S,T,2024-07-03,2000000.00,4.56534,100.16015625
08:00:30,91282CKV2,TSRYS5823596,D,S,T,2024-07-03,2000000.00,4.56534,100.16015625
08:00:30,91282CKV2,TSRYS5823596,D,S,T,2024-07-03,1000000.00,4.56534,100.16015625
08:00:30,91282CKV2,TSRYS5823596,D,S,T,2024-07-03,1000000.00,4.56534,100.16015625
08:00:30,91282CKV2,TSRYS5823596,D,S,T,2024-07-03,1000000.00,4.56534,100.16015625
08:00:30,91282CKV2,TSRYS5823596,D,S,T,2024-07-03,3000000.00,4.56534,100.16015625
08:00:30,91282CKV2,TSRYS5823596,D,S,T,2024-07-03,1000000.00,4.56534,100.16015625
08:00:30,91282CKV2,TSRYS5823596,D,S,T,2024-07-03,2000000.00,4.56534,100.16015625
08:00:30,91282CKV2,TSRYS5823596,D,S,T,2024-07-03,1000000.00,4.56534,100.16015625
08:00:30,91282CKV2,TSRYS5823596,D,S,T,2024-07-03,1000000.00,4.56534,100.16015625
08:00:30,91282CKV2,TSRYS5823596,D,S,T,2024-07-03,2000000.00,4.566056,100.158203125
08:00:30,91282CKV2,TSRYS5823596,D,S,T,2024-07-03,1000000.00,4.566771,100.15625
08:00:30,91282CKV2,TSRYS5823596,D,S,T,2024-07-03,1000000.00,4.566771,100.15625
08:00:30,91282CKV2,TSRYS5823596,D,S,T,2024-07-03,1000000.00,4.566771,100.15625
08:00:30,91282CKV2,TSRYS5823596,D,S,T,2024-07-03,1000000.00,4.566771,100.15625
08:00:30,91282CKV2,TSRYS5823596,D,S,T,2024-07-03,1000000.00,4.566771,100.15625
08:00:30,91282CKV2,TSRYS5823596,D,S,T,2024-07-03,2000000.00,4.566771,100.15625
08:00:30,91282CKV2,TSRYS5823596,D,S,T,2024-07-03,2000000.00,4.566771,100.15625
08:00:30,91282CKV2,TSRYS5823596,D,S,T,2024-07-03,1000000.00,4.566771,100.15625
08:00:30,91282CKV2,TSRYS5823596,D,S,T,2024-07-03,1000000.00,4.566771,100.15625
08:00:30,91282CKV2,TSRYS5823596,D,S,T,2024-07-03,1000000.00,4.566771,100.15625
08:00:30,91282CKV2,TSRYS5823596,D,S,T,2024-07-03,1000000.00,4.56534,100.16015625
08:00:30,91282CKV2,TSRYS5823596,D,S,T,2024-07-03,1000000.00,4.56534,100.16015625
08:00:30,91282CKV2,TSRYS5823596,D,S,T,2024-07-03,1000000.00,4.56534,100.16015625
08:00:30,91282CKV2,TSRYS5823596,D,S,T,2024-07-03,2000000.00,4.56534,100.16015625
08:00:30,91282CKV2,TSRYS5823596,D,S,T,2024-07-03,1000000.00,4.563909,100.1640625
08:00:30,91282CKV2,TSRYS5823596,D,S,T,2024-07-03,1000000.00,4.562479,100.16796875
08:00:30,91282CKV2,TSRYS5823596,D,S,T,2024-07-03,1000000.00,4.562479,100.16796875
08:00:30,91282CKV2,TSRYS5823596,D,S,T,2024-07-03,1000000.00,4.559618,100.17578125
08:00:30,91282CKV2,TSRYS5823596,D,S,T,2024-07-03,1000000.00,4.558902,100.177734375
08:00:30,91282CKV2,TSRYS5823596,D,S,T,2024-07-03,1000000.00,4.561048,100.171875
08:00:30,91282CKV2,TSRYS5823596,D,S,T,2024-07-03,2000000.00,4.558902,100.177734375
08:00:30,91282CKV2,TSRYS5823596,D,S,T,2024-07-03,1000000.00,4.559618,100.17578125
08:00:30,91282CKV2,TSRYS5823596,D,S,T,2024-07-03,1000000.00,4.561048,100.171875
08:00:30,91282CKV2,TSRYS5823596,D,S,T,2024-07-03,1000000.00,4.561048,100.171875
08:00:30,91282CKV2,TSRYS5823596,D,S,T,2024-07-03,1000000.00,4.561048,100.171875
08:00:30,91282CKV2,TSRYS5823596,D,S,T,2024-07-03,1000000.00,4.561048,100.171875
08:00:30,91282CKV2,TSRYS5823596,D,S,T,2024-07-03,3000000.00,4.561048,100.171875
08:00:30,91282CKV2,TSRYS5823596,D,S,T,2024-07-03,1000000.00,4.561048,100.171875
08:00:30,91282CKV2,TSRYS5823596,D,S,T,2024-07-03,5000000.00,4.561048,100.171875
08:00:30,91282CKV2,TSRYS5823596,D,S,T,2024-07-03,1000000.00,4.561048,100.171875
08:00:30,91282CKV2,TSRYS5823596,D,S,T,2024-07-03,1000000.00,4.561048,100.171875
08:00:30,91282CKV2,TSRYS5823596,D,S,T,2024-07-03,1000000.00,4.561048,100.171875
08:00:30,91282CKV2,TSRYS5823596,D,S,T,2024-07-03,1000000.00,4.561048,100.171875
08:00:30,91282CKV2,TSRYS5823596,D,S,T,2024-07-03,1000000.00,4.561048,100.171875
08:00:30,91282CKV2,TSRYS5823596,D,S,T,2024-07-03,2000000.00,4.561048,100.171875
08:00:30,91282CKV2,TSRYS5823596,D,S,T,2024-07-03,2000000.00,4.561048,100.171875
08:00:30,91282CKV2,TSRYS5823596,D,S,T,2024-07-03,1000000.00,4.562479,100.16796875
08:00:30,91282CKV2,TSRYS5823596,D,S,T,2024-07-03,1000000.00,4.556757,100.18359375
08:00:30,91282CKV2,TSRYS5823596,D,S,T,2024-07-03,1000000.00,4.558187,100.1796875
08:00:30,91282CKV2,TSRYS5823596,D,S,T,2024-07-03,1000000.00,4.558187,100.1796875
08:00:30,91282CKV2,TSRYS5823596,D,S,T,2024-07-03,1000000.00,4.561048,100.171875
08:00:30,91282CKV2,TSRYS5823596,D,S,T,2024-07-03,1000000.00,4.559618,100.17578125
08:00:30,91282CKV2,TSRYS5823596,D,S,T,2024-07-03,1000000.00,4.561048,100.171875
08:00:30,91282CKV2,TSRYS5823596,D,S,T,2024-07-03,1000000.00,4.561048,100.171875
08:00:30,91282CKV2,TSRYS5823596,D,S,T,2024-07-03,1000000.00,4.561048,100.171875
08:00:30,91282CKV2,TSRYS5823596,D,S,T,2024-07-03,1000000.00,4.559618,100.17578125
08:00:30,91282CKV2,TSRYS5823596,D,S,T,2024-07-03,1000000.00,4.561048,100.171875
08:00:30,91282CKV2,TSRYS5823596,D,S,T,2024-07-03,1000000.00,4.561048,100.171875
08:00:30,91282CKV2,TSRYS5823596,D,S,T,2024-07-03,1000000.00,4.561048,100.171875
08:00:30,91282CKV2,TSRYS5823596,D,S,T,2024-07-03,2000000.00,4.562479,100.16796875
08:00:30,91282CKV2,TSRYS5823596,D,S,T,2024-07-03,1000000.00,4.561763,100.169921875
08:00:30,91282CKV2,TSRYS5823596,D,S,T,2024-07-03,1000000.00,4.562479,100.16796875
08:00:30,91282CKV2,TSRYS5823596,D,S,T,2024-07-03,1000000.00,4.562479,100.16796875
08:00:30,91282CKV2,TSRYS5823596,D,S,T,2024-07-03,1000000.00,4.562479,100.16796875
08:00:30,91282CKV2,TSRYS5823596,D,S,T,2024-07-03,1000000.00,4.562479,100.16796875
08:00:30,91282CKV2,TSRYS5823596,D,S,T,2024-07-03,1000000.00,4.562479,100.16796875
08:00:30,91282CKV2,TSRYS5823596,D,S,T,2024-07-03,1000000.00,4.562479,100.16796875
08:00:30,91282CKV2,TSRYS5823596,D,S,T,2024-07-03,3000000.00,4.562479,100.16796875
08:00:30,91282CKV2,TSRYS5823596,D,S,T,2024-07-03,1000000.00,4.561048,100.171875
08:00:30,91282CKV2,TSRYS5823596,D,S,T,2024-07-03,1000000.00,4.563194,100.166015625
08:00:30,91282CKV2,TSRYS5823596,D,S,T,2024-07-03,1000000.00,4.563194,100.166015625
08:00:30,91282CKV2,TSRYS5823596,D,S,T,2024-07-03,1000000.00,4.563194,100.166015625
08:00:30,91282CKV2,TSRYS5823596,D,S,T,2024-07-03,1000000.00,4.564625,100.162109375
08:00:30,91282CKV2,TSRYS5823596,D,S,T,2024-07-03,1000000.00,4.562479,100.16796875
08:00:30,91282CKV2,TSRYS5823596,D,S,T,2024-07-03,1000000.00,4.560333,100.173828125
08:00:30,91282CKV2,TSRYS5823596,D,S,T,2024-07-03,1000000.00,4.561048,100.171875
08:00:30,91282CKV2,TSRYS5823596,D,S,T,2024-07-03,1000000.00,4.561048,100.171875
08:00:30,91282CKV2,TSRYS5823596,D,S,T,2024-07-03,1000000.00,4.561048,100.171875
08:00:30,91282CKV2,TSRYS5823596,D,S,T,2024-07-03,1000000.00,4.561048,100.171875
08:00:30,91282CKV2,TSRYS5823596,D,S,T,2024-07-03,1000000.00,4.561048,100.171875
08:00:30,91282CKV2,TSRYS5823596,D,S,T,2024-07-03,1000000.00,4.561048,100.171875
08:00:30,91282CKV2,TSRYS5823596,D,S,T,2024-07-03,1000000.00,4.562479,100.16796875
08:00:30,91282CKV2,TSRYS5823596,D,S,T,2024-07-03,1000000.00,4.562479,100.16796875
08:00:30,91282CKV2,TSRYS5823596,D,S,T,2024-07-03,1000000.00,4.563909,100.1640625
08:00:30,91282CKV2,TSRYS5823596,D,S,T,2024-07-03,1000000.00,4.563909,100.1640625
08:00:30,91282CKV2,TSRYS5823596,D,S,T,2024-07-03,1000000.00,4.564625,100.162109375
08:00:30,91282CKV2,TSRYS5823596,D,S,T,2024-07-03,1000000.00,4.564625,100.162109375
08:00:30,91282CKV2,TSRYS5823596,D,S,T,2024-07-03,1000000.00,4.563909,100.1640625
08:00:30,91282CKV2,TSRYS5823596,D,S,T,2024-07-03,1000000.00,4.563909,100.1640625
08:00:30,91282CKV2,TSRYS5823596,D,S,T,2024-07-03,1000000.00,4.563909,100.1640625
08:00:30,91282CKV2,TSRYS5823596,D,S,T,2024-07-03,1000000.00,4.564625,100.162109375
08:00:30,91282CKV2,TSRYS5823596,D,S,T,2024-07-03,1000000.00,4.56534,100.16015625
08:00:30,91282CKV2,TSRYS5823596,D,S,T,2024-07-03,1000000.00,4.56534,100.16015625
08:00:30,91282CKV2,TSRYS5823596,D,S,T,2024-07-03,1000000.00,4.566771,100.15625
08:00:30,91282CKV2,TSRYS5823596,D,S,T,2024-07-03,2000000.00,4.566771,100.15625
08:00:30,91282CKV2,TSRYS5823596,D,S,T,2024-07-03,1000000.00,4.566771,100.15625
08:00:30,91282CKV2,TSRYS5823596,D,S,T,2024-07-03,1000000.00,4.566771,100.15625
08:00:30,91282CKV2,TSRYS5823596,D,S,T,2024-07-03,2000000.00,4.566771,100.15625
08:00:30,91282CKV2,TSRYS5823596,D,S,T,2024-07-03,1000000.00,4.566771,100.15625
08:00:30,91282CKV2,TSRYS5823596,D,S,T,2024-07-03,1000000.00,4.566771,100.15625
08:00:30,91282CKV2,TSRYS5823596,D,S,T,2024-07-03,1000000.00,4.566771,100.15625
08:00:30,91282CKV2,TSRYS5823596,D,S,T,2024-07-03,1000000.00,4.566771,100.15625
08:00:30,91282CKV2,TSRYS5823596,D,S,T,2024-07-03,1000000.00,4.566771,100.15625
08:00:30,91282CKV2,TSRYS5823596,D,S,T,2024-07-03,1000000.00,4.566771,100.15625
08:00:30,91282CKV2,TSRYS5823596,D,S,T,2024-07-03,1000000.00,4.566771,100.15625
08:00:30,91282CKV2,TSRYS5823596,D,S,T,2024-07-03,1000000.00,4.566771,100.15625
08:00:30,91282CKV2,TSRYS5823596,D,S,T,2024-07-03,1000000.00,4.566771,100.15625
08:00:30,91282CKV2,TSRYS5823596,D,S,T,2024-07-03,1000000.00,4.56534,100.16015625
08:00:30,91282CKV2,TSRYS5823596,D,S,T,2024-07-03,1000000.00,4.56534,100.16015625
08:00:30,91282CKV2,TSRYS5823596,D,S,T,2024-07-03,2000000.00,4.56534,100.16015625
08:00:30,91282CKV2,TSRYS5823596,D,S,T,2024-07-03,1000000.00,4.56534,100.16015625
08:00:30,91282CKV2,TSRYS5823596,D,S,T,2024-07-03,1000000.00,4.563909,100.1640625
08:00:30,91282CKV2,TSRYS5823596,D,S,T,2024-07-03,1000000.00,4.563909,100.1640625
08:00:30,91282CKV2,TSRYS5823596,D,S,T,2024-07-03,1000000.00,4.563909,100.1640625
08:00:30,91282CKV2,TSRYS5823596,D,S,T,2024-07-03,1000000.00,4.56534,100.16015625
08:00:30,91282CKV2,TSRYS5823596,D,S,T,2024-07-03,1000000.00,4.566771,100.15625
08:00:30,91282CKV2,TSRYS5823596,D,S,T,2024-07-03,1000000.00,4.56534,100.16015625
08:00:30,91282CKV2,TSRYS5823596,D,S,T,2024-07-03,1000000.00,4.56534,100.16015625
08:00:30,91282CKV2,TSRYS5823596,D,S,T,2024-07-03,1000000.00,4.56534,100.16015625
08:00:30,91282CKV2,TSRYS5823596,D,S,T,2024-07-03,1000000.00,4.56534,100.16015625
08:00:30,91282CKV2,TSRYS5823596,D,S,T,2024-07-03,1000000.00,4.56534,100.16015625
08:00:30,91282CKV2,TSRYS5823596,D,S,T,2024-07-03,1000000.00,4.56534,100.16015625
08:00:30,91282CKV2,TSRYS5823596,D,S,T,2024-07-03,1000000.00,4.566056,100.158203125
08:00:30,91282CKV2,TSRYS5823596,D,S,T,2024-07-03,1000000.00,4.566771,100.15625
08:00:30,91282CKV2,TSRYS5823596,D,S,T,2024-07-03,1000000.00,4.56534,100.16015625
08:00:30,91282CKV2,TSRYS5823596,D,S,T,2024-07-03,1000000.00,4.56534,100.16015625
08:00:30,91282CKV2,TSRYS5823596,D,S,T,2024-07-03,1000000.00,4.567486,100.154296875
08:00:30,91282CKV2,TSRYS5823596,D,S,T,2024-07-03,1000000.00,4.566771,100.15625
08:00:30,91282CKV2,TSRYS5823596,D,S,T,2024-07-03,2000000.00,4.566771,100.15625
08:00:30,91282CKV2,TSRYS5823596,D,S,T,2024-07-03,2000000.00,4.56534,100.16015625
08:00:30,91282CKV2,TSRYS5823596,D,S,T,2024-07-03,1000000.00,4.56534,100.16015625
08:00:30,91282CKV2,TSRYS5823596,D,S,T,2024-07-03,1000000.00,4.56534,100.16015625
08:00:30,91282CKV2,TSRYS5823596,D,S,T,2024-07-03,2000000.00,4.56534,100.16015625
08:00:30,91282CKV2,TSRYS5823596,D,S,T,2024-07-03,1000000.00,4.56534,100.16015625
08:00:30,91282CKV2,TSRYS5823596,D,S,T,2024-07-03,2000000.00,4.56534,100.16015625
08:00:30,91282CKV2,TSRYS5823596,D,S,T,2024-07-03,2000000.00,4.56534,100.16015625
08:00:30,91282CKV2,TSRYS5823596,D,S,T,2024-07-03,2000000.00,4.563909,100.1640625
08:00:30,91282CKV2,TSRYS5823596,D,S,T,2024-07-03,1000000.00,4.562479,100.16796875
08:00:30,91282CKV2,TSRYS5823596,D,S,T,2024-07-03,1000000.00,4.562479,100.16796875
08:00:30,91282CKV2,TSRYS5823596,D,S,T,2024-07-03,1000000.00,4.561048,100.171875
08:00:30,91282CKV2,TSRYS5823596,D,S,T,2024-07-03,1000000.00,4.559618,100.17578125
08:00:30,91282CKV2,TSRYS5823596,D,S,T,2024-07-03,1000000.00,4.559618,100.17578125
08:00:30,91282CKV2,TSRYS5823596,D,S,T,2024-07-03,4000000.00,4.559618,100.17578125
08:00:30,91282CKV2,TSRYS5823596,D,S,T,2024-07-03,1000000.00,4.559618,100.17578125
08:00:30,91282CKV2,TSRYS5823596,D,S,T,2024-07-03,4000000.00,4.559618,100.17578125
08:00:30,91282CKV2,TSRYS5823596,D,S,T,2024-07-03,2000000.00,4.559618,100.17578125
08:00:30,91282CKV2,TSRYS5823596,D,S,T,2024-07-03,4000000.00,4.559618,100.17578125
08:00:30,91282CKV2,TSRYS5823596,D,S,T,2024-07-03,2000000.00,4.558187,100.1796875
08:00:30,91282CKV2,TSRYS5823596,D,S,T,2024-07-03,1000000.00,4.558187,100.1796875
08:00:30,91282CKV2,TSRYS5823596,D,S,T,2024-07-03,1000000.00,4.556757,100.18359375
08:00:30,91282CKV2,TSRYS5823596,D,S,T,2024-07-03,2000000.00,4.555326,100.1875
08:00:30,91282CKV2,TSRYS5823596,D,S,T,2024-07-03,1000000.00,4.555326,100.1875
08:00:30,91282CKV2,TSRYS5823596,D,S,T,2024-07-03,1000000.00,4.556757,100.18359375
08:00:30,91282CKV2,TSRYS5823596,D,S,T,2024-07-03,1000000.00,4.556757,100.18359375
08:00:30,91282CKV2,TSRYS5823596,D,S,T,2024-07-03,2000000.00,4.556757,100.18359375
08:00:30,91282CKV2,TSRYS5823596,D,S,T,2024-07-03,1000000.00,4.556042,100.185546875
08:00:30,91282CKV2,TSRYS5823596,D,S,T,2024-07-03,1000000.00,4.555326,100.1875
08:00:30,91282CKV2,TSRYS5823596,D,S,T,2024-07-03,1000000.00,4.553896,100.19140625
08:00:30,91282CKV2,TSRYS5823596,D,S,T,2024-07-03,2000000.00,4.554611,100.189453125
08:00:30,91282CKV2,TSRYS5823596,D,S,T,2024-07-03,1000000.00,4.555326,100.1875
08:00:30,91282CKV2,TSRYS5823596,D,S,T,2024-07-03,1000000.00,4.555326,100.1875
08:00:30,91282CKV2,TSRYS5823596,D,S,T,2024-07-03,1000000.00,4.555326,100.1875
08:00:30,91282CKV2,TSRYS5823596,D,S,T,2024-07-03,1000000.00,4.555326,100.1875
08:00:30,91282CKV2,TSRYS5823596,D,S,T,2024-07-03,1000000.00,4.555326,100.1875
08:00:30,91282CKV2,TSRYS5823596,D,S,T,2024-07-03,3000000.00,4.555326,100.1875
08:00:30,91282CKV2,TSRYS5823596,D,S,T,2024-07-03,2000000.00,4.555326,100.1875
08:00:30,91282CKV2,TSRYS5823596,D,S,T,2024-07-03,2000000.00,4.555326,100.1875
08:00:30,91282CKV2,TSRYS5823596,D,S,T,2024-07-03,1000000.00,4.555326,100.1875
08:00:30,91282CKV2,TSRYS5823596,D,S,T,2024-07-03,1000000.00,4.563909,100.1640625
08:00:30,91282CKV2,TSRYS5823596,D,S,T,2024-07-03,1000000.00,4.562479,100.16796875
08:00:30,91282CKV2,TSRYS5823596,D,S,T,2024-07-03,1000000.00,4.562479,100.16796875
08:00:30,91282CKV2,TSRYS5823596,D,S,T,2024-07-03,1000000.00,4.562479,100.16796875
08:00:30,91282CKV2,TSRYS5823596,D,S,T,2024-07-03,1000000.00,4.562479,100.16796875
08:00:30,91282CKV2,TSRYS5823596,D,S,T,2024-07-03,1000000.00,4.562479,100.16796875
08:00:30,91282CKV2,TSRYS5823596,D,S,T,2024-07-03,1000000.00,4.562479,100.16796875
08:00:30,91282CKV2,TSRYS5823596,D,S,T,2024-07-03,1000000.00,4.562479,100.16796875
08:00:30,91282CKV2,TSRYS5823596,D,S,T,2024-07-03,1000000.00,4.56534,100.16015625
08:00:30,91282CKV2,TSRYS5823596,D,S,T,2024-07-03,1000000.00,4.56534,100.16015625
08:00:30,91282CKV2,TSRYS5823596,D,S,T,2024-07-03,1000000.00,4.56534,100.16015625
08:00:30,91282CKV2,TSRYS5823596,D,S,T,2024-07-03,1000000.00,4.56534,100.16015625
08:00:30,91282CKV2,TSRYS5823596,D,S,T,2024-07-03,1000000.00,4.56534,100.16015625
08:00:30,91282CKV2,TSRYS5823596,D,S,T,2024-07-03,1000000.00,4.56534,100.16015625
08:00:30,91282CKV2,TSRYS5823596,D,S,T,2024-07-03,1000000.00,4.56534,100.16015625
08:00:30,91282CKV2,TSRYS5823596,D,S,T,2024-07-03,1000000.00,4.56534,100.16015625
08:00:30,91282CKV2,TSRYS5823596,D,S,T,2024-07-03,1000000.00,4.56534,100.16015625
08:00:30,91282CKV2,TSRYS5823596,D,S,T,2024-07-03,1000000.00,4.56534,100.16015625
08:00:30,91282CKV2,TSRYS5823596,D,S,T,2024-07-03,1000000.00,4.56534,100.16015625
08:00:30,91282CKV2,TSRYS5823596,D,S,T,2024-07-03,1000000.00,4.56534,100.16015625
08:00:30,91282CKV2,TSRYS5823596,D,S,T,2024-07-03,1000000.00,4.566771,100.15625
08:00:30,91282CKV2,TSRYS5823596,D,S,T,2024-07-03,1000000.00,4.56534,100.16015625
08:00:30,91282CKV2,TSRYS5823596,D,S,T,2024-07-03,1000000.00,4.56534,100.16015625
08:00:30,91282CKV2,TSRYS5823596,D,S,T,2024-07-03,1000000.00,4.563909,100.1640625
08:00:30,91282CKV2,TSRYS5823596,D,S,T,2024-07-03,1000000.00,4.562479,100.16796875
08:00:30,91282CKV2,TSRYS5823596,D,S,T,2024-07-03,1000000.00,4.566771,100.15625
08:00:30,91282CKV2,TSRYS5823596,D,S,T,2024-07-03,1000000.00,4.568202,100.15234375
08:00:30,91282CKV2,TSRYS5823596,D,S,T,2024-07-03,2000000.00,4.568202,100.15234375
08:00:30,91282CKV2,TSRYS5823596,D,S,T,2024-07-03,1000000.00,4.568202,100.15234375
08:00:30,91282CKV2,TSRYS5823596,D,S,T,2024-07-03,1000000.00,4.568202,100.15234375
08:00:30,91282CKV2,TSRYS5823596,D,S,T,2024-07-03,1000000.00,4.568202,100.15234375
08:00:30,91282CKV2,TSRYS5823596,D,S,T,2024-07-03,1000000.00,4.569633,100.1484375
08:00:30,91282CKV2,TSRYS5823596,D,S,T,2024-07-03,1000000.00,4.568202,100.15234375
08:00:30,91282CKV2,TSRYS5823596,D,S,T,2024-07-03,1000000.00,4.568202,100.15234375
08:00:30,91282CKV2,TSRYS5823596,D,S,T,2024-07-03,1000000.00,4.568202,100.15234375
08:00:30,91282CKV2,TSRYS5823596,D,S,T,2024-07-03,1000000.00,4.568202,100.15234375
08:00:30,91282CKV2,TSRYS5823596,D,S,T,2024-07-03,1000000.00,4.568202,100.15234375
08:00:30,91282CKV2,TSRYS5823596,D,S,T,2024-07-03,1000000.00,4.566771,100.15625
08:00:30,91282CKV2,TSRYS5823596,D,S,T,2024-07-03,1000000.00,4.568202,100.15234375
08:00:30,91282CKV2,TSRYS5823596,D,S,T,2024-07-03,1000000.00,4.568202,100.15234375
08:00:30,91282CKV2,TSRYS5823596,D,S,T,2024-07-03,2000000.00,4.568202,100.15234375
08:00:30,91282CKV2,TSRYS5823596,D,S,T,2024-07-03,1000000.00,4.568202,100.15234375
08:00:30,91282CKV2,TSRYS5823596,D,S,T,2024-07-03,1000000.00,4.568202,100.15234375
08:00:30,91282CKV2,TSRYS5823596,D,S,T,2024-07-03,1000000.00,4.568202,100.15234375
08:00:30,91282CKV2,TSRYS5823596,D,S,T,2024-07-03,1000000.00,4.567486,100.154296875
08:00:30,91282CKV2,TSRYS5823596,D,S,T,2024-07-03,1000000.00,4.569633,100.1484375
08:00:30,91282CKV2,TSRYS5823596,D,S,T,2024-07-03,1000000.00,4.569633,100.1484375
08:00:30,91282CKV2,TSRYS5823596,D,S,T,2024-07-03,1000000.00,4.572495,100.140625
08:00:30,91282CKV2,TSRYS5823596,D,S,T,2024-07-03,1000000.00,4.572495,100.140625
08:00:30,91282CKV2,TSRYS5823596,D,S,T,2024-07-03,1000000.00,4.572495,100.140625
08:00:30,91282CKV2,TSRYS5823596,D,S,T,2024-07-03,1000000.00,4.572495,100.140625
08:00:30,91282CKV2,TSRYS5823596,D,S,T,2024-07-03,1000000.00,4.572495,100.140625
08:00:30,91282CKV2,TSRYS5823596,D,S,T,2024-07-03,3000000.00,4.572495,100.140625
08:00:30,91282CKV2,TSRYS5823596,D,S,T,2024-07-03,1000000.00,4.572495,100.140625
08:00:30,91282CKV2,TSRYS5823596,D,S,T,2024-07-03,1000000.00,4.573926,100.13671875
08:00:30,91282CKV2,TSRYS5823596,D,S,T,2024-07-03,1000000.00,4.572495,100.140625
08:00:30,91282CKV2,TSRYS5823596,D,S,T,2024-07-03,1000000.00,4.572495,100.140625
08:00:30,91282CKV2,TSRYS5823596,D,S,T,2024-07-03,1000000.00,4.572495,100.140625
08:00:30,91282CKV2,TSRYS5823596,D,S,T,2024-07-03,1000000.00,4.572495,100.140625
08:00:30,91282CKV2,TSRYS5823596,D,S,T,2024-07-03,4000000.00,4.573926,100.13671875
08:00:30,91282CKV2,TSRYS5823596,D,S,T,2024-07-03,6000000.00,4.573926,100.13671875
08:00:30,91282CKV2,TSRYS5823596,D,S,T,2024-07-03,7000000.00,4.573926,100.13671875
08:00:30,91282CKV2,TSRYS5823596,D,S,T,2024-07-03,1000000.00,4.573926,100.13671875
08:00:30,91282CKV2,TSRYS5823596,D,S,T,2024-07-03,2000000.00,4.57321,100.138671875
08:00:30,91282CKV2,TSRYS5823596,D,S,T,2024-07-03,1000000.00,4.57321,100.138671875
08:00:30,91282CKV2,TSRYS5823596,D,S,T,2024-07-03,1000000.00,4.573926,100.13671875
08:00:30,91282CKV2,TSRYS5823596,D,S,T,2024-07-03,1000000.00,4.572495,100.140625
08:00:30,91282CKV2,TSRYS5823596,D,S,T,2024-07-03,1000000.00,4.569633,100.1484375
08:00:30,91282CKV2,TSRYS5823596,D,S,T,2024-07-03,1000000.00,4.569633,100.1484375
08:00:30,91282CKV2,TSRYS5823596,D,S,T,2024-07-03,1000000.00,4.569633,100.1484375
08:00:30,91282CKV2,TSRYS5823596,D,S,T,2024-07-03,9000000.00,4.569633,100.1484375
08:00:30,91282CKV2,TSRYS5823596,D,S,T,2024-07-03,9000000.00,4.569633,100.1484375
08:00:30,91282CKV2,TSRYS5823596,D,S,T,2024-07-03,15000000.00,4.569633,100.1484375
08:00:30,91282CKV2,TSRYS5823596,D,S,T,2024-07-03,2000000.00,4.569633,100.1484375
08:00:30,91282CKV2,TSRYS5823596,D,S,T,2024-07-03,2000000.00,4.569633,100.1484375
08:00:30,91282CKV2,TSRYS5823596,D,S,T,2024-07-03,1000000.00,4.569633,100.1484375
08:00:30,91282CKV2,TSRYS5823596,D,S,T,2024-07-03,1000000.00,4.572495,100.140625
08:00:30,91282CKV2,TSRYS5823596,D,S,D,2024-07-03,2000000.00,4.552466,100.1953125
08:00:30,91282CKV2,TSRYS5823596,D,S,D,2024-07-03,1000000.00,4.563909,100.1640625
08:00:30,91282CKV2,TSRYS5823596,D,S,D,2024-07-03,2000000.00,4.563909,100.1640625
08:00:30,91282CKV2,TSRYS5823596,D,S,D,2024-07-03,1000000.00,4.559618,100.17578125
08:00:30,91282CKV2,TSRYS5823596,D,S,D,2024-07-03,2000000.00,4.559618,100.17578125
08:00:30,91282CKV2,TSRYS5823596,D,S,D,2024-07-03,2000000.00,4.559618,100.17578125
08:00:30,91282CKV2,TSRYS5823596,D,S,D,2024-07-03,2000000.00,4.556042,100.185546875
08:00:30,91282CKV2,TSRYS5823596,D,S,D,2024-07-03,1000000.00,4.556042,100.185546875
08:00:30,91282CKV2,TSRYS5823596,D,S,D,2024-07-03,1000000.00,4.556042,100.185546875
08:00:30,91282CKV2,TSRYS5823596,D,S,D,2024-07-03,2000000.00,4.556042,100.185546875
08:00:30,91282CKV2,TSRYS5823596,D,S,D,2024-07-03,2000000.00,4.555326,100.1875
08:00:30,91282CKV2,TSRYS5823596,D,S,D,2024-07-03,1000000.00,4.57321,100.138671875
08:00:30,91282CKV2,TSRYS5823596,D,S,D,2024-07-03,2000000.00,4.571779,100.142578125
08:00:30,91282CKV2,TSRYS5823596,D,S,T,2024-07-03,1000000.00,4.547461,100.208984375
08:00:30,91282CKV2,TSRYS5823596,D,S,T,2024-07-03,1000000.00,4.547461,100.208984375
08:00:30,91282CKV2,TSRYS5823596,D,S,D,2024-07-03,2000000.00,4.563909,100.1640625
08:00:30,91282CKV2,TSRYS5823596,D,S,T,2024-07-03,1000000.00,4.553896,100.19140625
08:00:30,91282CKV2,TSRYS5823596,D,S,T,2024-07-03,1000000.00,4.553896,100.19140625
08:00:30,91282CKV2,TSRYS5823596,D,S,T,2024-07-03,3000000.00,4.555326,100.1875
08:00:30,91282CKV2,TSRYS5823596,D,S,T,2024-07-03,1000000.00,4.562479,100.16796875
08:00:30,91282CKV2,TSRYS5823596,D,S,T,2024-07-03,1000000.00,4.562479,100.16796875
08:00:30,91282CKV2,TSRYS5823596,D,S,T,2024-07-03,1000000.00,4.561048,100.171875
08:00:30,91282CKV2,TSRYS5823596,D,S,T,2024-07-03,2000000.00,4.561048,100.171875
08:00:30,91282CKV2,TSRYS5823596,D,S,T,2024-07-03,1000000.00,4.562479,100.16796875
08:00:30,91282CKV2,TSRYS5823596,D,S,T,2024-07-03,1000000.00,4.562479,100.16796875
08:00:31,91282CKV2,TSRYS5823596,D,S,T,2024-07-03,1000000.00,4.560333,100.173828125
08:00:31,91282CKV2,TSRYS5823596,D,S,T,2024-07-03,1000000.00,4.559618,100.17578125
08:00:31,91282CKV2,TSRYS5823596,D,S,T,2024-07-03,1000000.00,4.563194,100.166015625
08:00:31,91282CKV2,TSRYS5823596,D,S,T,2024-07-03,1000000.00,4.561763,100.169921875
08:00:31,91282CKV2,TSRYS5823596,D,S,T,2024-07-03,1000000.00,4.561763,100.169921875
08:00:31,91282CKV2,TSRYS5823596,D,S,T,2024-07-03,1000000.00,4.561763,100.169921875
08:00:31,91282CKV2,TSRYS5823596,D,S,T,2024-07-03,1000000.00,4.560333,100.173828125
08:00:31,91282CKV2,TSRYS5823596,D,S,T,2024-07-03,1000000.00,4.564625,100.162109375
08:00:31,91282CKV2,TSRYS5823596,D,S,T,2024-07-03,1000000.00,4.564625,100.162109375
08:00:31,91282CKV2,TSRYS5823596,D,S,T,2024-07-03,1000000.00,4.564625,100.162109375
08:00:31,91282CKV2,TSRYS5823596,D,S,T,2024-07-03,1000000.00,4.564625,100.162109375
08:00:31,91282CKV2,TSRYS5823596,D,S,T,2024-07-03,1000000.00,4.564625,100.162109375
08:00:31,91282CKV2,TSRYS5823596,D,S,T,2024-07-03,2000000.00,4.559618,100.17578125
08:00:31,91282CKV2,TSRYS5823596,D,S,T,2024-07-03,4000000.00,4.559618,100.17578125
08:00:31,91282CKV2,TSRYS5823596,D,S,T,2024-07-03,2000000.00,4.559618,100.17578125
08:00:31,91282CKV2,TSRYS5823596,D,S,T,2024-07-03,2000000.00,4.559618,100.17578125
08:00:31,91282CKV2,TSRYS5823596,D,S,T,2024-07-03,1000000.00,4.559618,100.17578125
08:00:31,91282CKV2,TSRYS5823596,D,S,T,2024-07-03,1000000.00,4.559618,100.17578125
08:00:31,91282CKV2,TSRYS5823596,D,S,T,2024-07-03,2000000.00,4.557472,100.181640625
08:00:31,91282CKV2,TSRYS5823596,D,S,T,2024-07-03,2000000.00,4.557472,100.181640625
08:00:31,91282CKV2,TSRYS5823596,D,S,T,2024-07-03,2000000.00,4.556042,100.185546875
08:00:31,91282CKV2,TSRYS5823596,D,S,T,2024-07-03,2000000.00,4.556042,100.185546875
08:00:31,91282CKV2,TSRYS5823596,D,S,T,2024-07-03,2000000.00,4.556042,100.185546875
08:00:31,91282CKV2,TSRYS5823596,D,S,T,2024-07-03,2000000.00,4.556042,100.185546875
08:00:31,91282CKV2,TSRYS5823596,D,S,T,2024-07-03,1000000.00,4.556042,100.185546875
08:00:31,91282CKV2,TSRYS5823596,D,S,T,2024-07-03,2000000.00,4.556042,100.185546875
08:00:31,91282CKV2,TSRYS5823596,D,S,T,2024-07-03,2000000.00,4.556042,100.185546875
08:00:31,91282CKV2,TSRYS5823596,D,S,T,2024-07-03,2000000.00,4.556042,100.185546875
08:00:31,91282CKV2,TSRYS5823596,D,S,T,2024-07-03,2000000.00,4.554611,100.189453125
08:00:31,91282CKV2,TSRYS5823596,D,S,T,2024-07-03,2000000.00,4.554611,100.189453125
08:00:31,91282CKV2,TSRYS5823596,D,S,T,2024-07-03,2000000.00,4.555326,100.1875
08:00:31,91282CKV2,TSRYS5823596,D,S,T,2024-07-03,2000000.00,4.554611,100.189453125
08:00:31,91282CKV2,TSRYS5823596,D,S,T,2024-07-03,2000000.00,4.554611,100.189453125
08:00:31,91282CKV2,TSRYS5823596,D,S,T,2024-07-03,1000000.00,4.555326,100.1875
08:00:31,91282CKV2,TSRYS5823596,D,S,T,2024-07-03,2000000.00,4.555326,100.1875
08:00:31,91282CKV2,TSRYS5823596,D,S,T,2024-07-03,1000000.00,4.563909,100.1640625
08:00:31,91282CKV2,TSRYS5823596,D,S,T,2024-07-03,1000000.00,4.568917,100.150390625
08:00:31,91282CKV2,TSRYS5823596,D,S,T,2024-07-03,1000000.00,4.568917,100.150390625
08:00:31,91282CKV2,TSRYS5823596,D,S,T,2024-07-03,2000000.00,4.568917,100.150390625
08:00:31,91282CKV2,TSRYS5823596,D,S,T,2024-07-03,2000000.00,4.568917,100.150390625
08:00:31,91282CKV2,TSRYS5823596,D,S,T,2024-07-03,1000000.00,4.566056,100.158203125
08:00:31,91282CKV2,TSRYS5823596,D,S,T,2024-07-03,1000000.00,4.568202,100.15234375
08:00:31,91282CKV2,TSRYS5823596,D,S,T,2024-07-03,2000000.00,4.569633,100.1484375
08:00:35,91282CKV2,TSRYS5823596,D,S,T,2024-07-03,1000000.00,4.572495,100.140625
08:00:35,91282CKV2,TSRYS5823596,D,S,T,2024-07-03,1000000.00,4.572495,100.140625
08:00:35,91282CKV2,TSRYS5823596,D,S,T,2024-07-03,2000000.00,4.57321,100.138671875
08:00:35,91282CKV2,TSRYS5823596,D,S,T,2024-07-03,2000000.00,4.571779,100.142578125
08:00:35,91282CKV2,TSRYS5823596,D,S,T,2024-07-03,1000000.00,4.571779,100.142578125
08:00:35,91282CKV2,TSRYS5823596,D,S,T,2024-07-03,1000000.00,4.571779,100.142578125
08:00:35,91282CKV2,TSRYS5823596,D,S,T,2024-07-03,2000000.00,4.571779,100.142578125
08:00:35,91282CKV2,TSRYS5823596,D,S,T,2024-07-03,3000000.00,4.571779,100.142578125
08:00:35,91282CKV2,TSRYS5823596,D,S,T,2024-07-03,3000000.00,4.571779,100.142578125
08:00:35,91282CKV2,TSRYS5823596,D,S,T,2024-07-03,2000000.00,4.571779,100.142578125
08:00:35,91282CKV2,TSRYS5823596,D,S,T,2024-07-03,1000000.00,4.571779,100.142578125
08:00:35,91282CKV2,TSRYS5823596,D,S,T,2024-07-03,1000000.00,4.571064,100.14453125
08:00:35,91282CKV2,TSRYS5823596,D,S,A,2024-07-03,20000000.00,4.546963,100.2109375
08:00:35,91282CKV2,TSRYS5823596,D,S,C,2024-07-03,900000.00,4.553896,100.19140625
08:00:35,91282CKV2,TSRYS5823596,D,S,A,2024-07-03,2662000.00,4.558187,100.1796875
08:00:35,91282CKV2,TSRYS5823596,D,S,C,2024-07-03,11500000.00,4.559618,100.17578125
08:00:35,91282CKV2,TSRYS5823596,D,B,C,2024-07-03,219250000.00,4.561048,100.171875
08:00:35,91282CKV2,TSRYS5823596,D,S,T,2024-07-03,10000000.00,4.558187,100.1796875
08:00:35,91282CKV2,TSRYS5823596,D,S,C,2024-07-03,18000000.00,4.56534,100.16015625
08:00:35,91282CKV2,TSRYS5823596,D,S,T,2024-07-03,1000000.00,4.562479,100.16796875
08:00:35,91282CKV2,TSRYS5823596,D,S,T,2024-07-03,3000000.00,4.562479,100.16796875
08:00:35,91282CKV2,TSRYS5823596,D,S,T,2024-07-03,1000000.00,4.562479,100.16796875
08:00:35,91282CKV2,TSRYS5823596,D,S,T,2024-07-03,3000000.00,4.562479,100.16796875
08:00:35,91282CKV2,TSRYS5823596,D,S,T,2024-07-03,8000000.00,4.562479,100.16796875
08:00:35,91282CKV2,TSRYS5823596,D,S,T,2024-07-03,1000000.00,4.562479,100.16796875
08:00:35,91282CKV2,TSRYS5823596,D,S,T,2024-07-03,1000000.00,4.562479,100.16796875
08:00:35,91282CKV2,TSRYS5823596,D,S,T,2024-07-03,1000000.00,4.562479,100.16796875
08:00:35,91282CKV2,TSRYS5823596,D,S,T,2024-07-03,1000000.00,4.562479,100.16796875
08:00:35,91282CKV2,TSRYS5823596,D,S,T,2024-07-03,1000000.00,4.562479,100.16796875
08:00:35,91282CKV2,TSRYS5823596,D,S,T,2024-07-03,1000000.00,4.562479,100.16796875
08:00:35,91282CKV2,TSRYS5823596,D,S,T,2024-07-03,1000000.00,4.562479,100.16796875
08:00:35,91282CKV2,TSRYS5823596,D,S,D,2024-07-03,1000000.00,4.563909,100.1640625
08:00:35,91282CKV2,TSRYS5823596,D,S,T,2024-07-03,1000000.00,4.563909,100.1640625
08:00:35,91282CKV2,TSRYS5823596,D,S,T,2024-07-03,7000000.00,4.563909,100.1640625
08:00:35,91282CKV2,TSRYS5823596,D,S,T,2024-07-03,1000000.00,4.563909,100.1640625
08:00:35,91282CKV2,TSRYS5823596,D,S,T,2024-07-03,1000000.00,4.563909,100.1640625
08:00:35,91282CKV2,TSRYS5823596,D,S,T,2024-07-03,1000000.00,4.56534,100.16015625
08:00:35,91282CKV2,TSRYS5823596,D,S,T,2024-07-03,1000000.00,4.56534,100.16015625
08:00:35,91282CKV2,TSRYS5823596,D,S,T,2024-07-03,1000000.00,4.56534,100.16015625
08:00:35,91282CKV2,TSRYS5823596,D,S,T,2024-07-03,1000000.00,4.56534,100.16015625
08:00:35,91282CKV2,TSRYS5823596,D,S,A,2024-07-03,4778000.00,4.566771,100.15625
08:00:35,91282CKV2,TSRYS5823596,D,S,D,2024-07-03,30000.00,4.569633,100.1484375
08:00:35,91282CKV2,TSRYS5823596,D,S,A,2024-07-03,18000000.00,4.566771,100.15625
08:00:35,91282CKV2,TSRYS5823596,D,S,A,2024-07-03,90000000.00,4.566954,100.15625
08:00:35,91282CKV2,TSRYS5823596,D,S,T,2024-07-03,1000000.00,4.566771,100.15625
08:00:35,91282CKV2,TSRYS5823596,D,S,T,2024-07-03,1000000.00,4.566771,100.15625
08:00:35,91282CKV2,TSRYS5823596,D,S,T,2024-07-03,1000000.00,4.56534,100.16015625
08:00:35,91282CKV2,TSRYS5823596,D,S,T,2024-07-03,1000000.00,4.56534,100.16015625
08:00:35,91282CKV2,TSRYS5823596,D,S,T,2024-07-03,1000000.00,4.56534,100.16015625
08:00:35,91282CKV2,TSRYS5823596,D,S,T,2024-07-03,1000000.00,4.56534,100.16015625
08:00:35,91282CKV2,TSRYS5823596,D,S,T,2024-07-03,1000000.00,4.56534,100.16015625
08:00:35,91282CKV2,TSRYS5823596,D,S,T,2024-07-03,2000000.00,4.56534,100.16015625
08:00:35,91282CKV2,TSRYS5823596,D,S,T,2024-07-03,1000000.00,4.56534,100.16015625
08:00:35,91282CKV2,TSRYS5823596,D,S,T,2024-07-03,1000000.00,4.56534,100.16015625
08:00:35,91282CKV2,TSRYS5823596,D,S,T,2024-07-03,1000000.00,4.56534,100.16015625
08:00:35,91282CKV2,TSRYS5823596,D,S,T,2024-07-03,1000000.00,4.56534,100.16015625
08:00:35,91282CKV2,TSRYS5823596,D,S,T,2024-07-03,1000000.00,4.563909,100.1640625
08:00:35,91282CKV2,TSRYS5823596,D,S,T,2024-07-03,1000000.00,4.558187,100.1796875
08:00:35,91282CKV2,TSRYS5823596,D,S,T,2024-07-03,1000000.00,4.558187,100.1796875
08:00:35,91282CKV2,TSRYS5823596,D,S,T,2024-07-03,1000000.00,4.555326,100.1875
08:00:35,91282CKV2,TSRYS5823596,D,S,T,2024-07-03,3000000.00,4.553896,100.19140625
08:00:35,91282CKV2,TSRYS5823596,D,S,T,2024-07-03,1000000.00,4.553896,100.19140625
08:00:35,91282CKV2,TSRYS5823596,D,S,T,2024-07-03,2000000.00,4.553896,100.19140625
08:00:35,91282CKV2,TSRYS5823596,D,B,A,2024-07-03,10000000.00,4.563909,100.1640625
08:00:35,91282CKV2,TSRYS5823596,D,S,C,2024-07-03,1267000.00,4.569633,100.1484375
08:00:35,91282CKV2,TSRYS5823596,D,S,D,2024-07-03,350000.00,4.566771,100.15625
08:00:35,91282CKV2,TSRYS5823596,D,S,T,2024-07-03,1000000.00,4.568202,100.15234375
08:00:35,91282CKV2,TSRYS5823596,D,S,C,2024-07-03,2960000.00,4.571064,100.14453125
08:00:35,91282CKV2,TSRYS5823596,D,S,A,2024-07-03,55000.00,4.573926,100.13671875
08:00:35,91282CKV2,TSRYS5823596,D,S,T,2024-07-03,1000000.00,4.571064,100.14453125
08:00:35,91282CKV2,TSRYS5823596,D,S,D,2024-07-03,1000000.00,4.557472,100.181640625
08:00:41,91282CKV2,TSRYS5823596,D,S,D,2024-07-03,1000000.00,4.563909,100.1640625
08:00:42,91282CKV2,TSRYS5823596,D,S,D,2024-07-03,1000000.00,4.566771,100.15625
08:00:43,91282CKV2,TSRYS5823596,D,S,D,2024-07-03,2000000.00,4.56534,100.16015625
08:00:44,91282CKV2,TSRYS5823596,D,S,T,2024-07-03,1000000.00,4.56534,100.16015625
08:00:44,91282CKV2,TSRYS5823596,D,S,D,2024-07-03,1000000.00,4.56534,100.16015625
08:00:45,91282CKV2,TSRYS5823596,D,S,D,2024-07-03,2000000.00,4.559618,100.17578125
08:00:45,91282CKV2,TSRYS5823596,D,S,D,2024-07-03,2000000.00,4.559618,100.17578125
08:00:45,91282CKV2,TSRYS5823596,D,S,D,2024-07-03,1000000.00,4.556757,100.18359375
08:00:45,91282CKV2,TSRYS5823596,D,S,D,2024-07-03,2000000.00,4.556757,100.18359375
08:00:45,91282CKV2,TSRYS5823596,D,S,D,2024-07-03,2000000.00,4.556042,100.185546875
08:00:45,91282CKV2,TSRYS5823596,D,S,D,2024-07-03,1000000.00,4.556042,100.185546875
08:00:45,91282CKV2,TSRYS5823596,D,S,D,2024-07-03,1000000.00,4.556757,100.18359375
08:00:45,91282CKV2,TSRYS5823596,D,S,D,2024-07-03,2000000.00,4.556042,100.185546875
08:00:45,91282CKV2,TSRYS5823596,D,S,T,2024-07-03,1000000.00,4.564625,100.162109375
08:00:45,91282CKV2,TSRYS5823596,D,S,D,2024-07-03,2000000.00,4.556042,100.185546875
08:00:45,91282CKV2,TSRYS5823596,D,S,D,2024-07-03,2000000.00,4.556042,100.185546875
08:00:45,91282CKV2,TSRYS5823596,D,S,D,2024-07-03,1000000.00,4.556042,100.185546875
08:00:45,91282CKV2,TSRYS5823596,D,S,D,2024-07-03,1000000.00,4.556042,100.185546875
08:00:46,91282CKV2,TSRYS5823596,D,S,D,2024-07-03,2000000.00,4.556042,100.185546875
08:00:46,91282CKV2,TSRYS5823596,D,S,D,2024-07-03,1000000.00,4.556042,100.185546875
08:00:46,91282CKV2,TSRYS5823596,D,S,D,2024-07-03,1000000.00,4.556042,100.185546875
08:00:46,91282CKV2,TSRYS5823596,D,S,D,2024-07-03,1000000.00,4.556757,100.18359375
08:00:46,91282CKV2,TSRYS5823596,D,S,D,2024-07-03,2000000.00,4.556042,100.185546875
08:00:46,91282CKV2,TSRYS5823596,D,S,D,2024-07-03,1000000.00,4.556042,100.185546875
08:00:47,91282CKV2,TSRYS5823596,D,B,C,2024-07-03,91500000.00,4.562601,100.16763375
08:00:47,91282CKV2,TSRYS5823596,D,S,D,2024-07-03,1000000.00,4.555326,100.1875
08:00:47,91282CKV2,TSRYS5823596,D,S,D,2024-07-03,1000000.00,4.555326,100.1875
08:00:47,91282CKV2,TSRYS5823596,D,S,D,2024-07-03,3000000.00,4.553896,100.19140625
08:00:47,91282CKV2,TSRYS5823596,D,S,D,2024-07-03,2000000.00,4.555326,100.1875
08:00:50,91282CKV2,TSRYS5823596,D,S,T,2024-07-03,1000000.00,4.562479,100.16796875
08:00:50,91282CKV2,TSRYS5823596,D,S,T,2024-07-03,1000000.00,4.563909,100.1640625
08:00:52,91282CKV2,TSRYS5823596,D,S,T,2024-07-03,2000000.00,4.573926,100.13671875
08:00:53,91282CKV2,TSRYS5823596,D,S,A,2024-07-03,8327000.00,4.552466,100.1953125
08:00:54,91282CKV2,TSRYS5823596,D,S,T,2024-07-03,1000000.00,4.56534,100.16015625
08:00:54,91282CKV2,TSRYS5823596,D,S,T,2024-07-03,1000000.00,4.563909,100.1640625
08:00:55,91282CKV2,TSRYS5823596,D,S,T,2024-07-03,1000000.00,4.56534,100.16015625
08:00:55,91282CKV2,TSRYS5823596,D,S,T,2024-07-03,1000000.00,4.56534,100.16015625
08:00:56,91282CKV2,TSRYS5823596,D,S,D,2024-07-03,1000000.00,4.57321,100.138671875
08:00:58,91282CKV2,TSRYS5823596,D,S,D,2024-07-03,2000000.00,4.571779,100.142578125
08:00:58,91282CKV2,TSRYS5823596,D,S,D,2024-07-03,1000000.00,4.569633,100.1484375
08:00:58,91282CKV2,TSRYS5823596,D,S,D,2024-07-03,1000000.00,4.569633,100.1484375
08:00:59,91282CKV2,TSRYS5823596,D,S,D,2024-07-03,1750000.00,4.56534,100.16015625
08:01:01,91282CKV2,TSRYS5823596,D,S,T,2024-07-03,1000000.00,4.575357,100.1328125
08:01:01,91282CKV2,TSRYS5823596,D,S,T,2024-07-03,1000000.00,4.575357,100.1328125
08:01:03,91282CKV2,TSRYS5823596,D,S,A,2024-07-03,2930000.00,4.550313,100.19921875
08:01:04,91282CKV2,TSRYS5823596,D,B,C,2024-07-03,8700000.00,4.572495,100.140625
08:01:04,91282CKV2,TSRYS5823596,D,S,T,2024-07-03,1000000.00,4.575357,100.1328125
08:01:06,91282CKV2,TSRYS5823596,D,S,C,2024-07-03,1000000.00,4.551751,100.197265625
08:01:06,91282CKV2,TSRYS5823596,D,B,C,2024-07-03,1000000.00,4.553896,100.19140625
08:01:06,91282CKV2,TSRYS5823596,D,S,C,2024-07-03,1000000.00,4.551036,100.19921875
08:01:06,91282CKV2,TSRYS5823596,D,S,D,2024-07-03,1000000.00,4.553896,100.19140625
08:01:06,91282CKV2,TSRYS5823596,D,S,D,2024-07-03,2000000.00,4.551036,100.19921875
08:01:06,91282CKV2,TSRYS5823596,D,B,C,2024-07-03,1000000.00,4.553181,100.193359375
08:01:06,91282CKV2,TSRYS5823596,D,S,C,2024-07-03,1000000.00,4.553181,100.193359375
08:01:06,91282CKV2,TSRYS5823596,D,S,C,2024-07-03,1000000.00,4.554611,100.189453125
08:01:06,91282CKV2,TSRYS5823596,D,S,C,2024-07-03,1000000.00,4.557472,100.181640625
08:01:06,91282CKV2,TSRYS5823596,D,B,C,2024-07-03,1000000.00,4.557472,100.181640625
08:01:06,91282CKV2,TSRYS5823596,D,S,T,2024-07-03,1000000.00,4.556794,100.18349175
08:01:06,91282CKV2,TSRYS5823596,D,B,C,2024-07-03,1000000.00,4.558187,100.1796875
08:01:06,91282CKV2,TSRYS5823596,D,S,C,2024-07-03,1000000.00,4.558187,100.1796875
08:01:07,91282CKV2,TSRYS5823596,D,S,C,2024-07-03,1000000.00,4.555326,100.1875
08:01:07,91282CKV2,TSRYS5823596,D,B,C,2024-07-03,1000000.00,4.555326,100.1875
08:01:07,91282CKV2,TSRYS5823596,D,B,C,2024-07-03,1000000.00,4.556042,100.185546875
08:01:07,91282CKV2,TSRYS5823596,D,S,C,2024-07-03,1000000.00,4.556042,100.185546875
08:01:07,91282CKV2,TSRYS5823596,D,B,C,2024-07-03,1000000.00,4.556042,100.185546875
08:01:07,91282CKV2,TSRYS5823596,D,S,C,2024-07-03,1000000.00,4.556042,100.185546875
08:01:07,91282CKV2,TSRYS5823596,D,S,C,2024-07-03,1000000.00,4.559618,100.17578125
08:01:07,91282CKV2,TSRYS5823596,D,S,C,2024-07-03,1000000.00,4.559618,100.17578125
08:01:07,91282CKV2,TSRYS5823596,D,B,C,2024-07-03,1000000.00,4.559618,100.17578125
08:01:07,91282CKV2,TSRYS5823596,D,S,C,2024-07-03,1000000.00,4.559618,100.17578125
08:01:07,91282CKV2,TSRYS5823596,D,S,D,2024-07-03,1000000.00,4.56534,100.16015625
08:01:07,91282CKV2,TSRYS5823596,D,B,C,2024-07-03,1000000.00,4.563909,100.1640625
08:01:07,91282CKV2,TSRYS5823596,D,S,C,2024-07-03,1000000.00,4.563909,100.1640625
08:01:07,91282CKV2,TSRYS5823596,D,S,C,2024-07-03,1000000.00,4.563909,100.1640625
08:01:07,91282CKV2,TSRYS5823596,D,S,C,2024-07-03,1000000.00,4.563909,100.1640625
08:01:07,91282CKV2,TSRYS5823596,D,S,D,2024-07-03,2000000.00,4.563909,100.1640625
08:01:07,91282CKV2,TSRYS5823596,D,S,D,2024-07-03,1000000.00,4.563909,100.1640625
08:01:08,91282CKV2,TSRYS5823596,D,S,C,2024-07-03,1000000.00,4.558902,100.177734375
08:01:08,91282CKV2,TSRYS5823596,D,B,C,2024-07-03,1000000.00,4.558902,100.177734375
08:01:08,91282CKV2,TSRYS5823596,D,S,C,2024-07-03,1000000.00,4.558902,100.177734375
08:01:08,91282CKV2,TSRYS5823596,D,S,D,2024-07-03,1000000.00,4.557472,100.181640625
08:01:08,91282CKV2,TSRYS5823596,D,B,C,2024-07-03,1000000.00,4.557472,100.181640625
08:01:08,91282CKV2,TSRYS5823596,D,S,C,2024-07-03,1000000.00,4.561048,100.171875
08:01:08,91282CKV2,TSRYS5823596,D,S,C,2024-07-03,4000000.00,4.560333,100.173828125
08:01:09,91282CKV2,TSRYS5823596,D,S,C,2024-07-03,1000000.00,4.566056,100.158203125
08:01:09,91282CKV2,TSRYS5823596,D,S,C,2024-07-03,1000000.00,4.566056,100.158203125
08:01:10,91282CKV2,TSRYS5823596,D,S,D,2024-07-03,2000000.00,4.551036,100.19921875
08:01:10,91282CKV2,TSRYS5823596,D,S,D,2024-07-03,1000000.00,4.551036,100.19921875
08:01:10,91282CKV2,TSRYS5823596,D,S,C,2024-07-03,1000000.00,4.563909,100.1640625
08:01:10,91282CKV2,TSRYS5823596,D,S,D,2024-07-03,1000000.00,4.564625,100.162109375
08:01:10,91282CKV2,TSRYS5823596,D,S,D,2024-07-03,1000000.00,4.563909,100.1640625
08:01:10,91282CKV2,TSRYS5823596,D,B,C,2024-07-03,1000000.00,4.564625,100.162109375
08:01:10,91282CKV2,TSRYS5823596,D,S,D,2024-07-03,2000000.00,4.563909,100.1640625
08:01:10,91282CKV2,TSRYS5823596,D,S,T,2024-07-03,2000000.00,4.551073,100.19911875
08:01:10,91282CKV2,TSRYS5823596,D,B,C,2024-07-03,1000000.00,4.566771,100.15625
08:01:10,91282CKV2,TSRYS5823596,D,S,D,2024-07-03,1000000.00,4.566771,100.15625
08:01:10,91282CKV2,TSRYS5823596,D,S,T,2024-07-03,2000000.00,4.563946,100.1639625
08:01:10,91282CKV2,TSRYS5823596,D,B,C,2024-07-03,1000000.00,4.56534,100.16015625
08:01:10,91282CKV2,TSRYS5823596,D,B,C,2024-07-03,2000000.00,4.56534,100.16015625
08:01:10,91282CKV2,TSRYS5823596,D,S,C,2024-07-03,1000000.00,4.56534,100.16015625
08:01:10,91282CKV2,TSRYS5823596,D,S,D,2024-07-03,2000000.00,4.56534,100.16015625
08:01:10,91282CKV2,TSRYS5823596,D,S,C,2024-07-03,1000000.00,4.56534,100.16015625
08:01:10,91282CKV2,TSRYS5823596,D,S,T,2024-07-03,1000000.00,4.5511,100.19904375
08:01:10,91282CKV2,TSRYS5823596,D,B,C,2024-07-03,2000000.00,4.556757,100.18359375
08:01:10,91282CKV2,TSRYS5823596,D,S,D,2024-07-03,2000000.00,4.556757,100.18359375
08:01:10,91282CKV2,TSRYS5823596,D,B,C,2024-07-03,1000000.00,4.556757,100.18359375
08:01:10,91282CKV2,TSRYS5823596,D,S,T,2024-07-03,1000000.00,4.563974,100.1638875
08:01:10,91282CKV2,TSRYS5823596,D,S,D,2024-07-03,1000000.00,4.556757,100.18359375
08:01:10,91282CKV2,TSRYS5823596,D,S,D,2024-07-03,1000000.00,4.556757,100.18359375
08:01:10,91282CKV2,TSRYS5823596,D,S,D,2024-07-03,1000000.00,4.556042,100.185546875
08:01:10,91282CKV2,TSRYS5823596,D,B,C,2024-07-03,1000000.00,4.556757,100.18359375
08:01:10,91282CKV2,TSRYS5823596,D,B,C,2024-07-03,2000000.00,4.556042,100.185546875
08:01:10,91282CKV2,TSRYS5823596,D,B,C,2024-07-03,1000000.00,4.556042,100.185546875
08:01:10,91282CKV2,TSRYS5823596,D,B,C,2024-07-03,2000000.00,4.556042,100.185546875
08:01:10,91282CKV2,TSRYS5823596,D,S,D,2024-07-03,2000000.00,4.556042,100.185546875
08:01:10,91282CKV2,TSRYS5823596,D,S,D,2024-07-03,2000000.00,4.556042,100.185546875
08:01:10,91282CKV2,TSRYS5823596,D,B,C,2024-07-03,2000000.00,4.556042,100.185546875
08:01:10,91282CKV2,TSRYS5823596,D,S,T,2024-07-03,4000000.00,4.551118,100.19899375
08:01:10,91282CKV2,TSRYS5823596,D,S,D,2024-07-03,2000000.00,4.556042,100.185546875
08:01:10,91282CKV2,TSRYS5823596,D,S,D,2024-07-03,1000000.00,4.556042,100.185546875
08:01:10,91282CKV2,TSRYS5823596,D,S,D,2024-07-03,1000000.00,4.556042,100.185546875
08:01:10,91282CKV2,TSRYS5823596,D,B,C,2024-07-03,1000000.00,4.556042,100.185546875
08:01:11,91282CKV2,TSRYS5823596,D,S,D,2024-07-03,2000000.00,4.556042,100.185546875
08:01:11,91282CKV2,TSRYS5823596,D,B,C,2024-07-03,1000000.00,4.556042,100.185546875
08:01:11,91282CKV2,TSRYS5823596,D,S,D,2024-07-03,1000000.00,4.556042,100.185546875
08:01:11,91282CKV2,TSRYS5823596,D,B,C,2024-07-03,2000000.00,4.556042,100.185546875
08:01:11,91282CKV2,TSRYS5823596,D,B,C,2024-07-03,1000000.00,4.556042,100.185546875
08:01:11,91282CKV2,TSRYS5823596,D,B,C,2024-07-03,1000000.00,4.556757,100.18359375
08:01:11,91282CKV2,TSRYS5823596,D,S,D,2024-07-03,1000000.00,4.556757,100.18359375
08:01:11,91282CKV2,TSRYS5823596,D,S,T,2024-07-03,4000000.00,4.563992,100.1638375
08:01:11,91282CKV2,TSRYS5823596,D,S,D,2024-07-03,1000000.00,4.555326,100.1875
08:01:11,91282CKV2,TSRYS5823596,D,S,D,2024-07-03,1000000.00,4.555326,100.1875
08:01:11,91282CKV2,TSRYS5823596,D,B,C,2024-07-03,1000000.00,4.555326,100.1875
08:01:11,91282CKV2,TSRYS5823596,D,B,C,2024-07-03,1000000.00,4.555326,100.1875
08:01:11,91282CKV2,TSRYS5823596,D,S,D,2024-07-03,3000000.00,4.553896,100.19140625
08:01:11,91282CKV2,TSRYS5823596,D,B,C,2024-07-03,3000000.00,4.553896,100.19140625
08:01:11,91282CKV2,TSRYS5823596,D,S,D,2024-07-03,1000000.00,4.555326,100.1875
08:01:11,91282CKV2,TSRYS5823596,D,B,C,2024-07-03,1000000.00,4.555326,100.1875
08:01:11,91282CKV2,TSRYS5823596,D,S,D,2024-07-03,2000000.00,4.555326,100.1875
08:01:11,91282CKV2,TSRYS5823596,D,B,C,2024-07-03,2000000.00,4.555326,100.1875
08:01:11,91282CKV2,TSRYS5823596,D,S,D,2024-07-03,2000000.00,4.555326,100.1875
08:01:11,91282CKV2,TSRYS5823596,D,S,C,2024-07-03,2000000.00,4.563562,100.1650118
08:01:11,91282CKV2,TSRYS5823596,D,S,C,2024-07-03,1000000.00,4.563909,100.1640625
08:01:14,91282CKV2,TSRYS5823596,D,S,C,2024-07-03,21300000.00,4.572495,100.140625
08:01:14,91282CKV2,TSRYS5823596,D,B,C,2024-07-03,46900000.00,4.572495,100.140625
08:01:15,91282CKV2,TSRYS5823596,D,S,C,2024-07-03,17100000.00,4.572495,100.140625
08:01:15,91282CKV2,TSRYS5823596,D,S,D,2024-07-03,21300000.00,4.572495,100.140625
08:01:16,91282CKV2,TSRYS5823596,D,S,T,2024-07-03,1000000.00,4.572531,100.140525
08:01:16,91282CKV2,TSRYS5823596,D,S,T,2024-07-03,1000000.00,4.572531,100.140525
08:01:16,91282CKV2,TSRYS5823596,D,S,T,2024-07-03,1000000.00,4.575394,100.1327125
08:01:17,91282CKV2,TSRYS5823596,D,S,A,2024-07-03,703000.00,4.558187,100.1796875
08:01:17,91282CKV2,TSRYS5823596,D,S,A,2024-07-03,550000.00,4.556757,100.18359375
08:01:18,91282CKV2,TSRYS5823596,D,B,C,2024-07-03,1000000.00,4.547461,100.208984375
08:01:18,91282CKV2,TSRYS5823596,D,S,C,2024-07-03,1000000.00,4.547461,100.208984375
08:01:19,91282CKV2,TSRYS5823596,D,B,C,2024-07-03,2000000.00,4.57321,100.138671875
08:01:19,91282CKV2,TSRYS5823596,D,S,D,2024-07-03,2000000.00,4.57321,100.138671875
08:01:20,91282CKV2,TSRYS5823596,D,S,D,2024-07-03,1000000.00,4.547461,100.208984375
08:01:20,91282CKV2,TSRYS5823596,D,S,D,2024-07-03,1000000.00,4.547461,100.208984375
08:01:20,91282CKV2,TSRYS5823596,D,S,D,2024-07-03,1000000.00,4.57321,100.138671875
08:01:20,91282CKV2,TSRYS5823596,D,S,D,2024-07-03,3000000.00,4.57321,100.138671875
08:01:20,91282CKV2,TSRYS5823596,D,S,D,2024-07-03,1000000.00,4.57321,100.138671875
08:01:20,91282CKV2,TSRYS5823596,D,S,A,2024-07-03,183100000.00,4.555326,100.1875
08:01:21,91282CKV2,TSRYS5823596,D,B,C,2024-07-03,1000000.00,4.569633,100.1484375
08:01:21,91282CKV2,TSRYS5823596,D,S,D,2024-07-03,1000000.00,4.569633,100.1484375
08:01:21,91282CKV2,TSRYS5823596,D,S,D,2024-07-03,1000000.00,4.569633,100.1484375
08:01:21,91282CKV2,TSRYS5823596,D,B,C,2024-07-03,1000000.00,4.569633,100.1484375
08:01:22,91282CKV2,TSRYS5823596,D,S,D,2024-07-03,9150000.00,4.441119,100.5
08:01:22,91282CKV2,TSRYS5823596,D,S,D,2024-07-03,9150000.00,4.441119,100.5
08:01:22,91282CKV2,TSRYS5823596,D,S,D,2024-07-03,4550000.00,4.441119,100.5
08:01:22,91282CKV2,TSRYS5823596,D,S,D,2024-07-03,9150000.00,4.441119,100.5
08:01:22,91282CKV2,TSRYS5823596,D,S,D,2024-07-03,13700000.00,4.441119,100.5
08:01:22,91282CKV2,TSRYS5823596,D,B,A,2024-07-03,1000000.00,4.554611,100.189453125
08:01:23,91282CKV2,TSRYS5823596,D,B,C,2024-07-03,1000000.00,4.550321,100.201171875
08:01:23,91282CKV2,TSRYS5823596,D,S,C,2024-07-03,1000000.00,4.550321,100.201171875
08:01:24,91282CKV2,TSRYS5823596,D,S,D,2024-07-03,500000.00,4.56534,100.16015625
08:01:24,91282CKV2,TSRYS5823596,D,B,A,2024-07-03,183100000.00,4.555326,100.1875
08:01:24,91282CKV2,TSRYS5823596,D,B,A,2024-07-03,1000000.00,4.553181,100.193359375
08:01:27,91282CKV2,TSRYS5823596,D,S,A,2024-07-03,43800000.00,4.56534,100.160156
08:01:28,91282CKV2,TSRYS5823596,D,B,A,2024-07-03,1000000.00,4.553896,100.19140625
08:01:29,91282CKV2,TSRYS5823596,D,S,C,2024-07-03,1000000.00,4.553896,100.19140625
08:01:29,91282CKV2,TSRYS5823596,D,S,C,2024-07-03,1000000.00,4.553896,100.19140625
08:01:29,91282CKV2,TSRYS5823596,D,S,D,2024-07-03,500000.00,4.575357,100.1328125
08:01:30,91282CKV2,TSRYS5823596,D,S,T,2024-07-03,1000000.00,4.559618,100.17578125
08:01:32,91282CKV2,TSRYS5823596,D,S,A,2024-07-03,8000000.00,4.566413,100.157226562
08:01:33,91282CKV2,TSRYS5823596,D,S,A,2024-07-03,20000000.00,4.573926,100.13671875
08:01:33,91282CKV2,TSRYS5823596,D,S,A,2024-07-03,3000000.00,4.569633,100.1484375
08:01:33,91282CKV2,TSRYS5823596,D,S,T,2024-07-03,1000000.00,4.561048,100.171875
08:01:33,91282CKV2,TSRYS5823596,D,S,D,2024-07-03,1000000.00,4.561048,100.171875
08:01:33,91282CKV2,TSRYS5823596,D,S,T,2024-07-03,1000000.00,4.559618,100.17578125
08:01:34,91282CKV2,TSRYS5823596,D,S,A,2024-07-03,352000.00,4.56534,100.16015625
08:01:34,91282CKV2,TSRYS5823596,D,S,D,2024-07-03,900000.00,4.552466,100.1953125
08:01:34,91282CKV2,TSRYS5823596,D,S,T,2024-07-03,1000000.00,4.559618,100.17578125
08:01:34,91282CKV2,TSRYS5823596,D,S,A,2024-07-03,1000000.00,4.56534,100.16015625
08:01:35,91282CKV2,TSRYS5823596,D,S,D,2024-07-03,1000000.00,4.56534,100.16015625
08:01:36,91282CKV2,TSRYS5823596,D,S,T,2024-07-03,1000000.00,4.561048,100.171875
08:01:36,91282CKV2,TSRYS5823596,D,S,T,2024-07-03,1000000.00,4.561048,100.171875
08:01:36,91282CKV2,TSRYS5823596,D,S,T,2024-07-03,1000000.00,4.563909,100.1640625
08:01:36,91282CKV2,TSRYS5823596,D,S,D,2024-07-03,1000000.00,4.563909,100.1640625
08:01:36,91282CKV2,TSRYS5823596,D,S,T,2024-07-03,1000000.00,4.563909,100.1640625
08:01:36,91282CKV2,TSRYS5823596,D,S,A,2024-07-03,183100000.00,4.555326,100.1875
08:01:36,91282CKV2,TSRYS5823596,D,S,A,2024-07-03,30000.00,4.56951,100.16543916667
08:01:37,91282CKV2,TSRYS5823596,D,S,A,2024-07-03,8000000.00,4.573926,100.13671875
08:01:38,91282CKV2,TSRYS5823596,D,S,T,2024-07-03,1000000.00,4.563909,100.1640625
08:01:39,91282CKV2,TSRYS5823596,D,B,A,2024-07-03,480000.00,4.561048,100.171875
08:01:40,91282CKV2,TSRYS5823596,D,S,D,2024-07-03,1000000.00,4.56534,100.16015625
08:01:40,91282CKV2,TSRYS5823596,D,S,T,2024-07-03,1000000.00,4.56534,100.16015625
08:01:40,91282CKV2,TSRYS5823596,D,S,D,2024-07-03,1000000.00,4.551036,100.19921875
08:01:41,91282CKV2,TSRYS5823596,D,B,A,2024-07-03,3000000.00,4.553896,100.19140625
08:01:41,91282CKV2,TSRYS5823596,D,S,T,2024-07-03,1000000.00,4.563909,100.1640625
08:01:41,91282CKV2,TSRYS5823596,D,B,A,2024-07-03,2000000.00,4.553896,100.19140625
08:01:41,91282CKV2,TSRYS5823596,D,S,D,2024-07-03,1000000.00,4.563909,100.1640625
08:01:41,91282CKV2,TSRYS5823596,D,S,T,2024-07-03,1000000.00,4.563964,100.1639125
08:01:41,91282CKV2,TSRYS5823596,D,S,D,2024-07-03,1000000.00,4.563909,100.1640625
08:01:41,91282CKV2,TSRYS5823596,D,S,T,2024-07-03,1000000.00,4.563909,100.1640625
08:01:41,91282CKV2,TSRYS5823596,D,S,D,2024-07-03,1000000.00,4.563909,100.1640625
08:01:42,91282CKV2,TSRYS5823596,D,B,C,2024-07-03,1000000.00,4.550321,100.201171875
08:01:42,91282CKV2,TSRYS5823596,D,S,D,2024-07-03,1000000.00,4.550321,100.201171875
08:01:42,91282CKV2,TSRYS5823596,D,B,C,2024-07-03,1000000.00,4.550321,100.201171875
08:01:42,91282CKV2,TSRYS5823596,D,S,D,2024-07-03,1000000.00,4.550321,100.201171875
08:01:42,91282CKV2,TSRYS5823596,D,S,T,2024-07-03,1000000.00,4.56534,100.16015625
08:01:42,91282CKV2,TSRYS5823596,D,S,T,2024-07-03,1000000.00,4.575357,100.1328125
08:01:42,91282CKV2,TSRYS5823596,D,S,C,2024-07-03,10000.00,4.569633,100.148438
08:01:42,91282CKV2,TSRYS5823596,D,B,A,2024-07-03,2000000.00,4.553896,100.19140625
08:01:42,91282CKV2,TSRYS5823596,D,B,A,2024-07-03,169000.00,4.56534,100.160156
08:01:43,91282CKV2,TSRYS5823596,D,S,T,2024-07-03,1000000.00,4.561048,100.171875
08:01:43,91282CKV2,TSRYS5823596,D,S,T,2024-07-03,2000000.00,4.561048,100.171875
08:01:43,91282CKV2,TSRYS5823596,D,S,T,2024-07-03,2000000.00,4.561048,100.171875
08:01:43,91282CKV2,TSRYS5823596,D,B,C,2024-07-03,1000000.00,4.553896,100.19140625
08:01:43,91282CKV2,TSRYS5823596,D,S,D,2024-07-03,1000000.00,4.553896,100.19140625
08:01:43,91282CKV2,TSRYS5823596,D,S,D,2024-07-03,1000000.00,4.553896,100.19140625
08:01:43,91282CKV2,TSRYS5823596,D,S,T,2024-07-03,1000000.00,4.565378,100.16005425
08:01:44,91282CKV2,TSRYS5823596,D,S,T,2024-07-03,1000000.00,4.565378,100.16005425
08:01:44,91282CKV2,TSRYS5823596,D,S,A,2024-07-03,21000.00,4.556757,100.18359375
08:01:44,91282CKV2,TSRYS5823596,D,S,C,2024-07-03,1000000.00,4.552466,100.1953125
08:01:45,91282CKV2,TSRYS5823596,D,S,T,2024-07-03,1000000.00,4.575357,100.1328125
08:01:45,91282CKV2,TSRYS5823596,D,S,T,2024-07-03,1000000.00,4.553896,100.19140625
08:01:46,91282CKV2,TSRYS5823596,D,S,T,2024-07-03,1000000.00,4.558187,100.1796875
08:01:46,91282CKV2,TSRYS5823596,D,S,T,2024-07-03,1000000.00,4.562534,100.16781875
08:01:46,91282CKV2,TSRYS5823596,D,S,T,2024-07-03,1000000.00,4.563964,100.1639125
08:01:46,91282CKV2,TSRYS5823596,D,S,T,2024-07-03,1000000.00,4.563909,100.1640625
08:01:46,91282CKV2,TSRYS5823596,D,S,T,2024-07-03,1000000.00,4.562479,100.16796875
08:01:46,91282CKV2,TSRYS5823596,D,S,T,2024-07-03,1000000.00,4.562479,100.16796875
08:01:46,91282CKV2,TSRYS5823596,D,S,D,2024-07-03,1000000.00,4.563909,100.1640625
08:01:47,91282CKV2,TSRYS5823596,D,S,T,2024-07-03,1000000.00,4.565395,100.16000625
08:01:47,91282CKV2,TSRYS5823596,D,S,A,2024-07-03,1800000.00,4.559618,100.17578125
08:01:47,91282CKV2,TSRYS5823596,D,S,T,2024-07-03,1000000.00,4.553942,100.19128125
08:01:47,91282CKV2,TSRYS5823596,D,S,T,2024-07-03,1000000.00,4.566771,100.15625
08:01:48,91282CKV2,TSRYS5823596,D,S,T,2024-07-03,1000000.00,4.553942,100.19128125
08:01:48,91282CKV2,TSRYS5823596,D,S,T,2024-07-03,1000000.00,4.553942,100.19128125
08:01:48,91282CKV2,TSRYS5823596,D,S,T,2024-07-03,1000000.00,4.553942,100.19128125
08:01:48,91282CKV2,TSRYS5823596,D,S,T,2024-07-03,2000000.00,4.553942,100.19128125
08:01:48,91282CKV2,TSRYS5823596,D,S,T,2024-07-03,2000000.00,4.553942,100.19128125
08:01:48,91282CKV2,TSRYS5823596,D,S,T,2024-07-03,1000000.00,4.561096,100.171745
08:01:48,91282CKV2,TSRYS5823596,D,S,T,2024-07-03,1000000.00,4.561096,100.171745
08:01:48,91282CKV2,TSRYS5823596,D,S,T,2024-07-03,1000000.00,4.566771,100.15625
08:01:48,91282CKV2,TSRYS5823596,D,S,T,2024-07-03,1000000.00,4.566771,100.15625
08:01:48,91282CKV2,TSRYS5823596,D,S,T,2024-07-03,3000000.00,4.561096,100.171745
08:01:48,91282CKV2,TSRYS5823596,D,S,T,2024-07-03,1000000.00,4.561096,100.171745
08:01:48,91282CKV2,TSRYS5823596,D,S,T,2024-07-03,3000000.00,4.561096,100.171745
08:01:48,91282CKV2,TSRYS5823596,D,S,T,2024-07-03,1000000.00,4.566771,100.15625
08:01:48,91282CKV2,TSRYS5823596,D,S,T,2024-07-03,1000000.00,4.566771,100.15625
08:01:48,91282CKV2,TSRYS5823596,D,S,T,2024-07-03,14000000.00,4.566771,100.15625
08:01:49,91282CKV2,TSRYS5823596,D,S,A,2024-07-03,20000.00,4.563909,100.1640625
08:01:49,91282CKV2,TSRYS5823596,D,S,C,2024-07-03,1000000.00,4.573926,100.13671875
08:01:49,91282CKV2,TSRYS5823596,D,S,T,2024-07-03,3000000.00,4.573926,100.13671875
08:01:49,91282CKV2,TSRYS5823596,D,S,T,2024-07-03,1000000.00,4.573981,100.13656875
08:01:50,91282CKV2,TSRYS5823596,D,S,T,2024-07-03,1000000.00,4.570348,100.14648437
08:01:50,91282CKV2,TSRYS5823596,D,S,T,2024-07-03,1000000.00,4.570348,100.14648437
08:01:50,91282CKV2,TSRYS5823596,D,S,T,2024-07-03,1000000.00,4.571779,100.14257812
08:01:50,91282CKV2,TSRYS5823596,D,S,T,2024-07-03,1000000.00,4.571779,100.14257812
08:01:51,91282CKV2,TSRYS5823596,D,B,C,2024-07-03,1000000.00,4.556757,100.18359375
08:01:51,91282CKV2,TSRYS5823596,D,S,C,2024-07-03,1000000.00,4.556757,100.18379375
08:01:51,91282CKV2,TSRYS5823596,D,B,C,2024-07-03,1000000.00,4.556757,100.18359375
08:01:51,91282CKV2,TSRYS5823596,D,S,C,2024-07-03,1000000.00,4.556757,100.18379375
08:01:51,91282CKV2,TSRYS5823596,D,B,C,2024-07-03,1000000.00,4.556042,100.185546875
08:01:51,91282CKV2,TSRYS5823596,D,S,C,2024-07-03,1000000.00,4.556042,100.185546875
08:01:52,91282CKV2,TSRYS5823596,D,B,C,2024-07-03,1000000.00,4.555326,100.1875
08:01:52,91282CKV2,TSRYS5823596,D,S,D,2024-07-03,1000000.00,4.555326,100.1875
08:01:52,91282CKV2,TSRYS5823596,D,S,T,2024-07-03,1000000.00,4.561048,100.171875
08:01:52,91282CKV2,TSRYS5823596,D,S,T,2024-07-03,1000000.00,4.561763,100.169921875
08:01:52,91282CKV2,TSRYS5823596,D,S,T,2024-07-03,1000000.00,4.561763,100.169921875
08:01:52,91282CKV2,TSRYS5823596,D,S,T,2024-07-03,1000000.00,4.561763,100.169921875
08:01:52,91282CKV2,TSRYS5823596,D,S,T,2024-07-03,1000000.00,4.561763,100.169921875
08:01:52,91282CKV2,TSRYS5823596,D,S,T,2024-07-03,1000000.00,4.561809,100.169796875
08:01:52,91282CKV2,TSRYS5823596,D,S,T,2024-07-03,1000000.00,4.561809,100.169796875
08:01:53,91282CKV2,TSRYS5823596,D,S,D,2024-07-03,10000000.00,4.564093,100.1635625
08:01:53,91282CKV2,TSRYS5823596,D,S,D,2024-07-03,10000000.00,4.551219,100.1987188
08:01:53,91282CKV2,TSRYS5823596,D,S,C,2024-07-03,1000000.00,4.548176,100.20703125
08:01:53,91282CKV2,TSRYS5823596,D,S,C,2024-07-03,1000000.00,4.548176,100.20703125
08:01:53,91282CKV2,TSRYS5823596,D,B,C,2024-07-03,1000000.00,4.548259,100.20680425
08:01:53,91282CKV2,TSRYS5823596,D,B,C,2024-07-03,1000000.00,4.548259,100.20680425
08:01:53,91282CKV2,TSRYS5823596,D,B,C,2024-07-03,1000000.00,4.548259,100.20680425
08:01:53,91282CKV2,TSRYS5823596,D,S,C,2024-07-03,1000000.00,4.548176,100.20703125
08:01:53,91282CKV2,TSRYS5823596,D,S,C,2024-07-03,1000000.00,4.548176,100.20703125
08:01:53,91282CKV2,TSRYS5823596,D,B,C,2024-07-03,1000000.00,4.548259,100.20680425
08:01:53,91282CKV2,TSRYS5823596,D,S,T,2024-07-03,1000000.00,4.563194,100.166015625
08:01:54,91282CKV2,TSRYS5823596,D,S,D,2024-07-03,1000000.00,4.545316,100.21484375
08:01:54,91282CKV2,TSRYS5823596,D,S,C,2024-07-03,1000000.00,4.545316,100.21484375
08:01:54,91282CKV2,TSRYS5823596,D,B,C,2024-07-03,1000000.00,4.545316,100.21484375
08:01:54,91282CKV2,TSRYS5823596,D,B,C,2024-07-03,1000000.00,4.545316,100.21484375
08:01:54,91282CKV2,TSRYS5823596,D,S,C,2024-07-03,1000000.00,4.545225,100.21509375
08:01:54,91282CKV2,TSRYS5823596,D,B,C,2024-07-03,1000000.00,4.545316,100.21484375
08:01:54,91282CKV2,TSRYS5823596,D,S,D,2024-07-03,1000000.00,4.545316,100.21484375
08:01:54,91282CKV2,TSRYS5823596,D,S,C,2024-07-03,1000000.00,4.546746,100.2109375
08:01:54,91282CKV2,TSRYS5823596,D,S,D,2024-07-03,1000000.00,4.546746,100.2109375
08:01:54,91282CKV2,TSRYS5823596,D,S,C,2024-07-03,2000000.00,4.546746,100.2109375
08:01:54,91282CKV2,TSRYS5823596,D,S,C,2024-07-03,1000000.00,4.546746,100.2109375
08:01:54,91282CKV2,TSRYS5823596,D,S,C,2024-07-03,1000000.00,4.546746,100.2109375
08:01:54,91282CKV2,TSRYS5823596,D,S,D,2024-07-03,1000000.00,4.546746,100.2109375
08:01:54,91282CKV2,TSRYS5823596,D,S,D,2024-07-03,2000000.00,4.548128,100.20716125
08:01:54,91282CKV2,TSRYS5823596,D,S,D,2024-07-03,1000000.00,4.548176,100.20703125
08:01:54,91282CKV2,TSRYS5823596,D,B,C,2024-07-03,1000000.00,4.548176,100.20703125
08:01:54,91282CKV2,TSRYS5823596,D,S,D,2024-07-03,2000000.00,4.548128,100.20716125
08:01:54,91282CKV2,TSRYS5823596,D,S,A,2024-07-03,1000000.00,4.571064,100.14453125
08:01:54,91282CKV2,TSRYS5823596,D,S,D,2024-07-03,7000000.00,4.558175,100.17972
08:01:54,91282CKV2,TSRYS5823596,D,S,D,2024-07-03,1000000.00,4.548176,100.20703125
08:01:54,91282CKV2,TSRYS5823596,D,B,C,2024-07-03,1000000.00,4.548176,100.20703125
08:01:54,91282CKV2,TSRYS5823596,D,S,D,2024-07-03,1000000.00,4.548176,100.20703125
08:01:55,91282CKV2,TSRYS5823596,D,S,D,2024-07-03,3000000.00,4.548176,100.20703125
08:01:55,91282CKV2,TSRYS5823596,D,B,C,2024-07-03,1000000.00,4.548249,100.20683125
08:01:55,91282CKV2,TSRYS5823596,D,B,C,2024-07-03,3000000.00,4.548286,100.20673125
08:01:55,91282CKV2,TSRYS5823596,D,S,D,2024-07-03,1000000.00,4.548176,100.20703125
08:01:55,91282CKV2,TSRYS5823596,D,S,D,2024-07-03,1000000.00,4.548176,100.20703125
08:01:55,91282CKV2,TSRYS5823596,D,S,D,2024-07-03,1000000.00,4.548176,100.20703125
08:01:55,91282CKV2,TSRYS5823596,D,S,C,2024-07-03,4000000.00,4.54756,100.20871498
08:01:55,91282CKV2,TSRYS5823596,D,B,C,2024-07-03,4000000.00,4.547697,100.20833998
08:01:55,91282CKV2,TSRYS5823596,D,S,D,2024-07-03,1000000.00,4.546746,100.2109375
08:01:55,91282CKV2,TSRYS5823596,D,B,C,2024-07-03,1000000.00,4.546746,100.2109375
08:01:55,91282CKV2,TSRYS5823596,D,B,C,2024-07-03,1000000.00,4.546801,100.2107875
08:01:55,91282CKV2,TSRYS5823596,D,S,D,2024-07-03,1000000.00,4.546746,100.2109375
08:01:55,91282CKV2,TSRYS5823596,D,S,C,2024-07-03,4000000.00,4.546341,100.21204254
08:01:55,91282CKV2,TSRYS5823596,D,B,C,2024-07-03,4000000.00,4.546479,100.21166754
08:01:55,91282CKV2,TSRYS5823596,D,S,T,2024-07-03,1000000.00,4.561048,100.171875
08:01:55,91282CKV2,TSRYS5823596,D,B,C,2024-07-03,1000000.00,4.546746,100.2109375
08:01:55,91282CKV2,TSRYS5823596,D,S,D,2024-07-03,1000000.00,4.546746,100.2109375
08:01:55,91282CKV2,TSRYS5823596,D,S,T,2024-07-03,2000000.00,4.561048,100.171875
08:01:55,91282CKV2,TSRYS5823596,D,S,D,2024-07-03,1000000.00,4.546746,100.2109375
08:01:56,91282CKV2,TSRYS5823596,D,B,C,2024-07-03,1000000.00,4.549606,100.203125
08:01:56,91282CKV2,TSRYS5823596,D,S,T,2024-07-03,1000000.00,4.561094,100.17175
08:01:56,91282CKV2,TSRYS5823596,D,S,D,2024-07-03,1000000.00,4.549606,100.203125
08:01:56,91282CKV2,TSRYS5823596,D,S,T,2024-07-03,1000000.00,4.563194,100.166015625
08:01:56,91282CKV2,TSRYS5823596,D,S,T,2024-07-03,1000000.00,4.563194,100.166015625
08:01:56,91282CKV2,TSRYS5823596,D,S,D,2024-07-03,1000000.00,4.549606,100.203125
08:01:56,91282CKV2,TSRYS5823596,D,S,D,2024-07-03,1000000.00,4.549606,100.203125
08:01:56,91282CKV2,TSRYS5823596,D,S,T,2024-07-03,1000000.00,4.563194,100.166015625
08:01:56,91282CKV2,TSRYS5823596,D,S,T,2024-07-03,1000000.00,4.56324,100.165890625
08:01:56,91282CKV2,TSRYS5823596,D,S,D,2024-07-03,1000000.00,4.548176,100.20703125
08:01:56,91282CKV2,TSRYS5823596,D,S,C,2024-07-03,1000000.00,4.548176,100.20703125
08:01:56,91282CKV2,TSRYS5823596,D,S,T,2024-07-03,1000000.00,4.560333,100.173828125
08:01:56,91282CKV2,TSRYS5823596,D,B,C,2024-07-03,1000000.00,4.548176,100.20703125
08:01:56,91282CKV2,TSRYS5823596,D,S,D,2024-07-03,1000000.00,4.548176,100.20703125
08:01:56,91282CKV2,TSRYS5823596,D,S,T,2024-07-03,1000000.00,4.56534,100.16015625
08:01:57,91282CKV2,TSRYS5823596,D,S,A,2024-07-03,1000000.00,4.573926,100.13671875
08:01:57,91282CKV2,TSRYS5823596,D,S,D,2024-07-03,1000000.00,4.548176,100.20703125
08:01:57,91282CKV2,TSRYS5823596,D,B,C,2024-07-03,1000000.00,4.548176,100.20703125
08:01:57,91282CKV2,TSRYS5823596,D,S,T,2024-07-03,1000000.00,4.56534,100.16015625
08:01:57,91282CKV2,TSRYS5823596,D,B,C,2024-07-03,1000000.00,4.553951,100.19125625
08:01:57,91282CKV2,TSRYS5823596,D,S,C,2024-07-03,1000000.00,4.553832,100.19158125
08:01:57,91282CKV2,TSRYS5823596,D,S,D,2024-07-03,1000000.00,4.553896,100.19140625
08:01:57,91282CKV2,TSRYS5823596,D,B,C,2024-07-03,1000000.00,4.553896,100.19140625
08:01:57,91282CKV2,TSRYS5823596,D,S,D,2024-07-03,1000000.00,4.553896,100.19140625
08:01:57,91282CKV2,TSRYS5823596,D,S,D,2024-07-03,1000000.00,4.553896,100.19140625
08:01:57,91282CKV2,TSRYS5823596,D,B,C,2024-07-03,1000000.00,4.553896,100.19140625
08:01:58,91282CKV2,TSRYS5823596,D,B,C,2024-07-03,1000000.00,4.553933,100.19130625
08:01:58,91282CKV2,TSRYS5823596,D,S,D,2024-07-03,1000000.00,4.553896,100.19140625
08:01:58,91282CKV2,TSRYS5823596,D,B,C,2024-07-03,1000000.00,4.553896,100.19140625
08:01:58,91282CKV2,TSRYS5823596,D,S,D,2024-07-03,1000000.00,4.553896,100.19140625
08:01:58,91282CKV2,TSRYS5823596,D,B,C,2024-07-03,1000000.00,4.554006,100.19110625
08:01:58,91282CKV2,TSRYS5823596,D,S,C,2024-07-03,1000000.00,4.553896,100.19140625
08:01:58,91282CKV2,TSRYS5823596,D,B,C,2024-07-03,1000000.00,4.553951,100.19125625
08:01:58,91282CKV2,TSRYS5823596,D,S,T,2024-07-03,2000000.00,4.56534,100.16015625
08:01:58,91282CKV2,TSRYS5823596,D,S,C,2024-07-03,1000000.00,4.553896,100.19140625
08:01:59,91282CKV2,TSRYS5823596,D,S,T,2024-07-03,2000000.00,4.56534,100.16015625
08:01:59,91282CKV2,TSRYS5823596,D,S,T,2024-07-03,2000000.00,4.565386,100.16003125
08:01:59,91282CKV2,TSRYS5823596,D,S,T,2024-07-03,1000000.00,4.565386,100.16003125
08:01:59,91282CKV2,TSRYS5823596,D,B,C,2024-07-03,1000000.00,4.553896,100.19140625
08:01:59,91282CKV2,TSRYS5823596,D,S,D,2024-07-03,1000000.00,4.553896,100.19140625
08:01:59,91282CKV2,TSRYS5823596,D,S,D,2024-07-03,1000000.00,4.553896,100.19140625
08:01:59,91282CKV2,TSRYS5823596,D,S,D,2024-07-03,1000000.00,4.553896,100.19140625
08:01:59,91282CKV2,TSRYS5823596,D,B,C,2024-07-03,1000000.00,4.553896,100.19140625
08:01:59,91282CKV2,TSRYS5823596,D,S,D,2024-07-03,1000000.00,4.553896,100.19140625
08:01:59,91282CKV2,TSRYS5823596,D,S,D,2024-07-03,1000000.00,4.553831,100.19158325
08:01:59,91282CKV2,TSRYS5823596,D,B,C,2024-07-03,1000000.00,4.553896,100.19140625
08:01:59,91282CKV2,TSRYS5823596,D,B,C,2024-07-03,1000000.00,4.553896,100.19140625
08:01:59,91282CKV2,TSRYS5823596,D,S,D,2024-07-03,2000000.00,4.553896,100.19140625
08:01:59,91282CKV2,TSRYS5823596,D,B,C,2024-07-03,2000000.00,4.554006,100.19110625
08:01:59,91282CKV2,TSRYS5823596,D,S,T,2024-07-03,1000000.00,4.56534,100.16015625
08:01:59,91282CKV2,TSRYS5823596,D,S,C,2024-07-03,1000000.00,4.553896,100.19140625
08:01:59,91282CKV2,TSRYS5823596,D,S,C,2024-07-03,2000000.00,4.553896,100.19140625
08:01:59,91282CKV2,TSRYS5823596,D,S,T,2024-07-03,1000000.00,4.565386,100.16003125
08:01:59,91282CKV2,TSRYS5823596,D,B,C,2024-07-03,1000000.00,4.553979,100.19118125
08:01:59,91282CKV2,TSRYS5823596,D,B,C,2024-07-03,2000000.00,4.553979,100.19118125
08:01:59,91282CKV2,TSRYS5823596,D,B,A,2024-07-03,985000.00,4.559618,100.17578125
08:01:59,91282CKV2,TSRYS5823596,D,S,D,2024-07-03,2000000.00,4.553896,100.19140625
08:01:59,91282CKV2,TSRYS5823596,D,B,C,2024-07-03,2000000.00,4.553979,100.19118125
08:01:59,91282CKV2,TSRYS5823596,D,B,C,2024-07-03,2000000.00,4.553979,100.19118125
08:01:59,91282CKV2,TSRYS5823596,D,S,D,2024-07-03,2000000.00,4.553896,100.19140625
08:01:59,91282CKV2,TSRYS5823596,D,S,T,2024-07-03,2000000.00,4.56534,100.16015625
08:01:59,91282CKV2,TSRYS5823596,D,S,D,2024-07-03,1000000.00,4.553896,100.19140625
08:01:59,91282CKV2,TSRYS5823596,D,B,C,2024-07-03,1000000.00,4.553896,100.19140625
08:01:59,91282CKV2,TSRYS5823596,D,S,C,2024-07-03,1000000.00,4.552466,100.1953125
08:01:59,91282CKV2,TSRYS5823596,D,S,T,2024-07-03,1000000.00,4.56534,100.16015625
08:01:59,91282CKV2,TSRYS5823596,D,B,C,2024-07-03,1000000.00,4.553896,100.19140625
08:01:59,91282CKV2,TSRYS5823596,D,S,C,2024-07-03,1000000.00,4.553832,100.19158125
08:01:59,91282CKV2,TSRYS5823596,D,S,C,2024-07-03,1000000.00,4.553832,100.19158125
08:01:59,91282CKV2,TSRYS5823596,D,S,D,2024-07-03,1000000.00,4.553896,100.19140625
08:02:00,91282CKV2,TSRYS5823596,D,S,C,2024-07-03,1000000.00,4.552466,100.1953125
08:02:00,91282CKV2,TSRYS5823596,D,B,C,2024-07-03,1000000.00,4.552548,100.1950875
08:02:00,91282CKV2,TSRYS5823596,D,B,C,2024-07-03,1000000.00,4.552548,100.1950875
08:02:00,91282CKV2,TSRYS5823596,D,B,C,2024-07-03,2000000.00,4.552548,100.1950875
08:02:00,91282CKV2,TSRYS5823596,D,S,C,2024-07-03,1000000.00,4.552466,100.1953125
08:02:00,91282CKV2,TSRYS5823596,D,S,C,2024-07-03,2000000.00,4.552466,100.1953125
08:02:00,91282CKV2,TSRYS5823596,D,B,C,2024-07-03,2000000.00,4.552548,100.1950875
08:02:00,91282CKV2,TSRYS5823596,D,S,C,2024-07-03,2000000.00,4.552466,100.1953125
08:02:00,91282CKV2,TSRYS5823596,D,B,C,2024-07-03,1000000.00,4.552548,100.1950875
08:02:00,91282CKV2,TSRYS5823596,D,S,C,2024-07-03,1000000.00,4.552466,100.1953125
08:02:00,91282CKV2,TSRYS5823596,D,B,C,2024-07-03,1000000.00,4.552521,100.1951625
08:02:00,91282CKV2,TSRYS5823596,D,S,C,2024-07-03,1000000.00,4.552466,100.1953125
08:02:00,91282CKV2,TSRYS5823596,D,B,C,2024-07-03,1000000.00,4.553896,100.19140625
08:02:00,91282CKV2,TSRYS5823596,D,S,C,2024-07-03,1000000.00,4.553896,100.19140625
08:02:00,91282CKV2,TSRYS5823596,D,S,T,2024-07-03,1000000.00,4.56534,100.16015625
08:02:00,91282CKV2,TSRYS5823596,D,S,T,2024-07-03,1000000.00,4.565386,100.16003125
08:02:00,91282CKV2,TSRYS5823596,D,S,T,2024-07-03,1000000.00,4.565386,100.16003125
08:02:00,91282CKV2,TSRYS5823596,D,S,D,2024-07-03,1000000.00,4.553896,100.19140625
08:02:00,91282CKV2,TSRYS5823596,D,B,C,2024-07-03,1000000.00,4.553896,100.19140625
08:02:00,91282CKV2,TSRYS5823596,D,S,T,2024-07-03,1000000.00,4.564625,100.162109375
08:02:00,91282CKV2,TSRYS5823596,D,S,T,2024-07-03,1000000.00,4.56534,100.16015625
08:02:00,91282CKV2,TSRYS5823596,D,B,C,2024-07-03,1000000.00,4.558187,100.1796875
08:02:00,91282CKV2,TSRYS5823596,D,S,C,2024-07-03,1000000.00,4.558187,100.1798875
08:02:00,91282CKV2,TSRYS5823596,D,S,C,2024-07-03,1000000.00,4.557472,100.181840625
08:02:00,91282CKV2,TSRYS5823596,D,B,C,2024-07-03,1000000.00,4.557472,100.181640625
08:02:00,91282CKV2,TSRYS5823596,D,S,C,2024-07-03,1000000.00,4.557472,100.181840625
08:02:00,91282CKV2,TSRYS5823596,D,B,C,2024-07-03,1000000.00,4.553896,100.19140625
08:02:00,91282CKV2,TSRYS5823596,D,S,D,2024-07-03,1000000.00,4.553896,100.19140625
08:02:00,91282CKV2,TSRYS5823596,D,S,T,2024-07-03,1000000.00,4.56534,100.16015625
08:02:00,91282CKV2,TSRYS5823596,D,S,T,2024-07-03,1000000.00,4.565386,100.16003125
08:02:01,91282CKV2,TSRYS5823596,D,S,T,2024-07-03,1000000.00,4.560333,100.173828125
08:02:01,91282CKV2,TSRYS5823596,D,S,T,2024-07-03,1000000.00,4.565386,100.16003125
08:02:01,91282CKV2,TSRYS5823596,D,S,T,2024-07-03,2000000.00,4.565386,100.16003125
08:02:02,91282CKV2,TSRYS5823596,D,S,T,2024-07-03,1000000.00,4.560333,100.173828125
08:02:05,91282CKV2,TSRYS5823596,D,S,D,2024-07-03,5000000.00,4.555326,100.1875
08:02:05,91282CKV2,TSRYS5823596,D,B,C,2024-07-03,5000000.00,4.555326,100.1875
08:02:05,91282CKV2,TSRYS5823596,D,S,D,2024-07-03,3000000.00,4.555326,100.1875
08:02:05,91282CKV2,TSRYS5823596,D,S,T,2024-07-03,1000000.00,4.560333,100.173828125
08:02:07,91282CKV2,TSRYS5823596,D,S,C,2024-07-03,1000000.00,4.559618,100.17578125
08:02:08,91282CKV2,TSRYS5823596,D,S,T,2024-07-03,1000000.00,4.561094,100.17175
08:02:08,91282CKV2,TSRYS5823596,D,S,T,2024-07-03,1000000.00,4.561048,100.171875
08:02:08,91282CKV2,TSRYS5823596,D,S,T,2024-07-03,1000000.00,4.561763,100.169921875
08:02:08,91282CKV2,TSRYS5823596,D,S,T,2024-07-03,2000000.00,4.562526,100.16783875
08:02:08,91282CKV2,TSRYS5823596,D,S,T,2024-07-03,1000000.00,4.562526,100.16783875
08:02:08,91282CKV2,TSRYS5823596,D,S,T,2024-07-03,1000000.00,4.560333,100.173828125
08:02:08,91282CKV2,TSRYS5823596,D,S,D,2024-07-03,1000000.00,4.560333,100.173828125
08:02:08,91282CKV2,TSRYS5823596,D,B,C,2024-07-03,1000000.00,4.560333,100.173828125
08:02:09,91282CKV2,TSRYS5823596,D,S,T,2024-07-03,1000000.00,4.561048,100.171875
08:02:09,91282CKV2,TSRYS5823596,D,S,T,2024-07-03,3000000.00,4.561763,100.169921875
08:02:09,91282CKV2,TSRYS5823596,D,S,T,2024-07-03,1000000.00,4.561048,100.171875
08:02:09,91282CKV2,TSRYS5823596,D,S,T,2024-07-03,1000000.00,4.561048,100.171875
08:02:09,91282CKV2,TSRYS5823596,D,S,T,2024-07-03,2000000.00,4.571064,100.14453125
08:02:09,91282CKV2,TSRYS5823596,D,S,D,2024-07-03,1000000.00,4.560333,100.173828125
08:02:10,91282CKV2,TSRYS5823596,D,S,T,2024-07-03,1000000.00,4.571064,100.14453125
08:02:10,91282CKV2,TSRYS5823596,D,S,C,2024-07-03,1000000.00,4.555235,100.18775
08:02:10,91282CKV2,TSRYS5823596,D,S,C,2024-07-03,3000000.00,4.555253,100.1877
08:02:10,91282CKV2,TSRYS5823596,D,S,D,2024-07-03,1000000.00,4.553896,100.19140625
08:02:10,91282CKV2,TSRYS5823596,D,B,C,2024-07-03,1000000.00,4.553896,100.19140625
08:02:10,91282CKV2,TSRYS5823596,D,B,C,2024-07-03,3000000.00,4.555436,100.1872
08:02:10,91282CKV2,TSRYS5823596,D,B,C,2024-07-03,1000000.00,4.553969,100.19120625
08:02:10,91282CKV2,TSRYS5823596,D,S,C,2024-07-03,1000000.00,4.553896,100.19140625
08:02:10,91282CKV2,TSRYS5823596,D,S,C,2024-07-03,1000000.00,4.553896,100.19140625
08:02:10,91282CKV2,TSRYS5823596,D,S,C,2024-07-03,1000000.00,4.553896,100.19140625
08:02:10,91282CKV2,TSRYS5823596,D,B,C,2024-07-03,1000000.00,4.554006,100.19110625
08:02:10,91282CKV2,TSRYS5823596,D,B,C,2024-07-03,1000000.00,4.553969,100.19120625
08:02:10,91282CKV2,TSRYS5823596,D,S,D,2024-07-03,1000000.00,4.552466,100.1953125
08:02:10,91282CKV2,TSRYS5823596,D,B,C,2024-07-03,1000000.00,4.552466,100.1953125
08:02:11,91282CKV2,TSRYS5823596,D,S,T,2024-07-03,1000000.00,4.571064,100.14453125
08:02:11,91282CKV2,TSRYS5823596,D,B,C,2024-07-03,1000000.00,4.551091,100.19906875
08:02:11,91282CKV2,TSRYS5823596,D,S,D,2024-07-03,1000000.00,4.551036,100.19921875
08:02:11,91282CKV2,TSRYS5823596,D,S,D,2024-07-03,1000000.00,4.551036,100.19921875
08:02:11,91282CKV2,TSRYS5823596,D,S,C,2024-07-03,1000000.00,4.551036,100.19921875
08:02:11,91282CKV2,TSRYS5823596,D,S,D,2024-07-03,4000000.00,4.551036,100.19921875
08:02:11,91282CKV2,TSRYS5823596,D,B,C,2024-07-03,1000000.00,4.551091,100.19906875
08:02:11,91282CKV2,TSRYS5823596,D,B,C,2024-07-03,1000000.00,4.551036,100.19921875
08:02:11,91282CKV2,TSRYS5823596,D,S,C,2024-07-03,1000000.00,4.551036,100.19921875
08:02:11,91282CKV2,TSRYS5823596,D,B,C,2024-07-03,1000000.00,4.551109,100.19901875
08:02:11,91282CKV2,TSRYS5823596,D,S,D,2024-07-03,1000000.00,4.551036,100.19921875
08:02:11,91282CKV2,TSRYS5823596,D,S,D,2024-07-03,1000000.00,4.562479,100.16796875
08:02:11,91282CKV2,TSRYS5823596,D,S,T,2024-07-03,2000000.00,4.566819,100.15612
08:02:11,91282CKV2,TSRYS5823596,D,S,C,2024-07-03,1000000.00,4.55386,100.19150625
08:02:12,91282CKV2,TSRYS5823596,D,S,C,2024-07-03,1000000.00,4.553832,100.19158125
08:02:12,91282CKV2,TSRYS5823596,D,S,C,2024-07-03,3000000.00,4.553832,100.19158125
08:02:12,91282CKV2,TSRYS5823596,D,S,C,2024-07-03,1000000.00,4.553896,100.19140625
08:02:12,91282CKV2,TSRYS5823596,D,S,C,2024-07-03,1000000.00,4.55529,100.1876
08:02:12,91282CKV2,TSRYS5823596,D,S,T,2024-07-03,1000000.00,4.564671,100.161984375
08:02:12,91282CKV2,TSRYS5823596,D,S,C,2024-07-03,4000000.00,4.555326,100.1875
08:02:12,91282CKV2,TSRYS5823596,D,B,C,2024-07-03,4000000.00,4.555381,100.18735
08:02:12,91282CKV2,TSRYS5823596,D,S,C,2024-07-03,1000000.00,4.555326,100.1875
08:02:12,91282CKV2,TSRYS5823596,D,B,C,2024-07-03,1000000.00,4.555418,100.18725
08:02:12,91282CKV2,TSRYS5823596,D,S,C,2024-07-03,1000000.00,4.555253,100.1877
08:02:12,91282CKV2,TSRYS5823596,D,B,C,2024-07-03,1000000.00,4.555381,100.18735
08:02:12,91282CKV2,TSRYS5823596,D,B,C,2024-07-03,1000000.00,4.555381,100.18735
08:02:12,91282CKV2,TSRYS5823596,D,S,C,2024-07-03,1000000.00,4.55529,100.1876
08:02:12,91282CKV2,TSRYS5823596,D,S,T,2024-07-03,1000000.00,4.559618,100.17578125
08:02:12,91282CKV2,TSRYS5823596,D,S,D,2024-07-03,1000000.00,4.555326,100.1875
08:02:12,91282CKV2,TSRYS5823596,D,S,D,2024-07-03,1000000.00,4.553896,100.19140625
08:02:12,91282CKV2,TSRYS5823596,D,S,D,2024-07-03,1000000.00,4.553896,100.19140625
08:02:12,91282CKV2,TSRYS5823596,D,B,C,2024-07-03,1000000.00,4.553969,100.19120625
08:02:12,91282CKV2,TSRYS5823596,D,B,C,2024-07-03,1000000.00,4.553951,100.19125625
08:02:12,91282CKV2,TSRYS5823596,D,S,T,2024-07-03,1000000.00,4.571064,100.14453125
08:02:12,91282CKV2,TSRYS5823596,D,S,A,2024-07-03,2000000.00,4.556757,100.18359375
08:02:12,91282CKV2,TSRYS5823596,D,S,A,2024-07-03,5000000.00,4.556757,100.18359375
08:02:12,91282CKV2,TSRYS5823596,D,S,D,2024-07-03,1000000.00,4.552466,100.1953125
08:02:12,91282CKV2,TSRYS5823596,D,B,C,2024-07-03,1000000.00,4.552466,100.1953125
08:02:12,91282CKV2,TSRYS5823596,D,B,C,2024-07-03,1000000.00,4.552576,100.1950125
08:02:13,91282CKV2,TSRYS5823596,D,S,C,2024-07-03,1000000.00,4.552375,100.1955625
08:02:13,91282CKV2,TSRYS5823596,D,S,C,2024-07-03,1000000.00,4.552466,100.1953125
08:02:13,91282CKV2,TSRYS5823596,D,B,C,2024-07-03,1000000.00,4.552576,100.1950125
08:02:13,91282CKV2,TSRYS5823596,D,S,C,2024-07-03,1000000.00,4.552466,100.1953125
08:02:13,91282CKV2,TSRYS5823596,D,B,C,2024-07-03,1000000.00,4.552576,100.1950125
08:02:13,91282CKV2,TSRYS5823596,D,S,C,2024-07-03,1000000.00,4.552466,100.1953125
08:02:13,91282CKV2,TSRYS5823596,D,S,C,2024-07-03,1000000.00,4.552466,100.1953125
08:02:13,91282CKV2,TSRYS5823596,D,S,C,2024-07-03,1000000.00,4.552393,100.1955125
08:02:13,91282CKV2,TSRYS5823596,D,B,C,2024-07-03,1000000.00,4.552576,100.1950125
08:02:13,91282CKV2,TSRYS5823596,D,S,T,2024-07-03,2000000.00,4.568249,100.15221375
08:02:13,91282CKV2,TSRYS5823596,D,S,D,2024-07-03,1000000.00,4.553896,100.19140625
08:02:13,91282CKV2,TSRYS5823596,D,S,T,2024-07-03,1000000.00,4.567486,100.15429687
08:02:13,91282CKV2,TSRYS5823596,D,B,C,2024-07-03,1000000.00,4.553988,100.19115625
08:02:13,91282CKV2,TSRYS5823596,D,S,A,2024-07-03,4950000.00,4.552466,100.1953125
08:02:13,91282CKV2,TSRYS5823596,D,S,D,2024-07-03,1000000.00,4.571064,100.14453125
08:02:13,91282CKV2,TSRYS5823596,D,S,T,2024-07-03,1000000.00,4.564625,100.162109375
08:02:13,91282CKV2,TSRYS5823596,D,S,C,2024-07-03,1000000.00,4.553832,100.19158125
08:02:13,91282CKV2,TSRYS5823596,D,S,C,2024-07-03,1000000.00,4.553832,100.19158125
08:02:13,91282CKV2,TSRYS5823596,D,B,C,2024-07-03,1000000.00,4.553896,100.19140625
08:02:13,91282CKV2,TSRYS5823596,D,B,C,2024-07-03,1000000.00,4.553896,100.19140625
08:02:14,91282CKV2,TSRYS5823596,D,S,T,2024-07-03,1000000.00,4.56534,100.16015625
08:02:14,91282CKV2,TSRYS5823596,D,S,C,2024-07-03,1000000.00,4.563194,100.16601562
08:02:14,91282CKV2,TSRYS5823596,D,S,T,2024-07-03,1000000.00,4.558187,100.1796875
08:02:14,91282CKV2,TSRYS5823596,D,S,T,2024-07-03,1000000.00,4.556757,100.18359375
08:02:14,91282CKV2,TSRYS5823596,D,S,T,2024-07-03,1000000.00,4.556757,100.18359375
08:02:14,91282CKV2,TSRYS5823596,D,S,T,2024-07-03,1000000.00,4.556757,100.18359375
08:02:14,91282CKV2,TSRYS5823596,D,S,D,2024-07-03,2000000.00,4.571064,100.14453125
08:02:14,91282CKV2,TSRYS5823596,D,S,T,2024-07-03,1000000.00,4.556757,100.18359375
08:02:14,91282CKV2,TSRYS5823596,D,S,T,2024-07-03,1000000.00,4.556757,100.18359375
08:02:14,91282CKV2,TSRYS5823596,D,S,T,2024-07-03,1000000.00,4.560333,100.173828125
08:02:14,91282CKV2,TSRYS5823596,D,S,C,2024-07-03,1000000.00,4.559618,100.17578125
08:02:14,91282CKV2,TSRYS5823596,D,S,D,2024-07-03,1000000.00,4.553896,100.19140625
08:02:14,91282CKV2,TSRYS5823596,D,S,D,2024-07-03,1000000.00,4.559618,100.17578125
08:02:14,91282CKV2,TSRYS5823596,D,B,C,2024-07-03,1000000.00,4.553896,100.19140625
08:02:14,91282CKV2,TSRYS5823596,D,B,C,2024-07-03,1000000.00,4.553951,100.19125625
08:02:14,91282CKV2,TSRYS5823596,D,S,C,2024-07-03,1000000.00,4.553896,100.19140625
08:02:15,91282CKV2,TSRYS5823596,D,S,C,2024-07-03,1000000.00,4.556757,100.18359375
08:02:15,91282CKV2,TSRYS5823596,D,S,T,2024-07-03,1000000.00,4.564625,100.16210937
08:02:15,91282CKV2,TSRYS5823596,D,B,C,2024-07-03,1000000.00,4.556757,100.18359375
08:02:15,91282CKV2,TSRYS5823596,D,S,T,2024-07-03,1000000.00,4.571064,100.14453125
08:02:16,91282CKV2,TSRYS5823596,D,S,C,2024-07-03,1000000.00,4.556757,100.18359375
08:02:16,91282CKV2,TSRYS5823596,D,S,C,2024-07-03,1000000.00,4.556757,100.18359375
08:02:16,91282CKV2,TSRYS5823596,D,S,D,2024-07-03,1000000.00,4.555326,100.1875
08:02:16,91282CKV2,TSRYS5823596,D,B,C,2024-07-03,2000000.00,4.55683,100.18339375
08:02:16,91282CKV2,TSRYS5823596,D,B,C,2024-07-03,2000000.00,4.555418,100.18725
08:02:16,91282CKV2,TSRYS5823596,D,S,D,2024-07-03,1000000.00,4.555326,100.1875
08:02:16,91282CKV2,TSRYS5823596,D,S,C,2024-07-03,1000000.00,4.556702,100.18374375
08:02:16,91282CKV2,TSRYS5823596,D,B,C,2024-07-03,1000000.00,4.555326,100.1875
08:02:16,91282CKV2,TSRYS5823596,D,B,C,2024-07-03,1000000.00,4.555326,100.1875
08:02:16,91282CKV2,TSRYS5823596,D,S,C,2024-07-03,2000000.00,4.556702,100.18374375
08:02:16,91282CKV2,TSRYS5823596,D,B,C,2024-07-03,1000000.00,4.555418,100.18725
08:02:16,91282CKV2,TSRYS5823596,D,S,D,2024-07-03,1000000.00,4.555326,100.1875
08:02:16,91282CKV2,TSRYS5823596,D,S,C,2024-07-03,1000000.00,4.556702,100.18374375
08:02:16,91282CKV2,TSRYS5823596,D,B,C,2024-07-03,1000000.00,4.555381,100.18735
08:02:16,91282CKV2,TSRYS5823596,D,B,C,2024-07-03,1000000.00,4.555436,100.1872
08:02:16,91282CKV2,TSRYS5823596,D,B,C,2024-07-03,1000000.00,4.555326,100.1875
08:02:16,91282CKV2,TSRYS5823596,D,S,C,2024-07-03,1000000.00,4.556702,100.18374375
08:02:16,91282CKV2,TSRYS5823596,D,S,D,2024-07-03,1000000.00,4.555326,100.1875
08:02:16,91282CKV2,TSRYS5823596,D,B,C,2024-07-03,1000000.00,4.5554,100.1873
08:02:16,91282CKV2,TSRYS5823596,D,B,C,2024-07-03,1000000.00,4.55683,100.18339375
08:02:16,91282CKV2,TSRYS5823596,D,S,D,2024-07-03,1000000.00,4.555326,100.1875
08:02:16,91282CKV2,TSRYS5823596,D,S,D,2024-07-03,2000000.00,4.555326,100.1875
08:02:16,91282CKV2,TSRYS5823596,D,B,C,2024-07-03,1000000.00,4.556757,100.18359375
08:02:16,91282CKV2,TSRYS5823596,D,B,C,2024-07-03,1000000.00,4.5554,100.1873
08:02:16,91282CKV2,TSRYS5823596,D,S,D,2024-07-03,1000000.00,4.555326,100.1875
08:02:16,91282CKV2,TSRYS5823596,D,S,D,2024-07-03,1000000.00,4.555326,100.1875
08:02:16,91282CKV2,TSRYS5823596,D,S,D,2024-07-03,1000000.00,4.555326,100.1875
08:02:16,91282CKV2,TSRYS5823596,D,S,D,2024-07-03,1000000.00,4.556757,100.18359375
08:02:16,91282CKV2,TSRYS5823596,D,B,C,2024-07-03,1000000.00,4.556757,100.18359375
08:02:16,91282CKV2,TSRYS5823596,D,S,D,2024-07-03,1000000.00,4.555326,100.1875
08:02:16,91282CKV2,TSRYS5823596,D,S,C,2024-07-03,1000000.00,4.555326,100.1875
08:02:16,91282CKV2,TSRYS5823596,D,B,C,2024-07-03,1000000.00,4.555326,100.1875
08:02:16,91282CKV2,TSRYS5823596,D,B,C,2024-07-03,1000000.00,4.555326,100.1875
08:02:17,91282CKV2,TSRYS5823596,D,S,C,2024-07-03,1000000.00,4.555326,100.1875
08:02:17,91282CKV2,TSRYS5823596,D,S,A,2024-07-03,3000000.00,4.554611,100.189453125
08:02:17,91282CKV2,TSRYS5823596,D,S,A,2024-07-03,2000000.00,4.554611,100.189453125
08:02:17,91282CKV2,TSRYS5823596,D,B,C,2024-07-03,1000000.00,4.555326,100.1875
08:02:17,91282CKV2,TSRYS5823596,D,S,C,2024-07-03,1000000.00,4.555326,100.1875
08:02:17,91282CKV2,TSRYS5823596,D,S,A,2024-07-03,2000000.00,4.556757,100.18359375
08:02:17,91282CKV2,TSRYS5823596,D,S,T,2024-07-03,1000000.00,4.571064,100.14453125
08:02:17,91282CKV2,TSRYS5823596,D,S,A,2024-07-03,2000000.00,4.557472,100.181640625
08:02:17,91282CKV2,TSRYS5823596,D,S,T,2024-07-03,1000000.00,4.559618,100.17578125
08:02:17,91282CKV2,TSRYS5823596,D,S,C,2024-07-03,1000000.00,4.558123,100.1798625
08:02:17,91282CKV2,TSRYS5823596,D,B,C,2024-07-03,1000000.00,4.558187,100.1796875
08:02:17,91282CKV2,TSRYS5823596,D,S,C,2024-07-03,1000000.00,4.558187,100.1796875
08:02:18,91282CKV2,TSRYS5823596,D,S,T,2024-07-03,1000000.00,4.571064,100.14453125
08:02:19,91282CKV2,TSRYS5823596,D,S,T,2024-07-03,1000000.00,4.571064,100.14453125
08:02:19,91282CKV2,TSRYS5823596,D,S,T,2024-07-03,1000000.00,4.571064,100.14453125
08:02:20,91282CKV2,TSRYS5823596,D,S,C,2024-07-03,1000000.00,4.558187,100.1796875
08:02:20,91282CKV2,TSRYS5823596,D,S,D,2024-07-03,1000000.00,4.558187,100.1796875
08:02:20,91282CKV2,TSRYS5823596,D,S,D,2024-07-03,1000000.00,4.564625,100.162109375
08:02:20,91282CKV2,TSRYS5823596,D,B,C,2024-07-03,1000000.00,4.564625,100.162109375
08:02:20,91282CKV2,TSRYS5823596,D,S,T,2024-07-03,3000000.00,4.571064,100.14453125
08:02:20,91282CKV2,TSRYS5823596,D,B,C,2024-07-03,1000000.00,4.556757,100.18359375
08:02:20,91282CKV2,TSRYS5823596,D,B,C,2024-07-03,1000000.00,4.556848,100.18334375
08:02:20,91282CKV2,TSRYS5823596,D,S,D,2024-07-03,1000000.00,4.556757,100.18359375
08:02:20,91282CKV2,TSRYS5823596,D,B,C,2024-07-03,1000000.00,4.558187,100.1796875
08:02:20,91282CKV2,TSRYS5823596,D,B,C,2024-07-03,1000000.00,4.558187,100.1796875
08:02:20,91282CKV2,TSRYS5823596,D,B,C,2024-07-03,2000000.00,4.556812,100.18344375
08:02:20,91282CKV2,TSRYS5823596,D,S,T,2024-07-03,1000000.00,4.567486,100.15429687
08:02:20,91282CKV2,TSRYS5823596,D,B,C,2024-07-03,1000000.00,4.556793,100.18349375
08:02:20,91282CKV2,TSRYS5823596,D,S,D,2024-07-03,2000000.00,4.556757,100.18359375
08:02:20,91282CKV2,TSRYS5823596,D,S,D,2024-07-03,1000000.00,4.556757,100.18359375
08:02:20,91282CKV2,TSRYS5823596,D,S,D,2024-07-03,1000000.00,4.556757,100.18359375
08:02:20,91282CKV2,TSRYS5823596,D,S,D,2024-07-03,1000000.00,4.556757,100.18359375
08:02:20,91282CKV2,TSRYS5823596,D,S,C,2024-07-03,1000000.00,4.558132,100.1798375
08:02:21,91282CKV2,TSRYS5823596,D,B,C,2024-07-03,1000000.00,4.556757,100.18359375
08:02:21,91282CKV2,TSRYS5823596,D,S,D,2024-07-03,3000000.00,4.556757,100.18359375
08:02:21,91282CKV2,TSRYS5823596,D,B,C,2024-07-03,1000000.00,4.558187,100.1796875
08:02:21,91282CKV2,TSRYS5823596,D,S,T,2024-07-03,1000000.00,4.571064,100.14453125
08:02:21,91282CKV2,TSRYS5823596,D,B,C,2024-07-03,1000000.00,4.556848,100.18334375
08:02:21,91282CKV2,TSRYS5823596,D,S,C,2024-07-03,1000000.00,4.558132,100.1798375
08:02:21,91282CKV2,TSRYS5823596,D,S,C,2024-07-03,1000000.00,4.558132,100.1798375
08:02:21,91282CKV2,TSRYS5823596,D,S,C,2024-07-03,1000000.00,4.558132,100.1798375
08:02:21,91282CKV2,TSRYS5823596,D,B,C,2024-07-03,3000000.00,4.556793,100.18349375
08:02:21,91282CKV2,TSRYS5823596,D,S,D,2024-07-03,1000000.00,4.556757,100.18359375
08:02:21,91282CKV2,TSRYS5823596,D,S,C,2024-07-03,1000000.00,4.564625,100.162109375
08:02:21,91282CKV2,TSRYS5823596,D,S,C,2024-07-03,1000000.00,4.564625,100.162109375
08:02:21,91282CKV2,TSRYS5823596,D,S,T,2024-07-03,1000000.00,4.571064,100.14453125
08:02:22,91282CKV2,TSRYS5823596,D,S,D,2024-07-03,1000000.00,4.555326,100.1875
08:02:22,91282CKV2,TSRYS5823596,D,S,D,2024-07-03,1000000.00,4.555326,100.1875
08:02:22,91282CKV2,TSRYS5823596,D,B,C,2024-07-03,1000000.00,4.555326,100.1875
08:02:22,91282CKV2,TSRYS5823596,D,S,C,2024-07-03,350000.00,4.544881,100.21484375
08:02:22,91282CKV2,TSRYS5823596,D,S,C,2024-07-03,1000000.00,4.560332,100.17383
08:02:22,91282CKV2,TSRYS5823596,D,B,A,2024-07-03,2975000.00,4.555025,100.1875
08:02:22,91282CKV2,TSRYS5823596,D,S,C,2024-07-03,21000.00,4.556757,100.18359375
08:02:22,91282CKV2,TSRYS5823596,D,S,T,2024-07-03,1000000.00,4.566771,100.15625
08:02:22,91282CKV2,TSRYS5823596,D,B,C,2024-07-03,1000000.00,4.570348,100.14648437
08:02:22,91282CKV2,TSRYS5823596,D,S,T,2024-07-03,2000000.00,4.566771,100.15625
08:02:23,91282CKV2,TSRYS5823596,D,B,C,2024-07-03,1000000.00,4.568917,100.15039062
08:02:23,91282CKV2,TSRYS5823596,D,B,C,2024-07-03,1000000.00,4.568917,100.15039062
08:02:23,91282CKV2,TSRYS5823596,D,B,C,2024-07-03,1000000.00,4.568917,100.15039062
08:02:23,91282CKV2,TSRYS5823596,D,S,C,2024-07-03,169000.00,4.56534,100.16015625
08:02:23,91282CKV2,TSRYS5823596,D,B,C,2024-07-03,1172200.00,4.566771,100.15625
08:02:23,91282CKV2,TSRYS5823596,D,S,T,2024-07-03,1000000.00,4.561763,100.169921875
08:02:23,91282CKV2,TSRYS5823596,D,S,T,2024-07-03,1000000.00,4.562479,100.16796875
