tradeTime,cusip,issueSymbolIdentifier,priceType,reportingSideCode,contraPartyTypeCode,tradeDate,reportedTradeVolume,lastSaleYield,lastSalePrice
08:00:06,91282CKE0,TSRYS5765705,D,S,T,2024-04-01,4000000.00,4.390405,99.61328125
08:00:06,91282CKE0,TSRYS5765705,D,S,D,2024-04-01,1000000.00,4.393978,99.603515625
08:00:06,91282CKE0,TSRYS5765705,D,S,T,2024-04-01,1000000.00,4.390405,99.61328125
08:00:06,91282CKE0,TSRYS5765705,D,S,D,2024-04-01,1000000.00,4.39112,99.611328125
08:00:06,91282CKE0,TSRYS5765705,D,S,D,2024-04-01,4000000.00,4.391834,99.609375
08:00:06,91282CKE0,TSRYS5765705,D,S,T,2024-04-01,1000000.00,4.390405,99.61328125
08:00:06,91282CKE0,TSRYS5765705,D,S,T,2024-04-01,2000000.00,4.389691,99.615234375
08:00:06,91282CKE0,TSRYS5765705,D,S,D,2024-04-01,1000000.00,4.386834,99.623046875
08:00:06,91282CKE0,TSRYS5765705,D,S,D,2024-04-01,2000000.00,4.386834,99.623046875
08:00:06,91282CKE0,TSRYS5765705,D,S,D,2024-04-01,4000000.00,4.386834,99.623046875
08:00:06,91282CKE0,TSRYS5765705,D,S,D,2024-04-01,2000000.00,4.386834,99.623046875
08:00:06,91282CKE0,TSRYS5765705,D,S,D,2024-04-01,1000000.00,4.386834,99.623046875
08:00:06,91282CKE0,TSRYS5765705,D,S,T,2024-04-01,1000000.00,4.387548,99.62109375
08:00:06,91282CKE0,TSRYS5765705,D,S,T,2024-04-01,2000000.00,4.39112,99.611328125
08:00:06,91282CKE0,TSRYS5765705,D,S,D,2024-04-01,1000000.00,4.394692,99.6015625
08:00:06,91282CKE0,TSRYS5765705,D,S,D,2024-04-01,1000000.00,4.394692,99.6015625
08:00:06,91282CKE0,TSRYS5765705,D,S,D,2024-04-01,1000000.00,4.394692,99.6015625
08:00:06,91282CKE0,TSRYS5765705,D,S,D,2024-04-01,2000000.00,4.394692,99.6015625
08:00:06,91282CKE0,TSRYS5765705,D,S,D,2024-04-01,1000000.00,4.394692,99.6015625
08:00:06,91282CKE0,TSRYS5765705,D,S,D,2024-04-01,1000000.00,4.395407,99.599609375
08:00:06,91282CKE0,TSRYS5765705,D,S,D,2024-04-01,1000000.00,4.395407,99.599609375
08:00:06,91282CKE0,TSRYS5765705,D,S,D,2024-04-01,1000000.00,4.394692,99.6015625
08:00:06,91282CKE0,TSRYS5765705,D,S,D,2024-04-01,2000000.00,4.394692,99.6015625
08:00:06,91282CKE0,TSRYS5765705,D,S,T,2024-04-01,1000000.00,4.393263,99.60546875
08:00:06,91282CKE0,TSRYS5765705,D,S,T,2024-04-01,2000000.00,4.393263,99.60546875
08:00:06,91282CKE0,TSRYS5765705,D,S,D,2024-04-01,1000000.00,4.394692,99.6015625
08:00:06,91282CKE0,TSRYS5765705,D,S,D,2024-04-01,1000000.00,4.394692,99.6015625
08:00:06,91282CKE0,TSRYS5765705,D,S,T,2024-04-01,1000000.00,4.396121,99.59765625
08:00:06,91282CKE0,TSRYS5765705,D,S,D,2024-04-01,2000000.00,4.396121,99.59765625
08:00:06,91282CKE0,TSRYS5765705,D,S,D,2024-04-01,1000000.00,4.396121,99.59765625
08:00:06,91282CKE0,TSRYS5765705,D,S,D,2024-04-01,1000000.00,4.396121,99.59765625
08:00:06,91282CKE0,TSRYS5765705,D,S,D,2024-04-01,2000000.00,4.396121,99.59765625
08:00:06,91282CKE0,TSRYS5765705,D,S,D,2024-04-01,1000000.00,4.396121,99.59765625
08:00:06,91282CKE0,TSRYS5765705,D,S,D,2024-04-01,2000000.00,4.396121,99.59765625
08:00:06,91282CKE0,TSRYS5765705,D,S,D,2024-04-01,1000000.00,4.396121,99.59765625
08:00:06,91282CKE0,TSRYS5765705,D,S,D,2024-04-01,1000000.00,4.396121,99.59765625
08:00:06,91282CKE0,TSRYS5765705,D,S,D,2024-04-01,1000000.00,4.396836,99.595703125
08:00:06,91282CKE0,TSRYS5765705,D,S,T,2024-04-01,1000000.00,4.39755,99.59375
08:00:06,91282CKE0,TSRYS5765705,D,S,T,2024-04-01,2000000.00,4.39755,99.59375
08:00:09,91282CKE0,TSRYS5765705,D,S,A,2024-04-01,3940000.00,4.39746,99.59375
08:00:09,91282CKE0,TSRYS5765705,D,S,A,2024-04-01,3940000.00,4.39746,99.59375
08:00:17,91282CKE0,TSRYS5765705,D,S,D,2024-04-01,5000000.00,4.39755,99.59375
08:00:17,91282CKE0,TSRYS5765705,D,S,C,2024-04-01,22500000.00,4.39755,99.59375
08:00:18,91282CKE0,TSRYS5765705,D,S,T,2024-04-01,1000000.00,4.39755,99.59375
08:00:18,91282CKE0,TSRYS5765705,D,S,T,2024-04-01,1000000.00,4.39755,99.59375
08:00:26,91282CKE0,TSRYS5765705,D,S,T,2024-04-01,1000000.00,4.384691,99.62890625
08:00:26,91282CKE0,TSRYS5765705,D,S,T,2024-04-01,1000000.00,4.390405,99.61328125
08:00:26,91282CKE0,TSRYS5765705,D,S,T,2024-04-01,1000000.00,4.390405,99.61328125
08:00:26,91282CKE0,TSRYS5765705,D,S,T,2024-04-01,1000000.00,4.391834,99.609375
08:00:26,91282CKE0,TSRYS5765705,D,S,T,2024-04-01,1000000.00,4.390405,99.61328125
08:00:26,91282CKE0,TSRYS5765705,D,S,T,2024-04-01,1000000.00,4.390405,99.61328125
08:00:26,91282CKE0,TSRYS5765705,D,S,T,2024-04-01,1000000.00,4.388977,99.6171875
08:00:26,91282CKE0,TSRYS5765705,D,S,T,2024-04-01,1000000.00,4.388977,99.6171875
08:00:26,91282CKE0,TSRYS5765705,D,S,T,2024-04-01,1000000.00,4.387548,99.62109375
08:00:26,91282CKE0,TSRYS5765705,D,S,T,2024-04-01,1000000.00,4.388977,99.6171875
08:00:26,91282CKE0,TSRYS5765705,D,S,T,2024-04-01,1000000.00,4.394692,99.6015625
08:00:26,91282CKE0,TSRYS5765705,D,S,T,2024-04-01,1000000.00,4.396121,99.59765625
08:00:26,91282CKE0,TSRYS5765705,D,S,D,2024-04-01,1000000.00,4.395407,99.599609375
08:00:26,91282CKE0,TSRYS5765705,D,S,T,2024-04-01,1000000.00,4.396121,99.59765625
08:00:26,91282CKE0,TSRYS5765705,D,S,T,2024-04-01,1000000.00,4.394692,99.6015625
08:00:26,91282CKE0,TSRYS5765705,D,S,D,2024-04-01,1000000.00,4.393263,99.60546875
08:00:26,91282CKE0,TSRYS5765705,D,S,T,2024-04-01,1000000.00,4.391834,99.609375
08:00:26,91282CKE0,TSRYS5765705,D,S,T,2024-04-01,1000000.00,4.388977,99.6171875
08:00:26,91282CKE0,TSRYS5765705,D,S,T,2024-04-01,1000000.00,4.386834,99.623046875
08:00:26,91282CKE0,TSRYS5765705,D,S,T,2024-04-01,1000000.00,4.384691,99.62890625
08:00:26,91282CKE0,TSRYS5765705,D,S,T,2024-04-01,1000000.00,4.384691,99.62890625
08:00:26,91282CKE0,TSRYS5765705,D,S,T,2024-04-01,1000000.00,4.384691,99.62890625
08:00:26,91282CKE0,TSRYS5765705,D,S,T,2024-04-01,1000000.00,4.384691,99.62890625
08:00:26,91282CKE0,TSRYS5765705,D,S,T,2024-04-01,1000000.00,4.388977,99.6171875
08:00:26,91282CKE0,TSRYS5765705,D,S,T,2024-04-01,1000000.00,4.388977,99.6171875
08:00:26,91282CKE0,TSRYS5765705,D,S,T,2024-04-01,1000000.00,4.388977,99.6171875
08:00:26,91282CKE0,TSRYS5765705,D,S,T,2024-04-01,1000000.00,4.388977,99.6171875
08:00:26,91282CKE0,TSRYS5765705,D,S,T,2024-04-01,1000000.00,4.387548,99.62109375
08:00:26,91282CKE0,TSRYS5765705,D,S,T,2024-04-01,1000000.00,4.388977,99.6171875
08:00:26,91282CKE0,TSRYS5765705,D,S,T,2024-04-01,1000000.00,4.388977,99.6171875
08:00:26,91282CKE0,TSRYS5765705,D,S,T,2024-04-01,1000000.00,4.394692,99.6015625
08:00:26,91282CKE0,TSRYS5765705,D,S,T,2024-04-01,1000000.00,4.394692,99.6015625
08:00:26,91282CKE0,TSRYS5765705,D,S,T,2024-04-01,1000000.00,4.39755,99.59375
08:00:29,91282CKE0,TSRYS5765705,D,S,T,2024-04-01,4000000.00,4.393263,99.60546875
08:00:29,91282CKE0,TSRYS5765705,D,S,D,2024-04-01,4720000.00,4.39898,99.58984375
08:00:30,91282CKE0,TSRYS5765705,D,S,D,2024-04-01,2000000.00,4.390405,99.61328125
08:00:30,91282CKE0,TSRYS5765705,D,S,D,2024-04-01,2000000.00,4.390405,99.61328125
08:00:30,91282CKE0,TSRYS5765705,D,S,D,2024-04-01,1000000.00,4.394692,99.6015625
08:00:30,91282CKE0,TSRYS5765705,D,S,D,2024-04-01,1000000.00,4.393978,99.603515625
08:00:30,91282CKE0,TSRYS5765705,D,S,D,2024-04-01,1000000.00,4.393978,99.603515625
08:00:30,91282CKE0,TSRYS5765705,D,S,D,2024-04-01,1000000.00,4.393978,99.603515625
08:00:30,91282CKE0,TSRYS5765705,D,S,D,2024-04-01,1000000.00,4.395407,99.599609375
08:00:30,91282CKE0,TSRYS5765705,D,S,D,2024-04-01,1000000.00,4.393263,99.60546875
08:00:30,91282CKE0,TSRYS5765705,D,S,D,2024-04-01,1000000.00,4.39112,99.611328125
08:00:30,91282CKE0,TSRYS5765705,D,S,D,2024-04-01,1000000.00,4.394692,99.6015625
08:00:30,91282CKE0,TSRYS5765705,D,S,D,2024-04-01,1000000.00,4.395407,99.599609375
08:00:30,91282CKE0,TSRYS5765705,D,S,D,2024-04-01,1000000.00,4.396121,99.59765625
08:00:30,91282CKE0,TSRYS5765705,D,S,D,2024-04-01,1000000.00,4.396121,99.59765625
08:00:33,91282CKE0,TSRYS5765705,D,S,D,2024-04-01,1000000.00,4.394692,99.6015625
08:00:33,91282CKE0,TSRYS5765705,D,S,D,2024-04-01,1000000.00,4.395407,99.599609375
08:00:33,91282CKE0,TSRYS5765705,D,S,D,2024-04-01,1000000.00,4.395407,99.599609375
08:00:33,91282CKE0,TSRYS5765705,D,S,D,2024-04-01,1000000.00,4.395407,99.599609375
08:00:33,91282CKE0,TSRYS5765705,D,S,D,2024-04-01,1000000.00,4.393978,99.603515625
08:00:33,91282CKE0,TSRYS5765705,D,S,D,2024-04-01,1000000.00,4.394692,99.6015625
08:00:33,91282CKE0,TSRYS5765705,D,S,D,2024-04-01,1000000.00,4.394692,99.6015625
08:00:33,91282CKE0,TSRYS5765705,D,S,D,2024-04-01,1000000.00,4.394692,99.6015625
08:00:33,91282CKE0,TSRYS5765705,D,S,D,2024-04-01,1000000.00,4.396121,99.59765625
08:00:33,91282CKE0,TSRYS5765705,D,S,D,2024-04-01,1000000.00,4.396121,99.59765625
08:00:33,91282CKE0,TSRYS5765705,D,S,T,2024-04-01,6000000.00,4.388977,99.6171875
08:00:33,91282CKE0,TSRYS5765705,D,S,T,2024-04-01,2000000.00,4.388977,99.6171875
08:00:33,91282CKE0,TSRYS5765705,D,S,T,2024-04-01,2000000.00,4.390405,99.61328125
08:00:33,91282CKE0,TSRYS5765705,D,S,T,2024-04-01,1000000.00,4.390405,99.61328125
08:00:33,91282CKE0,TSRYS5765705,D,S,T,2024-04-01,2000000.00,4.394692,99.6015625
08:00:33,91282CKE0,TSRYS5765705,D,S,T,2024-04-01,2000000.00,4.394692,99.6015625
08:00:33,91282CKE0,TSRYS5765705,D,S,T,2024-04-01,1000000.00,4.394692,99.6015625
08:00:33,91282CKE0,TSRYS5765705,D,S,T,2024-04-01,1000000.00,4.394692,99.6015625
08:00:33,91282CKE0,TSRYS5765705,D,S,T,2024-04-01,1000000.00,4.395407,99.599609375
08:00:33,91282CKE0,TSRYS5765705,D,S,T,2024-04-01,2000000.00,4.395407,99.599609375
08:00:33,91282CKE0,TSRYS5765705,D,S,T,2024-04-01,2000000.00,4.395407,99.599609375
08:00:33,91282CKE0,TSRYS5765705,D,S,T,2024-04-01,1000000.00,4.395407,99.599609375
08:00:33,91282CKE0,TSRYS5765705,D,S,T,2024-04-01,1000000.00,4.395407,99.599609375
08:00:33,91282CKE0,TSRYS5765705,D,S,T,2024-04-01,1000000.00,4.395407,99.599609375
08:00:33,91282CKE0,TSRYS5765705,D,S,T,2024-04-01,1000000.00,4.395407,99.599609375
08:00:33,91282CKE0,TSRYS5765705,D,S,T,2024-04-01,1000000.00,4.395407,99.599609375
08:00:33,91282CKE0,TSRYS5765705,D,S,T,2024-04-01,1000000.00,4.393263,99.60546875
08:00:33,91282CKE0,TSRYS5765705,D,S,T,2024-04-01,1000000.00,4.393263,99.60546875
08:00:33,91282CKE0,TSRYS5765705,D,S,T,2024-04-01,1000000.00,4.393263,99.60546875
08:00:33,91282CKE0,TSRYS5765705,D,S,T,2024-04-01,1000000.00,4.393263,99.60546875
08:00:33,91282CKE0,TSRYS5765705,D,S,T,2024-04-01,1000000.00,4.393263,99.60546875
08:00:33,91282CKE0,TSRYS5765705,D,S,T,2024-04-01,1000000.00,4.393263,99.60546875
08:00:33,91282CKE0,TSRYS5765705,D,S,T,2024-04-01,1000000.00,4.396121,99.59765625
08:00:33,91282CKE0,TSRYS5765705,D,S,T,2024-04-01,1000000.00,4.396836,99.595703125
08:00:33,91282CKE0,TSRYS5765705,D,S,T,2024-04-01,1000000.00,4.396836,99.595703125
08:00:33,91282CKE0,TSRYS5765705,D,S,T,2024-04-01,2000000.00,4.396836,99.595703125
08:00:33,91282CKE0,TSRYS5765705,D,S,T,2024-04-01,2000000.00,4.387548,99.62109375
08:00:33,91282CKE0,TSRYS5765705,D,S,T,2024-04-01,2000000.00,4.388977,99.6171875
08:00:33,91282CKE0,TSRYS5765705,D,S,T,2024-04-01,1000000.00,4.388977,99.6171875
08:00:33,91282CKE0,TSRYS5765705,D,S,T,2024-04-01,4000000.00,4.388977,99.6171875
08:00:33,91282CKE0,TSRYS5765705,D,S,T,2024-04-01,1000000.00,4.390405,99.61328125
08:00:33,91282CKE0,TSRYS5765705,D,S,T,2024-04-01,1000000.00,4.390405,99.61328125
08:00:33,91282CKE0,TSRYS5765705,D,S,T,2024-04-01,1000000.00,4.390405,99.61328125
08:00:33,91282CKE0,TSRYS5765705,D,S,T,2024-04-01,1000000.00,4.390405,99.61328125
08:00:33,91282CKE0,TSRYS5765705,D,S,T,2024-04-01,2000000.00,4.390405,99.61328125
08:00:33,91282CKE0,TSRYS5765705,D,S,T,2024-04-01,1000000.00,4.390405,99.61328125
08:00:33,91282CKE0,TSRYS5765705,D,S,T,2024-04-01,1000000.00,4.390405,99.61328125
08:00:33,91282CKE0,TSRYS5765705,D,S,T,2024-04-01,1000000.00,4.390405,99.61328125
08:00:33,91282CKE0,TSRYS5765705,D,S,T,2024-04-01,1000000.00,4.390405,99.61328125
08:00:33,91282CKE0,TSRYS5765705,D,S,T,2024-04-01,2000000.00,4.390405,99.61328125
08:00:33,91282CKE0,TSRYS5765705,D,S,T,2024-04-01,1000000.00,4.390405,99.61328125
08:00:33,91282CKE0,TSRYS5765705,D,S,D,2024-04-01,2000000.00,4.388977,99.6171875
08:00:33,91282CKE0,TSRYS5765705,D,S,T,2024-04-01,2000000.00,4.388977,99.6171875
08:00:33,91282CKE0,TSRYS5765705,D,S,T,2024-04-01,1000000.00,4.388977,99.6171875
08:00:33,91282CKE0,TSRYS5765705,D,S,T,2024-04-01,3000000.00,4.388977,99.6171875
08:00:33,91282CKE0,TSRYS5765705,D,S,T,2024-04-01,2000000.00,4.388977,99.6171875
08:00:33,91282CKE0,TSRYS5765705,D,S,T,2024-04-01,3000000.00,4.388977,99.6171875
08:00:33,91282CKE0,TSRYS5765705,D,S,T,2024-04-01,1000000.00,4.388977,99.6171875
08:00:33,91282CKE0,TSRYS5765705,D,S,T,2024-04-01,1000000.00,4.388977,99.6171875
08:00:33,91282CKE0,TSRYS5765705,D,S,T,2024-04-01,3000000.00,4.388977,99.6171875
08:00:33,91282CKE0,TSRYS5765705,D,S,T,2024-04-01,1000000.00,4.388977,99.6171875
08:00:33,91282CKE0,TSRYS5765705,D,S,T,2024-04-01,2000000.00,4.390405,99.61328125
08:00:33,91282CKE0,TSRYS5765705,D,S,T,2024-04-01,1000000.00,4.390405,99.61328125
08:00:33,91282CKE0,TSRYS5765705,D,S,T,2024-04-01,3000000.00,4.390405,99.61328125
08:00:33,91282CKE0,TSRYS5765705,D,S,T,2024-04-01,1000000.00,4.390405,99.61328125
08:00:33,91282CKE0,TSRYS5765705,D,S,T,2024-04-01,2000000.00,4.390405,99.61328125
08:00:33,91282CKE0,TSRYS5765705,D,S,T,2024-04-01,1000000.00,4.388977,99.6171875
08:00:33,91282CKE0,TSRYS5765705,D,S,T,2024-04-01,2000000.00,4.389691,99.615234375
08:00:33,91282CKE0,TSRYS5765705,D,S,T,2024-04-01,1000000.00,4.389691,99.615234375
08:00:33,91282CKE0,TSRYS5765705,D,S,T,2024-04-01,1000000.00,4.391834,99.609375
08:00:33,91282CKE0,TSRYS5765705,D,S,T,2024-04-01,1000000.00,4.391834,99.609375
08:00:33,91282CKE0,TSRYS5765705,D,S,T,2024-04-01,1000000.00,4.393263,99.60546875
08:00:33,91282CKE0,TSRYS5765705,D,S,T,2024-04-01,1000000.00,4.394692,99.6015625
08:00:33,91282CKE0,TSRYS5765705,D,S,T,2024-04-01,1000000.00,4.394692,99.6015625
08:00:33,91282CKE0,TSRYS5765705,D,S,T,2024-04-01,1000000.00,4.394692,99.6015625
08:00:33,91282CKE0,TSRYS5765705,D,S,T,2024-04-01,1000000.00,4.394692,99.6015625
08:00:33,91282CKE0,TSRYS5765705,D,S,T,2024-04-01,1000000.00,4.393978,99.603515625
08:00:33,91282CKE0,TSRYS5765705,D,S,T,2024-04-01,1000000.00,4.393978,99.603515625
08:00:33,91282CKE0,TSRYS5765705,D,S,T,2024-04-01,2000000.00,4.393263,99.60546875
08:00:33,91282CKE0,TSRYS5765705,D,S,T,2024-04-01,2000000.00,4.393263,99.60546875
08:00:33,91282CKE0,TSRYS5765705,D,S,T,2024-04-01,1000000.00,4.393263,99.60546875
08:00:33,91282CKE0,TSRYS5765705,D,S,T,2024-04-01,2000000.00,4.393263,99.60546875
08:00:33,91282CKE0,TSRYS5765705,D,S,T,2024-04-01,1000000.00,4.393263,99.60546875
08:00:33,91282CKE0,TSRYS5765705,D,S,T,2024-04-01,1000000.00,4.393263,99.60546875
08:00:33,91282CKE0,TSRYS5765705,D,S,T,2024-04-01,2000000.00,4.393263,99.60546875
08:00:33,91282CKE0,TSRYS5765705,D,S,T,2024-04-01,2000000.00,4.393263,99.60546875
08:00:33,91282CKE0,TSRYS5765705,D,S,T,2024-04-01,2000000.00,4.393263,99.60546875
08:00:33,91282CKE0,TSRYS5765705,D,S,T,2024-04-01,1000000.00,4.393263,99.60546875
08:00:33,91282CKE0,TSRYS5765705,D,S,T,2024-04-01,1000000.00,4.393978,99.603515625
08:00:33,91282CKE0,TSRYS5765705,D,S,T,2024-04-01,2000000.00,4.393263,99.60546875
08:00:33,91282CKE0,TSRYS5765705,D,S,T,2024-04-01,1000000.00,4.393263,99.60546875
08:00:33,91282CKE0,TSRYS5765705,D,S,T,2024-04-01,1000000.00,4.394692,99.6015625
08:00:33,91282CKE0,TSRYS5765705,D,S,T,2024-04-01,1000000.00,4.394692,99.6015625
08:00:33,91282CKE0,TSRYS5765705,D,S,T,2024-04-01,2000000.00,4.393978,99.603515625
08:00:33,91282CKE0,TSRYS5765705,D,S,T,2024-04-01,1000000.00,4.393978,99.603515625
08:00:33,91282CKE0,TSRYS5765705,D,S,T,2024-04-01,1000000.00,4.393978,99.603515625
08:00:33,91282CKE0,TSRYS5765705,D,S,T,2024-04-01,2000000.00,4.393978,99.603515625
08:00:33,91282CKE0,TSRYS5765705,D,S,T,2024-04-01,1000000.00,4.393978,99.603515625
08:00:33,91282CKE0,TSRYS5765705,D,S,T,2024-04-01,1000000.00,4.394692,99.6015625
08:00:33,91282CKE0,TSRYS5765705,D,S,T,2024-04-01,1000000.00,4.394692,99.6015625
08:00:33,91282CKE0,TSRYS5765705,D,S,T,2024-04-01,1000000.00,4.394692,99.6015625
08:00:33,91282CKE0,TSRYS5765705,D,S,T,2024-04-01,2000000.00,4.395407,99.599609375
08:00:33,91282CKE0,TSRYS5765705,D,S,T,2024-04-01,1000000.00,4.395407,99.599609375
08:00:33,91282CKE0,TSRYS5765705,D,S,T,2024-04-01,1000000.00,4.394692,99.6015625
08:00:33,91282CKE0,TSRYS5765705,D,S,T,2024-04-01,1000000.00,4.396121,99.59765625
08:00:33,91282CKE0,TSRYS5765705,D,S,T,2024-04-01,1000000.00,4.396121,99.59765625
08:00:33,91282CKE0,TSRYS5765705,D,S,T,2024-04-01,2000000.00,4.394692,99.6015625
08:00:33,91282CKE0,TSRYS5765705,D,S,T,2024-04-01,1000000.00,4.394692,99.6015625
08:00:33,91282CKE0,TSRYS5765705,D,S,T,2024-04-01,1000000.00,4.394692,99.6015625
08:00:33,91282CKE0,TSRYS5765705,D,S,T,2024-04-01,4000000.00,4.394692,99.6015625
08:00:33,91282CKE0,TSRYS5765705,D,S,T,2024-04-01,1000000.00,4.394692,99.6015625
08:00:33,91282CKE0,TSRYS5765705,D,S,T,2024-04-01,1000000.00,4.394692,99.6015625
08:00:33,91282CKE0,TSRYS5765705,D,S,T,2024-04-01,1000000.00,4.394692,99.6015625
08:00:33,91282CKE0,TSRYS5765705,D,S,T,2024-04-01,1000000.00,4.394692,99.6015625
08:00:33,91282CKE0,TSRYS5765705,D,S,T,2024-04-01,1000000.00,4.394692,99.6015625
08:00:33,91282CKE0,TSRYS5765705,D,S,T,2024-04-01,1000000.00,4.394692,99.6015625
08:00:33,91282CKE0,TSRYS5765705,D,S,T,2024-04-01,1000000.00,4.394692,99.6015625
08:00:33,91282CKE0,TSRYS5765705,D,S,T,2024-04-01,2000000.00,4.39755,99.59375
08:00:33,91282CKE0,TSRYS5765705,D,S,T,2024-04-01,1000000.00,4.39755,99.59375
08:00:33,91282CKE0,TSRYS5765705,D,S,T,2024-04-01,1000000.00,4.39755,99.59375
08:00:33,91282CKE0,TSRYS5765705,D,S,T,2024-04-01,1000000.00,4.396836,99.595703125
08:00:33,91282CKE0,TSRYS5765705,D,S,T,2024-04-01,1000000.00,4.396121,99.59765625
08:00:33,91282CKE0,TSRYS5765705,D,S,T,2024-04-01,1000000.00,4.396121,99.59765625
08:00:33,91282CKE0,TSRYS5765705,D,S,T,2024-04-01,1000000.00,4.396121,99.59765625
08:00:33,91282CKE0,TSRYS5765705,D,S,T,2024-04-01,1000000.00,4.396121,99.59765625
08:00:33,91282CKE0,TSRYS5765705,D,S,T,2024-04-01,2000000.00,4.396121,99.59765625
08:00:33,91282CKE0,TSRYS5765705,D,S,T,2024-04-01,1000000.00,4.39755,99.59375
08:00:33,91282CKE0,TSRYS5765705,D,S,T,2024-04-01,1000000.00,4.396121,99.59765625
08:00:33,91282CKE0,TSRYS5765705,D,S,T,2024-04-01,1000000.00,4.396121,99.59765625
08:00:33,91282CKE0,TSRYS5765705,D,S,T,2024-04-01,1000000.00,4.395407,99.599609375
08:00:33,91282CKE0,TSRYS5765705,D,S,T,2024-04-01,1000000.00,4.393978,99.603515625
08:00:33,91282CKE0,TSRYS5765705,D,S,T,2024-04-01,1000000.00,4.39112,99.611328125
08:00:33,91282CKE0,TSRYS5765705,D,S,T,2024-04-01,1000000.00,4.39112,99.611328125
08:00:33,91282CKE0,TSRYS5765705,D,S,T,2024-04-01,1000000.00,4.39112,99.611328125
08:00:33,91282CKE0,TSRYS5765705,D,S,T,2024-04-01,2000000.00,4.390405,99.61328125
08:00:33,91282CKE0,TSRYS5765705,D,S,T,2024-04-01,1000000.00,4.392549,99.607421875
08:00:33,91282CKE0,TSRYS5765705,D,S,T,2024-04-01,1000000.00,4.390405,99.61328125
08:00:33,91282CKE0,TSRYS5765705,D,S,T,2024-04-01,1000000.00,4.390405,99.61328125
08:00:33,91282CKE0,TSRYS5765705,D,S,T,2024-04-01,1000000.00,4.390405,99.61328125
08:00:33,91282CKE0,TSRYS5765705,D,S,T,2024-04-01,1000000.00,4.388977,99.6171875
08:00:33,91282CKE0,TSRYS5765705,D,S,T,2024-04-01,1000000.00,4.388977,99.6171875
08:00:33,91282CKE0,TSRYS5765705,D,S,T,2024-04-01,1000000.00,4.388977,99.6171875
08:00:33,91282CKE0,TSRYS5765705,D,S,T,2024-04-01,1000000.00,4.388977,99.6171875
08:00:33,91282CKE0,TSRYS5765705,D,S,T,2024-04-01,1000000.00,4.389691,99.615234375
08:00:33,91282CKE0,TSRYS5765705,D,S,T,2024-04-01,1000000.00,4.389691,99.615234375
08:00:33,91282CKE0,TSRYS5765705,D,S,T,2024-04-01,3000000.00,4.387548,99.62109375
08:00:33,91282CKE0,TSRYS5765705,D,S,T,2024-04-01,3000000.00,4.387548,99.62109375
08:00:33,91282CKE0,TSRYS5765705,D,S,T,2024-04-01,1000000.00,4.390405,99.61328125
08:00:33,91282CKE0,TSRYS5765705,D,S,T,2024-04-01,1000000.00,4.390405,99.61328125
08:00:33,91282CKE0,TSRYS5765705,D,S,T,2024-04-01,5000000.00,4.390405,99.61328125
08:00:33,91282CKE0,TSRYS5765705,D,S,T,2024-04-01,2000000.00,4.391834,99.609375
08:00:33,91282CKE0,TSRYS5765705,D,S,T,2024-04-01,2000000.00,4.391834,99.609375
08:00:33,91282CKE0,TSRYS5765705,D,S,T,2024-04-01,1000000.00,4.391834,99.609375
08:00:33,91282CKE0,TSRYS5765705,D,S,T,2024-04-01,1000000.00,4.391834,99.609375
08:00:33,91282CKE0,TSRYS5765705,D,S,T,2024-04-01,1000000.00,4.391834,99.609375
08:00:33,91282CKE0,TSRYS5765705,D,S,T,2024-04-01,1000000.00,4.391834,99.609375
08:00:33,91282CKE0,TSRYS5765705,D,S,T,2024-04-01,1000000.00,4.390405,99.61328125
08:00:33,91282CKE0,TSRYS5765705,D,S,T,2024-04-01,1000000.00,4.391834,99.609375
08:00:33,91282CKE0,TSRYS5765705,D,S,T,2024-04-01,1000000.00,4.391834,99.609375
08:00:33,91282CKE0,TSRYS5765705,D,S,T,2024-04-01,1000000.00,4.388977,99.6171875
08:00:33,91282CKE0,TSRYS5765705,D,S,T,2024-04-01,1000000.00,4.388977,99.6171875
08:00:33,91282CKE0,TSRYS5765705,D,S,T,2024-04-01,2000000.00,4.388977,99.6171875
08:00:33,91282CKE0,TSRYS5765705,D,S,T,2024-04-01,1000000.00,4.388977,99.6171875
08:00:33,91282CKE0,TSRYS5765705,D,S,T,2024-04-01,2000000.00,4.388977,99.6171875
08:00:33,91282CKE0,TSRYS5765705,D,S,T,2024-04-01,1000000.00,4.388977,99.6171875
08:00:33,91282CKE0,TSRYS5765705,D,S,T,2024-04-01,3000000.00,4.388977,99.6171875
08:00:33,91282CKE0,TSRYS5765705,D,S,T,2024-04-01,1000000.00,4.388977,99.6171875
08:00:33,91282CKE0,TSRYS5765705,D,S,T,2024-04-01,1000000.00,4.388977,99.6171875
08:00:33,91282CKE0,TSRYS5765705,D,S,T,2024-04-01,1000000.00,4.388977,99.6171875
08:00:33,91282CKE0,TSRYS5765705,D,S,T,2024-04-01,1000000.00,4.388977,99.6171875
08:00:33,91282CKE0,TSRYS5765705,D,S,T,2024-04-01,1000000.00,4.387548,99.62109375
08:00:33,91282CKE0,TSRYS5765705,D,S,T,2024-04-01,1000000.00,4.388977,99.6171875
08:00:33,91282CKE0,TSRYS5765705,D,S,T,2024-04-01,1000000.00,4.390405,99.61328125
08:00:33,91282CKE0,TSRYS5765705,D,S,T,2024-04-01,1000000.00,4.391834,99.609375
08:00:33,91282CKE0,TSRYS5765705,D,S,T,2024-04-01,1000000.00,4.390405,99.61328125
08:00:33,91282CKE0,TSRYS5765705,D,S,T,2024-04-01,1000000.00,4.390405,99.61328125
08:00:33,91282CKE0,TSRYS5765705,D,S,T,2024-04-01,1000000.00,4.393263,99.60546875
08:00:33,91282CKE0,TSRYS5765705,D,S,T,2024-04-01,1000000.00,4.393978,99.603515625
08:00:33,91282CKE0,TSRYS5765705,D,S,T,2024-04-01,1000000.00,4.394692,99.6015625
08:00:33,91282CKE0,TSRYS5765705,D,S,T,2024-04-01,1000000.00,4.396121,99.59765625
08:00:33,91282CKE0,TSRYS5765705,D,S,T,2024-04-01,2000000.00,4.396121,99.59765625
08:00:33,91282CKE0,TSRYS5765705,D,S,T,2024-04-01,1000000.00,4.396121,99.59765625
08:00:33,91282CKE0,TSRYS5765705,D,S,T,2024-04-01,1000000.00,4.396121,99.59765625
08:00:33,91282CKE0,TSRYS5765705,D,S,T,2024-04-01,2000000.00,4.396121,99.59765625
08:00:33,91282CKE0,TSRYS5765705,D,S,T,2024-04-01,2000000.00,4.396121,99.59765625
08:00:33,91282CKE0,TSRYS5765705,D,S,T,2024-04-01,2000000.00,4.396121,99.59765625
08:00:33,91282CKE0,TSRYS5765705,D,S,T,2024-04-01,1000000.00,4.396121,99.59765625
08:00:33,91282CKE0,TSRYS5765705,D,S,T,2024-04-01,1000000.00,4.393263,99.60546875
08:00:33,91282CKE0,TSRYS5765705,D,S,T,2024-04-01,2000000.00,4.393263,99.60546875
08:00:33,91282CKE0,TSRYS5765705,D,S,T,2024-04-01,2000000.00,4.393263,99.60546875
08:00:33,91282CKE0,TSRYS5765705,D,S,T,2024-04-01,1000000.00,4.393263,99.60546875
08:00:33,91282CKE0,TSRYS5765705,D,S,T,2024-04-01,1000000.00,4.393263,99.60546875
08:00:33,91282CKE0,TSRYS5765705,D,S,T,2024-04-01,1000000.00,4.394692,99.6015625
08:00:33,91282CKE0,TSRYS5765705,D,S,T,2024-04-01,1000000.00,4.393978,99.603515625
08:00:33,91282CKE0,TSRYS5765705,D,S,T,2024-04-01,1000000.00,4.393263,99.60546875
08:00:33,91282CKE0,TSRYS5765705,D,S,T,2024-04-01,1000000.00,4.394692,99.6015625
08:00:33,91282CKE0,TSRYS5765705,D,S,T,2024-04-01,1000000.00,4.394692,99.6015625
08:00:33,91282CKE0,TSRYS5765705,D,S,T,2024-04-01,1000000.00,4.396836,99.595703125
08:00:33,91282CKE0,TSRYS5765705,D,S,T,2024-04-01,1000000.00,4.39755,99.59375
08:00:33,91282CKE0,TSRYS5765705,D,S,T,2024-04-01,1000000.00,4.39755,99.59375
08:00:33,91282CKE0,TSRYS5765705,D,S,T,2024-04-01,1000000.00,4.39755,99.59375
08:00:33,91282CKE0,TSRYS5765705,D,S,T,2024-04-01,1000000.00,4.39755,99.59375
08:00:33,91282CKE0,TSRYS5765705,D,S,T,2024-04-01,1000000.00,4.39898,99.58984375
08:00:33,91282CKE0,TSRYS5765705,D,S,T,2024-04-01,1000000.00,4.39898,99.58984375
08:00:33,91282CKE0,TSRYS5765705,D,S,T,2024-04-01,1000000.00,4.39755,99.59375
08:00:33,91282CKE0,TSRYS5765705,D,S,T,2024-04-01,1000000.00,4.39755,99.59375
08:00:33,91282CKE0,TSRYS5765705,D,S,T,2024-04-01,1000000.00,4.39755,99.59375
08:00:33,91282CKE0,TSRYS5765705,D,S,T,2024-04-01,1000000.00,4.39755,99.59375
08:00:33,91282CKE0,TSRYS5765705,D,S,T,2024-04-01,1000000.00,4.39755,99.59375
08:00:33,91282CKE0,TSRYS5765705,D,S,T,2024-04-01,1000000.00,4.39755,99.59375
08:00:33,91282CKE0,TSRYS5765705,D,B,A,2024-04-01,5000000.00,4.394259,99.6015625
08:00:33,91282CKE0,TSRYS5765705,D,S,C,2024-04-01,63000000.00,4.387548,99.62109375
08:00:33,91282CKE0,TSRYS5765705,D,S,C,2024-04-01,63000000.00,4.387548,99.62109375
08:00:33,91282CKE0,TSRYS5765705,D,S,C,2024-04-01,39000000.00,4.387548,99.62109375
08:00:33,91282CKE0,TSRYS5765705,D,S,D,2024-04-01,500000.00,4.390405,99.61328125
08:00:33,91282CKE0,TSRYS5765705,D,S,C,2024-04-01,39000000.00,4.390405,99.61328125
08:00:33,91282CKE0,TSRYS5765705,D,S,T,2024-04-01,1000000.00,4.391834,99.609375
08:00:33,91282CKE0,TSRYS5765705,D,S,T,2024-04-01,1000000.00,4.391834,99.609375
08:00:33,91282CKE0,TSRYS5765705,D,S,C,2024-04-01,40000000.00,4.393263,99.60546875
08:00:33,91282CKE0,TSRYS5765705,D,S,C,2024-04-01,35000.00,4.39755,99.59375
08:00:33,91282CKE0,TSRYS5765705,D,S,C,2024-04-01,480000.00,4.39898,99.58984375
08:00:33,91282CKE0,TSRYS5765705,D,S,T,2024-04-01,1000000.00,4.396121,99.59765625
08:00:33,91282CKE0,TSRYS5765705,D,S,T,2024-04-01,1000000.00,4.396836,99.595703125
08:00:37,91282CKE0,TSRYS5765705,D,S,T,2024-04-01,1000000.00,4.396121,99.59765625
08:00:37,91282CKE0,TSRYS5765705,D,S,T,2024-04-01,1000000.00,4.396121,99.59765625
08:00:37,91282CKE0,TSRYS5765705,D,S,T,2024-04-01,1000000.00,4.39755,99.59375
08:00:38,91282CKE0,TSRYS5765705,D,S,T,2024-04-01,1000000.00,4.39755,99.59375
08:00:38,91282CKE0,TSRYS5765705,D,S,T,2024-04-01,1000000.00,4.39755,99.59375
08:00:39,91282CKE0,TSRYS5765705,D,S,T,2024-04-01,2000000.00,4.39755,99.59375
08:00:40,91282CKE0,TSRYS5765705,D,S,T,2024-04-01,1000000.00,4.396836,99.595703125
08:00:41,91282CKE0,TSRYS5765705,D,S,A,2024-04-01,1900000.00,4.393263,99.60546875
08:00:42,91282CKE0,TSRYS5765705,D,S,D,2024-04-01,17200000.00,4.39755,99.59375
08:00:43,91282CKE0,TSRYS5765705,D,S,T,2024-04-01,1000000.00,4.39755,99.59375
08:00:43,91282CKE0,TSRYS5765705,D,S,T,2024-04-01,1000000.00,4.39755,99.59375
08:00:44,91282CKE0,TSRYS5765705,D,S,T,2024-04-01,1000000.00,4.396836,99.595703125
08:00:44,91282CKE0,TSRYS5765705,D,S,T,2024-04-01,1000000.00,4.393263,99.60546875
08:00:44,91282CKE0,TSRYS5765705,D,S,T,2024-04-01,1000000.00,4.394692,99.6015625
08:00:44,91282CKE0,TSRYS5765705,D,S,T,2024-04-01,1000000.00,4.388977,99.6171875
08:00:44,91282CKE0,TSRYS5765705,D,S,T,2024-04-01,1000000.00,4.389691,99.615234375
08:00:44,91282CKE0,TSRYS5765705,D,S,T,2024-04-01,2000000.00,4.391834,99.609375
08:00:44,91282CKE0,TSRYS5765705,D,S,T,2024-04-01,1000000.00,4.390405,99.61328125
08:00:44,91282CKE0,TSRYS5765705,D,S,T,2024-04-01,1000000.00,4.391834,99.609375
08:00:44,91282CKE0,TSRYS5765705,D,S,T,2024-04-01,1000000.00,4.391834,99.609375
08:00:44,91282CKE0,TSRYS5765705,D,S,T,2024-04-01,1000000.00,4.391834,99.609375
08:00:44,91282CKE0,TSRYS5765705,D,S,T,2024-04-01,1000000.00,4.392549,99.607421875
08:00:44,91282CKE0,TSRYS5765705,D,S,T,2024-04-01,1000000.00,4.394692,99.6015625
08:00:44,91282CKE0,TSRYS5765705,D,S,T,2024-04-01,1000000.00,4.394692,99.6015625
08:00:44,91282CKE0,TSRYS5765705,D,S,T,2024-04-01,2000000.00,4.396121,99.59765625
08:00:44,91282CKE0,TSRYS5765705,D,S,T,2024-04-01,1000000.00,4.393263,99.60546875
08:00:44,91282CKE0,TSRYS5765705,D,S,T,2024-04-01,1000000.00,4.393978,99.603515625
08:00:44,91282CKE0,TSRYS5765705,D,S,T,2024-04-01,1000000.00,4.396121,99.59765625
08:00:44,91282CKE0,TSRYS5765705,D,S,T,2024-04-01,1000000.00,4.396121,99.59765625
08:00:44,91282CKE0,TSRYS5765705,D,S,D,2024-04-01,1000000.00,4.396121,99.59765625
08:00:44,91282CKE0,TSRYS5765705,D,S,T,2024-04-01,1000000.00,4.396121,99.59765625
08:00:44,91282CKE0,TSRYS5765705,D,S,T,2024-04-01,1000000.00,4.396836,99.595703125
08:00:44,91282CKE0,TSRYS5765705,D,S,T,2024-04-01,1000000.00,4.396836,99.595703125
08:00:44,91282CKE0,TSRYS5765705,D,S,D,2024-04-01,1000000.00,4.396836,99.595703125
08:00:44,91282CKE0,TSRYS5765705,D,S,T,2024-04-01,1000000.00,4.39755,99.59375
08:00:44,91282CKE0,TSRYS5765705,D,S,T,2024-04-01,1000000.00,4.39755,99.59375
08:00:44,91282CKE0,TSRYS5765705,D,S,T,2024-04-01,1000000.00,4.39755,99.59375
08:00:56,91282CKE0,TSRYS5765705,D,S,T,2024-04-01,1000000.00,4.39755,99.59375
08:00:58,91282CKE0,TSRYS5765705,D,S,D,2024-04-01,35000.00,4.383559,99.632
08:00:58,91282CKE0,TSRYS5765705,D,S,C,2024-04-01,35000.00,4.383559,99.632
08:01:00,91282CKE0,TSRYS5765705,D,S,D,2024-04-01,1000000.00,4.390405,99.61328125
08:01:01,91282CKE0,TSRYS5765705,D,B,A,2024-04-01,13000.00,4.39755,99.59375
08:01:02,91282CKE0,TSRYS5765705,D,S,T,2024-04-01,1000000.00,4.391834,99.609375
08:01:02,91282CKE0,TSRYS5765705,D,S,T,2024-04-01,1000000.00,4.391834,99.609375
08:01:03,91282CKE0,TSRYS5765705,D,S,D,2024-04-01,5000000.00,4.39755,99.59375
08:01:04,91282CKE0,TSRYS5765705,D,B,C,2024-04-01,1000000.00,4.390405,99.61328125
08:01:04,91282CKE0,TSRYS5765705,D,S,D,2024-04-01,2000000.00,4.390405,99.61328125
08:01:04,91282CKE0,TSRYS5765705,D,S,D,2024-04-01,1000000.00,4.390405,99.61328125
08:01:04,91282CKE0,TSRYS5765705,D,S,D,2024-04-01,2000000.00,4.388977,99.6171875
08:01:04,91282CKE0,TSRYS5765705,D,B,C,2024-04-01,3000000.00,4.390405,99.61328125
08:01:04,91282CKE0,TSRYS5765705,D,S,D,2024-04-01,2000000.00,4.390405,99.61328125
08:01:04,91282CKE0,TSRYS5765705,D,S,D,2024-04-01,3000000.00,4.390405,99.61328125
08:01:04,91282CKE0,TSRYS5765705,D,B,C,2024-04-01,1000000.00,4.39112,99.611328125
08:01:04,91282CKE0,TSRYS5765705,D,S,D,2024-04-01,1000000.00,4.391834,99.609375
08:01:04,91282CKE0,TSRYS5765705,D,S,C,2024-04-01,1000000.00,4.39112,99.611328125
08:01:04,91282CKE0,TSRYS5765705,D,S,C,2024-04-01,1000000.00,4.393978,99.603515625
08:01:04,91282CKE0,TSRYS5765705,D,B,C,2024-04-01,1000000.00,4.391834,99.609375
08:01:04,91282CKE0,TSRYS5765705,D,S,D,2024-04-01,1000000.00,4.394692,99.6015625
08:01:04,91282CKE0,TSRYS5765705,D,S,C,2024-04-01,1000000.00,4.393978,99.603515625
08:01:04,91282CKE0,TSRYS5765705,D,B,C,2024-04-01,3000000.00,4.396121,99.59765625
08:01:04,91282CKE0,TSRYS5765705,D,S,D,2024-04-01,3000000.00,4.396121,99.59765625
08:01:04,91282CKE0,TSRYS5765705,D,B,C,2024-04-01,1000000.00,4.394692,99.6015625
08:01:04,91282CKE0,TSRYS5765705,D,S,C,2024-04-01,1000000.00,4.394692,99.6015625
08:01:04,91282CKE0,TSRYS5765705,D,S,C,2024-04-01,1000000.00,4.393978,99.603515625
08:01:04,91282CKE0,TSRYS5765705,D,B,C,2024-04-01,1000000.00,4.394692,99.6015625
08:01:04,91282CKE0,TSRYS5765705,D,S,D,2024-04-01,1000000.00,4.394692,99.6015625
08:01:04,91282CKE0,TSRYS5765705,D,B,C,2024-04-01,3000000.00,4.39755,99.59375
08:01:04,91282CKE0,TSRYS5765705,D,S,C,2024-04-01,1000000.00,4.394692,99.6015625
08:01:04,91282CKE0,TSRYS5765705,D,B,C,2024-04-01,1000000.00,4.394692,99.6015625
08:01:04,91282CKE0,TSRYS5765705,D,S,C,2024-04-01,1000000.00,4.393978,99.603515625
08:01:04,91282CKE0,TSRYS5765705,D,S,D,2024-04-01,3000000.00,4.39755,99.59375
08:01:04,91282CKE0,TSRYS5765705,D,B,C,2024-04-01,4000000.00,4.395407,99.599609375
08:01:04,91282CKE0,TSRYS5765705,D,S,C,2024-04-01,1000000.00,4.395407,99.599609375
08:01:05,91282CKE0,TSRYS5765705,D,B,C,2024-04-01,1000000.00,4.395407,99.599609375
08:01:05,91282CKE0,TSRYS5765705,D,S,C,2024-04-01,1000000.00,4.395407,99.599609375
08:01:05,91282CKE0,TSRYS5765705,D,S,C,2024-04-01,1000000.00,4.395407,99.599609375
08:01:05,91282CKE0,TSRYS5765705,D,S,C,2024-04-01,4000000.00,4.395407,99.599609375
08:01:05,91282CKE0,TSRYS5765705,D,S,D,2024-04-01,1000000.00,4.393263,99.60546875
08:01:05,91282CKE0,TSRYS5765705,D,S,D,2024-04-01,1000000.00,4.393263,99.60546875
08:01:05,91282CKE0,TSRYS5765705,D,B,C,2024-04-01,1000000.00,4.39112,99.611328125
08:01:05,91282CKE0,TSRYS5765705,D,B,C,2024-04-01,1000000.00,4.390405,99.61328125
08:01:05,91282CKE0,TSRYS5765705,D,S,C,2024-04-01,1000000.00,4.390405,99.61328125
08:01:05,91282CKE0,TSRYS5765705,D,B,C,2024-04-01,1000000.00,4.39112,99.611328125
08:01:05,91282CKE0,TSRYS5765705,D,S,C,2024-04-01,1000000.00,4.39112,99.611328125
08:01:05,91282CKE0,TSRYS5765705,D,S,C,2024-04-01,1000000.00,4.39112,99.611328125
08:01:05,91282CKE0,TSRYS5765705,D,B,C,2024-04-01,4000000.00,4.39112,99.611328125
08:01:05,91282CKE0,TSRYS5765705,D,S,C,2024-04-01,1000000.00,4.39112,99.611328125
08:01:05,91282CKE0,TSRYS5765705,D,S,C,2024-04-01,4000000.00,4.39112,99.611328125
08:01:05,91282CKE0,TSRYS5765705,D,B,C,2024-04-01,1000000.00,4.39112,99.611328125
08:01:05,91282CKE0,TSRYS5765705,D,S,C,2024-04-01,1000000.00,4.39112,99.611328125
08:01:05,91282CKE0,TSRYS5765705,D,S,C,2024-04-01,1000000.00,4.39112,99.611328125
08:01:05,91282CKE0,TSRYS5765705,D,B,C,2024-04-01,2000000.00,4.391834,99.609375
08:01:05,91282CKE0,TSRYS5765705,D,B,C,2024-04-01,1000000.00,4.39112,99.611328125
08:01:05,91282CKE0,TSRYS5765705,D,B,C,2024-04-01,1000000.00,4.39112,99.611328125
08:01:05,91282CKE0,TSRYS5765705,D,S,C,2024-04-01,1000000.00,4.39112,99.611328125
08:01:05,91282CKE0,TSRYS5765705,D,S,D,2024-04-01,1000000.00,4.396121,99.59765625
08:01:05,91282CKE0,TSRYS5765705,D,S,C,2024-04-01,1000000.00,4.395407,99.599609375
08:01:05,91282CKE0,TSRYS5765705,D,B,C,2024-04-01,1000000.00,4.39112,99.611328125
08:01:05,91282CKE0,TSRYS5765705,D,S,C,2024-04-01,1000000.00,4.39112,99.611328125
08:01:05,91282CKE0,TSRYS5765705,D,S,C,2024-04-01,1000000.00,4.39112,99.611328125
08:01:05,91282CKE0,TSRYS5765705,D,S,C,2024-04-01,1000000.00,4.395407,99.599609375
08:01:05,91282CKE0,TSRYS5765705,D,B,C,2024-04-01,1000000.00,4.395407,99.599609375
08:01:05,91282CKE0,TSRYS5765705,D,S,D,2024-04-01,2000000.00,4.391834,99.609375
08:01:05,91282CKE0,TSRYS5765705,D,B,C,2024-04-01,1000000.00,4.396121,99.59765625
08:01:05,91282CKE0,TSRYS5765705,D,B,C,2024-04-01,1000000.00,4.395407,99.599609375
08:01:05,91282CKE0,TSRYS5765705,D,S,D,2024-04-01,1000000.00,4.391834,99.609375
08:01:05,91282CKE0,TSRYS5765705,D,S,D,2024-04-01,1000000.00,4.391834,99.609375
08:01:05,91282CKE0,TSRYS5765705,D,S,C,2024-04-01,1000000.00,4.392549,99.607421875
08:01:05,91282CKE0,TSRYS5765705,D,B,C,2024-04-01,1000000.00,4.392549,99.607421875
08:01:05,91282CKE0,TSRYS5765705,D,S,D,2024-04-01,4000000.00,4.391834,99.609375
08:01:05,91282CKE0,TSRYS5765705,D,S,C,2024-04-01,1000000.00,4.386834,99.623046875
08:01:05,91282CKE0,TSRYS5765705,D,S,C,2024-04-01,2000000.00,4.386834,99.623046875
08:01:05,91282CKE0,TSRYS5765705,D,B,C,2024-04-01,1000000.00,4.386834,99.623046875
08:01:05,91282CKE0,TSRYS5765705,D,S,C,2024-04-01,1000000.00,4.386834,99.623046875
08:01:05,91282CKE0,TSRYS5765705,D,S,C,2024-04-01,4000000.00,4.386834,99.623046875
08:01:05,91282CKE0,TSRYS5765705,D,S,C,2024-04-01,2000000.00,4.386834,99.623046875
08:01:05,91282CKE0,TSRYS5765705,D,S,C,2024-04-01,1000000.00,4.386834,99.623046875
08:01:06,91282CKE0,TSRYS5765705,D,B,C,2024-04-01,1000000.00,4.386834,99.623046875
08:01:06,91282CKE0,TSRYS5765705,D,S,C,2024-04-01,1000000.00,4.386834,99.623046875
08:01:06,91282CKE0,TSRYS5765705,D,B,C,2024-04-01,1000000.00,4.383976,99.630859375
08:01:06,91282CKE0,TSRYS5765705,D,S,C,2024-04-01,1000000.00,4.383976,99.630859375
08:01:06,91282CKE0,TSRYS5765705,D,S,C,2024-04-01,1000000.00,4.386119,99.625
08:01:06,91282CKE0,TSRYS5765705,D,B,C,2024-04-01,1000000.00,4.386119,99.625
08:01:06,91282CKE0,TSRYS5765705,D,B,C,2024-04-01,2000000.00,4.390405,99.61328125
08:01:06,91282CKE0,TSRYS5765705,D,S,D,2024-04-01,2000000.00,4.390405,99.61328125
08:01:06,91282CKE0,TSRYS5765705,D,B,C,2024-04-01,1000000.00,4.388262,99.619140625
08:01:06,91282CKE0,TSRYS5765705,D,S,D,2024-04-01,1000000.00,4.388262,99.619140625
08:01:06,91282CKE0,TSRYS5765705,D,B,C,2024-04-01,1000000.00,4.389691,99.615234375
08:01:06,91282CKE0,TSRYS5765705,D,S,D,2024-04-01,1000000.00,4.389691,99.615234375
08:01:06,91282CKE0,TSRYS5765705,D,S,C,2024-04-01,1000000.00,4.389691,99.615234375
08:01:06,91282CKE0,TSRYS5765705,D,B,C,2024-04-01,1000000.00,4.389691,99.615234375
08:01:06,91282CKE0,TSRYS5765705,D,S,C,2024-04-01,1000000.00,4.392549,99.607421875
08:01:06,91282CKE0,TSRYS5765705,D,B,C,2024-04-01,1000000.00,4.392549,99.607421875
08:01:06,91282CKE0,TSRYS5765705,D,S,C,2024-04-01,1000000.00,4.394692,99.6015625
08:01:06,91282CKE0,TSRYS5765705,D,S,D,2024-04-01,1000000.00,4.395407,99.599609375
08:01:06,91282CKE0,TSRYS5765705,D,B,C,2024-04-01,2000000.00,4.395407,99.599609375
08:01:06,91282CKE0,TSRYS5765705,D,S,D,2024-04-01,2000000.00,4.395407,99.599609375
08:01:06,91282CKE0,TSRYS5765705,D,S,C,2024-04-01,1000000.00,4.394692,99.6015625
08:01:06,91282CKE0,TSRYS5765705,D,B,C,2024-04-01,1000000.00,4.394692,99.6015625
08:01:06,91282CKE0,TSRYS5765705,D,S,C,2024-04-01,1000000.00,4.394692,99.6015625
08:01:06,91282CKE0,TSRYS5765705,D,B,C,2024-04-01,1000000.00,4.394692,99.6015625
08:01:06,91282CKE0,TSRYS5765705,D,S,T,2024-04-01,1000000.00,4.394692,99.6015625
08:01:06,91282CKE0,TSRYS5765705,D,S,T,2024-04-01,1000000.00,4.394692,99.6015625
08:01:07,91282CKE0,TSRYS5765705,D,S,T,2024-04-01,1000000.00,4.393263,99.60546875
08:01:07,91282CKE0,TSRYS5765705,D,S,T,2024-04-01,1000000.00,4.39755,99.59375
08:01:08,91282CKE0,TSRYS5765705,D,S,T,2024-04-01,1000000.00,4.396121,99.59765625
08:01:08,91282CKE0,TSRYS5765705,D,S,T,2024-04-01,1000000.00,4.39898,99.58984375
08:01:08,91282CKE0,TSRYS5765705,D,S,T,2024-04-01,1000000.00,4.39898,99.58984375
08:01:10,91282CKE0,TSRYS5765705,D,S,C,2024-04-01,2000000.00,4.390405,99.61328125
08:01:10,91282CKE0,TSRYS5765705,D,S,D,2024-04-01,2000000.00,4.390405,99.61328125
08:01:10,91282CKE0,TSRYS5765705,D,S,C,2024-04-01,1000000.00,4.390405,99.61328125
08:01:10,91282CKE0,TSRYS5765705,D,S,T,2024-04-01,1000000.00,4.393263,99.60546875
08:01:10,91282CKE0,TSRYS5765705,D,S,T,2024-04-01,1000000.00,4.39755,99.59375
08:01:10,91282CKE0,TSRYS5765705,D,S,D,2024-04-01,1000000.00,4.390405,99.61328125
08:01:10,91282CKE0,TSRYS5765705,D,S,C,2024-04-01,1000000.00,4.390405,99.61328125
08:01:10,91282CKE0,TSRYS5765705,D,S,D,2024-04-01,1000000.00,4.390405,99.61328125
08:01:10,91282CKE0,TSRYS5765705,D,S,C,2024-04-01,6000000.00,4.388977,99.6171875
08:01:11,91282CKE0,TSRYS5765705,D,S,C,2024-04-01,5000000.00,4.39755,99.59375
08:01:11,91282CKE0,TSRYS5765705,D,S,D,2024-04-01,1000000.00,4.391834,99.609375
08:01:11,91282CKE0,TSRYS5765705,D,S,D,2024-04-01,1000000.00,4.391834,99.609375
08:01:11,91282CKE0,TSRYS5765705,D,S,C,2024-04-01,2000000.00,4.388977,99.6171875
08:01:11,91282CKE0,TSRYS5765705,D,S,T,2024-04-01,1000000.00,4.39766,99.59345
08:01:12,91282CKE0,TSRYS5765705,D,S,C,2024-04-01,4000000.00,4.390405,99.61328125
08:01:12,91282CKE0,TSRYS5765705,D,S,D,2024-04-01,1000000.00,4.388977,99.6173625
08:01:12,91282CKE0,TSRYS5765705,D,B,C,2024-04-01,1000000.00,4.388977,99.6171875
08:01:12,91282CKE0,TSRYS5765705,D,S,T,2024-04-01,1000000.00,4.391871,99.609275
08:01:12,91282CKE0,TSRYS5765705,D,B,C,2024-04-01,1000000.00,4.388977,99.6171875
08:01:12,91282CKE0,TSRYS5765705,D,S,D,2024-04-01,1000000.00,4.388977,99.6171875
08:01:12,91282CKE0,TSRYS5765705,D,S,D,2024-04-01,1000000.00,4.390405,99.61345625
08:01:12,91282CKE0,TSRYS5765705,D,S,D,2024-04-01,2000000.00,4.390405,99.61328125
08:01:12,91282CKE0,TSRYS5765705,D,B,C,2024-04-01,3000000.00,4.390405,99.61328125
08:01:12,91282CKE0,TSRYS5765705,D,S,D,2024-04-01,3000000.00,4.390405,99.61328125
08:01:12,91282CKE0,TSRYS5765705,D,S,D,2024-04-01,1000000.00,4.390405,99.61328125
08:01:12,91282CKE0,TSRYS5765705,D,S,D,2024-04-01,1000000.00,4.390405,99.61345625
08:01:12,91282CKE0,TSRYS5765705,D,B,C,2024-04-01,1000000.00,4.390405,99.61308125
08:01:12,91282CKE0,TSRYS5765705,D,S,C,2024-04-01,1000000.00,4.390405,99.61328125
08:01:12,91282CKE0,TSRYS5765705,D,B,C,2024-04-01,1000000.00,4.390405,99.61308125
08:01:12,91282CKE0,TSRYS5765705,D,S,D,2024-04-01,1000000.00,4.393263,99.60564375
08:01:13,91282CKE0,TSRYS5765705,D,S,D,2024-04-01,2000000.00,4.394692,99.6015625
08:01:13,91282CKE0,TSRYS5765705,D,S,D,2024-04-01,2000000.00,4.394692,99.6015625
08:01:13,91282CKE0,TSRYS5765705,D,S,T,2024-04-01,2000000.00,4.391917,99.60915
08:01:13,91282CKE0,TSRYS5765705,D,S,D,2024-04-01,10000000.00,4.388794,99.6176875
08:01:13,91282CKE0,TSRYS5765705,D,S,D,2024-04-01,10000000.00,4.390223,99.6137813
08:01:13,91282CKE0,TSRYS5765705,D,S,D,2024-04-01,10000000.00,4.390223,99.6137813
08:01:13,91282CKE0,TSRYS5765705,D,S,D,2024-04-01,10000000.00,4.390223,99.6137813
08:01:13,91282CKE0,TSRYS5765705,D,S,D,2024-04-01,10000000.00,4.391651,99.609875
08:01:13,91282CKE0,TSRYS5765705,D,S,D,2024-04-01,10000000.00,4.39308,99.6059688
08:01:13,91282CKE0,TSRYS5765705,D,S,D,2024-04-01,10000000.00,4.394509,99.6020625
08:01:13,91282CKE0,TSRYS5765705,D,S,D,2024-04-01,10000000.00,4.395938,99.5981563
08:01:13,91282CKE0,TSRYS5765705,D,S,D,2024-04-01,10000000.00,4.397367,99.59425
08:01:13,91282CKE0,TSRYS5765705,D,S,C,2024-04-01,6000000.00,4.393978,99.603515625
08:01:13,91282CKE0,TSRYS5765705,D,B,C,2024-04-01,6000000.00,4.393978,99.603515625
08:01:15,91282CKE0,TSRYS5765705,D,S,T,2024-04-01,1000000.00,4.394729,99.6014625
08:01:15,91282CKE0,TSRYS5765705,D,S,T,2024-04-01,1000000.00,4.394692,99.6015625
08:01:15,91282CKE0,TSRYS5765705,D,S,T,2024-04-01,1000000.00,4.394692,99.6015625
08:01:15,91282CKE0,TSRYS5765705,D,S,T,2024-04-01,1000000.00,4.394692,99.6015625
08:01:15,91282CKE0,TSRYS5765705,D,S,T,2024-04-01,2000000.00,4.394692,99.6015625
08:01:15,91282CKE0,TSRYS5765705,D,S,T,2024-04-01,1000000.00,4.394692,99.6015625
08:01:15,91282CKE0,TSRYS5765705,D,S,T,2024-04-01,2000000.00,4.394692,99.6015625
08:01:15,91282CKE0,TSRYS5765705,D,S,T,2024-04-01,1000000.00,4.394692,99.6015625
08:01:15,91282CKE0,TSRYS5765705,D,S,T,2024-04-01,1000000.00,4.394692,99.6015625
08:01:15,91282CKE0,TSRYS5765705,D,S,T,2024-04-01,2000000.00,4.394692,99.6015625
08:01:15,91282CKE0,TSRYS5765705,D,S,T,2024-04-01,2000000.00,4.394692,99.6015625
08:01:15,91282CKE0,TSRYS5765705,D,B,A,2024-04-01,9000000.00,4.391834,99.609375
08:01:15,91282CKE0,TSRYS5765705,D,S,T,2024-04-01,1000000.00,4.391156,99.611228125
08:01:15,91282CKE0,TSRYS5765705,D,S,T,2024-04-01,2000000.00,4.391871,99.609275
08:01:15,91282CKE0,TSRYS5765705,D,S,T,2024-04-01,1000000.00,4.391871,99.609275
08:01:15,91282CKE0,TSRYS5765705,D,S,T,2024-04-01,1000000.00,4.391871,99.609275
08:01:15,91282CKE0,TSRYS5765705,D,S,T,2024-04-01,2000000.00,4.391871,99.609275
08:01:15,91282CKE0,TSRYS5765705,D,S,C,2024-04-01,1000000.00,4.394692,99.6015625
08:01:15,91282CKE0,TSRYS5765705,D,S,T,2024-04-01,3000000.00,4.391871,99.609275
08:01:15,91282CKE0,TSRYS5765705,D,S,D,2024-04-01,1000000.00,4.396121,99.59783125
08:01:15,91282CKE0,TSRYS5765705,D,B,C,2024-04-01,1000000.00,4.396121,99.59765625
08:01:17,91282CKE0,TSRYS5765705,D,S,D,2024-04-01,1000000.00,4.39755,99.593925
08:01:17,91282CKE0,TSRYS5765705,D,S,T,2024-04-01,1000000.00,4.396121,99.59765625
08:01:18,91282CKE0,TSRYS5765705,D,S,T,2024-04-01,1000000.00,4.394692,99.6015625
08:01:19,91282CKE0,TSRYS5765705,D,S,T,2024-04-01,1000000.00,4.39755,99.59375
08:01:19,91282CKE0,TSRYS5765705,D,S,T,2024-04-01,1000000.00,4.397587,99.59365
08:01:19,91282CKE0,TSRYS5765705,D,S,T,2024-04-01,1000000.00,4.397587,99.59365
08:01:19,91282CKE0,TSRYS5765705,D,S,T,2024-04-01,1000000.00,4.397587,99.59365
08:01:19,91282CKE0,TSRYS5765705,D,S,T,2024-04-01,1000000.00,4.397587,99.59365
08:01:19,91282CKE0,TSRYS5765705,D,S,T,2024-04-01,1000000.00,4.397587,99.59365
08:01:19,91282CKE0,TSRYS5765705,D,S,T,2024-04-01,1000000.00,4.397587,99.59365
08:01:19,91282CKE0,TSRYS5765705,D,S,T,2024-04-01,1000000.00,4.39755,99.59375
08:01:19,91282CKE0,TSRYS5765705,D,S,T,2024-04-01,1000000.00,4.39755,99.59375
08:01:19,91282CKE0,TSRYS5765705,D,S,T,2024-04-01,4000000.00,4.39755,99.59375
08:01:19,91282CKE0,TSRYS5765705,D,S,T,2024-04-01,1000000.00,4.397587,99.59365
08:01:19,91282CKE0,TSRYS5765705,D,S,T,2024-04-01,3000000.00,4.39755,99.59375
08:01:20,91282CKE0,TSRYS5765705,D,S,T,2024-04-01,1000000.00,4.39755,99.59375
08:01:20,91282CKE0,TSRYS5765705,D,S,T,2024-04-01,2000000.00,4.39755,99.59375
08:01:20,91282CKE0,TSRYS5765705,D,S,T,2024-04-01,1000000.00,4.397587,99.59365
08:01:20,91282CKE0,TSRYS5765705,D,S,T,2024-04-01,1000000.00,4.397587,99.59365
08:01:20,91282CKE0,TSRYS5765705,D,S,T,2024-04-01,1000000.00,4.39755,99.59375
08:01:20,91282CKE0,TSRYS5765705,D,S,T,2024-04-01,1000000.00,4.39755,99.59375
08:01:20,91282CKE0,TSRYS5765705,D,S,T,2024-04-01,2000000.00,4.39755,99.59375
08:01:21,91282CKE0,TSRYS5765705,D,S,D,2024-04-01,14000000.00,4.39308,99.60597
08:01:21,91282CKE0,TSRYS5765705,D,B,A,2024-04-01,4000000.00,4.39755,99.59375
08:01:22,91282CKE0,TSRYS5765705,D,S,T,2024-04-01,1000000.00,4.390405,99.61328125
08:01:22,91282CKE0,TSRYS5765705,D,S,T,2024-04-01,1000000.00,4.390405,99.61328125
08:01:24,91282CKE0,TSRYS5765705,D,S,D,2024-04-01,1000000.00,4.390405,99.61328125
08:01:25,91282CKE0,TSRYS5765705,D,B,C,2024-04-01,9000000.00,4.390413,99.61326
08:01:26,91282CKE0,TSRYS5765705,D,S,T,2024-04-01,1000000.00,4.390405,99.61328125
08:01:27,91282CKE0,TSRYS5765705,D,S,T,2024-04-01,1000000.00,4.390405,99.61328125
08:01:27,91282CKE0,TSRYS5765705,D,S,T,2024-04-01,2000000.00,4.390405,99.61328125
08:01:27,91282CKE0,TSRYS5765705,D,S,C,2024-04-01,50000.00,4.397459,99.594
08:01:27,91282CKE0,TSRYS5765705,D,S,T,2024-04-01,2000000.00,4.390405,99.61328125
08:01:28,91282CKE0,TSRYS5765705,D,S,T,2024-04-01,2000000.00,4.39755,99.59375
08:01:30,91282CKE0,TSRYS5765705,D,S,T,2024-04-01,1000000.00,4.39755,99.59375
08:01:30,91282CKE0,TSRYS5765705,D,S,C,2024-04-01,1000000.00,4.396121,99.59765625
08:01:30,91282CKE0,TSRYS5765705,D,S,D,2024-04-01,1000000.00,4.393263,99.60546875
08:01:30,91282CKE0,TSRYS5765705,D,B,C,2024-04-01,1000000.00,4.393263,99.60546875
08:01:30,91282CKE0,TSRYS5765705,D,S,D,2024-04-01,1000000.00,4.393263,99.60546875
08:01:30,91282CKE0,TSRYS5765705,D,B,C,2024-04-01,1000000.00,4.393263,99.60546875
08:01:31,91282CKE0,TSRYS5765705,D,B,C,2024-04-01,1000000.00,4.390405,99.61328125
08:01:31,91282CKE0,TSRYS5765705,D,B,C,2024-04-01,2000000.00,4.390405,99.61328125
08:01:31,91282CKE0,TSRYS5765705,D,B,C,2024-04-01,1000000.00,4.390405,99.61328125
08:01:31,91282CKE0,TSRYS5765705,D,B,C,2024-04-01,1000000.00,4.388977,99.6171875
08:01:31,91282CKE0,TSRYS5765705,D,B,C,2024-04-01,1000000.00,4.39112,99.61132812
08:01:31,91282CKE0,TSRYS5765705,D,B,C,2024-04-01,1000000.00,4.39112,99.61132812
08:01:31,91282CKE0,TSRYS5765705,D,B,C,2024-04-01,2000000.00,4.39112,99.61132812
08:01:32,91282CKE0,TSRYS5765705,D,S,T,2024-04-01,1000000.00,4.39755,99.59375
08:01:32,91282CKE0,TSRYS5765705,D,B,A,2024-04-01,3000000.00,4.394692,99.6015625
08:01:32,91282CKE0,TSRYS5765705,D,S,D,2024-04-01,1000000.00,4.389691,99.61523437
08:01:32,91282CKE0,TSRYS5765705,D,S,C,2024-04-01,1000000.00,4.389691,99.61523437
08:01:33,91282CKE0,TSRYS5765705,D,S,C,2024-04-01,2000000.00,4.389691,99.61523437
08:01:33,91282CKE0,TSRYS5765705,D,S,C,2024-04-01,3000000.00,4.389691,99.61523437
08:01:33,91282CKE0,TSRYS5765705,D,S,T,2024-04-01,1000000.00,4.39755,99.59375
08:01:33,91282CKE0,TSRYS5765705,D,S,T,2024-04-01,1000000.00,4.39755,99.59375
08:01:34,91282CKE0,TSRYS5765705,D,B,C,2024-04-01,1000000.00,4.391834,99.609375
08:01:34,91282CKE0,TSRYS5765705,D,S,D,2024-04-01,1000000.00,4.391834,99.609375
08:01:34,91282CKE0,TSRYS5765705,D,B,C,2024-04-01,1000000.00,4.390405,99.61328125
08:01:34,91282CKE0,TSRYS5765705,D,S,C,2024-04-01,1000000.00,4.390405,99.61328125
08:01:35,91282CKE0,TSRYS5765705,D,B,C,2024-04-01,1000000.00,4.395407,99.59960937
08:01:35,91282CKE0,TSRYS5765705,D,B,C,2024-04-01,1000000.00,4.394692,99.6015625
08:01:35,91282CKE0,TSRYS5765705,D,B,C,2024-04-01,2000000.00,4.394692,99.6015625
08:01:35,91282CKE0,TSRYS5765705,D,S,T,2024-04-01,1000000.00,4.393978,99.60351562
08:01:35,91282CKE0,TSRYS5765705,D,B,C,2024-04-01,1000000.00,4.393978,99.60351562
08:01:36,91282CKE0,TSRYS5765705,D,B,C,2024-04-01,1000000.00,4.394692,99.6015625
08:01:36,91282CKE0,TSRYS5765705,D,B,C,2024-04-01,1000000.00,4.394692,99.6015625
08:01:36,91282CKE0,TSRYS5765705,D,S,D,2024-04-01,1000000.00,4.395407,99.59960937
08:01:36,91282CKE0,TSRYS5765705,D,S,D,2024-04-01,1000000.00,4.395407,99.59960937
08:01:36,91282CKE0,TSRYS5765705,D,B,C,2024-04-01,1000000.00,4.394692,99.6015625
08:01:36,91282CKE0,TSRYS5765705,D,S,T,2024-04-01,1000000.00,4.395407,99.59960937
08:01:36,91282CKE0,TSRYS5765705,D,S,D,2024-04-01,1000000.00,4.395407,99.59960937
08:01:36,91282CKE0,TSRYS5765705,D,B,C,2024-04-01,1000000.00,4.393263,99.60546875
08:01:36,91282CKE0,TSRYS5765705,D,B,C,2024-04-01,1000000.00,4.393263,99.60546875
08:01:36,91282CKE0,TSRYS5765705,D,B,C,2024-04-01,1000000.00,4.393263,99.60546875
08:01:36,91282CKE0,TSRYS5765705,D,S,T,2024-04-01,1000000.00,4.393263,99.60546875
08:01:36,91282CKE0,TSRYS5765705,D,B,C,2024-04-01,1000000.00,4.394692,99.6015625
08:01:36,91282CKE0,TSRYS5765705,D,B,C,2024-04-01,1000000.00,4.394692,99.6015625
08:01:37,91282CKE0,TSRYS5765705,D,B,A,2024-04-01,2000000.00,4.394781,99.6015625
08:01:37,91282CKE0,TSRYS5765705,D,B,C,2024-04-01,1000000.00,4.396121,99.59765625
08:01:37,91282CKE0,TSRYS5765705,D,B,C,2024-04-01,2000000.00,4.396121,99.59765625
08:01:37,91282CKE0,TSRYS5765705,D,B,C,2024-04-01,2000000.00,4.396836,99.59570312
08:01:38,91282CKE0,TSRYS5765705,D,S,C,2024-04-01,92000000.00,4.394543,99.60197
08:01:38,91282CKE0,TSRYS5765705,D,S,T,2024-04-01,1000000.00,4.39755,99.59375
08:01:39,91282CKE0,TSRYS5765705,D,S,T,2024-04-01,1000000.00,4.39755,99.59375
08:01:40,91282CKE0,TSRYS5765705,D,S,T,2024-04-01,1000000.00,4.39755,99.59375
08:01:42,91282CKE0,TSRYS5765705,D,S,C,2024-04-01,1000000.00,4.394692,99.6015625
08:01:42,91282CKE0,TSRYS5765705,D,S,C,2024-04-01,1000000.00,4.395407,99.599609375
08:01:43,91282CKE0,TSRYS5765705,D,S,T,2024-04-01,1000000.00,4.39755,99.59375
08:01:52,91282CKE0,TSRYS5765705,D,S,D,2024-04-01,1000000.00,4.390405,99.61328125
08:01:52,91282CKE0,TSRYS5765705,D,S,D,2024-04-01,5000000.00,4.39209,99.608675
08:01:53,91282CKE0,TSRYS5765705,D,S,T,2024-04-01,1000000.00,4.389691,99.615234375
08:01:53,91282CKE0,TSRYS5765705,D,S,T,2024-04-01,1000000.00,4.389691,99.615234375
08:01:53,91282CKE0,TSRYS5765705,D,S,T,2024-04-01,1000000.00,4.389691,99.615234375
08:01:53,91282CKE0,TSRYS5765705,D,S,T,2024-04-01,1000000.00,4.389691,99.615234375
08:01:53,91282CKE0,TSRYS5765705,D,S,T,2024-04-01,1000000.00,4.389691,99.615234375
08:01:54,91282CKE0,TSRYS5765705,D,B,C,2024-04-01,1000000.00,4.390479,99.61308125
08:01:54,91282CKE0,TSRYS5765705,D,S,C,2024-04-01,1000000.00,4.390405,99.61328125
08:01:54,91282CKE0,TSRYS5765705,D,B,C,2024-04-01,2000000.00,4.390405,99.61328125
08:01:54,91282CKE0,TSRYS5765705,D,S,C,2024-04-01,8000000.00,4.390296,99.61358125
08:01:54,91282CKE0,TSRYS5765705,D,B,C,2024-04-01,8000000.00,4.390479,99.61308125
08:01:54,91282CKE0,TSRYS5765705,D,S,C,2024-04-01,2000000.00,4.390296,99.61358125
08:01:54,91282CKE0,TSRYS5765705,D,S,T,2024-04-01,1000000.00,4.389737,99.615109375
08:01:54,91282CKE0,TSRYS5765705,D,B,C,2024-04-01,4000000.00,4.390405,99.61328125
08:01:54,91282CKE0,TSRYS5765705,D,B,C,2024-04-01,1000000.00,4.390479,99.61308125
08:01:54,91282CKE0,TSRYS5765705,D,S,C,2024-04-01,1000000.00,4.390296,99.61358125
08:01:54,91282CKE0,TSRYS5765705,D,S,C,2024-04-01,4000000.00,4.390296,99.61358125
08:01:54,91282CKE0,TSRYS5765705,D,S,C,2024-04-01,1000000.00,4.390332,99.61348125
08:01:54,91282CKE0,TSRYS5765705,D,S,C,2024-04-01,1000000.00,4.390332,99.61348125
08:01:54,91282CKE0,TSRYS5765705,D,B,C,2024-04-01,1000000.00,4.390405,99.61328125
08:01:54,91282CKE0,TSRYS5765705,D,B,C,2024-04-01,1000000.00,4.390469,99.61310625
08:01:54,91282CKE0,TSRYS5765705,D,S,C,2024-04-01,2000000.00,4.390296,99.61358125
08:01:54,91282CKE0,TSRYS5765705,D,B,C,2024-04-01,1000000.00,4.390469,99.61310625
08:01:54,91282CKE0,TSRYS5765705,D,B,C,2024-04-01,1000000.00,4.390469,99.61310625
08:01:54,91282CKE0,TSRYS5765705,D,S,C,2024-04-01,1000000.00,4.390296,99.61358125
08:01:54,91282CKE0,TSRYS5765705,D,S,C,2024-04-01,1000000.00,4.390332,99.61348125
08:01:54,91282CKE0,TSRYS5765705,D,S,T,2024-04-01,1000000.00,4.389737,99.615109375
08:01:54,91282CKE0,TSRYS5765705,D,S,C,2024-04-01,1000000.00,4.390405,99.61328125
08:01:54,91282CKE0,TSRYS5765705,D,B,C,2024-04-01,2000000.00,4.390469,99.61310625
08:01:54,91282CKE0,TSRYS5765705,D,S,C,2024-04-01,1000000.00,4.390296,99.61358125
08:01:54,91282CKE0,TSRYS5765705,D,B,C,2024-04-01,1000000.00,4.390469,99.61310625
08:01:54,91282CKE0,TSRYS5765705,D,B,C,2024-04-01,1000000.00,4.390469,99.61310625
08:01:54,91282CKE0,TSRYS5765705,D,S,C,2024-04-01,1000000.00,4.390296,99.61358125
08:01:54,91282CKE0,TSRYS5765705,D,B,C,2024-04-01,1000000.00,4.390469,99.61310625
08:01:54,91282CKE0,TSRYS5765705,D,S,T,2024-04-01,1000000.00,4.390405,99.61328125
08:01:54,91282CKE0,TSRYS5765705,D,S,T,2024-04-01,2000000.00,4.39112,99.611328125
08:01:55,91282CKE0,TSRYS5765705,D,S,C,2024-04-01,2000000.00,4.390296,99.61358125
08:01:55,91282CKE0,TSRYS5765705,D,S,C,2024-04-01,1000000.00,4.390296,99.61358125
08:01:55,91282CKE0,TSRYS5765705,D,S,C,2024-04-01,1000000.00,4.390296,99.61358125
08:01:55,91282CKE0,TSRYS5765705,D,B,C,2024-04-01,1000000.00,4.390405,99.61328125
08:01:55,91282CKE0,TSRYS5765705,D,B,C,2024-04-01,2000000.00,4.390405,99.61328125
08:01:55,91282CKE0,TSRYS5765705,D,B,C,2024-04-01,1000000.00,4.390405,99.61328125
08:01:55,91282CKE0,TSRYS5765705,D,S,C,2024-04-01,1000000.00,4.390296,99.61358125
08:01:55,91282CKE0,TSRYS5765705,D,S,C,2024-04-01,2000000.00,4.390296,99.61358125
08:01:55,91282CKE0,TSRYS5765705,D,S,C,2024-04-01,1000000.00,4.390296,99.61358125
08:01:55,91282CKE0,TSRYS5765705,D,S,C,2024-04-01,1000000.00,4.390296,99.61358125
08:01:55,91282CKE0,TSRYS5765705,D,S,C,2024-04-01,3000000.00,4.390296,99.61358125
08:01:55,91282CKE0,TSRYS5765705,D,S,C,2024-04-01,1000000.00,4.390332,99.61348125
08:01:55,91282CKE0,TSRYS5765705,D,S,C,2024-04-01,1000000.00,4.390296,99.61358125
08:01:55,91282CKE0,TSRYS5765705,D,B,C,2024-04-01,1000000.00,4.390442,99.61318125
08:01:55,91282CKE0,TSRYS5765705,D,B,C,2024-04-01,1000000.00,4.390405,99.61328125
08:01:55,91282CKE0,TSRYS5765705,D,B,C,2024-04-01,3000000.00,4.390405,99.61328125
08:01:55,91282CKE0,TSRYS5765705,D,B,C,2024-04-01,1000000.00,4.390405,99.61328125
08:01:55,91282CKE0,TSRYS5765705,D,S,C,2024-04-01,1000000.00,4.390405,99.61328125
08:01:56,91282CKE0,TSRYS5765705,D,B,C,2024-04-01,2000000.00,4.38905,99.6169875
08:01:56,91282CKE0,TSRYS5765705,D,S,C,2024-04-01,1000000.00,4.388977,99.6171875
08:01:56,91282CKE0,TSRYS5765705,D,S,C,2024-04-01,2000000.00,4.388867,99.6174875
08:01:56,91282CKE0,TSRYS5765705,D,S,D,2024-04-01,2000000.00,4.388894,99.6174125
08:01:56,91282CKE0,TSRYS5765705,D,B,C,2024-04-01,1000000.00,4.388977,99.6171875
08:01:56,91282CKE0,TSRYS5765705,D,B,C,2024-04-01,2000000.00,4.388977,99.6171875
08:01:56,91282CKE0,TSRYS5765705,D,B,C,2024-04-01,2000000.00,4.388977,99.6171875
08:01:56,91282CKE0,TSRYS5765705,D,S,D,2024-04-01,2000000.00,4.388894,99.6174125
08:01:56,91282CKE0,TSRYS5765705,D,S,C,2024-04-01,3000000.00,4.388867,99.6174875
08:01:56,91282CKE0,TSRYS5765705,D,S,C,2024-04-01,2000000.00,4.388867,99.6174875
08:01:56,91282CKE0,TSRYS5765705,D,S,C,2024-04-01,1000000.00,4.388867,99.6174875
08:01:56,91282CKE0,TSRYS5765705,D,S,C,2024-04-01,3000000.00,4.388867,99.6174875
08:01:56,91282CKE0,TSRYS5765705,D,S,C,2024-04-01,1000000.00,4.388867,99.6174875
08:01:56,91282CKE0,TSRYS5765705,D,S,D,2024-04-01,1000000.00,4.390323,99.61350625
08:01:56,91282CKE0,TSRYS5765705,D,S,D,2024-04-01,3000000.00,4.390323,99.61350625
08:01:56,91282CKE0,TSRYS5765705,D,B,C,2024-04-01,1000000.00,4.389041,99.6170125
08:01:56,91282CKE0,TSRYS5765705,D,S,C,2024-04-01,1000000.00,4.388867,99.6174875
08:01:56,91282CKE0,TSRYS5765705,D,S,C,2024-04-01,1000000.00,4.388867,99.6174875
08:01:56,91282CKE0,TSRYS5765705,D,S,C,2024-04-01,1000000.00,4.388867,99.6174875
08:01:56,91282CKE0,TSRYS5765705,D,B,C,2024-04-01,1000000.00,4.389041,99.6170125
08:01:56,91282CKE0,TSRYS5765705,D,S,D,2024-04-01,1000000.00,4.390323,99.61350625
08:01:56,91282CKE0,TSRYS5765705,D,B,C,2024-04-01,1000000.00,4.390469,99.61310625
08:01:56,91282CKE0,TSRYS5765705,D,S,C,2024-04-01,1000000.00,4.391761,99.609575
08:01:56,91282CKE0,TSRYS5765705,D,B,C,2024-04-01,1000000.00,4.390405,99.61328125
08:01:56,91282CKE0,TSRYS5765705,D,B,C,2024-04-01,3000000.00,4.390405,99.61328125
08:01:56,91282CKE0,TSRYS5765705,D,B,C,2024-04-01,1000000.00,4.390405,99.61328125
08:01:56,91282CKE0,TSRYS5765705,D,B,C,2024-04-01,1000000.00,4.391898,99.6092
08:01:56,91282CKE0,TSRYS5765705,D,S,C,2024-04-01,1000000.00,4.391834,99.609375
08:01:56,91282CKE0,TSRYS5765705,D,B,C,2024-04-01,1000000.00,4.391898,99.6092
08:01:56,91282CKE0,TSRYS5765705,D,B,C,2024-04-01,1000000.00,4.390405,99.61328125
08:01:56,91282CKE0,TSRYS5765705,D,S,D,2024-04-01,3000000.00,4.390323,99.61350625
08:01:56,91282CKE0,TSRYS5765705,D,S,C,2024-04-01,1000000.00,4.390332,99.61348125
08:01:56,91282CKE0,TSRYS5765705,D,S,C,2024-04-01,1000000.00,4.390332,99.61348125
08:01:56,91282CKE0,TSRYS5765705,D,S,C,2024-04-01,1000000.00,4.390405,99.61328125
08:01:57,91282CKE0,TSRYS5765705,D,S,C,2024-04-01,1000000.00,4.391761,99.609575
08:01:57,91282CKE0,TSRYS5765705,D,S,D,2024-04-01,4000000.00,4.391752,99.6096
08:01:57,91282CKE0,TSRYS5765705,D,S,C,2024-04-01,2000000.00,4.391725,99.609675
08:01:57,91282CKE0,TSRYS5765705,D,S,C,2024-04-01,1000000.00,4.391725,99.609675
08:01:57,91282CKE0,TSRYS5765705,D,S,C,2024-04-01,1000000.00,4.393263,99.60546875
08:01:57,91282CKE0,TSRYS5765705,D,S,C,2024-04-01,1000000.00,4.391725,99.609675
08:01:57,91282CKE0,TSRYS5765705,D,S,C,2024-04-01,1000000.00,4.384691,99.62890625
08:01:57,91282CKE0,TSRYS5765705,D,S,D,2024-04-01,1000000.00,4.393181,99.60569375
08:01:57,91282CKE0,TSRYS5765705,D,B,C,2024-04-01,1000000.00,4.393263,99.60546875
08:01:57,91282CKE0,TSRYS5765705,D,S,D,2024-04-01,1000000.00,4.393181,99.60569375
08:01:57,91282CKE0,TSRYS5765705,D,S,D,2024-04-01,1000000.00,4.393181,99.60569375
08:01:57,91282CKE0,TSRYS5765705,D,S,D,2024-04-01,1000000.00,4.393181,99.60569375
08:01:57,91282CKE0,TSRYS5765705,D,S,D,2024-04-01,1000000.00,4.393181,99.60569375
08:01:57,91282CKE0,TSRYS5765705,D,S,D,2024-04-01,1000000.00,4.393181,99.60569375
08:01:57,91282CKE0,TSRYS5765705,D,S,D,2024-04-01,1000000.00,4.393181,99.60569375
08:01:57,91282CKE0,TSRYS5765705,D,S,C,2024-04-01,1000000.00,4.394692,99.6015625
08:01:57,91282CKE0,TSRYS5765705,D,B,C,2024-04-01,1000000.00,4.394756,99.6013875
08:01:57,91282CKE0,TSRYS5765705,D,S,D,2024-04-01,1000000.00,4.394692,99.6015625
08:01:57,91282CKE0,TSRYS5765705,D,S,C,2024-04-01,1000000.00,4.394692,99.6015625
08:01:57,91282CKE0,TSRYS5765705,D,S,C,2024-04-01,1000000.00,4.394692,99.6015625
08:01:57,91282CKE0,TSRYS5765705,D,S,C,2024-04-01,1000000.00,4.394619,99.6017625
08:01:57,91282CKE0,TSRYS5765705,D,S,C,2024-04-01,1000000.00,4.394619,99.6017625
08:01:57,91282CKE0,TSRYS5765705,D,S,C,2024-04-01,1000000.00,4.394582,99.6018625
08:01:57,91282CKE0,TSRYS5765705,D,S,C,2024-04-01,1000000.00,4.394692,99.6015625
08:01:57,91282CKE0,TSRYS5765705,D,S,C,2024-04-01,1000000.00,4.394692,99.6015625
08:01:57,91282CKE0,TSRYS5765705,D,S,C,2024-04-01,1000000.00,4.394692,99.6015625
08:01:57,91282CKE0,TSRYS5765705,D,S,C,2024-04-01,1000000.00,4.394637,99.6017125
08:01:57,91282CKE0,TSRYS5765705,D,S,D,2024-04-01,1000000.00,4.394692,99.6015625
08:01:57,91282CKE0,TSRYS5765705,D,S,C,2024-04-01,1000000.00,4.394692,99.6015625
08:01:57,91282CKE0,TSRYS5765705,D,S,C,2024-04-01,1000000.00,4.394692,99.6015625
08:01:57,91282CKE0,TSRYS5765705,D,S,D,2024-04-01,1000000.00,4.394692,99.6015625
08:01:57,91282CKE0,TSRYS5765705,D,S,C,2024-04-01,1000000.00,4.394692,99.6015625
08:01:57,91282CKE0,TSRYS5765705,D,S,C,2024-04-01,1000000.00,4.394582,99.6018625
08:01:57,91282CKE0,TSRYS5765705,D,S,C,2024-04-01,1000000.00,4.394692,99.6015625
08:01:57,91282CKE0,TSRYS5765705,D,S,C,2024-04-01,1000000.00,4.394582,99.6018625
08:01:57,91282CKE0,TSRYS5765705,D,S,C,2024-04-01,1000000.00,4.394582,99.6018625
08:01:57,91282CKE0,TSRYS5765705,D,S,D,2024-04-01,1000000.00,4.39461,99.6017875
08:01:57,91282CKE0,TSRYS5765705,D,S,D,2024-04-01,1000000.00,4.39461,99.6017875
08:01:57,91282CKE0,TSRYS5765705,D,S,D,2024-04-01,1000000.00,4.39461,99.6017875
08:01:57,91282CKE0,TSRYS5765705,D,S,D,2024-04-01,1000000.00,4.39461,99.6017875
08:01:57,91282CKE0,TSRYS5765705,D,S,C,2024-04-01,1000000.00,4.394582,99.6018625
08:01:57,91282CKE0,TSRYS5765705,D,S,C,2024-04-01,1000000.00,4.394692,99.6015625
08:01:57,91282CKE0,TSRYS5765705,D,S,C,2024-04-01,1000000.00,4.394582,99.6018625
08:01:57,91282CKE0,TSRYS5765705,D,S,C,2024-04-01,1000000.00,4.394582,99.6018625
08:01:57,91282CKE0,TSRYS5765705,D,S,C,2024-04-01,1000000.00,4.394582,99.6018625
08:01:57,91282CKE0,TSRYS5765705,D,S,C,2024-04-01,1000000.00,4.394692,99.6015625
08:01:57,91282CKE0,TSRYS5765705,D,S,T,2024-04-01,2000000.00,4.396169,99.59752625
08:01:57,91282CKE0,TSRYS5765705,D,S,T,2024-04-01,2000000.00,4.396169,99.59752625
08:01:57,91282CKE0,TSRYS5765705,D,S,T,2024-04-01,1000000.00,4.396169,99.59752625
08:01:57,91282CKE0,TSRYS5765705,D,S,C,2024-04-01,1000000.00,4.393263,99.60546875
08:01:57,91282CKE0,TSRYS5765705,D,B,C,2024-04-01,1000000.00,4.393327,99.60529375
08:01:57,91282CKE0,TSRYS5765705,D,S,T,2024-04-01,2000000.00,4.396169,99.59752625
08:01:57,91282CKE0,TSRYS5765705,D,S,T,2024-04-01,5000000.00,4.396169,99.59752625
08:01:57,91282CKE0,TSRYS5765705,D,S,T,2024-04-01,2000000.00,4.396169,99.59752625
08:01:58,91282CKE0,TSRYS5765705,D,S,C,2024-04-01,1000000.00,4.393153,99.60576875
08:01:58,91282CKE0,TSRYS5765705,D,S,C,2024-04-01,2000000.00,4.393153,99.60576875
08:01:58,91282CKE0,TSRYS5765705,D,S,C,2024-04-01,1000000.00,4.393153,99.60576875
08:01:58,91282CKE0,TSRYS5765705,D,S,C,2024-04-01,2000000.00,4.393153,99.60576875
08:01:58,91282CKE0,TSRYS5765705,D,B,C,2024-04-01,1000000.00,4.393263,99.60546875
08:01:58,91282CKE0,TSRYS5765705,D,S,C,2024-04-01,1000000.00,4.393263,99.60546875
08:01:58,91282CKE0,TSRYS5765705,D,S,T,2024-04-01,2000000.00,4.396169,99.59752625
08:01:58,91282CKE0,TSRYS5765705,D,S,T,2024-04-01,2000000.00,4.396169,99.59752625
08:01:58,91282CKE0,TSRYS5765705,D,S,T,2024-04-01,1000000.00,4.396169,99.59752625
08:01:58,91282CKE0,TSRYS5765705,D,S,C,2024-04-01,1000000.00,4.393153,99.60576875
08:01:58,91282CKE0,TSRYS5765705,D,S,T,2024-04-01,1000000.00,4.396169,99.59752625
08:01:58,91282CKE0,TSRYS5765705,D,S,T,2024-04-01,2000000.00,4.396169,99.59752625
08:01:58,91282CKE0,TSRYS5765705,D,S,C,2024-04-01,2000000.00,4.393153,99.60576875
08:01:58,91282CKE0,TSRYS5765705,D,S,C,2024-04-01,2000000.00,4.393153,99.60576875
08:01:58,91282CKE0,TSRYS5765705,D,S,C,2024-04-01,2000000.00,4.393153,99.60576875
08:01:58,91282CKE0,TSRYS5765705,D,S,C,2024-04-01,1000000.00,4.393153,99.60576875
08:01:58,91282CKE0,TSRYS5765705,D,S,C,2024-04-01,1000000.00,4.393153,99.60576875
08:01:58,91282CKE0,TSRYS5765705,D,S,C,2024-04-01,2000000.00,4.393153,99.60576875
08:01:58,91282CKE0,TSRYS5765705,D,S,C,2024-04-01,1000000.00,4.393263,99.60546875
08:01:58,91282CKE0,TSRYS5765705,D,S,C,2024-04-01,1000000.00,4.393153,99.60576875
08:01:58,91282CKE0,TSRYS5765705,D,B,C,2024-04-01,1000000.00,4.393263,99.60546875
08:01:58,91282CKE0,TSRYS5765705,D,S,T,2024-04-01,2000000.00,4.399027,99.58971375
08:01:58,91282CKE0,TSRYS5765705,D,S,T,2024-04-01,1000000.00,4.399027,99.58971375
08:01:58,91282CKE0,TSRYS5765705,D,S,C,2024-04-01,1000000.00,4.393263,99.60546875
08:01:58,91282CKE0,TSRYS5765705,D,S,D,2024-04-01,2000000.00,4.393216,99.60559875
08:01:58,91282CKE0,TSRYS5765705,D,S,T,2024-04-01,1000000.00,4.399027,99.58971375
08:01:58,91282CKE0,TSRYS5765705,D,S,C,2024-04-01,1000000.00,4.396048,99.59785625
08:01:58,91282CKE0,TSRYS5765705,D,S,C,2024-04-01,1000000.00,4.396121,99.59765625
08:01:58,91282CKE0,TSRYS5765705,D,B,C,2024-04-01,1000000.00,4.396204,99.59743125
08:01:58,91282CKE0,TSRYS5765705,D,B,C,2024-04-01,1000000.00,4.396204,99.59743125
08:01:58,91282CKE0,TSRYS5765705,D,B,C,2024-04-01,1000000.00,4.396204,99.59743125
08:01:58,91282CKE0,TSRYS5765705,D,S,C,2024-04-01,1000000.00,4.396048,99.59785625
08:01:58,91282CKE0,TSRYS5765705,D,S,D,2024-04-01,1000000.00,4.396039,99.59788125
08:01:58,91282CKE0,TSRYS5765705,D,S,C,2024-04-01,1000000.00,4.394692,99.6015625
08:01:58,91282CKE0,TSRYS5765705,D,B,C,2024-04-01,1000000.00,4.396185,99.59748125
08:01:58,91282CKE0,TSRYS5765705,D,B,C,2024-04-01,1000000.00,4.394729,99.6014625
08:01:58,91282CKE0,TSRYS5765705,D,B,C,2024-04-01,1000000.00,4.396185,99.59748125
08:01:58,91282CKE0,TSRYS5765705,D,S,C,2024-04-01,1000000.00,4.394692,99.6015625
08:01:58,91282CKE0,TSRYS5765705,D,S,C,2024-04-01,1000000.00,4.394692,99.6015625
08:01:58,91282CKE0,TSRYS5765705,D,S,D,2024-04-01,1000000.00,4.396039,99.59788125
08:01:58,91282CKE0,TSRYS5765705,D,S,C,2024-04-01,1000000.00,4.394582,99.6018625
08:01:58,91282CKE0,TSRYS5765705,D,S,C,2024-04-01,1000000.00,4.394619,99.6017625
08:01:59,91282CKE0,TSRYS5765705,D,S,D,2024-04-01,1000000.00,4.396039,99.59788125
08:01:59,91282CKE0,TSRYS5765705,D,B,C,2024-04-01,1000000.00,4.396185,99.59748125
08:01:59,91282CKE0,TSRYS5765705,D,S,T,2024-04-01,2000000.00,4.394692,99.6015625
08:01:59,91282CKE0,TSRYS5765705,D,S,T,2024-04-01,1000000.00,4.394692,99.6015625
08:01:59,91282CKE0,TSRYS5765705,D,S,T,2024-04-01,1000000.00,4.394023,99.603390625
08:01:59,91282CKE0,TSRYS5765705,D,S,T,2024-04-01,1000000.00,4.394775,99.6013355
08:01:59,91282CKE0,TSRYS5765705,D,S,T,2024-04-01,1000000.00,4.394775,99.6013355
08:01:59,91282CKE0,TSRYS5765705,D,S,T,2024-04-01,1000000.00,4.394775,99.6013355
08:01:59,91282CKE0,TSRYS5765705,D,S,T,2024-04-01,1000000.00,4.394775,99.6013355
08:01:59,91282CKE0,TSRYS5765705,D,S,T,2024-04-01,1000000.00,4.394775,99.6013355
08:01:59,91282CKE0,TSRYS5765705,D,S,T,2024-04-01,1000000.00,4.394775,99.6013355
08:01:59,91282CKE0,TSRYS5765705,D,S,T,2024-04-01,2000000.00,4.394738,99.6014375
08:01:59,91282CKE0,TSRYS5765705,D,S,T,2024-04-01,1000000.00,4.394738,99.6014375
08:01:59,91282CKE0,TSRYS5765705,D,S,T,2024-04-01,1000000.00,4.394738,99.6014375
08:01:59,91282CKE0,TSRYS5765705,D,S,T,2024-04-01,1000000.00,4.394692,99.6015625
08:01:59,91282CKE0,TSRYS5765705,D,S,T,2024-04-01,1000000.00,4.394692,99.6015625
08:01:59,91282CKE0,TSRYS5765705,D,S,T,2024-04-01,1000000.00,4.394692,99.6015625
08:01:59,91282CKE0,TSRYS5765705,D,S,T,2024-04-01,2000000.00,4.394775,99.6013355
08:01:59,91282CKE0,TSRYS5765705,D,S,T,2024-04-01,1000000.00,4.394775,99.6013355
08:01:59,91282CKE0,TSRYS5765705,D,S,T,2024-04-01,1000000.00,4.394738,99.6014375
08:02:00,91282CKE0,TSRYS5765705,D,S,T,2024-04-01,1000000.00,4.394692,99.6015625
08:02:00,91282CKE0,TSRYS5765705,D,S,T,2024-04-01,1000000.00,4.394738,99.6014375
08:02:00,91282CKE0,TSRYS5765705,D,S,T,2024-04-01,1000000.00,4.394738,99.6014375
08:02:00,91282CKE0,TSRYS5765705,D,S,T,2024-04-01,1000000.00,4.394738,99.6014375
08:02:00,91282CKE0,TSRYS5765705,D,S,T,2024-04-01,1000000.00,4.394775,99.6013355
08:02:00,91282CKE0,TSRYS5765705,D,S,T,2024-04-01,1000000.00,4.394775,99.6013355
08:02:00,91282CKE0,TSRYS5765705,D,S,T,2024-04-01,1000000.00,4.394775,99.6013355
08:02:00,91282CKE0,TSRYS5765705,D,S,T,2024-04-01,2000000.00,4.394775,99.6013355
08:02:01,91282CKE0,TSRYS5765705,D,B,A,2024-04-01,5000000.00,4.396121,99.59765625
08:02:01,91282CKE0,TSRYS5765705,D,S,T,2024-04-01,4000000.00,4.394775,99.6013355
08:02:02,91282CKE0,TSRYS5765705,D,S,T,2024-04-01,1000000.00,4.394692,99.6015625
08:02:02,91282CKE0,TSRYS5765705,D,S,T,2024-04-01,3000000.00,4.394738,99.6014375
08:02:02,91282CKE0,TSRYS5765705,D,S,T,2024-04-01,1000000.00,4.394692,99.6015625
08:02:02,91282CKE0,TSRYS5765705,D,S,T,2024-04-01,1000000.00,4.394738,99.6014375
08:02:02,91282CKE0,TSRYS5765705,D,S,T,2024-04-01,1000000.00,4.393263,99.60546875
08:02:02,91282CKE0,TSRYS5765705,D,S,T,2024-04-01,4000000.00,4.393346,99.60524175
08:02:02,91282CKE0,TSRYS5765705,D,S,T,2024-04-01,3000000.00,4.393309,99.60534375
08:02:02,91282CKE0,TSRYS5765705,D,S,C,2024-04-01,10000.00,4.397459,99.594
08:02:02,91282CKE0,TSRYS5765705,D,B,C,2024-04-01,1000000.00,4.388262,99.619140625
08:02:02,91282CKE0,TSRYS5765705,D,S,C,2024-04-01,1000000.00,4.388262,99.619140625
08:02:02,91282CKE0,TSRYS5765705,D,S,C,2024-04-01,1000000.00,4.387548,99.62109375
08:02:03,91282CKE0,TSRYS5765705,D,B,C,2024-04-01,2000000.00,4.387548,99.62109375
08:02:03,91282CKE0,TSRYS5765705,D,S,C,2024-04-01,2000000.00,4.387548,99.62109375
08:02:03,91282CKE0,TSRYS5765705,D,S,C,2024-04-01,1000000.00,4.391834,99.609375
08:02:03,91282CKE0,TSRYS5765705,D,B,C,2024-04-01,1000000.00,4.391834,99.609175
08:02:03,91282CKE0,TSRYS5765705,D,S,C,2024-04-01,1000000.00,4.391834,99.609375
08:02:03,91282CKE0,TSRYS5765705,D,B,C,2024-04-01,1000000.00,4.391834,99.609175
08:02:03,91282CKE0,TSRYS5765705,D,S,D,2024-04-01,1000000.00,4.391834,99.609375
08:02:03,91282CKE0,TSRYS5765705,D,B,C,2024-04-01,1000000.00,4.391834,99.609175
08:02:03,91282CKE0,TSRYS5765705,D,S,C,2024-04-01,1000000.00,4.392549,99.607421875
08:02:03,91282CKE0,TSRYS5765705,D,B,C,2024-04-01,1000000.00,4.392549,99.607221875
08:02:03,91282CKE0,TSRYS5765705,D,S,C,2024-04-01,1000000.00,4.392549,99.607421875
08:02:03,91282CKE0,TSRYS5765705,D,B,C,2024-04-01,1000000.00,4.392549,99.607221875
08:02:03,91282CKE0,TSRYS5765705,D,S,D,2024-04-01,1000000.00,4.392549,99.607421875
08:02:03,91282CKE0,TSRYS5765705,D,B,C,2024-04-01,1000000.00,4.392549,99.607221875
08:02:03,91282CKE0,TSRYS5765705,D,S,D,2024-04-01,1000000.00,4.393263,99.60546875
08:02:03,91282CKE0,TSRYS5765705,D,B,C,2024-04-01,1000000.00,4.393263,99.60526875
08:02:03,91282CKE0,TSRYS5765705,D,S,C,2024-04-01,1000000.00,4.393263,99.60546875
08:02:03,91282CKE0,TSRYS5765705,D,B,C,2024-04-01,1000000.00,4.393263,99.60526875
08:02:03,91282CKE0,TSRYS5765705,D,S,C,2024-04-01,1000000.00,4.393263,99.60546875
08:02:03,91282CKE0,TSRYS5765705,D,B,C,2024-04-01,1000000.00,4.393263,99.60526875
08:02:03,91282CKE0,TSRYS5765705,D,S,C,2024-04-01,1000000.00,4.393263,99.60546875
08:02:03,91282CKE0,TSRYS5765705,D,S,T,2024-04-01,1000000.00,4.390405,99.61328125
08:02:03,91282CKE0,TSRYS5765705,D,B,C,2024-04-01,1000000.00,4.393263,99.60526875
08:02:03,91282CKE0,TSRYS5765705,D,S,C,2024-04-01,1000000.00,4.393263,99.60546875
08:02:03,91282CKE0,TSRYS5765705,D,B,C,2024-04-01,1000000.00,4.393263,99.60526875
08:02:03,91282CKE0,TSRYS5765705,D,S,C,2024-04-01,1000000.00,4.393263,99.60564375
08:02:03,91282CKE0,TSRYS5765705,D,B,C,2024-04-01,1000000.00,4.393263,99.60526875
08:02:03,91282CKE0,TSRYS5765705,D,S,D,2024-04-01,1000000.00,4.393978,99.603515625
08:02:03,91282CKE0,TSRYS5765705,D,B,C,2024-04-01,1000000.00,4.393978,99.603315625
08:02:03,91282CKE0,TSRYS5765705,D,S,C,2024-04-01,1000000.00,4.393978,99.603515625
08:02:03,91282CKE0,TSRYS5765705,D,B,C,2024-04-01,1000000.00,4.393978,99.603315625
08:02:03,91282CKE0,TSRYS5765705,D,S,C,2024-04-01,1000000.00,4.394692,99.6015625
08:02:03,91282CKE0,TSRYS5765705,D,B,C,2024-04-01,1000000.00,4.394692,99.6013625
08:02:03,91282CKE0,TSRYS5765705,D,S,D,2024-04-01,1000000.00,4.394692,99.6015625
08:02:03,91282CKE0,TSRYS5765705,D,B,C,2024-04-01,1000000.00,4.394692,99.6013625
08:02:03,91282CKE0,TSRYS5765705,D,S,C,2024-04-01,1000000.00,4.394692,99.6015625
08:02:03,91282CKE0,TSRYS5765705,D,B,C,2024-04-01,1000000.00,4.394692,99.6013625
08:02:03,91282CKE0,TSRYS5765705,D,S,C,2024-04-01,1000000.00,4.394692,99.6015625
08:02:03,91282CKE0,TSRYS5765705,D,S,D,2024-04-01,4720000.00,4.39898,99.58984375
08:02:04,91282CKE0,TSRYS5765705,D,B,C,2024-04-01,1000000.00,4.394692,99.6013625
08:02:04,91282CKE0,TSRYS5765705,D,S,D,2024-04-01,2000000.00,4.39112,99.611328125
08:02:05,91282CKE0,TSRYS5765705,D,S,D,2024-04-01,1000000.00,4.388977,99.6171875
08:02:11,91282CKE0,TSRYS5765705,D,S,C,2024-04-01,10885000.00,4.397489,99.593918
08:02:11,91282CKE0,TSRYS5765705,D,S,D,2024-04-01,1000000.00,4.389691,99.615234375
08:02:11,91282CKE0,TSRYS5765705,D,S,D,2024-04-01,1000000.00,4.389691,99.615234375
08:02:11,91282CKE0,TSRYS5765705,D,S,D,2024-04-01,1000000.00,4.389691,99.615234375
08:02:11,91282CKE0,TSRYS5765705,D,S,D,2024-04-01,1000000.00,4.389691,99.615234375
08:02:11,91282CKE0,TSRYS5765705,D,S,D,2024-04-01,1000000.00,4.389691,99.615234375
08:02:11,91282CKE0,TSRYS5765705,D,S,D,2024-04-01,1000000.00,4.390405,99.61328125
08:02:11,91282CKE0,TSRYS5765705,D,S,D,2024-04-01,2000000.00,4.39112,99.611328125
08:02:11,91282CKE0,TSRYS5765705,D,S,D,2024-04-01,2000000.00,4.394692,99.6015625
08:02:11,91282CKE0,TSRYS5765705,D,S,D,2024-04-01,1000000.00,4.394692,99.6015625
08:02:11,91282CKE0,TSRYS5765705,D,S,D,2024-04-01,1000000.00,4.394692,99.6015625
08:02:12,91282CKE0,TSRYS5765705,D,B,A,2024-04-01,105000.00,4.399215,99.5892
08:02:12,91282CKE0,TSRYS5765705,D,S,C,2024-04-01,800000.00,4.39898,99.58984375
08:02:13,91282CKE0,TSRYS5765705,D,S,D,2024-04-01,1000000.00,4.394692,99.6015625
08:02:13,91282CKE0,TSRYS5765705,D,S,D,2024-04-01,1000000.00,4.394692,99.6015625
08:02:13,91282CKE0,TSRYS5765705,D,S,D,2024-04-01,1000000.00,4.394692,99.6015625
08:02:13,91282CKE0,TSRYS5765705,D,S,C,2024-04-01,2000000.00,4.395407,99.599609375
08:02:13,91282CKE0,TSRYS5765705,D,S,C,2024-04-01,2000000.00,4.395407,99.599609375
08:02:13,91282CKE0,TSRYS5765705,D,S,D,2024-04-01,1000000.00,4.395407,99.599609375
08:02:13,91282CKE0,TSRYS5765705,D,S,D,2024-04-01,1000000.00,4.395407,99.599609375
08:02:13,91282CKE0,TSRYS5765705,D,S,D,2024-04-01,1000000.00,4.395407,99.599609375
08:02:13,91282CKE0,TSRYS5765705,D,S,D,2024-04-01,1000000.00,4.395407,99.599609375
08:02:13,91282CKE0,TSRYS5765705,D,B,C,2024-04-01,1000000.00,4.396121,99.59765625
08:02:13,91282CKE0,TSRYS5765705,D,S,D,2024-04-01,1000000.00,4.396039,99.59788125
08:02:13,91282CKE0,TSRYS5765705,D,B,C,2024-04-01,1000000.00,4.396121,99.59765625
08:02:13,91282CKE0,TSRYS5765705,D,S,C,2024-04-01,1000000.00,4.396057,99.59783125
08:02:13,91282CKE0,TSRYS5765705,D,B,C,2024-04-01,1000000.00,4.396121,99.59765625
08:02:13,91282CKE0,TSRYS5765705,D,S,C,2024-04-01,1000000.00,4.396057,99.59783125
08:02:13,91282CKE0,TSRYS5765705,D,S,C,2024-04-01,1000000.00,4.396057,99.59783125
08:02:13,91282CKE0,TSRYS5765705,D,S,C,2024-04-01,1000000.00,4.396121,99.59765625
08:02:13,91282CKE0,TSRYS5765705,D,S,C,2024-04-01,1000000.00,4.396057,99.59783125
08:02:13,91282CKE0,TSRYS5765705,D,S,C,2024-04-01,1000000.00,4.396121,99.59765625
08:02:13,91282CKE0,TSRYS5765705,D,S,C,2024-04-01,1000000.00,4.396121,99.59765625
08:02:13,91282CKE0,TSRYS5765705,D,S,C,2024-04-01,1000000.00,4.394637,99.6017125
08:02:13,91282CKE0,TSRYS5765705,D,S,C,2024-04-01,2000000.00,4.394582,99.6018625
08:02:13,91282CKE0,TSRYS5765705,D,S,C,2024-04-01,1000000.00,4.394582,99.6018625
08:02:13,91282CKE0,TSRYS5765705,D,S,C,2024-04-01,1000000.00,4.394637,99.6017125
08:02:13,91282CKE0,TSRYS5765705,D,S,C,2024-04-01,1000000.00,4.394582,99.6018625
08:02:13,91282CKE0,TSRYS5765705,D,S,C,2024-04-01,1000000.00,4.394582,99.6018625
08:02:13,91282CKE0,TSRYS5765705,D,B,C,2024-04-01,3000000.00,4.394692,99.6015625
08:02:13,91282CKE0,TSRYS5765705,D,B,C,2024-04-01,1000000.00,4.394765,99.6013625
08:02:13,91282CKE0,TSRYS5765705,D,S,C,2024-04-01,1000000.00,4.394582,99.6018625
08:02:13,91282CKE0,TSRYS5765705,D,S,C,2024-04-01,1000000.00,4.394582,99.6018625
08:02:13,91282CKE0,TSRYS5765705,D,S,C,2024-04-01,1000000.00,4.394582,99.6018625
08:02:13,91282CKE0,TSRYS5765705,D,B,C,2024-04-01,1000000.00,4.394765,99.6013625
08:02:13,91282CKE0,TSRYS5765705,D,S,C,2024-04-01,4000000.00,4.394582,99.6018625
08:02:13,91282CKE0,TSRYS5765705,D,S,C,2024-04-01,1000000.00,4.394582,99.6018625
08:02:13,91282CKE0,TSRYS5765705,D,S,C,2024-04-01,3000000.00,4.394582,99.6018625
08:02:14,91282CKE0,TSRYS5765705,D,B,C,2024-04-01,1000000.00,4.396185,99.59748125
08:02:14,91282CKE0,TSRYS5765705,D,S,C,2024-04-01,1000000.00,4.396121,99.59765625
08:02:14,91282CKE0,TSRYS5765705,D,S,C,2024-04-01,1000000.00,4.394637,99.6017125
08:02:14,91282CKE0,TSRYS5765705,D,B,C,2024-04-01,6000000.00,4.394692,99.6015625
08:02:14,91282CKE0,TSRYS5765705,D,S,C,2024-04-01,1000000.00,4.394582,99.6018625
08:02:14,91282CKE0,TSRYS5765705,D,S,D,2024-04-01,3000000.00,4.394645,99.6016925
08:02:14,91282CKE0,TSRYS5765705,D,S,C,2024-04-01,6000000.00,4.394582,99.6018625
08:02:14,91282CKE0,TSRYS5765705,D,S,C,2024-04-01,1000000.00,4.394582,99.6018625
08:02:14,91282CKE0,TSRYS5765705,D,B,C,2024-04-01,3000000.00,4.394692,99.6015625
08:02:14,91282CKE0,TSRYS5765705,D,B,C,2024-04-01,1000000.00,4.394692,99.6015625
08:02:14,91282CKE0,TSRYS5765705,D,S,C,2024-04-01,5000000.00,4.396121,99.59765625
08:02:14,91282CKE0,TSRYS5765705,D,S,C,2024-04-01,1000000.00,4.396048,99.59785625
08:02:14,91282CKE0,TSRYS5765705,D,S,C,2024-04-01,1000000.00,4.396121,99.59765625
08:02:14,91282CKE0,TSRYS5765705,D,S,C,2024-04-01,2000000.00,4.396057,99.59783125
08:02:14,91282CKE0,TSRYS5765705,D,S,C,2024-04-01,2000000.00,4.396057,99.59783125
08:02:14,91282CKE0,TSRYS5765705,D,S,C,2024-04-01,2000000.00,4.396057,99.59783125
08:02:14,91282CKE0,TSRYS5765705,D,S,C,2024-04-01,2000000.00,4.396057,99.59783125
08:02:14,91282CKE0,TSRYS5765705,D,S,C,2024-04-01,1000000.00,4.396085,99.59775625
08:02:14,91282CKE0,TSRYS5765705,D,S,C,2024-04-01,2000000.00,4.396057,99.59783125
08:02:14,91282CKE0,TSRYS5765705,D,S,C,2024-04-01,2000000.00,4.396057,99.59783125
08:02:14,91282CKE0,TSRYS5765705,D,S,C,2024-04-01,2000000.00,4.396057,99.59783125
08:02:14,91282CKE0,TSRYS5765705,D,B,C,2024-04-01,1000000.00,4.39755,99.59375
08:02:14,91282CKE0,TSRYS5765705,D,B,C,2024-04-01,1000000.00,4.39755,99.59375
08:02:14,91282CKE0,TSRYS5765705,D,S,D,2024-04-01,2000000.00,4.397468,99.593975
08:02:14,91282CKE0,TSRYS5765705,D,S,D,2024-04-01,1000000.00,4.397468,99.593975
08:02:14,91282CKE0,TSRYS5765705,D,B,C,2024-04-01,2000000.00,4.39755,99.59375
08:02:14,91282CKE0,TSRYS5765705,D,S,D,2024-04-01,1000000.00,4.397468,99.593975
08:02:14,91282CKE0,TSRYS5765705,D,B,C,2024-04-01,1000000.00,4.395407,99.599609375
08:02:14,91282CKE0,TSRYS5765705,D,S,D,2024-04-01,1000000.00,4.395407,99.599609375
08:02:14,91282CKE0,TSRYS5765705,D,S,D,2024-04-01,1000000.00,4.395407,99.599609375
08:02:14,91282CKE0,TSRYS5765705,D,S,C,2024-04-01,2000000.00,4.398916,99.59001875
08:02:14,91282CKE0,TSRYS5765705,D,S,C,2024-04-01,1000000.00,4.398906,99.59004375
08:02:14,91282CKE0,TSRYS5765705,D,S,C,2024-04-01,1000000.00,4.398906,99.59004375
08:02:14,91282CKE0,TSRYS5765705,D,S,C,2024-04-01,1000000.00,4.39755,99.59375
08:02:14,91282CKE0,TSRYS5765705,D,S,C,2024-04-01,1000000.00,4.39755,99.59375
08:02:14,91282CKE0,TSRYS5765705,D,B,C,2024-04-01,23037000.00,4.39898,99.58984375
08:02:15,91282CKE0,TSRYS5765705,D,S,C,2024-04-01,1000000.00,4.396011,99.59795625
08:02:15,91282CKE0,TSRYS5765705,D,B,C,2024-04-01,1000000.00,4.396121,99.59765625
08:02:15,91282CKE0,TSRYS5765705,D,B,C,2024-04-01,7000000.00,4.396121,99.59765625
08:02:15,91282CKE0,TSRYS5765705,D,S,C,2024-04-01,1000000.00,4.396011,99.59795625
08:02:15,91282CKE0,TSRYS5765705,D,B,C,2024-04-01,3000000.00,4.396231,99.59735625
08:02:15,91282CKE0,TSRYS5765705,D,S,C,2024-04-01,3000000.00,4.396011,99.59795625
08:02:15,91282CKE0,TSRYS5765705,D,S,C,2024-04-01,7000000.00,4.396011,99.59795625
08:02:15,91282CKE0,TSRYS5765705,D,B,C,2024-04-01,1000000.00,4.396121,99.59765625
08:02:15,91282CKE0,TSRYS5765705,D,S,D,2024-04-01,1000000.00,4.396074,99.59778625
08:02:15,91282CKE0,TSRYS5765705,D,S,D,2024-04-01,1000000.00,4.396074,99.59778625
08:02:15,91282CKE0,TSRYS5765705,D,B,C,2024-04-01,1000000.00,4.396194,99.59745625
08:02:15,91282CKE0,TSRYS5765705,D,S,C,2024-04-01,4000000.00,4.396011,99.59795625
08:02:15,91282CKE0,TSRYS5765705,D,B,C,2024-04-01,4000000.00,4.396194,99.59745625
08:02:15,91282CKE0,TSRYS5765705,D,B,C,2024-04-01,2000000.00,4.396194,99.59745625
08:02:15,91282CKE0,TSRYS5765705,D,S,C,2024-04-01,1000000.00,4.396011,99.59795625
08:02:15,91282CKE0,TSRYS5765705,D,S,C,2024-04-01,2000000.00,4.396011,99.59795625
08:02:15,91282CKE0,TSRYS5765705,D,S,C,2024-04-01,1000000.00,4.394692,99.6017625
08:02:15,91282CKE0,TSRYS5765705,D,S,C,2024-04-01,1000000.00,4.394692,99.6015625
08:02:15,91282CKE0,TSRYS5765705,D,S,C,2024-04-01,1000000.00,4.393263,99.60566875
08:02:15,91282CKE0,TSRYS5765705,D,B,C,2024-04-01,1000000.00,4.393263,99.60546875
08:02:15,91282CKE0,TSRYS5765705,D,S,C,2024-04-01,1000000.00,4.393263,99.60566875
08:02:15,91282CKE0,TSRYS5765705,D,S,C,2024-04-01,1000000.00,4.393978,99.603515625
08:02:16,91282CKE0,TSRYS5765705,D,B,C,2024-04-01,1000000.00,4.393978,99.603515625
08:02:16,91282CKE0,TSRYS5765705,D,S,C,2024-04-01,1000000.00,4.393978,99.603715625
08:02:16,91282CKE0,TSRYS5765705,D,B,C,2024-04-01,1000000.00,4.393978,99.603515625
08:02:16,91282CKE0,TSRYS5765705,D,S,C,2024-04-01,1000000.00,4.393978,99.603715625
08:02:16,91282CKE0,TSRYS5765705,D,S,C,2024-04-01,1000000.00,4.393978,99.603715625
08:02:16,91282CKE0,TSRYS5765705,D,S,C,2024-04-01,1000000.00,4.396038,99.59788325
08:02:16,91282CKE0,TSRYS5765705,D,S,C,2024-04-01,1000000.00,4.396121,99.59765625
08:02:17,91282CKE0,TSRYS5765705,D,S,C,2024-04-01,1000000.00,4.396121,99.59765625
08:02:17,91282CKE0,TSRYS5765705,D,B,C,2024-04-01,1000000.00,4.396121,99.59765625
08:02:18,91282CKE0,TSRYS5765705,D,S,C,2024-04-01,1000000.00,4.395407,99.599609375
08:02:18,91282CKE0,TSRYS5765705,D,S,C,2024-04-01,1000000.00,4.39755,99.59375
08:02:18,91282CKE0,TSRYS5765705,D,B,C,2024-04-01,1000000.00,4.39755,99.59375
08:02:18,91282CKE0,TSRYS5765705,D,B,C,2024-04-01,1000000.00,4.39755,99.59375
08:02:18,91282CKE0,TSRYS5765705,D,S,C,2024-04-01,1000000.00,4.397477,99.59395
08:02:18,91282CKE0,TSRYS5765705,D,B,C,2024-04-01,1000000.00,4.396158,99.59755625
08:02:18,91282CKE0,TSRYS5765705,D,S,D,2024-04-01,2000000.00,4.396074,99.59778625
08:02:18,91282CKE0,TSRYS5765705,D,B,C,2024-04-01,1000000.00,4.396194,99.59745625
08:02:18,91282CKE0,TSRYS5765705,D,S,D,2024-04-01,1000000.00,4.396121,99.59765625
08:02:19,91282CKE0,TSRYS5765705,D,S,D,2024-04-01,1000000.00,4.396121,99.59765625
08:02:19,91282CKE0,TSRYS5765705,D,B,C,2024-04-01,1000000.00,4.394692,99.6015625
08:02:19,91282CKE0,TSRYS5765705,D,S,D,2024-04-01,1000000.00,4.394692,99.6015625
08:02:19,91282CKE0,TSRYS5765705,D,S,C,2024-04-01,1000000.00,4.397495,99.5939
08:02:19,91282CKE0,TSRYS5765705,D,B,C,2024-04-01,1000000.00,4.397624,99.59355
08:02:20,91282CKE0,TSRYS5765705,D,S,C,2024-04-01,1000000.00,4.397495,99.5939
08:02:20,91282CKE0,TSRYS5765705,D,S,C,2024-04-01,1000000.00,4.396121,99.59765625
08:02:20,91282CKE0,TSRYS5765705,D,B,C,2024-04-01,1000000.00,4.396158,99.59755625
08:02:20,91282CKE0,TSRYS5765705,D,B,C,2024-04-01,1000000.00,4.396121,99.59765625
08:02:20,91282CKE0,TSRYS5765705,D,S,D,2024-04-01,1000000.00,4.396074,99.59778625
08:02:20,91282CKE0,TSRYS5765705,D,B,C,2024-04-01,1000000.00,4.396121,99.59765625
08:02:20,91282CKE0,TSRYS5765705,D,S,D,2024-04-01,1000000.00,4.396074,99.59778625
08:02:20,91282CKE0,TSRYS5765705,D,S,C,2024-04-01,1000000.00,4.394619,99.6017625
08:02:20,91282CKE0,TSRYS5765705,D,S,C,2024-04-01,1000000.00,4.394619,99.6017625
08:02:20,91282CKE0,TSRYS5765705,D,S,C,2024-04-01,1000000.00,4.394692,99.6015625
08:02:20,91282CKE0,TSRYS5765705,D,S,C,2024-04-01,1000000.00,4.394692,99.6015625
08:02:20,91282CKE0,TSRYS5765705,D,S,C,2024-04-01,1000000.00,4.394692,99.6015625
08:02:20,91282CKE0,TSRYS5765705,D,S,C,2024-04-01,2000000.00,4.394637,99.6017125
08:02:20,91282CKE0,TSRYS5765705,D,B,C,2024-04-01,1000000.00,4.394692,99.6015625
08:02:20,91282CKE0,TSRYS5765705,D,S,C,2024-04-01,2000000.00,4.394692,99.6015625
08:02:20,91282CKE0,TSRYS5765705,D,S,C,2024-04-01,2000000.00,4.394619,99.6017625
08:02:20,91282CKE0,TSRYS5765705,D,S,C,2024-04-01,1000000.00,4.394692,99.6015625
08:02:20,91282CKE0,TSRYS5765705,D,S,C,2024-04-01,1000000.00,4.394692,99.6015625
08:02:20,91282CKE0,TSRYS5765705,D,S,C,2024-04-01,2000000.00,4.394619,99.6017625
08:02:20,91282CKE0,TSRYS5765705,D,S,C,2024-04-01,1000000.00,4.393263,99.60546875
08:02:20,91282CKE0,TSRYS5765705,D,S,C,2024-04-01,1000000.00,4.393263,99.60546875
08:02:21,91282CKE0,TSRYS5765705,D,B,C,2024-04-01,1000000.00,4.393319,99.60531675
08:02:21,91282CKE0,TSRYS5765705,D,B,C,2024-04-01,3000000.00,4.393319,99.60531675
08:02:21,91282CKE0,TSRYS5765705,D,S,D,2024-04-01,1000000.00,4.393263,99.60546875
08:02:21,91282CKE0,TSRYS5765705,D,S,D,2024-04-01,1000000.00,4.393263,99.60546875
08:02:21,91282CKE0,TSRYS5765705,D,B,C,2024-04-01,1000000.00,4.393319,99.60531675
08:02:21,91282CKE0,TSRYS5765705,D,S,C,2024-04-01,3000000.00,4.393208,99.60561875
08:02:21,91282CKE0,TSRYS5765705,D,S,C,2024-04-01,50000000.00,4.397489,99.593918
08:02:21,91282CKE0,TSRYS5765705,D,S,D,2024-04-01,3000000.00,4.393263,99.60546875
08:02:21,91282CKE0,TSRYS5765705,D,B,C,2024-04-01,1000000.00,4.393263,99.60546875
08:02:21,91282CKE0,TSRYS5765705,D,S,D,2024-04-01,2000000.00,4.393263,99.60546875
08:02:21,91282CKE0,TSRYS5765705,D,S,T,2024-04-01,1000000.00,4.39755,99.59375
08:02:21,91282CKE0,TSRYS5765705,D,S,T,2024-04-01,2000000.00,4.39755,99.59375
08:02:21,91282CKE0,TSRYS5765705,D,B,C,2024-04-01,1000000.00,4.393263,99.60546875
08:02:21,91282CKE0,TSRYS5765705,D,B,C,2024-04-01,1000000.00,4.393263,99.60546875
08:02:21,91282CKE0,TSRYS5765705,D,B,C,2024-04-01,1000000.00,4.393263,99.60546875
08:02:21,91282CKE0,TSRYS5765705,D,S,C,2024-04-01,1000000.00,4.393263,99.60546875
08:02:21,91282CKE0,TSRYS5765705,D,S,D,2024-04-01,1000000.00,4.393216,99.60559875
08:02:21,91282CKE0,TSRYS5765705,D,S,D,2024-04-01,1000000.00,4.393216,99.60559875
08:02:21,91282CKE0,TSRYS5765705,D,S,D,2024-04-01,18000000.00,4.393263,99.60546875
08:02:21,91282CKE0,TSRYS5765705,D,B,C,2024-04-01,1000000.00,4.393263,99.60546875
08:02:21,91282CKE0,TSRYS5765705,D,B,C,2024-04-01,1000000.00,4.393263,99.60546875
08:02:21,91282CKE0,TSRYS5765705,D,B,C,2024-04-01,2000000.00,4.393263,99.60546875
08:02:21,91282CKE0,TSRYS5765705,D,S,D,2024-04-01,3000000.00,4.393263,99.60546875
08:02:21,91282CKE0,TSRYS5765705,D,B,C,2024-04-01,18000000.00,4.393336,99.60526875
08:02:21,91282CKE0,TSRYS5765705,D,B,C,2024-04-01,3000000.00,4.393263,99.60546875
08:02:21,91282CKE0,TSRYS5765705,D,S,D,2024-04-01,2000000.00,4.393263,99.60546875
08:02:21,91282CKE0,TSRYS5765705,D,S,C,2024-04-01,1000000.00,4.391834,99.609375
08:02:21,91282CKE0,TSRYS5765705,D,B,C,2024-04-01,1000000.00,4.39189,99.609223
08:02:21,91282CKE0,TSRYS5765705,D,B,C,2024-04-01,1000000.00,4.39189,99.609223
08:02:21,91282CKE0,TSRYS5765705,D,B,C,2024-04-01,1000000.00,4.391898,99.6092
08:02:21,91282CKE0,TSRYS5765705,D,S,D,2024-04-01,1000000.00,4.391834,99.609375
08:02:21,91282CKE0,TSRYS5765705,D,B,C,2024-04-01,1000000.00,4.39189,99.609223
08:02:21,91282CKE0,TSRYS5765705,D,B,C,2024-04-01,1000000.00,4.391907,99.609175
08:02:21,91282CKE0,TSRYS5765705,D,B,C,2024-04-01,1000000.00,4.391898,99.6092
08:02:21,91282CKE0,TSRYS5765705,D,B,C,2024-04-01,1000000.00,4.39189,99.609223
08:02:21,91282CKE0,TSRYS5765705,D,S,D,2024-04-01,1000000.00,4.391834,99.609375
08:02:21,91282CKE0,TSRYS5765705,D,B,C,2024-04-01,1000000.00,4.391871,99.609275
08:02:21,91282CKE0,TSRYS5765705,D,S,D,2024-04-01,1000000.00,4.393263,99.60546875
08:02:21,91282CKE0,TSRYS5765705,D,B,C,2024-04-01,2000000.00,4.393263,99.60546875
08:02:21,91282CKE0,TSRYS5765705,D,S,D,2024-04-01,2000000.00,4.393263,99.60546875
08:02:21,91282CKE0,TSRYS5765705,D,S,D,2024-04-01,1000000.00,4.391834,99.609375
08:02:21,91282CKE0,TSRYS5765705,D,B,C,2024-04-01,1000000.00,4.391898,99.6092
08:02:21,91282CKE0,TSRYS5765705,D,B,C,2024-04-01,1000000.00,4.391898,99.6092
08:02:21,91282CKE0,TSRYS5765705,D,S,C,2024-04-01,1000000.00,4.391834,99.609375
08:02:21,91282CKE0,TSRYS5765705,D,B,C,2024-04-01,1000000.00,4.391898,99.6092
08:02:21,91282CKE0,TSRYS5765705,D,S,C,2024-04-01,1000000.00,4.391834,99.609375
08:02:21,91282CKE0,TSRYS5765705,D,S,C,2024-04-01,1000000.00,4.391834,99.609375
08:02:21,91282CKE0,TSRYS5765705,D,B,C,2024-04-01,1000000.00,4.391898,99.6092
08:02:21,91282CKE0,TSRYS5765705,D,S,D,2024-04-01,1000000.00,4.391834,99.609375
08:02:21,91282CKE0,TSRYS5765705,D,B,C,2024-04-01,1000000.00,4.39189,99.609223
08:02:21,91282CKE0,TSRYS5765705,D,S,D,2024-04-01,1000000.00,4.391787,99.609505
08:02:21,91282CKE0,TSRYS5765705,D,S,D,2024-04-01,1000000.00,4.391834,99.609375
08:02:21,91282CKE0,TSRYS5765705,D,S,C,2024-04-01,1000000.00,4.391834,99.609375
08:02:21,91282CKE0,TSRYS5765705,D,S,C,2024-04-01,1000000.00,4.391834,99.609375
08:02:21,91282CKE0,TSRYS5765705,D,S,D,2024-04-01,1000000.00,4.391834,99.609375
08:02:21,91282CKE0,TSRYS5765705,D,S,D,2024-04-01,1000000.00,4.391787,99.609505
08:02:21,91282CKE0,TSRYS5765705,D,B,C,2024-04-01,1000000.00,4.391834,99.609375
08:02:21,91282CKE0,TSRYS5765705,D,S,D,2024-04-01,1000000.00,4.393263,99.60546875
08:02:22,91282CKE0,TSRYS5765705,D,S,C,2024-04-01,1000000.00,4.391761,99.609575
08:02:22,91282CKE0,TSRYS5765705,D,S,D,2024-04-01,1000000.00,4.393263,99.60546875
08:02:22,91282CKE0,TSRYS5765705,D,S,D,2024-04-01,1000000.00,4.393263,99.60546875
08:02:22,91282CKE0,TSRYS5765705,D,S,C,2024-04-01,1000000.00,4.391761,99.609575
08:02:22,91282CKE0,TSRYS5765705,D,S,D,2024-04-01,1000000.00,4.393978,99.603515625
08:02:22,91282CKE0,TSRYS5765705,D,B,C,2024-04-01,1000000.00,4.393978,99.603515625
08:02:22,91282CKE0,TSRYS5765705,D,S,D,2024-04-01,1000000.00,4.393263,99.60546875
08:02:22,91282CKE0,TSRYS5765705,D,S,D,2024-04-01,2000000.00,4.390405,99.61328125
08:02:22,91282CKE0,TSRYS5765705,D,S,C,2024-04-01,1000000.00,4.390405,99.61328125
08:02:22,91282CKE0,TSRYS5765705,D,B,C,2024-04-01,1000000.00,4.390461,99.61312925
08:02:22,91282CKE0,TSRYS5765705,D,S,D,2024-04-01,1000000.00,4.390405,99.61328125
08:02:22,91282CKE0,TSRYS5765705,D,S,C,2024-04-01,1000000.00,4.390405,99.61328125
08:02:22,91282CKE0,TSRYS5765705,D,B,C,2024-04-01,2000000.00,4.390469,99.61310625
08:02:22,91282CKE0,TSRYS5765705,D,S,C,2024-04-01,1000000.00,4.390405,99.61328125
08:02:22,91282CKE0,TSRYS5765705,D,B,C,2024-04-01,1000000.00,4.390461,99.61312925
08:02:22,91282CKE0,TSRYS5765705,D,S,D,2024-04-01,1000000.00,4.390405,99.61328125
08:02:22,91282CKE0,TSRYS5765705,D,S,C,2024-04-01,1000000.00,4.390405,99.61328125
08:02:22,91282CKE0,TSRYS5765705,D,S,C,2024-04-01,1000000.00,4.390405,99.61328125
08:02:22,91282CKE0,TSRYS5765705,D,B,C,2024-04-01,1000000.00,4.390461,99.61312925
08:02:22,91282CKE0,TSRYS5765705,D,S,C,2024-04-01,1000000.00,4.390405,99.61328125
08:02:22,91282CKE0,TSRYS5765705,D,B,C,2024-04-01,1000000.00,4.390405,99.61328125
08:02:22,91282CKE0,TSRYS5765705,D,S,D,2024-04-01,1000000.00,4.390405,99.61328125
08:02:22,91282CKE0,TSRYS5765705,D,B,C,2024-04-01,1000000.00,4.390469,99.61310625
08:02:22,91282CKE0,TSRYS5765705,D,B,C,2024-04-01,1000000.00,4.390479,99.61308125
08:02:22,91282CKE0,TSRYS5765705,D,B,C,2024-04-01,1000000.00,4.390469,99.61310625
08:02:22,91282CKE0,TSRYS5765705,D,B,C,2024-04-01,1000000.00,4.390461,99.61312925
08:02:22,91282CKE0,TSRYS5765705,D,S,D,2024-04-01,1000000.00,4.390405,99.61328125
08:02:22,91282CKE0,TSRYS5765705,D,B,C,2024-04-01,1000000.00,4.390461,99.61312925
08:02:22,91282CKE0,TSRYS5765705,D,B,C,2024-04-01,1000000.00,4.390469,99.61310625
08:02:22,91282CKE0,TSRYS5765705,D,S,C,2024-04-01,1000000.00,4.390405,99.61328125
08:02:22,91282CKE0,TSRYS5765705,D,S,D,2024-04-01,1000000.00,4.390405,99.61328125
08:02:23,91282CKE0,TSRYS5765705,D,B,C,2024-04-01,1000000.00,4.390469,99.61310625
08:02:23,91282CKE0,TSRYS5765705,D,B,C,2024-04-01,1000000.00,4.390405,99.61328125
08:02:23,91282CKE0,TSRYS5765705,D,B,C,2024-04-01,1000000.00,4.390405,99.61328125
08:02:23,91282CKE0,TSRYS5765705,D,S,C,2024-04-01,1000000.00,4.390405,99.61328125
08:02:23,91282CKE0,TSRYS5765705,D,S,D,2024-04-01,1000000.00,4.390405,99.61328125
08:02:23,91282CKE0,TSRYS5765705,D,S,D,2024-04-01,1000000.00,4.390405,99.61328125
08:02:23,91282CKE0,TSRYS5765705,D,B,C,2024-04-01,1000000.00,4.390405,99.61328125
08:02:23,91282CKE0,TSRYS5765705,D,S,D,2024-04-01,1000000.00,4.390405,99.61328125
08:02:23,91282CKE0,TSRYS5765705,D,B,C,2024-04-01,1000000.00,4.390405,99.61328125
08:02:23,91282CKE0,TSRYS5765705,D,S,C,2024-04-01,1000000.00,4.390332,99.61348125
08:02:23,91282CKE0,TSRYS5765705,D,B,C,2024-04-01,1000000.00,4.390405,99.61328125
08:02:23,91282CKE0,TSRYS5765705,D,B,C,2024-04-01,2000000.00,4.390405,99.61328125
08:02:23,91282CKE0,TSRYS5765705,D,S,D,2024-04-01,2000000.00,4.390358,99.61341125
08:02:24,91282CKE0,TSRYS5765705,D,B,C,2024-04-01,1000000.00,4.391834,99.609375
08:02:24,91282CKE0,TSRYS5765705,D,B,C,2024-04-01,1000000.00,4.391907,99.609175
08:02:24,91282CKE0,TSRYS5765705,D,S,C,2024-04-01,1000000.00,4.391834,99.609375
08:02:24,91282CKE0,TSRYS5765705,D,S,C,2024-04-01,1000000.00,4.391834,99.609375
08:02:24,91282CKE0,TSRYS5765705,D,S,D,2024-04-01,1000000.00,4.391834,99.609375
08:02:24,91282CKE0,TSRYS5765705,D,S,C,2024-04-01,1000000.00,4.391834,99.609375
08:02:24,91282CKE0,TSRYS5765705,D,S,D,2024-04-01,1000000.00,4.391834,99.609375
08:02:24,91282CKE0,TSRYS5765705,D,S,D,2024-04-01,2000000.00,4.391834,99.609375
08:02:24,91282CKE0,TSRYS5765705,D,S,D,2024-04-01,1000000.00,4.390405,99.61328125
08:02:24,91282CKE0,TSRYS5765705,D,S,C,2024-04-01,2000000.00,4.390405,99.61328125
08:02:24,91282CKE0,TSRYS5765705,D,B,C,2024-04-01,2000000.00,4.390461,99.61312925
08:02:24,91282CKE0,TSRYS5765705,D,B,C,2024-04-01,1000000.00,4.390461,99.61312925
08:02:24,91282CKE0,TSRYS5765705,D,S,D,2024-04-01,3000000.00,4.390405,99.61328125
08:02:24,91282CKE0,TSRYS5765705,D,S,D,2024-04-01,1000000.00,4.390405,99.61328125
08:02:24,91282CKE0,TSRYS5765705,D,B,C,2024-04-01,3000000.00,4.390405,99.61328125
08:02:24,91282CKE0,TSRYS5765705,D,B,C,2024-04-01,1000000.00,4.390405,99.61328125
08:02:25,91282CKE0,TSRYS5765705,D,B,C,2024-04-01,1000000.00,4.393263,99.60546875
08:02:25,91282CKE0,TSRYS5765705,D,S,C,2024-04-01,1000000.00,4.393263,99.60546875
08:02:25,91282CKE0,TSRYS5765705,D,B,C,2024-04-01,1000000.00,4.393263,99.60546875
08:02:25,91282CKE0,TSRYS5765705,D,S,D,2024-04-01,1000000.00,4.393263,99.60546875
08:02:25,91282CKE0,TSRYS5765705,D,B,C,2024-04-01,1000000.00,4.393263,99.60546875
08:02:25,91282CKE0,TSRYS5765705,D,S,C,2024-04-01,1000000.00,4.391761,99.609575
08:02:25,91282CKE0,TSRYS5765705,D,B,C,2024-04-01,3000000.00,4.391917,99.609148
08:02:25,91282CKE0,TSRYS5765705,D,S,C,2024-04-01,3000000.00,4.391761,99.609575
08:02:25,91282CKE0,TSRYS5765705,D,B,C,2024-04-01,1000000.00,4.393263,99.60546875
08:02:25,91282CKE0,TSRYS5765705,D,S,C,2024-04-01,2000000.00,4.391761,99.609575
08:02:25,91282CKE0,TSRYS5765705,D,S,C,2024-04-01,1000000.00,4.393263,99.60546875
08:02:25,91282CKE0,TSRYS5765705,D,S,D,2024-04-01,1000000.00,4.393263,99.60546875
08:02:25,91282CKE0,TSRYS5765705,D,B,C,2024-04-01,2000000.00,4.391898,99.6092
08:02:25,91282CKE0,TSRYS5765705,D,B,C,2024-04-01,1000000.00,4.39189,99.609223
08:02:25,91282CKE0,TSRYS5765705,D,S,D,2024-04-01,2000000.00,4.393216,99.60559875
08:02:25,91282CKE0,TSRYS5765705,D,B,C,2024-04-01,2000000.00,4.393336,99.60526875
08:02:26,91282CKE0,TSRYS5765705,D,B,C,2024-04-01,1000000.00,4.394765,99.6013625
08:02:26,91282CKE0,TSRYS5765705,D,S,C,2024-04-01,1000000.00,4.396121,99.59765625
08:02:26,91282CKE0,TSRYS5765705,D,S,C,2024-04-01,1000000.00,4.394692,99.6015625
08:02:26,91282CKE0,TSRYS5765705,D,B,C,2024-04-01,1000000.00,4.396185,99.59748125
08:02:26,91282CKE0,TSRYS5765705,D,B,C,2024-04-01,1000000.00,4.394765,99.6013625
08:02:26,91282CKE0,TSRYS5765705,D,S,T,2024-04-01,1000000.00,4.391156,99.61122813
08:02:26,91282CKE0,TSRYS5765705,D,S,D,2024-04-01,1000000.00,4.393263,99.60546875
08:02:26,91282CKE0,TSRYS5765705,D,B,C,2024-04-01,1000000.00,4.394756,99.6013875
08:02:26,91282CKE0,TSRYS5765705,D,S,C,2024-04-01,1000000.00,4.394692,99.6015625
08:02:26,91282CKE0,TSRYS5765705,D,S,C,2024-04-01,1000000.00,4.394692,99.6015625
08:02:27,91282CKE0,TSRYS5765705,D,S,D,2024-04-01,1000000.00,4.396121,99.59765625
08:02:27,91282CKE0,TSRYS5765705,D,S,D,2024-04-01,1000000.00,4.396121,99.59765625
08:02:27,91282CKE0,TSRYS5765705,D,S,D,2024-04-01,1000000.00,4.396121,99.59765625
08:02:27,91282CKE0,TSRYS5765705,D,B,C,2024-04-01,1000000.00,4.396121,99.59765625
08:02:27,91282CKE0,TSRYS5765705,D,S,D,2024-04-01,1000000.00,4.396121,99.59765625
08:02:27,91282CKE0,TSRYS5765705,D,S,D,2024-04-01,1000000.00,4.396121,99.59765625
08:02:27,91282CKE0,TSRYS5765705,D,B,C,2024-04-01,1000000.00,4.396121,99.59765625
08:02:27,91282CKE0,TSRYS5765705,D,S,D,2024-04-01,1000000.00,4.396121,99.59765625
08:02:27,91282CKE0,TSRYS5765705,D,S,T,2024-04-01,8000000.00,4.391871,99.609275
08:02:27,91282CKE0,TSRYS5765705,D,B,C,2024-04-01,2000000.00,4.396194,99.59745625
08:02:27,91282CKE0,TSRYS5765705,D,B,C,2024-04-01,1000000.00,4.396121,99.59765625
08:02:27,91282CKE0,TSRYS5765705,D,S,C,2024-04-01,2000000.00,4.396057,99.59783125
08:02:27,91282CKE0,TSRYS5765705,D,S,D,2024-04-01,1000000.00,4.396121,99.59765625
08:02:27,91282CKE0,TSRYS5765705,D,S,C,2024-04-01,2000000.00,4.396057,99.59783125
08:02:27,91282CKE0,TSRYS5765705,D,B,C,2024-04-01,2000000.00,4.396121,99.59765625
08:02:27,91282CKE0,TSRYS5765705,D,B,C,2024-04-01,1000000.00,4.394775,99.6013355
08:02:27,91282CKE0,TSRYS5765705,D,S,D,2024-04-01,1000000.00,4.396121,99.59765625
08:02:27,91282CKE0,TSRYS5765705,D,S,C,2024-04-01,1000000.00,4.394619,99.6017625
08:02:27,91282CKE0,TSRYS5765705,D,B,C,2024-04-01,1000000.00,4.396836,99.595703125
08:02:27,91282CKE0,TSRYS5765705,D,S,D,2024-04-01,1000000.00,4.396836,99.595703125
08:02:28,91282CKE0,TSRYS5765705,D,S,D,2024-04-01,1000000.00,4.396836,99.595703125
08:02:28,91282CKE0,TSRYS5765705,D,S,T,2024-04-01,1000000.00,4.391156,99.61122813
08:02:28,91282CKE0,TSRYS5765705,D,S,D,2024-04-01,1000000.00,4.396836,99.595703125
08:02:28,91282CKE0,TSRYS5765705,D,S,D,2024-04-01,1000000.00,4.396836,99.595703125
08:02:28,91282CKE0,TSRYS5765705,D,S,D,2024-04-01,1000000.00,4.393263,99.60546875
08:02:28,91282CKE0,TSRYS5765705,D,B,C,2024-04-01,1000000.00,4.393319,99.60531675
08:02:28,91282CKE0,TSRYS5765705,D,S,D,2024-04-01,1000000.00,4.393263,99.60546875
08:02:28,91282CKE0,TSRYS5765705,D,B,C,2024-04-01,1000000.00,4.393263,99.60546875
08:02:28,91282CKE0,TSRYS5765705,D,S,D,2024-04-01,1000000.00,4.393263,99.60546875
08:02:28,91282CKE0,TSRYS5765705,D,B,C,2024-04-01,1000000.00,4.393346,99.60524175
08:02:28,91282CKE0,TSRYS5765705,D,B,C,2024-04-01,1000000.00,4.393319,99.60531675
08:02:28,91282CKE0,TSRYS5765705,D,S,D,2024-04-01,1000000.00,4.393263,99.60546875
08:02:28,91282CKE0,TSRYS5765705,D,B,C,2024-04-01,1000000.00,4.39755,99.59375
08:02:28,91282CKE0,TSRYS5765705,D,S,C,2024-04-01,1000000.00,4.39755,99.59375
08:02:28,91282CKE0,TSRYS5765705,D,S,D,2024-04-01,2000000.00,4.391834,99.609375
08:02:28,91282CKE0,TSRYS5765705,D,S,D,2024-04-01,1000000.00,4.391834,99.609375
08:02:28,91282CKE0,TSRYS5765705,D,S,D,2024-04-01,1000000.00,4.391834,99.609375
08:02:28,91282CKE0,TSRYS5765705,D,S,D,2024-04-01,1000000.00,4.391834,99.609375
08:02:28,91282CKE0,TSRYS5765705,D,B,C,2024-04-01,1000000.00,4.39189,99.609223
08:02:28,91282CKE0,TSRYS5765705,D,B,C,2024-04-01,1000000.00,4.391834,99.609375
08:02:28,91282CKE0,TSRYS5765705,D,B,C,2024-04-01,1000000.00,4.39189,99.609223
08:02:28,91282CKE0,TSRYS5765705,D,B,C,2024-04-01,1000000.00,4.391917,99.609148
08:02:28,91282CKE0,TSRYS5765705,D,S,D,2024-04-01,1000000.00,4.391834,99.609375
08:02:28,91282CKE0,TSRYS5765705,D,B,C,2024-04-01,1000000.00,4.390405,99.61328125
08:02:28,91282CKE0,TSRYS5765705,D,S,D,2024-04-01,1000000.00,4.390405,99.61328125
08:02:29,91282CKE0,TSRYS5765705,D,S,D,2024-04-01,1000000.00,4.39755,99.59375
08:02:29,91282CKE0,TSRYS5765705,D,S,D,2024-04-01,1000000.00,4.39755,99.59375
08:02:29,91282CKE0,TSRYS5765705,D,S,D,2024-04-01,1000000.00,4.400409,99.5859375
08:02:29,91282CKE0,TSRYS5765705,D,S,D,2024-04-01,1000000.00,4.400409,99.5859375
08:02:29,91282CKE0,TSRYS5765705,D,S,D,2024-04-01,1000000.00,4.39755,99.59375
08:02:29,91282CKE0,TSRYS5765705,D,S,C,2024-04-01,1000000.00,4.39755,99.59375
08:02:29,91282CKE0,TSRYS5765705,D,S,C,2024-04-01,2000000.00,4.393227,99.60556875
08:02:29,91282CKE0,TSRYS5765705,D,B,C,2024-04-01,2000000.00,4.393263,99.60546875
08:02:30,91282CKE0,TSRYS5765705,D,B,C,2024-04-01,1000000.00,4.390405,99.61328125
08:02:30,91282CKE0,TSRYS5765705,D,S,D,2024-04-01,1000000.00,4.390405,99.61328125
08:02:30,91282CKE0,TSRYS5765705,D,S,D,2024-04-01,1000000.00,4.390405,99.61328125
08:02:30,91282CKE0,TSRYS5765705,D,B,C,2024-04-01,1000000.00,4.390405,99.61328125
08:02:30,91282CKE0,TSRYS5765705,D,S,C,2024-04-01,1000000.00,4.390405,99.61328125
08:02:30,91282CKE0,TSRYS5765705,D,B,C,2024-04-01,1000000.00,4.388977,99.6171875
08:02:30,91282CKE0,TSRYS5765705,D,B,C,2024-04-01,1000000.00,4.388977,99.6171875
08:02:30,91282CKE0,TSRYS5765705,D,S,D,2024-04-01,1000000.00,4.39755,99.59375
08:02:30,91282CKE0,TSRYS5765705,D,B,C,2024-04-01,2000000.00,4.39755,99.59375
08:02:30,91282CKE0,TSRYS5765705,D,S,D,2024-04-01,2000000.00,4.39755,99.59375
08:02:30,91282CKE0,TSRYS5765705,D,S,C,2024-04-01,1000000.00,4.388977,99.6171875
