tradeTime,cusip,issueSymbolIdentifier,priceType,reportingSideCode,contraPartyTypeCode,tradeDate,reportedTradeVolume,lastSaleYield,lastSalePrice
08:00:02,91282CLG4,TSRYS5860824,D,S,D,2024-08-27,1000000.00,3.739761,100.02734375
08:00:02,91282CLG4,TSRYS5860824,D,S,T,2024-08-27,4000000.00,3.739761,100.02734375
08:00:02,91282CLG4,TSRYS5860824,D,S,D,2024-08-27,1000000.00,3.745377,100.01171875
08:00:02,91282CLG4,TSRYS5860824,D,S,D,2024-08-27,4000000.00,3.742569,100.01953125
08:00:02,91282CLG4,TSRYS5860824,D,S,D,2024-08-27,3000000.00,3.742569,100.01953125
08:00:02,91282CLG4,TSRYS5860824,D,S,D,2024-08-27,3000000.00,3.742569,100.01953125
08:00:02,91282CLG4,TSRYS5860824,D,S,T,2024-08-27,1000000.00,3.742569,100.01953125
08:00:02,91282CLG4,TSRYS5860824,D,S,D,2024-08-27,3000000.00,3.742569,100.01953125
08:00:02,91282CLG4,TSRYS5860824,D,S,D,2024-08-27,1000000.00,3.741165,100.0234375
08:00:02,91282CLG4,TSRYS5860824,D,S,D,2024-08-27,1000000.00,3.741165,100.0234375
08:00:02,91282CLG4,TSRYS5860824,D,S,D,2024-08-27,4000000.00,3.741867,100.021484375
08:00:02,91282CLG4,TSRYS5860824,D,S,D,2024-08-27,4000000.00,3.741867,100.021484375
08:00:02,91282CLG4,TSRYS5860824,D,S,D,2024-08-27,4000000.00,3.741867,100.021484375
08:00:02,91282CLG4,TSRYS5860824,D,S,D,2024-08-27,7000000.00,3.741867,100.021484375
08:00:02,91282CLG4,TSRYS5860824,D,S,D,2024-08-27,3000000.00,3.740463,100.025390625
08:00:02,91282CLG4,TSRYS5860824,D,S,D,2024-08-27,1000000.00,3.740463,100.025390625
08:00:02,91282CLG4,TSRYS5860824,D,S,D,2024-08-27,1000000.00,3.736252,100.037109375
08:00:02,91282CLG4,TSRYS5860824,D,S,D,2024-08-27,3000000.00,3.736252,100.037109375
08:00:02,91282CLG4,TSRYS5860824,D,S,D,2024-08-27,4000000.00,3.736252,100.037109375
08:00:02,91282CLG4,TSRYS5860824,D,S,D,2024-08-27,7000000.00,3.736252,100.037109375
08:00:02,91282CLG4,TSRYS5860824,D,S,D,2024-08-27,4000000.00,3.736252,100.037109375
08:00:02,91282CLG4,TSRYS5860824,D,S,D,2024-08-27,3000000.00,3.740463,100.025390625
08:00:02,91282CLG4,TSRYS5860824,D,S,D,2024-08-27,3000000.00,3.740463,100.025390625
08:00:03,91282CLG4,TSRYS5860824,D,S,D,2024-08-27,1000000.00,3.748186,100.00390625
08:00:03,91282CLG4,TSRYS5860824,D,S,D,2024-08-27,2000000.00,3.758017,99.9765625
08:00:03,91282CLG4,TSRYS5860824,D,S,D,2024-08-27,2000000.00,3.758017,99.9765625
08:00:03,91282CLG4,TSRYS5860824,D,S,D,2024-08-27,4000000.00,3.758017,99.9765625
08:00:03,91282CLG4,TSRYS5860824,D,S,D,2024-08-27,1000000.00,3.758017,99.9765625
08:00:03,91282CLG4,TSRYS5860824,D,S,D,2024-08-27,1000000.00,3.760124,99.970703125
08:00:03,91282CLG4,TSRYS5860824,D,S,D,2024-08-27,1000000.00,3.760124,99.970703125
08:00:03,91282CLG4,TSRYS5860824,D,S,D,2024-08-27,1000000.00,3.760124,99.970703125
08:00:03,91282CLG4,TSRYS5860824,D,S,D,2024-08-27,2000000.00,3.760124,99.970703125
08:00:03,91282CLG4,TSRYS5860824,D,S,D,2024-08-27,1000000.00,3.760124,99.970703125
08:00:03,91282CLG4,TSRYS5860824,D,S,D,2024-08-27,1000000.00,3.760124,99.970703125
08:00:03,91282CLG4,TSRYS5860824,D,S,D,2024-08-27,1000000.00,3.760124,99.970703125
08:00:03,91282CLG4,TSRYS5860824,D,S,D,2024-08-27,1000000.00,3.760124,99.970703125
08:00:03,91282CLG4,TSRYS5860824,D,S,D,2024-08-27,1000000.00,3.760124,99.970703125
08:00:03,91282CLG4,TSRYS5860824,D,S,D,2024-08-27,1000000.00,3.760124,99.970703125
08:00:03,91282CLG4,TSRYS5860824,D,S,D,2024-08-27,2000000.00,3.760124,99.970703125
08:00:03,91282CLG4,TSRYS5860824,D,S,D,2024-08-27,1000000.00,3.760124,99.970703125
08:00:03,91282CLG4,TSRYS5860824,D,S,D,2024-08-27,1000000.00,3.760124,99.970703125
08:00:03,91282CLG4,TSRYS5860824,D,S,D,2024-08-27,1000000.00,3.760124,99.970703125
08:00:03,91282CLG4,TSRYS5860824,D,S,D,2024-08-27,1000000.00,3.760124,99.970703125
08:00:03,91282CLG4,TSRYS5860824,D,S,D,2024-08-27,1000000.00,3.760124,99.970703125
08:00:03,91282CLG4,TSRYS5860824,D,S,D,2024-08-27,1000000.00,3.760124,99.970703125
08:00:03,91282CLG4,TSRYS5860824,D,S,D,2024-08-27,1000000.00,3.760124,99.970703125
08:00:03,91282CLG4,TSRYS5860824,D,S,D,2024-08-27,1000000.00,3.760124,99.970703125
08:00:03,91282CLG4,TSRYS5860824,D,S,D,2024-08-27,1000000.00,3.760124,99.970703125
08:00:03,91282CLG4,TSRYS5860824,D,S,D,2024-08-27,1000000.00,3.760124,99.970703125
08:00:03,91282CLG4,TSRYS5860824,D,S,D,2024-08-27,1000000.00,3.760124,99.970703125
08:00:03,91282CLG4,TSRYS5860824,D,S,D,2024-08-27,1000000.00,3.760124,99.970703125
08:00:03,91282CLG4,TSRYS5860824,D,S,D,2024-08-27,1000000.00,3.760124,99.970703125
08:00:03,91282CLG4,TSRYS5860824,D,S,D,2024-08-27,1000000.00,3.760124,99.970703125
08:00:03,91282CLG4,TSRYS5860824,D,S,D,2024-08-27,3000000.00,3.759422,99.97265625
08:00:03,91282CLG4,TSRYS5860824,D,S,D,2024-08-27,1000000.00,3.760124,99.970703125
08:00:03,91282CLG4,TSRYS5860824,D,S,D,2024-08-27,1000000.00,3.765042,99.95703125
08:00:03,91282CLG4,TSRYS5860824,D,S,T,2024-08-27,4000000.00,3.766447,99.953125
08:00:03,91282CLG4,TSRYS5860824,D,S,T,2024-08-27,4000000.00,3.766447,99.953125
08:00:03,91282CLG4,TSRYS5860824,D,S,T,2024-08-27,1000000.00,3.763637,99.9609375
08:00:03,91282CLG4,TSRYS5860824,D,S,T,2024-08-27,1000000.00,3.763637,99.9609375
08:00:03,91282CLG4,TSRYS5860824,D,S,T,2024-08-27,3000000.00,3.763637,99.9609375
08:00:03,91282CLG4,TSRYS5860824,D,S,D,2024-08-27,1000000.00,3.761529,99.966796875
08:00:05,91282CLG4,TSRYS5860824,D,S,T,2024-08-27,1000000.00,3.765744,99.955078125
08:00:11,91282CLG4,TSRYS5860824,D,S,T,2024-08-27,1000000.00,3.744675,100.013671875
08:00:11,91282CLG4,TSRYS5860824,D,S,D,2024-08-27,1000000.00,3.736252,100.037109375
08:00:11,91282CLG4,TSRYS5860824,D,S,D,2024-08-27,1000000.00,3.736252,100.037109375
08:00:11,91282CLG4,TSRYS5860824,D,S,T,2024-08-27,1000000.00,3.736954,100.03515625
08:00:11,91282CLG4,TSRYS5860824,D,S,T,2024-08-27,1000000.00,3.740463,100.025390625
08:00:11,91282CLG4,TSRYS5860824,D,S,T,2024-08-27,1000000.00,3.741165,100.0234375
08:00:11,91282CLG4,TSRYS5860824,D,S,T,2024-08-27,1000000.00,3.742569,100.01953125
08:00:11,91282CLG4,TSRYS5860824,D,S,T,2024-08-27,1000000.00,3.748186,100.00390625
08:00:11,91282CLG4,TSRYS5860824,D,S,T,2024-08-27,1000000.00,3.74959,100.0
08:00:11,91282CLG4,TSRYS5860824,D,S,T,2024-08-27,1000000.00,3.74959,100.0
08:00:11,91282CLG4,TSRYS5860824,D,S,T,2024-08-27,1000000.00,3.748888,100.001953125
08:00:11,91282CLG4,TSRYS5860824,D,S,T,2024-08-27,1000000.00,3.748888,100.001953125
08:00:11,91282CLG4,TSRYS5860824,D,S,T,2024-08-27,1000000.00,3.748888,100.001953125
08:00:11,91282CLG4,TSRYS5860824,D,S,T,2024-08-27,1000000.00,3.74959,100.0
08:00:11,91282CLG4,TSRYS5860824,D,S,T,2024-08-27,1000000.00,3.74959,100.0
08:00:11,91282CLG4,TSRYS5860824,D,S,T,2024-08-27,1000000.00,3.750994,99.99609375
08:00:11,91282CLG4,TSRYS5860824,D,S,T,2024-08-27,1000000.00,3.750292,99.998046875
08:00:11,91282CLG4,TSRYS5860824,D,S,D,2024-08-27,1000000.00,3.751697,99.994140625
08:00:11,91282CLG4,TSRYS5860824,D,S,T,2024-08-27,1000000.00,3.751697,99.994140625
08:00:11,91282CLG4,TSRYS5860824,D,S,T,2024-08-27,1000000.00,3.748888,100.001953125
08:00:11,91282CLG4,TSRYS5860824,D,S,T,2024-08-27,1000000.00,3.748888,100.001953125
08:00:11,91282CLG4,TSRYS5860824,D,S,T,2024-08-27,1000000.00,3.751697,99.994140625
08:00:11,91282CLG4,TSRYS5860824,D,S,T,2024-08-27,1000000.00,3.753101,99.990234375
08:00:11,91282CLG4,TSRYS5860824,D,S,T,2024-08-27,2000000.00,3.743973,100.015625
08:00:11,91282CLG4,TSRYS5860824,D,S,T,2024-08-27,1000000.00,3.759422,99.97265625
08:00:11,91282CLG4,TSRYS5860824,D,S,T,2024-08-27,1000000.00,3.757315,99.978515625
08:00:11,91282CLG4,TSRYS5860824,D,S,T,2024-08-27,1000000.00,3.757315,99.978515625
08:00:11,91282CLG4,TSRYS5860824,D,S,T,2024-08-27,1000000.00,3.760124,99.970703125
08:00:11,91282CLG4,TSRYS5860824,D,S,D,2024-08-27,1000000.00,3.757315,99.978515625
08:00:11,91282CLG4,TSRYS5860824,D,S,D,2024-08-27,1000000.00,3.760124,99.970703125
08:00:11,91282CLG4,TSRYS5860824,D,S,T,2024-08-27,1000000.00,3.766447,99.953125
08:00:11,91282CLG4,TSRYS5860824,D,S,T,2024-08-27,1000000.00,3.767852,99.94921875
08:00:11,91282CLG4,TSRYS5860824,D,S,D,2024-08-27,1000000.00,3.764339,99.958984375
08:00:11,91282CLG4,TSRYS5860824,D,S,T,2024-08-27,1000000.00,3.764339,99.958984375
08:00:11,91282CLG4,TSRYS5860824,D,S,T,2024-08-27,1000000.00,3.762232,99.96484375
08:00:12,91282CLG4,TSRYS5860824,D,S,T,2024-08-27,1000000.00,3.765042,99.95703125
08:00:12,91282CLG4,TSRYS5860824,D,S,T,2024-08-27,1000000.00,3.763637,99.9609375
08:00:12,91282CLG4,TSRYS5860824,D,S,T,2024-08-27,1000000.00,3.762232,99.96484375
08:00:12,91282CLG4,TSRYS5860824,D,S,D,2024-08-27,1000000.00,3.761529,99.966796875
08:00:12,91282CLG4,TSRYS5860824,D,S,D,2024-08-27,1000000.00,3.761529,99.966796875
08:00:17,91282CLG4,TSRYS5860824,D,S,T,2024-08-27,1000000.00,3.748186,100.00390625
08:00:17,91282CLG4,TSRYS5860824,D,S,D,2024-08-27,2000000.00,3.742569,100.01953125
08:00:17,91282CLG4,TSRYS5860824,D,S,D,2024-08-27,1000000.00,3.743271,100.017578125
08:00:17,91282CLG4,TSRYS5860824,D,S,D,2024-08-27,1000000.00,3.739761,100.02734375
08:00:17,91282CLG4,TSRYS5860824,D,S,T,2024-08-27,1000000.00,3.750994,99.99609375
08:00:17,91282CLG4,TSRYS5860824,D,S,T,2024-08-27,1000000.00,3.750994,99.99609375
08:00:17,91282CLG4,TSRYS5860824,D,S,T,2024-08-27,1000000.00,3.750994,99.99609375
08:00:17,91282CLG4,TSRYS5860824,D,S,T,2024-08-27,1000000.00,3.753803,99.98828125
08:00:18,91282CLG4,TSRYS5860824,D,B,C,2024-08-27,1000000.00,3.746781,100.0078125
08:00:18,91282CLG4,TSRYS5860824,D,S,D,2024-08-27,1000000.00,3.746781,100.0078125
08:00:18,91282CLG4,TSRYS5860824,D,B,C,2024-08-27,1000000.00,3.747483,100.005859375
08:00:18,91282CLG4,TSRYS5860824,D,S,D,2024-08-27,1000000.00,3.747483,100.005859375
08:00:18,91282CLG4,TSRYS5860824,D,S,D,2024-08-27,1000000.00,3.750994,99.99609375
08:00:19,91282CLG4,TSRYS5860824,D,B,C,2024-08-27,1000000.00,3.752399,99.9921875
08:00:19,91282CLG4,TSRYS5860824,D,S,D,2024-08-27,1000000.00,3.752399,99.9921875
08:00:19,91282CLG4,TSRYS5860824,D,B,C,2024-08-27,1000000.00,3.74959,100.0
08:00:19,91282CLG4,TSRYS5860824,D,S,D,2024-08-27,1000000.00,3.74959,100.0
08:00:19,91282CLG4,TSRYS5860824,D,B,C,2024-08-27,1000000.00,3.74959,100.0
08:00:19,91282CLG4,TSRYS5860824,D,S,D,2024-08-27,1000000.00,3.74959,100.0
08:00:19,91282CLG4,TSRYS5860824,D,S,D,2024-08-27,1000000.00,3.750994,99.99609375
08:00:21,91282CLG4,TSRYS5860824,D,B,C,2024-08-27,1000000.00,3.74959,100.0
08:00:21,91282CLG4,TSRYS5860824,D,S,D,2024-08-27,1000000.00,3.74959,100.0
08:00:21,91282CLG4,TSRYS5860824,D,S,D,2024-08-27,10000000.00,3.750994,99.99609375
08:00:21,91282CLG4,TSRYS5860824,D,S,D,2024-08-27,1000000.00,3.750994,99.99609375
08:00:21,91282CLG4,TSRYS5860824,D,S,D,2024-08-27,1000000.00,3.750994,99.99609375
08:00:21,91282CLG4,TSRYS5860824,D,S,D,2024-08-27,1000000.00,3.74959,100.0
08:00:22,91282CLG4,TSRYS5860824,D,B,A,2024-08-27,104000.00,3.752399,99.9921875
08:00:22,91282CLG4,TSRYS5860824,D,S,D,2024-08-27,2000000.00,3.760124,99.970703125
08:00:22,91282CLG4,TSRYS5860824,D,S,D,2024-08-27,2000000.00,3.760124,99.970703125
08:00:22,91282CLG4,TSRYS5860824,D,B,C,2024-08-27,1000000.00,3.754506,99.986328125
08:00:22,91282CLG4,TSRYS5860824,D,S,D,2024-08-27,1000000.00,3.754506,99.986328125
08:00:22,91282CLG4,TSRYS5860824,D,B,C,2024-08-27,1000000.00,3.753101,99.990234375
08:00:22,91282CLG4,TSRYS5860824,D,S,D,2024-08-27,1000000.00,3.753101,99.990234375
08:00:22,91282CLG4,TSRYS5860824,D,B,C,2024-08-27,1000000.00,3.753803,99.98828125
08:00:22,91282CLG4,TSRYS5860824,D,S,D,2024-08-27,1000000.00,3.753803,99.98828125
08:00:22,91282CLG4,TSRYS5860824,D,S,D,2024-08-27,1000000.00,3.750994,99.99609375
08:00:23,91282CLG4,TSRYS5860824,D,S,D,2024-08-27,1000000.00,3.74959,100.0
08:00:23,91282CLG4,TSRYS5860824,D,B,C,2024-08-27,1000000.00,3.74959,100.0
08:00:24,91282CLG4,TSRYS5860824,D,S,D,2024-08-27,1000000.00,3.74959,100.0
08:00:27,91282CLG4,TSRYS5860824,D,B,A,2024-08-27,471000.00,3.755208,99.984375
08:00:27,91282CLG4,TSRYS5860824,D,S,D,2024-08-27,1000000.00,3.750994,99.99609375
08:00:28,91282CLG4,TSRYS5860824,D,S,D,2024-08-27,1000000.00,3.748186,100.00390625
08:00:28,91282CLG4,TSRYS5860824,D,B,C,2024-08-27,1000000.00,3.748186,100.00390625
08:00:28,91282CLG4,TSRYS5860824,D,S,D,2024-08-27,1000000.00,3.748186,100.00390625
08:00:28,91282CLG4,TSRYS5860824,D,B,C,2024-08-27,1000000.00,3.748186,100.00390625
08:00:28,91282CLG4,TSRYS5860824,D,S,D,2024-08-27,1000000.00,3.748186,100.00390625
08:00:28,91282CLG4,TSRYS5860824,D,S,D,2024-08-27,1000000.00,3.748186,100.00390625
08:00:29,91282CLG4,TSRYS5860824,D,S,D,2024-08-27,1000000.00,3.748186,100.00390625
08:00:29,91282CLG4,TSRYS5860824,D,S,D,2024-08-27,1000000.00,3.752399,99.9921875
08:00:29,91282CLG4,TSRYS5860824,D,S,T,2024-08-27,1000000.00,3.756612,99.98046875
08:00:29,91282CLG4,TSRYS5860824,D,S,T,2024-08-27,2000000.00,3.763637,99.9609375
08:00:29,91282CLG4,TSRYS5860824,D,S,D,2024-08-27,2000000.00,3.741867,100.021484375
08:00:29,91282CLG4,TSRYS5860824,D,S,D,2024-08-27,2000000.00,3.743271,100.017578125
08:00:29,91282CLG4,TSRYS5860824,D,S,D,2024-08-27,1000000.00,3.740463,100.025390625
08:00:29,91282CLG4,TSRYS5860824,D,S,D,2024-08-27,1000000.00,3.736954,100.03515625
08:00:29,91282CLG4,TSRYS5860824,D,S,D,2024-08-27,1000000.00,3.736954,100.03515625
08:00:29,91282CLG4,TSRYS5860824,D,S,D,2024-08-27,1000000.00,3.740463,100.025390625
08:00:29,91282CLG4,TSRYS5860824,D,S,D,2024-08-27,1000000.00,3.740463,100.025390625
08:00:29,91282CLG4,TSRYS5860824,D,S,D,2024-08-27,1000000.00,3.740463,100.025390625
08:00:29,91282CLG4,TSRYS5860824,D,S,D,2024-08-27,1000000.00,3.740463,100.025390625
08:00:29,91282CLG4,TSRYS5860824,D,S,D,2024-08-27,1000000.00,3.74959,100.0
08:00:29,91282CLG4,TSRYS5860824,D,S,D,2024-08-27,2000000.00,3.761529,99.966796875
08:00:29,91282CLG4,TSRYS5860824,D,S,D,2024-08-27,2000000.00,3.762934,99.962890625
08:00:29,91282CLG4,TSRYS5860824,D,S,D,2024-08-27,1000000.00,3.765042,99.95703125
08:00:29,91282CLG4,TSRYS5860824,D,S,D,2024-08-27,1000000.00,3.765042,99.95703125
08:00:29,91282CLG4,TSRYS5860824,D,S,T,2024-08-27,1000000.00,3.765042,99.95703125
08:00:30,91282CLG4,TSRYS5860824,D,S,D,2024-08-27,1000000.00,3.741165,100.0234375
08:00:30,91282CLG4,TSRYS5860824,D,S,D,2024-08-27,2000000.00,3.748888,100.001953125
08:00:30,91282CLG4,TSRYS5860824,D,S,D,2024-08-27,2000000.00,3.748888,100.001953125
08:00:30,91282CLG4,TSRYS5860824,D,S,D,2024-08-27,2000000.00,3.751697,99.994140625
08:00:30,91282CLG4,TSRYS5860824,D,S,D,2024-08-27,1000000.00,3.75872,99.974609375
08:00:30,91282CLG4,TSRYS5860824,D,S,D,2024-08-27,1000000.00,3.75872,99.974609375
08:00:30,91282CLG4,TSRYS5860824,D,S,D,2024-08-27,1000000.00,3.75872,99.974609375
08:00:30,91282CLG4,TSRYS5860824,D,S,D,2024-08-27,1000000.00,3.75872,99.974609375
08:00:30,91282CLG4,TSRYS5860824,D,S,D,2024-08-27,1000000.00,3.75872,99.974609375
08:00:30,91282CLG4,TSRYS5860824,D,S,D,2024-08-27,1000000.00,3.75872,99.974609375
08:00:30,91282CLG4,TSRYS5860824,D,S,D,2024-08-27,1000000.00,3.758017,99.9765625
08:00:30,91282CLG4,TSRYS5860824,D,S,D,2024-08-27,1000000.00,3.758017,99.9765625
08:00:30,91282CLG4,TSRYS5860824,D,S,D,2024-08-27,2000000.00,3.760124,99.970703125
08:00:30,91282CLG4,TSRYS5860824,D,S,D,2024-08-27,1000000.00,3.742569,100.01953125
08:00:30,91282CLG4,TSRYS5860824,D,S,D,2024-08-27,1000000.00,3.742569,100.01953125
08:00:30,91282CLG4,TSRYS5860824,D,S,D,2024-08-27,3000000.00,3.744675,100.013671875
08:00:30,91282CLG4,TSRYS5860824,D,S,T,2024-08-27,1000000.00,3.740463,100.025390625
08:00:30,91282CLG4,TSRYS5860824,D,S,T,2024-08-27,1000000.00,3.740463,100.025390625
08:00:30,91282CLG4,TSRYS5860824,D,S,T,2024-08-27,1000000.00,3.741867,100.021484375
08:00:30,91282CLG4,TSRYS5860824,D,S,D,2024-08-27,1000000.00,3.741867,100.021484375
08:00:30,91282CLG4,TSRYS5860824,D,S,D,2024-08-27,3000000.00,3.740463,100.025390625
08:00:30,91282CLG4,TSRYS5860824,D,S,D,2024-08-27,1000000.00,3.736252,100.037109375
08:00:30,91282CLG4,TSRYS5860824,D,S,D,2024-08-27,1000000.00,3.736252,100.037109375
08:00:30,91282CLG4,TSRYS5860824,D,S,D,2024-08-27,1000000.00,3.736954,100.03515625
08:00:30,91282CLG4,TSRYS5860824,D,S,D,2024-08-27,1000000.00,3.736954,100.03515625
08:00:30,91282CLG4,TSRYS5860824,D,S,D,2024-08-27,4000000.00,3.736252,100.037109375
08:00:30,91282CLG4,TSRYS5860824,D,S,D,2024-08-27,2000000.00,3.740463,100.025390625
08:00:30,91282CLG4,TSRYS5860824,D,S,D,2024-08-27,3000000.00,3.740463,100.025390625
08:00:30,91282CLG4,TSRYS5860824,D,S,D,2024-08-27,2000000.00,3.744675,100.013671875
08:00:30,91282CLG4,TSRYS5860824,D,S,D,2024-08-27,1000000.00,3.744675,100.013671875
08:00:30,91282CLG4,TSRYS5860824,D,S,T,2024-08-27,1000000.00,3.739761,100.02734375
08:00:30,91282CLG4,TSRYS5860824,D,S,D,2024-08-27,2000000.00,3.740463,100.025390625
08:00:30,91282CLG4,TSRYS5860824,D,S,D,2024-08-27,1000000.00,3.740463,100.025390625
08:00:30,91282CLG4,TSRYS5860824,D,S,D,2024-08-27,3000000.00,3.744675,100.013671875
08:00:30,91282CLG4,TSRYS5860824,D,S,D,2024-08-27,1000000.00,3.746781,100.0078125
08:00:30,91282CLG4,TSRYS5860824,D,S,D,2024-08-27,1000000.00,3.746781,100.0078125
08:00:30,91282CLG4,TSRYS5860824,D,S,T,2024-08-27,1000000.00,3.747483,100.005859375
08:00:30,91282CLG4,TSRYS5860824,D,S,T,2024-08-27,1000000.00,3.747483,100.005859375
08:00:30,91282CLG4,TSRYS5860824,D,S,D,2024-08-27,1000000.00,3.748888,100.001953125
08:00:30,91282CLG4,TSRYS5860824,D,S,D,2024-08-27,1000000.00,3.748888,100.001953125
08:00:30,91282CLG4,TSRYS5860824,D,S,T,2024-08-27,1000000.00,3.748888,100.001953125
08:00:30,91282CLG4,TSRYS5860824,D,S,T,2024-08-27,1000000.00,3.750994,99.99609375
08:00:30,91282CLG4,TSRYS5860824,D,S,T,2024-08-27,1000000.00,3.750292,99.998046875
08:00:30,91282CLG4,TSRYS5860824,D,S,D,2024-08-27,3000000.00,3.750292,99.998046875
08:00:30,91282CLG4,TSRYS5860824,D,S,D,2024-08-27,1000000.00,3.750292,99.998046875
08:00:30,91282CLG4,TSRYS5860824,D,S,D,2024-08-27,2000000.00,3.750292,99.998046875
08:00:30,91282CLG4,TSRYS5860824,D,S,D,2024-08-27,1000000.00,3.750292,99.998046875
08:00:30,91282CLG4,TSRYS5860824,D,S,D,2024-08-27,2000000.00,3.750292,99.998046875
08:00:30,91282CLG4,TSRYS5860824,D,S,T,2024-08-27,1000000.00,3.753101,99.990234375
08:00:30,91282CLG4,TSRYS5860824,D,S,T,2024-08-27,1000000.00,3.755208,99.984375
08:00:30,91282CLG4,TSRYS5860824,D,S,T,2024-08-27,1000000.00,3.753101,99.990234375
08:00:30,91282CLG4,TSRYS5860824,D,S,T,2024-08-27,1000000.00,3.753101,99.990234375
08:00:30,91282CLG4,TSRYS5860824,D,S,T,2024-08-27,1000000.00,3.750292,99.998046875
08:00:30,91282CLG4,TSRYS5860824,D,S,T,2024-08-27,1000000.00,3.747483,100.005859375
08:00:30,91282CLG4,TSRYS5860824,D,S,T,2024-08-27,1000000.00,3.747483,100.005859375
08:00:30,91282CLG4,TSRYS5860824,D,S,T,2024-08-27,1000000.00,3.747483,100.005859375
08:00:30,91282CLG4,TSRYS5860824,D,S,T,2024-08-27,1000000.00,3.747483,100.005859375
08:00:30,91282CLG4,TSRYS5860824,D,S,T,2024-08-27,1000000.00,3.747483,100.005859375
08:00:30,91282CLG4,TSRYS5860824,D,S,T,2024-08-27,1000000.00,3.747483,100.005859375
08:00:30,91282CLG4,TSRYS5860824,D,S,T,2024-08-27,2000000.00,3.748888,100.001953125
08:00:30,91282CLG4,TSRYS5860824,D,S,T,2024-08-27,1000000.00,3.748888,100.001953125
08:00:30,91282CLG4,TSRYS5860824,D,S,T,2024-08-27,2000000.00,3.751697,99.994140625
08:00:30,91282CLG4,TSRYS5860824,D,S,T,2024-08-27,1000000.00,3.75872,99.974609375
08:00:30,91282CLG4,TSRYS5860824,D,S,T,2024-08-27,1000000.00,3.75872,99.974609375
08:00:30,91282CLG4,TSRYS5860824,D,S,T,2024-08-27,1000000.00,3.75872,99.974609375
08:00:30,91282CLG4,TSRYS5860824,D,S,T,2024-08-27,1000000.00,3.760124,99.970703125
08:00:30,91282CLG4,TSRYS5860824,D,S,T,2024-08-27,1000000.00,3.760124,99.970703125
08:00:30,91282CLG4,TSRYS5860824,D,S,T,2024-08-27,1000000.00,3.760124,99.970703125
08:00:30,91282CLG4,TSRYS5860824,D,S,T,2024-08-27,1000000.00,3.760124,99.970703125
08:00:30,91282CLG4,TSRYS5860824,D,S,T,2024-08-27,1000000.00,3.760124,99.970703125
08:00:30,91282CLG4,TSRYS5860824,D,S,T,2024-08-27,1000000.00,3.760124,99.970703125
08:00:30,91282CLG4,TSRYS5860824,D,S,T,2024-08-27,1000000.00,3.760124,99.970703125
08:00:30,91282CLG4,TSRYS5860824,D,S,T,2024-08-27,1000000.00,3.760124,99.970703125
08:00:30,91282CLG4,TSRYS5860824,D,S,T,2024-08-27,1000000.00,3.760124,99.970703125
08:00:30,91282CLG4,TSRYS5860824,D,S,T,2024-08-27,1000000.00,3.760124,99.970703125
08:00:30,91282CLG4,TSRYS5860824,D,S,T,2024-08-27,2000000.00,3.75872,99.974609375
08:00:30,91282CLG4,TSRYS5860824,D,S,T,2024-08-27,1000000.00,3.758017,99.9765625
08:00:30,91282CLG4,TSRYS5860824,D,S,T,2024-08-27,1000000.00,3.758017,99.9765625
08:00:30,91282CLG4,TSRYS5860824,D,S,T,2024-08-27,2000000.00,3.758017,99.9765625
08:00:30,91282CLG4,TSRYS5860824,D,S,T,2024-08-27,2000000.00,3.756612,99.98046875
08:00:30,91282CLG4,TSRYS5860824,D,S,T,2024-08-27,2000000.00,3.762934,99.962890625
08:00:30,91282CLG4,TSRYS5860824,D,S,T,2024-08-27,2000000.00,3.762934,99.962890625
08:00:30,91282CLG4,TSRYS5860824,D,S,T,2024-08-27,1000000.00,3.764339,99.958984375
08:00:30,91282CLG4,TSRYS5860824,D,S,T,2024-08-27,1000000.00,3.764339,99.958984375
08:00:30,91282CLG4,TSRYS5860824,D,S,T,2024-08-27,3000000.00,3.764339,99.958984375
08:00:30,91282CLG4,TSRYS5860824,D,S,T,2024-08-27,1000000.00,3.762232,99.96484375
08:00:30,91282CLG4,TSRYS5860824,D,S,T,2024-08-27,1000000.00,3.763637,99.9609375
08:00:30,91282CLG4,TSRYS5860824,D,S,T,2024-08-27,2000000.00,3.763637,99.9609375
08:00:30,91282CLG4,TSRYS5860824,D,S,T,2024-08-27,2000000.00,3.763637,99.9609375
08:00:30,91282CLG4,TSRYS5860824,D,S,T,2024-08-27,2000000.00,3.763637,99.9609375
08:00:30,91282CLG4,TSRYS5860824,D,S,T,2024-08-27,2000000.00,3.763637,99.9609375
08:00:30,91282CLG4,TSRYS5860824,D,S,T,2024-08-27,2000000.00,3.763637,99.9609375
08:00:30,91282CLG4,TSRYS5860824,D,S,T,2024-08-27,2000000.00,3.763637,99.9609375
08:00:30,91282CLG4,TSRYS5860824,D,S,T,2024-08-27,1000000.00,3.766447,99.953125
08:00:30,91282CLG4,TSRYS5860824,D,S,T,2024-08-27,1000000.00,3.765042,99.95703125
08:00:30,91282CLG4,TSRYS5860824,D,S,T,2024-08-27,1000000.00,3.762232,99.96484375
08:00:30,91282CLG4,TSRYS5860824,D,S,T,2024-08-27,1000000.00,3.762232,99.96484375
08:00:30,91282CLG4,TSRYS5860824,D,S,T,2024-08-27,3000000.00,3.758017,99.9765625
08:00:30,91282CLG4,TSRYS5860824,D,S,T,2024-08-27,1000000.00,3.760124,99.970703125
08:00:30,91282CLG4,TSRYS5860824,D,S,T,2024-08-27,1000000.00,3.740463,100.025390625
08:00:30,91282CLG4,TSRYS5860824,D,S,T,2024-08-27,1000000.00,3.739761,100.02734375
08:00:30,91282CLG4,TSRYS5860824,D,S,T,2024-08-27,1000000.00,3.738357,100.03125
08:00:30,91282CLG4,TSRYS5860824,D,S,T,2024-08-27,1000000.00,3.739761,100.02734375
08:00:30,91282CLG4,TSRYS5860824,D,S,T,2024-08-27,1000000.00,3.739761,100.02734375
08:00:30,91282CLG4,TSRYS5860824,D,S,T,2024-08-27,1000000.00,3.743973,100.015625
08:00:30,91282CLG4,TSRYS5860824,D,S,T,2024-08-27,1000000.00,3.743973,100.015625
08:00:30,91282CLG4,TSRYS5860824,D,S,D,2024-08-27,1000000.00,3.740463,100.025390625
08:00:30,91282CLG4,TSRYS5860824,D,S,T,2024-08-27,1000000.00,3.73555,100.0390625
08:00:31,91282CLG4,TSRYS5860824,D,S,T,2024-08-27,1000000.00,3.738357,100.03125
08:00:31,91282CLG4,TSRYS5860824,D,S,D,2024-08-27,1000000.00,3.740463,100.025390625
08:00:31,91282CLG4,TSRYS5860824,D,S,T,2024-08-27,1000000.00,3.742569,100.01953125
08:00:31,91282CLG4,TSRYS5860824,D,S,T,2024-08-27,1000000.00,3.742569,100.01953125
08:00:31,91282CLG4,TSRYS5860824,D,S,T,2024-08-27,1000000.00,3.741867,100.021484375
08:00:31,91282CLG4,TSRYS5860824,D,S,T,2024-08-27,1000000.00,3.742569,100.01953125
08:00:31,91282CLG4,TSRYS5860824,D,S,T,2024-08-27,1000000.00,3.742569,100.01953125
08:00:31,91282CLG4,TSRYS5860824,D,S,T,2024-08-27,1000000.00,3.742569,100.01953125
08:00:31,91282CLG4,TSRYS5860824,D,S,T,2024-08-27,1000000.00,3.742569,100.01953125
08:00:31,91282CLG4,TSRYS5860824,D,S,T,2024-08-27,1000000.00,3.742569,100.01953125
08:00:31,91282CLG4,TSRYS5860824,D,S,T,2024-08-27,1000000.00,3.746781,100.0078125
08:00:31,91282CLG4,TSRYS5860824,D,S,T,2024-08-27,1000000.00,3.746781,100.0078125
08:00:31,91282CLG4,TSRYS5860824,D,S,T,2024-08-27,1000000.00,3.746781,100.0078125
08:00:31,91282CLG4,TSRYS5860824,D,S,T,2024-08-27,1000000.00,3.746781,100.0078125
08:00:31,91282CLG4,TSRYS5860824,D,S,T,2024-08-27,1000000.00,3.74959,100.0
08:00:31,91282CLG4,TSRYS5860824,D,S,T,2024-08-27,1000000.00,3.74959,100.0
08:00:31,91282CLG4,TSRYS5860824,D,S,T,2024-08-27,1000000.00,3.74959,100.0
08:00:31,91282CLG4,TSRYS5860824,D,S,T,2024-08-27,1000000.00,3.74959,100.0
08:00:31,91282CLG4,TSRYS5860824,D,S,T,2024-08-27,1000000.00,3.74959,100.0
08:00:31,91282CLG4,TSRYS5860824,D,S,T,2024-08-27,1000000.00,3.752399,99.9921875
08:00:31,91282CLG4,TSRYS5860824,D,S,T,2024-08-27,1000000.00,3.752399,99.9921875
08:00:31,91282CLG4,TSRYS5860824,D,S,T,2024-08-27,1000000.00,3.752399,99.9921875
08:00:31,91282CLG4,TSRYS5860824,D,S,T,2024-08-27,1000000.00,3.752399,99.9921875
08:00:31,91282CLG4,TSRYS5860824,D,S,T,2024-08-27,1000000.00,3.752399,99.9921875
08:00:31,91282CLG4,TSRYS5860824,D,S,T,2024-08-27,1000000.00,3.750994,99.99609375
08:00:31,91282CLG4,TSRYS5860824,D,S,T,2024-08-27,1000000.00,3.752399,99.9921875
08:00:31,91282CLG4,TSRYS5860824,D,S,T,2024-08-27,1000000.00,3.750994,99.99609375
08:00:31,91282CLG4,TSRYS5860824,D,S,T,2024-08-27,1000000.00,3.748888,100.001953125
08:00:31,91282CLG4,TSRYS5860824,D,S,T,2024-08-27,1000000.00,3.748888,100.001953125
08:00:31,91282CLG4,TSRYS5860824,D,S,T,2024-08-27,1000000.00,3.748186,100.00390625
08:00:31,91282CLG4,TSRYS5860824,D,S,T,2024-08-27,1000000.00,3.748186,100.00390625
08:00:31,91282CLG4,TSRYS5860824,D,S,T,2024-08-27,1000000.00,3.748186,100.00390625
08:00:31,91282CLG4,TSRYS5860824,D,S,T,2024-08-27,1000000.00,3.746079,100.009765625
08:00:31,91282CLG4,TSRYS5860824,D,S,T,2024-08-27,1000000.00,3.746079,100.009765625
08:00:31,91282CLG4,TSRYS5860824,D,S,T,2024-08-27,1000000.00,3.746781,100.0078125
08:00:31,91282CLG4,TSRYS5860824,D,S,T,2024-08-27,1000000.00,3.746781,100.0078125
08:00:31,91282CLG4,TSRYS5860824,D,S,T,2024-08-27,1000000.00,3.746781,100.0078125
08:00:31,91282CLG4,TSRYS5860824,D,S,T,2024-08-27,1000000.00,3.748888,100.001953125
08:00:31,91282CLG4,TSRYS5860824,D,S,T,2024-08-27,2000000.00,3.750292,99.998046875
08:00:31,91282CLG4,TSRYS5860824,D,S,T,2024-08-27,1000000.00,3.750292,99.998046875
08:00:31,91282CLG4,TSRYS5860824,D,S,T,2024-08-27,1000000.00,3.750292,99.998046875
08:00:31,91282CLG4,TSRYS5860824,D,S,T,2024-08-27,1000000.00,3.750292,99.998046875
08:00:31,91282CLG4,TSRYS5860824,D,S,T,2024-08-27,1000000.00,3.750292,99.998046875
08:00:31,91282CLG4,TSRYS5860824,D,S,T,2024-08-27,1000000.00,3.750292,99.998046875
08:00:31,91282CLG4,TSRYS5860824,D,S,T,2024-08-27,1000000.00,3.750292,99.998046875
08:00:31,91282CLG4,TSRYS5860824,D,S,T,2024-08-27,1000000.00,3.748888,100.001953125
08:00:31,91282CLG4,TSRYS5860824,D,S,T,2024-08-27,1000000.00,3.750994,99.99609375
08:00:31,91282CLG4,TSRYS5860824,D,S,T,2024-08-27,1000000.00,3.750994,99.99609375
08:00:31,91282CLG4,TSRYS5860824,D,S,T,2024-08-27,1000000.00,3.750292,99.998046875
08:00:31,91282CLG4,TSRYS5860824,D,S,T,2024-08-27,1000000.00,3.748888,100.001953125
08:00:31,91282CLG4,TSRYS5860824,D,S,T,2024-08-27,1000000.00,3.748888,100.001953125
08:00:31,91282CLG4,TSRYS5860824,D,S,T,2024-08-27,1000000.00,3.750994,99.99609375
08:00:31,91282CLG4,TSRYS5860824,D,S,T,2024-08-27,1000000.00,3.750994,99.99609375
08:00:31,91282CLG4,TSRYS5860824,D,S,T,2024-08-27,1000000.00,3.750994,99.99609375
08:00:31,91282CLG4,TSRYS5860824,D,S,T,2024-08-27,1000000.00,3.750994,99.99609375
08:00:31,91282CLG4,TSRYS5860824,D,S,T,2024-08-27,1000000.00,3.751697,99.994140625
08:00:31,91282CLG4,TSRYS5860824,D,S,T,2024-08-27,1000000.00,3.752399,99.9921875
08:00:31,91282CLG4,TSRYS5860824,D,S,T,2024-08-27,1000000.00,3.752399,99.9921875
08:00:31,91282CLG4,TSRYS5860824,D,S,T,2024-08-27,1000000.00,3.752399,99.9921875
08:00:31,91282CLG4,TSRYS5860824,D,S,T,2024-08-27,1000000.00,3.752399,99.9921875
08:00:31,91282CLG4,TSRYS5860824,D,S,T,2024-08-27,1000000.00,3.752399,99.9921875
08:00:31,91282CLG4,TSRYS5860824,D,S,T,2024-08-27,1000000.00,3.752399,99.9921875
08:00:31,91282CLG4,TSRYS5860824,D,S,T,2024-08-27,1000000.00,3.752399,99.9921875
08:00:31,91282CLG4,TSRYS5860824,D,S,T,2024-08-27,1000000.00,3.754506,99.986328125
08:00:31,91282CLG4,TSRYS5860824,D,S,T,2024-08-27,1000000.00,3.754506,99.986328125
08:00:31,91282CLG4,TSRYS5860824,D,S,T,2024-08-27,1000000.00,3.754506,99.986328125
08:00:31,91282CLG4,TSRYS5860824,D,S,T,2024-08-27,2000000.00,3.754506,99.986328125
08:00:31,91282CLG4,TSRYS5860824,D,S,T,2024-08-27,1000000.00,3.754506,99.986328125
08:00:31,91282CLG4,TSRYS5860824,D,S,T,2024-08-27,1000000.00,3.755208,99.984375
08:00:31,91282CLG4,TSRYS5860824,D,S,T,2024-08-27,1000000.00,3.755208,99.984375
08:00:31,91282CLG4,TSRYS5860824,D,S,T,2024-08-27,1000000.00,3.755208,99.984375
08:00:31,91282CLG4,TSRYS5860824,D,S,T,2024-08-27,1000000.00,3.754506,99.986328125
08:00:31,91282CLG4,TSRYS5860824,D,S,T,2024-08-27,1000000.00,3.755208,99.984375
08:00:31,91282CLG4,TSRYS5860824,D,S,T,2024-08-27,1000000.00,3.75591,99.982421875
08:00:31,91282CLG4,TSRYS5860824,D,S,T,2024-08-27,1000000.00,3.75591,99.982421875
08:00:31,91282CLG4,TSRYS5860824,D,S,T,2024-08-27,1000000.00,3.75591,99.982421875
08:00:31,91282CLG4,TSRYS5860824,D,S,T,2024-08-27,1000000.00,3.75591,99.982421875
08:00:31,91282CLG4,TSRYS5860824,D,S,T,2024-08-27,1000000.00,3.754506,99.986328125
08:00:31,91282CLG4,TSRYS5860824,D,S,T,2024-08-27,1000000.00,3.752399,99.9921875
08:00:31,91282CLG4,TSRYS5860824,D,S,T,2024-08-27,3000000.00,3.752399,99.9921875
08:00:31,91282CLG4,TSRYS5860824,D,S,T,2024-08-27,1000000.00,3.752399,99.9921875
08:00:31,91282CLG4,TSRYS5860824,D,S,T,2024-08-27,1000000.00,3.75591,99.982421875
08:00:31,91282CLG4,TSRYS5860824,D,S,T,2024-08-27,1000000.00,3.75591,99.982421875
08:00:31,91282CLG4,TSRYS5860824,D,S,T,2024-08-27,1000000.00,3.756612,99.98046875
08:00:31,91282CLG4,TSRYS5860824,D,S,T,2024-08-27,2000000.00,3.753101,99.990234375
08:00:31,91282CLG4,TSRYS5860824,D,S,T,2024-08-27,1000000.00,3.753101,99.990234375
08:00:31,91282CLG4,TSRYS5860824,D,S,T,2024-08-27,1000000.00,3.754506,99.986328125
08:00:31,91282CLG4,TSRYS5860824,D,S,T,2024-08-27,1000000.00,3.753803,99.98828125
08:00:31,91282CLG4,TSRYS5860824,D,S,T,2024-08-27,1000000.00,3.753803,99.98828125
08:00:31,91282CLG4,TSRYS5860824,D,S,T,2024-08-27,1000000.00,3.753803,99.98828125
08:00:31,91282CLG4,TSRYS5860824,D,S,T,2024-08-27,1000000.00,3.753803,99.98828125
08:00:31,91282CLG4,TSRYS5860824,D,S,T,2024-08-27,1000000.00,3.753803,99.98828125
08:00:31,91282CLG4,TSRYS5860824,D,S,T,2024-08-27,2000000.00,3.751697,99.994140625
08:00:31,91282CLG4,TSRYS5860824,D,S,T,2024-08-27,1000000.00,3.74959,100.0
08:00:31,91282CLG4,TSRYS5860824,D,S,T,2024-08-27,1000000.00,3.74959,100.0
08:00:31,91282CLG4,TSRYS5860824,D,S,T,2024-08-27,1000000.00,3.74959,100.0
08:00:31,91282CLG4,TSRYS5860824,D,S,T,2024-08-27,1000000.00,3.74959,100.0
08:00:31,91282CLG4,TSRYS5860824,D,S,T,2024-08-27,1000000.00,3.74959,100.0
08:00:31,91282CLG4,TSRYS5860824,D,S,T,2024-08-27,2000000.00,3.750292,99.998046875
08:00:31,91282CLG4,TSRYS5860824,D,S,T,2024-08-27,1000000.00,3.750994,99.99609375
08:00:31,91282CLG4,TSRYS5860824,D,S,T,2024-08-27,1000000.00,3.746079,100.009765625
08:00:31,91282CLG4,TSRYS5860824,D,S,T,2024-08-27,1000000.00,3.746079,100.009765625
08:00:31,91282CLG4,TSRYS5860824,D,S,T,2024-08-27,1000000.00,3.748888,100.001953125
08:00:31,91282CLG4,TSRYS5860824,D,S,T,2024-08-27,1000000.00,3.746781,100.0078125
08:00:31,91282CLG4,TSRYS5860824,D,S,T,2024-08-27,1000000.00,3.746781,100.0078125
08:00:31,91282CLG4,TSRYS5860824,D,S,T,2024-08-27,1000000.00,3.746781,100.0078125
08:00:31,91282CLG4,TSRYS5860824,D,S,T,2024-08-27,1000000.00,3.748888,100.001953125
08:00:31,91282CLG4,TSRYS5860824,D,S,T,2024-08-27,1000000.00,3.74959,100.0
08:00:31,91282CLG4,TSRYS5860824,D,S,T,2024-08-27,1000000.00,3.746781,100.0078125
08:00:31,91282CLG4,TSRYS5860824,D,S,T,2024-08-27,2000000.00,3.746781,100.0078125
08:00:31,91282CLG4,TSRYS5860824,D,S,T,2024-08-27,1000000.00,3.750994,99.99609375
08:00:31,91282CLG4,TSRYS5860824,D,S,T,2024-08-27,1000000.00,3.750994,99.99609375
08:00:31,91282CLG4,TSRYS5860824,D,S,T,2024-08-27,1000000.00,3.750994,99.99609375
08:00:31,91282CLG4,TSRYS5860824,D,S,T,2024-08-27,1000000.00,3.752399,99.9921875
08:00:31,91282CLG4,TSRYS5860824,D,S,T,2024-08-27,1000000.00,3.752399,99.9921875
08:00:31,91282CLG4,TSRYS5860824,D,S,T,2024-08-27,1000000.00,3.752399,99.9921875
08:00:31,91282CLG4,TSRYS5860824,D,S,T,2024-08-27,1000000.00,3.752399,99.9921875
08:00:31,91282CLG4,TSRYS5860824,D,S,T,2024-08-27,1000000.00,3.752399,99.9921875
08:00:31,91282CLG4,TSRYS5860824,D,S,T,2024-08-27,1000000.00,3.752399,99.9921875
08:00:31,91282CLG4,TSRYS5860824,D,S,T,2024-08-27,1000000.00,3.752399,99.9921875
08:00:31,91282CLG4,TSRYS5860824,D,S,T,2024-08-27,3000000.00,3.753803,99.98828125
08:00:31,91282CLG4,TSRYS5860824,D,S,T,2024-08-27,3000000.00,3.753803,99.98828125
08:00:31,91282CLG4,TSRYS5860824,D,S,T,2024-08-27,1000000.00,3.753803,99.98828125
08:00:31,91282CLG4,TSRYS5860824,D,S,T,2024-08-27,1000000.00,3.752399,99.9921875
08:00:31,91282CLG4,TSRYS5860824,D,S,T,2024-08-27,1000000.00,3.752399,99.9921875
08:00:31,91282CLG4,TSRYS5860824,D,S,T,2024-08-27,1000000.00,3.752399,99.9921875
08:00:31,91282CLG4,TSRYS5860824,D,S,T,2024-08-27,1000000.00,3.750292,99.998046875
08:00:31,91282CLG4,TSRYS5860824,D,S,T,2024-08-27,1000000.00,3.74959,100.0
08:00:31,91282CLG4,TSRYS5860824,D,S,T,2024-08-27,1000000.00,3.748888,100.001953125
08:00:31,91282CLG4,TSRYS5860824,D,S,T,2024-08-27,2000000.00,3.748888,100.001953125
08:00:31,91282CLG4,TSRYS5860824,D,S,T,2024-08-27,1000000.00,3.748186,100.00390625
08:00:31,91282CLG4,TSRYS5860824,D,S,T,2024-08-27,1000000.00,3.748186,100.00390625
08:00:31,91282CLG4,TSRYS5860824,D,S,T,2024-08-27,1000000.00,3.748888,100.001953125
08:00:31,91282CLG4,TSRYS5860824,D,S,T,2024-08-27,1000000.00,3.748888,100.001953125
08:00:31,91282CLG4,TSRYS5860824,D,S,T,2024-08-27,1000000.00,3.748888,100.001953125
08:00:31,91282CLG4,TSRYS5860824,D,S,T,2024-08-27,1000000.00,3.748888,100.001953125
08:00:31,91282CLG4,TSRYS5860824,D,S,T,2024-08-27,1000000.00,3.748888,100.001953125
08:00:31,91282CLG4,TSRYS5860824,D,S,T,2024-08-27,1000000.00,3.748888,100.001953125
08:00:31,91282CLG4,TSRYS5860824,D,S,T,2024-08-27,1000000.00,3.748888,100.001953125
08:00:31,91282CLG4,TSRYS5860824,D,S,T,2024-08-27,2000000.00,3.748888,100.001953125
08:00:31,91282CLG4,TSRYS5860824,D,S,T,2024-08-27,1000000.00,3.74959,100.0
08:00:31,91282CLG4,TSRYS5860824,D,S,T,2024-08-27,1000000.00,3.74959,100.0
08:00:31,91282CLG4,TSRYS5860824,D,S,T,2024-08-27,1000000.00,3.751697,99.994140625
08:00:31,91282CLG4,TSRYS5860824,D,S,T,2024-08-27,1000000.00,3.751697,99.994140625
08:00:31,91282CLG4,TSRYS5860824,D,S,T,2024-08-27,1000000.00,3.751697,99.994140625
08:00:31,91282CLG4,TSRYS5860824,D,S,T,2024-08-27,1000000.00,3.752399,99.9921875
08:00:31,91282CLG4,TSRYS5860824,D,S,T,2024-08-27,1000000.00,3.754506,99.986328125
08:00:31,91282CLG4,TSRYS5860824,D,S,T,2024-08-27,1000000.00,3.755208,99.984375
08:00:31,91282CLG4,TSRYS5860824,D,S,T,2024-08-27,1000000.00,3.751697,99.994140625
08:00:31,91282CLG4,TSRYS5860824,D,S,T,2024-08-27,1000000.00,3.750292,99.998046875
08:00:31,91282CLG4,TSRYS5860824,D,S,T,2024-08-27,1000000.00,3.750292,99.998046875
08:00:31,91282CLG4,TSRYS5860824,D,S,T,2024-08-27,1000000.00,3.750292,99.998046875
08:00:31,91282CLG4,TSRYS5860824,D,S,T,2024-08-27,1000000.00,3.750292,99.998046875
08:00:31,91282CLG4,TSRYS5860824,D,S,T,2024-08-27,1000000.00,3.750292,99.998046875
08:00:31,91282CLG4,TSRYS5860824,D,S,T,2024-08-27,1000000.00,3.750994,99.99609375
08:00:31,91282CLG4,TSRYS5860824,D,S,T,2024-08-27,1000000.00,3.750994,99.99609375
08:00:31,91282CLG4,TSRYS5860824,D,S,T,2024-08-27,1000000.00,3.750994,99.99609375
08:00:31,91282CLG4,TSRYS5860824,D,S,T,2024-08-27,1000000.00,3.74959,100.0
08:00:31,91282CLG4,TSRYS5860824,D,S,T,2024-08-27,1000000.00,3.746781,100.0078125
08:00:31,91282CLG4,TSRYS5860824,D,S,T,2024-08-27,1000000.00,3.746781,100.0078125
08:00:31,91282CLG4,TSRYS5860824,D,S,T,2024-08-27,12000000.00,3.742569,100.01953125
08:00:31,91282CLG4,TSRYS5860824,D,S,T,2024-08-27,24000000.00,3.742569,100.01953125
08:00:31,91282CLG4,TSRYS5860824,D,S,T,2024-08-27,14000000.00,3.742569,100.01953125
08:00:31,91282CLG4,TSRYS5860824,D,S,T,2024-08-27,1000000.00,3.743973,100.015625
08:00:31,91282CLG4,TSRYS5860824,D,S,T,2024-08-27,1000000.00,3.743973,100.015625
08:00:31,91282CLG4,TSRYS5860824,D,S,T,2024-08-27,1000000.00,3.743973,100.015625
08:00:31,91282CLG4,TSRYS5860824,D,S,T,2024-08-27,1000000.00,3.743973,100.015625
08:00:31,91282CLG4,TSRYS5860824,D,S,T,2024-08-27,1000000.00,3.743973,100.015625
08:00:31,91282CLG4,TSRYS5860824,D,S,T,2024-08-27,1000000.00,3.743973,100.015625
08:00:31,91282CLG4,TSRYS5860824,D,S,T,2024-08-27,1000000.00,3.743973,100.015625
08:00:31,91282CLG4,TSRYS5860824,D,S,T,2024-08-27,1000000.00,3.743973,100.015625
08:00:31,91282CLG4,TSRYS5860824,D,S,T,2024-08-27,5000000.00,3.745377,100.01171875
08:00:31,91282CLG4,TSRYS5860824,D,S,T,2024-08-27,2000000.00,3.745377,100.01171875
08:00:31,91282CLG4,TSRYS5860824,D,S,T,2024-08-27,1000000.00,3.745377,100.01171875
08:00:31,91282CLG4,TSRYS5860824,D,S,T,2024-08-27,1000000.00,3.745377,100.01171875
08:00:31,91282CLG4,TSRYS5860824,D,S,T,2024-08-27,4000000.00,3.745377,100.01171875
08:00:31,91282CLG4,TSRYS5860824,D,S,T,2024-08-27,1000000.00,3.745377,100.01171875
08:00:31,91282CLG4,TSRYS5860824,D,S,T,2024-08-27,1000000.00,3.748186,100.00390625
08:00:31,91282CLG4,TSRYS5860824,D,S,T,2024-08-27,1000000.00,3.751697,99.994140625
08:00:31,91282CLG4,TSRYS5860824,D,S,T,2024-08-27,1000000.00,3.751697,99.994140625
08:00:31,91282CLG4,TSRYS5860824,D,S,D,2024-08-27,1000000.00,3.74959,100.0
08:00:31,91282CLG4,TSRYS5860824,D,S,D,2024-08-27,2000000.00,3.746781,100.0078125
08:00:31,91282CLG4,TSRYS5860824,D,S,T,2024-08-27,1000000.00,3.755208,99.984375
08:00:31,91282CLG4,TSRYS5860824,D,S,T,2024-08-27,2000000.00,3.75591,99.982421875
08:00:31,91282CLG4,TSRYS5860824,D,S,T,2024-08-27,2000000.00,3.755208,99.984375
08:00:31,91282CLG4,TSRYS5860824,D,S,D,2024-08-27,1000000.00,3.742569,100.01953125
08:00:31,91282CLG4,TSRYS5860824,D,S,T,2024-08-27,1000000.00,3.758017,99.9765625
08:00:31,91282CLG4,TSRYS5860824,D,S,T,2024-08-27,1000000.00,3.756612,99.98046875
08:00:31,91282CLG4,TSRYS5860824,D,S,T,2024-08-27,1000000.00,3.756612,99.98046875
08:00:31,91282CLG4,TSRYS5860824,D,S,T,2024-08-27,1000000.00,3.756612,99.98046875
08:00:31,91282CLG4,TSRYS5860824,D,S,T,2024-08-27,1000000.00,3.756612,99.98046875
08:00:31,91282CLG4,TSRYS5860824,D,S,T,2024-08-27,1000000.00,3.756612,99.98046875
08:00:31,91282CLG4,TSRYS5860824,D,S,T,2024-08-27,1000000.00,3.756612,99.98046875
08:00:31,91282CLG4,TSRYS5860824,D,S,T,2024-08-27,1000000.00,3.756612,99.98046875
08:00:31,91282CLG4,TSRYS5860824,D,S,T,2024-08-27,1000000.00,3.756612,99.98046875
08:00:31,91282CLG4,TSRYS5860824,D,S,T,2024-08-27,2000000.00,3.756612,99.98046875
08:00:31,91282CLG4,TSRYS5860824,D,S,T,2024-08-27,2000000.00,3.756612,99.98046875
08:00:31,91282CLG4,TSRYS5860824,D,S,T,2024-08-27,1000000.00,3.756612,99.98046875
08:00:31,91282CLG4,TSRYS5860824,D,S,T,2024-08-27,1000000.00,3.756612,99.98046875
08:00:31,91282CLG4,TSRYS5860824,D,S,T,2024-08-27,1000000.00,3.756612,99.98046875
08:00:31,91282CLG4,TSRYS5860824,D,S,T,2024-08-27,1000000.00,3.756612,99.98046875
08:00:31,91282CLG4,TSRYS5860824,D,S,T,2024-08-27,1000000.00,3.756612,99.98046875
08:00:31,91282CLG4,TSRYS5860824,D,S,T,2024-08-27,1000000.00,3.756612,99.98046875
08:00:31,91282CLG4,TSRYS5860824,D,S,T,2024-08-27,1000000.00,3.756612,99.98046875
08:00:31,91282CLG4,TSRYS5860824,D,S,T,2024-08-27,1000000.00,3.756612,99.98046875
08:00:31,91282CLG4,TSRYS5860824,D,S,T,2024-08-27,1000000.00,3.756612,99.98046875
08:00:31,91282CLG4,TSRYS5860824,D,S,T,2024-08-27,1000000.00,3.756612,99.98046875
08:00:31,91282CLG4,TSRYS5860824,D,S,T,2024-08-27,1000000.00,3.756612,99.98046875
08:00:31,91282CLG4,TSRYS5860824,D,S,T,2024-08-27,1000000.00,3.756612,99.98046875
08:00:31,91282CLG4,TSRYS5860824,D,S,T,2024-08-27,1000000.00,3.756612,99.98046875
08:00:31,91282CLG4,TSRYS5860824,D,S,T,2024-08-27,1000000.00,3.756612,99.98046875
08:00:31,91282CLG4,TSRYS5860824,D,S,T,2024-08-27,1000000.00,3.756612,99.98046875
08:00:31,91282CLG4,TSRYS5860824,D,S,T,2024-08-27,1000000.00,3.756612,99.98046875
08:00:31,91282CLG4,TSRYS5860824,D,S,T,2024-08-27,1000000.00,3.756612,99.98046875
08:00:31,91282CLG4,TSRYS5860824,D,S,T,2024-08-27,1000000.00,3.756612,99.98046875
08:00:31,91282CLG4,TSRYS5860824,D,S,T,2024-08-27,1000000.00,3.756612,99.98046875
08:00:31,91282CLG4,TSRYS5860824,D,S,T,2024-08-27,1000000.00,3.758017,99.9765625
08:00:31,91282CLG4,TSRYS5860824,D,S,T,2024-08-27,1000000.00,3.758017,99.9765625
08:00:31,91282CLG4,TSRYS5860824,D,S,T,2024-08-27,1000000.00,3.758017,99.9765625
08:00:31,91282CLG4,TSRYS5860824,D,S,T,2024-08-27,1000000.00,3.758017,99.9765625
08:00:31,91282CLG4,TSRYS5860824,D,S,T,2024-08-27,1000000.00,3.758017,99.9765625
08:00:31,91282CLG4,TSRYS5860824,D,S,T,2024-08-27,1000000.00,3.758017,99.9765625
08:00:31,91282CLG4,TSRYS5860824,D,S,T,2024-08-27,1000000.00,3.758017,99.9765625
08:00:31,91282CLG4,TSRYS5860824,D,S,T,2024-08-27,1000000.00,3.758017,99.9765625
08:00:31,91282CLG4,TSRYS5860824,D,S,T,2024-08-27,1000000.00,3.758017,99.9765625
08:00:31,91282CLG4,TSRYS5860824,D,S,T,2024-08-27,1000000.00,3.758017,99.9765625
08:00:31,91282CLG4,TSRYS5860824,D,S,T,2024-08-27,1000000.00,3.758017,99.9765625
08:00:31,91282CLG4,TSRYS5860824,D,S,T,2024-08-27,1000000.00,3.758017,99.9765625
08:00:31,91282CLG4,TSRYS5860824,D,S,T,2024-08-27,1000000.00,3.758017,99.9765625
08:00:31,91282CLG4,TSRYS5860824,D,S,T,2024-08-27,1000000.00,3.758017,99.9765625
08:00:31,91282CLG4,TSRYS5860824,D,S,T,2024-08-27,1000000.00,3.758017,99.9765625
08:00:31,91282CLG4,TSRYS5860824,D,S,T,2024-08-27,1000000.00,3.756612,99.98046875
08:00:31,91282CLG4,TSRYS5860824,D,S,T,2024-08-27,1000000.00,3.756612,99.98046875
08:00:31,91282CLG4,TSRYS5860824,D,S,T,2024-08-27,1000000.00,3.756612,99.98046875
08:00:31,91282CLG4,TSRYS5860824,D,S,T,2024-08-27,1000000.00,3.758017,99.9765625
08:00:31,91282CLG4,TSRYS5860824,D,S,T,2024-08-27,1000000.00,3.758017,99.9765625
08:00:31,91282CLG4,TSRYS5860824,D,S,T,2024-08-27,2000000.00,3.758017,99.9765625
08:00:31,91282CLG4,TSRYS5860824,D,S,T,2024-08-27,1000000.00,3.758017,99.9765625
08:00:31,91282CLG4,TSRYS5860824,D,S,T,2024-08-27,1000000.00,3.758017,99.9765625
08:00:31,91282CLG4,TSRYS5860824,D,S,T,2024-08-27,1000000.00,3.758017,99.9765625
08:00:31,91282CLG4,TSRYS5860824,D,S,T,2024-08-27,1000000.00,3.758017,99.9765625
08:00:31,91282CLG4,TSRYS5860824,D,S,T,2024-08-27,2000000.00,3.758017,99.9765625
08:00:31,91282CLG4,TSRYS5860824,D,S,T,2024-08-27,2000000.00,3.758017,99.9765625
08:00:31,91282CLG4,TSRYS5860824,D,S,T,2024-08-27,2000000.00,3.758017,99.9765625
08:00:31,91282CLG4,TSRYS5860824,D,S,T,2024-08-27,2000000.00,3.758017,99.9765625
08:00:31,91282CLG4,TSRYS5860824,D,S,T,2024-08-27,2000000.00,3.759422,99.97265625
08:00:31,91282CLG4,TSRYS5860824,D,S,T,2024-08-27,2000000.00,3.759422,99.97265625
08:00:31,91282CLG4,TSRYS5860824,D,S,T,2024-08-27,1000000.00,3.759422,99.97265625
08:00:31,91282CLG4,TSRYS5860824,D,S,T,2024-08-27,1000000.00,3.759422,99.97265625
08:00:31,91282CLG4,TSRYS5860824,D,S,T,2024-08-27,2000000.00,3.759422,99.97265625
08:00:31,91282CLG4,TSRYS5860824,D,S,T,2024-08-27,1000000.00,3.758017,99.9765625
08:00:31,91282CLG4,TSRYS5860824,D,S,T,2024-08-27,1000000.00,3.759422,99.97265625
08:00:31,91282CLG4,TSRYS5860824,D,S,T,2024-08-27,1000000.00,3.759422,99.97265625
08:00:31,91282CLG4,TSRYS5860824,D,S,T,2024-08-27,1000000.00,3.759422,99.97265625
08:00:31,91282CLG4,TSRYS5860824,D,S,T,2024-08-27,1000000.00,3.758017,99.9765625
08:00:31,91282CLG4,TSRYS5860824,D,S,T,2024-08-27,1000000.00,3.758017,99.9765625
08:00:31,91282CLG4,TSRYS5860824,D,S,T,2024-08-27,1000000.00,3.758017,99.9765625
08:00:31,91282CLG4,TSRYS5860824,D,S,T,2024-08-27,1000000.00,3.756612,99.98046875
08:00:31,91282CLG4,TSRYS5860824,D,S,T,2024-08-27,1000000.00,3.756612,99.98046875
08:00:31,91282CLG4,TSRYS5860824,D,S,T,2024-08-27,2000000.00,3.758017,99.9765625
08:00:31,91282CLG4,TSRYS5860824,D,S,T,2024-08-27,1000000.00,3.758017,99.9765625
08:00:31,91282CLG4,TSRYS5860824,D,S,T,2024-08-27,4000000.00,3.758017,99.9765625
08:00:31,91282CLG4,TSRYS5860824,D,S,T,2024-08-27,1000000.00,3.759422,99.97265625
08:00:31,91282CLG4,TSRYS5860824,D,S,T,2024-08-27,1000000.00,3.759422,99.97265625
08:00:31,91282CLG4,TSRYS5860824,D,S,T,2024-08-27,2000000.00,3.759422,99.97265625
08:00:31,91282CLG4,TSRYS5860824,D,S,T,2024-08-27,2000000.00,3.759422,99.97265625
08:00:31,91282CLG4,TSRYS5860824,D,S,T,2024-08-27,1000000.00,3.759422,99.97265625
08:00:31,91282CLG4,TSRYS5860824,D,S,T,2024-08-27,1000000.00,3.759422,99.97265625
08:00:31,91282CLG4,TSRYS5860824,D,S,T,2024-08-27,1000000.00,3.759422,99.97265625
08:00:31,91282CLG4,TSRYS5860824,D,S,T,2024-08-27,1000000.00,3.75872,99.974609375
08:00:31,91282CLG4,TSRYS5860824,D,S,T,2024-08-27,1000000.00,3.75872,99.974609375
08:00:31,91282CLG4,TSRYS5860824,D,S,T,2024-08-27,1000000.00,3.760827,99.96875
08:00:31,91282CLG4,TSRYS5860824,D,S,T,2024-08-27,1000000.00,3.762232,99.96484375
08:00:31,91282CLG4,TSRYS5860824,D,S,T,2024-08-27,1000000.00,3.762232,99.96484375
08:00:31,91282CLG4,TSRYS5860824,D,S,T,2024-08-27,2000000.00,3.762232,99.96484375
08:00:31,91282CLG4,TSRYS5860824,D,S,T,2024-08-27,1000000.00,3.760827,99.96875
08:00:31,91282CLG4,TSRYS5860824,D,S,T,2024-08-27,2000000.00,3.760827,99.96875
08:00:31,91282CLG4,TSRYS5860824,D,S,T,2024-08-27,2000000.00,3.760124,99.970703125
08:00:31,91282CLG4,TSRYS5860824,D,S,T,2024-08-27,1000000.00,3.759422,99.97265625
08:00:31,91282CLG4,TSRYS5860824,D,S,T,2024-08-27,1000000.00,3.759422,99.97265625
08:00:31,91282CLG4,TSRYS5860824,D,S,T,2024-08-27,1000000.00,3.756612,99.98046875
08:00:31,91282CLG4,TSRYS5860824,D,S,T,2024-08-27,1000000.00,3.756612,99.98046875
08:00:31,91282CLG4,TSRYS5860824,D,S,T,2024-08-27,1000000.00,3.756612,99.98046875
08:00:31,91282CLG4,TSRYS5860824,D,S,T,2024-08-27,2000000.00,3.756612,99.98046875
08:00:31,91282CLG4,TSRYS5860824,D,S,T,2024-08-27,1000000.00,3.756612,99.98046875
08:00:31,91282CLG4,TSRYS5860824,D,S,T,2024-08-27,1000000.00,3.757315,99.978515625
08:00:31,91282CLG4,TSRYS5860824,D,S,T,2024-08-27,1000000.00,3.758017,99.9765625
08:00:32,91282CLG4,TSRYS5860824,D,S,T,2024-08-27,2000000.00,3.75591,99.982421875
08:00:32,91282CLG4,TSRYS5860824,D,S,T,2024-08-27,1000000.00,3.757315,99.978515625
08:00:32,91282CLG4,TSRYS5860824,D,S,T,2024-08-27,1000000.00,3.758017,99.9765625
08:00:32,91282CLG4,TSRYS5860824,D,S,T,2024-08-27,1000000.00,3.760827,99.96875
08:00:32,91282CLG4,TSRYS5860824,D,S,T,2024-08-27,1000000.00,3.762232,99.96484375
08:00:32,91282CLG4,TSRYS5860824,D,S,T,2024-08-27,1000000.00,3.763637,99.9609375
08:00:32,91282CLG4,TSRYS5860824,D,S,T,2024-08-27,1000000.00,3.765042,99.95703125
08:00:32,91282CLG4,TSRYS5860824,D,S,T,2024-08-27,5000000.00,3.765042,99.95703125
08:00:32,91282CLG4,TSRYS5860824,D,S,T,2024-08-27,2000000.00,3.765042,99.95703125
08:00:32,91282CLG4,TSRYS5860824,D,S,T,2024-08-27,1000000.00,3.766447,99.953125
08:00:32,91282CLG4,TSRYS5860824,D,S,T,2024-08-27,10000000.00,3.766447,99.953125
08:00:32,91282CLG4,TSRYS5860824,D,S,T,2024-08-27,1000000.00,3.766447,99.953125
08:00:32,91282CLG4,TSRYS5860824,D,S,T,2024-08-27,2000000.00,3.766447,99.953125
08:00:32,91282CLG4,TSRYS5860824,D,S,T,2024-08-27,1000000.00,3.766447,99.953125
08:00:32,91282CLG4,TSRYS5860824,D,S,T,2024-08-27,1000000.00,3.767852,99.94921875
08:00:32,91282CLG4,TSRYS5860824,D,S,T,2024-08-27,1000000.00,3.767852,99.94921875
08:00:32,91282CLG4,TSRYS5860824,D,S,T,2024-08-27,1000000.00,3.767852,99.94921875
08:00:32,91282CLG4,TSRYS5860824,D,S,T,2024-08-27,1000000.00,3.767852,99.94921875
08:00:32,91282CLG4,TSRYS5860824,D,S,T,2024-08-27,1000000.00,3.767852,99.94921875
08:00:32,91282CLG4,TSRYS5860824,D,S,T,2024-08-27,1000000.00,3.767852,99.94921875
08:00:32,91282CLG4,TSRYS5860824,D,S,T,2024-08-27,1000000.00,3.767852,99.94921875
08:00:32,91282CLG4,TSRYS5860824,D,S,T,2024-08-27,1000000.00,3.767852,99.94921875
08:00:32,91282CLG4,TSRYS5860824,D,S,T,2024-08-27,1000000.00,3.766447,99.953125
08:00:32,91282CLG4,TSRYS5860824,D,S,T,2024-08-27,1000000.00,3.767852,99.94921875
08:00:32,91282CLG4,TSRYS5860824,D,S,T,2024-08-27,1000000.00,3.767852,99.94921875
08:00:32,91282CLG4,TSRYS5860824,D,S,T,2024-08-27,1000000.00,3.763637,99.9609375
08:00:32,91282CLG4,TSRYS5860824,D,S,T,2024-08-27,1000000.00,3.763637,99.9609375
08:00:32,91282CLG4,TSRYS5860824,D,S,T,2024-08-27,1000000.00,3.762232,99.96484375
08:00:32,91282CLG4,TSRYS5860824,D,S,T,2024-08-27,1000000.00,3.762232,99.96484375
08:00:32,91282CLG4,TSRYS5860824,D,S,T,2024-08-27,1000000.00,3.762232,99.96484375
08:00:32,91282CLG4,TSRYS5860824,D,S,T,2024-08-27,1000000.00,3.762232,99.96484375
08:00:32,91282CLG4,TSRYS5860824,D,S,T,2024-08-27,1000000.00,3.762232,99.96484375
08:00:32,91282CLG4,TSRYS5860824,D,S,T,2024-08-27,1000000.00,3.762232,99.96484375
08:00:32,91282CLG4,TSRYS5860824,D,S,T,2024-08-27,1000000.00,3.762232,99.96484375
08:00:32,91282CLG4,TSRYS5860824,D,S,T,2024-08-27,1000000.00,3.762232,99.96484375
08:00:32,91282CLG4,TSRYS5860824,D,S,T,2024-08-27,1000000.00,3.763637,99.9609375
08:00:32,91282CLG4,TSRYS5860824,D,S,T,2024-08-27,1000000.00,3.763637,99.9609375
08:00:32,91282CLG4,TSRYS5860824,D,S,T,2024-08-27,1000000.00,3.763637,99.9609375
08:00:32,91282CLG4,TSRYS5860824,D,S,T,2024-08-27,1000000.00,3.763637,99.9609375
08:00:32,91282CLG4,TSRYS5860824,D,S,T,2024-08-27,1000000.00,3.763637,99.9609375
08:00:32,91282CLG4,TSRYS5860824,D,S,T,2024-08-27,1000000.00,3.762934,99.962890625
08:00:32,91282CLG4,TSRYS5860824,D,S,T,2024-08-27,1000000.00,3.765042,99.95703125
08:00:32,91282CLG4,TSRYS5860824,D,S,T,2024-08-27,1000000.00,3.763637,99.9609375
08:00:32,91282CLG4,TSRYS5860824,D,S,T,2024-08-27,1000000.00,3.763637,99.9609375
08:00:32,91282CLG4,TSRYS5860824,D,S,T,2024-08-27,1000000.00,3.763637,99.9609375
08:00:32,91282CLG4,TSRYS5860824,D,S,T,2024-08-27,1000000.00,3.763637,99.9609375
08:00:32,91282CLG4,TSRYS5860824,D,S,T,2024-08-27,1000000.00,3.763637,99.9609375
08:00:32,91282CLG4,TSRYS5860824,D,S,T,2024-08-27,1000000.00,3.763637,99.9609375
08:00:32,91282CLG4,TSRYS5860824,D,S,T,2024-08-27,1000000.00,3.763637,99.9609375
08:00:32,91282CLG4,TSRYS5860824,D,S,T,2024-08-27,1000000.00,3.763637,99.9609375
08:00:32,91282CLG4,TSRYS5860824,D,S,T,2024-08-27,1000000.00,3.763637,99.9609375
08:00:32,91282CLG4,TSRYS5860824,D,S,T,2024-08-27,1000000.00,3.763637,99.9609375
08:00:32,91282CLG4,TSRYS5860824,D,S,T,2024-08-27,1000000.00,3.763637,99.9609375
08:00:32,91282CLG4,TSRYS5860824,D,S,T,2024-08-27,1000000.00,3.763637,99.9609375
08:00:32,91282CLG4,TSRYS5860824,D,S,T,2024-08-27,1000000.00,3.763637,99.9609375
08:00:32,91282CLG4,TSRYS5860824,D,S,T,2024-08-27,1000000.00,3.763637,99.9609375
08:00:32,91282CLG4,TSRYS5860824,D,S,T,2024-08-27,1000000.00,3.763637,99.9609375
08:00:32,91282CLG4,TSRYS5860824,D,S,T,2024-08-27,1000000.00,3.763637,99.9609375
08:00:32,91282CLG4,TSRYS5860824,D,S,T,2024-08-27,2000000.00,3.763637,99.9609375
08:00:32,91282CLG4,TSRYS5860824,D,S,T,2024-08-27,2000000.00,3.763637,99.9609375
08:00:32,91282CLG4,TSRYS5860824,D,S,T,2024-08-27,1000000.00,3.763637,99.9609375
08:00:32,91282CLG4,TSRYS5860824,D,S,T,2024-08-27,2000000.00,3.763637,99.9609375
08:00:32,91282CLG4,TSRYS5860824,D,S,T,2024-08-27,1000000.00,3.763637,99.9609375
08:00:32,91282CLG4,TSRYS5860824,D,S,T,2024-08-27,1000000.00,3.763637,99.9609375
08:00:32,91282CLG4,TSRYS5860824,D,S,D,2024-08-27,1000000.00,3.756612,99.98046875
08:00:32,91282CLG4,TSRYS5860824,D,S,D,2024-08-27,1000000.00,3.756612,99.98046875
08:00:32,91282CLG4,TSRYS5860824,D,S,D,2024-08-27,1000000.00,3.756612,99.98046875
08:00:32,91282CLG4,TSRYS5860824,D,S,T,2024-08-27,1000000.00,3.763637,99.9609375
08:00:32,91282CLG4,TSRYS5860824,D,S,T,2024-08-27,1000000.00,3.763637,99.9609375
08:00:32,91282CLG4,TSRYS5860824,D,S,T,2024-08-27,1000000.00,3.763637,99.9609375
08:00:32,91282CLG4,TSRYS5860824,D,S,T,2024-08-27,1000000.00,3.763637,99.9609375
08:00:32,91282CLG4,TSRYS5860824,D,S,T,2024-08-27,1000000.00,3.763637,99.9609375
08:00:32,91282CLG4,TSRYS5860824,D,S,T,2024-08-27,1000000.00,3.762232,99.96484375
08:00:32,91282CLG4,TSRYS5860824,D,S,T,2024-08-27,2000000.00,3.763637,99.9609375
08:00:32,91282CLG4,TSRYS5860824,D,S,T,2024-08-27,2000000.00,3.763637,99.9609375
08:00:32,91282CLG4,TSRYS5860824,D,S,T,2024-08-27,1000000.00,3.763637,99.9609375
08:00:32,91282CLG4,TSRYS5860824,D,S,T,2024-08-27,1000000.00,3.763637,99.9609375
08:00:32,91282CLG4,TSRYS5860824,D,S,T,2024-08-27,1000000.00,3.763637,99.9609375
08:00:32,91282CLG4,TSRYS5860824,D,S,T,2024-08-27,1000000.00,3.763637,99.9609375
08:00:32,91282CLG4,TSRYS5860824,D,S,T,2024-08-27,1000000.00,3.763637,99.9609375
08:00:32,91282CLG4,TSRYS5860824,D,S,T,2024-08-27,1000000.00,3.763637,99.9609375
08:00:32,91282CLG4,TSRYS5860824,D,S,T,2024-08-27,1000000.00,3.763637,99.9609375
08:00:32,91282CLG4,TSRYS5860824,D,S,T,2024-08-27,1000000.00,3.763637,99.9609375
08:00:32,91282CLG4,TSRYS5860824,D,S,T,2024-08-27,2000000.00,3.763637,99.9609375
08:00:32,91282CLG4,TSRYS5860824,D,S,T,2024-08-27,1000000.00,3.763637,99.9609375
08:00:32,91282CLG4,TSRYS5860824,D,S,T,2024-08-27,1000000.00,3.763637,99.9609375
08:00:32,91282CLG4,TSRYS5860824,D,S,T,2024-08-27,1000000.00,3.763637,99.9609375
08:00:32,91282CLG4,TSRYS5860824,D,S,T,2024-08-27,1000000.00,3.763637,99.9609375
08:00:32,91282CLG4,TSRYS5860824,D,S,T,2024-08-27,1000000.00,3.762232,99.96484375
08:00:32,91282CLG4,TSRYS5860824,D,B,A,2024-08-27,200000.00,3.759422,99.972656
08:00:32,91282CLG4,TSRYS5860824,D,S,T,2024-08-27,1000000.00,3.762232,99.96484375
08:00:32,91282CLG4,TSRYS5860824,D,S,T,2024-08-27,1000000.00,3.762232,99.96484375
08:00:32,91282CLG4,TSRYS5860824,D,S,T,2024-08-27,1000000.00,3.765042,99.95703125
08:00:32,91282CLG4,TSRYS5860824,D,S,T,2024-08-27,1000000.00,3.765042,99.95703125
08:00:32,91282CLG4,TSRYS5860824,D,S,T,2024-08-27,1000000.00,3.766447,99.953125
08:00:32,91282CLG4,TSRYS5860824,D,S,T,2024-08-27,1000000.00,3.766447,99.953125
08:00:32,91282CLG4,TSRYS5860824,D,S,T,2024-08-27,1000000.00,3.765042,99.95703125
08:00:32,91282CLG4,TSRYS5860824,D,S,T,2024-08-27,1000000.00,3.765042,99.95703125
08:00:32,91282CLG4,TSRYS5860824,D,S,T,2024-08-27,1000000.00,3.765042,99.95703125
08:00:32,91282CLG4,TSRYS5860824,D,S,T,2024-08-27,1000000.00,3.762232,99.96484375
08:00:32,91282CLG4,TSRYS5860824,D,S,T,2024-08-27,1000000.00,3.762232,99.96484375
08:00:32,91282CLG4,TSRYS5860824,D,S,T,2024-08-27,1000000.00,3.762232,99.96484375
08:00:32,91282CLG4,TSRYS5860824,D,S,T,2024-08-27,1000000.00,3.762232,99.96484375
08:00:32,91282CLG4,TSRYS5860824,D,S,T,2024-08-27,2000000.00,3.759422,99.97265625
08:00:32,91282CLG4,TSRYS5860824,D,S,T,2024-08-27,1000000.00,3.758017,99.9765625
08:00:32,91282CLG4,TSRYS5860824,D,S,T,2024-08-27,1000000.00,3.758017,99.9765625
08:00:32,91282CLG4,TSRYS5860824,D,S,T,2024-08-27,1000000.00,3.758017,99.9765625
08:00:32,91282CLG4,TSRYS5860824,D,S,T,2024-08-27,1000000.00,3.75872,99.974609375
08:00:32,91282CLG4,TSRYS5860824,D,S,T,2024-08-27,2000000.00,3.75872,99.974609375
08:00:32,91282CLG4,TSRYS5860824,D,S,T,2024-08-27,1000000.00,3.759422,99.97265625
08:00:32,91282CLG4,TSRYS5860824,D,S,T,2024-08-27,1000000.00,3.759422,99.97265625
08:00:32,91282CLG4,TSRYS5860824,D,S,T,2024-08-27,1000000.00,3.759422,99.97265625
08:00:32,91282CLG4,TSRYS5860824,D,S,T,2024-08-27,1000000.00,3.759422,99.97265625
08:00:32,91282CLG4,TSRYS5860824,D,S,D,2024-08-27,1000000.00,3.740463,100.025390625
08:00:32,91282CLG4,TSRYS5860824,D,S,D,2024-08-27,1000000.00,3.741867,100.021484375
08:00:32,91282CLG4,TSRYS5860824,D,S,D,2024-08-27,1000000.00,3.741867,100.021484375
08:00:32,91282CLG4,TSRYS5860824,D,S,D,2024-08-27,1000000.00,3.744675,100.013671875
08:00:32,91282CLG4,TSRYS5860824,D,S,D,2024-08-27,1000000.00,3.741165,100.0234375
08:00:32,91282CLG4,TSRYS5860824,D,S,D,2024-08-27,1000000.00,3.740463,100.025390625
08:00:32,91282CLG4,TSRYS5860824,D,S,D,2024-08-27,1000000.00,3.744675,100.013671875
08:00:32,91282CLG4,TSRYS5860824,D,S,D,2024-08-27,1000000.00,3.744675,100.013671875
08:00:32,91282CLG4,TSRYS5860824,D,S,D,2024-08-27,1000000.00,3.744675,100.013671875
08:00:32,91282CLG4,TSRYS5860824,D,S,D,2024-08-27,1000000.00,3.746781,100.0078125
08:00:32,91282CLG4,TSRYS5860824,D,S,D,2024-08-27,1000000.00,3.748888,100.001953125
08:00:32,91282CLG4,TSRYS5860824,D,S,D,2024-08-27,1000000.00,3.748888,100.001953125
08:00:32,91282CLG4,TSRYS5860824,D,S,D,2024-08-27,2000000.00,3.750994,99.99609375
08:00:32,91282CLG4,TSRYS5860824,D,S,D,2024-08-27,2000000.00,3.750292,99.998046875
08:00:32,91282CLG4,TSRYS5860824,D,S,D,2024-08-27,1000000.00,3.747483,100.005859375
08:00:32,91282CLG4,TSRYS5860824,D,S,D,2024-08-27,1000000.00,3.747483,100.005859375
08:00:32,91282CLG4,TSRYS5860824,D,S,D,2024-08-27,2000000.00,3.746781,100.0078125
08:00:32,91282CLG4,TSRYS5860824,D,S,D,2024-08-27,1000000.00,3.75872,99.974609375
08:00:32,91282CLG4,TSRYS5860824,D,S,D,2024-08-27,1000000.00,3.75872,99.974609375
08:00:32,91282CLG4,TSRYS5860824,D,S,D,2024-08-27,1000000.00,3.760124,99.970703125
08:00:32,91282CLG4,TSRYS5860824,D,S,D,2024-08-27,1000000.00,3.760124,99.970703125
08:00:32,91282CLG4,TSRYS5860824,D,S,D,2024-08-27,1000000.00,3.760124,99.970703125
08:00:32,91282CLG4,TSRYS5860824,D,S,D,2024-08-27,1000000.00,3.760124,99.970703125
08:00:32,91282CLG4,TSRYS5860824,D,S,D,2024-08-27,1000000.00,3.759422,99.97265625
08:00:32,91282CLG4,TSRYS5860824,D,S,D,2024-08-27,2000000.00,3.758017,99.9765625
08:00:32,91282CLG4,TSRYS5860824,D,S,D,2024-08-27,2000000.00,3.762232,99.96484375
08:00:33,91282CLG4,TSRYS5860824,D,S,D,2024-08-27,1000000.00,3.760827,99.96875
08:00:34,91282CLG4,TSRYS5860824,D,S,A,2024-08-27,3000000.00,3.738318,100.03125
08:00:34,91282CLG4,TSRYS5860824,D,S,C,2024-08-27,14040000.00,3.765042,99.95703125
08:00:34,91282CLG4,TSRYS5860824,D,S,D,2024-08-27,1000000.00,3.739761,100.02734375
08:00:34,91282CLG4,TSRYS5860824,D,S,D,2024-08-27,1000000.00,3.750994,99.99609375
08:00:34,91282CLG4,TSRYS5860824,D,S,D,2024-08-27,1000000.00,3.750994,99.99609375
08:00:34,91282CLG4,TSRYS5860824,D,S,D,2024-08-27,1000000.00,3.74959,100.0
08:00:34,91282CLG4,TSRYS5860824,D,S,D,2024-08-27,1000000.00,3.750994,99.99609375
08:00:34,91282CLG4,TSRYS5860824,D,S,D,2024-08-27,1000000.00,3.74959,100.0
08:00:34,91282CLG4,TSRYS5860824,D,S,D,2024-08-27,1000000.00,3.750994,99.99609375
08:00:34,91282CLG4,TSRYS5860824,D,S,D,2024-08-27,1000000.00,3.748186,100.00390625
08:00:34,91282CLG4,TSRYS5860824,D,S,D,2024-08-27,1000000.00,3.748186,100.00390625
08:00:34,91282CLG4,TSRYS5860824,D,B,C,2024-08-27,200000.00,3.752399,99.9921875
08:00:34,91282CLG4,TSRYS5860824,D,S,D,2024-08-27,1000000.00,3.748186,100.00390625
08:00:34,91282CLG4,TSRYS5860824,D,S,D,2024-08-27,1000000.00,3.752399,99.9921875
08:00:34,91282CLG4,TSRYS5860824,D,S,A,2024-08-27,10000000.00,3.74959,100.0
08:00:34,91282CLG4,TSRYS5860824,D,S,T,2024-08-27,1000000.00,3.755208,99.984375
08:00:34,91282CLG4,TSRYS5860824,D,S,T,2024-08-27,1000000.00,3.755208,99.984375
08:00:34,91282CLG4,TSRYS5860824,D,S,D,2024-08-27,1000000.00,3.756612,99.98046875
08:00:34,91282CLG4,TSRYS5860824,D,S,T,2024-08-27,1000000.00,3.759422,99.97265625
08:00:34,91282CLG4,TSRYS5860824,D,S,T,2024-08-27,1000000.00,3.759422,99.97265625
08:00:35,91282CLG4,TSRYS5860824,D,S,D,2024-08-27,1000000.00,3.763637,99.9609375
08:00:35,91282CLG4,TSRYS5860824,D,S,T,2024-08-27,1000000.00,3.765042,99.95703125
08:00:35,91282CLG4,TSRYS5860824,D,S,D,2024-08-27,1000000.00,3.765042,99.95703125
08:00:35,91282CLG4,TSRYS5860824,D,S,A,2024-08-27,187000.00,3.766447,99.953125
08:00:35,91282CLG4,TSRYS5860824,D,S,C,2024-08-27,66000000.00,3.766447,99.953125
08:00:35,91282CLG4,TSRYS5860824,D,S,T,2024-08-27,1000000.00,3.766447,99.953125
08:00:35,91282CLG4,TSRYS5860824,D,S,T,2024-08-27,1000000.00,3.766447,99.953125
08:00:35,91282CLG4,TSRYS5860824,D,S,A,2024-08-27,20144800.00,3.767852,99.94921875
08:00:35,91282CLG4,TSRYS5860824,D,S,T,2024-08-27,1000000.00,3.766447,99.953125
08:00:35,91282CLG4,TSRYS5860824,D,S,D,2024-08-27,1000000.00,3.763637,99.9609375
08:00:35,91282CLG4,TSRYS5860824,D,S,D,2024-08-27,2000000.00,3.763637,99.9609375
08:00:35,91282CLG4,TSRYS5860824,D,S,D,2024-08-27,1000000.00,3.7625,99.9640986432
08:00:35,91282CLG4,TSRYS5860824,D,S,D,2024-08-27,1000000.00,3.763637,99.9609375
08:00:35,91282CLG4,TSRYS5860824,D,S,D,2024-08-27,1000000.00,3.7625,99.9640986432
08:00:35,91282CLG4,TSRYS5860824,D,S,D,2024-08-27,1000000.00,3.7625,99.9640986432
08:00:35,91282CLG4,TSRYS5860824,D,S,D,2024-08-27,1000000.00,3.763637,99.9609375
08:00:35,91282CLG4,TSRYS5860824,D,S,D,2024-08-27,1000000.00,3.763637,99.9609375
08:00:35,91282CLG4,TSRYS5860824,D,S,D,2024-08-27,1000000.00,3.763637,99.9609375
08:00:35,91282CLG4,TSRYS5860824,D,S,D,2024-08-27,1000000.00,3.763637,99.9609375
08:00:35,91282CLG4,TSRYS5860824,D,S,D,2024-08-27,1000000.00,3.763637,99.9609375
08:00:35,91282CLG4,TSRYS5860824,D,S,D,2024-08-27,1000000.00,3.763637,99.9609375
08:00:35,91282CLG4,TSRYS5860824,D,S,D,2024-08-27,1000000.00,3.763637,99.9609375
08:00:35,91282CLG4,TSRYS5860824,D,S,D,2024-08-27,1000000.00,3.763637,99.9609375
08:00:35,91282CLG4,TSRYS5860824,D,S,D,2024-08-27,1000000.00,3.763637,99.9609375
08:00:35,91282CLG4,TSRYS5860824,D,S,D,2024-08-27,1000000.00,3.763637,99.9609375
08:00:35,91282CLG4,TSRYS5860824,D,S,D,2024-08-27,1000000.00,3.763637,99.9609375
08:00:35,91282CLG4,TSRYS5860824,D,S,D,2024-08-27,1000000.00,3.763637,99.9609375
08:00:35,91282CLG4,TSRYS5860824,D,S,D,2024-08-27,1000000.00,3.763637,99.9609375
08:00:35,91282CLG4,TSRYS5860824,D,S,D,2024-08-27,2000000.00,3.763637,99.9609375
08:00:35,91282CLG4,TSRYS5860824,D,S,D,2024-08-27,2000000.00,3.763637,99.9609375
08:00:35,91282CLG4,TSRYS5860824,D,S,D,2024-08-27,2000000.00,3.763637,99.9609375
08:00:35,91282CLG4,TSRYS5860824,D,S,D,2024-08-27,2000000.00,3.763637,99.9609375
08:00:35,91282CLG4,TSRYS5860824,D,S,D,2024-08-27,1000000.00,3.763637,99.9609375
08:00:35,91282CLG4,TSRYS5860824,D,S,D,2024-08-27,1000000.00,3.763637,99.9609375
08:00:35,91282CLG4,TSRYS5860824,D,S,D,2024-08-27,1000000.00,3.763637,99.9609375
08:00:35,91282CLG4,TSRYS5860824,D,S,D,2024-08-27,1000000.00,3.763637,99.9609375
08:00:35,91282CLG4,TSRYS5860824,D,S,D,2024-08-27,2000000.00,3.763637,99.9609375
08:00:35,91282CLG4,TSRYS5860824,D,S,D,2024-08-27,1000000.00,3.763637,99.9609375
08:00:35,91282CLG4,TSRYS5860824,D,S,D,2024-08-27,1000000.00,3.763637,99.9609375
08:00:35,91282CLG4,TSRYS5860824,D,S,D,2024-08-27,1000000.00,3.763637,99.9609375
08:00:35,91282CLG4,TSRYS5860824,D,S,D,2024-08-27,1000000.00,3.763637,99.9609375
08:00:35,91282CLG4,TSRYS5860824,D,S,D,2024-08-27,1000000.00,3.763637,99.9609375
08:00:35,91282CLG4,TSRYS5860824,D,S,D,2024-08-27,2000000.00,3.763637,99.9609375
08:00:35,91282CLG4,TSRYS5860824,D,S,D,2024-08-27,1000000.00,3.763637,99.9609375
08:00:35,91282CLG4,TSRYS5860824,D,S,D,2024-08-27,1000000.00,3.763637,99.9609375
08:00:35,91282CLG4,TSRYS5860824,D,S,D,2024-08-27,1000000.00,3.765042,99.95703125
08:00:35,91282CLG4,TSRYS5860824,D,S,D,2024-08-27,1000000.00,3.763637,99.9609375
08:00:35,91282CLG4,TSRYS5860824,D,S,D,2024-08-27,2000000.00,3.763637,99.9609375
08:00:35,91282CLG4,TSRYS5860824,D,S,D,2024-08-27,1000000.00,3.763637,99.9609375
08:00:35,91282CLG4,TSRYS5860824,D,S,D,2024-08-27,1000000.00,3.763637,99.9609375
08:00:35,91282CLG4,TSRYS5860824,D,S,D,2024-08-27,2000000.00,3.763637,99.9609375
08:00:35,91282CLG4,TSRYS5860824,D,S,D,2024-08-27,1000000.00,3.763637,99.9609375
08:00:35,91282CLG4,TSRYS5860824,D,S,D,2024-08-27,1000000.00,3.7625,99.9640986432
08:00:35,91282CLG4,TSRYS5860824,D,S,D,2024-08-27,300000.00,3.765042,99.95703125
08:00:35,91282CLG4,TSRYS5860824,D,S,C,2024-08-27,1555000.00,3.759422,99.97265625
08:00:36,91282CLG4,TSRYS5860824,D,S,T,2024-08-27,1000000.00,3.759422,99.97265625
08:00:37,91282CLG4,TSRYS5860824,D,S,A,2024-08-27,25000000.00,3.755208,99.984375
08:00:39,91282CLG4,TSRYS5860824,D,S,D,2024-08-27,1000000.00,3.763637,99.9609375
08:00:40,91282CLG4,TSRYS5860824,D,B,A,2024-08-27,496000.00,3.742569,100.01953125
08:00:41,91282CLG4,TSRYS5860824,D,S,T,2024-08-27,1000000.00,3.750292,99.998046875
08:00:41,91282CLG4,TSRYS5860824,D,S,T,2024-08-27,1000000.00,3.750292,99.998046875
08:00:41,91282CLG4,TSRYS5860824,D,S,T,2024-08-27,1000000.00,3.750292,99.998046875
08:00:41,91282CLG4,TSRYS5860824,D,S,T,2024-08-27,1000000.00,3.750292,99.998046875
08:00:41,91282CLG4,TSRYS5860824,D,S,T,2024-08-27,1000000.00,3.750292,99.998046875
08:00:42,91282CLG4,TSRYS5860824,D,S,D,2024-08-27,1000000.00,3.766447,99.953125
08:00:42,91282CLG4,TSRYS5860824,D,B,A,2024-08-27,215000.00,3.762232,99.96484375
08:00:43,91282CLG4,TSRYS5860824,D,S,A,2024-08-27,3200000.00,3.753803,99.98828125
08:00:44,91282CLG4,TSRYS5860824,D,S,D,2024-08-27,1000000.00,3.765042,99.95703125
08:00:44,91282CLG4,TSRYS5860824,D,S,D,2024-08-27,1000000.00,3.765042,99.95703125
08:00:45,91282CLG4,TSRYS5860824,D,S,D,2024-08-27,1000000.00,3.743973,100.015625
08:00:46,91282CLG4,TSRYS5860824,D,S,D,2024-08-27,6500000.00,3.750994,99.99609375
08:00:46,91282CLG4,TSRYS5860824,D,S,T,2024-08-27,1000000.00,3.746781,100.0078125
08:00:46,91282CLG4,TSRYS5860824,D,S,T,2024-08-27,1000000.00,3.746781,100.0078125
08:00:46,91282CLG4,TSRYS5860824,D,S,T,2024-08-27,1000000.00,3.750292,99.998046875
08:00:46,91282CLG4,TSRYS5860824,D,S,T,2024-08-27,1000000.00,3.750292,99.998046875
08:00:46,91282CLG4,TSRYS5860824,D,S,T,2024-08-27,1000000.00,3.750292,99.998046875
08:00:46,91282CLG4,TSRYS5860824,D,B,A,2024-08-27,40923600.00,3.756612,99.98046875
08:00:47,91282CLG4,TSRYS5860824,D,S,D,2024-08-27,7200000.00,3.757909,99.9768625
08:00:53,91282CLG4,TSRYS5860824,D,S,A,2024-08-27,1000000.00,3.758017,99.9765625
08:00:54,91282CLG4,TSRYS5860824,D,S,A,2024-08-27,4000000.00,3.758017,99.9765625
08:01:01,91282CLG4,TSRYS5860824,D,S,T,2024-08-27,1000000.00,3.758764,99.974484375
08:01:07,91282CLG4,TSRYS5860824,D,S,C,2024-08-27,1000000.00,3.739761,100.02734375
08:01:07,91282CLG4,TSRYS5860824,D,S,C,2024-08-27,1000000.00,3.745377,100.01171875
08:01:07,91282CLG4,TSRYS5860824,D,S,D,2024-08-27,1000000.00,3.744675,100.013671875
08:01:07,91282CLG4,TSRYS5860824,D,S,C,2024-08-27,2000000.00,3.741867,100.021484375
08:01:08,91282CLG4,TSRYS5860824,D,S,D,2024-08-27,1000000.00,3.743271,100.017578125
08:01:08,91282CLG4,TSRYS5860824,D,S,C,2024-08-27,2000000.00,3.743271,100.017578125
08:01:08,91282CLG4,TSRYS5860824,D,B,C,2024-08-27,1000000.00,3.741867,100.021484375
08:01:08,91282CLG4,TSRYS5860824,D,S,D,2024-08-27,1000000.00,3.741867,100.021484375
08:01:08,91282CLG4,TSRYS5860824,D,S,D,2024-08-27,1000000.00,3.740463,100.025390625
08:01:08,91282CLG4,TSRYS5860824,D,B,C,2024-08-27,1000000.00,3.743271,100.017578125
08:01:08,91282CLG4,TSRYS5860824,D,S,D,2024-08-27,1000000.00,3.740463,100.025390625
08:01:08,91282CLG4,TSRYS5860824,D,B,C,2024-08-27,1000000.00,3.740463,100.025390625
08:01:08,91282CLG4,TSRYS5860824,D,S,D,2024-08-27,1000000.00,3.740463,100.025390625
08:01:08,91282CLG4,TSRYS5860824,D,S,D,2024-08-27,1000000.00,3.736252,100.037109375
08:01:08,91282CLG4,TSRYS5860824,D,S,D,2024-08-27,1000000.00,3.736252,100.037109375
08:01:08,91282CLG4,TSRYS5860824,D,S,D,2024-08-27,1000000.00,3.738357,100.03125
08:01:08,91282CLG4,TSRYS5860824,D,B,C,2024-08-27,1000000.00,3.736252,100.037109375
08:01:08,91282CLG4,TSRYS5860824,D,S,D,2024-08-27,1000000.00,3.736954,100.03515625
08:01:08,91282CLG4,TSRYS5860824,D,S,D,2024-08-27,1000000.00,3.736252,100.037109375
08:01:08,91282CLG4,TSRYS5860824,D,S,D,2024-08-27,1000000.00,3.736252,100.037109375
08:01:08,91282CLG4,TSRYS5860824,D,S,D,2024-08-27,1000000.00,3.736252,100.037109375
08:01:08,91282CLG4,TSRYS5860824,D,S,D,2024-08-27,1000000.00,3.736252,100.037109375
08:01:08,91282CLG4,TSRYS5860824,D,S,D,2024-08-27,1000000.00,3.740463,100.025390625
08:01:08,91282CLG4,TSRYS5860824,D,S,D,2024-08-27,1000000.00,3.740463,100.025390625
08:01:08,91282CLG4,TSRYS5860824,D,S,D,2024-08-27,1000000.00,3.740463,100.025390625
08:01:08,91282CLG4,TSRYS5860824,D,S,D,2024-08-27,1000000.00,3.736954,100.03515625
08:01:08,91282CLG4,TSRYS5860824,D,S,D,2024-08-27,1000000.00,3.740463,100.025390625
08:01:08,91282CLG4,TSRYS5860824,D,S,C,2024-08-27,1000000.00,3.740463,100.025390625
08:01:08,91282CLG4,TSRYS5860824,D,S,D,2024-08-27,1000000.00,3.740463,100.025390625
08:01:08,91282CLG4,TSRYS5860824,D,S,D,2024-08-27,1000000.00,3.743973,100.015625
08:01:08,91282CLG4,TSRYS5860824,D,S,C,2024-08-27,1000000.00,3.739761,100.02734375
08:01:08,91282CLG4,TSRYS5860824,D,S,D,2024-08-27,1000000.00,3.740463,100.025390625
08:01:08,91282CLG4,TSRYS5860824,D,S,D,2024-08-27,1000000.00,3.742569,100.01953125
08:01:08,91282CLG4,TSRYS5860824,D,S,C,2024-08-27,1000000.00,3.746781,100.0078125
08:01:08,91282CLG4,TSRYS5860824,D,S,C,2024-08-27,1000000.00,3.747483,100.005859375
08:01:08,91282CLG4,TSRYS5860824,D,S,D,2024-08-27,1000000.00,3.752399,99.9921875
08:01:09,91282CLG4,TSRYS5860824,D,S,D,2024-08-27,1000000.00,3.752399,99.9921875
08:01:09,91282CLG4,TSRYS5860824,D,B,C,2024-08-27,1000000.00,3.752399,99.9921875
08:01:09,91282CLG4,TSRYS5860824,D,S,D,2024-08-27,1000000.00,3.750994,99.99609375
08:01:09,91282CLG4,TSRYS5860824,D,S,C,2024-08-27,1000000.00,3.752399,99.9921875
08:01:09,91282CLG4,TSRYS5860824,D,S,C,2024-08-27,1000000.00,3.74959,100.0
08:01:09,91282CLG4,TSRYS5860824,D,S,C,2024-08-27,1000000.00,3.74959,100.0
08:01:09,91282CLG4,TSRYS5860824,D,S,D,2024-08-27,1000000.00,3.750994,99.99609375
08:01:09,91282CLG4,TSRYS5860824,D,S,C,2024-08-27,1000000.00,3.74959,100.0
08:01:09,91282CLG4,TSRYS5860824,D,B,C,2024-08-27,1000000.00,3.747483,100.005859375
08:01:09,91282CLG4,TSRYS5860824,D,S,D,2024-08-27,1000000.00,3.747483,100.005859375
08:01:09,91282CLG4,TSRYS5860824,D,S,C,2024-08-27,2000000.00,3.750994,99.99609375
08:01:09,91282CLG4,TSRYS5860824,D,B,C,2024-08-27,1000000.00,3.750994,99.99609375
08:01:09,91282CLG4,TSRYS5860824,D,S,D,2024-08-27,1000000.00,3.750994,99.99609375
08:01:09,91282CLG4,TSRYS5860824,D,B,C,2024-08-27,2000000.00,3.750994,99.99609375
08:01:09,91282CLG4,TSRYS5860824,D,S,D,2024-08-27,1000000.00,3.750994,99.99609375
08:01:09,91282CLG4,TSRYS5860824,D,B,C,2024-08-27,1000000.00,3.750994,99.99609375
08:01:09,91282CLG4,TSRYS5860824,D,S,C,2024-08-27,10000000.00,3.750994,99.99609375
08:01:09,91282CLG4,TSRYS5860824,D,S,D,2024-08-27,1000000.00,3.750994,99.99609375
08:01:09,91282CLG4,TSRYS5860824,D,S,D,2024-08-27,1000000.00,3.74959,100.0
08:01:09,91282CLG4,TSRYS5860824,D,S,D,2024-08-27,2000000.00,3.748888,100.001953125
08:01:09,91282CLG4,TSRYS5860824,D,B,C,2024-08-27,2000000.00,3.748888,100.001953125
08:01:09,91282CLG4,TSRYS5860824,D,S,C,2024-08-27,1000000.00,3.754506,99.986328125
08:01:09,91282CLG4,TSRYS5860824,D,S,C,2024-08-27,1000000.00,3.754506,99.986328125
08:01:09,91282CLG4,TSRYS5860824,D,S,C,2024-08-27,1000000.00,3.753101,99.990234375
08:01:09,91282CLG4,TSRYS5860824,D,S,C,2024-08-27,1000000.00,3.753803,99.98828125
08:01:09,91282CLG4,TSRYS5860824,D,S,D,2024-08-27,1000000.00,3.750994,99.99609375
08:01:09,91282CLG4,TSRYS5860824,D,S,C,2024-08-27,1000000.00,3.74959,100.0
08:01:09,91282CLG4,TSRYS5860824,D,S,C,2024-08-27,1000000.00,3.74959,100.0
08:01:09,91282CLG4,TSRYS5860824,D,S,D,2024-08-27,1000000.00,3.750994,99.99609375
08:01:09,91282CLG4,TSRYS5860824,D,B,C,2024-08-27,1000000.00,3.747483,100.005859375
08:01:09,91282CLG4,TSRYS5860824,D,S,D,2024-08-27,1000000.00,3.747483,100.005859375
08:01:09,91282CLG4,TSRYS5860824,D,S,D,2024-08-27,1000000.00,3.747483,100.005859375
08:01:09,91282CLG4,TSRYS5860824,D,B,C,2024-08-27,1000000.00,3.747483,100.005859375
08:01:09,91282CLG4,TSRYS5860824,D,B,C,2024-08-27,1000000.00,3.747483,100.005859375
08:01:09,91282CLG4,TSRYS5860824,D,B,C,2024-08-27,1000000.00,3.747483,100.005859375
08:01:09,91282CLG4,TSRYS5860824,D,S,D,2024-08-27,1000000.00,3.747483,100.005859375
08:01:09,91282CLG4,TSRYS5860824,D,S,D,2024-08-27,1000000.00,3.747483,100.005859375
08:01:09,91282CLG4,TSRYS5860824,D,S,D,2024-08-27,1000000.00,3.747483,100.005859375
08:01:09,91282CLG4,TSRYS5860824,D,B,C,2024-08-27,1000000.00,3.747483,100.005859375
08:01:09,91282CLG4,TSRYS5860824,D,B,C,2024-08-27,1000000.00,3.747483,100.005859375
08:01:09,91282CLG4,TSRYS5860824,D,S,D,2024-08-27,1000000.00,3.747483,100.005859375
08:01:09,91282CLG4,TSRYS5860824,D,S,D,2024-08-27,1000000.00,3.748186,100.00390625
08:01:09,91282CLG4,TSRYS5860824,D,S,C,2024-08-27,1000000.00,3.748186,100.00390625
08:01:09,91282CLG4,TSRYS5860824,D,S,C,2024-08-27,1000000.00,3.748186,100.00390625
08:01:09,91282CLG4,TSRYS5860824,D,S,D,2024-08-27,1000000.00,3.748186,100.00390625
08:01:09,91282CLG4,TSRYS5860824,D,S,D,2024-08-27,1000000.00,3.748186,100.00390625
08:01:09,91282CLG4,TSRYS5860824,D,S,C,2024-08-27,1000000.00,3.751697,99.994140625
08:01:09,91282CLG4,TSRYS5860824,D,S,C,2024-08-27,1000000.00,3.748186,100.00390625
08:01:09,91282CLG4,TSRYS5860824,D,S,D,2024-08-27,1000000.00,3.752399,99.9921875
08:01:09,91282CLG4,TSRYS5860824,D,B,C,2024-08-27,2000000.00,3.754506,99.986328125
08:01:09,91282CLG4,TSRYS5860824,D,S,D,2024-08-27,2000000.00,3.754506,99.986328125
08:01:09,91282CLG4,TSRYS5860824,D,S,D,2024-08-27,1000000.00,3.74959,100.0
08:01:09,91282CLG4,TSRYS5860824,D,S,D,2024-08-27,1000000.00,3.742569,100.01953125
08:01:09,91282CLG4,TSRYS5860824,D,B,C,2024-08-27,1000000.00,3.742569,100.01953125
08:01:09,91282CLG4,TSRYS5860824,D,B,C,2024-08-27,2000000.00,3.754506,99.986328125
08:01:09,91282CLG4,TSRYS5860824,D,S,D,2024-08-27,2000000.00,3.754506,99.986328125
08:01:10,91282CLG4,TSRYS5860824,D,S,D,2024-08-27,3000000.00,3.754506,99.986328125
08:01:10,91282CLG4,TSRYS5860824,D,S,D,2024-08-27,1000000.00,3.754506,99.986328125
08:01:10,91282CLG4,TSRYS5860824,D,S,C,2024-08-27,1000000.00,3.756612,99.98046875
08:01:10,91282CLG4,TSRYS5860824,D,S,D,2024-08-27,1000000.00,3.756612,99.98046875
08:01:10,91282CLG4,TSRYS5860824,D,S,D,2024-08-27,1000000.00,3.756612,99.98046875
08:01:10,91282CLG4,TSRYS5860824,D,B,C,2024-08-27,1000000.00,3.760124,99.970703125
08:01:10,91282CLG4,TSRYS5860824,D,S,D,2024-08-27,1000000.00,3.760124,99.970703125
08:01:10,91282CLG4,TSRYS5860824,D,B,C,2024-08-27,1000000.00,3.760124,99.970703125
08:01:10,91282CLG4,TSRYS5860824,D,S,D,2024-08-27,1000000.00,3.760124,99.970703125
08:01:10,91282CLG4,TSRYS5860824,D,S,C,2024-08-27,2000000.00,3.761529,99.966796875
08:01:10,91282CLG4,TSRYS5860824,D,S,D,2024-08-27,1000000.00,3.75872,99.974609375
08:01:10,91282CLG4,TSRYS5860824,D,B,C,2024-08-27,1000000.00,3.75872,99.974609375
08:01:10,91282CLG4,TSRYS5860824,D,S,C,2024-08-27,1000000.00,3.75872,99.974609375
08:01:10,91282CLG4,TSRYS5860824,D,S,C,2024-08-27,1000000.00,3.75872,99.974609375
08:01:10,91282CLG4,TSRYS5860824,D,S,D,2024-08-27,1000000.00,3.759422,99.97265625
08:01:10,91282CLG4,TSRYS5860824,D,B,C,2024-08-27,1000000.00,3.760827,99.96875
08:01:10,91282CLG4,TSRYS5860824,D,S,D,2024-08-27,1000000.00,3.760827,99.96875
08:01:10,91282CLG4,TSRYS5860824,D,S,C,2024-08-27,1000000.00,3.75872,99.974609375
08:01:10,91282CLG4,TSRYS5860824,D,S,C,2024-08-27,3000000.00,3.759422,99.97265625
08:01:10,91282CLG4,TSRYS5860824,D,S,C,2024-08-27,1000000.00,3.757315,99.978515625
08:01:10,91282CLG4,TSRYS5860824,D,S,C,2024-08-27,1000000.00,3.760124,99.970703125
08:01:10,91282CLG4,TSRYS5860824,D,S,C,2024-08-27,1000000.00,3.760124,99.970703125
08:01:10,91282CLG4,TSRYS5860824,D,S,C,2024-08-27,1000000.00,3.763637,99.9609375
08:01:10,91282CLG4,TSRYS5860824,D,S,C,2024-08-27,1000000.00,3.765042,99.95703125
08:01:10,91282CLG4,TSRYS5860824,D,S,D,2024-08-27,1000000.00,3.765042,99.95703125
08:01:10,91282CLG4,TSRYS5860824,D,S,C,2024-08-27,1000000.00,3.76996,99.943359375
08:01:10,91282CLG4,TSRYS5860824,D,B,C,2024-08-27,1000000.00,3.76996,99.943359375
08:01:10,91282CLG4,TSRYS5860824,D,S,C,2024-08-27,1000000.00,3.765744,99.955078125
08:01:10,91282CLG4,TSRYS5860824,D,B,C,2024-08-27,1000000.00,3.765744,99.955078125
08:01:10,91282CLG4,TSRYS5860824,D,S,C,2024-08-27,1000000.00,3.767149,99.951171875
08:01:10,91282CLG4,TSRYS5860824,D,S,D,2024-08-27,1000000.00,3.767852,99.94921875
08:01:10,91282CLG4,TSRYS5860824,D,B,C,2024-08-27,1000000.00,3.767852,99.94921875
08:01:10,91282CLG4,TSRYS5860824,D,S,C,2024-08-27,1000000.00,3.768554,99.947265625
08:01:10,91282CLG4,TSRYS5860824,D,B,C,2024-08-27,1000000.00,3.767149,99.951171875
08:01:10,91282CLG4,TSRYS5860824,D,B,C,2024-08-27,1000000.00,3.768554,99.947265625
08:01:10,91282CLG4,TSRYS5860824,D,S,D,2024-08-27,1000000.00,3.767852,99.94921875
08:01:10,91282CLG4,TSRYS5860824,D,B,C,2024-08-27,1000000.00,3.767852,99.94921875
08:01:10,91282CLG4,TSRYS5860824,D,S,D,2024-08-27,2000000.00,3.767852,99.94921875
08:01:10,91282CLG4,TSRYS5860824,D,B,C,2024-08-27,2000000.00,3.767852,99.94921875
08:01:10,91282CLG4,TSRYS5860824,D,S,C,2024-08-27,1000000.00,3.764339,99.958984375
08:01:10,91282CLG4,TSRYS5860824,D,S,C,2024-08-27,1000000.00,3.763637,99.9609375
08:01:10,91282CLG4,TSRYS5860824,D,S,D,2024-08-27,2000000.00,3.762232,99.96484375
08:01:11,91282CLG4,TSRYS5860824,D,S,C,2024-08-27,2000000.00,3.762934,99.962890625
08:01:11,91282CLG4,TSRYS5860824,D,S,D,2024-08-27,1000000.00,3.763637,99.9609375
08:01:11,91282CLG4,TSRYS5860824,D,S,C,2024-08-27,1000000.00,3.763637,99.9609375
08:01:11,91282CLG4,TSRYS5860824,D,B,C,2024-08-27,1000000.00,3.763637,99.9609375
08:01:11,91282CLG4,TSRYS5860824,D,S,D,2024-08-27,4000000.00,3.739761,100.02734375
08:01:11,91282CLG4,TSRYS5860824,D,S,T,2024-08-27,1000000.00,3.764375,99.958884375
08:01:12,91282CLG4,TSRYS5860824,D,B,C,2024-08-27,1000000.00,3.764591,99.9582844
08:01:13,91282CLG4,TSRYS5860824,D,S,C,2024-08-27,20000.00,3.756938,99.979563
08:01:14,91282CLG4,TSRYS5860824,D,S,D,2024-08-27,1000000.00,3.740463,100.02539062
08:01:15,91282CLG4,TSRYS5860824,D,S,T,2024-08-27,1000000.00,3.746079,100.00976562
08:01:15,91282CLG4,TSRYS5860824,D,S,D,2024-08-27,2000000.00,3.743973,100.015625
08:01:15,91282CLG4,TSRYS5860824,D,S,D,2024-08-27,1000000.00,3.741867,100.02148437
08:01:16,91282CLG4,TSRYS5860824,D,S,T,2024-08-27,1000000.00,3.741867,100.02148437
08:01:16,91282CLG4,TSRYS5860824,D,S,T,2024-08-27,2000000.00,3.746079,100.00976562
08:01:16,91282CLG4,TSRYS5860824,D,S,T,2024-08-27,1000000.00,3.741867,100.02148437
08:01:16,91282CLG4,TSRYS5860824,D,S,C,2024-08-27,1000000.00,3.746079,100.00976562
08:01:16,91282CLG4,TSRYS5860824,D,S,D,2024-08-27,1000000.00,3.740463,100.02539062
08:01:17,91282CLG4,TSRYS5860824,D,S,A,2024-08-27,84000000.00,3.764921,99.95736625
08:01:17,91282CLG4,TSRYS5860824,D,S,D,2024-08-27,2000000.00,3.743973,100.015625
08:01:17,91282CLG4,TSRYS5860824,D,B,C,2024-08-27,2000000.00,3.742569,100.01953125
08:01:17,91282CLG4,TSRYS5860824,D,B,C,2024-08-27,4000000.00,3.746079,100.00976562
08:01:17,91282CLG4,TSRYS5860824,D,B,C,2024-08-27,1000000.00,3.748888,100.00195312
08:01:17,91282CLG4,TSRYS5860824,D,B,C,2024-08-27,1000000.00,3.748888,100.00195312
08:01:17,91282CLG4,TSRYS5860824,D,B,C,2024-08-27,1000000.00,3.750994,99.99609375
08:01:17,91282CLG4,TSRYS5860824,D,B,C,2024-08-27,1000000.00,3.752399,99.9921875
08:01:17,91282CLG4,TSRYS5860824,D,B,C,2024-08-27,1000000.00,3.750994,99.99609375
08:01:17,91282CLG4,TSRYS5860824,D,B,C,2024-08-27,1000000.00,3.752399,99.9921875
08:01:17,91282CLG4,TSRYS5860824,D,B,C,2024-08-27,1000000.00,3.752399,99.9921875
08:01:17,91282CLG4,TSRYS5860824,D,B,C,2024-08-27,1000000.00,3.752399,99.9921875
08:01:17,91282CLG4,TSRYS5860824,D,B,C,2024-08-27,1000000.00,3.750292,99.99804687
08:01:17,91282CLG4,TSRYS5860824,D,B,C,2024-08-27,1000000.00,3.752399,99.9921875
08:01:17,91282CLG4,TSRYS5860824,D,B,C,2024-08-27,1000000.00,3.750994,99.99609375
08:01:17,91282CLG4,TSRYS5860824,D,B,C,2024-08-27,1000000.00,3.750292,99.99804687
08:01:18,91282CLG4,TSRYS5860824,D,B,C,2024-08-27,1000000.00,3.750292,99.99804687
08:01:18,91282CLG4,TSRYS5860824,D,B,C,2024-08-27,2000000.00,3.750292,99.99804687
08:01:18,91282CLG4,TSRYS5860824,D,S,D,2024-08-27,1000000.00,3.740463,100.02539062
08:01:18,91282CLG4,TSRYS5860824,D,S,D,2024-08-27,1000000.00,3.740463,100.02539062
08:01:18,91282CLG4,TSRYS5860824,D,S,C,2024-08-27,75000.00,3.756938,99.979563
08:01:18,91282CLG4,TSRYS5860824,D,S,D,2024-08-27,2000000.00,3.741867,100.02148437
08:01:18,91282CLG4,TSRYS5860824,D,S,D,2024-08-27,3000000.00,3.740463,100.02539062
08:01:18,91282CLG4,TSRYS5860824,D,S,D,2024-08-27,1000000.00,3.763637,99.9609375
08:01:18,91282CLG4,TSRYS5860824,D,S,C,2024-08-27,2000000.00,3.746079,100.00976562
08:01:19,91282CLG4,TSRYS5860824,D,S,T,2024-08-27,1000000.00,3.741867,100.02148437
08:01:19,91282CLG4,TSRYS5860824,D,S,T,2024-08-27,3000000.00,3.740463,100.02539062
08:01:19,91282CLG4,TSRYS5860824,D,B,C,2024-08-27,1000000.00,3.766447,99.953125
08:01:19,91282CLG4,TSRYS5860824,D,S,D,2024-08-27,1000000.00,3.766447,99.953125
08:01:19,91282CLG4,TSRYS5860824,D,S,T,2024-08-27,1000000.00,3.746835,100.0076625
08:01:19,91282CLG4,TSRYS5860824,D,S,D,2024-08-27,1000000.00,3.765042,99.95703125
08:01:19,91282CLG4,TSRYS5860824,D,B,C,2024-08-27,1000000.00,3.736252,100.03710937
08:01:19,91282CLG4,TSRYS5860824,D,S,D,2024-08-27,1000000.00,3.765042,99.95703125
08:01:19,91282CLG4,TSRYS5860824,D,S,C,2024-08-27,1000000.00,3.748186,100.00390625
08:01:19,91282CLG4,TSRYS5860824,D,S,T,2024-08-27,2000000.00,3.750994,99.99609375
08:01:19,91282CLG4,TSRYS5860824,D,S,T,2024-08-27,1000000.00,3.746781,100.0078125
08:01:19,91282CLG4,TSRYS5860824,D,S,T,2024-08-27,1000000.00,3.746781,100.0078125
08:01:19,91282CLG4,TSRYS5860824,D,S,D,2024-08-27,3000000.00,3.743973,100.015625
08:01:20,91282CLG4,TSRYS5860824,D,S,D,2024-08-27,1000000.00,3.740463,100.02539062
08:01:20,91282CLG4,TSRYS5860824,D,S,T,2024-08-27,1000000.00,3.746079,100.00976562
08:01:20,91282CLG4,TSRYS5860824,D,S,A,2024-08-27,1589000.00,3.76225,99.96484375
08:01:20,91282CLG4,TSRYS5860824,D,S,D,2024-08-27,1000000.00,3.744675,100.013671875
08:01:20,91282CLG4,TSRYS5860824,D,S,D,2024-08-27,1000000.00,3.742569,100.01953125
08:01:20,91282CLG4,TSRYS5860824,D,S,C,2024-08-27,1000000.00,3.761529,99.966796875
08:01:20,91282CLG4,TSRYS5860824,D,S,D,2024-08-27,2000000.00,3.743973,100.015625
08:01:20,91282CLG4,TSRYS5860824,D,S,C,2024-08-27,1000000.00,3.761529,99.966796875
08:01:20,91282CLG4,TSRYS5860824,D,S,C,2024-08-27,1000000.00,3.761529,99.966796875
08:01:20,91282CLG4,TSRYS5860824,D,S,D,2024-08-27,2000000.00,3.741867,100.02148437
08:01:20,91282CLG4,TSRYS5860824,D,S,D,2024-08-27,2000000.00,3.741867,100.02148437
08:01:21,91282CLG4,TSRYS5860824,D,S,D,2024-08-27,2000000.00,3.743973,100.015625
08:01:21,91282CLG4,TSRYS5860824,D,B,C,2024-08-27,1000000.00,3.747483,100.00585937
08:01:21,91282CLG4,TSRYS5860824,D,S,D,2024-08-27,9850000.00,3.794562,99.875
08:01:21,91282CLG4,TSRYS5860824,D,S,D,2024-08-27,39300000.00,3.794562,99.875
08:01:21,91282CLG4,TSRYS5860824,D,S,D,2024-08-27,37350000.00,3.794562,99.875
08:01:21,91282CLG4,TSRYS5860824,D,B,C,2024-08-27,1000000.00,3.747483,100.00585937
08:01:21,91282CLG4,TSRYS5860824,D,S,C,2024-08-27,2000000.00,3.760124,99.970703125
08:01:21,91282CLG4,TSRYS5860824,D,B,C,2024-08-27,1000000.00,3.747483,100.00585937
08:01:21,91282CLG4,TSRYS5860824,D,S,D,2024-08-27,24550000.00,3.794562,99.875
08:01:21,91282CLG4,TSRYS5860824,D,S,C,2024-08-27,2000000.00,3.760124,99.970703125
08:01:21,91282CLG4,TSRYS5860824,D,S,T,2024-08-27,3000000.00,3.740463,100.02539062
08:01:21,91282CLG4,TSRYS5860824,D,B,C,2024-08-27,1000000.00,3.747483,100.00585937
08:01:21,91282CLG4,TSRYS5860824,D,B,C,2024-08-27,1000000.00,3.747483,100.00585937
08:01:21,91282CLG4,TSRYS5860824,D,B,C,2024-08-27,1000000.00,3.747483,100.00585937
08:01:21,91282CLG4,TSRYS5860824,D,S,T,2024-08-27,1000000.00,3.755208,99.984375
08:01:21,91282CLG4,TSRYS5860824,D,S,D,2024-08-27,1000000.00,3.754506,99.98632812
08:01:21,91282CLG4,TSRYS5860824,D,S,T,2024-08-27,1000000.00,3.755208,99.984375
08:01:21,91282CLG4,TSRYS5860824,D,S,T,2024-08-27,2000000.00,3.755208,99.984375
08:01:22,91282CLG4,TSRYS5860824,D,S,D,2024-08-27,2000000.00,3.755208,99.984375
08:01:22,91282CLG4,TSRYS5860824,D,S,T,2024-08-27,1000000.00,3.755262,99.984225
08:01:22,91282CLG4,TSRYS5860824,D,S,T,2024-08-27,2000000.00,3.755208,99.984375
08:01:22,91282CLG4,TSRYS5860824,D,S,D,2024-08-27,2000000.00,3.755208,99.984375
08:01:22,91282CLG4,TSRYS5860824,D,S,T,2024-08-27,2000000.00,3.755208,99.984375
08:01:22,91282CLG4,TSRYS5860824,D,S,T,2024-08-27,2000000.00,3.755208,99.984375
08:01:22,91282CLG4,TSRYS5860824,D,S,T,2024-08-27,3000000.00,3.755208,99.984375
08:01:22,91282CLG4,TSRYS5860824,D,S,T,2024-08-27,2000000.00,3.755208,99.984375
08:01:22,91282CLG4,TSRYS5860824,D,S,D,2024-08-27,1000000.00,3.748186,100.00390625
08:01:22,91282CLG4,TSRYS5860824,D,S,A,2024-08-27,26000000.00,3.74959,100.0
08:01:22,91282CLG4,TSRYS5860824,D,S,T,2024-08-27,1000000.00,3.743973,100.015625
08:01:23,91282CLG4,TSRYS5860824,D,S,D,2024-08-27,1000000.00,3.740463,100.02539062
08:01:23,91282CLG4,TSRYS5860824,D,S,A,2024-08-27,8150000.00,3.750966,99.99609375
08:01:23,91282CLG4,TSRYS5860824,D,S,T,2024-08-27,1000000.00,3.748186,100.00390625
08:01:24,91282CLG4,TSRYS5860824,D,S,C,2024-08-27,1000000.00,3.746079,100.00976562
08:01:24,91282CLG4,TSRYS5860824,D,S,T,2024-08-27,1000000.00,3.767852,99.94921875
08:01:24,91282CLG4,TSRYS5860824,D,S,T,2024-08-27,2000000.00,3.740463,100.02539062
08:01:24,91282CLG4,TSRYS5860824,D,S,C,2024-08-27,1000000.00,3.746079,100.00976562
08:01:24,91282CLG4,TSRYS5860824,D,S,T,2024-08-27,1000000.00,3.765042,99.95703125
08:01:24,91282CLG4,TSRYS5860824,D,S,T,2024-08-27,3000000.00,3.765087,99.95690625
08:01:24,91282CLG4,TSRYS5860824,D,S,T,2024-08-27,2000000.00,3.740463,100.02539062
08:01:24,91282CLG4,TSRYS5860824,D,S,T,2024-08-27,1000000.00,3.765123,99.95680425
08:01:24,91282CLG4,TSRYS5860824,D,S,D,2024-08-27,1000000.00,3.740463,100.02539062
08:01:25,91282CLG4,TSRYS5860824,D,S,D,2024-08-27,1000000.00,3.748186,100.00390625
08:01:25,91282CLG4,TSRYS5860824,D,S,D,2024-08-27,1000000.00,3.743973,100.015625
08:01:25,91282CLG4,TSRYS5860824,D,S,D,2024-08-27,2000000.00,3.741867,100.02148437
08:01:25,91282CLG4,TSRYS5860824,D,S,D,2024-08-27,1000000.00,3.743973,100.015625
08:01:25,91282CLG4,TSRYS5860824,D,S,T,2024-08-27,1000000.00,3.741867,100.02148437
08:01:25,91282CLG4,TSRYS5860824,D,S,A,2024-08-27,404000.00,3.74959,100.0
08:01:26,91282CLG4,TSRYS5860824,D,S,T,2024-08-27,1000000.00,3.741867,100.02148437
08:01:27,91282CLG4,TSRYS5860824,D,B,C,2024-08-27,1000000.00,3.748888,100.00195312
08:01:27,91282CLG4,TSRYS5860824,D,B,C,2024-08-27,1000000.00,3.748888,100.00195312
08:01:27,91282CLG4,TSRYS5860824,D,S,T,2024-08-27,1000000.00,3.767888,99.94911875
08:01:27,91282CLG4,TSRYS5860824,D,B,A,2024-08-27,1000000.00,3.767852,99.94921875
08:01:27,91282CLG4,TSRYS5860824,D,B,A,2024-08-27,1200000.00,3.769257,99.9453125
08:01:27,91282CLG4,TSRYS5860824,D,S,D,2024-08-27,1000000.00,3.740463,100.025390625
08:01:27,91282CLG4,TSRYS5860824,D,S,D,2024-08-27,1000000.00,3.740463,100.025390625
08:01:28,91282CLG4,TSRYS5860824,D,S,D,2024-08-27,1000000.00,3.741867,100.021484375
08:01:28,91282CLG4,TSRYS5860824,D,S,T,2024-08-27,2000000.00,3.767852,99.94921875
08:01:28,91282CLG4,TSRYS5860824,D,S,D,2024-08-27,1000000.00,3.740463,100.025390625
08:01:29,91282CLG4,TSRYS5860824,D,S,C,2024-08-27,1000000.00,3.748186,100.00390625
08:01:29,91282CLG4,TSRYS5860824,D,B,C,2024-08-27,7425000.00,3.763637,99.9609375
08:01:31,91282CLG4,TSRYS5860824,D,B,C,2024-08-27,76000000.00,3.743242,100.01766
08:01:32,91282CLG4,TSRYS5860824,D,S,T,2024-08-27,1000000.00,3.740463,100.02539062
08:01:32,91282CLG4,TSRYS5860824,D,B,C,2024-08-27,2000000.00,3.739059,100.02929687
08:01:34,91282CLG4,TSRYS5860824,D,S,C,2024-08-27,1000000.00,3.740463,100.02539062
08:01:34,91282CLG4,TSRYS5860824,D,S,T,2024-08-27,1000000.00,3.741867,100.02148437
08:01:35,91282CLG4,TSRYS5860824,D,S,D,2024-08-27,1000000.00,3.741867,100.02148437
08:01:35,91282CLG4,TSRYS5860824,D,S,C,2024-08-27,40000000.00,3.742401,100.02
08:01:35,91282CLG4,TSRYS5860824,D,S,C,2024-08-27,80000000.00,3.742401,100.02
08:01:35,91282CLG4,TSRYS5860824,D,S,C,2024-08-27,80000000.00,3.742401,100.02
08:01:35,91282CLG4,TSRYS5860824,D,S,T,2024-08-27,2000000.00,3.746079,100.00976562
08:01:36,91282CLG4,TSRYS5860824,D,S,D,2024-08-27,1000000.00,3.740463,100.02539062
08:01:37,91282CLG4,TSRYS5860824,D,S,T,2024-08-27,1000000.00,3.746079,100.00976562
08:01:37,91282CLG4,TSRYS5860824,D,S,D,2024-08-27,1000000.00,3.740463,100.02539062
08:01:38,91282CLG4,TSRYS5860824,D,S,C,2024-08-27,1000000.00,3.746079,100.00976562
08:01:38,91282CLG4,TSRYS5860824,D,S,T,2024-08-27,1000000.00,3.746079,100.00976562
08:01:38,91282CLG4,TSRYS5860824,D,S,D,2024-08-27,2000000.00,3.741867,100.02148437
08:01:39,91282CLG4,TSRYS5860824,D,S,C,2024-08-27,1000000.00,3.746079,100.00976562
08:01:39,91282CLG4,TSRYS5860824,D,S,D,2024-08-27,26000000.00,3.754066,99.98755
08:01:39,91282CLG4,TSRYS5860824,D,B,A,2024-08-27,20000000.00,3.769257,99.9453125
08:01:39,91282CLG4,TSRYS5860824,D,S,T,2024-08-27,1000000.00,3.767889,99.94911675
08:01:39,91282CLG4,TSRYS5860824,D,S,T,2024-08-27,1000000.00,3.767889,99.94911675
08:01:39,91282CLG4,TSRYS5860824,D,S,T,2024-08-27,1000000.00,3.767889,99.94911675
08:01:39,91282CLG4,TSRYS5860824,D,S,T,2024-08-27,1000000.00,3.767889,99.94911675
08:01:39,91282CLG4,TSRYS5860824,D,S,T,2024-08-27,2000000.00,3.767889,99.94911675
08:01:39,91282CLG4,TSRYS5860824,D,S,T,2024-08-27,1000000.00,3.767889,99.94911675
08:01:39,91282CLG4,TSRYS5860824,D,S,T,2024-08-27,11000000.00,3.767889,99.94911675
08:01:39,91282CLG4,TSRYS5860824,D,S,T,2024-08-27,2000000.00,3.767889,99.94911675
08:01:40,91282CLG4,TSRYS5860824,D,S,T,2024-08-27,2000000.00,3.741867,100.02148437
08:01:40,91282CLG4,TSRYS5860824,D,S,D,2024-08-27,2000000.00,3.742569,100.01953125
08:01:40,91282CLG4,TSRYS5860824,D,S,D,2024-08-27,1000000.00,3.742569,100.01953125
08:01:40,91282CLG4,TSRYS5860824,D,S,D,2024-08-27,1000000.00,3.742569,100.01953125
08:01:40,91282CLG4,TSRYS5860824,D,S,D,2024-08-27,2000000.00,3.742569,100.01953125
08:01:40,91282CLG4,TSRYS5860824,D,S,T,2024-08-27,1000000.00,3.742641,100.01933125
08:01:40,91282CLG4,TSRYS5860824,D,S,T,2024-08-27,1000000.00,3.742641,100.01933125
08:01:40,91282CLG4,TSRYS5860824,D,S,T,2024-08-27,2000000.00,3.743973,100.015625
08:01:40,91282CLG4,TSRYS5860824,D,S,T,2024-08-27,1000000.00,3.743973,100.015625
08:01:40,91282CLG4,TSRYS5860824,D,S,T,2024-08-27,1000000.00,3.744045,100.015425
08:01:40,91282CLG4,TSRYS5860824,D,S,D,2024-08-27,1000000.00,3.743973,100.015625
08:01:40,91282CLG4,TSRYS5860824,D,S,D,2024-08-27,1000000.00,3.743973,100.015625
08:01:40,91282CLG4,TSRYS5860824,D,S,D,2024-08-27,2000000.00,3.743973,100.015625
08:01:40,91282CLG4,TSRYS5860824,D,S,D,2024-08-27,1000000.00,3.743973,100.015625
08:01:40,91282CLG4,TSRYS5860824,D,S,D,2024-08-27,1000000.00,3.743973,100.015625
08:01:40,91282CLG4,TSRYS5860824,D,S,C,2024-08-27,1000000.00,3.743973,100.015625
08:01:40,91282CLG4,TSRYS5860824,D,S,C,2024-08-27,2000000.00,3.743973,100.015625
08:01:40,91282CLG4,TSRYS5860824,D,S,C,2024-08-27,1000000.00,3.743973,100.015625
08:01:40,91282CLG4,TSRYS5860824,D,S,C,2024-08-27,2000000.00,3.743973,100.015625
08:01:40,91282CLG4,TSRYS5860824,D,S,C,2024-08-27,1000000.00,3.743973,100.015625
08:01:41,91282CLG4,TSRYS5860824,D,S,C,2024-08-27,2000000.00,3.743973,100.015625
08:01:41,91282CLG4,TSRYS5860824,D,S,C,2024-08-27,2000000.00,3.743973,100.015625
08:01:41,91282CLG4,TSRYS5860824,D,S,D,2024-08-27,1000000.00,3.743973,100.015625
08:01:41,91282CLG4,TSRYS5860824,D,S,D,2024-08-27,2000000.00,3.743973,100.015625
08:01:41,91282CLG4,TSRYS5860824,D,S,D,2024-08-27,1000000.00,3.743973,100.015625
08:01:41,91282CLG4,TSRYS5860824,D,S,D,2024-08-27,2000000.00,3.743973,100.015625
08:01:41,91282CLG4,TSRYS5860824,D,S,T,2024-08-27,1000000.00,3.743973,100.015625
08:01:41,91282CLG4,TSRYS5860824,D,S,T,2024-08-27,1000000.00,3.743973,100.015625
08:01:41,91282CLG4,TSRYS5860824,D,S,T,2024-08-27,1000000.00,3.744045,100.015425
08:01:41,91282CLG4,TSRYS5860824,D,S,T,2024-08-27,1000000.00,3.743973,100.015625
08:01:41,91282CLG4,TSRYS5860824,D,S,D,2024-08-27,1000000.00,3.736252,100.037109375
08:01:41,91282CLG4,TSRYS5860824,D,S,T,2024-08-27,1000000.00,3.743973,100.015625
08:01:41,91282CLG4,TSRYS5860824,D,S,D,2024-08-27,2000000.00,3.748888,100.00195312
08:01:41,91282CLG4,TSRYS5860824,D,S,D,2024-08-27,1000000.00,3.748888,100.00195312
08:01:41,91282CLG4,TSRYS5860824,D,S,D,2024-08-27,1000000.00,3.740463,100.025390625
08:01:42,91282CLG4,TSRYS5860824,D,S,D,2024-08-27,2000000.00,3.753101,99.99023437
08:01:42,91282CLG4,TSRYS5860824,D,S,D,2024-08-27,1000000.00,3.753101,99.99023437
08:01:42,91282CLG4,TSRYS5860824,D,S,D,2024-08-27,2000000.00,3.753101,99.99023437
08:01:42,91282CLG4,TSRYS5860824,D,S,D,2024-08-27,2000000.00,3.742569,100.01953125
08:01:42,91282CLG4,TSRYS5860824,D,S,D,2024-08-27,2000000.00,3.742569,100.01953125
08:01:42,91282CLG4,TSRYS5860824,D,S,D,2024-08-27,2000000.00,3.742569,100.01953125
08:01:42,91282CLG4,TSRYS5860824,D,S,D,2024-08-27,2000000.00,3.742569,100.01953125
08:01:43,91282CLG4,TSRYS5860824,D,S,C,2024-08-27,2000000.00,3.75591,99.98242187
08:01:43,91282CLG4,TSRYS5860824,D,S,C,2024-08-27,2000000.00,3.75591,99.98242187
08:01:43,91282CLG4,TSRYS5860824,D,S,T,2024-08-27,1000000.00,3.74959,100.0
08:01:43,91282CLG4,TSRYS5860824,D,S,C,2024-08-27,1000000.00,3.75591,99.98242187
08:01:44,91282CLG4,TSRYS5860824,D,S,T,2024-08-27,1000000.00,3.74959,100.0
08:01:44,91282CLG4,TSRYS5860824,D,S,C,2024-08-27,2000000.00,3.75591,99.98242187
08:01:44,91282CLG4,TSRYS5860824,D,S,T,2024-08-27,3000000.00,3.74959,100.0
08:01:44,91282CLG4,TSRYS5860824,D,S,T,2024-08-27,1000000.00,3.75591,99.98242187
08:01:44,91282CLG4,TSRYS5860824,D,S,T,2024-08-27,1000000.00,3.74959,100.0
08:01:44,91282CLG4,TSRYS5860824,D,S,T,2024-08-27,2000000.00,3.74959,100.0
08:01:44,91282CLG4,TSRYS5860824,D,S,T,2024-08-27,2000000.00,3.74959,100.0
08:01:44,91282CLG4,TSRYS5860824,D,S,D,2024-08-27,1000000.00,3.75872,99.97460937
08:01:44,91282CLG4,TSRYS5860824,D,S,C,2024-08-27,1000000.00,3.75872,99.97460937
08:01:44,91282CLG4,TSRYS5860824,D,S,D,2024-08-27,2000000.00,3.746079,100.009765625
08:01:44,91282CLG4,TSRYS5860824,D,S,D,2024-08-27,1000000.00,3.746079,100.009765625
08:01:44,91282CLG4,TSRYS5860824,D,S,D,2024-08-27,1000000.00,3.746079,100.009765625
08:01:44,91282CLG4,TSRYS5860824,D,S,D,2024-08-27,1000000.00,3.746079,100.009765625
08:01:44,91282CLG4,TSRYS5860824,D,S,D,2024-08-27,2000000.00,3.746079,100.009765625
08:01:44,91282CLG4,TSRYS5860824,D,S,D,2024-08-27,1000000.00,3.746079,100.009765625
08:01:45,91282CLG4,TSRYS5860824,D,S,T,2024-08-27,1000000.00,3.74959,100.0
08:01:45,91282CLG4,TSRYS5860824,D,S,T,2024-08-27,6000000.00,3.74959,100.0
08:01:45,91282CLG4,TSRYS5860824,D,S,T,2024-08-27,2000000.00,3.74959,100.0
08:01:45,91282CLG4,TSRYS5860824,D,S,T,2024-08-27,1000000.00,3.74959,100.0
08:01:45,91282CLG4,TSRYS5860824,D,S,D,2024-08-27,1000000.00,3.758017,99.9765625
08:01:45,91282CLG4,TSRYS5860824,D,S,D,2024-08-27,2000000.00,3.758017,99.9765625
08:01:45,91282CLG4,TSRYS5860824,D,S,D,2024-08-27,1000000.00,3.758017,99.9765625
08:01:45,91282CLG4,TSRYS5860824,D,S,T,2024-08-27,1000000.00,3.757315,99.97851562
08:01:45,91282CLG4,TSRYS5860824,D,S,D,2024-08-27,1000000.00,3.758017,99.9765625
08:01:45,91282CLG4,TSRYS5860824,D,S,D,2024-08-27,1000000.00,3.758017,99.9765625
08:01:45,91282CLG4,TSRYS5860824,D,S,D,2024-08-27,1000000.00,3.758017,99.9765625
08:01:45,91282CLG4,TSRYS5860824,D,S,D,2024-08-27,1000000.00,3.758017,99.9765625
08:01:45,91282CLG4,TSRYS5860824,D,S,D,2024-08-27,1000000.00,3.743973,100.015625
08:01:45,91282CLG4,TSRYS5860824,D,S,D,2024-08-27,1000000.00,3.758017,99.9765625
08:01:45,91282CLG4,TSRYS5860824,D,S,D,2024-08-27,1000000.00,3.757315,99.97851562
08:01:45,91282CLG4,TSRYS5860824,D,S,D,2024-08-27,1000000.00,3.757315,99.97851562
08:01:45,91282CLG4,TSRYS5860824,D,S,C,2024-08-27,1000000.00,3.757315,99.97851562
08:01:45,91282CLG4,TSRYS5860824,D,S,D,2024-08-27,1000000.00,3.756612,99.98046875
08:01:45,91282CLG4,TSRYS5860824,D,S,D,2024-08-27,1000000.00,3.757315,99.97851562
08:01:45,91282CLG4,TSRYS5860824,D,S,D,2024-08-27,2000000.00,3.758017,99.9765625
08:01:45,91282CLG4,TSRYS5860824,D,S,D,2024-08-27,1000000.00,3.758017,99.9765625
08:01:45,91282CLG4,TSRYS5860824,D,S,D,2024-08-27,2000000.00,3.757315,99.97851562
08:01:45,91282CLG4,TSRYS5860824,D,S,D,2024-08-27,1000000.00,3.757315,99.97851562
08:01:45,91282CLG4,TSRYS5860824,D,S,T,2024-08-27,1000000.00,3.763637,99.9609375
08:01:45,91282CLG4,TSRYS5860824,D,S,C,2024-08-27,2000000.00,3.757315,99.97851562
08:01:45,91282CLG4,TSRYS5860824,D,S,C,2024-08-27,2000000.00,3.757315,99.97851562
08:01:45,91282CLG4,TSRYS5860824,D,S,C,2024-08-27,2000000.00,3.757315,99.97851562
08:01:45,91282CLG4,TSRYS5860824,D,S,T,2024-08-27,1000000.00,3.757315,99.97851562
08:01:46,91282CLG4,TSRYS5860824,D,S,D,2024-08-27,1000000.00,3.757315,99.97851562
08:01:46,91282CLG4,TSRYS5860824,D,S,C,2024-08-27,1000000.00,3.757315,99.97851562
08:01:46,91282CLG4,TSRYS5860824,D,S,D,2024-08-27,1000000.00,3.757315,99.97851562
08:01:46,91282CLG4,TSRYS5860824,D,S,D,2024-08-27,1000000.00,3.757315,99.97851562
08:01:46,91282CLG4,TSRYS5860824,D,S,T,2024-08-27,1000000.00,3.756684,99.98026875
08:01:46,91282CLG4,TSRYS5860824,D,S,D,2024-08-27,1000000.00,3.757315,99.97851562
08:01:46,91282CLG4,TSRYS5860824,D,S,D,2024-08-27,1000000.00,3.757315,99.97851562
08:01:46,91282CLG4,TSRYS5860824,D,S,D,2024-08-27,1000000.00,3.757315,99.97851562
08:01:46,91282CLG4,TSRYS5860824,D,S,T,2024-08-27,1000000.00,3.756684,99.98026875
08:01:46,91282CLG4,TSRYS5860824,D,S,D,2024-08-27,2000000.00,3.757315,99.97851562
08:01:46,91282CLG4,TSRYS5860824,D,S,D,2024-08-27,1000000.00,3.756612,99.98046875
08:01:46,91282CLG4,TSRYS5860824,D,S,D,2024-08-27,1000000.00,3.757315,99.97851562
08:01:46,91282CLG4,TSRYS5860824,D,S,D,2024-08-27,1000000.00,3.757315,99.97851562
08:01:46,91282CLG4,TSRYS5860824,D,S,T,2024-08-27,1000000.00,3.757315,99.97851562
08:01:46,91282CLG4,TSRYS5860824,D,S,C,2024-08-27,2000000.00,3.757315,99.97851562
08:01:46,91282CLG4,TSRYS5860824,D,S,C,2024-08-27,2000000.00,3.757315,99.97851562
08:01:46,91282CLG4,TSRYS5860824,D,S,C,2024-08-27,1000000.00,3.757315,99.97851562
08:01:46,91282CLG4,TSRYS5860824,D,S,T,2024-08-27,1000000.00,3.757315,99.97851562
08:01:46,91282CLG4,TSRYS5860824,D,S,C,2024-08-27,1000000.00,3.75872,99.97460937
08:01:46,91282CLG4,TSRYS5860824,D,S,D,2024-08-27,1000000.00,3.75872,99.97460937
08:01:46,91282CLG4,TSRYS5860824,D,S,C,2024-08-27,1000000.00,3.75872,99.97460937
08:01:46,91282CLG4,TSRYS5860824,D,S,D,2024-08-27,1000000.00,3.757315,99.97851562
08:01:46,91282CLG4,TSRYS5860824,D,S,D,2024-08-27,1000000.00,3.75872,99.97460937
08:01:46,91282CLG4,TSRYS5860824,D,S,T,2024-08-27,1000000.00,3.757315,99.97851562
08:01:46,91282CLG4,TSRYS5860824,D,S,D,2024-08-27,2000000.00,3.75872,99.97460937
08:01:46,91282CLG4,TSRYS5860824,D,S,D,2024-08-27,1000000.00,3.75872,99.97460937
08:01:46,91282CLG4,TSRYS5860824,D,S,T,2024-08-27,1000000.00,3.763637,99.9609375
08:01:47,91282CLG4,TSRYS5860824,D,S,T,2024-08-27,1000000.00,3.763637,99.9609375
08:01:47,91282CLG4,TSRYS5860824,D,S,T,2024-08-27,2000000.00,3.757315,99.97851562
08:01:47,91282CLG4,TSRYS5860824,D,S,T,2024-08-27,1000000.00,3.763637,99.9609375
08:01:47,91282CLG4,TSRYS5860824,D,S,D,2024-08-27,2000000.00,3.75591,99.98242187
08:01:47,91282CLG4,TSRYS5860824,D,S,D,2024-08-27,1000000.00,3.75591,99.98242187
08:01:47,91282CLG4,TSRYS5860824,D,S,T,2024-08-27,1000000.00,3.763637,99.9609375
08:01:47,91282CLG4,TSRYS5860824,D,S,T,2024-08-27,1000000.00,3.763637,99.9609375
08:01:47,91282CLG4,TSRYS5860824,D,S,T,2024-08-27,1000000.00,3.763637,99.9609375
08:01:47,91282CLG4,TSRYS5860824,D,S,T,2024-08-27,1000000.00,3.763637,99.9609375
08:01:47,91282CLG4,TSRYS5860824,D,S,T,2024-08-27,1000000.00,3.763637,99.9609375
08:01:47,91282CLG4,TSRYS5860824,D,S,T,2024-08-27,1000000.00,3.763673,99.9608355
08:01:47,91282CLG4,TSRYS5860824,D,S,T,2024-08-27,1000000.00,3.763673,99.9608355
08:01:47,91282CLG4,TSRYS5860824,D,S,A,2024-08-27,7200000.00,3.757909,99.9768625
08:01:47,91282CLG4,TSRYS5860824,D,S,T,2024-08-27,1000000.00,3.763637,99.9609375
08:01:47,91282CLG4,TSRYS5860824,D,S,D,2024-08-27,1000000.00,3.758017,99.9765625
08:01:47,91282CLG4,TSRYS5860824,D,S,T,2024-08-27,2000000.00,3.763673,99.9608355
08:01:47,91282CLG4,TSRYS5860824,D,S,D,2024-08-27,2000000.00,3.758017,99.9765625
08:01:47,91282CLG4,TSRYS5860824,D,S,T,2024-08-27,1000000.00,3.763637,99.9609375
08:01:47,91282CLG4,TSRYS5860824,D,S,T,2024-08-27,1000000.00,3.763673,99.9608355
08:01:47,91282CLG4,TSRYS5860824,D,S,T,2024-08-27,2000000.00,3.758017,99.9765625
08:01:47,91282CLG4,TSRYS5860824,D,S,D,2024-08-27,1000000.00,3.741867,100.021484375
08:01:47,91282CLG4,TSRYS5860824,D,S,T,2024-08-27,1000000.00,3.75872,99.97460937
08:01:47,91282CLG4,TSRYS5860824,D,S,T,2024-08-27,1000000.00,3.763637,99.9609375
08:01:47,91282CLG4,TSRYS5860824,D,S,T,2024-08-27,1000000.00,3.75872,99.97460937
08:01:47,91282CLG4,TSRYS5860824,D,S,T,2024-08-27,1000000.00,3.763637,99.9609375
08:01:47,91282CLG4,TSRYS5860824,D,S,D,2024-08-27,2000000.00,3.75872,99.97460937
08:01:47,91282CLG4,TSRYS5860824,D,S,T,2024-08-27,4000000.00,3.763673,99.9608355
