tradeTime,cusip,issueSymbolIdentifier,priceType,reportingSideCode,contraPartyTypeCode,tradeDate,reportedTradeVolume,lastSaleYield,lastSalePrice
08:00:03,91282CKV2,TSRYS5823596,D,S,T,2024-06-21,2000000.00,4.465205,100.439453125
08:00:03,91282CKV2,TSRYS5823596,D,S,D,2024-06-21,1000000.00,4.454612,100.46875
08:00:03,91282CKV2,TSRYS5823596,D,S,D,2024-06-21,4000000.00,4.439788,100.509765625
08:00:03,91282CKV2,TSRYS5823596,D,S,D,2024-06-21,4000000.00,4.439788,100.509765625
08:00:03,91282CKV2,TSRYS5823596,D,S,T,2024-06-21,1000000.00,4.439788,100.509765625
08:00:03,91282CKV2,TSRYS5823596,D,S,D,2024-06-21,4000000.00,4.439788,100.509765625
08:00:03,91282CKV2,TSRYS5823596,D,S,D,2024-06-21,1000000.00,4.439788,100.509765625
08:00:03,91282CKV2,TSRYS5823596,D,S,T,2024-06-21,3000000.00,4.437671,100.515625
08:00:03,91282CKV2,TSRYS5823596,D,S,T,2024-06-21,4000000.00,4.434142,100.525390625
08:00:03,91282CKV2,TSRYS5823596,D,S,D,2024-06-21,1000000.00,4.434848,100.5234375
08:00:03,91282CKV2,TSRYS5823596,D,S,D,2024-06-21,1000000.00,4.434848,100.5234375
08:00:03,91282CKV2,TSRYS5823596,D,S,D,2024-06-21,1000000.00,4.434848,100.5234375
08:00:03,91282CKV2,TSRYS5823596,D,S,D,2024-06-21,1000000.00,4.434848,100.5234375
08:00:03,91282CKV2,TSRYS5823596,D,S,D,2024-06-21,1000000.00,4.434848,100.5234375
08:00:03,91282CKV2,TSRYS5823596,D,S,D,2024-06-21,1000000.00,4.439788,100.509765625
08:00:03,91282CKV2,TSRYS5823596,D,S,D,2024-06-21,1000000.00,4.439788,100.509765625
08:00:03,91282CKV2,TSRYS5823596,D,S,D,2024-06-21,4000000.00,4.439788,100.509765625
08:00:03,91282CKV2,TSRYS5823596,D,S,D,2024-06-21,1000000.00,4.439788,100.509765625
08:00:03,91282CKV2,TSRYS5823596,D,S,D,2024-06-21,1000000.00,4.439788,100.509765625
08:00:03,91282CKV2,TSRYS5823596,D,S,D,2024-06-21,1000000.00,4.439788,100.509765625
08:00:03,91282CKV2,TSRYS5823596,D,S,D,2024-06-21,1000000.00,4.439788,100.509765625
08:00:03,91282CKV2,TSRYS5823596,D,S,D,2024-06-21,1000000.00,4.439788,100.509765625
08:00:03,91282CKV2,TSRYS5823596,D,S,D,2024-06-21,1000000.00,4.437671,100.515625
08:00:03,91282CKV2,TSRYS5823596,D,S,D,2024-06-21,2000000.00,4.434848,100.5234375
08:00:03,91282CKV2,TSRYS5823596,D,S,D,2024-06-21,1000000.00,4.434848,100.5234375
08:00:03,91282CKV2,TSRYS5823596,D,S,D,2024-06-21,1000000.00,4.434848,100.5234375
08:00:03,91282CKV2,TSRYS5823596,D,S,D,2024-06-21,1000000.00,4.434848,100.5234375
08:00:03,91282CKV2,TSRYS5823596,D,S,D,2024-06-21,1000000.00,4.434848,100.5234375
08:00:03,91282CKV2,TSRYS5823596,D,S,D,2024-06-21,1000000.00,4.434848,100.5234375
08:00:03,91282CKV2,TSRYS5823596,D,S,D,2024-06-21,1000000.00,4.434848,100.5234375
08:00:03,91282CKV2,TSRYS5823596,D,S,D,2024-06-21,1000000.00,4.434848,100.5234375
08:00:03,91282CKV2,TSRYS5823596,D,S,D,2024-06-21,1000000.00,4.434848,100.5234375
08:00:03,91282CKV2,TSRYS5823596,D,S,D,2024-06-21,1000000.00,4.434848,100.5234375
08:00:03,91282CKV2,TSRYS5823596,D,S,D,2024-06-21,1000000.00,4.434848,100.5234375
08:00:03,91282CKV2,TSRYS5823596,D,S,D,2024-06-21,1000000.00,4.434848,100.5234375
08:00:03,91282CKV2,TSRYS5823596,D,S,D,2024-06-21,1000000.00,4.434848,100.5234375
08:00:03,91282CKV2,TSRYS5823596,D,S,D,2024-06-21,1000000.00,4.434848,100.5234375
08:00:03,91282CKV2,TSRYS5823596,D,S,T,2024-06-21,1000000.00,4.434848,100.5234375
08:00:03,91282CKV2,TSRYS5823596,D,S,D,2024-06-21,1000000.00,4.434848,100.5234375
08:00:03,91282CKV2,TSRYS5823596,D,S,D,2024-06-21,1000000.00,4.434848,100.5234375
08:00:03,91282CKV2,TSRYS5823596,D,S,D,2024-06-21,1000000.00,4.434848,100.5234375
08:00:03,91282CKV2,TSRYS5823596,D,S,D,2024-06-21,1000000.00,4.434848,100.5234375
08:00:03,91282CKV2,TSRYS5823596,D,S,D,2024-06-21,1000000.00,4.434848,100.5234375
08:00:03,91282CKV2,TSRYS5823596,D,S,D,2024-06-21,1000000.00,4.434848,100.5234375
08:00:03,91282CKV2,TSRYS5823596,D,S,D,2024-06-21,1000000.00,4.434848,100.5234375
08:00:03,91282CKV2,TSRYS5823596,D,S,D,2024-06-21,1000000.00,4.434848,100.5234375
08:00:03,91282CKV2,TSRYS5823596,D,S,D,2024-06-21,1000000.00,4.434848,100.5234375
08:00:03,91282CKV2,TSRYS5823596,D,S,D,2024-06-21,1000000.00,4.434848,100.5234375
08:00:03,91282CKV2,TSRYS5823596,D,S,D,2024-06-21,1000000.00,4.434848,100.5234375
08:00:03,91282CKV2,TSRYS5823596,D,S,D,2024-06-21,1000000.00,4.434848,100.5234375
08:00:03,91282CKV2,TSRYS5823596,D,S,D,2024-06-21,1000000.00,4.434848,100.5234375
08:00:03,91282CKV2,TSRYS5823596,D,S,D,2024-06-21,1000000.00,4.434848,100.5234375
08:00:03,91282CKV2,TSRYS5823596,D,S,D,2024-06-21,1000000.00,4.434848,100.5234375
08:00:03,91282CKV2,TSRYS5823596,D,S,D,2024-06-21,1000000.00,4.434848,100.5234375
08:00:03,91282CKV2,TSRYS5823596,D,S,D,2024-06-21,1000000.00,4.434848,100.5234375
08:00:03,91282CKV2,TSRYS5823596,D,S,D,2024-06-21,1000000.00,4.434848,100.5234375
08:00:03,91282CKV2,TSRYS5823596,D,S,D,2024-06-21,1000000.00,4.434848,100.5234375
08:00:03,91282CKV2,TSRYS5823596,D,S,D,2024-06-21,1000000.00,4.434848,100.5234375
08:00:03,91282CKV2,TSRYS5823596,D,S,D,2024-06-21,1000000.00,4.434848,100.5234375
08:00:03,91282CKV2,TSRYS5823596,D,S,D,2024-06-21,1000000.00,4.434848,100.5234375
08:00:03,91282CKV2,TSRYS5823596,D,S,D,2024-06-21,1000000.00,4.434848,100.5234375
08:00:03,91282CKV2,TSRYS5823596,D,S,D,2024-06-21,1000000.00,4.434848,100.5234375
08:00:03,91282CKV2,TSRYS5823596,D,S,D,2024-06-21,1000000.00,4.434848,100.5234375
08:00:03,91282CKV2,TSRYS5823596,D,S,T,2024-06-21,1000000.00,4.434848,100.5234375
08:00:03,91282CKV2,TSRYS5823596,D,S,D,2024-06-21,1000000.00,4.434848,100.5234375
08:00:03,91282CKV2,TSRYS5823596,D,S,D,2024-06-21,1000000.00,4.434848,100.5234375
08:00:03,91282CKV2,TSRYS5823596,D,S,D,2024-06-21,1000000.00,4.434848,100.5234375
08:00:05,91282CKV2,TSRYS5823596,D,S,T,2024-06-21,1000000.00,4.475802,100.41015625
08:00:05,91282CKV2,TSRYS5823596,D,S,T,2024-06-21,1000000.00,4.475802,100.41015625
08:00:05,91282CKV2,TSRYS5823596,D,S,T,2024-06-21,1000000.00,4.458848,100.45703125
08:00:05,91282CKV2,TSRYS5823596,D,S,T,2024-06-21,1000000.00,4.451788,100.4765625
08:00:05,91282CKV2,TSRYS5823596,D,S,T,2024-06-21,1000000.00,4.4532,100.47265625
08:00:05,91282CKV2,TSRYS5823596,D,S,T,2024-06-21,1000000.00,4.456024,100.46484375
08:00:05,91282CKV2,TSRYS5823596,D,S,T,2024-06-21,1000000.00,4.455318,100.466796875
08:00:05,91282CKV2,TSRYS5823596,D,S,T,2024-06-21,1000000.00,4.456024,100.46484375
08:00:05,91282CKV2,TSRYS5823596,D,S,T,2024-06-21,1000000.00,4.454612,100.46875
08:00:05,91282CKV2,TSRYS5823596,D,S,T,2024-06-21,1000000.00,4.444022,100.498046875
08:00:06,91282CKV2,TSRYS5823596,D,S,A,2024-06-21,3400000.00,4.440493,100.5078125
08:00:13,91282CKV2,TSRYS5823596,D,S,D,2024-06-21,1000000.00,4.474389,100.4140625
08:00:14,91282CKV2,TSRYS5823596,D,S,T,2024-06-21,1000000.00,4.475802,100.41015625
08:00:14,91282CKV2,TSRYS5823596,D,S,T,2024-06-21,1000000.00,4.479335,100.400390625
08:00:14,91282CKV2,TSRYS5823596,D,S,T,2024-06-21,1000000.00,4.478628,100.40234375
08:00:14,91282CKV2,TSRYS5823596,D,S,T,2024-06-21,1000000.00,4.478628,100.40234375
08:00:14,91282CKV2,TSRYS5823596,D,S,T,2024-06-21,1000000.00,4.475802,100.41015625
08:00:14,91282CKV2,TSRYS5823596,D,S,T,2024-06-21,1000000.00,4.475802,100.41015625
08:00:14,91282CKV2,TSRYS5823596,D,S,T,2024-06-21,1000000.00,4.475802,100.41015625
08:00:14,91282CKV2,TSRYS5823596,D,S,T,2024-06-21,1000000.00,4.475802,100.41015625
08:00:14,91282CKV2,TSRYS5823596,D,S,T,2024-06-21,1000000.00,4.475802,100.41015625
08:00:14,91282CKV2,TSRYS5823596,D,S,T,2024-06-21,1000000.00,4.475802,100.41015625
08:00:14,91282CKV2,TSRYS5823596,D,S,T,2024-06-21,1000000.00,4.475095,100.412109375
08:00:14,91282CKV2,TSRYS5823596,D,S,T,2024-06-21,1000000.00,4.473682,100.416015625
08:00:14,91282CKV2,TSRYS5823596,D,S,T,2024-06-21,2000000.00,4.472975,100.41796875
08:00:14,91282CKV2,TSRYS5823596,D,S,T,2024-06-21,1000000.00,4.472975,100.41796875
08:00:14,91282CKV2,TSRYS5823596,D,S,D,2024-06-21,1000000.00,4.469443,100.427734375
08:00:14,91282CKV2,TSRYS5823596,D,S,T,2024-06-21,1000000.00,4.47015,100.42578125
08:00:14,91282CKV2,TSRYS5823596,D,S,T,2024-06-21,1000000.00,4.47015,100.42578125
08:00:14,91282CKV2,TSRYS5823596,D,S,T,2024-06-21,1000000.00,4.465911,100.4375
08:00:14,91282CKV2,TSRYS5823596,D,S,T,2024-06-21,1000000.00,4.463086,100.4453125
08:00:14,91282CKV2,TSRYS5823596,D,S,T,2024-06-21,1000000.00,4.463086,100.4453125
08:00:14,91282CKV2,TSRYS5823596,D,S,T,2024-06-21,1000000.00,4.463086,100.4453125
08:00:14,91282CKV2,TSRYS5823596,D,S,T,2024-06-21,1000000.00,4.457436,100.4609375
08:00:14,91282CKV2,TSRYS5823596,D,S,T,2024-06-21,1000000.00,4.451788,100.4765625
08:00:14,91282CKV2,TSRYS5823596,D,S,T,2024-06-21,1000000.00,4.451788,100.4765625
08:00:14,91282CKV2,TSRYS5823596,D,S,T,2024-06-21,1000000.00,4.451788,100.4765625
08:00:14,91282CKV2,TSRYS5823596,D,S,T,2024-06-21,1000000.00,4.454612,100.46875
08:00:14,91282CKV2,TSRYS5823596,D,S,T,2024-06-21,1000000.00,4.4532,100.47265625
08:00:14,91282CKV2,TSRYS5823596,D,S,T,2024-06-21,1000000.00,4.4532,100.47265625
08:00:14,91282CKV2,TSRYS5823596,D,S,T,2024-06-21,1000000.00,4.474389,100.4140625
08:00:14,91282CKV2,TSRYS5823596,D,S,T,2024-06-21,1000000.00,4.447552,100.48828125
08:00:14,91282CKV2,TSRYS5823596,D,S,T,2024-06-21,1000000.00,4.448964,100.484375
08:00:14,91282CKV2,TSRYS5823596,D,S,T,2024-06-21,1000000.00,4.441199,100.505859375
08:00:14,91282CKV2,TSRYS5823596,D,S,D,2024-06-21,1000000.00,4.439788,100.509765625
08:00:14,91282CKV2,TSRYS5823596,D,S,T,2024-06-21,1000000.00,4.443317,100.5
08:00:14,91282CKV2,TSRYS5823596,D,S,D,2024-06-21,1000000.00,4.442611,100.501953125
08:00:14,91282CKV2,TSRYS5823596,D,S,T,2024-06-21,1000000.00,4.442611,100.501953125
08:00:14,91282CKV2,TSRYS5823596,D,S,T,2024-06-21,1000000.00,4.443317,100.5
08:00:14,91282CKV2,TSRYS5823596,D,S,T,2024-06-21,2000000.00,4.443317,100.5
08:00:14,91282CKV2,TSRYS5823596,D,S,T,2024-06-21,1000000.00,4.443317,100.5
08:00:14,91282CKV2,TSRYS5823596,D,S,T,2024-06-21,1000000.00,4.443317,100.5
08:00:14,91282CKV2,TSRYS5823596,D,S,T,2024-06-21,1000000.00,4.443317,100.5
08:00:14,91282CKV2,TSRYS5823596,D,S,T,2024-06-21,1000000.00,4.442611,100.501953125
08:00:14,91282CKV2,TSRYS5823596,D,S,T,2024-06-21,1000000.00,4.443317,100.5
08:00:14,91282CKV2,TSRYS5823596,D,S,T,2024-06-21,1000000.00,4.440493,100.5078125
08:00:14,91282CKV2,TSRYS5823596,D,S,T,2024-06-21,1000000.00,4.439082,100.51171875
08:00:15,91282CKV2,TSRYS5823596,D,S,T,2024-06-21,1000000.00,4.439788,100.509765625
08:00:15,91282CKV2,TSRYS5823596,D,S,T,2024-06-21,1000000.00,4.437671,100.515625
08:00:15,91282CKV2,TSRYS5823596,D,S,T,2024-06-21,1000000.00,4.439082,100.51171875
08:00:15,91282CKV2,TSRYS5823596,D,S,T,2024-06-21,1000000.00,4.440493,100.5078125
08:00:15,91282CKV2,TSRYS5823596,D,S,T,2024-06-21,1000000.00,4.441199,100.505859375
08:00:15,91282CKV2,TSRYS5823596,D,S,T,2024-06-21,1000000.00,4.436259,100.51953125
08:00:15,91282CKV2,TSRYS5823596,D,S,T,2024-06-21,1000000.00,4.434848,100.5234375
08:00:15,91282CKV2,TSRYS5823596,D,S,T,2024-06-21,1000000.00,4.434848,100.5234375
08:00:15,91282CKV2,TSRYS5823596,D,S,T,2024-06-21,1000000.00,4.437671,100.515625
08:00:15,91282CKV2,TSRYS5823596,D,S,T,2024-06-21,1000000.00,4.437671,100.515625
08:00:15,91282CKV2,TSRYS5823596,D,S,T,2024-06-21,2000000.00,4.436259,100.51953125
08:00:15,91282CKV2,TSRYS5823596,D,S,D,2024-06-21,1000000.00,4.434142,100.525390625
08:00:15,91282CKV2,TSRYS5823596,D,S,T,2024-06-21,1000000.00,4.434848,100.5234375
08:00:15,91282CKV2,TSRYS5823596,D,S,T,2024-06-21,1000000.00,4.432026,100.53125
08:00:16,91282CKV2,TSRYS5823596,D,S,T,2024-06-21,1000000.00,4.474389,100.4140625
08:00:17,91282CKV2,TSRYS5823596,D,S,D,2024-06-21,2000000.00,4.475802,100.41015625
08:00:18,91282CKV2,TSRYS5823596,D,S,T,2024-06-21,1000000.00,4.472975,100.41796875
08:00:20,91282CKV2,TSRYS5823596,D,S,A,2024-06-21,2893100.00,4.464498,100.44140625
08:00:25,91282CKV2,TSRYS5823596,D,S,A,2024-06-21,200000.00,4.441905,100.503906
08:00:28,91282CKV2,TSRYS5823596,D,S,D,2024-06-21,1000000.00,4.458848,100.45703125
08:00:30,91282CKV2,TSRYS5823596,D,S,T,2024-06-21,1000000.00,4.474389,100.4140625
08:00:30,91282CKV2,TSRYS5823596,D,S,T,2024-06-21,1000000.00,4.469443,100.427734375
08:00:30,91282CKV2,TSRYS5823596,D,S,T,2024-06-21,1000000.00,4.47015,100.42578125
08:00:30,91282CKV2,TSRYS5823596,D,S,T,2024-06-21,1000000.00,4.475802,100.41015625
08:00:30,91282CKV2,TSRYS5823596,D,S,T,2024-06-21,1000000.00,4.478628,100.40234375
08:00:30,91282CKV2,TSRYS5823596,D,S,T,2024-06-21,1000000.00,4.480041,100.3984375
08:00:30,91282CKV2,TSRYS5823596,D,S,T,2024-06-21,1000000.00,4.477215,100.40625
08:00:30,91282CKV2,TSRYS5823596,D,S,T,2024-06-21,1000000.00,4.478628,100.40234375
08:00:30,91282CKV2,TSRYS5823596,D,S,T,2024-06-21,1000000.00,4.478628,100.40234375
08:00:30,91282CKV2,TSRYS5823596,D,S,T,2024-06-21,1000000.00,4.477215,100.40625
08:00:30,91282CKV2,TSRYS5823596,D,S,T,2024-06-21,1000000.00,4.475802,100.41015625
08:00:30,91282CKV2,TSRYS5823596,D,S,T,2024-06-21,1000000.00,4.474389,100.4140625
08:00:30,91282CKV2,TSRYS5823596,D,S,T,2024-06-21,1000000.00,4.474389,100.4140625
08:00:30,91282CKV2,TSRYS5823596,D,S,T,2024-06-21,1000000.00,4.475802,100.41015625
08:00:30,91282CKV2,TSRYS5823596,D,S,T,2024-06-21,1000000.00,4.474389,100.4140625
08:00:30,91282CKV2,TSRYS5823596,D,S,T,2024-06-21,1000000.00,4.474389,100.4140625
08:00:30,91282CKV2,TSRYS5823596,D,S,T,2024-06-21,1000000.00,4.475802,100.41015625
08:00:30,91282CKV2,TSRYS5823596,D,S,T,2024-06-21,1000000.00,4.475802,100.41015625
08:00:30,91282CKV2,TSRYS5823596,D,S,T,2024-06-21,1000000.00,4.475802,100.41015625
08:00:30,91282CKV2,TSRYS5823596,D,S,T,2024-06-21,1000000.00,4.475802,100.41015625
08:00:30,91282CKV2,TSRYS5823596,D,S,T,2024-06-21,1000000.00,4.475802,100.41015625
08:00:30,91282CKV2,TSRYS5823596,D,S,T,2024-06-21,1000000.00,4.475802,100.41015625
08:00:30,91282CKV2,TSRYS5823596,D,S,T,2024-06-21,1000000.00,4.477215,100.40625
08:00:30,91282CKV2,TSRYS5823596,D,S,T,2024-06-21,1000000.00,4.477215,100.40625
08:00:30,91282CKV2,TSRYS5823596,D,S,T,2024-06-21,1000000.00,4.475802,100.41015625
08:00:30,91282CKV2,TSRYS5823596,D,S,T,2024-06-21,1000000.00,4.475095,100.412109375
08:00:30,91282CKV2,TSRYS5823596,D,S,T,2024-06-21,1000000.00,4.474389,100.4140625
08:00:30,91282CKV2,TSRYS5823596,D,S,T,2024-06-21,1000000.00,4.473682,100.416015625
08:00:30,91282CKV2,TSRYS5823596,D,S,T,2024-06-21,1000000.00,4.474389,100.4140625
08:00:30,91282CKV2,TSRYS5823596,D,S,T,2024-06-21,2000000.00,4.474389,100.4140625
08:00:30,91282CKV2,TSRYS5823596,D,S,T,2024-06-21,1000000.00,4.474389,100.4140625
08:00:30,91282CKV2,TSRYS5823596,D,S,T,2024-06-21,1000000.00,4.474389,100.4140625
08:00:30,91282CKV2,TSRYS5823596,D,S,T,2024-06-21,1000000.00,4.474389,100.4140625
08:00:30,91282CKV2,TSRYS5823596,D,S,T,2024-06-21,1000000.00,4.474389,100.4140625
08:00:30,91282CKV2,TSRYS5823596,D,S,T,2024-06-21,1000000.00,4.474389,100.4140625
08:00:30,91282CKV2,TSRYS5823596,D,S,T,2024-06-21,1000000.00,4.474389,100.4140625
08:00:30,91282CKV2,TSRYS5823596,D,S,T,2024-06-21,1000000.00,4.474389,100.4140625
08:00:30,91282CKV2,TSRYS5823596,D,S,T,2024-06-21,1000000.00,4.472269,100.419921875
08:00:30,91282CKV2,TSRYS5823596,D,S,T,2024-06-21,1000000.00,4.472975,100.41796875
08:00:30,91282CKV2,TSRYS5823596,D,S,T,2024-06-21,2000000.00,4.472975,100.41796875
08:00:30,91282CKV2,TSRYS5823596,D,S,T,2024-06-21,1000000.00,4.472975,100.41796875
08:00:30,91282CKV2,TSRYS5823596,D,S,T,2024-06-21,1000000.00,4.472975,100.41796875
08:00:30,91282CKV2,TSRYS5823596,D,S,T,2024-06-21,1000000.00,4.472975,100.41796875
08:00:30,91282CKV2,TSRYS5823596,D,S,T,2024-06-21,1000000.00,4.472975,100.41796875
08:00:30,91282CKV2,TSRYS5823596,D,S,T,2024-06-21,1000000.00,4.472975,100.41796875
08:00:30,91282CKV2,TSRYS5823596,D,S,T,2024-06-21,7000000.00,4.472975,100.41796875
08:00:30,91282CKV2,TSRYS5823596,D,S,T,2024-06-21,1000000.00,4.472975,100.41796875
08:00:30,91282CKV2,TSRYS5823596,D,S,T,2024-06-21,1000000.00,4.472975,100.41796875
08:00:30,91282CKV2,TSRYS5823596,D,S,T,2024-06-21,1000000.00,4.472269,100.419921875
08:00:30,91282CKV2,TSRYS5823596,D,S,T,2024-06-21,1000000.00,4.471562,100.421875
08:00:30,91282CKV2,TSRYS5823596,D,S,T,2024-06-21,2000000.00,4.472269,100.419921875
08:00:30,91282CKV2,TSRYS5823596,D,S,T,2024-06-21,1000000.00,4.472975,100.41796875
08:00:30,91282CKV2,TSRYS5823596,D,S,T,2024-06-21,1000000.00,4.472269,100.419921875
08:00:30,91282CKV2,TSRYS5823596,D,S,T,2024-06-21,5000000.00,4.472975,100.41796875
08:00:30,91282CKV2,TSRYS5823596,D,S,T,2024-06-21,1000000.00,4.475802,100.41015625
08:00:30,91282CKV2,TSRYS5823596,D,S,T,2024-06-21,1000000.00,4.475802,100.41015625
08:00:30,91282CKV2,TSRYS5823596,D,S,T,2024-06-21,1000000.00,4.472975,100.41796875
08:00:30,91282CKV2,TSRYS5823596,D,S,T,2024-06-21,1000000.00,4.471562,100.421875
08:00:34,91282CKV2,TSRYS5823596,D,S,T,2024-06-21,1000000.00,4.468737,100.4296875
08:00:34,91282CKV2,TSRYS5823596,D,S,T,2024-06-21,1000000.00,4.47015,100.42578125
08:00:34,91282CKV2,TSRYS5823596,D,S,T,2024-06-21,1000000.00,4.47015,100.42578125
08:00:34,91282CKV2,TSRYS5823596,D,S,T,2024-06-21,1000000.00,4.464498,100.44140625
08:00:34,91282CKV2,TSRYS5823596,D,S,T,2024-06-21,1000000.00,4.465911,100.4375
08:00:34,91282CKV2,TSRYS5823596,D,S,T,2024-06-21,1000000.00,4.465911,100.4375
08:00:34,91282CKV2,TSRYS5823596,D,S,T,2024-06-21,1000000.00,4.465911,100.4375
08:00:34,91282CKV2,TSRYS5823596,D,S,T,2024-06-21,1000000.00,4.465911,100.4375
08:00:34,91282CKV2,TSRYS5823596,D,S,T,2024-06-21,4000000.00,4.465911,100.4375
08:00:34,91282CKV2,TSRYS5823596,D,S,T,2024-06-21,1000000.00,4.465911,100.4375
08:00:34,91282CKV2,TSRYS5823596,D,S,T,2024-06-21,1000000.00,4.465205,100.439453125
08:00:34,91282CKV2,TSRYS5823596,D,S,T,2024-06-21,1000000.00,4.465911,100.4375
08:00:34,91282CKV2,TSRYS5823596,D,S,T,2024-06-21,1000000.00,4.464498,100.44140625
08:00:34,91282CKV2,TSRYS5823596,D,S,T,2024-06-21,1000000.00,4.464498,100.44140625
08:00:34,91282CKV2,TSRYS5823596,D,S,T,2024-06-21,1000000.00,4.463086,100.4453125
08:00:34,91282CKV2,TSRYS5823596,D,S,T,2024-06-21,1000000.00,4.461673,100.44921875
08:00:34,91282CKV2,TSRYS5823596,D,S,T,2024-06-21,1000000.00,4.460261,100.453125
08:00:34,91282CKV2,TSRYS5823596,D,S,T,2024-06-21,1000000.00,4.461673,100.44921875
08:00:34,91282CKV2,TSRYS5823596,D,S,T,2024-06-21,1000000.00,4.461673,100.44921875
08:00:34,91282CKV2,TSRYS5823596,D,S,T,2024-06-21,1000000.00,4.461673,100.44921875
08:00:34,91282CKV2,TSRYS5823596,D,S,T,2024-06-21,1000000.00,4.459555,100.455078125
08:00:34,91282CKV2,TSRYS5823596,D,S,T,2024-06-21,1000000.00,4.460261,100.453125
08:00:34,91282CKV2,TSRYS5823596,D,S,T,2024-06-21,1000000.00,4.461673,100.44921875
08:00:34,91282CKV2,TSRYS5823596,D,S,T,2024-06-21,4000000.00,4.461673,100.44921875
08:00:34,91282CKV2,TSRYS5823596,D,S,T,2024-06-21,1000000.00,4.463086,100.4453125
08:00:34,91282CKV2,TSRYS5823596,D,S,T,2024-06-21,1000000.00,4.463086,100.4453125
08:00:34,91282CKV2,TSRYS5823596,D,S,T,2024-06-21,1000000.00,4.463086,100.4453125
08:00:34,91282CKV2,TSRYS5823596,D,S,T,2024-06-21,1000000.00,4.463086,100.4453125
08:00:34,91282CKV2,TSRYS5823596,D,S,T,2024-06-21,1000000.00,4.464498,100.44140625
08:00:34,91282CKV2,TSRYS5823596,D,S,T,2024-06-21,1000000.00,4.464498,100.44140625
08:00:34,91282CKV2,TSRYS5823596,D,S,T,2024-06-21,1000000.00,4.464498,100.44140625
08:00:34,91282CKV2,TSRYS5823596,D,S,T,2024-06-21,1000000.00,4.464498,100.44140625
08:00:34,91282CKV2,TSRYS5823596,D,S,T,2024-06-21,1000000.00,4.460261,100.453125
08:00:34,91282CKV2,TSRYS5823596,D,S,T,2024-06-21,2000000.00,4.458848,100.45703125
08:00:34,91282CKV2,TSRYS5823596,D,S,T,2024-06-21,2000000.00,4.458848,100.45703125
08:00:34,91282CKV2,TSRYS5823596,D,S,T,2024-06-21,1000000.00,4.458848,100.45703125
08:00:34,91282CKV2,TSRYS5823596,D,S,T,2024-06-21,1000000.00,4.457436,100.4609375
08:00:34,91282CKV2,TSRYS5823596,D,S,T,2024-06-21,1000000.00,4.454612,100.46875
08:00:34,91282CKV2,TSRYS5823596,D,S,T,2024-06-21,1000000.00,4.4532,100.47265625
08:00:34,91282CKV2,TSRYS5823596,D,S,T,2024-06-21,1000000.00,4.451788,100.4765625
08:00:34,91282CKV2,TSRYS5823596,D,S,T,2024-06-21,1000000.00,4.451788,100.4765625
08:00:34,91282CKV2,TSRYS5823596,D,S,T,2024-06-21,3000000.00,4.4532,100.47265625
08:00:34,91282CKV2,TSRYS5823596,D,S,T,2024-06-21,1000000.00,4.4532,100.47265625
08:00:34,91282CKV2,TSRYS5823596,D,S,T,2024-06-21,3000000.00,4.4532,100.47265625
08:00:34,91282CKV2,TSRYS5823596,D,S,T,2024-06-21,1000000.00,4.4532,100.47265625
08:00:34,91282CKV2,TSRYS5823596,D,S,T,2024-06-21,1000000.00,4.4532,100.47265625
08:00:34,91282CKV2,TSRYS5823596,D,S,T,2024-06-21,1000000.00,4.4532,100.47265625
08:00:34,91282CKV2,TSRYS5823596,D,S,T,2024-06-21,1000000.00,4.451788,100.4765625
08:00:34,91282CKV2,TSRYS5823596,D,S,T,2024-06-21,1000000.00,4.451788,100.4765625
08:00:34,91282CKV2,TSRYS5823596,D,S,T,2024-06-21,1000000.00,4.451788,100.4765625
08:00:34,91282CKV2,TSRYS5823596,D,S,T,2024-06-21,1000000.00,4.452494,100.474609375
08:00:34,91282CKV2,TSRYS5823596,D,S,T,2024-06-21,1000000.00,4.452494,100.474609375
08:00:34,91282CKV2,TSRYS5823596,D,S,T,2024-06-21,1000000.00,4.455318,100.466796875
08:00:34,91282CKV2,TSRYS5823596,D,S,T,2024-06-21,1000000.00,4.455318,100.466796875
08:00:34,91282CKV2,TSRYS5823596,D,S,T,2024-06-21,1000000.00,4.455318,100.466796875
08:00:34,91282CKV2,TSRYS5823596,D,S,T,2024-06-21,1000000.00,4.454612,100.46875
08:00:34,91282CKV2,TSRYS5823596,D,S,T,2024-06-21,1000000.00,4.4532,100.47265625
08:00:34,91282CKV2,TSRYS5823596,D,S,T,2024-06-21,1000000.00,4.454612,100.46875
08:00:34,91282CKV2,TSRYS5823596,D,S,T,2024-06-21,1000000.00,4.4532,100.47265625
08:00:34,91282CKV2,TSRYS5823596,D,S,T,2024-06-21,1000000.00,4.4532,100.47265625
08:00:34,91282CKV2,TSRYS5823596,D,S,T,2024-06-21,1000000.00,4.4532,100.47265625
08:00:34,91282CKV2,TSRYS5823596,D,S,T,2024-06-21,1000000.00,4.4532,100.47265625
08:00:34,91282CKV2,TSRYS5823596,D,S,T,2024-06-21,1000000.00,4.4532,100.47265625
08:00:34,91282CKV2,TSRYS5823596,D,S,T,2024-06-21,1000000.00,4.4532,100.47265625
08:00:34,91282CKV2,TSRYS5823596,D,S,T,2024-06-21,1000000.00,4.4532,100.47265625
08:00:34,91282CKV2,TSRYS5823596,D,S,T,2024-06-21,1000000.00,4.4532,100.47265625
08:00:34,91282CKV2,TSRYS5823596,D,S,T,2024-06-21,1000000.00,4.4532,100.47265625
08:00:34,91282CKV2,TSRYS5823596,D,S,T,2024-06-21,1000000.00,4.4532,100.47265625
08:00:34,91282CKV2,TSRYS5823596,D,S,T,2024-06-21,1000000.00,4.4532,100.47265625
08:00:34,91282CKV2,TSRYS5823596,D,S,T,2024-06-21,1000000.00,4.4532,100.47265625
08:00:34,91282CKV2,TSRYS5823596,D,S,T,2024-06-21,1000000.00,4.4532,100.47265625
08:00:34,91282CKV2,TSRYS5823596,D,S,T,2024-06-21,1000000.00,4.454612,100.46875
08:00:34,91282CKV2,TSRYS5823596,D,S,T,2024-06-21,1000000.00,4.454612,100.46875
08:00:34,91282CKV2,TSRYS5823596,D,S,T,2024-06-21,1000000.00,4.454612,100.46875
08:00:34,91282CKV2,TSRYS5823596,D,S,T,2024-06-21,1000000.00,4.454612,100.46875
08:00:34,91282CKV2,TSRYS5823596,D,S,T,2024-06-21,1000000.00,4.454612,100.46875
08:00:34,91282CKV2,TSRYS5823596,D,S,T,2024-06-21,1000000.00,4.454612,100.46875
08:00:34,91282CKV2,TSRYS5823596,D,S,T,2024-06-21,1000000.00,4.454612,100.46875
08:00:34,91282CKV2,TSRYS5823596,D,S,T,2024-06-21,1000000.00,4.454612,100.46875
08:00:34,91282CKV2,TSRYS5823596,D,S,T,2024-06-21,1000000.00,4.4532,100.47265625
08:00:34,91282CKV2,TSRYS5823596,D,S,T,2024-06-21,1000000.00,4.4532,100.47265625
08:00:34,91282CKV2,TSRYS5823596,D,S,T,2024-06-21,1000000.00,4.4532,100.47265625
08:00:34,91282CKV2,TSRYS5823596,D,S,T,2024-06-21,1000000.00,4.4532,100.47265625
08:00:34,91282CKV2,TSRYS5823596,D,S,T,2024-06-21,1000000.00,4.450376,100.48046875
08:00:34,91282CKV2,TSRYS5823596,D,S,T,2024-06-21,1000000.00,4.447552,100.48828125
08:00:34,91282CKV2,TSRYS5823596,D,S,T,2024-06-21,1000000.00,4.447552,100.48828125
08:00:34,91282CKV2,TSRYS5823596,D,S,T,2024-06-21,1000000.00,4.445434,100.494140625
08:00:34,91282CKV2,TSRYS5823596,D,S,T,2024-06-21,1000000.00,4.44614,100.4921875
08:00:34,91282CKV2,TSRYS5823596,D,S,T,2024-06-21,1000000.00,4.442611,100.501953125
08:00:34,91282CKV2,TSRYS5823596,D,S,T,2024-06-21,1000000.00,4.441905,100.50390625
08:00:34,91282CKV2,TSRYS5823596,D,S,T,2024-06-21,1000000.00,4.443317,100.5
08:00:34,91282CKV2,TSRYS5823596,D,S,T,2024-06-21,1000000.00,4.441905,100.50390625
08:00:34,91282CKV2,TSRYS5823596,D,S,T,2024-06-21,1000000.00,4.443317,100.5
08:00:34,91282CKV2,TSRYS5823596,D,S,T,2024-06-21,1000000.00,4.443317,100.5
08:00:34,91282CKV2,TSRYS5823596,D,S,T,2024-06-21,1000000.00,4.443317,100.5
08:00:34,91282CKV2,TSRYS5823596,D,S,T,2024-06-21,1000000.00,4.443317,100.5
08:00:34,91282CKV2,TSRYS5823596,D,S,T,2024-06-21,1000000.00,4.441905,100.50390625
08:00:34,91282CKV2,TSRYS5823596,D,S,T,2024-06-21,1000000.00,4.440493,100.5078125
08:00:34,91282CKV2,TSRYS5823596,D,S,T,2024-06-21,1000000.00,4.440493,100.5078125
08:00:34,91282CKV2,TSRYS5823596,D,S,T,2024-06-21,1000000.00,4.440493,100.5078125
08:00:34,91282CKV2,TSRYS5823596,D,S,T,2024-06-21,1000000.00,4.440493,100.5078125
08:00:34,91282CKV2,TSRYS5823596,D,S,T,2024-06-21,1000000.00,4.440493,100.5078125
08:00:34,91282CKV2,TSRYS5823596,D,S,T,2024-06-21,1000000.00,4.442611,100.501953125
08:00:34,91282CKV2,TSRYS5823596,D,S,T,2024-06-21,1000000.00,4.444728,100.49609375
08:00:34,91282CKV2,TSRYS5823596,D,S,T,2024-06-21,1000000.00,4.441905,100.50390625
08:00:34,91282CKV2,TSRYS5823596,D,S,T,2024-06-21,1000000.00,4.444728,100.49609375
08:00:34,91282CKV2,TSRYS5823596,D,S,T,2024-06-21,1000000.00,4.44614,100.4921875
08:00:34,91282CKV2,TSRYS5823596,D,S,T,2024-06-21,1000000.00,4.44614,100.4921875
08:00:34,91282CKV2,TSRYS5823596,D,S,T,2024-06-21,1000000.00,4.44614,100.4921875
08:00:34,91282CKV2,TSRYS5823596,D,S,T,2024-06-21,1000000.00,4.444728,100.49609375
08:00:34,91282CKV2,TSRYS5823596,D,S,T,2024-06-21,1000000.00,4.443317,100.5
08:00:34,91282CKV2,TSRYS5823596,D,S,T,2024-06-21,1000000.00,4.443317,100.5
08:00:34,91282CKV2,TSRYS5823596,D,S,T,2024-06-21,1000000.00,4.443317,100.5
08:00:34,91282CKV2,TSRYS5823596,D,S,T,2024-06-21,1000000.00,4.443317,100.5
08:00:34,91282CKV2,TSRYS5823596,D,S,T,2024-06-21,1000000.00,4.443317,100.5
08:00:34,91282CKV2,TSRYS5823596,D,S,T,2024-06-21,1000000.00,4.443317,100.5
08:00:34,91282CKV2,TSRYS5823596,D,S,T,2024-06-21,1000000.00,4.443317,100.5
08:00:34,91282CKV2,TSRYS5823596,D,S,T,2024-06-21,1000000.00,4.443317,100.5
08:00:34,91282CKV2,TSRYS5823596,D,S,T,2024-06-21,1000000.00,4.440493,100.5078125
08:00:34,91282CKV2,TSRYS5823596,D,S,T,2024-06-21,1000000.00,4.441905,100.50390625
08:00:34,91282CKV2,TSRYS5823596,D,S,T,2024-06-21,2000000.00,4.441905,100.50390625
08:00:34,91282CKV2,TSRYS5823596,D,S,T,2024-06-21,1000000.00,4.441905,100.50390625
08:00:34,91282CKV2,TSRYS5823596,D,S,T,2024-06-21,1000000.00,4.441905,100.50390625
08:00:34,91282CKV2,TSRYS5823596,D,S,T,2024-06-21,1000000.00,4.443317,100.5
08:00:34,91282CKV2,TSRYS5823596,D,S,T,2024-06-21,1000000.00,4.443317,100.5
08:00:34,91282CKV2,TSRYS5823596,D,S,T,2024-06-21,1000000.00,4.440493,100.5078125
08:00:34,91282CKV2,TSRYS5823596,D,S,T,2024-06-21,1000000.00,4.441905,100.50390625
08:00:34,91282CKV2,TSRYS5823596,D,S,T,2024-06-21,1000000.00,4.441905,100.50390625
08:00:34,91282CKV2,TSRYS5823596,D,S,T,2024-06-21,1000000.00,4.443317,100.5
08:00:34,91282CKV2,TSRYS5823596,D,S,T,2024-06-21,1000000.00,4.444728,100.49609375
08:00:34,91282CKV2,TSRYS5823596,D,S,T,2024-06-21,1000000.00,4.441905,100.50390625
08:00:34,91282CKV2,TSRYS5823596,D,S,T,2024-06-21,1000000.00,4.442611,100.501953125
08:00:34,91282CKV2,TSRYS5823596,D,S,T,2024-06-21,1000000.00,4.443317,100.5
08:00:34,91282CKV2,TSRYS5823596,D,S,T,2024-06-21,1000000.00,4.444728,100.49609375
08:00:34,91282CKV2,TSRYS5823596,D,S,T,2024-06-21,1000000.00,4.44614,100.4921875
08:00:34,91282CKV2,TSRYS5823596,D,S,T,2024-06-21,1000000.00,4.442611,100.501953125
08:00:34,91282CKV2,TSRYS5823596,D,S,T,2024-06-21,1000000.00,4.441905,100.50390625
08:00:34,91282CKV2,TSRYS5823596,D,S,T,2024-06-21,1000000.00,4.441199,100.505859375
08:00:34,91282CKV2,TSRYS5823596,D,S,T,2024-06-21,1000000.00,4.441905,100.50390625
08:00:34,91282CKV2,TSRYS5823596,D,S,T,2024-06-21,1000000.00,4.440493,100.5078125
08:00:34,91282CKV2,TSRYS5823596,D,S,T,2024-06-21,1000000.00,4.439082,100.51171875
08:00:34,91282CKV2,TSRYS5823596,D,S,T,2024-06-21,1000000.00,4.439082,100.51171875
08:00:34,91282CKV2,TSRYS5823596,D,S,T,2024-06-21,1000000.00,4.441905,100.50390625
08:00:34,91282CKV2,TSRYS5823596,D,S,T,2024-06-21,1000000.00,4.441905,100.50390625
08:00:34,91282CKV2,TSRYS5823596,D,S,T,2024-06-21,1000000.00,4.440493,100.5078125
08:00:34,91282CKV2,TSRYS5823596,D,S,T,2024-06-21,1000000.00,4.437671,100.515625
08:00:34,91282CKV2,TSRYS5823596,D,S,T,2024-06-21,1000000.00,4.437671,100.515625
08:00:34,91282CKV2,TSRYS5823596,D,S,T,2024-06-21,1000000.00,4.439082,100.51171875
08:00:34,91282CKV2,TSRYS5823596,D,S,T,2024-06-21,1000000.00,4.439082,100.51171875
08:00:34,91282CKV2,TSRYS5823596,D,S,T,2024-06-21,1000000.00,4.440493,100.5078125
08:00:34,91282CKV2,TSRYS5823596,D,S,T,2024-06-21,1000000.00,4.440493,100.5078125
08:00:34,91282CKV2,TSRYS5823596,D,S,T,2024-06-21,1000000.00,4.440493,100.5078125
08:00:34,91282CKV2,TSRYS5823596,D,S,T,2024-06-21,1000000.00,4.437671,100.515625
08:00:34,91282CKV2,TSRYS5823596,D,S,T,2024-06-21,1000000.00,4.437671,100.515625
08:00:34,91282CKV2,TSRYS5823596,D,S,T,2024-06-21,1000000.00,4.437671,100.515625
08:00:34,91282CKV2,TSRYS5823596,D,S,T,2024-06-21,1000000.00,4.437671,100.515625
08:00:34,91282CKV2,TSRYS5823596,D,S,T,2024-06-21,1000000.00,4.437671,100.515625
08:00:34,91282CKV2,TSRYS5823596,D,S,T,2024-06-21,1000000.00,4.437671,100.515625
08:00:34,91282CKV2,TSRYS5823596,D,S,T,2024-06-21,1000000.00,4.437671,100.515625
08:00:34,91282CKV2,TSRYS5823596,D,S,T,2024-06-21,1000000.00,4.439082,100.51171875
08:00:34,91282CKV2,TSRYS5823596,D,S,T,2024-06-21,1000000.00,4.439082,100.51171875
08:00:34,91282CKV2,TSRYS5823596,D,S,T,2024-06-21,1000000.00,4.441905,100.50390625
08:00:34,91282CKV2,TSRYS5823596,D,S,T,2024-06-21,1000000.00,4.444022,100.498046875
08:00:34,91282CKV2,TSRYS5823596,D,S,T,2024-06-21,1000000.00,4.444728,100.49609375
08:00:34,91282CKV2,TSRYS5823596,D,S,T,2024-06-21,1000000.00,4.443317,100.5
08:00:34,91282CKV2,TSRYS5823596,D,S,T,2024-06-21,1000000.00,4.441905,100.50390625
08:00:34,91282CKV2,TSRYS5823596,D,S,T,2024-06-21,1000000.00,4.441905,100.50390625
08:00:34,91282CKV2,TSRYS5823596,D,S,T,2024-06-21,1000000.00,4.441905,100.50390625
08:00:34,91282CKV2,TSRYS5823596,D,S,T,2024-06-21,1000000.00,4.439082,100.51171875
08:00:34,91282CKV2,TSRYS5823596,D,S,T,2024-06-21,1000000.00,4.439082,100.51171875
08:00:34,91282CKV2,TSRYS5823596,D,S,T,2024-06-21,1000000.00,4.437671,100.515625
08:00:34,91282CKV2,TSRYS5823596,D,S,T,2024-06-21,1000000.00,4.437671,100.515625
08:00:34,91282CKV2,TSRYS5823596,D,S,T,2024-06-21,1000000.00,4.440493,100.5078125
08:00:34,91282CKV2,TSRYS5823596,D,S,T,2024-06-21,1000000.00,4.440493,100.5078125
08:00:34,91282CKV2,TSRYS5823596,D,S,T,2024-06-21,1000000.00,4.440493,100.5078125
08:00:34,91282CKV2,TSRYS5823596,D,S,T,2024-06-21,1000000.00,4.440493,100.5078125
08:00:34,91282CKV2,TSRYS5823596,D,S,T,2024-06-21,8000000.00,4.440493,100.5078125
08:00:34,91282CKV2,TSRYS5823596,D,S,T,2024-06-21,1000000.00,4.440493,100.5078125
08:00:34,91282CKV2,TSRYS5823596,D,S,T,2024-06-21,1000000.00,4.440493,100.5078125
08:00:34,91282CKV2,TSRYS5823596,D,S,T,2024-06-21,1000000.00,4.439082,100.51171875
08:00:34,91282CKV2,TSRYS5823596,D,S,T,2024-06-21,1000000.00,4.439082,100.51171875
08:00:34,91282CKV2,TSRYS5823596,D,S,T,2024-06-21,1000000.00,4.436965,100.517578125
08:00:34,91282CKV2,TSRYS5823596,D,S,T,2024-06-21,1000000.00,4.437671,100.515625
08:00:34,91282CKV2,TSRYS5823596,D,S,T,2024-06-21,1000000.00,4.434848,100.5234375
08:00:34,91282CKV2,TSRYS5823596,D,S,T,2024-06-21,1000000.00,4.434848,100.5234375
08:00:34,91282CKV2,TSRYS5823596,D,S,T,2024-06-21,1000000.00,4.434848,100.5234375
08:00:34,91282CKV2,TSRYS5823596,D,S,T,2024-06-21,1000000.00,4.434848,100.5234375
08:00:34,91282CKV2,TSRYS5823596,D,S,T,2024-06-21,1000000.00,4.434848,100.5234375
08:00:34,91282CKV2,TSRYS5823596,D,S,T,2024-06-21,1000000.00,4.434848,100.5234375
08:00:34,91282CKV2,TSRYS5823596,D,S,T,2024-06-21,1000000.00,4.434848,100.5234375
08:00:34,91282CKV2,TSRYS5823596,D,S,T,2024-06-21,1000000.00,4.434848,100.5234375
08:00:34,91282CKV2,TSRYS5823596,D,S,T,2024-06-21,1000000.00,4.436259,100.51953125
08:00:34,91282CKV2,TSRYS5823596,D,S,T,2024-06-21,1000000.00,4.436259,100.51953125
08:00:34,91282CKV2,TSRYS5823596,D,S,T,2024-06-21,1000000.00,4.436259,100.51953125
08:00:34,91282CKV2,TSRYS5823596,D,S,T,2024-06-21,1000000.00,4.436259,100.51953125
08:00:34,91282CKV2,TSRYS5823596,D,S,T,2024-06-21,1000000.00,4.436259,100.51953125
08:00:34,91282CKV2,TSRYS5823596,D,S,T,2024-06-21,1000000.00,4.437671,100.515625
08:00:34,91282CKV2,TSRYS5823596,D,S,T,2024-06-21,1000000.00,4.436259,100.51953125
08:00:34,91282CKV2,TSRYS5823596,D,S,T,2024-06-21,1000000.00,4.432026,100.53125
08:00:34,91282CKV2,TSRYS5823596,D,S,T,2024-06-21,1000000.00,4.432026,100.53125
08:00:34,91282CKV2,TSRYS5823596,D,S,T,2024-06-21,1000000.00,4.432026,100.53125
08:00:34,91282CKV2,TSRYS5823596,D,S,T,2024-06-21,3000000.00,4.432731,100.529296875
08:00:34,91282CKV2,TSRYS5823596,D,S,T,2024-06-21,1000000.00,4.433437,100.52734375
08:00:34,91282CKV2,TSRYS5823596,D,S,T,2024-06-21,1000000.00,4.434848,100.5234375
08:00:34,91282CKV2,TSRYS5823596,D,S,T,2024-06-21,1000000.00,4.437671,100.515625
08:00:34,91282CKV2,TSRYS5823596,D,S,T,2024-06-21,1000000.00,4.437671,100.515625
08:00:34,91282CKV2,TSRYS5823596,D,S,T,2024-06-21,1000000.00,4.437671,100.515625
08:00:34,91282CKV2,TSRYS5823596,D,S,T,2024-06-21,1000000.00,4.439082,100.51171875
08:00:34,91282CKV2,TSRYS5823596,D,S,T,2024-06-21,1000000.00,4.439082,100.51171875
08:00:34,91282CKV2,TSRYS5823596,D,S,T,2024-06-21,1000000.00,4.439082,100.51171875
08:00:34,91282CKV2,TSRYS5823596,D,S,T,2024-06-21,1000000.00,4.439788,100.509765625
08:00:34,91282CKV2,TSRYS5823596,D,S,T,2024-06-21,1000000.00,4.439082,100.51171875
08:00:34,91282CKV2,TSRYS5823596,D,S,T,2024-06-21,1000000.00,4.439082,100.51171875
08:00:34,91282CKV2,TSRYS5823596,D,S,T,2024-06-21,1000000.00,4.438376,100.513671875
08:00:34,91282CKV2,TSRYS5823596,D,S,T,2024-06-21,1000000.00,4.439082,100.51171875
08:00:34,91282CKV2,TSRYS5823596,D,S,T,2024-06-21,1000000.00,4.437671,100.515625
08:00:34,91282CKV2,TSRYS5823596,D,S,T,2024-06-21,1000000.00,4.436259,100.51953125
08:00:34,91282CKV2,TSRYS5823596,D,S,T,2024-06-21,1000000.00,4.436259,100.51953125
08:00:34,91282CKV2,TSRYS5823596,D,S,T,2024-06-21,1000000.00,4.436259,100.51953125
08:00:34,91282CKV2,TSRYS5823596,D,S,T,2024-06-21,1000000.00,4.437671,100.515625
08:00:34,91282CKV2,TSRYS5823596,D,S,T,2024-06-21,1000000.00,4.437671,100.515625
08:00:34,91282CKV2,TSRYS5823596,D,S,T,2024-06-21,1000000.00,4.437671,100.515625
08:00:34,91282CKV2,TSRYS5823596,D,S,T,2024-06-21,2000000.00,4.437671,100.515625
08:00:34,91282CKV2,TSRYS5823596,D,S,T,2024-06-21,2000000.00,4.437671,100.515625
08:00:34,91282CKV2,TSRYS5823596,D,S,T,2024-06-21,1000000.00,4.439082,100.51171875
08:00:34,91282CKV2,TSRYS5823596,D,S,T,2024-06-21,1000000.00,4.436965,100.517578125
08:00:34,91282CKV2,TSRYS5823596,D,S,T,2024-06-21,1000000.00,4.436965,100.517578125
08:00:34,91282CKV2,TSRYS5823596,D,S,T,2024-06-21,1000000.00,4.437671,100.515625
08:00:34,91282CKV2,TSRYS5823596,D,S,T,2024-06-21,1000000.00,4.437671,100.515625
08:00:34,91282CKV2,TSRYS5823596,D,S,T,2024-06-21,1000000.00,4.434848,100.5234375
08:00:34,91282CKV2,TSRYS5823596,D,S,T,2024-06-21,1000000.00,4.436965,100.517578125
08:00:34,91282CKV2,TSRYS5823596,D,S,T,2024-06-21,1000000.00,4.436965,100.517578125
08:00:34,91282CKV2,TSRYS5823596,D,S,T,2024-06-21,1000000.00,4.437671,100.515625
08:00:34,91282CKV2,TSRYS5823596,D,S,T,2024-06-21,6000000.00,4.437671,100.515625
08:00:34,91282CKV2,TSRYS5823596,D,S,T,2024-06-21,1000000.00,4.437671,100.515625
08:00:34,91282CKV2,TSRYS5823596,D,S,T,2024-06-21,1000000.00,4.437671,100.515625
08:00:34,91282CKV2,TSRYS5823596,D,S,T,2024-06-21,6000000.00,4.437671,100.515625
08:00:34,91282CKV2,TSRYS5823596,D,S,T,2024-06-21,1000000.00,4.437671,100.515625
08:00:34,91282CKV2,TSRYS5823596,D,S,T,2024-06-21,1000000.00,4.437671,100.515625
08:00:34,91282CKV2,TSRYS5823596,D,S,T,2024-06-21,1000000.00,4.436259,100.51953125
08:00:34,91282CKV2,TSRYS5823596,D,S,T,2024-06-21,1000000.00,4.434848,100.5234375
08:00:34,91282CKV2,TSRYS5823596,D,S,T,2024-06-21,1000000.00,4.434848,100.5234375
08:00:34,91282CKV2,TSRYS5823596,D,S,T,2024-06-21,1000000.00,4.436259,100.51953125
08:00:34,91282CKV2,TSRYS5823596,D,S,T,2024-06-21,1000000.00,4.436259,100.51953125
08:00:34,91282CKV2,TSRYS5823596,D,S,T,2024-06-21,1000000.00,4.434848,100.5234375
08:00:34,91282CKV2,TSRYS5823596,D,S,T,2024-06-21,1000000.00,4.433437,100.52734375
08:00:34,91282CKV2,TSRYS5823596,D,S,T,2024-06-21,1000000.00,4.432026,100.53125
08:00:34,91282CKV2,TSRYS5823596,D,S,T,2024-06-21,1000000.00,4.432026,100.53125
08:00:34,91282CKV2,TSRYS5823596,D,S,D,2024-06-21,1000000.00,4.4532,100.47265625
08:00:34,91282CKV2,TSRYS5823596,D,S,D,2024-06-21,1000000.00,4.443317,100.5
08:00:34,91282CKV2,TSRYS5823596,D,S,D,2024-06-21,1000000.00,4.439788,100.509765625
08:00:34,91282CKV2,TSRYS5823596,D,S,D,2024-06-21,1000000.00,4.440493,100.5078125
08:00:34,91282CKV2,TSRYS5823596,D,S,D,2024-06-21,1000000.00,4.440493,100.5078125
08:00:34,91282CKV2,TSRYS5823596,D,S,D,2024-06-21,1000000.00,4.438376,100.513671875
08:00:34,91282CKV2,TSRYS5823596,D,S,D,2024-06-21,1000000.00,4.438376,100.513671875
08:00:34,91282CKV2,TSRYS5823596,D,S,D,2024-06-21,1000000.00,4.438376,100.513671875
08:00:34,91282CKV2,TSRYS5823596,D,S,D,2024-06-21,1000000.00,4.438376,100.513671875
08:00:34,91282CKV2,TSRYS5823596,D,S,D,2024-06-21,1000000.00,4.438376,100.513671875
08:00:34,91282CKV2,TSRYS5823596,D,S,D,2024-06-21,1000000.00,4.438376,100.513671875
08:00:34,91282CKV2,TSRYS5823596,D,S,D,2024-06-21,1000000.00,4.438376,100.513671875
08:00:34,91282CKV2,TSRYS5823596,D,S,D,2024-06-21,1000000.00,4.438376,100.513671875
08:00:34,91282CKV2,TSRYS5823596,D,S,D,2024-06-21,1000000.00,4.438376,100.513671875
08:00:34,91282CKV2,TSRYS5823596,D,S,D,2024-06-21,1000000.00,4.438376,100.513671875
08:00:34,91282CKV2,TSRYS5823596,D,S,D,2024-06-21,1000000.00,4.438376,100.513671875
08:00:34,91282CKV2,TSRYS5823596,D,S,D,2024-06-21,1000000.00,4.438376,100.513671875
08:00:34,91282CKV2,TSRYS5823596,D,S,D,2024-06-21,1000000.00,4.438376,100.513671875
08:00:34,91282CKV2,TSRYS5823596,D,S,D,2024-06-21,1000000.00,4.438376,100.513671875
08:00:34,91282CKV2,TSRYS5823596,D,S,D,2024-06-21,1000000.00,4.438376,100.513671875
08:00:34,91282CKV2,TSRYS5823596,D,S,D,2024-06-21,2000000.00,4.440493,100.5078125
08:00:34,91282CKV2,TSRYS5823596,D,S,D,2024-06-21,1000000.00,4.445434,100.494140625
08:00:34,91282CKV2,TSRYS5823596,D,S,D,2024-06-21,1000000.00,4.441199,100.505859375
08:00:34,91282CKV2,TSRYS5823596,D,S,D,2024-06-21,1000000.00,4.440493,100.5078125
08:00:34,91282CKV2,TSRYS5823596,D,S,D,2024-06-21,1000000.00,4.434848,100.5234375
08:00:34,91282CKV2,TSRYS5823596,D,S,D,2024-06-21,1000000.00,4.439788,100.509765625
08:00:34,91282CKV2,TSRYS5823596,D,S,D,2024-06-21,1000000.00,4.437671,100.515625
08:00:34,91282CKV2,TSRYS5823596,D,S,D,2024-06-21,1000000.00,4.434848,100.5234375
08:00:34,91282CKV2,TSRYS5823596,D,S,D,2024-06-21,1000000.00,4.434848,100.5234375
08:00:34,91282CKV2,TSRYS5823596,D,S,D,2024-06-21,1000000.00,4.434848,100.5234375
08:00:34,91282CKV2,TSRYS5823596,D,S,D,2024-06-21,1000000.00,4.434848,100.5234375
08:00:34,91282CKV2,TSRYS5823596,D,S,D,2024-06-21,1000000.00,4.434142,100.525390625
08:00:34,91282CKV2,TSRYS5823596,D,S,T,2024-06-21,1000000.00,4.476508,100.408203125
08:00:34,91282CKV2,TSRYS5823596,D,S,T,2024-06-21,1000000.00,4.476508,100.408203125
08:00:34,91282CKV2,TSRYS5823596,D,S,T,2024-06-21,1000000.00,4.475095,100.412109375
08:00:34,91282CKV2,TSRYS5823596,D,S,T,2024-06-21,3000000.00,4.472975,100.41796875
08:00:34,91282CKV2,TSRYS5823596,D,S,T,2024-06-21,2000000.00,4.471562,100.421875
08:00:34,91282CKV2,TSRYS5823596,D,S,T,2024-06-21,1000000.00,4.472269,100.419921875
08:00:34,91282CKV2,TSRYS5823596,D,S,D,2024-06-21,1000000.00,4.4532,100.47265625
08:00:34,91282CKV2,TSRYS5823596,D,S,T,2024-06-21,1000000.00,4.453906,100.470703125
08:00:34,91282CKV2,TSRYS5823596,D,S,T,2024-06-21,1000000.00,4.4532,100.47265625
08:00:34,91282CKV2,TSRYS5823596,D,S,T,2024-06-21,1000000.00,4.453906,100.470703125
08:00:34,91282CKV2,TSRYS5823596,D,S,T,2024-06-21,1000000.00,4.4532,100.47265625
08:00:34,91282CKV2,TSRYS5823596,D,S,T,2024-06-21,1000000.00,4.4532,100.47265625
08:00:34,91282CKV2,TSRYS5823596,D,S,T,2024-06-21,1000000.00,4.444728,100.49609375
08:00:34,91282CKV2,TSRYS5823596,D,S,T,2024-06-21,1000000.00,4.442611,100.501953125
08:00:34,91282CKV2,TSRYS5823596,D,S,T,2024-06-21,1000000.00,4.441905,100.50390625
08:00:34,91282CKV2,TSRYS5823596,D,S,T,2024-06-21,1000000.00,4.439788,100.509765625
08:00:34,91282CKV2,TSRYS5823596,D,S,T,2024-06-21,1000000.00,4.439788,100.509765625
08:00:34,91282CKV2,TSRYS5823596,D,S,T,2024-06-21,1000000.00,4.440493,100.5078125
08:00:34,91282CKV2,TSRYS5823596,D,S,T,2024-06-21,1000000.00,4.440493,100.5078125
08:00:34,91282CKV2,TSRYS5823596,D,S,T,2024-06-21,1000000.00,4.445434,100.494140625
08:00:34,91282CKV2,TSRYS5823596,D,S,T,2024-06-21,1000000.00,4.445434,100.494140625
08:00:34,91282CKV2,TSRYS5823596,D,S,T,2024-06-21,2000000.00,4.445434,100.494140625
08:00:34,91282CKV2,TSRYS5823596,D,S,T,2024-06-21,1000000.00,4.443317,100.5
08:00:34,91282CKV2,TSRYS5823596,D,S,T,2024-06-21,1000000.00,4.443317,100.5
08:00:34,91282CKV2,TSRYS5823596,D,S,T,2024-06-21,2000000.00,4.443317,100.5
08:00:34,91282CKV2,TSRYS5823596,D,S,T,2024-06-21,1000000.00,4.444022,100.498046875
08:00:34,91282CKV2,TSRYS5823596,D,S,T,2024-06-21,1000000.00,4.441199,100.505859375
08:00:34,91282CKV2,TSRYS5823596,D,S,T,2024-06-21,1000000.00,4.441199,100.505859375
08:00:34,91282CKV2,TSRYS5823596,D,S,T,2024-06-21,1000000.00,4.439788,100.509765625
08:00:34,91282CKV2,TSRYS5823596,D,S,T,2024-06-21,2000000.00,4.439788,100.509765625
08:00:34,91282CKV2,TSRYS5823596,D,S,T,2024-06-21,1000000.00,4.433437,100.52734375
08:00:34,91282CKV2,TSRYS5823596,D,S,T,2024-06-21,1000000.00,4.433437,100.52734375
08:00:34,91282CKV2,TSRYS5823596,D,S,T,2024-06-21,1000000.00,4.433437,100.52734375
08:00:34,91282CKV2,TSRYS5823596,D,S,T,2024-06-21,1000000.00,4.436965,100.517578125
08:00:34,91282CKV2,TSRYS5823596,D,S,T,2024-06-21,1000000.00,4.437671,100.515625
08:00:34,91282CKV2,TSRYS5823596,D,S,T,2024-06-21,1000000.00,4.4532,100.47265625
08:00:34,91282CKV2,TSRYS5823596,D,S,T,2024-06-21,1000000.00,4.443317,100.5
08:00:34,91282CKV2,TSRYS5823596,D,B,C,2024-06-21,4200000.00,4.43632,100.51936325
08:00:38,91282CKV2,TSRYS5823596,D,S,D,2024-06-21,2000000.00,4.441905,100.50390625
08:00:38,91282CKV2,TSRYS5823596,D,S,D,2024-06-21,1000000.00,4.441905,100.50390625
08:00:38,91282CKV2,TSRYS5823596,D,S,D,2024-06-21,1000000.00,4.441905,100.50390625
08:00:38,91282CKV2,TSRYS5823596,D,S,D,2024-06-21,2000000.00,4.441905,100.50390625
08:00:38,91282CKV2,TSRYS5823596,D,S,D,2024-06-21,2000000.00,4.441905,100.50390625
08:00:38,91282CKV2,TSRYS5823596,D,S,D,2024-06-21,2000000.00,4.441905,100.50390625
08:00:38,91282CKV2,TSRYS5823596,D,S,D,2024-06-21,1000000.00,4.441905,100.50390625
08:00:38,91282CKV2,TSRYS5823596,D,S,D,2024-06-21,2000000.00,4.441905,100.50390625
08:00:38,91282CKV2,TSRYS5823596,D,S,D,2024-06-21,2000000.00,4.441905,100.50390625
08:00:39,91282CKV2,TSRYS5823596,D,S,T,2024-06-21,1000000.00,4.432026,100.53125
08:00:39,91282CKV2,TSRYS5823596,D,S,T,2024-06-21,1000000.00,4.432026,100.53125
08:00:39,91282CKV2,TSRYS5823596,D,S,T,2024-06-21,1000000.00,4.432026,100.53125
08:00:39,91282CKV2,TSRYS5823596,D,S,T,2024-06-21,1000000.00,4.432026,100.53125
08:00:39,91282CKV2,TSRYS5823596,D,S,T,2024-06-21,2000000.00,4.432026,100.53125
08:00:39,91282CKV2,TSRYS5823596,D,S,T,2024-06-21,1000000.00,4.432026,100.53125
08:00:39,91282CKV2,TSRYS5823596,D,S,T,2024-06-21,1000000.00,4.432026,100.53125
08:00:39,91282CKV2,TSRYS5823596,D,S,T,2024-06-21,1000000.00,4.432026,100.53125
08:00:39,91282CKV2,TSRYS5823596,D,S,T,2024-06-21,1000000.00,4.432026,100.53125
08:00:39,91282CKV2,TSRYS5823596,D,S,T,2024-06-21,1000000.00,4.432026,100.53125
08:00:39,91282CKV2,TSRYS5823596,D,S,T,2024-06-21,3000000.00,4.432026,100.53125
08:00:39,91282CKV2,TSRYS5823596,D,S,T,2024-06-21,1000000.00,4.432026,100.53125
08:00:39,91282CKV2,TSRYS5823596,D,S,T,2024-06-21,1000000.00,4.432026,100.53125
08:00:39,91282CKV2,TSRYS5823596,D,S,T,2024-06-21,1000000.00,4.432026,100.53125
08:00:39,91282CKV2,TSRYS5823596,D,S,T,2024-06-21,1000000.00,4.432026,100.53125
08:00:40,91282CKV2,TSRYS5823596,D,S,D,2024-06-21,1000000.00,4.437671,100.515625
08:00:40,91282CKV2,TSRYS5823596,D,S,D,2024-06-21,1000000.00,4.439082,100.51171875
08:00:41,91282CKV2,TSRYS5823596,D,S,T,2024-06-21,25000000.00,4.434848,100.5234375
08:00:41,91282CKV2,TSRYS5823596,D,S,D,2024-06-21,1000000.00,4.474389,100.4140625
08:00:41,91282CKV2,TSRYS5823596,D,S,C,2024-06-21,800000.00,4.475802,100.41015625
08:00:41,91282CKV2,TSRYS5823596,D,B,A,2024-06-21,24237000.00,4.475802,100.41015625
08:00:41,91282CKV2,TSRYS5823596,D,S,T,2024-06-21,5000000.00,4.472975,100.41796875
08:00:41,91282CKV2,TSRYS5823596,D,S,T,2024-06-21,5000000.00,4.472975,100.41796875
08:00:41,91282CKV2,TSRYS5823596,D,S,T,2024-06-21,1000000.00,4.472975,100.41796875
08:00:41,91282CKV2,TSRYS5823596,D,S,T,2024-06-21,1000000.00,4.472975,100.41796875
08:00:41,91282CKV2,TSRYS5823596,D,S,T,2024-06-21,5000000.00,4.472975,100.41796875
08:00:41,91282CKV2,TSRYS5823596,D,S,T,2024-06-21,1000000.00,4.472975,100.41796875
08:00:41,91282CKV2,TSRYS5823596,D,S,T,2024-06-21,5000000.00,4.472975,100.41796875
08:00:41,91282CKV2,TSRYS5823596,D,S,T,2024-06-21,2000000.00,4.472269,100.419921875
08:00:41,91282CKV2,TSRYS5823596,D,S,T,2024-06-21,5000000.00,4.472975,100.41796875
08:00:41,91282CKV2,TSRYS5823596,D,S,T,2024-06-21,1000000.00,4.472975,100.41796875
08:00:41,91282CKV2,TSRYS5823596,D,S,T,2024-06-21,1000000.00,4.472975,100.41796875
08:00:41,91282CKV2,TSRYS5823596,D,S,T,2024-06-21,1000000.00,4.472975,100.41796875
08:00:41,91282CKV2,TSRYS5823596,D,S,T,2024-06-21,5000000.00,4.472975,100.41796875
08:00:41,91282CKV2,TSRYS5823596,D,S,T,2024-06-21,3000000.00,4.472975,100.41796875
08:00:41,91282CKV2,TSRYS5823596,D,S,T,2024-06-21,5000000.00,4.472975,100.41796875
08:00:41,91282CKV2,TSRYS5823596,D,S,T,2024-06-21,1000000.00,4.472975,100.41796875
08:00:41,91282CKV2,TSRYS5823596,D,S,T,2024-06-21,1000000.00,4.472975,100.41796875
08:00:41,91282CKV2,TSRYS5823596,D,S,T,2024-06-21,2000000.00,4.472975,100.41796875
08:00:41,91282CKV2,TSRYS5823596,D,S,T,2024-06-21,1000000.00,4.472975,100.41796875
08:00:41,91282CKV2,TSRYS5823596,D,S,T,2024-06-21,1000000.00,4.472975,100.41796875
08:00:41,91282CKV2,TSRYS5823596,D,S,T,2024-06-21,1000000.00,4.472975,100.41796875
08:00:41,91282CKV2,TSRYS5823596,D,S,T,2024-06-21,1000000.00,4.472975,100.41796875
08:00:41,91282CKV2,TSRYS5823596,D,S,T,2024-06-21,1000000.00,4.472975,100.41796875
08:00:41,91282CKV2,TSRYS5823596,D,S,T,2024-06-21,1000000.00,4.472975,100.41796875
08:00:41,91282CKV2,TSRYS5823596,D,S,T,2024-06-21,1000000.00,4.472975,100.41796875
08:00:41,91282CKV2,TSRYS5823596,D,S,T,2024-06-21,1000000.00,4.472975,100.41796875
08:00:41,91282CKV2,TSRYS5823596,D,S,T,2024-06-21,1000000.00,4.472975,100.41796875
08:00:41,91282CKV2,TSRYS5823596,D,S,T,2024-06-21,1000000.00,4.472975,100.41796875
08:00:41,91282CKV2,TSRYS5823596,D,S,T,2024-06-21,1000000.00,4.472975,100.41796875
08:00:41,91282CKV2,TSRYS5823596,D,S,T,2024-06-21,2000000.00,4.472975,100.41796875
08:00:41,91282CKV2,TSRYS5823596,D,S,T,2024-06-21,4000000.00,4.472975,100.41796875
08:00:41,91282CKV2,TSRYS5823596,D,S,T,2024-06-21,1000000.00,4.472975,100.41796875
08:00:41,91282CKV2,TSRYS5823596,D,S,T,2024-06-21,1000000.00,4.472975,100.41796875
08:00:41,91282CKV2,TSRYS5823596,D,S,T,2024-06-21,5000000.00,4.472975,100.41796875
08:00:41,91282CKV2,TSRYS5823596,D,S,T,2024-06-21,1000000.00,4.472975,100.41796875
08:00:41,91282CKV2,TSRYS5823596,D,S,T,2024-06-21,2000000.00,4.472975,100.41796875
08:00:41,91282CKV2,TSRYS5823596,D,S,T,2024-06-21,2000000.00,4.472975,100.41796875
08:00:41,91282CKV2,TSRYS5823596,D,S,T,2024-06-21,1000000.00,4.472975,100.41796875
08:00:41,91282CKV2,TSRYS5823596,D,S,T,2024-06-21,5000000.00,4.472975,100.41796875
08:00:41,91282CKV2,TSRYS5823596,D,S,T,2024-06-21,1000000.00,4.472975,100.41796875
08:00:41,91282CKV2,TSRYS5823596,D,S,T,2024-06-21,1000000.00,4.472975,100.41796875
08:00:41,91282CKV2,TSRYS5823596,D,S,T,2024-06-21,1000000.00,4.472975,100.41796875
08:00:41,91282CKV2,TSRYS5823596,D,S,T,2024-06-21,1000000.00,4.472975,100.41796875
08:00:41,91282CKV2,TSRYS5823596,D,S,T,2024-06-21,5000000.00,4.472975,100.41796875
08:00:41,91282CKV2,TSRYS5823596,D,S,T,2024-06-21,1000000.00,4.472975,100.41796875
08:00:41,91282CKV2,TSRYS5823596,D,S,T,2024-06-21,1000000.00,4.472975,100.41796875
08:00:41,91282CKV2,TSRYS5823596,D,S,T,2024-06-21,1000000.00,4.472975,100.41796875
08:00:41,91282CKV2,TSRYS5823596,D,S,T,2024-06-21,1000000.00,4.472975,100.41796875
08:00:41,91282CKV2,TSRYS5823596,D,S,T,2024-06-21,1000000.00,4.472975,100.41796875
08:00:41,91282CKV2,TSRYS5823596,D,S,T,2024-06-21,2000000.00,4.465911,100.4375
08:00:41,91282CKV2,TSRYS5823596,D,S,T,2024-06-21,1000000.00,4.465911,100.4375
08:00:41,91282CKV2,TSRYS5823596,D,S,T,2024-06-21,1000000.00,4.465911,100.4375
08:00:41,91282CKV2,TSRYS5823596,D,S,T,2024-06-21,4000000.00,4.465911,100.4375
08:00:41,91282CKV2,TSRYS5823596,D,S,T,2024-06-21,5000000.00,4.465911,100.4375
08:00:41,91282CKV2,TSRYS5823596,D,S,T,2024-06-21,7000000.00,4.465911,100.4375
08:00:41,91282CKV2,TSRYS5823596,D,S,T,2024-06-21,5000000.00,4.465911,100.4375
08:00:41,91282CKV2,TSRYS5823596,D,S,T,2024-06-21,2000000.00,4.465911,100.4375
08:00:41,91282CKV2,TSRYS5823596,D,S,T,2024-06-21,3000000.00,4.465911,100.4375
08:00:41,91282CKV2,TSRYS5823596,D,S,T,2024-06-21,1000000.00,4.465911,100.4375
08:00:41,91282CKV2,TSRYS5823596,D,S,T,2024-06-21,1000000.00,4.465911,100.4375
08:00:41,91282CKV2,TSRYS5823596,D,S,T,2024-06-21,4000000.00,4.465911,100.4375
08:00:41,91282CKV2,TSRYS5823596,D,S,T,2024-06-21,1000000.00,4.465911,100.4375
08:00:41,91282CKV2,TSRYS5823596,D,S,T,2024-06-21,2000000.00,4.465911,100.4375
08:00:41,91282CKV2,TSRYS5823596,D,S,T,2024-06-21,1000000.00,4.465911,100.4375
08:00:41,91282CKV2,TSRYS5823596,D,S,T,2024-06-21,1000000.00,4.465911,100.4375
08:00:41,91282CKV2,TSRYS5823596,D,S,T,2024-06-21,2000000.00,4.465911,100.4375
08:00:41,91282CKV2,TSRYS5823596,D,S,T,2024-06-21,1000000.00,4.465911,100.4375
08:00:41,91282CKV2,TSRYS5823596,D,S,T,2024-06-21,1000000.00,4.465911,100.4375
08:00:41,91282CKV2,TSRYS5823596,D,S,T,2024-06-21,1000000.00,4.465911,100.4375
08:00:41,91282CKV2,TSRYS5823596,D,S,T,2024-06-21,1000000.00,4.465911,100.4375
08:00:41,91282CKV2,TSRYS5823596,D,S,T,2024-06-21,1000000.00,4.465911,100.4375
08:00:41,91282CKV2,TSRYS5823596,D,S,T,2024-06-21,1000000.00,4.465911,100.4375
08:00:41,91282CKV2,TSRYS5823596,D,S,T,2024-06-21,1000000.00,4.465911,100.4375
08:00:41,91282CKV2,TSRYS5823596,D,S,T,2024-06-21,1000000.00,4.465911,100.4375
08:00:41,91282CKV2,TSRYS5823596,D,S,T,2024-06-21,4000000.00,4.465911,100.4375
08:00:41,91282CKV2,TSRYS5823596,D,S,T,2024-06-21,1000000.00,4.465911,100.4375
08:00:41,91282CKV2,TSRYS5823596,D,S,T,2024-06-21,4000000.00,4.465911,100.4375
08:00:41,91282CKV2,TSRYS5823596,D,S,T,2024-06-21,1000000.00,4.465911,100.4375
08:00:41,91282CKV2,TSRYS5823596,D,S,T,2024-06-21,1000000.00,4.465911,100.4375
08:00:41,91282CKV2,TSRYS5823596,D,S,T,2024-06-21,2000000.00,4.465911,100.4375
08:00:41,91282CKV2,TSRYS5823596,D,S,T,2024-06-21,5000000.00,4.465911,100.4375
08:00:41,91282CKV2,TSRYS5823596,D,S,T,2024-06-21,1000000.00,4.465911,100.4375
08:00:41,91282CKV2,TSRYS5823596,D,S,T,2024-06-21,1000000.00,4.465911,100.4375
08:00:41,91282CKV2,TSRYS5823596,D,S,T,2024-06-21,1000000.00,4.465911,100.4375
08:00:41,91282CKV2,TSRYS5823596,D,S,T,2024-06-21,2000000.00,4.465911,100.4375
08:00:41,91282CKV2,TSRYS5823596,D,S,T,2024-06-21,5000000.00,4.465911,100.4375
08:00:41,91282CKV2,TSRYS5823596,D,S,T,2024-06-21,1000000.00,4.465911,100.4375
08:00:41,91282CKV2,TSRYS5823596,D,S,T,2024-06-21,3000000.00,4.465911,100.4375
08:00:41,91282CKV2,TSRYS5823596,D,S,T,2024-06-21,4000000.00,4.465911,100.4375
08:00:41,91282CKV2,TSRYS5823596,D,S,T,2024-06-21,1000000.00,4.465911,100.4375
08:00:41,91282CKV2,TSRYS5823596,D,S,T,2024-06-21,1000000.00,4.465911,100.4375
08:00:41,91282CKV2,TSRYS5823596,D,S,T,2024-06-21,1000000.00,4.465911,100.4375
08:00:41,91282CKV2,TSRYS5823596,D,S,T,2024-06-21,1000000.00,4.464498,100.44140625
08:00:41,91282CKV2,TSRYS5823596,D,S,T,2024-06-21,1000000.00,4.465911,100.4375
08:00:41,91282CKV2,TSRYS5823596,D,S,T,2024-06-21,4000000.00,4.464498,100.44140625
08:00:41,91282CKV2,TSRYS5823596,D,S,T,2024-06-21,5000000.00,4.464498,100.44140625
08:00:41,91282CKV2,TSRYS5823596,D,S,T,2024-06-21,1000000.00,4.464498,100.44140625
08:00:41,91282CKV2,TSRYS5823596,D,S,T,2024-06-21,1000000.00,4.464498,100.44140625
08:00:41,91282CKV2,TSRYS5823596,D,S,T,2024-06-21,1000000.00,4.464498,100.44140625
08:00:41,91282CKV2,TSRYS5823596,D,S,T,2024-06-21,2000000.00,4.464498,100.44140625
08:00:41,91282CKV2,TSRYS5823596,D,S,T,2024-06-21,1000000.00,4.464498,100.44140625
08:00:41,91282CKV2,TSRYS5823596,D,S,T,2024-06-21,1000000.00,4.464498,100.44140625
08:00:41,91282CKV2,TSRYS5823596,D,S,T,2024-06-21,4000000.00,4.464498,100.44140625
08:00:41,91282CKV2,TSRYS5823596,D,S,T,2024-06-21,5000000.00,4.464498,100.44140625
08:00:41,91282CKV2,TSRYS5823596,D,S,T,2024-06-21,5000000.00,4.464498,100.44140625
08:00:41,91282CKV2,TSRYS5823596,D,S,T,2024-06-21,5000000.00,4.464498,100.44140625
08:00:41,91282CKV2,TSRYS5823596,D,S,T,2024-06-21,3000000.00,4.464498,100.44140625
08:00:41,91282CKV2,TSRYS5823596,D,S,T,2024-06-21,1000000.00,4.464498,100.44140625
08:00:41,91282CKV2,TSRYS5823596,D,S,T,2024-06-21,1000000.00,4.461673,100.44921875
08:00:41,91282CKV2,TSRYS5823596,D,S,D,2024-06-21,1000000.00,4.458848,100.45703125
08:00:41,91282CKV2,TSRYS5823596,D,S,T,2024-06-21,1000000.00,4.460261,100.453125
08:00:41,91282CKV2,TSRYS5823596,D,S,T,2024-06-21,1000000.00,4.460261,100.453125
08:00:41,91282CKV2,TSRYS5823596,D,S,T,2024-06-21,2000000.00,4.460261,100.453125
08:00:41,91282CKV2,TSRYS5823596,D,S,T,2024-06-21,1000000.00,4.460967,100.451171875
08:00:41,91282CKV2,TSRYS5823596,D,S,T,2024-06-21,4000000.00,4.460967,100.451171875
08:00:41,91282CKV2,TSRYS5823596,D,S,T,2024-06-21,5000000.00,4.460967,100.451171875
08:00:41,91282CKV2,TSRYS5823596,D,S,T,2024-06-21,1000000.00,4.460967,100.451171875
08:00:41,91282CKV2,TSRYS5823596,D,S,T,2024-06-21,1000000.00,4.460967,100.451171875
08:00:41,91282CKV2,TSRYS5823596,D,S,T,2024-06-21,2000000.00,4.460967,100.451171875
08:00:41,91282CKV2,TSRYS5823596,D,S,T,2024-06-21,1000000.00,4.461673,100.44921875
08:00:41,91282CKV2,TSRYS5823596,D,S,T,2024-06-21,1000000.00,4.461673,100.44921875
08:00:41,91282CKV2,TSRYS5823596,D,S,T,2024-06-21,1000000.00,4.460967,100.451171875
08:00:41,91282CKV2,TSRYS5823596,D,S,T,2024-06-21,4000000.00,4.461673,100.44921875
08:00:41,91282CKV2,TSRYS5823596,D,S,T,2024-06-21,3000000.00,4.461673,100.44921875
08:00:41,91282CKV2,TSRYS5823596,D,S,T,2024-06-21,1000000.00,4.461673,100.44921875
08:00:41,91282CKV2,TSRYS5823596,D,S,T,2024-06-21,1000000.00,4.460967,100.451171875
08:00:41,91282CKV2,TSRYS5823596,D,S,T,2024-06-21,1000000.00,4.461673,100.44921875
08:00:41,91282CKV2,TSRYS5823596,D,S,T,2024-06-21,1000000.00,4.461673,100.44921875
08:00:41,91282CKV2,TSRYS5823596,D,S,T,2024-06-21,5000000.00,4.461673,100.44921875
08:00:41,91282CKV2,TSRYS5823596,D,S,T,2024-06-21,1000000.00,4.461673,100.44921875
08:00:41,91282CKV2,TSRYS5823596,D,S,T,2024-06-21,1000000.00,4.461673,100.44921875
08:00:41,91282CKV2,TSRYS5823596,D,S,T,2024-06-21,4000000.00,4.461673,100.44921875
08:00:41,91282CKV2,TSRYS5823596,D,S,T,2024-06-21,2000000.00,4.461673,100.44921875
08:00:41,91282CKV2,TSRYS5823596,D,S,T,2024-06-21,1000000.00,4.461673,100.44921875
08:00:41,91282CKV2,TSRYS5823596,D,S,T,2024-06-21,1000000.00,4.461673,100.44921875
08:00:41,91282CKV2,TSRYS5823596,D,S,T,2024-06-21,1000000.00,4.461673,100.44921875
08:00:41,91282CKV2,TSRYS5823596,D,S,T,2024-06-21,4000000.00,4.461673,100.44921875
08:00:41,91282CKV2,TSRYS5823596,D,S,T,2024-06-21,2000000.00,4.461673,100.44921875
08:00:41,91282CKV2,TSRYS5823596,D,S,T,2024-06-21,2000000.00,4.461673,100.44921875
08:00:41,91282CKV2,TSRYS5823596,D,S,T,2024-06-21,5000000.00,4.461673,100.44921875
08:00:41,91282CKV2,TSRYS5823596,D,S,T,2024-06-21,1000000.00,4.461673,100.44921875
08:00:41,91282CKV2,TSRYS5823596,D,S,T,2024-06-21,4000000.00,4.461673,100.44921875
08:00:41,91282CKV2,TSRYS5823596,D,S,T,2024-06-21,3000000.00,4.461673,100.44921875
08:00:41,91282CKV2,TSRYS5823596,D,S,T,2024-06-21,1000000.00,4.461673,100.44921875
08:00:41,91282CKV2,TSRYS5823596,D,S,D,2024-06-21,1000000.00,4.437671,100.515625
08:00:41,91282CKV2,TSRYS5823596,D,S,T,2024-06-21,2000000.00,4.461673,100.44921875
08:00:41,91282CKV2,TSRYS5823596,D,S,T,2024-06-21,1000000.00,4.461673,100.44921875
08:00:41,91282CKV2,TSRYS5823596,D,S,T,2024-06-21,3000000.00,4.461673,100.44921875
08:00:41,91282CKV2,TSRYS5823596,D,S,C,2024-06-21,2300000.00,4.458848,100.45703125
08:00:41,91282CKV2,TSRYS5823596,D,S,T,2024-06-21,5000000.00,4.4532,100.47265625
08:00:41,91282CKV2,TSRYS5823596,D,S,C,2024-06-21,2970000.00,4.446736,100.4921875
08:00:41,91282CKV2,TSRYS5823596,D,S,A,2024-06-21,838400.00,4.441905,100.50390625
08:00:41,91282CKV2,TSRYS5823596,D,S,D,2024-06-21,43000000.00,4.477056,100.40669
08:00:41,91282CKV2,TSRYS5823596,D,S,A,2024-06-21,1000000.00,4.437671,100.515625
08:00:41,91282CKV2,TSRYS5823596,D,S,A,2024-06-21,1000000.00,4.437671,100.515625
08:00:42,91282CKV2,TSRYS5823596,D,S,T,2024-06-21,1000000.00,4.437671,100.515625
08:00:42,91282CKV2,TSRYS5823596,D,S,T,2024-06-21,3000000.00,4.437671,100.515625
08:00:42,91282CKV2,TSRYS5823596,D,S,T,2024-06-21,1000000.00,4.437671,100.515625
08:00:42,91282CKV2,TSRYS5823596,D,S,T,2024-06-21,5000000.00,4.437671,100.515625
08:00:42,91282CKV2,TSRYS5823596,D,S,T,2024-06-21,4000000.00,4.437671,100.515625
08:00:42,91282CKV2,TSRYS5823596,D,S,T,2024-06-21,5000000.00,4.437671,100.515625
08:00:42,91282CKV2,TSRYS5823596,D,S,T,2024-06-21,5000000.00,4.437671,100.515625
08:00:42,91282CKV2,TSRYS5823596,D,S,T,2024-06-21,1000000.00,4.437671,100.515625
08:00:42,91282CKV2,TSRYS5823596,D,S,T,2024-06-21,3000000.00,4.437671,100.515625
08:00:42,91282CKV2,TSRYS5823596,D,S,T,2024-06-21,4000000.00,4.437671,100.515625
08:00:42,91282CKV2,TSRYS5823596,D,S,T,2024-06-21,2000000.00,4.437671,100.515625
08:00:42,91282CKV2,TSRYS5823596,D,S,T,2024-06-21,1000000.00,4.437671,100.515625
08:00:42,91282CKV2,TSRYS5823596,D,S,T,2024-06-21,1000000.00,4.437671,100.515625
08:00:42,91282CKV2,TSRYS5823596,D,S,T,2024-06-21,1000000.00,4.437671,100.515625
08:00:42,91282CKV2,TSRYS5823596,D,S,T,2024-06-21,2000000.00,4.437671,100.515625
08:00:42,91282CKV2,TSRYS5823596,D,S,T,2024-06-21,1000000.00,4.437671,100.515625
08:00:42,91282CKV2,TSRYS5823596,D,S,T,2024-06-21,3000000.00,4.437671,100.515625
08:00:42,91282CKV2,TSRYS5823596,D,S,T,2024-06-21,1000000.00,4.437671,100.515625
08:00:42,91282CKV2,TSRYS5823596,D,S,T,2024-06-21,5000000.00,4.437671,100.515625
08:00:42,91282CKV2,TSRYS5823596,D,S,T,2024-06-21,1000000.00,4.437671,100.515625
08:00:42,91282CKV2,TSRYS5823596,D,S,T,2024-06-21,1000000.00,4.437671,100.515625
08:00:42,91282CKV2,TSRYS5823596,D,S,T,2024-06-21,1000000.00,4.437671,100.515625
08:00:42,91282CKV2,TSRYS5823596,D,S,T,2024-06-21,5000000.00,4.437671,100.515625
08:00:42,91282CKV2,TSRYS5823596,D,S,T,2024-06-21,1000000.00,4.437671,100.515625
08:00:42,91282CKV2,TSRYS5823596,D,S,T,2024-06-21,5000000.00,4.437671,100.515625
08:00:42,91282CKV2,TSRYS5823596,D,S,T,2024-06-21,1000000.00,4.437671,100.515625
08:00:42,91282CKV2,TSRYS5823596,D,S,T,2024-06-21,1000000.00,4.437671,100.515625
08:00:42,91282CKV2,TSRYS5823596,D,S,T,2024-06-21,1000000.00,4.437671,100.515625
08:00:42,91282CKV2,TSRYS5823596,D,S,T,2024-06-21,5000000.00,4.437671,100.515625
08:00:42,91282CKV2,TSRYS5823596,D,S,T,2024-06-21,5000000.00,4.437671,100.515625
08:00:42,91282CKV2,TSRYS5823596,D,S,T,2024-06-21,1000000.00,4.437671,100.515625
08:00:42,91282CKV2,TSRYS5823596,D,S,T,2024-06-21,1000000.00,4.437671,100.515625
08:00:42,91282CKV2,TSRYS5823596,D,S,T,2024-06-21,2000000.00,4.437671,100.515625
08:00:42,91282CKV2,TSRYS5823596,D,S,T,2024-06-21,1000000.00,4.437671,100.515625
08:00:42,91282CKV2,TSRYS5823596,D,S,T,2024-06-21,1000000.00,4.437671,100.515625
08:00:42,91282CKV2,TSRYS5823596,D,S,T,2024-06-21,2000000.00,4.437671,100.515625
08:00:42,91282CKV2,TSRYS5823596,D,S,T,2024-06-21,3000000.00,4.437671,100.515625
08:00:42,91282CKV2,TSRYS5823596,D,S,T,2024-06-21,5000000.00,4.437671,100.515625
08:00:42,91282CKV2,TSRYS5823596,D,S,T,2024-06-21,4000000.00,4.434848,100.5234375
08:00:42,91282CKV2,TSRYS5823596,D,S,T,2024-06-21,4000000.00,4.434848,100.5234375
08:00:42,91282CKV2,TSRYS5823596,D,S,T,2024-06-21,1000000.00,4.434848,100.5234375
08:00:42,91282CKV2,TSRYS5823596,D,S,T,2024-06-21,1000000.00,4.434848,100.5234375
08:00:42,91282CKV2,TSRYS5823596,D,S,T,2024-06-21,1000000.00,4.434848,100.5234375
08:00:42,91282CKV2,TSRYS5823596,D,S,T,2024-06-21,1000000.00,4.434848,100.5234375
08:00:42,91282CKV2,TSRYS5823596,D,S,T,2024-06-21,3000000.00,4.434848,100.5234375
08:00:42,91282CKV2,TSRYS5823596,D,S,T,2024-06-21,2000000.00,4.434848,100.5234375
08:00:42,91282CKV2,TSRYS5823596,D,S,T,2024-06-21,5000000.00,4.434848,100.5234375
08:00:42,91282CKV2,TSRYS5823596,D,S,T,2024-06-21,1000000.00,4.434848,100.5234375
08:00:42,91282CKV2,TSRYS5823596,D,S,T,2024-06-21,4000000.00,4.434848,100.5234375
08:00:42,91282CKV2,TSRYS5823596,D,S,T,2024-06-21,5000000.00,4.434848,100.5234375
08:00:42,91282CKV2,TSRYS5823596,D,S,T,2024-06-21,1000000.00,4.434848,100.5234375
08:00:42,91282CKV2,TSRYS5823596,D,S,T,2024-06-21,1000000.00,4.434848,100.5234375
08:00:42,91282CKV2,TSRYS5823596,D,S,T,2024-06-21,1000000.00,4.434848,100.5234375
08:00:42,91282CKV2,TSRYS5823596,D,S,T,2024-06-21,4000000.00,4.434848,100.5234375
08:00:42,91282CKV2,TSRYS5823596,D,S,C,2024-06-21,5711000.00,4.437671,100.515625
08:00:42,91282CKV2,TSRYS5823596,D,S,D,2024-06-21,2000000.00,4.439082,100.51171875
08:00:42,91282CKV2,TSRYS5823596,D,S,D,2024-06-21,1000000.00,4.439082,100.51171875
08:00:42,91282CKV2,TSRYS5823596,D,S,D,2024-06-21,1000000.00,4.439082,100.51171875
08:00:43,91282CKV2,TSRYS5823596,D,S,D,2024-06-21,1000000.00,4.437671,100.515625
08:00:43,91282CKV2,TSRYS5823596,D,S,D,2024-06-21,2000000.00,4.436259,100.51953125
08:00:44,91282CKV2,TSRYS5823596,D,S,D,2024-06-21,1000000.00,4.436259,100.51953125
08:00:44,91282CKV2,TSRYS5823596,D,S,D,2024-06-21,1000000.00,4.434848,100.5234375
08:00:44,91282CKV2,TSRYS5823596,D,S,D,2024-06-21,1000000.00,4.434848,100.5234375
08:00:44,91282CKV2,TSRYS5823596,D,S,D,2024-06-21,1000000.00,4.434848,100.5234375
08:00:44,91282CKV2,TSRYS5823596,D,S,D,2024-06-21,1000000.00,4.434848,100.5234375
08:00:44,91282CKV2,TSRYS5823596,D,S,D,2024-06-21,1000000.00,4.436259,100.51953125
08:00:44,91282CKV2,TSRYS5823596,D,S,D,2024-06-21,1000000.00,4.437671,100.515625
08:00:44,91282CKV2,TSRYS5823596,D,S,D,2024-06-21,1000000.00,4.436259,100.51953125
08:00:45,91282CKV2,TSRYS5823596,D,S,D,2024-06-21,1000000.00,4.434848,100.5234375
08:00:45,91282CKV2,TSRYS5823596,D,S,D,2024-06-21,1000000.00,4.434848,100.5234375
08:00:46,91282CKV2,TSRYS5823596,D,S,D,2024-06-21,1000000.00,4.434848,100.5234375
08:00:46,91282CKV2,TSRYS5823596,D,S,D,2024-06-21,1000000.00,4.434848,100.5234375
08:00:46,91282CKV2,TSRYS5823596,D,S,D,2024-06-21,1000000.00,4.434848,100.5234375
08:00:47,91282CKV2,TSRYS5823596,D,S,T,2024-06-21,1000000.00,4.475802,100.41015625
08:00:47,91282CKV2,TSRYS5823596,D,S,T,2024-06-21,1000000.00,4.475802,100.41015625
08:00:47,91282CKV2,TSRYS5823596,D,S,T,2024-06-21,1000000.00,4.475802,100.41015625
08:00:48,91282CKV2,TSRYS5823596,D,S,C,2024-06-21,2720000.00,4.476323,100.41015625
08:00:49,91282CKV2,TSRYS5823596,D,B,A,2024-06-21,2000000.00,4.478628,100.40234375
08:00:49,91282CKV2,TSRYS5823596,D,S,T,2024-06-21,1000000.00,4.477921,100.404296875
08:00:49,91282CKV2,TSRYS5823596,D,S,T,2024-06-21,1000000.00,4.477921,100.404296875
08:00:49,91282CKV2,TSRYS5823596,D,S,T,2024-06-21,2000000.00,4.437671,100.515625
08:00:49,91282CKV2,TSRYS5823596,D,S,T,2024-06-21,1000000.00,4.437671,100.515625
08:00:49,91282CKV2,TSRYS5823596,D,S,T,2024-06-21,1000000.00,4.439082,100.51171875
08:00:49,91282CKV2,TSRYS5823596,D,S,T,2024-06-21,1000000.00,4.439082,100.51171875
08:00:49,91282CKV2,TSRYS5823596,D,S,T,2024-06-21,1000000.00,4.439082,100.51171875
08:00:49,91282CKV2,TSRYS5823596,D,S,D,2024-06-21,1000000.00,4.439788,100.509765625
08:00:49,91282CKV2,TSRYS5823596,D,S,A,2024-06-21,2000000.00,4.432378,100.530273438
08:00:49,91282CKV2,TSRYS5823596,D,S,D,2024-06-21,1000000.00,4.439788,100.509765625
08:00:49,91282CKV2,TSRYS5823596,D,S,D,2024-06-21,1000000.00,4.439788,100.509765625
08:00:49,91282CKV2,TSRYS5823596,D,S,D,2024-06-21,1000000.00,4.439788,100.509765625
08:00:49,91282CKV2,TSRYS5823596,D,S,T,2024-06-21,1000000.00,4.438376,100.513671875
08:00:49,91282CKV2,TSRYS5823596,D,S,T,2024-06-21,1000000.00,4.438376,100.513671875
08:00:50,91282CKV2,TSRYS5823596,D,S,T,2024-06-21,1000000.00,4.434848,100.5234375
08:00:50,91282CKV2,TSRYS5823596,D,S,T,2024-06-21,1000000.00,4.434848,100.5234375
08:00:50,91282CKV2,TSRYS5823596,D,S,D,2024-06-21,1000000.00,4.437671,100.515625
08:00:52,91282CKV2,TSRYS5823596,D,B,A,2024-06-21,1700000.00,4.47015,100.42578125
08:00:52,91282CKV2,TSRYS5823596,D,S,D,2024-06-21,1000000.00,4.47015,100.42578125
08:00:52,91282CKV2,TSRYS5823596,D,S,D,2024-06-21,1000000.00,4.47015,100.42578125
08:00:53,91282CKV2,TSRYS5823596,D,S,T,2024-06-21,1000000.00,4.475131,100.412009375
08:00:53,91282CKV2,TSRYS5823596,D,S,T,2024-06-21,2000000.00,4.475802,100.41015625
08:00:53,91282CKV2,TSRYS5823596,D,S,T,2024-06-21,2000000.00,4.475802,100.41015625
08:00:53,91282CKV2,TSRYS5823596,D,S,T,2024-06-21,5000000.00,4.475802,100.41015625
08:00:53,91282CKV2,TSRYS5823596,D,S,D,2024-06-21,2000000.00,4.475802,100.41015625
08:00:53,91282CKV2,TSRYS5823596,D,S,T,2024-06-21,2000000.00,4.475802,100.41015625
08:00:53,91282CKV2,TSRYS5823596,D,S,T,2024-06-21,1000000.00,4.437707,100.515525
08:00:53,91282CKV2,TSRYS5823596,D,S,D,2024-06-21,1000000.00,4.434848,100.5234375
08:00:53,91282CKV2,TSRYS5823596,D,S,D,2024-06-21,1000000.00,4.434848,100.5234375
08:00:53,91282CKV2,TSRYS5823596,D,S,T,2024-06-21,1000000.00,4.434848,100.5234375
08:00:53,91282CKV2,TSRYS5823596,D,S,T,2024-06-21,1000000.00,4.434848,100.5234375
08:00:54,91282CKV2,TSRYS5823596,D,S,T,2024-06-21,1000000.00,4.434848,100.5234375
08:00:54,91282CKV2,TSRYS5823596,D,S,T,2024-06-21,1000000.00,4.434848,100.5234375
08:00:54,91282CKV2,TSRYS5823596,D,S,T,2024-06-21,1000000.00,4.434848,100.5234375
08:00:54,91282CKV2,TSRYS5823596,D,S,T,2024-06-21,1000000.00,4.434848,100.5234375
08:00:54,91282CKV2,TSRYS5823596,D,S,D,2024-06-21,1000000.00,4.434848,100.5234375
08:00:54,91282CKV2,TSRYS5823596,D,S,T,2024-06-21,1000000.00,4.434848,100.5234375
08:00:54,91282CKV2,TSRYS5823596,D,S,T,2024-06-21,1000000.00,4.434848,100.5234375
08:00:54,91282CKV2,TSRYS5823596,D,S,T,2024-06-21,1000000.00,4.434848,100.5234375
08:00:55,91282CKV2,TSRYS5823596,D,S,D,2024-06-21,1000000.00,4.438376,100.513671875
08:00:56,91282CKV2,TSRYS5823596,D,S,D,2024-06-21,1000000.00,4.439788,100.509765625
08:00:56,91282CKV2,TSRYS5823596,D,S,D,2024-06-21,1000000.00,4.439788,100.509765625
08:00:56,91282CKV2,TSRYS5823596,D,S,T,2024-06-21,5000000.00,4.437671,100.515625
08:00:56,91282CKV2,TSRYS5823596,D,S,T,2024-06-21,1000000.00,4.436259,100.51953125
08:00:57,91282CKV2,TSRYS5823596,D,S,D,2024-06-21,3000000.00,4.436259,100.51953125
08:00:57,91282CKV2,TSRYS5823596,D,S,T,2024-06-21,2000000.00,4.432026,100.53125
08:00:57,91282CKV2,TSRYS5823596,D,S,T,2024-06-21,1000000.00,4.432026,100.53125
08:00:57,91282CKV2,TSRYS5823596,D,S,T,2024-06-21,1000000.00,4.432026,100.53125
08:01:00,91282CKV2,TSRYS5823596,D,B,A,2024-06-21,2500000.00,4.454612,100.46875
08:01:02,91282CKV2,TSRYS5823596,D,S,D,2024-06-21,1000000.00,4.47015,100.42578125
08:01:02,91282CKV2,TSRYS5823596,D,B,C,2024-06-21,1000000.00,4.475095,100.412109375
08:01:02,91282CKV2,TSRYS5823596,D,S,D,2024-06-21,1000000.00,4.475095,100.412109375
08:01:02,91282CKV2,TSRYS5823596,D,B,C,2024-06-21,1000000.00,4.47015,100.42578125
08:01:02,91282CKV2,TSRYS5823596,D,S,C,2024-06-21,1000000.00,4.474389,100.4140625
08:01:02,91282CKV2,TSRYS5823596,D,S,D,2024-06-21,2000000.00,4.475802,100.41015625
08:01:02,91282CKV2,TSRYS5823596,D,S,D,2024-06-21,2000000.00,4.477215,100.40625
08:01:02,91282CKV2,TSRYS5823596,D,S,D,2024-06-21,2000000.00,4.477215,100.40625
08:01:02,91282CKV2,TSRYS5823596,D,S,D,2024-06-21,2000000.00,4.477215,100.40625
08:01:02,91282CKV2,TSRYS5823596,D,B,C,2024-06-21,1000000.00,4.472975,100.41796875
08:01:02,91282CKV2,TSRYS5823596,D,S,C,2024-06-21,1000000.00,4.472975,100.41796875
08:01:02,91282CKV2,TSRYS5823596,D,B,C,2024-06-21,1000000.00,4.471562,100.421875
08:01:02,91282CKV2,TSRYS5823596,D,S,C,2024-06-21,1000000.00,4.471562,100.421875
08:01:02,91282CKV2,TSRYS5823596,D,B,C,2024-06-21,1000000.00,4.468737,100.4296875
08:01:02,91282CKV2,TSRYS5823596,D,S,C,2024-06-21,1000000.00,4.468737,100.4296875
08:01:02,91282CKV2,TSRYS5823596,D,S,C,2024-06-21,1000000.00,4.469443,100.427734375
08:01:02,91282CKV2,TSRYS5823596,D,S,C,2024-06-21,1000000.00,4.47015,100.42578125
08:01:02,91282CKV2,TSRYS5823596,D,S,C,2024-06-21,1000000.00,4.47015,100.42578125
08:01:02,91282CKV2,TSRYS5823596,D,S,D,2024-06-21,1000000.00,4.465205,100.439453125
08:01:02,91282CKV2,TSRYS5823596,D,B,C,2024-06-21,1000000.00,4.465205,100.439453125
08:01:02,91282CKV2,TSRYS5823596,D,S,C,2024-06-21,1000000.00,4.465205,100.439453125
08:01:03,91282CKV2,TSRYS5823596,D,S,C,2024-06-21,1000000.00,4.458848,100.45703125
08:01:03,91282CKV2,TSRYS5823596,D,B,C,2024-06-21,1000000.00,4.461673,100.44921875
08:01:03,91282CKV2,TSRYS5823596,D,B,C,2024-06-21,1000000.00,4.461673,100.44921875
08:01:03,91282CKV2,TSRYS5823596,D,S,C,2024-06-21,1000000.00,4.461673,100.44921875
08:01:03,91282CKV2,TSRYS5823596,D,S,C,2024-06-21,1000000.00,4.461673,100.44921875
08:01:03,91282CKV2,TSRYS5823596,D,S,C,2024-06-21,1000000.00,4.454612,100.46875
08:01:03,91282CKV2,TSRYS5823596,D,S,T,2024-06-21,18000000.00,4.432026,100.53125
08:01:03,91282CKV2,TSRYS5823596,D,S,D,2024-06-21,1000000.00,4.440493,100.5078125
08:01:03,91282CKV2,TSRYS5823596,D,B,C,2024-06-21,1000000.00,4.440493,100.5078125
08:01:03,91282CKV2,TSRYS5823596,D,S,D,2024-06-21,1000000.00,4.439788,100.509765625
08:01:03,91282CKV2,TSRYS5823596,D,B,C,2024-06-21,1000000.00,4.441905,100.50390625
08:01:03,91282CKV2,TSRYS5823596,D,S,D,2024-06-21,1000000.00,4.441905,100.50390625
08:01:03,91282CKV2,TSRYS5823596,D,S,D,2024-06-21,1000000.00,4.440493,100.5078125
08:01:03,91282CKV2,TSRYS5823596,D,B,C,2024-06-21,1000000.00,4.440493,100.5078125
08:01:03,91282CKV2,TSRYS5823596,D,S,A,2024-06-21,1350000.00,4.440493,100.5078125
08:01:03,91282CKV2,TSRYS5823596,D,S,C,2024-06-21,1000000.00,4.442611,100.501953125
08:01:03,91282CKV2,TSRYS5823596,D,S,D,2024-06-21,2000000.00,4.443317,100.5
08:01:03,91282CKV2,TSRYS5823596,D,B,C,2024-06-21,2000000.00,4.443317,100.5
08:01:03,91282CKV2,TSRYS5823596,D,S,D,2024-06-21,1000000.00,4.443317,100.5
08:01:03,91282CKV2,TSRYS5823596,D,B,C,2024-06-21,1000000.00,4.443317,100.5
08:01:03,91282CKV2,TSRYS5823596,D,B,C,2024-06-21,1000000.00,4.443317,100.5
08:01:03,91282CKV2,TSRYS5823596,D,S,D,2024-06-21,1000000.00,4.443317,100.5
08:01:04,91282CKV2,TSRYS5823596,D,S,D,2024-06-21,1000000.00,4.442611,100.501953125
08:01:04,91282CKV2,TSRYS5823596,D,B,C,2024-06-21,1000000.00,4.442611,100.501953125
08:01:04,91282CKV2,TSRYS5823596,D,S,C,2024-06-21,2000000.00,4.441905,100.50390625
08:01:04,91282CKV2,TSRYS5823596,D,S,D,2024-06-21,1000000.00,4.441905,100.50390625
08:01:05,91282CKV2,TSRYS5823596,D,S,D,2024-06-21,2000000.00,4.441905,100.50390625
08:01:05,91282CKV2,TSRYS5823596,D,S,D,2024-06-21,2000000.00,4.441905,100.50390625
08:01:05,91282CKV2,TSRYS5823596,D,S,D,2024-06-21,2000000.00,4.441905,100.50390625
08:01:05,91282CKV2,TSRYS5823596,D,S,D,2024-06-21,2000000.00,4.441905,100.50390625
08:01:05,91282CKV2,TSRYS5823596,D,S,D,2024-06-21,2000000.00,4.441905,100.50390625
08:01:05,91282CKV2,TSRYS5823596,D,S,D,2024-06-21,1000000.00,4.441905,100.50390625
08:01:05,91282CKV2,TSRYS5823596,D,S,C,2024-06-21,1000000.00,4.439788,100.509765625
08:01:05,91282CKV2,TSRYS5823596,D,S,T,2024-06-21,1000000.00,4.432731,100.529296875
08:01:05,91282CKV2,TSRYS5823596,D,S,D,2024-06-21,1000000.00,4.438376,100.513671875
08:01:05,91282CKV2,TSRYS5823596,D,S,T,2024-06-21,1000000.00,4.432026,100.53125
08:01:05,91282CKV2,TSRYS5823596,D,S,C,2024-06-21,1000000.00,4.440493,100.5078125
08:01:06,91282CKV2,TSRYS5823596,D,S,C,2024-06-21,1000000.00,4.437671,100.515625
08:01:06,91282CKV2,TSRYS5823596,D,B,C,2024-06-21,1000000.00,4.437671,100.515625
08:01:06,91282CKV2,TSRYS5823596,D,B,C,2024-06-21,1000000.00,4.437671,100.515625
08:01:06,91282CKV2,TSRYS5823596,D,S,C,2024-06-21,1000000.00,4.439082,100.51171875
08:01:06,91282CKV2,TSRYS5823596,D,S,D,2024-06-21,1000000.00,4.437671,100.515625
08:01:06,91282CKV2,TSRYS5823596,D,B,C,2024-06-21,1000000.00,4.439082,100.51171875
08:01:06,91282CKV2,TSRYS5823596,D,S,C,2024-06-21,1000000.00,4.439082,100.51171875
08:01:06,91282CKV2,TSRYS5823596,D,B,C,2024-06-21,1000000.00,4.439082,100.51171875
08:01:06,91282CKV2,TSRYS5823596,D,S,D,2024-06-21,1000000.00,4.439082,100.51171875
08:01:06,91282CKV2,TSRYS5823596,D,B,C,2024-06-21,1000000.00,4.439082,100.51171875
08:01:06,91282CKV2,TSRYS5823596,D,S,C,2024-06-21,4000000.00,4.439788,100.509765625
08:01:06,91282CKV2,TSRYS5823596,D,S,D,2024-06-21,1000000.00,4.472975,100.41796875
08:01:06,91282CKV2,TSRYS5823596,D,B,C,2024-06-21,1000000.00,4.472975,100.41796875
08:01:06,91282CKV2,TSRYS5823596,D,S,D,2024-06-21,1000000.00,4.472975,100.41796875
08:01:06,91282CKV2,TSRYS5823596,D,B,C,2024-06-21,1000000.00,4.472975,100.41796875
08:01:06,91282CKV2,TSRYS5823596,D,S,C,2024-06-21,1000000.00,4.437671,100.515625
08:01:06,91282CKV2,TSRYS5823596,D,B,C,2024-06-21,1000000.00,4.437671,100.515625
08:01:09,91282CKV2,TSRYS5823596,D,B,C,2024-06-21,1000000.00,4.473682,100.416015625
08:01:09,91282CKV2,TSRYS5823596,D,S,C,2024-06-21,1000000.00,4.473682,100.416015625
08:01:09,91282CKV2,TSRYS5823596,D,B,C,2024-06-21,1000000.00,4.473682,100.416015625
08:01:09,91282CKV2,TSRYS5823596,D,S,C,2024-06-21,1000000.00,4.473682,100.416015625
08:01:09,91282CKV2,TSRYS5823596,D,S,C,2024-06-21,2520000.00,4.434579,100.5236055
08:01:12,91282CKV2,TSRYS5823596,D,S,D,2024-06-21,1000000.00,4.434848,100.5234375
08:01:12,91282CKV2,TSRYS5823596,D,S,D,2024-06-21,1000000.00,4.475802,100.41015625
08:01:12,91282CKV2,TSRYS5823596,D,S,A,2024-06-21,20000.00,4.465911,100.4375
08:01:13,91282CKV2,TSRYS5823596,D,S,D,2024-06-21,1000000.00,4.474389,100.4140625
08:01:13,91282CKV2,TSRYS5823596,D,S,D,2024-06-21,1000000.00,4.474389,100.4140625
08:01:13,91282CKV2,TSRYS5823596,D,B,C,2024-06-21,1000000.00,4.473682,100.416015625
08:01:13,91282CKV2,TSRYS5823596,D,S,C,2024-06-21,1000000.00,4.473682,100.416015625
08:01:14,91282CKV2,TSRYS5823596,D,S,C,2024-06-21,200000.00,4.468737,100.4296875
08:01:15,91282CKV2,TSRYS5823596,D,S,C,2024-06-21,1000000.00,4.437671,100.515625
08:01:15,91282CKV2,TSRYS5823596,D,B,C,2024-06-21,2000000.00,4.439082,100.51171875
08:01:15,91282CKV2,TSRYS5823596,D,S,D,2024-06-21,1000000.00,4.439082,100.51171875
08:01:15,91282CKV2,TSRYS5823596,D,S,D,2024-06-21,2000000.00,4.439082,100.51171875
08:01:15,91282CKV2,TSRYS5823596,D,B,C,2024-06-21,1000000.00,4.439082,100.51171875
08:01:15,91282CKV2,TSRYS5823596,D,B,C,2024-06-21,2000000.00,4.439082,100.51171875
08:01:15,91282CKV2,TSRYS5823596,D,S,C,2024-06-21,2000000.00,4.439082,100.51171875
08:01:16,91282CKV2,TSRYS5823596,D,S,D,2024-06-21,1000000.00,4.439082,100.51171875
08:01:16,91282CKV2,TSRYS5823596,D,B,C,2024-06-21,1000000.00,4.439082,100.51171875
08:01:16,91282CKV2,TSRYS5823596,D,B,C,2024-06-21,1000000.00,4.439082,100.51171875
08:01:16,91282CKV2,TSRYS5823596,D,S,C,2024-06-21,1000000.00,4.439082,100.51171875
08:01:16,91282CKV2,TSRYS5823596,D,S,D,2024-06-21,1900000.00,4.439082,100.51171875
08:01:16,91282CKV2,TSRYS5823596,D,B,C,2024-06-21,1000000.00,4.437671,100.515625
08:01:16,91282CKV2,TSRYS5823596,D,S,D,2024-06-21,1000000.00,4.437671,100.515625
08:01:16,91282CKV2,TSRYS5823596,D,S,C,2024-06-21,1000000.00,4.437671,100.515625
08:01:16,91282CKV2,TSRYS5823596,D,B,C,2024-06-21,1000000.00,4.437671,100.515625
08:01:16,91282CKV2,TSRYS5823596,D,B,C,2024-06-21,1000000.00,4.437671,100.515625
08:01:16,91282CKV2,TSRYS5823596,D,S,D,2024-06-21,1000000.00,4.437671,100.515625
08:01:16,91282CKV2,TSRYS5823596,D,B,C,2024-06-21,2000000.00,4.436259,100.51953125
08:01:16,91282CKV2,TSRYS5823596,D,S,D,2024-06-21,2000000.00,4.436259,100.51953125
08:01:16,91282CKV2,TSRYS5823596,D,S,D,2024-06-21,1000000.00,4.436259,100.51953125
08:01:16,91282CKV2,TSRYS5823596,D,B,C,2024-06-21,1000000.00,4.436259,100.51953125
08:01:16,91282CKV2,TSRYS5823596,D,S,D,2024-06-21,1000000.00,4.434848,100.5234375
08:01:16,91282CKV2,TSRYS5823596,D,S,D,2024-06-21,1000000.00,4.434848,100.5234375
08:01:16,91282CKV2,TSRYS5823596,D,S,D,2024-06-21,1000000.00,4.434848,100.5234375
08:01:16,91282CKV2,TSRYS5823596,D,S,D,2024-06-21,1000000.00,4.434848,100.5234375
08:01:16,91282CKV2,TSRYS5823596,D,B,C,2024-06-21,1000000.00,4.436259,100.51953125
08:01:16,91282CKV2,TSRYS5823596,D,S,D,2024-06-21,1000000.00,4.436259,100.51953125
08:01:17,91282CKV2,TSRYS5823596,D,B,C,2024-06-21,1000000.00,4.437671,100.515625
08:01:17,91282CKV2,TSRYS5823596,D,S,D,2024-06-21,1000000.00,4.437671,100.515625
08:01:17,91282CKV2,TSRYS5823596,D,S,D,2024-06-21,1000000.00,4.436259,100.51953125
08:01:17,91282CKV2,TSRYS5823596,D,B,C,2024-06-21,1000000.00,4.436259,100.51953125
08:01:17,91282CKV2,TSRYS5823596,D,B,C,2024-06-21,1000000.00,4.434848,100.5234375
08:01:17,91282CKV2,TSRYS5823596,D,S,D,2024-06-21,1000000.00,4.434848,100.5234375
08:01:17,91282CKV2,TSRYS5823596,D,B,C,2024-06-21,1000000.00,4.434848,100.5234375
08:01:17,91282CKV2,TSRYS5823596,D,S,D,2024-06-21,1000000.00,4.434848,100.5234375
08:01:17,91282CKV2,TSRYS5823596,D,S,D,2024-06-21,1000000.00,4.434848,100.5234375
08:01:17,91282CKV2,TSRYS5823596,D,B,C,2024-06-21,1000000.00,4.434848,100.5234375
08:01:17,91282CKV2,TSRYS5823596,D,B,C,2024-06-21,1000000.00,4.434848,100.5234375
08:01:17,91282CKV2,TSRYS5823596,D,S,D,2024-06-21,1000000.00,4.434848,100.5234375
08:01:17,91282CKV2,TSRYS5823596,D,B,C,2024-06-21,1000000.00,4.434848,100.5234375
08:01:17,91282CKV2,TSRYS5823596,D,S,D,2024-06-21,1000000.00,4.434848,100.5234375
08:01:18,91282CKV2,TSRYS5823596,D,S,C,2024-06-21,900000.00,4.474389,100.4140625
08:01:22,91282CKV2,TSRYS5823596,D,B,A,2024-06-21,3500000.00,4.467324,100.43359375
08:01:22,91282CKV2,TSRYS5823596,D,S,C,2024-06-21,700000.00,4.461673,100.44921875
08:01:22,91282CKV2,TSRYS5823596,D,S,D,2024-06-21,4000000.00,4.477215,100.40625
08:01:23,91282CKV2,TSRYS5823596,D,S,D,2024-06-21,3000000.00,4.477215,100.40625
08:01:23,91282CKV2,TSRYS5823596,D,S,D,2024-06-21,350000.00,4.434848,100.5234375
08:01:23,91282CKV2,TSRYS5823596,D,S,D,2024-06-21,4000000.00,4.477215,100.40625
08:01:24,91282CKV2,TSRYS5823596,D,S,D,2024-06-21,1000000.00,4.443317,100.5
08:01:24,91282CKV2,TSRYS5823596,D,S,C,2024-06-21,2000000.00,4.443317,100.5
08:01:25,91282CKV2,TSRYS5823596,D,S,D,2024-06-21,1000000.00,4.443317,100.5
08:01:25,91282CKV2,TSRYS5823596,D,S,T,2024-06-21,1000000.00,4.443317,100.5
08:01:25,91282CKV2,TSRYS5823596,D,S,T,2024-06-21,1000000.00,4.443317,100.5
08:01:25,91282CKV2,TSRYS5823596,D,S,T,2024-06-21,8000000.00,4.443317,100.5
08:01:25,91282CKV2,TSRYS5823596,D,S,T,2024-06-21,1000000.00,4.443317,100.5
08:01:25,91282CKV2,TSRYS5823596,D,S,T,2024-06-21,1000000.00,4.443317,100.5
08:01:25,91282CKV2,TSRYS5823596,D,S,T,2024-06-21,3000000.00,4.443317,100.5
08:01:25,91282CKV2,TSRYS5823596,D,S,D,2024-06-21,1000000.00,4.443317,100.5
08:01:25,91282CKV2,TSRYS5823596,D,S,T,2024-06-21,1000000.00,4.443371,100.49985
08:01:25,91282CKV2,TSRYS5823596,D,S,T,2024-06-21,1000000.00,4.443371,100.49985
08:01:25,91282CKV2,TSRYS5823596,D,S,T,2024-06-21,1000000.00,4.443371,100.49985
08:01:25,91282CKV2,TSRYS5823596,D,S,T,2024-06-21,2000000.00,4.443371,100.49985
08:01:27,91282CKV2,TSRYS5823596,D,S,T,2024-06-21,1000000.00,4.429203,100.5390625
08:01:28,91282CKV2,TSRYS5823596,D,S,D,2024-06-21,3000000.00,4.477215,100.40625
08:01:29,91282CKV2,TSRYS5823596,D,S,T,2024-06-21,1000000.00,4.466618,100.43554687
08:01:29,91282CKV2,TSRYS5823596,D,S,D,2024-06-21,1000000.00,4.465911,100.4375
08:01:29,91282CKV2,TSRYS5823596,D,S,C,2024-06-21,1000000.00,4.465911,100.4375
08:01:29,91282CKV2,TSRYS5823596,D,S,T,2024-06-21,2000000.00,4.429909,100.537109375
08:01:29,91282CKV2,TSRYS5823596,D,S,T,2024-06-21,1000000.00,4.429909,100.537109375
08:01:29,91282CKV2,TSRYS5823596,D,S,C,2024-06-21,1000000.00,4.465911,100.4375
08:01:30,91282CKV2,TSRYS5823596,D,S,C,2024-06-21,1000000.00,4.465911,100.4375
08:01:30,91282CKV2,TSRYS5823596,D,S,T,2024-06-21,1000000.00,4.466618,100.43554687
08:01:30,91282CKV2,TSRYS5823596,D,S,C,2024-06-21,1000000.00,4.465911,100.4375
08:01:30,91282CKV2,TSRYS5823596,D,S,C,2024-06-21,1000000.00,4.475802,100.41015625
08:01:30,91282CKV2,TSRYS5823596,D,S,D,2024-06-21,1000000.00,4.466618,100.43554687
08:01:30,91282CKV2,TSRYS5823596,D,S,D,2024-06-21,1000000.00,4.466618,100.43554687
08:01:30,91282CKV2,TSRYS5823596,D,S,D,2024-06-21,1000000.00,4.466618,100.43554687
08:01:30,91282CKV2,TSRYS5823596,D,S,D,2024-06-21,1000000.00,4.466618,100.43554687
08:01:31,91282CKV2,TSRYS5823596,D,S,D,2024-06-21,1000000.00,4.465205,100.43945312
08:01:31,91282CKV2,TSRYS5823596,D,S,D,2024-06-21,2000000.00,4.475802,100.41015625
08:01:31,91282CKV2,TSRYS5823596,D,S,C,2024-06-21,2000000.00,4.475802,100.41015625
08:01:31,91282CKV2,TSRYS5823596,D,S,D,2024-06-21,1000000.00,4.465205,100.43945312
08:01:31,91282CKV2,TSRYS5823596,D,S,C,2024-06-21,5000000.00,4.475802,100.41015625
08:01:31,91282CKV2,TSRYS5823596,D,S,D,2024-06-21,2000000.00,4.475802,100.41015625
08:01:31,91282CKV2,TSRYS5823596,D,S,C,2024-06-21,1000000.00,4.476508,100.408203125
08:01:31,91282CKV2,TSRYS5823596,D,S,C,2024-06-21,1000000.00,4.476508,100.408203125
08:01:31,91282CKV2,TSRYS5823596,D,S,D,2024-06-21,1000000.00,4.475802,100.41015625
08:01:31,91282CKV2,TSRYS5823596,D,B,C,2024-06-21,1000000.00,4.475802,100.41015625
08:01:32,91282CKV2,TSRYS5823596,D,S,D,2024-06-21,1000000.00,4.465205,100.43945312
08:01:32,91282CKV2,TSRYS5823596,D,S,D,2024-06-21,2000000.00,4.477215,100.40625
08:01:32,91282CKV2,TSRYS5823596,D,S,D,2024-06-21,1000000.00,4.465911,100.4375
08:01:32,91282CKV2,TSRYS5823596,D,S,C,2024-06-21,1000000.00,4.465911,100.4375
08:01:32,91282CKV2,TSRYS5823596,D,S,T,2024-06-21,1000000.00,4.477215,100.40625
08:01:33,91282CKV2,TSRYS5823596,D,S,D,2024-06-21,1000000.00,4.465205,100.43945312
08:01:33,91282CKV2,TSRYS5823596,D,S,D,2024-06-21,1000000.00,4.465205,100.43945312
08:01:33,91282CKV2,TSRYS5823596,D,S,T,2024-06-21,1000000.00,4.465205,100.43945312
08:01:33,91282CKV2,TSRYS5823596,D,S,D,2024-06-21,2000000.00,4.477215,100.40625
08:01:33,91282CKV2,TSRYS5823596,D,S,T,2024-06-21,1000000.00,4.477287,100.40605
08:01:33,91282CKV2,TSRYS5823596,D,S,D,2024-06-21,2000000.00,4.477215,100.40625
08:01:34,91282CKV2,TSRYS5823596,D,B,C,2024-06-21,21000000.00,4.466493,100.43589
08:01:34,91282CKV2,TSRYS5823596,D,S,D,2024-06-21,1000000.00,4.477215,100.40625
08:01:35,91282CKV2,TSRYS5823596,D,S,D,2024-06-21,1000000.00,4.455318,100.46679687
08:01:35,91282CKV2,TSRYS5823596,D,S,D,2024-06-21,1000000.00,4.455318,100.46679687
08:01:36,91282CKV2,TSRYS5823596,D,S,C,2024-06-21,1000000.00,4.475095,100.412109375
08:01:37,91282CKV2,TSRYS5823596,D,S,T,2024-06-21,2000000.00,4.477215,100.40625
08:01:37,91282CKV2,TSRYS5823596,D,S,D,2024-06-21,2000000.00,4.477215,100.40625
08:01:37,91282CKV2,TSRYS5823596,D,S,C,2024-06-21,2000000.00,4.477215,100.40625
08:01:37,91282CKV2,TSRYS5823596,D,S,D,2024-06-21,1000000.00,4.472975,100.41796875
08:01:38,91282CKV2,TSRYS5823596,D,S,T,2024-06-21,1000000.00,4.429203,100.5390625
08:01:39,91282CKV2,TSRYS5823596,D,S,T,2024-06-21,1000000.00,4.472975,100.41796875
08:01:39,91282CKV2,TSRYS5823596,D,S,D,2024-06-21,1000000.00,4.452494,100.47460937
08:01:39,91282CKV2,TSRYS5823596,D,S,D,2024-06-21,1000000.00,4.452494,100.47460937
08:01:39,91282CKV2,TSRYS5823596,D,S,D,2024-06-21,1000000.00,4.450376,100.48046875
08:01:39,91282CKV2,TSRYS5823596,D,S,D,2024-06-21,1000000.00,4.448258,100.48632812
08:01:39,91282CKV2,TSRYS5823596,D,S,D,2024-06-21,2000000.00,4.44967,100.48242187
08:01:39,91282CKV2,TSRYS5823596,D,S,D,2024-06-21,5000000.00,4.472975,100.41796875
08:01:39,91282CKV2,TSRYS5823596,D,B,C,2024-06-21,1000000.00,4.472269,100.419921875
08:01:39,91282CKV2,TSRYS5823596,D,S,C,2024-06-21,1000000.00,4.472269,100.420121875
08:01:39,91282CKV2,TSRYS5823596,D,B,C,2024-06-21,1000000.00,4.472269,100.419921875
08:01:39,91282CKV2,TSRYS5823596,D,S,C,2024-06-21,1000000.00,4.472269,100.420121875
08:01:39,91282CKV2,TSRYS5823596,D,S,C,2024-06-21,1000000.00,4.472975,100.41816875
08:01:39,91282CKV2,TSRYS5823596,D,S,C,2024-06-21,4000000.00,4.472975,100.41796875
08:01:39,91282CKV2,TSRYS5823596,D,S,C,2024-06-21,2000000.00,4.472975,100.41796875
08:01:40,91282CKV2,TSRYS5823596,D,S,D,2024-06-21,2000000.00,4.475802,100.41015625
08:01:40,91282CKV2,TSRYS5823596,D,S,C,2024-06-21,3000000.00,4.472975,100.41796875
08:01:40,91282CKV2,TSRYS5823596,D,S,C,2024-06-21,1000000.00,4.472975,100.41796875
08:01:40,91282CKV2,TSRYS5823596,D,S,D,2024-06-21,2000000.00,4.477215,100.40625
08:01:41,91282CKV2,TSRYS5823596,D,S,C,2024-06-21,1000000.00,4.477921,100.40429687
08:01:41,91282CKV2,TSRYS5823596,D,S,T,2024-06-21,1000000.00,4.477287,100.40605
08:01:41,91282CKV2,TSRYS5823596,D,S,C,2024-06-21,2000000.00,4.471562,100.421875
08:01:41,91282CKV2,TSRYS5823596,D,B,C,2024-06-21,4000000.00,4.443317,100.5
08:01:41,91282CKV2,TSRYS5823596,D,S,D,2024-06-21,2000000.00,4.477215,100.40625
08:01:42,91282CKV2,TSRYS5823596,D,S,D,2024-06-21,1000000.00,4.477921,100.40429687
08:01:42,91282CKV2,TSRYS5823596,D,S,A,2024-06-21,200000.00,4.429203,100.5390625
08:01:42,91282CKV2,TSRYS5823596,D,B,C,2024-06-21,1000000.00,4.439788,100.50976562
08:01:43,91282CKV2,TSRYS5823596,D,S,D,2024-06-21,2000000.00,4.477215,100.40625
08:01:43,91282CKV2,TSRYS5823596,D,S,C,2024-06-21,4000000.00,4.475802,100.41015625
08:01:43,91282CKV2,TSRYS5823596,D,S,D,2024-06-21,2000000.00,4.477215,100.40625
08:01:45,91282CKV2,TSRYS5823596,D,S,C,2024-06-21,1000000.00,4.472269,100.419921875
08:01:45,91282CKV2,TSRYS5823596,D,B,C,2024-06-21,1000000.00,4.472975,100.41796875
08:01:45,91282CKV2,TSRYS5823596,D,S,C,2024-06-21,1000000.00,4.472975,100.41796875
08:01:46,91282CKV2,TSRYS5823596,D,S,T,2024-06-21,1000000.00,4.44614,100.4921875
08:01:46,91282CKV2,TSRYS5823596,D,B,C,2024-06-21,1000000.00,4.439788,100.50976562
08:01:46,91282CKV2,TSRYS5823596,D,B,C,2024-06-21,1000000.00,4.439788,100.50976562
08:01:46,91282CKV2,TSRYS5823596,D,S,D,2024-06-21,2000000.00,4.439082,100.51171875
08:01:46,91282CKV2,TSRYS5823596,D,S,D,2024-06-21,1000000.00,4.472975,100.41796875
08:01:46,91282CKV2,TSRYS5823596,D,S,D,2024-06-21,1000000.00,4.44614,100.4921875
08:01:46,91282CKV2,TSRYS5823596,D,S,T,2024-06-21,1000000.00,4.44614,100.4921875
08:01:46,91282CKV2,TSRYS5823596,D,S,T,2024-06-21,1000000.00,4.44614,100.4921875
08:01:46,91282CKV2,TSRYS5823596,D,S,D,2024-06-21,1000000.00,4.44614,100.4921875
08:01:46,91282CKV2,TSRYS5823596,D,S,C,2024-06-21,4000000.00,4.44614,100.4921875
08:01:46,91282CKV2,TSRYS5823596,D,S,D,2024-06-21,1000000.00,4.44614,100.4921875
08:01:46,91282CKV2,TSRYS5823596,D,S,T,2024-06-21,1000000.00,4.44614,100.4921875
08:01:46,91282CKV2,TSRYS5823596,D,S,T,2024-06-21,1000000.00,4.44614,100.4921875
08:01:46,91282CKV2,TSRYS5823596,D,S,D,2024-06-21,1000000.00,4.44614,100.4921875
08:01:46,91282CKV2,TSRYS5823596,D,S,T,2024-06-21,1000000.00,4.44614,100.4921875
08:01:47,91282CKV2,TSRYS5823596,D,S,T,2024-06-21,1000000.00,4.44614,100.4921875
08:01:47,91282CKV2,TSRYS5823596,D,S,T,2024-06-21,1000000.00,4.44614,100.4921875
08:01:47,91282CKV2,TSRYS5823596,D,S,T,2024-06-21,1000000.00,4.44614,100.4921875
08:01:47,91282CKV2,TSRYS5823596,D,S,T,2024-06-21,1000000.00,4.44614,100.4921875
08:01:47,91282CKV2,TSRYS5823596,D,S,T,2024-06-21,1000000.00,4.44614,100.4921875
08:01:47,91282CKV2,TSRYS5823596,D,S,D,2024-06-21,1000000.00,4.44614,100.4921875
08:01:47,91282CKV2,TSRYS5823596,D,S,T,2024-06-21,1000000.00,4.44614,100.4921875
08:01:47,91282CKV2,TSRYS5823596,D,S,D,2024-06-21,1000000.00,4.44614,100.4921875
08:01:47,91282CKV2,TSRYS5823596,D,S,D,2024-06-21,1000000.00,4.44614,100.4921875
08:01:47,91282CKV2,TSRYS5823596,D,S,D,2024-06-21,1000000.00,4.44614,100.4921875
08:01:47,91282CKV2,TSRYS5823596,D,S,D,2024-06-21,1000000.00,4.44614,100.4921875
08:01:47,91282CKV2,TSRYS5823596,D,S,D,2024-06-21,1000000.00,4.44614,100.4921875
08:01:47,91282CKV2,TSRYS5823596,D,S,D,2024-06-21,1000000.00,4.44614,100.4921875
08:01:47,91282CKV2,TSRYS5823596,D,S,D,2024-06-21,1000000.00,4.44614,100.4921875
08:01:47,91282CKV2,TSRYS5823596,D,S,D,2024-06-21,1000000.00,4.44614,100.4921875
08:01:47,91282CKV2,TSRYS5823596,D,B,C,2024-06-21,29000000.00,4.446392,100.49149
08:01:47,91282CKV2,TSRYS5823596,D,B,C,2024-06-21,1000000.00,4.442611,100.50195312
08:01:49,91282CKV2,TSRYS5823596,D,S,D,2024-06-21,1000000.00,4.440493,100.5078125
08:01:49,91282CKV2,TSRYS5823596,D,S,D,2024-06-21,1000000.00,4.440493,100.5078125
08:01:49,91282CKV2,TSRYS5823596,D,S,D,2024-06-21,1000000.00,4.437671,100.515625
08:01:49,91282CKV2,TSRYS5823596,D,S,T,2024-06-21,1000000.00,4.437671,100.515625
08:01:49,91282CKV2,TSRYS5823596,D,S,C,2024-06-21,2000000.00,4.440493,100.5078125
08:01:49,91282CKV2,TSRYS5823596,D,S,D,2024-06-21,1000000.00,4.440493,100.5078125
08:01:49,91282CKV2,TSRYS5823596,D,S,D,2024-06-21,1000000.00,4.440493,100.5078125
08:01:49,91282CKV2,TSRYS5823596,D,S,D,2024-06-21,2000000.00,4.439788,100.50976562
08:01:49,91282CKV2,TSRYS5823596,D,S,D,2024-06-21,2000000.00,4.439788,100.50976562
08:01:49,91282CKV2,TSRYS5823596,D,S,D,2024-06-21,1000000.00,4.439788,100.50976562
08:01:49,91282CKV2,TSRYS5823596,D,S,D,2024-06-21,1000000.00,4.439788,100.50976562
08:01:49,91282CKV2,TSRYS5823596,D,S,D,2024-06-21,2000000.00,4.439788,100.50976562
08:01:49,91282CKV2,TSRYS5823596,D,S,D,2024-06-21,2000000.00,4.439788,100.50976562
08:01:49,91282CKV2,TSRYS5823596,D,S,T,2024-06-21,2000000.00,4.440493,100.5078125
08:01:49,91282CKV2,TSRYS5823596,D,S,D,2024-06-21,2000000.00,4.440493,100.5078125
08:01:49,91282CKV2,TSRYS5823596,D,S,D,2024-06-21,1000000.00,4.440493,100.5078125
08:01:49,91282CKV2,TSRYS5823596,D,S,T,2024-06-21,1000000.00,4.440566,100.5076125
08:01:49,91282CKV2,TSRYS5823596,D,S,T,2024-06-21,1000000.00,4.440566,100.5076125
08:01:49,91282CKV2,TSRYS5823596,D,S,T,2024-06-21,1000000.00,4.440566,100.5076125
08:01:49,91282CKV2,TSRYS5823596,D,S,T,2024-06-21,1000000.00,4.440566,100.5076125
08:01:50,91282CKV2,TSRYS5823596,D,S,D,2024-06-21,2000000.00,4.439788,100.50976562
08:01:50,91282CKV2,TSRYS5823596,D,S,D,2024-06-21,2000000.00,4.439788,100.50976562
08:01:50,91282CKV2,TSRYS5823596,D,S,T,2024-06-21,1000000.00,4.439788,100.50976562
08:01:50,91282CKV2,TSRYS5823596,D,S,D,2024-06-21,2000000.00,4.439788,100.50976562
08:01:50,91282CKV2,TSRYS5823596,D,S,D,2024-06-21,1000000.00,4.439788,100.50976562
08:01:50,91282CKV2,TSRYS5823596,D,S,T,2024-06-21,1000000.00,4.439082,100.51171875
08:01:50,91282CKV2,TSRYS5823596,D,S,T,2024-06-21,1000000.00,4.439082,100.51171875
08:01:52,91282CKV2,TSRYS5823596,D,S,D,2024-06-21,1000000.00,4.46803,100.431640625
08:01:52,91282CKV2,TSRYS5823596,D,B,C,2024-06-21,1000000.00,4.46803,100.431640625
08:01:53,91282CKV2,TSRYS5823596,D,S,C,2024-06-21,3000000.00,4.444022,100.49804687
08:01:53,91282CKV2,TSRYS5823596,D,S,D,2024-06-21,1000000.00,4.440493,100.5078125
08:01:53,91282CKV2,TSRYS5823596,D,S,D,2024-06-21,1000000.00,4.440493,100.5078125
08:01:53,91282CKV2,TSRYS5823596,D,S,C,2024-06-21,2000000.00,4.440493,100.5078125
08:01:53,91282CKV2,TSRYS5823596,D,S,D,2024-06-21,2000000.00,4.440493,100.5078125
08:01:53,91282CKV2,TSRYS5823596,D,S,D,2024-06-21,1000000.00,4.439788,100.50976562
08:01:53,91282CKV2,TSRYS5823596,D,S,T,2024-06-21,1000000.00,4.440493,100.5078125
08:01:53,91282CKV2,TSRYS5823596,D,S,D,2024-06-21,1000000.00,4.440493,100.5078125
08:01:53,91282CKV2,TSRYS5823596,D,S,D,2024-06-21,2000000.00,4.440493,100.5078125
08:01:54,91282CKV2,TSRYS5823596,D,S,D,2024-06-21,1000000.00,4.441905,100.50390625
08:01:54,91282CKV2,TSRYS5823596,D,S,D,2024-06-21,1000000.00,4.439788,100.50976562
08:01:54,91282CKV2,TSRYS5823596,D,S,D,2024-06-21,1000000.00,4.439788,100.50976562
08:01:54,91282CKV2,TSRYS5823596,D,S,D,2024-06-21,2000000.00,4.439788,100.50976562
08:01:54,91282CKV2,TSRYS5823596,D,S,D,2024-06-21,1000000.00,4.466618,100.435546875
08:01:54,91282CKV2,TSRYS5823596,D,S,D,2024-06-21,1000000.00,4.436965,100.51757812
08:01:54,91282CKV2,TSRYS5823596,D,S,D,2024-06-21,1000000.00,4.466618,100.435546875
08:01:54,91282CKV2,TSRYS5823596,D,S,D,2024-06-21,1000000.00,4.438376,100.51367187
08:01:54,91282CKV2,TSRYS5823596,D,S,D,2024-06-21,2000000.00,4.438376,100.51367187
08:01:54,91282CKV2,TSRYS5823596,D,S,D,2024-06-21,2000000.00,4.438376,100.51367187
08:01:54,91282CKV2,TSRYS5823596,D,S,D,2024-06-21,1000000.00,4.438376,100.51367187
08:01:54,91282CKV2,TSRYS5823596,D,S,D,2024-06-21,1000000.00,4.438376,100.51367187
08:01:54,91282CKV2,TSRYS5823596,D,S,D,2024-06-21,1000000.00,4.438376,100.51367187
08:01:54,91282CKV2,TSRYS5823596,D,S,D,2024-06-21,1000000.00,4.436965,100.51757812
08:01:54,91282CKV2,TSRYS5823596,D,S,D,2024-06-21,1000000.00,4.436965,100.51757812
08:01:54,91282CKV2,TSRYS5823596,D,S,T,2024-06-21,1000000.00,4.436965,100.51757812
08:01:54,91282CKV2,TSRYS5823596,D,S,D,2024-06-21,1000000.00,4.436965,100.51757812
08:01:54,91282CKV2,TSRYS5823596,D,S,D,2024-06-21,2000000.00,4.436965,100.51757812
08:01:55,91282CKV2,TSRYS5823596,D,S,D,2024-06-21,1000000.00,4.436965,100.51757812
08:01:55,91282CKV2,TSRYS5823596,D,S,D,2024-06-21,2000000.00,4.436259,100.51953125
08:01:55,91282CKV2,TSRYS5823596,D,S,C,2024-06-21,2000000.00,4.465205,100.439453125
08:01:55,91282CKV2,TSRYS5823596,D,B,C,2024-06-21,1000000.00,4.434848,100.5234375
08:01:55,91282CKV2,TSRYS5823596,D,B,C,2024-06-21,1000000.00,4.434848,100.5234375
08:01:55,91282CKV2,TSRYS5823596,D,S,D,2024-06-21,19000000.00,4.437239,100.51682
08:01:55,91282CKV2,TSRYS5823596,D,S,D,2024-06-21,1000000.00,4.465205,100.439453125
08:01:56,91282CKV2,TSRYS5823596,D,S,C,2024-06-21,1000000.00,4.465911,100.4375
08:01:56,91282CKV2,TSRYS5823596,D,S,C,2024-06-21,1000000.00,4.465911,100.4375
08:01:56,91282CKV2,TSRYS5823596,D,B,C,2024-06-21,1000000.00,4.465205,100.439453125
08:01:56,91282CKV2,TSRYS5823596,D,S,D,2024-06-21,1000000.00,4.465205,100.439453125
08:01:57,91282CKV2,TSRYS5823596,D,B,C,2024-06-21,64000000.00,4.440801,100.50696
08:01:57,91282CKV2,TSRYS5823596,D,S,D,2024-06-21,8900000.00,4.477215,100.40625
08:01:58,91282CKV2,TSRYS5823596,D,S,C,2024-06-21,2000000.00,4.433437,100.52734375
08:01:58,91282CKV2,TSRYS5823596,D,S,C,2024-06-21,3000000.00,4.433437,100.52734375
08:01:59,91282CKV2,TSRYS5823596,D,B,C,2024-06-21,1000000.00,4.471562,100.421875
08:01:59,91282CKV2,TSRYS5823596,D,S,C,2024-06-21,1000000.00,4.471454,100.422175
08:01:59,91282CKV2,TSRYS5823596,D,B,C,2024-06-21,1000000.00,4.474497,100.4137625
08:01:59,91282CKV2,TSRYS5823596,D,S,C,2024-06-21,3000000.00,4.474389,100.4140625
08:01:59,91282CKV2,TSRYS5823596,D,S,D,2024-06-21,1000000.00,4.474389,100.4140625
08:01:59,91282CKV2,TSRYS5823596,D,B,C,2024-06-21,1000000.00,4.474497,100.4137625
08:01:59,91282CKV2,TSRYS5823596,D,S,C,2024-06-21,1000000.00,4.474389,100.4140625
08:01:59,91282CKV2,TSRYS5823596,D,B,C,2024-06-21,3000000.00,4.474497,100.4137625
08:01:59,91282CKV2,TSRYS5823596,D,S,D,2024-06-21,5000000.00,4.465911,100.4375
08:02:00,91282CKV2,TSRYS5823596,D,S,C,2024-06-21,4000000.00,4.465911,100.4375
08:02:00,91282CKV2,TSRYS5823596,D,S,C,2024-06-21,1000000.00,4.464498,100.44140625
08:02:00,91282CKV2,TSRYS5823596,D,S,C,2024-06-21,4000000.00,4.464498,100.44140625
08:02:00,91282CKV2,TSRYS5823596,D,B,C,2024-06-21,1000000.00,4.439788,100.50976562
08:02:00,91282CKV2,TSRYS5823596,D,B,C,2024-06-21,1000000.00,4.471653,100.421625
08:02:00,91282CKV2,TSRYS5823596,D,B,C,2024-06-21,1000000.00,4.471635,100.421675
08:02:00,91282CKV2,TSRYS5823596,D,B,C,2024-06-21,1000000.00,4.439788,100.50976562
08:02:00,91282CKV2,TSRYS5823596,D,S,D,2024-06-21,1000000.00,4.471562,100.421875
08:02:00,91282CKV2,TSRYS5823596,D,B,C,2024-06-21,1000000.00,4.473084,100.41766875
08:02:00,91282CKV2,TSRYS5823596,D,S,C,2024-06-21,1000000.00,4.471562,100.421875
08:02:00,91282CKV2,TSRYS5823596,D,S,D,2024-06-21,1000000.00,4.472975,100.41796875
08:02:00,91282CKV2,TSRYS5823596,D,B,C,2024-06-21,1000000.00,4.439788,100.50976562
08:02:00,91282CKV2,TSRYS5823596,D,B,C,2024-06-21,1000000.00,4.439788,100.50976562
08:02:01,91282CKV2,TSRYS5823596,D,B,C,2024-06-21,1000000.00,4.435554,100.52148437
08:02:01,91282CKV2,TSRYS5823596,D,B,C,2024-06-21,1000000.00,4.435554,100.52148437
08:02:01,91282CKV2,TSRYS5823596,D,B,C,2024-06-21,1000000.00,4.464498,100.44140625
08:02:01,91282CKV2,TSRYS5823596,D,S,C,2024-06-21,1000000.00,4.464498,100.44140625
08:02:01,91282CKV2,TSRYS5823596,D,B,C,2024-06-21,1000000.00,4.464498,100.44140625
08:02:01,91282CKV2,TSRYS5823596,D,S,C,2024-06-21,1000000.00,4.464498,100.44140625
08:02:02,91282CKV2,TSRYS5823596,D,B,C,2024-06-21,1000000.00,4.438376,100.51367187
08:02:02,91282CKV2,TSRYS5823596,D,S,C,2024-06-21,1000000.00,4.475729,100.41035625
08:02:02,91282CKV2,TSRYS5823596,D,B,C,2024-06-21,1000000.00,4.438376,100.51367187
08:02:02,91282CKV2,TSRYS5823596,D,B,C,2024-06-21,1000000.00,4.438376,100.51367187
08:02:02,91282CKV2,TSRYS5823596,D,B,C,2024-06-21,1000000.00,4.438376,100.51367187
08:02:02,91282CKV2,TSRYS5823596,D,B,C,2024-06-21,1000000.00,4.438376,100.51367187
08:02:02,91282CKV2,TSRYS5823596,D,B,C,2024-06-21,1000000.00,4.474497,100.4137625
08:02:02,91282CKV2,TSRYS5823596,D,S,C,2024-06-21,1000000.00,4.474389,100.4140625
08:02:02,91282CKV2,TSRYS5823596,D,S,C,2024-06-21,1000000.00,4.474389,100.4140625
08:02:02,91282CKV2,TSRYS5823596,D,B,C,2024-06-21,1000000.00,4.474389,100.4140625
08:02:02,91282CKV2,TSRYS5823596,D,B,C,2024-06-21,1000000.00,4.474444,100.4139105
08:02:02,91282CKV2,TSRYS5823596,D,S,C,2024-06-21,1000000.00,4.474389,100.4140625
08:02:02,91282CKV2,TSRYS5823596,D,S,C,2024-06-21,1000000.00,4.474389,100.4140625
08:02:02,91282CKV2,TSRYS5823596,D,B,C,2024-06-21,1000000.00,4.474389,100.4140625
08:02:02,91282CKV2,TSRYS5823596,D,S,D,2024-06-21,1000000.00,4.461673,100.44921875
08:02:03,91282CKV2,TSRYS5823596,D,S,D,2024-06-21,1000000.00,4.475802,100.41015625
08:02:03,91282CKV2,TSRYS5823596,D,B,C,2024-06-21,1000000.00,4.475802,100.41015625
08:02:03,91282CKV2,TSRYS5823596,D,S,D,2024-06-21,1000000.00,4.475802,100.41015625
08:02:03,91282CKV2,TSRYS5823596,D,S,C,2024-06-21,1000000.00,4.478628,100.40234375
08:02:03,91282CKV2,TSRYS5823596,D,S,D,2024-06-21,1000000.00,4.460967,100.451171875
08:02:03,91282CKV2,TSRYS5823596,D,B,C,2024-06-21,1000000.00,4.460967,100.451171875
08:02:04,91282CKV2,TSRYS5823596,D,S,D,2024-06-21,1000000.00,4.480041,100.3984375
08:02:04,91282CKV2,TSRYS5823596,D,B,C,2024-06-21,1000000.00,4.480041,100.3984375
08:02:04,91282CKV2,TSRYS5823596,D,S,D,2024-06-21,1000000.00,4.480041,100.3984375
08:02:04,91282CKV2,TSRYS5823596,D,B,C,2024-06-21,1000000.00,4.477323,100.40595
08:02:04,91282CKV2,TSRYS5823596,D,S,C,2024-06-21,1000000.00,4.477215,100.40625
08:02:04,91282CKV2,TSRYS5823596,D,S,C,2024-06-21,1000000.00,4.477215,100.40625
08:02:04,91282CKV2,TSRYS5823596,D,B,C,2024-06-21,1000000.00,4.477215,100.40625
08:02:04,91282CKV2,TSRYS5823596,D,S,C,2024-06-21,1000000.00,4.477215,100.40625
08:02:04,91282CKV2,TSRYS5823596,D,B,C,2024-06-21,1000000.00,4.478628,100.40234375
08:02:04,91282CKV2,TSRYS5823596,D,S,C,2024-06-21,1000000.00,4.478628,100.40234375
08:02:04,91282CKV2,TSRYS5823596,D,S,C,2024-06-21,1000000.00,4.478628,100.40234375
08:02:04,91282CKV2,TSRYS5823596,D,S,D,2024-06-21,1000000.00,4.460261,100.453125
08:02:04,91282CKV2,TSRYS5823596,D,S,C,2024-06-21,1000000.00,4.460261,100.453125
08:02:04,91282CKV2,TSRYS5823596,D,B,C,2024-06-21,1000000.00,4.477323,100.40595
08:02:04,91282CKV2,TSRYS5823596,D,S,C,2024-06-21,1000000.00,4.477215,100.40625
08:02:04,91282CKV2,TSRYS5823596,D,B,C,2024-06-21,1000000.00,4.47727,100.406098
08:02:04,91282CKV2,TSRYS5823596,D,S,C,2024-06-21,1000000.00,4.477215,100.40625
08:02:04,91282CKV2,TSRYS5823596,D,S,C,2024-06-21,1000000.00,4.477215,100.40625
08:02:04,91282CKV2,TSRYS5823596,D,B,C,2024-06-21,1000000.00,4.477323,100.40595
08:02:04,91282CKV2,TSRYS5823596,D,B,C,2024-06-21,1000000.00,4.478628,100.40234375
