tradeTime,cusip,issueSymbolIdentifier,priceType,reportingSideCode,contraPartyTypeCode,tradeDate,reportedTradeVolume,lastSaleYield,lastSalePrice
08:00:01,91282CLQ2,TSRYS5906509,D,S,T,2024-10-21,2000000.00,3.871254,100.009765625
08:00:01,91282CLQ2,TSRYS5906509,D,S,D,2024-10-21,1000000.00,3.871954,100.0078125
08:00:01,91282CLQ2,TSRYS5906509,D,S,D,2024-10-21,4000000.00,3.871954,100.0078125
08:00:01,91282CLQ2,TSRYS5906509,D,S,D,2024-10-21,1000000.00,3.871954,100.0078125
08:00:01,91282CLQ2,TSRYS5906509,D,S,D,2024-10-21,3000000.00,3.871954,100.0078125
08:00:01,91282CLQ2,TSRYS5906509,D,S,T,2024-10-21,1000000.00,3.864955,100.02734375
08:00:01,91282CLQ2,TSRYS5906509,D,S,T,2024-10-21,4000000.00,3.864955,100.02734375
08:00:01,91282CLQ2,TSRYS5906509,D,S,T,2024-10-21,4000000.00,3.864955,100.02734375
08:00:01,91282CLQ2,TSRYS5906509,D,S,T,2024-10-21,2000000.00,3.867054,100.021484375
08:00:01,91282CLQ2,TSRYS5906509,D,S,T,2024-10-21,3000000.00,3.869154,100.015625
08:00:01,91282CLQ2,TSRYS5906509,D,S,T,2024-10-21,4000000.00,3.868454,100.017578125
08:00:01,91282CLQ2,TSRYS5906509,D,S,T,2024-10-21,4000000.00,3.871254,100.009765625
08:00:01,91282CLQ2,TSRYS5906509,D,S,T,2024-10-21,4000000.00,3.871254,100.009765625
08:00:01,91282CLQ2,TSRYS5906509,D,S,T,2024-10-21,4000000.00,3.871254,100.009765625
08:00:01,91282CLQ2,TSRYS5906509,D,S,T,2024-10-21,2000000.00,3.871254,100.009765625
08:00:03,91282CLQ2,TSRYS5906509,D,S,T,2024-10-21,1000000.00,3.88946,99.958984375
08:00:03,91282CLQ2,TSRYS5906509,D,S,T,2024-10-21,2000000.00,3.88946,99.958984375
08:00:03,91282CLQ2,TSRYS5906509,D,S,T,2024-10-21,2000000.00,3.88946,99.958984375
08:00:03,91282CLQ2,TSRYS5906509,D,S,T,2024-10-21,1000000.00,3.88946,99.958984375
08:00:03,91282CLQ2,TSRYS5906509,D,S,T,2024-10-21,1000000.00,3.88946,99.958984375
08:00:03,91282CLQ2,TSRYS5906509,D,S,T,2024-10-21,1000000.00,3.894363,99.9453125
08:00:03,91282CLQ2,TSRYS5906509,D,S,T,2024-10-21,1000000.00,3.894363,99.9453125
08:00:03,91282CLQ2,TSRYS5906509,D,S,D,2024-10-21,1000000.00,3.897165,99.9375
08:00:03,91282CLQ2,TSRYS5906509,D,S,T,2024-10-21,4000000.00,3.897165,99.9375
08:00:03,91282CLQ2,TSRYS5906509,D,S,T,2024-10-21,3000000.00,3.897165,99.9375
08:00:03,91282CLQ2,TSRYS5906509,D,S,T,2024-10-21,1000000.00,3.897165,99.9375
08:00:03,91282CLQ2,TSRYS5906509,D,S,T,2024-10-21,3000000.00,3.897165,99.9375
08:00:03,91282CLQ2,TSRYS5906509,D,S,T,2024-10-21,1000000.00,3.897165,99.9375
08:00:03,91282CLQ2,TSRYS5906509,D,S,D,2024-10-21,1000000.00,3.904873,99.916015625
08:00:03,91282CLQ2,TSRYS5906509,D,S,T,2024-10-21,1000000.00,3.905574,99.9140625
08:00:03,91282CLQ2,TSRYS5906509,D,S,T,2024-10-21,1000000.00,3.905574,99.9140625
08:00:03,91282CLQ2,TSRYS5906509,D,S,T,2024-10-21,4000000.00,3.905574,99.9140625
08:00:03,91282CLQ2,TSRYS5906509,D,S,T,2024-10-21,3000000.00,3.905574,99.9140625
08:00:03,91282CLQ2,TSRYS5906509,D,S,T,2024-10-21,1000000.00,3.901369,99.92578125
08:00:03,91282CLQ2,TSRYS5906509,D,S,D,2024-10-21,1000000.00,3.900669,99.927734375
08:00:03,91282CLQ2,TSRYS5906509,D,S,T,2024-10-21,3000000.00,3.902771,99.921875
08:00:03,91282CLQ2,TSRYS5906509,D,S,D,2024-10-21,1000000.00,3.906275,99.912109375
08:00:03,91282CLQ2,TSRYS5906509,D,S,D,2024-10-21,1000000.00,3.906275,99.912109375
08:00:03,91282CLQ2,TSRYS5906509,D,S,T,2024-10-21,1000000.00,3.905574,99.9140625
08:00:03,91282CLQ2,TSRYS5906509,D,S,D,2024-10-21,1000000.00,3.905574,99.9140625
08:00:06,91282CLQ2,TSRYS5906509,D,S,T,2024-10-21,1000000.00,3.892962,99.94921875
08:00:07,91282CLQ2,TSRYS5906509,D,S,D,2024-10-21,19000000.00,3.89016,99.95703125
08:00:07,91282CLQ2,TSRYS5906509,D,S,D,2024-10-21,1000000.00,3.89016,99.95703125
08:00:07,91282CLQ2,TSRYS5906509,D,S,D,2024-10-21,1000000.00,3.89016,99.95703125
08:00:07,91282CLQ2,TSRYS5906509,D,S,D,2024-10-21,1000000.00,3.89016,99.95703125
08:00:07,91282CLQ2,TSRYS5906509,D,S,D,2024-10-21,1000000.00,3.89016,99.95703125
08:00:07,91282CLQ2,TSRYS5906509,D,S,D,2024-10-21,83000000.00,3.908054,99.90715
08:00:07,91282CLQ2,TSRYS5906509,D,S,D,2024-10-21,86000000.00,3.904584,99.91682
08:00:11,91282CLQ2,TSRYS5906509,D,B,A,2024-10-21,27859000.00,3.870554,100.01171875
08:00:11,91282CLQ2,TSRYS5906509,D,S,T,2024-10-21,1000000.00,3.874754,100.0
08:00:11,91282CLQ2,TSRYS5906509,D,S,T,2024-10-21,1000000.00,3.861456,100.037109375
08:00:11,91282CLQ2,TSRYS5906509,D,S,T,2024-10-21,1000000.00,3.864955,100.02734375
08:00:11,91282CLQ2,TSRYS5906509,D,S,T,2024-10-21,1000000.00,3.864955,100.02734375
08:00:11,91282CLQ2,TSRYS5906509,D,S,T,2024-10-21,1000000.00,3.864955,100.02734375
08:00:11,91282CLQ2,TSRYS5906509,D,S,T,2024-10-21,1000000.00,3.863555,100.03125
08:00:11,91282CLQ2,TSRYS5906509,D,S,T,2024-10-21,1000000.00,3.867054,100.021484375
08:00:11,91282CLQ2,TSRYS5906509,D,S,T,2024-10-21,1000000.00,3.867054,100.021484375
08:00:11,91282CLQ2,TSRYS5906509,D,S,T,2024-10-21,1000000.00,3.870554,100.01171875
08:00:11,91282CLQ2,TSRYS5906509,D,S,T,2024-10-21,1000000.00,3.869154,100.015625
08:00:11,91282CLQ2,TSRYS5906509,D,S,T,2024-10-21,1000000.00,3.869154,100.015625
08:00:11,91282CLQ2,TSRYS5906509,D,S,T,2024-10-21,1000000.00,3.869154,100.015625
08:00:11,91282CLQ2,TSRYS5906509,D,S,T,2024-10-21,1000000.00,3.869154,100.015625
08:00:11,91282CLQ2,TSRYS5906509,D,S,T,2024-10-21,1000000.00,3.891561,99.953125
08:00:11,91282CLQ2,TSRYS5906509,D,S,T,2024-10-21,1000000.00,3.894363,99.9453125
08:00:11,91282CLQ2,TSRYS5906509,D,S,T,2024-10-21,1000000.00,3.896465,99.939453125
08:00:11,91282CLQ2,TSRYS5906509,D,S,D,2024-10-21,1000000.00,3.892262,99.951171875
08:00:11,91282CLQ2,TSRYS5906509,D,S,T,2024-10-21,1000000.00,3.892262,99.951171875
08:00:11,91282CLQ2,TSRYS5906509,D,S,T,2024-10-21,1000000.00,3.892262,99.951171875
08:00:11,91282CLQ2,TSRYS5906509,D,S,T,2024-10-21,1000000.00,3.892262,99.951171875
08:00:11,91282CLQ2,TSRYS5906509,D,S,T,2024-10-21,1000000.00,3.892262,99.951171875
08:00:11,91282CLQ2,TSRYS5906509,D,S,T,2024-10-21,1000000.00,3.892262,99.951171875
08:00:11,91282CLQ2,TSRYS5906509,D,S,T,2024-10-21,1000000.00,3.892262,99.951171875
08:00:11,91282CLQ2,TSRYS5906509,D,S,T,2024-10-21,1000000.00,3.892262,99.951171875
08:00:11,91282CLQ2,TSRYS5906509,D,S,T,2024-10-21,1000000.00,3.892262,99.951171875
08:00:11,91282CLQ2,TSRYS5906509,D,S,T,2024-10-21,1000000.00,3.892262,99.951171875
08:00:11,91282CLQ2,TSRYS5906509,D,S,T,2024-10-21,1000000.00,3.89016,99.95703125
08:00:11,91282CLQ2,TSRYS5906509,D,S,T,2024-10-21,1000000.00,3.89016,99.95703125
08:00:11,91282CLQ2,TSRYS5906509,D,S,T,2024-10-21,1000000.00,3.89016,99.95703125
08:00:11,91282CLQ2,TSRYS5906509,D,S,T,2024-10-21,1000000.00,3.89016,99.95703125
08:00:11,91282CLQ2,TSRYS5906509,D,S,T,2024-10-21,1000000.00,3.89016,99.95703125
08:00:12,91282CLQ2,TSRYS5906509,D,S,D,2024-10-21,1000000.00,3.874754,100.0
08:00:12,91282CLQ2,TSRYS5906509,D,S,D,2024-10-21,1000000.00,3.870554,100.01171875
08:00:12,91282CLQ2,TSRYS5906509,D,S,D,2024-10-21,1000000.00,3.871954,100.0078125
08:00:14,91282CLQ2,TSRYS5906509,D,B,A,2024-10-21,2580000.00,3.870554,100.01171875
08:00:14,91282CLQ2,TSRYS5906509,D,S,T,2024-10-21,1000000.00,3.870554,100.01171875
08:00:14,91282CLQ2,TSRYS5906509,D,S,D,2024-10-21,1000000.00,3.870554,100.01171875
08:00:14,91282CLQ2,TSRYS5906509,D,S,T,2024-10-21,1000000.00,3.871954,100.0078125
08:00:14,91282CLQ2,TSRYS5906509,D,S,D,2024-10-21,1000000.00,3.905574,99.9140625
08:00:14,91282CLQ2,TSRYS5906509,D,S,D,2024-10-21,1000000.00,3.903472,99.919921875
08:00:15,91282CLQ2,TSRYS5906509,D,S,A,2024-10-21,400000.00,3.874754,100.0
08:00:16,91282CLQ2,TSRYS5906509,D,S,A,2024-10-21,26000.00,3.884557,99.97265625
08:00:16,91282CLQ2,TSRYS5906509,D,S,A,2024-10-21,200000.00,3.878955,99.98828125
08:00:20,91282CLQ2,TSRYS5906509,D,S,D,2024-10-21,1000000.00,3.862855,100.033203125
08:00:20,91282CLQ2,TSRYS5906509,D,S,D,2024-10-21,4000000.00,3.862855,100.033203125
08:00:20,91282CLQ2,TSRYS5906509,D,S,D,2024-10-21,1000000.00,3.863555,100.03125
08:00:20,91282CLQ2,TSRYS5906509,D,S,D,2024-10-21,1000000.00,3.866354,100.0234375
08:00:20,91282CLQ2,TSRYS5906509,D,S,D,2024-10-21,1000000.00,3.866354,100.0234375
08:00:21,91282CLQ2,TSRYS5906509,D,B,A,2024-10-21,108000.00,3.895764,99.94140625
08:00:22,91282CLQ2,TSRYS5906509,D,B,C,2024-10-21,1000000.00,3.869154,100.015625
08:00:22,91282CLQ2,TSRYS5906509,D,S,D,2024-10-21,1000000.00,3.869154,100.015625
08:00:26,91282CLQ2,TSRYS5906509,D,S,T,2024-10-21,19000000.00,3.89016,99.95703125
08:00:26,91282CLQ2,TSRYS5906509,D,S,T,2024-10-21,1000000.00,3.89016,99.95703125
08:00:26,91282CLQ2,TSRYS5906509,D,S,T,2024-10-21,1000000.00,3.89016,99.95703125
08:00:26,91282CLQ2,TSRYS5906509,D,S,T,2024-10-21,1000000.00,3.89016,99.95703125
08:00:26,91282CLQ2,TSRYS5906509,D,S,T,2024-10-21,1000000.00,3.89016,99.95703125
08:00:26,91282CLQ2,TSRYS5906509,D,S,T,2024-10-21,1000000.00,3.877555,99.9921875
08:00:26,91282CLQ2,TSRYS5906509,D,S,T,2024-10-21,1000000.00,3.877555,99.9921875
08:00:26,91282CLQ2,TSRYS5906509,D,S,T,2024-10-21,2000000.00,3.877555,99.9921875
08:00:27,91282CLQ2,TSRYS5906509,D,S,T,2024-10-21,1000000.00,3.877555,99.9921875
08:00:27,91282CLQ2,TSRYS5906509,D,S,T,2024-10-21,1000000.00,3.877555,99.9921875
08:00:27,91282CLQ2,TSRYS5906509,D,S,D,2024-10-21,1000000.00,3.877555,99.9921875
08:00:27,91282CLQ2,TSRYS5906509,D,S,T,2024-10-21,2000000.00,3.877555,99.9921875
08:00:28,91282CLQ2,TSRYS5906509,D,S,T,2024-10-21,1000000.00,3.877555,99.9921875
08:00:29,91282CLQ2,TSRYS5906509,D,S,D,2024-10-21,1000000.00,3.877555,99.9921875
08:00:29,91282CLQ2,TSRYS5906509,D,S,T,2024-10-21,3000000.00,3.877555,99.9921875
08:00:29,91282CLQ2,TSRYS5906509,D,S,D,2024-10-21,1000000.00,3.877555,99.9921875
08:00:29,91282CLQ2,TSRYS5906509,D,S,D,2024-10-21,1000000.00,3.877555,99.9921875
08:00:30,91282CLQ2,TSRYS5906509,D,S,T,2024-10-21,1000000.00,3.869154,100.015625
08:00:30,91282CLQ2,TSRYS5906509,D,S,T,2024-10-21,1000000.00,3.869154,100.015625
08:00:30,91282CLQ2,TSRYS5906509,D,S,T,2024-10-21,1000000.00,3.869154,100.015625
08:00:30,91282CLQ2,TSRYS5906509,D,S,T,2024-10-21,1000000.00,3.869154,100.015625
08:00:30,91282CLQ2,TSRYS5906509,D,S,T,2024-10-21,1000000.00,3.869154,100.015625
08:00:30,91282CLQ2,TSRYS5906509,D,S,T,2024-10-21,3000000.00,3.869154,100.015625
08:00:30,91282CLQ2,TSRYS5906509,D,S,T,2024-10-21,1000000.00,3.869154,100.015625
08:00:30,91282CLQ2,TSRYS5906509,D,S,D,2024-10-21,1000000.00,3.870554,100.01171875
08:00:30,91282CLQ2,TSRYS5906509,D,S,T,2024-10-21,1000000.00,3.873354,100.00390625
08:00:30,91282CLQ2,TSRYS5906509,D,S,T,2024-10-21,1000000.00,3.874054,100.001953125
08:00:30,91282CLQ2,TSRYS5906509,D,S,T,2024-10-21,8000000.00,3.870554,100.01171875
08:00:30,91282CLQ2,TSRYS5906509,D,S,T,2024-10-21,11000000.00,3.870554,100.01171875
08:00:30,91282CLQ2,TSRYS5906509,D,S,T,2024-10-21,1000000.00,3.870554,100.01171875
08:00:30,91282CLQ2,TSRYS5906509,D,S,T,2024-10-21,5000000.00,3.872654,100.005859375
08:00:30,91282CLQ2,TSRYS5906509,D,S,T,2024-10-21,1000000.00,3.873354,100.00390625
08:00:30,91282CLQ2,TSRYS5906509,D,S,T,2024-10-21,1000000.00,3.873354,100.00390625
08:00:30,91282CLQ2,TSRYS5906509,D,S,T,2024-10-21,1000000.00,3.873354,100.00390625
08:00:30,91282CLQ2,TSRYS5906509,D,S,D,2024-10-21,1000000.00,3.870554,100.01171875
08:00:30,91282CLQ2,TSRYS5906509,D,S,T,2024-10-21,1000000.00,3.871954,100.0078125
08:00:30,91282CLQ2,TSRYS5906509,D,S,T,2024-10-21,1000000.00,3.871954,100.0078125
08:00:30,91282CLQ2,TSRYS5906509,D,S,T,2024-10-21,2000000.00,3.871954,100.0078125
08:00:30,91282CLQ2,TSRYS5906509,D,S,T,2024-10-21,1000000.00,3.871954,100.0078125
08:00:30,91282CLQ2,TSRYS5906509,D,S,T,2024-10-21,1000000.00,3.871954,100.0078125
08:00:30,91282CLQ2,TSRYS5906509,D,S,T,2024-10-21,1000000.00,3.871954,100.0078125
08:00:30,91282CLQ2,TSRYS5906509,D,S,T,2024-10-21,1000000.00,3.869154,100.015625
08:00:30,91282CLQ2,TSRYS5906509,D,S,T,2024-10-21,1000000.00,3.871954,100.0078125
08:00:30,91282CLQ2,TSRYS5906509,D,S,T,2024-10-21,1000000.00,3.873354,100.00390625
08:00:30,91282CLQ2,TSRYS5906509,D,S,T,2024-10-21,1000000.00,3.871954,100.0078125
08:00:30,91282CLQ2,TSRYS5906509,D,S,T,2024-10-21,1000000.00,3.873354,100.00390625
08:00:30,91282CLQ2,TSRYS5906509,D,S,T,2024-10-21,1000000.00,3.873354,100.00390625
08:00:30,91282CLQ2,TSRYS5906509,D,S,T,2024-10-21,1000000.00,3.870554,100.01171875
08:00:30,91282CLQ2,TSRYS5906509,D,S,T,2024-10-21,1000000.00,3.864955,100.02734375
08:00:30,91282CLQ2,TSRYS5906509,D,S,T,2024-10-21,2000000.00,3.864255,100.029296875
08:00:30,91282CLQ2,TSRYS5906509,D,S,T,2024-10-21,3000000.00,3.864255,100.029296875
08:00:30,91282CLQ2,TSRYS5906509,D,S,T,2024-10-21,1000000.00,3.864955,100.02734375
08:00:30,91282CLQ2,TSRYS5906509,D,S,T,2024-10-21,1000000.00,3.864955,100.02734375
08:00:30,91282CLQ2,TSRYS5906509,D,S,T,2024-10-21,1000000.00,3.864955,100.02734375
08:00:30,91282CLQ2,TSRYS5906509,D,S,T,2024-10-21,1000000.00,3.864955,100.02734375
08:00:30,91282CLQ2,TSRYS5906509,D,S,T,2024-10-21,1000000.00,3.864955,100.02734375
08:00:30,91282CLQ2,TSRYS5906509,D,S,T,2024-10-21,1000000.00,3.864955,100.02734375
08:00:30,91282CLQ2,TSRYS5906509,D,S,T,2024-10-21,3000000.00,3.862855,100.033203125
08:00:30,91282CLQ2,TSRYS5906509,D,S,T,2024-10-21,1000000.00,3.862155,100.03515625
08:00:30,91282CLQ2,TSRYS5906509,D,S,T,2024-10-21,1000000.00,3.863555,100.03125
08:00:30,91282CLQ2,TSRYS5906509,D,S,T,2024-10-21,1000000.00,3.863555,100.03125
08:00:30,91282CLQ2,TSRYS5906509,D,S,T,2024-10-21,1000000.00,3.862155,100.03515625
08:00:30,91282CLQ2,TSRYS5906509,D,S,T,2024-10-21,1000000.00,3.862155,100.03515625
08:00:30,91282CLQ2,TSRYS5906509,D,S,T,2024-10-21,1000000.00,3.863555,100.03125
08:00:30,91282CLQ2,TSRYS5906509,D,S,T,2024-10-21,1000000.00,3.860756,100.0390625
08:00:30,91282CLQ2,TSRYS5906509,D,S,T,2024-10-21,2000000.00,3.863555,100.03125
08:00:30,91282CLQ2,TSRYS5906509,D,S,T,2024-10-21,1000000.00,3.863555,100.03125
08:00:30,91282CLQ2,TSRYS5906509,D,S,T,2024-10-21,1000000.00,3.864955,100.02734375
08:00:30,91282CLQ2,TSRYS5906509,D,S,T,2024-10-21,1000000.00,3.863555,100.03125
08:00:30,91282CLQ2,TSRYS5906509,D,S,T,2024-10-21,1000000.00,3.863555,100.03125
08:00:30,91282CLQ2,TSRYS5906509,D,S,T,2024-10-21,1000000.00,3.863555,100.03125
08:00:30,91282CLQ2,TSRYS5906509,D,S,T,2024-10-21,1000000.00,3.863555,100.03125
08:00:30,91282CLQ2,TSRYS5906509,D,S,T,2024-10-21,1000000.00,3.863555,100.03125
08:00:30,91282CLQ2,TSRYS5906509,D,S,T,2024-10-21,1000000.00,3.863555,100.03125
08:00:30,91282CLQ2,TSRYS5906509,D,S,T,2024-10-21,1000000.00,3.863555,100.03125
08:00:30,91282CLQ2,TSRYS5906509,D,S,T,2024-10-21,1000000.00,3.862155,100.03515625
08:00:30,91282CLQ2,TSRYS5906509,D,S,T,2024-10-21,1000000.00,3.862155,100.03515625
08:00:30,91282CLQ2,TSRYS5906509,D,S,T,2024-10-21,1000000.00,3.864255,100.029296875
08:00:30,91282CLQ2,TSRYS5906509,D,S,T,2024-10-21,1000000.00,3.865655,100.025390625
08:00:30,91282CLQ2,TSRYS5906509,D,S,T,2024-10-21,2000000.00,3.864955,100.02734375
08:00:30,91282CLQ2,TSRYS5906509,D,S,T,2024-10-21,1000000.00,3.863555,100.03125
08:00:30,91282CLQ2,TSRYS5906509,D,S,T,2024-10-21,1000000.00,3.863555,100.03125
08:00:30,91282CLQ2,TSRYS5906509,D,S,T,2024-10-21,1000000.00,3.863555,100.03125
08:00:30,91282CLQ2,TSRYS5906509,D,S,T,2024-10-21,1000000.00,3.863555,100.03125
08:00:30,91282CLQ2,TSRYS5906509,D,S,T,2024-10-21,1000000.00,3.863555,100.03125
08:00:30,91282CLQ2,TSRYS5906509,D,S,T,2024-10-21,1000000.00,3.863555,100.03125
08:00:30,91282CLQ2,TSRYS5906509,D,S,T,2024-10-21,1000000.00,3.863555,100.03125
08:00:30,91282CLQ2,TSRYS5906509,D,S,T,2024-10-21,1000000.00,3.863555,100.03125
08:00:30,91282CLQ2,TSRYS5906509,D,S,T,2024-10-21,1000000.00,3.863555,100.03125
08:00:30,91282CLQ2,TSRYS5906509,D,S,T,2024-10-21,6000000.00,3.866354,100.0234375
08:00:30,91282CLQ2,TSRYS5906509,D,S,T,2024-10-21,1000000.00,3.866354,100.0234375
08:00:30,91282CLQ2,TSRYS5906509,D,S,T,2024-10-21,1000000.00,3.866354,100.0234375
08:00:30,91282CLQ2,TSRYS5906509,D,S,T,2024-10-21,1000000.00,3.866354,100.0234375
08:00:30,91282CLQ2,TSRYS5906509,D,S,T,2024-10-21,2000000.00,3.866354,100.0234375
08:00:30,91282CLQ2,TSRYS5906509,D,S,T,2024-10-21,1000000.00,3.867054,100.021484375
08:00:30,91282CLQ2,TSRYS5906509,D,S,T,2024-10-21,2000000.00,3.870554,100.01171875
08:00:30,91282CLQ2,TSRYS5906509,D,S,T,2024-10-21,1000000.00,3.869154,100.015625
08:00:30,91282CLQ2,TSRYS5906509,D,S,T,2024-10-21,1000000.00,3.869154,100.015625
08:00:30,91282CLQ2,TSRYS5906509,D,S,T,2024-10-21,1000000.00,3.869154,100.015625
08:00:30,91282CLQ2,TSRYS5906509,D,S,T,2024-10-21,1000000.00,3.869154,100.015625
08:00:30,91282CLQ2,TSRYS5906509,D,S,T,2024-10-21,1000000.00,3.869154,100.015625
08:00:30,91282CLQ2,TSRYS5906509,D,S,T,2024-10-21,1000000.00,3.869154,100.015625
08:00:30,91282CLQ2,TSRYS5906509,D,S,T,2024-10-21,1000000.00,3.869154,100.015625
08:00:30,91282CLQ2,TSRYS5906509,D,S,T,2024-10-21,1000000.00,3.869154,100.015625
08:00:30,91282CLQ2,TSRYS5906509,D,S,T,2024-10-21,1000000.00,3.869154,100.015625
08:00:30,91282CLQ2,TSRYS5906509,D,S,T,2024-10-21,1000000.00,3.869154,100.015625
08:00:30,91282CLQ2,TSRYS5906509,D,S,T,2024-10-21,1000000.00,3.869154,100.015625
08:00:30,91282CLQ2,TSRYS5906509,D,S,T,2024-10-21,1000000.00,3.869154,100.015625
08:00:30,91282CLQ2,TSRYS5906509,D,S,T,2024-10-21,1000000.00,3.869154,100.015625
08:00:30,91282CLQ2,TSRYS5906509,D,S,T,2024-10-21,1000000.00,3.869154,100.015625
08:00:30,91282CLQ2,TSRYS5906509,D,S,T,2024-10-21,1000000.00,3.869154,100.015625
08:00:30,91282CLQ2,TSRYS5906509,D,S,T,2024-10-21,1000000.00,3.869154,100.015625
08:00:30,91282CLQ2,TSRYS5906509,D,S,T,2024-10-21,1000000.00,3.869154,100.015625
08:00:30,91282CLQ2,TSRYS5906509,D,S,T,2024-10-21,1000000.00,3.869154,100.015625
08:00:30,91282CLQ2,TSRYS5906509,D,S,T,2024-10-21,1000000.00,3.869154,100.015625
08:00:30,91282CLQ2,TSRYS5906509,D,S,T,2024-10-21,1000000.00,3.869154,100.015625
08:00:30,91282CLQ2,TSRYS5906509,D,S,T,2024-10-21,1000000.00,3.869154,100.015625
08:00:30,91282CLQ2,TSRYS5906509,D,S,T,2024-10-21,1000000.00,3.869154,100.015625
08:00:30,91282CLQ2,TSRYS5906509,D,S,T,2024-10-21,1000000.00,3.869154,100.015625
08:00:30,91282CLQ2,TSRYS5906509,D,S,T,2024-10-21,1000000.00,3.869154,100.015625
08:00:30,91282CLQ2,TSRYS5906509,D,S,T,2024-10-21,1000000.00,3.869154,100.015625
08:00:30,91282CLQ2,TSRYS5906509,D,S,T,2024-10-21,1000000.00,3.869154,100.015625
08:00:30,91282CLQ2,TSRYS5906509,D,S,T,2024-10-21,1000000.00,3.868454,100.017578125
08:00:30,91282CLQ2,TSRYS5906509,D,S,T,2024-10-21,1000000.00,3.868454,100.017578125
08:00:30,91282CLQ2,TSRYS5906509,D,S,T,2024-10-21,1000000.00,3.869154,100.015625
08:00:30,91282CLQ2,TSRYS5906509,D,S,T,2024-10-21,1000000.00,3.870554,100.01171875
08:00:30,91282CLQ2,TSRYS5906509,D,S,T,2024-10-21,2000000.00,3.871254,100.009765625
08:00:30,91282CLQ2,TSRYS5906509,D,S,T,2024-10-21,1000000.00,3.871954,100.0078125
08:00:30,91282CLQ2,TSRYS5906509,D,S,T,2024-10-21,1000000.00,3.872654,100.005859375
08:00:30,91282CLQ2,TSRYS5906509,D,S,T,2024-10-21,2000000.00,3.877555,99.9921875
08:00:30,91282CLQ2,TSRYS5906509,D,S,T,2024-10-21,1000000.00,3.877555,99.9921875
08:00:30,91282CLQ2,TSRYS5906509,D,S,T,2024-10-21,1000000.00,3.877555,99.9921875
08:00:30,91282CLQ2,TSRYS5906509,D,S,T,2024-10-21,1000000.00,3.878255,99.990234375
08:00:30,91282CLQ2,TSRYS5906509,D,S,T,2024-10-21,1000000.00,3.877555,99.9921875
08:00:30,91282CLQ2,TSRYS5906509,D,S,T,2024-10-21,1000000.00,3.877555,99.9921875
08:00:30,91282CLQ2,TSRYS5906509,D,S,T,2024-10-21,1000000.00,3.878955,99.98828125
08:00:30,91282CLQ2,TSRYS5906509,D,S,T,2024-10-21,1000000.00,3.878955,99.98828125
08:00:30,91282CLQ2,TSRYS5906509,D,S,T,2024-10-21,1000000.00,3.877555,99.9921875
08:00:30,91282CLQ2,TSRYS5906509,D,S,T,2024-10-21,1000000.00,3.877555,99.9921875
08:00:30,91282CLQ2,TSRYS5906509,D,S,T,2024-10-21,1000000.00,3.877555,99.9921875
08:00:30,91282CLQ2,TSRYS5906509,D,S,T,2024-10-21,1000000.00,3.877555,99.9921875
08:00:30,91282CLQ2,TSRYS5906509,D,S,T,2024-10-21,1000000.00,3.877555,99.9921875
08:00:30,91282CLQ2,TSRYS5906509,D,S,T,2024-10-21,1000000.00,3.876855,99.994140625
08:00:30,91282CLQ2,TSRYS5906509,D,S,T,2024-10-21,1000000.00,3.877555,99.9921875
08:00:30,91282CLQ2,TSRYS5906509,D,S,T,2024-10-21,1000000.00,3.877555,99.9921875
08:00:30,91282CLQ2,TSRYS5906509,D,S,T,2024-10-21,1000000.00,3.877555,99.9921875
08:00:30,91282CLQ2,TSRYS5906509,D,S,T,2024-10-21,1000000.00,3.877555,99.9921875
08:00:30,91282CLQ2,TSRYS5906509,D,S,T,2024-10-21,1000000.00,3.877555,99.9921875
08:00:30,91282CLQ2,TSRYS5906509,D,S,T,2024-10-21,1000000.00,3.877555,99.9921875
08:00:30,91282CLQ2,TSRYS5906509,D,S,T,2024-10-21,1000000.00,3.877555,99.9921875
08:00:30,91282CLQ2,TSRYS5906509,D,S,T,2024-10-21,1000000.00,3.877555,99.9921875
08:00:30,91282CLQ2,TSRYS5906509,D,S,T,2024-10-21,1000000.00,3.877555,99.9921875
08:00:30,91282CLQ2,TSRYS5906509,D,S,T,2024-10-21,1000000.00,3.877555,99.9921875
08:00:30,91282CLQ2,TSRYS5906509,D,S,T,2024-10-21,1000000.00,3.877555,99.9921875
08:00:30,91282CLQ2,TSRYS5906509,D,S,T,2024-10-21,1000000.00,3.882456,99.978515625
08:00:30,91282CLQ2,TSRYS5906509,D,S,T,2024-10-21,1000000.00,3.883156,99.9765625
08:00:30,91282CLQ2,TSRYS5906509,D,S,T,2024-10-21,1000000.00,3.883156,99.9765625
08:00:30,91282CLQ2,TSRYS5906509,D,S,T,2024-10-21,1000000.00,3.883156,99.9765625
08:00:30,91282CLQ2,TSRYS5906509,D,S,T,2024-10-21,2000000.00,3.883156,99.9765625
08:00:30,91282CLQ2,TSRYS5906509,D,S,T,2024-10-21,2000000.00,3.883156,99.9765625
08:00:30,91282CLQ2,TSRYS5906509,D,S,T,2024-10-21,1000000.00,3.881756,99.98046875
08:00:30,91282CLQ2,TSRYS5906509,D,S,T,2024-10-21,1000000.00,3.883156,99.9765625
08:00:30,91282CLQ2,TSRYS5906509,D,S,T,2024-10-21,1000000.00,3.883156,99.9765625
08:00:30,91282CLQ2,TSRYS5906509,D,S,T,2024-10-21,1000000.00,3.883156,99.9765625
08:00:30,91282CLQ2,TSRYS5906509,D,S,T,2024-10-21,1000000.00,3.883857,99.974609375
08:00:30,91282CLQ2,TSRYS5906509,D,S,T,2024-10-21,1000000.00,3.884557,99.97265625
08:00:30,91282CLQ2,TSRYS5906509,D,S,T,2024-10-21,1000000.00,3.884557,99.97265625
08:00:30,91282CLQ2,TSRYS5906509,D,S,T,2024-10-21,1000000.00,3.884557,99.97265625
08:00:30,91282CLQ2,TSRYS5906509,D,S,T,2024-10-21,1000000.00,3.884557,99.97265625
08:00:30,91282CLQ2,TSRYS5906509,D,S,T,2024-10-21,1000000.00,3.884557,99.97265625
08:00:30,91282CLQ2,TSRYS5906509,D,S,T,2024-10-21,1000000.00,3.885958,99.96875
08:00:30,91282CLQ2,TSRYS5906509,D,S,T,2024-10-21,1000000.00,3.885958,99.96875
08:00:30,91282CLQ2,TSRYS5906509,D,S,T,2024-10-21,1000000.00,3.887358,99.96484375
08:00:30,91282CLQ2,TSRYS5906509,D,S,T,2024-10-21,1000000.00,3.885958,99.96875
08:00:30,91282CLQ2,TSRYS5906509,D,S,T,2024-10-21,1000000.00,3.887358,99.96484375
08:00:30,91282CLQ2,TSRYS5906509,D,S,T,2024-10-21,1000000.00,3.887358,99.96484375
08:00:30,91282CLQ2,TSRYS5906509,D,S,T,2024-10-21,1000000.00,3.887358,99.96484375
08:00:30,91282CLQ2,TSRYS5906509,D,S,T,2024-10-21,1000000.00,3.890861,99.955078125
08:00:30,91282CLQ2,TSRYS5906509,D,S,T,2024-10-21,1000000.00,3.888759,99.9609375
08:00:30,91282CLQ2,TSRYS5906509,D,S,T,2024-10-21,1000000.00,3.888759,99.9609375
08:00:30,91282CLQ2,TSRYS5906509,D,S,T,2024-10-21,1000000.00,3.888759,99.9609375
08:00:30,91282CLQ2,TSRYS5906509,D,S,T,2024-10-21,1000000.00,3.89016,99.95703125
08:00:30,91282CLQ2,TSRYS5906509,D,S,T,2024-10-21,1000000.00,3.89016,99.95703125
08:00:30,91282CLQ2,TSRYS5906509,D,S,T,2024-10-21,1000000.00,3.891561,99.953125
08:00:30,91282CLQ2,TSRYS5906509,D,S,T,2024-10-21,1000000.00,3.892962,99.94921875
08:00:30,91282CLQ2,TSRYS5906509,D,S,T,2024-10-21,1000000.00,3.892962,99.94921875
08:00:30,91282CLQ2,TSRYS5906509,D,S,T,2024-10-21,2000000.00,3.894363,99.9453125
08:00:30,91282CLQ2,TSRYS5906509,D,S,T,2024-10-21,2000000.00,3.894363,99.9453125
08:00:30,91282CLQ2,TSRYS5906509,D,S,T,2024-10-21,2000000.00,3.894363,99.9453125
08:00:30,91282CLQ2,TSRYS5906509,D,S,T,2024-10-21,1000000.00,3.894363,99.9453125
08:00:30,91282CLQ2,TSRYS5906509,D,S,T,2024-10-21,1000000.00,3.894363,99.9453125
08:00:30,91282CLQ2,TSRYS5906509,D,S,T,2024-10-21,1000000.00,3.894363,99.9453125
08:00:30,91282CLQ2,TSRYS5906509,D,S,T,2024-10-21,1000000.00,3.894363,99.9453125
08:00:30,91282CLQ2,TSRYS5906509,D,S,T,2024-10-21,1000000.00,3.894363,99.9453125
08:00:30,91282CLQ2,TSRYS5906509,D,S,T,2024-10-21,1000000.00,3.894363,99.9453125
08:00:30,91282CLQ2,TSRYS5906509,D,S,T,2024-10-21,1000000.00,3.895064,99.943359375
08:00:30,91282CLQ2,TSRYS5906509,D,S,T,2024-10-21,1000000.00,3.895064,99.943359375
08:00:30,91282CLQ2,TSRYS5906509,D,S,T,2024-10-21,1000000.00,3.895064,99.943359375
08:00:30,91282CLQ2,TSRYS5906509,D,S,T,2024-10-21,1000000.00,3.895064,99.943359375
08:00:30,91282CLQ2,TSRYS5906509,D,S,T,2024-10-21,1000000.00,3.897165,99.9375
08:00:30,91282CLQ2,TSRYS5906509,D,S,T,2024-10-21,1000000.00,3.897165,99.9375
08:00:30,91282CLQ2,TSRYS5906509,D,S,T,2024-10-21,1000000.00,3.897165,99.9375
08:00:30,91282CLQ2,TSRYS5906509,D,S,T,2024-10-21,1000000.00,3.897165,99.9375
08:00:30,91282CLQ2,TSRYS5906509,D,S,T,2024-10-21,1000000.00,3.897165,99.9375
08:00:30,91282CLQ2,TSRYS5906509,D,S,T,2024-10-21,1000000.00,3.897165,99.9375
08:00:30,91282CLQ2,TSRYS5906509,D,S,T,2024-10-21,1000000.00,3.897165,99.9375
08:00:30,91282CLQ2,TSRYS5906509,D,S,T,2024-10-21,1000000.00,3.897165,99.9375
08:00:30,91282CLQ2,TSRYS5906509,D,S,T,2024-10-21,1000000.00,3.897165,99.9375
08:00:30,91282CLQ2,TSRYS5906509,D,S,T,2024-10-21,1000000.00,3.894363,99.9453125
08:00:30,91282CLQ2,TSRYS5906509,D,S,T,2024-10-21,1000000.00,3.894363,99.9453125
08:00:30,91282CLQ2,TSRYS5906509,D,S,T,2024-10-21,2000000.00,3.895064,99.943359375
08:00:30,91282CLQ2,TSRYS5906509,D,S,T,2024-10-21,2000000.00,3.893663,99.947265625
08:00:30,91282CLQ2,TSRYS5906509,D,S,T,2024-10-21,2000000.00,3.892962,99.94921875
08:00:30,91282CLQ2,TSRYS5906509,D,S,T,2024-10-21,1000000.00,3.892962,99.94921875
08:00:30,91282CLQ2,TSRYS5906509,D,S,T,2024-10-21,1000000.00,3.892962,99.94921875
08:00:30,91282CLQ2,TSRYS5906509,D,S,T,2024-10-21,1000000.00,3.892962,99.94921875
08:00:30,91282CLQ2,TSRYS5906509,D,S,T,2024-10-21,1000000.00,3.892962,99.94921875
08:00:30,91282CLQ2,TSRYS5906509,D,S,T,2024-10-21,2000000.00,3.892262,99.951171875
08:00:30,91282CLQ2,TSRYS5906509,D,S,T,2024-10-21,1000000.00,3.892262,99.951171875
08:00:30,91282CLQ2,TSRYS5906509,D,S,T,2024-10-21,1000000.00,3.892262,99.951171875
08:00:30,91282CLQ2,TSRYS5906509,D,S,T,2024-10-21,1000000.00,3.89016,99.95703125
08:00:30,91282CLQ2,TSRYS5906509,D,S,T,2024-10-21,1000000.00,3.89016,99.95703125
08:00:30,91282CLQ2,TSRYS5906509,D,S,T,2024-10-21,1000000.00,3.89016,99.95703125
08:00:30,91282CLQ2,TSRYS5906509,D,S,T,2024-10-21,1000000.00,3.89016,99.95703125
08:00:30,91282CLQ2,TSRYS5906509,D,S,T,2024-10-21,1000000.00,3.888759,99.9609375
08:00:30,91282CLQ2,TSRYS5906509,D,S,T,2024-10-21,1000000.00,3.888759,99.9609375
08:00:30,91282CLQ2,TSRYS5906509,D,S,T,2024-10-21,1000000.00,3.888759,99.9609375
08:00:30,91282CLQ2,TSRYS5906509,D,S,T,2024-10-21,1000000.00,3.888759,99.9609375
08:00:30,91282CLQ2,TSRYS5906509,D,S,T,2024-10-21,1000000.00,3.89016,99.95703125
08:00:30,91282CLQ2,TSRYS5906509,D,S,T,2024-10-21,1000000.00,3.89016,99.95703125
08:00:30,91282CLQ2,TSRYS5906509,D,S,T,2024-10-21,1000000.00,3.89016,99.95703125
08:00:30,91282CLQ2,TSRYS5906509,D,S,T,2024-10-21,1000000.00,3.89016,99.95703125
08:00:30,91282CLQ2,TSRYS5906509,D,S,T,2024-10-21,1000000.00,3.89016,99.95703125
08:00:30,91282CLQ2,TSRYS5906509,D,S,T,2024-10-21,1000000.00,3.89016,99.95703125
08:00:30,91282CLQ2,TSRYS5906509,D,S,T,2024-10-21,1000000.00,3.89016,99.95703125
08:00:30,91282CLQ2,TSRYS5906509,D,S,T,2024-10-21,1000000.00,3.89016,99.95703125
08:00:30,91282CLQ2,TSRYS5906509,D,S,T,2024-10-21,1000000.00,3.89016,99.95703125
08:00:30,91282CLQ2,TSRYS5906509,D,S,T,2024-10-21,2000000.00,3.890861,99.955078125
08:00:30,91282CLQ2,TSRYS5906509,D,S,T,2024-10-21,1000000.00,3.89016,99.95703125
08:00:30,91282CLQ2,TSRYS5906509,D,S,T,2024-10-21,1000000.00,3.890861,99.955078125
08:00:30,91282CLQ2,TSRYS5906509,D,S,T,2024-10-21,1000000.00,3.890861,99.955078125
08:00:30,91282CLQ2,TSRYS5906509,D,S,T,2024-10-21,1000000.00,3.892962,99.94921875
08:00:30,91282CLQ2,TSRYS5906509,D,S,T,2024-10-21,1000000.00,3.892962,99.94921875
08:00:30,91282CLQ2,TSRYS5906509,D,S,T,2024-10-21,1000000.00,3.892962,99.94921875
08:00:30,91282CLQ2,TSRYS5906509,D,S,T,2024-10-21,1000000.00,3.891561,99.953125
08:00:30,91282CLQ2,TSRYS5906509,D,S,T,2024-10-21,1000000.00,3.891561,99.953125
08:00:30,91282CLQ2,TSRYS5906509,D,S,T,2024-10-21,1000000.00,3.891561,99.953125
08:00:30,91282CLQ2,TSRYS5906509,D,S,T,2024-10-21,1000000.00,3.891561,99.953125
08:00:30,91282CLQ2,TSRYS5906509,D,S,T,2024-10-21,1000000.00,3.894363,99.9453125
08:00:30,91282CLQ2,TSRYS5906509,D,S,T,2024-10-21,1000000.00,3.898567,99.93359375
08:00:30,91282CLQ2,TSRYS5906509,D,S,T,2024-10-21,1000000.00,3.902771,99.921875
08:00:30,91282CLQ2,TSRYS5906509,D,S,T,2024-10-21,1000000.00,3.902771,99.921875
08:00:31,91282CLQ2,TSRYS5906509,D,S,T,2024-10-21,1000000.00,3.902771,99.921875
08:00:31,91282CLQ2,TSRYS5906509,D,S,T,2024-10-21,1000000.00,3.902771,99.921875
08:00:31,91282CLQ2,TSRYS5906509,D,S,T,2024-10-21,1000000.00,3.904172,99.91796875
08:00:31,91282CLQ2,TSRYS5906509,D,S,T,2024-10-21,1000000.00,3.904172,99.91796875
08:00:31,91282CLQ2,TSRYS5906509,D,S,T,2024-10-21,1000000.00,3.904172,99.91796875
08:00:31,91282CLQ2,TSRYS5906509,D,S,T,2024-10-21,1000000.00,3.904172,99.91796875
08:00:31,91282CLQ2,TSRYS5906509,D,S,T,2024-10-21,1000000.00,3.906275,99.912109375
08:00:31,91282CLQ2,TSRYS5906509,D,S,T,2024-10-21,1000000.00,3.905574,99.9140625
08:00:31,91282CLQ2,TSRYS5906509,D,S,T,2024-10-21,1000000.00,3.904172,99.91796875
08:00:31,91282CLQ2,TSRYS5906509,D,S,T,2024-10-21,1000000.00,3.904873,99.916015625
08:00:31,91282CLQ2,TSRYS5906509,D,S,T,2024-10-21,1000000.00,3.905574,99.9140625
08:00:31,91282CLQ2,TSRYS5906509,D,S,T,2024-10-21,1000000.00,3.906976,99.91015625
08:00:31,91282CLQ2,TSRYS5906509,D,S,T,2024-10-21,1000000.00,3.908377,99.90625
08:00:31,91282CLQ2,TSRYS5906509,D,S,T,2024-10-21,2000000.00,3.909779,99.90234375
08:00:31,91282CLQ2,TSRYS5906509,D,S,T,2024-10-21,1000000.00,3.909779,99.90234375
08:00:31,91282CLQ2,TSRYS5906509,D,S,T,2024-10-21,1000000.00,3.909779,99.90234375
08:00:31,91282CLQ2,TSRYS5906509,D,S,T,2024-10-21,1000000.00,3.906976,99.91015625
08:00:31,91282CLQ2,TSRYS5906509,D,S,T,2024-10-21,1000000.00,3.906976,99.91015625
08:00:31,91282CLQ2,TSRYS5906509,D,S,T,2024-10-21,2000000.00,3.906976,99.91015625
08:00:31,91282CLQ2,TSRYS5906509,D,S,T,2024-10-21,1000000.00,3.905574,99.9140625
08:00:31,91282CLQ2,TSRYS5906509,D,S,T,2024-10-21,1000000.00,3.905574,99.9140625
08:00:31,91282CLQ2,TSRYS5906509,D,S,T,2024-10-21,1000000.00,3.905574,99.9140625
08:00:31,91282CLQ2,TSRYS5906509,D,S,T,2024-10-21,1000000.00,3.905574,99.9140625
08:00:31,91282CLQ2,TSRYS5906509,D,S,T,2024-10-21,1000000.00,3.905574,99.9140625
08:00:31,91282CLQ2,TSRYS5906509,D,S,T,2024-10-21,1000000.00,3.901369,99.92578125
08:00:31,91282CLQ2,TSRYS5906509,D,S,T,2024-10-21,1000000.00,3.901369,99.92578125
08:00:31,91282CLQ2,TSRYS5906509,D,S,T,2024-10-21,2000000.00,3.901369,99.92578125
08:00:31,91282CLQ2,TSRYS5906509,D,S,T,2024-10-21,1000000.00,3.902771,99.921875
08:00:31,91282CLQ2,TSRYS5906509,D,S,T,2024-10-21,1000000.00,3.904172,99.91796875
08:00:31,91282CLQ2,TSRYS5906509,D,S,T,2024-10-21,2000000.00,3.902771,99.921875
08:00:31,91282CLQ2,TSRYS5906509,D,S,T,2024-10-21,1000000.00,3.902771,99.921875
08:00:31,91282CLQ2,TSRYS5906509,D,S,T,2024-10-21,1000000.00,3.904172,99.91796875
08:00:31,91282CLQ2,TSRYS5906509,D,S,D,2024-10-21,1000000.00,3.903472,99.919921875
08:00:31,91282CLQ2,TSRYS5906509,D,S,T,2024-10-21,1000000.00,3.90207,99.923828125
08:00:31,91282CLQ2,TSRYS5906509,D,S,T,2024-10-21,1000000.00,3.901369,99.92578125
08:00:31,91282CLQ2,TSRYS5906509,D,S,T,2024-10-21,1000000.00,3.901369,99.92578125
08:00:31,91282CLQ2,TSRYS5906509,D,S,T,2024-10-21,1000000.00,3.901369,99.92578125
08:00:31,91282CLQ2,TSRYS5906509,D,S,T,2024-10-21,1000000.00,3.90207,99.923828125
08:00:31,91282CLQ2,TSRYS5906509,D,S,T,2024-10-21,1000000.00,3.901369,99.92578125
08:00:31,91282CLQ2,TSRYS5906509,D,S,T,2024-10-21,1000000.00,3.901369,99.92578125
08:00:31,91282CLQ2,TSRYS5906509,D,S,T,2024-10-21,1000000.00,3.902771,99.921875
08:00:31,91282CLQ2,TSRYS5906509,D,S,T,2024-10-21,1000000.00,3.902771,99.921875
08:00:31,91282CLQ2,TSRYS5906509,D,S,T,2024-10-21,1000000.00,3.902771,99.921875
08:00:31,91282CLQ2,TSRYS5906509,D,S,T,2024-10-21,1000000.00,3.90207,99.923828125
08:00:31,91282CLQ2,TSRYS5906509,D,S,T,2024-10-21,1000000.00,3.901369,99.92578125
08:00:31,91282CLQ2,TSRYS5906509,D,S,T,2024-10-21,1000000.00,3.904172,99.91796875
08:00:31,91282CLQ2,TSRYS5906509,D,S,T,2024-10-21,1000000.00,3.904172,99.91796875
08:00:31,91282CLQ2,TSRYS5906509,D,S,T,2024-10-21,1000000.00,3.904172,99.91796875
08:00:31,91282CLQ2,TSRYS5906509,D,S,T,2024-10-21,1000000.00,3.902771,99.921875
08:00:31,91282CLQ2,TSRYS5906509,D,S,T,2024-10-21,1000000.00,3.901369,99.92578125
08:00:31,91282CLQ2,TSRYS5906509,D,S,T,2024-10-21,1000000.00,3.901369,99.92578125
08:00:31,91282CLQ2,TSRYS5906509,D,S,T,2024-10-21,1000000.00,3.901369,99.92578125
08:00:31,91282CLQ2,TSRYS5906509,D,S,T,2024-10-21,1000000.00,3.901369,99.92578125
08:00:31,91282CLQ2,TSRYS5906509,D,S,T,2024-10-21,1000000.00,3.901369,99.92578125
08:00:31,91282CLQ2,TSRYS5906509,D,S,T,2024-10-21,1000000.00,3.901369,99.92578125
08:00:31,91282CLQ2,TSRYS5906509,D,S,T,2024-10-21,1000000.00,3.901369,99.92578125
08:00:31,91282CLQ2,TSRYS5906509,D,S,T,2024-10-21,1000000.00,3.901369,99.92578125
08:00:31,91282CLQ2,TSRYS5906509,D,S,T,2024-10-21,1000000.00,3.901369,99.92578125
08:00:31,91282CLQ2,TSRYS5906509,D,S,T,2024-10-21,1000000.00,3.901369,99.92578125
08:00:31,91282CLQ2,TSRYS5906509,D,S,T,2024-10-21,2000000.00,3.901369,99.92578125
08:00:31,91282CLQ2,TSRYS5906509,D,S,T,2024-10-21,1000000.00,3.901369,99.92578125
08:00:31,91282CLQ2,TSRYS5906509,D,S,T,2024-10-21,5000000.00,3.901369,99.92578125
08:00:31,91282CLQ2,TSRYS5906509,D,S,T,2024-10-21,3000000.00,3.901369,99.92578125
08:00:31,91282CLQ2,TSRYS5906509,D,S,T,2024-10-21,1000000.00,3.902771,99.921875
08:00:31,91282CLQ2,TSRYS5906509,D,S,T,2024-10-21,1000000.00,3.901369,99.92578125
08:00:31,91282CLQ2,TSRYS5906509,D,S,T,2024-10-21,2000000.00,3.901369,99.92578125
08:00:31,91282CLQ2,TSRYS5906509,D,S,T,2024-10-21,2000000.00,3.901369,99.92578125
08:00:31,91282CLQ2,TSRYS5906509,D,S,T,2024-10-21,1000000.00,3.903472,99.919921875
08:00:31,91282CLQ2,TSRYS5906509,D,S,T,2024-10-21,1000000.00,3.906976,99.91015625
08:00:31,91282CLQ2,TSRYS5906509,D,S,T,2024-10-21,1000000.00,3.905574,99.9140625
08:00:31,91282CLQ2,TSRYS5906509,D,S,T,2024-10-21,1000000.00,3.905574,99.9140625
08:00:31,91282CLQ2,TSRYS5906509,D,S,T,2024-10-21,1000000.00,3.905574,99.9140625
08:00:31,91282CLQ2,TSRYS5906509,D,S,T,2024-10-21,2000000.00,3.905574,99.9140625
08:00:31,91282CLQ2,TSRYS5906509,D,S,T,2024-10-21,1000000.00,3.905574,99.9140625
08:00:31,91282CLQ2,TSRYS5906509,D,S,T,2024-10-21,1000000.00,3.904172,99.91796875
08:00:31,91282CLQ2,TSRYS5906509,D,S,T,2024-10-21,1000000.00,3.904172,99.91796875
08:00:31,91282CLQ2,TSRYS5906509,D,S,T,2024-10-21,1000000.00,3.904172,99.91796875
08:00:31,91282CLQ2,TSRYS5906509,D,S,T,2024-10-21,1000000.00,3.905574,99.9140625
08:00:31,91282CLQ2,TSRYS5906509,D,S,T,2024-10-21,1000000.00,3.905574,99.9140625
08:00:31,91282CLQ2,TSRYS5906509,D,S,T,2024-10-21,1000000.00,3.905574,99.9140625
08:00:31,91282CLQ2,TSRYS5906509,D,S,T,2024-10-21,1000000.00,3.906976,99.91015625
08:00:31,91282CLQ2,TSRYS5906509,D,S,T,2024-10-21,1000000.00,3.906976,99.91015625
08:00:31,91282CLQ2,TSRYS5906509,D,S,T,2024-10-21,1000000.00,3.906976,99.91015625
08:00:31,91282CLQ2,TSRYS5906509,D,S,T,2024-10-21,1000000.00,3.906976,99.91015625
08:00:31,91282CLQ2,TSRYS5906509,D,S,T,2024-10-21,1000000.00,3.906976,99.91015625
08:00:31,91282CLQ2,TSRYS5906509,D,S,T,2024-10-21,1000000.00,3.907676,99.908203125
08:00:31,91282CLQ2,TSRYS5906509,D,S,T,2024-10-21,1000000.00,3.906976,99.91015625
08:00:31,91282CLQ2,TSRYS5906509,D,S,T,2024-10-21,1000000.00,3.904172,99.91796875
08:00:31,91282CLQ2,TSRYS5906509,D,S,T,2024-10-21,2000000.00,3.907676,99.908203125
08:00:31,91282CLQ2,TSRYS5906509,D,S,T,2024-10-21,1000000.00,3.906976,99.91015625
08:00:31,91282CLQ2,TSRYS5906509,D,S,T,2024-10-21,2000000.00,3.906976,99.91015625
08:00:31,91282CLQ2,TSRYS5906509,D,S,T,2024-10-21,1000000.00,3.906976,99.91015625
08:00:31,91282CLQ2,TSRYS5906509,D,S,T,2024-10-21,1000000.00,3.906976,99.91015625
08:00:31,91282CLQ2,TSRYS5906509,D,S,T,2024-10-21,2000000.00,3.906976,99.91015625
08:00:31,91282CLQ2,TSRYS5906509,D,S,T,2024-10-21,1000000.00,3.905574,99.9140625
08:00:31,91282CLQ2,TSRYS5906509,D,S,T,2024-10-21,2000000.00,3.905574,99.9140625
08:00:31,91282CLQ2,TSRYS5906509,D,S,T,2024-10-21,1000000.00,3.906976,99.91015625
08:00:31,91282CLQ2,TSRYS5906509,D,S,T,2024-10-21,1000000.00,3.906976,99.91015625
08:00:31,91282CLQ2,TSRYS5906509,D,S,T,2024-10-21,1000000.00,3.906976,99.91015625
08:00:31,91282CLQ2,TSRYS5906509,D,S,T,2024-10-21,1000000.00,3.906976,99.91015625
08:00:31,91282CLQ2,TSRYS5906509,D,S,T,2024-10-21,1000000.00,3.906976,99.91015625
08:00:31,91282CLQ2,TSRYS5906509,D,S,T,2024-10-21,1000000.00,3.906976,99.91015625
08:00:31,91282CLQ2,TSRYS5906509,D,S,T,2024-10-21,1000000.00,3.906976,99.91015625
08:00:31,91282CLQ2,TSRYS5906509,D,S,T,2024-10-21,2000000.00,3.906275,99.912109375
08:00:31,91282CLQ2,TSRYS5906509,D,S,T,2024-10-21,2000000.00,3.905574,99.9140625
08:00:31,91282CLQ2,TSRYS5906509,D,S,T,2024-10-21,1000000.00,3.905574,99.9140625
08:00:31,91282CLQ2,TSRYS5906509,D,S,T,2024-10-21,1000000.00,3.905574,99.9140625
08:00:31,91282CLQ2,TSRYS5906509,D,S,T,2024-10-21,8000000.00,3.905574,99.9140625
08:00:31,91282CLQ2,TSRYS5906509,D,S,T,2024-10-21,1000000.00,3.905574,99.9140625
08:00:31,91282CLQ2,TSRYS5906509,D,S,T,2024-10-21,2000000.00,3.905574,99.9140625
08:00:31,91282CLQ2,TSRYS5906509,D,S,T,2024-10-21,1000000.00,3.905574,99.9140625
08:00:31,91282CLQ2,TSRYS5906509,D,S,T,2024-10-21,1000000.00,3.905574,99.9140625
08:00:31,91282CLQ2,TSRYS5906509,D,S,T,2024-10-21,1000000.00,3.905574,99.9140625
08:00:31,91282CLQ2,TSRYS5906509,D,S,T,2024-10-21,1000000.00,3.905574,99.9140625
08:00:31,91282CLQ2,TSRYS5906509,D,S,T,2024-10-21,2000000.00,3.905574,99.9140625
08:00:31,91282CLQ2,TSRYS5906509,D,S,T,2024-10-21,2000000.00,3.905574,99.9140625
08:00:31,91282CLQ2,TSRYS5906509,D,S,T,2024-10-21,1000000.00,3.906976,99.91015625
08:00:31,91282CLQ2,TSRYS5906509,D,S,T,2024-10-21,1000000.00,3.906976,99.91015625
08:00:31,91282CLQ2,TSRYS5906509,D,S,D,2024-10-21,1000000.00,3.870554,100.01171875
08:00:31,91282CLQ2,TSRYS5906509,D,S,D,2024-10-21,1000000.00,3.870554,100.01171875
08:00:31,91282CLQ2,TSRYS5906509,D,S,D,2024-10-21,1000000.00,3.864255,100.029296875
08:00:31,91282CLQ2,TSRYS5906509,D,S,D,2024-10-21,1000000.00,3.897165,99.9375
08:00:31,91282CLQ2,TSRYS5906509,D,S,D,2024-10-21,1000000.00,3.897165,99.9375
08:00:31,91282CLQ2,TSRYS5906509,D,S,D,2024-10-21,1000000.00,3.887358,99.96484375
08:00:31,91282CLQ2,TSRYS5906509,D,S,D,2024-10-21,1000000.00,3.887358,99.96484375
08:00:31,91282CLQ2,TSRYS5906509,D,S,D,2024-10-21,1000000.00,3.887358,99.96484375
08:00:31,91282CLQ2,TSRYS5906509,D,S,D,2024-10-21,1000000.00,3.887358,99.96484375
08:00:31,91282CLQ2,TSRYS5906509,D,S,D,2024-10-21,1000000.00,3.887358,99.96484375
08:00:31,91282CLQ2,TSRYS5906509,D,S,D,2024-10-21,1000000.00,3.887358,99.96484375
08:00:31,91282CLQ2,TSRYS5906509,D,S,D,2024-10-21,1000000.00,3.887358,99.96484375
08:00:31,91282CLQ2,TSRYS5906509,D,S,D,2024-10-21,1000000.00,3.887358,99.96484375
08:00:31,91282CLQ2,TSRYS5906509,D,S,D,2024-10-21,1000000.00,3.887358,99.96484375
08:00:31,91282CLQ2,TSRYS5906509,D,S,D,2024-10-21,1000000.00,3.887358,99.96484375
08:00:31,91282CLQ2,TSRYS5906509,D,S,D,2024-10-21,1000000.00,3.887358,99.96484375
08:00:31,91282CLQ2,TSRYS5906509,D,S,D,2024-10-21,1000000.00,3.887358,99.96484375
08:00:31,91282CLQ2,TSRYS5906509,D,S,D,2024-10-21,1000000.00,3.887358,99.96484375
08:00:31,91282CLQ2,TSRYS5906509,D,S,D,2024-10-21,1000000.00,3.88946,99.958984375
08:00:31,91282CLQ2,TSRYS5906509,D,S,D,2024-10-21,1000000.00,3.88946,99.958984375
08:00:31,91282CLQ2,TSRYS5906509,D,S,D,2024-10-21,2000000.00,3.892262,99.951171875
08:00:31,91282CLQ2,TSRYS5906509,D,S,D,2024-10-21,2000000.00,3.892262,99.951171875
08:00:31,91282CLQ2,TSRYS5906509,D,S,D,2024-10-21,1000000.00,3.892262,99.951171875
08:00:31,91282CLQ2,TSRYS5906509,D,S,D,2024-10-21,2000000.00,3.892262,99.951171875
08:00:31,91282CLQ2,TSRYS5906509,D,S,D,2024-10-21,2000000.00,3.892262,99.951171875
08:00:31,91282CLQ2,TSRYS5906509,D,S,D,2024-10-21,1000000.00,3.892262,99.951171875
08:00:31,91282CLQ2,TSRYS5906509,D,S,D,2024-10-21,1000000.00,3.892262,99.951171875
08:00:31,91282CLQ2,TSRYS5906509,D,S,D,2024-10-21,1000000.00,3.892262,99.951171875
08:00:31,91282CLQ2,TSRYS5906509,D,S,D,2024-10-21,1000000.00,3.892262,99.951171875
08:00:31,91282CLQ2,TSRYS5906509,D,S,D,2024-10-21,1000000.00,3.892262,99.951171875
08:00:31,91282CLQ2,TSRYS5906509,D,S,D,2024-10-21,1000000.00,3.892262,99.951171875
08:00:31,91282CLQ2,TSRYS5906509,D,S,D,2024-10-21,1000000.00,3.892262,99.951171875
08:00:31,91282CLQ2,TSRYS5906509,D,S,D,2024-10-21,1000000.00,3.892262,99.951171875
08:00:31,91282CLQ2,TSRYS5906509,D,S,D,2024-10-21,1000000.00,3.892262,99.951171875
08:00:31,91282CLQ2,TSRYS5906509,D,S,D,2024-10-21,1000000.00,3.892262,99.951171875
08:00:31,91282CLQ2,TSRYS5906509,D,S,D,2024-10-21,1000000.00,3.894363,99.9453125
08:00:31,91282CLQ2,TSRYS5906509,D,S,D,2024-10-21,1000000.00,3.894363,99.9453125
08:00:31,91282CLQ2,TSRYS5906509,D,S,D,2024-10-21,1000000.00,3.894363,99.9453125
08:00:31,91282CLQ2,TSRYS5906509,D,S,D,2024-10-21,1000000.00,3.897165,99.9375
08:00:31,91282CLQ2,TSRYS5906509,D,S,D,2024-10-21,1000000.00,3.897165,99.9375
08:00:31,91282CLQ2,TSRYS5906509,D,S,D,2024-10-21,2000000.00,3.897165,99.9375
08:00:31,91282CLQ2,TSRYS5906509,D,S,D,2024-10-21,2000000.00,3.897165,99.9375
08:00:31,91282CLQ2,TSRYS5906509,D,S,D,2024-10-21,1000000.00,3.897165,99.9375
08:00:31,91282CLQ2,TSRYS5906509,D,S,D,2024-10-21,1000000.00,3.897165,99.9375
08:00:31,91282CLQ2,TSRYS5906509,D,S,D,2024-10-21,2000000.00,3.897165,99.9375
08:00:31,91282CLQ2,TSRYS5906509,D,S,D,2024-10-21,3000000.00,3.897165,99.9375
08:00:31,91282CLQ2,TSRYS5906509,D,S,D,2024-10-21,2000000.00,3.897165,99.9375
08:00:31,91282CLQ2,TSRYS5906509,D,S,D,2024-10-21,1000000.00,3.897165,99.9375
08:00:31,91282CLQ2,TSRYS5906509,D,S,D,2024-10-21,1000000.00,3.902771,99.921875
08:00:31,91282CLQ2,TSRYS5906509,D,S,D,2024-10-21,1000000.00,3.902771,99.921875
08:00:31,91282CLQ2,TSRYS5906509,D,S,D,2024-10-21,1000000.00,3.902771,99.921875
08:00:31,91282CLQ2,TSRYS5906509,D,S,D,2024-10-21,1000000.00,3.902771,99.921875
08:00:31,91282CLQ2,TSRYS5906509,D,S,D,2024-10-21,1000000.00,3.902771,99.921875
08:00:31,91282CLQ2,TSRYS5906509,D,S,T,2024-10-21,1000000.00,3.864955,100.02734375
08:00:31,91282CLQ2,TSRYS5906509,D,S,T,2024-10-21,1000000.00,3.864255,100.029296875
08:00:31,91282CLQ2,TSRYS5906509,D,S,T,2024-10-21,2000000.00,3.864955,100.02734375
08:00:31,91282CLQ2,TSRYS5906509,D,S,T,2024-10-21,2000000.00,3.864955,100.02734375
08:00:31,91282CLQ2,TSRYS5906509,D,S,T,2024-10-21,2000000.00,3.864955,100.02734375
08:00:31,91282CLQ2,TSRYS5906509,D,S,T,2024-10-21,1000000.00,3.867054,100.021484375
08:00:31,91282CLQ2,TSRYS5906509,D,S,T,2024-10-21,1000000.00,3.867754,100.01953125
08:00:31,91282CLQ2,TSRYS5906509,D,S,T,2024-10-21,1000000.00,3.867754,100.01953125
08:00:31,91282CLQ2,TSRYS5906509,D,S,T,2024-10-21,1000000.00,3.867754,100.01953125
08:00:31,91282CLQ2,TSRYS5906509,D,S,T,2024-10-21,1000000.00,3.869154,100.015625
08:00:31,91282CLQ2,TSRYS5906509,D,S,T,2024-10-21,1000000.00,3.869154,100.015625
08:00:31,91282CLQ2,TSRYS5906509,D,S,T,2024-10-21,1000000.00,3.869154,100.015625
08:00:31,91282CLQ2,TSRYS5906509,D,S,T,2024-10-21,1000000.00,3.869154,100.015625
08:00:31,91282CLQ2,TSRYS5906509,D,S,T,2024-10-21,1000000.00,3.869154,100.015625
08:00:31,91282CLQ2,TSRYS5906509,D,S,T,2024-10-21,1000000.00,3.869154,100.015625
08:00:31,91282CLQ2,TSRYS5906509,D,S,T,2024-10-21,1000000.00,3.869154,100.015625
08:00:31,91282CLQ2,TSRYS5906509,D,S,T,2024-10-21,1000000.00,3.868454,100.017578125
08:00:31,91282CLQ2,TSRYS5906509,D,S,T,2024-10-21,1000000.00,3.868454,100.017578125
08:00:31,91282CLQ2,TSRYS5906509,D,S,T,2024-10-21,1000000.00,3.869154,100.015625
08:00:31,91282CLQ2,TSRYS5906509,D,S,T,2024-10-21,1000000.00,3.869154,100.015625
08:00:32,91282CLQ2,TSRYS5906509,D,S,T,2024-10-21,2000000.00,3.871254,100.009765625
08:00:32,91282CLQ2,TSRYS5906509,D,S,T,2024-10-21,2000000.00,3.871254,100.009765625
08:00:32,91282CLQ2,TSRYS5906509,D,S,T,2024-10-21,2000000.00,3.871254,100.009765625
08:00:32,91282CLQ2,TSRYS5906509,D,S,T,2024-10-21,2000000.00,3.871254,100.009765625
08:00:32,91282CLQ2,TSRYS5906509,D,S,T,2024-10-21,2000000.00,3.871254,100.009765625
08:00:32,91282CLQ2,TSRYS5906509,D,S,T,2024-10-21,2000000.00,3.871254,100.009765625
08:00:32,91282CLQ2,TSRYS5906509,D,S,T,2024-10-21,1000000.00,3.871954,100.0078125
08:00:32,91282CLQ2,TSRYS5906509,D,S,D,2024-10-21,1000000.00,3.883156,99.9765625
08:00:32,91282CLQ2,TSRYS5906509,D,S,D,2024-10-21,1000000.00,3.888759,99.9609375
08:00:32,91282CLQ2,TSRYS5906509,D,S,D,2024-10-21,2000000.00,3.89016,99.95703125
08:00:32,91282CLQ2,TSRYS5906509,D,S,D,2024-10-21,2000000.00,3.89016,99.95703125
08:00:32,91282CLQ2,TSRYS5906509,D,S,D,2024-10-21,2000000.00,3.89016,99.95703125
08:00:32,91282CLQ2,TSRYS5906509,D,S,T,2024-10-21,2000000.00,3.883156,99.9765625
08:00:32,91282CLQ2,TSRYS5906509,D,S,T,2024-10-21,2000000.00,3.883156,99.9765625
08:00:32,91282CLQ2,TSRYS5906509,D,S,T,2024-10-21,2000000.00,3.883156,99.9765625
08:00:32,91282CLQ2,TSRYS5906509,D,S,T,2024-10-21,1000000.00,3.885958,99.96875
08:00:32,91282CLQ2,TSRYS5906509,D,S,T,2024-10-21,1000000.00,3.887358,99.96484375
08:00:32,91282CLQ2,TSRYS5906509,D,S,T,2024-10-21,1000000.00,3.887358,99.96484375
08:00:32,91282CLQ2,TSRYS5906509,D,S,T,2024-10-21,1000000.00,3.887358,99.96484375
08:00:32,91282CLQ2,TSRYS5906509,D,S,T,2024-10-21,1000000.00,3.887358,99.96484375
08:00:32,91282CLQ2,TSRYS5906509,D,S,T,2024-10-21,1000000.00,3.887358,99.96484375
08:00:32,91282CLQ2,TSRYS5906509,D,S,T,2024-10-21,1000000.00,3.887358,99.96484375
08:00:32,91282CLQ2,TSRYS5906509,D,S,T,2024-10-21,1000000.00,3.887358,99.96484375
08:00:32,91282CLQ2,TSRYS5906509,D,S,T,2024-10-21,1000000.00,3.887358,99.96484375
08:00:32,91282CLQ2,TSRYS5906509,D,S,T,2024-10-21,1000000.00,3.887358,99.96484375
08:00:32,91282CLQ2,TSRYS5906509,D,S,T,2024-10-21,1000000.00,3.887358,99.96484375
08:00:32,91282CLQ2,TSRYS5906509,D,S,T,2024-10-21,1000000.00,3.887358,99.96484375
08:00:32,91282CLQ2,TSRYS5906509,D,S,T,2024-10-21,2000000.00,3.88946,99.958984375
08:00:32,91282CLQ2,TSRYS5906509,D,S,T,2024-10-21,2000000.00,3.88946,99.958984375
08:00:32,91282CLQ2,TSRYS5906509,D,S,T,2024-10-21,2000000.00,3.88946,99.958984375
08:00:32,91282CLQ2,TSRYS5906509,D,S,T,2024-10-21,2000000.00,3.88946,99.958984375
08:00:32,91282CLQ2,TSRYS5906509,D,S,T,2024-10-21,1000000.00,3.894363,99.9453125
08:00:32,91282CLQ2,TSRYS5906509,D,S,T,2024-10-21,1000000.00,3.894363,99.9453125
08:00:32,91282CLQ2,TSRYS5906509,D,S,T,2024-10-21,1000000.00,3.894363,99.9453125
08:00:32,91282CLQ2,TSRYS5906509,D,S,T,2024-10-21,1000000.00,3.894363,99.9453125
08:00:32,91282CLQ2,TSRYS5906509,D,S,T,2024-10-21,1000000.00,3.894363,99.9453125
08:00:32,91282CLQ2,TSRYS5906509,D,S,T,2024-10-21,2000000.00,3.894363,99.9453125
08:00:32,91282CLQ2,TSRYS5906509,D,S,T,2024-10-21,1000000.00,3.894363,99.9453125
08:00:32,91282CLQ2,TSRYS5906509,D,S,T,2024-10-21,1000000.00,3.894363,99.9453125
08:00:32,91282CLQ2,TSRYS5906509,D,S,T,2024-10-21,1000000.00,3.894363,99.9453125
08:00:32,91282CLQ2,TSRYS5906509,D,S,T,2024-10-21,1000000.00,3.894363,99.9453125
08:00:32,91282CLQ2,TSRYS5906509,D,S,T,2024-10-21,1000000.00,3.894363,99.9453125
08:00:32,91282CLQ2,TSRYS5906509,D,S,T,2024-10-21,1000000.00,3.894363,99.9453125
08:00:32,91282CLQ2,TSRYS5906509,D,S,T,2024-10-21,1000000.00,3.894363,99.9453125
08:00:32,91282CLQ2,TSRYS5906509,D,S,T,2024-10-21,1000000.00,3.894363,99.9453125
08:00:32,91282CLQ2,TSRYS5906509,D,S,T,2024-10-21,1000000.00,3.894363,99.9453125
08:00:32,91282CLQ2,TSRYS5906509,D,S,T,2024-10-21,1000000.00,3.894363,99.9453125
08:00:32,91282CLQ2,TSRYS5906509,D,S,T,2024-10-21,2000000.00,3.894363,99.9453125
08:00:32,91282CLQ2,TSRYS5906509,D,S,T,2024-10-21,1000000.00,3.893663,99.947265625
08:00:32,91282CLQ2,TSRYS5906509,D,S,T,2024-10-21,1000000.00,3.893663,99.947265625
08:00:32,91282CLQ2,TSRYS5906509,D,S,T,2024-10-21,1000000.00,3.894363,99.9453125
08:00:32,91282CLQ2,TSRYS5906509,D,S,T,2024-10-21,1000000.00,3.894363,99.9453125
08:00:32,91282CLQ2,TSRYS5906509,D,S,T,2024-10-21,1000000.00,3.894363,99.9453125
08:00:32,91282CLQ2,TSRYS5906509,D,S,T,2024-10-21,1000000.00,3.894363,99.9453125
08:00:32,91282CLQ2,TSRYS5906509,D,S,T,2024-10-21,1000000.00,3.894363,99.9453125
08:00:32,91282CLQ2,TSRYS5906509,D,S,T,2024-10-21,1000000.00,3.894363,99.9453125
08:00:32,91282CLQ2,TSRYS5906509,D,S,T,2024-10-21,1000000.00,3.894363,99.9453125
08:00:32,91282CLQ2,TSRYS5906509,D,S,T,2024-10-21,1000000.00,3.894363,99.9453125
08:00:32,91282CLQ2,TSRYS5906509,D,S,T,2024-10-21,1000000.00,3.894363,99.9453125
08:00:32,91282CLQ2,TSRYS5906509,D,S,T,2024-10-21,1000000.00,3.895064,99.943359375
08:00:32,91282CLQ2,TSRYS5906509,D,S,T,2024-10-21,1000000.00,3.895064,99.943359375
08:00:32,91282CLQ2,TSRYS5906509,D,S,T,2024-10-21,1000000.00,3.896465,99.939453125
08:00:32,91282CLQ2,TSRYS5906509,D,S,T,2024-10-21,1000000.00,3.896465,99.939453125
08:00:32,91282CLQ2,TSRYS5906509,D,S,T,2024-10-21,1000000.00,3.897165,99.9375
08:00:32,91282CLQ2,TSRYS5906509,D,S,T,2024-10-21,1000000.00,3.897165,99.9375
08:00:32,91282CLQ2,TSRYS5906509,D,S,T,2024-10-21,1000000.00,3.897165,99.9375
08:00:32,91282CLQ2,TSRYS5906509,D,S,T,2024-10-21,1000000.00,3.897165,99.9375
08:00:32,91282CLQ2,TSRYS5906509,D,S,T,2024-10-21,2000000.00,3.897165,99.9375
08:00:32,91282CLQ2,TSRYS5906509,D,S,T,2024-10-21,1000000.00,3.897165,99.9375
08:00:32,91282CLQ2,TSRYS5906509,D,S,T,2024-10-21,1000000.00,3.897165,99.9375
08:00:32,91282CLQ2,TSRYS5906509,D,S,T,2024-10-21,2000000.00,3.897165,99.9375
08:00:32,91282CLQ2,TSRYS5906509,D,S,T,2024-10-21,2000000.00,3.897165,99.9375
08:00:32,91282CLQ2,TSRYS5906509,D,S,T,2024-10-21,2000000.00,3.897165,99.9375
08:00:32,91282CLQ2,TSRYS5906509,D,S,T,2024-10-21,1000000.00,3.897165,99.9375
08:00:32,91282CLQ2,TSRYS5906509,D,S,T,2024-10-21,2000000.00,3.897165,99.9375
08:00:32,91282CLQ2,TSRYS5906509,D,S,T,2024-10-21,2000000.00,3.895064,99.943359375
08:00:32,91282CLQ2,TSRYS5906509,D,S,T,2024-10-21,1000000.00,3.89016,99.95703125
08:00:32,91282CLQ2,TSRYS5906509,D,S,T,2024-10-21,1000000.00,3.890861,99.955078125
08:00:32,91282CLQ2,TSRYS5906509,D,S,T,2024-10-21,1000000.00,3.890861,99.955078125
08:00:32,91282CLQ2,TSRYS5906509,D,S,T,2024-10-21,2000000.00,3.890861,99.955078125
08:00:32,91282CLQ2,TSRYS5906509,D,S,T,2024-10-21,1000000.00,3.890861,99.955078125
08:00:32,91282CLQ2,TSRYS5906509,D,S,T,2024-10-21,2000000.00,3.891561,99.953125
08:00:32,91282CLQ2,TSRYS5906509,D,S,T,2024-10-21,2000000.00,3.891561,99.953125
08:00:32,91282CLQ2,TSRYS5906509,D,S,T,2024-10-21,3000000.00,3.890861,99.955078125
08:00:32,91282CLQ2,TSRYS5906509,D,S,T,2024-10-21,1000000.00,3.892962,99.94921875
08:00:32,91282CLQ2,TSRYS5906509,D,S,T,2024-10-21,1000000.00,3.897165,99.9375
08:00:32,91282CLQ2,TSRYS5906509,D,S,T,2024-10-21,1000000.00,3.902771,99.921875
08:00:32,91282CLQ2,TSRYS5906509,D,S,T,2024-10-21,1000000.00,3.902771,99.921875
08:00:32,91282CLQ2,TSRYS5906509,D,S,T,2024-10-21,1000000.00,3.902771,99.921875
08:00:32,91282CLQ2,TSRYS5906509,D,S,T,2024-10-21,1000000.00,3.902771,99.921875
08:00:32,91282CLQ2,TSRYS5906509,D,S,T,2024-10-21,1000000.00,3.902771,99.921875
08:00:32,91282CLQ2,TSRYS5906509,D,S,T,2024-10-21,1000000.00,3.902771,99.921875
08:00:32,91282CLQ2,TSRYS5906509,D,S,T,2024-10-21,1000000.00,3.902771,99.921875
08:00:32,91282CLQ2,TSRYS5906509,D,S,T,2024-10-21,1000000.00,3.902771,99.921875
08:00:32,91282CLQ2,TSRYS5906509,D,S,T,2024-10-21,1000000.00,3.902771,99.921875
08:00:32,91282CLQ2,TSRYS5906509,D,S,T,2024-10-21,1000000.00,3.877555,99.9921875
08:00:32,91282CLQ2,TSRYS5906509,D,S,T,2024-10-21,1000000.00,3.904873,99.916015625
08:00:32,91282CLQ2,TSRYS5906509,D,S,T,2024-10-21,1000000.00,3.905574,99.9140625
08:00:32,91282CLQ2,TSRYS5906509,D,S,T,2024-10-21,2000000.00,3.91048,99.900390625
08:00:32,91282CLQ2,TSRYS5906509,D,S,T,2024-10-21,2000000.00,3.877555,99.9921875
08:00:32,91282CLQ2,TSRYS5906509,D,S,T,2024-10-21,2000000.00,3.907676,99.908203125
08:00:32,91282CLQ2,TSRYS5906509,D,S,T,2024-10-21,2000000.00,3.906976,99.91015625
08:00:32,91282CLQ2,TSRYS5906509,D,S,T,2024-10-21,1000000.00,3.904873,99.916015625
08:00:32,91282CLQ2,TSRYS5906509,D,S,T,2024-10-21,1000000.00,3.905574,99.9140625
08:00:32,91282CLQ2,TSRYS5906509,D,S,T,2024-10-21,1000000.00,3.905574,99.9140625
08:00:32,91282CLQ2,TSRYS5906509,D,S,T,2024-10-21,1000000.00,3.905574,99.9140625
08:00:32,91282CLQ2,TSRYS5906509,D,S,T,2024-10-21,1000000.00,3.905574,99.9140625
08:00:32,91282CLQ2,TSRYS5906509,D,S,T,2024-10-21,1000000.00,3.905574,99.9140625
08:00:32,91282CLQ2,TSRYS5906509,D,S,T,2024-10-21,1000000.00,3.905574,99.9140625
08:00:32,91282CLQ2,TSRYS5906509,D,S,T,2024-10-21,2000000.00,3.905574,99.9140625
08:00:32,91282CLQ2,TSRYS5906509,D,S,T,2024-10-21,1000000.00,3.905574,99.9140625
08:00:32,91282CLQ2,TSRYS5906509,D,S,T,2024-10-21,1000000.00,3.905574,99.9140625
08:00:32,91282CLQ2,TSRYS5906509,D,S,T,2024-10-21,1000000.00,3.905574,99.9140625
08:00:32,91282CLQ2,TSRYS5906509,D,S,T,2024-10-21,1000000.00,3.905574,99.9140625
08:00:32,91282CLQ2,TSRYS5906509,D,S,T,2024-10-21,2000000.00,3.905574,99.9140625
08:00:32,91282CLQ2,TSRYS5906509,D,S,T,2024-10-21,1000000.00,3.905574,99.9140625
08:00:32,91282CLQ2,TSRYS5906509,D,S,T,2024-10-21,2000000.00,3.905574,99.9140625
08:00:32,91282CLQ2,TSRYS5906509,D,S,T,2024-10-21,1000000.00,3.905574,99.9140625
08:00:32,91282CLQ2,TSRYS5906509,D,S,T,2024-10-21,1000000.00,3.905574,99.9140625
08:00:32,91282CLQ2,TSRYS5906509,D,S,T,2024-10-21,1000000.00,3.901369,99.92578125
08:00:32,91282CLQ2,TSRYS5906509,D,S,T,2024-10-21,1000000.00,3.901369,99.92578125
08:00:32,91282CLQ2,TSRYS5906509,D,S,T,2024-10-21,1000000.00,3.901369,99.92578125
08:00:32,91282CLQ2,TSRYS5906509,D,S,T,2024-10-21,1000000.00,3.902771,99.921875
08:00:32,91282CLQ2,TSRYS5906509,D,S,T,2024-10-21,1000000.00,3.904172,99.91796875
08:00:32,91282CLQ2,TSRYS5906509,D,S,T,2024-10-21,1000000.00,3.877555,99.9921875
08:00:32,91282CLQ2,TSRYS5906509,D,S,D,2024-10-21,1000000.00,3.89016,99.95703125
08:00:32,91282CLQ2,TSRYS5906509,D,S,D,2024-10-21,4000000.00,3.89016,99.95703125
08:00:32,91282CLQ2,TSRYS5906509,D,S,D,2024-10-21,2000000.00,3.89016,99.95703125
08:00:32,91282CLQ2,TSRYS5906509,D,S,D,2024-10-21,4000000.00,3.89016,99.95703125
08:00:32,91282CLQ2,TSRYS5906509,D,S,D,2024-10-21,2000000.00,3.89016,99.95703125
08:00:32,91282CLQ2,TSRYS5906509,D,S,D,2024-10-21,1000000.00,3.892962,99.94921875
08:00:32,91282CLQ2,TSRYS5906509,D,S,T,2024-10-21,1000000.00,3.877555,99.9921875
08:00:32,91282CLQ2,TSRYS5906509,D,S,T,2024-10-21,1000000.00,3.877555,99.9921875
08:00:32,91282CLQ2,TSRYS5906509,D,S,T,2024-10-21,2000000.00,3.877555,99.9921875
08:00:32,91282CLQ2,TSRYS5906509,D,S,T,2024-10-21,1000000.00,3.877555,99.9921875
08:00:32,91282CLQ2,TSRYS5906509,D,S,T,2024-10-21,1000000.00,3.877555,99.9921875
08:00:33,91282CLQ2,TSRYS5906509,D,S,T,2024-10-21,3000000.00,3.877555,99.9921875
08:00:33,91282CLQ2,TSRYS5906509,D,S,T,2024-10-21,1000000.00,3.877555,99.9921875
08:00:33,91282CLQ2,TSRYS5906509,D,S,D,2024-10-21,4000000.00,3.899267,99.931640625
08:00:33,91282CLQ2,TSRYS5906509,D,S,D,2024-10-21,1000000.00,3.899267,99.931640625
08:00:33,91282CLQ2,TSRYS5906509,D,S,D,2024-10-21,1000000.00,3.899267,99.931640625
08:00:33,91282CLQ2,TSRYS5906509,D,S,D,2024-10-21,1000000.00,3.897165,99.9375
08:00:33,91282CLQ2,TSRYS5906509,D,S,D,2024-10-21,1000000.00,3.894363,99.9453125
08:00:33,91282CLQ2,TSRYS5906509,D,S,C,2024-10-21,83000000.00,3.908054,99.90715
08:00:33,91282CLQ2,TSRYS5906509,D,B,A,2024-10-21,70000.00,3.901369,99.92578125
08:00:33,91282CLQ2,TSRYS5906509,D,S,A,2024-10-21,70000.00,3.902771,99.921875
08:00:34,91282CLQ2,TSRYS5906509,D,S,D,2024-10-21,1000000.00,3.898567,99.93359375
08:00:34,91282CLQ2,TSRYS5906509,D,S,D,2024-10-21,1000000.00,3.904172,99.91796875
08:00:35,91282CLQ2,TSRYS5906509,D,S,T,2024-10-21,1000000.00,3.877555,99.9921875
08:00:35,91282CLQ2,TSRYS5906509,D,S,T,2024-10-21,1000000.00,3.877555,99.9921875
08:00:37,91282CLQ2,TSRYS5906509,D,S,T,2024-10-21,2000000.00,3.877555,99.9921875
08:00:37,91282CLQ2,TSRYS5906509,D,S,D,2024-10-21,1000000.00,3.904172,99.91796875
08:00:37,91282CLQ2,TSRYS5906509,D,S,T,2024-10-21,1000000.00,3.877555,99.9921875
08:00:37,91282CLQ2,TSRYS5906509,D,S,T,2024-10-21,1000000.00,3.877555,99.9921875
08:00:37,91282CLQ2,TSRYS5906509,D,S,T,2024-10-21,1000000.00,3.877555,99.9921875
08:00:38,91282CLQ2,TSRYS5906509,D,S,D,2024-10-21,2000000.00,3.904172,99.91796875
08:00:38,91282CLQ2,TSRYS5906509,D,S,D,2024-10-21,1000000.00,3.874754,100.0
08:00:38,91282CLQ2,TSRYS5906509,D,S,T,2024-10-21,6000000.00,3.863555,100.03125
08:00:38,91282CLQ2,TSRYS5906509,D,S,C,2024-10-21,920000.00,3.860756,100.0390625
08:00:39,91282CLQ2,TSRYS5906509,D,S,T,2024-10-21,1000000.00,3.864955,100.02734375
08:00:39,91282CLQ2,TSRYS5906509,D,S,T,2024-10-21,1000000.00,3.864955,100.02734375
08:00:39,91282CLQ2,TSRYS5906509,D,S,D,2024-10-21,1000000.00,3.863555,100.03125
08:00:39,91282CLQ2,TSRYS5906509,D,S,D,2024-10-21,1000000.00,3.866354,100.0234375
08:00:39,91282CLQ2,TSRYS5906509,D,S,D,2024-10-21,1000000.00,3.866354,100.0234375
08:00:39,91282CLQ2,TSRYS5906509,D,S,T,2024-10-21,1000000.00,3.869154,100.015625
08:00:39,91282CLQ2,TSRYS5906509,D,S,T,2024-10-21,1000000.00,3.869154,100.015625
08:00:39,91282CLQ2,TSRYS5906509,D,S,T,2024-10-21,1000000.00,3.877555,99.9921875
08:00:39,91282CLQ2,TSRYS5906509,D,S,T,2024-10-21,2000000.00,3.876155,99.99609375
08:00:39,91282CLQ2,TSRYS5906509,D,S,D,2024-10-21,1000000.00,3.883156,99.9765625
08:00:39,91282CLQ2,TSRYS5906509,D,S,T,2024-10-21,1000000.00,3.894363,99.9453125
08:00:39,91282CLQ2,TSRYS5906509,D,S,T,2024-10-21,1000000.00,3.894363,99.9453125
08:00:39,91282CLQ2,TSRYS5906509,D,S,A,2024-10-21,14000000.00,3.897165,99.9375
08:00:39,91282CLQ2,TSRYS5906509,D,S,T,2024-10-21,1000000.00,3.897165,99.9375
08:00:39,91282CLQ2,TSRYS5906509,D,S,T,2024-10-21,1000000.00,3.897165,99.9375
08:00:39,91282CLQ2,TSRYS5906509,D,S,D,2024-10-21,1000000.00,3.897165,99.9375
08:00:39,91282CLQ2,TSRYS5906509,D,S,D,2024-10-21,1000000.00,3.894363,99.9453125
08:00:39,91282CLQ2,TSRYS5906509,D,S,T,2024-10-21,1000000.00,3.892962,99.94921875
08:00:39,91282CLQ2,TSRYS5906509,D,S,T,2024-10-21,1000000.00,3.892962,99.94921875
08:00:39,91282CLQ2,TSRYS5906509,D,S,A,2024-10-21,3586300.00,3.888759,99.9609375
08:00:39,91282CLQ2,TSRYS5906509,D,B,C,2024-10-21,1000000.00,3.900669,99.927734375
08:00:39,91282CLQ2,TSRYS5906509,D,S,D,2024-10-21,1000000.00,3.900669,99.927734375
08:00:39,91282CLQ2,TSRYS5906509,D,S,C,2024-10-21,1000000.00,3.903472,99.919921875
08:00:39,91282CLQ2,TSRYS5906509,D,S,A,2024-10-21,17959900.00,3.894363,99.9453125
08:00:39,91282CLQ2,TSRYS5906509,D,S,D,2024-10-21,1000000.00,3.898567,99.93359375
08:00:39,91282CLQ2,TSRYS5906509,D,S,T,2024-10-21,1000000.00,3.902771,99.921875
08:00:39,91282CLQ2,TSRYS5906509,D,S,T,2024-10-21,1000000.00,3.902771,99.921875
08:00:39,91282CLQ2,TSRYS5906509,D,S,T,2024-10-21,5000000.00,3.904172,99.91796875
08:00:39,91282CLQ2,TSRYS5906509,D,S,D,2024-10-21,1000000.00,3.904172,99.91796875
08:00:39,91282CLQ2,TSRYS5906509,D,S,T,2024-10-21,1000000.00,3.902771,99.921875
08:00:39,91282CLQ2,TSRYS5906509,D,S,T,2024-10-21,1000000.00,3.902771,99.921875
08:00:39,91282CLQ2,TSRYS5906509,D,S,D,2024-10-21,1000000.00,3.901369,99.92578125
08:00:39,91282CLQ2,TSRYS5906509,D,S,T,2024-10-21,1000000.00,3.905574,99.9140625
08:00:39,91282CLQ2,TSRYS5906509,D,S,T,2024-10-21,1000000.00,3.905574,99.9140625
08:00:40,91282CLQ2,TSRYS5906509,D,S,D,2024-10-21,2000000.00,3.901369,99.92578125
08:00:40,91282CLQ2,TSRYS5906509,D,S,D,2024-10-21,1000000.00,3.901369,99.92578125
08:00:40,91282CLQ2,TSRYS5906509,D,B,C,2024-10-21,600000.00,3.906976,99.91015625
08:00:41,91282CLQ2,TSRYS5906509,D,S,C,2024-10-21,86000000.00,3.904584,99.91682
08:00:41,91282CLQ2,TSRYS5906509,D,S,C,2024-10-21,10395000.00,3.906976,99.91015625
08:00:44,91282CLQ2,TSRYS5906509,D,S,D,2024-10-21,3000000.00,3.90207,99.923828125
08:00:44,91282CLQ2,TSRYS5906509,D,S,D,2024-10-21,2000000.00,3.90207,99.923828125
08:00:44,91282CLQ2,TSRYS5906509,D,S,C,2024-10-21,1000000.00,3.902771,99.921875
08:00:45,91282CLQ2,TSRYS5906509,D,S,D,2024-10-21,1000000.00,3.904172,99.91796875
08:00:45,91282CLQ2,TSRYS5906509,D,S,D,2024-10-21,1750000.00,3.906976,99.91015625
08:00:45,91282CLQ2,TSRYS5906509,D,S,D,2024-10-21,1808000.00,3.906976,99.91015625
08:00:45,91282CLQ2,TSRYS5906509,D,S,D,2024-10-21,1692000.00,3.906976,99.91015625
08:00:45,91282CLQ2,TSRYS5906509,D,S,D,2024-10-21,847000.00,3.906976,99.91015625
08:00:45,91282CLQ2,TSRYS5906509,D,S,D,2024-10-21,1750000.00,3.906976,99.91015625
08:00:46,91282CLQ2,TSRYS5906509,D,B,C,2024-10-21,1000000.00,3.906275,99.912109375
08:00:46,91282CLQ2,TSRYS5906509,D,B,C,2024-10-21,1000000.00,3.906275,99.912109375
08:00:46,91282CLQ2,TSRYS5906509,D,S,D,2024-10-21,1000000.00,3.906275,99.912109375
08:00:46,91282CLQ2,TSRYS5906509,D,S,D,2024-10-21,1000000.00,3.906275,99.912109375
08:00:51,91282CLQ2,TSRYS5906509,D,S,D,2024-10-21,400000.00,3.905694,99.9137275
08:00:51,91282CLQ2,TSRYS5906509,D,B,C,2024-10-21,400000.00,3.905694,99.9137275
08:00:52,91282CLQ2,TSRYS5906509,D,S,T,2024-10-21,1000000.00,3.862155,100.03515625
08:00:53,91282CLQ2,TSRYS5906509,D,B,A,2024-10-21,2300000.00,3.867754,100.01953125
08:00:53,91282CLQ2,TSRYS5906509,D,S,T,2024-10-21,2000000.00,3.867054,100.021484375
08:01:00,91282CLQ2,TSRYS5906509,D,S,C,2024-10-21,1000000.00,3.868454,100.017578125
08:01:00,91282CLQ2,TSRYS5906509,D,S,C,2024-10-21,1000000.00,3.870554,100.01171875
08:01:00,91282CLQ2,TSRYS5906509,D,S,C,2024-10-21,1000000.00,3.870554,100.01171875
08:01:00,91282CLQ2,TSRYS5906509,D,S,C,2024-10-21,1000000.00,3.872654,100.005859375
08:01:00,91282CLQ2,TSRYS5906509,D,S,C,2024-10-21,1000000.00,3.874754,100.0
08:01:01,91282CLQ2,TSRYS5906509,D,B,A,2024-10-21,4510000.00,3.878955,99.98828125
08:01:01,91282CLQ2,TSRYS5906509,D,S,T,2024-10-21,1000000.00,3.877555,99.9921875
08:01:01,91282CLQ2,TSRYS5906509,D,S,T,2024-10-21,1000000.00,3.905574,99.9140625
08:01:02,91282CLQ2,TSRYS5906509,D,S,D,2024-10-21,1000000.00,3.870554,100.01171875
08:01:02,91282CLQ2,TSRYS5906509,D,S,C,2024-10-21,1000000.00,3.870554,100.01171875
08:01:02,91282CLQ2,TSRYS5906509,D,S,D,2024-10-21,1000000.00,3.871954,100.0078125
08:01:02,91282CLQ2,TSRYS5906509,D,B,C,2024-10-21,1000000.00,3.871954,100.0078125
08:01:02,91282CLQ2,TSRYS5906509,D,B,C,2024-10-21,1000000.00,3.870554,100.01171875
08:01:02,91282CLQ2,TSRYS5906509,D,S,C,2024-10-21,1000000.00,3.870554,100.01171875
08:01:02,91282CLQ2,TSRYS5906509,D,S,D,2024-10-21,1000000.00,3.870554,100.01171875
08:01:02,91282CLQ2,TSRYS5906509,D,S,T,2024-10-21,1000000.00,3.860756,100.0390625
08:01:02,91282CLQ2,TSRYS5906509,D,S,D,2024-10-21,2000000.00,3.862155,100.03515625
08:01:02,91282CLQ2,TSRYS5906509,D,S,D,2024-10-21,2000000.00,3.878955,99.98828125
08:01:02,91282CLQ2,TSRYS5906509,D,S,T,2024-10-21,1000000.00,3.892962,99.94921875
08:01:02,91282CLQ2,TSRYS5906509,D,S,T,2024-10-21,1000000.00,3.892962,99.94921875
08:01:02,91282CLQ2,TSRYS5906509,D,S,D,2024-10-21,1000000.00,3.904172,99.91796875
08:01:02,91282CLQ2,TSRYS5906509,D,S,T,2024-10-21,1000000.00,3.904873,99.916015625
08:01:02,91282CLQ2,TSRYS5906509,D,S,D,2024-10-21,2000000.00,3.900669,99.927734375
08:01:02,91282CLQ2,TSRYS5906509,D,S,D,2024-10-21,1000000.00,3.904172,99.91796875
08:01:02,91282CLQ2,TSRYS5906509,D,S,C,2024-10-21,1000000.00,3.870554,100.01171875
08:01:02,91282CLQ2,TSRYS5906509,D,S,C,2024-10-21,1000000.00,3.870554,100.01171875
08:01:02,91282CLQ2,TSRYS5906509,D,S,C,2024-10-21,1000000.00,3.871954,100.0078125
08:01:02,91282CLQ2,TSRYS5906509,D,S,C,2024-10-21,4000000.00,3.871954,100.0078125
08:01:02,91282CLQ2,TSRYS5906509,D,S,C,2024-10-21,1000000.00,3.871954,100.0078125
08:01:02,91282CLQ2,TSRYS5906509,D,S,C,2024-10-21,3000000.00,3.871954,100.0078125
08:01:02,91282CLQ2,TSRYS5906509,D,B,C,2024-10-21,1000000.00,3.864255,100.029296875
08:01:02,91282CLQ2,TSRYS5906509,D,S,C,2024-10-21,1000000.00,3.864255,100.029296875
08:01:02,91282CLQ2,TSRYS5906509,D,S,D,2024-10-21,1000000.00,3.864255,100.029296875
08:01:02,91282CLQ2,TSRYS5906509,D,S,D,2024-10-21,1000000.00,3.864255,100.029296875
08:01:02,91282CLQ2,TSRYS5906509,D,S,D,2024-10-21,1000000.00,3.862855,100.033203125
08:01:03,91282CLQ2,TSRYS5906509,D,S,T,2024-10-21,1000000.00,3.904172,99.91796875
08:01:03,91282CLQ2,TSRYS5906509,D,S,T,2024-10-21,1000000.00,3.904172,99.91796875
08:01:03,91282CLQ2,TSRYS5906509,D,S,T,2024-10-21,1000000.00,3.904172,99.91796875
08:01:03,91282CLQ2,TSRYS5906509,D,S,T,2024-10-21,1000000.00,3.904172,99.91796875
08:01:03,91282CLQ2,TSRYS5906509,D,S,C,2024-10-21,4000000.00,3.862855,100.033203125
08:01:03,91282CLQ2,TSRYS5906509,D,S,C,2024-10-21,1000000.00,3.862855,100.033203125
08:01:03,91282CLQ2,TSRYS5906509,D,B,C,2024-10-21,1000000.00,3.862855,100.033203125
08:01:03,91282CLQ2,TSRYS5906509,D,S,D,2024-10-21,1000000.00,3.862855,100.033203125
08:01:03,91282CLQ2,TSRYS5906509,D,S,C,2024-10-21,1000000.00,3.863555,100.03125
08:01:03,91282CLQ2,TSRYS5906509,D,S,D,2024-10-21,1000000.00,3.863555,100.03125
08:01:03,91282CLQ2,TSRYS5906509,D,S,C,2024-10-21,1000000.00,3.864955,100.02734375
08:01:03,91282CLQ2,TSRYS5906509,D,B,C,2024-10-21,1000000.00,3.863555,100.03125
08:01:03,91282CLQ2,TSRYS5906509,D,S,D,2024-10-21,2000000.00,3.862155,100.03515625
08:01:03,91282CLQ2,TSRYS5906509,D,B,C,2024-10-21,1000000.00,3.865655,100.025390625
08:01:03,91282CLQ2,TSRYS5906509,D,S,D,2024-10-21,1000000.00,3.865655,100.025390625
08:01:03,91282CLQ2,TSRYS5906509,D,S,D,2024-10-21,1000000.00,3.866354,100.0234375
08:01:03,91282CLQ2,TSRYS5906509,D,S,D,2024-10-21,1000000.00,3.866354,100.0234375
08:01:03,91282CLQ2,TSRYS5906509,D,S,C,2024-10-21,1000000.00,3.869154,100.015625
08:01:03,91282CLQ2,TSRYS5906509,D,S,D,2024-10-21,1000000.00,3.869854,100.013671875
08:01:03,91282CLQ2,TSRYS5906509,D,B,C,2024-10-21,1000000.00,3.869854,100.013671875
08:01:04,91282CLQ2,TSRYS5906509,D,S,D,2024-10-21,1000000.00,3.870554,100.01171875
08:01:04,91282CLQ2,TSRYS5906509,D,B,C,2024-10-21,1000000.00,3.878955,99.98828125
08:01:04,91282CLQ2,TSRYS5906509,D,S,D,2024-10-21,1000000.00,3.878955,99.98828125
08:01:04,91282CLQ2,TSRYS5906509,D,B,C,2024-10-21,1000000.00,3.878955,99.98828125
08:01:04,91282CLQ2,TSRYS5906509,D,B,C,2024-10-21,1000000.00,3.878955,99.98828125
08:01:04,91282CLQ2,TSRYS5906509,D,S,D,2024-10-21,1000000.00,3.878955,99.98828125
08:01:04,91282CLQ2,TSRYS5906509,D,S,D,2024-10-21,1000000.00,3.878955,99.98828125
08:01:04,91282CLQ2,TSRYS5906509,D,S,D,2024-10-21,2000000.00,3.878955,99.98828125
08:01:04,91282CLQ2,TSRYS5906509,D,B,C,2024-10-21,1000000.00,3.881056,99.982421875
08:01:04,91282CLQ2,TSRYS5906509,D,S,D,2024-10-21,1000000.00,3.881056,99.982421875
08:01:04,91282CLQ2,TSRYS5906509,D,S,D,2024-10-21,1000000.00,3.883156,99.9765625
08:01:04,91282CLQ2,TSRYS5906509,D,S,C,2024-10-21,1000000.00,3.883857,99.974609375
08:01:04,91282CLQ2,TSRYS5906509,D,S,C,2024-10-21,1000000.00,3.883857,99.974609375
08:01:04,91282CLQ2,TSRYS5906509,D,S,D,2024-10-21,1000000.00,3.888759,99.9609375
08:01:04,91282CLQ2,TSRYS5906509,D,B,C,2024-10-21,1000000.00,3.888759,99.9609375
08:01:04,91282CLQ2,TSRYS5906509,D,S,D,2024-10-21,2000000.00,3.89016,99.95703125
08:01:04,91282CLQ2,TSRYS5906509,D,S,D,2024-10-21,4000000.00,3.89016,99.95703125
08:01:04,91282CLQ2,TSRYS5906509,D,S,D,2024-10-21,1000000.00,3.89016,99.95703125
08:01:04,91282CLQ2,TSRYS5906509,D,S,D,2024-10-21,4000000.00,3.89016,99.95703125
08:01:04,91282CLQ2,TSRYS5906509,D,S,D,2024-10-21,2000000.00,3.89016,99.95703125
08:01:05,91282CLQ2,TSRYS5906509,D,S,D,2024-10-21,1000000.00,3.892962,99.94921875
08:01:05,91282CLQ2,TSRYS5906509,D,B,C,2024-10-21,1000000.00,3.892962,99.94921875
08:01:05,91282CLQ2,TSRYS5906509,D,S,C,2024-10-21,1000000.00,3.890861,99.955078125
08:01:05,91282CLQ2,TSRYS5906509,D,S,C,2024-10-21,1000000.00,3.897165,99.9375
08:01:05,91282CLQ2,TSRYS5906509,D,S,C,2024-10-21,4000000.00,3.899267,99.931640625
08:01:05,91282CLQ2,TSRYS5906509,D,S,D,2024-10-21,1000000.00,3.897866,99.935546875
08:01:05,91282CLQ2,TSRYS5906509,D,B,C,2024-10-21,1000000.00,3.897866,99.935546875
08:01:05,91282CLQ2,TSRYS5906509,D,S,D,2024-10-21,1000000.00,3.899267,99.931640625
08:01:05,91282CLQ2,TSRYS5906509,D,S,D,2024-10-21,1000000.00,3.895764,99.94140625
08:01:05,91282CLQ2,TSRYS5906509,D,S,D,2024-10-21,1000000.00,3.899267,99.931640625
08:01:05,91282CLQ2,TSRYS5906509,D,S,D,2024-10-21,1000000.00,3.892962,99.94921875
08:01:05,91282CLQ2,TSRYS5906509,D,S,C,2024-10-21,1000000.00,3.897165,99.9375
08:01:05,91282CLQ2,TSRYS5906509,D,S,D,2024-10-21,1000000.00,3.894363,99.9453125
08:01:05,91282CLQ2,TSRYS5906509,D,B,C,2024-10-21,1000000.00,3.892962,99.94921875
08:01:05,91282CLQ2,TSRYS5906509,D,B,C,2024-10-21,1000000.00,3.895764,99.94140625
08:01:05,91282CLQ2,TSRYS5906509,D,S,D,2024-10-21,1000000.00,3.893663,99.947265625
08:01:05,91282CLQ2,TSRYS5906509,D,B,C,2024-10-21,1000000.00,3.893663,99.947265625
08:01:05,91282CLQ2,TSRYS5906509,D,S,D,2024-10-21,1000000.00,3.893663,99.947265625
08:01:05,91282CLQ2,TSRYS5906509,D,B,C,2024-10-21,1000000.00,3.892962,99.94921875
08:01:05,91282CLQ2,TSRYS5906509,D,S,C,2024-10-21,1000000.00,3.892262,99.951171875
08:01:05,91282CLQ2,TSRYS5906509,D,S,D,2024-10-21,1000000.00,3.892962,99.94921875
08:01:05,91282CLQ2,TSRYS5906509,D,S,D,2024-10-21,1000000.00,3.892962,99.94921875
08:01:05,91282CLQ2,TSRYS5906509,D,B,C,2024-10-21,1000000.00,3.893663,99.947265625
08:01:05,91282CLQ2,TSRYS5906509,D,B,C,2024-10-21,1000000.00,3.892962,99.94921875
08:01:05,91282CLQ2,TSRYS5906509,D,S,D,2024-10-21,1000000.00,3.891561,99.953125
08:01:05,91282CLQ2,TSRYS5906509,D,B,C,2024-10-21,1000000.00,3.891561,99.953125
08:01:05,91282CLQ2,TSRYS5906509,D,S,D,2024-10-21,1000000.00,3.891561,99.953125
08:01:05,91282CLQ2,TSRYS5906509,D,S,D,2024-10-21,1000000.00,3.88946,99.958984375
08:01:05,91282CLQ2,TSRYS5906509,D,B,C,2024-10-21,1000000.00,3.891561,99.953125
08:01:05,91282CLQ2,TSRYS5906509,D,B,C,2024-10-21,1000000.00,3.88946,99.958984375
08:01:05,91282CLQ2,TSRYS5906509,D,S,D,2024-10-21,1000000.00,3.898567,99.93359375
08:01:05,91282CLQ2,TSRYS5906509,D,S,D,2024-10-21,1000000.00,3.904172,99.91796875
08:01:05,91282CLQ2,TSRYS5906509,D,S,C,2024-10-21,1000000.00,3.903472,99.919921875
08:01:05,91282CLQ2,TSRYS5906509,D,B,C,2024-10-21,1000000.00,3.903472,99.919921875
08:01:06,91282CLQ2,TSRYS5906509,D,S,C,2024-10-21,1000000.00,3.904873,99.916015625
08:01:06,91282CLQ2,TSRYS5906509,D,S,C,2024-10-21,2000000.00,3.907676,99.908203125
08:01:06,91282CLQ2,TSRYS5906509,D,B,C,2024-10-21,2000000.00,3.907676,99.908203125
08:01:06,91282CLQ2,TSRYS5906509,D,S,D,2024-10-21,2000000.00,3.911181,99.8984375
08:01:06,91282CLQ2,TSRYS5906509,D,B,C,2024-10-21,2000000.00,3.911181,99.8984375
08:01:06,91282CLQ2,TSRYS5906509,D,B,C,2024-10-21,1800000.00,3.877555,99.9921875
08:01:06,91282CLQ2,TSRYS5906509,D,S,C,2024-10-21,1000000.00,3.907676,99.908203125
08:01:06,91282CLQ2,TSRYS5906509,D,B,C,2024-10-21,1000000.00,3.907676,99.908203125
08:01:06,91282CLQ2,TSRYS5906509,D,S,D,2024-10-21,2000000.00,3.906976,99.91015625
08:01:06,91282CLQ2,TSRYS5906509,D,B,C,2024-10-21,2000000.00,3.906976,99.91015625
08:01:06,91282CLQ2,TSRYS5906509,D,S,D,2024-10-21,1000000.00,3.905574,99.9140625
08:01:06,91282CLQ2,TSRYS5906509,D,B,C,2024-10-21,1000000.00,3.905574,99.9140625
08:01:06,91282CLQ2,TSRYS5906509,D,S,D,2024-10-21,1000000.00,3.904172,99.91796875
08:01:06,91282CLQ2,TSRYS5906509,D,S,C,2024-10-21,1000000.00,3.90207,99.923828125
08:01:06,91282CLQ2,TSRYS5906509,D,B,C,2024-10-21,1000000.00,3.90207,99.923828125
08:01:06,91282CLQ2,TSRYS5906509,D,S,C,2024-10-21,1000000.00,3.90207,99.923828125
08:01:06,91282CLQ2,TSRYS5906509,D,B,C,2024-10-21,1000000.00,3.90207,99.923828125
08:01:06,91282CLQ2,TSRYS5906509,D,S,C,2024-10-21,1000000.00,3.90207,99.923828125
08:01:06,91282CLQ2,TSRYS5906509,D,B,C,2024-10-21,1000000.00,3.90207,99.923828125
08:01:06,91282CLQ2,TSRYS5906509,D,S,C,2024-10-21,1000000.00,3.903472,99.919921875
08:01:06,91282CLQ2,TSRYS5906509,D,B,C,2024-10-21,2000000.00,3.901369,99.92578125
08:01:06,91282CLQ2,TSRYS5906509,D,S,D,2024-10-21,2000000.00,3.901369,99.92578125
08:01:06,91282CLQ2,TSRYS5906509,D,S,C,2024-10-21,1000000.00,3.900669,99.927734375
08:01:06,91282CLQ2,TSRYS5906509,D,S,A,2024-10-21,122500000.00,3.892842,99.94955375
08:01:06,91282CLQ2,TSRYS5906509,D,S,C,2024-10-21,1000000.00,3.900669,99.927734375
08:01:06,91282CLQ2,TSRYS5906509,D,S,D,2024-10-21,1000000.00,3.903472,99.919921875
08:01:06,91282CLQ2,TSRYS5906509,D,S,D,2024-10-21,1000000.00,3.901369,99.92578125
08:01:07,91282CLQ2,TSRYS5906509,D,S,T,2024-10-21,2000000.00,3.904873,99.916015625
08:01:07,91282CLQ2,TSRYS5906509,D,S,T,2024-10-21,1000000.00,3.904873,99.916015625
08:01:07,91282CLQ2,TSRYS5906509,D,S,T,2024-10-21,1000000.00,3.904172,99.91796875
08:01:11,91282CLQ2,TSRYS5906509,D,S,C,2024-10-21,25000000.00,3.863988,100.0300406
08:01:11,91282CLQ2,TSRYS5906509,D,S,C,2024-10-21,5000000.00,3.906726,99.9108515
08:01:11,91282CLQ2,TSRYS5906509,D,S,D,2024-10-21,6000000.00,3.904172,99.91796875
08:01:12,91282CLQ2,TSRYS5906509,D,S,D,2024-10-21,4000000.00,3.904172,99.91796875
08:01:12,91282CLQ2,TSRYS5906509,D,S,T,2024-10-21,1000000.00,3.904172,99.91796875
08:01:13,91282CLQ2,TSRYS5906509,D,S,T,2024-10-21,1000000.00,3.904172,99.91796875
08:01:13,91282CLQ2,TSRYS5906509,D,S,T,2024-10-21,1000000.00,3.904172,99.91796875
08:01:13,91282CLQ2,TSRYS5906509,D,S,T,2024-10-21,1000000.00,3.904172,99.91796875
08:01:14,91282CLQ2,TSRYS5906509,D,S,D,2024-10-21,1000000.00,3.901369,99.92578125
08:01:14,91282CLQ2,TSRYS5906509,D,B,A,2024-10-21,1000000.00,3.901369,99.92578125
08:01:14,91282CLQ2,TSRYS5906509,D,S,D,2024-10-21,1000000.00,3.901369,99.92578125
08:01:14,91282CLQ2,TSRYS5906509,D,S,T,2024-10-21,1000000.00,3.902771,99.921875
08:01:14,91282CLQ2,TSRYS5906509,D,S,T,2024-10-21,1000000.00,3.902771,99.921875
08:01:14,91282CLQ2,TSRYS5906509,D,S,T,2024-10-21,1000000.00,3.902771,99.921875
08:01:15,91282CLQ2,TSRYS5906509,D,S,C,2024-10-21,1000000.00,3.903472,99.919921875
08:01:15,91282CLQ2,TSRYS5906509,D,B,C,2024-10-21,1000000.00,3.903472,99.919921875
08:01:15,91282CLQ2,TSRYS5906509,D,S,C,2024-10-21,1000000.00,3.903472,99.919921875
08:01:15,91282CLQ2,TSRYS5906509,D,B,C,2024-10-21,1000000.00,3.903472,99.919921875
08:01:15,91282CLQ2,TSRYS5906509,D,S,D,2024-10-21,2000000.00,3.901369,99.92578125
08:01:15,91282CLQ2,TSRYS5906509,D,B,C,2024-10-21,2000000.00,3.901369,99.92578125
08:01:15,91282CLQ2,TSRYS5906509,D,S,C,2024-10-21,1000000.00,3.90207,99.923828125
08:01:15,91282CLQ2,TSRYS5906509,D,B,C,2024-10-21,1000000.00,3.90207,99.923828125
08:01:15,91282CLQ2,TSRYS5906509,D,S,C,2024-10-21,2000000.00,3.900669,99.927734375
08:01:15,91282CLQ2,TSRYS5906509,D,S,C,2024-10-21,3000000.00,3.90207,99.923828125
08:01:15,91282CLQ2,TSRYS5906509,D,S,C,2024-10-21,1000000.00,3.902771,99.921875
08:01:15,91282CLQ2,TSRYS5906509,D,S,D,2024-10-21,1000000.00,3.904172,99.91796875
08:01:15,91282CLQ2,TSRYS5906509,D,S,D,2024-10-21,1000000.00,3.906275,99.912109375
08:01:15,91282CLQ2,TSRYS5906509,D,S,D,2024-10-21,1000000.00,3.906275,99.912109375
08:01:15,91282CLQ2,TSRYS5906509,D,B,C,2024-10-21,1000000.00,3.906275,99.912109375
08:01:15,91282CLQ2,TSRYS5906509,D,S,D,2024-10-21,94000.00,3.901369,99.92578125
08:01:15,91282CLQ2,TSRYS5906509,D,S,C,2024-10-21,1000000.00,3.906275,99.912109375
08:01:15,91282CLQ2,TSRYS5906509,D,S,T,2024-10-21,1000000.00,3.902807,99.921775
08:01:16,91282CLQ2,TSRYS5906509,D,S,D,2024-10-21,1000000.00,3.905574,99.9140625
08:01:16,91282CLQ2,TSRYS5906509,D,B,C,2024-10-21,1000000.00,3.905574,99.9140625
08:01:16,91282CLQ2,TSRYS5906509,D,S,C,2024-10-21,1000000.00,3.905574,99.9140625
08:01:16,91282CLQ2,TSRYS5906509,D,S,T,2024-10-21,1000000.00,3.902807,99.921775
08:01:16,91282CLQ2,TSRYS5906509,D,S,C,2024-10-21,1000000.00,3.906275,99.912109375
08:01:16,91282CLQ2,TSRYS5906509,D,S,C,2024-10-21,1000000.00,3.906275,99.912109375
08:01:16,91282CLQ2,TSRYS5906509,D,S,T,2024-10-21,3000000.00,3.902807,99.921775
08:01:16,91282CLQ2,TSRYS5906509,D,S,D,2024-10-21,600000.00,3.906976,99.91015625
08:01:16,91282CLQ2,TSRYS5906509,D,S,T,2024-10-21,1000000.00,3.907083,99.90985625
08:01:16,91282CLQ2,TSRYS5906509,D,S,T,2024-10-21,1000000.00,3.905682,99.9137625
08:01:16,91282CLQ2,TSRYS5906509,D,S,T,2024-10-21,1000000.00,3.907083,99.90985625
08:01:16,91282CLQ2,TSRYS5906509,D,B,C,2024-10-21,1000000.00,3.906976,99.91015625
08:01:17,91282CLQ2,TSRYS5906509,D,S,C,2024-10-21,1000000.00,3.906976,99.91015625
08:01:17,91282CLQ2,TSRYS5906509,D,B,C,2024-10-21,1000000.00,3.906976,99.91015625
08:01:17,91282CLQ2,TSRYS5906509,D,S,D,2024-10-21,1000000.00,3.906976,99.91015625
08:01:17,91282CLQ2,TSRYS5906509,D,S,T,2024-10-21,1000000.00,3.905682,99.9137625
08:01:17,91282CLQ2,TSRYS5906509,D,B,C,2024-10-21,1000000.00,3.906976,99.91015625
08:01:17,91282CLQ2,TSRYS5906509,D,S,C,2024-10-21,1000000.00,3.906976,99.91015625
08:01:17,91282CLQ2,TSRYS5906509,D,S,C,2024-10-21,1000000.00,3.906976,99.91015625
08:01:17,91282CLQ2,TSRYS5906509,D,B,C,2024-10-21,1000000.00,3.906976,99.91015625
08:01:17,91282CLQ2,TSRYS5906509,D,S,T,2024-10-21,1000000.00,3.905682,99.9137625
08:01:17,91282CLQ2,TSRYS5906509,D,S,T,2024-10-21,1000000.00,3.905682,99.9137625
08:01:17,91282CLQ2,TSRYS5906509,D,S,C,2024-10-21,1000000.00,3.906976,99.91015625
08:01:17,91282CLQ2,TSRYS5906509,D,B,C,2024-10-21,1000000.00,3.906976,99.91015625
08:01:17,91282CLQ2,TSRYS5906509,D,S,T,2024-10-21,1000000.00,3.907083,99.90985625
08:01:17,91282CLQ2,TSRYS5906509,D,S,T,2024-10-21,1000000.00,3.905682,99.9137625
08:01:17,91282CLQ2,TSRYS5906509,D,S,T,2024-10-21,1000000.00,3.90428,99.91766875
08:01:20,91282CLQ2,TSRYS5906509,D,S,A,2024-10-21,9000000.00,3.904233,99.91780075
08:01:20,91282CLQ2,TSRYS5906509,D,B,C,2024-10-21,9000000.00,3.904233,99.91780075
08:01:22,91282CLQ2,TSRYS5906509,D,S,C,2024-10-21,1000000.00,3.902771,99.921875
08:01:28,91282CLQ2,TSRYS5906509,D,S,T,2024-10-21,1000000.00,3.902771,99.921875
08:01:30,91282CLQ2,TSRYS5906509,D,S,D,2024-10-21,1000000.00,3.874754,100.0
08:01:30,91282CLQ2,TSRYS5906509,D,S,T,2024-10-21,1000000.00,3.901369,99.92578125
08:01:30,91282CLQ2,TSRYS5906509,D,B,C,2024-10-21,1000000.00,3.874754,100.0
08:01:30,91282CLQ2,TSRYS5906509,D,S,C,2024-10-21,2000000.00,3.871254,100.009765625
08:01:30,91282CLQ2,TSRYS5906509,D,S,D,2024-10-21,1000000.00,3.872654,100.005859375
08:01:30,91282CLQ2,TSRYS5906509,D,B,C,2024-10-21,1000000.00,3.872654,100.005859375
08:01:30,91282CLQ2,TSRYS5906509,D,S,D,2024-10-21,2000000.00,3.904172,99.91796875
08:01:31,91282CLQ2,TSRYS5906509,D,S,T,2024-10-21,1000000.00,3.902771,99.921875
08:01:31,91282CLQ2,TSRYS5906509,D,S,D,2024-10-21,1000000.00,3.864955,100.02734375
08:01:31,91282CLQ2,TSRYS5906509,D,S,D,2024-10-21,1000000.00,3.864255,100.029296875
08:01:31,91282CLQ2,TSRYS5906509,D,S,D,2024-10-21,2000000.00,3.864955,100.02734375
08:01:32,91282CLQ2,TSRYS5906509,D,S,A,2024-10-21,20000000.00,3.877555,99.9921875
08:01:32,91282CLQ2,TSRYS5906509,D,S,A,2024-10-21,15000000.00,3.876155,99.99609375
08:01:33,91282CLQ2,TSRYS5906509,D,S,T,2024-10-21,1000000.00,3.901369,99.92578125
08:01:33,91282CLQ2,TSRYS5906509,D,B,A,2024-10-21,53675000.00,3.878955,99.98828125
08:01:33,91282CLQ2,TSRYS5906509,D,S,D,2024-10-21,2000000.00,3.862855,100.033203125
08:01:33,91282CLQ2,TSRYS5906509,D,S,D,2024-10-21,1000000.00,3.862855,100.033203125
08:01:33,91282CLQ2,TSRYS5906509,D,S,D,2024-10-21,2000000.00,3.862855,100.033203125
08:01:33,91282CLQ2,TSRYS5906509,D,S,D,2024-10-21,1000000.00,3.862855,100.033203125
08:01:33,91282CLQ2,TSRYS5906509,D,S,D,2024-10-21,1000000.00,3.863555,100.03125
08:01:33,91282CLQ2,TSRYS5906509,D,S,D,2024-10-21,1000000.00,3.863555,100.03125
08:01:33,91282CLQ2,TSRYS5906509,D,S,D,2024-10-21,1000000.00,3.863555,100.03125
08:01:33,91282CLQ2,TSRYS5906509,D,S,D,2024-10-21,1000000.00,3.863555,100.03125
08:01:33,91282CLQ2,TSRYS5906509,D,S,D,2024-10-21,5000000.00,3.863555,100.03125
08:01:33,91282CLQ2,TSRYS5906509,D,S,D,2024-10-21,2000000.00,3.863555,100.03125
08:01:35,91282CLQ2,TSRYS5906509,D,S,D,2024-10-21,1000000.00,3.862855,100.033203125
08:01:35,91282CLQ2,TSRYS5906509,D,B,C,2024-10-21,1000000.00,3.862855,100.033203125
08:01:35,91282CLQ2,TSRYS5906509,D,S,D,2024-10-21,1000000.00,3.870554,100.01171875
08:01:35,91282CLQ2,TSRYS5906509,D,S,T,2024-10-21,1000000.00,3.906293,99.912059375
08:01:35,91282CLQ2,TSRYS5906509,D,S,D,2024-10-21,2000000.00,3.883857,99.97460937
08:01:36,91282CLQ2,TSRYS5906509,D,S,C,2024-10-21,4000000.00,3.883857,99.97460937
08:01:36,91282CLQ2,TSRYS5906509,D,S,C,2024-10-21,3000000.00,3.883857,99.97460937
08:01:36,91282CLQ2,TSRYS5906509,D,S,C,2024-10-21,3000000.00,3.883857,99.97460937
08:01:36,91282CLQ2,TSRYS5906509,D,S,C,2024-10-21,3000000.00,3.883857,99.97460937
08:01:36,91282CLQ2,TSRYS5906509,D,S,C,2024-10-21,3000000.00,3.883857,99.97460937
08:01:36,91282CLQ2,TSRYS5906509,D,S,C,2024-10-21,4000000.00,3.883857,99.97460937
08:01:36,91282CLQ2,TSRYS5906509,D,S,D,2024-10-21,2000000.00,3.883857,99.97460937
08:01:36,91282CLQ2,TSRYS5906509,D,S,D,2024-10-21,1000000.00,3.883857,99.97460937
08:01:36,91282CLQ2,TSRYS5906509,D,S,D,2024-10-21,2000000.00,3.883857,99.97460937
08:01:36,91282CLQ2,TSRYS5906509,D,S,T,2024-10-21,1000000.00,3.884557,99.97265625
08:01:36,91282CLQ2,TSRYS5906509,D,S,T,2024-10-21,3000000.00,3.884557,99.97265625
08:01:36,91282CLQ2,TSRYS5906509,D,S,T,2024-10-21,4000000.00,3.884557,99.97265625
08:01:36,91282CLQ2,TSRYS5906509,D,S,T,2024-10-21,1000000.00,3.884557,99.97265625
08:01:36,91282CLQ2,TSRYS5906509,D,S,T,2024-10-21,1000000.00,3.884557,99.97265625
08:01:36,91282CLQ2,TSRYS5906509,D,S,T,2024-10-21,1000000.00,3.884557,99.97265625
08:01:36,91282CLQ2,TSRYS5906509,D,S,T,2024-10-21,3000000.00,3.884557,99.97265625
08:01:36,91282CLQ2,TSRYS5906509,D,S,D,2024-10-21,2000000.00,3.864955,100.02734375
08:01:36,91282CLQ2,TSRYS5906509,D,B,C,2024-10-21,1000000.00,3.864955,100.02734375
08:01:36,91282CLQ2,TSRYS5906509,D,S,D,2024-10-21,1000000.00,3.864955,100.02734375
08:01:36,91282CLQ2,TSRYS5906509,D,S,D,2024-10-21,4000000.00,3.864955,100.02734375
08:01:36,91282CLQ2,TSRYS5906509,D,S,D,2024-10-21,1000000.00,3.864955,100.02734375
08:01:36,91282CLQ2,TSRYS5906509,D,S,D,2024-10-21,1000000.00,3.864955,100.02734375
08:01:36,91282CLQ2,TSRYS5906509,D,S,T,2024-10-21,3000000.00,3.884557,99.97265625
08:01:36,91282CLQ2,TSRYS5906509,D,S,D,2024-10-21,2000000.00,3.864955,100.02734375
08:01:36,91282CLQ2,TSRYS5906509,D,S,D,2024-10-21,1000000.00,3.883857,99.97460937
08:01:36,91282CLQ2,TSRYS5906509,D,S,D,2024-10-21,2000000.00,3.883857,99.97460937
08:01:36,91282CLQ2,TSRYS5906509,D,S,D,2024-10-21,4000000.00,3.864955,100.02734375
08:01:36,91282CLQ2,TSRYS5906509,D,S,T,2024-10-21,3000000.00,3.884557,99.97265625
08:01:36,91282CLQ2,TSRYS5906509,D,S,D,2024-10-21,2000000.00,3.885257,99.97070312
08:01:36,91282CLQ2,TSRYS5906509,D,B,C,2024-10-21,1000000.00,3.863555,100.03125
08:01:36,91282CLQ2,TSRYS5906509,D,S,D,2024-10-21,1000000.00,3.863555,100.03125
08:01:36,91282CLQ2,TSRYS5906509,D,B,C,2024-10-21,1000000.00,3.863555,100.03125
08:01:36,91282CLQ2,TSRYS5906509,D,S,D,2024-10-21,1000000.00,3.863555,100.03125
08:01:36,91282CLQ2,TSRYS5906509,D,S,D,2024-10-21,1000000.00,3.862855,100.033203125
08:01:36,91282CLQ2,TSRYS5906509,D,B,C,2024-10-21,1000000.00,3.862855,100.033203125
08:01:36,91282CLQ2,TSRYS5906509,D,S,T,2024-10-21,1000000.00,3.884557,99.97265625
08:01:37,91282CLQ2,TSRYS5906509,D,S,T,2024-10-21,2000000.00,3.884557,99.97265625
08:01:37,91282CLQ2,TSRYS5906509,D,S,T,2024-10-21,1000000.00,3.884557,99.97265625
08:01:37,91282CLQ2,TSRYS5906509,D,S,T,2024-10-21,1000000.00,3.884557,99.97265625
08:01:37,91282CLQ2,TSRYS5906509,D,S,T,2024-10-21,1000000.00,3.884557,99.97265625
08:01:37,91282CLQ2,TSRYS5906509,D,S,T,2024-10-21,1000000.00,3.884557,99.97265625
08:01:37,91282CLQ2,TSRYS5906509,D,S,T,2024-10-21,1000000.00,3.884557,99.97265625
08:01:37,91282CLQ2,TSRYS5906509,D,S,D,2024-10-21,1000000.00,3.867054,100.021484375
08:01:37,91282CLQ2,TSRYS5906509,D,S,T,2024-10-21,3000000.00,3.884557,99.97265625
08:01:37,91282CLQ2,TSRYS5906509,D,S,T,2024-10-21,1000000.00,3.884557,99.97265625
08:01:37,91282CLQ2,TSRYS5906509,D,S,T,2024-10-21,1000000.00,3.884557,99.97265625
08:01:37,91282CLQ2,TSRYS5906509,D,S,T,2024-10-21,2000000.00,3.884557,99.97265625
08:01:37,91282CLQ2,TSRYS5906509,D,S,T,2024-10-21,1000000.00,3.884557,99.97265625
08:01:37,91282CLQ2,TSRYS5906509,D,S,D,2024-10-21,2000000.00,3.867054,100.021484375
08:01:37,91282CLQ2,TSRYS5906509,D,S,T,2024-10-21,1000000.00,3.884557,99.97265625
08:01:37,91282CLQ2,TSRYS5906509,D,S,T,2024-10-21,1000000.00,3.884557,99.97265625
08:01:37,91282CLQ2,TSRYS5906509,D,S,D,2024-10-21,1000000.00,3.867054,100.021484375
08:01:37,91282CLQ2,TSRYS5906509,D,S,D,2024-10-21,1000000.00,3.867054,100.021484375
08:01:37,91282CLQ2,TSRYS5906509,D,S,D,2024-10-21,1000000.00,3.867754,100.01953125
08:01:37,91282CLQ2,TSRYS5906509,D,S,D,2024-10-21,1000000.00,3.867754,100.01953125
08:01:37,91282CLQ2,TSRYS5906509,D,S,D,2024-10-21,1000000.00,3.867754,100.01953125
08:01:37,91282CLQ2,TSRYS5906509,D,S,D,2024-10-21,2000000.00,3.885257,99.97070312
08:01:37,91282CLQ2,TSRYS5906509,D,B,C,2024-10-21,1000000.00,3.869154,100.015625
08:01:37,91282CLQ2,TSRYS5906509,D,S,D,2024-10-21,1000000.00,3.869154,100.015625
08:01:37,91282CLQ2,TSRYS5906509,D,S,D,2024-10-21,1000000.00,3.869154,100.015625
08:01:37,91282CLQ2,TSRYS5906509,D,S,D,2024-10-21,4000000.00,3.885958,99.96875
08:01:37,91282CLQ2,TSRYS5906509,D,S,D,2024-10-21,1000000.00,3.870554,100.01171875
08:01:37,91282CLQ2,TSRYS5906509,D,B,C,2024-10-21,1000000.00,3.870554,100.01171875
08:01:37,91282CLQ2,TSRYS5906509,D,S,D,2024-10-21,1000000.00,3.869154,100.015625
08:01:37,91282CLQ2,TSRYS5906509,D,S,D,2024-10-21,1000000.00,3.869154,100.015625
08:01:37,91282CLQ2,TSRYS5906509,D,S,D,2024-10-21,1000000.00,3.869154,100.015625
08:01:37,91282CLQ2,TSRYS5906509,D,S,D,2024-10-21,1000000.00,3.869154,100.015625
08:01:37,91282CLQ2,TSRYS5906509,D,S,D,2024-10-21,1000000.00,3.869154,100.015625
08:01:37,91282CLQ2,TSRYS5906509,D,B,C,2024-10-21,1000000.00,3.869154,100.015625
08:01:37,91282CLQ2,TSRYS5906509,D,S,D,2024-10-21,1000000.00,3.869154,100.015625
08:01:37,91282CLQ2,TSRYS5906509,D,B,C,2024-10-21,1000000.00,3.869154,100.015625
08:01:37,91282CLQ2,TSRYS5906509,D,S,T,2024-10-21,1000000.00,3.888059,99.96289062
08:01:37,91282CLQ2,TSRYS5906509,D,S,D,2024-10-21,1000000.00,3.869154,100.015625
08:01:37,91282CLQ2,TSRYS5906509,D,B,C,2024-10-21,1000000.00,3.869154,100.015625
08:01:37,91282CLQ2,TSRYS5906509,D,S,D,2024-10-21,1000000.00,3.869154,100.015625
08:01:37,91282CLQ2,TSRYS5906509,D,S,T,2024-10-21,1000000.00,3.888059,99.96289062
08:01:37,91282CLQ2,TSRYS5906509,D,S,T,2024-10-21,1000000.00,3.888059,99.96289062
08:01:37,91282CLQ2,TSRYS5906509,D,S,D,2024-10-21,1000000.00,3.869154,100.015625
08:01:37,91282CLQ2,TSRYS5906509,D,S,D,2024-10-21,1000000.00,3.869154,100.015625
08:01:37,91282CLQ2,TSRYS5906509,D,S,D,2024-10-21,1000000.00,3.869154,100.015625
08:01:37,91282CLQ2,TSRYS5906509,D,S,D,2024-10-21,1000000.00,3.869154,100.015625
08:01:37,91282CLQ2,TSRYS5906509,D,S,D,2024-10-21,5000000.00,3.869154,100.015625
08:01:37,91282CLQ2,TSRYS5906509,D,B,C,2024-10-21,5000000.00,3.869154,100.015625
08:01:37,91282CLQ2,TSRYS5906509,D,S,D,2024-10-21,3000000.00,3.869154,100.015625
08:01:37,91282CLQ2,TSRYS5906509,D,S,D,2024-10-21,1000000.00,3.868454,100.017578125
08:01:38,91282CLQ2,TSRYS5906509,D,S,D,2024-10-21,1000000.00,3.868454,100.017578125
08:01:38,91282CLQ2,TSRYS5906509,D,S,D,2024-10-21,1000000.00,3.869154,100.015625
08:01:38,91282CLQ2,TSRYS5906509,D,S,D,2024-10-21,1000000.00,3.869154,100.015625
08:01:38,91282CLQ2,TSRYS5906509,D,S,D,2024-10-21,4000000.00,3.868454,100.017578125
08:01:38,91282CLQ2,TSRYS5906509,D,B,C,2024-10-21,3000000.00,3.868454,100.017578125
08:01:38,91282CLQ2,TSRYS5906509,D,S,D,2024-10-21,3000000.00,3.868454,100.017578125
08:01:38,91282CLQ2,TSRYS5906509,D,B,C,2024-10-21,1000000.00,3.887358,99.96484375
08:01:38,91282CLQ2,TSRYS5906509,D,B,C,2024-10-21,1000000.00,3.887358,99.96484375
08:01:38,91282CLQ2,TSRYS5906509,D,B,C,2024-10-21,1000000.00,3.887358,99.96484375
08:01:38,91282CLQ2,TSRYS5906509,D,B,C,2024-10-21,1000000.00,3.887358,99.96484375
08:01:38,91282CLQ2,TSRYS5906509,D,B,C,2024-10-21,1000000.00,3.887358,99.96484375
08:01:38,91282CLQ2,TSRYS5906509,D,B,C,2024-10-21,1000000.00,3.887358,99.96484375
08:01:38,91282CLQ2,TSRYS5906509,D,B,C,2024-10-21,1000000.00,3.887358,99.96484375
08:01:38,91282CLQ2,TSRYS5906509,D,B,C,2024-10-21,1000000.00,3.887358,99.96484375
08:01:38,91282CLQ2,TSRYS5906509,D,B,C,2024-10-21,1000000.00,3.887358,99.96484375
08:01:38,91282CLQ2,TSRYS5906509,D,B,C,2024-10-21,1000000.00,3.887358,99.96484375
08:01:38,91282CLQ2,TSRYS5906509,D,S,C,2024-10-21,50000000.00,3.887109,99.96554
08:01:39,91282CLQ2,TSRYS5906509,D,S,T,2024-10-21,1000000.00,3.89016,99.95703125
08:01:39,91282CLQ2,TSRYS5906509,D,S,T,2024-10-21,1000000.00,3.89016,99.95703125
08:01:39,91282CLQ2,TSRYS5906509,D,S,T,2024-10-21,1000000.00,3.890861,99.95507812
08:01:39,91282CLQ2,TSRYS5906509,D,S,T,2024-10-21,1000000.00,3.890861,99.95507812
08:01:39,91282CLQ2,TSRYS5906509,D,S,T,2024-10-21,1000000.00,3.89016,99.95703125
08:01:39,91282CLQ2,TSRYS5906509,D,S,T,2024-10-21,1000000.00,3.89016,99.95703125
08:01:39,91282CLQ2,TSRYS5906509,D,S,T,2024-10-21,1000000.00,3.89016,99.95703125
08:01:39,91282CLQ2,TSRYS5906509,D,S,D,2024-10-21,2000000.00,3.871254,100.009765625
08:01:39,91282CLQ2,TSRYS5906509,D,S,D,2024-10-21,4000000.00,3.871254,100.009765625
08:01:39,91282CLQ2,TSRYS5906509,D,S,T,2024-10-21,1000000.00,3.89016,99.95703125
08:01:39,91282CLQ2,TSRYS5906509,D,S,D,2024-10-21,4000000.00,3.871254,100.009765625
08:01:39,91282CLQ2,TSRYS5906509,D,S,D,2024-10-21,2000000.00,3.871254,100.009765625
08:01:39,91282CLQ2,TSRYS5906509,D,S,D,2024-10-21,4000000.00,3.871254,100.009765625
08:01:39,91282CLQ2,TSRYS5906509,D,S,D,2024-10-21,2000000.00,3.871254,100.009765625
08:01:39,91282CLQ2,TSRYS5906509,D,S,D,2024-10-21,2000000.00,3.871254,100.009765625
08:01:39,91282CLQ2,TSRYS5906509,D,S,D,2024-10-21,2000000.00,3.871254,100.009765625
08:01:39,91282CLQ2,TSRYS5906509,D,S,D,2024-10-21,2000000.00,3.871254,100.009765625
08:01:39,91282CLQ2,TSRYS5906509,D,S,D,2024-10-21,2000000.00,3.871254,100.009765625
08:01:39,91282CLQ2,TSRYS5906509,D,S,D,2024-10-21,1000000.00,3.871254,100.009765625
08:01:39,91282CLQ2,TSRYS5906509,D,S,D,2024-10-21,1000000.00,3.871254,100.009765625
08:01:39,91282CLQ2,TSRYS5906509,D,S,D,2024-10-21,1000000.00,3.871954,100.0078125
08:01:39,91282CLQ2,TSRYS5906509,D,S,D,2024-10-21,2000000.00,3.888759,99.9609375
08:01:39,91282CLQ2,TSRYS5906509,D,S,T,2024-10-21,6000000.00,3.905574,99.9140625
08:01:40,91282CLQ2,TSRYS5906509,D,S,T,2024-10-21,2000000.00,3.890861,99.95507812
08:01:40,91282CLQ2,TSRYS5906509,D,S,D,2024-10-21,2000000.00,3.890861,99.95507812
08:01:40,91282CLQ2,TSRYS5906509,D,S,D,2024-10-21,2000000.00,3.890861,99.95507812
08:01:40,91282CLQ2,TSRYS5906509,D,S,T,2024-10-21,2000000.00,3.890861,99.95507812
08:01:40,91282CLQ2,TSRYS5906509,D,S,D,2024-10-21,1000000.00,3.890861,99.95507812
08:01:40,91282CLQ2,TSRYS5906509,D,S,T,2024-10-21,4000000.00,3.891561,99.953125
08:01:40,91282CLQ2,TSRYS5906509,D,S,D,2024-10-21,4000000.00,3.891561,99.953125
08:01:40,91282CLQ2,TSRYS5906509,D,S,D,2024-10-21,2000000.00,3.890861,99.95507812
08:01:40,91282CLQ2,TSRYS5906509,D,S,D,2024-10-21,2000000.00,3.890861,99.95507812
08:01:41,91282CLQ2,TSRYS5906509,D,S,D,2024-10-21,4000000.00,3.890861,99.95507812
08:01:41,91282CLQ2,TSRYS5906509,D,B,A,2024-10-21,1000000.00,3.906976,99.91015625
08:01:41,91282CLQ2,TSRYS5906509,D,S,T,2024-10-21,1000000.00,3.891633,99.952925
08:01:41,91282CLQ2,TSRYS5906509,D,S,T,2024-10-21,1000000.00,3.862155,100.03515625
08:01:41,91282CLQ2,TSRYS5906509,D,S,D,2024-10-21,1000000.00,3.890861,99.95507812
08:01:41,91282CLQ2,TSRYS5906509,D,S,C,2024-10-21,25000000.00,3.88921,99.95968
08:01:41,91282CLQ2,TSRYS5906509,D,S,T,2024-10-21,2000000.00,3.862855,100.033203125
08:01:41,91282CLQ2,TSRYS5906509,D,S,T,2024-10-21,1000000.00,3.862855,100.033203125
08:01:41,91282CLQ2,TSRYS5906509,D,S,T,2024-10-21,2000000.00,3.862855,100.033203125
08:01:41,91282CLQ2,TSRYS5906509,D,S,T,2024-10-21,5000000.00,3.863555,100.03125
08:01:41,91282CLQ2,TSRYS5906509,D,S,T,2024-10-21,1000000.00,3.862927,100.033003125
08:01:41,91282CLQ2,TSRYS5906509,D,S,T,2024-10-21,1000000.00,3.892962,99.94921875
08:01:42,91282CLQ2,TSRYS5906509,D,B,C,2024-10-21,1000000.00,3.878255,99.990234375
08:01:42,91282CLQ2,TSRYS5906509,D,S,D,2024-10-21,1000000.00,3.878255,99.990234375
08:01:42,91282CLQ2,TSRYS5906509,D,B,C,2024-10-21,1000000.00,3.878255,99.990234375
08:01:42,91282CLQ2,TSRYS5906509,D,S,D,2024-10-21,1000000.00,3.878255,99.990234375
08:01:42,91282CLQ2,TSRYS5906509,D,S,D,2024-10-21,1000000.00,3.877555,99.9921875
08:01:42,91282CLQ2,TSRYS5906509,D,S,D,2024-10-21,1000000.00,3.877555,99.9921875
08:01:42,91282CLQ2,TSRYS5906509,D,S,D,2024-10-21,5000000.00,3.877555,99.9921875
08:01:42,91282CLQ2,TSRYS5906509,D,S,D,2024-10-21,5000000.00,3.877555,99.9921875
08:01:42,91282CLQ2,TSRYS5906509,D,S,T,2024-10-21,1000000.00,3.862855,100.033203125
08:01:42,91282CLQ2,TSRYS5906509,D,S,D,2024-10-21,1000000.00,3.862855,100.033203125
08:01:42,91282CLQ2,TSRYS5906509,D,S,D,2024-10-21,4000000.00,3.862855,100.033203125
08:01:42,91282CLQ2,TSRYS5906509,D,S,T,2024-10-21,2000000.00,3.892962,99.94921875
08:01:42,91282CLQ2,TSRYS5906509,D,S,T,2024-10-21,1000000.00,3.863555,100.03125
08:01:42,91282CLQ2,TSRYS5906509,D,S,T,2024-10-21,1000000.00,3.863555,100.03125
08:01:42,91282CLQ2,TSRYS5906509,D,S,T,2024-10-21,1000000.00,3.862927,100.033003125
08:01:42,91282CLQ2,TSRYS5906509,D,S,T,2024-10-21,1000000.00,3.863555,100.03125
08:01:42,91282CLQ2,TSRYS5906509,D,S,T,2024-10-21,1000000.00,3.863555,100.03125
08:01:42,91282CLQ2,TSRYS5906509,D,S,T,2024-10-21,2000000.00,3.862927,100.033003125
08:01:42,91282CLQ2,TSRYS5906509,D,S,T,2024-10-21,1000000.00,3.863627,100.03105
08:01:42,91282CLQ2,TSRYS5906509,D,S,T,2024-10-21,1000000.00,3.863627,100.03105
08:01:42,91282CLQ2,TSRYS5906509,D,S,C,2024-10-21,2000000.00,3.883156,99.9765625
08:01:42,91282CLQ2,TSRYS5906509,D,S,T,2024-10-21,2000000.00,3.863555,100.03125
08:01:42,91282CLQ2,TSRYS5906509,D,S,T,2024-10-21,1000000.00,3.863627,100.03105
08:01:42,91282CLQ2,TSRYS5906509,D,S,C,2024-10-21,2000000.00,3.883156,99.9765625
08:01:42,91282CLQ2,TSRYS5906509,D,S,C,2024-10-21,2000000.00,3.883156,99.9765625
08:01:42,91282CLQ2,TSRYS5906509,D,S,D,2024-10-21,2000000.00,3.883857,99.974609375
08:01:42,91282CLQ2,TSRYS5906509,D,B,C,2024-10-21,2000000.00,3.883857,99.974609375
08:01:42,91282CLQ2,TSRYS5906509,D,S,D,2024-10-21,2000000.00,3.883857,99.974609375
08:01:42,91282CLQ2,TSRYS5906509,D,B,C,2024-10-21,2000000.00,3.883857,99.974609375
08:01:42,91282CLQ2,TSRYS5906509,D,S,D,2024-10-21,2000000.00,3.883857,99.974609375
08:01:42,91282CLQ2,TSRYS5906509,D,B,C,2024-10-21,2000000.00,3.883857,99.974609375
08:01:42,91282CLQ2,TSRYS5906509,D,S,D,2024-10-21,1000000.00,3.882456,99.978515625
08:01:42,91282CLQ2,TSRYS5906509,D,B,C,2024-10-21,1000000.00,3.882456,99.978515625
08:01:42,91282CLQ2,TSRYS5906509,D,S,D,2024-10-21,1000000.00,3.882456,99.978515625
08:01:42,91282CLQ2,TSRYS5906509,D,B,C,2024-10-21,1000000.00,3.882456,99.978515625
08:01:43,91282CLQ2,TSRYS5906509,D,S,C,2024-10-21,25000000.00,3.892011,99.95187
08:01:43,91282CLQ2,TSRYS5906509,D,S,D,2024-10-21,2000000.00,3.883156,99.9765625
08:01:43,91282CLQ2,TSRYS5906509,D,S,D,2024-10-21,2000000.00,3.883156,99.9765625
08:01:43,91282CLQ2,TSRYS5906509,D,S,D,2024-10-21,2000000.00,3.883156,99.9765625
08:01:43,91282CLQ2,TSRYS5906509,D,S,D,2024-10-21,4000000.00,3.883156,99.9765625
08:01:43,91282CLQ2,TSRYS5906509,D,S,D,2024-10-21,3000000.00,3.883156,99.9765625
08:01:43,91282CLQ2,TSRYS5906509,D,S,T,2024-10-21,1000000.00,3.892962,99.94921875
08:01:43,91282CLQ2,TSRYS5906509,D,S,T,2024-10-21,1000000.00,3.864955,100.02734375
08:01:43,91282CLQ2,TSRYS5906509,D,S,T,2024-10-21,3000000.00,3.892962,99.94921875
08:01:43,91282CLQ2,TSRYS5906509,D,S,T,2024-10-21,1000000.00,3.862155,100.03515625
08:01:43,91282CLQ2,TSRYS5906509,D,S,T,2024-10-21,1000000.00,3.862155,100.03515625
08:01:43,91282CLQ2,TSRYS5906509,D,S,D,2024-10-21,1000000.00,3.884557,99.97265625
08:01:43,91282CLQ2,TSRYS5906509,D,S,D,2024-10-21,3000000.00,3.884557,99.97265625
08:01:43,91282CLQ2,TSRYS5906509,D,S,D,2024-10-21,4000000.00,3.884557,99.97265625
08:01:43,91282CLQ2,TSRYS5906509,D,S,D,2024-10-21,1000000.00,3.884557,99.97265625
08:01:43,91282CLQ2,TSRYS5906509,D,S,D,2024-10-21,1000000.00,3.884557,99.97265625
08:01:43,91282CLQ2,TSRYS5906509,D,S,D,2024-10-21,1000000.00,3.884557,99.97265625
08:01:43,91282CLQ2,TSRYS5906509,D,S,D,2024-10-21,1000000.00,3.884557,99.97265625
08:01:43,91282CLQ2,TSRYS5906509,D,S,D,2024-10-21,2000000.00,3.884557,99.97265625
08:01:43,91282CLQ2,TSRYS5906509,D,S,T,2024-10-21,1000000.00,3.894363,99.9453125
08:01:43,91282CLQ2,TSRYS5906509,D,S,T,2024-10-21,1000000.00,3.894363,99.9453125
08:01:43,91282CLQ2,TSRYS5906509,D,S,D,2024-10-21,3000000.00,3.884557,99.97265625
08:01:43,91282CLQ2,TSRYS5906509,D,S,D,2024-10-21,1000000.00,3.884557,99.97265625
08:01:43,91282CLQ2,TSRYS5906509,D,S,D,2024-10-21,2000000.00,3.884557,99.97265625
08:01:43,91282CLQ2,TSRYS5906509,D,S,D,2024-10-21,1000000.00,3.895064,99.94335937
08:01:43,91282CLQ2,TSRYS5906509,D,S,D,2024-10-21,1000000.00,3.884557,99.97265625
08:01:43,91282CLQ2,TSRYS5906509,D,S,D,2024-10-21,1000000.00,3.895064,99.94335937
08:01:43,91282CLQ2,TSRYS5906509,D,S,D,2024-10-21,2000000.00,3.895064,99.94335937
08:01:43,91282CLQ2,TSRYS5906509,D,S,D,2024-10-21,1000000.00,3.895064,99.94335937
08:01:43,91282CLQ2,TSRYS5906509,D,S,D,2024-10-21,2000000.00,3.884557,99.97265625
08:01:44,91282CLQ2,TSRYS5906509,D,S,C,2024-10-21,25000000.00,3.894113,99.94601
08:01:44,91282CLQ2,TSRYS5906509,D,S,D,2024-10-21,1000000.00,3.884557,99.97265625
08:01:44,91282CLQ2,TSRYS5906509,D,S,D,2024-10-21,1000000.00,3.884557,99.97265625
08:01:44,91282CLQ2,TSRYS5906509,D,S,D,2024-10-21,1000000.00,3.884557,99.97265625
08:01:44,91282CLQ2,TSRYS5906509,D,S,T,2024-10-21,2000000.00,3.894435,99.9451125
08:01:44,91282CLQ2,TSRYS5906509,D,S,D,2024-10-21,1000000.00,3.884557,99.97265625
08:01:44,91282CLQ2,TSRYS5906509,D,S,D,2024-10-21,3000000.00,3.884557,99.97265625
08:01:44,91282CLQ2,TSRYS5906509,D,S,T,2024-10-21,1000000.00,3.894435,99.9451125
08:01:44,91282CLQ2,TSRYS5906509,D,S,T,2024-10-21,1000000.00,3.894435,99.9451125
08:01:44,91282CLQ2,TSRYS5906509,D,S,D,2024-10-21,1000000.00,3.884557,99.97265625
08:01:44,91282CLQ2,TSRYS5906509,D,S,D,2024-10-21,2000000.00,3.884557,99.97265625
08:01:44,91282CLQ2,TSRYS5906509,D,S,T,2024-10-21,1000000.00,3.894435,99.9451125
08:01:44,91282CLQ2,TSRYS5906509,D,S,D,2024-10-21,1000000.00,3.884557,99.97265625
08:01:44,91282CLQ2,TSRYS5906509,D,S,T,2024-10-21,2000000.00,3.894435,99.9451125
08:01:44,91282CLQ2,TSRYS5906509,D,S,T,2024-10-21,1000000.00,3.862155,100.03515625
08:01:44,91282CLQ2,TSRYS5906509,D,S,D,2024-10-21,1000000.00,3.894363,99.9453125
08:01:44,91282CLQ2,TSRYS5906509,D,S,D,2024-10-21,1000000.00,3.894363,99.9453125
08:01:44,91282CLQ2,TSRYS5906509,D,S,T,2024-10-21,1000000.00,3.894363,99.9453125
08:01:44,91282CLQ2,TSRYS5906509,D,S,T,2024-10-21,1000000.00,3.894363,99.9453125
08:01:44,91282CLQ2,TSRYS5906509,D,S,D,2024-10-21,1000000.00,3.894363,99.9453125
08:01:44,91282CLQ2,TSRYS5906509,D,S,A,2024-10-21,1600000.00,3.902771,99.921875
08:01:44,91282CLQ2,TSRYS5906509,D,S,D,2024-10-21,1000000.00,3.884557,99.97265625
08:01:44,91282CLQ2,TSRYS5906509,D,S,D,2024-10-21,1000000.00,3.884557,99.97265625
08:01:44,91282CLQ2,TSRYS5906509,D,S,D,2024-10-21,1000000.00,3.884557,99.97265625
08:01:44,91282CLQ2,TSRYS5906509,D,S,D,2024-10-21,1000000.00,3.884557,99.97265625
08:01:44,91282CLQ2,TSRYS5906509,D,S,T,2024-10-21,1000000.00,3.894363,99.9453125
08:01:44,91282CLQ2,TSRYS5906509,D,S,T,2024-10-21,1000000.00,3.894363,99.9453125
08:01:44,91282CLQ2,TSRYS5906509,D,S,T,2024-10-21,1000000.00,3.894363,99.9453125
08:01:44,91282CLQ2,TSRYS5906509,D,S,T,2024-10-21,1000000.00,3.894363,99.9453125
08:01:44,91282CLQ2,TSRYS5906509,D,S,T,2024-10-21,1000000.00,3.894363,99.9453125
08:01:44,91282CLQ2,TSRYS5906509,D,S,T,2024-10-21,1000000.00,3.894363,99.9453125
08:01:44,91282CLQ2,TSRYS5906509,D,S,T,2024-10-21,1000000.00,3.894363,99.9453125
08:01:44,91282CLQ2,TSRYS5906509,D,S,T,2024-10-21,2000000.00,3.862155,100.03515625
08:01:44,91282CLQ2,TSRYS5906509,D,S,T,2024-10-21,1000000.00,3.894363,99.9453125
08:01:44,91282CLQ2,TSRYS5906509,D,S,T,2024-10-21,2000000.00,3.894363,99.9453125
08:01:44,91282CLQ2,TSRYS5906509,D,S,T,2024-10-21,1000000.00,3.894435,99.9451125
