tradeTime,cusip,issueSymbolIdentifier,priceType,reportingSideCode,contraPartyTypeCode,tradeDate,reportedTradeVolume,lastSaleYield,lastSalePrice
08:00:04,91282CKR1,TSRYS5802848,D,S,D,2024-05-10,1000000.00,4.62827,99.64453125
08:00:04,91282CKR1,TSRYS5802848,D,S,D,2024-05-10,1000000.00,4.62827,99.64453125
08:00:04,91282CKR1,TSRYS5802848,D,S,D,2024-05-10,1000000.00,4.62827,99.64453125
08:00:04,91282CKR1,TSRYS5802848,D,S,D,2024-05-10,2000000.00,4.62827,99.64453125
08:00:04,91282CKR1,TSRYS5802848,D,S,D,2024-05-10,2000000.00,4.62827,99.64453125
08:00:04,91282CKR1,TSRYS5802848,D,S,D,2024-05-10,1000000.00,4.62827,99.64453125
08:00:04,91282CKR1,TSRYS5802848,D,S,D,2024-05-10,1000000.00,4.62827,99.64453125
08:00:04,91282CKR1,TSRYS5802848,D,S,D,2024-05-10,4000000.00,4.628976,99.642578125
08:00:04,91282CKR1,TSRYS5802848,D,S,D,2024-05-10,1000000.00,4.625444,99.65234375
08:00:04,91282CKR1,TSRYS5802848,D,S,D,2024-05-10,2000000.00,4.625444,99.65234375
08:00:04,91282CKR1,TSRYS5802848,D,S,D,2024-05-10,1000000.00,4.625444,99.65234375
08:00:04,91282CKR1,TSRYS5802848,D,S,D,2024-05-10,1000000.00,4.625444,99.65234375
08:00:04,91282CKR1,TSRYS5802848,D,S,T,2024-05-10,1000000.00,4.624032,99.65625
08:00:04,91282CKR1,TSRYS5802848,D,S,T,2024-05-10,1000000.00,4.62262,99.66015625
08:00:04,91282CKR1,TSRYS5802848,D,S,T,2024-05-10,2000000.00,4.624738,99.654296875
08:00:04,91282CKR1,TSRYS5802848,D,S,D,2024-05-10,2000000.00,4.617677,99.673828125
08:00:04,91282CKR1,TSRYS5802848,D,S,D,2024-05-10,2000000.00,4.617677,99.673828125
08:00:04,91282CKR1,TSRYS5802848,D,S,D,2024-05-10,1000000.00,4.618383,99.671875
08:00:04,91282CKR1,TSRYS5802848,D,S,D,2024-05-10,1000000.00,4.617677,99.673828125
08:00:04,91282CKR1,TSRYS5802848,D,S,D,2024-05-10,1000000.00,4.617677,99.673828125
08:00:04,91282CKR1,TSRYS5802848,D,S,D,2024-05-10,1000000.00,4.621914,99.662109375
08:00:04,91282CKR1,TSRYS5802848,D,S,D,2024-05-10,5000000.00,4.621207,99.6640625
08:00:04,91282CKR1,TSRYS5802848,D,S,D,2024-05-10,1000000.00,4.621207,99.6640625
08:00:04,91282CKR1,TSRYS5802848,D,S,D,2024-05-10,3000000.00,4.627563,99.646484375
08:00:04,91282CKR1,TSRYS5802848,D,S,D,2024-05-10,1000000.00,4.627563,99.646484375
08:00:04,91282CKR1,TSRYS5802848,D,S,D,2024-05-10,3000000.00,4.627563,99.646484375
08:00:04,91282CKR1,TSRYS5802848,D,S,D,2024-05-10,2000000.00,4.627563,99.646484375
08:00:04,91282CKR1,TSRYS5802848,D,S,D,2024-05-10,1000000.00,4.627563,99.646484375
08:00:04,91282CKR1,TSRYS5802848,D,S,D,2024-05-10,3000000.00,4.627563,99.646484375
08:00:04,91282CKR1,TSRYS5802848,D,S,D,2024-05-10,1000000.00,4.627563,99.646484375
08:00:04,91282CKR1,TSRYS5802848,D,S,D,2024-05-10,3000000.00,4.627563,99.646484375
08:00:04,91282CKR1,TSRYS5802848,D,S,D,2024-05-10,1000000.00,4.627563,99.646484375
08:00:04,91282CKR1,TSRYS5802848,D,S,D,2024-05-10,3000000.00,4.627563,99.646484375
08:00:04,91282CKR1,TSRYS5802848,D,S,D,2024-05-10,1000000.00,4.627563,99.646484375
08:00:04,91282CKR1,TSRYS5802848,D,S,D,2024-05-10,3000000.00,4.627563,99.646484375
08:00:04,91282CKR1,TSRYS5802848,D,S,D,2024-05-10,1000000.00,4.627563,99.646484375
08:00:04,91282CKR1,TSRYS5802848,D,S,D,2024-05-10,2000000.00,4.627563,99.646484375
08:00:04,91282CKR1,TSRYS5802848,D,S,D,2024-05-10,2000000.00,4.627563,99.646484375
08:00:04,91282CKR1,TSRYS5802848,D,B,C,2024-05-10,2000000.00,4.614853,99.681640625
08:00:04,91282CKR1,TSRYS5802848,D,S,D,2024-05-10,1000000.00,4.616971,99.67578125
08:00:04,91282CKR1,TSRYS5802848,D,S,D,2024-05-10,2000000.00,4.621207,99.6640625
08:00:04,91282CKR1,TSRYS5802848,D,S,D,2024-05-10,1000000.00,4.621207,99.6640625
08:00:04,91282CKR1,TSRYS5802848,D,S,T,2024-05-10,1000000.00,4.621207,99.6640625
08:00:04,91282CKR1,TSRYS5802848,D,S,T,2024-05-10,1000000.00,4.619795,99.66796875
08:00:04,91282CKR1,TSRYS5802848,D,S,D,2024-05-10,4000000.00,4.621914,99.662109375
08:00:04,91282CKR1,TSRYS5802848,D,S,D,2024-05-10,2000000.00,4.621914,99.662109375
08:00:04,91282CKR1,TSRYS5802848,D,S,D,2024-05-10,2000000.00,4.621914,99.662109375
08:00:04,91282CKR1,TSRYS5802848,D,S,T,2024-05-10,4000000.00,4.621914,99.662109375
08:00:04,91282CKR1,TSRYS5802848,D,S,T,2024-05-10,1000000.00,4.626151,99.650390625
08:00:04,91282CKR1,TSRYS5802848,D,S,T,2024-05-10,1000000.00,4.626151,99.650390625
08:00:04,91282CKR1,TSRYS5802848,D,S,D,2024-05-10,1000000.00,4.626151,99.650390625
08:00:04,91282CKR1,TSRYS5802848,D,S,T,2024-05-10,1000000.00,4.626151,99.650390625
08:00:04,91282CKR1,TSRYS5802848,D,S,D,2024-05-10,1000000.00,4.629682,99.640625
08:00:04,91282CKR1,TSRYS5802848,D,S,T,2024-05-10,1000000.00,4.630388,99.638671875
08:00:04,91282CKR1,TSRYS5802848,D,S,T,2024-05-10,5000000.00,4.631095,99.63671875
08:00:04,91282CKR1,TSRYS5802848,D,S,D,2024-05-10,2000000.00,4.638866,99.615234375
08:00:04,91282CKR1,TSRYS5802848,D,S,D,2024-05-10,1000000.00,4.638866,99.615234375
08:00:04,91282CKR1,TSRYS5802848,D,S,D,2024-05-10,3000000.00,4.638866,99.615234375
08:00:10,91282CKR1,TSRYS5802848,D,S,D,2024-05-10,1000000.00,4.626857,99.6484375
08:00:14,91282CKR1,TSRYS5802848,D,S,T,2024-05-10,1000000.00,4.625444,99.65234375
08:00:14,91282CKR1,TSRYS5802848,D,S,T,2024-05-10,1000000.00,4.626857,99.6484375
08:00:14,91282CKR1,TSRYS5802848,D,S,T,2024-05-10,1000000.00,4.624738,99.654296875
08:00:14,91282CKR1,TSRYS5802848,D,S,T,2024-05-10,1000000.00,4.624738,99.654296875
08:00:14,91282CKR1,TSRYS5802848,D,S,T,2024-05-10,1000000.00,4.624738,99.654296875
08:00:14,91282CKR1,TSRYS5802848,D,S,T,2024-05-10,1000000.00,4.624738,99.654296875
08:00:14,91282CKR1,TSRYS5802848,D,S,T,2024-05-10,1000000.00,4.624738,99.654296875
08:00:14,91282CKR1,TSRYS5802848,D,S,T,2024-05-10,1000000.00,4.624738,99.654296875
08:00:14,91282CKR1,TSRYS5802848,D,S,T,2024-05-10,1000000.00,4.624738,99.654296875
08:00:14,91282CKR1,TSRYS5802848,D,S,T,2024-05-10,1000000.00,4.621914,99.662109375
08:00:14,91282CKR1,TSRYS5802848,D,S,T,2024-05-10,1000000.00,4.620501,99.666015625
08:00:14,91282CKR1,TSRYS5802848,D,S,T,2024-05-10,1000000.00,4.62262,99.66015625
08:00:14,91282CKR1,TSRYS5802848,D,S,D,2024-05-10,1000000.00,4.616971,99.67578125
08:00:14,91282CKR1,TSRYS5802848,D,S,D,2024-05-10,1000000.00,4.621207,99.6640625
08:00:14,91282CKR1,TSRYS5802848,D,S,D,2024-05-10,1000000.00,4.621207,99.6640625
08:00:14,91282CKR1,TSRYS5802848,D,S,T,2024-05-10,1000000.00,4.625444,99.65234375
08:00:14,91282CKR1,TSRYS5802848,D,S,D,2024-05-10,1000000.00,4.627563,99.646484375
08:00:14,91282CKR1,TSRYS5802848,D,S,D,2024-05-10,1000000.00,4.627563,99.646484375
08:00:14,91282CKR1,TSRYS5802848,D,S,D,2024-05-10,1000000.00,4.627563,99.646484375
08:00:14,91282CKR1,TSRYS5802848,D,S,T,2024-05-10,1000000.00,4.627563,99.646484375
08:00:14,91282CKR1,TSRYS5802848,D,S,T,2024-05-10,1000000.00,4.620501,99.666015625
08:00:14,91282CKR1,TSRYS5802848,D,S,T,2024-05-10,1000000.00,4.621914,99.662109375
08:00:14,91282CKR1,TSRYS5802848,D,S,T,2024-05-10,1000000.00,4.618383,99.671875
08:00:14,91282CKR1,TSRYS5802848,D,S,T,2024-05-10,1000000.00,4.619089,99.669921875
08:00:14,91282CKR1,TSRYS5802848,D,S,T,2024-05-10,1000000.00,4.619795,99.66796875
08:00:14,91282CKR1,TSRYS5802848,D,S,T,2024-05-10,1000000.00,4.62262,99.66015625
08:00:14,91282CKR1,TSRYS5802848,D,S,T,2024-05-10,1000000.00,4.621914,99.662109375
08:00:14,91282CKR1,TSRYS5802848,D,S,T,2024-05-10,1000000.00,4.615559,99.6796875
08:00:14,91282CKR1,TSRYS5802848,D,S,T,2024-05-10,1000000.00,4.616265,99.677734375
08:00:14,91282CKR1,TSRYS5802848,D,S,T,2024-05-10,1000000.00,4.615559,99.6796875
08:00:14,91282CKR1,TSRYS5802848,D,S,T,2024-05-10,1000000.00,4.618383,99.671875
08:00:14,91282CKR1,TSRYS5802848,D,S,T,2024-05-10,1000000.00,4.619795,99.66796875
08:00:14,91282CKR1,TSRYS5802848,D,S,T,2024-05-10,1000000.00,4.623326,99.658203125
08:00:14,91282CKR1,TSRYS5802848,D,S,T,2024-05-10,1000000.00,4.625444,99.65234375
08:00:14,91282CKR1,TSRYS5802848,D,S,T,2024-05-10,1000000.00,4.631801,99.634765625
08:00:14,91282CKR1,TSRYS5802848,D,S,T,2024-05-10,1000000.00,4.631801,99.634765625
08:00:14,91282CKR1,TSRYS5802848,D,S,T,2024-05-10,1000000.00,4.632508,99.6328125
08:00:14,91282CKR1,TSRYS5802848,D,S,T,2024-05-10,1000000.00,4.632508,99.6328125
08:00:14,91282CKR1,TSRYS5802848,D,S,T,2024-05-10,1000000.00,4.638866,99.615234375
08:00:15,91282CKR1,TSRYS5802848,D,S,D,2024-05-10,1000000.00,4.626857,99.6484375
08:00:16,91282CKR1,TSRYS5802848,D,S,D,2024-05-10,1000000.00,4.626857,99.6484375
08:00:16,91282CKR1,TSRYS5802848,D,S,T,2024-05-10,1000000.00,4.626857,99.6484375
08:00:17,91282CKR1,TSRYS5802848,D,S,T,2024-05-10,1000000.00,4.627563,99.646484375
08:00:18,91282CKR1,TSRYS5802848,D,S,T,2024-05-10,2000000.00,4.623326,99.658203125
08:00:18,91282CKR1,TSRYS5802848,D,S,T,2024-05-10,1000000.00,4.626857,99.6484375
08:00:18,91282CKR1,TSRYS5802848,D,S,T,2024-05-10,1000000.00,4.627563,99.646484375
08:00:18,91282CKR1,TSRYS5802848,D,S,T,2024-05-10,1000000.00,4.626857,99.6484375
08:00:18,91282CKR1,TSRYS5802848,D,S,T,2024-05-10,1000000.00,4.626857,99.6484375
08:00:18,91282CKR1,TSRYS5802848,D,S,T,2024-05-10,1000000.00,4.626857,99.6484375
08:00:19,91282CKR1,TSRYS5802848,D,S,T,2024-05-10,1000000.00,4.626857,99.6484375
08:00:19,91282CKR1,TSRYS5802848,D,S,T,2024-05-10,4000000.00,4.625444,99.65234375
08:00:19,91282CKR1,TSRYS5802848,D,S,T,2024-05-10,1000000.00,4.627563,99.646484375
08:00:20,91282CKR1,TSRYS5802848,D,S,T,2024-05-10,1000000.00,4.627563,99.646484375
08:00:20,91282CKR1,TSRYS5802848,D,S,D,2024-05-10,1000000.00,4.628976,99.642578125
08:00:20,91282CKR1,TSRYS5802848,D,S,T,2024-05-10,1000000.00,4.626857,99.6484375
08:00:21,91282CKR1,TSRYS5802848,D,S,T,2024-05-10,2000000.00,4.625444,99.65234375
08:00:21,91282CKR1,TSRYS5802848,D,S,D,2024-05-10,1000000.00,4.616971,99.67578125
08:00:21,91282CKR1,TSRYS5802848,D,S,D,2024-05-10,1000000.00,4.617677,99.673828125
08:00:21,91282CKR1,TSRYS5802848,D,S,D,2024-05-10,1000000.00,4.616971,99.67578125
08:00:21,91282CKR1,TSRYS5802848,D,S,D,2024-05-10,1000000.00,4.617677,99.673828125
08:00:21,91282CKR1,TSRYS5802848,D,S,D,2024-05-10,1000000.00,4.617677,99.673828125
08:00:21,91282CKR1,TSRYS5802848,D,S,D,2024-05-10,1000000.00,4.617677,99.673828125
08:00:21,91282CKR1,TSRYS5802848,D,S,D,2024-05-10,1000000.00,4.618383,99.671875
08:00:21,91282CKR1,TSRYS5802848,D,S,D,2024-05-10,1000000.00,4.618383,99.671875
08:00:21,91282CKR1,TSRYS5802848,D,S,D,2024-05-10,1000000.00,4.618383,99.671875
08:00:21,91282CKR1,TSRYS5802848,D,S,D,2024-05-10,1000000.00,4.618383,99.671875
08:00:22,91282CKR1,TSRYS5802848,D,S,D,2024-05-10,1000000.00,4.618383,99.671875
08:00:22,91282CKR1,TSRYS5802848,D,S,D,2024-05-10,1000000.00,4.619795,99.66796875
08:00:22,91282CKR1,TSRYS5802848,D,S,T,2024-05-10,1000000.00,4.625444,99.65234375
08:00:23,91282CKR1,TSRYS5802848,D,S,C,2024-05-10,10000000.00,4.622559,99.66032425
08:00:23,91282CKR1,TSRYS5802848,D,S,T,2024-05-10,1000000.00,4.625444,99.65234375
08:00:23,91282CKR1,TSRYS5802848,D,S,C,2024-05-10,10000000.00,4.621147,99.6642305
08:00:24,91282CKR1,TSRYS5802848,D,S,T,2024-05-10,3000000.00,4.625444,99.65234375
08:00:24,91282CKR1,TSRYS5802848,D,S,T,2024-05-10,1000000.00,4.625444,99.65234375
08:00:24,91282CKR1,TSRYS5802848,D,S,T,2024-05-10,4000000.00,4.625444,99.65234375
08:00:24,91282CKR1,TSRYS5802848,D,S,T,2024-05-10,1000000.00,4.616971,99.67578125
08:00:24,91282CKR1,TSRYS5802848,D,S,T,2024-05-10,2000000.00,4.616971,99.67578125
08:00:24,91282CKR1,TSRYS5802848,D,S,T,2024-05-10,1000000.00,4.616971,99.67578125
08:00:24,91282CKR1,TSRYS5802848,D,S,T,2024-05-10,1000000.00,4.616971,99.67578125
08:00:24,91282CKR1,TSRYS5802848,D,S,T,2024-05-10,1000000.00,4.625444,99.65234375
08:00:25,91282CKR1,TSRYS5802848,D,S,D,2024-05-10,1000000.00,4.62262,99.66015625
08:00:26,91282CKR1,TSRYS5802848,D,S,T,2024-05-10,1000000.00,4.625444,99.65234375
08:00:26,91282CKR1,TSRYS5802848,D,S,T,2024-05-10,1000000.00,4.625444,99.65234375
08:00:26,91282CKR1,TSRYS5802848,D,S,D,2024-05-10,2000000.00,4.621207,99.6640625
08:00:26,91282CKR1,TSRYS5802848,D,S,D,2024-05-10,1000000.00,4.626857,99.6484375
08:00:26,91282CKR1,TSRYS5802848,D,S,D,2024-05-10,1000000.00,4.626857,99.6484375
08:00:26,91282CKR1,TSRYS5802848,D,S,T,2024-05-10,1000000.00,4.624032,99.65625
08:00:27,91282CKR1,TSRYS5802848,D,S,D,2024-05-10,1000000.00,4.626857,99.6484375
08:00:27,91282CKR1,TSRYS5802848,D,S,D,2024-05-10,1000000.00,4.626857,99.6484375
08:00:27,91282CKR1,TSRYS5802848,D,S,D,2024-05-10,1000000.00,4.625444,99.65234375
08:00:27,91282CKR1,TSRYS5802848,D,S,T,2024-05-10,1000000.00,4.627563,99.646484375
08:00:27,91282CKR1,TSRYS5802848,D,S,D,2024-05-10,1000000.00,4.626857,99.6484375
08:00:27,91282CKR1,TSRYS5802848,D,S,D,2024-05-10,1000000.00,4.626857,99.6484375
08:00:27,91282CKR1,TSRYS5802848,D,S,T,2024-05-10,1000000.00,4.623326,99.658203125
08:00:28,91282CKR1,TSRYS5802848,D,S,T,2024-05-10,4000000.00,4.625444,99.65234375
08:00:28,91282CKR1,TSRYS5802848,D,B,A,2024-05-10,5000000.00,4.615559,99.6796875
08:00:28,91282CKR1,TSRYS5802848,D,S,T,2024-05-10,1000000.00,4.626857,99.6484375
08:00:28,91282CKR1,TSRYS5802848,D,B,A,2024-05-10,5000000.00,4.616971,99.67578125
08:00:28,91282CKR1,TSRYS5802848,D,S,D,2024-05-10,1000000.00,4.628976,99.642578125
08:00:28,91282CKR1,TSRYS5802848,D,S,D,2024-05-10,1000000.00,4.626857,99.6484375
08:00:29,91282CKR1,TSRYS5802848,D,S,D,2024-05-10,1000000.00,4.628976,99.642578125
08:00:29,91282CKR1,TSRYS5802848,D,S,T,2024-05-10,2000000.00,4.628976,99.642578125
08:00:29,91282CKR1,TSRYS5802848,D,S,T,2024-05-10,3000000.00,4.625444,99.65234375
08:00:29,91282CKR1,TSRYS5802848,D,S,T,2024-05-10,3000000.00,4.626857,99.6484375
08:00:29,91282CKR1,TSRYS5802848,D,S,T,2024-05-10,1000000.00,4.615559,99.6796875
08:00:29,91282CKR1,TSRYS5802848,D,S,T,2024-05-10,1000000.00,4.615559,99.6796875
08:00:29,91282CKR1,TSRYS5802848,D,S,T,2024-05-10,1000000.00,4.615559,99.6796875
08:00:29,91282CKR1,TSRYS5802848,D,S,D,2024-05-10,1000000.00,4.625444,99.65234375
08:00:29,91282CKR1,TSRYS5802848,D,S,D,2024-05-10,2000000.00,4.628976,99.642578125
08:00:29,91282CKR1,TSRYS5802848,D,S,D,2024-05-10,1000000.00,4.628976,99.642578125
08:00:29,91282CKR1,TSRYS5802848,D,S,D,2024-05-10,1000000.00,4.628976,99.642578125
08:00:29,91282CKR1,TSRYS5802848,D,S,D,2024-05-10,1000000.00,4.628976,99.642578125
08:00:29,91282CKR1,TSRYS5802848,D,S,D,2024-05-10,1000000.00,4.628976,99.642578125
08:00:29,91282CKR1,TSRYS5802848,D,S,D,2024-05-10,1000000.00,4.628976,99.642578125
08:00:30,91282CKR1,TSRYS5802848,D,S,T,2024-05-10,1000000.00,4.625444,99.65234375
08:00:30,91282CKR1,TSRYS5802848,D,S,T,2024-05-10,2000000.00,4.629682,99.640625
08:00:30,91282CKR1,TSRYS5802848,D,S,T,2024-05-10,1000000.00,4.629682,99.640625
08:00:30,91282CKR1,TSRYS5802848,D,S,T,2024-05-10,1000000.00,4.62827,99.64453125
08:00:30,91282CKR1,TSRYS5802848,D,S,T,2024-05-10,1000000.00,4.626151,99.650390625
08:00:30,91282CKR1,TSRYS5802848,D,S,T,2024-05-10,1000000.00,4.626151,99.650390625
08:00:30,91282CKR1,TSRYS5802848,D,S,T,2024-05-10,1000000.00,4.626151,99.650390625
08:00:30,91282CKR1,TSRYS5802848,D,S,T,2024-05-10,1000000.00,4.624738,99.654296875
08:00:30,91282CKR1,TSRYS5802848,D,S,T,2024-05-10,1000000.00,4.624738,99.654296875
08:00:30,91282CKR1,TSRYS5802848,D,S,T,2024-05-10,1000000.00,4.624738,99.654296875
08:00:30,91282CKR1,TSRYS5802848,D,S,T,2024-05-10,1000000.00,4.624032,99.65625
08:00:30,91282CKR1,TSRYS5802848,D,S,T,2024-05-10,1000000.00,4.621207,99.6640625
08:00:30,91282CKR1,TSRYS5802848,D,S,T,2024-05-10,1000000.00,4.621207,99.6640625
08:00:30,91282CKR1,TSRYS5802848,D,S,T,2024-05-10,1000000.00,4.621914,99.662109375
08:00:30,91282CKR1,TSRYS5802848,D,S,T,2024-05-10,1000000.00,4.621207,99.6640625
08:00:30,91282CKR1,TSRYS5802848,D,S,T,2024-05-10,1000000.00,4.619795,99.66796875
08:00:30,91282CKR1,TSRYS5802848,D,S,T,2024-05-10,1000000.00,4.619795,99.66796875
08:00:30,91282CKR1,TSRYS5802848,D,S,T,2024-05-10,1000000.00,4.619795,99.66796875
08:00:30,91282CKR1,TSRYS5802848,D,S,T,2024-05-10,1000000.00,4.616971,99.67578125
08:00:30,91282CKR1,TSRYS5802848,D,S,T,2024-05-10,1000000.00,4.618383,99.671875
08:00:30,91282CKR1,TSRYS5802848,D,S,T,2024-05-10,1000000.00,4.621207,99.6640625
08:00:30,91282CKR1,TSRYS5802848,D,S,T,2024-05-10,1000000.00,4.621207,99.6640625
08:00:30,91282CKR1,TSRYS5802848,D,S,T,2024-05-10,1000000.00,4.62262,99.66015625
08:00:30,91282CKR1,TSRYS5802848,D,S,T,2024-05-10,1000000.00,4.62262,99.66015625
08:00:30,91282CKR1,TSRYS5802848,D,S,T,2024-05-10,1000000.00,4.621207,99.6640625
08:00:30,91282CKR1,TSRYS5802848,D,S,T,2024-05-10,1000000.00,4.62262,99.66015625
08:00:30,91282CKR1,TSRYS5802848,D,S,T,2024-05-10,1000000.00,4.624738,99.654296875
08:00:30,91282CKR1,TSRYS5802848,D,S,T,2024-05-10,1000000.00,4.624738,99.654296875
08:00:30,91282CKR1,TSRYS5802848,D,S,T,2024-05-10,1000000.00,4.624032,99.65625
08:00:30,91282CKR1,TSRYS5802848,D,S,T,2024-05-10,1000000.00,4.624032,99.65625
08:00:30,91282CKR1,TSRYS5802848,D,S,T,2024-05-10,1000000.00,4.626857,99.6484375
08:00:30,91282CKR1,TSRYS5802848,D,S,T,2024-05-10,1000000.00,4.626857,99.6484375
08:00:30,91282CKR1,TSRYS5802848,D,S,T,2024-05-10,1000000.00,4.626857,99.6484375
08:00:30,91282CKR1,TSRYS5802848,D,S,T,2024-05-10,1000000.00,4.626151,99.650390625
08:00:30,91282CKR1,TSRYS5802848,D,S,T,2024-05-10,1000000.00,4.625444,99.65234375
08:00:30,91282CKR1,TSRYS5802848,D,S,T,2024-05-10,1000000.00,4.626857,99.6484375
08:00:30,91282CKR1,TSRYS5802848,D,S,T,2024-05-10,1000000.00,4.625444,99.65234375
08:00:30,91282CKR1,TSRYS5802848,D,S,T,2024-05-10,1000000.00,4.625444,99.65234375
08:00:30,91282CKR1,TSRYS5802848,D,S,T,2024-05-10,1000000.00,4.625444,99.65234375
08:00:30,91282CKR1,TSRYS5802848,D,S,T,2024-05-10,1000000.00,4.62827,99.64453125
08:00:30,91282CKR1,TSRYS5802848,D,S,T,2024-05-10,1000000.00,4.626857,99.6484375
08:00:30,91282CKR1,TSRYS5802848,D,S,T,2024-05-10,3000000.00,4.626857,99.6484375
08:00:30,91282CKR1,TSRYS5802848,D,S,T,2024-05-10,1000000.00,4.626857,99.6484375
08:00:30,91282CKR1,TSRYS5802848,D,S,T,2024-05-10,1000000.00,4.624032,99.65625
08:00:30,91282CKR1,TSRYS5802848,D,S,T,2024-05-10,1000000.00,4.626857,99.6484375
08:00:30,91282CKR1,TSRYS5802848,D,S,T,2024-05-10,2000000.00,4.626857,99.6484375
08:00:30,91282CKR1,TSRYS5802848,D,S,T,2024-05-10,1000000.00,4.623326,99.658203125
08:00:30,91282CKR1,TSRYS5802848,D,S,T,2024-05-10,1000000.00,4.620501,99.666015625
08:00:30,91282CKR1,TSRYS5802848,D,S,T,2024-05-10,2000000.00,4.62262,99.66015625
08:00:30,91282CKR1,TSRYS5802848,D,S,T,2024-05-10,1000000.00,4.62262,99.66015625
08:00:30,91282CKR1,TSRYS5802848,D,S,T,2024-05-10,1000000.00,4.62262,99.66015625
08:00:30,91282CKR1,TSRYS5802848,D,S,T,2024-05-10,1000000.00,4.62262,99.66015625
08:00:30,91282CKR1,TSRYS5802848,D,S,T,2024-05-10,1000000.00,4.62262,99.66015625
08:00:30,91282CKR1,TSRYS5802848,D,S,T,2024-05-10,1000000.00,4.624032,99.65625
08:00:30,91282CKR1,TSRYS5802848,D,S,T,2024-05-10,1000000.00,4.624032,99.65625
08:00:30,91282CKR1,TSRYS5802848,D,S,T,2024-05-10,2000000.00,4.624032,99.65625
08:00:30,91282CKR1,TSRYS5802848,D,S,T,2024-05-10,1000000.00,4.624032,99.65625
08:00:30,91282CKR1,TSRYS5802848,D,S,T,2024-05-10,1000000.00,4.62262,99.66015625
08:00:30,91282CKR1,TSRYS5802848,D,S,T,2024-05-10,1000000.00,4.62262,99.66015625
08:00:30,91282CKR1,TSRYS5802848,D,S,T,2024-05-10,1000000.00,4.624032,99.65625
08:00:30,91282CKR1,TSRYS5802848,D,S,T,2024-05-10,1000000.00,4.625444,99.65234375
08:00:30,91282CKR1,TSRYS5802848,D,S,T,2024-05-10,1000000.00,4.624738,99.654296875
08:00:30,91282CKR1,TSRYS5802848,D,S,T,2024-05-10,1000000.00,4.624032,99.65625
08:00:30,91282CKR1,TSRYS5802848,D,S,T,2024-05-10,1000000.00,4.621207,99.6640625
08:00:30,91282CKR1,TSRYS5802848,D,S,T,2024-05-10,1000000.00,4.621207,99.6640625
08:00:30,91282CKR1,TSRYS5802848,D,S,T,2024-05-10,1000000.00,4.621207,99.6640625
08:00:30,91282CKR1,TSRYS5802848,D,S,T,2024-05-10,2000000.00,4.621914,99.662109375
08:00:30,91282CKR1,TSRYS5802848,D,S,T,2024-05-10,1000000.00,4.618383,99.671875
08:00:30,91282CKR1,TSRYS5802848,D,S,T,2024-05-10,1000000.00,4.616971,99.67578125
08:00:30,91282CKR1,TSRYS5802848,D,S,T,2024-05-10,1000000.00,4.619795,99.66796875
08:00:30,91282CKR1,TSRYS5802848,D,S,T,2024-05-10,1000000.00,4.619795,99.66796875
08:00:30,91282CKR1,TSRYS5802848,D,S,T,2024-05-10,1000000.00,4.619795,99.66796875
08:00:30,91282CKR1,TSRYS5802848,D,S,T,2024-05-10,2000000.00,4.619795,99.66796875
08:00:30,91282CKR1,TSRYS5802848,D,S,T,2024-05-10,1000000.00,4.619795,99.66796875
08:00:30,91282CKR1,TSRYS5802848,D,S,T,2024-05-10,1000000.00,4.619795,99.66796875
08:00:30,91282CKR1,TSRYS5802848,D,S,T,2024-05-10,1000000.00,4.619795,99.66796875
08:00:30,91282CKR1,TSRYS5802848,D,S,T,2024-05-10,1000000.00,4.619795,99.66796875
08:00:30,91282CKR1,TSRYS5802848,D,S,T,2024-05-10,1000000.00,4.619795,99.66796875
08:00:30,91282CKR1,TSRYS5802848,D,S,T,2024-05-10,1000000.00,4.621207,99.6640625
08:00:30,91282CKR1,TSRYS5802848,D,S,T,2024-05-10,1000000.00,4.621914,99.662109375
08:00:30,91282CKR1,TSRYS5802848,D,S,T,2024-05-10,1000000.00,4.62262,99.66015625
08:00:30,91282CKR1,TSRYS5802848,D,S,T,2024-05-10,1000000.00,4.62262,99.66015625
08:00:30,91282CKR1,TSRYS5802848,D,S,T,2024-05-10,1000000.00,4.62262,99.66015625
08:00:30,91282CKR1,TSRYS5802848,D,S,T,2024-05-10,1000000.00,4.624032,99.65625
08:00:30,91282CKR1,TSRYS5802848,D,S,T,2024-05-10,1000000.00,4.624032,99.65625
08:00:30,91282CKR1,TSRYS5802848,D,S,T,2024-05-10,1000000.00,4.624032,99.65625
08:00:30,91282CKR1,TSRYS5802848,D,S,T,2024-05-10,1000000.00,4.624032,99.65625
08:00:30,91282CKR1,TSRYS5802848,D,S,T,2024-05-10,1000000.00,4.624032,99.65625
08:00:30,91282CKR1,TSRYS5802848,D,S,T,2024-05-10,1000000.00,4.624032,99.65625
08:00:30,91282CKR1,TSRYS5802848,D,S,T,2024-05-10,1000000.00,4.624032,99.65625
08:00:30,91282CKR1,TSRYS5802848,D,S,T,2024-05-10,1000000.00,4.624032,99.65625
08:00:30,91282CKR1,TSRYS5802848,D,S,T,2024-05-10,1000000.00,4.62262,99.66015625
08:00:30,91282CKR1,TSRYS5802848,D,S,T,2024-05-10,1000000.00,4.62262,99.66015625
08:00:30,91282CKR1,TSRYS5802848,D,S,T,2024-05-10,1000000.00,4.62262,99.66015625
08:00:30,91282CKR1,TSRYS5802848,D,S,T,2024-05-10,1000000.00,4.62262,99.66015625
08:00:30,91282CKR1,TSRYS5802848,D,S,T,2024-05-10,1000000.00,4.62262,99.66015625
08:00:30,91282CKR1,TSRYS5802848,D,S,T,2024-05-10,1000000.00,4.62262,99.66015625
08:00:30,91282CKR1,TSRYS5802848,D,S,T,2024-05-10,1000000.00,4.621207,99.6640625
08:00:30,91282CKR1,TSRYS5802848,D,S,T,2024-05-10,1000000.00,4.621207,99.6640625
08:00:30,91282CKR1,TSRYS5802848,D,S,T,2024-05-10,1000000.00,4.619795,99.66796875
08:00:30,91282CKR1,TSRYS5802848,D,S,T,2024-05-10,1000000.00,4.616971,99.67578125
08:00:30,91282CKR1,TSRYS5802848,D,S,T,2024-05-10,1000000.00,4.616971,99.67578125
08:00:30,91282CKR1,TSRYS5802848,D,S,T,2024-05-10,2000000.00,4.616265,99.677734375
08:00:30,91282CKR1,TSRYS5802848,D,S,T,2024-05-10,1000000.00,4.615559,99.6796875
08:00:33,91282CKR1,TSRYS5802848,D,S,T,2024-05-10,1000000.00,4.615559,99.6796875
08:00:33,91282CKR1,TSRYS5802848,D,S,T,2024-05-10,1000000.00,4.615559,99.6796875
08:00:33,91282CKR1,TSRYS5802848,D,S,T,2024-05-10,1000000.00,4.615559,99.6796875
08:00:33,91282CKR1,TSRYS5802848,D,S,T,2024-05-10,1000000.00,4.616971,99.67578125
08:00:33,91282CKR1,TSRYS5802848,D,S,T,2024-05-10,1000000.00,4.616971,99.67578125
08:00:33,91282CKR1,TSRYS5802848,D,S,T,2024-05-10,1000000.00,4.616971,99.67578125
08:00:33,91282CKR1,TSRYS5802848,D,S,T,2024-05-10,1000000.00,4.616971,99.67578125
08:00:33,91282CKR1,TSRYS5802848,D,S,T,2024-05-10,1000000.00,4.616971,99.67578125
08:00:33,91282CKR1,TSRYS5802848,D,S,T,2024-05-10,1000000.00,4.616971,99.67578125
08:00:33,91282CKR1,TSRYS5802848,D,S,T,2024-05-10,1000000.00,4.616971,99.67578125
08:00:33,91282CKR1,TSRYS5802848,D,S,T,2024-05-10,1000000.00,4.615559,99.6796875
08:00:33,91282CKR1,TSRYS5802848,D,S,T,2024-05-10,1000000.00,4.615559,99.6796875
08:00:33,91282CKR1,TSRYS5802848,D,S,T,2024-05-10,1000000.00,4.614853,99.681640625
08:00:33,91282CKR1,TSRYS5802848,D,S,T,2024-05-10,2000000.00,4.615559,99.6796875
08:00:33,91282CKR1,TSRYS5802848,D,S,T,2024-05-10,1000000.00,4.615559,99.6796875
08:00:33,91282CKR1,TSRYS5802848,D,S,T,2024-05-10,1000000.00,4.615559,99.6796875
08:00:33,91282CKR1,TSRYS5802848,D,S,T,2024-05-10,1000000.00,4.616971,99.67578125
08:00:33,91282CKR1,TSRYS5802848,D,S,T,2024-05-10,1000000.00,4.616971,99.67578125
08:00:33,91282CKR1,TSRYS5802848,D,S,T,2024-05-10,1000000.00,4.615559,99.6796875
08:00:33,91282CKR1,TSRYS5802848,D,S,D,2024-05-10,1000000.00,4.62827,99.64453125
08:00:33,91282CKR1,TSRYS5802848,D,S,T,2024-05-10,1000000.00,4.615559,99.6796875
08:00:33,91282CKR1,TSRYS5802848,D,S,T,2024-05-10,1000000.00,4.615559,99.6796875
08:00:33,91282CKR1,TSRYS5802848,D,S,T,2024-05-10,2000000.00,4.614853,99.681640625
08:00:33,91282CKR1,TSRYS5802848,D,S,T,2024-05-10,1000000.00,4.615559,99.6796875
08:00:33,91282CKR1,TSRYS5802848,D,S,T,2024-05-10,1000000.00,4.615559,99.6796875
08:00:33,91282CKR1,TSRYS5802848,D,S,T,2024-05-10,2000000.00,4.614853,99.681640625
08:00:33,91282CKR1,TSRYS5802848,D,S,T,2024-05-10,1000000.00,4.616971,99.67578125
08:00:33,91282CKR1,TSRYS5802848,D,S,T,2024-05-10,1000000.00,4.618383,99.671875
08:00:33,91282CKR1,TSRYS5802848,D,S,T,2024-05-10,1000000.00,4.618383,99.671875
08:00:33,91282CKR1,TSRYS5802848,D,S,T,2024-05-10,1000000.00,4.618383,99.671875
08:00:33,91282CKR1,TSRYS5802848,D,S,T,2024-05-10,1000000.00,4.618383,99.671875
08:00:33,91282CKR1,TSRYS5802848,D,S,T,2024-05-10,1000000.00,4.618383,99.671875
08:00:33,91282CKR1,TSRYS5802848,D,S,T,2024-05-10,1000000.00,4.619795,99.66796875
08:00:33,91282CKR1,TSRYS5802848,D,S,T,2024-05-10,1000000.00,4.619795,99.66796875
08:00:33,91282CKR1,TSRYS5802848,D,S,T,2024-05-10,1000000.00,4.619795,99.66796875
08:00:33,91282CKR1,TSRYS5802848,D,S,T,2024-05-10,2000000.00,4.619795,99.66796875
08:00:33,91282CKR1,TSRYS5802848,D,S,T,2024-05-10,1000000.00,4.619795,99.66796875
08:00:33,91282CKR1,TSRYS5802848,D,S,T,2024-05-10,1000000.00,4.619795,99.66796875
08:00:33,91282CKR1,TSRYS5802848,D,S,T,2024-05-10,1000000.00,4.619795,99.66796875
08:00:33,91282CKR1,TSRYS5802848,D,S,T,2024-05-10,1000000.00,4.618383,99.671875
08:00:33,91282CKR1,TSRYS5802848,D,S,T,2024-05-10,1000000.00,4.619795,99.66796875
08:00:33,91282CKR1,TSRYS5802848,D,S,T,2024-05-10,1000000.00,4.621207,99.6640625
08:00:33,91282CKR1,TSRYS5802848,D,S,T,2024-05-10,1000000.00,4.621207,99.6640625
08:00:33,91282CKR1,TSRYS5802848,D,S,T,2024-05-10,1000000.00,4.621207,99.6640625
08:00:33,91282CKR1,TSRYS5802848,D,S,T,2024-05-10,1000000.00,4.621207,99.6640625
08:00:33,91282CKR1,TSRYS5802848,D,S,T,2024-05-10,1000000.00,4.621207,99.6640625
08:00:33,91282CKR1,TSRYS5802848,D,S,T,2024-05-10,3000000.00,4.621207,99.6640625
08:00:33,91282CKR1,TSRYS5802848,D,S,T,2024-05-10,1000000.00,4.621207,99.6640625
08:00:33,91282CKR1,TSRYS5802848,D,S,T,2024-05-10,1000000.00,4.621207,99.6640625
08:00:33,91282CKR1,TSRYS5802848,D,S,T,2024-05-10,1000000.00,4.621207,99.6640625
08:00:33,91282CKR1,TSRYS5802848,D,S,T,2024-05-10,1000000.00,4.619795,99.66796875
08:00:33,91282CKR1,TSRYS5802848,D,S,T,2024-05-10,1000000.00,4.621207,99.6640625
08:00:33,91282CKR1,TSRYS5802848,D,S,T,2024-05-10,1000000.00,4.62262,99.66015625
08:00:33,91282CKR1,TSRYS5802848,D,S,T,2024-05-10,1000000.00,4.62262,99.66015625
08:00:33,91282CKR1,TSRYS5802848,D,S,T,2024-05-10,1000000.00,4.62262,99.66015625
08:00:33,91282CKR1,TSRYS5802848,D,S,T,2024-05-10,1000000.00,4.62262,99.66015625
08:00:33,91282CKR1,TSRYS5802848,D,S,T,2024-05-10,2000000.00,4.621914,99.662109375
08:00:33,91282CKR1,TSRYS5802848,D,S,T,2024-05-10,1000000.00,4.621207,99.6640625
08:00:33,91282CKR1,TSRYS5802848,D,S,T,2024-05-10,1000000.00,4.621207,99.6640625
08:00:33,91282CKR1,TSRYS5802848,D,S,T,2024-05-10,1000000.00,4.619795,99.66796875
08:00:33,91282CKR1,TSRYS5802848,D,S,T,2024-05-10,1000000.00,4.619795,99.66796875
08:00:33,91282CKR1,TSRYS5802848,D,S,T,2024-05-10,1000000.00,4.619795,99.66796875
08:00:33,91282CKR1,TSRYS5802848,D,S,T,2024-05-10,1000000.00,4.619795,99.66796875
08:00:33,91282CKR1,TSRYS5802848,D,S,T,2024-05-10,1000000.00,4.619795,99.66796875
08:00:33,91282CKR1,TSRYS5802848,D,S,T,2024-05-10,2000000.00,4.619795,99.66796875
08:00:33,91282CKR1,TSRYS5802848,D,S,T,2024-05-10,1000000.00,4.620501,99.666015625
08:00:33,91282CKR1,TSRYS5802848,D,S,T,2024-05-10,1000000.00,4.624032,99.65625
08:00:33,91282CKR1,TSRYS5802848,D,S,T,2024-05-10,1000000.00,4.624032,99.65625
08:00:33,91282CKR1,TSRYS5802848,D,S,T,2024-05-10,1000000.00,4.624032,99.65625
08:00:33,91282CKR1,TSRYS5802848,D,S,T,2024-05-10,1000000.00,4.626857,99.6484375
08:00:33,91282CKR1,TSRYS5802848,D,S,T,2024-05-10,1000000.00,4.62827,99.64453125
08:00:33,91282CKR1,TSRYS5802848,D,S,T,2024-05-10,1000000.00,4.62827,99.64453125
08:00:33,91282CKR1,TSRYS5802848,D,S,T,2024-05-10,2000000.00,4.62827,99.64453125
08:00:33,91282CKR1,TSRYS5802848,D,S,T,2024-05-10,3000000.00,4.629682,99.640625
08:00:33,91282CKR1,TSRYS5802848,D,S,T,2024-05-10,1000000.00,4.629682,99.640625
08:00:33,91282CKR1,TSRYS5802848,D,S,T,2024-05-10,1000000.00,4.630388,99.638671875
08:00:33,91282CKR1,TSRYS5802848,D,S,T,2024-05-10,1000000.00,4.631095,99.63671875
08:00:33,91282CKR1,TSRYS5802848,D,S,T,2024-05-10,1000000.00,4.631095,99.63671875
08:00:33,91282CKR1,TSRYS5802848,D,S,T,2024-05-10,1000000.00,4.631095,99.63671875
08:00:33,91282CKR1,TSRYS5802848,D,S,T,2024-05-10,1000000.00,4.630388,99.638671875
08:00:33,91282CKR1,TSRYS5802848,D,S,T,2024-05-10,1000000.00,4.631095,99.63671875
08:00:33,91282CKR1,TSRYS5802848,D,S,T,2024-05-10,1000000.00,4.631095,99.63671875
08:00:33,91282CKR1,TSRYS5802848,D,S,T,2024-05-10,1000000.00,4.631095,99.63671875
08:00:33,91282CKR1,TSRYS5802848,D,S,T,2024-05-10,1000000.00,4.631095,99.63671875
08:00:33,91282CKR1,TSRYS5802848,D,S,T,2024-05-10,1000000.00,4.631095,99.63671875
08:00:33,91282CKR1,TSRYS5802848,D,S,T,2024-05-10,1000000.00,4.631095,99.63671875
08:00:33,91282CKR1,TSRYS5802848,D,S,T,2024-05-10,1000000.00,4.629682,99.640625
08:00:33,91282CKR1,TSRYS5802848,D,S,T,2024-05-10,1000000.00,4.631095,99.63671875
08:00:33,91282CKR1,TSRYS5802848,D,S,T,2024-05-10,1000000.00,4.629682,99.640625
08:00:33,91282CKR1,TSRYS5802848,D,S,T,2024-05-10,1000000.00,4.629682,99.640625
08:00:33,91282CKR1,TSRYS5802848,D,S,T,2024-05-10,2000000.00,4.631095,99.63671875
08:00:33,91282CKR1,TSRYS5802848,D,S,T,2024-05-10,2000000.00,4.631095,99.63671875
08:00:33,91282CKR1,TSRYS5802848,D,S,T,2024-05-10,1000000.00,4.631095,99.63671875
08:00:33,91282CKR1,TSRYS5802848,D,S,T,2024-05-10,2000000.00,4.631095,99.63671875
08:00:33,91282CKR1,TSRYS5802848,D,S,T,2024-05-10,2000000.00,4.631095,99.63671875
08:00:33,91282CKR1,TSRYS5802848,D,S,T,2024-05-10,1000000.00,4.631095,99.63671875
08:00:33,91282CKR1,TSRYS5802848,D,S,T,2024-05-10,4000000.00,4.631095,99.63671875
08:00:33,91282CKR1,TSRYS5802848,D,S,T,2024-05-10,1000000.00,4.631095,99.63671875
08:00:33,91282CKR1,TSRYS5802848,D,S,T,2024-05-10,1000000.00,4.631095,99.63671875
08:00:33,91282CKR1,TSRYS5802848,D,S,T,2024-05-10,1000000.00,4.631095,99.63671875
08:00:33,91282CKR1,TSRYS5802848,D,S,T,2024-05-10,1000000.00,4.631095,99.63671875
08:00:33,91282CKR1,TSRYS5802848,D,S,T,2024-05-10,1000000.00,4.631095,99.63671875
08:00:33,91282CKR1,TSRYS5802848,D,S,T,2024-05-10,1000000.00,4.631095,99.63671875
08:00:33,91282CKR1,TSRYS5802848,D,S,T,2024-05-10,1000000.00,4.631095,99.63671875
08:00:33,91282CKR1,TSRYS5802848,D,S,T,2024-05-10,1000000.00,4.631095,99.63671875
08:00:33,91282CKR1,TSRYS5802848,D,S,T,2024-05-10,1000000.00,4.632508,99.6328125
08:00:33,91282CKR1,TSRYS5802848,D,S,T,2024-05-10,1000000.00,4.632508,99.6328125
08:00:33,91282CKR1,TSRYS5802848,D,S,T,2024-05-10,1000000.00,4.632508,99.6328125
08:00:33,91282CKR1,TSRYS5802848,D,S,T,2024-05-10,1000000.00,4.632508,99.6328125
08:00:33,91282CKR1,TSRYS5802848,D,S,T,2024-05-10,1000000.00,4.635333,99.625
08:00:33,91282CKR1,TSRYS5802848,D,S,T,2024-05-10,1000000.00,4.635333,99.625
08:00:33,91282CKR1,TSRYS5802848,D,S,T,2024-05-10,1000000.00,4.635333,99.625
08:00:33,91282CKR1,TSRYS5802848,D,S,T,2024-05-10,1000000.00,4.638159,99.6171875
08:00:33,91282CKR1,TSRYS5802848,D,S,T,2024-05-10,1000000.00,4.638159,99.6171875
08:00:33,91282CKR1,TSRYS5802848,D,S,T,2024-05-10,1000000.00,4.638159,99.6171875
08:00:33,91282CKR1,TSRYS5802848,D,S,T,2024-05-10,2000000.00,4.638866,99.615234375
08:00:33,91282CKR1,TSRYS5802848,D,S,T,2024-05-10,1000000.00,4.638159,99.6171875
08:00:33,91282CKR1,TSRYS5802848,D,S,T,2024-05-10,1000000.00,4.638159,99.6171875
08:00:33,91282CKR1,TSRYS5802848,D,S,D,2024-05-10,1000000.00,4.617677,99.673828125
08:00:33,91282CKR1,TSRYS5802848,D,S,D,2024-05-10,1000000.00,4.619795,99.66796875
08:00:33,91282CKR1,TSRYS5802848,D,S,D,2024-05-10,1000000.00,4.619795,99.66796875
08:00:33,91282CKR1,TSRYS5802848,D,S,D,2024-05-10,1000000.00,4.619795,99.66796875
08:00:33,91282CKR1,TSRYS5802848,D,S,D,2024-05-10,2000000.00,4.621207,99.6640625
08:00:33,91282CKR1,TSRYS5802848,D,S,D,2024-05-10,1000000.00,4.627563,99.646484375
08:00:33,91282CKR1,TSRYS5802848,D,S,D,2024-05-10,1000000.00,4.626857,99.6484375
08:00:33,91282CKR1,TSRYS5802848,D,S,D,2024-05-10,1000000.00,4.626857,99.6484375
08:00:33,91282CKR1,TSRYS5802848,D,S,D,2024-05-10,1000000.00,4.62827,99.64453125
08:00:33,91282CKR1,TSRYS5802848,D,S,D,2024-05-10,1000000.00,4.626857,99.6484375
08:00:33,91282CKR1,TSRYS5802848,D,S,D,2024-05-10,1000000.00,4.624738,99.654296875
08:00:33,91282CKR1,TSRYS5802848,D,S,D,2024-05-10,1000000.00,4.626857,99.6484375
08:00:33,91282CKR1,TSRYS5802848,D,S,D,2024-05-10,1000000.00,4.627563,99.646484375
08:00:33,91282CKR1,TSRYS5802848,D,S,D,2024-05-10,1000000.00,4.627563,99.646484375
08:00:33,91282CKR1,TSRYS5802848,D,S,D,2024-05-10,1000000.00,4.626857,99.6484375
08:00:33,91282CKR1,TSRYS5802848,D,S,D,2024-05-10,2000000.00,4.626857,99.6484375
08:00:33,91282CKR1,TSRYS5802848,D,S,D,2024-05-10,1000000.00,4.623326,99.658203125
08:00:33,91282CKR1,TSRYS5802848,D,S,D,2024-05-10,1000000.00,4.620501,99.666015625
08:00:33,91282CKR1,TSRYS5802848,D,S,D,2024-05-10,2000000.00,4.621914,99.662109375
08:00:33,91282CKR1,TSRYS5802848,D,S,D,2024-05-10,1000000.00,4.623326,99.658203125
08:00:33,91282CKR1,TSRYS5802848,D,S,D,2024-05-10,1000000.00,4.615559,99.6796875
08:00:33,91282CKR1,TSRYS5802848,D,S,D,2024-05-10,1000000.00,4.615559,99.6796875
08:00:33,91282CKR1,TSRYS5802848,D,S,D,2024-05-10,2000000.00,4.616971,99.67578125
08:00:33,91282CKR1,TSRYS5802848,D,S,D,2024-05-10,2000000.00,4.621207,99.6640625
08:00:33,91282CKR1,TSRYS5802848,D,S,D,2024-05-10,1000000.00,4.623326,99.658203125
08:00:33,91282CKR1,TSRYS5802848,D,S,D,2024-05-10,1000000.00,4.626857,99.6484375
08:00:33,91282CKR1,TSRYS5802848,D,S,D,2024-05-10,1000000.00,4.630388,99.638671875
08:00:33,91282CKR1,TSRYS5802848,D,S,D,2024-05-10,1000000.00,4.625444,99.65234375
08:00:33,91282CKR1,TSRYS5802848,D,S,D,2024-05-10,1000000.00,4.625444,99.65234375
08:00:33,91282CKR1,TSRYS5802848,D,S,D,2024-05-10,1000000.00,4.617677,99.673828125
08:00:33,91282CKR1,TSRYS5802848,D,S,D,2024-05-10,1000000.00,4.617677,99.673828125
08:00:33,91282CKR1,TSRYS5802848,D,S,D,2024-05-10,1000000.00,4.617677,99.673828125
08:00:33,91282CKR1,TSRYS5802848,D,S,D,2024-05-10,1000000.00,4.62262,99.66015625
08:00:33,91282CKR1,TSRYS5802848,D,S,D,2024-05-10,1000000.00,4.625444,99.65234375
08:00:33,91282CKR1,TSRYS5802848,D,S,D,2024-05-10,1000000.00,4.627563,99.646484375
08:00:33,91282CKR1,TSRYS5802848,D,S,D,2024-05-10,1000000.00,4.627563,99.646484375
08:00:33,91282CKR1,TSRYS5802848,D,S,D,2024-05-10,1000000.00,4.627563,99.646484375
08:00:33,91282CKR1,TSRYS5802848,D,S,D,2024-05-10,1000000.00,4.627563,99.646484375
08:00:33,91282CKR1,TSRYS5802848,D,S,D,2024-05-10,1000000.00,4.627563,99.646484375
08:00:33,91282CKR1,TSRYS5802848,D,S,D,2024-05-10,2000000.00,4.627563,99.646484375
08:00:33,91282CKR1,TSRYS5802848,D,S,D,2024-05-10,2000000.00,4.627563,99.646484375
08:00:33,91282CKR1,TSRYS5802848,D,S,D,2024-05-10,1000000.00,4.626857,99.6484375
08:00:33,91282CKR1,TSRYS5802848,D,S,D,2024-05-10,2000000.00,4.626857,99.6484375
08:00:33,91282CKR1,TSRYS5802848,D,S,D,2024-05-10,2000000.00,4.626857,99.6484375
08:00:33,91282CKR1,TSRYS5802848,D,S,T,2024-05-10,1000000.00,4.625444,99.65234375
08:00:33,91282CKR1,TSRYS5802848,D,S,T,2024-05-10,1000000.00,4.624738,99.654296875
08:00:33,91282CKR1,TSRYS5802848,D,S,T,2024-05-10,1000000.00,4.617677,99.673828125
08:00:33,91282CKR1,TSRYS5802848,D,S,T,2024-05-10,1000000.00,4.617677,99.673828125
08:00:33,91282CKR1,TSRYS5802848,D,S,T,2024-05-10,1000000.00,4.617677,99.673828125
08:00:33,91282CKR1,TSRYS5802848,D,S,T,2024-05-10,1000000.00,4.617677,99.673828125
08:00:33,91282CKR1,TSRYS5802848,D,S,T,2024-05-10,1000000.00,4.619795,99.66796875
08:00:33,91282CKR1,TSRYS5802848,D,S,T,2024-05-10,1000000.00,4.619795,99.66796875
08:00:33,91282CKR1,TSRYS5802848,D,S,T,2024-05-10,1000000.00,4.619795,99.66796875
08:00:33,91282CKR1,TSRYS5802848,D,S,T,2024-05-10,1000000.00,4.619795,99.66796875
08:00:33,91282CKR1,TSRYS5802848,D,S,T,2024-05-10,1000000.00,4.627563,99.646484375
08:00:33,91282CKR1,TSRYS5802848,D,S,T,2024-05-10,1000000.00,4.627563,99.646484375
08:00:33,91282CKR1,TSRYS5802848,D,S,T,2024-05-10,1000000.00,4.627563,99.646484375
08:00:33,91282CKR1,TSRYS5802848,D,S,T,2024-05-10,1000000.00,4.625444,99.65234375
08:00:33,91282CKR1,TSRYS5802848,D,S,T,2024-05-10,1000000.00,4.62827,99.64453125
08:00:33,91282CKR1,TSRYS5802848,D,S,D,2024-05-10,1000000.00,4.626857,99.6484375
08:00:33,91282CKR1,TSRYS5802848,D,S,T,2024-05-10,2000000.00,4.627563,99.646484375
08:00:33,91282CKR1,TSRYS5802848,D,S,T,2024-05-10,1000000.00,4.627563,99.646484375
08:00:33,91282CKR1,TSRYS5802848,D,S,T,2024-05-10,1000000.00,4.627563,99.646484375
08:00:33,91282CKR1,TSRYS5802848,D,S,D,2024-05-10,1000000.00,4.626857,99.6484375
08:00:33,91282CKR1,TSRYS5802848,D,S,D,2024-05-10,1000000.00,4.626857,99.6484375
08:00:33,91282CKR1,TSRYS5802848,D,S,T,2024-05-10,1000000.00,4.626857,99.6484375
08:00:33,91282CKR1,TSRYS5802848,D,S,T,2024-05-10,1000000.00,4.626857,99.6484375
08:00:33,91282CKR1,TSRYS5802848,D,S,T,2024-05-10,4000000.00,4.625444,99.65234375
08:00:33,91282CKR1,TSRYS5802848,D,S,T,2024-05-10,1000000.00,4.620501,99.666015625
08:00:33,91282CKR1,TSRYS5802848,D,S,T,2024-05-10,1000000.00,4.620501,99.666015625
08:00:33,91282CKR1,TSRYS5802848,D,S,T,2024-05-10,1000000.00,4.619795,99.66796875
08:00:33,91282CKR1,TSRYS5802848,D,S,T,2024-05-10,1000000.00,4.621207,99.6640625
08:00:33,91282CKR1,TSRYS5802848,D,S,T,2024-05-10,1000000.00,4.615559,99.6796875
08:00:33,91282CKR1,TSRYS5802848,D,S,T,2024-05-10,1000000.00,4.616971,99.67578125
08:00:33,91282CKR1,TSRYS5802848,D,S,T,2024-05-10,2000000.00,4.620501,99.666015625
08:00:33,91282CKR1,TSRYS5802848,D,S,T,2024-05-10,2000000.00,4.626151,99.650390625
08:00:33,91282CKR1,TSRYS5802848,D,S,T,2024-05-10,1000000.00,4.625444,99.65234375
08:00:33,91282CKR1,TSRYS5802848,D,S,T,2024-05-10,1000000.00,4.625444,99.65234375
08:00:33,91282CKR1,TSRYS5802848,D,S,T,2024-05-10,1000000.00,4.625444,99.65234375
08:00:33,91282CKR1,TSRYS5802848,D,S,T,2024-05-10,1000000.00,4.625444,99.65234375
08:00:33,91282CKR1,TSRYS5802848,D,S,T,2024-05-10,1000000.00,4.631095,99.63671875
08:00:33,91282CKR1,TSRYS5802848,D,S,D,2024-05-10,2000000.00,4.626857,99.6484375
08:00:33,91282CKR1,TSRYS5802848,D,S,T,2024-05-10,2000000.00,4.626857,99.6484375
08:00:33,91282CKR1,TSRYS5802848,D,S,T,2024-05-10,1000000.00,4.62827,99.64453125
08:00:33,91282CKR1,TSRYS5802848,D,S,T,2024-05-10,1000000.00,4.628976,99.642578125
08:00:33,91282CKR1,TSRYS5802848,D,S,D,2024-05-10,1000000.00,4.623326,99.658203125
08:00:33,91282CKR1,TSRYS5802848,D,S,T,2024-05-10,1000000.00,4.626857,99.6484375
08:00:33,91282CKR1,TSRYS5802848,D,S,T,2024-05-10,1000000.00,4.624032,99.65625
08:00:33,91282CKR1,TSRYS5802848,D,S,T,2024-05-10,3000000.00,4.626857,99.6484375
08:00:33,91282CKR1,TSRYS5802848,D,S,T,2024-05-10,1000000.00,4.624032,99.65625
08:00:33,91282CKR1,TSRYS5802848,D,S,T,2024-05-10,1000000.00,4.625444,99.65234375
08:00:33,91282CKR1,TSRYS5802848,D,S,T,2024-05-10,1000000.00,4.626857,99.6484375
08:00:33,91282CKR1,TSRYS5802848,D,S,T,2024-05-10,1000000.00,4.626857,99.6484375
08:00:33,91282CKR1,TSRYS5802848,D,S,T,2024-05-10,1000000.00,4.626857,99.6484375
08:00:33,91282CKR1,TSRYS5802848,D,S,T,2024-05-10,1000000.00,4.625444,99.65234375
08:00:33,91282CKR1,TSRYS5802848,D,S,T,2024-05-10,2000000.00,4.625444,99.65234375
08:00:33,91282CKR1,TSRYS5802848,D,S,T,2024-05-10,1000000.00,4.627563,99.646484375
08:00:33,91282CKR1,TSRYS5802848,D,S,T,2024-05-10,2000000.00,4.623326,99.658203125
08:00:33,91282CKR1,TSRYS5802848,D,S,T,2024-05-10,1000000.00,4.625444,99.65234375
08:00:33,91282CKR1,TSRYS5802848,D,S,T,2024-05-10,1000000.00,4.626857,99.6484375
08:00:33,91282CKR1,TSRYS5802848,D,S,D,2024-05-10,1000000.00,4.628976,99.642578125
08:00:33,91282CKR1,TSRYS5802848,D,S,D,2024-05-10,2000000.00,4.621914,99.662109375
08:00:33,91282CKR1,TSRYS5802848,D,S,T,2024-05-10,4000000.00,4.626857,99.6484375
08:00:33,91282CKR1,TSRYS5802848,D,S,T,2024-05-10,1000000.00,4.626857,99.6484375
08:00:33,91282CKR1,TSRYS5802848,D,S,T,2024-05-10,1000000.00,4.626857,99.6484375
08:00:33,91282CKR1,TSRYS5802848,D,S,T,2024-05-10,2000000.00,4.627563,99.646484375
08:00:33,91282CKR1,TSRYS5802848,D,S,T,2024-05-10,1000000.00,4.626857,99.6484375
08:00:33,91282CKR1,TSRYS5802848,D,S,T,2024-05-10,1000000.00,4.625444,99.65234375
08:00:33,91282CKR1,TSRYS5802848,D,S,T,2024-05-10,1000000.00,4.624032,99.65625
08:00:33,91282CKR1,TSRYS5802848,D,S,T,2024-05-10,2000000.00,4.615559,99.6796875
08:00:33,91282CKR1,TSRYS5802848,D,S,T,2024-05-10,3000000.00,4.615559,99.6796875
08:00:33,91282CKR1,TSRYS5802848,D,S,T,2024-05-10,2000000.00,4.615559,99.6796875
08:00:33,91282CKR1,TSRYS5802848,D,S,T,2024-05-10,1000000.00,4.627563,99.646484375
08:00:33,91282CKR1,TSRYS5802848,D,S,D,2024-05-10,2000000.00,4.626857,99.6484375
08:00:33,91282CKR1,TSRYS5802848,D,S,T,2024-05-10,1000000.00,4.627563,99.646484375
08:00:33,91282CKR1,TSRYS5802848,D,S,T,2024-05-10,2000000.00,4.626151,99.650390625
08:00:33,91282CKR1,TSRYS5802848,D,S,T,2024-05-10,1000000.00,4.626151,99.650390625
08:00:33,91282CKR1,TSRYS5802848,D,S,T,2024-05-10,1000000.00,4.624738,99.654296875
08:00:33,91282CKR1,TSRYS5802848,D,S,T,2024-05-10,1000000.00,4.621914,99.662109375
08:00:33,91282CKR1,TSRYS5802848,D,S,T,2024-05-10,1000000.00,4.621914,99.662109375
08:00:33,91282CKR1,TSRYS5802848,D,S,T,2024-05-10,1000000.00,4.626151,99.650390625
08:00:33,91282CKR1,TSRYS5802848,D,S,T,2024-05-10,1000000.00,4.621914,99.662109375
08:00:33,91282CKR1,TSRYS5802848,D,S,T,2024-05-10,1000000.00,4.62262,99.66015625
08:00:33,91282CKR1,TSRYS5802848,D,S,T,2024-05-10,1000000.00,4.62262,99.66015625
08:00:33,91282CKR1,TSRYS5802848,D,S,T,2024-05-10,1000000.00,4.62262,99.66015625
08:00:33,91282CKR1,TSRYS5802848,D,S,T,2024-05-10,1000000.00,4.62262,99.66015625
08:00:33,91282CKR1,TSRYS5802848,D,S,T,2024-05-10,1000000.00,4.621207,99.6640625
08:00:33,91282CKR1,TSRYS5802848,D,S,T,2024-05-10,1000000.00,4.625444,99.65234375
08:00:33,91282CKR1,TSRYS5802848,D,S,D,2024-05-10,1000000.00,4.628976,99.642578125
08:00:33,91282CKR1,TSRYS5802848,D,S,T,2024-05-10,1000000.00,4.618383,99.671875
08:00:33,91282CKR1,TSRYS5802848,D,S,T,2024-05-10,1000000.00,4.616971,99.67578125
08:00:33,91282CKR1,TSRYS5802848,D,S,T,2024-05-10,1000000.00,4.621207,99.6640625
08:00:33,91282CKR1,TSRYS5802848,D,S,T,2024-05-10,4000000.00,4.624032,99.65625
08:00:33,91282CKR1,TSRYS5802848,D,S,T,2024-05-10,1000000.00,4.624032,99.65625
08:00:33,91282CKR1,TSRYS5802848,D,S,T,2024-05-10,1000000.00,4.624032,99.65625
08:00:33,91282CKR1,TSRYS5802848,D,S,T,2024-05-10,1000000.00,4.624032,99.65625
08:00:33,91282CKR1,TSRYS5802848,D,S,T,2024-05-10,1000000.00,4.624032,99.65625
08:00:33,91282CKR1,TSRYS5802848,D,S,A,2024-05-10,500000.00,4.626972,99.6484375
08:00:33,91282CKR1,TSRYS5802848,D,S,T,2024-05-10,1000000.00,4.626857,99.6484375
08:00:33,91282CKR1,TSRYS5802848,D,S,D,2024-05-10,1000000.00,4.626857,99.6484375
08:00:33,91282CKR1,TSRYS5802848,D,S,D,2024-05-10,1000000.00,4.626857,99.6484375
08:00:33,91282CKR1,TSRYS5802848,D,S,T,2024-05-10,1000000.00,4.624032,99.65625
08:00:33,91282CKR1,TSRYS5802848,D,S,T,2024-05-10,1000000.00,4.627563,99.646484375
08:00:33,91282CKR1,TSRYS5802848,D,S,T,2024-05-10,1000000.00,4.62262,99.66015625
08:00:37,91282CKR1,TSRYS5802848,D,S,C,2024-05-10,62000000.00,4.615559,99.6796875
08:00:37,91282CKR1,TSRYS5802848,D,S,T,2024-05-10,1000000.00,4.615559,99.6796875
08:00:37,91282CKR1,TSRYS5802848,D,S,T,2024-05-10,1000000.00,4.615559,99.6796875
08:00:37,91282CKR1,TSRYS5802848,D,S,T,2024-05-10,1000000.00,4.616971,99.67578125
08:00:37,91282CKR1,TSRYS5802848,D,S,A,2024-05-10,10117000.00,4.615559,99.6796875
08:00:37,91282CKR1,TSRYS5802848,D,S,A,2024-05-10,2000000.00,4.615559,99.6796875
08:00:37,91282CKR1,TSRYS5802848,D,S,T,2024-05-10,7000000.00,4.621207,99.6640625
08:00:37,91282CKR1,TSRYS5802848,D,S,A,2024-05-10,10118000.00,4.621207,99.6640625
08:00:37,91282CKR1,TSRYS5802848,D,S,T,2024-05-10,1000000.00,4.621914,99.662109375
08:00:37,91282CKR1,TSRYS5802848,D,S,A,2024-05-10,200000.00,4.615559,99.679688
08:00:37,91282CKR1,TSRYS5802848,D,S,T,2024-05-10,1000000.00,4.619795,99.66796875
08:00:37,91282CKR1,TSRYS5802848,D,B,A,2024-05-10,10118000.00,4.621207,99.6640625
08:00:37,91282CKR1,TSRYS5802848,D,S,T,2024-05-10,1000000.00,4.628976,99.642578125
08:00:37,91282CKR1,TSRYS5802848,D,S,A,2024-05-10,13000000.00,4.616971,99.67578125
08:00:37,91282CKR1,TSRYS5802848,D,S,T,2024-05-10,1000000.00,4.625444,99.65234375
08:00:37,91282CKR1,TSRYS5802848,D,S,T,2024-05-10,1000000.00,4.627563,99.646484375
08:00:37,91282CKR1,TSRYS5802848,D,S,A,2024-05-10,10000000.00,4.615559,99.6796875
08:00:37,91282CKR1,TSRYS5802848,D,B,A,2024-05-10,800000.00,4.616971,99.675781
08:00:37,91282CKR1,TSRYS5802848,D,B,C,2024-05-10,38200000.00,4.639572,99.61328125
08:00:37,91282CKR1,TSRYS5802848,D,S,T,2024-05-10,1000000.00,4.627563,99.646484375
08:00:37,91282CKR1,TSRYS5802848,D,S,T,2024-05-10,1000000.00,4.625444,99.65234375
08:00:37,91282CKR1,TSRYS5802848,D,S,T,2024-05-10,1000000.00,4.625444,99.65234375
08:00:37,91282CKR1,TSRYS5802848,D,S,D,2024-05-10,1000000.00,4.619795,99.66796875
08:00:37,91282CKR1,TSRYS5802848,D,S,T,2024-05-10,3000000.00,4.625444,99.65234375
08:00:37,91282CKR1,TSRYS5802848,D,S,T,2024-05-10,1000000.00,4.626857,99.6484375
08:00:37,91282CKR1,TSRYS5802848,D,S,T,2024-05-10,4000000.00,4.625444,99.65234375
08:00:37,91282CKR1,TSRYS5802848,D,S,D,2024-05-10,1000000.00,4.615559,99.6796875
08:00:37,91282CKR1,TSRYS5802848,D,S,T,2024-05-10,1000000.00,4.626857,99.6484375
08:00:37,91282CKR1,TSRYS5802848,D,S,D,2024-05-10,1000000.00,4.614853,99.681640625
08:00:37,91282CKR1,TSRYS5802848,D,S,T,2024-05-10,1000000.00,4.62262,99.66015625
08:00:37,91282CKR1,TSRYS5802848,D,S,T,2024-05-10,1000000.00,4.626857,99.6484375
08:00:37,91282CKR1,TSRYS5802848,D,S,T,2024-05-10,1000000.00,4.619795,99.66796875
08:00:37,91282CKR1,TSRYS5802848,D,S,T,2024-05-10,1000000.00,4.62262,99.66015625
08:00:37,91282CKR1,TSRYS5802848,D,S,T,2024-05-10,1000000.00,4.627563,99.646484375
08:00:37,91282CKR1,TSRYS5802848,D,S,D,2024-05-10,2000000.00,4.628976,99.642578125
08:00:37,91282CKR1,TSRYS5802848,D,S,D,2024-05-10,1000000.00,4.628976,99.642578125
08:00:37,91282CKR1,TSRYS5802848,D,S,D,2024-05-10,1000000.00,4.628976,99.642578125
08:00:37,91282CKR1,TSRYS5802848,D,S,T,2024-05-10,1000000.00,4.627563,99.646484375
08:00:37,91282CKR1,TSRYS5802848,D,S,T,2024-05-10,1000000.00,4.628976,99.642578125
08:00:37,91282CKR1,TSRYS5802848,D,S,T,2024-05-10,1000000.00,4.625444,99.65234375
08:00:37,91282CKR1,TSRYS5802848,D,S,T,2024-05-10,1000000.00,4.626857,99.6484375
08:00:37,91282CKR1,TSRYS5802848,D,S,T,2024-05-10,1000000.00,4.626857,99.6484375
08:00:37,91282CKR1,TSRYS5802848,D,S,D,2024-05-10,1000000.00,4.615559,99.6796875
08:00:37,91282CKR1,TSRYS5802848,D,S,D,2024-05-10,1000000.00,4.625444,99.65234375
08:00:37,91282CKR1,TSRYS5802848,D,S,T,2024-05-10,1000000.00,4.629682,99.640625
08:00:37,91282CKR1,TSRYS5802848,D,S,T,2024-05-10,3000000.00,4.626857,99.6484375
08:00:37,91282CKR1,TSRYS5802848,D,S,T,2024-05-10,1000000.00,4.626857,99.6484375
08:00:37,91282CKR1,TSRYS5802848,D,S,T,2024-05-10,1000000.00,4.627563,99.646484375
08:00:37,91282CKR1,TSRYS5802848,D,S,T,2024-05-10,1000000.00,4.626857,99.6484375
08:00:37,91282CKR1,TSRYS5802848,D,S,T,2024-05-10,1000000.00,4.626857,99.6484375
08:00:37,91282CKR1,TSRYS5802848,D,S,T,2024-05-10,1000000.00,4.626151,99.650390625
08:00:37,91282CKR1,TSRYS5802848,D,S,T,2024-05-10,1000000.00,4.627563,99.646484375
08:00:37,91282CKR1,TSRYS5802848,D,S,T,2024-05-10,1000000.00,4.627563,99.646484375
08:00:37,91282CKR1,TSRYS5802848,D,S,T,2024-05-10,1000000.00,4.626857,99.6484375
08:00:37,91282CKR1,TSRYS5802848,D,S,T,2024-05-10,1000000.00,4.626857,99.6484375
08:00:37,91282CKR1,TSRYS5802848,D,S,T,2024-05-10,2000000.00,4.627563,99.646484375
08:00:37,91282CKR1,TSRYS5802848,D,S,D,2024-05-10,2000000.00,4.614853,99.681640625
08:00:37,91282CKR1,TSRYS5802848,D,S,D,2024-05-10,2000000.00,4.614853,99.681640625
08:00:37,91282CKR1,TSRYS5802848,D,S,T,2024-05-10,1000000.00,4.626857,99.6484375
08:00:37,91282CKR1,TSRYS5802848,D,S,T,2024-05-10,1000000.00,4.626857,99.6484375
08:00:37,91282CKR1,TSRYS5802848,D,S,D,2024-05-10,2000000.00,4.616971,99.67578125
08:00:37,91282CKR1,TSRYS5802848,D,S,D,2024-05-10,2000000.00,4.621207,99.6640625
08:00:38,91282CKR1,TSRYS5802848,D,S,C,2024-05-10,10000000.00,4.61691,99.67594925
08:00:38,91282CKR1,TSRYS5802848,D,S,T,2024-05-10,2000000.00,4.626857,99.6484375
08:00:38,91282CKR1,TSRYS5802848,D,S,T,2024-05-10,1000000.00,4.627563,99.646484375
08:00:38,91282CKR1,TSRYS5802848,D,S,T,2024-05-10,1000000.00,4.626857,99.6484375
08:00:38,91282CKR1,TSRYS5802848,D,S,T,2024-05-10,1000000.00,4.627563,99.646484375
08:00:39,91282CKR1,TSRYS5802848,D,S,D,2024-05-10,1000000.00,4.623326,99.658203125
08:00:39,91282CKR1,TSRYS5802848,D,B,A,2024-05-10,12000000.00,4.624032,99.65625
08:00:39,91282CKR1,TSRYS5802848,D,S,T,2024-05-10,5000000.00,4.624032,99.65625
08:00:39,91282CKR1,TSRYS5802848,D,S,T,2024-05-10,1000000.00,4.624032,99.65625
08:00:39,91282CKR1,TSRYS5802848,D,S,T,2024-05-10,1000000.00,4.626857,99.6484375
08:00:39,91282CKR1,TSRYS5802848,D,S,T,2024-05-10,1000000.00,4.627563,99.646484375
08:00:39,91282CKR1,TSRYS5802848,D,S,T,2024-05-10,1000000.00,4.627563,99.646484375
08:00:39,91282CKR1,TSRYS5802848,D,S,T,2024-05-10,1000000.00,4.627563,99.646484375
08:00:40,91282CKR1,TSRYS5802848,D,S,T,2024-05-10,1000000.00,4.626857,99.6484375
08:00:41,91282CKR1,TSRYS5802848,D,S,T,2024-05-10,1000000.00,4.626857,99.6484375
08:00:41,91282CKR1,TSRYS5802848,D,S,T,2024-05-10,3000000.00,4.626857,99.6484375
08:00:41,91282CKR1,TSRYS5802848,D,S,D,2024-05-10,1000000.00,4.637453,99.619140625
08:00:41,91282CKR1,TSRYS5802848,D,S,T,2024-05-10,4000000.00,4.626857,99.6484375
08:00:41,91282CKR1,TSRYS5802848,D,S,T,2024-05-10,1000000.00,4.626857,99.6484375
08:00:41,91282CKR1,TSRYS5802848,D,S,T,2024-05-10,2000000.00,4.628976,99.642578125
08:00:41,91282CKR1,TSRYS5802848,D,S,C,2024-05-10,11000000.00,4.615498,99.6798555
08:00:41,91282CKR1,TSRYS5802848,D,S,D,2024-05-10,2000000.00,4.626857,99.6484375
08:00:41,91282CKR1,TSRYS5802848,D,S,T,2024-05-10,2000000.00,4.626857,99.6484375
08:00:41,91282CKR1,TSRYS5802848,D,S,T,2024-05-10,7000000.00,4.626857,99.6484375
08:00:42,91282CKR1,TSRYS5802848,D,S,D,2024-05-10,40000.00,4.626654,99.649
08:00:42,91282CKR1,TSRYS5802848,D,S,T,2024-05-10,1000000.00,4.626857,99.6484375
08:00:42,91282CKR1,TSRYS5802848,D,S,T,2024-05-10,1000000.00,4.627563,99.646484375
08:00:43,91282CKR1,TSRYS5802848,D,S,A,2024-05-10,58600000.00,4.625444,99.652344
08:00:43,91282CKR1,TSRYS5802848,D,B,A,2024-05-10,11000000.00,4.625444,99.652344
08:00:48,91282CKR1,TSRYS5802848,D,S,T,2024-05-10,1000000.00,4.633957,99.62880625
08:00:48,91282CKR1,TSRYS5802848,D,S,D,2024-05-10,1000000.00,4.637453,99.619140625
08:00:55,91282CKR1,TSRYS5802848,D,S,T,2024-05-10,1000000.00,4.629682,99.640625
08:00:56,91282CKR1,TSRYS5802848,D,S,T,2024-05-10,1000000.00,4.626857,99.6484375
08:00:58,91282CKR1,TSRYS5802848,D,S,T,2024-05-10,1000000.00,4.616971,99.67578125
08:00:58,91282CKR1,TSRYS5802848,D,S,T,2024-05-10,1000000.00,4.616971,99.67578125
08:00:58,91282CKR1,TSRYS5802848,D,S,T,2024-05-10,1000000.00,4.626857,99.6484375
08:00:59,91282CKR1,TSRYS5802848,D,S,T,2024-05-10,3000000.00,4.616971,99.67578125
08:00:59,91282CKR1,TSRYS5802848,D,S,T,2024-05-10,3000000.00,4.616971,99.67578125
08:00:59,91282CKR1,TSRYS5802848,D,S,T,2024-05-10,3000000.00,4.616971,99.67578125
08:00:59,91282CKR1,TSRYS5802848,D,S,T,2024-05-10,1000000.00,4.616971,99.67578125
08:00:59,91282CKR1,TSRYS5802848,D,S,T,2024-05-10,1000000.00,4.616971,99.67578125
08:01:00,91282CKR1,TSRYS5802848,D,S,T,2024-05-10,2000000.00,4.616971,99.67578125
08:01:00,91282CKR1,TSRYS5802848,D,S,D,2024-05-10,1000000.00,4.621207,99.6640625
08:01:00,91282CKR1,TSRYS5802848,D,B,C,2024-05-10,1000000.00,4.621207,99.6640625
08:01:02,91282CKR1,TSRYS5802848,D,S,T,2024-05-10,1000000.00,4.626857,99.6484375
08:01:02,91282CKR1,TSRYS5802848,D,S,C,2024-05-10,1000000.00,4.62827,99.64453125
08:01:02,91282CKR1,TSRYS5802848,D,S,C,2024-05-10,1000000.00,4.62827,99.64453125
08:01:02,91282CKR1,TSRYS5802848,D,S,C,2024-05-10,2000000.00,4.62827,99.64453125
08:01:02,91282CKR1,TSRYS5802848,D,S,C,2024-05-10,1000000.00,4.62827,99.64453125
08:01:02,91282CKR1,TSRYS5802848,D,S,C,2024-05-10,2000000.00,4.62827,99.64453125
08:01:02,91282CKR1,TSRYS5802848,D,S,C,2024-05-10,2000000.00,4.625444,99.65234375
08:01:02,91282CKR1,TSRYS5802848,D,S,D,2024-05-10,1000000.00,4.62262,99.66015625
08:01:02,91282CKR1,TSRYS5802848,D,B,C,2024-05-10,1000000.00,4.625444,99.65234375
08:01:03,91282CKR1,TSRYS5802848,D,B,C,2024-05-10,1000000.00,4.62262,99.66015625
08:01:03,91282CKR1,TSRYS5802848,D,S,D,2024-05-10,1000000.00,4.625444,99.65234375
08:01:03,91282CKR1,TSRYS5802848,D,S,C,2024-05-10,1000000.00,4.625444,99.65234375
08:01:03,91282CKR1,TSRYS5802848,D,S,C,2024-05-10,1000000.00,4.616971,99.67578125
08:01:03,91282CKR1,TSRYS5802848,D,S,D,2024-05-10,1000000.00,4.616971,99.67578125
08:01:03,91282CKR1,TSRYS5802848,D,S,D,2024-05-10,1000000.00,4.616971,99.67578125
08:01:03,91282CKR1,TSRYS5802848,D,S,C,2024-05-10,1000000.00,4.617677,99.673828125
08:01:03,91282CKR1,TSRYS5802848,D,S,D,2024-05-10,9000000.00,4.617677,99.673828125
08:01:03,91282CKR1,TSRYS5802848,D,S,C,2024-05-10,1000000.00,4.617677,99.673828125
08:01:03,91282CKR1,TSRYS5802848,D,S,C,2024-05-10,1000000.00,4.617677,99.673828125
08:01:03,91282CKR1,TSRYS5802848,D,S,D,2024-05-10,1000000.00,4.617677,99.673828125
08:01:03,91282CKR1,TSRYS5802848,D,S,D,2024-05-10,1000000.00,4.617677,99.673828125
08:01:03,91282CKR1,TSRYS5802848,D,B,C,2024-05-10,1000000.00,4.617677,99.673828125
08:01:03,91282CKR1,TSRYS5802848,D,S,D,2024-05-10,2000000.00,4.617677,99.673828125
08:01:03,91282CKR1,TSRYS5802848,D,S,D,2024-05-10,1000000.00,4.618383,99.671875
08:01:03,91282CKR1,TSRYS5802848,D,S,D,2024-05-10,1000000.00,4.617677,99.673828125
08:01:03,91282CKR1,TSRYS5802848,D,S,D,2024-05-10,8000000.00,4.617677,99.673828125
08:01:03,91282CKR1,TSRYS5802848,D,S,D,2024-05-10,1000000.00,4.618383,99.671875
08:01:03,91282CKR1,TSRYS5802848,D,S,D,2024-05-10,1000000.00,4.616971,99.67578125
08:01:03,91282CKR1,TSRYS5802848,D,S,D,2024-05-10,1000000.00,4.617677,99.673828125
08:01:03,91282CKR1,TSRYS5802848,D,S,D,2024-05-10,1000000.00,4.617677,99.673828125
08:01:03,91282CKR1,TSRYS5802848,D,S,D,2024-05-10,1000000.00,4.617677,99.673828125
08:01:03,91282CKR1,TSRYS5802848,D,S,D,2024-05-10,1000000.00,4.618383,99.671875
08:01:03,91282CKR1,TSRYS5802848,D,S,D,2024-05-10,1000000.00,4.617677,99.673828125
08:01:03,91282CKR1,TSRYS5802848,D,S,D,2024-05-10,1000000.00,4.618383,99.671875
08:01:03,91282CKR1,TSRYS5802848,D,S,D,2024-05-10,1000000.00,4.618383,99.671875
08:01:03,91282CKR1,TSRYS5802848,D,S,D,2024-05-10,1000000.00,4.617677,99.673828125
08:01:03,91282CKR1,TSRYS5802848,D,S,D,2024-05-10,8000000.00,4.618383,99.671875
08:01:03,91282CKR1,TSRYS5802848,D,S,D,2024-05-10,1000000.00,4.618383,99.671875
08:01:03,91282CKR1,TSRYS5802848,D,S,D,2024-05-10,2000000.00,4.617677,99.673828125
08:01:03,91282CKR1,TSRYS5802848,D,S,D,2024-05-10,1000000.00,4.618383,99.671875
08:01:04,91282CKR1,TSRYS5802848,D,S,D,2024-05-10,1000000.00,4.617677,99.673828125
08:01:04,91282CKR1,TSRYS5802848,D,S,C,2024-05-10,1000000.00,4.618383,99.671875
08:01:04,91282CKR1,TSRYS5802848,D,S,C,2024-05-10,1000000.00,4.618383,99.671875
08:01:04,91282CKR1,TSRYS5802848,D,B,C,2024-05-10,1000000.00,4.617677,99.673828125
08:01:04,91282CKR1,TSRYS5802848,D,S,C,2024-05-10,1000000.00,4.617677,99.673828125
08:01:04,91282CKR1,TSRYS5802848,D,S,C,2024-05-10,1000000.00,4.617677,99.673828125
08:01:04,91282CKR1,TSRYS5802848,D,S,C,2024-05-10,1000000.00,4.617677,99.673828125
08:01:04,91282CKR1,TSRYS5802848,D,B,C,2024-05-10,1000000.00,4.618383,99.671875
08:01:04,91282CKR1,TSRYS5802848,D,B,C,2024-05-10,1000000.00,4.617677,99.673828125
08:01:04,91282CKR1,TSRYS5802848,D,S,C,2024-05-10,1000000.00,4.618383,99.671875
08:01:04,91282CKR1,TSRYS5802848,D,S,D,2024-05-10,1000000.00,4.618383,99.671875
08:01:04,91282CKR1,TSRYS5802848,D,S,C,2024-05-10,1000000.00,4.618383,99.671875
08:01:04,91282CKR1,TSRYS5802848,D,S,D,2024-05-10,1000000.00,4.618383,99.671875
08:01:04,91282CKR1,TSRYS5802848,D,S,C,2024-05-10,1000000.00,4.618383,99.671875
08:01:04,91282CKR1,TSRYS5802848,D,S,C,2024-05-10,1000000.00,4.619795,99.66796875
08:01:04,91282CKR1,TSRYS5802848,D,S,C,2024-05-10,1000000.00,4.618383,99.671875
08:01:04,91282CKR1,TSRYS5802848,D,B,C,2024-05-10,1000000.00,4.619795,99.66796875
08:01:04,91282CKR1,TSRYS5802848,D,B,C,2024-05-10,1000000.00,4.619795,99.66796875
08:01:04,91282CKR1,TSRYS5802848,D,S,D,2024-05-10,1000000.00,4.619795,99.66796875
08:01:04,91282CKR1,TSRYS5802848,D,S,C,2024-05-10,1000000.00,4.619795,99.66796875
08:01:04,91282CKR1,TSRYS5802848,D,S,D,2024-05-10,1000000.00,4.619795,99.66796875
08:01:04,91282CKR1,TSRYS5802848,D,B,C,2024-05-10,2000000.00,4.619795,99.66796875
08:01:04,91282CKR1,TSRYS5802848,D,S,D,2024-05-10,2000000.00,4.619795,99.66796875
08:01:04,91282CKR1,TSRYS5802848,D,B,C,2024-05-10,1000000.00,4.619795,99.66796875
08:01:04,91282CKR1,TSRYS5802848,D,S,C,2024-05-10,1000000.00,4.623326,99.658203125
08:01:04,91282CKR1,TSRYS5802848,D,B,C,2024-05-10,1000000.00,4.623326,99.658203125
08:01:04,91282CKR1,TSRYS5802848,D,S,D,2024-05-10,1000000.00,4.62262,99.66015625
08:01:04,91282CKR1,TSRYS5802848,D,B,C,2024-05-10,1000000.00,4.62262,99.66015625
08:01:04,91282CKR1,TSRYS5802848,D,S,C,2024-05-10,2000000.00,4.621207,99.6640625
08:01:04,91282CKR1,TSRYS5802848,D,S,C,2024-05-10,1000000.00,4.621914,99.662109375
08:01:04,91282CKR1,TSRYS5802848,D,S,C,2024-05-10,3000000.00,4.621914,99.662109375
08:01:04,91282CKR1,TSRYS5802848,D,B,C,2024-05-10,1000000.00,4.621207,99.6640625
08:01:04,91282CKR1,TSRYS5802848,D,S,C,2024-05-10,1000000.00,4.621207,99.6640625
08:01:04,91282CKR1,TSRYS5802848,D,B,C,2024-05-10,3000000.00,4.621914,99.662109375
08:01:04,91282CKR1,TSRYS5802848,D,S,C,2024-05-10,1000000.00,4.621207,99.6640625
08:01:04,91282CKR1,TSRYS5802848,D,S,C,2024-05-10,5000000.00,4.621207,99.6640625
08:01:04,91282CKR1,TSRYS5802848,D,B,C,2024-05-10,2000000.00,4.621914,99.662109375
08:01:04,91282CKR1,TSRYS5802848,D,S,C,2024-05-10,2000000.00,4.621914,99.662109375
08:01:04,91282CKR1,TSRYS5802848,D,S,C,2024-05-10,1000000.00,4.621207,99.6640625
08:01:04,91282CKR1,TSRYS5802848,D,S,C,2024-05-10,1000000.00,4.621207,99.6640625
08:01:05,91282CKR1,TSRYS5802848,D,B,C,2024-05-10,1000000.00,4.621207,99.6640625
08:01:05,91282CKR1,TSRYS5802848,D,B,C,2024-05-10,4000000.00,4.621207,99.6640625
08:01:05,91282CKR1,TSRYS5802848,D,S,C,2024-05-10,1000000.00,4.621207,99.6640625
08:01:05,91282CKR1,TSRYS5802848,D,S,C,2024-05-10,4000000.00,4.621207,99.6640625
08:01:05,91282CKR1,TSRYS5802848,D,S,C,2024-05-10,3000000.00,4.621914,99.662109375
08:01:05,91282CKR1,TSRYS5802848,D,B,C,2024-05-10,3000000.00,4.621914,99.662109375
08:01:05,91282CKR1,TSRYS5802848,D,B,C,2024-05-10,1000000.00,4.625444,99.65234375
08:01:05,91282CKR1,TSRYS5802848,D,S,D,2024-05-10,1000000.00,4.625444,99.65234375
08:01:05,91282CKR1,TSRYS5802848,D,B,C,2024-05-10,1000000.00,4.625444,99.65234375
08:01:05,91282CKR1,TSRYS5802848,D,S,D,2024-05-10,1000000.00,4.625444,99.65234375
08:01:05,91282CKR1,TSRYS5802848,D,B,C,2024-05-10,1000000.00,4.626857,99.6484375
08:01:05,91282CKR1,TSRYS5802848,D,S,D,2024-05-10,1000000.00,4.627563,99.646484375
08:01:05,91282CKR1,TSRYS5802848,D,B,C,2024-05-10,1000000.00,4.627563,99.646484375
08:01:05,91282CKR1,TSRYS5802848,D,B,C,2024-05-10,1000000.00,4.626151,99.650390625
08:01:05,91282CKR1,TSRYS5802848,D,S,C,2024-05-10,1000000.00,4.626151,99.650390625
08:01:05,91282CKR1,TSRYS5802848,D,S,C,2024-05-10,1000000.00,4.626857,99.6484375
08:01:05,91282CKR1,TSRYS5802848,D,S,D,2024-05-10,1000000.00,4.625444,99.65234375
08:01:05,91282CKR1,TSRYS5802848,D,S,D,2024-05-10,1000000.00,4.624032,99.65625
08:01:05,91282CKR1,TSRYS5802848,D,B,C,2024-05-10,1000000.00,4.624032,99.65625
08:01:05,91282CKR1,TSRYS5802848,D,S,D,2024-05-10,1000000.00,4.624738,99.654296875
08:01:05,91282CKR1,TSRYS5802848,D,B,C,2024-05-10,1000000.00,4.624738,99.654296875
08:01:05,91282CKR1,TSRYS5802848,D,S,D,2024-05-10,1000000.00,4.624032,99.65625
08:01:06,91282CKR1,TSRYS5802848,D,S,D,2024-05-10,1000000.00,4.626857,99.6484375
08:01:06,91282CKR1,TSRYS5802848,D,S,D,2024-05-10,1000000.00,4.627563,99.646484375
08:01:06,91282CKR1,TSRYS5802848,D,B,C,2024-05-10,1000000.00,4.627563,99.646484375
08:01:06,91282CKR1,TSRYS5802848,D,S,D,2024-05-10,1000000.00,4.627563,99.646484375
08:01:06,91282CKR1,TSRYS5802848,D,B,C,2024-05-10,1000000.00,4.627563,99.646484375
08:01:06,91282CKR1,TSRYS5802848,D,S,D,2024-05-10,1000000.00,4.626857,99.6484375
08:01:06,91282CKR1,TSRYS5802848,D,S,D,2024-05-10,1000000.00,4.626857,99.6484375
08:01:06,91282CKR1,TSRYS5802848,D,S,D,2024-05-10,1000000.00,4.627563,99.646484375
08:01:06,91282CKR1,TSRYS5802848,D,S,C,2024-05-10,1000000.00,4.626151,99.650390625
08:01:06,91282CKR1,TSRYS5802848,D,B,C,2024-05-10,1000000.00,4.626151,99.650390625
08:01:06,91282CKR1,TSRYS5802848,D,S,D,2024-05-10,1000000.00,4.626857,99.6484375
08:01:06,91282CKR1,TSRYS5802848,D,S,C,2024-05-10,1000000.00,4.626151,99.650390625
08:01:06,91282CKR1,TSRYS5802848,D,B,C,2024-05-10,1000000.00,4.626151,99.650390625
08:01:06,91282CKR1,TSRYS5802848,D,B,C,2024-05-10,1000000.00,4.624032,99.65625
08:01:06,91282CKR1,TSRYS5802848,D,B,C,2024-05-10,2000000.00,4.624738,99.654296875
08:01:06,91282CKR1,TSRYS5802848,D,S,D,2024-05-10,2000000.00,4.624738,99.654296875
08:01:06,91282CKR1,TSRYS5802848,D,S,D,2024-05-10,1000000.00,4.624032,99.65625
08:01:06,91282CKR1,TSRYS5802848,D,S,D,2024-05-10,2000000.00,4.628976,99.642578125
08:01:06,91282CKR1,TSRYS5802848,D,S,D,2024-05-10,1000000.00,4.628976,99.642578125
08:01:06,91282CKR1,TSRYS5802848,D,S,D,2024-05-10,1000000.00,4.628976,99.642578125
08:01:06,91282CKR1,TSRYS5802848,D,S,D,2024-05-10,1000000.00,4.628976,99.642578125
08:01:06,91282CKR1,TSRYS5802848,D,S,D,2024-05-10,1000000.00,4.628976,99.642578125
08:01:06,91282CKR1,TSRYS5802848,D,S,D,2024-05-10,1000000.00,4.62827,99.64453125
08:01:06,91282CKR1,TSRYS5802848,D,B,C,2024-05-10,1000000.00,4.62827,99.64453125
08:01:06,91282CKR1,TSRYS5802848,D,S,D,2024-05-10,1000000.00,4.628976,99.642578125
08:01:07,91282CKR1,TSRYS5802848,D,B,C,2024-05-10,1000000.00,4.626857,99.6484375
08:01:07,91282CKR1,TSRYS5802848,D,S,D,2024-05-10,1000000.00,4.626857,99.6484375
08:01:07,91282CKR1,TSRYS5802848,D,B,C,2024-05-10,1000000.00,4.626857,99.6484375
08:01:07,91282CKR1,TSRYS5802848,D,S,D,2024-05-10,1000000.00,4.626857,99.6484375
08:01:07,91282CKR1,TSRYS5802848,D,B,C,2024-05-10,1000000.00,4.626857,99.6484375
08:01:07,91282CKR1,TSRYS5802848,D,S,D,2024-05-10,1000000.00,4.626857,99.6484375
08:01:07,91282CKR1,TSRYS5802848,D,B,C,2024-05-10,1000000.00,4.626857,99.6484375
08:01:07,91282CKR1,TSRYS5802848,D,S,D,2024-05-10,1000000.00,4.626857,99.6484375
08:01:07,91282CKR1,TSRYS5802848,D,B,C,2024-05-10,1000000.00,4.626857,99.6484375
08:01:07,91282CKR1,TSRYS5802848,D,B,C,2024-05-10,1000000.00,4.626857,99.6484375
08:01:07,91282CKR1,TSRYS5802848,D,S,D,2024-05-10,1000000.00,4.626857,99.6484375
08:01:07,91282CKR1,TSRYS5802848,D,S,D,2024-05-10,1000000.00,4.626857,99.6484375
08:01:07,91282CKR1,TSRYS5802848,D,B,C,2024-05-10,1000000.00,4.626857,99.6484375
08:01:07,91282CKR1,TSRYS5802848,D,S,D,2024-05-10,1000000.00,4.626857,99.6484375
08:01:07,91282CKR1,TSRYS5802848,D,B,C,2024-05-10,1000000.00,4.626857,99.6484375
08:01:07,91282CKR1,TSRYS5802848,D,S,D,2024-05-10,2000000.00,4.626857,99.6484375
08:01:07,91282CKR1,TSRYS5802848,D,S,D,2024-05-10,1000000.00,4.626857,99.6484375
08:01:07,91282CKR1,TSRYS5802848,D,B,C,2024-05-10,2000000.00,4.626857,99.6484375
08:01:07,91282CKR1,TSRYS5802848,D,S,D,2024-05-10,1000000.00,4.626857,99.6484375
08:01:07,91282CKR1,TSRYS5802848,D,S,D,2024-05-10,2000000.00,4.626857,99.6484375
08:01:07,91282CKR1,TSRYS5802848,D,S,D,2024-05-10,8772000.00,4.590154,99.75
08:01:07,91282CKR1,TSRYS5802848,D,S,D,2024-05-10,8772000.00,4.590154,99.75
08:01:07,91282CKR1,TSRYS5802848,D,S,D,2024-05-10,56000.00,4.619795,99.66796875
08:01:07,91282CKR1,TSRYS5802848,D,S,C,2024-05-10,2000000.00,4.621914,99.662109375
08:01:07,91282CKR1,TSRYS5802848,D,S,C,2024-05-10,1000000.00,4.621914,99.662109375
08:01:08,91282CKR1,TSRYS5802848,D,S,C,2024-05-10,1000000.00,4.621914,99.662109375
08:01:08,91282CKR1,TSRYS5802848,D,B,C,2024-05-10,1000000.00,4.621914,99.662109375
08:01:08,91282CKR1,TSRYS5802848,D,B,C,2024-05-10,1000000.00,4.621914,99.662109375
08:01:08,91282CKR1,TSRYS5802848,D,S,D,2024-05-10,1000000.00,4.623326,99.658203125
08:01:08,91282CKR1,TSRYS5802848,D,B,C,2024-05-10,1000000.00,4.623326,99.658203125
08:01:08,91282CKR1,TSRYS5802848,D,B,C,2024-05-10,1000000.00,4.619795,99.66796875
08:01:08,91282CKR1,TSRYS5802848,D,S,C,2024-05-10,1000000.00,4.619795,99.66796875
08:01:08,91282CKR1,TSRYS5802848,D,S,D,2024-05-10,1000000.00,4.619795,99.66796875
08:01:08,91282CKR1,TSRYS5802848,D,B,C,2024-05-10,1000000.00,4.619795,99.66796875
08:01:08,91282CKR1,TSRYS5802848,D,S,D,2024-05-10,1000000.00,4.615559,99.6796875
08:01:08,91282CKR1,TSRYS5802848,D,S,D,2024-05-10,1000000.00,4.628976,99.642578125
08:01:08,91282CKR1,TSRYS5802848,D,B,C,2024-05-10,1000000.00,4.628976,99.642578125
08:01:08,91282CKR1,TSRYS5802848,D,S,D,2024-05-10,1000000.00,4.614853,99.681640625
08:01:08,91282CKR1,TSRYS5802848,D,B,C,2024-05-10,1000000.00,4.614853,99.681640625
08:01:08,91282CKR1,TSRYS5802848,D,S,C,2024-05-10,1000000.00,4.615559,99.6796875
08:01:09,91282CKR1,TSRYS5802848,D,B,C,2024-05-10,1000000.00,4.614853,99.681640625
08:01:09,91282CKR1,TSRYS5802848,D,B,C,2024-05-10,3000000.00,4.614853,99.681640625
08:01:09,91282CKR1,TSRYS5802848,D,S,C,2024-05-10,1000000.00,4.614853,99.681640625
08:01:09,91282CKR1,TSRYS5802848,D,S,C,2024-05-10,3000000.00,4.614853,99.681640625
08:01:09,91282CKR1,TSRYS5802848,D,S,D,2024-05-10,2000000.00,4.614853,99.681640625
08:01:09,91282CKR1,TSRYS5802848,D,B,C,2024-05-10,2000000.00,4.614853,99.681640625
08:01:09,91282CKR1,TSRYS5802848,D,B,C,2024-05-10,2000000.00,4.614853,99.681640625
08:01:09,91282CKR1,TSRYS5802848,D,S,D,2024-05-10,2000000.00,4.614853,99.681640625
08:01:09,91282CKR1,TSRYS5802848,D,S,C,2024-05-10,1000000.00,4.614853,99.681640625
08:01:09,91282CKR1,TSRYS5802848,D,B,C,2024-05-10,1000000.00,4.614853,99.681640625
08:01:09,91282CKR1,TSRYS5802848,D,B,C,2024-05-10,2000000.00,4.614853,99.681640625
08:01:09,91282CKR1,TSRYS5802848,D,S,C,2024-05-10,2000000.00,4.614853,99.681640625
08:01:09,91282CKR1,TSRYS5802848,D,B,C,2024-05-10,1000000.00,4.614853,99.681640625
08:01:09,91282CKR1,TSRYS5802848,D,S,C,2024-05-10,1000000.00,4.614853,99.681640625
08:01:09,91282CKR1,TSRYS5802848,D,S,C,2024-05-10,1000000.00,4.614853,99.681640625
08:01:09,91282CKR1,TSRYS5802848,D,B,C,2024-05-10,1000000.00,4.614853,99.681640625
08:01:09,91282CKR1,TSRYS5802848,D,B,C,2024-05-10,2000000.00,4.614853,99.681640625
08:01:09,91282CKR1,TSRYS5802848,D,S,C,2024-05-10,2000000.00,4.614853,99.681640625
08:01:09,91282CKR1,TSRYS5802848,D,B,C,2024-05-10,3000000.00,4.614853,99.681640625
08:01:09,91282CKR1,TSRYS5802848,D,S,D,2024-05-10,3000000.00,4.614853,99.681640625
08:01:09,91282CKR1,TSRYS5802848,D,S,C,2024-05-10,2000000.00,4.616971,99.67578125
08:01:09,91282CKR1,TSRYS5802848,D,S,C,2024-05-10,1000000.00,4.616971,99.67578125
08:01:09,91282CKR1,TSRYS5802848,D,S,C,2024-05-10,2000000.00,4.621207,99.6640625
08:01:09,91282CKR1,TSRYS5802848,D,S,C,2024-05-10,2000000.00,4.621207,99.6640625
08:01:09,91282CKR1,TSRYS5802848,D,S,C,2024-05-10,1000000.00,4.621207,99.6640625
08:01:09,91282CKR1,TSRYS5802848,D,S,D,2024-05-10,1000000.00,4.616971,99.67578125
08:01:09,91282CKR1,TSRYS5802848,D,S,D,2024-05-10,1000000.00,4.616971,99.67578125
08:01:09,91282CKR1,TSRYS5802848,D,S,D,2024-05-10,9000000.00,4.617677,99.673828125
08:01:09,91282CKR1,TSRYS5802848,D,S,D,2024-05-10,1000000.00,4.617677,99.673828125
08:01:09,91282CKR1,TSRYS5802848,D,S,D,2024-05-10,1000000.00,4.617677,99.673828125
08:01:09,91282CKR1,TSRYS5802848,D,S,D,2024-05-10,1000000.00,4.616971,99.67578125
08:01:09,91282CKR1,TSRYS5802848,D,S,D,2024-05-10,1000000.00,4.617677,99.673828125
08:01:09,91282CKR1,TSRYS5802848,D,S,D,2024-05-10,8000000.00,4.617677,99.673828125
08:01:09,91282CKR1,TSRYS5802848,D,S,D,2024-05-10,1000000.00,4.617677,99.673828125
08:01:09,91282CKR1,TSRYS5802848,D,S,D,2024-05-10,1000000.00,4.617677,99.673828125
08:01:09,91282CKR1,TSRYS5802848,D,S,D,2024-05-10,1000000.00,4.617677,99.673828125
08:01:09,91282CKR1,TSRYS5802848,D,S,D,2024-05-10,2000000.00,4.617677,99.673828125
08:01:09,91282CKR1,TSRYS5802848,D,S,D,2024-05-10,1000000.00,4.617677,99.673828125
08:01:09,91282CKR1,TSRYS5802848,D,S,D,2024-05-10,1000000.00,4.618383,99.671875
08:01:09,91282CKR1,TSRYS5802848,D,S,D,2024-05-10,1000000.00,4.618383,99.671875
08:01:09,91282CKR1,TSRYS5802848,D,S,D,2024-05-10,1000000.00,4.617677,99.673828125
08:01:09,91282CKR1,TSRYS5802848,D,S,D,2024-05-10,1000000.00,4.617677,99.673828125
08:01:09,91282CKR1,TSRYS5802848,D,S,D,2024-05-10,1000000.00,4.617677,99.673828125
08:01:09,91282CKR1,TSRYS5802848,D,S,D,2024-05-10,2000000.00,4.617677,99.673828125
08:01:09,91282CKR1,TSRYS5802848,D,S,D,2024-05-10,1000000.00,4.618383,99.671875
08:01:09,91282CKR1,TSRYS5802848,D,S,D,2024-05-10,1000000.00,4.618383,99.671875
08:01:09,91282CKR1,TSRYS5802848,D,S,D,2024-05-10,1000000.00,4.618383,99.671875
08:01:09,91282CKR1,TSRYS5802848,D,S,D,2024-05-10,8000000.00,4.618383,99.671875
08:01:09,91282CKR1,TSRYS5802848,D,S,D,2024-05-10,1000000.00,4.618383,99.671875
08:01:09,91282CKR1,TSRYS5802848,D,S,D,2024-05-10,1000000.00,4.618383,99.671875
08:01:09,91282CKR1,TSRYS5802848,D,S,D,2024-05-10,5000000.00,4.621914,99.662109375
08:01:09,91282CKR1,TSRYS5802848,D,S,D,2024-05-10,1000000.00,4.618383,99.671875
08:01:09,91282CKR1,TSRYS5802848,D,S,D,2024-05-10,1000000.00,4.618383,99.671875
08:01:09,91282CKR1,TSRYS5802848,D,S,D,2024-05-10,1000000.00,4.618383,99.671875
08:01:09,91282CKR1,TSRYS5802848,D,S,D,2024-05-10,1000000.00,4.618383,99.671875
08:01:09,91282CKR1,TSRYS5802848,D,S,D,2024-05-10,1000000.00,4.618383,99.671875
08:01:09,91282CKR1,TSRYS5802848,D,B,C,2024-05-10,5000000.00,4.621914,99.662109375
08:01:09,91282CKR1,TSRYS5802848,D,S,D,2024-05-10,1000000.00,4.618383,99.671875
08:01:09,91282CKR1,TSRYS5802848,D,S,C,2024-05-10,1000000.00,4.621914,99.662109375
08:01:09,91282CKR1,TSRYS5802848,D,S,C,2024-05-10,1000000.00,4.621914,99.662109375
08:01:09,91282CKR1,TSRYS5802848,D,B,C,2024-05-10,1000000.00,4.621914,99.662109375
08:01:09,91282CKR1,TSRYS5802848,D,B,C,2024-05-10,1000000.00,4.621914,99.662109375
08:01:10,91282CKR1,TSRYS5802848,D,S,C,2024-05-10,4000000.00,4.621914,99.662109375
08:01:10,91282CKR1,TSRYS5802848,D,S,C,2024-05-10,2000000.00,4.621914,99.662109375
08:01:10,91282CKR1,TSRYS5802848,D,S,C,2024-05-10,2000000.00,4.621914,99.662109375
08:01:10,91282CKR1,TSRYS5802848,D,S,C,2024-05-10,1000000.00,4.623326,99.658203125
08:01:10,91282CKR1,TSRYS5802848,D,B,C,2024-05-10,1000000.00,4.626151,99.650390625
08:01:10,91282CKR1,TSRYS5802848,D,S,C,2024-05-10,1000000.00,4.626151,99.650390625
08:01:10,91282CKR1,TSRYS5802848,D,S,T,2024-05-10,1000000.00,4.617007,99.67568125
08:01:10,91282CKR1,TSRYS5802848,D,S,T,2024-05-10,1000000.00,4.617007,99.67568125
08:01:10,91282CKR1,TSRYS5802848,D,S,C,2024-05-10,1000000.00,4.626151,99.650390625
08:01:10,91282CKR1,TSRYS5802848,D,S,T,2024-05-10,1000000.00,4.617007,99.67568125
08:01:10,91282CKR1,TSRYS5802848,D,S,C,2024-05-10,3000000.00,4.626151,99.650390625
08:01:10,91282CKR1,TSRYS5802848,D,S,T,2024-05-10,2000000.00,4.617007,99.67568125
08:01:10,91282CKR1,TSRYS5802848,D,S,T,2024-05-10,2000000.00,4.617713,99.673728125
08:01:10,91282CKR1,TSRYS5802848,D,S,T,2024-05-10,1000000.00,4.617007,99.67568125
08:01:10,91282CKR1,TSRYS5802848,D,S,T,2024-05-10,1000000.00,4.617713,99.673728125
08:01:10,91282CKR1,TSRYS5802848,D,S,T,2024-05-10,1000000.00,4.617713,99.673728125
08:01:10,91282CKR1,TSRYS5802848,D,B,C,2024-05-10,3000000.00,4.626151,99.650390625
08:01:10,91282CKR1,TSRYS5802848,D,S,T,2024-05-10,1000000.00,4.617713,99.673728125
08:01:10,91282CKR1,TSRYS5802848,D,S,T,2024-05-10,1000000.00,4.617713,99.673728125
08:01:10,91282CKR1,TSRYS5802848,D,S,T,2024-05-10,1000000.00,4.617713,99.673728125
08:01:10,91282CKR1,TSRYS5802848,D,S,C,2024-05-10,1000000.00,4.626151,99.650390625
08:01:10,91282CKR1,TSRYS5802848,D,S,T,2024-05-10,2000000.00,4.617713,99.673728125
08:01:10,91282CKR1,TSRYS5802848,D,S,T,2024-05-10,3000000.00,4.617713,99.673728125
08:01:10,91282CKR1,TSRYS5802848,D,B,C,2024-05-10,1000000.00,4.626151,99.650390625
08:01:10,91282CKR1,TSRYS5802848,D,S,T,2024-05-10,1000000.00,4.617713,99.673728125
08:01:10,91282CKR1,TSRYS5802848,D,S,T,2024-05-10,1000000.00,4.617713,99.673728125
08:01:10,91282CKR1,TSRYS5802848,D,S,T,2024-05-10,2000000.00,4.617713,99.673728125
08:01:10,91282CKR1,TSRYS5802848,D,S,T,2024-05-10,1000000.00,4.617713,99.673728125
08:01:10,91282CKR1,TSRYS5802848,D,S,T,2024-05-10,1000000.00,4.617713,99.673728125
08:01:10,91282CKR1,TSRYS5802848,D,S,T,2024-05-10,1000000.00,4.617713,99.673728125
08:01:10,91282CKR1,TSRYS5802848,D,S,D,2024-05-10,1000000.00,4.631801,99.634765625
08:01:10,91282CKR1,TSRYS5802848,D,S,T,2024-05-10,1000000.00,4.617713,99.673728125
08:01:10,91282CKR1,TSRYS5802848,D,S,T,2024-05-10,1000000.00,4.617713,99.673728125
08:01:10,91282CKR1,TSRYS5802848,D,B,C,2024-05-10,1000000.00,4.631801,99.634765625
08:01:10,91282CKR1,TSRYS5802848,D,S,T,2024-05-10,1000000.00,4.617713,99.673728125
08:01:10,91282CKR1,TSRYS5802848,D,S,T,2024-05-10,1000000.00,4.617713,99.673728125
08:01:10,91282CKR1,TSRYS5802848,D,S,T,2024-05-10,1000000.00,4.617713,99.673728125
08:01:10,91282CKR1,TSRYS5802848,D,S,T,2024-05-10,3000000.00,4.617713,99.673728125
08:01:10,91282CKR1,TSRYS5802848,D,S,T,2024-05-10,2000000.00,4.617713,99.673728125
08:01:10,91282CKR1,TSRYS5802848,D,S,T,2024-05-10,2000000.00,4.617713,99.673728125
08:01:10,91282CKR1,TSRYS5802848,D,S,T,2024-05-10,1000000.00,4.618419,99.671775
08:01:10,91282CKR1,TSRYS5802848,D,S,T,2024-05-10,2000000.00,4.618419,99.671775
08:01:10,91282CKR1,TSRYS5802848,D,S,T,2024-05-10,1000000.00,4.618419,99.671775
08:01:10,91282CKR1,TSRYS5802848,D,S,T,2024-05-10,1000000.00,4.617713,99.673728125
08:01:10,91282CKR1,TSRYS5802848,D,S,T,2024-05-10,1000000.00,4.618419,99.671775
08:01:10,91282CKR1,TSRYS5802848,D,S,T,2024-05-10,2000000.00,4.618419,99.671775
08:01:10,91282CKR1,TSRYS5802848,D,S,T,2024-05-10,1000000.00,4.618419,99.671775
08:01:10,91282CKR1,TSRYS5802848,D,S,T,2024-05-10,1000000.00,4.618419,99.671775
08:01:10,91282CKR1,TSRYS5802848,D,S,T,2024-05-10,2000000.00,4.618419,99.671775
08:01:10,91282CKR1,TSRYS5802848,D,S,T,2024-05-10,2000000.00,4.617713,99.673728125
08:01:10,91282CKR1,TSRYS5802848,D,S,T,2024-05-10,1000000.00,4.618419,99.671775
08:01:10,91282CKR1,TSRYS5802848,D,S,T,2024-05-10,1000000.00,4.618419,99.671775
08:01:10,91282CKR1,TSRYS5802848,D,S,T,2024-05-10,1000000.00,4.618419,99.671775
08:01:10,91282CKR1,TSRYS5802848,D,S,T,2024-05-10,1000000.00,4.618419,99.671775
08:01:10,91282CKR1,TSRYS5802848,D,S,T,2024-05-10,2000000.00,4.618419,99.671775
08:01:10,91282CKR1,TSRYS5802848,D,S,T,2024-05-10,1000000.00,4.618419,99.671775
08:01:10,91282CKR1,TSRYS5802848,D,S,T,2024-05-10,1000000.00,4.618419,99.671775
08:01:10,91282CKR1,TSRYS5802848,D,S,T,2024-05-10,1000000.00,4.618419,99.671775
08:01:10,91282CKR1,TSRYS5802848,D,S,T,2024-05-10,1000000.00,4.618419,99.671775
08:01:10,91282CKR1,TSRYS5802848,D,S,T,2024-05-10,1000000.00,4.618419,99.671775
08:01:10,91282CKR1,TSRYS5802848,D,S,T,2024-05-10,2000000.00,4.618419,99.671775
08:01:10,91282CKR1,TSRYS5802848,D,S,T,2024-05-10,1000000.00,4.618419,99.671775
08:01:10,91282CKR1,TSRYS5802848,D,S,D,2024-05-10,1000000.00,4.617677,99.673828125
08:01:10,91282CKR1,TSRYS5802848,D,S,D,2024-05-10,1000000.00,4.617677,99.673828125
08:01:10,91282CKR1,TSRYS5802848,D,S,D,2024-05-10,1000000.00,4.617677,99.673828125
08:01:10,91282CKR1,TSRYS5802848,D,B,A,2024-05-10,2000000.00,4.619795,99.66796875
08:01:10,91282CKR1,TSRYS5802848,D,S,T,2024-05-10,1000000.00,4.628976,99.642578125
08:01:10,91282CKR1,TSRYS5802848,D,S,T,2024-05-10,1000000.00,4.628976,99.642578125
08:01:10,91282CKR1,TSRYS5802848,D,S,T,2024-05-10,1000000.00,4.628976,99.642578125
08:01:10,91282CKR1,TSRYS5802848,D,S,T,2024-05-10,1000000.00,4.628976,99.642578125
08:01:10,91282CKR1,TSRYS5802848,D,S,T,2024-05-10,1000000.00,4.628976,99.642578125
08:01:10,91282CKR1,TSRYS5802848,D,S,T,2024-05-10,1000000.00,4.628976,99.642578125
08:01:10,91282CKR1,TSRYS5802848,D,S,T,2024-05-10,1000000.00,4.628976,99.642578125
08:01:10,91282CKR1,TSRYS5802848,D,S,T,2024-05-10,1000000.00,4.628976,99.642578125
08:01:10,91282CKR1,TSRYS5802848,D,S,T,2024-05-10,1000000.00,4.628976,99.642578125
08:01:10,91282CKR1,TSRYS5802848,D,S,T,2024-05-10,1000000.00,4.628976,99.642578125
08:01:10,91282CKR1,TSRYS5802848,D,S,T,2024-05-10,1000000.00,4.628976,99.642578125
08:01:10,91282CKR1,TSRYS5802848,D,S,T,2024-05-10,2000000.00,4.61774,99.673653125
08:01:10,91282CKR1,TSRYS5802848,D,S,T,2024-05-10,4000000.00,4.61774,99.673653125
08:01:10,91282CKR1,TSRYS5802848,D,S,T,2024-05-10,1000000.00,4.61774,99.673653125
08:01:10,91282CKR1,TSRYS5802848,D,S,T,2024-05-10,1000000.00,4.628976,99.642578125
08:01:10,91282CKR1,TSRYS5802848,D,S,T,2024-05-10,1000000.00,4.618446,99.6717
08:01:10,91282CKR1,TSRYS5802848,D,S,T,2024-05-10,1000000.00,4.618446,99.6717
08:01:10,91282CKR1,TSRYS5802848,D,S,T,2024-05-10,1000000.00,4.618446,99.6717
08:01:10,91282CKR1,TSRYS5802848,D,S,T,2024-05-10,1000000.00,4.628976,99.642578125
08:01:10,91282CKR1,TSRYS5802848,D,S,T,2024-05-10,1000000.00,4.628976,99.642578125
08:01:10,91282CKR1,TSRYS5802848,D,S,T,2024-05-10,1000000.00,4.628976,99.642578125
08:01:10,91282CKR1,TSRYS5802848,D,S,T,2024-05-10,1000000.00,4.628976,99.642578125
08:01:10,91282CKR1,TSRYS5802848,D,S,T,2024-05-10,1000000.00,4.628976,99.642578125
08:01:10,91282CKR1,TSRYS5802848,D,S,T,2024-05-10,1000000.00,4.628976,99.642578125
08:01:11,91282CKR1,TSRYS5802848,D,S,T,2024-05-10,1000000.00,4.618464,99.67165
08:01:11,91282CKR1,TSRYS5802848,D,S,T,2024-05-10,1000000.00,4.628976,99.642578125
08:01:11,91282CKR1,TSRYS5802848,D,S,T,2024-05-10,1000000.00,4.628976,99.642578125
08:01:11,91282CKR1,TSRYS5802848,D,S,T,2024-05-10,1000000.00,4.628976,99.642578125
08:01:11,91282CKR1,TSRYS5802848,D,S,T,2024-05-10,1000000.00,4.628976,99.642578125
08:01:11,91282CKR1,TSRYS5802848,D,S,T,2024-05-10,1000000.00,4.628976,99.642578125
08:01:11,91282CKR1,TSRYS5802848,D,S,T,2024-05-10,1000000.00,4.628976,99.642578125
08:01:11,91282CKR1,TSRYS5802848,D,S,T,2024-05-10,1000000.00,4.628976,99.642578125
08:01:11,91282CKR1,TSRYS5802848,D,S,T,2024-05-10,1000000.00,4.628976,99.642578125
08:01:11,91282CKR1,TSRYS5802848,D,S,T,2024-05-10,1000000.00,4.628976,99.642578125
08:01:11,91282CKR1,TSRYS5802848,D,S,T,2024-05-10,1000000.00,4.628976,99.642578125
08:01:11,91282CKR1,TSRYS5802848,D,B,C,2024-05-10,161000000.00,4.624032,99.65625
08:01:11,91282CKR1,TSRYS5802848,D,B,A,2024-05-10,14000000.00,4.62827,99.64453125
08:01:11,91282CKR1,TSRYS5802848,D,S,T,2024-05-10,1000000.00,4.628976,99.642578125
08:01:11,91282CKR1,TSRYS5802848,D,S,T,2024-05-10,1000000.00,4.626857,99.6484375
08:01:11,91282CKR1,TSRYS5802848,D,S,T,2024-05-10,1000000.00,4.628976,99.642578125
08:01:11,91282CKR1,TSRYS5802848,D,S,T,2024-05-10,1000000.00,4.628976,99.642578125
08:01:11,91282CKR1,TSRYS5802848,D,S,T,2024-05-10,1000000.00,4.617052,99.67555625
08:01:11,91282CKR1,TSRYS5802848,D,S,T,2024-05-10,1000000.00,4.617052,99.67555625
08:01:11,91282CKR1,TSRYS5802848,D,S,T,2024-05-10,1000000.00,4.628976,99.642578125
08:01:11,91282CKR1,TSRYS5802848,D,S,T,2024-05-10,1000000.00,4.618464,99.67165
08:01:11,91282CKR1,TSRYS5802848,D,S,T,2024-05-10,1000000.00,4.618464,99.67165
08:01:11,91282CKR1,TSRYS5802848,D,S,T,2024-05-10,1000000.00,4.628976,99.642578125
08:01:11,91282CKR1,TSRYS5802848,D,S,T,2024-05-10,1000000.00,4.618464,99.67165
08:01:11,91282CKR1,TSRYS5802848,D,S,T,2024-05-10,1000000.00,4.618464,99.67165
08:01:11,91282CKR1,TSRYS5802848,D,S,T,2024-05-10,1000000.00,4.618464,99.67165
08:01:11,91282CKR1,TSRYS5802848,D,S,T,2024-05-10,1000000.00,4.628976,99.642578125
08:01:11,91282CKR1,TSRYS5802848,D,S,T,2024-05-10,1000000.00,4.618464,99.67165
08:01:11,91282CKR1,TSRYS5802848,D,S,T,2024-05-10,1000000.00,4.618464,99.67165
08:01:11,91282CKR1,TSRYS5802848,D,S,T,2024-05-10,1000000.00,4.618464,99.67165
08:01:11,91282CKR1,TSRYS5802848,D,S,T,2024-05-10,1000000.00,4.618464,99.67165
08:01:11,91282CKR1,TSRYS5802848,D,S,T,2024-05-10,1000000.00,4.618464,99.67165
08:01:11,91282CKR1,TSRYS5802848,D,S,T,2024-05-10,1000000.00,4.618464,99.67165
08:01:11,91282CKR1,TSRYS5802848,D,S,T,2024-05-10,1000000.00,4.618464,99.67165
08:01:11,91282CKR1,TSRYS5802848,D,S,T,2024-05-10,1000000.00,4.627563,99.646484375
08:01:11,91282CKR1,TSRYS5802848,D,S,T,2024-05-10,1000000.00,4.618464,99.67165
08:01:11,91282CKR1,TSRYS5802848,D,S,T,2024-05-10,1000000.00,4.618464,99.67165
08:01:11,91282CKR1,TSRYS5802848,D,S,T,2024-05-10,1000000.00,4.627563,99.646484375
08:01:11,91282CKR1,TSRYS5802848,D,S,T,2024-05-10,1000000.00,4.618464,99.67165
08:01:11,91282CKR1,TSRYS5802848,D,S,T,2024-05-10,1000000.00,4.618464,99.67165
08:01:11,91282CKR1,TSRYS5802848,D,S,T,2024-05-10,1000000.00,4.627563,99.646484375
08:01:11,91282CKR1,TSRYS5802848,D,S,C,2024-05-10,14297000.00,4.631095,99.63671875
08:01:11,91282CKR1,TSRYS5802848,D,S,T,2024-05-10,1000000.00,4.618464,99.67165
08:01:11,91282CKR1,TSRYS5802848,D,S,T,2024-05-10,1000000.00,4.627563,99.646484375
08:01:11,91282CKR1,TSRYS5802848,D,S,T,2024-05-10,1000000.00,4.618464,99.67165
08:01:11,91282CKR1,TSRYS5802848,D,S,T,2024-05-10,1000000.00,4.618464,99.67165
08:01:11,91282CKR1,TSRYS5802848,D,S,T,2024-05-10,1000000.00,4.618464,99.67165
08:01:11,91282CKR1,TSRYS5802848,D,S,T,2024-05-10,1000000.00,4.618464,99.67165
08:01:11,91282CKR1,TSRYS5802848,D,S,T,2024-05-10,1000000.00,4.618464,99.67165
08:01:11,91282CKR1,TSRYS5802848,D,S,T,2024-05-10,5000000.00,4.618464,99.67165
08:01:11,91282CKR1,TSRYS5802848,D,S,T,2024-05-10,1000000.00,4.618464,99.67165
08:01:11,91282CKR1,TSRYS5802848,D,S,T,2024-05-10,1000000.00,4.618464,99.67165
08:01:11,91282CKR1,TSRYS5802848,D,S,T,2024-05-10,1000000.00,4.618464,99.67165
08:01:11,91282CKR1,TSRYS5802848,D,S,T,2024-05-10,1000000.00,4.618464,99.67165
08:01:11,91282CKR1,TSRYS5802848,D,S,C,2024-05-10,1000000.00,4.619761,99.6680641
08:01:11,91282CKR1,TSRYS5802848,D,S,D,2024-05-10,18000000.00,4.626676,99.6489375
08:01:11,91282CKR1,TSRYS5802848,D,S,C,2024-05-10,3000000.00,4.615161,99.6807875
08:01:11,91282CKR1,TSRYS5802848,D,S,C,2024-05-10,2350000.00,4.639572,99.61328125
08:01:12,91282CKR1,TSRYS5802848,D,S,T,2024-05-10,2000000.00,4.620501,99.666015625
08:01:13,91282CKR1,TSRYS5802848,D,S,A,2024-05-10,30000000.00,4.638159,99.6171875
08:01:13,91282CKR1,TSRYS5802848,D,B,A,2024-05-10,199200000.00,4.590154,99.75
08:01:14,91282CKR1,TSRYS5802848,D,B,C,2024-05-10,1000000.00,4.627563,99.646484375
08:01:14,91282CKR1,TSRYS5802848,D,S,D,2024-05-10,11000000.00,4.615498,99.6798555
08:01:14,91282CKR1,TSRYS5802848,D,S,C,2024-05-10,1000000.00,4.627563,99.646484375
08:01:14,91282CKR1,TSRYS5802848,D,S,C,2024-05-10,1000000.00,4.626857,99.6484375
08:01:14,91282CKR1,TSRYS5802848,D,S,D,2024-05-10,1000000.00,4.625444,99.65234375
08:01:14,91282CKR1,TSRYS5802848,D,S,D,2024-05-10,1000000.00,4.625444,99.65234375
08:01:15,91282CKR1,TSRYS5802848,D,S,D,2024-05-10,1000000.00,4.621914,99.662109375
08:01:15,91282CKR1,TSRYS5802848,D,S,D,2024-05-10,1000000.00,4.621914,99.662109375
08:01:15,91282CKR1,TSRYS5802848,D,S,D,2024-05-10,1000000.00,4.62262,99.66015625
08:01:15,91282CKR1,TSRYS5802848,D,S,D,2024-05-10,1000000.00,4.62262,99.66015625
08:01:15,91282CKR1,TSRYS5802848,D,S,C,2024-05-10,1000000.00,4.621914,99.662109375
08:01:15,91282CKR1,TSRYS5802848,D,S,D,2024-05-10,1000000.00,4.638866,99.615234375
08:01:16,91282CKR1,TSRYS5802848,D,S,D,2024-05-10,1000000.00,4.617677,99.673828125
08:01:16,91282CKR1,TSRYS5802848,D,S,D,2024-05-10,1000000.00,4.617677,99.673828125
08:01:16,91282CKR1,TSRYS5802848,D,S,D,2024-05-10,1000000.00,4.617677,99.673828125
08:01:16,91282CKR1,TSRYS5802848,D,S,D,2024-05-10,1000000.00,4.617677,99.673828125
08:01:16,91282CKR1,TSRYS5802848,D,S,D,2024-05-10,1000000.00,4.617677,99.673828125
08:01:16,91282CKR1,TSRYS5802848,D,S,D,2024-05-10,1000000.00,4.617677,99.673828125
08:01:17,91282CKR1,TSRYS5802848,D,S,T,2024-05-10,1000000.00,4.626857,99.6484375
08:01:17,91282CKR1,TSRYS5802848,D,S,T,2024-05-10,1000000.00,4.625444,99.65234375
08:01:17,91282CKR1,TSRYS5802848,D,S,D,2024-05-10,1000000.00,4.624032,99.65625
08:01:17,91282CKR1,TSRYS5802848,D,S,T,2024-05-10,1000000.00,4.627563,99.646484375
08:01:17,91282CKR1,TSRYS5802848,D,S,T,2024-05-10,2000000.00,4.627563,99.646484375
08:01:17,91282CKR1,TSRYS5802848,D,S,T,2024-05-10,1000000.00,4.627563,99.646484375
08:01:17,91282CKR1,TSRYS5802848,D,S,T,2024-05-10,2000000.00,4.627563,99.646484375
08:01:17,91282CKR1,TSRYS5802848,D,B,C,2024-05-10,1000000.00,4.63392,99.62890625
08:01:17,91282CKR1,TSRYS5802848,D,S,D,2024-05-10,1000000.00,4.63392,99.62890625
08:01:17,91282CKR1,TSRYS5802848,D,B,C,2024-05-10,1000000.00,4.627563,99.64648437
08:01:18,91282CKR1,TSRYS5802848,D,B,C,2024-05-10,2000000.00,4.627563,99.64648437
08:01:18,91282CKR1,TSRYS5802848,D,S,D,2024-05-10,30000000.00,4.627402,99.64693
08:01:18,91282CKR1,TSRYS5802848,D,S,T,2024-05-10,1000000.00,4.62262,99.66015625
08:01:18,91282CKR1,TSRYS5802848,D,S,T,2024-05-10,2000000.00,4.625444,99.65234375
08:01:18,91282CKR1,TSRYS5802848,D,S,D,2024-05-10,1000000.00,4.637453,99.619140625
08:01:18,91282CKR1,TSRYS5802848,D,B,C,2024-05-10,1000000.00,4.620501,99.666015625
08:01:18,91282CKR1,TSRYS5802848,D,S,C,2024-05-10,1000000.00,4.620501,99.666215625
08:01:18,91282CKR1,TSRYS5802848,D,S,C,2024-05-10,1000000.00,4.620501,99.666215625
08:01:18,91282CKR1,TSRYS5802848,D,S,D,2024-05-10,1000000.00,4.621207,99.6640625
08:01:18,91282CKR1,TSRYS5802848,D,B,C,2024-05-10,1000000.00,4.621207,99.6640625
08:01:18,91282CKR1,TSRYS5802848,D,S,D,2024-05-10,1000000.00,4.624738,99.654296875
08:01:18,91282CKR1,TSRYS5802848,D,S,D,2024-05-10,2000000.00,4.624738,99.654296875
08:01:18,91282CKR1,TSRYS5802848,D,S,C,2024-05-10,2000000.00,4.638866,99.615234375
08:01:18,91282CKR1,TSRYS5802848,D,S,C,2024-05-10,1000000.00,4.638866,99.615234375
08:01:18,91282CKR1,TSRYS5802848,D,B,C,2024-05-10,1000000.00,4.638866,99.615234375
08:01:18,91282CKR1,TSRYS5802848,D,S,D,2024-05-10,1000000.00,4.638866,99.615234375
08:01:18,91282CKR1,TSRYS5802848,D,S,D,2024-05-10,1000000.00,4.637453,99.619140625
08:01:19,91282CKR1,TSRYS5802848,D,S,T,2024-05-10,1000000.00,4.616971,99.67578125
08:01:19,91282CKR1,TSRYS5802848,D,S,T,2024-05-10,1000000.00,4.616971,99.67578125
08:01:19,91282CKR1,TSRYS5802848,D,S,T,2024-05-10,20000000.00,4.616971,99.67578125
08:01:19,91282CKR1,TSRYS5802848,D,S,T,2024-05-10,9000000.00,4.616971,99.67578125
08:01:19,91282CKR1,TSRYS5802848,D,S,T,2024-05-10,1000000.00,4.617677,99.673828125
08:01:19,91282CKR1,TSRYS5802848,D,S,T,2024-05-10,1000000.00,4.617677,99.673828125
08:01:19,91282CKR1,TSRYS5802848,D,S,T,2024-05-10,1000000.00,4.617677,99.673828125
08:01:20,91282CKR1,TSRYS5802848,D,S,T,2024-05-10,1000000.00,4.616971,99.67578125
08:01:20,91282CKR1,TSRYS5802848,D,S,T,2024-05-10,1000000.00,4.617677,99.673828125
08:01:20,91282CKR1,TSRYS5802848,D,S,T,2024-05-10,1000000.00,4.616971,99.67578125
08:01:20,91282CKR1,TSRYS5802848,D,S,T,2024-05-10,1000000.00,4.617677,99.673828125
08:01:20,91282CKR1,TSRYS5802848,D,S,T,2024-05-10,5000000.00,4.617677,99.673828125
08:01:20,91282CKR1,TSRYS5802848,D,S,T,2024-05-10,1000000.00,4.617677,99.673828125
08:01:20,91282CKR1,TSRYS5802848,D,S,T,2024-05-10,1000000.00,4.617677,99.673828125
08:01:20,91282CKR1,TSRYS5802848,D,S,T,2024-05-10,1000000.00,4.617677,99.673828125
08:01:20,91282CKR1,TSRYS5802848,D,S,T,2024-05-10,1000000.00,4.617677,99.673828125
08:01:20,91282CKR1,TSRYS5802848,D,S,T,2024-05-10,3000000.00,4.618383,99.671875
08:01:20,91282CKR1,TSRYS5802848,D,S,T,2024-05-10,1000000.00,4.618383,99.671875
08:01:20,91282CKR1,TSRYS5802848,D,S,T,2024-05-10,1000000.00,4.618383,99.671875
08:01:20,91282CKR1,TSRYS5802848,D,S,T,2024-05-10,1000000.00,4.618383,99.671875
08:01:20,91282CKR1,TSRYS5802848,D,S,T,2024-05-10,1000000.00,4.618383,99.671875
08:01:20,91282CKR1,TSRYS5802848,D,S,T,2024-05-10,1000000.00,4.618383,99.671875
08:01:20,91282CKR1,TSRYS5802848,D,S,T,2024-05-10,1000000.00,4.618383,99.671875
08:01:20,91282CKR1,TSRYS5802848,D,S,T,2024-05-10,1000000.00,4.618383,99.671875
08:01:20,91282CKR1,TSRYS5802848,D,S,T,2024-05-10,1000000.00,4.618383,99.671875
08:01:20,91282CKR1,TSRYS5802848,D,S,T,2024-05-10,1000000.00,4.618383,99.671875
08:01:20,91282CKR1,TSRYS5802848,D,S,T,2024-05-10,1000000.00,4.618383,99.671875
08:01:20,91282CKR1,TSRYS5802848,D,B,C,2024-05-10,1000000.00,4.620501,99.666015625
08:01:20,91282CKR1,TSRYS5802848,D,S,D,2024-05-10,1000000.00,4.620501,99.666015625
08:01:21,91282CKR1,TSRYS5802848,D,S,C,2024-05-10,37000000.00,4.617474,99.67439
08:01:21,91282CKR1,TSRYS5802848,D,S,D,2024-05-10,54000000.00,4.627333,99.64712
08:01:21,91282CKR1,TSRYS5802848,D,S,D,2024-05-10,19000000.00,4.624249,99.65565
08:01:21,91282CKR1,TSRYS5802848,D,S,T,2024-05-10,1000000.00,4.623326,99.658203125
08:01:21,91282CKR1,TSRYS5802848,D,S,T,2024-05-10,1000000.00,4.623326,99.658203125
08:01:21,91282CKR1,TSRYS5802848,D,S,T,2024-05-10,1000000.00,4.623326,99.658203125
08:01:21,91282CKR1,TSRYS5802848,D,S,T,2024-05-10,1000000.00,4.623326,99.658203125
08:01:21,91282CKR1,TSRYS5802848,D,S,T,2024-05-10,1000000.00,4.623326,99.658203125
08:01:21,91282CKR1,TSRYS5802848,D,S,T,2024-05-10,1000000.00,4.623326,99.658203125
08:01:21,91282CKR1,TSRYS5802848,D,S,T,2024-05-10,1000000.00,4.623326,99.658203125
08:01:22,91282CKR1,TSRYS5802848,D,S,T,2024-05-10,1000000.00,4.623326,99.658203125
08:01:22,91282CKR1,TSRYS5802848,D,S,T,2024-05-10,1000000.00,4.623326,99.658203125
08:01:25,91282CKR1,TSRYS5802848,D,S,C,2024-05-10,1000000.00,4.619795,99.66796875
08:01:25,91282CKR1,TSRYS5802848,D,B,C,2024-05-10,1000000.00,4.619795,99.66796875
08:01:26,91282CKR1,TSRYS5802848,D,S,C,2024-05-10,1000000.00,4.619795,99.66796875
08:01:26,91282CKR1,TSRYS5802848,D,B,C,2024-05-10,1000000.00,4.618383,99.671875
08:01:26,91282CKR1,TSRYS5802848,D,S,C,2024-05-10,1000000.00,4.618383,99.671875
08:01:26,91282CKR1,TSRYS5802848,D,S,T,2024-05-10,4000000.00,4.615559,99.6796875
08:01:26,91282CKR1,TSRYS5802848,D,B,A,2024-05-10,87000000.00,4.615559,99.6796875
08:01:26,91282CKR1,TSRYS5802848,D,S,T,2024-05-10,1000000.00,4.615595,99.6795875
08:01:26,91282CKR1,TSRYS5802848,D,S,T,2024-05-10,2000000.00,4.615559,99.6796875
08:01:26,91282CKR1,TSRYS5802848,D,S,T,2024-05-10,4000000.00,4.615559,99.6796875
08:01:26,91282CKR1,TSRYS5802848,D,S,T,2024-05-10,1000000.00,4.615559,99.6796875
08:01:26,91282CKR1,TSRYS5802848,D,S,T,2024-05-10,1000000.00,4.615559,99.6796875
08:01:26,91282CKR1,TSRYS5802848,D,S,T,2024-05-10,1000000.00,4.615559,99.6796875
08:01:26,91282CKR1,TSRYS5802848,D,S,T,2024-05-10,1000000.00,4.615559,99.6796875
08:01:26,91282CKR1,TSRYS5802848,D,S,T,2024-05-10,1000000.00,4.615559,99.6796875
08:01:26,91282CKR1,TSRYS5802848,D,S,T,2024-05-10,1000000.00,4.615559,99.6796875
08:01:26,91282CKR1,TSRYS5802848,D,S,T,2024-05-10,1000000.00,4.615559,99.6796875
08:01:26,91282CKR1,TSRYS5802848,D,S,T,2024-05-10,3000000.00,4.615559,99.6796875
08:01:26,91282CKR1,TSRYS5802848,D,S,T,2024-05-10,1000000.00,4.615595,99.6795875
08:01:26,91282CKR1,TSRYS5802848,D,S,T,2024-05-10,2000000.00,4.615595,99.6795875
08:01:27,91282CKR1,TSRYS5802848,D,S,T,2024-05-10,1000000.00,4.615595,99.6795875
08:01:27,91282CKR1,TSRYS5802848,D,S,T,2024-05-10,1000000.00,4.615559,99.6796875
08:01:27,91282CKR1,TSRYS5802848,D,S,T,2024-05-10,1000000.00,4.615559,99.6796875
08:01:27,91282CKR1,TSRYS5802848,D,S,D,2024-05-10,1000000.00,4.616971,99.67578125
08:01:27,91282CKR1,TSRYS5802848,D,S,D,2024-05-10,1000000.00,4.616971,99.67578125
08:01:27,91282CKR1,TSRYS5802848,D,S,T,2024-05-10,1000000.00,4.615559,99.6796875
08:01:27,91282CKR1,TSRYS5802848,D,S,D,2024-05-10,19000000.00,4.616971,99.67578125
08:01:27,91282CKR1,TSRYS5802848,D,S,D,2024-05-10,1000000.00,4.616971,99.67578125
08:01:27,91282CKR1,TSRYS5802848,D,S,D,2024-05-10,5000000.00,4.616971,99.67578125
08:01:27,91282CKR1,TSRYS5802848,D,S,D,2024-05-10,4000000.00,4.616971,99.67578125
08:01:27,91282CKR1,TSRYS5802848,D,S,C,2024-05-10,1000000.00,4.617677,99.673828125
08:01:27,91282CKR1,TSRYS5802848,D,S,C,2024-05-10,2000000.00,4.617677,99.674028125
08:01:27,91282CKR1,TSRYS5802848,D,S,C,2024-05-10,1000000.00,4.617677,99.673828125
08:01:27,91282CKR1,TSRYS5802848,D,S,C,2024-05-10,1000000.00,4.617677,99.673828125
08:01:27,91282CKR1,TSRYS5802848,D,S,D,2024-05-10,1000000.00,4.616971,99.67578125
08:01:27,91282CKR1,TSRYS5802848,D,S,D,2024-05-10,1000000.00,4.617677,99.673828125
08:01:27,91282CKR1,TSRYS5802848,D,S,D,2024-05-10,1000000.00,4.616971,99.67578125
08:01:27,91282CKR1,TSRYS5802848,D,S,D,2024-05-10,1000000.00,4.617677,99.673828125
08:01:27,91282CKR1,TSRYS5802848,D,S,C,2024-05-10,5000000.00,4.617677,99.673828125
08:01:27,91282CKR1,TSRYS5802848,D,S,C,2024-05-10,1000000.00,4.617677,99.673828125
08:01:27,91282CKR1,TSRYS5802848,D,S,D,2024-05-10,1000000.00,4.617677,99.673828125
08:01:27,91282CKR1,TSRYS5802848,D,S,D,2024-05-10,1000000.00,4.617677,99.673828125
08:01:27,91282CKR1,TSRYS5802848,D,S,C,2024-05-10,4000000.00,4.617677,99.673828125
08:01:27,91282CKR1,TSRYS5802848,D,S,D,2024-05-10,1000000.00,4.617677,99.673828125
08:01:27,91282CKR1,TSRYS5802848,D,S,D,2024-05-10,1000000.00,4.617677,99.673828125
08:01:27,91282CKR1,TSRYS5802848,D,S,D,2024-05-10,1000000.00,4.617677,99.673828125
08:01:27,91282CKR1,TSRYS5802848,D,S,C,2024-05-10,1000000.00,4.618383,99.671875
08:01:27,91282CKR1,TSRYS5802848,D,S,C,2024-05-10,3000000.00,4.618383,99.671875
08:01:27,91282CKR1,TSRYS5802848,D,S,D,2024-05-10,1000000.00,4.618383,99.671875
08:01:27,91282CKR1,TSRYS5802848,D,S,D,2024-05-10,1000000.00,4.618383,99.671875
08:01:27,91282CKR1,TSRYS5802848,D,S,D,2024-05-10,1000000.00,4.618383,99.671875
08:01:28,91282CKR1,TSRYS5802848,D,B,C,2024-05-10,1000000.00,4.617677,99.673828125
08:01:28,91282CKR1,TSRYS5802848,D,S,D,2024-05-10,1000000.00,4.617677,99.673828125
08:01:28,91282CKR1,TSRYS5802848,D,S,D,2024-05-10,1000000.00,4.617677,99.673828125
08:01:28,91282CKR1,TSRYS5802848,D,B,C,2024-05-10,1000000.00,4.617677,99.67382812
08:01:28,91282CKR1,TSRYS5802848,D,S,D,2024-05-10,1000000.00,4.617677,99.673828125
08:01:28,91282CKR1,TSRYS5802848,D,B,C,2024-05-10,1000000.00,4.617677,99.673828125
08:01:28,91282CKR1,TSRYS5802848,D,S,D,2024-05-10,1000000.00,4.617677,99.673828125
08:01:28,91282CKR1,TSRYS5802848,D,B,C,2024-05-10,1000000.00,4.617677,99.67382812
08:01:29,91282CKR1,TSRYS5802848,D,S,C,2024-05-10,1000000.00,4.618383,99.671875
08:01:29,91282CKR1,TSRYS5802848,D,S,C,2024-05-10,1000000.00,4.618383,99.671875
08:01:29,91282CKR1,TSRYS5802848,D,S,D,2024-05-10,1000000.00,4.618383,99.671875
08:01:29,91282CKR1,TSRYS5802848,D,S,D,2024-05-10,1000000.00,4.618383,99.671875
08:01:29,91282CKR1,TSRYS5802848,D,S,D,2024-05-10,1000000.00,4.617677,99.673828125
08:01:29,91282CKR1,TSRYS5802848,D,S,D,2024-05-10,1000000.00,4.618383,99.671875
08:01:29,91282CKR1,TSRYS5802848,D,S,D,2024-05-10,1000000.00,4.618383,99.671875
08:01:29,91282CKR1,TSRYS5802848,D,S,D,2024-05-10,1000000.00,4.618383,99.671875
08:01:29,91282CKR1,TSRYS5802848,D,S,C,2024-05-10,1000000.00,4.618383,99.671875
08:01:29,91282CKR1,TSRYS5802848,D,S,D,2024-05-10,1000000.00,4.618383,99.671875
08:01:29,91282CKR1,TSRYS5802848,D,S,D,2024-05-10,1000000.00,4.619089,99.670096875
08:01:29,91282CKR1,TSRYS5802848,D,B,C,2024-05-10,1000000.00,4.619089,99.669921875
08:01:29,91282CKR1,TSRYS5802848,D,S,C,2024-05-10,1000000.00,4.619089,99.669921875
08:01:29,91282CKR1,TSRYS5802848,D,B,C,2024-05-10,1000000.00,4.619089,99.669921875
08:01:29,91282CKR1,TSRYS5802848,D,B,A,2024-05-10,6200000.00,4.62827,99.64453125
08:01:30,91282CKR1,TSRYS5802848,D,S,D,2024-05-10,1000000.00,4.619795,99.66796875
08:01:30,91282CKR1,TSRYS5802848,D,B,C,2024-05-10,1000000.00,4.619795,99.66796875
08:01:30,91282CKR1,TSRYS5802848,D,S,C,2024-05-10,1000000.00,4.620501,99.666015625
08:01:30,91282CKR1,TSRYS5802848,D,B,C,2024-05-10,1000000.00,4.620501,99.665815625
08:01:30,91282CKR1,TSRYS5802848,D,S,D,2024-05-10,1000000.00,4.619795,99.66796875
08:01:30,91282CKR1,TSRYS5802848,D,S,D,2024-05-10,1000000.00,4.619795,99.66796875
08:01:30,91282CKR1,TSRYS5802848,D,S,D,2024-05-10,1000000.00,4.619795,99.66796875
08:01:30,91282CKR1,TSRYS5802848,D,S,D,2024-05-10,1000000.00,4.619795,99.66796875
08:01:30,91282CKR1,TSRYS5802848,D,B,C,2024-05-10,1000000.00,4.619795,99.66796875
08:01:30,91282CKR1,TSRYS5802848,D,S,D,2024-05-10,1000000.00,4.619795,99.66796875
08:01:31,91282CKR1,TSRYS5802848,D,S,D,2024-05-10,1000000.00,4.638159,99.6171875
08:01:32,91282CKR1,TSRYS5802848,D,B,C,2024-05-10,1000000.00,4.62262,99.66015625
08:01:33,91282CKR1,TSRYS5802848,D,B,C,2024-05-10,1000000.00,4.621914,99.66210937
08:01:33,91282CKR1,TSRYS5802848,D,S,D,2024-05-10,1000000.00,4.621207,99.6640625
08:01:33,91282CKR1,TSRYS5802848,D,B,C,2024-05-10,1000000.00,4.625444,99.65234375
08:01:34,91282CKR1,TSRYS5802848,D,B,C,2024-05-10,1000000.00,4.625444,99.65234375
08:01:34,91282CKR1,TSRYS5802848,D,S,T,2024-05-10,1000000.00,4.621207,99.6640625
08:01:34,91282CKR1,TSRYS5802848,D,B,C,2024-05-10,1000000.00,4.619795,99.66796875
08:01:35,91282CKR1,TSRYS5802848,D,B,A,2024-05-10,6000000.00,4.628623,99.643554688
08:01:35,91282CKR1,TSRYS5802848,D,B,C,2024-05-10,1000000.00,4.627563,99.64648437
08:01:35,91282CKR1,TSRYS5802848,D,B,A,2024-05-10,39000000.00,4.590154,99.75
08:01:35,91282CKR1,TSRYS5802848,D,B,C,2024-05-10,1000000.00,4.627563,99.64648437
08:01:35,91282CKR1,TSRYS5802848,D,B,C,2024-05-10,1000000.00,4.627563,99.64648437
08:01:36,91282CKR1,TSRYS5802848,D,B,C,2024-05-10,2000000.00,4.627563,99.64648437
08:01:36,91282CKR1,TSRYS5802848,D,B,C,2024-05-10,1000000.00,4.617677,99.67382812
08:01:36,91282CKR1,TSRYS5802848,D,B,C,2024-05-10,1000000.00,4.625444,99.65234375
08:01:37,91282CKR1,TSRYS5802848,D,S,C,2024-05-10,1000000.00,4.624032,99.65625
08:01:37,91282CKR1,TSRYS5802848,D,S,C,2024-05-10,1000000.00,4.624738,99.654296875
08:01:37,91282CKR1,TSRYS5802848,D,S,C,2024-05-10,1000000.00,4.624738,99.654296875
08:01:38,91282CKR1,TSRYS5802848,D,S,D,2024-05-10,1000000.00,4.626151,99.650390625
08:01:38,91282CKR1,TSRYS5802848,D,B,C,2024-05-10,1000000.00,4.626151,99.650390625
08:01:38,91282CKR1,TSRYS5802848,D,S,C,2024-05-10,1000000.00,4.624032,99.65625
08:01:39,91282CKR1,TSRYS5802848,D,S,D,2024-05-10,2000000.00,4.638159,99.6171875
08:01:39,91282CKR1,TSRYS5802848,D,S,D,2024-05-10,1000000.00,4.626857,99.6484375
08:01:39,91282CKR1,TSRYS5802848,D,S,C,2024-05-10,1000000.00,4.627563,99.646484375
08:01:39,91282CKR1,TSRYS5802848,D,S,D,2024-05-10,1000000.00,4.627563,99.646484375
08:01:39,91282CKR1,TSRYS5802848,D,S,D,2024-05-10,2000000.00,4.626857,99.6484375
08:01:39,91282CKR1,TSRYS5802848,D,S,C,2024-05-10,1000000.00,4.626857,99.6484375
08:01:40,91282CKR1,TSRYS5802848,D,S,D,2024-05-10,1000000.00,4.626857,99.6484375
08:01:40,91282CKR1,TSRYS5802848,D,S,C,2024-05-10,1000000.00,4.627563,99.646484375
08:01:40,91282CKR1,TSRYS5802848,D,S,C,2024-05-10,1000000.00,4.627563,99.646484375
08:01:40,91282CKR1,TSRYS5802848,D,S,C,2024-05-10,2000000.00,4.627563,99.646484375
08:01:40,91282CKR1,TSRYS5802848,D,S,D,2024-05-10,1000000.00,4.627563,99.646484375
08:01:40,91282CKR1,TSRYS5802848,D,S,D,2024-05-10,1000000.00,4.627563,99.646484375
08:01:41,91282CKR1,TSRYS5802848,D,B,C,2024-05-10,3000000.00,4.627563,99.646484375
08:01:41,91282CKR1,TSRYS5802848,D,S,D,2024-05-10,3000000.00,4.627563,99.646484375
08:01:41,91282CKR1,TSRYS5802848,D,S,D,2024-05-10,1000000.00,4.627563,99.646484375
08:01:41,91282CKR1,TSRYS5802848,D,B,C,2024-05-10,3000000.00,4.627563,99.646484375
08:01:41,91282CKR1,TSRYS5802848,D,S,D,2024-05-10,3000000.00,4.627563,99.646484375
08:01:41,91282CKR1,TSRYS5802848,D,S,D,2024-05-10,1000000.00,4.638866,99.615234375
08:01:41,91282CKR1,TSRYS5802848,D,S,D,2024-05-10,1000000.00,4.626857,99.6484375
08:01:41,91282CKR1,TSRYS5802848,D,S,D,2024-05-10,1000000.00,4.626857,99.6484375
