tradeTime,cusip,issueSymbolIdentifier,priceType,reportingSideCode,contraPartyTypeCode,tradeDate,reportedTradeVolume,lastSaleYield,lastSalePrice
08:00:16,91282CKE0,TSRYS5765705,D,S,D,2024-04-02,1000000.00,4.5087,99.291015625
08:00:16,91282CKE0,TSRYS5765705,D,S,D,2024-04-02,1000000.00,4.5087,99.291015625
08:00:16,91282CKE0,TSRYS5765705,D,S,T,2024-04-02,1000000.00,4.495064,99.328125
08:00:16,91282CKE0,TSRYS5765705,D,S,T,2024-04-02,16000000.00,4.524496,99.248046875
08:00:16,91282CKE0,TSRYS5765705,D,S,D,2024-04-02,16000000.00,4.524496,99.248046875
08:00:16,91282CKE0,TSRYS5765705,D,S,T,2024-04-02,1000000.00,4.53096,99.23046875
08:00:16,91282CKE0,TSRYS5765705,D,S,T,2024-04-02,3000000.00,4.53096,99.23046875
08:00:16,91282CKE0,TSRYS5765705,D,B,A,2024-04-02,230000.00,4.497934,99.320313
08:00:16,91282CKE0,TSRYS5765705,D,S,A,2024-04-02,5200000.00,4.495064,99.328125
08:00:16,91282CKE0,TSRYS5765705,D,S,D,2024-04-02,3200000.00,4.532397,99.2265625
08:00:16,91282CKE0,TSRYS5765705,D,S,A,2024-04-02,15000000.00,4.493629,99.332031
08:00:16,91282CKE0,TSRYS5765705,D,S,D,2024-04-02,1650000.00,4.536708,99.21484375
08:00:16,91282CKE0,TSRYS5765705,D,S,D,2024-04-02,10325000.00,4.529524,99.234375
08:00:16,91282CKE0,TSRYS5765705,D,S,C,2024-04-02,20000.00,4.515161,99.273438
08:00:16,91282CKE0,TSRYS5765705,D,S,T,2024-04-02,4000000.00,4.538145,99.2109375
08:00:16,91282CKE0,TSRYS5765705,D,S,T,2024-04-02,4000000.00,4.538145,99.2109375
08:00:23,91282CKE0,TSRYS5765705,D,S,T,2024-04-02,1000000.00,4.509417,99.2890625
08:00:23,91282CKE0,TSRYS5765705,D,S,T,2024-04-02,1000000.00,4.499369,99.31640625
08:00:23,91282CKE0,TSRYS5765705,D,S,T,2024-04-02,1000000.00,4.503675,99.3046875
08:00:23,91282CKE0,TSRYS5765705,D,S,T,2024-04-02,1000000.00,4.516597,99.26953125
08:00:23,91282CKE0,TSRYS5765705,D,S,T,2024-04-02,1000000.00,4.523778,99.25
08:00:23,91282CKE0,TSRYS5765705,D,S,T,2024-04-02,1000000.00,4.501522,99.310546875
08:00:23,91282CKE0,TSRYS5765705,D,S,D,2024-04-02,1000000.00,4.501522,99.310546875
08:00:23,91282CKE0,TSRYS5765705,D,S,D,2024-04-02,1000000.00,4.500805,99.3125
08:00:23,91282CKE0,TSRYS5765705,D,S,T,2024-04-02,1000000.00,4.500805,99.3125
08:00:23,91282CKE0,TSRYS5765705,D,S,T,2024-04-02,1000000.00,4.500805,99.3125
08:00:23,91282CKE0,TSRYS5765705,D,S,D,2024-04-02,1000000.00,4.500805,99.3125
08:00:23,91282CKE0,TSRYS5765705,D,S,T,2024-04-02,1000000.00,4.501522,99.310546875
08:00:23,91282CKE0,TSRYS5765705,D,S,D,2024-04-02,1000000.00,4.500805,99.3125
08:00:23,91282CKE0,TSRYS5765705,D,S,T,2024-04-02,1000000.00,4.497934,99.3203125
08:00:23,91282CKE0,TSRYS5765705,D,S,D,2024-04-02,1000000.00,4.497934,99.3203125
08:00:23,91282CKE0,TSRYS5765705,D,S,D,2024-04-02,1000000.00,4.504393,99.302734375
08:00:23,91282CKE0,TSRYS5765705,D,S,T,2024-04-02,1000000.00,4.507982,99.29296875
08:00:23,91282CKE0,TSRYS5765705,D,S,T,2024-04-02,1000000.00,4.509417,99.2890625
08:00:23,91282CKE0,TSRYS5765705,D,S,T,2024-04-02,1000000.00,4.506546,99.296875
08:00:23,91282CKE0,TSRYS5765705,D,S,D,2024-04-02,1000000.00,4.510853,99.28515625
08:00:23,91282CKE0,TSRYS5765705,D,S,T,2024-04-02,1000000.00,4.5087,99.291015625
08:00:23,91282CKE0,TSRYS5765705,D,S,T,2024-04-02,1000000.00,4.5087,99.291015625
08:00:23,91282CKE0,TSRYS5765705,D,S,T,2024-04-02,1000000.00,4.5087,99.291015625
08:00:23,91282CKE0,TSRYS5765705,D,S,T,2024-04-02,1000000.00,4.5087,99.291015625
08:00:23,91282CKE0,TSRYS5765705,D,S,T,2024-04-02,1000000.00,4.509417,99.2890625
08:00:23,91282CKE0,TSRYS5765705,D,S,T,2024-04-02,1000000.00,4.5087,99.291015625
08:00:23,91282CKE0,TSRYS5765705,D,S,T,2024-04-02,1000000.00,4.509417,99.2890625
08:00:23,91282CKE0,TSRYS5765705,D,S,T,2024-04-02,1000000.00,4.5087,99.291015625
08:00:23,91282CKE0,TSRYS5765705,D,S,T,2024-04-02,1000000.00,4.509417,99.2890625
08:00:23,91282CKE0,TSRYS5765705,D,S,T,2024-04-02,1000000.00,4.509417,99.2890625
08:00:24,91282CKE0,TSRYS5765705,D,S,T,2024-04-02,1000000.00,4.499369,99.31640625
08:00:24,91282CKE0,TSRYS5765705,D,S,T,2024-04-02,1000000.00,4.499369,99.31640625
08:00:24,91282CKE0,TSRYS5765705,D,S,T,2024-04-02,1000000.00,4.499369,99.31640625
08:00:24,91282CKE0,TSRYS5765705,D,S,T,2024-04-02,1000000.00,4.503675,99.3046875
08:00:24,91282CKE0,TSRYS5765705,D,S,T,2024-04-02,1000000.00,4.503675,99.3046875
08:00:24,91282CKE0,TSRYS5765705,D,S,T,2024-04-02,1000000.00,4.499369,99.31640625
08:00:24,91282CKE0,TSRYS5765705,D,S,T,2024-04-02,1000000.00,4.499369,99.31640625
08:00:24,91282CKE0,TSRYS5765705,D,S,D,2024-04-02,1000000.00,4.50224,99.30859375
08:00:24,91282CKE0,TSRYS5765705,D,S,T,2024-04-02,1000000.00,4.503675,99.3046875
08:00:24,91282CKE0,TSRYS5765705,D,S,T,2024-04-02,1000000.00,4.525214,99.24609375
08:00:24,91282CKE0,TSRYS5765705,D,S,T,2024-04-02,1000000.00,4.525932,99.244140625
08:00:24,91282CKE0,TSRYS5765705,D,S,T,2024-04-02,1000000.00,4.525214,99.24609375
08:00:24,91282CKE0,TSRYS5765705,D,S,T,2024-04-02,1000000.00,4.522341,99.25390625
08:00:24,91282CKE0,TSRYS5765705,D,S,T,2024-04-02,1000000.00,4.529524,99.234375
08:00:24,91282CKE0,TSRYS5765705,D,S,T,2024-04-02,1000000.00,4.529524,99.234375
08:00:25,91282CKE0,TSRYS5765705,D,S,A,2024-04-02,22567000.00,4.506546,99.296875
08:00:25,91282CKE0,TSRYS5765705,D,S,D,2024-04-02,1000000.00,4.532397,99.2265625
08:00:25,91282CKE0,TSRYS5765705,D,S,D,2024-04-02,1000000.00,4.533834,99.22265625
08:00:25,91282CKE0,TSRYS5765705,D,S,D,2024-04-02,1000000.00,4.536708,99.21484375
08:00:25,91282CKE0,TSRYS5765705,D,S,D,2024-04-02,1000000.00,4.536708,99.21484375
08:00:25,91282CKE0,TSRYS5765705,D,S,D,2024-04-02,1000000.00,4.538145,99.2109375
08:00:26,91282CKE0,TSRYS5765705,D,S,D,2024-04-02,2000000.00,4.533834,99.22265625
08:00:26,91282CKE0,TSRYS5765705,D,S,D,2024-04-02,1000000.00,4.533834,99.22265625
08:00:27,91282CKE0,TSRYS5765705,D,S,D,2024-04-02,1000000.00,4.53096,99.23046875
08:00:27,91282CKE0,TSRYS5765705,D,S,D,2024-04-02,8000000.00,4.53096,99.23046875
08:00:27,91282CKE0,TSRYS5765705,D,S,D,2024-04-02,1000000.00,4.53096,99.23046875
08:00:27,91282CKE0,TSRYS5765705,D,S,D,2024-04-02,2000000.00,4.53096,99.23046875
08:00:27,91282CKE0,TSRYS5765705,D,S,D,2024-04-02,3000000.00,4.53096,99.23046875
08:00:27,91282CKE0,TSRYS5765705,D,S,D,2024-04-02,1000000.00,4.53096,99.23046875
08:00:27,91282CKE0,TSRYS5765705,D,S,D,2024-04-02,1000000.00,4.53096,99.23046875
08:00:27,91282CKE0,TSRYS5765705,D,S,D,2024-04-02,2000000.00,4.532397,99.2265625
08:00:27,91282CKE0,TSRYS5765705,D,S,D,2024-04-02,2000000.00,4.532397,99.2265625
08:00:27,91282CKE0,TSRYS5765705,D,S,D,2024-04-02,1000000.00,4.532397,99.2265625
08:00:27,91282CKE0,TSRYS5765705,D,S,D,2024-04-02,465000.00,4.532029,99.2275625
08:00:28,91282CKE0,TSRYS5765705,D,S,D,2024-04-02,1000000.00,4.532397,99.2265625
08:00:30,91282CKE0,TSRYS5765705,D,S,T,2024-04-02,1000000.00,4.497934,99.3203125
08:00:30,91282CKE0,TSRYS5765705,D,S,T,2024-04-02,2000000.00,4.496499,99.32421875
08:00:30,91282CKE0,TSRYS5765705,D,S,T,2024-04-02,2000000.00,4.496499,99.32421875
08:00:30,91282CKE0,TSRYS5765705,D,S,T,2024-04-02,1000000.00,4.497217,99.322265625
08:00:30,91282CKE0,TSRYS5765705,D,S,T,2024-04-02,1000000.00,4.497934,99.3203125
08:00:30,91282CKE0,TSRYS5765705,D,S,T,2024-04-02,6000000.00,4.497934,99.3203125
08:00:30,91282CKE0,TSRYS5765705,D,S,T,2024-04-02,1000000.00,4.497934,99.3203125
08:00:30,91282CKE0,TSRYS5765705,D,S,T,2024-04-02,1000000.00,4.500087,99.314453125
08:00:30,91282CKE0,TSRYS5765705,D,S,T,2024-04-02,1000000.00,4.500087,99.314453125
08:00:30,91282CKE0,TSRYS5765705,D,S,T,2024-04-02,3000000.00,4.500805,99.3125
08:00:30,91282CKE0,TSRYS5765705,D,S,T,2024-04-02,1000000.00,4.500805,99.3125
08:00:30,91282CKE0,TSRYS5765705,D,S,T,2024-04-02,1000000.00,4.500087,99.314453125
08:00:30,91282CKE0,TSRYS5765705,D,S,T,2024-04-02,1000000.00,4.503675,99.3046875
08:00:30,91282CKE0,TSRYS5765705,D,S,T,2024-04-02,1000000.00,4.503675,99.3046875
08:00:30,91282CKE0,TSRYS5765705,D,S,T,2024-04-02,1000000.00,4.503675,99.3046875
08:00:30,91282CKE0,TSRYS5765705,D,S,T,2024-04-02,1000000.00,4.503675,99.3046875
08:00:30,91282CKE0,TSRYS5765705,D,S,T,2024-04-02,1000000.00,4.502958,99.306640625
08:00:30,91282CKE0,TSRYS5765705,D,S,T,2024-04-02,2000000.00,4.503675,99.3046875
08:00:30,91282CKE0,TSRYS5765705,D,S,T,2024-04-02,1000000.00,4.503675,99.3046875
08:00:30,91282CKE0,TSRYS5765705,D,S,T,2024-04-02,1000000.00,4.50224,99.30859375
08:00:30,91282CKE0,TSRYS5765705,D,S,T,2024-04-02,1000000.00,4.50224,99.30859375
08:00:30,91282CKE0,TSRYS5765705,D,S,T,2024-04-02,1000000.00,4.50224,99.30859375
08:00:30,91282CKE0,TSRYS5765705,D,S,T,2024-04-02,1000000.00,4.50224,99.30859375
08:00:30,91282CKE0,TSRYS5765705,D,S,T,2024-04-02,2000000.00,4.502958,99.306640625
08:00:30,91282CKE0,TSRYS5765705,D,S,T,2024-04-02,2000000.00,4.502958,99.306640625
08:00:30,91282CKE0,TSRYS5765705,D,S,T,2024-04-02,1000000.00,4.502958,99.306640625
08:00:30,91282CKE0,TSRYS5765705,D,S,T,2024-04-02,1000000.00,4.502958,99.306640625
08:00:30,91282CKE0,TSRYS5765705,D,S,T,2024-04-02,1000000.00,4.50224,99.30859375
08:00:30,91282CKE0,TSRYS5765705,D,S,T,2024-04-02,1000000.00,4.505111,99.30078125
08:00:30,91282CKE0,TSRYS5765705,D,S,T,2024-04-02,1000000.00,4.506546,99.296875
08:00:30,91282CKE0,TSRYS5765705,D,S,T,2024-04-02,1000000.00,4.507264,99.294921875
08:00:30,91282CKE0,TSRYS5765705,D,S,T,2024-04-02,1000000.00,4.505111,99.30078125
08:00:30,91282CKE0,TSRYS5765705,D,S,T,2024-04-02,1000000.00,4.502958,99.306640625
08:00:30,91282CKE0,TSRYS5765705,D,S,T,2024-04-02,1000000.00,4.503675,99.3046875
08:00:30,91282CKE0,TSRYS5765705,D,S,T,2024-04-02,1000000.00,4.503675,99.3046875
08:00:30,91282CKE0,TSRYS5765705,D,S,T,2024-04-02,1000000.00,4.503675,99.3046875
08:00:30,91282CKE0,TSRYS5765705,D,S,T,2024-04-02,1000000.00,4.503675,99.3046875
08:00:30,91282CKE0,TSRYS5765705,D,S,T,2024-04-02,2000000.00,4.503675,99.3046875
08:00:30,91282CKE0,TSRYS5765705,D,S,T,2024-04-02,1000000.00,4.50224,99.30859375
08:00:30,91282CKE0,TSRYS5765705,D,S,T,2024-04-02,1000000.00,4.500805,99.3125
08:00:30,91282CKE0,TSRYS5765705,D,S,T,2024-04-02,1000000.00,4.500805,99.3125
08:00:30,91282CKE0,TSRYS5765705,D,S,T,2024-04-02,1000000.00,4.500805,99.3125
08:00:30,91282CKE0,TSRYS5765705,D,S,T,2024-04-02,2000000.00,4.500805,99.3125
08:00:30,91282CKE0,TSRYS5765705,D,S,T,2024-04-02,2000000.00,4.500805,99.3125
08:00:30,91282CKE0,TSRYS5765705,D,S,T,2024-04-02,1000000.00,4.499369,99.31640625
08:00:30,91282CKE0,TSRYS5765705,D,S,T,2024-04-02,2000000.00,4.497934,99.3203125
08:00:30,91282CKE0,TSRYS5765705,D,S,T,2024-04-02,1000000.00,4.497934,99.3203125
08:00:30,91282CKE0,TSRYS5765705,D,S,T,2024-04-02,2000000.00,4.497217,99.322265625
08:00:30,91282CKE0,TSRYS5765705,D,S,T,2024-04-02,1000000.00,4.496499,99.32421875
08:00:30,91282CKE0,TSRYS5765705,D,S,T,2024-04-02,1000000.00,4.496499,99.32421875
08:00:30,91282CKE0,TSRYS5765705,D,S,T,2024-04-02,1000000.00,4.495064,99.328125
08:00:30,91282CKE0,TSRYS5765705,D,S,T,2024-04-02,2000000.00,4.496499,99.32421875
08:00:30,91282CKE0,TSRYS5765705,D,S,T,2024-04-02,1000000.00,4.496499,99.32421875
08:00:30,91282CKE0,TSRYS5765705,D,S,T,2024-04-02,1000000.00,4.496499,99.32421875
08:00:30,91282CKE0,TSRYS5765705,D,S,T,2024-04-02,1000000.00,4.496499,99.32421875
08:00:30,91282CKE0,TSRYS5765705,D,S,T,2024-04-02,1000000.00,4.496499,99.32421875
08:00:30,91282CKE0,TSRYS5765705,D,S,T,2024-04-02,2000000.00,4.496499,99.32421875
08:00:30,91282CKE0,TSRYS5765705,D,S,T,2024-04-02,2000000.00,4.496499,99.32421875
08:00:30,91282CKE0,TSRYS5765705,D,S,T,2024-04-02,1000000.00,4.496499,99.32421875
08:00:30,91282CKE0,TSRYS5765705,D,S,T,2024-04-02,1000000.00,4.495782,99.326171875
08:00:30,91282CKE0,TSRYS5765705,D,S,T,2024-04-02,2000000.00,4.495064,99.328125
08:00:30,91282CKE0,TSRYS5765705,D,S,T,2024-04-02,1000000.00,4.495064,99.328125
08:00:30,91282CKE0,TSRYS5765705,D,S,T,2024-04-02,1000000.00,4.495064,99.328125
08:00:30,91282CKE0,TSRYS5765705,D,S,T,2024-04-02,1000000.00,4.495064,99.328125
08:00:30,91282CKE0,TSRYS5765705,D,S,T,2024-04-02,1000000.00,4.495064,99.328125
08:00:30,91282CKE0,TSRYS5765705,D,S,T,2024-04-02,1000000.00,4.493629,99.33203125
08:00:30,91282CKE0,TSRYS5765705,D,S,T,2024-04-02,1000000.00,4.493629,99.33203125
08:00:30,91282CKE0,TSRYS5765705,D,S,T,2024-04-02,1000000.00,4.493629,99.33203125
08:00:30,91282CKE0,TSRYS5765705,D,S,T,2024-04-02,1000000.00,4.493629,99.33203125
08:00:30,91282CKE0,TSRYS5765705,D,S,T,2024-04-02,2000000.00,4.495064,99.328125
08:00:30,91282CKE0,TSRYS5765705,D,S,T,2024-04-02,2000000.00,4.494347,99.330078125
08:00:30,91282CKE0,TSRYS5765705,D,S,T,2024-04-02,1000000.00,4.495064,99.328125
08:00:30,91282CKE0,TSRYS5765705,D,S,T,2024-04-02,1000000.00,4.495064,99.328125
08:00:30,91282CKE0,TSRYS5765705,D,S,T,2024-04-02,1000000.00,4.496499,99.32421875
08:00:30,91282CKE0,TSRYS5765705,D,S,T,2024-04-02,1000000.00,4.495782,99.326171875
08:00:30,91282CKE0,TSRYS5765705,D,S,T,2024-04-02,2000000.00,4.495064,99.328125
08:00:30,91282CKE0,TSRYS5765705,D,S,T,2024-04-02,2000000.00,4.495064,99.328125
08:00:30,91282CKE0,TSRYS5765705,D,S,T,2024-04-02,1000000.00,4.496499,99.32421875
08:00:30,91282CKE0,TSRYS5765705,D,S,T,2024-04-02,1000000.00,4.496499,99.32421875
08:00:30,91282CKE0,TSRYS5765705,D,S,T,2024-04-02,1000000.00,4.496499,99.32421875
08:00:30,91282CKE0,TSRYS5765705,D,S,T,2024-04-02,1000000.00,4.496499,99.32421875
08:00:30,91282CKE0,TSRYS5765705,D,S,D,2024-04-02,1000000.00,4.496499,99.32421875
08:00:30,91282CKE0,TSRYS5765705,D,S,T,2024-04-02,2000000.00,4.496499,99.32421875
08:00:30,91282CKE0,TSRYS5765705,D,S,T,2024-04-02,1000000.00,4.496499,99.32421875
08:00:30,91282CKE0,TSRYS5765705,D,S,T,2024-04-02,2000000.00,4.497934,99.3203125
08:00:30,91282CKE0,TSRYS5765705,D,S,T,2024-04-02,1000000.00,4.497934,99.3203125
08:00:30,91282CKE0,TSRYS5765705,D,S,T,2024-04-02,1000000.00,4.497934,99.3203125
08:00:30,91282CKE0,TSRYS5765705,D,S,T,2024-04-02,1000000.00,4.497934,99.3203125
08:00:30,91282CKE0,TSRYS5765705,D,S,T,2024-04-02,1000000.00,4.497934,99.3203125
08:00:30,91282CKE0,TSRYS5765705,D,S,T,2024-04-02,1000000.00,4.497934,99.3203125
08:00:30,91282CKE0,TSRYS5765705,D,S,T,2024-04-02,1000000.00,4.497934,99.3203125
08:00:30,91282CKE0,TSRYS5765705,D,S,T,2024-04-02,1000000.00,4.497934,99.3203125
08:00:30,91282CKE0,TSRYS5765705,D,S,T,2024-04-02,1000000.00,4.497934,99.3203125
08:00:30,91282CKE0,TSRYS5765705,D,S,T,2024-04-02,1000000.00,4.497934,99.3203125
08:00:30,91282CKE0,TSRYS5765705,D,S,T,2024-04-02,1000000.00,4.497934,99.3203125
08:00:30,91282CKE0,TSRYS5765705,D,S,T,2024-04-02,1000000.00,4.497934,99.3203125
08:00:30,91282CKE0,TSRYS5765705,D,S,T,2024-04-02,1000000.00,4.497934,99.3203125
08:00:30,91282CKE0,TSRYS5765705,D,S,T,2024-04-02,1000000.00,4.497934,99.3203125
08:00:30,91282CKE0,TSRYS5765705,D,S,T,2024-04-02,1000000.00,4.497934,99.3203125
08:00:30,91282CKE0,TSRYS5765705,D,S,T,2024-04-02,1000000.00,4.497934,99.3203125
08:00:30,91282CKE0,TSRYS5765705,D,S,T,2024-04-02,1000000.00,4.497934,99.3203125
08:00:30,91282CKE0,TSRYS5765705,D,S,T,2024-04-02,1000000.00,4.497934,99.3203125
08:00:30,91282CKE0,TSRYS5765705,D,S,T,2024-04-02,1000000.00,4.497934,99.3203125
08:00:30,91282CKE0,TSRYS5765705,D,S,T,2024-04-02,2000000.00,4.497934,99.3203125
08:00:30,91282CKE0,TSRYS5765705,D,S,T,2024-04-02,1000000.00,4.497934,99.3203125
08:00:30,91282CKE0,TSRYS5765705,D,S,T,2024-04-02,1000000.00,4.497934,99.3203125
08:00:30,91282CKE0,TSRYS5765705,D,S,T,2024-04-02,1000000.00,4.499369,99.31640625
08:00:30,91282CKE0,TSRYS5765705,D,S,T,2024-04-02,1000000.00,4.499369,99.31640625
08:00:30,91282CKE0,TSRYS5765705,D,S,T,2024-04-02,1000000.00,4.497934,99.3203125
08:00:30,91282CKE0,TSRYS5765705,D,S,T,2024-04-02,1000000.00,4.499369,99.31640625
08:00:30,91282CKE0,TSRYS5765705,D,S,T,2024-04-02,1000000.00,4.505111,99.30078125
08:00:30,91282CKE0,TSRYS5765705,D,S,T,2024-04-02,1000000.00,4.505111,99.30078125
08:00:30,91282CKE0,TSRYS5765705,D,S,T,2024-04-02,2000000.00,4.503675,99.3046875
08:00:30,91282CKE0,TSRYS5765705,D,S,T,2024-04-02,1000000.00,4.503675,99.3046875
08:00:30,91282CKE0,TSRYS5765705,D,S,T,2024-04-02,2000000.00,4.503675,99.3046875
08:00:30,91282CKE0,TSRYS5765705,D,S,T,2024-04-02,2000000.00,4.502958,99.306640625
08:00:30,91282CKE0,TSRYS5765705,D,S,T,2024-04-02,1000000.00,4.503675,99.3046875
08:00:30,91282CKE0,TSRYS5765705,D,S,T,2024-04-02,1000000.00,4.506546,99.296875
08:00:30,91282CKE0,TSRYS5765705,D,S,T,2024-04-02,1000000.00,4.512289,99.28125
08:00:30,91282CKE0,TSRYS5765705,D,S,T,2024-04-02,3000000.00,4.511571,99.283203125
08:00:30,91282CKE0,TSRYS5765705,D,S,T,2024-04-02,2000000.00,4.511571,99.283203125
08:00:30,91282CKE0,TSRYS5765705,D,S,T,2024-04-02,1000000.00,4.509417,99.2890625
08:00:30,91282CKE0,TSRYS5765705,D,S,T,2024-04-02,1000000.00,4.509417,99.2890625
08:00:30,91282CKE0,TSRYS5765705,D,S,T,2024-04-02,1000000.00,4.506546,99.296875
08:00:30,91282CKE0,TSRYS5765705,D,S,T,2024-04-02,1000000.00,4.506546,99.296875
08:00:30,91282CKE0,TSRYS5765705,D,S,T,2024-04-02,2000000.00,4.507264,99.294921875
08:00:30,91282CKE0,TSRYS5765705,D,S,T,2024-04-02,1000000.00,4.506546,99.296875
08:00:34,91282CKE0,TSRYS5765705,D,S,T,2024-04-02,1000000.00,4.507982,99.29296875
08:00:34,91282CKE0,TSRYS5765705,D,S,T,2024-04-02,1000000.00,4.509417,99.2890625
08:00:34,91282CKE0,TSRYS5765705,D,S,T,2024-04-02,1000000.00,4.510853,99.28515625
08:00:34,91282CKE0,TSRYS5765705,D,S,T,2024-04-02,1000000.00,4.509417,99.2890625
08:00:34,91282CKE0,TSRYS5765705,D,S,T,2024-04-02,1000000.00,4.5087,99.291015625
08:00:34,91282CKE0,TSRYS5765705,D,S,T,2024-04-02,1000000.00,4.509417,99.2890625
08:00:34,91282CKE0,TSRYS5765705,D,S,T,2024-04-02,1000000.00,4.510135,99.287109375
08:00:34,91282CKE0,TSRYS5765705,D,S,T,2024-04-02,1000000.00,4.510853,99.28515625
08:00:34,91282CKE0,TSRYS5765705,D,S,T,2024-04-02,1000000.00,4.509417,99.2890625
08:00:34,91282CKE0,TSRYS5765705,D,S,T,2024-04-02,1000000.00,4.510135,99.287109375
08:00:34,91282CKE0,TSRYS5765705,D,S,T,2024-04-02,2000000.00,4.509417,99.2890625
08:00:34,91282CKE0,TSRYS5765705,D,S,T,2024-04-02,2000000.00,4.509417,99.2890625
08:00:34,91282CKE0,TSRYS5765705,D,S,T,2024-04-02,1000000.00,4.509417,99.2890625
08:00:34,91282CKE0,TSRYS5765705,D,S,T,2024-04-02,1000000.00,4.509417,99.2890625
08:00:34,91282CKE0,TSRYS5765705,D,S,T,2024-04-02,1000000.00,4.509417,99.2890625
08:00:34,91282CKE0,TSRYS5765705,D,S,T,2024-04-02,1000000.00,4.509417,99.2890625
08:00:34,91282CKE0,TSRYS5765705,D,S,T,2024-04-02,1000000.00,4.509417,99.2890625
08:00:34,91282CKE0,TSRYS5765705,D,S,T,2024-04-02,1000000.00,4.509417,99.2890625
08:00:34,91282CKE0,TSRYS5765705,D,S,T,2024-04-02,1000000.00,4.509417,99.2890625
08:00:34,91282CKE0,TSRYS5765705,D,S,T,2024-04-02,1000000.00,4.509417,99.2890625
08:00:34,91282CKE0,TSRYS5765705,D,S,T,2024-04-02,1000000.00,4.509417,99.2890625
08:00:34,91282CKE0,TSRYS5765705,D,S,T,2024-04-02,1000000.00,4.509417,99.2890625
08:00:34,91282CKE0,TSRYS5765705,D,S,T,2024-04-02,1000000.00,4.507982,99.29296875
08:00:34,91282CKE0,TSRYS5765705,D,S,T,2024-04-02,2000000.00,4.5087,99.291015625
08:00:34,91282CKE0,TSRYS5765705,D,S,T,2024-04-02,1000000.00,4.5087,99.291015625
08:00:34,91282CKE0,TSRYS5765705,D,S,T,2024-04-02,7000000.00,4.5087,99.291015625
08:00:34,91282CKE0,TSRYS5765705,D,S,T,2024-04-02,2000000.00,4.5087,99.291015625
08:00:34,91282CKE0,TSRYS5765705,D,S,D,2024-04-02,2000000.00,4.5087,99.291015625
08:00:34,91282CKE0,TSRYS5765705,D,S,D,2024-04-02,2000000.00,4.5087,99.291015625
08:00:34,91282CKE0,TSRYS5765705,D,S,T,2024-04-02,1000000.00,4.507264,99.294921875
08:00:34,91282CKE0,TSRYS5765705,D,S,T,2024-04-02,1000000.00,4.507982,99.29296875
08:00:34,91282CKE0,TSRYS5765705,D,S,T,2024-04-02,1000000.00,4.507982,99.29296875
08:00:34,91282CKE0,TSRYS5765705,D,S,T,2024-04-02,1000000.00,4.507982,99.29296875
08:00:34,91282CKE0,TSRYS5765705,D,S,T,2024-04-02,1000000.00,4.507982,99.29296875
08:00:34,91282CKE0,TSRYS5765705,D,S,T,2024-04-02,1000000.00,4.507982,99.29296875
08:00:34,91282CKE0,TSRYS5765705,D,S,T,2024-04-02,1000000.00,4.507982,99.29296875
08:00:34,91282CKE0,TSRYS5765705,D,S,T,2024-04-02,1000000.00,4.506546,99.296875
08:00:34,91282CKE0,TSRYS5765705,D,S,T,2024-04-02,1000000.00,4.506546,99.296875
08:00:34,91282CKE0,TSRYS5765705,D,S,T,2024-04-02,1000000.00,4.505111,99.30078125
08:00:34,91282CKE0,TSRYS5765705,D,S,T,2024-04-02,1000000.00,4.505111,99.30078125
08:00:34,91282CKE0,TSRYS5765705,D,S,T,2024-04-02,1000000.00,4.505111,99.30078125
08:00:34,91282CKE0,TSRYS5765705,D,S,T,2024-04-02,1000000.00,4.505111,99.30078125
08:00:34,91282CKE0,TSRYS5765705,D,S,T,2024-04-02,1000000.00,4.507982,99.29296875
08:00:34,91282CKE0,TSRYS5765705,D,S,T,2024-04-02,1000000.00,4.507982,99.29296875
08:00:34,91282CKE0,TSRYS5765705,D,S,T,2024-04-02,1000000.00,4.507982,99.29296875
08:00:34,91282CKE0,TSRYS5765705,D,S,T,2024-04-02,1000000.00,4.507982,99.29296875
08:00:34,91282CKE0,TSRYS5765705,D,S,T,2024-04-02,1000000.00,4.507982,99.29296875
08:00:34,91282CKE0,TSRYS5765705,D,S,T,2024-04-02,2000000.00,4.507982,99.29296875
08:00:34,91282CKE0,TSRYS5765705,D,S,T,2024-04-02,1000000.00,4.507982,99.29296875
08:00:34,91282CKE0,TSRYS5765705,D,S,T,2024-04-02,1000000.00,4.503675,99.3046875
08:00:34,91282CKE0,TSRYS5765705,D,S,T,2024-04-02,1000000.00,4.503675,99.3046875
08:00:34,91282CKE0,TSRYS5765705,D,S,T,2024-04-02,1000000.00,4.505111,99.30078125
08:00:34,91282CKE0,TSRYS5765705,D,S,T,2024-04-02,1000000.00,4.505111,99.30078125
08:00:34,91282CKE0,TSRYS5765705,D,S,T,2024-04-02,2000000.00,4.503675,99.3046875
08:00:34,91282CKE0,TSRYS5765705,D,S,T,2024-04-02,1000000.00,4.500805,99.3125
08:00:34,91282CKE0,TSRYS5765705,D,S,T,2024-04-02,1000000.00,4.505111,99.30078125
08:00:34,91282CKE0,TSRYS5765705,D,S,T,2024-04-02,2000000.00,4.503675,99.3046875
08:00:34,91282CKE0,TSRYS5765705,D,S,T,2024-04-02,1000000.00,4.503675,99.3046875
08:00:34,91282CKE0,TSRYS5765705,D,S,T,2024-04-02,2000000.00,4.503675,99.3046875
08:00:34,91282CKE0,TSRYS5765705,D,S,T,2024-04-02,1000000.00,4.501522,99.310546875
08:00:34,91282CKE0,TSRYS5765705,D,S,T,2024-04-02,2000000.00,4.500805,99.3125
08:00:34,91282CKE0,TSRYS5765705,D,S,T,2024-04-02,2000000.00,4.500805,99.3125
08:00:34,91282CKE0,TSRYS5765705,D,S,T,2024-04-02,1000000.00,4.500805,99.3125
08:00:34,91282CKE0,TSRYS5765705,D,S,T,2024-04-02,1000000.00,4.499369,99.31640625
08:00:34,91282CKE0,TSRYS5765705,D,S,T,2024-04-02,1000000.00,4.497934,99.3203125
08:00:34,91282CKE0,TSRYS5765705,D,S,T,2024-04-02,2000000.00,4.500087,99.314453125
08:00:34,91282CKE0,TSRYS5765705,D,S,T,2024-04-02,1000000.00,4.500805,99.3125
08:00:34,91282CKE0,TSRYS5765705,D,S,T,2024-04-02,1000000.00,4.500805,99.3125
08:00:34,91282CKE0,TSRYS5765705,D,S,T,2024-04-02,1000000.00,4.499369,99.31640625
08:00:34,91282CKE0,TSRYS5765705,D,S,T,2024-04-02,1000000.00,4.493629,99.33203125
08:00:34,91282CKE0,TSRYS5765705,D,S,T,2024-04-02,2000000.00,4.495064,99.328125
08:00:34,91282CKE0,TSRYS5765705,D,S,T,2024-04-02,1000000.00,4.495064,99.328125
08:00:34,91282CKE0,TSRYS5765705,D,S,T,2024-04-02,2000000.00,4.494347,99.330078125
08:00:34,91282CKE0,TSRYS5765705,D,S,T,2024-04-02,1000000.00,4.495064,99.328125
08:00:34,91282CKE0,TSRYS5765705,D,S,T,2024-04-02,1000000.00,4.495064,99.328125
08:00:34,91282CKE0,TSRYS5765705,D,S,T,2024-04-02,1000000.00,4.495064,99.328125
08:00:34,91282CKE0,TSRYS5765705,D,S,T,2024-04-02,1000000.00,4.495064,99.328125
08:00:34,91282CKE0,TSRYS5765705,D,S,T,2024-04-02,1000000.00,4.495064,99.328125
08:00:34,91282CKE0,TSRYS5765705,D,S,T,2024-04-02,1000000.00,4.495064,99.328125
08:00:34,91282CKE0,TSRYS5765705,D,S,T,2024-04-02,1000000.00,4.495064,99.328125
08:00:34,91282CKE0,TSRYS5765705,D,S,T,2024-04-02,1000000.00,4.495064,99.328125
08:00:34,91282CKE0,TSRYS5765705,D,S,T,2024-04-02,1000000.00,4.495064,99.328125
08:00:34,91282CKE0,TSRYS5765705,D,S,T,2024-04-02,1000000.00,4.496499,99.32421875
08:00:34,91282CKE0,TSRYS5765705,D,S,T,2024-04-02,1000000.00,4.496499,99.32421875
08:00:34,91282CKE0,TSRYS5765705,D,S,T,2024-04-02,1000000.00,4.496499,99.32421875
08:00:34,91282CKE0,TSRYS5765705,D,S,T,2024-04-02,1000000.00,4.499369,99.31640625
08:00:34,91282CKE0,TSRYS5765705,D,S,T,2024-04-02,1000000.00,4.499369,99.31640625
08:00:34,91282CKE0,TSRYS5765705,D,S,T,2024-04-02,1000000.00,4.499369,99.31640625
08:00:34,91282CKE0,TSRYS5765705,D,S,T,2024-04-02,1000000.00,4.499369,99.31640625
08:00:34,91282CKE0,TSRYS5765705,D,S,T,2024-04-02,1000000.00,4.499369,99.31640625
08:00:34,91282CKE0,TSRYS5765705,D,S,T,2024-04-02,2000000.00,4.499369,99.31640625
08:00:34,91282CKE0,TSRYS5765705,D,S,T,2024-04-02,1000000.00,4.497934,99.3203125
08:00:34,91282CKE0,TSRYS5765705,D,S,T,2024-04-02,1000000.00,4.500087,99.314453125
08:00:34,91282CKE0,TSRYS5765705,D,S,T,2024-04-02,1000000.00,4.500805,99.3125
08:00:34,91282CKE0,TSRYS5765705,D,S,T,2024-04-02,1000000.00,4.498652,99.318359375
08:00:34,91282CKE0,TSRYS5765705,D,S,T,2024-04-02,1000000.00,4.500805,99.3125
08:00:34,91282CKE0,TSRYS5765705,D,S,T,2024-04-02,1000000.00,4.500805,99.3125
08:00:34,91282CKE0,TSRYS5765705,D,S,T,2024-04-02,1000000.00,4.500805,99.3125
08:00:34,91282CKE0,TSRYS5765705,D,S,T,2024-04-02,1000000.00,4.500805,99.3125
08:00:34,91282CKE0,TSRYS5765705,D,S,T,2024-04-02,3000000.00,4.500805,99.3125
08:00:34,91282CKE0,TSRYS5765705,D,S,T,2024-04-02,2000000.00,4.500805,99.3125
08:00:34,91282CKE0,TSRYS5765705,D,S,T,2024-04-02,1000000.00,4.500805,99.3125
08:00:34,91282CKE0,TSRYS5765705,D,S,T,2024-04-02,1000000.00,4.500805,99.3125
08:00:34,91282CKE0,TSRYS5765705,D,S,T,2024-04-02,1000000.00,4.500805,99.3125
08:00:34,91282CKE0,TSRYS5765705,D,S,T,2024-04-02,6000000.00,4.501522,99.310546875
08:00:34,91282CKE0,TSRYS5765705,D,S,T,2024-04-02,1000000.00,4.501522,99.310546875
08:00:34,91282CKE0,TSRYS5765705,D,S,T,2024-04-02,2000000.00,4.501522,99.310546875
08:00:34,91282CKE0,TSRYS5765705,D,S,T,2024-04-02,4000000.00,4.501522,99.310546875
08:00:34,91282CKE0,TSRYS5765705,D,S,T,2024-04-02,1000000.00,4.503675,99.3046875
08:00:34,91282CKE0,TSRYS5765705,D,S,T,2024-04-02,1000000.00,4.503675,99.3046875
08:00:34,91282CKE0,TSRYS5765705,D,S,T,2024-04-02,1000000.00,4.503675,99.3046875
08:00:34,91282CKE0,TSRYS5765705,D,S,T,2024-04-02,2000000.00,4.503675,99.3046875
08:00:34,91282CKE0,TSRYS5765705,D,S,T,2024-04-02,1000000.00,4.50224,99.30859375
08:00:34,91282CKE0,TSRYS5765705,D,S,T,2024-04-02,1000000.00,4.50224,99.30859375
08:00:34,91282CKE0,TSRYS5765705,D,S,T,2024-04-02,1000000.00,4.500805,99.3125
08:00:34,91282CKE0,TSRYS5765705,D,S,T,2024-04-02,1000000.00,4.500805,99.3125
08:00:34,91282CKE0,TSRYS5765705,D,S,T,2024-04-02,1000000.00,4.500805,99.3125
08:00:34,91282CKE0,TSRYS5765705,D,S,T,2024-04-02,1000000.00,4.500805,99.3125
08:00:34,91282CKE0,TSRYS5765705,D,S,T,2024-04-02,1000000.00,4.500805,99.3125
08:00:34,91282CKE0,TSRYS5765705,D,S,T,2024-04-02,1000000.00,4.500805,99.3125
08:00:34,91282CKE0,TSRYS5765705,D,S,T,2024-04-02,1000000.00,4.500805,99.3125
08:00:34,91282CKE0,TSRYS5765705,D,S,T,2024-04-02,1000000.00,4.500805,99.3125
08:00:34,91282CKE0,TSRYS5765705,D,S,T,2024-04-02,1000000.00,4.500805,99.3125
08:00:34,91282CKE0,TSRYS5765705,D,S,T,2024-04-02,1000000.00,4.500805,99.3125
08:00:34,91282CKE0,TSRYS5765705,D,S,T,2024-04-02,1000000.00,4.500805,99.3125
08:00:34,91282CKE0,TSRYS5765705,D,S,T,2024-04-02,1000000.00,4.500805,99.3125
08:00:34,91282CKE0,TSRYS5765705,D,S,T,2024-04-02,1000000.00,4.500805,99.3125
08:00:34,91282CKE0,TSRYS5765705,D,S,T,2024-04-02,1000000.00,4.500805,99.3125
08:00:34,91282CKE0,TSRYS5765705,D,S,T,2024-04-02,1000000.00,4.500805,99.3125
08:00:34,91282CKE0,TSRYS5765705,D,S,T,2024-04-02,1000000.00,4.500805,99.3125
08:00:34,91282CKE0,TSRYS5765705,D,S,T,2024-04-02,1000000.00,4.500805,99.3125
08:00:34,91282CKE0,TSRYS5765705,D,S,T,2024-04-02,1000000.00,4.500805,99.3125
08:00:34,91282CKE0,TSRYS5765705,D,S,T,2024-04-02,1000000.00,4.500805,99.3125
08:00:34,91282CKE0,TSRYS5765705,D,S,T,2024-04-02,1000000.00,4.500805,99.3125
08:00:34,91282CKE0,TSRYS5765705,D,S,T,2024-04-02,1000000.00,4.500805,99.3125
08:00:34,91282CKE0,TSRYS5765705,D,S,T,2024-04-02,1000000.00,4.500805,99.3125
08:00:34,91282CKE0,TSRYS5765705,D,S,T,2024-04-02,1000000.00,4.500805,99.3125
08:00:34,91282CKE0,TSRYS5765705,D,S,T,2024-04-02,1000000.00,4.500805,99.3125
08:00:34,91282CKE0,TSRYS5765705,D,S,T,2024-04-02,1000000.00,4.500805,99.3125
08:00:34,91282CKE0,TSRYS5765705,D,S,T,2024-04-02,1000000.00,4.500805,99.3125
08:00:34,91282CKE0,TSRYS5765705,D,S,T,2024-04-02,1000000.00,4.500805,99.3125
08:00:34,91282CKE0,TSRYS5765705,D,S,T,2024-04-02,1000000.00,4.500805,99.3125
08:00:34,91282CKE0,TSRYS5765705,D,S,T,2024-04-02,1000000.00,4.500805,99.3125
08:00:34,91282CKE0,TSRYS5765705,D,S,T,2024-04-02,1000000.00,4.500805,99.3125
08:00:34,91282CKE0,TSRYS5765705,D,S,T,2024-04-02,1000000.00,4.500805,99.3125
08:00:34,91282CKE0,TSRYS5765705,D,S,T,2024-04-02,1000000.00,4.500805,99.3125
08:00:34,91282CKE0,TSRYS5765705,D,S,T,2024-04-02,1000000.00,4.500805,99.3125
08:00:34,91282CKE0,TSRYS5765705,D,S,T,2024-04-02,1000000.00,4.500805,99.3125
08:00:34,91282CKE0,TSRYS5765705,D,S,T,2024-04-02,1000000.00,4.500805,99.3125
08:00:34,91282CKE0,TSRYS5765705,D,S,T,2024-04-02,1000000.00,4.500805,99.3125
08:00:34,91282CKE0,TSRYS5765705,D,S,T,2024-04-02,1000000.00,4.500805,99.3125
08:00:34,91282CKE0,TSRYS5765705,D,S,T,2024-04-02,1000000.00,4.499369,99.31640625
08:00:34,91282CKE0,TSRYS5765705,D,S,T,2024-04-02,1000000.00,4.499369,99.31640625
08:00:34,91282CKE0,TSRYS5765705,D,S,T,2024-04-02,3000000.00,4.499369,99.31640625
08:00:34,91282CKE0,TSRYS5765705,D,S,T,2024-04-02,1000000.00,4.499369,99.31640625
08:00:34,91282CKE0,TSRYS5765705,D,S,T,2024-04-02,1000000.00,4.499369,99.31640625
08:00:34,91282CKE0,TSRYS5765705,D,S,T,2024-04-02,3000000.00,4.499369,99.31640625
08:00:34,91282CKE0,TSRYS5765705,D,S,T,2024-04-02,1000000.00,4.499369,99.31640625
08:00:34,91282CKE0,TSRYS5765705,D,S,T,2024-04-02,4000000.00,4.499369,99.31640625
08:00:34,91282CKE0,TSRYS5765705,D,S,T,2024-04-02,1000000.00,4.499369,99.31640625
08:00:34,91282CKE0,TSRYS5765705,D,S,T,2024-04-02,1000000.00,4.499369,99.31640625
08:00:34,91282CKE0,TSRYS5765705,D,S,T,2024-04-02,1000000.00,4.499369,99.31640625
08:00:34,91282CKE0,TSRYS5765705,D,S,T,2024-04-02,1000000.00,4.499369,99.31640625
08:00:34,91282CKE0,TSRYS5765705,D,S,T,2024-04-02,1000000.00,4.500805,99.3125
08:00:34,91282CKE0,TSRYS5765705,D,S,T,2024-04-02,1000000.00,4.500805,99.3125
08:00:34,91282CKE0,TSRYS5765705,D,S,T,2024-04-02,1000000.00,4.499369,99.31640625
08:00:34,91282CKE0,TSRYS5765705,D,S,T,2024-04-02,1000000.00,4.499369,99.31640625
08:00:34,91282CKE0,TSRYS5765705,D,S,T,2024-04-02,1000000.00,4.499369,99.31640625
08:00:34,91282CKE0,TSRYS5765705,D,S,T,2024-04-02,1000000.00,4.499369,99.31640625
08:00:34,91282CKE0,TSRYS5765705,D,S,T,2024-04-02,2000000.00,4.499369,99.31640625
08:00:34,91282CKE0,TSRYS5765705,D,S,T,2024-04-02,1000000.00,4.499369,99.31640625
08:00:34,91282CKE0,TSRYS5765705,D,S,T,2024-04-02,1000000.00,4.499369,99.31640625
08:00:34,91282CKE0,TSRYS5765705,D,S,T,2024-04-02,1000000.00,4.499369,99.31640625
08:00:34,91282CKE0,TSRYS5765705,D,S,T,2024-04-02,1000000.00,4.499369,99.31640625
08:00:34,91282CKE0,TSRYS5765705,D,S,T,2024-04-02,1000000.00,4.499369,99.31640625
08:00:34,91282CKE0,TSRYS5765705,D,S,T,2024-04-02,1000000.00,4.499369,99.31640625
08:00:34,91282CKE0,TSRYS5765705,D,S,T,2024-04-02,1000000.00,4.499369,99.31640625
08:00:34,91282CKE0,TSRYS5765705,D,S,T,2024-04-02,1000000.00,4.499369,99.31640625
08:00:34,91282CKE0,TSRYS5765705,D,S,T,2024-04-02,1000000.00,4.499369,99.31640625
08:00:34,91282CKE0,TSRYS5765705,D,S,T,2024-04-02,1000000.00,4.499369,99.31640625
08:00:34,91282CKE0,TSRYS5765705,D,S,T,2024-04-02,1000000.00,4.499369,99.31640625
08:00:34,91282CKE0,TSRYS5765705,D,S,T,2024-04-02,1000000.00,4.499369,99.31640625
08:00:34,91282CKE0,TSRYS5765705,D,S,T,2024-04-02,1000000.00,4.499369,99.31640625
08:00:34,91282CKE0,TSRYS5765705,D,S,T,2024-04-02,1000000.00,4.499369,99.31640625
08:00:34,91282CKE0,TSRYS5765705,D,S,T,2024-04-02,1000000.00,4.499369,99.31640625
08:00:34,91282CKE0,TSRYS5765705,D,S,T,2024-04-02,1000000.00,4.499369,99.31640625
08:00:34,91282CKE0,TSRYS5765705,D,S,T,2024-04-02,1000000.00,4.499369,99.31640625
08:00:34,91282CKE0,TSRYS5765705,D,S,T,2024-04-02,1000000.00,4.499369,99.31640625
08:00:34,91282CKE0,TSRYS5765705,D,S,T,2024-04-02,1000000.00,4.499369,99.31640625
08:00:34,91282CKE0,TSRYS5765705,D,S,T,2024-04-02,1000000.00,4.499369,99.31640625
08:00:34,91282CKE0,TSRYS5765705,D,S,T,2024-04-02,1000000.00,4.499369,99.31640625
08:00:34,91282CKE0,TSRYS5765705,D,S,T,2024-04-02,1000000.00,4.499369,99.31640625
08:00:34,91282CKE0,TSRYS5765705,D,S,T,2024-04-02,1000000.00,4.50224,99.30859375
08:00:34,91282CKE0,TSRYS5765705,D,S,T,2024-04-02,1000000.00,4.503675,99.3046875
08:00:34,91282CKE0,TSRYS5765705,D,S,T,2024-04-02,1000000.00,4.503675,99.3046875
08:00:34,91282CKE0,TSRYS5765705,D,S,T,2024-04-02,1000000.00,4.503675,99.3046875
08:00:34,91282CKE0,TSRYS5765705,D,S,T,2024-04-02,1000000.00,4.503675,99.3046875
08:00:34,91282CKE0,TSRYS5765705,D,S,T,2024-04-02,1000000.00,4.503675,99.3046875
08:00:34,91282CKE0,TSRYS5765705,D,S,T,2024-04-02,1000000.00,4.502958,99.306640625
08:00:34,91282CKE0,TSRYS5765705,D,S,T,2024-04-02,1000000.00,4.502958,99.306640625
08:00:34,91282CKE0,TSRYS5765705,D,S,T,2024-04-02,1000000.00,4.503675,99.3046875
08:00:34,91282CKE0,TSRYS5765705,D,S,T,2024-04-02,2000000.00,4.505111,99.30078125
08:00:34,91282CKE0,TSRYS5765705,D,S,T,2024-04-02,2000000.00,4.505111,99.30078125
08:00:34,91282CKE0,TSRYS5765705,D,S,T,2024-04-02,2000000.00,4.505111,99.30078125
08:00:34,91282CKE0,TSRYS5765705,D,S,T,2024-04-02,1000000.00,4.505111,99.30078125
08:00:34,91282CKE0,TSRYS5765705,D,S,T,2024-04-02,2000000.00,4.505111,99.30078125
08:00:34,91282CKE0,TSRYS5765705,D,S,T,2024-04-02,1000000.00,4.505111,99.30078125
08:00:34,91282CKE0,TSRYS5765705,D,S,T,2024-04-02,2000000.00,4.505111,99.30078125
08:00:34,91282CKE0,TSRYS5765705,D,S,T,2024-04-02,1000000.00,4.505111,99.30078125
08:00:34,91282CKE0,TSRYS5765705,D,S,T,2024-04-02,2000000.00,4.505111,99.30078125
08:00:34,91282CKE0,TSRYS5765705,D,S,T,2024-04-02,1000000.00,4.505111,99.30078125
08:00:34,91282CKE0,TSRYS5765705,D,S,T,2024-04-02,1000000.00,4.505111,99.30078125
08:00:34,91282CKE0,TSRYS5765705,D,S,T,2024-04-02,2000000.00,4.505111,99.30078125
08:00:34,91282CKE0,TSRYS5765705,D,S,T,2024-04-02,1000000.00,4.505111,99.30078125
08:00:34,91282CKE0,TSRYS5765705,D,S,T,2024-04-02,2000000.00,4.505111,99.30078125
08:00:34,91282CKE0,TSRYS5765705,D,S,T,2024-04-02,1000000.00,4.505111,99.30078125
08:00:34,91282CKE0,TSRYS5765705,D,S,T,2024-04-02,2000000.00,4.505111,99.30078125
08:00:34,91282CKE0,TSRYS5765705,D,S,T,2024-04-02,1000000.00,4.505111,99.30078125
08:00:34,91282CKE0,TSRYS5765705,D,S,T,2024-04-02,1000000.00,4.505111,99.30078125
08:00:34,91282CKE0,TSRYS5765705,D,S,T,2024-04-02,1000000.00,4.505111,99.30078125
08:00:34,91282CKE0,TSRYS5765705,D,S,T,2024-04-02,2000000.00,4.505111,99.30078125
08:00:34,91282CKE0,TSRYS5765705,D,S,T,2024-04-02,1000000.00,4.505111,99.30078125
08:00:34,91282CKE0,TSRYS5765705,D,S,T,2024-04-02,2000000.00,4.505111,99.30078125
08:00:34,91282CKE0,TSRYS5765705,D,S,T,2024-04-02,1000000.00,4.505111,99.30078125
08:00:34,91282CKE0,TSRYS5765705,D,S,T,2024-04-02,1000000.00,4.505111,99.30078125
08:00:34,91282CKE0,TSRYS5765705,D,S,T,2024-04-02,1000000.00,4.505111,99.30078125
08:00:34,91282CKE0,TSRYS5765705,D,S,T,2024-04-02,2000000.00,4.505111,99.30078125
08:00:34,91282CKE0,TSRYS5765705,D,S,T,2024-04-02,1000000.00,4.505111,99.30078125
08:00:34,91282CKE0,TSRYS5765705,D,S,T,2024-04-02,1000000.00,4.505111,99.30078125
08:00:34,91282CKE0,TSRYS5765705,D,S,T,2024-04-02,2000000.00,4.505111,99.30078125
08:00:34,91282CKE0,TSRYS5765705,D,S,T,2024-04-02,2000000.00,4.505111,99.30078125
08:00:34,91282CKE0,TSRYS5765705,D,S,T,2024-04-02,2000000.00,4.505111,99.30078125
08:00:34,91282CKE0,TSRYS5765705,D,S,T,2024-04-02,1000000.00,4.505111,99.30078125
08:00:34,91282CKE0,TSRYS5765705,D,S,T,2024-04-02,1000000.00,4.505111,99.30078125
08:00:34,91282CKE0,TSRYS5765705,D,S,T,2024-04-02,1000000.00,4.505111,99.30078125
08:00:34,91282CKE0,TSRYS5765705,D,S,T,2024-04-02,2000000.00,4.507264,99.294921875
08:00:34,91282CKE0,TSRYS5765705,D,S,T,2024-04-02,2000000.00,4.506546,99.296875
08:00:34,91282CKE0,TSRYS5765705,D,S,T,2024-04-02,1000000.00,4.506546,99.296875
08:00:34,91282CKE0,TSRYS5765705,D,S,T,2024-04-02,4000000.00,4.506546,99.296875
08:00:34,91282CKE0,TSRYS5765705,D,S,T,2024-04-02,1000000.00,4.506546,99.296875
08:00:34,91282CKE0,TSRYS5765705,D,S,T,2024-04-02,1000000.00,4.507982,99.29296875
08:00:34,91282CKE0,TSRYS5765705,D,S,T,2024-04-02,1000000.00,4.512289,99.28125
08:00:34,91282CKE0,TSRYS5765705,D,S,T,2024-04-02,1000000.00,4.512289,99.28125
08:00:34,91282CKE0,TSRYS5765705,D,S,T,2024-04-02,2000000.00,4.511571,99.283203125
08:00:34,91282CKE0,TSRYS5765705,D,S,T,2024-04-02,1000000.00,4.512289,99.28125
08:00:34,91282CKE0,TSRYS5765705,D,S,T,2024-04-02,1000000.00,4.512289,99.28125
08:00:34,91282CKE0,TSRYS5765705,D,S,T,2024-04-02,1000000.00,4.512289,99.28125
08:00:34,91282CKE0,TSRYS5765705,D,S,T,2024-04-02,1000000.00,4.513725,99.27734375
08:00:34,91282CKE0,TSRYS5765705,D,S,T,2024-04-02,1000000.00,4.513725,99.27734375
08:00:34,91282CKE0,TSRYS5765705,D,S,T,2024-04-02,1000000.00,4.516597,99.26953125
08:00:34,91282CKE0,TSRYS5765705,D,S,T,2024-04-02,1000000.00,4.516597,99.26953125
08:00:34,91282CKE0,TSRYS5765705,D,S,T,2024-04-02,1000000.00,4.516597,99.26953125
08:00:34,91282CKE0,TSRYS5765705,D,S,T,2024-04-02,1000000.00,4.519469,99.26171875
08:00:34,91282CKE0,TSRYS5765705,D,S,T,2024-04-02,1000000.00,4.523778,99.25
08:00:34,91282CKE0,TSRYS5765705,D,S,T,2024-04-02,1000000.00,4.523778,99.25
08:00:34,91282CKE0,TSRYS5765705,D,S,T,2024-04-02,1000000.00,4.523778,99.25
08:00:34,91282CKE0,TSRYS5765705,D,S,T,2024-04-02,1000000.00,4.523778,99.25
08:00:34,91282CKE0,TSRYS5765705,D,S,T,2024-04-02,1000000.00,4.523778,99.25
08:00:34,91282CKE0,TSRYS5765705,D,S,T,2024-04-02,1000000.00,4.523778,99.25
08:00:34,91282CKE0,TSRYS5765705,D,S,T,2024-04-02,1000000.00,4.523778,99.25
08:00:34,91282CKE0,TSRYS5765705,D,S,T,2024-04-02,1000000.00,4.522341,99.25390625
08:00:34,91282CKE0,TSRYS5765705,D,S,T,2024-04-02,1000000.00,4.525214,99.24609375
08:00:34,91282CKE0,TSRYS5765705,D,S,T,2024-04-02,1000000.00,4.523778,99.25
08:00:34,91282CKE0,TSRYS5765705,D,S,T,2024-04-02,1000000.00,4.525214,99.24609375
08:00:34,91282CKE0,TSRYS5765705,D,S,T,2024-04-02,1000000.00,4.523778,99.25
08:00:34,91282CKE0,TSRYS5765705,D,S,T,2024-04-02,1000000.00,4.523778,99.25
08:00:34,91282CKE0,TSRYS5765705,D,S,T,2024-04-02,2000000.00,4.524496,99.248046875
08:00:34,91282CKE0,TSRYS5765705,D,S,T,2024-04-02,2000000.00,4.524496,99.248046875
08:00:34,91282CKE0,TSRYS5765705,D,S,T,2024-04-02,2000000.00,4.524496,99.248046875
08:00:34,91282CKE0,TSRYS5765705,D,S,T,2024-04-02,1000000.00,4.524496,99.248046875
08:00:34,91282CKE0,TSRYS5765705,D,S,D,2024-04-02,2000000.00,4.524496,99.248046875
08:00:34,91282CKE0,TSRYS5765705,D,S,D,2024-04-02,2000000.00,4.524496,99.248046875
08:00:34,91282CKE0,TSRYS5765705,D,S,D,2024-04-02,2000000.00,4.524496,99.248046875
08:00:34,91282CKE0,TSRYS5765705,D,S,T,2024-04-02,1000000.00,4.525214,99.24609375
08:00:34,91282CKE0,TSRYS5765705,D,S,T,2024-04-02,1000000.00,4.525214,99.24609375
08:00:34,91282CKE0,TSRYS5765705,D,S,T,2024-04-02,1000000.00,4.525214,99.24609375
08:00:34,91282CKE0,TSRYS5765705,D,S,T,2024-04-02,1000000.00,4.526651,99.2421875
08:00:34,91282CKE0,TSRYS5765705,D,S,D,2024-04-02,1000000.00,4.526651,99.2421875
08:00:34,91282CKE0,TSRYS5765705,D,S,T,2024-04-02,1000000.00,4.526651,99.2421875
08:00:34,91282CKE0,TSRYS5765705,D,S,T,2024-04-02,1000000.00,4.526651,99.2421875
08:00:34,91282CKE0,TSRYS5765705,D,S,T,2024-04-02,1000000.00,4.526651,99.2421875
08:00:34,91282CKE0,TSRYS5765705,D,S,T,2024-04-02,1000000.00,4.525932,99.244140625
08:00:34,91282CKE0,TSRYS5765705,D,S,T,2024-04-02,1000000.00,4.525932,99.244140625
08:00:34,91282CKE0,TSRYS5765705,D,S,T,2024-04-02,2000000.00,4.525932,99.244140625
08:00:34,91282CKE0,TSRYS5765705,D,S,T,2024-04-02,1000000.00,4.525932,99.244140625
08:00:34,91282CKE0,TSRYS5765705,D,S,T,2024-04-02,1000000.00,4.525932,99.244140625
08:00:34,91282CKE0,TSRYS5765705,D,S,T,2024-04-02,1000000.00,4.526651,99.2421875
08:00:34,91282CKE0,TSRYS5765705,D,S,T,2024-04-02,1000000.00,4.526651,99.2421875
08:00:34,91282CKE0,TSRYS5765705,D,S,T,2024-04-02,1000000.00,4.526651,99.2421875
08:00:34,91282CKE0,TSRYS5765705,D,S,T,2024-04-02,1000000.00,4.526651,99.2421875
08:00:34,91282CKE0,TSRYS5765705,D,S,T,2024-04-02,1000000.00,4.526651,99.2421875
08:00:34,91282CKE0,TSRYS5765705,D,S,T,2024-04-02,1000000.00,4.526651,99.2421875
08:00:34,91282CKE0,TSRYS5765705,D,S,T,2024-04-02,1000000.00,4.526651,99.2421875
08:00:34,91282CKE0,TSRYS5765705,D,S,T,2024-04-02,1000000.00,4.523778,99.25
08:00:34,91282CKE0,TSRYS5765705,D,S,T,2024-04-02,1000000.00,4.522341,99.25390625
08:00:34,91282CKE0,TSRYS5765705,D,S,T,2024-04-02,1000000.00,4.522341,99.25390625
08:00:34,91282CKE0,TSRYS5765705,D,S,T,2024-04-02,1000000.00,4.522341,99.25390625
08:00:34,91282CKE0,TSRYS5765705,D,S,T,2024-04-02,1000000.00,4.522341,99.25390625
08:00:34,91282CKE0,TSRYS5765705,D,S,T,2024-04-02,2000000.00,4.525214,99.24609375
08:00:34,91282CKE0,TSRYS5765705,D,S,T,2024-04-02,1000000.00,4.525214,99.24609375
08:00:34,91282CKE0,TSRYS5765705,D,S,T,2024-04-02,1000000.00,4.525214,99.24609375
08:00:34,91282CKE0,TSRYS5765705,D,S,T,2024-04-02,1000000.00,4.523778,99.25
08:00:34,91282CKE0,TSRYS5765705,D,S,T,2024-04-02,2000000.00,4.523778,99.25
08:00:34,91282CKE0,TSRYS5765705,D,S,T,2024-04-02,1000000.00,4.526651,99.2421875
08:00:34,91282CKE0,TSRYS5765705,D,S,T,2024-04-02,2000000.00,4.526651,99.2421875
08:00:34,91282CKE0,TSRYS5765705,D,S,T,2024-04-02,1000000.00,4.526651,99.2421875
08:00:34,91282CKE0,TSRYS5765705,D,S,T,2024-04-02,1000000.00,4.526651,99.2421875
08:00:34,91282CKE0,TSRYS5765705,D,S,T,2024-04-02,1000000.00,4.53096,99.23046875
08:00:34,91282CKE0,TSRYS5765705,D,S,T,2024-04-02,1000000.00,4.532397,99.2265625
08:00:34,91282CKE0,TSRYS5765705,D,S,T,2024-04-02,1000000.00,4.532397,99.2265625
08:00:34,91282CKE0,TSRYS5765705,D,S,T,2024-04-02,1000000.00,4.532397,99.2265625
08:00:34,91282CKE0,TSRYS5765705,D,S,T,2024-04-02,1000000.00,4.536708,99.21484375
08:00:34,91282CKE0,TSRYS5765705,D,S,T,2024-04-02,1000000.00,4.538145,99.2109375
08:00:34,91282CKE0,TSRYS5765705,D,S,T,2024-04-02,1000000.00,4.538145,99.2109375
08:00:34,91282CKE0,TSRYS5765705,D,S,T,2024-04-02,1000000.00,4.538145,99.2109375
08:00:34,91282CKE0,TSRYS5765705,D,S,T,2024-04-02,2000000.00,4.538145,99.2109375
08:00:34,91282CKE0,TSRYS5765705,D,S,T,2024-04-02,3000000.00,4.538145,99.2109375
08:00:34,91282CKE0,TSRYS5765705,D,S,T,2024-04-02,2000000.00,4.538145,99.2109375
08:00:34,91282CKE0,TSRYS5765705,D,S,T,2024-04-02,1000000.00,4.535271,99.21875
08:00:34,91282CKE0,TSRYS5765705,D,S,T,2024-04-02,1000000.00,4.53096,99.23046875
08:00:34,91282CKE0,TSRYS5765705,D,S,T,2024-04-02,1000000.00,4.53096,99.23046875
08:00:34,91282CKE0,TSRYS5765705,D,S,T,2024-04-02,1000000.00,4.53096,99.23046875
08:00:34,91282CKE0,TSRYS5765705,D,S,T,2024-04-02,1000000.00,4.53096,99.23046875
08:00:34,91282CKE0,TSRYS5765705,D,S,T,2024-04-02,1000000.00,4.529524,99.234375
08:00:34,91282CKE0,TSRYS5765705,D,S,T,2024-04-02,1000000.00,4.529524,99.234375
08:00:34,91282CKE0,TSRYS5765705,D,S,T,2024-04-02,1000000.00,4.529524,99.234375
08:00:34,91282CKE0,TSRYS5765705,D,S,T,2024-04-02,1000000.00,4.529524,99.234375
08:00:34,91282CKE0,TSRYS5765705,D,S,T,2024-04-02,1000000.00,4.529524,99.234375
08:00:34,91282CKE0,TSRYS5765705,D,S,T,2024-04-02,1000000.00,4.529524,99.234375
08:00:34,91282CKE0,TSRYS5765705,D,S,T,2024-04-02,1000000.00,4.529524,99.234375
08:00:34,91282CKE0,TSRYS5765705,D,S,T,2024-04-02,1000000.00,4.529524,99.234375
08:00:34,91282CKE0,TSRYS5765705,D,S,T,2024-04-02,1000000.00,4.530242,99.232421875
08:00:34,91282CKE0,TSRYS5765705,D,S,T,2024-04-02,1000000.00,4.529524,99.234375
08:00:34,91282CKE0,TSRYS5765705,D,S,T,2024-04-02,1000000.00,4.529524,99.234375
08:00:34,91282CKE0,TSRYS5765705,D,S,T,2024-04-02,1000000.00,4.529524,99.234375
08:00:34,91282CKE0,TSRYS5765705,D,S,T,2024-04-02,1000000.00,4.529524,99.234375
08:00:34,91282CKE0,TSRYS5765705,D,S,T,2024-04-02,2000000.00,4.529524,99.234375
08:00:34,91282CKE0,TSRYS5765705,D,S,T,2024-04-02,2000000.00,4.529524,99.234375
08:00:34,91282CKE0,TSRYS5765705,D,S,T,2024-04-02,2000000.00,4.529524,99.234375
08:00:34,91282CKE0,TSRYS5765705,D,S,T,2024-04-02,1000000.00,4.529524,99.234375
08:00:34,91282CKE0,TSRYS5765705,D,S,T,2024-04-02,1000000.00,4.529524,99.234375
08:00:34,91282CKE0,TSRYS5765705,D,S,T,2024-04-02,1000000.00,4.529524,99.234375
08:00:34,91282CKE0,TSRYS5765705,D,S,T,2024-04-02,1000000.00,4.529524,99.234375
08:00:34,91282CKE0,TSRYS5765705,D,S,T,2024-04-02,1000000.00,4.53096,99.23046875
08:00:34,91282CKE0,TSRYS5765705,D,S,T,2024-04-02,1000000.00,4.53096,99.23046875
08:00:34,91282CKE0,TSRYS5765705,D,S,T,2024-04-02,1000000.00,4.529524,99.234375
08:00:34,91282CKE0,TSRYS5765705,D,S,T,2024-04-02,1000000.00,4.529524,99.234375
08:00:34,91282CKE0,TSRYS5765705,D,S,T,2024-04-02,1000000.00,4.529524,99.234375
08:00:34,91282CKE0,TSRYS5765705,D,S,T,2024-04-02,1000000.00,4.532397,99.2265625
08:00:34,91282CKE0,TSRYS5765705,D,S,T,2024-04-02,1000000.00,4.532397,99.2265625
08:00:34,91282CKE0,TSRYS5765705,D,S,T,2024-04-02,1000000.00,4.532397,99.2265625
08:00:34,91282CKE0,TSRYS5765705,D,S,T,2024-04-02,1000000.00,4.532397,99.2265625
08:00:34,91282CKE0,TSRYS5765705,D,S,T,2024-04-02,1000000.00,4.532397,99.2265625
08:00:34,91282CKE0,TSRYS5765705,D,S,T,2024-04-02,1000000.00,4.53096,99.23046875
08:00:34,91282CKE0,TSRYS5765705,D,S,T,2024-04-02,1000000.00,4.532397,99.2265625
08:00:34,91282CKE0,TSRYS5765705,D,S,T,2024-04-02,2000000.00,4.532397,99.2265625
08:00:34,91282CKE0,TSRYS5765705,D,S,T,2024-04-02,2000000.00,4.532397,99.2265625
08:00:34,91282CKE0,TSRYS5765705,D,S,T,2024-04-02,1000000.00,4.532397,99.2265625
08:00:34,91282CKE0,TSRYS5765705,D,S,T,2024-04-02,1000000.00,4.532397,99.2265625
08:00:34,91282CKE0,TSRYS5765705,D,S,T,2024-04-02,1000000.00,4.532397,99.2265625
08:00:34,91282CKE0,TSRYS5765705,D,S,T,2024-04-02,1000000.00,4.532397,99.2265625
08:00:34,91282CKE0,TSRYS5765705,D,S,T,2024-04-02,1000000.00,4.532397,99.2265625
08:00:34,91282CKE0,TSRYS5765705,D,S,T,2024-04-02,1000000.00,4.532397,99.2265625
08:00:34,91282CKE0,TSRYS5765705,D,S,T,2024-04-02,2000000.00,4.532397,99.2265625
08:00:34,91282CKE0,TSRYS5765705,D,S,T,2024-04-02,2000000.00,4.532397,99.2265625
08:00:34,91282CKE0,TSRYS5765705,D,S,T,2024-04-02,1000000.00,4.532397,99.2265625
08:00:34,91282CKE0,TSRYS5765705,D,S,T,2024-04-02,2000000.00,4.532397,99.2265625
08:00:34,91282CKE0,TSRYS5765705,D,S,T,2024-04-02,1000000.00,4.532397,99.2265625
08:00:34,91282CKE0,TSRYS5765705,D,S,T,2024-04-02,1000000.00,4.532397,99.2265625
08:00:34,91282CKE0,TSRYS5765705,D,S,T,2024-04-02,1000000.00,4.532397,99.2265625
08:00:34,91282CKE0,TSRYS5765705,D,S,T,2024-04-02,1000000.00,4.532397,99.2265625
08:00:34,91282CKE0,TSRYS5765705,D,S,T,2024-04-02,1000000.00,4.532397,99.2265625
08:00:34,91282CKE0,TSRYS5765705,D,S,T,2024-04-02,1000000.00,4.532397,99.2265625
08:00:34,91282CKE0,TSRYS5765705,D,S,T,2024-04-02,1000000.00,4.532397,99.2265625
08:00:34,91282CKE0,TSRYS5765705,D,S,T,2024-04-02,1000000.00,4.532397,99.2265625
08:00:34,91282CKE0,TSRYS5765705,D,S,T,2024-04-02,1000000.00,4.532397,99.2265625
08:00:34,91282CKE0,TSRYS5765705,D,S,T,2024-04-02,1000000.00,4.533834,99.22265625
08:00:34,91282CKE0,TSRYS5765705,D,S,T,2024-04-02,1000000.00,4.532397,99.2265625
08:00:34,91282CKE0,TSRYS5765705,D,S,T,2024-04-02,1000000.00,4.533834,99.22265625
08:00:34,91282CKE0,TSRYS5765705,D,S,T,2024-04-02,1000000.00,4.533834,99.22265625
08:00:34,91282CKE0,TSRYS5765705,D,S,T,2024-04-02,1000000.00,4.533116,99.224609375
08:00:34,91282CKE0,TSRYS5765705,D,S,T,2024-04-02,2000000.00,4.533834,99.22265625
08:00:34,91282CKE0,TSRYS5765705,D,S,T,2024-04-02,1000000.00,4.533834,99.22265625
08:00:34,91282CKE0,TSRYS5765705,D,S,T,2024-04-02,1000000.00,4.533834,99.22265625
08:00:34,91282CKE0,TSRYS5765705,D,S,T,2024-04-02,1000000.00,4.533834,99.22265625
08:00:34,91282CKE0,TSRYS5765705,D,S,T,2024-04-02,1000000.00,4.533834,99.22265625
08:00:34,91282CKE0,TSRYS5765705,D,S,T,2024-04-02,1000000.00,4.533834,99.22265625
08:00:34,91282CKE0,TSRYS5765705,D,S,T,2024-04-02,1000000.00,4.533834,99.22265625
08:00:34,91282CKE0,TSRYS5765705,D,S,T,2024-04-02,1000000.00,4.533834,99.22265625
08:00:34,91282CKE0,TSRYS5765705,D,S,T,2024-04-02,1000000.00,4.533834,99.22265625
08:00:34,91282CKE0,TSRYS5765705,D,S,T,2024-04-02,1000000.00,4.533834,99.22265625
08:00:34,91282CKE0,TSRYS5765705,D,S,T,2024-04-02,1000000.00,4.533834,99.22265625
08:00:34,91282CKE0,TSRYS5765705,D,S,T,2024-04-02,1000000.00,4.533834,99.22265625
08:00:34,91282CKE0,TSRYS5765705,D,S,T,2024-04-02,1000000.00,4.533834,99.22265625
08:00:34,91282CKE0,TSRYS5765705,D,S,T,2024-04-02,1000000.00,4.533834,99.22265625
08:00:34,91282CKE0,TSRYS5765705,D,S,T,2024-04-02,1000000.00,4.533834,99.22265625
08:00:34,91282CKE0,TSRYS5765705,D,S,T,2024-04-02,1000000.00,4.533834,99.22265625
08:00:34,91282CKE0,TSRYS5765705,D,S,T,2024-04-02,1000000.00,4.533834,99.22265625
08:00:34,91282CKE0,TSRYS5765705,D,S,T,2024-04-02,1000000.00,4.533834,99.22265625
08:00:34,91282CKE0,TSRYS5765705,D,S,T,2024-04-02,1000000.00,4.533834,99.22265625
08:00:34,91282CKE0,TSRYS5765705,D,S,T,2024-04-02,1000000.00,4.533834,99.22265625
08:00:34,91282CKE0,TSRYS5765705,D,S,T,2024-04-02,1000000.00,4.533834,99.22265625
08:00:34,91282CKE0,TSRYS5765705,D,S,T,2024-04-02,1000000.00,4.533834,99.22265625
08:00:34,91282CKE0,TSRYS5765705,D,S,T,2024-04-02,1000000.00,4.533834,99.22265625
08:00:34,91282CKE0,TSRYS5765705,D,S,T,2024-04-02,1000000.00,4.533834,99.22265625
08:00:34,91282CKE0,TSRYS5765705,D,S,T,2024-04-02,2000000.00,4.533834,99.22265625
08:00:34,91282CKE0,TSRYS5765705,D,S,T,2024-04-02,2000000.00,4.533834,99.22265625
08:00:34,91282CKE0,TSRYS5765705,D,S,T,2024-04-02,1000000.00,4.536708,99.21484375
08:00:34,91282CKE0,TSRYS5765705,D,S,T,2024-04-02,1000000.00,4.536708,99.21484375
08:00:34,91282CKE0,TSRYS5765705,D,S,T,2024-04-02,1000000.00,4.536708,99.21484375
08:00:34,91282CKE0,TSRYS5765705,D,S,T,2024-04-02,1000000.00,4.536708,99.21484375
08:00:34,91282CKE0,TSRYS5765705,D,S,T,2024-04-02,1000000.00,4.536708,99.21484375
08:00:34,91282CKE0,TSRYS5765705,D,S,T,2024-04-02,1000000.00,4.538145,99.2109375
08:00:34,91282CKE0,TSRYS5765705,D,S,T,2024-04-02,1000000.00,4.536708,99.21484375
08:00:34,91282CKE0,TSRYS5765705,D,S,D,2024-04-02,2000000.00,4.500805,99.3125
08:00:34,91282CKE0,TSRYS5765705,D,S,D,2024-04-02,2000000.00,4.500805,99.3125
08:00:34,91282CKE0,TSRYS5765705,D,S,D,2024-04-02,1000000.00,4.495782,99.326171875
08:00:34,91282CKE0,TSRYS5765705,D,S,D,2024-04-02,2000000.00,4.493629,99.33203125
08:00:34,91282CKE0,TSRYS5765705,D,S,D,2024-04-02,2000000.00,4.495064,99.328125
08:00:34,91282CKE0,TSRYS5765705,D,S,D,2024-04-02,1000000.00,4.497217,99.322265625
08:00:34,91282CKE0,TSRYS5765705,D,S,D,2024-04-02,1000000.00,4.497217,99.322265625
08:00:34,91282CKE0,TSRYS5765705,D,S,D,2024-04-02,1000000.00,4.497217,99.322265625
08:00:34,91282CKE0,TSRYS5765705,D,S,D,2024-04-02,1000000.00,4.504393,99.302734375
08:00:34,91282CKE0,TSRYS5765705,D,S,D,2024-04-02,1000000.00,4.505111,99.30078125
08:00:34,91282CKE0,TSRYS5765705,D,S,D,2024-04-02,1000000.00,4.504393,99.302734375
08:00:34,91282CKE0,TSRYS5765705,D,S,D,2024-04-02,2000000.00,4.510853,99.28515625
08:00:34,91282CKE0,TSRYS5765705,D,S,D,2024-04-02,1000000.00,4.509417,99.2890625
08:00:34,91282CKE0,TSRYS5765705,D,S,D,2024-04-02,2000000.00,4.5087,99.291015625
08:00:34,91282CKE0,TSRYS5765705,D,S,D,2024-04-02,2000000.00,4.507982,99.29296875
08:00:34,91282CKE0,TSRYS5765705,D,S,D,2024-04-02,2000000.00,4.509417,99.2890625
08:00:34,91282CKE0,TSRYS5765705,D,S,D,2024-04-02,2000000.00,4.5087,99.291015625
08:00:34,91282CKE0,TSRYS5765705,D,S,D,2024-04-02,2000000.00,4.499369,99.31640625
08:00:34,91282CKE0,TSRYS5765705,D,S,D,2024-04-02,1000000.00,4.497217,99.322265625
08:00:34,91282CKE0,TSRYS5765705,D,S,D,2024-04-02,1000000.00,4.498652,99.318359375
08:00:34,91282CKE0,TSRYS5765705,D,S,D,2024-04-02,1000000.00,4.498652,99.318359375
08:00:34,91282CKE0,TSRYS5765705,D,S,D,2024-04-02,1000000.00,4.498652,99.318359375
08:00:34,91282CKE0,TSRYS5765705,D,S,D,2024-04-02,1000000.00,4.498652,99.318359375
08:00:34,91282CKE0,TSRYS5765705,D,S,D,2024-04-02,1000000.00,4.498652,99.318359375
08:00:34,91282CKE0,TSRYS5765705,D,S,D,2024-04-02,1000000.00,4.498652,99.318359375
08:00:34,91282CKE0,TSRYS5765705,D,S,D,2024-04-02,1000000.00,4.497217,99.322265625
08:00:34,91282CKE0,TSRYS5765705,D,S,D,2024-04-02,1000000.00,4.500087,99.314453125
08:00:34,91282CKE0,TSRYS5765705,D,S,D,2024-04-02,1000000.00,4.500087,99.314453125
08:00:34,91282CKE0,TSRYS5765705,D,S,D,2024-04-02,2000000.00,4.500087,99.314453125
08:00:34,91282CKE0,TSRYS5765705,D,S,D,2024-04-02,2000000.00,4.500087,99.314453125
08:00:34,91282CKE0,TSRYS5765705,D,S,D,2024-04-02,1000000.00,4.504393,99.302734375
08:00:34,91282CKE0,TSRYS5765705,D,S,D,2024-04-02,1000000.00,4.504393,99.302734375
08:00:34,91282CKE0,TSRYS5765705,D,S,D,2024-04-02,1000000.00,4.505828,99.298828125
08:00:34,91282CKE0,TSRYS5765705,D,S,D,2024-04-02,1000000.00,4.511571,99.283203125
08:00:34,91282CKE0,TSRYS5765705,D,S,D,2024-04-02,1000000.00,4.511571,99.283203125
08:00:34,91282CKE0,TSRYS5765705,D,S,D,2024-04-02,1000000.00,4.511571,99.283203125
08:00:34,91282CKE0,TSRYS5765705,D,S,D,2024-04-02,1000000.00,4.524496,99.248046875
08:00:34,91282CKE0,TSRYS5765705,D,S,D,2024-04-02,1000000.00,4.524496,99.248046875
08:00:34,91282CKE0,TSRYS5765705,D,S,D,2024-04-02,1000000.00,4.525214,99.24609375
08:00:34,91282CKE0,TSRYS5765705,D,S,D,2024-04-02,1000000.00,4.524496,99.248046875
08:00:34,91282CKE0,TSRYS5765705,D,S,D,2024-04-02,2000000.00,4.524496,99.248046875
08:00:34,91282CKE0,TSRYS5765705,D,S,D,2024-04-02,2000000.00,4.524496,99.248046875
08:00:34,91282CKE0,TSRYS5765705,D,S,D,2024-04-02,2000000.00,4.524496,99.248046875
08:00:34,91282CKE0,TSRYS5765705,D,S,D,2024-04-02,2000000.00,4.525214,99.24609375
08:00:34,91282CKE0,TSRYS5765705,D,S,D,2024-04-02,2000000.00,4.525932,99.244140625
08:00:34,91282CKE0,TSRYS5765705,D,S,D,2024-04-02,2000000.00,4.525932,99.244140625
08:00:34,91282CKE0,TSRYS5765705,D,S,D,2024-04-02,1000000.00,4.525932,99.244140625
08:00:34,91282CKE0,TSRYS5765705,D,S,D,2024-04-02,1000000.00,4.525932,99.244140625
08:00:34,91282CKE0,TSRYS5765705,D,S,D,2024-04-02,1000000.00,4.533834,99.22265625
08:00:34,91282CKE0,TSRYS5765705,D,S,D,2024-04-02,465000.00,4.532397,99.2265625
08:00:34,91282CKE0,TSRYS5765705,D,S,D,2024-04-02,1000000.00,4.533834,99.22265625
08:00:34,91282CKE0,TSRYS5765705,D,S,D,2024-04-02,2000000.00,4.536708,99.21484375
08:00:34,91282CKE0,TSRYS5765705,D,S,D,2024-04-02,1000000.00,4.497217,99.322265625
08:00:34,91282CKE0,TSRYS5765705,D,S,D,2024-04-02,1000000.00,4.497217,99.322265625
08:00:34,91282CKE0,TSRYS5765705,D,S,D,2024-04-02,1000000.00,4.497217,99.322265625
08:00:34,91282CKE0,TSRYS5765705,D,S,D,2024-04-02,1000000.00,4.497217,99.322265625
08:00:34,91282CKE0,TSRYS5765705,D,S,D,2024-04-02,2000000.00,4.500087,99.314453125
08:00:34,91282CKE0,TSRYS5765705,D,S,D,2024-04-02,1000000.00,4.504393,99.302734375
08:00:34,91282CKE0,TSRYS5765705,D,S,D,2024-04-02,1000000.00,4.504393,99.302734375
08:00:34,91282CKE0,TSRYS5765705,D,S,D,2024-04-02,1000000.00,4.504393,99.302734375
08:00:34,91282CKE0,TSRYS5765705,D,S,D,2024-04-02,1000000.00,4.504393,99.302734375
08:00:34,91282CKE0,TSRYS5765705,D,S,D,2024-04-02,1000000.00,4.505111,99.30078125
08:00:34,91282CKE0,TSRYS5765705,D,S,D,2024-04-02,1000000.00,4.504393,99.302734375
08:00:34,91282CKE0,TSRYS5765705,D,S,D,2024-04-02,1000000.00,4.504393,99.302734375
08:00:34,91282CKE0,TSRYS5765705,D,S,D,2024-04-02,2000000.00,4.509417,99.2890625
08:00:34,91282CKE0,TSRYS5765705,D,S,D,2024-04-02,2000000.00,4.507982,99.29296875
08:00:34,91282CKE0,TSRYS5765705,D,S,D,2024-04-02,2000000.00,4.509417,99.2890625
08:00:34,91282CKE0,TSRYS5765705,D,S,D,2024-04-02,1000000.00,4.510853,99.28515625
08:00:34,91282CKE0,TSRYS5765705,D,S,D,2024-04-02,1000000.00,4.510853,99.28515625
08:00:34,91282CKE0,TSRYS5765705,D,S,D,2024-04-02,2000000.00,4.507264,99.294921875
08:00:34,91282CKE0,TSRYS5765705,D,S,D,2024-04-02,1000000.00,4.499369,99.31640625
08:00:34,91282CKE0,TSRYS5765705,D,S,D,2024-04-02,1000000.00,4.500087,99.314453125
08:00:34,91282CKE0,TSRYS5765705,D,S,D,2024-04-02,1000000.00,4.500087,99.314453125
08:00:34,91282CKE0,TSRYS5765705,D,S,D,2024-04-02,1000000.00,4.500087,99.314453125
08:00:34,91282CKE0,TSRYS5765705,D,S,D,2024-04-02,1000000.00,4.500087,99.314453125
08:00:34,91282CKE0,TSRYS5765705,D,S,D,2024-04-02,1000000.00,4.500087,99.314453125
08:00:34,91282CKE0,TSRYS5765705,D,S,D,2024-04-02,1000000.00,4.495782,99.326171875
08:00:34,91282CKE0,TSRYS5765705,D,S,D,2024-04-02,1000000.00,4.495782,99.326171875
08:00:34,91282CKE0,TSRYS5765705,D,S,D,2024-04-02,1000000.00,4.495064,99.328125
08:00:34,91282CKE0,TSRYS5765705,D,S,D,2024-04-02,1000000.00,4.495064,99.328125
08:00:34,91282CKE0,TSRYS5765705,D,S,D,2024-04-02,1000000.00,4.495064,99.328125
08:00:34,91282CKE0,TSRYS5765705,D,S,D,2024-04-02,1000000.00,4.497217,99.322265625
08:00:34,91282CKE0,TSRYS5765705,D,S,D,2024-04-02,1000000.00,4.497217,99.322265625
08:00:34,91282CKE0,TSRYS5765705,D,S,D,2024-04-02,1000000.00,4.497217,99.322265625
08:00:34,91282CKE0,TSRYS5765705,D,S,D,2024-04-02,1000000.00,4.497217,99.322265625
08:00:34,91282CKE0,TSRYS5765705,D,S,D,2024-04-02,1000000.00,4.497217,99.322265625
08:00:34,91282CKE0,TSRYS5765705,D,S,D,2024-04-02,1000000.00,4.497934,99.3203125
08:00:34,91282CKE0,TSRYS5765705,D,S,D,2024-04-02,1000000.00,4.497934,99.3203125
08:00:34,91282CKE0,TSRYS5765705,D,S,D,2024-04-02,1000000.00,4.497934,99.3203125
08:00:34,91282CKE0,TSRYS5765705,D,S,D,2024-04-02,1000000.00,4.497217,99.322265625
08:00:34,91282CKE0,TSRYS5765705,D,S,D,2024-04-02,1000000.00,4.497217,99.322265625
08:00:34,91282CKE0,TSRYS5765705,D,S,D,2024-04-02,1000000.00,4.497217,99.322265625
08:00:34,91282CKE0,TSRYS5765705,D,S,D,2024-04-02,1000000.00,4.497217,99.322265625
08:00:34,91282CKE0,TSRYS5765705,D,S,D,2024-04-02,1000000.00,4.495782,99.326171875
08:00:34,91282CKE0,TSRYS5765705,D,S,D,2024-04-02,3000000.00,4.496499,99.32421875
08:00:34,91282CKE0,TSRYS5765705,D,S,D,2024-04-02,1000000.00,4.496499,99.32421875
08:00:34,91282CKE0,TSRYS5765705,D,S,D,2024-04-02,1000000.00,4.496499,99.32421875
08:00:34,91282CKE0,TSRYS5765705,D,S,D,2024-04-02,1000000.00,4.496499,99.32421875
08:00:34,91282CKE0,TSRYS5765705,D,S,D,2024-04-02,1000000.00,4.496499,99.32421875
08:00:34,91282CKE0,TSRYS5765705,D,S,D,2024-04-02,1000000.00,4.495064,99.328125
08:00:34,91282CKE0,TSRYS5765705,D,S,D,2024-04-02,1000000.00,4.495064,99.328125
08:00:34,91282CKE0,TSRYS5765705,D,S,D,2024-04-02,1000000.00,4.495064,99.328125
08:00:34,91282CKE0,TSRYS5765705,D,S,D,2024-04-02,2000000.00,4.496499,99.32421875
08:00:34,91282CKE0,TSRYS5765705,D,S,D,2024-04-02,1000000.00,4.497217,99.322265625
08:00:34,91282CKE0,TSRYS5765705,D,S,D,2024-04-02,1000000.00,4.497217,99.322265625
08:00:34,91282CKE0,TSRYS5765705,D,S,D,2024-04-02,1000000.00,4.497217,99.322265625
08:00:34,91282CKE0,TSRYS5765705,D,S,D,2024-04-02,2000000.00,4.497934,99.3203125
08:00:34,91282CKE0,TSRYS5765705,D,S,D,2024-04-02,1000000.00,4.499369,99.31640625
08:00:34,91282CKE0,TSRYS5765705,D,S,D,2024-04-02,1000000.00,4.498652,99.318359375
08:00:34,91282CKE0,TSRYS5765705,D,S,D,2024-04-02,3000000.00,4.499369,99.31640625
08:00:34,91282CKE0,TSRYS5765705,D,S,D,2024-04-02,1000000.00,4.499369,99.31640625
08:00:34,91282CKE0,TSRYS5765705,D,S,D,2024-04-02,1000000.00,4.497217,99.322265625
08:00:34,91282CKE0,TSRYS5765705,D,S,D,2024-04-02,1000000.00,4.497217,99.322265625
08:00:34,91282CKE0,TSRYS5765705,D,S,D,2024-04-02,1000000.00,4.497217,99.322265625
08:00:34,91282CKE0,TSRYS5765705,D,S,D,2024-04-02,1000000.00,4.497217,99.322265625
08:00:34,91282CKE0,TSRYS5765705,D,S,D,2024-04-02,1000000.00,4.500087,99.314453125
08:00:34,91282CKE0,TSRYS5765705,D,S,D,2024-04-02,1000000.00,4.500087,99.314453125
08:00:34,91282CKE0,TSRYS5765705,D,S,D,2024-04-02,1000000.00,4.500087,99.314453125
08:00:34,91282CKE0,TSRYS5765705,D,S,D,2024-04-02,1000000.00,4.500087,99.314453125
08:00:34,91282CKE0,TSRYS5765705,D,S,D,2024-04-02,1000000.00,4.500087,99.314453125
08:00:34,91282CKE0,TSRYS5765705,D,S,D,2024-04-02,1000000.00,4.500087,99.314453125
08:00:34,91282CKE0,TSRYS5765705,D,S,D,2024-04-02,1000000.00,4.500087,99.314453125
08:00:34,91282CKE0,TSRYS5765705,D,S,D,2024-04-02,1000000.00,4.499369,99.31640625
08:00:34,91282CKE0,TSRYS5765705,D,S,D,2024-04-02,1000000.00,4.499369,99.31640625
08:00:34,91282CKE0,TSRYS5765705,D,S,D,2024-04-02,1000000.00,4.499369,99.31640625
08:00:34,91282CKE0,TSRYS5765705,D,S,D,2024-04-02,1000000.00,4.499369,99.31640625
08:00:34,91282CKE0,TSRYS5765705,D,S,D,2024-04-02,1000000.00,4.499369,99.31640625
08:00:34,91282CKE0,TSRYS5765705,D,S,D,2024-04-02,1000000.00,4.499369,99.31640625
08:00:34,91282CKE0,TSRYS5765705,D,S,D,2024-04-02,1000000.00,4.499369,99.31640625
08:00:34,91282CKE0,TSRYS5765705,D,S,D,2024-04-02,1000000.00,4.500087,99.314453125
08:00:34,91282CKE0,TSRYS5765705,D,S,D,2024-04-02,1000000.00,4.500087,99.314453125
08:00:34,91282CKE0,TSRYS5765705,D,S,D,2024-04-02,2000000.00,4.500087,99.314453125
08:00:34,91282CKE0,TSRYS5765705,D,S,D,2024-04-02,1000000.00,4.500087,99.314453125
08:00:34,91282CKE0,TSRYS5765705,D,S,D,2024-04-02,1000000.00,4.500087,99.314453125
08:00:34,91282CKE0,TSRYS5765705,D,S,D,2024-04-02,2000000.00,4.500087,99.314453125
08:00:34,91282CKE0,TSRYS5765705,D,S,D,2024-04-02,2000000.00,4.499369,99.31640625
08:00:34,91282CKE0,TSRYS5765705,D,S,D,2024-04-02,2000000.00,4.500087,99.314453125
08:00:34,91282CKE0,TSRYS5765705,D,S,D,2024-04-02,1000000.00,4.499369,99.31640625
08:00:34,91282CKE0,TSRYS5765705,D,S,D,2024-04-02,2000000.00,4.50224,99.30859375
08:00:34,91282CKE0,TSRYS5765705,D,S,D,2024-04-02,1000000.00,4.50224,99.30859375
08:00:34,91282CKE0,TSRYS5765705,D,S,D,2024-04-02,1000000.00,4.504393,99.302734375
08:00:34,91282CKE0,TSRYS5765705,D,S,D,2024-04-02,1000000.00,4.504393,99.302734375
08:00:34,91282CKE0,TSRYS5765705,D,S,D,2024-04-02,2000000.00,4.504393,99.302734375
08:00:34,91282CKE0,TSRYS5765705,D,S,D,2024-04-02,2000000.00,4.504393,99.302734375
08:00:34,91282CKE0,TSRYS5765705,D,S,D,2024-04-02,1000000.00,4.505111,99.30078125
08:00:34,91282CKE0,TSRYS5765705,D,S,D,2024-04-02,1000000.00,4.505111,99.30078125
08:00:34,91282CKE0,TSRYS5765705,D,S,D,2024-04-02,2000000.00,4.504393,99.302734375
08:00:34,91282CKE0,TSRYS5765705,D,S,D,2024-04-02,1000000.00,4.504393,99.302734375
08:00:34,91282CKE0,TSRYS5765705,D,S,D,2024-04-02,1000000.00,4.504393,99.302734375
08:00:34,91282CKE0,TSRYS5765705,D,S,D,2024-04-02,1000000.00,4.505828,99.298828125
08:00:34,91282CKE0,TSRYS5765705,D,S,D,2024-04-02,2000000.00,4.509417,99.2890625
08:00:34,91282CKE0,TSRYS5765705,D,S,D,2024-04-02,1000000.00,4.509417,99.2890625
08:00:34,91282CKE0,TSRYS5765705,D,S,D,2024-04-02,2000000.00,4.511571,99.283203125
08:00:34,91282CKE0,TSRYS5765705,D,S,D,2024-04-02,2000000.00,4.511571,99.283203125
08:00:34,91282CKE0,TSRYS5765705,D,S,D,2024-04-02,3000000.00,4.524496,99.248046875
08:00:34,91282CKE0,TSRYS5765705,D,S,D,2024-04-02,2000000.00,4.520905,99.2578125
08:00:34,91282CKE0,TSRYS5765705,D,S,D,2024-04-02,2000000.00,4.526651,99.2421875
08:00:34,91282CKE0,TSRYS5765705,D,S,D,2024-04-02,1000000.00,4.526651,99.2421875
08:00:34,91282CKE0,TSRYS5765705,D,S,D,2024-04-02,1000000.00,4.526651,99.2421875
08:00:34,91282CKE0,TSRYS5765705,D,S,D,2024-04-02,2000000.00,4.526651,99.2421875
08:00:34,91282CKE0,TSRYS5765705,D,S,D,2024-04-02,1000000.00,4.526651,99.2421875
08:00:34,91282CKE0,TSRYS5765705,D,S,D,2024-04-02,2000000.00,4.523778,99.25
08:00:34,91282CKE0,TSRYS5765705,D,S,D,2024-04-02,1000000.00,4.52306,99.251953125
08:00:34,91282CKE0,TSRYS5765705,D,S,D,2024-04-02,2000000.00,4.523778,99.25
08:00:34,91282CKE0,TSRYS5765705,D,S,D,2024-04-02,1000000.00,4.523778,99.25
08:00:34,91282CKE0,TSRYS5765705,D,S,D,2024-04-02,1000000.00,4.523778,99.25
08:00:34,91282CKE0,TSRYS5765705,D,S,D,2024-04-02,2000000.00,4.525932,99.244140625
08:00:34,91282CKE0,TSRYS5765705,D,S,D,2024-04-02,1000000.00,4.525932,99.244140625
08:00:34,91282CKE0,TSRYS5765705,D,S,D,2024-04-02,1000000.00,4.525932,99.244140625
08:00:34,91282CKE0,TSRYS5765705,D,S,D,2024-04-02,2000000.00,4.525932,99.244140625
08:00:34,91282CKE0,TSRYS5765705,D,S,D,2024-04-02,2000000.00,4.526651,99.2421875
08:00:34,91282CKE0,TSRYS5765705,D,S,D,2024-04-02,1000000.00,4.526651,99.2421875
08:00:34,91282CKE0,TSRYS5765705,D,S,D,2024-04-02,3000000.00,4.525214,99.24609375
08:00:34,91282CKE0,TSRYS5765705,D,S,D,2024-04-02,1000000.00,4.525214,99.24609375
08:00:34,91282CKE0,TSRYS5765705,D,S,D,2024-04-02,1000000.00,4.525214,99.24609375
08:00:34,91282CKE0,TSRYS5765705,D,S,D,2024-04-02,1000000.00,4.525214,99.24609375
08:00:34,91282CKE0,TSRYS5765705,D,S,D,2024-04-02,2000000.00,4.525214,99.24609375
08:00:34,91282CKE0,TSRYS5765705,D,S,D,2024-04-02,2000000.00,4.525932,99.244140625
08:00:34,91282CKE0,TSRYS5765705,D,S,D,2024-04-02,1000000.00,4.526651,99.2421875
08:00:34,91282CKE0,TSRYS5765705,D,S,D,2024-04-02,1000000.00,4.526651,99.2421875
08:00:34,91282CKE0,TSRYS5765705,D,S,T,2024-04-02,5000000.00,4.500087,99.314453125
08:00:34,91282CKE0,TSRYS5765705,D,S,T,2024-04-02,2000000.00,4.50224,99.30859375
08:00:34,91282CKE0,TSRYS5765705,D,S,T,2024-04-02,1000000.00,4.50224,99.30859375
08:00:34,91282CKE0,TSRYS5765705,D,S,T,2024-04-02,1000000.00,4.50224,99.30859375
08:00:34,91282CKE0,TSRYS5765705,D,S,T,2024-04-02,2000000.00,4.501522,99.310546875
08:00:34,91282CKE0,TSRYS5765705,D,S,T,2024-04-02,2000000.00,4.501522,99.310546875
08:00:34,91282CKE0,TSRYS5765705,D,S,T,2024-04-02,2000000.00,4.500805,99.3125
08:00:34,91282CKE0,TSRYS5765705,D,S,T,2024-04-02,2000000.00,4.500805,99.3125
08:00:34,91282CKE0,TSRYS5765705,D,S,T,2024-04-02,1000000.00,4.500087,99.314453125
08:00:34,91282CKE0,TSRYS5765705,D,S,T,2024-04-02,2000000.00,4.501522,99.310546875
08:00:34,91282CKE0,TSRYS5765705,D,S,T,2024-04-02,2000000.00,4.501522,99.310546875
08:00:34,91282CKE0,TSRYS5765705,D,S,T,2024-04-02,2000000.00,4.497934,99.3203125
08:00:34,91282CKE0,TSRYS5765705,D,S,T,2024-04-02,2000000.00,4.497934,99.3203125
08:00:34,91282CKE0,TSRYS5765705,D,S,T,2024-04-02,2000000.00,4.497217,99.322265625
08:00:34,91282CKE0,TSRYS5765705,D,S,T,2024-04-02,2000000.00,4.497217,99.322265625
08:00:34,91282CKE0,TSRYS5765705,D,S,T,2024-04-02,2000000.00,4.495782,99.326171875
08:00:34,91282CKE0,TSRYS5765705,D,S,T,2024-04-02,2000000.00,4.495782,99.326171875
08:00:34,91282CKE0,TSRYS5765705,D,S,T,2024-04-02,2000000.00,4.495782,99.326171875
08:00:34,91282CKE0,TSRYS5765705,D,S,T,2024-04-02,1000000.00,4.495782,99.326171875
08:00:34,91282CKE0,TSRYS5765705,D,S,T,2024-04-02,2000000.00,4.495782,99.326171875
08:00:34,91282CKE0,TSRYS5765705,D,S,T,2024-04-02,2000000.00,4.495064,99.328125
08:00:34,91282CKE0,TSRYS5765705,D,S,T,2024-04-02,2000000.00,4.495064,99.328125
08:00:34,91282CKE0,TSRYS5765705,D,S,T,2024-04-02,2000000.00,4.494347,99.330078125
08:00:34,91282CKE0,TSRYS5765705,D,S,T,2024-04-02,2000000.00,4.495782,99.326171875
08:00:34,91282CKE0,TSRYS5765705,D,S,T,2024-04-02,2000000.00,4.495782,99.326171875
08:00:34,91282CKE0,TSRYS5765705,D,S,T,2024-04-02,1000000.00,4.497217,99.322265625
08:00:34,91282CKE0,TSRYS5765705,D,S,T,2024-04-02,1000000.00,4.497217,99.322265625
08:00:34,91282CKE0,TSRYS5765705,D,S,T,2024-04-02,1000000.00,4.497217,99.322265625
08:00:34,91282CKE0,TSRYS5765705,D,S,T,2024-04-02,1000000.00,4.497217,99.322265625
08:00:34,91282CKE0,TSRYS5765705,D,S,T,2024-04-02,2000000.00,4.497217,99.322265625
08:00:34,91282CKE0,TSRYS5765705,D,S,T,2024-04-02,1000000.00,4.497217,99.322265625
08:00:34,91282CKE0,TSRYS5765705,D,S,T,2024-04-02,1000000.00,4.500087,99.314453125
08:00:34,91282CKE0,TSRYS5765705,D,S,T,2024-04-02,1000000.00,4.500087,99.314453125
08:00:34,91282CKE0,TSRYS5765705,D,S,T,2024-04-02,1000000.00,4.500087,99.314453125
08:00:34,91282CKE0,TSRYS5765705,D,S,T,2024-04-02,1000000.00,4.500087,99.314453125
08:00:34,91282CKE0,TSRYS5765705,D,S,T,2024-04-02,2000000.00,4.504393,99.302734375
08:00:34,91282CKE0,TSRYS5765705,D,S,T,2024-04-02,2000000.00,4.504393,99.302734375
08:00:34,91282CKE0,TSRYS5765705,D,S,T,2024-04-02,2000000.00,4.504393,99.302734375
08:00:34,91282CKE0,TSRYS5765705,D,S,T,2024-04-02,1000000.00,4.505111,99.30078125
08:00:34,91282CKE0,TSRYS5765705,D,S,T,2024-04-02,1000000.00,4.504393,99.302734375
08:00:34,91282CKE0,TSRYS5765705,D,S,T,2024-04-02,1000000.00,4.504393,99.302734375
08:00:34,91282CKE0,TSRYS5765705,D,S,T,2024-04-02,1000000.00,4.504393,99.302734375
08:00:34,91282CKE0,TSRYS5765705,D,S,T,2024-04-02,1000000.00,4.509417,99.2890625
08:00:34,91282CKE0,TSRYS5765705,D,S,T,2024-04-02,2000000.00,4.509417,99.2890625
08:00:34,91282CKE0,TSRYS5765705,D,S,T,2024-04-02,1000000.00,4.509417,99.2890625
08:00:34,91282CKE0,TSRYS5765705,D,S,T,2024-04-02,1000000.00,4.506546,99.296875
08:00:34,91282CKE0,TSRYS5765705,D,S,T,2024-04-02,2000000.00,4.506546,99.296875
08:00:34,91282CKE0,TSRYS5765705,D,S,T,2024-04-02,2000000.00,4.506546,99.296875
08:00:34,91282CKE0,TSRYS5765705,D,S,T,2024-04-02,1000000.00,4.507982,99.29296875
08:00:34,91282CKE0,TSRYS5765705,D,S,T,2024-04-02,1000000.00,4.510135,99.287109375
08:00:34,91282CKE0,TSRYS5765705,D,S,T,2024-04-02,2000000.00,4.509417,99.2890625
08:00:34,91282CKE0,TSRYS5765705,D,S,T,2024-04-02,2000000.00,4.509417,99.2890625
08:00:34,91282CKE0,TSRYS5765705,D,S,T,2024-04-02,2000000.00,4.509417,99.2890625
08:00:34,91282CKE0,TSRYS5765705,D,S,T,2024-04-02,2000000.00,4.509417,99.2890625
08:00:34,91282CKE0,TSRYS5765705,D,S,T,2024-04-02,2000000.00,4.509417,99.2890625
08:00:34,91282CKE0,TSRYS5765705,D,S,T,2024-04-02,2000000.00,4.5087,99.291015625
08:00:34,91282CKE0,TSRYS5765705,D,S,T,2024-04-02,2000000.00,4.509417,99.2890625
08:00:34,91282CKE0,TSRYS5765705,D,S,T,2024-04-02,2000000.00,4.5087,99.291015625
08:00:34,91282CKE0,TSRYS5765705,D,S,T,2024-04-02,2000000.00,4.5087,99.291015625
08:00:34,91282CKE0,TSRYS5765705,D,S,T,2024-04-02,2000000.00,4.5087,99.291015625
08:00:34,91282CKE0,TSRYS5765705,D,S,T,2024-04-02,1000000.00,4.507264,99.294921875
08:00:34,91282CKE0,TSRYS5765705,D,S,T,2024-04-02,1000000.00,4.507264,99.294921875
08:00:34,91282CKE0,TSRYS5765705,D,S,T,2024-04-02,1000000.00,4.507264,99.294921875
08:00:34,91282CKE0,TSRYS5765705,D,S,T,2024-04-02,1000000.00,4.507264,99.294921875
08:00:34,91282CKE0,TSRYS5765705,D,S,T,2024-04-02,1000000.00,4.507264,99.294921875
08:00:34,91282CKE0,TSRYS5765705,D,S,T,2024-04-02,1000000.00,4.507264,99.294921875
08:00:34,91282CKE0,TSRYS5765705,D,S,T,2024-04-02,1000000.00,4.507264,99.294921875
08:00:34,91282CKE0,TSRYS5765705,D,S,T,2024-04-02,1000000.00,4.507264,99.294921875
08:00:34,91282CKE0,TSRYS5765705,D,S,T,2024-04-02,1000000.00,4.500087,99.314453125
08:00:34,91282CKE0,TSRYS5765705,D,S,T,2024-04-02,1000000.00,4.500087,99.314453125
08:00:34,91282CKE0,TSRYS5765705,D,S,T,2024-04-02,1000000.00,4.492912,99.333984375
08:00:34,91282CKE0,TSRYS5765705,D,S,T,2024-04-02,1000000.00,4.492912,99.333984375
08:00:34,91282CKE0,TSRYS5765705,D,S,T,2024-04-02,1000000.00,4.492912,99.333984375
08:00:34,91282CKE0,TSRYS5765705,D,S,T,2024-04-02,1000000.00,4.497217,99.322265625
08:00:34,91282CKE0,TSRYS5765705,D,S,T,2024-04-02,1000000.00,4.497217,99.322265625
08:00:34,91282CKE0,TSRYS5765705,D,S,T,2024-04-02,1000000.00,4.497217,99.322265625
08:00:34,91282CKE0,TSRYS5765705,D,S,T,2024-04-02,1000000.00,4.497217,99.322265625
08:00:34,91282CKE0,TSRYS5765705,D,S,T,2024-04-02,1000000.00,4.497217,99.322265625
08:00:34,91282CKE0,TSRYS5765705,D,S,T,2024-04-02,1000000.00,4.497217,99.322265625
08:00:34,91282CKE0,TSRYS5765705,D,S,T,2024-04-02,2000000.00,4.496499,99.32421875
08:00:34,91282CKE0,TSRYS5765705,D,S,T,2024-04-02,1000000.00,4.496499,99.32421875
08:00:34,91282CKE0,TSRYS5765705,D,S,T,2024-04-02,1000000.00,4.496499,99.32421875
08:00:34,91282CKE0,TSRYS5765705,D,S,T,2024-04-02,1000000.00,4.497217,99.322265625
08:00:34,91282CKE0,TSRYS5765705,D,S,T,2024-04-02,1000000.00,4.499369,99.31640625
08:00:34,91282CKE0,TSRYS5765705,D,S,T,2024-04-02,1000000.00,4.498652,99.318359375
08:00:34,91282CKE0,TSRYS5765705,D,S,T,2024-04-02,1000000.00,4.498652,99.318359375
08:00:34,91282CKE0,TSRYS5765705,D,S,T,2024-04-02,1000000.00,4.498652,99.318359375
08:00:34,91282CKE0,TSRYS5765705,D,S,T,2024-04-02,1000000.00,4.498652,99.318359375
08:00:34,91282CKE0,TSRYS5765705,D,S,T,2024-04-02,1000000.00,4.498652,99.318359375
08:00:34,91282CKE0,TSRYS5765705,D,S,T,2024-04-02,1000000.00,4.498652,99.318359375
08:00:34,91282CKE0,TSRYS5765705,D,S,T,2024-04-02,1000000.00,4.498652,99.318359375
08:00:34,91282CKE0,TSRYS5765705,D,S,T,2024-04-02,1000000.00,4.498652,99.318359375
08:00:34,91282CKE0,TSRYS5765705,D,S,T,2024-04-02,1000000.00,4.497217,99.322265625
08:00:34,91282CKE0,TSRYS5765705,D,S,T,2024-04-02,1000000.00,4.499369,99.31640625
08:00:34,91282CKE0,TSRYS5765705,D,S,T,2024-04-02,4000000.00,4.503675,99.3046875
08:00:34,91282CKE0,TSRYS5765705,D,S,T,2024-04-02,1000000.00,4.499369,99.31640625
08:00:34,91282CKE0,TSRYS5765705,D,S,T,2024-04-02,2000000.00,4.500087,99.314453125
08:00:34,91282CKE0,TSRYS5765705,D,S,T,2024-04-02,1000000.00,4.500087,99.314453125
08:00:34,91282CKE0,TSRYS5765705,D,S,T,2024-04-02,1000000.00,4.500087,99.314453125
08:00:34,91282CKE0,TSRYS5765705,D,S,T,2024-04-02,1000000.00,4.500087,99.314453125
08:00:34,91282CKE0,TSRYS5765705,D,S,T,2024-04-02,2000000.00,4.500087,99.314453125
08:00:34,91282CKE0,TSRYS5765705,D,S,T,2024-04-02,1000000.00,4.500087,99.314453125
08:00:34,91282CKE0,TSRYS5765705,D,S,T,2024-04-02,2000000.00,4.504393,99.302734375
08:00:34,91282CKE0,TSRYS5765705,D,S,T,2024-04-02,2000000.00,4.504393,99.302734375
08:00:34,91282CKE0,TSRYS5765705,D,S,T,2024-04-02,1000000.00,4.504393,99.302734375
08:00:34,91282CKE0,TSRYS5765705,D,S,T,2024-04-02,2000000.00,4.504393,99.302734375
08:00:34,91282CKE0,TSRYS5765705,D,S,T,2024-04-02,1000000.00,4.504393,99.302734375
08:00:34,91282CKE0,TSRYS5765705,D,S,T,2024-04-02,2000000.00,4.503675,99.3046875
08:00:34,91282CKE0,TSRYS5765705,D,S,T,2024-04-02,2000000.00,4.505828,99.298828125
08:00:34,91282CKE0,TSRYS5765705,D,S,T,2024-04-02,2000000.00,4.511571,99.283203125
08:00:34,91282CKE0,TSRYS5765705,D,S,T,2024-04-02,2000000.00,4.511571,99.283203125
08:00:34,91282CKE0,TSRYS5765705,D,S,T,2024-04-02,1000000.00,4.511571,99.283203125
08:00:34,91282CKE0,TSRYS5765705,D,S,T,2024-04-02,2000000.00,4.511571,99.283203125
08:00:34,91282CKE0,TSRYS5765705,D,S,T,2024-04-02,1000000.00,4.516597,99.26953125
08:00:34,91282CKE0,TSRYS5765705,D,S,T,2024-04-02,2000000.00,4.524496,99.248046875
08:00:34,91282CKE0,TSRYS5765705,D,S,T,2024-04-02,2000000.00,4.524496,99.248046875
08:00:34,91282CKE0,TSRYS5765705,D,S,T,2024-04-02,1000000.00,4.524496,99.248046875
08:00:34,91282CKE0,TSRYS5765705,D,S,T,2024-04-02,2000000.00,4.524496,99.248046875
08:00:34,91282CKE0,TSRYS5765705,D,S,T,2024-04-02,1000000.00,4.524496,99.248046875
08:00:34,91282CKE0,TSRYS5765705,D,S,T,2024-04-02,1000000.00,4.524496,99.248046875
08:00:34,91282CKE0,TSRYS5765705,D,S,T,2024-04-02,2000000.00,4.524496,99.248046875
08:00:34,91282CKE0,TSRYS5765705,D,S,T,2024-04-02,1000000.00,4.524496,99.248046875
08:00:34,91282CKE0,TSRYS5765705,D,S,T,2024-04-02,1000000.00,4.524496,99.248046875
08:00:34,91282CKE0,TSRYS5765705,D,S,T,2024-04-02,2000000.00,4.524496,99.248046875
08:00:34,91282CKE0,TSRYS5765705,D,S,D,2024-04-02,1000000.00,4.526651,99.2421875
08:00:34,91282CKE0,TSRYS5765705,D,S,T,2024-04-02,2000000.00,4.524496,99.248046875
08:00:34,91282CKE0,TSRYS5765705,D,S,T,2024-04-02,2000000.00,4.524496,99.248046875
08:00:34,91282CKE0,TSRYS5765705,D,S,D,2024-04-02,2000000.00,4.524496,99.248046875
08:00:34,91282CKE0,TSRYS5765705,D,S,T,2024-04-02,2000000.00,4.524496,99.248046875
08:00:34,91282CKE0,TSRYS5765705,D,S,T,2024-04-02,2000000.00,4.524496,99.248046875
08:00:34,91282CKE0,TSRYS5765705,D,S,T,2024-04-02,2000000.00,4.524496,99.248046875
08:00:34,91282CKE0,TSRYS5765705,D,S,T,2024-04-02,2000000.00,4.524496,99.248046875
08:00:34,91282CKE0,TSRYS5765705,D,S,T,2024-04-02,2000000.00,4.525214,99.24609375
08:00:34,91282CKE0,TSRYS5765705,D,S,T,2024-04-02,2000000.00,4.525214,99.24609375
08:00:34,91282CKE0,TSRYS5765705,D,S,T,2024-04-02,2000000.00,4.526651,99.2421875
08:00:34,91282CKE0,TSRYS5765705,D,S,T,2024-04-02,2000000.00,4.526651,99.2421875
08:00:34,91282CKE0,TSRYS5765705,D,S,T,2024-04-02,2000000.00,4.525932,99.244140625
08:00:34,91282CKE0,TSRYS5765705,D,S,T,2024-04-02,2000000.00,4.525932,99.244140625
08:00:34,91282CKE0,TSRYS5765705,D,S,T,2024-04-02,2000000.00,4.525932,99.244140625
08:00:34,91282CKE0,TSRYS5765705,D,S,T,2024-04-02,2000000.00,4.525932,99.244140625
08:00:34,91282CKE0,TSRYS5765705,D,S,T,2024-04-02,2000000.00,4.526651,99.2421875
08:00:34,91282CKE0,TSRYS5765705,D,S,T,2024-04-02,2000000.00,4.523778,99.25
08:00:34,91282CKE0,TSRYS5765705,D,S,T,2024-04-02,2000000.00,4.525932,99.244140625
08:00:34,91282CKE0,TSRYS5765705,D,S,T,2024-04-02,1000000.00,4.525932,99.244140625
08:00:34,91282CKE0,TSRYS5765705,D,S,T,2024-04-02,2000000.00,4.525932,99.244140625
08:00:34,91282CKE0,TSRYS5765705,D,S,T,2024-04-02,1000000.00,4.525932,99.244140625
08:00:34,91282CKE0,TSRYS5765705,D,S,T,2024-04-02,1000000.00,4.525932,99.244140625
08:00:34,91282CKE0,TSRYS5765705,D,S,T,2024-04-02,2000000.00,4.53096,99.23046875
08:00:34,91282CKE0,TSRYS5765705,D,S,T,2024-04-02,2000000.00,4.53096,99.23046875
08:00:34,91282CKE0,TSRYS5765705,D,S,D,2024-04-02,2000000.00,4.538145,99.2109375
08:00:34,91282CKE0,TSRYS5765705,D,S,T,2024-04-02,2000000.00,4.538145,99.2109375
08:00:34,91282CKE0,TSRYS5765705,D,S,T,2024-04-02,2000000.00,4.538145,99.2109375
08:00:34,91282CKE0,TSRYS5765705,D,S,T,2024-04-02,3000000.00,4.538145,99.2109375
08:00:34,91282CKE0,TSRYS5765705,D,S,T,2024-04-02,2000000.00,4.529524,99.234375
08:00:34,91282CKE0,TSRYS5765705,D,S,T,2024-04-02,2000000.00,4.529524,99.234375
08:00:34,91282CKE0,TSRYS5765705,D,S,T,2024-04-02,1000000.00,4.530242,99.232421875
08:00:34,91282CKE0,TSRYS5765705,D,S,T,2024-04-02,1000000.00,4.53096,99.23046875
08:00:34,91282CKE0,TSRYS5765705,D,S,D,2024-04-02,1000000.00,4.53096,99.23046875
08:00:34,91282CKE0,TSRYS5765705,D,S,T,2024-04-02,2000000.00,4.532397,99.2265625
08:00:34,91282CKE0,TSRYS5765705,D,S,T,2024-04-02,2000000.00,4.535271,99.21875
08:00:34,91282CKE0,TSRYS5765705,D,S,T,2024-04-02,1000000.00,4.535271,99.21875
08:00:34,91282CKE0,TSRYS5765705,D,S,T,2024-04-02,2000000.00,4.533116,99.224609375
08:00:34,91282CKE0,TSRYS5765705,D,S,T,2024-04-02,1000000.00,4.533116,99.224609375
08:00:34,91282CKE0,TSRYS5765705,D,S,T,2024-04-02,2000000.00,4.533116,99.224609375
08:00:34,91282CKE0,TSRYS5765705,D,S,T,2024-04-02,1000000.00,4.533834,99.22265625
08:00:34,91282CKE0,TSRYS5765705,D,S,D,2024-04-02,2000000.00,4.533834,99.22265625
08:00:34,91282CKE0,TSRYS5765705,D,S,D,2024-04-02,1000000.00,4.533834,99.22265625
08:00:34,91282CKE0,TSRYS5765705,D,S,D,2024-04-02,3000000.00,4.536708,99.21484375
08:00:34,91282CKE0,TSRYS5765705,D,S,T,2024-04-02,2000000.00,4.538145,99.2109375
08:00:34,91282CKE0,TSRYS5765705,D,S,D,2024-04-02,20000.00,4.515161,99.273438
08:00:38,91282CKE0,TSRYS5765705,D,S,T,2024-04-02,3000000.00,4.534552,99.220703125
08:00:38,91282CKE0,TSRYS5765705,D,S,T,2024-04-02,1000000.00,4.496499,99.32421875
08:00:42,91282CKE0,TSRYS5765705,D,S,T,2024-04-02,1000000.00,4.535308,99.21865
08:00:42,91282CKE0,TSRYS5765705,D,S,T,2024-04-02,1000000.00,4.535308,99.21865
08:00:42,91282CKE0,TSRYS5765705,D,S,T,2024-04-02,1000000.00,4.535271,99.21875
08:00:43,91282CKE0,TSRYS5765705,D,S,A,2024-04-02,8800000.00,4.493629,99.33203125
08:00:43,91282CKE0,TSRYS5765705,D,B,A,2024-04-02,54200000.00,4.493629,99.33203125
08:00:43,91282CKE0,TSRYS5765705,D,S,T,2024-04-02,1000000.00,4.493629,99.33203125
08:00:43,91282CKE0,TSRYS5765705,D,S,T,2024-04-02,1000000.00,4.493629,99.33203125
08:00:43,91282CKE0,TSRYS5765705,D,S,T,2024-04-02,12000000.00,4.494347,99.330078125
08:00:43,91282CKE0,TSRYS5765705,D,S,T,2024-04-02,1000000.00,4.495064,99.328125
08:00:43,91282CKE0,TSRYS5765705,D,S,T,2024-04-02,1000000.00,4.495064,99.328125
08:00:43,91282CKE0,TSRYS5765705,D,S,T,2024-04-02,1000000.00,4.495064,99.328125
08:00:43,91282CKE0,TSRYS5765705,D,S,T,2024-04-02,1000000.00,4.495064,99.328125
08:00:43,91282CKE0,TSRYS5765705,D,S,T,2024-04-02,1000000.00,4.495064,99.328125
08:00:43,91282CKE0,TSRYS5765705,D,S,D,2024-04-02,1000000.00,4.495064,99.328125
08:00:43,91282CKE0,TSRYS5765705,D,S,D,2024-04-02,1000000.00,4.499369,99.31640625
08:00:43,91282CKE0,TSRYS5765705,D,S,D,2024-04-02,500000.00,4.499369,99.31640625
08:00:43,91282CKE0,TSRYS5765705,D,S,T,2024-04-02,4000000.00,4.495064,99.328125
08:00:43,91282CKE0,TSRYS5765705,D,S,T,2024-04-02,1000000.00,4.495064,99.328125
08:00:43,91282CKE0,TSRYS5765705,D,S,T,2024-04-02,4000000.00,4.495064,99.328125
08:00:43,91282CKE0,TSRYS5765705,D,S,T,2024-04-02,1000000.00,4.496499,99.32421875
08:00:43,91282CKE0,TSRYS5765705,D,S,T,2024-04-02,1000000.00,4.503675,99.3046875
08:00:43,91282CKE0,TSRYS5765705,D,S,T,2024-04-02,1000000.00,4.503675,99.3046875
08:00:43,91282CKE0,TSRYS5765705,D,S,T,2024-04-02,1000000.00,4.50224,99.30859375
08:00:43,91282CKE0,TSRYS5765705,D,B,A,2024-04-02,9000000.00,4.495064,99.328125
08:00:43,91282CKE0,TSRYS5765705,D,S,T,2024-04-02,1000000.00,4.50224,99.30859375
08:00:43,91282CKE0,TSRYS5765705,D,S,T,2024-04-02,2000000.00,4.496499,99.32421875
08:00:43,91282CKE0,TSRYS5765705,D,S,T,2024-04-02,1000000.00,4.505111,99.30078125
08:00:43,91282CKE0,TSRYS5765705,D,S,T,2024-04-02,1000000.00,4.505111,99.30078125
08:00:43,91282CKE0,TSRYS5765705,D,S,T,2024-04-02,1000000.00,4.494347,99.330078125
08:00:43,91282CKE0,TSRYS5765705,D,S,D,2024-04-02,9200000.00,4.495064,99.328125
08:00:43,91282CKE0,TSRYS5765705,D,S,T,2024-04-02,1000000.00,4.503675,99.3046875
08:00:43,91282CKE0,TSRYS5765705,D,S,T,2024-04-02,1000000.00,4.503675,99.3046875
08:00:43,91282CKE0,TSRYS5765705,D,S,T,2024-04-02,1000000.00,4.500805,99.3125
08:00:43,91282CKE0,TSRYS5765705,D,S,T,2024-04-02,1000000.00,4.50224,99.30859375
08:00:43,91282CKE0,TSRYS5765705,D,S,T,2024-04-02,2000000.00,4.500805,99.3125
08:00:43,91282CKE0,TSRYS5765705,D,S,T,2024-04-02,2000000.00,4.500805,99.3125
08:00:43,91282CKE0,TSRYS5765705,D,S,T,2024-04-02,1000000.00,4.500805,99.3125
08:00:43,91282CKE0,TSRYS5765705,D,S,T,2024-04-02,1000000.00,4.500805,99.3125
08:00:43,91282CKE0,TSRYS5765705,D,S,T,2024-04-02,1000000.00,4.500805,99.3125
08:00:43,91282CKE0,TSRYS5765705,D,S,T,2024-04-02,1000000.00,4.497934,99.3203125
08:00:43,91282CKE0,TSRYS5765705,D,S,T,2024-04-02,1000000.00,4.500805,99.3125
08:00:43,91282CKE0,TSRYS5765705,D,S,T,2024-04-02,1000000.00,4.500805,99.3125
08:00:43,91282CKE0,TSRYS5765705,D,S,T,2024-04-02,1000000.00,4.500805,99.3125
08:00:43,91282CKE0,TSRYS5765705,D,S,T,2024-04-02,1000000.00,4.495064,99.328125
08:00:43,91282CKE0,TSRYS5765705,D,S,T,2024-04-02,2000000.00,4.500805,99.3125
08:00:43,91282CKE0,TSRYS5765705,D,S,T,2024-04-02,1000000.00,4.500805,99.3125
08:00:43,91282CKE0,TSRYS5765705,D,S,T,2024-04-02,1000000.00,4.499369,99.31640625
08:00:43,91282CKE0,TSRYS5765705,D,S,T,2024-04-02,2000000.00,4.495064,99.328125
08:00:43,91282CKE0,TSRYS5765705,D,S,T,2024-04-02,1000000.00,4.499369,99.31640625
08:00:43,91282CKE0,TSRYS5765705,D,S,T,2024-04-02,3000000.00,4.499369,99.31640625
08:00:43,91282CKE0,TSRYS5765705,D,S,T,2024-04-02,2000000.00,4.499369,99.31640625
08:00:43,91282CKE0,TSRYS5765705,D,S,T,2024-04-02,1000000.00,4.499369,99.31640625
08:00:43,91282CKE0,TSRYS5765705,D,S,T,2024-04-02,2000000.00,4.497934,99.3203125
08:00:43,91282CKE0,TSRYS5765705,D,S,T,2024-04-02,2000000.00,4.497934,99.3203125
08:00:43,91282CKE0,TSRYS5765705,D,S,T,2024-04-02,1000000.00,4.497934,99.3203125
08:00:43,91282CKE0,TSRYS5765705,D,B,C,2024-04-02,46000000.00,4.502163,99.3088038383
08:00:43,91282CKE0,TSRYS5765705,D,S,T,2024-04-02,2000000.00,4.497934,99.3203125
08:00:43,91282CKE0,TSRYS5765705,D,S,T,2024-04-02,3000000.00,4.497934,99.3203125
08:00:43,91282CKE0,TSRYS5765705,D,S,T,2024-04-02,1000000.00,4.497934,99.3203125
08:00:43,91282CKE0,TSRYS5765705,D,S,T,2024-04-02,3000000.00,4.497934,99.3203125
08:00:43,91282CKE0,TSRYS5765705,D,S,T,2024-04-02,6000000.00,4.497934,99.3203125
08:00:43,91282CKE0,TSRYS5765705,D,S,T,2024-04-02,1000000.00,4.497934,99.3203125
08:00:43,91282CKE0,TSRYS5765705,D,S,T,2024-04-02,3000000.00,4.497934,99.3203125
08:00:43,91282CKE0,TSRYS5765705,D,S,T,2024-04-02,1000000.00,4.497217,99.322265625
08:00:43,91282CKE0,TSRYS5765705,D,S,T,2024-04-02,1000000.00,4.497934,99.3203125
08:00:43,91282CKE0,TSRYS5765705,D,S,T,2024-04-02,1000000.00,4.497934,99.3203125
08:00:43,91282CKE0,TSRYS5765705,D,S,T,2024-04-02,1000000.00,4.497217,99.322265625
08:00:43,91282CKE0,TSRYS5765705,D,S,T,2024-04-02,1000000.00,4.499369,99.31640625
08:00:43,91282CKE0,TSRYS5765705,D,S,T,2024-04-02,1000000.00,4.499369,99.31640625
08:00:43,91282CKE0,TSRYS5765705,D,S,T,2024-04-02,1000000.00,4.499369,99.31640625
08:00:43,91282CKE0,TSRYS5765705,D,S,T,2024-04-02,2000000.00,4.497934,99.3203125
08:00:43,91282CKE0,TSRYS5765705,D,S,T,2024-04-02,1000000.00,4.497934,99.3203125
08:00:43,91282CKE0,TSRYS5765705,D,S,T,2024-04-02,1000000.00,4.497934,99.3203125
08:00:43,91282CKE0,TSRYS5765705,D,S,T,2024-04-02,1000000.00,4.499369,99.31640625
08:00:43,91282CKE0,TSRYS5765705,D,S,T,2024-04-02,1000000.00,4.499369,99.31640625
08:00:43,91282CKE0,TSRYS5765705,D,S,T,2024-04-02,2000000.00,4.499369,99.31640625
08:00:43,91282CKE0,TSRYS5765705,D,S,T,2024-04-02,1000000.00,4.499369,99.31640625
08:00:43,91282CKE0,TSRYS5765705,D,S,T,2024-04-02,1000000.00,4.499369,99.31640625
08:00:43,91282CKE0,TSRYS5765705,D,S,T,2024-04-02,1000000.00,4.499369,99.31640625
08:00:43,91282CKE0,TSRYS5765705,D,S,T,2024-04-02,1000000.00,4.499369,99.31640625
08:00:43,91282CKE0,TSRYS5765705,D,S,T,2024-04-02,1000000.00,4.497934,99.3203125
08:00:43,91282CKE0,TSRYS5765705,D,B,C,2024-04-02,46000000.00,4.499167,99.3169560122
08:00:43,91282CKE0,TSRYS5765705,D,S,D,2024-04-02,500000.00,4.496499,99.32421875
08:00:44,91282CKE0,TSRYS5765705,D,S,C,2024-04-02,13880000.00,4.497934,99.3203125
08:00:44,91282CKE0,TSRYS5765705,D,S,T,2024-04-02,1000000.00,4.495064,99.328125
08:00:44,91282CKE0,TSRYS5765705,D,S,T,2024-04-02,1000000.00,4.497934,99.3203125
08:00:44,91282CKE0,TSRYS5765705,D,S,T,2024-04-02,1000000.00,4.507982,99.29296875
08:00:44,91282CKE0,TSRYS5765705,D,S,T,2024-04-02,1000000.00,4.507982,99.29296875
08:00:44,91282CKE0,TSRYS5765705,D,S,T,2024-04-02,1000000.00,4.507982,99.29296875
08:00:44,91282CKE0,TSRYS5765705,D,S,T,2024-04-02,2000000.00,4.493629,99.33203125
08:00:44,91282CKE0,TSRYS5765705,D,S,A,2024-04-02,500000.00,4.506546,99.296875
08:00:44,91282CKE0,TSRYS5765705,D,S,T,2024-04-02,1000000.00,4.506546,99.296875
08:00:44,91282CKE0,TSRYS5765705,D,S,T,2024-04-02,1000000.00,4.506546,99.296875
08:00:44,91282CKE0,TSRYS5765705,D,S,T,2024-04-02,1000000.00,4.506546,99.296875
08:00:44,91282CKE0,TSRYS5765705,D,B,C,2024-04-02,250MM+,4.512289,99.28125
08:00:44,91282CKE0,TSRYS5765705,D,S,T,2024-04-02,1000000.00,4.509417,99.2890625
08:00:44,91282CKE0,TSRYS5765705,D,S,T,2024-04-02,1000000.00,4.509417,99.2890625
08:00:44,91282CKE0,TSRYS5765705,D,S,D,2024-04-02,163000000.00,4.509668,99.28838
08:00:44,91282CKE0,TSRYS5765705,D,S,C,2024-04-02,1300000.00,4.507982,99.29296875
08:00:44,91282CKE0,TSRYS5765705,D,S,T,2024-04-02,1000000.00,4.503675,99.3046875
08:00:44,91282CKE0,TSRYS5765705,D,S,C,2024-04-02,300000.00,4.499369,99.31640625
08:00:44,91282CKE0,TSRYS5765705,D,S,T,2024-04-02,1000000.00,4.505111,99.30078125
08:00:44,91282CKE0,TSRYS5765705,D,S,T,2024-04-02,1000000.00,4.500805,99.3125
08:00:44,91282CKE0,TSRYS5765705,D,S,D,2024-04-02,1000000.00,4.496499,99.32421875
08:00:44,91282CKE0,TSRYS5765705,D,S,D,2024-04-02,1000000.00,4.496499,99.32421875
08:00:44,91282CKE0,TSRYS5765705,D,B,C,2024-04-02,15000000.00,4.499369,99.31640625
08:00:44,91282CKE0,TSRYS5765705,D,B,C,2024-04-02,85500000.00,4.497934,99.3203125
08:00:44,91282CKE0,TSRYS5765705,D,S,T,2024-04-02,1000000.00,4.50224,99.30859375
08:00:44,91282CKE0,TSRYS5765705,D,S,T,2024-04-02,1000000.00,4.50224,99.30859375
08:00:44,91282CKE0,TSRYS5765705,D,S,D,2024-04-02,1000000.00,4.503675,99.3046875
08:00:44,91282CKE0,TSRYS5765705,D,S,T,2024-04-02,1000000.00,4.501522,99.310546875
08:00:44,91282CKE0,TSRYS5765705,D,S,T,2024-04-02,1000000.00,4.501522,99.310546875
08:00:44,91282CKE0,TSRYS5765705,D,S,T,2024-04-02,1000000.00,4.500805,99.3125
08:00:44,91282CKE0,TSRYS5765705,D,S,T,2024-04-02,1000000.00,4.501522,99.310546875
08:00:44,91282CKE0,TSRYS5765705,D,S,T,2024-04-02,1000000.00,4.500805,99.3125
08:00:44,91282CKE0,TSRYS5765705,D,S,T,2024-04-02,1000000.00,4.501522,99.310546875
08:00:44,91282CKE0,TSRYS5765705,D,S,T,2024-04-02,1000000.00,4.500805,99.3125
08:00:44,91282CKE0,TSRYS5765705,D,S,T,2024-04-02,1000000.00,4.501522,99.310546875
08:00:44,91282CKE0,TSRYS5765705,D,S,T,2024-04-02,1000000.00,4.500805,99.3125
08:00:44,91282CKE0,TSRYS5765705,D,S,T,2024-04-02,1000000.00,4.498652,99.318359375
08:00:44,91282CKE0,TSRYS5765705,D,S,T,2024-04-02,1000000.00,4.498652,99.318359375
08:00:44,91282CKE0,TSRYS5765705,D,S,T,2024-04-02,1000000.00,4.501522,99.310546875
08:00:44,91282CKE0,TSRYS5765705,D,S,T,2024-04-02,1000000.00,4.499369,99.31640625
08:00:44,91282CKE0,TSRYS5765705,D,S,T,2024-04-02,1000000.00,4.499369,99.31640625
08:00:44,91282CKE0,TSRYS5765705,D,S,D,2024-04-02,1000000.00,4.500805,99.3125
08:00:44,91282CKE0,TSRYS5765705,D,S,T,2024-04-02,1000000.00,4.499369,99.31640625
08:00:44,91282CKE0,TSRYS5765705,D,S,D,2024-04-02,1000000.00,4.501522,99.310546875
08:00:44,91282CKE0,TSRYS5765705,D,S,T,2024-04-02,1000000.00,4.497934,99.3203125
08:00:44,91282CKE0,TSRYS5765705,D,S,T,2024-04-02,1000000.00,4.497934,99.3203125
08:00:44,91282CKE0,TSRYS5765705,D,S,D,2024-04-02,1000000.00,4.497934,99.3203125
08:00:44,91282CKE0,TSRYS5765705,D,S,T,2024-04-02,1000000.00,4.497934,99.3203125
08:00:44,91282CKE0,TSRYS5765705,D,S,T,2024-04-02,1000000.00,4.497934,99.3203125
08:00:44,91282CKE0,TSRYS5765705,D,S,T,2024-04-02,1000000.00,4.497934,99.3203125
08:00:44,91282CKE0,TSRYS5765705,D,S,T,2024-04-02,1000000.00,4.496499,99.32421875
08:00:44,91282CKE0,TSRYS5765705,D,S,T,2024-04-02,1000000.00,4.496499,99.32421875
08:00:44,91282CKE0,TSRYS5765705,D,S,T,2024-04-02,1000000.00,4.496499,99.32421875
08:00:44,91282CKE0,TSRYS5765705,D,S,T,2024-04-02,1000000.00,4.499369,99.31640625
08:00:44,91282CKE0,TSRYS5765705,D,S,T,2024-04-02,1000000.00,4.499369,99.31640625
08:00:44,91282CKE0,TSRYS5765705,D,S,T,2024-04-02,1000000.00,4.499369,99.31640625
08:00:44,91282CKE0,TSRYS5765705,D,S,T,2024-04-02,1000000.00,4.499369,99.31640625
08:00:44,91282CKE0,TSRYS5765705,D,S,T,2024-04-02,1000000.00,4.499369,99.31640625
08:00:44,91282CKE0,TSRYS5765705,D,S,T,2024-04-02,1000000.00,4.499369,99.31640625
08:00:44,91282CKE0,TSRYS5765705,D,S,D,2024-04-02,163000000.00,4.500382,99.31365
08:00:44,91282CKE0,TSRYS5765705,D,S,T,2024-04-02,1000000.00,4.497217,99.322265625
08:00:44,91282CKE0,TSRYS5765705,D,S,T,2024-04-02,1000000.00,4.495782,99.326171875
08:00:45,91282CKE0,TSRYS5765705,D,S,T,2024-04-02,1000000.00,4.495064,99.328125
08:00:45,91282CKE0,TSRYS5765705,D,S,T,2024-04-02,1000000.00,4.495064,99.328125
08:00:45,91282CKE0,TSRYS5765705,D,S,T,2024-04-02,2000000.00,4.495064,99.328125
08:00:45,91282CKE0,TSRYS5765705,D,S,T,2024-04-02,1000000.00,4.495064,99.328125
08:00:45,91282CKE0,TSRYS5765705,D,S,T,2024-04-02,1000000.00,4.495064,99.328125
08:00:45,91282CKE0,TSRYS5765705,D,S,T,2024-04-02,1000000.00,4.495064,99.328125
08:00:45,91282CKE0,TSRYS5765705,D,S,T,2024-04-02,1000000.00,4.495064,99.328125
08:00:45,91282CKE0,TSRYS5765705,D,S,T,2024-04-02,1000000.00,4.495064,99.328125
08:00:45,91282CKE0,TSRYS5765705,D,S,T,2024-04-02,1000000.00,4.495064,99.328125
08:00:45,91282CKE0,TSRYS5765705,D,S,T,2024-04-02,1000000.00,4.50224,99.30859375
08:00:45,91282CKE0,TSRYS5765705,D,B,C,2024-04-02,11500000.00,4.505111,99.30078125
08:00:45,91282CKE0,TSRYS5765705,D,S,T,2024-04-02,1000000.00,4.505111,99.30078125
08:00:45,91282CKE0,TSRYS5765705,D,S,T,2024-04-02,1000000.00,4.496499,99.32421875
08:00:45,91282CKE0,TSRYS5765705,D,S,A,2024-04-02,1000000.00,4.503675,99.3046875
08:00:45,91282CKE0,TSRYS5765705,D,S,D,2024-04-02,250MM+,4.504483,99.30249
08:00:45,91282CKE0,TSRYS5765705,D,S,T,2024-04-02,1000000.00,4.498652,99.318359375
08:00:45,91282CKE0,TSRYS5765705,D,S,T,2024-04-02,1000000.00,4.497934,99.3203125
08:00:45,91282CKE0,TSRYS5765705,D,S,T,2024-04-02,1000000.00,4.497934,99.3203125
08:00:45,91282CKE0,TSRYS5765705,D,S,T,2024-04-02,1000000.00,4.497934,99.3203125
08:00:45,91282CKE0,TSRYS5765705,D,S,T,2024-04-02,1000000.00,4.497934,99.3203125
08:00:45,91282CKE0,TSRYS5765705,D,S,A,2024-04-02,12000000.00,4.506546,99.296875
08:00:45,91282CKE0,TSRYS5765705,D,S,A,2024-04-02,2000000.00,4.506546,99.296875
08:00:45,91282CKE0,TSRYS5765705,D,S,A,2024-04-02,1000000.00,4.506546,99.296875
08:00:45,91282CKE0,TSRYS5765705,D,S,A,2024-04-02,1000000.00,4.506546,99.296875
08:00:45,91282CKE0,TSRYS5765705,D,S,T,2024-04-02,1000000.00,4.497934,99.3203125
08:00:45,91282CKE0,TSRYS5765705,D,S,A,2024-04-02,4000000.00,4.506546,99.296875
08:00:45,91282CKE0,TSRYS5765705,D,S,A,2024-04-02,2000000.00,4.506546,99.296875
08:00:45,91282CKE0,TSRYS5765705,D,S,A,2024-04-02,2000000.00,4.506546,99.296875
08:00:45,91282CKE0,TSRYS5765705,D,S,A,2024-04-02,1000000.00,4.506546,99.296875
08:00:45,91282CKE0,TSRYS5765705,D,S,A,2024-04-02,1000000.00,4.506546,99.296875
08:00:45,91282CKE0,TSRYS5765705,D,S,A,2024-04-02,1000000.00,4.506546,99.296875
08:00:45,91282CKE0,TSRYS5765705,D,S,A,2024-04-02,1000000.00,4.506546,99.296875
08:00:45,91282CKE0,TSRYS5765705,D,S,A,2024-04-02,3000000.00,4.506546,99.296875
08:00:45,91282CKE0,TSRYS5765705,D,S,A,2024-04-02,1000000.00,4.506546,99.296875
08:00:45,91282CKE0,TSRYS5765705,D,S,A,2024-04-02,1000000.00,4.506546,99.296875
08:00:45,91282CKE0,TSRYS5765705,D,S,A,2024-04-02,1000000.00,4.506546,99.296875
08:00:45,91282CKE0,TSRYS5765705,D,S,A,2024-04-02,1000000.00,4.506546,99.296875
08:00:45,91282CKE0,TSRYS5765705,D,S,A,2024-04-02,1000000.00,4.506546,99.296875
08:00:45,91282CKE0,TSRYS5765705,D,S,A,2024-04-02,1000000.00,4.506546,99.296875
08:00:45,91282CKE0,TSRYS5765705,D,S,A,2024-04-02,1000000.00,4.506546,99.296875
08:00:45,91282CKE0,TSRYS5765705,D,S,T,2024-04-02,1000000.00,4.497934,99.3203125
08:00:45,91282CKE0,TSRYS5765705,D,S,A,2024-04-02,1000000.00,4.506546,99.296875
08:00:45,91282CKE0,TSRYS5765705,D,S,A,2024-04-02,1000000.00,4.506546,99.296875
08:00:45,91282CKE0,TSRYS5765705,D,S,A,2024-04-02,1000000.00,4.506546,99.296875
08:00:45,91282CKE0,TSRYS5765705,D,S,A,2024-04-02,1000000.00,4.506546,99.296875
08:00:45,91282CKE0,TSRYS5765705,D,S,A,2024-04-02,1000000.00,4.506546,99.296875
08:00:45,91282CKE0,TSRYS5765705,D,S,A,2024-04-02,1000000.00,4.506546,99.296875
08:00:45,91282CKE0,TSRYS5765705,D,S,A,2024-04-02,4000000.00,4.506546,99.296875
08:00:45,91282CKE0,TSRYS5765705,D,S,A,2024-04-02,1000000.00,4.506546,99.296875
08:00:45,91282CKE0,TSRYS5765705,D,S,A,2024-04-02,1000000.00,4.506546,99.296875
08:00:45,91282CKE0,TSRYS5765705,D,S,A,2024-04-02,2000000.00,4.506546,99.296875
08:00:45,91282CKE0,TSRYS5765705,D,S,A,2024-04-02,4000000.00,4.506546,99.296875
08:00:45,91282CKE0,TSRYS5765705,D,S,A,2024-04-02,1000000.00,4.506546,99.296875
08:00:45,91282CKE0,TSRYS5765705,D,S,A,2024-04-02,5000000.00,4.506546,99.296875
08:00:45,91282CKE0,TSRYS5765705,D,S,A,2024-04-02,4000000.00,4.506546,99.296875
08:00:45,91282CKE0,TSRYS5765705,D,S,A,2024-04-02,1000000.00,4.506546,99.296875
08:00:45,91282CKE0,TSRYS5765705,D,S,A,2024-04-02,8000000.00,4.506546,99.296875
08:00:45,91282CKE0,TSRYS5765705,D,S,D,2024-04-02,5500000.00,4.500805,99.3125
08:00:45,91282CKE0,TSRYS5765705,D,S,A,2024-04-02,2000000.00,4.509417,99.2890625
08:00:45,91282CKE0,TSRYS5765705,D,S,A,2024-04-02,2000000.00,4.509417,99.2890625
08:00:45,91282CKE0,TSRYS5765705,D,S,A,2024-04-02,2000000.00,4.509417,99.2890625
08:00:45,91282CKE0,TSRYS5765705,D,S,T,2024-04-02,1000000.00,4.503675,99.3046875
08:00:45,91282CKE0,TSRYS5765705,D,S,T,2024-04-02,1000000.00,4.503675,99.3046875
08:00:45,91282CKE0,TSRYS5765705,D,S,T,2024-04-02,1000000.00,4.503675,99.3046875
08:00:45,91282CKE0,TSRYS5765705,D,S,D,2024-04-02,1000000.00,4.499369,99.31640625
08:00:45,91282CKE0,TSRYS5765705,D,S,T,2024-04-02,1000000.00,4.526651,99.2421875
08:00:45,91282CKE0,TSRYS5765705,D,S,A,2024-04-02,1000000.00,4.523778,99.25
08:00:45,91282CKE0,TSRYS5765705,D,S,A,2024-04-02,4000000.00,4.524496,99.248046875
08:00:45,91282CKE0,TSRYS5765705,D,S,T,2024-04-02,1000000.00,4.509417,99.2890625
08:00:45,91282CKE0,TSRYS5765705,D,S,D,2024-04-02,1000000.00,4.509417,99.2890625
08:00:45,91282CKE0,TSRYS5765705,D,S,T,2024-04-02,1000000.00,4.509417,99.2890625
08:00:45,91282CKE0,TSRYS5765705,D,S,D,2024-04-02,1000000.00,4.509417,99.2890625
08:00:45,91282CKE0,TSRYS5765705,D,S,D,2024-04-02,1000000.00,4.509417,99.2890625
08:00:45,91282CKE0,TSRYS5765705,D,S,T,2024-04-02,1000000.00,4.509417,99.2890625
08:00:45,91282CKE0,TSRYS5765705,D,S,T,2024-04-02,5000000.00,4.523778,99.25
08:00:45,91282CKE0,TSRYS5765705,D,S,D,2024-04-02,1000000.00,4.507982,99.29296875
08:00:45,91282CKE0,TSRYS5765705,D,S,T,2024-04-02,1000000.00,4.507982,99.29296875
08:00:45,91282CKE0,TSRYS5765705,D,S,T,2024-04-02,1000000.00,4.509417,99.2890625
08:00:45,91282CKE0,TSRYS5765705,D,S,C,2024-04-02,162100.00,4.523978,99.25
08:00:45,91282CKE0,TSRYS5765705,D,S,T,2024-04-02,1000000.00,4.507982,99.29296875
08:00:45,91282CKE0,TSRYS5765705,D,S,T,2024-04-02,1000000.00,4.53096,99.23046875
08:00:45,91282CKE0,TSRYS5765705,D,S,T,2024-04-02,1000000.00,4.506546,99.296875
08:00:45,91282CKE0,TSRYS5765705,D,S,T,2024-04-02,1000000.00,4.506546,99.296875
08:00:45,91282CKE0,TSRYS5765705,D,S,T,2024-04-02,1000000.00,4.507982,99.29296875
08:00:45,91282CKE0,TSRYS5765705,D,S,T,2024-04-02,1000000.00,4.5087,99.291015625
08:00:45,91282CKE0,TSRYS5765705,D,S,T,2024-04-02,1000000.00,4.511571,99.283203125
08:00:45,91282CKE0,TSRYS5765705,D,S,T,2024-04-02,1000000.00,4.509417,99.2890625
08:00:45,91282CKE0,TSRYS5765705,D,S,T,2024-04-02,1000000.00,4.510135,99.287109375
08:00:45,91282CKE0,TSRYS5765705,D,S,T,2024-04-02,1000000.00,4.509417,99.2890625
08:00:45,91282CKE0,TSRYS5765705,D,S,T,2024-04-02,1000000.00,4.5087,99.291015625
08:00:45,91282CKE0,TSRYS5765705,D,S,T,2024-04-02,1000000.00,4.509417,99.2890625
08:00:45,91282CKE0,TSRYS5765705,D,S,T,2024-04-02,1000000.00,4.509417,99.2890625
08:00:45,91282CKE0,TSRYS5765705,D,S,T,2024-04-02,1000000.00,4.510135,99.287109375
08:00:45,91282CKE0,TSRYS5765705,D,S,T,2024-04-02,1000000.00,4.509417,99.2890625
08:00:45,91282CKE0,TSRYS5765705,D,S,T,2024-04-02,1000000.00,4.509417,99.2890625
08:00:45,91282CKE0,TSRYS5765705,D,S,T,2024-04-02,1000000.00,4.509417,99.2890625
08:00:45,91282CKE0,TSRYS5765705,D,S,T,2024-04-02,1000000.00,4.509417,99.2890625
08:00:45,91282CKE0,TSRYS5765705,D,S,T,2024-04-02,1000000.00,4.507982,99.29296875
08:00:45,91282CKE0,TSRYS5765705,D,S,T,2024-04-02,1000000.00,4.5087,99.291015625
08:00:45,91282CKE0,TSRYS5765705,D,S,T,2024-04-02,1000000.00,4.5087,99.291015625
08:00:45,91282CKE0,TSRYS5765705,D,S,D,2024-04-02,1000000.00,4.507982,99.29296875
08:00:45,91282CKE0,TSRYS5765705,D,S,T,2024-04-02,1000000.00,4.5087,99.291015625
08:00:45,91282CKE0,TSRYS5765705,D,S,T,2024-04-02,1000000.00,4.529524,99.234375
08:00:45,91282CKE0,TSRYS5765705,D,S,D,2024-04-02,1000000.00,4.5087,99.291015625
08:00:45,91282CKE0,TSRYS5765705,D,S,D,2024-04-02,1000000.00,4.5087,99.291015625
08:00:45,91282CKE0,TSRYS5765705,D,S,T,2024-04-02,1000000.00,4.5087,99.291015625
08:00:45,91282CKE0,TSRYS5765705,D,S,T,2024-04-02,1000000.00,4.5087,99.291015625
08:00:45,91282CKE0,TSRYS5765705,D,S,T,2024-04-02,1000000.00,4.5087,99.291015625
08:00:45,91282CKE0,TSRYS5765705,D,S,T,2024-04-02,1000000.00,4.5087,99.291015625
08:00:45,91282CKE0,TSRYS5765705,D,S,T,2024-04-02,1000000.00,4.5087,99.291015625
08:00:45,91282CKE0,TSRYS5765705,D,S,T,2024-04-02,1000000.00,4.5087,99.291015625
08:00:45,91282CKE0,TSRYS5765705,D,S,D,2024-04-02,2000000.00,4.532397,99.2265625
08:00:45,91282CKE0,TSRYS5765705,D,S,T,2024-04-02,1000000.00,4.507264,99.294921875
08:00:45,91282CKE0,TSRYS5765705,D,S,T,2024-04-02,1000000.00,4.506546,99.296875
08:00:45,91282CKE0,TSRYS5765705,D,S,T,2024-04-02,1000000.00,4.505828,99.298828125
08:00:45,91282CKE0,TSRYS5765705,D,S,T,2024-04-02,1000000.00,4.50224,99.30859375
08:00:45,91282CKE0,TSRYS5765705,D,S,T,2024-04-02,1000000.00,4.502958,99.306640625
08:00:45,91282CKE0,TSRYS5765705,D,S,T,2024-04-02,1000000.00,4.500805,99.3125
08:00:45,91282CKE0,TSRYS5765705,D,S,T,2024-04-02,1000000.00,4.505111,99.30078125
08:00:45,91282CKE0,TSRYS5765705,D,S,T,2024-04-02,1000000.00,4.496499,99.32421875
08:00:45,91282CKE0,TSRYS5765705,D,S,D,2024-04-02,1000000.00,4.492912,99.333984375
08:00:45,91282CKE0,TSRYS5765705,D,S,D,2024-04-02,1000000.00,4.495782,99.326171875
08:00:45,91282CKE0,TSRYS5765705,D,S,D,2024-04-02,1000000.00,4.495782,99.326171875
08:00:45,91282CKE0,TSRYS5765705,D,S,D,2024-04-02,1000000.00,4.495782,99.326171875
