tradeTime,cusip,issueSymbolIdentifier,priceType,reportingSideCode,contraPartyTypeCode,tradeDate,reportedTradeVolume,lastSaleYield,lastSalePrice
08:00:05,91282CKR1,TSRYS5802848,D,S,D,2024-05-09,1000000.00,4.654414,99.572265625
08:00:05,91282CKR1,TSRYS5802848,D,S,D,2024-05-09,2000000.00,4.657949,99.5625
08:00:05,91282CKR1,TSRYS5802848,D,S,D,2024-05-09,1000000.00,4.657949,99.5625
08:00:05,91282CKR1,TSRYS5802848,D,S,D,2024-05-09,1000000.00,4.657949,99.5625
08:00:05,91282CKR1,TSRYS5802848,D,S,D,2024-05-09,1000000.00,4.657949,99.5625
08:00:05,91282CKR1,TSRYS5802848,D,S,D,2024-05-09,1000000.00,4.66007,99.556640625
08:00:05,91282CKR1,TSRYS5802848,D,S,D,2024-05-09,1000000.00,4.660777,99.5546875
08:00:05,91282CKR1,TSRYS5802848,D,S,D,2024-05-09,1000000.00,4.660777,99.5546875
08:00:05,91282CKR1,TSRYS5802848,D,S,T,2024-05-09,1000000.00,4.667848,99.53515625
08:00:05,91282CKR1,TSRYS5802848,D,S,D,2024-05-09,1000000.00,4.669263,99.53125
08:00:05,91282CKR1,TSRYS5802848,D,S,D,2024-05-09,2000000.00,4.669263,99.53125
08:00:09,91282CKR1,TSRYS5802848,D,S,T,2024-05-09,1000000.00,4.673507,99.51953125
08:00:09,91282CKR1,TSRYS5802848,D,S,T,2024-05-09,1000000.00,4.6728,99.521484375
08:00:09,91282CKR1,TSRYS5802848,D,S,T,2024-05-09,4000000.00,4.669263,99.53125
08:00:09,91282CKR1,TSRYS5802848,D,S,T,2024-05-09,8000000.00,4.669263,99.53125
08:00:09,91282CKR1,TSRYS5802848,D,S,T,2024-05-09,13000000.00,4.669263,99.53125
08:00:09,91282CKR1,TSRYS5802848,D,S,D,2024-05-09,1000000.00,4.668556,99.533203125
08:00:09,91282CKR1,TSRYS5802848,D,S,T,2024-05-09,1000000.00,4.669263,99.53125
08:00:09,91282CKR1,TSRYS5802848,D,S,D,2024-05-09,1000000.00,4.663605,99.546875
08:00:09,91282CKR1,TSRYS5802848,D,S,D,2024-05-09,1000000.00,4.666434,99.5390625
08:00:09,91282CKR1,TSRYS5802848,D,S,D,2024-05-09,2000000.00,4.667848,99.53515625
08:00:09,91282CKR1,TSRYS5802848,D,S,D,2024-05-09,1000000.00,4.667848,99.53515625
08:00:09,91282CKR1,TSRYS5802848,D,S,D,2024-05-09,1000000.00,4.667848,99.53515625
08:00:09,91282CKR1,TSRYS5802848,D,S,D,2024-05-09,1000000.00,4.667848,99.53515625
08:00:09,91282CKR1,TSRYS5802848,D,S,D,2024-05-09,1000000.00,4.668556,99.533203125
08:00:09,91282CKR1,TSRYS5802848,D,S,D,2024-05-09,2000000.00,4.668556,99.533203125
08:00:09,91282CKR1,TSRYS5802848,D,S,T,2024-05-09,1000000.00,4.666434,99.5390625
08:00:09,91282CKR1,TSRYS5802848,D,S,D,2024-05-09,1000000.00,4.664312,99.544921875
08:00:09,91282CKR1,TSRYS5802848,D,S,D,2024-05-09,1000000.00,4.664312,99.544921875
08:00:09,91282CKR1,TSRYS5802848,D,S,D,2024-05-09,2000000.00,4.664312,99.544921875
08:00:09,91282CKR1,TSRYS5802848,D,S,D,2024-05-09,1000000.00,4.664312,99.544921875
08:00:09,91282CKR1,TSRYS5802848,D,S,D,2024-05-09,2000000.00,4.665727,99.541015625
08:00:09,91282CKR1,TSRYS5802848,D,S,D,2024-05-09,3000000.00,4.665727,99.541015625
08:00:09,91282CKR1,TSRYS5802848,D,S,D,2024-05-09,1000000.00,4.665727,99.541015625
08:00:09,91282CKR1,TSRYS5802848,D,S,T,2024-05-09,2000000.00,4.66502,99.54296875
08:00:09,91282CKR1,TSRYS5802848,D,S,T,2024-05-09,1000000.00,4.660777,99.5546875
08:00:09,91282CKR1,TSRYS5802848,D,S,T,2024-05-09,1000000.00,4.661484,99.552734375
08:00:09,91282CKR1,TSRYS5802848,D,S,T,2024-05-09,1000000.00,4.662191,99.55078125
08:00:09,91282CKR1,TSRYS5802848,D,S,T,2024-05-09,2000000.00,4.662191,99.55078125
08:00:09,91282CKR1,TSRYS5802848,D,S,T,2024-05-09,1000000.00,4.662191,99.55078125
08:00:09,91282CKR1,TSRYS5802848,D,S,T,2024-05-09,1000000.00,4.662191,99.55078125
08:00:09,91282CKR1,TSRYS5802848,D,S,T,2024-05-09,2000000.00,4.662191,99.55078125
08:00:09,91282CKR1,TSRYS5802848,D,S,T,2024-05-09,2000000.00,4.662191,99.55078125
08:00:09,91282CKR1,TSRYS5802848,D,S,T,2024-05-09,1000000.00,4.662191,99.55078125
08:00:09,91282CKR1,TSRYS5802848,D,S,T,2024-05-09,1000000.00,4.662191,99.55078125
08:00:09,91282CKR1,TSRYS5802848,D,S,T,2024-05-09,1000000.00,4.662191,99.55078125
08:00:10,91282CKR1,TSRYS5802848,D,S,T,2024-05-09,1000000.00,4.662191,99.55078125
08:00:10,91282CKR1,TSRYS5802848,D,S,T,2024-05-09,1000000.00,4.662898,99.548828125
08:00:10,91282CKR1,TSRYS5802848,D,S,T,2024-05-09,3000000.00,4.662898,99.548828125
08:00:10,91282CKR1,TSRYS5802848,D,S,T,2024-05-09,1000000.00,4.661484,99.552734375
08:00:10,91282CKR1,TSRYS5802848,D,S,T,2024-05-09,1000000.00,4.661484,99.552734375
08:00:10,91282CKR1,TSRYS5802848,D,S,T,2024-05-09,1000000.00,4.661484,99.552734375
08:00:10,91282CKR1,TSRYS5802848,D,S,T,2024-05-09,1000000.00,4.661484,99.552734375
08:00:10,91282CKR1,TSRYS5802848,D,S,T,2024-05-09,1000000.00,4.662898,99.548828125
08:00:10,91282CKR1,TSRYS5802848,D,S,T,2024-05-09,1000000.00,4.662191,99.55078125
08:00:10,91282CKR1,TSRYS5802848,D,S,T,2024-05-09,1000000.00,4.66502,99.54296875
08:00:10,91282CKR1,TSRYS5802848,D,S,T,2024-05-09,1000000.00,4.66502,99.54296875
08:00:10,91282CKR1,TSRYS5802848,D,S,T,2024-05-09,1000000.00,4.665727,99.541015625
08:00:10,91282CKR1,TSRYS5802848,D,S,T,2024-05-09,1000000.00,4.668556,99.533203125
08:00:10,91282CKR1,TSRYS5802848,D,S,T,2024-05-09,1000000.00,4.668556,99.533203125
08:00:10,91282CKR1,TSRYS5802848,D,S,T,2024-05-09,1000000.00,4.667848,99.53515625
08:00:10,91282CKR1,TSRYS5802848,D,S,T,2024-05-09,1000000.00,4.667848,99.53515625
08:00:10,91282CKR1,TSRYS5802848,D,S,T,2024-05-09,1000000.00,4.670678,99.52734375
08:00:10,91282CKR1,TSRYS5802848,D,S,T,2024-05-09,1000000.00,4.670678,99.52734375
08:00:10,91282CKR1,TSRYS5802848,D,S,T,2024-05-09,1000000.00,4.670678,99.52734375
08:00:10,91282CKR1,TSRYS5802848,D,S,T,2024-05-09,1000000.00,4.673507,99.51953125
08:00:10,91282CKR1,TSRYS5802848,D,S,T,2024-05-09,1000000.00,4.6728,99.521484375
08:00:10,91282CKR1,TSRYS5802848,D,S,T,2024-05-09,1000000.00,4.673507,99.51953125
08:00:10,91282CKR1,TSRYS5802848,D,S,T,2024-05-09,1000000.00,4.669263,99.53125
08:00:10,91282CKR1,TSRYS5802848,D,S,T,2024-05-09,1000000.00,4.669263,99.53125
08:00:10,91282CKR1,TSRYS5802848,D,S,T,2024-05-09,1000000.00,4.669263,99.53125
08:00:10,91282CKR1,TSRYS5802848,D,S,T,2024-05-09,1000000.00,4.667848,99.53515625
08:00:10,91282CKR1,TSRYS5802848,D,S,D,2024-05-09,1000000.00,4.663605,99.546875
08:00:10,91282CKR1,TSRYS5802848,D,S,T,2024-05-09,1000000.00,4.669263,99.53125
08:00:10,91282CKR1,TSRYS5802848,D,S,T,2024-05-09,1000000.00,4.667141,99.537109375
08:00:10,91282CKR1,TSRYS5802848,D,S,T,2024-05-09,1000000.00,4.667141,99.537109375
08:00:10,91282CKR1,TSRYS5802848,D,S,T,2024-05-09,1000000.00,4.665727,99.541015625
08:00:10,91282CKR1,TSRYS5802848,D,S,T,2024-05-09,1000000.00,4.665727,99.541015625
08:00:10,91282CKR1,TSRYS5802848,D,S,T,2024-05-09,1000000.00,4.665727,99.541015625
08:00:10,91282CKR1,TSRYS5802848,D,S,T,2024-05-09,1000000.00,4.665727,99.541015625
08:00:10,91282CKR1,TSRYS5802848,D,S,T,2024-05-09,1000000.00,4.66502,99.54296875
08:00:10,91282CKR1,TSRYS5802848,D,S,T,2024-05-09,1000000.00,4.66502,99.54296875
08:00:10,91282CKR1,TSRYS5802848,D,S,T,2024-05-09,1000000.00,4.66502,99.54296875
08:00:10,91282CKR1,TSRYS5802848,D,S,T,2024-05-09,1000000.00,4.662898,99.548828125
08:00:10,91282CKR1,TSRYS5802848,D,S,T,2024-05-09,1000000.00,4.661484,99.552734375
08:00:10,91282CKR1,TSRYS5802848,D,S,D,2024-05-09,1000000.00,4.666434,99.5390625
08:00:10,91282CKR1,TSRYS5802848,D,S,D,2024-05-09,1000000.00,4.668556,99.533203125
08:00:10,91282CKR1,TSRYS5802848,D,S,T,2024-05-09,1000000.00,4.66502,99.54296875
08:00:10,91282CKR1,TSRYS5802848,D,S,T,2024-05-09,1000000.00,4.663605,99.546875
08:00:10,91282CKR1,TSRYS5802848,D,S,D,2024-05-09,1000000.00,4.660777,99.5546875
08:00:10,91282CKR1,TSRYS5802848,D,S,D,2024-05-09,1000000.00,4.660777,99.5546875
08:00:10,91282CKR1,TSRYS5802848,D,S,T,2024-05-09,1000000.00,4.657949,99.5625
08:00:10,91282CKR1,TSRYS5802848,D,S,T,2024-05-09,1000000.00,4.657242,99.564453125
08:00:10,91282CKR1,TSRYS5802848,D,S,T,2024-05-09,1000000.00,4.656535,99.56640625
08:00:10,91282CKR1,TSRYS5802848,D,S,T,2024-05-09,1000000.00,4.656535,99.56640625
08:00:10,91282CKR1,TSRYS5802848,D,S,T,2024-05-09,1000000.00,4.659363,99.55859375
08:00:13,91282CKR1,TSRYS5802848,D,S,T,2024-05-09,1000000.00,4.663605,99.546875
08:00:13,91282CKR1,TSRYS5802848,D,S,T,2024-05-09,1000000.00,4.663605,99.546875
08:00:13,91282CKR1,TSRYS5802848,D,S,T,2024-05-09,1000000.00,4.663605,99.546875
08:00:13,91282CKR1,TSRYS5802848,D,S,T,2024-05-09,1000000.00,4.663605,99.546875
08:00:13,91282CKR1,TSRYS5802848,D,S,T,2024-05-09,1000000.00,4.663605,99.546875
08:00:13,91282CKR1,TSRYS5802848,D,S,T,2024-05-09,1000000.00,4.663605,99.546875
08:00:13,91282CKR1,TSRYS5802848,D,S,T,2024-05-09,1000000.00,4.667141,99.537109375
08:00:13,91282CKR1,TSRYS5802848,D,S,T,2024-05-09,1000000.00,4.667141,99.537109375
08:00:14,91282CKR1,TSRYS5802848,D,S,T,2024-05-09,2000000.00,4.667141,99.537109375
08:00:14,91282CKR1,TSRYS5802848,D,S,D,2024-05-09,1000000.00,4.667848,99.53515625
08:00:14,91282CKR1,TSRYS5802848,D,S,D,2024-05-09,1000000.00,4.667848,99.53515625
08:00:14,91282CKR1,TSRYS5802848,D,S,D,2024-05-09,1000000.00,4.667848,99.53515625
08:00:14,91282CKR1,TSRYS5802848,D,S,D,2024-05-09,1000000.00,4.667848,99.53515625
08:00:14,91282CKR1,TSRYS5802848,D,S,D,2024-05-09,1000000.00,4.667848,99.53515625
08:00:14,91282CKR1,TSRYS5802848,D,S,D,2024-05-09,1000000.00,4.667848,99.53515625
08:00:14,91282CKR1,TSRYS5802848,D,S,D,2024-05-09,1000000.00,4.670678,99.52734375
08:00:15,91282CKR1,TSRYS5802848,D,S,D,2024-05-09,1000000.00,4.667848,99.53515625
08:00:15,91282CKR1,TSRYS5802848,D,S,D,2024-05-09,1000000.00,4.667848,99.53515625
08:00:15,91282CKR1,TSRYS5802848,D,S,D,2024-05-09,1000000.00,4.660777,99.5546875
08:00:15,91282CKR1,TSRYS5802848,D,S,D,2024-05-09,1000000.00,4.660777,99.5546875
08:00:15,91282CKR1,TSRYS5802848,D,S,D,2024-05-09,1000000.00,4.661484,99.552734375
08:00:15,91282CKR1,TSRYS5802848,D,S,D,2024-05-09,1000000.00,4.657949,99.5625
08:00:18,91282CKR1,TSRYS5802848,D,S,D,2024-05-09,2000000.00,4.667141,99.537109375
08:00:18,91282CKR1,TSRYS5802848,D,S,D,2024-05-09,1000000.00,4.665727,99.541015625
08:00:18,91282CKR1,TSRYS5802848,D,S,D,2024-05-09,2000000.00,4.66502,99.54296875
08:00:19,91282CKR1,TSRYS5802848,D,S,D,2024-05-09,1000000.00,4.664312,99.544921875
08:00:19,91282CKR1,TSRYS5802848,D,S,D,2024-05-09,3000000.00,4.66502,99.54296875
08:00:19,91282CKR1,TSRYS5802848,D,S,D,2024-05-09,1000000.00,4.66502,99.54296875
08:00:19,91282CKR1,TSRYS5802848,D,S,D,2024-05-09,1000000.00,4.66502,99.54296875
08:00:19,91282CKR1,TSRYS5802848,D,S,D,2024-05-09,1000000.00,4.66502,99.54296875
08:00:19,91282CKR1,TSRYS5802848,D,S,D,2024-05-09,1000000.00,4.66502,99.54296875
08:00:19,91282CKR1,TSRYS5802848,D,S,D,2024-05-09,2000000.00,4.66502,99.54296875
08:00:19,91282CKR1,TSRYS5802848,D,S,D,2024-05-09,1000000.00,4.66502,99.54296875
08:00:19,91282CKR1,TSRYS5802848,D,S,D,2024-05-09,1000000.00,4.664312,99.544921875
08:00:19,91282CKR1,TSRYS5802848,D,S,D,2024-05-09,1000000.00,4.664312,99.544921875
08:00:19,91282CKR1,TSRYS5802848,D,S,D,2024-05-09,2000000.00,4.663605,99.546875
08:00:19,91282CKR1,TSRYS5802848,D,S,D,2024-05-09,4000000.00,4.667848,99.53515625
08:00:19,91282CKR1,TSRYS5802848,D,S,D,2024-05-09,1000000.00,4.667848,99.53515625
08:00:19,91282CKR1,TSRYS5802848,D,S,D,2024-05-09,3000000.00,4.667848,99.53515625
08:00:19,91282CKR1,TSRYS5802848,D,S,D,2024-05-09,1000000.00,4.667848,99.53515625
08:00:19,91282CKR1,TSRYS5802848,D,S,D,2024-05-09,1000000.00,4.667848,99.53515625
08:00:19,91282CKR1,TSRYS5802848,D,S,D,2024-05-09,2000000.00,4.667141,99.537109375
08:00:19,91282CKR1,TSRYS5802848,D,S,D,2024-05-09,3000000.00,4.667141,99.537109375
08:00:19,91282CKR1,TSRYS5802848,D,S,D,2024-05-09,2000000.00,4.666434,99.5390625
08:00:19,91282CKR1,TSRYS5802848,D,S,D,2024-05-09,2000000.00,4.666434,99.5390625
08:00:19,91282CKR1,TSRYS5802848,D,S,D,2024-05-09,7000000.00,4.66502,99.54296875
08:00:19,91282CKR1,TSRYS5802848,D,S,D,2024-05-09,2000000.00,4.664312,99.544921875
08:00:19,91282CKR1,TSRYS5802848,D,S,D,2024-05-09,3000000.00,4.664312,99.544921875
08:00:19,91282CKR1,TSRYS5802848,D,S,D,2024-05-09,1000000.00,4.66502,99.54296875
08:00:19,91282CKR1,TSRYS5802848,D,S,D,2024-05-09,2000000.00,4.66502,99.54296875
08:00:19,91282CKR1,TSRYS5802848,D,S,D,2024-05-09,1000000.00,4.66502,99.54296875
08:00:19,91282CKR1,TSRYS5802848,D,S,D,2024-05-09,1000000.00,4.66502,99.54296875
08:00:20,91282CKR1,TSRYS5802848,D,S,D,2024-05-09,1000000.00,4.664312,99.544921875
08:00:20,91282CKR1,TSRYS5802848,D,S,D,2024-05-09,1000000.00,4.66502,99.54296875
08:00:23,91282CKR1,TSRYS5802848,D,S,D,2024-05-09,1000000.00,4.66502,99.54296875
08:00:23,91282CKR1,TSRYS5802848,D,S,D,2024-05-09,3000000.00,4.66502,99.54296875
08:00:23,91282CKR1,TSRYS5802848,D,S,D,2024-05-09,1000000.00,4.66502,99.54296875
08:00:23,91282CKR1,TSRYS5802848,D,S,D,2024-05-09,2000000.00,4.66502,99.54296875
08:00:23,91282CKR1,TSRYS5802848,D,S,D,2024-05-09,1000000.00,4.66502,99.54296875
08:00:24,91282CKR1,TSRYS5802848,D,S,D,2024-05-09,2000000.00,4.669263,99.53125
08:00:24,91282CKR1,TSRYS5802848,D,S,D,2024-05-09,1000000.00,4.66997,99.529296875
08:00:24,91282CKR1,TSRYS5802848,D,S,D,2024-05-09,1000000.00,4.66997,99.529296875
08:00:24,91282CKR1,TSRYS5802848,D,S,D,2024-05-09,1000000.00,4.670678,99.52734375
08:00:24,91282CKR1,TSRYS5802848,D,S,D,2024-05-09,2000000.00,4.66997,99.529296875
08:00:24,91282CKR1,TSRYS5802848,D,S,D,2024-05-09,3000000.00,4.66997,99.529296875
08:00:24,91282CKR1,TSRYS5802848,D,S,D,2024-05-09,1000000.00,4.66997,99.529296875
08:00:24,91282CKR1,TSRYS5802848,D,S,D,2024-05-09,1000000.00,4.66997,99.529296875
08:00:24,91282CKR1,TSRYS5802848,D,S,D,2024-05-09,2000000.00,4.66997,99.529296875
08:00:24,91282CKR1,TSRYS5802848,D,S,D,2024-05-09,2000000.00,4.66997,99.529296875
08:00:24,91282CKR1,TSRYS5802848,D,S,D,2024-05-09,1000000.00,4.66997,99.529296875
08:00:24,91282CKR1,TSRYS5802848,D,S,D,2024-05-09,3000000.00,4.669263,99.53125
08:00:24,91282CKR1,TSRYS5802848,D,S,D,2024-05-09,1000000.00,4.669263,99.53125
08:00:24,91282CKR1,TSRYS5802848,D,S,D,2024-05-09,1000000.00,4.668556,99.533203125
08:00:24,91282CKR1,TSRYS5802848,D,S,D,2024-05-09,1000000.00,4.668556,99.533203125
08:00:24,91282CKR1,TSRYS5802848,D,S,D,2024-05-09,4000000.00,4.66997,99.529296875
08:00:24,91282CKR1,TSRYS5802848,D,S,D,2024-05-09,2000000.00,4.666434,99.5390625
08:00:24,91282CKR1,TSRYS5802848,D,S,A,2024-05-09,4300000.00,4.668342,99.53379360465
08:00:27,91282CKR1,TSRYS5802848,D,S,D,2024-05-09,1000000.00,4.66502,99.54296875
08:00:27,91282CKR1,TSRYS5802848,D,S,D,2024-05-09,2000000.00,4.667848,99.53515625
08:00:27,91282CKR1,TSRYS5802848,D,S,A,2024-05-09,145800000.00,4.590154,99.75
08:00:28,91282CKR1,TSRYS5802848,D,S,D,2024-05-09,1000000.00,4.66502,99.54296875
08:00:28,91282CKR1,TSRYS5802848,D,S,D,2024-05-09,2000000.00,4.663605,99.546875
08:00:29,91282CKR1,TSRYS5802848,D,S,D,2024-05-09,1000000.00,4.672092,99.5234375
08:00:29,91282CKR1,TSRYS5802848,D,S,D,2024-05-09,1000000.00,4.673507,99.51953125
08:00:29,91282CKR1,TSRYS5802848,D,S,D,2024-05-09,1000000.00,4.673507,99.51953125
08:00:29,91282CKR1,TSRYS5802848,D,S,D,2024-05-09,1000000.00,4.673507,99.51953125
08:00:29,91282CKR1,TSRYS5802848,D,S,D,2024-05-09,1000000.00,4.6728,99.521484375
08:00:29,91282CKR1,TSRYS5802848,D,S,D,2024-05-09,1000000.00,4.670678,99.52734375
08:00:29,91282CKR1,TSRYS5802848,D,S,D,2024-05-09,1000000.00,4.670678,99.52734375
08:00:29,91282CKR1,TSRYS5802848,D,S,D,2024-05-09,1000000.00,4.670678,99.52734375
08:00:29,91282CKR1,TSRYS5802848,D,S,D,2024-05-09,1000000.00,4.670678,99.52734375
08:00:29,91282CKR1,TSRYS5802848,D,S,D,2024-05-09,1000000.00,4.670678,99.52734375
08:00:29,91282CKR1,TSRYS5802848,D,S,D,2024-05-09,1000000.00,4.670678,99.52734375
08:00:29,91282CKR1,TSRYS5802848,D,S,D,2024-05-09,1000000.00,4.670678,99.52734375
08:00:29,91282CKR1,TSRYS5802848,D,S,D,2024-05-09,1000000.00,4.670678,99.52734375
08:00:30,91282CKR1,TSRYS5802848,D,S,D,2024-05-09,1000000.00,4.670678,99.52734375
08:00:30,91282CKR1,TSRYS5802848,D,S,D,2024-05-09,1000000.00,4.670678,99.52734375
08:00:30,91282CKR1,TSRYS5802848,D,S,D,2024-05-09,1000000.00,4.670678,99.52734375
08:00:30,91282CKR1,TSRYS5802848,D,S,D,2024-05-09,1000000.00,4.670678,99.52734375
08:00:30,91282CKR1,TSRYS5802848,D,S,D,2024-05-09,1000000.00,4.672092,99.5234375
08:00:30,91282CKR1,TSRYS5802848,D,S,D,2024-05-09,1000000.00,4.673507,99.51953125
08:00:30,91282CKR1,TSRYS5802848,D,S,T,2024-05-09,2000000.00,4.653707,99.57421875
08:00:30,91282CKR1,TSRYS5802848,D,S,T,2024-05-09,1000000.00,4.653707,99.57421875
08:00:30,91282CKR1,TSRYS5802848,D,S,T,2024-05-09,1000000.00,4.657949,99.5625
08:00:30,91282CKR1,TSRYS5802848,D,S,T,2024-05-09,1000000.00,4.657949,99.5625
08:00:30,91282CKR1,TSRYS5802848,D,S,T,2024-05-09,1000000.00,4.657949,99.5625
08:00:30,91282CKR1,TSRYS5802848,D,S,T,2024-05-09,1000000.00,4.657949,99.5625
08:00:30,91282CKR1,TSRYS5802848,D,S,T,2024-05-09,1000000.00,4.657949,99.5625
08:00:30,91282CKR1,TSRYS5802848,D,S,T,2024-05-09,1000000.00,4.657949,99.5625
08:00:30,91282CKR1,TSRYS5802848,D,S,T,2024-05-09,1000000.00,4.652293,99.578125
08:00:30,91282CKR1,TSRYS5802848,D,S,T,2024-05-09,1000000.00,4.653707,99.57421875
08:00:30,91282CKR1,TSRYS5802848,D,S,T,2024-05-09,1000000.00,4.653707,99.57421875
08:00:30,91282CKR1,TSRYS5802848,D,S,T,2024-05-09,1000000.00,4.655121,99.5703125
08:00:30,91282CKR1,TSRYS5802848,D,S,T,2024-05-09,1000000.00,4.655121,99.5703125
08:00:30,91282CKR1,TSRYS5802848,D,S,T,2024-05-09,1000000.00,4.655121,99.5703125
08:00:30,91282CKR1,TSRYS5802848,D,S,T,2024-05-09,1000000.00,4.655121,99.5703125
08:00:30,91282CKR1,TSRYS5802848,D,S,T,2024-05-09,1000000.00,4.657949,99.5625
08:00:30,91282CKR1,TSRYS5802848,D,S,T,2024-05-09,1000000.00,4.657949,99.5625
08:00:30,91282CKR1,TSRYS5802848,D,S,T,2024-05-09,1000000.00,4.657949,99.5625
08:00:30,91282CKR1,TSRYS5802848,D,S,T,2024-05-09,1000000.00,4.657949,99.5625
08:00:30,91282CKR1,TSRYS5802848,D,S,T,2024-05-09,1000000.00,4.657949,99.5625
08:00:30,91282CKR1,TSRYS5802848,D,S,T,2024-05-09,1000000.00,4.659363,99.55859375
08:00:30,91282CKR1,TSRYS5802848,D,S,T,2024-05-09,1000000.00,4.657949,99.5625
08:00:30,91282CKR1,TSRYS5802848,D,S,T,2024-05-09,1000000.00,4.657949,99.5625
08:00:30,91282CKR1,TSRYS5802848,D,S,T,2024-05-09,1000000.00,4.659363,99.55859375
08:00:30,91282CKR1,TSRYS5802848,D,S,T,2024-05-09,1000000.00,4.659363,99.55859375
08:00:30,91282CKR1,TSRYS5802848,D,S,D,2024-05-09,1000000.00,4.673507,99.51953125
08:00:30,91282CKR1,TSRYS5802848,D,S,D,2024-05-09,1000000.00,4.673507,99.51953125
08:00:30,91282CKR1,TSRYS5802848,D,S,T,2024-05-09,1000000.00,4.659363,99.55859375
08:00:30,91282CKR1,TSRYS5802848,D,S,T,2024-05-09,1000000.00,4.660777,99.5546875
08:00:30,91282CKR1,TSRYS5802848,D,S,T,2024-05-09,1000000.00,4.660777,99.5546875
08:00:30,91282CKR1,TSRYS5802848,D,S,T,2024-05-09,1000000.00,4.660777,99.5546875
08:00:30,91282CKR1,TSRYS5802848,D,S,T,2024-05-09,1000000.00,4.660777,99.5546875
08:00:30,91282CKR1,TSRYS5802848,D,S,T,2024-05-09,1000000.00,4.660777,99.5546875
08:00:30,91282CKR1,TSRYS5802848,D,S,T,2024-05-09,1000000.00,4.659363,99.55859375
08:00:30,91282CKR1,TSRYS5802848,D,S,T,2024-05-09,1000000.00,4.659363,99.55859375
08:00:30,91282CKR1,TSRYS5802848,D,S,T,2024-05-09,1000000.00,4.659363,99.55859375
08:00:30,91282CKR1,TSRYS5802848,D,S,T,2024-05-09,1000000.00,4.659363,99.55859375
08:00:30,91282CKR1,TSRYS5802848,D,S,T,2024-05-09,1000000.00,4.659363,99.55859375
08:00:30,91282CKR1,TSRYS5802848,D,S,T,2024-05-09,1000000.00,4.662191,99.55078125
08:00:30,91282CKR1,TSRYS5802848,D,S,T,2024-05-09,1000000.00,4.662191,99.55078125
08:00:30,91282CKR1,TSRYS5802848,D,S,T,2024-05-09,1000000.00,4.662191,99.55078125
08:00:30,91282CKR1,TSRYS5802848,D,S,T,2024-05-09,1000000.00,4.662191,99.55078125
08:00:30,91282CKR1,TSRYS5802848,D,S,T,2024-05-09,1000000.00,4.662191,99.55078125
08:00:30,91282CKR1,TSRYS5802848,D,S,T,2024-05-09,1000000.00,4.662191,99.55078125
08:00:30,91282CKR1,TSRYS5802848,D,S,T,2024-05-09,1000000.00,4.662191,99.55078125
08:00:30,91282CKR1,TSRYS5802848,D,S,T,2024-05-09,1000000.00,4.662191,99.55078125
08:00:30,91282CKR1,TSRYS5802848,D,S,T,2024-05-09,1000000.00,4.662191,99.55078125
08:00:30,91282CKR1,TSRYS5802848,D,S,D,2024-05-09,1000000.00,4.673507,99.51953125
08:00:30,91282CKR1,TSRYS5802848,D,S,D,2024-05-09,1000000.00,4.673507,99.51953125
08:00:30,91282CKR1,TSRYS5802848,D,S,D,2024-05-09,1000000.00,4.673507,99.51953125
08:00:30,91282CKR1,TSRYS5802848,D,S,D,2024-05-09,1000000.00,4.673507,99.51953125
08:00:30,91282CKR1,TSRYS5802848,D,S,T,2024-05-09,1000000.00,4.664312,99.544921875
08:00:30,91282CKR1,TSRYS5802848,D,S,T,2024-05-09,1000000.00,4.667848,99.53515625
08:00:30,91282CKR1,TSRYS5802848,D,S,T,2024-05-09,1000000.00,4.669263,99.53125
08:00:30,91282CKR1,TSRYS5802848,D,S,T,2024-05-09,1000000.00,4.669263,99.53125
08:00:30,91282CKR1,TSRYS5802848,D,S,T,2024-05-09,1000000.00,4.669263,99.53125
08:00:30,91282CKR1,TSRYS5802848,D,S,T,2024-05-09,2000000.00,4.669263,99.53125
08:00:30,91282CKR1,TSRYS5802848,D,S,T,2024-05-09,1000000.00,4.669263,99.53125
08:00:30,91282CKR1,TSRYS5802848,D,S,T,2024-05-09,1000000.00,4.669263,99.53125
08:00:30,91282CKR1,TSRYS5802848,D,S,T,2024-05-09,1000000.00,4.667848,99.53515625
08:00:30,91282CKR1,TSRYS5802848,D,S,T,2024-05-09,1000000.00,4.667848,99.53515625
08:00:30,91282CKR1,TSRYS5802848,D,S,T,2024-05-09,1000000.00,4.667848,99.53515625
08:00:30,91282CKR1,TSRYS5802848,D,S,T,2024-05-09,1000000.00,4.667848,99.53515625
08:00:30,91282CKR1,TSRYS5802848,D,S,T,2024-05-09,1000000.00,4.667848,99.53515625
08:00:30,91282CKR1,TSRYS5802848,D,S,T,2024-05-09,1000000.00,4.667848,99.53515625
08:00:30,91282CKR1,TSRYS5802848,D,S,T,2024-05-09,1000000.00,4.667848,99.53515625
08:00:30,91282CKR1,TSRYS5802848,D,S,T,2024-05-09,1000000.00,4.667848,99.53515625
08:00:30,91282CKR1,TSRYS5802848,D,S,T,2024-05-09,1000000.00,4.666434,99.5390625
08:00:30,91282CKR1,TSRYS5802848,D,S,T,2024-05-09,1000000.00,4.666434,99.5390625
08:00:30,91282CKR1,TSRYS5802848,D,S,T,2024-05-09,1000000.00,4.666434,99.5390625
08:00:30,91282CKR1,TSRYS5802848,D,S,D,2024-05-09,1000000.00,4.674922,99.515625
08:00:30,91282CKR1,TSRYS5802848,D,S,D,2024-05-09,1000000.00,4.674922,99.515625
08:00:30,91282CKR1,TSRYS5802848,D,S,D,2024-05-09,1000000.00,4.674922,99.515625
08:00:30,91282CKR1,TSRYS5802848,D,S,D,2024-05-09,1000000.00,4.674922,99.515625
08:00:30,91282CKR1,TSRYS5802848,D,S,T,2024-05-09,1000000.00,4.666434,99.5390625
08:00:30,91282CKR1,TSRYS5802848,D,S,T,2024-05-09,1000000.00,4.667848,99.53515625
08:00:30,91282CKR1,TSRYS5802848,D,S,T,2024-05-09,1000000.00,4.667848,99.53515625
08:00:30,91282CKR1,TSRYS5802848,D,S,T,2024-05-09,1000000.00,4.669263,99.53125
08:00:30,91282CKR1,TSRYS5802848,D,S,T,2024-05-09,1000000.00,4.669263,99.53125
08:00:30,91282CKR1,TSRYS5802848,D,S,T,2024-05-09,1000000.00,4.670678,99.52734375
08:00:30,91282CKR1,TSRYS5802848,D,S,T,2024-05-09,1000000.00,4.670678,99.52734375
08:00:30,91282CKR1,TSRYS5802848,D,S,T,2024-05-09,1000000.00,4.670678,99.52734375
08:00:30,91282CKR1,TSRYS5802848,D,S,T,2024-05-09,1000000.00,4.670678,99.52734375
08:00:30,91282CKR1,TSRYS5802848,D,S,T,2024-05-09,1000000.00,4.672092,99.5234375
08:00:30,91282CKR1,TSRYS5802848,D,S,T,2024-05-09,1000000.00,4.672092,99.5234375
08:00:30,91282CKR1,TSRYS5802848,D,S,T,2024-05-09,1000000.00,4.672092,99.5234375
08:00:30,91282CKR1,TSRYS5802848,D,S,T,2024-05-09,1000000.00,4.670678,99.52734375
08:00:30,91282CKR1,TSRYS5802848,D,S,T,2024-05-09,1000000.00,4.669263,99.53125
08:00:30,91282CKR1,TSRYS5802848,D,S,T,2024-05-09,1000000.00,4.669263,99.53125
08:00:30,91282CKR1,TSRYS5802848,D,S,T,2024-05-09,1000000.00,4.666434,99.5390625
08:00:30,91282CKR1,TSRYS5802848,D,S,T,2024-05-09,1000000.00,4.666434,99.5390625
08:00:30,91282CKR1,TSRYS5802848,D,S,T,2024-05-09,1000000.00,4.66502,99.54296875
08:00:30,91282CKR1,TSRYS5802848,D,S,T,2024-05-09,1000000.00,4.673507,99.51953125
08:00:30,91282CKR1,TSRYS5802848,D,S,T,2024-05-09,1000000.00,4.667848,99.53515625
08:00:30,91282CKR1,TSRYS5802848,D,S,T,2024-05-09,1000000.00,4.667848,99.53515625
08:00:30,91282CKR1,TSRYS5802848,D,S,T,2024-05-09,3000000.00,4.667848,99.53515625
08:00:30,91282CKR1,TSRYS5802848,D,S,T,2024-05-09,1000000.00,4.667848,99.53515625
08:00:30,91282CKR1,TSRYS5802848,D,S,T,2024-05-09,1000000.00,4.666434,99.5390625
08:00:30,91282CKR1,TSRYS5802848,D,S,T,2024-05-09,1000000.00,4.666434,99.5390625
08:00:30,91282CKR1,TSRYS5802848,D,S,T,2024-05-09,1000000.00,4.665727,99.541015625
08:00:30,91282CKR1,TSRYS5802848,D,S,T,2024-05-09,1000000.00,4.665727,99.541015625
08:00:30,91282CKR1,TSRYS5802848,D,S,T,2024-05-09,2000000.00,4.664312,99.544921875
08:00:30,91282CKR1,TSRYS5802848,D,S,T,2024-05-09,1000000.00,4.66502,99.54296875
08:00:30,91282CKR1,TSRYS5802848,D,S,T,2024-05-09,1000000.00,4.66502,99.54296875
08:00:30,91282CKR1,TSRYS5802848,D,S,T,2024-05-09,1000000.00,4.66502,99.54296875
08:00:30,91282CKR1,TSRYS5802848,D,S,T,2024-05-09,1000000.00,4.66502,99.54296875
08:00:30,91282CKR1,TSRYS5802848,D,S,T,2024-05-09,1000000.00,4.66502,99.54296875
08:00:30,91282CKR1,TSRYS5802848,D,S,T,2024-05-09,1000000.00,4.669263,99.53125
08:00:30,91282CKR1,TSRYS5802848,D,S,T,2024-05-09,1000000.00,4.669263,99.53125
08:00:30,91282CKR1,TSRYS5802848,D,S,T,2024-05-09,1000000.00,4.669263,99.53125
08:00:30,91282CKR1,TSRYS5802848,D,S,T,2024-05-09,1000000.00,4.669263,99.53125
08:00:30,91282CKR1,TSRYS5802848,D,S,T,2024-05-09,1000000.00,4.669263,99.53125
08:00:30,91282CKR1,TSRYS5802848,D,S,T,2024-05-09,1000000.00,4.669263,99.53125
08:00:30,91282CKR1,TSRYS5802848,D,S,T,2024-05-09,1000000.00,4.669263,99.53125
08:00:30,91282CKR1,TSRYS5802848,D,S,T,2024-05-09,1000000.00,4.670678,99.52734375
08:00:30,91282CKR1,TSRYS5802848,D,S,T,2024-05-09,2000000.00,4.66997,99.529296875
08:00:30,91282CKR1,TSRYS5802848,D,S,T,2024-05-09,1000000.00,4.667848,99.53515625
08:00:30,91282CKR1,TSRYS5802848,D,S,T,2024-05-09,1000000.00,4.669263,99.53125
08:00:30,91282CKR1,TSRYS5802848,D,S,T,2024-05-09,1000000.00,4.669263,99.53125
08:00:30,91282CKR1,TSRYS5802848,D,S,T,2024-05-09,1000000.00,4.669263,99.53125
08:00:30,91282CKR1,TSRYS5802848,D,S,T,2024-05-09,1000000.00,4.669263,99.53125
08:00:30,91282CKR1,TSRYS5802848,D,S,T,2024-05-09,1000000.00,4.669263,99.53125
08:00:30,91282CKR1,TSRYS5802848,D,S,T,2024-05-09,1000000.00,4.669263,99.53125
08:00:30,91282CKR1,TSRYS5802848,D,S,T,2024-05-09,2000000.00,4.670678,99.52734375
08:00:30,91282CKR1,TSRYS5802848,D,S,T,2024-05-09,1000000.00,4.670678,99.52734375
08:00:30,91282CKR1,TSRYS5802848,D,S,T,2024-05-09,1000000.00,4.670678,99.52734375
08:00:30,91282CKR1,TSRYS5802848,D,S,T,2024-05-09,1000000.00,4.672092,99.5234375
08:00:30,91282CKR1,TSRYS5802848,D,S,T,2024-05-09,1000000.00,4.672092,99.5234375
08:00:30,91282CKR1,TSRYS5802848,D,S,T,2024-05-09,6000000.00,4.672092,99.5234375
08:00:30,91282CKR1,TSRYS5802848,D,S,T,2024-05-09,10000000.00,4.672092,99.5234375
08:00:30,91282CKR1,TSRYS5802848,D,S,T,2024-05-09,3000000.00,4.672092,99.5234375
08:00:30,91282CKR1,TSRYS5802848,D,S,T,2024-05-09,1000000.00,4.672092,99.5234375
08:00:30,91282CKR1,TSRYS5802848,D,S,T,2024-05-09,2000000.00,4.673507,99.51953125
08:00:30,91282CKR1,TSRYS5802848,D,S,T,2024-05-09,1000000.00,4.673507,99.51953125
08:00:30,91282CKR1,TSRYS5802848,D,S,T,2024-05-09,1000000.00,4.673507,99.51953125
08:00:30,91282CKR1,TSRYS5802848,D,S,T,2024-05-09,1000000.00,4.673507,99.51953125
08:00:30,91282CKR1,TSRYS5802848,D,S,T,2024-05-09,1000000.00,4.673507,99.51953125
08:00:30,91282CKR1,TSRYS5802848,D,S,T,2024-05-09,1000000.00,4.674922,99.515625
08:00:30,91282CKR1,TSRYS5802848,D,S,T,2024-05-09,1000000.00,4.673507,99.51953125
08:00:30,91282CKR1,TSRYS5802848,D,S,T,2024-05-09,1000000.00,4.672092,99.5234375
08:00:30,91282CKR1,TSRYS5802848,D,S,T,2024-05-09,1000000.00,4.673507,99.51953125
08:00:30,91282CKR1,TSRYS5802848,D,S,T,2024-05-09,1000000.00,4.673507,99.51953125
08:00:30,91282CKR1,TSRYS5802848,D,S,T,2024-05-09,1000000.00,4.673507,99.51953125
08:00:30,91282CKR1,TSRYS5802848,D,S,T,2024-05-09,1000000.00,4.674922,99.515625
08:00:30,91282CKR1,TSRYS5802848,D,S,T,2024-05-09,1000000.00,4.673507,99.51953125
08:00:30,91282CKR1,TSRYS5802848,D,S,T,2024-05-09,1000000.00,4.673507,99.51953125
08:00:30,91282CKR1,TSRYS5802848,D,S,T,2024-05-09,2000000.00,4.673507,99.51953125
08:00:30,91282CKR1,TSRYS5802848,D,S,T,2024-05-09,1000000.00,4.673507,99.51953125
08:00:30,91282CKR1,TSRYS5802848,D,S,T,2024-05-09,2000000.00,4.673507,99.51953125
08:00:30,91282CKR1,TSRYS5802848,D,S,T,2024-05-09,1000000.00,4.673507,99.51953125
08:00:30,91282CKR1,TSRYS5802848,D,S,T,2024-05-09,1000000.00,4.673507,99.51953125
08:00:30,91282CKR1,TSRYS5802848,D,S,T,2024-05-09,1000000.00,4.673507,99.51953125
08:00:30,91282CKR1,TSRYS5802848,D,S,T,2024-05-09,1000000.00,4.670678,99.52734375
08:00:30,91282CKR1,TSRYS5802848,D,S,T,2024-05-09,1000000.00,4.669263,99.53125
08:00:30,91282CKR1,TSRYS5802848,D,S,T,2024-05-09,2000000.00,4.66997,99.529296875
08:00:30,91282CKR1,TSRYS5802848,D,S,T,2024-05-09,1000000.00,4.670678,99.52734375
08:00:30,91282CKR1,TSRYS5802848,D,S,T,2024-05-09,1000000.00,4.670678,99.52734375
08:00:30,91282CKR1,TSRYS5802848,D,S,T,2024-05-09,1000000.00,4.670678,99.52734375
08:00:30,91282CKR1,TSRYS5802848,D,S,T,2024-05-09,3000000.00,4.670678,99.52734375
08:00:30,91282CKR1,TSRYS5802848,D,S,T,2024-05-09,4000000.00,4.670678,99.52734375
08:00:30,91282CKR1,TSRYS5802848,D,S,T,2024-05-09,4000000.00,4.670678,99.52734375
08:00:30,91282CKR1,TSRYS5802848,D,S,T,2024-05-09,3000000.00,4.670678,99.52734375
08:00:30,91282CKR1,TSRYS5802848,D,S,T,2024-05-09,1000000.00,4.670678,99.52734375
08:00:30,91282CKR1,TSRYS5802848,D,S,T,2024-05-09,1000000.00,4.669263,99.53125
08:00:30,91282CKR1,TSRYS5802848,D,S,T,2024-05-09,1000000.00,4.670678,99.52734375
08:00:30,91282CKR1,TSRYS5802848,D,S,T,2024-05-09,1000000.00,4.670678,99.52734375
08:00:30,91282CKR1,TSRYS5802848,D,S,T,2024-05-09,1000000.00,4.670678,99.52734375
08:00:30,91282CKR1,TSRYS5802848,D,S,T,2024-05-09,1000000.00,4.670678,99.52734375
08:00:30,91282CKR1,TSRYS5802848,D,S,T,2024-05-09,2000000.00,4.670678,99.52734375
08:00:30,91282CKR1,TSRYS5802848,D,S,T,2024-05-09,2000000.00,4.670678,99.52734375
08:00:30,91282CKR1,TSRYS5802848,D,S,T,2024-05-09,5000000.00,4.670678,99.52734375
08:00:30,91282CKR1,TSRYS5802848,D,S,T,2024-05-09,5000000.00,4.670678,99.52734375
08:00:30,91282CKR1,TSRYS5802848,D,S,T,2024-05-09,1000000.00,4.672092,99.5234375
08:00:30,91282CKR1,TSRYS5802848,D,S,T,2024-05-09,1000000.00,4.672092,99.5234375
08:00:30,91282CKR1,TSRYS5802848,D,S,T,2024-05-09,1000000.00,4.672092,99.5234375
08:00:30,91282CKR1,TSRYS5802848,D,S,T,2024-05-09,1000000.00,4.672092,99.5234375
08:00:30,91282CKR1,TSRYS5802848,D,S,T,2024-05-09,1000000.00,4.672092,99.5234375
08:00:30,91282CKR1,TSRYS5802848,D,S,T,2024-05-09,1000000.00,4.672092,99.5234375
08:00:30,91282CKR1,TSRYS5802848,D,S,T,2024-05-09,1000000.00,4.672092,99.5234375
08:00:30,91282CKR1,TSRYS5802848,D,S,T,2024-05-09,1000000.00,4.672092,99.5234375
08:00:30,91282CKR1,TSRYS5802848,D,S,T,2024-05-09,2000000.00,4.672092,99.5234375
08:00:30,91282CKR1,TSRYS5802848,D,S,T,2024-05-09,3000000.00,4.672092,99.5234375
08:00:30,91282CKR1,TSRYS5802848,D,S,T,2024-05-09,1000000.00,4.672092,99.5234375
08:00:30,91282CKR1,TSRYS5802848,D,S,T,2024-05-09,1000000.00,4.672092,99.5234375
08:00:30,91282CKR1,TSRYS5802848,D,S,T,2024-05-09,1000000.00,4.672092,99.5234375
08:00:30,91282CKR1,TSRYS5802848,D,S,T,2024-05-09,1000000.00,4.672092,99.5234375
08:00:30,91282CKR1,TSRYS5802848,D,S,T,2024-05-09,1000000.00,4.672092,99.5234375
08:00:30,91282CKR1,TSRYS5802848,D,S,T,2024-05-09,1000000.00,4.672092,99.5234375
08:00:30,91282CKR1,TSRYS5802848,D,S,T,2024-05-09,1000000.00,4.672092,99.5234375
08:00:30,91282CKR1,TSRYS5802848,D,S,T,2024-05-09,1000000.00,4.672092,99.5234375
08:00:30,91282CKR1,TSRYS5802848,D,S,T,2024-05-09,1000000.00,4.670678,99.52734375
08:00:30,91282CKR1,TSRYS5802848,D,S,T,2024-05-09,1000000.00,4.670678,99.52734375
08:00:30,91282CKR1,TSRYS5802848,D,S,T,2024-05-09,1000000.00,4.670678,99.52734375
08:00:30,91282CKR1,TSRYS5802848,D,S,T,2024-05-09,1000000.00,4.670678,99.52734375
08:00:30,91282CKR1,TSRYS5802848,D,S,T,2024-05-09,1000000.00,4.670678,99.52734375
08:00:30,91282CKR1,TSRYS5802848,D,S,T,2024-05-09,2000000.00,4.669263,99.53125
08:00:30,91282CKR1,TSRYS5802848,D,S,T,2024-05-09,1000000.00,4.669263,99.53125
08:00:30,91282CKR1,TSRYS5802848,D,S,T,2024-05-09,1000000.00,4.668556,99.533203125
08:00:30,91282CKR1,TSRYS5802848,D,S,T,2024-05-09,1000000.00,4.669263,99.53125
08:00:30,91282CKR1,TSRYS5802848,D,S,T,2024-05-09,1000000.00,4.66997,99.529296875
08:00:30,91282CKR1,TSRYS5802848,D,S,T,2024-05-09,1000000.00,4.667848,99.53515625
08:00:30,91282CKR1,TSRYS5802848,D,S,T,2024-05-09,1000000.00,4.66502,99.54296875
08:00:30,91282CKR1,TSRYS5802848,D,S,T,2024-05-09,1000000.00,4.663605,99.546875
08:00:30,91282CKR1,TSRYS5802848,D,S,T,2024-05-09,1000000.00,4.663605,99.546875
08:00:30,91282CKR1,TSRYS5802848,D,S,T,2024-05-09,1000000.00,4.663605,99.546875
08:00:30,91282CKR1,TSRYS5802848,D,S,T,2024-05-09,1000000.00,4.664312,99.544921875
08:00:30,91282CKR1,TSRYS5802848,D,S,T,2024-05-09,1000000.00,4.664312,99.544921875
08:00:30,91282CKR1,TSRYS5802848,D,S,T,2024-05-09,1000000.00,4.663605,99.546875
08:00:30,91282CKR1,TSRYS5802848,D,S,T,2024-05-09,2000000.00,4.669263,99.53125
08:00:30,91282CKR1,TSRYS5802848,D,S,T,2024-05-09,3000000.00,4.669263,99.53125
08:00:30,91282CKR1,TSRYS5802848,D,S,T,2024-05-09,1000000.00,4.66502,99.54296875
08:00:30,91282CKR1,TSRYS5802848,D,S,T,2024-05-09,1000000.00,4.662191,99.55078125
08:00:30,91282CKR1,TSRYS5802848,D,S,T,2024-05-09,1000000.00,4.662191,99.55078125
08:00:30,91282CKR1,TSRYS5802848,D,S,T,2024-05-09,2000000.00,4.662191,99.55078125
08:00:34,91282CKR1,TSRYS5802848,D,S,T,2024-05-09,1000000.00,4.666434,99.5390625
08:00:34,91282CKR1,TSRYS5802848,D,S,T,2024-05-09,1000000.00,4.665727,99.541015625
08:00:34,91282CKR1,TSRYS5802848,D,S,T,2024-05-09,1000000.00,4.666434,99.5390625
08:00:34,91282CKR1,TSRYS5802848,D,S,T,2024-05-09,1000000.00,4.66502,99.54296875
08:00:34,91282CKR1,TSRYS5802848,D,S,T,2024-05-09,1000000.00,4.66502,99.54296875
08:00:34,91282CKR1,TSRYS5802848,D,S,T,2024-05-09,1000000.00,4.66502,99.54296875
08:00:34,91282CKR1,TSRYS5802848,D,S,T,2024-05-09,1000000.00,4.66502,99.54296875
08:00:34,91282CKR1,TSRYS5802848,D,S,T,2024-05-09,1000000.00,4.66502,99.54296875
08:00:34,91282CKR1,TSRYS5802848,D,S,T,2024-05-09,1000000.00,4.66502,99.54296875
08:00:34,91282CKR1,TSRYS5802848,D,S,T,2024-05-09,1000000.00,4.657949,99.5625
08:00:34,91282CKR1,TSRYS5802848,D,S,T,2024-05-09,1000000.00,4.656535,99.56640625
08:00:34,91282CKR1,TSRYS5802848,D,S,D,2024-05-09,1000000.00,4.657949,99.5625
08:00:34,91282CKR1,TSRYS5802848,D,S,T,2024-05-09,1000000.00,4.655121,99.5703125
08:00:34,91282CKR1,TSRYS5802848,D,S,T,2024-05-09,1000000.00,4.655121,99.5703125
08:00:34,91282CKR1,TSRYS5802848,D,S,T,2024-05-09,1000000.00,4.659363,99.55859375
08:00:34,91282CKR1,TSRYS5802848,D,S,T,2024-05-09,2000000.00,4.659363,99.55859375
08:00:34,91282CKR1,TSRYS5802848,D,S,T,2024-05-09,3000000.00,4.659363,99.55859375
08:00:34,91282CKR1,TSRYS5802848,D,S,T,2024-05-09,2000000.00,4.660777,99.5546875
08:00:34,91282CKR1,TSRYS5802848,D,S,T,2024-05-09,1000000.00,4.660777,99.5546875
08:00:34,91282CKR1,TSRYS5802848,D,S,T,2024-05-09,2000000.00,4.662191,99.55078125
08:00:34,91282CKR1,TSRYS5802848,D,S,T,2024-05-09,2000000.00,4.663605,99.546875
08:00:34,91282CKR1,TSRYS5802848,D,S,T,2024-05-09,3000000.00,4.663605,99.546875
08:00:34,91282CKR1,TSRYS5802848,D,S,T,2024-05-09,3000000.00,4.663605,99.546875
08:00:34,91282CKR1,TSRYS5802848,D,S,T,2024-05-09,1000000.00,4.663605,99.546875
08:00:34,91282CKR1,TSRYS5802848,D,S,T,2024-05-09,1000000.00,4.663605,99.546875
08:00:34,91282CKR1,TSRYS5802848,D,S,D,2024-05-09,1000000.00,4.660777,99.5546875
08:00:34,91282CKR1,TSRYS5802848,D,S,D,2024-05-09,1000000.00,4.660777,99.5546875
08:00:34,91282CKR1,TSRYS5802848,D,S,D,2024-05-09,1000000.00,4.661484,99.552734375
08:00:34,91282CKR1,TSRYS5802848,D,S,D,2024-05-09,2000000.00,4.667848,99.53515625
08:00:34,91282CKR1,TSRYS5802848,D,S,D,2024-05-09,1000000.00,4.670678,99.52734375
08:00:34,91282CKR1,TSRYS5802848,D,S,D,2024-05-09,1000000.00,4.670678,99.52734375
08:00:34,91282CKR1,TSRYS5802848,D,S,D,2024-05-09,1000000.00,4.673507,99.51953125
08:00:34,91282CKR1,TSRYS5802848,D,S,D,2024-05-09,2000000.00,4.673507,99.51953125
08:00:34,91282CKR1,TSRYS5802848,D,S,D,2024-05-09,1000000.00,4.664312,99.544921875
08:00:34,91282CKR1,TSRYS5802848,D,S,D,2024-05-09,1000000.00,4.661484,99.552734375
08:00:34,91282CKR1,TSRYS5802848,D,S,D,2024-05-09,1000000.00,4.655828,99.568359375
08:00:34,91282CKR1,TSRYS5802848,D,S,D,2024-05-09,2000000.00,4.655121,99.5703125
08:00:34,91282CKR1,TSRYS5802848,D,S,D,2024-05-09,1000000.00,4.655121,99.5703125
08:00:34,91282CKR1,TSRYS5802848,D,S,D,2024-05-09,1000000.00,4.655121,99.5703125
08:00:34,91282CKR1,TSRYS5802848,D,S,D,2024-05-09,1000000.00,4.655121,99.5703125
08:00:34,91282CKR1,TSRYS5802848,D,S,D,2024-05-09,1000000.00,4.657949,99.5625
08:00:34,91282CKR1,TSRYS5802848,D,S,D,2024-05-09,1000000.00,4.657949,99.5625
08:00:34,91282CKR1,TSRYS5802848,D,S,D,2024-05-09,1000000.00,4.66007,99.556640625
08:00:34,91282CKR1,TSRYS5802848,D,S,D,2024-05-09,1000000.00,4.659363,99.55859375
08:00:34,91282CKR1,TSRYS5802848,D,S,D,2024-05-09,1000000.00,4.66007,99.556640625
08:00:34,91282CKR1,TSRYS5802848,D,S,D,2024-05-09,1000000.00,4.669263,99.53125
08:00:34,91282CKR1,TSRYS5802848,D,S,D,2024-05-09,1000000.00,4.669263,99.53125
08:00:34,91282CKR1,TSRYS5802848,D,S,D,2024-05-09,1000000.00,4.669263,99.53125
08:00:34,91282CKR1,TSRYS5802848,D,S,D,2024-05-09,1000000.00,4.662898,99.548828125
08:00:34,91282CKR1,TSRYS5802848,D,S,D,2024-05-09,1000000.00,4.663605,99.546875
08:00:34,91282CKR1,TSRYS5802848,D,S,D,2024-05-09,2000000.00,4.664312,99.544921875
08:00:34,91282CKR1,TSRYS5802848,D,S,D,2024-05-09,1000000.00,4.663605,99.546875
08:00:34,91282CKR1,TSRYS5802848,D,S,D,2024-05-09,1000000.00,4.666434,99.5390625
08:00:34,91282CKR1,TSRYS5802848,D,S,D,2024-05-09,1000000.00,4.666434,99.5390625
08:00:34,91282CKR1,TSRYS5802848,D,S,D,2024-05-09,1000000.00,4.666434,99.5390625
08:00:34,91282CKR1,TSRYS5802848,D,S,D,2024-05-09,1000000.00,4.667848,99.53515625
08:00:34,91282CKR1,TSRYS5802848,D,S,D,2024-05-09,2000000.00,4.668556,99.533203125
08:00:34,91282CKR1,TSRYS5802848,D,S,D,2024-05-09,1000000.00,4.66502,99.54296875
08:00:34,91282CKR1,TSRYS5802848,D,S,D,2024-05-09,1000000.00,4.665727,99.541015625
08:00:34,91282CKR1,TSRYS5802848,D,S,D,2024-05-09,1000000.00,4.660777,99.5546875
08:00:34,91282CKR1,TSRYS5802848,D,S,D,2024-05-09,1000000.00,4.655828,99.568359375
08:00:34,91282CKR1,TSRYS5802848,D,S,D,2024-05-09,1000000.00,4.655828,99.568359375
08:00:34,91282CKR1,TSRYS5802848,D,S,D,2024-05-09,1000000.00,4.662191,99.55078125
08:00:34,91282CKR1,TSRYS5802848,D,S,D,2024-05-09,1000000.00,4.662191,99.55078125
08:00:34,91282CKR1,TSRYS5802848,D,S,T,2024-05-09,2000000.00,4.652293,99.578125
08:00:34,91282CKR1,TSRYS5802848,D,S,T,2024-05-09,1000000.00,4.652293,99.578125
08:00:34,91282CKR1,TSRYS5802848,D,S,T,2024-05-09,1000000.00,4.662898,99.548828125
08:00:34,91282CKR1,TSRYS5802848,D,S,T,2024-05-09,2000000.00,4.667141,99.537109375
08:00:34,91282CKR1,TSRYS5802848,D,S,T,2024-05-09,1000000.00,4.664312,99.544921875
08:00:34,91282CKR1,TSRYS5802848,D,S,T,2024-05-09,1000000.00,4.664312,99.544921875
08:00:34,91282CKR1,TSRYS5802848,D,S,T,2024-05-09,2000000.00,4.667141,99.537109375
08:00:34,91282CKR1,TSRYS5802848,D,S,T,2024-05-09,2000000.00,4.66502,99.54296875
08:00:34,91282CKR1,TSRYS5802848,D,S,T,2024-05-09,1000000.00,4.66502,99.54296875
08:00:34,91282CKR1,TSRYS5802848,D,S,T,2024-05-09,2000000.00,4.669263,99.53125
08:00:34,91282CKR1,TSRYS5802848,D,S,T,2024-05-09,2000000.00,4.66997,99.529296875
08:00:34,91282CKR1,TSRYS5802848,D,S,T,2024-05-09,2000000.00,4.66997,99.529296875
08:00:34,91282CKR1,TSRYS5802848,D,S,T,2024-05-09,1000000.00,4.669263,99.53125
08:00:34,91282CKR1,TSRYS5802848,D,S,T,2024-05-09,1000000.00,4.669263,99.53125
08:00:34,91282CKR1,TSRYS5802848,D,S,T,2024-05-09,1000000.00,4.669263,99.53125
08:00:34,91282CKR1,TSRYS5802848,D,S,T,2024-05-09,1000000.00,4.670678,99.52734375
08:00:34,91282CKR1,TSRYS5802848,D,S,T,2024-05-09,1000000.00,4.6728,99.521484375
08:00:34,91282CKR1,TSRYS5802848,D,S,T,2024-05-09,1000000.00,4.6728,99.521484375
08:00:34,91282CKR1,TSRYS5802848,D,S,T,2024-05-09,1000000.00,4.6728,99.521484375
08:00:34,91282CKR1,TSRYS5802848,D,S,T,2024-05-09,1000000.00,4.673507,99.51953125
08:00:34,91282CKR1,TSRYS5802848,D,S,T,2024-05-09,1000000.00,4.671385,99.525390625
08:00:34,91282CKR1,TSRYS5802848,D,S,T,2024-05-09,2000000.00,4.671385,99.525390625
08:00:34,91282CKR1,TSRYS5802848,D,S,T,2024-05-09,1000000.00,4.673507,99.51953125
08:00:34,91282CKR1,TSRYS5802848,D,S,T,2024-05-09,1000000.00,4.673507,99.51953125
08:00:34,91282CKR1,TSRYS5802848,D,S,T,2024-05-09,1000000.00,4.673507,99.51953125
08:00:34,91282CKR1,TSRYS5802848,D,S,T,2024-05-09,1000000.00,4.673507,99.51953125
08:00:34,91282CKR1,TSRYS5802848,D,S,T,2024-05-09,1000000.00,4.673507,99.51953125
08:00:34,91282CKR1,TSRYS5802848,D,S,T,2024-05-09,1000000.00,4.673507,99.51953125
08:00:34,91282CKR1,TSRYS5802848,D,S,T,2024-05-09,2000000.00,4.670678,99.52734375
08:00:34,91282CKR1,TSRYS5802848,D,S,T,2024-05-09,2000000.00,4.66997,99.529296875
08:00:34,91282CKR1,TSRYS5802848,D,S,T,2024-05-09,2000000.00,4.66997,99.529296875
08:00:34,91282CKR1,TSRYS5802848,D,S,T,2024-05-09,3000000.00,4.66997,99.529296875
08:00:34,91282CKR1,TSRYS5802848,D,S,T,2024-05-09,1000000.00,4.66997,99.529296875
08:00:34,91282CKR1,TSRYS5802848,D,S,T,2024-05-09,2000000.00,4.664312,99.544921875
08:00:34,91282CKR1,TSRYS5802848,D,S,T,2024-05-09,1000000.00,4.664312,99.544921875
08:00:34,91282CKR1,TSRYS5802848,D,S,T,2024-05-09,1000000.00,4.664312,99.544921875
08:00:34,91282CKR1,TSRYS5802848,D,S,T,2024-05-09,1000000.00,4.664312,99.544921875
08:00:34,91282CKR1,TSRYS5802848,D,S,T,2024-05-09,2000000.00,4.664312,99.544921875
08:00:34,91282CKR1,TSRYS5802848,D,S,T,2024-05-09,1000000.00,4.661484,99.552734375
08:00:34,91282CKR1,TSRYS5802848,D,S,T,2024-05-09,1000000.00,4.661484,99.552734375
08:00:34,91282CKR1,TSRYS5802848,D,S,T,2024-05-09,1000000.00,4.655828,99.568359375
08:00:34,91282CKR1,TSRYS5802848,D,S,T,2024-05-09,1000000.00,4.655828,99.568359375
08:00:34,91282CKR1,TSRYS5802848,D,S,D,2024-05-09,1000000.00,4.674922,99.515625
08:00:34,91282CKR1,TSRYS5802848,D,S,D,2024-05-09,1000000.00,4.674922,99.515625
08:00:34,91282CKR1,TSRYS5802848,D,S,D,2024-05-09,1000000.00,4.674922,99.515625
08:00:34,91282CKR1,TSRYS5802848,D,S,D,2024-05-09,2000000.00,4.674922,99.515625
08:00:34,91282CKR1,TSRYS5802848,D,S,D,2024-05-09,2000000.00,4.674922,99.515625
08:00:34,91282CKR1,TSRYS5802848,D,S,D,2024-05-09,2000000.00,4.674922,99.515625
08:00:34,91282CKR1,TSRYS5802848,D,S,D,2024-05-09,1000000.00,4.674922,99.515625
08:00:34,91282CKR1,TSRYS5802848,D,S,D,2024-05-09,1000000.00,4.673507,99.51953125
08:00:34,91282CKR1,TSRYS5802848,D,S,D,2024-05-09,2000000.00,4.673507,99.51953125
08:00:34,91282CKR1,TSRYS5802848,D,S,D,2024-05-09,2000000.00,4.670678,99.52734375
08:00:34,91282CKR1,TSRYS5802848,D,S,D,2024-05-09,2000000.00,4.671385,99.525390625
08:00:34,91282CKR1,TSRYS5802848,D,S,D,2024-05-09,1000000.00,4.673507,99.51953125
08:00:34,91282CKR1,TSRYS5802848,D,S,D,2024-05-09,1000000.00,4.673507,99.51953125
08:00:34,91282CKR1,TSRYS5802848,D,S,D,2024-05-09,1000000.00,4.673507,99.51953125
08:00:34,91282CKR1,TSRYS5802848,D,S,D,2024-05-09,1000000.00,4.673507,99.51953125
08:00:34,91282CKR1,TSRYS5802848,D,S,D,2024-05-09,1000000.00,4.673507,99.51953125
08:00:34,91282CKR1,TSRYS5802848,D,B,A,2024-05-09,4500000.00,4.662191,99.55078125
08:00:34,91282CKR1,TSRYS5802848,D,S,D,2024-05-09,1000000.00,4.673507,99.51953125
08:00:34,91282CKR1,TSRYS5802848,D,B,C,2024-05-09,1500000.00,4.66502,99.54296875
08:00:34,91282CKR1,TSRYS5802848,D,S,T,2024-05-09,1000000.00,4.666434,99.5390625
08:00:34,91282CKR1,TSRYS5802848,D,S,T,2024-05-09,1000000.00,4.666434,99.5390625
08:00:34,91282CKR1,TSRYS5802848,D,S,T,2024-05-09,1000000.00,4.66502,99.54296875
08:00:34,91282CKR1,TSRYS5802848,D,B,A,2024-05-09,5047000.00,4.666434,99.5390625
08:00:34,91282CKR1,TSRYS5802848,D,S,D,2024-05-09,1000000.00,4.673507,99.51953125
08:00:34,91282CKR1,TSRYS5802848,D,B,A,2024-05-09,4000000.00,4.672092,99.5234375
08:00:34,91282CKR1,TSRYS5802848,D,B,A,2024-05-09,5000000.00,4.672092,99.5234375
08:00:34,91282CKR1,TSRYS5802848,D,B,A,2024-05-09,2000000.00,4.672092,99.5234375
08:00:34,91282CKR1,TSRYS5802848,D,S,T,2024-05-09,1000000.00,4.672092,99.5234375
08:00:34,91282CKR1,TSRYS5802848,D,B,A,2024-05-09,1000000.00,4.672092,99.5234375
08:00:34,91282CKR1,TSRYS5802848,D,S,T,2024-05-09,2000000.00,4.672092,99.5234375
08:00:34,91282CKR1,TSRYS5802848,D,S,T,2024-05-09,5000000.00,4.672092,99.5234375
08:00:34,91282CKR1,TSRYS5802848,D,B,A,2024-05-09,5000000.00,4.672092,99.5234375
08:00:34,91282CKR1,TSRYS5802848,D,B,A,2024-05-09,1000000.00,4.672092,99.5234375
08:00:34,91282CKR1,TSRYS5802848,D,S,T,2024-05-09,1000000.00,4.672092,99.5234375
08:00:34,91282CKR1,TSRYS5802848,D,B,A,2024-05-09,1000000.00,4.672092,99.5234375
08:00:34,91282CKR1,TSRYS5802848,D,B,A,2024-05-09,1000000.00,4.672092,99.5234375
08:00:34,91282CKR1,TSRYS5802848,D,B,A,2024-05-09,1000000.00,4.672092,99.5234375
08:00:34,91282CKR1,TSRYS5802848,D,S,T,2024-05-09,1000000.00,4.672092,99.5234375
08:00:34,91282CKR1,TSRYS5802848,D,S,T,2024-05-09,5000000.00,4.672092,99.5234375
08:00:34,91282CKR1,TSRYS5802848,D,S,T,2024-05-09,1000000.00,4.672092,99.5234375
08:00:34,91282CKR1,TSRYS5802848,D,B,A,2024-05-09,1000000.00,4.672092,99.5234375
08:00:34,91282CKR1,TSRYS5802848,D,S,T,2024-05-09,1000000.00,4.672092,99.5234375
08:00:34,91282CKR1,TSRYS5802848,D,S,T,2024-05-09,1000000.00,4.672092,99.5234375
08:00:34,91282CKR1,TSRYS5802848,D,B,A,2024-05-09,1000000.00,4.672092,99.5234375
08:00:34,91282CKR1,TSRYS5802848,D,S,T,2024-05-09,1000000.00,4.672092,99.5234375
08:00:34,91282CKR1,TSRYS5802848,D,S,T,2024-05-09,1000000.00,4.672092,99.5234375
08:00:34,91282CKR1,TSRYS5802848,D,B,A,2024-05-09,1000000.00,4.672092,99.5234375
08:00:34,91282CKR1,TSRYS5802848,D,B,A,2024-05-09,1000000.00,4.672092,99.5234375
08:00:34,91282CKR1,TSRYS5802848,D,S,T,2024-05-09,1000000.00,4.672092,99.5234375
08:00:34,91282CKR1,TSRYS5802848,D,S,D,2024-05-09,1000000.00,4.673507,99.51953125
08:00:34,91282CKR1,TSRYS5802848,D,B,A,2024-05-09,9000000.00,4.672092,99.5234375
08:00:34,91282CKR1,TSRYS5802848,D,B,A,2024-05-09,1000000.00,4.672092,99.5234375
08:00:34,91282CKR1,TSRYS5802848,D,B,A,2024-05-09,1000000.00,4.672092,99.5234375
08:00:34,91282CKR1,TSRYS5802848,D,S,T,2024-05-09,1000000.00,4.672092,99.5234375
08:00:34,91282CKR1,TSRYS5802848,D,B,A,2024-05-09,3000000.00,4.672092,99.5234375
08:00:34,91282CKR1,TSRYS5802848,D,S,T,2024-05-09,1000000.00,4.672092,99.5234375
08:00:34,91282CKR1,TSRYS5802848,D,S,T,2024-05-09,2000000.00,4.672092,99.5234375
08:00:34,91282CKR1,TSRYS5802848,D,B,A,2024-05-09,1000000.00,4.672092,99.5234375
08:00:34,91282CKR1,TSRYS5802848,D,S,T,2024-05-09,1000000.00,4.672092,99.5234375
08:00:34,91282CKR1,TSRYS5802848,D,S,T,2024-05-09,3000000.00,4.672092,99.5234375
08:00:34,91282CKR1,TSRYS5802848,D,B,A,2024-05-09,2000000.00,4.672092,99.5234375
08:00:34,91282CKR1,TSRYS5802848,D,B,A,2024-05-09,2000000.00,4.672092,99.5234375
08:00:34,91282CKR1,TSRYS5802848,D,B,A,2024-05-09,1000000.00,4.672092,99.5234375
08:00:34,91282CKR1,TSRYS5802848,D,S,T,2024-05-09,1000000.00,4.672092,99.5234375
08:00:34,91282CKR1,TSRYS5802848,D,S,T,2024-05-09,1000000.00,4.672092,99.5234375
08:00:34,91282CKR1,TSRYS5802848,D,S,T,2024-05-09,1000000.00,4.672092,99.5234375
08:00:34,91282CKR1,TSRYS5802848,D,S,T,2024-05-09,2000000.00,4.672092,99.5234375
08:00:34,91282CKR1,TSRYS5802848,D,B,A,2024-05-09,2000000.00,4.672092,99.5234375
08:00:34,91282CKR1,TSRYS5802848,D,S,T,2024-05-09,2000000.00,4.672092,99.5234375
08:00:34,91282CKR1,TSRYS5802848,D,B,A,2024-05-09,1000000.00,4.672092,99.5234375
08:00:34,91282CKR1,TSRYS5802848,D,B,A,2024-05-09,1000000.00,4.672092,99.5234375
08:00:34,91282CKR1,TSRYS5802848,D,S,T,2024-05-09,2000000.00,4.672092,99.5234375
08:00:34,91282CKR1,TSRYS5802848,D,S,T,2024-05-09,2000000.00,4.672092,99.5234375
08:00:34,91282CKR1,TSRYS5802848,D,S,T,2024-05-09,1000000.00,4.672092,99.5234375
08:00:34,91282CKR1,TSRYS5802848,D,B,A,2024-05-09,2000000.00,4.672092,99.5234375
08:00:34,91282CKR1,TSRYS5802848,D,B,A,2024-05-09,1000000.00,4.672092,99.5234375
08:00:34,91282CKR1,TSRYS5802848,D,B,A,2024-05-09,2000000.00,4.672092,99.5234375
08:00:34,91282CKR1,TSRYS5802848,D,B,A,2024-05-09,2000000.00,4.672092,99.5234375
08:00:34,91282CKR1,TSRYS5802848,D,B,A,2024-05-09,3000000.00,4.672092,99.5234375
08:00:34,91282CKR1,TSRYS5802848,D,B,A,2024-05-09,5000000.00,4.672092,99.5234375
08:00:34,91282CKR1,TSRYS5802848,D,B,A,2024-05-09,4000000.00,4.672092,99.5234375
08:00:34,91282CKR1,TSRYS5802848,D,S,T,2024-05-09,3000000.00,4.672092,99.5234375
08:00:34,91282CKR1,TSRYS5802848,D,B,A,2024-05-09,1000000.00,4.672092,99.5234375
08:00:34,91282CKR1,TSRYS5802848,D,B,A,2024-05-09,1000000.00,4.672092,99.5234375
08:00:34,91282CKR1,TSRYS5802848,D,B,A,2024-05-09,3000000.00,4.672092,99.5234375
08:00:34,91282CKR1,TSRYS5802848,D,S,T,2024-05-09,1000000.00,4.672092,99.5234375
08:00:34,91282CKR1,TSRYS5802848,D,S,T,2024-05-09,2000000.00,4.672092,99.5234375
08:00:34,91282CKR1,TSRYS5802848,D,B,A,2024-05-09,1000000.00,4.672092,99.5234375
08:00:34,91282CKR1,TSRYS5802848,D,S,T,2024-05-09,1000000.00,4.672092,99.5234375
08:00:34,91282CKR1,TSRYS5802848,D,B,A,2024-05-09,1000000.00,4.672092,99.5234375
08:00:34,91282CKR1,TSRYS5802848,D,S,T,2024-05-09,4000000.00,4.672092,99.5234375
08:00:34,91282CKR1,TSRYS5802848,D,S,T,2024-05-09,5000000.00,4.672092,99.5234375
08:00:34,91282CKR1,TSRYS5802848,D,S,T,2024-05-09,1000000.00,4.672092,99.5234375
08:00:34,91282CKR1,TSRYS5802848,D,S,T,2024-05-09,1000000.00,4.672092,99.5234375
08:00:34,91282CKR1,TSRYS5802848,D,S,A,2024-05-09,1835000.00,4.669263,99.53125
08:00:34,91282CKR1,TSRYS5802848,D,S,A,2024-05-09,15000.00,4.669263,99.53125
08:00:34,91282CKR1,TSRYS5802848,D,S,T,2024-05-09,1000000.00,4.669263,99.53125
08:00:34,91282CKR1,TSRYS5802848,D,S,A,2024-05-09,600000.00,4.673507,99.519531
08:00:38,91282CKR1,TSRYS5802848,D,S,T,2024-05-09,30000000.00,4.660777,99.5546875
08:00:38,91282CKR1,TSRYS5802848,D,S,T,2024-05-09,1000000.00,4.667848,99.53515625
08:00:38,91282CKR1,TSRYS5802848,D,S,T,2024-05-09,1000000.00,4.657949,99.5625
08:00:38,91282CKR1,TSRYS5802848,D,S,T,2024-05-09,1000000.00,4.662191,99.55078125
08:00:38,91282CKR1,TSRYS5802848,D,S,T,2024-05-09,1000000.00,4.662191,99.55078125
08:00:38,91282CKR1,TSRYS5802848,D,S,T,2024-05-09,1000000.00,4.662191,99.55078125
08:00:38,91282CKR1,TSRYS5802848,D,S,T,2024-05-09,1000000.00,4.666434,99.5390625
08:00:38,91282CKR1,TSRYS5802848,D,S,T,2024-05-09,1000000.00,4.66502,99.54296875
08:00:38,91282CKR1,TSRYS5802848,D,S,T,2024-05-09,1000000.00,4.663605,99.546875
08:00:38,91282CKR1,TSRYS5802848,D,B,C,2024-05-09,1000000.00,4.667848,99.53515625
08:00:38,91282CKR1,TSRYS5802848,D,B,C,2024-05-09,2000000.00,4.670678,99.52734375
08:00:38,91282CKR1,TSRYS5802848,D,S,C,2024-05-09,2000000.00,4.666434,99.5390625
08:00:38,91282CKR1,TSRYS5802848,D,S,C,2024-05-09,1000000.00,4.670678,99.52734375
08:00:38,91282CKR1,TSRYS5802848,D,S,T,2024-05-09,1000000.00,4.66502,99.54296875
08:00:38,91282CKR1,TSRYS5802848,D,S,T,2024-05-09,1000000.00,4.667848,99.53515625
08:00:38,91282CKR1,TSRYS5802848,D,S,T,2024-05-09,1000000.00,4.662191,99.55078125
08:00:38,91282CKR1,TSRYS5802848,D,S,T,2024-05-09,1000000.00,4.661484,99.552734375
08:00:38,91282CKR1,TSRYS5802848,D,S,T,2024-05-09,1000000.00,4.662191,99.55078125
08:00:38,91282CKR1,TSRYS5802848,D,S,T,2024-05-09,1000000.00,4.662191,99.55078125
08:00:38,91282CKR1,TSRYS5802848,D,S,T,2024-05-09,1000000.00,4.662191,99.55078125
08:00:38,91282CKR1,TSRYS5802848,D,S,T,2024-05-09,1000000.00,4.660777,99.5546875
08:00:38,91282CKR1,TSRYS5802848,D,S,D,2024-05-09,1000000.00,4.656535,99.56640625
08:00:38,91282CKR1,TSRYS5802848,D,S,T,2024-05-09,1000000.00,4.657949,99.5625
08:00:38,91282CKR1,TSRYS5802848,D,S,T,2024-05-09,1000000.00,4.657949,99.5625
08:00:38,91282CKR1,TSRYS5802848,D,S,T,2024-05-09,1000000.00,4.662191,99.55078125
08:00:38,91282CKR1,TSRYS5802848,D,S,D,2024-05-09,4000000.00,4.666434,99.5390625
08:00:38,91282CKR1,TSRYS5802848,D,S,D,2024-05-09,1000000.00,4.669263,99.53125
08:00:38,91282CKR1,TSRYS5802848,D,S,D,2024-05-09,13300000.00,4.669263,99.53125
08:00:38,91282CKR1,TSRYS5802848,D,S,T,2024-05-09,1000000.00,4.670678,99.52734375
08:00:38,91282CKR1,TSRYS5802848,D,S,T,2024-05-09,1000000.00,4.670678,99.52734375
08:00:39,91282CKR1,TSRYS5802848,D,S,T,2024-05-09,1000000.00,4.662191,99.55078125
08:00:41,91282CKR1,TSRYS5802848,D,S,T,2024-05-09,1000000.00,4.672092,99.5234375
08:00:41,91282CKR1,TSRYS5802848,D,S,T,2024-05-09,1000000.00,4.672092,99.5234375
08:00:41,91282CKR1,TSRYS5802848,D,S,T,2024-05-09,4000000.00,4.670678,99.52734375
08:00:41,91282CKR1,TSRYS5802848,D,S,D,2024-05-09,2000000.00,4.670678,99.52734375
08:00:43,91282CKR1,TSRYS5802848,D,S,D,2024-05-09,10000.00,4.651977,99.579
08:00:43,91282CKR1,TSRYS5802848,D,S,D,2024-05-09,1000000.00,4.660777,99.5546875
08:00:43,91282CKR1,TSRYS5802848,D,S,D,2024-05-09,1000000.00,4.660777,99.5546875
08:00:43,91282CKR1,TSRYS5802848,D,S,D,2024-05-09,2000000.00,4.661484,99.552734375
08:00:43,91282CKR1,TSRYS5802848,D,S,D,2024-05-09,2000000.00,4.661484,99.552734375
08:00:43,91282CKR1,TSRYS5802848,D,S,D,2024-05-09,2000000.00,4.661484,99.552734375
08:00:43,91282CKR1,TSRYS5802848,D,S,D,2024-05-09,1000000.00,4.661484,99.552734375
08:00:43,91282CKR1,TSRYS5802848,D,S,D,2024-05-09,1000000.00,4.661484,99.552734375
08:00:43,91282CKR1,TSRYS5802848,D,S,D,2024-05-09,1000000.00,4.661484,99.552734375
08:00:43,91282CKR1,TSRYS5802848,D,S,D,2024-05-09,1000000.00,4.661484,99.552734375
08:00:44,91282CKR1,TSRYS5802848,D,S,A,2024-05-09,80000000.00,4.669263,99.53125
08:00:44,91282CKR1,TSRYS5802848,D,S,T,2024-05-09,1000000.00,4.662191,99.55078125
08:00:45,91282CKR1,TSRYS5802848,D,S,D,2024-05-09,2415000.00,4.660777,99.5546875
08:00:45,91282CKR1,TSRYS5802848,D,S,D,2024-05-09,1000000.00,4.663605,99.546875
08:00:45,91282CKR1,TSRYS5802848,D,S,D,2024-05-09,10000000.00,4.663605,99.546875
08:00:48,91282CKR1,TSRYS5802848,D,S,T,2024-05-09,3000000.00,4.669263,99.53125
08:00:48,91282CKR1,TSRYS5802848,D,S,T,2024-05-09,2000000.00,4.669299,99.53115
08:00:49,91282CKR1,TSRYS5802848,D,S,D,2024-05-09,1000000.00,4.661484,99.552734375
08:00:49,91282CKR1,TSRYS5802848,D,S,D,2024-05-09,1000000.00,4.661484,99.552734375
08:00:53,91282CKR1,TSRYS5802848,D,S,A,2024-05-09,200000.00,4.662191,99.550781
08:01:01,91282CKR1,TSRYS5802848,D,S,A,2024-05-09,1720000.00,4.673507,99.51953125
08:01:03,91282CKR1,TSRYS5802848,D,S,T,2024-05-09,1000000.00,4.662191,99.55078125
08:01:03,91282CKR1,TSRYS5802848,D,S,T,2024-05-09,1000000.00,4.662191,99.55078125
08:01:03,91282CKR1,TSRYS5802848,D,B,C,2024-05-09,2000000.00,4.669263,99.53125
08:01:04,91282CKR1,TSRYS5802848,D,S,T,2024-05-09,1000000.00,4.662191,99.55078125
08:01:05,91282CKR1,TSRYS5802848,D,S,C,2024-05-09,1000000.00,4.657949,99.5625
08:01:05,91282CKR1,TSRYS5802848,D,S,C,2024-05-09,1000000.00,4.654414,99.572265625
08:01:05,91282CKR1,TSRYS5802848,D,B,C,2024-05-09,1000000.00,4.656535,99.56640625
08:01:05,91282CKR1,TSRYS5802848,D,S,D,2024-05-09,6150000.00,4.477504,100.0625
08:01:05,91282CKR1,TSRYS5802848,D,B,C,2024-05-09,1000000.00,4.657242,99.564453125
08:01:05,91282CKR1,TSRYS5802848,D,S,C,2024-05-09,1000000.00,4.657242,99.564453125
08:01:05,91282CKR1,TSRYS5802848,D,S,C,2024-05-09,1000000.00,4.657949,99.5625
08:01:06,91282CKR1,TSRYS5802848,D,S,C,2024-05-09,1000000.00,4.657949,99.5625
08:01:06,91282CKR1,TSRYS5802848,D,S,C,2024-05-09,1000000.00,4.656535,99.56640625
08:01:06,91282CKR1,TSRYS5802848,D,B,C,2024-05-09,1000000.00,4.658656,99.560546875
08:01:06,91282CKR1,TSRYS5802848,D,S,D,2024-05-09,2000000.00,4.657949,99.5625
08:01:06,91282CKR1,TSRYS5802848,D,B,C,2024-05-09,2000000.00,4.657949,99.5625
08:01:06,91282CKR1,TSRYS5802848,D,S,C,2024-05-09,1000000.00,4.658656,99.560546875
08:01:06,91282CKR1,TSRYS5802848,D,B,C,2024-05-09,1000000.00,4.657949,99.5625
08:01:06,91282CKR1,TSRYS5802848,D,S,A,2024-05-09,1010000.00,4.676337,99.51171875
08:01:06,91282CKR1,TSRYS5802848,D,B,C,2024-05-09,1000000.00,4.657949,99.5625
08:01:06,91282CKR1,TSRYS5802848,D,S,C,2024-05-09,1000000.00,4.660777,99.5546875
08:01:06,91282CKR1,TSRYS5802848,D,S,C,2024-05-09,1000000.00,4.661484,99.552734375
08:01:06,91282CKR1,TSRYS5802848,D,S,C,2024-05-09,1000000.00,4.660777,99.5546875
08:01:06,91282CKR1,TSRYS5802848,D,B,C,2024-05-09,2000000.00,4.661484,99.552734375
08:01:06,91282CKR1,TSRYS5802848,D,S,C,2024-05-09,1000000.00,4.660777,99.5546875
08:01:06,91282CKR1,TSRYS5802848,D,S,C,2024-05-09,1000000.00,4.660777,99.5546875
08:01:06,91282CKR1,TSRYS5802848,D,S,C,2024-05-09,2000000.00,4.661484,99.552734375
08:01:06,91282CKR1,TSRYS5802848,D,S,C,2024-05-09,1000000.00,4.66007,99.556640625
08:01:06,91282CKR1,TSRYS5802848,D,S,C,2024-05-09,1000000.00,4.657949,99.5625
08:01:06,91282CKR1,TSRYS5802848,D,S,C,2024-05-09,1000000.00,4.660777,99.5546875
08:01:06,91282CKR1,TSRYS5802848,D,B,C,2024-05-09,1000000.00,4.66007,99.556640625
08:01:06,91282CKR1,TSRYS5802848,D,B,C,2024-05-09,1000000.00,4.660777,99.5546875
08:01:06,91282CKR1,TSRYS5802848,D,S,D,2024-05-09,1000000.00,4.66007,99.556640625
08:01:06,91282CKR1,TSRYS5802848,D,S,D,2024-05-09,1000000.00,4.660777,99.5546875
08:01:06,91282CKR1,TSRYS5802848,D,B,C,2024-05-09,1000000.00,4.660777,99.5546875
08:01:06,91282CKR1,TSRYS5802848,D,B,C,2024-05-09,1000000.00,4.66007,99.556640625
08:01:06,91282CKR1,TSRYS5802848,D,S,C,2024-05-09,1000000.00,4.659363,99.55859375
08:01:06,91282CKR1,TSRYS5802848,D,B,C,2024-05-09,1000000.00,4.659363,99.55859375
08:01:06,91282CKR1,TSRYS5802848,D,S,C,2024-05-09,1000000.00,4.659363,99.55859375
08:01:06,91282CKR1,TSRYS5802848,D,B,C,2024-05-09,1000000.00,4.662191,99.55078125
08:01:06,91282CKR1,TSRYS5802848,D,B,C,2024-05-09,1000000.00,4.659363,99.55859375
08:01:06,91282CKR1,TSRYS5802848,D,S,C,2024-05-09,1000000.00,4.662191,99.55078125
08:01:06,91282CKR1,TSRYS5802848,D,S,A,2024-05-09,2252000.00,4.669263,99.53125
08:01:07,91282CKR1,TSRYS5802848,D,S,D,2024-05-09,2000000.00,4.657949,99.5625
08:01:07,91282CKR1,TSRYS5802848,D,S,T,2024-05-09,1000000.00,4.672092,99.5234375
08:01:07,91282CKR1,TSRYS5802848,D,S,T,2024-05-09,1000000.00,4.672092,99.5234375
08:01:08,91282CKR1,TSRYS5802848,D,S,D,2024-05-09,2000000.00,4.666434,99.5390625
08:01:08,91282CKR1,TSRYS5802848,D,S,D,2024-05-09,2000000.00,4.666434,99.5390625
08:01:08,91282CKR1,TSRYS5802848,D,S,C,2024-05-09,1000000.00,4.666434,99.5390625
08:01:08,91282CKR1,TSRYS5802848,D,S,T,2024-05-09,1000000.00,4.672092,99.5234375
08:01:08,91282CKR1,TSRYS5802848,D,S,C,2024-05-09,1000000.00,4.669263,99.53125
08:01:08,91282CKR1,TSRYS5802848,D,B,C,2024-05-09,1000000.00,4.667141,99.537109375
08:01:08,91282CKR1,TSRYS5802848,D,S,D,2024-05-09,1000000.00,4.667141,99.537109375
08:01:09,91282CKR1,TSRYS5802848,D,S,D,2024-05-09,1000000.00,4.66502,99.54296875
08:01:09,91282CKR1,TSRYS5802848,D,S,D,2024-05-09,1000000.00,4.66502,99.54296875
08:01:09,91282CKR1,TSRYS5802848,D,S,D,2024-05-09,2000000.00,4.667848,99.53515625
08:01:09,91282CKR1,TSRYS5802848,D,S,C,2024-05-09,1000000.00,4.66502,99.54296875
08:01:09,91282CKR1,TSRYS5802848,D,S,D,2024-05-09,1000000.00,4.66502,99.54296875
08:01:09,91282CKR1,TSRYS5802848,D,S,D,2024-05-09,2000000.00,4.663605,99.546875
08:01:09,91282CKR1,TSRYS5802848,D,S,D,2024-05-09,1000000.00,4.670678,99.52734375
08:01:09,91282CKR1,TSRYS5802848,D,B,C,2024-05-09,1000000.00,4.670678,99.52734375
08:01:09,91282CKR1,TSRYS5802848,D,S,C,2024-05-09,1000000.00,4.670678,99.52734375
08:01:09,91282CKR1,TSRYS5802848,D,S,C,2024-05-09,1000000.00,4.66997,99.529296875
08:01:09,91282CKR1,TSRYS5802848,D,S,D,2024-05-09,1000000.00,4.670678,99.52734375
08:01:09,91282CKR1,TSRYS5802848,D,S,C,2024-05-09,1000000.00,4.670678,99.52734375
08:01:09,91282CKR1,TSRYS5802848,D,S,D,2024-05-09,1000000.00,4.670678,99.52734375
08:01:09,91282CKR1,TSRYS5802848,D,S,D,2024-05-09,1000000.00,4.670678,99.52734375
08:01:09,91282CKR1,TSRYS5802848,D,S,D,2024-05-09,1000000.00,4.670678,99.52734375
08:01:09,91282CKR1,TSRYS5802848,D,S,D,2024-05-09,1000000.00,4.670678,99.52734375
08:01:09,91282CKR1,TSRYS5802848,D,S,D,2024-05-09,1000000.00,4.670678,99.52734375
08:01:09,91282CKR1,TSRYS5802848,D,S,D,2024-05-09,1000000.00,4.670678,99.52734375
08:01:09,91282CKR1,TSRYS5802848,D,S,D,2024-05-09,1000000.00,4.670678,99.52734375
08:01:09,91282CKR1,TSRYS5802848,D,S,D,2024-05-09,1000000.00,4.670678,99.52734375
08:01:09,91282CKR1,TSRYS5802848,D,S,D,2024-05-09,1000000.00,4.670678,99.52734375
08:01:09,91282CKR1,TSRYS5802848,D,S,D,2024-05-09,1000000.00,4.670678,99.52734375
08:01:09,91282CKR1,TSRYS5802848,D,S,D,2024-05-09,1000000.00,4.670678,99.52734375
08:01:09,91282CKR1,TSRYS5802848,D,S,D,2024-05-09,1000000.00,4.670678,99.52734375
08:01:09,91282CKR1,TSRYS5802848,D,S,D,2024-05-09,1000000.00,4.670678,99.52734375
08:01:09,91282CKR1,TSRYS5802848,D,S,C,2024-05-09,1000000.00,4.671385,99.525390625
08:01:09,91282CKR1,TSRYS5802848,D,S,D,2024-05-09,1000000.00,4.670678,99.52734375
08:01:09,91282CKR1,TSRYS5802848,D,S,D,2024-05-09,1000000.00,4.672092,99.5234375
08:01:09,91282CKR1,TSRYS5802848,D,S,C,2024-05-09,1000000.00,4.674214,99.517578125
08:01:10,91282CKR1,TSRYS5802848,D,S,C,2024-05-09,1000000.00,4.674214,99.517578125
08:01:10,91282CKR1,TSRYS5802848,D,S,D,2024-05-09,3000000.00,4.672092,99.5234375
08:01:10,91282CKR1,TSRYS5802848,D,S,C,2024-05-09,1000000.00,4.671385,99.525390625
08:01:10,91282CKR1,TSRYS5802848,D,S,D,2024-05-09,1000000.00,4.672092,99.5234375
08:01:10,91282CKR1,TSRYS5802848,D,S,D,2024-05-09,1000000.00,4.672092,99.5234375
08:01:10,91282CKR1,TSRYS5802848,D,S,C,2024-05-09,1000000.00,4.673507,99.51953125
08:01:10,91282CKR1,TSRYS5802848,D,S,D,2024-05-09,2000000.00,4.673507,99.51953125
08:01:10,91282CKR1,TSRYS5802848,D,S,D,2024-05-09,1000000.00,4.673507,99.51953125
08:01:10,91282CKR1,TSRYS5802848,D,S,D,2024-05-09,1000000.00,4.673507,99.51953125
08:01:10,91282CKR1,TSRYS5802848,D,S,D,2024-05-09,1000000.00,4.673507,99.51953125
08:01:10,91282CKR1,TSRYS5802848,D,S,D,2024-05-09,2000000.00,4.673507,99.51953125
08:01:10,91282CKR1,TSRYS5802848,D,S,D,2024-05-09,1000000.00,4.673507,99.51953125
08:01:10,91282CKR1,TSRYS5802848,D,S,D,2024-05-09,1000000.00,4.673507,99.51953125
08:01:10,91282CKR1,TSRYS5802848,D,S,D,2024-05-09,2000000.00,4.673507,99.51953125
08:01:10,91282CKR1,TSRYS5802848,D,S,D,2024-05-09,1000000.00,4.673507,99.51953125
08:01:10,91282CKR1,TSRYS5802848,D,S,D,2024-05-09,1000000.00,4.673507,99.51953125
08:01:10,91282CKR1,TSRYS5802848,D,S,D,2024-05-09,1000000.00,4.673507,99.51953125
08:01:10,91282CKR1,TSRYS5802848,D,S,D,2024-05-09,1000000.00,4.673507,99.51953125
08:01:10,91282CKR1,TSRYS5802848,D,S,D,2024-05-09,1000000.00,4.673507,99.51953125
08:01:10,91282CKR1,TSRYS5802848,D,S,C,2024-05-09,2000000.00,4.674214,99.517578125
08:01:10,91282CKR1,TSRYS5802848,D,S,C,2024-05-09,1000000.00,4.674214,99.517578125
08:01:10,91282CKR1,TSRYS5802848,D,S,C,2024-05-09,1000000.00,4.674214,99.517578125
08:01:10,91282CKR1,TSRYS5802848,D,S,C,2024-05-09,1000000.00,4.674214,99.517578125
08:01:10,91282CKR1,TSRYS5802848,D,S,C,2024-05-09,2000000.00,4.674214,99.517578125
08:01:10,91282CKR1,TSRYS5802848,D,S,C,2024-05-09,2000000.00,4.674214,99.517578125
08:01:10,91282CKR1,TSRYS5802848,D,S,D,2024-05-09,1000000.00,4.674922,99.515625
08:01:10,91282CKR1,TSRYS5802848,D,S,D,2024-05-09,1000000.00,4.674922,99.515625
08:01:10,91282CKR1,TSRYS5802848,D,S,D,2024-05-09,1000000.00,4.674922,99.515625
08:01:10,91282CKR1,TSRYS5802848,D,S,D,2024-05-09,1000000.00,4.674214,99.517578125
08:01:10,91282CKR1,TSRYS5802848,D,S,C,2024-05-09,1000000.00,4.674214,99.517578125
08:01:10,91282CKR1,TSRYS5802848,D,S,C,2024-05-09,2000000.00,4.674214,99.517578125
08:01:10,91282CKR1,TSRYS5802848,D,S,D,2024-05-09,1000000.00,4.674922,99.515625
08:01:10,91282CKR1,TSRYS5802848,D,S,D,2024-05-09,1000000.00,4.674922,99.515625
08:01:10,91282CKR1,TSRYS5802848,D,S,D,2024-05-09,1000000.00,4.674922,99.515625
08:01:10,91282CKR1,TSRYS5802848,D,S,D,2024-05-09,1000000.00,4.674922,99.515625
08:01:10,91282CKR1,TSRYS5802848,D,S,D,2024-05-09,1000000.00,4.674922,99.515625
08:01:10,91282CKR1,TSRYS5802848,D,S,D,2024-05-09,2000000.00,4.674922,99.515625
08:01:10,91282CKR1,TSRYS5802848,D,S,D,2024-05-09,1000000.00,4.674922,99.515625
08:01:10,91282CKR1,TSRYS5802848,D,S,D,2024-05-09,2000000.00,4.674922,99.515625
08:01:10,91282CKR1,TSRYS5802848,D,S,D,2024-05-09,2000000.00,4.674922,99.515625
08:01:10,91282CKR1,TSRYS5802848,D,S,D,2024-05-09,1000000.00,4.674922,99.515625
08:01:10,91282CKR1,TSRYS5802848,D,S,C,2024-05-09,1000000.00,4.673507,99.51953125
08:01:10,91282CKR1,TSRYS5802848,D,S,C,2024-05-09,2000000.00,4.673507,99.51953125
08:01:10,91282CKR1,TSRYS5802848,D,S,D,2024-05-09,2000000.00,4.670678,99.52734375
08:01:10,91282CKR1,TSRYS5802848,D,S,C,2024-05-09,1000000.00,4.670678,99.52734375
08:01:10,91282CKR1,TSRYS5802848,D,B,C,2024-05-09,1000000.00,4.670678,99.52734375
08:01:10,91282CKR1,TSRYS5802848,D,S,C,2024-05-09,1000000.00,4.670678,99.52734375
08:01:10,91282CKR1,TSRYS5802848,D,B,C,2024-05-09,1000000.00,4.670678,99.52734375
08:01:10,91282CKR1,TSRYS5802848,D,S,C,2024-05-09,1000000.00,4.668556,99.533203125
08:01:10,91282CKR1,TSRYS5802848,D,B,C,2024-05-09,1000000.00,4.662898,99.548828125
08:01:10,91282CKR1,TSRYS5802848,D,S,C,2024-05-09,1000000.00,4.662898,99.548828125
08:01:10,91282CKR1,TSRYS5802848,D,S,C,2024-05-09,1000000.00,4.663605,99.546875
08:01:10,91282CKR1,TSRYS5802848,D,S,C,2024-05-09,2000000.00,4.668556,99.533203125
08:01:11,91282CKR1,TSRYS5802848,D,S,D,2024-05-09,4000000.00,4.666434,99.5390625
08:01:11,91282CKR1,TSRYS5802848,D,S,D,2024-05-09,1000000.00,4.669263,99.53125
08:01:11,91282CKR1,TSRYS5802848,D,S,C,2024-05-09,1000000.00,4.666434,99.5390625
08:01:11,91282CKR1,TSRYS5802848,D,S,C,2024-05-09,2000000.00,4.668556,99.533203125
08:01:11,91282CKR1,TSRYS5802848,D,S,D,2024-05-09,3000000.00,4.665727,99.541015625
08:01:11,91282CKR1,TSRYS5802848,D,B,C,2024-05-09,3000000.00,4.665727,99.541015625
08:01:11,91282CKR1,TSRYS5802848,D,S,D,2024-05-09,2000000.00,4.666434,99.5390625
08:01:11,91282CKR1,TSRYS5802848,D,S,D,2024-05-09,2000000.00,4.666434,99.5390625
08:01:11,91282CKR1,TSRYS5802848,D,S,D,2024-05-09,1000000.00,4.666434,99.5390625
08:01:11,91282CKR1,TSRYS5802848,D,S,D,2024-05-09,1000000.00,4.66502,99.54296875
08:01:11,91282CKR1,TSRYS5802848,D,S,D,2024-05-09,1000000.00,4.66502,99.54296875
08:01:11,91282CKR1,TSRYS5802848,D,S,D,2024-05-09,1000000.00,4.66502,99.54296875
08:01:11,91282CKR1,TSRYS5802848,D,S,D,2024-05-09,1000000.00,4.66502,99.54296875
08:01:11,91282CKR1,TSRYS5802848,D,S,D,2024-05-09,2000000.00,4.663605,99.546875
08:01:12,91282CKR1,TSRYS5802848,D,S,T,2024-05-09,1000000.00,4.66647,99.5389625
08:01:12,91282CKR1,TSRYS5802848,D,S,T,2024-05-09,1000000.00,4.66647,99.5389625
08:01:12,91282CKR1,TSRYS5802848,D,S,T,2024-05-09,2000000.00,4.665056,99.54286875
08:01:12,91282CKR1,TSRYS5802848,D,S,T,2024-05-09,2000000.00,4.665056,99.54286875
08:01:12,91282CKR1,TSRYS5802848,D,S,T,2024-05-09,2000000.00,4.663642,99.546775
08:01:13,91282CKR1,TSRYS5802848,D,B,A,2024-05-09,4000000.00,4.66366,99.546723
08:01:13,91282CKR1,TSRYS5802848,D,S,T,2024-05-09,4000000.00,4.66366,99.546723
08:01:13,91282CKR1,TSRYS5802848,D,S,T,2024-05-09,3000000.00,4.66366,99.546723
08:01:13,91282CKR1,TSRYS5802848,D,B,A,2024-05-09,3000000.00,4.66366,99.546723
08:01:13,91282CKR1,TSRYS5802848,D,B,A,2024-05-09,3000000.00,4.666434,99.5390625
08:01:13,91282CKR1,TSRYS5802848,D,S,D,2024-05-09,3000000.00,4.666434,99.5390625
08:01:13,91282CKR1,TSRYS5802848,D,S,T,2024-05-09,1000000.00,4.666497,99.5388875
08:01:13,91282CKR1,TSRYS5802848,D,S,A,2024-05-09,1000000.00,4.670678,99.52734375
08:01:13,91282CKR1,TSRYS5802848,D,S,T,2024-05-09,1000000.00,4.665083,99.54279375
08:01:13,91282CKR1,TSRYS5802848,D,S,T,2024-05-09,1000000.00,4.665083,99.54279375
08:01:13,91282CKR1,TSRYS5802848,D,S,T,2024-05-09,1000000.00,4.663669,99.5467
08:01:13,91282CKR1,TSRYS5802848,D,S,T,2024-05-09,4000000.00,4.666515,99.5388375
08:01:13,91282CKR1,TSRYS5802848,D,S,T,2024-05-09,3000000.00,4.665101,99.54274375
08:01:13,91282CKR1,TSRYS5802848,D,S,T,2024-05-09,1000000.00,4.665101,99.54274375
08:01:13,91282CKR1,TSRYS5802848,D,S,T,2024-05-09,3000000.00,4.665101,99.54274375
08:01:13,91282CKR1,TSRYS5802848,D,S,T,2024-05-09,1000000.00,4.665101,99.54274375
08:01:13,91282CKR1,TSRYS5802848,D,S,T,2024-05-09,1000000.00,4.665101,99.54274375
08:01:13,91282CKR1,TSRYS5802848,D,S,T,2024-05-09,1000000.00,4.663687,99.54665
08:01:13,91282CKR1,TSRYS5802848,D,S,T,2024-05-09,1000000.00,4.663687,99.54665
08:01:13,91282CKR1,TSRYS5802848,D,S,T,2024-05-09,2000000.00,4.663687,99.54665
08:01:14,91282CKR1,TSRYS5802848,D,S,D,2024-05-09,10000000.00,4.670496,99.5278438
08:01:15,91282CKR1,TSRYS5802848,D,S,A,2024-05-09,1000000.00,4.656535,99.56640625
08:01:17,91282CKR1,TSRYS5802848,D,B,C,2024-05-09,1000000.00,4.653,99.576171875
08:01:17,91282CKR1,TSRYS5802848,D,S,C,2024-05-09,1000000.00,4.653,99.576371875
08:01:17,91282CKR1,TSRYS5802848,D,S,D,2024-05-09,11300000.00,4.663605,99.546875
08:01:17,91282CKR1,TSRYS5802848,D,S,D,2024-05-09,19000000.00,4.658781,99.5602
08:01:17,91282CKR1,TSRYS5802848,D,S,C,2024-05-09,1000000.00,4.670678,99.52734375
08:01:17,91282CKR1,TSRYS5802848,D,S,C,2024-05-09,1000000.00,4.670678,99.52734375
08:01:17,91282CKR1,TSRYS5802848,D,B,C,2024-05-09,1000000.00,4.660777,99.5546875
08:01:17,91282CKR1,TSRYS5802848,D,S,D,2024-05-09,1000000.00,4.669263,99.53125
08:01:18,91282CKR1,TSRYS5802848,D,S,D,2024-05-09,1000000.00,4.669263,99.53125
08:01:18,91282CKR1,TSRYS5802848,D,S,D,2024-05-09,8000000.00,4.66502,99.54296875
08:01:18,91282CKR1,TSRYS5802848,D,S,C,2024-05-09,2000000.00,4.669263,99.53125
08:01:18,91282CKR1,TSRYS5802848,D,B,C,2024-05-09,18000000.00,4.66809,99.53449
08:01:18,91282CKR1,TSRYS5802848,D,B,C,2024-05-09,1000000.00,4.659363,99.55859375
08:01:18,91282CKR1,TSRYS5802848,D,S,D,2024-05-09,1000000.00,4.659363,99.55859375
08:01:18,91282CKR1,TSRYS5802848,D,B,C,2024-05-09,1000000.00,4.659363,99.55859375
08:01:18,91282CKR1,TSRYS5802848,D,S,D,2024-05-09,1000000.00,4.659363,99.55859375
08:01:18,91282CKR1,TSRYS5802848,D,S,T,2024-05-09,4000000.00,4.66502,99.54296875
08:01:18,91282CKR1,TSRYS5802848,D,S,D,2024-05-09,10000000.00,4.663605,99.546875
08:01:19,91282CKR1,TSRYS5802848,D,S,D,2024-05-09,2000000.00,4.652293,99.578125
08:01:19,91282CKR1,TSRYS5802848,D,S,D,2024-05-09,1000000.00,4.652293,99.578125
08:01:19,91282CKR1,TSRYS5802848,D,B,C,2024-05-09,1000000.00,4.655828,99.568359375
08:01:19,91282CKR1,TSRYS5802848,D,S,D,2024-05-09,1000000.00,4.655828,99.568359375
08:01:19,91282CKR1,TSRYS5802848,D,S,D,2024-05-09,10000000.00,4.654868,99.57101
08:01:20,91282CKR1,TSRYS5802848,D,B,C,2024-05-09,10000000.00,4.657949,99.5625
08:01:20,91282CKR1,TSRYS5802848,D,S,C,2024-05-09,1000000.00,4.657949,99.5625
08:01:20,91282CKR1,TSRYS5802848,D,S,D,2024-05-09,1000000.00,4.657949,99.5625
08:01:20,91282CKR1,TSRYS5802848,D,B,C,2024-05-09,1000000.00,4.657949,99.5625
08:01:20,91282CKR1,TSRYS5802848,D,S,D,2024-05-09,1000000.00,4.657949,99.5625
08:01:20,91282CKR1,TSRYS5802848,D,B,C,2024-05-09,1000000.00,4.657949,99.5625
08:01:21,91282CKR1,TSRYS5802848,D,S,D,2024-05-09,4000.00,4.655121,99.5703125
08:01:21,91282CKR1,TSRYS5802848,D,S,T,2024-05-09,1000000.00,4.66502,99.54296875
08:01:21,91282CKR1,TSRYS5802848,D,S,T,2024-05-09,3000000.00,4.66502,99.54296875
08:01:21,91282CKR1,TSRYS5802848,D,S,T,2024-05-09,2000000.00,4.66502,99.54296875
08:01:21,91282CKR1,TSRYS5802848,D,S,T,2024-05-09,1000000.00,4.66502,99.54296875
08:01:21,91282CKR1,TSRYS5802848,D,S,T,2024-05-09,1000000.00,4.66502,99.54296875
08:01:21,91282CKR1,TSRYS5802848,D,S,T,2024-05-09,2000000.00,4.66502,99.54296875
08:01:21,91282CKR1,TSRYS5802848,D,S,T,2024-05-09,1000000.00,4.66502,99.54296875
08:01:21,91282CKR1,TSRYS5802848,D,S,T,2024-05-09,1000000.00,4.663605,99.546875
08:01:22,91282CKR1,TSRYS5802848,D,S,D,2024-05-09,1000000.00,4.668556,99.53320312
08:01:22,91282CKR1,TSRYS5802848,D,S,T,2024-05-09,1000000.00,4.668556,99.53320312
08:01:22,91282CKR1,TSRYS5802848,D,S,D,2024-05-09,1000000.00,4.668556,99.53320312
08:01:22,91282CKR1,TSRYS5802848,D,S,T,2024-05-09,1000000.00,4.668556,99.53320312
08:01:22,91282CKR1,TSRYS5802848,D,S,D,2024-05-09,1000000.00,4.663605,99.546875
08:01:22,91282CKR1,TSRYS5802848,D,S,D,2024-05-09,10000000.00,4.663605,99.546875
08:01:23,91282CKR1,TSRYS5802848,D,B,A,2024-05-09,4000000.00,4.670678,99.52734375
08:01:23,91282CKR1,TSRYS5802848,D,S,T,2024-05-09,4000000.00,4.670678,99.52734375
08:01:23,91282CKR1,TSRYS5802848,D,S,T,2024-05-09,2000000.00,4.670006,99.529196875
08:01:23,91282CKR1,TSRYS5802848,D,B,A,2024-05-09,2000000.00,4.66997,99.529296875
08:01:23,91282CKR1,TSRYS5802848,D,S,T,2024-05-09,2000000.00,4.670006,99.529196875
08:01:23,91282CKR1,TSRYS5802848,D,B,A,2024-05-09,2000000.00,4.66997,99.529296875
08:01:23,91282CKR1,TSRYS5802848,D,S,T,2024-05-09,2000000.00,4.670006,99.529196875
08:01:23,91282CKR1,TSRYS5802848,D,B,A,2024-05-09,2000000.00,4.66997,99.529296875
08:01:23,91282CKR1,TSRYS5802848,D,S,T,2024-05-09,2000000.00,4.670714,99.52724375
08:01:23,91282CKR1,TSRYS5802848,D,B,A,2024-05-09,2000000.00,4.670678,99.52734375
08:01:23,91282CKR1,TSRYS5802848,D,S,T,2024-05-09,1000000.00,4.670714,99.52724375
08:01:23,91282CKR1,TSRYS5802848,D,B,A,2024-05-09,1000000.00,4.670678,99.52734375
08:01:23,91282CKR1,TSRYS5802848,D,S,T,2024-05-09,1000000.00,4.670714,99.52724375
08:01:23,91282CKR1,TSRYS5802848,D,B,A,2024-05-09,1000000.00,4.670678,99.52734375
08:01:23,91282CKR1,TSRYS5802848,D,S,T,2024-05-09,4000000.00,4.670714,99.52724375
08:01:23,91282CKR1,TSRYS5802848,D,B,A,2024-05-09,4000000.00,4.670678,99.52734375
08:01:23,91282CKR1,TSRYS5802848,D,S,T,2024-05-09,1000000.00,4.670714,99.52724375
08:01:23,91282CKR1,TSRYS5802848,D,B,A,2024-05-09,1000000.00,4.670678,99.52734375
08:01:24,91282CKR1,TSRYS5802848,D,S,T,2024-05-09,1000000.00,4.670714,99.52724375
08:01:24,91282CKR1,TSRYS5802848,D,B,C,2024-05-09,2000000.00,4.655121,99.5703125
08:01:24,91282CKR1,TSRYS5802848,D,B,A,2024-05-09,1000000.00,4.670678,99.52734375
08:01:24,91282CKR1,TSRYS5802848,D,B,C,2024-05-09,2000000.00,4.655121,99.5703125
08:01:24,91282CKR1,TSRYS5802848,D,S,T,2024-05-09,4000000.00,4.670714,99.52724375
08:01:24,91282CKR1,TSRYS5802848,D,B,C,2024-05-09,1000000.00,4.655121,99.5703125
08:01:24,91282CKR1,TSRYS5802848,D,B,A,2024-05-09,4000000.00,4.670678,99.52734375
08:01:24,91282CKR1,TSRYS5802848,D,S,T,2024-05-09,1000000.00,4.670714,99.52724375
08:01:24,91282CKR1,TSRYS5802848,D,B,A,2024-05-09,1000000.00,4.670678,99.52734375
08:01:24,91282CKR1,TSRYS5802848,D,S,T,2024-05-09,2000000.00,4.670714,99.52724375
08:01:24,91282CKR1,TSRYS5802848,D,B,A,2024-05-09,2000000.00,4.670678,99.52734375
08:01:24,91282CKR1,TSRYS5802848,D,B,A,2024-05-09,1000000.00,4.670678,99.52734375
08:01:24,91282CKR1,TSRYS5802848,D,S,T,2024-05-09,1000000.00,4.670678,99.52734375
08:01:24,91282CKR1,TSRYS5802848,D,S,T,2024-05-09,1000000.00,4.670006,99.529196875
08:01:24,91282CKR1,TSRYS5802848,D,B,A,2024-05-09,3000000.00,4.66608,99.540039062
08:01:24,91282CKR1,TSRYS5802848,D,B,A,2024-05-09,1000000.00,4.66997,99.529296875
08:01:24,91282CKR1,TSRYS5802848,D,S,T,2024-05-09,2000000.00,4.670714,99.52724375
08:01:24,91282CKR1,TSRYS5802848,D,B,A,2024-05-09,2000000.00,4.670678,99.52734375
08:01:24,91282CKR1,TSRYS5802848,D,S,T,2024-05-09,1000000.00,4.670714,99.52724375
08:01:24,91282CKR1,TSRYS5802848,D,B,A,2024-05-09,1000000.00,4.670678,99.52734375
08:01:24,91282CKR1,TSRYS5802848,D,S,T,2024-05-09,1000000.00,4.670714,99.52724375
08:01:24,91282CKR1,TSRYS5802848,D,B,A,2024-05-09,1000000.00,4.670678,99.52734375
08:01:24,91282CKR1,TSRYS5802848,D,S,T,2024-05-09,2000000.00,4.670714,99.52724375
08:01:24,91282CKR1,TSRYS5802848,D,B,A,2024-05-09,2000000.00,4.670678,99.52734375
08:01:24,91282CKR1,TSRYS5802848,D,S,C,2024-05-09,1000000.00,4.667141,99.53710937
08:01:24,91282CKR1,TSRYS5802848,D,S,C,2024-05-09,1000000.00,4.667141,99.53710937
08:01:24,91282CKR1,TSRYS5802848,D,S,C,2024-05-09,1000000.00,4.667141,99.53710937
08:01:24,91282CKR1,TSRYS5802848,D,S,T,2024-05-09,2000000.00,4.667141,99.53710937
08:01:24,91282CKR1,TSRYS5802848,D,S,C,2024-05-09,1000000.00,4.657949,99.5625
08:01:24,91282CKR1,TSRYS5802848,D,S,T,2024-05-09,1000000.00,4.667141,99.53710937
08:01:24,91282CKR1,TSRYS5802848,D,S,T,2024-05-09,2000000.00,4.667141,99.53710937
08:01:25,91282CKR1,TSRYS5802848,D,B,C,2024-05-09,1000000.00,4.657949,99.5625
08:01:25,91282CKR1,TSRYS5802848,D,S,C,2024-05-09,1000000.00,4.657949,99.5625
08:01:25,91282CKR1,TSRYS5802848,D,B,C,2024-05-09,1000000.00,4.657949,99.5625
08:01:25,91282CKR1,TSRYS5802848,D,S,C,2024-05-09,1000000.00,4.657949,99.5625
08:01:25,91282CKR1,TSRYS5802848,D,S,D,2024-05-09,1000000.00,4.657949,99.5625
08:01:25,91282CKR1,TSRYS5802848,D,S,D,2024-05-09,1000000.00,4.657949,99.5625
08:01:25,91282CKR1,TSRYS5802848,D,S,D,2024-05-09,1000000.00,4.657949,99.5625
08:01:25,91282CKR1,TSRYS5802848,D,S,D,2024-05-09,1000000.00,4.657949,99.5625
08:01:25,91282CKR1,TSRYS5802848,D,S,D,2024-05-09,1000000.00,4.657949,99.5625
08:01:25,91282CKR1,TSRYS5802848,D,S,D,2024-05-09,1000000.00,4.657949,99.5625
08:01:25,91282CKR1,TSRYS5802848,D,S,D,2024-05-09,1000000.00,4.657949,99.5625
08:01:25,91282CKR1,TSRYS5802848,D,S,T,2024-05-09,2000000.00,4.66997,99.529296875
08:01:25,91282CKR1,TSRYS5802848,D,S,T,2024-05-09,2000000.00,4.66997,99.529296875
08:01:25,91282CKR1,TSRYS5802848,D,S,T,2024-05-09,1000000.00,4.66997,99.529296875
08:01:26,91282CKR1,TSRYS5802848,D,S,A,2024-05-09,10100000.00,4.673507,99.51953125
08:01:26,91282CKR1,TSRYS5802848,D,S,D,2024-05-09,1000000.00,4.660777,99.5546875
08:01:26,91282CKR1,TSRYS5802848,D,B,C,2024-05-09,1000000.00,4.660777,99.5546875
08:01:26,91282CKR1,TSRYS5802848,D,S,D,2024-05-09,1000000.00,4.660777,99.5546875
08:01:26,91282CKR1,TSRYS5802848,D,B,C,2024-05-09,1000000.00,4.660777,99.5546875
08:01:26,91282CKR1,TSRYS5802848,D,B,C,2024-05-09,1000000.00,4.660777,99.5546875
08:01:26,91282CKR1,TSRYS5802848,D,S,D,2024-05-09,1000000.00,4.660777,99.5546875
08:01:26,91282CKR1,TSRYS5802848,D,S,D,2024-05-09,1000000.00,4.66007,99.556640625
08:01:26,91282CKR1,TSRYS5802848,D,S,D,2024-05-09,1000000.00,4.66007,99.556640625
08:01:26,91282CKR1,TSRYS5802848,D,S,C,2024-05-09,1000000.00,4.662191,99.55078125
08:01:26,91282CKR1,TSRYS5802848,D,B,C,2024-05-09,1000000.00,4.662191,99.55078125
08:01:26,91282CKR1,TSRYS5802848,D,S,D,2024-05-09,1000000.00,4.662191,99.55078125
08:01:26,91282CKR1,TSRYS5802848,D,B,C,2024-05-09,1000000.00,4.662191,99.55078125
08:01:27,91282CKR1,TSRYS5802848,D,S,A,2024-05-09,3000000.00,4.672092,99.5234375
08:01:27,91282CKR1,TSRYS5802848,D,S,A,2024-05-09,1000000.00,4.672092,99.5234375
08:01:27,91282CKR1,TSRYS5802848,D,S,A,2024-05-09,1000000.00,4.672092,99.5234375
08:01:27,91282CKR1,TSRYS5802848,D,S,A,2024-05-09,2000000.00,4.672092,99.5234375
08:01:27,91282CKR1,TSRYS5802848,D,S,A,2024-05-09,2000000.00,4.672092,99.5234375
08:01:27,91282CKR1,TSRYS5802848,D,S,A,2024-05-09,2000000.00,4.669263,99.53125
08:01:27,91282CKR1,TSRYS5802848,D,B,C,2024-05-09,1000000.00,4.658656,99.560546875
08:01:27,91282CKR1,TSRYS5802848,D,S,D,2024-05-09,1000000.00,4.658656,99.560546875
08:01:27,91282CKR1,TSRYS5802848,D,B,C,2024-05-09,1000000.00,4.657949,99.5625
08:01:27,91282CKR1,TSRYS5802848,D,S,D,2024-05-09,1000000.00,4.657949,99.5625
08:01:28,91282CKR1,TSRYS5802848,D,B,C,2024-05-09,1000000.00,4.658656,99.56054687
08:01:28,91282CKR1,TSRYS5802848,D,S,D,2024-05-09,220250000.00,4.590154,99.75
08:01:28,91282CKR1,TSRYS5802848,D,S,D,2024-05-09,244700000.00,4.590154,99.75
08:01:28,91282CKR1,TSRYS5802848,D,S,D,2024-05-09,9800000.00,4.590154,99.75
08:01:28,91282CKR1,TSRYS5802848,D,S,D,2024-05-09,14650000.00,4.590154,99.75
08:01:28,91282CKR1,TSRYS5802848,D,B,C,2024-05-09,1000000.00,4.657949,99.5625
08:01:28,91282CKR1,TSRYS5802848,D,B,C,2024-05-09,1000000.00,4.657949,99.5625
08:01:28,91282CKR1,TSRYS5802848,D,B,C,2024-05-09,1000000.00,4.657949,99.5625
08:01:28,91282CKR1,TSRYS5802848,D,B,C,2024-05-09,1000000.00,4.66007,99.55664062
08:01:28,91282CKR1,TSRYS5802848,D,B,C,2024-05-09,1000000.00,4.66007,99.55664062
08:01:28,91282CKR1,TSRYS5802848,D,B,C,2024-05-09,1000000.00,4.66007,99.55664062
08:01:28,91282CKR1,TSRYS5802848,D,B,C,2024-05-09,1000000.00,4.66007,99.55664062
08:01:29,91282CKR1,TSRYS5802848,D,S,T,2024-05-09,1000000.00,4.66997,99.529296875
08:01:29,91282CKR1,TSRYS5802848,D,S,T,2024-05-09,1000000.00,4.66997,99.529296875
08:01:30,91282CKR1,TSRYS5802848,D,S,T,2024-05-09,24470000.00,4.590154,99.75
08:01:30,91282CKR1,TSRYS5802848,D,S,T,2024-05-09,73410000.00,4.590154,99.75
08:01:31,91282CKR1,TSRYS5802848,D,S,C,2024-05-09,1000000.00,4.66997,99.52929687
08:01:31,91282CKR1,TSRYS5802848,D,S,D,2024-05-09,1000000.00,4.670678,99.52734375
08:01:31,91282CKR1,TSRYS5802848,D,S,D,2024-05-09,1000000.00,4.670678,99.52734375
08:01:31,91282CKR1,TSRYS5802848,D,S,C,2024-05-09,1000000.00,4.670678,99.52734375
08:01:31,91282CKR1,TSRYS5802848,D,S,C,2024-05-09,1000000.00,4.670678,99.52734375
08:01:31,91282CKR1,TSRYS5802848,D,S,C,2024-05-09,1000000.00,4.670678,99.52734375
08:01:31,91282CKR1,TSRYS5802848,D,S,C,2024-05-09,1000000.00,4.670678,99.52734375
08:01:31,91282CKR1,TSRYS5802848,D,S,C,2024-05-09,1000000.00,4.670678,99.52734375
08:01:31,91282CKR1,TSRYS5802848,D,S,D,2024-05-09,1000000.00,4.670678,99.52734375
08:01:31,91282CKR1,TSRYS5802848,D,S,C,2024-05-09,1000000.00,4.670678,99.52734375
08:01:31,91282CKR1,TSRYS5802848,D,S,D,2024-05-09,1000000.00,4.670678,99.52734375
08:01:32,91282CKR1,TSRYS5802848,D,S,T,2024-05-09,1000000.00,4.66997,99.52929687
08:01:32,91282CKR1,TSRYS5802848,D,S,D,2024-05-09,1000000.00,4.670678,99.52734375
08:01:32,91282CKR1,TSRYS5802848,D,S,D,2024-05-09,1000000.00,4.670678,99.52734375
08:01:32,91282CKR1,TSRYS5802848,D,S,C,2024-05-09,1000000.00,4.670678,99.52734375
08:01:32,91282CKR1,TSRYS5802848,D,S,C,2024-05-09,1000000.00,4.670678,99.52734375
08:01:32,91282CKR1,TSRYS5802848,D,S,D,2024-05-09,1000000.00,4.670678,99.52734375
08:01:32,91282CKR1,TSRYS5802848,D,S,D,2024-05-09,1000000.00,4.670678,99.52734375
08:01:32,91282CKR1,TSRYS5802848,D,S,D,2024-05-09,1000000.00,4.670678,99.52734375
08:01:32,91282CKR1,TSRYS5802848,D,S,D,2024-05-09,1000000.00,4.66997,99.52929687
08:01:32,91282CKR1,TSRYS5802848,D,S,D,2024-05-09,1000000.00,4.66997,99.52929687
08:01:32,91282CKR1,TSRYS5802848,D,S,D,2024-05-09,1000000.00,4.66997,99.52929687
08:01:32,91282CKR1,TSRYS5802848,D,S,D,2024-05-09,1000000.00,4.66997,99.52929687
08:01:32,91282CKR1,TSRYS5802848,D,S,D,2024-05-09,1000000.00,4.66997,99.52929687
08:01:32,91282CKR1,TSRYS5802848,D,S,C,2024-05-09,1000000.00,4.669263,99.53125
08:01:32,91282CKR1,TSRYS5802848,D,S,D,2024-05-09,1000000.00,4.669263,99.53125
08:01:32,91282CKR1,TSRYS5802848,D,S,C,2024-05-09,1000000.00,4.669263,99.53125
08:01:32,91282CKR1,TSRYS5802848,D,S,T,2024-05-09,1000000.00,4.669263,99.53125
08:01:32,91282CKR1,TSRYS5802848,D,S,T,2024-05-09,1000000.00,4.669263,99.53125
08:01:32,91282CKR1,TSRYS5802848,D,S,D,2024-05-09,1000000.00,4.669263,99.53125
08:01:32,91282CKR1,TSRYS5802848,D,S,C,2024-05-09,1000000.00,4.66997,99.52929687
08:01:32,91282CKR1,TSRYS5802848,D,S,C,2024-05-09,1000000.00,4.66997,99.52929687
08:01:32,91282CKR1,TSRYS5802848,D,S,D,2024-05-09,1000000.00,4.66997,99.52929687
08:01:32,91282CKR1,TSRYS5802848,D,S,C,2024-05-09,1000000.00,4.66997,99.52929687
08:01:32,91282CKR1,TSRYS5802848,D,S,T,2024-05-09,1000000.00,4.669335,99.53105
08:01:32,91282CKR1,TSRYS5802848,D,S,D,2024-05-09,1000000.00,4.66997,99.52929687
08:01:32,91282CKR1,TSRYS5802848,D,S,D,2024-05-09,1000000.00,4.66997,99.52929687
08:01:32,91282CKR1,TSRYS5802848,D,S,T,2024-05-09,1000000.00,4.66997,99.52929687
08:01:32,91282CKR1,TSRYS5802848,D,S,T,2024-05-09,1000000.00,4.66997,99.52929687
08:01:33,91282CKR1,TSRYS5802848,D,S,D,2024-05-09,1000000.00,4.66997,99.52929687
08:01:33,91282CKR1,TSRYS5802848,D,S,D,2024-05-09,1000000.00,4.66997,99.52929687
08:01:33,91282CKR1,TSRYS5802848,D,S,D,2024-05-09,1000000.00,4.66997,99.52929687
08:01:33,91282CKR1,TSRYS5802848,D,S,D,2024-05-09,1000000.00,4.66997,99.52929687
08:01:33,91282CKR1,TSRYS5802848,D,S,C,2024-05-09,1000000.00,4.669263,99.53125
08:01:33,91282CKR1,TSRYS5802848,D,S,C,2024-05-09,1000000.00,4.669263,99.53125
08:01:33,91282CKR1,TSRYS5802848,D,S,D,2024-05-09,1000000.00,4.669263,99.53125
08:01:33,91282CKR1,TSRYS5802848,D,S,C,2024-05-09,1000000.00,4.670678,99.52734375
08:01:33,91282CKR1,TSRYS5802848,D,S,C,2024-05-09,1000000.00,4.670678,99.52734375
08:01:33,91282CKR1,TSRYS5802848,D,S,D,2024-05-09,1000000.00,4.670678,99.52734375
08:01:33,91282CKR1,TSRYS5802848,D,S,D,2024-05-09,1000000.00,4.66997,99.52929687
08:01:33,91282CKR1,TSRYS5802848,D,S,C,2024-05-09,1000000.00,4.66997,99.52929687
08:01:33,91282CKR1,TSRYS5802848,D,S,C,2024-05-09,1000000.00,4.66997,99.52929687
08:01:33,91282CKR1,TSRYS5802848,D,S,D,2024-05-09,1000000.00,4.66997,99.52929687
08:01:33,91282CKR1,TSRYS5802848,D,S,D,2024-05-09,1000000.00,4.66997,99.52929687
08:01:33,91282CKR1,TSRYS5802848,D,S,D,2024-05-09,1000000.00,4.66997,99.52929687
08:01:33,91282CKR1,TSRYS5802848,D,S,D,2024-05-09,2000000.00,4.662191,99.55078125
08:01:33,91282CKR1,TSRYS5802848,D,S,D,2024-05-09,2000000.00,4.662191,99.55078125
08:01:33,91282CKR1,TSRYS5802848,D,S,D,2024-05-09,1000000.00,4.66997,99.52929687
08:01:33,91282CKR1,TSRYS5802848,D,S,D,2024-05-09,1000000.00,4.66997,99.52929687
08:01:33,91282CKR1,TSRYS5802848,D,S,D,2024-05-09,1000000.00,4.66997,99.52929687
08:01:33,91282CKR1,TSRYS5802848,D,S,D,2024-05-09,1000000.00,4.66997,99.52929687
08:01:33,91282CKR1,TSRYS5802848,D,S,D,2024-05-09,1000000.00,4.66997,99.52929687
08:01:33,91282CKR1,TSRYS5802848,D,S,D,2024-05-09,1000000.00,4.66997,99.52929687
08:01:33,91282CKR1,TSRYS5802848,D,S,D,2024-05-09,1000000.00,4.66997,99.52929687
08:01:33,91282CKR1,TSRYS5802848,D,S,D,2024-05-09,1000000.00,4.66997,99.52929687
08:01:33,91282CKR1,TSRYS5802848,D,S,D,2024-05-09,1000000.00,4.670678,99.52734375
08:01:33,91282CKR1,TSRYS5802848,D,S,C,2024-05-09,1000000.00,4.670678,99.52734375
08:01:33,91282CKR1,TSRYS5802848,D,S,D,2024-05-09,1000000.00,4.66997,99.52929687
08:01:33,91282CKR1,TSRYS5802848,D,S,D,2024-05-09,1000000.00,4.66997,99.52929687
08:01:33,91282CKR1,TSRYS5802848,D,S,C,2024-05-09,1000000.00,4.670678,99.52734375
08:01:33,91282CKR1,TSRYS5802848,D,S,T,2024-05-09,1000000.00,4.670678,99.52734375
08:01:33,91282CKR1,TSRYS5802848,D,S,T,2024-05-09,1000000.00,4.670678,99.52734375
08:01:34,91282CKR1,TSRYS5802848,D,S,C,2024-05-09,1000000.00,4.670678,99.52734375
08:01:34,91282CKR1,TSRYS5802848,D,S,T,2024-05-09,1000000.00,4.670678,99.52734375
08:01:34,91282CKR1,TSRYS5802848,D,S,T,2024-05-09,1000000.00,4.670678,99.52734375
08:01:34,91282CKR1,TSRYS5802848,D,S,T,2024-05-09,1000000.00,4.670678,99.52734375
08:01:34,91282CKR1,TSRYS5802848,D,S,T,2024-05-09,1000000.00,4.670678,99.52734375
08:01:34,91282CKR1,TSRYS5802848,D,S,T,2024-05-09,1000000.00,4.670678,99.52734375
08:01:34,91282CKR1,TSRYS5802848,D,S,T,2024-05-09,1000000.00,4.670678,99.52734375
08:01:34,91282CKR1,TSRYS5802848,D,S,T,2024-05-09,1000000.00,4.670678,99.52734375
08:01:34,91282CKR1,TSRYS5802848,D,S,C,2024-05-09,1000000.00,4.670678,99.52734375
08:01:34,91282CKR1,TSRYS5802848,D,S,D,2024-05-09,1000000.00,4.670678,99.52734375
08:01:34,91282CKR1,TSRYS5802848,D,S,T,2024-05-09,1000000.00,4.670678,99.52734375
08:01:34,91282CKR1,TSRYS5802848,D,S,D,2024-05-09,1000000.00,4.670678,99.52734375
08:01:34,91282CKR1,TSRYS5802848,D,S,D,2024-05-09,1000000.00,4.670678,99.52734375
08:01:34,91282CKR1,TSRYS5802848,D,S,T,2024-05-09,1000000.00,4.670678,99.52734375
08:01:34,91282CKR1,TSRYS5802848,D,S,T,2024-05-09,1000000.00,4.670678,99.52734375
08:01:34,91282CKR1,TSRYS5802848,D,S,D,2024-05-09,1000000.00,4.670678,99.52734375
08:01:34,91282CKR1,TSRYS5802848,D,S,D,2024-05-09,1000000.00,4.670678,99.52734375
08:01:34,91282CKR1,TSRYS5802848,D,S,C,2024-05-09,1000000.00,4.662898,99.548828125
08:01:34,91282CKR1,TSRYS5802848,D,S,D,2024-05-09,1000000.00,4.670678,99.52734375
08:01:34,91282CKR1,TSRYS5802848,D,S,T,2024-05-09,1000000.00,4.670678,99.52734375
08:01:34,91282CKR1,TSRYS5802848,D,S,T,2024-05-09,1000000.00,4.670678,99.52734375
08:01:34,91282CKR1,TSRYS5802848,D,S,T,2024-05-09,1000000.00,4.670678,99.52734375
08:01:34,91282CKR1,TSRYS5802848,D,S,D,2024-05-09,1000000.00,4.670678,99.52734375
08:01:34,91282CKR1,TSRYS5802848,D,S,T,2024-05-09,1000000.00,4.670678,99.52734375
08:01:34,91282CKR1,TSRYS5802848,D,S,D,2024-05-09,1000000.00,4.670678,99.52734375
08:01:34,91282CKR1,TSRYS5802848,D,S,T,2024-05-09,1000000.00,4.670678,99.52734375
08:01:34,91282CKR1,TSRYS5802848,D,S,D,2024-05-09,1000000.00,4.670678,99.52734375
08:01:34,91282CKR1,TSRYS5802848,D,S,T,2024-05-09,1000000.00,4.670678,99.52734375
08:01:34,91282CKR1,TSRYS5802848,D,S,T,2024-05-09,1000000.00,4.670678,99.52734375
08:01:34,91282CKR1,TSRYS5802848,D,S,D,2024-05-09,1000000.00,4.670678,99.52734375
08:01:34,91282CKR1,TSRYS5802848,D,S,T,2024-05-09,1000000.00,4.670678,99.52734375
08:01:34,91282CKR1,TSRYS5802848,D,S,T,2024-05-09,1000000.00,4.670678,99.52734375
08:01:34,91282CKR1,TSRYS5802848,D,S,D,2024-05-09,1000000.00,4.670678,99.52734375
08:01:34,91282CKR1,TSRYS5802848,D,S,D,2024-05-09,1000000.00,4.670678,99.52734375
08:01:34,91282CKR1,TSRYS5802848,D,S,T,2024-05-09,1000000.00,4.670678,99.52734375
08:01:34,91282CKR1,TSRYS5802848,D,S,D,2024-05-09,1000000.00,4.670678,99.52734375
08:01:34,91282CKR1,TSRYS5802848,D,S,D,2024-05-09,1000000.00,4.670678,99.52734375
08:01:34,91282CKR1,TSRYS5802848,D,S,C,2024-05-09,1000000.00,4.670678,99.52734375
08:01:34,91282CKR1,TSRYS5802848,D,S,T,2024-05-09,1000000.00,4.670678,99.52734375
08:01:34,91282CKR1,TSRYS5802848,D,S,D,2024-05-09,1000000.00,4.670678,99.52734375
08:01:34,91282CKR1,TSRYS5802848,D,S,D,2024-05-09,1000000.00,4.670678,99.52734375
08:01:34,91282CKR1,TSRYS5802848,D,S,T,2024-05-09,1000000.00,4.670678,99.52734375
08:01:34,91282CKR1,TSRYS5802848,D,S,D,2024-05-09,1000000.00,4.670678,99.52734375
08:01:34,91282CKR1,TSRYS5802848,D,S,D,2024-05-09,1000000.00,4.670678,99.52734375
08:01:34,91282CKR1,TSRYS5802848,D,S,D,2024-05-09,1000000.00,4.670678,99.52734375
08:01:34,91282CKR1,TSRYS5802848,D,S,T,2024-05-09,1000000.00,4.670678,99.52734375
08:01:34,91282CKR1,TSRYS5802848,D,S,D,2024-05-09,1000000.00,4.670678,99.52734375
08:01:34,91282CKR1,TSRYS5802848,D,S,T,2024-05-09,1000000.00,4.670678,99.52734375
08:01:34,91282CKR1,TSRYS5802848,D,S,C,2024-05-09,1000000.00,4.671385,99.52539062
08:01:34,91282CKR1,TSRYS5802848,D,S,C,2024-05-09,1000000.00,4.671385,99.52539062
08:01:34,91282CKR1,TSRYS5802848,D,S,C,2024-05-09,1000000.00,4.671385,99.52539062
08:01:34,91282CKR1,TSRYS5802848,D,S,D,2024-05-09,1000000.00,4.671385,99.52539062
08:01:34,91282CKR1,TSRYS5802848,D,S,T,2024-05-09,1000000.00,4.671385,99.52539062
08:01:34,91282CKR1,TSRYS5802848,D,S,T,2024-05-09,1000000.00,4.671385,99.52539062
08:01:34,91282CKR1,TSRYS5802848,D,S,T,2024-05-09,1000000.00,4.67075,99.52714375
08:01:34,91282CKR1,TSRYS5802848,D,S,T,2024-05-09,1000000.00,4.671385,99.52539062
08:01:34,91282CKR1,TSRYS5802848,D,S,T,2024-05-09,1000000.00,4.67075,99.52714375
08:01:34,91282CKR1,TSRYS5802848,D,S,D,2024-05-09,1000000.00,4.671385,99.52539062
08:01:34,91282CKR1,TSRYS5802848,D,S,T,2024-05-09,1000000.00,4.671385,99.52539062
08:01:34,91282CKR1,TSRYS5802848,D,S,T,2024-05-09,1000000.00,4.67075,99.52714375
08:01:34,91282CKR1,TSRYS5802848,D,S,C,2024-05-09,3000000.00,4.662898,99.548828125
08:01:34,91282CKR1,TSRYS5802848,D,S,T,2024-05-09,1000000.00,4.671385,99.52539062
08:01:34,91282CKR1,TSRYS5802848,D,S,T,2024-05-09,1000000.00,4.671385,99.52539062
08:01:34,91282CKR1,TSRYS5802848,D,S,T,2024-05-09,1000000.00,4.671385,99.52539062
08:01:34,91282CKR1,TSRYS5802848,D,S,T,2024-05-09,1000000.00,4.67075,99.52714375
08:01:34,91282CKR1,TSRYS5802848,D,S,C,2024-05-09,1000000.00,4.671385,99.52539062
08:01:34,91282CKR1,TSRYS5802848,D,S,D,2024-05-09,1000000.00,4.671385,99.52539062
08:01:34,91282CKR1,TSRYS5802848,D,S,D,2024-05-09,1000000.00,4.671385,99.52539062
08:01:34,91282CKR1,TSRYS5802848,D,S,D,2024-05-09,1000000.00,4.672092,99.5234375
08:01:34,91282CKR1,TSRYS5802848,D,S,D,2024-05-09,1000000.00,4.671385,99.52539062
08:01:34,91282CKR1,TSRYS5802848,D,S,D,2024-05-09,2000000.00,4.671385,99.52539062
08:01:34,91282CKR1,TSRYS5802848,D,S,D,2024-05-09,1000000.00,4.671385,99.52539062
08:01:35,91282CKR1,TSRYS5802848,D,S,D,2024-05-09,1000000.00,4.671385,99.52539062
08:01:35,91282CKR1,TSRYS5802848,D,S,C,2024-05-09,1000000.00,4.671385,99.52539062
08:01:35,91282CKR1,TSRYS5802848,D,S,T,2024-05-09,1000000.00,4.671385,99.52539062
08:01:35,91282CKR1,TSRYS5802848,D,S,D,2024-05-09,12000000.00,4.67069,99.52731
08:01:35,91282CKR1,TSRYS5802848,D,S,D,2024-05-09,3000000.00,4.674214,99.51757812
08:01:35,91282CKR1,TSRYS5802848,D,S,D,2024-05-09,1000000.00,4.674214,99.51757812
08:01:35,91282CKR1,TSRYS5802848,D,S,D,2024-05-09,2000000.00,4.674214,99.51757812
08:01:35,91282CKR1,TSRYS5802848,D,S,D,2024-05-09,1000000.00,4.674214,99.51757812
08:01:35,91282CKR1,TSRYS5802848,D,S,D,2024-05-09,1000000.00,4.661484,99.552734375
08:01:35,91282CKR1,TSRYS5802848,D,S,D,2024-05-09,1000000.00,4.661484,99.552734375
08:01:35,91282CKR1,TSRYS5802848,D,S,C,2024-05-09,1000000.00,4.674214,99.51757812
08:01:35,91282CKR1,TSRYS5802848,D,S,C,2024-05-09,2000000.00,4.674214,99.51757812
08:01:35,91282CKR1,TSRYS5802848,D,S,C,2024-05-09,1000000.00,4.674214,99.51757812
08:01:35,91282CKR1,TSRYS5802848,D,S,D,2024-05-09,1000000.00,4.674214,99.51757812
08:01:35,91282CKR1,TSRYS5802848,D,S,T,2024-05-09,1000000.00,4.674214,99.51757812
08:01:35,91282CKR1,TSRYS5802848,D,S,T,2024-05-09,1000000.00,4.674214,99.51757812
08:01:35,91282CKR1,TSRYS5802848,D,S,T,2024-05-09,1000000.00,4.674214,99.51757812
08:01:35,91282CKR1,TSRYS5802848,D,S,D,2024-05-09,1000000.00,4.674214,99.51757812
08:01:35,91282CKR1,TSRYS5802848,D,S,T,2024-05-09,1000000.00,4.674214,99.51757812
08:01:35,91282CKR1,TSRYS5802848,D,S,D,2024-05-09,1000000.00,4.674214,99.51757812
08:01:35,91282CKR1,TSRYS5802848,D,S,D,2024-05-09,1000000.00,4.674214,99.51757812
08:01:35,91282CKR1,TSRYS5802848,D,S,D,2024-05-09,1000000.00,4.674214,99.51757812
08:01:35,91282CKR1,TSRYS5802848,D,S,D,2024-05-09,1000000.00,4.674214,99.51757812
08:01:35,91282CKR1,TSRYS5802848,D,S,D,2024-05-09,1000000.00,4.674214,99.51757812
08:01:35,91282CKR1,TSRYS5802848,D,S,T,2024-05-09,1000000.00,4.674214,99.51757812
08:01:35,91282CKR1,TSRYS5802848,D,S,D,2024-05-09,1000000.00,4.674214,99.51757812
08:01:35,91282CKR1,TSRYS5802848,D,S,D,2024-05-09,1000000.00,4.674214,99.51757812
08:01:35,91282CKR1,TSRYS5802848,D,S,D,2024-05-09,1000000.00,4.674214,99.51757812
08:01:35,91282CKR1,TSRYS5802848,D,S,D,2024-05-09,2000000.00,4.674214,99.51757812
08:01:35,91282CKR1,TSRYS5802848,D,S,D,2024-05-09,1000000.00,4.674214,99.51757812
08:01:35,91282CKR1,TSRYS5802848,D,S,T,2024-05-09,1000000.00,4.674214,99.51757812
08:01:35,91282CKR1,TSRYS5802848,D,S,D,2024-05-09,1000000.00,4.674214,99.51757812
08:01:35,91282CKR1,TSRYS5802848,D,S,T,2024-05-09,1000000.00,4.674214,99.51757812
08:01:35,91282CKR1,TSRYS5802848,D,S,D,2024-05-09,1000000.00,4.674214,99.51757812
08:01:35,91282CKR1,TSRYS5802848,D,S,T,2024-05-09,1000000.00,4.674214,99.51757812
08:01:35,91282CKR1,TSRYS5802848,D,S,D,2024-05-09,1000000.00,4.674214,99.51757812
08:01:35,91282CKR1,TSRYS5802848,D,S,D,2024-05-09,1000000.00,4.674214,99.51757812
08:01:35,91282CKR1,TSRYS5802848,D,S,D,2024-05-09,1000000.00,4.674214,99.51757812
08:01:35,91282CKR1,TSRYS5802848,D,S,D,2024-05-09,1000000.00,4.674214,99.51757812
08:01:35,91282CKR1,TSRYS5802848,D,S,D,2024-05-09,2000000.00,4.674214,99.51757812
08:01:35,91282CKR1,TSRYS5802848,D,S,D,2024-05-09,1000000.00,4.674214,99.51757812
08:01:35,91282CKR1,TSRYS5802848,D,S,T,2024-05-09,2000000.00,4.671385,99.52539062
08:01:35,91282CKR1,TSRYS5802848,D,S,D,2024-05-09,1000000.00,4.672092,99.5234375
08:01:35,91282CKR1,TSRYS5802848,D,S,D,2024-05-09,1000000.00,4.672092,99.5234375
08:01:35,91282CKR1,TSRYS5802848,D,S,C,2024-05-09,1000000.00,4.671385,99.52539062
08:01:35,91282CKR1,TSRYS5802848,D,S,C,2024-05-09,1000000.00,4.671385,99.52539062
08:01:35,91282CKR1,TSRYS5802848,D,S,T,2024-05-09,1000000.00,4.671385,99.52539062
08:01:35,91282CKR1,TSRYS5802848,D,S,C,2024-05-09,1000000.00,4.671385,99.52539062
08:01:35,91282CKR1,TSRYS5802848,D,S,T,2024-05-09,1000000.00,4.671385,99.52539062
08:01:35,91282CKR1,TSRYS5802848,D,S,C,2024-05-09,1000000.00,4.672092,99.5234375
08:01:35,91282CKR1,TSRYS5802848,D,S,D,2024-05-09,1000000.00,4.672092,99.5234375
08:01:35,91282CKR1,TSRYS5802848,D,S,C,2024-05-09,1000000.00,4.672092,99.5234375
08:01:35,91282CKR1,TSRYS5802848,D,S,D,2024-05-09,1000000.00,4.671385,99.52539062
08:01:35,91282CKR1,TSRYS5802848,D,S,D,2024-05-09,3000000.00,4.672092,99.5234375
08:01:35,91282CKR1,TSRYS5802848,D,S,D,2024-05-09,1000000.00,4.672092,99.5234375
08:01:35,91282CKR1,TSRYS5802848,D,S,D,2024-05-09,1000000.00,4.672092,99.5234375
08:01:35,91282CKR1,TSRYS5802848,D,S,T,2024-05-09,1000000.00,4.672165,99.5232375
08:01:36,91282CKR1,TSRYS5802848,D,S,T,2024-05-09,2000000.00,4.6728,99.52148437
08:01:36,91282CKR1,TSRYS5802848,D,S,C,2024-05-09,1000000.00,4.673507,99.51953125
08:01:36,91282CKR1,TSRYS5802848,D,S,C,2024-05-09,1000000.00,4.673507,99.51953125
08:01:36,91282CKR1,TSRYS5802848,D,S,T,2024-05-09,1000000.00,4.673507,99.51953125
08:01:36,91282CKR1,TSRYS5802848,D,S,T,2024-05-09,1000000.00,4.673507,99.51953125
08:01:36,91282CKR1,TSRYS5802848,D,S,T,2024-05-09,1000000.00,4.673507,99.51953125
08:01:36,91282CKR1,TSRYS5802848,D,S,T,2024-05-09,1000000.00,4.673507,99.51953125
08:01:36,91282CKR1,TSRYS5802848,D,S,T,2024-05-09,1000000.00,4.673507,99.51953125
08:01:36,91282CKR1,TSRYS5802848,D,S,T,2024-05-09,1000000.00,4.673507,99.51953125
08:01:36,91282CKR1,TSRYS5802848,D,B,C,2024-05-09,1000000.00,4.662191,99.55078125
08:01:36,91282CKR1,TSRYS5802848,D,S,D,2024-05-09,1000000.00,4.673507,99.51953125
08:01:36,91282CKR1,TSRYS5802848,D,S,T,2024-05-09,1000000.00,4.673507,99.51953125
08:01:36,91282CKR1,TSRYS5802848,D,S,D,2024-05-09,2000000.00,4.673507,99.51953125
08:01:36,91282CKR1,TSRYS5802848,D,S,D,2024-05-09,1000000.00,4.673507,99.51953125
08:01:36,91282CKR1,TSRYS5802848,D,S,T,2024-05-09,1000000.00,4.673507,99.51953125
08:01:36,91282CKR1,TSRYS5802848,D,S,T,2024-05-09,1000000.00,4.673507,99.51953125
08:01:36,91282CKR1,TSRYS5802848,D,S,T,2024-05-09,1000000.00,4.673507,99.51953125
08:01:36,91282CKR1,TSRYS5802848,D,S,D,2024-05-09,1000000.00,4.673507,99.51953125
08:01:36,91282CKR1,TSRYS5802848,D,S,C,2024-05-09,1000000.00,4.662191,99.55098125
08:01:36,91282CKR1,TSRYS5802848,D,S,D,2024-05-09,1000000.00,4.673507,99.51953125
08:01:36,91282CKR1,TSRYS5802848,D,S,T,2024-05-09,1000000.00,4.673507,99.51953125
08:01:36,91282CKR1,TSRYS5802848,D,S,D,2024-05-09,1000000.00,4.673507,99.51953125
08:01:36,91282CKR1,TSRYS5802848,D,S,T,2024-05-09,1000000.00,4.673507,99.51953125
08:01:36,91282CKR1,TSRYS5802848,D,S,T,2024-05-09,1000000.00,4.673507,99.51953125
08:01:36,91282CKR1,TSRYS5802848,D,S,T,2024-05-09,1000000.00,4.673507,99.51953125
08:01:36,91282CKR1,TSRYS5802848,D,S,T,2024-05-09,1000000.00,4.673507,99.51953125
08:01:36,91282CKR1,TSRYS5802848,D,S,T,2024-05-09,1000000.00,4.673507,99.51953125
08:01:36,91282CKR1,TSRYS5802848,D,S,T,2024-05-09,1000000.00,4.673507,99.51953125
08:01:36,91282CKR1,TSRYS5802848,D,S,D,2024-05-09,1000000.00,4.673507,99.51953125
08:01:36,91282CKR1,TSRYS5802848,D,S,D,2024-05-09,1000000.00,4.673507,99.51953125
08:01:36,91282CKR1,TSRYS5802848,D,S,T,2024-05-09,1000000.00,4.673507,99.51953125
08:01:36,91282CKR1,TSRYS5802848,D,S,T,2024-05-09,1000000.00,4.673507,99.51953125
08:01:36,91282CKR1,TSRYS5802848,D,S,T,2024-05-09,1000000.00,4.673507,99.51953125
08:01:36,91282CKR1,TSRYS5802848,D,S,D,2024-05-09,1000000.00,4.673507,99.51953125
08:01:36,91282CKR1,TSRYS5802848,D,S,T,2024-05-09,1000000.00,4.673507,99.51953125
08:01:36,91282CKR1,TSRYS5802848,D,S,D,2024-05-09,2000000.00,4.673507,99.51953125
08:01:36,91282CKR1,TSRYS5802848,D,S,T,2024-05-09,1000000.00,4.674214,99.51757812
08:01:36,91282CKR1,TSRYS5802848,D,S,T,2024-05-09,1000000.00,4.674214,99.51757812
08:01:36,91282CKR1,TSRYS5802848,D,S,T,2024-05-09,1000000.00,4.673507,99.51953125
08:01:36,91282CKR1,TSRYS5802848,D,S,D,2024-05-09,1000000.00,4.674214,99.51757812
08:01:36,91282CKR1,TSRYS5802848,D,S,C,2024-05-09,1000000.00,4.674214,99.51757812
08:01:36,91282CKR1,TSRYS5802848,D,S,T,2024-05-09,1000000.00,4.673579,99.51933125
08:01:36,91282CKR1,TSRYS5802848,D,S,T,2024-05-09,1000000.00,4.674214,99.51757812
08:01:36,91282CKR1,TSRYS5802848,D,S,T,2024-05-09,1000000.00,4.674214,99.51757812
08:01:36,91282CKR1,TSRYS5802848,D,S,T,2024-05-09,1000000.00,4.674214,99.51757812
08:01:36,91282CKR1,TSRYS5802848,D,S,C,2024-05-09,1000000.00,4.674214,99.51757812
08:01:36,91282CKR1,TSRYS5802848,D,S,T,2024-05-09,1000000.00,4.673579,99.51933125
08:01:36,91282CKR1,TSRYS5802848,D,S,D,2024-05-09,2000000.00,4.673507,99.51953125
08:01:36,91282CKR1,TSRYS5802848,D,S,T,2024-05-09,2000000.00,4.674214,99.51757812
