tradeTime,cusip,issueSymbolIdentifier,priceType,reportingSideCode,contraPartyTypeCode,tradeDate,reportedTradeVolume,lastSaleYield,lastSalePrice
08:00:03,91282CKE0,TSRYS5765705,D,S,D,2024-03-25,1000000.00,4.350087,99.72265625
08:00:03,91282CKE0,TSRYS5765705,D,S,D,2024-03-25,1000000.00,4.367822,99.673828125
08:00:03,91282CKE0,TSRYS5765705,D,S,T,2024-03-25,1000000.00,4.367113,99.67578125
08:00:03,91282CKE0,TSRYS5765705,D,S,T,2024-03-25,1000000.00,4.367113,99.67578125
08:00:03,91282CKE0,TSRYS5765705,D,S,D,2024-03-25,1000000.00,4.367113,99.67578125
08:00:03,91282CKE0,TSRYS5765705,D,S,D,2024-03-25,3000000.00,4.368532,99.671875
08:00:03,91282CKE0,TSRYS5765705,D,S,T,2024-03-25,1000000.00,4.369951,99.66796875
08:00:03,91282CKE0,TSRYS5765705,D,S,D,2024-03-25,1000000.00,4.383438,99.630859375
08:00:03,91282CKE0,TSRYS5765705,D,S,T,2024-03-25,1000000.00,4.383438,99.630859375
08:00:03,91282CKE0,TSRYS5765705,D,S,D,2024-03-25,1000000.00,4.383438,99.630859375
08:00:03,91282CKE0,TSRYS5765705,D,S,D,2024-03-25,1000000.00,4.383438,99.630859375
08:00:03,91282CKE0,TSRYS5765705,D,S,D,2024-03-25,1000000.00,4.386988,99.62109375
08:00:03,91282CKE0,TSRYS5765705,D,S,D,2024-03-25,1000000.00,4.384858,99.626953125
08:00:03,91282CKE0,TSRYS5765705,D,S,D,2024-03-25,1000000.00,4.386988,99.62109375
08:00:03,91282CKE0,TSRYS5765705,D,S,T,2024-03-25,7000000.00,4.387699,99.619140625
08:00:03,91282CKE0,TSRYS5765705,D,S,T,2024-03-25,3000000.00,4.397642,99.591796875
08:00:03,91282CKE0,TSRYS5765705,D,S,D,2024-03-25,1000000.00,4.396931,99.59375
08:00:12,91282CKE0,TSRYS5765705,D,S,C,2024-03-25,3000000.00,4.351505,99.71875
08:00:12,91282CKE0,TSRYS5765705,D,S,C,2024-03-25,1000000.00,4.351505,99.71875
08:00:12,91282CKE0,TSRYS5765705,D,S,C,2024-03-25,1000000.00,4.351505,99.71875
08:00:19,91282CKE0,TSRYS5765705,D,B,A,2024-03-25,1000000.00,4.37137,99.664063
08:00:19,91282CKE0,TSRYS5765705,D,S,A,2024-03-25,400000.00,4.368532,99.671875
08:00:23,91282CKE0,TSRYS5765705,D,B,C,2024-03-25,10000000.00,4.370012,99.66780075
08:00:24,91282CKE0,TSRYS5765705,D,S,T,2024-03-25,1000000.00,4.362855,99.6875
08:00:24,91282CKE0,TSRYS5765705,D,S,T,2024-03-25,1000000.00,4.364274,99.68359375
08:00:24,91282CKE0,TSRYS5765705,D,S,T,2024-03-25,1000000.00,4.364274,99.68359375
08:00:24,91282CKE0,TSRYS5765705,D,S,T,2024-03-25,1000000.00,4.368532,99.671875
08:00:24,91282CKE0,TSRYS5765705,D,S,T,2024-03-25,1000000.00,4.398352,99.58984375
08:00:24,91282CKE0,TSRYS5765705,D,S,D,2024-03-25,1000000.00,4.351505,99.71875
08:00:24,91282CKE0,TSRYS5765705,D,S,T,2024-03-25,1000000.00,4.360017,99.6953125
08:00:24,91282CKE0,TSRYS5765705,D,S,T,2024-03-25,1000000.00,4.360017,99.6953125
08:00:24,91282CKE0,TSRYS5765705,D,B,C,2024-03-25,1000000.00,4.369951,99.66796875
08:00:24,91282CKE0,TSRYS5765705,D,S,T,2024-03-25,1000000.00,4.367822,99.673828125
08:00:24,91282CKE0,TSRYS5765705,D,S,T,2024-03-25,1000000.00,4.367822,99.673828125
08:00:24,91282CKE0,TSRYS5765705,D,S,T,2024-03-25,1000000.00,4.368532,99.671875
08:00:24,91282CKE0,TSRYS5765705,D,S,T,2024-03-25,1000000.00,4.368532,99.671875
08:00:24,91282CKE0,TSRYS5765705,D,B,C,2024-03-25,5000000.00,4.37279,99.66015625
08:00:24,91282CKE0,TSRYS5765705,D,S,T,2024-03-25,1000000.00,4.384148,99.62890625
08:00:24,91282CKE0,TSRYS5765705,D,S,T,2024-03-25,1000000.00,4.385568,99.625
08:00:24,91282CKE0,TSRYS5765705,D,S,D,2024-03-25,1000000.00,4.387699,99.619140625
08:00:24,91282CKE0,TSRYS5765705,D,S,T,2024-03-25,1000000.00,4.386988,99.62109375
08:00:24,91282CKE0,TSRYS5765705,D,S,T,2024-03-25,1000000.00,4.399773,99.5859375
08:00:24,91282CKE0,TSRYS5765705,D,S,T,2024-03-25,1000000.00,4.398352,99.58984375
08:00:24,91282CKE0,TSRYS5765705,D,S,T,2024-03-25,1000000.00,4.398352,99.58984375
08:00:24,91282CKE0,TSRYS5765705,D,S,T,2024-03-25,1000000.00,4.398352,99.58984375
08:00:24,91282CKE0,TSRYS5765705,D,S,T,2024-03-25,1000000.00,4.398352,99.58984375
08:00:30,91282CKE0,TSRYS5765705,D,S,T,2024-03-25,1000000.00,4.365693,99.6796875
08:00:30,91282CKE0,TSRYS5765705,D,S,T,2024-03-25,1000000.00,4.367113,99.67578125
08:00:30,91282CKE0,TSRYS5765705,D,S,T,2024-03-25,2000000.00,4.367113,99.67578125
08:00:30,91282CKE0,TSRYS5765705,D,S,T,2024-03-25,2000000.00,4.367113,99.67578125
08:00:30,91282CKE0,TSRYS5765705,D,S,T,2024-03-25,1000000.00,4.367113,99.67578125
08:00:30,91282CKE0,TSRYS5765705,D,S,T,2024-03-25,1000000.00,4.368532,99.671875
08:00:30,91282CKE0,TSRYS5765705,D,S,T,2024-03-25,1000000.00,4.352924,99.71484375
08:00:30,91282CKE0,TSRYS5765705,D,S,T,2024-03-25,1000000.00,4.351505,99.71875
08:00:30,91282CKE0,TSRYS5765705,D,S,T,2024-03-25,1000000.00,4.349377,99.724609375
08:00:30,91282CKE0,TSRYS5765705,D,S,T,2024-03-25,1000000.00,4.348668,99.7265625
08:00:30,91282CKE0,TSRYS5765705,D,S,T,2024-03-25,1000000.00,4.349377,99.724609375
08:00:30,91282CKE0,TSRYS5765705,D,S,T,2024-03-25,1000000.00,4.353633,99.712890625
08:00:30,91282CKE0,TSRYS5765705,D,S,T,2024-03-25,1000000.00,4.362855,99.6875
08:00:30,91282CKE0,TSRYS5765705,D,S,T,2024-03-25,1000000.00,4.367113,99.67578125
08:00:30,91282CKE0,TSRYS5765705,D,S,T,2024-03-25,1000000.00,4.367113,99.67578125
08:00:30,91282CKE0,TSRYS5765705,D,S,T,2024-03-25,1000000.00,4.369951,99.66796875
08:00:30,91282CKE0,TSRYS5765705,D,S,T,2024-03-25,1000000.00,4.369951,99.66796875
08:00:30,91282CKE0,TSRYS5765705,D,S,T,2024-03-25,1000000.00,4.369951,99.66796875
08:00:30,91282CKE0,TSRYS5765705,D,S,T,2024-03-25,1000000.00,4.371371,99.6640625
08:00:30,91282CKE0,TSRYS5765705,D,S,T,2024-03-25,1000000.00,4.371371,99.6640625
08:00:30,91282CKE0,TSRYS5765705,D,S,T,2024-03-25,1000000.00,4.365693,99.6796875
08:00:30,91282CKE0,TSRYS5765705,D,S,T,2024-03-25,1000000.00,4.367113,99.67578125
08:00:30,91282CKE0,TSRYS5765705,D,S,T,2024-03-25,1000000.00,4.365693,99.6796875
08:00:30,91282CKE0,TSRYS5765705,D,S,T,2024-03-25,1000000.00,4.369951,99.66796875
08:00:30,91282CKE0,TSRYS5765705,D,S,T,2024-03-25,1000000.00,4.367822,99.673828125
08:00:30,91282CKE0,TSRYS5765705,D,S,T,2024-03-25,1000000.00,4.367822,99.673828125
08:00:30,91282CKE0,TSRYS5765705,D,S,T,2024-03-25,1000000.00,4.367822,99.673828125
08:00:30,91282CKE0,TSRYS5765705,D,S,T,2024-03-25,2000000.00,4.367113,99.67578125
08:00:30,91282CKE0,TSRYS5765705,D,S,T,2024-03-25,2000000.00,4.367113,99.67578125
08:00:30,91282CKE0,TSRYS5765705,D,S,T,2024-03-25,1000000.00,4.367113,99.67578125
08:00:30,91282CKE0,TSRYS5765705,D,S,T,2024-03-25,1000000.00,4.367113,99.67578125
08:00:30,91282CKE0,TSRYS5765705,D,S,T,2024-03-25,2000000.00,4.367113,99.67578125
08:00:30,91282CKE0,TSRYS5765705,D,S,T,2024-03-25,1000000.00,4.367113,99.67578125
08:00:30,91282CKE0,TSRYS5765705,D,S,T,2024-03-25,2000000.00,4.367113,99.67578125
08:00:30,91282CKE0,TSRYS5765705,D,S,T,2024-03-25,1000000.00,4.367113,99.67578125
08:00:30,91282CKE0,TSRYS5765705,D,S,T,2024-03-25,2000000.00,4.367113,99.67578125
08:00:30,91282CKE0,TSRYS5765705,D,S,T,2024-03-25,1000000.00,4.367113,99.67578125
08:00:30,91282CKE0,TSRYS5765705,D,S,T,2024-03-25,1000000.00,4.368532,99.671875
08:00:30,91282CKE0,TSRYS5765705,D,S,T,2024-03-25,4000000.00,4.367113,99.67578125
08:00:30,91282CKE0,TSRYS5765705,D,S,T,2024-03-25,4000000.00,4.367113,99.67578125
08:00:30,91282CKE0,TSRYS5765705,D,S,T,2024-03-25,1000000.00,4.368532,99.671875
08:00:30,91282CKE0,TSRYS5765705,D,S,T,2024-03-25,3000000.00,4.368532,99.671875
08:00:30,91282CKE0,TSRYS5765705,D,S,T,2024-03-25,1000000.00,4.368532,99.671875
08:00:30,91282CKE0,TSRYS5765705,D,S,T,2024-03-25,1000000.00,4.368532,99.671875
08:00:30,91282CKE0,TSRYS5765705,D,S,T,2024-03-25,5000000.00,4.368532,99.671875
08:00:30,91282CKE0,TSRYS5765705,D,S,T,2024-03-25,1000000.00,4.368532,99.671875
08:00:30,91282CKE0,TSRYS5765705,D,S,T,2024-03-25,2000000.00,4.368532,99.671875
08:00:30,91282CKE0,TSRYS5765705,D,S,T,2024-03-25,4000000.00,4.368532,99.671875
08:00:30,91282CKE0,TSRYS5765705,D,S,T,2024-03-25,3000000.00,4.368532,99.671875
08:00:30,91282CKE0,TSRYS5765705,D,S,T,2024-03-25,2000000.00,4.368532,99.671875
08:00:30,91282CKE0,TSRYS5765705,D,S,T,2024-03-25,3000000.00,4.368532,99.671875
08:00:30,91282CKE0,TSRYS5765705,D,S,T,2024-03-25,3000000.00,4.368532,99.671875
08:00:30,91282CKE0,TSRYS5765705,D,S,T,2024-03-25,2000000.00,4.368532,99.671875
08:00:30,91282CKE0,TSRYS5765705,D,S,T,2024-03-25,3000000.00,4.368532,99.671875
08:00:30,91282CKE0,TSRYS5765705,D,S,T,2024-03-25,3000000.00,4.368532,99.671875
08:00:30,91282CKE0,TSRYS5765705,D,S,T,2024-03-25,1000000.00,4.367113,99.67578125
08:00:30,91282CKE0,TSRYS5765705,D,S,T,2024-03-25,1000000.00,4.367113,99.67578125
08:00:30,91282CKE0,TSRYS5765705,D,S,T,2024-03-25,1000000.00,4.367113,99.67578125
08:00:30,91282CKE0,TSRYS5765705,D,S,T,2024-03-25,1000000.00,4.365693,99.6796875
08:00:30,91282CKE0,TSRYS5765705,D,S,T,2024-03-25,1000000.00,4.365693,99.6796875
08:00:30,91282CKE0,TSRYS5765705,D,S,T,2024-03-25,1000000.00,4.365693,99.6796875
08:00:30,91282CKE0,TSRYS5765705,D,S,T,2024-03-25,1000000.00,4.365693,99.6796875
08:00:30,91282CKE0,TSRYS5765705,D,S,T,2024-03-25,1000000.00,4.364274,99.68359375
08:00:30,91282CKE0,TSRYS5765705,D,S,T,2024-03-25,1000000.00,4.364274,99.68359375
08:00:30,91282CKE0,TSRYS5765705,D,S,T,2024-03-25,1000000.00,4.364274,99.68359375
08:00:30,91282CKE0,TSRYS5765705,D,S,T,2024-03-25,1000000.00,4.364274,99.68359375
08:00:30,91282CKE0,TSRYS5765705,D,S,T,2024-03-25,1000000.00,4.364274,99.68359375
08:00:30,91282CKE0,TSRYS5765705,D,S,T,2024-03-25,1000000.00,4.364274,99.68359375
08:00:30,91282CKE0,TSRYS5765705,D,S,T,2024-03-25,1000000.00,4.364274,99.68359375
08:00:30,91282CKE0,TSRYS5765705,D,S,T,2024-03-25,1000000.00,4.365693,99.6796875
08:00:30,91282CKE0,TSRYS5765705,D,S,T,2024-03-25,1000000.00,4.367113,99.67578125
08:00:30,91282CKE0,TSRYS5765705,D,S,T,2024-03-25,1000000.00,4.367113,99.67578125
08:00:30,91282CKE0,TSRYS5765705,D,S,T,2024-03-25,1000000.00,4.367113,99.67578125
08:00:30,91282CKE0,TSRYS5765705,D,S,T,2024-03-25,1000000.00,4.367822,99.673828125
08:00:30,91282CKE0,TSRYS5765705,D,S,T,2024-03-25,1000000.00,4.368532,99.671875
08:00:30,91282CKE0,TSRYS5765705,D,S,T,2024-03-25,1000000.00,4.369242,99.669921875
08:00:30,91282CKE0,TSRYS5765705,D,S,T,2024-03-25,1000000.00,4.368532,99.671875
08:00:30,91282CKE0,TSRYS5765705,D,S,T,2024-03-25,1000000.00,4.369951,99.66796875
08:00:30,91282CKE0,TSRYS5765705,D,S,T,2024-03-25,1000000.00,4.368532,99.671875
08:00:30,91282CKE0,TSRYS5765705,D,S,T,2024-03-25,1000000.00,4.368532,99.671875
08:00:30,91282CKE0,TSRYS5765705,D,S,T,2024-03-25,1000000.00,4.369951,99.66796875
08:00:30,91282CKE0,TSRYS5765705,D,S,T,2024-03-25,2000000.00,4.367822,99.673828125
08:00:30,91282CKE0,TSRYS5765705,D,S,T,2024-03-25,1000000.00,4.369951,99.66796875
08:00:30,91282CKE0,TSRYS5765705,D,S,T,2024-03-25,1000000.00,4.369951,99.66796875
08:00:30,91282CKE0,TSRYS5765705,D,S,T,2024-03-25,1000000.00,4.371371,99.6640625
08:00:30,91282CKE0,TSRYS5765705,D,S,T,2024-03-25,1000000.00,4.381308,99.63671875
08:00:30,91282CKE0,TSRYS5765705,D,S,T,2024-03-25,1000000.00,4.379888,99.640625
08:00:30,91282CKE0,TSRYS5765705,D,S,T,2024-03-25,1000000.00,4.379888,99.640625
08:00:30,91282CKE0,TSRYS5765705,D,S,T,2024-03-25,1000000.00,4.381308,99.63671875
08:00:30,91282CKE0,TSRYS5765705,D,S,T,2024-03-25,1000000.00,4.379888,99.640625
08:00:30,91282CKE0,TSRYS5765705,D,S,T,2024-03-25,1000000.00,4.381308,99.63671875
08:00:30,91282CKE0,TSRYS5765705,D,S,T,2024-03-25,1000000.00,4.380598,99.638671875
08:00:30,91282CKE0,TSRYS5765705,D,S,T,2024-03-25,1000000.00,4.381308,99.63671875
08:00:30,91282CKE0,TSRYS5765705,D,S,T,2024-03-25,1000000.00,4.381308,99.63671875
08:00:30,91282CKE0,TSRYS5765705,D,S,T,2024-03-25,1000000.00,4.381308,99.63671875
08:00:30,91282CKE0,TSRYS5765705,D,S,T,2024-03-25,2000000.00,4.382728,99.6328125
08:00:30,91282CKE0,TSRYS5765705,D,S,T,2024-03-25,1000000.00,4.382728,99.6328125
08:00:30,91282CKE0,TSRYS5765705,D,S,T,2024-03-25,1000000.00,4.382728,99.6328125
08:00:30,91282CKE0,TSRYS5765705,D,S,T,2024-03-25,1000000.00,4.382728,99.6328125
08:00:30,91282CKE0,TSRYS5765705,D,S,T,2024-03-25,1000000.00,4.382728,99.6328125
08:00:30,91282CKE0,TSRYS5765705,D,S,T,2024-03-25,1000000.00,4.384148,99.62890625
08:00:30,91282CKE0,TSRYS5765705,D,S,T,2024-03-25,1000000.00,4.385568,99.625
08:00:30,91282CKE0,TSRYS5765705,D,S,T,2024-03-25,1000000.00,4.385568,99.625
08:00:30,91282CKE0,TSRYS5765705,D,S,T,2024-03-25,1000000.00,4.385568,99.625
08:00:30,91282CKE0,TSRYS5765705,D,S,T,2024-03-25,1000000.00,4.384148,99.62890625
08:00:30,91282CKE0,TSRYS5765705,D,S,T,2024-03-25,1000000.00,4.385568,99.625
08:00:30,91282CKE0,TSRYS5765705,D,S,T,2024-03-25,1000000.00,4.385568,99.625
08:00:30,91282CKE0,TSRYS5765705,D,S,T,2024-03-25,1000000.00,4.386988,99.62109375
08:00:30,91282CKE0,TSRYS5765705,D,S,T,2024-03-25,1000000.00,4.388409,99.6171875
08:00:30,91282CKE0,TSRYS5765705,D,S,T,2024-03-25,1000000.00,4.388409,99.6171875
08:00:30,91282CKE0,TSRYS5765705,D,S,T,2024-03-25,1000000.00,4.388409,99.6171875
08:00:30,91282CKE0,TSRYS5765705,D,S,T,2024-03-25,1000000.00,4.388409,99.6171875
08:00:30,91282CKE0,TSRYS5765705,D,S,T,2024-03-25,1000000.00,4.388409,99.6171875
08:00:30,91282CKE0,TSRYS5765705,D,S,T,2024-03-25,1000000.00,4.388409,99.6171875
08:00:30,91282CKE0,TSRYS5765705,D,S,T,2024-03-25,2000000.00,4.387699,99.619140625
08:00:30,91282CKE0,TSRYS5765705,D,S,T,2024-03-25,1000000.00,4.391249,99.609375
08:00:30,91282CKE0,TSRYS5765705,D,S,T,2024-03-25,1000000.00,4.39338,99.603515625
08:00:30,91282CKE0,TSRYS5765705,D,S,T,2024-03-25,1000000.00,4.39409,99.6015625
08:00:30,91282CKE0,TSRYS5765705,D,S,T,2024-03-25,1000000.00,4.396931,99.59375
08:00:30,91282CKE0,TSRYS5765705,D,S,T,2024-03-25,1000000.00,4.396931,99.59375
08:00:30,91282CKE0,TSRYS5765705,D,S,T,2024-03-25,2000000.00,4.398352,99.58984375
08:00:30,91282CKE0,TSRYS5765705,D,S,T,2024-03-25,1000000.00,4.398352,99.58984375
08:00:30,91282CKE0,TSRYS5765705,D,S,T,2024-03-25,1000000.00,4.399773,99.5859375
08:00:30,91282CKE0,TSRYS5765705,D,S,T,2024-03-25,1000000.00,4.399773,99.5859375
08:00:30,91282CKE0,TSRYS5765705,D,S,T,2024-03-25,1000000.00,4.399773,99.5859375
08:00:30,91282CKE0,TSRYS5765705,D,S,T,2024-03-25,1000000.00,4.398352,99.58984375
08:00:30,91282CKE0,TSRYS5765705,D,S,T,2024-03-25,2000000.00,4.398352,99.58984375
08:00:30,91282CKE0,TSRYS5765705,D,S,T,2024-03-25,1000000.00,4.398352,99.58984375
08:00:30,91282CKE0,TSRYS5765705,D,S,T,2024-03-25,1000000.00,4.397642,99.591796875
08:00:30,91282CKE0,TSRYS5765705,D,S,T,2024-03-25,1000000.00,4.397642,99.591796875
08:00:30,91282CKE0,TSRYS5765705,D,S,T,2024-03-25,1000000.00,4.397642,99.591796875
08:00:30,91282CKE0,TSRYS5765705,D,S,T,2024-03-25,2000000.00,4.397642,99.591796875
08:00:30,91282CKE0,TSRYS5765705,D,S,T,2024-03-25,1000000.00,4.396931,99.59375
08:00:30,91282CKE0,TSRYS5765705,D,S,T,2024-03-25,1000000.00,4.396931,99.59375
08:00:30,91282CKE0,TSRYS5765705,D,S,T,2024-03-25,1000000.00,4.396931,99.59375
08:00:30,91282CKE0,TSRYS5765705,D,S,D,2024-03-25,1000000.00,4.349377,99.724609375
08:00:30,91282CKE0,TSRYS5765705,D,S,D,2024-03-25,1000000.00,4.368532,99.671875
08:00:30,91282CKE0,TSRYS5765705,D,S,D,2024-03-25,1000000.00,4.386988,99.62109375
08:00:30,91282CKE0,TSRYS5765705,D,S,D,2024-03-25,2000000.00,4.383438,99.630859375
08:00:30,91282CKE0,TSRYS5765705,D,S,D,2024-03-25,1000000.00,4.383438,99.630859375
08:00:30,91282CKE0,TSRYS5765705,D,S,D,2024-03-25,1000000.00,4.384858,99.626953125
08:00:30,91282CKE0,TSRYS5765705,D,S,D,2024-03-25,1000000.00,4.385568,99.625
08:00:30,91282CKE0,TSRYS5765705,D,S,D,2024-03-25,1000000.00,4.385568,99.625
08:00:30,91282CKE0,TSRYS5765705,D,S,D,2024-03-25,1000000.00,4.385568,99.625
08:00:30,91282CKE0,TSRYS5765705,D,S,D,2024-03-25,1000000.00,4.384148,99.62890625
08:00:30,91282CKE0,TSRYS5765705,D,S,D,2024-03-25,1000000.00,4.388409,99.6171875
08:00:30,91282CKE0,TSRYS5765705,D,S,D,2024-03-25,1000000.00,4.388409,99.6171875
08:00:30,91282CKE0,TSRYS5765705,D,S,D,2024-03-25,1000000.00,4.396931,99.59375
08:00:34,91282CKE0,TSRYS5765705,D,S,T,2024-03-25,2000000.00,4.382018,99.634765625
08:00:34,91282CKE0,TSRYS5765705,D,S,T,2024-03-25,1000000.00,4.381308,99.63671875
08:00:34,91282CKE0,TSRYS5765705,D,S,T,2024-03-25,2000000.00,4.382728,99.6328125
08:00:34,91282CKE0,TSRYS5765705,D,S,T,2024-03-25,1000000.00,4.382728,99.6328125
08:00:34,91282CKE0,TSRYS5765705,D,S,T,2024-03-25,1000000.00,4.385568,99.625
08:00:34,91282CKE0,TSRYS5765705,D,S,T,2024-03-25,1000000.00,4.385568,99.625
08:00:34,91282CKE0,TSRYS5765705,D,S,T,2024-03-25,1000000.00,4.385568,99.625
08:00:34,91282CKE0,TSRYS5765705,D,S,T,2024-03-25,1000000.00,4.384858,99.626953125
08:00:34,91282CKE0,TSRYS5765705,D,S,T,2024-03-25,2000000.00,4.386988,99.62109375
08:00:34,91282CKE0,TSRYS5765705,D,S,T,2024-03-25,1000000.00,4.386988,99.62109375
08:00:35,91282CKE0,TSRYS5765705,D,B,A,2024-03-25,1100000.00,4.348668,99.7265625
08:00:35,91282CKE0,TSRYS5765705,D,S,T,2024-03-25,1000000.00,4.396221,99.595703125
08:00:35,91282CKE0,TSRYS5765705,D,S,T,2024-03-25,3000000.00,4.366403,99.677734375
08:00:35,91282CKE0,TSRYS5765705,D,S,T,2024-03-25,6000000.00,4.367113,99.67578125
08:00:35,91282CKE0,TSRYS5765705,D,S,T,2024-03-25,1000000.00,4.367113,99.67578125
08:00:35,91282CKE0,TSRYS5765705,D,S,T,2024-03-25,1000000.00,4.367113,99.67578125
08:00:35,91282CKE0,TSRYS5765705,D,S,T,2024-03-25,1000000.00,4.367113,99.67578125
08:00:35,91282CKE0,TSRYS5765705,D,S,T,2024-03-25,1000000.00,4.367113,99.67578125
08:00:35,91282CKE0,TSRYS5765705,D,S,T,2024-03-25,2000000.00,4.367113,99.67578125
08:00:35,91282CKE0,TSRYS5765705,D,S,T,2024-03-25,1000000.00,4.367113,99.67578125
08:00:35,91282CKE0,TSRYS5765705,D,S,T,2024-03-25,1000000.00,4.367113,99.67578125
08:00:35,91282CKE0,TSRYS5765705,D,S,T,2024-03-25,1000000.00,4.367113,99.67578125
08:00:35,91282CKE0,TSRYS5765705,D,S,T,2024-03-25,1000000.00,4.367113,99.67578125
08:00:35,91282CKE0,TSRYS5765705,D,S,T,2024-03-25,1000000.00,4.367113,99.67578125
08:00:35,91282CKE0,TSRYS5765705,D,S,T,2024-03-25,1000000.00,4.367113,99.67578125
08:00:35,91282CKE0,TSRYS5765705,D,S,T,2024-03-25,1000000.00,4.367822,99.673828125
08:00:35,91282CKE0,TSRYS5765705,D,S,T,2024-03-25,3000000.00,4.367822,99.673828125
08:00:35,91282CKE0,TSRYS5765705,D,S,T,2024-03-25,1000000.00,4.367822,99.673828125
08:00:35,91282CKE0,TSRYS5765705,D,S,T,2024-03-25,1000000.00,4.367822,99.673828125
08:00:35,91282CKE0,TSRYS5765705,D,S,T,2024-03-25,1000000.00,4.367113,99.67578125
08:00:35,91282CKE0,TSRYS5765705,D,S,T,2024-03-25,4000000.00,4.367822,99.673828125
08:00:36,91282CKE0,TSRYS5765705,D,B,C,2024-03-25,9700000.00,4.370661,99.666015625
08:00:36,91282CKE0,TSRYS5765705,D,S,T,2024-03-25,1000000.00,4.382728,99.6328125
08:00:36,91282CKE0,TSRYS5765705,D,S,T,2024-03-25,1000000.00,4.385568,99.625
08:00:36,91282CKE0,TSRYS5765705,D,S,T,2024-03-25,1000000.00,4.385568,99.625
08:00:36,91282CKE0,TSRYS5765705,D,S,T,2024-03-25,1000000.00,4.385568,99.625
08:00:36,91282CKE0,TSRYS5765705,D,S,T,2024-03-25,1000000.00,4.385568,99.625
08:00:36,91282CKE0,TSRYS5765705,D,S,T,2024-03-25,1000000.00,4.385568,99.625
08:00:36,91282CKE0,TSRYS5765705,D,S,T,2024-03-25,1000000.00,4.385568,99.625
08:00:36,91282CKE0,TSRYS5765705,D,S,C,2024-03-25,10000000.00,4.385568,99.625
08:00:36,91282CKE0,TSRYS5765705,D,S,T,2024-03-25,1000000.00,4.386988,99.62109375
08:00:36,91282CKE0,TSRYS5765705,D,B,C,2024-03-25,22700000.00,4.385568,99.625
08:00:36,91282CKE0,TSRYS5765705,D,S,T,2024-03-25,7850000.00,4.431046,99.5
08:00:39,91282CKE0,TSRYS5765705,D,S,A,2024-03-25,4961000.00,4.364274,99.68359375
08:00:40,91282CKE0,TSRYS5765705,D,S,T,2024-03-25,1000000.00,4.367113,99.67578125
08:00:40,91282CKE0,TSRYS5765705,D,S,T,2024-03-25,1000000.00,4.367113,99.67578125
08:00:40,91282CKE0,TSRYS5765705,D,S,T,2024-03-25,1000000.00,4.367113,99.67578125
08:00:40,91282CKE0,TSRYS5765705,D,S,T,2024-03-25,1000000.00,4.367113,99.67578125
08:00:40,91282CKE0,TSRYS5765705,D,S,D,2024-03-25,1000000.00,4.367822,99.673828125
08:00:40,91282CKE0,TSRYS5765705,D,S,T,2024-03-25,1000000.00,4.368532,99.671875
08:00:40,91282CKE0,TSRYS5765705,D,S,T,2024-03-25,1000000.00,4.368532,99.671875
08:00:40,91282CKE0,TSRYS5765705,D,S,D,2024-03-25,1000000.00,4.368532,99.671875
08:00:40,91282CKE0,TSRYS5765705,D,S,T,2024-03-25,1000000.00,4.368532,99.671875
08:00:40,91282CKE0,TSRYS5765705,D,S,T,2024-03-25,1000000.00,4.368532,99.671875
08:00:40,91282CKE0,TSRYS5765705,D,S,T,2024-03-25,1000000.00,4.367113,99.67578125
08:00:40,91282CKE0,TSRYS5765705,D,S,D,2024-03-25,1000000.00,4.367822,99.673828125
08:00:40,91282CKE0,TSRYS5765705,D,S,D,2024-03-25,1000000.00,4.370661,99.666015625
08:00:40,91282CKE0,TSRYS5765705,D,S,D,2024-03-25,1000000.00,4.370661,99.666015625
08:00:41,91282CKE0,TSRYS5765705,D,S,T,2024-03-25,1000000.00,4.364311,99.68349175
08:00:41,91282CKE0,TSRYS5765705,D,S,T,2024-03-25,1000000.00,4.364311,99.68349175
08:00:41,91282CKE0,TSRYS5765705,D,S,T,2024-03-25,1000000.00,4.364311,99.68349175
08:00:41,91282CKE0,TSRYS5765705,D,S,D,2024-03-25,2000000.00,4.369951,99.66796875
08:00:41,91282CKE0,TSRYS5765705,D,S,D,2024-03-25,1000000.00,4.369951,99.66796875
08:00:41,91282CKE0,TSRYS5765705,D,S,T,2024-03-25,1000000.00,4.369951,99.66796875
08:00:41,91282CKE0,TSRYS5765705,D,S,T,2024-03-25,1000000.00,4.369951,99.66796875
08:00:41,91282CKE0,TSRYS5765705,D,S,T,2024-03-25,1000000.00,4.369951,99.66796875
08:00:42,91282CKE0,TSRYS5765705,D,S,T,2024-03-25,1000000.00,4.369951,99.66796875
08:00:42,91282CKE0,TSRYS5765705,D,S,T,2024-03-25,1000000.00,4.369951,99.66796875
08:00:42,91282CKE0,TSRYS5765705,D,S,T,2024-03-25,1000000.00,4.369951,99.66796875
08:00:42,91282CKE0,TSRYS5765705,D,S,T,2024-03-25,1000000.00,4.369951,99.66796875
08:00:42,91282CKE0,TSRYS5765705,D,S,T,2024-03-25,1000000.00,4.369951,99.66796875
08:00:43,91282CKE0,TSRYS5765705,D,S,T,2024-03-25,1000000.00,4.367822,99.673828125
08:00:43,91282CKE0,TSRYS5765705,D,S,T,2024-03-25,1000000.00,4.367822,99.673828125
08:00:43,91282CKE0,TSRYS5765705,D,S,T,2024-03-25,1000000.00,4.367822,99.673828125
08:00:43,91282CKE0,TSRYS5765705,D,S,T,2024-03-25,1000000.00,4.379888,99.640625
08:00:43,91282CKE0,TSRYS5765705,D,S,T,2024-03-25,1000000.00,4.353633,99.712890625
08:00:43,91282CKE0,TSRYS5765705,D,S,T,2024-03-25,1000000.00,4.349377,99.724609375
08:00:43,91282CKE0,TSRYS5765705,D,S,T,2024-03-25,1000000.00,4.349377,99.724609375
08:00:43,91282CKE0,TSRYS5765705,D,S,T,2024-03-25,1000000.00,4.349377,99.724609375
08:00:43,91282CKE0,TSRYS5765705,D,S,T,2024-03-25,1000000.00,4.350796,99.720703125
08:00:43,91282CKE0,TSRYS5765705,D,S,T,2024-03-25,1000000.00,4.351505,99.71875
08:00:43,91282CKE0,TSRYS5765705,D,S,D,2024-03-25,1000000.00,4.351505,99.71875
08:00:43,91282CKE0,TSRYS5765705,D,S,T,2024-03-25,1000000.00,4.357889,99.701171875
08:00:43,91282CKE0,TSRYS5765705,D,S,T,2024-03-25,1000000.00,4.360727,99.693359375
08:00:43,91282CKE0,TSRYS5765705,D,S,T,2024-03-25,1000000.00,4.364984,99.681640625
08:00:43,91282CKE0,TSRYS5765705,D,S,T,2024-03-25,1000000.00,4.364984,99.681640625
08:00:43,91282CKE0,TSRYS5765705,D,S,T,2024-03-25,1000000.00,4.362855,99.6875
08:00:43,91282CKE0,TSRYS5765705,D,S,T,2024-03-25,1000000.00,4.362855,99.6875
08:00:43,91282CKE0,TSRYS5765705,D,S,A,2024-03-25,850000.00,4.396931,99.59375
08:00:43,91282CKE0,TSRYS5765705,D,S,T,2024-03-25,1000000.00,4.367113,99.67578125
08:00:43,91282CKE0,TSRYS5765705,D,S,T,2024-03-25,1000000.00,4.371371,99.6640625
08:00:43,91282CKE0,TSRYS5765705,D,S,T,2024-03-25,1000000.00,4.365693,99.6796875
08:00:43,91282CKE0,TSRYS5765705,D,S,T,2024-03-25,1000000.00,4.364984,99.681640625
08:00:43,91282CKE0,TSRYS5765705,D,S,T,2024-03-25,1000000.00,4.364984,99.681640625
08:00:43,91282CKE0,TSRYS5765705,D,S,T,2024-03-25,1000000.00,4.364274,99.68359375
08:00:43,91282CKE0,TSRYS5765705,D,S,T,2024-03-25,1000000.00,4.365693,99.6796875
08:00:43,91282CKE0,TSRYS5765705,D,S,T,2024-03-25,1000000.00,4.365693,99.6796875
08:00:43,91282CKE0,TSRYS5765705,D,S,T,2024-03-25,1000000.00,4.366403,99.677734375
08:00:43,91282CKE0,TSRYS5765705,D,S,T,2024-03-25,1000000.00,4.368532,99.671875
08:00:43,91282CKE0,TSRYS5765705,D,S,T,2024-03-25,1000000.00,4.367113,99.67578125
08:00:43,91282CKE0,TSRYS5765705,D,S,T,2024-03-25,1000000.00,4.367113,99.67578125
08:00:43,91282CKE0,TSRYS5765705,D,S,T,2024-03-25,1000000.00,4.367113,99.67578125
08:00:43,91282CKE0,TSRYS5765705,D,S,T,2024-03-25,1000000.00,4.365693,99.6796875
08:00:43,91282CKE0,TSRYS5765705,D,S,T,2024-03-25,1000000.00,4.368569,99.671773
08:00:43,91282CKE0,TSRYS5765705,D,S,T,2024-03-25,1000000.00,4.367822,99.673828125
08:00:43,91282CKE0,TSRYS5765705,D,S,T,2024-03-25,1000000.00,4.367822,99.673828125
08:00:43,91282CKE0,TSRYS5765705,D,S,T,2024-03-25,1000000.00,4.367822,99.673828125
08:00:43,91282CKE0,TSRYS5765705,D,S,T,2024-03-25,1000000.00,4.367822,99.673828125
08:00:43,91282CKE0,TSRYS5765705,D,S,T,2024-03-25,1000000.00,4.364274,99.68359375
08:00:43,91282CKE0,TSRYS5765705,D,S,T,2024-03-25,1000000.00,4.364274,99.68359375
08:00:43,91282CKE0,TSRYS5765705,D,S,T,2024-03-25,1000000.00,4.369951,99.66796875
08:00:43,91282CKE0,TSRYS5765705,D,S,T,2024-03-25,1000000.00,4.379179,99.642578125
08:00:43,91282CKE0,TSRYS5765705,D,S,D,2024-03-25,1000000.00,4.379179,99.642578125
08:00:43,91282CKE0,TSRYS5765705,D,S,T,2024-03-25,1000000.00,4.379888,99.640625
08:00:43,91282CKE0,TSRYS5765705,D,S,T,2024-03-25,1000000.00,4.382728,99.6328125
08:00:43,91282CKE0,TSRYS5765705,D,S,T,2024-03-25,1000000.00,4.382018,99.634765625
08:00:43,91282CKE0,TSRYS5765705,D,S,T,2024-03-25,1000000.00,4.382018,99.634765625
08:00:43,91282CKE0,TSRYS5765705,D,S,T,2024-03-25,1000000.00,4.382018,99.634765625
08:00:43,91282CKE0,TSRYS5765705,D,S,T,2024-03-25,1000000.00,4.382728,99.6328125
08:00:43,91282CKE0,TSRYS5765705,D,S,T,2024-03-25,1000000.00,4.382728,99.6328125
08:00:43,91282CKE0,TSRYS5765705,D,S,T,2024-03-25,3000000.00,4.382728,99.6328125
08:00:43,91282CKE0,TSRYS5765705,D,S,D,2024-03-25,1000000.00,4.383438,99.630859375
08:00:43,91282CKE0,TSRYS5765705,D,S,T,2024-03-25,1000000.00,4.382728,99.6328125
08:00:43,91282CKE0,TSRYS5765705,D,S,T,2024-03-25,1000000.00,4.382728,99.6328125
08:00:43,91282CKE0,TSRYS5765705,D,S,T,2024-03-25,1000000.00,4.382728,99.6328125
08:00:43,91282CKE0,TSRYS5765705,D,S,T,2024-03-25,1000000.00,4.383438,99.630859375
08:00:43,91282CKE0,TSRYS5765705,D,S,T,2024-03-25,1000000.00,4.384148,99.62890625
08:00:43,91282CKE0,TSRYS5765705,D,S,D,2024-03-25,1000000.00,4.385568,99.625
08:00:43,91282CKE0,TSRYS5765705,D,S,T,2024-03-25,1000000.00,4.385568,99.625
08:00:44,91282CKE0,TSRYS5765705,D,S,T,2024-03-25,1000000.00,4.387699,99.619140625
08:00:44,91282CKE0,TSRYS5765705,D,S,D,2024-03-25,1000000.00,4.387699,99.619140625
08:00:44,91282CKE0,TSRYS5765705,D,S,T,2024-03-25,1000000.00,4.387699,99.619140625
08:00:44,91282CKE0,TSRYS5765705,D,S,T,2024-03-25,1000000.00,4.389829,99.61328125
08:00:44,91282CKE0,TSRYS5765705,D,S,T,2024-03-25,1000000.00,4.391249,99.609375
08:00:44,91282CKE0,TSRYS5765705,D,S,T,2024-03-25,4000000.00,4.39409,99.6015625
08:00:44,91282CKE0,TSRYS5765705,D,S,T,2024-03-25,1000000.00,4.39267,99.60546875
08:00:44,91282CKE0,TSRYS5765705,D,S,T,2024-03-25,1000000.00,4.39267,99.60546875
08:00:44,91282CKE0,TSRYS5765705,D,S,T,2024-03-25,1000000.00,4.39267,99.60546875
08:00:44,91282CKE0,TSRYS5765705,D,S,T,2024-03-25,1000000.00,4.39267,99.60546875
08:00:44,91282CKE0,TSRYS5765705,D,S,T,2024-03-25,1000000.00,4.39267,99.60546875
08:00:44,91282CKE0,TSRYS5765705,D,S,T,2024-03-25,1000000.00,4.396931,99.59375
08:00:44,91282CKE0,TSRYS5765705,D,S,D,2024-03-25,1000000.00,4.399773,99.5859375
08:00:44,91282CKE0,TSRYS5765705,D,S,T,2024-03-25,1000000.00,4.398352,99.58984375
08:00:44,91282CKE0,TSRYS5765705,D,S,T,2024-03-25,1000000.00,4.396931,99.59375
08:00:44,91282CKE0,TSRYS5765705,D,S,D,2024-03-25,1000000.00,4.396931,99.59375
08:00:44,91282CKE0,TSRYS5765705,D,S,D,2024-03-25,1000000.00,4.396931,99.59375
08:00:44,91282CKE0,TSRYS5765705,D,S,D,2024-03-25,1000000.00,4.396931,99.59375
08:00:45,91282CKE0,TSRYS5765705,D,S,T,2024-03-25,1000000.00,4.367113,99.67578125
08:00:45,91282CKE0,TSRYS5765705,D,S,T,2024-03-25,1000000.00,4.367113,99.67578125
08:00:45,91282CKE0,TSRYS5765705,D,S,T,2024-03-25,1000000.00,4.367113,99.67578125
08:00:45,91282CKE0,TSRYS5765705,D,S,T,2024-03-25,1000000.00,4.368532,99.671875
08:00:45,91282CKE0,TSRYS5765705,D,S,T,2024-03-25,1000000.00,4.368532,99.671875
08:00:45,91282CKE0,TSRYS5765705,D,S,T,2024-03-25,1000000.00,4.368532,99.671875
08:00:45,91282CKE0,TSRYS5765705,D,S,T,2024-03-25,1000000.00,4.368532,99.671875
08:00:45,91282CKE0,TSRYS5765705,D,S,T,2024-03-25,1000000.00,4.365693,99.6796875
08:00:46,91282CKE0,TSRYS5765705,D,S,D,2024-03-25,1000000.00,4.369242,99.669921875
08:00:46,91282CKE0,TSRYS5765705,D,B,A,2024-03-25,19500000.00,4.370012,99.66780075
08:00:46,91282CKE0,TSRYS5765705,D,S,T,2024-03-25,1000000.00,4.369242,99.669921875
08:00:46,91282CKE0,TSRYS5765705,D,S,D,2024-03-25,2000000.00,4.369242,99.669921875
08:00:46,91282CKE0,TSRYS5765705,D,S,T,2024-03-25,2000000.00,4.369242,99.669921875
08:00:46,91282CKE0,TSRYS5765705,D,S,D,2024-03-25,1000000.00,4.369951,99.66796875
08:00:46,91282CKE0,TSRYS5765705,D,S,D,2024-03-25,1000000.00,4.369951,99.66796875
08:00:46,91282CKE0,TSRYS5765705,D,S,D,2024-03-25,2000000.00,4.370661,99.666015625
08:00:46,91282CKE0,TSRYS5765705,D,S,T,2024-03-25,1000000.00,4.369951,99.66796875
08:00:46,91282CKE0,TSRYS5765705,D,S,T,2024-03-25,2000000.00,4.370661,99.666015625
08:00:47,91282CKE0,TSRYS5765705,D,S,T,2024-03-25,1000000.00,4.368532,99.671875
08:00:53,91282CKE0,TSRYS5765705,D,S,T,2024-03-25,3000000.00,4.386988,99.62109375
08:00:53,91282CKE0,TSRYS5765705,D,S,T,2024-03-25,1000000.00,4.386988,99.62109375
08:00:53,91282CKE0,TSRYS5765705,D,S,T,2024-03-25,4000000.00,4.386988,99.62109375
08:00:53,91282CKE0,TSRYS5765705,D,S,T,2024-03-25,7000000.00,4.386988,99.62109375
08:00:55,91282CKE0,TSRYS5765705,D,S,T,2024-03-25,1000000.00,4.396221,99.595703125
08:00:57,91282CKE0,TSRYS5765705,D,B,A,2024-03-25,15240000.00,4.371492,99.6637275
08:00:58,91282CKE0,TSRYS5765705,D,S,T,2024-03-25,1000000.00,4.389829,99.61328125
08:00:58,91282CKE0,TSRYS5765705,D,S,T,2024-03-25,1000000.00,4.389829,99.61328125
08:00:58,91282CKE0,TSRYS5765705,D,S,D,2024-03-25,9000000.00,4.384521,99.62788
08:01:00,91282CKE0,TSRYS5765705,D,S,T,2024-03-25,1000000.00,4.381345,99.63661675
08:01:00,91282CKE0,TSRYS5765705,D,S,C,2024-03-25,37000.00,4.392219,99.606709
08:01:00,91282CKE0,TSRYS5765705,D,S,A,2024-03-25,8000000.00,4.382728,99.6328125
08:01:01,91282CKE0,TSRYS5765705,D,B,C,2024-03-25,136900000.00,4.398413,99.58967575
08:01:01,91282CKE0,TSRYS5765705,D,S,C,2024-03-25,40000.00,4.392219,99.606709
08:01:01,91282CKE0,TSRYS5765705,D,S,A,2024-03-25,136900000.00,4.398413,99.58967575
08:01:03,91282CKE0,TSRYS5765705,D,S,C,2024-03-25,1000000.00,4.350796,99.720703125
08:01:03,91282CKE0,TSRYS5765705,D,B,C,2024-03-25,1000000.00,4.350796,99.720703125
08:01:03,91282CKE0,TSRYS5765705,D,B,C,2024-03-25,1000000.00,4.351505,99.71875
08:01:03,91282CKE0,TSRYS5765705,D,S,C,2024-03-25,1000000.00,4.351505,99.71875
08:01:03,91282CKE0,TSRYS5765705,D,S,D,2024-03-25,1000000.00,4.349377,99.724609375
08:01:03,91282CKE0,TSRYS5765705,D,B,C,2024-03-25,3000000.00,4.348668,99.7265625
08:01:03,91282CKE0,TSRYS5765705,D,B,C,2024-03-25,1000000.00,4.348668,99.7265625
08:01:03,91282CKE0,TSRYS5765705,D,S,C,2024-03-25,1000000.00,4.350087,99.72265625
08:01:03,91282CKE0,TSRYS5765705,D,S,D,2024-03-25,1000000.00,4.348668,99.7265625
08:01:03,91282CKE0,TSRYS5765705,D,S,D,2024-03-25,3000000.00,4.348668,99.7265625
08:01:03,91282CKE0,TSRYS5765705,D,S,D,2024-03-25,3000000.00,4.351505,99.71875
08:01:03,91282CKE0,TSRYS5765705,D,B,C,2024-03-25,3000000.00,4.351505,99.71875
08:01:03,91282CKE0,TSRYS5765705,D,B,C,2024-03-25,1000000.00,4.351505,99.71875
08:01:03,91282CKE0,TSRYS5765705,D,S,D,2024-03-25,1000000.00,4.351505,99.71875
08:01:03,91282CKE0,TSRYS5765705,D,S,C,2024-03-25,1000000.00,4.351505,99.71875
08:01:03,91282CKE0,TSRYS5765705,D,S,C,2024-03-25,1000000.00,4.352214,99.716796875
08:01:03,91282CKE0,TSRYS5765705,D,B,C,2024-03-25,1000000.00,4.352214,99.716796875
08:01:03,91282CKE0,TSRYS5765705,D,S,D,2024-03-25,1000000.00,4.351505,99.71875
08:01:03,91282CKE0,TSRYS5765705,D,S,T,2024-03-25,1000000.00,4.389829,99.61328125
08:01:03,91282CKE0,TSRYS5765705,D,S,T,2024-03-25,1000000.00,4.390539,99.611328125
08:01:03,91282CKE0,TSRYS5765705,D,S,C,2024-03-25,1000000.00,4.367822,99.673828125
08:01:03,91282CKE0,TSRYS5765705,D,B,C,2024-03-25,1000000.00,4.367822,99.673828125
08:01:03,91282CKE0,TSRYS5765705,D,S,C,2024-03-25,1000000.00,4.367822,99.673828125
08:01:03,91282CKE0,TSRYS5765705,D,S,D,2024-03-25,1000000.00,4.367113,99.67578125
08:01:04,91282CKE0,TSRYS5765705,D,B,C,2024-03-25,1000000.00,4.369951,99.66796875
08:01:04,91282CKE0,TSRYS5765705,D,S,D,2024-03-25,1000000.00,4.369951,99.66796875
08:01:04,91282CKE0,TSRYS5765705,D,S,C,2024-03-25,1000000.00,4.369951,99.66796875
08:01:04,91282CKE0,TSRYS5765705,D,B,C,2024-03-25,1000000.00,4.369951,99.66796875
08:01:04,91282CKE0,TSRYS5765705,D,S,C,2024-03-25,1000000.00,4.368532,99.671875
08:01:04,91282CKE0,TSRYS5765705,D,B,C,2024-03-25,1000000.00,4.368532,99.671875
08:01:04,91282CKE0,TSRYS5765705,D,B,C,2024-03-25,1000000.00,4.369242,99.669921875
08:01:04,91282CKE0,TSRYS5765705,D,S,C,2024-03-25,1000000.00,4.369242,99.669921875
08:01:04,91282CKE0,TSRYS5765705,D,S,C,2024-03-25,1000000.00,4.369242,99.669921875
08:01:04,91282CKE0,TSRYS5765705,D,B,C,2024-03-25,1000000.00,4.369242,99.669921875
08:01:04,91282CKE0,TSRYS5765705,D,S,C,2024-03-25,1000000.00,4.371371,99.6640625
08:01:04,91282CKE0,TSRYS5765705,D,B,C,2024-03-25,1000000.00,4.371371,99.6640625
08:01:04,91282CKE0,TSRYS5765705,D,S,D,2024-03-25,1000000.00,4.368532,99.671875
08:01:04,91282CKE0,TSRYS5765705,D,S,D,2024-03-25,3000000.00,4.368532,99.671875
08:01:04,91282CKE0,TSRYS5765705,D,S,T,2024-03-25,2000000.00,4.385568,99.625
08:01:04,91282CKE0,TSRYS5765705,D,S,T,2024-03-25,2000000.00,4.385568,99.625
08:01:04,91282CKE0,TSRYS5765705,D,S,T,2024-03-25,2000000.00,4.385568,99.625
08:01:04,91282CKE0,TSRYS5765705,D,S,C,2024-03-25,1000000.00,4.367113,99.67578125
08:01:04,91282CKE0,TSRYS5765705,D,B,C,2024-03-25,1000000.00,4.367113,99.67578125
08:01:04,91282CKE0,TSRYS5765705,D,S,T,2024-03-25,1000000.00,4.384895,99.626853125
08:01:04,91282CKE0,TSRYS5765705,D,S,T,2024-03-25,2000000.00,4.39267,99.60546875
08:01:04,91282CKE0,TSRYS5765705,D,S,T,2024-03-25,1000000.00,4.389155,99.615134375
08:01:04,91282CKE0,TSRYS5765705,D,S,T,2024-03-25,1000000.00,4.398389,99.58974175
08:01:04,91282CKE0,TSRYS5765705,D,S,T,2024-03-25,1000000.00,4.398389,99.58974175
08:01:04,91282CKE0,TSRYS5765705,D,S,D,2024-03-25,1000000.00,4.367822,99.673828125
08:01:04,91282CKE0,TSRYS5765705,D,B,C,2024-03-25,1000000.00,4.367822,99.673828125
08:01:04,91282CKE0,TSRYS5765705,D,S,D,2024-03-25,1000000.00,4.364274,99.68359375
08:01:04,91282CKE0,TSRYS5765705,D,B,C,2024-03-25,1000000.00,4.364274,99.68359375
08:01:04,91282CKE0,TSRYS5765705,D,S,D,2024-03-25,1000000.00,4.364274,99.68359375
08:01:04,91282CKE0,TSRYS5765705,D,B,C,2024-03-25,1000000.00,4.364274,99.68359375
08:01:04,91282CKE0,TSRYS5765705,D,B,C,2024-03-25,1000000.00,4.364274,99.68359375
08:01:04,91282CKE0,TSRYS5765705,D,S,D,2024-03-25,1000000.00,4.364274,99.68359375
08:01:04,91282CKE0,TSRYS5765705,D,S,D,2024-03-25,1000000.00,4.364274,99.68359375
08:01:04,91282CKE0,TSRYS5765705,D,B,C,2024-03-25,1000000.00,4.364274,99.68359375
08:01:04,91282CKE0,TSRYS5765705,D,B,C,2024-03-25,2000000.00,4.364274,99.68359375
08:01:04,91282CKE0,TSRYS5765705,D,S,D,2024-03-25,2000000.00,4.364274,99.68359375
08:01:04,91282CKE0,TSRYS5765705,D,S,D,2024-03-25,1000000.00,4.364984,99.681640625
08:01:05,91282CKE0,TSRYS5765705,D,S,C,2024-03-25,3000000.00,4.369951,99.66796875
08:01:05,91282CKE0,TSRYS5765705,D,B,C,2024-03-25,5000000.00,4.369951,99.66796875
08:01:05,91282CKE0,TSRYS5765705,D,B,C,2024-03-25,1000000.00,4.364984,99.681640625
08:01:05,91282CKE0,TSRYS5765705,D,S,C,2024-03-25,1000000.00,4.364984,99.681640625
08:01:05,91282CKE0,TSRYS5765705,D,B,C,2024-03-25,1000000.00,4.364984,99.681640625
08:01:05,91282CKE0,TSRYS5765705,D,S,D,2024-03-25,1000000.00,4.364984,99.681640625
08:01:05,91282CKE0,TSRYS5765705,D,B,C,2024-03-25,1000000.00,4.364984,99.681640625
08:01:05,91282CKE0,TSRYS5765705,D,S,C,2024-03-25,1000000.00,4.367113,99.67578125
08:01:05,91282CKE0,TSRYS5765705,D,B,C,2024-03-25,1000000.00,4.367113,99.67578125
08:01:05,91282CKE0,TSRYS5765705,D,S,D,2024-03-25,1000000.00,4.367113,99.67578125
08:01:05,91282CKE0,TSRYS5765705,D,B,C,2024-03-25,1000000.00,4.367113,99.67578125
08:01:05,91282CKE0,TSRYS5765705,D,S,D,2024-03-25,1000000.00,4.367113,99.67578125
08:01:05,91282CKE0,TSRYS5765705,D,B,C,2024-03-25,1000000.00,4.367113,99.67578125
08:01:05,91282CKE0,TSRYS5765705,D,S,C,2024-03-25,2000000.00,4.367113,99.67578125
08:01:05,91282CKE0,TSRYS5765705,D,B,C,2024-03-25,2000000.00,4.367113,99.67578125
08:01:05,91282CKE0,TSRYS5765705,D,S,D,2024-03-25,2000000.00,4.367113,99.67578125
08:01:05,91282CKE0,TSRYS5765705,D,B,C,2024-03-25,2000000.00,4.367113,99.67578125
08:01:05,91282CKE0,TSRYS5765705,D,S,C,2024-03-25,5000000.00,4.369951,99.66796875
08:01:05,91282CKE0,TSRYS5765705,D,B,C,2024-03-25,3000000.00,4.369951,99.66796875
08:01:05,91282CKE0,TSRYS5765705,D,S,C,2024-03-25,2000000.00,4.369951,99.66796875
08:01:05,91282CKE0,TSRYS5765705,D,B,C,2024-03-25,2000000.00,4.369951,99.66796875
08:01:05,91282CKE0,TSRYS5765705,D,S,C,2024-03-25,1000000.00,4.368532,99.671875
08:01:05,91282CKE0,TSRYS5765705,D,S,C,2024-03-25,2000000.00,4.368532,99.671875
08:01:05,91282CKE0,TSRYS5765705,D,B,C,2024-03-25,1000000.00,4.368532,99.671875
08:01:05,91282CKE0,TSRYS5765705,D,B,C,2024-03-25,2000000.00,4.368532,99.671875
08:01:05,91282CKE0,TSRYS5765705,D,S,C,2024-03-25,4000000.00,4.368532,99.671875
08:01:05,91282CKE0,TSRYS5765705,D,B,C,2024-03-25,4000000.00,4.368532,99.671875
08:01:05,91282CKE0,TSRYS5765705,D,S,D,2024-03-25,2000000.00,4.368532,99.671875
08:01:05,91282CKE0,TSRYS5765705,D,B,C,2024-03-25,2000000.00,4.368532,99.671875
08:01:05,91282CKE0,TSRYS5765705,D,S,D,2024-03-25,1000000.00,4.368532,99.671875
08:01:05,91282CKE0,TSRYS5765705,D,B,C,2024-03-25,1000000.00,4.368532,99.671875
08:01:05,91282CKE0,TSRYS5765705,D,S,T,2024-03-25,1000000.00,4.385568,99.625
08:01:05,91282CKE0,TSRYS5765705,D,B,C,2024-03-25,1000000.00,4.367822,99.673828125
08:01:05,91282CKE0,TSRYS5765705,D,S,D,2024-03-25,1000000.00,4.367822,99.673828125
08:01:05,91282CKE0,TSRYS5765705,D,B,C,2024-03-25,1000000.00,4.367822,99.673828125
08:01:05,91282CKE0,TSRYS5765705,D,S,D,2024-03-25,1000000.00,4.367822,99.673828125
08:01:05,91282CKE0,TSRYS5765705,D,B,C,2024-03-25,1000000.00,4.367822,99.673828125
08:01:05,91282CKE0,TSRYS5765705,D,S,D,2024-03-25,1000000.00,4.367822,99.673828125
08:01:05,91282CKE0,TSRYS5765705,D,B,C,2024-03-25,1000000.00,4.367822,99.673828125
08:01:05,91282CKE0,TSRYS5765705,D,S,D,2024-03-25,1000000.00,4.367822,99.673828125
08:01:05,91282CKE0,TSRYS5765705,D,B,C,2024-03-25,1000000.00,4.367822,99.673828125
08:01:05,91282CKE0,TSRYS5765705,D,S,D,2024-03-25,1000000.00,4.367822,99.673828125
08:01:05,91282CKE0,TSRYS5765705,D,B,C,2024-03-25,1000000.00,4.367822,99.673828125
08:01:05,91282CKE0,TSRYS5765705,D,S,D,2024-03-25,1000000.00,4.367822,99.673828125
08:01:05,91282CKE0,TSRYS5765705,D,S,C,2024-03-25,2000000.00,4.367822,99.673828125
08:01:05,91282CKE0,TSRYS5765705,D,B,C,2024-03-25,1000000.00,4.367822,99.673828125
08:01:05,91282CKE0,TSRYS5765705,D,B,C,2024-03-25,2000000.00,4.367822,99.673828125
08:01:05,91282CKE0,TSRYS5765705,D,S,C,2024-03-25,1000000.00,4.367822,99.673828125
08:01:05,91282CKE0,TSRYS5765705,D,B,C,2024-03-25,1000000.00,4.367822,99.673828125
08:01:05,91282CKE0,TSRYS5765705,D,S,D,2024-03-25,2000000.00,4.367113,99.67578125
08:01:05,91282CKE0,TSRYS5765705,D,S,C,2024-03-25,1000000.00,4.367822,99.673828125
08:01:05,91282CKE0,TSRYS5765705,D,S,D,2024-03-25,1000000.00,4.367113,99.67578125
08:01:05,91282CKE0,TSRYS5765705,D,S,D,2024-03-25,1000000.00,4.364274,99.68359375
08:01:05,91282CKE0,TSRYS5765705,D,S,D,2024-03-25,1000000.00,4.367822,99.673828125
08:01:05,91282CKE0,TSRYS5765705,D,S,D,2024-03-25,3000000.00,4.385568,99.625
08:01:05,91282CKE0,TSRYS5765705,D,S,D,2024-03-25,1000000.00,4.368532,99.671875
08:01:05,91282CKE0,TSRYS5765705,D,S,D,2024-03-25,1000000.00,4.367822,99.673828125
08:01:05,91282CKE0,TSRYS5765705,D,S,C,2024-03-25,1000000.00,4.370661,99.666015625
08:01:05,91282CKE0,TSRYS5765705,D,S,C,2024-03-25,1000000.00,4.370661,99.666015625
08:01:05,91282CKE0,TSRYS5765705,D,S,C,2024-03-25,1000000.00,4.368532,99.671875
08:01:05,91282CKE0,TSRYS5765705,D,B,C,2024-03-25,1000000.00,4.368532,99.671875
08:01:05,91282CKE0,TSRYS5765705,D,S,C,2024-03-25,2000000.00,4.364274,99.68359375
08:01:05,91282CKE0,TSRYS5765705,D,S,C,2024-03-25,1000000.00,4.368532,99.671875
08:01:05,91282CKE0,TSRYS5765705,D,B,C,2024-03-25,1000000.00,4.368532,99.671875
08:01:05,91282CKE0,TSRYS5765705,D,B,C,2024-03-25,1000000.00,4.369242,99.669921875
08:01:05,91282CKE0,TSRYS5765705,D,S,C,2024-03-25,1000000.00,4.369242,99.669921875
08:01:05,91282CKE0,TSRYS5765705,D,S,D,2024-03-25,2000000.00,4.369242,99.669921875
08:01:05,91282CKE0,TSRYS5765705,D,S,C,2024-03-25,1000000.00,4.369242,99.669921875
08:01:05,91282CKE0,TSRYS5765705,D,S,C,2024-03-25,1000000.00,4.369951,99.66796875
08:01:05,91282CKE0,TSRYS5765705,D,S,D,2024-03-25,2000000.00,4.369951,99.66796875
08:01:05,91282CKE0,TSRYS5765705,D,S,C,2024-03-25,1000000.00,4.369951,99.66796875
08:01:06,91282CKE0,TSRYS5765705,D,S,D,2024-03-25,1000000.00,4.369951,99.66796875
08:01:06,91282CKE0,TSRYS5765705,D,B,C,2024-03-25,1000000.00,4.368532,99.671875
08:01:06,91282CKE0,TSRYS5765705,D,S,C,2024-03-25,1000000.00,4.368532,99.671875
08:01:06,91282CKE0,TSRYS5765705,D,S,D,2024-03-25,2000000.00,4.370661,99.666015625
08:01:06,91282CKE0,TSRYS5765705,D,S,C,2024-03-25,1000000.00,4.370661,99.666015625
08:01:06,91282CKE0,TSRYS5765705,D,B,C,2024-03-25,1000000.00,4.370661,99.666015625
08:01:06,91282CKE0,TSRYS5765705,D,S,C,2024-03-25,1000000.00,4.370661,99.666015625
08:01:06,91282CKE0,TSRYS5765705,D,B,C,2024-03-25,1000000.00,4.370661,99.666015625
08:01:06,91282CKE0,TSRYS5765705,D,S,C,2024-03-25,1000000.00,4.371371,99.6640625
08:01:06,91282CKE0,TSRYS5765705,D,B,C,2024-03-25,1000000.00,4.371371,99.6640625
08:01:06,91282CKE0,TSRYS5765705,D,B,C,2024-03-25,1000000.00,4.371371,99.6640625
08:01:06,91282CKE0,TSRYS5765705,D,S,C,2024-03-25,1000000.00,4.371371,99.6640625
08:01:06,91282CKE0,TSRYS5765705,D,S,D,2024-03-25,1000000.00,4.379888,99.640625
08:01:06,91282CKE0,TSRYS5765705,D,S,C,2024-03-25,1000000.00,4.379179,99.642578125
08:01:06,91282CKE0,TSRYS5765705,D,B,C,2024-03-25,1000000.00,4.379888,99.640625
08:01:06,91282CKE0,TSRYS5765705,D,S,C,2024-03-25,1000000.00,4.380598,99.638671875
08:01:06,91282CKE0,TSRYS5765705,D,B,C,2024-03-25,1000000.00,4.380598,99.638671875
08:01:06,91282CKE0,TSRYS5765705,D,S,C,2024-03-25,1000000.00,4.382018,99.634765625
08:01:06,91282CKE0,TSRYS5765705,D,B,C,2024-03-25,1000000.00,4.382018,99.634765625
08:01:06,91282CKE0,TSRYS5765705,D,B,C,2024-03-25,1000000.00,4.354342,99.7109375
08:01:06,91282CKE0,TSRYS5765705,D,S,D,2024-03-25,1000000.00,4.354342,99.7109375
08:01:06,91282CKE0,TSRYS5765705,D,B,C,2024-03-25,1000000.00,4.354342,99.7109375
08:01:06,91282CKE0,TSRYS5765705,D,S,D,2024-03-25,1000000.00,4.354342,99.7109375
08:01:06,91282CKE0,TSRYS5765705,D,S,C,2024-03-25,1000000.00,4.382018,99.634765625
08:01:06,91282CKE0,TSRYS5765705,D,B,C,2024-03-25,1000000.00,4.382018,99.634765625
08:01:06,91282CKE0,TSRYS5765705,D,B,C,2024-03-25,1000000.00,4.353633,99.712890625
08:01:06,91282CKE0,TSRYS5765705,D,S,D,2024-03-25,1000000.00,4.353633,99.712890625
08:01:06,91282CKE0,TSRYS5765705,D,B,C,2024-03-25,1000000.00,4.353633,99.712890625
08:01:06,91282CKE0,TSRYS5765705,D,S,D,2024-03-25,1000000.00,4.353633,99.712890625
08:01:06,91282CKE0,TSRYS5765705,D,S,D,2024-03-25,1000000.00,4.353633,99.712890625
08:01:06,91282CKE0,TSRYS5765705,D,S,C,2024-03-25,1000000.00,4.382728,99.6328125
08:01:06,91282CKE0,TSRYS5765705,D,B,C,2024-03-25,1000000.00,4.382728,99.6328125
08:01:06,91282CKE0,TSRYS5765705,D,S,C,2024-03-25,1000000.00,4.383438,99.630859375
08:01:06,91282CKE0,TSRYS5765705,D,B,C,2024-03-25,1000000.00,4.383438,99.630859375
08:01:06,91282CKE0,TSRYS5765705,D,B,C,2024-03-25,2000000.00,4.383438,99.630859375
08:01:06,91282CKE0,TSRYS5765705,D,S,C,2024-03-25,2000000.00,4.383438,99.630859375
08:01:06,91282CKE0,TSRYS5765705,D,S,C,2024-03-25,1000000.00,4.383438,99.630859375
08:01:06,91282CKE0,TSRYS5765705,D,B,C,2024-03-25,1000000.00,4.383438,99.630859375
08:01:06,91282CKE0,TSRYS5765705,D,S,D,2024-03-25,1000000.00,4.384148,99.62890625
08:01:06,91282CKE0,TSRYS5765705,D,B,C,2024-03-25,1000000.00,4.384148,99.62890625
08:01:06,91282CKE0,TSRYS5765705,D,S,D,2024-03-25,1000000.00,4.383438,99.630859375
08:01:06,91282CKE0,TSRYS5765705,D,B,C,2024-03-25,1000000.00,4.383438,99.630859375
08:01:06,91282CKE0,TSRYS5765705,D,S,D,2024-03-25,1000000.00,4.384148,99.62890625
08:01:06,91282CKE0,TSRYS5765705,D,B,C,2024-03-25,1000000.00,4.384148,99.62890625
08:01:06,91282CKE0,TSRYS5765705,D,S,D,2024-03-25,1000000.00,4.383438,99.630859375
08:01:06,91282CKE0,TSRYS5765705,D,B,C,2024-03-25,1000000.00,4.385568,99.625
08:01:06,91282CKE0,TSRYS5765705,D,S,D,2024-03-25,1000000.00,4.385568,99.625
08:01:06,91282CKE0,TSRYS5765705,D,S,D,2024-03-25,1000000.00,4.385568,99.625
08:01:06,91282CKE0,TSRYS5765705,D,B,C,2024-03-25,1000000.00,4.385568,99.625
08:01:06,91282CKE0,TSRYS5765705,D,S,D,2024-03-25,1000000.00,4.385568,99.625
08:01:06,91282CKE0,TSRYS5765705,D,B,C,2024-03-25,1000000.00,4.385568,99.625
08:01:06,91282CKE0,TSRYS5765705,D,B,C,2024-03-25,2000000.00,4.385568,99.625
08:01:06,91282CKE0,TSRYS5765705,D,S,D,2024-03-25,2000000.00,4.385568,99.625
08:01:06,91282CKE0,TSRYS5765705,D,B,C,2024-03-25,1000000.00,4.385568,99.625
08:01:06,91282CKE0,TSRYS5765705,D,S,C,2024-03-25,1000000.00,4.385568,99.625
08:01:06,91282CKE0,TSRYS5765705,D,B,C,2024-03-25,1000000.00,4.387699,99.619140625
08:01:06,91282CKE0,TSRYS5765705,D,S,D,2024-03-25,1000000.00,4.387699,99.619140625
08:01:06,91282CKE0,TSRYS5765705,D,S,D,2024-03-25,1000000.00,4.387699,99.619140625
08:01:06,91282CKE0,TSRYS5765705,D,S,D,2024-03-25,1000000.00,4.387699,99.619140625
08:01:06,91282CKE0,TSRYS5765705,D,S,C,2024-03-25,1000000.00,4.386988,99.62109375
08:01:06,91282CKE0,TSRYS5765705,D,B,C,2024-03-25,1000000.00,4.384148,99.62890625
08:01:06,91282CKE0,TSRYS5765705,D,S,D,2024-03-25,1000000.00,4.384148,99.62890625
08:01:06,91282CKE0,TSRYS5765705,D,S,C,2024-03-25,1000000.00,4.386988,99.62109375
08:01:07,91282CKE0,TSRYS5765705,D,S,D,2024-03-25,1000000.00,4.348668,99.7265625
08:01:07,91282CKE0,TSRYS5765705,D,B,C,2024-03-25,1000000.00,4.348668,99.7265625
08:01:11,91282CKE0,TSRYS5765705,D,S,C,2024-03-25,1000000.00,4.349377,99.724609375
08:01:11,91282CKE0,TSRYS5765705,D,S,D,2024-03-25,1000000.00,4.349377,99.724609375
08:01:11,91282CKE0,TSRYS5765705,D,S,D,2024-03-25,1000000.00,4.350087,99.72265625
08:01:11,91282CKE0,TSRYS5765705,D,B,C,2024-03-25,1000000.00,4.350087,99.72245625
08:01:12,91282CKE0,TSRYS5765705,D,S,A,2024-03-25,7850000.00,4.431046,99.5
08:01:12,91282CKE0,TSRYS5765705,D,S,D,2024-03-25,1000000.00,4.350796,99.720703125
08:01:13,91282CKE0,TSRYS5765705,D,S,A,2024-03-25,1000000.00,4.399718,99.5860875
08:01:13,91282CKE0,TSRYS5765705,D,S,D,2024-03-25,7850000.00,4.431046,99.5
08:01:13,91282CKE0,TSRYS5765705,D,S,A,2024-03-25,1000000.00,4.399718,99.5860895
08:01:13,91282CKE0,TSRYS5765705,D,S,A,2024-03-25,1000000.00,4.399718,99.5860895
08:01:13,91282CKE0,TSRYS5765705,D,S,A,2024-03-25,1000000.00,4.399718,99.5860895
08:01:13,91282CKE0,TSRYS5765705,D,S,A,2024-03-25,5000000.00,4.399718,99.5860895
08:01:13,91282CKE0,TSRYS5765705,D,S,A,2024-03-25,1000000.00,4.399718,99.5860895
08:01:13,91282CKE0,TSRYS5765705,D,S,A,2024-03-25,1000000.00,4.399718,99.5860895
08:01:13,91282CKE0,TSRYS5765705,D,S,T,2024-03-25,1000000.00,4.368568,99.671775
08:01:13,91282CKE0,TSRYS5765705,D,B,A,2024-03-25,1000000.00,4.368532,99.671875
08:01:13,91282CKE0,TSRYS5765705,D,B,C,2024-03-25,17800000.00,4.396992,99.593582
08:01:14,91282CKE0,TSRYS5765705,D,S,C,2024-03-25,10000.00,4.392219,99.606709
08:01:15,91282CKE0,TSRYS5765705,D,B,C,2024-03-25,1000000.00,4.391249,99.609375
08:01:15,91282CKE0,TSRYS5765705,D,B,C,2024-03-25,4000000.00,4.391249,99.609375
08:01:15,91282CKE0,TSRYS5765705,D,S,D,2024-03-25,4000000.00,4.391249,99.609375
08:01:15,91282CKE0,TSRYS5765705,D,S,D,2024-03-25,1000000.00,4.391249,99.609375
08:01:15,91282CKE0,TSRYS5765705,D,B,C,2024-03-25,1000000.00,4.39196,99.607421875
08:01:15,91282CKE0,TSRYS5765705,D,S,C,2024-03-25,1000000.00,4.39196,99.607421875
08:01:15,91282CKE0,TSRYS5765705,D,S,C,2024-03-25,1000000.00,4.39196,99.607421875
08:01:15,91282CKE0,TSRYS5765705,D,B,C,2024-03-25,1000000.00,4.39196,99.607421875
08:01:15,91282CKE0,TSRYS5765705,D,B,C,2024-03-25,1000000.00,4.39196,99.607421875
08:01:15,91282CKE0,TSRYS5765705,D,S,C,2024-03-25,1000000.00,4.39196,99.607421875
08:01:15,91282CKE0,TSRYS5765705,D,S,D,2024-03-25,2000000.00,4.367113,99.67578125
08:01:15,91282CKE0,TSRYS5765705,D,S,D,2024-03-25,1000000.00,4.367113,99.67578125
08:01:15,91282CKE0,TSRYS5765705,D,S,D,2024-03-25,1000000.00,4.364274,99.68359375
08:01:15,91282CKE0,TSRYS5765705,D,S,D,2024-03-25,2000000.00,4.364274,99.68359375
08:01:16,91282CKE0,TSRYS5765705,D,S,D,2024-03-25,1000000.00,4.396931,99.59375
08:01:16,91282CKE0,TSRYS5765705,D,B,C,2024-03-25,1000000.00,4.396221,99.595703125
08:01:16,91282CKE0,TSRYS5765705,D,S,D,2024-03-25,1000000.00,4.396221,99.595703125
08:01:16,91282CKE0,TSRYS5765705,D,S,C,2024-03-25,1000000.00,4.396931,99.59375
08:01:16,91282CKE0,TSRYS5765705,D,B,C,2024-03-25,1000000.00,4.396931,99.59375
08:01:16,91282CKE0,TSRYS5765705,D,S,D,2024-03-25,4000000.00,4.368278,99.672575
08:01:16,91282CKE0,TSRYS5765705,D,S,C,2024-03-25,2000000.00,4.368869,99.670946
08:01:16,91282CKE0,TSRYS5765705,D,B,C,2024-03-25,1000000.00,4.399062,99.587890625
08:01:16,91282CKE0,TSRYS5765705,D,S,C,2024-03-25,1000000.00,4.399062,99.587890625
08:01:16,91282CKE0,TSRYS5765705,D,S,D,2024-03-25,1000000.00,4.399773,99.5859375
08:01:16,91282CKE0,TSRYS5765705,D,B,C,2024-03-25,1000000.00,4.400483,99.583984375
08:01:16,91282CKE0,TSRYS5765705,D,S,D,2024-03-25,1000000.00,4.400483,99.583984375
08:01:16,91282CKE0,TSRYS5765705,D,B,C,2024-03-25,1000000.00,4.400483,99.583984375
08:01:16,91282CKE0,TSRYS5765705,D,S,D,2024-03-25,1000000.00,4.400483,99.583984375
08:01:16,91282CKE0,TSRYS5765705,D,B,C,2024-03-25,1000000.00,4.400483,99.583984375
08:01:16,91282CKE0,TSRYS5765705,D,S,D,2024-03-25,1000000.00,4.400483,99.583984375
08:01:17,91282CKE0,TSRYS5765705,D,S,C,2024-03-25,1000000.00,4.398352,99.58984375
08:01:17,91282CKE0,TSRYS5765705,D,B,C,2024-03-25,1000000.00,4.398352,99.58984375
08:01:17,91282CKE0,TSRYS5765705,D,B,C,2024-03-25,1000000.00,4.398352,99.58984375
08:01:17,91282CKE0,TSRYS5765705,D,B,C,2024-03-25,1000000.00,4.398352,99.58984375
08:01:17,91282CKE0,TSRYS5765705,D,S,D,2024-03-25,1000000.00,4.398352,99.58984375
08:01:17,91282CKE0,TSRYS5765705,D,S,D,2024-03-25,1000000.00,4.398352,99.58984375
08:01:17,91282CKE0,TSRYS5765705,D,S,C,2024-03-25,1000000.00,4.396931,99.59375
08:01:20,91282CKE0,TSRYS5765705,D,B,C,2024-03-25,1000000.00,4.352924,99.71484375
08:01:20,91282CKE0,TSRYS5765705,D,S,C,2024-03-25,1000000.00,4.352924,99.71484375
08:01:20,91282CKE0,TSRYS5765705,D,S,C,2024-03-25,1000000.00,4.353633,99.712890625
08:01:20,91282CKE0,TSRYS5765705,D,S,D,2024-03-25,11000000.00,4.387259,99.62035
08:01:21,91282CKE0,TSRYS5765705,D,S,T,2024-03-25,1000000.00,4.398352,99.58984375
08:01:21,91282CKE0,TSRYS5765705,D,S,T,2024-03-25,1000000.00,4.398352,99.58984375
08:01:21,91282CKE0,TSRYS5765705,D,S,C,2024-03-25,1000000.00,4.362146,99.689453125
08:01:21,91282CKE0,TSRYS5765705,D,B,C,2024-03-25,1000000.00,4.362146,99.689253125
08:01:21,91282CKE0,TSRYS5765705,D,S,C,2024-03-25,1000000.00,4.362146,99.689453125
08:01:21,91282CKE0,TSRYS5765705,D,B,C,2024-03-25,1000000.00,4.362146,99.689253125
08:01:21,91282CKE0,TSRYS5765705,D,S,D,2024-03-25,1000000.00,4.362855,99.6875
08:01:21,91282CKE0,TSRYS5765705,D,B,C,2024-03-25,1000000.00,4.362855,99.6873
08:01:21,91282CKE0,TSRYS5765705,D,S,C,2024-03-25,1000000.00,4.363565,99.685546875
08:01:21,91282CKE0,TSRYS5765705,D,B,C,2024-03-25,1000000.00,4.363565,99.685346875
08:01:21,91282CKE0,TSRYS5765705,D,S,D,2024-03-25,1000000.00,4.363565,99.685546875
08:01:21,91282CKE0,TSRYS5765705,D,B,C,2024-03-25,1000000.00,4.363565,99.685346875
08:01:21,91282CKE0,TSRYS5765705,D,S,C,2024-03-25,1000000.00,4.363565,99.685721875
08:01:21,91282CKE0,TSRYS5765705,D,B,C,2024-03-25,1000000.00,4.363565,99.685346875
08:01:22,91282CKE0,TSRYS5765705,D,S,C,2024-03-25,1000000.00,4.364274,99.68359375
08:01:22,91282CKE0,TSRYS5765705,D,B,C,2024-03-25,1000000.00,4.364274,99.68344375
08:01:22,91282CKE0,TSRYS5765705,D,S,C,2024-03-25,1000000.00,4.362855,99.6875
08:01:23,91282CKE0,TSRYS5765705,D,B,C,2024-03-25,1000000.00,4.362855,99.6875
08:01:23,91282CKE0,TSRYS5765705,D,S,C,2024-03-25,1000000.00,4.362855,99.6875
08:01:23,91282CKE0,TSRYS5765705,D,B,C,2024-03-25,1000000.00,4.362855,99.6875
08:01:23,91282CKE0,TSRYS5765705,D,S,D,2024-03-25,3000000.00,4.389393,99.61448
08:01:24,91282CKE0,TSRYS5765705,D,S,D,2024-03-25,8000000.00,4.39656,99.59477
08:01:24,91282CKE0,TSRYS5765705,D,S,C,2024-03-25,1000000.00,4.367113,99.67595625
08:01:24,91282CKE0,TSRYS5765705,D,S,C,2024-03-25,1000000.00,4.367113,99.67578125
08:01:24,91282CKE0,TSRYS5765705,D,S,C,2024-03-25,1000000.00,4.367113,99.67578125
08:01:25,91282CKE0,TSRYS5765705,D,S,T,2024-03-25,2000000.00,4.367149,99.67568125
08:01:25,91282CKE0,TSRYS5765705,D,S,T,2024-03-25,1000000.00,4.364311,99.68349375
08:01:25,91282CKE0,TSRYS5765705,D,S,T,2024-03-25,1000000.00,4.364311,99.68349375
08:01:25,91282CKE0,TSRYS5765705,D,S,T,2024-03-25,1000000.00,4.364311,99.68349375
08:01:25,91282CKE0,TSRYS5765705,D,S,T,2024-03-25,1000000.00,4.364311,99.68349375
08:01:25,91282CKE0,TSRYS5765705,D,S,T,2024-03-25,2000000.00,4.364311,99.68349375
08:01:25,91282CKE0,TSRYS5765705,D,S,T,2024-03-25,1000000.00,4.364311,99.68349375
08:01:25,91282CKE0,TSRYS5765705,D,S,T,2024-03-25,1000000.00,4.364311,99.68349375
08:01:25,91282CKE0,TSRYS5765705,D,B,C,2024-03-25,1000000.00,4.366403,99.677734375
08:01:25,91282CKE0,TSRYS5765705,D,S,C,2024-03-25,1000000.00,4.366403,99.677734375
08:01:25,91282CKE0,TSRYS5765705,D,S,C,2024-03-25,1000000.00,4.367822,99.673828125
08:01:25,91282CKE0,TSRYS5765705,D,S,T,2024-03-25,1000000.00,4.396968,99.59365
08:01:25,91282CKE0,TSRYS5765705,D,S,T,2024-03-25,1000000.00,4.367176,99.67560625
08:01:25,91282CKE0,TSRYS5765705,D,S,T,2024-03-25,2000000.00,4.364338,99.68341875
08:01:25,91282CKE0,TSRYS5765705,D,S,C,2024-03-25,1000000.00,4.367822,99.673828125
08:01:26,91282CKE0,TSRYS5765705,D,S,T,2024-03-25,3000000.00,4.367194,99.67555625
08:01:26,91282CKE0,TSRYS5765705,D,S,T,2024-03-25,2000000.00,4.364356,99.68336875
08:01:26,91282CKE0,TSRYS5765705,D,S,T,2024-03-25,1000000.00,4.364356,99.68336875
08:01:26,91282CKE0,TSRYS5765705,D,S,T,2024-03-25,1000000.00,4.364356,99.68336875
08:01:26,91282CKE0,TSRYS5765705,D,S,T,2024-03-25,1000000.00,4.364356,99.68336875
08:01:26,91282CKE0,TSRYS5765705,D,S,T,2024-03-25,1000000.00,4.364356,99.68336875
08:01:26,91282CKE0,TSRYS5765705,D,B,C,2024-03-25,1000000.00,4.367113,99.67578125
08:01:26,91282CKE0,TSRYS5765705,D,S,C,2024-03-25,1000000.00,4.367113,99.67578125
08:01:30,91282CKE0,TSRYS5765705,D,B,C,2024-03-25,1000000.00,4.370661,99.666015625
08:01:30,91282CKE0,TSRYS5765705,D,S,D,2024-03-25,1000000.00,4.370661,99.666015625
08:01:31,91282CKE0,TSRYS5765705,D,S,T,2024-03-25,1000000.00,4.396931,99.59375
08:01:31,91282CKE0,TSRYS5765705,D,B,C,2024-03-25,2000000.00,4.370661,99.666015625
08:01:31,91282CKE0,TSRYS5765705,D,S,D,2024-03-25,2000000.00,4.370661,99.666015625
08:01:31,91282CKE0,TSRYS5765705,D,B,C,2024-03-25,1000000.00,4.371371,99.6640625
08:01:31,91282CKE0,TSRYS5765705,D,S,D,2024-03-25,1000000.00,4.371371,99.6640625
08:01:31,91282CKE0,TSRYS5765705,D,B,C,2024-03-25,1000000.00,4.371371,99.6640625
08:01:31,91282CKE0,TSRYS5765705,D,S,D,2024-03-25,1000000.00,4.371371,99.6640625
08:01:31,91282CKE0,TSRYS5765705,D,B,C,2024-03-25,1000000.00,4.384858,99.62695312
08:01:31,91282CKE0,TSRYS5765705,D,B,C,2024-03-25,2000000.00,4.385568,99.625
08:01:31,91282CKE0,TSRYS5765705,D,B,C,2024-03-25,1000000.00,4.385568,99.625
08:01:32,91282CKE0,TSRYS5765705,D,B,C,2024-03-25,2000000.00,4.385568,99.625
08:01:32,91282CKE0,TSRYS5765705,D,S,C,2024-03-25,54000000.00,4.385172,99.62609
08:01:33,91282CKE0,TSRYS5765705,D,B,C,2024-03-25,1000000.00,4.384148,99.62890625
08:01:33,91282CKE0,TSRYS5765705,D,B,C,2024-03-25,1000000.00,4.384148,99.62890625
08:01:33,91282CKE0,TSRYS5765705,D,B,C,2024-03-25,1000000.00,4.384148,99.62890625
08:01:33,91282CKE0,TSRYS5765705,D,B,C,2024-03-25,1000000.00,4.384148,99.62890625
08:01:33,91282CKE0,TSRYS5765705,D,B,C,2024-03-25,1000000.00,4.384148,99.62890625
08:01:34,91282CKE0,TSRYS5765705,D,S,D,2024-03-25,9000000.00,4.384521,99.62788
08:01:34,91282CKE0,TSRYS5765705,D,S,D,2024-03-25,1000000.00,4.369951,99.66796875
08:01:35,91282CKE0,TSRYS5765705,D,S,D,2024-03-25,3000000.00,4.389393,99.61448
08:01:36,91282CKE0,TSRYS5765705,D,B,C,2024-03-25,1000000.00,4.369951,99.66796875
08:01:36,91282CKE0,TSRYS5765705,D,S,D,2024-03-25,1000000.00,4.369951,99.66796875
08:01:36,91282CKE0,TSRYS5765705,D,S,T,2024-03-25,1000000.00,4.396931,99.59375
08:01:37,91282CKE0,TSRYS5765705,D,B,C,2024-03-25,1000000.00,4.397642,99.59179687
08:01:38,91282CKE0,TSRYS5765705,D,S,D,2024-03-25,8000000.00,4.39656,99.59477
08:01:38,91282CKE0,TSRYS5765705,D,S,T,2024-03-25,1000000.00,4.382774,99.6326875
08:01:38,91282CKE0,TSRYS5765705,D,S,T,2024-03-25,2000000.00,4.382774,99.6326875
08:01:38,91282CKE0,TSRYS5765705,D,S,T,2024-03-25,1000000.00,4.382774,99.6326875
08:01:38,91282CKE0,TSRYS5765705,D,S,T,2024-03-25,1000000.00,4.382728,99.6328125
08:01:38,91282CKE0,TSRYS5765705,D,S,T,2024-03-25,2000000.00,4.382774,99.6326875
08:01:38,91282CKE0,TSRYS5765705,D,S,T,2024-03-25,2000000.00,4.382774,99.6326875
08:01:38,91282CKE0,TSRYS5765705,D,S,T,2024-03-25,1000000.00,4.382728,99.6328125
08:01:38,91282CKE0,TSRYS5765705,D,S,T,2024-03-25,1000000.00,4.382728,99.6328125
08:01:38,91282CKE0,TSRYS5765705,D,S,T,2024-03-25,1000000.00,4.382728,99.6328125
08:01:38,91282CKE0,TSRYS5765705,D,S,T,2024-03-25,1000000.00,4.382728,99.6328125
08:01:38,91282CKE0,TSRYS5765705,D,S,T,2024-03-25,2000000.00,4.382728,99.6328125
08:01:39,91282CKE0,TSRYS5765705,D,S,D,2024-03-25,1000000.00,4.365693,99.6796875
08:01:39,91282CKE0,TSRYS5765705,D,B,C,2024-03-25,1000000.00,4.365693,99.6796875
08:01:39,91282CKE0,TSRYS5765705,D,S,D,2024-03-25,1000000.00,4.365693,99.6796875
08:01:39,91282CKE0,TSRYS5765705,D,B,C,2024-03-25,1000000.00,4.365693,99.6796875
08:01:39,91282CKE0,TSRYS5765705,D,S,T,2024-03-25,1000000.00,4.382774,99.6326875
08:01:39,91282CKE0,TSRYS5765705,D,S,T,2024-03-25,1000000.00,4.382728,99.6328125
08:01:39,91282CKE0,TSRYS5765705,D,S,T,2024-03-25,1000000.00,4.382728,99.6328125
08:01:39,91282CKE0,TSRYS5765705,D,S,T,2024-03-25,1000000.00,4.382774,99.6326875
08:01:40,91282CKE0,TSRYS5765705,D,S,T,2024-03-25,1000000.00,4.382774,99.6326875
08:01:40,91282CKE0,TSRYS5765705,D,S,T,2024-03-25,2000000.00,4.382774,99.6326875
08:01:40,91282CKE0,TSRYS5765705,D,S,T,2024-03-25,1000000.00,4.364274,99.68359375
08:01:40,91282CKE0,TSRYS5765705,D,S,T,2024-03-25,1000000.00,4.382774,99.6326875
08:01:40,91282CKE0,TSRYS5765705,D,S,T,2024-03-25,1000000.00,4.382774,99.6326875
08:01:40,91282CKE0,TSRYS5765705,D,B,C,2024-03-25,1000000.00,4.365693,99.6796875
08:01:40,91282CKE0,TSRYS5765705,D,S,D,2024-03-25,1000000.00,4.365693,99.6796875
08:01:40,91282CKE0,TSRYS5765705,D,B,C,2024-03-25,1000000.00,4.365693,99.6796875
08:01:40,91282CKE0,TSRYS5765705,D,S,D,2024-03-25,1000000.00,4.365693,99.6796875
08:01:40,91282CKE0,TSRYS5765705,D,B,C,2024-03-25,1000000.00,4.364984,99.681640625
08:01:40,91282CKE0,TSRYS5765705,D,S,D,2024-03-25,1000000.00,4.364984,99.681640625
08:01:40,91282CKE0,TSRYS5765705,D,S,D,2024-03-25,1000000.00,4.364984,99.681640625
08:01:40,91282CKE0,TSRYS5765705,D,B,C,2024-03-25,1000000.00,4.364984,99.681640625
08:01:40,91282CKE0,TSRYS5765705,D,S,D,2024-03-25,1000000.00,4.364984,99.681640625
08:01:44,91282CKE0,TSRYS5765705,D,S,C,2024-03-25,1000000.00,4.365693,99.6798875
08:01:44,91282CKE0,TSRYS5765705,D,B,C,2024-03-25,1000000.00,4.364984,99.681640625
08:01:44,91282CKE0,TSRYS5765705,D,S,D,2024-03-25,1000000.00,4.364984,99.681640625
08:01:45,91282CKE0,TSRYS5765705,D,S,T,2024-03-25,1000000.00,4.367113,99.67578125
08:01:47,91282CKE0,TSRYS5765705,D,S,T,2024-03-25,1000000.00,4.367113,99.67578125
08:01:48,91282CKE0,TSRYS5765705,D,S,T,2024-03-25,1000000.00,4.369951,99.66796875
08:01:48,91282CKE0,TSRYS5765705,D,S,T,2024-03-25,1000000.00,4.368532,99.671875
08:01:48,91282CKE0,TSRYS5765705,D,S,T,2024-03-25,1000000.00,4.368532,99.671875
08:01:48,91282CKE0,TSRYS5765705,D,S,T,2024-03-25,1000000.00,4.364274,99.68359375
08:01:48,91282CKE0,TSRYS5765705,D,S,T,2024-03-25,1000000.00,4.364274,99.68359375
08:01:48,91282CKE0,TSRYS5765705,D,S,T,2024-03-25,1000000.00,4.364274,99.68359375
08:01:48,91282CKE0,TSRYS5765705,D,S,T,2024-03-25,1000000.00,4.364274,99.68359375
08:01:48,91282CKE0,TSRYS5765705,D,S,T,2024-03-25,1000000.00,4.368532,99.671875
08:01:48,91282CKE0,TSRYS5765705,D,S,T,2024-03-25,1000000.00,4.364274,99.68359375
08:01:48,91282CKE0,TSRYS5765705,D,S,T,2024-03-25,1000000.00,4.364274,99.68359375
08:01:49,91282CKE0,TSRYS5765705,D,S,T,2024-03-25,1000000.00,4.365693,99.6796875
08:01:49,91282CKE0,TSRYS5765705,D,S,T,2024-03-25,1000000.00,4.365693,99.6796875
08:01:49,91282CKE0,TSRYS5765705,D,S,T,2024-03-25,2000000.00,4.365693,99.6796875
08:01:49,91282CKE0,TSRYS5765705,D,S,T,2024-03-25,1000000.00,4.364274,99.68359375
08:01:49,91282CKE0,TSRYS5765705,D,S,T,2024-03-25,1000000.00,4.364274,99.68359375
08:01:51,91282CKE0,TSRYS5765705,D,S,C,2024-03-25,1000000.00,4.364984,99.681640625
08:01:51,91282CKE0,TSRYS5765705,D,B,C,2024-03-25,1000000.00,4.364984,99.681440625
08:01:51,91282CKE0,TSRYS5765705,D,S,C,2024-03-25,1000000.00,4.364984,99.681640625
08:01:51,91282CKE0,TSRYS5765705,D,B,C,2024-03-25,1000000.00,4.364984,99.681440625
08:01:52,91282CKE0,TSRYS5765705,D,S,D,2024-03-25,9000000.00,4.367294,99.6752813
08:01:52,91282CKE0,TSRYS5765705,D,S,D,2024-03-25,20000000.00,4.364456,99.6830938
08:01:52,91282CKE0,TSRYS5765705,D,S,C,2024-03-25,50000000.00,4.385866,99.62418
08:01:52,91282CKE0,TSRYS5765705,D,S,D,2024-03-25,1000000.00,4.367113,99.67578125
08:01:52,91282CKE0,TSRYS5765705,D,B,C,2024-03-25,1000000.00,4.367113,99.67558125
08:01:52,91282CKE0,TSRYS5765705,D,B,C,2024-03-25,1000000.00,4.367113,99.67563125
08:01:53,91282CKE0,TSRYS5765705,D,S,T,2024-03-25,1000000.00,4.371371,99.6640625
08:01:53,91282CKE0,TSRYS5765705,D,S,C,2024-03-25,1000000.00,4.367113,99.67578125
08:01:53,91282CKE0,TSRYS5765705,D,S,D,2024-03-25,1000000.00,4.368532,99.671875
08:01:53,91282CKE0,TSRYS5765705,D,B,C,2024-03-25,1000000.00,4.368532,99.671875
08:01:53,91282CKE0,TSRYS5765705,D,S,C,2024-03-25,1000000.00,4.368532,99.67205
08:01:53,91282CKE0,TSRYS5765705,D,B,C,2024-03-25,1000000.00,4.368532,99.671875
08:01:53,91282CKE0,TSRYS5765705,D,S,D,2024-03-25,1000000.00,4.368532,99.671875
08:01:53,91282CKE0,TSRYS5765705,D,B,C,2024-03-25,1000000.00,4.368532,99.671675
08:01:53,91282CKE0,TSRYS5765705,D,S,D,2024-03-25,1000000.00,4.368532,99.671875
08:01:53,91282CKE0,TSRYS5765705,D,B,C,2024-03-25,1000000.00,4.368532,99.671875
08:01:53,91282CKE0,TSRYS5765705,D,S,D,2024-03-25,1000000.00,4.368532,99.671875
08:01:53,91282CKE0,TSRYS5765705,D,B,C,2024-03-25,1000000.00,4.368532,99.671875
08:01:53,91282CKE0,TSRYS5765705,D,S,T,2024-03-25,1000000.00,4.367113,99.67578125
08:01:55,91282CKE0,TSRYS5765705,D,S,D,2024-03-25,500000.00,4.367113,99.67578125
08:01:55,91282CKE0,TSRYS5765705,D,S,T,2024-03-25,1000000.00,4.365693,99.6796875
08:01:57,91282CKE0,TSRYS5765705,D,S,T,2024-03-25,1000000.00,4.364274,99.68359375
08:01:58,91282CKE0,TSRYS5765705,D,S,T,2024-03-25,2000000.00,4.397642,99.591796875
08:01:59,91282CKE0,TSRYS5765705,D,S,D,2024-03-25,1000000.00,4.367113,99.67578125
08:01:59,91282CKE0,TSRYS5765705,D,B,C,2024-03-25,25000000.00,4.388409,99.6171875
08:02:00,91282CKE0,TSRYS5765705,D,S,T,2024-03-25,1000000.00,4.369951,99.66796875
08:02:00,91282CKE0,TSRYS5765705,D,S,C,2024-03-25,1000000.00,4.364274,99.68359375
08:02:00,91282CKE0,TSRYS5765705,D,S,T,2024-03-25,1000000.00,4.385568,99.625
08:02:01,91282CKE0,TSRYS5765705,D,S,T,2024-03-25,1000000.00,4.367113,99.67578125
08:02:02,91282CKE0,TSRYS5765705,D,S,A,2024-03-25,3000000.00,4.368532,99.671875
08:02:02,91282CKE0,TSRYS5765705,D,S,T,2024-03-25,1000000.00,4.36573,99.6795875
08:02:02,91282CKE0,TSRYS5765705,D,S,T,2024-03-25,1000000.00,4.36502,99.681540625
08:02:02,91282CKE0,TSRYS5765705,D,S,T,2024-03-25,1000000.00,4.36502,99.681540625
08:02:02,91282CKE0,TSRYS5765705,D,S,T,2024-03-25,1000000.00,4.36502,99.681540625
08:02:02,91282CKE0,TSRYS5765705,D,S,T,2024-03-25,2000000.00,4.36502,99.681540625
08:02:02,91282CKE0,TSRYS5765705,D,S,T,2024-03-25,1000000.00,4.36502,99.681540625
08:02:02,91282CKE0,TSRYS5765705,D,S,T,2024-03-25,1000000.00,4.36573,99.6795875
08:02:02,91282CKE0,TSRYS5765705,D,S,T,2024-03-25,1000000.00,4.36573,99.6795875
08:02:02,91282CKE0,TSRYS5765705,D,S,T,2024-03-25,3000000.00,4.36573,99.6795875
08:02:02,91282CKE0,TSRYS5765705,D,S,T,2024-03-25,1000000.00,4.36573,99.6795875
08:02:02,91282CKE0,TSRYS5765705,D,S,T,2024-03-25,4000000.00,4.36573,99.6795875
08:02:02,91282CKE0,TSRYS5765705,D,S,T,2024-03-25,1000000.00,4.36573,99.6795875
08:02:02,91282CKE0,TSRYS5765705,D,S,T,2024-03-25,2000000.00,4.36573,99.6795875
08:02:02,91282CKE0,TSRYS5765705,D,S,C,2024-03-25,1000000.00,4.368532,99.671875
08:02:02,91282CKE0,TSRYS5765705,D,S,C,2024-03-25,1000000.00,4.368532,99.671875
08:02:02,91282CKE0,TSRYS5765705,D,S,D,2024-03-25,152000000.00,4.385568,99.625
08:02:03,91282CKE0,TSRYS5765705,D,S,D,2024-03-25,500000.00,4.362855,99.6875
08:02:04,91282CKE0,TSRYS5765705,D,S,A,2024-03-25,1000000.00,4.367113,99.67578125
08:02:05,91282CKE0,TSRYS5765705,D,B,C,2024-03-25,1000000.00,4.367822,99.673828125
08:02:05,91282CKE0,TSRYS5765705,D,S,D,2024-03-25,1000000.00,4.367822,99.673828125
08:02:05,91282CKE0,TSRYS5765705,D,S,T,2024-03-25,2000000.00,4.397642,99.591796875
08:02:05,91282CKE0,TSRYS5765705,D,S,T,2024-03-25,1000000.00,4.397642,99.591796875
08:02:05,91282CKE0,TSRYS5765705,D,S,T,2024-03-25,1000000.00,4.397642,99.591796875
08:02:06,91282CKE0,TSRYS5765705,D,S,T,2024-03-25,1000000.00,4.365693,99.6796875
08:02:07,91282CKE0,TSRYS5765705,D,S,T,2024-03-25,1000000.00,4.398352,99.58984375
08:02:08,91282CKE0,TSRYS5765705,D,B,A,2024-03-25,9140000.00,4.386988,99.62109375
08:02:09,91282CKE0,TSRYS5765705,D,S,A,2024-03-25,5000000.00,4.368532,99.671875
08:02:11,91282CKE0,TSRYS5765705,D,S,A,2024-03-25,5000000.00,4.368532,99.671875
08:02:11,91282CKE0,TSRYS5765705,D,S,A,2024-03-25,6000000.00,4.368532,99.671875
08:02:11,91282CKE0,TSRYS5765705,D,S,A,2024-03-25,9000000.00,4.368532,99.671875
08:02:11,91282CKE0,TSRYS5765705,D,S,A,2024-03-25,9000000.00,4.368532,99.671875
08:02:12,91282CKE0,TSRYS5765705,D,S,D,2024-03-25,1000000.00,4.367113,99.67578125
08:02:12,91282CKE0,TSRYS5765705,D,B,C,2024-03-25,1000000.00,4.367113,99.67578125
08:02:12,91282CKE0,TSRYS5765705,D,S,D,2024-03-25,1000000.00,4.367113,99.67578125
08:02:12,91282CKE0,TSRYS5765705,D,B,C,2024-03-25,14800000.00,4.385568,99.625
08:02:12,91282CKE0,TSRYS5765705,D,S,D,2024-03-25,2000000.00,4.367113,99.67578125
08:02:12,91282CKE0,TSRYS5765705,D,S,D,2024-03-25,2000000.00,4.367113,99.67578125
08:02:12,91282CKE0,TSRYS5765705,D,S,D,2024-03-25,1000000.00,4.367113,99.67578125
08:02:12,91282CKE0,TSRYS5765705,D,S,D,2024-03-25,1000000.00,4.367113,99.67578125
08:02:12,91282CKE0,TSRYS5765705,D,S,D,2024-03-25,1000000.00,4.367113,99.67578125
08:02:12,91282CKE0,TSRYS5765705,D,B,C,2024-03-25,1000000.00,4.367113,99.67578125
08:02:12,91282CKE0,TSRYS5765705,D,S,D,2024-03-25,2000000.00,4.367113,99.67578125
08:02:12,91282CKE0,TSRYS5765705,D,B,C,2024-03-25,2000000.00,4.367113,99.67578125
08:02:12,91282CKE0,TSRYS5765705,D,S,D,2024-03-25,1000000.00,4.367113,99.67578125
08:02:12,91282CKE0,TSRYS5765705,D,S,D,2024-03-25,2000000.00,4.367113,99.67578125
08:02:12,91282CKE0,TSRYS5765705,D,B,C,2024-03-25,1000000.00,4.367113,99.67558125
08:02:12,91282CKE0,TSRYS5765705,D,S,D,2024-03-25,1000000.00,4.367113,99.67578125
08:02:12,91282CKE0,TSRYS5765705,D,B,C,2024-03-25,1000000.00,4.367113,99.67558125
08:02:12,91282CKE0,TSRYS5765705,D,S,D,2024-03-25,1000000.00,4.367113,99.67578125
08:02:12,91282CKE0,TSRYS5765705,D,B,C,2024-03-25,1000000.00,4.367113,99.67578125
08:02:12,91282CKE0,TSRYS5765705,D,S,D,2024-03-25,1000000.00,4.367113,99.67578125
08:02:12,91282CKE0,TSRYS5765705,D,B,C,2024-03-25,1000000.00,4.367113,99.67578125
08:02:12,91282CKE0,TSRYS5765705,D,S,D,2024-03-25,4000000.00,4.367113,99.67578125
08:02:12,91282CKE0,TSRYS5765705,D,S,D,2024-03-25,1000000.00,4.367113,99.67578125
08:02:12,91282CKE0,TSRYS5765705,D,B,C,2024-03-25,1000000.00,4.367113,99.67578125
08:02:12,91282CKE0,TSRYS5765705,D,S,D,2024-03-25,4000000.00,4.367113,99.67578125
08:02:12,91282CKE0,TSRYS5765705,D,S,D,2024-03-25,2000000.00,4.367113,99.67578125
08:02:12,91282CKE0,TSRYS5765705,D,B,C,2024-03-25,2000000.00,4.367113,99.67558125
08:02:12,91282CKE0,TSRYS5765705,D,S,A,2024-03-25,14800000.00,4.385568,99.625
08:02:13,91282CKE0,TSRYS5765705,D,S,D,2024-03-25,1000000.00,4.368532,99.671875
08:02:13,91282CKE0,TSRYS5765705,D,B,C,2024-03-25,1000000.00,4.368532,99.671675
08:02:13,91282CKE0,TSRYS5765705,D,S,D,2024-03-25,3000000.00,4.368532,99.671875
08:02:13,91282CKE0,TSRYS5765705,D,S,D,2024-03-25,1000000.00,4.368532,99.671875
08:02:13,91282CKE0,TSRYS5765705,D,S,D,2024-03-25,2000000.00,4.368532,99.671875
08:02:13,91282CKE0,TSRYS5765705,D,S,D,2024-03-25,3000000.00,4.368532,99.671875
08:02:13,91282CKE0,TSRYS5765705,D,B,C,2024-03-25,1000000.00,4.368532,99.671875
08:02:13,91282CKE0,TSRYS5765705,D,S,D,2024-03-25,1000000.00,4.368532,99.671875
08:02:13,91282CKE0,TSRYS5765705,D,S,D,2024-03-25,3000000.00,4.368532,99.671875
08:02:13,91282CKE0,TSRYS5765705,D,S,D,2024-03-25,2000000.00,4.368532,99.671875
08:02:13,91282CKE0,TSRYS5765705,D,S,C,2024-03-25,1000000.00,4.352924,99.71484375
08:02:13,91282CKE0,TSRYS5765705,D,B,C,2024-03-25,1000000.00,4.35296,99.71474375
08:02:13,91282CKE0,TSRYS5765705,D,S,C,2024-03-25,1000000.00,4.352924,99.71484375
08:02:13,91282CKE0,TSRYS5765705,D,B,C,2024-03-25,1000000.00,4.352924,99.71484375
08:02:13,91282CKE0,TSRYS5765705,D,S,C,2024-03-25,1000000.00,4.352924,99.71484375
08:02:13,91282CKE0,TSRYS5765705,D,B,C,2024-03-25,1000000.00,4.352996,99.71464375
08:02:14,91282CKE0,TSRYS5765705,D,S,C,2024-03-25,1000000.00,4.351469,99.71885
08:02:14,91282CKE0,TSRYS5765705,D,B,C,2024-03-25,1000000.00,4.351505,99.71875
08:02:14,91282CKE0,TSRYS5765705,D,S,C,2024-03-25,1000000.00,4.351505,99.71875
08:02:14,91282CKE0,TSRYS5765705,D,B,C,2024-03-25,1000000.00,4.351505,99.71875
08:02:14,91282CKE0,TSRYS5765705,D,B,C,2024-03-25,1000000.00,4.354342,99.7109375
08:02:14,91282CKE0,TSRYS5765705,D,B,C,2024-03-25,1000000.00,4.354451,99.7106375
08:02:14,91282CKE0,TSRYS5765705,D,S,C,2024-03-25,1000000.00,4.354342,99.7109375
08:02:14,91282CKE0,TSRYS5765705,D,S,C,2024-03-25,1000000.00,4.354342,99.7109375
08:02:14,91282CKE0,TSRYS5765705,D,S,C,2024-03-25,1000000.00,4.35286,99.71501875
08:02:14,91282CKE0,TSRYS5765705,D,S,D,2024-03-25,1000000.00,4.354342,99.7109375
08:02:14,91282CKE0,TSRYS5765705,D,B,C,2024-03-25,2000000.00,4.354451,99.7106375
08:02:14,91282CKE0,TSRYS5765705,D,B,C,2024-03-25,1000000.00,4.352924,99.71484375
08:02:14,91282CKE0,TSRYS5765705,D,S,D,2024-03-25,2000000.00,4.354342,99.7109375
08:02:14,91282CKE0,TSRYS5765705,D,B,C,2024-03-25,1000000.00,4.354342,99.7109375
08:02:14,91282CKE0,TSRYS5765705,D,S,C,2024-03-25,1000000.00,4.35286,99.71501875
08:02:15,91282CKE0,TSRYS5765705,D,B,C,2024-03-25,1000000.00,4.351505,99.71875
08:02:15,91282CKE0,TSRYS5765705,D,S,D,2024-03-25,1000000.00,4.351505,99.71875
08:02:15,91282CKE0,TSRYS5765705,D,B,C,2024-03-25,3000000.00,4.351505,99.71875
08:02:15,91282CKE0,TSRYS5765705,D,S,C,2024-03-25,1000000.00,4.351396,99.71905
08:02:15,91282CKE0,TSRYS5765705,D,B,C,2024-03-25,1000000.00,4.351505,99.71875
08:02:15,91282CKE0,TSRYS5765705,D,B,C,2024-03-25,1000000.00,4.351505,99.71875
08:02:15,91282CKE0,TSRYS5765705,D,S,D,2024-03-25,1000000.00,4.366403,99.677734375
08:02:15,91282CKE0,TSRYS5765705,D,S,C,2024-03-25,1000000.00,4.351505,99.71875
08:02:15,91282CKE0,TSRYS5765705,D,S,C,2024-03-25,3000000.00,4.351396,99.71905
08:02:15,91282CKE0,TSRYS5765705,D,S,D,2024-03-25,1000000.00,4.350087,99.72265625
08:02:15,91282CKE0,TSRYS5765705,D,B,C,2024-03-25,1000000.00,4.350087,99.72265625
08:02:15,91282CKE0,TSRYS5765705,D,S,D,2024-03-25,1000000.00,4.351505,99.71875
08:02:15,91282CKE0,TSRYS5765705,D,B,C,2024-03-25,1000000.00,4.35156,99.7186
08:02:16,91282CKE0,TSRYS5765705,D,B,C,2024-03-25,2000000.00,4.348777,99.7262625
08:02:16,91282CKE0,TSRYS5765705,D,S,C,2024-03-25,2000000.00,4.364274,99.68359375
08:02:16,91282CKE0,TSRYS5765705,D,S,D,2024-03-25,2000000.00,4.348668,99.7265625
08:02:16,91282CKE0,TSRYS5765705,D,B,C,2024-03-25,1000000.00,4.348668,99.7265625
08:02:16,91282CKE0,TSRYS5765705,D,B,C,2024-03-25,1000000.00,4.348668,99.7265625
08:02:16,91282CKE0,TSRYS5765705,D,S,C,2024-03-25,1000000.00,4.348577,99.7268125
08:02:16,91282CKE0,TSRYS5765705,D,S,D,2024-03-25,1000000.00,4.348668,99.7265625
08:02:16,91282CKE0,TSRYS5765705,D,B,C,2024-03-25,1000000.00,4.350196,99.72235625
08:02:16,91282CKE0,TSRYS5765705,D,S,C,2024-03-25,1000000.00,4.350032,99.72280625
08:02:17,91282CKE0,TSRYS5765705,D,B,C,2024-03-25,1000000.00,4.351614,99.71845
08:02:17,91282CKE0,TSRYS5765705,D,S,C,2024-03-25,1000000.00,4.351432,99.71895
08:02:17,91282CKE0,TSRYS5765705,D,B,C,2024-03-25,1000000.00,4.351505,99.71875
08:02:17,91282CKE0,TSRYS5765705,D,S,C,2024-03-25,1000000.00,4.351505,99.71875
08:02:17,91282CKE0,TSRYS5765705,D,B,C,2024-03-25,1000000.00,4.350169,99.72242925
08:02:17,91282CKE0,TSRYS5765705,D,S,D,2024-03-25,1000000.00,4.350087,99.72265625
08:02:17,91282CKE0,TSRYS5765705,D,S,D,2024-03-25,1000000.00,4.350087,99.72265625
08:02:17,91282CKE0,TSRYS5765705,D,B,C,2024-03-25,1000000.00,4.350087,99.72265625
08:02:18,91282CKE0,TSRYS5765705,D,B,C,2024-03-25,1000000.00,4.350087,99.72265625
08:02:18,91282CKE0,TSRYS5765705,D,S,D,2024-03-25,1000000.00,4.350039,99.72278625
08:02:18,91282CKE0,TSRYS5765705,D,B,C,2024-03-25,1000000.00,4.350196,99.72235625
08:02:18,91282CKE0,TSRYS5765705,D,S,C,2024-03-25,1000000.00,4.350087,99.72265625
08:02:18,91282CKE0,TSRYS5765705,D,S,C,2024-03-25,1000000.00,4.348668,99.7265625
08:02:18,91282CKE0,TSRYS5765705,D,B,A,2024-03-25,315000.00,4.371371,99.6640625
08:02:19,91282CKE0,TSRYS5765705,D,B,C,2024-03-25,3000000.00,4.38001,99.64029
08:02:19,91282CKE0,TSRYS5765705,D,S,C,2024-03-25,926000.00,4.358973,99.6981867
08:02:21,91282CKE0,TSRYS5765705,D,B,A,2024-03-25,7283000.00,4.397997,99.590820313
08:02:23,91282CKE0,TSRYS5765705,D,S,D,2024-03-25,82000.00,4.401194,99.58203125
08:02:23,91282CKE0,TSRYS5765705,D,S,D,2024-03-25,1000000.00,4.368532,99.671875
08:02:23,91282CKE0,TSRYS5765705,D,S,D,2024-03-25,1000000.00,4.368532,99.671875
08:02:23,91282CKE0,TSRYS5765705,D,S,T,2024-03-25,2000000.00,4.388409,99.6171875
08:02:24,91282CKE0,TSRYS5765705,D,S,A,2024-03-25,1500000.00,4.369951,99.66796875
08:02:24,91282CKE0,TSRYS5765705,D,S,A,2024-03-25,510000.00,4.371371,99.6640625
08:02:24,91282CKE0,TSRYS5765705,D,S,T,2024-03-25,1000000.00,4.385568,99.625
08:02:25,91282CKE0,TSRYS5765705,D,S,C,2024-03-25,1000000.00,4.369242,99.669921875
08:02:25,91282CKE0,TSRYS5765705,D,S,T,2024-03-25,1000000.00,4.397642,99.591796875
08:02:26,91282CKE0,TSRYS5765705,D,S,T,2024-03-25,1000000.00,4.39267,99.60546875
08:02:26,91282CKE0,TSRYS5765705,D,S,D,2024-03-25,2000000.00,4.369951,99.66796875
08:02:27,91282CKE0,TSRYS5765705,D,S,T,2024-03-25,1000000.00,4.39267,99.60546875
08:02:32,91282CKE0,TSRYS5765705,D,S,A,2024-03-25,2555000.00,4.368532,99.671875
08:02:32,91282CKE0,TSRYS5765705,D,B,A,2024-03-25,28000.00,4.396931,99.59375
08:02:33,91282CKE0,TSRYS5765705,D,S,T,2024-03-25,1000000.00,4.384148,99.62890625
08:02:33,91282CKE0,TSRYS5765705,D,S,T,2024-03-25,1000000.00,4.383438,99.630859375
08:02:33,91282CKE0,TSRYS5765705,D,S,T,2024-03-25,1000000.00,4.386278,99.623046875
08:02:33,91282CKE0,TSRYS5765705,D,B,C,2024-03-25,25000000.00,4.386988,99.62109375
08:02:33,91282CKE0,TSRYS5765705,D,B,C,2024-03-25,26300000.00,4.38989,99.61311325
08:02:33,91282CKE0,TSRYS5765705,D,S,T,2024-03-25,1000000.00,4.388409,99.6171875
08:02:33,91282CKE0,TSRYS5765705,D,B,C,2024-03-25,19000000.00,4.38847,99.6170195
08:02:33,91282CKE0,TSRYS5765705,D,S,T,2024-03-25,1000000.00,4.388409,99.6171875
08:02:33,91282CKE0,TSRYS5765705,D,S,T,2024-03-25,1000000.00,4.388409,99.6171875
08:02:33,91282CKE0,TSRYS5765705,D,B,C,2024-03-25,51200000.00,4.38989,99.61311325
08:02:33,91282CKE0,TSRYS5765705,D,S,T,2024-03-25,1000000.00,4.389829,99.61328125
08:02:33,91282CKE0,TSRYS5765705,D,S,T,2024-03-25,1000000.00,4.389829,99.61328125
08:02:33,91282CKE0,TSRYS5765705,D,S,T,2024-03-25,1000000.00,4.389829,99.61328125
08:02:33,91282CKE0,TSRYS5765705,D,S,T,2024-03-25,2000000.00,4.389829,99.61328125
08:02:33,91282CKE0,TSRYS5765705,D,S,T,2024-03-25,1000000.00,4.389829,99.61328125
08:02:33,91282CKE0,TSRYS5765705,D,S,T,2024-03-25,1000000.00,4.389829,99.61328125
08:02:33,91282CKE0,TSRYS5765705,D,S,T,2024-03-25,1000000.00,4.389829,99.61328125
08:02:33,91282CKE0,TSRYS5765705,D,S,T,2024-03-25,1000000.00,4.389829,99.61328125
08:02:33,91282CKE0,TSRYS5765705,D,S,T,2024-03-25,1000000.00,4.389829,99.61328125
08:02:33,91282CKE0,TSRYS5765705,D,S,T,2024-03-25,1000000.00,4.389829,99.61328125
08:02:33,91282CKE0,TSRYS5765705,D,S,T,2024-03-25,3000000.00,4.389829,99.61328125
08:02:33,91282CKE0,TSRYS5765705,D,S,T,2024-03-25,1000000.00,4.389829,99.61328125
08:02:33,91282CKE0,TSRYS5765705,D,S,T,2024-03-25,1000000.00,4.389829,99.61328125
08:02:33,91282CKE0,TSRYS5765705,D,S,T,2024-03-25,1000000.00,4.389829,99.61328125
08:02:33,91282CKE0,TSRYS5765705,D,S,T,2024-03-25,1000000.00,4.389829,99.61328125
08:02:33,91282CKE0,TSRYS5765705,D,S,T,2024-03-25,1000000.00,4.389829,99.61328125
08:02:33,91282CKE0,TSRYS5765705,D,S,T,2024-03-25,1000000.00,4.389829,99.61328125
08:02:33,91282CKE0,TSRYS5765705,D,S,T,2024-03-25,1000000.00,4.389829,99.61328125
08:02:33,91282CKE0,TSRYS5765705,D,S,T,2024-03-25,1000000.00,4.389829,99.61328125
08:02:33,91282CKE0,TSRYS5765705,D,S,T,2024-03-25,1000000.00,4.389829,99.61328125
08:02:33,91282CKE0,TSRYS5765705,D,S,T,2024-03-25,1000000.00,4.389829,99.61328125
08:02:33,91282CKE0,TSRYS5765705,D,S,T,2024-03-25,1000000.00,4.389829,99.61328125
08:02:33,91282CKE0,TSRYS5765705,D,S,T,2024-03-25,1000000.00,4.389829,99.61328125
08:02:33,91282CKE0,TSRYS5765705,D,S,T,2024-03-25,1000000.00,4.389829,99.61328125
08:02:33,91282CKE0,TSRYS5765705,D,S,T,2024-03-25,1000000.00,4.389829,99.61328125
08:02:33,91282CKE0,TSRYS5765705,D,S,T,2024-03-25,1000000.00,4.389829,99.61328125
08:02:33,91282CKE0,TSRYS5765705,D,S,T,2024-03-25,1000000.00,4.397642,99.591796875
08:02:33,91282CKE0,TSRYS5765705,D,B,C,2024-03-25,25000000.00,4.394151,99.6013945
08:02:33,91282CKE0,TSRYS5765705,D,S,T,2024-03-25,1000000.00,4.39338,99.603515625
08:02:33,91282CKE0,TSRYS5765705,D,S,T,2024-03-25,2000000.00,4.39409,99.6015625
08:02:33,91282CKE0,TSRYS5765705,D,S,T,2024-03-25,1000000.00,4.39409,99.6015625
08:02:33,91282CKE0,TSRYS5765705,D,S,T,2024-03-25,1000000.00,4.39409,99.6015625
08:02:33,91282CKE0,TSRYS5765705,D,S,T,2024-03-25,1000000.00,4.39409,99.6015625
08:02:33,91282CKE0,TSRYS5765705,D,S,T,2024-03-25,2000000.00,4.39409,99.6015625
08:02:33,91282CKE0,TSRYS5765705,D,S,T,2024-03-25,2000000.00,4.39409,99.6015625
08:02:33,91282CKE0,TSRYS5765705,D,S,T,2024-03-25,1000000.00,4.39409,99.6015625
08:02:33,91282CKE0,TSRYS5765705,D,S,T,2024-03-25,1000000.00,4.39409,99.6015625
08:02:33,91282CKE0,TSRYS5765705,D,S,T,2024-03-25,1000000.00,4.39409,99.6015625
08:02:33,91282CKE0,TSRYS5765705,D,S,T,2024-03-25,2000000.00,4.39409,99.6015625
08:02:33,91282CKE0,TSRYS5765705,D,B,C,2024-03-25,25000000.00,4.392731,99.60530075
08:02:33,91282CKE0,TSRYS5765705,D,S,T,2024-03-25,1000000.00,4.39409,99.6015625
08:02:33,91282CKE0,TSRYS5765705,D,S,T,2024-03-25,1000000.00,4.39409,99.6015625
08:02:33,91282CKE0,TSRYS5765705,D,S,T,2024-03-25,1000000.00,4.39409,99.6015625
08:02:33,91282CKE0,TSRYS5765705,D,S,T,2024-03-25,1000000.00,4.39409,99.6015625
08:02:33,91282CKE0,TSRYS5765705,D,S,T,2024-03-25,2000000.00,4.39409,99.6015625
08:02:33,91282CKE0,TSRYS5765705,D,S,T,2024-03-25,1000000.00,4.39409,99.6015625
08:02:33,91282CKE0,TSRYS5765705,D,S,T,2024-03-25,1000000.00,4.39409,99.6015625
08:02:33,91282CKE0,TSRYS5765705,D,S,T,2024-03-25,1000000.00,4.39409,99.6015625
08:02:33,91282CKE0,TSRYS5765705,D,S,T,2024-03-25,1000000.00,4.39409,99.6015625
08:02:33,91282CKE0,TSRYS5765705,D,S,T,2024-03-25,1000000.00,4.39409,99.6015625
08:02:33,91282CKE0,TSRYS5765705,D,S,T,2024-03-25,1000000.00,4.39409,99.6015625
08:02:33,91282CKE0,TSRYS5765705,D,S,T,2024-03-25,1000000.00,4.39409,99.6015625
08:02:33,91282CKE0,TSRYS5765705,D,S,T,2024-03-25,1000000.00,4.39409,99.6015625
08:02:33,91282CKE0,TSRYS5765705,D,S,T,2024-03-25,1000000.00,4.395511,99.59765625
08:02:33,91282CKE0,TSRYS5765705,D,S,T,2024-03-25,1000000.00,4.39409,99.6015625
08:02:33,91282CKE0,TSRYS5765705,D,S,T,2024-03-25,1000000.00,4.39409,99.6015625
08:02:33,91282CKE0,TSRYS5765705,D,S,T,2024-03-25,1000000.00,4.39409,99.6015625
08:02:33,91282CKE0,TSRYS5765705,D,S,T,2024-03-25,1000000.00,4.39409,99.6015625
08:02:33,91282CKE0,TSRYS5765705,D,S,T,2024-03-25,1000000.00,4.39409,99.6015625
08:02:33,91282CKE0,TSRYS5765705,D,S,T,2024-03-25,1000000.00,4.399773,99.5859375
08:02:33,91282CKE0,TSRYS5765705,D,S,T,2024-03-25,1000000.00,4.399773,99.5859375
08:02:33,91282CKE0,TSRYS5765705,D,S,T,2024-03-25,1000000.00,4.399773,99.5859375
08:02:33,91282CKE0,TSRYS5765705,D,S,A,2024-03-25,5545000.00,4.368532,99.671875
08:02:33,91282CKE0,TSRYS5765705,D,B,A,2024-03-25,445000.00,4.368532,99.671875
08:02:33,91282CKE0,TSRYS5765705,D,B,A,2024-03-25,232000.00,4.379888,99.640625
08:02:34,91282CKE0,TSRYS5765705,D,S,D,2024-03-25,1000000.00,4.379888,99.640625
08:02:34,91282CKE0,TSRYS5765705,D,B,C,2024-03-25,1000000.00,4.379888,99.640625
08:02:34,91282CKE0,TSRYS5765705,D,S,C,2024-03-25,1000000.00,4.379179,99.642578125
08:02:37,91282CKE0,TSRYS5765705,D,S,T,2024-03-25,1000000.00,4.388409,99.6171875
08:02:37,91282CKE0,TSRYS5765705,D,S,T,2024-03-25,1000000.00,4.391249,99.609375
08:02:37,91282CKE0,TSRYS5765705,D,S,A,2024-03-25,220000.00,4.382728,99.6328125
08:02:38,91282CKE0,TSRYS5765705,D,B,C,2024-03-25,140800000.00,4.38989,99.61311325
08:02:38,91282CKE0,TSRYS5765705,D,S,T,2024-03-25,1000000.00,4.39267,99.60546875
08:02:38,91282CKE0,TSRYS5765705,D,S,T,2024-03-25,1000000.00,4.391249,99.609375
08:02:39,91282CKE0,TSRYS5765705,D,S,T,2024-03-25,1000000.00,4.39338,99.603515625
08:02:40,91282CKE0,TSRYS5765705,D,B,C,2024-03-25,1000000.00,4.380598,99.638671875
08:02:40,91282CKE0,TSRYS5765705,D,S,T,2024-03-25,1000000.00,4.39267,99.60546875
08:02:40,91282CKE0,TSRYS5765705,D,S,C,2024-03-25,1000000.00,4.380598,99.638671875
08:02:40,91282CKE0,TSRYS5765705,D,S,T,2024-03-25,1000000.00,4.39267,99.60546875
08:02:40,91282CKE0,TSRYS5765705,D,S,A,2024-03-25,3000000.00,4.396931,99.59375
08:02:41,91282CKE0,TSRYS5765705,D,S,D,2024-03-25,1600000.00,4.396931,99.59375
08:02:41,91282CKE0,TSRYS5765705,D,S,A,2024-03-25,2095000.00,4.371371,99.6640625
08:02:42,91282CKE0,TSRYS5765705,D,S,D,2024-03-25,2000000.00,4.396931,99.59375
08:02:42,91282CKE0,TSRYS5765705,D,S,D,2024-03-25,2000000.00,4.397186,99.59305
08:02:42,91282CKE0,TSRYS5765705,D,S,D,2024-03-25,1000000.00,4.382728,99.6328125
08:02:42,91282CKE0,TSRYS5765705,D,S,D,2024-03-25,1000000.00,4.382728,99.6328125
08:02:42,91282CKE0,TSRYS5765705,D,S,D,2024-03-25,1000000.00,4.382728,99.6328125
08:02:42,91282CKE0,TSRYS5765705,D,S,C,2024-03-25,2000000.00,4.382728,99.6328125
08:02:42,91282CKE0,TSRYS5765705,D,S,D,2024-03-25,1000000.00,4.382728,99.6328125
08:02:42,91282CKE0,TSRYS5765705,D,S,D,2024-03-25,1000000.00,4.382728,99.6328125
08:02:42,91282CKE0,TSRYS5765705,D,S,D,2024-03-25,1000000.00,4.382728,99.6328125
08:02:42,91282CKE0,TSRYS5765705,D,S,D,2024-03-25,1000000.00,4.382728,99.6328125
08:02:43,91282CKE0,TSRYS5765705,D,S,D,2024-03-25,926000.00,4.396931,99.59375
08:02:44,91282CKE0,TSRYS5765705,D,S,A,2024-03-25,1000000.00,4.396931,99.59375
08:02:45,91282CKE0,TSRYS5765705,D,B,C,2024-03-25,10600000.00,4.391249,99.609375
08:02:46,91282CKE0,TSRYS5765705,D,S,T,2024-03-25,1000000.00,4.398352,99.58984375
08:02:46,91282CKE0,TSRYS5765705,D,S,C,2024-03-25,1000000.00,4.382018,99.634765625
08:02:47,91282CKE0,TSRYS5765705,D,S,T,2024-03-25,1000000.00,4.396931,99.59375
08:02:48,91282CKE0,TSRYS5765705,D,S,A,2024-03-25,16700.00,4.365753,99.6796875
08:02:52,91282CKE0,TSRYS5765705,D,S,D,2024-03-25,1000000.00,4.382018,99.634765625
08:02:52,91282CKE0,TSRYS5765705,D,S,D,2024-03-25,1000000.00,4.382018,99.634765625
08:02:54,91282CKE0,TSRYS5765705,D,B,C,2024-03-25,1000000.00,4.380598,99.638671875
08:02:54,91282CKE0,TSRYS5765705,D,S,D,2024-03-25,1000000.00,4.380598,99.638671875
08:02:55,91282CKE0,TSRYS5765705,D,B,C,2024-03-25,2000000.00,4.380598,99.638671875
08:02:55,91282CKE0,TSRYS5765705,D,S,D,2024-03-25,2000000.00,4.380598,99.638671875
08:02:55,91282CKE0,TSRYS5765705,D,S,D,2024-03-25,1000000.00,4.381308,99.63671875
08:02:55,91282CKE0,TSRYS5765705,D,B,C,2024-03-25,1000000.00,4.381308,99.63671875
08:02:56,91282CKE0,TSRYS5765705,D,S,T,2024-03-25,1000000.00,4.397642,99.591796875
08:02:56,91282CKE0,TSRYS5765705,D,B,C,2024-03-25,1000000.00,4.380598,99.638671875
08:02:56,91282CKE0,TSRYS5765705,D,S,D,2024-03-25,1000000.00,4.380598,99.638671875
08:02:56,91282CKE0,TSRYS5765705,D,B,C,2024-03-25,1000000.00,4.380598,99.638671875
08:02:56,91282CKE0,TSRYS5765705,D,S,D,2024-03-25,1000000.00,4.380598,99.638671875
08:02:57,91282CKE0,TSRYS5765705,D,S,D,2024-03-25,1000000.00,4.381308,99.63671875
08:02:57,91282CKE0,TSRYS5765705,D,S,T,2024-03-25,1000000.00,4.368532,99.671875
08:02:57,91282CKE0,TSRYS5765705,D,S,T,2024-03-25,2000000.00,4.368532,99.671875
08:02:57,91282CKE0,TSRYS5765705,D,S,T,2024-03-25,1000000.00,4.380598,99.63867188
08:02:58,91282CKE0,TSRYS5765705,D,S,T,2024-03-25,1000000.00,4.368532,99.671875
08:02:58,91282CKE0,TSRYS5765705,D,S,T,2024-03-25,1000000.00,4.368532,99.671875
08:02:58,91282CKE0,TSRYS5765705,D,S,T,2024-03-25,1000000.00,4.368532,99.671875
08:02:58,91282CKE0,TSRYS5765705,D,S,T,2024-03-25,1000000.00,4.368532,99.671875
08:02:58,91282CKE0,TSRYS5765705,D,B,C,2024-03-25,19900000.00,4.368593,99.671707
08:02:58,91282CKE0,TSRYS5765705,D,S,T,2024-03-25,1000000.00,4.368596,99.671698
08:02:59,91282CKE0,TSRYS5765705,D,B,C,2024-03-25,1000000.00,4.367113,99.67578125
08:03:00,91282CKE0,TSRYS5765705,D,S,T,2024-03-25,1000000.00,4.366403,99.67773438
08:03:05,91282CKE0,TSRYS5765705,D,S,D,2024-03-25,1000000.00,4.382728,99.6328125
08:03:05,91282CKE0,TSRYS5765705,D,S,D,2024-03-25,1000000.00,4.382728,99.6328125
08:03:05,91282CKE0,TSRYS5765705,D,S,D,2024-03-25,1000000.00,4.382728,99.6328125
08:03:05,91282CKE0,TSRYS5765705,D,B,A,2024-03-25,3968000.00,4.362855,99.6875
08:03:07,91282CKE0,TSRYS5765705,D,S,D,2024-03-25,1000000.00,4.383438,99.630859375
08:03:11,91282CKE0,TSRYS5765705,D,S,T,2024-03-25,1000000.00,4.397642,99.591796875
08:03:11,91282CKE0,TSRYS5765705,D,S,T,2024-03-25,1000000.00,4.397642,99.591796875
08:03:11,91282CKE0,TSRYS5765705,D,S,T,2024-03-25,1000000.00,4.397642,99.591796875
08:03:11,91282CKE0,TSRYS5765705,D,S,T,2024-03-25,2000000.00,4.397642,99.591796875
08:03:12,91282CKE0,TSRYS5765705,D,S,C,2024-03-25,1000000.00,4.383438,99.630859375
08:03:12,91282CKE0,TSRYS5765705,D,B,C,2024-03-25,2000000.00,4.385568,99.625
08:03:12,91282CKE0,TSRYS5765705,D,S,D,2024-03-25,2000000.00,4.385568,99.625
08:03:12,91282CKE0,TSRYS5765705,D,B,C,2024-03-25,1000000.00,4.385568,99.625
08:03:12,91282CKE0,TSRYS5765705,D,S,D,2024-03-25,1000000.00,4.385568,99.625
08:03:13,91282CKE0,TSRYS5765705,D,S,C,2024-03-25,3000000.00,4.386278,99.623046875
08:03:13,91282CKE0,TSRYS5765705,D,B,C,2024-03-25,3000000.00,4.386278,99.623046875
08:03:13,91282CKE0,TSRYS5765705,D,B,C,2024-03-25,1000000.00,4.385568,99.625
08:03:13,91282CKE0,TSRYS5765705,D,S,D,2024-03-25,1000000.00,4.385568,99.625
08:03:13,91282CKE0,TSRYS5765705,D,B,C,2024-03-25,1000000.00,4.385568,99.625
08:03:13,91282CKE0,TSRYS5765705,D,S,D,2024-03-25,1000000.00,4.385568,99.625
08:03:13,91282CKE0,TSRYS5765705,D,B,C,2024-03-25,2000000.00,4.385568,99.625
08:03:13,91282CKE0,TSRYS5765705,D,S,D,2024-03-25,2000000.00,4.385568,99.625
08:03:13,91282CKE0,TSRYS5765705,D,B,C,2024-03-25,1000000.00,4.385568,99.625
08:03:13,91282CKE0,TSRYS5765705,D,S,D,2024-03-25,2000000.00,4.385568,99.625
08:03:13,91282CKE0,TSRYS5765705,D,B,C,2024-03-25,1000000.00,4.385568,99.625
08:03:13,91282CKE0,TSRYS5765705,D,B,C,2024-03-25,1000000.00,4.385568,99.625
08:03:13,91282CKE0,TSRYS5765705,D,S,D,2024-03-25,2000000.00,4.385568,99.625
08:03:13,91282CKE0,TSRYS5765705,D,B,C,2024-03-25,1000000.00,4.385568,99.625
08:03:13,91282CKE0,TSRYS5765705,D,B,C,2024-03-25,1000000.00,4.385568,99.625
08:03:13,91282CKE0,TSRYS5765705,D,S,D,2024-03-25,2000000.00,4.385568,99.625
08:03:13,91282CKE0,TSRYS5765705,D,B,C,2024-03-25,1000000.00,4.385568,99.625
08:03:13,91282CKE0,TSRYS5765705,D,S,D,2024-03-25,1000000.00,4.385568,99.625
08:03:13,91282CKE0,TSRYS5765705,D,B,C,2024-03-25,1000000.00,4.385568,99.625
08:03:13,91282CKE0,TSRYS5765705,D,S,D,2024-03-25,1000000.00,4.385568,99.625
08:03:13,91282CKE0,TSRYS5765705,D,B,C,2024-03-25,1000000.00,4.385568,99.625
08:03:13,91282CKE0,TSRYS5765705,D,S,D,2024-03-25,1000000.00,4.385568,99.625
08:03:13,91282CKE0,TSRYS5765705,D,B,C,2024-03-25,1000000.00,4.385568,99.625
08:03:14,91282CKE0,TSRYS5765705,D,S,D,2024-03-25,1000000.00,4.385568,99.625
08:03:14,91282CKE0,TSRYS5765705,D,B,C,2024-03-25,1000000.00,4.385568,99.625
08:03:14,91282CKE0,TSRYS5765705,D,S,D,2024-03-25,1000000.00,4.385568,99.625
08:03:14,91282CKE0,TSRYS5765705,D,B,C,2024-03-25,1000000.00,4.385568,99.625
08:03:14,91282CKE0,TSRYS5765705,D,S,D,2024-03-25,1000000.00,4.385568,99.625
08:03:14,91282CKE0,TSRYS5765705,D,B,C,2024-03-25,1000000.00,4.385568,99.625
08:03:14,91282CKE0,TSRYS5765705,D,S,D,2024-03-25,1000000.00,4.385568,99.625
08:03:14,91282CKE0,TSRYS5765705,D,B,C,2024-03-25,1000000.00,4.385568,99.625
08:03:14,91282CKE0,TSRYS5765705,D,S,D,2024-03-25,1000000.00,4.385568,99.625
08:03:14,91282CKE0,TSRYS5765705,D,B,C,2024-03-25,2000000.00,4.385568,99.625
08:03:14,91282CKE0,TSRYS5765705,D,S,D,2024-03-25,2000000.00,4.385568,99.625
08:03:14,91282CKE0,TSRYS5765705,D,B,C,2024-03-25,1000000.00,4.385568,99.625
08:03:15,91282CKE0,TSRYS5765705,D,S,D,2024-03-25,1000000.00,4.385568,99.625
08:03:15,91282CKE0,TSRYS5765705,D,S,D,2024-03-25,1000000.00,4.385568,99.625
08:03:15,91282CKE0,TSRYS5765705,D,B,C,2024-03-25,1000000.00,4.385568,99.625
08:03:15,91282CKE0,TSRYS5765705,D,S,D,2024-03-25,1000000.00,4.385568,99.625
08:03:15,91282CKE0,TSRYS5765705,D,S,D,2024-03-25,1000000.00,4.385568,99.625
08:03:15,91282CKE0,TSRYS5765705,D,B,C,2024-03-25,1000000.00,4.385568,99.625
08:03:15,91282CKE0,TSRYS5765705,D,S,D,2024-03-25,1000000.00,4.385568,99.625
08:03:15,91282CKE0,TSRYS5765705,D,S,D,2024-03-25,1000000.00,4.385568,99.625
08:03:15,91282CKE0,TSRYS5765705,D,S,D,2024-03-25,1000000.00,4.385568,99.625
08:03:15,91282CKE0,TSRYS5765705,D,S,D,2024-03-25,2000000.00,4.385568,99.625
08:03:15,91282CKE0,TSRYS5765705,D,B,C,2024-03-25,1000000.00,4.385568,99.625
08:03:15,91282CKE0,TSRYS5765705,D,S,D,2024-03-25,1000000.00,4.385568,99.625
08:03:15,91282CKE0,TSRYS5765705,D,S,D,2024-03-25,1000000.00,4.385568,99.625
08:03:15,91282CKE0,TSRYS5765705,D,S,D,2024-03-25,2000000.00,4.385568,99.625
08:03:15,91282CKE0,TSRYS5765705,D,S,D,2024-03-25,2000000.00,4.385568,99.625
08:03:15,91282CKE0,TSRYS5765705,D,S,D,2024-03-25,1000000.00,4.385568,99.625
08:03:15,91282CKE0,TSRYS5765705,D,S,D,2024-03-25,1000000.00,4.385568,99.625
08:03:16,91282CKE0,TSRYS5765705,D,S,D,2024-03-25,3000000.00,4.386278,99.623046875
08:03:16,91282CKE0,TSRYS5765705,D,S,D,2024-03-25,1000000.00,4.385568,99.625
08:03:16,91282CKE0,TSRYS5765705,D,B,C,2024-03-25,3000000.00,4.386278,99.623046875
08:03:16,91282CKE0,TSRYS5765705,D,S,T,2024-03-25,1000000.00,4.386988,99.62109375
08:03:16,91282CKE0,TSRYS5765705,D,S,T,2024-03-25,11000000.00,4.386988,99.62109375
08:03:17,91282CKE0,TSRYS5765705,D,S,T,2024-03-25,1000000.00,4.386988,99.62109375
08:03:17,91282CKE0,TSRYS5765705,D,S,T,2024-03-25,1000000.00,4.386988,99.62109375
08:03:17,91282CKE0,TSRYS5765705,D,B,A,2024-03-25,195000.00,4.384405,99.6282
08:03:17,91282CKE0,TSRYS5765705,D,S,D,2024-03-25,1000000.00,4.386278,99.623046875
08:03:17,91282CKE0,TSRYS5765705,D,B,C,2024-03-25,1000000.00,4.386278,99.623046875
08:03:17,91282CKE0,TSRYS5765705,D,S,D,2024-03-25,1000000.00,4.386278,99.623046875
08:03:17,91282CKE0,TSRYS5765705,D,B,C,2024-03-25,1000000.00,4.386278,99.623046875
08:03:17,91282CKE0,TSRYS5765705,D,S,D,2024-03-25,1000000.00,4.386278,99.623046875
08:03:17,91282CKE0,TSRYS5765705,D,B,C,2024-03-25,1000000.00,4.386278,99.623046875
08:03:18,91282CKE0,TSRYS5765705,D,S,D,2024-03-25,2000000.00,4.386278,99.623046875
08:03:18,91282CKE0,TSRYS5765705,D,B,C,2024-03-25,2000000.00,4.386278,99.623046875
08:03:18,91282CKE0,TSRYS5765705,D,S,C,2024-03-25,1000000.00,4.386278,99.623046875
08:03:18,91282CKE0,TSRYS5765705,D,B,C,2024-03-25,1000000.00,4.386278,99.623046875
08:03:18,91282CKE0,TSRYS5765705,D,S,D,2024-03-25,1000000.00,4.386278,99.623046875
08:03:18,91282CKE0,TSRYS5765705,D,B,C,2024-03-25,1000000.00,4.386278,99.623046875
08:03:18,91282CKE0,TSRYS5765705,D,S,D,2024-03-25,1000000.00,4.386278,99.623046875
08:03:18,91282CKE0,TSRYS5765705,D,B,C,2024-03-25,1000000.00,4.386278,99.623046875
08:03:18,91282CKE0,TSRYS5765705,D,S,C,2024-03-25,2000000.00,4.386278,99.623046875
08:03:18,91282CKE0,TSRYS5765705,D,B,C,2024-03-25,2000000.00,4.386278,99.623046875
08:03:18,91282CKE0,TSRYS5765705,D,S,D,2024-03-25,1000000.00,4.386278,99.623046875
08:03:18,91282CKE0,TSRYS5765705,D,B,C,2024-03-25,2000000.00,4.386278,99.623046875
08:03:18,91282CKE0,TSRYS5765705,D,S,D,2024-03-25,1000000.00,4.386278,99.623046875
08:03:18,91282CKE0,TSRYS5765705,D,S,D,2024-03-25,1000000.00,4.386278,99.623046875
08:03:18,91282CKE0,TSRYS5765705,D,B,C,2024-03-25,1000000.00,4.386278,99.623046875
08:03:18,91282CKE0,TSRYS5765705,D,S,D,2024-03-25,1000000.00,4.386278,99.623046875
08:03:18,91282CKE0,TSRYS5765705,D,B,C,2024-03-25,1000000.00,4.386278,99.623046875
08:03:18,91282CKE0,TSRYS5765705,D,S,D,2024-03-25,1000000.00,4.386278,99.623046875
08:03:18,91282CKE0,TSRYS5765705,D,B,C,2024-03-25,1000000.00,4.386278,99.623046875
08:03:19,91282CKE0,TSRYS5765705,D,S,C,2024-03-25,1000000.00,4.385568,99.625
08:03:23,91282CKE0,TSRYS5765705,D,B,C,2024-03-25,101300000.00,4.398413,99.58967575
08:03:28,91282CKE0,TSRYS5765705,D,S,T,2024-03-25,2000000.00,4.399062,99.587890625
08:03:28,91282CKE0,TSRYS5765705,D,S,T,2024-03-25,1000000.00,4.398352,99.58984375
08:03:28,91282CKE0,TSRYS5765705,D,S,D,2024-03-25,1000000.00,4.384858,99.626953125
08:03:31,91282CKE0,TSRYS5765705,D,B,C,2024-03-25,48600000.00,4.398352,99.58984375
08:03:33,91282CKE0,TSRYS5765705,D,S,T,2024-03-25,1000000.00,4.399062,99.587890625
08:03:33,91282CKE0,TSRYS5765705,D,B,A,2024-03-25,3695000.00,4.398586,99.5892
08:03:35,91282CKE0,TSRYS5765705,D,B,C,2024-03-25,1000000.00,4.387699,99.619140625
08:03:35,91282CKE0,TSRYS5765705,D,S,D,2024-03-25,1000000.00,4.387699,99.619140625
08:03:35,91282CKE0,TSRYS5765705,D,S,D,2024-03-25,1000000.00,4.387699,99.619140625
08:03:35,91282CKE0,TSRYS5765705,D,S,D,2024-03-25,2000000.00,4.386988,99.62109375
08:03:35,91282CKE0,TSRYS5765705,D,S,D,2024-03-25,1000000.00,4.386988,99.62109375
08:03:35,91282CKE0,TSRYS5765705,D,B,C,2024-03-25,1000000.00,4.387699,99.619140625
08:03:35,91282CKE0,TSRYS5765705,D,S,D,2024-03-25,1000000.00,4.387699,99.619140625
08:03:35,91282CKE0,TSRYS5765705,D,B,C,2024-03-25,1000000.00,4.387699,99.619140625
08:03:35,91282CKE0,TSRYS5765705,D,S,D,2024-03-25,1000000.00,4.387699,99.619140625
08:03:35,91282CKE0,TSRYS5765705,D,B,C,2024-03-25,1000000.00,4.387699,99.619140625
08:03:35,91282CKE0,TSRYS5765705,D,S,D,2024-03-25,1000000.00,4.387699,99.619140625
08:03:37,91282CKE0,TSRYS5765705,D,S,C,2024-03-25,1000000.00,4.386988,99.62109375
08:03:37,91282CKE0,TSRYS5765705,D,B,A,2024-03-25,1875000.00,4.397168,99.5931
08:03:38,91282CKE0,TSRYS5765705,D,S,T,2024-03-25,2000000.00,4.398352,99.58984375
08:03:39,91282CKE0,TSRYS5765705,D,B,A,2024-03-25,182000.00,4.397168,99.5931
08:03:41,91282CKE0,TSRYS5765705,D,B,A,2024-03-25,15000.00,4.395749,99.597
08:03:42,91282CKE0,TSRYS5765705,D,S,D,2024-03-25,1000000.00,4.385568,99.625
08:03:43,91282CKE0,TSRYS5765705,D,S,T,2024-03-25,1000000.00,4.398352,99.58984375
08:03:47,91282CKE0,TSRYS5765705,D,B,A,2024-03-25,1000.00,4.397168,99.5931
08:03:48,91282CKE0,TSRYS5765705,D,S,T,2024-03-25,1000000.00,4.397642,99.591796875
08:03:48,91282CKE0,TSRYS5765705,D,S,T,2024-03-25,1000000.00,4.398352,99.58984375
08:03:49,91282CKE0,TSRYS5765705,D,S,C,2024-03-25,1000000.00,4.390539,99.611328125
08:03:49,91282CKE0,TSRYS5765705,D,S,D,2024-03-25,1000000.00,4.391249,99.609375
08:03:49,91282CKE0,TSRYS5765705,D,B,C,2024-03-25,1000000.00,4.391249,99.609375
08:03:50,91282CKE0,TSRYS5765705,D,B,C,2024-03-25,1000000.00,4.39267,99.60546875
08:03:50,91282CKE0,TSRYS5765705,D,S,C,2024-03-25,1000000.00,4.39267,99.60546875
08:03:53,91282CKE0,TSRYS5765705,D,S,T,2024-03-25,3000000.00,4.398352,99.58984375
08:03:56,91282CKE0,TSRYS5765705,D,S,C,2024-03-25,1000000.00,4.39267,99.60546875
08:03:56,91282CKE0,TSRYS5765705,D,B,C,2024-03-25,1000000.00,4.39267,99.60546875
08:03:57,91282CKE0,TSRYS5765705,D,S,D,2024-03-25,1000000.00,4.39338,99.603515625
08:03:58,91282CKE0,TSRYS5765705,D,S,T,2024-03-25,1000000.00,4.398352,99.58984375
08:03:58,91282CKE0,TSRYS5765705,D,S,T,2024-03-25,1000000.00,4.398352,99.58984375
08:03:58,91282CKE0,TSRYS5765705,D,B,C,2024-03-25,1000000.00,4.39409,99.6015625
08:03:58,91282CKE0,TSRYS5765705,D,S,C,2024-03-25,1000000.00,4.39409,99.6017625
08:04:04,91282CKE0,TSRYS5765705,D,S,D,2024-03-25,30000000.00,4.396931,99.59375
08:04:04,91282CKE0,TSRYS5765705,D,S,D,2024-03-25,2000000.00,4.399062,99.587890625
08:04:04,91282CKE0,TSRYS5765705,D,B,C,2024-03-25,2000000.00,4.399062,99.587890625
08:04:05,91282CKE0,TSRYS5765705,D,S,D,2024-03-25,1000000.00,4.399062,99.587890625
08:04:05,91282CKE0,TSRYS5765705,D,B,C,2024-03-25,1000000.00,4.399062,99.587890625
08:04:05,91282CKE0,TSRYS5765705,D,S,C,2024-03-25,1000000.00,4.399062,99.587890625
08:04:05,91282CKE0,TSRYS5765705,D,B,C,2024-03-25,1000000.00,4.399062,99.587690625
08:04:05,91282CKE0,TSRYS5765705,D,S,D,2024-03-25,1000000.00,4.399062,99.587890625
08:04:05,91282CKE0,TSRYS5765705,D,B,C,2024-03-25,1000000.00,4.399062,99.587690625
08:04:06,91282CKE0,TSRYS5765705,D,B,C,2024-03-25,1000000.00,4.396931,99.59375
08:04:06,91282CKE0,TSRYS5765705,D,S,C,2024-03-25,1000000.00,4.396931,99.59395
08:04:06,91282CKE0,TSRYS5765705,D,B,C,2024-03-25,1000000.00,4.396931,99.59375
08:04:06,91282CKE0,TSRYS5765705,D,S,C,2024-03-25,1000000.00,4.396931,99.59395
08:04:07,91282CKE0,TSRYS5765705,D,B,C,2024-03-25,1000000.00,4.396931,99.59375
08:04:07,91282CKE0,TSRYS5765705,D,S,C,2024-03-25,1000000.00,4.396931,99.59395
08:04:07,91282CKE0,TSRYS5765705,D,S,D,2024-03-25,1000000.00,4.397642,99.591796875
08:04:07,91282CKE0,TSRYS5765705,D,B,C,2024-03-25,1000000.00,4.396931,99.59375
08:04:07,91282CKE0,TSRYS5765705,D,S,C,2024-03-25,1000000.00,4.396931,99.59395
08:04:07,91282CKE0,TSRYS5765705,D,S,D,2024-03-25,1000000.00,4.396931,99.59375
08:04:12,91282CKE0,TSRYS5765705,D,B,C,2024-03-25,1000000.00,4.398352,99.58984375
08:04:12,91282CKE0,TSRYS5765705,D,S,C,2024-03-25,1000000.00,4.398352,99.59004375
08:04:12,91282CKE0,TSRYS5765705,D,B,C,2024-03-25,1000000.00,4.398352,99.58984375
08:04:12,91282CKE0,TSRYS5765705,D,S,C,2024-03-25,1000000.00,4.398352,99.59004375
08:04:15,91282CKE0,TSRYS5765705,D,S,D,2024-03-25,1000000.00,4.399062,99.587890625
08:04:16,91282CKE0,TSRYS5765705,D,S,C,2024-03-25,3000000.00,4.398352,99.58984375
08:04:16,91282CKE0,TSRYS5765705,D,S,D,2024-03-25,1000000.00,4.398352,99.58984375
08:04:16,91282CKE0,TSRYS5765705,D,S,D,2024-03-25,1000000.00,4.398352,99.58984375
08:04:17,91282CKE0,TSRYS5765705,D,S,C,2024-03-25,1000000.00,4.398352,99.58984375
08:04:18,91282CKE0,TSRYS5765705,D,S,T,2024-03-25,1000000.00,4.398352,99.58984375
08:04:24,91282CKE0,TSRYS5765705,D,S,T,2024-03-25,1000000.00,4.381381,99.63651875
08:04:27,91282CKE0,TSRYS5765705,D,S,T,2024-03-25,5000000.00,4.365749,99.6795355
08:04:27,91282CKE0,TSRYS5765705,D,S,T,2024-03-25,1000000.00,4.365766,99.6794875
08:04:27,91282CKE0,TSRYS5765705,D,S,T,2024-03-25,2000000.00,4.381381,99.63651875
08:04:28,91282CKE0,TSRYS5765705,D,S,T,2024-03-25,1000000.00,4.365749,99.6795355
08:04:29,91282CKE0,TSRYS5765705,D,S,T,2024-03-25,2000000.00,4.365766,99.6794875
