tradeTime,cusip,issueSymbolIdentifier,priceType,reportingSideCode,contraPartyTypeCode,tradeDate,reportedTradeVolume,lastSaleYield,lastSalePrice
08:33:13,91282CKP5,TSRYS5793017,D,S,D,2024-05-06,1000000.00,4.456108,100.74609375
08:33:13,91282CKP5,TSRYS5793017,D,S,D,2024-05-06,1000000.00,4.456108,100.74609375
08:33:18,91282CKP5,TSRYS5793017,D,S,D,2024-05-06,1000000.00,4.456108,100.74609375
08:33:18,91282CKP5,TSRYS5793017,D,B,C,2024-05-06,1000000.00,4.456108,100.74609375
08:33:18,91282CKP5,TSRYS5793017,D,S,C,2024-05-06,1000000.00,4.455668,100.748046875
08:33:18,91282CKP5,TSRYS5793017,D,B,C,2024-05-06,1000000.00,4.455668,100.748046875
08:33:18,91282CKP5,TSRYS5793017,D,B,C,2024-05-06,1000000.00,4.455668,100.748046875
08:33:18,91282CKP5,TSRYS5793017,D,S,D,2024-05-06,1000000.00,4.455668,100.748046875
08:33:18,91282CKP5,TSRYS5793017,D,S,D,2024-05-06,1000000.00,4.455668,100.748046875
08:33:18,91282CKP5,TSRYS5793017,D,B,C,2024-05-06,1000000.00,4.455668,100.748046875
08:33:18,91282CKP5,TSRYS5793017,D,S,D,2024-05-06,1000000.00,4.455668,100.748046875
08:33:19,91282CKP5,TSRYS5793017,D,B,C,2024-05-06,1000000.00,4.455668,100.748046875
08:33:19,91282CKP5,TSRYS5793017,D,S,D,2024-05-06,1000000.00,4.455668,100.748046875
08:33:19,91282CKP5,TSRYS5793017,D,B,C,2024-05-06,1000000.00,4.455668,100.748046875
08:33:19,91282CKP5,TSRYS5793017,D,S,C,2024-05-06,1000000.00,4.455668,100.748046875
08:33:19,91282CKP5,TSRYS5793017,D,B,C,2024-05-06,1000000.00,4.455668,100.748046875
08:33:19,91282CKP5,TSRYS5793017,D,S,C,2024-05-06,1000000.00,4.455668,100.748046875
08:33:19,91282CKP5,TSRYS5793017,D,B,C,2024-05-06,1000000.00,4.455668,100.748046875
08:33:19,91282CKP5,TSRYS5793017,D,S,D,2024-05-06,1000000.00,4.455668,100.748046875
08:33:19,91282CKP5,TSRYS5793017,D,B,C,2024-05-06,1000000.00,4.455668,100.748046875
08:33:19,91282CKP5,TSRYS5793017,D,S,D,2024-05-06,1000000.00,4.455668,100.748046875
08:33:19,91282CKP5,TSRYS5793017,D,B,C,2024-05-06,1000000.00,4.455668,100.748046875
08:33:19,91282CKP5,TSRYS5793017,D,S,D,2024-05-06,1000000.00,4.455668,100.748046875
08:33:19,91282CKP5,TSRYS5793017,D,B,C,2024-05-06,1000000.00,4.455668,100.748046875
08:33:19,91282CKP5,TSRYS5793017,D,S,D,2024-05-06,1000000.00,4.455668,100.748046875
08:33:19,91282CKP5,TSRYS5793017,D,B,C,2024-05-06,1000000.00,4.455668,100.748046875
08:33:19,91282CKP5,TSRYS5793017,D,B,C,2024-05-06,1000000.00,4.455668,100.748046875
08:33:19,91282CKP5,TSRYS5793017,D,S,C,2024-05-06,1000000.00,4.455668,100.748046875
08:33:19,91282CKP5,TSRYS5793017,D,S,D,2024-05-06,1000000.00,4.456108,100.74609375
08:33:19,91282CKP5,TSRYS5793017,D,S,D,2024-05-06,1000000.00,4.455668,100.748046875
08:33:19,91282CKP5,TSRYS5793017,D,S,D,2024-05-06,1000000.00,4.455668,100.748046875
08:33:20,91282CKP5,TSRYS5793017,D,S,D,2024-05-06,1000000.00,4.455668,100.748046875
08:33:20,91282CKP5,TSRYS5793017,D,S,D,2024-05-06,1000000.00,4.455668,100.748046875
08:33:20,91282CKP5,TSRYS5793017,D,S,D,2024-05-06,1000000.00,4.455668,100.748046875
08:33:21,91282CKP5,TSRYS5793017,D,S,D,2024-05-06,1000000.00,4.455668,100.748046875
08:33:21,91282CKP5,TSRYS5793017,D,S,D,2024-05-06,1000000.00,4.455668,100.748046875
08:33:21,91282CKP5,TSRYS5793017,D,S,D,2024-05-06,1000000.00,4.455668,100.748046875
08:33:21,91282CKP5,TSRYS5793017,D,B,C,2024-05-06,1000000.00,4.456108,100.74609375
08:33:23,91282CKP5,TSRYS5793017,D,S,C,2024-05-06,1000000.00,4.455668,100.748046875
08:33:23,91282CKP5,TSRYS5793017,D,B,C,2024-05-06,1000000.00,4.455668,100.748046875
08:33:23,91282CKP5,TSRYS5793017,D,S,C,2024-05-06,1000000.00,4.455668,100.748046875
08:33:23,91282CKP5,TSRYS5793017,D,B,C,2024-05-06,1000000.00,4.455668,100.748046875
08:33:23,91282CKP5,TSRYS5793017,D,S,C,2024-05-06,1000000.00,4.455668,100.748046875
08:33:23,91282CKP5,TSRYS5793017,D,B,C,2024-05-06,1000000.00,4.455668,100.748046875
08:33:23,91282CKP5,TSRYS5793017,D,B,C,2024-05-06,1000000.00,4.455668,100.748046875
08:33:23,91282CKP5,TSRYS5793017,D,B,C,2024-05-06,1000000.00,4.455228,100.75
08:33:23,91282CKP5,TSRYS5793017,D,S,C,2024-05-06,1000000.00,4.455668,100.748046875
08:33:23,91282CKP5,TSRYS5793017,D,B,C,2024-05-06,1000000.00,4.455228,100.75
08:33:23,91282CKP5,TSRYS5793017,D,S,D,2024-05-06,1000000.00,4.455228,100.75
08:33:23,91282CKP5,TSRYS5793017,D,S,D,2024-05-06,1000000.00,4.455228,100.75
08:33:23,91282CKP5,TSRYS5793017,D,B,C,2024-05-06,1000000.00,4.455228,100.75
08:33:23,91282CKP5,TSRYS5793017,D,S,T,2024-05-06,3000000.00,4.455228,100.75
08:33:23,91282CKP5,TSRYS5793017,D,S,T,2024-05-06,2000000.00,4.455228,100.75
08:33:23,91282CKP5,TSRYS5793017,D,S,T,2024-05-06,1000000.00,4.455251,100.7499
08:33:23,91282CKP5,TSRYS5793017,D,S,C,2024-05-06,1000000.00,4.455228,100.75
08:33:23,91282CKP5,TSRYS5793017,D,S,T,2024-05-06,1000000.00,4.455251,100.7499
08:33:23,91282CKP5,TSRYS5793017,D,S,T,2024-05-06,1000000.00,4.455251,100.7499
08:33:23,91282CKP5,TSRYS5793017,D,S,D,2024-05-06,1000000.00,4.455668,100.748046875
08:33:23,91282CKP5,TSRYS5793017,D,S,D,2024-05-06,1000000.00,4.455228,100.75
08:33:23,91282CKP5,TSRYS5793017,D,B,C,2024-05-06,1000000.00,4.455713,100.747846875
08:33:24,91282CKP5,TSRYS5793017,D,S,C,2024-05-06,1000000.00,4.455206,100.7501
08:33:24,91282CKP5,TSRYS5793017,D,S,D,2024-05-06,1000000.00,4.455228,100.75
08:33:24,91282CKP5,TSRYS5793017,D,S,C,2024-05-06,3000000.00,4.455206,100.7501
08:33:24,91282CKP5,TSRYS5793017,D,B,C,2024-05-06,1000000.00,4.454789,100.751953125
08:33:24,91282CKP5,TSRYS5793017,D,S,T,2024-05-06,1000000.00,4.455228,100.75
08:33:24,91282CKP5,TSRYS5793017,D,S,D,2024-05-06,1000000.00,4.455228,100.75
08:33:24,91282CKP5,TSRYS5793017,D,S,T,2024-05-06,1000000.00,4.455228,100.75
08:33:24,91282CKP5,TSRYS5793017,D,S,T,2024-05-06,4000000.00,4.455228,100.75
08:33:24,91282CKP5,TSRYS5793017,D,S,D,2024-05-06,1000000.00,4.454789,100.751953125
08:33:24,91282CKP5,TSRYS5793017,D,B,C,2024-05-06,1000000.00,4.454789,100.751953125
08:33:24,91282CKP5,TSRYS5793017,D,S,C,2024-05-06,1000000.00,4.454789,100.751953125
08:33:24,91282CKP5,TSRYS5793017,D,B,C,2024-05-06,1000000.00,4.454789,100.751953125
08:33:24,91282CKP5,TSRYS5793017,D,S,C,2024-05-06,1000000.00,4.454789,100.751953125
08:33:24,91282CKP5,TSRYS5793017,D,S,T,2024-05-06,1000000.00,4.455228,100.75
08:33:24,91282CKP5,TSRYS5793017,D,B,C,2024-05-06,1000000.00,4.454789,100.751953125
08:33:24,91282CKP5,TSRYS5793017,D,S,T,2024-05-06,2000000.00,4.455228,100.75
08:33:24,91282CKP5,TSRYS5793017,D,B,C,2024-05-06,1000000.00,4.454789,100.751953125
08:33:24,91282CKP5,TSRYS5793017,D,S,D,2024-05-06,1000000.00,4.454789,100.751953125
08:33:24,91282CKP5,TSRYS5793017,D,S,D,2024-05-06,1000000.00,4.454789,100.751953125
08:33:24,91282CKP5,TSRYS5793017,D,B,C,2024-05-06,1000000.00,4.454789,100.751953125
08:33:24,91282CKP5,TSRYS5793017,D,S,D,2024-05-06,1000000.00,4.454789,100.751953125
08:33:24,91282CKP5,TSRYS5793017,D,B,C,2024-05-06,1000000.00,4.454789,100.751953125
08:33:24,91282CKP5,TSRYS5793017,D,S,D,2024-05-06,1000000.00,4.454789,100.751953125
08:33:24,91282CKP5,TSRYS5793017,D,B,C,2024-05-06,1000000.00,4.454789,100.751953125
08:33:24,91282CKP5,TSRYS5793017,D,S,C,2024-05-06,1000000.00,4.454789,100.751953125
08:33:24,91282CKP5,TSRYS5793017,D,B,C,2024-05-06,1000000.00,4.454789,100.751953125
08:33:24,91282CKP5,TSRYS5793017,D,B,C,2024-05-06,1000000.00,4.455228,100.75
08:33:24,91282CKP5,TSRYS5793017,D,S,D,2024-05-06,1000000.00,4.455228,100.75
08:33:24,91282CKP5,TSRYS5793017,D,B,C,2024-05-06,1000000.00,4.455228,100.75
08:33:24,91282CKP5,TSRYS5793017,D,S,D,2024-05-06,1000000.00,4.455228,100.75
08:33:24,91282CKP5,TSRYS5793017,D,S,D,2024-05-06,1000000.00,4.455228,100.75
08:33:24,91282CKP5,TSRYS5793017,D,B,C,2024-05-06,1000000.00,4.455228,100.75
08:33:24,91282CKP5,TSRYS5793017,D,S,D,2024-05-06,1000000.00,4.455228,100.75
08:33:24,91282CKP5,TSRYS5793017,D,B,C,2024-05-06,1000000.00,4.455228,100.75
08:33:24,91282CKP5,TSRYS5793017,D,B,C,2024-05-06,1000000.00,4.454789,100.751953125
08:33:24,91282CKP5,TSRYS5793017,D,S,C,2024-05-06,1000000.00,4.454789,100.751953125
08:33:24,91282CKP5,TSRYS5793017,D,S,D,2024-05-06,2000000.00,4.454789,100.751953125
08:33:24,91282CKP5,TSRYS5793017,D,S,D,2024-05-06,1000000.00,4.454789,100.751953125
08:33:25,91282CKP5,TSRYS5793017,D,S,D,2024-05-06,1000000.00,4.454789,100.751953125
08:33:25,91282CKP5,TSRYS5793017,D,S,C,2024-05-06,1000000.00,4.455668,100.748046875
08:33:25,91282CKP5,TSRYS5793017,D,B,C,2024-05-06,1000000.00,4.455668,100.748046875
08:33:25,91282CKP5,TSRYS5793017,D,S,D,2024-05-06,1000000.00,4.455228,100.75
08:33:25,91282CKP5,TSRYS5793017,D,S,T,2024-05-06,1000000.00,4.455228,100.75
08:33:25,91282CKP5,TSRYS5793017,D,S,T,2024-05-06,3000000.00,4.455228,100.75
08:33:25,91282CKP5,TSRYS5793017,D,S,T,2024-05-06,2000000.00,4.455668,100.748046875
08:33:25,91282CKP5,TSRYS5793017,D,S,D,2024-05-06,1000000.00,4.454789,100.751953125
08:33:25,91282CKP5,TSRYS5793017,D,S,C,2024-05-06,1000000.00,4.455206,100.7501
08:33:26,91282CKP5,TSRYS5793017,D,S,D,2024-05-06,1000000.00,4.454789,100.751953125
08:33:26,91282CKP5,TSRYS5793017,D,S,C,2024-05-06,3000000.00,4.455206,100.7501
08:33:26,91282CKP5,TSRYS5793017,D,S,D,2024-05-06,1000000.00,4.454789,100.751953125
08:33:26,91282CKP5,TSRYS5793017,D,S,D,2024-05-06,1000000.00,4.455228,100.75
08:33:26,91282CKP5,TSRYS5793017,D,S,D,2024-05-06,1000000.00,4.455228,100.75
08:33:27,91282CKP5,TSRYS5793017,D,S,D,2024-05-06,1000000.00,4.455228,100.75
08:33:27,91282CKP5,TSRYS5793017,D,B,C,2024-05-06,1000000.00,4.456547,100.744140625
08:33:27,91282CKP5,TSRYS5793017,D,S,C,2024-05-06,1000000.00,4.456547,100.744140625
08:33:27,91282CKP5,TSRYS5793017,D,S,D,2024-05-06,1000000.00,4.456547,100.744140625
08:33:27,91282CKP5,TSRYS5793017,D,B,C,2024-05-06,1000000.00,4.456547,100.744140625
08:33:27,91282CKP5,TSRYS5793017,D,S,D,2024-05-06,1000000.00,4.456547,100.744140625
08:33:27,91282CKP5,TSRYS5793017,D,B,C,2024-05-06,1000000.00,4.456547,100.744140625
08:33:27,91282CKP5,TSRYS5793017,D,S,D,2024-05-06,1000000.00,4.456547,100.744140625
08:33:27,91282CKP5,TSRYS5793017,D,B,C,2024-05-06,1000000.00,4.456547,100.744140625
08:33:27,91282CKP5,TSRYS5793017,D,S,D,2024-05-06,1000000.00,4.456547,100.744140625
08:33:27,91282CKP5,TSRYS5793017,D,B,C,2024-05-06,1000000.00,4.456547,100.744140625
08:33:27,91282CKP5,TSRYS5793017,D,B,C,2024-05-06,1000000.00,4.456547,100.744140625
08:33:27,91282CKP5,TSRYS5793017,D,B,C,2024-05-06,1000000.00,4.456547,100.744140625
08:33:27,91282CKP5,TSRYS5793017,D,S,C,2024-05-06,1000000.00,4.456547,100.744140625
08:33:27,91282CKP5,TSRYS5793017,D,S,C,2024-05-06,1000000.00,4.456547,100.744140625
08:33:27,91282CKP5,TSRYS5793017,D,B,C,2024-05-06,1000000.00,4.456547,100.744140625
08:33:27,91282CKP5,TSRYS5793017,D,S,C,2024-05-06,1000000.00,4.456547,100.744140625
08:33:27,91282CKP5,TSRYS5793017,D,B,C,2024-05-06,1000000.00,4.456547,100.744140625
08:33:27,91282CKP5,TSRYS5793017,D,S,C,2024-05-06,1000000.00,4.456547,100.744140625
08:33:27,91282CKP5,TSRYS5793017,D,B,C,2024-05-06,1000000.00,4.456547,100.744140625
08:33:27,91282CKP5,TSRYS5793017,D,S,C,2024-05-06,1000000.00,4.456547,100.744140625
08:33:27,91282CKP5,TSRYS5793017,D,B,C,2024-05-06,1000000.00,4.456547,100.744140625
08:33:27,91282CKP5,TSRYS5793017,D,S,C,2024-05-06,1000000.00,4.456547,100.744140625
08:33:27,91282CKP5,TSRYS5793017,D,B,C,2024-05-06,1000000.00,4.456547,100.744140625
08:33:27,91282CKP5,TSRYS5793017,D,S,D,2024-05-06,1000000.00,4.455228,100.75
08:33:27,91282CKP5,TSRYS5793017,D,S,C,2024-05-06,1000000.00,4.456547,100.744140625
08:33:27,91282CKP5,TSRYS5793017,D,B,C,2024-05-06,1000000.00,4.456547,100.744140625
08:33:27,91282CKP5,TSRYS5793017,D,S,C,2024-05-06,1000000.00,4.456547,100.744140625
08:33:27,91282CKP5,TSRYS5793017,D,B,C,2024-05-06,1000000.00,4.456547,100.744140625
08:33:27,91282CKP5,TSRYS5793017,D,S,C,2024-05-06,1000000.00,4.456547,100.744140625
08:33:27,91282CKP5,TSRYS5793017,D,B,C,2024-05-06,1000000.00,4.456547,100.744140625
08:33:27,91282CKP5,TSRYS5793017,D,B,C,2024-05-06,1000000.00,4.456547,100.744140625
08:33:27,91282CKP5,TSRYS5793017,D,S,C,2024-05-06,1000000.00,4.456547,100.744140625
08:33:27,91282CKP5,TSRYS5793017,D,S,C,2024-05-06,1000000.00,4.456547,100.744140625
08:33:27,91282CKP5,TSRYS5793017,D,S,D,2024-05-06,1000000.00,4.456547,100.744140625
08:33:27,91282CKP5,TSRYS5793017,D,B,C,2024-05-06,1000000.00,4.456547,100.744140625
08:33:27,91282CKP5,TSRYS5793017,D,S,D,2024-05-06,1000000.00,4.456547,100.744140625
08:33:28,91282CKP5,TSRYS5793017,D,S,C,2024-05-06,2000000.00,4.455646,100.748146875
08:33:28,91282CKP5,TSRYS5793017,D,S,D,2024-05-06,1000000.00,4.456547,100.744140625
08:33:28,91282CKP5,TSRYS5793017,D,S,D,2024-05-06,1000000.00,4.456547,100.744140625
08:33:28,91282CKP5,TSRYS5793017,D,S,D,2024-05-06,1000000.00,4.456547,100.744140625
08:33:28,91282CKP5,TSRYS5793017,D,S,D,2024-05-06,1000000.00,4.456547,100.744140625
08:33:30,91282CKP5,TSRYS5793017,D,S,C,2024-05-06,1000000.00,4.456108,100.74626875
08:33:30,91282CKP5,TSRYS5793017,D,B,C,2024-05-06,1000000.00,4.456108,100.74609375
08:33:30,91282CKP5,TSRYS5793017,D,S,C,2024-05-06,1000000.00,4.456108,100.74626875
08:33:30,91282CKP5,TSRYS5793017,D,B,C,2024-05-06,1000000.00,4.456108,100.74609375
08:33:30,91282CKP5,TSRYS5793017,D,S,C,2024-05-06,1000000.00,4.456108,100.74626875
08:33:30,91282CKP5,TSRYS5793017,D,B,C,2024-05-06,1000000.00,4.456108,100.74609375
08:33:30,91282CKP5,TSRYS5793017,D,S,C,2024-05-06,1000000.00,4.456108,100.74626875
08:33:30,91282CKP5,TSRYS5793017,D,B,C,2024-05-06,1000000.00,4.456108,100.74609375
08:33:30,91282CKP5,TSRYS5793017,D,S,D,2024-05-06,1000000.00,4.456547,100.744140625
08:33:30,91282CKP5,TSRYS5793017,D,B,C,2024-05-06,1000000.00,4.456592,100.743940625
08:33:31,91282CKP5,TSRYS5793017,D,S,D,2024-05-06,1000000.00,4.456547,100.744140625
08:33:31,91282CKP5,TSRYS5793017,D,B,C,2024-05-06,1000000.00,4.456592,100.743940625
08:33:31,91282CKP5,TSRYS5793017,D,S,D,2024-05-06,1000000.00,4.456547,100.744140625
08:33:31,91282CKP5,TSRYS5793017,D,B,C,2024-05-06,1000000.00,4.456592,100.743940625
08:33:31,91282CKP5,TSRYS5793017,D,S,D,2024-05-06,1000000.00,4.456547,100.744140625
08:33:31,91282CKP5,TSRYS5793017,D,B,C,2024-05-06,1000000.00,4.456592,100.743940625
08:33:31,91282CKP5,TSRYS5793017,D,S,D,2024-05-06,1000000.00,4.456547,100.744140625
08:33:31,91282CKP5,TSRYS5793017,D,B,C,2024-05-06,1000000.00,4.456592,100.743940625
08:33:36,91282CKP5,TSRYS5793017,D,S,T,2024-05-06,1000000.00,4.456987,100.7421875
08:33:36,91282CKP5,TSRYS5793017,D,S,T,2024-05-06,1000000.00,4.456987,100.7421875
08:33:36,91282CKP5,TSRYS5793017,D,S,T,2024-05-06,1000000.00,4.456987,100.7421875
08:33:36,91282CKP5,TSRYS5793017,D,S,T,2024-05-06,3000000.00,4.456987,100.7421875
08:33:36,91282CKP5,TSRYS5793017,D,S,T,2024-05-06,1000000.00,4.456987,100.7421875
08:33:36,91282CKP5,TSRYS5793017,D,S,T,2024-05-06,1000000.00,4.456987,100.7421875
08:33:36,91282CKP5,TSRYS5793017,D,S,T,2024-05-06,3000000.00,4.456987,100.7421875
08:33:36,91282CKP5,TSRYS5793017,D,S,T,2024-05-06,3000000.00,4.456987,100.7421875
08:33:37,91282CKP5,TSRYS5793017,D,S,D,2024-05-06,1000000.00,4.458746,100.734375
08:33:37,91282CKP5,TSRYS5793017,D,S,T,2024-05-06,2000000.00,4.458746,100.734375
08:33:37,91282CKP5,TSRYS5793017,D,S,T,2024-05-06,1000000.00,4.458746,100.734375
08:33:38,91282CKP5,TSRYS5793017,D,S,C,2024-05-06,1000000.00,4.458283,100.736428125
08:33:38,91282CKP5,TSRYS5793017,D,B,C,2024-05-06,1000000.00,4.458351,100.736128125
08:33:38,91282CKP5,TSRYS5793017,D,S,C,2024-05-06,1000000.00,4.458283,100.736428125
08:33:38,91282CKP5,TSRYS5793017,D,B,C,2024-05-06,1000000.00,4.458351,100.736128125
08:33:41,91282CKP5,TSRYS5793017,D,S,D,2024-05-06,1000000.00,4.456987,100.7421875
08:33:41,91282CKP5,TSRYS5793017,D,S,C,2024-05-06,1000000.00,4.457866,100.73828125
08:33:41,91282CKP5,TSRYS5793017,D,B,C,2024-05-06,1000000.00,4.457866,100.73828125
08:33:41,91282CKP5,TSRYS5793017,D,S,C,2024-05-06,1000000.00,4.457866,100.73828125
08:33:41,91282CKP5,TSRYS5793017,D,B,C,2024-05-06,1000000.00,4.457866,100.73828125
08:33:41,91282CKP5,TSRYS5793017,D,B,C,2024-05-06,1000000.00,4.458306,100.736328125
08:33:41,91282CKP5,TSRYS5793017,D,S,D,2024-05-06,1000000.00,4.458306,100.736328125
08:33:42,91282CKP5,TSRYS5793017,D,B,C,2024-05-06,1000000.00,4.458306,100.736328125
08:33:42,91282CKP5,TSRYS5793017,D,S,D,2024-05-06,1000000.00,4.458306,100.736328125
08:33:42,91282CKP5,TSRYS5793017,D,S,D,2024-05-06,1000000.00,4.458306,100.736328125
08:33:42,91282CKP5,TSRYS5793017,D,B,C,2024-05-06,1000000.00,4.458306,100.736328125
08:33:42,91282CKP5,TSRYS5793017,D,B,C,2024-05-06,1000000.00,4.458306,100.736328125
08:33:42,91282CKP5,TSRYS5793017,D,B,C,2024-05-06,1000000.00,4.458351,100.736128125
08:33:42,91282CKP5,TSRYS5793017,D,S,D,2024-05-06,1000000.00,4.458306,100.736328125
08:33:42,91282CKP5,TSRYS5793017,D,S,D,2024-05-06,1000000.00,4.458306,100.736328125
08:33:42,91282CKP5,TSRYS5793017,D,S,D,2024-05-06,1000000.00,4.458306,100.736328125
08:33:42,91282CKP5,TSRYS5793017,D,B,C,2024-05-06,1000000.00,4.458351,100.736128125
08:33:42,91282CKP5,TSRYS5793017,D,S,D,2024-05-06,1000000.00,4.458306,100.736328125
08:33:42,91282CKP5,TSRYS5793017,D,S,D,2024-05-06,1000000.00,4.458306,100.736328125
08:33:42,91282CKP5,TSRYS5793017,D,B,C,2024-05-06,1000000.00,4.458351,100.736128125
08:33:42,91282CKP5,TSRYS5793017,D,S,D,2024-05-06,1000000.00,4.458306,100.736328125
08:33:42,91282CKP5,TSRYS5793017,D,S,D,2024-05-06,1000000.00,4.458306,100.736328125
08:33:42,91282CKP5,TSRYS5793017,D,B,C,2024-05-06,1000000.00,4.458351,100.736128125
08:33:42,91282CKP5,TSRYS5793017,D,S,D,2024-05-06,1000000.00,4.458306,100.736328125
08:33:43,91282CKP5,TSRYS5793017,D,B,C,2024-05-06,1000000.00,4.458351,100.736128125
08:33:43,91282CKP5,TSRYS5793017,D,S,D,2024-05-06,1000000.00,4.458306,100.736328125
08:33:43,91282CKP5,TSRYS5793017,D,S,D,2024-05-06,1000000.00,4.458306,100.736328125
08:33:44,91282CKP5,TSRYS5793017,D,S,T,2024-05-06,1000000.00,4.456987,100.7421875
08:33:44,91282CKP5,TSRYS5793017,D,S,T,2024-05-06,1000000.00,4.456987,100.7421875
08:33:49,91282CKP5,TSRYS5793017,D,S,T,2024-05-06,4000000.00,4.458811,100.7340825
08:33:49,91282CKP5,TSRYS5793017,D,S,D,2024-05-06,40000000.00,4.455228,100.75
08:33:49,91282CKP5,TSRYS5793017,D,B,C,2024-05-06,2000000.00,4.458306,100.73632812
08:33:59,91282CKP5,TSRYS5793017,D,S,D,2024-05-06,5000000.00,4.462263,100.71875
08:33:59,91282CKP5,TSRYS5793017,D,S,T,2024-05-06,1000000.00,4.456987,100.7421875
08:33:59,91282CKP5,TSRYS5793017,D,S,T,2024-05-06,1000000.00,4.456987,100.7421875
08:33:59,91282CKP5,TSRYS5793017,D,S,T,2024-05-06,1000000.00,4.456987,100.7421875
08:33:59,91282CKP5,TSRYS5793017,D,S,T,2024-05-06,2000000.00,4.456987,100.7421875
08:33:59,91282CKP5,TSRYS5793017,D,S,C,2024-05-06,1000000.00,4.456987,100.7421875
08:34:00,91282CKP5,TSRYS5793017,D,S,C,2024-05-06,1000000.00,4.456987,100.7421875
08:34:00,91282CKP5,TSRYS5793017,D,S,C,2024-05-06,1000000.00,4.456987,100.7421875
08:34:00,91282CKP5,TSRYS5793017,D,S,C,2024-05-06,2000000.00,4.456987,100.7421875
08:34:03,91282CKP5,TSRYS5793017,D,B,C,2024-05-06,1000000.00,4.45528,100.749773
08:34:03,91282CKP5,TSRYS5793017,D,S,C,2024-05-06,2000000.00,4.455189,100.750175
08:34:03,91282CKP5,TSRYS5793017,D,B,C,2024-05-06,1000000.00,4.45528,100.749773
08:34:03,91282CKP5,TSRYS5793017,D,S,C,2024-05-06,1000000.00,4.455189,100.750175
08:34:03,91282CKP5,TSRYS5793017,D,B,C,2024-05-06,1000000.00,4.45528,100.749773
08:34:03,91282CKP5,TSRYS5793017,D,S,C,2024-05-06,1000000.00,4.455189,100.750175
08:34:03,91282CKP5,TSRYS5793017,D,B,C,2024-05-06,1000000.00,4.45528,100.749773
08:34:03,91282CKP5,TSRYS5793017,D,S,C,2024-05-06,1000000.00,4.455189,100.750175
08:34:03,91282CKP5,TSRYS5793017,D,S,C,2024-05-06,1000000.00,4.455228,100.75
08:34:03,91282CKP5,TSRYS5793017,D,S,D,2024-05-06,2000000.00,4.455228,100.75
08:34:03,91282CKP5,TSRYS5793017,D,S,C,2024-05-06,1000000.00,4.455189,100.750175
08:34:03,91282CKP5,TSRYS5793017,D,S,C,2024-05-06,4000000.00,4.455195,100.75015
08:34:03,91282CKP5,TSRYS5793017,D,S,C,2024-05-06,1000000.00,4.455228,100.75
08:34:03,91282CKP5,TSRYS5793017,D,S,C,2024-05-06,1000000.00,4.455228,100.75
08:34:03,91282CKP5,TSRYS5793017,D,S,C,2024-05-06,1000000.00,4.455228,100.75
08:34:03,91282CKP5,TSRYS5793017,D,B,C,2024-05-06,1000000.00,4.455228,100.75
08:34:03,91282CKP5,TSRYS5793017,D,B,C,2024-05-06,1000000.00,4.455228,100.75
08:34:03,91282CKP5,TSRYS5793017,D,S,C,2024-05-06,1000000.00,4.455228,100.75
08:34:03,91282CKP5,TSRYS5793017,D,B,C,2024-05-06,1000000.00,4.455228,100.75
08:34:03,91282CKP5,TSRYS5793017,D,S,C,2024-05-06,1000000.00,4.455189,100.750175
08:34:04,91282CKP5,TSRYS5793017,D,B,C,2024-05-06,1000000.00,4.45528,100.749773
08:34:04,91282CKP5,TSRYS5793017,D,S,C,2024-05-06,1000000.00,4.455228,100.75
08:34:05,91282CKP5,TSRYS5793017,D,S,C,2024-05-06,5000000.00,4.456987,100.7421875
08:34:06,91282CKP5,TSRYS5793017,D,S,C,2024-05-06,85000.00,4.456877,100.7421875
08:34:07,91282CKP5,TSRYS5793017,D,S,C,2024-05-06,4000000.00,4.457404,100.740334375
08:34:07,91282CKP5,TSRYS5793017,D,B,C,2024-05-06,4000000.00,4.457427,100.740234375
08:34:08,91282CKP5,TSRYS5793017,D,S,T,2024-05-06,1000000.00,4.456987,100.7421875
08:34:08,91282CKP5,TSRYS5793017,D,S,T,2024-05-06,1000000.00,4.456987,100.7421875
08:34:08,91282CKP5,TSRYS5793017,D,S,T,2024-05-06,2000000.00,4.456987,100.7421875
08:34:09,91282CKP5,TSRYS5793017,D,S,T,2024-05-06,3000000.00,4.456987,100.7421875
08:34:09,91282CKP5,TSRYS5793017,D,S,T,2024-05-06,3000000.00,4.456987,100.7421875
08:34:09,91282CKP5,TSRYS5793017,D,S,T,2024-05-06,3000000.00,4.456987,100.7421875
08:34:09,91282CKP5,TSRYS5793017,D,S,T,2024-05-06,1000000.00,4.456987,100.7421875
08:34:09,91282CKP5,TSRYS5793017,D,S,T,2024-05-06,4000000.00,4.456987,100.7421875
08:34:09,91282CKP5,TSRYS5793017,D,S,T,2024-05-06,3000000.00,4.456987,100.7421875
08:34:12,91282CKP5,TSRYS5793017,D,S,D,2024-05-06,3000000.00,4.456987,100.7421875
08:34:18,91282CKP5,TSRYS5793017,D,S,C,2024-05-06,7730000.00,4.456108,100.74609375
08:34:18,91282CKP5,TSRYS5793017,D,B,C,2024-05-06,1000000.00,4.455228,100.75
08:34:18,91282CKP5,TSRYS5793017,D,S,C,2024-05-06,1000000.00,4.455189,100.750175
08:34:18,91282CKP5,TSRYS5793017,D,B,C,2024-05-06,1000000.00,4.455228,100.75
08:34:18,91282CKP5,TSRYS5793017,D,B,C,2024-05-06,1000000.00,4.455228,100.75
08:34:18,91282CKP5,TSRYS5793017,D,S,C,2024-05-06,1000000.00,4.455189,100.750175
08:34:18,91282CKP5,TSRYS5793017,D,B,C,2024-05-06,1000000.00,4.455228,100.75
08:34:18,91282CKP5,TSRYS5793017,D,B,C,2024-05-06,1000000.00,4.455228,100.75
08:34:18,91282CKP5,TSRYS5793017,D,S,C,2024-05-06,1000000.00,4.455189,100.750175
08:34:18,91282CKP5,TSRYS5793017,D,S,C,2024-05-06,1000000.00,4.455189,100.750175
08:34:18,91282CKP5,TSRYS5793017,D,S,D,2024-05-06,1000000.00,4.456987,100.7421875
08:34:18,91282CKP5,TSRYS5793017,D,S,C,2024-05-06,1000000.00,4.456987,100.7421875
08:34:18,91282CKP5,TSRYS5793017,D,S,C,2024-05-06,1000000.00,4.456987,100.7421875
08:34:18,91282CKP5,TSRYS5793017,D,S,D,2024-05-06,3000000.00,4.456987,100.7421875
08:34:18,91282CKP5,TSRYS5793017,D,S,D,2024-05-06,3000000.00,4.456987,100.7421875
08:34:18,91282CKP5,TSRYS5793017,D,S,D,2024-05-06,1000000.00,4.456987,100.7421875
08:34:18,91282CKP5,TSRYS5793017,D,S,D,2024-05-06,3000000.00,4.456987,100.7421875
08:34:18,91282CKP5,TSRYS5793017,D,S,C,2024-05-06,1000000.00,4.456987,100.7421875
08:34:18,91282CKP5,TSRYS5793017,D,S,C,2024-05-06,1000000.00,4.456987,100.7421875
08:34:18,91282CKP5,TSRYS5793017,D,B,C,2024-05-06,1000000.00,4.456987,100.7421875
08:34:18,91282CKP5,TSRYS5793017,D,B,C,2024-05-06,1000000.00,4.456987,100.7421875
08:34:18,91282CKP5,TSRYS5793017,D,S,D,2024-05-06,1000000.00,4.456987,100.7421875
08:34:18,91282CKP5,TSRYS5793017,D,S,D,2024-05-06,1000000.00,4.456987,100.7421875
08:34:18,91282CKP5,TSRYS5793017,D,S,C,2024-05-06,4000000.00,4.458778,100.7342325
08:34:22,91282CKP5,TSRYS5793017,D,S,D,2024-05-06,100000.00,4.453653,100.757
08:34:29,91282CKP5,TSRYS5793017,D,S,T,2024-05-06,1000000.00,4.455228,100.75
08:34:29,91282CKP5,TSRYS5793017,D,B,C,2024-05-06,2000000.00,4.457427,100.74023437
08:34:30,91282CKP5,TSRYS5793017,D,S,T,2024-05-06,1000000.00,4.455228,100.75
08:34:31,91282CKP5,TSRYS5793017,D,B,C,2024-05-06,1000000.00,4.455228,100.75
08:34:31,91282CKP5,TSRYS5793017,D,S,D,2024-05-06,1000000.00,4.455228,100.75
08:34:32,91282CKP5,TSRYS5793017,D,S,C,2024-05-06,100000.00,4.433408,100.847
08:34:36,91282CKP5,TSRYS5793017,D,B,C,2024-05-06,1000000.00,4.455228,100.75
08:34:36,91282CKP5,TSRYS5793017,D,S,D,2024-05-06,1000000.00,4.455228,100.75
08:34:36,91282CKP5,TSRYS5793017,D,B,C,2024-05-06,1000000.00,4.455228,100.75
08:34:36,91282CKP5,TSRYS5793017,D,S,C,2024-05-06,1000000.00,4.455189,100.750175
08:34:36,91282CKP5,TSRYS5793017,D,S,D,2024-05-06,1000000.00,4.455228,100.75
08:34:36,91282CKP5,TSRYS5793017,D,S,D,2024-05-06,1000000.00,4.455228,100.75
08:34:36,91282CKP5,TSRYS5793017,D,B,C,2024-05-06,1000000.00,4.455228,100.75
08:34:36,91282CKP5,TSRYS5793017,D,B,C,2024-05-06,1000000.00,4.456987,100.7421875
08:34:36,91282CKP5,TSRYS5793017,D,S,D,2024-05-06,1000000.00,4.456964,100.7422895
08:34:36,91282CKP5,TSRYS5793017,D,S,D,2024-05-06,2000000.00,4.458711,100.734527
08:34:36,91282CKP5,TSRYS5793017,D,S,D,2024-05-06,1000000.00,4.458746,100.734375
08:34:38,91282CKP5,TSRYS5793017,D,S,A,2024-05-06,5000000.00,4.456987,100.7421875
08:34:42,91282CKP5,TSRYS5793017,D,S,D,2024-05-06,1400000.00,4.456108,100.746093
08:34:45,91282CKP5,TSRYS5793017,D,S,A,2024-05-06,2000000.00,4.458711,100.734527
08:34:50,91282CKP5,TSRYS5793017,D,S,D,2024-05-06,1000000.00,4.456987,100.7421875
08:34:50,91282CKP5,TSRYS5793017,D,S,D,2024-05-06,3000000.00,4.456987,100.7421875
08:34:50,91282CKP5,TSRYS5793017,D,S,D,2024-05-06,2000000.00,4.456987,100.7421875
08:34:50,91282CKP5,TSRYS5793017,D,S,D,2024-05-06,1000000.00,4.456987,100.7421875
08:34:50,91282CKP5,TSRYS5793017,D,S,D,2024-05-06,4000000.00,4.456987,100.7421875
08:34:50,91282CKP5,TSRYS5793017,D,S,D,2024-05-06,5000000.00,4.456987,100.7421875
08:34:50,91282CKP5,TSRYS5793017,D,S,D,2024-05-06,3000000.00,4.456987,100.7421875
08:34:50,91282CKP5,TSRYS5793017,D,S,C,2024-05-06,1000000.00,4.456987,100.7421875
08:34:50,91282CKP5,TSRYS5793017,D,S,D,2024-05-06,3000000.00,4.456987,100.7421875
08:35:05,91282CKP5,TSRYS5793017,D,S,D,2024-05-06,2000000.00,4.456987,100.7421875
08:35:09,91282CKP5,TSRYS5793017,D,S,T,2024-05-06,1000000.00,4.455228,100.75
08:35:15,91282CKP5,TSRYS5793017,D,S,T,2024-05-06,5000000.00,4.457021,100.7420355
08:35:15,91282CKP5,TSRYS5793017,D,B,A,2024-05-06,5000000.00,4.457021,100.7420355
08:35:15,91282CKP5,TSRYS5793017,D,S,T,2024-05-06,1000000.00,4.455228,100.75
08:35:18,91282CKP5,TSRYS5793017,D,S,C,2024-05-06,100000.00,4.456877,100.7421875
08:35:19,91282CKP5,TSRYS5793017,D,S,D,2024-05-06,1000000.00,4.455228,100.75
08:35:19,91282CKP5,TSRYS5793017,D,B,C,2024-05-06,1000000.00,4.455228,100.75
08:35:19,91282CKP5,TSRYS5793017,D,S,D,2024-05-06,1000000.00,4.455228,100.75
08:35:19,91282CKP5,TSRYS5793017,D,B,C,2024-05-06,1000000.00,4.455228,100.75
08:35:19,91282CKP5,TSRYS5793017,D,S,D,2024-05-06,1000000.00,4.455228,100.75
08:35:19,91282CKP5,TSRYS5793017,D,B,C,2024-05-06,2000000.00,4.457021,100.7420375
08:35:29,91282CKP5,TSRYS5793017,D,S,C,2024-05-06,57026000.00,4.457866,100.73828125
08:35:38,91282CKP5,TSRYS5793017,D,S,C,2024-05-06,1000000.00,4.455668,100.748046875
08:35:38,91282CKP5,TSRYS5793017,D,B,C,2024-05-06,1000000.00,4.455668,100.748046875
08:35:42,91282CKP5,TSRYS5793017,D,S,A,2024-05-06,250000.00,4.455228,100.75
08:35:48,91282CKP5,TSRYS5793017,D,B,C,2024-05-06,1000000.00,4.456108,100.74609375
08:35:48,91282CKP5,TSRYS5793017,D,S,C,2024-05-06,1000000.00,4.456108,100.74609375
08:35:51,91282CKP5,TSRYS5793017,D,S,C,2024-05-06,1000000.00,4.455228,100.75
08:35:51,91282CKP5,TSRYS5793017,D,S,D,2024-05-06,1000000.00,4.455228,100.75
08:35:54,91282CKP5,TSRYS5793017,D,S,C,2024-05-06,1000000.00,4.455623,100.748246875
08:35:54,91282CKP5,TSRYS5793017,D,B,C,2024-05-06,1000000.00,4.455713,100.747846875
08:35:54,91282CKP5,TSRYS5793017,D,S,C,2024-05-06,1000000.00,4.455668,100.748046875
08:35:54,91282CKP5,TSRYS5793017,D,B,C,2024-05-06,1000000.00,4.455713,100.747846875
08:35:55,91282CKP5,TSRYS5793017,D,S,C,2024-05-06,1000000.00,4.455668,100.748046875
08:35:55,91282CKP5,TSRYS5793017,D,B,C,2024-05-06,1000000.00,4.455713,100.747846875
08:35:55,91282CKP5,TSRYS5793017,D,B,C,2024-05-06,100000000.00,4.456987,100.7421875
08:35:55,91282CKP5,TSRYS5793017,D,B,C,2024-05-06,1000000.00,4.455668,100.748046875
08:35:55,91282CKP5,TSRYS5793017,D,S,T,2024-05-06,1000000.00,4.455228,100.75
08:35:55,91282CKP5,TSRYS5793017,D,B,C,2024-05-06,1000000.00,4.455668,100.748046875
08:35:55,91282CKP5,TSRYS5793017,D,S,C,2024-05-06,1000000.00,4.455668,100.748046875
08:35:55,91282CKP5,TSRYS5793017,D,S,T,2024-05-06,1000000.00,4.455228,100.75
08:35:55,91282CKP5,TSRYS5793017,D,S,D,2024-05-06,2000000.00,4.455228,100.75
08:35:56,91282CKP5,TSRYS5793017,D,S,T,2024-05-06,1000000.00,4.455228,100.75
08:35:56,91282CKP5,TSRYS5793017,D,S,T,2024-05-06,1000000.00,4.455228,100.75
08:35:56,91282CKP5,TSRYS5793017,D,S,T,2024-05-06,1000000.00,4.455228,100.75
08:35:56,91282CKP5,TSRYS5793017,D,S,T,2024-05-06,1000000.00,4.455228,100.75
08:35:56,91282CKP5,TSRYS5793017,D,S,T,2024-05-06,1000000.00,4.455228,100.75
08:35:56,91282CKP5,TSRYS5793017,D,B,C,2024-05-06,1000000.00,4.455668,100.748046875
08:35:56,91282CKP5,TSRYS5793017,D,S,D,2024-05-06,1000000.00,4.455668,100.748046875
08:35:56,91282CKP5,TSRYS5793017,D,S,D,2024-05-06,1000000.00,4.455228,100.75
08:35:56,91282CKP5,TSRYS5793017,D,B,C,2024-05-06,1000000.00,4.455228,100.75
08:35:56,91282CKP5,TSRYS5793017,D,S,D,2024-05-06,1000000.00,4.455228,100.75
08:35:56,91282CKP5,TSRYS5793017,D,B,C,2024-05-06,1000000.00,4.455228,100.75
08:35:56,91282CKP5,TSRYS5793017,D,S,D,2024-05-06,1000000.00,4.455668,100.748046875
08:35:56,91282CKP5,TSRYS5793017,D,S,D,2024-05-06,1000000.00,4.455228,100.75
08:35:56,91282CKP5,TSRYS5793017,D,B,C,2024-05-06,1000000.00,4.455228,100.75
08:35:56,91282CKP5,TSRYS5793017,D,S,D,2024-05-06,2000000.00,4.454789,100.751953125
08:35:56,91282CKP5,TSRYS5793017,D,S,C,2024-05-06,2000000.00,4.454789,100.751953125
08:35:56,91282CKP5,TSRYS5793017,D,S,D,2024-05-06,1000000.00,4.455228,100.75
08:35:57,91282CKP5,TSRYS5793017,D,S,D,2024-05-06,1000000.00,4.454789,100.751953125
08:35:57,91282CKP5,TSRYS5793017,D,B,C,2024-05-06,1000000.00,4.454789,100.751953125
08:35:57,91282CKP5,TSRYS5793017,D,S,D,2024-05-06,1000000.00,4.454789,100.751953125
08:35:57,91282CKP5,TSRYS5793017,D,B,C,2024-05-06,1000000.00,4.454789,100.751953125
08:35:57,91282CKP5,TSRYS5793017,D,S,D,2024-05-06,1000000.00,4.454789,100.751953125
08:35:57,91282CKP5,TSRYS5793017,D,B,C,2024-05-06,1000000.00,4.454789,100.751953125
08:35:57,91282CKP5,TSRYS5793017,D,S,D,2024-05-06,1000000.00,4.454789,100.751953125
08:35:57,91282CKP5,TSRYS5793017,D,B,C,2024-05-06,1000000.00,4.454789,100.751953125
08:35:57,91282CKP5,TSRYS5793017,D,S,D,2024-05-06,1000000.00,4.454789,100.751953125
08:35:57,91282CKP5,TSRYS5793017,D,S,D,2024-05-06,1000000.00,4.455228,100.75
08:35:57,91282CKP5,TSRYS5793017,D,B,C,2024-05-06,1000000.00,4.454789,100.751953125
08:35:57,91282CKP5,TSRYS5793017,D,S,D,2024-05-06,1000000.00,4.455228,100.75
08:35:58,91282CKP5,TSRYS5793017,D,S,D,2024-05-06,1000000.00,4.454789,100.751953125
08:35:58,91282CKP5,TSRYS5793017,D,B,C,2024-05-06,1000000.00,4.454789,100.751953125
08:35:58,91282CKP5,TSRYS5793017,D,S,D,2024-05-06,1000000.00,4.454789,100.751953125
08:35:58,91282CKP5,TSRYS5793017,D,S,D,2024-05-06,1000000.00,4.454789,100.751953125
08:35:58,91282CKP5,TSRYS5793017,D,S,D,2024-05-06,1000000.00,4.454789,100.751953125
08:35:58,91282CKP5,TSRYS5793017,D,B,C,2024-05-06,1000000.00,4.454834,100.751753125
08:35:58,91282CKP5,TSRYS5793017,D,S,D,2024-05-06,1000000.00,4.454789,100.751953125
08:35:58,91282CKP5,TSRYS5793017,D,S,D,2024-05-06,1000000.00,4.454789,100.751953125
08:35:59,91282CKP5,TSRYS5793017,D,B,C,2024-05-06,1000000.00,4.454834,100.751753125
08:35:59,91282CKP5,TSRYS5793017,D,S,D,2024-05-06,1000000.00,4.454789,100.751953125
08:35:59,91282CKP5,TSRYS5793017,D,S,D,2024-05-06,1000000.00,4.454789,100.751953125
08:35:59,91282CKP5,TSRYS5793017,D,B,C,2024-05-06,1000000.00,4.454789,100.751953125
08:35:59,91282CKP5,TSRYS5793017,D,S,D,2024-05-06,1000000.00,4.454789,100.751953125
08:35:59,91282CKP5,TSRYS5793017,D,B,C,2024-05-06,1000000.00,4.454834,100.751753125
08:35:59,91282CKP5,TSRYS5793017,D,S,D,2024-05-06,1000000.00,4.454789,100.751953125
08:35:59,91282CKP5,TSRYS5793017,D,B,C,2024-05-06,1000000.00,4.454834,100.751753125
08:35:59,91282CKP5,TSRYS5793017,D,S,D,2024-05-06,1000000.00,4.454789,100.751953125
08:35:59,91282CKP5,TSRYS5793017,D,S,D,2024-05-06,1000000.00,4.454789,100.751953125
08:35:59,91282CKP5,TSRYS5793017,D,B,C,2024-05-06,1000000.00,4.454834,100.751753125
08:35:59,91282CKP5,TSRYS5793017,D,S,D,2024-05-06,1000000.00,4.454789,100.751953125
08:35:59,91282CKP5,TSRYS5793017,D,S,D,2024-05-06,1000000.00,4.454789,100.751953125
08:35:59,91282CKP5,TSRYS5793017,D,B,C,2024-05-06,1000000.00,4.454834,100.751753125
08:36:00,91282CKP5,TSRYS5793017,D,S,D,2024-05-06,1000000.00,4.454789,100.751953125
08:36:00,91282CKP5,TSRYS5793017,D,S,D,2024-05-06,1000000.00,4.454789,100.751953125
08:36:00,91282CKP5,TSRYS5793017,D,B,C,2024-05-06,1000000.00,4.454789,100.751953125
08:36:00,91282CKP5,TSRYS5793017,D,B,C,2024-05-06,1000000.00,4.454834,100.751753125
08:36:00,91282CKP5,TSRYS5793017,D,S,D,2024-05-06,1000000.00,4.454789,100.751953125
08:36:00,91282CKP5,TSRYS5793017,D,S,D,2024-05-06,1000000.00,4.454789,100.751953125
08:36:00,91282CKP5,TSRYS5793017,D,B,C,2024-05-06,1000000.00,4.454834,100.751753125
08:36:00,91282CKP5,TSRYS5793017,D,S,D,2024-05-06,1000000.00,4.454789,100.751953125
08:36:00,91282CKP5,TSRYS5793017,D,S,D,2024-05-06,1000000.00,4.454789,100.751953125
08:36:00,91282CKP5,TSRYS5793017,D,B,C,2024-05-06,1000000.00,4.454834,100.751753125
08:36:00,91282CKP5,TSRYS5793017,D,S,C,2024-05-06,1000000.00,4.454766,100.752053125
08:36:00,91282CKP5,TSRYS5793017,D,S,C,2024-05-06,1000000.00,4.455228,100.75
08:36:00,91282CKP5,TSRYS5793017,D,B,C,2024-05-06,1000000.00,4.454834,100.751753125
08:36:01,91282CKP5,TSRYS5793017,D,S,D,2024-05-06,1000000.00,4.454789,100.751953125
08:36:01,91282CKP5,TSRYS5793017,D,B,C,2024-05-06,1000000.00,4.454789,100.751953125
08:36:01,91282CKP5,TSRYS5793017,D,S,D,2024-05-06,1000000.00,4.454789,100.751953125
08:36:02,91282CKP5,TSRYS5793017,D,B,C,2024-05-06,1000000.00,4.454789,100.751953125
08:36:02,91282CKP5,TSRYS5793017,D,S,D,2024-05-06,1000000.00,4.454789,100.751953125
08:36:02,91282CKP5,TSRYS5793017,D,S,D,2024-05-06,1000000.00,4.454789,100.751953125
08:36:02,91282CKP5,TSRYS5793017,D,S,D,2024-05-06,1000000.00,4.454789,100.751953125
08:36:03,91282CKP5,TSRYS5793017,D,B,C,2024-05-06,1000000.00,4.454789,100.751953125
08:36:03,91282CKP5,TSRYS5793017,D,S,D,2024-05-06,1000000.00,4.454789,100.751953125
08:36:04,91282CKP5,TSRYS5793017,D,B,C,2024-05-06,1000000.00,4.454789,100.751953125
08:36:04,91282CKP5,TSRYS5793017,D,S,D,2024-05-06,1000000.00,4.454789,100.751953125
08:36:04,91282CKP5,TSRYS5793017,D,S,D,2024-05-06,1000000.00,4.454789,100.751953125
08:36:04,91282CKP5,TSRYS5793017,D,S,D,2024-05-06,1000000.00,4.454789,100.751953125
08:36:05,91282CKP5,TSRYS5793017,D,B,C,2024-05-06,1000000.00,4.454789,100.751953125
08:36:05,91282CKP5,TSRYS5793017,D,S,T,2024-05-06,4000000.00,4.454789,100.751953125
08:36:05,91282CKP5,TSRYS5793017,D,S,D,2024-05-06,1000000.00,4.454789,100.751953125
08:36:05,91282CKP5,TSRYS5793017,D,S,C,2024-05-06,4000000.00,4.454789,100.751953125
08:36:05,91282CKP5,TSRYS5793017,D,S,D,2024-05-06,1000000.00,4.454789,100.751953125
08:36:05,91282CKP5,TSRYS5793017,D,B,C,2024-05-06,1000000.00,4.454834,100.751753125
08:36:05,91282CKP5,TSRYS5793017,D,S,D,2024-05-06,1000000.00,4.454789,100.751953125
08:36:05,91282CKP5,TSRYS5793017,D,B,C,2024-05-06,1000000.00,4.454834,100.751753125
08:36:05,91282CKP5,TSRYS5793017,D,S,D,2024-05-06,1000000.00,4.454789,100.751953125
08:36:06,91282CKP5,TSRYS5793017,D,S,D,2024-05-06,1000000.00,4.454789,100.751953125
08:36:06,91282CKP5,TSRYS5793017,D,B,C,2024-05-06,1000000.00,4.454834,100.751753125
08:36:06,91282CKP5,TSRYS5793017,D,B,C,2024-05-06,1000000.00,4.454789,100.751953125
08:36:06,91282CKP5,TSRYS5793017,D,S,D,2024-05-06,1000000.00,4.454789,100.751953125
08:36:06,91282CKP5,TSRYS5793017,D,B,C,2024-05-06,1000000.00,4.454834,100.751753125
08:36:06,91282CKP5,TSRYS5793017,D,S,D,2024-05-06,1000000.00,4.454789,100.751953125
08:36:06,91282CKP5,TSRYS5793017,D,S,D,2024-05-06,1000000.00,4.454789,100.751953125
08:36:06,91282CKP5,TSRYS5793017,D,B,C,2024-05-06,1000000.00,4.454834,100.751753125
08:36:06,91282CKP5,TSRYS5793017,D,S,C,2024-05-06,1000000.00,4.454789,100.751953125
08:36:06,91282CKP5,TSRYS5793017,D,B,C,2024-05-06,1000000.00,4.454834,100.751753125
08:36:06,91282CKP5,TSRYS5793017,D,S,C,2024-05-06,1000000.00,4.454789,100.751953125
08:36:06,91282CKP5,TSRYS5793017,D,B,C,2024-05-06,1000000.00,4.454834,100.751753125
08:36:07,91282CKP5,TSRYS5793017,D,B,C,2024-05-06,1000000.00,4.454789,100.751953125
08:36:07,91282CKP5,TSRYS5793017,D,S,D,2024-05-06,1000000.00,4.454789,100.751953125
08:36:07,91282CKP5,TSRYS5793017,D,S,C,2024-05-06,1000000.00,4.454789,100.751953125
08:36:07,91282CKP5,TSRYS5793017,D,B,C,2024-05-06,1000000.00,4.454834,100.751753125
08:36:07,91282CKP5,TSRYS5793017,D,S,D,2024-05-06,1000000.00,4.454789,100.751953125
08:36:08,91282CKP5,TSRYS5793017,D,S,D,2024-05-06,1000000.00,4.454789,100.751953125
08:36:08,91282CKP5,TSRYS5793017,D,B,C,2024-05-06,1000000.00,4.454789,100.751953125
08:36:08,91282CKP5,TSRYS5793017,D,S,D,2024-05-06,1000000.00,4.454789,100.751953125
08:36:08,91282CKP5,TSRYS5793017,D,B,C,2024-05-06,1000000.00,4.454789,100.751953125
08:36:08,91282CKP5,TSRYS5793017,D,S,D,2024-05-06,1000000.00,4.454789,100.751953125
08:36:09,91282CKP5,TSRYS5793017,D,S,D,2024-05-06,1000000.00,4.454789,100.751953125
08:36:09,91282CKP5,TSRYS5793017,D,S,D,2024-05-06,1000000.00,4.454789,100.751953125
08:36:09,91282CKP5,TSRYS5793017,D,B,C,2024-05-06,1000000.00,4.454789,100.751953125
08:36:10,91282CKP5,TSRYS5793017,D,S,D,2024-05-06,1000000.00,4.454789,100.751953125
08:36:10,91282CKP5,TSRYS5793017,D,S,D,2024-05-06,1000000.00,4.454789,100.751953125
08:36:10,91282CKP5,TSRYS5793017,D,B,C,2024-05-06,1000000.00,4.454789,100.751953125
08:36:11,91282CKP5,TSRYS5793017,D,S,D,2024-05-06,1000000.00,4.454789,100.751953125
08:36:12,91282CKP5,TSRYS5793017,D,S,D,2024-05-06,10000.00,4.45347,100.757813
08:36:14,91282CKP5,TSRYS5793017,D,S,D,2024-05-06,1000000.00,4.454789,100.751953125
08:36:14,91282CKP5,TSRYS5793017,D,S,C,2024-05-06,1000000.00,4.454789,100.751953125
08:36:16,91282CKP5,TSRYS5793017,D,S,C,2024-05-06,10000.00,4.454328,100.754
08:36:19,91282CKP5,TSRYS5793017,D,B,C,2024-05-06,1000000.00,4.455668,100.748046875
08:36:19,91282CKP5,TSRYS5793017,D,S,C,2024-05-06,1000000.00,4.455668,100.748046875
08:36:20,91282CKP5,TSRYS5793017,D,B,C,2024-05-06,1000000.00,4.45528,100.749773
08:36:20,91282CKP5,TSRYS5793017,D,S,C,2024-05-06,1000000.00,4.455228,100.75
08:36:20,91282CKP5,TSRYS5793017,D,B,C,2024-05-06,1000000.00,4.45528,100.749773
08:36:20,91282CKP5,TSRYS5793017,D,S,C,2024-05-06,1000000.00,4.455228,100.75
08:36:20,91282CKP5,TSRYS5793017,D,B,C,2024-05-06,1000000.00,4.45528,100.749773
08:36:20,91282CKP5,TSRYS5793017,D,S,C,2024-05-06,1000000.00,4.455228,100.75
08:36:20,91282CKP5,TSRYS5793017,D,S,C,2024-05-06,1000000.00,4.455228,100.75
08:36:20,91282CKP5,TSRYS5793017,D,S,D,2024-05-06,1000000.00,4.455228,100.75
08:36:20,91282CKP5,TSRYS5793017,D,S,C,2024-05-06,1000000.00,4.455228,100.75
08:36:20,91282CKP5,TSRYS5793017,D,B,C,2024-05-06,1000000.00,4.455228,100.75
08:36:20,91282CKP5,TSRYS5793017,D,S,C,2024-05-06,1000000.00,4.455228,100.75
08:36:20,91282CKP5,TSRYS5793017,D,B,C,2024-05-06,1000000.00,4.455228,100.75
08:36:20,91282CKP5,TSRYS5793017,D,S,C,2024-05-06,1000000.00,4.455228,100.75
08:36:20,91282CKP5,TSRYS5793017,D,S,C,2024-05-06,1000000.00,4.455228,100.75
08:36:20,91282CKP5,TSRYS5793017,D,S,C,2024-05-06,1000000.00,4.455228,100.75
08:36:20,91282CKP5,TSRYS5793017,D,S,C,2024-05-06,1000000.00,4.455161,100.7503
08:36:20,91282CKP5,TSRYS5793017,D,B,C,2024-05-06,1000000.00,4.45528,100.749773
08:36:20,91282CKP5,TSRYS5793017,D,S,D,2024-05-06,1000000.00,4.455228,100.75
08:36:20,91282CKP5,TSRYS5793017,D,B,C,2024-05-06,1000000.00,4.45528,100.749773
08:36:20,91282CKP5,TSRYS5793017,D,S,D,2024-05-06,1000000.00,4.455228,100.75
08:36:20,91282CKP5,TSRYS5793017,D,S,T,2024-05-06,4000000.00,4.456108,100.74609375
08:36:20,91282CKP5,TSRYS5793017,D,S,T,2024-05-06,4000000.00,4.455668,100.748046875
08:36:21,91282CKP5,TSRYS5793017,D,S,C,2024-05-06,4000000.00,4.456108,100.74609375
08:36:21,91282CKP5,TSRYS5793017,D,B,C,2024-05-06,1000000.00,4.455713,100.747846875
08:36:21,91282CKP5,TSRYS5793017,D,S,C,2024-05-06,1000000.00,4.455668,100.748046875
08:36:21,91282CKP5,TSRYS5793017,D,B,C,2024-05-06,1000000.00,4.455691,100.747946875
08:36:21,91282CKP5,TSRYS5793017,D,S,C,2024-05-06,1000000.00,4.455668,100.748046875
08:36:21,91282CKP5,TSRYS5793017,D,S,C,2024-05-06,4000000.00,4.455668,100.748046875
08:36:21,91282CKP5,TSRYS5793017,D,B,C,2024-05-06,3000000.00,4.455668,100.748046875
08:36:22,91282CKP5,TSRYS5793017,D,S,C,2024-05-06,3000000.00,4.455668,100.748046875
08:36:22,91282CKP5,TSRYS5793017,D,B,C,2024-05-06,1000000.00,4.455668,100.748046875
08:36:22,91282CKP5,TSRYS5793017,D,S,C,2024-05-06,1000000.00,4.455668,100.748046875
08:36:22,91282CKP5,TSRYS5793017,D,B,C,2024-05-06,2000000.00,4.455668,100.748046875
08:36:22,91282CKP5,TSRYS5793017,D,S,C,2024-05-06,2000000.00,4.455668,100.748046875
08:36:22,91282CKP5,TSRYS5793017,D,B,C,2024-05-06,3000000.00,4.455668,100.748046875
08:36:22,91282CKP5,TSRYS5793017,D,S,C,2024-05-06,3000000.00,4.455668,100.748046875
08:36:22,91282CKP5,TSRYS5793017,D,S,C,2024-05-06,1000000.00,4.456108,100.74609375
08:36:22,91282CKP5,TSRYS5793017,D,B,C,2024-05-06,1000000.00,4.456153,100.74589375
08:36:23,91282CKP5,TSRYS5793017,D,S,C,2024-05-06,1000000.00,4.456108,100.74609375
08:36:23,91282CKP5,TSRYS5793017,D,B,C,2024-05-06,1000000.00,4.456153,100.74589375
08:36:25,91282CKP5,TSRYS5793017,D,B,C,2024-05-06,1000000.00,4.456547,100.744140625
08:36:25,91282CKP5,TSRYS5793017,D,S,D,2024-05-06,1000000.00,4.456547,100.744140625
08:36:26,91282CKP5,TSRYS5793017,D,S,D,2024-05-06,1000000.00,4.456547,100.744140625
08:36:30,91282CKP5,TSRYS5793017,D,B,C,2024-05-06,1000000.00,4.456547,100.744140625
08:36:30,91282CKP5,TSRYS5793017,D,S,D,2024-05-06,1000000.00,4.456547,100.744140625
08:36:30,91282CKP5,TSRYS5793017,D,S,D,2024-05-06,1000000.00,4.456547,100.744140625
08:36:31,91282CKP5,TSRYS5793017,D,S,D,2024-05-06,1000000.00,4.456547,100.744140625
08:36:31,91282CKP5,TSRYS5793017,D,B,C,2024-05-06,1000000.00,4.456547,100.744140625
08:36:31,91282CKP5,TSRYS5793017,D,S,D,2024-05-06,1000000.00,4.456547,100.744140625
08:36:32,91282CKP5,TSRYS5793017,D,B,C,2024-05-06,1000000.00,4.456547,100.744140625
08:36:32,91282CKP5,TSRYS5793017,D,S,D,2024-05-06,1000000.00,4.456547,100.744140625
08:36:32,91282CKP5,TSRYS5793017,D,S,D,2024-05-06,1000000.00,4.456547,100.744140625
08:36:33,91282CKP5,TSRYS5793017,D,S,D,2024-05-06,1000000.00,4.456547,100.744140625
08:36:33,91282CKP5,TSRYS5793017,D,B,C,2024-05-06,1000000.00,4.456547,100.744140625
08:36:33,91282CKP5,TSRYS5793017,D,S,D,2024-05-06,1000000.00,4.456547,100.744140625
08:36:34,91282CKP5,TSRYS5793017,D,S,D,2024-05-06,1000000.00,4.456547,100.744140625
08:36:34,91282CKP5,TSRYS5793017,D,B,C,2024-05-06,1000000.00,4.456547,100.744140625
08:36:34,91282CKP5,TSRYS5793017,D,S,D,2024-05-06,1000000.00,4.456547,100.744140625
08:36:35,91282CKP5,TSRYS5793017,D,S,D,2024-05-06,1000000.00,4.456547,100.744140625
08:36:35,91282CKP5,TSRYS5793017,D,B,C,2024-05-06,1000000.00,4.456547,100.744140625
08:36:35,91282CKP5,TSRYS5793017,D,S,D,2024-05-06,1000000.00,4.456547,100.744140625
08:36:36,91282CKP5,TSRYS5793017,D,S,D,2024-05-06,1000000.00,4.456547,100.744140625
08:36:36,91282CKP5,TSRYS5793017,D,B,C,2024-05-06,1000000.00,4.456547,100.744140625
08:36:36,91282CKP5,TSRYS5793017,D,S,D,2024-05-06,1000000.00,4.456547,100.744140625
08:36:37,91282CKP5,TSRYS5793017,D,S,D,2024-05-06,1000000.00,4.456547,100.744140625
08:36:37,91282CKP5,TSRYS5793017,D,B,C,2024-05-06,1000000.00,4.456547,100.744140625
08:36:37,91282CKP5,TSRYS5793017,D,S,D,2024-05-06,1000000.00,4.456547,100.744140625
08:36:37,91282CKP5,TSRYS5793017,D,B,C,2024-05-06,1000000.00,4.456547,100.744140625
08:36:37,91282CKP5,TSRYS5793017,D,S,D,2024-05-06,1000000.00,4.456547,100.744140625
08:36:38,91282CKP5,TSRYS5793017,D,S,D,2024-05-06,1000000.00,4.456547,100.744140625
08:36:38,91282CKP5,TSRYS5793017,D,B,C,2024-05-06,1000000.00,4.456547,100.744140625
08:36:38,91282CKP5,TSRYS5793017,D,S,D,2024-05-06,1000000.00,4.456547,100.744140625
08:36:39,91282CKP5,TSRYS5793017,D,S,D,2024-05-06,1000000.00,4.456547,100.744140625
08:36:43,91282CKP5,TSRYS5793017,D,B,C,2024-05-06,1000000.00,4.456108,100.74609375
08:36:43,91282CKP5,TSRYS5793017,D,S,C,2024-05-06,1000000.00,4.456108,100.74609375
08:36:43,91282CKP5,TSRYS5793017,D,S,D,2024-05-06,1000000.00,4.456547,100.744140625
08:36:43,91282CKP5,TSRYS5793017,D,B,C,2024-05-06,1000000.00,4.456592,100.743940625
08:36:43,91282CKP5,TSRYS5793017,D,S,D,2024-05-06,1000000.00,4.456547,100.744140625
08:36:43,91282CKP5,TSRYS5793017,D,B,C,2024-05-06,1000000.00,4.456592,100.743940625
08:36:43,91282CKP5,TSRYS5793017,D,S,D,2024-05-06,1000000.00,4.456547,100.744140625
08:36:43,91282CKP5,TSRYS5793017,D,B,C,2024-05-06,1000000.00,4.456592,100.743940625
08:36:43,91282CKP5,TSRYS5793017,D,S,D,2024-05-06,1000000.00,4.456547,100.744140625
08:36:44,91282CKP5,TSRYS5793017,D,B,C,2024-05-06,1000000.00,4.456592,100.743940625
08:36:44,91282CKP5,TSRYS5793017,D,S,C,2024-05-06,1000000.00,4.456547,100.744140625
08:36:44,91282CKP5,TSRYS5793017,D,B,C,2024-05-06,1000000.00,4.456592,100.743940625
08:36:44,91282CKP5,TSRYS5793017,D,S,C,2024-05-06,1000000.00,4.456547,100.744140625
08:36:44,91282CKP5,TSRYS5793017,D,B,C,2024-05-06,1000000.00,4.456592,100.743940625
08:36:45,91282CKP5,TSRYS5793017,D,S,C,2024-05-06,1000000.00,4.456547,100.744140625
08:36:45,91282CKP5,TSRYS5793017,D,B,C,2024-05-06,1000000.00,4.456592,100.743940625
08:36:45,91282CKP5,TSRYS5793017,D,S,C,2024-05-06,1000000.00,4.456547,100.744140625
08:36:45,91282CKP5,TSRYS5793017,D,B,C,2024-05-06,1000000.00,4.456592,100.743940625
08:36:45,91282CKP5,TSRYS5793017,D,S,C,2024-05-06,1000000.00,4.456547,100.744140625
08:36:45,91282CKP5,TSRYS5793017,D,B,C,2024-05-06,1000000.00,4.456592,100.743940625
08:36:45,91282CKP5,TSRYS5793017,D,S,C,2024-05-06,1000000.00,4.456547,100.744140625
08:36:46,91282CKP5,TSRYS5793017,D,B,C,2024-05-06,1000000.00,4.456592,100.743940625
08:36:46,91282CKP5,TSRYS5793017,D,S,C,2024-05-06,1000000.00,4.456547,100.744140625
08:36:46,91282CKP5,TSRYS5793017,D,B,C,2024-05-06,1000000.00,4.456592,100.743940625
08:36:46,91282CKP5,TSRYS5793017,D,S,C,2024-05-06,1000000.00,4.456547,100.744140625
08:36:46,91282CKP5,TSRYS5793017,D,B,C,2024-05-06,1000000.00,4.456592,100.743940625
08:36:47,91282CKP5,TSRYS5793017,D,S,C,2024-05-06,10000000.00,4.455237,100.74996
08:36:47,91282CKP5,TSRYS5793017,D,S,T,2024-05-06,1000000.00,4.456987,100.7421875
08:36:47,91282CKP5,TSRYS5793017,D,S,T,2024-05-06,1000000.00,4.456987,100.7421875
08:36:47,91282CKP5,TSRYS5793017,D,B,C,2024-05-06,1000000.00,4.457449,100.740134375
08:36:48,91282CKP5,TSRYS5793017,D,B,C,2024-05-06,1000000.00,4.457449,100.740134375
08:36:48,91282CKP5,TSRYS5793017,D,S,C,2024-05-06,2000000.00,4.457427,100.740234375
08:36:50,91282CKP5,TSRYS5793017,D,S,T,2024-05-06,1000000.00,4.457427,100.740234375
08:36:50,91282CKP5,TSRYS5793017,D,S,D,2024-05-06,1000000.00,4.458746,100.734375
08:36:50,91282CKP5,TSRYS5793017,D,S,D,2024-05-06,1000000.00,4.458746,100.734375
08:36:50,91282CKP5,TSRYS5793017,D,S,D,2024-05-06,1000000.00,4.458746,100.734375
08:36:50,91282CKP5,TSRYS5793017,D,S,D,2024-05-06,1000000.00,4.458746,100.734375
08:36:50,91282CKP5,TSRYS5793017,D,S,D,2024-05-06,1000000.00,4.458746,100.734375
08:36:50,91282CKP5,TSRYS5793017,D,S,C,2024-05-06,1000000.00,4.457427,100.740234375
08:36:50,91282CKP5,TSRYS5793017,D,S,D,2024-05-06,1000000.00,4.456987,100.7421875
08:36:51,91282CKP5,TSRYS5793017,D,S,D,2024-05-06,1000000.00,4.456987,100.7421875
08:36:51,91282CKP5,TSRYS5793017,D,S,D,2024-05-06,1000000.00,4.456987,100.7421875
08:36:51,91282CKP5,TSRYS5793017,D,S,D,2024-05-06,1000000.00,4.456987,100.7421875
08:36:51,91282CKP5,TSRYS5793017,D,S,D,2024-05-06,1000000.00,4.456987,100.7421875
08:37:00,91282CKP5,TSRYS5793017,D,B,C,2024-05-06,100000000.00,4.456987,100.7421875
08:37:00,91282CKP5,TSRYS5793017,D,S,D,2024-05-06,1000000.00,4.458746,100.734375
08:37:00,91282CKP5,TSRYS5793017,D,S,D,2024-05-06,1000000.00,4.458746,100.734375
08:37:00,91282CKP5,TSRYS5793017,D,S,D,2024-05-06,1000000.00,4.458746,100.734375
08:37:00,91282CKP5,TSRYS5793017,D,S,D,2024-05-06,1000000.00,4.458746,100.734375
08:37:00,91282CKP5,TSRYS5793017,D,S,D,2024-05-06,1000000.00,4.458746,100.734375
08:37:00,91282CKP5,TSRYS5793017,D,S,D,2024-05-06,1000000.00,4.458746,100.734375
08:37:00,91282CKP5,TSRYS5793017,D,S,D,2024-05-06,1000000.00,4.458746,100.734375
08:37:00,91282CKP5,TSRYS5793017,D,S,D,2024-05-06,1000000.00,4.458746,100.734375
08:37:01,91282CKP5,TSRYS5793017,D,S,D,2024-05-06,1000000.00,4.456987,100.7421875
08:37:02,91282CKP5,TSRYS5793017,D,S,D,2024-05-06,1000000.00,4.456987,100.7421875
08:37:05,91282CKP5,TSRYS5793017,D,S,T,2024-05-06,1000000.00,4.458746,100.734375
08:37:05,91282CKP5,TSRYS5793017,D,S,T,2024-05-06,1000000.00,4.458746,100.734375
08:37:05,91282CKP5,TSRYS5793017,D,S,T,2024-05-06,1000000.00,4.458746,100.734375
08:37:05,91282CKP5,TSRYS5793017,D,S,T,2024-05-06,3000000.00,4.458746,100.734375
08:37:05,91282CKP5,TSRYS5793017,D,S,T,2024-05-06,2000000.00,4.458746,100.734375
08:37:05,91282CKP5,TSRYS5793017,D,S,T,2024-05-06,1000000.00,4.458746,100.734375
08:37:05,91282CKP5,TSRYS5793017,D,S,T,2024-05-06,3000000.00,4.458746,100.734375
08:37:05,91282CKP5,TSRYS5793017,D,S,T,2024-05-06,2000000.00,4.458746,100.734375
08:37:05,91282CKP5,TSRYS5793017,D,S,T,2024-05-06,1000000.00,4.458746,100.734375
08:37:05,91282CKP5,TSRYS5793017,D,S,T,2024-05-06,2000000.00,4.458746,100.734375
08:37:06,91282CKP5,TSRYS5793017,D,S,C,2024-05-06,1000000.00,4.456987,100.7421875
08:37:10,91282CKP5,TSRYS5793017,D,S,T,2024-05-06,6000000.00,4.458746,100.734375
08:37:10,91282CKP5,TSRYS5793017,D,S,D,2024-05-06,2000000.00,4.460504,100.7265625
08:37:10,91282CKP5,TSRYS5793017,D,S,D,2024-05-06,2000000.00,4.460504,100.7265625
08:37:10,91282CKP5,TSRYS5793017,D,S,D,2024-05-06,1000000.00,4.458746,100.734375
08:37:10,91282CKP5,TSRYS5793017,D,S,D,2024-05-06,1000000.00,4.458746,100.734375
08:37:10,91282CKP5,TSRYS5793017,D,S,D,2024-05-06,1000000.00,4.456987,100.7421875
08:37:10,91282CKP5,TSRYS5793017,D,S,D,2024-05-06,1000000.00,4.458746,100.734375
08:37:12,91282CKP5,TSRYS5793017,D,S,C,2024-05-06,30000000.00,4.456108,100.74609375
08:37:20,91282CKP5,TSRYS5793017,D,S,D,2024-05-06,2000000.00,4.456987,100.7421875
08:37:20,91282CKP5,TSRYS5793017,D,S,D,2024-05-06,1000000.00,4.458746,100.734375
08:37:20,91282CKP5,TSRYS5793017,D,S,D,2024-05-06,1000000.00,4.458746,100.734375
08:37:21,91282CKP5,TSRYS5793017,D,S,D,2024-05-06,1000000.00,4.456987,100.7421875
08:37:21,91282CKP5,TSRYS5793017,D,S,D,2024-05-06,1000000.00,4.458746,100.734375
08:37:21,91282CKP5,TSRYS5793017,D,B,C,2024-05-06,1000000.00,4.458746,100.734375
08:37:21,91282CKP5,TSRYS5793017,D,B,C,2024-05-06,1000000.00,4.458746,100.734375
08:37:21,91282CKP5,TSRYS5793017,D,S,D,2024-05-06,2000000.00,4.458746,100.734375
08:37:21,91282CKP5,TSRYS5793017,D,S,D,2024-05-06,1000000.00,4.458746,100.734375
08:37:21,91282CKP5,TSRYS5793017,D,B,C,2024-05-06,2000000.00,4.458746,100.734375
08:37:21,91282CKP5,TSRYS5793017,D,S,D,2024-05-06,2000000.00,4.456987,100.7421875
08:37:25,91282CKP5,TSRYS5793017,D,S,T,2024-05-06,4000000.00,4.456987,100.7421875
08:37:25,91282CKP5,TSRYS5793017,D,S,C,2024-05-06,1000000.00,4.456987,100.7421875
08:37:26,91282CKP5,TSRYS5793017,D,S,C,2024-05-06,4000000.00,4.456987,100.7421875
08:37:27,91282CKP5,TSRYS5793017,D,S,C,2024-05-06,1000000.00,4.456987,100.7421875
08:37:28,91282CKP5,TSRYS5793017,D,S,T,2024-05-06,1000000.00,4.456998,100.7421375
08:37:28,91282CKP5,TSRYS5793017,D,S,D,2024-05-06,1000000.00,4.456547,100.744140625
08:37:28,91282CKP5,TSRYS5793017,D,B,C,2024-05-06,1000000.00,4.456592,100.743940625
08:37:28,91282CKP5,TSRYS5793017,D,S,D,2024-05-06,1000000.00,4.456547,100.744140625
08:37:28,91282CKP5,TSRYS5793017,D,B,C,2024-05-06,1000000.00,4.456592,100.743940625
08:37:28,91282CKP5,TSRYS5793017,D,S,D,2024-05-06,1000000.00,4.456547,100.744140625
08:37:28,91282CKP5,TSRYS5793017,D,B,C,2024-05-06,1000000.00,4.456592,100.743940625
08:37:28,91282CKP5,TSRYS5793017,D,S,C,2024-05-06,1000000.00,4.456525,100.744240625
08:37:28,91282CKP5,TSRYS5793017,D,S,T,2024-05-06,1000000.00,4.456987,100.7421875
08:37:29,91282CKP5,TSRYS5793017,D,B,C,2024-05-06,1000000.00,4.456592,100.743940625
08:37:29,91282CKP5,TSRYS5793017,D,S,T,2024-05-06,1000000.00,4.456987,100.7421875
08:37:30,91282CKP5,TSRYS5793017,D,S,D,2024-05-06,1000000.00,4.460504,100.7265625
08:37:30,91282CKP5,TSRYS5793017,D,S,D,2024-05-06,1000000.00,4.460504,100.7265625
08:37:30,91282CKP5,TSRYS5793017,D,S,D,2024-05-06,1000000.00,4.460504,100.7265625
08:37:31,91282CKP5,TSRYS5793017,D,B,C,2024-05-06,1000000.00,4.456547,100.744140625
08:37:31,91282CKP5,TSRYS5793017,D,S,D,2024-05-06,1000000.00,4.456547,100.744140625
08:37:31,91282CKP5,TSRYS5793017,D,B,C,2024-05-06,1000000.00,4.456547,100.744140625
08:37:31,91282CKP5,TSRYS5793017,D,S,C,2024-05-06,1000000.00,4.456547,100.744140625
08:37:31,91282CKP5,TSRYS5793017,D,S,D,2024-05-06,1000000.00,4.456547,100.744140625
08:37:31,91282CKP5,TSRYS5793017,D,B,C,2024-05-06,1000000.00,4.456547,100.744140625
08:37:31,91282CKP5,TSRYS5793017,D,S,D,2024-05-06,1000000.00,4.456547,100.744140625
08:37:32,91282CKP5,TSRYS5793017,D,S,D,2024-05-06,1000000.00,4.456547,100.744140625
08:37:38,91282CKP5,TSRYS5793017,D,S,D,2024-05-06,2000000.00,4.458746,100.734375
08:37:38,91282CKP5,TSRYS5793017,D,S,D,2024-05-06,6000000.00,4.458746,100.734375
08:37:38,91282CKP5,TSRYS5793017,D,S,D,2024-05-06,3000000.00,4.458746,100.734375
08:37:38,91282CKP5,TSRYS5793017,D,S,D,2024-05-06,2000000.00,4.458746,100.734375
08:37:38,91282CKP5,TSRYS5793017,D,B,C,2024-05-06,3000000.00,4.458791,100.734175
08:37:38,91282CKP5,TSRYS5793017,D,B,C,2024-05-06,1000000.00,4.458746,100.734375
08:37:38,91282CKP5,TSRYS5793017,D,B,C,2024-05-06,3000000.00,4.458746,100.734375
08:37:38,91282CKP5,TSRYS5793017,D,B,C,2024-05-06,3000000.00,4.458746,100.734375
08:37:38,91282CKP5,TSRYS5793017,D,S,D,2024-05-06,1000000.00,4.458746,100.734375
08:37:38,91282CKP5,TSRYS5793017,D,B,C,2024-05-06,1000000.00,4.458746,100.734375
08:37:38,91282CKP5,TSRYS5793017,D,S,D,2024-05-06,1000000.00,4.458746,100.734375
08:37:38,91282CKP5,TSRYS5793017,D,S,D,2024-05-06,3000000.00,4.458746,100.734375
08:37:38,91282CKP5,TSRYS5793017,D,S,D,2024-05-06,1000000.00,4.458746,100.734375
08:37:38,91282CKP5,TSRYS5793017,D,B,C,2024-05-06,1000000.00,4.458746,100.734375
08:37:38,91282CKP5,TSRYS5793017,D,S,D,2024-05-06,1000000.00,4.458746,100.734375
08:37:39,91282CKP5,TSRYS5793017,D,S,T,2024-05-06,2000000.00,4.456987,100.7421875
08:37:39,91282CKP5,TSRYS5793017,D,S,T,2024-05-06,1000000.00,4.456987,100.7421875
08:37:40,91282CKP5,TSRYS5793017,D,S,D,2024-05-06,1000000.00,4.460504,100.7265625
08:37:40,91282CKP5,TSRYS5793017,D,S,D,2024-05-06,1000000.00,4.460504,100.7265625
08:37:41,91282CKP5,TSRYS5793017,D,S,D,2024-05-06,1000000.00,4.460504,100.7265625
08:37:41,91282CKP5,TSRYS5793017,D,S,D,2024-05-06,1000000.00,4.460504,100.7265625
08:37:41,91282CKP5,TSRYS5793017,D,S,D,2024-05-06,1000000.00,4.460504,100.7265625
08:37:41,91282CKP5,TSRYS5793017,D,S,D,2024-05-06,1000000.00,4.460504,100.7265625
08:37:41,91282CKP5,TSRYS5793017,D,S,D,2024-05-06,1000000.00,4.460504,100.7265625
08:37:41,91282CKP5,TSRYS5793017,D,S,D,2024-05-06,1000000.00,4.460504,100.7265625
08:37:50,91282CKP5,TSRYS5793017,D,S,D,2024-05-06,1000000.00,4.458746,100.734375
08:37:50,91282CKP5,TSRYS5793017,D,B,C,2024-05-06,1000000.00,4.458746,100.734375
08:37:50,91282CKP5,TSRYS5793017,D,S,D,2024-05-06,2000000.00,4.458746,100.734375
08:37:50,91282CKP5,TSRYS5793017,D,S,D,2024-05-06,3000000.00,4.458746,100.734375
08:37:50,91282CKP5,TSRYS5793017,D,B,C,2024-05-06,1000000.00,4.458746,100.734375
08:37:50,91282CKP5,TSRYS5793017,D,S,D,2024-05-06,1000000.00,4.458746,100.734375
08:37:50,91282CKP5,TSRYS5793017,D,S,C,2024-05-06,1000000.00,4.458746,100.734375
08:37:50,91282CKP5,TSRYS5793017,D,S,D,2024-05-06,3000000.00,4.458746,100.734375
08:37:50,91282CKP5,TSRYS5793017,D,S,C,2024-05-06,1000000.00,4.458746,100.734375
08:37:50,91282CKP5,TSRYS5793017,D,S,C,2024-05-06,1000000.00,4.458746,100.734375
08:37:50,91282CKP5,TSRYS5793017,D,S,C,2024-05-06,1000000.00,4.458746,100.734375
08:37:50,91282CKP5,TSRYS5793017,D,S,D,2024-05-06,3000000.00,4.458746,100.734375
08:37:50,91282CKP5,TSRYS5793017,D,B,C,2024-05-06,1000000.00,4.456987,100.7421875
08:37:50,91282CKP5,TSRYS5793017,D,S,C,2024-05-06,1000000.00,4.456919,100.7424875
08:37:50,91282CKP5,TSRYS5793017,D,S,C,2024-05-06,1000000.00,4.456987,100.7421875
08:37:50,91282CKP5,TSRYS5793017,D,S,C,2024-05-06,1000000.00,4.456987,100.7421875
08:37:50,91282CKP5,TSRYS5793017,D,S,C,2024-05-06,2000000.00,4.456919,100.7424875
08:37:50,91282CKP5,TSRYS5793017,D,S,C,2024-05-06,1000000.00,4.456987,100.7421875
08:37:50,91282CKP5,TSRYS5793017,D,S,D,2024-05-06,1000000.00,4.460504,100.7265625
08:37:50,91282CKP5,TSRYS5793017,D,S,D,2024-05-06,1000000.00,4.460504,100.7265625
08:37:50,91282CKP5,TSRYS5793017,D,S,D,2024-05-06,1000000.00,4.460504,100.7265625
08:37:50,91282CKP5,TSRYS5793017,D,S,D,2024-05-06,1000000.00,4.460504,100.7265625
08:37:51,91282CKP5,TSRYS5793017,D,S,D,2024-05-06,1000000.00,4.460504,100.7265625
08:37:51,91282CKP5,TSRYS5793017,D,S,D,2024-05-06,1000000.00,4.460504,100.7265625
08:37:51,91282CKP5,TSRYS5793017,D,S,T,2024-05-06,1000000.00,4.456987,100.7421875
08:37:51,91282CKP5,TSRYS5793017,D,S,D,2024-05-06,1000000.00,4.460504,100.7265625
08:37:51,91282CKP5,TSRYS5793017,D,S,D,2024-05-06,5000000.00,4.458746,100.734375
08:37:51,91282CKP5,TSRYS5793017,D,S,C,2024-05-06,1000000.00,4.456108,100.74609375
08:37:51,91282CKP5,TSRYS5793017,D,B,C,2024-05-06,1000000.00,4.456108,100.74609375
08:37:51,91282CKP5,TSRYS5793017,D,S,T,2024-05-06,2000000.00,4.456987,100.7421875
08:37:51,91282CKP5,TSRYS5793017,D,S,T,2024-05-06,1000000.00,4.456108,100.74609375
08:37:51,91282CKP5,TSRYS5793017,D,S,T,2024-05-06,1000000.00,4.456108,100.74609375
08:37:51,91282CKP5,TSRYS5793017,D,S,T,2024-05-06,1000000.00,4.456108,100.74609375
08:37:51,91282CKP5,TSRYS5793017,D,S,C,2024-05-06,2000000.00,4.456987,100.7421875
08:37:51,91282CKP5,TSRYS5793017,D,S,D,2024-05-06,5000000.00,4.458746,100.734375
08:37:51,91282CKP5,TSRYS5793017,D,S,C,2024-05-06,1000000.00,4.456964,100.7422875
08:37:52,91282CKP5,TSRYS5793017,D,B,C,2024-05-06,1000000.00,4.456547,100.744140625
08:37:52,91282CKP5,TSRYS5793017,D,S,C,2024-05-06,1000000.00,4.456525,100.744240625
08:37:52,91282CKP5,TSRYS5793017,D,S,D,2024-05-06,1000000.00,4.455668,100.748046875
08:37:52,91282CKP5,TSRYS5793017,D,B,C,2024-05-06,1000000.00,4.455668,100.748046875
08:37:52,91282CKP5,TSRYS5793017,D,S,D,2024-05-06,1000000.00,4.455668,100.748046875
08:37:52,91282CKP5,TSRYS5793017,D,B,C,2024-05-06,1000000.00,4.455668,100.748046875
08:37:52,91282CKP5,TSRYS5793017,D,S,D,2024-05-06,1000000.00,4.455668,100.748046875
08:37:52,91282CKP5,TSRYS5793017,D,B,C,2024-05-06,1000000.00,4.455668,100.748046875
08:37:52,91282CKP5,TSRYS5793017,D,B,C,2024-05-06,1000000.00,4.455668,100.748046875
08:37:52,91282CKP5,TSRYS5793017,D,S,D,2024-05-06,1000000.00,4.455668,100.748046875
08:37:52,91282CKP5,TSRYS5793017,D,S,D,2024-05-06,1000000.00,4.456108,100.74609375
08:37:52,91282CKP5,TSRYS5793017,D,B,C,2024-05-06,1000000.00,4.456153,100.74589375
08:37:52,91282CKP5,TSRYS5793017,D,S,D,2024-05-06,1000000.00,4.455668,100.748046875
08:37:52,91282CKP5,TSRYS5793017,D,S,D,2024-05-06,1000000.00,4.455668,100.748046875
08:37:53,91282CKP5,TSRYS5793017,D,S,D,2024-05-06,1000000.00,4.455668,100.748046875
08:37:53,91282CKP5,TSRYS5793017,D,S,D,2024-05-06,1000000.00,4.455668,100.748046875
08:37:54,91282CKP5,TSRYS5793017,D,S,C,2024-05-06,1000000.00,4.456085,100.74619375
08:37:54,91282CKP5,TSRYS5793017,D,B,C,2024-05-06,1000000.00,4.456108,100.74609375
08:37:54,91282CKP5,TSRYS5793017,D,S,D,2024-05-06,1000000.00,4.456108,100.74609375
08:37:54,91282CKP5,TSRYS5793017,D,B,C,2024-05-06,1000000.00,4.456153,100.74589375
08:37:54,91282CKP5,TSRYS5793017,D,S,T,2024-05-06,1000000.00,4.456987,100.7421875
08:37:54,91282CKP5,TSRYS5793017,D,S,C,2024-05-06,1000000.00,4.456108,100.74609375
08:37:54,91282CKP5,TSRYS5793017,D,B,C,2024-05-06,1000000.00,4.456153,100.74589375
08:37:55,91282CKP5,TSRYS5793017,D,S,C,2024-05-06,1000000.00,4.456085,100.74619375
08:37:55,91282CKP5,TSRYS5793017,D,B,C,2024-05-06,1000000.00,4.456153,100.74589375
08:37:55,91282CKP5,TSRYS5793017,D,S,C,2024-05-06,1000000.00,4.456085,100.74619375
08:37:55,91282CKP5,TSRYS5793017,D,B,C,2024-05-06,1000000.00,4.456153,100.74589375
08:37:56,91282CKP5,TSRYS5793017,D,S,T,2024-05-06,1000000.00,4.456987,100.7421875
08:37:56,91282CKP5,TSRYS5793017,D,S,C,2024-05-06,1000000.00,4.456108,100.74626875
08:37:56,91282CKP5,TSRYS5793017,D,S,C,2024-05-06,1000000.00,4.456108,100.74626875
08:37:56,91282CKP5,TSRYS5793017,D,S,C,2024-05-06,1000000.00,4.456108,100.74609375
08:37:56,91282CKP5,TSRYS5793017,D,S,D,2024-05-06,1000000.00,4.455668,100.748046875
08:37:56,91282CKP5,TSRYS5793017,D,B,C,2024-05-06,1000000.00,4.455713,100.747846875
08:37:56,91282CKP5,TSRYS5793017,D,S,D,2024-05-06,1000000.00,4.455668,100.748046875
08:37:56,91282CKP5,TSRYS5793017,D,B,C,2024-05-06,1000000.00,4.455713,100.747846875
08:37:56,91282CKP5,TSRYS5793017,D,S,T,2024-05-06,1000000.00,4.455228,100.75
08:37:56,91282CKP5,TSRYS5793017,D,S,T,2024-05-06,1000000.00,4.455228,100.75
08:37:56,91282CKP5,TSRYS5793017,D,S,T,2024-05-06,2000000.00,4.455228,100.75
08:37:56,91282CKP5,TSRYS5793017,D,S,D,2024-05-06,1000000.00,4.455668,100.748046875
08:37:56,91282CKP5,TSRYS5793017,D,B,C,2024-05-06,1000000.00,4.455713,100.747846875
08:37:56,91282CKP5,TSRYS5793017,D,S,D,2024-05-06,1000000.00,4.455668,100.748046875
08:37:57,91282CKP5,TSRYS5793017,D,B,C,2024-05-06,1000000.00,4.455713,100.747846875
08:37:57,91282CKP5,TSRYS5793017,D,S,D,2024-05-06,1000000.00,4.455668,100.748046875
08:37:57,91282CKP5,TSRYS5793017,D,B,C,2024-05-06,1000000.00,4.455713,100.747846875
08:37:57,91282CKP5,TSRYS5793017,D,S,C,2024-05-06,1000000.00,4.455646,100.748146875
08:37:57,91282CKP5,TSRYS5793017,D,B,C,2024-05-06,1000000.00,4.455713,100.747846875
08:37:58,91282CKP5,TSRYS5793017,D,S,T,2024-05-06,1000000.00,4.455228,100.75
08:37:59,91282CKP5,TSRYS5793017,D,S,C,2024-05-06,1000000.00,4.455228,100.75
08:37:59,91282CKP5,TSRYS5793017,D,S,T,2024-05-06,1000000.00,4.45524,100.74995
08:37:59,91282CKP5,TSRYS5793017,D,S,C,2024-05-06,1000000.00,4.455206,100.7501
08:38:00,91282CKP5,TSRYS5793017,D,S,T,2024-05-06,1000000.00,4.455228,100.75
08:38:00,91282CKP5,TSRYS5793017,D,S,T,2024-05-06,1000000.00,4.455228,100.75
08:38:00,91282CKP5,TSRYS5793017,D,S,T,2024-05-06,1000000.00,4.455228,100.75
08:38:01,91282CKP5,TSRYS5793017,D,S,D,2024-05-06,1000000.00,4.455228,100.75
08:38:01,91282CKP5,TSRYS5793017,D,S,D,2024-05-06,2000000.00,4.458746,100.734375
08:38:01,91282CKP5,TSRYS5793017,D,S,D,2024-05-06,2000000.00,4.458746,100.734375
08:38:02,91282CKP5,TSRYS5793017,D,S,D,2024-05-06,2000000.00,4.458746,100.734375
08:38:03,91282CKP5,TSRYS5793017,D,S,D,2024-05-06,10000000.00,4.456987,100.7421875
08:38:06,91282CKP5,TSRYS5793017,D,S,T,2024-05-06,1000000.00,4.45391,100.755859375
08:38:06,91282CKP5,TSRYS5793017,D,S,C,2024-05-06,1000000.00,4.453887,100.755959375
08:38:06,91282CKP5,TSRYS5793017,D,B,C,2024-05-06,1000000.00,4.454349,100.75390625
08:38:07,91282CKP5,TSRYS5793017,D,S,C,2024-05-06,1000000.00,4.454349,100.75390625
08:38:07,91282CKP5,TSRYS5793017,D,B,C,2024-05-06,2000000.00,4.454349,100.75390625
08:38:07,91282CKP5,TSRYS5793017,D,S,C,2024-05-06,2000000.00,4.454349,100.75390625
08:38:08,91282CKP5,TSRYS5793017,D,S,T,2024-05-06,2000000.00,4.454349,100.75390625
08:38:10,91282CKP5,TSRYS5793017,D,S,D,2024-05-06,1000000.00,4.462263,100.71875
08:38:10,91282CKP5,TSRYS5793017,D,S,D,2024-05-06,1000000.00,4.462263,100.71875
08:38:11,91282CKP5,TSRYS5793017,D,S,D,2024-05-06,2000000.00,4.454349,100.75390625
08:38:11,91282CKP5,TSRYS5793017,D,S,D,2024-05-06,4000000.00,4.458746,100.734375
08:38:11,91282CKP5,TSRYS5793017,D,S,D,2024-05-06,5000000.00,4.456987,100.7421875
08:38:12,91282CKP5,TSRYS5793017,D,S,D,2024-05-06,3000000.00,4.456987,100.7421875
08:38:12,91282CKP5,TSRYS5793017,D,S,D,2024-05-06,6000000.00,4.456987,100.7421875
08:38:13,91282CKP5,TSRYS5793017,D,S,T,2024-05-06,14000000.00,4.454789,100.751953125
08:38:13,91282CKP5,TSRYS5793017,D,S,T,2024-05-06,2000000.00,4.454789,100.751953125
08:38:13,91282CKP5,TSRYS5793017,D,S,T,2024-05-06,7000000.00,4.454789,100.751953125
08:38:17,91282CKP5,TSRYS5793017,D,S,D,2024-05-06,3000000.00,4.454789,100.751953125
08:38:17,91282CKP5,TSRYS5793017,D,S,D,2024-05-06,6000000.00,4.454789,100.751953125
08:38:17,91282CKP5,TSRYS5793017,D,S,D,2024-05-06,1000000.00,4.454789,100.751953125
08:38:17,91282CKP5,TSRYS5793017,D,S,D,2024-05-06,4000000.00,4.454789,100.751953125
08:38:17,91282CKP5,TSRYS5793017,D,S,D,2024-05-06,2000000.00,4.454789,100.751953125
08:38:17,91282CKP5,TSRYS5793017,D,S,C,2024-05-06,1000000.00,4.454789,100.751953125
08:38:17,91282CKP5,TSRYS5793017,D,S,C,2024-05-06,6000000.00,4.454789,100.751953125
08:38:18,91282CKP5,TSRYS5793017,D,S,T,2024-05-06,1000000.00,4.455251,100.7499
08:38:18,91282CKP5,TSRYS5793017,D,S,T,2024-05-06,1000000.00,4.455251,100.7499
08:38:18,91282CKP5,TSRYS5793017,D,S,T,2024-05-06,3000000.00,4.455228,100.75
08:38:18,91282CKP5,TSRYS5793017,D,S,T,2024-05-06,1000000.00,4.455228,100.75
08:38:18,91282CKP5,TSRYS5793017,D,S,T,2024-05-06,1000000.00,4.455228,100.75
08:38:18,91282CKP5,TSRYS5793017,D,S,T,2024-05-06,1000000.00,4.455228,100.75
08:38:18,91282CKP5,TSRYS5793017,D,S,T,2024-05-06,1000000.00,4.455228,100.75
08:38:18,91282CKP5,TSRYS5793017,D,S,A,2024-05-06,1330000.00,4.454349,100.75390625
08:38:18,91282CKP5,TSRYS5793017,D,S,C,2024-05-06,1000000.00,4.455206,100.7501
08:38:18,91282CKP5,TSRYS5793017,D,S,D,2024-05-06,1000000.00,4.455228,100.75
08:38:18,91282CKP5,TSRYS5793017,D,B,C,2024-05-06,1000000.00,4.455228,100.75
08:38:19,91282CKP5,TSRYS5793017,D,S,D,2024-05-06,1000000.00,4.455228,100.75
08:38:20,91282CKP5,TSRYS5793017,D,S,D,2024-05-06,5000000.00,4.456987,100.7421875
08:38:20,91282CKP5,TSRYS5793017,D,S,C,2024-05-06,1000000.00,4.456987,100.7421875
08:38:20,91282CKP5,TSRYS5793017,D,S,D,2024-05-06,3000000.00,4.456987,100.7421875
08:38:21,91282CKP5,TSRYS5793017,D,S,D,2024-05-06,4000000.00,4.458746,100.734375
08:38:24,91282CKP5,TSRYS5793017,D,B,C,2024-05-06,250MM+,4.457866,100.73828125
08:38:27,91282CKP5,TSRYS5793017,D,B,A,2024-05-06,1000000.00,4.456108,100.74609375
08:38:31,91282CKP5,TSRYS5793017,D,S,D,2024-05-06,3000000.00,4.458746,100.734375
08:38:31,91282CKP5,TSRYS5793017,D,S,D,2024-05-06,3000000.00,4.458746,100.734375
08:38:34,91282CKP5,TSRYS5793017,D,S,D,2024-05-06,3000000.00,4.456987,100.7421875
08:38:34,91282CKP5,TSRYS5793017,D,B,C,2024-05-06,1000000.00,4.455228,100.75
08:38:34,91282CKP5,TSRYS5793017,D,S,C,2024-05-06,1000000.00,4.455228,100.75
08:38:34,91282CKP5,TSRYS5793017,D,S,C,2024-05-06,1000000.00,4.455189,100.750175
08:38:34,91282CKP5,TSRYS5793017,D,S,C,2024-05-06,1000000.00,4.455189,100.750175
08:38:34,91282CKP5,TSRYS5793017,D,B,C,2024-05-06,1000000.00,4.455273,100.7498
08:38:34,91282CKP5,TSRYS5793017,D,S,D,2024-05-06,3000000.00,4.456987,100.7421875
08:38:34,91282CKP5,TSRYS5793017,D,S,C,2024-05-06,1000000.00,4.455189,100.750175
08:38:34,91282CKP5,TSRYS5793017,D,B,C,2024-05-06,1000000.00,4.455273,100.7498
08:38:34,91282CKP5,TSRYS5793017,D,S,C,2024-05-06,1000000.00,4.455189,100.750175
08:38:34,91282CKP5,TSRYS5793017,D,B,C,2024-05-06,3000000.00,4.457021,100.7420375
08:38:34,91282CKP5,TSRYS5793017,D,B,C,2024-05-06,1000000.00,4.455228,100.75
08:38:34,91282CKP5,TSRYS5793017,D,B,C,2024-05-06,1000000.00,4.456987,100.7421875
08:38:34,91282CKP5,TSRYS5793017,D,S,D,2024-05-06,2000000.00,4.455228,100.75
08:38:34,91282CKP5,TSRYS5793017,D,S,C,2024-05-06,1000000.00,4.455228,100.75
08:38:34,91282CKP5,TSRYS5793017,D,S,D,2024-05-06,1000000.00,4.455228,100.75
08:38:34,91282CKP5,TSRYS5793017,D,B,C,2024-05-06,1000000.00,4.455228,100.75
08:38:34,91282CKP5,TSRYS5793017,D,S,C,2024-05-06,1000000.00,4.455228,100.75
08:38:34,91282CKP5,TSRYS5793017,D,B,C,2024-05-06,1000000.00,4.455251,100.7499
08:38:34,91282CKP5,TSRYS5793017,D,S,C,2024-05-06,1000000.00,4.455228,100.75
08:38:34,91282CKP5,TSRYS5793017,D,B,C,2024-05-06,1000000.00,4.455228,100.75
08:38:34,91282CKP5,TSRYS5793017,D,B,C,2024-05-06,1000000.00,4.455228,100.75
08:38:34,91282CKP5,TSRYS5793017,D,S,C,2024-05-06,1000000.00,4.455228,100.75
08:38:34,91282CKP5,TSRYS5793017,D,S,C,2024-05-06,1000000.00,4.455228,100.75
08:38:34,91282CKP5,TSRYS5793017,D,S,C,2024-05-06,2000000.00,4.455228,100.75
08:38:34,91282CKP5,TSRYS5793017,D,S,C,2024-05-06,1000000.00,4.455228,100.75
08:38:34,91282CKP5,TSRYS5793017,D,S,C,2024-05-06,1000000.00,4.455228,100.75
08:38:43,91282CKP5,TSRYS5793017,D,S,C,2024-05-06,1000000.00,4.455228,100.75
08:38:43,91282CKP5,TSRYS5793017,D,S,D,2024-05-06,2000000.00,4.455228,100.75
08:38:43,91282CKP5,TSRYS5793017,D,S,D,2024-05-06,1000000.00,4.455228,100.75
08:38:45,91282CKP5,TSRYS5793017,D,S,D,2024-05-06,2000000.00,4.454789,100.751953125
08:38:45,91282CKP5,TSRYS5793017,D,S,D,2024-05-06,2000000.00,4.456108,100.74609375
08:38:45,91282CKP5,TSRYS5793017,D,S,T,2024-05-06,1000000.00,4.454349,100.75390625
08:38:45,91282CKP5,TSRYS5793017,D,S,T,2024-05-06,1000000.00,4.454349,100.75390625
08:38:45,91282CKP5,TSRYS5793017,D,S,T,2024-05-06,1000000.00,4.454349,100.75390625
08:38:45,91282CKP5,TSRYS5793017,D,S,T,2024-05-06,1000000.00,4.455228,100.75
08:38:45,91282CKP5,TSRYS5793017,D,S,T,2024-05-06,1000000.00,4.455228,100.75
08:38:45,91282CKP5,TSRYS5793017,D,S,T,2024-05-06,1000000.00,4.455668,100.748046875
08:38:45,91282CKP5,TSRYS5793017,D,S,C,2024-05-06,1000000.00,4.455228,100.75
08:38:45,91282CKP5,TSRYS5793017,D,B,C,2024-05-06,1000000.00,4.455228,100.75
08:38:45,91282CKP5,TSRYS5793017,D,B,C,2024-05-06,1000000.00,4.455668,100.748046875
08:38:45,91282CKP5,TSRYS5793017,D,S,C,2024-05-06,1000000.00,4.455668,100.748046875
08:38:46,91282CKP5,TSRYS5793017,D,S,T,2024-05-06,1000000.00,4.455228,100.75
08:38:46,91282CKP5,TSRYS5793017,D,S,T,2024-05-06,1000000.00,4.456987,100.7421875
08:38:46,91282CKP5,TSRYS5793017,D,S,T,2024-05-06,2000000.00,4.456987,100.7421875
08:38:47,91282CKP5,TSRYS5793017,D,S,C,2024-05-06,1000000.00,4.454327,100.75400625
08:38:47,91282CKP5,TSRYS5793017,D,S,C,2024-05-06,1000000.00,4.454327,100.75400625
08:38:47,91282CKP5,TSRYS5793017,D,B,C,2024-05-06,2000000.00,4.45391,100.75585937
08:38:47,91282CKP5,TSRYS5793017,D,S,C,2024-05-06,1000000.00,4.454327,100.75400625
08:38:48,91282CKP5,TSRYS5793017,D,S,C,2024-05-06,1000000.00,4.454766,100.752053125
08:38:48,91282CKP5,TSRYS5793017,D,S,C,2024-05-06,1000000.00,4.454789,100.751953125
08:38:48,91282CKP5,TSRYS5793017,D,S,C,2024-05-06,1000000.00,4.454766,100.752053125
08:38:48,91282CKP5,TSRYS5793017,D,S,C,2024-05-06,2000000.00,4.454766,100.752053125
08:38:48,91282CKP5,TSRYS5793017,D,S,C,2024-05-06,1000000.00,4.455228,100.75
08:38:48,91282CKP5,TSRYS5793017,D,S,C,2024-05-06,1000000.00,4.455228,100.75
08:38:49,91282CKP5,TSRYS5793017,D,S,T,2024-05-06,1000000.00,4.455228,100.75
08:38:50,91282CKP5,TSRYS5793017,D,S,C,2024-05-06,1000000.00,4.454349,100.75408125
08:38:50,91282CKP5,TSRYS5793017,D,S,C,2024-05-06,1000000.00,4.454349,100.75408125
08:38:50,91282CKP5,TSRYS5793017,D,S,C,2024-05-06,1000000.00,4.454349,100.75408125
08:38:50,91282CKP5,TSRYS5793017,D,S,C,2024-05-06,1000000.00,4.455228,100.75
08:38:50,91282CKP5,TSRYS5793017,D,S,C,2024-05-06,1000000.00,4.455228,100.75
08:38:50,91282CKP5,TSRYS5793017,D,S,C,2024-05-06,1000000.00,4.455228,100.75
08:38:50,91282CKP5,TSRYS5793017,D,S,C,2024-05-06,1000000.00,4.455228,100.750175
08:38:50,91282CKP5,TSRYS5793017,D,B,C,2024-05-06,1000000.00,4.455228,100.75
08:38:50,91282CKP5,TSRYS5793017,D,S,T,2024-05-06,1000000.00,4.455228,100.75
08:38:50,91282CKP5,TSRYS5793017,D,B,C,2024-05-06,1000000.00,4.455228,100.75
08:38:50,91282CKP5,TSRYS5793017,D,S,D,2024-05-06,1000000.00,4.455228,100.75
08:38:50,91282CKP5,TSRYS5793017,D,S,C,2024-05-06,1000000.00,4.455646,100.748146875
08:38:51,91282CKP5,TSRYS5793017,D,S,T,2024-05-06,3000000.00,4.454349,100.75390625
08:38:51,91282CKP5,TSRYS5793017,D,S,T,2024-05-06,5000000.00,4.454789,100.751953125
08:38:51,91282CKP5,TSRYS5793017,D,S,C,2024-05-06,1000000.00,4.456987,100.7421875
08:38:51,91282CKP5,TSRYS5793017,D,S,C,2024-05-06,1000000.00,4.456987,100.7421875
08:38:51,91282CKP5,TSRYS5793017,D,S,C,2024-05-06,1000000.00,4.456987,100.7421875
08:38:51,91282CKP5,TSRYS5793017,D,S,C,2024-05-06,1000000.00,4.456987,100.7421875
08:38:51,91282CKP5,TSRYS5793017,D,B,C,2024-05-06,1000000.00,4.455228,100.75
08:38:52,91282CKP5,TSRYS5793017,D,S,C,2024-05-06,2000000.00,4.456987,100.7421875
08:38:52,91282CKP5,TSRYS5793017,D,S,C,2024-05-06,1000000.00,4.455228,100.75
08:38:52,91282CKP5,TSRYS5793017,D,S,C,2024-05-06,1000000.00,4.455228,100.75
08:38:52,91282CKP5,TSRYS5793017,D,B,C,2024-05-06,1000000.00,4.455251,100.7499
08:38:52,91282CKP5,TSRYS5793017,D,S,C,2024-05-06,1000000.00,4.455228,100.75
08:38:52,91282CKP5,TSRYS5793017,D,S,C,2024-05-06,1000000.00,4.455228,100.75
08:38:52,91282CKP5,TSRYS5793017,D,S,C,2024-05-06,1000000.00,4.455228,100.75
08:38:52,91282CKP5,TSRYS5793017,D,B,C,2024-05-06,1000000.00,4.455228,100.75
08:38:52,91282CKP5,TSRYS5793017,D,S,C,2024-05-06,1000000.00,4.455228,100.75
08:38:52,91282CKP5,TSRYS5793017,D,S,C,2024-05-06,1000000.00,4.455228,100.75
08:38:52,91282CKP5,TSRYS5793017,D,B,C,2024-05-06,1000000.00,4.455228,100.75
08:38:52,91282CKP5,TSRYS5793017,D,S,D,2024-05-06,3000000.00,4.455228,100.75
08:38:52,91282CKP5,TSRYS5793017,D,S,C,2024-05-06,2000000.00,4.455228,100.75
08:38:52,91282CKP5,TSRYS5793017,D,S,C,2024-05-06,1000000.00,4.455228,100.75
08:38:52,91282CKP5,TSRYS5793017,D,B,C,2024-05-06,1000000.00,4.455228,100.75
08:38:52,91282CKP5,TSRYS5793017,D,S,C,2024-05-06,1000000.00,4.455228,100.75
08:38:52,91282CKP5,TSRYS5793017,D,S,C,2024-05-06,1000000.00,4.455228,100.75
08:38:52,91282CKP5,TSRYS5793017,D,S,C,2024-05-06,3000000.00,4.455228,100.75
08:38:52,91282CKP5,TSRYS5793017,D,S,C,2024-05-06,3000000.00,4.455228,100.75
08:38:52,91282CKP5,TSRYS5793017,D,S,D,2024-05-06,1000000.00,4.455228,100.75
08:38:52,91282CKP5,TSRYS5793017,D,S,D,2024-05-06,1000000.00,4.455228,100.75
08:38:52,91282CKP5,TSRYS5793017,D,B,C,2024-05-06,1000000.00,4.455228,100.75
08:38:52,91282CKP5,TSRYS5793017,D,S,D,2024-05-06,1000000.00,4.455228,100.75
08:38:52,91282CKP5,TSRYS5793017,D,S,C,2024-05-06,1000000.00,4.455228,100.75
08:38:52,91282CKP5,TSRYS5793017,D,S,C,2024-05-06,1000000.00,4.455228,100.75
08:38:54,91282CKP5,TSRYS5793017,D,B,C,2024-05-06,1000000.00,4.456987,100.7421875
08:38:54,91282CKP5,TSRYS5793017,D,S,D,2024-05-06,1000000.00,4.456987,100.7421875
08:38:54,91282CKP5,TSRYS5793017,D,S,C,2024-05-06,1000000.00,4.456987,100.7421875
08:38:56,91282CKP5,TSRYS5793017,D,S,T,2024-05-06,2000000.00,4.455228,100.75
08:38:56,91282CKP5,TSRYS5793017,D,S,T,2024-05-06,2000000.00,4.455228,100.75
08:38:56,91282CKP5,TSRYS5793017,D,S,T,2024-05-06,1000000.00,4.455228,100.75
08:38:57,91282CKP5,TSRYS5793017,D,S,T,2024-05-06,1000000.00,4.455228,100.75
08:38:57,91282CKP5,TSRYS5793017,D,S,T,2024-05-06,1000000.00,4.455228,100.75
08:38:57,91282CKP5,TSRYS5793017,D,S,T,2024-05-06,2000000.00,4.455228,100.75
08:38:57,91282CKP5,TSRYS5793017,D,S,T,2024-05-06,1000000.00,4.455228,100.75
08:38:57,91282CKP5,TSRYS5793017,D,S,T,2024-05-06,1000000.00,4.455228,100.75
08:38:58,91282CKP5,TSRYS5793017,D,S,T,2024-05-06,1000000.00,4.455228,100.75
08:38:58,91282CKP5,TSRYS5793017,D,S,D,2024-05-06,6000000.00,4.456108,100.74609375
08:38:58,91282CKP5,TSRYS5793017,D,S,D,2024-05-06,5000000.00,4.456987,100.7421875
08:38:58,91282CKP5,TSRYS5793017,D,S,T,2024-05-06,1000000.00,4.455228,100.75
08:38:58,91282CKP5,TSRYS5793017,D,S,T,2024-05-06,3000000.00,4.455228,100.75
08:38:58,91282CKP5,TSRYS5793017,D,S,T,2024-05-06,4000000.00,4.455228,100.75
08:38:58,91282CKP5,TSRYS5793017,D,S,T,2024-05-06,1000000.00,4.455228,100.75
08:38:59,91282CKP5,TSRYS5793017,D,S,T,2024-05-06,1000000.00,4.455228,100.75
08:38:59,91282CKP5,TSRYS5793017,D,S,T,2024-05-06,1000000.00,4.455228,100.75
08:38:59,91282CKP5,TSRYS5793017,D,S,T,2024-05-06,1000000.00,4.455228,100.75
08:38:59,91282CKP5,TSRYS5793017,D,S,T,2024-05-06,1000000.00,4.455228,100.75
08:38:59,91282CKP5,TSRYS5793017,D,S,T,2024-05-06,1000000.00,4.455228,100.75
08:38:59,91282CKP5,TSRYS5793017,D,S,T,2024-05-06,1000000.00,4.455228,100.75
08:38:59,91282CKP5,TSRYS5793017,D,S,T,2024-05-06,2000000.00,4.455228,100.75
08:38:59,91282CKP5,TSRYS5793017,D,S,T,2024-05-06,2000000.00,4.455228,100.75
08:39:00,91282CKP5,TSRYS5793017,D,S,T,2024-05-06,2000000.00,4.456987,100.7421875
08:39:00,91282CKP5,TSRYS5793017,D,S,T,2024-05-06,1000000.00,4.455228,100.75
08:39:00,91282CKP5,TSRYS5793017,D,S,T,2024-05-06,1000000.00,4.455228,100.75
08:39:00,91282CKP5,TSRYS5793017,D,S,C,2024-05-06,1000000.00,4.456964,100.7422875
08:39:00,91282CKP5,TSRYS5793017,D,S,T,2024-05-06,1000000.00,4.455228,100.75
08:39:01,91282CKP5,TSRYS5793017,D,S,T,2024-05-06,1000000.00,4.456987,100.7421875
08:39:01,91282CKP5,TSRYS5793017,D,S,T,2024-05-06,1000000.00,4.456987,100.7421875
08:39:04,91282CKP5,TSRYS5793017,D,S,T,2024-05-06,1000000.00,4.456987,100.7421875
08:39:05,91282CKP5,TSRYS5793017,D,B,C,2024-05-06,1000000.00,4.456987,100.7421875
08:39:05,91282CKP5,TSRYS5793017,D,S,D,2024-05-06,1000000.00,4.456987,100.7421875
08:39:05,91282CKP5,TSRYS5793017,D,S,A,2024-05-06,4000000.00,4.456108,100.74609375
08:39:06,91282CKP5,TSRYS5793017,D,S,C,2024-05-06,3000000.00,4.456987,100.7421875
08:39:06,91282CKP5,TSRYS5793017,D,S,C,2024-05-06,1000000.00,4.456987,100.7421875
08:39:06,91282CKP5,TSRYS5793017,D,B,C,2024-05-06,1000000.00,4.456987,100.7421875
08:39:06,91282CKP5,TSRYS5793017,D,S,C,2024-05-06,1000000.00,4.456987,100.7421875
08:39:06,91282CKP5,TSRYS5793017,D,B,C,2024-05-06,3000000.00,4.457032,100.7419875
08:39:06,91282CKP5,TSRYS5793017,D,S,C,2024-05-06,1000000.00,4.456987,100.7421875
08:39:06,91282CKP5,TSRYS5793017,D,B,C,2024-05-06,1000000.00,4.457009,100.7420875
08:39:06,91282CKP5,TSRYS5793017,D,S,C,2024-05-06,3000000.00,4.456987,100.7421875
08:39:06,91282CKP5,TSRYS5793017,D,S,C,2024-05-06,1000000.00,4.456987,100.7421875
08:39:06,91282CKP5,TSRYS5793017,D,S,C,2024-05-06,1000000.00,4.456987,100.7421875
08:39:06,91282CKP5,TSRYS5793017,D,B,C,2024-05-06,1000000.00,4.456987,100.7421875
08:39:06,91282CKP5,TSRYS5793017,D,B,C,2024-05-06,1000000.00,4.457032,100.7419875
08:39:06,91282CKP5,TSRYS5793017,D,B,C,2024-05-06,1000000.00,4.456987,100.7421875
08:39:06,91282CKP5,TSRYS5793017,D,S,C,2024-05-06,2000000.00,4.456987,100.7421875
08:39:06,91282CKP5,TSRYS5793017,D,B,C,2024-05-06,2000000.00,4.456987,100.7421875
08:39:06,91282CKP5,TSRYS5793017,D,S,C,2024-05-06,1000000.00,4.456987,100.7421875
08:39:06,91282CKP5,TSRYS5793017,D,B,C,2024-05-06,1000000.00,4.456987,100.7421875
08:39:06,91282CKP5,TSRYS5793017,D,S,C,2024-05-06,1000000.00,4.455228,100.75
08:39:06,91282CKP5,TSRYS5793017,D,S,C,2024-05-06,4000000.00,4.455228,100.75
08:39:07,91282CKP5,TSRYS5793017,D,S,C,2024-05-06,1000000.00,4.455228,100.75
08:39:07,91282CKP5,TSRYS5793017,D,B,C,2024-05-06,1000000.00,4.455228,100.75
08:39:07,91282CKP5,TSRYS5793017,D,S,C,2024-05-06,1000000.00,4.455177,100.750227
08:39:08,91282CKP5,TSRYS5793017,D,S,T,2024-05-06,1000000.00,4.456987,100.7421875
08:39:08,91282CKP5,TSRYS5793017,D,S,D,2024-05-06,1000000.00,4.456108,100.74609375
08:39:08,91282CKP5,TSRYS5793017,D,S,D,2024-05-06,1000000.00,4.456987,100.7421875
08:39:11,91282CKP5,TSRYS5793017,D,S,C,2024-05-06,100000000.00,4.472821,100.671875
08:39:13,91282CKP5,TSRYS5793017,D,B,C,2024-05-06,1975000.00,4.456987,100.7421875
08:39:21,91282CKP5,TSRYS5793017,D,S,D,2024-05-06,2000000.00,4.455228,100.75
08:39:21,91282CKP5,TSRYS5793017,D,S,D,2024-05-06,1000000.00,4.455228,100.75
08:39:21,91282CKP5,TSRYS5793017,D,S,D,2024-05-06,2000000.00,4.455228,100.75
08:39:21,91282CKP5,TSRYS5793017,D,S,C,2024-05-06,1000000.00,4.455228,100.75
08:39:21,91282CKP5,TSRYS5793017,D,S,D,2024-05-06,1000000.00,4.455228,100.75
08:39:21,91282CKP5,TSRYS5793017,D,S,C,2024-05-06,1000000.00,4.455228,100.75
08:39:21,91282CKP5,TSRYS5793017,D,S,C,2024-05-06,1000000.00,4.455228,100.75
08:39:21,91282CKP5,TSRYS5793017,D,S,D,2024-05-06,2000000.00,4.455228,100.75
08:39:21,91282CKP5,TSRYS5793017,D,S,D,2024-05-06,2000000.00,4.455228,100.75
08:39:21,91282CKP5,TSRYS5793017,D,S,C,2024-05-06,3000000.00,4.455177,100.750227
08:39:21,91282CKP5,TSRYS5793017,D,S,D,2024-05-06,1000000.00,4.455228,100.75
08:39:21,91282CKP5,TSRYS5793017,D,S,D,2024-05-06,1000000.00,4.455228,100.75
08:39:21,91282CKP5,TSRYS5793017,D,S,D,2024-05-06,2000000.00,4.455228,100.75
08:39:21,91282CKP5,TSRYS5793017,D,S,C,2024-05-06,4000000.00,4.455172,100.75025
08:39:21,91282CKP5,TSRYS5793017,D,S,C,2024-05-06,1000000.00,4.455228,100.75
08:39:21,91282CKP5,TSRYS5793017,D,S,C,2024-05-06,1000000.00,4.455228,100.75
08:39:21,91282CKP5,TSRYS5793017,D,S,C,2024-05-06,1000000.00,4.455189,100.750175
08:39:21,91282CKP5,TSRYS5793017,D,S,C,2024-05-06,1000000.00,4.455228,100.75
08:39:21,91282CKP5,TSRYS5793017,D,S,C,2024-05-06,1000000.00,4.455172,100.75025
08:39:21,91282CKP5,TSRYS5793017,D,S,C,2024-05-06,2000000.00,4.455189,100.750175
08:39:21,91282CKP5,TSRYS5793017,D,S,C,2024-05-06,2000000.00,4.455172,100.75025
08:39:21,91282CKP5,TSRYS5793017,D,B,C,2024-05-06,2000000.00,4.456987,100.7421875
08:39:21,91282CKP5,TSRYS5793017,D,S,D,2024-05-06,1000000.00,4.456987,100.7421875
08:39:21,91282CKP5,TSRYS5793017,D,S,D,2024-05-06,1000000.00,4.456987,100.7421875
08:39:21,91282CKP5,TSRYS5793017,D,B,C,2024-05-06,1000000.00,4.456987,100.7421875
08:39:21,91282CKP5,TSRYS5793017,D,S,D,2024-05-06,2000000.00,4.456987,100.7421875
08:39:21,91282CKP5,TSRYS5793017,D,B,C,2024-05-06,1000000.00,4.456987,100.7421875
08:39:21,91282CKP5,TSRYS5793017,D,S,D,2024-05-06,1000000.00,4.456987,100.7421875
08:39:21,91282CKP5,TSRYS5793017,D,B,C,2024-05-06,1000000.00,4.456987,100.7421875
08:39:25,91282CKP5,TSRYS5793017,D,B,C,2024-05-06,250MM+,,100.73828125
08:39:28,91282CKP5,TSRYS5793017,D,S,D,2024-05-06,640000.00,4.456987,100.7421875
08:39:29,91282CKP5,TSRYS5793017,D,S,D,2024-05-06,640000.00,4.456846,100.7428125
08:39:36,91282CKP5,TSRYS5793017,D,S,C,2024-05-06,1000000.00,4.455189,100.750175
08:39:36,91282CKP5,TSRYS5793017,D,S,C,2024-05-06,1000000.00,4.455228,100.75
08:39:36,91282CKP5,TSRYS5793017,D,S,C,2024-05-06,1000000.00,4.455228,100.75
08:39:36,91282CKP5,TSRYS5793017,D,S,C,2024-05-06,1000000.00,4.455189,100.750175
08:39:36,91282CKP5,TSRYS5793017,D,S,C,2024-05-06,1000000.00,4.455189,100.750175
08:39:36,91282CKP5,TSRYS5793017,D,S,C,2024-05-06,1000000.00,4.455189,100.750175
08:39:36,91282CKP5,TSRYS5793017,D,S,D,2024-05-06,1000000.00,4.455228,100.75
08:39:36,91282CKP5,TSRYS5793017,D,S,C,2024-05-06,1000000.00,4.455189,100.750175
08:39:36,91282CKP5,TSRYS5793017,D,S,C,2024-05-06,1000000.00,4.456987,100.7421875
08:39:36,91282CKP5,TSRYS5793017,D,B,C,2024-05-06,1000000.00,4.456987,100.7421875
08:39:36,91282CKP5,TSRYS5793017,D,B,C,2024-05-06,1000000.00,4.456987,100.7421875
08:39:36,91282CKP5,TSRYS5793017,D,S,C,2024-05-06,1000000.00,4.456987,100.7421875
08:39:36,91282CKP5,TSRYS5793017,D,S,D,2024-05-06,1000000.00,4.456987,100.7421875
08:39:36,91282CKP5,TSRYS5793017,D,B,C,2024-05-06,1000000.00,4.456987,100.7421875
08:39:36,91282CKP5,TSRYS5793017,D,B,C,2024-05-06,1000000.00,4.456987,100.7421875
08:39:36,91282CKP5,TSRYS5793017,D,S,C,2024-05-06,1000000.00,4.456987,100.7421875
08:39:36,91282CKP5,TSRYS5793017,D,B,C,2024-05-06,3000000.00,4.457021,100.7420375
08:39:36,91282CKP5,TSRYS5793017,D,S,C,2024-05-06,3000000.00,4.456987,100.7421875
08:39:36,91282CKP5,TSRYS5793017,D,B,C,2024-05-06,2000000.00,4.456987,100.7421875
08:39:36,91282CKP5,TSRYS5793017,D,S,C,2024-05-06,1000000.00,4.456942,100.7423875
08:39:36,91282CKP5,TSRYS5793017,D,B,C,2024-05-06,1000000.00,4.455228,100.75
08:39:36,91282CKP5,TSRYS5793017,D,B,C,2024-05-06,1000000.00,4.457021,100.7420375
08:39:36,91282CKP5,TSRYS5793017,D,S,D,2024-05-06,2000000.00,4.456987,100.7421875
08:39:36,91282CKP5,TSRYS5793017,D,S,C,2024-05-06,1000000.00,4.455228,100.75
08:39:36,91282CKP5,TSRYS5793017,D,S,C,2024-05-06,1000000.00,4.455228,100.75
08:39:36,91282CKP5,TSRYS5793017,D,S,D,2024-05-06,2000000.00,4.455228,100.75
08:39:36,91282CKP5,TSRYS5793017,D,S,D,2024-05-06,1000000.00,4.456987,100.7421875
08:39:36,91282CKP5,TSRYS5793017,D,B,C,2024-05-06,1000000.00,4.456987,100.7421875
08:39:36,91282CKP5,TSRYS5793017,D,B,C,2024-05-06,1000000.00,4.456987,100.7421875
08:39:36,91282CKP5,TSRYS5793017,D,S,D,2024-05-06,1000000.00,4.456987,100.7421875
08:39:36,91282CKP5,TSRYS5793017,D,S,C,2024-05-06,2000000.00,4.456987,100.7421875
08:39:37,91282CKP5,TSRYS5793017,D,B,C,2024-05-06,114000000.00,4.457866,100.73828125
08:39:37,91282CKP5,TSRYS5793017,D,S,T,2024-05-06,1000000.00,4.456987,100.7421875
08:39:38,91282CKP5,TSRYS5793017,D,S,C,2024-05-06,1000000.00,4.456987,100.7421875
08:39:51,91282CKP5,TSRYS5793017,D,S,T,2024-05-06,2000000.00,4.456987,100.7421875
08:39:53,91282CKP5,TSRYS5793017,D,S,C,2024-05-06,1000000.00,4.455228,100.75
08:39:53,91282CKP5,TSRYS5793017,D,S,C,2024-05-06,1000000.00,4.455172,100.75025
08:39:54,91282CKP5,TSRYS5793017,D,S,C,2024-05-06,1000000.00,4.455228,100.75
08:39:54,91282CKP5,TSRYS5793017,D,S,C,2024-05-06,1000000.00,4.455189,100.750175
08:39:54,91282CKP5,TSRYS5793017,D,S,D,2024-05-06,1000000.00,4.455228,100.75
08:39:54,91282CKP5,TSRYS5793017,D,S,C,2024-05-06,3000000.00,4.455183,100.7502
08:39:54,91282CKP5,TSRYS5793017,D,S,C,2024-05-06,2000000.00,4.455189,100.750175
08:39:54,91282CKP5,TSRYS5793017,D,S,C,2024-05-06,4000000.00,4.456931,100.7424375
08:39:54,91282CKP5,TSRYS5793017,D,B,C,2024-05-06,3000000.00,4.457021,100.7420375
08:39:54,91282CKP5,TSRYS5793017,D,B,C,2024-05-06,4000000.00,4.457021,100.7420375
08:39:54,91282CKP5,TSRYS5793017,D,B,C,2024-05-06,1000000.00,4.457021,100.7420375
08:39:54,91282CKP5,TSRYS5793017,D,S,C,2024-05-06,3000000.00,4.456942,100.7423875
08:39:54,91282CKP5,TSRYS5793017,D,S,C,2024-05-06,1000000.00,4.456942,100.7423875
08:39:54,91282CKP5,TSRYS5793017,D,B,C,2024-05-06,4000000.00,4.457021,100.7420375
08:39:54,91282CKP5,TSRYS5793017,D,B,C,2024-05-06,2000000.00,4.457021,100.7420375
08:39:54,91282CKP5,TSRYS5793017,D,S,D,2024-05-06,2000000.00,4.456987,100.7421875
08:39:54,91282CKP5,TSRYS5793017,D,S,C,2024-05-06,4000000.00,4.456931,100.7424375
08:39:54,91282CKP5,TSRYS5793017,D,S,C,2024-05-06,2000000.00,4.456987,100.7421875
08:39:54,91282CKP5,TSRYS5793017,D,B,C,2024-05-06,2000000.00,4.456987,100.7421875
08:39:54,91282CKP5,TSRYS5793017,D,S,C,2024-05-06,1000000.00,4.456987,100.7421875
08:39:54,91282CKP5,TSRYS5793017,D,S,C,2024-05-06,1000000.00,4.456948,100.7423625
08:39:54,91282CKP5,TSRYS5793017,D,S,C,2024-05-06,1000000.00,4.456948,100.7423625
08:39:54,91282CKP5,TSRYS5793017,D,B,C,2024-05-06,1000000.00,4.456987,100.7421875
08:39:54,91282CKP5,TSRYS5793017,D,B,C,2024-05-06,1000000.00,4.457021,100.7420375
08:39:54,91282CKP5,TSRYS5793017,D,B,C,2024-05-06,2000000.00,4.457021,100.7420375
08:39:54,91282CKP5,TSRYS5793017,D,B,C,2024-05-06,1000000.00,4.457021,100.7420375
08:39:54,91282CKP5,TSRYS5793017,D,S,C,2024-05-06,1000000.00,4.456948,100.7423625
08:39:54,91282CKP5,TSRYS5793017,D,B,C,2024-05-06,1000000.00,4.457021,100.7420375
08:39:54,91282CKP5,TSRYS5793017,D,S,C,2024-05-06,1000000.00,4.456987,100.7421875
08:39:54,91282CKP5,TSRYS5793017,D,B,C,2024-05-06,1000000.00,4.457021,100.7420375
08:39:54,91282CKP5,TSRYS5793017,D,B,C,2024-05-06,5000000.00,4.457021,100.7420375
08:39:54,91282CKP5,TSRYS5793017,D,S,C,2024-05-06,5000000.00,4.456987,100.7421875
08:39:54,91282CKP5,TSRYS5793017,D,S,C,2024-05-06,2000000.00,4.456948,100.7423625
08:39:54,91282CKP5,TSRYS5793017,D,B,C,2024-05-06,1000000.00,4.456987,100.7421875
08:39:54,91282CKP5,TSRYS5793017,D,B,C,2024-05-06,1000000.00,4.457021,100.7420375
08:39:54,91282CKP5,TSRYS5793017,D,S,C,2024-05-06,1000000.00,4.456987,100.7421875
08:39:54,91282CKP5,TSRYS5793017,D,S,C,2024-05-06,3000000.00,4.456987,100.7421875
08:39:54,91282CKP5,TSRYS5793017,D,B,C,2024-05-06,3000000.00,4.456987,100.7421875
08:39:54,91282CKP5,TSRYS5793017,D,S,C,2024-05-06,1000000.00,4.456987,100.7421875
08:39:54,91282CKP5,TSRYS5793017,D,S,D,2024-05-06,2000000.00,4.456987,100.7421875
08:39:54,91282CKP5,TSRYS5793017,D,B,C,2024-05-06,2000000.00,4.456987,100.7421875
08:39:54,91282CKP5,TSRYS5793017,D,S,D,2024-05-06,1000000.00,4.456987,100.7421875
08:39:54,91282CKP5,TSRYS5793017,D,S,D,2024-05-06,3000000.00,4.456987,100.7421875
08:40:01,91282CKP5,TSRYS5793017,D,S,T,2024-05-06,1000000.00,4.456987,100.7421875
08:40:01,91282CKP5,TSRYS5793017,D,S,T,2024-05-06,5000000.00,4.456987,100.7421875
08:40:01,91282CKP5,TSRYS5793017,D,S,T,2024-05-06,3000000.00,4.456987,100.7421875
08:40:01,91282CKP5,TSRYS5793017,D,S,T,2024-05-06,3000000.00,4.456987,100.7421875
08:40:04,91282CKP5,TSRYS5793017,D,S,T,2024-05-06,2000000.00,4.457427,100.740234375
08:40:04,91282CKP5,TSRYS5793017,D,S,T,2024-05-06,3000000.00,4.457427,100.740234375
08:40:05,91282CKP5,TSRYS5793017,D,S,T,2024-05-06,1000000.00,4.457427,100.740234375
08:40:08,91282CKP5,TSRYS5793017,D,S,C,2024-05-06,3000000.00,4.457427,100.740234375
08:40:08,91282CKP5,TSRYS5793017,D,S,D,2024-05-06,2000000.00,4.457427,100.740234375
08:40:08,91282CKP5,TSRYS5793017,D,S,C,2024-05-06,1000000.00,4.457427,100.740234375
08:40:08,91282CKP5,TSRYS5793017,D,S,C,2024-05-06,1000000.00,4.456987,100.7421875
08:40:08,91282CKP5,TSRYS5793017,D,S,D,2024-05-06,2000000.00,4.456987,100.7421875
08:40:08,91282CKP5,TSRYS5793017,D,S,C,2024-05-06,1000000.00,4.457427,100.740234375
08:40:08,91282CKP5,TSRYS5793017,D,S,C,2024-05-06,2000000.00,4.457427,100.740234375
08:40:08,91282CKP5,TSRYS5793017,D,S,C,2024-05-06,1000000.00,4.456987,100.7421875
08:40:08,91282CKP5,TSRYS5793017,D,B,C,2024-05-06,1000000.00,4.456987,100.7421875
08:40:08,91282CKP5,TSRYS5793017,D,S,C,2024-05-06,1000000.00,4.456987,100.7421875
08:40:08,91282CKP5,TSRYS5793017,D,B,C,2024-05-06,1000000.00,4.456987,100.7421875
08:40:08,91282CKP5,TSRYS5793017,D,S,D,2024-05-06,1000000.00,4.456987,100.7421875
08:40:09,91282CKP5,TSRYS5793017,D,B,C,2024-05-06,1000000.00,4.456987,100.7421875
08:40:09,91282CKP5,TSRYS5793017,D,S,D,2024-05-06,1000000.00,4.456958,100.7423175
08:40:09,91282CKP5,TSRYS5793017,D,S,D,2024-05-06,1000000.00,4.456987,100.7421875
08:40:09,91282CKP5,TSRYS5793017,D,S,D,2024-05-06,1000000.00,4.457427,100.740234375
08:40:09,91282CKP5,TSRYS5793017,D,S,D,2024-05-06,1000000.00,4.457427,100.740234375
08:40:10,91282CKP5,TSRYS5793017,D,S,D,2024-05-06,2000000.00,4.457427,100.740234375
08:40:10,91282CKP5,TSRYS5793017,D,S,D,2024-05-06,1000000.00,4.457427,100.740234375
08:40:10,91282CKP5,TSRYS5793017,D,S,D,2024-05-06,2000000.00,4.457427,100.740234375
08:40:11,91282CKP5,TSRYS5793017,D,S,T,2024-05-06,1000000.00,4.456987,100.7421875
08:40:11,91282CKP5,TSRYS5793017,D,S,D,2024-05-06,1000000.00,4.457427,100.740234375
08:40:11,91282CKP5,TSRYS5793017,D,S,T,2024-05-06,1000000.00,4.455228,100.75
08:40:12,91282CKP5,TSRYS5793017,D,S,T,2024-05-06,1000000.00,4.455228,100.75
08:40:12,91282CKP5,TSRYS5793017,D,S,T,2024-05-06,1000000.00,4.457427,100.740234375
08:40:12,91282CKP5,TSRYS5793017,D,S,T,2024-05-06,4000000.00,4.455228,100.75
08:40:12,91282CKP5,TSRYS5793017,D,S,T,2024-05-06,1000000.00,4.455228,100.75
08:40:13,91282CKP5,TSRYS5793017,D,S,T,2024-05-06,2000000.00,4.457427,100.740234375
08:40:13,91282CKP5,TSRYS5793017,D,S,T,2024-05-06,1000000.00,4.457427,100.740234375
08:40:13,91282CKP5,TSRYS5793017,D,S,D,2024-05-06,1000000.00,4.457427,100.740234375
08:40:15,91282CKP5,TSRYS5793017,D,S,T,2024-05-06,3000000.00,4.457866,100.73828125
08:40:16,91282CKP5,TSRYS5793017,D,S,D,2024-05-06,2000000.00,4.457427,100.740234375
08:40:16,91282CKP5,TSRYS5793017,D,S,D,2024-05-06,1000000.00,4.457427,100.740234375
08:40:18,91282CKP5,TSRYS5793017,D,S,T,2024-05-06,2000000.00,4.456987,100.7421875
08:40:18,91282CKP5,TSRYS5793017,D,S,T,2024-05-06,2000000.00,4.456987,100.7421875
08:40:19,91282CKP5,TSRYS5793017,D,S,C,2024-05-06,3000000.00,4.457866,100.73828125
08:40:20,91282CKP5,TSRYS5793017,D,S,C,2024-05-06,1000000.00,4.457427,100.740234375
08:40:20,91282CKP5,TSRYS5793017,D,S,D,2024-05-06,1000000.00,4.457427,100.740234375
08:40:21,91282CKP5,TSRYS5793017,D,S,T,2024-05-06,1000000.00,4.456987,100.7421875
08:40:21,91282CKP5,TSRYS5793017,D,S,D,2024-05-06,1000000.00,4.457427,100.740234375
08:40:21,91282CKP5,TSRYS5793017,D,S,T,2024-05-06,1000000.00,4.455228,100.75
08:40:21,91282CKP5,TSRYS5793017,D,S,T,2024-05-06,1000000.00,4.455228,100.75
08:40:22,91282CKP5,TSRYS5793017,D,S,D,2024-05-06,4000000.00,4.457427,100.740234375
08:40:22,91282CKP5,TSRYS5793017,D,S,T,2024-05-06,1000000.00,4.455228,100.75
08:40:22,91282CKP5,TSRYS5793017,D,S,T,2024-05-06,3000000.00,4.455228,100.75
08:40:22,91282CKP5,TSRYS5793017,D,S,C,2024-05-06,2000000.00,4.457404,100.740334375
08:40:22,91282CKP5,TSRYS5793017,D,S,T,2024-05-06,1000000.00,4.457427,100.740234375
08:40:24,91282CKP5,TSRYS5793017,D,S,D,2024-05-06,4000000.00,4.457427,100.740234375
08:40:24,91282CKP5,TSRYS5793017,D,S,T,2024-05-06,3000000.00,4.457427,100.740234375
08:40:24,91282CKP5,TSRYS5793017,D,S,T,2024-05-06,3000000.00,4.457427,100.740234375
08:40:24,91282CKP5,TSRYS5793017,D,S,C,2024-05-06,1000000.00,4.457427,100.740234375
08:40:24,91282CKP5,TSRYS5793017,D,S,T,2024-05-06,2000000.00,4.457427,100.740234375
08:40:25,91282CKP5,TSRYS5793017,D,S,T,2024-05-06,1000000.00,4.457427,100.740234375
08:40:25,91282CKP5,TSRYS5793017,D,S,T,2024-05-06,1000000.00,4.457427,100.740234375
08:40:26,91282CKP5,TSRYS5793017,D,S,C,2024-05-06,3000000.00,4.457427,100.740234375
08:40:26,91282CKP5,TSRYS5793017,D,S,C,2024-05-06,3000000.00,4.457427,100.740234375
08:40:26,91282CKP5,TSRYS5793017,D,S,C,2024-05-06,1000000.00,4.457427,100.740234375
08:40:26,91282CKP5,TSRYS5793017,D,S,D,2024-05-06,1000000.00,4.457427,100.740234375
08:40:29,91282CKP5,TSRYS5793017,D,S,T,2024-05-06,2000000.00,4.456987,100.7421875
08:40:29,91282CKP5,TSRYS5793017,D,S,T,2024-05-06,1000000.00,4.456987,100.7421875
08:40:29,91282CKP5,TSRYS5793017,D,S,T,2024-05-06,1000000.00,4.456987,100.7421875
08:40:29,91282CKP5,TSRYS5793017,D,B,C,2024-05-06,1000000.00,4.456547,100.744140625
08:40:30,91282CKP5,TSRYS5793017,D,S,C,2024-05-06,1000000.00,4.456547,100.744140625
08:40:32,91282CKP5,TSRYS5793017,D,S,D,2024-05-06,3000000.00,4.455228,100.75
08:40:32,91282CKP5,TSRYS5793017,D,S,T,2024-05-06,2000000.00,4.455228,100.75
08:40:32,91282CKP5,TSRYS5793017,D,S,T,2024-05-06,2000000.00,4.455228,100.75
08:40:32,91282CKP5,TSRYS5793017,D,S,T,2024-05-06,1000000.00,4.456987,100.7421875
08:40:32,91282CKP5,TSRYS5793017,D,S,D,2024-05-06,3000000.00,4.455228,100.75
08:40:32,91282CKP5,TSRYS5793017,D,S,T,2024-05-06,1000000.00,4.455228,100.75
08:40:32,91282CKP5,TSRYS5793017,D,S,T,2024-05-06,3000000.00,4.455228,100.75
08:40:42,91282CKP5,TSRYS5793017,D,S,T,2024-05-06,1000000.00,4.455228,100.75
08:40:42,91282CKP5,TSRYS5793017,D,S,T,2024-05-06,3000000.00,4.456987,100.7421875
08:40:47,91282CKP5,TSRYS5793017,D,S,A,2024-05-06,1000000.00,4.456108,100.74609375
08:40:49,91282CKP5,TSRYS5793017,D,B,C,2024-05-06,1000000.00,4.456987,100.7421875
08:40:49,91282CKP5,TSRYS5793017,D,S,D,2024-05-06,1000000.00,4.456987,100.7421875
08:40:49,91282CKP5,TSRYS5793017,D,B,C,2024-05-06,1000000.00,4.456987,100.7421875
08:40:49,91282CKP5,TSRYS5793017,D,S,D,2024-05-06,1000000.00,4.456987,100.7421875
08:40:52,91282CKP5,TSRYS5793017,D,S,D,2024-05-06,1000000.00,4.455228,100.75
08:40:55,91282CKP5,TSRYS5793017,D,S,D,2024-05-06,1000000.00,4.456987,100.7421875
08:40:55,91282CKP5,TSRYS5793017,D,S,T,2024-05-06,1000000.00,4.456987,100.7421875
08:40:55,91282CKP5,TSRYS5793017,D,S,T,2024-05-06,1000000.00,4.456987,100.7421875
08:41:07,91282CKP5,TSRYS5793017,D,B,C,2024-05-06,1000000.00,4.456547,100.744140625
08:41:07,91282CKP5,TSRYS5793017,D,B,C,2024-05-06,1000000.00,4.456987,100.7421875
08:41:07,91282CKP5,TSRYS5793017,D,S,C,2024-05-06,1000000.00,4.456987,100.7421875
08:41:07,91282CKP5,TSRYS5793017,D,S,C,2024-05-06,1000000.00,4.456987,100.7421875
08:41:07,91282CKP5,TSRYS5793017,D,S,C,2024-05-06,1000000.00,4.456547,100.744140625
08:41:07,91282CKP5,TSRYS5793017,D,B,C,2024-05-06,1000000.00,4.456987,100.7421875
08:41:07,91282CKP5,TSRYS5793017,D,S,C,2024-05-06,2000000.00,4.456987,100.7421875
08:41:07,91282CKP5,TSRYS5793017,D,S,C,2024-05-06,2000000.00,4.456987,100.7421875
08:41:07,91282CKP5,TSRYS5793017,D,S,C,2024-05-06,5000000.00,4.456987,100.7421875
08:41:07,91282CKP5,TSRYS5793017,D,S,C,2024-05-06,1000000.00,4.456987,100.7421875
08:41:07,91282CKP5,TSRYS5793017,D,S,C,2024-05-06,1000000.00,4.456987,100.7421875
08:41:07,91282CKP5,TSRYS5793017,D,B,C,2024-05-06,1000000.00,4.456987,100.7421875
08:41:07,91282CKP5,TSRYS5793017,D,S,C,2024-05-06,1000000.00,4.456987,100.7421875
08:41:07,91282CKP5,TSRYS5793017,D,S,C,2024-05-06,1000000.00,4.456987,100.7421875
08:41:07,91282CKP5,TSRYS5793017,D,S,C,2024-05-06,1000000.00,4.456987,100.7421875
08:41:07,91282CKP5,TSRYS5793017,D,S,C,2024-05-06,2000000.00,4.456987,100.7421875
08:41:09,91282CKP5,TSRYS5793017,D,S,T,2024-05-06,2000000.00,4.456987,100.7421875
08:41:10,91282CKP5,TSRYS5793017,D,S,T,2024-05-06,1000000.00,4.456987,100.7421875
08:41:10,91282CKP5,TSRYS5793017,D,S,T,2024-05-06,2000000.00,4.456987,100.7421875
08:41:10,91282CKP5,TSRYS5793017,D,S,T,2024-05-06,1000000.00,4.456987,100.7421875
08:41:12,91282CKP5,TSRYS5793017,D,S,D,2024-05-06,1000000.00,4.455228,100.75
08:41:12,91282CKP5,TSRYS5793017,D,S,D,2024-05-06,1000000.00,4.455228,100.75
08:41:12,91282CKP5,TSRYS5793017,D,S,D,2024-05-06,1000000.00,4.455228,100.75
08:41:12,91282CKP5,TSRYS5793017,D,S,D,2024-05-06,1000000.00,4.455228,100.75
08:41:12,91282CKP5,TSRYS5793017,D,S,D,2024-05-06,1000000.00,4.455228,100.75
08:41:12,91282CKP5,TSRYS5793017,D,S,D,2024-05-06,2000000.00,4.455228,100.75
08:41:12,91282CKP5,TSRYS5793017,D,S,T,2024-05-06,1000000.00,4.455228,100.75
08:41:12,91282CKP5,TSRYS5793017,D,S,D,2024-05-06,1000000.00,4.455228,100.75
08:41:12,91282CKP5,TSRYS5793017,D,S,T,2024-05-06,1000000.00,4.455228,100.75
08:41:12,91282CKP5,TSRYS5793017,D,S,D,2024-05-06,1000000.00,4.455228,100.75
08:41:13,91282CKP5,TSRYS5793017,D,S,D,2024-05-06,2000000.00,4.455228,100.75
08:41:13,91282CKP5,TSRYS5793017,D,S,T,2024-05-06,1000000.00,4.455228,100.75
08:41:13,91282CKP5,TSRYS5793017,D,S,D,2024-05-06,2000000.00,4.455228,100.75
08:41:13,91282CKP5,TSRYS5793017,D,S,T,2024-05-06,1000000.00,4.455228,100.75
08:41:13,91282CKP5,TSRYS5793017,D,S,D,2024-05-06,2000000.00,4.455228,100.75
08:41:13,91282CKP5,TSRYS5793017,D,S,D,2024-05-06,1000000.00,4.455228,100.75
08:41:13,91282CKP5,TSRYS5793017,D,S,D,2024-05-06,2000000.00,4.455228,100.75
08:41:13,91282CKP5,TSRYS5793017,D,S,T,2024-05-06,2000000.00,4.455228,100.75
08:41:13,91282CKP5,TSRYS5793017,D,S,D,2024-05-06,3000000.00,4.455228,100.75
08:41:13,91282CKP5,TSRYS5793017,D,S,T,2024-05-06,1000000.00,4.455228,100.75
08:41:13,91282CKP5,TSRYS5793017,D,S,T,2024-05-06,1000000.00,4.455228,100.75
08:41:13,91282CKP5,TSRYS5793017,D,S,D,2024-05-06,1000000.00,4.455228,100.75
08:41:13,91282CKP5,TSRYS5793017,D,S,T,2024-05-06,2000000.00,4.455228,100.75
08:41:13,91282CKP5,TSRYS5793017,D,S,D,2024-05-06,1000000.00,4.455228,100.75
08:41:13,91282CKP5,TSRYS5793017,D,S,D,2024-05-06,1000000.00,4.455228,100.75
08:41:13,91282CKP5,TSRYS5793017,D,S,T,2024-05-06,1000000.00,4.455228,100.75
08:41:13,91282CKP5,TSRYS5793017,D,S,T,2024-05-06,1000000.00,4.455228,100.75
08:41:13,91282CKP5,TSRYS5793017,D,S,T,2024-05-06,2000000.00,4.455228,100.75
08:41:13,91282CKP5,TSRYS5793017,D,S,D,2024-05-06,1000000.00,4.455228,100.75
08:41:13,91282CKP5,TSRYS5793017,D,S,T,2024-05-06,1000000.00,4.455228,100.75
08:41:13,91282CKP5,TSRYS5793017,D,S,T,2024-05-06,3000000.00,4.455228,100.75
08:41:13,91282CKP5,TSRYS5793017,D,S,T,2024-05-06,1000000.00,4.455228,100.75
08:41:13,91282CKP5,TSRYS5793017,D,S,T,2024-05-06,1000000.00,4.455228,100.75
08:41:13,91282CKP5,TSRYS5793017,D,S,T,2024-05-06,2000000.00,4.455228,100.75
08:41:14,91282CKP5,TSRYS5793017,D,S,T,2024-05-06,2000000.00,4.455228,100.75
08:41:14,91282CKP5,TSRYS5793017,D,S,D,2024-05-06,1000000.00,4.456987,100.7421875
08:41:15,91282CKP5,TSRYS5793017,D,S,C,2024-05-06,1000000.00,4.456987,100.7421875
08:41:21,91282CKP5,TSRYS5793017,D,S,D,2024-05-06,1000000.00,4.456987,100.7421875
08:41:21,91282CKP5,TSRYS5793017,D,B,C,2024-05-06,1000000.00,4.456987,100.7421875
