tradeTime,cusip,issueSymbolIdentifier,priceType,reportingSideCode,contraPartyTypeCode,tradeDate,reportedTradeVolume,lastSaleYield,lastSalePrice
08:00:03,91282CKP5,TSRYS5793017,D,S,D,2024-05-20,1000000.00,4.443075,100.796875
08:00:03,91282CKP5,TSRYS5793017,D,S,D,2024-05-20,1000000.00,4.443075,100.796875
08:00:03,91282CKP5,TSRYS5793017,D,S,D,2024-05-20,1000000.00,4.437325,100.822265625
08:00:03,91282CKP5,TSRYS5793017,D,S,D,2024-05-20,1000000.00,4.432019,100.845703125
08:00:03,91282CKP5,TSRYS5793017,D,S,D,2024-05-20,1000000.00,4.432019,100.845703125
08:00:03,91282CKP5,TSRYS5793017,D,S,D,2024-05-20,2000000.00,4.433788,100.837890625
08:00:03,91282CKP5,TSRYS5793017,D,S,D,2024-05-20,2000000.00,4.433788,100.837890625
08:00:03,91282CKP5,TSRYS5793017,D,S,T,2024-05-20,1000000.00,4.433788,100.837890625
08:00:03,91282CKP5,TSRYS5793017,D,S,D,2024-05-20,3000000.00,4.433788,100.837890625
08:00:03,91282CKP5,TSRYS5793017,D,S,T,2024-05-20,1000000.00,4.433788,100.837890625
08:00:03,91282CKP5,TSRYS5793017,D,S,D,2024-05-20,3000000.00,4.433788,100.837890625
08:00:03,91282CKP5,TSRYS5793017,D,S,D,2024-05-20,1000000.00,4.433788,100.837890625
08:00:03,91282CKP5,TSRYS5793017,D,S,D,2024-05-20,1000000.00,4.433788,100.837890625
08:00:03,91282CKP5,TSRYS5793017,D,S,T,2024-05-20,1000000.00,4.437325,100.822265625
08:00:03,91282CKP5,TSRYS5793017,D,S,T,2024-05-20,1000000.00,4.437325,100.822265625
08:00:03,91282CKP5,TSRYS5793017,D,S,T,2024-05-20,1000000.00,4.437325,100.822265625
08:00:03,91282CKP5,TSRYS5793017,D,S,D,2024-05-20,1000000.00,4.437325,100.822265625
08:00:03,91282CKP5,TSRYS5793017,D,S,D,2024-05-20,1000000.00,4.437325,100.822265625
08:00:03,91282CKP5,TSRYS5793017,D,S,D,2024-05-20,1000000.00,4.437325,100.822265625
08:00:03,91282CKP5,TSRYS5793017,D,S,D,2024-05-20,1000000.00,4.439536,100.8125
08:00:03,91282CKP5,TSRYS5793017,D,S,D,2024-05-20,1000000.00,4.435114,100.83203125
08:00:03,91282CKP5,TSRYS5793017,D,S,D,2024-05-20,1000000.00,4.435114,100.83203125
08:00:03,91282CKP5,TSRYS5793017,D,S,D,2024-05-20,1000000.00,4.435114,100.83203125
08:00:03,91282CKP5,TSRYS5793017,D,S,D,2024-05-20,1000000.00,4.435114,100.83203125
08:00:03,91282CKP5,TSRYS5793017,D,S,D,2024-05-20,1000000.00,4.435114,100.83203125
08:00:03,91282CKP5,TSRYS5793017,D,S,D,2024-05-20,1000000.00,4.435114,100.83203125
08:00:03,91282CKP5,TSRYS5793017,D,S,T,2024-05-20,1000000.00,4.435999,100.828125
08:00:03,91282CKP5,TSRYS5793017,D,S,T,2024-05-20,1000000.00,4.435999,100.828125
08:00:03,91282CKP5,TSRYS5793017,D,S,T,2024-05-20,1000000.00,4.435114,100.83203125
08:00:03,91282CKP5,TSRYS5793017,D,S,D,2024-05-20,1000000.00,4.435114,100.83203125
08:00:03,91282CKP5,TSRYS5793017,D,S,D,2024-05-20,1000000.00,4.435114,100.83203125
08:00:03,91282CKP5,TSRYS5793017,D,S,D,2024-05-20,1000000.00,4.435114,100.83203125
08:00:03,91282CKP5,TSRYS5793017,D,S,D,2024-05-20,1000000.00,4.435114,100.83203125
08:00:03,91282CKP5,TSRYS5793017,D,S,D,2024-05-20,1000000.00,4.435114,100.83203125
08:00:03,91282CKP5,TSRYS5793017,D,S,D,2024-05-20,1000000.00,4.435114,100.83203125
08:00:03,91282CKP5,TSRYS5793017,D,S,D,2024-05-20,1000000.00,4.435114,100.83203125
08:00:03,91282CKP5,TSRYS5793017,D,S,D,2024-05-20,1000000.00,4.435114,100.83203125
08:00:03,91282CKP5,TSRYS5793017,D,S,T,2024-05-20,3000000.00,4.43423,100.8359375
08:00:03,91282CKP5,TSRYS5793017,D,S,T,2024-05-20,3000000.00,4.43423,100.8359375
08:00:03,91282CKP5,TSRYS5793017,D,S,T,2024-05-20,1000000.00,4.439536,100.8125
08:00:03,91282CKP5,TSRYS5793017,D,S,D,2024-05-20,1000000.00,4.444844,100.7890625
08:00:03,91282CKP5,TSRYS5793017,D,S,D,2024-05-20,1000000.00,4.444844,100.7890625
08:00:03,91282CKP5,TSRYS5793017,D,S,D,2024-05-20,1000000.00,4.444844,100.7890625
08:00:03,91282CKP5,TSRYS5793017,D,S,D,2024-05-20,1000000.00,4.444844,100.7890625
08:00:03,91282CKP5,TSRYS5793017,D,S,D,2024-05-20,1000000.00,4.444844,100.7890625
08:00:03,91282CKP5,TSRYS5793017,D,S,D,2024-05-20,2000000.00,4.443075,100.796875
08:00:03,91282CKP5,TSRYS5793017,D,S,D,2024-05-20,1000000.00,4.446614,100.78125
08:00:03,91282CKP5,TSRYS5793017,D,S,D,2024-05-20,1000000.00,4.446614,100.78125
08:00:03,91282CKP5,TSRYS5793017,D,S,D,2024-05-20,1000000.00,4.446614,100.78125
08:00:03,91282CKP5,TSRYS5793017,D,S,D,2024-05-20,1000000.00,4.446614,100.78125
08:00:03,91282CKP5,TSRYS5793017,D,S,D,2024-05-20,1000000.00,4.446614,100.78125
08:00:03,91282CKP5,TSRYS5793017,D,S,D,2024-05-20,1000000.00,4.446614,100.78125
08:00:03,91282CKP5,TSRYS5793017,D,S,D,2024-05-20,1000000.00,4.446614,100.78125
08:00:03,91282CKP5,TSRYS5793017,D,S,D,2024-05-20,1000000.00,4.446614,100.78125
08:00:03,91282CKP5,TSRYS5793017,D,S,D,2024-05-20,1000000.00,4.446614,100.78125
08:00:03,91282CKP5,TSRYS5793017,D,S,D,2024-05-20,1000000.00,4.446614,100.78125
08:00:03,91282CKP5,TSRYS5793017,D,S,D,2024-05-20,1000000.00,4.446614,100.78125
08:00:03,91282CKP5,TSRYS5793017,D,S,D,2024-05-20,1000000.00,4.446614,100.78125
08:00:03,91282CKP5,TSRYS5793017,D,S,D,2024-05-20,1000000.00,4.446614,100.78125
08:00:03,91282CKP5,TSRYS5793017,D,S,D,2024-05-20,1000000.00,4.444844,100.7890625
08:00:03,91282CKP5,TSRYS5793017,D,S,D,2024-05-20,1000000.00,4.444844,100.7890625
08:00:03,91282CKP5,TSRYS5793017,D,S,D,2024-05-20,1000000.00,4.444844,100.7890625
08:00:03,91282CKP5,TSRYS5793017,D,S,D,2024-05-20,1000000.00,4.444844,100.7890625
08:00:03,91282CKP5,TSRYS5793017,D,S,D,2024-05-20,1000000.00,4.444844,100.7890625
08:00:03,91282CKP5,TSRYS5793017,D,S,D,2024-05-20,1000000.00,4.444844,100.7890625
08:00:03,91282CKP5,TSRYS5793017,D,S,T,2024-05-20,1000000.00,4.441305,100.8046875
08:00:03,91282CKP5,TSRYS5793017,D,S,D,2024-05-20,2000000.00,4.436883,100.82421875
08:00:03,91282CKP5,TSRYS5793017,D,S,D,2024-05-20,1000000.00,4.436883,100.82421875
08:00:03,91282CKP5,TSRYS5793017,D,S,D,2024-05-20,1000000.00,4.436883,100.82421875
08:00:03,91282CKP5,TSRYS5793017,D,S,D,2024-05-20,2000000.00,4.436883,100.82421875
08:00:03,91282CKP5,TSRYS5793017,D,S,D,2024-05-20,2000000.00,4.436883,100.82421875
08:00:03,91282CKP5,TSRYS5793017,D,S,D,2024-05-20,1000000.00,4.436883,100.82421875
08:00:03,91282CKP5,TSRYS5793017,D,S,T,2024-05-20,1000000.00,4.436883,100.82421875
08:00:03,91282CKP5,TSRYS5793017,D,S,T,2024-05-20,3000000.00,4.437767,100.8203125
08:00:03,91282CKP5,TSRYS5793017,D,S,T,2024-05-20,6000000.00,4.437767,100.8203125
08:00:03,91282CKP5,TSRYS5793017,D,S,D,2024-05-20,2000000.00,4.440863,100.806640625
08:00:03,91282CKP5,TSRYS5793017,D,S,D,2024-05-20,3000000.00,4.441305,100.8046875
08:00:03,91282CKP5,TSRYS5793017,D,S,D,2024-05-20,1000000.00,4.441305,100.8046875
08:00:03,91282CKP5,TSRYS5793017,D,S,D,2024-05-20,3000000.00,4.441305,100.8046875
08:00:03,91282CKP5,TSRYS5793017,D,S,D,2024-05-20,2000000.00,4.441305,100.8046875
08:00:03,91282CKP5,TSRYS5793017,D,S,D,2024-05-20,1000000.00,4.437767,100.8203125
08:00:03,91282CKP5,TSRYS5793017,D,S,D,2024-05-20,1000000.00,4.439979,100.810546875
08:00:03,91282CKP5,TSRYS5793017,D,S,D,2024-05-20,1000000.00,4.439979,100.810546875
08:00:03,91282CKP5,TSRYS5793017,D,S,D,2024-05-20,1000000.00,4.439979,100.810546875
08:00:03,91282CKP5,TSRYS5793017,D,S,D,2024-05-20,1000000.00,4.439979,100.810546875
08:00:03,91282CKP5,TSRYS5793017,D,S,D,2024-05-20,1000000.00,4.43821,100.818359375
08:00:03,91282CKP5,TSRYS5793017,D,S,T,2024-05-20,1000000.00,4.436441,100.826171875
08:00:03,91282CKP5,TSRYS5793017,D,S,D,2024-05-20,1000000.00,4.43423,100.8359375
08:00:03,91282CKP5,TSRYS5793017,D,S,D,2024-05-20,2000000.00,4.43423,100.8359375
08:00:03,91282CKP5,TSRYS5793017,D,S,D,2024-05-20,1000000.00,4.43423,100.8359375
08:00:03,91282CKP5,TSRYS5793017,D,S,T,2024-05-20,1000000.00,4.43423,100.8359375
08:00:03,91282CKP5,TSRYS5793017,D,S,D,2024-05-20,1000000.00,4.43423,100.8359375
08:00:03,91282CKP5,TSRYS5793017,D,S,D,2024-05-20,3000000.00,4.43423,100.8359375
08:00:03,91282CKP5,TSRYS5793017,D,S,T,2024-05-20,1000000.00,4.433346,100.83984375
08:00:03,91282CKP5,TSRYS5793017,D,S,D,2024-05-20,3000000.00,4.433346,100.83984375
08:00:03,91282CKP5,TSRYS5793017,D,S,T,2024-05-20,3000000.00,4.43423,100.8359375
08:00:03,91282CKP5,TSRYS5793017,D,S,T,2024-05-20,1000000.00,4.432462,100.84375
08:00:03,91282CKP5,TSRYS5793017,D,S,T,2024-05-20,1000000.00,4.430693,100.8515625
08:00:03,91282CKP5,TSRYS5793017,D,S,D,2024-05-20,3000000.00,4.432462,100.84375
08:00:03,91282CKP5,TSRYS5793017,D,S,D,2024-05-20,1000000.00,4.432462,100.84375
08:00:03,91282CKP5,TSRYS5793017,D,S,D,2024-05-20,3000000.00,4.432462,100.84375
08:00:03,91282CKP5,TSRYS5793017,D,S,T,2024-05-20,1000000.00,4.439536,100.8125
08:00:03,91282CKP5,TSRYS5793017,D,S,T,2024-05-20,2000000.00,4.439536,100.8125
08:00:03,91282CKP5,TSRYS5793017,D,S,T,2024-05-20,3000000.00,4.439536,100.8125
08:00:03,91282CKP5,TSRYS5793017,D,S,T,2024-05-20,1000000.00,4.432462,100.84375
08:00:05,91282CKP5,TSRYS5793017,D,S,D,2024-05-20,1550000.00,4.432462,100.84375
08:00:08,91282CKP5,TSRYS5793017,D,S,D,2024-05-20,1000000.00,4.439536,100.8125
08:00:08,91282CKP5,TSRYS5793017,D,S,D,2024-05-20,1000000.00,4.439536,100.8125
08:00:09,91282CKP5,TSRYS5793017,D,S,T,2024-05-20,1000000.00,4.435114,100.83203125
08:00:09,91282CKP5,TSRYS5793017,D,S,T,2024-05-20,3000000.00,4.435114,100.83203125
08:00:09,91282CKP5,TSRYS5793017,D,S,T,2024-05-20,3000000.00,4.435114,100.83203125
08:00:09,91282CKP5,TSRYS5793017,D,S,T,2024-05-20,5000000.00,4.435114,100.83203125
08:00:09,91282CKP5,TSRYS5793017,D,S,T,2024-05-20,1000000.00,4.434672,100.833984375
08:00:09,91282CKP5,TSRYS5793017,D,S,T,2024-05-20,3000000.00,4.435114,100.83203125
08:00:09,91282CKP5,TSRYS5793017,D,S,T,2024-05-20,3000000.00,4.435114,100.83203125
08:00:09,91282CKP5,TSRYS5793017,D,B,A,2024-05-20,170000.00,4.43423,100.8359375
08:00:09,91282CKP5,TSRYS5793017,D,S,T,2024-05-20,1000000.00,4.435114,100.83203125
08:00:09,91282CKP5,TSRYS5793017,D,S,D,2024-05-20,1000000.00,4.435114,100.83203125
08:00:09,91282CKP5,TSRYS5793017,D,S,D,2024-05-20,3000000.00,4.435114,100.83203125
08:00:09,91282CKP5,TSRYS5793017,D,S,D,2024-05-20,3000000.00,4.435114,100.83203125
08:00:09,91282CKP5,TSRYS5793017,D,S,D,2024-05-20,5000000.00,4.435114,100.83203125
08:00:09,91282CKP5,TSRYS5793017,D,S,D,2024-05-20,1000000.00,4.434672,100.833984375
08:00:09,91282CKP5,TSRYS5793017,D,S,D,2024-05-20,3000000.00,4.435114,100.83203125
08:00:09,91282CKP5,TSRYS5793017,D,S,D,2024-05-20,3000000.00,4.435114,100.83203125
08:00:10,91282CKP5,TSRYS5793017,D,S,D,2024-05-20,1000000.00,4.435114,100.83203125
08:00:11,91282CKP5,TSRYS5793017,D,S,D,2024-05-20,29000000.00,4.443959,100.79296875
08:00:11,91282CKP5,TSRYS5793017,D,S,D,2024-05-20,16000000.00,4.444844,100.7890625
08:00:12,91282CKP5,TSRYS5793017,D,S,D,2024-05-20,1000000.00,4.437767,100.8203125
08:00:12,91282CKP5,TSRYS5793017,D,S,D,2024-05-20,1000000.00,4.440421,100.80859375
08:00:12,91282CKP5,TSRYS5793017,D,S,D,2024-05-20,1000000.00,4.432019,100.845703125
08:00:12,91282CKP5,TSRYS5793017,D,S,D,2024-05-20,1000000.00,4.43423,100.8359375
08:00:12,91282CKP5,TSRYS5793017,D,S,T,2024-05-20,1000000.00,4.428925,100.859375
08:00:12,91282CKP5,TSRYS5793017,D,S,T,2024-05-20,2000000.00,4.428925,100.859375
08:00:12,91282CKP5,TSRYS5793017,D,S,T,2024-05-20,1000000.00,4.435999,100.828125
08:00:12,91282CKP5,TSRYS5793017,D,S,T,2024-05-20,1000000.00,4.435999,100.828125
08:00:12,91282CKP5,TSRYS5793017,D,S,T,2024-05-20,1000000.00,4.435999,100.828125
08:00:12,91282CKP5,TSRYS5793017,D,S,T,2024-05-20,2000000.00,4.435999,100.828125
08:00:12,91282CKP5,TSRYS5793017,D,S,T,2024-05-20,2000000.00,4.435999,100.828125
08:00:12,91282CKP5,TSRYS5793017,D,S,D,2024-05-20,1000000.00,4.430693,100.8515625
08:00:12,91282CKP5,TSRYS5793017,D,S,D,2024-05-20,1000000.00,4.435114,100.83203125
08:00:12,91282CKP5,TSRYS5793017,D,S,D,2024-05-20,1000000.00,4.435114,100.83203125
08:00:12,91282CKP5,TSRYS5793017,D,S,D,2024-05-20,1000000.00,4.435114,100.83203125
08:00:12,91282CKP5,TSRYS5793017,D,S,D,2024-05-20,1000000.00,4.435114,100.83203125
08:00:12,91282CKP5,TSRYS5793017,D,S,T,2024-05-20,1000000.00,4.435114,100.83203125
08:00:12,91282CKP5,TSRYS5793017,D,S,T,2024-05-20,1000000.00,4.435999,100.828125
08:00:12,91282CKP5,TSRYS5793017,D,S,T,2024-05-20,1000000.00,4.435999,100.828125
08:00:12,91282CKP5,TSRYS5793017,D,S,T,2024-05-20,1000000.00,4.435999,100.828125
08:00:12,91282CKP5,TSRYS5793017,D,S,T,2024-05-20,1000000.00,4.437767,100.8203125
08:00:12,91282CKP5,TSRYS5793017,D,S,T,2024-05-20,1000000.00,4.437767,100.8203125
08:00:12,91282CKP5,TSRYS5793017,D,S,T,2024-05-20,2000000.00,4.439536,100.8125
08:00:12,91282CKP5,TSRYS5793017,D,S,T,2024-05-20,1000000.00,4.439536,100.8125
08:00:12,91282CKP5,TSRYS5793017,D,S,T,2024-05-20,1000000.00,4.439536,100.8125
08:00:12,91282CKP5,TSRYS5793017,D,S,D,2024-05-20,1000000.00,4.428925,100.859375
08:00:12,91282CKP5,TSRYS5793017,D,S,T,2024-05-20,1000000.00,4.439536,100.8125
08:00:12,91282CKP5,TSRYS5793017,D,S,T,2024-05-20,1000000.00,4.443959,100.79296875
08:00:12,91282CKP5,TSRYS5793017,D,S,T,2024-05-20,1000000.00,4.428925,100.859375
08:00:12,91282CKP5,TSRYS5793017,D,S,T,2024-05-20,1000000.00,4.443075,100.796875
08:00:12,91282CKP5,TSRYS5793017,D,S,T,2024-05-20,1000000.00,4.444844,100.7890625
08:00:12,91282CKP5,TSRYS5793017,D,S,T,2024-05-20,1000000.00,4.439536,100.8125
08:00:12,91282CKP5,TSRYS5793017,D,S,T,2024-05-20,1000000.00,4.439536,100.8125
08:00:12,91282CKP5,TSRYS5793017,D,S,T,2024-05-20,1000000.00,4.439536,100.8125
08:00:12,91282CKP5,TSRYS5793017,D,S,T,2024-05-20,1000000.00,4.437767,100.8203125
08:00:12,91282CKP5,TSRYS5793017,D,S,T,2024-05-20,1000000.00,4.437767,100.8203125
08:00:12,91282CKP5,TSRYS5793017,D,S,T,2024-05-20,1000000.00,4.437767,100.8203125
08:00:12,91282CKP5,TSRYS5793017,D,S,T,2024-05-20,1000000.00,4.437767,100.8203125
08:00:12,91282CKP5,TSRYS5793017,D,S,T,2024-05-20,1000000.00,4.437767,100.8203125
08:00:12,91282CKP5,TSRYS5793017,D,S,T,2024-05-20,1000000.00,4.437767,100.8203125
08:00:12,91282CKP5,TSRYS5793017,D,S,T,2024-05-20,1000000.00,4.437767,100.8203125
08:00:12,91282CKP5,TSRYS5793017,D,S,D,2024-05-20,1000000.00,4.433788,100.837890625
08:00:12,91282CKP5,TSRYS5793017,D,S,D,2024-05-20,1000000.00,4.433788,100.837890625
08:00:12,91282CKP5,TSRYS5793017,D,S,T,2024-05-20,1000000.00,4.443075,100.796875
08:00:12,91282CKP5,TSRYS5793017,D,S,T,2024-05-20,7000000.00,4.443075,100.796875
08:00:12,91282CKP5,TSRYS5793017,D,S,T,2024-05-20,1000000.00,4.443075,100.796875
08:00:12,91282CKP5,TSRYS5793017,D,S,T,2024-05-20,1000000.00,4.440421,100.80859375
08:00:12,91282CKP5,TSRYS5793017,D,S,T,2024-05-20,1000000.00,4.439536,100.8125
08:00:12,91282CKP5,TSRYS5793017,D,S,T,2024-05-20,1000000.00,4.438652,100.81640625
08:00:12,91282CKP5,TSRYS5793017,D,S,T,2024-05-20,1000000.00,4.438652,100.81640625
08:00:12,91282CKP5,TSRYS5793017,D,S,T,2024-05-20,3000000.00,4.441305,100.8046875
08:00:12,91282CKP5,TSRYS5793017,D,S,T,2024-05-20,1000000.00,4.441305,100.8046875
08:00:12,91282CKP5,TSRYS5793017,D,S,T,2024-05-20,1000000.00,4.441305,100.8046875
08:00:12,91282CKP5,TSRYS5793017,D,S,D,2024-05-20,1000000.00,4.441305,100.8046875
08:00:12,91282CKP5,TSRYS5793017,D,S,T,2024-05-20,1000000.00,4.441748,100.802734375
08:00:12,91282CKP5,TSRYS5793017,D,S,T,2024-05-20,2000000.00,4.428925,100.859375
08:00:12,91282CKP5,TSRYS5793017,D,S,T,2024-05-20,1000000.00,4.441305,100.8046875
08:00:12,91282CKP5,TSRYS5793017,D,S,T,2024-05-20,1000000.00,4.441748,100.802734375
08:00:12,91282CKP5,TSRYS5793017,D,S,T,2024-05-20,1000000.00,4.441748,100.802734375
08:00:12,91282CKP5,TSRYS5793017,D,S,T,2024-05-20,1000000.00,4.441305,100.8046875
08:00:12,91282CKP5,TSRYS5793017,D,S,D,2024-05-20,1000000.00,4.441305,100.8046875
08:00:12,91282CKP5,TSRYS5793017,D,S,T,2024-05-20,1000000.00,4.440863,100.806640625
08:00:12,91282CKP5,TSRYS5793017,D,S,T,2024-05-20,1000000.00,4.440863,100.806640625
08:00:12,91282CKP5,TSRYS5793017,D,S,T,2024-05-20,1000000.00,4.440863,100.806640625
08:00:12,91282CKP5,TSRYS5793017,D,S,D,2024-05-20,1000000.00,4.439979,100.810546875
08:00:12,91282CKP5,TSRYS5793017,D,S,D,2024-05-20,1000000.00,4.440421,100.80859375
08:00:12,91282CKP5,TSRYS5793017,D,S,T,2024-05-20,1000000.00,4.436883,100.82421875
08:00:12,91282CKP5,TSRYS5793017,D,S,T,2024-05-20,1000000.00,4.438652,100.81640625
08:00:12,91282CKP5,TSRYS5793017,D,S,T,2024-05-20,1000000.00,4.43821,100.818359375
08:00:12,91282CKP5,TSRYS5793017,D,S,T,2024-05-20,1000000.00,4.437767,100.8203125
08:00:12,91282CKP5,TSRYS5793017,D,S,T,2024-05-20,1000000.00,4.438652,100.81640625
08:00:12,91282CKP5,TSRYS5793017,D,S,T,2024-05-20,18000000.00,4.428925,100.859375
08:00:12,91282CKP5,TSRYS5793017,D,S,T,2024-05-20,1000000.00,4.438652,100.81640625
08:00:12,91282CKP5,TSRYS5793017,D,S,T,2024-05-20,1000000.00,4.437767,100.8203125
08:00:12,91282CKP5,TSRYS5793017,D,S,T,2024-05-20,1000000.00,4.428925,100.859375
08:00:12,91282CKP5,TSRYS5793017,D,S,T,2024-05-20,2000000.00,4.435999,100.828125
08:00:12,91282CKP5,TSRYS5793017,D,S,T,2024-05-20,1000000.00,4.439536,100.8125
08:00:12,91282CKP5,TSRYS5793017,D,S,T,2024-05-20,2000000.00,4.439536,100.8125
08:00:12,91282CKP5,TSRYS5793017,D,S,T,2024-05-20,2000000.00,4.428925,100.859375
08:00:12,91282CKP5,TSRYS5793017,D,S,T,2024-05-20,4000000.00,4.428925,100.859375
08:00:12,91282CKP5,TSRYS5793017,D,S,T,2024-05-20,1000000.00,4.428925,100.859375
08:00:12,91282CKP5,TSRYS5793017,D,S,T,2024-05-20,2000000.00,4.439536,100.8125
08:00:12,91282CKP5,TSRYS5793017,D,S,T,2024-05-20,1000000.00,4.428925,100.859375
08:00:12,91282CKP5,TSRYS5793017,D,S,T,2024-05-20,3000000.00,4.439536,100.8125
08:00:13,91282CKP5,TSRYS5793017,D,S,T,2024-05-20,3000000.00,4.439536,100.8125
08:00:13,91282CKP5,TSRYS5793017,D,S,T,2024-05-20,1000000.00,4.439536,100.8125
08:00:13,91282CKP5,TSRYS5793017,D,S,T,2024-05-20,1000000.00,4.439536,100.8125
08:00:13,91282CKP5,TSRYS5793017,D,S,D,2024-05-20,1000000.00,4.433788,100.837890625
08:00:13,91282CKP5,TSRYS5793017,D,S,D,2024-05-20,1000000.00,4.433788,100.837890625
08:00:13,91282CKP5,TSRYS5793017,D,S,D,2024-05-20,1000000.00,4.433788,100.837890625
08:00:13,91282CKP5,TSRYS5793017,D,S,D,2024-05-20,1000000.00,4.433788,100.837890625
08:00:13,91282CKP5,TSRYS5793017,D,S,D,2024-05-20,1000000.00,4.436883,100.82421875
08:00:13,91282CKP5,TSRYS5793017,D,S,D,2024-05-20,1000000.00,4.436883,100.82421875
08:00:13,91282CKP5,TSRYS5793017,D,S,D,2024-05-20,1000000.00,4.436883,100.82421875
08:00:13,91282CKP5,TSRYS5793017,D,S,D,2024-05-20,1000000.00,4.436883,100.82421875
08:00:13,91282CKP5,TSRYS5793017,D,S,D,2024-05-20,1000000.00,4.436883,100.82421875
08:00:13,91282CKP5,TSRYS5793017,D,S,D,2024-05-20,1000000.00,4.436883,100.82421875
08:00:13,91282CKP5,TSRYS5793017,D,S,D,2024-05-20,1000000.00,4.436883,100.82421875
08:00:13,91282CKP5,TSRYS5793017,D,S,D,2024-05-20,1000000.00,4.436883,100.82421875
08:00:13,91282CKP5,TSRYS5793017,D,S,D,2024-05-20,1000000.00,4.436883,100.82421875
08:00:13,91282CKP5,TSRYS5793017,D,S,D,2024-05-20,1000000.00,4.436883,100.82421875
08:00:13,91282CKP5,TSRYS5793017,D,S,D,2024-05-20,1000000.00,4.437767,100.8203125
08:00:14,91282CKP5,TSRYS5793017,D,S,A,2024-05-20,2215000.00,4.428041,100.86328125
08:00:14,91282CKP5,TSRYS5793017,D,S,D,2024-05-20,1000000.00,4.437767,100.8203125
08:00:14,91282CKP5,TSRYS5793017,D,S,D,2024-05-20,1000000.00,4.437767,100.8203125
08:00:14,91282CKP5,TSRYS5793017,D,S,D,2024-05-20,1000000.00,4.437767,100.8203125
08:00:14,91282CKP5,TSRYS5793017,D,S,D,2024-05-20,1000000.00,4.437767,100.8203125
08:00:14,91282CKP5,TSRYS5793017,D,S,D,2024-05-20,1000000.00,4.437767,100.8203125
08:00:14,91282CKP5,TSRYS5793017,D,S,D,2024-05-20,1000000.00,4.437767,100.8203125
08:00:14,91282CKP5,TSRYS5793017,D,S,D,2024-05-20,1000000.00,4.437767,100.8203125
08:00:14,91282CKP5,TSRYS5793017,D,S,D,2024-05-20,1000000.00,4.437767,100.8203125
08:00:14,91282CKP5,TSRYS5793017,D,S,D,2024-05-20,1000000.00,4.437767,100.8203125
08:00:14,91282CKP5,TSRYS5793017,D,S,D,2024-05-20,1000000.00,4.437767,100.8203125
08:00:14,91282CKP5,TSRYS5793017,D,S,D,2024-05-20,1000000.00,4.437767,100.8203125
08:00:14,91282CKP5,TSRYS5793017,D,S,D,2024-05-20,1000000.00,4.437767,100.8203125
08:00:14,91282CKP5,TSRYS5793017,D,S,D,2024-05-20,1000000.00,4.437767,100.8203125
08:00:14,91282CKP5,TSRYS5793017,D,S,D,2024-05-20,1000000.00,4.437767,100.8203125
08:00:14,91282CKP5,TSRYS5793017,D,S,D,2024-05-20,1000000.00,4.437767,100.8203125
08:00:14,91282CKP5,TSRYS5793017,D,S,D,2024-05-20,1000000.00,4.437767,100.8203125
08:00:14,91282CKP5,TSRYS5793017,D,S,D,2024-05-20,1000000.00,4.439536,100.8125
08:00:14,91282CKP5,TSRYS5793017,D,S,D,2024-05-20,1000000.00,4.439536,100.8125
08:00:14,91282CKP5,TSRYS5793017,D,S,D,2024-05-20,1000000.00,4.440421,100.80859375
08:00:14,91282CKP5,TSRYS5793017,D,S,D,2024-05-20,1000000.00,4.440421,100.80859375
08:00:14,91282CKP5,TSRYS5793017,D,S,D,2024-05-20,1000000.00,4.440421,100.80859375
08:00:14,91282CKP5,TSRYS5793017,D,S,D,2024-05-20,1000000.00,4.440421,100.80859375
08:00:15,91282CKP5,TSRYS5793017,D,S,D,2024-05-20,1000000.00,4.440421,100.80859375
08:00:15,91282CKP5,TSRYS5793017,D,S,D,2024-05-20,1000000.00,4.440421,100.80859375
08:00:18,91282CKP5,TSRYS5793017,D,S,A,2024-05-20,4914000.00,4.439536,100.8125
08:00:18,91282CKP5,TSRYS5793017,D,S,D,2024-05-20,1000000.00,4.443075,100.796875
08:00:18,91282CKP5,TSRYS5793017,D,S,D,2024-05-20,1000000.00,4.443075,100.796875
08:00:18,91282CKP5,TSRYS5793017,D,S,D,2024-05-20,1000000.00,4.443075,100.796875
08:00:18,91282CKP5,TSRYS5793017,D,S,D,2024-05-20,1000000.00,4.443075,100.796875
08:00:18,91282CKP5,TSRYS5793017,D,S,D,2024-05-20,1000000.00,4.446614,100.78125
08:00:18,91282CKP5,TSRYS5793017,D,S,A,2024-05-20,189000.00,4.443959,100.79296875
08:00:18,91282CKP5,TSRYS5793017,D,S,T,2024-05-20,2000000.00,4.443517,100.794921875
08:00:18,91282CKP5,TSRYS5793017,D,S,T,2024-05-20,3000000.00,4.437767,100.8203125
08:00:18,91282CKP5,TSRYS5793017,D,S,T,2024-05-20,1000000.00,4.443959,100.79296875
08:00:18,91282CKP5,TSRYS5793017,D,S,T,2024-05-20,2000000.00,4.437767,100.8203125
08:00:18,91282CKP5,TSRYS5793017,D,S,T,2024-05-20,1000000.00,4.443959,100.79296875
08:00:18,91282CKP5,TSRYS5793017,D,S,T,2024-05-20,1000000.00,4.443517,100.794921875
08:00:18,91282CKP5,TSRYS5793017,D,S,T,2024-05-20,3000000.00,4.443075,100.796875
08:00:18,91282CKP5,TSRYS5793017,D,S,T,2024-05-20,1000000.00,4.441748,100.802734375
08:00:18,91282CKP5,TSRYS5793017,D,S,T,2024-05-20,2000000.00,4.441305,100.8046875
08:00:18,91282CKP5,TSRYS5793017,D,S,T,2024-05-20,1000000.00,4.441305,100.8046875
08:00:18,91282CKP5,TSRYS5793017,D,B,A,2024-05-20,575000.00,4.444844,100.7890625
08:00:18,91282CKP5,TSRYS5793017,D,S,D,2024-05-20,1000000.00,4.440421,100.80859375
08:00:18,91282CKP5,TSRYS5793017,D,S,D,2024-05-20,1000000.00,4.440421,100.80859375
08:00:18,91282CKP5,TSRYS5793017,D,S,D,2024-05-20,1000000.00,4.440421,100.80859375
08:00:18,91282CKP5,TSRYS5793017,D,S,D,2024-05-20,1000000.00,4.440421,100.80859375
08:00:18,91282CKP5,TSRYS5793017,D,S,D,2024-05-20,1000000.00,4.440421,100.80859375
08:00:18,91282CKP5,TSRYS5793017,D,S,D,2024-05-20,1000000.00,4.440421,100.80859375
08:00:19,91282CKP5,TSRYS5793017,D,S,D,2024-05-20,1000000.00,4.439536,100.8125
08:00:19,91282CKP5,TSRYS5793017,D,S,D,2024-05-20,2000000.00,4.438652,100.81640625
08:00:19,91282CKP5,TSRYS5793017,D,S,D,2024-05-20,1000000.00,4.437767,100.8203125
08:00:19,91282CKP5,TSRYS5793017,D,S,D,2024-05-20,3000000.00,4.434672,100.833984375
08:00:20,91282CKP5,TSRYS5793017,D,S,T,2024-05-20,2000000.00,4.437767,100.8203125
08:00:20,91282CKP5,TSRYS5793017,D,S,T,2024-05-20,4000000.00,4.437767,100.8203125
08:00:20,91282CKP5,TSRYS5793017,D,B,A,2024-05-20,4200000.00,4.438652,100.81640625
08:00:20,91282CKP5,TSRYS5793017,D,S,D,2024-05-20,2000000.00,4.435999,100.828125
08:00:20,91282CKP5,TSRYS5793017,D,S,D,2024-05-20,1000000.00,4.436883,100.82421875
08:00:20,91282CKP5,TSRYS5793017,D,S,D,2024-05-20,1000000.00,4.436883,100.82421875
08:00:20,91282CKP5,TSRYS5793017,D,S,D,2024-05-20,1000000.00,4.436883,100.82421875
08:00:20,91282CKP5,TSRYS5793017,D,S,D,2024-05-20,1000000.00,4.436883,100.82421875
08:00:20,91282CKP5,TSRYS5793017,D,S,D,2024-05-20,1000000.00,4.436883,100.82421875
08:00:20,91282CKP5,TSRYS5793017,D,S,D,2024-05-20,1000000.00,4.436883,100.82421875
08:00:20,91282CKP5,TSRYS5793017,D,S,D,2024-05-20,1000000.00,4.436883,100.82421875
08:00:20,91282CKP5,TSRYS5793017,D,S,D,2024-05-20,1000000.00,4.436883,100.82421875
08:00:20,91282CKP5,TSRYS5793017,D,S,D,2024-05-20,1000000.00,4.436883,100.82421875
08:00:20,91282CKP5,TSRYS5793017,D,S,D,2024-05-20,1000000.00,4.436883,100.82421875
08:00:20,91282CKP5,TSRYS5793017,D,S,D,2024-05-20,1000000.00,4.436883,100.82421875
08:00:20,91282CKP5,TSRYS5793017,D,S,D,2024-05-20,1000000.00,4.436883,100.82421875
08:00:20,91282CKP5,TSRYS5793017,D,S,D,2024-05-20,1000000.00,4.436883,100.82421875
08:00:20,91282CKP5,TSRYS5793017,D,S,D,2024-05-20,1000000.00,4.436883,100.82421875
08:00:20,91282CKP5,TSRYS5793017,D,S,D,2024-05-20,1000000.00,4.437767,100.8203125
08:00:20,91282CKP5,TSRYS5793017,D,S,A,2024-05-20,4200000.00,4.438652,100.81640625
08:00:20,91282CKP5,TSRYS5793017,D,S,A,2024-05-20,4200000.00,4.438652,100.81640625
08:00:21,91282CKP5,TSRYS5793017,D,B,A,2024-05-20,5100000.00,4.441305,100.8046875
08:00:21,91282CKP5,TSRYS5793017,D,S,A,2024-05-20,1800000.00,4.439536,100.8125
08:00:21,91282CKP5,TSRYS5793017,D,S,D,2024-05-20,2000000.00,4.437325,100.822265625
08:00:21,91282CKP5,TSRYS5793017,D,S,D,2024-05-20,3000000.00,4.43821,100.818359375
08:00:21,91282CKP5,TSRYS5793017,D,B,C,2024-05-20,1000000.00,4.439094,100.814453125
08:00:21,91282CKP5,TSRYS5793017,D,S,D,2024-05-20,1000000.00,4.439094,100.814453125
08:00:22,91282CKP5,TSRYS5793017,D,S,D,2024-05-20,2000000.00,4.445287,100.787109375
08:00:22,91282CKP5,TSRYS5793017,D,S,T,2024-05-20,1000000.00,4.441305,100.8046875
08:00:22,91282CKP5,TSRYS5793017,D,S,T,2024-05-20,3000000.00,4.441305,100.8046875
08:00:23,91282CKP5,TSRYS5793017,D,S,T,2024-05-20,4000000.00,4.441305,100.8046875
08:00:23,91282CKP5,TSRYS5793017,D,S,T,2024-05-20,4000000.00,4.441305,100.8046875
08:00:23,91282CKP5,TSRYS5793017,D,S,T,2024-05-20,9000000.00,4.441305,100.8046875
08:00:23,91282CKP5,TSRYS5793017,D,S,C,2024-05-20,3000000.00,4.444844,100.7890625
08:00:23,91282CKP5,TSRYS5793017,D,S,C,2024-05-20,2000000.00,4.444844,100.7890625
08:00:23,91282CKP5,TSRYS5793017,D,S,T,2024-05-20,1000000.00,4.441305,100.8046875
08:00:23,91282CKP5,TSRYS5793017,D,S,T,2024-05-20,2000000.00,4.441305,100.8046875
08:00:23,91282CKP5,TSRYS5793017,D,S,T,2024-05-20,1000000.00,4.441305,100.8046875
08:00:23,91282CKP5,TSRYS5793017,D,S,T,2024-05-20,2000000.00,4.441305,100.8046875
08:00:23,91282CKP5,TSRYS5793017,D,S,T,2024-05-20,3000000.00,4.441305,100.8046875
08:00:23,91282CKP5,TSRYS5793017,D,S,T,2024-05-20,2000000.00,4.441305,100.8046875
08:00:23,91282CKP5,TSRYS5793017,D,S,T,2024-05-20,7000000.00,4.441305,100.8046875
08:00:23,91282CKP5,TSRYS5793017,D,S,T,2024-05-20,3000000.00,4.441305,100.8046875
08:00:23,91282CKP5,TSRYS5793017,D,S,T,2024-05-20,2000000.00,4.441305,100.8046875
08:00:23,91282CKP5,TSRYS5793017,D,S,T,2024-05-20,1000000.00,4.441305,100.8046875
08:00:23,91282CKP5,TSRYS5793017,D,S,T,2024-05-20,1000000.00,4.437767,100.8203125
08:00:23,91282CKP5,TSRYS5793017,D,S,T,2024-05-20,2000000.00,4.437767,100.8203125
08:00:23,91282CKP5,TSRYS5793017,D,S,T,2024-05-20,1000000.00,4.437767,100.8203125
08:00:23,91282CKP5,TSRYS5793017,D,S,T,2024-05-20,1000000.00,4.437767,100.8203125
08:00:23,91282CKP5,TSRYS5793017,D,S,T,2024-05-20,1000000.00,4.437767,100.8203125
08:00:23,91282CKP5,TSRYS5793017,D,S,T,2024-05-20,1000000.00,4.437767,100.8203125
08:00:23,91282CKP5,TSRYS5793017,D,S,T,2024-05-20,1000000.00,4.437767,100.8203125
08:00:23,91282CKP5,TSRYS5793017,D,S,T,2024-05-20,2000000.00,4.441305,100.8046875
08:00:23,91282CKP5,TSRYS5793017,D,S,T,2024-05-20,1000000.00,4.437767,100.8203125
08:00:23,91282CKP5,TSRYS5793017,D,S,T,2024-05-20,1000000.00,4.441305,100.8046875
08:00:24,91282CKP5,TSRYS5793017,D,S,T,2024-05-20,1000000.00,4.441305,100.8046875
08:00:24,91282CKP5,TSRYS5793017,D,S,T,2024-05-20,8000000.00,4.441305,100.8046875
08:00:24,91282CKP5,TSRYS5793017,D,S,T,2024-05-20,1000000.00,4.441305,100.8046875
08:00:24,91282CKP5,TSRYS5793017,D,S,T,2024-05-20,1000000.00,4.441305,100.8046875
08:00:24,91282CKP5,TSRYS5793017,D,S,T,2024-05-20,1000000.00,4.428925,100.859375
08:00:24,91282CKP5,TSRYS5793017,D,S,T,2024-05-20,1000000.00,4.437767,100.8203125
08:00:24,91282CKP5,TSRYS5793017,D,S,T,2024-05-20,1000000.00,4.435999,100.828125
08:00:24,91282CKP5,TSRYS5793017,D,S,T,2024-05-20,1000000.00,4.444844,100.7890625
08:00:24,91282CKP5,TSRYS5793017,D,S,T,2024-05-20,1000000.00,4.443075,100.796875
08:00:24,91282CKP5,TSRYS5793017,D,S,T,2024-05-20,1000000.00,4.441305,100.8046875
08:00:24,91282CKP5,TSRYS5793017,D,S,T,2024-05-20,1000000.00,4.439536,100.8125
08:00:24,91282CKP5,TSRYS5793017,D,S,T,2024-05-20,1000000.00,4.439536,100.8125
08:00:24,91282CKP5,TSRYS5793017,D,S,T,2024-05-20,2000000.00,4.437767,100.8203125
08:00:24,91282CKP5,TSRYS5793017,D,S,T,2024-05-20,2000000.00,4.437767,100.8203125
08:00:24,91282CKP5,TSRYS5793017,D,S,T,2024-05-20,2000000.00,4.437767,100.8203125
08:00:24,91282CKP5,TSRYS5793017,D,S,T,2024-05-20,2000000.00,4.437767,100.8203125
08:00:24,91282CKP5,TSRYS5793017,D,S,T,2024-05-20,1000000.00,4.437767,100.8203125
08:00:24,91282CKP5,TSRYS5793017,D,S,T,2024-05-20,2000000.00,4.437767,100.8203125
08:00:24,91282CKP5,TSRYS5793017,D,S,T,2024-05-20,2000000.00,4.441305,100.8046875
08:00:24,91282CKP5,TSRYS5793017,D,S,T,2024-05-20,1000000.00,4.437767,100.8203125
08:00:24,91282CKP5,TSRYS5793017,D,S,T,2024-05-20,1000000.00,4.437767,100.8203125
08:00:24,91282CKP5,TSRYS5793017,D,S,T,2024-05-20,2000000.00,4.432462,100.84375
08:00:24,91282CKP5,TSRYS5793017,D,S,T,2024-05-20,2000000.00,4.432462,100.84375
08:00:24,91282CKP5,TSRYS5793017,D,S,T,2024-05-20,1000000.00,4.43423,100.8359375
08:00:24,91282CKP5,TSRYS5793017,D,S,T,2024-05-20,1000000.00,4.444844,100.7890625
08:00:24,91282CKP5,TSRYS5793017,D,S,T,2024-05-20,1000000.00,4.441305,100.8046875
08:00:24,91282CKP5,TSRYS5793017,D,S,C,2024-05-20,1000000.00,4.437767,100.8203125
08:00:24,91282CKP5,TSRYS5793017,D,S,T,2024-05-20,1000000.00,4.441305,100.8046875
08:00:24,91282CKP5,TSRYS5793017,D,S,T,2024-05-20,2000000.00,4.443075,100.796875
08:00:24,91282CKP5,TSRYS5793017,D,S,T,2024-05-20,1000000.00,4.443075,100.796875
08:00:24,91282CKP5,TSRYS5793017,D,S,T,2024-05-20,1000000.00,4.443075,100.796875
08:00:24,91282CKP5,TSRYS5793017,D,S,T,2024-05-20,1000000.00,4.443075,100.796875
08:00:24,91282CKP5,TSRYS5793017,D,S,T,2024-05-20,1000000.00,4.441305,100.8046875
08:00:24,91282CKP5,TSRYS5793017,D,B,C,2024-05-20,11000000.00,4.443075,100.796875
08:00:24,91282CKP5,TSRYS5793017,D,S,T,2024-05-20,1000000.00,4.441305,100.8046875
08:00:24,91282CKP5,TSRYS5793017,D,B,C,2024-05-20,1000000.00,4.439536,100.8125
08:00:24,91282CKP5,TSRYS5793017,D,S,T,2024-05-20,1000000.00,4.437325,100.822265625
08:00:24,91282CKP5,TSRYS5793017,D,S,T,2024-05-20,1000000.00,4.437767,100.8203125
08:00:24,91282CKP5,TSRYS5793017,D,B,C,2024-05-20,1000000.00,4.43423,100.8359375
08:00:24,91282CKP5,TSRYS5793017,D,S,C,2024-05-20,6000000.00,4.439536,100.8125
08:00:24,91282CKP5,TSRYS5793017,D,S,T,2024-05-20,1000000.00,4.435999,100.828125
08:00:24,91282CKP5,TSRYS5793017,D,S,T,2024-05-20,2000000.00,4.437767,100.8203125
08:00:24,91282CKP5,TSRYS5793017,D,S,D,2024-05-20,4000000.00,4.43423,100.8359375
08:00:24,91282CKP5,TSRYS5793017,D,B,C,2024-05-20,15000000.00,4.432462,100.84375
08:00:24,91282CKP5,TSRYS5793017,D,S,T,2024-05-20,2000000.00,4.43423,100.8359375
08:00:24,91282CKP5,TSRYS5793017,D,S,D,2024-05-20,1000000.00,4.444844,100.7890625
08:00:24,91282CKP5,TSRYS5793017,D,S,D,2024-05-20,1000000.00,4.444844,100.7890625
08:00:24,91282CKP5,TSRYS5793017,D,S,D,2024-05-20,1000000.00,4.444844,100.7890625
08:00:24,91282CKP5,TSRYS5793017,D,S,D,2024-05-20,1000000.00,4.444844,100.7890625
08:00:24,91282CKP5,TSRYS5793017,D,S,D,2024-05-20,1000000.00,4.444844,100.7890625
08:00:24,91282CKP5,TSRYS5793017,D,S,D,2024-05-20,1000000.00,4.444844,100.7890625
08:00:24,91282CKP5,TSRYS5793017,D,S,D,2024-05-20,1000000.00,4.443075,100.796875
08:00:24,91282CKP5,TSRYS5793017,D,S,D,2024-05-20,1000000.00,4.443075,100.796875
08:00:24,91282CKP5,TSRYS5793017,D,S,D,2024-05-20,1000000.00,4.443075,100.796875
08:00:24,91282CKP5,TSRYS5793017,D,S,D,2024-05-20,1000000.00,4.443075,100.796875
08:00:24,91282CKP5,TSRYS5793017,D,S,D,2024-05-20,1000000.00,4.443075,100.796875
08:00:25,91282CKP5,TSRYS5793017,D,S,D,2024-05-20,1000000.00,4.443959,100.79296875
08:00:25,91282CKP5,TSRYS5793017,D,S,D,2024-05-20,1000000.00,4.444402,100.791015625
08:00:25,91282CKP5,TSRYS5793017,D,S,D,2024-05-20,1000000.00,4.444402,100.791015625
08:00:25,91282CKP5,TSRYS5793017,D,S,D,2024-05-20,1000000.00,4.444402,100.791015625
08:00:25,91282CKP5,TSRYS5793017,D,S,D,2024-05-20,1000000.00,4.444402,100.791015625
08:00:25,91282CKP5,TSRYS5793017,D,S,D,2024-05-20,1000000.00,4.444402,100.791015625
08:00:25,91282CKP5,TSRYS5793017,D,S,D,2024-05-20,1000000.00,4.444402,100.791015625
08:00:25,91282CKP5,TSRYS5793017,D,S,D,2024-05-20,1000000.00,4.444402,100.791015625
08:00:25,91282CKP5,TSRYS5793017,D,S,D,2024-05-20,1000000.00,4.444402,100.791015625
08:00:25,91282CKP5,TSRYS5793017,D,S,D,2024-05-20,1000000.00,4.444844,100.7890625
08:00:25,91282CKP5,TSRYS5793017,D,S,D,2024-05-20,1000000.00,4.444844,100.7890625
08:00:25,91282CKP5,TSRYS5793017,D,S,D,2024-05-20,1000000.00,4.444844,100.7890625
08:00:25,91282CKP5,TSRYS5793017,D,S,D,2024-05-20,1000000.00,4.444844,100.7890625
08:00:26,91282CKP5,TSRYS5793017,D,S,D,2024-05-20,1000000.00,4.444844,100.7890625
08:00:26,91282CKP5,TSRYS5793017,D,S,D,2024-05-20,1000000.00,4.444844,100.7890625
08:00:26,91282CKP5,TSRYS5793017,D,S,D,2024-05-20,1000000.00,4.444844,100.7890625
08:00:26,91282CKP5,TSRYS5793017,D,S,D,2024-05-20,1000000.00,4.444844,100.7890625
08:00:26,91282CKP5,TSRYS5793017,D,S,D,2024-05-20,1000000.00,4.444844,100.7890625
08:00:26,91282CKP5,TSRYS5793017,D,S,D,2024-05-20,1000000.00,4.444844,100.7890625
08:00:26,91282CKP5,TSRYS5793017,D,S,D,2024-05-20,1000000.00,4.444844,100.7890625
08:00:26,91282CKP5,TSRYS5793017,D,S,D,2024-05-20,1000000.00,4.444844,100.7890625
08:00:26,91282CKP5,TSRYS5793017,D,S,D,2024-05-20,1000000.00,4.444844,100.7890625
08:00:26,91282CKP5,TSRYS5793017,D,S,D,2024-05-20,1000000.00,4.446614,100.78125
08:00:26,91282CKP5,TSRYS5793017,D,S,D,2024-05-20,1000000.00,4.44219,100.80078125
08:00:26,91282CKP5,TSRYS5793017,D,S,D,2024-05-20,2000000.00,4.44219,100.80078125
08:00:26,91282CKP5,TSRYS5793017,D,S,D,2024-05-20,3000000.00,4.443075,100.796875
08:00:26,91282CKP5,TSRYS5793017,D,S,D,2024-05-20,2000000.00,4.437767,100.8203125
08:00:26,91282CKP5,TSRYS5793017,D,S,D,2024-05-20,1000000.00,4.439536,100.8125
08:00:26,91282CKP5,TSRYS5793017,D,S,D,2024-05-20,3000000.00,4.441748,100.802734375
08:00:27,91282CKP5,TSRYS5793017,D,S,D,2024-05-20,4000000.00,4.439536,100.8125
08:00:27,91282CKP5,TSRYS5793017,D,S,D,2024-05-20,5000000.00,4.437767,100.8203125
08:00:27,91282CKP5,TSRYS5793017,D,S,D,2024-05-20,3000000.00,4.437767,100.8203125
08:00:27,91282CKP5,TSRYS5793017,D,S,D,2024-05-20,2000000.00,4.437767,100.8203125
08:00:27,91282CKP5,TSRYS5793017,D,S,D,2024-05-20,1000000.00,4.437767,100.8203125
08:00:27,91282CKP5,TSRYS5793017,D,S,D,2024-05-20,1000000.00,4.437767,100.8203125
08:00:27,91282CKP5,TSRYS5793017,D,S,D,2024-05-20,1000000.00,4.441305,100.8046875
08:00:28,91282CKP5,TSRYS5793017,D,S,A,2024-05-20,1910000.00,4.439536,100.8125
08:00:28,91282CKP5,TSRYS5793017,D,S,D,2024-05-20,1000000.00,4.441305,100.8046875
08:00:28,91282CKP5,TSRYS5793017,D,B,A,2024-05-20,1351000.00,4.440421,100.80859375
08:00:28,91282CKP5,TSRYS5793017,D,S,D,2024-05-20,3000000.00,4.441305,100.8046875
08:00:28,91282CKP5,TSRYS5793017,D,S,D,2024-05-20,6000000.00,4.441305,100.8046875
08:00:28,91282CKP5,TSRYS5793017,D,S,D,2024-05-20,1000000.00,4.441305,100.8046875
08:00:28,91282CKP5,TSRYS5793017,D,S,D,2024-05-20,1000000.00,4.43821,100.818359375
08:00:28,91282CKP5,TSRYS5793017,D,S,D,2024-05-20,1000000.00,4.439094,100.814453125
08:00:28,91282CKP5,TSRYS5793017,D,B,A,2024-05-20,500000.00,4.43423,100.835938
08:00:28,91282CKP5,TSRYS5793017,D,B,A,2024-05-20,500000.00,4.43423,100.835938
08:00:28,91282CKP5,TSRYS5793017,D,S,T,2024-05-20,1000000.00,4.433346,100.83984375
08:00:28,91282CKP5,TSRYS5793017,D,S,T,2024-05-20,3000000.00,4.43423,100.8359375
08:00:28,91282CKP5,TSRYS5793017,D,S,A,2024-05-20,656000.00,4.438652,100.81640625
08:00:28,91282CKP5,TSRYS5793017,D,S,T,2024-05-20,1000000.00,4.439536,100.8125
08:00:28,91282CKP5,TSRYS5793017,D,S,T,2024-05-20,1000000.00,4.439536,100.8125
08:00:28,91282CKP5,TSRYS5793017,D,S,D,2024-05-20,1000000.00,4.439536,100.8125
08:00:29,91282CKP5,TSRYS5793017,D,S,D,2024-05-20,1000000.00,4.439094,100.814453125
08:00:30,91282CKP5,TSRYS5793017,D,S,T,2024-05-20,2000000.00,4.439979,100.810546875
08:00:30,91282CKP5,TSRYS5793017,D,S,T,2024-05-20,2000000.00,4.439979,100.810546875
08:00:30,91282CKP5,TSRYS5793017,D,S,T,2024-05-20,1000000.00,4.439979,100.810546875
08:00:30,91282CKP5,TSRYS5793017,D,S,T,2024-05-20,1000000.00,4.443075,100.796875
08:00:30,91282CKP5,TSRYS5793017,D,S,T,2024-05-20,1000000.00,4.443075,100.796875
08:00:30,91282CKP5,TSRYS5793017,D,S,T,2024-05-20,1000000.00,4.441305,100.8046875
08:00:30,91282CKP5,TSRYS5793017,D,S,T,2024-05-20,1000000.00,4.441305,100.8046875
08:00:30,91282CKP5,TSRYS5793017,D,S,T,2024-05-20,1000000.00,4.441305,100.8046875
08:00:30,91282CKP5,TSRYS5793017,D,S,T,2024-05-20,1000000.00,4.432904,100.841796875
08:00:30,91282CKP5,TSRYS5793017,D,S,T,2024-05-20,1000000.00,4.432462,100.84375
08:00:30,91282CKP5,TSRYS5793017,D,S,T,2024-05-20,1000000.00,4.428925,100.859375
08:00:30,91282CKP5,TSRYS5793017,D,S,T,2024-05-20,3000000.00,4.428925,100.859375
08:00:30,91282CKP5,TSRYS5793017,D,S,T,2024-05-20,1000000.00,4.428925,100.859375
08:00:30,91282CKP5,TSRYS5793017,D,S,T,2024-05-20,1000000.00,4.437767,100.8203125
08:00:30,91282CKP5,TSRYS5793017,D,S,T,2024-05-20,1000000.00,4.437767,100.8203125
08:00:30,91282CKP5,TSRYS5793017,D,S,T,2024-05-20,1000000.00,4.437767,100.8203125
08:00:30,91282CKP5,TSRYS5793017,D,S,T,2024-05-20,1000000.00,4.437767,100.8203125
08:00:30,91282CKP5,TSRYS5793017,D,S,T,2024-05-20,1000000.00,4.439536,100.8125
08:00:30,91282CKP5,TSRYS5793017,D,S,T,2024-05-20,2000000.00,4.438652,100.81640625
08:00:30,91282CKP5,TSRYS5793017,D,S,T,2024-05-20,1000000.00,4.438652,100.81640625
08:00:30,91282CKP5,TSRYS5793017,D,S,T,2024-05-20,1000000.00,4.437767,100.8203125
08:00:30,91282CKP5,TSRYS5793017,D,S,T,2024-05-20,2000000.00,4.43821,100.818359375
08:00:30,91282CKP5,TSRYS5793017,D,S,T,2024-05-20,2000000.00,4.437767,100.8203125
08:00:30,91282CKP5,TSRYS5793017,D,S,T,2024-05-20,1000000.00,4.435999,100.828125
08:00:30,91282CKP5,TSRYS5793017,D,S,T,2024-05-20,1000000.00,4.435999,100.828125
08:00:30,91282CKP5,TSRYS5793017,D,S,T,2024-05-20,1000000.00,4.435999,100.828125
08:00:30,91282CKP5,TSRYS5793017,D,S,T,2024-05-20,1000000.00,4.435999,100.828125
08:00:30,91282CKP5,TSRYS5793017,D,S,T,2024-05-20,1000000.00,4.435999,100.828125
08:00:30,91282CKP5,TSRYS5793017,D,S,T,2024-05-20,1000000.00,4.435999,100.828125
08:00:30,91282CKP5,TSRYS5793017,D,S,T,2024-05-20,1000000.00,4.43423,100.8359375
08:00:30,91282CKP5,TSRYS5793017,D,S,T,2024-05-20,1000000.00,4.43423,100.8359375
08:00:30,91282CKP5,TSRYS5793017,D,S,T,2024-05-20,1000000.00,4.43423,100.8359375
08:00:30,91282CKP5,TSRYS5793017,D,S,T,2024-05-20,1000000.00,4.43423,100.8359375
08:00:30,91282CKP5,TSRYS5793017,D,S,T,2024-05-20,3000000.00,4.43423,100.8359375
08:00:30,91282CKP5,TSRYS5793017,D,S,T,2024-05-20,1000000.00,4.43423,100.8359375
08:00:30,91282CKP5,TSRYS5793017,D,S,T,2024-05-20,1000000.00,4.435114,100.83203125
08:00:30,91282CKP5,TSRYS5793017,D,S,T,2024-05-20,1000000.00,4.435999,100.828125
08:00:30,91282CKP5,TSRYS5793017,D,S,T,2024-05-20,1000000.00,4.433346,100.83984375
08:00:30,91282CKP5,TSRYS5793017,D,S,T,2024-05-20,2000000.00,4.43423,100.8359375
08:00:30,91282CKP5,TSRYS5793017,D,S,T,2024-05-20,1000000.00,4.43423,100.8359375
08:00:30,91282CKP5,TSRYS5793017,D,S,T,2024-05-20,2000000.00,4.43423,100.8359375
08:00:30,91282CKP5,TSRYS5793017,D,S,T,2024-05-20,1000000.00,4.43423,100.8359375
08:00:30,91282CKP5,TSRYS5793017,D,S,T,2024-05-20,1000000.00,4.43423,100.8359375
08:00:30,91282CKP5,TSRYS5793017,D,S,T,2024-05-20,3000000.00,4.43423,100.8359375
08:00:30,91282CKP5,TSRYS5793017,D,S,T,2024-05-20,1000000.00,4.43423,100.8359375
08:00:30,91282CKP5,TSRYS5793017,D,S,T,2024-05-20,2000000.00,4.435114,100.83203125
08:00:30,91282CKP5,TSRYS5793017,D,S,T,2024-05-20,1000000.00,4.435999,100.828125
08:00:30,91282CKP5,TSRYS5793017,D,S,T,2024-05-20,1000000.00,4.435999,100.828125
08:00:30,91282CKP5,TSRYS5793017,D,S,T,2024-05-20,2000000.00,4.435999,100.828125
08:00:30,91282CKP5,TSRYS5793017,D,S,T,2024-05-20,1000000.00,4.437767,100.8203125
08:00:30,91282CKP5,TSRYS5793017,D,S,T,2024-05-20,1000000.00,4.437767,100.8203125
08:00:30,91282CKP5,TSRYS5793017,D,S,T,2024-05-20,1000000.00,4.437767,100.8203125
08:00:30,91282CKP5,TSRYS5793017,D,S,T,2024-05-20,1000000.00,4.437767,100.8203125
08:00:30,91282CKP5,TSRYS5793017,D,S,T,2024-05-20,2000000.00,4.437767,100.8203125
08:00:30,91282CKP5,TSRYS5793017,D,S,T,2024-05-20,2000000.00,4.437767,100.8203125
08:00:30,91282CKP5,TSRYS5793017,D,S,T,2024-05-20,1000000.00,4.43821,100.818359375
08:00:30,91282CKP5,TSRYS5793017,D,S,T,2024-05-20,1000000.00,4.443075,100.796875
08:00:30,91282CKP5,TSRYS5793017,D,S,T,2024-05-20,1000000.00,4.443075,100.796875
08:00:30,91282CKP5,TSRYS5793017,D,S,T,2024-05-20,1000000.00,4.443075,100.796875
08:00:30,91282CKP5,TSRYS5793017,D,S,T,2024-05-20,1000000.00,4.443075,100.796875
08:00:30,91282CKP5,TSRYS5793017,D,S,T,2024-05-20,1000000.00,4.443959,100.79296875
08:00:30,91282CKP5,TSRYS5793017,D,S,D,2024-05-20,1000000.00,4.443959,100.79296875
08:00:30,91282CKP5,TSRYS5793017,D,S,T,2024-05-20,1000000.00,4.446614,100.78125
08:00:30,91282CKP5,TSRYS5793017,D,S,T,2024-05-20,1000000.00,4.441305,100.8046875
08:00:30,91282CKP5,TSRYS5793017,D,S,T,2024-05-20,3000000.00,4.441305,100.8046875
08:00:30,91282CKP5,TSRYS5793017,D,S,T,2024-05-20,1000000.00,4.443075,100.796875
08:00:30,91282CKP5,TSRYS5793017,D,S,T,2024-05-20,1000000.00,4.443075,100.796875
08:00:30,91282CKP5,TSRYS5793017,D,S,T,2024-05-20,3000000.00,4.443075,100.796875
08:00:30,91282CKP5,TSRYS5793017,D,S,T,2024-05-20,1000000.00,4.443075,100.796875
08:00:30,91282CKP5,TSRYS5793017,D,S,T,2024-05-20,1000000.00,4.439536,100.8125
08:00:30,91282CKP5,TSRYS5793017,D,S,T,2024-05-20,2000000.00,4.437767,100.8203125
08:00:30,91282CKP5,TSRYS5793017,D,S,T,2024-05-20,1000000.00,4.436883,100.82421875
08:00:30,91282CKP5,TSRYS5793017,D,S,T,2024-05-20,1000000.00,4.436883,100.82421875
08:00:30,91282CKP5,TSRYS5793017,D,S,T,2024-05-20,1000000.00,4.436883,100.82421875
08:00:30,91282CKP5,TSRYS5793017,D,S,T,2024-05-20,2000000.00,4.436883,100.82421875
08:00:30,91282CKP5,TSRYS5793017,D,S,T,2024-05-20,3000000.00,4.439536,100.8125
08:00:30,91282CKP5,TSRYS5793017,D,S,T,2024-05-20,1000000.00,4.439536,100.8125
08:00:30,91282CKP5,TSRYS5793017,D,S,T,2024-05-20,2000000.00,4.439536,100.8125
08:00:30,91282CKP5,TSRYS5793017,D,S,T,2024-05-20,2000000.00,4.439536,100.8125
08:00:30,91282CKP5,TSRYS5793017,D,S,T,2024-05-20,1000000.00,4.441305,100.8046875
08:00:30,91282CKP5,TSRYS5793017,D,S,T,2024-05-20,3000000.00,4.441305,100.8046875
08:00:30,91282CKP5,TSRYS5793017,D,S,T,2024-05-20,1000000.00,4.443959,100.79296875
08:00:30,91282CKP5,TSRYS5793017,D,S,T,2024-05-20,3000000.00,4.445287,100.787109375
08:00:30,91282CKP5,TSRYS5793017,D,S,T,2024-05-20,3000000.00,4.444844,100.7890625
08:00:30,91282CKP5,TSRYS5793017,D,S,T,2024-05-20,1000000.00,4.444844,100.7890625
08:00:30,91282CKP5,TSRYS5793017,D,S,T,2024-05-20,3000000.00,4.444844,100.7890625
08:00:30,91282CKP5,TSRYS5793017,D,S,T,2024-05-20,1000000.00,4.444844,100.7890625
08:00:30,91282CKP5,TSRYS5793017,D,S,T,2024-05-20,1000000.00,4.441305,100.8046875
08:00:30,91282CKP5,TSRYS5793017,D,S,T,2024-05-20,1000000.00,4.441305,100.8046875
08:00:30,91282CKP5,TSRYS5793017,D,S,T,2024-05-20,1000000.00,4.439536,100.8125
08:00:30,91282CKP5,TSRYS5793017,D,S,T,2024-05-20,1000000.00,4.439536,100.8125
08:00:30,91282CKP5,TSRYS5793017,D,S,T,2024-05-20,1000000.00,4.439536,100.8125
08:00:30,91282CKP5,TSRYS5793017,D,S,T,2024-05-20,1000000.00,4.439536,100.8125
08:00:30,91282CKP5,TSRYS5793017,D,S,T,2024-05-20,1000000.00,4.439536,100.8125
08:00:30,91282CKP5,TSRYS5793017,D,S,T,2024-05-20,1000000.00,4.439536,100.8125
08:00:30,91282CKP5,TSRYS5793017,D,S,T,2024-05-20,1000000.00,4.439536,100.8125
08:00:30,91282CKP5,TSRYS5793017,D,S,T,2024-05-20,1000000.00,4.439536,100.8125
08:00:30,91282CKP5,TSRYS5793017,D,S,T,2024-05-20,1000000.00,4.439536,100.8125
08:00:30,91282CKP5,TSRYS5793017,D,S,T,2024-05-20,1000000.00,4.437767,100.8203125
08:00:30,91282CKP5,TSRYS5793017,D,S,T,2024-05-20,1000000.00,4.437767,100.8203125
08:00:30,91282CKP5,TSRYS5793017,D,S,T,2024-05-20,1000000.00,4.437767,100.8203125
08:00:30,91282CKP5,TSRYS5793017,D,S,T,2024-05-20,1000000.00,4.437767,100.8203125
08:00:30,91282CKP5,TSRYS5793017,D,S,T,2024-05-20,1000000.00,4.437767,100.8203125
08:00:30,91282CKP5,TSRYS5793017,D,S,T,2024-05-20,1000000.00,4.437767,100.8203125
08:00:30,91282CKP5,TSRYS5793017,D,S,T,2024-05-20,1000000.00,4.437767,100.8203125
08:00:30,91282CKP5,TSRYS5793017,D,S,T,2024-05-20,1000000.00,4.437767,100.8203125
08:00:30,91282CKP5,TSRYS5793017,D,S,T,2024-05-20,1000000.00,4.437767,100.8203125
08:00:30,91282CKP5,TSRYS5793017,D,S,T,2024-05-20,2000000.00,4.437767,100.8203125
08:00:30,91282CKP5,TSRYS5793017,D,S,T,2024-05-20,1000000.00,4.437767,100.8203125
08:00:30,91282CKP5,TSRYS5793017,D,S,T,2024-05-20,6000000.00,4.439536,100.8125
08:00:30,91282CKP5,TSRYS5793017,D,S,T,2024-05-20,1000000.00,4.439536,100.8125
08:00:30,91282CKP5,TSRYS5793017,D,S,T,2024-05-20,1000000.00,4.439536,100.8125
08:00:30,91282CKP5,TSRYS5793017,D,S,T,2024-05-20,1000000.00,4.439536,100.8125
08:00:30,91282CKP5,TSRYS5793017,D,S,T,2024-05-20,1000000.00,4.439536,100.8125
08:00:30,91282CKP5,TSRYS5793017,D,S,T,2024-05-20,1000000.00,4.439536,100.8125
08:00:30,91282CKP5,TSRYS5793017,D,S,T,2024-05-20,1000000.00,4.439536,100.8125
08:00:30,91282CKP5,TSRYS5793017,D,S,T,2024-05-20,1000000.00,4.439536,100.8125
08:00:30,91282CKP5,TSRYS5793017,D,S,T,2024-05-20,1000000.00,4.439536,100.8125
08:00:30,91282CKP5,TSRYS5793017,D,S,T,2024-05-20,2000000.00,4.437767,100.8203125
08:00:30,91282CKP5,TSRYS5793017,D,S,T,2024-05-20,2000000.00,4.437767,100.8203125
08:00:30,91282CKP5,TSRYS5793017,D,S,T,2024-05-20,1000000.00,4.437767,100.8203125
08:00:30,91282CKP5,TSRYS5793017,D,S,T,2024-05-20,1000000.00,4.437767,100.8203125
08:00:30,91282CKP5,TSRYS5793017,D,S,T,2024-05-20,2000000.00,4.437767,100.8203125
08:00:30,91282CKP5,TSRYS5793017,D,S,T,2024-05-20,1000000.00,4.437767,100.8203125
08:00:30,91282CKP5,TSRYS5793017,D,S,T,2024-05-20,1000000.00,4.437767,100.8203125
08:00:30,91282CKP5,TSRYS5793017,D,S,T,2024-05-20,1000000.00,4.437767,100.8203125
08:00:30,91282CKP5,TSRYS5793017,D,S,T,2024-05-20,1000000.00,4.437767,100.8203125
08:00:30,91282CKP5,TSRYS5793017,D,S,T,2024-05-20,2000000.00,4.437767,100.8203125
08:00:30,91282CKP5,TSRYS5793017,D,S,T,2024-05-20,1000000.00,4.437767,100.8203125
08:00:30,91282CKP5,TSRYS5793017,D,S,T,2024-05-20,1000000.00,4.437767,100.8203125
08:00:30,91282CKP5,TSRYS5793017,D,S,T,2024-05-20,1000000.00,4.437767,100.8203125
08:00:30,91282CKP5,TSRYS5793017,D,S,T,2024-05-20,2000000.00,4.437767,100.8203125
08:00:30,91282CKP5,TSRYS5793017,D,S,T,2024-05-20,2000000.00,4.437767,100.8203125
08:00:30,91282CKP5,TSRYS5793017,D,S,T,2024-05-20,1000000.00,4.437767,100.8203125
08:00:30,91282CKP5,TSRYS5793017,D,S,T,2024-05-20,1000000.00,4.437767,100.8203125
08:00:30,91282CKP5,TSRYS5793017,D,S,T,2024-05-20,2000000.00,4.437767,100.8203125
08:00:30,91282CKP5,TSRYS5793017,D,S,T,2024-05-20,3000000.00,4.437767,100.8203125
08:00:30,91282CKP5,TSRYS5793017,D,S,T,2024-05-20,1000000.00,4.437767,100.8203125
08:00:30,91282CKP5,TSRYS5793017,D,S,T,2024-05-20,1000000.00,4.437767,100.8203125
08:00:30,91282CKP5,TSRYS5793017,D,S,T,2024-05-20,2000000.00,4.437767,100.8203125
08:00:30,91282CKP5,TSRYS5793017,D,S,T,2024-05-20,1000000.00,4.437767,100.8203125
08:00:30,91282CKP5,TSRYS5793017,D,S,T,2024-05-20,2000000.00,4.437767,100.8203125
08:00:30,91282CKP5,TSRYS5793017,D,S,T,2024-05-20,1000000.00,4.437767,100.8203125
08:00:30,91282CKP5,TSRYS5793017,D,S,T,2024-05-20,2000000.00,4.441305,100.8046875
08:00:30,91282CKP5,TSRYS5793017,D,S,T,2024-05-20,1000000.00,4.441305,100.8046875
08:00:30,91282CKP5,TSRYS5793017,D,S,T,2024-05-20,1000000.00,4.441305,100.8046875
08:00:30,91282CKP5,TSRYS5793017,D,S,T,2024-05-20,2000000.00,4.441305,100.8046875
08:00:30,91282CKP5,TSRYS5793017,D,S,T,2024-05-20,2000000.00,4.441305,100.8046875
08:00:30,91282CKP5,TSRYS5793017,D,S,T,2024-05-20,1000000.00,4.442632,100.798828125
08:00:30,91282CKP5,TSRYS5793017,D,S,T,2024-05-20,1000000.00,4.443075,100.796875
08:00:30,91282CKP5,TSRYS5793017,D,S,T,2024-05-20,1000000.00,4.443075,100.796875
08:00:30,91282CKP5,TSRYS5793017,D,S,T,2024-05-20,3000000.00,4.443075,100.796875
08:00:30,91282CKP5,TSRYS5793017,D,S,T,2024-05-20,2000000.00,4.443075,100.796875
08:00:30,91282CKP5,TSRYS5793017,D,S,T,2024-05-20,2000000.00,4.443075,100.796875
08:00:30,91282CKP5,TSRYS5793017,D,S,T,2024-05-20,1000000.00,4.443075,100.796875
08:00:30,91282CKP5,TSRYS5793017,D,S,T,2024-05-20,1000000.00,4.443075,100.796875
08:00:30,91282CKP5,TSRYS5793017,D,S,T,2024-05-20,1000000.00,4.443075,100.796875
08:00:30,91282CKP5,TSRYS5793017,D,S,T,2024-05-20,1000000.00,4.443075,100.796875
08:00:30,91282CKP5,TSRYS5793017,D,S,T,2024-05-20,2000000.00,4.441305,100.8046875
08:00:30,91282CKP5,TSRYS5793017,D,S,T,2024-05-20,4000000.00,4.44219,100.80078125
08:00:30,91282CKP5,TSRYS5793017,D,S,T,2024-05-20,1000000.00,4.441305,100.8046875
08:00:30,91282CKP5,TSRYS5793017,D,S,T,2024-05-20,4000000.00,4.441305,100.8046875
08:00:30,91282CKP5,TSRYS5793017,D,S,T,2024-05-20,1000000.00,4.441305,100.8046875
08:00:30,91282CKP5,TSRYS5793017,D,S,T,2024-05-20,4000000.00,4.441305,100.8046875
08:00:30,91282CKP5,TSRYS5793017,D,S,T,2024-05-20,2000000.00,4.441305,100.8046875
08:00:30,91282CKP5,TSRYS5793017,D,S,T,2024-05-20,2000000.00,4.439536,100.8125
08:00:30,91282CKP5,TSRYS5793017,D,S,T,2024-05-20,4000000.00,4.438652,100.81640625
08:00:30,91282CKP5,TSRYS5793017,D,S,T,2024-05-20,2000000.00,4.439536,100.8125
08:00:30,91282CKP5,TSRYS5793017,D,S,T,2024-05-20,2000000.00,4.441305,100.8046875
08:00:30,91282CKP5,TSRYS5793017,D,S,T,2024-05-20,2000000.00,4.441305,100.8046875
08:00:30,91282CKP5,TSRYS5793017,D,S,T,2024-05-20,1000000.00,4.441305,100.8046875
08:00:30,91282CKP5,TSRYS5793017,D,S,T,2024-05-20,1000000.00,4.441305,100.8046875
08:00:30,91282CKP5,TSRYS5793017,D,S,T,2024-05-20,2000000.00,4.441305,100.8046875
08:00:30,91282CKP5,TSRYS5793017,D,S,T,2024-05-20,2000000.00,4.441305,100.8046875
08:00:30,91282CKP5,TSRYS5793017,D,S,T,2024-05-20,6000000.00,4.441305,100.8046875
08:00:30,91282CKP5,TSRYS5793017,D,S,T,2024-05-20,4000000.00,4.441748,100.802734375
08:00:30,91282CKP5,TSRYS5793017,D,S,T,2024-05-20,4000000.00,4.441305,100.8046875
08:00:30,91282CKP5,TSRYS5793017,D,S,T,2024-05-20,2000000.00,4.441305,100.8046875
08:00:30,91282CKP5,TSRYS5793017,D,S,T,2024-05-20,1000000.00,4.441305,100.8046875
08:00:30,91282CKP5,TSRYS5793017,D,S,T,2024-05-20,2000000.00,4.441305,100.8046875
08:00:30,91282CKP5,TSRYS5793017,D,S,T,2024-05-20,7000000.00,4.441305,100.8046875
08:00:30,91282CKP5,TSRYS5793017,D,S,T,2024-05-20,1000000.00,4.441305,100.8046875
08:00:30,91282CKP5,TSRYS5793017,D,S,T,2024-05-20,2000000.00,4.441305,100.8046875
08:00:30,91282CKP5,TSRYS5793017,D,S,T,2024-05-20,1000000.00,4.441305,100.8046875
08:00:30,91282CKP5,TSRYS5793017,D,S,T,2024-05-20,1000000.00,4.443075,100.796875
08:00:30,91282CKP5,TSRYS5793017,D,S,T,2024-05-20,1000000.00,4.443075,100.796875
08:00:30,91282CKP5,TSRYS5793017,D,S,T,2024-05-20,1000000.00,4.442632,100.798828125
08:00:30,91282CKP5,TSRYS5793017,D,S,T,2024-05-20,2000000.00,4.441305,100.8046875
08:00:30,91282CKP5,TSRYS5793017,D,S,T,2024-05-20,1000000.00,4.441305,100.8046875
08:00:30,91282CKP5,TSRYS5793017,D,S,T,2024-05-20,1000000.00,4.441305,100.8046875
08:00:30,91282CKP5,TSRYS5793017,D,S,T,2024-05-20,2000000.00,4.441305,100.8046875
08:00:30,91282CKP5,TSRYS5793017,D,S,T,2024-05-20,3000000.00,4.440863,100.806640625
08:00:30,91282CKP5,TSRYS5793017,D,S,T,2024-05-20,2000000.00,4.441305,100.8046875
08:00:30,91282CKP5,TSRYS5793017,D,S,T,2024-05-20,1000000.00,4.439536,100.8125
08:00:30,91282CKP5,TSRYS5793017,D,S,T,2024-05-20,1000000.00,4.439536,100.8125
08:00:30,91282CKP5,TSRYS5793017,D,S,T,2024-05-20,1000000.00,4.439536,100.8125
08:00:30,91282CKP5,TSRYS5793017,D,S,T,2024-05-20,1000000.00,4.439536,100.8125
08:00:30,91282CKP5,TSRYS5793017,D,S,T,2024-05-20,1000000.00,4.439536,100.8125
08:00:30,91282CKP5,TSRYS5793017,D,S,T,2024-05-20,1000000.00,4.439536,100.8125
08:00:30,91282CKP5,TSRYS5793017,D,S,T,2024-05-20,1000000.00,4.439536,100.8125
08:00:30,91282CKP5,TSRYS5793017,D,S,T,2024-05-20,1000000.00,4.439536,100.8125
08:00:30,91282CKP5,TSRYS5793017,D,S,T,2024-05-20,1000000.00,4.439536,100.8125
08:00:30,91282CKP5,TSRYS5793017,D,S,T,2024-05-20,1000000.00,4.437767,100.8203125
08:00:30,91282CKP5,TSRYS5793017,D,S,T,2024-05-20,1000000.00,4.435999,100.828125
08:00:30,91282CKP5,TSRYS5793017,D,S,T,2024-05-20,1000000.00,4.435999,100.828125
08:00:30,91282CKP5,TSRYS5793017,D,S,T,2024-05-20,1000000.00,4.437325,100.822265625
08:00:30,91282CKP5,TSRYS5793017,D,S,T,2024-05-20,2000000.00,4.439536,100.8125
08:00:30,91282CKP5,TSRYS5793017,D,S,T,2024-05-20,2000000.00,4.439536,100.8125
08:00:30,91282CKP5,TSRYS5793017,D,S,T,2024-05-20,1000000.00,4.439536,100.8125
08:00:30,91282CKP5,TSRYS5793017,D,S,T,2024-05-20,1000000.00,4.439536,100.8125
08:00:30,91282CKP5,TSRYS5793017,D,S,T,2024-05-20,1000000.00,4.439536,100.8125
08:00:30,91282CKP5,TSRYS5793017,D,S,T,2024-05-20,2000000.00,4.439536,100.8125
08:00:30,91282CKP5,TSRYS5793017,D,S,T,2024-05-20,2000000.00,4.439536,100.8125
08:00:30,91282CKP5,TSRYS5793017,D,S,T,2024-05-20,1000000.00,4.439536,100.8125
08:00:30,91282CKP5,TSRYS5793017,D,S,T,2024-05-20,2000000.00,4.439536,100.8125
08:00:30,91282CKP5,TSRYS5793017,D,S,T,2024-05-20,1000000.00,4.439536,100.8125
08:00:30,91282CKP5,TSRYS5793017,D,S,T,2024-05-20,1000000.00,4.439536,100.8125
08:00:30,91282CKP5,TSRYS5793017,D,S,T,2024-05-20,1000000.00,4.439536,100.8125
08:00:30,91282CKP5,TSRYS5793017,D,S,T,2024-05-20,6000000.00,4.439536,100.8125
08:00:30,91282CKP5,TSRYS5793017,D,S,T,2024-05-20,7000000.00,4.439536,100.8125
08:00:30,91282CKP5,TSRYS5793017,D,S,T,2024-05-20,1000000.00,4.436883,100.82421875
08:00:30,91282CKP5,TSRYS5793017,D,S,T,2024-05-20,3000000.00,4.435999,100.828125
08:00:30,91282CKP5,TSRYS5793017,D,S,T,2024-05-20,1000000.00,4.435999,100.828125
08:00:30,91282CKP5,TSRYS5793017,D,S,T,2024-05-20,1000000.00,4.435999,100.828125
08:00:30,91282CKP5,TSRYS5793017,D,S,T,2024-05-20,1000000.00,4.435999,100.828125
08:00:30,91282CKP5,TSRYS5793017,D,S,T,2024-05-20,2000000.00,4.43423,100.8359375
08:00:30,91282CKP5,TSRYS5793017,D,S,T,2024-05-20,2000000.00,4.43423,100.8359375
08:00:30,91282CKP5,TSRYS5793017,D,S,T,2024-05-20,3000000.00,4.43423,100.8359375
08:00:30,91282CKP5,TSRYS5793017,D,S,T,2024-05-20,2000000.00,4.43423,100.8359375
08:00:30,91282CKP5,TSRYS5793017,D,S,T,2024-05-20,3000000.00,4.43423,100.8359375
08:00:30,91282CKP5,TSRYS5793017,D,S,T,2024-05-20,3000000.00,4.43423,100.8359375
08:00:30,91282CKP5,TSRYS5793017,D,S,T,2024-05-20,2000000.00,4.430693,100.8515625
08:00:30,91282CKP5,TSRYS5793017,D,S,T,2024-05-20,2000000.00,4.430693,100.8515625
08:00:30,91282CKP5,TSRYS5793017,D,S,T,2024-05-20,4000000.00,4.430693,100.8515625
08:00:30,91282CKP5,TSRYS5793017,D,S,T,2024-05-20,2000000.00,4.430693,100.8515625
08:00:30,91282CKP5,TSRYS5793017,D,S,T,2024-05-20,1000000.00,4.430693,100.8515625
08:00:30,91282CKP5,TSRYS5793017,D,S,T,2024-05-20,1000000.00,4.430693,100.8515625
08:00:30,91282CKP5,TSRYS5793017,D,S,T,2024-05-20,2000000.00,4.430693,100.8515625
08:00:30,91282CKP5,TSRYS5793017,D,S,T,2024-05-20,2000000.00,4.430693,100.8515625
08:00:30,91282CKP5,TSRYS5793017,D,S,T,2024-05-20,2000000.00,4.430693,100.8515625
08:00:30,91282CKP5,TSRYS5793017,D,S,T,2024-05-20,1000000.00,4.432462,100.84375
08:00:30,91282CKP5,TSRYS5793017,D,S,T,2024-05-20,2000000.00,4.432462,100.84375
08:00:30,91282CKP5,TSRYS5793017,D,S,T,2024-05-20,1000000.00,4.43423,100.8359375
08:00:30,91282CKP5,TSRYS5793017,D,S,T,2024-05-20,2000000.00,4.43423,100.8359375
08:00:30,91282CKP5,TSRYS5793017,D,S,T,2024-05-20,2000000.00,4.43423,100.8359375
08:00:30,91282CKP5,TSRYS5793017,D,S,T,2024-05-20,1000000.00,4.43423,100.8359375
08:00:30,91282CKP5,TSRYS5793017,D,S,T,2024-05-20,2000000.00,4.43423,100.8359375
08:00:30,91282CKP5,TSRYS5793017,D,S,T,2024-05-20,2000000.00,4.43423,100.8359375
08:00:30,91282CKP5,TSRYS5793017,D,S,T,2024-05-20,2000000.00,4.439536,100.8125
08:00:30,91282CKP5,TSRYS5793017,D,S,T,2024-05-20,1000000.00,4.439536,100.8125
08:00:30,91282CKP5,TSRYS5793017,D,S,T,2024-05-20,1000000.00,4.439536,100.8125
08:00:30,91282CKP5,TSRYS5793017,D,S,T,2024-05-20,1000000.00,4.439536,100.8125
08:00:30,91282CKP5,TSRYS5793017,D,S,T,2024-05-20,1000000.00,4.439536,100.8125
08:00:30,91282CKP5,TSRYS5793017,D,S,T,2024-05-20,2000000.00,4.439536,100.8125
08:00:30,91282CKP5,TSRYS5793017,D,S,T,2024-05-20,2000000.00,4.439536,100.8125
08:00:30,91282CKP5,TSRYS5793017,D,S,T,2024-05-20,1000000.00,4.439536,100.8125
08:00:30,91282CKP5,TSRYS5793017,D,S,T,2024-05-20,1000000.00,4.440421,100.80859375
08:00:30,91282CKP5,TSRYS5793017,D,S,T,2024-05-20,1000000.00,4.440863,100.806640625
08:00:30,91282CKP5,TSRYS5793017,D,S,T,2024-05-20,1000000.00,4.440863,100.806640625
08:00:30,91282CKP5,TSRYS5793017,D,S,T,2024-05-20,1000000.00,4.440863,100.806640625
08:00:30,91282CKP5,TSRYS5793017,D,S,T,2024-05-20,1000000.00,4.440421,100.80859375
08:00:30,91282CKP5,TSRYS5793017,D,S,T,2024-05-20,2000000.00,4.439536,100.8125
08:00:30,91282CKP5,TSRYS5793017,D,S,T,2024-05-20,2000000.00,4.439536,100.8125
08:00:30,91282CKP5,TSRYS5793017,D,S,T,2024-05-20,1000000.00,4.440421,100.80859375
08:00:30,91282CKP5,TSRYS5793017,D,S,T,2024-05-20,1000000.00,4.440421,100.80859375
08:00:30,91282CKP5,TSRYS5793017,D,S,T,2024-05-20,2000000.00,4.437767,100.8203125
08:00:30,91282CKP5,TSRYS5793017,D,S,T,2024-05-20,1000000.00,4.435999,100.828125
08:00:30,91282CKP5,TSRYS5793017,D,S,T,2024-05-20,1000000.00,4.435999,100.828125
08:00:30,91282CKP5,TSRYS5793017,D,S,T,2024-05-20,2000000.00,4.435999,100.828125
08:00:30,91282CKP5,TSRYS5793017,D,S,T,2024-05-20,2000000.00,4.432462,100.84375
08:00:30,91282CKP5,TSRYS5793017,D,S,T,2024-05-20,1000000.00,4.432462,100.84375
08:00:30,91282CKP5,TSRYS5793017,D,S,T,2024-05-20,1000000.00,4.432462,100.84375
08:00:30,91282CKP5,TSRYS5793017,D,S,T,2024-05-20,3000000.00,4.432462,100.84375
08:00:30,91282CKP5,TSRYS5793017,D,S,T,2024-05-20,1000000.00,4.432462,100.84375
08:00:30,91282CKP5,TSRYS5793017,D,S,T,2024-05-20,1000000.00,4.432462,100.84375
08:00:30,91282CKP5,TSRYS5793017,D,S,T,2024-05-20,2000000.00,4.432462,100.84375
08:00:30,91282CKP5,TSRYS5793017,D,S,T,2024-05-20,1000000.00,4.43423,100.8359375
08:00:30,91282CKP5,TSRYS5793017,D,S,T,2024-05-20,1000000.00,4.43423,100.8359375
08:00:30,91282CKP5,TSRYS5793017,D,S,T,2024-05-20,3000000.00,4.43423,100.8359375
08:00:30,91282CKP5,TSRYS5793017,D,S,T,2024-05-20,2000000.00,4.435999,100.828125
08:00:30,91282CKP5,TSRYS5793017,D,S,T,2024-05-20,7000000.00,4.435999,100.828125
08:00:30,91282CKP5,TSRYS5793017,D,S,T,2024-05-20,2000000.00,4.435999,100.828125
08:00:30,91282CKP5,TSRYS5793017,D,S,T,2024-05-20,3000000.00,4.435999,100.828125
08:00:30,91282CKP5,TSRYS5793017,D,S,T,2024-05-20,1000000.00,4.435999,100.828125
08:00:30,91282CKP5,TSRYS5793017,D,S,T,2024-05-20,1000000.00,4.435999,100.828125
08:00:30,91282CKP5,TSRYS5793017,D,S,T,2024-05-20,3000000.00,4.437767,100.8203125
08:00:30,91282CKP5,TSRYS5793017,D,S,T,2024-05-20,3000000.00,4.437767,100.8203125
08:00:30,91282CKP5,TSRYS5793017,D,S,T,2024-05-20,2000000.00,4.435999,100.828125
08:00:30,91282CKP5,TSRYS5793017,D,S,T,2024-05-20,1000000.00,4.43423,100.8359375
08:00:30,91282CKP5,TSRYS5793017,D,S,T,2024-05-20,1000000.00,4.43423,100.8359375
08:00:30,91282CKP5,TSRYS5793017,D,S,T,2024-05-20,1000000.00,4.43423,100.8359375
08:00:30,91282CKP5,TSRYS5793017,D,S,T,2024-05-20,2000000.00,4.43423,100.8359375
08:00:30,91282CKP5,TSRYS5793017,D,S,T,2024-05-20,1000000.00,4.430693,100.8515625
08:00:30,91282CKP5,TSRYS5793017,D,S,T,2024-05-20,1000000.00,4.430693,100.8515625
08:00:30,91282CKP5,TSRYS5793017,D,S,T,2024-05-20,1000000.00,4.431577,100.84765625
08:00:30,91282CKP5,TSRYS5793017,D,S,T,2024-05-20,1000000.00,4.431577,100.84765625
08:00:30,91282CKP5,TSRYS5793017,D,S,T,2024-05-20,1000000.00,4.431577,100.84765625
08:00:30,91282CKP5,TSRYS5793017,D,S,T,2024-05-20,1000000.00,4.43423,100.8359375
08:00:30,91282CKP5,TSRYS5793017,D,S,T,2024-05-20,1000000.00,4.43423,100.8359375
08:00:30,91282CKP5,TSRYS5793017,D,S,T,2024-05-20,1000000.00,4.43423,100.8359375
08:00:30,91282CKP5,TSRYS5793017,D,S,T,2024-05-20,1000000.00,4.43423,100.8359375
08:00:30,91282CKP5,TSRYS5793017,D,S,T,2024-05-20,2000000.00,4.43423,100.8359375
08:00:30,91282CKP5,TSRYS5793017,D,S,T,2024-05-20,1000000.00,4.43423,100.8359375
08:00:30,91282CKP5,TSRYS5793017,D,S,T,2024-05-20,1000000.00,4.43423,100.8359375
08:00:30,91282CKP5,TSRYS5793017,D,S,T,2024-05-20,2000000.00,4.43423,100.8359375
08:00:30,91282CKP5,TSRYS5793017,D,S,T,2024-05-20,3000000.00,4.43423,100.8359375
08:00:30,91282CKP5,TSRYS5793017,D,S,T,2024-05-20,2000000.00,4.432462,100.84375
08:00:30,91282CKP5,TSRYS5793017,D,S,T,2024-05-20,2000000.00,4.432462,100.84375
08:00:30,91282CKP5,TSRYS5793017,D,S,T,2024-05-20,2000000.00,4.432462,100.84375
08:00:30,91282CKP5,TSRYS5793017,D,S,T,2024-05-20,1000000.00,4.432019,100.845703125
08:00:30,91282CKP5,TSRYS5793017,D,S,D,2024-05-20,1000000.00,4.43423,100.8359375
08:00:30,91282CKP5,TSRYS5793017,D,S,D,2024-05-20,1000000.00,4.431135,100.849609375
08:00:30,91282CKP5,TSRYS5793017,D,S,D,2024-05-20,1000000.00,4.428483,100.861328125
08:00:30,91282CKP5,TSRYS5793017,D,S,D,2024-05-20,1000000.00,4.437325,100.822265625
08:00:30,91282CKP5,TSRYS5793017,D,S,D,2024-05-20,1000000.00,4.437325,100.822265625
08:00:30,91282CKP5,TSRYS5793017,D,S,D,2024-05-20,1000000.00,4.437325,100.822265625
08:00:30,91282CKP5,TSRYS5793017,D,S,D,2024-05-20,1000000.00,4.439094,100.814453125
08:00:30,91282CKP5,TSRYS5793017,D,S,D,2024-05-20,2000000.00,4.438652,100.81640625
08:00:30,91282CKP5,TSRYS5793017,D,S,D,2024-05-20,1000000.00,4.437767,100.8203125
08:00:30,91282CKP5,TSRYS5793017,D,S,D,2024-05-20,2000000.00,4.435999,100.828125
08:00:30,91282CKP5,TSRYS5793017,D,S,D,2024-05-20,1000000.00,4.437767,100.8203125
08:00:30,91282CKP5,TSRYS5793017,D,S,D,2024-05-20,2000000.00,4.437325,100.822265625
08:00:30,91282CKP5,TSRYS5793017,D,S,D,2024-05-20,1000000.00,4.443075,100.796875
08:00:30,91282CKP5,TSRYS5793017,D,S,D,2024-05-20,1000000.00,4.443075,100.796875
08:00:30,91282CKP5,TSRYS5793017,D,S,D,2024-05-20,2000000.00,4.444844,100.7890625
08:00:30,91282CKP5,TSRYS5793017,D,S,D,2024-05-20,1000000.00,4.444844,100.7890625
08:00:30,91282CKP5,TSRYS5793017,D,S,D,2024-05-20,1000000.00,4.444844,100.7890625
08:00:30,91282CKP5,TSRYS5793017,D,S,D,2024-05-20,1000000.00,4.444844,100.7890625
08:00:30,91282CKP5,TSRYS5793017,D,S,D,2024-05-20,1000000.00,4.446614,100.78125
08:00:30,91282CKP5,TSRYS5793017,D,S,D,2024-05-20,1000000.00,4.446614,100.78125
08:00:30,91282CKP5,TSRYS5793017,D,S,D,2024-05-20,1000000.00,4.446614,100.78125
08:00:30,91282CKP5,TSRYS5793017,D,S,D,2024-05-20,3000000.00,4.443075,100.796875
08:00:30,91282CKP5,TSRYS5793017,D,S,D,2024-05-20,2000000.00,4.437767,100.8203125
08:00:30,91282CKP5,TSRYS5793017,D,S,D,2024-05-20,4000000.00,4.439536,100.8125
08:00:30,91282CKP5,TSRYS5793017,D,S,D,2024-05-20,1000000.00,4.441305,100.8046875
08:00:30,91282CKP5,TSRYS5793017,D,S,D,2024-05-20,1000000.00,4.441305,100.8046875
08:00:30,91282CKP5,TSRYS5793017,D,S,D,2024-05-20,3000000.00,4.441305,100.8046875
08:00:30,91282CKP5,TSRYS5793017,D,S,D,2024-05-20,1000000.00,4.441305,100.8046875
08:00:30,91282CKP5,TSRYS5793017,D,S,D,2024-05-20,2000000.00,4.433346,100.83984375
08:00:30,91282CKP5,TSRYS5793017,D,S,D,2024-05-20,1000000.00,4.433346,100.83984375
08:00:30,91282CKP5,TSRYS5793017,D,S,D,2024-05-20,3000000.00,4.433346,100.83984375
08:00:30,91282CKP5,TSRYS5793017,D,S,D,2024-05-20,3000000.00,4.433346,100.83984375
08:00:30,91282CKP5,TSRYS5793017,D,S,D,2024-05-20,3000000.00,4.440421,100.80859375
08:00:30,91282CKP5,TSRYS5793017,D,S,D,2024-05-20,1000000.00,4.441748,100.802734375
08:00:30,91282CKP5,TSRYS5793017,D,S,D,2024-05-20,1000000.00,4.440421,100.80859375
08:00:30,91282CKP5,TSRYS5793017,D,S,D,2024-05-20,1000000.00,4.440421,100.80859375
08:00:30,91282CKP5,TSRYS5793017,D,S,D,2024-05-20,1000000.00,4.430251,100.853515625
08:00:30,91282CKP5,TSRYS5793017,D,S,D,2024-05-20,1000000.00,4.427599,100.865234375
08:00:30,91282CKP5,TSRYS5793017,D,S,D,2024-05-20,1000000.00,4.428041,100.86328125
08:00:30,91282CKP5,TSRYS5793017,D,S,D,2024-05-20,1000000.00,4.428483,100.861328125
08:00:30,91282CKP5,TSRYS5793017,D,S,D,2024-05-20,1000000.00,4.428925,100.859375
08:00:30,91282CKP5,TSRYS5793017,D,S,D,2024-05-20,4000000.00,4.432904,100.841796875
08:00:30,91282CKP5,TSRYS5793017,D,S,D,2024-05-20,2000000.00,4.433788,100.837890625
08:00:30,91282CKP5,TSRYS5793017,D,S,D,2024-05-20,3000000.00,4.43423,100.8359375
08:00:30,91282CKP5,TSRYS5793017,D,S,D,2024-05-20,1000000.00,4.43423,100.8359375
08:00:30,91282CKP5,TSRYS5793017,D,S,D,2024-05-20,2000000.00,4.43423,100.8359375
08:00:30,91282CKP5,TSRYS5793017,D,S,D,2024-05-20,1000000.00,4.435114,100.83203125
08:00:30,91282CKP5,TSRYS5793017,D,S,D,2024-05-20,1000000.00,4.435999,100.828125
08:00:30,91282CKP5,TSRYS5793017,D,S,D,2024-05-20,1000000.00,4.437325,100.822265625
08:00:30,91282CKP5,TSRYS5793017,D,S,D,2024-05-20,1000000.00,4.437325,100.822265625
08:00:30,91282CKP5,TSRYS5793017,D,S,D,2024-05-20,1000000.00,4.437325,100.822265625
08:00:30,91282CKP5,TSRYS5793017,D,S,D,2024-05-20,1000000.00,4.437325,100.822265625
08:00:30,91282CKP5,TSRYS5793017,D,S,D,2024-05-20,1000000.00,4.437325,100.822265625
08:00:30,91282CKP5,TSRYS5793017,D,S,D,2024-05-20,1000000.00,4.437325,100.822265625
08:00:30,91282CKP5,TSRYS5793017,D,S,D,2024-05-20,1000000.00,4.437325,100.822265625
08:00:30,91282CKP5,TSRYS5793017,D,S,D,2024-05-20,1000000.00,4.437325,100.822265625
08:00:30,91282CKP5,TSRYS5793017,D,S,D,2024-05-20,1000000.00,4.437325,100.822265625
08:00:30,91282CKP5,TSRYS5793017,D,S,D,2024-05-20,1000000.00,4.437767,100.8203125
08:00:30,91282CKP5,TSRYS5793017,D,S,D,2024-05-20,1000000.00,4.439536,100.8125
08:00:30,91282CKP5,TSRYS5793017,D,S,D,2024-05-20,1000000.00,4.439979,100.810546875
08:00:30,91282CKP5,TSRYS5793017,D,S,D,2024-05-20,1000000.00,4.439979,100.810546875
08:00:30,91282CKP5,TSRYS5793017,D,S,D,2024-05-20,1000000.00,4.439979,100.810546875
08:00:30,91282CKP5,TSRYS5793017,D,S,D,2024-05-20,1000000.00,4.439979,100.810546875
08:00:30,91282CKP5,TSRYS5793017,D,S,D,2024-05-20,1000000.00,4.43821,100.818359375
08:00:30,91282CKP5,TSRYS5793017,D,S,D,2024-05-20,1000000.00,4.43821,100.818359375
08:00:30,91282CKP5,TSRYS5793017,D,S,D,2024-05-20,1000000.00,4.435999,100.828125
08:00:30,91282CKP5,TSRYS5793017,D,S,D,2024-05-20,1000000.00,4.435556,100.830078125
08:00:30,91282CKP5,TSRYS5793017,D,S,D,2024-05-20,1000000.00,4.435114,100.83203125
08:00:30,91282CKP5,TSRYS5793017,D,S,D,2024-05-20,1000000.00,4.435114,100.83203125
08:00:30,91282CKP5,TSRYS5793017,D,S,D,2024-05-20,1000000.00,4.435114,100.83203125
08:00:30,91282CKP5,TSRYS5793017,D,S,D,2024-05-20,1000000.00,4.435114,100.83203125
08:00:30,91282CKP5,TSRYS5793017,D,S,D,2024-05-20,1000000.00,4.433346,100.83984375
08:00:30,91282CKP5,TSRYS5793017,D,S,D,2024-05-20,1000000.00,4.435114,100.83203125
08:00:30,91282CKP5,TSRYS5793017,D,S,D,2024-05-20,1000000.00,4.435114,100.83203125
08:00:30,91282CKP5,TSRYS5793017,D,S,D,2024-05-20,1000000.00,4.43423,100.8359375
08:00:30,91282CKP5,TSRYS5793017,D,S,D,2024-05-20,1000000.00,4.435114,100.83203125
08:00:30,91282CKP5,TSRYS5793017,D,S,D,2024-05-20,1000000.00,4.435114,100.83203125
08:00:30,91282CKP5,TSRYS5793017,D,S,D,2024-05-20,1000000.00,4.435114,100.83203125
08:00:30,91282CKP5,TSRYS5793017,D,S,D,2024-05-20,1000000.00,4.435114,100.83203125
08:00:30,91282CKP5,TSRYS5793017,D,S,D,2024-05-20,1000000.00,4.435114,100.83203125
08:00:30,91282CKP5,TSRYS5793017,D,S,D,2024-05-20,1000000.00,4.435114,100.83203125
08:00:30,91282CKP5,TSRYS5793017,D,S,D,2024-05-20,1000000.00,4.435556,100.830078125
08:00:30,91282CKP5,TSRYS5793017,D,S,D,2024-05-20,1000000.00,4.435556,100.830078125
08:00:30,91282CKP5,TSRYS5793017,D,S,D,2024-05-20,1000000.00,4.436883,100.82421875
08:00:30,91282CKP5,TSRYS5793017,D,S,D,2024-05-20,1000000.00,4.439536,100.8125
08:00:30,91282CKP5,TSRYS5793017,D,S,D,2024-05-20,1000000.00,4.439979,100.810546875
08:00:30,91282CKP5,TSRYS5793017,D,S,D,2024-05-20,1000000.00,4.439536,100.8125
08:00:30,91282CKP5,TSRYS5793017,D,S,D,2024-05-20,1000000.00,4.443075,100.796875
08:00:30,91282CKP5,TSRYS5793017,D,S,D,2024-05-20,1000000.00,4.443075,100.796875
08:00:30,91282CKP5,TSRYS5793017,D,S,D,2024-05-20,2000000.00,4.443075,100.796875
08:00:30,91282CKP5,TSRYS5793017,D,S,D,2024-05-20,1000000.00,4.443075,100.796875
08:00:30,91282CKP5,TSRYS5793017,D,S,D,2024-05-20,1000000.00,4.443959,100.79296875
08:00:30,91282CKP5,TSRYS5793017,D,S,D,2024-05-20,1000000.00,4.443959,100.79296875
08:00:30,91282CKP5,TSRYS5793017,D,S,D,2024-05-20,1000000.00,4.443959,100.79296875
08:00:30,91282CKP5,TSRYS5793017,D,S,D,2024-05-20,1000000.00,4.444844,100.7890625
08:00:30,91282CKP5,TSRYS5793017,D,S,D,2024-05-20,1000000.00,4.446614,100.78125
08:00:30,91282CKP5,TSRYS5793017,D,S,D,2024-05-20,1000000.00,4.446614,100.78125
08:00:30,91282CKP5,TSRYS5793017,D,S,D,2024-05-20,1000000.00,4.446614,100.78125
08:00:30,91282CKP5,TSRYS5793017,D,S,D,2024-05-20,1000000.00,4.446614,100.78125
08:00:30,91282CKP5,TSRYS5793017,D,S,D,2024-05-20,1000000.00,4.440863,100.806640625
08:00:30,91282CKP5,TSRYS5793017,D,S,D,2024-05-20,1000000.00,4.440863,100.806640625
08:00:30,91282CKP5,TSRYS5793017,D,S,D,2024-05-20,1000000.00,4.440863,100.806640625
08:00:30,91282CKP5,TSRYS5793017,D,S,D,2024-05-20,2000000.00,4.443075,100.796875
08:00:30,91282CKP5,TSRYS5793017,D,S,D,2024-05-20,2000000.00,4.443075,100.796875
08:00:30,91282CKP5,TSRYS5793017,D,S,D,2024-05-20,1000000.00,4.443075,100.796875
08:00:30,91282CKP5,TSRYS5793017,D,S,D,2024-05-20,2000000.00,4.443075,100.796875
08:00:30,91282CKP5,TSRYS5793017,D,S,D,2024-05-20,3000000.00,4.443075,100.796875
08:00:30,91282CKP5,TSRYS5793017,D,S,D,2024-05-20,1000000.00,4.443075,100.796875
08:00:30,91282CKP5,TSRYS5793017,D,S,D,2024-05-20,1000000.00,4.443075,100.796875
08:00:30,91282CKP5,TSRYS5793017,D,S,D,2024-05-20,2000000.00,4.437325,100.822265625
08:00:30,91282CKP5,TSRYS5793017,D,S,D,2024-05-20,2000000.00,4.437325,100.822265625
08:00:30,91282CKP5,TSRYS5793017,D,S,D,2024-05-20,3000000.00,4.437325,100.822265625
08:00:30,91282CKP5,TSRYS5793017,D,S,D,2024-05-20,1000000.00,4.437325,100.822265625
08:00:30,91282CKP5,TSRYS5793017,D,S,D,2024-05-20,2000000.00,4.439536,100.8125
08:00:30,91282CKP5,TSRYS5793017,D,S,D,2024-05-20,2000000.00,4.441305,100.8046875
08:00:30,91282CKP5,TSRYS5793017,D,S,D,2024-05-20,1000000.00,4.439979,100.810546875
08:00:30,91282CKP5,TSRYS5793017,D,S,D,2024-05-20,2000000.00,4.436883,100.82421875
08:00:30,91282CKP5,TSRYS5793017,D,S,D,2024-05-20,1000000.00,4.436883,100.82421875
08:00:30,91282CKP5,TSRYS5793017,D,S,D,2024-05-20,1000000.00,4.435556,100.830078125
08:00:30,91282CKP5,TSRYS5793017,D,S,D,2024-05-20,1000000.00,4.435556,100.830078125
08:00:30,91282CKP5,TSRYS5793017,D,S,D,2024-05-20,1000000.00,4.436441,100.826171875
08:00:30,91282CKP5,TSRYS5793017,D,S,D,2024-05-20,1000000.00,4.436441,100.826171875
08:00:30,91282CKP5,TSRYS5793017,D,S,D,2024-05-20,1000000.00,4.436441,100.826171875
08:00:30,91282CKP5,TSRYS5793017,D,S,D,2024-05-20,1000000.00,4.436441,100.826171875
08:00:30,91282CKP5,TSRYS5793017,D,S,D,2024-05-20,1000000.00,4.436441,100.826171875
08:00:30,91282CKP5,TSRYS5793017,D,S,D,2024-05-20,2000000.00,4.436883,100.82421875
08:00:30,91282CKP5,TSRYS5793017,D,S,D,2024-05-20,2000000.00,4.436883,100.82421875
08:00:30,91282CKP5,TSRYS5793017,D,S,D,2024-05-20,5000000.00,4.441305,100.8046875
08:00:30,91282CKP5,TSRYS5793017,D,S,D,2024-05-20,3000000.00,4.441305,100.8046875
08:00:30,91282CKP5,TSRYS5793017,D,S,D,2024-05-20,1000000.00,4.441305,100.8046875
08:00:30,91282CKP5,TSRYS5793017,D,S,D,2024-05-20,3000000.00,4.441305,100.8046875
08:00:30,91282CKP5,TSRYS5793017,D,S,D,2024-05-20,1000000.00,4.441305,100.8046875
08:00:30,91282CKP5,TSRYS5793017,D,S,D,2024-05-20,1000000.00,4.437767,100.8203125
08:00:30,91282CKP5,TSRYS5793017,D,S,D,2024-05-20,1000000.00,4.43821,100.818359375
08:00:30,91282CKP5,TSRYS5793017,D,S,D,2024-05-20,1000000.00,4.439979,100.810546875
08:00:30,91282CKP5,TSRYS5793017,D,S,D,2024-05-20,1000000.00,4.439979,100.810546875
08:00:30,91282CKP5,TSRYS5793017,D,S,D,2024-05-20,1000000.00,4.439979,100.810546875
08:00:30,91282CKP5,TSRYS5793017,D,S,D,2024-05-20,1000000.00,4.439979,100.810546875
08:00:30,91282CKP5,TSRYS5793017,D,S,D,2024-05-20,1000000.00,4.439979,100.810546875
08:00:30,91282CKP5,TSRYS5793017,D,S,D,2024-05-20,1000000.00,4.437767,100.8203125
08:00:30,91282CKP5,TSRYS5793017,D,S,D,2024-05-20,1000000.00,4.43821,100.818359375
08:00:30,91282CKP5,TSRYS5793017,D,S,D,2024-05-20,1000000.00,4.43821,100.818359375
08:00:30,91282CKP5,TSRYS5793017,D,S,D,2024-05-20,1000000.00,4.43821,100.818359375
08:00:30,91282CKP5,TSRYS5793017,D,S,D,2024-05-20,1000000.00,4.43821,100.818359375
08:00:30,91282CKP5,TSRYS5793017,D,S,D,2024-05-20,1000000.00,4.43821,100.818359375
08:00:30,91282CKP5,TSRYS5793017,D,S,D,2024-05-20,1000000.00,4.43821,100.818359375
08:00:30,91282CKP5,TSRYS5793017,D,S,D,2024-05-20,1000000.00,4.43821,100.818359375
08:00:30,91282CKP5,TSRYS5793017,D,S,D,2024-05-20,1000000.00,4.43821,100.818359375
08:00:30,91282CKP5,TSRYS5793017,D,S,D,2024-05-20,1000000.00,4.43821,100.818359375
08:00:30,91282CKP5,TSRYS5793017,D,S,D,2024-05-20,1000000.00,4.43821,100.818359375
08:00:30,91282CKP5,TSRYS5793017,D,S,D,2024-05-20,4000000.00,4.43423,100.8359375
08:00:30,91282CKP5,TSRYS5793017,D,S,D,2024-05-20,3000000.00,4.43423,100.8359375
08:00:30,91282CKP5,TSRYS5793017,D,S,D,2024-05-20,1000000.00,4.432904,100.841796875
08:00:30,91282CKP5,TSRYS5793017,D,S,D,2024-05-20,1000000.00,4.433346,100.83984375
08:00:30,91282CKP5,TSRYS5793017,D,S,D,2024-05-20,1000000.00,4.433346,100.83984375
08:00:30,91282CKP5,TSRYS5793017,D,S,D,2024-05-20,3000000.00,4.433346,100.83984375
08:00:30,91282CKP5,TSRYS5793017,D,S,D,2024-05-20,2000000.00,4.433346,100.83984375
08:00:30,91282CKP5,TSRYS5793017,D,S,D,2024-05-20,5000000.00,4.439094,100.814453125
08:00:30,91282CKP5,TSRYS5793017,D,S,D,2024-05-20,5000000.00,4.441305,100.8046875
08:00:30,91282CKP5,TSRYS5793017,D,S,D,2024-05-20,2000000.00,4.432904,100.841796875
08:00:30,91282CKP5,TSRYS5793017,D,S,D,2024-05-20,2000000.00,4.432904,100.841796875
08:00:30,91282CKP5,TSRYS5793017,D,S,T,2024-05-20,1000000.00,4.439979,100.810546875
08:00:30,91282CKP5,TSRYS5793017,D,S,D,2024-05-20,2000000.00,4.440863,100.806640625
08:00:30,91282CKP5,TSRYS5793017,D,S,T,2024-05-20,1000000.00,4.443517,100.794921875
08:00:30,91282CKP5,TSRYS5793017,D,S,T,2024-05-20,1000000.00,4.439979,100.810546875
08:00:30,91282CKP5,TSRYS5793017,D,S,T,2024-05-20,1000000.00,4.432462,100.84375
08:00:30,91282CKP5,TSRYS5793017,D,S,T,2024-05-20,1000000.00,4.431135,100.849609375
08:00:30,91282CKP5,TSRYS5793017,D,S,T,2024-05-20,1000000.00,4.431135,100.849609375
08:00:30,91282CKP5,TSRYS5793017,D,S,T,2024-05-20,1000000.00,4.432904,100.841796875
08:00:30,91282CKP5,TSRYS5793017,D,S,T,2024-05-20,1000000.00,4.432904,100.841796875
08:00:30,91282CKP5,TSRYS5793017,D,S,T,2024-05-20,2000000.00,4.43423,100.8359375
08:00:30,91282CKP5,TSRYS5793017,D,S,T,2024-05-20,1000000.00,4.437325,100.822265625
08:00:30,91282CKP5,TSRYS5793017,D,S,T,2024-05-20,1000000.00,4.437325,100.822265625
08:00:30,91282CKP5,TSRYS5793017,D,S,T,2024-05-20,1000000.00,4.437325,100.822265625
08:00:30,91282CKP5,TSRYS5793017,D,S,T,2024-05-20,1000000.00,4.437325,100.822265625
08:00:30,91282CKP5,TSRYS5793017,D,S,T,2024-05-20,1000000.00,4.437325,100.822265625
08:00:30,91282CKP5,TSRYS5793017,D,S,T,2024-05-20,1000000.00,4.437325,100.822265625
08:00:30,91282CKP5,TSRYS5793017,D,S,T,2024-05-20,1000000.00,4.437325,100.822265625
08:00:30,91282CKP5,TSRYS5793017,D,S,T,2024-05-20,1000000.00,4.437325,100.822265625
08:00:30,91282CKP5,TSRYS5793017,D,S,T,2024-05-20,1000000.00,4.437325,100.822265625
08:00:30,91282CKP5,TSRYS5793017,D,S,T,2024-05-20,1000000.00,4.439094,100.814453125
08:00:30,91282CKP5,TSRYS5793017,D,S,T,2024-05-20,1000000.00,4.438652,100.81640625
08:00:30,91282CKP5,TSRYS5793017,D,S,T,2024-05-20,1000000.00,4.439094,100.814453125
08:00:30,91282CKP5,TSRYS5793017,D,S,T,2024-05-20,2000000.00,4.438652,100.81640625
08:00:30,91282CKP5,TSRYS5793017,D,S,T,2024-05-20,2000000.00,4.438652,100.81640625
08:00:30,91282CKP5,TSRYS5793017,D,S,T,2024-05-20,2000000.00,4.435999,100.828125
08:00:30,91282CKP5,TSRYS5793017,D,S,T,2024-05-20,2000000.00,4.435999,100.828125
08:00:30,91282CKP5,TSRYS5793017,D,S,T,2024-05-20,1000000.00,4.435999,100.828125
08:00:30,91282CKP5,TSRYS5793017,D,S,T,2024-05-20,1000000.00,4.435556,100.830078125
08:00:30,91282CKP5,TSRYS5793017,D,S,T,2024-05-20,1000000.00,4.435114,100.83203125
08:00:30,91282CKP5,TSRYS5793017,D,S,T,2024-05-20,1000000.00,4.433788,100.837890625
08:00:30,91282CKP5,TSRYS5793017,D,S,T,2024-05-20,1000000.00,4.433788,100.837890625
08:00:30,91282CKP5,TSRYS5793017,D,S,T,2024-05-20,2000000.00,4.433346,100.83984375
08:00:30,91282CKP5,TSRYS5793017,D,S,T,2024-05-20,1000000.00,4.443075,100.796875
08:00:30,91282CKP5,TSRYS5793017,D,S,T,2024-05-20,1000000.00,4.443075,100.796875
08:00:30,91282CKP5,TSRYS5793017,D,S,T,2024-05-20,1000000.00,4.443075,100.796875
08:00:30,91282CKP5,TSRYS5793017,D,S,T,2024-05-20,1000000.00,4.443075,100.796875
08:00:30,91282CKP5,TSRYS5793017,D,S,T,2024-05-20,1000000.00,4.443075,100.796875
08:00:33,91282CKP5,TSRYS5793017,D,S,T,2024-05-20,1000000.00,4.444402,100.791015625
08:00:33,91282CKP5,TSRYS5793017,D,S,T,2024-05-20,2000000.00,4.44219,100.80078125
08:00:33,91282CKP5,TSRYS5793017,D,S,T,2024-05-20,2000000.00,4.446614,100.78125
08:00:33,91282CKP5,TSRYS5793017,D,S,T,2024-05-20,1000000.00,4.446614,100.78125
08:00:33,91282CKP5,TSRYS5793017,D,S,T,2024-05-20,1000000.00,4.446614,100.78125
08:00:33,91282CKP5,TSRYS5793017,D,S,T,2024-05-20,1000000.00,4.446614,100.78125
08:00:33,91282CKP5,TSRYS5793017,D,S,T,2024-05-20,1000000.00,4.446614,100.78125
08:00:33,91282CKP5,TSRYS5793017,D,S,T,2024-05-20,2000000.00,4.444402,100.791015625
08:00:33,91282CKP5,TSRYS5793017,D,S,T,2024-05-20,1000000.00,4.444402,100.791015625
08:00:33,91282CKP5,TSRYS5793017,D,S,T,2024-05-20,1000000.00,4.445287,100.787109375
08:00:33,91282CKP5,TSRYS5793017,D,S,T,2024-05-20,1000000.00,4.445287,100.787109375
08:00:33,91282CKP5,TSRYS5793017,D,S,D,2024-05-20,1000000.00,4.436883,100.82421875
08:00:33,91282CKP5,TSRYS5793017,D,S,T,2024-05-20,2000000.00,4.437767,100.8203125
08:00:33,91282CKP5,TSRYS5793017,D,S,T,2024-05-20,2000000.00,4.437767,100.8203125
08:00:33,91282CKP5,TSRYS5793017,D,S,T,2024-05-20,1000000.00,4.439979,100.810546875
08:00:33,91282CKP5,TSRYS5793017,D,S,T,2024-05-20,2000000.00,4.437767,100.8203125
08:00:33,91282CKP5,TSRYS5793017,D,S,T,2024-05-20,2000000.00,4.437767,100.8203125
08:00:33,91282CKP5,TSRYS5793017,D,S,T,2024-05-20,1000000.00,4.439536,100.8125
08:00:33,91282CKP5,TSRYS5793017,D,S,T,2024-05-20,1000000.00,4.439536,100.8125
08:00:33,91282CKP5,TSRYS5793017,D,S,T,2024-05-20,2000000.00,4.439536,100.8125
08:00:33,91282CKP5,TSRYS5793017,D,S,T,2024-05-20,2000000.00,4.439536,100.8125
08:00:33,91282CKP5,TSRYS5793017,D,S,T,2024-05-20,1000000.00,4.441305,100.8046875
08:00:33,91282CKP5,TSRYS5793017,D,S,T,2024-05-20,2000000.00,4.441305,100.8046875
08:00:33,91282CKP5,TSRYS5793017,D,S,T,2024-05-20,1000000.00,4.440863,100.806640625
08:00:33,91282CKP5,TSRYS5793017,D,S,T,2024-05-20,1000000.00,4.439979,100.810546875
08:00:33,91282CKP5,TSRYS5793017,D,S,T,2024-05-20,1000000.00,4.439979,100.810546875
08:00:33,91282CKP5,TSRYS5793017,D,S,T,2024-05-20,1000000.00,4.439979,100.810546875
08:00:33,91282CKP5,TSRYS5793017,D,S,T,2024-05-20,1000000.00,4.439979,100.810546875
08:00:33,91282CKP5,TSRYS5793017,D,S,T,2024-05-20,1000000.00,4.439979,100.810546875
08:00:33,91282CKP5,TSRYS5793017,D,S,T,2024-05-20,1000000.00,4.439979,100.810546875
08:00:33,91282CKP5,TSRYS5793017,D,S,T,2024-05-20,1000000.00,4.439979,100.810546875
08:00:33,91282CKP5,TSRYS5793017,D,S,T,2024-05-20,1000000.00,4.437767,100.8203125
08:00:33,91282CKP5,TSRYS5793017,D,S,T,2024-05-20,1000000.00,4.43821,100.818359375
08:00:33,91282CKP5,TSRYS5793017,D,S,T,2024-05-20,1000000.00,4.43821,100.818359375
08:00:33,91282CKP5,TSRYS5793017,D,S,T,2024-05-20,1000000.00,4.43821,100.818359375
08:00:33,91282CKP5,TSRYS5793017,D,S,T,2024-05-20,1000000.00,4.43821,100.818359375
08:00:33,91282CKP5,TSRYS5793017,D,S,T,2024-05-20,1000000.00,4.43821,100.818359375
08:00:33,91282CKP5,TSRYS5793017,D,S,T,2024-05-20,1000000.00,4.43821,100.818359375
08:00:33,91282CKP5,TSRYS5793017,D,S,T,2024-05-20,1000000.00,4.43821,100.818359375
08:00:33,91282CKP5,TSRYS5793017,D,S,T,2024-05-20,1000000.00,4.43821,100.818359375
08:00:33,91282CKP5,TSRYS5793017,D,S,T,2024-05-20,2000000.00,4.433346,100.83984375
08:00:33,91282CKP5,TSRYS5793017,D,S,T,2024-05-20,2000000.00,4.433346,100.83984375
08:00:33,91282CKP5,TSRYS5793017,D,S,T,2024-05-20,1000000.00,4.433788,100.837890625
08:00:33,91282CKP5,TSRYS5793017,D,S,T,2024-05-20,2000000.00,4.433346,100.83984375
08:00:33,91282CKP5,TSRYS5793017,D,S,T,2024-05-20,2000000.00,4.433346,100.83984375
08:00:33,91282CKP5,TSRYS5793017,D,S,T,2024-05-20,1000000.00,4.433346,100.83984375
08:00:33,91282CKP5,TSRYS5793017,D,S,T,2024-05-20,2000000.00,4.433346,100.83984375
08:00:33,91282CKP5,TSRYS5793017,D,S,T,2024-05-20,2000000.00,4.433346,100.83984375
08:00:33,91282CKP5,TSRYS5793017,D,S,T,2024-05-20,2000000.00,4.439536,100.8125
08:00:33,91282CKP5,TSRYS5793017,D,S,T,2024-05-20,1000000.00,4.435999,100.828125
08:00:33,91282CKP5,TSRYS5793017,D,S,D,2024-05-20,1000000.00,4.432904,100.841796875
08:00:33,91282CKP5,TSRYS5793017,D,S,C,2024-05-20,3000000.00,4.432462,100.84375
08:00:33,91282CKP5,TSRYS5793017,D,S,C,2024-05-20,3000000.00,4.432462,100.84375
08:00:33,91282CKP5,TSRYS5793017,D,S,C,2024-05-20,1000000.00,4.432462,100.84375
08:00:33,91282CKP5,TSRYS5793017,D,S,C,2024-05-20,1000000.00,4.433346,100.83984375
08:00:33,91282CKP5,TSRYS5793017,D,S,C,2024-05-20,3000000.00,4.433346,100.83984375
08:00:33,91282CKP5,TSRYS5793017,D,S,C,2024-05-20,3000000.00,4.433346,100.83984375
08:00:33,91282CKP5,TSRYS5793017,D,S,D,2024-05-20,1000000.00,4.441305,100.8046875
08:00:33,91282CKP5,TSRYS5793017,D,S,A,2024-05-20,3000000.00,4.438537,100.81640625
08:00:33,91282CKP5,TSRYS5793017,D,S,D,2024-05-20,1000000.00,4.435948,100.8283501059
08:00:33,91282CKP5,TSRYS5793017,D,S,D,2024-05-20,1000000.00,4.435948,100.8283501059
08:00:33,91282CKP5,TSRYS5793017,D,S,T,2024-05-20,1000000.00,4.432462,100.84375
08:00:33,91282CKP5,TSRYS5793017,D,S,A,2024-05-20,10000000.00,4.430693,100.8515625
08:00:33,91282CKP5,TSRYS5793017,D,B,C,2024-05-20,2000000.00,4.428925,100.859375
08:00:33,91282CKP5,TSRYS5793017,D,B,C,2024-05-20,2442000.00,4.429809,100.85546875
08:00:33,91282CKP5,TSRYS5793017,D,S,A,2024-05-20,2000000.00,4.428925,100.859375
08:00:33,91282CKP5,TSRYS5793017,D,B,A,2024-05-20,2210000.00,4.428925,100.859375
08:00:33,91282CKP5,TSRYS5793017,D,S,C,2024-05-20,5400000.00,4.436883,100.82421875
08:00:33,91282CKP5,TSRYS5793017,D,S,C,2024-05-20,10870000.00,4.435114,100.83203125
08:00:33,91282CKP5,TSRYS5793017,D,S,D,2024-05-20,2000000.00,4.428041,100.86328125
08:00:33,91282CKP5,TSRYS5793017,D,B,A,2024-05-20,4500000.00,4.436883,100.82421875
08:00:33,91282CKP5,TSRYS5793017,D,S,T,2024-05-20,1000000.00,4.437767,100.8203125
08:00:33,91282CKP5,TSRYS5793017,D,S,T,2024-05-20,1000000.00,4.43423,100.8359375
08:00:33,91282CKP5,TSRYS5793017,D,S,D,2024-05-20,5000000.00,4.43423,100.8359375
08:00:33,91282CKP5,TSRYS5793017,D,S,D,2024-05-20,5000000.00,4.43423,100.8359375
08:00:33,91282CKP5,TSRYS5793017,D,S,D,2024-05-20,6000000.00,4.43423,100.8359375
08:00:33,91282CKP5,TSRYS5793017,D,S,D,2024-05-20,4000000.00,4.43423,100.8359375
08:00:33,91282CKP5,TSRYS5793017,D,S,D,2024-05-20,4000000.00,4.43423,100.8359375
08:00:33,91282CKP5,TSRYS5793017,D,S,D,2024-05-20,1000000.00,4.43423,100.8359375
08:00:33,91282CKP5,TSRYS5793017,D,S,D,2024-05-20,2000000.00,4.43423,100.8359375
08:00:33,91282CKP5,TSRYS5793017,D,S,D,2024-05-20,3000000.00,4.43423,100.8359375
08:00:33,91282CKP5,TSRYS5793017,D,B,A,2024-05-20,920000.00,4.435999,100.828125
08:00:33,91282CKP5,TSRYS5793017,D,S,D,2024-05-20,1000000.00,4.435114,100.83203125
08:00:33,91282CKP5,TSRYS5793017,D,S,D,2024-05-20,1000000.00,4.43423,100.8359375
08:00:33,91282CKP5,TSRYS5793017,D,S,D,2024-05-20,2000000.00,4.43423,100.8359375
08:00:33,91282CKP5,TSRYS5793017,D,S,D,2024-05-20,1000000.00,4.436883,100.82421875
08:00:33,91282CKP5,TSRYS5793017,D,S,T,2024-05-20,1000000.00,4.43423,100.8359375
08:00:33,91282CKP5,TSRYS5793017,D,S,T,2024-05-20,1000000.00,4.433346,100.83984375
08:00:33,91282CKP5,TSRYS5793017,D,S,T,2024-05-20,1000000.00,4.43423,100.8359375
08:00:33,91282CKP5,TSRYS5793017,D,B,A,2024-05-20,15000000.00,4.435114,100.83203125
08:00:33,91282CKP5,TSRYS5793017,D,S,T,2024-05-20,1000000.00,4.43423,100.8359375
08:00:33,91282CKP5,TSRYS5793017,D,S,D,2024-05-20,3000000.00,4.435999,100.828125
08:00:33,91282CKP5,TSRYS5793017,D,S,D,2024-05-20,2000000.00,4.435999,100.828125
08:00:33,91282CKP5,TSRYS5793017,D,S,T,2024-05-20,1000000.00,4.437767,100.8203125
08:00:33,91282CKP5,TSRYS5793017,D,S,T,2024-05-20,1000000.00,4.43821,100.818359375
08:00:33,91282CKP5,TSRYS5793017,D,S,D,2024-05-20,3000000.00,4.437767,100.8203125
08:00:33,91282CKP5,TSRYS5793017,D,S,D,2024-05-20,1000000.00,4.438652,100.81640625
08:00:33,91282CKP5,TSRYS5793017,D,S,D,2024-05-20,1000000.00,4.443959,100.79296875
08:00:33,91282CKP5,TSRYS5793017,D,S,D,2024-05-20,1000000.00,4.443959,100.79296875
08:00:33,91282CKP5,TSRYS5793017,D,S,D,2024-05-20,3000000.00,4.443517,100.794921875
08:00:33,91282CKP5,TSRYS5793017,D,S,D,2024-05-20,2000000.00,4.443959,100.79296875
08:00:33,91282CKP5,TSRYS5793017,D,S,D,2024-05-20,1000000.00,4.443959,100.79296875
08:00:33,91282CKP5,TSRYS5793017,D,S,D,2024-05-20,2000000.00,4.44219,100.80078125
08:00:33,91282CKP5,TSRYS5793017,D,S,D,2024-05-20,1000000.00,4.44219,100.80078125
08:00:33,91282CKP5,TSRYS5793017,D,S,A,2024-05-20,2000000.00,4.44219,100.80078125
08:00:33,91282CKP5,TSRYS5793017,D,S,D,2024-05-20,1000000.00,4.443959,100.79296875
08:00:33,91282CKP5,TSRYS5793017,D,S,D,2024-05-20,2000000.00,4.443517,100.794921875
08:00:33,91282CKP5,TSRYS5793017,D,S,D,2024-05-20,1000000.00,4.443959,100.79296875
08:00:33,91282CKP5,TSRYS5793017,D,S,D,2024-05-20,2000000.00,4.443959,100.79296875
08:00:33,91282CKP5,TSRYS5793017,D,S,T,2024-05-20,1000000.00,4.446614,100.78125
08:00:33,91282CKP5,TSRYS5793017,D,S,T,2024-05-20,1000000.00,4.446614,100.78125
08:00:33,91282CKP5,TSRYS5793017,D,S,T,2024-05-20,1000000.00,4.446614,100.78125
08:00:33,91282CKP5,TSRYS5793017,D,B,A,2024-05-20,2827000.00,4.444844,100.7890625
08:00:33,91282CKP5,TSRYS5793017,D,S,D,2024-05-20,10000000.00,4.441305,100.8046875
08:00:33,91282CKP5,TSRYS5793017,D,S,T,2024-05-20,1000000.00,4.443075,100.796875
08:00:33,91282CKP5,TSRYS5793017,D,S,T,2024-05-20,1000000.00,4.441305,100.8046875
08:00:33,91282CKP5,TSRYS5793017,D,S,T,2024-05-20,1000000.00,4.441305,100.8046875
08:00:33,91282CKP5,TSRYS5793017,D,S,T,2024-05-20,1000000.00,4.437767,100.8203125
08:00:33,91282CKP5,TSRYS5793017,D,S,A,2024-05-20,5000000.00,4.439536,100.8125
08:00:33,91282CKP5,TSRYS5793017,D,S,T,2024-05-20,1000000.00,4.439536,100.8125
08:00:33,91282CKP5,TSRYS5793017,D,S,T,2024-05-20,1000000.00,4.439536,100.8125
08:00:33,91282CKP5,TSRYS5793017,D,S,T,2024-05-20,1000000.00,4.439536,100.8125
08:00:33,91282CKP5,TSRYS5793017,D,S,T,2024-05-20,1000000.00,4.439536,100.8125
08:00:33,91282CKP5,TSRYS5793017,D,S,T,2024-05-20,1000000.00,4.441305,100.8046875
08:00:33,91282CKP5,TSRYS5793017,D,S,T,2024-05-20,1000000.00,4.444844,100.7890625
08:00:33,91282CKP5,TSRYS5793017,D,S,T,2024-05-20,1000000.00,4.444844,100.7890625
08:00:33,91282CKP5,TSRYS5793017,D,S,A,2024-05-20,183400.00,4.441305,100.8046875
08:00:33,91282CKP5,TSRYS5793017,D,S,T,2024-05-20,1000000.00,4.436883,100.82421875
08:00:33,91282CKP5,TSRYS5793017,D,S,T,2024-05-20,1000000.00,4.436883,100.82421875
08:00:33,91282CKP5,TSRYS5793017,D,S,A,2024-05-20,15000000.00,4.437883,100.8203125
08:00:33,91282CKP5,TSRYS5793017,D,S,T,2024-05-20,1000000.00,4.437767,100.8203125
08:00:33,91282CKP5,TSRYS5793017,D,S,T,2024-05-20,1000000.00,4.437767,100.8203125
08:00:33,91282CKP5,TSRYS5793017,D,S,A,2024-05-20,3000000.00,4.439536,100.8125
08:00:33,91282CKP5,TSRYS5793017,D,S,T,2024-05-20,1000000.00,4.437767,100.8203125
08:00:33,91282CKP5,TSRYS5793017,D,S,T,2024-05-20,1000000.00,4.435999,100.828125
08:00:33,91282CKP5,TSRYS5793017,D,S,D,2024-05-20,6000000.00,4.443075,100.796875
08:00:33,91282CKP5,TSRYS5793017,D,S,T,2024-05-20,1000000.00,4.441305,100.8046875
08:00:33,91282CKP5,TSRYS5793017,D,S,D,2024-05-20,1000000.00,4.44219,100.80078125
08:00:33,91282CKP5,TSRYS5793017,D,S,D,2024-05-20,1000000.00,4.44219,100.80078125
08:00:33,91282CKP5,TSRYS5793017,D,S,T,2024-05-20,2000000.00,4.44219,100.80078125
08:00:33,91282CKP5,TSRYS5793017,D,S,D,2024-05-20,1000000.00,4.44219,100.80078125
08:00:33,91282CKP5,TSRYS5793017,D,S,T,2024-05-20,1000000.00,4.44219,100.80078125
08:00:33,91282CKP5,TSRYS5793017,D,S,T,2024-05-20,1000000.00,4.44219,100.80078125
08:00:33,91282CKP5,TSRYS5793017,D,S,T,2024-05-20,1000000.00,4.44219,100.80078125
08:00:33,91282CKP5,TSRYS5793017,D,S,D,2024-05-20,2000000.00,4.44219,100.80078125
08:00:33,91282CKP5,TSRYS5793017,D,S,T,2024-05-20,1000000.00,4.44219,100.80078125
08:00:33,91282CKP5,TSRYS5793017,D,S,T,2024-05-20,1000000.00,4.44219,100.80078125
08:00:33,91282CKP5,TSRYS5793017,D,S,D,2024-05-20,1000000.00,4.44219,100.80078125
08:00:33,91282CKP5,TSRYS5793017,D,S,D,2024-05-20,1000000.00,4.44219,100.80078125
08:00:33,91282CKP5,TSRYS5793017,D,S,D,2024-05-20,1000000.00,4.44219,100.80078125
08:00:33,91282CKP5,TSRYS5793017,D,S,T,2024-05-20,1000000.00,4.443075,100.796875
08:00:33,91282CKP5,TSRYS5793017,D,S,D,2024-05-20,1000000.00,4.44219,100.80078125
08:00:33,91282CKP5,TSRYS5793017,D,S,D,2024-05-20,20000000.00,4.443075,100.796875
08:00:33,91282CKP5,TSRYS5793017,D,S,T,2024-05-20,1000000.00,4.44219,100.80078125
08:00:33,91282CKP5,TSRYS5793017,D,S,D,2024-05-20,1000000.00,4.44219,100.80078125
08:00:33,91282CKP5,TSRYS5793017,D,S,T,2024-05-20,1000000.00,4.443075,100.796875
08:00:33,91282CKP5,TSRYS5793017,D,S,D,2024-05-20,1000000.00,4.44219,100.80078125
08:00:33,91282CKP5,TSRYS5793017,D,S,T,2024-05-20,1000000.00,4.44219,100.80078125
08:00:33,91282CKP5,TSRYS5793017,D,S,D,2024-05-20,1000000.00,4.44219,100.80078125
08:00:33,91282CKP5,TSRYS5793017,D,S,T,2024-05-20,1000000.00,4.44219,100.80078125
08:00:33,91282CKP5,TSRYS5793017,D,S,D,2024-05-20,3000000.00,4.44219,100.80078125
08:00:33,91282CKP5,TSRYS5793017,D,S,D,2024-05-20,1000000.00,4.44219,100.80078125
08:00:33,91282CKP5,TSRYS5793017,D,S,T,2024-05-20,1000000.00,4.44219,100.80078125
08:00:33,91282CKP5,TSRYS5793017,D,S,T,2024-05-20,1000000.00,4.44219,100.80078125
08:00:33,91282CKP5,TSRYS5793017,D,S,D,2024-05-20,1000000.00,4.44219,100.80078125
08:00:33,91282CKP5,TSRYS5793017,D,S,D,2024-05-20,1000000.00,4.44219,100.80078125
08:00:33,91282CKP5,TSRYS5793017,D,S,T,2024-05-20,1000000.00,4.44219,100.80078125
08:00:33,91282CKP5,TSRYS5793017,D,S,D,2024-05-20,1000000.00,4.44219,100.80078125
08:00:33,91282CKP5,TSRYS5793017,D,S,D,2024-05-20,1000000.00,4.44219,100.80078125
08:00:33,91282CKP5,TSRYS5793017,D,S,D,2024-05-20,1000000.00,4.44219,100.80078125
08:00:33,91282CKP5,TSRYS5793017,D,S,D,2024-05-20,1000000.00,4.44219,100.80078125
08:00:33,91282CKP5,TSRYS5793017,D,S,D,2024-05-20,1000000.00,4.44219,100.80078125
08:00:33,91282CKP5,TSRYS5793017,D,S,D,2024-05-20,1000000.00,4.44219,100.80078125
08:00:33,91282CKP5,TSRYS5793017,D,S,D,2024-05-20,1000000.00,4.44219,100.80078125
08:00:33,91282CKP5,TSRYS5793017,D,S,D,2024-05-20,1000000.00,4.44219,100.80078125
08:00:33,91282CKP5,TSRYS5793017,D,S,T,2024-05-20,1000000.00,4.44219,100.80078125
08:00:33,91282CKP5,TSRYS5793017,D,S,T,2024-05-20,5000000.00,4.442632,100.798828125
08:00:33,91282CKP5,TSRYS5793017,D,S,T,2024-05-20,1000000.00,4.441305,100.8046875
08:00:33,91282CKP5,TSRYS5793017,D,S,T,2024-05-20,1000000.00,4.441305,100.8046875
08:00:33,91282CKP5,TSRYS5793017,D,S,T,2024-05-20,1000000.00,4.438652,100.81640625
08:00:33,91282CKP5,TSRYS5793017,D,S,T,2024-05-20,1000000.00,4.439536,100.8125
08:00:33,91282CKP5,TSRYS5793017,D,S,A,2024-05-20,6000000.00,4.441305,100.8046875
08:00:33,91282CKP5,TSRYS5793017,D,S,T,2024-05-20,2000000.00,4.441305,100.8046875
08:00:33,91282CKP5,TSRYS5793017,D,S,T,2024-05-20,1000000.00,4.441305,100.8046875
08:00:33,91282CKP5,TSRYS5793017,D,S,C,2024-05-20,2000000.00,4.44219,100.80078125
08:00:33,91282CKP5,TSRYS5793017,D,S,T,2024-05-20,1000000.00,4.44219,100.80078125
08:00:33,91282CKP5,TSRYS5793017,D,B,C,2024-05-20,15600000.00,4.439536,100.8125
08:00:33,91282CKP5,TSRYS5793017,D,S,D,2024-05-20,1000000.00,4.43821,100.818359375
08:00:33,91282CKP5,TSRYS5793017,D,S,T,2024-05-20,1000000.00,4.43821,100.818359375
08:00:33,91282CKP5,TSRYS5793017,D,S,T,2024-05-20,1000000.00,4.439094,100.814453125
08:00:33,91282CKP5,TSRYS5793017,D,S,D,2024-05-20,1000000.00,4.439094,100.814453125
08:00:33,91282CKP5,TSRYS5793017,D,S,D,2024-05-20,1000000.00,4.439094,100.814453125
08:00:33,91282CKP5,TSRYS5793017,D,S,A,2024-05-20,2386000.00,4.436883,100.82421875
08:00:33,91282CKP5,TSRYS5793017,D,S,T,2024-05-20,1000000.00,4.435999,100.828125
08:00:33,91282CKP5,TSRYS5793017,D,S,A,2024-05-20,2626000.00,4.435999,100.828125
08:00:33,91282CKP5,TSRYS5793017,D,S,T,2024-05-20,1000000.00,4.43423,100.8359375
08:00:33,91282CKP5,TSRYS5793017,D,B,C,2024-05-20,8700000.00,4.43423,100.8359375
08:00:33,91282CKP5,TSRYS5793017,D,B,C,2024-05-20,1000000.00,4.43423,100.8359375
08:00:33,91282CKP5,TSRYS5793017,D,S,A,2024-05-20,8000000.00,4.432462,100.84375
08:00:33,91282CKP5,TSRYS5793017,D,S,T,2024-05-20,1000000.00,4.43423,100.8359375
08:00:33,91282CKP5,TSRYS5793017,D,S,T,2024-05-20,1000000.00,4.43423,100.8359375
08:00:33,91282CKP5,TSRYS5793017,D,S,T,2024-05-20,1000000.00,4.43423,100.8359375
08:00:33,91282CKP5,TSRYS5793017,D,S,T,2024-05-20,1000000.00,4.43423,100.8359375
08:00:33,91282CKP5,TSRYS5793017,D,S,T,2024-05-20,1000000.00,4.43423,100.8359375
08:00:33,91282CKP5,TSRYS5793017,D,S,D,2024-05-20,6000000.00,4.433346,100.83984375
08:00:33,91282CKP5,TSRYS5793017,D,S,D,2024-05-20,2000000.00,4.433346,100.83984375
08:00:33,91282CKP5,TSRYS5793017,D,S,D,2024-05-20,2000000.00,4.433346,100.83984375
08:00:33,91282CKP5,TSRYS5793017,D,S,D,2024-05-20,3000000.00,4.430693,100.8515625
08:00:33,91282CKP5,TSRYS5793017,D,S,D,2024-05-20,2000000.00,4.431135,100.849609375
08:00:33,91282CKP5,TSRYS5793017,D,S,D,2024-05-20,10000000.00,4.430693,100.8515625
08:00:33,91282CKP5,TSRYS5793017,D,S,T,2024-05-20,1000000.00,4.430693,100.8515625
08:00:33,91282CKP5,TSRYS5793017,D,B,C,2024-05-20,12600000.00,4.431577,100.84765625
08:00:33,91282CKP5,TSRYS5793017,D,S,A,2024-05-20,1367200.00,4.432462,100.84375
08:00:33,91282CKP5,TSRYS5793017,D,S,A,2024-05-20,600000.00,4.433346,100.83984375
08:00:33,91282CKP5,TSRYS5793017,D,B,C,2024-05-20,3900000.00,4.432904,100.841796875
08:00:33,91282CKP5,TSRYS5793017,D,S,A,2024-05-20,200000.00,4.433346,100.83984375
08:00:33,91282CKP5,TSRYS5793017,D,B,C,2024-05-20,11400000.00,4.440421,100.80859375
08:00:33,91282CKP5,TSRYS5793017,D,S,T,2024-05-20,10000000.00,4.439536,100.8125
08:00:33,91282CKP5,TSRYS5793017,D,S,A,2024-05-20,1664700.00,4.437652,100.8203125
08:00:33,91282CKP5,TSRYS5793017,D,S,A,2024-05-20,5000000.00,4.435114,100.83203125
08:00:33,91282CKP5,TSRYS5793017,D,S,D,2024-05-20,1000000.00,4.43423,100.8359375
08:00:33,91282CKP5,TSRYS5793017,D,S,D,2024-05-20,10000000.00,4.437767,100.8203125
08:00:33,91282CKP5,TSRYS5793017,D,S,D,2024-05-20,12000000.00,4.437767,100.8203125
08:00:33,91282CKP5,TSRYS5793017,D,S,D,2024-05-20,3000000.00,4.437767,100.8203125
08:00:33,91282CKP5,TSRYS5793017,D,S,T,2024-05-20,1000000.00,4.438652,100.81640625
08:00:33,91282CKP5,TSRYS5793017,D,S,T,2024-05-20,1000000.00,4.438652,100.81640625
08:00:33,91282CKP5,TSRYS5793017,D,S,T,2024-05-20,1000000.00,4.438652,100.81640625
08:00:33,91282CKP5,TSRYS5793017,D,S,D,2024-05-20,2000000.00,4.436883,100.82421875
08:00:33,91282CKP5,TSRYS5793017,D,S,D,2024-05-20,5000000.00,4.436883,100.82421875
08:00:33,91282CKP5,TSRYS5793017,D,S,D,2024-05-20,3000000.00,4.436883,100.82421875
08:00:33,91282CKP5,TSRYS5793017,D,S,D,2024-05-20,1000000.00,4.437767,100.8203125
08:00:33,91282CKP5,TSRYS5793017,D,S,D,2024-05-20,1000000.00,4.439536,100.8125
08:00:33,91282CKP5,TSRYS5793017,D,S,D,2024-05-20,3000000.00,4.439979,100.810546875
08:00:33,91282CKP5,TSRYS5793017,D,S,D,2024-05-20,3000000.00,4.441748,100.802734375
08:00:33,91282CKP5,TSRYS5793017,D,S,D,2024-05-20,3000000.00,4.44219,100.80078125
08:00:33,91282CKP5,TSRYS5793017,D,S,D,2024-05-20,3000000.00,4.441748,100.802734375
08:00:33,91282CKP5,TSRYS5793017,D,S,D,2024-05-20,3000000.00,4.441748,100.802734375
08:00:33,91282CKP5,TSRYS5793017,D,S,D,2024-05-20,1000000.00,4.440421,100.80859375
08:00:33,91282CKP5,TSRYS5793017,D,S,D,2024-05-20,1000000.00,4.440421,100.80859375
08:00:33,91282CKP5,TSRYS5793017,D,S,D,2024-05-20,1000000.00,4.436883,100.82421875
08:00:33,91282CKP5,TSRYS5793017,D,S,D,2024-05-20,1000000.00,4.436883,100.82421875
08:00:33,91282CKP5,TSRYS5793017,D,S,D,2024-05-20,1000000.00,4.436883,100.82421875
08:00:33,91282CKP5,TSRYS5793017,D,S,D,2024-05-20,1000000.00,4.436883,100.82421875
08:00:33,91282CKP5,TSRYS5793017,D,S,D,2024-05-20,1000000.00,4.436883,100.82421875
08:00:33,91282CKP5,TSRYS5793017,D,S,D,2024-05-20,2000000.00,4.436883,100.82421875
08:00:33,91282CKP5,TSRYS5793017,D,S,D,2024-05-20,2000000.00,4.437325,100.822265625
08:00:33,91282CKP5,TSRYS5793017,D,S,D,2024-05-20,1000000.00,4.436883,100.82421875
08:00:33,91282CKP5,TSRYS5793017,D,S,D,2024-05-20,1000000.00,4.436883,100.82421875
08:00:33,91282CKP5,TSRYS5793017,D,S,D,2024-05-20,1000000.00,4.436883,100.82421875
08:00:33,91282CKP5,TSRYS5793017,D,S,D,2024-05-20,1000000.00,4.436883,100.82421875
08:00:33,91282CKP5,TSRYS5793017,D,S,D,2024-05-20,1000000.00,4.436883,100.82421875
08:00:33,91282CKP5,TSRYS5793017,D,S,D,2024-05-20,1000000.00,4.436883,100.82421875
08:00:33,91282CKP5,TSRYS5793017,D,S,D,2024-05-20,1000000.00,4.436883,100.82421875
08:00:33,91282CKP5,TSRYS5793017,D,S,D,2024-05-20,4000000.00,4.437767,100.8203125
08:00:33,91282CKP5,TSRYS5793017,D,S,D,2024-05-20,775000.00,4.436115,100.827608871
08:00:33,91282CKP5,TSRYS5793017,D,S,D,2024-05-20,12000000.00,4.432462,100.84375
08:00:33,91282CKP5,TSRYS5793017,D,S,D,2024-05-20,3000000.00,4.440421,100.80859375
08:00:33,91282CKP5,TSRYS5793017,D,S,D,2024-05-20,3000000.00,4.440421,100.80859375
08:00:33,91282CKP5,TSRYS5793017,D,S,D,2024-05-20,3000000.00,4.440421,100.80859375
08:00:33,91282CKP5,TSRYS5793017,D,S,D,2024-05-20,3000000.00,4.440421,100.80859375
08:00:33,91282CKP5,TSRYS5793017,D,S,D,2024-05-20,1000000.00,4.435556,100.830078125
08:00:33,91282CKP5,TSRYS5793017,D,S,D,2024-05-20,1000000.00,4.435999,100.828125
08:00:33,91282CKP5,TSRYS5793017,D,S,D,2024-05-20,1000000.00,4.435999,100.828125
08:00:33,91282CKP5,TSRYS5793017,D,S,D,2024-05-20,1000000.00,4.435999,100.828125
08:00:33,91282CKP5,TSRYS5793017,D,S,D,2024-05-20,1000000.00,4.435999,100.828125
08:00:33,91282CKP5,TSRYS5793017,D,S,D,2024-05-20,1000000.00,4.435999,100.828125
08:00:33,91282CKP5,TSRYS5793017,D,S,D,2024-05-20,1000000.00,4.435999,100.828125
08:00:33,91282CKP5,TSRYS5793017,D,S,D,2024-05-20,1000000.00,4.435999,100.828125
08:00:33,91282CKP5,TSRYS5793017,D,S,D,2024-05-20,1000000.00,4.435556,100.830078125
08:00:33,91282CKP5,TSRYS5793017,D,S,D,2024-05-20,1000000.00,4.435999,100.828125
08:00:33,91282CKP5,TSRYS5793017,D,S,D,2024-05-20,3000000.00,4.436441,100.826171875
08:00:33,91282CKP5,TSRYS5793017,D,S,D,2024-05-20,46000000.00,4.440421,100.80859375
08:00:33,91282CKP5,TSRYS5793017,D,S,D,2024-05-20,15000000.00,4.439536,100.8125
08:00:33,91282CKP5,TSRYS5793017,D,S,D,2024-05-20,1000000.00,4.440421,100.80859375
08:00:33,91282CKP5,TSRYS5793017,D,B,A,2024-05-20,73000.00,4.43423,100.8359375
08:00:33,91282CKP5,TSRYS5793017,D,S,A,2024-05-20,330000.00,4.436883,100.82421875
08:00:33,91282CKP5,TSRYS5793017,D,S,A,2024-05-20,2210000.00,4.435999,100.828125
08:00:35,91282CKP5,TSRYS5793017,D,B,A,2024-05-20,15000000.00,4.44219,100.80078125
08:00:35,91282CKP5,TSRYS5793017,D,S,D,2024-05-20,775000.00,4.435999,100.828125
