tradeTime,cusip,issueSymbolIdentifier,priceType,reportingSideCode,contraPartyTypeCode,tradeDate,reportedTradeVolume,lastSaleYield,lastSalePrice
08:00:06,912810UB2,TSRYS5810883,D,S,D,2024-07-19,1000000.00,4.516987,101.3984375
08:00:06,912810UB2,TSRYS5810883,D,S,D,2024-07-19,1000000.00,4.516987,101.3984375
08:00:06,912810UB2,TSRYS5810883,D,S,D,2024-07-19,1000000.00,4.516987,101.3984375
08:00:06,912810UB2,TSRYS5810883,D,S,D,2024-07-19,1000000.00,4.516987,101.3984375
08:00:06,912810UB2,TSRYS5810883,D,S,D,2024-07-19,1000000.00,4.528308,101.25
08:00:06,912810UB2,TSRYS5810883,D,S,D,2024-07-19,1000000.00,4.528308,101.25
08:00:06,912810UB2,TSRYS5810883,D,S,D,2024-07-19,1000000.00,4.530396,101.22265625
08:00:06,912810UB2,TSRYS5810883,D,S,D,2024-07-19,1000000.00,4.5298,101.23046875
08:00:06,912810UB2,TSRYS5810883,D,S,D,2024-07-19,1000000.00,4.529949,101.228515625
08:00:06,912810UB2,TSRYS5810883,D,S,D,2024-07-19,1000000.00,4.532037,101.201171875
08:00:06,912810UB2,TSRYS5810883,D,S,D,2024-07-19,1000000.00,4.532187,101.19921875
08:00:06,912810UB2,TSRYS5810883,D,S,D,2024-07-19,1000000.00,4.532187,101.19921875
08:00:06,912810UB2,TSRYS5810883,D,S,D,2024-07-19,1000000.00,4.534276,101.171875
08:00:06,912810UB2,TSRYS5810883,D,S,D,2024-07-19,1000000.00,4.534276,101.171875
08:00:06,912810UB2,TSRYS5810883,D,S,D,2024-07-19,1000000.00,4.533977,101.17578125
08:00:06,912810UB2,TSRYS5810883,D,S,D,2024-07-19,1000000.00,4.534276,101.171875
08:00:06,912810UB2,TSRYS5810883,D,S,D,2024-07-19,1000000.00,4.534276,101.171875
08:00:06,912810UB2,TSRYS5810883,D,S,D,2024-07-19,1000000.00,4.534276,101.171875
08:00:06,912810UB2,TSRYS5810883,D,S,D,2024-07-19,1000000.00,4.536366,101.14453125
08:00:06,912810UB2,TSRYS5810883,D,S,D,2024-07-19,1000000.00,4.536366,101.14453125
08:00:06,912810UB2,TSRYS5810883,D,S,D,2024-07-19,1000000.00,4.536366,101.14453125
08:00:06,912810UB2,TSRYS5810883,D,S,D,2024-07-19,1000000.00,4.536366,101.14453125
08:00:06,912810UB2,TSRYS5810883,D,S,D,2024-07-19,1000000.00,4.536366,101.14453125
08:00:06,912810UB2,TSRYS5810883,D,S,D,2024-07-19,1000000.00,4.536067,101.1484375
08:00:06,912810UB2,TSRYS5810883,D,S,D,2024-07-19,1000000.00,4.534276,101.171875
08:00:06,912810UB2,TSRYS5810883,D,S,D,2024-07-19,1000000.00,4.534575,101.16796875
08:00:06,912810UB2,TSRYS5810883,D,S,D,2024-07-19,1000000.00,4.534276,101.171875
08:00:06,912810UB2,TSRYS5810883,D,S,D,2024-07-19,1000000.00,4.534575,101.16796875
08:00:06,912810UB2,TSRYS5810883,D,S,D,2024-07-19,1000000.00,4.530993,101.21484375
08:00:06,912810UB2,TSRYS5810883,D,S,D,2024-07-19,1000000.00,4.530993,101.21484375
08:00:06,912810UB2,TSRYS5810883,D,S,D,2024-07-19,1000000.00,4.528905,101.2421875
08:00:06,912810UB2,TSRYS5810883,D,S,D,2024-07-19,1000000.00,4.528607,101.24609375
08:00:06,912810UB2,TSRYS5810883,D,S,D,2024-07-19,1000000.00,4.521304,101.341796875
08:00:06,912810UB2,TSRYS5810883,D,S,T,2024-07-19,1000000.00,4.521453,101.33984375
08:00:06,912810UB2,TSRYS5810883,D,S,D,2024-07-19,1000000.00,4.520858,101.34765625
08:00:06,912810UB2,TSRYS5810883,D,S,D,2024-07-19,1000000.00,4.520858,101.34765625
08:00:06,912810UB2,TSRYS5810883,D,S,D,2024-07-19,1000000.00,4.520858,101.34765625
08:00:06,912810UB2,TSRYS5810883,D,S,D,2024-07-19,1000000.00,4.520858,101.34765625
08:00:06,912810UB2,TSRYS5810883,D,S,D,2024-07-19,1000000.00,4.515945,101.412109375
08:00:06,912810UB2,TSRYS5810883,D,S,D,2024-07-19,1000000.00,4.515945,101.412109375
08:00:10,912810UB2,TSRYS5810883,D,S,D,2024-07-19,1000000.00,4.525327,101.2890625
08:00:10,912810UB2,TSRYS5810883,D,S,D,2024-07-19,1000000.00,4.534276,101.171875
08:00:10,912810UB2,TSRYS5810883,D,S,D,2024-07-19,1000000.00,4.534276,101.171875
08:00:10,912810UB2,TSRYS5810883,D,S,A,2024-07-19,1000000.00,4.53159,101.20703125
08:00:10,912810UB2,TSRYS5810883,D,S,T,2024-07-19,1000000.00,4.525923,101.28125
08:00:10,912810UB2,TSRYS5810883,D,S,T,2024-07-19,1000000.00,4.525923,101.28125
08:00:10,912810UB2,TSRYS5810883,D,S,T,2024-07-19,1000000.00,4.525923,101.28125
08:00:10,912810UB2,TSRYS5810883,D,S,T,2024-07-19,1000000.00,4.521155,101.34375
08:00:14,912810UB2,TSRYS5810883,D,S,T,2024-07-19,1000000.00,4.527116,101.265625
08:00:14,912810UB2,TSRYS5810883,D,S,D,2024-07-19,1000000.00,4.516987,101.3984375
08:00:14,912810UB2,TSRYS5810883,D,S,A,2024-07-19,14000000.00,4.534276,101.171875
08:00:14,912810UB2,TSRYS5810883,D,B,A,2024-07-19,14000000.00,4.534276,101.171875
08:00:20,912810UB2,TSRYS5810883,D,B,A,2024-07-19,1000000.00,4.516689,101.40234375
08:00:21,912810UB2,TSRYS5810883,D,B,A,2024-07-19,500000.00,4.513119,101.44921875
08:00:22,912810UB2,TSRYS5810883,D,S,D,2024-07-19,1000000.00,4.533977,101.17578125
08:00:22,912810UB2,TSRYS5810883,D,S,D,2024-07-19,1000000.00,4.53547,101.15625
08:00:22,912810UB2,TSRYS5810883,D,S,D,2024-07-19,1000000.00,4.533977,101.17578125
08:00:22,912810UB2,TSRYS5810883,D,S,D,2024-07-19,1000000.00,4.534276,101.171875
08:00:22,912810UB2,TSRYS5810883,D,S,D,2024-07-19,1000000.00,4.534276,101.171875
08:00:23,912810UB2,TSRYS5810883,D,S,D,2024-07-19,1000000.00,4.536366,101.14453125
08:00:23,912810UB2,TSRYS5810883,D,S,D,2024-07-19,1000000.00,4.536366,101.14453125
08:00:24,912810UB2,TSRYS5810883,D,S,D,2024-07-19,1000000.00,4.536366,101.14453125
08:00:24,912810UB2,TSRYS5810883,D,S,D,2024-07-19,1000000.00,4.536366,101.14453125
08:00:24,912810UB2,TSRYS5810883,D,S,D,2024-07-19,1000000.00,4.536366,101.14453125
08:00:24,912810UB2,TSRYS5810883,D,S,D,2024-07-19,1000000.00,4.536366,101.14453125
08:00:24,912810UB2,TSRYS5810883,D,S,D,2024-07-19,1000000.00,4.536067,101.1484375
08:00:24,912810UB2,TSRYS5810883,D,S,D,2024-07-19,1000000.00,4.536366,101.14453125
08:00:24,912810UB2,TSRYS5810883,D,S,D,2024-07-19,1000000.00,4.536067,101.1484375
08:00:24,912810UB2,TSRYS5810883,D,S,D,2024-07-19,1000000.00,4.534276,101.171875
08:00:24,912810UB2,TSRYS5810883,D,S,D,2024-07-19,1000000.00,4.534276,101.171875
08:00:24,912810UB2,TSRYS5810883,D,S,D,2024-07-19,1000000.00,4.534276,101.171875
08:00:24,912810UB2,TSRYS5810883,D,B,A,2024-07-19,350000.00,4.504796,101.55859375
08:00:27,912810UB2,TSRYS5810883,D,S,D,2024-07-19,1000000.00,4.509253,101.5
08:00:27,912810UB2,TSRYS5810883,D,S,D,2024-07-19,1000000.00,4.511632,101.46875
08:00:27,912810UB2,TSRYS5810883,D,S,D,2024-07-19,1000000.00,4.517582,101.390625
08:00:27,912810UB2,TSRYS5810883,D,S,D,2024-07-19,1000000.00,4.530396,101.22265625
08:00:27,912810UB2,TSRYS5810883,D,S,D,2024-07-19,2000000.00,4.532187,101.19921875
08:00:27,912810UB2,TSRYS5810883,D,S,D,2024-07-19,1000000.00,4.532187,101.19921875
08:00:27,912810UB2,TSRYS5810883,D,S,D,2024-07-19,1000000.00,4.532187,101.19921875
08:00:27,912810UB2,TSRYS5810883,D,S,D,2024-07-19,1000000.00,4.534276,101.171875
08:00:27,912810UB2,TSRYS5810883,D,S,D,2024-07-19,1000000.00,4.536366,101.14453125
08:00:27,912810UB2,TSRYS5810883,D,S,D,2024-07-19,1000000.00,4.534276,101.171875
08:00:27,912810UB2,TSRYS5810883,D,S,D,2024-07-19,1000000.00,4.534276,101.171875
08:00:27,912810UB2,TSRYS5810883,D,S,D,2024-07-19,1000000.00,4.534276,101.171875
08:00:27,912810UB2,TSRYS5810883,D,S,T,2024-07-19,1000000.00,4.517582,101.390625
08:00:27,912810UB2,TSRYS5810883,D,S,T,2024-07-19,1000000.00,4.50955,101.49609375
08:00:27,912810UB2,TSRYS5810883,D,S,T,2024-07-19,1000000.00,4.50955,101.49609375
08:00:27,912810UB2,TSRYS5810883,D,S,T,2024-07-19,1000000.00,4.521155,101.34375
08:00:27,912810UB2,TSRYS5810883,D,S,T,2024-07-19,1000000.00,4.527861,101.255859375
08:00:27,912810UB2,TSRYS5810883,D,S,A,2024-07-19,1000000.00,4.529203,101.23828125
08:00:27,912810UB2,TSRYS5810883,D,S,D,2024-07-19,1000000.00,4.528308,101.25
08:00:27,912810UB2,TSRYS5810883,D,S,D,2024-07-19,1000000.00,4.526221,101.27734375
08:00:27,912810UB2,TSRYS5810883,D,B,A,2024-07-19,750000.00,4.513119,101.44921875
08:00:30,912810UB2,TSRYS5810883,D,S,T,2024-07-19,1000000.00,4.515648,101.416015625
08:00:30,912810UB2,TSRYS5810883,D,S,T,2024-07-19,1000000.00,4.515201,101.421875
08:00:30,912810UB2,TSRYS5810883,D,S,T,2024-07-19,1000000.00,4.515201,101.421875
08:00:30,912810UB2,TSRYS5810883,D,S,T,2024-07-19,1000000.00,4.515201,101.421875
08:00:30,912810UB2,TSRYS5810883,D,S,T,2024-07-19,1000000.00,4.516392,101.40625
08:00:30,912810UB2,TSRYS5810883,D,S,T,2024-07-19,1000000.00,4.516392,101.40625
08:00:30,912810UB2,TSRYS5810883,D,S,T,2024-07-19,1000000.00,4.516392,101.40625
08:00:30,912810UB2,TSRYS5810883,D,S,T,2024-07-19,1000000.00,4.516392,101.40625
08:00:30,912810UB2,TSRYS5810883,D,S,T,2024-07-19,1000000.00,4.506875,101.53125
08:00:30,912810UB2,TSRYS5810883,D,S,T,2024-07-19,1000000.00,4.509253,101.5
08:00:30,912810UB2,TSRYS5810883,D,S,T,2024-07-19,1000000.00,4.509699,101.494140625
08:00:30,912810UB2,TSRYS5810883,D,S,T,2024-07-19,1000000.00,4.512821,101.453125
08:00:30,912810UB2,TSRYS5810883,D,S,T,2024-07-19,1000000.00,4.515201,101.421875
08:00:30,912810UB2,TSRYS5810883,D,S,T,2024-07-19,1000000.00,4.528308,101.25
08:00:30,912810UB2,TSRYS5810883,D,S,T,2024-07-19,1000000.00,4.528308,101.25
08:00:33,912810UB2,TSRYS5810883,D,S,T,2024-07-19,1000000.00,4.529502,101.234375
08:00:33,912810UB2,TSRYS5810883,D,S,T,2024-07-19,1000000.00,4.527116,101.265625
08:00:33,912810UB2,TSRYS5810883,D,S,T,2024-07-19,1000000.00,4.527116,101.265625
08:00:33,912810UB2,TSRYS5810883,D,S,T,2024-07-19,1000000.00,4.527116,101.265625
08:00:33,912810UB2,TSRYS5810883,D,S,T,2024-07-19,1000000.00,4.527116,101.265625
08:00:33,912810UB2,TSRYS5810883,D,S,T,2024-07-19,1000000.00,4.527116,101.265625
08:00:33,912810UB2,TSRYS5810883,D,S,T,2024-07-19,1000000.00,4.527116,101.265625
08:00:33,912810UB2,TSRYS5810883,D,S,T,2024-07-19,1000000.00,4.528308,101.25
08:00:33,912810UB2,TSRYS5810883,D,S,T,2024-07-19,1000000.00,4.528607,101.24609375
08:00:33,912810UB2,TSRYS5810883,D,S,T,2024-07-19,1000000.00,4.529502,101.234375
08:00:33,912810UB2,TSRYS5810883,D,S,T,2024-07-19,1000000.00,4.510442,101.484375
08:00:33,912810UB2,TSRYS5810883,D,S,T,2024-07-19,1000000.00,4.512821,101.453125
08:00:33,912810UB2,TSRYS5810883,D,S,T,2024-07-19,1000000.00,4.518326,101.380859375
08:00:33,912810UB2,TSRYS5810883,D,S,T,2024-07-19,1000000.00,4.518773,101.375
08:00:33,912810UB2,TSRYS5810883,D,S,T,2024-07-19,1000000.00,4.518773,101.375
08:00:33,912810UB2,TSRYS5810883,D,S,T,2024-07-19,1000000.00,4.518773,101.375
08:00:33,912810UB2,TSRYS5810883,D,S,T,2024-07-19,1000000.00,4.518773,101.375
08:00:33,912810UB2,TSRYS5810883,D,S,T,2024-07-19,1000000.00,4.518773,101.375
08:00:33,912810UB2,TSRYS5810883,D,S,T,2024-07-19,1000000.00,4.518773,101.375
08:00:33,912810UB2,TSRYS5810883,D,S,T,2024-07-19,1000000.00,4.521602,101.337890625
08:00:33,912810UB2,TSRYS5810883,D,S,T,2024-07-19,1000000.00,4.522347,101.328125
08:00:33,912810UB2,TSRYS5810883,D,S,T,2024-07-19,1000000.00,4.522347,101.328125
08:00:33,912810UB2,TSRYS5810883,D,S,T,2024-07-19,1000000.00,4.52339,101.314453125
08:00:33,912810UB2,TSRYS5810883,D,S,T,2024-07-19,1000000.00,4.521155,101.34375
08:00:33,912810UB2,TSRYS5810883,D,S,T,2024-07-19,1000000.00,4.525923,101.28125
08:00:33,912810UB2,TSRYS5810883,D,S,T,2024-07-19,1000000.00,4.527116,101.265625
08:00:33,912810UB2,TSRYS5810883,D,S,T,2024-07-19,1000000.00,4.527116,101.265625
08:00:33,912810UB2,TSRYS5810883,D,S,T,2024-07-19,1000000.00,4.527116,101.265625
08:00:33,912810UB2,TSRYS5810883,D,S,T,2024-07-19,1000000.00,4.522347,101.328125
08:00:33,912810UB2,TSRYS5810883,D,S,T,2024-07-19,1000000.00,4.522347,101.328125
08:00:33,912810UB2,TSRYS5810883,D,S,T,2024-07-19,2000000.00,4.522347,101.328125
08:00:33,912810UB2,TSRYS5810883,D,S,T,2024-07-19,1000000.00,4.527116,101.265625
08:00:33,912810UB2,TSRYS5810883,D,S,T,2024-07-19,1000000.00,4.527116,101.265625
08:00:33,912810UB2,TSRYS5810883,D,S,T,2024-07-19,1000000.00,4.52056,101.3515625
08:00:33,912810UB2,TSRYS5810883,D,S,T,2024-07-19,1000000.00,4.517582,101.390625
08:00:33,912810UB2,TSRYS5810883,D,S,T,2024-07-19,1000000.00,4.50955,101.49609375
08:00:33,912810UB2,TSRYS5810883,D,S,T,2024-07-19,1000000.00,4.50955,101.49609375
08:00:33,912810UB2,TSRYS5810883,D,S,T,2024-07-19,1000000.00,4.50955,101.49609375
08:00:33,912810UB2,TSRYS5810883,D,S,T,2024-07-19,1000000.00,4.50955,101.49609375
08:00:33,912810UB2,TSRYS5810883,D,S,T,2024-07-19,1000000.00,4.50955,101.49609375
08:00:33,912810UB2,TSRYS5810883,D,S,T,2024-07-19,1000000.00,4.50955,101.49609375
08:00:33,912810UB2,TSRYS5810883,D,S,T,2024-07-19,1000000.00,4.507173,101.52734375
08:00:33,912810UB2,TSRYS5810883,D,S,T,2024-07-19,1000000.00,4.508213,101.513671875
08:00:33,912810UB2,TSRYS5810883,D,S,T,2024-07-19,1000000.00,4.512524,101.45703125
08:00:33,912810UB2,TSRYS5810883,D,S,T,2024-07-19,1000000.00,4.521155,101.34375
08:00:33,912810UB2,TSRYS5810883,D,S,T,2024-07-19,1000000.00,4.521155,101.34375
08:00:33,912810UB2,TSRYS5810883,D,S,T,2024-07-19,1000000.00,4.529203,101.23828125
08:00:33,912810UB2,TSRYS5810883,D,S,D,2024-07-19,1000000.00,4.526818,101.26953125
08:00:33,912810UB2,TSRYS5810883,D,S,T,2024-07-19,1000000.00,4.530695,101.21875
08:00:33,912810UB2,TSRYS5810883,D,S,T,2024-07-19,1000000.00,4.533082,101.1875
08:00:33,912810UB2,TSRYS5810883,D,S,T,2024-07-19,1000000.00,4.533082,101.1875
08:00:33,912810UB2,TSRYS5810883,D,S,T,2024-07-19,1000000.00,4.533082,101.1875
08:00:33,912810UB2,TSRYS5810883,D,S,T,2024-07-19,1000000.00,4.533082,101.1875
08:00:33,912810UB2,TSRYS5810883,D,S,T,2024-07-19,1000000.00,4.533082,101.1875
08:00:33,912810UB2,TSRYS5810883,D,S,T,2024-07-19,1000000.00,4.533082,101.1875
08:00:33,912810UB2,TSRYS5810883,D,S,T,2024-07-19,1000000.00,4.524731,101.296875
08:00:33,912810UB2,TSRYS5810883,D,S,T,2024-07-19,1000000.00,4.527116,101.265625
08:00:33,912810UB2,TSRYS5810883,D,S,T,2024-07-19,1000000.00,4.527116,101.265625
08:00:33,912810UB2,TSRYS5810883,D,S,T,2024-07-19,1000000.00,4.527116,101.265625
08:00:33,912810UB2,TSRYS5810883,D,S,T,2024-07-19,1000000.00,4.527116,101.265625
08:00:33,912810UB2,TSRYS5810883,D,S,T,2024-07-19,1000000.00,4.527116,101.265625
08:00:33,912810UB2,TSRYS5810883,D,S,T,2024-07-19,1000000.00,4.527116,101.265625
08:00:33,912810UB2,TSRYS5810883,D,S,T,2024-07-19,1000000.00,4.528308,101.25
08:00:33,912810UB2,TSRYS5810883,D,S,T,2024-07-19,1000000.00,4.529502,101.234375
08:00:33,912810UB2,TSRYS5810883,D,S,T,2024-07-19,1000000.00,4.529502,101.234375
08:00:33,912810UB2,TSRYS5810883,D,S,T,2024-07-19,1000000.00,4.528308,101.25
08:00:33,912810UB2,TSRYS5810883,D,S,T,2024-07-19,1000000.00,4.528308,101.25
08:00:33,912810UB2,TSRYS5810883,D,S,T,2024-07-19,1000000.00,4.528308,101.25
08:00:33,912810UB2,TSRYS5810883,D,S,T,2024-07-19,1000000.00,4.528308,101.25
08:00:33,912810UB2,TSRYS5810883,D,S,T,2024-07-19,1000000.00,4.528308,101.25
08:00:33,912810UB2,TSRYS5810883,D,S,T,2024-07-19,1000000.00,4.529502,101.234375
08:00:33,912810UB2,TSRYS5810883,D,S,T,2024-07-19,1000000.00,4.529502,101.234375
08:00:33,912810UB2,TSRYS5810883,D,S,T,2024-07-19,1000000.00,4.527116,101.265625
08:00:33,912810UB2,TSRYS5810883,D,S,D,2024-07-19,1000000.00,4.531888,101.203125
08:00:33,912810UB2,TSRYS5810883,D,S,D,2024-07-19,1000000.00,4.533977,101.17578125
08:00:33,912810UB2,TSRYS5810883,D,S,D,2024-07-19,1000000.00,4.533977,101.17578125
08:00:33,912810UB2,TSRYS5810883,D,S,D,2024-07-19,1000000.00,4.533977,101.17578125
08:00:33,912810UB2,TSRYS5810883,D,S,D,2024-07-19,1000000.00,4.533977,101.17578125
08:00:33,912810UB2,TSRYS5810883,D,S,D,2024-07-19,1000000.00,4.533977,101.17578125
08:00:33,912810UB2,TSRYS5810883,D,S,D,2024-07-19,1000000.00,4.534276,101.171875
08:00:33,912810UB2,TSRYS5810883,D,S,D,2024-07-19,1000000.00,4.534276,101.171875
08:00:33,912810UB2,TSRYS5810883,D,S,D,2024-07-19,1000000.00,4.536366,101.14453125
08:00:33,912810UB2,TSRYS5810883,D,S,D,2024-07-19,1000000.00,4.536366,101.14453125
08:00:33,912810UB2,TSRYS5810883,D,S,D,2024-07-19,1000000.00,4.536366,101.14453125
08:00:33,912810UB2,TSRYS5810883,D,S,D,2024-07-19,1000000.00,4.536366,101.14453125
08:00:33,912810UB2,TSRYS5810883,D,S,D,2024-07-19,1000000.00,4.536366,101.14453125
08:00:33,912810UB2,TSRYS5810883,D,S,D,2024-07-19,1000000.00,4.536366,101.14453125
08:00:33,912810UB2,TSRYS5810883,D,S,D,2024-07-19,1000000.00,4.536366,101.14453125
08:00:33,912810UB2,TSRYS5810883,D,S,D,2024-07-19,1000000.00,4.536067,101.1484375
08:00:33,912810UB2,TSRYS5810883,D,S,D,2024-07-19,1000000.00,4.536067,101.1484375
08:00:33,912810UB2,TSRYS5810883,D,S,D,2024-07-19,1000000.00,4.534276,101.171875
08:00:33,912810UB2,TSRYS5810883,D,S,D,2024-07-19,1000000.00,4.528308,101.25
08:00:33,912810UB2,TSRYS5810883,D,S,D,2024-07-19,1000000.00,4.526221,101.27734375
08:00:33,912810UB2,TSRYS5810883,D,S,D,2024-07-19,1000000.00,4.526818,101.26953125
08:00:33,912810UB2,TSRYS5810883,D,S,D,2024-07-19,1000000.00,4.526519,101.2734375
08:00:33,912810UB2,TSRYS5810883,D,S,D,2024-07-19,1000000.00,4.523539,101.3125
08:00:33,912810UB2,TSRYS5810883,D,S,D,2024-07-19,1000000.00,4.519964,101.359375
08:00:33,912810UB2,TSRYS5810883,D,S,D,2024-07-19,1000000.00,4.527116,101.265625
08:00:33,912810UB2,TSRYS5810883,D,S,D,2024-07-19,1000000.00,4.527116,101.265625
08:00:33,912810UB2,TSRYS5810883,D,S,D,2024-07-19,1000000.00,4.522049,101.33203125
08:00:33,912810UB2,TSRYS5810883,D,S,D,2024-07-19,1000000.00,4.528308,101.25
08:00:33,912810UB2,TSRYS5810883,D,S,D,2024-07-19,1000000.00,4.531888,101.203125
08:00:33,912810UB2,TSRYS5810883,D,S,D,2024-07-19,1000000.00,4.531888,101.203125
08:00:33,912810UB2,TSRYS5810883,D,S,D,2024-07-19,1000000.00,4.531888,101.203125
08:00:33,912810UB2,TSRYS5810883,D,S,D,2024-07-19,1000000.00,4.531888,101.203125
08:00:33,912810UB2,TSRYS5810883,D,S,D,2024-07-19,1000000.00,4.531888,101.203125
08:00:33,912810UB2,TSRYS5810883,D,S,D,2024-07-19,1000000.00,4.531888,101.203125
08:00:33,912810UB2,TSRYS5810883,D,S,D,2024-07-19,1000000.00,4.533977,101.17578125
08:00:33,912810UB2,TSRYS5810883,D,S,D,2024-07-19,1000000.00,4.533828,101.177734375
08:00:33,912810UB2,TSRYS5810883,D,S,D,2024-07-19,1000000.00,4.533828,101.177734375
08:00:33,912810UB2,TSRYS5810883,D,S,D,2024-07-19,1000000.00,4.533828,101.177734375
08:00:33,912810UB2,TSRYS5810883,D,S,D,2024-07-19,1000000.00,4.533977,101.17578125
08:00:33,912810UB2,TSRYS5810883,D,S,D,2024-07-19,1000000.00,4.521453,101.33984375
08:00:33,912810UB2,TSRYS5810883,D,S,D,2024-07-19,1000000.00,4.521453,101.33984375
08:00:33,912810UB2,TSRYS5810883,D,S,D,2024-07-19,1000000.00,4.521453,101.33984375
08:00:33,912810UB2,TSRYS5810883,D,S,D,2024-07-19,1000000.00,4.521453,101.33984375
08:00:33,912810UB2,TSRYS5810883,D,S,D,2024-07-19,1000000.00,4.521453,101.33984375
08:00:33,912810UB2,TSRYS5810883,D,S,D,2024-07-19,1000000.00,4.521453,101.33984375
08:00:33,912810UB2,TSRYS5810883,D,S,D,2024-07-19,1000000.00,4.521453,101.33984375
08:00:33,912810UB2,TSRYS5810883,D,S,D,2024-07-19,1000000.00,4.521453,101.33984375
08:00:33,912810UB2,TSRYS5810883,D,S,D,2024-07-19,1000000.00,4.521453,101.33984375
08:00:33,912810UB2,TSRYS5810883,D,S,D,2024-07-19,1000000.00,4.520858,101.34765625
08:00:33,912810UB2,TSRYS5810883,D,S,D,2024-07-19,1000000.00,4.520858,101.34765625
08:00:33,912810UB2,TSRYS5810883,D,S,D,2024-07-19,1000000.00,4.520709,101.349609375
08:00:33,912810UB2,TSRYS5810883,D,S,D,2024-07-19,1000000.00,4.515945,101.412109375
08:00:33,912810UB2,TSRYS5810883,D,S,D,2024-07-19,1000000.00,4.515945,101.412109375
08:00:33,912810UB2,TSRYS5810883,D,S,D,2024-07-19,1000000.00,4.515945,101.412109375
08:00:33,912810UB2,TSRYS5810883,D,S,D,2024-07-19,1000000.00,4.515945,101.412109375
08:00:33,912810UB2,TSRYS5810883,D,S,D,2024-07-19,1000000.00,4.518326,101.380859375
08:00:33,912810UB2,TSRYS5810883,D,S,D,2024-07-19,1000000.00,4.515945,101.412109375
08:00:33,912810UB2,TSRYS5810883,D,S,D,2024-07-19,1000000.00,4.515945,101.412109375
08:00:33,912810UB2,TSRYS5810883,D,S,D,2024-07-19,1000000.00,4.515945,101.412109375
08:00:33,912810UB2,TSRYS5810883,D,S,D,2024-07-19,1000000.00,4.515945,101.412109375
08:00:33,912810UB2,TSRYS5810883,D,S,D,2024-07-19,1000000.00,4.515945,101.412109375
08:00:33,912810UB2,TSRYS5810883,D,S,D,2024-07-19,1000000.00,4.515945,101.412109375
08:00:33,912810UB2,TSRYS5810883,D,S,D,2024-07-19,1000000.00,4.515945,101.412109375
08:00:33,912810UB2,TSRYS5810883,D,S,D,2024-07-19,1000000.00,4.515945,101.412109375
08:00:33,912810UB2,TSRYS5810883,D,S,D,2024-07-19,1000000.00,4.515945,101.412109375
08:00:33,912810UB2,TSRYS5810883,D,S,D,2024-07-19,1000000.00,4.515945,101.412109375
08:00:33,912810UB2,TSRYS5810883,D,S,D,2024-07-19,1000000.00,4.50955,101.49609375
08:00:33,912810UB2,TSRYS5810883,D,S,D,2024-07-19,1000000.00,4.50955,101.49609375
08:00:33,912810UB2,TSRYS5810883,D,S,D,2024-07-19,1000000.00,4.50955,101.49609375
08:00:33,912810UB2,TSRYS5810883,D,S,D,2024-07-19,1000000.00,4.50955,101.49609375
08:00:33,912810UB2,TSRYS5810883,D,S,D,2024-07-19,1000000.00,4.50955,101.49609375
08:00:33,912810UB2,TSRYS5810883,D,S,D,2024-07-19,1000000.00,4.50955,101.49609375
08:00:33,912810UB2,TSRYS5810883,D,S,D,2024-07-19,1000000.00,4.50955,101.49609375
08:00:33,912810UB2,TSRYS5810883,D,S,D,2024-07-19,1000000.00,4.50955,101.49609375
08:00:33,912810UB2,TSRYS5810883,D,S,D,2024-07-19,1000000.00,4.50955,101.49609375
08:00:33,912810UB2,TSRYS5810883,D,S,D,2024-07-19,1000000.00,4.50955,101.49609375
08:00:33,912810UB2,TSRYS5810883,D,S,D,2024-07-19,1000000.00,4.525327,101.2890625
08:00:33,912810UB2,TSRYS5810883,D,S,D,2024-07-19,1000000.00,4.525327,101.2890625
08:00:33,912810UB2,TSRYS5810883,D,S,D,2024-07-19,1000000.00,4.525327,101.2890625
08:00:33,912810UB2,TSRYS5810883,D,S,D,2024-07-19,1000000.00,4.525774,101.283203125
08:00:33,912810UB2,TSRYS5810883,D,S,T,2024-07-19,1000000.00,4.52801,101.25390625
08:00:33,912810UB2,TSRYS5810883,D,S,T,2024-07-19,1000000.00,4.531888,101.203125
08:00:33,912810UB2,TSRYS5810883,D,S,T,2024-07-19,1000000.00,4.531888,101.203125
08:00:33,912810UB2,TSRYS5810883,D,S,T,2024-07-19,1000000.00,4.533977,101.17578125
08:00:33,912810UB2,TSRYS5810883,D,S,T,2024-07-19,1000000.00,4.533828,101.177734375
08:00:33,912810UB2,TSRYS5810883,D,S,T,2024-07-19,1000000.00,4.533828,101.177734375
08:00:33,912810UB2,TSRYS5810883,D,S,T,2024-07-19,1000000.00,4.533977,101.17578125
08:00:33,912810UB2,TSRYS5810883,D,S,T,2024-07-19,1000000.00,4.536515,101.142578125
08:00:33,912810UB2,TSRYS5810883,D,S,T,2024-07-19,1000000.00,4.536366,101.14453125
08:00:33,912810UB2,TSRYS5810883,D,S,T,2024-07-19,1000000.00,4.527116,101.265625
08:00:33,912810UB2,TSRYS5810883,D,S,T,2024-07-19,1000000.00,4.527116,101.265625
08:00:33,912810UB2,TSRYS5810883,D,S,T,2024-07-19,1000000.00,4.527116,101.265625
08:00:33,912810UB2,TSRYS5810883,D,S,T,2024-07-19,1000000.00,4.52056,101.3515625
08:00:33,912810UB2,TSRYS5810883,D,S,T,2024-07-19,1000000.00,4.52056,101.3515625
08:00:33,912810UB2,TSRYS5810883,D,S,T,2024-07-19,1000000.00,4.520858,101.34765625
08:00:33,912810UB2,TSRYS5810883,D,S,T,2024-07-19,1000000.00,4.521007,101.345703125
08:00:33,912810UB2,TSRYS5810883,D,S,T,2024-07-19,1000000.00,4.520858,101.34765625
08:00:33,912810UB2,TSRYS5810883,D,S,T,2024-07-19,1000000.00,4.518326,101.380859375
08:00:33,912810UB2,TSRYS5810883,D,S,T,2024-07-19,1000000.00,4.518624,101.376953125
08:00:33,912810UB2,TSRYS5810883,D,S,T,2024-07-19,1000000.00,4.518922,101.373046875
08:00:33,912810UB2,TSRYS5810883,D,S,T,2024-07-19,1000000.00,4.517582,101.390625
08:00:33,912810UB2,TSRYS5810883,D,S,T,2024-07-19,1000000.00,4.521155,101.34375
08:00:33,912810UB2,TSRYS5810883,D,S,A,2024-07-19,14000000.00,4.534276,101.171875
08:00:33,912810UB2,TSRYS5810883,D,S,D,2024-07-19,1000000.00,4.526519,101.2734375
08:00:37,912810UB2,TSRYS5810883,D,S,D,2024-07-19,1000000.00,4.523539,101.3125
08:00:39,912810UB2,TSRYS5810883,D,S,C,2024-07-19,300000.00,4.527414,101.26171875
08:00:40,912810UB2,TSRYS5810883,D,S,C,2024-07-19,200000.00,4.526221,101.27734375
08:00:40,912810UB2,TSRYS5810883,D,B,C,2024-07-19,159000.00,4.525327,101.2890625
08:00:40,912810UB2,TSRYS5810883,D,S,D,2024-07-19,27000.00,4.523837,101.30859375
08:00:40,912810UB2,TSRYS5810883,D,B,C,2024-07-19,162000.00,4.516689,101.40234375
08:00:40,912810UB2,TSRYS5810883,D,S,D,2024-07-19,1000000.00,4.519964,101.359375
08:00:40,912810UB2,TSRYS5810883,D,S,D,2024-07-19,1000000.00,4.527116,101.265625
08:00:40,912810UB2,TSRYS5810883,D,S,D,2024-07-19,1000000.00,4.527116,101.265625
08:00:41,912810UB2,TSRYS5810883,D,S,C,2024-07-19,1500000.00,4.526519,101.2734375
08:00:45,912810UB2,TSRYS5810883,D,S,C,2024-07-19,2000.00,4.525327,101.5390625
08:00:46,912810UB2,TSRYS5810883,D,S,D,2024-07-19,1000000.00,4.519369,101.3671875
08:00:46,912810UB2,TSRYS5810883,D,S,D,2024-07-19,1500000.00,4.526519,101.2734375
08:00:47,912810UB2,TSRYS5810883,D,S,C,2024-07-19,10000.00,4.531291,101.2109375
08:00:47,912810UB2,TSRYS5810883,D,S,D,2024-07-19,1000000.00,4.522049,101.33203125
08:00:47,912810UB2,TSRYS5810883,D,S,T,2024-07-19,1000000.00,4.525923,101.28125
08:00:48,912810UB2,TSRYS5810883,D,S,D,2024-07-19,1000000.00,4.525625,101.28515625
08:00:48,912810UB2,TSRYS5810883,D,S,D,2024-07-19,1000000.00,4.525625,101.28515625
08:00:49,912810UB2,TSRYS5810883,D,S,T,2024-07-19,1000000.00,4.524731,101.296875
08:00:49,912810UB2,TSRYS5810883,D,S,T,2024-07-19,1000000.00,4.524731,101.296875
08:00:49,912810UB2,TSRYS5810883,D,S,T,2024-07-19,1000000.00,4.525923,101.28125
08:00:49,912810UB2,TSRYS5810883,D,S,T,2024-07-19,1000000.00,4.525923,101.28125
08:00:50,912810UB2,TSRYS5810883,D,S,T,2024-07-19,1000000.00,4.525923,101.28125
08:00:50,912810UB2,TSRYS5810883,D,S,T,2024-07-19,2000000.00,4.522347,101.328125
08:00:50,912810UB2,TSRYS5810883,D,S,T,2024-07-19,1000000.00,4.524731,101.296875
08:00:50,912810UB2,TSRYS5810883,D,S,T,2024-07-19,1000000.00,4.524731,101.296875
08:00:50,912810UB2,TSRYS5810883,D,S,T,2024-07-19,4000000.00,4.524731,101.296875
08:00:51,912810UB2,TSRYS5810883,D,S,T,2024-07-19,1000000.00,4.524433,101.30078125
08:00:51,912810UB2,TSRYS5810883,D,S,T,2024-07-19,1000000.00,4.524731,101.296875
08:00:51,912810UB2,TSRYS5810883,D,S,T,2024-07-19,1000000.00,4.525923,101.28125
08:00:51,912810UB2,TSRYS5810883,D,S,T,2024-07-19,2000000.00,4.526519,101.2734375
08:00:51,912810UB2,TSRYS5810883,D,S,T,2024-07-19,1000000.00,4.525923,101.28125
08:00:52,912810UB2,TSRYS5810883,D,S,D,2024-07-19,1000000.00,4.53547,101.15625
08:00:52,912810UB2,TSRYS5810883,D,S,D,2024-07-19,1000000.00,4.528905,101.2421875
08:00:52,912810UB2,TSRYS5810883,D,S,D,2024-07-19,1000000.00,4.533977,101.17578125
08:00:52,912810UB2,TSRYS5810883,D,B,C,2024-07-19,1900000.00,4.530695,101.21875
08:00:53,912810UB2,TSRYS5810883,D,S,T,2024-07-19,2000000.00,4.524731,101.296875
08:00:53,912810UB2,TSRYS5810883,D,S,T,2024-07-19,1000000.00,4.524731,101.296875
08:00:53,912810UB2,TSRYS5810883,D,S,D,2024-07-19,1000000.00,4.528905,101.2421875
08:00:53,912810UB2,TSRYS5810883,D,S,T,2024-07-19,1000000.00,4.525923,101.28125
08:00:54,912810UB2,TSRYS5810883,D,S,T,2024-07-19,1000000.00,4.525923,101.28125
08:00:54,912810UB2,TSRYS5810883,D,S,T,2024-07-19,1000000.00,4.524731,101.296875
08:00:54,912810UB2,TSRYS5810883,D,S,T,2024-07-19,1000000.00,4.524731,101.296875
08:00:54,912810UB2,TSRYS5810883,D,S,T,2024-07-19,4000000.00,4.528308,101.25
08:00:55,912810UB2,TSRYS5810883,D,S,T,2024-07-19,1000000.00,4.524731,101.296875
08:00:55,912810UB2,TSRYS5810883,D,S,D,2024-07-19,775000.00,4.516689,101.40234375
08:00:55,912810UB2,TSRYS5810883,D,S,T,2024-07-19,1000000.00,4.525923,101.28125
08:00:55,912810UB2,TSRYS5810883,D,S,C,2024-07-19,27000.00,4.523837,101.32711226852
08:00:56,912810UB2,TSRYS5810883,D,S,A,2024-07-19,60000.00,4.52406,101.305664062
08:00:56,912810UB2,TSRYS5810883,D,S,T,2024-07-19,2000000.00,4.522347,101.328125
08:00:56,912810UB2,TSRYS5810883,D,S,T,2024-07-19,3000000.00,4.522198,101.330078125
08:00:57,912810UB2,TSRYS5810883,D,S,T,2024-07-19,1000000.00,4.524731,101.296875
08:00:57,912810UB2,TSRYS5810883,D,S,T,2024-07-19,2000000.00,4.525923,101.28125
08:00:57,912810UB2,TSRYS5810883,D,S,T,2024-07-19,1000000.00,4.525923,101.28125
08:00:57,912810UB2,TSRYS5810883,D,S,A,2024-07-19,5000.00,4.521155,101.34375
08:00:59,912810UB2,TSRYS5810883,D,S,T,2024-07-19,1000000.00,4.524731,101.296875
08:00:59,912810UB2,TSRYS5810883,D,S,T,2024-07-19,1000000.00,4.529502,101.234375
08:00:59,912810UB2,TSRYS5810883,D,S,T,2024-07-19,2000000.00,4.525923,101.28125
08:01:00,912810UB2,TSRYS5810883,D,S,T,2024-07-19,1000000.00,4.529511,101.234245
08:01:00,912810UB2,TSRYS5810883,D,S,T,2024-07-19,1000000.00,4.528308,101.25
08:01:01,912810UB2,TSRYS5810883,D,S,D,2024-07-19,2000000.00,4.516987,101.3984375
08:01:01,912810UB2,TSRYS5810883,D,S,D,2024-07-19,1000000.00,4.516987,101.3984375
08:01:01,912810UB2,TSRYS5810883,D,S,D,2024-07-19,1000000.00,4.509253,101.5
08:01:01,912810UB2,TSRYS5810883,D,S,D,2024-07-19,1000000.00,4.511632,101.46875
08:01:01,912810UB2,TSRYS5810883,D,S,D,2024-07-19,1000000.00,4.517582,101.390625
08:01:01,912810UB2,TSRYS5810883,D,S,C,2024-07-19,1000000.00,4.530396,101.22265625
08:01:01,912810UB2,TSRYS5810883,D,S,C,2024-07-19,1000000.00,4.528308,101.25
08:01:01,912810UB2,TSRYS5810883,D,S,C,2024-07-19,1000000.00,4.528308,101.25
08:01:01,912810UB2,TSRYS5810883,D,S,C,2024-07-19,2000000.00,4.532187,101.19921875
08:01:01,912810UB2,TSRYS5810883,D,S,C,2024-07-19,1000000.00,4.530396,101.22265625
08:01:01,912810UB2,TSRYS5810883,D,S,C,2024-07-19,1000000.00,4.532187,101.19921875
08:01:01,912810UB2,TSRYS5810883,D,S,C,2024-07-19,1000000.00,4.532187,101.19921875
08:01:01,912810UB2,TSRYS5810883,D,S,C,2024-07-19,1000000.00,4.532187,101.19921875
08:01:01,912810UB2,TSRYS5810883,D,S,C,2024-07-19,1000000.00,4.532187,101.19921875
08:01:01,912810UB2,TSRYS5810883,D,B,C,2024-07-19,1000000.00,4.532187,101.19921875
08:01:01,912810UB2,TSRYS5810883,D,S,C,2024-07-19,1000000.00,4.533977,101.17578125
08:01:01,912810UB2,TSRYS5810883,D,S,C,2024-07-19,1000000.00,4.534276,101.171875
08:01:02,912810UB2,TSRYS5810883,D,B,C,2024-07-19,1000000.00,4.533977,101.17578125
08:01:02,912810UB2,TSRYS5810883,D,S,C,2024-07-19,1000000.00,4.532187,101.19921875
08:01:02,912810UB2,TSRYS5810883,D,S,D,2024-07-19,1000000.00,4.535769,101.15234375
08:01:02,912810UB2,TSRYS5810883,D,S,C,2024-07-19,1000000.00,4.534276,101.171875
08:01:02,912810UB2,TSRYS5810883,D,S,C,2024-07-19,1000000.00,4.533977,101.17578125
08:01:02,912810UB2,TSRYS5810883,D,S,D,2024-07-19,1000000.00,4.53547,101.15625
08:01:02,912810UB2,TSRYS5810883,D,S,C,2024-07-19,1000000.00,4.533977,101.17578125
08:01:02,912810UB2,TSRYS5810883,D,S,C,2024-07-19,1000000.00,4.533977,101.17578125
08:01:02,912810UB2,TSRYS5810883,D,S,C,2024-07-19,1000000.00,4.534276,101.171875
08:01:02,912810UB2,TSRYS5810883,D,S,C,2024-07-19,1000000.00,4.534276,101.171875
08:01:02,912810UB2,TSRYS5810883,D,S,C,2024-07-19,1000000.00,4.534276,101.171875
08:01:02,912810UB2,TSRYS5810883,D,S,C,2024-07-19,1000000.00,4.534276,101.171875
08:01:02,912810UB2,TSRYS5810883,D,S,C,2024-07-19,1000000.00,4.534276,101.171875
08:01:02,912810UB2,TSRYS5810883,D,S,C,2024-07-19,1000000.00,4.534276,101.171875
08:01:02,912810UB2,TSRYS5810883,D,S,C,2024-07-19,1000000.00,4.536366,101.14453125
08:01:02,912810UB2,TSRYS5810883,D,S,C,2024-07-19,1000000.00,4.536366,101.14453125
08:01:02,912810UB2,TSRYS5810883,D,S,C,2024-07-19,1000000.00,4.536366,101.14453125
08:01:02,912810UB2,TSRYS5810883,D,S,C,2024-07-19,1000000.00,4.536366,101.14453125
08:01:02,912810UB2,TSRYS5810883,D,B,C,2024-07-19,1000000.00,4.536366,101.14453125
08:01:02,912810UB2,TSRYS5810883,D,S,C,2024-07-19,1000000.00,4.536366,101.14453125
08:01:02,912810UB2,TSRYS5810883,D,B,C,2024-07-19,1000000.00,4.536366,101.14453125
08:01:02,912810UB2,TSRYS5810883,D,S,C,2024-07-19,1000000.00,4.536366,101.14453125
08:01:02,912810UB2,TSRYS5810883,D,S,C,2024-07-19,1000000.00,4.536366,101.14453125
08:01:02,912810UB2,TSRYS5810883,D,B,C,2024-07-19,1000000.00,4.536366,101.14453125
08:01:02,912810UB2,TSRYS5810883,D,S,C,2024-07-19,1000000.00,4.536366,101.14453125
08:01:02,912810UB2,TSRYS5810883,D,S,C,2024-07-19,1000000.00,4.536366,101.14453125
08:01:02,912810UB2,TSRYS5810883,D,S,C,2024-07-19,1000000.00,4.536366,101.14453125
08:01:02,912810UB2,TSRYS5810883,D,S,C,2024-07-19,1000000.00,4.536366,101.14453125
08:01:02,912810UB2,TSRYS5810883,D,S,C,2024-07-19,1000000.00,4.536366,101.14453125
08:01:02,912810UB2,TSRYS5810883,D,S,C,2024-07-19,1000000.00,4.536366,101.14453125
08:01:02,912810UB2,TSRYS5810883,D,S,C,2024-07-19,6000000.00,4.521106,101.34440104166
08:01:02,912810UB2,TSRYS5810883,D,S,C,2024-07-19,1000000.00,4.536366,101.14453125
08:01:02,912810UB2,TSRYS5810883,D,S,C,2024-07-19,1000000.00,4.536366,101.14453125
08:01:02,912810UB2,TSRYS5810883,D,S,C,2024-07-19,1000000.00,4.536366,101.14453125
08:01:02,912810UB2,TSRYS5810883,D,B,C,2024-07-19,1000000.00,4.536067,101.1484375
08:01:02,912810UB2,TSRYS5810883,D,S,C,2024-07-19,1000000.00,4.536067,101.1484375
08:01:02,912810UB2,TSRYS5810883,D,S,C,2024-07-19,1000000.00,4.536067,101.1484375
08:01:02,912810UB2,TSRYS5810883,D,B,C,2024-07-19,1000000.00,4.536366,101.14453125
08:01:02,912810UB2,TSRYS5810883,D,S,C,2024-07-19,1000000.00,4.536366,101.14453125
08:01:02,912810UB2,TSRYS5810883,D,S,C,2024-07-19,1000000.00,4.536067,101.1484375
08:01:02,912810UB2,TSRYS5810883,D,S,C,2024-07-19,1000000.00,4.536067,101.1484375
08:01:02,912810UB2,TSRYS5810883,D,S,C,2024-07-19,1000000.00,4.534276,101.171875
08:01:02,912810UB2,TSRYS5810883,D,S,C,2024-07-19,1000000.00,4.534276,101.171875
08:01:02,912810UB2,TSRYS5810883,D,S,C,2024-07-19,1000000.00,4.534575,101.16796875
08:01:02,912810UB2,TSRYS5810883,D,S,C,2024-07-19,1000000.00,4.534276,101.171875
08:01:02,912810UB2,TSRYS5810883,D,S,C,2024-07-19,1000000.00,4.533977,101.17578125
08:01:02,912810UB2,TSRYS5810883,D,S,C,2024-07-19,1000000.00,4.534276,101.171875
08:01:02,912810UB2,TSRYS5810883,D,S,C,2024-07-19,1000000.00,4.534276,101.171875
08:01:02,912810UB2,TSRYS5810883,D,S,C,2024-07-19,1000000.00,4.534276,101.171875
08:01:02,912810UB2,TSRYS5810883,D,S,C,2024-07-19,1000000.00,4.534276,101.171875
08:01:02,912810UB2,TSRYS5810883,D,B,C,2024-07-19,1000000.00,4.534276,101.171875
08:01:02,912810UB2,TSRYS5810883,D,S,C,2024-07-19,1000000.00,4.534276,101.171875
08:01:02,912810UB2,TSRYS5810883,D,S,C,2024-07-19,1000000.00,4.534276,101.171875
08:01:02,912810UB2,TSRYS5810883,D,S,C,2024-07-19,1000000.00,4.534575,101.16796875
08:01:02,912810UB2,TSRYS5810883,D,S,C,2024-07-19,1000000.00,4.533977,101.17578125
08:01:02,912810UB2,TSRYS5810883,D,B,C,2024-07-19,1000000.00,4.533977,101.17578125
08:01:02,912810UB2,TSRYS5810883,D,S,C,2024-07-19,1000000.00,4.533977,101.17578125
08:01:02,912810UB2,TSRYS5810883,D,B,C,2024-07-19,1000000.00,4.533977,101.17578125
08:01:02,912810UB2,TSRYS5810883,D,S,C,2024-07-19,1000000.00,4.528308,101.25
08:01:02,912810UB2,TSRYS5810883,D,S,C,2024-07-19,1000000.00,4.528308,101.25
08:01:02,912810UB2,TSRYS5810883,D,B,C,2024-07-19,1000000.00,4.528308,101.25
08:01:02,912810UB2,TSRYS5810883,D,S,C,2024-07-19,1000000.00,4.526221,101.27734375
08:01:02,912810UB2,TSRYS5810883,D,S,C,2024-07-19,1000000.00,4.526818,101.26953125
08:01:02,912810UB2,TSRYS5810883,D,S,C,2024-07-19,1000000.00,4.526519,101.2734375
08:01:02,912810UB2,TSRYS5810883,D,S,C,2024-07-19,1000000.00,4.528905,101.2421875
08:01:02,912810UB2,TSRYS5810883,D,S,C,2024-07-19,1000000.00,4.528607,101.24609375
08:01:03,912810UB2,TSRYS5810883,D,S,C,2024-07-19,1000000.00,4.523837,101.30859375
08:01:03,912810UB2,TSRYS5810883,D,S,C,2024-07-19,1000000.00,4.523539,101.3125
08:01:03,912810UB2,TSRYS5810883,D,B,C,2024-07-19,1000000.00,4.523837,101.30859375
08:01:03,912810UB2,TSRYS5810883,D,S,C,2024-07-19,1000000.00,4.512524,101.45703125
08:01:03,912810UB2,TSRYS5810883,D,B,C,2024-07-19,1000000.00,4.512524,101.45703125
08:01:03,912810UB2,TSRYS5810883,D,S,C,2024-07-19,1000000.00,4.514904,101.42578125
08:01:03,912810UB2,TSRYS5810883,D,B,C,2024-07-19,1000000.00,4.514904,101.42578125
08:01:03,912810UB2,TSRYS5810883,D,S,C,2024-07-19,1000000.00,4.521155,101.34375
08:01:03,912810UB2,TSRYS5810883,D,B,C,2024-07-19,1000000.00,4.521155,101.34375
08:01:03,912810UB2,TSRYS5810883,D,S,C,2024-07-19,1000000.00,4.519964,101.359375
08:01:03,912810UB2,TSRYS5810883,D,S,C,2024-07-19,1000000.00,4.519369,101.3671875
08:01:03,912810UB2,TSRYS5810883,D,S,C,2024-07-19,2000000.00,4.522943,101.3203125
08:01:03,912810UB2,TSRYS5810883,D,B,C,2024-07-19,2000000.00,4.522943,101.3203125
08:01:03,912810UB2,TSRYS5810883,D,S,C,2024-07-19,1000000.00,4.527116,101.265625
08:01:03,912810UB2,TSRYS5810883,D,S,C,2024-07-19,1000000.00,4.527116,101.265625
08:01:03,912810UB2,TSRYS5810883,D,B,C,2024-07-19,1000000.00,4.520858,101.34765625
08:01:03,912810UB2,TSRYS5810883,D,S,C,2024-07-19,1000000.00,4.520858,101.34765625
08:01:03,912810UB2,TSRYS5810883,D,S,D,2024-07-19,1000000.00,4.521155,101.34375
08:01:03,912810UB2,TSRYS5810883,D,B,C,2024-07-19,1000000.00,4.521155,101.34375
08:01:03,912810UB2,TSRYS5810883,D,S,D,2024-07-19,1000000.00,4.522049,101.33203125
08:01:03,912810UB2,TSRYS5810883,D,B,C,2024-07-19,1000000.00,4.528308,101.25
08:01:03,912810UB2,TSRYS5810883,D,S,C,2024-07-19,1000000.00,4.528308,101.25
08:01:04,912810UB2,TSRYS5810883,D,S,D,2024-07-19,1000000.00,4.525625,101.28515625
08:01:04,912810UB2,TSRYS5810883,D,S,C,2024-07-19,10000000.00,4.528308,101.25
08:01:04,912810UB2,TSRYS5810883,D,S,D,2024-07-19,1000000.00,4.525625,101.28515625
08:01:04,912810UB2,TSRYS5810883,D,S,C,2024-07-19,1000000.00,4.528905,101.2421875
08:01:05,912810UB2,TSRYS5810883,D,S,T,2024-07-19,1000000.00,4.524731,101.296875
08:01:05,912810UB2,TSRYS5810883,D,S,T,2024-07-19,1000000.00,4.525923,101.28125
08:01:06,912810UB2,TSRYS5810883,D,S,C,2024-07-19,155000.00,4.525625,101.28515625
08:01:06,912810UB2,TSRYS5810883,D,S,T,2024-07-19,1000000.00,4.522347,101.328125
08:01:06,912810UB2,TSRYS5810883,D,S,T,2024-07-19,1000000.00,4.524731,101.296875
08:01:06,912810UB2,TSRYS5810883,D,S,T,2024-07-19,1000000.00,4.524731,101.296875
08:01:06,912810UB2,TSRYS5810883,D,S,T,2024-07-19,4000000.00,4.524731,101.296875
08:01:06,912810UB2,TSRYS5810883,D,S,T,2024-07-19,1000000.00,4.524731,101.296875
08:01:07,912810UB2,TSRYS5810883,D,S,T,2024-07-19,1000000.00,4.525923,101.28125
08:01:07,912810UB2,TSRYS5810883,D,S,T,2024-07-19,1000000.00,4.525923,101.28125
08:01:07,912810UB2,TSRYS5810883,D,S,T,2024-07-19,1000000.00,4.525923,101.28125
08:01:07,912810UB2,TSRYS5810883,D,S,T,2024-07-19,1000000.00,4.526519,101.2734375
08:01:07,912810UB2,TSRYS5810883,D,S,T,2024-07-19,1000000.00,4.525923,101.28125
08:01:08,912810UB2,TSRYS5810883,D,S,C,2024-07-19,20000.00,4.527116,101.290625
08:01:08,912810UB2,TSRYS5810883,D,S,T,2024-07-19,1000000.00,4.528905,101.2421875
08:01:09,912810UB2,TSRYS5810883,D,S,D,2024-07-19,1000000.00,4.516987,101.3984375
08:01:09,912810UB2,TSRYS5810883,D,S,D,2024-07-19,2000000.00,4.516987,101.3984375
08:01:10,912810UB2,TSRYS5810883,D,S,T,2024-07-19,1000000.00,4.527116,101.265625
08:01:10,912810UB2,TSRYS5810883,D,S,T,2024-07-19,2000000.00,4.526967,101.267578125
08:01:10,912810UB2,TSRYS5810883,D,S,T,2024-07-19,1000000.00,4.516994,101.3983375
08:01:10,912810UB2,TSRYS5810883,D,S,T,2024-07-19,1000000.00,4.525923,101.28125
08:01:10,912810UB2,TSRYS5810883,D,S,T,2024-07-19,1000000.00,4.521759,101.3358375
08:01:10,912810UB2,TSRYS5810883,D,S,T,2024-07-19,1000000.00,4.525923,101.28125
08:01:10,912810UB2,TSRYS5810883,D,S,T,2024-07-19,1000000.00,4.516987,101.3984375
08:01:10,912810UB2,TSRYS5810883,D,S,T,2024-07-19,1000000.00,4.521751,101.3359375
08:01:11,912810UB2,TSRYS5810883,D,S,D,2024-07-19,1000000.00,4.5092,101.5007
08:01:11,912810UB2,TSRYS5810883,D,S,D,2024-07-19,1000000.00,4.511578,101.46945
08:01:11,912810UB2,TSRYS5810883,D,S,D,2024-07-19,1000000.00,4.513958,101.4382
08:01:11,912810UB2,TSRYS5810883,D,S,D,2024-07-19,1000000.00,4.517529,101.391325
08:01:11,912810UB2,TSRYS5810883,D,B,C,2024-07-19,2000000.00,4.522466,101.3265625
08:01:16,912810UB2,TSRYS5810883,D,S,A,2024-07-19,30000.00,4.527116,101.28229166667
08:01:18,912810UB2,TSRYS5810883,D,S,D,2024-07-19,1000000.00,4.516987,101.3984375
08:01:18,912810UB2,TSRYS5810883,D,S,C,2024-07-19,38200000.00,4.524731,101.296875
08:01:19,912810UB2,TSRYS5810883,D,S,T,2024-07-19,1000000.00,4.529352,101.236328125
08:01:20,912810UB2,TSRYS5810883,D,S,T,2024-07-19,1000000.00,4.52801,101.25390625
08:01:21,912810UB2,TSRYS5810883,D,S,T,2024-07-19,1000000.00,4.509253,101.5
08:01:21,912810UB2,TSRYS5810883,D,S,T,2024-07-19,1000000.00,4.509253,101.5
08:01:21,912810UB2,TSRYS5810883,D,S,T,2024-07-19,1000000.00,4.509253,101.5
08:01:21,912810UB2,TSRYS5810883,D,S,T,2024-07-19,1000000.00,4.509253,101.5
08:01:21,912810UB2,TSRYS5810883,D,S,D,2024-07-19,1000000.00,4.509253,101.5
08:01:21,912810UB2,TSRYS5810883,D,S,T,2024-07-19,1000000.00,4.509253,101.5
08:01:21,912810UB2,TSRYS5810883,D,S,D,2024-07-19,1000000.00,4.509253,101.5
08:01:21,912810UB2,TSRYS5810883,D,S,T,2024-07-19,1000000.00,4.509253,101.5
08:01:21,912810UB2,TSRYS5810883,D,S,T,2024-07-19,1000000.00,4.509253,101.5
08:01:21,912810UB2,TSRYS5810883,D,S,T,2024-07-19,1000000.00,4.509253,101.5
08:01:21,912810UB2,TSRYS5810883,D,S,T,2024-07-19,1000000.00,4.509264,101.49985
08:01:25,912810UB2,TSRYS5810883,D,S,D,2024-07-19,1000000.00,4.523837,101.30859375
08:01:26,912810UB2,TSRYS5810883,D,S,D,2024-07-19,1000000.00,4.535769,101.15234375
08:01:26,912810UB2,TSRYS5810883,D,S,D,2024-07-19,1000000.00,4.523688,101.31054687
08:01:27,912810UB2,TSRYS5810883,D,S,T,2024-07-19,1000000.00,4.533082,101.1875
08:01:27,912810UB2,TSRYS5810883,D,B,C,2024-07-19,1000000.00,4.515499,101.41796875
08:01:27,912810UB2,TSRYS5810883,D,S,T,2024-07-19,1000000.00,4.535769,101.15234375
08:01:27,912810UB2,TSRYS5810883,D,S,D,2024-07-19,1000000.00,4.53547,101.15625
08:01:27,912810UB2,TSRYS5810883,D,S,D,2024-07-19,1000000.00,4.535769,101.15234375
08:01:27,912810UB2,TSRYS5810883,D,S,D,2024-07-19,1000000.00,4.535769,101.15234375
08:01:27,912810UB2,TSRYS5810883,D,S,D,2024-07-19,1000000.00,4.533082,101.1875
08:01:27,912810UB2,TSRYS5810883,D,S,T,2024-07-19,1000000.00,4.535918,101.15039062
08:01:27,912810UB2,TSRYS5810883,D,S,C,2024-07-19,10000.00,4.533051,101.1879
08:01:27,912810UB2,TSRYS5810883,D,S,T,2024-07-19,1000000.00,4.528324,101.2498
08:01:28,912810UB2,TSRYS5810883,D,S,A,2024-07-19,2700000.00,4.527712,101.2578125
08:01:28,912810UB2,TSRYS5810883,D,S,D,2024-07-19,1000000.00,4.533231,101.18554687
08:01:28,912810UB2,TSRYS5810883,D,S,T,2024-07-19,1000000.00,4.535769,101.15234375
08:01:28,912810UB2,TSRYS5810883,D,S,D,2024-07-19,1000000.00,4.535918,101.15039062
08:01:29,912810UB2,TSRYS5810883,D,S,C,2024-07-19,1000000.00,4.528308,101.25
08:01:32,912810UB2,TSRYS5810883,D,B,A,2024-07-19,5000000.00,4.490259,101.75
08:01:32,912810UB2,TSRYS5810883,D,S,D,2024-07-19,10000.00,,101.1879
08:01:32,912810UB2,TSRYS5810883,D,S,A,2024-07-19,740000.00,4.525625,101.28515625
08:01:32,912810UB2,TSRYS5810883,D,B,A,2024-07-19,1180000.00,4.525029,101.29296875
08:01:32,912810UB2,TSRYS5810883,D,B,A,2024-07-19,60000.00,4.525327,101.2890625
08:01:32,912810UB2,TSRYS5810883,D,S,D,2024-07-19,1000000.00,4.533082,101.1875
08:01:32,912810UB2,TSRYS5810883,D,S,C,2024-07-19,1000000.00,4.527414,101.26171875
08:01:33,912810UB2,TSRYS5810883,D,S,D,2024-07-19,1000000.00,4.535172,101.16015625
08:01:34,912810UB2,TSRYS5810883,D,S,T,2024-07-19,1000000.00,4.528756,101.24414062
08:01:34,912810UB2,TSRYS5810883,D,S,D,2024-07-19,1000000.00,4.533082,101.1875
08:01:35,912810UB2,TSRYS5810883,D,S,T,2024-07-19,1000000.00,4.53562,101.15429687
08:01:35,912810UB2,TSRYS5810883,D,S,D,2024-07-19,1000000.00,4.535918,101.15039062
08:01:35,912810UB2,TSRYS5810883,D,S,C,2024-07-19,1000000.00,4.506875,101.53125
08:01:35,912810UB2,TSRYS5810883,D,S,D,2024-07-19,1000000.00,4.530695,101.21875
08:01:36,912810UB2,TSRYS5810883,D,S,C,2024-07-19,1000000.00,4.509253,101.5
08:01:36,912810UB2,TSRYS5810883,D,S,D,2024-07-19,1000000.00,4.53547,101.15625
08:01:36,912810UB2,TSRYS5810883,D,S,D,2024-07-19,1000000.00,4.533082,101.1875
08:01:36,912810UB2,TSRYS5810883,D,S,C,2024-07-19,1000000.00,4.53338,101.18359375
08:01:37,912810UB2,TSRYS5810883,D,S,D,2024-07-19,1000000.00,4.535918,101.15039062
08:01:37,912810UB2,TSRYS5810883,D,S,D,2024-07-19,1000000.00,4.535321,101.15820312
08:01:37,912810UB2,TSRYS5810883,D,S,A,2024-07-19,500000.00,4.528308,101.25
08:01:37,912810UB2,TSRYS5810883,D,S,T,2024-07-19,1000000.00,4.528324,101.2498
08:01:37,912810UB2,TSRYS5810883,D,S,A,2024-07-19,5000.00,4.524731,101.296875
08:01:38,912810UB2,TSRYS5810883,D,S,C,2024-07-19,1000000.00,4.528607,101.24609375
08:01:39,912810UB2,TSRYS5810883,D,S,D,2024-07-19,1000000.00,4.537411,101.13085937
08:01:39,912810UB2,TSRYS5810883,D,S,D,2024-07-19,1000000.00,4.53562,101.15429687
08:01:39,912810UB2,TSRYS5810883,D,S,D,2024-07-19,1000000.00,4.535918,101.15039062
08:01:40,912810UB2,TSRYS5810883,D,B,C,2024-07-19,1000000.00,4.509253,101.5
08:01:40,912810UB2,TSRYS5810883,D,S,C,2024-07-19,1000000.00,4.509253,101.5
08:01:40,912810UB2,TSRYS5810883,D,S,D,2024-07-19,1000000.00,4.53547,101.15625
08:01:42,912810UB2,TSRYS5810883,D,S,C,2024-07-19,1000000.00,4.528756,101.24414062
08:01:42,912810UB2,TSRYS5810883,D,B,C,2024-07-19,55000.00,4.525327,101.2890625
08:01:42,912810UB2,TSRYS5810883,D,S,D,2024-07-19,1000000.00,4.531142,101.21289062
08:01:43,912810UB2,TSRYS5810883,D,S,T,2024-07-19,1000000.00,4.53547,101.15625
08:01:44,912810UB2,TSRYS5810883,D,S,C,2024-07-19,1000000.00,4.536963,101.13671875
08:01:45,912810UB2,TSRYS5810883,D,S,D,2024-07-19,1000000.00,4.524135,101.3046875
08:01:45,912810UB2,TSRYS5810883,D,S,D,2024-07-19,1000000.00,4.535769,101.15234375
08:01:45,912810UB2,TSRYS5810883,D,S,C,2024-07-19,5000000.00,4.516637,101.40303
08:01:45,912810UB2,TSRYS5810883,D,S,D,2024-07-19,25000000.00,4.532416,101.19622
08:01:45,912810UB2,TSRYS5810883,D,S,C,2024-07-19,5000000.00,4.527795,101.25673
08:01:45,912810UB2,TSRYS5810883,D,S,T,2024-07-19,1000000.00,4.524135,101.3046875
08:01:48,912810UB2,TSRYS5810883,D,S,D,2024-07-19,1000000.00,4.53547,101.15625
08:01:48,912810UB2,TSRYS5810883,D,S,C,2024-07-19,1000000.00,4.512821,101.453125
08:01:50,912810UB2,TSRYS5810883,D,S,D,2024-07-19,1000000.00,4.530546,101.22070312
08:01:50,912810UB2,TSRYS5810883,D,S,T,2024-07-19,1000000.00,4.528324,101.2498
08:01:51,912810UB2,TSRYS5810883,D,B,C,2024-07-19,1000000.00,4.528159,101.25195312
08:01:51,912810UB2,TSRYS5810883,D,S,T,2024-07-19,1000000.00,4.528308,101.25
08:01:52,912810UB2,TSRYS5810883,D,S,T,2024-07-19,1000000.00,4.528607,101.24609375
08:01:52,912810UB2,TSRYS5810883,D,S,D,2024-07-19,1000000.00,4.528756,101.24414062
08:01:53,912810UB2,TSRYS5810883,D,S,D,2024-07-19,1000000.00,4.524135,101.3046875
08:01:53,912810UB2,TSRYS5810883,D,S,D,2024-07-19,5000000.00,4.51704,101.3977375
08:01:53,912810UB2,TSRYS5810883,D,S,C,2024-07-19,5000000.00,4.52801,101.25391
08:01:53,912810UB2,TSRYS5810883,D,S,C,2024-07-19,7000000.00,4.510338,101.48574
08:01:53,912810UB2,TSRYS5810883,D,S,D,2024-07-19,1000000.00,4.533082,101.1875
08:01:53,912810UB2,TSRYS5810883,D,S,D,2024-07-19,1000000.00,4.535918,101.15039062
08:01:54,912810UB2,TSRYS5810883,D,S,T,2024-07-19,1000000.00,4.524135,101.3046875
08:01:54,912810UB2,TSRYS5810883,D,S,C,2024-07-19,1000000.00,4.535769,101.15234375
08:01:55,912810UB2,TSRYS5810883,D,B,C,2024-07-19,1000000.00,4.514011,101.4375
08:01:55,912810UB2,TSRYS5810883,D,S,D,2024-07-19,1000000.00,4.514011,101.4375
08:01:55,912810UB2,TSRYS5810883,D,S,C,2024-07-19,30000.00,4.527414,101.27838541667
08:01:55,912810UB2,TSRYS5810883,D,S,D,2024-07-19,1000000.00,4.533082,101.1875
08:01:55,912810UB2,TSRYS5810883,D,S,D,2024-07-19,1000000.00,4.53547,101.15625
08:01:56,912810UB2,TSRYS5810883,D,S,C,2024-07-19,10000.00,4.533051,101.2379
08:01:56,912810UB2,TSRYS5810883,D,S,C,2024-07-19,1000000.00,4.531142,101.21289062
08:01:56,912810UB2,TSRYS5810883,D,S,D,2024-07-19,1000000.00,4.533231,101.18554687
08:01:56,912810UB2,TSRYS5810883,D,S,T,2024-07-19,1000000.00,4.533231,101.18554687
08:01:56,912810UB2,TSRYS5810883,D,S,D,2024-07-19,1000000.00,4.535769,101.15234375
08:01:56,912810UB2,TSRYS5810883,D,S,D,2024-07-19,1000000.00,4.535769,101.15234375
08:01:57,912810UB2,TSRYS5810883,D,S,T,2024-07-19,1000000.00,4.524135,101.3046875
08:01:57,912810UB2,TSRYS5810883,D,S,D,2024-07-19,1000000.00,4.537411,101.13085937
08:01:59,912810UB2,TSRYS5810883,D,S,D,2024-07-19,1000000.00,4.533082,101.1875
08:01:59,912810UB2,TSRYS5810883,D,S,D,2024-07-19,1000000.00,4.53562,101.15429687
08:01:59,912810UB2,TSRYS5810883,D,S,C,2024-07-19,1000000.00,4.535918,101.15039062
08:02:00,912810UB2,TSRYS5810883,D,S,C,2024-07-19,1000000.00,4.516392,101.40625
08:02:00,912810UB2,TSRYS5810883,D,B,C,2024-07-19,1000000.00,4.516407,101.40605
08:02:00,912810UB2,TSRYS5810883,D,S,D,2024-07-19,1000000.00,4.516392,101.40625
08:02:00,912810UB2,TSRYS5810883,D,B,C,2024-07-19,1000000.00,4.512836,101.452925
08:02:00,912810UB2,TSRYS5810883,D,B,C,2024-07-19,1000000.00,4.511645,101.468575
08:02:00,912810UB2,TSRYS5810883,D,S,D,2024-07-19,1000000.00,4.511632,101.46875
08:02:00,912810UB2,TSRYS5810883,D,S,D,2024-07-19,1000000.00,4.512821,101.453125
08:02:00,912810UB2,TSRYS5810883,D,S,D,2024-07-19,1000000.00,4.512821,101.453125
08:02:01,912810UB2,TSRYS5810883,D,B,C,2024-07-19,1000000.00,4.511647,101.46855
08:02:01,912810UB2,TSRYS5810883,D,B,C,2024-07-19,1000000.00,4.512836,101.452925
08:02:01,912810UB2,TSRYS5810883,D,S,D,2024-07-19,1000000.00,4.511632,101.46875
08:02:01,912810UB2,TSRYS5810883,D,S,C,2024-07-19,1000000.00,4.528308,101.25
08:02:01,912810UB2,TSRYS5810883,D,S,D,2024-07-19,1000000.00,4.53338,101.18359375
08:02:01,912810UB2,TSRYS5810883,D,S,T,2024-07-19,1000000.00,4.53547,101.15625
08:02:01,912810UB2,TSRYS5810883,D,B,C,2024-07-19,1000000.00,4.516392,101.40625
08:02:01,912810UB2,TSRYS5810883,D,S,C,2024-07-19,1000000.00,4.516378,101.406425
08:02:01,912810UB2,TSRYS5810883,D,S,C,2024-07-19,1000000.00,4.515186,101.422075
08:02:01,912810UB2,TSRYS5810883,D,B,C,2024-07-19,1000000.00,4.516392,101.40625
08:02:02,912810UB2,TSRYS5810883,D,S,C,2024-07-19,1000000.00,4.515186,101.422075
08:02:02,912810UB2,TSRYS5810883,D,S,D,2024-07-19,1000000.00,4.535321,101.15820312
08:02:02,912810UB2,TSRYS5810883,D,S,C,2024-07-19,1000000.00,4.516392,101.40625
08:02:02,912810UB2,TSRYS5810883,D,S,D,2024-07-19,1000000.00,4.516392,101.40625
08:02:02,912810UB2,TSRYS5810883,D,S,C,2024-07-19,1000000.00,4.516378,101.406425
08:02:02,912810UB2,TSRYS5810883,D,S,C,2024-07-19,1000000.00,4.516378,101.406425
08:02:02,912810UB2,TSRYS5810883,D,S,C,2024-07-19,1000000.00,4.516392,101.40625
08:02:02,912810UB2,TSRYS5810883,D,S,C,2024-07-19,1000000.00,4.515201,101.421875
08:02:02,912810UB2,TSRYS5810883,D,B,C,2024-07-19,1000000.00,4.515201,101.421875
08:02:02,912810UB2,TSRYS5810883,D,S,D,2024-07-19,1000000.00,4.515201,101.421875
08:02:02,912810UB2,TSRYS5810883,D,S,T,2024-07-19,1000000.00,4.528324,101.2498
08:02:03,912810UB2,TSRYS5810883,D,S,C,2024-07-19,1000000.00,4.513996,101.4377
08:02:03,912810UB2,TSRYS5810883,D,S,C,2024-07-19,1000000.00,4.513996,101.4377
08:02:03,912810UB2,TSRYS5810883,D,S,D,2024-07-19,1000000.00,4.528159,101.25195312
08:02:03,912810UB2,TSRYS5810883,D,B,C,2024-07-19,1000000.00,4.514024,101.437325
08:02:04,912810UB2,TSRYS5810883,D,S,C,2024-07-19,1000000.00,4.535769,101.15234375
08:02:04,912810UB2,TSRYS5810883,D,S,C,2024-07-19,1000000.00,4.528607,101.24609375
08:02:04,912810UB2,TSRYS5810883,D,S,C,2024-07-19,1000000.00,4.536963,101.13671875
08:02:04,912810UB2,TSRYS5810883,D,B,C,2024-07-19,2000000.00,4.506893,101.531023
08:02:04,912810UB2,TSRYS5810883,D,S,C,2024-07-19,2000000.00,4.506875,101.53125
08:02:04,912810UB2,TSRYS5810883,D,B,C,2024-07-19,1000000.00,4.504516,101.562273
08:02:04,912810UB2,TSRYS5810883,D,S,C,2024-07-19,1000000.00,4.504499,101.5625
08:02:05,912810UB2,TSRYS5810883,D,B,C,2024-07-19,1000000.00,4.503328,101.577898
08:02:05,912810UB2,TSRYS5810883,D,S,D,2024-07-19,1000000.00,4.530695,101.21875
08:02:05,912810UB2,TSRYS5810883,D,S,C,2024-07-19,1000000.00,4.503311,101.578125
08:02:05,912810UB2,TSRYS5810883,D,S,D,2024-07-19,2000.00,4.525327,101.2890625
08:02:05,912810UB2,TSRYS5810883,D,S,D,2024-07-19,1000000.00,4.535769,101.15234375
08:02:05,912810UB2,TSRYS5810883,D,S,D,2024-07-19,1000000.00,4.504499,101.5625
08:02:05,912810UB2,TSRYS5810883,D,S,C,2024-07-19,1000000.00,4.504499,101.5625
08:02:05,912810UB2,TSRYS5810883,D,B,C,2024-07-19,1000000.00,4.504516,101.562273
08:02:05,912810UB2,TSRYS5810883,D,B,C,2024-07-19,1000000.00,4.504516,101.562273
08:02:06,912810UB2,TSRYS5810883,D,S,T,2024-07-19,1000000.00,4.528159,101.25195312
08:02:06,912810UB2,TSRYS5810883,D,B,C,2024-07-19,1000000.00,4.505698,101.546725
08:02:06,912810UB2,TSRYS5810883,D,S,C,2024-07-19,1000000.00,4.505672,101.547075
08:02:06,912810UB2,TSRYS5810883,D,S,C,2024-07-19,1000000.00,4.505687,101.546875
08:02:06,912810UB2,TSRYS5810883,D,S,C,2024-07-19,1000000.00,4.528458,101.24804687
08:02:06,912810UB2,TSRYS5810883,D,B,C,2024-07-19,1000000.00,4.505698,101.546725
08:02:07,912810UB2,TSRYS5810883,D,S,D,2024-07-19,1000000.00,4.52637,101.27539062
08:02:07,912810UB2,TSRYS5810883,D,S,T,2024-07-19,1000000.00,4.526519,101.2734375
08:02:07,912810UB2,TSRYS5810883,D,S,T,2024-07-19,1000000.00,4.526519,101.2734375
08:02:07,912810UB2,TSRYS5810883,D,S,D,2024-07-19,1000000.00,4.520113,101.35742187
08:02:07,912810UB2,TSRYS5810883,D,S,D,2024-07-19,1000000.00,4.520113,101.35742187
08:02:07,912810UB2,TSRYS5810883,D,S,D,2024-07-19,1000000.00,4.520113,101.35742187
08:02:07,912810UB2,TSRYS5810883,D,S,D,2024-07-19,1000000.00,4.520113,101.35742187
08:02:07,912810UB2,TSRYS5810883,D,S,D,2024-07-19,1000000.00,4.520113,101.35742187
08:02:07,912810UB2,TSRYS5810883,D,S,D,2024-07-19,1000000.00,4.520113,101.35742187
08:02:07,912810UB2,TSRYS5810883,D,S,D,2024-07-19,1000000.00,4.520113,101.35742187
08:02:07,912810UB2,TSRYS5810883,D,S,D,2024-07-19,1000000.00,4.520113,101.35742187
08:02:07,912810UB2,TSRYS5810883,D,S,T,2024-07-19,1000000.00,4.519964,101.359375
08:02:07,912810UB2,TSRYS5810883,D,S,D,2024-07-19,1000000.00,4.519964,101.359375
08:02:07,912810UB2,TSRYS5810883,D,S,D,2024-07-19,1000000.00,4.519964,101.359375
08:02:07,912810UB2,TSRYS5810883,D,S,D,2024-07-19,1000000.00,4.520113,101.35742187
08:02:07,912810UB2,TSRYS5810883,D,S,D,2024-07-19,1000000.00,4.520113,101.35742187
08:02:07,912810UB2,TSRYS5810883,D,S,D,2024-07-19,1000000.00,4.520113,101.35742187
08:02:07,912810UB2,TSRYS5810883,D,S,D,2024-07-19,1000000.00,4.520113,101.35742187
08:02:07,912810UB2,TSRYS5810883,D,S,D,2024-07-19,1000000.00,4.520113,101.35742187
08:02:07,912810UB2,TSRYS5810883,D,S,D,2024-07-19,1000000.00,4.520113,101.35742187
08:02:07,912810UB2,TSRYS5810883,D,S,D,2024-07-19,1000000.00,4.520113,101.35742187
08:02:09,912810UB2,TSRYS5810883,D,S,D,2024-07-19,1000000.00,4.524135,101.3046875
08:02:10,912810UB2,TSRYS5810883,D,S,D,2024-07-19,1000000.00,4.521751,101.3359375
08:02:10,912810UB2,TSRYS5810883,D,B,C,2024-07-19,1000000.00,4.520858,101.34765625
08:02:10,912810UB2,TSRYS5810883,D,S,D,2024-07-19,1000000.00,4.521304,101.34179687
08:02:10,912810UB2,TSRYS5810883,D,S,D,2024-07-19,1000000.00,4.521304,101.34179687
08:02:10,912810UB2,TSRYS5810883,D,B,C,2024-07-19,1000000.00,4.520709,101.34960937
08:02:10,912810UB2,TSRYS5810883,D,S,D,2024-07-19,1000000.00,4.518326,101.38085937
08:02:10,912810UB2,TSRYS5810883,D,S,D,2024-07-19,1000000.00,4.518326,101.38085937
08:02:10,912810UB2,TSRYS5810883,D,S,D,2024-07-19,1000000.00,4.518326,101.38085937
08:02:11,912810UB2,TSRYS5810883,D,S,D,2024-07-19,1000000.00,4.518029,101.38476562
08:02:11,912810UB2,TSRYS5810883,D,S,D,2024-07-19,1000000.00,4.518029,101.38476562
08:02:11,912810UB2,TSRYS5810883,D,S,D,2024-07-19,1000000.00,4.518178,101.3828125
08:02:11,912810UB2,TSRYS5810883,D,S,D,2024-07-19,1000000.00,4.518178,101.3828125
08:02:11,912810UB2,TSRYS5810883,D,S,D,2024-07-19,1000000.00,4.518178,101.3828125
08:02:11,912810UB2,TSRYS5810883,D,S,D,2024-07-19,1000000.00,4.518178,101.3828125
08:02:11,912810UB2,TSRYS5810883,D,S,D,2024-07-19,1000000.00,4.518178,101.3828125
08:02:11,912810UB2,TSRYS5810883,D,S,D,2024-07-19,1000000.00,4.518178,101.3828125
08:02:11,912810UB2,TSRYS5810883,D,S,D,2024-07-19,1000000.00,4.518178,101.3828125
08:02:11,912810UB2,TSRYS5810883,D,S,D,2024-07-19,1000000.00,4.518178,101.3828125
08:02:11,912810UB2,TSRYS5810883,D,S,D,2024-07-19,1000000.00,4.518178,101.3828125
08:02:11,912810UB2,TSRYS5810883,D,S,D,2024-07-19,1000000.00,4.518178,101.3828125
08:02:11,912810UB2,TSRYS5810883,D,S,D,2024-07-19,1000000.00,4.518178,101.3828125
08:02:11,912810UB2,TSRYS5810883,D,S,D,2024-07-19,1000000.00,4.518178,101.3828125
08:02:11,912810UB2,TSRYS5810883,D,S,D,2024-07-19,1000000.00,4.518178,101.3828125
08:02:11,912810UB2,TSRYS5810883,D,S,D,2024-07-19,1000000.00,4.518178,101.3828125
08:02:11,912810UB2,TSRYS5810883,D,S,D,2024-07-19,1000000.00,4.518178,101.3828125
08:02:11,912810UB2,TSRYS5810883,D,S,D,2024-07-19,1000000.00,4.518178,101.3828125
08:02:11,912810UB2,TSRYS5810883,D,S,D,2024-07-19,1000000.00,4.518326,101.38085937
08:02:11,912810UB2,TSRYS5810883,D,S,D,2024-07-19,1000000.00,4.518326,101.38085937
08:02:11,912810UB2,TSRYS5810883,D,S,D,2024-07-19,1000000.00,4.518326,101.38085937
08:02:11,912810UB2,TSRYS5810883,D,S,D,2024-07-19,1000000.00,4.518326,101.38085937
08:02:11,912810UB2,TSRYS5810883,D,S,D,2024-07-19,1000000.00,4.518326,101.38085937
08:02:11,912810UB2,TSRYS5810883,D,S,D,2024-07-19,1000000.00,4.518326,101.38085937
08:02:11,912810UB2,TSRYS5810883,D,S,D,2024-07-19,1000000.00,4.518326,101.38085937
08:02:11,912810UB2,TSRYS5810883,D,S,D,2024-07-19,1000000.00,4.518326,101.38085937
08:02:11,912810UB2,TSRYS5810883,D,S,D,2024-07-19,1000000.00,4.518326,101.38085937
08:02:11,912810UB2,TSRYS5810883,D,S,C,2024-07-19,1000000.00,4.518326,101.38085937
08:02:11,912810UB2,TSRYS5810883,D,S,D,2024-07-19,1000000.00,4.518326,101.38085937
08:02:11,912810UB2,TSRYS5810883,D,S,D,2024-07-19,1000000.00,4.515945,101.41210937
08:02:12,912810UB2,TSRYS5810883,D,S,D,2024-07-19,1000000.00,4.516094,101.41015625
08:02:12,912810UB2,TSRYS5810883,D,S,D,2024-07-19,1000000.00,4.515945,101.41210937
08:02:13,912810UB2,TSRYS5810883,D,S,D,2024-07-19,1000000.00,4.512821,101.453125
08:02:13,912810UB2,TSRYS5810883,D,B,C,2024-07-19,38000000.00,4.519063,101.3712
08:02:13,912810UB2,TSRYS5810883,D,S,C,2024-07-19,38000000.00,4.514156,101.4356
08:02:13,912810UB2,TSRYS5810883,D,S,T,2024-07-19,1000000.00,4.519964,101.359375
08:02:13,912810UB2,TSRYS5810883,D,S,C,2024-07-19,1000000.00,4.519666,101.36328125
08:02:13,912810UB2,TSRYS5810883,D,S,C,2024-07-19,2000000.00,4.519815,101.36132812
08:02:14,912810UB2,TSRYS5810883,D,S,T,2024-07-19,1000000.00,4.519964,101.359375
08:02:14,912810UB2,TSRYS5810883,D,S,T,2024-07-19,2000000.00,4.519964,101.359375
08:02:14,912810UB2,TSRYS5810883,D,S,C,2024-07-19,2000000.00,4.521751,101.3359375
08:02:14,912810UB2,TSRYS5810883,D,S,C,2024-07-19,2000000.00,4.5219,101.33398437
08:02:14,912810UB2,TSRYS5810883,D,S,T,2024-07-19,1000000.00,4.522049,101.33203125
08:02:14,912810UB2,TSRYS5810883,D,S,D,2024-07-19,1000000.00,4.522049,101.33203125
08:02:14,912810UB2,TSRYS5810883,D,S,D,2024-07-19,1000000.00,4.522049,101.33203125
08:02:16,912810UB2,TSRYS5810883,D,S,A,2024-07-19,490000.00,4.52801,101.25390625
08:02:17,912810UB2,TSRYS5810883,D,S,D,2024-07-19,1000000.00,4.530396,101.22265625
08:02:17,912810UB2,TSRYS5810883,D,S,C,2024-07-19,1000000.00,4.524135,101.3046875
08:02:17,912810UB2,TSRYS5810883,D,S,C,2024-07-19,1000000.00,4.524135,101.3046875
08:02:17,912810UB2,TSRYS5810883,D,S,D,2024-07-19,1000000.00,4.524135,101.3046875
08:02:17,912810UB2,TSRYS5810883,D,S,D,2024-07-19,1000000.00,4.530396,101.22265625
08:02:18,912810UB2,TSRYS5810883,D,S,D,2024-07-19,1000000.00,4.530396,101.22265625
08:02:18,912810UB2,TSRYS5810883,D,S,D,2024-07-19,1000000.00,4.530396,101.22265625
08:02:18,912810UB2,TSRYS5810883,D,S,D,2024-07-19,1000000.00,4.530396,101.22265625
08:02:18,912810UB2,TSRYS5810883,D,B,C,2024-07-19,1000000.00,4.505698,101.546725
08:02:18,912810UB2,TSRYS5810883,D,S,D,2024-07-19,1000000.00,4.505687,101.546875
08:02:18,912810UB2,TSRYS5810883,D,B,C,2024-07-19,1000000.00,4.505698,101.546725
08:02:18,912810UB2,TSRYS5810883,D,S,C,2024-07-19,1000000.00,4.505672,101.547075
08:02:18,912810UB2,TSRYS5810883,D,S,D,2024-07-19,1000000.00,4.530396,101.22265625
08:02:18,912810UB2,TSRYS5810883,D,S,D,2024-07-19,1000000.00,4.530396,101.22265625
08:02:19,912810UB2,TSRYS5810883,D,S,D,2024-07-19,1000000.00,4.511632,101.46875
08:02:19,912810UB2,TSRYS5810883,D,B,C,2024-07-19,1000000.00,4.511647,101.46855
08:02:19,912810UB2,TSRYS5810883,D,S,D,2024-07-19,1000000.00,4.532784,101.19140625
08:02:19,912810UB2,TSRYS5810883,D,S,D,2024-07-19,1000000.00,4.532784,101.19140625
08:02:19,912810UB2,TSRYS5810883,D,S,D,2024-07-19,1000000.00,4.532784,101.19140625
08:02:19,912810UB2,TSRYS5810883,D,S,D,2024-07-19,1000000.00,4.532784,101.19140625
08:02:19,912810UB2,TSRYS5810883,D,S,D,2024-07-19,1000000.00,4.532784,101.19140625
08:02:20,912810UB2,TSRYS5810883,D,S,C,2024-07-19,1000000.00,4.509253,101.5
08:02:20,912810UB2,TSRYS5810883,D,B,C,2024-07-19,1000000.00,4.50927,101.499773
08:02:20,912810UB2,TSRYS5810883,D,S,T,2024-07-19,1000000.00,4.532336,101.19726562
08:02:20,912810UB2,TSRYS5810883,D,S,D,2024-07-19,1000000.00,4.530396,101.22265625
08:02:20,912810UB2,TSRYS5810883,D,S,A,2024-07-19,1000.00,4.526553,101.773
08:02:20,912810UB2,TSRYS5810883,D,B,C,2024-07-19,14000000.00,4.520982,101.34603
08:02:21,912810UB2,TSRYS5810883,D,S,T,2024-07-19,1000000.00,4.526967,101.267578125
08:02:21,912810UB2,TSRYS5810883,D,S,T,2024-07-19,1000000.00,4.527116,101.265625
08:02:21,912810UB2,TSRYS5810883,D,S,T,2024-07-19,1000000.00,4.527116,101.265625
08:02:21,912810UB2,TSRYS5810883,D,S,D,2024-07-19,1000000.00,4.526072,101.27929687
08:02:22,912810UB2,TSRYS5810883,D,S,C,2024-07-19,200000.00,4.520858,101.34765625
08:02:22,912810UB2,TSRYS5810883,D,S,D,2024-07-19,2000000.00,4.528905,101.2421875
08:02:23,912810UB2,TSRYS5810883,D,S,D,2024-07-19,1000000.00,4.509253,101.5
08:02:23,912810UB2,TSRYS5810883,D,B,C,2024-07-19,1000000.00,4.509253,101.5
08:02:23,912810UB2,TSRYS5810883,D,S,C,2024-07-19,1000000.00,4.528458,101.24804687
08:02:23,912810UB2,TSRYS5810883,D,S,D,2024-07-19,1000000.00,4.528458,101.24804687
08:02:23,912810UB2,TSRYS5810883,D,S,D,2024-07-19,1000000.00,4.528458,101.24804687
08:02:23,912810UB2,TSRYS5810883,D,B,C,2024-07-19,50MM+,4.531819,101.20403
08:02:23,912810UB2,TSRYS5810883,D,S,T,2024-07-19,1000000.00,4.529502,101.234375
08:02:24,912810UB2,TSRYS5810883,D,S,D,2024-07-19,1000000.00,4.528458,101.24804687
08:02:24,912810UB2,TSRYS5810883,D,S,C,2024-07-19,1000000.00,4.512821,101.453125
08:02:24,912810UB2,TSRYS5810883,D,B,C,2024-07-19,1000000.00,4.512839,101.452898
08:02:25,912810UB2,TSRYS5810883,D,B,C,2024-07-19,1000000.00,4.528308,101.25
08:02:25,912810UB2,TSRYS5810883,D,S,D,2024-07-19,1000000.00,4.528308,101.25
08:02:25,912810UB2,TSRYS5810883,D,S,D,2024-07-19,1000000.00,4.52801,101.25390625
08:02:25,912810UB2,TSRYS5810883,D,B,C,2024-07-19,1000000.00,4.52801,101.25390625
08:02:25,912810UB2,TSRYS5810883,D,S,D,2024-07-19,1000000.00,4.52801,101.25390625
08:02:25,912810UB2,TSRYS5810883,D,B,C,2024-07-19,1000000.00,4.52801,101.25390625
08:02:25,912810UB2,TSRYS5810883,D,S,D,2024-07-19,1000000.00,4.52801,101.25390625
08:02:25,912810UB2,TSRYS5810883,D,S,C,2024-07-19,1000000.00,4.515188,101.42205
08:02:25,912810UB2,TSRYS5810883,D,S,C,2024-07-19,1000000.00,4.515188,101.42205
08:02:25,912810UB2,TSRYS5810883,D,B,C,2024-07-19,1000000.00,4.528458,101.248046875
08:02:25,912810UB2,TSRYS5810883,D,S,D,2024-07-19,1000000.00,4.528458,101.248046875
08:02:26,912810UB2,TSRYS5810883,D,B,C,2024-07-19,1000000.00,4.515201,101.421875
08:02:26,912810UB2,TSRYS5810883,D,B,C,2024-07-19,1000000.00,4.527712,101.2578125
08:02:26,912810UB2,TSRYS5810883,D,S,D,2024-07-19,1000000.00,4.527712,101.2578125
08:02:26,912810UB2,TSRYS5810883,D,B,C,2024-07-19,1000000.00,4.515201,101.421875
08:02:26,912810UB2,TSRYS5810883,D,B,C,2024-07-19,20000.00,4.528342,101.25
08:02:26,912810UB2,TSRYS5810883,D,B,C,2024-07-19,1000000.00,4.527861,101.255859375
08:02:26,912810UB2,TSRYS5810883,D,S,D,2024-07-19,1000000.00,4.527861,101.255859375
08:02:26,912810UB2,TSRYS5810883,D,S,C,2024-07-19,1000000.00,4.515188,101.42205
08:02:29,912810UB2,TSRYS5810883,D,B,C,2024-07-19,1000000.00,4.525774,101.28320312
08:02:29,912810UB2,TSRYS5810883,D,B,C,2024-07-19,1000000.00,4.525923,101.28125
08:02:29,912810UB2,TSRYS5810883,D,B,C,2024-07-19,1000000.00,4.525774,101.28320312
08:02:30,912810UB2,TSRYS5810883,D,B,A,2024-07-19,9560000.00,4.527116,101.265625
08:02:30,912810UB2,TSRYS5810883,D,B,A,2024-07-19,22000.00,4.530131,101.2265625
08:02:31,912810UB2,TSRYS5810883,D,B,C,2024-07-19,1000000.00,4.525774,101.28320312
08:02:34,912810UB2,TSRYS5810883,D,B,C,2024-07-19,1000000.00,4.52832,101.24985
08:02:34,912810UB2,TSRYS5810883,D,S,D,2024-07-19,1000000.00,4.528308,101.25
08:02:34,912810UB2,TSRYS5810883,D,S,C,2024-07-19,1000000.00,4.528293,101.2502
08:02:34,912810UB2,TSRYS5810883,D,S,C,2024-07-19,1000000.00,4.528295,101.250175
08:02:34,912810UB2,TSRYS5810883,D,B,C,2024-07-19,1000000.00,4.52832,101.24985
08:02:35,912810UB2,TSRYS5810883,D,S,C,2024-07-19,1000000.00,4.528295,101.250175
08:02:35,912810UB2,TSRYS5810883,D,S,D,2024-07-19,9000000.00,4.525767,101.2833
08:02:38,912810UB2,TSRYS5810883,D,S,C,2024-07-19,1000000.00,4.528297,101.250152
08:02:38,912810UB2,TSRYS5810883,D,S,C,2024-07-19,1000000.00,4.528308,101.25
08:02:38,912810UB2,TSRYS5810883,D,S,C,2024-07-19,1000000.00,4.528286,101.2503
08:02:38,912810UB2,TSRYS5810883,D,S,C,2024-07-19,1000000.00,4.528286,101.2503
08:02:38,912810UB2,TSRYS5810883,D,S,D,2024-07-19,1000000.00,4.528159,101.251953125
08:02:38,912810UB2,TSRYS5810883,D,S,C,2024-07-19,1000000.00,4.528308,101.25
08:02:38,912810UB2,TSRYS5810883,D,S,C,2024-07-19,1000000.00,4.528756,101.244140625
08:02:39,912810UB2,TSRYS5810883,D,S,D,2024-07-19,1000000.00,4.529502,101.234375
08:02:39,912810UB2,TSRYS5810883,D,S,A,2024-07-19,1900000.00,4.524731,101.296875
08:02:42,912810UB2,TSRYS5810883,D,S,A,2024-07-19,700000.00,4.514892,101.42578125
08:02:42,912810UB2,TSRYS5810883,D,S,D,2024-07-19,1000000.00,4.53547,101.15625
08:02:43,912810UB2,TSRYS5810883,D,S,D,2024-07-19,1000000.00,4.531888,101.203125
08:02:44,912810UB2,TSRYS5810883,D,S,D,2024-07-19,1000000.00,4.531888,101.203125
08:02:44,912810UB2,TSRYS5810883,D,S,C,2024-07-19,1000000.00,4.533082,101.1875
08:02:44,912810UB2,TSRYS5810883,D,S,C,2024-07-19,1000000.00,4.533082,101.1875
08:02:44,912810UB2,TSRYS5810883,D,S,D,2024-07-19,1000000.00,4.533082,101.1875
08:02:44,912810UB2,TSRYS5810883,D,S,D,2024-07-19,1000000.00,4.533231,101.185546875
08:02:44,912810UB2,TSRYS5810883,D,S,C,2024-07-19,1000000.00,4.533082,101.1875
08:02:44,912810UB2,TSRYS5810883,D,S,C,2024-07-19,1000000.00,4.533082,101.1875
08:02:44,912810UB2,TSRYS5810883,D,S,C,2024-07-19,1000000.00,4.533082,101.1875
08:02:45,912810UB2,TSRYS5810883,D,S,D,2024-07-19,1000000.00,4.533977,101.17578125
08:02:45,912810UB2,TSRYS5810883,D,S,D,2024-07-19,1000000.00,4.533828,101.177734375
08:02:45,912810UB2,TSRYS5810883,D,S,D,2024-07-19,1000000.00,4.533828,101.177734375
08:02:45,912810UB2,TSRYS5810883,D,S,D,2024-07-19,1000000.00,4.533977,101.17578125
08:02:45,912810UB2,TSRYS5810883,D,S,D,2024-07-19,1000000.00,4.53547,101.15625
08:02:45,912810UB2,TSRYS5810883,D,S,D,2024-07-19,1000000.00,4.535769,101.15234375
08:02:46,912810UB2,TSRYS5810883,D,S,A,2024-07-19,20000.00,4.509848,101.4921875
08:02:47,912810UB2,TSRYS5810883,D,S,D,2024-07-19,1000000.00,4.527116,101.265625
08:02:48,912810UB2,TSRYS5810883,D,S,C,2024-07-19,1000000.00,4.527116,101.265625
08:02:49,912810UB2,TSRYS5810883,D,B,C,2024-07-19,1000000.00,4.527116,101.265625
08:02:49,912810UB2,TSRYS5810883,D,S,D,2024-07-19,1000000.00,4.527116,101.265625
08:02:51,912810UB2,TSRYS5810883,D,S,C,2024-07-19,1000000.00,4.525923,101.28125
08:02:51,912810UB2,TSRYS5810883,D,B,C,2024-07-19,1000000.00,4.525938,101.28105
08:02:52,912810UB2,TSRYS5810883,D,S,D,2024-07-19,1000000.00,4.53562,101.154296875
08:02:52,912810UB2,TSRYS5810883,D,S,D,2024-07-19,1000000.00,4.535769,101.15234375
08:02:52,912810UB2,TSRYS5810883,D,S,C,2024-07-19,1000000.00,4.536515,101.142578125
08:02:52,912810UB2,TSRYS5810883,D,S,C,2024-07-19,1000000.00,4.536366,101.14453125
08:02:52,912810UB2,TSRYS5810883,D,S,C,2024-07-19,1000000.00,4.535918,101.150390625
08:02:52,912810UB2,TSRYS5810883,D,B,C,2024-07-19,1000000.00,4.534276,101.171875
08:02:52,912810UB2,TSRYS5810883,D,S,D,2024-07-19,1000000.00,4.534276,101.171875
08:02:52,912810UB2,TSRYS5810883,D,S,D,2024-07-19,1000000.00,4.53547,101.15625
08:02:56,912810UB2,TSRYS5810883,D,S,C,2024-07-19,1000000.00,4.527116,101.265625
08:02:56,912810UB2,TSRYS5810883,D,S,D,2024-07-19,1000000.00,4.527116,101.265625
08:02:56,912810UB2,TSRYS5810883,D,B,C,2024-07-19,1000000.00,4.527131,101.265425
08:02:56,912810UB2,TSRYS5810883,D,S,C,2024-07-19,1000000.00,4.527116,101.265625
08:02:56,912810UB2,TSRYS5810883,D,B,C,2024-07-19,1000000.00,4.52832,101.24985
08:02:56,912810UB2,TSRYS5810883,D,S,A,2024-07-19,50000.00,4.524422,101.30078125
08:02:56,912810UB2,TSRYS5810883,D,S,C,2024-07-19,1000000.00,4.528308,101.25
08:02:56,912810UB2,TSRYS5810883,D,S,A,2024-07-19,1000.00,4.524433,101.30078125
08:02:56,912810UB2,TSRYS5810883,D,S,D,2024-07-19,1000000.00,4.528308,101.25
08:02:56,912810UB2,TSRYS5810883,D,B,C,2024-07-19,1000000.00,4.52832,101.249848
08:02:56,912810UB2,TSRYS5810883,D,S,A,2024-07-19,610000.00,4.519964,101.359375
08:02:56,912810UB2,TSRYS5810883,D,S,A,2024-07-19,1500.00,4.523241,101.31640625
08:02:56,912810UB2,TSRYS5810883,D,S,T,2024-07-19,1000000.00,4.529502,101.234375
08:02:56,912810UB2,TSRYS5810883,D,S,D,2024-07-19,1000000.00,4.529502,101.234375
08:02:56,912810UB2,TSRYS5810883,D,S,D,2024-07-19,11000000.00,4.509471,101.49714
08:02:56,912810UB2,TSRYS5810883,D,S,A,2024-07-19,5000.00,4.520262,101.35546875
08:02:56,912810UB2,TSRYS5810883,D,S,T,2024-07-19,1000000.00,4.529502,101.234375
08:02:57,912810UB2,TSRYS5810883,D,S,D,2024-07-19,1000000.00,4.525923,101.28125
08:03:00,912810UB2,TSRYS5810883,D,S,C,2024-07-19,1000000.00,4.527116,101.265625
08:03:00,912810UB2,TSRYS5810883,D,S,C,2024-07-19,1000000.00,4.528308,101.25
08:03:01,912810UB2,TSRYS5810883,D,S,C,2024-07-19,1000000.00,4.529502,101.234375
08:03:01,912810UB2,TSRYS5810883,D,S,A,2024-07-19,30000.00,4.512214,101.4609375
08:03:01,912810UB2,TSRYS5810883,D,S,A,2024-07-19,20000.00,4.512524,101.45703125
08:03:02,912810UB2,TSRYS5810883,D,S,A,2024-07-19,20000.00,4.508051,101.515625
08:03:02,912810UB2,TSRYS5810883,D,S,D,2024-07-19,1000000.00,4.530546,101.220703125
08:03:02,912810UB2,TSRYS5810883,D,S,T,2024-07-19,1000000.00,4.530695,101.21875
08:03:02,912810UB2,TSRYS5810883,D,S,D,2024-07-19,1000000.00,4.530098,101.2265625
08:03:02,912810UB2,TSRYS5810883,D,S,C,2024-07-19,1000000.00,4.530098,101.2265625
08:03:02,912810UB2,TSRYS5810883,D,B,C,2024-07-19,1000000.00,4.522362,101.327925
08:03:02,912810UB2,TSRYS5810883,D,B,C,2024-07-19,1000000.00,4.522362,101.327925
08:03:02,912810UB2,TSRYS5810883,D,S,C,2024-07-19,1000000.00,4.522336,101.328275
08:03:02,912810UB2,TSRYS5810883,D,S,C,2024-07-19,1000000.00,4.522336,101.328275
08:03:02,912810UB2,TSRYS5810883,D,S,C,2024-07-19,1000000.00,4.522336,101.328275
08:03:02,912810UB2,TSRYS5810883,D,S,C,2024-07-19,1000000.00,4.522336,101.328275
08:03:02,912810UB2,TSRYS5810883,D,B,C,2024-07-19,1000000.00,4.522347,101.328125
08:03:02,912810UB2,TSRYS5810883,D,S,D,2024-07-19,1000000.00,4.530098,101.2265625
08:03:02,912810UB2,TSRYS5810883,D,B,C,2024-07-19,1000000.00,4.522362,101.327925
08:03:02,912810UB2,TSRYS5810883,D,S,C,2024-07-19,1000000.00,4.522336,101.328275
08:03:02,912810UB2,TSRYS5810883,D,S,C,2024-07-19,1000000.00,4.524731,101.296875
08:03:02,912810UB2,TSRYS5810883,D,B,C,2024-07-19,1000000.00,4.524731,101.296875
08:03:04,912810UB2,TSRYS5810883,D,S,C,2024-07-19,1000000.00,4.527116,101.265625
08:03:05,912810UB2,TSRYS5810883,D,B,C,2024-07-19,1000000.00,4.517596,101.39045
08:03:05,912810UB2,TSRYS5810883,D,S,C,2024-07-19,1000000.00,4.517567,101.390825
08:03:05,912810UB2,TSRYS5810883,D,B,C,2024-07-19,1000000.00,4.517582,101.390625
08:03:05,912810UB2,TSRYS5810883,D,S,C,2024-07-19,1000000.00,4.517567,101.390825
08:03:05,912810UB2,TSRYS5810883,D,S,T,2024-07-19,1000000.00,4.518783,101.37487
08:03:07,912810UB2,TSRYS5810883,D,S,D,2024-07-19,1000000.00,4.515201,101.421875
08:03:07,912810UB2,TSRYS5810883,D,B,C,2024-07-19,1000000.00,4.512836,101.452925
08:03:07,912810UB2,TSRYS5810883,D,S,C,2024-07-19,1000000.00,4.51281,101.453275
08:03:07,912810UB2,TSRYS5810883,D,S,C,2024-07-19,1000000.00,4.51281,101.453275
08:03:07,912810UB2,TSRYS5810883,D,B,C,2024-07-19,1000000.00,4.512836,101.452925
08:03:07,912810UB2,TSRYS5810883,D,S,C,2024-07-19,1000000.00,4.51281,101.453275
08:03:07,912810UB2,TSRYS5810883,D,B,C,2024-07-19,1000000.00,4.512821,101.453125
08:03:07,912810UB2,TSRYS5810883,D,B,C,2024-07-19,1000000.00,4.512821,101.453125
08:03:07,912810UB2,TSRYS5810883,D,S,C,2024-07-19,1000000.00,4.512821,101.453125
08:03:08,912810UB2,TSRYS5810883,D,S,C,2024-07-19,1000000.00,4.512821,101.453125
08:03:08,912810UB2,TSRYS5810883,D,S,C,2024-07-19,1000000.00,4.51281,101.453275
08:03:08,912810UB2,TSRYS5810883,D,S,A,2024-07-19,5000000.00,4.522932,101.3203125
08:03:08,912810UB2,TSRYS5810883,D,B,C,2024-07-19,1000000.00,4.512836,101.452925
08:03:08,912810UB2,TSRYS5810883,D,B,C,2024-07-19,1000000.00,4.510457,101.484175
08:03:08,912810UB2,TSRYS5810883,D,S,C,2024-07-19,1000000.00,4.510431,101.484525
08:03:08,912810UB2,TSRYS5810883,D,B,C,2024-07-19,1000000.00,4.510442,101.484375
08:03:08,912810UB2,TSRYS5810883,D,B,A,2024-07-19,750000.00,4.530684,101.21875
08:03:08,912810UB2,TSRYS5810883,D,B,C,2024-07-19,1000000.00,4.510442,101.484375
08:03:08,912810UB2,TSRYS5810883,D,S,C,2024-07-19,1000000.00,4.510442,101.484375
08:03:09,912810UB2,TSRYS5810883,D,S,C,2024-07-19,1000000.00,4.510442,101.484375
08:03:09,912810UB2,TSRYS5810883,D,S,D,2024-07-19,1000.00,4.526553,101.273
08:03:11,912810UB2,TSRYS5810883,D,S,A,2024-07-19,2000000.00,4.524422,101.30078125
08:03:11,912810UB2,TSRYS5810883,D,S,D,2024-07-19,1000000.00,4.508064,101.515625
08:03:11,912810UB2,TSRYS5810883,D,B,C,2024-07-19,1000000.00,4.508072,101.515525
08:03:11,912810UB2,TSRYS5810883,D,B,C,2024-07-19,1000000.00,4.525923,101.28125
08:03:11,912810UB2,TSRYS5810883,D,S,D,2024-07-19,1000000.00,4.525923,101.28125
08:03:11,912810UB2,TSRYS5810883,D,B,C,2024-07-19,1000000.00,4.523539,101.3125
08:03:11,912810UB2,TSRYS5810883,D,S,D,2024-07-19,1000000.00,4.523539,101.3125
08:03:11,912810UB2,TSRYS5810883,D,S,C,2024-07-19,1000000.00,4.525923,101.28125
08:03:11,912810UB2,TSRYS5810883,D,B,C,2024-07-19,1000000.00,4.525923,101.28125
08:03:11,912810UB2,TSRYS5810883,D,S,D,2024-07-19,10000.00,4.531291,101.2109375
08:03:13,912810UB2,TSRYS5810883,D,S,A,2024-07-19,1000000.00,4.521155,101.34375
08:03:16,912810UB2,TSRYS5810883,D,S,C,2024-07-19,1000000.00,4.509253,101.5
08:03:16,912810UB2,TSRYS5810883,D,B,C,2024-07-19,1000000.00,4.530396,101.22265625
08:03:16,912810UB2,TSRYS5810883,D,S,C,2024-07-19,1000000.00,4.527116,101.265625
08:03:18,912810UB2,TSRYS5810883,D,S,D,2024-07-19,1000000.00,4.508064,101.515625
08:03:18,912810UB2,TSRYS5810883,D,B,C,2024-07-19,1000000.00,4.508076,101.515475
08:03:19,912810UB2,TSRYS5810883,D,S,C,2024-07-19,1000000.00,4.510442,101.484375
08:03:19,912810UB2,TSRYS5810883,D,B,C,2024-07-19,1000000.00,4.512836,101.452925
08:03:19,912810UB2,TSRYS5810883,D,S,C,2024-07-19,1000000.00,4.512808,101.4533
08:03:26,912810UB2,TSRYS5810883,D,S,C,2024-07-19,1000000.00,4.51876,101.375175
08:03:26,912810UB2,TSRYS5810883,D,B,C,2024-07-19,1000000.00,4.518773,101.375
08:03:26,912810UB2,TSRYS5810883,D,B,C,2024-07-19,1000000.00,4.518773,101.375
08:03:26,912810UB2,TSRYS5810883,D,S,C,2024-07-19,1000000.00,4.518773,101.375
08:03:26,912810UB2,TSRYS5810883,D,S,C,2024-07-19,1000000.00,4.518773,101.375
08:03:26,912810UB2,TSRYS5810883,D,S,C,2024-07-19,1000000.00,4.51876,101.375175
08:03:26,912810UB2,TSRYS5810883,D,S,D,2024-07-19,1000000.00,4.518773,101.375
08:03:26,912810UB2,TSRYS5810883,D,S,C,2024-07-19,1000000.00,4.518773,101.375
08:03:27,912810UB2,TSRYS5810883,D,S,D,2024-07-19,1000000.00,4.522347,101.328125
08:03:27,912810UB2,TSRYS5810883,D,B,C,2024-07-19,1000000.00,4.521155,101.34375
08:03:27,912810UB2,TSRYS5810883,D,S,C,2024-07-19,1000000.00,4.521142,101.343925
08:03:27,912810UB2,TSRYS5810883,D,S,C,2024-07-19,1000000.00,4.522334,101.3283
08:03:28,912810UB2,TSRYS5810883,D,B,C,2024-07-19,1000000.00,4.524731,101.296875
08:03:28,912810UB2,TSRYS5810883,D,S,D,2024-07-19,1000000.00,4.524731,101.296875
08:03:29,912810UB2,TSRYS5810883,D,B,C,2024-07-19,1000000.00,4.530546,101.22070312
08:03:29,912810UB2,TSRYS5810883,D,B,C,2024-07-19,1000000.00,4.519977,101.3592
08:03:29,912810UB2,TSRYS5810883,D,S,C,2024-07-19,1000000.00,4.519964,101.359375
08:03:30,912810UB2,TSRYS5810883,D,S,C,2024-07-19,1000000.00,4.519964,101.359375
08:03:32,912810UB2,TSRYS5810883,D,S,C,2024-07-19,1000000.00,4.521142,101.343925
08:03:33,912810UB2,TSRYS5810883,D,S,D,2024-07-19,1000000.00,4.527116,101.265625
08:03:33,912810UB2,TSRYS5810883,D,S,C,2024-07-19,1000000.00,4.5271,101.265825
08:03:34,912810UB2,TSRYS5810883,D,S,C,2024-07-19,1000000.00,4.527102,101.2658
08:03:34,912810UB2,TSRYS5810883,D,B,C,2024-07-19,1000000.00,4.527116,101.265625
08:03:34,912810UB2,TSRYS5810883,D,S,A,2024-07-19,1000000.00,4.507767,101.51953125
08:03:36,912810UB2,TSRYS5810883,D,S,D,2024-07-19,1000000.00,4.521155,101.34375
08:03:36,912810UB2,TSRYS5810883,D,S,D,2024-07-19,1000000.00,4.521155,101.34375
08:03:36,912810UB2,TSRYS5810883,D,B,C,2024-07-19,1000000.00,4.521155,101.34375
08:03:36,912810UB2,TSRYS5810883,D,S,D,2024-07-19,1000000.00,4.521155,101.34375
08:03:36,912810UB2,TSRYS5810883,D,S,D,2024-07-19,1000000.00,4.521155,101.34375
08:03:36,912810UB2,TSRYS5810883,D,B,C,2024-07-19,1000000.00,4.521171,101.34355
08:03:36,912810UB2,TSRYS5810883,D,B,C,2024-07-19,1000000.00,4.521171,101.34355
08:03:36,912810UB2,TSRYS5810883,D,S,D,2024-07-19,1000000.00,4.521155,101.34375
08:03:36,912810UB2,TSRYS5810883,D,B,C,2024-07-19,1000000.00,4.521167,101.343598
08:03:36,912810UB2,TSRYS5810883,D,S,D,2024-07-19,1000000.00,4.521155,101.34375
08:03:36,912810UB2,TSRYS5810883,D,S,C,2024-07-19,2000000.00,4.52233,101.32835
08:03:36,912810UB2,TSRYS5810883,D,S,C,2024-07-19,1000000.00,4.52233,101.32835
08:03:36,912810UB2,TSRYS5810883,D,S,C,2024-07-19,1000000.00,4.52233,101.32835
08:03:36,912810UB2,TSRYS5810883,D,B,C,2024-07-19,1000000.00,4.522347,101.328125
08:03:37,912810UB2,TSRYS5810883,D,S,C,2024-07-19,4000000.00,4.523522,101.312725
08:03:37,912810UB2,TSRYS5810883,D,B,C,2024-07-19,4000000.00,4.52355,101.31235
08:03:37,912810UB2,TSRYS5810883,D,S,C,2024-07-19,1000000.00,4.527099,101.26585
08:03:37,912810UB2,TSRYS5810883,D,S,C,2024-07-19,2000000.00,4.527099,101.26585
08:03:37,912810UB2,TSRYS5810883,D,B,C,2024-07-19,2000000.00,4.527131,101.265425
08:03:37,912810UB2,TSRYS5810883,D,B,C,2024-07-19,1000000.00,4.527131,101.265425
08:03:37,912810UB2,TSRYS5810883,D,B,C,2024-07-19,1000000.00,4.525937,101.281075
08:03:37,912810UB2,TSRYS5810883,D,S,C,2024-07-19,1000000.00,4.525923,101.28125
08:03:37,912810UB2,TSRYS5810883,D,B,C,2024-07-19,1000000.00,4.52832,101.24985
08:03:38,912810UB2,TSRYS5810883,D,S,C,2024-07-19,1000000.00,4.528293,101.2502
08:03:38,912810UB2,TSRYS5810883,D,S,C,2024-07-19,1000000.00,4.528293,101.2502
08:03:38,912810UB2,TSRYS5810883,D,B,C,2024-07-19,1000000.00,4.52832,101.24985
08:03:39,912810UB2,TSRYS5810883,D,S,D,2024-07-19,1000000.00,4.531739,101.205078125
08:03:39,912810UB2,TSRYS5810883,D,S,D,2024-07-19,1000000.00,4.524731,101.296875
08:03:41,912810UB2,TSRYS5810883,D,B,C,2024-07-19,1000000.00,4.516392,101.40625
08:03:41,912810UB2,TSRYS5810883,D,S,D,2024-07-19,1000000.00,4.516392,101.40625
08:03:41,912810UB2,TSRYS5810883,D,B,C,2024-07-19,1000000.00,4.521167,101.343598
08:03:41,912810UB2,TSRYS5810883,D,S,C,2024-07-19,1000000.00,4.521155,101.34375
08:03:41,912810UB2,TSRYS5810883,D,S,C,2024-07-19,1000000.00,4.521138,101.343975
08:03:41,912810UB2,TSRYS5810883,D,B,C,2024-07-19,1000000.00,4.521155,101.34375
08:03:41,912810UB2,TSRYS5810883,D,B,C,2024-07-19,1000000.00,4.521155,101.34375
08:03:41,912810UB2,TSRYS5810883,D,S,C,2024-07-19,1000000.00,4.521138,101.343975
08:03:42,912810UB2,TSRYS5810883,D,S,A,2024-07-19,400000.00,4.516094,101.41015625
08:03:43,912810UB2,TSRYS5810883,D,S,C,2024-07-19,1000000.00,4.522332,101.328325
08:03:43,912810UB2,TSRYS5810883,D,B,C,2024-07-19,1000000.00,4.523552,101.312325
08:03:43,912810UB2,TSRYS5810883,D,S,C,2024-07-19,1000000.00,4.523539,101.3125
08:03:43,912810UB2,TSRYS5810883,D,S,C,2024-07-19,1000000.00,4.522332,101.328325
08:03:43,912810UB2,TSRYS5810883,D,B,C,2024-07-19,1000000.00,4.52236,101.32795
08:03:44,912810UB2,TSRYS5810883,D,S,C,2024-07-19,1000000.00,4.52114,101.34395
08:03:44,912810UB2,TSRYS5810883,D,S,D,2024-07-19,1000000.00,4.519954,101.359505
08:03:44,912810UB2,TSRYS5810883,D,B,C,2024-07-19,1000000.00,4.519979,101.359175
08:03:47,912810UB2,TSRYS5810883,D,S,D,2024-07-19,1000000.00,4.517582,101.390625
08:03:47,912810UB2,TSRYS5810883,D,B,C,2024-07-19,3000000.00,4.517582,101.390625
08:03:47,912810UB2,TSRYS5810883,D,B,C,2024-07-19,1000000.00,4.517597,101.390425
08:03:47,912810UB2,TSRYS5810883,D,S,C,2024-07-19,3000000.00,4.517565,101.39085
08:03:47,912810UB2,TSRYS5810883,D,S,C,2024-07-19,1000000.00,4.517565,101.39085
08:03:47,912810UB2,TSRYS5810883,D,B,C,2024-07-19,1000000.00,4.517582,101.390625
08:03:47,912810UB2,TSRYS5810883,D,S,D,2024-07-19,1000000.00,4.517582,101.390625
08:03:47,912810UB2,TSRYS5810883,D,B,C,2024-07-19,1000000.00,4.516405,101.406075
08:03:47,912810UB2,TSRYS5810883,D,S,C,2024-07-19,1000000.00,4.516392,101.40625
08:03:51,912810UB2,TSRYS5810883,D,B,C,2024-07-19,1000000.00,4.515201,101.421875
08:03:51,912810UB2,TSRYS5810883,D,S,C,2024-07-19,1000000.00,4.515186,101.422075
08:03:51,912810UB2,TSRYS5810883,D,B,C,2024-07-19,1000000.00,4.515201,101.421875
08:03:51,912810UB2,TSRYS5810883,D,S,C,2024-07-19,1000000.00,4.515186,101.422075
08:03:51,912810UB2,TSRYS5810883,D,S,D,2024-07-19,1000000.00,4.514011,101.4375
08:03:51,912810UB2,TSRYS5810883,D,B,C,2024-07-19,1000000.00,4.514011,101.4375
08:03:51,912810UB2,TSRYS5810883,D,B,C,2024-07-19,1000000.00,4.512821,101.453125
08:03:51,912810UB2,TSRYS5810883,D,S,C,2024-07-19,1000000.00,4.512821,101.453125
08:03:51,912810UB2,TSRYS5810883,D,B,C,2024-07-19,1000000.00,4.512821,101.453125
08:03:51,912810UB2,TSRYS5810883,D,S,C,2024-07-19,1000000.00,4.512821,101.453125
08:03:51,912810UB2,TSRYS5810883,D,S,C,2024-07-19,1000000.00,4.512821,101.453125
08:03:51,912810UB2,TSRYS5810883,D,S,D,2024-07-19,1000000.00,4.512821,101.453125
08:03:51,912810UB2,TSRYS5810883,D,B,C,2024-07-19,1000000.00,4.512836,101.452925
08:03:52,912810UB2,TSRYS5810883,D,B,C,2024-07-19,1000000.00,4.510442,101.484375
08:03:52,912810UB2,TSRYS5810883,D,S,C,2024-07-19,1000000.00,4.510442,101.484375
08:03:52,912810UB2,TSRYS5810883,D,S,D,2024-07-19,1000000.00,4.509253,101.5
08:03:52,912810UB2,TSRYS5810883,D,B,C,2024-07-19,1000000.00,4.509253,101.5
08:03:53,912810UB2,TSRYS5810883,D,S,C,2024-07-19,1000000.00,4.509236,101.500227
08:03:53,912810UB2,TSRYS5810883,D,B,C,2024-07-19,1000000.00,4.509253,101.5
08:03:53,912810UB2,TSRYS5810883,D,S,C,2024-07-19,1000000.00,4.509236,101.500227
08:03:53,912810UB2,TSRYS5810883,D,B,C,2024-07-19,1000000.00,4.50927,101.499775
08:03:53,912810UB2,TSRYS5810883,D,B,C,2024-07-19,1000000.00,4.509268,101.4998
08:03:53,912810UB2,TSRYS5810883,D,S,D,2024-07-19,1000000.00,4.509253,101.5
08:03:54,912810UB2,TSRYS5810883,D,S,D,2024-07-19,1000000.00,4.509253,101.5
08:03:54,912810UB2,TSRYS5810883,D,S,D,2024-07-19,1000000.00,4.509253,101.5
08:03:54,912810UB2,TSRYS5810883,D,S,C,2024-07-19,1000000.00,4.509253,101.5
08:03:55,912810UB2,TSRYS5810883,D,S,D,2024-07-19,1000000.00,4.509253,101.5
08:03:55,912810UB2,TSRYS5810883,D,S,D,2024-07-19,1000000.00,4.509253,101.5
08:03:55,912810UB2,TSRYS5810883,D,S,D,2024-07-19,1000000.00,4.509253,101.5
08:03:55,912810UB2,TSRYS5810883,D,S,D,2024-07-19,1000000.00,4.509253,101.5
08:03:55,912810UB2,TSRYS5810883,D,S,D,2024-07-19,1000000.00,4.509253,101.5
08:03:55,912810UB2,TSRYS5810883,D,S,T,2024-07-19,1000000.00,4.528308,101.25
08:03:58,912810UB2,TSRYS5810883,D,B,C,2024-07-19,1000000.00,4.518773,101.375
08:03:58,912810UB2,TSRYS5810883,D,S,C,2024-07-19,1000000.00,4.518758,101.3752
08:03:58,912810UB2,TSRYS5810883,D,S,C,2024-07-19,1000000.00,4.518758,101.3752
08:03:58,912810UB2,TSRYS5810883,D,S,D,2024-07-19,1000000.00,4.518773,101.375
08:03:58,912810UB2,TSRYS5810883,D,B,C,2024-07-19,1000000.00,4.518773,101.375
08:03:58,912810UB2,TSRYS5810883,D,B,C,2024-07-19,1000000.00,4.518773,101.375
08:03:58,912810UB2,TSRYS5810883,D,S,D,2024-07-19,1000000.00,4.518773,101.375
08:03:58,912810UB2,TSRYS5810883,D,B,C,2024-07-19,1000000.00,4.518788,101.3748
08:03:58,912810UB2,TSRYS5810883,D,S,D,2024-07-19,1000000.00,4.518773,101.375
08:03:58,912810UB2,TSRYS5810883,D,B,C,2024-07-19,1000000.00,4.518773,101.375
08:03:58,912810UB2,TSRYS5810883,D,S,D,2024-07-19,1000000.00,4.518773,101.375
08:03:58,912810UB2,TSRYS5810883,D,B,C,2024-07-19,2000000.00,4.519976,101.359225
08:03:58,912810UB2,TSRYS5810883,D,S,C,2024-07-19,2000000.00,4.519947,101.3596
08:03:59,912810UB2,TSRYS5810883,D,B,C,2024-07-19,1000000.00,4.521167,101.3436
08:03:59,912810UB2,TSRYS5810883,D,B,C,2024-07-19,1000000.00,4.521167,101.3436
08:03:59,912810UB2,TSRYS5810883,D,S,C,2024-07-19,1000000.00,4.52114,101.34395
08:03:59,912810UB2,TSRYS5810883,D,S,C,2024-07-19,1000000.00,4.521138,101.343975
08:03:59,912810UB2,TSRYS5810883,D,B,C,2024-07-19,2000000.00,4.521155,101.34375
08:03:59,912810UB2,TSRYS5810883,D,S,C,2024-07-19,1000000.00,4.521138,101.343975
08:03:59,912810UB2,TSRYS5810883,D,S,C,2024-07-19,2000000.00,4.521138,101.343975
08:03:59,912810UB2,TSRYS5810883,D,B,C,2024-07-19,1000000.00,4.521155,101.34375
08:03:59,912810UB2,TSRYS5810883,D,B,C,2024-07-19,1000000.00,4.521155,101.34375
08:03:59,912810UB2,TSRYS5810883,D,S,C,2024-07-19,1000000.00,4.521138,101.343975
08:03:59,912810UB2,TSRYS5810883,D,S,C,2024-07-19,3000000.00,4.521138,101.343975
08:03:59,912810UB2,TSRYS5810883,D,B,C,2024-07-19,3000000.00,4.521171,101.34355
08:03:59,912810UB2,TSRYS5810883,D,S,A,2024-07-19,2000000.00,4.527116,101.265625
08:03:59,912810UB2,TSRYS5810883,D,S,A,2024-07-19,1000000.00,4.527116,101.265625
08:03:59,912810UB2,TSRYS5810883,D,S,A,2024-07-19,5000000.00,4.527116,101.265625
08:03:59,912810UB2,TSRYS5810883,D,S,A,2024-07-19,1000000.00,4.527116,101.265625
08:03:59,912810UB2,TSRYS5810883,D,S,A,2024-07-19,1000000.00,4.527116,101.265625
08:03:59,912810UB2,TSRYS5810883,D,S,C,2024-07-19,1000000.00,4.512821,101.4533
08:03:59,912810UB2,TSRYS5810883,D,B,C,2024-07-19,1000000.00,4.512821,101.453125
08:03:59,912810UB2,TSRYS5810883,D,S,A,2024-07-19,1000000.00,4.527712,101.2578125
08:03:59,912810UB2,TSRYS5810883,D,S,A,2024-07-19,1000000.00,4.528308,101.25
08:03:59,912810UB2,TSRYS5810883,D,S,C,2024-07-19,1000000.00,4.512821,101.453125
08:03:59,912810UB2,TSRYS5810883,D,S,A,2024-07-19,1000000.00,4.527712,101.2578125
08:03:59,912810UB2,TSRYS5810883,D,S,A,2024-07-19,1000000.00,4.527712,101.2578125
08:03:59,912810UB2,TSRYS5810883,D,S,A,2024-07-19,1000000.00,4.528308,101.25
08:04:02,912810UB2,TSRYS5810883,D,S,C,2024-07-19,1000000.00,4.53338,101.18359375
08:04:02,912810UB2,TSRYS5810883,D,S,D,2024-07-19,1000000.00,4.53338,101.18359375
08:04:03,912810UB2,TSRYS5810883,D,B,C,2024-07-19,1000000.00,4.527127,101.265475
08:04:03,912810UB2,TSRYS5810883,D,S,C,2024-07-19,1000000.00,4.5271,101.265825
08:04:03,912810UB2,TSRYS5810883,D,B,C,2024-07-19,1000000.00,4.527127,101.265475
08:04:03,912810UB2,TSRYS5810883,D,B,C,2024-07-19,1000000.00,4.527127,101.265475
08:04:03,912810UB2,TSRYS5810883,D,B,C,2024-07-19,1000000.00,4.527127,101.265475
08:04:03,912810UB2,TSRYS5810883,D,S,D,2024-07-19,1000000.00,4.527116,101.265625
08:04:03,912810UB2,TSRYS5810883,D,S,C,2024-07-19,1000000.00,4.5271,101.265825
08:04:03,912810UB2,TSRYS5810883,D,S,C,2024-07-19,1000000.00,4.5271,101.265825
08:04:03,912810UB2,TSRYS5810883,D,S,D,2024-07-19,1000000.00,4.53338,101.18359375
08:04:03,912810UB2,TSRYS5810883,D,S,T,2024-07-19,1000000.00,4.533082,101.1875
08:04:05,912810UB2,TSRYS5810883,D,S,T,2024-07-19,1000000.00,4.534276,101.171875
08:04:06,912810UB2,TSRYS5810883,D,S,C,2024-07-19,1000000.00,4.52949,101.234525
08:04:07,912810UB2,TSRYS5810883,D,S,C,2024-07-19,1000000.00,4.533067,101.1877
08:04:07,912810UB2,TSRYS5810883,D,S,C,2024-07-19,1000000.00,4.533067,101.1877
08:04:07,912810UB2,TSRYS5810883,D,S,D,2024-07-19,1000000.00,4.533082,101.1875
08:04:07,912810UB2,TSRYS5810883,D,S,C,2024-07-19,1000000.00,4.533067,101.1877
08:04:10,912810UB2,TSRYS5810883,D,S,C,2024-07-19,1000000.00,4.518773,101.375175
08:04:10,912810UB2,TSRYS5810883,D,S,C,2024-07-19,1000000.00,4.518773,101.375
08:04:12,912810UB2,TSRYS5810883,D,S,C,2024-07-19,1000000.00,4.523539,101.312675
08:04:12,912810UB2,TSRYS5810883,D,B,C,2024-07-19,1000000.00,4.523539,101.3125
08:04:14,912810UB2,TSRYS5810883,D,S,D,2024-07-19,1000000.00,4.522347,101.328125
08:04:14,912810UB2,TSRYS5810883,D,S,D,2024-07-19,2000000.00,4.522347,101.328125
08:04:14,912810UB2,TSRYS5810883,D,S,D,2024-07-19,2000000.00,4.522347,101.328125
08:04:14,912810UB2,TSRYS5810883,D,B,C,2024-07-19,1000000.00,4.522347,101.328125
08:04:14,912810UB2,TSRYS5810883,D,S,D,2024-07-19,1000000.00,4.522347,101.328125
08:04:15,912810UB2,TSRYS5810883,D,S,D,2024-07-19,1000000.00,4.524731,101.296875
08:04:15,912810UB2,TSRYS5810883,D,S,C,2024-07-19,1000000.00,4.524731,101.296875
08:04:15,912810UB2,TSRYS5810883,D,S,C,2024-07-19,1000000.00,4.524731,101.296875
08:04:15,912810UB2,TSRYS5810883,D,S,C,2024-07-19,1000000.00,4.524731,101.296875
08:04:15,912810UB2,TSRYS5810883,D,S,C,2024-07-19,1000000.00,4.524731,101.296875
08:04:15,912810UB2,TSRYS5810883,D,S,C,2024-07-19,2000000.00,4.524731,101.296875
08:04:15,912810UB2,TSRYS5810883,D,S,C,2024-07-19,1000000.00,4.524731,101.296875
08:04:15,912810UB2,TSRYS5810883,D,S,D,2024-07-19,1000000.00,4.524731,101.296875
08:04:15,912810UB2,TSRYS5810883,D,S,C,2024-07-19,1000000.00,4.524731,101.296875
08:04:15,912810UB2,TSRYS5810883,D,S,C,2024-07-19,1000000.00,4.524731,101.296875
08:04:15,912810UB2,TSRYS5810883,D,S,C,2024-07-19,1000000.00,4.524731,101.296875
08:04:15,912810UB2,TSRYS5810883,D,S,C,2024-07-19,1000000.00,4.524731,101.296875
08:04:15,912810UB2,TSRYS5810883,D,S,C,2024-07-19,1000000.00,4.524719,101.297025
08:04:15,912810UB2,TSRYS5810883,D,S,D,2024-07-19,1000000.00,4.524731,101.296875
08:04:15,912810UB2,TSRYS5810883,D,S,D,2024-07-19,4000000.00,4.524731,101.296875
08:04:15,912810UB2,TSRYS5810883,D,S,D,2024-07-19,4000000.00,4.524731,101.296875
08:04:15,912810UB2,TSRYS5810883,D,S,D,2024-07-19,1000000.00,4.524731,101.296875
08:04:16,912810UB2,TSRYS5810883,D,B,C,2024-07-19,1000000.00,4.527131,101.265425
08:04:16,912810UB2,TSRYS5810883,D,B,C,2024-07-19,1000000.00,4.527116,101.265625
08:04:16,912810UB2,TSRYS5810883,D,B,C,2024-07-19,1000000.00,4.527116,101.265625
08:04:16,912810UB2,TSRYS5810883,D,S,D,2024-07-19,1000000.00,4.527102,101.265802
08:04:16,912810UB2,TSRYS5810883,D,S,D,2024-07-19,1000000.00,4.527102,101.265802
08:04:16,912810UB2,TSRYS5810883,D,S,D,2024-07-19,1000000.00,4.527102,101.265802
08:04:16,912810UB2,TSRYS5810883,D,S,D,2024-07-19,1000000.00,4.527102,101.265802
08:04:16,912810UB2,TSRYS5810883,D,S,D,2024-07-19,1000000.00,4.527102,101.265802
08:04:16,912810UB2,TSRYS5810883,D,S,D,2024-07-19,1000000.00,4.527102,101.265802
08:04:16,912810UB2,TSRYS5810883,D,S,D,2024-07-19,1000000.00,4.527102,101.265802
08:04:16,912810UB2,TSRYS5810883,D,B,C,2024-07-19,2000000.00,4.527116,101.265625
08:04:16,912810UB2,TSRYS5810883,D,S,D,2024-07-19,2000000.00,4.527102,101.265802
08:04:16,912810UB2,TSRYS5810883,D,B,C,2024-07-19,1000000.00,4.527131,101.265425
08:04:16,912810UB2,TSRYS5810883,D,S,D,2024-07-19,1000000.00,4.527102,101.265802
08:04:16,912810UB2,TSRYS5810883,D,S,C,2024-07-19,1000000.00,4.525923,101.28125
08:04:16,912810UB2,TSRYS5810883,D,S,D,2024-07-19,1000000.00,4.525923,101.28125
08:04:16,912810UB2,TSRYS5810883,D,S,C,2024-07-19,2000000.00,4.525923,101.28125
08:04:16,912810UB2,TSRYS5810883,D,S,C,2024-07-19,2000000.00,4.525923,101.28125
08:04:16,912810UB2,TSRYS5810883,D,S,D,2024-07-19,1000000.00,4.525923,101.28125
08:04:16,912810UB2,TSRYS5810883,D,S,C,2024-07-19,1000000.00,4.525908,101.28145
08:04:16,912810UB2,TSRYS5810883,D,S,D,2024-07-19,1000000.00,4.525923,101.28125
08:04:16,912810UB2,TSRYS5810883,D,S,C,2024-07-19,1000000.00,4.525923,101.28125
08:04:17,912810UB2,TSRYS5810883,D,S,C,2024-07-19,1000000.00,4.525923,101.28125
08:04:17,912810UB2,TSRYS5810883,D,S,D,2024-07-19,1000000.00,4.525923,101.28125
08:04:17,912810UB2,TSRYS5810883,D,S,D,2024-07-19,1000000.00,4.525923,101.28125
08:04:17,912810UB2,TSRYS5810883,D,S,D,2024-07-19,1000000.00,4.525923,101.28125
08:04:17,912810UB2,TSRYS5810883,D,S,C,2024-07-19,1000000.00,4.525923,101.28125
08:04:17,912810UB2,TSRYS5810883,D,S,D,2024-07-19,1000000.00,4.525923,101.28125
08:04:17,912810UB2,TSRYS5810883,D,S,D,2024-07-19,1000000.00,4.525923,101.28125
08:04:17,912810UB2,TSRYS5810883,D,S,D,2024-07-19,1000000.00,4.525923,101.28125
08:04:17,912810UB2,TSRYS5810883,D,S,D,2024-07-19,1000000.00,4.527116,101.265625
08:04:17,912810UB2,TSRYS5810883,D,S,C,2024-07-19,1000000.00,4.5271,101.265825
08:04:17,912810UB2,TSRYS5810883,D,S,C,2024-07-19,1000000.00,4.527116,101.265625
08:04:17,912810UB2,TSRYS5810883,D,S,D,2024-07-19,1000000.00,4.527116,101.265625
08:04:17,912810UB2,TSRYS5810883,D,S,D,2024-07-19,1000000.00,4.528295,101.250177
08:04:17,912810UB2,TSRYS5810883,D,B,C,2024-07-19,1000000.00,4.528308,101.25
08:04:17,912810UB2,TSRYS5810883,D,S,D,2024-07-19,1000000.00,4.528308,101.25
08:04:18,912810UB2,TSRYS5810883,D,B,C,2024-07-19,1000000.00,4.528308,101.25
08:04:18,912810UB2,TSRYS5810883,D,S,D,2024-07-19,1000000.00,4.528295,101.250177
08:04:18,912810UB2,TSRYS5810883,D,S,D,2024-07-19,1000000.00,4.529502,101.234375
08:04:18,912810UB2,TSRYS5810883,D,B,C,2024-07-19,1000000.00,4.528308,101.25
08:04:18,912810UB2,TSRYS5810883,D,S,D,2024-07-19,1000000.00,4.528308,101.25
08:04:18,912810UB2,TSRYS5810883,D,S,D,2024-07-19,1000000.00,4.528308,101.25
08:04:18,912810UB2,TSRYS5810883,D,B,C,2024-07-19,1000000.00,4.52832,101.24985
08:04:18,912810UB2,TSRYS5810883,D,S,D,2024-07-19,1000000.00,4.528308,101.25
08:04:18,912810UB2,TSRYS5810883,D,S,D,2024-07-19,1000000.00,4.528308,101.25
08:04:18,912810UB2,TSRYS5810883,D,S,D,2024-07-19,1000000.00,4.528308,101.25
08:04:18,912810UB2,TSRYS5810883,D,S,D,2024-07-19,1000000.00,4.528308,101.25
08:04:18,912810UB2,TSRYS5810883,D,S,D,2024-07-19,1000000.00,4.528308,101.25
08:04:18,912810UB2,TSRYS5810883,D,S,D,2024-07-19,1000000.00,4.528308,101.25
08:04:19,912810UB2,TSRYS5810883,D,S,D,2024-07-19,20000.00,4.527116,101.265625
08:04:19,912810UB2,TSRYS5810883,D,S,C,2024-07-19,1000000.00,4.528308,101.25
08:04:20,912810UB2,TSRYS5810883,D,S,D,2024-07-19,1000000.00,4.529502,101.234375
08:04:20,912810UB2,TSRYS5810883,D,S,D,2024-07-19,30000.00,4.527116,101.265625
08:04:20,912810UB2,TSRYS5810883,D,S,D,2024-07-19,1000000.00,4.529502,101.234375
08:04:20,912810UB2,TSRYS5810883,D,B,C,2024-07-19,1000000.00,4.529502,101.234375
08:04:20,912810UB2,TSRYS5810883,D,S,D,2024-07-19,1000000.00,4.529502,101.234375
08:04:20,912810UB2,TSRYS5810883,D,S,D,2024-07-19,1000000.00,4.529502,101.234375
08:04:21,912810UB2,TSRYS5810883,D,S,D,2024-07-19,1000000.00,4.525923,101.28125
08:04:21,912810UB2,TSRYS5810883,D,S,C,2024-07-19,1000000.00,4.525908,101.28145
08:04:21,912810UB2,TSRYS5810883,D,S,C,2024-07-19,1000000.00,4.525923,101.28125
08:04:21,912810UB2,TSRYS5810883,D,S,D,2024-07-19,1000000.00,4.525923,101.28125
08:04:21,912810UB2,TSRYS5810883,D,S,C,2024-07-19,1000000.00,4.525908,101.28145
08:04:22,912810UB2,TSRYS5810883,D,S,D,2024-07-19,30000.00,4.527414,101.26171875
08:04:22,912810UB2,TSRYS5810883,D,B,C,2024-07-19,1000000.00,4.523539,101.3125
08:04:22,912810UB2,TSRYS5810883,D,S,D,2024-07-19,1000000.00,4.523539,101.3125
08:04:22,912810UB2,TSRYS5810883,D,S,D,2024-07-19,1000000.00,4.522347,101.328125
08:04:24,912810UB2,TSRYS5810883,D,S,D,2024-07-19,1000000.00,4.523539,101.3125
08:04:24,912810UB2,TSRYS5810883,D,B,C,2024-07-19,1000000.00,4.523539,101.3125
08:04:24,912810UB2,TSRYS5810883,D,B,C,2024-07-19,1000000.00,4.527116,101.265625
08:04:24,912810UB2,TSRYS5810883,D,S,D,2024-07-19,1000000.00,4.527116,101.265625
08:04:24,912810UB2,TSRYS5810883,D,S,D,2024-07-19,1000000.00,4.527116,101.265625
08:04:24,912810UB2,TSRYS5810883,D,S,D,2024-07-19,1000000.00,4.527116,101.265625
08:04:24,912810UB2,TSRYS5810883,D,B,C,2024-07-19,1000000.00,4.527116,101.265625
08:04:24,912810UB2,TSRYS5810883,D,S,D,2024-07-19,1000000.00,4.527116,101.265625
08:04:24,912810UB2,TSRYS5810883,D,B,C,2024-07-19,1000000.00,4.527116,101.265625
08:04:24,912810UB2,TSRYS5810883,D,S,D,2024-07-19,1000000.00,4.527116,101.265625
08:04:24,912810UB2,TSRYS5810883,D,S,D,2024-07-19,1000000.00,4.527116,101.265625
08:04:27,912810UB2,TSRYS5810883,D,B,C,2024-07-19,1000000.00,4.529502,101.234375
08:04:27,912810UB2,TSRYS5810883,D,S,D,2024-07-19,1000000.00,4.529502,101.234375
08:04:27,912810UB2,TSRYS5810883,D,S,D,2024-07-19,1000000.00,4.529502,101.234375
08:04:27,912810UB2,TSRYS5810883,D,S,C,2024-07-19,1000000.00,4.529502,101.234375
08:04:27,912810UB2,TSRYS5810883,D,S,D,2024-07-19,1000000.00,4.530695,101.21875
08:04:27,912810UB2,TSRYS5810883,D,B,C,2024-07-19,1000000.00,4.531888,101.203125
08:04:27,912810UB2,TSRYS5810883,D,S,D,2024-07-19,1000000.00,4.531888,101.203125
08:04:27,912810UB2,TSRYS5810883,D,B,C,2024-07-19,1000000.00,4.531888,101.203125
08:04:27,912810UB2,TSRYS5810883,D,S,D,2024-07-19,1000000.00,4.531888,101.203125
08:04:27,912810UB2,TSRYS5810883,D,S,C,2024-07-19,1000000.00,4.531888,101.203125
08:04:27,912810UB2,TSRYS5810883,D,B,C,2024-07-19,1000000.00,4.5319,101.202975
08:04:27,912810UB2,TSRYS5810883,D,B,C,2024-07-19,1000000.00,4.5319,101.202975
08:04:27,912810UB2,TSRYS5810883,D,S,D,2024-07-19,1000000.00,4.531888,101.203125
08:04:27,912810UB2,TSRYS5810883,D,B,C,2024-07-19,1000000.00,4.5319,101.202975
08:04:27,912810UB2,TSRYS5810883,D,S,C,2024-07-19,1000000.00,4.531875,101.2033
08:04:29,912810UB2,TSRYS5810883,D,S,T,2024-07-19,1000000.00,4.533082,101.1875
08:04:30,912810UB2,TSRYS5810883,D,S,D,2024-07-19,40000.00,4.517285,101.39453125
08:04:31,912810UB2,TSRYS5810883,D,S,D,2024-07-19,285000.00,4.517582,101.390625
08:04:31,912810UB2,TSRYS5810883,D,S,T,2024-07-19,1000000.00,4.533094,101.187348
08:04:31,912810UB2,TSRYS5810883,D,S,T,2024-07-19,1000000.00,4.533094,101.187348
08:04:32,912810UB2,TSRYS5810883,D,S,T,2024-07-19,1000000.00,4.533082,101.1875
08:04:33,912810UB2,TSRYS5810883,D,S,T,2024-07-19,1000000.00,4.533094,101.187348
08:04:33,912810UB2,TSRYS5810883,D,S,T,2024-07-19,2000000.00,4.533082,101.1875
08:04:33,912810UB2,TSRYS5810883,D,S,T,2024-07-19,1000000.00,4.533094,101.187348
08:04:33,912810UB2,TSRYS5810883,D,S,D,2024-07-19,1000000.00,4.526519,101.2734375
08:04:33,912810UB2,TSRYS5810883,D,S,D,2024-07-19,1000000.00,4.526519,101.2734375
08:04:34,912810UB2,TSRYS5810883,D,S,T,2024-07-19,1000000.00,4.533082,101.1875
08:04:35,912810UB2,TSRYS5810883,D,S,T,2024-07-19,1000000.00,4.533082,101.1875
08:04:35,912810UB2,TSRYS5810883,D,S,T,2024-07-19,1000000.00,4.533082,101.1875
08:04:35,912810UB2,TSRYS5810883,D,S,T,2024-07-19,1000000.00,4.533082,101.1875
08:04:37,912810UB2,TSRYS5810883,D,S,T,2024-07-19,1000000.00,4.533094,101.187348
08:04:37,912810UB2,TSRYS5810883,D,S,D,2024-07-19,90000.00,4.524731,101.296875
08:04:37,912810UB2,TSRYS5810883,D,B,C,2024-07-19,14000000.00,4.534276,101.171875
08:04:37,912810UB2,TSRYS5810883,D,S,T,2024-07-19,1000000.00,4.533082,101.1875
08:04:40,912810UB2,TSRYS5810883,D,S,D,2024-07-19,1000000.00,4.52056,101.3515625
08:04:40,912810UB2,TSRYS5810883,D,S,D,2024-07-19,1000000.00,4.52056,101.3515625
08:04:40,912810UB2,TSRYS5810883,D,S,D,2024-07-19,1000000.00,4.52056,101.3515625
08:04:40,912810UB2,TSRYS5810883,D,B,C,2024-07-19,1000000.00,4.52056,101.3515625
08:04:40,912810UB2,TSRYS5810883,D,S,D,2024-07-19,1000000.00,4.519964,101.359375
08:04:42,912810UB2,TSRYS5810883,D,S,C,2024-07-19,1000000.00,4.533067,101.1877
08:04:46,912810UB2,TSRYS5810883,D,S,D,2024-07-19,1000000.00,4.521453,101.33984375
08:04:46,912810UB2,TSRYS5810883,D,S,D,2024-07-19,1000000.00,4.520858,101.34765625
08:04:46,912810UB2,TSRYS5810883,D,S,D,2024-07-19,1000000.00,4.521007,101.345703125
08:04:47,912810UB2,TSRYS5810883,D,S,D,2024-07-19,1000000.00,4.520858,101.34765625
08:04:50,912810UB2,TSRYS5810883,D,S,D,2024-07-19,1000000.00,4.518326,101.380859375
08:04:51,912810UB2,TSRYS5810883,D,S,D,2024-07-19,1000000.00,4.518624,101.376953125
08:04:54,912810UB2,TSRYS5810883,D,S,D,2024-07-19,1000000.00,4.518922,101.373046875
08:04:56,912810UB2,TSRYS5810883,D,S,D,2024-07-19,1000000.00,4.517582,101.390625
08:04:56,912810UB2,TSRYS5810883,D,S,D,2024-07-19,1000000.00,4.517582,101.390625
08:04:56,912810UB2,TSRYS5810883,D,B,C,2024-07-19,1000000.00,4.517582,101.390625
08:04:56,912810UB2,TSRYS5810883,D,S,D,2024-07-19,1000000.00,4.517582,101.390625
08:04:57,912810UB2,TSRYS5810883,D,S,C,2024-07-19,1000000.00,4.534276,101.171875
08:05:03,912810UB2,TSRYS5810883,D,B,C,2024-07-19,1000000.00,4.509848,101.4921875
08:05:03,912810UB2,TSRYS5810883,D,S,D,2024-07-19,1000000.00,4.509848,101.4921875
