tradeTime,cusip,issueSymbolIdentifier,priceType,reportingSideCode,contraPartyTypeCode,tradeDate,reportedTradeVolume,lastSaleYield,lastSalePrice
08:00:03,912810UD8,TSRYS5870973,D,S,A,2024-10-22,10000.00,4.553727,94.4879
08:00:05,912810UD8,TSRYS5870973,D,S,D,2024-10-22,1150000.00,4.556262,94.40625
08:00:06,912810UD8,TSRYS5870973,D,S,T,2024-10-22,1000000.00,4.56127,94.34375
08:00:07,912810UD8,TSRYS5870973,D,B,C,2024-10-22,3500000.00,4.566597,94.27734375
08:00:07,912810UD8,TSRYS5870973,D,S,D,2024-10-22,1000000.00,4.558766,94.375
08:00:07,912810UD8,TSRYS5870973,D,S,D,2024-10-22,1000000.00,4.562993,94.322265625
08:00:07,912810UD8,TSRYS5870973,D,S,D,2024-10-22,1000000.00,4.56644,94.279296875
08:00:07,912810UD8,TSRYS5870973,D,S,D,2024-10-22,1000000.00,4.575381,94.16796875
08:00:07,912810UD8,TSRYS5870973,D,S,D,2024-10-22,1000000.00,4.573026,94.197265625
08:00:07,912810UD8,TSRYS5870973,D,S,D,2024-10-22,1000000.00,4.576479,94.154296875
08:00:07,912810UD8,TSRYS5870973,D,S,T,2024-10-22,1000000.00,4.575224,94.169921875
08:00:07,912810UD8,TSRYS5870973,D,S,D,2024-10-22,1000000.00,4.575067,94.171875
08:00:07,912810UD8,TSRYS5870973,D,S,T,2024-10-22,1000000.00,4.580249,94.107421875
08:00:07,912810UD8,TSRYS5870973,D,S,D,2024-10-22,1000000.00,4.582606,94.078125
08:00:07,912810UD8,TSRYS5870973,D,S,D,2024-10-22,1000000.00,4.582606,94.078125
08:00:07,912810UD8,TSRYS5870973,D,S,D,2024-10-22,1000000.00,4.582763,94.076171875
08:00:07,912810UD8,TSRYS5870973,D,S,D,2024-10-22,1000000.00,4.582763,94.076171875
08:00:07,912810UD8,TSRYS5870973,D,S,D,2024-10-22,1000000.00,4.582606,94.078125
08:00:07,912810UD8,TSRYS5870973,D,S,D,2024-10-22,1000000.00,4.582606,94.078125
08:00:07,912810UD8,TSRYS5870973,D,S,D,2024-10-22,1000000.00,4.582606,94.078125
08:00:08,912810UD8,TSRYS5870973,D,S,D,2024-10-22,1000000.00,4.577736,94.138671875
08:00:08,912810UD8,TSRYS5870973,D,S,D,2024-10-22,1000000.00,4.577736,94.138671875
08:00:08,912810UD8,TSRYS5870973,D,S,D,2024-10-22,1000000.00,4.566597,94.27734375
08:00:08,912810UD8,TSRYS5870973,D,S,D,2024-10-22,1000000.00,4.56127,94.34375
08:00:08,912810UD8,TSRYS5870973,D,S,D,2024-10-22,1000000.00,4.562523,94.328125
08:00:08,912810UD8,TSRYS5870973,D,S,D,2024-10-22,1000000.00,4.56268,94.326171875
08:00:08,912810UD8,TSRYS5870973,D,S,D,2024-10-22,1000000.00,4.561584,94.33984375
08:00:08,912810UD8,TSRYS5870973,D,S,D,2024-10-22,1000000.00,4.56409,94.30859375
08:00:08,912810UD8,TSRYS5870973,D,S,D,2024-10-22,1000000.00,4.568635,94.251953125
08:00:08,912810UD8,TSRYS5870973,D,S,D,2024-10-22,1000000.00,4.568792,94.25
08:00:08,912810UD8,TSRYS5870973,D,S,D,2024-10-22,1000000.00,4.57036,94.23046875
08:00:08,912810UD8,TSRYS5870973,D,S,D,2024-10-22,1000000.00,4.570517,94.228515625
08:00:08,912810UD8,TSRYS5870973,D,S,T,2024-10-22,1000000.00,4.570517,94.228515625
08:00:08,912810UD8,TSRYS5870973,D,S,T,2024-10-22,1000000.00,4.570517,94.228515625
08:00:08,912810UD8,TSRYS5870973,D,S,D,2024-10-22,1000000.00,4.570517,94.228515625
08:00:08,912810UD8,TSRYS5870973,D,S,D,2024-10-22,1000000.00,4.570517,94.228515625
08:00:08,912810UD8,TSRYS5870973,D,S,D,2024-10-22,1000000.00,4.556262,94.40625
08:00:08,912810UD8,TSRYS5870973,D,S,T,2024-10-22,1000000.00,4.552664,94.451171875
08:00:08,912810UD8,TSRYS5870973,D,S,D,2024-10-22,1000000.00,4.553915,94.435546875
08:00:11,912810UD8,TSRYS5870973,D,S,A,2024-10-22,10000000.00,4.573183,94.1953125
08:00:12,912810UD8,TSRYS5870973,D,S,D,2024-10-22,4000000.00,4.562773,94.32501
08:00:12,912810UD8,TSRYS5870973,D,S,D,2024-10-22,9000000.00,4.568009,94.25975
08:00:12,912810UD8,TSRYS5870973,D,S,D,2024-10-22,6000.00,4.569889,94.236328125
08:00:12,912810UD8,TSRYS5870973,D,S,A,2024-10-22,10000000.00,4.557201,94.39453125
08:00:12,912810UD8,TSRYS5870973,D,S,C,2024-10-22,5000000.00,4.555046,94.421875
08:00:13,912810UD8,TSRYS5870973,D,S,T,2024-10-22,1000000.00,4.556262,94.40625
08:00:13,912810UD8,TSRYS5870973,D,S,T,2024-10-22,1000000.00,4.556262,94.40625
08:00:14,912810UD8,TSRYS5870973,D,S,T,2024-10-22,1000000.00,4.581348,94.09375
08:00:14,912810UD8,TSRYS5870973,D,S,T,2024-10-22,1000000.00,4.567537,94.265625
08:00:14,912810UD8,TSRYS5870973,D,S,T,2024-10-22,1000000.00,4.573811,94.1875
08:00:15,912810UD8,TSRYS5870973,D,S,T,2024-10-22,1000000.00,4.55501,94.421875
08:00:18,912810UD8,TSRYS5870973,D,S,D,2024-10-22,1000000.00,4.572242,94.20703125
08:00:19,912810UD8,TSRYS5870973,D,S,D,2024-10-22,1000000.00,4.575381,94.16796875
08:00:19,912810UD8,TSRYS5870973,D,S,D,2024-10-22,1000000.00,4.575067,94.171875
08:00:19,912810UD8,TSRYS5870973,D,S,D,2024-10-22,1000000.00,4.575067,94.171875
08:00:20,912810UD8,TSRYS5870973,D,S,D,2024-10-22,1000000.00,4.579777,94.11328125
08:00:24,912810UD8,TSRYS5870973,D,S,T,2024-10-22,1000000.00,4.581348,94.09375
08:00:24,912810UD8,TSRYS5870973,D,S,T,2024-10-22,1000000.00,4.581348,94.09375
08:00:24,912810UD8,TSRYS5870973,D,S,T,2024-10-22,1000000.00,4.581348,94.09375
08:00:24,912810UD8,TSRYS5870973,D,S,T,2024-10-22,1000000.00,4.581348,94.09375
08:00:25,912810UD8,TSRYS5870973,D,S,A,2024-10-22,55000.00,4.55623,94.41574090909
08:00:30,912810UD8,TSRYS5870973,D,S,T,2024-10-22,1000000.00,4.56127,94.34375
08:00:30,912810UD8,TSRYS5870973,D,S,T,2024-10-22,1000000.00,4.56127,94.34375
08:00:30,912810UD8,TSRYS5870973,D,S,T,2024-10-22,1000000.00,4.558766,94.375
08:00:30,912810UD8,TSRYS5870973,D,S,T,2024-10-22,1000000.00,4.559548,94.365234375
08:00:30,912810UD8,TSRYS5870973,D,S,T,2024-10-22,1000000.00,4.559079,94.37109375
08:00:30,912810UD8,TSRYS5870973,D,S,T,2024-10-22,1000000.00,4.558922,94.373046875
08:00:30,912810UD8,TSRYS5870973,D,S,D,2024-10-22,1000000.00,4.557827,94.38671875
08:00:30,912810UD8,TSRYS5870973,D,S,T,2024-10-22,1000000.00,4.560018,94.359375
08:00:30,912810UD8,TSRYS5870973,D,S,T,2024-10-22,1000000.00,4.557514,94.390625
08:00:30,912810UD8,TSRYS5870973,D,S,T,2024-10-22,1000000.00,4.556262,94.40625
08:00:30,912810UD8,TSRYS5870973,D,S,T,2024-10-22,1000000.00,4.556262,94.40625
08:00:30,912810UD8,TSRYS5870973,D,S,T,2024-10-22,1000000.00,4.556262,94.40625
08:00:30,912810UD8,TSRYS5870973,D,S,T,2024-10-22,1000000.00,4.556262,94.40625
08:00:30,912810UD8,TSRYS5870973,D,S,T,2024-10-22,1000000.00,4.56127,94.34375
08:00:30,912810UD8,TSRYS5870973,D,S,T,2024-10-22,1000000.00,4.552508,94.453125
08:00:30,912810UD8,TSRYS5870973,D,S,T,2024-10-22,1000000.00,4.557357,94.392578125
08:00:30,912810UD8,TSRYS5870973,D,S,T,2024-10-22,1000000.00,4.557201,94.39453125
08:00:30,912810UD8,TSRYS5870973,D,S,T,2024-10-22,1000000.00,4.557044,94.396484375
08:00:30,912810UD8,TSRYS5870973,D,S,T,2024-10-22,1000000.00,4.556888,94.3984375
08:00:31,912810UD8,TSRYS5870973,D,S,T,2024-10-22,1000000.00,4.573811,94.1875
08:00:31,912810UD8,TSRYS5870973,D,S,T,2024-10-22,1000000.00,4.573811,94.1875
08:00:31,912810UD8,TSRYS5870973,D,S,T,2024-10-22,1000000.00,4.576322,94.15625
08:00:31,912810UD8,TSRYS5870973,D,S,T,2024-10-22,1000000.00,4.576322,94.15625
08:00:31,912810UD8,TSRYS5870973,D,S,T,2024-10-22,1000000.00,4.575381,94.16796875
08:00:31,912810UD8,TSRYS5870973,D,S,T,2024-10-22,1000000.00,4.575224,94.169921875
08:00:31,912810UD8,TSRYS5870973,D,S,T,2024-10-22,1000000.00,4.575067,94.171875
08:00:31,912810UD8,TSRYS5870973,D,S,T,2024-10-22,1000000.00,4.577578,94.140625
08:00:31,912810UD8,TSRYS5870973,D,S,T,2024-10-22,1000000.00,4.577578,94.140625
08:00:31,912810UD8,TSRYS5870973,D,S,T,2024-10-22,1000000.00,4.577578,94.140625
08:00:31,912810UD8,TSRYS5870973,D,S,T,2024-10-22,1000000.00,4.580091,94.109375
08:00:31,912810UD8,TSRYS5870973,D,S,T,2024-10-22,1000000.00,4.581348,94.09375
08:00:31,912810UD8,TSRYS5870973,D,S,T,2024-10-22,1000000.00,4.582606,94.078125
08:00:31,912810UD8,TSRYS5870973,D,S,T,2024-10-22,1000000.00,4.582606,94.078125
08:00:31,912810UD8,TSRYS5870973,D,S,T,2024-10-22,1000000.00,4.582606,94.078125
08:00:32,912810UD8,TSRYS5870973,D,S,T,2024-10-22,1000000.00,4.576322,94.15625
08:00:32,912810UD8,TSRYS5870973,D,S,T,2024-10-22,1000000.00,4.576322,94.15625
08:00:32,912810UD8,TSRYS5870973,D,S,T,2024-10-22,1000000.00,4.576322,94.15625
08:00:32,912810UD8,TSRYS5870973,D,S,T,2024-10-22,1000000.00,4.576322,94.15625
08:00:32,912810UD8,TSRYS5870973,D,S,T,2024-10-22,1000000.00,4.57491,94.173828125
08:00:32,912810UD8,TSRYS5870973,D,S,T,2024-10-22,1000000.00,4.575067,94.171875
08:00:32,912810UD8,TSRYS5870973,D,S,T,2024-10-22,1000000.00,4.576793,94.150390625
08:00:32,912810UD8,TSRYS5870973,D,S,T,2024-10-22,1000000.00,4.575381,94.16796875
08:00:32,912810UD8,TSRYS5870973,D,S,T,2024-10-22,1000000.00,4.57695,94.1484375
08:00:32,912810UD8,TSRYS5870973,D,S,T,2024-10-22,1000000.00,4.57695,94.1484375
08:00:32,912810UD8,TSRYS5870973,D,S,T,2024-10-22,1000000.00,4.577578,94.140625
08:00:32,912810UD8,TSRYS5870973,D,S,T,2024-10-22,1000000.00,4.578835,94.125
08:00:32,912810UD8,TSRYS5870973,D,S,T,2024-10-22,1000000.00,4.578835,94.125
08:00:32,912810UD8,TSRYS5870973,D,S,T,2024-10-22,1000000.00,4.567537,94.265625
08:00:32,912810UD8,TSRYS5870973,D,S,T,2024-10-22,1000000.00,4.567537,94.265625
08:00:32,912810UD8,TSRYS5870973,D,S,T,2024-10-22,1000000.00,4.567537,94.265625
08:00:32,912810UD8,TSRYS5870973,D,S,T,2024-10-22,1000000.00,4.567537,94.265625
08:00:32,912810UD8,TSRYS5870973,D,S,T,2024-10-22,1000000.00,4.567537,94.265625
08:00:32,912810UD8,TSRYS5870973,D,S,T,2024-10-22,1000000.00,4.561427,94.341796875
08:00:32,912810UD8,TSRYS5870973,D,S,T,2024-10-22,1000000.00,4.566283,94.28125
08:00:32,912810UD8,TSRYS5870973,D,S,T,2024-10-22,1000000.00,4.570203,94.232421875
08:00:32,912810UD8,TSRYS5870973,D,S,T,2024-10-22,1000000.00,4.571301,94.21875
08:00:32,912810UD8,TSRYS5870973,D,S,T,2024-10-22,1000000.00,4.571301,94.21875
08:00:32,912810UD8,TSRYS5870973,D,S,T,2024-10-22,1000000.00,4.571301,94.21875
08:00:32,912810UD8,TSRYS5870973,D,S,T,2024-10-22,1000000.00,4.571301,94.21875
08:00:32,912810UD8,TSRYS5870973,D,S,T,2024-10-22,1000000.00,4.571301,94.21875
08:00:32,912810UD8,TSRYS5870973,D,S,T,2024-10-22,1000000.00,4.571301,94.21875
08:00:32,912810UD8,TSRYS5870973,D,S,T,2024-10-22,1000000.00,4.571301,94.21875
08:00:32,912810UD8,TSRYS5870973,D,S,T,2024-10-22,1000000.00,4.571301,94.21875
08:00:32,912810UD8,TSRYS5870973,D,S,T,2024-10-22,1000000.00,4.571301,94.21875
08:00:32,912810UD8,TSRYS5870973,D,S,T,2024-10-22,2000000.00,4.571301,94.21875
08:00:32,912810UD8,TSRYS5870973,D,S,T,2024-10-22,1000000.00,4.573811,94.1875
08:00:32,912810UD8,TSRYS5870973,D,S,T,2024-10-22,1000000.00,4.573811,94.1875
08:00:32,912810UD8,TSRYS5870973,D,S,T,2024-10-22,1000000.00,4.573811,94.1875
08:00:32,912810UD8,TSRYS5870973,D,S,T,2024-10-22,1000000.00,4.573811,94.1875
08:00:32,912810UD8,TSRYS5870973,D,S,T,2024-10-22,1000000.00,4.573811,94.1875
08:00:32,912810UD8,TSRYS5870973,D,S,T,2024-10-22,1000000.00,4.573811,94.1875
08:00:32,912810UD8,TSRYS5870973,D,S,T,2024-10-22,1000000.00,4.573811,94.1875
08:00:32,912810UD8,TSRYS5870973,D,S,D,2024-10-22,1000000.00,4.557201,94.39453125
08:00:32,912810UD8,TSRYS5870973,D,S,D,2024-10-22,1000000.00,4.557827,94.38671875
08:00:32,912810UD8,TSRYS5870973,D,S,T,2024-10-22,1000000.00,4.574596,94.177734375
08:00:32,912810UD8,TSRYS5870973,D,S,T,2024-10-22,1000000.00,4.56503,94.296875
08:00:32,912810UD8,TSRYS5870973,D,S,T,2024-10-22,1000000.00,4.56503,94.296875
08:00:32,912810UD8,TSRYS5870973,D,S,T,2024-10-22,1000000.00,4.56503,94.296875
08:00:32,912810UD8,TSRYS5870973,D,S,T,2024-10-22,1000000.00,4.567537,94.265625
08:00:32,912810UD8,TSRYS5870973,D,S,T,2024-10-22,1000000.00,4.567537,94.265625
08:00:32,912810UD8,TSRYS5870973,D,S,T,2024-10-22,1000000.00,4.553759,94.4375
08:00:32,912810UD8,TSRYS5870973,D,S,T,2024-10-22,1000000.00,4.553759,94.4375
08:00:32,912810UD8,TSRYS5870973,D,S,T,2024-10-22,1000000.00,4.553759,94.4375
08:00:32,912810UD8,TSRYS5870973,D,S,T,2024-10-22,1000000.00,4.553759,94.4375
08:00:32,912810UD8,TSRYS5870973,D,S,T,2024-10-22,1000000.00,4.553759,94.4375
08:00:32,912810UD8,TSRYS5870973,D,S,T,2024-10-22,1000000.00,4.553134,94.4453125
08:00:33,912810UD8,TSRYS5870973,D,S,T,2024-10-22,1000000.00,4.550007,94.484375
08:00:33,912810UD8,TSRYS5870973,D,S,D,2024-10-22,1000000.00,4.557201,94.39453125
08:00:33,912810UD8,TSRYS5870973,D,S,D,2024-10-22,1000000.00,4.557201,94.39453125
08:00:33,912810UD8,TSRYS5870973,D,S,D,2024-10-22,1000000.00,4.557201,94.39453125
08:00:33,912810UD8,TSRYS5870973,D,S,D,2024-10-22,1000000.00,4.557514,94.390625
08:00:33,912810UD8,TSRYS5870973,D,S,D,2024-10-22,1000000.00,4.556888,94.3984375
08:00:33,912810UD8,TSRYS5870973,D,S,D,2024-10-22,1000000.00,4.557201,94.39453125
08:00:33,912810UD8,TSRYS5870973,D,S,D,2024-10-22,1000000.00,4.573811,94.1875
08:00:33,912810UD8,TSRYS5870973,D,S,D,2024-10-22,1000000.00,4.574753,94.17578125
08:00:33,912810UD8,TSRYS5870973,D,S,D,2024-10-22,1000000.00,4.574753,94.17578125
08:00:33,912810UD8,TSRYS5870973,D,S,D,2024-10-22,1000000.00,4.575067,94.171875
08:00:33,912810UD8,TSRYS5870973,D,S,D,2024-10-22,1000000.00,4.575381,94.16796875
08:00:33,912810UD8,TSRYS5870973,D,S,D,2024-10-22,1000000.00,4.579777,94.11328125
08:00:33,912810UD8,TSRYS5870973,D,S,D,2024-10-22,1000000.00,4.568164,94.2578125
08:00:33,912810UD8,TSRYS5870973,D,S,D,2024-10-22,1000000.00,4.568164,94.2578125
08:00:33,912810UD8,TSRYS5870973,D,S,D,2024-10-22,1000000.00,4.570673,94.2265625
08:00:33,912810UD8,TSRYS5870973,D,S,D,2024-10-22,2000000.00,4.554854,94.423828125
08:00:33,912810UD8,TSRYS5870973,D,S,D,2024-10-22,1000000.00,4.556262,94.40625
08:00:33,912810UD8,TSRYS5870973,D,S,D,2024-10-22,1000000.00,4.556262,94.40625
08:00:33,912810UD8,TSRYS5870973,D,S,D,2024-10-22,1000000.00,4.557514,94.390625
08:00:33,912810UD8,TSRYS5870973,D,S,D,2024-10-22,1000000.00,4.557514,94.390625
08:00:33,912810UD8,TSRYS5870973,D,S,D,2024-10-22,1000000.00,4.576008,94.16015625
08:00:33,912810UD8,TSRYS5870973,D,S,D,2024-10-22,1000000.00,4.573811,94.1875
08:00:33,912810UD8,TSRYS5870973,D,S,D,2024-10-22,1000000.00,4.574282,94.181640625
08:00:33,912810UD8,TSRYS5870973,D,S,D,2024-10-22,1000000.00,4.569419,94.2421875
08:00:33,912810UD8,TSRYS5870973,D,S,D,2024-10-22,2000000.00,4.569419,94.2421875
08:00:33,912810UD8,TSRYS5870973,D,S,D,2024-10-22,1000000.00,4.569262,94.244140625
08:00:33,912810UD8,TSRYS5870973,D,S,D,2024-10-22,1000000.00,4.568164,94.2578125
08:00:33,912810UD8,TSRYS5870973,D,S,D,2024-10-22,1000000.00,4.568164,94.2578125
08:00:33,912810UD8,TSRYS5870973,D,S,D,2024-10-22,1000000.00,4.568164,94.2578125
08:00:33,912810UD8,TSRYS5870973,D,S,D,2024-10-22,1000000.00,4.568008,94.259765625
08:00:33,912810UD8,TSRYS5870973,D,S,D,2024-10-22,1000000.00,4.567851,94.26171875
08:00:33,912810UD8,TSRYS5870973,D,S,D,2024-10-22,1000000.00,4.569419,94.2421875
08:00:33,912810UD8,TSRYS5870973,D,S,D,2024-10-22,1000000.00,4.569419,94.2421875
08:00:33,912810UD8,TSRYS5870973,D,S,D,2024-10-22,1000000.00,4.569419,94.2421875
08:00:33,912810UD8,TSRYS5870973,D,S,D,2024-10-22,1000000.00,4.569732,94.23828125
08:00:33,912810UD8,TSRYS5870973,D,S,D,2024-10-22,1000000.00,4.569732,94.23828125
08:00:33,912810UD8,TSRYS5870973,D,S,D,2024-10-22,1000000.00,4.570046,94.234375
08:00:33,912810UD8,TSRYS5870973,D,S,D,2024-10-22,1000000.00,4.570046,94.234375
08:00:33,912810UD8,TSRYS5870973,D,S,D,2024-10-22,1000000.00,4.570046,94.234375
08:00:33,912810UD8,TSRYS5870973,D,S,D,2024-10-22,1000000.00,4.570203,94.232421875
08:00:33,912810UD8,TSRYS5870973,D,S,D,2024-10-22,1000000.00,4.570203,94.232421875
08:00:33,912810UD8,TSRYS5870973,D,S,D,2024-10-22,1000000.00,4.570203,94.232421875
08:00:33,912810UD8,TSRYS5870973,D,S,D,2024-10-22,1000000.00,4.570203,94.232421875
08:00:33,912810UD8,TSRYS5870973,D,S,D,2024-10-22,1000000.00,4.57036,94.23046875
08:00:33,912810UD8,TSRYS5870973,D,S,D,2024-10-22,1000000.00,4.570673,94.2265625
08:00:33,912810UD8,TSRYS5870973,D,S,D,2024-10-22,1000000.00,4.570673,94.2265625
08:00:33,912810UD8,TSRYS5870973,D,S,D,2024-10-22,1000000.00,4.569889,94.236328125
08:00:33,912810UD8,TSRYS5870973,D,S,D,2024-10-22,1000000.00,4.571614,94.21484375
08:00:33,912810UD8,TSRYS5870973,D,S,D,2024-10-22,1000000.00,4.571928,94.2109375
08:00:33,912810UD8,TSRYS5870973,D,S,D,2024-10-22,1000000.00,4.571928,94.2109375
08:00:33,912810UD8,TSRYS5870973,D,S,D,2024-10-22,1000000.00,4.57083,94.224609375
08:00:33,912810UD8,TSRYS5870973,D,S,D,2024-10-22,1000000.00,4.56503,94.296875
08:00:33,912810UD8,TSRYS5870973,D,S,D,2024-10-22,1000000.00,4.562053,94.333984375
08:00:33,912810UD8,TSRYS5870973,D,S,D,2024-10-22,1000000.00,4.562053,94.333984375
08:00:33,912810UD8,TSRYS5870973,D,S,D,2024-10-22,1000000.00,4.552977,94.447265625
08:00:33,912810UD8,TSRYS5870973,D,S,D,2024-10-22,1000000.00,4.549226,94.494140625
08:00:33,912810UD8,TSRYS5870973,D,S,D,2024-10-22,1000000.00,4.552508,94.453125
08:00:33,912810UD8,TSRYS5870973,D,S,D,2024-10-22,1000000.00,4.554072,94.43359375
08:00:33,912810UD8,TSRYS5870973,D,S,D,2024-10-22,1000000.00,4.556731,94.400390625
08:00:33,912810UD8,TSRYS5870973,D,S,D,2024-10-22,1000000.00,4.552664,94.451171875
08:00:33,912810UD8,TSRYS5870973,D,S,D,2024-10-22,1000000.00,4.554072,94.43359375
08:00:33,912810UD8,TSRYS5870973,D,S,D,2024-10-22,1000000.00,4.554072,94.43359375
08:00:33,912810UD8,TSRYS5870973,D,S,D,2024-10-22,1000000.00,4.554072,94.43359375
08:00:33,912810UD8,TSRYS5870973,D,S,D,2024-10-22,1000000.00,4.554072,94.43359375
08:00:33,912810UD8,TSRYS5870973,D,S,T,2024-10-22,1000000.00,4.557357,94.392578125
08:00:33,912810UD8,TSRYS5870973,D,S,T,2024-10-22,1000000.00,4.557201,94.39453125
08:00:33,912810UD8,TSRYS5870973,D,S,T,2024-10-22,1000000.00,4.557044,94.396484375
08:00:33,912810UD8,TSRYS5870973,D,S,T,2024-10-22,1000000.00,4.556888,94.3984375
08:00:33,912810UD8,TSRYS5870973,D,S,T,2024-10-22,1000000.00,4.574596,94.177734375
08:00:33,912810UD8,TSRYS5870973,D,S,T,2024-10-22,1000000.00,4.575224,94.169921875
08:00:33,912810UD8,TSRYS5870973,D,S,T,2024-10-22,1000000.00,4.575067,94.171875
08:00:33,912810UD8,TSRYS5870973,D,S,A,2024-10-22,200000.00,4.55814,94.3828125
08:00:33,912810UD8,TSRYS5870973,D,S,T,2024-10-22,1000000.00,4.576322,94.15625
08:00:33,912810UD8,TSRYS5870973,D,S,T,2024-10-22,1000000.00,4.576322,94.15625
08:00:33,912810UD8,TSRYS5870973,D,S,T,2024-10-22,1000000.00,4.576322,94.15625
08:00:33,912810UD8,TSRYS5870973,D,S,T,2024-10-22,1000000.00,4.575381,94.16796875
08:00:33,912810UD8,TSRYS5870973,D,S,T,2024-10-22,1000000.00,4.576479,94.154296875
08:00:33,912810UD8,TSRYS5870973,D,S,T,2024-10-22,1000000.00,4.575851,94.162109375
08:00:33,912810UD8,TSRYS5870973,D,S,T,2024-10-22,1000000.00,4.578992,94.123046875
08:00:33,912810UD8,TSRYS5870973,D,S,T,2024-10-22,1000000.00,4.568164,94.2578125
08:00:33,912810UD8,TSRYS5870973,D,S,T,2024-10-22,1000000.00,4.569419,94.2421875
08:00:33,912810UD8,TSRYS5870973,D,S,T,2024-10-22,1000000.00,4.568164,94.2578125
08:00:33,912810UD8,TSRYS5870973,D,S,T,2024-10-22,1000000.00,4.568164,94.2578125
08:00:33,912810UD8,TSRYS5870973,D,S,T,2024-10-22,1000000.00,4.569105,94.24609375
08:00:33,912810UD8,TSRYS5870973,D,S,T,2024-10-22,1000000.00,4.568008,94.259765625
08:00:33,912810UD8,TSRYS5870973,D,S,T,2024-10-22,1000000.00,4.567851,94.26171875
08:00:33,912810UD8,TSRYS5870973,D,S,T,2024-10-22,1000000.00,4.570673,94.2265625
08:00:35,912810UD8,TSRYS5870973,D,S,A,2024-10-22,5000000.00,4.582291,94.08203125
08:00:42,912810UD8,TSRYS5870973,D,S,C,2024-10-22,1000000.00,4.556262,94.40625
08:00:44,912810UD8,TSRYS5870973,D,B,A,2024-10-22,320000.00,4.55814,94.3828125
08:00:44,912810UD8,TSRYS5870973,D,S,C,2024-10-22,500000.00,4.559392,94.3671875
08:00:44,912810UD8,TSRYS5870973,D,B,A,2024-10-22,1000000.00,4.577616,94.140625
08:00:44,912810UD8,TSRYS5870973,D,S,A,2024-10-22,158600.00,4.575694,94.1640625
08:00:44,912810UD8,TSRYS5870973,D,S,A,2024-10-22,500000.00,4.577264,94.14453125
08:00:44,912810UD8,TSRYS5870973,D,S,A,2024-10-22,200000.00,4.581977,94.0859375
08:00:44,912810UD8,TSRYS5870973,D,B,A,2024-10-22,6000000.00,4.584177,94.05859375
08:00:44,912810UD8,TSRYS5870973,D,S,A,2024-10-22,400000.00,4.581348,94.09375
08:00:44,912810UD8,TSRYS5870973,D,B,A,2024-10-22,1100000.00,4.577578,94.140625
08:00:44,912810UD8,TSRYS5870973,D,B,A,2024-10-22,5000000.00,4.57695,94.1484375
08:00:44,912810UD8,TSRYS5870973,D,S,T,2024-10-22,5000000.00,4.577578,94.140625
08:00:44,912810UD8,TSRYS5870973,D,S,A,2024-10-22,200000.00,4.575694,94.1640625
08:00:44,912810UD8,TSRYS5870973,D,S,A,2024-10-22,5000000.00,4.565657,94.2890625
08:00:45,912810UD8,TSRYS5870973,D,B,C,2024-10-22,55000.00,4.565657,94.2890625
08:00:45,912810UD8,TSRYS5870973,D,S,D,2024-10-22,1000000.00,4.570046,94.234375
08:00:45,912810UD8,TSRYS5870973,D,S,D,2024-10-22,1000000.00,4.570046,94.234375
08:00:45,912810UD8,TSRYS5870973,D,S,D,2024-10-22,1000000.00,4.570046,94.234375
08:00:45,912810UD8,TSRYS5870973,D,S,D,2024-10-22,4000000.00,4.570046,94.234375
08:00:45,912810UD8,TSRYS5870973,D,S,C,2024-10-22,7800000.00,4.568792,94.25
08:00:46,912810UD8,TSRYS5870973,D,S,A,2024-10-22,30000.00,4.571896,94.22800416667
08:00:47,912810UD8,TSRYS5870973,D,S,A,2024-10-22,1800000.00,4.557201,94.39453125
08:00:57,912810UD8,TSRYS5870973,D,S,D,2024-10-22,1000000.00,4.57083,94.224609375
08:00:57,912810UD8,TSRYS5870973,D,S,D,2024-10-22,1000000.00,4.57083,94.224609375
08:00:57,912810UD8,TSRYS5870973,D,S,D,2024-10-22,1000000.00,4.570046,94.234375
08:00:57,912810UD8,TSRYS5870973,D,S,D,2024-10-22,1000000.00,4.570046,94.234375
08:00:57,912810UD8,TSRYS5870973,D,S,D,2024-10-22,1000000.00,4.570046,94.234375
08:00:57,912810UD8,TSRYS5870973,D,S,C,2024-10-22,1000000.00,4.564716,94.30078125
08:00:57,912810UD8,TSRYS5870973,D,S,C,2024-10-22,1000000.00,4.564716,94.30078125
08:00:58,912810UD8,TSRYS5870973,D,S,T,2024-10-22,1000000.00,4.563937,94.310496875
08:00:59,912810UD8,TSRYS5870973,D,S,D,2024-10-22,1000000.00,4.566597,94.27734375
08:00:59,912810UD8,TSRYS5870973,D,S,D,2024-10-22,1000000.00,4.560331,94.35546875
08:00:59,912810UD8,TSRYS5870973,D,B,C,2024-10-22,1000000.00,4.560331,94.35546875
08:00:59,912810UD8,TSRYS5870973,D,S,C,2024-10-22,1000000.00,4.560957,94.34765625
08:00:59,912810UD8,TSRYS5870973,D,S,C,2024-10-22,1000000.00,4.560957,94.34765625
08:01:00,912810UD8,TSRYS5870973,D,S,D,2024-10-22,160000.00,4.56409,94.30859375
08:01:00,912810UD8,TSRYS5870973,D,S,C,2024-10-22,1000000.00,4.557201,94.39453125
08:01:00,912810UD8,TSRYS5870973,D,S,D,2024-10-22,1000000.00,4.562523,94.328125
08:01:00,912810UD8,TSRYS5870973,D,S,C,2024-10-22,1000000.00,4.557201,94.39453125
08:01:00,912810UD8,TSRYS5870973,D,B,C,2024-10-22,1000000.00,4.562523,94.328125
08:01:00,912810UD8,TSRYS5870973,D,B,C,2024-10-22,1000000.00,4.557201,94.39453125
08:01:00,912810UD8,TSRYS5870973,D,S,C,2024-10-22,1000000.00,4.557201,94.39453125
08:01:00,912810UD8,TSRYS5870973,D,S,C,2024-10-22,1000000.00,4.557201,94.39453125
08:01:00,912810UD8,TSRYS5870973,D,S,C,2024-10-22,1000000.00,4.557201,94.39453125
08:01:00,912810UD8,TSRYS5870973,D,S,C,2024-10-22,1000000.00,4.557827,94.38671875
08:01:00,912810UD8,TSRYS5870973,D,S,C,2024-10-22,1000000.00,4.557827,94.38671875
08:01:00,912810UD8,TSRYS5870973,D,B,C,2024-10-22,1000000.00,4.555323,94.41796875
08:01:00,912810UD8,TSRYS5870973,D,S,D,2024-10-22,1000000.00,4.555323,94.41796875
08:01:00,912810UD8,TSRYS5870973,D,S,C,2024-10-22,1000000.00,4.557514,94.390625
08:01:00,912810UD8,TSRYS5870973,D,S,D,2024-10-22,1000000.00,4.556888,94.3984375
08:01:00,912810UD8,TSRYS5870973,D,S,D,2024-10-22,1000000.00,4.558766,94.375
08:01:00,912810UD8,TSRYS5870973,D,S,D,2024-10-22,1000000.00,4.557201,94.39453125
08:01:00,912810UD8,TSRYS5870973,D,S,D,2024-10-22,1000000.00,4.570046,94.234375
08:01:00,912810UD8,TSRYS5870973,D,B,C,2024-10-22,1000000.00,4.570046,94.234375
08:01:00,912810UD8,TSRYS5870973,D,S,D,2024-10-22,1000000.00,4.572242,94.20703125
08:01:00,912810UD8,TSRYS5870973,D,B,C,2024-10-22,1000000.00,4.572242,94.20703125
08:01:00,912810UD8,TSRYS5870973,D,B,C,2024-10-22,1000000.00,4.573497,94.19140625
08:01:00,912810UD8,TSRYS5870973,D,B,C,2024-10-22,1000000.00,4.572242,94.20703125
08:01:00,912810UD8,TSRYS5870973,D,S,D,2024-10-22,1000000.00,4.572242,94.20703125
08:01:00,912810UD8,TSRYS5870973,D,S,D,2024-10-22,1000000.00,4.573497,94.19140625
08:01:00,912810UD8,TSRYS5870973,D,B,C,2024-10-22,1000000.00,4.576322,94.15625
08:01:00,912810UD8,TSRYS5870973,D,B,C,2024-10-22,1000000.00,4.574125,94.18359375
08:01:00,912810UD8,TSRYS5870973,D,S,C,2024-10-22,1000000.00,4.574125,94.18359375
08:01:00,912810UD8,TSRYS5870973,D,S,D,2024-10-22,1000000.00,4.576322,94.15625
08:01:00,912810UD8,TSRYS5870973,D,B,C,2024-10-22,1000000.00,4.576322,94.15625
08:01:00,912810UD8,TSRYS5870973,D,S,D,2024-10-22,1000000.00,4.576322,94.15625
08:01:00,912810UD8,TSRYS5870973,D,B,C,2024-10-22,1000000.00,4.576636,94.15234375
08:01:00,912810UD8,TSRYS5870973,D,S,A,2024-10-22,2000000.00,4.557514,94.390625
08:01:00,912810UD8,TSRYS5870973,D,S,D,2024-10-22,1000000.00,4.576636,94.15234375
08:01:01,912810UD8,TSRYS5870973,D,S,D,2024-10-22,1000000.00,4.575067,94.171875
08:01:01,912810UD8,TSRYS5870973,D,B,C,2024-10-22,1000000.00,4.577893,94.13671875
08:01:01,912810UD8,TSRYS5870973,D,S,D,2024-10-22,1000000.00,4.577893,94.13671875
08:01:01,912810UD8,TSRYS5870973,D,B,C,2024-10-22,1000000.00,4.576636,94.15234375
08:01:01,912810UD8,TSRYS5870973,D,S,C,2024-10-22,1000000.00,4.576636,94.15234375
08:01:01,912810UD8,TSRYS5870973,D,S,D,2024-10-22,1000000.00,4.580091,94.109375
08:01:01,912810UD8,TSRYS5870973,D,B,C,2024-10-22,1000000.00,4.580091,94.109375
08:01:01,912810UD8,TSRYS5870973,D,B,C,2024-10-22,1000000.00,4.586064,94.03515625
08:01:01,912810UD8,TSRYS5870973,D,S,D,2024-10-22,1000000.00,4.586064,94.03515625
08:01:02,912810UD8,TSRYS5870973,D,B,C,2024-10-22,1000000.00,4.576008,94.16015625
08:01:02,912810UD8,TSRYS5870973,D,S,D,2024-10-22,1000000.00,4.576008,94.16015625
08:01:02,912810UD8,TSRYS5870973,D,S,C,2024-10-22,1000000.00,4.577264,94.14453125
08:01:02,912810UD8,TSRYS5870973,D,B,C,2024-10-22,1000000.00,4.56597,94.28515625
08:01:02,912810UD8,TSRYS5870973,D,S,C,2024-10-22,1000000.00,4.56597,94.28515625
08:01:03,912810UD8,TSRYS5870973,D,B,C,2024-10-22,1000000.00,4.561897,94.3359375
08:01:03,912810UD8,TSRYS5870973,D,S,C,2024-10-22,1000000.00,4.561897,94.3359375
08:01:03,912810UD8,TSRYS5870973,D,B,C,2024-10-22,1000000.00,4.569732,94.23828125
08:01:03,912810UD8,TSRYS5870973,D,S,C,2024-10-22,1000000.00,4.569732,94.23828125
08:01:03,912810UD8,TSRYS5870973,D,S,D,2024-10-22,1000000.00,4.56691,94.2734375
08:01:03,912810UD8,TSRYS5870973,D,B,C,2024-10-22,1000000.00,4.564716,94.30078125
08:01:03,912810UD8,TSRYS5870973,D,S,D,2024-10-22,1000000.00,4.564716,94.30078125
08:01:03,912810UD8,TSRYS5870973,D,B,C,2024-10-22,1000000.00,4.564716,94.30078125
08:01:03,912810UD8,TSRYS5870973,D,S,D,2024-10-22,1000000.00,4.564716,94.30078125
08:01:03,912810UD8,TSRYS5870973,D,B,C,2024-10-22,1000000.00,4.564716,94.30078125
08:01:03,912810UD8,TSRYS5870973,D,S,D,2024-10-22,1000000.00,4.564716,94.30078125
08:01:03,912810UD8,TSRYS5870973,D,B,C,2024-10-22,1000000.00,4.564716,94.30078125
08:01:03,912810UD8,TSRYS5870973,D,S,D,2024-10-22,1000000.00,4.564716,94.30078125
08:01:03,912810UD8,TSRYS5870973,D,S,D,2024-10-22,1000000.00,4.570046,94.234375
08:01:03,912810UD8,TSRYS5870973,D,B,C,2024-10-22,1000000.00,4.569419,94.2421875
08:01:03,912810UD8,TSRYS5870973,D,S,D,2024-10-22,1000000.00,4.569419,94.2421875
08:01:04,912810UD8,TSRYS5870973,D,S,A,2024-10-22,800000.00,4.55501,94.421875
08:01:07,912810UD8,TSRYS5870973,D,S,A,2024-10-22,980000.00,4.555604,94.4144625
08:01:07,912810UD8,TSRYS5870973,D,S,A,2024-10-22,800000.00,4.556888,94.3984375
08:01:09,912810UD8,TSRYS5870973,D,B,C,2024-10-22,1000000.00,4.554072,94.43359375
08:01:09,912810UD8,TSRYS5870973,D,B,C,2024-10-22,1000000.00,4.554072,94.43359375
08:01:09,912810UD8,TSRYS5870973,D,S,D,2024-10-22,1000000.00,4.554072,94.43359375
08:01:09,912810UD8,TSRYS5870973,D,S,D,2024-10-22,1000000.00,4.554072,94.43359375
08:01:09,912810UD8,TSRYS5870973,D,S,A,2024-10-22,7335900.00,4.557201,94.39453125
08:01:11,912810UD8,TSRYS5870973,D,S,T,2024-10-22,1000000.00,4.569584,94.240134375
08:01:11,912810UD8,TSRYS5870973,D,S,T,2024-10-22,1000000.00,4.56974,94.23818125
08:01:11,912810UD8,TSRYS5870973,D,S,D,2024-10-22,95000.00,4.552508,94.453125
08:01:12,912810UD8,TSRYS5870973,D,S,A,2024-10-22,500000.00,4.559705,94.36328125
08:01:12,912810UD8,TSRYS5870973,D,S,D,2024-10-22,15000000.00,4.557014,94.3968542
08:01:12,912810UD8,TSRYS5870973,D,S,D,2024-10-22,2000000.00,4.558631,94.3766766
08:01:12,912810UD8,TSRYS5870973,D,S,C,2024-10-22,447000.00,4.564716,94.30078125
08:01:13,912810UD8,TSRYS5870973,D,S,A,2024-10-22,16600.00,4.562559,94.328125
08:01:13,912810UD8,TSRYS5870973,D,S,A,2024-10-22,530000.00,4.570673,94.2265625
08:01:15,912810UD8,TSRYS5870973,D,S,T,2024-10-22,1000000.00,4.557357,94.39257812
08:01:15,912810UD8,TSRYS5870973,D,S,T,2024-10-22,1000000.00,4.557357,94.39257812
08:01:15,912810UD8,TSRYS5870973,D,S,D,2024-10-22,10350000.00,4.469301,95.5
08:01:15,912810UD8,TSRYS5870973,D,S,T,2024-10-22,1000000.00,4.55753,94.390425
08:01:15,912810UD8,TSRYS5870973,D,S,T,2024-10-22,1000000.00,4.55753,94.390425
08:01:15,912810UD8,TSRYS5870973,D,S,T,2024-10-22,1000000.00,4.55753,94.390425
08:01:15,912810UD8,TSRYS5870973,D,S,T,2024-10-22,1000000.00,4.55753,94.390425
08:01:15,912810UD8,TSRYS5870973,D,S,T,2024-10-22,1000000.00,4.55753,94.390425
08:01:16,912810UD8,TSRYS5870973,D,S,T,2024-10-22,1000000.00,4.55753,94.390425
08:01:16,912810UD8,TSRYS5870973,D,S,T,2024-10-22,1000000.00,4.55753,94.390425
08:01:16,912810UD8,TSRYS5870973,D,S,D,2024-10-22,1000000.00,4.55767,94.38867187
08:01:17,912810UD8,TSRYS5870973,D,S,D,2024-10-22,8000000.00,4.566921,94.27331
08:01:17,912810UD8,TSRYS5870973,D,S,T,2024-10-22,1000000.00,4.566293,94.281125
08:01:17,912810UD8,TSRYS5870973,D,S,T,2024-10-22,1000000.00,4.566293,94.281125
08:01:17,912810UD8,TSRYS5870973,D,S,T,2024-10-22,1000000.00,4.566293,94.281125
08:01:17,912810UD8,TSRYS5870973,D,S,T,2024-10-22,2000000.00,4.566293,94.281125
08:01:17,912810UD8,TSRYS5870973,D,S,T,2024-10-22,1000000.00,4.566293,94.281125
08:01:17,912810UD8,TSRYS5870973,D,S,T,2024-10-22,1000000.00,4.566293,94.281125
08:01:17,912810UD8,TSRYS5870973,D,S,T,2024-10-22,1000000.00,4.566293,94.281125
08:01:17,912810UD8,TSRYS5870973,D,S,T,2024-10-22,1000000.00,4.566293,94.281125
08:01:18,912810UD8,TSRYS5870973,D,S,D,2024-10-22,12000000.00,4.574325,94.1811
08:01:18,912810UD8,TSRYS5870973,D,S,T,2024-10-22,1000000.00,4.566293,94.281125
08:01:18,912810UD8,TSRYS5870973,D,S,T,2024-10-22,1000000.00,4.566283,94.28125
08:01:18,912810UD8,TSRYS5870973,D,S,T,2024-10-22,1000000.00,4.566283,94.28125
08:01:18,912810UD8,TSRYS5870973,D,S,T,2024-10-22,1000000.00,4.566283,94.28125
08:01:18,912810UD8,TSRYS5870973,D,S,T,2024-10-22,1000000.00,4.566283,94.28125
08:01:18,912810UD8,TSRYS5870973,D,S,T,2024-10-22,1000000.00,4.566137,94.283078125
08:01:20,912810UD8,TSRYS5870973,D,S,T,2024-10-22,1000000.00,4.569576,94.240234375
08:01:20,912810UD8,TSRYS5870973,D,S,T,2024-10-22,1000000.00,4.569732,94.23828125
08:01:22,912810UD8,TSRYS5870973,D,S,C,2024-10-22,8000000.00,4.554697,94.42578125
08:01:22,912810UD8,TSRYS5870973,D,S,C,2024-10-22,9000.00,4.556282,94.406
08:01:22,912810UD8,TSRYS5870973,D,S,T,2024-10-22,1000000.00,4.568804,94.249848
08:01:22,912810UD8,TSRYS5870973,D,B,A,2024-10-22,1000000.00,4.568804,94.249848
08:01:23,912810UD8,TSRYS5870973,D,S,D,2024-10-22,250000.00,4.559079,94.37109375
08:01:23,912810UD8,TSRYS5870973,D,B,A,2024-10-22,250000.00,4.559079,94.37109375
08:01:23,912810UD8,TSRYS5870973,D,S,D,2024-10-22,1000000.00,4.569105,94.24609375
08:01:23,912810UD8,TSRYS5870973,D,S,C,2024-10-22,1000000.00,4.568792,94.25
08:01:23,912810UD8,TSRYS5870973,D,B,C,2024-10-22,1000000.00,4.570046,94.234375
08:01:23,912810UD8,TSRYS5870973,D,S,D,2024-10-22,1000000.00,4.570046,94.234375
08:01:23,912810UD8,TSRYS5870973,D,B,C,2024-10-22,1000000.00,4.570046,94.234375
08:01:23,912810UD8,TSRYS5870973,D,B,C,2024-10-22,1000000.00,4.570046,94.234375
08:01:23,912810UD8,TSRYS5870973,D,S,D,2024-10-22,1000000.00,4.570046,94.234375
08:01:23,912810UD8,TSRYS5870973,D,S,D,2024-10-22,1000000.00,4.570046,94.234375
08:01:23,912810UD8,TSRYS5870973,D,B,C,2024-10-22,1000000.00,4.570046,94.234375
08:01:23,912810UD8,TSRYS5870973,D,S,D,2024-10-22,1000000.00,4.570046,94.234375
08:01:24,912810UD8,TSRYS5870973,D,S,D,2024-10-22,1000000.00,4.564716,94.30078125
08:01:24,912810UD8,TSRYS5870973,D,S,D,2024-10-22,1000000.00,4.564716,94.30078125
08:01:24,912810UD8,TSRYS5870973,D,S,D,2024-10-22,1000000.00,4.560331,94.35546875
08:01:24,912810UD8,TSRYS5870973,D,S,D,2024-10-22,1000000.00,4.560957,94.34765625
08:01:24,912810UD8,TSRYS5870973,D,S,D,2024-10-22,1000000.00,4.560957,94.34765625
08:01:24,912810UD8,TSRYS5870973,D,S,D,2024-10-22,1000000.00,4.560957,94.34765625
08:01:24,912810UD8,TSRYS5870973,D,S,C,2024-10-22,1000000.00,4.559079,94.37109375
08:01:24,912810UD8,TSRYS5870973,D,S,D,2024-10-22,1000000.00,4.55814,94.3828125
08:01:24,912810UD8,TSRYS5870973,D,B,C,2024-10-22,1000000.00,4.55814,94.3828125
08:01:24,912810UD8,TSRYS5870973,D,B,C,2024-10-22,1000000.00,4.559079,94.37109375
08:01:24,912810UD8,TSRYS5870973,D,S,D,2024-10-22,1000000.00,4.558766,94.375
08:01:25,912810UD8,TSRYS5870973,D,S,C,2024-10-22,1000000.00,4.556262,94.40625
08:01:25,912810UD8,TSRYS5870973,D,S,C,2024-10-22,1000000.00,4.553446,94.44140625
08:01:26,912810UD8,TSRYS5870973,D,S,D,2024-10-22,1000000.00,4.557514,94.390625
08:01:26,912810UD8,TSRYS5870973,D,S,D,2024-10-22,1000000.00,4.557514,94.390625
08:01:26,912810UD8,TSRYS5870973,D,S,D,2024-10-22,1000000.00,4.557201,94.39453125
08:01:26,912810UD8,TSRYS5870973,D,S,D,2024-10-22,1000000.00,4.557357,94.392578125
08:01:26,912810UD8,TSRYS5870973,D,S,D,2024-10-22,1000000.00,4.557357,94.392578125
08:01:26,912810UD8,TSRYS5870973,D,S,A,2024-10-22,1300000.00,4.576008,94.16015625
08:01:27,912810UD8,TSRYS5870973,D,S,A,2024-10-22,410000.00,4.572556,94.203125
08:01:27,912810UD8,TSRYS5870973,D,S,A,2024-10-22,410000.00,4.572556,94.203125
08:01:27,912810UD8,TSRYS5870973,D,S,D,2024-10-22,1000000.00,4.557357,94.392578125
08:01:27,912810UD8,TSRYS5870973,D,S,D,2024-10-22,1000000.00,4.557201,94.39453125
08:01:27,912810UD8,TSRYS5870973,D,S,T,2024-10-22,1000000.00,4.558766,94.375
08:01:27,912810UD8,TSRYS5870973,D,S,T,2024-10-22,1000000.00,4.560018,94.359375
08:01:28,912810UD8,TSRYS5870973,D,S,D,2024-10-22,1000000.00,4.554072,94.43359375
08:01:28,912810UD8,TSRYS5870973,D,S,D,2024-10-22,1000000.00,4.554072,94.43359375
08:01:28,912810UD8,TSRYS5870973,D,S,T,2024-10-22,1000000.00,4.56127,94.34375
08:01:28,912810UD8,TSRYS5870973,D,S,D,2024-10-22,1000000.00,4.557044,94.396484375
08:01:28,912810UD8,TSRYS5870973,D,S,D,2024-10-22,1000000.00,4.556888,94.3984375
08:01:28,912810UD8,TSRYS5870973,D,B,C,2024-10-22,1000000.00,4.559705,94.36328125
08:01:28,912810UD8,TSRYS5870973,D,S,D,2024-10-22,1000000.00,4.559705,94.36328125
08:01:28,912810UD8,TSRYS5870973,D,S,T,2024-10-22,1000000.00,4.571301,94.21875
08:01:29,912810UD8,TSRYS5870973,D,S,T,2024-10-22,1000000.00,4.577578,94.140625
08:01:29,912810UD8,TSRYS5870973,D,B,C,2024-10-22,1000000.00,4.553446,94.44140625
08:01:29,912810UD8,TSRYS5870973,D,S,D,2024-10-22,1000000.00,4.553446,94.44140625
08:01:29,912810UD8,TSRYS5870973,D,S,T,2024-10-22,1000000.00,4.576322,94.15625
08:01:29,912810UD8,TSRYS5870973,D,S,D,2024-10-22,500000.00,4.571614,94.21484375
08:01:30,912810UD8,TSRYS5870973,D,S,T,2024-10-22,1000000.00,4.578835,94.125
08:01:30,912810UD8,TSRYS5870973,D,S,T,2024-10-22,1000000.00,4.578835,94.125
08:01:30,912810UD8,TSRYS5870973,D,S,T,2024-10-22,1000000.00,4.578835,94.125
08:01:30,912810UD8,TSRYS5870973,D,S,D,2024-10-22,1000000.00,4.569576,94.240234375
08:01:30,912810UD8,TSRYS5870973,D,S,D,2024-10-22,1000000.00,4.569732,94.23828125
08:01:31,912810UD8,TSRYS5870973,D,B,A,2024-10-22,500000.00,4.575067,94.171875
08:01:31,912810UD8,TSRYS5870973,D,S,A,2024-10-22,34600.00,4.576674,94.15234375
08:01:32,912810UD8,TSRYS5870973,D,B,C,2024-10-22,2000000.00,4.583706,94.06445312
08:01:34,912810UD8,TSRYS5870973,D,S,T,2024-10-22,1000000.00,4.581348,94.09375
08:01:35,912810UD8,TSRYS5870973,D,S,D,2024-10-22,441000.00,4.553759,94.4375
08:01:35,912810UD8,TSRYS5870973,D,B,A,2024-10-22,441000.00,4.553759,94.4375
08:01:39,912810UD8,TSRYS5870973,D,S,D,2024-10-22,1000000.00,4.574596,94.177734375
08:01:39,912810UD8,TSRYS5870973,D,S,D,2024-10-22,1000000.00,4.574596,94.177734375
08:01:39,912810UD8,TSRYS5870973,D,B,C,2024-10-22,2000000.00,4.559861,94.36132812
08:01:39,912810UD8,TSRYS5870973,D,B,C,2024-10-22,2000000.00,4.559861,94.36132812
08:01:39,912810UD8,TSRYS5870973,D,S,T,2024-10-22,2000000.00,4.553759,94.4375
08:01:39,912810UD8,TSRYS5870973,D,S,T,2024-10-22,1000000.00,4.553759,94.4375
08:01:40,912810UD8,TSRYS5870973,D,B,C,2024-10-22,1000000.00,4.572713,94.201171875
08:01:40,912810UD8,TSRYS5870973,D,S,D,2024-10-22,1000000.00,4.572713,94.201171875
08:01:40,912810UD8,TSRYS5870973,D,S,D,2024-10-22,1000000.00,4.57334,94.193359375
08:01:40,912810UD8,TSRYS5870973,D,S,T,2024-10-22,1000000.00,4.54939,94.4920875
08:01:40,912810UD8,TSRYS5870973,D,S,T,2024-10-22,1000000.00,4.549546,94.490134375
08:01:40,912810UD8,TSRYS5870973,D,B,A,2024-10-22,980000.00,4.557546,94.390225
08:01:40,912810UD8,TSRYS5870973,D,S,D,2024-10-22,1000000.00,4.574753,94.17578125
08:01:40,912810UD8,TSRYS5870973,D,S,D,2024-10-22,1000000.00,4.574596,94.177734375
08:01:40,912810UD8,TSRYS5870973,D,S,D,2024-10-22,1000000.00,4.574596,94.177734375
08:01:40,912810UD8,TSRYS5870973,D,S,D,2024-10-22,1000000.00,4.574596,94.177734375
08:01:40,912810UD8,TSRYS5870973,D,S,D,2024-10-22,1000000.00,4.574596,94.177734375
08:01:40,912810UD8,TSRYS5870973,D,S,D,2024-10-22,1000000.00,4.574596,94.177734375
08:01:40,912810UD8,TSRYS5870973,D,S,D,2024-10-22,1000000.00,4.574282,94.181640625
08:01:40,912810UD8,TSRYS5870973,D,S,D,2024-10-22,1000000.00,4.574282,94.181640625
08:01:40,912810UD8,TSRYS5870973,D,S,D,2024-10-22,1000000.00,4.573968,94.185546875
08:01:41,912810UD8,TSRYS5870973,D,S,D,2024-10-22,95000.00,4.561897,94.3359375
08:01:41,912810UD8,TSRYS5870973,D,B,C,2024-10-22,2000000.00,4.583706,94.06445312
08:01:42,912810UD8,TSRYS5870973,D,S,C,2024-10-22,1000000.00,4.575224,94.169921875
08:01:42,912810UD8,TSRYS5870973,D,S,D,2024-10-22,1000000.00,4.576479,94.154296875
08:01:42,912810UD8,TSRYS5870973,D,S,D,2024-10-22,1000000.00,4.576322,94.15625
08:01:42,912810UD8,TSRYS5870973,D,S,D,2024-10-22,1000000.00,4.576322,94.15625
08:01:42,912810UD8,TSRYS5870973,D,S,D,2024-10-22,1000000.00,4.576322,94.15625
08:01:42,912810UD8,TSRYS5870973,D,S,D,2024-10-22,1000000.00,4.576322,94.15625
08:01:42,912810UD8,TSRYS5870973,D,S,D,2024-10-22,1000000.00,4.576322,94.15625
08:01:42,912810UD8,TSRYS5870973,D,S,C,2024-10-22,1000000.00,4.576479,94.154296875
08:01:42,912810UD8,TSRYS5870973,D,S,D,2024-10-22,1000000.00,4.575224,94.169921875
08:01:42,912810UD8,TSRYS5870973,D,S,D,2024-10-22,1000000.00,4.575067,94.171875
08:01:43,912810UD8,TSRYS5870973,D,S,D,2024-10-22,1000000.00,4.577578,94.140625
08:01:44,912810UD8,TSRYS5870973,D,S,D,2024-10-22,1000000.00,4.577578,94.140625
08:01:44,912810UD8,TSRYS5870973,D,S,C,2024-10-22,2000000.00,4.556206,94.40695
08:01:44,912810UD8,TSRYS5870973,D,S,C,2024-10-22,2000000.00,4.554798,94.42453
08:01:44,912810UD8,TSRYS5870973,D,S,C,2024-10-22,2000000.00,4.557457,94.39133
08:01:44,912810UD8,TSRYS5870973,D,S,D,2024-10-22,250000.00,4.557201,94.39453125
08:01:46,912810UD8,TSRYS5870973,D,S,T,2024-10-22,1000000.00,4.570046,94.234375
08:01:46,912810UD8,TSRYS5870973,D,S,C,2024-10-22,1000000.00,4.579306,94.119140625
08:01:47,912810UD8,TSRYS5870973,D,S,T,2024-10-22,1000000.00,4.55753,94.390425
08:01:47,912810UD8,TSRYS5870973,D,S,T,2024-10-22,1000000.00,4.55753,94.390425
08:01:47,912810UD8,TSRYS5870973,D,S,T,2024-10-22,1000000.00,4.55753,94.390425
08:01:47,912810UD8,TSRYS5870973,D,S,T,2024-10-22,1000000.00,4.55753,94.390425
08:01:47,912810UD8,TSRYS5870973,D,S,D,2024-10-22,1000000.00,4.557514,94.390625
08:01:47,912810UD8,TSRYS5870973,D,S,D,2024-10-22,1000000.00,4.557514,94.390625
08:01:47,912810UD8,TSRYS5870973,D,S,T,2024-10-22,1000000.00,4.557514,94.390625
08:01:47,912810UD8,TSRYS5870973,D,S,T,2024-10-22,1000000.00,4.557514,94.390625
08:01:47,912810UD8,TSRYS5870973,D,S,T,2024-10-22,1000000.00,4.557201,94.39453125
08:01:47,912810UD8,TSRYS5870973,D,S,D,2024-10-22,1000000.00,4.557201,94.39453125
08:01:48,912810UD8,TSRYS5870973,D,S,D,2024-10-22,6000000.00,4.582888,94.07462
08:01:50,912810UD8,TSRYS5870973,D,S,D,2024-10-22,5000000.00,4.568792,94.25
08:01:52,912810UD8,TSRYS5870973,D,B,A,2024-10-22,226000.00,4.575067,94.171875
08:01:53,912810UD8,TSRYS5870973,D,S,C,2024-10-22,1000000.00,4.576793,94.15039062
08:01:54,912810UD8,TSRYS5870973,D,S,D,2024-10-22,1000000.00,4.577421,94.142578125
08:01:54,912810UD8,TSRYS5870973,D,S,D,2024-10-22,519000.00,4.554072,94.43359375
08:01:54,912810UD8,TSRYS5870973,D,S,D,2024-10-22,1000000.00,4.576322,94.15625
08:01:54,912810UD8,TSRYS5870973,D,S,D,2024-10-22,1000000.00,4.577578,94.140625
08:01:54,912810UD8,TSRYS5870973,D,S,D,2024-10-22,1000000.00,4.577578,94.140625
08:01:54,912810UD8,TSRYS5870973,D,S,D,2024-10-22,1000000.00,4.578835,94.125
08:01:54,912810UD8,TSRYS5870973,D,S,D,2024-10-22,1000000.00,4.575694,94.1640625
08:01:54,912810UD8,TSRYS5870973,D,S,D,2024-10-22,1000000.00,4.575694,94.1640625
08:01:55,912810UD8,TSRYS5870973,D,S,C,2024-10-22,1000000.00,4.579777,94.11328125
08:01:55,912810UD8,TSRYS5870973,D,S,T,2024-10-22,1000000.00,4.57962,94.11523437
08:01:55,912810UD8,TSRYS5870973,D,S,C,2024-10-22,1000000.00,4.57962,94.11523437
08:01:55,912810UD8,TSRYS5870973,D,S,C,2024-10-22,1000000.00,4.57962,94.11523437
08:01:55,912810UD8,TSRYS5870973,D,S,D,2024-10-22,1000000.00,4.57962,94.11523437
08:01:55,912810UD8,TSRYS5870973,D,S,D,2024-10-22,1000000.00,4.579777,94.11328125
08:01:55,912810UD8,TSRYS5870973,D,S,D,2024-10-22,1000000.00,4.57962,94.11523437
08:01:55,912810UD8,TSRYS5870973,D,S,T,2024-10-22,1000000.00,4.579777,94.11328125
08:01:55,912810UD8,TSRYS5870973,D,S,D,2024-10-22,1000000.00,4.579777,94.11328125
08:01:55,912810UD8,TSRYS5870973,D,S,T,2024-10-22,1000000.00,4.579777,94.11328125
08:01:55,912810UD8,TSRYS5870973,D,S,D,2024-10-22,1000000.00,4.579777,94.11328125
08:01:55,912810UD8,TSRYS5870973,D,S,D,2024-10-22,1000000.00,4.579934,94.11132812
08:01:55,912810UD8,TSRYS5870973,D,S,T,2024-10-22,1000000.00,4.579934,94.11132812
08:01:55,912810UD8,TSRYS5870973,D,S,D,2024-10-22,1000000.00,4.579934,94.11132812
08:01:55,912810UD8,TSRYS5870973,D,S,D,2024-10-22,1000000.00,4.579934,94.11132812
08:01:55,912810UD8,TSRYS5870973,D,S,D,2024-10-22,1000000.00,4.579777,94.11328125
08:01:55,912810UD8,TSRYS5870973,D,S,D,2024-10-22,1000000.00,4.579934,94.11132812
08:01:55,912810UD8,TSRYS5870973,D,S,D,2024-10-22,1000000.00,4.579777,94.11328125
08:01:55,912810UD8,TSRYS5870973,D,S,D,2024-10-22,1000000.00,4.579934,94.11132812
08:01:55,912810UD8,TSRYS5870973,D,S,T,2024-10-22,1000000.00,4.579934,94.11132812
08:01:55,912810UD8,TSRYS5870973,D,S,D,2024-10-22,1000000.00,4.579934,94.11132812
08:01:55,912810UD8,TSRYS5870973,D,S,D,2024-10-22,1000000.00,4.579934,94.11132812
08:01:55,912810UD8,TSRYS5870973,D,S,T,2024-10-22,1000000.00,4.579934,94.11132812
08:01:55,912810UD8,TSRYS5870973,D,S,T,2024-10-22,1000000.00,4.579777,94.11328125
08:01:55,912810UD8,TSRYS5870973,D,S,T,2024-10-22,1000000.00,4.579934,94.11132812
08:01:55,912810UD8,TSRYS5870973,D,S,C,2024-10-22,1000000.00,4.579934,94.11132812
08:01:55,912810UD8,TSRYS5870973,D,S,D,2024-10-22,1000000.00,4.579777,94.11328125
08:01:55,912810UD8,TSRYS5870973,D,S,D,2024-10-22,1000000.00,4.577421,94.14257812
08:01:55,912810UD8,TSRYS5870973,D,S,T,2024-10-22,1000000.00,4.577578,94.140625
08:01:55,912810UD8,TSRYS5870973,D,S,D,2024-10-22,1000000.00,4.577578,94.140625
08:01:55,912810UD8,TSRYS5870973,D,S,T,2024-10-22,1000000.00,4.577421,94.14257812
08:01:55,912810UD8,TSRYS5870973,D,S,C,2024-10-22,1000000.00,4.577107,94.14648437
08:01:55,912810UD8,TSRYS5870973,D,S,D,2024-10-22,1000000.00,4.577264,94.14453125
08:01:55,912810UD8,TSRYS5870973,D,S,D,2024-10-22,1000000.00,4.576322,94.15625
08:01:55,912810UD8,TSRYS5870973,D,S,D,2024-10-22,1000000.00,4.577264,94.14453125
08:01:55,912810UD8,TSRYS5870973,D,S,D,2024-10-22,1000000.00,4.576322,94.15625
08:01:56,912810UD8,TSRYS5870973,D,S,D,2024-10-22,1000000.00,4.575067,94.171875
08:01:56,912810UD8,TSRYS5870973,D,B,C,2024-10-22,1000000.00,4.575067,94.171875
08:01:56,912810UD8,TSRYS5870973,D,S,T,2024-10-22,1000000.00,4.575067,94.171875
08:01:56,912810UD8,TSRYS5870973,D,S,D,2024-10-22,1000000.00,4.575381,94.16796875
08:01:57,912810UD8,TSRYS5870973,D,B,A,2024-10-22,1300000.00,4.563776,94.3125
08:01:57,912810UD8,TSRYS5870973,D,B,A,2024-10-22,1300000.00,4.563776,94.3125
08:01:58,912810UD8,TSRYS5870973,D,S,C,2024-10-22,1000000.00,4.576479,94.154296875
08:01:58,912810UD8,TSRYS5870973,D,S,C,2024-10-22,1000000.00,4.575851,94.162109375
08:01:58,912810UD8,TSRYS5870973,D,S,D,2024-10-22,1000000.00,4.568792,94.25
08:01:58,912810UD8,TSRYS5870973,D,S,D,2024-10-22,1000000.00,4.568792,94.25
08:01:58,912810UD8,TSRYS5870973,D,S,D,2024-10-22,1000000.00,4.573811,94.1875
08:01:58,912810UD8,TSRYS5870973,D,S,C,2024-10-22,1000000.00,4.561252,94.343975
08:01:58,912810UD8,TSRYS5870973,D,S,T,2024-10-22,1000000.00,4.568792,94.25
08:01:58,912810UD8,TSRYS5870973,D,S,C,2024-10-22,1000000.00,4.561256,94.343925
08:01:58,912810UD8,TSRYS5870973,D,S,C,2024-10-22,1000000.00,4.561256,94.343925
08:01:59,912810UD8,TSRYS5870973,D,S,D,2024-10-22,1000000.00,4.568792,94.25
08:01:59,912810UD8,TSRYS5870973,D,S,D,2024-10-22,1000000.00,4.568792,94.25
08:01:59,912810UD8,TSRYS5870973,D,S,D,2024-10-22,1000000.00,4.568635,94.25195312
08:01:59,912810UD8,TSRYS5870973,D,S,D,2024-10-22,1000000.00,4.568635,94.25195312
08:01:59,912810UD8,TSRYS5870973,D,S,T,2024-10-22,1000000.00,4.568808,94.2498
08:01:59,912810UD8,TSRYS5870973,D,S,T,2024-10-22,1000000.00,4.568808,94.2498
08:01:59,912810UD8,TSRYS5870973,D,S,T,2024-10-22,1000000.00,4.568808,94.2498
08:01:59,912810UD8,TSRYS5870973,D,S,D,2024-10-22,1000000.00,4.568792,94.25
08:01:59,912810UD8,TSRYS5870973,D,S,T,2024-10-22,1000000.00,4.568808,94.2498
08:01:59,912810UD8,TSRYS5870973,D,S,T,2024-10-22,1000000.00,4.568808,94.2498
08:01:59,912810UD8,TSRYS5870973,D,S,D,2024-10-22,1000000.00,4.568321,94.25585937
08:01:59,912810UD8,TSRYS5870973,D,S,D,2024-10-22,1000000.00,4.568321,94.25585937
08:01:59,912810UD8,TSRYS5870973,D,B,C,2024-10-22,15000000.00,4.568788,94.25005
08:02:00,912810UD8,TSRYS5870973,D,B,C,2024-10-22,1000000.00,4.561289,94.343523
08:02:00,912810UD8,TSRYS5870973,D,S,D,2024-10-22,1000000.00,4.56127,94.34375
08:02:00,912810UD8,TSRYS5870973,D,S,T,2024-10-22,1000000.00,4.556262,94.40625
08:02:00,912810UD8,TSRYS5870973,D,S,T,2024-10-22,1000000.00,4.556888,94.3984375
08:02:00,912810UD8,TSRYS5870973,D,S,T,2024-10-22,1000000.00,4.559548,94.365234375
08:02:00,912810UD8,TSRYS5870973,D,S,T,2024-10-22,1000000.00,4.559392,94.3671875
08:02:00,912810UD8,TSRYS5870973,D,S,D,2024-10-22,1000000.00,4.575067,94.171875
08:02:00,912810UD8,TSRYS5870973,D,S,D,2024-10-22,1000000.00,4.57287,94.19921875
08:02:00,912810UD8,TSRYS5870973,D,S,D,2024-10-22,1000000.00,4.57962,94.115234375
08:02:00,912810UD8,TSRYS5870973,D,S,D,2024-10-22,1000000.00,4.579777,94.11328125
08:02:00,912810UD8,TSRYS5870973,D,S,D,2024-10-22,1000000.00,4.579777,94.11328125
08:02:00,912810UD8,TSRYS5870973,D,S,D,2024-10-22,1000000.00,4.579934,94.111328125
08:02:00,912810UD8,TSRYS5870973,D,S,D,2024-10-22,1000000.00,4.579934,94.111328125
08:02:00,912810UD8,TSRYS5870973,D,S,D,2024-10-22,1000000.00,4.579934,94.111328125
08:02:00,912810UD8,TSRYS5870973,D,S,C,2024-10-22,1000000.00,4.578992,94.123046875
08:02:00,912810UD8,TSRYS5870973,D,S,D,2024-10-22,1000000.00,4.579777,94.11328125
08:02:00,912810UD8,TSRYS5870973,D,S,D,2024-10-22,1000000.00,4.579934,94.111328125
08:02:00,912810UD8,TSRYS5870973,D,S,T,2024-10-22,1000000.00,4.582606,94.078125
08:02:00,912810UD8,TSRYS5870973,D,S,D,2024-10-22,1000000.00,4.582606,94.078125
08:02:00,912810UD8,TSRYS5870973,D,S,C,2024-10-22,1000000.00,4.558752,94.375175
08:02:00,912810UD8,TSRYS5870973,D,S,D,2024-10-22,1000000.00,4.581348,94.09375
08:02:00,912810UD8,TSRYS5870973,D,S,T,2024-10-22,1000000.00,4.580877,94.099609375
08:02:01,912810UD8,TSRYS5870973,D,S,T,2024-10-22,1000000.00,4.575224,94.169921875
08:02:01,912810UD8,TSRYS5870973,D,S,D,2024-10-22,2000000.00,4.574439,94.1796875
08:02:01,912810UD8,TSRYS5870973,D,S,D,2024-10-22,2000000.00,4.558766,94.375
08:02:01,912810UD8,TSRYS5870973,D,S,D,2024-10-22,1000000.00,4.577421,94.142578125
08:02:01,912810UD8,TSRYS5870973,D,S,D,2024-10-22,1000000.00,4.577578,94.140625
08:02:01,912810UD8,TSRYS5870973,D,S,T,2024-10-22,1000000.00,4.567537,94.265625
08:02:01,912810UD8,TSRYS5870973,D,S,T,2024-10-22,1000000.00,4.562367,94.330078125
08:02:01,912810UD8,TSRYS5870973,D,S,T,2024-10-22,1000000.00,4.568792,94.25
08:02:01,912810UD8,TSRYS5870973,D,S,T,2024-10-22,2000000.00,4.573183,94.1953125
08:02:01,912810UD8,TSRYS5870973,D,S,D,2024-10-22,1000000.00,4.560018,94.359375
08:02:01,912810UD8,TSRYS5870973,D,S,T,2024-10-22,1000000.00,4.56503,94.296875
08:02:01,912810UD8,TSRYS5870973,D,S,D,2024-10-22,1000000.00,4.570517,94.228515625
08:02:01,912810UD8,TSRYS5870973,D,S,D,2024-10-22,1000000.00,4.562053,94.333984375
08:02:01,912810UD8,TSRYS5870973,D,S,D,2024-10-22,15000.00,4.55501,94.421875
08:02:01,912810UD8,TSRYS5870973,D,S,T,2024-10-22,1000000.00,4.573811,94.1875
08:02:01,912810UD8,TSRYS5870973,D,S,T,2024-10-22,1000000.00,4.560018,94.359375
08:02:01,912810UD8,TSRYS5870973,D,S,T,2024-10-22,1000000.00,4.560018,94.359375
08:02:01,912810UD8,TSRYS5870973,D,S,T,2024-10-22,1000000.00,4.560018,94.359375
08:02:01,912810UD8,TSRYS5870973,D,S,T,2024-10-22,1000000.00,4.556262,94.40625
08:02:01,912810UD8,TSRYS5870973,D,S,T,2024-10-22,1000000.00,4.557514,94.390625
08:02:01,912810UD8,TSRYS5870973,D,S,T,2024-10-22,1000000.00,4.557514,94.390625
08:02:01,912810UD8,TSRYS5870973,D,S,T,2024-10-22,1000000.00,4.560018,94.359375
08:02:01,912810UD8,TSRYS5870973,D,S,T,2024-10-22,1000000.00,4.570046,94.234375
08:02:01,912810UD8,TSRYS5870973,D,S,T,2024-10-22,1000000.00,4.570046,94.234375
08:02:01,912810UD8,TSRYS5870973,D,S,T,2024-10-22,1000000.00,4.573811,94.1875
08:02:01,912810UD8,TSRYS5870973,D,S,D,2024-10-22,1000000.00,4.558766,94.375
08:02:01,912810UD8,TSRYS5870973,D,S,T,2024-10-22,1000000.00,4.577578,94.140625
08:02:01,912810UD8,TSRYS5870973,D,S,T,2024-10-22,1000000.00,4.580091,94.109375
08:02:02,912810UD8,TSRYS5870973,D,S,T,2024-10-22,1000000.00,4.580091,94.109375
08:02:02,912810UD8,TSRYS5870973,D,S,T,2024-10-22,1000000.00,4.581348,94.09375
08:02:02,912810UD8,TSRYS5870973,D,S,T,2024-10-22,1000000.00,4.581348,94.09375
08:02:02,912810UD8,TSRYS5870973,D,S,T,2024-10-22,1000000.00,4.577578,94.140625
08:02:02,912810UD8,TSRYS5870973,D,S,T,2024-10-22,1000000.00,4.576322,94.15625
08:02:02,912810UD8,TSRYS5870973,D,S,C,2024-10-22,4000000.00,4.566283,94.28125
08:02:02,912810UD8,TSRYS5870973,D,S,A,2024-10-22,3000000.00,4.566283,94.28125
08:02:02,912810UD8,TSRYS5870973,D,S,T,2024-10-22,1000000.00,4.576322,94.15625
08:02:02,912810UD8,TSRYS5870973,D,S,D,2024-10-22,1000000.00,4.558766,94.375
08:02:02,912810UD8,TSRYS5870973,D,S,A,2024-10-22,100000.00,4.568792,94.25
08:02:02,912810UD8,TSRYS5870973,D,S,T,2024-10-22,1000000.00,4.576322,94.15625
08:02:02,912810UD8,TSRYS5870973,D,S,T,2024-10-22,1000000.00,4.576322,94.15625
08:02:02,912810UD8,TSRYS5870973,D,S,C,2024-10-22,1000000.00,4.568792,94.25
08:02:02,912810UD8,TSRYS5870973,D,S,T,2024-10-22,1000000.00,4.573811,94.1875
08:02:02,912810UD8,TSRYS5870973,D,S,T,2024-10-22,1000000.00,4.572556,94.203125
08:02:02,912810UD8,TSRYS5870973,D,S,A,2024-10-22,500000.00,4.569419,94.2421875
08:02:02,912810UD8,TSRYS5870973,D,S,T,2024-10-22,1000000.00,4.572556,94.203125
08:02:02,912810UD8,TSRYS5870973,D,S,T,2024-10-22,1000000.00,4.568792,94.25
08:02:02,912810UD8,TSRYS5870973,D,S,T,2024-10-22,1000000.00,4.562523,94.328125
08:02:02,912810UD8,TSRYS5870973,D,S,T,2024-10-22,1000000.00,4.563776,94.3125
08:02:02,912810UD8,TSRYS5870973,D,S,T,2024-10-22,1000000.00,4.562523,94.328125
08:02:02,912810UD8,TSRYS5870973,D,S,T,2024-10-22,1000000.00,4.563776,94.3125
08:02:02,912810UD8,TSRYS5870973,D,S,T,2024-10-22,1000000.00,4.563776,94.3125
08:02:02,912810UD8,TSRYS5870973,D,S,T,2024-10-22,1000000.00,4.562523,94.328125
08:02:02,912810UD8,TSRYS5870973,D,S,T,2024-10-22,1000000.00,4.56503,94.296875
08:02:02,912810UD8,TSRYS5870973,D,S,T,2024-10-22,1000000.00,4.570046,94.234375
08:02:02,912810UD8,TSRYS5870973,D,S,T,2024-10-22,1000000.00,4.568792,94.25
08:02:02,912810UD8,TSRYS5870973,D,S,T,2024-10-22,1000000.00,4.569732,94.23828125
08:02:02,912810UD8,TSRYS5870973,D,S,T,2024-10-22,1000000.00,4.569889,94.236328125
08:02:02,912810UD8,TSRYS5870973,D,S,T,2024-10-22,1000000.00,4.569889,94.236328125
08:02:02,912810UD8,TSRYS5870973,D,S,T,2024-10-22,1000000.00,4.569889,94.236328125
08:02:02,912810UD8,TSRYS5870973,D,S,T,2024-10-22,1000000.00,4.570046,94.234375
08:02:02,912810UD8,TSRYS5870973,D,S,T,2024-10-22,1000000.00,4.570046,94.234375
08:02:02,912810UD8,TSRYS5870973,D,S,T,2024-10-22,1000000.00,4.570046,94.234375
08:02:02,912810UD8,TSRYS5870973,D,S,T,2024-10-22,1000000.00,4.569889,94.236328125
08:02:02,912810UD8,TSRYS5870973,D,S,T,2024-10-22,1000000.00,4.569889,94.236328125
08:02:02,912810UD8,TSRYS5870973,D,S,T,2024-10-22,1000000.00,4.569419,94.2421875
08:02:02,912810UD8,TSRYS5870973,D,S,T,2024-10-22,1000000.00,4.569889,94.236328125
08:02:02,912810UD8,TSRYS5870973,D,S,T,2024-10-22,1000000.00,4.569889,94.236328125
08:02:02,912810UD8,TSRYS5870973,D,S,T,2024-10-22,1000000.00,4.569889,94.236328125
08:02:02,912810UD8,TSRYS5870973,D,S,T,2024-10-22,1000000.00,4.569419,94.2421875
08:02:02,912810UD8,TSRYS5870973,D,S,T,2024-10-22,1000000.00,4.569889,94.236328125
08:02:02,912810UD8,TSRYS5870973,D,S,C,2024-10-22,1000000.00,4.568164,94.2578125
08:02:02,912810UD8,TSRYS5870973,D,S,T,2024-10-22,1000000.00,4.56503,94.296875
08:02:02,912810UD8,TSRYS5870973,D,S,T,2024-10-22,1000000.00,4.569889,94.236328125
08:02:02,912810UD8,TSRYS5870973,D,S,T,2024-10-22,1000000.00,4.569889,94.236328125
08:02:02,912810UD8,TSRYS5870973,D,S,T,2024-10-22,1000000.00,4.569889,94.236328125
08:02:02,912810UD8,TSRYS5870973,D,S,T,2024-10-22,1000000.00,4.570046,94.234375
08:02:02,912810UD8,TSRYS5870973,D,S,T,2024-10-22,1000000.00,4.570046,94.234375
08:02:02,912810UD8,TSRYS5870973,D,S,T,2024-10-22,1000000.00,4.570046,94.234375
08:02:02,912810UD8,TSRYS5870973,D,S,T,2024-10-22,1000000.00,4.572556,94.203125
08:02:02,912810UD8,TSRYS5870973,D,S,T,2024-10-22,1000000.00,4.572556,94.203125
08:02:02,912810UD8,TSRYS5870973,D,S,T,2024-10-22,1000000.00,4.572556,94.203125
08:02:02,912810UD8,TSRYS5870973,D,S,T,2024-10-22,1000000.00,4.573811,94.1875
08:02:02,912810UD8,TSRYS5870973,D,S,T,2024-10-22,1000000.00,4.573811,94.1875
08:02:02,912810UD8,TSRYS5870973,D,S,T,2024-10-22,1000000.00,4.570046,94.234375
08:02:02,912810UD8,TSRYS5870973,D,S,T,2024-10-22,1000000.00,4.570046,94.234375
08:02:02,912810UD8,TSRYS5870973,D,S,T,2024-10-22,5000000.00,4.570046,94.234375
08:02:02,912810UD8,TSRYS5870973,D,S,T,2024-10-22,1000000.00,4.570046,94.234375
08:02:02,912810UD8,TSRYS5870973,D,S,T,2024-10-22,1000000.00,4.570046,94.234375
08:02:02,912810UD8,TSRYS5870973,D,S,T,2024-10-22,1000000.00,4.570046,94.234375
08:02:02,912810UD8,TSRYS5870973,D,S,T,2024-10-22,1000000.00,4.570046,94.234375
08:02:02,912810UD8,TSRYS5870973,D,S,T,2024-10-22,1000000.00,4.573811,94.1875
08:02:02,912810UD8,TSRYS5870973,D,S,T,2024-10-22,2000000.00,4.573811,94.1875
08:02:02,912810UD8,TSRYS5870973,D,S,T,2024-10-22,1000000.00,4.570046,94.234375
08:02:02,912810UD8,TSRYS5870973,D,S,T,2024-10-22,1000000.00,4.570046,94.234375
08:02:02,912810UD8,TSRYS5870973,D,S,T,2024-10-22,1000000.00,4.570046,94.234375
08:02:02,912810UD8,TSRYS5870973,D,S,T,2024-10-22,1000000.00,4.570046,94.234375
08:02:02,912810UD8,TSRYS5870973,D,S,D,2024-10-22,1000000.00,4.558766,94.375
08:02:02,912810UD8,TSRYS5870973,D,S,T,2024-10-22,1000000.00,4.567537,94.265625
08:02:02,912810UD8,TSRYS5870973,D,S,T,2024-10-22,1000000.00,4.566283,94.28125
08:02:02,912810UD8,TSRYS5870973,D,S,T,2024-10-22,1000000.00,4.566283,94.28125
08:02:02,912810UD8,TSRYS5870973,D,S,T,2024-10-22,1000000.00,4.567537,94.265625
08:02:02,912810UD8,TSRYS5870973,D,S,T,2024-10-22,1000000.00,4.567537,94.265625
08:02:02,912810UD8,TSRYS5870973,D,S,T,2024-10-22,1000000.00,4.570046,94.234375
08:02:02,912810UD8,TSRYS5870973,D,S,T,2024-10-22,1000000.00,4.570046,94.234375
08:02:02,912810UD8,TSRYS5870973,D,S,T,2024-10-22,1000000.00,4.570046,94.234375
08:02:02,912810UD8,TSRYS5870973,D,S,T,2024-10-22,1000000.00,4.571301,94.21875
08:02:02,912810UD8,TSRYS5870973,D,S,T,2024-10-22,1000000.00,4.567537,94.265625
08:02:03,912810UD8,TSRYS5870973,D,S,T,2024-10-22,1000000.00,4.570046,94.234375
08:02:03,912810UD8,TSRYS5870973,D,S,T,2024-10-22,1000000.00,4.570046,94.234375
08:02:03,912810UD8,TSRYS5870973,D,S,D,2024-10-22,1000000.00,4.56409,94.30859375
08:02:03,912810UD8,TSRYS5870973,D,S,D,2024-10-22,1000000.00,4.56268,94.32617187
08:02:03,912810UD8,TSRYS5870973,D,S,T,2024-10-22,1000000.00,4.553759,94.4375
08:02:03,912810UD8,TSRYS5870973,D,S,T,2024-10-22,1000000.00,4.553759,94.4375
08:02:03,912810UD8,TSRYS5870973,D,S,T,2024-10-22,1000000.00,4.553759,94.4375
08:02:03,912810UD8,TSRYS5870973,D,S,T,2024-10-22,1000000.00,4.553759,94.4375
08:02:03,912810UD8,TSRYS5870973,D,S,T,2024-10-22,1000000.00,4.553759,94.4375
08:02:03,912810UD8,TSRYS5870973,D,S,T,2024-10-22,1000000.00,4.553759,94.4375
08:02:03,912810UD8,TSRYS5870973,D,S,T,2024-10-22,1000000.00,4.553759,94.4375
08:02:03,912810UD8,TSRYS5870973,D,S,T,2024-10-22,1000000.00,4.551257,94.46875
08:02:03,912810UD8,TSRYS5870973,D,S,T,2024-10-22,1000000.00,4.552508,94.453125
08:02:03,912810UD8,TSRYS5870973,D,S,T,2024-10-22,1000000.00,4.552508,94.453125
08:02:03,912810UD8,TSRYS5870973,D,S,D,2024-10-22,1000000.00,4.567537,94.265625
08:02:03,912810UD8,TSRYS5870973,D,S,D,2024-10-22,1000000.00,4.558766,94.375
08:02:03,912810UD8,TSRYS5870973,D,S,D,2024-10-22,1000000.00,4.558766,94.375
08:02:03,912810UD8,TSRYS5870973,D,S,D,2024-10-22,1000000.00,4.558766,94.375
08:02:03,912810UD8,TSRYS5870973,D,S,D,2024-10-22,1000000.00,4.558766,94.375
08:02:03,912810UD8,TSRYS5870973,D,S,D,2024-10-22,1000000.00,4.558766,94.375
08:02:03,912810UD8,TSRYS5870973,D,S,C,2024-10-22,1000000.00,4.558766,94.375
08:02:03,912810UD8,TSRYS5870973,D,S,C,2024-10-22,1000000.00,4.558766,94.375
08:02:03,912810UD8,TSRYS5870973,D,S,C,2024-10-22,1000000.00,4.55875,94.3752
08:02:03,912810UD8,TSRYS5870973,D,S,D,2024-10-22,1000000.00,4.558766,94.375
08:02:03,912810UD8,TSRYS5870973,D,S,D,2024-10-22,1000000.00,4.558766,94.375
08:02:03,912810UD8,TSRYS5870973,D,S,D,2024-10-22,1000000.00,4.558766,94.375
08:02:03,912810UD8,TSRYS5870973,D,S,D,2024-10-22,1000000.00,4.558766,94.375
08:02:03,912810UD8,TSRYS5870973,D,S,D,2024-10-22,1000000.00,4.558766,94.375
08:02:03,912810UD8,TSRYS5870973,D,S,D,2024-10-22,1000000.00,4.558766,94.375
08:02:03,912810UD8,TSRYS5870973,D,S,D,2024-10-22,1000000.00,4.558766,94.375
08:02:03,912810UD8,TSRYS5870973,D,S,D,2024-10-22,1000000.00,4.561897,94.3359375
08:02:03,912810UD8,TSRYS5870973,D,S,T,2024-10-22,1000000.00,4.561897,94.3359375
08:02:04,912810UD8,TSRYS5870973,D,S,D,2024-10-22,95000.00,4.552508,94.453125
08:02:04,912810UD8,TSRYS5870973,D,S,D,2024-10-22,400000.00,4.57287,94.199218
08:02:04,912810UD8,TSRYS5870973,D,S,D,2024-10-22,1000000.00,4.566621,94.277043
08:02:04,912810UD8,TSRYS5870973,D,S,D,2024-10-22,1000000.00,4.558766,94.375
08:02:04,912810UD8,TSRYS5870973,D,S,C,2024-10-22,1000000.00,4.558766,94.375
08:02:04,912810UD8,TSRYS5870973,D,S,D,2024-10-22,1000000.00,4.561897,94.3359375
08:02:05,912810UD8,TSRYS5870973,D,S,T,2024-10-22,1000000.00,4.563792,94.3123
08:02:05,912810UD8,TSRYS5870973,D,S,D,2024-10-22,1000000.00,4.563776,94.3125
08:02:05,912810UD8,TSRYS5870973,D,S,D,2024-10-22,1000000.00,4.563933,94.31054687
08:02:05,912810UD8,TSRYS5870973,D,S,T,2024-10-22,1000000.00,4.563792,94.3123
08:02:05,912810UD8,TSRYS5870973,D,S,T,2024-10-22,1000000.00,4.563792,94.3123
08:02:05,912810UD8,TSRYS5870973,D,S,T,2024-10-22,1000000.00,4.563792,94.3123
08:02:05,912810UD8,TSRYS5870973,D,S,T,2024-10-22,1000000.00,4.563792,94.3123
08:02:05,912810UD8,TSRYS5870973,D,S,D,2024-10-22,1000000.00,4.563933,94.31054687
08:02:05,912810UD8,TSRYS5870973,D,S,D,2024-10-22,1000000.00,4.563933,94.31054687
08:02:06,912810UD8,TSRYS5870973,D,S,A,2024-10-22,1000000.00,4.567537,94.265625
08:02:06,912810UD8,TSRYS5870973,D,S,C,2024-10-22,200000.00,4.568478,94.25390625
08:02:06,912810UD8,TSRYS5870973,D,S,C,2024-10-22,1100000.00,4.571301,94.21875
08:02:06,912810UD8,TSRYS5870973,D,S,T,2024-10-22,1000000.00,4.566283,94.28125
08:02:06,912810UD8,TSRYS5870973,D,S,T,2024-10-22,1000000.00,4.575067,94.171875
08:02:06,912810UD8,TSRYS5870973,D,B,C,2024-10-22,10000000.00,4.564205,94.30716
08:02:06,912810UD8,TSRYS5870973,D,S,D,2024-10-22,2000000.00,4.567851,94.26171875
08:02:06,912810UD8,TSRYS5870973,D,S,D,2024-10-22,1000000.00,4.567851,94.26171875
08:02:06,912810UD8,TSRYS5870973,D,S,T,2024-10-22,1000000.00,4.575067,94.171875
08:02:06,912810UD8,TSRYS5870973,D,S,T,2024-10-22,1000000.00,4.568808,94.2498
08:02:06,912810UD8,TSRYS5870973,D,S,T,2024-10-22,1000000.00,4.568808,94.2498
08:02:07,912810UD8,TSRYS5870973,D,S,D,2024-10-22,1000000.00,4.56691,94.2734375
08:02:07,912810UD8,TSRYS5870973,D,S,D,2024-10-22,1000000.00,4.56691,94.2734375
08:02:07,912810UD8,TSRYS5870973,D,S,A,2024-10-22,50000.00,4.574753,94.17578125
08:02:08,912810UD8,TSRYS5870973,D,S,D,2024-10-22,1000000.00,4.569419,94.2421875
08:02:08,912810UD8,TSRYS5870973,D,S,D,2024-10-22,1000000.00,4.569419,94.2421875
08:02:09,912810UD8,TSRYS5870973,D,S,T,2024-10-22,1000000.00,4.567548,94.265495
08:02:09,912810UD8,TSRYS5870973,D,S,T,2024-10-22,1000000.00,4.567548,94.265495
08:02:09,912810UD8,TSRYS5870973,D,S,T,2024-10-22,1000000.00,4.567548,94.265495
08:02:09,912810UD8,TSRYS5870973,D,S,T,2024-10-22,1000000.00,4.567548,94.265495
08:02:10,912810UD8,TSRYS5870973,D,S,T,2024-10-22,1000000.00,4.576322,94.15625
08:02:10,912810UD8,TSRYS5870973,D,B,A,2024-10-22,1000000.00,4.576322,94.15625
08:02:10,912810UD8,TSRYS5870973,D,B,C,2024-10-22,2000000.00,4.564873,94.29882812
08:02:10,912810UD8,TSRYS5870973,D,B,C,2024-10-22,2000000.00,4.564873,94.29882812
08:02:10,912810UD8,TSRYS5870973,D,B,C,2024-10-22,1000000.00,4.564716,94.30078125
08:02:11,912810UD8,TSRYS5870973,D,B,C,2024-10-22,1000000.00,4.56409,94.30859375
08:02:11,912810UD8,TSRYS5870973,D,B,C,2024-10-22,1000000.00,4.564246,94.30664062
08:02:11,912810UD8,TSRYS5870973,D,B,C,2024-10-22,1000000.00,4.564403,94.3046875
08:02:12,912810UD8,TSRYS5870973,D,S,T,2024-10-22,1000000.00,4.569889,94.236328125
08:02:12,912810UD8,TSRYS5870973,D,S,T,2024-10-22,1000000.00,4.569419,94.2421875
08:02:12,912810UD8,TSRYS5870973,D,S,T,2024-10-22,1000000.00,4.568792,94.25
08:02:12,912810UD8,TSRYS5870973,D,S,T,2024-10-22,1000000.00,4.571301,94.21875
08:02:12,912810UD8,TSRYS5870973,D,S,T,2024-10-22,1000000.00,4.571301,94.21875
08:02:12,912810UD8,TSRYS5870973,D,S,T,2024-10-22,1000000.00,4.571301,94.21875
08:02:12,912810UD8,TSRYS5870973,D,S,T,2024-10-22,1000000.00,4.571301,94.21875
08:02:12,912810UD8,TSRYS5870973,D,S,T,2024-10-22,1000000.00,4.571301,94.21875
08:02:12,912810UD8,TSRYS5870973,D,S,T,2024-10-22,2000000.00,4.571301,94.21875
08:02:12,912810UD8,TSRYS5870973,D,S,T,2024-10-22,1000000.00,4.571301,94.21875
08:02:12,912810UD8,TSRYS5870973,D,S,T,2024-10-22,1000000.00,4.571301,94.21875
08:02:12,912810UD8,TSRYS5870973,D,S,T,2024-10-22,1000000.00,4.571301,94.21875
08:02:12,912810UD8,TSRYS5870973,D,S,T,2024-10-22,1000000.00,4.571301,94.21875
08:02:12,912810UD8,TSRYS5870973,D,S,T,2024-10-22,1000000.00,4.571301,94.21875
08:02:12,912810UD8,TSRYS5870973,D,S,A,2024-10-22,68000.00,4.568792,94.25
08:02:12,912810UD8,TSRYS5870973,D,S,A,2024-10-22,1300000.00,4.567537,94.265625
08:02:12,912810UD8,TSRYS5870973,D,S,A,2024-10-22,1300000.00,4.567537,94.265625
08:02:12,912810UD8,TSRYS5870973,D,S,T,2024-10-22,1000000.00,4.566283,94.28125
08:02:12,912810UD8,TSRYS5870973,D,S,T,2024-10-22,1000000.00,4.566283,94.28125
08:02:12,912810UD8,TSRYS5870973,D,S,T,2024-10-22,1000000.00,4.566283,94.28125
08:02:12,912810UD8,TSRYS5870973,D,S,T,2024-10-22,1000000.00,4.566283,94.28125
08:02:12,912810UD8,TSRYS5870973,D,S,T,2024-10-22,1000000.00,4.566283,94.28125
08:02:12,912810UD8,TSRYS5870973,D,S,T,2024-10-22,1000000.00,4.566283,94.28125
08:02:12,912810UD8,TSRYS5870973,D,S,T,2024-10-22,1000000.00,4.566283,94.28125
08:02:12,912810UD8,TSRYS5870973,D,S,T,2024-10-22,1000000.00,4.566283,94.28125
08:02:12,912810UD8,TSRYS5870973,D,S,T,2024-10-22,1000000.00,4.566283,94.28125
08:02:12,912810UD8,TSRYS5870973,D,S,T,2024-10-22,1000000.00,4.566283,94.28125
08:02:12,912810UD8,TSRYS5870973,D,S,C,2024-10-22,200000.00,4.579777,94.11328125
08:02:12,912810UD8,TSRYS5870973,D,S,A,2024-10-22,2000000.00,4.579149,94.12109375
08:02:13,912810UD8,TSRYS5870973,D,S,A,2024-10-22,250000.00,4.571614,94.21484375
08:02:13,912810UD8,TSRYS5870973,D,B,C,2024-10-22,2000000.00,4.569576,94.24023437
08:02:14,912810UD8,TSRYS5870973,D,S,A,2024-10-22,1000000.00,4.575104,94.171875
08:02:14,912810UD8,TSRYS5870973,D,S,D,2024-10-22,1000000.00,4.569419,94.2421875
08:02:14,912810UD8,TSRYS5870973,D,S,D,2024-10-22,1000000.00,4.568164,94.2578125
08:02:14,912810UD8,TSRYS5870973,D,S,D,2024-10-22,1000000.00,4.568164,94.2578125
08:02:15,912810UD8,TSRYS5870973,D,S,D,2024-10-22,27000000.00,4.567028,94.27197
08:02:15,912810UD8,TSRYS5870973,D,S,D,2024-10-22,1000000.00,4.569889,94.236328125
08:02:15,912810UD8,TSRYS5870973,D,S,D,2024-10-22,1000000.00,4.569889,94.236328125
08:02:15,912810UD8,TSRYS5870973,D,S,D,2024-10-22,1000000.00,4.569419,94.2421875
08:02:15,912810UD8,TSRYS5870973,D,S,D,2024-10-22,1000000.00,4.569419,94.2421875
08:02:15,912810UD8,TSRYS5870973,D,S,D,2024-10-22,1000000.00,4.569889,94.236328125
08:02:15,912810UD8,TSRYS5870973,D,S,D,2024-10-22,1000000.00,4.569889,94.236328125
08:02:17,912810UD8,TSRYS5870973,D,S,T,2024-10-22,1000000.00,4.563776,94.3125
08:02:17,912810UD8,TSRYS5870973,D,S,T,2024-10-22,1000000.00,4.57083,94.224609375
08:02:17,912810UD8,TSRYS5870973,D,S,T,2024-10-22,1000000.00,4.57083,94.224609375
08:02:17,912810UD8,TSRYS5870973,D,S,T,2024-10-22,1000000.00,4.570046,94.234375
08:02:17,912810UD8,TSRYS5870973,D,S,T,2024-10-22,1000000.00,4.570046,94.234375
08:02:17,912810UD8,TSRYS5870973,D,S,T,2024-10-22,1000000.00,4.570046,94.234375
08:02:17,912810UD8,TSRYS5870973,D,S,D,2024-10-22,1000000.00,4.572713,94.20117187
08:02:18,912810UD8,TSRYS5870973,D,S,D,2024-10-22,1000000.00,4.560007,94.359505
08:02:18,912810UD8,TSRYS5870973,D,S,D,2024-10-22,1000000.00,4.569419,94.2421875
08:02:18,912810UD8,TSRYS5870973,D,S,D,2024-10-22,1000000.00,4.569419,94.2421875
08:02:18,912810UD8,TSRYS5870973,D,S,D,2024-10-22,1000000.00,4.569419,94.2421875
08:02:18,912810UD8,TSRYS5870973,D,S,D,2024-10-22,1000000.00,4.569419,94.2421875
08:02:18,912810UD8,TSRYS5870973,D,S,D,2024-10-22,1000000.00,4.569419,94.2421875
08:02:18,912810UD8,TSRYS5870973,D,S,D,2024-10-22,1000000.00,4.569419,94.2421875
08:02:18,912810UD8,TSRYS5870973,D,S,D,2024-10-22,1000000.00,4.570673,94.2265625
08:02:18,912810UD8,TSRYS5870973,D,S,D,2024-10-22,1000000.00,4.571144,94.220703125
08:02:18,912810UD8,TSRYS5870973,D,S,D,2024-10-22,1000000.00,4.571458,94.216796875
08:02:18,912810UD8,TSRYS5870973,D,S,D,2024-10-22,1000000.00,4.571458,94.216796875
08:02:18,912810UD8,TSRYS5870973,D,S,D,2024-10-22,1000000.00,4.571458,94.216796875
08:02:18,912810UD8,TSRYS5870973,D,S,D,2024-10-22,1000000.00,4.571301,94.21875
08:02:19,912810UD8,TSRYS5870973,D,S,D,2024-10-22,1000000.00,4.571458,94.216796875
08:02:19,912810UD8,TSRYS5870973,D,S,D,2024-10-22,1000000.00,4.57083,94.224609375
08:02:19,912810UD8,TSRYS5870973,D,S,D,2024-10-22,1000000.00,4.568948,94.248046875
08:02:19,912810UD8,TSRYS5870973,D,S,A,2024-10-22,7000000.00,4.567537,94.265625
08:02:19,912810UD8,TSRYS5870973,D,S,T,2024-10-22,1000000.00,4.566292,94.281148
08:02:19,912810UD8,TSRYS5870973,D,S,T,2024-10-22,1000000.00,4.566292,94.281148
08:02:19,912810UD8,TSRYS5870973,D,S,T,2024-10-22,2000000.00,4.566292,94.281148
08:02:19,912810UD8,TSRYS5870973,D,S,T,2024-10-22,1000000.00,4.566292,94.281148
08:02:19,912810UD8,TSRYS5870973,D,S,D,2024-10-22,1000000.00,4.560006,94.359527
08:02:19,912810UD8,TSRYS5870973,D,S,D,2024-10-22,1000000.00,4.560006,94.359527
08:02:19,912810UD8,TSRYS5870973,D,S,T,2024-10-22,2000000.00,4.566292,94.281148
08:02:19,912810UD8,TSRYS5870973,D,S,T,2024-10-22,1000000.00,4.56503,94.296875
08:02:19,912810UD8,TSRYS5870973,D,S,T,2024-10-22,1000000.00,4.565038,94.296773
08:02:19,912810UD8,TSRYS5870973,D,S,T,2024-10-22,2000000.00,4.565038,94.296773
08:02:19,912810UD8,TSRYS5870973,D,S,T,2024-10-22,1000000.00,4.565038,94.296773
08:02:19,912810UD8,TSRYS5870973,D,S,T,2024-10-22,2000000.00,4.565038,94.296773
08:02:19,912810UD8,TSRYS5870973,D,S,T,2024-10-22,1000000.00,4.562531,94.328023
08:02:19,912810UD8,TSRYS5870973,D,S,T,2024-10-22,1000000.00,4.56221,94.33203125
08:02:19,912810UD8,TSRYS5870973,D,S,T,2024-10-22,1000000.00,4.562367,94.330078125
08:02:19,912810UD8,TSRYS5870973,D,S,T,2024-10-22,1000000.00,4.562531,94.328023
08:02:19,912810UD8,TSRYS5870973,D,S,T,2024-10-22,1000000.00,4.562531,94.328023
08:02:19,912810UD8,TSRYS5870973,D,S,T,2024-10-22,1000000.00,4.562523,94.328125
08:02:19,912810UD8,TSRYS5870973,D,S,T,2024-10-22,1000000.00,4.562523,94.328125
08:02:20,912810UD8,TSRYS5870973,D,S,T,2024-10-22,1000000.00,4.561279,94.343648
08:02:20,912810UD8,TSRYS5870973,D,S,T,2024-10-22,1000000.00,4.561279,94.343648
08:02:20,912810UD8,TSRYS5870973,D,S,T,2024-10-22,2000000.00,4.561279,94.343648
08:02:20,912810UD8,TSRYS5870973,D,S,T,2024-10-22,1000000.00,4.561279,94.343648
08:02:20,912810UD8,TSRYS5870973,D,S,T,2024-10-22,1000000.00,4.561279,94.343648
08:02:20,912810UD8,TSRYS5870973,D,S,T,2024-10-22,1000000.00,4.561279,94.343648
08:02:20,912810UD8,TSRYS5870973,D,S,A,2024-10-22,726000.00,4.57036,94.23046875
08:02:20,912810UD8,TSRYS5870973,D,S,T,2024-10-22,1000000.00,4.562531,94.328023
08:02:20,912810UD8,TSRYS5870973,D,S,D,2024-10-22,1000000.00,4.567067,94.271484375
08:02:20,912810UD8,TSRYS5870973,D,S,T,2024-10-22,1000000.00,4.562531,94.328023
08:02:20,912810UD8,TSRYS5870973,D,S,T,2024-10-22,1000000.00,4.562531,94.328023
08:02:20,912810UD8,TSRYS5870973,D,S,T,2024-10-22,1000000.00,4.562531,94.328023
08:02:20,912810UD8,TSRYS5870973,D,S,T,2024-10-22,1000000.00,4.562531,94.328023
08:02:20,912810UD8,TSRYS5870973,D,S,T,2024-10-22,1000000.00,4.562531,94.328023
08:02:20,912810UD8,TSRYS5870973,D,S,T,2024-10-22,1000000.00,4.562531,94.328023
08:02:20,912810UD8,TSRYS5870973,D,S,T,2024-10-22,1000000.00,4.561279,94.343648
08:02:20,912810UD8,TSRYS5870973,D,S,T,2024-10-22,1000000.00,4.561279,94.343648
08:02:20,912810UD8,TSRYS5870973,D,S,T,2024-10-22,2000000.00,4.561279,94.343648
08:02:20,912810UD8,TSRYS5870973,D,S,T,2024-10-22,1000000.00,4.561279,94.343648
08:02:20,912810UD8,TSRYS5870973,D,S,T,2024-10-22,1000000.00,4.561279,94.343648
08:02:21,912810UD8,TSRYS5870973,D,S,D,2024-10-22,4000000.00,4.56971,94.2385578
08:02:21,912810UD8,TSRYS5870973,D,B,C,2024-10-22,6000000.00,4.562523,94.328125
08:02:21,912810UD8,TSRYS5870973,D,S,C,2024-10-22,1000000.00,4.570046,94.234375
08:02:21,912810UD8,TSRYS5870973,D,S,D,2024-10-22,1000000.00,4.564403,94.3046875
08:02:21,912810UD8,TSRYS5870973,D,S,D,2024-10-22,1000000.00,4.564403,94.3046875
08:02:21,912810UD8,TSRYS5870973,D,S,D,2024-10-22,1000000.00,4.564403,94.3046875
08:02:21,912810UD8,TSRYS5870973,D,S,D,2024-10-22,1000000.00,4.56691,94.2734375
08:02:21,912810UD8,TSRYS5870973,D,S,D,2024-10-22,95000.00,4.561584,94.33984375
08:02:21,912810UD8,TSRYS5870973,D,S,C,2024-10-22,150000.00,4.562837,94.32421875
08:02:21,912810UD8,TSRYS5870973,D,S,D,2024-10-22,1000000.00,4.55625,94.406402
08:02:21,912810UD8,TSRYS5870973,D,B,C,2024-10-22,1000000.00,4.556262,94.40625
08:02:21,912810UD8,TSRYS5870973,D,S,D,2024-10-22,95000.00,4.56221,94.33203125
08:02:21,912810UD8,TSRYS5870973,D,S,C,2024-10-22,1000000.00,4.569105,94.24609375
08:02:21,912810UD8,TSRYS5870973,D,S,D,2024-10-22,1000000.00,4.569419,94.2421875
08:02:21,912810UD8,TSRYS5870973,D,S,D,2024-10-22,1000000.00,4.569419,94.2421875
08:02:21,912810UD8,TSRYS5870973,D,S,D,2024-10-22,1000000.00,4.568008,94.259765625
08:02:21,912810UD8,TSRYS5870973,D,S,D,2024-10-22,1000000.00,4.567851,94.26171875
08:02:22,912810UD8,TSRYS5870973,D,S,T,2024-10-22,1000000.00,4.569419,94.2421875
08:02:22,912810UD8,TSRYS5870973,D,S,T,2024-10-22,1000000.00,4.569419,94.2421875
08:02:22,912810UD8,TSRYS5870973,D,S,T,2024-10-22,1000000.00,4.569419,94.2421875
08:02:22,912810UD8,TSRYS5870973,D,S,T,2024-10-22,1000000.00,4.569419,94.2421875
08:02:22,912810UD8,TSRYS5870973,D,S,T,2024-10-22,1000000.00,4.569419,94.2421875
08:02:22,912810UD8,TSRYS5870973,D,S,T,2024-10-22,1000000.00,4.569419,94.2421875
08:02:22,912810UD8,TSRYS5870973,D,S,T,2024-10-22,1000000.00,4.570673,94.2265625
08:02:22,912810UD8,TSRYS5870973,D,S,T,2024-10-22,1000000.00,4.571144,94.220703125
08:02:22,912810UD8,TSRYS5870973,D,S,T,2024-10-22,1000000.00,4.571301,94.21875
08:02:22,912810UD8,TSRYS5870973,D,S,T,2024-10-22,1000000.00,4.571458,94.216796875
08:02:22,912810UD8,TSRYS5870973,D,S,T,2024-10-22,1000000.00,4.571458,94.216796875
08:02:22,912810UD8,TSRYS5870973,D,S,T,2024-10-22,1000000.00,4.571458,94.216796875
08:02:22,912810UD8,TSRYS5870973,D,S,T,2024-10-22,1000000.00,4.571301,94.21875
08:02:22,912810UD8,TSRYS5870973,D,S,T,2024-10-22,1000000.00,4.571458,94.216796875
08:02:22,912810UD8,TSRYS5870973,D,S,T,2024-10-22,1000000.00,4.57083,94.224609375
08:02:22,912810UD8,TSRYS5870973,D,S,T,2024-10-22,1000000.00,4.568948,94.248046875
08:02:22,912810UD8,TSRYS5870973,D,S,T,2024-10-22,1000000.00,4.56691,94.2734375
08:02:22,912810UD8,TSRYS5870973,D,S,T,2024-10-22,1000000.00,4.564403,94.3046875
08:02:22,912810UD8,TSRYS5870973,D,S,T,2024-10-22,1000000.00,4.564403,94.3046875
08:02:22,912810UD8,TSRYS5870973,D,S,T,2024-10-22,1000000.00,4.564403,94.3046875
08:02:22,912810UD8,TSRYS5870973,D,S,T,2024-10-22,1000000.00,4.56691,94.2734375
08:02:22,912810UD8,TSRYS5870973,D,S,T,2024-10-22,1000000.00,4.56691,94.2734375
08:02:22,912810UD8,TSRYS5870973,D,S,T,2024-10-22,1000000.00,4.56644,94.279296875
08:02:22,912810UD8,TSRYS5870973,D,S,T,2024-10-22,1000000.00,4.566754,94.275390625
08:02:22,912810UD8,TSRYS5870973,D,S,T,2024-10-22,1000000.00,4.56597,94.28515625
08:02:22,912810UD8,TSRYS5870973,D,S,T,2024-10-22,1000000.00,4.571144,94.220703125
08:02:22,912810UD8,TSRYS5870973,D,S,T,2024-10-22,1000000.00,4.571144,94.220703125
08:02:22,912810UD8,TSRYS5870973,D,S,T,2024-10-22,1000000.00,4.571458,94.216796875
08:02:22,912810UD8,TSRYS5870973,D,S,T,2024-10-22,1000000.00,4.571458,94.216796875
08:02:22,912810UD8,TSRYS5870973,D,S,T,2024-10-22,1000000.00,4.571458,94.216796875
08:02:22,912810UD8,TSRYS5870973,D,S,T,2024-10-22,1000000.00,4.571458,94.216796875
08:02:22,912810UD8,TSRYS5870973,D,S,T,2024-10-22,1000000.00,4.57083,94.224609375
08:02:22,912810UD8,TSRYS5870973,D,S,T,2024-10-22,1000000.00,4.568948,94.248046875
08:02:22,912810UD8,TSRYS5870973,D,S,T,2024-10-22,1000000.00,4.568948,94.248046875
08:02:22,912810UD8,TSRYS5870973,D,S,T,2024-10-22,1000000.00,4.56691,94.2734375
08:02:22,912810UD8,TSRYS5870973,D,S,T,2024-10-22,1000000.00,4.56691,94.2734375
08:02:22,912810UD8,TSRYS5870973,D,S,T,2024-10-22,1000000.00,4.56691,94.2734375
08:02:22,912810UD8,TSRYS5870973,D,S,T,2024-10-22,1000000.00,4.56691,94.2734375
08:02:22,912810UD8,TSRYS5870973,D,S,T,2024-10-22,1000000.00,4.564403,94.3046875
08:02:22,912810UD8,TSRYS5870973,D,B,C,2024-10-22,25000000.00,4.570615,94.22729
08:02:22,912810UD8,TSRYS5870973,D,S,T,2024-10-22,1000000.00,4.552821,94.44921875
08:02:22,912810UD8,TSRYS5870973,D,S,T,2024-10-22,1000000.00,4.552821,94.44921875
08:02:22,912810UD8,TSRYS5870973,D,S,T,2024-10-22,1000000.00,4.548288,94.505859375
08:02:22,912810UD8,TSRYS5870973,D,S,D,2024-10-22,1000000.00,4.570673,94.2265625
08:02:22,912810UD8,TSRYS5870973,D,S,D,2024-10-22,1000000.00,4.570517,94.228515625
08:02:22,912810UD8,TSRYS5870973,D,S,D,2024-10-22,1000000.00,4.570517,94.228515625
08:02:22,912810UD8,TSRYS5870973,D,S,D,2024-10-22,1000000.00,4.57083,94.224609375
08:02:22,912810UD8,TSRYS5870973,D,B,A,2024-10-22,740000.00,4.570046,94.234375
08:02:22,912810UD8,TSRYS5870973,D,S,A,2024-10-22,300000.00,4.571614,94.21484375
08:02:22,912810UD8,TSRYS5870973,D,S,A,2024-10-22,280000.00,4.57036,94.23046875
08:02:22,912810UD8,TSRYS5870973,D,B,A,2024-10-22,150000.00,4.569419,94.2421875
08:02:23,912810UD8,TSRYS5870973,D,S,D,2024-10-22,1000000.00,4.566754,94.275390625
08:02:23,912810UD8,TSRYS5870973,D,S,D,2024-10-22,1000000.00,4.56644,94.279296875
08:02:23,912810UD8,TSRYS5870973,D,S,D,2024-10-22,1000000.00,4.56597,94.28515625
08:02:23,912810UD8,TSRYS5870973,D,S,D,2024-10-22,1000000.00,4.566283,94.28125
08:02:23,912810UD8,TSRYS5870973,D,S,D,2024-10-22,1000000.00,4.566283,94.28125
08:02:23,912810UD8,TSRYS5870973,D,S,D,2024-10-22,1000000.00,4.566283,94.28125
08:02:23,912810UD8,TSRYS5870973,D,S,D,2024-10-22,1000000.00,4.566283,94.28125
08:02:24,912810UD8,TSRYS5870973,D,S,C,2024-10-22,7000.00,4.553134,94.445312
08:02:24,912810UD8,TSRYS5870973,D,S,C,2024-10-22,1000000.00,4.571144,94.220703125
08:02:24,912810UD8,TSRYS5870973,D,S,D,2024-10-22,1000000.00,4.571144,94.220703125
08:02:24,912810UD8,TSRYS5870973,D,S,D,2024-10-22,1150000.00,4.556262,94.40625
08:02:25,912810UD8,TSRYS5870973,D,S,D,2024-10-22,1000000.00,4.571458,94.216796875
08:02:25,912810UD8,TSRYS5870973,D,S,D,2024-10-22,1000000.00,4.569105,94.24609375
08:02:25,912810UD8,TSRYS5870973,D,S,D,2024-10-22,1000000.00,4.571458,94.216796875
08:02:25,912810UD8,TSRYS5870973,D,S,D,2024-10-22,1000000.00,4.571458,94.216796875
08:02:25,912810UD8,TSRYS5870973,D,S,T,2024-10-22,1000000.00,4.568808,94.2498
08:02:25,912810UD8,TSRYS5870973,D,S,T,2024-10-22,1000000.00,4.568808,94.2498
08:02:25,912810UD8,TSRYS5870973,D,S,D,2024-10-22,1000000.00,4.571458,94.216796875
08:02:25,912810UD8,TSRYS5870973,D,S,D,2024-10-22,1000000.00,4.569262,94.24414062
08:02:25,912810UD8,TSRYS5870973,D,S,D,2024-10-22,1000000.00,4.57083,94.224609375
08:02:25,912810UD8,TSRYS5870973,D,S,D,2024-10-22,1000000.00,4.569105,94.24609375
08:02:25,912810UD8,TSRYS5870973,D,S,C,2024-10-22,1000000.00,4.56691,94.2734375
08:02:25,912810UD8,TSRYS5870973,D,S,D,2024-10-22,1000000.00,4.56691,94.2734375
08:02:25,912810UD8,TSRYS5870973,D,S,D,2024-10-22,1000000.00,4.56691,94.2734375
08:02:25,912810UD8,TSRYS5870973,D,S,D,2024-10-22,1000000.00,4.569105,94.24609375
08:02:25,912810UD8,TSRYS5870973,D,S,D,2024-10-22,1000000.00,4.569105,94.24609375
08:02:25,912810UD8,TSRYS5870973,D,S,D,2024-10-22,1000000.00,4.569419,94.2421875
08:02:25,912810UD8,TSRYS5870973,D,S,D,2024-10-22,1000000.00,4.569419,94.2421875
08:02:25,912810UD8,TSRYS5870973,D,S,D,2024-10-22,1000000.00,4.569576,94.24023437
08:02:25,912810UD8,TSRYS5870973,D,S,T,2024-10-22,1000000.00,4.552519,94.452995
08:02:26,912810UD8,TSRYS5870973,D,S,A,2024-10-22,6000.00,4.569889,94.31966145833
08:02:26,912810UD8,TSRYS5870973,D,S,T,2024-10-22,1000000.00,4.558766,94.375
08:02:26,912810UD8,TSRYS5870973,D,S,T,2024-10-22,1000000.00,4.558766,94.375
08:02:26,912810UD8,TSRYS5870973,D,S,T,2024-10-22,1000000.00,4.558766,94.375
08:02:26,912810UD8,TSRYS5870973,D,S,T,2024-10-22,2000000.00,4.558766,94.375
08:02:26,912810UD8,TSRYS5870973,D,S,T,2024-10-22,1000000.00,4.558766,94.375
08:02:26,912810UD8,TSRYS5870973,D,S,D,2024-10-22,1000000.00,4.558609,94.376953125
08:02:26,912810UD8,TSRYS5870973,D,B,C,2024-10-22,1000000.00,4.558609,94.376953125
08:02:26,912810UD8,TSRYS5870973,D,B,C,2024-10-22,1000000.00,4.556262,94.40625
08:02:26,912810UD8,TSRYS5870973,D,S,D,2024-10-22,1000000.00,4.556262,94.40625
08:02:27,912810UD8,TSRYS5870973,D,S,D,2024-10-22,20000000.00,4.557711,94.38816
08:02:27,912810UD8,TSRYS5870973,D,S,D,2024-10-22,1000000.00,4.56691,94.2734375
08:02:27,912810UD8,TSRYS5870973,D,S,T,2024-10-22,1000000.00,4.567067,94.27148437
08:02:27,912810UD8,TSRYS5870973,D,B,C,2024-10-22,1000000.00,4.555024,94.4217
08:02:27,912810UD8,TSRYS5870973,D,S,D,2024-10-22,1000000.00,4.55501,94.421875
08:02:27,912810UD8,TSRYS5870973,D,S,D,2024-10-22,1000000.00,4.558766,94.375
08:02:27,912810UD8,TSRYS5870973,D,S,D,2024-10-22,1000000.00,4.558609,94.376953125
08:02:27,912810UD8,TSRYS5870973,D,S,D,2024-10-22,1000000.00,4.556262,94.40625
08:02:27,912810UD8,TSRYS5870973,D,S,D,2024-10-22,3000000.00,4.556262,94.40625
08:02:27,912810UD8,TSRYS5870973,D,S,D,2024-10-22,1000000.00,4.556251,94.40638
08:02:27,912810UD8,TSRYS5870973,D,B,C,2024-10-22,3000000.00,4.556262,94.40625
08:02:27,912810UD8,TSRYS5870973,D,B,A,2024-10-22,400000.00,4.571301,94.21875
08:02:28,912810UD8,TSRYS5870973,D,S,D,2024-10-22,1000000.00,4.556262,94.40625
08:02:28,912810UD8,TSRYS5870973,D,S,C,2024-10-22,1000000.00,4.556262,94.40625
08:02:28,912810UD8,TSRYS5870973,D,B,C,2024-10-22,3000000.00,4.556262,94.40625
08:02:28,912810UD8,TSRYS5870973,D,S,D,2024-10-22,1000000.00,4.556262,94.40625
08:02:28,912810UD8,TSRYS5870973,D,B,A,2024-10-22,22000000.00,4.562837,94.32421875
08:02:28,912810UD8,TSRYS5870973,D,S,D,2024-10-22,3000000.00,4.556262,94.40625
08:02:28,912810UD8,TSRYS5870973,D,S,T,2024-10-22,1000000.00,4.558766,94.375
08:02:28,912810UD8,TSRYS5870973,D,S,D,2024-10-22,1000000.00,4.556262,94.40625
08:02:28,912810UD8,TSRYS5870973,D,S,T,2024-10-22,1000000.00,4.558766,94.375
08:02:28,912810UD8,TSRYS5870973,D,B,C,2024-10-22,1000000.00,4.55753,94.390425
08:02:28,912810UD8,TSRYS5870973,D,B,C,2024-10-22,1000000.00,4.557514,94.390625
08:02:28,912810UD8,TSRYS5870973,D,S,D,2024-10-22,1000000.00,4.557514,94.390625
08:02:28,912810UD8,TSRYS5870973,D,S,D,2024-10-22,1000000.00,4.557514,94.390625
08:02:28,912810UD8,TSRYS5870973,D,S,D,2024-10-22,2000000.00,4.556262,94.40625
08:02:28,912810UD8,TSRYS5870973,D,S,D,2024-10-22,1000000.00,4.556262,94.40625
08:02:28,912810UD8,TSRYS5870973,D,S,D,2024-10-22,1000000.00,4.556262,94.40625
08:02:28,912810UD8,TSRYS5870973,D,B,C,2024-10-22,1000000.00,4.557528,94.39045
08:02:28,912810UD8,TSRYS5870973,D,B,C,2024-10-22,1000000.00,4.556262,94.40625
08:02:28,912810UD8,TSRYS5870973,D,S,D,2024-10-22,1000000.00,4.557514,94.390625
08:02:28,912810UD8,TSRYS5870973,D,S,D,2024-10-22,1000000.00,4.556262,94.40625
08:02:28,912810UD8,TSRYS5870973,D,S,D,2024-10-22,1000000.00,4.556262,94.40625
08:02:28,912810UD8,TSRYS5870973,D,B,C,2024-10-22,1000000.00,4.557514,94.390625
08:02:28,912810UD8,TSRYS5870973,D,B,C,2024-10-22,1000000.00,4.556274,94.4061
08:02:28,912810UD8,TSRYS5870973,D,B,C,2024-10-22,1000000.00,4.55753,94.390425
08:02:28,912810UD8,TSRYS5870973,D,S,D,2024-10-22,1000000.00,4.556262,94.40625
08:02:28,912810UD8,TSRYS5870973,D,S,D,2024-10-22,1000000.00,4.557514,94.390625
08:02:28,912810UD8,TSRYS5870973,D,S,D,2024-10-22,1000000.00,4.557514,94.390625
08:02:28,912810UD8,TSRYS5870973,D,B,C,2024-10-22,2000000.00,4.556262,94.40625
08:02:28,912810UD8,TSRYS5870973,D,B,C,2024-10-22,1000000.00,4.556278,94.40605
08:02:28,912810UD8,TSRYS5870973,D,S,D,2024-10-22,2000000.00,4.556262,94.40625
08:02:28,912810UD8,TSRYS5870973,D,B,C,2024-10-22,1000000.00,4.557528,94.39045
08:02:28,912810UD8,TSRYS5870973,D,S,D,2024-10-22,1000000.00,4.557514,94.390625
08:02:28,912810UD8,TSRYS5870973,D,B,C,2024-10-22,1000000.00,4.557532,94.3904
08:02:28,912810UD8,TSRYS5870973,D,B,C,2024-10-22,1000000.00,4.55753,94.390425
08:02:28,912810UD8,TSRYS5870973,D,S,D,2024-10-22,1000000.00,4.557514,94.390625
08:02:29,912810UD8,TSRYS5870973,D,B,C,2024-10-22,1000000.00,4.55753,94.390425
08:02:29,912810UD8,TSRYS5870973,D,B,C,2024-10-22,2000000.00,4.556274,94.4061
08:02:29,912810UD8,TSRYS5870973,D,S,D,2024-10-22,1000000.00,4.557514,94.390625
08:02:29,912810UD8,TSRYS5870973,D,B,C,2024-10-22,1000000.00,4.556278,94.40605
08:02:29,912810UD8,TSRYS5870973,D,B,C,2024-10-22,1000000.00,4.557528,94.39045
08:02:29,912810UD8,TSRYS5870973,D,B,C,2024-10-22,1000000.00,4.556278,94.40605
08:02:29,912810UD8,TSRYS5870973,D,B,C,2024-10-22,1000000.00,4.557514,94.390625
08:02:29,912810UD8,TSRYS5870973,D,S,D,2024-10-22,1000000.00,4.557514,94.390625
08:02:29,912810UD8,TSRYS5870973,D,S,D,2024-10-22,1000000.00,4.557514,94.390625
08:02:29,912810UD8,TSRYS5870973,D,S,D,2024-10-22,1000000.00,4.557514,94.390625
08:02:29,912810UD8,TSRYS5870973,D,S,D,2024-10-22,1000000.00,4.557514,94.390625
08:02:29,912810UD8,TSRYS5870973,D,S,D,2024-10-22,1000000.00,4.557514,94.390625
08:02:29,912810UD8,TSRYS5870973,D,S,D,2024-10-22,1000000.00,4.557514,94.390625
08:02:29,912810UD8,TSRYS5870973,D,S,D,2024-10-22,1000000.00,4.557514,94.390625
08:02:29,912810UD8,TSRYS5870973,D,B,C,2024-10-22,1000000.00,4.55753,94.390425
08:02:29,912810UD8,TSRYS5870973,D,S,D,2024-10-22,1000000.00,4.557514,94.390625
08:02:29,912810UD8,TSRYS5870973,D,S,D,2024-10-22,1000000.00,4.557514,94.390625
08:02:29,912810UD8,TSRYS5870973,D,S,D,2024-10-22,1000000.00,4.557514,94.390625
08:02:29,912810UD8,TSRYS5870973,D,S,D,2024-10-22,1000000.00,4.557514,94.390625
08:02:29,912810UD8,TSRYS5870973,D,S,D,2024-10-22,1000000.00,4.557514,94.390625
08:02:29,912810UD8,TSRYS5870973,D,S,D,2024-10-22,1000000.00,4.557514,94.390625
08:02:29,912810UD8,TSRYS5870973,D,S,D,2024-10-22,1000000.00,4.557514,94.390625
08:02:29,912810UD8,TSRYS5870973,D,S,D,2024-10-22,1000000.00,4.564716,94.30078125
08:02:29,912810UD8,TSRYS5870973,D,S,D,2024-10-22,1000000.00,4.557514,94.390625
08:02:29,912810UD8,TSRYS5870973,D,S,D,2024-10-22,1000000.00,4.567067,94.27148437
08:02:29,912810UD8,TSRYS5870973,D,S,D,2024-10-22,1000000.00,4.569419,94.2421875
08:02:30,912810UD8,TSRYS5870973,D,S,D,2024-10-22,1000000.00,4.569419,94.2421875
08:02:30,912810UD8,TSRYS5870973,D,S,T,2024-10-22,1000000.00,4.569419,94.2421875
08:02:30,912810UD8,TSRYS5870973,D,S,T,2024-10-22,1000000.00,4.569419,94.2421875
08:02:30,912810UD8,TSRYS5870973,D,S,D,2024-10-22,1000000.00,4.569419,94.2421875
08:02:30,912810UD8,TSRYS5870973,D,B,C,2024-10-22,2000000.00,4.568164,94.2578125
08:02:30,912810UD8,TSRYS5870973,D,S,C,2024-10-22,1000000.00,4.552821,94.44921875
08:02:30,912810UD8,TSRYS5870973,D,S,T,2024-10-22,1000000.00,4.558766,94.375
08:02:31,912810UD8,TSRYS5870973,D,B,C,2024-10-22,20000000.00,4.569022,94.24713
08:02:31,912810UD8,TSRYS5870973,D,S,D,2024-10-22,1000000.00,4.551883,94.4609375
08:02:31,912810UD8,TSRYS5870973,D,B,C,2024-10-22,1000000.00,4.551883,94.4609375
08:02:32,912810UD8,TSRYS5870973,D,S,T,2024-10-22,1000000.00,4.558766,94.375
08:02:32,912810UD8,TSRYS5870973,D,B,C,2024-10-22,1000000.00,4.569889,94.23632812
08:02:32,912810UD8,TSRYS5870973,D,S,D,2024-10-22,1000000.00,4.556251,94.40638
08:02:32,912810UD8,TSRYS5870973,D,B,C,2024-10-22,1000000.00,4.556278,94.40605
08:02:32,912810UD8,TSRYS5870973,D,S,D,2024-10-22,1000000.00,4.557503,94.390755
08:02:32,912810UD8,TSRYS5870973,D,S,D,2024-10-22,1000000.00,4.557503,94.390755
08:02:33,912810UD8,TSRYS5870973,D,S,T,2024-10-22,1000000.00,4.571781,94.212765625
08:02:33,912810UD8,TSRYS5870973,D,S,T,2024-10-22,1000000.00,4.57334,94.193359375
08:02:33,912810UD8,TSRYS5870973,D,S,T,2024-10-22,1000000.00,4.574753,94.17578125
08:02:33,912810UD8,TSRYS5870973,D,S,T,2024-10-22,1000000.00,4.574596,94.177734375
08:02:33,912810UD8,TSRYS5870973,D,S,D,2024-10-22,39000000.00,4.569708,94.23858
08:02:33,912810UD8,TSRYS5870973,D,S,T,2024-10-22,1000000.00,4.574596,94.177734375
08:02:33,912810UD8,TSRYS5870973,D,B,C,2024-10-22,1000000.00,4.557528,94.39045
08:02:33,912810UD8,TSRYS5870973,D,S,D,2024-10-22,1000000.00,4.557514,94.390625
08:02:33,912810UD8,TSRYS5870973,D,B,C,2024-10-22,1000000.00,4.558766,94.375
08:02:33,912810UD8,TSRYS5870973,D,S,D,2024-10-22,1000000.00,4.558755,94.37513
08:02:33,912810UD8,TSRYS5870973,D,B,C,2024-10-22,1000000.00,4.55753,94.390425
08:02:33,912810UD8,TSRYS5870973,D,S,D,2024-10-22,1000000.00,4.557514,94.390625
08:02:33,912810UD8,TSRYS5870973,D,S,C,2024-10-22,1000000.00,4.558766,94.375
08:02:33,912810UD8,TSRYS5870973,D,S,D,2024-10-22,1000000.00,4.558766,94.375
08:02:33,912810UD8,TSRYS5870973,D,B,C,2024-10-22,1000000.00,4.55878,94.374825
08:02:33,912810UD8,TSRYS5870973,D,S,D,2024-10-22,2000000.00,4.558766,94.375
08:02:33,912810UD8,TSRYS5870973,D,B,C,2024-10-22,2000000.00,4.558766,94.375
08:02:34,912810UD8,TSRYS5870973,D,S,T,2024-10-22,1000000.00,4.574596,94.177734375
08:02:34,912810UD8,TSRYS5870973,D,S,D,2024-10-22,1000000.00,4.558766,94.375
08:02:34,912810UD8,TSRYS5870973,D,S,T,2024-10-22,1000000.00,4.558766,94.375
08:02:34,912810UD8,TSRYS5870973,D,S,D,2024-10-22,1000000.00,4.558766,94.375
08:02:34,912810UD8,TSRYS5870973,D,B,C,2024-10-22,1000000.00,4.558766,94.375
08:02:34,912810UD8,TSRYS5870973,D,S,T,2024-10-22,1000000.00,4.574596,94.177734375
08:02:34,912810UD8,TSRYS5870973,D,B,C,2024-10-22,1000000.00,4.558766,94.375
08:02:34,912810UD8,TSRYS5870973,D,S,T,2024-10-22,1000000.00,4.574596,94.177734375
08:02:34,912810UD8,TSRYS5870973,D,S,C,2024-10-22,1000000.00,4.560002,94.359575
08:02:34,912810UD8,TSRYS5870973,D,S,T,2024-10-22,1000000.00,4.574282,94.181640625
08:02:34,912810UD8,TSRYS5870973,D,B,C,2024-10-22,1000000.00,4.560032,94.3592
08:02:34,912810UD8,TSRYS5870973,D,S,D,2024-10-22,1000000.00,4.560018,94.359375
08:02:34,912810UD8,TSRYS5870973,D,B,C,2024-10-22,1000000.00,4.56003,94.359225
08:02:34,912810UD8,TSRYS5870973,D,S,D,2024-10-22,1000000.00,4.560018,94.359375
08:02:34,912810UD8,TSRYS5870973,D,S,D,2024-10-22,1000000.00,4.560018,94.359375
08:02:34,912810UD8,TSRYS5870973,D,S,D,2024-10-22,1000000.00,4.560018,94.359375
08:02:34,912810UD8,TSRYS5870973,D,S,D,2024-10-22,1000000.00,4.560018,94.359375
08:02:34,912810UD8,TSRYS5870973,D,S,D,2024-10-22,1000000.00,4.560018,94.359375
08:02:34,912810UD8,TSRYS5870973,D,S,T,2024-10-22,1000000.00,4.574282,94.181640625
08:02:34,912810UD8,TSRYS5870973,D,S,D,2024-10-22,1000000.00,4.560018,94.359375
08:02:34,912810UD8,TSRYS5870973,D,S,D,2024-10-22,1000000.00,4.560018,94.359375
08:02:34,912810UD8,TSRYS5870973,D,S,D,2024-10-22,1000000.00,4.560018,94.359375
08:02:34,912810UD8,TSRYS5870973,D,B,C,2024-10-22,1000000.00,4.560034,94.359175
08:02:34,912810UD8,TSRYS5870973,D,B,C,2024-10-22,1000000.00,4.560034,94.359175
08:02:34,912810UD8,TSRYS5870973,D,B,C,2024-10-22,1000000.00,4.560018,94.359375
08:02:34,912810UD8,TSRYS5870973,D,B,C,2024-10-22,1000000.00,4.560034,94.359175
08:02:34,912810UD8,TSRYS5870973,D,S,A,2024-10-22,7800000.00,4.469301,95.5
08:02:35,912810UD8,TSRYS5870973,D,B,C,2024-10-22,1000000.00,4.560034,94.359175
08:02:35,912810UD8,TSRYS5870973,D,S,T,2024-10-22,1000000.00,4.563785,94.312398
08:02:35,912810UD8,TSRYS5870973,D,S,D,2024-10-22,1000000.00,4.560018,94.359375
08:02:35,912810UD8,TSRYS5870973,D,B,C,2024-10-22,1000000.00,4.56003,94.359225
08:02:35,912810UD8,TSRYS5870973,D,B,C,2024-10-22,1000000.00,4.560032,94.3592
08:02:35,912810UD8,TSRYS5870973,D,B,C,2024-10-22,1000000.00,4.560018,94.359375
08:02:35,912810UD8,TSRYS5870973,D,B,C,2024-10-22,1000000.00,4.560034,94.359175
08:02:35,912810UD8,TSRYS5870973,D,S,D,2024-10-22,1000000.00,4.560018,94.359375
08:02:35,912810UD8,TSRYS5870973,D,S,D,2024-10-22,1000000.00,4.560018,94.359375
08:02:35,912810UD8,TSRYS5870973,D,B,C,2024-10-22,1000000.00,4.560018,94.359375
08:02:35,912810UD8,TSRYS5870973,D,S,D,2024-10-22,1000000.00,4.560018,94.359375
08:02:35,912810UD8,TSRYS5870973,D,B,C,2024-10-22,1000000.00,4.55878,94.374825
08:02:35,912810UD8,TSRYS5870973,D,S,D,2024-10-22,1000000.00,4.558755,94.37513
08:02:35,912810UD8,TSRYS5870973,D,S,D,2024-10-22,1000000.00,4.560018,94.359375
08:02:35,912810UD8,TSRYS5870973,D,B,C,2024-10-22,1000000.00,4.560032,94.3592
08:02:35,912810UD8,TSRYS5870973,D,B,C,2024-10-22,1000000.00,4.560032,94.3592
08:02:35,912810UD8,TSRYS5870973,D,S,D,2024-10-22,1000000.00,4.560018,94.359375
08:02:35,912810UD8,TSRYS5870973,D,S,T,2024-10-22,1000000.00,4.573968,94.185546875
08:02:36,912810UD8,TSRYS5870973,D,S,D,2024-10-22,1000000.00,4.56127,94.34375
08:02:36,912810UD8,TSRYS5870973,D,S,T,2024-10-22,1000000.00,4.575224,94.169921875
08:02:37,912810UD8,TSRYS5870973,D,S,C,2024-10-22,1874000.00,4.551883,94.4609375
08:02:37,912810UD8,TSRYS5870973,D,S,D,2024-10-22,1000000.00,4.56127,94.34375
08:02:37,912810UD8,TSRYS5870973,D,B,C,2024-10-22,1000000.00,4.571928,94.2109375
08:02:37,912810UD8,TSRYS5870973,D,S,D,2024-10-22,1000000.00,4.56127,94.34375
08:02:37,912810UD8,TSRYS5870973,D,S,D,2024-10-22,1000000.00,4.56126,94.34388
08:02:37,912810UD8,TSRYS5870973,D,S,T,2024-10-22,1000000.00,4.558766,94.375
08:02:37,912810UD8,TSRYS5870973,D,S,D,2024-10-22,1000000.00,4.562513,94.328255
08:02:37,912810UD8,TSRYS5870973,D,B,C,2024-10-22,1000000.00,4.571928,94.2109375
08:02:37,912810UD8,TSRYS5870973,D,B,C,2024-10-22,1000000.00,4.571928,94.2109375
08:02:37,912810UD8,TSRYS5870973,D,B,C,2024-10-22,1000000.00,4.562537,94.32795
08:02:37,912810UD8,TSRYS5870973,D,B,C,2024-10-22,1000000.00,4.571928,94.2109375
08:02:37,912810UD8,TSRYS5870973,D,S,C,2024-10-22,10000.00,4.553727,94.4379
08:02:37,912810UD8,TSRYS5870973,D,B,C,2024-10-22,1000000.00,4.571928,94.2109375
08:02:37,912810UD8,TSRYS5870973,D,B,C,2024-10-22,1000000.00,4.571928,94.2109375
08:02:38,912810UD8,TSRYS5870973,D,S,T,2024-10-22,1000000.00,4.576479,94.154296875
08:02:38,912810UD8,TSRYS5870973,D,S,T,2024-10-22,1000000.00,4.576322,94.15625
08:02:38,912810UD8,TSRYS5870973,D,S,T,2024-10-22,1000000.00,4.576322,94.15625
08:02:38,912810UD8,TSRYS5870973,D,S,T,2024-10-22,1000000.00,4.576322,94.15625
08:02:38,912810UD8,TSRYS5870973,D,S,T,2024-10-22,1000000.00,4.576322,94.15625
08:02:38,912810UD8,TSRYS5870973,D,S,D,2024-10-22,1000000.00,4.563776,94.3125
08:02:38,912810UD8,TSRYS5870973,D,B,C,2024-10-22,1000000.00,4.563788,94.31235
08:02:38,912810UD8,TSRYS5870973,D,S,C,2024-10-22,1000000.00,4.569262,94.24414062
08:02:38,912810UD8,TSRYS5870973,D,S,C,2024-10-22,1000000.00,4.569419,94.2421875
08:02:38,912810UD8,TSRYS5870973,D,S,C,2024-10-22,1000000.00,4.569576,94.24023437
08:02:38,912810UD8,TSRYS5870973,D,S,C,2024-10-22,1000000.00,4.569262,94.24414062
08:02:38,912810UD8,TSRYS5870973,D,S,D,2024-10-22,1000000.00,4.569576,94.24023437
08:02:38,912810UD8,TSRYS5870973,D,S,T,2024-10-22,1000000.00,4.576322,94.15625
08:02:38,912810UD8,TSRYS5870973,D,S,D,2024-10-22,1000000.00,4.568008,94.25976562
08:02:38,912810UD8,TSRYS5870973,D,B,C,2024-10-22,5000000.00,4.569568,94.24033
08:02:39,912810UD8,TSRYS5870973,D,S,T,2024-10-22,1000000.00,4.576175,94.158078125
08:02:39,912810UD8,TSRYS5870973,D,S,D,2024-10-22,1000000.00,4.552664,94.451171875
08:02:39,912810UD8,TSRYS5870973,D,S,T,2024-10-22,1000000.00,4.576175,94.158078125
08:02:39,912810UD8,TSRYS5870973,D,S,D,2024-10-22,1000000.00,4.564716,94.30078125
08:02:39,912810UD8,TSRYS5870973,D,S,T,2024-10-22,1000000.00,4.576175,94.158078125
08:02:39,912810UD8,TSRYS5870973,D,S,D,2024-10-22,1000000.00,4.564716,94.30078125
08:02:40,912810UD8,TSRYS5870973,D,S,D,2024-10-22,1000000.00,4.554072,94.43359375
08:02:40,912810UD8,TSRYS5870973,D,B,C,2024-10-22,1000000.00,4.554072,94.43359375
08:02:41,912810UD8,TSRYS5870973,D,S,T,2024-10-22,1000000.00,4.576479,94.154296875
08:02:41,912810UD8,TSRYS5870973,D,B,C,2024-10-22,1000000.00,4.562367,94.33007812
08:02:41,912810UD8,TSRYS5870973,D,B,C,2024-10-22,1000000.00,4.56221,94.33203125
08:02:41,912810UD8,TSRYS5870973,D,B,C,2024-10-22,1000000.00,4.562367,94.33007812
08:02:41,912810UD8,TSRYS5870973,D,B,C,2024-10-22,1000000.00,4.562053,94.33398437
08:02:41,912810UD8,TSRYS5870973,D,S,C,2024-10-22,7800000.00,4.554072,94.43359375
08:02:41,912810UD8,TSRYS5870973,D,S,T,2024-10-22,1000000.00,4.576332,94.156125
08:02:42,912810UD8,TSRYS5870973,D,S,T,2024-10-22,1000000.00,4.577578,94.140625
08:02:42,912810UD8,TSRYS5870973,D,S,D,2024-10-22,10000.00,,94.4379
08:02:42,912810UD8,TSRYS5870973,D,S,T,2024-10-22,1000000.00,4.577578,94.140625
08:02:42,912810UD8,TSRYS5870973,D,S,D,2024-10-22,1000000.00,4.560957,94.34765625
08:02:42,912810UD8,TSRYS5870973,D,S,D,2024-10-22,1000000.00,4.560957,94.34765625
08:02:42,912810UD8,TSRYS5870973,D,S,D,2024-10-22,1000000.00,4.560018,94.359375
08:02:42,912810UD8,TSRYS5870973,D,S,D,2024-10-22,1000000.00,4.560957,94.34765625
08:02:42,912810UD8,TSRYS5870973,D,B,C,2024-10-22,1000000.00,4.55814,94.3828125
08:02:43,912810UD8,TSRYS5870973,D,S,C,2024-10-22,1000000.00,4.558766,94.375
08:02:43,912810UD8,TSRYS5870973,D,S,C,2024-10-22,1000000.00,4.558766,94.375
08:02:43,912810UD8,TSRYS5870973,D,S,D,2024-10-22,9000000.00,4.560963,94.34758
08:02:43,912810UD8,TSRYS5870973,D,B,C,2024-10-22,1000000.00,4.566297,94.281075
08:02:44,912810UD8,TSRYS5870973,D,S,C,2024-10-22,1000000.00,4.566267,94.28145
08:02:44,912810UD8,TSRYS5870973,D,B,C,2024-10-22,1000000.00,4.557514,94.390625
08:02:44,912810UD8,TSRYS5870973,D,S,C,2024-10-22,1000000.00,4.566267,94.28145
08:02:44,912810UD8,TSRYS5870973,D,S,D,2024-10-22,1000000.00,4.558766,94.375
08:02:44,912810UD8,TSRYS5870973,D,S,D,2024-10-22,1000000.00,4.558766,94.375
08:02:44,912810UD8,TSRYS5870973,D,S,D,2024-10-22,1000000.00,4.558766,94.375
08:02:44,912810UD8,TSRYS5870973,D,B,C,2024-10-22,1000000.00,4.566297,94.281075
08:02:44,912810UD8,TSRYS5870973,D,S,T,2024-10-22,1000000.00,4.558766,94.375
08:02:44,912810UD8,TSRYS5870973,D,S,C,2024-10-22,1000000.00,4.558766,94.375
08:02:44,912810UD8,TSRYS5870973,D,S,D,2024-10-22,1000000.00,4.566283,94.28125
08:02:44,912810UD8,TSRYS5870973,D,S,D,2024-10-22,1000000.00,4.566283,94.28125
08:02:44,912810UD8,TSRYS5870973,D,S,T,2024-10-22,1000000.00,4.558609,94.37695312
08:02:44,912810UD8,TSRYS5870973,D,S,D,2024-10-22,1000000.00,4.558609,94.37695312
08:02:44,912810UD8,TSRYS5870973,D,B,C,2024-10-22,1000000.00,4.566297,94.281075
08:02:44,912810UD8,TSRYS5870973,D,S,C,2024-10-22,1000000.00,4.566267,94.28145
08:02:44,912810UD8,TSRYS5870973,D,B,C,2024-10-22,1000000.00,4.566297,94.281075
08:02:44,912810UD8,TSRYS5870973,D,S,C,2024-10-22,1000000.00,4.566267,94.28145
08:02:44,912810UD8,TSRYS5870973,D,B,C,2024-10-22,1000000.00,4.566297,94.281075
08:02:44,912810UD8,TSRYS5870973,D,B,C,2024-10-22,1000000.00,4.558766,94.374825
08:02:44,912810UD8,TSRYS5870973,D,S,D,2024-10-22,1000000.00,4.558766,94.375
08:02:44,912810UD8,TSRYS5870973,D,S,D,2024-10-22,1000000.00,4.560018,94.359375
08:02:44,912810UD8,TSRYS5870973,D,B,C,2024-10-22,1000000.00,4.560018,94.359375
08:02:44,912810UD8,TSRYS5870973,D,B,C,2024-10-22,1000000.00,4.560018,94.3592
08:02:44,912810UD8,TSRYS5870973,D,S,C,2024-10-22,1000000.00,4.560018,94.359375
08:02:44,912810UD8,TSRYS5870973,D,B,C,2024-10-22,1000000.00,4.558766,94.374825
08:02:45,912810UD8,TSRYS5870973,D,S,C,2024-10-22,1000000.00,4.558766,94.375
08:02:45,912810UD8,TSRYS5870973,D,B,C,2024-10-22,1000000.00,4.566283,94.281075
08:02:45,912810UD8,TSRYS5870973,D,S,C,2024-10-22,1000000.00,4.566283,94.28125
08:02:45,912810UD8,TSRYS5870973,D,S,D,2024-10-22,1000000.00,4.570036,94.234505
08:02:45,912810UD8,TSRYS5870973,D,S,D,2024-10-22,1000000.00,4.570036,94.234505
08:02:45,912810UD8,TSRYS5870973,D,B,C,2024-10-22,1000000.00,4.571313,94.2186
08:02:45,912810UD8,TSRYS5870973,D,S,C,2024-10-22,1000000.00,4.571285,94.21895
08:02:45,912810UD8,TSRYS5870973,D,B,C,2024-10-22,1000000.00,4.571315,94.218575
08:02:45,912810UD8,TSRYS5870973,D,S,C,2024-10-22,1000000.00,4.571301,94.21875
08:02:46,912810UD8,TSRYS5870973,D,B,C,2024-10-22,1000000.00,4.572556,94.20295
08:02:46,912810UD8,TSRYS5870973,D,S,D,2024-10-22,1000000.00,4.572556,94.203125
08:02:46,912810UD8,TSRYS5870973,D,B,C,2024-10-22,15000000.00,4.560046,94.35903
08:02:46,912810UD8,TSRYS5870973,D,S,D,2024-10-22,1000000.00,4.571301,94.21875
08:02:46,912810UD8,TSRYS5870973,D,S,C,2024-10-22,1000000.00,4.577578,94.140625
08:02:46,912810UD8,TSRYS5870973,D,S,D,2024-10-22,2000000.00,4.570987,94.22265625
08:02:46,912810UD8,TSRYS5870973,D,B,A,2024-10-22,2000000.00,4.570987,94.22265625
08:02:48,912810UD8,TSRYS5870973,D,S,D,2024-10-22,1000000.00,4.573811,94.1875
08:02:48,912810UD8,TSRYS5870973,D,S,T,2024-10-22,1000000.00,4.558766,94.375
08:02:48,912810UD8,TSRYS5870973,D,S,C,2024-10-22,1000000.00,4.575055,94.172025
08:02:48,912810UD8,TSRYS5870973,D,S,C,2024-10-22,1000000.00,4.581348,94.09375
08:02:48,912810UD8,TSRYS5870973,D,S,C,2024-10-22,1000000.00,4.581348,94.09375
08:02:48,912810UD8,TSRYS5870973,D,B,C,2024-10-22,1000000.00,4.580091,94.109375
08:02:48,912810UD8,TSRYS5870973,D,S,D,2024-10-22,1000000.00,4.580091,94.109375
08:02:48,912810UD8,TSRYS5870973,D,B,C,2024-10-22,1000000.00,4.580091,94.109375
08:02:48,912810UD8,TSRYS5870973,D,S,D,2024-10-22,1000000.00,4.580091,94.109375
08:02:48,912810UD8,TSRYS5870973,D,B,C,2024-10-22,1000000.00,4.580091,94.109375
08:02:48,912810UD8,TSRYS5870973,D,S,D,2024-10-22,1000000.00,4.580091,94.109375
08:02:48,912810UD8,TSRYS5870973,D,S,C,2024-10-22,1000000.00,4.582606,94.078125
08:02:49,912810UD8,TSRYS5870973,D,S,D,2024-10-22,1000000.00,4.577568,94.140755
08:02:49,912810UD8,TSRYS5870973,D,B,C,2024-10-22,1000000.00,4.583863,94.0625
08:02:49,912810UD8,TSRYS5870973,D,S,D,2024-10-22,1000000.00,4.583863,94.0625
08:02:49,912810UD8,TSRYS5870973,D,S,T,2024-10-22,1000000.00,4.558766,94.375
08:02:49,912810UD8,TSRYS5870973,D,S,D,2024-10-22,1000000.00,4.575067,94.171875
08:02:50,912810UD8,TSRYS5870973,D,S,C,2024-10-22,1000000.00,4.573811,94.1875
08:02:50,912810UD8,TSRYS5870973,D,S,D,2024-10-22,1000000.00,4.573795,94.1877
