tradeTime,cusip,issueSymbolIdentifier,priceType,reportingSideCode,contraPartyTypeCode,tradeDate,reportedTradeVolume,lastSaleYield,lastSalePrice
08:00:03,912810UB2,TSRYS5810883,D,S,D,2024-08-13,1000000.00,4.297789,104.3203125
08:00:03,912810UB2,TSRYS5810883,D,S,D,2024-08-13,1000000.00,4.297789,104.3203125
08:00:03,912810UB2,TSRYS5810883,D,S,D,2024-08-13,1000000.00,4.299657,104.294921875
08:00:03,912810UB2,TSRYS5810883,D,S,D,2024-08-13,1000000.00,4.295634,104.349609375
08:00:03,912810UB2,TSRYS5810883,D,S,D,2024-08-13,1000000.00,4.295634,104.349609375
08:00:03,912810UB2,TSRYS5810883,D,S,D,2024-08-13,1000000.00,4.297645,104.322265625
08:00:03,912810UB2,TSRYS5810883,D,S,T,2024-08-13,1000000.00,4.297645,104.322265625
08:00:03,912810UB2,TSRYS5810883,D,S,D,2024-08-13,1000000.00,4.300088,104.2890625
08:00:03,912810UB2,TSRYS5810883,D,S,D,2024-08-13,1000000.00,4.300088,104.2890625
08:00:03,912810UB2,TSRYS5810883,D,S,D,2024-08-13,1000000.00,4.305264,104.21875
08:00:03,912810UB2,TSRYS5810883,D,S,D,2024-08-13,1000000.00,4.305264,104.21875
08:00:03,912810UB2,TSRYS5810883,D,S,T,2024-08-13,1000000.00,4.296352,104.33984375
08:00:03,912810UB2,TSRYS5810883,D,S,D,2024-08-13,1000000.00,4.296352,104.33984375
08:00:03,912810UB2,TSRYS5810883,D,S,T,2024-08-13,1000000.00,4.296208,104.341796875
08:00:03,912810UB2,TSRYS5810883,D,S,T,2024-08-13,1000000.00,4.296208,104.341796875
08:00:03,912810UB2,TSRYS5810883,D,S,T,2024-08-13,1000000.00,4.296208,104.341796875
08:00:03,912810UB2,TSRYS5810883,D,S,T,2024-08-13,1000000.00,4.296208,104.341796875
08:00:03,912810UB2,TSRYS5810883,D,S,D,2024-08-13,1000000.00,4.294341,104.3671875
08:00:03,912810UB2,TSRYS5810883,D,S,D,2024-08-13,1000000.00,4.294341,104.3671875
08:00:03,912810UB2,TSRYS5810883,D,S,D,2024-08-13,1000000.00,4.285159,104.4921875
08:00:03,912810UB2,TSRYS5810883,D,S,D,2024-08-13,1000000.00,4.284013,104.5078125
08:00:03,912810UB2,TSRYS5810883,D,S,D,2024-08-13,1000000.00,4.284013,104.5078125
08:00:07,912810UB2,TSRYS5810883,D,S,D,2024-08-13,1000000.00,4.297214,104.328125
08:00:07,912810UB2,TSRYS5810883,D,S,D,2024-08-13,1000000.00,4.303107,104.248046875
08:00:07,912810UB2,TSRYS5810883,D,S,D,2024-08-13,1000000.00,4.298507,104.310546875
08:00:07,912810UB2,TSRYS5810883,D,S,D,2024-08-13,1000000.00,4.298507,104.310546875
08:00:07,912810UB2,TSRYS5810883,D,S,D,2024-08-13,1000000.00,4.298794,104.306640625
08:00:07,912810UB2,TSRYS5810883,D,S,D,2024-08-13,2000000.00,4.298363,104.3125
08:00:07,912810UB2,TSRYS5810883,D,S,D,2024-08-13,2000000.00,4.298651,104.30859375
08:00:07,912810UB2,TSRYS5810883,D,S,D,2024-08-13,1000000.00,4.298651,104.30859375
08:00:08,912810UB2,TSRYS5810883,D,S,D,2024-08-13,1000000.00,4.299082,104.302734375
08:00:08,912810UB2,TSRYS5810883,D,S,D,2024-08-13,1000000.00,4.299225,104.30078125
08:00:08,912810UB2,TSRYS5810883,D,S,D,2024-08-13,1000000.00,4.299082,104.302734375
08:00:08,912810UB2,TSRYS5810883,D,S,D,2024-08-13,1000000.00,4.298794,104.306640625
08:00:08,912810UB2,TSRYS5810883,D,S,D,2024-08-13,2000000.00,4.298363,104.3125
08:00:08,912810UB2,TSRYS5810883,D,S,D,2024-08-13,2000000.00,4.298363,104.3125
08:00:08,912810UB2,TSRYS5810883,D,S,D,2024-08-13,2000000.00,4.298363,104.3125
08:00:08,912810UB2,TSRYS5810883,D,S,C,2024-08-13,15000000.00,4.284013,104.5078125
08:00:10,912810UB2,TSRYS5810883,D,S,T,2024-08-13,1000000.00,4.296065,104.34375
08:00:10,912810UB2,TSRYS5810883,D,S,T,2024-08-13,1000000.00,4.294916,104.359375
08:00:10,912810UB2,TSRYS5810883,D,S,T,2024-08-13,1000000.00,4.301813,104.265625
08:00:11,912810UB2,TSRYS5810883,D,S,T,2024-08-13,1000000.00,4.309869,104.15625
08:00:11,912810UB2,TSRYS5810883,D,S,T,2024-08-13,1000000.00,4.291471,104.40625
08:00:13,912810UB2,TSRYS5810883,D,B,C,2024-08-13,250000.00,4.292648,104.390225
08:00:15,912810UB2,TSRYS5810883,D,S,C,2024-08-13,50000.00,4.299196,104.31118125
08:00:17,912810UB2,TSRYS5810883,D,S,T,2024-08-13,1000000.00,4.297214,104.328125
08:00:17,912810UB2,TSRYS5810883,D,S,T,2024-08-13,1000000.00,4.303107,104.248046875
08:00:17,912810UB2,TSRYS5810883,D,S,T,2024-08-13,1000000.00,4.298507,104.310546875
08:00:17,912810UB2,TSRYS5810883,D,S,D,2024-08-13,1000000.00,4.288027,104.453125
08:00:17,912810UB2,TSRYS5810883,D,S,T,2024-08-13,1000000.00,4.298507,104.310546875
08:00:17,912810UB2,TSRYS5810883,D,S,T,2024-08-13,1000000.00,4.298794,104.306640625
08:00:17,912810UB2,TSRYS5810883,D,S,T,2024-08-13,2000000.00,4.298363,104.3125
08:00:17,912810UB2,TSRYS5810883,D,S,T,2024-08-13,1000000.00,4.298651,104.30859375
08:00:18,912810UB2,TSRYS5810883,D,S,D,2024-08-13,1000000.00,4.288027,104.453125
08:00:19,912810UB2,TSRYS5810883,D,S,D,2024-08-13,1000000.00,4.292619,104.390625
08:00:19,912810UB2,TSRYS5810883,D,S,D,2024-08-13,1000000.00,4.292619,104.390625
08:00:19,912810UB2,TSRYS5810883,D,S,D,2024-08-13,1000000.00,4.294629,104.36328125
08:00:22,912810UB2,TSRYS5810883,D,S,D,2024-08-13,1000000.00,4.297214,104.328125
08:00:22,912810UB2,TSRYS5810883,D,S,D,2024-08-13,1000000.00,4.297214,104.328125
08:00:22,912810UB2,TSRYS5810883,D,S,T,2024-08-13,1000000.00,4.299082,104.302734375
08:00:22,912810UB2,TSRYS5810883,D,S,T,2024-08-13,1000000.00,4.299082,104.302734375
08:00:22,912810UB2,TSRYS5810883,D,S,T,2024-08-13,1000000.00,4.298794,104.306640625
08:00:22,912810UB2,TSRYS5810883,D,S,T,2024-08-13,2000000.00,4.298363,104.3125
08:00:22,912810UB2,TSRYS5810883,D,S,T,2024-08-13,2000000.00,4.298363,104.3125
08:00:22,912810UB2,TSRYS5810883,D,S,T,2024-08-13,2000000.00,4.298363,104.3125
08:00:27,912810UB2,TSRYS5810883,D,S,T,2024-08-13,1000000.00,4.292619,104.390625
08:00:27,912810UB2,TSRYS5810883,D,S,T,2024-08-13,1000000.00,4.296065,104.34375
08:00:27,912810UB2,TSRYS5810883,D,S,T,2024-08-13,1000000.00,4.296065,104.34375
08:00:27,912810UB2,TSRYS5810883,D,S,T,2024-08-13,1000000.00,4.296065,104.34375
08:00:27,912810UB2,TSRYS5810883,D,S,T,2024-08-13,1000000.00,4.302963,104.25
08:00:27,912810UB2,TSRYS5810883,D,S,T,2024-08-13,1000000.00,4.302963,104.25
08:00:27,912810UB2,TSRYS5810883,D,S,T,2024-08-13,1000000.00,4.299513,104.296875
08:00:27,912810UB2,TSRYS5810883,D,S,D,2024-08-13,1000000.00,4.294629,104.36328125
08:00:30,912810UB2,TSRYS5810883,D,S,T,2024-08-13,1000000.00,4.292619,104.390625
08:00:30,912810UB2,TSRYS5810883,D,S,T,2024-08-13,1000000.00,4.292619,104.390625
08:00:30,912810UB2,TSRYS5810883,D,S,T,2024-08-13,1000000.00,4.291614,104.404296875
08:00:30,912810UB2,TSRYS5810883,D,S,T,2024-08-13,1000000.00,4.291471,104.40625
08:00:30,912810UB2,TSRYS5810883,D,S,T,2024-08-13,1000000.00,4.299513,104.296875
08:00:30,912810UB2,TSRYS5810883,D,S,T,2024-08-13,1000000.00,4.283439,104.515625
08:00:30,912810UB2,TSRYS5810883,D,S,T,2024-08-13,1000000.00,4.283439,104.515625
08:00:30,912810UB2,TSRYS5810883,D,S,T,2024-08-13,1000000.00,4.283439,104.515625
08:00:30,912810UB2,TSRYS5810883,D,S,T,2024-08-13,1000000.00,4.290323,104.421875
08:00:30,912810UB2,TSRYS5810883,D,S,T,2024-08-13,1000000.00,4.288027,104.453125
08:00:30,912810UB2,TSRYS5810883,D,S,T,2024-08-13,1000000.00,4.290323,104.421875
08:00:30,912810UB2,TSRYS5810883,D,S,T,2024-08-13,1000000.00,4.290323,104.421875
08:00:30,912810UB2,TSRYS5810883,D,S,T,2024-08-13,1000000.00,4.292619,104.390625
08:00:30,912810UB2,TSRYS5810883,D,S,T,2024-08-13,1000000.00,4.292619,104.390625
08:00:30,912810UB2,TSRYS5810883,D,S,T,2024-08-13,1000000.00,4.292619,104.390625
08:00:30,912810UB2,TSRYS5810883,D,S,T,2024-08-13,1000000.00,4.296065,104.34375
08:00:30,912810UB2,TSRYS5810883,D,S,T,2024-08-13,1000000.00,4.298363,104.3125
08:00:30,912810UB2,TSRYS5810883,D,S,T,2024-08-13,1000000.00,4.297214,104.328125
08:00:30,912810UB2,TSRYS5810883,D,S,T,2024-08-13,1000000.00,4.297214,104.328125
08:00:30,912810UB2,TSRYS5810883,D,S,T,2024-08-13,1000000.00,4.298363,104.3125
08:00:30,912810UB2,TSRYS5810883,D,S,T,2024-08-13,1000000.00,4.298363,104.3125
08:00:30,912810UB2,TSRYS5810883,D,S,T,2024-08-13,1000000.00,4.298363,104.3125
08:00:30,912810UB2,TSRYS5810883,D,S,T,2024-08-13,1000000.00,4.298363,104.3125
08:00:30,912810UB2,TSRYS5810883,D,S,T,2024-08-13,1000000.00,4.298363,104.3125
08:00:30,912810UB2,TSRYS5810883,D,S,T,2024-08-13,1000000.00,4.300663,104.28125
08:00:30,912810UB2,TSRYS5810883,D,S,T,2024-08-13,3000000.00,4.300663,104.28125
08:00:30,912810UB2,TSRYS5810883,D,S,D,2024-08-13,1000000.00,4.301525,104.26953125
08:00:30,912810UB2,TSRYS5810883,D,S,T,2024-08-13,1000000.00,4.306415,104.203125
08:00:30,912810UB2,TSRYS5810883,D,S,T,2024-08-13,1000000.00,4.306415,104.203125
08:00:30,912810UB2,TSRYS5810883,D,S,T,2024-08-13,1000000.00,4.305264,104.21875
08:00:30,912810UB2,TSRYS5810883,D,S,T,2024-08-13,1000000.00,4.305264,104.21875
08:00:30,912810UB2,TSRYS5810883,D,S,T,2024-08-13,1000000.00,4.306415,104.203125
08:00:30,912810UB2,TSRYS5810883,D,S,T,2024-08-13,1000000.00,4.308717,104.171875
08:00:30,912810UB2,TSRYS5810883,D,S,T,2024-08-13,1000000.00,4.308717,104.171875
08:00:30,912810UB2,TSRYS5810883,D,S,T,2024-08-13,1000000.00,4.301813,104.265625
08:00:30,912810UB2,TSRYS5810883,D,S,T,2024-08-13,2000000.00,4.301813,104.265625
08:00:31,912810UB2,TSRYS5810883,D,S,T,2024-08-13,1000000.00,4.292619,104.390625
08:00:31,912810UB2,TSRYS5810883,D,S,T,2024-08-13,1000000.00,4.292619,104.390625
08:00:31,912810UB2,TSRYS5810883,D,S,A,2024-08-13,101000.00,4.300375,104.28515625
08:00:31,912810UB2,TSRYS5810883,D,S,D,2024-08-13,50000.00,4.299225,104.30078125
08:00:31,912810UB2,TSRYS5810883,D,S,T,2024-08-13,1000000.00,4.291471,104.40625
08:00:31,912810UB2,TSRYS5810883,D,S,T,2024-08-13,1000000.00,4.291471,104.40625
08:00:31,912810UB2,TSRYS5810883,D,S,T,2024-08-13,1000000.00,4.291471,104.40625
08:00:31,912810UB2,TSRYS5810883,D,S,T,2024-08-13,1000000.00,4.291327,104.408203125
08:00:31,912810UB2,TSRYS5810883,D,S,D,2024-08-13,2525000.00,4.291673,104.40349078
08:00:31,912810UB2,TSRYS5810883,D,S,D,2024-08-13,50000.00,4.298076,104.31640625
08:00:31,912810UB2,TSRYS5810883,D,S,T,2024-08-13,2000000.00,4.285733,104.484375
08:00:31,912810UB2,TSRYS5810883,D,S,T,2024-08-13,1000000.00,4.285733,104.484375
08:00:31,912810UB2,TSRYS5810883,D,S,T,2024-08-13,2000000.00,4.285733,104.484375
08:00:31,912810UB2,TSRYS5810883,D,S,T,2024-08-13,2000000.00,4.299369,104.298828125
08:00:31,912810UB2,TSRYS5810883,D,S,T,2024-08-13,1000000.00,4.296352,104.33984375
08:00:31,912810UB2,TSRYS5810883,D,S,T,2024-08-13,1000000.00,4.282293,104.53125
08:00:31,912810UB2,TSRYS5810883,D,S,D,2024-08-13,1000000.00,4.282579,104.52734375
08:00:31,912810UB2,TSRYS5810883,D,S,D,2024-08-13,1000000.00,4.282579,104.52734375
08:00:31,912810UB2,TSRYS5810883,D,S,D,2024-08-13,1000000.00,4.288027,104.453125
08:00:31,912810UB2,TSRYS5810883,D,S,D,2024-08-13,1000000.00,4.288027,104.453125
08:00:31,912810UB2,TSRYS5810883,D,S,D,2024-08-13,1000000.00,4.292619,104.390625
08:00:31,912810UB2,TSRYS5810883,D,S,D,2024-08-13,1000000.00,4.292619,104.390625
08:00:31,912810UB2,TSRYS5810883,D,S,T,2024-08-13,1000000.00,4.307566,104.1875
08:00:31,912810UB2,TSRYS5810883,D,S,T,2024-08-13,1000000.00,4.305264,104.21875
08:00:31,912810UB2,TSRYS5810883,D,S,T,2024-08-13,1000000.00,4.304113,104.234375
08:00:31,912810UB2,TSRYS5810883,D,S,T,2024-08-13,1000000.00,4.304113,104.234375
08:00:31,912810UB2,TSRYS5810883,D,S,T,2024-08-13,1000000.00,4.304113,104.234375
08:00:31,912810UB2,TSRYS5810883,D,S,D,2024-08-13,50000.00,4.303826,104.23828125
08:00:31,912810UB2,TSRYS5810883,D,S,C,2024-08-13,4377000.00,4.304401,104.23046875
08:00:31,912810UB2,TSRYS5810883,D,S,A,2024-08-13,845000.00,4.306703,104.19921875
08:00:31,912810UB2,TSRYS5810883,D,S,D,2024-08-13,1000000.00,4.297214,104.328125
08:00:31,912810UB2,TSRYS5810883,D,S,D,2024-08-13,1000000.00,4.297214,104.328125
08:00:31,912810UB2,TSRYS5810883,D,S,D,2024-08-13,1000000.00,4.297214,104.328125
08:00:31,912810UB2,TSRYS5810883,D,S,D,2024-08-13,1000000.00,4.300088,104.2890625
08:00:31,912810UB2,TSRYS5810883,D,S,A,2024-08-13,200000.00,4.305264,104.21875
08:00:31,912810UB2,TSRYS5810883,D,S,T,2024-08-13,1000000.00,4.301813,104.265625
08:00:31,912810UB2,TSRYS5810883,D,S,C,2024-08-13,2500000.00,4.300088,104.2890625
08:00:31,912810UB2,TSRYS5810883,D,S,D,2024-08-13,1000000.00,4.301813,104.265625
08:00:31,912810UB2,TSRYS5810883,D,S,D,2024-08-13,1000000.00,4.301525,104.26953125
08:00:31,912810UB2,TSRYS5810883,D,S,D,2024-08-13,1000000.00,4.301525,104.26953125
08:00:31,912810UB2,TSRYS5810883,D,S,D,2024-08-13,1000000.00,4.301525,104.26953125
08:00:31,912810UB2,TSRYS5810883,D,S,D,2024-08-13,1000000.00,4.301525,104.26953125
08:00:31,912810UB2,TSRYS5810883,D,S,D,2024-08-13,1000000.00,4.301525,104.26953125
08:00:31,912810UB2,TSRYS5810883,D,S,D,2024-08-13,1000000.00,4.301525,104.26953125
08:00:31,912810UB2,TSRYS5810883,D,S,D,2024-08-13,1000000.00,4.305264,104.21875
08:00:31,912810UB2,TSRYS5810883,D,S,D,2024-08-13,1000000.00,4.296639,104.3359375
08:00:31,912810UB2,TSRYS5810883,D,S,D,2024-08-13,1000000.00,4.292045,104.3984375
08:00:31,912810UB2,TSRYS5810883,D,S,T,2024-08-13,1000000.00,4.292906,104.38671875
08:00:31,912810UB2,TSRYS5810883,D,S,D,2024-08-13,1000000.00,4.300375,104.28515625
08:00:31,912810UB2,TSRYS5810883,D,S,D,2024-08-13,1000000.00,4.302531,104.255859375
08:00:31,912810UB2,TSRYS5810883,D,S,D,2024-08-13,1000000.00,4.300519,104.283203125
08:00:31,912810UB2,TSRYS5810883,D,S,D,2024-08-13,1000000.00,4.300519,104.283203125
08:00:31,912810UB2,TSRYS5810883,D,S,D,2024-08-13,1000000.00,4.300519,104.283203125
08:00:31,912810UB2,TSRYS5810883,D,S,D,2024-08-13,1000000.00,4.300375,104.28515625
08:00:31,912810UB2,TSRYS5810883,D,S,D,2024-08-13,2000000.00,4.297214,104.328125
08:00:31,912810UB2,TSRYS5810883,D,S,D,2024-08-13,2000000.00,4.296496,104.337890625
08:00:31,912810UB2,TSRYS5810883,D,S,D,2024-08-13,1000000.00,4.298938,104.3046875
08:00:31,912810UB2,TSRYS5810883,D,S,D,2024-08-13,2000000.00,4.29707,104.330078125
08:00:31,912810UB2,TSRYS5810883,D,S,D,2024-08-13,2000000.00,4.294629,104.36328125
08:00:31,912810UB2,TSRYS5810883,D,S,D,2024-08-13,1000000.00,4.300375,104.28515625
08:00:31,912810UB2,TSRYS5810883,D,S,D,2024-08-13,1000000.00,4.302531,104.255859375
08:00:31,912810UB2,TSRYS5810883,D,S,D,2024-08-13,1000000.00,4.301381,104.271484375
08:00:31,912810UB2,TSRYS5810883,D,S,D,2024-08-13,1000000.00,4.301238,104.2734375
08:00:31,912810UB2,TSRYS5810883,D,S,D,2024-08-13,1000000.00,4.301381,104.271484375
08:00:31,912810UB2,TSRYS5810883,D,S,D,2024-08-13,1000000.00,4.301381,104.271484375
08:00:31,912810UB2,TSRYS5810883,D,S,D,2024-08-13,1000000.00,4.306271,104.205078125
08:00:31,912810UB2,TSRYS5810883,D,S,D,2024-08-13,1000000.00,4.301525,104.26953125
08:00:31,912810UB2,TSRYS5810883,D,S,D,2024-08-13,1000000.00,4.292045,104.3984375
08:00:31,912810UB2,TSRYS5810883,D,S,D,2024-08-13,1000000.00,4.292332,104.39453125
08:00:32,912810UB2,TSRYS5810883,D,S,T,2024-08-13,1000000.00,4.298651,104.30859375
08:00:32,912810UB2,TSRYS5810883,D,S,T,2024-08-13,1000000.00,4.298507,104.310546875
08:00:32,912810UB2,TSRYS5810883,D,S,T,2024-08-13,1000000.00,4.297214,104.328125
08:00:32,912810UB2,TSRYS5810883,D,S,T,2024-08-13,1000000.00,4.297214,104.328125
08:00:32,912810UB2,TSRYS5810883,D,S,T,2024-08-13,1000000.00,4.297214,104.328125
08:00:32,912810UB2,TSRYS5810883,D,S,T,2024-08-13,1000000.00,4.298363,104.3125
08:00:32,912810UB2,TSRYS5810883,D,S,T,2024-08-13,1000000.00,4.298363,104.3125
08:00:32,912810UB2,TSRYS5810883,D,S,T,2024-08-13,1000000.00,4.298363,104.3125
08:00:32,912810UB2,TSRYS5810883,D,S,T,2024-08-13,1000000.00,4.301525,104.26953125
08:00:32,912810UB2,TSRYS5810883,D,S,T,2024-08-13,1000000.00,4.301381,104.271484375
08:00:32,912810UB2,TSRYS5810883,D,S,T,2024-08-13,1000000.00,4.301238,104.2734375
08:00:32,912810UB2,TSRYS5810883,D,S,T,2024-08-13,1000000.00,4.301381,104.271484375
08:00:32,912810UB2,TSRYS5810883,D,S,T,2024-08-13,1000000.00,4.305264,104.21875
08:00:32,912810UB2,TSRYS5810883,D,S,T,2024-08-13,1000000.00,4.292045,104.3984375
08:00:34,912810UB2,TSRYS5810883,D,S,C,2024-08-13,1000000.00,4.305264,104.21875
08:00:34,912810UB2,TSRYS5810883,D,S,C,2024-08-13,1000000.00,4.305264,104.21875
08:00:34,912810UB2,TSRYS5810883,D,S,C,2024-08-13,1000000.00,4.305264,104.21875
08:00:35,912810UB2,TSRYS5810883,D,S,D,2024-08-13,250000.00,4.292648,104.390225
08:00:35,912810UB2,TSRYS5810883,D,B,C,2024-08-13,250000.00,4.292648,104.388225
08:00:37,912810UB2,TSRYS5810883,D,S,D,2024-08-13,1000000.00,4.292619,104.390625
08:00:38,912810UB2,TSRYS5810883,D,S,A,2024-08-13,3600000.00,4.300088,104.2890625
08:00:38,912810UB2,TSRYS5810883,D,S,C,2024-08-13,5300000.00,4.294629,104.36328125
08:00:40,912810UB2,TSRYS5810883,D,S,C,2024-08-13,10000000.00,4.301813,104.265625
08:00:41,912810UB2,TSRYS5810883,D,S,D,2024-08-13,1000000.00,4.291471,104.40625
08:00:41,912810UB2,TSRYS5810883,D,S,D,2024-08-13,525000.00,4.291758,104.40234375
08:00:41,912810UB2,TSRYS5810883,D,S,D,2024-08-13,1000000.00,4.291758,104.40234375
08:00:41,912810UB2,TSRYS5810883,D,S,D,2024-08-13,1000000.00,4.292906,104.38671875
08:00:41,912810UB2,TSRYS5810883,D,S,D,2024-08-13,1000000.00,4.292906,104.38671875
08:00:41,912810UB2,TSRYS5810883,D,S,D,2024-08-13,1000000.00,4.293193,104.3828125
08:00:42,912810UB2,TSRYS5810883,D,S,T,2024-08-13,1000000.00,4.298363,104.3125
08:00:42,912810UB2,TSRYS5810883,D,S,T,2024-08-13,1000000.00,4.298363,104.3125
08:00:42,912810UB2,TSRYS5810883,D,S,T,2024-08-13,1000000.00,4.298076,104.31640625
08:00:42,912810UB2,TSRYS5810883,D,S,T,2024-08-13,1000000.00,4.298363,104.3125
08:00:42,912810UB2,TSRYS5810883,D,S,T,2024-08-13,1000000.00,4.29822,104.314453125
08:00:42,912810UB2,TSRYS5810883,D,S,T,2024-08-13,1000000.00,4.298363,104.3125
08:00:42,912810UB2,TSRYS5810883,D,S,T,2024-08-13,1000000.00,4.297214,104.328125
08:00:42,912810UB2,TSRYS5810883,D,S,T,2024-08-13,1000000.00,4.297214,104.328125
08:00:42,912810UB2,TSRYS5810883,D,S,T,2024-08-13,1000000.00,4.296065,104.34375
08:00:42,912810UB2,TSRYS5810883,D,S,T,2024-08-13,1000000.00,4.296065,104.34375
08:00:42,912810UB2,TSRYS5810883,D,S,D,2024-08-13,50000.00,4.300663,104.28125
08:00:42,912810UB2,TSRYS5810883,D,S,T,2024-08-13,1000000.00,4.301813,104.265625
08:00:42,912810UB2,TSRYS5810883,D,S,T,2024-08-13,1000000.00,4.301813,104.265625
08:00:42,912810UB2,TSRYS5810883,D,S,D,2024-08-13,5300000.00,4.294629,104.36328125
08:00:44,912810UB2,TSRYS5810883,D,S,D,2024-08-13,1000000.00,4.284299,104.50390625
08:00:44,912810UB2,TSRYS5810883,D,S,D,2024-08-13,1000000.00,4.284299,104.50390625
08:00:45,912810UB2,TSRYS5810883,D,S,D,2024-08-13,280000.00,4.298363,104.3125
08:00:45,912810UB2,TSRYS5810883,D,S,T,2024-08-13,1000000.00,4.298363,104.3125
08:00:45,912810UB2,TSRYS5810883,D,S,A,2024-08-13,1865000.00,4.298076,104.31640625
08:00:45,912810UB2,TSRYS5810883,D,S,T,2024-08-13,1000000.00,4.298363,104.3125
08:00:45,912810UB2,TSRYS5810883,D,S,T,2024-08-13,1000000.00,4.298363,104.3125
08:00:45,912810UB2,TSRYS5810883,D,S,T,2024-08-13,1000000.00,4.298363,104.3125
08:00:45,912810UB2,TSRYS5810883,D,S,T,2024-08-13,2000000.00,4.297214,104.328125
08:00:45,912810UB2,TSRYS5810883,D,S,T,2024-08-13,1000000.00,4.297214,104.328125
08:00:45,912810UB2,TSRYS5810883,D,S,T,2024-08-13,1000000.00,4.296065,104.34375
08:00:45,912810UB2,TSRYS5810883,D,S,T,2024-08-13,1000000.00,4.296065,104.34375
08:00:45,912810UB2,TSRYS5810883,D,S,T,2024-08-13,1000000.00,4.296065,104.34375
08:00:45,912810UB2,TSRYS5810883,D,S,D,2024-08-13,1000000.00,4.284299,104.50390625
08:00:45,912810UB2,TSRYS5810883,D,S,D,2024-08-13,1000000.00,4.285159,104.4921875
08:00:45,912810UB2,TSRYS5810883,D,S,D,2024-08-13,100000.00,4.300375,104.28515625
08:00:45,912810UB2,TSRYS5810883,D,S,T,2024-08-13,1000000.00,4.301813,104.265625
08:00:46,912810UB2,TSRYS5810883,D,S,D,2024-08-13,50000.00,4.30843,104.17578125
08:00:46,912810UB2,TSRYS5810883,D,S,D,2024-08-13,10000000.00,4.301813,104.265625
08:00:47,912810UB2,TSRYS5810883,D,B,C,2024-08-13,150000.00,4.301842,104.265225
08:00:48,912810UB2,TSRYS5810883,D,S,D,2024-08-13,3000000.00,4.284013,104.5078125
08:00:48,912810UB2,TSRYS5810883,D,S,D,2024-08-13,2000000.00,4.284013,104.5078125
08:00:49,912810UB2,TSRYS5810883,D,S,D,2024-08-13,2000000.00,4.300044,104.28965
08:00:49,912810UB2,TSRYS5810883,D,S,D,2024-08-13,2000000.00,4.306856,104.19714
08:00:49,912810UB2,TSRYS5810883,D,S,D,2024-08-13,11000000.00,4.299703,104.29429
08:00:52,912810UB2,TSRYS5810883,D,B,A,2024-08-13,200000.00,4.292045,104.3984375
08:00:53,912810UB2,TSRYS5810883,D,S,D,2024-08-13,2000000.00,4.288744,104.443359375
08:00:53,912810UB2,TSRYS5810883,D,S,D,2024-08-13,2000000.00,4.289318,104.435546875
08:00:53,912810UB2,TSRYS5810883,D,S,A,2024-08-13,300000.00,4.288601,104.4453125
08:01:02,912810UB2,TSRYS5810883,D,B,C,2024-08-13,347000.00,4.283439,104.515625
08:01:02,912810UB2,TSRYS5810883,D,S,T,2024-08-13,1000000.00,4.301238,104.2734375
08:01:02,912810UB2,TSRYS5810883,D,S,D,2024-08-13,1000000.00,4.283153,104.51953125
08:01:02,912810UB2,TSRYS5810883,D,S,D,2024-08-13,2000000.00,4.283439,104.515625
08:01:02,912810UB2,TSRYS5810883,D,S,D,2024-08-13,2000000.00,4.283439,104.515625
08:01:02,912810UB2,TSRYS5810883,D,S,D,2024-08-13,1000000.00,4.283439,104.515625
08:01:03,912810UB2,TSRYS5810883,D,S,T,2024-08-13,1000000.00,4.288895,104.44130625
08:01:03,912810UB2,TSRYS5810883,D,B,C,2024-08-13,7500000.00,4.283726,104.51171875
08:01:03,912810UB2,TSRYS5810883,D,S,T,2024-08-13,1000000.00,4.28531,104.490134375
08:01:03,912810UB2,TSRYS5810883,D,S,T,2024-08-13,1000000.00,4.284163,104.505759375
08:01:03,912810UB2,TSRYS5810883,D,S,T,2024-08-13,1000000.00,4.284163,104.505759375
08:01:03,912810UB2,TSRYS5810883,D,S,T,2024-08-13,1000000.00,4.284163,104.505759375
08:01:03,912810UB2,TSRYS5810883,D,S,T,2024-08-13,1000000.00,4.2866,104.47255625
08:01:03,912810UB2,TSRYS5810883,D,S,T,2024-08-13,1000000.00,4.283877,104.509665625
08:01:03,912810UB2,TSRYS5810883,D,S,T,2024-08-13,1000000.00,4.284307,104.50380625
08:01:03,912810UB2,TSRYS5810883,D,S,T,2024-08-13,1000000.00,4.28445,104.501853125
08:01:03,912810UB2,TSRYS5810883,D,S,T,2024-08-13,1000000.00,4.283447,104.515525
08:01:03,912810UB2,TSRYS5810883,D,S,T,2024-08-13,2000000.00,4.282157,104.533103125
08:01:03,912810UB2,TSRYS5810883,D,B,C,2024-08-13,1000000.00,4.298651,104.30859375
08:01:03,912810UB2,TSRYS5810883,D,S,C,2024-08-13,1000000.00,4.298651,104.30859375
08:01:03,912810UB2,TSRYS5810883,D,S,D,2024-08-13,1000000.00,4.294629,104.36328125
08:01:03,912810UB2,TSRYS5810883,D,S,C,2024-08-13,1000000.00,4.300088,104.2890625
08:01:03,912810UB2,TSRYS5810883,D,B,C,2024-08-13,1000000.00,4.300375,104.28515625
08:01:03,912810UB2,TSRYS5810883,D,S,D,2024-08-13,1000000.00,4.300375,104.28515625
08:01:03,912810UB2,TSRYS5810883,D,S,C,2024-08-13,1000000.00,4.2998,104.29296875
08:01:03,912810UB2,TSRYS5810883,D,S,C,2024-08-13,1000000.00,4.300088,104.2890625
08:01:04,912810UB2,TSRYS5810883,D,S,D,2024-08-13,1000000.00,4.305264,104.21875
08:01:04,912810UB2,TSRYS5810883,D,S,D,2024-08-13,1000000.00,4.305264,104.21875
08:01:04,912810UB2,TSRYS5810883,D,S,C,2024-08-13,1000000.00,4.294341,104.3671875
08:01:04,912810UB2,TSRYS5810883,D,S,D,2024-08-13,1000000.00,4.292045,104.3984375
08:01:04,912810UB2,TSRYS5810883,D,S,D,2024-08-13,1000000.00,4.292619,104.390625
08:01:04,912810UB2,TSRYS5810883,D,S,D,2024-08-13,1000000.00,4.292619,104.390625
08:01:05,912810UB2,TSRYS5810883,D,S,A,2024-08-13,550000.00,4.300088,104.2890625
08:01:06,912810UB2,TSRYS5810883,D,S,D,2024-08-13,1000000.00,4.291614,104.404296875
08:01:10,912810UB2,TSRYS5810883,D,S,T,2024-08-13,1000000.00,4.29952,104.296775
08:01:10,912810UB2,TSRYS5810883,D,S,T,2024-08-13,1000000.00,4.29952,104.296775
08:01:10,912810UB2,TSRYS5810883,D,S,A,2024-08-13,250000.00,4.294629,104.36328125
08:01:10,912810UB2,TSRYS5810883,D,S,T,2024-08-13,1000000.00,4.292052,104.3983375
08:01:11,912810UB2,TSRYS5810883,D,B,C,2024-08-13,1000000.00,4.300182,104.287776
08:01:11,912810UB2,TSRYS5810883,D,B,C,2024-08-13,1000000.00,4.300868,104.2784556
08:01:11,912810UB2,TSRYS5810883,D,B,C,2024-08-13,1000000.00,4.292999,104.3854545
08:01:12,912810UB2,TSRYS5810883,D,S,D,2024-08-13,1000000.00,4.292906,104.38671875
08:01:12,912810UB2,TSRYS5810883,D,S,D,2024-08-13,1000000.00,4.292906,104.38671875
08:01:12,912810UB2,TSRYS5810883,D,S,D,2024-08-13,1000000.00,4.293193,104.3828125
08:01:12,912810UB2,TSRYS5810883,D,S,A,2024-08-13,9000.00,4.292303,104.39453125
08:01:12,912810UB2,TSRYS5810883,D,S,A,2024-08-13,15000.00,4.296611,104.3359375
08:01:12,912810UB2,TSRYS5810883,D,S,A,2024-08-13,68600.00,4.291155,104.41015625
08:01:12,912810UB2,TSRYS5810883,D,B,A,2024-08-13,50000.00,4.291442,104.40625
08:01:12,912810UB2,TSRYS5810883,D,S,A,2024-08-13,68800.00,4.298048,104.31640625
08:01:12,912810UB2,TSRYS5810883,D,S,A,2024-08-13,10000.00,4.298048,104.31640625
08:01:12,912810UB2,TSRYS5810883,D,S,A,2024-08-13,1000.00,4.301813,104.265625
08:01:12,912810UB2,TSRYS5810883,D,S,A,2024-08-13,1000.00,4.306415,104.203125
08:01:12,912810UB2,TSRYS5810883,D,S,T,2024-08-13,1000000.00,4.285733,104.484375
08:01:13,912810UB2,TSRYS5810883,D,S,T,2024-08-13,1000000.00,4.285733,104.484375
08:01:13,912810UB2,TSRYS5810883,D,S,D,2024-08-13,1000000.00,4.289462,104.43359375
08:01:13,912810UB2,TSRYS5810883,D,S,T,2024-08-13,1000000.00,4.283439,104.515625
08:01:14,912810UB2,TSRYS5810883,D,S,D,2024-08-13,1000000.00,4.284299,104.50390625
08:01:14,912810UB2,TSRYS5810883,D,S,D,2024-08-13,1000000.00,4.284299,104.50390625
08:01:14,912810UB2,TSRYS5810883,D,S,D,2024-08-13,1000000.00,4.284299,104.50390625
08:01:14,912810UB2,TSRYS5810883,D,S,D,2024-08-13,1000000.00,4.285159,104.4921875
08:01:15,912810UB2,TSRYS5810883,D,S,A,2024-08-13,700000.00,4.304401,104.23046875
08:01:15,912810UB2,TSRYS5810883,D,S,C,2024-08-13,50000.00,4.289145,104.4479
08:01:15,912810UB2,TSRYS5810883,D,S,C,2024-08-13,50000.00,4.291441,104.41665
08:01:15,912810UB2,TSRYS5810883,D,S,C,2024-08-13,100000.00,4.293738,104.3804
08:01:15,912810UB2,TSRYS5810883,D,B,A,2024-08-13,6300000.00,4.299154,104.301757812
08:01:15,912810UB2,TSRYS5810883,D,S,D,2024-08-13,2000000.00,4.284013,104.5078125
08:01:15,912810UB2,TSRYS5810883,D,S,D,2024-08-13,3000000.00,4.284013,104.5078125
08:01:16,912810UB2,TSRYS5810883,D,S,A,2024-08-13,10000.00,4.306127,104.20703125
08:01:16,912810UB2,TSRYS5810883,D,S,A,2024-08-13,280000.00,4.305839,104.2109375
08:01:16,912810UB2,TSRYS5810883,D,S,C,2024-08-13,1000000.00,4.284013,104.5078125
08:01:16,912810UB2,TSRYS5810883,D,S,C,2024-08-13,1000000.00,4.284013,104.5078125
08:01:20,912810UB2,TSRYS5810883,D,S,T,2024-08-13,1000000.00,4.29952,104.296773
08:01:20,912810UB2,TSRYS5810883,D,S,T,2024-08-13,1000000.00,4.300231,104.28710937
08:01:21,912810UB2,TSRYS5810883,D,S,T,2024-08-13,1000000.00,4.299513,104.296875
08:01:21,912810UB2,TSRYS5810883,D,S,T,2024-08-13,1000000.00,4.29822,104.31445312
08:01:21,912810UB2,TSRYS5810883,D,S,T,2024-08-13,1000000.00,4.29822,104.31445312
08:01:21,912810UB2,TSRYS5810883,D,S,T,2024-08-13,1000000.00,4.29822,104.31445312
08:01:21,912810UB2,TSRYS5810883,D,S,T,2024-08-13,1000000.00,4.298363,104.3125
08:01:21,912810UB2,TSRYS5810883,D,S,T,2024-08-13,1000000.00,4.2998,104.29296875
08:01:21,912810UB2,TSRYS5810883,D,S,D,2024-08-13,1000000.00,4.299513,104.296875
08:01:21,912810UB2,TSRYS5810883,D,S,T,2024-08-13,1000000.00,4.2998,104.29296875
08:01:21,912810UB2,TSRYS5810883,D,S,D,2024-08-13,1000000.00,4.299513,104.296875
08:01:21,912810UB2,TSRYS5810883,D,S,T,2024-08-13,1000000.00,4.299524,104.296725
08:01:24,912810UB2,TSRYS5810883,D,S,T,2024-08-13,1000000.00,4.307566,104.1875
08:01:25,912810UB2,TSRYS5810883,D,S,C,2024-08-13,50000.00,4.298046,104.32680625
08:01:26,912810UB2,TSRYS5810883,D,S,D,2024-08-13,1000000.00,4.298651,104.30859375
08:01:26,912810UB2,TSRYS5810883,D,S,D,2024-08-13,1000000.00,4.298651,104.30859375
08:01:26,912810UB2,TSRYS5810883,D,S,D,2024-08-13,1000000.00,4.298651,104.30859375
08:01:26,912810UB2,TSRYS5810883,D,S,D,2024-08-13,1000000.00,4.298651,104.30859375
08:01:26,912810UB2,TSRYS5810883,D,S,D,2024-08-13,1000000.00,4.298651,104.30859375
08:01:26,912810UB2,TSRYS5810883,D,S,D,2024-08-13,1000000.00,4.298651,104.30859375
08:01:26,912810UB2,TSRYS5810883,D,S,D,2024-08-13,1000000.00,4.296927,104.33203125
08:01:26,912810UB2,TSRYS5810883,D,S,T,2024-08-13,1000000.00,4.307566,104.1875
08:01:26,912810UB2,TSRYS5810883,D,S,T,2024-08-13,1000000.00,4.29263,104.390475
08:01:26,912810UB2,TSRYS5810883,D,S,D,2024-08-13,1000000.00,4.294341,104.3671875
08:01:26,912810UB2,TSRYS5810883,D,S,D,2024-08-13,1000000.00,4.294341,104.3671875
08:01:26,912810UB2,TSRYS5810883,D,S,D,2024-08-13,1000000.00,4.294341,104.3671875
08:01:26,912810UB2,TSRYS5810883,D,S,D,2024-08-13,1000000.00,4.294341,104.3671875
08:01:26,912810UB2,TSRYS5810883,D,S,T,2024-08-13,1000000.00,4.29263,104.390475
08:01:26,912810UB2,TSRYS5810883,D,S,T,2024-08-13,1000000.00,4.29263,104.390475
08:01:26,912810UB2,TSRYS5810883,D,S,D,2024-08-13,1000000.00,4.292619,104.390625
08:01:26,912810UB2,TSRYS5810883,D,S,D,2024-08-13,1000000.00,4.292619,104.390625
08:01:26,912810UB2,TSRYS5810883,D,S,T,2024-08-13,1000000.00,4.29263,104.390475
08:01:26,912810UB2,TSRYS5810883,D,S,T,2024-08-13,1000000.00,4.29263,104.390475
08:01:26,912810UB2,TSRYS5810883,D,S,D,2024-08-13,1000000.00,4.282723,104.525390625
08:01:26,912810UB2,TSRYS5810883,D,S,D,2024-08-13,1000000.00,4.292619,104.390625
08:01:26,912810UB2,TSRYS5810883,D,S,T,2024-08-13,1000000.00,4.29263,104.390475
08:01:27,912810UB2,TSRYS5810883,D,S,T,2024-08-13,1000000.00,4.29263,104.390475
08:01:27,912810UB2,TSRYS5810883,D,S,T,2024-08-13,1000000.00,4.29263,104.390475
08:01:27,912810UB2,TSRYS5810883,D,S,T,2024-08-13,1000000.00,4.29263,104.390475
08:01:27,912810UB2,TSRYS5810883,D,S,D,2024-08-13,1000000.00,4.292619,104.390625
08:01:27,912810UB2,TSRYS5810883,D,S,D,2024-08-13,1000000.00,4.292619,104.390625
08:01:27,912810UB2,TSRYS5810883,D,S,T,2024-08-13,1000000.00,4.29263,104.390475
08:01:27,912810UB2,TSRYS5810883,D,S,T,2024-08-13,1000000.00,4.29263,104.390475
08:01:27,912810UB2,TSRYS5810883,D,S,T,2024-08-13,1000000.00,4.29263,104.390475
08:01:27,912810UB2,TSRYS5810883,D,S,D,2024-08-13,1000000.00,4.292619,104.390625
08:01:27,912810UB2,TSRYS5810883,D,S,D,2024-08-13,1000000.00,4.292619,104.390625
08:01:27,912810UB2,TSRYS5810883,D,S,T,2024-08-13,1000000.00,4.292619,104.390625
08:01:27,912810UB2,TSRYS5810883,D,S,T,2024-08-13,1000000.00,4.29263,104.390475
08:01:27,912810UB2,TSRYS5810883,D,S,T,2024-08-13,1000000.00,4.29263,104.390475
08:01:27,912810UB2,TSRYS5810883,D,S,T,2024-08-13,1000000.00,4.29263,104.390475
08:01:27,912810UB2,TSRYS5810883,D,S,T,2024-08-13,1000000.00,4.309869,104.15625
08:01:28,912810UB2,TSRYS5810883,D,S,T,2024-08-13,1000000.00,4.308717,104.171875
08:01:28,912810UB2,TSRYS5810883,D,S,D,2024-08-13,1000000.00,4.292619,104.390625
08:01:28,912810UB2,TSRYS5810883,D,S,D,2024-08-13,1000000.00,4.292332,104.39453125
08:01:28,912810UB2,TSRYS5810883,D,S,C,2024-08-13,1000000.00,4.292332,104.39453125
08:01:28,912810UB2,TSRYS5810883,D,S,A,2024-08-13,1000000.00,4.280001,104.5625
08:01:28,912810UB2,TSRYS5810883,D,S,D,2024-08-13,1000000.00,4.292332,104.39453125
08:01:28,912810UB2,TSRYS5810883,D,S,T,2024-08-13,1000000.00,4.302963,104.25
08:01:28,912810UB2,TSRYS5810883,D,S,D,2024-08-13,1000000.00,4.292332,104.39453125
08:01:28,912810UB2,TSRYS5810883,D,S,T,2024-08-13,1000000.00,4.290334,104.421725
08:01:29,912810UB2,TSRYS5810883,D,S,T,2024-08-13,1000000.00,4.290334,104.421725
08:01:29,912810UB2,TSRYS5810883,D,S,T,2024-08-13,1000000.00,4.29263,104.390475
08:01:29,912810UB2,TSRYS5810883,D,S,D,2024-08-13,1000000.00,4.292619,104.390625
08:01:31,912810UB2,TSRYS5810883,D,S,T,2024-08-13,1000000.00,4.290334,104.421725
08:01:32,912810UB2,TSRYS5810883,D,S,A,2024-08-13,8880000.00,4.290036,104.42578125
08:01:32,912810UB2,TSRYS5810883,D,S,D,2024-08-13,1000000.00,4.289462,104.43359375
08:01:32,912810UB2,TSRYS5810883,D,S,D,2024-08-13,1000000.00,4.289462,104.43359375
08:01:32,912810UB2,TSRYS5810883,D,S,T,2024-08-13,1000000.00,4.288888,104.44140625
08:01:32,912810UB2,TSRYS5810883,D,S,C,2024-08-13,1000000.00,4.288888,104.44140625
08:01:32,912810UB2,TSRYS5810883,D,S,D,2024-08-13,1000000.00,4.288601,104.4453125
08:01:35,912810UB2,TSRYS5810883,D,S,D,2024-08-13,85000.00,4.281147,104.546875
08:01:35,912810UB2,TSRYS5810883,D,S,D,2024-08-13,100000.00,4.299771,104.29336875
08:01:37,912810UB2,TSRYS5810883,D,S,D,2024-08-13,85000.00,4.281147,104.546875
08:01:37,912810UB2,TSRYS5810883,D,S,A,2024-08-13,1000.00,4.292619,104.390625
08:01:37,912810UB2,TSRYS5810883,D,S,D,2024-08-13,3000000.00,4.282519,104.52816
08:01:37,912810UB2,TSRYS5810883,D,S,A,2024-08-13,20000.00,4.287711,104.45703125
08:01:37,912810UB2,TSRYS5810883,D,S,A,2024-08-13,10000.00,4.286564,104.47265625
08:01:38,912810UB2,TSRYS5810883,D,S,A,2024-08-13,100000.00,4.282837,104.5234375
08:01:38,912810UB2,TSRYS5810883,D,S,A,2024-08-13,2140000.00,4.290007,104.42578125
08:01:39,912810UB2,TSRYS5810883,D,S,A,2024-08-13,202800.00,4.299197,104.30078125
08:01:39,912810UB2,TSRYS5810883,D,S,D,2024-08-13,1000000.00,4.298651,104.30859375
08:01:39,912810UB2,TSRYS5810883,D,S,D,2024-08-13,1000000.00,4.298507,104.310546875
08:01:39,912810UB2,TSRYS5810883,D,S,T,2024-08-13,1000000.00,4.296072,104.34365
08:01:39,912810UB2,TSRYS5810883,D,S,T,2024-08-13,1000000.00,4.296065,104.34375
08:01:39,912810UB2,TSRYS5810883,D,S,T,2024-08-13,1000000.00,4.296065,104.34375
08:01:39,912810UB2,TSRYS5810883,D,S,T,2024-08-13,1000000.00,4.296065,104.34375
08:01:39,912810UB2,TSRYS5810883,D,S,A,2024-08-13,1300.00,4.300088,104.2890625
08:01:40,912810UB2,TSRYS5810883,D,S,A,2024-08-13,1100.00,4.300088,104.2890625
08:01:40,912810UB2,TSRYS5810883,D,S,A,2024-08-13,70000.00,4.300347,104.28515625
08:01:40,912810UB2,TSRYS5810883,D,S,D,2024-08-13,1000000.00,4.2998,104.29296875
08:01:40,912810UB2,TSRYS5810883,D,S,A,2024-08-13,5000.00,4.305237,104.21875
08:01:40,912810UB2,TSRYS5810883,D,S,C,2024-08-13,1000000.00,4.299944,104.29101562
08:01:43,912810UB2,TSRYS5810883,D,B,C,2024-08-13,1000000.00,4.300375,104.28515625
08:01:43,912810UB2,TSRYS5810883,D,B,C,2024-08-13,1000000.00,4.300375,104.28515625
08:01:45,912810UB2,TSRYS5810883,D,S,D,2024-08-13,1000000.00,4.300231,104.287109375
08:01:45,912810UB2,TSRYS5810883,D,S,C,2024-08-13,100000.00,4.299771,104.29836875
08:01:47,912810UB2,TSRYS5810883,D,S,T,2024-08-13,1000000.00,4.304976,104.22265625
08:01:47,912810UB2,TSRYS5810883,D,S,T,2024-08-13,1000000.00,4.305264,104.21875
08:01:47,912810UB2,TSRYS5810883,D,S,T,2024-08-13,1000000.00,4.304976,104.22265625
08:01:47,912810UB2,TSRYS5810883,D,S,T,2024-08-13,1000000.00,4.304976,104.22265625
08:01:47,912810UB2,TSRYS5810883,D,S,T,2024-08-13,1000000.00,4.305264,104.21875
08:01:47,912810UB2,TSRYS5810883,D,S,T,2024-08-13,1000000.00,4.305264,104.21875
08:01:47,912810UB2,TSRYS5810883,D,S,D,2024-08-13,1000000.00,4.300503,104.28342
08:01:47,912810UB2,TSRYS5810883,D,S,T,2024-08-13,1000000.00,4.298938,104.3046875
08:01:47,912810UB2,TSRYS5810883,D,S,T,2024-08-13,1000000.00,4.298938,104.3046875
08:01:47,912810UB2,TSRYS5810883,D,S,T,2024-08-13,1000000.00,4.298938,104.3046875
08:01:48,912810UB2,TSRYS5810883,D,S,T,2024-08-13,1000000.00,4.298938,104.3046875
08:01:48,912810UB2,TSRYS5810883,D,S,T,2024-08-13,1000000.00,4.298938,104.3046875
08:01:48,912810UB2,TSRYS5810883,D,S,T,2024-08-13,1000000.00,4.298947,104.3045625
08:01:48,912810UB2,TSRYS5810883,D,S,T,2024-08-13,1000000.00,4.298947,104.3045625
08:01:48,912810UB2,TSRYS5810883,D,S,T,2024-08-13,1000000.00,4.298947,104.3045625
08:01:48,912810UB2,TSRYS5810883,D,S,T,2024-08-13,1000000.00,4.298938,104.3046875
08:01:48,912810UB2,TSRYS5810883,D,S,T,2024-08-13,1000000.00,4.298938,104.3046875
08:01:48,912810UB2,TSRYS5810883,D,S,T,2024-08-13,1000000.00,4.298363,104.3125
08:01:49,912810UB2,TSRYS5810883,D,S,T,2024-08-13,1000000.00,4.298938,104.3046875
08:01:49,912810UB2,TSRYS5810883,D,S,T,2024-08-13,1000000.00,4.298947,104.3045625
08:01:49,912810UB2,TSRYS5810883,D,S,T,2024-08-13,1000000.00,4.298947,104.3045625
08:01:49,912810UB2,TSRYS5810883,D,S,T,2024-08-13,1000000.00,4.298947,104.3045625
08:01:49,912810UB2,TSRYS5810883,D,S,T,2024-08-13,1000000.00,4.298938,104.3046875
08:01:49,912810UB2,TSRYS5810883,D,S,T,2024-08-13,1000000.00,4.298947,104.3045625
08:01:49,912810UB2,TSRYS5810883,D,S,T,2024-08-13,1000000.00,4.298938,104.3046875
08:01:49,912810UB2,TSRYS5810883,D,S,D,2024-08-13,100000.00,4.301238,104.2734375
08:01:50,912810UB2,TSRYS5810883,D,S,D,2024-08-13,1000000.00,4.303107,104.248046875
08:01:51,912810UB2,TSRYS5810883,D,S,C,2024-08-13,1000000.00,4.292604,104.390825
08:01:53,912810UB2,TSRYS5810883,D,B,C,2024-08-13,2000000.00,4.292619,104.390625
08:01:53,912810UB2,TSRYS5810883,D,S,D,2024-08-13,1000000.00,4.292619,104.390625
08:01:53,912810UB2,TSRYS5810883,D,S,D,2024-08-13,2000000.00,4.292619,104.390625
08:01:53,912810UB2,TSRYS5810883,D,S,D,2024-08-13,1000000.00,4.292619,104.390625
08:01:53,912810UB2,TSRYS5810883,D,S,D,2024-08-13,1000000.00,4.299513,104.296875
08:01:53,912810UB2,TSRYS5810883,D,S,D,2024-08-13,1000000.00,4.29822,104.314453125
08:01:53,912810UB2,TSRYS5810883,D,B,C,2024-08-13,1000000.00,4.296079,104.34355
08:01:53,912810UB2,TSRYS5810883,D,S,D,2024-08-13,1000000.00,4.296065,104.34375
08:01:53,912810UB2,TSRYS5810883,D,S,D,2024-08-13,1000000.00,4.296065,104.34375
08:01:53,912810UB2,TSRYS5810883,D,S,D,2024-08-13,1000000.00,4.29822,104.314453125
08:01:53,912810UB2,TSRYS5810883,D,S,D,2024-08-13,1000000.00,4.29822,104.314453125
08:01:53,912810UB2,TSRYS5810883,D,S,D,2024-08-13,1000000.00,4.298363,104.3125
08:01:54,912810UB2,TSRYS5810883,D,S,D,2024-08-13,1000000.00,4.298507,104.310546875
08:01:54,912810UB2,TSRYS5810883,D,S,D,2024-08-13,1000000.00,4.298651,104.30859375
08:01:54,912810UB2,TSRYS5810883,D,S,D,2024-08-13,1000000.00,4.298794,104.306640625
08:01:54,912810UB2,TSRYS5810883,D,S,D,2024-08-13,1000000.00,4.298356,104.312602
08:01:54,912810UB2,TSRYS5810883,D,B,C,2024-08-13,1000000.00,4.298363,104.3125
08:01:54,912810UB2,TSRYS5810883,D,S,D,2024-08-13,1000000.00,4.2998,104.29296875
08:01:55,912810UB2,TSRYS5810883,D,S,D,2024-08-13,1000000.00,4.306847,104.19726562
08:01:55,912810UB2,TSRYS5810883,D,S,D,2024-08-13,1000000.00,4.306847,104.19726562
08:01:55,912810UB2,TSRYS5810883,D,S,D,2024-08-13,1000000.00,4.300653,104.28138
08:01:56,912810UB2,TSRYS5810883,D,S,C,2024-08-13,100000.00,4.301238,104.2784375
08:02:00,912810UB2,TSRYS5810883,D,S,D,2024-08-13,450000.00,4.293797,104.3746
08:02:00,912810UB2,TSRYS5810883,D,B,C,2024-08-13,450000.00,4.293797,104.3726
08:02:00,912810UB2,TSRYS5810883,D,S,D,2024-08-13,1000000.00,4.298794,104.306640625
08:02:00,912810UB2,TSRYS5810883,D,S,D,2024-08-13,1000000.00,4.299082,104.302734375
08:02:00,912810UB2,TSRYS5810883,D,S,D,2024-08-13,1000000.00,4.2998,104.29296875
08:02:00,912810UB2,TSRYS5810883,D,S,C,2024-08-13,45000000.00,4.297906,104.31872
08:02:00,912810UB2,TSRYS5810883,D,S,A,2024-08-13,1000000.00,4.309005,104.16796875
08:02:00,912810UB2,TSRYS5810883,D,S,T,2024-08-13,1000000.00,4.292619,104.390625
08:02:00,912810UB2,TSRYS5810883,D,S,T,2024-08-13,1000000.00,4.291614,104.404296875
08:02:00,912810UB2,TSRYS5810883,D,S,T,2024-08-13,1000000.00,4.294916,104.359375
08:02:01,912810UB2,TSRYS5810883,D,S,T,2024-08-13,1000000.00,4.289175,104.4375
08:02:01,912810UB2,TSRYS5810883,D,S,T,2024-08-13,1000000.00,4.290323,104.421875
08:02:01,912810UB2,TSRYS5810883,D,S,T,2024-08-13,1000000.00,4.282723,104.525390625
08:02:01,912810UB2,TSRYS5810883,D,S,T,2024-08-13,1000000.00,4.289175,104.4375
08:02:01,912810UB2,TSRYS5810883,D,S,T,2024-08-13,1000000.00,4.292619,104.390625
08:02:01,912810UB2,TSRYS5810883,D,S,T,2024-08-13,1000000.00,4.298363,104.3125
08:02:01,912810UB2,TSRYS5810883,D,S,T,2024-08-13,1000000.00,4.300663,104.28125
08:02:01,912810UB2,TSRYS5810883,D,S,D,2024-08-13,1000000.00,4.304257,104.232421875
08:02:01,912810UB2,TSRYS5810883,D,S,T,2024-08-13,1000000.00,4.298363,104.3125
08:02:01,912810UB2,TSRYS5810883,D,S,T,2024-08-13,1000000.00,4.300663,104.28125
08:02:01,912810UB2,TSRYS5810883,D,S,T,2024-08-13,1000000.00,4.297214,104.328125
08:02:01,912810UB2,TSRYS5810883,D,S,T,2024-08-13,2000000.00,4.297214,104.328125
08:02:01,912810UB2,TSRYS5810883,D,S,T,2024-08-13,1000000.00,4.297214,104.328125
08:02:01,912810UB2,TSRYS5810883,D,S,T,2024-08-13,1000000.00,4.296496,104.337890625
08:02:01,912810UB2,TSRYS5810883,D,S,T,2024-08-13,1000000.00,4.298794,104.306640625
08:02:01,912810UB2,TSRYS5810883,D,S,T,2024-08-13,1000000.00,4.299513,104.296875
08:02:01,912810UB2,TSRYS5810883,D,S,T,2024-08-13,1000000.00,4.29707,104.330078125
08:02:01,912810UB2,TSRYS5810883,D,S,T,2024-08-13,1000000.00,4.296352,104.33984375
08:02:01,912810UB2,TSRYS5810883,D,S,D,2024-08-13,2000000.00,4.296639,104.3359375
08:02:01,912810UB2,TSRYS5810883,D,S,T,2024-08-13,1000000.00,4.294629,104.36328125
08:02:01,912810UB2,TSRYS5810883,D,S,T,2024-08-13,1000000.00,4.301381,104.271484375
08:02:01,912810UB2,TSRYS5810883,D,S,T,2024-08-13,1000000.00,4.304113,104.234375
08:02:01,912810UB2,TSRYS5810883,D,S,T,2024-08-13,1000000.00,4.305264,104.21875
08:02:01,912810UB2,TSRYS5810883,D,S,T,2024-08-13,1000000.00,4.304113,104.234375
08:02:01,912810UB2,TSRYS5810883,D,S,D,2024-08-13,2500000.00,4.306991,104.1953125
08:02:01,912810UB2,TSRYS5810883,D,S,T,2024-08-13,1000000.00,4.301238,104.2734375
08:02:01,912810UB2,TSRYS5810883,D,S,D,2024-08-13,1000000.00,4.294629,104.36328125
08:02:01,912810UB2,TSRYS5810883,D,S,D,2024-08-13,1000000.00,4.292045,104.3984375
08:02:02,912810UB2,TSRYS5810883,D,S,T,2024-08-13,1000000.00,4.291471,104.40625
08:02:02,912810UB2,TSRYS5810883,D,S,T,2024-08-13,2000000.00,4.290323,104.421875
08:02:02,912810UB2,TSRYS5810883,D,S,T,2024-08-13,1000000.00,4.285733,104.484375
08:02:02,912810UB2,TSRYS5810883,D,S,T,2024-08-13,1000000.00,4.283439,104.515625
08:02:02,912810UB2,TSRYS5810883,D,S,T,2024-08-13,3000000.00,4.306415,104.203125
08:02:02,912810UB2,TSRYS5810883,D,B,A,2024-08-13,2000000.00,4.283726,104.51171875
08:02:02,912810UB2,TSRYS5810883,D,S,T,2024-08-13,1000000.00,4.283439,104.515625
08:02:02,912810UB2,TSRYS5810883,D,S,T,2024-08-13,1000000.00,4.282293,104.53125
08:02:04,912810UB2,TSRYS5810883,D,S,D,2024-08-13,1000000.00,4.297214,104.328125
08:02:04,912810UB2,TSRYS5810883,D,S,D,2024-08-13,1000000.00,4.297214,104.328125
08:02:04,912810UB2,TSRYS5810883,D,S,D,2024-08-13,1000000.00,4.297214,104.328125
08:02:04,912810UB2,TSRYS5810883,D,S,D,2024-08-13,1000000.00,4.297214,104.328125
08:02:04,912810UB2,TSRYS5810883,D,S,D,2024-08-13,1000000.00,4.297214,104.328125
08:02:06,912810UB2,TSRYS5810883,D,S,A,2024-08-13,100000.00,4.300375,104.29015625
08:02:06,912810UB2,TSRYS5810883,D,S,C,2024-08-13,50000.00,4.300663,104.29125
08:02:06,912810UB2,TSRYS5810883,D,S,D,2024-08-13,1000000.00,4.297932,104.31835937
08:02:07,912810UB2,TSRYS5810883,D,S,D,2024-08-13,6000000.00,4.296166,104.34237
08:02:08,912810UB2,TSRYS5810883,D,S,C,2024-08-13,24000000.00,4.300264,104.28667
08:02:08,912810UB2,TSRYS5810883,D,S,C,2024-08-13,11000000.00,4.301565,104.26899
08:02:10,912810UB2,TSRYS5810883,D,S,D,2024-08-13,1000000.00,4.299503,104.297005
08:02:10,912810UB2,TSRYS5810883,D,S,D,2024-08-13,1000000.00,4.299503,104.297005
08:02:10,912810UB2,TSRYS5810883,D,B,C,2024-08-13,1000000.00,4.299528,104.296675
08:02:12,912810UB2,TSRYS5810883,D,S,C,2024-08-13,11000000.00,4.292057,104.39827
08:02:15,912810UB2,TSRYS5810883,D,S,D,2024-08-13,1000000.00,4.290323,104.421875
08:02:15,912810UB2,TSRYS5810883,D,B,C,2024-08-13,1000000.00,4.290337,104.421675
08:02:15,912810UB2,TSRYS5810883,D,B,A,2024-08-13,5000000.00,4.300663,104.28125
08:02:15,912810UB2,TSRYS5810883,D,S,T,2024-08-13,1000000.00,4.300239,104.287009375
08:02:15,912810UB2,TSRYS5810883,D,S,T,2024-08-13,1000000.00,4.300382,104.28505625
08:02:15,912810UB2,TSRYS5810883,D,S,T,2024-08-13,1000000.00,4.300526,104.283103125
08:02:15,912810UB2,TSRYS5810883,D,S,T,2024-08-13,1000000.00,4.30067,104.28115
08:02:15,912810UB2,TSRYS5810883,D,S,T,2024-08-13,1000000.00,4.300663,104.28125
08:02:15,912810UB2,TSRYS5810883,D,S,D,2024-08-13,1000000.00,4.289165,104.43763
08:02:15,912810UB2,TSRYS5810883,D,B,C,2024-08-13,1000000.00,4.289189,104.4373
08:02:15,912810UB2,TSRYS5810883,D,S,D,2024-08-13,1000000.00,4.289165,104.43763
08:02:16,912810UB2,TSRYS5810883,D,S,D,2024-08-13,1000000.00,4.285733,104.484375
08:02:16,912810UB2,TSRYS5810883,D,B,C,2024-08-13,1000000.00,4.286891,104.4686
08:02:16,912810UB2,TSRYS5810883,D,S,D,2024-08-13,1000000.00,4.28688,104.46875
08:02:16,912810UB2,TSRYS5810883,D,S,T,2024-08-13,1000000.00,4.29104,104.41210937
08:02:16,912810UB2,TSRYS5810883,D,S,T,2024-08-13,1000000.00,4.29104,104.41210937
08:02:16,912810UB2,TSRYS5810883,D,S,D,2024-08-13,1000000.00,4.290896,104.4140625
08:02:17,912810UB2,TSRYS5810883,D,S,D,2024-08-13,1000000.00,4.292906,104.38671875
08:02:17,912810UB2,TSRYS5810883,D,S,D,2024-08-13,1000000.00,4.292906,104.38671875
08:02:17,912810UB2,TSRYS5810883,D,S,T,2024-08-13,1000000.00,4.293193,104.3828125
08:02:17,912810UB2,TSRYS5810883,D,S,T,2024-08-13,1000000.00,4.293193,104.3828125
08:02:17,912810UB2,TSRYS5810883,D,S,T,2024-08-13,1000000.00,4.293193,104.3828125
08:02:17,912810UB2,TSRYS5810883,D,S,D,2024-08-13,1000000.00,4.293193,104.3828125
08:02:17,912810UB2,TSRYS5810883,D,S,T,2024-08-13,1000000.00,4.293336,104.38085937
08:02:17,912810UB2,TSRYS5810883,D,S,D,2024-08-13,1000000.00,4.293193,104.3828125
08:02:17,912810UB2,TSRYS5810883,D,S,T,2024-08-13,1000000.00,4.293336,104.38085937
08:02:17,912810UB2,TSRYS5810883,D,S,D,2024-08-13,1000000.00,4.290323,104.421875
08:02:18,912810UB2,TSRYS5810883,D,S,D,2024-08-13,1000000.00,4.297645,104.322265625
08:02:19,912810UB2,TSRYS5810883,D,B,C,2024-08-13,1000000.00,4.286891,104.468598
08:02:19,912810UB2,TSRYS5810883,D,S,D,2024-08-13,1000000.00,4.28688,104.46875
08:02:19,912810UB2,TSRYS5810883,D,S,C,2024-08-13,1000000.00,4.285718,104.484575
08:02:19,912810UB2,TSRYS5810883,D,S,D,2024-08-13,1000000.00,4.296496,104.337890625
08:02:20,912810UB2,TSRYS5810883,D,S,D,2024-08-13,1000000.00,4.285733,104.484375
08:02:20,912810UB2,TSRYS5810883,D,B,C,2024-08-13,1000000.00,4.285733,104.484375
08:02:20,912810UB2,TSRYS5810883,D,S,D,2024-08-13,1000000.00,4.285733,104.484375
08:02:20,912810UB2,TSRYS5810883,D,S,D,2024-08-13,1000000.00,4.28343,104.515755
08:02:20,912810UB2,TSRYS5810883,D,S,D,2024-08-13,1000000.00,4.28343,104.515755
08:02:20,912810UB2,TSRYS5810883,D,S,D,2024-08-13,1000000.00,4.28343,104.515755
08:02:20,912810UB2,TSRYS5810883,D,S,D,2024-08-13,1000000.00,4.298794,104.306640625
08:02:20,912810UB2,TSRYS5810883,D,S,D,2024-08-13,2000000.00,4.299369,104.298828125
08:02:20,912810UB2,TSRYS5810883,D,S,D,2024-08-13,1000000.00,4.298938,104.3046875
08:02:20,912810UB2,TSRYS5810883,D,S,D,2024-08-13,1000000.00,4.298938,104.3046875
08:02:20,912810UB2,TSRYS5810883,D,S,D,2024-08-13,1000000.00,4.28343,104.515755
08:02:20,912810UB2,TSRYS5810883,D,S,D,2024-08-13,1000000.00,4.298938,104.3046875
08:02:20,912810UB2,TSRYS5810883,D,S,D,2024-08-13,1000000.00,4.298938,104.3046875
08:02:20,912810UB2,TSRYS5810883,D,S,D,2024-08-13,1000000.00,4.298938,104.3046875
08:02:20,912810UB2,TSRYS5810883,D,S,D,2024-08-13,1000000.00,4.298938,104.3046875
08:02:20,912810UB2,TSRYS5810883,D,S,D,2024-08-13,1000000.00,4.298938,104.3046875
08:02:20,912810UB2,TSRYS5810883,D,S,C,2024-08-13,1000000.00,4.298363,104.3125
08:02:21,912810UB2,TSRYS5810883,D,S,D,2024-08-13,1000000.00,4.298938,104.3046875
08:02:21,912810UB2,TSRYS5810883,D,S,D,2024-08-13,1000000.00,4.298938,104.3046875
08:02:21,912810UB2,TSRYS5810883,D,S,C,2024-08-13,1000000.00,4.298938,104.3046875
08:02:21,912810UB2,TSRYS5810883,D,B,C,2024-08-13,1000000.00,4.28345,104.515473
08:02:21,912810UB2,TSRYS5810883,D,S,C,2024-08-13,1000000.00,4.283425,104.515825
08:02:21,912810UB2,TSRYS5810883,D,B,C,2024-08-13,142000.00,4.290323,104.421875
08:02:21,912810UB2,TSRYS5810883,D,S,C,2024-08-13,500000.00,4.301813,104.265625
08:02:21,912810UB2,TSRYS5810883,D,S,D,2024-08-13,1000000.00,4.282293,104.53125
08:02:21,912810UB2,TSRYS5810883,D,B,C,2024-08-13,1000000.00,4.282304,104.531098
08:02:21,912810UB2,TSRYS5810883,D,S,D,2024-08-13,85000.00,4.297501,104.32421875
08:02:21,912810UB2,TSRYS5810883,D,B,C,2024-08-13,1342100.00,4.299225,104.30078125
08:02:21,912810UB2,TSRYS5810883,D,S,D,2024-08-13,85000.00,4.301525,104.26953125
08:02:21,912810UB2,TSRYS5810883,D,S,A,2024-08-13,2000000.00,4.304976,104.22265625
08:02:21,912810UB2,TSRYS5810883,D,S,D,2024-08-13,1000000.00,4.298363,104.3125
08:02:22,912810UB2,TSRYS5810883,D,S,A,2024-08-13,2500000.00,4.299225,104.30078125
08:02:22,912810UB2,TSRYS5810883,D,B,C,2024-08-13,1000000.00,4.285733,104.484375
08:02:22,912810UB2,TSRYS5810883,D,B,C,2024-08-13,1000000.00,4.285733,104.484375
08:02:22,912810UB2,TSRYS5810883,D,B,C,2024-08-13,1000000.00,4.285733,104.484375
08:02:22,912810UB2,TSRYS5810883,D,S,C,2024-08-13,1000000.00,4.285718,104.484575
08:02:22,912810UB2,TSRYS5810883,D,S,D,2024-08-13,1000000.00,4.285733,104.484375
08:02:22,912810UB2,TSRYS5810883,D,S,C,2024-08-13,1000000.00,4.285718,104.484575
08:02:22,912810UB2,TSRYS5810883,D,S,D,2024-08-13,1000000.00,4.29707,104.330078125
08:02:22,912810UB2,TSRYS5810883,D,S,D,2024-08-13,1000000.00,4.296352,104.33984375
08:02:22,912810UB2,TSRYS5810883,D,S,D,2024-08-13,500000.00,4.285446,104.48828125
08:02:23,912810UB2,TSRYS5810883,D,S,D,2024-08-13,1000000.00,4.296352,104.33984375
08:02:23,912810UB2,TSRYS5810883,D,S,D,2024-08-13,1000000.00,4.294629,104.36328125
08:02:23,912810UB2,TSRYS5810883,D,S,C,2024-08-13,1000000.00,4.285733,104.484375
08:02:23,912810UB2,TSRYS5810883,D,B,C,2024-08-13,1000000.00,4.285747,104.484175
08:02:24,912810UB2,TSRYS5810883,D,S,T,2024-08-13,1000000.00,4.285303,104.49023437
08:02:24,912810UB2,TSRYS5810883,D,S,T,2024-08-13,1000000.00,4.285303,104.49023437
08:02:24,912810UB2,TSRYS5810883,D,S,D,2024-08-13,1000000.00,4.285159,104.4921875
08:02:24,912810UB2,TSRYS5810883,D,S,D,2024-08-13,1000000.00,4.285303,104.49023437
08:02:24,912810UB2,TSRYS5810883,D,B,C,2024-08-13,2000000.00,4.284597,104.49985
08:02:24,912810UB2,TSRYS5810883,D,S,C,2024-08-13,1000000.00,4.284571,104.5002
08:02:24,912810UB2,TSRYS5810883,D,S,T,2024-08-13,1000000.00,4.285303,104.49023437
08:02:24,912810UB2,TSRYS5810883,D,S,D,2024-08-13,2000000.00,4.284576,104.50013
08:02:24,912810UB2,TSRYS5810883,D,B,C,2024-08-13,1000000.00,4.284597,104.49985
08:02:24,912810UB2,TSRYS5810883,D,S,T,2024-08-13,1000000.00,4.285303,104.49023437
08:02:24,912810UB2,TSRYS5810883,D,S,T,2024-08-13,1000000.00,4.285303,104.49023437
08:02:24,912810UB2,TSRYS5810883,D,S,D,2024-08-13,1000000.00,4.285303,104.49023437
08:02:25,912810UB2,TSRYS5810883,D,S,D,2024-08-13,1000000.00,4.283439,104.515625
08:02:25,912810UB2,TSRYS5810883,D,S,D,2024-08-13,1000000.00,4.283439,104.515625
08:02:25,912810UB2,TSRYS5810883,D,S,D,2024-08-13,1000000.00,4.283439,104.515625
08:02:25,912810UB2,TSRYS5810883,D,S,D,2024-08-13,1000000.00,4.283439,104.515625
08:02:25,912810UB2,TSRYS5810883,D,S,T,2024-08-13,1000000.00,4.283439,104.515625
08:02:25,912810UB2,TSRYS5810883,D,S,T,2024-08-13,1000000.00,4.283726,104.51171875
08:02:25,912810UB2,TSRYS5810883,D,S,D,2024-08-13,1000000.00,4.283726,104.51171875
08:02:25,912810UB2,TSRYS5810883,D,S,D,2024-08-13,1000000.00,4.283583,104.51367187
08:02:26,912810UB2,TSRYS5810883,D,B,C,2024-08-13,1000000.00,4.291471,104.40625
08:02:26,912810UB2,TSRYS5810883,D,S,D,2024-08-13,1000000.00,4.291461,104.40638
08:02:26,912810UB2,TSRYS5810883,D,S,C,2024-08-13,50000.00,4.306991,104.2053125
08:02:26,912810UB2,TSRYS5810883,D,S,C,2024-08-13,50000.00,4.303826,104.24828125
08:02:26,912810UB2,TSRYS5810883,D,B,C,2024-08-13,1000000.00,4.289189,104.4373
08:02:26,912810UB2,TSRYS5810883,D,S,T,2024-08-13,3000000.00,4.284156,104.50585937
08:02:26,912810UB2,TSRYS5810883,D,S,D,2024-08-13,1000000.00,4.289175,104.4375
08:02:26,912810UB2,TSRYS5810883,D,S,T,2024-08-13,1000000.00,4.284156,104.50585937
08:02:26,912810UB2,TSRYS5810883,D,S,T,2024-08-13,1000000.00,4.284156,104.50585937
08:02:26,912810UB2,TSRYS5810883,D,S,T,2024-08-13,1000000.00,4.284156,104.50585937
08:02:26,912810UB2,TSRYS5810883,D,S,D,2024-08-13,1000000.00,4.284299,104.50390625
08:02:26,912810UB2,TSRYS5810883,D,S,D,2024-08-13,1000000.00,4.284299,104.50390625
08:02:26,912810UB2,TSRYS5810883,D,S,D,2024-08-13,1000000.00,4.284299,104.50390625
08:02:26,912810UB2,TSRYS5810883,D,S,D,2024-08-13,1000000.00,4.284299,104.50390625
08:02:26,912810UB2,TSRYS5810883,D,S,T,2024-08-13,1000000.00,4.284299,104.50390625
08:02:26,912810UB2,TSRYS5810883,D,S,D,2024-08-13,1000000.00,4.284299,104.50390625
08:02:26,912810UB2,TSRYS5810883,D,S,D,2024-08-13,1000000.00,4.284299,104.50390625
08:02:26,912810UB2,TSRYS5810883,D,S,D,2024-08-13,1000000.00,4.290313,104.422005
08:02:26,912810UB2,TSRYS5810883,D,S,D,2024-08-13,1000000.00,4.298363,104.3125
08:02:26,912810UB2,TSRYS5810883,D,S,D,2024-08-13,1000000.00,4.298363,104.3125
08:02:26,912810UB2,TSRYS5810883,D,S,D,2024-08-13,1000000.00,4.298363,104.3125
08:02:27,912810UB2,TSRYS5810883,D,S,D,2024-08-13,1000000.00,4.298363,104.3125
08:02:27,912810UB2,TSRYS5810883,D,S,C,2024-08-13,1000000.00,4.283726,104.51171875
08:02:27,912810UB2,TSRYS5810883,D,S,D,2024-08-13,3000000.00,4.28645,104.47460937
08:02:27,912810UB2,TSRYS5810883,D,S,D,2024-08-13,1000000.00,4.28645,104.47460937
08:02:28,912810UB2,TSRYS5810883,D,S,T,2024-08-13,1000000.00,4.28688,104.46875
08:02:28,912810UB2,TSRYS5810883,D,S,T,2024-08-13,2000000.00,4.282723,104.525390625
08:02:28,912810UB2,TSRYS5810883,D,S,T,2024-08-13,1000000.00,4.282732,104.525265625
08:02:29,912810UB2,TSRYS5810883,D,S,D,2024-08-13,1000000.00,4.288018,104.453255
08:02:29,912810UB2,TSRYS5810883,D,S,D,2024-08-13,1000000.00,4.290313,104.422005
08:02:29,912810UB2,TSRYS5810883,D,S,D,2024-08-13,1000000.00,4.290323,104.421875
08:02:30,912810UB2,TSRYS5810883,D,S,D,2024-08-13,1000000.00,4.290323,104.421875
08:02:30,912810UB2,TSRYS5810883,D,S,D,2024-08-13,1000000.00,4.290323,104.421875
08:02:30,912810UB2,TSRYS5810883,D,S,D,2024-08-13,1000000.00,4.290323,104.421875
08:02:30,912810UB2,TSRYS5810883,D,S,D,2024-08-13,1000000.00,4.290323,104.421875
08:02:31,912810UB2,TSRYS5810883,D,S,D,2024-08-13,2000000.00,4.292619,104.390625
08:02:31,912810UB2,TSRYS5810883,D,S,D,2024-08-13,1000000.00,4.292619,104.390625
08:02:31,912810UB2,TSRYS5810883,D,S,D,2024-08-13,1000000.00,4.292619,104.390625
08:02:31,912810UB2,TSRYS5810883,D,S,D,2024-08-13,1000000.00,4.292619,104.390625
08:02:31,912810UB2,TSRYS5810883,D,B,C,2024-08-13,2000000.00,4.292619,104.390625
08:02:31,912810UB2,TSRYS5810883,D,S,D,2024-08-13,1000000.00,4.292619,104.390625
08:02:31,912810UB2,TSRYS5810883,D,B,C,2024-08-13,1000000.00,4.292633,104.390425
08:02:31,912810UB2,TSRYS5810883,D,S,D,2024-08-13,1000000.00,4.292619,104.390625
08:02:31,912810UB2,TSRYS5810883,D,B,C,2024-08-13,1000000.00,4.292626,104.390525
08:02:31,912810UB2,TSRYS5810883,D,B,C,2024-08-13,18000000.00,4.284924,104.49539
08:02:31,912810UB2,TSRYS5810883,D,S,D,2024-08-13,1000000.00,4.292619,104.390625
08:02:31,912810UB2,TSRYS5810883,D,S,D,2024-08-13,2000000.00,4.292619,104.390625
08:02:31,912810UB2,TSRYS5810883,D,S,D,2024-08-13,1000000.00,4.293758,104.37513
08:02:31,912810UB2,TSRYS5810883,D,B,C,2024-08-13,1000000.00,4.293778,104.37485
08:02:32,912810UB2,TSRYS5810883,D,B,C,2024-08-13,1000000.00,4.294931,104.359175
08:02:32,912810UB2,TSRYS5810883,D,S,D,2024-08-13,1000000.00,4.294906,104.359505
08:02:32,912810UB2,TSRYS5810883,D,S,D,2024-08-13,1000000.00,4.284013,104.5078125
08:02:32,912810UB2,TSRYS5810883,D,S,T,2024-08-13,1000000.00,4.284156,104.50585937
08:02:32,912810UB2,TSRYS5810883,D,S,T,2024-08-13,2000000.00,4.284156,104.50585937
08:02:32,912810UB2,TSRYS5810883,D,S,T,2024-08-13,2000000.00,4.283726,104.51171875
08:02:32,912810UB2,TSRYS5810883,D,S,D,2024-08-13,1000000.00,4.284156,104.50585937
08:02:32,912810UB2,TSRYS5810883,D,S,C,2024-08-13,1000000.00,4.300663,104.28125
08:02:32,912810UB2,TSRYS5810883,D,S,T,2024-08-13,1000000.00,4.283726,104.51171875
08:02:32,912810UB2,TSRYS5810883,D,S,T,2024-08-13,1000000.00,4.283726,104.51171875
08:02:32,912810UB2,TSRYS5810883,D,S,D,2024-08-13,3000000.00,4.284013,104.5078125
08:02:32,912810UB2,TSRYS5810883,D,S,D,2024-08-13,2000000.00,4.284013,104.5078125
08:02:32,912810UB2,TSRYS5810883,D,S,T,2024-08-13,1000000.00,4.283726,104.51171875
08:02:32,912810UB2,TSRYS5810883,D,S,T,2024-08-13,1000000.00,4.284156,104.50585937
08:02:32,912810UB2,TSRYS5810883,D,S,T,2024-08-13,2000000.00,4.283439,104.515625
08:02:32,912810UB2,TSRYS5810883,D,B,C,2024-08-13,1000000.00,4.294931,104.359175
08:02:32,912810UB2,TSRYS5810883,D,S,D,2024-08-13,1000000.00,4.294906,104.359505
08:02:32,912810UB2,TSRYS5810883,D,B,C,2024-08-13,18000000.00,4.283961,104.50852
08:02:32,912810UB2,TSRYS5810883,D,S,A,2024-08-13,730000.00,4.288888,104.44140625
08:02:33,912810UB2,TSRYS5810883,D,B,C,2024-08-13,1000000.00,4.296081,104.343525
08:02:33,912810UB2,TSRYS5810883,D,S,D,2024-08-13,1000000.00,4.296065,104.34375
08:02:34,912810UB2,TSRYS5810883,D,S,D,2024-08-13,1000000.00,4.296065,104.34375
08:02:34,912810UB2,TSRYS5810883,D,B,C,2024-08-13,2000000.00,4.296065,104.34375
08:02:34,912810UB2,TSRYS5810883,D,S,D,2024-08-13,2000000.00,4.296065,104.34375
08:02:34,912810UB2,TSRYS5810883,D,S,D,2024-08-13,1000000.00,4.296065,104.34375
08:02:34,912810UB2,TSRYS5810883,D,B,C,2024-08-13,1000000.00,4.296065,104.34375
08:02:34,912810UB2,TSRYS5810883,D,B,C,2024-08-13,1000000.00,4.296065,104.34375
08:02:34,912810UB2,TSRYS5810883,D,S,D,2024-08-13,1000000.00,4.296065,104.34375
08:02:34,912810UB2,TSRYS5810883,D,B,C,2024-08-13,1000000.00,4.296079,104.34355
08:02:34,912810UB2,TSRYS5810883,D,S,D,2024-08-13,1000000.00,4.296065,104.34375
08:02:34,912810UB2,TSRYS5810883,D,S,D,2024-08-13,1000000.00,4.296065,104.34375
08:02:34,912810UB2,TSRYS5810883,D,B,C,2024-08-13,1000000.00,4.296072,104.34365
08:02:34,912810UB2,TSRYS5810883,D,S,D,2024-08-13,1000000.00,4.296065,104.34375
08:02:34,912810UB2,TSRYS5810883,D,S,D,2024-08-13,1000000.00,4.296065,104.34375
08:02:34,912810UB2,TSRYS5810883,D,S,D,2024-08-13,2000000.00,4.296065,104.34375
08:02:34,912810UB2,TSRYS5810883,D,B,C,2024-08-13,2000000.00,4.296065,104.34375
08:02:35,912810UB2,TSRYS5810883,D,S,D,2024-08-13,1000000.00,4.298363,104.3125
08:02:35,912810UB2,TSRYS5810883,D,B,C,2024-08-13,1000000.00,4.298363,104.3125
08:02:35,912810UB2,TSRYS5810883,D,S,D,2024-08-13,1000000.00,4.298363,104.3125
08:02:35,912810UB2,TSRYS5810883,D,S,D,2024-08-13,1000000.00,4.298363,104.3125
08:02:35,912810UB2,TSRYS5810883,D,S,D,2024-08-13,1000000.00,4.297214,104.328125
08:02:35,912810UB2,TSRYS5810883,D,S,D,2024-08-13,1000000.00,4.298363,104.3125
08:02:35,912810UB2,TSRYS5810883,D,S,D,2024-08-13,1000000.00,4.299513,104.296875
08:02:35,912810UB2,TSRYS5810883,D,S,D,2024-08-13,1000000.00,4.299513,104.296875
08:02:38,912810UB2,TSRYS5810883,D,S,A,2024-08-13,1000000.00,4.288601,104.4453125
08:02:38,912810UB2,TSRYS5810883,D,S,T,2024-08-13,1000000.00,4.306415,104.203125
08:02:38,912810UB2,TSRYS5810883,D,S,C,2024-08-13,10000000.00,4.289462,104.43359375
08:02:38,912810UB2,TSRYS5810883,D,S,D,2024-08-13,1000000.00,4.297214,104.328125
08:02:40,912810UB2,TSRYS5810883,D,S,D,2024-08-13,1000000.00,4.300663,104.28125
08:02:41,912810UB2,TSRYS5810883,D,B,C,2024-08-13,1000000.00,4.301824,104.265473
08:02:41,912810UB2,TSRYS5810883,D,S,D,2024-08-13,1000000.00,4.301803,104.265755
08:02:41,912810UB2,TSRYS5810883,D,S,D,2024-08-13,1000000.00,4.301803,104.265755
08:02:41,912810UB2,TSRYS5810883,D,B,C,2024-08-13,1000000.00,4.30182,104.265525
08:02:42,912810UB2,TSRYS5810883,D,B,C,2024-08-13,1000000.00,4.301824,104.265473
08:02:42,912810UB2,TSRYS5810883,D,S,D,2024-08-13,1000000.00,4.301813,104.265625
08:02:42,912810UB2,TSRYS5810883,D,B,C,2024-08-13,1000000.00,4.300674,104.281098
08:02:42,912810UB2,TSRYS5810883,D,S,D,2024-08-13,1000000.00,4.300663,104.28125
08:02:42,912810UB2,TSRYS5810883,D,S,D,2024-08-13,1000000.00,4.299513,104.296875
08:02:42,912810UB2,TSRYS5810883,D,B,C,2024-08-13,1000000.00,4.299524,104.296723
08:02:42,912810UB2,TSRYS5810883,D,S,A,2024-08-13,217000.00,4.295203,104.35546875
08:02:42,912810UB2,TSRYS5810883,D,S,D,2024-08-13,1000000.00,4.299513,104.296875
08:02:42,912810UB2,TSRYS5810883,D,B,C,2024-08-13,1000000.00,4.299524,104.296723
08:02:42,912810UB2,TSRYS5810883,D,S,D,2024-08-13,1000000.00,4.281863,104.537109375
08:02:42,912810UB2,TSRYS5810883,D,S,D,2024-08-13,1000000.00,4.281863,104.537109375
08:02:43,912810UB2,TSRYS5810883,D,B,C,2024-08-13,1000000.00,4.298374,104.312348
08:02:43,912810UB2,TSRYS5810883,D,S,D,2024-08-13,1000000.00,4.298363,104.3125
08:02:43,912810UB2,TSRYS5810883,D,B,C,2024-08-13,1000000.00,4.297225,104.327973
08:02:43,912810UB2,TSRYS5810883,D,S,D,2024-08-13,1000000.00,4.297214,104.328125
08:02:43,912810UB2,TSRYS5810883,D,S,D,2024-08-13,2000000.00,4.298363,104.3125
08:02:43,912810UB2,TSRYS5810883,D,S,T,2024-08-13,1000000.00,4.29033,104.421775
08:02:43,912810UB2,TSRYS5810883,D,S,T,2024-08-13,1000000.00,4.290323,104.421875
08:02:43,912810UB2,TSRYS5810883,D,S,T,2024-08-13,1000000.00,4.290323,104.421875
08:02:43,912810UB2,TSRYS5810883,D,S,T,2024-08-13,1000000.00,4.290323,104.421875
08:02:43,912810UB2,TSRYS5810883,D,S,D,2024-08-13,1000000.00,4.298363,104.3125
08:02:43,912810UB2,TSRYS5810883,D,S,T,2024-08-13,1000000.00,4.290323,104.421875
08:02:44,912810UB2,TSRYS5810883,D,S,D,2024-08-13,2000000.00,4.298363,104.3125
08:02:44,912810UB2,TSRYS5810883,D,S,D,2024-08-13,2000000.00,4.298363,104.3125
08:02:44,912810UB2,TSRYS5810883,D,S,D,2024-08-13,2000000.00,4.298363,104.3125
08:02:44,912810UB2,TSRYS5810883,D,S,D,2024-08-13,1000000.00,4.299513,104.296875
08:02:44,912810UB2,TSRYS5810883,D,S,D,2024-08-13,1000000.00,4.300663,104.28125
08:02:45,912810UB2,TSRYS5810883,D,B,C,2024-08-13,1000000.00,4.300674,104.281098
08:02:45,912810UB2,TSRYS5810883,D,S,D,2024-08-13,1000000.00,4.300663,104.28125
08:02:45,912810UB2,TSRYS5810883,D,S,D,2024-08-13,1000000.00,4.300663,104.28125
08:02:45,912810UB2,TSRYS5810883,D,S,D,2024-08-13,1000000.00,4.300663,104.28125
08:02:45,912810UB2,TSRYS5810883,D,B,C,2024-08-13,1000000.00,4.300674,104.281098
08:02:45,912810UB2,TSRYS5810883,D,B,C,2024-08-13,1000000.00,4.300674,104.281098
08:02:45,912810UB2,TSRYS5810883,D,B,C,2024-08-13,1000000.00,4.300674,104.281098
08:02:45,912810UB2,TSRYS5810883,D,S,D,2024-08-13,1000000.00,4.300663,104.28125
08:02:45,912810UB2,TSRYS5810883,D,S,C,2024-08-13,1000000.00,4.300648,104.28145
08:02:45,912810UB2,TSRYS5810883,D,B,C,2024-08-13,1000000.00,4.300674,104.281098
08:02:45,912810UB2,TSRYS5810883,D,B,C,2024-08-13,1000000.00,4.300674,104.281098
08:02:45,912810UB2,TSRYS5810883,D,S,D,2024-08-13,1000000.00,4.300663,104.28125
08:02:45,912810UB2,TSRYS5810883,D,B,C,2024-08-13,1000000.00,4.300674,104.281098
08:02:45,912810UB2,TSRYS5810883,D,B,C,2024-08-13,1000000.00,4.300674,104.281098
08:02:45,912810UB2,TSRYS5810883,D,S,D,2024-08-13,1000000.00,4.300663,104.28125
08:02:45,912810UB2,TSRYS5810883,D,S,D,2024-08-13,1000000.00,4.300648,104.28145
08:02:45,912810UB2,TSRYS5810883,D,B,C,2024-08-13,1000000.00,4.300674,104.281098
08:02:45,912810UB2,TSRYS5810883,D,S,D,2024-08-13,1000000.00,4.300663,104.28125
08:02:46,912810UB2,TSRYS5810883,D,S,D,2024-08-13,1000000.00,4.300663,104.28125
08:02:46,912810UB2,TSRYS5810883,D,S,C,2024-08-13,1000000.00,4.299498,104.297075
08:02:46,912810UB2,TSRYS5810883,D,B,C,2024-08-13,1000000.00,4.300674,104.281098
08:02:46,912810UB2,TSRYS5810883,D,S,D,2024-08-13,1000000.00,4.299513,104.296875
08:02:46,912810UB2,TSRYS5810883,D,B,C,2024-08-13,1000000.00,4.299524,104.296723
08:02:46,912810UB2,TSRYS5810883,D,B,C,2024-08-13,1000000.00,4.299524,104.296723
08:02:46,912810UB2,TSRYS5810883,D,S,D,2024-08-13,1000000.00,4.299498,104.297075
08:02:46,912810UB2,TSRYS5810883,D,B,C,2024-08-13,1000000.00,4.299524,104.296723
08:02:46,912810UB2,TSRYS5810883,D,S,D,2024-08-13,1000000.00,4.299513,104.296875
08:02:46,912810UB2,TSRYS5810883,D,B,C,2024-08-13,1000000.00,4.299524,104.296723
08:02:46,912810UB2,TSRYS5810883,D,S,C,2024-08-13,50000.00,4.30843,104.18578125
08:02:46,912810UB2,TSRYS5810883,D,S,D,2024-08-13,150000.00,4.301842,104.265225
08:02:46,912810UB2,TSRYS5810883,D,B,C,2024-08-13,150000.00,4.301842,104.26189166667
08:02:46,912810UB2,TSRYS5810883,D,B,C,2024-08-13,1000000.00,4.299524,104.296723
08:02:46,912810UB2,TSRYS5810883,D,S,D,2024-08-13,1000000.00,4.299498,104.297075
08:02:46,912810UB2,TSRYS5810883,D,B,C,2024-08-13,1000000.00,4.299524,104.296723
08:02:46,912810UB2,TSRYS5810883,D,S,D,2024-08-13,1000000.00,4.299513,104.296875
08:02:46,912810UB2,TSRYS5810883,D,B,C,2024-08-13,1000000.00,4.299524,104.296723
08:02:46,912810UB2,TSRYS5810883,D,B,C,2024-08-13,1000000.00,4.299524,104.296723
08:02:46,912810UB2,TSRYS5810883,D,S,D,2024-08-13,1000000.00,4.299498,104.297075
08:02:46,912810UB2,TSRYS5810883,D,S,D,2024-08-13,1000000.00,4.299513,104.296875
08:02:46,912810UB2,TSRYS5810883,D,B,C,2024-08-13,1000000.00,4.299524,104.296723
08:02:46,912810UB2,TSRYS5810883,D,S,C,2024-08-13,1000000.00,4.299505,104.296975
08:02:46,912810UB2,TSRYS5810883,D,S,D,2024-08-13,1000000.00,4.300663,104.28125
08:02:46,912810UB2,TSRYS5810883,D,B,C,2024-08-13,1000000.00,4.300674,104.281098
08:02:47,912810UB2,TSRYS5810883,D,S,D,2024-08-13,1000000.00,4.299513,104.296875
08:02:47,912810UB2,TSRYS5810883,D,B,C,2024-08-13,1000000.00,4.299524,104.296723
08:02:48,912810UB2,TSRYS5810883,D,S,D,2024-08-13,1000000.00,4.298363,104.3125
08:02:48,912810UB2,TSRYS5810883,D,B,C,2024-08-13,1000000.00,4.298374,104.312348
08:02:48,912810UB2,TSRYS5810883,D,S,D,2024-08-13,1000000.00,4.301525,104.26953125
08:02:48,912810UB2,TSRYS5810883,D,S,D,2024-08-13,1000000.00,4.301381,104.271484375
08:02:48,912810UB2,TSRYS5810883,D,S,D,2024-08-13,1000000.00,4.301381,104.271484375
08:02:48,912810UB2,TSRYS5810883,D,S,D,2024-08-13,1000000.00,4.301238,104.2734375
08:02:48,912810UB2,TSRYS5810883,D,S,D,2024-08-13,1000000.00,4.301381,104.271484375
08:02:51,912810UB2,TSRYS5810883,D,S,A,2024-08-13,190000.00,4.30095,104.27734375
08:02:51,912810UB2,TSRYS5810883,D,S,T,2024-08-13,2000000.00,4.292619,104.390625
08:02:53,912810UB2,TSRYS5810883,D,B,C,2024-08-13,1000000.00,4.298374,104.312348
08:02:53,912810UB2,TSRYS5810883,D,S,C,2024-08-13,1000000.00,4.298349,104.3127
08:02:53,912810UB2,TSRYS5810883,D,B,C,2024-08-13,1000000.00,4.297225,104.327973
08:02:53,912810UB2,TSRYS5810883,D,S,C,2024-08-13,1000000.00,4.297214,104.328125
08:02:53,912810UB2,TSRYS5810883,D,S,D,2024-08-13,1000000.00,4.296065,104.34375
08:02:53,912810UB2,TSRYS5810883,D,B,C,2024-08-13,1000000.00,4.296076,104.343598
08:02:54,912810UB2,TSRYS5810883,D,S,C,2024-08-13,1000000.00,4.297197,104.32835
08:02:54,912810UB2,TSRYS5810883,D,S,C,2024-08-13,1000000.00,4.297197,104.32835
08:02:54,912810UB2,TSRYS5810883,D,B,C,2024-08-13,1000000.00,4.297229,104.327925
08:02:54,912810UB2,TSRYS5810883,D,S,C,2024-08-13,1000000.00,4.297197,104.32835
08:02:54,912810UB2,TSRYS5810883,D,S,C,2024-08-13,2000000.00,4.297197,104.32835
08:02:55,912810UB2,TSRYS5810883,D,S,T,2024-08-13,1000000.00,4.299376,104.298728125
08:02:55,912810UB2,TSRYS5810883,D,S,T,2024-08-13,1000000.00,4.299513,104.296875
08:02:55,912810UB2,TSRYS5810883,D,S,T,2024-08-13,1000000.00,4.299513,104.296875
08:02:56,912810UB2,TSRYS5810883,D,B,C,2024-08-13,1000000.00,4.298374,104.312348
08:02:56,912810UB2,TSRYS5810883,D,S,D,2024-08-13,1000000.00,4.298363,104.3125
08:02:56,912810UB2,TSRYS5810883,D,B,C,2024-08-13,1000000.00,4.297225,104.327973
08:02:56,912810UB2,TSRYS5810883,D,S,D,2024-08-13,1000000.00,4.297214,104.328125
08:02:57,912810UB2,TSRYS5810883,D,S,A,2024-08-13,300000.00,4.297501,104.32421875
08:02:58,912810UB2,TSRYS5810883,D,S,D,2024-08-13,1000000.00,4.304976,104.22265625
08:02:58,912810UB2,TSRYS5810883,D,S,D,2024-08-13,1000000.00,4.305264,104.21875
08:02:58,912810UB2,TSRYS5810883,D,S,D,2024-08-13,1000000.00,4.304976,104.22265625
08:02:58,912810UB2,TSRYS5810883,D,S,D,2024-08-13,1000000.00,4.304976,104.22265625
08:02:58,912810UB2,TSRYS5810883,D,S,D,2024-08-13,1000000.00,4.305264,104.21875
08:02:58,912810UB2,TSRYS5810883,D,S,D,2024-08-13,1000000.00,4.305264,104.21875
08:02:59,912810UB2,TSRYS5810883,D,B,C,2024-08-13,1000000.00,4.29838,104.312275
08:02:59,912810UB2,TSRYS5810883,D,S,C,2024-08-13,1000000.00,4.298349,104.3127
08:02:59,912810UB2,TSRYS5810883,D,B,C,2024-08-13,1000000.00,4.298374,104.312348
08:02:59,912810UB2,TSRYS5810883,D,S,D,2024-08-13,1000000.00,4.298363,104.3125
08:02:59,912810UB2,TSRYS5810883,D,S,D,2024-08-13,1000000.00,4.298363,104.3125
08:02:59,912810UB2,TSRYS5810883,D,B,C,2024-08-13,1000000.00,4.29838,104.312275
08:02:59,912810UB2,TSRYS5810883,D,S,D,2024-08-13,1000000.00,4.299503,104.297005
08:02:59,912810UB2,TSRYS5810883,D,S,C,2024-08-13,1000000.00,4.298363,104.3125
08:02:59,912810UB2,TSRYS5810883,D,S,D,2024-08-13,1000000.00,4.298363,104.3125
08:02:59,912810UB2,TSRYS5810883,D,S,C,2024-08-13,1000000.00,4.298363,104.3125
08:02:59,912810UB2,TSRYS5810883,D,S,D,2024-08-13,1000000.00,4.298363,104.3125
08:02:59,912810UB2,TSRYS5810883,D,S,C,2024-08-13,1000000.00,4.298356,104.3126
08:02:59,912810UB2,TSRYS5810883,D,S,D,2024-08-13,1000000.00,4.298363,104.3125
08:02:59,912810UB2,TSRYS5810883,D,B,C,2024-08-13,1000000.00,4.298374,104.312348
08:02:59,912810UB2,TSRYS5810883,D,S,C,2024-08-13,1000000.00,4.298349,104.3127
08:02:59,912810UB2,TSRYS5810883,D,S,C,2024-08-13,1000000.00,4.298347,104.312725
08:02:59,912810UB2,TSRYS5810883,D,S,D,2024-08-13,1000000.00,4.297199,104.328325
08:02:59,912810UB2,TSRYS5810883,D,S,D,2024-08-13,2000000.00,4.297199,104.328325
08:02:59,912810UB2,TSRYS5810883,D,B,C,2024-08-13,1000000.00,4.297225,104.327973
08:02:59,912810UB2,TSRYS5810883,D,S,C,2024-08-13,1000000.00,4.297214,104.328125
08:02:59,912810UB2,TSRYS5810883,D,S,C,2024-08-13,1000000.00,4.297214,104.328125
08:02:59,912810UB2,TSRYS5810883,D,S,D,2024-08-13,1000000.00,4.297199,104.328325
08:03:00,912810UB2,TSRYS5810883,D,S,C,2024-08-13,1000000.00,4.296065,104.34375
08:03:00,912810UB2,TSRYS5810883,D,S,D,2024-08-13,1000000.00,4.296065,104.34375
08:03:00,912810UB2,TSRYS5810883,D,S,D,2024-08-13,1000000.00,4.296065,104.34375
08:03:00,912810UB2,TSRYS5810883,D,B,C,2024-08-13,1000000.00,4.296076,104.343598
08:03:00,912810UB2,TSRYS5810883,D,B,C,2024-08-13,1000000.00,4.294927,104.359223
08:03:00,912810UB2,TSRYS5810883,D,S,D,2024-08-13,1000000.00,4.296065,104.34375
08:03:00,912810UB2,TSRYS5810883,D,S,D,2024-08-13,1000000.00,4.294901,104.359575
08:03:00,912810UB2,TSRYS5810883,D,S,D,2024-08-13,1000000.00,4.294901,104.359575
08:03:00,912810UB2,TSRYS5810883,D,S,D,2024-08-13,1000000.00,4.296065,104.34375
08:03:00,912810UB2,TSRYS5810883,D,S,C,2024-08-13,1000000.00,4.296065,104.34375
08:03:00,912810UB2,TSRYS5810883,D,S,D,2024-08-13,1000000.00,4.292619,104.390625
08:03:00,912810UB2,TSRYS5810883,D,B,C,2024-08-13,1000000.00,4.292632,104.39045
08:03:00,912810UB2,TSRYS5810883,D,B,C,2024-08-13,1000000.00,4.293778,104.374848
08:03:00,912810UB2,TSRYS5810883,D,B,C,2024-08-13,1000000.00,4.293782,104.3748
08:03:01,912810UB2,TSRYS5810883,D,S,C,2024-08-13,1000000.00,4.293767,104.375
08:03:01,912810UB2,TSRYS5810883,D,S,C,2024-08-13,1000000.00,4.293767,104.375
08:03:01,912810UB2,TSRYS5810883,D,S,C,2024-08-13,1000000.00,4.293767,104.375
08:03:01,912810UB2,TSRYS5810883,D,B,C,2024-08-13,1000000.00,4.293782,104.3748
08:03:02,912810UB2,TSRYS5810883,D,S,D,2024-08-13,1000000.00,4.296065,104.34375
08:03:02,912810UB2,TSRYS5810883,D,S,D,2024-08-13,1000000.00,4.296055,104.34388
08:03:02,912810UB2,TSRYS5810883,D,S,D,2024-08-13,1000000.00,4.296055,104.34388
08:03:02,912810UB2,TSRYS5810883,D,S,C,2024-08-13,1000000.00,4.298347,104.312725
08:03:02,912810UB2,TSRYS5810883,D,S,C,2024-08-13,1000000.00,4.298347,104.312725
08:03:02,912810UB2,TSRYS5810883,D,S,C,2024-08-13,1000000.00,4.298347,104.312725
08:03:02,912810UB2,TSRYS5810883,D,S,C,2024-08-13,1000000.00,4.298347,104.312725
08:03:03,912810UB2,TSRYS5810883,D,S,A,2024-08-13,1000000.00,4.299513,104.296875
08:03:03,912810UB2,TSRYS5810883,D,S,D,2024-08-13,3000000.00,4.300663,104.28125
08:03:04,912810UB2,TSRYS5810883,D,S,D,2024-08-13,1000000.00,4.301813,104.265625
08:03:04,912810UB2,TSRYS5810883,D,S,C,2024-08-13,1000000.00,4.301798,104.265825
08:03:04,912810UB2,TSRYS5810883,D,S,C,2024-08-13,1000000.00,4.301813,104.265625
08:03:04,912810UB2,TSRYS5810883,D,S,D,2024-08-13,1000000.00,4.301805,104.265727
08:03:05,912810UB2,TSRYS5810883,D,S,C,2024-08-13,1000000.00,4.300655,104.28135
08:03:05,912810UB2,TSRYS5810883,D,B,C,2024-08-13,1000000.00,4.300674,104.281098
08:03:05,912810UB2,TSRYS5810883,D,S,D,2024-08-13,1000000.00,4.300663,104.28125
08:03:05,912810UB2,TSRYS5810883,D,B,C,2024-08-13,1000000.00,4.300674,104.281098
08:03:05,912810UB2,TSRYS5810883,D,S,D,2024-08-13,1000000.00,4.300663,104.28125
08:03:05,912810UB2,TSRYS5810883,D,B,C,2024-08-13,1000000.00,4.300674,104.281098
08:03:05,912810UB2,TSRYS5810883,D,S,D,2024-08-13,1000000.00,4.300663,104.28125
08:03:05,912810UB2,TSRYS5810883,D,B,C,2024-08-13,1000000.00,4.300674,104.281098
08:03:05,912810UB2,TSRYS5810883,D,S,D,2024-08-13,1000000.00,4.300663,104.28125
08:03:05,912810UB2,TSRYS5810883,D,B,C,2024-08-13,1000000.00,4.300674,104.281098
08:03:05,912810UB2,TSRYS5810883,D,S,D,2024-08-13,1000000.00,4.300663,104.28125
08:03:05,912810UB2,TSRYS5810883,D,S,D,2024-08-13,1000000.00,4.300648,104.28145
08:03:05,912810UB2,TSRYS5810883,D,B,C,2024-08-13,1000000.00,4.300674,104.281098
08:03:05,912810UB2,TSRYS5810883,D,S,D,2024-08-13,1000000.00,4.300648,104.28145
08:03:05,912810UB2,TSRYS5810883,D,B,C,2024-08-13,1000000.00,4.300674,104.281098
08:03:05,912810UB2,TSRYS5810883,D,S,C,2024-08-13,1000000.00,4.300648,104.28145
08:03:05,912810UB2,TSRYS5810883,D,B,C,2024-08-13,1000000.00,4.300674,104.281098
08:03:05,912810UB2,TSRYS5810883,D,B,C,2024-08-13,1000000.00,4.300674,104.281098
08:03:05,912810UB2,TSRYS5810883,D,S,D,2024-08-13,1000000.00,4.300648,104.28145
08:03:05,912810UB2,TSRYS5810883,D,B,C,2024-08-13,1000000.00,4.300674,104.281098
08:03:05,912810UB2,TSRYS5810883,D,S,D,2024-08-13,1000000.00,4.300648,104.28145
08:03:05,912810UB2,TSRYS5810883,D,B,C,2024-08-13,1000000.00,4.300674,104.281098
08:03:05,912810UB2,TSRYS5810883,D,S,D,2024-08-13,1000000.00,4.300648,104.28145
08:03:05,912810UB2,TSRYS5810883,D,B,C,2024-08-13,1000000.00,4.300674,104.281098
08:03:05,912810UB2,TSRYS5810883,D,S,C,2024-08-13,1000000.00,4.300663,104.28125
08:03:05,912810UB2,TSRYS5810883,D,B,C,2024-08-13,1000000.00,4.300674,104.281098
08:03:05,912810UB2,TSRYS5810883,D,S,D,2024-08-13,1000000.00,4.300663,104.28125
08:03:05,912810UB2,TSRYS5810883,D,B,C,2024-08-13,1000000.00,4.300674,104.281098
08:03:05,912810UB2,TSRYS5810883,D,B,C,2024-08-13,1000000.00,4.300674,104.281098
08:03:05,912810UB2,TSRYS5810883,D,S,D,2024-08-13,1000000.00,4.300663,104.28125
08:03:05,912810UB2,TSRYS5810883,D,B,C,2024-08-13,1000000.00,4.300674,104.281098
08:03:05,912810UB2,TSRYS5810883,D,S,C,2024-08-13,1000000.00,4.300648,104.28145
08:03:05,912810UB2,TSRYS5810883,D,B,C,2024-08-13,1000000.00,4.300674,104.281098
08:03:05,912810UB2,TSRYS5810883,D,S,D,2024-08-13,1000000.00,4.300663,104.28125
08:03:05,912810UB2,TSRYS5810883,D,S,C,2024-08-13,1000000.00,4.300652,104.2814
08:03:06,912810UB2,TSRYS5810883,D,B,C,2024-08-13,1000000.00,4.300674,104.281098
08:03:06,912810UB2,TSRYS5810883,D,S,D,2024-08-13,1000000.00,4.301813,104.265625
08:03:06,912810UB2,TSRYS5810883,D,B,C,2024-08-13,1000000.00,4.301824,104.265473
08:03:06,912810UB2,TSRYS5810883,D,B,C,2024-08-13,1000000.00,4.300674,104.281098
08:03:06,912810UB2,TSRYS5810883,D,S,D,2024-08-13,1000000.00,4.300663,104.28125
08:03:07,912810UB2,TSRYS5810883,D,S,D,2024-08-13,1000000.00,4.301813,104.265625
08:03:07,912810UB2,TSRYS5810883,D,B,C,2024-08-13,1000000.00,4.301824,104.265473
08:03:08,912810UB2,TSRYS5810883,D,S,D,2024-08-13,1000000.00,4.304104,104.234505
08:03:09,912810UB2,TSRYS5810883,D,S,D,2024-08-13,1000000.00,4.306415,104.203125
08:03:09,912810UB2,TSRYS5810883,D,S,D,2024-08-13,3000000.00,4.306415,104.203125
08:03:10,912810UB2,TSRYS5810883,D,S,D,2024-08-13,1000000.00,4.307566,104.1875
08:03:10,912810UB2,TSRYS5810883,D,S,D,2024-08-13,1000000.00,4.307566,104.1875
08:03:10,912810UB2,TSRYS5810883,D,S,D,2024-08-13,1000000.00,4.306415,104.203125
08:03:10,912810UB2,TSRYS5810883,D,S,D,2024-08-13,1000000.00,4.306405,104.203255
08:03:10,912810UB2,TSRYS5810883,D,B,C,2024-08-13,1000000.00,4.30643,104.202925
08:03:10,912810UB2,TSRYS5810883,D,S,D,2024-08-13,1000000.00,4.306415,104.203125
08:03:12,912810UB2,TSRYS5810883,D,S,D,2024-08-13,1000000.00,4.305254,104.21888
08:03:12,912810UB2,TSRYS5810883,D,S,D,2024-08-13,1000000.00,4.305264,104.21875
08:03:14,912810UB2,TSRYS5810883,D,S,D,2024-08-13,1000000.00,4.305264,104.21875
08:03:16,912810UB2,TSRYS5810883,D,S,C,2024-08-13,1000000.00,4.304099,104.234575
08:03:16,912810UB2,TSRYS5810883,D,S,D,2024-08-13,1000000.00,4.304113,104.234375
08:03:16,912810UB2,TSRYS5810883,D,S,D,2024-08-13,1000000.00,4.304113,104.234375
08:03:16,912810UB2,TSRYS5810883,D,S,D,2024-08-13,1000000.00,4.304113,104.234375
08:03:18,912810UB2,TSRYS5810883,D,S,A,2024-08-13,1000000.00,4.297501,104.32421875
08:03:18,912810UB2,TSRYS5810883,D,S,C,2024-08-13,1000000.00,4.304102,104.234527
08:03:19,912810UB2,TSRYS5810883,D,S,C,2024-08-13,1000000.00,4.305253,104.218902
08:03:19,912810UB2,TSRYS5810883,D,S,C,2024-08-13,1000000.00,4.306404,104.203277
08:03:20,912810UB2,TSRYS5810883,D,S,C,2024-08-13,1000000.00,4.307555,104.187652
08:03:20,912810UB2,TSRYS5810883,D,B,A,2024-08-13,894000.00,4.296065,104.34375
08:03:21,912810UB2,TSRYS5810883,D,B,C,2024-08-13,1000000.00,4.307577,104.18735
08:03:21,912810UB2,TSRYS5810883,D,S,C,2024-08-13,1000000.00,4.307555,104.187652
08:03:24,912810UB2,TSRYS5810883,D,S,D,2024-08-13,1000000.00,4.308708,104.172005
08:03:24,912810UB2,TSRYS5810883,D,S,C,2024-08-13,1000000.00,4.308706,104.172027
08:03:24,912810UB2,TSRYS5810883,D,S,C,2024-08-13,1000000.00,4.309858,104.156402
08:03:24,912810UB2,TSRYS5810883,D,S,D,2024-08-13,1000000.00,4.308717,104.171875
08:03:25,912810UB2,TSRYS5810883,D,S,C,2024-08-13,1000000.00,4.309858,104.156402
08:03:27,912810UB2,TSRYS5810883,D,S,D,2024-08-13,1000000.00,4.301803,104.265755
08:03:28,912810UB2,TSRYS5810883,D,S,C,2024-08-13,1000000.00,4.301801,104.265777
08:03:28,912810UB2,TSRYS5810883,D,S,C,2024-08-13,1000000.00,4.301801,104.265777
08:03:28,912810UB2,TSRYS5810883,D,B,C,2024-08-13,3000000.00,4.301813,104.265625
08:03:28,912810UB2,TSRYS5810883,D,S,C,2024-08-13,3000000.00,4.3018,104.265802
08:03:28,912810UB2,TSRYS5810883,D,S,D,2024-08-13,1000000.00,4.302963,104.25
08:03:28,912810UB2,TSRYS5810883,D,S,D,2024-08-13,1000000.00,4.302963,104.25
08:03:28,912810UB2,TSRYS5810883,D,S,D,2024-08-13,1000000.00,4.302963,104.25
08:03:28,912810UB2,TSRYS5810883,D,S,D,2024-08-13,1000000.00,4.299513,104.296875
08:03:29,912810UB2,TSRYS5810883,D,S,D,2024-08-13,1000000.00,4.299513,104.296875
08:03:30,912810UB2,TSRYS5810883,D,B,C,2024-08-13,1000000.00,4.297227,104.32795
08:03:30,912810UB2,TSRYS5810883,D,S,D,2024-08-13,1000000.00,4.297214,104.328125
08:03:31,912810UB2,TSRYS5810883,D,S,D,2024-08-13,1000000.00,4.299513,104.296875
08:03:31,912810UB2,TSRYS5810883,D,B,C,2024-08-13,1000000.00,4.306415,104.203125
08:03:31,912810UB2,TSRYS5810883,D,S,D,2024-08-13,1000000.00,4.306415,104.203125
08:03:32,912810UB2,TSRYS5810883,D,S,C,2024-08-13,1000000.00,4.305264,104.21875
08:03:34,912810UB2,TSRYS5810883,D,S,D,2024-08-13,1000000.00,4.292619,104.390625
08:03:35,912810UB2,TSRYS5810883,D,B,C,2024-08-13,1000000.00,4.292633,104.390425
08:03:35,912810UB2,TSRYS5810883,D,S,D,2024-08-13,1000000.00,4.292619,104.390625
08:03:35,912810UB2,TSRYS5810883,D,S,C,2024-08-13,1000000.00,4.292608,104.390775
08:03:35,912810UB2,TSRYS5810883,D,S,D,2024-08-13,1000000.00,4.292619,104.390625
08:03:36,912810UB2,TSRYS5810883,D,S,D,2024-08-13,1000000.00,4.292619,104.390625
08:03:36,912810UB2,TSRYS5810883,D,S,D,2024-08-13,1000000.00,4.292619,104.390625
08:03:36,912810UB2,TSRYS5810883,D,S,C,2024-08-13,1000000.00,4.292608,104.390775
08:03:37,912810UB2,TSRYS5810883,D,S,D,2024-08-13,1000000.00,4.292604,104.390825
08:03:37,912810UB2,TSRYS5810883,D,S,C,2024-08-13,1000000.00,4.292608,104.390775
08:03:37,912810UB2,TSRYS5810883,D,S,D,2024-08-13,1000000.00,4.292604,104.390825
08:03:37,912810UB2,TSRYS5810883,D,S,D,2024-08-13,1000000.00,4.292604,104.390825
08:03:37,912810UB2,TSRYS5810883,D,S,D,2024-08-13,1000000.00,4.292619,104.390625
08:03:37,912810UB2,TSRYS5810883,D,S,C,2024-08-13,1000000.00,4.292608,104.390775
08:03:37,912810UB2,TSRYS5810883,D,S,D,2024-08-13,1000000.00,4.292619,104.390625
08:03:37,912810UB2,TSRYS5810883,D,S,D,2024-08-13,1000000.00,4.292604,104.390825
08:03:37,912810UB2,TSRYS5810883,D,S,D,2024-08-13,1000000.00,4.292619,104.390625
08:03:37,912810UB2,TSRYS5810883,D,S,D,2024-08-13,1000000.00,4.292619,104.390625
08:03:38,912810UB2,TSRYS5810883,D,S,D,2024-08-13,1000000.00,4.292604,104.390825
08:03:39,912810UB2,TSRYS5810883,D,B,C,2024-08-13,2000000.00,4.291471,104.40625
08:03:39,912810UB2,TSRYS5810883,D,S,C,2024-08-13,2000000.00,4.291456,104.406452
08:03:39,912810UB2,TSRYS5810883,D,S,C,2024-08-13,1000000.00,4.291456,104.406452
08:03:40,912810UB2,TSRYS5810883,D,S,D,2024-08-13,1000000.00,4.291461,104.40638
08:03:40,912810UB2,TSRYS5810883,D,S,D,2024-08-13,1000000.00,4.291461,104.40638
08:03:41,912810UB2,TSRYS5810883,D,S,D,2024-08-13,1000000.00,4.290323,104.421875
08:03:41,912810UB2,TSRYS5810883,D,B,C,2024-08-13,1000000.00,4.290323,104.421875
08:03:41,912810UB2,TSRYS5810883,D,S,D,2024-08-13,1000000.00,4.290323,104.421875
08:03:41,912810UB2,TSRYS5810883,D,S,D,2024-08-13,1000000.00,4.301813,104.265625
08:03:42,912810UB2,TSRYS5810883,D,S,D,2024-08-13,1000000.00,4.301238,104.2734375
08:03:42,912810UB2,TSRYS5810883,D,S,T,2024-08-13,1000000.00,4.280144,104.560546875
08:03:43,912810UB2,TSRYS5810883,D,B,C,2024-08-13,2000000.00,4.29033,104.421775
08:03:43,912810UB2,TSRYS5810883,D,S,C,2024-08-13,2000000.00,4.290308,104.422077
08:03:43,912810UB2,TSRYS5810883,D,S,C,2024-08-13,1000000.00,4.290311,104.422027
08:03:46,912810UB2,TSRYS5810883,D,S,D,2024-08-13,1000000.00,4.292619,104.390625
08:03:48,912810UB2,TSRYS5810883,D,S,T,2024-08-13,1000000.00,4.280144,104.560546875
08:03:48,912810UB2,TSRYS5810883,D,S,D,2024-08-13,1000000.00,4.291471,104.40625
08:03:48,912810UB2,TSRYS5810883,D,B,C,2024-08-13,1000000.00,4.291482,104.4061
08:03:48,912810UB2,TSRYS5810883,D,S,D,2024-08-13,1000000.00,4.291471,104.40625
08:03:48,912810UB2,TSRYS5810883,D,S,D,2024-08-13,1000000.00,4.291471,104.40625
08:03:49,912810UB2,TSRYS5810883,D,S,D,2024-08-13,1000000.00,4.290323,104.421875
08:03:50,912810UB2,TSRYS5810883,D,S,T,2024-08-13,1000000.00,4.28043,104.556640625
08:03:50,912810UB2,TSRYS5810883,D,S,T,2024-08-13,1000000.00,4.28043,104.556640625
08:03:50,912810UB2,TSRYS5810883,D,S,T,2024-08-13,1000000.00,4.28043,104.556640625
08:03:50,912810UB2,TSRYS5810883,D,S,T,2024-08-13,1000000.00,4.28043,104.556640625
08:03:50,912810UB2,TSRYS5810883,D,S,D,2024-08-13,1000000.00,4.288027,104.453125
08:03:50,912810UB2,TSRYS5810883,D,B,C,2024-08-13,1000000.00,4.28804,104.45295
08:03:50,912810UB2,TSRYS5810883,D,S,T,2024-08-13,1000000.00,4.280287,104.55859375
08:03:52,912810UB2,TSRYS5810883,D,B,C,2024-08-13,1000000.00,4.285749,104.48415
08:03:52,912810UB2,TSRYS5810883,D,S,C,2024-08-13,1000000.00,4.285718,104.484575
08:03:53,912810UB2,TSRYS5810883,D,S,A,2024-08-13,1000000.00,4.307854,104.18359375
08:03:54,912810UB2,TSRYS5810883,D,S,D,2024-08-13,1000000.00,4.296352,104.33984375
08:03:54,912810UB2,TSRYS5810883,D,S,D,2024-08-13,1000000.00,4.296208,104.341796875
08:03:54,912810UB2,TSRYS5810883,D,S,D,2024-08-13,1000000.00,4.296208,104.341796875
08:03:54,912810UB2,TSRYS5810883,D,S,D,2024-08-13,1000000.00,4.296208,104.341796875
08:03:54,912810UB2,TSRYS5810883,D,S,D,2024-08-13,1000000.00,4.296208,104.341796875
08:03:55,912810UB2,TSRYS5810883,D,S,D,2024-08-13,2000000.00,4.285733,104.484375
08:03:55,912810UB2,TSRYS5810883,D,S,D,2024-08-13,1000000.00,4.285733,104.484375
08:03:57,912810UB2,TSRYS5810883,D,S,D,2024-08-13,2000000.00,4.285733,104.484375
08:03:58,912810UB2,TSRYS5810883,D,S,D,2024-08-13,1000000.00,4.285733,104.484375
08:04:00,912810UB2,TSRYS5810883,D,S,D,2024-08-13,50000.00,4.306991,104.1953125
08:04:02,912810UB2,TSRYS5810883,D,S,T,2024-08-13,2000000.00,4.281433,104.54296875
08:04:02,912810UB2,TSRYS5810883,D,S,D,2024-08-13,1000000.00,4.283439,104.515625
08:04:03,912810UB2,TSRYS5810883,D,S,T,2024-08-13,2000000.00,4.281433,104.54296875
08:04:03,912810UB2,TSRYS5810883,D,S,D,2024-08-13,2000000.00,4.284586,104.5
08:04:03,912810UB2,TSRYS5810883,D,S,C,2024-08-13,1000000.00,4.283428,104.515775
08:04:03,912810UB2,TSRYS5810883,D,S,C,2024-08-13,1000000.00,4.283428,104.515775
08:04:04,912810UB2,TSRYS5810883,D,S,C,2024-08-13,40000.00,4.278855,104.578125
08:04:04,912810UB2,TSRYS5810883,D,S,C,2024-08-13,1000000.00,4.282282,104.5314
08:04:04,912810UB2,TSRYS5810883,D,S,C,2024-08-13,1000000.00,4.282282,104.5314
08:04:04,912810UB2,TSRYS5810883,D,S,C,2024-08-13,1000000.00,4.282293,104.53125
08:04:04,912810UB2,TSRYS5810883,D,S,D,2024-08-13,40000.00,4.278855,104.578125
08:04:05,912810UB2,TSRYS5810883,D,S,D,2024-08-13,1000000.00,4.292906,104.38671875
08:04:06,912810UB2,TSRYS5810883,D,S,D,2024-08-13,1000000.00,4.292619,104.390625
08:04:07,912810UB2,TSRYS5810883,D,S,T,2024-08-13,1000000.00,4.281433,104.54296875
08:04:08,912810UB2,TSRYS5810883,D,S,D,2024-08-13,1000000.00,4.280001,104.5625
08:04:08,912810UB2,TSRYS5810883,D,S,D,2024-08-13,1000000.00,4.280001,104.5625
08:04:08,912810UB2,TSRYS5810883,D,S,D,2024-08-13,1000000.00,4.280001,104.5625
08:04:09,912810UB2,TSRYS5810883,D,B,A,2024-08-13,6860000.00,4.301813,104.265625
08:04:12,912810UB2,TSRYS5810883,D,S,T,2024-08-13,1000000.00,4.280144,104.56054687
08:04:12,912810UB2,TSRYS5810883,D,S,D,2024-08-13,1000000.00,4.292045,104.3984375
08:04:13,912810UB2,TSRYS5810883,D,S,D,2024-08-13,1000000.00,4.280287,104.55859375
08:04:14,912810UB2,TSRYS5810883,D,S,T,2024-08-13,1000000.00,4.280287,104.55859375
08:04:14,912810UB2,TSRYS5810883,D,S,A,2024-08-13,1000000.00,4.306127,104.20703125
08:04:15,912810UB2,TSRYS5810883,D,S,D,2024-08-13,1000000.00,4.280287,104.55859375
08:04:17,912810UB2,TSRYS5810883,D,S,T,2024-08-13,1000000.00,4.281003,104.54882812
08:04:17,912810UB2,TSRYS5810883,D,S,D,2024-08-13,1000000.00,4.281003,104.54882812
08:04:18,912810UB2,TSRYS5810883,D,S,D,2024-08-13,1000000.00,4.281147,104.546875
08:04:18,912810UB2,TSRYS5810883,D,S,D,2024-08-13,1000000.00,4.281147,104.546875
08:04:18,912810UB2,TSRYS5810883,D,S,D,2024-08-13,1000000.00,4.281147,104.546875
08:04:19,912810UB2,TSRYS5810883,D,B,C,2024-08-13,217000.00,4.295203,104.35546875
08:04:19,912810UB2,TSRYS5810883,D,B,A,2024-08-13,217000.00,4.295203,104.35546875
08:04:19,912810UB2,TSRYS5810883,D,B,A,2024-08-13,280000.00,4.298363,104.3125
08:04:20,912810UB2,TSRYS5810883,D,B,A,2024-08-13,190000.00,4.30095,104.27734375
08:04:20,912810UB2,TSRYS5810883,D,B,C,2024-08-13,190000.00,4.30095,104.27734375
08:04:21,912810UB2,TSRYS5810883,D,S,D,2024-08-13,12000000.00,4.292768,104.38859
08:04:22,912810UB2,TSRYS5810883,D,S,D,2024-08-13,16000000.00,4.284576,104.50014
08:04:23,912810UB2,TSRYS5810883,D,S,T,2024-08-13,1000000.00,4.281147,104.546875
08:04:23,912810UB2,TSRYS5810883,D,S,T,2024-08-13,1000000.00,4.281161,104.546675
08:04:23,912810UB2,TSRYS5810883,D,S,T,2024-08-13,1000000.00,4.281161,104.546675
08:04:25,912810UB2,TSRYS5810883,D,S,D,2024-08-13,1000000.00,4.29104,104.412109375
08:04:25,912810UB2,TSRYS5810883,D,S,D,2024-08-13,1000000.00,4.29104,104.412109375
08:04:25,912810UB2,TSRYS5810883,D,S,T,2024-08-13,2000000.00,4.281433,104.54296875
08:04:26,912810UB2,TSRYS5810883,D,S,T,2024-08-13,2000000.00,4.281433,104.54296875
08:04:27,912810UB2,TSRYS5810883,D,S,D,2024-08-13,1000000.00,4.293193,104.3828125
08:04:27,912810UB2,TSRYS5810883,D,S,D,2024-08-13,1000000.00,4.293193,104.3828125
08:04:27,912810UB2,TSRYS5810883,D,S,D,2024-08-13,1000000.00,4.293193,104.3828125
08:04:27,912810UB2,TSRYS5810883,D,S,D,2024-08-13,1000000.00,4.293336,104.380859375
08:04:27,912810UB2,TSRYS5810883,D,S,D,2024-08-13,1000000.00,4.293336,104.380859375
08:04:27,912810UB2,TSRYS5810883,D,S,T,2024-08-13,1000000.00,4.281161,104.546675
08:04:32,912810UB2,TSRYS5810883,D,S,D,2024-08-13,1000000.00,4.299513,104.296875
08:04:32,912810UB2,TSRYS5810883,D,S,T,2024-08-13,4000000.00,4.298363,104.3125
08:04:32,912810UB2,TSRYS5810883,D,S,C,2024-08-13,500000.00,4.289175,104.4375
08:04:34,912810UB2,TSRYS5810883,D,S,T,2024-08-13,1000000.00,4.298076,104.31640625
08:04:34,912810UB2,TSRYS5810883,D,B,C,2024-08-13,1000000.00,4.293767,104.375
08:04:35,912810UB2,TSRYS5810883,D,S,D,2024-08-13,50000.00,4.291441,104.40665
08:04:36,912810UB2,TSRYS5810883,D,S,D,2024-08-13,1000000.00,4.300519,104.283203125
08:04:38,912810UB2,TSRYS5810883,D,S,D,2024-08-13,1000000.00,4.298363,104.3125
08:04:39,912810UB2,TSRYS5810883,D,S,D,2024-08-13,50000.00,4.289145,104.4379
08:04:39,912810UB2,TSRYS5810883,D,S,C,2024-08-13,100000.00,4.297214,104.328125
08:04:39,912810UB2,TSRYS5810883,D,S,D,2024-08-13,1000000.00,4.300519,104.283203125
08:04:39,912810UB2,TSRYS5810883,D,S,D,2024-08-13,100000.00,4.293738,104.3754
08:04:46,912810UB2,TSRYS5810883,D,S,D,2024-08-13,1000000.00,4.288888,104.44140625
08:04:57,912810UB2,TSRYS5810883,D,S,D,2024-08-13,1000000.00,4.285303,104.490234375
08:04:57,912810UB2,TSRYS5810883,D,S,D,2024-08-13,1000000.00,4.285303,104.490234375
08:04:59,912810UB2,TSRYS5810883,D,S,D,2024-08-13,1000000.00,4.285303,104.490234375
08:04:59,912810UB2,TSRYS5810883,D,S,D,2024-08-13,1000000.00,4.285303,104.490234375
08:04:59,912810UB2,TSRYS5810883,D,S,D,2024-08-13,1000000.00,4.285303,104.490234375
08:05:05,912810UB2,TSRYS5810883,D,S,D,2024-08-13,1000000.00,4.283439,104.515625
08:05:05,912810UB2,TSRYS5810883,D,S,D,2024-08-13,1000000.00,4.283726,104.51171875
08:05:09,912810UB2,TSRYS5810883,D,S,D,2024-08-13,3000000.00,4.284156,104.505859375
08:05:09,912810UB2,TSRYS5810883,D,S,D,2024-08-13,1000000.00,4.284156,104.505859375
08:05:09,912810UB2,TSRYS5810883,D,S,D,2024-08-13,1000000.00,4.284156,104.505859375
08:05:09,912810UB2,TSRYS5810883,D,S,D,2024-08-13,1000000.00,4.284156,104.505859375
08:05:09,912810UB2,TSRYS5810883,D,S,D,2024-08-13,1000000.00,4.284299,104.50390625
08:05:11,912810UB2,TSRYS5810883,D,S,D,2024-08-13,1000000.00,4.28688,104.46875
08:05:20,912810UB2,TSRYS5810883,D,S,D,2024-08-13,1000000.00,4.284156,104.505859375
08:05:20,912810UB2,TSRYS5810883,D,S,D,2024-08-13,2000000.00,4.284156,104.505859375
08:05:20,912810UB2,TSRYS5810883,D,S,D,2024-08-13,2000000.00,4.283726,104.51171875
08:05:20,912810UB2,TSRYS5810883,D,S,D,2024-08-13,1000000.00,4.283726,104.51171875
08:05:20,912810UB2,TSRYS5810883,D,S,D,2024-08-13,1000000.00,4.283726,104.51171875
08:05:20,912810UB2,TSRYS5810883,D,S,D,2024-08-13,1000000.00,4.283726,104.51171875
08:05:21,912810UB2,TSRYS5810883,D,S,D,2024-08-13,2000000.00,4.283439,104.515625
08:05:21,912810UB2,TSRYS5810883,D,S,D,2024-08-13,1000000.00,4.284156,104.505859375
08:05:27,912810UB2,TSRYS5810883,D,S,D,2024-08-13,2000000.00,4.282723,104.525390625
08:05:33,912810UB2,TSRYS5810883,D,S,D,2024-08-13,10000000.00,4.289175,104.4375
08:05:38,912810UB2,TSRYS5810883,D,S,D,2024-08-13,1000000.00,4.280144,104.560546875
08:05:38,912810UB2,TSRYS5810883,D,S,D,2024-08-13,1000000.00,4.280287,104.55859375
08:05:38,912810UB2,TSRYS5810883,D,S,D,2024-08-13,1000000.00,4.281003,104.548828125
08:05:38,912810UB2,TSRYS5810883,D,S,C,2024-08-13,1000000.00,4.281147,104.546875
08:05:39,912810UB2,TSRYS5810883,D,S,D,2024-08-13,1000000.00,4.28043,104.556640625
08:05:39,912810UB2,TSRYS5810883,D,S,D,2024-08-13,1000000.00,4.28043,104.556640625
08:05:39,912810UB2,TSRYS5810883,D,S,D,2024-08-13,1000000.00,4.28043,104.556640625
08:05:39,912810UB2,TSRYS5810883,D,S,D,2024-08-13,1000000.00,4.28043,104.556640625
08:05:39,912810UB2,TSRYS5810883,D,S,D,2024-08-13,1000000.00,4.280287,104.55859375
08:05:39,912810UB2,TSRYS5810883,D,S,D,2024-08-13,2000000.00,4.281433,104.54296875
08:05:39,912810UB2,TSRYS5810883,D,S,D,2024-08-13,2000000.00,4.281433,104.54296875
08:05:39,912810UB2,TSRYS5810883,D,S,D,2024-08-13,2000000.00,4.281433,104.54296875
08:05:39,912810UB2,TSRYS5810883,D,S,D,2024-08-13,2000000.00,4.281433,104.54296875
08:05:40,912810UB2,TSRYS5810883,D,S,D,2024-08-13,1000000.00,4.281433,104.54296875
08:05:48,912810UB2,TSRYS5810883,D,S,T,2024-08-13,1000000.00,4.283869,104.509765625
08:05:53,912810UB2,TSRYS5810883,D,S,D,2024-08-13,1000000.00,4.283869,104.509765625
08:06:00,912810UB2,TSRYS5810883,D,S,A,2024-08-13,410000.00,4.289175,104.4375
08:06:00,912810UB2,TSRYS5810883,D,B,C,2024-08-13,5000000.00,4.282579,104.52734375
08:06:00,912810UB2,TSRYS5810883,D,S,T,2024-08-13,2000000.00,4.284586,104.5
08:06:01,912810UB2,TSRYS5810883,D,S,T,2024-08-13,1000000.00,4.283439,104.515625
08:06:01,912810UB2,TSRYS5810883,D,S,T,2024-08-13,1000000.00,4.282293,104.53125
08:06:01,912810UB2,TSRYS5810883,D,S,C,2024-08-13,1000000.00,4.293767,104.375
08:06:01,912810UB2,TSRYS5810883,D,S,T,2024-08-13,1000000.00,4.282293,104.53125
08:06:31,912810UB2,TSRYS5810883,D,S,T,2024-08-13,1000000.00,4.284586,104.5
08:06:31,912810UB2,TSRYS5810883,D,S,T,2024-08-13,2000000.00,4.285303,104.490234375
08:06:32,912810UB2,TSRYS5810883,D,S,T,2024-08-13,1000000.00,4.284586,104.5
08:06:34,912810UB2,TSRYS5810883,D,S,C,2024-08-13,5220000.00,4.284557,104.5
08:06:34,912810UB2,TSRYS5810883,D,S,T,2024-08-13,1000000.00,4.284586,104.5
08:06:35,912810UB2,TSRYS5810883,D,S,T,2024-08-13,1000000.00,4.284586,104.5
08:06:36,912810UB2,TSRYS5810883,D,S,D,2024-08-13,1000000.00,4.284586,104.5
08:06:36,912810UB2,TSRYS5810883,D,S,D,2024-08-13,2000000.00,4.285303,104.490234375
08:06:37,912810UB2,TSRYS5810883,D,S,D,2024-08-13,1000000.00,4.284586,104.5
08:06:38,912810UB2,TSRYS5810883,D,S,T,2024-08-13,1000000.00,4.284586,104.5
08:06:40,912810UB2,TSRYS5810883,D,S,T,2024-08-13,1000000.00,4.284586,104.5
08:06:40,912810UB2,TSRYS5810883,D,S,D,2024-08-13,1000000.00,4.284586,104.5
08:06:41,912810UB2,TSRYS5810883,D,S,D,2024-08-13,1000000.00,4.284586,104.5
08:06:42,912810UB2,TSRYS5810883,D,S,D,2024-08-13,1000000.00,4.284586,104.5
08:06:43,912810UB2,TSRYS5810883,D,S,D,2024-08-13,1000000.00,4.284586,104.5
08:06:44,912810UB2,TSRYS5810883,D,S,D,2024-08-13,1000000.00,4.284586,104.5
08:06:44,912810UB2,TSRYS5810883,D,S,D,2024-08-13,1000000.00,4.284586,104.5
08:06:46,912810UB2,TSRYS5810883,D,S,D,2024-08-13,1000000.00,4.284586,104.5
08:06:48,912810UB2,TSRYS5810883,D,S,D,2024-08-13,1000000.00,4.284586,104.5
08:06:49,912810UB2,TSRYS5810883,D,S,D,2024-08-13,1000000.00,4.284586,104.5
08:06:52,912810UB2,TSRYS5810883,D,S,A,2024-08-13,5000000.00,4.286535,104.47265625
08:06:59,912810UB2,TSRYS5810883,D,S,T,2024-08-13,1000000.00,4.284586,104.5
08:07:01,912810UB2,TSRYS5810883,D,S,D,2024-08-13,85000.00,4.285159,104.4921875
08:07:06,912810UB2,TSRYS5810883,D,B,C,2024-08-13,85000.00,4.285159,104.4921875
08:07:25,912810UB2,TSRYS5810883,D,S,T,2024-08-13,1000000.00,4.283439,104.515625
08:07:25,912810UB2,TSRYS5810883,D,S,T,2024-08-13,1000000.00,4.284586,104.5
08:07:32,912810UB2,TSRYS5810883,D,S,T,2024-08-13,1000000.00,4.284586,104.5
08:07:33,912810UB2,TSRYS5810883,D,S,T,2024-08-13,1000000.00,4.284586,104.5
08:07:34,912810UB2,TSRYS5810883,D,S,D,2024-08-13,1000000.00,4.283869,104.509765625
08:07:34,912810UB2,TSRYS5810883,D,S,T,2024-08-13,1000000.00,4.284586,104.5
08:07:43,912810UB2,TSRYS5810883,D,S,D,2024-08-13,1000000.00,4.283869,104.50976562
08:07:45,912810UB2,TSRYS5810883,D,S,T,2024-08-13,1000000.00,4.283869,104.50976562
08:07:45,912810UB2,TSRYS5810883,D,S,D,2024-08-13,1000000.00,4.283869,104.50976562
08:08:17,912810UB2,TSRYS5810883,D,S,D,2024-08-13,1000000.00,4.283439,104.515625
08:08:41,912810UB2,TSRYS5810883,D,S,T,2024-08-13,1000000.00,4.285303,104.490234375
08:08:46,912810UB2,TSRYS5810883,D,S,D,2024-08-13,1000000.00,4.285733,104.484375
08:08:46,912810UB2,TSRYS5810883,D,B,C,2024-08-13,1000000.00,4.285733,104.484375
08:08:46,912810UB2,TSRYS5810883,D,S,D,2024-08-13,1000000.00,4.285303,104.490234375
08:09:14,912810UB2,TSRYS5810883,D,S,T,2024-08-13,1000000.00,4.286887,104.46865
08:09:14,912810UB2,TSRYS5810883,D,S,T,2024-08-13,1000000.00,4.286887,104.46865
08:09:14,912810UB2,TSRYS5810883,D,S,D,2024-08-13,1000000.00,4.28688,104.46875
08:09:18,912810UB2,TSRYS5810883,D,S,D,2024-08-13,1000000.00,4.28688,104.46875
08:09:18,912810UB2,TSRYS5810883,D,S,D,2024-08-13,1000000.00,4.287023,104.466796875
08:09:18,912810UB2,TSRYS5810883,D,S,D,2024-08-13,1000000.00,4.287023,104.466796875
08:09:18,912810UB2,TSRYS5810883,D,S,D,2024-08-13,1000000.00,4.287023,104.466796875
08:09:18,912810UB2,TSRYS5810883,D,S,D,2024-08-13,1000000.00,4.287023,104.466796875
08:09:19,912810UB2,TSRYS5810883,D,S,D,2024-08-13,1000000.00,4.287023,104.466796875
08:09:19,912810UB2,TSRYS5810883,D,S,C,2024-08-13,1000000.00,4.287023,104.466796875
08:09:19,912810UB2,TSRYS5810883,D,S,C,2024-08-13,1000000.00,4.287023,104.466796875
08:09:29,912810UB2,TSRYS5810883,D,S,D,2024-08-13,1000000.00,4.28688,104.46875
08:09:29,912810UB2,TSRYS5810883,D,S,D,2024-08-13,1000000.00,4.28688,104.46875
08:09:37,912810UB2,TSRYS5810883,D,S,D,2024-08-13,1000000.00,4.28688,104.46875
08:09:37,912810UB2,TSRYS5810883,D,S,D,2024-08-13,1000000.00,4.28688,104.46875
08:09:37,912810UB2,TSRYS5810883,D,S,D,2024-08-13,1000000.00,4.28688,104.46875
08:09:37,912810UB2,TSRYS5810883,D,S,T,2024-08-13,1000000.00,4.28688,104.46875
08:09:37,912810UB2,TSRYS5810883,D,S,D,2024-08-13,1000000.00,4.28688,104.46875
08:09:38,912810UB2,TSRYS5810883,D,S,D,2024-08-13,1000000.00,4.28688,104.46875
08:09:38,912810UB2,TSRYS5810883,D,S,C,2024-08-13,1000000.00,4.287023,104.46679687
08:09:41,912810UB2,TSRYS5810883,D,S,C,2024-08-13,1000000.00,4.287023,104.46679687
08:09:42,912810UB2,TSRYS5810883,D,S,T,2024-08-13,1000000.00,4.287023,104.46679687
08:09:42,912810UB2,TSRYS5810883,D,S,T,2024-08-13,1000000.00,4.287023,104.46679687
08:09:42,912810UB2,TSRYS5810883,D,S,T,2024-08-13,1000000.00,4.287023,104.46679687
08:09:42,912810UB2,TSRYS5810883,D,S,T,2024-08-13,1000000.00,4.287023,104.46679687
08:09:42,912810UB2,TSRYS5810883,D,S,T,2024-08-13,1000000.00,4.287023,104.46679687
08:09:42,912810UB2,TSRYS5810883,D,S,T,2024-08-13,1000000.00,4.287023,104.46679687
08:09:43,912810UB2,TSRYS5810883,D,S,T,2024-08-13,1000000.00,4.287023,104.46679687
08:09:44,912810UB2,TSRYS5810883,D,S,D,2024-08-13,1000000.00,4.286306,104.4765625
08:10:04,912810UB2,TSRYS5810883,D,B,C,2024-08-13,1000000.00,4.285744,104.484225
08:10:04,912810UB2,TSRYS5810883,D,B,C,2024-08-13,1000000.00,4.285744,104.484225
08:10:04,912810UB2,TSRYS5810883,D,S,C,2024-08-13,1000000.00,4.285718,104.484575
08:10:04,912810UB2,TSRYS5810883,D,S,D,2024-08-13,1000000.00,4.285733,104.484375
08:10:04,912810UB2,TSRYS5810883,D,S,C,2024-08-13,1000000.00,4.285718,104.484575
08:10:04,912810UB2,TSRYS5810883,D,S,D,2024-08-13,1000000.00,4.285733,104.484375
08:10:05,912810UB2,TSRYS5810883,D,B,C,2024-08-13,1000000.00,4.285744,104.484225
08:10:05,912810UB2,TSRYS5810883,D,B,C,2024-08-13,1000000.00,4.285744,104.484225
08:10:05,912810UB2,TSRYS5810883,D,B,C,2024-08-13,1000000.00,4.285744,104.484225
08:10:05,912810UB2,TSRYS5810883,D,S,C,2024-08-13,1000000.00,4.285718,104.484575
08:10:47,912810UB2,TSRYS5810883,D,S,A,2024-08-13,4450000.00,4.28688,104.46875
08:11:08,912810UB2,TSRYS5810883,D,B,C,2024-08-13,18000000.00,4.287011,104.46696
08:12:03,912810UB2,TSRYS5810883,D,B,C,2024-08-13,1975000.00,4.286034,104.48026875
08:12:04,912810UB2,TSRYS5810883,D,S,D,2024-08-13,1000000.00,4.286306,104.4765625
08:12:04,912810UB2,TSRYS5810883,D,S,D,2024-08-13,1000000.00,4.286306,104.4765625
08:13:37,912810UB2,TSRYS5810883,D,S,T,2024-08-13,1000000.00,4.287597,104.458984375
08:13:37,912810UB2,TSRYS5810883,D,S,D,2024-08-13,1000000.00,4.288171,104.451171875
08:13:37,912810UB2,TSRYS5810883,D,S,D,2024-08-13,1000000.00,4.288171,104.451171875
08:13:37,912810UB2,TSRYS5810883,D,S,T,2024-08-13,1000000.00,4.287453,104.4609375
08:13:37,912810UB2,TSRYS5810883,D,S,T,2024-08-13,1000000.00,4.287453,104.4609375
08:13:42,912810UB2,TSRYS5810883,D,S,D,2024-08-13,1000000.00,4.287597,104.458984375
08:13:44,912810UB2,TSRYS5810883,D,S,D,2024-08-13,1000000.00,4.288171,104.451171875
08:13:44,912810UB2,TSRYS5810883,D,S,D,2024-08-13,1000000.00,4.288171,104.451171875
08:13:44,912810UB2,TSRYS5810883,D,S,D,2024-08-13,1000000.00,4.288171,104.451171875
08:13:44,912810UB2,TSRYS5810883,D,S,D,2024-08-13,1000000.00,4.288171,104.451171875
08:13:44,912810UB2,TSRYS5810883,D,S,D,2024-08-13,1000000.00,4.288171,104.451171875
08:13:44,912810UB2,TSRYS5810883,D,S,D,2024-08-13,1000000.00,4.288171,104.451171875
08:13:44,912810UB2,TSRYS5810883,D,S,D,2024-08-13,1000000.00,4.288171,104.451171875
08:13:45,912810UB2,TSRYS5810883,D,S,D,2024-08-13,1000000.00,4.288171,104.451171875
08:13:46,912810UB2,TSRYS5810883,D,S,D,2024-08-13,1000000.00,4.288171,104.451171875
08:14:01,912810UB2,TSRYS5810883,D,B,C,2024-08-13,4300000.00,4.288314,104.44921875
08:14:05,912810UB2,TSRYS5810883,D,S,D,2024-08-13,1000000.00,4.288171,104.451171875
08:14:05,912810UB2,TSRYS5810883,D,S,D,2024-08-13,1000000.00,4.288171,104.451171875
08:14:11,912810UB2,TSRYS5810883,D,S,D,2024-08-13,11000000.00,4.289175,104.4375
08:14:16,912810UB2,TSRYS5810883,D,S,D,2024-08-13,11000000.00,4.289749,104.4296875
08:14:24,912810UB2,TSRYS5810883,D,S,D,2024-08-13,1000000.00,4.288314,104.44921875
