tradeTime,cusip,issueSymbolIdentifier,priceType,reportingSideCode,contraPartyTypeCode,tradeDate,reportedTradeVolume,lastSaleYield,lastSalePrice
10:36:08,912810UD8,TSRYS5870973,D,S,D,2024-08-27,1000000.00,4.241708,98.4376
10:36:08,912810UD8,TSRYS5870973,D,B,C,2024-08-27,4947000.00,4.240535,98.453125
10:36:10,912810UD8,TSRYS5870973,D,S,T,2024-08-27,1000000.00,4.241715,98.4375
10:36:10,912810UD8,TSRYS5870973,D,S,T,2024-08-27,1000000.00,4.241715,98.4375
10:36:10,912810UD8,TSRYS5870973,D,S,T,2024-08-27,1000000.00,4.241568,98.439453125
10:36:10,912810UD8,TSRYS5870973,D,S,T,2024-08-27,1000000.00,4.24142,98.44140625
10:36:12,912810UD8,TSRYS5870973,D,S,D,2024-08-27,1000000.00,4.241715,98.4375
10:36:12,912810UD8,TSRYS5870973,D,S,T,2024-08-27,1000000.00,4.241715,98.4375
10:36:16,912810UD8,TSRYS5870973,D,S,T,2024-08-27,1000000.00,4.241715,98.4375
10:36:16,912810UD8,TSRYS5870973,D,S,D,2024-08-27,1000000.00,4.241715,98.4375
10:36:16,912810UD8,TSRYS5870973,D,S,T,2024-08-27,1000000.00,4.241715,98.4375
10:36:17,912810UD8,TSRYS5870973,D,S,D,2024-08-27,1000000.00,4.241715,98.4375
10:36:20,912810UD8,TSRYS5870973,D,S,D,2024-08-27,10350000.00,4.161993,99.5
10:36:20,912810UD8,TSRYS5870973,D,S,D,2024-08-27,5150000.00,4.161993,99.5
10:36:21,912810UD8,TSRYS5870973,D,S,D,2024-08-27,1000000.00,4.241715,98.4375
10:36:22,912810UD8,TSRYS5870973,D,S,T,2024-08-27,1000000.00,4.241568,98.439453125
10:36:22,912810UD8,TSRYS5870973,D,S,T,2024-08-27,1000000.00,4.241568,98.439453125
10:36:24,912810UD8,TSRYS5870973,D,S,D,2024-08-27,10350000.00,4.161993,99.5
10:36:25,912810UD8,TSRYS5870973,D,B,C,2024-08-27,1000000.00,4.241568,98.439453125
10:36:25,912810UD8,TSRYS5870973,D,S,D,2024-08-27,1000000.00,4.241568,98.439453125
10:36:26,912810UD8,TSRYS5870973,D,B,C,2024-08-27,1000000.00,4.241715,98.4375
10:36:26,912810UD8,TSRYS5870973,D,B,C,2024-08-27,1000000.00,4.240535,98.453125
10:36:27,912810UD8,TSRYS5870973,D,S,D,2024-08-27,1000000.00,4.240535,98.453125
10:36:27,912810UD8,TSRYS5870973,D,S,D,2024-08-27,1000000.00,4.241272,98.443359375
10:36:27,912810UD8,TSRYS5870973,D,S,D,2024-08-27,1000000.00,4.241272,98.443359375
10:36:30,912810UD8,TSRYS5870973,D,S,T,2024-08-27,1000000.00,4.240535,98.453125
10:36:32,912810UD8,TSRYS5870973,D,S,D,2024-08-27,2000000.00,4.239355,98.46875
10:36:33,912810UD8,TSRYS5870973,D,B,C,2024-08-27,1000000.00,4.240535,98.453125
10:36:33,912810UD8,TSRYS5870973,D,S,D,2024-08-27,1000000.00,4.240535,98.453125
10:36:34,912810UD8,TSRYS5870973,D,S,T,2024-08-27,2000000.00,4.239355,98.46875
10:36:34,912810UD8,TSRYS5870973,D,S,T,2024-08-27,1000000.00,4.241272,98.443359375
10:36:34,912810UD8,TSRYS5870973,D,S,T,2024-08-27,1000000.00,4.241272,98.443359375
10:36:35,912810UD8,TSRYS5870973,D,S,C,2024-08-27,3750000.00,4.241632,98.4386
10:36:35,912810UD8,TSRYS5870973,D,S,C,2024-08-27,1250000.00,4.241632,98.4386
10:36:45,912810UD8,TSRYS5870973,D,B,C,2024-08-27,1000000.00,4.236553,98.505859375
10:36:45,912810UD8,TSRYS5870973,D,S,D,2024-08-27,1000000.00,4.236553,98.505859375
10:36:48,912810UD8,TSRYS5870973,D,S,T,2024-08-27,1000000.00,4.240535,98.453125
10:36:54,912810UD8,TSRYS5870973,D,S,D,2024-08-27,1000000.00,4.241698,98.437725
10:36:54,912810UD8,TSRYS5870973,D,S,D,2024-08-27,1000000.00,4.241715,98.4375
10:36:54,912810UD8,TSRYS5870973,D,S,D,2024-08-27,1000000.00,4.241715,98.4375
10:36:54,912810UD8,TSRYS5870973,D,S,D,2024-08-27,1000000.00,4.241715,98.4375
10:36:54,912810UD8,TSRYS5870973,D,S,C,2024-08-27,1000000.00,4.24052,98.453325
10:36:59,912810UD8,TSRYS5870973,D,S,D,2024-08-27,8158000.00,4.234341,98.53515625
10:36:59,912810UD8,TSRYS5870973,D,S,D,2024-08-27,1000000.00,4.234341,98.53515625
10:36:59,912810UD8,TSRYS5870973,D,B,C,2024-08-27,1000000.00,4.234341,98.53515625
10:37:00,912810UD8,TSRYS5870973,D,S,D,2024-08-27,2000000.00,4.234194,98.537109375
10:37:04,912810UD8,TSRYS5870973,D,B,C,2024-08-27,1000000.00,4.234194,98.537109375
10:37:04,912810UD8,TSRYS5870973,D,S,D,2024-08-27,1000000.00,4.234194,98.537109375
10:37:08,912810UD8,TSRYS5870973,D,S,D,2024-08-27,1000000.00,4.239355,98.46875
10:37:09,912810UD8,TSRYS5870973,D,S,D,2024-08-27,1000000.00,4.240535,98.453125
10:37:09,912810UD8,TSRYS5870973,D,S,D,2024-08-27,1000000.00,4.240535,98.453125
10:37:09,912810UD8,TSRYS5870973,D,B,C,2024-08-27,1000000.00,4.240535,98.453125
10:37:12,912810UD8,TSRYS5870973,D,B,C,2024-08-27,10000000.00,4.234341,98.53515625
10:37:19,912810UD8,TSRYS5870973,D,B,A,2024-08-27,10000000.00,4.234931,98.52734375
10:37:21,912810UD8,TSRYS5870973,D,S,T,2024-08-27,1000000.00,4.233474,98.546648
10:37:24,912810UD8,TSRYS5870973,D,S,T,2024-08-27,1000000.00,4.233457,98.546875
10:37:24,912810UD8,TSRYS5870973,D,S,T,2024-08-27,1000000.00,4.233457,98.546875
10:37:24,912810UD8,TSRYS5870973,D,B,C,2024-08-27,27700000.00,4.242305,98.4296875
10:37:24,912810UD8,TSRYS5870973,D,S,T,2024-08-27,2000000.00,4.233457,98.546875
10:37:24,912810UD8,TSRYS5870973,D,S,T,2024-08-27,1000000.00,4.233457,98.546875
10:37:25,912810UD8,TSRYS5870973,D,S,T,2024-08-27,1000000.00,4.233457,98.546875
10:37:25,912810UD8,TSRYS5870973,D,S,T,2024-08-27,1000000.00,4.233457,98.546875
10:37:25,912810UD8,TSRYS5870973,D,S,D,2024-08-27,1000000.00,4.234024,98.5393625
10:37:26,912810UD8,TSRYS5870973,D,B,C,2024-08-27,1000000.00,4.234047,98.5390625
10:37:33,912810UD8,TSRYS5870973,D,S,T,2024-08-27,1000000.00,4.234636,98.53125
10:37:36,912810UD8,TSRYS5870973,D,S,D,2024-08-27,27950000.00,4.161993,99.5
10:37:36,912810UD8,TSRYS5870973,D,S,D,2024-08-27,10350000.00,4.161993,99.5
10:37:57,912810UD8,TSRYS5870973,D,S,D,2024-08-27,1000000.00,4.233457,98.546875
10:37:57,912810UD8,TSRYS5870973,D,S,C,2024-08-27,1000000.00,4.234636,98.53125
10:37:58,912810UD8,TSRYS5870973,D,B,C,2024-08-27,10000000.00,4.233457,98.546875
10:38:09,912810UD8,TSRYS5870973,D,S,T,2024-08-27,1000000.00,4.232279,98.5625
10:38:12,912810UD8,TSRYS5870973,D,S,D,2024-08-27,1000000.00,4.23345,98.546977
10:38:12,912810UD8,TSRYS5870973,D,S,D,2024-08-27,1000000.00,4.23345,98.546977
10:38:12,912810UD8,TSRYS5870973,D,S,D,2024-08-27,2000000.00,4.23345,98.546977
10:38:12,912810UD8,TSRYS5870973,D,B,C,2024-08-27,1000000.00,4.233457,98.546875
10:38:12,912810UD8,TSRYS5870973,D,S,D,2024-08-27,1000000.00,4.23345,98.546977
10:38:12,912810UD8,TSRYS5870973,D,S,D,2024-08-27,1000000.00,4.23345,98.546977
10:38:12,912810UD8,TSRYS5870973,D,B,C,2024-08-27,1000000.00,4.233457,98.546875
10:38:12,912810UD8,TSRYS5870973,D,S,D,2024-08-27,1000000.00,4.23345,98.546977
10:38:12,912810UD8,TSRYS5870973,D,S,D,2024-08-27,1000000.00,4.23345,98.546977
10:38:12,912810UD8,TSRYS5870973,D,S,D,2024-08-27,1000000.00,4.23345,98.546977
10:38:12,912810UD8,TSRYS5870973,D,B,C,2024-08-27,1000000.00,4.233457,98.546875
10:38:12,912810UD8,TSRYS5870973,D,S,D,2024-08-27,1000000.00,4.23345,98.546977
10:38:12,912810UD8,TSRYS5870973,D,S,D,2024-08-27,1000000.00,4.232279,98.5625
10:38:20,912810UD8,TSRYS5870973,D,B,C,2024-08-27,10000000.00,4.233457,98.546875
10:38:20,912810UD8,TSRYS5870973,D,S,D,2024-08-27,10000000.00,4.233457,98.546875
10:38:29,912810UD8,TSRYS5870973,D,S,T,2024-08-27,1000000.00,4.232279,98.5625
10:38:29,912810UD8,TSRYS5870973,D,S,T,2024-08-27,1000000.00,4.232279,98.5625
10:38:29,912810UD8,TSRYS5870973,D,S,T,2024-08-27,1000000.00,4.232279,98.5625
10:38:29,912810UD8,TSRYS5870973,D,S,T,2024-08-27,1000000.00,4.232279,98.5625
10:38:29,912810UD8,TSRYS5870973,D,S,T,2024-08-27,1000000.00,4.232279,98.5625
10:38:29,912810UD8,TSRYS5870973,D,S,T,2024-08-27,1000000.00,4.232279,98.5625
10:38:29,912810UD8,TSRYS5870973,D,S,T,2024-08-27,1000000.00,4.232279,98.5625
10:38:29,912810UD8,TSRYS5870973,D,S,T,2024-08-27,1000000.00,4.232279,98.5625
10:38:32,912810UD8,TSRYS5870973,D,S,T,2024-08-27,1000000.00,4.232279,98.5625
10:38:38,912810UD8,TSRYS5870973,D,S,T,2024-08-27,1000000.00,4.233457,98.546875
10:38:38,912810UD8,TSRYS5870973,D,S,T,2024-08-27,1000000.00,4.233457,98.546875
10:38:38,912810UD8,TSRYS5870973,D,S,T,2024-08-27,1000000.00,4.233457,98.546875
10:38:43,912810UD8,TSRYS5870973,D,B,C,2024-08-27,10000000.00,4.234636,98.53125
10:38:55,912810UD8,TSRYS5870973,D,S,D,2024-08-27,1000000.00,4.232279,98.5625
10:39:07,912810UD8,TSRYS5870973,D,S,D,2024-08-27,1000000.00,4.23331,98.548828125
10:39:12,912810UD8,TSRYS5870973,D,B,C,2024-08-27,1000000.00,4.23331,98.548828125
10:39:12,912810UD8,TSRYS5870973,D,S,D,2024-08-27,1000000.00,4.23331,98.548828125
10:39:12,912810UD8,TSRYS5870973,D,B,C,2024-08-27,1000000.00,4.23331,98.548828125
10:39:12,912810UD8,TSRYS5870973,D,S,D,2024-08-27,1000000.00,4.23331,98.548828125
10:39:13,912810UD8,TSRYS5870973,D,S,D,2024-08-27,1000000.00,4.232279,98.5625
10:39:13,912810UD8,TSRYS5870973,D,S,D,2024-08-27,1000000.00,4.232279,98.5625
10:39:13,912810UD8,TSRYS5870973,D,S,D,2024-08-27,1000000.00,4.232279,98.5625
10:39:13,912810UD8,TSRYS5870973,D,S,C,2024-08-27,1000000.00,4.232279,98.5625
10:39:13,912810UD8,TSRYS5870973,D,S,D,2024-08-27,1000000.00,4.232279,98.5625
10:39:13,912810UD8,TSRYS5870973,D,S,D,2024-08-27,1000000.00,4.232279,98.5625
10:39:13,912810UD8,TSRYS5870973,D,S,D,2024-08-27,1000000.00,4.232279,98.5625
10:39:13,912810UD8,TSRYS5870973,D,S,D,2024-08-27,1000000.00,4.232279,98.5625
10:39:13,912810UD8,TSRYS5870973,D,S,D,2024-08-27,1000000.00,4.23345,98.546977
10:39:13,912810UD8,TSRYS5870973,D,B,C,2024-08-27,1000000.00,4.233457,98.546875
10:39:13,912810UD8,TSRYS5870973,D,S,D,2024-08-27,1000000.00,4.23345,98.546977
10:39:13,912810UD8,TSRYS5870973,D,S,D,2024-08-27,1000000.00,4.23345,98.546977
10:39:13,912810UD8,TSRYS5870973,D,S,D,2024-08-27,1000000.00,4.23345,98.546977
10:39:13,912810UD8,TSRYS5870973,D,S,D,2024-08-27,1000000.00,4.23345,98.546977
10:39:13,912810UD8,TSRYS5870973,D,B,C,2024-08-27,1000000.00,4.233457,98.546875
10:39:22,912810UD8,TSRYS5870973,D,B,C,2024-08-27,1000000.00,4.232721,98.556640625
10:39:22,912810UD8,TSRYS5870973,D,S,D,2024-08-27,1000000.00,4.232721,98.556640625
10:39:28,912810UD8,TSRYS5870973,D,S,D,2024-08-27,200000.00,4.233457,98.546875
10:39:32,912810UD8,TSRYS5870973,D,S,D,2024-08-27,1000000.00,4.234341,98.53515625
10:39:32,912810UD8,TSRYS5870973,D,S,D,2024-08-27,1000000.00,4.234489,98.533203125
10:39:32,912810UD8,TSRYS5870973,D,S,D,2024-08-27,1000000.00,4.234489,98.533203125
10:39:32,912810UD8,TSRYS5870973,D,S,C,2024-08-27,1000000.00,4.234636,98.53125
10:39:32,912810UD8,TSRYS5870973,D,S,D,2024-08-27,1000000.00,4.234489,98.533203125
10:39:33,912810UD8,TSRYS5870973,D,S,C,2024-08-27,1000000.00,4.234636,98.53125
10:39:33,912810UD8,TSRYS5870973,D,S,D,2024-08-27,1000000.00,4.233752,98.54296875
10:39:34,912810UD8,TSRYS5870973,D,B,C,2024-08-27,1000000.00,4.233752,98.54296875
10:39:34,912810UD8,TSRYS5870973,D,S,D,2024-08-27,1000000.00,4.233752,98.54296875
10:39:38,912810UD8,TSRYS5870973,D,B,A,2024-08-27,45000.00,4.233752,98.54296875
10:39:38,912810UD8,TSRYS5870973,D,S,T,2024-08-27,1000000.00,4.234341,98.53515625
10:39:38,912810UD8,TSRYS5870973,D,S,T,2024-08-27,1000000.00,4.234636,98.53125
10:39:38,912810UD8,TSRYS5870973,D,S,T,2024-08-27,1000000.00,4.234489,98.533203125
10:39:38,912810UD8,TSRYS5870973,D,S,T,2024-08-27,1000000.00,4.234489,98.533203125
10:39:38,912810UD8,TSRYS5870973,D,S,T,2024-08-27,1000000.00,4.234636,98.53125
10:39:39,912810UD8,TSRYS5870973,D,B,C,2024-08-27,10000000.00,4.234341,98.53515625
10:39:50,912810UD8,TSRYS5870973,D,S,T,2024-08-27,1000000.00,4.234489,98.533203125
10:40:36,912810UD8,TSRYS5870973,D,S,C,2024-08-27,1000000.00,4.161993,99.5
10:41:14,912810UD8,TSRYS5870973,D,B,C,2024-08-27,10000000.00,4.231395,98.57421875
10:41:20,912810UD8,TSRYS5870973,D,B,C,2024-08-27,27750000.00,4.241715,98.4375
10:41:21,912810UD8,TSRYS5870973,D,S,D,2024-08-27,1000000.00,4.230216,98.58984375
10:41:25,912810UD8,TSRYS5870973,D,S,D,2024-08-27,1000000.00,4.230216,98.58984375
10:41:26,912810UD8,TSRYS5870973,D,S,C,2024-08-27,1000000.00,4.230216,98.58984375
10:41:27,912810UD8,TSRYS5870973,D,S,D,2024-08-27,1000000.00,4.230216,98.58984375
10:41:31,912810UD8,TSRYS5870973,D,S,D,2024-08-27,1000000.00,4.230216,98.58984375
10:41:47,912810UD8,TSRYS5870973,D,S,T,2024-08-27,1000000.00,4.230364,98.587890625
10:41:48,912810UD8,TSRYS5870973,D,S,D,2024-08-27,1000000.00,4.230364,98.587890625
10:41:49,912810UD8,TSRYS5870973,D,S,D,2024-08-27,1000000.00,4.230364,98.587890625
10:41:49,912810UD8,TSRYS5870973,D,B,C,2024-08-27,1000000.00,4.230364,98.587890625
10:41:57,912810UD8,TSRYS5870973,D,S,T,2024-08-27,1000000.00,4.2311,98.578125
10:42:04,912810UD8,TSRYS5870973,D,S,D,2024-08-27,1000000.00,4.229922,98.59375
10:42:22,912810UD8,TSRYS5870973,D,S,D,2024-08-27,1000000.00,4.232279,98.5625
10:42:22,912810UD8,TSRYS5870973,D,S,T,2024-08-27,1000000.00,4.232288,98.562375
10:42:23,912810UD8,TSRYS5870973,D,S,C,2024-08-27,1000000.00,4.231984,98.56640625
10:42:23,912810UD8,TSRYS5870973,D,S,D,2024-08-27,1000000.00,4.231984,98.56640625
10:42:26,912810UD8,TSRYS5870973,D,S,D,2024-08-27,1000000.00,4.231689,98.5703125
10:42:26,912810UD8,TSRYS5870973,D,S,D,2024-08-27,1000000.00,4.231689,98.5703125
10:42:33,912810UD8,TSRYS5870973,D,S,C,2024-08-27,1000000.00,4.232573,98.55859375
10:42:34,912810UD8,TSRYS5870973,D,S,D,2024-08-27,1000000.00,4.232573,98.55859375
10:42:34,912810UD8,TSRYS5870973,D,S,D,2024-08-27,1000000.00,4.232573,98.55859375
10:42:36,912810UD8,TSRYS5870973,D,S,D,2024-08-27,1000000.00,4.232573,98.55859375
10:42:37,912810UD8,TSRYS5870973,D,S,D,2024-08-27,1000000.00,4.232573,98.55859375
10:42:42,912810UD8,TSRYS5870973,D,S,C,2024-08-27,1000000.00,4.2311,98.578125
10:42:46,912810UD8,TSRYS5870973,D,S,T,2024-08-27,1000000.00,4.231689,98.5703125
10:42:46,912810UD8,TSRYS5870973,D,S,T,2024-08-27,1000000.00,4.231689,98.5703125
10:43:15,912810UD8,TSRYS5870973,D,S,C,2024-08-27,1000000.00,4.231689,98.5703125
10:43:30,912810UD8,TSRYS5870973,D,S,T,2024-08-27,1000000.00,4.231395,98.57421875
10:43:31,912810UD8,TSRYS5870973,D,S,D,2024-08-27,1000000.00,4.231395,98.57421875
10:43:36,912810UD8,TSRYS5870973,D,S,D,2024-08-27,5000000.00,4.231984,98.56640625
10:43:37,912810UD8,TSRYS5870973,D,S,D,2024-08-27,1000000.00,4.231395,98.57421875
10:43:37,912810UD8,TSRYS5870973,D,B,C,2024-08-27,1000000.00,4.231395,98.57421875
10:43:37,912810UD8,TSRYS5870973,D,S,D,2024-08-27,1000000.00,4.231395,98.57421875
10:43:40,912810UD8,TSRYS5870973,D,B,C,2024-08-27,15000000.00,4.232279,98.5625
10:43:43,912810UD8,TSRYS5870973,D,S,D,2024-08-27,1000000.00,4.231395,98.57421875
10:43:49,912810UD8,TSRYS5870973,D,S,T,2024-08-27,1000000.00,4.231395,98.57421875
10:43:56,912810UD8,TSRYS5870973,D,S,T,2024-08-27,1000000.00,4.232279,98.5625
10:44:13,912810UD8,TSRYS5870973,D,S,C,2024-08-27,1000000.00,4.232279,98.5625
10:44:14,912810UD8,TSRYS5870973,D,S,T,2024-08-27,1000000.00,4.232426,98.56054688
10:44:17,912810UD8,TSRYS5870973,D,S,D,2024-08-27,340000.00,4.232279,98.5625
10:44:18,912810UD8,TSRYS5870973,D,S,D,2024-08-27,1000000.00,4.232426,98.560546875
10:44:21,912810UD8,TSRYS5870973,D,S,D,2024-08-27,25000.00,4.232279,98.5625
10:44:21,912810UD8,TSRYS5870973,D,S,D,2024-08-27,340000.00,4.232279,98.5625
10:44:25,912810UD8,TSRYS5870973,D,S,D,2024-08-27,25000.00,4.232279,98.5625
10:44:29,912810UD8,TSRYS5870973,D,S,A,2024-08-27,50MM+,4.161993,99.5
10:44:44,912810UD8,TSRYS5870973,D,S,C,2024-08-27,1000000.00,4.231984,98.56640625
10:44:45,912810UD8,TSRYS5870973,D,S,D,2024-08-27,1000000.00,4.231984,98.56640625
10:44:52,912810UD8,TSRYS5870973,D,S,C,2024-08-27,875000.00,4.232838,98.5550875
10:45:38,912810UD8,TSRYS5870973,D,S,D,2024-08-27,1000000.00,4.231395,98.57421875
10:45:38,912810UD8,TSRYS5870973,D,S,D,2024-08-27,1000000.00,4.231395,98.57421875
10:45:38,912810UD8,TSRYS5870973,D,S,D,2024-08-27,1000000.00,4.231395,98.57421875
10:45:38,912810UD8,TSRYS5870973,D,B,C,2024-08-27,1000000.00,4.231395,98.57421875
10:45:38,912810UD8,TSRYS5870973,D,S,D,2024-08-27,1000000.00,4.231395,98.57421875
10:45:38,912810UD8,TSRYS5870973,D,S,D,2024-08-27,1000000.00,4.231395,98.57421875
10:45:38,912810UD8,TSRYS5870973,D,S,D,2024-08-27,1000000.00,4.231395,98.57421875
10:45:38,912810UD8,TSRYS5870973,D,B,C,2024-08-27,1000000.00,4.231395,98.57421875
10:45:38,912810UD8,TSRYS5870973,D,S,D,2024-08-27,1000000.00,4.231395,98.57421875
10:45:39,912810UD8,TSRYS5870973,D,B,C,2024-08-27,1000000.00,4.231395,98.57421875
10:45:39,912810UD8,TSRYS5870973,D,S,D,2024-08-27,1000000.00,4.231395,98.57421875
10:45:39,912810UD8,TSRYS5870973,D,B,C,2024-08-27,1000000.00,4.231395,98.57421875
10:45:39,912810UD8,TSRYS5870973,D,S,D,2024-08-27,1000000.00,4.231395,98.57421875
10:45:40,912810UD8,TSRYS5870973,D,S,D,2024-08-27,1000000.00,4.231395,98.57421875
10:45:40,912810UD8,TSRYS5870973,D,B,C,2024-08-27,1000000.00,4.231395,98.57421875
10:45:40,912810UD8,TSRYS5870973,D,S,D,2024-08-27,1000000.00,4.231395,98.57421875
10:45:40,912810UD8,TSRYS5870973,D,B,C,2024-08-27,1000000.00,4.231395,98.57421875
10:45:47,912810UD8,TSRYS5870973,D,S,D,2024-08-27,5000000.00,4.241741,98.43716
10:45:47,912810UD8,TSRYS5870973,D,S,D,2024-08-27,5000000.00,4.241741,98.43716
10:46:05,912810UD8,TSRYS5870973,D,S,D,2024-08-27,2000000.00,4.232279,98.5625
10:46:05,912810UD8,TSRYS5870973,D,S,T,2024-08-27,1000000.00,4.232279,98.5625
10:46:05,912810UD8,TSRYS5870973,D,S,D,2024-08-27,2000000.00,4.232279,98.5625
10:46:05,912810UD8,TSRYS5870973,D,S,T,2024-08-27,1000000.00,4.232279,98.5625
10:46:10,912810UD8,TSRYS5870973,D,S,T,2024-08-27,2000000.00,4.232279,98.5625
10:46:10,912810UD8,TSRYS5870973,D,S,T,2024-08-27,2000000.00,4.232279,98.5625
10:46:19,912810UD8,TSRYS5870973,D,S,C,2024-08-27,1000000.00,4.2311,98.578125
10:46:19,912810UD8,TSRYS5870973,D,S,C,2024-08-27,1000000.00,4.2311,98.578125
10:46:20,912810UD8,TSRYS5870973,D,S,T,2024-08-27,1000000.00,4.232279,98.5625
10:46:20,912810UD8,TSRYS5870973,D,S,T,2024-08-27,1000000.00,4.232279,98.5625
10:46:21,912810UD8,TSRYS5870973,D,S,D,2024-08-27,1000000.00,4.232279,98.5625
10:46:21,912810UD8,TSRYS5870973,D,S,D,2024-08-27,1000000.00,4.232279,98.5625
10:46:28,912810UD8,TSRYS5870973,D,S,A,2024-08-27,1000000.00,4.232279,98.5625
10:46:28,912810UD8,TSRYS5870973,D,S,A,2024-08-27,1000000.00,4.232279,98.5625
10:46:30,912810UD8,TSRYS5870973,D,S,C,2024-08-27,1000000.00,4.232279,98.5625
10:46:30,912810UD8,TSRYS5870973,D,S,C,2024-08-27,1000000.00,4.232279,98.5625
10:46:31,912810UD8,TSRYS5870973,D,S,T,2024-08-27,1000000.00,4.232279,98.5625
10:46:31,912810UD8,TSRYS5870973,D,S,T,2024-08-27,1000000.00,4.232279,98.5625
10:46:35,912810UD8,TSRYS5870973,D,S,C,2024-08-27,1000000.00,4.233457,98.546875
10:46:35,912810UD8,TSRYS5870973,D,S,C,2024-08-27,1000000.00,4.233457,98.546875
10:46:37,912810UD8,TSRYS5870973,D,S,T,2024-08-27,1000000.00,4.233457,98.546875
10:46:37,912810UD8,TSRYS5870973,D,S,T,2024-08-27,1000000.00,4.233457,98.546875
10:46:38,912810UD8,TSRYS5870973,D,S,D,2024-08-27,1000000.00,4.233752,98.54296875
10:46:38,912810UD8,TSRYS5870973,D,S,D,2024-08-27,1000000.00,4.233752,98.54296875
10:46:40,912810UD8,TSRYS5870973,D,S,T,2024-08-27,1000000.00,4.233752,98.54296875
10:46:40,912810UD8,TSRYS5870973,D,S,T,2024-08-27,1000000.00,4.233752,98.54296875
10:46:50,912810UD8,TSRYS5870973,D,S,A,2024-08-27,5000000.00,4.233752,98.54296875
10:46:50,912810UD8,TSRYS5870973,D,S,A,2024-08-27,5000000.00,4.233752,98.54296875
10:46:54,912810UD8,TSRYS5870973,D,S,D,2024-08-27,2400000.00,4.232603,98.55819375
10:46:54,912810UD8,TSRYS5870973,D,S,D,2024-08-27,2400000.00,4.232603,98.55819375
10:47:06,912810UD8,TSRYS5870973,D,S,D,2024-08-27,1000000.00,4.233605,98.544921875
10:47:06,912810UD8,TSRYS5870973,D,S,D,2024-08-27,1000000.00,4.233605,98.544921875
10:47:06,912810UD8,TSRYS5870973,D,S,D,2024-08-27,1000000.00,4.233605,98.544921875
10:47:06,912810UD8,TSRYS5870973,D,S,D,2024-08-27,1000000.00,4.233605,98.544921875
10:47:09,912810UD8,TSRYS5870973,D,S,D,2024-08-27,3770000.00,4.233163,98.55078125
10:47:09,912810UD8,TSRYS5870973,D,S,D,2024-08-27,3770000.00,4.233163,98.55078125
10:47:11,912810UD8,TSRYS5870973,D,S,T,2024-08-27,1000000.00,4.233605,98.544921875
10:47:11,912810UD8,TSRYS5870973,D,S,T,2024-08-27,1000000.00,4.233605,98.544921875
10:47:11,912810UD8,TSRYS5870973,D,S,T,2024-08-27,1000000.00,4.233605,98.544921875
10:47:11,912810UD8,TSRYS5870973,D,S,T,2024-08-27,1000000.00,4.233605,98.544921875
10:47:15,912810UD8,TSRYS5870973,D,S,D,2024-08-27,1000000.00,4.232279,98.5625
10:47:15,912810UD8,TSRYS5870973,D,S,D,2024-08-27,1000000.00,4.232279,98.5625
10:47:55,912810UD8,TSRYS5870973,D,S,C,2024-08-27,50000.00,4.232248,98.5729
10:47:55,912810UD8,TSRYS5870973,D,S,T,2024-08-27,1000000.00,4.232279,98.5625
10:47:55,912810UD8,TSRYS5870973,D,S,C,2024-08-27,50000.00,4.232248,98.5729
10:47:55,912810UD8,TSRYS5870973,D,S,T,2024-08-27,1000000.00,4.232279,98.5625
10:48:02,912810UD8,TSRYS5870973,D,S,D,2024-08-27,50000.00,4.232248,98.5629
10:48:02,912810UD8,TSRYS5870973,D,S,D,2024-08-27,50000.00,4.232248,98.5629
10:48:09,912810UD8,TSRYS5870973,D,S,D,2024-08-27,1000000.00,4.233605,98.544921875
10:48:09,912810UD8,TSRYS5870973,D,S,D,2024-08-27,1000000.00,4.233605,98.544921875
10:48:11,912810UD8,TSRYS5870973,D,S,T,2024-08-27,1000000.00,4.233605,98.544921875
10:48:11,912810UD8,TSRYS5870973,D,S,T,2024-08-27,1000000.00,4.233605,98.544921875
10:48:14,912810UD8,TSRYS5870973,D,S,D,2024-08-27,1000000.00,4.233752,98.54296875
10:48:14,912810UD8,TSRYS5870973,D,S,D,2024-08-27,1000000.00,4.233457,98.546875
10:48:14,912810UD8,TSRYS5870973,D,S,T,2024-08-27,1000000.00,4.233457,98.546875
10:48:14,912810UD8,TSRYS5870973,D,S,T,2024-08-27,1000000.00,4.233457,98.546875
10:48:14,912810UD8,TSRYS5870973,D,B,C,2024-08-27,10000.00,4.231395,98.57421875
10:48:14,912810UD8,TSRYS5870973,D,S,D,2024-08-27,1000000.00,4.233752,98.54296875
10:48:14,912810UD8,TSRYS5870973,D,S,D,2024-08-27,1000000.00,4.233457,98.546875
10:48:14,912810UD8,TSRYS5870973,D,S,T,2024-08-27,1000000.00,4.233457,98.546875
10:48:14,912810UD8,TSRYS5870973,D,S,T,2024-08-27,1000000.00,4.233457,98.546875
10:48:14,912810UD8,TSRYS5870973,D,B,C,2024-08-27,10000.00,4.231395,98.57421875
10:48:15,912810UD8,TSRYS5870973,D,S,C,2024-08-27,40000.00,4.231395,98.57421875
10:48:15,912810UD8,TSRYS5870973,D,S,C,2024-08-27,40000.00,4.231395,98.57421875
10:48:16,912810UD8,TSRYS5870973,D,S,C,2024-08-27,1000000.00,4.234636,98.53125
10:48:16,912810UD8,TSRYS5870973,D,S,T,2024-08-27,1000000.00,4.234636,98.53125
10:48:16,912810UD8,TSRYS5870973,D,S,C,2024-08-27,1000000.00,4.234636,98.53125
10:48:16,912810UD8,TSRYS5870973,D,S,T,2024-08-27,1000000.00,4.234636,98.53125
10:48:17,912810UD8,TSRYS5870973,D,S,T,2024-08-27,1000000.00,4.234646,98.531125
10:48:17,912810UD8,TSRYS5870973,D,S,T,2024-08-27,1000000.00,4.234636,98.53125
10:48:17,912810UD8,TSRYS5870973,D,B,C,2024-08-27,50000.00,4.231395,98.57421875
10:48:17,912810UD8,TSRYS5870973,D,S,T,2024-08-27,1000000.00,4.234646,98.531125
10:48:17,912810UD8,TSRYS5870973,D,S,T,2024-08-27,1000000.00,4.234636,98.53125
10:48:17,912810UD8,TSRYS5870973,D,B,C,2024-08-27,50000.00,4.231395,98.57421875
10:48:18,912810UD8,TSRYS5870973,D,S,C,2024-08-27,450000.00,4.231395,98.57421875
10:48:18,912810UD8,TSRYS5870973,D,S,C,2024-08-27,450000.00,4.231395,98.57421875
10:48:19,912810UD8,TSRYS5870973,D,S,C,2024-08-27,1000000.00,4.234636,98.53125
10:48:19,912810UD8,TSRYS5870973,D,S,C,2024-08-27,1000000.00,4.234636,98.53125
10:48:19,912810UD8,TSRYS5870973,D,S,C,2024-08-27,1000000.00,4.234636,98.53125
10:48:19,912810UD8,TSRYS5870973,D,S,C,2024-08-27,1000000.00,4.234636,98.53125
10:48:20,912810UD8,TSRYS5870973,D,B,C,2024-08-27,10000.00,4.231395,98.57421875
10:48:20,912810UD8,TSRYS5870973,D,S,D,2024-08-27,1000000.00,4.233752,98.54296875
10:48:20,912810UD8,TSRYS5870973,D,S,D,2024-08-27,1000000.00,4.233752,98.54296875
10:48:20,912810UD8,TSRYS5870973,D,B,C,2024-08-27,10000.00,4.231395,98.57421875
10:48:20,912810UD8,TSRYS5870973,D,S,D,2024-08-27,1000000.00,4.233752,98.54296875
10:48:20,912810UD8,TSRYS5870973,D,S,D,2024-08-27,1000000.00,4.233752,98.54296875
10:48:21,912810UD8,TSRYS5870973,D,B,C,2024-08-27,1000000.00,4.233752,98.54296875
10:48:21,912810UD8,TSRYS5870973,D,B,C,2024-08-27,1000000.00,4.233752,98.54296875
10:48:21,912810UD8,TSRYS5870973,D,S,C,2024-08-27,40000.00,4.231395,98.57421875
10:48:21,912810UD8,TSRYS5870973,D,S,D,2024-08-27,1000000.00,4.233752,98.54296875
10:48:21,912810UD8,TSRYS5870973,D,S,D,2024-08-27,1000000.00,4.233752,98.54296875
10:48:21,912810UD8,TSRYS5870973,D,B,C,2024-08-27,1000000.00,4.233752,98.54296875
10:48:21,912810UD8,TSRYS5870973,D,B,C,2024-08-27,1000000.00,4.233752,98.54296875
10:48:21,912810UD8,TSRYS5870973,D,S,C,2024-08-27,40000.00,4.231395,98.57421875
10:48:21,912810UD8,TSRYS5870973,D,S,D,2024-08-27,1000000.00,4.233752,98.54296875
10:48:21,912810UD8,TSRYS5870973,D,S,D,2024-08-27,1000000.00,4.233752,98.54296875
10:48:22,912810UD8,TSRYS5870973,D,S,C,2024-08-27,10000.00,4.231395,98.57421875
10:48:22,912810UD8,TSRYS5870973,D,S,C,2024-08-27,10000.00,4.231395,98.57421875
10:48:23,912810UD8,TSRYS5870973,D,S,C,2024-08-27,1000000.00,4.234636,98.53125
10:48:23,912810UD8,TSRYS5870973,D,B,C,2024-08-27,1000000.00,4.234636,98.53125
10:48:23,912810UD8,TSRYS5870973,D,S,C,2024-08-27,1000000.00,4.234636,98.53125
10:48:23,912810UD8,TSRYS5870973,D,B,C,2024-08-27,1000000.00,4.234636,98.53125
10:48:24,912810UD8,TSRYS5870973,D,S,D,2024-08-27,1000000.00,4.234636,98.53125
10:48:24,912810UD8,TSRYS5870973,D,S,D,2024-08-27,1000000.00,4.234636,98.53125
10:48:24,912810UD8,TSRYS5870973,D,S,C,2024-08-27,1000000.00,4.234636,98.53125
10:48:24,912810UD8,TSRYS5870973,D,S,D,2024-08-27,1000000.00,4.234636,98.53125
10:48:24,912810UD8,TSRYS5870973,D,S,D,2024-08-27,1000000.00,4.234636,98.53125
10:48:24,912810UD8,TSRYS5870973,D,S,D,2024-08-27,1000000.00,4.234636,98.53125
10:48:24,912810UD8,TSRYS5870973,D,S,D,2024-08-27,1000000.00,4.234636,98.53125
10:48:24,912810UD8,TSRYS5870973,D,S,C,2024-08-27,1000000.00,4.234636,98.53125
10:48:24,912810UD8,TSRYS5870973,D,S,D,2024-08-27,1000000.00,4.234636,98.53125
10:48:24,912810UD8,TSRYS5870973,D,S,D,2024-08-27,1000000.00,4.234636,98.53125
10:48:25,912810UD8,TSRYS5870973,D,S,D,2024-08-27,1000000.00,4.234636,98.53125
10:48:25,912810UD8,TSRYS5870973,D,S,D,2024-08-27,1000000.00,4.234636,98.53125
10:48:25,912810UD8,TSRYS5870973,D,S,C,2024-08-27,1000000.00,4.234636,98.53125
10:48:25,912810UD8,TSRYS5870973,D,S,D,2024-08-27,1000000.00,4.234636,98.53125
10:48:25,912810UD8,TSRYS5870973,D,S,D,2024-08-27,1000000.00,4.234636,98.53125
10:48:25,912810UD8,TSRYS5870973,D,S,C,2024-08-27,1000000.00,4.234636,98.53125
10:48:26,912810UD8,TSRYS5870973,D,S,T,2024-08-27,1000000.00,4.234931,98.52734375
10:48:26,912810UD8,TSRYS5870973,D,S,T,2024-08-27,1000000.00,4.234931,98.52734375
10:48:29,912810UD8,TSRYS5870973,D,S,T,2024-08-27,1000000.00,4.234636,98.53125
10:48:29,912810UD8,TSRYS5870973,D,S,D,2024-08-27,1000000.00,4.234931,98.52734375
10:48:29,912810UD8,TSRYS5870973,D,S,T,2024-08-27,1000000.00,4.234636,98.53125
10:48:29,912810UD8,TSRYS5870973,D,S,D,2024-08-27,1000000.00,4.234931,98.52734375
10:48:30,912810UD8,TSRYS5870973,D,S,D,2024-08-27,1000000.00,4.232279,98.5625
10:48:30,912810UD8,TSRYS5870973,D,S,T,2024-08-27,1000000.00,4.234636,98.53125
10:48:30,912810UD8,TSRYS5870973,D,S,D,2024-08-27,1000000.00,4.232279,98.5625
10:48:30,912810UD8,TSRYS5870973,D,S,T,2024-08-27,1000000.00,4.234636,98.53125
10:48:35,912810UD8,TSRYS5870973,D,S,T,2024-08-27,1000000.00,4.234636,98.53125
10:48:35,912810UD8,TSRYS5870973,D,S,T,2024-08-27,1000000.00,4.234636,98.53125
10:48:35,912810UD8,TSRYS5870973,D,S,T,2024-08-27,1000000.00,4.234636,98.53125
10:48:35,912810UD8,TSRYS5870973,D,S,T,2024-08-27,1000000.00,4.234636,98.53125
10:48:36,912810UD8,TSRYS5870973,D,S,T,2024-08-27,1000000.00,4.234636,98.53125
10:48:36,912810UD8,TSRYS5870973,D,S,T,2024-08-27,1000000.00,4.234636,98.53125
10:48:36,912810UD8,TSRYS5870973,D,S,T,2024-08-27,1000000.00,4.234636,98.53125
10:48:36,912810UD8,TSRYS5870973,D,S,T,2024-08-27,1000000.00,4.234636,98.53125
10:48:36,912810UD8,TSRYS5870973,D,S,T,2024-08-27,1000000.00,4.234636,98.53125
10:48:36,912810UD8,TSRYS5870973,D,S,T,2024-08-27,1000000.00,4.234636,98.53125
10:48:37,912810UD8,TSRYS5870973,D,S,T,2024-08-27,1000000.00,4.234636,98.53125
10:48:37,912810UD8,TSRYS5870973,D,S,T,2024-08-27,1000000.00,4.234636,98.53125
10:48:58,912810UD8,TSRYS5870973,D,S,D,2024-08-27,1000000.00,4.231984,98.56640625
10:48:58,912810UD8,TSRYS5870973,D,S,D,2024-08-27,1000000.00,4.231984,98.56640625
10:48:59,912810UD8,TSRYS5870973,D,S,C,2024-08-27,1000000.00,4.231984,98.56640625
10:48:59,912810UD8,TSRYS5870973,D,S,D,2024-08-27,1000000.00,4.233457,98.546875
10:48:59,912810UD8,TSRYS5870973,D,S,C,2024-08-27,1000000.00,4.233457,98.546875
10:48:59,912810UD8,TSRYS5870973,D,S,C,2024-08-27,1000000.00,4.231984,98.56640625
10:48:59,912810UD8,TSRYS5870973,D,S,D,2024-08-27,1000000.00,4.233457,98.546875
10:48:59,912810UD8,TSRYS5870973,D,S,C,2024-08-27,1000000.00,4.233457,98.546875
10:49:03,912810UD8,TSRYS5870973,D,S,D,2024-08-27,1000000.00,4.229038,98.60546875
10:49:03,912810UD8,TSRYS5870973,D,S,D,2024-08-27,1000000.00,4.229038,98.60546875
10:49:03,912810UD8,TSRYS5870973,D,S,D,2024-08-27,1000000.00,4.229038,98.60546875
10:49:03,912810UD8,TSRYS5870973,D,S,D,2024-08-27,1000000.00,4.229038,98.60546875
10:49:08,912810UD8,TSRYS5870973,D,S,T,2024-08-27,1000000.00,4.229922,98.59375
10:49:08,912810UD8,TSRYS5870973,D,S,T,2024-08-27,1000000.00,4.229922,98.59375
10:49:12,912810UD8,TSRYS5870973,D,S,T,2024-08-27,1000000.00,4.229038,98.60546875
10:49:12,912810UD8,TSRYS5870973,D,S,T,2024-08-27,1000000.00,4.229038,98.60546875
10:49:30,912810UD8,TSRYS5870973,D,S,D,2024-08-27,1000000.00,4.2311,98.578125
10:49:30,912810UD8,TSRYS5870973,D,S,D,2024-08-27,1000000.00,4.2311,98.578125
10:49:32,912810UD8,TSRYS5870973,D,S,D,2024-08-27,1000000.00,4.231984,98.56640625
10:49:32,912810UD8,TSRYS5870973,D,S,D,2024-08-27,1000000.00,4.231984,98.56640625
10:49:34,912810UD8,TSRYS5870973,D,S,D,2024-08-27,1000000.00,4.231689,98.5703125
10:49:34,912810UD8,TSRYS5870973,D,S,D,2024-08-27,1000000.00,4.231689,98.5703125
10:49:36,912810UD8,TSRYS5870973,D,S,T,2024-08-27,1000000.00,4.2311,98.578125
10:49:36,912810UD8,TSRYS5870973,D,S,T,2024-08-27,1000000.00,4.2311,98.578125
10:49:44,912810UD8,TSRYS5870973,D,S,C,2024-08-27,1000000.00,4.229922,98.59375
10:49:44,912810UD8,TSRYS5870973,D,B,C,2024-08-27,1000000.00,4.233457,98.546875
10:49:44,912810UD8,TSRYS5870973,D,S,C,2024-08-27,1000000.00,4.229922,98.59375
10:49:44,912810UD8,TSRYS5870973,D,B,C,2024-08-27,1000000.00,4.233457,98.546875
10:49:48,912810UD8,TSRYS5870973,D,S,D,2024-08-27,1000000.00,4.229922,98.59375
10:49:48,912810UD8,TSRYS5870973,D,S,D,2024-08-27,1000000.00,4.229922,98.59375
10:50:18,912810UD8,TSRYS5870973,D,S,D,2024-08-27,455000.00,4.229922,98.59375
10:50:18,912810UD8,TSRYS5870973,D,S,D,2024-08-27,455000.00,4.229856,98.594629121
10:50:18,912810UD8,TSRYS5870973,D,S,T,2024-08-27,1000000.00,4.2311,98.578125
10:50:18,912810UD8,TSRYS5870973,D,S,D,2024-08-27,455000.00,4.229922,98.59375
10:50:18,912810UD8,TSRYS5870973,D,S,D,2024-08-27,455000.00,4.229856,98.594629121
10:50:18,912810UD8,TSRYS5870973,D,S,T,2024-08-27,1000000.00,4.2311,98.578125
10:50:21,912810UD8,TSRYS5870973,D,S,D,2024-08-27,1000000.00,4.230364,98.58789062
10:50:21,912810UD8,TSRYS5870973,D,S,D,2024-08-27,1000000.00,4.230364,98.58789062
10:50:30,912810UD8,TSRYS5870973,D,S,D,2024-08-27,1000000.00,4.232279,98.5625
10:50:30,912810UD8,TSRYS5870973,D,S,D,2024-08-27,1000000.00,4.232279,98.5625
10:50:31,912810UD8,TSRYS5870973,D,S,D,2024-08-27,1000000.00,4.232279,98.5625
10:50:31,912810UD8,TSRYS5870973,D,S,D,2024-08-27,1000000.00,4.232279,98.5625
10:50:32,912810UD8,TSRYS5870973,D,S,T,2024-08-27,1000000.00,4.232279,98.5625
10:50:32,912810UD8,TSRYS5870973,D,S,T,2024-08-27,1000000.00,4.232279,98.5625
10:50:32,912810UD8,TSRYS5870973,D,S,T,2024-08-27,1000000.00,4.232279,98.5625
10:50:32,912810UD8,TSRYS5870973,D,S,T,2024-08-27,1000000.00,4.232279,98.5625
10:50:33,912810UD8,TSRYS5870973,D,S,T,2024-08-27,1000000.00,4.232279,98.5625
10:50:33,912810UD8,TSRYS5870973,D,S,T,2024-08-27,1000000.00,4.232279,98.5625
10:50:36,912810UD8,TSRYS5870973,D,S,D,2024-08-27,7300000.00,4.233163,98.55078125
10:50:36,912810UD8,TSRYS5870973,D,S,D,2024-08-27,7300000.00,4.233163,98.55078125
10:50:39,912810UD8,TSRYS5870973,D,S,T,2024-08-27,1000000.00,4.233457,98.546875
10:50:39,912810UD8,TSRYS5870973,D,S,T,2024-08-27,1000000.00,4.233457,98.546875
10:50:39,912810UD8,TSRYS5870973,D,S,D,2024-08-27,7300000.00,4.233457,98.546875
10:50:39,912810UD8,TSRYS5870973,D,S,T,2024-08-27,1000000.00,4.233457,98.546875
10:50:39,912810UD8,TSRYS5870973,D,S,T,2024-08-27,1000000.00,4.233457,98.546875
10:50:39,912810UD8,TSRYS5870973,D,S,D,2024-08-27,7300000.00,4.233457,98.546875
10:50:40,912810UD8,TSRYS5870973,D,S,D,2024-08-27,200000.00,4.232868,98.5546875
10:50:40,912810UD8,TSRYS5870973,D,S,D,2024-08-27,200000.00,4.232868,98.5546875
10:50:46,912810UD8,TSRYS5870973,D,S,C,2024-08-27,1000000.00,4.2311,98.578125
10:50:46,912810UD8,TSRYS5870973,D,S,C,2024-08-27,1000000.00,4.2311,98.578125
10:50:48,912810UD8,TSRYS5870973,D,S,D,2024-08-27,1000000.00,4.231984,98.56640625
10:50:48,912810UD8,TSRYS5870973,D,S,D,2024-08-27,1000000.00,4.231984,98.56640625
10:50:59,912810UD8,TSRYS5870973,D,S,C,2024-08-27,3850000.00,4.161993,99.5
10:50:59,912810UD8,TSRYS5870973,D,S,C,2024-08-27,3850000.00,4.161993,99.5
10:51:01,912810UD8,TSRYS5870973,D,S,C,2024-08-27,7650000.00,4.161993,99.5
10:51:01,912810UD8,TSRYS5870973,D,S,D,2024-08-27,1000000.00,4.232279,98.5625
10:51:01,912810UD8,TSRYS5870973,D,S,C,2024-08-27,7650000.00,4.161993,99.5
10:51:01,912810UD8,TSRYS5870973,D,S,D,2024-08-27,1000000.00,4.232279,98.5625
10:51:03,912810UD8,TSRYS5870973,D,S,C,2024-08-27,31100000.00,4.161993,99.5
10:51:03,912810UD8,TSRYS5870973,D,S,C,2024-08-27,3850000.00,4.161993,99.5
10:51:03,912810UD8,TSRYS5870973,D,S,D,2024-08-27,5150000.00,4.161993,99.5
10:51:03,912810UD8,TSRYS5870973,D,S,C,2024-08-27,31100000.00,4.161993,99.5
10:51:03,912810UD8,TSRYS5870973,D,S,C,2024-08-27,3850000.00,4.161993,99.5
10:51:03,912810UD8,TSRYS5870973,D,S,D,2024-08-27,5150000.00,4.161993,99.5
10:51:04,912810UD8,TSRYS5870973,D,S,C,2024-08-27,3100000.00,4.161993,99.5
10:51:04,912810UD8,TSRYS5870973,D,S,C,2024-08-27,3100000.00,4.161993,99.5
10:51:06,912810UD8,TSRYS5870973,D,S,C,2024-08-27,25850000.00,4.161993,99.5
10:51:06,912810UD8,TSRYS5870973,D,S,C,2024-08-27,25850000.00,4.161993,99.5
10:51:19,912810UD8,TSRYS5870973,D,S,C,2024-08-27,1000000.00,4.233457,98.546875
10:51:19,912810UD8,TSRYS5870973,D,S,C,2024-08-27,1000000.00,4.233457,98.546875
10:51:19,912810UD8,TSRYS5870973,D,S,C,2024-08-27,1000000.00,4.233457,98.546875
10:51:19,912810UD8,TSRYS5870973,D,S,C,2024-08-27,1000000.00,4.233457,98.546875
10:52:27,912810UD8,TSRYS5870973,D,S,D,2024-08-27,1000000.00,4.234341,98.53515625
10:52:27,912810UD8,TSRYS5870973,D,S,D,2024-08-27,1000000.00,4.234341,98.53515625
10:52:44,912810UD8,TSRYS5870973,D,S,D,2024-08-27,10000000.00,4.231684,98.57038
10:52:44,912810UD8,TSRYS5870973,D,S,D,2024-08-27,10000000.00,4.231684,98.57038
10:52:56,912810UD8,TSRYS5870973,D,S,D,2024-08-27,1000000.00,4.234341,98.53515625
10:52:56,912810UD8,TSRYS5870973,D,S,D,2024-08-27,1000000.00,4.234341,98.53515625
10:52:57,912810UD8,TSRYS5870973,D,S,T,2024-08-27,1000000.00,4.234341,98.53515625
10:52:57,912810UD8,TSRYS5870973,D,S,T,2024-08-27,1000000.00,4.234341,98.53515625
10:52:58,912810UD8,TSRYS5870973,D,S,D,2024-08-27,4000000.00,4.233211,98.55014
10:52:58,912810UD8,TSRYS5870973,D,S,D,2024-08-27,4000000.00,4.233211,98.55014
10:53:06,912810UD8,TSRYS5870973,D,S,D,2024-08-27,220000.00,4.232868,98.5546875
10:53:06,912810UD8,TSRYS5870973,D,S,D,2024-08-27,220000.00,4.232868,98.5546875
10:53:12,912810UD8,TSRYS5870973,D,S,C,2024-08-27,1000000.00,4.232426,98.560546875
10:53:12,912810UD8,TSRYS5870973,D,B,C,2024-08-27,1000000.00,4.232426,98.560546875
10:53:12,912810UD8,TSRYS5870973,D,S,C,2024-08-27,1000000.00,4.232426,98.560546875
10:53:12,912810UD8,TSRYS5870973,D,B,C,2024-08-27,1000000.00,4.232426,98.560546875
10:53:59,912810UD8,TSRYS5870973,D,S,C,2024-08-27,200000.00,4.158501,99.546875
10:53:59,912810UD8,TSRYS5870973,D,S,C,2024-08-27,200000.00,4.158501,99.546875
10:54:08,912810UD8,TSRYS5870973,D,S,C,2024-08-27,25000.00,4.232573,98.558594
10:54:08,912810UD8,TSRYS5870973,D,S,C,2024-08-27,25000.00,4.232573,98.558594
10:54:43,912810UD8,TSRYS5870973,D,S,C,2024-08-27,25000.00,4.231395,98.574219
10:54:43,912810UD8,TSRYS5870973,D,S,C,2024-08-27,25000.00,4.231395,98.574219
10:54:53,912810UD8,TSRYS5870973,D,S,C,2024-08-27,1000000.00,4.233457,98.546875
10:54:53,912810UD8,TSRYS5870973,D,S,C,2024-08-27,1000000.00,4.233457,98.546875
10:54:54,912810UD8,TSRYS5870973,D,S,D,2024-08-27,400000.00,4.232573,98.55859375
10:54:54,912810UD8,TSRYS5870973,D,S,D,2024-08-27,400000.00,4.232573,98.55859375
10:55:06,912810UD8,TSRYS5870973,D,S,C,2024-08-27,100000.00,4.232573,98.558594
10:55:06,912810UD8,TSRYS5870973,D,S,C,2024-08-27,100000.00,4.232573,98.558594
10:55:19,912810UD8,TSRYS5870973,D,S,C,2024-08-27,32000.00,4.232573,98.558594
10:55:19,912810UD8,TSRYS5870973,D,S,C,2024-08-27,32000.00,4.232573,98.558594
10:55:24,912810UD8,TSRYS5870973,D,S,D,2024-08-27,2000000.00,4.234636,98.53125
10:55:24,912810UD8,TSRYS5870973,D,S,D,2024-08-27,1000000.00,4.233457,98.546875
10:55:24,912810UD8,TSRYS5870973,D,S,T,2024-08-27,1000000.00,4.233457,98.546875
10:55:24,912810UD8,TSRYS5870973,D,S,D,2024-08-27,2000000.00,4.234636,98.53125
10:55:24,912810UD8,TSRYS5870973,D,S,D,2024-08-27,1000000.00,4.233457,98.546875
10:55:24,912810UD8,TSRYS5870973,D,S,T,2024-08-27,1000000.00,4.233457,98.546875
10:55:42,912810UD8,TSRYS5870973,D,S,T,2024-08-27,3000000.00,4.233465,98.546775
10:55:42,912810UD8,TSRYS5870973,D,S,T,2024-08-27,3000000.00,4.233465,98.546775
10:55:43,912810UD8,TSRYS5870973,D,S,C,2024-08-27,3000000.00,4.233457,98.546875
10:55:43,912810UD8,TSRYS5870973,D,S,T,2024-08-27,1000000.00,4.233457,98.546875
10:55:43,912810UD8,TSRYS5870973,D,S,T,2024-08-27,1000000.00,4.233457,98.546875
10:55:43,912810UD8,TSRYS5870973,D,S,C,2024-08-27,3000000.00,4.233457,98.546875
10:55:43,912810UD8,TSRYS5870973,D,S,T,2024-08-27,1000000.00,4.233457,98.546875
10:55:43,912810UD8,TSRYS5870973,D,S,T,2024-08-27,1000000.00,4.233457,98.546875
10:55:52,912810UD8,TSRYS5870973,D,S,T,2024-08-27,2000000.00,4.234636,98.53125
10:55:52,912810UD8,TSRYS5870973,D,S,T,2024-08-27,2000000.00,4.234636,98.53125
10:56:05,912810UD8,TSRYS5870973,D,S,D,2024-08-27,3400000.00,4.238904,98.47472
10:56:05,912810UD8,TSRYS5870973,D,S,D,2024-08-27,3400000.00,4.238904,98.47472
10:56:35,912810UD8,TSRYS5870973,D,S,D,2024-08-27,1000000.00,4.233457,98.546875
10:56:35,912810UD8,TSRYS5870973,D,S,D,2024-08-27,1000000.00,4.233457,98.546875
10:56:35,912810UD8,TSRYS5870973,D,S,D,2024-08-27,1000000.00,4.233457,98.546875
10:56:35,912810UD8,TSRYS5870973,D,S,D,2024-08-27,1000000.00,4.233457,98.546875
10:56:42,912810UD8,TSRYS5870973,D,S,D,2024-08-27,1000000.00,4.232279,98.5625
10:56:42,912810UD8,TSRYS5870973,D,S,D,2024-08-27,1000000.00,4.232279,98.5625
10:56:42,912810UD8,TSRYS5870973,D,B,C,2024-08-27,1000000.00,4.232279,98.5625
10:56:42,912810UD8,TSRYS5870973,D,S,D,2024-08-27,1000000.00,4.232279,98.5625
10:56:42,912810UD8,TSRYS5870973,D,B,C,2024-08-27,1000000.00,4.232279,98.5625
10:56:42,912810UD8,TSRYS5870973,D,S,D,2024-08-27,1000000.00,4.232279,98.5625
10:56:42,912810UD8,TSRYS5870973,D,S,D,2024-08-27,1000000.00,4.232279,98.5625
10:56:42,912810UD8,TSRYS5870973,D,S,D,2024-08-27,1000000.00,4.232279,98.5625
10:56:42,912810UD8,TSRYS5870973,D,B,C,2024-08-27,1000000.00,4.232279,98.5625
10:56:42,912810UD8,TSRYS5870973,D,S,D,2024-08-27,1000000.00,4.232279,98.5625
10:56:42,912810UD8,TSRYS5870973,D,B,C,2024-08-27,1000000.00,4.232279,98.5625
10:56:42,912810UD8,TSRYS5870973,D,S,D,2024-08-27,1000000.00,4.232279,98.5625
10:56:43,912810UD8,TSRYS5870973,D,B,C,2024-08-27,1000000.00,4.232279,98.5625
10:56:43,912810UD8,TSRYS5870973,D,S,D,2024-08-27,1000000.00,4.232279,98.5625
10:56:43,912810UD8,TSRYS5870973,D,B,C,2024-08-27,1000000.00,4.232279,98.5625
10:56:43,912810UD8,TSRYS5870973,D,S,D,2024-08-27,1000000.00,4.232279,98.5625
10:56:43,912810UD8,TSRYS5870973,D,B,C,2024-08-27,1000000.00,4.232279,98.5625
10:56:43,912810UD8,TSRYS5870973,D,S,T,2024-08-27,1000000.00,4.232279,98.5625
10:56:43,912810UD8,TSRYS5870973,D,B,C,2024-08-27,1000000.00,4.232279,98.5625
10:56:43,912810UD8,TSRYS5870973,D,S,D,2024-08-27,1000000.00,4.232279,98.5625
10:56:43,912810UD8,TSRYS5870973,D,B,C,2024-08-27,1000000.00,4.232279,98.5625
10:56:43,912810UD8,TSRYS5870973,D,S,D,2024-08-27,1000000.00,4.232279,98.5625
10:56:43,912810UD8,TSRYS5870973,D,B,C,2024-08-27,1000000.00,4.232279,98.5625
10:56:43,912810UD8,TSRYS5870973,D,S,T,2024-08-27,1000000.00,4.232279,98.5625
10:56:44,912810UD8,TSRYS5870973,D,S,D,2024-08-27,3400000.00,4.231689,98.5703125
10:56:44,912810UD8,TSRYS5870973,D,S,D,2024-08-27,3400000.00,4.231689,98.5703125
10:56:50,912810UD8,TSRYS5870973,D,S,D,2024-08-27,1000000.00,4.232279,98.5625
10:56:50,912810UD8,TSRYS5870973,D,S,D,2024-08-27,1000000.00,4.232279,98.5625
10:56:51,912810UD8,TSRYS5870973,D,S,D,2024-08-27,1000000.00,4.232279,98.5625
10:56:51,912810UD8,TSRYS5870973,D,S,D,2024-08-27,1000000.00,4.232279,98.5625
10:56:54,912810UD8,TSRYS5870973,D,S,T,2024-08-27,1000000.00,4.232279,98.5625
10:56:54,912810UD8,TSRYS5870973,D,S,T,2024-08-27,1000000.00,4.232279,98.5625
10:56:54,912810UD8,TSRYS5870973,D,S,T,2024-08-27,1000000.00,4.232279,98.5625
10:56:54,912810UD8,TSRYS5870973,D,S,T,2024-08-27,1000000.00,4.232279,98.5625
10:57:09,912810UD8,TSRYS5870973,D,S,D,2024-08-27,1000000.00,4.232868,98.5546875
10:57:09,912810UD8,TSRYS5870973,D,S,D,2024-08-27,1000000.00,4.232868,98.5546875
10:57:13,912810UD8,TSRYS5870973,D,S,D,2024-08-27,7000000.00,4.233713,98.54349
10:57:13,912810UD8,TSRYS5870973,D,S,D,2024-08-27,250000.00,4.231689,98.5703125
10:57:13,912810UD8,TSRYS5870973,D,S,D,2024-08-27,7000000.00,4.233713,98.54349
10:57:13,912810UD8,TSRYS5870973,D,S,D,2024-08-27,250000.00,4.231689,98.5703125
10:57:33,912810UD8,TSRYS5870973,D,B,C,2024-08-27,4300000.00,4.231984,98.56640625
10:57:33,912810UD8,TSRYS5870973,D,B,C,2024-08-27,4300000.00,4.231984,98.56640625
10:57:36,912810UD8,TSRYS5870973,D,S,D,2024-08-27,1000000.00,4.231689,98.5703125
10:57:36,912810UD8,TSRYS5870973,D,S,D,2024-08-27,1000000.00,4.231689,98.5703125
10:57:44,912810UD8,TSRYS5870973,D,S,C,2024-08-27,4300000.00,4.231984,98.56640625
10:57:44,912810UD8,TSRYS5870973,D,S,C,2024-08-27,4300000.00,4.231984,98.56640625
10:57:53,912810UD8,TSRYS5870973,D,S,D,2024-08-27,1000000.00,4.235078,98.52539062
10:57:53,912810UD8,TSRYS5870973,D,S,D,2024-08-27,1000000.00,4.235078,98.52539062
10:57:55,912810UD8,TSRYS5870973,D,S,D,2024-08-27,1000000.00,4.235078,98.52539062
10:57:55,912810UD8,TSRYS5870973,D,S,D,2024-08-27,1000000.00,4.235078,98.52539062
10:58:04,912810UD8,TSRYS5870973,D,S,C,2024-08-27,37000000.00,4.23723,98.49688
10:58:04,912810UD8,TSRYS5870973,D,S,C,2024-08-27,37000000.00,4.23723,98.49688
10:58:07,912810UD8,TSRYS5870973,D,S,D,2024-08-27,1000000.00,4.231837,98.56835937
10:58:07,912810UD8,TSRYS5870973,D,S,D,2024-08-27,1000000.00,4.231837,98.56835937
10:58:46,912810UD8,TSRYS5870973,D,S,D,2024-08-27,1000000.00,4.231542,98.57226562
10:58:46,912810UD8,TSRYS5870973,D,S,D,2024-08-27,1000000.00,4.231542,98.57226562
10:58:47,912810UD8,TSRYS5870973,D,S,D,2024-08-27,1500000.00,4.228744,98.609375
10:58:47,912810UD8,TSRYS5870973,D,S,D,2024-08-27,1500000.00,4.228744,98.609375
10:58:52,912810UD8,TSRYS5870973,D,S,T,2024-08-27,1000000.00,4.230069,98.591796875
10:58:52,912810UD8,TSRYS5870973,D,S,D,2024-08-27,1000000.00,4.230069,98.591796875
10:58:52,912810UD8,TSRYS5870973,D,S,T,2024-08-27,1000000.00,4.230069,98.591796875
10:58:52,912810UD8,TSRYS5870973,D,S,T,2024-08-27,1000000.00,4.230069,98.591796875
10:58:52,912810UD8,TSRYS5870973,D,S,D,2024-08-27,1000000.00,4.230069,98.591796875
10:58:52,912810UD8,TSRYS5870973,D,S,T,2024-08-27,1000000.00,4.230069,98.591796875
10:58:53,912810UD8,TSRYS5870973,D,S,T,2024-08-27,1000000.00,4.230364,98.587890625
10:58:53,912810UD8,TSRYS5870973,D,S,T,2024-08-27,2000000.00,4.2311,98.578125
10:58:53,912810UD8,TSRYS5870973,D,S,T,2024-08-27,1000000.00,4.230069,98.591796875
10:58:53,912810UD8,TSRYS5870973,D,S,T,2024-08-27,1000000.00,4.230069,98.591796875
10:58:53,912810UD8,TSRYS5870973,D,S,T,2024-08-27,1000000.00,4.230364,98.587890625
10:58:53,912810UD8,TSRYS5870973,D,S,T,2024-08-27,1000000.00,4.230511,98.5859375
10:58:53,912810UD8,TSRYS5870973,D,S,D,2024-08-27,1000000.00,4.230069,98.591796875
10:58:53,912810UD8,TSRYS5870973,D,S,C,2024-08-27,1000000.00,4.230069,98.59179687
10:58:53,912810UD8,TSRYS5870973,D,S,D,2024-08-27,1000000.00,4.230069,98.591796875
10:58:53,912810UD8,TSRYS5870973,D,S,T,2024-08-27,1000000.00,4.230658,98.583984375
10:58:53,912810UD8,TSRYS5870973,D,S,T,2024-08-27,1000000.00,4.230364,98.587890625
10:58:53,912810UD8,TSRYS5870973,D,S,T,2024-08-27,2000000.00,4.2311,98.578125
10:58:53,912810UD8,TSRYS5870973,D,S,T,2024-08-27,1000000.00,4.230069,98.591796875
10:58:53,912810UD8,TSRYS5870973,D,S,T,2024-08-27,1000000.00,4.230069,98.591796875
10:58:53,912810UD8,TSRYS5870973,D,S,T,2024-08-27,1000000.00,4.230364,98.587890625
10:58:53,912810UD8,TSRYS5870973,D,S,T,2024-08-27,1000000.00,4.230511,98.5859375
10:58:53,912810UD8,TSRYS5870973,D,S,D,2024-08-27,1000000.00,4.230069,98.591796875
10:58:53,912810UD8,TSRYS5870973,D,S,C,2024-08-27,1000000.00,4.230069,98.59179687
10:58:53,912810UD8,TSRYS5870973,D,S,D,2024-08-27,1000000.00,4.230069,98.591796875
10:58:53,912810UD8,TSRYS5870973,D,S,T,2024-08-27,1000000.00,4.230658,98.583984375
10:58:54,912810UD8,TSRYS5870973,D,S,D,2024-08-27,1000000.00,4.230069,98.591796875
10:58:54,912810UD8,TSRYS5870973,D,B,C,2024-08-27,1000000.00,4.230216,98.58984375
10:58:54,912810UD8,TSRYS5870973,D,S,D,2024-08-27,1000000.00,4.230216,98.58984375
10:58:54,912810UD8,TSRYS5870973,D,S,D,2024-08-27,1000000.00,4.2311,98.578125
10:58:54,912810UD8,TSRYS5870973,D,S,D,2024-08-27,1000000.00,4.230069,98.591796875
10:58:54,912810UD8,TSRYS5870973,D,B,C,2024-08-27,1000000.00,4.230216,98.58984375
10:58:54,912810UD8,TSRYS5870973,D,S,D,2024-08-27,1000000.00,4.230216,98.58984375
10:58:54,912810UD8,TSRYS5870973,D,S,D,2024-08-27,1000000.00,4.2311,98.578125
10:58:55,912810UD8,TSRYS5870973,D,S,D,2024-08-27,1000000.00,4.230364,98.587890625
10:58:55,912810UD8,TSRYS5870973,D,S,D,2024-08-27,1000000.00,4.230364,98.587890625
10:58:55,912810UD8,TSRYS5870973,D,S,D,2024-08-27,1000000.00,4.2311,98.578125
10:58:55,912810UD8,TSRYS5870973,D,S,D,2024-08-27,1000000.00,4.2311,98.578125
10:58:55,912810UD8,TSRYS5870973,D,S,D,2024-08-27,1000000.00,4.230364,98.587890625
10:58:55,912810UD8,TSRYS5870973,D,S,D,2024-08-27,1000000.00,4.230364,98.587890625
10:58:55,912810UD8,TSRYS5870973,D,S,D,2024-08-27,1000000.00,4.2311,98.578125
10:58:55,912810UD8,TSRYS5870973,D,S,D,2024-08-27,1000000.00,4.2311,98.578125
10:58:56,912810UD8,TSRYS5870973,D,S,D,2024-08-27,1000000.00,4.230511,98.5859375
10:58:56,912810UD8,TSRYS5870973,D,S,D,2024-08-27,1000000.00,4.230658,98.583984375
10:58:56,912810UD8,TSRYS5870973,D,B,C,2024-08-27,1000000.00,4.230658,98.583984375
10:58:56,912810UD8,TSRYS5870973,D,S,T,2024-08-27,1000000.00,4.230658,98.583984375
10:58:56,912810UD8,TSRYS5870973,D,S,C,2024-08-27,1000000.00,4.230658,98.583984375
10:58:56,912810UD8,TSRYS5870973,D,S,D,2024-08-27,1000000.00,4.230511,98.5859375
10:58:56,912810UD8,TSRYS5870973,D,S,D,2024-08-27,1000000.00,4.230658,98.583984375
10:58:56,912810UD8,TSRYS5870973,D,B,C,2024-08-27,1000000.00,4.230658,98.583984375
10:58:56,912810UD8,TSRYS5870973,D,S,T,2024-08-27,1000000.00,4.230658,98.583984375
10:58:56,912810UD8,TSRYS5870973,D,S,C,2024-08-27,1000000.00,4.230658,98.583984375
10:58:57,912810UD8,TSRYS5870973,D,S,D,2024-08-27,1000000.00,4.230658,98.583984375
10:58:57,912810UD8,TSRYS5870973,D,S,D,2024-08-27,1000000.00,4.230658,98.583984375
10:59:04,912810UD8,TSRYS5870973,D,S,D,2024-08-27,1000000.00,4.2311,98.578125
10:59:04,912810UD8,TSRYS5870973,D,S,D,2024-08-27,1000000.00,4.2311,98.578125
10:59:04,912810UD8,TSRYS5870973,D,S,D,2024-08-27,1000000.00,4.2311,98.578125
10:59:04,912810UD8,TSRYS5870973,D,S,C,2024-08-27,2000000.00,4.2311,98.578125
10:59:04,912810UD8,TSRYS5870973,D,S,C,2024-08-27,2000000.00,4.2311,98.578125
10:59:04,912810UD8,TSRYS5870973,D,S,C,2024-08-27,1000000.00,4.2311,98.578125
10:59:04,912810UD8,TSRYS5870973,D,S,D,2024-08-27,1000000.00,4.2311,98.578125
10:59:04,912810UD8,TSRYS5870973,D,S,D,2024-08-27,1000000.00,4.2311,98.578125
10:59:04,912810UD8,TSRYS5870973,D,S,D,2024-08-27,1000000.00,4.2311,98.578125
10:59:04,912810UD8,TSRYS5870973,D,S,D,2024-08-27,1000000.00,4.2311,98.578125
10:59:04,912810UD8,TSRYS5870973,D,S,D,2024-08-27,1000000.00,4.2311,98.578125
10:59:04,912810UD8,TSRYS5870973,D,S,D,2024-08-27,1000000.00,4.2311,98.578125
10:59:04,912810UD8,TSRYS5870973,D,S,D,2024-08-27,1000000.00,4.2311,98.578125
10:59:04,912810UD8,TSRYS5870973,D,S,C,2024-08-27,2000000.00,4.2311,98.578125
10:59:04,912810UD8,TSRYS5870973,D,S,C,2024-08-27,2000000.00,4.2311,98.578125
10:59:04,912810UD8,TSRYS5870973,D,S,C,2024-08-27,1000000.00,4.2311,98.578125
10:59:04,912810UD8,TSRYS5870973,D,S,D,2024-08-27,1000000.00,4.2311,98.578125
10:59:04,912810UD8,TSRYS5870973,D,S,D,2024-08-27,1000000.00,4.2311,98.578125
10:59:04,912810UD8,TSRYS5870973,D,S,D,2024-08-27,1000000.00,4.2311,98.578125
10:59:04,912810UD8,TSRYS5870973,D,S,D,2024-08-27,1000000.00,4.2311,98.578125
10:59:05,912810UD8,TSRYS5870973,D,S,T,2024-08-27,1000000.00,4.2311,98.578125
10:59:05,912810UD8,TSRYS5870973,D,S,T,2024-08-27,1000000.00,4.2311,98.578125
10:59:05,912810UD8,TSRYS5870973,D,S,T,2024-08-27,1000000.00,4.2311,98.578125
10:59:05,912810UD8,TSRYS5870973,D,S,T,2024-08-27,1000000.00,4.2311,98.578125
10:59:05,912810UD8,TSRYS5870973,D,S,T,2024-08-27,1000000.00,4.2311,98.578125
10:59:05,912810UD8,TSRYS5870973,D,S,T,2024-08-27,1000000.00,4.2311,98.578125
10:59:05,912810UD8,TSRYS5870973,D,S,T,2024-08-27,1000000.00,4.2311,98.578125
10:59:05,912810UD8,TSRYS5870973,D,S,T,2024-08-27,1000000.00,4.2311,98.578125
10:59:10,912810UD8,TSRYS5870973,D,S,D,2024-08-27,1000000.00,4.230216,98.58984375
10:59:10,912810UD8,TSRYS5870973,D,S,D,2024-08-27,1000000.00,4.230216,98.58984375
10:59:12,912810UD8,TSRYS5870973,D,S,T,2024-08-27,1000000.00,4.231112,98.577973
10:59:12,912810UD8,TSRYS5870973,D,B,A,2024-08-27,1000000.00,4.231112,98.577973
10:59:12,912810UD8,TSRYS5870973,D,S,T,2024-08-27,2000000.00,4.231112,98.577973
10:59:12,912810UD8,TSRYS5870973,D,B,A,2024-08-27,2000000.00,4.231112,98.577973
10:59:12,912810UD8,TSRYS5870973,D,S,T,2024-08-27,1000000.00,4.231112,98.577973
10:59:12,912810UD8,TSRYS5870973,D,S,T,2024-08-27,1000000.00,4.231112,98.577973
10:59:12,912810UD8,TSRYS5870973,D,B,A,2024-08-27,1000000.00,4.231112,98.577973
10:59:12,912810UD8,TSRYS5870973,D,S,T,2024-08-27,2000000.00,4.231112,98.577973
10:59:12,912810UD8,TSRYS5870973,D,B,A,2024-08-27,2000000.00,4.231112,98.577973
10:59:12,912810UD8,TSRYS5870973,D,S,T,2024-08-27,1000000.00,4.231112,98.577973
10:59:13,912810UD8,TSRYS5870973,D,B,A,2024-08-27,1000000.00,4.231112,98.577973
10:59:13,912810UD8,TSRYS5870973,D,S,T,2024-08-27,2000000.00,4.231112,98.577973
10:59:13,912810UD8,TSRYS5870973,D,B,A,2024-08-27,2000000.00,4.231112,98.577973
10:59:13,912810UD8,TSRYS5870973,D,S,T,2024-08-27,1000000.00,4.231112,98.577973
10:59:13,912810UD8,TSRYS5870973,D,B,A,2024-08-27,1000000.00,4.231112,98.577973
10:59:13,912810UD8,TSRYS5870973,D,S,T,2024-08-27,1000000.00,4.231112,98.577973
10:59:13,912810UD8,TSRYS5870973,D,B,A,2024-08-27,1000000.00,4.231112,98.577973
10:59:13,912810UD8,TSRYS5870973,D,S,T,2024-08-27,1000000.00,4.231112,98.577973
10:59:13,912810UD8,TSRYS5870973,D,B,A,2024-08-27,1000000.00,4.231112,98.577973
10:59:13,912810UD8,TSRYS5870973,D,S,T,2024-08-27,1000000.00,4.231112,98.577973
10:59:13,912810UD8,TSRYS5870973,D,B,A,2024-08-27,1000000.00,4.231112,98.577973
10:59:13,912810UD8,TSRYS5870973,D,B,A,2024-08-27,1000000.00,4.231112,98.577973
10:59:13,912810UD8,TSRYS5870973,D,S,T,2024-08-27,2000000.00,4.231112,98.577973
10:59:13,912810UD8,TSRYS5870973,D,B,A,2024-08-27,2000000.00,4.231112,98.577973
10:59:13,912810UD8,TSRYS5870973,D,S,T,2024-08-27,1000000.00,4.231112,98.577973
10:59:13,912810UD8,TSRYS5870973,D,B,A,2024-08-27,1000000.00,4.231112,98.577973
10:59:13,912810UD8,TSRYS5870973,D,S,T,2024-08-27,1000000.00,4.231112,98.577973
10:59:13,912810UD8,TSRYS5870973,D,B,A,2024-08-27,1000000.00,4.231112,98.577973
10:59:13,912810UD8,TSRYS5870973,D,S,T,2024-08-27,1000000.00,4.231112,98.577973
10:59:13,912810UD8,TSRYS5870973,D,B,A,2024-08-27,1000000.00,4.231112,98.577973
10:59:13,912810UD8,TSRYS5870973,D,S,T,2024-08-27,1000000.00,4.231112,98.577973
10:59:13,912810UD8,TSRYS5870973,D,B,A,2024-08-27,1000000.00,4.231112,98.577973
10:59:15,912810UD8,TSRYS5870973,D,S,D,2024-08-27,1000000.00,4.230216,98.58984375
10:59:15,912810UD8,TSRYS5870973,D,S,D,2024-08-27,1000000.00,4.230216,98.58984375
10:59:18,912810UD8,TSRYS5870973,D,S,D,2024-08-27,1000000.00,4.230216,98.58984375
10:59:18,912810UD8,TSRYS5870973,D,S,D,2024-08-27,1000000.00,4.230216,98.58984375
10:59:18,912810UD8,TSRYS5870973,D,S,D,2024-08-27,1000000.00,4.230216,98.58984375
10:59:18,912810UD8,TSRYS5870973,D,S,D,2024-08-27,1000000.00,4.230216,98.58984375
10:59:18,912810UD8,TSRYS5870973,D,S,D,2024-08-27,1000000.00,4.230216,98.58984375
10:59:18,912810UD8,TSRYS5870973,D,S,D,2024-08-27,1000000.00,4.230364,98.587890625
10:59:18,912810UD8,TSRYS5870973,D,S,D,2024-08-27,170000.00,4.229922,98.59375
10:59:18,912810UD8,TSRYS5870973,D,B,C,2024-08-27,1000000.00,4.230216,98.58984375
10:59:18,912810UD8,TSRYS5870973,D,B,C,2024-08-27,1000000.00,4.230364,98.587890625
10:59:18,912810UD8,TSRYS5870973,D,S,D,2024-08-27,170000.00,4.229744,98.596102941
10:59:18,912810UD8,TSRYS5870973,D,B,C,2024-08-27,1000000.00,4.230216,98.58984375
10:59:18,912810UD8,TSRYS5870973,D,S,D,2024-08-27,1000000.00,4.230216,98.58984375
10:59:18,912810UD8,TSRYS5870973,D,S,D,2024-08-27,1000000.00,4.230216,98.58984375
10:59:18,912810UD8,TSRYS5870973,D,S,D,2024-08-27,1000000.00,4.230216,98.58984375
10:59:18,912810UD8,TSRYS5870973,D,S,D,2024-08-27,1000000.00,4.230216,98.58984375
10:59:18,912810UD8,TSRYS5870973,D,S,D,2024-08-27,1000000.00,4.230216,98.58984375
10:59:18,912810UD8,TSRYS5870973,D,S,D,2024-08-27,1000000.00,4.230364,98.587890625
10:59:18,912810UD8,TSRYS5870973,D,S,D,2024-08-27,170000.00,4.229922,98.59375
10:59:18,912810UD8,TSRYS5870973,D,B,C,2024-08-27,1000000.00,4.230216,98.58984375
10:59:18,912810UD8,TSRYS5870973,D,B,C,2024-08-27,1000000.00,4.230364,98.587890625
10:59:18,912810UD8,TSRYS5870973,D,S,D,2024-08-27,170000.00,4.229744,98.596102941
10:59:18,912810UD8,TSRYS5870973,D,B,C,2024-08-27,1000000.00,4.230216,98.58984375
10:59:19,912810UD8,TSRYS5870973,D,S,D,2024-08-27,1000000.00,4.230216,98.58984375
10:59:19,912810UD8,TSRYS5870973,D,S,D,2024-08-27,1000000.00,4.230364,98.587890625
10:59:19,912810UD8,TSRYS5870973,D,S,D,2024-08-27,1000000.00,4.230216,98.58984375
10:59:19,912810UD8,TSRYS5870973,D,S,C,2024-08-27,2000000.00,4.2311,98.578125
10:59:19,912810UD8,TSRYS5870973,D,S,C,2024-08-27,1000000.00,4.231087,98.5783
10:59:19,912810UD8,TSRYS5870973,D,S,C,2024-08-27,1000000.00,4.231085,98.578325
10:59:19,912810UD8,TSRYS5870973,D,S,C,2024-08-27,1000000.00,4.231085,98.578325
10:59:19,912810UD8,TSRYS5870973,D,S,C,2024-08-27,1000000.00,4.231085,98.578325
10:59:19,912810UD8,TSRYS5870973,D,S,C,2024-08-27,1000000.00,4.2311,98.578125
10:59:19,912810UD8,TSRYS5870973,D,S,C,2024-08-27,1000000.00,4.231087,98.5783
10:59:19,912810UD8,TSRYS5870973,D,S,C,2024-08-27,1000000.00,4.2311,98.578125
10:59:19,912810UD8,TSRYS5870973,D,S,C,2024-08-27,1000000.00,4.2311,98.578125
10:59:19,912810UD8,TSRYS5870973,D,S,C,2024-08-27,1000000.00,4.231087,98.5783
10:59:19,912810UD8,TSRYS5870973,D,S,C,2024-08-27,1000000.00,4.2311,98.578125
10:59:19,912810UD8,TSRYS5870973,D,S,C,2024-08-27,1000000.00,4.231087,98.5783
10:59:19,912810UD8,TSRYS5870973,D,B,C,2024-08-27,1000000.00,4.230216,98.58984375
10:59:19,912810UD8,TSRYS5870973,D,S,C,2024-08-27,3000000.00,4.229922,98.59375
10:59:19,912810UD8,TSRYS5870973,D,S,D,2024-08-27,1000000.00,4.230216,98.58984375
10:59:19,912810UD8,TSRYS5870973,D,S,D,2024-08-27,1000000.00,4.230364,98.587890625
10:59:19,912810UD8,TSRYS5870973,D,S,D,2024-08-27,1000000.00,4.230216,98.58984375
10:59:19,912810UD8,TSRYS5870973,D,S,C,2024-08-27,2000000.00,4.2311,98.578125
10:59:19,912810UD8,TSRYS5870973,D,S,C,2024-08-27,1000000.00,4.231087,98.5783
10:59:19,912810UD8,TSRYS5870973,D,S,C,2024-08-27,1000000.00,4.231085,98.578325
10:59:19,912810UD8,TSRYS5870973,D,S,C,2024-08-27,1000000.00,4.231085,98.578325
10:59:19,912810UD8,TSRYS5870973,D,S,C,2024-08-27,1000000.00,4.231085,98.578325
10:59:19,912810UD8,TSRYS5870973,D,S,C,2024-08-27,1000000.00,4.2311,98.578125
10:59:19,912810UD8,TSRYS5870973,D,S,C,2024-08-27,1000000.00,4.231087,98.5783
10:59:19,912810UD8,TSRYS5870973,D,S,C,2024-08-27,1000000.00,4.2311,98.578125
10:59:19,912810UD8,TSRYS5870973,D,S,C,2024-08-27,1000000.00,4.2311,98.578125
10:59:19,912810UD8,TSRYS5870973,D,S,C,2024-08-27,1000000.00,4.231087,98.5783
10:59:19,912810UD8,TSRYS5870973,D,S,C,2024-08-27,1000000.00,4.2311,98.578125
10:59:19,912810UD8,TSRYS5870973,D,S,C,2024-08-27,1000000.00,4.231087,98.5783
10:59:19,912810UD8,TSRYS5870973,D,B,C,2024-08-27,1000000.00,4.230216,98.58984375
10:59:19,912810UD8,TSRYS5870973,D,S,C,2024-08-27,3000000.00,4.229922,98.59375
10:59:20,912810UD8,TSRYS5870973,D,S,D,2024-08-27,1000000.00,4.230216,98.58984375
10:59:20,912810UD8,TSRYS5870973,D,B,C,2024-08-27,1000000.00,4.230216,98.58984375
10:59:20,912810UD8,TSRYS5870973,D,S,D,2024-08-27,1000000.00,4.230216,98.58984375
10:59:20,912810UD8,TSRYS5870973,D,S,D,2024-08-27,1000000.00,4.230216,98.58984375
10:59:20,912810UD8,TSRYS5870973,D,B,C,2024-08-27,1000000.00,4.230216,98.58984375
10:59:20,912810UD8,TSRYS5870973,D,S,D,2024-08-27,1000000.00,4.230216,98.58984375
10:59:21,912810UD8,TSRYS5870973,D,S,D,2024-08-27,1000000.00,4.230216,98.58984375
10:59:21,912810UD8,TSRYS5870973,D,B,C,2024-08-27,1000000.00,4.230216,98.58984375
10:59:21,912810UD8,TSRYS5870973,D,S,D,2024-08-27,1000000.00,4.229922,98.59375
10:59:21,912810UD8,TSRYS5870973,D,B,C,2024-08-27,1000000.00,4.229922,98.59375
10:59:21,912810UD8,TSRYS5870973,D,S,D,2024-08-27,1000000.00,4.230216,98.58984375
10:59:21,912810UD8,TSRYS5870973,D,B,C,2024-08-27,1000000.00,4.230216,98.58984375
10:59:21,912810UD8,TSRYS5870973,D,S,D,2024-08-27,1000000.00,4.229922,98.59375
10:59:21,912810UD8,TSRYS5870973,D,B,C,2024-08-27,1000000.00,4.229922,98.59375
10:59:24,912810UD8,TSRYS5870973,D,S,C,2024-08-27,1000000.00,4.230364,98.587890625
10:59:24,912810UD8,TSRYS5870973,D,S,C,2024-08-27,1000000.00,4.230364,98.587890625
10:59:33,912810UD8,TSRYS5870973,D,S,T,2024-08-27,1000000.00,4.231112,98.577973
10:59:33,912810UD8,TSRYS5870973,D,B,A,2024-08-27,1000000.00,4.231112,98.577973
10:59:33,912810UD8,TSRYS5870973,D,S,T,2024-08-27,1000000.00,4.231112,98.577973
10:59:33,912810UD8,TSRYS5870973,D,B,A,2024-08-27,1000000.00,4.231112,98.577973
10:59:33,912810UD8,TSRYS5870973,D,S,T,2024-08-27,1000000.00,4.231112,98.577973
10:59:33,912810UD8,TSRYS5870973,D,B,A,2024-08-27,1000000.00,4.231112,98.577973
10:59:33,912810UD8,TSRYS5870973,D,S,T,2024-08-27,1000000.00,4.231112,98.577973
10:59:33,912810UD8,TSRYS5870973,D,B,A,2024-08-27,1000000.00,4.231112,98.577973
10:59:34,912810UD8,TSRYS5870973,D,S,T,2024-08-27,2000000.00,4.231112,98.577973
10:59:34,912810UD8,TSRYS5870973,D,B,A,2024-08-27,2000000.00,4.231112,98.577973
10:59:34,912810UD8,TSRYS5870973,D,S,T,2024-08-27,1000000.00,4.231112,98.577973
10:59:34,912810UD8,TSRYS5870973,D,B,A,2024-08-27,1000000.00,4.231112,98.577973
10:59:34,912810UD8,TSRYS5870973,D,S,T,2024-08-27,1000000.00,4.231112,98.577973
10:59:34,912810UD8,TSRYS5870973,D,B,A,2024-08-27,1000000.00,4.231112,98.577973
10:59:34,912810UD8,TSRYS5870973,D,S,T,2024-08-27,1000000.00,4.231112,98.577973
10:59:34,912810UD8,TSRYS5870973,D,B,A,2024-08-27,1000000.00,4.231112,98.577973
10:59:34,912810UD8,TSRYS5870973,D,S,T,2024-08-27,1000000.00,4.231112,98.577973
10:59:34,912810UD8,TSRYS5870973,D,B,A,2024-08-27,1000000.00,4.231112,98.577973
10:59:34,912810UD8,TSRYS5870973,D,S,T,2024-08-27,1000000.00,4.231112,98.577973
10:59:34,912810UD8,TSRYS5870973,D,B,A,2024-08-27,1000000.00,4.231112,98.577973
10:59:34,912810UD8,TSRYS5870973,D,S,T,2024-08-27,1000000.00,4.231112,98.577973
10:59:34,912810UD8,TSRYS5870973,D,S,T,2024-08-27,2000000.00,4.231112,98.577973
10:59:34,912810UD8,TSRYS5870973,D,B,A,2024-08-27,2000000.00,4.231112,98.577973
10:59:34,912810UD8,TSRYS5870973,D,S,T,2024-08-27,1000000.00,4.231112,98.577973
10:59:34,912810UD8,TSRYS5870973,D,B,A,2024-08-27,1000000.00,4.231112,98.577973
10:59:34,912810UD8,TSRYS5870973,D,S,T,2024-08-27,1000000.00,4.231112,98.577973
10:59:34,912810UD8,TSRYS5870973,D,B,A,2024-08-27,1000000.00,4.231112,98.577973
10:59:34,912810UD8,TSRYS5870973,D,S,T,2024-08-27,1000000.00,4.231112,98.577973
10:59:34,912810UD8,TSRYS5870973,D,B,A,2024-08-27,1000000.00,4.231112,98.577973
10:59:34,912810UD8,TSRYS5870973,D,S,T,2024-08-27,1000000.00,4.231112,98.577973
10:59:34,912810UD8,TSRYS5870973,D,B,A,2024-08-27,1000000.00,4.231112,98.577973
10:59:34,912810UD8,TSRYS5870973,D,S,T,2024-08-27,1000000.00,4.231112,98.577973
10:59:34,912810UD8,TSRYS5870973,D,B,A,2024-08-27,1000000.00,4.231112,98.577973
10:59:34,912810UD8,TSRYS5870973,D,S,T,2024-08-27,1000000.00,4.231112,98.577973
10:59:35,912810UD8,TSRYS5870973,D,B,A,2024-08-27,1000000.00,4.231112,98.577973
10:59:35,912810UD8,TSRYS5870973,D,S,T,2024-08-27,1000000.00,4.231112,98.577973
10:59:35,912810UD8,TSRYS5870973,D,B,A,2024-08-27,1000000.00,4.231112,98.577973
10:59:35,912810UD8,TSRYS5870973,D,S,T,2024-08-27,1000000.00,4.231112,98.577973
10:59:35,912810UD8,TSRYS5870973,D,B,A,2024-08-27,1000000.00,4.231112,98.577973
10:59:35,912810UD8,TSRYS5870973,D,S,T,2024-08-27,1000000.00,4.231112,98.577973
10:59:35,912810UD8,TSRYS5870973,D,B,A,2024-08-27,1000000.00,4.231112,98.577973
10:59:35,912810UD8,TSRYS5870973,D,S,T,2024-08-27,1000000.00,4.231112,98.577973
10:59:35,912810UD8,TSRYS5870973,D,B,A,2024-08-27,1000000.00,4.231112,98.577973
10:59:35,912810UD8,TSRYS5870973,D,S,T,2024-08-27,1000000.00,4.231112,98.577973
10:59:35,912810UD8,TSRYS5870973,D,B,A,2024-08-27,1000000.00,4.231112,98.577973
10:59:35,912810UD8,TSRYS5870973,D,B,A,2024-08-27,1000000.00,4.231112,98.577973
10:59:35,912810UD8,TSRYS5870973,D,S,T,2024-08-27,1000000.00,4.231112,98.577973
10:59:35,912810UD8,TSRYS5870973,D,B,A,2024-08-27,1000000.00,4.231112,98.577973
10:59:35,912810UD8,TSRYS5870973,D,S,T,2024-08-27,1000000.00,4.231112,98.577973
10:59:35,912810UD8,TSRYS5870973,D,B,A,2024-08-27,1000000.00,4.231112,98.577973
10:59:35,912810UD8,TSRYS5870973,D,S,T,2024-08-27,1000000.00,4.231112,98.577973
10:59:35,912810UD8,TSRYS5870973,D,B,A,2024-08-27,1000000.00,4.231112,98.577973
10:59:35,912810UD8,TSRYS5870973,D,S,T,2024-08-27,1000000.00,4.231112,98.577973
10:59:35,912810UD8,TSRYS5870973,D,B,A,2024-08-27,1000000.00,4.231112,98.577973
10:59:35,912810UD8,TSRYS5870973,D,S,T,2024-08-27,1000000.00,4.231112,98.577973
10:59:35,912810UD8,TSRYS5870973,D,B,A,2024-08-27,1000000.00,4.231112,98.577973
10:59:37,912810UD8,TSRYS5870973,D,S,C,2024-08-27,1000000.00,4.229922,98.59375
10:59:37,912810UD8,TSRYS5870973,D,B,C,2024-08-27,1000000.00,4.229937,98.59355
10:59:37,912810UD8,TSRYS5870973,D,S,C,2024-08-27,2000000.00,4.229922,98.59375
10:59:37,912810UD8,TSRYS5870973,D,S,C,2024-08-27,1000000.00,4.229922,98.59375
10:59:37,912810UD8,TSRYS5870973,D,B,C,2024-08-27,1000000.00,4.229937,98.59355
10:59:37,912810UD8,TSRYS5870973,D,S,C,2024-08-27,2000000.00,4.229922,98.59375
10:59:38,912810UD8,TSRYS5870973,D,S,C,2024-08-27,1000000.00,4.2311,98.578125
10:59:38,912810UD8,TSRYS5870973,D,S,D,2024-08-27,1000000.00,4.2311,98.578125
10:59:38,912810UD8,TSRYS5870973,D,S,C,2024-08-27,1000000.00,4.2311,98.578125
10:59:38,912810UD8,TSRYS5870973,D,S,C,2024-08-27,1000000.00,4.2311,98.578125
10:59:38,912810UD8,TSRYS5870973,D,S,D,2024-08-27,1000000.00,4.2311,98.578125
10:59:38,912810UD8,TSRYS5870973,D,S,C,2024-08-27,1000000.00,4.2311,98.578125
10:59:40,912810UD8,TSRYS5870973,D,S,T,2024-08-27,1000000.00,4.228744,98.609375
10:59:40,912810UD8,TSRYS5870973,D,S,T,2024-08-27,1000000.00,4.228744,98.609375
10:59:41,912810UD8,TSRYS5870973,D,S,D,2024-08-27,1000000.00,4.228744,98.609375
10:59:41,912810UD8,TSRYS5870973,D,S,T,2024-08-27,1000000.00,4.228744,98.609375
10:59:41,912810UD8,TSRYS5870973,D,S,D,2024-08-27,1000000.00,4.228744,98.609375
10:59:41,912810UD8,TSRYS5870973,D,S,T,2024-08-27,1000000.00,4.228744,98.609375
10:59:43,912810UD8,TSRYS5870973,D,S,T,2024-08-27,1000000.00,4.228744,98.609375
10:59:43,912810UD8,TSRYS5870973,D,S,T,2024-08-27,1000000.00,4.228744,98.609375
10:59:43,912810UD8,TSRYS5870973,D,S,D,2024-08-27,1000000.00,4.230216,98.58984375
10:59:43,912810UD8,TSRYS5870973,D,S,T,2024-08-27,1000000.00,4.228744,98.609375
10:59:43,912810UD8,TSRYS5870973,D,S,T,2024-08-27,1000000.00,4.228744,98.609375
10:59:43,912810UD8,TSRYS5870973,D,S,T,2024-08-27,1000000.00,4.228744,98.609375
10:59:43,912810UD8,TSRYS5870973,D,S,T,2024-08-27,1000000.00,4.228744,98.609375
10:59:43,912810UD8,TSRYS5870973,D,S,T,2024-08-27,1000000.00,4.228744,98.609375
10:59:43,912810UD8,TSRYS5870973,D,S,D,2024-08-27,1000000.00,4.230216,98.58984375
10:59:43,912810UD8,TSRYS5870973,D,S,T,2024-08-27,1000000.00,4.228744,98.609375
10:59:43,912810UD8,TSRYS5870973,D,S,T,2024-08-27,1000000.00,4.228744,98.609375
10:59:43,912810UD8,TSRYS5870973,D,S,T,2024-08-27,1000000.00,4.228744,98.609375
10:59:44,912810UD8,TSRYS5870973,D,B,C,2024-08-27,1285000.00,4.229922,98.59375
10:59:44,912810UD8,TSRYS5870973,D,B,C,2024-08-27,1285000.00,4.229922,98.59375
10:59:45,912810UD8,TSRYS5870973,D,S,T,2024-08-27,3000000.00,4.229933,98.593598
10:59:45,912810UD8,TSRYS5870973,D,B,A,2024-08-27,3000000.00,4.229933,98.593598
10:59:45,912810UD8,TSRYS5870973,D,S,T,2024-08-27,1000000.00,4.230364,98.58789062
10:59:45,912810UD8,TSRYS5870973,D,S,T,2024-08-27,2000000.00,4.229933,98.593598
10:59:45,912810UD8,TSRYS5870973,D,B,A,2024-08-27,2000000.00,4.229933,98.593598
10:59:45,912810UD8,TSRYS5870973,D,S,T,2024-08-27,3000000.00,4.229933,98.593598
10:59:45,912810UD8,TSRYS5870973,D,B,A,2024-08-27,3000000.00,4.229933,98.593598
10:59:45,912810UD8,TSRYS5870973,D,S,T,2024-08-27,1000000.00,4.230364,98.58789062
10:59:45,912810UD8,TSRYS5870973,D,S,T,2024-08-27,2000000.00,4.229933,98.593598
10:59:45,912810UD8,TSRYS5870973,D,B,A,2024-08-27,2000000.00,4.229933,98.593598
10:59:52,912810UD8,TSRYS5870973,D,S,D,2024-08-27,1000000.00,4.229922,98.59375
10:59:52,912810UD8,TSRYS5870973,D,S,D,2024-08-27,1000000.00,4.229922,98.59375
10:59:52,912810UD8,TSRYS5870973,D,S,D,2024-08-27,1000000.00,4.229922,98.59375
10:59:52,912810UD8,TSRYS5870973,D,S,D,2024-08-27,1000000.00,4.229922,98.59375
10:59:54,912810UD8,TSRYS5870973,D,S,T,2024-08-27,1000000.00,4.228744,98.609375
10:59:54,912810UD8,TSRYS5870973,D,S,T,2024-08-27,1000000.00,4.228744,98.609375
10:59:55,912810UD8,TSRYS5870973,D,S,T,2024-08-27,1000000.00,4.228744,98.609375
10:59:55,912810UD8,TSRYS5870973,D,S,T,2024-08-27,1000000.00,4.228744,98.609375
10:59:56,912810UD8,TSRYS5870973,D,S,T,2024-08-27,1000000.00,4.228744,98.609375
10:59:56,912810UD8,TSRYS5870973,D,B,C,2024-08-27,50MM+,4.161993,99.5
10:59:56,912810UD8,TSRYS5870973,D,S,T,2024-08-27,1000000.00,4.228744,98.609375
10:59:56,912810UD8,TSRYS5870973,D,S,T,2024-08-27,1000000.00,4.228744,98.609375
10:59:56,912810UD8,TSRYS5870973,D,S,T,2024-08-27,1000000.00,4.228744,98.609375
10:59:56,912810UD8,TSRYS5870973,D,B,C,2024-08-27,50MM+,4.161993,99.5
10:59:56,912810UD8,TSRYS5870973,D,S,T,2024-08-27,1000000.00,4.228744,98.609375
10:59:56,912810UD8,TSRYS5870973,D,S,T,2024-08-27,1000000.00,4.228744,98.609375
10:59:59,912810UD8,TSRYS5870973,D,S,C,2024-08-27,1000000.00,4.230216,98.58984375
10:59:59,912810UD8,TSRYS5870973,D,S,C,2024-08-27,1000000.00,4.230216,98.58984375
11:00:01,912810UD8,TSRYS5870973,D,S,D,2024-08-27,65000.00,4.22786,98.62109375
11:00:01,912810UD8,TSRYS5870973,D,S,D,2024-08-27,65000.00,4.22786,98.62109375
11:00:02,912810UD8,TSRYS5870973,D,S,D,2024-08-27,810000.00,4.228118,98.617681327
11:00:02,912810UD8,TSRYS5870973,D,S,D,2024-08-27,65000.00,4.22786,98.62109375
11:00:02,912810UD8,TSRYS5870973,D,S,D,2024-08-27,810000.00,4.228155,98.6171875
11:00:02,912810UD8,TSRYS5870973,D,S,D,2024-08-27,810000.00,4.228118,98.617681327
11:00:02,912810UD8,TSRYS5870973,D,S,D,2024-08-27,65000.00,4.22786,98.62109375
11:00:02,912810UD8,TSRYS5870973,D,S,D,2024-08-27,810000.00,4.228155,98.6171875
11:00:03,912810UD8,TSRYS5870973,D,S,D,2024-08-27,2000000.00,4.229627,98.59765625
11:00:03,912810UD8,TSRYS5870973,D,S,C,2024-08-27,2000000.00,4.229627,98.59765625
11:00:03,912810UD8,TSRYS5870973,D,S,D,2024-08-27,1000000.00,4.229038,98.60546875
11:00:03,912810UD8,TSRYS5870973,D,B,C,2024-08-27,1000000.00,4.229038,98.60546875
11:00:03,912810UD8,TSRYS5870973,D,S,D,2024-08-27,2000000.00,4.229627,98.59765625
11:00:03,912810UD8,TSRYS5870973,D,S,C,2024-08-27,2000000.00,4.229627,98.59765625
11:00:03,912810UD8,TSRYS5870973,D,S,D,2024-08-27,1000000.00,4.229038,98.60546875
11:00:03,912810UD8,TSRYS5870973,D,B,C,2024-08-27,1000000.00,4.229038,98.60546875
11:00:11,912810UD8,TSRYS5870973,D,S,A,2024-08-27,9000.00,4.230481,98.64189305556
11:00:11,912810UD8,TSRYS5870973,D,S,A,2024-08-27,9000.00,4.230481,98.64189305556
11:00:15,912810UD8,TSRYS5870973,D,S,T,2024-08-27,1000000.00,4.229933,98.593598
11:00:15,912810UD8,TSRYS5870973,D,B,A,2024-08-27,1000000.00,4.229933,98.593598
11:00:15,912810UD8,TSRYS5870973,D,S,T,2024-08-27,1000000.00,4.229933,98.593598
11:00:15,912810UD8,TSRYS5870973,D,B,A,2024-08-27,1000000.00,4.229933,98.593598
11:00:15,912810UD8,TSRYS5870973,D,S,T,2024-08-27,1000000.00,4.229933,98.593598
11:00:15,912810UD8,TSRYS5870973,D,B,A,2024-08-27,1000000.00,4.229933,98.593598
11:00:15,912810UD8,TSRYS5870973,D,S,T,2024-08-27,1000000.00,4.229933,98.593598
11:00:15,912810UD8,TSRYS5870973,D,B,A,2024-08-27,1000000.00,4.229933,98.593598
11:00:16,912810UD8,TSRYS5870973,D,S,T,2024-08-27,1000000.00,4.2311,98.578125
11:00:16,912810UD8,TSRYS5870973,D,S,T,2024-08-27,1000000.00,4.2311,98.578125
11:00:16,912810UD8,TSRYS5870973,D,S,T,2024-08-27,1000000.00,4.2311,98.578125
11:00:16,912810UD8,TSRYS5870973,D,S,T,2024-08-27,1000000.00,4.2311,98.578125
11:00:16,912810UD8,TSRYS5870973,D,S,T,2024-08-27,1000000.00,4.2311,98.578125
11:00:16,912810UD8,TSRYS5870973,D,S,T,2024-08-27,1000000.00,4.2311,98.578125
11:00:16,912810UD8,TSRYS5870973,D,S,T,2024-08-27,1000000.00,4.2311,98.578125
11:00:16,912810UD8,TSRYS5870973,D,S,T,2024-08-27,1000000.00,4.2311,98.578125
11:00:16,912810UD8,TSRYS5870973,D,S,T,2024-08-27,1000000.00,4.2311,98.578125
11:00:16,912810UD8,TSRYS5870973,D,S,T,2024-08-27,1000000.00,4.2311,98.578125
11:00:16,912810UD8,TSRYS5870973,D,S,T,2024-08-27,1000000.00,4.2311,98.578125
11:00:16,912810UD8,TSRYS5870973,D,S,T,2024-08-27,1000000.00,4.2311,98.578125
11:00:16,912810UD8,TSRYS5870973,D,S,T,2024-08-27,1000000.00,4.2311,98.578125
11:00:16,912810UD8,TSRYS5870973,D,S,T,2024-08-27,1000000.00,4.2311,98.578125
11:00:16,912810UD8,TSRYS5870973,D,S,T,2024-08-27,1000000.00,4.2311,98.578125
11:00:16,912810UD8,TSRYS5870973,D,S,T,2024-08-27,1000000.00,4.2311,98.578125
11:00:16,912810UD8,TSRYS5870973,D,S,T,2024-08-27,1000000.00,4.2311,98.578125
11:00:16,912810UD8,TSRYS5870973,D,S,T,2024-08-27,1000000.00,4.2311,98.578125
11:00:16,912810UD8,TSRYS5870973,D,S,T,2024-08-27,1000000.00,4.2311,98.578125
11:00:16,912810UD8,TSRYS5870973,D,S,T,2024-08-27,1000000.00,4.2311,98.578125
11:00:16,912810UD8,TSRYS5870973,D,S,T,2024-08-27,1000000.00,4.2311,98.578125
11:00:16,912810UD8,TSRYS5870973,D,S,T,2024-08-27,1000000.00,4.2311,98.578125
11:00:16,912810UD8,TSRYS5870973,D,S,T,2024-08-27,1000000.00,4.2311,98.578125
11:00:16,912810UD8,TSRYS5870973,D,S,T,2024-08-27,1000000.00,4.2311,98.578125
11:00:16,912810UD8,TSRYS5870973,D,S,T,2024-08-27,1000000.00,4.2311,98.578125
11:00:16,912810UD8,TSRYS5870973,D,S,T,2024-08-27,1000000.00,4.2311,98.578125
11:00:16,912810UD8,TSRYS5870973,D,S,T,2024-08-27,1000000.00,4.2311,98.578125
11:00:16,912810UD8,TSRYS5870973,D,S,T,2024-08-27,1000000.00,4.2311,98.578125
11:00:16,912810UD8,TSRYS5870973,D,S,T,2024-08-27,1000000.00,4.2311,98.578125
11:00:16,912810UD8,TSRYS5870973,D,S,T,2024-08-27,1000000.00,4.2311,98.578125
11:00:16,912810UD8,TSRYS5870973,D,S,T,2024-08-27,1000000.00,4.2311,98.578125
11:00:16,912810UD8,TSRYS5870973,D,S,T,2024-08-27,1000000.00,4.2311,98.578125
11:00:16,912810UD8,TSRYS5870973,D,S,T,2024-08-27,1000000.00,4.2311,98.578125
11:00:16,912810UD8,TSRYS5870973,D,S,T,2024-08-27,1000000.00,4.2311,98.578125
11:00:16,912810UD8,TSRYS5870973,D,S,T,2024-08-27,1000000.00,4.2311,98.578125
11:00:16,912810UD8,TSRYS5870973,D,S,T,2024-08-27,1000000.00,4.2311,98.578125
11:00:16,912810UD8,TSRYS5870973,D,S,T,2024-08-27,1000000.00,4.2311,98.578125
11:00:16,912810UD8,TSRYS5870973,D,S,T,2024-08-27,1000000.00,4.2311,98.578125
11:00:17,912810UD8,TSRYS5870973,D,S,D,2024-08-27,1000000.00,4.2311,98.578125
11:00:17,912810UD8,TSRYS5870973,D,S,D,2024-08-27,9000.00,4.230481,98.5863375
11:00:17,912810UD8,TSRYS5870973,D,S,D,2024-08-27,1000000.00,4.2311,98.578125
11:00:17,912810UD8,TSRYS5870973,D,S,D,2024-08-27,9000.00,4.230481,98.5863375
11:00:18,912810UD8,TSRYS5870973,D,S,D,2024-08-27,7791000.00,4.232279,98.5625
11:00:18,912810UD8,TSRYS5870973,D,S,D,2024-08-27,885000.00,4.2311,98.578125
11:00:18,912810UD8,TSRYS5870973,D,S,D,2024-08-27,1000000.00,4.2311,98.578125
11:00:18,912810UD8,TSRYS5870973,D,S,D,2024-08-27,1000000.00,4.2311,98.578125
11:00:18,912810UD8,TSRYS5870973,D,S,D,2024-08-27,7791000.00,4.232279,98.5625
11:00:18,912810UD8,TSRYS5870973,D,S,D,2024-08-27,885000.00,4.2311,98.578125
11:00:18,912810UD8,TSRYS5870973,D,S,D,2024-08-27,1000000.00,4.2311,98.578125
11:00:18,912810UD8,TSRYS5870973,D,S,D,2024-08-27,1000000.00,4.2311,98.578125
11:00:19,912810UD8,TSRYS5870973,D,S,D,2024-08-27,885000.00,4.231066,98.578576977
11:00:19,912810UD8,TSRYS5870973,D,S,D,2024-08-27,4422000.00,4.232279,98.5625
11:00:19,912810UD8,TSRYS5870973,D,B,C,2024-08-27,20000.00,4.230511,98.5859375
11:00:19,912810UD8,TSRYS5870973,D,S,D,2024-08-27,1000000.00,4.2311,98.578125
11:00:19,912810UD8,TSRYS5870973,D,S,D,2024-08-27,885000.00,4.231066,98.578576977
11:00:19,912810UD8,TSRYS5870973,D,S,D,2024-08-27,4422000.00,4.232279,98.5625
11:00:19,912810UD8,TSRYS5870973,D,B,C,2024-08-27,20000.00,4.230511,98.5859375
11:00:19,912810UD8,TSRYS5870973,D,S,D,2024-08-27,1000000.00,4.2311,98.578125
11:00:20,912810UD8,TSRYS5870973,D,S,D,2024-08-27,1000000.00,4.2311,98.578125
11:00:20,912810UD8,TSRYS5870973,D,S,D,2024-08-27,1000000.00,4.2311,98.578125
11:00:20,912810UD8,TSRYS5870973,D,S,D,2024-08-27,1000000.00,4.2311,98.578125
11:00:20,912810UD8,TSRYS5870973,D,S,D,2024-08-27,1000000.00,4.2311,98.578125
11:00:20,912810UD8,TSRYS5870973,D,S,D,2024-08-27,1000000.00,4.2311,98.578125
11:00:20,912810UD8,TSRYS5870973,D,S,D,2024-08-27,1000000.00,4.2311,98.578125
11:00:21,912810UD8,TSRYS5870973,D,S,D,2024-08-27,1000000.00,4.2311,98.578125
11:00:21,912810UD8,TSRYS5870973,D,S,D,2024-08-27,1000000.00,4.2311,98.578125
11:00:21,912810UD8,TSRYS5870973,D,S,D,2024-08-27,1000000.00,4.2311,98.578125
11:00:21,912810UD8,TSRYS5870973,D,S,D,2024-08-27,1000000.00,4.2311,98.578125
11:00:22,912810UD8,TSRYS5870973,D,S,D,2024-08-27,1000000.00,4.2311,98.578125
11:00:22,912810UD8,TSRYS5870973,D,S,D,2024-08-27,1000000.00,4.2311,98.578125
11:00:22,912810UD8,TSRYS5870973,D,S,D,2024-08-27,1000000.00,4.2311,98.578125
11:00:22,912810UD8,TSRYS5870973,D,S,D,2024-08-27,1000000.00,4.2311,98.578125
11:00:22,912810UD8,TSRYS5870973,D,S,D,2024-08-27,1000000.00,4.2311,98.578125
11:00:22,912810UD8,TSRYS5870973,D,S,D,2024-08-27,1000000.00,4.2311,98.578125
11:00:23,912810UD8,TSRYS5870973,D,S,D,2024-08-27,5019000.00,4.2311,98.578125
11:00:23,912810UD8,TSRYS5870973,D,S,D,2024-08-27,98000.00,4.2311,98.578125
11:00:23,912810UD8,TSRYS5870973,D,S,D,2024-08-27,1000000.00,4.2311,98.578125
11:00:23,912810UD8,TSRYS5870973,D,S,C,2024-08-27,1000000.00,4.232279,98.5625
11:00:23,912810UD8,TSRYS5870973,D,S,D,2024-08-27,11464000.00,4.232279,98.5625
11:00:23,912810UD8,TSRYS5870973,D,S,D,2024-08-27,1000000.00,4.2311,98.578125
11:00:23,912810UD8,TSRYS5870973,D,S,D,2024-08-27,1000000.00,4.2311,98.578125
11:00:23,912810UD8,TSRYS5870973,D,S,D,2024-08-27,1000000.00,4.2311,98.578125
11:00:23,912810UD8,TSRYS5870973,D,S,D,2024-08-27,5019000.00,4.2311,98.578125
11:00:23,912810UD8,TSRYS5870973,D,S,D,2024-08-27,98000.00,4.2311,98.578125
11:00:23,912810UD8,TSRYS5870973,D,S,D,2024-08-27,1000000.00,4.2311,98.578125
11:00:23,912810UD8,TSRYS5870973,D,S,C,2024-08-27,1000000.00,4.232279,98.5625
11:00:23,912810UD8,TSRYS5870973,D,S,D,2024-08-27,11464000.00,4.232279,98.5625
11:00:23,912810UD8,TSRYS5870973,D,S,D,2024-08-27,1000000.00,4.2311,98.578125
11:00:23,912810UD8,TSRYS5870973,D,S,D,2024-08-27,1000000.00,4.2311,98.578125
11:00:23,912810UD8,TSRYS5870973,D,S,D,2024-08-27,1000000.00,4.2311,98.578125
11:00:24,912810UD8,TSRYS5870973,D,S,D,2024-08-27,1000000.00,4.2311,98.578125
11:00:24,912810UD8,TSRYS5870973,D,S,D,2024-08-27,1000000.00,4.2311,98.578125
11:00:24,912810UD8,TSRYS5870973,D,S,D,2024-08-27,1000000.00,4.2311,98.578125
11:00:24,912810UD8,TSRYS5870973,D,B,C,2024-08-27,2000000.00,4.2311,98.578125
11:00:24,912810UD8,TSRYS5870973,D,S,D,2024-08-27,1000000.00,4.2311,98.578125
11:00:24,912810UD8,TSRYS5870973,D,S,D,2024-08-27,1000000.00,4.2311,98.578125
11:00:24,912810UD8,TSRYS5870973,D,S,D,2024-08-27,1000000.00,4.2311,98.578125
11:00:24,912810UD8,TSRYS5870973,D,B,C,2024-08-27,2000000.00,4.2311,98.578125
11:00:25,912810UD8,TSRYS5870973,D,S,D,2024-08-27,1000000.00,4.2311,98.578125
11:00:25,912810UD8,TSRYS5870973,D,S,D,2024-08-27,1000000.00,4.2311,98.578125
11:00:25,912810UD8,TSRYS5870973,D,B,C,2024-08-27,1000000.00,4.2311,98.578125
11:00:25,912810UD8,TSRYS5870973,D,S,T,2024-08-27,1000000.00,4.232279,98.5625
11:00:25,912810UD8,TSRYS5870973,D,S,D,2024-08-27,1000000.00,4.2311,98.578125
11:00:25,912810UD8,TSRYS5870973,D,S,T,2024-08-27,1000000.00,4.232131,98.564453125
11:00:25,912810UD8,TSRYS5870973,D,S,D,2024-08-27,1000000.00,4.2311,98.578125
11:00:25,912810UD8,TSRYS5870973,D,S,T,2024-08-27,1000000.00,4.232279,98.5625
11:00:25,912810UD8,TSRYS5870973,D,S,T,2024-08-27,1000000.00,4.232279,98.5625
11:00:25,912810UD8,TSRYS5870973,D,B,C,2024-08-27,1000000.00,4.2311,98.578125
11:00:25,912810UD8,TSRYS5870973,D,S,T,2024-08-27,1000000.00,4.232279,98.5625
11:00:25,912810UD8,TSRYS5870973,D,S,D,2024-08-27,1000000.00,4.2311,98.578125
11:00:25,912810UD8,TSRYS5870973,D,S,D,2024-08-27,1000000.00,4.2311,98.578125
11:00:25,912810UD8,TSRYS5870973,D,B,C,2024-08-27,1000000.00,4.2311,98.578125
11:00:25,912810UD8,TSRYS5870973,D,S,T,2024-08-27,1000000.00,4.232279,98.5625
11:00:25,912810UD8,TSRYS5870973,D,S,D,2024-08-27,1000000.00,4.2311,98.578125
11:00:25,912810UD8,TSRYS5870973,D,S,T,2024-08-27,1000000.00,4.232131,98.564453125
11:00:25,912810UD8,TSRYS5870973,D,S,D,2024-08-27,1000000.00,4.2311,98.578125
11:00:25,912810UD8,TSRYS5870973,D,S,T,2024-08-27,1000000.00,4.232279,98.5625
11:00:25,912810UD8,TSRYS5870973,D,S,T,2024-08-27,1000000.00,4.232279,98.5625
11:00:25,912810UD8,TSRYS5870973,D,B,C,2024-08-27,1000000.00,4.2311,98.578125
11:00:25,912810UD8,TSRYS5870973,D,S,T,2024-08-27,1000000.00,4.232279,98.5625
11:00:26,912810UD8,TSRYS5870973,D,S,C,2024-08-27,1000000.00,4.232131,98.564453125
11:00:26,912810UD8,TSRYS5870973,D,S,C,2024-08-27,1000000.00,4.232131,98.564453125
11:00:35,912810UD8,TSRYS5870973,D,S,D,2024-08-27,1000000.00,4.228744,98.609375
11:00:35,912810UD8,TSRYS5870973,D,S,C,2024-08-27,1000000.00,4.228744,98.609375
11:00:35,912810UD8,TSRYS5870973,D,S,D,2024-08-27,1000000.00,4.229922,98.59375
11:00:35,912810UD8,TSRYS5870973,D,S,C,2024-08-27,1000000.00,4.229922,98.59375
11:00:35,912810UD8,TSRYS5870973,D,S,D,2024-08-27,1000000.00,4.232573,98.55859375
11:00:35,912810UD8,TSRYS5870973,D,S,D,2024-08-27,1000000.00,4.228744,98.609375
11:00:35,912810UD8,TSRYS5870973,D,S,C,2024-08-27,1000000.00,4.228744,98.609375
11:00:35,912810UD8,TSRYS5870973,D,S,C,2024-08-27,1000000.00,4.229922,98.59375
11:00:35,912810UD8,TSRYS5870973,D,S,D,2024-08-27,1000000.00,4.228744,98.609375
11:00:35,912810UD8,TSRYS5870973,D,S,C,2024-08-27,1000000.00,4.228744,98.609375
11:00:35,912810UD8,TSRYS5870973,D,S,D,2024-08-27,1000000.00,4.229922,98.59375
11:00:35,912810UD8,TSRYS5870973,D,S,C,2024-08-27,1000000.00,4.229922,98.59375
11:00:35,912810UD8,TSRYS5870973,D,S,D,2024-08-27,1000000.00,4.232573,98.55859375
11:00:35,912810UD8,TSRYS5870973,D,S,D,2024-08-27,1000000.00,4.228744,98.609375
11:00:35,912810UD8,TSRYS5870973,D,S,C,2024-08-27,1000000.00,4.228744,98.609375
11:00:35,912810UD8,TSRYS5870973,D,S,C,2024-08-27,1000000.00,4.229922,98.59375
11:00:36,912810UD8,TSRYS5870973,D,S,D,2024-08-27,1000000.00,4.232279,98.5625
11:00:36,912810UD8,TSRYS5870973,D,S,T,2024-08-27,1000000.00,4.232573,98.55859375
11:00:36,912810UD8,TSRYS5870973,D,S,D,2024-08-27,4368000.00,4.232279,98.5625
11:00:36,912810UD8,TSRYS5870973,D,S,D,2024-08-27,1000000.00,4.232279,98.5625
11:00:36,912810UD8,TSRYS5870973,D,S,T,2024-08-27,1000000.00,4.232573,98.55859375
11:00:36,912810UD8,TSRYS5870973,D,S,D,2024-08-27,4368000.00,4.232279,98.5625
11:00:41,912810UD8,TSRYS5870973,D,S,D,2024-08-27,1000000.00,4.232426,98.560546875
11:00:41,912810UD8,TSRYS5870973,D,S,D,2024-08-27,1000000.00,4.232426,98.560546875
11:00:43,912810UD8,TSRYS5870973,D,S,D,2024-08-27,1000000.00,4.232279,98.5625
11:00:43,912810UD8,TSRYS5870973,D,S,D,2024-08-27,1000000.00,4.232279,98.5625
11:00:43,912810UD8,TSRYS5870973,D,S,D,2024-08-27,1000000.00,4.232279,98.5625
11:00:43,912810UD8,TSRYS5870973,D,S,D,2024-08-27,1000000.00,4.232279,98.5625
11:00:50,912810UD8,TSRYS5870973,D,B,C,2024-08-27,1000000.00,4.228744,98.609375
11:00:50,912810UD8,TSRYS5870973,D,S,C,2024-08-27,1000000.00,4.228744,98.609375
11:00:50,912810UD8,TSRYS5870973,D,B,C,2024-08-27,1000000.00,4.228759,98.609175
11:00:50,912810UD8,TSRYS5870973,D,S,C,2024-08-27,1000000.00,4.228744,98.609375
11:00:50,912810UD8,TSRYS5870973,D,S,D,2024-08-27,1000000.00,4.228744,98.609375
11:00:50,912810UD8,TSRYS5870973,D,S,C,2024-08-27,1000000.00,4.228732,98.609525
11:00:50,912810UD8,TSRYS5870973,D,S,D,2024-08-27,1000000.00,4.228744,98.609375
11:00:50,912810UD8,TSRYS5870973,D,B,C,2024-08-27,1000000.00,4.228744,98.609375
11:00:50,912810UD8,TSRYS5870973,D,S,C,2024-08-27,1000000.00,4.228744,98.609375
11:00:50,912810UD8,TSRYS5870973,D,B,C,2024-08-27,1000000.00,4.228759,98.609175
11:00:50,912810UD8,TSRYS5870973,D,S,C,2024-08-27,1000000.00,4.228744,98.609375
11:00:50,912810UD8,TSRYS5870973,D,S,D,2024-08-27,1000000.00,4.228744,98.609375
11:00:50,912810UD8,TSRYS5870973,D,S,C,2024-08-27,1000000.00,4.228732,98.609525
11:00:50,912810UD8,TSRYS5870973,D,S,D,2024-08-27,1000000.00,4.228744,98.609375
11:00:51,912810UD8,TSRYS5870973,D,S,C,2024-08-27,1000000.00,4.232279,98.5625
11:00:51,912810UD8,TSRYS5870973,D,S,C,2024-08-27,1000000.00,4.232279,98.5625
11:00:55,912810UD8,TSRYS5870973,D,S,T,2024-08-27,1000000.00,4.2311,98.578125
11:00:55,912810UD8,TSRYS5870973,D,S,T,2024-08-27,1000000.00,4.2311,98.578125
11:00:55,912810UD8,TSRYS5870973,D,S,T,2024-08-27,1000000.00,4.2311,98.578125
11:00:55,912810UD8,TSRYS5870973,D,S,T,2024-08-27,1000000.00,4.2311,98.578125
11:00:56,912810UD8,TSRYS5870973,D,S,T,2024-08-27,1000000.00,4.2311,98.578125
11:00:56,912810UD8,TSRYS5870973,D,S,T,2024-08-27,1000000.00,4.229933,98.593598
11:00:56,912810UD8,TSRYS5870973,D,B,A,2024-08-27,1000000.00,4.229933,98.593598
11:00:56,912810UD8,TSRYS5870973,D,S,T,2024-08-27,1000000.00,4.229933,98.593598
11:00:56,912810UD8,TSRYS5870973,D,B,A,2024-08-27,1000000.00,4.229933,98.593598
11:00:56,912810UD8,TSRYS5870973,D,S,T,2024-08-27,1000000.00,4.2311,98.578125
11:00:56,912810UD8,TSRYS5870973,D,S,T,2024-08-27,1000000.00,4.2311,98.578125
11:00:56,912810UD8,TSRYS5870973,D,S,T,2024-08-27,1000000.00,4.229933,98.593598
11:00:56,912810UD8,TSRYS5870973,D,B,A,2024-08-27,1000000.00,4.229933,98.593598
11:00:56,912810UD8,TSRYS5870973,D,S,T,2024-08-27,1000000.00,4.229933,98.593598
11:00:56,912810UD8,TSRYS5870973,D,B,A,2024-08-27,1000000.00,4.229933,98.593598
11:00:56,912810UD8,TSRYS5870973,D,S,T,2024-08-27,1000000.00,4.2311,98.578125
11:00:57,912810UD8,TSRYS5870973,D,S,T,2024-08-27,1000000.00,4.2311,98.578125
11:00:57,912810UD8,TSRYS5870973,D,S,T,2024-08-27,1000000.00,4.2311,98.578125
11:01:05,912810UD8,TSRYS5870973,D,S,D,2024-08-27,1000000.00,4.232279,98.5625
11:01:05,912810UD8,TSRYS5870973,D,S,D,2024-08-27,1000000.00,4.232279,98.5625
11:01:06,912810UD8,TSRYS5870973,D,S,D,2024-08-27,1000000.00,4.228744,98.609375
11:01:06,912810UD8,TSRYS5870973,D,S,D,2024-08-27,1000000.00,4.228744,98.609375
11:01:06,912810UD8,TSRYS5870973,D,S,C,2024-08-27,1000000.00,4.228744,98.609375
11:01:06,912810UD8,TSRYS5870973,D,S,T,2024-08-27,1000000.00,4.229933,98.593598
11:01:06,912810UD8,TSRYS5870973,D,B,A,2024-08-27,1000000.00,4.229933,98.593598
11:01:06,912810UD8,TSRYS5870973,D,S,C,2024-08-27,1000000.00,4.232279,98.5625
11:01:06,912810UD8,TSRYS5870973,D,S,C,2024-08-27,1000000.00,4.232263,98.5627
11:01:06,912810UD8,TSRYS5870973,D,S,D,2024-08-27,1000000.00,4.232279,98.5625
11:01:06,912810UD8,TSRYS5870973,D,S,D,2024-08-27,1000000.00,4.232279,98.5625
11:01:06,912810UD8,TSRYS5870973,D,S,D,2024-08-27,1000000.00,4.228744,98.609375
11:01:06,912810UD8,TSRYS5870973,D,S,D,2024-08-27,1000000.00,4.228744,98.609375
11:01:06,912810UD8,TSRYS5870973,D,S,C,2024-08-27,1000000.00,4.228744,98.609375
11:01:06,912810UD8,TSRYS5870973,D,S,T,2024-08-27,1000000.00,4.229933,98.593598
11:01:06,912810UD8,TSRYS5870973,D,B,A,2024-08-27,1000000.00,4.229933,98.593598
11:01:06,912810UD8,TSRYS5870973,D,S,C,2024-08-27,1000000.00,4.232279,98.5625
11:01:06,912810UD8,TSRYS5870973,D,S,C,2024-08-27,1000000.00,4.232263,98.5627
11:01:06,912810UD8,TSRYS5870973,D,S,D,2024-08-27,1000000.00,4.232279,98.5625
11:01:06,912810UD8,TSRYS5870973,D,S,D,2024-08-27,1000000.00,4.232279,98.5625
11:01:07,912810UD8,TSRYS5870973,D,S,D,2024-08-27,1000000.00,4.232279,98.5625
11:01:07,912810UD8,TSRYS5870973,D,S,D,2024-08-27,1000000.00,4.232279,98.5625
11:01:10,912810UD8,TSRYS5870973,D,S,D,2024-08-27,1000000.00,4.232279,98.5625
11:01:10,912810UD8,TSRYS5870973,D,S,D,2024-08-27,1000000.00,4.232279,98.5625
11:01:11,912810UD8,TSRYS5870973,D,S,D,2024-08-27,1000000.00,4.232279,98.5625
11:01:11,912810UD8,TSRYS5870973,D,B,C,2024-08-27,1000000.00,4.232279,98.5625
11:01:11,912810UD8,TSRYS5870973,D,S,D,2024-08-27,1000000.00,4.232279,98.5625
11:01:11,912810UD8,TSRYS5870973,D,B,C,2024-08-27,1000000.00,4.232279,98.5625
11:01:12,912810UD8,TSRYS5870973,D,S,C,2024-08-27,20000000.00,4.232868,98.5546875
11:01:12,912810UD8,TSRYS5870973,D,B,C,2024-08-27,1000000.00,4.232279,98.5625
11:01:12,912810UD8,TSRYS5870973,D,S,C,2024-08-27,20000000.00,4.232868,98.5546875
11:01:12,912810UD8,TSRYS5870973,D,B,C,2024-08-27,1000000.00,4.232279,98.5625
11:01:15,912810UD8,TSRYS5870973,D,S,T,2024-08-27,1000000.00,4.230364,98.58789062
11:01:15,912810UD8,TSRYS5870973,D,S,T,2024-08-27,1000000.00,4.230364,98.58789062
11:01:16,912810UD8,TSRYS5870973,D,S,D,2024-08-27,1000000.00,4.232279,98.5625
11:01:16,912810UD8,TSRYS5870973,D,S,D,2024-08-27,1000000.00,4.232279,98.5625
11:01:24,912810UD8,TSRYS5870973,D,B,C,2024-08-27,1000000.00,4.232279,98.5625
11:01:24,912810UD8,TSRYS5870973,D,B,C,2024-08-27,1000000.00,4.232279,98.5625
11:01:28,912810UD8,TSRYS5870973,D,S,C,2024-08-27,50MM+,4.161993,99.5
11:01:28,912810UD8,TSRYS5870973,D,S,C,2024-08-27,50MM+,4.161993,99.5
11:01:37,912810UD8,TSRYS5870973,D,B,C,2024-08-27,1000000.00,4.228744,98.609375
11:01:37,912810UD8,TSRYS5870973,D,S,C,2024-08-27,1000000.00,4.228744,98.609375
11:01:37,912810UD8,TSRYS5870973,D,B,C,2024-08-27,1000000.00,4.228744,98.609375
11:01:37,912810UD8,TSRYS5870973,D,S,C,2024-08-27,1000000.00,4.228744,98.609375
11:01:38,912810UD8,TSRYS5870973,D,S,D,2024-08-27,1000000.00,4.232279,98.5625
11:01:38,912810UD8,TSRYS5870973,D,S,D,2024-08-27,1000000.00,4.2311,98.578125
11:01:38,912810UD8,TSRYS5870973,D,S,D,2024-08-27,1000000.00,4.2311,98.578125
11:01:38,912810UD8,TSRYS5870973,D,S,D,2024-08-27,1000000.00,4.2311,98.578125
11:01:38,912810UD8,TSRYS5870973,D,S,D,2024-08-27,1000000.00,4.2311,98.578125
11:01:38,912810UD8,TSRYS5870973,D,S,C,2024-08-27,1000000.00,4.2311,98.578125
11:01:38,912810UD8,TSRYS5870973,D,S,D,2024-08-27,1000000.00,4.232279,98.5625
11:01:38,912810UD8,TSRYS5870973,D,S,D,2024-08-27,1000000.00,4.2311,98.578125
11:01:38,912810UD8,TSRYS5870973,D,S,D,2024-08-27,1000000.00,4.2311,98.578125
11:01:38,912810UD8,TSRYS5870973,D,S,D,2024-08-27,1000000.00,4.2311,98.578125
11:01:38,912810UD8,TSRYS5870973,D,S,D,2024-08-27,1000000.00,4.2311,98.578125
11:01:38,912810UD8,TSRYS5870973,D,S,C,2024-08-27,1000000.00,4.2311,98.578125
11:01:39,912810UD8,TSRYS5870973,D,S,T,2024-08-27,1000000.00,4.232279,98.5625
11:01:39,912810UD8,TSRYS5870973,D,S,T,2024-08-27,1000000.00,4.232279,98.5625
11:01:41,912810UD8,TSRYS5870973,D,S,D,2024-08-27,1000000.00,4.232426,98.560546875
11:01:41,912810UD8,TSRYS5870973,D,S,D,2024-08-27,1000000.00,4.232426,98.560546875
11:01:41,912810UD8,TSRYS5870973,D,S,D,2024-08-27,1000000.00,4.232426,98.560546875
11:01:41,912810UD8,TSRYS5870973,D,S,D,2024-08-27,1000000.00,4.232426,98.560546875
11:01:43,912810UD8,TSRYS5870973,D,B,C,2024-08-27,1000000.00,4.232279,98.5625
11:01:43,912810UD8,TSRYS5870973,D,B,C,2024-08-27,1000000.00,4.232279,98.5625
11:01:47,912810UD8,TSRYS5870973,D,S,T,2024-08-27,1000000.00,4.232426,98.560546875
11:01:47,912810UD8,TSRYS5870973,D,S,T,2024-08-27,1000000.00,4.232426,98.560546875
11:01:47,912810UD8,TSRYS5870973,D,S,T,2024-08-27,1000000.00,4.232426,98.560546875
11:01:47,912810UD8,TSRYS5870973,D,S,T,2024-08-27,1000000.00,4.232426,98.560546875
11:02:01,912810UD8,TSRYS5870973,D,S,D,2024-08-27,1000000.00,4.232426,98.560546875
11:02:01,912810UD8,TSRYS5870973,D,S,D,2024-08-27,1000000.00,4.232426,98.560546875
11:02:03,912810UD8,TSRYS5870973,D,S,D,2024-08-27,1000000.00,4.232279,98.5625
11:02:03,912810UD8,TSRYS5870973,D,S,D,2024-08-27,1000000.00,4.232426,98.560546875
11:02:03,912810UD8,TSRYS5870973,D,S,D,2024-08-27,1000000.00,4.232279,98.5625
11:02:03,912810UD8,TSRYS5870973,D,S,D,2024-08-27,1000000.00,4.232426,98.560546875
11:02:04,912810UD8,TSRYS5870973,D,S,T,2024-08-27,1000000.00,4.232279,98.5625
11:02:04,912810UD8,TSRYS5870973,D,S,T,2024-08-27,1000000.00,4.232279,98.5625
11:02:06,912810UD8,TSRYS5870973,D,S,T,2024-08-27,1000000.00,4.232426,98.560546875
11:02:06,912810UD8,TSRYS5870973,D,S,T,2024-08-27,1000000.00,4.232426,98.560546875
11:02:09,912810UD8,TSRYS5870973,D,S,D,2024-08-27,1000000.00,4.232279,98.5625
11:02:09,912810UD8,TSRYS5870973,D,S,D,2024-08-27,1000000.00,4.232279,98.5625
11:02:22,912810UD8,TSRYS5870973,D,S,D,2024-08-27,1000000.00,4.232263,98.5627
11:02:22,912810UD8,TSRYS5870973,D,S,D,2024-08-27,1000000.00,4.232263,98.5627
11:02:42,912810UD8,TSRYS5870973,D,S,D,2024-08-27,950000.00,4.231984,98.56640625
11:02:42,912810UD8,TSRYS5870973,D,S,D,2024-08-27,950000.00,4.231984,98.56640625
11:02:45,912810UD8,TSRYS5870973,D,S,C,2024-08-27,25000000.00,4.230187,98.59023
11:02:45,912810UD8,TSRYS5870973,D,S,C,2024-08-27,25000000.00,4.230187,98.59023
11:03:59,912810UD8,TSRYS5870973,D,S,C,2024-08-27,1000000.00,4.232279,98.5625
11:03:59,912810UD8,TSRYS5870973,D,S,D,2024-08-27,1000000.00,4.232279,98.5625
11:03:59,912810UD8,TSRYS5870973,D,S,C,2024-08-27,1000000.00,4.232279,98.5625
11:03:59,912810UD8,TSRYS5870973,D,S,D,2024-08-27,1000000.00,4.232279,98.5625
11:04:04,912810UD8,TSRYS5870973,D,S,T,2024-08-27,1000000.00,4.2311,98.578125
11:04:04,912810UD8,TSRYS5870973,D,S,T,2024-08-27,1000000.00,4.2311,98.578125
11:04:05,912810UD8,TSRYS5870973,D,S,T,2024-08-27,1000000.00,4.2311,98.578125
11:04:05,912810UD8,TSRYS5870973,D,S,T,2024-08-27,1000000.00,4.2311,98.578125
11:04:05,912810UD8,TSRYS5870973,D,S,T,2024-08-27,1000000.00,4.2311,98.578125
11:04:05,912810UD8,TSRYS5870973,D,S,T,2024-08-27,1000000.00,4.2311,98.578125
11:04:06,912810UD8,TSRYS5870973,D,S,T,2024-08-27,1000000.00,4.2311,98.578125
11:04:06,912810UD8,TSRYS5870973,D,S,T,2024-08-27,1000000.00,4.232279,98.5625
11:04:06,912810UD8,TSRYS5870973,D,S,T,2024-08-27,1000000.00,4.232279,98.5625
11:04:06,912810UD8,TSRYS5870973,D,S,T,2024-08-27,1000000.00,4.2311,98.578125
11:04:06,912810UD8,TSRYS5870973,D,S,T,2024-08-27,1000000.00,4.2311,98.578125
11:04:06,912810UD8,TSRYS5870973,D,S,T,2024-08-27,1000000.00,4.232279,98.5625
11:04:06,912810UD8,TSRYS5870973,D,S,T,2024-08-27,1000000.00,4.232279,98.5625
11:04:06,912810UD8,TSRYS5870973,D,S,T,2024-08-27,1000000.00,4.2311,98.578125
11:04:24,912810UD8,TSRYS5870973,D,S,D,2024-08-27,1000000.00,4.2311,98.578125
11:04:24,912810UD8,TSRYS5870973,D,S,D,2024-08-27,1000000.00,4.2311,98.578125
11:04:48,912810UD8,TSRYS5870973,D,S,D,2024-08-27,170000.00,4.229627,98.59765625
11:04:48,912810UD8,TSRYS5870973,D,S,D,2024-08-27,170000.00,4.229627,98.59765625
11:04:53,912810UD8,TSRYS5870973,D,S,D,2024-08-27,1000000.00,4.2311,98.578125
11:04:53,912810UD8,TSRYS5870973,D,S,D,2024-08-27,1000000.00,4.2311,98.578125
11:04:53,912810UD8,TSRYS5870973,D,S,D,2024-08-27,1000000.00,4.2311,98.578125
11:04:53,912810UD8,TSRYS5870973,D,S,D,2024-08-27,1000000.00,4.2311,98.578125
11:04:53,912810UD8,TSRYS5870973,D,S,D,2024-08-27,165000.00,4.228744,98.609375
11:04:53,912810UD8,TSRYS5870973,D,S,D,2024-08-27,165000.00,4.228744,98.609375
11:04:53,912810UD8,TSRYS5870973,D,S,D,2024-08-27,710000.00,4.228744,98.609375
11:04:53,912810UD8,TSRYS5870973,D,S,D,2024-08-27,710000.00,4.228744,98.609375
11:04:53,912810UD8,TSRYS5870973,D,S,D,2024-08-27,1000000.00,4.2311,98.578125
11:04:53,912810UD8,TSRYS5870973,D,S,D,2024-08-27,1000000.00,4.2311,98.578125
11:04:53,912810UD8,TSRYS5870973,D,S,D,2024-08-27,1000000.00,4.2311,98.578125
11:04:53,912810UD8,TSRYS5870973,D,S,D,2024-08-27,1000000.00,4.2311,98.578125
11:04:53,912810UD8,TSRYS5870973,D,S,D,2024-08-27,165000.00,4.228744,98.609375
11:04:53,912810UD8,TSRYS5870973,D,S,D,2024-08-27,165000.00,4.228744,98.609375
11:04:53,912810UD8,TSRYS5870973,D,S,D,2024-08-27,710000.00,4.228744,98.609375
11:04:53,912810UD8,TSRYS5870973,D,S,D,2024-08-27,710000.00,4.228744,98.609375
11:04:57,912810UD8,TSRYS5870973,D,S,D,2024-08-27,2000.00,4.229627,98.59765625
11:04:57,912810UD8,TSRYS5870973,D,S,D,2024-08-27,2000.00,4.229627,98.59765625
11:05:09,912810UD8,TSRYS5870973,D,B,C,2024-08-27,1000000.00,4.228891,98.607421875
11:05:09,912810UD8,TSRYS5870973,D,S,D,2024-08-27,1000000.00,4.228891,98.607421875
11:05:09,912810UD8,TSRYS5870973,D,B,C,2024-08-27,1000000.00,4.228891,98.607421875
11:05:09,912810UD8,TSRYS5870973,D,S,D,2024-08-27,1000000.00,4.228891,98.607421875
11:05:12,912810UD8,TSRYS5870973,D,S,C,2024-08-27,25000000.00,4.231986,98.56638
11:05:12,912810UD8,TSRYS5870973,D,S,C,2024-08-27,25000000.00,4.231986,98.56638
11:05:28,912810UD8,TSRYS5870973,D,S,T,2024-08-27,1000000.00,4.2311,98.578125
11:05:28,912810UD8,TSRYS5870973,D,S,T,2024-08-27,1000000.00,4.2311,98.578125
11:05:28,912810UD8,TSRYS5870973,D,S,T,2024-08-27,1000000.00,4.2311,98.578125
11:05:28,912810UD8,TSRYS5870973,D,S,T,2024-08-27,1000000.00,4.2311,98.578125
11:05:33,912810UD8,TSRYS5870973,D,S,C,2024-08-27,1000000.00,4.231689,98.5703125
11:05:33,912810UD8,TSRYS5870973,D,S,C,2024-08-27,1000000.00,4.231689,98.5703125
11:05:34,912810UD8,TSRYS5870973,D,S,T,2024-08-27,1000000.00,4.2311,98.578125
11:05:34,912810UD8,TSRYS5870973,D,S,T,2024-08-27,1000000.00,4.2311,98.578125
11:05:40,912810UD8,TSRYS5870973,D,S,T,2024-08-27,1000000.00,4.230511,98.5859375
11:05:40,912810UD8,TSRYS5870973,D,S,T,2024-08-27,1000000.00,4.230511,98.5859375
11:05:40,912810UD8,TSRYS5870973,D,S,T,2024-08-27,1000000.00,4.2311,98.578125
11:05:40,912810UD8,TSRYS5870973,D,S,D,2024-08-27,1000000.00,4.230511,98.5859375
11:05:40,912810UD8,TSRYS5870973,D,S,T,2024-08-27,1000000.00,4.230511,98.5859375
11:05:40,912810UD8,TSRYS5870973,D,S,T,2024-08-27,1000000.00,4.230511,98.5859375
11:05:40,912810UD8,TSRYS5870973,D,S,T,2024-08-27,1000000.00,4.2311,98.578125
11:05:40,912810UD8,TSRYS5870973,D,S,D,2024-08-27,1000000.00,4.230511,98.5859375
11:05:41,912810UD8,TSRYS5870973,D,S,D,2024-08-27,1000000.00,4.230364,98.58789062
11:05:41,912810UD8,TSRYS5870973,D,S,D,2024-08-27,1000000.00,4.230364,98.58789062
11:05:43,912810UD8,TSRYS5870973,D,S,T,2024-08-27,1000000.00,4.2311,98.578125
11:05:43,912810UD8,TSRYS5870973,D,S,T,2024-08-27,1000000.00,4.2311,98.578125
11:05:45,912810UD8,TSRYS5870973,D,S,D,2024-08-27,1000000.00,4.230511,98.5859375
11:05:45,912810UD8,TSRYS5870973,D,S,D,2024-08-27,1000000.00,4.230511,98.5859375
11:05:49,912810UD8,TSRYS5870973,D,S,A,2024-08-27,14000.00,4.230747,98.5828125
11:05:49,912810UD8,TSRYS5870973,D,S,A,2024-08-27,14000.00,4.230747,98.5828125
11:05:59,912810UD8,TSRYS5870973,D,S,T,2024-08-27,1000000.00,4.2311,98.578125
11:05:59,912810UD8,TSRYS5870973,D,S,T,2024-08-27,1000000.00,4.2311,98.578125
11:06:03,912810UD8,TSRYS5870973,D,S,T,2024-08-27,1000000.00,4.231689,98.5703125
11:06:03,912810UD8,TSRYS5870973,D,S,T,2024-08-27,1000000.00,4.231689,98.5703125
11:06:11,912810UD8,TSRYS5870973,D,S,D,2024-08-27,1000000.00,4.2311,98.578125
11:06:11,912810UD8,TSRYS5870973,D,S,D,2024-08-27,1000000.00,4.2311,98.578125
11:06:11,912810UD8,TSRYS5870973,D,S,D,2024-08-27,1000000.00,4.2311,98.578125
11:06:11,912810UD8,TSRYS5870973,D,S,D,2024-08-27,1000000.00,4.2311,98.578125
11:06:11,912810UD8,TSRYS5870973,D,S,D,2024-08-27,1000000.00,4.231542,98.57226562
11:06:11,912810UD8,TSRYS5870973,D,S,D,2024-08-27,1000000.00,4.2311,98.578125
11:06:11,912810UD8,TSRYS5870973,D,S,D,2024-08-27,1000000.00,4.2311,98.578125
11:06:11,912810UD8,TSRYS5870973,D,S,D,2024-08-27,1000000.00,4.2311,98.578125
11:06:11,912810UD8,TSRYS5870973,D,S,D,2024-08-27,1000000.00,4.2311,98.578125
11:06:11,912810UD8,TSRYS5870973,D,S,D,2024-08-27,1000000.00,4.231542,98.57226562
11:06:15,912810UD8,TSRYS5870973,D,B,C,2024-08-27,1000000.00,4.230805,98.58203125
11:06:15,912810UD8,TSRYS5870973,D,S,D,2024-08-27,1000000.00,4.230805,98.58203125
11:06:15,912810UD8,TSRYS5870973,D,S,C,2024-08-27,1000000.00,4.230953,98.580078125
11:06:15,912810UD8,TSRYS5870973,D,B,C,2024-08-27,1000000.00,4.230805,98.58203125
11:06:15,912810UD8,TSRYS5870973,D,S,D,2024-08-27,1000000.00,4.230805,98.58203125
11:06:15,912810UD8,TSRYS5870973,D,S,C,2024-08-27,1000000.00,4.230953,98.580078125
11:06:20,912810UD8,TSRYS5870973,D,S,T,2024-08-27,1000000.00,4.230953,98.580078125
11:06:20,912810UD8,TSRYS5870973,D,S,T,2024-08-27,1000000.00,4.230953,98.580078125
11:06:26,912810UD8,TSRYS5870973,D,S,D,2024-08-27,1000000.00,4.2311,98.578125
11:06:26,912810UD8,TSRYS5870973,D,S,D,2024-08-27,1000000.00,4.2311,98.578125
11:06:30,912810UD8,TSRYS5870973,D,B,C,2024-08-27,1000000.00,4.229922,98.59375
11:06:30,912810UD8,TSRYS5870973,D,S,D,2024-08-27,1000000.00,4.229922,98.59375
11:06:30,912810UD8,TSRYS5870973,D,B,C,2024-08-27,1000000.00,4.229922,98.59375
11:06:30,912810UD8,TSRYS5870973,D,S,D,2024-08-27,1000000.00,4.229922,98.59375
11:06:33,912810UD8,TSRYS5870973,D,S,C,2024-08-27,1000000.00,4.229627,98.59765625
11:06:33,912810UD8,TSRYS5870973,D,S,C,2024-08-27,1000000.00,4.229627,98.59765625
11:06:38,912810UD8,TSRYS5870973,D,S,D,2024-08-27,1000000.00,4.229627,98.59765625
11:06:38,912810UD8,TSRYS5870973,D,S,D,2024-08-27,1000000.00,4.229627,98.59765625
11:06:40,912810UD8,TSRYS5870973,D,B,C,2024-08-27,1000000.00,4.228449,98.61328125
11:06:40,912810UD8,TSRYS5870973,D,S,D,2024-08-27,1000000.00,4.228449,98.61328125
11:06:40,912810UD8,TSRYS5870973,D,B,C,2024-08-27,1000000.00,4.228449,98.61328125
11:06:40,912810UD8,TSRYS5870973,D,S,D,2024-08-27,1000000.00,4.228449,98.61328125
11:06:41,912810UD8,TSRYS5870973,D,B,C,2024-08-27,1000000.00,4.2311,98.578125
11:06:41,912810UD8,TSRYS5870973,D,S,D,2024-08-27,1000000.00,4.2311,98.578125
11:06:41,912810UD8,TSRYS5870973,D,S,D,2024-08-27,1000000.00,4.2311,98.578125
11:06:41,912810UD8,TSRYS5870973,D,B,C,2024-08-27,1000000.00,4.2311,98.578125
11:06:41,912810UD8,TSRYS5870973,D,S,D,2024-08-27,1000000.00,4.2311,98.578125
11:06:41,912810UD8,TSRYS5870973,D,S,D,2024-08-27,1000000.00,4.2311,98.578125
11:06:46,912810UD8,TSRYS5870973,D,S,D,2024-08-27,1000000.00,4.230216,98.58984375
11:06:46,912810UD8,TSRYS5870973,D,S,D,2024-08-27,1000000.00,4.230216,98.58984375
11:06:47,912810UD8,TSRYS5870973,D,B,C,2024-08-27,11500000.00,4.161993,99.5
11:06:47,912810UD8,TSRYS5870973,D,B,C,2024-08-27,7650000.00,4.161993,99.5
11:06:47,912810UD8,TSRYS5870973,D,B,C,2024-08-27,11500000.00,4.161993,99.5
11:06:47,912810UD8,TSRYS5870973,D,B,C,2024-08-27,7650000.00,4.161993,99.5
11:06:48,912810UD8,TSRYS5870973,D,B,C,2024-08-27,19250000.00,4.161993,99.5
11:06:48,912810UD8,TSRYS5870973,D,B,C,2024-08-27,19200000.00,4.161993,99.5
11:06:48,912810UD8,TSRYS5870973,D,B,C,2024-08-27,19250000.00,4.161993,99.5
11:06:48,912810UD8,TSRYS5870973,D,B,C,2024-08-27,19200000.00,4.161993,99.5
11:06:50,912810UD8,TSRYS5870973,D,B,C,2024-08-27,7650000.00,4.161993,99.5
11:06:50,912810UD8,TSRYS5870973,D,B,C,2024-08-27,7650000.00,4.161993,99.5
11:07:00,912810UD8,TSRYS5870973,D,S,C,2024-08-27,1000000.00,4.229922,98.59375
11:07:00,912810UD8,TSRYS5870973,D,S,C,2024-08-27,1000000.00,4.229922,98.59375
