tradeTime,cusip,issueSymbolIdentifier,priceType,reportingSideCode,contraPartyTypeCode,tradeDate,reportedTradeVolume,lastSaleYield,lastSalePrice
08:00:03,912810UD8,TSRYS5870973,D,S,T,2024-10-24,1000000.00,4.580638,94.103515625
08:00:03,912810UD8,TSRYS5870973,D,S,D,2024-10-24,1000000.00,4.580481,94.10546875
08:00:03,912810UD8,TSRYS5870973,D,S,D,2024-10-24,2000000.00,4.576397,94.15625
08:00:03,912810UD8,TSRYS5870973,D,S,T,2024-10-24,1000000.00,4.567767,94.263671875
08:00:03,912810UD8,TSRYS5870973,D,S,D,2024-10-24,1000000.00,4.567767,94.263671875
08:00:03,912810UD8,TSRYS5870973,D,S,D,2024-10-24,1000000.00,4.567767,94.263671875
08:00:03,912810UD8,TSRYS5870973,D,S,T,2024-10-24,1000000.00,4.567767,94.263671875
08:00:03,912810UD8,TSRYS5870973,D,S,D,2024-10-24,1000000.00,4.567767,94.263671875
08:00:03,912810UD8,TSRYS5870973,D,S,D,2024-10-24,1000000.00,4.567767,94.263671875
08:00:03,912810UD8,TSRYS5870973,D,S,D,2024-10-24,1000000.00,4.567611,94.265625
08:00:03,912810UD8,TSRYS5870973,D,S,D,2024-10-24,1000000.00,4.566356,94.28125
08:00:03,912810UD8,TSRYS5870973,D,S,T,2024-10-24,1000000.00,4.566356,94.28125
08:00:03,912810UD8,TSRYS5870973,D,S,D,2024-10-24,1000000.00,4.566356,94.28125
08:00:03,912810UD8,TSRYS5870973,D,S,D,2024-10-24,1000000.00,4.551797,94.462890625
08:00:03,912810UD8,TSRYS5870973,D,S,D,2024-10-24,1000000.00,4.549296,94.494140625
08:00:03,912810UD8,TSRYS5870973,D,S,D,2024-10-24,1000000.00,4.549296,94.494140625
08:00:03,912810UD8,TSRYS5870973,D,S,D,2024-10-24,1000000.00,4.548045,94.509765625
08:00:03,912810UD8,TSRYS5870973,D,S,D,2024-10-24,1000000.00,4.548045,94.509765625
08:00:03,912810UD8,TSRYS5870973,D,S,D,2024-10-24,1000000.00,4.548983,94.498046875
08:00:03,912810UD8,TSRYS5870973,D,S,D,2024-10-24,1000000.00,4.548983,94.498046875
08:00:04,912810UD8,TSRYS5870973,D,S,D,2024-10-24,1000000.00,4.540238,94.607421875
08:00:04,912810UD8,TSRYS5870973,D,S,D,2024-10-24,1000000.00,4.541642,94.58984375
08:00:04,912810UD8,TSRYS5870973,D,S,D,2024-10-24,1000000.00,4.541642,94.58984375
08:00:04,912810UD8,TSRYS5870973,D,S,D,2024-10-24,1000000.00,4.542423,94.580078125
08:00:05,912810UD8,TSRYS5870973,D,S,D,2024-10-24,500000.00,4.54414,94.55859375
08:00:05,912810UD8,TSRYS5870973,D,B,C,2024-10-24,500000.00,4.54414,94.55659375
08:00:07,912810UD8,TSRYS5870973,D,B,A,2024-10-24,6000000.00,4.596176,93.91015625
08:00:07,912810UD8,TSRYS5870973,D,S,C,2024-10-24,5000.00,4.578249,94.1332125
08:00:08,912810UD8,TSRYS5870973,D,S,A,2024-10-24,200000.00,4.580167,94.109375
08:00:08,912810UD8,TSRYS5870973,D,S,A,2024-10-24,33000.00,4.576397,94.15625
08:00:10,912810UD8,TSRYS5870973,D,S,C,2024-10-24,50000.00,4.548827,94.5
08:00:10,912810UD8,TSRYS5870973,D,S,A,2024-10-24,50000.00,4.580795,94.1015625
08:00:11,912810UD8,TSRYS5870973,D,B,A,2024-10-24,2940000.00,4.580167,94.109375
08:00:11,912810UD8,TSRYS5870973,D,B,C,2024-10-24,25470000.00,4.560716,94.3515625
08:00:12,912810UD8,TSRYS5870973,D,S,A,2024-10-24,290000.00,4.54133,94.59375
08:00:12,912810UD8,TSRYS5870973,D,B,C,2024-10-24,4050000.00,4.541018,94.59765625
08:00:12,912810UD8,TSRYS5870973,D,B,C,2024-10-24,360000.00,4.539146,94.62109375
08:00:12,912810UD8,TSRYS5870973,D,S,A,2024-10-24,12000000.00,4.544765,94.55078125
08:00:12,912810UD8,TSRYS5870973,D,S,D,2024-10-24,5000.00,,94.1332125
08:00:13,912810UD8,TSRYS5870973,D,S,A,2024-10-24,2000000.00,4.577653,94.140625
08:00:13,912810UD8,TSRYS5870973,D,S,A,2024-10-24,200000.00,4.578596,94.12890625
08:00:14,912810UD8,TSRYS5870973,D,B,A,2024-10-24,32922000.00,4.580827,94.1011625
08:00:14,912810UD8,TSRYS5870973,D,S,D,2024-10-24,8000000.00,4.570957,94.22395
08:00:14,912810UD8,TSRYS5870973,D,S,D,2024-10-24,24000000.00,4.566685,94.27715
08:00:15,912810UD8,TSRYS5870973,D,S,T,2024-10-24,1000000.00,4.56009,94.359375
08:00:16,912810UD8,TSRYS5870973,D,S,T,2024-10-24,3000000.00,4.546327,94.53125
08:00:16,912810UD8,TSRYS5870973,D,S,T,2024-10-24,1000000.00,4.546327,94.53125
08:00:16,912810UD8,TSRYS5870973,D,S,T,2024-10-24,1000000.00,4.546327,94.53125
08:00:16,912810UD8,TSRYS5870973,D,S,T,2024-10-24,1000000.00,4.545077,94.546875
08:00:16,912810UD8,TSRYS5870973,D,S,T,2024-10-24,1000000.00,4.545077,94.546875
08:00:16,912810UD8,TSRYS5870973,D,S,T,2024-10-24,1000000.00,4.545077,94.546875
08:00:16,912810UD8,TSRYS5870973,D,S,D,2024-10-24,10000.00,4.542579,94.578125
08:00:17,912810UD8,TSRYS5870973,D,S,T,2024-10-24,1000000.00,4.59275,93.953125
08:00:17,912810UD8,TSRYS5870973,D,S,T,2024-10-24,1000000.00,4.566356,94.28125
08:00:17,912810UD8,TSRYS5870973,D,S,T,2024-10-24,1000000.00,4.566356,94.28125
08:00:17,912810UD8,TSRYS5870973,D,S,T,2024-10-24,1000000.00,4.568865,94.25
08:00:17,912810UD8,TSRYS5870973,D,S,T,2024-10-24,1000000.00,4.558837,94.375
08:00:17,912810UD8,TSRYS5870973,D,S,T,2024-10-24,1000000.00,4.56009,94.359375
08:00:22,912810UD8,TSRYS5870973,D,S,A,2024-10-24,70000.00,4.570433,94.23046875
08:00:23,912810UD8,TSRYS5870973,D,S,A,2024-10-24,500000.00,4.56667,94.27734375
08:00:23,912810UD8,TSRYS5870973,D,S,A,2024-10-24,25000.00,4.566983,94.2734375
08:00:23,912810UD8,TSRYS5870973,D,S,A,2024-10-24,6250000.00,4.566043,94.28515625
08:00:25,912810UD8,TSRYS5870973,D,S,A,2024-10-24,5000000.00,4.565729,94.2890625
08:00:25,912810UD8,TSRYS5870973,D,S,C,2024-10-24,5000.00,4.578249,94.2332125
08:00:27,912810UD8,TSRYS5870973,D,S,A,2024-10-24,6250000.00,,94.28515625
08:00:27,912810UD8,TSRYS5870973,D,S,D,2024-10-24,1000000.00,4.551328,94.46875
08:00:29,912810UD8,TSRYS5870973,D,S,D,2024-10-24,1000000.00,4.550702,94.4765625
08:00:29,912810UD8,TSRYS5870973,D,S,D,2024-10-24,1000000.00,4.549765,94.48828125
08:00:29,912810UD8,TSRYS5870973,D,S,D,2024-10-24,1000000.00,4.549452,94.4921875
08:00:29,912810UD8,TSRYS5870973,D,S,D,2024-10-24,1000000.00,4.547264,94.51953125
08:00:29,912810UD8,TSRYS5870973,D,S,D,2024-10-24,1000000.00,4.548827,94.5
08:00:30,912810UD8,TSRYS5870973,D,S,T,2024-10-24,1000000.00,4.59275,93.953125
08:00:30,912810UD8,TSRYS5870973,D,S,T,2024-10-24,1000000.00,4.59527,93.921875
08:00:30,912810UD8,TSRYS5870973,D,S,T,2024-10-24,1000000.00,4.59527,93.921875
08:00:30,912810UD8,TSRYS5870973,D,S,T,2024-10-24,1000000.00,4.59527,93.921875
08:00:30,912810UD8,TSRYS5870973,D,S,T,2024-10-24,1000000.00,4.59527,93.921875
08:00:30,912810UD8,TSRYS5870973,D,S,T,2024-10-24,1000000.00,4.59275,93.953125
08:00:30,912810UD8,TSRYS5870973,D,S,T,2024-10-24,1000000.00,4.59275,93.953125
08:00:30,912810UD8,TSRYS5870973,D,S,T,2024-10-24,1000000.00,4.59275,93.953125
08:00:30,912810UD8,TSRYS5870973,D,S,T,2024-10-24,1000000.00,4.59275,93.953125
08:00:30,912810UD8,TSRYS5870973,D,S,T,2024-10-24,1000000.00,4.59275,93.953125
08:00:30,912810UD8,TSRYS5870973,D,S,T,2024-10-24,1000000.00,4.59275,93.953125
08:00:30,912810UD8,TSRYS5870973,D,S,T,2024-10-24,1000000.00,4.585197,94.046875
08:00:30,912810UD8,TSRYS5870973,D,S,T,2024-10-24,1000000.00,4.585197,94.046875
08:00:30,912810UD8,TSRYS5870973,D,S,T,2024-10-24,1000000.00,4.585197,94.046875
08:00:30,912810UD8,TSRYS5870973,D,S,T,2024-10-24,1000000.00,4.585197,94.046875
08:00:30,912810UD8,TSRYS5870973,D,S,T,2024-10-24,1000000.00,4.585197,94.046875
08:00:30,912810UD8,TSRYS5870973,D,S,T,2024-10-24,1000000.00,4.585197,94.046875
08:00:30,912810UD8,TSRYS5870973,D,S,T,2024-10-24,1000000.00,4.585197,94.046875
08:00:30,912810UD8,TSRYS5870973,D,S,T,2024-10-24,1000000.00,4.585197,94.046875
08:00:30,912810UD8,TSRYS5870973,D,S,T,2024-10-24,1000000.00,4.585197,94.046875
08:00:30,912810UD8,TSRYS5870973,D,S,T,2024-10-24,1000000.00,4.585197,94.046875
08:00:30,912810UD8,TSRYS5870973,D,S,T,2024-10-24,1000000.00,4.585197,94.046875
08:00:30,912810UD8,TSRYS5870973,D,S,T,2024-10-24,1000000.00,4.585197,94.046875
08:00:30,912810UD8,TSRYS5870973,D,S,T,2024-10-24,1000000.00,4.585197,94.046875
08:00:30,912810UD8,TSRYS5870973,D,S,T,2024-10-24,1000000.00,4.585197,94.046875
08:00:30,912810UD8,TSRYS5870973,D,S,T,2024-10-24,1000000.00,4.585197,94.046875
08:00:30,912810UD8,TSRYS5870973,D,S,T,2024-10-24,1000000.00,4.585197,94.046875
08:00:30,912810UD8,TSRYS5870973,D,S,T,2024-10-24,1000000.00,4.585197,94.046875
08:00:30,912810UD8,TSRYS5870973,D,S,D,2024-10-24,1000000.00,4.550702,94.4765625
08:00:30,912810UD8,TSRYS5870973,D,S,D,2024-10-24,2000000.00,4.580481,94.10546875
08:00:30,912810UD8,TSRYS5870973,D,S,T,2024-10-24,1000000.00,4.571375,94.21875
08:00:30,912810UD8,TSRYS5870973,D,S,T,2024-10-24,1000000.00,4.571375,94.21875
08:00:30,912810UD8,TSRYS5870973,D,S,D,2024-10-24,1000000.00,4.571375,94.21875
08:00:30,912810UD8,TSRYS5870973,D,S,T,2024-10-24,1000000.00,4.568865,94.25
08:00:30,912810UD8,TSRYS5870973,D,S,T,2024-10-24,1000000.00,4.568865,94.25
08:00:31,912810UD8,TSRYS5870973,D,S,T,2024-10-24,1000000.00,4.566356,94.28125
08:00:31,912810UD8,TSRYS5870973,D,S,T,2024-10-24,1000000.00,4.566356,94.28125
08:00:31,912810UD8,TSRYS5870973,D,S,T,2024-10-24,1000000.00,4.566356,94.28125
08:00:31,912810UD8,TSRYS5870973,D,S,T,2024-10-24,1000000.00,4.566356,94.28125
08:00:31,912810UD8,TSRYS5870973,D,S,T,2024-10-24,3000000.00,4.565103,94.296875
08:00:31,912810UD8,TSRYS5870973,D,S,T,2024-10-24,1000000.00,4.566356,94.28125
08:00:31,912810UD8,TSRYS5870973,D,S,T,2024-10-24,1000000.00,4.566356,94.28125
08:00:31,912810UD8,TSRYS5870973,D,S,T,2024-10-24,1000000.00,4.566356,94.28125
08:00:31,912810UD8,TSRYS5870973,D,S,T,2024-10-24,1000000.00,4.566356,94.28125
08:00:31,912810UD8,TSRYS5870973,D,S,T,2024-10-24,1000000.00,4.566356,94.28125
08:00:31,912810UD8,TSRYS5870973,D,S,T,2024-10-24,1000000.00,4.566356,94.28125
08:00:31,912810UD8,TSRYS5870973,D,S,T,2024-10-24,1000000.00,4.566356,94.28125
08:00:31,912810UD8,TSRYS5870973,D,S,T,2024-10-24,1000000.00,4.566356,94.28125
08:00:31,912810UD8,TSRYS5870973,D,S,T,2024-10-24,1000000.00,4.568865,94.25
08:00:31,912810UD8,TSRYS5870973,D,S,T,2024-10-24,1000000.00,4.568865,94.25
08:00:31,912810UD8,TSRYS5870973,D,S,T,2024-10-24,1000000.00,4.568865,94.25
08:00:31,912810UD8,TSRYS5870973,D,S,T,2024-10-24,1000000.00,4.569022,94.248046875
08:00:31,912810UD8,TSRYS5870973,D,S,T,2024-10-24,1000000.00,4.568865,94.25
08:00:31,912810UD8,TSRYS5870973,D,S,T,2024-10-24,1000000.00,4.568865,94.25
08:00:31,912810UD8,TSRYS5870973,D,S,T,2024-10-24,1000000.00,4.568865,94.25
08:00:31,912810UD8,TSRYS5870973,D,S,T,2024-10-24,1000000.00,4.569022,94.248046875
08:00:31,912810UD8,TSRYS5870973,D,S,T,2024-10-24,1000000.00,4.568865,94.25
08:00:31,912810UD8,TSRYS5870973,D,S,T,2024-10-24,1000000.00,4.567611,94.265625
08:00:31,912810UD8,TSRYS5870973,D,S,T,2024-10-24,1000000.00,4.558837,94.375
08:00:31,912810UD8,TSRYS5870973,D,S,T,2024-10-24,1000000.00,4.56009,94.359375
08:00:31,912810UD8,TSRYS5870973,D,S,T,2024-10-24,1000000.00,4.561343,94.34375
08:00:31,912810UD8,TSRYS5870973,D,S,T,2024-10-24,1000000.00,4.561343,94.34375
08:00:31,912810UD8,TSRYS5870973,D,S,T,2024-10-24,1000000.00,4.561343,94.34375
08:00:31,912810UD8,TSRYS5870973,D,S,T,2024-10-24,1000000.00,4.561343,94.34375
08:00:31,912810UD8,TSRYS5870973,D,S,T,2024-10-24,1000000.00,4.561343,94.34375
08:00:31,912810UD8,TSRYS5870973,D,S,T,2024-10-24,1000000.00,4.551328,94.46875
08:00:31,912810UD8,TSRYS5870973,D,S,T,2024-10-24,1000000.00,4.551328,94.46875
08:00:31,912810UD8,TSRYS5870973,D,S,T,2024-10-24,1000000.00,4.552579,94.453125
08:00:31,912810UD8,TSRYS5870973,D,S,T,2024-10-24,1000000.00,4.552579,94.453125
08:00:31,912810UD8,TSRYS5870973,D,S,T,2024-10-24,1000000.00,4.552579,94.453125
08:00:31,912810UD8,TSRYS5870973,D,S,T,2024-10-24,1000000.00,4.550077,94.484375
08:00:31,912810UD8,TSRYS5870973,D,S,T,2024-10-24,1000000.00,4.550077,94.484375
08:00:31,912810UD8,TSRYS5870973,D,S,T,2024-10-24,1000000.00,4.550077,94.484375
08:00:31,912810UD8,TSRYS5870973,D,S,T,2024-10-24,1000000.00,4.548827,94.5
08:00:31,912810UD8,TSRYS5870973,D,S,T,2024-10-24,1000000.00,4.548827,94.5
08:00:31,912810UD8,TSRYS5870973,D,S,T,2024-10-24,1000000.00,4.544453,94.5546875
08:00:31,912810UD8,TSRYS5870973,D,S,T,2024-10-24,1000000.00,4.544453,94.5546875
08:00:32,912810UD8,TSRYS5870973,D,S,T,2024-10-24,1000000.00,4.546327,94.53125
08:00:32,912810UD8,TSRYS5870973,D,S,T,2024-10-24,1000000.00,4.545077,94.546875
08:00:32,912810UD8,TSRYS5870973,D,S,T,2024-10-24,1000000.00,4.546327,94.53125
08:00:32,912810UD8,TSRYS5870973,D,S,D,2024-10-24,1000000.00,4.554456,94.4296875
08:00:32,912810UD8,TSRYS5870973,D,S,D,2024-10-24,1000000.00,4.554456,94.4296875
08:00:32,912810UD8,TSRYS5870973,D,S,D,2024-10-24,1000000.00,4.554768,94.42578125
08:00:32,912810UD8,TSRYS5870973,D,S,T,2024-10-24,1000000.00,4.540862,94.599609375
08:00:32,912810UD8,TSRYS5870973,D,S,T,2024-10-24,1000000.00,4.542579,94.578125
08:00:32,912810UD8,TSRYS5870973,D,S,T,2024-10-24,1000000.00,4.545077,94.546875
08:00:32,912810UD8,TSRYS5870973,D,S,T,2024-10-24,1000000.00,4.545077,94.546875
08:00:32,912810UD8,TSRYS5870973,D,S,T,2024-10-24,1000000.00,4.545077,94.546875
08:00:32,912810UD8,TSRYS5870973,D,S,A,2024-10-24,532000.00,4.561343,94.34375
08:00:32,912810UD8,TSRYS5870973,D,S,T,2024-10-24,1000000.00,4.59275,93.953125
08:00:32,912810UD8,TSRYS5870973,D,S,D,2024-10-24,1000000.00,4.567611,94.265625
08:00:32,912810UD8,TSRYS5870973,D,S,D,2024-10-24,1000000.00,4.550702,94.4765625
08:00:32,912810UD8,TSRYS5870973,D,S,D,2024-10-24,1000000.00,4.554456,94.4296875
08:00:32,912810UD8,TSRYS5870973,D,S,D,2024-10-24,1000000.00,4.554456,94.4296875
08:00:32,912810UD8,TSRYS5870973,D,S,D,2024-10-24,1000000.00,4.554768,94.42578125
08:00:33,912810UD8,TSRYS5870973,D,S,D,2024-10-24,1000000.00,4.547889,94.51171875
08:00:33,912810UD8,TSRYS5870973,D,S,D,2024-10-24,955000.00,4.547577,94.515625
08:00:33,912810UD8,TSRYS5870973,D,S,D,2024-10-24,1000000.00,4.542891,94.57421875
08:00:33,912810UD8,TSRYS5870973,D,S,D,2024-10-24,1000000.00,4.543203,94.5703125
08:00:33,912810UD8,TSRYS5870973,D,S,D,2024-10-24,1000000.00,4.569963,94.236328125
08:00:33,912810UD8,TSRYS5870973,D,S,D,2024-10-24,2000000.00,4.569963,94.236328125
08:00:33,912810UD8,TSRYS5870973,D,S,D,2024-10-24,1000000.00,4.569963,94.236328125
08:00:33,912810UD8,TSRYS5870973,D,S,D,2024-10-24,1000000.00,4.56714,94.271484375
08:00:33,912810UD8,TSRYS5870973,D,S,D,2024-10-24,1000000.00,4.567611,94.265625
08:00:33,912810UD8,TSRYS5870973,D,S,D,2024-10-24,2000000.00,4.567611,94.265625
08:00:33,912810UD8,TSRYS5870973,D,S,C,2024-10-24,10000.00,4.55067,94.4769625
08:00:33,912810UD8,TSRYS5870973,D,S,D,2024-10-24,1000000.00,4.546327,94.53125
08:00:33,912810UD8,TSRYS5870973,D,S,T,2024-10-24,1000000.00,4.543203,94.5703125
08:00:33,912810UD8,TSRYS5870973,D,S,D,2024-10-24,1000000.00,4.567611,94.265625
08:00:33,912810UD8,TSRYS5870973,D,S,D,2024-10-24,1000000.00,4.567297,94.26953125
08:00:33,912810UD8,TSRYS5870973,D,S,D,2024-10-24,1000000.00,4.566356,94.28125
08:00:33,912810UD8,TSRYS5870973,D,S,A,2024-10-24,25000.00,4.554768,94.42578125
08:00:33,912810UD8,TSRYS5870973,D,S,A,2024-10-24,1000000.00,4.555081,94.421875
08:00:33,912810UD8,TSRYS5870973,D,B,A,2024-10-24,2209000.00,4.557585,94.390625
08:00:33,912810UD8,TSRYS5870973,D,S,D,2024-10-24,1000000.00,4.53977,94.61328125
08:00:33,912810UD8,TSRYS5870973,D,S,D,2024-10-24,1000000.00,4.53977,94.61328125
08:00:33,912810UD8,TSRYS5870973,D,S,D,2024-10-24,1000000.00,4.53977,94.61328125
08:00:33,912810UD8,TSRYS5870973,D,S,D,2024-10-24,1000000.00,4.53977,94.61328125
08:00:33,912810UD8,TSRYS5870973,D,S,D,2024-10-24,1000000.00,4.53977,94.61328125
08:00:33,912810UD8,TSRYS5870973,D,S,D,2024-10-24,1000000.00,4.53977,94.61328125
08:00:33,912810UD8,TSRYS5870973,D,S,D,2024-10-24,1000000.00,4.541642,94.58984375
08:00:33,912810UD8,TSRYS5870973,D,S,D,2024-10-24,1000000.00,4.541798,94.587890625
08:00:33,912810UD8,TSRYS5870973,D,S,D,2024-10-24,1000000.00,4.541798,94.587890625
08:00:33,912810UD8,TSRYS5870973,D,S,D,2024-10-24,1000000.00,4.541798,94.587890625
08:00:33,912810UD8,TSRYS5870973,D,S,D,2024-10-24,1000000.00,4.541798,94.587890625
08:00:33,912810UD8,TSRYS5870973,D,S,D,2024-10-24,1000000.00,4.541798,94.587890625
08:00:33,912810UD8,TSRYS5870973,D,S,D,2024-10-24,1000000.00,4.541798,94.587890625
08:00:33,912810UD8,TSRYS5870973,D,S,D,2024-10-24,1000000.00,4.541798,94.587890625
08:00:33,912810UD8,TSRYS5870973,D,S,D,2024-10-24,1000000.00,4.541798,94.587890625
08:00:33,912810UD8,TSRYS5870973,D,S,D,2024-10-24,1000000.00,4.541798,94.587890625
08:00:33,912810UD8,TSRYS5870973,D,S,D,2024-10-24,1000000.00,4.541798,94.587890625
08:00:33,912810UD8,TSRYS5870973,D,S,D,2024-10-24,1000000.00,4.541798,94.587890625
08:00:33,912810UD8,TSRYS5870973,D,S,D,2024-10-24,1000000.00,4.546014,94.53515625
08:00:33,912810UD8,TSRYS5870973,D,S,D,2024-10-24,1000000.00,4.544765,94.55078125
08:00:33,912810UD8,TSRYS5870973,D,S,D,2024-10-24,1000000.00,4.544921,94.548828125
08:00:33,912810UD8,TSRYS5870973,D,S,D,2024-10-24,1000000.00,4.544921,94.548828125
08:00:33,912810UD8,TSRYS5870973,D,S,D,2024-10-24,1000000.00,4.544921,94.548828125
08:00:33,912810UD8,TSRYS5870973,D,S,D,2024-10-24,1000000.00,4.544921,94.548828125
08:00:33,912810UD8,TSRYS5870973,D,S,D,2024-10-24,1000000.00,4.544921,94.548828125
08:00:33,912810UD8,TSRYS5870973,D,S,D,2024-10-24,1000000.00,4.544921,94.548828125
08:00:33,912810UD8,TSRYS5870973,D,S,D,2024-10-24,1000000.00,4.544921,94.548828125
08:00:33,912810UD8,TSRYS5870973,D,S,D,2024-10-24,1000000.00,4.545858,94.537109375
08:00:33,912810UD8,TSRYS5870973,D,S,D,2024-10-24,1000000.00,4.544453,94.5546875
08:00:33,912810UD8,TSRYS5870973,D,S,D,2024-10-24,1000000.00,4.549452,94.4921875
08:00:33,912810UD8,TSRYS5870973,D,S,D,2024-10-24,1000000.00,4.549296,94.494140625
08:00:33,912810UD8,TSRYS5870973,D,S,D,2024-10-24,1000000.00,4.549296,94.494140625
08:00:33,912810UD8,TSRYS5870973,D,S,D,2024-10-24,1000000.00,4.54539,94.54296875
08:00:33,912810UD8,TSRYS5870973,D,S,D,2024-10-24,1000000.00,4.54539,94.54296875
08:00:33,912810UD8,TSRYS5870973,D,S,D,2024-10-24,1000000.00,4.54539,94.54296875
08:00:33,912810UD8,TSRYS5870973,D,S,D,2024-10-24,3000000.00,4.545546,94.541015625
08:00:33,912810UD8,TSRYS5870973,D,S,D,2024-10-24,1000000.00,4.545702,94.5390625
08:00:33,912810UD8,TSRYS5870973,D,S,T,2024-10-24,1000000.00,4.56714,94.271484375
08:00:33,912810UD8,TSRYS5870973,D,S,T,2024-10-24,1000000.00,4.567611,94.265625
08:00:33,912810UD8,TSRYS5870973,D,S,T,2024-10-24,3000000.00,4.568865,94.25
08:00:33,912810UD8,TSRYS5870973,D,S,T,2024-10-24,1000000.00,4.56009,94.359375
08:00:33,912810UD8,TSRYS5870973,D,S,T,2024-10-24,1000000.00,4.539926,94.611328125
08:00:33,912810UD8,TSRYS5870973,D,S,D,2024-10-24,1000000.00,4.539458,94.6171875
08:00:33,912810UD8,TSRYS5870973,D,S,D,2024-10-24,1000000.00,4.539458,94.6171875
08:00:33,912810UD8,TSRYS5870973,D,S,D,2024-10-24,1000000.00,4.539458,94.6171875
08:00:33,912810UD8,TSRYS5870973,D,S,D,2024-10-24,1000000.00,4.539458,94.6171875
08:00:33,912810UD8,TSRYS5870973,D,S,D,2024-10-24,1000000.00,4.539458,94.6171875
08:00:33,912810UD8,TSRYS5870973,D,S,D,2024-10-24,1000000.00,4.539458,94.6171875
08:00:33,912810UD8,TSRYS5870973,D,S,D,2024-10-24,1000000.00,4.539458,94.6171875
08:00:33,912810UD8,TSRYS5870973,D,S,D,2024-10-24,1000000.00,4.539458,94.6171875
08:00:33,912810UD8,TSRYS5870973,D,S,D,2024-10-24,1000000.00,4.539458,94.6171875
08:00:33,912810UD8,TSRYS5870973,D,S,D,2024-10-24,1000000.00,4.541955,94.5859375
08:00:33,912810UD8,TSRYS5870973,D,S,D,2024-10-24,1000000.00,4.541955,94.5859375
08:00:33,912810UD8,TSRYS5870973,D,S,T,2024-10-24,1000000.00,4.544296,94.556640625
08:00:33,912810UD8,TSRYS5870973,D,S,T,2024-10-24,1000000.00,4.544765,94.55078125
08:00:33,912810UD8,TSRYS5870973,D,S,T,2024-10-24,1000000.00,4.547889,94.51171875
08:00:33,912810UD8,TSRYS5870973,D,S,T,2024-10-24,1000000.00,4.547889,94.51171875
08:00:33,912810UD8,TSRYS5870973,D,S,T,2024-10-24,1000000.00,4.547889,94.51171875
08:00:33,912810UD8,TSRYS5870973,D,S,T,2024-10-24,2000000.00,4.546171,94.533203125
08:00:33,912810UD8,TSRYS5870973,D,S,T,2024-10-24,1000000.00,4.546171,94.533203125
08:00:33,912810UD8,TSRYS5870973,D,S,T,2024-10-24,1000000.00,4.546171,94.533203125
08:00:33,912810UD8,TSRYS5870973,D,S,T,2024-10-24,2000000.00,4.546171,94.533203125
08:00:33,912810UD8,TSRYS5870973,D,S,T,2024-10-24,1000000.00,4.545546,94.541015625
08:00:33,912810UD8,TSRYS5870973,D,S,T,2024-10-24,1000000.00,4.54539,94.54296875
08:00:33,912810UD8,TSRYS5870973,D,S,T,2024-10-24,2000000.00,4.546171,94.533203125
08:00:33,912810UD8,TSRYS5870973,D,S,T,2024-10-24,1000000.00,4.542891,94.57421875
08:00:34,912810UD8,TSRYS5870973,D,S,C,2024-10-24,3000.00,4.546295,94.69831666667
08:00:36,912810UD8,TSRYS5870973,D,B,C,2024-10-24,1000000.00,4.542579,94.578125
08:00:36,912810UD8,TSRYS5870973,D,S,D,2024-10-24,1000000.00,4.542579,94.578125
08:00:36,912810UD8,TSRYS5870973,D,S,D,2024-10-24,1000000.00,4.542579,94.578125
08:00:37,912810UD8,TSRYS5870973,D,S,D,2024-10-24,10000.00,,94.4769625
08:00:40,912810UD8,TSRYS5870973,D,S,D,2024-10-24,1000000.00,4.544453,94.5546875
08:00:40,912810UD8,TSRYS5870973,D,S,D,2024-10-24,1000000.00,4.544453,94.5546875
08:00:40,912810UD8,TSRYS5870973,D,B,C,2024-10-24,1000000.00,4.544453,94.5546875
08:00:40,912810UD8,TSRYS5870973,D,B,C,2024-10-24,1000000.00,4.544453,94.5546875
08:00:42,912810UD8,TSRYS5870973,D,S,C,2024-10-24,1000000.00,4.544765,94.55078125
08:00:43,912810UD8,TSRYS5870973,D,S,D,2024-10-24,1000000.00,4.54414,94.55859375
08:00:43,912810UD8,TSRYS5870973,D,B,C,2024-10-24,1000000.00,4.54414,94.55859375
08:00:46,912810UD8,TSRYS5870973,D,S,C,2024-10-24,1000000.00,4.550702,94.4765625
08:00:46,912810UD8,TSRYS5870973,D,S,C,2024-10-24,2000000.00,4.550702,94.4765625
08:00:46,912810UD8,TSRYS5870973,D,S,D,2024-10-24,1000000.00,4.550702,94.4765625
08:00:47,912810UD8,TSRYS5870973,D,S,D,2024-10-24,1955000.00,4.54768,94.514326918
08:00:47,912810UD8,TSRYS5870973,D,B,C,2024-10-24,1000000.00,4.547889,94.51171875
08:00:47,912810UD8,TSRYS5870973,D,S,D,2024-10-24,1000000.00,4.547889,94.51171875
08:00:47,912810UD8,TSRYS5870973,D,S,D,2024-10-24,1000000.00,4.547889,94.51171875
08:00:47,912810UD8,TSRYS5870973,D,B,C,2024-10-24,1000000.00,4.547889,94.51171875
08:00:47,912810UD8,TSRYS5870973,D,S,A,2024-10-24,685000.00,4.545077,94.546875
08:00:48,912810UD8,TSRYS5870973,D,S,C,2024-10-24,1000000.00,4.547577,94.515625
08:00:50,912810UD8,TSRYS5870973,D,S,D,2024-10-24,1430000.00,4.548827,94.5
08:00:52,912810UD8,TSRYS5870973,D,B,A,2024-10-24,4600000.00,4.557585,94.390625
08:00:57,912810UD8,TSRYS5870973,D,S,T,2024-10-24,1000000.00,4.545237,94.544871875
08:00:58,912810UD8,TSRYS5870973,D,S,A,2024-10-24,95000.00,4.543828,94.5625
08:00:59,912810UD8,TSRYS5870973,D,B,A,2024-10-24,33829000.00,4.579885,94.11288125
08:00:59,912810UD8,TSRYS5870973,D,S,T,2024-10-24,1000000.00,4.57891,94.125
08:00:59,912810UD8,TSRYS5870973,D,S,T,2024-10-24,1000000.00,4.57891,94.125
08:00:59,912810UD8,TSRYS5870973,D,S,T,2024-10-24,1000000.00,4.57891,94.125
08:00:59,912810UD8,TSRYS5870973,D,S,T,2024-10-24,1000000.00,4.579381,94.119140625
08:00:59,912810UD8,TSRYS5870973,D,S,T,2024-10-24,1000000.00,4.579538,94.1171875
08:00:59,912810UD8,TSRYS5870973,D,S,T,2024-10-24,3000000.00,4.579538,94.1171875
08:00:59,912810UD8,TSRYS5870973,D,S,T,2024-10-24,1000000.00,4.579538,94.1171875
08:00:59,912810UD8,TSRYS5870973,D,S,T,2024-10-24,1000000.00,4.579538,94.1171875
08:00:59,912810UD8,TSRYS5870973,D,S,T,2024-10-24,1000000.00,4.579538,94.1171875
08:00:59,912810UD8,TSRYS5870973,D,S,T,2024-10-24,2000000.00,4.57891,94.125
08:00:59,912810UD8,TSRYS5870973,D,S,T,2024-10-24,2000000.00,4.57891,94.125
08:00:59,912810UD8,TSRYS5870973,D,S,T,2024-10-24,1000000.00,4.578918,94.124898
08:00:59,912810UD8,TSRYS5870973,D,S,T,2024-10-24,1000000.00,4.578918,94.124898
08:00:59,912810UD8,TSRYS5870973,D,S,T,2024-10-24,1000000.00,4.578918,94.124898
08:00:59,912810UD8,TSRYS5870973,D,S,T,2024-10-24,1000000.00,4.578918,94.124898
08:00:59,912810UD8,TSRYS5870973,D,S,T,2024-10-24,1000000.00,4.578918,94.124898
08:00:59,912810UD8,TSRYS5870973,D,S,T,2024-10-24,1000000.00,4.578918,94.124898
08:00:59,912810UD8,TSRYS5870973,D,S,T,2024-10-24,1000000.00,4.57891,94.125
08:00:59,912810UD8,TSRYS5870973,D,S,T,2024-10-24,1000000.00,4.57891,94.125
08:00:59,912810UD8,TSRYS5870973,D,S,T,2024-10-24,1000000.00,4.578918,94.124898
08:00:59,912810UD8,TSRYS5870973,D,S,T,2024-10-24,1000000.00,4.578918,94.124898
08:00:59,912810UD8,TSRYS5870973,D,S,T,2024-10-24,1000000.00,4.578918,94.124898
08:00:59,912810UD8,TSRYS5870973,D,S,T,2024-10-24,1000000.00,4.577653,94.140625
08:01:00,912810UD8,TSRYS5870973,D,S,T,2024-10-24,2000000.00,4.577653,94.140625
08:01:00,912810UD8,TSRYS5870973,D,S,T,2024-10-24,1000000.00,4.577653,94.140625
08:01:00,912810UD8,TSRYS5870973,D,S,A,2024-10-24,800000.00,4.563849,94.3125
08:01:01,912810UD8,TSRYS5870973,D,S,T,2024-10-24,1000000.00,4.578596,94.12890625
08:01:01,912810UD8,TSRYS5870973,D,S,T,2024-10-24,1000000.00,4.58001,94.111328125
08:01:01,912810UD8,TSRYS5870973,D,S,T,2024-10-24,1000000.00,4.580481,94.10546875
08:01:02,912810UD8,TSRYS5870973,D,S,T,2024-10-24,1000000.00,4.550077,94.484375
08:01:02,912810UD8,TSRYS5870973,D,S,D,2024-10-24,95000.00,4.543828,94.5625
08:01:02,912810UD8,TSRYS5870973,D,S,A,2024-10-24,1730000.00,4.54539,94.54296875
08:01:02,912810UD8,TSRYS5870973,D,B,A,2024-10-24,1800000.00,4.588459,94.0078125
08:01:02,912810UD8,TSRYS5870973,D,B,A,2024-10-24,750000.00,4.546014,94.53515625
08:01:02,912810UD8,TSRYS5870973,D,S,T,2024-10-24,2000000.00,4.580175,94.109273
08:01:02,912810UD8,TSRYS5870973,D,B,A,2024-10-24,10000.00,4.54414,94.55859375
08:01:03,912810UD8,TSRYS5870973,D,B,C,2024-10-24,25993000.00,4.548546,94.50350625
08:01:06,912810UD8,TSRYS5870973,D,S,A,2024-10-24,635000.00,4.566356,94.28125
08:01:06,912810UD8,TSRYS5870973,D,S,T,2024-10-24,1000000.00,4.548827,94.5
08:01:08,912810UD8,TSRYS5870973,D,S,D,2024-10-24,835000.00,4.543828,94.5625
08:01:08,912810UD8,TSRYS5870973,D,B,C,2024-10-24,1000000.00,4.589287,93.99609375
08:01:08,912810UD8,TSRYS5870973,D,S,D,2024-10-24,1000000.00,4.589602,93.9921875
08:01:08,912810UD8,TSRYS5870973,D,S,D,2024-10-24,1000000.00,4.589287,93.99609375
08:01:08,912810UD8,TSRYS5870973,D,S,D,2024-10-24,1000000.00,4.589602,93.9921875
08:01:08,912810UD8,TSRYS5870973,D,S,D,2024-10-24,1000000.00,4.589287,93.99609375
08:01:08,912810UD8,TSRYS5870973,D,S,D,2024-10-24,1000000.00,4.589602,93.9921875
08:01:08,912810UD8,TSRYS5870973,D,B,C,2024-10-24,1000000.00,4.589602,93.9921875
08:01:08,912810UD8,TSRYS5870973,D,S,D,2024-10-24,1000000.00,4.589602,93.9921875
08:01:08,912810UD8,TSRYS5870973,D,B,C,2024-10-24,1000000.00,4.589287,93.99609375
08:01:08,912810UD8,TSRYS5870973,D,B,C,2024-10-24,1000000.00,4.589602,93.9921875
08:01:08,912810UD8,TSRYS5870973,D,S,D,2024-10-24,1000000.00,4.589602,93.9921875
08:01:08,912810UD8,TSRYS5870973,D,S,D,2024-10-24,1000000.00,4.589602,93.9921875
08:01:08,912810UD8,TSRYS5870973,D,S,T,2024-10-24,1000000.00,4.565103,94.296875
08:01:08,912810UD8,TSRYS5870973,D,S,D,2024-10-24,1000000.00,4.589602,93.9921875
08:01:08,912810UD8,TSRYS5870973,D,B,C,2024-10-24,1000000.00,4.589602,93.9921875
08:01:08,912810UD8,TSRYS5870973,D,B,C,2024-10-24,1000000.00,4.589602,93.9921875
08:01:08,912810UD8,TSRYS5870973,D,S,D,2024-10-24,1000000.00,4.589602,93.9921875
08:01:08,912810UD8,TSRYS5870973,D,S,D,2024-10-24,1000000.00,4.589602,93.9921875
08:01:08,912810UD8,TSRYS5870973,D,B,C,2024-10-24,1000000.00,4.589602,93.9921875
08:01:08,912810UD8,TSRYS5870973,D,B,C,2024-10-24,1000000.00,4.589602,93.9921875
08:01:08,912810UD8,TSRYS5870973,D,B,C,2024-10-24,1000000.00,4.589602,93.9921875
08:01:08,912810UD8,TSRYS5870973,D,S,D,2024-10-24,1000000.00,4.589287,93.99609375
08:01:08,912810UD8,TSRYS5870973,D,S,D,2024-10-24,1000000.00,4.589602,93.9921875
08:01:08,912810UD8,TSRYS5870973,D,B,C,2024-10-24,1000000.00,4.589602,93.9921875
08:01:08,912810UD8,TSRYS5870973,D,S,D,2024-10-24,1000000.00,4.589602,93.9921875
08:01:08,912810UD8,TSRYS5870973,D,B,C,2024-10-24,2000000.00,4.589287,93.99609375
08:01:08,912810UD8,TSRYS5870973,D,B,C,2024-10-24,1000000.00,4.589287,93.99609375
08:01:08,912810UD8,TSRYS5870973,D,S,D,2024-10-24,1000000.00,4.589602,93.9921875
08:01:08,912810UD8,TSRYS5870973,D,B,C,2024-10-24,1000000.00,4.589602,93.9921875
08:01:08,912810UD8,TSRYS5870973,D,B,C,2024-10-24,1000000.00,4.589602,93.9921875
08:01:08,912810UD8,TSRYS5870973,D,S,D,2024-10-24,1000000.00,4.589287,93.99609375
08:01:08,912810UD8,TSRYS5870973,D,S,D,2024-10-24,1000000.00,4.589287,93.99609375
08:01:08,912810UD8,TSRYS5870973,D,S,C,2024-10-24,2000000.00,4.589287,93.99609375
08:01:08,912810UD8,TSRYS5870973,D,B,C,2024-10-24,1000000.00,4.589602,93.9921875
08:01:08,912810UD8,TSRYS5870973,D,B,C,2024-10-24,1000000.00,4.589602,93.9921875
08:01:08,912810UD8,TSRYS5870973,D,B,C,2024-10-24,1000000.00,4.589287,93.99609375
08:01:08,912810UD8,TSRYS5870973,D,B,C,2024-10-24,1000000.00,4.589287,93.99609375
08:01:08,912810UD8,TSRYS5870973,D,S,D,2024-10-24,1000000.00,4.589287,93.99609375
08:01:08,912810UD8,TSRYS5870973,D,S,C,2024-10-24,1000000.00,4.589287,93.99609375
08:01:08,912810UD8,TSRYS5870973,D,B,C,2024-10-24,1000000.00,4.589287,93.99609375
08:01:08,912810UD8,TSRYS5870973,D,S,D,2024-10-24,1000000.00,4.589287,93.99609375
08:01:08,912810UD8,TSRYS5870973,D,B,C,2024-10-24,1000000.00,4.589287,93.99609375
08:01:08,912810UD8,TSRYS5870973,D,S,D,2024-10-24,1000000.00,4.589287,93.99609375
08:01:08,912810UD8,TSRYS5870973,D,B,C,2024-10-24,1000000.00,4.589287,93.99609375
08:01:08,912810UD8,TSRYS5870973,D,B,C,2024-10-24,1000000.00,4.589287,93.99609375
08:01:08,912810UD8,TSRYS5870973,D,B,C,2024-10-24,1000000.00,4.589287,93.99609375
08:01:08,912810UD8,TSRYS5870973,D,B,C,2024-10-24,1000000.00,4.58331,94.0703125
08:01:08,912810UD8,TSRYS5870973,D,S,D,2024-10-24,1000000.00,4.589287,93.99609375
08:01:08,912810UD8,TSRYS5870973,D,S,D,2024-10-24,1000000.00,4.58331,94.0703125
08:01:08,912810UD8,TSRYS5870973,D,S,T,2024-10-24,1000000.00,4.563849,94.3125
08:01:08,912810UD8,TSRYS5870973,D,S,T,2024-10-24,1000000.00,4.547577,94.515625
08:01:08,912810UD8,TSRYS5870973,D,S,D,2024-10-24,1000000.00,4.580167,94.109375
08:01:08,912810UD8,TSRYS5870973,D,S,D,2024-10-24,1000000.00,4.579853,94.11328125
08:01:08,912810UD8,TSRYS5870973,D,S,D,2024-10-24,1000000.00,4.579538,94.1171875
08:01:08,912810UD8,TSRYS5870973,D,S,D,2024-10-24,1000000.00,4.579853,94.11328125
08:01:08,912810UD8,TSRYS5870973,D,S,D,2024-10-24,1000000.00,4.580481,94.10546875
08:01:08,912810UD8,TSRYS5870973,D,S,D,2024-10-24,1000000.00,4.580167,94.109375
08:01:08,912810UD8,TSRYS5870973,D,S,D,2024-10-24,1000000.00,4.580167,94.109375
08:01:08,912810UD8,TSRYS5870973,D,B,C,2024-10-24,1000000.00,4.579853,94.11328125
08:01:09,912810UD8,TSRYS5870973,D,S,D,2024-10-24,2000000.00,4.580481,94.10546875
08:01:09,912810UD8,TSRYS5870973,D,S,T,2024-10-24,1000000.00,4.546327,94.53125
08:01:09,912810UD8,TSRYS5870973,D,S,T,2024-10-24,1000000.00,4.568865,94.25
08:01:09,912810UD8,TSRYS5870973,D,S,D,2024-10-24,1000000.00,4.571375,94.21875
08:01:10,912810UD8,TSRYS5870973,D,S,T,2024-10-24,1000000.00,4.568865,94.25
08:01:10,912810UD8,TSRYS5870973,D,S,D,2024-10-24,1000000.00,4.580167,94.109375
08:01:10,912810UD8,TSRYS5870973,D,S,D,2024-10-24,1000000.00,4.579853,94.11328125
08:01:10,912810UD8,TSRYS5870973,D,S,D,2024-10-24,1000000.00,4.579538,94.1171875
08:01:10,912810UD8,TSRYS5870973,D,S,D,2024-10-24,1000000.00,4.580167,94.109375
08:01:10,912810UD8,TSRYS5870973,D,S,D,2024-10-24,1000000.00,4.580167,94.109375
08:01:10,912810UD8,TSRYS5870973,D,S,D,2024-10-24,1000000.00,4.567297,94.26953125
08:01:10,912810UD8,TSRYS5870973,D,S,D,2024-10-24,2000000.00,4.567297,94.26953125
08:01:10,912810UD8,TSRYS5870973,D,S,D,2024-10-24,2000000.00,4.567297,94.26953125
08:01:10,912810UD8,TSRYS5870973,D,S,D,2024-10-24,1000000.00,4.567611,94.265625
08:01:10,912810UD8,TSRYS5870973,D,S,D,2024-10-24,3000000.00,4.567611,94.265625
08:01:10,912810UD8,TSRYS5870973,D,S,T,2024-10-24,2000000.00,4.568865,94.25
08:01:10,912810UD8,TSRYS5870973,D,S,T,2024-10-24,1000000.00,4.568865,94.25
08:01:11,912810UD8,TSRYS5870973,D,S,T,2024-10-24,1000000.00,4.567305,94.26943125
08:01:11,912810UD8,TSRYS5870973,D,S,T,2024-10-24,3000000.00,4.567305,94.26943125
08:01:11,912810UD8,TSRYS5870973,D,S,T,2024-10-24,1000000.00,4.567619,94.265525
08:01:11,912810UD8,TSRYS5870973,D,S,T,2024-10-24,2000000.00,4.567619,94.265525
08:01:11,912810UD8,TSRYS5870973,D,S,T,2024-10-24,2000000.00,4.568865,94.25
08:01:12,912810UD8,TSRYS5870973,D,S,T,2024-10-24,1000000.00,4.580185,94.10915
08:01:12,912810UD8,TSRYS5870973,D,S,T,2024-10-24,1000000.00,4.580185,94.10915
08:01:12,912810UD8,TSRYS5870973,D,S,T,2024-10-24,1000000.00,4.568865,94.25
08:01:12,912810UD8,TSRYS5870973,D,S,T,2024-10-24,1000000.00,4.580185,94.10915
08:01:12,912810UD8,TSRYS5870973,D,S,T,2024-10-24,1000000.00,4.580185,94.10915
08:01:12,912810UD8,TSRYS5870973,D,S,T,2024-10-24,1000000.00,4.567629,94.2654
08:01:12,912810UD8,TSRYS5870973,D,S,T,2024-10-24,1000000.00,4.567629,94.2654
08:01:12,912810UD8,TSRYS5870973,D,S,T,2024-10-24,1000000.00,4.546327,94.53125
08:01:12,912810UD8,TSRYS5870973,D,S,T,2024-10-24,1000000.00,4.568865,94.25
08:01:12,912810UD8,TSRYS5870973,D,B,A,2024-10-24,11000.00,4.546347,94.531
08:01:12,912810UD8,TSRYS5870973,D,S,D,2024-10-24,5000000.00,4.580456,94.1057781
08:01:12,912810UD8,TSRYS5870973,D,S,D,2024-10-24,2000000.00,4.571318,94.21945
08:01:12,912810UD8,TSRYS5870973,D,S,T,2024-10-24,1000000.00,4.568865,94.25
08:01:12,912810UD8,TSRYS5870973,D,S,T,2024-10-24,1000000.00,4.568865,94.25
08:01:13,912810UD8,TSRYS5870973,D,S,D,2024-10-24,1000000.00,4.566356,94.28125
08:01:13,912810UD8,TSRYS5870973,D,S,T,2024-10-24,1000000.00,4.568865,94.25
08:01:13,912810UD8,TSRYS5870973,D,B,C,2024-10-24,1000000.00,4.567297,94.26953125
08:01:13,912810UD8,TSRYS5870973,D,B,C,2024-10-24,1000000.00,4.567297,94.26953125
08:01:13,912810UD8,TSRYS5870973,D,S,D,2024-10-24,1000000.00,4.567297,94.26953125
08:01:13,912810UD8,TSRYS5870973,D,S,D,2024-10-24,1000000.00,4.567297,94.26953125
08:01:13,912810UD8,TSRYS5870973,D,S,D,2024-10-24,1000000.00,4.567297,94.26953125
08:01:13,912810UD8,TSRYS5870973,D,S,D,2024-10-24,2000000.00,4.567297,94.26953125
08:01:13,912810UD8,TSRYS5870973,D,S,D,2024-10-24,3000000.00,4.567611,94.265625
08:01:13,912810UD8,TSRYS5870973,D,S,D,2024-10-24,1000000.00,4.567611,94.265625
08:01:13,912810UD8,TSRYS5870973,D,S,D,2024-10-24,2000000.00,4.567297,94.26953125
08:01:13,912810UD8,TSRYS5870973,D,S,T,2024-10-24,1000000.00,4.568865,94.25
08:01:13,912810UD8,TSRYS5870973,D,S,C,2024-10-24,1000000.00,4.56667,94.27734375
08:01:14,912810UD8,TSRYS5870973,D,S,D,2024-10-24,1000000.00,4.551328,94.46875
08:01:14,912810UD8,TSRYS5870973,D,S,D,2024-10-24,1000000.00,4.550702,94.4765625
08:01:14,912810UD8,TSRYS5870973,D,B,C,2024-10-24,1000000.00,4.549452,94.4921875
08:01:14,912810UD8,TSRYS5870973,D,B,C,2024-10-24,1000000.00,4.547264,94.51953125
08:01:14,912810UD8,TSRYS5870973,D,B,C,2024-10-24,1000000.00,4.549765,94.48828125
08:01:14,912810UD8,TSRYS5870973,D,S,D,2024-10-24,1000000.00,4.549765,94.48828125
08:01:14,912810UD8,TSRYS5870973,D,S,D,2024-10-24,1000000.00,4.547264,94.51953125
08:01:14,912810UD8,TSRYS5870973,D,S,D,2024-10-24,1000000.00,4.549452,94.4921875
08:01:14,912810UD8,TSRYS5870973,D,S,D,2024-10-24,1000000.00,4.548827,94.5
08:01:14,912810UD8,TSRYS5870973,D,S,C,2024-10-24,1000000.00,4.54539,94.54296875
08:01:14,912810UD8,TSRYS5870973,D,B,C,2024-10-24,1000000.00,4.54539,94.54296875
08:01:14,912810UD8,TSRYS5870973,D,B,C,2024-10-24,1000000.00,4.546639,94.52734375
08:01:14,912810UD8,TSRYS5870973,D,S,C,2024-10-24,1000000.00,4.546639,94.52734375
08:01:14,912810UD8,TSRYS5870973,D,S,C,2024-10-24,1000000.00,4.547889,94.51171875
08:01:14,912810UD8,TSRYS5870973,D,S,D,2024-10-24,1000000.00,4.546327,94.53125
08:01:14,912810UD8,TSRYS5870973,D,B,C,2024-10-24,1000000.00,4.547889,94.51171875
08:01:14,912810UD8,TSRYS5870973,D,S,D,2024-10-24,1000000.00,4.548202,94.5078125
08:01:14,912810UD8,TSRYS5870973,D,B,C,2024-10-24,1000000.00,4.546327,94.53125
08:01:14,912810UD8,TSRYS5870973,D,B,C,2024-10-24,1000000.00,4.548202,94.5078125
08:01:14,912810UD8,TSRYS5870973,D,B,C,2024-10-24,1000000.00,4.548202,94.5078125
08:01:14,912810UD8,TSRYS5870973,D,S,C,2024-10-24,1000000.00,4.548202,94.5078125
08:01:14,912810UD8,TSRYS5870973,D,S,D,2024-10-24,1000000.00,4.538209,94.6328125
08:01:14,912810UD8,TSRYS5870973,D,B,C,2024-10-24,1000000.00,4.538209,94.6328125
08:01:14,912810UD8,TSRYS5870973,D,S,D,2024-10-24,1000000.00,4.546327,94.53125
08:01:14,912810UD8,TSRYS5870973,D,S,D,2024-10-24,1000000.00,4.542579,94.578125
08:01:14,912810UD8,TSRYS5870973,D,S,D,2024-10-24,1000000.00,4.540394,94.60546875
08:01:14,912810UD8,TSRYS5870973,D,S,D,2024-10-24,1000000.00,4.541018,94.59765625
08:01:14,912810UD8,TSRYS5870973,D,B,C,2024-10-24,1000000.00,4.541018,94.59765625
08:01:14,912810UD8,TSRYS5870973,D,S,D,2024-10-24,1000000.00,4.544453,94.5546875
08:01:14,912810UD8,TSRYS5870973,D,S,D,2024-10-24,1000000.00,4.544453,94.5546875
08:01:14,912810UD8,TSRYS5870973,D,S,D,2024-10-24,1000000.00,4.544453,94.5546875
08:01:14,912810UD8,TSRYS5870973,D,B,C,2024-10-24,1000000.00,4.544765,94.55078125
08:01:14,912810UD8,TSRYS5870973,D,S,D,2024-10-24,1000000.00,4.544765,94.55078125
08:01:15,912810UD8,TSRYS5870973,D,B,C,2024-10-24,1000000.00,4.544765,94.55078125
08:01:15,912810UD8,TSRYS5870973,D,S,D,2024-10-24,1000000.00,4.544765,94.55078125
08:01:15,912810UD8,TSRYS5870973,D,S,D,2024-10-24,1000000.00,4.54414,94.55859375
08:01:15,912810UD8,TSRYS5870973,D,S,T,2024-10-24,1000000.00,4.545077,94.546875
08:01:15,912810UD8,TSRYS5870973,D,S,T,2024-10-24,1000000.00,4.545702,94.5390625
08:01:15,912810UD8,TSRYS5870973,D,S,T,2024-10-24,1000000.00,4.543828,94.5625
08:01:16,912810UD8,TSRYS5870973,D,S,D,2024-10-24,1000000.00,4.577025,94.1484375
08:01:17,912810UD8,TSRYS5870973,D,S,T,2024-10-24,1000000.00,4.543828,94.5625
08:01:17,912810UD8,TSRYS5870973,D,S,D,2024-10-24,1000000.00,4.577182,94.14648437
08:01:17,912810UD8,TSRYS5870973,D,S,T,2024-10-24,1000000.00,4.545077,94.546875
08:01:17,912810UD8,TSRYS5870973,D,S,T,2024-10-24,1000000.00,4.545077,94.546875
08:01:17,912810UD8,TSRYS5870973,D,S,T,2024-10-24,1000000.00,4.545077,94.546875
08:01:17,912810UD8,TSRYS5870973,D,S,T,2024-10-24,1000000.00,4.545077,94.546875
08:01:17,912810UD8,TSRYS5870973,D,S,T,2024-10-24,2000000.00,4.545077,94.546875
08:01:18,912810UD8,TSRYS5870973,D,S,T,2024-10-24,1000000.00,4.545077,94.546875
08:01:18,912810UD8,TSRYS5870973,D,S,T,2024-10-24,1000000.00,4.545077,94.546875
08:01:18,912810UD8,TSRYS5870973,D,S,T,2024-10-24,1000000.00,4.545077,94.546875
08:01:18,912810UD8,TSRYS5870973,D,S,T,2024-10-24,1000000.00,4.545077,94.546875
08:01:18,912810UD8,TSRYS5870973,D,S,T,2024-10-24,1000000.00,4.545077,94.546875
08:01:18,912810UD8,TSRYS5870973,D,S,T,2024-10-24,1000000.00,4.545077,94.546875
08:01:18,912810UD8,TSRYS5870973,D,S,T,2024-10-24,1000000.00,4.545077,94.546875
08:01:18,912810UD8,TSRYS5870973,D,S,T,2024-10-24,2000000.00,4.545077,94.546875
08:01:18,912810UD8,TSRYS5870973,D,S,A,2024-10-24,460000.00,4.57012,94.234375
08:01:19,912810UD8,TSRYS5870973,D,S,T,2024-10-24,1000000.00,4.550077,94.484375
08:01:20,912810UD8,TSRYS5870973,D,S,T,2024-10-24,1000000.00,4.550077,94.484375
08:01:20,912810UD8,TSRYS5870973,D,S,T,2024-10-24,1000000.00,4.580167,94.109375
08:01:20,912810UD8,TSRYS5870973,D,S,T,2024-10-24,1000000.00,4.567297,94.26953125
08:01:20,912810UD8,TSRYS5870973,D,S,T,2024-10-24,1000000.00,4.567611,94.265625
08:01:20,912810UD8,TSRYS5870973,D,S,T,2024-10-24,1000000.00,4.548827,94.5
08:01:21,912810UD8,TSRYS5870973,D,S,T,2024-10-24,1000000.00,4.548827,94.5
08:01:22,912810UD8,TSRYS5870973,D,S,D,2024-10-24,1000000.00,4.567611,94.265625
08:01:22,912810UD8,TSRYS5870973,D,S,T,2024-10-24,1000000.00,4.567454,94.26757812
08:01:22,912810UD8,TSRYS5870973,D,S,T,2024-10-24,1000000.00,4.567623,94.265473
08:01:22,912810UD8,TSRYS5870973,D,S,T,2024-10-24,1000000.00,4.567767,94.26367187
08:01:22,912810UD8,TSRYS5870973,D,S,D,2024-10-24,1000000.00,4.565729,94.2890625
08:01:22,912810UD8,TSRYS5870973,D,S,T,2024-10-24,1000000.00,4.566356,94.28125
08:01:23,912810UD8,TSRYS5870973,D,B,C,2024-10-24,4000000.00,4.545077,94.546875
08:01:23,912810UD8,TSRYS5870973,D,S,D,2024-10-24,4000000.00,4.550726,94.4762625
08:01:23,912810UD8,TSRYS5870973,D,S,C,2024-10-24,3000.00,4.546295,94.53165
08:01:24,912810UD8,TSRYS5870973,D,S,D,2024-10-24,1000000.00,4.57891,94.125
08:01:24,912810UD8,TSRYS5870973,D,S,D,2024-10-24,1000000.00,4.57891,94.125
08:01:24,912810UD8,TSRYS5870973,D,S,D,2024-10-24,1000000.00,4.57891,94.125
08:01:24,912810UD8,TSRYS5870973,D,S,D,2024-10-24,1000000.00,4.57891,94.125
08:01:25,912810UD8,TSRYS5870973,D,S,T,2024-10-24,1000000.00,4.57891,94.125
08:01:25,912810UD8,TSRYS5870973,D,S,D,2024-10-24,1000000.00,4.57891,94.125
08:01:25,912810UD8,TSRYS5870973,D,S,D,2024-10-24,1000000.00,4.57891,94.125
08:01:25,912810UD8,TSRYS5870973,D,S,T,2024-10-24,1000000.00,4.57891,94.125
08:01:26,912810UD8,TSRYS5870973,D,S,A,2024-10-24,10000.00,4.55067,94.5269625
08:01:29,912810UD8,TSRYS5870973,D,S,D,2024-10-24,1000000.00,4.576397,94.15625
08:01:29,912810UD8,TSRYS5870973,D,S,D,2024-10-24,1000000.00,4.576397,94.15625
08:01:29,912810UD8,TSRYS5870973,D,S,T,2024-10-24,1000000.00,4.576397,94.15625
08:01:30,912810UD8,TSRYS5870973,D,S,A,2024-10-24,1000000.00,4.546639,94.52734375
08:01:30,912810UD8,TSRYS5870973,D,S,A,2024-10-24,1200000.00,4.547889,94.51171875
08:01:30,912810UD8,TSRYS5870973,D,S,D,2024-10-24,1000000.00,4.545546,94.541015625
08:01:32,912810UD8,TSRYS5870973,D,S,D,2024-10-24,1000000.00,4.585197,94.046875
08:01:32,912810UD8,TSRYS5870973,D,B,C,2024-10-24,4000000.00,4.578966,94.1243
08:01:32,912810UD8,TSRYS5870973,D,B,C,2024-10-24,4000000.00,4.578966,94.1243
08:01:32,912810UD8,TSRYS5870973,D,B,C,2024-10-24,3000000.00,4.576453,94.15555
08:01:32,912810UD8,TSRYS5870973,D,S,D,2024-10-24,1000000.00,4.547889,94.51171875
08:01:32,912810UD8,TSRYS5870973,D,S,D,2024-10-24,1000000.00,4.547889,94.51171875
08:01:32,912810UD8,TSRYS5870973,D,B,C,2024-10-24,2000000.00,4.57716,94.14676
08:01:33,912810UD8,TSRYS5870973,D,B,C,2024-10-24,1000000.00,4.547577,94.515625
08:01:33,912810UD8,TSRYS5870973,D,S,D,2024-10-24,1000000.00,4.547577,94.515625
08:01:33,912810UD8,TSRYS5870973,D,S,A,2024-10-24,1500000.00,4.566043,94.28515625
08:01:33,912810UD8,TSRYS5870973,D,B,C,2024-10-24,3000000.00,4.594741,93.92844
08:01:34,912810UD8,TSRYS5870973,D,S,D,2024-10-24,1000000.00,4.543203,94.5703125
08:01:34,912810UD8,TSRYS5870973,D,S,D,2024-10-24,1000000.00,4.543203,94.5703125
08:01:34,912810UD8,TSRYS5870973,D,B,C,2024-10-24,1000000.00,4.543203,94.5703125
08:01:34,912810UD8,TSRYS5870973,D,B,C,2024-10-24,1000000.00,4.543203,94.5703125
08:01:34,912810UD8,TSRYS5870973,D,S,D,2024-10-24,1000000.00,4.57891,94.125
08:01:34,912810UD8,TSRYS5870973,D,S,D,2024-10-24,1000000.00,4.57891,94.125
08:01:34,912810UD8,TSRYS5870973,D,S,D,2024-10-24,1000000.00,4.579538,94.1171875
08:01:34,912810UD8,TSRYS5870973,D,S,D,2024-10-24,1000000.00,4.579538,94.1171875
08:01:35,912810UD8,TSRYS5870973,D,B,A,2024-10-24,500000.00,4.543203,94.5703125
08:01:35,912810UD8,TSRYS5870973,D,S,D,2024-10-24,1000000.00,4.57891,94.125
08:01:36,912810UD8,TSRYS5870973,D,S,D,2024-10-24,1000000.00,4.576397,94.15625
08:01:36,912810UD8,TSRYS5870973,D,S,D,2024-10-24,50000.00,4.548514,94.50390625
08:01:36,912810UD8,TSRYS5870973,D,B,C,2024-10-24,50000.00,4.548514,94.49390625
08:01:36,912810UD8,TSRYS5870973,D,B,C,2024-10-24,1000000.00,4.541955,94.5859375
08:01:37,912810UD8,TSRYS5870973,D,B,C,2024-10-24,1000000.00,4.5662,94.28320312
08:01:37,912810UD8,TSRYS5870973,D,S,D,2024-10-24,1000000.00,4.58001,94.111328125
08:01:37,912810UD8,TSRYS5870973,D,B,C,2024-10-24,1000000.00,4.544453,94.5546875
08:01:37,912810UD8,TSRYS5870973,D,B,C,2024-10-24,1000000.00,4.544453,94.5546875
08:01:37,912810UD8,TSRYS5870973,D,S,D,2024-10-24,3000.00,,94.53165
08:01:37,912810UD8,TSRYS5870973,D,B,C,2024-10-24,1000000.00,4.546952,94.5234375
08:01:37,912810UD8,TSRYS5870973,D,S,A,2024-10-24,2000000.00,4.558524,94.37890625
08:01:38,912810UD8,TSRYS5870973,D,S,A,2024-10-24,2000000.00,4.555081,94.421875
08:01:39,912810UD8,TSRYS5870973,D,S,D,2024-10-24,1000000.00,4.580167,94.109375
08:01:39,912810UD8,TSRYS5870973,D,S,D,2024-10-24,1000000.00,4.580638,94.103515625
08:01:39,912810UD8,TSRYS5870973,D,S,D,2024-10-24,1000000.00,4.546327,94.53125
08:01:39,912810UD8,TSRYS5870973,D,S,D,2024-10-24,1000000.00,4.546327,94.53125
08:01:40,912810UD8,TSRYS5870973,D,S,D,2024-10-24,1000000.00,4.546327,94.53125
08:01:40,912810UD8,TSRYS5870973,D,S,D,2024-10-24,1000000.00,4.546327,94.53125
08:01:40,912810UD8,TSRYS5870973,D,S,D,2024-10-24,1000000.00,4.546327,94.53125
08:01:40,912810UD8,TSRYS5870973,D,S,D,2024-10-24,1000000.00,4.546327,94.53125
08:01:40,912810UD8,TSRYS5870973,D,S,D,2024-10-24,1000000.00,4.546327,94.53125
08:01:40,912810UD8,TSRYS5870973,D,S,D,2024-10-24,1000000.00,4.546327,94.53125
08:01:40,912810UD8,TSRYS5870973,D,S,D,2024-10-24,1000000.00,4.546327,94.53125
08:01:40,912810UD8,TSRYS5870973,D,S,C,2024-10-24,12000000.00,4.572474,94.20506
08:01:40,912810UD8,TSRYS5870973,D,S,D,2024-10-24,1000000.00,4.546327,94.53125
08:01:41,912810UD8,TSRYS5870973,D,S,T,2024-10-24,1000000.00,4.565729,94.2890625
08:01:41,912810UD8,TSRYS5870973,D,S,D,2024-10-24,1000000.00,4.565573,94.29101562
08:01:41,912810UD8,TSRYS5870973,D,B,C,2024-10-24,6000000.00,4.567088,94.27214
08:01:41,912810UD8,TSRYS5870973,D,S,D,2024-10-24,1000000.00,4.565729,94.2890625
08:01:41,912810UD8,TSRYS5870973,D,S,T,2024-10-24,1000000.00,4.565729,94.2890625
08:01:41,912810UD8,TSRYS5870973,D,S,D,2024-10-24,1000000.00,4.565729,94.2890625
08:01:41,912810UD8,TSRYS5870973,D,S,D,2024-10-24,1000000.00,4.565729,94.2890625
08:01:41,912810UD8,TSRYS5870973,D,S,D,2024-10-24,1000000.00,4.571375,94.21875
08:01:41,912810UD8,TSRYS5870973,D,S,D,2024-10-24,1000000.00,4.565103,94.296875
08:01:41,912810UD8,TSRYS5870973,D,S,T,2024-10-24,1000000.00,4.565729,94.2890625
08:01:41,912810UD8,TSRYS5870973,D,S,D,2024-10-24,1000000.00,4.565729,94.2890625
08:01:42,912810UD8,TSRYS5870973,D,S,D,2024-10-24,1000000.00,4.546327,94.53125
08:01:42,912810UD8,TSRYS5870973,D,S,T,2024-10-24,1000000.00,4.546327,94.53125
08:01:42,912810UD8,TSRYS5870973,D,S,T,2024-10-24,1000000.00,4.558524,94.37890625
08:01:42,912810UD8,TSRYS5870973,D,B,C,2024-10-24,1000000.00,4.579695,94.11523437
08:01:42,912810UD8,TSRYS5870973,D,S,D,2024-10-24,1000000.00,4.56714,94.271484375
08:01:42,912810UD8,TSRYS5870973,D,S,D,2024-10-24,1000000.00,4.567767,94.263671875
08:01:42,912810UD8,TSRYS5870973,D,S,D,2024-10-24,1000000.00,4.567767,94.263671875
08:01:42,912810UD8,TSRYS5870973,D,S,T,2024-10-24,1000000.00,4.558837,94.375
08:01:43,912810UD8,TSRYS5870973,D,S,D,2024-10-24,1000000.00,4.567611,94.265625
08:01:43,912810UD8,TSRYS5870973,D,S,D,2024-10-24,1000000.00,4.566356,94.28125
08:01:43,912810UD8,TSRYS5870973,D,S,D,2024-10-24,1000000.00,4.546327,94.53125
08:01:44,912810UD8,TSRYS5870973,D,S,D,2024-10-24,1000000.00,4.546327,94.53125
08:01:44,912810UD8,TSRYS5870973,D,S,D,2024-10-24,1000000.00,4.566356,94.28125
08:01:44,912810UD8,TSRYS5870973,D,S,D,2024-10-24,1000000.00,4.567454,94.267578125
08:01:44,912810UD8,TSRYS5870973,D,S,D,2024-10-24,1000000.00,4.567297,94.26953125
08:01:44,912810UD8,TSRYS5870973,D,S,D,2024-10-24,1000000.00,4.567611,94.265625
08:01:44,912810UD8,TSRYS5870973,D,S,D,2024-10-24,1000000.00,4.567767,94.263671875
08:01:44,912810UD8,TSRYS5870973,D,S,D,2024-10-24,1000000.00,4.565729,94.2890625
08:01:44,912810UD8,TSRYS5870973,D,S,D,2024-10-24,1000000.00,4.565729,94.2890625
08:01:44,912810UD8,TSRYS5870973,D,S,D,2024-10-24,1000000.00,4.565729,94.2890625
08:01:44,912810UD8,TSRYS5870973,D,S,D,2024-10-24,1000000.00,4.566356,94.28125
08:01:44,912810UD8,TSRYS5870973,D,S,C,2024-10-24,24000000.00,4.567146,94.27141
08:01:44,912810UD8,TSRYS5870973,D,S,A,2024-10-24,90000.00,4.568238,94.2578125
08:01:45,912810UD8,TSRYS5870973,D,S,D,2024-10-24,1000000.00,4.59464,93.9296875
08:01:45,912810UD8,TSRYS5870973,D,S,D,2024-10-24,1000000.00,4.59464,93.9296875
08:01:45,912810UD8,TSRYS5870973,D,S,D,2024-10-24,1000000.00,4.59464,93.9296875
08:01:45,912810UD8,TSRYS5870973,D,S,D,2024-10-24,6000000.00,4.546014,94.53515625
08:01:45,912810UD8,TSRYS5870973,D,S,D,2024-10-24,1000000.00,4.566043,94.28515625
08:01:45,912810UD8,TSRYS5870973,D,S,T,2024-10-24,1000000.00,4.566372,94.28105
08:01:45,912810UD8,TSRYS5870973,D,S,T,2024-10-24,1000000.00,4.566372,94.28105
08:01:45,912810UD8,TSRYS5870973,D,S,T,2024-10-24,1000000.00,4.566372,94.28105
08:01:46,912810UD8,TSRYS5870973,D,S,D,2024-10-24,3000000.00,4.568865,94.25
08:01:46,912810UD8,TSRYS5870973,D,S,D,2024-10-24,1000000.00,4.56667,94.27734375
08:01:46,912810UD8,TSRYS5870973,D,S,D,2024-10-24,1000000.00,4.56714,94.27148437
08:01:47,912810UD8,TSRYS5870973,D,S,A,2024-10-24,10000000.00,4.548202,94.5078125
08:01:47,912810UD8,TSRYS5870973,D,S,A,2024-10-24,900000.00,4.553624,94.44140625
08:01:47,912810UD8,TSRYS5870973,D,S,D,2024-10-24,1000000.00,4.56714,94.27148437
08:01:47,912810UD8,TSRYS5870973,D,B,C,2024-10-24,2000000.00,4.576868,94.15039062
08:01:47,912810UD8,TSRYS5870973,D,S,T,2024-10-24,1000000.00,4.567627,94.265425
08:01:47,912810UD8,TSRYS5870973,D,S,T,2024-10-24,1000000.00,4.567627,94.265425
08:01:47,912810UD8,TSRYS5870973,D,S,T,2024-10-24,1000000.00,4.566372,94.28105
08:01:47,912810UD8,TSRYS5870973,D,S,D,2024-10-24,1000000.00,4.567611,94.265625
08:01:47,912810UD8,TSRYS5870973,D,S,D,2024-10-24,1000000.00,4.567611,94.265625
08:01:47,912810UD8,TSRYS5870973,D,S,D,2024-10-24,1000000.00,4.567767,94.26367187
08:01:47,912810UD8,TSRYS5870973,D,S,D,2024-10-24,925000.00,4.546327,94.53125
08:01:48,912810UD8,TSRYS5870973,D,S,D,2024-10-24,250000.00,4.548827,94.5
08:01:48,912810UD8,TSRYS5870973,D,S,D,2024-10-24,1000000.00,4.567924,94.26171875
08:01:48,912810UD8,TSRYS5870973,D,S,D,2024-10-24,1000000.00,4.568551,94.25390625
08:01:49,912810UD8,TSRYS5870973,D,S,C,2024-10-24,2000000.00,4.543828,94.5625
08:01:49,912810UD8,TSRYS5870973,D,B,A,2024-10-24,4050000.00,4.543235,94.5699125
08:01:51,912810UD8,TSRYS5870973,D,S,D,2024-10-24,1000000.00,4.570747,94.2265625
08:01:51,912810UD8,TSRYS5870973,D,S,D,2024-10-24,1000000.00,4.57059,94.22851562
08:01:51,912810UD8,TSRYS5870973,D,S,D,2024-10-24,1000000.00,4.57059,94.22851562
08:01:51,912810UD8,TSRYS5870973,D,S,D,2024-10-24,1000000.00,4.570433,94.23046875
08:01:51,912810UD8,TSRYS5870973,D,S,D,2024-10-24,1000000.00,4.570433,94.23046875
08:01:51,912810UD8,TSRYS5870973,D,S,T,2024-10-24,1000000.00,4.571375,94.21875
08:01:51,912810UD8,TSRYS5870973,D,S,T,2024-10-24,1000000.00,4.571375,94.21875
08:01:51,912810UD8,TSRYS5870973,D,S,D,2024-10-24,1000000.00,4.571375,94.21875
08:01:51,912810UD8,TSRYS5870973,D,B,A,2024-10-24,50000.00,4.546952,94.5234375
08:01:53,912810UD8,TSRYS5870973,D,S,D,2024-10-24,40000000.00,4.542579,94.578125
08:01:53,912810UD8,TSRYS5870973,D,S,D,2024-10-24,40000000.00,4.550077,94.484375
08:01:53,912810UD8,TSRYS5870973,D,S,D,2024-10-24,1000000.00,4.543203,94.5703125
08:01:53,912810UD8,TSRYS5870973,D,S,D,2024-10-24,1000000.00,4.56009,94.359375
08:01:55,912810UD8,TSRYS5870973,D,S,D,2024-10-24,1000000.00,4.551328,94.46875
08:01:55,912810UD8,TSRYS5870973,D,S,D,2024-10-24,1000000.00,4.551328,94.46875
08:01:56,912810UD8,TSRYS5870973,D,S,A,2024-10-24,19800000.00,4.568238,94.2578125
08:01:57,912810UD8,TSRYS5870973,D,S,A,2024-10-24,400000.00,4.543203,94.5703125
08:01:57,912810UD8,TSRYS5870973,D,S,D,2024-10-24,1000000.00,4.548202,94.5078125
08:01:57,912810UD8,TSRYS5870973,D,S,D,2024-10-24,1000000.00,4.548202,94.5078125
08:01:57,912810UD8,TSRYS5870973,D,S,D,2024-10-24,1000000.00,4.547577,94.515625
08:01:57,912810UD8,TSRYS5870973,D,S,D,2024-10-24,1000000.00,4.548202,94.5078125
08:01:57,912810UD8,TSRYS5870973,D,S,D,2024-10-24,1000000.00,4.548202,94.5078125
08:01:57,912810UD8,TSRYS5870973,D,S,D,2024-10-24,1000000.00,4.548202,94.5078125
08:01:57,912810UD8,TSRYS5870973,D,S,T,2024-10-24,1000000.00,4.57012,94.234375
08:01:58,912810UD8,TSRYS5870973,D,S,T,2024-10-24,1000000.00,4.55134,94.4686
08:01:58,912810UD8,TSRYS5870973,D,S,T,2024-10-24,1000000.00,4.55134,94.4686
08:01:58,912810UD8,TSRYS5870973,D,S,T,2024-10-24,1000000.00,4.55134,94.4686
08:01:58,912810UD8,TSRYS5870973,D,S,T,2024-10-24,1000000.00,4.551328,94.46875
08:01:58,912810UD8,TSRYS5870973,D,S,T,2024-10-24,1000000.00,4.551328,94.46875
08:01:59,912810UD8,TSRYS5870973,D,S,T,2024-10-24,1000000.00,4.55134,94.4686
08:01:59,912810UD8,TSRYS5870973,D,S,D,2024-10-24,1000000.00,4.555081,94.421875
08:01:59,912810UD8,TSRYS5870973,D,S,D,2024-10-24,1000000.00,4.55383,94.4375
08:01:59,912810UD8,TSRYS5870973,D,S,D,2024-10-24,1000000.00,4.552579,94.453125
08:02:00,912810UD8,TSRYS5870973,D,S,T,2024-10-24,1000000.00,4.547589,94.515475
08:02:00,912810UD8,TSRYS5870973,D,S,T,2024-10-24,1000000.00,4.547589,94.515475
08:02:00,912810UD8,TSRYS5870973,D,S,T,2024-10-24,1000000.00,4.57012,94.234375
08:02:00,912810UD8,TSRYS5870973,D,S,T,2024-10-24,1000000.00,4.547589,94.515475
08:02:00,912810UD8,TSRYS5870973,D,S,T,2024-10-24,1000000.00,4.547589,94.515475
08:02:00,912810UD8,TSRYS5870973,D,S,T,2024-10-24,1000000.00,4.548202,94.5078125
08:02:00,912810UD8,TSRYS5870973,D,S,T,2024-10-24,1000000.00,4.548214,94.5076625
08:02:00,912810UD8,TSRYS5870973,D,S,T,2024-10-24,1000000.00,4.548214,94.5076625
08:02:00,912810UD8,TSRYS5870973,D,S,T,2024-10-24,1000000.00,4.548202,94.5078125
08:02:00,912810UD8,TSRYS5870973,D,S,T,2024-10-24,1000000.00,4.547577,94.515625
08:02:00,912810UD8,TSRYS5870973,D,S,T,2024-10-24,1000000.00,4.586455,94.03125
08:02:00,912810UD8,TSRYS5870973,D,S,T,2024-10-24,1000000.00,4.585197,94.046875
08:02:00,912810UD8,TSRYS5870973,D,S,T,2024-10-24,1000000.00,4.580481,94.10546875
08:02:00,912810UD8,TSRYS5870973,D,S,T,2024-10-24,1000000.00,4.571375,94.21875
08:02:00,912810UD8,TSRYS5870973,D,S,D,2024-10-24,1000000.00,4.567611,94.265625
08:02:00,912810UD8,TSRYS5870973,D,S,D,2024-10-24,1000000.00,4.566356,94.28125
08:02:00,912810UD8,TSRYS5870973,D,S,T,2024-10-24,2000000.00,4.565103,94.296875
08:02:01,912810UD8,TSRYS5870973,D,S,T,2024-10-24,1000000.00,4.566356,94.28125
08:02:01,912810UD8,TSRYS5870973,D,S,T,2024-10-24,1000000.00,4.569492,94.2421875
08:02:01,912810UD8,TSRYS5870973,D,S,T,2024-10-24,1000000.00,4.569335,94.244140625
08:02:01,912810UD8,TSRYS5870973,D,S,T,2024-10-24,1000000.00,4.568865,94.25
08:02:01,912810UD8,TSRYS5870973,D,S,T,2024-10-24,1000000.00,4.547577,94.515625
08:02:01,912810UD8,TSRYS5870973,D,S,T,2024-10-24,1000000.00,4.558837,94.375
08:02:01,912810UD8,TSRYS5870973,D,S,D,2024-10-24,1000000.00,4.550077,94.484375
08:02:01,912810UD8,TSRYS5870973,D,S,T,2024-10-24,1000000.00,4.548214,94.5076625
08:02:01,912810UD8,TSRYS5870973,D,S,T,2024-10-24,1000000.00,4.548214,94.5076625
08:02:01,912810UD8,TSRYS5870973,D,S,T,2024-10-24,1000000.00,4.56009,94.359375
08:02:01,912810UD8,TSRYS5870973,D,S,T,2024-10-24,1000000.00,4.561343,94.34375
08:02:01,912810UD8,TSRYS5870973,D,S,T,2024-10-24,1000000.00,4.560873,94.349609375
08:02:01,912810UD8,TSRYS5870973,D,S,D,2024-10-24,1000000.00,4.551328,94.46875
08:02:01,912810UD8,TSRYS5870973,D,S,D,2024-10-24,1000000.00,4.550702,94.4765625
08:02:01,912810UD8,TSRYS5870973,D,S,D,2024-10-24,1000000.00,4.548827,94.5
08:02:01,912810UD8,TSRYS5870973,D,S,T,2024-10-24,1000000.00,4.548202,94.5078125
08:02:01,912810UD8,TSRYS5870973,D,S,T,2024-10-24,1000000.00,4.547589,94.515475
08:02:01,912810UD8,TSRYS5870973,D,S,D,2024-10-24,3000000.00,4.549296,94.494140625
08:02:01,912810UD8,TSRYS5870973,D,S,T,2024-10-24,1000000.00,4.548214,94.5076625
08:02:01,912810UD8,TSRYS5870973,D,S,T,2024-10-24,1000000.00,4.548214,94.5076625
08:02:01,912810UD8,TSRYS5870973,D,S,D,2024-10-24,1000000.00,4.547577,94.515625
08:02:01,912810UD8,TSRYS5870973,D,S,T,2024-10-24,1000000.00,4.548214,94.5076625
08:02:02,912810UD8,TSRYS5870973,D,S,T,2024-10-24,1000000.00,4.548214,94.5076625
08:02:02,912810UD8,TSRYS5870973,D,S,D,2024-10-24,1000000.00,4.544453,94.5546875
08:02:02,912810UD8,TSRYS5870973,D,S,T,2024-10-24,1000000.00,4.546795,94.525390625
08:02:02,912810UD8,TSRYS5870973,D,S,D,2024-10-24,1000000.00,4.54414,94.55859375
08:02:02,912810UD8,TSRYS5870973,D,S,D,2024-10-24,1000000.00,4.54414,94.55859375
08:02:02,912810UD8,TSRYS5870973,D,S,T,2024-10-24,1000000.00,4.57012,94.234375
08:02:02,912810UD8,TSRYS5870973,D,S,T,2024-10-24,1000000.00,4.57012,94.234375
08:02:02,912810UD8,TSRYS5870973,D,S,T,2024-10-24,1000000.00,4.551328,94.46875
08:02:02,912810UD8,TSRYS5870973,D,S,T,2024-10-24,1000000.00,4.546327,94.53125
08:02:02,912810UD8,TSRYS5870973,D,S,D,2024-10-24,1000000.00,4.546327,94.53125
08:02:02,912810UD8,TSRYS5870973,D,S,T,2024-10-24,1000000.00,4.597791,93.890625
08:02:02,912810UD8,TSRYS5870973,D,S,T,2024-10-24,1000000.00,4.548202,94.5078125
08:02:02,912810UD8,TSRYS5870973,D,S,T,2024-10-24,1000000.00,4.586455,94.03125
08:02:02,912810UD8,TSRYS5870973,D,S,T,2024-10-24,1000000.00,4.580167,94.109375
08:02:02,912810UD8,TSRYS5870973,D,S,T,2024-10-24,1000000.00,4.580167,94.109375
08:02:02,912810UD8,TSRYS5870973,D,S,T,2024-10-24,1000000.00,4.580167,94.109375
08:02:02,912810UD8,TSRYS5870973,D,S,T,2024-10-24,1000000.00,4.548202,94.5078125
08:02:02,912810UD8,TSRYS5870973,D,S,T,2024-10-24,1000000.00,4.577653,94.140625
08:02:02,912810UD8,TSRYS5870973,D,S,T,2024-10-24,1000000.00,4.571375,94.21875
08:02:02,912810UD8,TSRYS5870973,D,S,T,2024-10-24,1000000.00,4.57012,94.234375
08:02:02,912810UD8,TSRYS5870973,D,S,T,2024-10-24,1000000.00,4.57012,94.234375
08:02:02,912810UD8,TSRYS5870973,D,S,T,2024-10-24,1000000.00,4.566356,94.28125
08:02:02,912810UD8,TSRYS5870973,D,S,T,2024-10-24,1000000.00,4.565103,94.296875
08:02:02,912810UD8,TSRYS5870973,D,S,T,2024-10-24,1000000.00,4.565103,94.296875
08:02:02,912810UD8,TSRYS5870973,D,S,T,2024-10-24,1000000.00,4.567611,94.265625
08:02:02,912810UD8,TSRYS5870973,D,S,T,2024-10-24,1000000.00,4.566356,94.28125
08:02:02,912810UD8,TSRYS5870973,D,S,T,2024-10-24,1000000.00,4.566356,94.28125
08:02:02,912810UD8,TSRYS5870973,D,S,T,2024-10-24,1000000.00,4.566356,94.28125
08:02:02,912810UD8,TSRYS5870973,D,S,T,2024-10-24,1000000.00,4.567611,94.265625
08:02:02,912810UD8,TSRYS5870973,D,S,T,2024-10-24,1000000.00,4.57012,94.234375
08:02:02,912810UD8,TSRYS5870973,D,S,D,2024-10-24,1000000.00,4.546639,94.52734375
08:02:02,912810UD8,TSRYS5870973,D,B,C,2024-10-24,1000000.00,4.546639,94.52734375
08:02:02,912810UD8,TSRYS5870973,D,S,T,2024-10-24,1000000.00,4.557585,94.390625
08:02:02,912810UD8,TSRYS5870973,D,S,T,2024-10-24,1000000.00,4.558837,94.375
08:02:02,912810UD8,TSRYS5870973,D,S,T,2024-10-24,1000000.00,4.558837,94.375
08:02:02,912810UD8,TSRYS5870973,D,S,T,2024-10-24,1000000.00,4.56009,94.359375
08:02:02,912810UD8,TSRYS5870973,D,S,T,2024-10-24,1000000.00,4.56009,94.359375
08:02:02,912810UD8,TSRYS5870973,D,S,T,2024-10-24,1000000.00,4.56009,94.359375
08:02:02,912810UD8,TSRYS5870973,D,S,T,2024-10-24,1000000.00,4.56009,94.359375
08:02:02,912810UD8,TSRYS5870973,D,S,T,2024-10-24,1000000.00,4.56009,94.359375
08:02:02,912810UD8,TSRYS5870973,D,S,T,2024-10-24,1000000.00,4.56009,94.359375
08:02:02,912810UD8,TSRYS5870973,D,S,T,2024-10-24,1000000.00,4.561343,94.34375
08:02:02,912810UD8,TSRYS5870973,D,S,A,2024-10-24,21000000.00,4.54414,94.55859375
08:02:02,912810UD8,TSRYS5870973,D,S,T,2024-10-24,1000000.00,4.57012,94.234375
08:02:02,912810UD8,TSRYS5870973,D,S,T,2024-10-24,2000000.00,4.57012,94.234375
08:02:03,912810UD8,TSRYS5870973,D,S,T,2024-10-24,1000000.00,4.552579,94.453125
08:02:03,912810UD8,TSRYS5870973,D,S,T,2024-10-24,1000000.00,4.548827,94.5
08:02:03,912810UD8,TSRYS5870973,D,S,T,2024-10-24,1000000.00,4.548827,94.5
08:02:03,912810UD8,TSRYS5870973,D,S,T,2024-10-24,1000000.00,4.548827,94.5
08:02:03,912810UD8,TSRYS5870973,D,S,T,2024-10-24,1000000.00,4.550077,94.484375
08:02:03,912810UD8,TSRYS5870973,D,S,T,2024-10-24,1000000.00,4.55383,94.4375
08:02:03,912810UD8,TSRYS5870973,D,S,T,2024-10-24,1000000.00,4.550077,94.484375
08:02:03,912810UD8,TSRYS5870973,D,S,T,2024-10-24,1000000.00,4.550077,94.484375
08:02:03,912810UD8,TSRYS5870973,D,S,T,2024-10-24,1000000.00,4.543828,94.5625
08:02:03,912810UD8,TSRYS5870973,D,S,T,2024-10-24,1000000.00,4.546327,94.53125
08:02:03,912810UD8,TSRYS5870973,D,S,T,2024-10-24,1000000.00,4.546327,94.53125
08:02:04,912810UD8,TSRYS5870973,D,S,T,2024-10-24,1000000.00,4.546327,94.53125
08:02:04,912810UD8,TSRYS5870973,D,S,T,2024-10-24,1000000.00,4.546327,94.53125
08:02:04,912810UD8,TSRYS5870973,D,S,D,2024-10-24,1000000.00,4.547889,94.511718
08:02:04,912810UD8,TSRYS5870973,D,S,D,2024-10-24,1430000.00,4.548827,94.5
08:02:04,912810UD8,TSRYS5870973,D,S,D,2024-10-24,925000.00,4.546014,94.535156
08:02:04,912810UD8,TSRYS5870973,D,S,T,2024-10-24,1000000.00,4.545077,94.546875
08:02:04,912810UD8,TSRYS5870973,D,S,T,2024-10-24,1000000.00,4.54133,94.59375
08:02:04,912810UD8,TSRYS5870973,D,S,T,2024-10-24,1000000.00,4.548827,94.5
08:02:04,912810UD8,TSRYS5870973,D,S,T,2024-10-24,1000000.00,4.548827,94.5
08:02:04,912810UD8,TSRYS5870973,D,S,T,2024-10-24,1000000.00,4.546327,94.53125
08:02:04,912810UD8,TSRYS5870973,D,S,T,2024-10-24,1000000.00,4.555093,94.421725
08:02:04,912810UD8,TSRYS5870973,D,S,C,2024-10-24,1000000.00,4.599052,93.875
08:02:04,912810UD8,TSRYS5870973,D,S,C,2024-10-24,1000000.00,4.599052,93.875
08:02:04,912810UD8,TSRYS5870973,D,B,C,2024-10-24,1000000.00,4.599068,93.8748
08:02:04,912810UD8,TSRYS5870973,D,B,C,2024-10-24,1000000.00,4.599068,93.8748
08:02:04,912810UD8,TSRYS5870973,D,S,C,2024-10-24,1000000.00,4.597791,93.890625
08:02:05,912810UD8,TSRYS5870973,D,S,T,2024-10-24,1000000.00,4.555081,94.421875
08:02:05,912810UD8,TSRYS5870973,D,S,T,2024-10-24,1000000.00,4.555081,94.421875
08:02:05,912810UD8,TSRYS5870973,D,B,C,2024-10-24,1000000.00,4.597807,93.890425
08:02:05,912810UD8,TSRYS5870973,D,S,C,2024-10-24,1000000.00,4.597791,93.890625
08:02:05,912810UD8,TSRYS5870973,D,S,T,2024-10-24,1000000.00,4.55383,94.4375
08:02:05,912810UD8,TSRYS5870973,D,S,C,2024-10-24,1000000.00,4.599052,93.875
08:02:05,912810UD8,TSRYS5870973,D,S,C,2024-10-24,1000000.00,4.599052,93.875
08:02:05,912810UD8,TSRYS5870973,D,B,C,2024-10-24,1000000.00,4.599068,93.8748
08:02:05,912810UD8,TSRYS5870973,D,B,C,2024-10-24,1000000.00,4.599066,93.874825
08:02:05,912810UD8,TSRYS5870973,D,S,T,2024-10-24,1000000.00,4.553842,94.43735
08:02:05,912810UD8,TSRYS5870973,D,S,T,2024-10-24,1000000.00,4.553842,94.43735
08:02:05,912810UD8,TSRYS5870973,D,S,T,2024-10-24,1000000.00,4.57012,94.234375
08:02:05,912810UD8,TSRYS5870973,D,S,T,2024-10-24,1000000.00,4.553842,94.43735
08:02:06,912810UD8,TSRYS5870973,D,S,T,2024-10-24,1000000.00,4.552591,94.452975
08:02:06,912810UD8,TSRYS5870973,D,S,D,2024-10-24,1000000.00,4.545702,94.5390625
08:02:06,912810UD8,TSRYS5870973,D,S,T,2024-10-24,1000000.00,4.552579,94.453125
08:02:06,912810UD8,TSRYS5870973,D,S,T,2024-10-24,1000000.00,4.57012,94.234375
08:02:06,912810UD8,TSRYS5870973,D,S,T,2024-10-24,1000000.00,4.552591,94.452975
08:02:06,912810UD8,TSRYS5870973,D,S,T,2024-10-24,1000000.00,4.552591,94.452975
08:02:06,912810UD8,TSRYS5870973,D,S,T,2024-10-24,1000000.00,4.57012,94.234375
08:02:06,912810UD8,TSRYS5870973,D,S,T,2024-10-24,1000000.00,4.550089,94.484225
08:02:06,912810UD8,TSRYS5870973,D,S,T,2024-10-24,1000000.00,4.550089,94.484225
08:02:06,912810UD8,TSRYS5870973,D,S,T,2024-10-24,1000000.00,4.550089,94.484225
08:02:07,912810UD8,TSRYS5870973,D,S,T,2024-10-24,1000000.00,4.550077,94.484375
08:02:07,912810UD8,TSRYS5870973,D,S,T,2024-10-24,1000000.00,4.547589,94.515475
08:02:07,912810UD8,TSRYS5870973,D,S,T,2024-10-24,2000000.00,4.547589,94.515475
08:02:07,912810UD8,TSRYS5870973,D,B,C,2024-10-24,1000000.00,4.592766,93.952925
08:02:07,912810UD8,TSRYS5870973,D,S,D,2024-10-24,1000000.00,4.59275,93.953125
08:02:07,912810UD8,TSRYS5870973,D,S,C,2024-10-24,1000000.00,4.59275,93.953125
08:02:07,912810UD8,TSRYS5870973,D,B,C,2024-10-24,1000000.00,4.59275,93.953125
08:02:07,912810UD8,TSRYS5870973,D,S,D,2024-10-24,1000000.00,4.59274,93.953255
08:02:07,912810UD8,TSRYS5870973,D,S,D,2024-10-24,1000000.00,4.59274,93.953255
08:02:07,912810UD8,TSRYS5870973,D,S,T,2024-10-24,1000000.00,4.547577,94.515625
08:02:07,912810UD8,TSRYS5870973,D,S,D,2024-10-24,1000000.00,4.59527,93.921875
08:02:07,912810UD8,TSRYS5870973,D,S,C,2024-10-24,1000000.00,4.59527,93.921875
08:02:07,912810UD8,TSRYS5870973,D,S,C,2024-10-24,1000000.00,4.591491,93.96875
08:02:07,912810UD8,TSRYS5870973,D,S,C,2024-10-24,1000000.00,4.59527,93.921875
08:02:07,912810UD8,TSRYS5870973,D,S,C,2024-10-24,1000000.00,4.59527,93.921875
08:02:08,912810UD8,TSRYS5870973,D,S,D,2024-10-24,95000.00,4.545077,94.546875
08:02:08,912810UD8,TSRYS5870973,D,S,D,2024-10-24,1000000.00,4.59275,93.953125
08:02:08,912810UD8,TSRYS5870973,D,S,D,2024-10-24,1000000.00,4.59275,93.953125
08:02:08,912810UD8,TSRYS5870973,D,S,D,2024-10-24,1000000.00,4.59275,93.953125
08:02:08,912810UD8,TSRYS5870973,D,B,C,2024-10-24,2000000.00,4.59275,93.953125
08:02:08,912810UD8,TSRYS5870973,D,S,D,2024-10-24,1000000.00,4.59275,93.953125
08:02:08,912810UD8,TSRYS5870973,D,B,C,2024-10-24,1000000.00,4.592766,93.952925
08:02:08,912810UD8,TSRYS5870973,D,S,D,2024-10-24,2000000.00,4.59275,93.953125
08:02:08,912810UD8,TSRYS5870973,D,S,D,2024-10-24,1000000.00,4.59275,93.953125
08:02:08,912810UD8,TSRYS5870973,D,S,D,2024-10-24,1000000.00,4.59275,93.953125
08:02:08,912810UD8,TSRYS5870973,D,S,D,2024-10-24,1000000.00,4.59275,93.953125
08:02:08,912810UD8,TSRYS5870973,D,S,D,2024-10-24,1000000.00,4.59275,93.953125
08:02:08,912810UD8,TSRYS5870973,D,S,D,2024-10-24,1000000.00,4.590231,93.984375
08:02:08,912810UD8,TSRYS5870973,D,S,D,2024-10-24,1000000.00,4.545546,94.541015625
08:02:08,912810UD8,TSRYS5870973,D,S,D,2024-10-24,1000000.00,4.545546,94.541015625
08:02:09,912810UD8,TSRYS5870973,D,S,D,2024-10-24,1000000.00,4.545702,94.5390625
08:02:09,912810UD8,TSRYS5870973,D,S,D,2024-10-24,1000000.00,4.545702,94.5390625
08:02:10,912810UD8,TSRYS5870973,D,S,D,2024-10-24,1000000.00,4.539926,94.611328125
08:02:10,912810UD8,TSRYS5870973,D,S,D,2024-10-24,1000000.00,4.540238,94.607421875
08:02:10,912810UD8,TSRYS5870973,D,S,D,2024-10-24,1000000.00,4.540394,94.60546875
08:02:10,912810UD8,TSRYS5870973,D,S,C,2024-10-24,1000000.00,4.540394,94.60546875
08:02:10,912810UD8,TSRYS5870973,D,S,D,2024-10-24,1000000.00,4.540394,94.60546875
08:02:10,912810UD8,TSRYS5870973,D,S,T,2024-10-24,1000000.00,4.57012,94.234375
08:02:10,912810UD8,TSRYS5870973,D,S,T,2024-10-24,1000000.00,4.57012,94.234375
08:02:11,912810UD8,TSRYS5870973,D,B,A,2024-10-24,32249000.00,4.570779,94.2261625
08:02:11,912810UD8,TSRYS5870973,D,S,T,2024-10-24,1000000.00,4.57012,94.234375
08:02:11,912810UD8,TSRYS5870973,D,S,T,2024-10-24,2000000.00,4.57012,94.234375
08:02:12,912810UD8,TSRYS5870973,D,S,A,2024-10-24,10000000.00,4.591491,93.96875
08:02:13,912810UD8,TSRYS5870973,D,S,T,2024-10-24,4000000.00,4.57012,94.234375
08:02:13,912810UD8,TSRYS5870973,D,S,T,2024-10-24,1000000.00,4.57012,94.234375
08:02:13,912810UD8,TSRYS5870973,D,S,D,2024-10-24,1000000.00,4.544296,94.556640625
08:02:13,912810UD8,TSRYS5870973,D,B,C,2024-10-24,1000000.00,4.544296,94.556640625
08:02:13,912810UD8,TSRYS5870973,D,S,D,2024-10-24,1000000.00,4.544296,94.556640625
08:02:13,912810UD8,TSRYS5870973,D,B,C,2024-10-24,1000000.00,4.544296,94.556640625
08:02:13,912810UD8,TSRYS5870973,D,S,D,2024-10-24,1000000.00,4.544296,94.556640625
08:02:13,912810UD8,TSRYS5870973,D,S,D,2024-10-24,1000000.00,4.544921,94.548828125
08:02:13,912810UD8,TSRYS5870973,D,S,C,2024-10-24,1000000.00,4.546327,94.53125
08:02:13,912810UD8,TSRYS5870973,D,S,C,2024-10-24,1000000.00,4.546327,94.53125
08:02:13,912810UD8,TSRYS5870973,D,S,D,2024-10-24,1000000.00,4.546327,94.53125
08:02:13,912810UD8,TSRYS5870973,D,S,D,2024-10-24,1000000.00,4.546327,94.53125
08:02:14,912810UD8,TSRYS5870973,D,S,D,2024-10-24,1000000.00,4.546327,94.53125
08:02:14,912810UD8,TSRYS5870973,D,S,D,2024-10-24,1000000.00,4.542579,94.578125
08:02:14,912810UD8,TSRYS5870973,D,S,C,2024-10-24,1000000.00,4.542579,94.578125
08:02:14,912810UD8,TSRYS5870973,D,S,D,2024-10-24,1000000.00,4.542735,94.57617187
08:02:14,912810UD8,TSRYS5870973,D,S,C,2024-10-24,1000000.00,4.542735,94.57617187
08:02:14,912810UD8,TSRYS5870973,D,S,C,2024-10-24,1000000.00,4.542735,94.57617187
08:02:14,912810UD8,TSRYS5870973,D,S,D,2024-10-24,1000000.00,4.542579,94.578125
08:02:14,912810UD8,TSRYS5870973,D,S,D,2024-10-24,1000000.00,4.542735,94.57617187
08:02:14,912810UD8,TSRYS5870973,D,S,D,2024-10-24,1000000.00,4.54055,94.60351562
08:02:14,912810UD8,TSRYS5870973,D,S,D,2024-10-24,1000000.00,4.54055,94.60351562
08:02:14,912810UD8,TSRYS5870973,D,S,D,2024-10-24,1000000.00,4.54055,94.60351562
08:02:14,912810UD8,TSRYS5870973,D,S,D,2024-10-24,1000000.00,4.544765,94.55078125
08:02:14,912810UD8,TSRYS5870973,D,B,C,2024-10-24,1000000.00,4.544765,94.55078125
08:02:14,912810UD8,TSRYS5870973,D,S,D,2024-10-24,1000000.00,4.544765,94.55078125
08:02:14,912810UD8,TSRYS5870973,D,S,D,2024-10-24,1000000.00,4.54055,94.60351562
08:02:14,912810UD8,TSRYS5870973,D,S,C,2024-10-24,1000000.00,4.54055,94.60351562
08:02:14,912810UD8,TSRYS5870973,D,S,C,2024-10-24,1000000.00,4.54055,94.60351562
08:02:14,912810UD8,TSRYS5870973,D,S,C,2024-10-24,1000000.00,4.54055,94.60351562
08:02:15,912810UD8,TSRYS5870973,D,S,D,2024-10-24,1000000.00,4.54055,94.60351562
08:02:15,912810UD8,TSRYS5870973,D,S,D,2024-10-24,1000000.00,4.54055,94.60351562
08:02:15,912810UD8,TSRYS5870973,D,S,D,2024-10-24,1000000.00,4.54055,94.60351562
08:02:15,912810UD8,TSRYS5870973,D,S,T,2024-10-24,1000000.00,4.57012,94.234375
08:02:15,912810UD8,TSRYS5870973,D,S,D,2024-10-24,1000000.00,4.53977,94.61328125
08:02:15,912810UD8,TSRYS5870973,D,S,D,2024-10-24,1000000.00,4.53977,94.61328125
08:02:15,912810UD8,TSRYS5870973,D,S,D,2024-10-24,1000000.00,4.53977,94.61328125
08:02:15,912810UD8,TSRYS5870973,D,S,D,2024-10-24,1000000.00,4.53977,94.61328125
08:02:15,912810UD8,TSRYS5870973,D,S,D,2024-10-24,1000000.00,4.53977,94.61328125
08:02:15,912810UD8,TSRYS5870973,D,S,D,2024-10-24,1000000.00,4.53977,94.61328125
08:02:15,912810UD8,TSRYS5870973,D,S,D,2024-10-24,1000000.00,4.53977,94.61328125
08:02:15,912810UD8,TSRYS5870973,D,S,T,2024-10-24,1000000.00,4.540238,94.60742187
08:02:15,912810UD8,TSRYS5870973,D,S,T,2024-10-24,1000000.00,4.540394,94.60546875
08:02:15,912810UD8,TSRYS5870973,D,S,T,2024-10-24,1000000.00,4.540394,94.60546875
08:02:15,912810UD8,TSRYS5870973,D,S,T,2024-10-24,1000000.00,4.540394,94.60546875
08:02:15,912810UD8,TSRYS5870973,D,S,D,2024-10-24,1000000.00,4.540394,94.60546875
08:02:15,912810UD8,TSRYS5870973,D,S,D,2024-10-24,1000000.00,4.540394,94.60546875
08:02:15,912810UD8,TSRYS5870973,D,S,D,2024-10-24,1000000.00,4.542579,94.578125
08:02:15,912810UD8,TSRYS5870973,D,S,D,2024-10-24,1000000.00,4.542735,94.57617187
08:02:15,912810UD8,TSRYS5870973,D,S,D,2024-10-24,1000000.00,4.542735,94.57617187
08:02:15,912810UD8,TSRYS5870973,D,S,D,2024-10-24,1000000.00,4.542579,94.578125
08:02:15,912810UD8,TSRYS5870973,D,S,C,2024-10-24,1000000.00,4.542735,94.57617187
08:02:15,912810UD8,TSRYS5870973,D,S,T,2024-10-24,1000000.00,4.542579,94.578125
08:02:16,912810UD8,TSRYS5870973,D,S,D,2024-10-24,1000000.00,4.542111,94.58398437
08:02:16,912810UD8,TSRYS5870973,D,B,C,2024-10-24,50MM+,4.541041,94.59737
08:02:16,912810UD8,TSRYS5870973,D,S,D,2024-10-24,1000000.00,4.53977,94.61328125
08:02:16,912810UD8,TSRYS5870973,D,S,D,2024-10-24,1000000.00,4.53977,94.61328125
08:02:16,912810UD8,TSRYS5870973,D,S,D,2024-10-24,1000000.00,4.53977,94.61328125
08:02:16,912810UD8,TSRYS5870973,D,S,D,2024-10-24,1000000.00,4.547889,94.51171875
08:02:17,912810UD8,TSRYS5870973,D,B,C,2024-10-24,2000000.00,4.540706,94.6015625
08:02:17,912810UD8,TSRYS5870973,D,S,D,2024-10-24,1000000.00,4.547889,94.51171875
08:02:17,912810UD8,TSRYS5870973,D,S,D,2024-10-24,1000000.00,4.547889,94.51171875
08:02:17,912810UD8,TSRYS5870973,D,B,C,2024-10-24,1000000.00,4.54133,94.59375
08:02:17,912810UD8,TSRYS5870973,D,B,C,2024-10-24,1000000.00,4.54133,94.59375
08:02:17,912810UD8,TSRYS5870973,D,B,C,2024-10-24,1000000.00,4.541798,94.58789062
08:02:18,912810UD8,TSRYS5870973,D,S,D,2024-10-24,1000000.00,4.586455,94.03125
08:02:18,912810UD8,TSRYS5870973,D,S,T,2024-10-24,1000000.00,4.545077,94.546875
08:02:18,912810UD8,TSRYS5870973,D,S,T,2024-10-24,2000000.00,4.545077,94.546875
08:02:18,912810UD8,TSRYS5870973,D,S,T,2024-10-24,1000000.00,4.545558,94.540865625
08:02:18,912810UD8,TSRYS5870973,D,S,T,2024-10-24,1000000.00,4.545546,94.541015625
08:02:18,912810UD8,TSRYS5870973,D,S,T,2024-10-24,1000000.00,4.545546,94.541015625
08:02:18,912810UD8,TSRYS5870973,D,S,C,2024-10-24,1000000.00,4.586439,94.03145
08:02:18,912810UD8,TSRYS5870973,D,S,T,2024-10-24,1000000.00,4.545077,94.546875
08:02:19,912810UD8,TSRYS5870973,D,B,C,2024-10-24,1000000.00,4.586469,94.031075
08:02:19,912810UD8,TSRYS5870973,D,S,D,2024-10-24,2000000.00,4.546171,94.533203125
08:02:19,912810UD8,TSRYS5870973,D,S,D,2024-10-24,1000000.00,4.546171,94.533203125
08:02:19,912810UD8,TSRYS5870973,D,B,C,2024-10-24,1000000.00,4.546171,94.533203125
08:02:19,912810UD8,TSRYS5870973,D,S,D,2024-10-24,1000000.00,4.546171,94.533203125
08:02:19,912810UD8,TSRYS5870973,D,B,C,2024-10-24,1000000.00,4.546171,94.533203125
08:02:19,912810UD8,TSRYS5870973,D,S,D,2024-10-24,1000000.00,4.546171,94.533203125
08:02:19,912810UD8,TSRYS5870973,D,S,D,2024-10-24,1000000.00,4.546171,94.533203125
08:02:19,912810UD8,TSRYS5870973,D,S,C,2024-10-24,1000000.00,4.586455,94.03125
08:02:19,912810UD8,TSRYS5870973,D,B,C,2024-10-24,1000000.00,4.586471,94.03105
08:02:19,912810UD8,TSRYS5870973,D,S,C,2024-10-24,1000000.00,4.586455,94.03125
08:02:19,912810UD8,TSRYS5870973,D,S,D,2024-10-24,2000000.00,4.546171,94.533203125
08:02:19,912810UD8,TSRYS5870973,D,S,D,2024-10-24,1000000.00,4.545546,94.541015625
08:02:19,912810UD8,TSRYS5870973,D,S,D,2024-10-24,1000000.00,4.54539,94.54296875
08:02:19,912810UD8,TSRYS5870973,D,B,C,2024-10-24,1000000.00,4.585213,94.046675
08:02:19,912810UD8,TSRYS5870973,D,S,D,2024-10-24,2000000.00,4.585197,94.046875
08:02:19,912810UD8,TSRYS5870973,D,S,D,2024-10-24,2000000.00,4.546171,94.533203125
08:02:19,912810UD8,TSRYS5870973,D,S,D,2024-10-24,1000000.00,4.585197,94.046875
08:02:19,912810UD8,TSRYS5870973,D,S,D,2024-10-24,2000000.00,4.585197,94.046875
08:02:19,912810UD8,TSRYS5870973,D,S,D,2024-10-24,2000000.00,4.585197,94.046875
08:02:19,912810UD8,TSRYS5870973,D,S,D,2024-10-24,1000000.00,4.585197,94.046875
08:02:19,912810UD8,TSRYS5870973,D,S,D,2024-10-24,1000000.00,4.585197,94.046875
08:02:19,912810UD8,TSRYS5870973,D,B,C,2024-10-24,1000000.00,4.585213,94.046675
08:02:19,912810UD8,TSRYS5870973,D,B,C,2024-10-24,1000000.00,4.585213,94.046675
08:02:19,912810UD8,TSRYS5870973,D,S,D,2024-10-24,1000000.00,4.585197,94.046875
08:02:19,912810UD8,TSRYS5870973,D,B,C,2024-10-24,2000000.00,4.585197,94.046875
08:02:19,912810UD8,TSRYS5870973,D,S,D,2024-10-24,1000000.00,4.585197,94.046875
08:02:19,912810UD8,TSRYS5870973,D,S,D,2024-10-24,1000000.00,4.585197,94.046875
08:02:19,912810UD8,TSRYS5870973,D,S,D,2024-10-24,2000000.00,4.585197,94.046875
08:02:19,912810UD8,TSRYS5870973,D,B,C,2024-10-24,2000000.00,4.585197,94.046875
08:02:19,912810UD8,TSRYS5870973,D,S,D,2024-10-24,1000000.00,4.585197,94.046875
08:02:19,912810UD8,TSRYS5870973,D,S,D,2024-10-24,1000000.00,4.585197,94.046875
08:02:19,912810UD8,TSRYS5870973,D,B,C,2024-10-24,2000000.00,4.585197,94.046875
08:02:19,912810UD8,TSRYS5870973,D,S,D,2024-10-24,1000000.00,4.585197,94.046875
08:02:19,912810UD8,TSRYS5870973,D,S,D,2024-10-24,1000000.00,4.585197,94.046875
08:02:19,912810UD8,TSRYS5870973,D,S,D,2024-10-24,1000000.00,4.585197,94.046875
08:02:20,912810UD8,TSRYS5870973,D,B,C,2024-10-24,2000000.00,4.585197,94.046875
08:02:20,912810UD8,TSRYS5870973,D,S,D,2024-10-24,2000000.00,4.585197,94.046875
08:02:20,912810UD8,TSRYS5870973,D,B,C,2024-10-24,1000000.00,4.585213,94.046675
08:02:20,912810UD8,TSRYS5870973,D,S,D,2024-10-24,2000000.00,4.585197,94.046875
08:02:20,912810UD8,TSRYS5870973,D,B,C,2024-10-24,2000000.00,4.585197,94.046875
08:02:20,912810UD8,TSRYS5870973,D,S,D,2024-10-24,1000000.00,4.585197,94.046875
08:02:20,912810UD8,TSRYS5870973,D,S,D,2024-10-24,1000000.00,4.585197,94.046875
08:02:20,912810UD8,TSRYS5870973,D,B,C,2024-10-24,2000000.00,4.585197,94.046875
08:02:20,912810UD8,TSRYS5870973,D,S,D,2024-10-24,1000000.00,4.585197,94.046875
08:02:20,912810UD8,TSRYS5870973,D,S,D,2024-10-24,1000000.00,4.585197,94.046875
08:02:20,912810UD8,TSRYS5870973,D,S,D,2024-10-24,1000000.00,4.585197,94.046875
08:02:20,912810UD8,TSRYS5870973,D,S,D,2024-10-24,1000000.00,4.585197,94.046875
08:02:20,912810UD8,TSRYS5870973,D,B,C,2024-10-24,2000000.00,4.585197,94.046875
08:02:20,912810UD8,TSRYS5870973,D,S,D,2024-10-24,2000000.00,4.585197,94.046875
08:02:20,912810UD8,TSRYS5870973,D,B,C,2024-10-24,2000000.00,4.585197,94.046875
08:02:20,912810UD8,TSRYS5870973,D,S,D,2024-10-24,1000000.00,4.585197,94.046875
08:02:20,912810UD8,TSRYS5870973,D,S,D,2024-10-24,1000000.00,4.585197,94.046875
08:02:20,912810UD8,TSRYS5870973,D,S,D,2024-10-24,1000000.00,4.585197,94.046875
08:02:20,912810UD8,TSRYS5870973,D,S,D,2024-10-24,1000000.00,4.585197,94.046875
08:02:20,912810UD8,TSRYS5870973,D,B,C,2024-10-24,1000000.00,4.585213,94.046675
08:02:20,912810UD8,TSRYS5870973,D,B,C,2024-10-24,1000000.00,4.585213,94.046675
08:02:20,912810UD8,TSRYS5870973,D,S,D,2024-10-24,2000000.00,4.585197,94.046875
08:02:20,912810UD8,TSRYS5870973,D,S,D,2024-10-24,2000000.00,4.585197,94.046875
08:02:20,912810UD8,TSRYS5870973,D,S,D,2024-10-24,2000000.00,4.585197,94.046875
08:02:20,912810UD8,TSRYS5870973,D,B,C,2024-10-24,2000000.00,4.585197,94.046875
08:02:20,912810UD8,TSRYS5870973,D,S,D,2024-10-24,1000000.00,4.585197,94.046875
08:02:20,912810UD8,TSRYS5870973,D,S,D,2024-10-24,1000000.00,4.585197,94.046875
08:02:20,912810UD8,TSRYS5870973,D,B,C,2024-10-24,2000000.00,4.585197,94.046875
08:02:20,912810UD8,TSRYS5870973,D,S,D,2024-10-24,2000000.00,4.585197,94.046875
08:02:20,912810UD8,TSRYS5870973,D,S,D,2024-10-24,1000000.00,4.585197,94.046875
08:02:20,912810UD8,TSRYS5870973,D,B,C,2024-10-24,1000000.00,4.585213,94.046675
08:02:20,912810UD8,TSRYS5870973,D,B,C,2024-10-24,1000000.00,4.585213,94.046675
08:02:20,912810UD8,TSRYS5870973,D,B,C,2024-10-24,2000000.00,4.585197,94.046875
08:02:20,912810UD8,TSRYS5870973,D,S,D,2024-10-24,1000000.00,4.585197,94.046875
08:02:20,912810UD8,TSRYS5870973,D,B,C,2024-10-24,1000000.00,4.585213,94.046675
08:02:20,912810UD8,TSRYS5870973,D,S,D,2024-10-24,1000000.00,4.586455,94.03125
08:02:20,912810UD8,TSRYS5870973,D,B,C,2024-10-24,2000000.00,4.586473,94.031023
08:02:20,912810UD8,TSRYS5870973,D,S,D,2024-10-24,1000000.00,4.586455,94.03125
08:02:20,912810UD8,TSRYS5870973,D,S,C,2024-10-24,2000000.00,4.586455,94.03125
08:02:20,912810UD8,TSRYS5870973,D,S,D,2024-10-24,1000000.00,4.586455,94.03125
08:02:20,912810UD8,TSRYS5870973,D,B,C,2024-10-24,1000000.00,4.586473,94.031023
08:02:20,912810UD8,TSRYS5870973,D,B,C,2024-10-24,1000000.00,4.586473,94.031023
08:02:20,912810UD8,TSRYS5870973,D,B,C,2024-10-24,1000000.00,4.586473,94.031023
08:02:20,912810UD8,TSRYS5870973,D,S,C,2024-10-24,1000000.00,4.586439,94.03145
08:02:20,912810UD8,TSRYS5870973,D,B,C,2024-10-24,2000000.00,4.586473,94.031023
08:02:20,912810UD8,TSRYS5870973,D,S,D,2024-10-24,1000000.00,4.586455,94.03125
08:02:20,912810UD8,TSRYS5870973,D,S,C,2024-10-24,1000000.00,4.586439,94.03145
08:02:20,912810UD8,TSRYS5870973,D,S,C,2024-10-24,2000000.00,4.586455,94.03125
08:02:20,912810UD8,TSRYS5870973,D,B,C,2024-10-24,1000000.00,4.586473,94.031023
08:02:20,912810UD8,TSRYS5870973,D,B,C,2024-10-24,1000000.00,4.586473,94.031023
08:02:20,912810UD8,TSRYS5870973,D,B,C,2024-10-24,1000000.00,4.586473,94.031023
08:02:20,912810UD8,TSRYS5870973,D,S,D,2024-10-24,1000000.00,4.586455,94.03125
08:02:20,912810UD8,TSRYS5870973,D,B,C,2024-10-24,1000000.00,4.586473,94.031023
08:02:20,912810UD8,TSRYS5870973,D,B,C,2024-10-24,1000000.00,4.586473,94.031023
08:02:20,912810UD8,TSRYS5870973,D,S,C,2024-10-24,2000000.00,4.586455,94.03125
08:02:20,912810UD8,TSRYS5870973,D,B,C,2024-10-24,2000000.00,4.586473,94.031023
08:02:20,912810UD8,TSRYS5870973,D,S,D,2024-10-24,1000000.00,4.586455,94.03125
08:02:20,912810UD8,TSRYS5870973,D,S,D,2024-10-24,1000000.00,4.585197,94.046875
08:02:20,912810UD8,TSRYS5870973,D,B,C,2024-10-24,1000000.00,4.585215,94.046648
08:02:20,912810UD8,TSRYS5870973,D,S,C,2024-10-24,1000000.00,4.582681,94.078125
08:02:20,912810UD8,TSRYS5870973,D,B,C,2024-10-24,1000000.00,4.582681,94.078125
08:02:20,912810UD8,TSRYS5870973,D,B,C,2024-10-24,1000000.00,4.583957,94.062273
08:02:20,912810UD8,TSRYS5870973,D,S,D,2024-10-24,1000000.00,4.583939,94.0625
08:02:20,912810UD8,TSRYS5870973,D,S,C,2024-10-24,2000000.00,4.583939,94.0625
08:02:20,912810UD8,TSRYS5870973,D,B,C,2024-10-24,1000000.00,4.583957,94.062273
08:02:20,912810UD8,TSRYS5870973,D,B,C,2024-10-24,1000000.00,4.583957,94.062273
08:02:20,912810UD8,TSRYS5870973,D,B,C,2024-10-24,2000000.00,4.583957,94.062273
08:02:20,912810UD8,TSRYS5870973,D,S,C,2024-10-24,1000000.00,4.583923,94.0627
08:02:21,912810UD8,TSRYS5870973,D,S,D,2024-10-24,1000000.00,4.583939,94.0625
08:02:21,912810UD8,TSRYS5870973,D,S,D,2024-10-24,1000000.00,4.543203,94.5703125
08:02:21,912810UD8,TSRYS5870973,D,S,D,2024-10-24,1000000.00,4.542891,94.57421875
08:02:21,912810UD8,TSRYS5870973,D,B,C,2024-10-24,1000000.00,4.544453,94.5546875
08:02:21,912810UD8,TSRYS5870973,D,S,A,2024-10-24,3000000.00,4.55915,94.37109375
08:02:22,912810UD8,TSRYS5870973,D,S,C,2024-10-24,1000000.00,4.545077,94.546875
08:02:22,912810UD8,TSRYS5870973,D,S,D,2024-10-24,1000000.00,4.545077,94.546875
08:02:22,912810UD8,TSRYS5870973,D,S,C,2024-10-24,1000000.00,4.545077,94.546875
08:02:22,912810UD8,TSRYS5870973,D,S,C,2024-10-24,1000000.00,4.545077,94.546875
08:02:23,912810UD8,TSRYS5870973,D,S,T,2024-10-24,2000000.00,4.57012,94.234375
08:02:24,912810UD8,TSRYS5870973,D,S,T,2024-10-24,1000000.00,4.544921,94.548828125
08:02:24,912810UD8,TSRYS5870973,D,B,C,2024-10-24,1000000.00,4.544453,94.5546875
08:02:24,912810UD8,TSRYS5870973,D,S,T,2024-10-24,1000000.00,4.546327,94.53125
08:02:24,912810UD8,TSRYS5870973,D,S,T,2024-10-24,1000000.00,4.546327,94.53125
08:02:24,912810UD8,TSRYS5870973,D,S,T,2024-10-24,1000000.00,4.546327,94.53125
08:02:25,912810UD8,TSRYS5870973,D,S,D,2024-10-24,1000000.00,4.548358,94.50585937
08:02:25,912810UD8,TSRYS5870973,D,S,D,2024-10-24,1000000.00,4.548358,94.50585937
08:02:25,912810UD8,TSRYS5870973,D,S,D,2024-10-24,1000000.00,4.548358,94.50585937
08:02:25,912810UD8,TSRYS5870973,D,S,C,2024-10-24,1000000.00,4.548358,94.50585937
08:02:25,912810UD8,TSRYS5870973,D,S,C,2024-10-24,1000000.00,4.548358,94.50585937
08:02:25,912810UD8,TSRYS5870973,D,S,C,2024-10-24,1000000.00,4.548202,94.5078125
08:02:25,912810UD8,TSRYS5870973,D,S,D,2024-10-24,1000000.00,4.548202,94.5078125
08:02:25,912810UD8,TSRYS5870973,D,S,T,2024-10-24,1000000.00,4.546327,94.53125
08:02:25,912810UD8,TSRYS5870973,D,S,T,2024-10-24,1000000.00,4.546327,94.53125
08:02:25,912810UD8,TSRYS5870973,D,S,D,2024-10-24,20000000.00,4.542627,94.57753
08:02:25,912810UD8,TSRYS5870973,D,S,D,2024-10-24,1000000.00,4.577653,94.140625
08:02:26,912810UD8,TSRYS5870973,D,S,D,2024-10-24,2000000.00,4.548514,94.50390625
08:02:26,912810UD8,TSRYS5870973,D,S,D,2024-10-24,1000000.00,4.547889,94.51171875
08:02:26,912810UD8,TSRYS5870973,D,S,D,2024-10-24,1000000.00,4.547733,94.51367187
08:02:26,912810UD8,TSRYS5870973,D,S,D,2024-10-24,1000000.00,4.547733,94.51367187
08:02:26,912810UD8,TSRYS5870973,D,S,T,2024-10-24,1000000.00,4.57012,94.234375
08:02:26,912810UD8,TSRYS5870973,D,B,C,2024-10-24,1000000.00,4.549296,94.49414062
08:02:26,912810UD8,TSRYS5870973,D,S,T,2024-10-24,1000000.00,4.57012,94.234375
08:02:26,912810UD8,TSRYS5870973,D,B,C,2024-10-24,1000000.00,4.549296,94.49414062
08:02:26,912810UD8,TSRYS5870973,D,B,C,2024-10-24,1000000.00,4.549296,94.49414062
08:02:27,912810UD8,TSRYS5870973,D,S,C,2024-10-24,1000000.00,4.57012,94.234375
08:02:27,912810UD8,TSRYS5870973,D,S,C,2024-10-24,1000000.00,4.571375,94.21875
08:02:28,912810UD8,TSRYS5870973,D,S,T,2024-10-24,1000000.00,4.57012,94.234375
08:02:28,912810UD8,TSRYS5870973,D,S,T,2024-10-24,2000000.00,4.57012,94.234375
08:02:29,912810UD8,TSRYS5870973,D,B,C,2024-10-24,1000000.00,4.566356,94.28125
08:02:29,912810UD8,TSRYS5870973,D,S,D,2024-10-24,3000000.00,4.549286,94.49426
08:02:29,912810UD8,TSRYS5870973,D,S,D,2024-10-24,1000000.00,4.566356,94.28125
08:02:29,912810UD8,TSRYS5870973,D,S,D,2024-10-24,1000000.00,4.566356,94.28125
08:02:29,912810UD8,TSRYS5870973,D,B,C,2024-10-24,1000000.00,4.565103,94.296875
08:02:29,912810UD8,TSRYS5870973,D,S,D,2024-10-24,1000000.00,4.565103,94.296875
08:02:29,912810UD8,TSRYS5870973,D,B,C,2024-10-24,1000000.00,4.565103,94.296875
08:02:29,912810UD8,TSRYS5870973,D,S,D,2024-10-24,1000000.00,4.565103,94.296875
08:02:29,912810UD8,TSRYS5870973,D,S,D,2024-10-24,2000000.00,4.565103,94.296875
08:02:29,912810UD8,TSRYS5870973,D,S,D,2024-10-24,2000000.00,4.565103,94.296875
08:02:29,912810UD8,TSRYS5870973,D,B,C,2024-10-24,2000000.00,4.565103,94.296875
08:02:29,912810UD8,TSRYS5870973,D,S,C,2024-10-24,1000000.00,4.57891,94.125
08:02:29,912810UD8,TSRYS5870973,D,B,C,2024-10-24,1000000.00,4.57891,94.125
08:02:29,912810UD8,TSRYS5870973,D,B,C,2024-10-24,1000000.00,4.566356,94.28125
08:02:29,912810UD8,TSRYS5870973,D,S,D,2024-10-24,1000000.00,4.566356,94.28125
08:02:29,912810UD8,TSRYS5870973,D,S,D,2024-10-24,1000000.00,4.566356,94.28125
08:02:29,912810UD8,TSRYS5870973,D,S,D,2024-10-24,1000000.00,4.566356,94.28125
08:02:29,912810UD8,TSRYS5870973,D,B,C,2024-10-24,1000000.00,4.566356,94.28125
08:02:29,912810UD8,TSRYS5870973,D,S,D,2024-10-24,1000000.00,4.566356,94.28125
08:02:29,912810UD8,TSRYS5870973,D,B,C,2024-10-24,1000000.00,4.566356,94.28125
08:02:29,912810UD8,TSRYS5870973,D,S,C,2024-10-24,1000000.00,4.568865,94.25
08:02:30,912810UD8,TSRYS5870973,D,S,D,2024-10-24,1000000.00,4.580167,94.109375
08:02:30,912810UD8,TSRYS5870973,D,S,T,2024-10-24,1000000.00,4.57012,94.234375
08:02:30,912810UD8,TSRYS5870973,D,S,T,2024-10-24,1000000.00,4.57012,94.234375
08:02:30,912810UD8,TSRYS5870973,D,S,T,2024-10-24,1000000.00,4.546327,94.53125
08:02:30,912810UD8,TSRYS5870973,D,S,T,2024-10-24,1000000.00,4.546327,94.53125
08:02:30,912810UD8,TSRYS5870973,D,S,T,2024-10-24,1000000.00,4.546327,94.53125
08:02:31,912810UD8,TSRYS5870973,D,B,C,2024-10-24,1000000.00,4.543203,94.5703125
08:02:31,912810UD8,TSRYS5870973,D,S,D,2024-10-24,1000000.00,4.558837,94.375
08:02:32,912810UD8,TSRYS5870973,D,S,D,2024-10-24,3113000.00,4.548202,94.5078125
08:02:32,912810UD8,TSRYS5870973,D,B,C,2024-10-24,3113000.00,4.548202,94.5078125
08:02:32,912810UD8,TSRYS5870973,D,S,T,2024-10-24,1000000.00,4.57012,94.234375
08:02:32,912810UD8,TSRYS5870973,D,S,T,2024-10-24,1000000.00,4.57012,94.234375
08:02:32,912810UD8,TSRYS5870973,D,S,T,2024-10-24,1000000.00,4.543828,94.5625
08:02:33,912810UD8,TSRYS5870973,D,S,T,2024-10-24,1000000.00,4.543828,94.5625
08:02:33,912810UD8,TSRYS5870973,D,B,C,2024-10-24,1000000.00,4.54539,94.54296875
08:02:33,912810UD8,TSRYS5870973,D,B,C,2024-10-24,1000000.00,4.545546,94.54101562
08:02:33,912810UD8,TSRYS5870973,D,B,C,2024-10-24,1000000.00,4.54539,94.54296875
08:02:33,912810UD8,TSRYS5870973,D,S,T,2024-10-24,1000000.00,4.54133,94.59375
08:02:33,912810UD8,TSRYS5870973,D,S,C,2024-10-24,2000000.00,4.545702,94.5390625
08:02:33,912810UD8,TSRYS5870973,D,S,D,2024-10-24,40000000.00,4.54176,94.58837
08:02:33,912810UD8,TSRYS5870973,D,S,C,2024-10-24,2000000.00,4.545858,94.53710937
08:02:33,912810UD8,TSRYS5870973,D,S,C,2024-10-24,1000000.00,4.545858,94.53710937
08:02:33,912810UD8,TSRYS5870973,D,S,T,2024-10-24,1000000.00,4.543828,94.5625
08:02:34,912810UD8,TSRYS5870973,D,S,T,2024-10-24,1000000.00,4.543828,94.5625
08:02:34,912810UD8,TSRYS5870973,D,S,T,2024-10-24,1000000.00,4.542579,94.578125
08:02:34,912810UD8,TSRYS5870973,D,B,C,2024-10-24,420000.00,4.54539,94.54296875
08:02:35,912810UD8,TSRYS5870973,D,S,C,2024-10-24,1000000.00,4.56009,94.359375
08:02:35,912810UD8,TSRYS5870973,D,S,C,2024-10-24,1000000.00,4.561343,94.34375
08:02:36,912810UD8,TSRYS5870973,D,S,C,2024-10-24,1000000.00,4.578892,94.125225
08:02:36,912810UD8,TSRYS5870973,D,S,C,2024-10-24,1000000.00,4.578892,94.125225
08:02:36,912810UD8,TSRYS5870973,D,S,C,2024-10-24,1000000.00,4.578894,94.1252
08:02:36,912810UD8,TSRYS5870973,D,S,C,2024-10-24,1000000.00,4.57891,94.125
08:02:36,912810UD8,TSRYS5870973,D,S,C,2024-10-24,1000000.00,4.578894,94.1252
08:02:36,912810UD8,TSRYS5870973,D,S,C,2024-10-24,1000000.00,4.578894,94.1252
08:02:36,912810UD8,TSRYS5870973,D,S,C,2024-10-24,1000000.00,4.57891,94.125
08:02:36,912810UD8,TSRYS5870973,D,S,C,2024-10-24,1000000.00,4.578892,94.125225
08:02:36,912810UD8,TSRYS5870973,D,S,C,2024-10-24,1000000.00,4.578894,94.1252
08:02:38,912810UD8,TSRYS5870973,D,S,C,2024-10-24,1000000.00,4.580151,94.109575
08:02:38,912810UD8,TSRYS5870973,D,S,C,2024-10-24,1000000.00,4.580167,94.109375
08:02:39,912810UD8,TSRYS5870973,D,S,C,2024-10-24,1000000.00,4.577653,94.140625
08:02:39,912810UD8,TSRYS5870973,D,B,C,2024-10-24,1000000.00,4.577669,94.140425
08:02:40,912810UD8,TSRYS5870973,D,S,A,2024-10-24,50000000.00,4.568348,94.2578125
08:02:41,912810UD8,TSRYS5870973,D,S,C,2024-10-24,1000000.00,4.577653,94.140625
08:02:42,912810UD8,TSRYS5870973,D,S,D,2024-10-24,10000000.00,4.580113,94.1100469
08:02:42,912810UD8,TSRYS5870973,D,S,D,2024-10-24,10000000.00,4.567651,94.265125
08:02:42,912810UD8,TSRYS5870973,D,S,D,2024-10-24,10000000.00,4.567337,94.2690313
08:02:45,912810UD8,TSRYS5870973,D,S,A,2024-10-24,50000000.00,4.567721,94.265625
08:02:45,912810UD8,TSRYS5870973,D,S,C,2024-10-24,1000000.00,4.547577,94.515625
08:02:45,912810UD8,TSRYS5870973,D,S,T,2024-10-24,1000000.00,4.546327,94.53125
08:02:45,912810UD8,TSRYS5870973,D,S,C,2024-10-24,2000000.00,4.580167,94.109375
08:02:45,912810UD8,TSRYS5870973,D,S,C,2024-10-24,40000000.00,4.542579,94.578125
08:02:45,912810UD8,TSRYS5870973,D,S,C,2024-10-24,40000000.00,4.550077,94.484375
08:02:45,912810UD8,TSRYS5870973,D,S,C,2024-10-24,50000000.00,4.5872,94.0234375
08:02:45,912810UD8,TSRYS5870973,D,S,D,2024-10-24,12000000.00,4.548091,94.50919
08:02:46,912810UD8,TSRYS5870973,D,S,D,2024-10-24,130000.00,4.544765,94.55078125
08:02:46,912810UD8,TSRYS5870973,D,S,T,2024-10-24,1000000.00,4.546327,94.53125
08:02:46,912810UD8,TSRYS5870973,D,S,C,2024-10-24,1000000.00,4.580151,94.109575
08:02:46,912810UD8,TSRYS5870973,D,S,C,2024-10-24,1000000.00,4.580167,94.109375
08:02:46,912810UD8,TSRYS5870973,D,S,C,2024-10-24,1000000.00,4.580151,94.109575
08:02:46,912810UD8,TSRYS5870973,D,S,C,2024-10-24,1000000.00,4.580167,94.109375
08:02:46,912810UD8,TSRYS5870973,D,B,C,2024-10-24,20000000.00,4.547609,94.515225
08:02:46,912810UD8,TSRYS5870973,D,S,A,2024-10-24,3000000.00,4.545077,94.546875
08:02:47,912810UD8,TSRYS5870973,D,B,C,2024-10-24,1000000.00,4.576397,94.15625
08:02:47,912810UD8,TSRYS5870973,D,S,D,2024-10-24,1000000.00,4.576397,94.15625
08:02:47,912810UD8,TSRYS5870973,D,S,C,2024-10-24,1000000.00,4.575141,94.171875
08:02:47,912810UD8,TSRYS5870973,D,S,C,2024-10-24,1000000.00,4.555081,94.421875
08:02:48,912810UD8,TSRYS5870973,D,B,C,2024-10-24,1000000.00,4.575157,94.171675
08:02:49,912810UD8,TSRYS5870973,D,S,C,2024-10-24,1000000.00,4.548827,94.5
08:02:49,912810UD8,TSRYS5870973,D,S,C,2024-10-24,1000000.00,4.571375,94.21875
08:02:49,912810UD8,TSRYS5870973,D,S,D,2024-10-24,1000000.00,4.571364,94.21888
08:02:49,912810UD8,TSRYS5870973,D,S,D,2024-10-24,1000000.00,4.571375,94.21875
08:02:49,912810UD8,TSRYS5870973,D,S,D,2024-10-24,1000000.00,4.57012,94.234375
08:02:49,912810UD8,TSRYS5870973,D,S,C,2024-10-24,1000000.00,4.57012,94.234375
08:02:49,912810UD8,TSRYS5870973,D,B,C,2024-10-24,1000000.00,4.570136,94.234175
08:02:49,912810UD8,TSRYS5870973,D,B,C,2024-10-24,1000000.00,4.547577,94.515625
08:02:49,912810UD8,TSRYS5870973,D,S,C,2024-10-24,1000000.00,4.547577,94.515625
08:02:50,912810UD8,TSRYS5870973,D,S,D,2024-10-24,1000000.00,4.568865,94.25
08:02:50,912810UD8,TSRYS5870973,D,S,C,2024-10-24,1000000.00,4.568865,94.25
08:02:50,912810UD8,TSRYS5870973,D,S,T,2024-10-24,1000000.00,4.581432,94.09365
08:02:50,912810UD8,TSRYS5870973,D,S,D,2024-10-24,1000000.00,4.57012,94.234375
08:02:50,912810UD8,TSRYS5870973,D,S,C,2024-10-24,1000000.00,4.57012,94.234375
08:02:50,912810UD8,TSRYS5870973,D,S,C,2024-10-24,1000000.00,4.570104,94.234575
08:02:50,912810UD8,TSRYS5870973,D,S,C,2024-10-24,4000000.00,4.570104,94.234575
08:02:50,912810UD8,TSRYS5870973,D,S,D,2024-10-24,1000000.00,4.57012,94.234375
08:02:50,912810UD8,TSRYS5870973,D,S,C,2024-10-24,1000000.00,4.57012,94.234375
08:02:50,912810UD8,TSRYS5870973,D,S,C,2024-10-24,1000000.00,4.57012,94.234375
08:02:50,912810UD8,TSRYS5870973,D,S,C,2024-10-24,1000000.00,4.570112,94.234475
08:02:50,912810UD8,TSRYS5870973,D,S,D,2024-10-24,1000000.00,4.57012,94.234375
08:02:50,912810UD8,TSRYS5870973,D,S,C,2024-10-24,2000000.00,4.57012,94.234375
08:02:50,912810UD8,TSRYS5870973,D,S,D,2024-10-24,1000000.00,4.57012,94.234375
08:02:50,912810UD8,TSRYS5870973,D,S,D,2024-10-24,1000000.00,4.57012,94.234375
08:02:50,912810UD8,TSRYS5870973,D,S,D,2024-10-24,1000000.00,4.57012,94.234375
08:02:50,912810UD8,TSRYS5870973,D,S,C,2024-10-24,1000000.00,4.57012,94.234375
08:02:50,912810UD8,TSRYS5870973,D,S,C,2024-10-24,1000000.00,4.570104,94.234575
08:02:50,912810UD8,TSRYS5870973,D,S,C,2024-10-24,2000000.00,4.57012,94.234375
08:02:50,912810UD8,TSRYS5870973,D,S,C,2024-10-24,1000000.00,4.57012,94.234375
08:02:50,912810UD8,TSRYS5870973,D,S,D,2024-10-24,1000000.00,4.57012,94.234375
08:02:50,912810UD8,TSRYS5870973,D,S,D,2024-10-24,1000000.00,4.57012,94.234375
08:02:50,912810UD8,TSRYS5870973,D,S,C,2024-10-24,2000000.00,4.57012,94.234375
08:02:50,912810UD8,TSRYS5870973,D,S,C,2024-10-24,2000000.00,4.57012,94.234375
08:02:50,912810UD8,TSRYS5870973,D,S,D,2024-10-24,1000000.00,4.570104,94.234575
08:02:50,912810UD8,TSRYS5870973,D,S,D,2024-10-24,1000000.00,4.570104,94.234575
08:02:50,912810UD8,TSRYS5870973,D,S,C,2024-10-24,1000000.00,4.57012,94.234375
08:02:51,912810UD8,TSRYS5870973,D,S,D,2024-10-24,1000000.00,4.570109,94.234505
08:02:51,912810UD8,TSRYS5870973,D,B,C,2024-10-24,1000000.00,4.568881,94.2498
08:02:51,912810UD8,TSRYS5870973,D,S,D,2024-10-24,1000000.00,4.568854,94.25013
08:02:52,912810UD8,TSRYS5870973,D,S,C,2024-10-24,1000000.00,4.545077,94.546875
08:02:52,912810UD8,TSRYS5870973,D,B,C,2024-10-24,1000000.00,4.545077,94.546875
08:02:52,912810UD8,TSRYS5870973,D,S,C,2024-10-24,1000000.00,4.54133,94.593925
08:02:52,912810UD8,TSRYS5870973,D,B,C,2024-10-24,1000000.00,4.54133,94.59375
08:02:52,912810UD8,TSRYS5870973,D,S,C,2024-10-24,1000000.00,4.542579,94.5783
08:02:53,912810UD8,TSRYS5870973,D,S,T,2024-10-24,1000000.00,4.542579,94.578125
08:02:54,912810UD8,TSRYS5870973,D,S,C,2024-10-24,1000000.00,4.57012,94.234375
08:02:55,912810UD8,TSRYS5870973,D,S,A,2024-10-24,680000.00,4.578596,94.12890625
08:02:55,912810UD8,TSRYS5870973,D,S,A,2024-10-24,700000.00,4.579506,94.1175875
08:02:56,912810UD8,TSRYS5870973,D,S,C,2024-10-24,40000000.00,,94.578125
08:02:56,912810UD8,TSRYS5870973,D,S,D,2024-10-24,1000000.00,4.546327,94.53125
08:02:56,912810UD8,TSRYS5870973,D,B,C,2024-10-24,1000000.00,4.546327,94.53125
08:02:56,912810UD8,TSRYS5870973,D,S,A,2024-10-24,515000.00,4.578596,94.12890625
08:02:56,912810UD8,TSRYS5870973,D,B,C,2024-10-24,1000000.00,4.566372,94.28105
08:02:56,912810UD8,TSRYS5870973,D,S,C,2024-10-24,1000000.00,4.566356,94.28125
08:02:56,912810UD8,TSRYS5870973,D,S,C,2024-10-24,1000000.00,4.566356,94.28125
08:02:57,912810UD8,TSRYS5870973,D,S,D,2024-10-24,1000000.00,4.567611,94.265625
08:02:57,912810UD8,TSRYS5870973,D,S,C,2024-10-24,1000000.00,4.567594,94.265825
08:02:57,912810UD8,TSRYS5870973,D,S,D,2024-10-24,1000000.00,4.567611,94.265625
08:02:57,912810UD8,TSRYS5870973,D,S,C,2024-10-24,40000000.00,,94.484375
08:02:58,912810UD8,TSRYS5870973,D,S,D,2024-10-24,1000000.00,4.566356,94.28125
08:02:58,912810UD8,TSRYS5870973,D,S,D,2024-10-24,1000000.00,4.566356,94.28125
08:02:58,912810UD8,TSRYS5870973,D,B,C,2024-10-24,1000000.00,4.566372,94.28105
08:02:58,912810UD8,TSRYS5870973,D,S,D,2024-10-24,1000000.00,4.566356,94.28125
08:02:58,912810UD8,TSRYS5870973,D,B,C,2024-10-24,1000000.00,4.566364,94.28115
08:02:58,912810UD8,TSRYS5870973,D,S,D,2024-10-24,1000000.00,4.566356,94.28125
08:02:58,912810UD8,TSRYS5870973,D,S,D,2024-10-24,1000000.00,4.566356,94.28125
08:02:58,912810UD8,TSRYS5870973,D,B,C,2024-10-24,2000000.00,4.565119,94.296675
08:02:58,912810UD8,TSRYS5870973,D,S,D,2024-10-24,3000000.00,4.565103,94.296875
08:02:58,912810UD8,TSRYS5870973,D,B,C,2024-10-24,2000000.00,4.565119,94.296675
08:02:58,912810UD8,TSRYS5870973,D,B,C,2024-10-24,1000000.00,4.565119,94.296675
08:02:58,912810UD8,TSRYS5870973,D,S,D,2024-10-24,1000000.00,4.565103,94.296875
08:02:58,912810UD8,TSRYS5870973,D,S,D,2024-10-24,1000000.00,4.565103,94.296875
08:02:58,912810UD8,TSRYS5870973,D,S,D,2024-10-24,1000000.00,4.565103,94.296875
08:02:58,912810UD8,TSRYS5870973,D,S,D,2024-10-24,1000000.00,4.565103,94.296875
08:02:58,912810UD8,TSRYS5870973,D,S,D,2024-10-24,1000000.00,4.565103,94.296875
08:02:58,912810UD8,TSRYS5870973,D,S,D,2024-10-24,2000000.00,4.565103,94.296875
08:02:58,912810UD8,TSRYS5870973,D,B,C,2024-10-24,1000000.00,4.565111,94.296775
08:02:58,912810UD8,TSRYS5870973,D,S,D,2024-10-24,1000000.00,4.565103,94.296875
08:02:58,912810UD8,TSRYS5870973,D,B,C,2024-10-24,18000000.00,4.565103,94.296875
08:02:58,912810UD8,TSRYS5870973,D,S,D,2024-10-24,13000000.00,4.565103,94.296875
08:02:58,912810UD8,TSRYS5870973,D,S,D,2024-10-24,1000000.00,4.565103,94.296875
08:02:58,912810UD8,TSRYS5870973,D,B,C,2024-10-24,1000000.00,4.565119,94.296675
08:02:58,912810UD8,TSRYS5870973,D,B,C,2024-10-24,1000000.00,4.565119,94.296675
08:02:58,912810UD8,TSRYS5870973,D,B,C,2024-10-24,1000000.00,4.565117,94.2967
08:02:58,912810UD8,TSRYS5870973,D,S,D,2024-10-24,18000000.00,4.565103,94.296875
08:02:58,912810UD8,TSRYS5870973,D,B,C,2024-10-24,13000000.00,4.565103,94.296875
08:02:58,912810UD8,TSRYS5870973,D,S,D,2024-10-24,1000000.00,4.565103,94.296875
08:02:58,912810UD8,TSRYS5870973,D,S,T,2024-10-24,1000000.00,4.546327,94.53125
08:02:58,912810UD8,TSRYS5870973,D,S,D,2024-10-24,2000000.00,4.565103,94.296875
08:02:58,912810UD8,TSRYS5870973,D,S,C,2024-10-24,1301000.00,4.546014,94.53515625
08:02:59,912810UD8,TSRYS5870973,D,B,C,2024-10-24,1000000.00,4.56261,94.32795
08:02:59,912810UD8,TSRYS5870973,D,S,D,2024-10-24,1000000.00,4.562585,94.328255
08:02:59,912810UD8,TSRYS5870973,D,S,A,2024-10-24,1000000.00,4.580167,94.109375
08:02:59,912810UD8,TSRYS5870973,D,S,A,2024-10-24,985000.00,4.577621,94.141025
08:02:59,912810UD8,TSRYS5870973,D,S,D,2024-10-24,1000000.00,4.566356,94.28125
08:02:59,912810UD8,TSRYS5870973,D,S,D,2024-10-24,1000000.00,4.566356,94.28125
08:02:59,912810UD8,TSRYS5870973,D,S,C,2024-10-24,1000000.00,4.566356,94.28125
08:02:59,912810UD8,TSRYS5870973,D,S,T,2024-10-24,1000000.00,4.54133,94.59375
08:03:00,912810UD8,TSRYS5870973,D,S,D,2024-10-24,1000000.00,4.567611,94.265625
08:03:00,912810UD8,TSRYS5870973,D,S,D,2024-10-24,1000000.00,4.567611,94.265625
08:03:00,912810UD8,TSRYS5870973,D,S,D,2024-10-24,1000000.00,4.567611,94.265625
08:03:00,912810UD8,TSRYS5870973,D,B,C,2024-10-24,1000000.00,4.566364,94.28115
08:03:00,912810UD8,TSRYS5870973,D,S,D,2024-10-24,2000000.00,4.566356,94.28125
08:03:00,912810UD8,TSRYS5870973,D,B,C,2024-10-24,3000000.00,4.566356,94.28125
08:03:00,912810UD8,TSRYS5870973,D,B,C,2024-10-24,1000000.00,4.566356,94.28125
08:03:00,912810UD8,TSRYS5870973,D,B,C,2024-10-24,1000000.00,4.566356,94.28125
08:03:00,912810UD8,TSRYS5870973,D,S,D,2024-10-24,2000000.00,4.566356,94.28125
08:03:00,912810UD8,TSRYS5870973,D,B,C,2024-10-24,1000000.00,4.566372,94.28105
08:03:00,912810UD8,TSRYS5870973,D,B,C,2024-10-24,1000000.00,4.566372,94.28105
08:03:00,912810UD8,TSRYS5870973,D,S,D,2024-10-24,1000000.00,4.566356,94.28125
08:03:00,912810UD8,TSRYS5870973,D,S,D,2024-10-24,1000000.00,4.566356,94.28125
08:03:00,912810UD8,TSRYS5870973,D,S,D,2024-10-24,1000000.00,4.566356,94.28125
08:03:00,912810UD8,TSRYS5870973,D,B,C,2024-10-24,1000000.00,4.566372,94.28105
08:03:00,912810UD8,TSRYS5870973,D,B,C,2024-10-24,2000000.00,4.566356,94.28125
08:03:00,912810UD8,TSRYS5870973,D,S,D,2024-10-24,1000000.00,4.566356,94.28125
08:03:00,912810UD8,TSRYS5870973,D,S,D,2024-10-24,2000000.00,4.566356,94.28125
08:03:00,912810UD8,TSRYS5870973,D,S,D,2024-10-24,1000000.00,4.566356,94.28125
08:03:00,912810UD8,TSRYS5870973,D,S,D,2024-10-24,1000000.00,4.566356,94.28125
08:03:00,912810UD8,TSRYS5870973,D,S,D,2024-10-24,1000000.00,4.566356,94.28125
08:03:00,912810UD8,TSRYS5870973,D,S,T,2024-10-24,1000000.00,4.543828,94.5625
08:03:00,912810UD8,TSRYS5870973,D,S,D,2024-10-24,1000000.00,4.566356,94.28125
08:03:00,912810UD8,TSRYS5870973,D,S,D,2024-10-24,1000000.00,4.566356,94.28125
08:03:00,912810UD8,TSRYS5870973,D,S,D,2024-10-24,1000000.00,4.566356,94.28125
08:03:00,912810UD8,TSRYS5870973,D,B,C,2024-10-24,1000000.00,4.566372,94.28105
08:03:00,912810UD8,TSRYS5870973,D,S,D,2024-10-24,1000000.00,4.566356,94.28125
08:03:00,912810UD8,TSRYS5870973,D,S,D,2024-10-24,1000000.00,4.566356,94.28125
08:03:00,912810UD8,TSRYS5870973,D,S,D,2024-10-24,1000000.00,4.566356,94.28125
08:03:00,912810UD8,TSRYS5870973,D,S,D,2024-10-24,1000000.00,4.566356,94.28125
08:03:00,912810UD8,TSRYS5870973,D,B,C,2024-10-24,1000000.00,4.566372,94.28105
08:03:00,912810UD8,TSRYS5870973,D,S,D,2024-10-24,1000000.00,4.566356,94.28125
