tradeTime,cusip,issueSymbolIdentifier,priceType,reportingSideCode,contraPartyTypeCode,tradeDate,reportedTradeVolume,lastSaleYield,lastSalePrice
08:00:05,912810TZ1,TSRYS5752098,D,S,D,2024-05-01,1000000.00,4.897532,94.9921875
08:00:05,912810TZ1,TSRYS5752098,D,S,D,2024-05-01,1000000.00,4.895284,95.01953125
08:00:05,912810TZ1,TSRYS5752098,D,S,D,2024-05-01,1000000.00,4.889508,95.08984375
08:00:05,912810TZ1,TSRYS5752098,D,S,D,2024-05-01,1000000.00,4.891112,95.0703125
08:00:05,912810TZ1,TSRYS5752098,D,S,D,2024-05-01,1000000.00,4.883737,95.16015625
08:00:05,912810TZ1,TSRYS5752098,D,S,T,2024-05-01,1000000.00,4.888225,95.10546875
08:00:05,912810TZ1,TSRYS5752098,D,S,T,2024-05-01,1000000.00,4.910071,94.83984375
08:00:05,912810TZ1,TSRYS5752098,D,S,T,2024-05-01,1000000.00,4.908461,94.859375
08:00:05,912810TZ1,TSRYS5752098,D,S,T,2024-05-01,1000000.00,4.905406,94.896484375
08:00:05,912810TZ1,TSRYS5752098,D,S,D,2024-05-01,1000000.00,4.90621,94.88671875
08:00:05,912810TZ1,TSRYS5752098,D,S,T,2024-05-01,1000000.00,4.90621,94.88671875
08:00:05,912810TZ1,TSRYS5752098,D,S,D,2024-05-01,1000000.00,4.90621,94.88671875
08:00:05,912810TZ1,TSRYS5752098,D,S,D,2024-05-01,1000000.00,4.897371,94.994140625
08:00:05,912810TZ1,TSRYS5752098,D,S,D,2024-05-01,1000000.00,4.897371,94.994140625
08:00:05,912810TZ1,TSRYS5752098,D,S,D,2024-05-01,1000000.00,4.897371,94.994140625
08:00:09,912810TZ1,TSRYS5752098,D,S,T,2024-05-01,1000000.00,4.898174,94.984375
08:00:12,912810TZ1,TSRYS5752098,D,S,D,2024-05-01,1000000.00,4.89721,94.99609375
08:00:12,912810TZ1,TSRYS5752098,D,S,D,2024-05-01,1000000.00,4.894963,95.0234375
08:00:13,912810TZ1,TSRYS5752098,D,S,D,2024-05-01,1000000.00,4.889187,95.09375
08:00:13,912810TZ1,TSRYS5752098,D,S,D,2024-05-01,1000000.00,4.891112,95.0703125
08:00:14,912810TZ1,TSRYS5752098,D,B,C,2024-05-01,1000000.00,4.89047,95.078125
08:00:14,912810TZ1,TSRYS5752098,D,B,C,2024-05-01,1000000.00,4.89047,95.078125
08:00:14,912810TZ1,TSRYS5752098,D,B,C,2024-05-01,1000000.00,4.89047,95.078125
08:00:14,912810TZ1,TSRYS5752098,D,B,C,2024-05-01,1000000.00,4.89047,95.078125
08:00:14,912810TZ1,TSRYS5752098,D,S,D,2024-05-01,1000000.00,4.883737,95.16015625
08:00:15,912810TZ1,TSRYS5752098,D,S,T,2024-05-01,1000000.00,4.886622,95.125
08:00:18,912810TZ1,TSRYS5752098,D,S,T,2024-05-01,1000000.00,4.887904,95.109375
08:00:18,912810TZ1,TSRYS5752098,D,S,T,2024-05-01,2000000.00,4.895605,95.015625
08:00:18,912810TZ1,TSRYS5752098,D,S,T,2024-05-01,1000000.00,4.891753,95.0625
08:00:19,912810TZ1,TSRYS5752098,D,S,D,2024-05-01,1000000.00,4.903316,94.921875
08:00:20,912810TZ1,TSRYS5752098,D,B,A,2024-05-01,41100000.00,4.891753,95.0625
08:00:20,912810TZ1,TSRYS5752098,D,S,D,2024-05-01,10000000.00,4.902388,94.93314
08:00:20,912810TZ1,TSRYS5752098,D,S,D,2024-05-01,11000000.00,4.907915,94.86601
08:00:24,912810TZ1,TSRYS5752098,D,S,D,2024-05-01,2000000.00,4.898174,94.984375
08:00:25,912810TZ1,TSRYS5752098,D,S,D,2024-05-01,6000000.00,4.909918,94.84169
08:00:25,912810TZ1,TSRYS5752098,D,S,D,2024-05-01,13000000.00,4.904738,94.90459
08:00:25,912810TZ1,TSRYS5752098,D,S,D,2024-05-01,5000000.00,4.901141,94.9483
08:00:25,912810TZ1,TSRYS5752098,D,S,D,2024-05-01,580000.00,4.90203,94.9375
08:00:27,912810TZ1,TSRYS5752098,D,S,D,2024-05-01,1000000.00,4.896568,95.00390625
08:00:29,912810TZ1,TSRYS5752098,D,S,T,2024-05-01,1000000.00,4.907175,94.875
08:00:29,912810TZ1,TSRYS5752098,D,S,T,2024-05-01,1000000.00,4.904602,94.90625
08:00:29,912810TZ1,TSRYS5752098,D,S,T,2024-05-01,1000000.00,4.90203,94.9375
08:00:29,912810TZ1,TSRYS5752098,D,S,C,2024-05-01,60000.00,4.896889,95.0
08:00:30,912810TZ1,TSRYS5752098,D,S,D,2024-05-01,1000000.00,4.89721,94.99609375
08:00:30,912810TZ1,TSRYS5752098,D,S,D,2024-05-01,1000000.00,4.894963,95.0234375
08:00:30,912810TZ1,TSRYS5752098,D,S,D,2024-05-01,1000000.00,4.889187,95.09375
08:00:30,912810TZ1,TSRYS5752098,D,S,D,2024-05-01,1000000.00,4.891112,95.0703125
08:00:30,912810TZ1,TSRYS5752098,D,S,D,2024-05-01,1000000.00,4.883737,95.16015625
08:00:30,912810TZ1,TSRYS5752098,D,S,D,2024-05-01,1000000.00,4.903316,94.921875
08:00:30,912810TZ1,TSRYS5752098,D,S,T,2024-05-01,1000000.00,4.89721,94.99609375
08:00:30,912810TZ1,TSRYS5752098,D,S,T,2024-05-01,1000000.00,4.895123,95.021484375
08:00:30,912810TZ1,TSRYS5752098,D,S,T,2024-05-01,1000000.00,4.894963,95.0234375
08:00:30,912810TZ1,TSRYS5752098,D,S,T,2024-05-01,1000000.00,4.889187,95.09375
08:00:30,912810TZ1,TSRYS5752098,D,S,T,2024-05-01,1000000.00,4.891112,95.0703125
08:00:30,912810TZ1,TSRYS5752098,D,S,T,2024-05-01,1000000.00,4.890951,95.072265625
08:00:30,912810TZ1,TSRYS5752098,D,S,T,2024-05-01,1000000.00,4.905245,94.8984375
08:00:33,912810TZ1,TSRYS5752098,D,S,T,2024-05-01,1000000.00,4.896889,95.0
08:00:33,912810TZ1,TSRYS5752098,D,S,T,2024-05-01,1000000.00,4.896889,95.0
08:00:33,912810TZ1,TSRYS5752098,D,S,T,2024-05-01,1000000.00,4.890631,95.076171875
08:00:33,912810TZ1,TSRYS5752098,D,S,T,2024-05-01,1000000.00,4.893037,95.046875
08:00:33,912810TZ1,TSRYS5752098,D,S,T,2024-05-01,1000000.00,4.891753,95.0625
08:00:33,912810TZ1,TSRYS5752098,D,S,T,2024-05-01,2000000.00,4.89047,95.078125
08:00:33,912810TZ1,TSRYS5752098,D,S,T,2024-05-01,1000000.00,4.89047,95.078125
08:00:33,912810TZ1,TSRYS5752098,D,S,T,2024-05-01,2000000.00,4.886622,95.125
08:00:33,912810TZ1,TSRYS5752098,D,S,T,2024-05-01,1000000.00,4.886622,95.125
08:00:33,912810TZ1,TSRYS5752098,D,S,T,2024-05-01,1000000.00,4.903316,94.921875
08:00:33,912810TZ1,TSRYS5752098,D,S,T,2024-05-01,1000000.00,4.903316,94.921875
08:00:33,912810TZ1,TSRYS5752098,D,S,T,2024-05-01,2000000.00,4.904602,94.90625
08:00:33,912810TZ1,TSRYS5752098,D,S,T,2024-05-01,2000000.00,4.905888,94.890625
08:00:33,912810TZ1,TSRYS5752098,D,S,T,2024-05-01,2000000.00,4.898174,94.984375
08:00:33,912810TZ1,TSRYS5752098,D,S,T,2024-05-01,1000000.00,4.900744,94.953125
08:00:33,912810TZ1,TSRYS5752098,D,S,T,2024-05-01,2000000.00,4.895605,95.015625
08:00:33,912810TZ1,TSRYS5752098,D,S,T,2024-05-01,1000000.00,4.895605,95.015625
08:00:33,912810TZ1,TSRYS5752098,D,S,D,2024-05-01,72000.00,4.896247,95.0078125
08:00:38,912810TZ1,TSRYS5752098,D,B,A,2024-05-01,13517000.00,4.897532,94.9921875
08:00:46,912810TZ1,TSRYS5752098,D,S,T,2024-05-01,1000000.00,4.910401,94.8358375
08:00:46,912810TZ1,TSRYS5752098,D,S,T,2024-05-01,1000000.00,4.910562,94.833884375
08:00:49,912810TZ1,TSRYS5752098,D,S,A,2024-05-01,446000.00,4.905261,94.8986375
08:00:50,912810TZ1,TSRYS5752098,D,S,D,2024-05-01,10000000.00,4.902388,94.93314
08:00:53,912810TZ1,TSRYS5752098,D,S,D,2024-05-01,11000000.00,4.907915,94.86601
08:00:55,912810TZ1,TSRYS5752098,D,S,T,2024-05-01,1000000.00,4.893037,95.046875
08:00:58,912810TZ1,TSRYS5752098,D,B,C,2024-05-01,10000000.00,4.896247,95.0078125
08:00:58,912810TZ1,TSRYS5752098,D,S,T,2024-05-01,1000000.00,4.895613,95.015523
08:00:58,912810TZ1,TSRYS5752098,D,S,T,2024-05-01,1000000.00,4.896568,95.00390625
08:00:58,912810TZ1,TSRYS5752098,D,S,T,2024-05-01,1000000.00,4.896889,95.0
08:00:58,912810TZ1,TSRYS5752098,D,S,T,2024-05-01,1000000.00,4.896889,95.0
08:00:58,912810TZ1,TSRYS5752098,D,S,T,2024-05-01,1000000.00,4.896898,94.999898
08:00:58,912810TZ1,TSRYS5752098,D,S,T,2024-05-01,1000000.00,4.896898,94.999898
08:00:58,912810TZ1,TSRYS5752098,D,S,T,2024-05-01,1000000.00,4.899138,94.97265625
08:01:03,912810TZ1,TSRYS5752098,D,S,D,2024-05-01,6000000.00,4.909918,94.84169
08:01:06,912810TZ1,TSRYS5752098,D,S,D,2024-05-01,1000000.00,4.897532,94.9921875
08:01:06,912810TZ1,TSRYS5752098,D,S,D,2024-05-01,1000000.00,4.89721,94.99609375
08:01:06,912810TZ1,TSRYS5752098,D,S,D,2024-05-01,1000000.00,4.894963,95.0234375
08:01:06,912810TZ1,TSRYS5752098,D,S,D,2024-05-01,1000000.00,4.895284,95.01953125
08:01:06,912810TZ1,TSRYS5752098,D,S,T,2024-05-01,5000000.00,4.905888,94.890625
08:01:06,912810TZ1,TSRYS5752098,D,S,T,2024-05-01,1000000.00,4.905888,94.890625
08:01:07,912810TZ1,TSRYS5752098,D,S,T,2024-05-01,1000000.00,4.905888,94.890625
08:01:07,912810TZ1,TSRYS5752098,D,S,D,2024-05-01,1000000.00,4.891112,95.0703125
08:01:07,912810TZ1,TSRYS5752098,D,S,D,2024-05-01,1000000.00,4.891112,95.0703125
08:01:07,912810TZ1,TSRYS5752098,D,S,D,2024-05-01,1000000.00,4.889187,95.09375
08:01:07,912810TZ1,TSRYS5752098,D,S,T,2024-05-01,6000000.00,4.905888,94.890625
08:01:07,912810TZ1,TSRYS5752098,D,S,T,2024-05-01,1000000.00,4.905888,94.890625
08:01:07,912810TZ1,TSRYS5752098,D,S,C,2024-05-01,1000000.00,4.888546,95.1015625
08:01:07,912810TZ1,TSRYS5752098,D,B,C,2024-05-01,1000000.00,4.888225,95.10546875
08:01:07,912810TZ1,TSRYS5752098,D,S,D,2024-05-01,1000000.00,4.889508,95.08984375
08:01:07,912810TZ1,TSRYS5752098,D,S,C,2024-05-01,1000000.00,4.888225,95.10546875
08:01:07,912810TZ1,TSRYS5752098,D,B,C,2024-05-01,1000000.00,4.888546,95.1015625
08:01:07,912810TZ1,TSRYS5752098,D,S,C,2024-05-01,1000000.00,4.883737,95.16015625
08:01:07,912810TZ1,TSRYS5752098,D,S,C,2024-05-01,1000000.00,4.883737,95.16015625
08:01:07,912810TZ1,TSRYS5752098,D,S,T,2024-05-01,1000000.00,4.905888,94.890625
08:01:07,912810TZ1,TSRYS5752098,D,S,C,2024-05-01,1000000.00,4.887584,95.11328125
08:01:07,912810TZ1,TSRYS5752098,D,S,T,2024-05-01,1000000.00,4.905888,94.890625
08:01:07,912810TZ1,TSRYS5752098,D,S,C,2024-05-01,1000000.00,4.887584,95.11328125
08:01:07,912810TZ1,TSRYS5752098,D,S,D,2024-05-01,1000000.00,4.886622,95.125
08:01:07,912810TZ1,TSRYS5752098,D,S,D,2024-05-01,1000000.00,4.886622,95.125
08:01:07,912810TZ1,TSRYS5752098,D,S,C,2024-05-01,1000000.00,4.888546,95.1015625
08:01:07,912810TZ1,TSRYS5752098,D,S,D,2024-05-01,1000000.00,4.886622,95.125
08:01:07,912810TZ1,TSRYS5752098,D,S,D,2024-05-01,1000000.00,4.886622,95.125
08:01:07,912810TZ1,TSRYS5752098,D,S,T,2024-05-01,1000000.00,4.905888,94.890625
08:01:07,912810TZ1,TSRYS5752098,D,S,D,2024-05-01,1000000.00,4.886622,95.125
08:01:07,912810TZ1,TSRYS5752098,D,S,T,2024-05-01,3000000.00,4.905888,94.890625
08:01:07,912810TZ1,TSRYS5752098,D,S,D,2024-05-01,1000000.00,4.89047,95.078125
08:01:07,912810TZ1,TSRYS5752098,D,S,D,2024-05-01,1000000.00,4.89047,95.078125
08:01:07,912810TZ1,TSRYS5752098,D,S,D,2024-05-01,1000000.00,4.89047,95.078125
08:01:07,912810TZ1,TSRYS5752098,D,S,D,2024-05-01,1000000.00,4.89047,95.078125
08:01:07,912810TZ1,TSRYS5752098,D,S,D,2024-05-01,1000000.00,4.89047,95.078125
08:01:07,912810TZ1,TSRYS5752098,D,S,C,2024-05-01,1000000.00,4.891433,95.06640625
08:01:07,912810TZ1,TSRYS5752098,D,S,D,2024-05-01,1000000.00,4.89047,95.078125
08:01:07,912810TZ1,TSRYS5752098,D,S,C,2024-05-01,1000000.00,4.897532,94.9921875
08:01:07,912810TZ1,TSRYS5752098,D,S,C,2024-05-01,1000000.00,4.900102,94.9609375
08:01:07,912810TZ1,TSRYS5752098,D,S,C,2024-05-01,1000000.00,4.903316,94.921875
08:01:07,912810TZ1,TSRYS5752098,D,S,C,2024-05-01,1000000.00,4.903959,94.9140625
08:01:07,912810TZ1,TSRYS5752098,D,S,C,2024-05-01,1000000.00,4.894963,95.0234375
08:01:07,912810TZ1,TSRYS5752098,D,S,C,2024-05-01,1000000.00,4.901066,94.94921875
08:01:07,912810TZ1,TSRYS5752098,D,S,C,2024-05-01,1000000.00,4.902994,94.92578125
08:01:07,912810TZ1,TSRYS5752098,D,S,D,2024-05-01,1000000.00,4.903316,94.921875
08:01:07,912810TZ1,TSRYS5752098,D,S,C,2024-05-01,1000000.00,4.901708,94.94140625
08:01:07,912810TZ1,TSRYS5752098,D,S,C,2024-05-01,1000000.00,4.905245,94.8984375
08:01:08,912810TZ1,TSRYS5752098,D,S,C,2024-05-01,1000000.00,4.906853,94.87890625
08:01:08,912810TZ1,TSRYS5752098,D,S,C,2024-05-01,1000000.00,4.909105,94.8515625
08:01:08,912810TZ1,TSRYS5752098,D,S,C,2024-05-01,1000000.00,4.910071,94.83984375
08:01:08,912810TZ1,TSRYS5752098,D,S,D,2024-05-01,1000000.00,4.911036,94.828125
08:01:08,912810TZ1,TSRYS5752098,D,S,C,2024-05-01,1000000.00,4.908461,94.859375
08:01:08,912810TZ1,TSRYS5752098,D,B,C,2024-05-01,1000000.00,4.904602,94.90625
08:01:08,912810TZ1,TSRYS5752098,D,S,D,2024-05-01,1000000.00,4.904602,94.90625
08:01:08,912810TZ1,TSRYS5752098,D,S,C,2024-05-01,1000000.00,4.903959,94.9140625
08:01:08,912810TZ1,TSRYS5752098,D,S,C,2024-05-01,1000000.00,4.904923,94.90234375
08:01:08,912810TZ1,TSRYS5752098,D,S,C,2024-05-01,1000000.00,4.903637,94.91796875
08:01:08,912810TZ1,TSRYS5752098,D,S,C,2024-05-01,1000000.00,4.902994,94.92578125
08:01:08,912810TZ1,TSRYS5752098,D,S,C,2024-05-01,1000000.00,4.903316,94.921875
08:01:08,912810TZ1,TSRYS5752098,D,S,C,2024-05-01,1000000.00,4.901066,94.94921875
08:01:08,912810TZ1,TSRYS5752098,D,B,A,2024-05-01,90000.00,4.903959,94.9140625
08:01:08,912810TZ1,TSRYS5752098,D,S,D,2024-05-01,13000000.00,4.904738,94.90459
08:01:09,912810TZ1,TSRYS5752098,D,S,D,2024-05-01,3150000.00,4.902351,94.93359375
08:01:11,912810TZ1,TSRYS5752098,D,S,D,2024-05-01,3000000.00,4.89726,94.9954917
08:01:11,912810TZ1,TSRYS5752098,D,S,D,2024-05-01,4000000.00,4.895026,95.0226727
08:01:11,912810TZ1,TSRYS5752098,D,S,D,2024-05-01,3000000.00,4.889237,95.0931479
08:01:11,912810TZ1,TSRYS5752098,D,S,D,2024-05-01,4000000.00,4.891014,95.0715008
08:01:12,912810TZ1,TSRYS5752098,D,S,D,2024-05-01,505000.00,4.896889,95.0
08:01:12,912810TZ1,TSRYS5752098,D,S,T,2024-05-01,1000000.00,4.898174,94.984375
08:01:13,912810TZ1,TSRYS5752098,D,S,D,2024-05-01,5000000.00,4.901141,94.9483
08:01:13,912810TZ1,TSRYS5752098,D,S,C,2024-05-01,1000000.00,4.898174,94.984375
08:01:13,912810TZ1,TSRYS5752098,D,B,C,2024-05-01,1000000.00,4.898174,94.984375
08:01:13,912810TZ1,TSRYS5752098,D,S,D,2024-05-01,1000000.00,4.898174,94.984375
08:01:13,912810TZ1,TSRYS5752098,D,B,C,2024-05-01,1000000.00,4.898174,94.984375
08:01:13,912810TZ1,TSRYS5752098,D,B,C,2024-05-01,1000000.00,4.898174,94.984375
08:01:13,912810TZ1,TSRYS5752098,D,B,C,2024-05-01,2000000.00,4.898174,94.984375
08:01:13,912810TZ1,TSRYS5752098,D,B,C,2024-05-01,3000000.00,4.898174,94.984375
08:01:13,912810TZ1,TSRYS5752098,D,S,D,2024-05-01,1000000.00,4.898174,94.984375
08:01:13,912810TZ1,TSRYS5752098,D,S,D,2024-05-01,2000000.00,4.898174,94.984375
08:01:13,912810TZ1,TSRYS5752098,D,S,D,2024-05-01,3000000.00,4.898174,94.984375
08:01:13,912810TZ1,TSRYS5752098,D,S,C,2024-05-01,1000000.00,4.896247,95.0078125
08:01:14,912810TZ1,TSRYS5752098,D,S,C,2024-05-01,1000000.00,4.895926,95.01171875
08:01:15,912810TZ1,TSRYS5752098,D,S,T,2024-05-01,1000000.00,4.889187,95.09375
08:01:16,912810TZ1,TSRYS5752098,D,B,C,2024-05-01,1000000.00,4.896568,95.00390625
08:01:16,912810TZ1,TSRYS5752098,D,S,D,2024-05-01,1000000.00,4.896568,95.00390625
08:01:16,912810TZ1,TSRYS5752098,D,B,A,2024-05-01,3000000.00,4.90203,94.9375
08:01:16,912810TZ1,TSRYS5752098,D,S,D,2024-05-01,3000000.00,4.90203,94.9375
08:01:17,912810TZ1,TSRYS5752098,D,S,D,2024-05-01,5000000.00,4.895605,95.015625
08:01:18,912810TZ1,TSRYS5752098,D,S,T,2024-05-01,1000000.00,4.905888,94.890625
08:01:18,912810TZ1,TSRYS5752098,D,B,C,2024-05-01,72000.00,4.896247,95.0078125
08:01:18,912810TZ1,TSRYS5752098,D,B,C,2024-05-01,5000000.00,4.895252,95.01953125
08:01:18,912810TZ1,TSRYS5752098,D,S,D,2024-05-01,1000000.00,4.88518,95.14257812
08:01:18,912810TZ1,TSRYS5752098,D,S,D,2024-05-01,1000000.00,4.88518,95.14257812
08:01:18,912810TZ1,TSRYS5752098,D,S,D,2024-05-01,1000000.00,4.88518,95.14257812
08:01:18,912810TZ1,TSRYS5752098,D,S,D,2024-05-01,1000000.00,4.88518,95.14257812
08:01:18,912810TZ1,TSRYS5752098,D,S,T,2024-05-01,1000000.00,4.895605,95.015625
08:01:18,912810TZ1,TSRYS5752098,D,S,T,2024-05-01,1000000.00,4.895605,95.015625
08:01:18,912810TZ1,TSRYS5752098,D,S,D,2024-05-01,1000000.00,4.88534,95.140625
08:01:18,912810TZ1,TSRYS5752098,D,S,D,2024-05-01,1000000.00,4.88534,95.140625
08:01:18,912810TZ1,TSRYS5752098,D,S,T,2024-05-01,1000000.00,4.8855,95.13867187
08:01:18,912810TZ1,TSRYS5752098,D,S,T,2024-05-01,1000000.00,4.895605,95.015625
08:01:18,912810TZ1,TSRYS5752098,D,S,D,2024-05-01,1000000.00,4.88566,95.13671875
08:01:18,912810TZ1,TSRYS5752098,D,S,T,2024-05-01,1000000.00,4.88566,95.13671875
08:01:18,912810TZ1,TSRYS5752098,D,S,D,2024-05-01,1000000.00,4.88566,95.13671875
08:01:18,912810TZ1,TSRYS5752098,D,S,D,2024-05-01,1000000.00,4.884218,95.15429687
08:01:18,912810TZ1,TSRYS5752098,D,S,D,2024-05-01,1000000.00,4.884218,95.15429687
08:01:18,912810TZ1,TSRYS5752098,D,S,D,2024-05-01,1000000.00,4.884218,95.15429687
08:01:18,912810TZ1,TSRYS5752098,D,S,D,2024-05-01,1000000.00,4.884218,95.15429687
08:01:19,912810TZ1,TSRYS5752098,D,B,C,2024-05-01,4600000.00,4.876372,95.25
08:01:19,912810TZ1,TSRYS5752098,D,S,D,2024-05-01,4600000.00,4.876372,95.25
08:01:19,912810TZ1,TSRYS5752098,D,B,C,2024-05-01,4600000.00,4.876372,95.25
08:01:19,912810TZ1,TSRYS5752098,D,B,C,2024-05-01,13900000.00,4.876372,95.25
08:01:19,912810TZ1,TSRYS5752098,D,S,D,2024-05-01,13900000.00,4.876372,95.25
08:01:19,912810TZ1,TSRYS5752098,D,S,D,2024-05-01,4600000.00,4.876372,95.25
08:01:19,912810TZ1,TSRYS5752098,D,S,D,2024-05-01,1000000.00,4.885981,95.1328125
08:01:19,912810TZ1,TSRYS5752098,D,S,D,2024-05-01,1000000.00,4.885981,95.1328125
08:01:19,912810TZ1,TSRYS5752098,D,S,T,2024-05-01,1000000.00,4.883898,95.15820312
08:01:19,912810TZ1,TSRYS5752098,D,S,D,2024-05-01,1000000.00,4.884058,95.15625
08:01:19,912810TZ1,TSRYS5752098,D,S,D,2024-05-01,1000000.00,4.884058,95.15625
08:01:19,912810TZ1,TSRYS5752098,D,S,D,2024-05-01,1000000.00,4.883417,95.1640625
08:01:20,912810TZ1,TSRYS5752098,D,S,D,2024-05-01,1000000.00,4.897692,94.99023437
08:01:20,912810TZ1,TSRYS5752098,D,S,D,2024-05-01,1000000.00,4.903959,94.9140625
08:01:20,912810TZ1,TSRYS5752098,D,S,T,2024-05-01,1000000.00,4.886622,95.125
08:01:20,912810TZ1,TSRYS5752098,D,S,T,2024-05-01,1000000.00,4.88518,95.14257812
08:01:20,912810TZ1,TSRYS5752098,D,S,T,2024-05-01,1000000.00,4.88518,95.14257812
08:01:20,912810TZ1,TSRYS5752098,D,S,D,2024-05-01,3000000.00,4.888385,95.10351562
08:01:20,912810TZ1,TSRYS5752098,D,S,T,2024-05-01,1000000.00,4.88518,95.14257812
08:01:20,912810TZ1,TSRYS5752098,D,S,C,2024-05-01,3000000.00,4.901371,94.94551
08:01:20,912810TZ1,TSRYS5752098,D,S,D,2024-05-01,3000000.00,4.901371,94.94551
08:01:21,912810TZ1,TSRYS5752098,D,S,D,2024-05-01,1000000.00,4.887584,95.11328125
08:01:21,912810TZ1,TSRYS5752098,D,S,T,2024-05-01,1000000.00,4.900102,94.9609375
08:01:21,912810TZ1,TSRYS5752098,D,S,D,2024-05-01,1000000.00,4.900102,94.9609375
08:01:21,912810TZ1,TSRYS5752098,D,S,D,2024-05-01,1000000.00,4.887584,95.11328125
08:01:21,912810TZ1,TSRYS5752098,D,S,D,2024-05-01,1000000.00,4.900102,94.9609375
08:01:22,912810TZ1,TSRYS5752098,D,S,D,2024-05-01,1000000.00,4.900423,94.95703125
08:01:22,912810TZ1,TSRYS5752098,D,S,T,2024-05-01,1000000.00,4.900761,94.952925
08:01:22,912810TZ1,TSRYS5752098,D,S,T,2024-05-01,1000000.00,4.900761,94.952925
08:01:22,912810TZ1,TSRYS5752098,D,S,T,2024-05-01,1000000.00,4.900761,94.952925
08:01:22,912810TZ1,TSRYS5752098,D,S,T,2024-05-01,1000000.00,4.900761,94.952925
08:01:22,912810TZ1,TSRYS5752098,D,S,D,2024-05-01,1000000.00,4.886622,95.125
08:01:22,912810TZ1,TSRYS5752098,D,S,T,2024-05-01,1000000.00,4.911036,94.828125
08:01:22,912810TZ1,TSRYS5752098,D,S,D,2024-05-01,1000000.00,4.886622,95.125
08:01:22,912810TZ1,TSRYS5752098,D,S,D,2024-05-01,1000000.00,4.884218,95.15429687
08:01:22,912810TZ1,TSRYS5752098,D,S,D,2024-05-01,1000000.00,4.884058,95.15625
08:01:23,912810TZ1,TSRYS5752098,D,S,T,2024-05-01,1000000.00,4.905727,94.89257812
08:01:24,912810TZ1,TSRYS5752098,D,S,D,2024-05-01,1000000.00,4.903959,94.9140625
08:01:24,912810TZ1,TSRYS5752098,D,S,T,2024-05-01,1000000.00,4.903959,94.9140625
08:01:24,912810TZ1,TSRYS5752098,D,S,D,2024-05-01,1000000.00,4.903959,94.9140625
08:01:25,912810TZ1,TSRYS5752098,D,S,T,2024-05-01,1000000.00,4.905566,94.89453125
08:01:25,912810TZ1,TSRYS5752098,D,S,D,2024-05-01,1000000.00,4.905566,94.89453125
08:01:25,912810TZ1,TSRYS5752098,D,S,D,2024-05-01,1000000.00,4.905566,94.89453125
08:01:25,912810TZ1,TSRYS5752098,D,S,T,2024-05-01,1000000.00,4.905566,94.89453125
08:01:25,912810TZ1,TSRYS5752098,D,S,D,2024-05-01,1000000.00,4.905566,94.89453125
08:01:25,912810TZ1,TSRYS5752098,D,S,D,2024-05-01,1000000.00,4.905566,94.89453125
08:01:25,912810TZ1,TSRYS5752098,D,S,T,2024-05-01,1000000.00,4.907191,94.8748
08:01:25,912810TZ1,TSRYS5752098,D,S,T,2024-05-01,1000000.00,4.907191,94.8748
08:01:25,912810TZ1,TSRYS5752098,D,S,D,2024-05-01,3000000.00,4.896247,95.00781
08:01:26,912810TZ1,TSRYS5752098,D,S,T,2024-05-01,1000000.00,4.900905,94.95117187
08:01:26,912810TZ1,TSRYS5752098,D,S,T,2024-05-01,1000000.00,4.88518,95.14257812
08:01:26,912810TZ1,TSRYS5752098,D,S,T,2024-05-01,1000000.00,4.900905,94.95117187
08:01:26,912810TZ1,TSRYS5752098,D,S,D,2024-05-01,1000000.00,4.88518,95.14257812
08:01:27,912810TZ1,TSRYS5752098,D,S,D,2024-05-01,411100.00,4.896889,95.0
08:01:27,912810TZ1,TSRYS5752098,D,S,T,2024-05-01,1000000.00,4.905888,94.890625
08:01:28,912810TZ1,TSRYS5752098,D,S,T,2024-05-01,1000000.00,4.88518,95.14257812
08:01:28,912810TZ1,TSRYS5752098,D,S,T,2024-05-01,1000000.00,4.88518,95.14257812
08:01:28,912810TZ1,TSRYS5752098,D,S,T,2024-05-01,1000000.00,4.88518,95.14257812
08:01:28,912810TZ1,TSRYS5752098,D,S,D,2024-05-01,1000000.00,4.886622,95.125
08:01:28,912810TZ1,TSRYS5752098,D,S,D,2024-05-01,1000000.00,4.903316,94.921875
08:01:28,912810TZ1,TSRYS5752098,D,S,T,2024-05-01,1000000.00,4.903155,94.92382812
08:01:28,912810TZ1,TSRYS5752098,D,S,T,2024-05-01,1000000.00,4.903155,94.92382812
08:01:28,912810TZ1,TSRYS5752098,D,S,T,2024-05-01,1000000.00,4.903155,94.92382812
08:01:28,912810TZ1,TSRYS5752098,D,S,D,2024-05-01,1000000.00,4.886622,95.125
08:01:29,912810TZ1,TSRYS5752098,D,S,D,2024-05-01,1000000.00,4.886622,95.125
08:01:29,912810TZ1,TSRYS5752098,D,S,T,2024-05-01,1000000.00,4.886638,95.1248
08:01:29,912810TZ1,TSRYS5752098,D,S,T,2024-05-01,1000000.00,4.886638,95.1248
08:01:29,912810TZ1,TSRYS5752098,D,S,T,2024-05-01,1000000.00,4.886638,95.1248
08:01:29,912810TZ1,TSRYS5752098,D,S,D,2024-05-01,1000000.00,4.888225,95.10546875
08:01:29,912810TZ1,TSRYS5752098,D,S,D,2024-05-01,1000000.00,4.888546,95.1015625
08:01:29,912810TZ1,TSRYS5752098,D,S,D,2024-05-01,1000000.00,4.888546,95.1015625
08:01:29,912810TZ1,TSRYS5752098,D,S,T,2024-05-01,1000000.00,4.888866,95.09765625
08:01:29,912810TZ1,TSRYS5752098,D,S,T,2024-05-01,1000000.00,4.891753,95.0625
08:01:29,912810TZ1,TSRYS5752098,D,S,D,2024-05-01,1000000.00,4.89047,95.078125
08:01:29,912810TZ1,TSRYS5752098,D,S,D,2024-05-01,1000000.00,4.89047,95.078125
08:01:29,912810TZ1,TSRYS5752098,D,S,D,2024-05-01,1000000.00,4.89047,95.078125
08:01:30,912810TZ1,TSRYS5752098,D,S,T,2024-05-01,1000000.00,4.890487,95.077925
08:01:30,912810TZ1,TSRYS5752098,D,S,D,2024-05-01,1000000.00,4.89047,95.078125
08:01:30,912810TZ1,TSRYS5752098,D,S,T,2024-05-01,1000000.00,4.890487,95.077925
08:01:30,912810TZ1,TSRYS5752098,D,S,D,2024-05-01,1000000.00,4.89047,95.078125
08:01:30,912810TZ1,TSRYS5752098,D,S,D,2024-05-01,1000000.00,4.89047,95.078125
08:01:30,912810TZ1,TSRYS5752098,D,S,T,2024-05-01,1000000.00,4.890487,95.077925
08:01:30,912810TZ1,TSRYS5752098,D,S,D,2024-05-01,1000000.00,4.89047,95.078125
08:01:30,912810TZ1,TSRYS5752098,D,S,D,2024-05-01,1000000.00,4.891433,95.06640625
08:01:30,912810TZ1,TSRYS5752098,D,S,D,2024-05-01,1000000.00,4.891433,95.06640625
08:01:30,912810TZ1,TSRYS5752098,D,S,T,2024-05-01,1000000.00,4.890487,95.077925
08:01:30,912810TZ1,TSRYS5752098,D,S,T,2024-05-01,1000000.00,4.890487,95.077925
08:01:30,912810TZ1,TSRYS5752098,D,S,T,2024-05-01,1000000.00,4.890487,95.077925
08:01:30,912810TZ1,TSRYS5752098,D,S,T,2024-05-01,1000000.00,4.890487,95.077925
08:01:31,912810TZ1,TSRYS5752098,D,S,D,2024-05-01,1000000.00,4.897532,94.9921875
08:01:32,912810TZ1,TSRYS5752098,D,S,T,2024-05-01,1000000.00,4.896889,95.0
08:01:32,912810TZ1,TSRYS5752098,D,S,T,2024-05-01,1000000.00,4.90203,94.9375
08:01:32,912810TZ1,TSRYS5752098,D,S,T,2024-05-01,1000000.00,4.902046,94.9373
08:01:32,912810TZ1,TSRYS5752098,D,S,T,2024-05-01,1000000.00,4.902046,94.9373
08:01:32,912810TZ1,TSRYS5752098,D,S,T,2024-05-01,1000000.00,4.902046,94.9373
08:01:32,912810TZ1,TSRYS5752098,D,S,T,2024-05-01,1000000.00,4.902046,94.9373
08:01:32,912810TZ1,TSRYS5752098,D,S,T,2024-05-01,1000000.00,4.900584,94.95507812
08:01:32,912810TZ1,TSRYS5752098,D,S,T,2024-05-01,1000000.00,4.900584,94.95507812
08:01:32,912810TZ1,TSRYS5752098,D,S,T,2024-05-01,1000000.00,4.900905,94.95117187
08:01:33,912810TZ1,TSRYS5752098,D,S,D,2024-05-01,1000000.00,4.89721,94.99609375
08:01:33,912810TZ1,TSRYS5752098,D,S,D,2024-05-01,1000000.00,4.895123,95.021484375
08:01:35,912810TZ1,TSRYS5752098,D,S,D,2024-05-01,1000000.00,4.894963,95.0234375
08:01:35,912810TZ1,TSRYS5752098,D,S,T,2024-05-01,1000000.00,4.904602,94.90625
08:01:36,912810TZ1,TSRYS5752098,D,S,T,2024-05-01,1000000.00,4.898174,94.984375
08:01:36,912810TZ1,TSRYS5752098,D,S,T,2024-05-01,1000000.00,4.893037,95.046875
08:01:37,912810TZ1,TSRYS5752098,D,S,D,2024-05-01,1000000.00,4.894963,95.0234375
08:01:37,912810TZ1,TSRYS5752098,D,S,D,2024-05-01,1000000.00,4.901066,94.94921875
08:01:37,912810TZ1,TSRYS5752098,D,S,D,2024-05-01,1000000.00,4.902994,94.92578125
08:01:37,912810TZ1,TSRYS5752098,D,S,D,2024-05-01,1000000.00,4.903155,94.92382812
08:01:37,912810TZ1,TSRYS5752098,D,S,D,2024-05-01,1000000.00,4.901708,94.94140625
08:01:37,912810TZ1,TSRYS5752098,D,S,D,2024-05-01,1000000.00,4.903316,94.921875
08:01:37,912810TZ1,TSRYS5752098,D,S,T,2024-05-01,1000000.00,4.903332,94.921675
08:01:37,912810TZ1,TSRYS5752098,D,S,T,2024-05-01,1000000.00,4.903332,94.921675
08:01:38,912810TZ1,TSRYS5752098,D,S,T,2024-05-01,2000000.00,4.902046,94.9373
08:01:38,912810TZ1,TSRYS5752098,D,S,T,2024-05-01,1000000.00,4.90203,94.9375
08:01:38,912810TZ1,TSRYS5752098,D,S,T,2024-05-01,1000000.00,4.901387,94.9453125
08:01:38,912810TZ1,TSRYS5752098,D,S,D,2024-05-01,1000000.00,4.889187,95.09375
08:01:39,912810TZ1,TSRYS5752098,D,S,T,2024-05-01,1000000.00,4.88534,95.140625
08:01:40,912810TZ1,TSRYS5752098,D,S,D,2024-05-01,1000000.00,4.891112,95.0703125
08:01:40,912810TZ1,TSRYS5752098,D,S,D,2024-05-01,1000000.00,4.890951,95.072265625
08:01:40,912810TZ1,TSRYS5752098,D,S,D,2024-05-01,1000000.00,4.905245,94.8984375
08:01:43,912810TZ1,TSRYS5752098,D,S,D,2024-05-01,1000000.00,4.90621,94.88671875
08:01:43,912810TZ1,TSRYS5752098,D,S,D,2024-05-01,1000000.00,4.906853,94.87890625
08:01:44,912810TZ1,TSRYS5752098,D,S,T,2024-05-01,1000000.00,4.898174,94.984375
08:01:46,912810TZ1,TSRYS5752098,D,S,T,2024-05-01,1000000.00,4.898174,94.984375
08:01:47,912810TZ1,TSRYS5752098,D,S,T,2024-05-01,1000000.00,4.907175,94.875
08:01:47,912810TZ1,TSRYS5752098,D,S,T,2024-05-01,1000000.00,4.895605,95.015625
08:01:47,912810TZ1,TSRYS5752098,D,S,D,2024-05-01,1000000.00,4.88518,95.142578125
08:01:48,912810TZ1,TSRYS5752098,D,S,T,2024-05-01,1000000.00,4.908461,94.859375
08:01:48,912810TZ1,TSRYS5752098,D,S,T,2024-05-01,1000000.00,4.908461,94.859375
08:01:48,912810TZ1,TSRYS5752098,D,S,T,2024-05-01,1000000.00,4.908478,94.859175
08:01:48,912810TZ1,TSRYS5752098,D,S,T,2024-05-01,1000000.00,4.908478,94.859175
08:01:48,912810TZ1,TSRYS5752098,D,S,D,2024-05-01,1000000.00,4.8855,95.138671875
08:01:49,912810TZ1,TSRYS5752098,D,S,T,2024-05-01,1000000.00,4.907979,94.86523437
08:01:49,912810TZ1,TSRYS5752098,D,S,T,2024-05-01,2000000.00,4.908478,94.859175
08:01:49,912810TZ1,TSRYS5752098,D,S,D,2024-05-01,1000000.00,4.909105,94.8515625
08:01:49,912810TZ1,TSRYS5752098,D,S,D,2024-05-01,1000000.00,4.88566,95.13671875
08:01:49,912810TZ1,TSRYS5752098,D,S,T,2024-05-01,1000000.00,4.907191,94.8748
08:01:49,912810TZ1,TSRYS5752098,D,S,T,2024-05-01,1000000.00,4.90203,94.9375
08:01:51,912810TZ1,TSRYS5752098,D,S,T,2024-05-01,1000000.00,4.909588,94.84570312
08:01:51,912810TZ1,TSRYS5752098,D,S,D,2024-05-01,1000000.00,4.910071,94.83984375
08:01:53,912810TZ1,TSRYS5752098,D,S,T,2024-05-01,1000000.00,4.912324,94.8125
08:01:54,912810TZ1,TSRYS5752098,D,S,D,2024-05-01,1000000.00,4.911036,94.828125
08:01:55,912810TZ1,TSRYS5752098,D,S,T,2024-05-01,1000000.00,4.911053,94.827925
08:01:56,912810TZ1,TSRYS5752098,D,S,T,2024-05-01,1000000.00,4.909588,94.84570312
08:01:56,912810TZ1,TSRYS5752098,D,S,T,2024-05-01,2000000.00,4.909588,94.84570312
08:01:56,912810TZ1,TSRYS5752098,D,S,T,2024-05-01,1000000.00,4.910714,94.83203125
08:01:56,912810TZ1,TSRYS5752098,D,S,C,2024-05-01,1000000.00,4.893025,95.047025
08:01:56,912810TZ1,TSRYS5752098,D,B,C,2024-05-01,1000000.00,4.893053,95.046675
08:01:56,912810TZ1,TSRYS5752098,D,S,T,2024-05-01,1000000.00,4.910714,94.83203125
08:01:56,912810TZ1,TSRYS5752098,D,S,T,2024-05-01,1000000.00,4.910071,94.83984375
08:01:56,912810TZ1,TSRYS5752098,D,S,T,2024-05-01,1000000.00,4.907175,94.875
08:01:56,912810TZ1,TSRYS5752098,D,S,T,2024-05-01,1000000.00,4.909588,94.84570312
08:01:56,912810TZ1,TSRYS5752098,D,S,D,2024-05-01,1000000.00,4.908461,94.859375
08:01:56,912810TZ1,TSRYS5752098,D,S,D,2024-05-01,1000000.00,4.908783,94.85546875
08:01:57,912810TZ1,TSRYS5752098,D,S,T,2024-05-01,1000000.00,4.90203,94.9375
08:01:57,912810TZ1,TSRYS5752098,D,S,C,2024-05-01,1000000.00,4.896873,95.0002
08:01:57,912810TZ1,TSRYS5752098,D,B,C,2024-05-01,1000000.00,4.896889,95.0
08:01:57,912810TZ1,TSRYS5752098,D,S,C,2024-05-01,1000000.00,4.90637,94.88476562
08:01:57,912810TZ1,TSRYS5752098,D,S,C,2024-05-01,1000000.00,4.896877,95.000152
08:01:57,912810TZ1,TSRYS5752098,D,S,D,2024-05-01,505000.00,4.898174,94.984375
08:01:57,912810TZ1,TSRYS5752098,D,S,C,2024-05-01,1000000.00,4.896877,95.000152
08:01:57,912810TZ1,TSRYS5752098,D,S,D,2024-05-01,1000000.00,4.896889,95.0
08:01:57,912810TZ1,TSRYS5752098,D,B,C,2024-05-01,1000000.00,4.896889,95.0
08:01:57,912810TZ1,TSRYS5752098,D,B,C,2024-05-01,1000000.00,4.894333,95.0311
08:01:57,912810TZ1,TSRYS5752098,D,B,C,2024-05-01,1000000.00,4.894333,95.0311
08:01:57,912810TZ1,TSRYS5752098,D,S,C,2024-05-01,1000000.00,4.894308,95.031402
08:01:57,912810TZ1,TSRYS5752098,D,S,D,2024-05-01,1000000.00,4.894321,95.03125
08:01:58,912810TZ1,TSRYS5752098,D,S,D,2024-05-01,1000000.00,4.904923,94.90234375
08:01:58,912810TZ1,TSRYS5752098,D,S,D,2024-05-01,1000000.00,4.904923,94.90234375
08:01:58,912810TZ1,TSRYS5752098,D,S,T,2024-05-01,1000000.00,4.905888,94.890625
08:01:58,912810TZ1,TSRYS5752098,D,S,D,2024-05-01,1000000.00,4.905888,94.890625
08:01:58,912810TZ1,TSRYS5752098,D,S,D,2024-05-01,1000000.00,4.883898,95.158203125
08:01:58,912810TZ1,TSRYS5752098,D,S,D,2024-05-01,1000000.00,4.903959,94.9140625
08:01:59,912810TZ1,TSRYS5752098,D,S,T,2024-05-01,1000000.00,4.904119,94.91210937
08:01:59,912810TZ1,TSRYS5752098,D,S,D,2024-05-01,1000000.00,4.903637,94.91796875
08:01:59,912810TZ1,TSRYS5752098,D,S,T,2024-05-01,1000000.00,4.903798,94.91601562
08:01:59,912810TZ1,TSRYS5752098,D,S,T,2024-05-01,1000000.00,4.903332,94.921675
08:01:59,912810TZ1,TSRYS5752098,D,S,T,2024-05-01,1000000.00,4.903155,94.92382812
08:01:59,912810TZ1,TSRYS5752098,D,B,C,2024-05-01,1000000.00,4.893049,95.046725
08:01:59,912810TZ1,TSRYS5752098,D,S,C,2024-05-01,1000000.00,4.893021,95.047075
08:01:59,912810TZ1,TSRYS5752098,D,S,D,2024-05-01,1000000.00,4.902994,94.92578125
08:01:59,912810TZ1,TSRYS5752098,D,S,D,2024-05-01,1000000.00,4.903316,94.921875
08:01:59,912810TZ1,TSRYS5752098,D,S,T,2024-05-01,1000000.00,4.903316,94.921875
08:01:59,912810TZ1,TSRYS5752098,D,S,D,2024-05-01,1000000.00,4.893037,95.046875
08:01:59,912810TZ1,TSRYS5752098,D,S,D,2024-05-01,1000000.00,4.901226,94.94726562
08:01:59,912810TZ1,TSRYS5752098,D,S,D,2024-05-01,1000000.00,4.901226,94.94726562
08:02:00,912810TZ1,TSRYS5752098,D,S,D,2024-05-01,1000000.00,4.901066,94.94921875
08:02:00,912810TZ1,TSRYS5752098,D,S,D,2024-05-01,1000000.00,4.901066,94.94921875
08:02:00,912810TZ1,TSRYS5752098,D,S,D,2024-05-01,1000000.00,4.901066,94.94921875
08:02:00,912810TZ1,TSRYS5752098,D,S,D,2024-05-01,1000000.00,4.89047,95.078125
08:02:00,912810TZ1,TSRYS5752098,D,B,C,2024-05-01,1000000.00,4.890484,95.07795
08:02:00,912810TZ1,TSRYS5752098,D,S,C,2024-05-01,1000000.00,4.890452,95.07835
08:02:00,912810TZ1,TSRYS5752098,D,B,C,2024-05-01,1000000.00,4.890484,95.07795
08:02:00,912810TZ1,TSRYS5752098,D,S,D,2024-05-01,1000000.00,4.89047,95.078125
08:02:01,912810TZ1,TSRYS5752098,D,S,D,2024-05-01,1000000.00,4.886622,95.125
08:02:01,912810TZ1,TSRYS5752098,D,S,D,2024-05-01,1000000.00,4.88518,95.142578125
08:02:01,912810TZ1,TSRYS5752098,D,S,D,2024-05-01,1000000.00,4.88518,95.142578125
08:02:01,912810TZ1,TSRYS5752098,D,S,D,2024-05-01,1000000.00,4.88518,95.142578125
08:02:01,912810TZ1,TSRYS5752098,D,B,C,2024-05-01,1000000.00,4.903637,94.91796875
08:02:03,912810TZ1,TSRYS5752098,D,S,D,2024-05-01,1000000.00,4.896247,95.0078125
08:02:03,912810TZ1,TSRYS5752098,D,S,D,2024-05-01,2000000.00,4.896247,95.0078125
08:02:03,912810TZ1,TSRYS5752098,D,S,D,2024-05-01,1000000.00,4.895926,95.01171875
08:02:03,912810TZ1,TSRYS5752098,D,S,D,2024-05-01,1000000.00,4.894963,95.0234375
08:02:04,912810TZ1,TSRYS5752098,D,S,C,2024-05-01,2100000.00,4.894321,95.03125
08:02:05,912810TZ1,TSRYS5752098,D,B,C,2024-05-01,6000000.00,4.905457,94.89586
08:02:06,912810TZ1,TSRYS5752098,D,S,A,2024-05-01,25000000.00,4.89721,94.99609375
08:02:08,912810TZ1,TSRYS5752098,D,S,D,2024-05-01,1000000.00,4.88518,95.142578125
08:02:08,912810TZ1,TSRYS5752098,D,S,D,2024-05-01,1000000.00,4.88518,95.142578125
08:02:08,912810TZ1,TSRYS5752098,D,S,D,2024-05-01,1000000.00,4.88518,95.142578125
08:02:08,912810TZ1,TSRYS5752098,D,S,D,2024-05-01,1000000.00,4.888866,95.09765625
08:02:08,912810TZ1,TSRYS5752098,D,S,C,2024-05-01,1000000.00,4.891753,95.0625
08:02:11,912810TZ1,TSRYS5752098,D,S,D,2024-05-01,1000000.00,4.900102,94.9609375
08:02:13,912810TZ1,TSRYS5752098,D,S,T,2024-05-01,1000000.00,4.891753,95.0625
08:02:15,912810TZ1,TSRYS5752098,D,B,C,2024-05-01,1000000.00,4.886636,95.124825
08:02:15,912810TZ1,TSRYS5752098,D,S,D,2024-05-01,1000000.00,4.886622,95.125
08:02:15,912810TZ1,TSRYS5752098,D,B,C,2024-05-01,1000000.00,4.886636,95.124825
08:02:15,912810TZ1,TSRYS5752098,D,S,D,2024-05-01,2000000.00,4.886622,95.125
08:02:15,912810TZ1,TSRYS5752098,D,B,C,2024-05-01,2000000.00,4.886622,95.125
08:02:15,912810TZ1,TSRYS5752098,D,S,D,2024-05-01,1000000.00,4.886622,95.125
08:02:15,912810TZ1,TSRYS5752098,D,S,D,2024-05-01,1000000.00,4.886622,95.125
08:02:15,912810TZ1,TSRYS5752098,D,B,C,2024-05-01,1000000.00,4.886636,95.124825
08:02:17,912810TZ1,TSRYS5752098,D,S,D,2024-05-01,1000000.00,4.886622,95.125
08:02:17,912810TZ1,TSRYS5752098,D,S,D,2024-05-01,1000000.00,4.886622,95.125
08:02:17,912810TZ1,TSRYS5752098,D,B,C,2024-05-01,1000000.00,4.886622,95.125
08:02:17,912810TZ1,TSRYS5752098,D,S,C,2024-05-01,1000000.00,4.886603,95.125225
08:02:17,912810TZ1,TSRYS5752098,D,S,C,2024-05-01,1000000.00,4.88661,95.12515
08:02:17,912810TZ1,TSRYS5752098,D,B,C,2024-05-01,1000000.00,4.886636,95.124825
08:02:17,912810TZ1,TSRYS5752098,D,S,C,2024-05-01,1000000.00,4.885323,95.140825
08:02:17,912810TZ1,TSRYS5752098,D,S,C,2024-05-01,1000000.00,4.885323,95.140825
08:02:17,912810TZ1,TSRYS5752098,D,S,C,2024-05-01,1000000.00,4.88661,95.12515
08:02:17,912810TZ1,TSRYS5752098,D,S,C,2024-05-01,1000000.00,4.88661,95.12515
08:02:18,912810TZ1,TSRYS5752098,D,S,C,2024-05-01,1000000.00,4.885323,95.140825
08:02:18,912810TZ1,TSRYS5752098,D,B,C,2024-05-01,1000000.00,4.885354,95.14045
08:02:18,912810TZ1,TSRYS5752098,D,B,C,2024-05-01,1000000.00,4.886638,95.1248
08:02:18,912810TZ1,TSRYS5752098,D,B,C,2024-05-01,1000000.00,4.886638,95.1248
08:02:18,912810TZ1,TSRYS5752098,D,B,C,2024-05-01,1000000.00,4.885358,95.1404
08:02:18,912810TZ1,TSRYS5752098,D,S,C,2024-05-01,1000000.00,4.885323,95.140825
08:02:18,912810TZ1,TSRYS5752098,D,B,C,2024-05-01,1000000.00,4.885354,95.14045
08:02:18,912810TZ1,TSRYS5752098,D,B,C,2024-05-01,1000000.00,4.885354,95.14045
08:02:18,912810TZ1,TSRYS5752098,D,B,C,2024-05-01,2000000.00,4.884074,95.15605
08:02:18,912810TZ1,TSRYS5752098,D,S,D,2024-05-01,2000000.00,4.884058,95.15625
08:02:18,912810TZ1,TSRYS5752098,D,B,C,2024-05-01,1000000.00,4.884074,95.15605
08:02:18,912810TZ1,TSRYS5752098,D,S,D,2024-05-01,1000000.00,4.884058,95.15625
08:02:20,912810TZ1,TSRYS5752098,D,B,C,2024-05-01,1000000.00,4.900262,94.958984375
08:02:20,912810TZ1,TSRYS5752098,D,S,D,2024-05-01,1000000.00,4.900262,94.958984375
08:02:20,912810TZ1,TSRYS5752098,D,S,D,2024-05-01,1000000.00,4.900905,94.951171875
08:02:20,912810TZ1,TSRYS5752098,D,S,D,2024-05-01,1000000.00,4.900905,94.951171875
08:02:20,912810TZ1,TSRYS5752098,D,S,D,2024-05-01,1000000.00,4.88534,95.140625
08:02:21,912810TZ1,TSRYS5752098,D,S,A,2024-05-01,20000000.00,4.88534,95.140625
08:02:21,912810TZ1,TSRYS5752098,D,S,C,2024-05-01,14000000.00,4.894963,95.0234375
08:02:21,912810TZ1,TSRYS5752098,D,S,C,2024-05-01,1000000.00,4.886606,95.1252
08:02:21,912810TZ1,TSRYS5752098,D,S,D,2024-05-01,1000000.00,4.886622,95.125
08:02:21,912810TZ1,TSRYS5752098,D,S,C,2024-05-01,1000000.00,4.886609,95.125152
08:02:21,912810TZ1,TSRYS5752098,D,S,C,2024-05-01,10000000.00,4.89047,95.078125
08:02:21,912810TZ1,TSRYS5752098,D,S,D,2024-05-01,1000000.00,4.887904,95.109375
08:02:21,912810TZ1,TSRYS5752098,D,B,C,2024-05-01,1000000.00,4.887904,95.109375
08:02:21,912810TZ1,TSRYS5752098,D,S,T,2024-05-01,1000000.00,4.90428,94.91015625
08:02:21,912810TZ1,TSRYS5752098,D,S,T,2024-05-01,1000000.00,4.894963,95.0234375
08:02:21,912810TZ1,TSRYS5752098,D,B,C,2024-05-01,2000000.00,4.899632,94.96664
08:02:21,912810TZ1,TSRYS5752098,D,S,D,2024-05-01,1000000.00,4.887904,95.109375
08:02:21,912810TZ1,TSRYS5752098,D,S,C,2024-05-01,1000000.00,4.887892,95.109527
08:02:21,912810TZ1,TSRYS5752098,D,B,C,2024-05-01,1000000.00,4.887904,95.109375
08:02:21,912810TZ1,TSRYS5752098,D,S,C,2024-05-01,1000000.00,4.889175,95.093902
08:02:21,912810TZ1,TSRYS5752098,D,B,C,2024-05-01,1000000.00,4.889204,95.09355
08:02:22,912810TZ1,TSRYS5752098,D,B,C,2024-05-01,1000000.00,4.887904,95.109375
08:02:22,912810TZ1,TSRYS5752098,D,S,D,2024-05-01,1000000.00,4.887896,95.109477
08:02:22,912810TZ1,TSRYS5752098,D,S,D,2024-05-01,1000000.00,4.889187,95.09375
08:02:22,912810TZ1,TSRYS5752098,D,S,C,2024-05-01,1000000.00,4.89047,95.078125
08:02:22,912810TZ1,TSRYS5752098,D,S,C,2024-05-01,1000000.00,4.89047,95.078125
08:02:22,912810TZ1,TSRYS5752098,D,S,C,2024-05-01,1000000.00,4.89047,95.078125
08:02:22,912810TZ1,TSRYS5752098,D,S,C,2024-05-01,1000000.00,4.89047,95.078125
08:02:22,912810TZ1,TSRYS5752098,D,S,C,2024-05-01,1000000.00,4.89047,95.078125
08:02:22,912810TZ1,TSRYS5752098,D,S,C,2024-05-01,1000000.00,4.89047,95.078125
08:02:22,912810TZ1,TSRYS5752098,D,S,C,2024-05-01,1000000.00,4.89047,95.078125
08:02:22,912810TZ1,TSRYS5752098,D,B,C,2024-05-01,1000000.00,4.902833,94.927734375
08:02:22,912810TZ1,TSRYS5752098,D,S,D,2024-05-01,1000000.00,4.902833,94.927734375
08:02:23,912810TZ1,TSRYS5752098,D,S,D,2024-05-01,2000000.00,4.896889,95.0
08:02:23,912810TZ1,TSRYS5752098,D,B,C,2024-05-01,2000000.00,4.896889,95.0
08:02:23,912810TZ1,TSRYS5752098,D,S,D,2024-05-01,1000000.00,4.900744,94.953125
08:02:23,912810TZ1,TSRYS5752098,D,S,C,2024-05-01,1000000.00,4.900744,94.953125
08:02:23,912810TZ1,TSRYS5752098,D,S,D,2024-05-01,1000000.00,4.900744,94.953125
08:02:23,912810TZ1,TSRYS5752098,D,S,C,2024-05-01,1000000.00,4.900728,94.953325
08:02:24,912810TZ1,TSRYS5752098,D,S,D,2024-05-01,1000000.00,4.903316,94.921875
08:02:24,912810TZ1,TSRYS5752098,D,S,D,2024-05-01,1000000.00,4.903316,94.921875
08:02:26,912810TZ1,TSRYS5752098,D,S,D,2024-05-01,20300000.00,4.876372,95.25
08:02:28,912810TZ1,TSRYS5752098,D,S,D,2024-05-01,5050000.00,4.876372,95.25
08:02:28,912810TZ1,TSRYS5752098,D,S,D,2024-05-01,5050000.00,4.876372,95.25
08:02:29,912810TZ1,TSRYS5752098,D,S,C,2024-05-01,1000000.00,4.903299,94.922075
08:02:29,912810TZ1,TSRYS5752098,D,B,C,2024-05-01,1000000.00,4.903316,94.921875
08:02:30,912810TZ1,TSRYS5752098,D,S,C,2024-05-01,1000000.00,4.892395,95.0546875
08:02:30,912810TZ1,TSRYS5752098,D,S,D,2024-05-01,1000000.00,4.876372,95.25
08:02:30,912810TZ1,TSRYS5752098,D,S,D,2024-05-01,1000000.00,4.903155,94.923828125
08:02:30,912810TZ1,TSRYS5752098,D,S,D,2024-05-01,1000000.00,4.903155,94.923828125
08:02:30,912810TZ1,TSRYS5752098,D,S,D,2024-05-01,1000000.00,4.903155,94.923828125
08:02:31,912810TZ1,TSRYS5752098,D,S,D,2024-05-01,2000000.00,4.904602,94.90625
08:02:31,912810TZ1,TSRYS5752098,D,S,D,2024-05-01,1000000.00,4.905727,94.892578125
08:02:32,912810TZ1,TSRYS5752098,D,S,D,2024-05-01,1000000.00,4.903959,94.9140625
08:02:32,912810TZ1,TSRYS5752098,D,B,C,2024-05-01,2000000.00,4.904614,94.9061
08:02:32,912810TZ1,TSRYS5752098,D,S,D,2024-05-01,2000000.00,4.904602,94.90625
08:02:32,912810TZ1,TSRYS5752098,D,S,D,2024-05-01,1000000.00,4.905566,94.89453125
08:02:32,912810TZ1,TSRYS5752098,D,S,D,2024-05-01,2000000.00,4.905888,94.890625
08:02:32,912810TZ1,TSRYS5752098,D,S,D,2024-05-01,1000000.00,4.905566,94.89453125
08:02:32,912810TZ1,TSRYS5752098,D,S,D,2024-05-01,1000000.00,4.905888,94.890625
08:02:32,912810TZ1,TSRYS5752098,D,B,C,2024-05-01,1000000.00,4.905888,94.890625
08:02:32,912810TZ1,TSRYS5752098,D,S,D,2024-05-01,1000000.00,4.905888,94.890625
08:02:33,912810TZ1,TSRYS5752098,D,S,C,2024-05-01,1000000.00,4.907158,94.8752
08:02:33,912810TZ1,TSRYS5752098,D,S,D,2024-05-01,1000000.00,4.907175,94.875
08:02:33,912810TZ1,TSRYS5752098,D,B,C,2024-05-01,1000000.00,4.907175,94.875
08:02:33,912810TZ1,TSRYS5752098,D,S,D,2024-05-01,1000000.00,4.907175,94.875
08:02:34,912810TZ1,TSRYS5752098,D,B,C,2024-05-01,1000000.00,4.9059,94.890473
08:02:34,912810TZ1,TSRYS5752098,D,S,C,2024-05-01,1000000.00,4.905871,94.890825
08:02:34,912810TZ1,TSRYS5752098,D,S,C,2024-05-01,1000000.00,4.905871,94.890825
08:02:34,912810TZ1,TSRYS5752098,D,B,C,2024-05-01,1000000.00,4.904602,94.90625
08:02:34,912810TZ1,TSRYS5752098,D,S,C,2024-05-01,1000000.00,4.904602,94.90625
08:02:34,912810TZ1,TSRYS5752098,D,S,C,2024-05-01,1000000.00,4.904602,94.90625
08:02:35,912810TZ1,TSRYS5752098,D,S,D,2024-05-01,1000000.00,4.90203,94.9375
08:02:35,912810TZ1,TSRYS5752098,D,S,D,2024-05-01,1000000.00,4.90203,94.9375
08:02:35,912810TZ1,TSRYS5752098,D,S,D,2024-05-01,1000000.00,4.90203,94.9375
08:02:35,912810TZ1,TSRYS5752098,D,S,D,2024-05-01,1000000.00,4.90203,94.9375
08:02:36,912810TZ1,TSRYS5752098,D,S,C,2024-05-01,1000000.00,4.895605,95.015625
08:02:36,912810TZ1,TSRYS5752098,D,B,C,2024-05-01,1000000.00,4.895623,95.0154
08:02:36,912810TZ1,TSRYS5752098,D,S,C,2024-05-01,1000000.00,4.895605,95.015625
08:02:36,912810TZ1,TSRYS5752098,D,S,D,2024-05-01,1000000.00,4.895605,95.015625
08:02:36,912810TZ1,TSRYS5752098,D,S,C,2024-05-01,1000000.00,4.895593,95.015775
08:02:37,912810TZ1,TSRYS5752098,D,S,D,2024-05-01,9150000.00,4.876372,95.25
08:02:38,912810TZ1,TSRYS5752098,D,S,C,2024-05-01,1000000.00,4.898155,94.9846
08:02:38,912810TZ1,TSRYS5752098,D,B,C,2024-05-01,1000000.00,4.898174,94.984375
08:02:39,912810TZ1,TSRYS5752098,D,B,C,2024-05-01,1000000.00,4.899471,94.9686
08:02:39,912810TZ1,TSRYS5752098,D,S,C,2024-05-01,1000000.00,4.899443,94.96895
08:02:39,912810TZ1,TSRYS5752098,D,B,C,2024-05-01,1000000.00,4.899459,94.96875
08:02:39,912810TZ1,TSRYS5752098,D,S,C,2024-05-01,1000000.00,4.899443,94.96895
08:02:39,912810TZ1,TSRYS5752098,D,S,D,2024-05-01,1000000.00,4.899459,94.96875
08:02:39,912810TZ1,TSRYS5752098,D,B,C,2024-05-01,1000000.00,4.899471,94.9686
08:02:39,912810TZ1,TSRYS5752098,D,B,C,2024-05-01,1000000.00,4.899471,94.9686
08:02:39,912810TZ1,TSRYS5752098,D,S,C,2024-05-01,1000000.00,4.899443,94.96895
08:02:39,912810TZ1,TSRYS5752098,D,S,D,2024-05-01,2000000.00,4.899459,94.96875
08:02:39,912810TZ1,TSRYS5752098,D,S,C,2024-05-01,1000000.00,4.899443,94.96895
08:02:39,912810TZ1,TSRYS5752098,D,B,C,2024-05-01,1000000.00,4.899471,94.9686
08:02:39,912810TZ1,TSRYS5752098,D,B,C,2024-05-01,2000000.00,4.899471,94.9686
08:02:39,912810TZ1,TSRYS5752098,D,S,D,2024-05-01,1000000.00,4.90203,94.9375
08:02:39,912810TZ1,TSRYS5752098,D,B,C,2024-05-01,1000000.00,4.900761,94.952925
08:02:39,912810TZ1,TSRYS5752098,D,S,C,2024-05-01,1000000.00,4.90073,94.9533
08:02:40,912810TZ1,TSRYS5752098,D,B,C,2024-05-01,1000000.00,4.900744,94.953125
08:02:40,912810TZ1,TSRYS5752098,D,B,C,2024-05-01,1000000.00,4.900744,94.953125
08:02:40,912810TZ1,TSRYS5752098,D,S,D,2024-05-01,1000000.00,4.900744,94.953125
08:02:40,912810TZ1,TSRYS5752098,D,S,C,2024-05-01,1000000.00,4.900726,94.95335
08:02:40,912810TZ1,TSRYS5752098,D,S,D,2024-05-01,1000000.00,4.900584,94.955078125
08:02:40,912810TZ1,TSRYS5752098,D,S,D,2024-05-01,1000000.00,4.900584,94.955078125
08:02:40,912810TZ1,TSRYS5752098,D,S,D,2024-05-01,1000000.00,4.900905,94.951171875
08:02:41,912810TZ1,TSRYS5752098,D,S,C,2024-05-01,1000000.00,4.903297,94.9221
08:02:41,912810TZ1,TSRYS5752098,D,S,C,2024-05-01,1000000.00,4.903316,94.921875
08:02:41,912810TZ1,TSRYS5752098,D,S,D,2024-05-01,2000000.00,4.90203,94.9375
08:02:41,912810TZ1,TSRYS5752098,D,B,C,2024-05-01,2000000.00,4.902046,94.9373
08:02:41,912810TZ1,TSRYS5752098,D,S,D,2024-05-01,2000000.00,4.90203,94.9375
08:02:42,912810TZ1,TSRYS5752098,D,S,D,2024-05-01,1000000.00,4.905888,94.890625
08:02:42,912810TZ1,TSRYS5752098,D,B,C,2024-05-01,1000000.00,4.905888,94.890625
08:02:42,912810TZ1,TSRYS5752098,D,B,C,2024-05-01,1000000.00,4.905888,94.890625
08:02:42,912810TZ1,TSRYS5752098,D,S,D,2024-05-01,1000000.00,4.905888,94.890625
08:02:44,912810TZ1,TSRYS5752098,D,B,C,2024-05-01,1000000.00,4.907175,94.875
08:02:44,912810TZ1,TSRYS5752098,D,S,D,2024-05-01,1000000.00,4.907175,94.875
08:02:44,912810TZ1,TSRYS5752098,D,S,D,2024-05-01,1000000.00,4.907175,94.875
08:02:44,912810TZ1,TSRYS5752098,D,B,C,2024-05-01,1000000.00,4.907175,94.875
08:02:46,912810TZ1,TSRYS5752098,D,S,D,2024-05-01,1000000.00,4.908461,94.859375
08:02:46,912810TZ1,TSRYS5752098,D,S,D,2024-05-01,1000000.00,4.908461,94.859375
08:02:47,912810TZ1,TSRYS5752098,D,S,C,2024-05-01,2000000.00,4.908461,94.859375
08:02:47,912810TZ1,TSRYS5752098,D,B,C,2024-05-01,20300000.00,4.876372,95.25
08:02:47,912810TZ1,TSRYS5752098,D,B,C,2024-05-01,5050000.00,4.876372,95.25
08:02:47,912810TZ1,TSRYS5752098,D,B,C,2024-05-01,4600000.00,4.876372,95.25
08:02:47,912810TZ1,TSRYS5752098,D,B,C,2024-05-01,9150000.00,4.876372,95.25
08:02:47,912810TZ1,TSRYS5752098,D,B,C,2024-05-01,1000000.00,4.876372,95.25
08:02:48,912810TZ1,TSRYS5752098,D,S,C,2024-05-01,1000000.00,4.907175,94.875
08:02:48,912810TZ1,TSRYS5752098,D,S,C,2024-05-01,1000000.00,4.907175,94.875
08:02:48,912810TZ1,TSRYS5752098,D,S,C,2024-05-01,1000000.00,4.907175,94.875
08:02:49,912810TZ1,TSRYS5752098,D,S,C,2024-05-01,1000000.00,4.909732,94.84395
08:02:49,912810TZ1,TSRYS5752098,D,B,C,2024-05-01,1000000.00,4.909749,94.84375
08:02:49,912810TZ1,TSRYS5752098,D,B,C,2024-05-01,1000000.00,4.909749,94.84375
08:02:49,912810TZ1,TSRYS5752098,D,S,C,2024-05-01,1000000.00,4.909734,94.843925
08:02:49,912810TZ1,TSRYS5752098,D,S,C,2024-05-01,1000000.00,4.909732,94.84395
08:02:49,912810TZ1,TSRYS5752098,D,B,C,2024-05-01,1000000.00,4.909749,94.84375
08:02:49,912810TZ1,TSRYS5752098,D,S,D,2024-05-01,1000000.00,4.909749,94.84375
08:02:49,912810TZ1,TSRYS5752098,D,B,C,2024-05-01,1000000.00,4.909749,94.84375
08:02:50,912810TZ1,TSRYS5752098,D,B,C,2024-05-01,2000000.00,4.911053,94.827925
08:02:50,912810TZ1,TSRYS5752098,D,B,C,2024-05-01,1000000.00,4.911053,94.827925
08:02:50,912810TZ1,TSRYS5752098,D,S,D,2024-05-01,2000000.00,4.911036,94.828125
08:02:50,912810TZ1,TSRYS5752098,D,S,D,2024-05-01,1000000.00,4.911025,94.828255
08:02:50,912810TZ1,TSRYS5752098,D,B,C,2024-05-01,5050000.00,4.876372,95.25
08:02:51,912810TZ1,TSRYS5752098,D,S,C,2024-05-01,1000000.00,4.911036,94.828125
08:02:52,912810TZ1,TSRYS5752098,D,S,D,2024-05-01,1000000.00,4.911036,94.828125
08:02:52,912810TZ1,TSRYS5752098,D,B,C,2024-05-01,1000000.00,4.900262,94.958984375
08:02:52,912810TZ1,TSRYS5752098,D,S,D,2024-05-01,1000000.00,4.900262,94.958984375
08:02:53,912810TZ1,TSRYS5752098,D,S,D,2024-05-01,1000000.00,4.90203,94.9375
08:02:53,912810TZ1,TSRYS5752098,D,S,D,2024-05-01,1000000.00,4.901387,94.9453125
08:02:54,912810TZ1,TSRYS5752098,D,S,C,2024-05-01,1000000.00,4.908445,94.859575
08:02:54,912810TZ1,TSRYS5752098,D,S,C,2024-05-01,1000000.00,4.907158,94.8752
08:02:54,912810TZ1,TSRYS5752098,D,S,C,2024-05-01,1000000.00,4.907158,94.8752
08:02:55,912810TZ1,TSRYS5752098,D,S,D,2024-05-01,1000000.00,4.908461,94.859375
08:02:55,912810TZ1,TSRYS5752098,D,B,C,2024-05-01,1000000.00,4.90847,94.859275
08:02:55,912810TZ1,TSRYS5752098,D,B,C,2024-05-01,1000000.00,4.90847,94.859275
08:02:55,912810TZ1,TSRYS5752098,D,S,C,2024-05-01,1000000.00,4.908445,94.859575
08:02:55,912810TZ1,TSRYS5752098,D,B,C,2024-05-01,1000000.00,4.908461,94.859375
08:02:55,912810TZ1,TSRYS5752098,D,S,D,2024-05-01,1000000.00,4.908461,94.859375
08:02:55,912810TZ1,TSRYS5752098,D,B,C,2024-05-01,1000000.00,4.908478,94.859175
08:02:55,912810TZ1,TSRYS5752098,D,S,C,2024-05-01,1000000.00,4.908461,94.859375
08:02:55,912810TZ1,TSRYS5752098,D,S,C,2024-05-01,1000000.00,4.905888,94.890625
08:02:55,912810TZ1,TSRYS5752098,D,B,C,2024-05-01,1000000.00,4.905904,94.890425
08:02:55,912810TZ1,TSRYS5752098,D,S,C,2024-05-01,5000000.00,4.905888,94.890625
08:02:55,912810TZ1,TSRYS5752098,D,S,C,2024-05-01,6000000.00,4.90588,94.890725
08:02:55,912810TZ1,TSRYS5752098,D,S,C,2024-05-01,1000000.00,4.905888,94.890625
08:02:56,912810TZ1,TSRYS5752098,D,S,C,2024-05-01,1000000.00,4.905874,94.8908
08:02:56,912810TZ1,TSRYS5752098,D,S,C,2024-05-01,1000000.00,4.905871,94.890825
08:02:56,912810TZ1,TSRYS5752098,D,S,C,2024-05-01,1000000.00,4.905871,94.890825
08:02:56,912810TZ1,TSRYS5752098,D,S,D,2024-05-01,1000000.00,4.905888,94.890625
08:02:56,912810TZ1,TSRYS5752098,D,S,D,2024-05-01,1000000.00,4.905888,94.890625
08:02:56,912810TZ1,TSRYS5752098,D,S,C,2024-05-01,3000000.00,4.905876,94.890775
08:02:56,912810TZ1,TSRYS5752098,D,S,C,2024-05-01,1000000.00,4.904602,94.90625
08:02:56,912810TZ1,TSRYS5752098,D,B,C,2024-05-01,1000000.00,4.904602,94.90625
08:02:56,912810TZ1,TSRYS5752098,D,B,C,2024-05-01,1000000.00,4.905888,94.890625
08:02:56,912810TZ1,TSRYS5752098,D,S,D,2024-05-01,1000000.00,4.905888,94.890625
08:02:56,912810TZ1,TSRYS5752098,D,S,C,2024-05-01,1000000.00,4.904589,94.9064
08:02:56,912810TZ1,TSRYS5752098,D,S,C,2024-05-01,1000000.00,4.904589,94.9064
08:02:56,912810TZ1,TSRYS5752098,D,B,C,2024-05-01,1000000.00,4.904618,94.90605
08:02:57,912810TZ1,TSRYS5752098,D,S,D,2024-05-01,1000000.00,4.903316,94.921875
08:02:57,912810TZ1,TSRYS5752098,D,B,C,2024-05-01,3000000.00,4.903328,94.921725
08:02:57,912810TZ1,TSRYS5752098,D,S,D,2024-05-01,3000000.00,4.903316,94.921875
08:02:57,912810TZ1,TSRYS5752098,D,B,C,2024-05-01,3000000.00,4.903328,94.921725
08:02:57,912810TZ1,TSRYS5752098,D,S,D,2024-05-01,3000000.00,4.903316,94.921875
08:02:57,912810TZ1,TSRYS5752098,D,B,C,2024-05-01,1000000.00,4.90203,94.9375
08:02:57,912810TZ1,TSRYS5752098,D,S,D,2024-05-01,1000000.00,4.90203,94.9375
08:02:58,912810TZ1,TSRYS5752098,D,B,C,2024-05-01,1000000.00,4.90203,94.9375
08:02:58,912810TZ1,TSRYS5752098,D,S,D,2024-05-01,1000000.00,4.90203,94.9375
08:02:58,912810TZ1,TSRYS5752098,D,B,C,2024-05-01,1000000.00,4.903316,94.921875
08:02:58,912810TZ1,TSRYS5752098,D,S,D,2024-05-01,1000000.00,4.903316,94.921875
08:02:58,912810TZ1,TSRYS5752098,D,B,C,2024-05-01,1000000.00,4.903316,94.921875
08:02:58,912810TZ1,TSRYS5752098,D,S,D,2024-05-01,1000000.00,4.903316,94.921875
08:02:58,912810TZ1,TSRYS5752098,D,S,C,2024-05-01,1000000.00,4.90203,94.9375
08:02:58,912810TZ1,TSRYS5752098,D,B,C,2024-05-01,1000000.00,4.90203,94.9375
08:02:58,912810TZ1,TSRYS5752098,D,S,D,2024-05-01,1000000.00,4.90203,94.9375
08:02:59,912810TZ1,TSRYS5752098,D,S,C,2024-05-01,1000000.00,4.90203,94.9375
08:02:59,912810TZ1,TSRYS5752098,D,B,C,2024-05-01,1000000.00,4.902046,94.9373
08:02:59,912810TZ1,TSRYS5752098,D,S,C,2024-05-01,1000000.00,4.902017,94.93765
08:02:59,912810TZ1,TSRYS5752098,D,B,C,2024-05-01,1000000.00,4.90203,94.9375
08:02:59,912810TZ1,TSRYS5752098,D,S,C,2024-05-01,1000000.00,4.902017,94.93765
08:02:59,912810TZ1,TSRYS5752098,D,B,C,2024-05-01,1000000.00,4.902046,94.9373
08:02:59,912810TZ1,TSRYS5752098,D,B,C,2024-05-01,1000000.00,4.902046,94.9373
08:02:59,912810TZ1,TSRYS5752098,D,S,C,2024-05-01,1000000.00,4.902017,94.93765
08:02:59,912810TZ1,TSRYS5752098,D,S,C,2024-05-01,1000000.00,4.90203,94.9375
08:02:59,912810TZ1,TSRYS5752098,D,S,C,2024-05-01,1000000.00,4.90203,94.9375
08:03:00,912810TZ1,TSRYS5752098,D,S,D,2024-05-01,1000000.00,4.898174,94.984375
08:03:00,912810TZ1,TSRYS5752098,D,S,C,2024-05-01,1000000.00,4.898158,94.984575
08:03:00,912810TZ1,TSRYS5752098,D,S,D,2024-05-01,1000000.00,4.896889,95.0
08:03:00,912810TZ1,TSRYS5752098,D,S,D,2024-05-01,1000000.00,4.895594,95.015755
08:03:00,912810TZ1,TSRYS5752098,D,S,D,2024-05-01,1000000.00,4.895594,95.015755
08:03:00,912810TZ1,TSRYS5752098,D,B,C,2024-05-01,1000000.00,4.895605,95.015625
08:03:00,912810TZ1,TSRYS5752098,D,S,D,2024-05-01,2000000.00,4.895594,95.015755
08:03:00,912810TZ1,TSRYS5752098,D,B,C,2024-05-01,1000000.00,4.895605,95.015625
08:03:00,912810TZ1,TSRYS5752098,D,S,D,2024-05-01,2000000.00,4.895594,95.015755
08:03:00,912810TZ1,TSRYS5752098,D,S,D,2024-05-01,1000000.00,4.895605,95.015625
08:03:00,912810TZ1,TSRYS5752098,D,B,C,2024-05-01,1000000.00,4.895605,95.015625
08:03:00,912810TZ1,TSRYS5752098,D,S,D,2024-05-01,1000000.00,4.895594,95.015755
08:03:00,912810TZ1,TSRYS5752098,D,B,C,2024-05-01,2000000.00,4.895605,95.015625
08:03:00,912810TZ1,TSRYS5752098,D,S,D,2024-05-01,1000000.00,4.895594,95.015755
08:03:00,912810TZ1,TSRYS5752098,D,S,D,2024-05-01,2000000.00,4.895594,95.015755
08:03:01,912810TZ1,TSRYS5752098,D,B,C,2024-05-01,1000000.00,4.894321,95.03125
08:03:01,912810TZ1,TSRYS5752098,D,S,D,2024-05-01,1000000.00,4.894321,95.03125
08:03:01,912810TZ1,TSRYS5752098,D,S,D,2024-05-01,1000000.00,4.895605,95.015625
08:03:01,912810TZ1,TSRYS5752098,D,B,C,2024-05-01,1000000.00,4.895617,95.015475
08:03:01,912810TZ1,TSRYS5752098,D,B,C,2024-05-01,1000000.00,4.895617,95.015475
08:03:01,912810TZ1,TSRYS5752098,D,S,D,2024-05-01,1000000.00,4.895605,95.015625
08:03:01,912810TZ1,TSRYS5752098,D,B,C,2024-05-01,1000000.00,4.895605,95.015625
08:03:01,912810TZ1,TSRYS5752098,D,S,D,2024-05-01,1000000.00,4.895605,95.015625
08:03:02,912810TZ1,TSRYS5752098,D,S,D,2024-05-01,1000000.00,4.893037,95.046875
08:03:02,912810TZ1,TSRYS5752098,D,B,C,2024-05-01,1000000.00,4.893053,95.046675
08:03:02,912810TZ1,TSRYS5752098,D,S,C,2024-05-01,1000000.00,4.893037,95.046875
08:03:02,912810TZ1,TSRYS5752098,D,B,C,2024-05-01,1000000.00,4.893053,95.046675
08:03:02,912810TZ1,TSRYS5752098,D,S,C,2024-05-01,1000000.00,4.893037,95.046875
08:03:03,912810TZ1,TSRYS5752098,D,S,D,2024-05-01,1000000.00,4.891743,95.06263
08:03:03,912810TZ1,TSRYS5752098,D,B,C,2024-05-01,1000000.00,4.891753,95.0625
08:03:03,912810TZ1,TSRYS5752098,D,S,D,2024-05-01,1000000.00,4.891743,95.06263
08:03:04,912810TZ1,TSRYS5752098,D,B,C,2024-05-01,1000000.00,4.894321,95.03125
08:03:04,912810TZ1,TSRYS5752098,D,S,C,2024-05-01,1000000.00,4.894304,95.03145
08:03:05,912810TZ1,TSRYS5752098,D,S,C,2024-05-01,1000000.00,4.896873,95.0002
08:03:05,912810TZ1,TSRYS5752098,D,B,C,2024-05-01,1000000.00,4.896889,95.0
08:03:05,912810TZ1,TSRYS5752098,D,S,C,2024-05-01,1000000.00,4.895586,95.01585
08:03:06,912810TZ1,TSRYS5752098,D,S,D,2024-05-01,1000000.00,4.896889,95.0
08:03:06,912810TZ1,TSRYS5752098,D,S,D,2024-05-01,1000000.00,4.896889,95.0
08:03:06,912810TZ1,TSRYS5752098,D,S,C,2024-05-01,1000000.00,4.898174,94.984375
08:03:06,912810TZ1,TSRYS5752098,D,S,D,2024-05-01,1000000.00,4.898174,94.984375
08:03:06,912810TZ1,TSRYS5752098,D,S,C,2024-05-01,1000000.00,4.898174,94.984375
08:03:06,912810TZ1,TSRYS5752098,D,B,C,2024-05-01,1000000.00,4.896889,95.0
08:03:06,912810TZ1,TSRYS5752098,D,S,D,2024-05-01,1000000.00,4.896889,95.0
08:03:08,912810TZ1,TSRYS5752098,D,S,D,2024-05-01,1000000.00,4.893037,95.046875
08:03:09,912810TZ1,TSRYS5752098,D,S,D,2024-05-01,1000000.00,4.891753,95.0625
08:03:09,912810TZ1,TSRYS5752098,D,S,C,2024-05-01,1000000.00,4.891753,95.0625
08:03:09,912810TZ1,TSRYS5752098,D,S,C,2024-05-01,1000000.00,4.891753,95.0625
08:03:09,912810TZ1,TSRYS5752098,D,S,C,2024-05-01,1000000.00,4.891753,95.0625
08:03:09,912810TZ1,TSRYS5752098,D,S,C,2024-05-01,1000000.00,4.891753,95.0625
08:03:09,912810TZ1,TSRYS5752098,D,S,C,2024-05-01,1000000.00,4.891753,95.0625
08:03:09,912810TZ1,TSRYS5752098,D,S,C,2024-05-01,1000000.00,4.891753,95.0625
08:03:09,912810TZ1,TSRYS5752098,D,S,C,2024-05-01,1000000.00,4.891737,95.0627
08:03:09,912810TZ1,TSRYS5752098,D,S,C,2024-05-01,1000000.00,4.891753,95.0625
08:03:13,912810TZ1,TSRYS5752098,D,S,D,2024-05-01,1000000.00,4.908461,94.859375
08:03:13,912810TZ1,TSRYS5752098,D,S,D,2024-05-01,1000000.00,4.908461,94.859375
08:03:13,912810TZ1,TSRYS5752098,D,S,D,2024-05-01,1000000.00,4.907979,94.865234375
08:03:23,912810TZ1,TSRYS5752098,D,S,D,2024-05-01,1000000.00,4.909588,94.845703125
08:03:26,912810TZ1,TSRYS5752098,D,S,C,2024-05-01,1000000.00,4.912324,94.8125
08:03:34,912810TZ1,TSRYS5752098,D,S,D,2024-05-01,1000000.00,4.910071,94.83984375
08:03:35,912810TZ1,TSRYS5752098,D,S,C,2024-05-01,10000.00,4.889187,95.09375
08:03:38,912810TZ1,TSRYS5752098,D,S,D,2024-05-01,1000000.00,4.909588,94.845703125
08:03:38,912810TZ1,TSRYS5752098,D,S,D,2024-05-01,2000000.00,4.909588,94.845703125
08:03:38,912810TZ1,TSRYS5752098,D,S,D,2024-05-01,1000000.00,4.910714,94.83203125
08:03:38,912810TZ1,TSRYS5752098,D,S,D,2024-05-01,1000000.00,4.910714,94.83203125
08:03:38,912810TZ1,TSRYS5752098,D,S,D,2024-05-01,1000000.00,4.910071,94.83984375
08:03:38,912810TZ1,TSRYS5752098,D,S,D,2024-05-01,1000000.00,4.909588,94.845703125
08:03:39,912810TZ1,TSRYS5752098,D,S,A,2024-05-01,81000.00,4.900483,94.9563
08:03:41,912810TZ1,TSRYS5752098,D,S,D,2024-05-01,3000000.00,4.90203,94.9375
08:03:42,912810TZ1,TSRYS5752098,D,S,D,2024-05-01,10000.00,4.889187,95.09375
08:03:43,912810TZ1,TSRYS5752098,D,S,D,2024-05-01,1000000.00,4.905406,94.896484375
08:03:43,912810TZ1,TSRYS5752098,D,S,D,2024-05-01,1000000.00,4.905245,94.8984375
08:03:43,912810TZ1,TSRYS5752098,D,S,C,2024-05-01,1000000.00,4.905888,94.890625
08:03:43,912810TZ1,TSRYS5752098,D,B,C,2024-05-01,1000000.00,4.905888,94.890625
08:03:44,912810TZ1,TSRYS5752098,D,S,D,2024-05-01,1000000.00,4.90621,94.88671875
08:03:44,912810TZ1,TSRYS5752098,D,S,D,2024-05-01,1000000.00,4.905888,94.890625
08:03:44,912810TZ1,TSRYS5752098,D,S,D,2024-05-01,1000000.00,4.904119,94.912109375
08:03:44,912810TZ1,TSRYS5752098,D,S,A,2024-05-01,4600000.00,4.876372,95.25
08:03:44,912810TZ1,TSRYS5752098,D,S,C,2024-05-01,1000000.00,4.903798,94.916015625
08:03:45,912810TZ1,TSRYS5752098,D,S,D,2024-05-01,1000000.00,4.903155,94.923828125
08:03:45,912810TZ1,TSRYS5752098,D,S,C,2024-05-01,1000000.00,4.903316,94.921875
08:03:56,912810TZ1,TSRYS5752098,D,B,C,2024-05-01,1000000.00,4.892395,95.0546875
08:03:59,912810TZ1,TSRYS5752098,D,B,C,2024-05-01,242000.00,4.896568,95.00390625
08:04:16,912810TZ1,TSRYS5752098,D,S,D,2024-05-01,4600000.00,4.876372,95.25
08:04:17,912810TZ1,TSRYS5752098,D,B,C,2024-05-01,1000000.00,4.891112,95.0703125
08:04:17,912810TZ1,TSRYS5752098,D,S,D,2024-05-01,1000000.00,4.891112,95.0703125
08:04:23,912810TZ1,TSRYS5752098,D,S,D,2024-05-01,1000000.00,4.894321,95.03125
08:04:23,912810TZ1,TSRYS5752098,D,B,C,2024-05-01,1000000.00,4.894321,95.03125
08:05:13,912810TZ1,TSRYS5752098,D,B,A,2024-05-01,12250000.00,4.893037,95.046875
08:05:13,912810TZ1,TSRYS5752098,D,S,T,2024-05-01,1000000.00,4.892876,95.048828125
08:05:14,912810TZ1,TSRYS5752098,D,S,T,2024-05-01,1000000.00,4.892887,95.048703125
08:05:15,912810TZ1,TSRYS5752098,D,S,T,2024-05-01,1000000.00,4.892887,95.048703125
08:05:16,912810TZ1,TSRYS5752098,D,S,D,2024-05-01,1000000.00,4.892876,95.048828125
08:05:27,912810TZ1,TSRYS5752098,D,S,T,2024-05-01,2000000.00,4.893047,95.04675
08:05:28,912810TZ1,TSRYS5752098,D,S,D,2024-05-01,1700000.00,4.892716,95.05078125
08:05:41,912810TZ1,TSRYS5752098,D,S,T,2024-05-01,1000000.00,4.893368,95.04284375
08:06:00,912810TZ1,TSRYS5752098,D,S,T,2024-05-01,1000000.00,4.907175,94.875
08:06:05,912810TZ1,TSRYS5752098,D,S,T,2024-05-01,1000000.00,4.891753,95.0625
08:06:05,912810TZ1,TSRYS5752098,D,S,T,2024-05-01,1000000.00,4.891753,95.0625
08:06:05,912810TZ1,TSRYS5752098,D,S,T,2024-05-01,1000000.00,4.891753,95.0625
08:06:05,912810TZ1,TSRYS5752098,D,S,T,2024-05-01,1000000.00,4.891753,95.0625
08:06:05,912810TZ1,TSRYS5752098,D,S,T,2024-05-01,1000000.00,4.891753,95.0625
08:06:05,912810TZ1,TSRYS5752098,D,S,T,2024-05-01,1000000.00,4.891753,95.0625
08:06:05,912810TZ1,TSRYS5752098,D,S,T,2024-05-01,1000000.00,4.891753,95.0625
08:06:05,912810TZ1,TSRYS5752098,D,S,T,2024-05-01,1000000.00,4.891753,95.0625
08:06:09,912810TZ1,TSRYS5752098,D,S,T,2024-05-01,1000000.00,4.893689,95.0389375
08:06:26,912810TZ1,TSRYS5752098,D,S,D,2024-05-01,1000000.00,4.890631,95.076171875
08:06:27,912810TZ1,TSRYS5752098,D,S,D,2024-05-01,1000000.00,4.891753,95.0625
08:06:27,912810TZ1,TSRYS5752098,D,B,C,2024-05-01,1000000.00,4.891753,95.0625
08:06:27,912810TZ1,TSRYS5752098,D,S,D,2024-05-01,1000000.00,4.891753,95.0625
08:06:30,912810TZ1,TSRYS5752098,D,S,D,2024-05-01,2000000.00,4.89046,95.07825
08:06:32,912810TZ1,TSRYS5752098,D,S,D,2024-05-01,2000000.00,4.886612,95.125125
08:06:37,912810TZ1,TSRYS5752098,D,S,D,2024-05-01,1000000.00,4.888225,95.10546875
08:06:48,912810TZ1,TSRYS5752098,D,S,T,2024-05-01,1000000.00,4.894321,95.03125
08:06:48,912810TZ1,TSRYS5752098,D,S,T,2024-05-01,1000000.00,4.894321,95.03125
08:06:48,912810TZ1,TSRYS5752098,D,S,T,2024-05-01,1000000.00,4.894321,95.03125
08:06:48,912810TZ1,TSRYS5752098,D,S,T,2024-05-01,1000000.00,4.894321,95.03125
08:06:53,912810TZ1,TSRYS5752098,D,S,D,2024-05-01,2000000.00,4.898164,94.9845
08:06:54,912810TZ1,TSRYS5752098,D,S,D,2024-05-01,1000000.00,4.900734,94.95325
08:06:54,912810TZ1,TSRYS5752098,D,B,C,2024-05-01,1000000.00,4.900744,94.953125
08:06:54,912810TZ1,TSRYS5752098,D,S,D,2024-05-01,1000000.00,4.900734,94.95325
08:07:08,912810TZ1,TSRYS5752098,D,S,D,2024-05-01,1000000.00,4.910392,94.8359375
08:07:08,912810TZ1,TSRYS5752098,D,S,D,2024-05-01,1000000.00,4.910553,94.833984375
08:07:10,912810TZ1,TSRYS5752098,D,B,C,2024-05-01,1000000.00,4.904119,94.912109375
08:07:10,912810TZ1,TSRYS5752098,D,S,C,2024-05-01,1000000.00,4.904119,94.912109375
08:07:10,912810TZ1,TSRYS5752098,D,B,C,2024-05-01,1000000.00,4.904119,94.912109375
08:07:10,912810TZ1,TSRYS5752098,D,S,C,2024-05-01,1000000.00,4.904119,94.912109375
08:07:10,912810TZ1,TSRYS5752098,D,B,C,2024-05-01,1000000.00,4.904602,94.90625
08:07:10,912810TZ1,TSRYS5752098,D,S,D,2024-05-01,1000000.00,4.904593,94.90635
08:07:10,912810TZ1,TSRYS5752098,D,S,C,2024-05-01,1000000.00,4.904272,94.91025625
08:07:15,912810TZ1,TSRYS5752098,D,S,D,2024-05-01,1000000.00,4.894963,95.0234375
08:07:19,912810TZ1,TSRYS5752098,D,S,D,2024-05-01,1000000.00,4.896568,95.00390625
08:07:19,912810TZ1,TSRYS5752098,D,S,C,2024-05-01,1000000.00,4.896889,95.0
08:07:19,912810TZ1,TSRYS5752098,D,S,C,2024-05-01,1000000.00,4.896889,95.0
08:07:19,912810TZ1,TSRYS5752098,D,S,C,2024-05-01,1000000.00,4.899138,94.97265625
08:07:25,912810TZ1,TSRYS5752098,D,S,C,2024-05-01,1000000.00,4.892876,95.048828125
08:07:26,912810TZ1,TSRYS5752098,D,S,C,2024-05-01,1000000.00,4.892876,95.048828125
08:07:26,912810TZ1,TSRYS5752098,D,S,C,2024-05-01,2000000.00,4.893037,95.046875
08:07:26,912810TZ1,TSRYS5752098,D,S,C,2024-05-01,1000000.00,4.893358,95.04296875
08:07:26,912810TZ1,TSRYS5752098,D,S,C,2024-05-01,1000000.00,4.893679,95.0390625
08:07:38,912810TZ1,TSRYS5752098,D,S,C,2024-05-01,1000000.00,4.894306,95.031425
08:07:38,912810TZ1,TSRYS5752098,D,S,C,2024-05-01,1000000.00,4.894302,95.031475
08:07:38,912810TZ1,TSRYS5752098,D,S,D,2024-05-01,1000000.00,4.894321,95.03125
08:07:38,912810TZ1,TSRYS5752098,D,S,D,2024-05-01,1000000.00,4.894321,95.03125
08:08:52,912810TZ1,TSRYS5752098,D,B,C,2024-05-01,1000000.00,4.893037,95.046875
08:09:03,912810TZ1,TSRYS5752098,D,B,C,2024-05-01,1000000.00,4.894,95.03515625
08:09:03,912810TZ1,TSRYS5752098,D,S,C,2024-05-01,1000000.00,4.894,95.03515625
08:09:06,912810TZ1,TSRYS5752098,D,S,D,2024-05-01,1000000.00,4.893026,95.047005
08:09:30,912810TZ1,TSRYS5752098,D,S,T,2024-05-01,1000000.00,4.89047,95.078125
08:09:45,912810TZ1,TSRYS5752098,D,S,C,2024-05-01,1000000.00,4.892074,95.05859375
08:09:46,912810TZ1,TSRYS5752098,D,S,T,2024-05-01,1000000.00,4.892085,95.05846875
08:10:03,912810TZ1,TSRYS5752098,D,S,T,2024-05-01,1000000.00,4.89047,95.078125
08:10:05,912810TZ1,TSRYS5752098,D,S,T,2024-05-01,1000000.00,4.89047,95.078125
08:10:06,912810TZ1,TSRYS5752098,D,S,T,2024-05-01,1000000.00,4.89047,95.078125
08:10:07,912810TZ1,TSRYS5752098,D,B,C,2024-05-01,1000000.00,4.893037,95.046875
08:10:07,912810TZ1,TSRYS5752098,D,B,C,2024-05-01,1000000.00,4.893037,95.046875
08:10:07,912810TZ1,TSRYS5752098,D,S,D,2024-05-01,1000000.00,4.893026,95.047005
08:10:07,912810TZ1,TSRYS5752098,D,S,D,2024-05-01,1000000.00,4.893026,95.047005
08:10:07,912810TZ1,TSRYS5752098,D,B,C,2024-05-01,1000000.00,4.891778,95.0622
08:10:07,912810TZ1,TSRYS5752098,D,S,D,2024-05-01,1000000.00,4.890459,95.078255
08:10:07,912810TZ1,TSRYS5752098,D,B,C,2024-05-01,1000000.00,4.89047,95.078125
08:10:07,912810TZ1,TSRYS5752098,D,S,D,2024-05-01,1000000.00,4.890459,95.078255
08:10:08,912810TZ1,TSRYS5752098,D,S,T,2024-05-01,1000000.00,4.889508,95.08984375
08:10:13,912810TZ1,TSRYS5752098,D,S,D,2024-05-01,1000000.00,4.889508,95.08984375
08:10:15,912810TZ1,TSRYS5752098,D,S,T,2024-05-01,1000000.00,4.889187,95.09375
08:10:25,912810TZ1,TSRYS5752098,D,S,T,2024-05-01,1000000.00,4.889187,95.09375
08:10:36,912810TZ1,TSRYS5752098,D,S,C,2024-05-01,1000000.00,4.891753,95.0625
08:10:37,912810TZ1,TSRYS5752098,D,S,C,2024-05-01,1000000.00,4.889187,95.09375
08:10:37,912810TZ1,TSRYS5752098,D,B,C,2024-05-01,1000000.00,4.889204,95.09355
08:10:38,912810TZ1,TSRYS5752098,D,S,T,2024-05-01,1000000.00,4.891272,95.068359375
08:10:43,912810TZ1,TSRYS5752098,D,S,D,2024-05-01,1000000.00,4.891272,95.068359375
08:10:48,912810TZ1,TSRYS5752098,D,S,D,2024-05-01,1000000.00,4.891593,95.064453125
08:10:54,912810TZ1,TSRYS5752098,D,S,D,2024-05-01,1000000.00,4.89047,95.078125
08:10:54,912810TZ1,TSRYS5752098,D,S,D,2024-05-01,1000000.00,4.89047,95.078125
08:10:54,912810TZ1,TSRYS5752098,D,S,D,2024-05-01,1000000.00,4.89047,95.078125
08:10:54,912810TZ1,TSRYS5752098,D,S,D,2024-05-01,1000000.00,4.889187,95.09375
08:10:55,912810TZ1,TSRYS5752098,D,S,D,2024-05-01,1000000.00,4.889176,95.09388
08:11:21,912810TZ1,TSRYS5752098,D,S,T,2024-05-01,1000000.00,4.891593,95.06445312
08:11:36,912810TZ1,TSRYS5752098,D,S,D,2024-05-01,1000000.00,4.891753,95.0625
08:11:36,912810TZ1,TSRYS5752098,D,B,C,2024-05-01,1000000.00,4.891753,95.0625
08:11:57,912810TZ1,TSRYS5752098,D,S,T,2024-05-01,1000000.00,4.89047,95.078125
08:12:22,912810TZ1,TSRYS5752098,D,S,D,2024-05-01,1000000.00,4.89047,95.078125
08:12:37,912810TZ1,TSRYS5752098,D,S,T,2024-05-01,1000000.00,4.890478,95.078023
08:12:54,912810TZ1,TSRYS5752098,D,B,C,2024-05-01,1000000.00,4.891762,95.0624
08:12:54,912810TZ1,TSRYS5752098,D,S,C,2024-05-01,1000000.00,4.891737,95.0627
08:12:54,912810TZ1,TSRYS5752098,D,B,C,2024-05-01,1000000.00,4.891762,95.0624
08:12:54,912810TZ1,TSRYS5752098,D,S,C,2024-05-01,1000000.00,4.891737,95.0627
08:13:09,912810TZ1,TSRYS5752098,D,S,D,2024-05-01,1000000.00,4.890459,95.078255
08:13:24,912810TZ1,TSRYS5752098,D,B,C,2024-05-01,1000000.00,4.891762,95.0624
08:13:38,912810TZ1,TSRYS5752098,D,S,D,2024-05-01,1000000.00,4.891753,95.0625
08:14:57,912810TZ1,TSRYS5752098,D,B,C,2024-05-01,1000000.00,4.894321,95.03125
08:14:57,912810TZ1,TSRYS5752098,D,S,C,2024-05-01,1000000.00,4.894321,95.03125
08:14:57,912810TZ1,TSRYS5752098,D,B,C,2024-05-01,1000000.00,4.894321,95.03125
08:14:57,912810TZ1,TSRYS5752098,D,S,C,2024-05-01,1000000.00,4.894321,95.03125
08:14:58,912810TZ1,TSRYS5752098,D,S,A,2024-05-01,12000.00,4.896889,95.04166666667
08:15:00,912810TZ1,TSRYS5752098,D,S,C,2024-05-01,1000000.00,4.894,95.03515625
08:15:00,912810TZ1,TSRYS5752098,D,B,C,2024-05-01,1000000.00,4.894,95.03515625
08:15:03,912810TZ1,TSRYS5752098,D,S,D,2024-05-01,12000.00,4.896889,95.0
08:15:07,912810TZ1,TSRYS5752098,D,S,T,2024-05-01,2000000.00,4.893037,95.046875
08:15:10,912810TZ1,TSRYS5752098,D,B,C,2024-05-01,10000000.00,4.899459,94.96875
08:15:18,912810TZ1,TSRYS5752098,D,S,T,2024-05-01,1000000.00,4.889187,95.09375
08:15:18,912810TZ1,TSRYS5752098,D,S,T,2024-05-01,1000000.00,4.889187,95.09375
08:15:23,912810TZ1,TSRYS5752098,D,S,T,2024-05-01,1000000.00,4.900744,94.953125
08:15:26,912810TZ1,TSRYS5752098,D,S,C,2024-05-01,3000.00,4.901997,95.10456666667
08:15:28,912810TZ1,TSRYS5752098,D,S,D,2024-05-01,1000000.00,4.900744,94.953125
08:15:31,912810TZ1,TSRYS5752098,D,S,D,2024-05-01,3000.00,4.901997,94.9379
08:15:40,912810TZ1,TSRYS5752098,D,B,C,2024-05-01,1000000.00,4.895621,95.015425
08:15:40,912810TZ1,TSRYS5752098,D,S,D,2024-05-01,1000000.00,4.895605,95.015625
08:15:41,912810TZ1,TSRYS5752098,D,S,D,2024-05-01,1000000.00,4.889187,95.09375
08:15:43,912810TZ1,TSRYS5752098,D,S,D,2024-05-01,275000.00,4.901708,94.941406
08:15:55,912810TZ1,TSRYS5752098,D,S,D,2024-05-01,2000000.00,4.893037,95.046875
08:15:55,912810TZ1,TSRYS5752098,D,S,C,2024-05-01,1000000.00,4.887886,95.1096
08:15:55,912810TZ1,TSRYS5752098,D,B,C,2024-05-01,1000000.00,4.887904,95.109375
08:15:55,912810TZ1,TSRYS5752098,D,S,D,2024-05-01,1000000.00,4.889187,95.09375
08:16:22,912810TZ1,TSRYS5752098,D,B,C,2024-05-01,1000000.00,4.897532,94.9921875
08:16:24,912810TZ1,TSRYS5752098,D,B,C,2024-05-01,2000000.00,4.900744,94.953125
08:16:24,912810TZ1,TSRYS5752098,D,S,D,2024-05-01,2000000.00,4.900744,94.953125
08:16:31,912810TZ1,TSRYS5752098,D,S,C,2024-05-01,1000000.00,4.895605,95.015625
08:16:54,912810TZ1,TSRYS5752098,D,S,T,2024-05-01,1000000.00,4.896889,95.0
08:16:59,912810TZ1,TSRYS5752098,D,S,D,2024-05-01,1000000.00,4.896889,95.0
08:17:32,912810TZ1,TSRYS5752098,D,S,T,2024-05-01,1000000.00,4.895605,95.015625
08:17:45,912810TZ1,TSRYS5752098,D,S,T,2024-05-01,1000000.00,4.893037,95.046875
08:17:49,912810TZ1,TSRYS5752098,D,S,T,2024-05-01,1000000.00,4.891753,95.0625
08:17:50,912810TZ1,TSRYS5752098,D,B,C,2024-05-01,1000000.00,4.894,95.03515625
08:17:50,912810TZ1,TSRYS5752098,D,S,D,2024-05-01,1000000.00,4.894,95.03515625
08:17:50,912810TZ1,TSRYS5752098,D,S,D,2024-05-01,1000000.00,4.894,95.03515625
08:18:01,912810TZ1,TSRYS5752098,D,S,C,2024-05-01,1000000.00,4.892074,95.05859375
08:18:26,912810TZ1,TSRYS5752098,D,S,C,2024-05-01,1000000.00,4.895605,95.015625
08:18:27,912810TZ1,TSRYS5752098,D,S,T,2024-05-01,1000000.00,4.892074,95.05859375
08:18:59,912810TZ1,TSRYS5752098,D,S,C,2024-05-01,1000000.00,4.893037,95.046875
08:18:59,912810TZ1,TSRYS5752098,D,S,D,2024-05-01,1000000.00,4.891743,95.06263
08:19:02,912810TZ1,TSRYS5752098,D,S,T,2024-05-01,3000000.00,4.890631,95.076171875
08:19:05,912810TZ1,TSRYS5752098,D,S,D,2024-05-01,3000000.00,4.890791,95.07421875
08:19:05,912810TZ1,TSRYS5752098,D,S,D,2024-05-01,3000000.00,4.890631,95.076171875
08:19:06,912810TZ1,TSRYS5752098,D,S,T,2024-05-01,3000000.00,4.890791,95.07421875
08:19:07,912810TZ1,TSRYS5752098,D,S,D,2024-05-01,3000000.00,4.890791,95.07421875
08:19:07,912810TZ1,TSRYS5752098,D,S,T,2024-05-01,3000000.00,4.890791,95.07421875
08:19:07,912810TZ1,TSRYS5752098,D,S,C,2024-05-01,1000000.00,4.891112,95.0703125
08:19:14,912810TZ1,TSRYS5752098,D,S,D,2024-05-01,1000000.00,4.890631,95.076171875
08:19:26,912810TZ1,TSRYS5752098,D,S,D,2024-05-01,1000000.00,4.891433,95.06640625
08:19:26,912810TZ1,TSRYS5752098,D,S,D,2024-05-01,1000000.00,4.891753,95.0625
08:19:26,912810TZ1,TSRYS5752098,D,S,D,2024-05-01,1000000.00,4.891753,95.0625
08:19:26,912810TZ1,TSRYS5752098,D,S,D,2024-05-01,1000000.00,4.891753,95.0625
08:19:26,912810TZ1,TSRYS5752098,D,S,D,2024-05-01,1000000.00,4.891753,95.0625
08:19:26,912810TZ1,TSRYS5752098,D,S,D,2024-05-01,1000000.00,4.891753,95.0625
08:19:26,912810TZ1,TSRYS5752098,D,S,D,2024-05-01,1000000.00,4.891753,95.0625
08:19:26,912810TZ1,TSRYS5752098,D,S,D,2024-05-01,1000000.00,4.891433,95.06640625
08:19:27,912810TZ1,TSRYS5752098,D,S,D,2024-05-01,1000000.00,4.891753,95.0625
08:19:27,912810TZ1,TSRYS5752098,D,S,D,2024-05-01,1000000.00,4.891753,95.0625
08:19:28,912810TZ1,TSRYS5752098,D,S,D,2024-05-01,1000000.00,4.891753,95.0625
08:19:28,912810TZ1,TSRYS5752098,D,S,D,2024-05-01,1000000.00,4.891753,95.0625
08:19:28,912810TZ1,TSRYS5752098,D,S,D,2024-05-01,1000000.00,4.891753,95.0625
08:19:29,912810TZ1,TSRYS5752098,D,S,D,2024-05-01,1000000.00,4.891753,95.0625
08:19:31,912810TZ1,TSRYS5752098,D,S,D,2024-05-01,1000000.00,4.891433,95.06640625
08:19:32,912810TZ1,TSRYS5752098,D,S,T,2024-05-01,1000000.00,4.890631,95.07617187
08:19:42,912810TZ1,TSRYS5752098,D,S,C,2024-05-01,1000000.00,4.89047,95.078125
08:19:42,912810TZ1,TSRYS5752098,D,S,C,2024-05-01,1000000.00,4.89047,95.078125
08:19:42,912810TZ1,TSRYS5752098,D,B,C,2024-05-01,1000000.00,4.890495,95.077825
08:19:42,912810TZ1,TSRYS5752098,D,B,C,2024-05-01,1000000.00,4.89047,95.078125
08:19:49,912810TZ1,TSRYS5752098,D,S,T,2024-05-01,1000000.00,4.889187,95.09375
08:19:56,912810TZ1,TSRYS5752098,D,S,T,2024-05-01,1000000.00,4.891112,95.0703125
08:19:59,912810TZ1,TSRYS5752098,D,S,D,2024-05-01,1000000.00,4.891433,95.06640625
08:20:01,912810TZ1,TSRYS5752098,D,S,T,2024-05-01,1000000.00,4.891433,95.06640625
08:20:04,912810TZ1,TSRYS5752098,D,S,D,2024-05-01,1000000.00,4.889668,95.087890625
08:20:04,912810TZ1,TSRYS5752098,D,S,D,2024-05-01,1000000.00,4.889668,95.087890625
08:20:04,912810TZ1,TSRYS5752098,D,S,D,2024-05-01,1000000.00,4.889668,95.087890625
08:20:04,912810TZ1,TSRYS5752098,D,S,D,2024-05-01,1000000.00,4.889668,95.087890625
08:20:04,912810TZ1,TSRYS5752098,D,S,D,2024-05-01,1000000.00,4.889829,95.0859375
08:20:04,912810TZ1,TSRYS5752098,D,S,D,2024-05-01,1000000.00,4.889829,95.0859375
08:20:06,912810TZ1,TSRYS5752098,D,S,T,2024-05-01,1000000.00,4.889187,95.09375
08:20:14,912810TZ1,TSRYS5752098,D,S,C,2024-05-01,1000000.00,4.891753,95.0625
08:20:16,912810TZ1,TSRYS5752098,D,S,T,2024-05-01,1000000.00,4.889668,95.08789062
08:20:26,912810TZ1,TSRYS5752098,D,S,C,2024-05-01,1000000.00,4.891753,95.0625
08:20:26,912810TZ1,TSRYS5752098,D,S,D,2024-05-01,1000000.00,4.891753,95.0625
08:20:27,912810TZ1,TSRYS5752098,D,S,D,2024-05-01,1000000.00,4.889187,95.09375
08:20:27,912810TZ1,TSRYS5752098,D,S,D,2024-05-01,1000000.00,4.891753,95.0625
08:20:27,912810TZ1,TSRYS5752098,D,S,D,2024-05-01,1000000.00,4.891753,95.0625
08:20:30,912810TZ1,TSRYS5752098,D,S,T,2024-05-01,1000000.00,4.889668,95.08789062
08:20:30,912810TZ1,TSRYS5752098,D,S,T,2024-05-01,1000000.00,4.889668,95.08789062
08:20:32,912810TZ1,TSRYS5752098,D,S,T,2024-05-01,1000000.00,4.889668,95.08789062
08:20:32,912810TZ1,TSRYS5752098,D,S,T,2024-05-01,1000000.00,4.889829,95.0859375
08:20:35,912810TZ1,TSRYS5752098,D,S,T,2024-05-01,1000000.00,4.889829,95.0859375
08:20:44,912810TZ1,TSRYS5752098,D,B,C,2024-05-01,1000000.00,4.89047,95.078125
08:20:44,912810TZ1,TSRYS5752098,D,S,D,2024-05-01,1000000.00,4.890462,95.078227
08:20:44,912810TZ1,TSRYS5752098,D,S,D,2024-05-01,1000000.00,4.890462,95.078227
08:20:44,912810TZ1,TSRYS5752098,D,B,C,2024-05-01,1000000.00,4.89047,95.078125
08:20:44,912810TZ1,TSRYS5752098,D,S,C,2024-05-01,1000000.00,4.889187,95.09375
08:20:44,912810TZ1,TSRYS5752098,D,S,C,2024-05-01,1000000.00,4.894321,95.03125
08:20:46,912810TZ1,TSRYS5752098,D,S,T,2024-05-01,1000000.00,4.894331,95.031125
08:20:52,912810TZ1,TSRYS5752098,D,S,D,2024-05-01,1000000.00,4.891753,95.0625
08:21:11,912810TZ1,TSRYS5752098,D,S,D,2024-05-01,1000000.00,4.890951,95.07226562
08:21:11,912810TZ1,TSRYS5752098,D,S,D,2024-05-01,1000000.00,4.890951,95.07226562
08:21:13,912810TZ1,TSRYS5752098,D,S,D,2024-05-01,1000000.00,4.891753,95.0625
08:21:13,912810TZ1,TSRYS5752098,D,S,D,2024-05-01,1000000.00,4.89047,95.078125
08:21:13,912810TZ1,TSRYS5752098,D,B,C,2024-05-01,1000000.00,4.89047,95.078125
08:21:13,912810TZ1,TSRYS5752098,D,S,D,2024-05-01,1000000.00,4.89047,95.078125
08:21:13,912810TZ1,TSRYS5752098,D,B,C,2024-05-01,1000000.00,4.89047,95.078125
08:21:19,912810TZ1,TSRYS5752098,D,S,T,2024-05-01,1000000.00,4.890149,95.08203125
08:21:24,912810TZ1,TSRYS5752098,D,S,D,2024-05-01,1000000.00,4.890149,95.08203125
08:21:40,912810TZ1,TSRYS5752098,D,S,D,2024-05-01,1000000.00,4.891753,95.0625
08:21:53,912810TZ1,TSRYS5752098,D,S,D,2024-05-01,1000000.00,4.891753,95.0625
08:22:01,912810TZ1,TSRYS5752098,D,S,D,2024-05-01,1000000.00,4.889187,95.09375
08:22:04,912810TZ1,TSRYS5752098,D,S,D,2024-05-01,1000000.00,4.891753,95.0625
08:22:05,912810TZ1,TSRYS5752098,D,S,T,2024-05-01,1000000.00,4.89177,95.0623
08:22:05,912810TZ1,TSRYS5752098,D,S,T,2024-05-01,1000000.00,4.89177,95.0623
08:22:05,912810TZ1,TSRYS5752098,D,S,T,2024-05-01,1000000.00,4.89177,95.0623
08:22:28,912810TZ1,TSRYS5752098,D,S,D,2024-05-01,95000.00,4.886301,95.12890625
08:22:30,912810TZ1,TSRYS5752098,D,S,C,2024-05-01,1000000.00,4.887904,95.109375
08:22:30,912810TZ1,TSRYS5752098,D,S,D,2024-05-01,1000000.00,4.887904,95.109375
08:22:30,912810TZ1,TSRYS5752098,D,S,D,2024-05-01,1000000.00,4.887904,95.109375
08:22:30,912810TZ1,TSRYS5752098,D,S,D,2024-05-01,1000000.00,4.887904,95.109375
08:22:31,912810TZ1,TSRYS5752098,D,S,C,2024-05-01,95000.00,4.886301,95.12890625
08:22:36,912810TZ1,TSRYS5752098,D,S,C,2024-05-01,1000000.00,4.888065,95.107421875
08:22:52,912810TZ1,TSRYS5752098,D,B,C,2024-05-01,1000000.00,4.888866,95.09765625
08:22:52,912810TZ1,TSRYS5752098,D,S,D,2024-05-01,1000000.00,4.888866,95.09765625
08:22:53,912810TZ1,TSRYS5752098,D,S,D,2024-05-01,1000000.00,4.888866,95.09765625
08:22:54,912810TZ1,TSRYS5752098,D,S,T,2024-05-01,1000000.00,4.887904,95.109375
08:22:54,912810TZ1,TSRYS5752098,D,S,T,2024-05-01,1000000.00,4.887904,95.109375
08:22:56,912810TZ1,TSRYS5752098,D,S,T,2024-05-01,1000000.00,4.887904,95.109375
08:22:56,912810TZ1,TSRYS5752098,D,S,T,2024-05-01,1000000.00,4.887904,95.109375
08:22:57,912810TZ1,TSRYS5752098,D,S,A,2024-05-01,3000000.00,4.887584,95.11328125
08:23:02,912810TZ1,TSRYS5752098,D,S,D,2024-05-01,1000000.00,4.887744,95.11132812
08:23:03,912810TZ1,TSRYS5752098,D,S,D,2024-05-01,1000000.00,4.887744,95.11132812
08:23:05,912810TZ1,TSRYS5752098,D,S,D,2024-05-01,1000000.00,4.887744,95.11132812
08:23:05,912810TZ1,TSRYS5752098,D,S,D,2024-05-01,1000000.00,4.888065,95.10742187
08:23:31,912810TZ1,TSRYS5752098,D,S,D,2024-05-01,1000000.00,4.883737,95.16015625
08:23:32,912810TZ1,TSRYS5752098,D,S,D,2024-05-01,1000000.00,4.883737,95.16015625
08:23:32,912810TZ1,TSRYS5752098,D,S,D,2024-05-01,1000000.00,4.883577,95.162109375
08:23:32,912810TZ1,TSRYS5752098,D,S,D,2024-05-01,1000000.00,4.883577,95.162109375
08:23:32,912810TZ1,TSRYS5752098,D,S,D,2024-05-01,1000000.00,4.883577,95.162109375
08:23:32,912810TZ1,TSRYS5752098,D,S,D,2024-05-01,1000000.00,4.883577,95.162109375
08:23:37,912810TZ1,TSRYS5752098,D,S,D,2024-05-01,1000000.00,4.883737,95.16015625
08:23:44,912810TZ1,TSRYS5752098,D,S,C,2024-05-01,1000000.00,4.88534,95.140625
08:23:44,912810TZ1,TSRYS5752098,D,B,C,2024-05-01,1000000.00,4.885364,95.140325
08:23:51,912810TZ1,TSRYS5752098,D,S,T,2024-05-01,1000000.00,4.884058,95.15625
08:23:51,912810TZ1,TSRYS5752098,D,S,T,2024-05-01,1000000.00,4.884058,95.15625
08:23:52,912810TZ1,TSRYS5752098,D,S,T,2024-05-01,1000000.00,4.884058,95.15625
08:24:05,912810TZ1,TSRYS5752098,D,S,T,2024-05-01,1000000.00,4.888065,95.10742187
08:24:16,912810TZ1,TSRYS5752098,D,S,D,2024-05-01,1000000.00,4.884058,95.15625
08:24:28,912810TZ1,TSRYS5752098,D,S,C,2024-05-01,1000000.00,4.884058,95.15625
08:24:28,912810TZ1,TSRYS5752098,D,S,C,2024-05-01,1000000.00,4.884058,95.15625
08:24:28,912810TZ1,TSRYS5752098,D,S,D,2024-05-01,1000000.00,4.884058,95.15625
08:24:28,912810TZ1,TSRYS5752098,D,B,C,2024-05-01,1000000.00,4.884058,95.15625
08:25:00,912810TZ1,TSRYS5752098,D,S,T,2024-05-01,1000000.00,4.882776,95.171875
08:25:01,912810TZ1,TSRYS5752098,D,S,T,2024-05-01,1000000.00,4.881495,95.1875
08:25:03,912810TZ1,TSRYS5752098,D,S,T,2024-05-01,1000000.00,4.880214,95.203125
08:25:10,912810TZ1,TSRYS5752098,D,S,D,2024-05-01,1000000.00,4.883737,95.16015625
08:25:11,912810TZ1,TSRYS5752098,D,S,T,2024-05-01,1000000.00,4.883737,95.16015625
08:25:12,912810TZ1,TSRYS5752098,D,S,T,2024-05-01,4000000.00,4.881495,95.1875
08:25:15,912810TZ1,TSRYS5752098,D,S,D,2024-05-01,4000000.00,4.881495,95.1875
08:25:21,912810TZ1,TSRYS5752098,D,S,D,2024-05-01,1000000.00,4.880054,95.205078125
08:25:29,912810TZ1,TSRYS5752098,D,S,D,2024-05-01,1000000.00,4.880214,95.203125
08:25:33,912810TZ1,TSRYS5752098,D,S,T,2024-05-01,1000000.00,4.883577,95.16210937
08:25:35,912810TZ1,TSRYS5752098,D,S,T,2024-05-01,1000000.00,4.883577,95.16210937
08:25:35,912810TZ1,TSRYS5752098,D,S,T,2024-05-01,1000000.00,4.883577,95.16210937
08:25:36,912810TZ1,TSRYS5752098,D,S,T,2024-05-01,1000000.00,4.883577,95.16210937
08:25:44,912810TZ1,TSRYS5752098,D,S,C,2024-05-01,1000000.00,4.882758,95.1721
08:25:44,912810TZ1,TSRYS5752098,D,S,C,2024-05-01,1000000.00,4.881495,95.1875
08:25:46,912810TZ1,TSRYS5752098,D,S,D,2024-05-01,1000000.00,4.881815,95.18359375
08:25:46,912810TZ1,TSRYS5752098,D,S,T,2024-05-01,1000000.00,4.881815,95.18359375
08:25:46,912810TZ1,TSRYS5752098,D,S,D,2024-05-01,1000000.00,4.881815,95.18359375
08:25:50,912810TZ1,TSRYS5752098,D,S,D,2024-05-01,1000000.00,4.881175,95.19140625
08:25:50,912810TZ1,TSRYS5752098,D,S,D,2024-05-01,1000000.00,4.881175,95.19140625
08:25:50,912810TZ1,TSRYS5752098,D,S,D,2024-05-01,1000000.00,4.881175,95.19140625
08:25:51,912810TZ1,TSRYS5752098,D,S,T,2024-05-01,2000000.00,4.881815,95.18359375
08:25:51,912810TZ1,TSRYS5752098,D,S,D,2024-05-01,1000000.00,4.881815,95.18359375
08:25:51,912810TZ1,TSRYS5752098,D,S,D,2024-05-01,2000000.00,4.881815,95.18359375
08:25:52,912810TZ1,TSRYS5752098,D,S,T,2024-05-01,1000000.00,4.880054,95.20507812
08:26:02,912810TZ1,TSRYS5752098,D,S,T,2024-05-01,1000000.00,4.881495,95.1875
08:26:02,912810TZ1,TSRYS5752098,D,S,T,2024-05-01,1000000.00,4.882776,95.171875
08:26:02,912810TZ1,TSRYS5752098,D,S,T,2024-05-01,1000000.00,4.882776,95.171875
08:26:03,912810TZ1,TSRYS5752098,D,S,T,2024-05-01,1000000.00,4.882776,95.171875
08:26:24,912810TZ1,TSRYS5752098,D,S,T,2024-05-01,1000000.00,4.881175,95.19140625
08:26:25,912810TZ1,TSRYS5752098,D,S,T,2024-05-01,1000000.00,4.881175,95.19140625
08:26:26,912810TZ1,TSRYS5752098,D,S,T,2024-05-01,1000000.00,4.881175,95.19140625
08:26:26,912810TZ1,TSRYS5752098,D,S,D,2024-05-01,1000000.00,4.88534,95.140625
08:26:31,912810TZ1,TSRYS5752098,D,S,C,2024-05-01,1000000.00,4.882776,95.171875
08:26:31,912810TZ1,TSRYS5752098,D,B,C,2024-05-01,1000000.00,4.882776,95.171875
08:26:31,912810TZ1,TSRYS5752098,D,S,D,2024-05-01,1000000.00,4.882766,95.172005
08:26:31,912810TZ1,TSRYS5752098,D,S,C,2024-05-01,1000000.00,4.882758,95.1721
08:26:31,912810TZ1,TSRYS5752098,D,S,C,2024-05-01,1000000.00,4.882776,95.171875
08:26:31,912810TZ1,TSRYS5752098,D,S,D,2024-05-01,1000000.00,4.882776,95.171875
08:26:31,912810TZ1,TSRYS5752098,D,B,C,2024-05-01,1000000.00,4.882776,95.171875
08:26:31,912810TZ1,TSRYS5752098,D,B,C,2024-05-01,1000000.00,4.882776,95.171875
08:26:31,912810TZ1,TSRYS5752098,D,S,D,2024-05-01,1000000.00,4.882766,95.172005
08:26:35,912810TZ1,TSRYS5752098,D,S,D,2024-05-01,1000000.00,4.883257,95.16601562
08:26:37,912810TZ1,TSRYS5752098,D,S,D,2024-05-01,1000000.00,4.883257,95.16601562
08:26:38,912810TZ1,TSRYS5752098,D,S,D,2024-05-01,1000000.00,4.88534,95.140625
08:26:40,912810TZ1,TSRYS5752098,D,S,D,2024-05-01,1000000.00,4.88534,95.140625
08:26:43,912810TZ1,TSRYS5752098,D,S,T,2024-05-01,1000000.00,4.884058,95.15625
08:26:49,912810TZ1,TSRYS5752098,D,S,T,2024-05-01,1000000.00,4.884058,95.15625
08:26:49,912810TZ1,TSRYS5752098,D,S,T,2024-05-01,1000000.00,4.884058,95.15625
08:26:49,912810TZ1,TSRYS5752098,D,S,T,2024-05-01,1000000.00,4.884058,95.15625
08:26:49,912810TZ1,TSRYS5752098,D,S,T,2024-05-01,1000000.00,4.884058,95.15625
08:26:57,912810TZ1,TSRYS5752098,D,S,T,2024-05-01,1000000.00,4.88534,95.140625
08:27:01,912810TZ1,TSRYS5752098,D,S,D,2024-05-01,1000000.00,4.88534,95.140625
08:27:03,912810TZ1,TSRYS5752098,D,S,C,2024-05-01,1000000.00,4.884058,95.15625
08:27:03,912810TZ1,TSRYS5752098,D,S,T,2024-05-01,1000000.00,4.884058,95.15625
08:27:30,912810TZ1,TSRYS5752098,D,S,C,2024-05-01,1000000.00,4.884058,95.15625
08:27:30,912810TZ1,TSRYS5752098,D,S,D,2024-05-01,1000000.00,4.884058,95.15625
08:27:30,912810TZ1,TSRYS5752098,D,S,C,2024-05-01,1000000.00,4.884058,95.15625
08:27:30,912810TZ1,TSRYS5752098,D,S,C,2024-05-01,1000000.00,4.884039,95.156475
08:27:31,912810TZ1,TSRYS5752098,D,S,C,2024-05-01,1000000.00,4.88518,95.142578125
08:27:32,912810TZ1,TSRYS5752098,D,S,T,2024-05-01,1000000.00,4.88519,95.142453125
08:27:48,912810TZ1,TSRYS5752098,D,S,C,2024-05-01,1000000.00,4.884058,95.15625
08:27:50,912810TZ1,TSRYS5752098,D,S,D,2024-05-01,1000000.00,4.883257,95.16601562
08:27:51,912810TZ1,TSRYS5752098,D,S,D,2024-05-01,1000000.00,4.883257,95.16601562
08:27:55,912810TZ1,TSRYS5752098,D,S,D,2024-05-01,1000000.00,4.88518,95.14257812
08:28:00,912810TZ1,TSRYS5752098,D,S,C,2024-05-01,21000000.00,4.892411,95.05449
08:28:17,912810TZ1,TSRYS5752098,D,S,C,2024-05-01,1000000.00,4.88405,95.15635
08:28:17,912810TZ1,TSRYS5752098,D,B,C,2024-05-01,1000000.00,4.884058,95.15625
08:28:17,912810TZ1,TSRYS5752098,D,S,C,2024-05-01,1000000.00,4.88405,95.15635
08:28:17,912810TZ1,TSRYS5752098,D,B,C,2024-05-01,1000000.00,4.884058,95.15625
08:28:31,912810TZ1,TSRYS5752098,D,S,D,2024-05-01,1000000.00,4.881484,95.18763
08:28:53,912810TZ1,TSRYS5752098,D,B,C,2024-05-01,1000000.00,4.885019,95.14453125
08:28:53,912810TZ1,TSRYS5752098,D,S,D,2024-05-01,1000000.00,4.885019,95.14453125
08:28:54,912810TZ1,TSRYS5752098,D,S,D,2024-05-01,1000000.00,4.885019,95.14453125
08:29:14,912810TZ1,TSRYS5752098,D,S,T,2024-05-01,1000000.00,4.884058,95.15625
08:29:14,912810TZ1,TSRYS5752098,D,S,T,2024-05-01,1000000.00,4.884058,95.15625
08:29:39,912810TZ1,TSRYS5752098,D,B,C,2024-05-01,4600000.00,4.876372,95.25
08:29:39,912810TZ1,TSRYS5752098,D,B,C,2024-05-01,18500000.00,4.876372,95.25
08:29:50,912810TZ1,TSRYS5752098,D,S,C,2024-05-01,1000000.00,4.88405,95.15635
08:29:50,912810TZ1,TSRYS5752098,D,B,C,2024-05-01,1000000.00,4.884058,95.15625
08:29:50,912810TZ1,TSRYS5752098,D,S,C,2024-05-01,1000000.00,4.884058,95.15625
08:29:50,912810TZ1,TSRYS5752098,D,S,C,2024-05-01,1000000.00,4.884058,95.15625
08:30:07,912810TZ1,TSRYS5752098,D,S,A,2024-05-01,4600000.00,4.876372,95.25
08:30:07,912810TZ1,TSRYS5752098,D,S,A,2024-05-01,18500000.00,4.876372,95.25
08:30:15,912810TZ1,TSRYS5752098,D,S,T,2024-05-01,1000000.00,4.881495,95.1875
08:30:15,912810TZ1,TSRYS5752098,D,S,T,2024-05-01,1000000.00,4.882776,95.171875
08:30:15,912810TZ1,TSRYS5752098,D,S,T,2024-05-01,1000000.00,4.882776,95.171875
08:30:19,912810TZ1,TSRYS5752098,D,S,C,2024-05-01,1000000.00,4.880214,95.203125
08:30:19,912810TZ1,TSRYS5752098,D,B,C,2024-05-01,1000000.00,4.880228,95.20295
08:30:40,912810TZ1,TSRYS5752098,D,S,D,2024-05-01,4600000.00,4.876372,95.25
08:30:40,912810TZ1,TSRYS5752098,D,S,D,2024-05-01,18500000.00,4.876372,95.25
08:30:44,912810TZ1,TSRYS5752098,D,B,C,2024-05-01,1000000.00,4.885019,95.14453125
08:30:44,912810TZ1,TSRYS5752098,D,S,C,2024-05-01,1000000.00,4.885019,95.14453125
08:30:47,912810TZ1,TSRYS5752098,D,S,T,2024-05-01,1000000.00,4.883898,95.158203125
08:30:51,912810TZ1,TSRYS5752098,D,S,C,2024-05-01,1000000.00,4.881495,95.1875
08:30:51,912810TZ1,TSRYS5752098,D,S,C,2024-05-01,1000000.00,4.882776,95.171875
08:30:52,912810TZ1,TSRYS5752098,D,S,C,2024-05-01,1000000.00,4.883898,95.158203125
08:30:54,912810TZ1,TSRYS5752098,D,S,C,2024-05-01,1000000.00,4.883257,95.166015625
08:30:58,912810TZ1,TSRYS5752098,D,S,C,2024-05-01,1000000.00,4.889508,95.08984375
08:31:00,912810TZ1,TSRYS5752098,D,S,T,2024-05-01,1000000.00,4.887904,95.109375
08:31:02,912810TZ1,TSRYS5752098,D,S,D,2024-05-01,1000000.00,4.887904,95.109375
08:31:02,912810TZ1,TSRYS5752098,D,B,C,2024-05-01,1000000.00,4.887904,95.109375
08:31:02,912810TZ1,TSRYS5752098,D,S,C,2024-05-01,1000000.00,4.887904,95.109375
08:31:19,912810TZ1,TSRYS5752098,D,S,C,2024-05-01,1000000.00,4.882776,95.171875
08:31:20,912810TZ1,TSRYS5752098,D,S,T,2024-05-01,1000000.00,4.88663,95.124898
08:31:34,912810TZ1,TSRYS5752098,D,S,D,2024-05-01,1000000.00,4.885331,95.140727
08:31:37,912810TZ1,TSRYS5752098,D,B,C,2024-05-01,1000000.00,4.886622,95.125
08:31:37,912810TZ1,TSRYS5752098,D,S,C,2024-05-01,1000000.00,4.886622,95.125
08:31:41,912810TZ1,TSRYS5752098,D,S,T,2024-05-01,1000000.00,4.884058,95.15625
08:31:45,912810TZ1,TSRYS5752098,D,S,C,2024-05-01,1000000.00,4.881175,95.19140625
08:31:51,912810TZ1,TSRYS5752098,D,B,C,2024-05-01,1000000.00,4.88534,95.140625
08:31:51,912810TZ1,TSRYS5752098,D,S,D,2024-05-01,1000000.00,4.885331,95.140727
08:31:51,912810TZ1,TSRYS5752098,D,B,C,2024-05-01,1000000.00,4.88534,95.140625
08:31:51,912810TZ1,TSRYS5752098,D,B,C,2024-05-01,1000000.00,4.887904,95.109375
08:31:51,912810TZ1,TSRYS5752098,D,S,D,2024-05-01,2000000.00,4.887904,95.109375
08:31:52,912810TZ1,TSRYS5752098,D,S,D,2024-05-01,1000000.00,4.887904,95.109375
08:31:52,912810TZ1,TSRYS5752098,D,S,D,2024-05-01,2000000.00,4.887904,95.109375
08:31:52,912810TZ1,TSRYS5752098,D,B,C,2024-05-01,2000000.00,4.887904,95.109375
08:31:52,912810TZ1,TSRYS5752098,D,B,C,2024-05-01,2000000.00,4.887904,95.109375
08:31:56,912810TZ1,TSRYS5752098,D,S,C,2024-05-01,1000000.00,4.880854,95.1953125
08:32:02,912810TZ1,TSRYS5752098,D,S,D,2024-05-01,1000000.00,4.875252,95.263671875
08:32:04,912810TZ1,TSRYS5752098,D,S,C,2024-05-01,1000000.00,4.886608,95.125175
08:32:04,912810TZ1,TSRYS5752098,D,S,D,2024-05-01,1000000.00,4.889508,95.08984375
08:32:05,912810TZ1,TSRYS5752098,D,S,D,2024-05-01,1000000.00,4.877332,95.23828125
08:32:05,912810TZ1,TSRYS5752098,D,B,C,2024-05-01,1000000.00,4.877332,95.23828125
08:32:08,912810TZ1,TSRYS5752098,D,S,C,2024-05-01,1000000.00,4.875412,95.26171875
08:32:13,912810TZ1,TSRYS5752098,D,S,C,2024-05-01,1000000.00,4.876692,95.24609375
08:32:18,912810TZ1,TSRYS5752098,D,S,C,2024-05-01,1000000.00,4.88534,95.140625
08:32:18,912810TZ1,TSRYS5752098,D,B,C,2024-05-01,1000000.00,4.885364,95.140325
08:32:25,912810TZ1,TSRYS5752098,D,S,D,2024-05-01,1000000.00,4.876052,95.25390625
08:32:25,912810TZ1,TSRYS5752098,D,S,C,2024-05-01,1000000.00,4.877012,95.2421875
08:32:27,912810TZ1,TSRYS5752098,D,S,D,2024-05-01,1000000.00,4.875732,95.2578125
08:32:27,912810TZ1,TSRYS5752098,D,S,C,2024-05-01,1000000.00,4.875732,95.2578125
08:32:28,912810TZ1,TSRYS5752098,D,S,C,2024-05-01,1000000.00,4.876372,95.25
08:32:31,912810TZ1,TSRYS5752098,D,S,C,2024-05-01,1000000.00,4.875732,95.2578125
08:32:32,912810TZ1,TSRYS5752098,D,S,D,2024-05-01,1000000.00,4.881175,95.19140625
08:32:32,912810TZ1,TSRYS5752098,D,S,C,2024-05-01,1000000.00,4.876372,95.25
08:32:36,912810TZ1,TSRYS5752098,D,S,C,2024-05-01,1000000.00,4.884044,95.156425
08:32:36,912810TZ1,TSRYS5752098,D,B,C,2024-05-01,1000000.00,4.875412,95.26171875
08:32:36,912810TZ1,TSRYS5752098,D,S,D,2024-05-01,1000000.00,4.875412,95.26171875
08:32:40,912810TZ1,TSRYS5752098,D,S,C,2024-05-01,1000000.00,4.875732,95.2578125
08:32:42,912810TZ1,TSRYS5752098,D,S,C,2024-05-01,10000000.00,4.875412,95.26171875
08:32:44,912810TZ1,TSRYS5752098,D,S,D,2024-05-01,10000000.00,4.875412,95.26171875
08:32:47,912810TZ1,TSRYS5752098,D,S,C,2024-05-01,1000000.00,4.875732,95.2578125
08:32:48,912810TZ1,TSRYS5752098,D,S,D,2024-05-01,1000000.00,4.880854,95.1953125
08:32:52,912810TZ1,TSRYS5752098,D,S,C,2024-05-01,1000000.00,4.875412,95.26171875
08:32:52,912810TZ1,TSRYS5752098,D,S,C,2024-05-01,1000000.00,4.875732,95.2578125
08:33:02,912810TZ1,TSRYS5752098,D,S,D,2024-05-01,1000000.00,4.875412,95.26171875
08:33:04,912810TZ1,TSRYS5752098,D,S,D,2024-05-01,1000000.00,4.877012,95.2421875
08:33:06,912810TZ1,TSRYS5752098,D,B,C,2024-05-01,1000000.00,4.875572,95.25976562
08:33:06,912810TZ1,TSRYS5752098,D,S,T,2024-05-01,1000000.00,4.883257,95.16601562
08:33:08,912810TZ1,TSRYS5752098,D,S,D,2024-05-01,1000000.00,4.876692,95.24609375
08:33:09,912810TZ1,TSRYS5752098,D,S,D,2024-05-01,1000000.00,4.875092,95.265625
08:33:09,912810TZ1,TSRYS5752098,D,S,D,2024-05-01,1000000.00,4.875092,95.265625
08:33:09,912810TZ1,TSRYS5752098,D,S,D,2024-05-01,1000000.00,4.875092,95.265625
08:33:11,912810TZ1,TSRYS5752098,D,B,C,2024-05-01,1000000.00,4.875412,95.26171875
08:33:12,912810TZ1,TSRYS5752098,D,S,T,2024-05-01,1000000.00,4.875412,95.26171875
08:33:14,912810TZ1,TSRYS5752098,D,S,D,2024-05-01,1000000.00,4.874772,95.26953125
08:33:14,912810TZ1,TSRYS5752098,D,S,T,2024-05-01,1000000.00,4.875732,95.2578125
08:33:21,912810TZ1,TSRYS5752098,D,B,C,2024-05-01,1000000.00,4.876372,95.25
08:33:21,912810TZ1,TSRYS5752098,D,S,C,2024-05-01,1000000.00,4.876372,95.25
08:33:23,912810TZ1,TSRYS5752098,D,S,D,2024-05-01,1000000.00,4.877012,95.2421875
08:33:23,912810TZ1,TSRYS5752098,D,S,D,2024-05-01,1000000.00,4.875732,95.2578125
08:33:29,912810TZ1,TSRYS5752098,D,S,D,2024-05-01,1000000.00,4.874932,95.267578125
08:33:33,912810TZ1,TSRYS5752098,D,S,D,2024-05-01,1000000.00,4.876212,95.25195312
08:33:33,912810TZ1,TSRYS5752098,D,S,T,2024-05-01,1000000.00,4.876372,95.25
08:33:35,912810TZ1,TSRYS5752098,D,S,D,2024-05-01,1000000.00,4.876372,95.25
08:33:42,912810TZ1,TSRYS5752098,D,B,A,2024-05-01,1720000.00,4.876052,95.25390625
08:33:43,912810TZ1,TSRYS5752098,D,S,D,2024-05-01,1000000.00,4.876372,95.25
08:33:43,912810TZ1,TSRYS5752098,D,S,C,2024-05-01,1000000.00,4.875412,95.26171875
08:33:44,912810TZ1,TSRYS5752098,D,S,D,2024-05-01,1000000.00,4.876052,95.25390625
08:33:44,912810TZ1,TSRYS5752098,D,B,C,2024-05-01,46200000.00,4.876372,95.25
08:33:44,912810TZ1,TSRYS5752098,D,S,D,2024-05-01,1000000.00,4.876052,95.25390625
08:33:44,912810TZ1,TSRYS5752098,D,S,D,2024-05-01,46200000.00,4.876372,95.25
08:33:45,912810TZ1,TSRYS5752098,D,S,C,2024-05-01,1000000.00,4.875092,95.265625
08:33:45,912810TZ1,TSRYS5752098,D,S,D,2024-05-01,1000000.00,4.875412,95.26171875
08:33:45,912810TZ1,TSRYS5752098,D,S,D,2024-05-01,1000000.00,4.875412,95.26171875
08:33:48,912810TZ1,TSRYS5752098,D,S,D,2024-05-01,1000000.00,4.875572,95.259765625
08:33:51,912810TZ1,TSRYS5752098,D,S,T,2024-05-01,1000000.00,4.876389,95.2498
08:33:51,912810TZ1,TSRYS5752098,D,S,T,2024-05-01,1000000.00,4.876389,95.2498
08:33:53,912810TZ1,TSRYS5752098,D,S,D,2024-05-01,1000000.00,4.875732,95.2578125
08:33:54,912810TZ1,TSRYS5752098,D,S,T,2024-05-01,1000000.00,4.874772,95.26953125
08:34:00,912810TZ1,TSRYS5752098,D,S,T,2024-05-01,1000000.00,4.877653,95.234375
08:34:02,912810TZ1,TSRYS5752098,D,S,T,2024-05-01,1000000.00,4.877653,95.234375
08:34:05,912810TZ1,TSRYS5752098,D,B,C,2024-05-01,1000000.00,4.873837,95.28095
08:34:05,912810TZ1,TSRYS5752098,D,S,C,2024-05-01,1000000.00,4.8738,95.2814
08:34:05,912810TZ1,TSRYS5752098,D,S,C,2024-05-01,1000000.00,4.875092,95.265625
08:34:05,912810TZ1,TSRYS5752098,D,S,D,2024-05-01,1000000.00,4.875092,95.265625
08:34:05,912810TZ1,TSRYS5752098,D,S,D,2024-05-01,1000000.00,4.876372,95.25
08:34:12,912810TZ1,TSRYS5752098,D,S,D,2024-05-01,1000000.00,4.875092,95.265625
08:34:20,912810TZ1,TSRYS5752098,D,S,D,2024-05-01,1000000.00,4.876372,95.25
08:34:20,912810TZ1,TSRYS5752098,D,S,T,2024-05-01,1000000.00,4.874932,95.26757812
08:34:21,912810TZ1,TSRYS5752098,D,B,C,2024-05-01,1000000.00,4.878613,95.22265625
08:34:21,912810TZ1,TSRYS5752098,D,S,D,2024-05-01,1000000.00,4.878613,95.22265625
08:34:21,912810TZ1,TSRYS5752098,D,S,D,2024-05-01,1000000.00,4.878613,95.22265625
08:34:22,912810TZ1,TSRYS5752098,D,S,D,2024-05-01,1000000.00,4.875732,95.2578125
08:34:22,912810TZ1,TSRYS5752098,D,S,D,2024-05-01,4000000.00,4.875547,95.26008
08:34:31,912810TZ1,TSRYS5752098,D,S,D,2024-05-01,1000000.00,4.875092,95.265625
08:34:41,912810TZ1,TSRYS5752098,D,S,T,2024-05-01,1000000.00,4.876852,95.244140625
08:34:41,912810TZ1,TSRYS5752098,D,S,D,2024-05-01,1000000.00,4.877653,95.234375
08:34:41,912810TZ1,TSRYS5752098,D,S,C,2024-05-01,1000000.00,4.877653,95.234375
08:34:42,912810TZ1,TSRYS5752098,D,S,D,2024-05-01,1000000.00,4.877653,95.234375
08:34:42,912810TZ1,TSRYS5752098,D,S,D,2024-05-01,1000000.00,4.877653,95.234375
08:34:42,912810TZ1,TSRYS5752098,D,S,D,2024-05-01,1000000.00,4.877653,95.234375
08:34:43,912810TZ1,TSRYS5752098,D,S,D,2024-05-01,1000000.00,4.875092,95.265625
08:34:43,912810TZ1,TSRYS5752098,D,S,D,2024-05-01,1000000.00,4.877653,95.234375
08:34:43,912810TZ1,TSRYS5752098,D,S,T,2024-05-01,1000000.00,4.877653,95.234375
08:34:46,912810TZ1,TSRYS5752098,D,S,D,2024-05-01,1000000.00,4.876852,95.244140625
08:34:46,912810TZ1,TSRYS5752098,D,S,T,2024-05-01,1000000.00,4.875109,95.265425
08:34:46,912810TZ1,TSRYS5752098,D,S,T,2024-05-01,1000000.00,4.875109,95.265425
08:34:59,912810TZ1,TSRYS5752098,D,S,C,2024-05-01,5000000.00,4.875275,95.26339
08:34:59,912810TZ1,TSRYS5752098,D,S,D,2024-05-01,1000000.00,4.875092,95.265625
08:35:02,912810TZ1,TSRYS5752098,D,S,C,2024-05-01,1000000.00,4.878933,95.21875
08:35:02,912810TZ1,TSRYS5752098,D,S,C,2024-05-01,1000000.00,4.878925,95.21885
08:35:06,912810TZ1,TSRYS5752098,D,S,C,2024-05-01,510000.00,4.877973,95.23046875
08:35:07,912810TZ1,TSRYS5752098,D,S,T,2024-05-01,2000000.00,4.878933,95.21875
08:35:08,912810TZ1,TSRYS5752098,D,S,D,2024-05-01,1000000.00,4.876372,95.25
08:35:08,912810TZ1,TSRYS5752098,D,B,C,2024-05-01,1000000.00,4.876372,95.25
08:35:08,912810TZ1,TSRYS5752098,D,S,C,2024-05-01,1000000.00,4.877653,95.234375
08:35:08,912810TZ1,TSRYS5752098,D,S,C,2024-05-01,1000000.00,4.877653,95.234375
08:35:09,912810TZ1,TSRYS5752098,D,S,T,2024-05-01,1000000.00,4.875572,95.25976562
08:35:11,912810TZ1,TSRYS5752098,D,S,D,2024-05-01,1000000.00,4.875412,95.26171875
08:35:21,912810TZ1,TSRYS5752098,D,S,D,2024-05-01,1000000.00,4.875412,95.26171875
08:35:23,912810TZ1,TSRYS5752098,D,S,C,2024-05-01,1000000.00,4.877653,95.234375
08:35:40,912810TZ1,TSRYS5752098,D,S,C,2024-05-01,1000000.00,4.876372,95.25
08:35:40,912810TZ1,TSRYS5752098,D,B,C,2024-05-01,1000000.00,4.876397,95.2497
08:35:42,912810TZ1,TSRYS5752098,D,S,T,2024-05-01,1000000.00,4.878933,95.21875
08:35:42,912810TZ1,TSRYS5752098,D,S,T,2024-05-01,1000000.00,4.878933,95.21875
08:35:42,912810TZ1,TSRYS5752098,D,S,T,2024-05-01,1000000.00,4.878933,95.21875
08:35:42,912810TZ1,TSRYS5752098,D,S,T,2024-05-01,1000000.00,4.878933,95.21875
08:35:43,912810TZ1,TSRYS5752098,D,S,D,2024-05-01,1000000.00,4.876052,95.25390625
08:36:01,912810TZ1,TSRYS5752098,D,S,T,2024-05-01,1000000.00,4.877653,95.234375
08:36:11,912810TZ1,TSRYS5752098,D,S,T,2024-05-01,1000000.00,4.875892,95.255859375
08:36:16,912810TZ1,TSRYS5752098,D,S,D,2024-05-01,1000000.00,4.875892,95.255859375
08:36:37,912810TZ1,TSRYS5752098,D,B,C,2024-05-01,1000000.00,4.875092,95.265625
08:36:37,912810TZ1,TSRYS5752098,D,S,C,2024-05-01,1000000.00,4.875092,95.265625
08:36:39,912810TZ1,TSRYS5752098,D,B,C,2024-05-01,1000000.00,4.878933,95.21875
08:36:39,912810TZ1,TSRYS5752098,D,S,D,2024-05-01,1000000.00,4.878933,95.21875
08:36:39,912810TZ1,TSRYS5752098,D,S,C,2024-05-01,1000000.00,4.87764,95.234525
08:36:52,912810TZ1,TSRYS5752098,D,S,A,2024-05-01,47250000.00,4.874772,95.26953125
08:36:54,912810TZ1,TSRYS5752098,D,S,C,2024-05-01,1000000.00,4.878919,95.218925
08:36:54,912810TZ1,TSRYS5752098,D,S,C,2024-05-01,1000000.00,4.878933,95.21875
08:36:54,912810TZ1,TSRYS5752098,D,S,C,2024-05-01,1000000.00,4.878919,95.218925
08:36:54,912810TZ1,TSRYS5752098,D,S,C,2024-05-01,1000000.00,4.878933,95.21875
08:36:55,912810TZ1,TSRYS5752098,D,S,C,2024-05-01,47250000.00,4.874772,95.26953125
08:37:09,912810TZ1,TSRYS5752098,D,S,C,2024-05-01,1000000.00,4.876372,95.25
08:37:13,912810TZ1,TSRYS5752098,D,S,T,2024-05-01,1000000.00,4.875092,95.265625
08:37:13,912810TZ1,TSRYS5752098,D,S,T,2024-05-01,1000000.00,4.875092,95.265625
08:37:24,912810TZ1,TSRYS5752098,D,B,C,2024-05-01,1000000.00,4.876397,95.2497
08:37:31,912810TZ1,TSRYS5752098,D,B,C,2024-05-01,1000000.00,4.875092,95.265625
08:37:31,912810TZ1,TSRYS5752098,D,S,C,2024-05-01,1000000.00,4.875092,95.265625
08:37:45,912810TZ1,TSRYS5752098,D,S,T,2024-05-01,1000000.00,4.874772,95.26953125
08:37:50,912810TZ1,TSRYS5752098,D,S,D,2024-05-01,1000000.00,4.874772,95.26953125
08:37:52,912810TZ1,TSRYS5752098,D,S,D,2024-05-01,1000000.00,4.875092,95.265625
08:37:52,912810TZ1,TSRYS5752098,D,S,D,2024-05-01,1000000.00,4.875092,95.265625
08:38:05,912810TZ1,TSRYS5752098,D,S,D,2024-05-01,1000000.00,4.876372,95.25
08:38:05,912810TZ1,TSRYS5752098,D,B,C,2024-05-01,1000000.00,4.876372,95.25
08:38:05,912810TZ1,TSRYS5752098,D,S,D,2024-05-01,1000000.00,4.876372,95.25
08:38:05,912810TZ1,TSRYS5752098,D,B,C,2024-05-01,1000000.00,4.876372,95.25
08:38:09,912810TZ1,TSRYS5752098,D,B,C,2024-05-01,1000000.00,4.875092,95.265625
08:38:09,912810TZ1,TSRYS5752098,D,S,D,2024-05-01,1000000.00,4.875092,95.265625
08:38:09,912810TZ1,TSRYS5752098,D,B,C,2024-05-01,1000000.00,4.875092,95.265625
08:38:09,912810TZ1,TSRYS5752098,D,S,D,2024-05-01,1000000.00,4.875092,95.265625
08:38:09,912810TZ1,TSRYS5752098,D,B,C,2024-05-01,1000000.00,4.875092,95.265625
08:38:09,912810TZ1,TSRYS5752098,D,S,D,2024-05-01,1000000.00,4.875092,95.265625
08:38:09,912810TZ1,TSRYS5752098,D,B,C,2024-05-01,1000000.00,4.875092,95.265625
08:38:09,912810TZ1,TSRYS5752098,D,S,D,2024-05-01,1000000.00,4.875092,95.265625
08:38:09,912810TZ1,TSRYS5752098,D,S,D,2024-05-01,1000000.00,4.875092,95.265625
08:38:09,912810TZ1,TSRYS5752098,D,S,D,2024-05-01,1000000.00,4.875092,95.265625
08:38:09,912810TZ1,TSRYS5752098,D,B,C,2024-05-01,1000000.00,4.875092,95.265625
08:38:09,912810TZ1,TSRYS5752098,D,B,C,2024-05-01,1000000.00,4.875092,95.265625
08:38:30,912810TZ1,TSRYS5752098,D,S,D,2024-05-01,1000000.00,4.875732,95.2578125
08:38:30,912810TZ1,TSRYS5752098,D,S,D,2024-05-01,1000000.00,4.875732,95.2578125
08:38:30,912810TZ1,TSRYS5752098,D,S,D,2024-05-01,1000000.00,4.875732,95.2578125
08:38:30,912810TZ1,TSRYS5752098,D,S,D,2024-05-01,1000000.00,4.875732,95.2578125
08:38:30,912810TZ1,TSRYS5752098,D,S,D,2024-05-01,1000000.00,4.875732,95.2578125
08:38:30,912810TZ1,TSRYS5752098,D,S,D,2024-05-01,1000000.00,4.875732,95.2578125
