tradeTime,cusip,issueSymbolIdentifier,priceType,reportingSideCode,contraPartyTypeCode,tradeDate,reportedTradeVolume,lastSaleYield,lastSalePrice
08:00:00,912810UD8,TSRYS5870973,D,S,C,2024-10-04,1000000.00,4.233156,98.552734375
08:00:00,912810UD8,TSRYS5870973,D,S,D,2024-10-04,1000000.00,4.237443,98.49609375
08:00:03,912810UD8,TSRYS5870973,D,S,D,2024-10-04,1000000.00,4.241881,98.4375
08:00:03,912810UD8,TSRYS5870973,D,S,C,2024-10-04,1000000.00,4.241881,98.4375
08:00:03,912810UD8,TSRYS5870973,D,S,C,2024-10-04,1000000.00,4.241585,98.44140625
08:00:03,912810UD8,TSRYS5870973,D,S,C,2024-10-04,1000000.00,4.242029,98.435546875
08:00:03,912810UD8,TSRYS5870973,D,S,D,2024-10-04,1000000.00,4.241881,98.4375
08:00:03,912810UD8,TSRYS5870973,D,S,D,2024-10-04,1000000.00,4.241881,98.4375
08:00:03,912810UD8,TSRYS5870973,D,S,D,2024-10-04,1000000.00,4.236556,98.5078125
08:00:03,912810UD8,TSRYS5870973,D,S,T,2024-10-04,1000000.00,4.233008,98.5546875
08:00:03,912810UD8,TSRYS5870973,D,S,T,2024-10-04,1000000.00,4.234782,98.53125
08:00:03,912810UD8,TSRYS5870973,D,S,T,2024-10-04,1000000.00,4.234338,98.537109375
08:00:03,912810UD8,TSRYS5870973,D,S,D,2024-10-04,1000000.00,4.230349,98.58984375
08:00:03,912810UD8,TSRYS5870973,D,S,D,2024-10-04,1000000.00,4.230644,98.5859375
08:00:03,912810UD8,TSRYS5870973,D,S,T,2024-10-04,1000000.00,4.229611,98.599609375
08:00:03,912810UD8,TSRYS5870973,D,S,T,2024-10-04,1000000.00,4.230201,98.591796875
08:00:03,912810UD8,TSRYS5870973,D,S,T,2024-10-04,1000000.00,4.237739,98.4921875
08:00:03,912810UD8,TSRYS5870973,D,S,D,2024-10-04,1000000.00,4.237591,98.494140625
08:00:03,912810UD8,TSRYS5870973,D,S,T,2024-10-04,1000000.00,4.237147,98.5
08:00:03,912810UD8,TSRYS5870973,D,S,D,2024-10-04,1000000.00,4.237147,98.5
08:00:03,912810UD8,TSRYS5870973,D,S,T,2024-10-04,1000000.00,4.239366,98.470703125
08:00:03,912810UD8,TSRYS5870973,D,S,T,2024-10-04,1000000.00,4.246471,98.376953125
08:00:03,912810UD8,TSRYS5870973,D,S,T,2024-10-04,1000000.00,4.248842,98.345703125
08:00:03,912810UD8,TSRYS5870973,D,S,T,2024-10-04,1000000.00,4.25062,98.322265625
08:00:03,912810UD8,TSRYS5870973,D,S,D,2024-10-04,1000000.00,4.249286,98.33984375
08:00:03,912810UD8,TSRYS5870973,D,S,D,2024-10-04,1000000.00,4.249286,98.33984375
08:00:03,912810UD8,TSRYS5870973,D,S,D,2024-10-04,1000000.00,4.249286,98.33984375
08:00:03,912810UD8,TSRYS5870973,D,S,D,2024-10-04,1000000.00,4.249879,98.33203125
08:00:03,912810UD8,TSRYS5870973,D,S,D,2024-10-04,1000000.00,4.250768,98.3203125
08:00:03,912810UD8,TSRYS5870973,D,S,D,2024-10-04,1000000.00,4.250768,98.3203125
08:00:03,912810UD8,TSRYS5870973,D,S,T,2024-10-04,1000000.00,4.25062,98.322265625
08:00:03,912810UD8,TSRYS5870973,D,S,D,2024-10-04,1000000.00,4.252102,98.302734375
08:00:03,912810UD8,TSRYS5870973,D,S,D,2024-10-04,1000000.00,4.252102,98.302734375
08:00:03,912810UD8,TSRYS5870973,D,S,D,2024-10-04,1000000.00,4.252992,98.291015625
08:00:03,912810UD8,TSRYS5870973,D,S,D,2024-10-04,1000000.00,4.252696,98.294921875
08:00:03,912810UD8,TSRYS5870973,D,S,D,2024-10-04,1000000.00,4.252696,98.294921875
08:00:03,912810UD8,TSRYS5870973,D,S,D,2024-10-04,1000000.00,4.252696,98.294921875
08:00:03,912810UD8,TSRYS5870973,D,S,D,2024-10-04,1000000.00,4.252696,98.294921875
08:00:03,912810UD8,TSRYS5870973,D,S,D,2024-10-04,1000000.00,4.252696,98.294921875
08:00:03,912810UD8,TSRYS5870973,D,S,D,2024-10-04,1000000.00,4.253585,98.283203125
08:00:03,912810UD8,TSRYS5870973,D,S,A,2024-10-04,10000.00,4.254296,98.3238375
08:00:03,912810UD8,TSRYS5870973,D,S,A,2024-10-04,5000.00,4.254296,98.3738375
08:00:03,912810UD8,TSRYS5870973,D,S,A,2024-10-04,10000.00,4.254296,98.3238375
08:00:03,912810UD8,TSRYS5870973,D,S,C,2024-10-04,1000.00,4.254296,98.7738375
08:00:03,912810UD8,TSRYS5870973,D,S,D,2024-10-04,1000000.00,4.252696,98.294921875
08:00:03,912810UD8,TSRYS5870973,D,S,D,2024-10-04,1000000.00,4.25314,98.2890625
08:00:03,912810UD8,TSRYS5870973,D,S,D,2024-10-04,1000000.00,4.25314,98.2890625
08:00:03,912810UD8,TSRYS5870973,D,S,T,2024-10-04,1000000.00,4.252696,98.294921875
08:00:03,912810UD8,TSRYS5870973,D,S,D,2024-10-04,1000000.00,4.250324,98.326171875
08:00:03,912810UD8,TSRYS5870973,D,S,D,2024-10-04,1000000.00,4.250472,98.32421875
08:00:03,912810UD8,TSRYS5870973,D,S,D,2024-10-04,1000000.00,4.25062,98.322265625
08:00:03,912810UD8,TSRYS5870973,D,S,D,2024-10-04,1000000.00,4.250175,98.328125
08:00:03,912810UD8,TSRYS5870973,D,S,D,2024-10-04,1000000.00,4.254327,98.2734375
08:00:03,912810UD8,TSRYS5870973,D,S,D,2024-10-04,1000000.00,4.252251,98.30078125
08:00:03,912810UD8,TSRYS5870973,D,S,C,2024-10-04,1000.00,4.254296,98.7738375
08:00:05,912810UD8,TSRYS5870973,D,S,D,2024-10-04,1000000.00,4.236291,98.51131875
08:00:05,912810UD8,TSRYS5870973,D,B,C,2024-10-04,1000000.00,4.236291,98.50931875
08:00:07,912810UD8,TSRYS5870973,D,B,C,2024-10-04,1000.00,4.232448,98.5621
08:00:08,912810UD8,TSRYS5870973,D,S,A,2024-10-04,300000.00,4.231531,98.57421875
08:00:08,912810UD8,TSRYS5870973,D,B,C,2024-10-04,50000.00,4.232152,98.56600625
08:00:08,912810UD8,TSRYS5870973,D,S,C,2024-10-04,200000.00,4.228547,98.61368125
08:00:12,912810UD8,TSRYS5870973,D,S,D,2024-10-04,200000.00,,98.61368125
08:00:12,912810UD8,TSRYS5870973,D,B,C,2024-10-04,39000.00,4.236882,98.50350625
08:00:12,912810UD8,TSRYS5870973,D,S,A,2024-10-04,500000.00,4.23094,98.58203125
08:00:12,912810UD8,TSRYS5870973,D,S,T,2024-10-04,1000000.00,4.237147,98.5
08:00:13,912810UD8,TSRYS5870973,D,B,A,2024-10-04,783000.00,4.231235,98.578125
08:00:13,912810UD8,TSRYS5870973,D,S,T,2024-10-04,1000000.00,4.238331,98.484375
08:00:13,912810UD8,TSRYS5870973,D,S,T,2024-10-04,1000000.00,4.243066,98.421875
08:00:15,912810UD8,TSRYS5870973,D,S,C,2024-10-04,10000.00,4.242147,98.48399375
08:00:17,912810UD8,TSRYS5870973,D,S,D,2024-10-04,1000000.00,4.233304,98.55078125
08:00:22,912810UD8,TSRYS5870973,D,S,A,2024-10-04,800000.00,4.22651,98.640625
08:00:25,912810UD8,TSRYS5870973,D,S,C,2024-10-04,100000.00,4.23626,98.51671875
08:00:25,912810UD8,TSRYS5870973,D,S,C,2024-10-04,3000.00,4.23626,98.67838541667
08:00:27,912810UD8,TSRYS5870973,D,B,C,2024-10-04,37849000.00,4.233925,98.54256875
08:00:27,912810UD8,TSRYS5870973,D,B,A,2024-10-04,343000.00,4.238331,98.484375
08:00:27,912810UD8,TSRYS5870973,D,S,D,2024-10-04,1000000.00,4.232713,98.55859375
08:00:27,912810UD8,TSRYS5870973,D,S,T,2024-10-04,1000000.00,4.232417,98.5625
08:00:27,912810UD8,TSRYS5870973,D,S,T,2024-10-04,1000000.00,4.232417,98.5625
08:00:27,912810UD8,TSRYS5870973,D,S,T,2024-10-04,1000000.00,4.232417,98.5625
08:00:28,912810UD8,TSRYS5870973,D,S,D,2024-10-04,1000000.00,4.232417,98.5625
08:00:28,912810UD8,TSRYS5870973,D,S,D,2024-10-04,1000000.00,4.232417,98.5625
08:00:28,912810UD8,TSRYS5870973,D,S,D,2024-10-04,1000000.00,4.232417,98.5625
08:00:28,912810UD8,TSRYS5870973,D,S,T,2024-10-04,1000000.00,4.236112,98.513671875
08:00:29,912810UD8,TSRYS5870973,D,S,D,2024-10-04,1000000.00,4.232122,98.56640625
08:00:29,912810UD8,TSRYS5870973,D,S,D,2024-10-04,1000000.00,4.233304,98.55078125
08:00:30,912810UD8,TSRYS5870973,D,S,T,2024-10-04,1000000.00,4.237147,98.5
08:00:30,912810UD8,TSRYS5870973,D,S,T,2024-10-04,1000000.00,4.232417,98.5625
08:00:30,912810UD8,TSRYS5870973,D,S,T,2024-10-04,1000000.00,4.232417,98.5625
08:00:30,912810UD8,TSRYS5870973,D,S,T,2024-10-04,1000000.00,4.232417,98.5625
08:00:30,912810UD8,TSRYS5870973,D,S,T,2024-10-04,1000000.00,4.232417,98.5625
08:00:30,912810UD8,TSRYS5870973,D,S,T,2024-10-04,1000000.00,4.232417,98.5625
08:00:30,912810UD8,TSRYS5870973,D,S,T,2024-10-04,1000000.00,4.227691,98.625
08:00:30,912810UD8,TSRYS5870973,D,S,T,2024-10-04,1000000.00,4.250175,98.328125
08:00:30,912810UD8,TSRYS5870973,D,S,T,2024-10-04,1000000.00,4.25062,98.322265625
08:00:30,912810UD8,TSRYS5870973,D,S,T,2024-10-04,1000000.00,4.250472,98.32421875
08:00:30,912810UD8,TSRYS5870973,D,S,T,2024-10-04,1000000.00,4.253734,98.28125
08:00:30,912810UD8,TSRYS5870973,D,S,T,2024-10-04,1000000.00,4.234782,98.53125
08:00:30,912810UD8,TSRYS5870973,D,S,D,2024-10-04,1000000.00,4.238035,98.48828125
08:00:30,912810UD8,TSRYS5870973,D,S,D,2024-10-04,1000000.00,4.237443,98.49609375
08:00:30,912810UD8,TSRYS5870973,D,S,D,2024-10-04,1000000.00,4.23981,98.46484375
08:00:30,912810UD8,TSRYS5870973,D,S,D,2024-10-04,2000000.00,4.239514,98.46875
08:00:30,912810UD8,TSRYS5870973,D,S,D,2024-10-04,1000000.00,4.241881,98.4375
08:00:30,912810UD8,TSRYS5870973,D,S,D,2024-10-04,1000000.00,4.233304,98.55078125
08:00:30,912810UD8,TSRYS5870973,D,S,D,2024-10-04,1000000.00,4.233304,98.55078125
08:00:30,912810UD8,TSRYS5870973,D,S,D,2024-10-04,1000000.00,4.233304,98.55078125
08:00:30,912810UD8,TSRYS5870973,D,S,T,2024-10-04,1000000.00,4.233452,98.548828125
08:00:30,912810UD8,TSRYS5870973,D,S,T,2024-10-04,1000000.00,4.234338,98.537109375
08:00:30,912810UD8,TSRYS5870973,D,S,T,2024-10-04,1000000.00,4.234338,98.537109375
08:00:30,912810UD8,TSRYS5870973,D,S,D,2024-10-04,1000000.00,4.233008,98.5546875
08:00:30,912810UD8,TSRYS5870973,D,S,T,2024-10-04,1000000.00,4.23626,98.51171875
08:00:30,912810UD8,TSRYS5870973,D,S,T,2024-10-04,1000000.00,4.235965,98.515625
08:00:30,912810UD8,TSRYS5870973,D,S,T,2024-10-04,1000000.00,4.236112,98.513671875
08:00:30,912810UD8,TSRYS5870973,D,S,T,2024-10-04,1000000.00,4.237147,98.5
08:00:30,912810UD8,TSRYS5870973,D,S,T,2024-10-04,1000000.00,4.232417,98.5625
08:00:30,912810UD8,TSRYS5870973,D,S,T,2024-10-04,1000000.00,4.232417,98.5625
08:00:30,912810UD8,TSRYS5870973,D,S,T,2024-10-04,1000000.00,4.232417,98.5625
08:00:30,912810UD8,TSRYS5870973,D,S,T,2024-10-04,1000000.00,4.232417,98.5625
08:00:30,912810UD8,TSRYS5870973,D,S,T,2024-10-04,1000000.00,4.232417,98.5625
08:00:31,912810UD8,TSRYS5870973,D,S,T,2024-10-04,1000000.00,4.232417,98.5625
08:00:31,912810UD8,TSRYS5870973,D,S,T,2024-10-04,1000000.00,4.232417,98.5625
08:00:31,912810UD8,TSRYS5870973,D,S,T,2024-10-04,1000000.00,4.232417,98.5625
08:00:31,912810UD8,TSRYS5870973,D,S,T,2024-10-04,1000000.00,4.231974,98.568359375
08:00:31,912810UD8,TSRYS5870973,D,S,T,2024-10-04,1000000.00,4.234782,98.53125
08:00:31,912810UD8,TSRYS5870973,D,S,T,2024-10-04,1000000.00,4.234338,98.537109375
08:00:31,912810UD8,TSRYS5870973,D,S,T,2024-10-04,1000000.00,4.234191,98.5390625
08:00:31,912810UD8,TSRYS5870973,D,S,T,2024-10-04,1000000.00,4.233599,98.546875
08:00:31,912810UD8,TSRYS5870973,D,S,T,2024-10-04,1000000.00,4.233599,98.546875
08:00:31,912810UD8,TSRYS5870973,D,S,T,2024-10-04,1000000.00,4.233599,98.546875
08:00:31,912810UD8,TSRYS5870973,D,S,T,2024-10-04,1000000.00,4.233599,98.546875
08:00:31,912810UD8,TSRYS5870973,D,S,T,2024-10-04,1000000.00,4.234782,98.53125
08:00:31,912810UD8,TSRYS5870973,D,S,T,2024-10-04,1000000.00,4.234782,98.53125
08:00:31,912810UD8,TSRYS5870973,D,S,T,2024-10-04,1000000.00,4.234782,98.53125
08:00:31,912810UD8,TSRYS5870973,D,S,T,2024-10-04,1000000.00,4.231235,98.578125
08:00:32,912810UD8,TSRYS5870973,D,S,T,2024-10-04,1000000.00,4.252547,98.296875
08:00:32,912810UD8,TSRYS5870973,D,S,T,2024-10-04,1000000.00,4.252547,98.296875
08:00:32,912810UD8,TSRYS5870973,D,S,T,2024-10-04,1000000.00,4.252547,98.296875
08:00:32,912810UD8,TSRYS5870973,D,S,T,2024-10-04,1000000.00,4.252547,98.296875
08:00:32,912810UD8,TSRYS5870973,D,S,T,2024-10-04,1000000.00,4.251361,98.3125
08:00:32,912810UD8,TSRYS5870973,D,S,T,2024-10-04,1000000.00,4.251509,98.310546875
08:00:32,912810UD8,TSRYS5870973,D,S,T,2024-10-04,1000000.00,4.251361,98.3125
08:00:32,912810UD8,TSRYS5870973,D,S,T,2024-10-04,1000000.00,4.251361,98.3125
08:00:32,912810UD8,TSRYS5870973,D,S,D,2024-10-04,1000000.00,4.251658,98.30859375
08:00:32,912810UD8,TSRYS5870973,D,S,T,2024-10-04,2000000.00,4.251361,98.3125
08:00:32,912810UD8,TSRYS5870973,D,S,T,2024-10-04,2000000.00,4.251361,98.3125
08:00:32,912810UD8,TSRYS5870973,D,S,T,2024-10-04,2000000.00,4.251361,98.3125
08:00:32,912810UD8,TSRYS5870973,D,S,T,2024-10-04,1000000.00,4.251361,98.3125
08:00:32,912810UD8,TSRYS5870973,D,S,D,2024-10-04,1000000.00,4.253437,98.28515625
08:00:32,912810UD8,TSRYS5870973,D,S,D,2024-10-04,1000000.00,4.251658,98.30859375
08:00:32,912810UD8,TSRYS5870973,D,S,D,2024-10-04,1000000.00,4.251658,98.30859375
08:00:32,912810UD8,TSRYS5870973,D,S,D,2024-10-04,2000000.00,4.253734,98.28125
08:00:32,912810UD8,TSRYS5870973,D,S,D,2024-10-04,2000000.00,4.253734,98.28125
08:00:32,912810UD8,TSRYS5870973,D,S,D,2024-10-04,2000000.00,4.253734,98.28125
08:00:32,912810UD8,TSRYS5870973,D,S,D,2024-10-04,1000000.00,4.250175,98.328125
08:00:32,912810UD8,TSRYS5870973,D,S,D,2024-10-04,1000000.00,4.239218,98.47265625
08:00:32,912810UD8,TSRYS5870973,D,S,D,2024-10-04,1000000.00,4.234486,98.53515625
08:00:32,912810UD8,TSRYS5870973,D,S,D,2024-10-04,1000000.00,4.233304,98.55078125
08:00:32,912810UD8,TSRYS5870973,D,S,D,2024-10-04,1000000.00,4.233304,98.55078125
08:00:32,912810UD8,TSRYS5870973,D,S,D,2024-10-04,1000000.00,4.232713,98.55859375
08:00:32,912810UD8,TSRYS5870973,D,S,D,2024-10-04,1000000.00,4.232417,98.5625
08:00:32,912810UD8,TSRYS5870973,D,S,D,2024-10-04,1000000.00,4.232417,98.5625
08:00:32,912810UD8,TSRYS5870973,D,S,D,2024-10-04,1000000.00,4.232417,98.5625
08:00:32,912810UD8,TSRYS5870973,D,S,D,2024-10-04,1000000.00,4.25314,98.2890625
08:00:32,912810UD8,TSRYS5870973,D,S,C,2024-10-04,22000.00,4.247478,98.36368125
08:00:32,912810UD8,TSRYS5870973,D,S,D,2024-10-04,2000000.00,4.239366,98.470703125
08:00:32,912810UD8,TSRYS5870973,D,S,D,2024-10-04,1000000.00,4.239366,98.470703125
08:00:32,912810UD8,TSRYS5870973,D,S,D,2024-10-04,1000000.00,4.251361,98.3125
08:00:32,912810UD8,TSRYS5870973,D,S,D,2024-10-04,1000000.00,4.251509,98.310546875
08:00:32,912810UD8,TSRYS5870973,D,S,D,2024-10-04,1000000.00,4.251361,98.3125
08:00:32,912810UD8,TSRYS5870973,D,S,D,2024-10-04,1000000.00,4.253437,98.28515625
08:00:32,912810UD8,TSRYS5870973,D,S,D,2024-10-04,1000000.00,4.252696,98.294921875
08:00:32,912810UD8,TSRYS5870973,D,S,D,2024-10-04,1000000.00,4.250175,98.328125
08:00:32,912810UD8,TSRYS5870973,D,S,D,2024-10-04,1000000.00,4.250175,98.328125
08:00:32,912810UD8,TSRYS5870973,D,S,D,2024-10-04,1000000.00,4.250175,98.328125
08:00:32,912810UD8,TSRYS5870973,D,S,D,2024-10-04,1000000.00,4.250175,98.328125
08:00:32,912810UD8,TSRYS5870973,D,S,D,2024-10-04,1000000.00,4.250175,98.328125
08:00:32,912810UD8,TSRYS5870973,D,S,D,2024-10-04,1000000.00,4.250175,98.328125
08:00:32,912810UD8,TSRYS5870973,D,S,D,2024-10-04,1000000.00,4.250175,98.328125
08:00:32,912810UD8,TSRYS5870973,D,S,D,2024-10-04,1000000.00,4.250175,98.328125
08:00:32,912810UD8,TSRYS5870973,D,S,D,2024-10-04,1000000.00,4.252102,98.302734375
08:00:32,912810UD8,TSRYS5870973,D,S,D,2024-10-04,1000000.00,4.251954,98.3046875
08:00:32,912810UD8,TSRYS5870973,D,S,D,2024-10-04,1000000.00,4.253734,98.28125
08:00:33,912810UD8,TSRYS5870973,D,S,A,2024-10-04,100000.00,4.240402,98.45703125
08:00:33,912810UD8,TSRYS5870973,D,S,A,2024-10-04,1000000.00,4.238626,98.48046875
08:00:33,912810UD8,TSRYS5870973,D,S,D,2024-10-04,20000.00,4.243954,98.41015625
08:00:33,912810UD8,TSRYS5870973,D,S,D,2024-10-04,20000.00,4.243658,98.4140625
08:00:33,912810UD8,TSRYS5870973,D,B,A,2024-10-04,100000.00,4.246027,98.3828125
08:00:33,912810UD8,TSRYS5870973,D,B,A,2024-10-04,5000000.00,4.250175,98.328125
08:00:36,912810UD8,TSRYS5870973,D,S,D,2024-10-04,1000000.00,4.228282,98.6171875
08:00:37,912810UD8,TSRYS5870973,D,S,D,2024-10-04,22000.00,,98.36368125
08:00:40,912810UD8,TSRYS5870973,D,S,D,2024-10-04,2000000.00,4.232935,98.55566
08:00:41,912810UD8,TSRYS5870973,D,S,D,2024-10-04,3000.00,4.23626,98.51171875
08:00:44,912810UD8,TSRYS5870973,D,S,A,2024-10-04,4000000.00,4.233008,98.5546875
08:00:45,912810UD8,TSRYS5870973,D,S,A,2024-10-04,3710000.00,4.233599,98.546875
08:00:45,912810UD8,TSRYS5870973,D,S,D,2024-10-04,1000.00,4.232448,98.5621
08:00:45,912810UD8,TSRYS5870973,D,B,A,2024-10-04,1000.00,4.232448,98.0621
08:00:45,912810UD8,TSRYS5870973,D,S,D,2024-10-04,50000.00,4.232152,98.56600625
08:00:45,912810UD8,TSRYS5870973,D,B,C,2024-10-04,50000.00,4.232152,98.55600625
08:00:46,912810UD8,TSRYS5870973,D,S,A,2024-10-04,2700000.00,4.246323,98.37890625
08:00:47,912810UD8,TSRYS5870973,D,S,A,2024-10-04,70000.00,4.251065,98.31640625
08:00:47,912810UD8,TSRYS5870973,D,S,A,2024-10-04,2620000.00,4.251361,98.3125
08:00:47,912810UD8,TSRYS5870973,D,B,A,2024-10-04,1000000.00,4.22651,98.640625
08:00:48,912810UD8,TSRYS5870973,D,S,T,2024-10-04,1000000.00,4.251361,98.3125
08:00:48,912810UD8,TSRYS5870973,D,S,T,2024-10-04,1000000.00,4.251361,98.3125
08:00:50,912810UD8,TSRYS5870973,D,S,D,2024-10-04,100000.00,4.23626,98.51171875
08:00:51,912810UD8,TSRYS5870973,D,S,A,2024-10-04,4000000.00,4.234782,98.53125
08:00:52,912810UD8,TSRYS5870973,D,S,D,2024-10-04,16000000.00,4.227045,98.63355
08:00:52,912810UD8,TSRYS5870973,D,B,A,2024-10-04,1564000.00,4.255499,98.258
08:00:53,912810UD8,TSRYS5870973,D,S,C,2024-10-04,50MM+,4.250175,98.328125
08:00:53,912810UD8,TSRYS5870973,D,S,C,2024-10-04,1000000.00,4.250472,98.32421875
08:00:53,912810UD8,TSRYS5870973,D,S,C,2024-10-04,1000000.00,4.248693,98.34765625
08:00:53,912810UD8,TSRYS5870973,D,S,D,2024-10-04,1000000.00,4.248693,98.34765625
08:00:53,912810UD8,TSRYS5870973,D,S,D,2024-10-04,1000000.00,4.248693,98.34765625
08:00:53,912810UD8,TSRYS5870973,D,S,D,2024-10-04,8000000.00,4.23155,98.57397
08:00:54,912810UD8,TSRYS5870973,D,B,C,2024-10-04,1000000.00,4.249286,98.33984375
08:00:54,912810UD8,TSRYS5870973,D,S,D,2024-10-04,1000000.00,4.249286,98.33984375
08:00:54,912810UD8,TSRYS5870973,D,S,D,2024-10-04,1000000.00,4.249286,98.33984375
08:00:54,912810UD8,TSRYS5870973,D,S,D,2024-10-04,1000000.00,4.249286,98.33984375
08:00:54,912810UD8,TSRYS5870973,D,S,D,2024-10-04,1000000.00,4.249286,98.33984375
08:00:54,912810UD8,TSRYS5870973,D,S,D,2024-10-04,50000.00,4.237147,98.5
08:00:56,912810UD8,TSRYS5870973,D,S,A,2024-10-04,200000.00,4.228547,98.61618125
08:00:56,912810UD8,TSRYS5870973,D,S,A,2024-10-04,2000000.00,4.233895,98.54296875
08:00:57,912810UD8,TSRYS5870973,D,S,D,2024-10-04,25000.00,4.249849,98.33243125
08:00:58,912810UD8,TSRYS5870973,D,S,D,2024-10-04,1000000.00,4.250768,98.3203125
08:00:59,912810UD8,TSRYS5870973,D,S,D,2024-10-04,300000.00,4.252251,98.30078125
08:01:00,912810UD8,TSRYS5870973,D,B,C,2024-10-04,1000000.00,4.252844,98.29296875
08:01:00,912810UD8,TSRYS5870973,D,S,D,2024-10-04,1000000.00,4.252844,98.29296875
08:01:01,912810UD8,TSRYS5870973,D,B,C,2024-10-04,1000000.00,4.252844,98.29296875
08:01:01,912810UD8,TSRYS5870973,D,B,C,2024-10-04,1000000.00,4.252844,98.29296875
08:01:01,912810UD8,TSRYS5870973,D,S,D,2024-10-04,1000000.00,4.252844,98.29296875
08:01:01,912810UD8,TSRYS5870973,D,S,D,2024-10-04,1000000.00,4.252844,98.29296875
08:01:01,912810UD8,TSRYS5870973,D,S,C,2024-10-04,1000000.00,4.252251,98.30078125
08:01:02,912810UD8,TSRYS5870973,D,S,D,2024-10-04,1000000.00,4.231826,98.5703125
08:01:02,912810UD8,TSRYS5870973,D,B,C,2024-10-04,1000000.00,4.231826,98.5703125
08:01:02,912810UD8,TSRYS5870973,D,S,C,2024-10-04,1000000.00,4.239218,98.47265625
08:01:02,912810UD8,TSRYS5870973,D,S,C,2024-10-04,2000000.00,4.239514,98.46875
08:01:02,912810UD8,TSRYS5870973,D,S,C,2024-10-04,1000000.00,4.237443,98.49609375
08:01:02,912810UD8,TSRYS5870973,D,S,C,2024-10-04,1000000.00,4.238035,98.48828125
08:01:02,912810UD8,TSRYS5870973,D,S,C,2024-10-04,1000000.00,4.241881,98.4375
08:01:02,912810UD8,TSRYS5870973,D,S,C,2024-10-04,1000000.00,4.237443,98.49609375
08:01:02,912810UD8,TSRYS5870973,D,S,C,2024-10-04,1000000.00,4.23981,98.46484375
08:01:02,912810UD8,TSRYS5870973,D,S,C,2024-10-04,1000000.00,4.241881,98.4375
08:01:02,912810UD8,TSRYS5870973,D,S,C,2024-10-04,1000000.00,4.241881,98.4375
08:01:02,912810UD8,TSRYS5870973,D,S,C,2024-10-04,1000000.00,4.241881,98.4375
08:01:02,912810UD8,TSRYS5870973,D,S,C,2024-10-04,1000000.00,4.234486,98.53515625
08:01:02,912810UD8,TSRYS5870973,D,B,C,2024-10-04,2000000.00,4.233304,98.55078125
08:01:02,912810UD8,TSRYS5870973,D,S,C,2024-10-04,1000000.00,4.233304,98.55078125
08:01:02,912810UD8,TSRYS5870973,D,S,C,2024-10-04,1000000.00,4.233304,98.55078125
08:01:02,912810UD8,TSRYS5870973,D,S,C,2024-10-04,1000000.00,4.233304,98.55078125
08:01:02,912810UD8,TSRYS5870973,D,S,C,2024-10-04,1000000.00,4.233304,98.55078125
08:01:02,912810UD8,TSRYS5870973,D,S,C,2024-10-04,1744000.00,4.251658,98.30859375
08:01:02,912810UD8,TSRYS5870973,D,B,C,2024-10-04,1000000.00,4.234191,98.5390625
08:01:02,912810UD8,TSRYS5870973,D,S,C,2024-10-04,1000000.00,4.233304,98.55078125
08:01:02,912810UD8,TSRYS5870973,D,S,C,2024-10-04,1000000.00,4.233304,98.55078125
08:01:02,912810UD8,TSRYS5870973,D,S,C,2024-10-04,1000000.00,4.234191,98.5390625
08:01:02,912810UD8,TSRYS5870973,D,B,C,2024-10-04,1000000.00,4.233304,98.55078125
08:01:02,912810UD8,TSRYS5870973,D,S,C,2024-10-04,2000000.00,4.233304,98.55078125
08:01:02,912810UD8,TSRYS5870973,D,S,C,2024-10-04,1000000.00,4.233304,98.55078125
08:01:02,912810UD8,TSRYS5870973,D,S,C,2024-10-04,1000000.00,4.233304,98.55078125
08:01:02,912810UD8,TSRYS5870973,D,S,C,2024-10-04,1000000.00,4.233008,98.5546875
08:01:02,912810UD8,TSRYS5870973,D,S,C,2024-10-04,1000000.00,4.233304,98.55078125
08:01:02,912810UD8,TSRYS5870973,D,S,C,2024-10-04,1000000.00,4.234191,98.5390625
08:01:02,912810UD8,TSRYS5870973,D,B,C,2024-10-04,1000000.00,4.234191,98.5390625
08:01:02,912810UD8,TSRYS5870973,D,B,C,2024-10-04,1000000.00,4.233304,98.55078125
08:01:02,912810UD8,TSRYS5870973,D,S,C,2024-10-04,1000000.00,4.234191,98.5390625
08:01:02,912810UD8,TSRYS5870973,D,B,C,2024-10-04,1000000.00,4.234191,98.5390625
08:01:02,912810UD8,TSRYS5870973,D,S,C,2024-10-04,1000000.00,4.233304,98.55078125
08:01:02,912810UD8,TSRYS5870973,D,S,C,2024-10-04,1000000.00,4.234191,98.5390625
08:01:02,912810UD8,TSRYS5870973,D,S,D,2024-10-04,1000000.00,4.233008,98.5546875
08:01:03,912810UD8,TSRYS5870973,D,S,D,2024-10-04,1000000.00,4.238035,98.48828125
08:01:03,912810UD8,TSRYS5870973,D,B,C,2024-10-04,1000000.00,4.233304,98.55078125
08:01:03,912810UD8,TSRYS5870973,D,S,D,2024-10-04,1000000.00,4.238626,98.48046875
08:01:03,912810UD8,TSRYS5870973,D,B,C,2024-10-04,1000000.00,4.233008,98.5546875
08:01:03,912810UD8,TSRYS5870973,D,B,C,2024-10-04,1000000.00,4.238035,98.48828125
08:01:03,912810UD8,TSRYS5870973,D,S,D,2024-10-04,1000000.00,4.232122,98.56640625
08:01:03,912810UD8,TSRYS5870973,D,B,C,2024-10-04,1000000.00,4.238626,98.48046875
08:01:03,912810UD8,TSRYS5870973,D,S,C,2024-10-04,1000000.00,4.232713,98.55859375
08:01:03,912810UD8,TSRYS5870973,D,S,D,2024-10-04,1000000.00,4.233304,98.55078125
08:01:03,912810UD8,TSRYS5870973,D,B,C,2024-10-04,1000000.00,4.233304,98.55078125
08:01:03,912810UD8,TSRYS5870973,D,S,D,2024-10-04,1000000.00,4.232713,98.55859375
08:01:03,912810UD8,TSRYS5870973,D,B,C,2024-10-04,1000000.00,4.232122,98.56640625
08:01:03,912810UD8,TSRYS5870973,D,S,D,2024-10-04,1000000.00,4.232122,98.56640625
08:01:03,912810UD8,TSRYS5870973,D,B,C,2024-10-04,1000000.00,4.232713,98.55859375
08:01:03,912810UD8,TSRYS5870973,D,B,C,2024-10-04,1000000.00,4.232713,98.55859375
08:01:03,912810UD8,TSRYS5870973,D,S,C,2024-10-04,1000000.00,4.232713,98.55859375
08:01:03,912810UD8,TSRYS5870973,D,S,D,2024-10-04,1000000.00,4.229758,98.59765625
08:01:03,912810UD8,TSRYS5870973,D,B,C,2024-10-04,1000000.00,4.229758,98.59765625
08:01:03,912810UD8,TSRYS5870973,D,S,D,2024-10-04,1000000.00,4.236556,98.5078125
08:01:03,912810UD8,TSRYS5870973,D,S,C,2024-10-04,1000000.00,4.229168,98.60546875
08:01:03,912810UD8,TSRYS5870973,D,B,C,2024-10-04,1000000.00,4.229168,98.60546875
08:01:04,912810UD8,TSRYS5870973,D,B,C,2024-10-04,1000000.00,4.228282,98.6171875
08:01:04,912810UD8,TSRYS5870973,D,S,D,2024-10-04,1000000.00,4.228282,98.6171875
08:01:04,912810UD8,TSRYS5870973,D,S,A,2024-10-04,1500000.00,4.238596,98.48086875
08:01:04,912810UD8,TSRYS5870973,D,S,C,2024-10-04,1000000.00,4.229463,98.6015625
08:01:04,912810UD8,TSRYS5870973,D,B,C,2024-10-04,1000000.00,4.229463,98.6015625
08:01:04,912810UD8,TSRYS5870973,D,S,D,2024-10-04,1000000.00,4.231235,98.578125
08:01:04,912810UD8,TSRYS5870973,D,S,D,2024-10-04,1000000.00,4.237739,98.4921875
08:01:04,912810UD8,TSRYS5870973,D,B,C,2024-10-04,1000000.00,4.237739,98.4921875
08:01:04,912810UD8,TSRYS5870973,D,S,D,2024-10-04,1000000.00,4.237147,98.5
08:01:04,912810UD8,TSRYS5870973,D,S,C,2024-10-04,1000000.00,4.243658,98.4140625
08:01:04,912810UD8,TSRYS5870973,D,S,C,2024-10-04,1000000.00,4.243658,98.4140625
08:01:04,912810UD8,TSRYS5870973,D,S,C,2024-10-04,1000000.00,4.243362,98.41796875
08:01:04,912810UD8,TSRYS5870973,D,S,D,2024-10-04,1000000.00,4.243658,98.4140625
08:01:04,912810UD8,TSRYS5870973,D,S,D,2024-10-04,1000000.00,4.243658,98.4140625
08:01:04,912810UD8,TSRYS5870973,D,S,C,2024-10-04,1000000.00,4.243658,98.4140625
08:01:04,912810UD8,TSRYS5870973,D,S,D,2024-10-04,1000000.00,4.246619,98.375
08:01:04,912810UD8,TSRYS5870973,D,S,C,2024-10-04,1000000.00,4.246619,98.375
08:01:04,912810UD8,TSRYS5870973,D,S,D,2024-10-04,1000000.00,4.249583,98.3359375
08:01:04,912810UD8,TSRYS5870973,D,S,D,2024-10-04,1000000.00,4.248101,98.35546875
08:01:04,912810UD8,TSRYS5870973,D,S,C,2024-10-04,1000000.00,4.249583,98.3359375
08:01:04,912810UD8,TSRYS5870973,D,S,D,2024-10-04,1000000.00,4.250472,98.32421875
08:01:04,912810UD8,TSRYS5870973,D,B,C,2024-10-04,1000000.00,4.250472,98.32421875
08:01:04,912810UD8,TSRYS5870973,D,S,D,2024-10-04,1000000.00,4.248693,98.34765625
08:01:04,912810UD8,TSRYS5870973,D,S,D,2024-10-04,1000000.00,4.248693,98.34765625
08:01:04,912810UD8,TSRYS5870973,D,S,D,2024-10-04,1000000.00,4.248693,98.34765625
08:01:04,912810UD8,TSRYS5870973,D,S,D,2024-10-04,1000000.00,4.249286,98.33984375
08:01:04,912810UD8,TSRYS5870973,D,S,D,2024-10-04,1000000.00,4.249286,98.33984375
08:01:04,912810UD8,TSRYS5870973,D,S,D,2024-10-04,1000000.00,4.249286,98.33984375
08:01:05,912810UD8,TSRYS5870973,D,S,C,2024-10-04,1000000.00,4.250768,98.3203125
08:01:05,912810UD8,TSRYS5870973,D,S,C,2024-10-04,1000000.00,4.250768,98.3203125
08:01:05,912810UD8,TSRYS5870973,D,S,C,2024-10-04,1000000.00,4.250472,98.32421875
08:01:05,912810UD8,TSRYS5870973,D,B,C,2024-10-04,1000000.00,4.250472,98.32421875
08:01:05,912810UD8,TSRYS5870973,D,S,A,2024-10-04,1100000.00,4.239218,98.47265625
08:01:05,912810UD8,TSRYS5870973,D,S,D,2024-10-04,1325000.00,4.251954,98.3046875
08:01:06,912810UD8,TSRYS5870973,D,S,D,2024-10-04,39000.00,4.236882,98.50350625
08:01:06,912810UD8,TSRYS5870973,D,B,A,2024-10-04,39000.00,4.236882,98.49068573718
08:01:06,912810UD8,TSRYS5870973,D,S,D,2024-10-04,1325000.00,4.251954,98.3046875
08:01:07,912810UD8,TSRYS5870973,D,S,C,2024-10-04,10000.00,4.254296,98.2738375
08:01:07,912810UD8,TSRYS5870973,D,S,C,2024-10-04,5000.00,4.254296,98.2738375
08:01:07,912810UD8,TSRYS5870973,D,S,C,2024-10-04,10000.00,4.254296,98.2738375
08:01:10,912810UD8,TSRYS5870973,D,S,D,2024-10-04,1000000.00,4.232122,98.56640625
08:01:10,912810UD8,TSRYS5870973,D,S,D,2024-10-04,1000000.00,4.231235,98.578125
08:01:10,912810UD8,TSRYS5870973,D,S,D,2024-10-04,1000000.00,4.237147,98.5
08:01:10,912810UD8,TSRYS5870973,D,S,D,2024-10-04,1000000.00,4.246619,98.375
08:01:10,912810UD8,TSRYS5870973,D,S,D,2024-10-04,1000000.00,4.246619,98.375
08:01:10,912810UD8,TSRYS5870973,D,S,D,2024-10-04,1000000.00,4.249583,98.3359375
08:01:10,912810UD8,TSRYS5870973,D,S,D,2024-10-04,1000000.00,4.249583,98.3359375
08:01:10,912810UD8,TSRYS5870973,D,S,A,2024-10-04,14000000.00,4.236568,98.5078125
08:01:10,912810UD8,TSRYS5870973,D,S,T,2024-10-04,1000000.00,4.232129,98.56630625
08:01:10,912810UD8,TSRYS5870973,D,S,T,2024-10-04,1000000.00,4.231243,98.578025
08:01:10,912810UD8,TSRYS5870973,D,S,T,2024-10-04,1000000.00,4.237155,98.4999
08:01:10,912810UD8,TSRYS5870973,D,S,T,2024-10-04,1000000.00,4.246627,98.3749
08:01:10,912810UD8,TSRYS5870973,D,S,T,2024-10-04,1000000.00,4.246627,98.3749
08:01:11,912810UD8,TSRYS5870973,D,S,T,2024-10-04,1000000.00,4.232434,98.562275
08:01:11,912810UD8,TSRYS5870973,D,S,T,2024-10-04,1000000.00,4.232434,98.562275
08:01:11,912810UD8,TSRYS5870973,D,S,T,2024-10-04,1000000.00,4.246636,98.374775
08:01:12,912810UD8,TSRYS5870973,D,S,C,2024-10-04,5000000.00,4.232121,98.56641
08:01:12,912810UD8,TSRYS5870973,D,S,D,2024-10-04,5000.00,,98.2738375
08:01:12,912810UD8,TSRYS5870973,D,S,T,2024-10-04,1000000.00,4.245586,98.388621875
08:01:12,912810UD8,TSRYS5870973,D,S,T,2024-10-04,1000000.00,4.249735,98.333934375
08:01:12,912810UD8,TSRYS5870973,D,S,T,2024-10-04,1000000.00,4.250179,98.328075
08:01:12,912810UD8,TSRYS5870973,D,S,A,2024-10-04,2000000.00,4.234229,98.53856
08:01:13,912810UD8,TSRYS5870973,D,S,A,2024-10-04,1000000.00,4.239552,98.46825
08:01:13,912810UD8,TSRYS5870973,D,S,C,2024-10-04,8000000.00,4.235882,98.51672
08:01:15,912810UD8,TSRYS5870973,D,S,T,2024-10-04,1000000.00,4.237147,98.5
08:01:15,912810UD8,TSRYS5870973,D,S,T,2024-10-04,1000000.00,4.237159,98.499848
08:01:15,912810UD8,TSRYS5870973,D,S,T,2024-10-04,1000000.00,4.237159,98.499848
08:01:15,912810UD8,TSRYS5870973,D,S,T,2024-10-04,1000000.00,4.237159,98.499848
08:01:15,912810UD8,TSRYS5870973,D,S,T,2024-10-04,1000000.00,4.235965,98.515625
08:01:15,912810UD8,TSRYS5870973,D,S,T,2024-10-04,1000000.00,4.237159,98.499848
08:01:15,912810UD8,TSRYS5870973,D,S,T,2024-10-04,1000000.00,4.234793,98.531098
08:01:15,912810UD8,TSRYS5870973,D,S,T,2024-10-04,2000000.00,4.234782,98.53125
08:01:15,912810UD8,TSRYS5870973,D,S,T,2024-10-04,1000000.00,4.234793,98.531098
08:01:15,912810UD8,TSRYS5870973,D,S,T,2024-10-04,1000000.00,4.234793,98.531098
08:01:15,912810UD8,TSRYS5870973,D,S,T,2024-10-04,1000000.00,4.232429,98.562348
08:01:15,912810UD8,TSRYS5870973,D,S,T,2024-10-04,1000000.00,4.232429,98.562348
08:01:15,912810UD8,TSRYS5870973,D,S,T,2024-10-04,1000000.00,4.232429,98.562348
08:01:15,912810UD8,TSRYS5870973,D,S,T,2024-10-04,1000000.00,4.232429,98.562348
08:01:15,912810UD8,TSRYS5870973,D,S,T,2024-10-04,1000000.00,4.232429,98.562348
08:01:15,912810UD8,TSRYS5870973,D,S,T,2024-10-04,1000000.00,4.232429,98.562348
08:01:15,912810UD8,TSRYS5870973,D,S,T,2024-10-04,1000000.00,4.232429,98.562348
08:01:15,912810UD8,TSRYS5870973,D,S,T,2024-10-04,1000000.00,4.232417,98.5625
08:01:15,912810UD8,TSRYS5870973,D,S,T,2024-10-04,1000000.00,4.230065,98.593598
08:01:15,912810UD8,TSRYS5870973,D,S,T,2024-10-04,1000000.00,4.230065,98.593598
08:01:16,912810UD8,TSRYS5870973,D,S,T,2024-10-04,1000000.00,4.230065,98.593598
08:01:16,912810UD8,TSRYS5870973,D,S,T,2024-10-04,1000000.00,4.230054,98.59375
08:01:16,912810UD8,TSRYS5870973,D,S,D,2024-10-04,1000000.00,4.230054,98.59375
08:01:16,912810UD8,TSRYS5870973,D,S,T,2024-10-04,1000000.00,4.231247,98.577973
08:01:16,912810UD8,TSRYS5870973,D,S,T,2024-10-04,1000000.00,4.232417,98.5625
08:01:16,912810UD8,TSRYS5870973,D,S,D,2024-10-04,1000000.00,4.232417,98.5625
08:01:17,912810UD8,TSRYS5870973,D,B,A,2024-10-04,26000000.00,4.234782,98.53125
08:01:17,912810UD8,TSRYS5870973,D,S,D,2024-10-04,25000000.00,4.233149,98.55283
08:01:17,912810UD8,TSRYS5870973,D,S,A,2024-10-04,2000000.00,4.2271,98.6328125
08:01:17,912810UD8,TSRYS5870973,D,S,A,2024-10-04,2000000.00,4.250768,98.3203125
08:01:17,912810UD8,TSRYS5870973,D,S,D,2024-10-04,1000000.00,4.233452,98.54882812
08:01:18,912810UD8,TSRYS5870973,D,S,D,2024-10-04,10350000.00,4.161926,99.5
08:01:18,912810UD8,TSRYS5870973,D,B,C,2024-10-04,2000000.00,4.234229,98.53856
08:01:18,912810UD8,TSRYS5870973,D,S,D,2024-10-04,1000000.00,4.234634,98.53320312
08:01:19,912810UD8,TSRYS5870973,D,B,C,2024-10-04,1000000.00,4.239552,98.46825
08:01:19,912810UD8,TSRYS5870973,D,S,D,2024-10-04,1000000.00,4.231826,98.5703125
08:01:19,912810UD8,TSRYS5870973,D,B,C,2024-10-04,1000000.00,4.231826,98.5703125
08:01:19,912810UD8,TSRYS5870973,D,S,D,2024-10-04,1000000.00,4.232122,98.56640625
08:01:19,912810UD8,TSRYS5870973,D,B,C,2024-10-04,1000000.00,4.232122,98.56640625
08:01:20,912810UD8,TSRYS5870973,D,S,D,2024-10-04,1000000.00,4.236556,98.5078125
08:01:20,912810UD8,TSRYS5870973,D,S,D,2024-10-04,1000000.00,4.236556,98.5078125
08:01:20,912810UD8,TSRYS5870973,D,S,D,2024-10-04,1000000.00,4.236556,98.5078125
08:01:21,912810UD8,TSRYS5870973,D,S,D,2024-10-04,1000000.00,4.232713,98.55859375
08:01:22,912810UD8,TSRYS5870973,D,S,D,2024-10-04,1000000.00,4.233452,98.54882812
08:01:22,912810UD8,TSRYS5870973,D,S,A,2024-10-04,820000.00,4.230644,98.5859375
08:01:22,912810UD8,TSRYS5870973,D,S,D,2024-10-04,1000000.00,4.233304,98.55078125
08:01:22,912810UD8,TSRYS5870973,D,S,D,2024-10-04,1000000.00,4.233304,98.55078125
08:01:23,912810UD8,TSRYS5870973,D,S,A,2024-10-04,5000000.00,4.242474,98.4296875
08:01:24,912810UD8,TSRYS5870973,D,B,C,2024-10-04,1000000.00,4.232565,98.560546875
08:01:24,912810UD8,TSRYS5870973,D,S,D,2024-10-04,1000000.00,4.232565,98.560546875
08:01:24,912810UD8,TSRYS5870973,D,B,C,2024-10-04,1000000.00,4.232713,98.55859375
08:01:24,912810UD8,TSRYS5870973,D,S,D,2024-10-04,1000000.00,4.232713,98.55859375
08:01:25,912810UD8,TSRYS5870973,D,S,C,2024-10-04,1000000.00,4.251065,98.31640625
08:01:26,912810UD8,TSRYS5870973,D,S,C,2024-10-04,1000000.00,4.250768,98.3203125
08:01:26,912810UD8,TSRYS5870973,D,B,C,2024-10-04,1000000.00,4.251065,98.31640625
08:01:26,912810UD8,TSRYS5870973,D,S,C,2024-10-04,1000000.00,4.251658,98.30859375
08:01:26,912810UD8,TSRYS5870973,D,S,A,2024-10-04,100000.00,4.238331,98.484375
08:01:26,912810UD8,TSRYS5870973,D,S,C,2024-10-04,1000000.00,4.253437,98.28515625
08:01:26,912810UD8,TSRYS5870973,D,S,C,2024-10-04,1000000.00,4.252844,98.29296875
08:01:26,912810UD8,TSRYS5870973,D,S,C,2024-10-04,1000000.00,4.251658,98.30859375
08:01:26,912810UD8,TSRYS5870973,D,S,C,2024-10-04,1000000.00,4.251658,98.30859375
08:01:26,912810UD8,TSRYS5870973,D,B,C,2024-10-04,1000000.00,4.253437,98.28515625
08:01:26,912810UD8,TSRYS5870973,D,S,C,2024-10-04,1000000.00,4.253437,98.28515625
08:01:26,912810UD8,TSRYS5870973,D,S,C,2024-10-04,2000000.00,4.253734,98.28125
08:01:26,912810UD8,TSRYS5870973,D,S,C,2024-10-04,2000000.00,4.253734,98.28125
08:01:26,912810UD8,TSRYS5870973,D,S,D,2024-10-04,1000000.00,4.237147,98.5
08:01:26,912810UD8,TSRYS5870973,D,S,C,2024-10-04,1000000.00,4.25314,98.2890625
08:01:26,912810UD8,TSRYS5870973,D,S,C,2024-10-04,2000000.00,4.253734,98.28125
08:01:26,912810UD8,TSRYS5870973,D,S,D,2024-10-04,1000000.00,4.237147,98.5
08:01:26,912810UD8,TSRYS5870973,D,S,D,2024-10-04,1000000.00,4.252844,98.29296875
08:01:26,912810UD8,TSRYS5870973,D,S,D,2024-10-04,1000000.00,4.252844,98.29296875
08:01:26,912810UD8,TSRYS5870973,D,B,C,2024-10-04,1000000.00,4.251065,98.31640625
08:01:26,912810UD8,TSRYS5870973,D,S,D,2024-10-04,1000000.00,4.251065,98.31640625
08:01:26,912810UD8,TSRYS5870973,D,S,C,2024-10-04,1000000.00,4.250472,98.32421875
08:01:26,912810UD8,TSRYS5870973,D,S,D,2024-10-04,1000000.00,4.238035,98.48828125
08:01:27,912810UD8,TSRYS5870973,D,B,C,2024-10-04,1000000.00,4.238035,98.48828125
08:01:27,912810UD8,TSRYS5870973,D,S,D,2024-10-04,1000000.00,4.238035,98.48828125
08:01:27,912810UD8,TSRYS5870973,D,B,C,2024-10-04,1000000.00,4.238035,98.48828125
08:01:27,912810UD8,TSRYS5870973,D,B,C,2024-10-04,1000000.00,4.238035,98.48828125
08:01:27,912810UD8,TSRYS5870973,D,S,D,2024-10-04,1000000.00,4.238035,98.48828125
08:01:27,912810UD8,TSRYS5870973,D,S,C,2024-10-04,1000000.00,4.251658,98.30859375
08:01:27,912810UD8,TSRYS5870973,D,S,D,2024-10-04,1000000.00,4.252844,98.29296875
08:01:27,912810UD8,TSRYS5870973,D,S,D,2024-10-04,1000000.00,4.237295,98.49804687
08:01:27,912810UD8,TSRYS5870973,D,S,D,2024-10-04,1000000.00,4.252844,98.29296875
08:01:27,912810UD8,TSRYS5870973,D,B,C,2024-10-04,1000000.00,4.252251,98.30078125
08:01:27,912810UD8,TSRYS5870973,D,S,D,2024-10-04,1000000.00,4.252251,98.30078125
08:01:27,912810UD8,TSRYS5870973,D,S,C,2024-10-04,1000000.00,4.254327,98.2734375
08:01:27,912810UD8,TSRYS5870973,D,B,C,2024-10-04,1000000.00,4.254327,98.2734375
08:01:28,912810UD8,TSRYS5870973,D,S,C,2024-10-04,1000000.00,4.254327,98.2734375
08:01:28,912810UD8,TSRYS5870973,D,S,T,2024-10-04,1000000.00,4.25257,98.296575
08:01:28,912810UD8,TSRYS5870973,D,S,T,2024-10-04,1000000.00,4.25257,98.296575
08:01:28,912810UD8,TSRYS5870973,D,S,D,2024-10-04,14000.00,4.250175,98.328125
08:01:29,912810UD8,TSRYS5870973,D,S,D,2024-10-04,1000000.00,4.236112,98.513671875
08:01:32,912810UD8,TSRYS5870973,D,S,T,2024-10-04,1000000.00,4.230201,98.59179687
08:01:32,912810UD8,TSRYS5870973,D,S,D,2024-10-04,10000.00,,98.2738375
08:01:33,912810UD8,TSRYS5870973,D,S,D,2024-10-04,1000000.00,4.232417,98.5625
08:01:33,912810UD8,TSRYS5870973,D,S,D,2024-10-04,1000000.00,4.232417,98.5625
08:01:33,912810UD8,TSRYS5870973,D,S,D,2024-10-04,1000000.00,4.233008,98.5546875
08:01:33,912810UD8,TSRYS5870973,D,S,D,2024-10-04,1000000.00,4.232417,98.5625
08:01:33,912810UD8,TSRYS5870973,D,S,D,2024-10-04,1000000.00,4.232417,98.5625
08:01:33,912810UD8,TSRYS5870973,D,S,D,2024-10-04,1000000.00,4.232417,98.5625
08:01:34,912810UD8,TSRYS5870973,D,S,D,2024-10-04,1000000.00,4.227691,98.625
08:01:34,912810UD8,TSRYS5870973,D,S,D,2024-10-04,1000000.00,4.233156,98.55273437
08:01:34,912810UD8,TSRYS5870973,D,S,C,2024-10-04,1500000.00,4.238596,98.48086875
08:01:34,912810UD8,TSRYS5870973,D,S,D,2024-10-04,1000000.00,4.232713,98.55859375
08:01:35,912810UD8,TSRYS5870973,D,S,D,2024-10-04,2000000.00,4.234191,98.5390625
08:01:36,912810UD8,TSRYS5870973,D,S,C,2024-10-04,50000.00,4.237147,98.51
08:01:36,912810UD8,TSRYS5870973,D,S,C,2024-10-04,10000000.00,4.234197,98.5390625
08:01:37,912810UD8,TSRYS5870973,D,S,D,2024-10-04,10000.00,,98.2738375
08:01:37,912810UD8,TSRYS5870973,D,S,D,2024-10-04,1000000.00,4.234782,98.53125
08:01:39,912810UD8,TSRYS5870973,D,S,D,2024-10-04,1000000.00,4.230201,98.591796875
08:01:41,912810UD8,TSRYS5870973,D,S,D,2024-10-04,1000000.00,4.234338,98.537109375
08:01:41,912810UD8,TSRYS5870973,D,B,C,2024-10-04,1000000.00,4.234486,98.53515625
08:01:41,912810UD8,TSRYS5870973,D,S,D,2024-10-04,1000000.00,4.234486,98.53515625
08:01:42,912810UD8,TSRYS5870973,D,S,A,2024-10-04,53300.00,4.23065,98.5859375
08:01:43,912810UD8,TSRYS5870973,D,B,A,2024-10-04,3000000.00,4.238922,98.4765625
08:01:43,912810UD8,TSRYS5870973,D,S,T,2024-10-04,1000000.00,4.238331,98.484375
08:01:43,912810UD8,TSRYS5870973,D,S,T,2024-10-04,1000000.00,4.238338,98.484275
08:01:43,912810UD8,TSRYS5870973,D,S,T,2024-10-04,1000000.00,4.238338,98.484275
08:01:43,912810UD8,TSRYS5870973,D,S,D,2024-10-04,1000000.00,4.239514,98.46875
08:01:43,912810UD8,TSRYS5870973,D,S,T,2024-10-04,1000000.00,4.251361,98.3125
08:01:44,912810UD8,TSRYS5870973,D,S,C,2024-10-04,1000000.00,4.238479,98.48242187
08:01:44,912810UD8,TSRYS5870973,D,S,D,2024-10-04,2000000.00,4.234782,98.53125
08:01:44,912810UD8,TSRYS5870973,D,S,D,2024-10-04,1000000.00,4.238331,98.484375
08:01:45,912810UD8,TSRYS5870973,D,S,D,2024-10-04,1000000.00,4.232417,98.5625
08:01:46,912810UD8,TSRYS5870973,D,S,C,2024-10-04,20000.00,4.243806,98.437109375
08:01:46,912810UD8,TSRYS5870973,D,S,C,2024-10-04,20000.00,4.24351,98.441015625
08:01:46,912810UD8,TSRYS5870973,D,S,A,2024-10-04,22000.00,4.247478,98.38640852273
08:01:46,912810UD8,TSRYS5870973,D,S,D,2024-10-04,1000000.00,4.230054,98.59375
08:01:46,912810UD8,TSRYS5870973,D,S,D,2024-10-04,1000000.00,4.232417,98.5625
08:01:47,912810UD8,TSRYS5870973,D,S,D,2024-10-04,1000000.00,4.238331,98.484375
08:01:47,912810UD8,TSRYS5870973,D,S,C,2024-10-04,1000000.00,4.236112,98.51367187
08:01:47,912810UD8,TSRYS5870973,D,S,T,2024-10-04,1000000.00,4.251361,98.3125
08:01:47,912810UD8,TSRYS5870973,D,S,D,2024-10-04,1000000.00,4.23094,98.58203125
08:01:47,912810UD8,TSRYS5870973,D,S,D,2024-10-04,1000000.00,4.235965,98.515625
08:01:48,912810UD8,TSRYS5870973,D,S,T,2024-10-04,1000000.00,4.252547,98.296875
08:01:48,912810UD8,TSRYS5870973,D,S,D,2024-10-04,1000000.00,4.229758,98.59765625
08:01:48,912810UD8,TSRYS5870973,D,S,T,2024-10-04,1000000.00,4.23598,98.515425
08:01:48,912810UD8,TSRYS5870973,D,S,C,2024-10-04,1000000.00,4.233747,98.54492187
08:01:48,912810UD8,TSRYS5870973,D,S,D,2024-10-04,1000000.00,4.233452,98.54882812
08:01:48,912810UD8,TSRYS5870973,D,S,D,2024-10-04,1000000.00,4.225772,98.650390625
08:01:48,912810UD8,TSRYS5870973,D,S,D,2024-10-04,1000000.00,4.22592,98.6484375
08:01:48,912810UD8,TSRYS5870973,D,S,D,2024-10-04,1000000.00,4.227543,98.626953125
08:01:48,912810UD8,TSRYS5870973,D,S,D,2024-10-04,1000000.00,4.227396,98.62890625
08:01:48,912810UD8,TSRYS5870973,D,S,D,2024-10-04,1000000.00,4.225624,98.65234375
08:01:48,912810UD8,TSRYS5870973,D,S,D,2024-10-04,1000000.00,4.225772,98.65039062
08:01:48,912810UD8,TSRYS5870973,D,S,T,2024-10-04,1000000.00,4.225772,98.65039062
08:01:48,912810UD8,TSRYS5870973,D,S,T,2024-10-04,1000000.00,4.22592,98.6484375
08:01:48,912810UD8,TSRYS5870973,D,S,D,2024-10-04,1000000.00,4.22592,98.6484375
08:01:49,912810UD8,TSRYS5870973,D,S,D,2024-10-04,1000000.00,4.22592,98.6484375
08:01:49,912810UD8,TSRYS5870973,D,S,T,2024-10-04,1000000.00,4.226525,98.640425
08:01:49,912810UD8,TSRYS5870973,D,S,T,2024-10-04,1000000.00,4.226525,98.640425
08:01:49,912810UD8,TSRYS5870973,D,S,T,2024-10-04,1000000.00,4.226525,98.640425
08:01:49,912810UD8,TSRYS5870973,D,S,T,2024-10-04,1000000.00,4.226525,98.640425
08:01:49,912810UD8,TSRYS5870973,D,S,T,2024-10-04,1000000.00,4.227543,98.62695312
08:01:49,912810UD8,TSRYS5870973,D,S,D,2024-10-04,1000000.00,4.227543,98.62695312
08:01:49,912810UD8,TSRYS5870973,D,S,T,2024-10-04,1000000.00,4.227396,98.62890625
08:01:49,912810UD8,TSRYS5870973,D,S,D,2024-10-04,1000000.00,4.227396,98.62890625
08:01:50,912810UD8,TSRYS5870973,D,S,D,2024-10-04,1000000.00,4.250768,98.3203125
08:01:50,912810UD8,TSRYS5870973,D,S,A,2024-10-04,10000.00,4.256997,98.28828125
08:01:50,912810UD8,TSRYS5870973,D,S,A,2024-10-04,1000000.00,4.233895,98.54296875
08:01:50,912810UD8,TSRYS5870973,D,S,C,2024-10-04,1100000.00,4.228872,98.609375
08:01:51,912810UD8,TSRYS5870973,D,S,C,2024-10-04,1000000.00,4.231826,98.5703125
08:01:51,912810UD8,TSRYS5870973,D,S,D,2024-10-04,1000000.00,4.231826,98.5703125
08:01:51,912810UD8,TSRYS5870973,D,S,D,2024-10-04,1000000.00,4.230054,98.59375
08:01:51,912810UD8,TSRYS5870973,D,S,D,2024-10-04,1000000.00,4.233304,98.55078125
08:01:52,912810UD8,TSRYS5870973,D,S,T,2024-10-04,1000000.00,4.231826,98.5703125
08:01:52,912810UD8,TSRYS5870973,D,S,D,2024-10-04,1000000.00,4.227986,98.62109375
08:01:52,912810UD8,TSRYS5870973,D,S,T,2024-10-04,1000000.00,4.231826,98.5703125
08:01:52,912810UD8,TSRYS5870973,D,S,D,2024-10-04,1000000.00,4.231826,98.5703125
08:01:52,912810UD8,TSRYS5870973,D,S,D,2024-10-04,1000000.00,4.231826,98.5703125
08:01:52,912810UD8,TSRYS5870973,D,S,D,2024-10-04,1000000.00,4.230497,98.58789062
08:01:52,912810UD8,TSRYS5870973,D,S,D,2024-10-04,1000000.00,4.230054,98.59375
08:01:52,912810UD8,TSRYS5870973,D,S,D,2024-10-04,1000000.00,4.229906,98.59570312
08:01:53,912810UD8,TSRYS5870973,D,S,D,2024-10-04,2000000.00,4.231288,98.577425
08:01:53,912810UD8,TSRYS5870973,D,S,D,2024-10-04,2000000.00,4.2372,98.4993
08:01:53,912810UD8,TSRYS5870973,D,S,D,2024-10-04,5000000.00,4.246672,98.3743
08:01:53,912810UD8,TSRYS5870973,D,S,D,2024-10-04,2000000.00,4.249636,98.3352375
08:01:53,912810UD8,TSRYS5870973,D,S,D,2024-10-04,35000000.00,4.251106,98.31586
08:01:54,912810UD8,TSRYS5870973,D,S,C,2024-10-04,1000000.00,4.233747,98.54492187
08:01:56,912810UD8,TSRYS5870973,D,S,A,2024-10-04,25000.00,4.249849,98.35243125
08:01:58,912810UD8,TSRYS5870973,D,S,D,2024-10-04,1000000.00,4.230201,98.591796875
08:01:59,912810UD8,TSRYS5870973,D,S,D,2024-10-04,1000000.00,4.237739,98.4921875
08:01:59,912810UD8,TSRYS5870973,D,S,D,2024-10-04,1000000.00,4.237147,98.5
08:01:59,912810UD8,TSRYS5870973,D,S,D,2024-10-04,1000000.00,4.236112,98.513671875
08:02:00,912810UD8,TSRYS5870973,D,S,D,2024-10-04,1000000.00,4.233304,98.55078125
08:02:00,912810UD8,TSRYS5870973,D,S,D,2024-10-04,1000000.00,4.234191,98.5390625
08:02:00,912810UD8,TSRYS5870973,D,S,T,2024-10-04,1000000.00,4.234338,98.537109375
08:02:00,912810UD8,TSRYS5870973,D,S,D,2024-10-04,1000000.00,4.23907,98.474609375
08:02:00,912810UD8,TSRYS5870973,D,S,T,2024-10-04,1000000.00,4.228872,98.609375
08:02:01,912810UD8,TSRYS5870973,D,S,D,2024-10-04,1000000.00,4.235817,98.51757812
08:02:01,912810UD8,TSRYS5870973,D,S,D,2024-10-04,1000000.00,4.235817,98.51757812
08:02:01,912810UD8,TSRYS5870973,D,S,T,2024-10-04,1000000.00,4.230054,98.59375
08:02:01,912810UD8,TSRYS5870973,D,S,T,2024-10-04,1000000.00,4.227986,98.62109375
08:02:01,912810UD8,TSRYS5870973,D,S,T,2024-10-04,1000000.00,4.236112,98.513671875
08:02:01,912810UD8,TSRYS5870973,D,S,D,2024-10-04,1000000.00,4.239366,98.470703125
08:02:01,912810UD8,TSRYS5870973,D,S,T,2024-10-04,1000000.00,4.251361,98.3125
08:02:01,912810UD8,TSRYS5870973,D,S,T,2024-10-04,1000000.00,4.251361,98.3125
08:02:01,912810UD8,TSRYS5870973,D,S,T,2024-10-04,1000000.00,4.251361,98.3125
08:02:01,912810UD8,TSRYS5870973,D,S,D,2024-10-04,1000000.00,4.252696,98.294921875
08:02:01,912810UD8,TSRYS5870973,D,S,D,2024-10-04,1000000.00,4.252844,98.29296875
08:02:01,912810UD8,TSRYS5870973,D,S,D,2024-10-04,1000000.00,4.252696,98.294921875
08:02:01,912810UD8,TSRYS5870973,D,S,D,2024-10-04,1000000.00,4.251658,98.30859375
08:02:01,912810UD8,TSRYS5870973,D,S,D,2024-10-04,1000000.00,4.234191,98.5390625
08:02:01,912810UD8,TSRYS5870973,D,S,D,2024-10-04,1000000.00,4.234191,98.5390625
08:02:01,912810UD8,TSRYS5870973,D,S,D,2024-10-04,2000000.00,4.234043,98.54101562
08:02:01,912810UD8,TSRYS5870973,D,S,T,2024-10-04,1000000.00,4.234782,98.53125
08:02:01,912810UD8,TSRYS5870973,D,S,T,2024-10-04,1000000.00,4.233599,98.546875
08:02:02,912810UD8,TSRYS5870973,D,S,T,2024-10-04,1000000.00,4.232417,98.5625
08:02:02,912810UD8,TSRYS5870973,D,S,T,2024-10-04,1000000.00,4.237147,98.5
08:02:02,912810UD8,TSRYS5870973,D,S,T,2024-10-04,1000000.00,4.232417,98.5625
08:02:02,912810UD8,TSRYS5870973,D,S,T,2024-10-04,1000000.00,4.233599,98.546875
08:02:02,912810UD8,TSRYS5870973,D,S,T,2024-10-04,1000000.00,4.228872,98.609375
08:02:02,912810UD8,TSRYS5870973,D,S,T,2024-10-04,1000000.00,4.232417,98.5625
08:02:02,912810UD8,TSRYS5870973,D,S,T,2024-10-04,1000000.00,4.232417,98.5625
08:02:02,912810UD8,TSRYS5870973,D,S,T,2024-10-04,1000000.00,4.232417,98.5625
08:02:02,912810UD8,TSRYS5870973,D,S,T,2024-10-04,1000000.00,4.234782,98.53125
08:02:02,912810UD8,TSRYS5870973,D,S,T,2024-10-04,1000000.00,4.232417,98.5625
08:02:02,912810UD8,TSRYS5870973,D,S,T,2024-10-04,1000000.00,4.230054,98.59375
08:02:02,912810UD8,TSRYS5870973,D,S,T,2024-10-04,1000000.00,4.233599,98.546875
08:02:02,912810UD8,TSRYS5870973,D,S,T,2024-10-04,1000000.00,4.233599,98.546875
08:02:02,912810UD8,TSRYS5870973,D,S,T,2024-10-04,1000000.00,4.234782,98.53125
08:02:02,912810UD8,TSRYS5870973,D,S,T,2024-10-04,1000000.00,4.233599,98.546875
08:02:02,912810UD8,TSRYS5870973,D,S,T,2024-10-04,1000000.00,4.228872,98.609375
08:02:02,912810UD8,TSRYS5870973,D,S,T,2024-10-04,1000000.00,4.228872,98.609375
08:02:02,912810UD8,TSRYS5870973,D,S,T,2024-10-04,1000000.00,4.232417,98.5625
08:02:02,912810UD8,TSRYS5870973,D,S,T,2024-10-04,1000000.00,4.231235,98.578125
08:02:02,912810UD8,TSRYS5870973,D,S,T,2024-10-04,1000000.00,4.228872,98.609375
08:02:02,912810UD8,TSRYS5870973,D,S,T,2024-10-04,1000000.00,4.233599,98.546875
08:02:02,912810UD8,TSRYS5870973,D,S,T,2024-10-04,1000000.00,4.233599,98.546875
08:02:02,912810UD8,TSRYS5870973,D,S,T,2024-10-04,1000000.00,4.237147,98.5
08:02:02,912810UD8,TSRYS5870973,D,S,T,2024-10-04,1000000.00,4.239514,98.46875
08:02:02,912810UD8,TSRYS5870973,D,S,T,2024-10-04,1000000.00,4.240698,98.453125
08:02:02,912810UD8,TSRYS5870973,D,S,T,2024-10-04,1000000.00,4.239514,98.46875
08:02:02,912810UD8,TSRYS5870973,D,S,T,2024-10-04,1000000.00,4.238331,98.484375
08:02:02,912810UD8,TSRYS5870973,D,S,T,2024-10-04,1000000.00,4.238331,98.484375
08:02:02,912810UD8,TSRYS5870973,D,S,T,2024-10-04,1000000.00,4.238331,98.484375
08:02:02,912810UD8,TSRYS5870973,D,S,T,2024-10-04,1000000.00,4.24425,98.40625
08:02:02,912810UD8,TSRYS5870973,D,S,T,2024-10-04,1000000.00,4.24425,98.40625
08:02:03,912810UD8,TSRYS5870973,D,S,T,2024-10-04,1000000.00,4.246619,98.375
08:02:03,912810UD8,TSRYS5870973,D,S,T,2024-10-04,1000000.00,4.247804,98.359375
08:02:03,912810UD8,TSRYS5870973,D,S,T,2024-10-04,1000000.00,4.24899,98.34375
08:02:03,912810UD8,TSRYS5870973,D,S,T,2024-10-04,1000000.00,4.24899,98.34375
08:02:03,912810UD8,TSRYS5870973,D,S,T,2024-10-04,1000000.00,4.24899,98.34375
08:02:03,912810UD8,TSRYS5870973,D,S,T,2024-10-04,1000000.00,4.24899,98.34375
08:02:03,912810UD8,TSRYS5870973,D,S,A,2024-10-04,20629000.00,4.237739,98.4921875
08:02:03,912810UD8,TSRYS5870973,D,S,T,2024-10-04,1000000.00,4.24899,98.34375
08:02:03,912810UD8,TSRYS5870973,D,S,T,2024-10-04,1000000.00,4.24899,98.34375
08:02:03,912810UD8,TSRYS5870973,D,S,T,2024-10-04,1000000.00,4.251361,98.3125
08:02:03,912810UD8,TSRYS5870973,D,S,T,2024-10-04,1000000.00,4.251361,98.3125
08:02:03,912810UD8,TSRYS5870973,D,S,T,2024-10-04,1000000.00,4.252547,98.296875
08:02:03,912810UD8,TSRYS5870973,D,S,T,2024-10-04,1000000.00,4.251361,98.3125
08:02:03,912810UD8,TSRYS5870973,D,S,T,2024-10-04,1000000.00,4.251361,98.3125
08:02:03,912810UD8,TSRYS5870973,D,S,T,2024-10-04,1000000.00,4.251361,98.3125
08:02:03,912810UD8,TSRYS5870973,D,S,T,2024-10-04,1000000.00,4.251361,98.3125
08:02:03,912810UD8,TSRYS5870973,D,S,T,2024-10-04,1000000.00,4.251361,98.3125
08:02:03,912810UD8,TSRYS5870973,D,S,T,2024-10-04,1000000.00,4.252547,98.296875
08:02:03,912810UD8,TSRYS5870973,D,S,T,2024-10-04,1000000.00,4.251361,98.3125
08:02:05,912810UD8,TSRYS5870973,D,S,D,2024-10-04,1000000.00,4.23227,98.56445312
08:02:05,912810UD8,TSRYS5870973,D,B,C,2024-10-04,1000000.00,4.23227,98.56445312
08:02:06,912810UD8,TSRYS5870973,D,B,A,2024-10-04,190000.00,4.237147,98.5
08:02:07,912810UD8,TSRYS5870973,D,S,D,2024-10-04,1000000.00,4.243806,98.412109375
08:02:07,912810UD8,TSRYS5870973,D,S,C,2024-10-04,1000000.00,4.243658,98.4140625
08:02:07,912810UD8,TSRYS5870973,D,S,D,2024-10-04,1000000.00,4.243658,98.4140625
08:02:07,912810UD8,TSRYS5870973,D,S,C,2024-10-04,1000000.00,4.243658,98.4140625
08:02:07,912810UD8,TSRYS5870973,D,S,D,2024-10-04,1000000.00,4.243806,98.41210937
08:02:07,912810UD8,TSRYS5870973,D,S,A,2024-10-04,22000000.00,4.24,98.462086
08:02:07,912810UD8,TSRYS5870973,D,S,A,2024-10-04,20000000.00,4.2356,98.520208
08:02:07,912810UD8,TSRYS5870973,D,S,A,2024-10-04,15000000.00,4.2301,98.592923
08:02:08,912810UD8,TSRYS5870973,D,S,T,2024-10-04,1000000.00,4.252547,98.296875
08:02:09,912810UD8,TSRYS5870973,D,S,D,2024-10-04,1000000.00,4.232417,98.5625
08:02:09,912810UD8,TSRYS5870973,D,S,C,2024-10-04,1000000.00,4.243658,98.4140625
08:02:09,912810UD8,TSRYS5870973,D,S,C,2024-10-04,1000000.00,4.243658,98.4140625
08:02:09,912810UD8,TSRYS5870973,D,S,T,2024-10-04,1000000.00,4.243806,98.41210937
08:02:09,912810UD8,TSRYS5870973,D,S,D,2024-10-04,1000000.00,4.243806,98.41210937
08:02:09,912810UD8,TSRYS5870973,D,S,A,2024-10-04,236000.00,4.235669,98.51953125
08:02:09,912810UD8,TSRYS5870973,D,S,D,2024-10-04,3000000.00,4.235965,98.515625
08:02:09,912810UD8,TSRYS5870973,D,S,D,2024-10-04,1000000.00,4.243658,98.4140625
08:02:09,912810UD8,TSRYS5870973,D,S,D,2024-10-04,1000000.00,4.243806,98.41210937
08:02:09,912810UD8,TSRYS5870973,D,S,D,2024-10-04,1000000.00,4.234772,98.53138
08:02:09,912810UD8,TSRYS5870973,D,S,C,2024-10-04,1000000.00,4.243658,98.4140625
08:02:10,912810UD8,TSRYS5870973,D,S,D,2024-10-04,1000000.00,4.243362,98.41796875
08:02:10,912810UD8,TSRYS5870973,D,S,D,2024-10-04,1000000.00,4.243658,98.4140625
08:02:10,912810UD8,TSRYS5870973,D,S,D,2024-10-04,1000000.00,4.243658,98.4140625
08:02:10,912810UD8,TSRYS5870973,D,S,D,2024-10-04,1000000.00,4.245731,98.38671875
08:02:10,912810UD8,TSRYS5870973,D,S,T,2024-10-04,1000000.00,4.245731,98.38671875
08:02:10,912810UD8,TSRYS5870973,D,S,D,2024-10-04,1000000.00,4.243658,98.4140625
08:02:10,912810UD8,TSRYS5870973,D,S,D,2024-10-04,1000000.00,4.245286,98.39257812
08:02:11,912810UD8,TSRYS5870973,D,S,T,2024-10-04,1000000.00,4.248101,98.35546875
08:02:11,912810UD8,TSRYS5870973,D,S,D,2024-10-04,1000000.00,4.248101,98.35546875
08:02:11,912810UD8,TSRYS5870973,D,S,T,2024-10-04,1000000.00,4.248249,98.35351562
08:02:11,912810UD8,TSRYS5870973,D,S,T,2024-10-04,1000000.00,4.248249,98.35351562
08:02:11,912810UD8,TSRYS5870973,D,S,D,2024-10-04,1000000.00,4.248101,98.35546875
08:02:11,912810UD8,TSRYS5870973,D,S,D,2024-10-04,1000000.00,4.248397,98.3515625
08:02:11,912810UD8,TSRYS5870973,D,S,D,2024-10-04,1000000.00,4.248397,98.3515625
08:02:12,912810UD8,TSRYS5870973,D,S,T,2024-10-04,1000000.00,4.249879,98.33203125
08:02:12,912810UD8,TSRYS5870973,D,S,T,2024-10-04,1000000.00,4.249583,98.3359375
08:02:12,912810UD8,TSRYS5870973,D,S,T,2024-10-04,1000000.00,4.249879,98.33203125
08:02:12,912810UD8,TSRYS5870973,D,S,D,2024-10-04,1000000.00,4.249731,98.33398437
08:02:12,912810UD8,TSRYS5870973,D,S,D,2024-10-04,1000000.00,4.249879,98.33203125
08:02:12,912810UD8,TSRYS5870973,D,S,D,2024-10-04,1000000.00,4.249879,98.33203125
08:02:12,912810UD8,TSRYS5870973,D,S,D,2024-10-04,1000000.00,4.249879,98.33203125
08:02:12,912810UD8,TSRYS5870973,D,S,T,2024-10-04,1000000.00,4.250175,98.328125
08:02:12,912810UD8,TSRYS5870973,D,S,T,2024-10-04,1000000.00,4.250175,98.328125
08:02:12,912810UD8,TSRYS5870973,D,S,T,2024-10-04,1000000.00,4.249434,98.33789062
08:02:12,912810UD8,TSRYS5870973,D,S,D,2024-10-04,1000000.00,4.249731,98.33398437
08:02:13,912810UD8,TSRYS5870973,D,S,T,2024-10-04,1000000.00,4.250175,98.328125
08:02:13,912810UD8,TSRYS5870973,D,S,T,2024-10-04,1000000.00,4.250175,98.328125
08:02:13,912810UD8,TSRYS5870973,D,S,T,2024-10-04,1000000.00,4.250175,98.328125
08:02:13,912810UD8,TSRYS5870973,D,S,D,2024-10-04,1000000.00,4.249879,98.33203125
08:02:13,912810UD8,TSRYS5870973,D,S,T,2024-10-04,1000000.00,4.250191,98.327925
08:02:13,912810UD8,TSRYS5870973,D,S,T,2024-10-04,1000000.00,4.250191,98.327925
08:02:13,912810UD8,TSRYS5870973,D,S,D,2024-10-04,1000000.00,4.248101,98.35546875
08:02:13,912810UD8,TSRYS5870973,D,S,C,2024-10-04,1000000.00,4.248249,98.353515625
08:02:13,912810UD8,TSRYS5870973,D,S,C,2024-10-04,1000000.00,4.248249,98.353515625
08:02:13,912810UD8,TSRYS5870973,D,S,D,2024-10-04,1000000.00,4.249879,98.33203125
08:02:13,912810UD8,TSRYS5870973,D,S,D,2024-10-04,1000000.00,4.249583,98.3359375
08:02:13,912810UD8,TSRYS5870973,D,S,D,2024-10-04,1000000.00,4.250175,98.328125
08:02:13,912810UD8,TSRYS5870973,D,S,D,2024-10-04,1000000.00,4.250175,98.328125
08:02:13,912810UD8,TSRYS5870973,D,S,D,2024-10-04,1000000.00,4.249879,98.33203125
08:02:13,912810UD8,TSRYS5870973,D,S,D,2024-10-04,1000000.00,4.249434,98.337890625
08:02:13,912810UD8,TSRYS5870973,D,S,D,2024-10-04,1000000.00,4.250175,98.328125
08:02:14,912810UD8,TSRYS5870973,D,S,C,2024-10-04,1000000.00,4.250175,98.328125
08:02:14,912810UD8,TSRYS5870973,D,S,C,2024-10-04,1000000.00,4.250175,98.328125
08:02:15,912810UD8,TSRYS5870973,D,S,T,2024-10-04,10350000.00,4.161926,99.5
08:02:15,912810UD8,TSRYS5870973,D,B,C,2024-10-04,10350000.00,4.161926,99.5
08:02:16,912810UD8,TSRYS5870973,D,S,A,2024-10-04,1000000.00,4.232719,98.55859375
08:02:17,912810UD8,TSRYS5870973,D,S,C,2024-10-04,1000000.00,4.24899,98.34375
08:02:17,912810UD8,TSRYS5870973,D,S,C,2024-10-04,1000000.00,4.24899,98.34375
08:02:17,912810UD8,TSRYS5870973,D,S,D,2024-10-04,1000000.00,4.248693,98.34765625
08:02:17,912810UD8,TSRYS5870973,D,S,T,2024-10-04,1000000.00,4.248693,98.34765625
08:02:17,912810UD8,TSRYS5870973,D,S,T,2024-10-04,1000000.00,4.248693,98.34765625
08:02:17,912810UD8,TSRYS5870973,D,S,D,2024-10-04,1000000.00,4.24899,98.34375
08:02:17,912810UD8,TSRYS5870973,D,S,D,2024-10-04,1000000.00,4.248693,98.34765625
08:02:17,912810UD8,TSRYS5870973,D,S,T,2024-10-04,1000000.00,4.24899,98.34375
08:02:17,912810UD8,TSRYS5870973,D,S,D,2024-10-04,1000000.00,4.249434,98.33789062
08:02:17,912810UD8,TSRYS5870973,D,S,T,2024-10-04,1000000.00,4.24899,98.34375
08:02:17,912810UD8,TSRYS5870973,D,S,T,2024-10-04,1000000.00,4.249005,98.34355
08:02:17,912810UD8,TSRYS5870973,D,S,T,2024-10-04,1000000.00,4.249005,98.34355
08:02:17,912810UD8,TSRYS5870973,D,S,T,2024-10-04,1000000.00,4.249879,98.33203125
08:02:17,912810UD8,TSRYS5870973,D,S,D,2024-10-04,1000000.00,4.248693,98.34765625
08:02:17,912810UD8,TSRYS5870973,D,S,T,2024-10-04,1000000.00,4.24899,98.34375
08:02:17,912810UD8,TSRYS5870973,D,S,D,2024-10-04,1000000.00,4.249879,98.33203125
08:02:18,912810UD8,TSRYS5870973,D,S,T,2024-10-04,1000000.00,4.24899,98.34375
08:02:18,912810UD8,TSRYS5870973,D,B,C,2024-10-04,2000000.00,4.247212,98.3671875
08:02:18,912810UD8,TSRYS5870973,D,S,D,2024-10-04,1000000.00,4.249434,98.33789062
08:02:18,912810UD8,TSRYS5870973,D,B,C,2024-10-04,1000000.00,4.24899,98.34375
08:02:18,912810UD8,TSRYS5870973,D,S,C,2024-10-04,1000000.00,4.24899,98.34375
08:02:18,912810UD8,TSRYS5870973,D,S,C,2024-10-04,1000000.00,4.248693,98.34765625
08:02:18,912810UD8,TSRYS5870973,D,S,D,2024-10-04,1000000.00,4.248693,98.34765625
08:02:18,912810UD8,TSRYS5870973,D,S,D,2024-10-04,1000000.00,4.24899,98.34375
08:02:18,912810UD8,TSRYS5870973,D,S,D,2024-10-04,1000000.00,4.24899,98.34375
08:02:18,912810UD8,TSRYS5870973,D,S,D,2024-10-04,1000000.00,4.24899,98.34375
08:02:18,912810UD8,TSRYS5870973,D,S,D,2024-10-04,1000000.00,4.24899,98.34375
08:02:18,912810UD8,TSRYS5870973,D,S,D,2024-10-04,1000000.00,4.249879,98.33203125
08:02:18,912810UD8,TSRYS5870973,D,S,T,2024-10-04,1000000.00,4.257303,98.23425
08:02:18,912810UD8,TSRYS5870973,D,S,T,2024-10-04,1000000.00,4.233599,98.546875
08:02:19,912810UD8,TSRYS5870973,D,S,T,2024-10-04,1000000.00,4.257294,98.234375
08:02:19,912810UD8,TSRYS5870973,D,S,T,2024-10-04,1000000.00,4.233452,98.548828125
08:02:19,912810UD8,TSRYS5870973,D,S,T,2024-10-04,1000000.00,4.233599,98.546875
08:02:19,912810UD8,TSRYS5870973,D,S,T,2024-10-04,1000000.00,4.257303,98.23425
08:02:19,912810UD8,TSRYS5870973,D,S,C,2024-10-04,1000000.00,4.250175,98.328125
08:02:19,912810UD8,TSRYS5870973,D,S,T,2024-10-04,1000000.00,4.233599,98.546875
08:02:19,912810UD8,TSRYS5870973,D,S,D,2024-10-04,1000000.00,4.250175,98.328125
08:02:19,912810UD8,TSRYS5870973,D,S,T,2024-10-04,1000000.00,4.250191,98.327925
08:02:19,912810UD8,TSRYS5870973,D,S,T,2024-10-04,1000000.00,4.250191,98.327925
08:02:19,912810UD8,TSRYS5870973,D,S,T,2024-10-04,2000000.00,4.257294,98.234375
08:02:19,912810UD8,TSRYS5870973,D,S,D,2024-10-04,1000000.00,4.24899,98.34375
08:02:19,912810UD8,TSRYS5870973,D,S,D,2024-10-04,1000000.00,4.250175,98.328125
08:02:20,912810UD8,TSRYS5870973,D,S,T,2024-10-04,2000000.00,4.257294,98.234375
08:02:20,912810UD8,TSRYS5870973,D,S,T,2024-10-04,1000000.00,4.257303,98.23425
08:02:20,912810UD8,TSRYS5870973,D,S,D,2024-10-04,1000000.00,4.251658,98.30859375
08:02:20,912810UD8,TSRYS5870973,D,S,T,2024-10-04,2000000.00,4.257311,98.234148
08:02:21,912810UD8,TSRYS5870973,D,S,T,2024-10-04,1000000.00,4.237147,98.5
08:02:21,912810UD8,TSRYS5870973,D,S,T,2024-10-04,1000000.00,4.237147,98.5
08:02:21,912810UD8,TSRYS5870973,D,S,T,2024-10-04,1000000.00,4.237147,98.5
08:02:21,912810UD8,TSRYS5870973,D,S,T,2024-10-04,1000000.00,4.23907,98.474609375
08:02:21,912810UD8,TSRYS5870973,D,S,T,2024-10-04,1000000.00,4.237147,98.5
08:02:21,912810UD8,TSRYS5870973,D,S,T,2024-10-04,1000000.00,4.237147,98.5
08:02:21,912810UD8,TSRYS5870973,D,S,T,2024-10-04,1000000.00,4.237147,98.5
08:02:21,912810UD8,TSRYS5870973,D,S,T,2024-10-04,1000000.00,4.237147,98.5
08:02:21,912810UD8,TSRYS5870973,D,S,D,2024-10-04,2000000.00,4.232175,98.5657063
08:02:21,912810UD8,TSRYS5870973,D,S,T,2024-10-04,1000000.00,4.237147,98.5
08:02:21,912810UD8,TSRYS5870973,D,S,T,2024-10-04,1000000.00,4.23907,98.474609375
08:02:21,912810UD8,TSRYS5870973,D,S,D,2024-10-04,1000000.00,4.23247,98.5618
08:02:21,912810UD8,TSRYS5870973,D,S,D,2024-10-04,1000000.00,4.23247,98.5618
08:02:21,912810UD8,TSRYS5870973,D,S,A,2024-10-04,1340000.00,4.238331,98.484375
08:02:21,912810UD8,TSRYS5870973,D,B,A,2024-10-04,900000.00,4.232122,98.56640625
08:02:21,912810UD8,TSRYS5870973,D,S,A,2024-10-04,255000.00,4.231531,98.57421875
08:02:21,912810UD8,TSRYS5870973,D,S,D,2024-10-04,1000000.00,4.252844,98.29296875
08:02:21,912810UD8,TSRYS5870973,D,S,A,2024-10-04,1200000.00,4.233599,98.546875
08:02:21,912810UD8,TSRYS5870973,D,S,T,2024-10-04,1000000.00,4.23493,98.529296875
08:02:21,912810UD8,TSRYS5870973,D,S,T,2024-10-04,1000000.00,4.234782,98.53125
08:02:21,912810UD8,TSRYS5870973,D,S,T,2024-10-04,1000000.00,4.235965,98.515625
08:02:21,912810UD8,TSRYS5870973,D,S,T,2024-10-04,1000000.00,4.23626,98.51171875
08:02:21,912810UD8,TSRYS5870973,D,S,T,2024-10-04,1000000.00,4.235521,98.521484375
08:02:21,912810UD8,TSRYS5870973,D,S,T,2024-10-04,1000000.00,4.235669,98.51953125
08:02:21,912810UD8,TSRYS5870973,D,S,T,2024-10-04,1000000.00,4.235817,98.517578125
08:02:22,912810UD8,TSRYS5870973,D,S,T,2024-10-04,1000000.00,4.236408,98.509765625
08:02:22,912810UD8,TSRYS5870973,D,S,C,2024-10-04,580000.00,4.236858,98.50390625
08:02:22,912810UD8,TSRYS5870973,D,S,D,2024-10-04,1000000.00,4.251213,98.31445312
08:02:22,912810UD8,TSRYS5870973,D,S,D,2024-10-04,180000.00,4.238035,98.48828125
08:02:22,912810UD8,TSRYS5870973,D,S,A,2024-10-04,590000.00,4.238331,98.484375
08:02:22,912810UD8,TSRYS5870973,D,S,T,2024-10-04,1000000.00,4.251658,98.30859375
08:02:22,912810UD8,TSRYS5870973,D,S,D,2024-10-04,1000000.00,4.251954,98.3046875
08:02:22,912810UD8,TSRYS5870973,D,S,D,2024-10-04,1000000.00,4.251954,98.3046875
08:02:22,912810UD8,TSRYS5870973,D,B,C,2024-10-04,861000.00,4.254061,98.27694375
08:02:22,912810UD8,TSRYS5870973,D,S,D,2024-10-04,1000000.00,4.25062,98.322265625
08:02:22,912810UD8,TSRYS5870973,D,S,D,2024-10-04,1000000.00,4.250472,98.32421875
08:02:22,912810UD8,TSRYS5870973,D,B,C,2024-10-04,50MM+,4.249555,98.3363
08:02:23,912810UD8,TSRYS5870973,D,S,D,2024-10-04,1000000.00,4.251361,98.3125
08:02:23,912810UD8,TSRYS5870973,D,S,D,2024-10-04,1000000.00,4.251361,98.3125
08:02:23,912810UD8,TSRYS5870973,D,S,D,2024-10-04,1000000.00,4.251361,98.3125
08:02:25,912810UD8,TSRYS5870973,D,S,D,2024-10-04,1000000.00,4.252399,98.298828125
08:02:25,912810UD8,TSRYS5870973,D,B,C,2024-10-04,1000000.00,4.240709,98.452973
08:02:25,912810UD8,TSRYS5870973,D,S,D,2024-10-04,1000000.00,4.240698,98.453125
08:02:25,912810UD8,TSRYS5870973,D,S,D,2024-10-04,1000000.00,4.255365,98.259765625
08:02:26,912810UD8,TSRYS5870973,D,B,C,2024-10-04,10000000.00,4.236331,98.51078
08:02:26,912810UD8,TSRYS5870973,D,S,D,2024-10-04,1000000.00,4.237147,98.5
08:02:26,912810UD8,TSRYS5870973,D,S,D,2024-10-04,1000000.00,4.252696,98.294921875
08:02:26,912810UD8,TSRYS5870973,D,S,D,2024-10-04,1000000.00,4.237147,98.5
08:02:26,912810UD8,TSRYS5870973,D,B,C,2024-10-04,1000000.00,4.251509,98.31054687
08:02:26,912810UD8,TSRYS5870973,D,S,D,2024-10-04,1000000.00,4.251361,98.3125
08:02:26,912810UD8,TSRYS5870973,D,S,D,2024-10-04,1000000.00,4.251213,98.314453125
08:02:26,912810UD8,TSRYS5870973,D,S,D,2024-10-04,1000000.00,4.251213,98.314453125
08:02:26,912810UD8,TSRYS5870973,D,S,D,2024-10-04,1000000.00,4.235965,98.515625
08:02:26,912810UD8,TSRYS5870973,D,S,D,2024-10-04,1000000.00,4.25062,98.322265625
08:02:26,912810UD8,TSRYS5870973,D,S,D,2024-10-04,1000000.00,4.25062,98.322265625
08:02:27,912810UD8,TSRYS5870973,D,S,D,2024-10-04,1000000.00,4.251361,98.3125
08:02:27,912810UD8,TSRYS5870973,D,S,D,2024-10-04,1000000.00,4.251361,98.3125
08:02:27,912810UD8,TSRYS5870973,D,S,D,2024-10-04,1000000.00,4.251213,98.314453125
08:02:27,912810UD8,TSRYS5870973,D,S,D,2024-10-04,1000000.00,4.251213,98.314453125
08:02:28,912810UD8,TSRYS5870973,D,S,A,2024-10-04,190000.00,4.237147,98.5
08:02:28,912810UD8,TSRYS5870973,D,S,D,2024-10-04,1000000.00,4.252844,98.29296875
08:02:28,912810UD8,TSRYS5870973,D,S,T,2024-10-04,1000000.00,4.252399,98.29882812
08:02:28,912810UD8,TSRYS5870973,D,S,D,2024-10-04,1000000.00,4.252399,98.29882812
08:02:28,912810UD8,TSRYS5870973,D,S,D,2024-10-04,1000000.00,4.252547,98.296875
08:02:28,912810UD8,TSRYS5870973,D,S,D,2024-10-04,1000000.00,4.252547,98.296875
08:02:30,912810UD8,TSRYS5870973,D,S,T,2024-10-04,1000000.00,4.255365,98.25976562
08:02:30,912810UD8,TSRYS5870973,D,S,D,2024-10-04,1000000.00,4.255365,98.25976562
08:02:30,912810UD8,TSRYS5870973,D,S,D,2024-10-04,1000000.00,4.255365,98.25976562
08:02:30,912810UD8,TSRYS5870973,D,S,C,2024-10-04,1000000.00,4.255365,98.25976562
08:02:30,912810UD8,TSRYS5870973,D,S,T,2024-10-04,1000000.00,4.252562,98.296675
08:02:30,912810UD8,TSRYS5870973,D,S,T,2024-10-04,1000000.00,4.252562,98.296675
08:02:31,912810UD8,TSRYS5870973,D,S,D,2024-10-04,2000000.00,4.233599,98.546875
08:02:31,912810UD8,TSRYS5870973,D,B,C,2024-10-04,2000000.00,4.233599,98.546875
08:02:31,912810UD8,TSRYS5870973,D,B,C,2024-10-04,11000000.00,4.253642,98.28245
08:02:32,912810UD8,TSRYS5870973,D,B,C,2024-10-04,1000000.00,4.253437,98.28515625
08:02:32,912810UD8,TSRYS5870973,D,S,D,2024-10-04,1000000.00,4.253734,98.28125
08:02:32,912810UD8,TSRYS5870973,D,S,A,2024-10-04,5330000.00,4.229468,98.6015625
08:02:32,912810UD8,TSRYS5870973,D,S,A,2024-10-04,938000.00,4.233008,98.5546875
08:02:32,912810UD8,TSRYS5870973,D,B,C,2024-10-04,1000000.00,4.234793,98.531098
08:02:32,912810UD8,TSRYS5870973,D,S,D,2024-10-04,1000000.00,4.234772,98.53138
08:02:33,912810UD8,TSRYS5870973,D,S,D,2024-10-04,1000000.00,4.234772,98.53138
08:02:33,912810UD8,TSRYS5870973,D,B,C,2024-10-04,1000000.00,4.250916,98.31835937
08:02:33,912810UD8,TSRYS5870973,D,S,T,2024-10-04,1000000.00,4.251361,98.3125
08:02:33,912810UD8,TSRYS5870973,D,S,T,2024-10-04,1000000.00,4.251213,98.31445312
08:02:33,912810UD8,TSRYS5870973,D,S,T,2024-10-04,1000000.00,4.251213,98.31445312
08:02:33,912810UD8,TSRYS5870973,D,S,T,2024-10-04,1000000.00,4.25062,98.32226562
08:02:33,912810UD8,TSRYS5870973,D,S,T,2024-10-04,1000000.00,4.25062,98.32226562
08:02:33,912810UD8,TSRYS5870973,D,S,T,2024-10-04,1000000.00,4.233599,98.546875
08:02:33,912810UD8,TSRYS5870973,D,S,T,2024-10-04,1000000.00,4.233599,98.546875
08:02:33,912810UD8,TSRYS5870973,D,S,D,2024-10-04,1000000.00,4.250472,98.32421875
08:02:33,912810UD8,TSRYS5870973,D,S,T,2024-10-04,1000000.00,4.233599,98.546875
08:02:33,912810UD8,TSRYS5870973,D,S,D,2024-10-04,1000000.00,4.251361,98.3125
08:02:33,912810UD8,TSRYS5870973,D,S,T,2024-10-04,1000000.00,4.233607,98.546775
08:02:33,912810UD8,TSRYS5870973,D,S,D,2024-10-04,1000000.00,4.25062,98.32226562
08:02:33,912810UD8,TSRYS5870973,D,S,C,2024-10-04,1000000.00,4.25062,98.32226562
08:02:34,912810UD8,TSRYS5870973,D,S,D,2024-10-04,1000000.00,4.251509,98.31054687
08:02:34,912810UD8,TSRYS5870973,D,B,C,2024-10-04,1000000.00,4.233599,98.546875
08:02:34,912810UD8,TSRYS5870973,D,S,C,2024-10-04,1000000.00,4.233582,98.547102
08:02:34,912810UD8,TSRYS5870973,D,S,C,2024-10-04,1000000.00,4.233582,98.547102
08:02:34,912810UD8,TSRYS5870973,D,B,C,2024-10-04,1000000.00,4.233599,98.546875
08:02:34,912810UD8,TSRYS5870973,D,S,D,2024-10-04,1000000.00,4.251361,98.3125
08:02:34,912810UD8,TSRYS5870973,D,S,C,2024-10-04,1000000.00,4.233582,98.547102
08:02:34,912810UD8,TSRYS5870973,D,S,D,2024-10-04,1000000.00,4.251361,98.3125
08:02:34,912810UD8,TSRYS5870973,D,S,C,2024-10-04,1000000.00,4.251509,98.31054687
08:02:34,912810UD8,TSRYS5870973,D,S,D,2024-10-04,2000000.00,4.250916,98.31835937
08:02:34,912810UD8,TSRYS5870973,D,S,T,2024-10-04,1000000.00,4.251361,98.3125
08:02:34,912810UD8,TSRYS5870973,D,S,D,2024-10-04,1000000.00,4.251361,98.3125
08:02:34,912810UD8,TSRYS5870973,D,S,C,2024-10-04,1000000.00,4.251361,98.3125
08:02:35,912810UD8,TSRYS5870973,D,S,C,2024-10-04,1000000.00,4.251361,98.3125
08:02:35,912810UD8,TSRYS5870973,D,S,D,2024-10-04,1000000.00,4.251361,98.3125
08:02:35,912810UD8,TSRYS5870973,D,S,T,2024-10-04,1000000.00,4.251361,98.3125
08:02:35,912810UD8,TSRYS5870973,D,S,C,2024-10-04,1000000.00,4.251361,98.3125
08:02:35,912810UD8,TSRYS5870973,D,S,D,2024-10-04,1000000.00,4.251213,98.31445312
08:02:35,912810UD8,TSRYS5870973,D,S,T,2024-10-04,1000000.00,4.251213,98.31445312
08:02:35,912810UD8,TSRYS5870973,D,S,T,2024-10-04,1000000.00,4.251213,98.31445312
08:02:35,912810UD8,TSRYS5870973,D,S,D,2024-10-04,2000000.00,4.250916,98.31835937
08:02:36,912810UD8,TSRYS5870973,D,S,C,2024-10-04,1000000.00,4.257294,98.234375
08:02:36,912810UD8,TSRYS5870973,D,S,D,2024-10-04,2000000.00,4.257294,98.234375
08:02:36,912810UD8,TSRYS5870973,D,S,D,2024-10-04,2000000.00,4.257294,98.234375
08:02:36,912810UD8,TSRYS5870973,D,B,C,2024-10-04,1000000.00,4.250175,98.328125
08:02:36,912810UD8,TSRYS5870973,D,B,C,2024-10-04,1000000.00,4.250175,98.328125
08:02:36,912810UD8,TSRYS5870973,D,B,C,2024-10-04,1000000.00,4.250175,98.328125
08:02:36,912810UD8,TSRYS5870973,D,S,A,2024-10-04,5500.00,4.229758,98.59765625
08:02:36,912810UD8,TSRYS5870973,D,S,C,2024-10-04,1000000.00,4.2324,98.562727
08:02:36,912810UD8,TSRYS5870973,D,B,C,2024-10-04,1000000.00,4.232417,98.5625
08:02:36,912810UD8,TSRYS5870973,D,S,C,2024-10-04,1000000.00,4.2324,98.562727
08:02:36,912810UD8,TSRYS5870973,D,S,C,2024-10-04,1000000.00,4.2324,98.562727
08:02:36,912810UD8,TSRYS5870973,D,B,C,2024-10-04,1000000.00,4.232417,98.5625
08:02:38,912810UD8,TSRYS5870973,D,S,D,2024-10-04,1000000.00,4.230201,98.59179687
08:02:38,912810UD8,TSRYS5870973,D,B,C,2024-10-04,1000000.00,4.230201,98.59179687
08:02:38,912810UD8,TSRYS5870973,D,B,C,2024-10-04,1000000.00,4.233615,98.546675
08:02:38,912810UD8,TSRYS5870973,D,S,D,2024-10-04,1000000.00,4.233599,98.546875
08:02:38,912810UD8,TSRYS5870973,D,S,D,2024-10-04,1000000.00,4.233599,98.546875
08:02:38,912810UD8,TSRYS5870973,D,S,D,2024-10-04,1000000.00,4.233599,98.546875
08:02:38,912810UD8,TSRYS5870973,D,S,D,2024-10-04,1000000.00,4.233599,98.546875
08:02:39,912810UD8,TSRYS5870973,D,S,D,2024-10-04,1000000.00,4.232417,98.5625
08:02:39,912810UD8,TSRYS5870973,D,S,A,2024-10-04,5000000.00,4.250175,98.328125
08:02:39,912810UD8,TSRYS5870973,D,S,C,2024-10-04,50000000.00,4.251541,98.31013
08:02:40,912810UD8,TSRYS5870973,D,B,C,2024-10-04,1000000.00,4.233615,98.546675
08:02:40,912810UD8,TSRYS5870973,D,S,D,2024-10-04,1000000.00,4.23359,98.547005
08:02:41,912810UD8,TSRYS5870973,D,S,A,2024-10-04,1000000.00,4.237739,98.4921875
08:02:43,912810UD8,TSRYS5870973,D,B,C,2024-10-04,1000000.00,4.253734,98.28125
08:02:43,912810UD8,TSRYS5870973,D,S,D,2024-10-04,3000000.00,4.253727,98.28134
08:02:44,912810UD8,TSRYS5870973,D,S,D,2024-10-04,13000000.00,4.235185,98.52592
08:02:44,912810UD8,TSRYS5870973,D,S,A,2024-10-04,484000.00,4.23094,98.58203125
08:02:45,912810UD8,TSRYS5870973,D,S,D,2024-10-04,1000000.00,4.235965,98.515625
08:02:45,912810UD8,TSRYS5870973,D,S,D,2024-10-04,1000000.00,4.235965,98.515625
08:02:45,912810UD8,TSRYS5870973,D,B,C,2024-10-04,1000000.00,4.23598,98.515425
08:02:45,912810UD8,TSRYS5870973,D,S,D,2024-10-04,1000000.00,4.235965,98.515625
08:02:45,912810UD8,TSRYS5870973,D,B,C,2024-10-04,1000000.00,4.235978,98.51545
08:02:45,912810UD8,TSRYS5870973,D,S,A,2024-10-04,190000.00,4.231531,98.57421875
08:02:46,912810UD8,TSRYS5870973,D,S,D,2024-10-04,1000000.00,4.237147,98.5
08:02:46,912810UD8,TSRYS5870973,D,S,D,2024-10-04,1000000.00,4.237147,98.5
08:02:46,912810UD8,TSRYS5870973,D,B,C,2024-10-04,1000000.00,4.237164,98.499775
08:02:46,912810UD8,TSRYS5870973,D,B,C,2024-10-04,1000000.00,4.237147,98.5
08:02:46,912810UD8,TSRYS5870973,D,S,D,2024-10-04,1000000.00,4.237147,98.5
08:02:46,912810UD8,TSRYS5870973,D,S,D,2024-10-04,1000000.00,4.237147,98.5
08:02:46,912810UD8,TSRYS5870973,D,S,D,2024-10-04,1000000.00,4.237147,98.5
08:02:46,912810UD8,TSRYS5870973,D,S,D,2024-10-04,1000000.00,4.237147,98.5
08:02:46,912810UD8,TSRYS5870973,D,S,D,2024-10-04,1000000.00,4.237147,98.5
08:02:46,912810UD8,TSRYS5870973,D,S,D,2024-10-04,1000000.00,4.237147,98.5
08:02:46,912810UD8,TSRYS5870973,D,S,D,2024-10-04,1000000.00,4.237147,98.5
08:02:46,912810UD8,TSRYS5870973,D,S,D,2024-10-04,1000000.00,4.237147,98.5
08:02:46,912810UD8,TSRYS5870973,D,S,D,2024-10-04,1000000.00,4.237147,98.5
08:02:46,912810UD8,TSRYS5870973,D,B,C,2024-10-04,2000000.00,4.239514,98.46875
08:02:46,912810UD8,TSRYS5870973,D,B,C,2024-10-04,1000000.00,4.239529,98.46855
08:02:46,912810UD8,TSRYS5870973,D,S,D,2024-10-04,2000000.00,4.239514,98.46875
08:02:46,912810UD8,TSRYS5870973,D,S,D,2024-10-04,2000000.00,4.239514,98.46875
08:02:46,912810UD8,TSRYS5870973,D,B,C,2024-10-04,2000000.00,4.239514,98.46875
08:02:46,912810UD8,TSRYS5870973,D,S,D,2024-10-04,1000000.00,4.239514,98.46875
08:02:46,912810UD8,TSRYS5870973,D,S,D,2024-10-04,1000000.00,4.239514,98.46875
08:02:46,912810UD8,TSRYS5870973,D,S,A,2024-10-04,820000.00,4.232417,98.5625
08:02:46,912810UD8,TSRYS5870973,D,S,A,2024-10-04,3000000.00,4.231826,98.5703125
08:02:47,912810UD8,TSRYS5870973,D,B,C,2024-10-04,1000000.00,4.235978,98.51545
08:02:47,912810UD8,TSRYS5870973,D,B,C,2024-10-04,1000000.00,4.23598,98.515425
08:02:47,912810UD8,TSRYS5870973,D,S,C,2024-10-04,1000000.00,4.235965,98.515625
08:02:47,912810UD8,TSRYS5870973,D,S,C,2024-10-04,1000000.00,4.235949,98.515825
08:02:47,912810UD8,TSRYS5870973,D,B,C,2024-10-04,1000000.00,4.235965,98.515625
08:02:47,912810UD8,TSRYS5870973,D,B,C,2024-10-04,1000000.00,4.235965,98.515625
08:02:48,912810UD8,TSRYS5870973,D,S,C,2024-10-04,1000000.00,4.235965,98.515625
08:02:48,912810UD8,TSRYS5870973,D,S,C,2024-10-04,1000000.00,4.235965,98.515625
08:02:50,912810UD8,TSRYS5870973,D,S,C,2024-10-04,1000000.00,4.235949,98.515825
08:02:50,912810UD8,TSRYS5870973,D,S,C,2024-10-04,1000000.00,4.233588,98.547025
08:02:50,912810UD8,TSRYS5870973,D,S,D,2024-10-04,1000000.00,4.233599,98.546875
08:02:50,912810UD8,TSRYS5870973,D,B,C,2024-10-04,1000000.00,4.233599,98.546875
08:02:50,912810UD8,TSRYS5870973,D,B,C,2024-10-04,1000000.00,4.233599,98.546875
08:02:50,912810UD8,TSRYS5870973,D,S,A,2024-10-04,1000000.00,4.228872,98.609375
08:02:50,912810UD8,TSRYS5870973,D,S,T,2024-10-04,1000000.00,4.256255,98.248046875
08:02:50,912810UD8,TSRYS5870973,D,S,D,2024-10-04,1000000.00,4.232417,98.5625
08:02:50,912810UD8,TSRYS5870973,D,S,D,2024-10-04,1000000.00,4.232417,98.5625
08:02:50,912810UD8,TSRYS5870973,D,S,D,2024-10-04,1000000.00,4.232417,98.5625
08:02:50,912810UD8,TSRYS5870973,D,S,D,2024-10-04,1000000.00,4.232417,98.5625
08:02:50,912810UD8,TSRYS5870973,D,S,D,2024-10-04,1000000.00,4.232417,98.5625
08:02:51,912810UD8,TSRYS5870973,D,S,D,2024-10-04,1000000.00,4.232417,98.5625
08:02:51,912810UD8,TSRYS5870973,D,S,D,2024-10-04,1000000.00,4.232417,98.5625
08:02:51,912810UD8,TSRYS5870973,D,S,D,2024-10-04,1000000.00,4.232417,98.5625
08:02:51,912810UD8,TSRYS5870973,D,S,D,2024-10-04,1000000.00,4.232417,98.5625
08:02:51,912810UD8,TSRYS5870973,D,S,C,2024-10-04,1000000.00,4.232402,98.5627
08:02:51,912810UD8,TSRYS5870973,D,B,C,2024-10-04,1000000.00,4.232417,98.5625
08:02:52,912810UD8,TSRYS5870973,D,B,C,2024-10-04,1000000.00,4.233599,98.546875
08:02:52,912810UD8,TSRYS5870973,D,S,C,2024-10-04,1000000.00,4.233588,98.547027
08:02:52,912810UD8,TSRYS5870973,D,S,D,2024-10-04,1000000.00,4.233599,98.546875
08:02:52,912810UD8,TSRYS5870973,D,S,C,2024-10-04,4570000.00,4.252251,98.30078125
08:02:52,912810UD8,TSRYS5870973,D,S,D,2024-10-04,1000000.00,4.232417,98.5625
08:02:52,912810UD8,TSRYS5870973,D,S,D,2024-10-04,1000000.00,4.232417,98.5625
08:02:53,912810UD8,TSRYS5870973,D,S,D,2024-10-04,1000.00,4.254296,98.2738375
08:02:53,912810UD8,TSRYS5870973,D,S,D,2024-10-04,1000000.00,4.232417,98.5625
08:02:54,912810UD8,TSRYS5870973,D,S,D,2024-10-04,1000000.00,4.231235,98.578125
08:02:54,912810UD8,TSRYS5870973,D,S,D,2024-10-04,1000000.00,4.231235,98.578125
08:02:54,912810UD8,TSRYS5870973,D,B,C,2024-10-04,1000000.00,4.231235,98.578125
08:02:54,912810UD8,TSRYS5870973,D,B,C,2024-10-04,1000000.00,4.231235,98.578125
08:02:54,912810UD8,TSRYS5870973,D,S,D,2024-10-04,1000.00,4.254296,98.2738375
08:02:55,912810UD8,TSRYS5870973,D,S,D,2024-10-04,1000000.00,4.228872,98.609375
08:02:57,912810UD8,TSRYS5870973,D,S,D,2024-10-04,1000000.00,4.231235,98.578125
08:02:57,912810UD8,TSRYS5870973,D,B,C,2024-10-04,1000000.00,4.231235,98.578125
08:02:57,912810UD8,TSRYS5870973,D,S,C,2024-10-04,1000000.00,4.231235,98.578125
08:02:57,912810UD8,TSRYS5870973,D,B,C,2024-10-04,1000000.00,4.231235,98.578125
08:02:57,912810UD8,TSRYS5870973,D,S,C,2024-10-04,1000000.00,4.232406,98.562652
08:02:57,912810UD8,TSRYS5870973,D,S,D,2024-10-04,1000000.00,4.232407,98.56263
08:02:57,912810UD8,TSRYS5870973,D,S,D,2024-10-04,1000000.00,4.232407,98.56263
08:03:00,912810UD8,TSRYS5870973,D,S,D,2024-10-04,1000000.00,4.232417,98.5625
08:03:00,912810UD8,TSRYS5870973,D,S,D,2024-10-04,1000000.00,4.232417,98.5625
08:03:00,912810UD8,TSRYS5870973,D,B,C,2024-10-04,1000000.00,4.232431,98.562325
08:03:04,912810UD8,TSRYS5870973,D,S,D,2024-10-04,1000000.00,4.234782,98.53125
08:03:04,912810UD8,TSRYS5870973,D,S,D,2024-10-04,2000000.00,4.234782,98.53125
08:03:04,912810UD8,TSRYS5870973,D,S,D,2024-10-04,1000000.00,4.234782,98.53125
08:03:04,912810UD8,TSRYS5870973,D,S,C,2024-10-04,1000000.00,4.256202,98.2487469
08:03:04,912810UD8,TSRYS5870973,D,B,C,2024-10-04,2000000.00,4.234782,98.53125
08:03:04,912810UD8,TSRYS5870973,D,B,C,2024-10-04,1000000.00,4.232431,98.562325
08:03:05,912810UD8,TSRYS5870973,D,S,C,2024-10-04,1000000.00,4.232402,98.5627
08:03:05,912810UD8,TSRYS5870973,D,B,C,2024-10-04,1000000.00,4.232431,98.562325
08:03:05,912810UD8,TSRYS5870973,D,S,C,2024-10-04,1000000.00,4.232402,98.5627
08:03:05,912810UD8,TSRYS5870973,D,S,C,2024-10-04,1000000.00,4.232402,98.5627
08:03:07,912810UD8,TSRYS5870973,D,B,C,2024-10-04,1000000.00,4.230054,98.59375
08:03:07,912810UD8,TSRYS5870973,D,B,C,2024-10-04,1000000.00,4.230054,98.59375
08:03:07,912810UD8,TSRYS5870973,D,S,C,2024-10-04,1000000.00,4.230039,98.59395
08:03:07,912810UD8,TSRYS5870973,D,S,C,2024-10-04,1000000.00,4.230039,98.59395
08:03:07,912810UD8,TSRYS5870973,D,S,C,2024-10-04,1000000.00,4.228872,98.609375
08:03:07,912810UD8,TSRYS5870973,D,S,D,2024-10-04,1000000.00,4.228872,98.609375
08:03:07,912810UD8,TSRYS5870973,D,B,C,2024-10-04,1000000.00,4.228872,98.609375
08:03:07,912810UD8,TSRYS5870973,D,B,C,2024-10-04,1000000.00,4.228872,98.609375
08:03:08,912810UD8,TSRYS5870973,D,S,D,2024-10-04,1000000.00,4.230044,98.59388
08:03:08,912810UD8,TSRYS5870973,D,B,C,2024-10-04,1000000.00,4.231235,98.578125
08:03:08,912810UD8,TSRYS5870973,D,S,D,2024-10-04,1000000.00,4.231235,98.578125
08:03:09,912810UD8,TSRYS5870973,D,B,C,2024-10-04,1000000.00,4.23125,98.577925
08:03:09,912810UD8,TSRYS5870973,D,S,C,2024-10-04,1000000.00,4.231235,98.578125
08:03:09,912810UD8,TSRYS5870973,D,S,D,2024-10-04,1000000.00,4.231235,98.578125
08:03:09,912810UD8,TSRYS5870973,D,B,C,2024-10-04,1000000.00,4.23125,98.577925
08:03:10,912810UD8,TSRYS5870973,D,B,A,2024-10-04,500000.00,4.253734,98.28125
08:03:10,912810UD8,TSRYS5870973,D,S,D,2024-10-04,1000000.00,4.233599,98.546875
08:03:10,912810UD8,TSRYS5870973,D,S,D,2024-10-04,1000000.00,4.233599,98.546875
08:03:10,912810UD8,TSRYS5870973,D,S,D,2024-10-04,1000000.00,4.233599,98.546875
08:03:11,912810UD8,TSRYS5870973,D,S,D,2024-10-04,1000000.00,4.233599,98.546875
08:03:11,912810UD8,TSRYS5870973,D,S,A,2024-10-04,500000.00,4.232417,98.5625
08:03:11,912810UD8,TSRYS5870973,D,S,D,2024-10-04,1000000.00,4.233599,98.546875
08:03:11,912810UD8,TSRYS5870973,D,S,A,2024-10-04,100000.00,4.232122,98.56640625
08:03:11,912810UD8,TSRYS5870973,D,S,A,2024-10-04,200000.00,4.230349,98.58984375
08:03:12,912810UD8,TSRYS5870973,D,B,C,2024-10-04,1000000.00,4.234782,98.53125
08:03:12,912810UD8,TSRYS5870973,D,B,C,2024-10-04,1000000.00,4.234782,98.53125
08:03:12,912810UD8,TSRYS5870973,D,S,C,2024-10-04,1000000.00,4.234782,98.53125
08:03:12,912810UD8,TSRYS5870973,D,S,D,2024-10-04,1000000.00,4.234782,98.53125
08:03:12,912810UD8,TSRYS5870973,D,S,D,2024-10-04,1000000.00,4.234772,98.53138
08:03:12,912810UD8,TSRYS5870973,D,B,C,2024-10-04,1000000.00,4.234799,98.531025
08:03:12,912810UD8,TSRYS5870973,D,S,D,2024-10-04,1000000.00,4.23359,98.547005
08:03:12,912810UD8,TSRYS5870973,D,B,C,2024-10-04,1000000.00,4.233599,98.546875
08:03:12,912810UD8,TSRYS5870973,D,S,D,2024-10-04,1000000.00,4.23359,98.547005
08:03:12,912810UD8,TSRYS5870973,D,S,D,2024-10-04,1000000.00,4.23359,98.547005
08:03:12,912810UD8,TSRYS5870973,D,B,C,2024-10-04,1000000.00,4.233615,98.546675
08:03:13,912810UD8,TSRYS5870973,D,B,C,2024-10-04,1000000.00,4.233599,98.546875
08:03:13,912810UD8,TSRYS5870973,D,B,C,2024-10-04,1000000.00,4.233599,98.546875
08:03:13,912810UD8,TSRYS5870973,D,S,C,2024-10-04,1000000.00,4.233599,98.546875
08:03:13,912810UD8,TSRYS5870973,D,S,D,2024-10-04,1000000.00,4.233599,98.546875
08:03:13,912810UD8,TSRYS5870973,D,B,C,2024-10-04,1000000.00,4.234797,98.53105
08:03:13,912810UD8,TSRYS5870973,D,S,D,2024-10-04,1000000.00,4.234782,98.53125
08:03:13,912810UD8,TSRYS5870973,D,S,D,2024-10-04,1000000.00,4.234782,98.53125
08:03:13,912810UD8,TSRYS5870973,D,S,D,2024-10-04,1000000.00,4.234782,98.53125
08:03:13,912810UD8,TSRYS5870973,D,B,C,2024-10-04,1000000.00,4.234782,98.53125
08:03:13,912810UD8,TSRYS5870973,D,S,D,2024-10-04,1000000.00,4.234782,98.53125
08:03:13,912810UD8,TSRYS5870973,D,S,D,2024-10-04,1000000.00,4.234782,98.53125
08:03:15,912810UD8,TSRYS5870973,D,B,C,2024-10-04,1000000.00,4.237147,98.5
08:03:15,912810UD8,TSRYS5870973,D,B,C,2024-10-04,1000000.00,4.237147,98.5
08:03:15,912810UD8,TSRYS5870973,D,S,D,2024-10-04,1000000.00,4.237147,98.5
08:03:15,912810UD8,TSRYS5870973,D,S,D,2024-10-04,1000000.00,4.237147,98.5
08:03:15,912810UD8,TSRYS5870973,D,S,D,2024-10-04,1000000.00,4.237147,98.5
08:03:15,912810UD8,TSRYS5870973,D,S,D,2024-10-04,1000000.00,4.237147,98.5
08:03:15,912810UD8,TSRYS5870973,D,S,D,2024-10-04,1000000.00,4.237147,98.5
08:03:15,912810UD8,TSRYS5870973,D,S,D,2024-10-04,1000000.00,4.237147,98.5
08:03:15,912810UD8,TSRYS5870973,D,S,C,2024-10-04,1000000.00,4.234771,98.5314
08:03:15,912810UD8,TSRYS5870973,D,S,A,2024-10-04,1000000.00,4.235965,98.515625
08:03:16,912810UD8,TSRYS5870973,D,S,D,2024-10-04,1000000.00,4.234782,98.53125
08:03:16,912810UD8,TSRYS5870973,D,S,D,2024-10-04,1000000.00,4.234782,98.53125
08:03:16,912810UD8,TSRYS5870973,D,B,C,2024-10-04,1000000.00,4.234782,98.53125
08:03:16,912810UD8,TSRYS5870973,D,S,D,2024-10-04,1000000.00,4.234782,98.53125
08:03:16,912810UD8,TSRYS5870973,D,S,D,2024-10-04,1000000.00,4.232417,98.5625
08:03:16,912810UD8,TSRYS5870973,D,S,D,2024-10-04,1000000.00,4.232417,98.5625
08:03:16,912810UD8,TSRYS5870973,D,S,D,2024-10-04,1000000.00,4.233599,98.546875
08:03:16,912810UD8,TSRYS5870973,D,S,C,2024-10-04,1000000.00,4.232406,98.56265
08:03:16,912810UD8,TSRYS5870973,D,S,C,2024-10-04,1000000.00,4.232406,98.56265
08:03:17,912810UD8,TSRYS5870973,D,S,D,2024-10-04,1000000.00,4.232417,98.5625
08:03:17,912810UD8,TSRYS5870973,D,S,C,2024-10-04,1000000.00,4.232406,98.56265
08:03:17,912810UD8,TSRYS5870973,D,S,D,2024-10-04,1000000.00,4.232417,98.5625
08:03:17,912810UD8,TSRYS5870973,D,S,C,2024-10-04,1000000.00,4.230054,98.59375
08:03:17,912810UD8,TSRYS5870973,D,S,D,2024-10-04,1000000.00,4.230054,98.59375
08:03:17,912810UD8,TSRYS5870973,D,S,D,2024-10-04,1000000.00,4.230054,98.59375
08:03:19,912810UD8,TSRYS5870973,D,S,D,2024-10-04,1000000.00,4.231235,98.578125
08:03:20,912810UD8,TSRYS5870973,D,S,T,2024-10-04,1000000.00,4.251361,98.3125
08:03:20,912810UD8,TSRYS5870973,D,S,T,2024-10-04,2000000.00,4.251361,98.3125
08:03:25,912810UD8,TSRYS5870973,D,S,D,2024-10-04,1000000.00,4.228872,98.609375
08:03:25,912810UD8,TSRYS5870973,D,S,D,2024-10-04,2000000.00,4.227691,98.625
08:03:25,912810UD8,TSRYS5870973,D,S,D,2024-10-04,1000000.00,4.227691,98.625
08:03:25,912810UD8,TSRYS5870973,D,B,C,2024-10-04,1000000.00,4.227706,98.6248
08:03:25,912810UD8,TSRYS5870973,D,B,C,2024-10-04,2000000.00,4.227691,98.625
08:03:26,912810UD8,TSRYS5870973,D,B,A,2024-10-04,480000.00,4.257294,98.234375
08:03:28,912810UD8,TSRYS5870973,D,S,D,2024-10-04,1000000.00,4.22651,98.640625
08:03:28,912810UD8,TSRYS5870973,D,S,C,2024-10-04,1000000.00,4.226495,98.640825
08:03:28,912810UD8,TSRYS5870973,D,S,C,2024-10-04,1000000.00,4.22651,98.640625
08:03:28,912810UD8,TSRYS5870973,D,S,D,2024-10-04,1000000.00,4.2265,98.640755
08:03:31,912810UD8,TSRYS5870973,D,S,T,2024-10-04,1000000.00,4.256404,98.24609375
08:03:32,912810UD8,TSRYS5870973,D,S,C,2024-10-04,19000000.00,4.251658,98.30859375
08:03:32,912810UD8,TSRYS5870973,D,S,C,2024-10-04,63000.00,4.230054,98.59375
08:03:32,912810UD8,TSRYS5870973,D,S,D,2024-10-04,1000000.00,4.228862,98.609505
08:03:33,912810UD8,TSRYS5870973,D,B,A,2024-10-04,190000.00,4.231531,98.57421875
08:03:33,912810UD8,TSRYS5870973,D,B,C,2024-10-04,190000.00,4.231531,98.57421875
08:03:34,912810UD8,TSRYS5870973,D,S,D,2024-10-04,1000000.00,4.256404,98.24609375
08:03:34,912810UD8,TSRYS5870973,D,S,D,2024-10-04,202000.00,4.248397,98.3515625
08:03:34,912810UD8,TSRYS5870973,D,S,A,2024-10-04,4200000.00,4.250472,98.32421875
08:03:34,912810UD8,TSRYS5870973,D,S,D,2024-10-04,1420000.00,4.25314,98.2890625
08:03:34,912810UD8,TSRYS5870973,D,S,C,2024-10-04,4200000.00,4.250472,98.32421875
08:03:34,912810UD8,TSRYS5870973,D,B,A,2024-10-04,4200000.00,4.250472,98.32421875
08:03:34,912810UD8,TSRYS5870973,D,S,D,2024-10-04,1000000.00,4.232417,98.5625
08:03:34,912810UD8,TSRYS5870973,D,B,C,2024-10-04,1000000.00,4.232434,98.562275
08:03:34,912810UD8,TSRYS5870973,D,S,D,2024-10-04,1000000.00,4.232407,98.56263
08:03:35,912810UD8,TSRYS5870973,D,S,C,2024-10-04,1000000.00,4.231235,98.578125
08:03:35,912810UD8,TSRYS5870973,D,S,D,2024-10-04,1000000.00,4.228862,98.609505
08:03:36,912810UD8,TSRYS5870973,D,B,C,2024-10-04,1000000.00,4.230065,98.5936
08:03:36,912810UD8,TSRYS5870973,D,B,C,2024-10-04,1000000.00,4.230065,98.5936
08:03:36,912810UD8,TSRYS5870973,D,S,C,2024-10-04,1000000.00,4.230039,98.59395
08:03:36,912810UD8,TSRYS5870973,D,S,C,2024-10-04,1000000.00,4.230039,98.59395
08:03:36,912810UD8,TSRYS5870973,D,B,C,2024-10-04,1000000.00,4.230065,98.5936
08:03:36,912810UD8,TSRYS5870973,D,S,C,2024-10-04,1000000.00,4.230054,98.59375
08:03:36,912810UD8,TSRYS5870973,D,B,C,2024-10-04,1000000.00,4.230065,98.5936
08:03:36,912810UD8,TSRYS5870973,D,S,D,2024-10-04,1000000.00,4.230054,98.59375
08:03:36,912810UD8,TSRYS5870973,D,S,D,2024-10-04,1000000.00,4.230054,98.59375
08:03:36,912810UD8,TSRYS5870973,D,B,C,2024-10-04,1000000.00,4.230065,98.5936
08:03:36,912810UD8,TSRYS5870973,D,B,C,2024-10-04,1000000.00,4.230069,98.59355
08:03:36,912810UD8,TSRYS5870973,D,S,C,2024-10-04,1000000.00,4.230046,98.59385
08:03:42,912810UD8,TSRYS5870973,D,S,D,2024-10-04,1000000.00,4.233304,98.55078125
08:03:46,912810UD8,TSRYS5870973,D,S,D,2024-10-04,1000000.00,4.231226,98.578255
08:03:47,912810UD8,TSRYS5870973,D,S,D,2024-10-04,1000000.00,4.233588,98.547027
08:03:47,912810UD8,TSRYS5870973,D,S,D,2024-10-04,1000000.00,4.233599,98.546875
08:03:47,912810UD8,TSRYS5870973,D,S,D,2024-10-04,1000000.00,4.23359,98.547005
08:03:47,912810UD8,TSRYS5870973,D,B,C,2024-10-04,1000000.00,4.233613,98.5467
08:03:47,912810UD8,TSRYS5870973,D,B,C,2024-10-04,1000000.00,4.23598,98.515425
08:03:47,912810UD8,TSRYS5870973,D,S,D,2024-10-04,1000000.00,4.235953,98.515777
08:03:48,912810UD8,TSRYS5870973,D,S,D,2024-10-04,1000000.00,4.237136,98.500152
08:03:48,912810UD8,TSRYS5870973,D,S,D,2024-10-04,2000000.00,4.237132,98.5002
08:03:48,912810UD8,TSRYS5870973,D,B,C,2024-10-04,2000000.00,4.23717,98.4997
08:03:48,912810UD8,TSRYS5870973,D,B,C,2024-10-04,1000000.00,4.235965,98.515625
08:03:48,912810UD8,TSRYS5870973,D,S,D,2024-10-04,1000000.00,4.235955,98.515755
08:03:51,912810UD8,TSRYS5870973,D,S,D,2024-10-04,10000.00,4.256997,98.23828125
08:03:51,912810UD8,TSRYS5870973,D,S,C,2024-10-04,1000000.00,4.239501,98.468925
08:03:51,912810UD8,TSRYS5870973,D,S,C,2024-10-04,1000000.00,4.240682,98.453325
08:03:51,912810UD8,TSRYS5870973,D,B,C,2024-10-04,1000000.00,4.238342,98.484225
08:03:51,912810UD8,TSRYS5870973,D,B,C,2024-10-04,1000000.00,4.238342,98.484225
08:03:51,912810UD8,TSRYS5870973,D,S,D,2024-10-04,1000000.00,4.238331,98.484375
08:03:51,912810UD8,TSRYS5870973,D,B,C,2024-10-04,1000000.00,4.238342,98.484225
08:03:51,912810UD8,TSRYS5870973,D,B,C,2024-10-04,1000000.00,4.238342,98.484225
08:03:51,912810UD8,TSRYS5870973,D,B,C,2024-10-04,1000000.00,4.238342,98.484225
08:03:51,912810UD8,TSRYS5870973,D,S,C,2024-10-04,1000000.00,4.238315,98.484575
08:03:51,912810UD8,TSRYS5870973,D,S,C,2024-10-04,1000000.00,4.238315,98.484575
08:03:51,912810UD8,TSRYS5870973,D,S,C,2024-10-04,1000000.00,4.238315,98.484575
08:03:51,912810UD8,TSRYS5870973,D,S,C,2024-10-04,1000000.00,4.238317,98.48455
08:03:51,912810UD8,TSRYS5870973,D,B,C,2024-10-04,1000000.00,4.238342,98.484225
08:03:51,912810UD8,TSRYS5870973,D,S,C,2024-10-04,1000000.00,4.238331,98.484375
08:03:51,912810UD8,TSRYS5870973,D,B,C,2024-10-04,1000000.00,4.238342,98.484225
08:03:51,912810UD8,TSRYS5870973,D,S,D,2024-10-04,1000000.00,4.238331,98.484375
08:03:51,912810UD8,TSRYS5870973,D,B,C,2024-10-04,1000000.00,4.238342,98.484225
08:03:51,912810UD8,TSRYS5870973,D,S,D,2024-10-04,1000000.00,4.238331,98.484375
08:03:52,912810UD8,TSRYS5870973,D,S,D,2024-10-04,1000000.00,4.238331,98.484375
08:03:53,912810UD8,TSRYS5870973,D,S,D,2024-10-04,1000.00,4.256715,98.242
08:03:53,912810UD8,TSRYS5870973,D,S,D,2024-10-04,1000000.00,4.237147,98.5
08:03:53,912810UD8,TSRYS5870973,D,B,C,2024-10-04,1000000.00,4.237163,98.4998
08:03:54,912810UD8,TSRYS5870973,D,S,D,2024-10-04,1000000.00,4.238331,98.484375
08:03:56,912810UD8,TSRYS5870973,D,S,D,2024-10-04,1000000.00,4.239504,98.46888
08:03:56,912810UD8,TSRYS5870973,D,S,D,2024-10-04,1000000.00,4.238331,98.484375
08:03:56,912810UD8,TSRYS5870973,D,S,D,2024-10-04,1000000.00,4.238331,98.484375
08:03:57,912810UD8,TSRYS5870973,D,S,D,2024-10-04,1000000.00,4.238331,98.484375
08:03:57,912810UD8,TSRYS5870973,D,S,C,2024-10-04,1000.00,4.256715,98.242
08:04:06,912810UD8,TSRYS5870973,D,B,C,2024-10-04,1000000.00,4.243066,98.421875
08:04:06,912810UD8,TSRYS5870973,D,S,T,2024-10-04,1000000.00,4.257294,98.234375
08:04:06,912810UD8,TSRYS5870973,D,B,C,2024-10-04,1000000.00,4.243066,98.421875
08:04:06,912810UD8,TSRYS5870973,D,S,D,2024-10-04,1000000.00,4.243058,98.421977
08:04:06,912810UD8,TSRYS5870973,D,S,D,2024-10-04,1000000.00,4.243058,98.421977
08:04:06,912810UD8,TSRYS5870973,D,B,C,2024-10-04,2000000.00,4.243088,98.421575
08:04:06,912810UD8,TSRYS5870973,D,S,D,2024-10-04,2000000.00,4.243058,98.421977
08:04:06,912810UD8,TSRYS5870973,D,S,D,2024-10-04,1000000.00,4.243058,98.421977
08:04:08,912810UD8,TSRYS5870973,D,S,D,2024-10-04,1000000.00,4.24425,98.40625
08:04:08,912810UD8,TSRYS5870973,D,S,D,2024-10-04,1000000.00,4.24425,98.40625
08:04:08,912810UD8,TSRYS5870973,D,S,D,2024-10-04,1000000.00,4.24425,98.40625
08:04:08,912810UD8,TSRYS5870973,D,B,C,2024-10-04,1000000.00,4.244265,98.40605
08:04:08,912810UD8,TSRYS5870973,D,B,C,2024-10-04,1000000.00,4.244261,98.4061
08:04:08,912810UD8,TSRYS5870973,D,S,D,2024-10-04,1000000.00,4.24425,98.40625
08:04:08,912810UD8,TSRYS5870973,D,B,C,2024-10-04,1000000.00,4.244258,98.40615
08:04:08,912810UD8,TSRYS5870973,D,S,D,2024-10-04,1000000.00,4.24425,98.40625
08:04:08,912810UD8,TSRYS5870973,D,B,C,2024-10-04,1000000.00,4.24425,98.40625
08:04:08,912810UD8,TSRYS5870973,D,B,C,2024-10-04,1000000.00,4.24425,98.40625
08:04:08,912810UD8,TSRYS5870973,D,S,D,2024-10-04,1000000.00,4.24425,98.40625
08:04:08,912810UD8,TSRYS5870973,D,B,C,2024-10-04,1000000.00,4.24425,98.40625
08:04:08,912810UD8,TSRYS5870973,D,S,D,2024-10-04,1000000.00,4.24425,98.40625
08:04:08,912810UD8,TSRYS5870973,D,S,D,2024-10-04,1000000.00,4.24425,98.40625
08:04:08,912810UD8,TSRYS5870973,D,B,C,2024-10-04,1000000.00,4.24425,98.40625
08:04:08,912810UD8,TSRYS5870973,D,S,D,2024-10-04,1000000.00,4.24425,98.40625
08:04:12,912810UD8,TSRYS5870973,D,S,D,2024-10-04,1000.00,4.256715,98.242
08:04:13,912810UD8,TSRYS5870973,D,S,C,2024-10-04,1000000.00,4.243066,98.421875
08:04:13,912810UD8,TSRYS5870973,D,B,C,2024-10-04,1000000.00,4.243066,98.421875
08:04:16,912810UD8,TSRYS5870973,D,S,C,2024-10-04,1000000.00,4.246619,98.375
08:04:16,912810UD8,TSRYS5870973,D,S,C,2024-10-04,1000000.00,4.246619,98.375
08:04:17,912810UD8,TSRYS5870973,D,S,D,2024-10-04,1000000.00,4.231826,98.5703125
08:04:17,912810UD8,TSRYS5870973,D,B,C,2024-10-04,1000000.00,4.231826,98.5703125
08:04:18,912810UD8,TSRYS5870973,D,S,C,2024-10-04,1000000.00,4.247804,98.359375
08:04:19,912810UD8,TSRYS5870973,D,S,D,2024-10-04,1000000.00,4.24899,98.34375
08:04:19,912810UD8,TSRYS5870973,D,S,D,2024-10-04,1000000.00,4.24899,98.34375
08:04:19,912810UD8,TSRYS5870973,D,S,C,2024-10-04,1000000.00,4.24899,98.34375
08:04:19,912810UD8,TSRYS5870973,D,S,C,2024-10-04,1000000.00,4.24899,98.34375
08:04:19,912810UD8,TSRYS5870973,D,S,D,2024-10-04,1000000.00,4.250175,98.328125
08:04:19,912810UD8,TSRYS5870973,D,S,C,2024-10-04,1000000.00,4.250175,98.328125
08:04:19,912810UD8,TSRYS5870973,D,B,C,2024-10-04,1000000.00,4.236571,98.5076125
08:04:19,912810UD8,TSRYS5870973,D,S,D,2024-10-04,1000000.00,4.236556,98.5078125
08:04:22,912810UD8,TSRYS5870973,D,B,C,2024-10-04,35700000.00,4.253734,98.28125
08:04:25,912810UD8,TSRYS5870973,D,S,C,2024-10-04,1000000.00,4.233452,98.548828125
08:04:25,912810UD8,TSRYS5870973,D,S,C,2024-10-04,1000000.00,4.234338,98.537109375
08:04:25,912810UD8,TSRYS5870973,D,S,C,2024-10-04,1000000.00,4.234338,98.537109375
08:04:25,912810UD8,TSRYS5870973,D,S,C,2024-10-04,1000000.00,4.234331,98.537209375
08:04:25,912810UD8,TSRYS5870973,D,S,C,2024-10-04,1000000.00,4.234331,98.537209375
08:04:25,912810UD8,TSRYS5870973,D,B,C,2024-10-04,1000000.00,4.234338,98.537109375
08:04:26,912810UD8,TSRYS5870973,D,S,D,2024-10-04,1000000.00,4.233599,98.546875
08:04:26,912810UD8,TSRYS5870973,D,S,D,2024-10-04,1000000.00,4.233008,98.5546875
08:04:26,912810UD8,TSRYS5870973,D,B,C,2024-10-04,1000000.00,4.233008,98.5546875
08:04:27,912810UD8,TSRYS5870973,D,B,C,2024-10-04,1000000.00,4.235965,98.515625
08:04:28,912810UD8,TSRYS5870973,D,S,D,2024-10-04,2900000.00,4.25314,98.2890625
08:04:28,912810UD8,TSRYS5870973,D,S,D,2024-10-04,1000000.00,4.24899,98.34375
08:04:28,912810UD8,TSRYS5870973,D,S,D,2024-10-04,1000000.00,4.23626,98.51171875
08:04:28,912810UD8,TSRYS5870973,D,S,D,2024-10-04,1000000.00,4.236112,98.513671875
08:04:28,912810UD8,TSRYS5870973,D,S,D,2024-10-04,1000000.00,4.235965,98.515625
08:04:28,912810UD8,TSRYS5870973,D,S,D,2024-10-04,1000000.00,4.24899,98.34375
08:04:28,912810UD8,TSRYS5870973,D,S,C,2024-10-04,1000000.00,4.24899,98.34375
08:04:28,912810UD8,TSRYS5870973,D,S,D,2024-10-04,1000000.00,4.236408,98.509765625
08:04:28,912810UD8,TSRYS5870973,D,B,C,2024-10-04,1000000.00,4.236408,98.509765625
08:04:28,912810UD8,TSRYS5870973,D,S,D,2024-10-04,1000000.00,4.24899,98.34375
08:04:29,912810UD8,TSRYS5870973,D,S,D,2024-10-04,1000000.00,4.237147,98.5
08:04:29,912810UD8,TSRYS5870973,D,S,D,2024-10-04,1000000.00,4.23907,98.474609375
08:04:29,912810UD8,TSRYS5870973,D,S,D,2024-10-04,1000000.00,4.23907,98.474609375
08:04:29,912810UD8,TSRYS5870973,D,S,D,2024-10-04,1000000.00,4.239662,98.466796875
08:04:29,912810UD8,TSRYS5870973,D,B,C,2024-10-04,1000000.00,4.239662,98.466796875
08:04:29,912810UD8,TSRYS5870973,D,S,C,2024-10-04,1000000.00,4.250175,98.328125
08:04:30,912810UD8,TSRYS5870973,D,S,D,2024-10-04,1000000.00,4.250175,98.328125
08:04:30,912810UD8,TSRYS5870973,D,S,D,2024-10-04,1000000.00,4.232417,98.5625
08:04:30,912810UD8,TSRYS5870973,D,S,D,2024-10-04,1000000.00,4.232122,98.56640625
08:04:31,912810UD8,TSRYS5870973,D,S,D,2024-10-04,1000000.00,4.233599,98.546875
08:04:31,912810UD8,TSRYS5870973,D,S,D,2024-10-04,1000000.00,4.233452,98.548828125
08:04:31,912810UD8,TSRYS5870973,D,S,D,2024-10-04,1000000.00,4.233599,98.546875
08:04:31,912810UD8,TSRYS5870973,D,S,D,2024-10-04,1000000.00,4.233599,98.546875
08:04:31,912810UD8,TSRYS5870973,D,S,D,2024-10-04,10000.00,4.242147,98.43399375
08:04:31,912810UD8,TSRYS5870973,D,S,D,2024-10-04,1000000.00,4.251361,98.3125
08:04:31,912810UD8,TSRYS5870973,D,S,C,2024-10-04,2000000.00,4.251361,98.3125
08:04:32,912810UD8,TSRYS5870973,D,S,C,2024-10-04,1000000.00,4.252534,98.29705
08:04:32,912810UD8,TSRYS5870973,D,S,D,2024-10-04,1000000.00,4.252547,98.296875
08:04:32,912810UD8,TSRYS5870973,D,S,C,2024-10-04,1000000.00,4.252534,98.29705
08:04:32,912810UD8,TSRYS5870973,D,S,D,2024-10-04,1000000.00,4.252547,98.296875
08:04:33,912810UD8,TSRYS5870973,D,B,C,2024-10-04,35700000.00,,98.28125
08:04:34,912810UD8,TSRYS5870973,D,S,D,2024-10-04,1000000.00,4.251361,98.3125
08:04:34,912810UD8,TSRYS5870973,D,S,D,2024-10-04,1000000.00,4.251361,98.3125
08:04:34,912810UD8,TSRYS5870973,D,S,D,2024-10-04,1000000.00,4.251361,98.3125
08:04:34,912810UD8,TSRYS5870973,D,S,D,2024-10-04,1000000.00,4.251361,98.3125
08:04:34,912810UD8,TSRYS5870973,D,B,C,2024-10-04,1000000.00,4.251361,98.3125
08:04:35,912810UD8,TSRYS5870973,D,B,C,2024-10-04,1000000.00,4.234782,98.53125
08:04:35,912810UD8,TSRYS5870973,D,S,D,2024-10-04,1000000.00,4.234782,98.53125
08:04:35,912810UD8,TSRYS5870973,D,S,D,2024-10-04,1000000.00,4.252547,98.296875
08:04:35,912810UD8,TSRYS5870973,D,B,C,2024-10-04,1000000.00,4.232868,98.556540625
08:04:35,912810UD8,TSRYS5870973,D,S,D,2024-10-04,1000000.00,4.232861,98.556640625
08:04:36,912810UD8,TSRYS5870973,D,S,D,2024-10-04,1000000.00,4.252547,98.296875
08:04:36,912810UD8,TSRYS5870973,D,B,C,2024-10-04,1000000.00,4.252564,98.296648
08:04:36,912810UD8,TSRYS5870973,D,B,C,2024-10-04,3000000.00,4.231974,98.568359375
08:04:36,912810UD8,TSRYS5870973,D,S,C,2024-10-04,4000000.00,4.231974,98.568359375
08:04:36,912810UD8,TSRYS5870973,D,B,C,2024-10-04,1000000.00,4.233164,98.552634375
08:04:36,912810UD8,TSRYS5870973,D,S,C,2024-10-04,1000000.00,4.233149,98.552834375
08:04:37,912810UD8,TSRYS5870973,D,S,D,2024-10-04,1000000.00,4.252547,98.296875
08:04:37,912810UD8,TSRYS5870973,D,S,D,2024-10-04,1000000.00,4.251351,98.31263
08:04:37,912810UD8,TSRYS5870973,D,B,C,2024-10-04,1000000.00,4.251376,98.3123
08:04:37,912810UD8,TSRYS5870973,D,S,D,2024-10-04,1000000.00,4.251361,98.3125
08:04:38,912810UD8,TSRYS5870973,D,S,D,2024-10-04,1000000.00,4.251344,98.312727
08:04:38,912810UD8,TSRYS5870973,D,S,D,2024-10-04,1000000.00,4.251361,98.3125
08:04:38,912810UD8,TSRYS5870973,D,S,C,2024-10-04,1000000.00,4.251348,98.312675
08:04:38,912810UD8,TSRYS5870973,D,S,C,2024-10-04,1000000.00,4.251361,98.3125
08:04:38,912810UD8,TSRYS5870973,D,B,C,2024-10-04,1000000.00,4.229914,98.595603125
08:04:38,912810UD8,TSRYS5870973,D,S,D,2024-10-04,1000000.00,4.229906,98.595703125
08:04:38,912810UD8,TSRYS5870973,D,S,D,2024-10-04,1000000.00,4.228857,98.609575
08:04:39,912810UD8,TSRYS5870973,D,B,C,2024-10-04,1000000.00,4.228141,98.619040625
08:04:39,912810UD8,TSRYS5870973,D,S,D,2024-10-04,1000000.00,4.228134,98.619140625
08:04:39,912810UD8,TSRYS5870973,D,B,C,2024-10-04,1000000.00,4.230201,98.591796875
08:04:39,912810UD8,TSRYS5870973,D,S,D,2024-10-04,1000000.00,4.230201,98.591796875
08:04:39,912810UD8,TSRYS5870973,D,B,C,2024-10-04,1000000.00,4.229618,98.599509375
08:04:39,912810UD8,TSRYS5870973,D,S,D,2024-10-04,1000000.00,4.229611,98.599609375
08:04:39,912810UD8,TSRYS5870973,D,S,D,2024-10-04,1000000.00,4.251346,98.3127
08:04:39,912810UD8,TSRYS5870973,D,S,D,2024-10-04,1000000.00,4.251361,98.3125
08:04:39,912810UD8,TSRYS5870973,D,S,D,2024-10-04,1000000.00,4.251361,98.3125
08:04:39,912810UD8,TSRYS5870973,D,B,C,2024-10-04,2000000.00,4.251361,98.3125
08:04:39,912810UD8,TSRYS5870973,D,B,C,2024-10-04,2000000.00,4.251361,98.3125
08:04:39,912810UD8,TSRYS5870973,D,S,D,2024-10-04,2000000.00,4.251361,98.3125
08:04:39,912810UD8,TSRYS5870973,D,S,D,2024-10-04,2000000.00,4.251361,98.3125
08:04:39,912810UD8,TSRYS5870973,D,B,C,2024-10-04,2000000.00,4.251361,98.3125
08:04:39,912810UD8,TSRYS5870973,D,S,D,2024-10-04,2000000.00,4.251361,98.3125
08:04:39,912810UD8,TSRYS5870973,D,S,D,2024-10-04,1000000.00,4.251361,98.3125
08:04:39,912810UD8,TSRYS5870973,D,S,D,2024-10-04,2000000.00,4.251361,98.3125
08:04:39,912810UD8,TSRYS5870973,D,S,D,2024-10-04,2000000.00,4.251361,98.3125
08:04:39,912810UD8,TSRYS5870973,D,B,C,2024-10-04,1000000.00,4.251361,98.3125
08:04:40,912810UD8,TSRYS5870973,D,S,D,2024-10-04,2000000.00,4.251361,98.3125
08:04:40,912810UD8,TSRYS5870973,D,S,D,2024-10-04,1000000.00,4.251361,98.3125
08:04:40,912810UD8,TSRYS5870973,D,S,D,2024-10-04,1000000.00,4.251361,98.3125
08:04:40,912810UD8,TSRYS5870973,D,S,D,2024-10-04,1000000.00,4.23227,98.564453125
08:04:40,912810UD8,TSRYS5870973,D,B,C,2024-10-04,1000000.00,4.23227,98.564453125
08:04:40,912810UD8,TSRYS5870973,D,S,D,2024-10-04,1000000.00,4.234338,98.537109375
08:04:40,912810UD8,TSRYS5870973,D,S,D,2024-10-04,1000000.00,4.234191,98.5390625
08:04:40,912810UD8,TSRYS5870973,D,B,C,2024-10-04,1000000.00,4.234206,98.5388625
08:04:40,912810UD8,TSRYS5870973,D,S,D,2024-10-04,1000000.00,4.234191,98.5390625
08:04:40,912810UD8,TSRYS5870973,D,B,C,2024-10-04,1000000.00,4.234486,98.53515625
08:04:40,912810UD8,TSRYS5870973,D,S,D,2024-10-04,1000000.00,4.234486,98.53515625
08:04:41,912810UD8,TSRYS5870973,D,B,C,2024-10-04,1000000.00,4.253749,98.28105
08:04:41,912810UD8,TSRYS5870973,D,S,D,2024-10-04,1000000.00,4.253734,98.28125
08:04:41,912810UD8,TSRYS5870973,D,S,D,2024-10-04,1000000.00,4.234782,98.53125
08:04:44,912810UD8,TSRYS5870973,D,B,C,2024-10-04,1000000.00,4.251361,98.3125
08:04:44,912810UD8,TSRYS5870973,D,S,C,2024-10-04,1000000.00,4.251346,98.3127
08:04:44,912810UD8,TSRYS5870973,D,B,C,2024-10-04,1000000.00,4.252547,98.296875
08:04:44,912810UD8,TSRYS5870973,D,S,C,2024-10-04,1000000.00,4.252547,98.296875
08:04:44,912810UD8,TSRYS5870973,D,S,C,2024-10-04,1000000.00,4.252532,98.297075
08:04:44,912810UD8,TSRYS5870973,D,S,C,2024-10-04,1000000.00,4.252547,98.296875
08:04:47,912810UD8,TSRYS5870973,D,S,C,2024-10-04,1000000.00,4.251361,98.3125
08:04:47,912810UD8,TSRYS5870973,D,S,D,2024-10-04,1000000.00,4.251361,98.3125
