tradeTime,cusip,issueSymbolIdentifier,priceType,reportingSideCode,contraPartyTypeCode,tradeDate,reportedTradeVolume,lastSaleYield,lastSalePrice
08:00:06,912810TZ1,TSRYS5752098,D,S,D,2024-05-17,1000000.00,4.611825,98.5546875
08:00:06,912810TZ1,TSRYS5752098,D,S,D,2024-05-17,1000000.00,4.613664,98.53125
08:00:06,912810TZ1,TSRYS5752098,D,S,D,2024-05-17,1000000.00,4.612898,98.541015625
08:00:06,912810TZ1,TSRYS5752098,D,S,D,2024-05-17,1000000.00,4.612898,98.541015625
08:00:06,912810TZ1,TSRYS5752098,D,S,D,2024-05-17,1000000.00,4.613817,98.529296875
08:00:06,912810TZ1,TSRYS5752098,D,S,D,2024-05-17,1000000.00,4.613664,98.53125
08:00:06,912810TZ1,TSRYS5752098,D,S,T,2024-05-17,1000000.00,4.613664,98.53125
08:00:06,912810TZ1,TSRYS5752098,D,S,D,2024-05-17,1000000.00,4.613664,98.53125
08:00:06,912810TZ1,TSRYS5752098,D,S,T,2024-05-17,1000000.00,4.618878,98.46484375
08:00:06,912810TZ1,TSRYS5752098,D,S,D,2024-05-17,1000000.00,4.618878,98.46484375
08:00:06,912810TZ1,TSRYS5752098,D,S,T,2024-05-17,1000000.00,4.618878,98.46484375
08:00:06,912810TZ1,TSRYS5752098,D,S,D,2024-05-17,1000000.00,4.618878,98.46484375
08:00:06,912810TZ1,TSRYS5752098,D,S,D,2024-05-17,1000000.00,4.645939,98.12109375
08:00:06,912810TZ1,TSRYS5752098,D,S,D,2024-05-17,1000000.00,4.645939,98.12109375
08:00:06,912810TZ1,TSRYS5752098,D,S,D,2024-05-17,1000000.00,4.645939,98.12109375
08:00:06,912810TZ1,TSRYS5752098,D,S,D,2024-05-17,1000000.00,4.645939,98.12109375
08:00:06,912810TZ1,TSRYS5752098,D,S,T,2024-05-17,1000000.00,4.645939,98.12109375
08:00:06,912810TZ1,TSRYS5752098,D,S,D,2024-05-17,1000000.00,4.645939,98.12109375
08:00:06,912810TZ1,TSRYS5752098,D,S,D,2024-05-17,1000000.00,4.645939,98.12109375
08:00:06,912810TZ1,TSRYS5752098,D,S,D,2024-05-17,1000000.00,4.646093,98.119140625
08:00:06,912810TZ1,TSRYS5752098,D,S,D,2024-05-17,1000000.00,4.645939,98.12109375
08:00:06,912810TZ1,TSRYS5752098,D,S,T,2024-05-17,1000000.00,4.645631,98.125
08:00:06,912810TZ1,TSRYS5752098,D,S,T,2024-05-17,1000000.00,4.645631,98.125
08:00:06,912810TZ1,TSRYS5752098,D,S,D,2024-05-17,1000000.00,4.645631,98.125
08:00:06,912810TZ1,TSRYS5752098,D,S,D,2024-05-17,1000000.00,4.645631,98.125
08:00:06,912810TZ1,TSRYS5752098,D,S,D,2024-05-17,1000000.00,4.645631,98.125
08:00:06,912810TZ1,TSRYS5752098,D,S,D,2024-05-17,1000000.00,4.644398,98.140625
08:00:10,912810TZ1,TSRYS5752098,D,S,T,2024-05-17,1000000.00,4.642087,98.169921875
08:00:10,912810TZ1,TSRYS5752098,D,S,T,2024-05-17,1000000.00,4.642087,98.169921875
08:00:10,912810TZ1,TSRYS5752098,D,S,T,2024-05-17,1000000.00,4.642087,98.169921875
08:00:10,912810TZ1,TSRYS5752098,D,S,T,2024-05-17,1000000.00,4.642087,98.169921875
08:00:10,912810TZ1,TSRYS5752098,D,S,D,2024-05-17,7000.00,4.645599,98.1254
08:00:10,912810TZ1,TSRYS5752098,D,S,D,2024-05-17,7000.00,4.645599,98.1254
08:00:10,912810TZ1,TSRYS5752098,D,S,C,2024-05-17,7000.00,4.645599,98.19682857143
08:00:10,912810TZ1,TSRYS5752098,D,S,A,2024-05-17,7000.00,4.645599,98.19682857143
08:00:10,912810TZ1,TSRYS5752098,D,S,T,2024-05-17,1000000.00,4.613664,98.53125
08:00:10,912810TZ1,TSRYS5752098,D,S,T,2024-05-17,1000000.00,4.612438,98.546875
08:00:10,912810TZ1,TSRYS5752098,D,S,T,2024-05-17,1000000.00,4.61489,98.515625
08:00:10,912810TZ1,TSRYS5752098,D,S,T,2024-05-17,1000000.00,4.619798,98.453125
08:00:10,912810TZ1,TSRYS5752098,D,S,T,2024-05-17,1000000.00,4.619798,98.453125
08:00:10,912810TZ1,TSRYS5752098,D,S,T,2024-05-17,1000000.00,4.613664,98.53125
08:00:10,912810TZ1,TSRYS5752098,D,S,T,2024-05-17,1000000.00,4.616117,98.5
08:00:10,912810TZ1,TSRYS5752098,D,S,T,2024-05-17,1000000.00,4.625938,98.375
08:00:10,912810TZ1,TSRYS5752098,D,S,T,2024-05-17,1000000.00,4.632085,98.296875
08:00:10,912810TZ1,TSRYS5752098,D,S,T,2024-05-17,1000000.00,4.633315,98.28125
08:00:10,912810TZ1,TSRYS5752098,D,S,T,2024-05-17,1000000.00,4.633315,98.28125
08:00:10,912810TZ1,TSRYS5752098,D,S,T,2024-05-17,1000000.00,4.635776,98.25
08:00:10,912810TZ1,TSRYS5752098,D,S,T,2024-05-17,1000000.00,4.645631,98.125
08:00:10,912810TZ1,TSRYS5752098,D,S,T,2024-05-17,1000000.00,4.648097,98.09375
08:00:10,912810TZ1,TSRYS5752098,D,S,T,2024-05-17,1000000.00,4.644398,98.140625
08:00:11,912810TZ1,TSRYS5752098,D,S,D,2024-05-17,5000.00,4.645599,98.1254
08:00:11,912810TZ1,TSRYS5752098,D,S,D,2024-05-17,20000.00,4.645599,98.1254
08:00:11,912810TZ1,TSRYS5752098,D,S,D,2024-05-17,5000.00,4.645599,98.1254
08:00:11,912810TZ1,TSRYS5752098,D,S,A,2024-05-17,5000.00,4.645599,98.2254
08:00:11,912810TZ1,TSRYS5752098,D,S,C,2024-05-17,20000.00,4.645599,98.1504
08:00:11,912810TZ1,TSRYS5752098,D,S,C,2024-05-17,5000.00,4.645599,98.2254
08:00:12,912810TZ1,TSRYS5752098,D,B,C,2024-05-17,8000000.00,4.619184,98.4609375
08:00:13,912810TZ1,TSRYS5752098,D,B,A,2024-05-17,9100000.00,4.615504,98.5078125
08:00:14,912810TZ1,TSRYS5752098,D,S,D,2024-05-17,2000000.00,4.616117,98.5
08:00:14,912810TZ1,TSRYS5752098,D,S,D,2024-05-17,1000000.00,4.613664,98.53125
08:00:15,912810TZ1,TSRYS5752098,D,S,D,2024-05-17,1000000.00,4.611212,98.5625
08:00:18,912810TZ1,TSRYS5752098,D,B,C,2024-05-17,8000000.00,4.617651,98.48046875
08:00:18,912810TZ1,TSRYS5752098,D,B,C,2024-05-17,8000000.00,4.62164,98.4296875
08:00:19,912810TZ1,TSRYS5752098,D,B,C,2024-05-17,8000000.00,4.619798,98.453125
08:00:22,912810TZ1,TSRYS5752098,D,S,D,2024-05-17,1000000.00,4.612438,98.546875
08:00:22,912810TZ1,TSRYS5752098,D,S,D,2024-05-17,2000000.00,4.616117,98.5
08:00:22,912810TZ1,TSRYS5752098,D,S,D,2024-05-17,53000.00,4.6106,98.5703125
08:00:23,912810TZ1,TSRYS5752098,D,B,C,2024-05-17,3000000.00,4.618571,98.46875
08:00:23,912810TZ1,TSRYS5752098,D,S,A,2024-05-17,5000000.00,4.615525,98.5078125
08:00:23,912810TZ1,TSRYS5752098,D,B,C,2024-05-17,3000000.00,4.616117,98.5
08:00:23,912810TZ1,TSRYS5752098,D,S,A,2024-05-17,300000.00,4.611519,98.55859375
08:00:23,912810TZ1,TSRYS5752098,D,S,T,2024-05-17,1000000.00,4.618571,98.46875
08:00:24,912810TZ1,TSRYS5752098,D,S,D,2024-05-17,1000000.00,4.613664,98.53125
08:00:25,912810TZ1,TSRYS5752098,D,S,D,2024-05-17,1000000.00,4.615504,98.5078125
08:00:25,912810TZ1,TSRYS5752098,D,S,D,2024-05-17,1000000.00,4.615504,98.5078125
08:00:25,912810TZ1,TSRYS5752098,D,S,D,2024-05-17,1000000.00,4.61581,98.50390625
08:00:25,912810TZ1,TSRYS5752098,D,S,D,2024-05-17,1000000.00,4.618571,98.46875
08:00:25,912810TZ1,TSRYS5752098,D,S,D,2024-05-17,1000000.00,4.618571,98.46875
08:00:26,912810TZ1,TSRYS5752098,D,S,D,2024-05-17,1000000.00,4.619184,98.4609375
08:00:26,912810TZ1,TSRYS5752098,D,S,D,2024-05-17,1000000.00,4.619491,98.45703125
08:00:26,912810TZ1,TSRYS5752098,D,S,D,2024-05-17,1000000.00,4.618571,98.46875
08:00:27,912810TZ1,TSRYS5752098,D,S,D,2024-05-17,1000000.00,4.622254,98.421875
08:00:27,912810TZ1,TSRYS5752098,D,S,D,2024-05-17,1000000.00,4.621947,98.42578125
08:00:28,912810TZ1,TSRYS5752098,D,S,D,2024-05-17,1000000.00,4.612438,98.546875
08:00:28,912810TZ1,TSRYS5752098,D,B,C,2024-05-17,8000000.00,4.616424,98.49609375
08:00:28,912810TZ1,TSRYS5752098,D,S,A,2024-05-17,198000.00,4.620719,98.44140625
08:00:29,912810TZ1,TSRYS5752098,D,B,C,2024-05-17,8000000.00,4.619184,98.4609375
08:00:30,912810TZ1,TSRYS5752098,D,S,T,2024-05-17,1000000.00,4.612745,98.54296875
08:00:30,912810TZ1,TSRYS5752098,D,S,T,2024-05-17,2000000.00,4.609987,98.578125
08:00:30,912810TZ1,TSRYS5752098,D,S,T,2024-05-17,2000000.00,4.611212,98.5625
08:00:30,912810TZ1,TSRYS5752098,D,S,T,2024-05-17,1000000.00,4.611212,98.5625
08:00:30,912810TZ1,TSRYS5752098,D,S,T,2024-05-17,1000000.00,4.612438,98.546875
08:00:30,912810TZ1,TSRYS5752098,D,S,T,2024-05-17,1000000.00,4.609987,98.578125
08:00:30,912810TZ1,TSRYS5752098,D,S,T,2024-05-17,1000000.00,4.609987,98.578125
08:00:30,912810TZ1,TSRYS5752098,D,S,T,2024-05-17,1000000.00,4.616117,98.5
08:00:30,912810TZ1,TSRYS5752098,D,S,T,2024-05-17,1000000.00,4.618571,98.46875
08:00:30,912810TZ1,TSRYS5752098,D,S,T,2024-05-17,1000000.00,4.620412,98.4453125
08:00:30,912810TZ1,TSRYS5752098,D,S,T,2024-05-17,1000000.00,4.620412,98.4453125
08:00:30,912810TZ1,TSRYS5752098,D,S,T,2024-05-17,1000000.00,4.620258,98.447265625
08:00:30,912810TZ1,TSRYS5752098,D,S,T,2024-05-17,1000000.00,4.619952,98.451171875
08:00:30,912810TZ1,TSRYS5752098,D,S,T,2024-05-17,1000000.00,4.616117,98.5
08:00:30,912810TZ1,TSRYS5752098,D,S,D,2024-05-17,1000000.00,4.625938,98.375
08:00:30,912810TZ1,TSRYS5752098,D,S,T,2024-05-17,1000000.00,4.631778,98.30078125
08:00:30,912810TZ1,TSRYS5752098,D,S,T,2024-05-17,1000000.00,4.632854,98.287109375
08:00:30,912810TZ1,TSRYS5752098,D,S,T,2024-05-17,1000000.00,4.6327,98.2890625
08:00:30,912810TZ1,TSRYS5752098,D,S,T,2024-05-17,1000000.00,4.6327,98.2890625
08:00:30,912810TZ1,TSRYS5752098,D,S,T,2024-05-17,1000000.00,4.6327,98.2890625
08:00:30,912810TZ1,TSRYS5752098,D,S,T,2024-05-17,1000000.00,4.633008,98.28515625
08:00:30,912810TZ1,TSRYS5752098,D,S,T,2024-05-17,1000000.00,4.633623,98.27734375
08:00:34,912810TZ1,TSRYS5752098,D,S,T,2024-05-17,1000000.00,4.645631,98.125
08:00:34,912810TZ1,TSRYS5752098,D,S,T,2024-05-17,1000000.00,4.645477,98.126953125
08:00:34,912810TZ1,TSRYS5752098,D,S,T,2024-05-17,1000000.00,4.648097,98.09375
08:00:34,912810TZ1,TSRYS5752098,D,S,T,2024-05-17,1000000.00,4.645168,98.130859375
08:00:34,912810TZ1,TSRYS5752098,D,S,T,2024-05-17,1000000.00,4.645014,98.1328125
08:00:34,912810TZ1,TSRYS5752098,D,S,T,2024-05-17,1000000.00,4.64486,98.134765625
08:00:34,912810TZ1,TSRYS5752098,D,S,D,2024-05-17,1000000.00,4.644706,98.13671875
08:00:34,912810TZ1,TSRYS5752098,D,S,T,2024-05-17,1000000.00,4.645631,98.125
08:00:34,912810TZ1,TSRYS5752098,D,S,T,2024-05-17,1000000.00,4.641933,98.171875
08:00:34,912810TZ1,TSRYS5752098,D,S,D,2024-05-17,1000000.00,4.611212,98.5625
08:00:34,912810TZ1,TSRYS5752098,D,S,D,2024-05-17,1000000.00,4.613051,98.5390625
08:00:34,912810TZ1,TSRYS5752098,D,S,D,2024-05-17,1000000.00,4.613358,98.53515625
08:00:34,912810TZ1,TSRYS5752098,D,S,D,2024-05-17,1000000.00,4.612745,98.54296875
08:00:34,912810TZ1,TSRYS5752098,D,S,D,2024-05-17,1000000.00,4.61489,98.515625
08:00:34,912810TZ1,TSRYS5752098,D,S,D,2024-05-17,1000000.00,4.615504,98.5078125
08:00:34,912810TZ1,TSRYS5752098,D,S,D,2024-05-17,1000000.00,4.61581,98.50390625
08:00:34,912810TZ1,TSRYS5752098,D,S,D,2024-05-17,1000000.00,4.618571,98.46875
08:00:34,912810TZ1,TSRYS5752098,D,S,D,2024-05-17,1000000.00,4.619184,98.4609375
08:00:34,912810TZ1,TSRYS5752098,D,S,D,2024-05-17,1000000.00,4.618878,98.46484375
08:00:34,912810TZ1,TSRYS5752098,D,S,D,2024-05-17,1000000.00,4.625324,98.3828125
08:00:34,912810TZ1,TSRYS5752098,D,S,D,2024-05-17,1000000.00,4.645939,98.12109375
08:00:34,912810TZ1,TSRYS5752098,D,S,D,2024-05-17,1000000.00,4.645631,98.125
08:00:34,912810TZ1,TSRYS5752098,D,S,D,2024-05-17,1000000.00,4.645631,98.125
08:00:34,912810TZ1,TSRYS5752098,D,S,D,2024-05-17,1000000.00,4.613204,98.537109375
08:00:34,912810TZ1,TSRYS5752098,D,S,D,2024-05-17,1000000.00,4.613051,98.5390625
08:00:34,912810TZ1,TSRYS5752098,D,S,D,2024-05-17,1000000.00,4.613358,98.53515625
08:00:34,912810TZ1,TSRYS5752098,D,S,D,2024-05-17,1000000.00,4.613204,98.537109375
08:00:34,912810TZ1,TSRYS5752098,D,S,D,2024-05-17,1000000.00,4.612898,98.541015625
08:00:34,912810TZ1,TSRYS5752098,D,S,D,2024-05-17,1000000.00,4.613971,98.52734375
08:00:34,912810TZ1,TSRYS5752098,D,S,D,2024-05-17,1000000.00,4.613971,98.52734375
08:00:34,912810TZ1,TSRYS5752098,D,S,D,2024-05-17,1000000.00,4.612745,98.54296875
08:00:34,912810TZ1,TSRYS5752098,D,S,D,2024-05-17,1000000.00,4.612745,98.54296875
08:00:34,912810TZ1,TSRYS5752098,D,S,D,2024-05-17,2000000.00,4.613971,98.52734375
08:00:34,912810TZ1,TSRYS5752098,D,S,D,2024-05-17,1000000.00,4.615964,98.501953125
08:00:34,912810TZ1,TSRYS5752098,D,S,D,2024-05-17,1000000.00,4.615964,98.501953125
08:00:34,912810TZ1,TSRYS5752098,D,S,D,2024-05-17,1000000.00,4.613817,98.529296875
08:00:34,912810TZ1,TSRYS5752098,D,S,D,2024-05-17,1000000.00,4.618724,98.466796875
08:00:34,912810TZ1,TSRYS5752098,D,S,D,2024-05-17,1000000.00,4.618724,98.466796875
08:00:34,912810TZ1,TSRYS5752098,D,S,D,2024-05-17,1000000.00,4.619184,98.4609375
08:00:34,912810TZ1,TSRYS5752098,D,S,D,2024-05-17,1000000.00,4.619031,98.462890625
08:00:34,912810TZ1,TSRYS5752098,D,S,D,2024-05-17,1000000.00,4.619031,98.462890625
08:00:34,912810TZ1,TSRYS5752098,D,S,D,2024-05-17,1000000.00,4.618878,98.46484375
08:00:34,912810TZ1,TSRYS5752098,D,S,D,2024-05-17,1000000.00,4.618878,98.46484375
08:00:34,912810TZ1,TSRYS5752098,D,S,D,2024-05-17,2000000.00,4.620565,98.443359375
08:00:34,912810TZ1,TSRYS5752098,D,S,D,2024-05-17,2000000.00,4.621179,98.435546875
08:00:34,912810TZ1,TSRYS5752098,D,S,D,2024-05-17,1000000.00,4.613971,98.52734375
08:00:34,912810TZ1,TSRYS5752098,D,S,D,2024-05-17,2000000.00,4.612898,98.541015625
08:00:34,912810TZ1,TSRYS5752098,D,S,D,2024-05-17,1000000.00,4.612745,98.54296875
08:00:34,912810TZ1,TSRYS5752098,D,S,D,2024-05-17,1000000.00,4.612745,98.54296875
08:00:34,912810TZ1,TSRYS5752098,D,S,D,2024-05-17,1000000.00,4.613204,98.537109375
08:00:34,912810TZ1,TSRYS5752098,D,S,D,2024-05-17,1000000.00,4.613204,98.537109375
08:00:34,912810TZ1,TSRYS5752098,D,S,D,2024-05-17,1000000.00,4.613204,98.537109375
08:00:34,912810TZ1,TSRYS5752098,D,S,D,2024-05-17,1000000.00,4.613204,98.537109375
08:00:34,912810TZ1,TSRYS5752098,D,S,D,2024-05-17,2000000.00,4.611519,98.55859375
08:00:34,912810TZ1,TSRYS5752098,D,S,D,2024-05-17,1000000.00,4.636238,98.244140625
08:00:34,912810TZ1,TSRYS5752098,D,S,D,2024-05-17,1000000.00,4.645939,98.12109375
08:00:34,912810TZ1,TSRYS5752098,D,S,D,2024-05-17,1000000.00,4.645939,98.12109375
08:00:34,912810TZ1,TSRYS5752098,D,S,D,2024-05-17,1000000.00,4.645939,98.12109375
08:00:34,912810TZ1,TSRYS5752098,D,S,D,2024-05-17,1000000.00,4.645939,98.12109375
08:00:34,912810TZ1,TSRYS5752098,D,S,D,2024-05-17,1000000.00,4.645939,98.12109375
08:00:34,912810TZ1,TSRYS5752098,D,S,D,2024-05-17,1000000.00,4.645477,98.126953125
08:00:34,912810TZ1,TSRYS5752098,D,S,D,2024-05-17,1000000.00,4.646093,98.119140625
08:00:34,912810TZ1,TSRYS5752098,D,S,D,2024-05-17,2000000.00,4.64671,98.111328125
08:00:34,912810TZ1,TSRYS5752098,D,S,D,2024-05-17,2000000.00,4.647172,98.10546875
08:00:34,912810TZ1,TSRYS5752098,D,S,D,2024-05-17,1000000.00,4.647172,98.10546875
08:00:34,912810TZ1,TSRYS5752098,D,S,T,2024-05-17,1000000.00,4.613204,98.537109375
08:00:34,912810TZ1,TSRYS5752098,D,S,T,2024-05-17,1000000.00,4.613051,98.5390625
08:00:34,912810TZ1,TSRYS5752098,D,S,T,2024-05-17,1000000.00,4.612745,98.54296875
08:00:34,912810TZ1,TSRYS5752098,D,S,T,2024-05-17,1000000.00,4.615504,98.5078125
08:00:34,912810TZ1,TSRYS5752098,D,S,T,2024-05-17,1000000.00,4.613817,98.529296875
08:00:34,912810TZ1,TSRYS5752098,D,S,T,2024-05-17,1000000.00,4.61581,98.50390625
08:00:34,912810TZ1,TSRYS5752098,D,S,T,2024-05-17,1000000.00,4.615657,98.505859375
08:00:34,912810TZ1,TSRYS5752098,D,S,T,2024-05-17,1000000.00,4.618724,98.466796875
08:00:34,912810TZ1,TSRYS5752098,D,S,T,2024-05-17,1000000.00,4.618571,98.46875
08:00:34,912810TZ1,TSRYS5752098,D,S,T,2024-05-17,1000000.00,4.618724,98.466796875
08:00:34,912810TZ1,TSRYS5752098,D,S,T,2024-05-17,1000000.00,4.618724,98.466796875
08:00:34,912810TZ1,TSRYS5752098,D,S,T,2024-05-17,1000000.00,4.619184,98.4609375
08:00:34,912810TZ1,TSRYS5752098,D,S,T,2024-05-17,1000000.00,4.619031,98.462890625
08:00:34,912810TZ1,TSRYS5752098,D,S,T,2024-05-17,1000000.00,4.618878,98.46484375
08:00:34,912810TZ1,TSRYS5752098,D,S,T,2024-05-17,1000000.00,4.620412,98.4453125
08:00:34,912810TZ1,TSRYS5752098,D,S,T,2024-05-17,1000000.00,4.620105,98.44921875
08:00:34,912810TZ1,TSRYS5752098,D,S,T,2024-05-17,1000000.00,4.61489,98.515625
08:00:34,912810TZ1,TSRYS5752098,D,S,T,2024-05-17,1000000.00,4.613971,98.52734375
08:00:34,912810TZ1,TSRYS5752098,D,S,T,2024-05-17,1000000.00,4.612898,98.541015625
08:00:34,912810TZ1,TSRYS5752098,D,S,T,2024-05-17,1000000.00,4.613204,98.537109375
08:00:34,912810TZ1,TSRYS5752098,D,S,T,2024-05-17,1000000.00,4.613204,98.537109375
08:00:34,912810TZ1,TSRYS5752098,D,S,T,2024-05-17,1000000.00,4.625478,98.380859375
08:00:34,912810TZ1,TSRYS5752098,D,S,T,2024-05-17,1000000.00,4.625324,98.3828125
08:00:34,912810TZ1,TSRYS5752098,D,S,D,2024-05-17,1000000.00,4.625324,98.3828125
08:00:34,912810TZ1,TSRYS5752098,D,S,T,2024-05-17,1000000.00,4.625324,98.3828125
08:00:34,912810TZ1,TSRYS5752098,D,S,T,2024-05-17,1000000.00,4.625938,98.375
08:00:34,912810TZ1,TSRYS5752098,D,S,T,2024-05-17,2000000.00,4.625938,98.375
08:00:34,912810TZ1,TSRYS5752098,D,S,T,2024-05-17,1000000.00,4.6327,98.2890625
08:00:34,912810TZ1,TSRYS5752098,D,S,T,2024-05-17,1000000.00,4.6327,98.2890625
08:00:34,912810TZ1,TSRYS5752098,D,S,T,2024-05-17,1000000.00,4.6327,98.2890625
08:00:34,912810TZ1,TSRYS5752098,D,S,T,2024-05-17,1000000.00,4.6327,98.2890625
08:00:34,912810TZ1,TSRYS5752098,D,S,T,2024-05-17,1000000.00,4.633469,98.279296875
08:00:34,912810TZ1,TSRYS5752098,D,S,T,2024-05-17,1000000.00,4.633315,98.28125
08:00:34,912810TZ1,TSRYS5752098,D,S,T,2024-05-17,1000000.00,4.633315,98.28125
08:00:34,912810TZ1,TSRYS5752098,D,S,T,2024-05-17,2000000.00,4.637007,98.234375
08:00:34,912810TZ1,TSRYS5752098,D,S,T,2024-05-17,1000000.00,4.645939,98.12109375
08:00:34,912810TZ1,TSRYS5752098,D,S,T,2024-05-17,1000000.00,4.645939,98.12109375
08:00:34,912810TZ1,TSRYS5752098,D,S,D,2024-05-17,1000000.00,4.644706,98.13671875
08:00:34,912810TZ1,TSRYS5752098,D,S,D,2024-05-17,1000000.00,4.644706,98.13671875
08:00:34,912810TZ1,TSRYS5752098,D,S,D,2024-05-17,1000000.00,4.645631,98.125
08:00:34,912810TZ1,TSRYS5752098,D,S,D,2024-05-17,1000000.00,4.645631,98.125
08:00:34,912810TZ1,TSRYS5752098,D,S,T,2024-05-17,1000000.00,4.645631,98.125
08:00:34,912810TZ1,TSRYS5752098,D,S,T,2024-05-17,1000000.00,4.642087,98.169921875
08:00:34,912810TZ1,TSRYS5752098,D,S,T,2024-05-17,1000000.00,4.641933,98.171875
08:00:34,912810TZ1,TSRYS5752098,D,S,T,2024-05-17,1000000.00,4.642858,98.16015625
08:00:34,912810TZ1,TSRYS5752098,D,S,D,2024-05-17,1000000.00,4.612438,98.546875
08:00:34,912810TZ1,TSRYS5752098,D,S,T,2024-05-17,1000000.00,4.646864,98.109375
08:00:34,912810TZ1,TSRYS5752098,D,S,T,2024-05-17,1000000.00,4.644706,98.13671875
08:00:34,912810TZ1,TSRYS5752098,D,S,D,2024-05-17,1000000.00,4.644706,98.13671875
08:00:34,912810TZ1,TSRYS5752098,D,S,T,2024-05-17,1000000.00,4.644398,98.140625
08:00:34,912810TZ1,TSRYS5752098,D,B,C,2024-05-17,8000000.00,4.61673,98.4921875
08:00:34,912810TZ1,TSRYS5752098,D,S,D,2024-05-17,1000000.00,4.616117,98.5
08:00:34,912810TZ1,TSRYS5752098,D,S,D,2024-05-17,2000000.00,4.629626,98.328125
08:00:34,912810TZ1,TSRYS5752098,D,S,D,2024-05-17,1000000.00,4.622254,98.421875
08:00:34,912810TZ1,TSRYS5752098,D,S,A,2024-05-17,500000.00,4.629035,98.3359375
08:00:34,912810TZ1,TSRYS5752098,D,S,D,2024-05-17,1000000.00,4.625938,98.375
08:00:34,912810TZ1,TSRYS5752098,D,S,A,2024-05-17,10000000.00,4.633315,98.28125
08:00:34,912810TZ1,TSRYS5752098,D,B,A,2024-05-17,75000.00,4.613051,98.5390625
08:00:34,912810TZ1,TSRYS5752098,D,S,T,2024-05-17,1000000.00,4.61627,98.498046875
08:00:34,912810TZ1,TSRYS5752098,D,S,T,2024-05-17,1000000.00,4.617037,98.48828125
08:00:34,912810TZ1,TSRYS5752098,D,S,T,2024-05-17,1000000.00,4.616884,98.490234375
08:00:34,912810TZ1,TSRYS5752098,D,S,T,2024-05-17,1000000.00,4.61719,98.486328125
08:00:34,912810TZ1,TSRYS5752098,D,S,T,2024-05-17,1000000.00,4.617497,98.482421875
08:00:34,912810TZ1,TSRYS5752098,D,B,C,2024-05-17,8000000.00,4.61673,98.4921875
08:00:34,912810TZ1,TSRYS5752098,D,B,C,2024-05-17,8000000.00,4.619184,98.4609375
08:00:34,912810TZ1,TSRYS5752098,D,B,C,2024-05-17,8000000.00,4.618878,98.46484375
08:00:34,912810TZ1,TSRYS5752098,D,B,C,2024-05-17,8000000.00,4.618264,98.47265625
08:00:34,912810TZ1,TSRYS5752098,D,S,T,2024-05-17,1000000.00,4.622254,98.421875
08:00:34,912810TZ1,TSRYS5752098,D,S,T,2024-05-17,1000000.00,4.621179,98.435546875
08:00:38,912810TZ1,TSRYS5752098,D,S,A,2024-05-17,174000.00,4.625631,98.37890625
08:00:38,912810TZ1,TSRYS5752098,D,S,A,2024-05-17,100000.00,4.628101,98.34765625
08:00:38,912810TZ1,TSRYS5752098,D,S,A,2024-05-17,15000.00,4.628396,98.34375
08:00:38,912810TZ1,TSRYS5752098,D,S,A,2024-05-17,130000.00,4.628704,98.33984375
08:00:38,912810TZ1,TSRYS5752098,D,S,A,2024-05-17,187000.00,4.633623,98.27734375
08:00:38,912810TZ1,TSRYS5752098,D,B,C,2024-05-17,20000000.00,4.646864,98.109375
08:00:38,912810TZ1,TSRYS5752098,D,S,D,2024-05-17,1000000.00,4.629011,98.3359375
08:00:38,912810TZ1,TSRYS5752098,D,S,D,2024-05-17,1000000.00,4.629011,98.3359375
08:00:38,912810TZ1,TSRYS5752098,D,S,D,2024-05-17,2000000.00,4.629626,98.328125
08:00:38,912810TZ1,TSRYS5752098,D,S,T,2024-05-17,1000000.00,4.630855,98.3125
08:00:38,912810TZ1,TSRYS5752098,D,S,A,2024-05-17,9100000.00,4.615504,98.5078125
08:00:38,912810TZ1,TSRYS5752098,D,S,D,2024-05-17,1000000.00,4.635776,98.25
08:00:38,912810TZ1,TSRYS5752098,D,S,D,2024-05-17,1000000.00,4.635776,98.25
08:00:38,912810TZ1,TSRYS5752098,D,S,D,2024-05-17,1000000.00,4.635776,98.25
08:00:38,912810TZ1,TSRYS5752098,D,S,D,2024-05-17,1000000.00,4.634238,98.26953125
08:00:38,912810TZ1,TSRYS5752098,D,S,D,2024-05-17,1000000.00,4.635776,98.25
08:00:41,912810TZ1,TSRYS5752098,D,S,D,2024-05-17,1000000.00,4.645939,98.12109375
08:00:41,912810TZ1,TSRYS5752098,D,S,D,2024-05-17,1000000.00,4.645939,98.12109375
08:00:41,912810TZ1,TSRYS5752098,D,S,D,2024-05-17,1000000.00,4.646864,98.109375
08:00:41,912810TZ1,TSRYS5752098,D,S,D,2024-05-17,1000000.00,4.645631,98.125
08:00:41,912810TZ1,TSRYS5752098,D,B,C,2024-05-17,10000000.00,4.630855,98.3125
08:00:42,912810TZ1,TSRYS5752098,D,S,D,2024-05-17,1000000.00,4.645939,98.12109375
08:00:42,912810TZ1,TSRYS5752098,D,S,D,2024-05-17,1000000.00,4.645631,98.125
08:00:42,912810TZ1,TSRYS5752098,D,S,D,2024-05-17,1000000.00,4.645631,98.125
08:00:42,912810TZ1,TSRYS5752098,D,S,D,2024-05-17,1000000.00,4.645631,98.125
08:00:42,912810TZ1,TSRYS5752098,D,S,T,2024-05-17,1000000.00,4.647789,98.09765625
08:00:42,912810TZ1,TSRYS5752098,D,S,T,2024-05-17,1000000.00,4.647789,98.09765625
08:00:42,912810TZ1,TSRYS5752098,D,S,T,2024-05-17,1000000.00,4.645014,98.1328125
08:00:42,912810TZ1,TSRYS5752098,D,S,T,2024-05-17,1000000.00,4.64533,98.12880625
08:00:42,912810TZ1,TSRYS5752098,D,S,T,2024-05-17,1000000.00,4.643012,98.158203125
08:00:42,912810TZ1,TSRYS5752098,D,S,T,2024-05-17,1000000.00,4.630855,98.3125
08:00:42,912810TZ1,TSRYS5752098,D,S,T,2024-05-17,1000000.00,4.629626,98.328125
08:00:43,912810TZ1,TSRYS5752098,D,S,T,2024-05-17,1000000.00,4.633315,98.28125
08:00:43,912810TZ1,TSRYS5752098,D,S,A,2024-05-17,4000000.00,4.635173,98.2578125
08:00:43,912810TZ1,TSRYS5752098,D,S,T,2024-05-17,1000000.00,4.614584,98.51953125
08:00:43,912810TZ1,TSRYS5752098,D,S,T,2024-05-17,1000000.00,4.614584,98.51953125
08:00:43,912810TZ1,TSRYS5752098,D,S,T,2024-05-17,1000000.00,4.614584,98.51953125
08:00:43,912810TZ1,TSRYS5752098,D,B,A,2024-05-17,3360000.00,4.616424,98.49609375
08:00:43,912810TZ1,TSRYS5752098,D,S,T,2024-05-17,1000000.00,4.614584,98.51953125
08:00:43,912810TZ1,TSRYS5752098,D,S,T,2024-05-17,1000000.00,4.613971,98.52734375
08:00:43,912810TZ1,TSRYS5752098,D,S,D,2024-05-17,10000000.00,4.610383,98.57308
08:00:45,912810TZ1,TSRYS5752098,D,S,D,2024-05-17,1000000.00,4.612499,98.5461
08:00:46,912810TZ1,TSRYS5752098,D,S,D,2024-05-17,1000000.00,4.644706,98.13671875
08:00:46,912810TZ1,TSRYS5752098,D,S,T,2024-05-17,1000000.00,4.633315,98.28125
08:00:46,912810TZ1,TSRYS5752098,D,S,T,2024-05-17,1000000.00,4.639162,98.20703125
08:00:47,912810TZ1,TSRYS5752098,D,S,T,2024-05-17,1000000.00,4.645477,98.126953125
08:00:47,912810TZ1,TSRYS5752098,D,S,A,2024-05-17,10000000.00,4.633055,98.2845625
08:00:50,912810TZ1,TSRYS5752098,D,S,D,2024-05-17,10000000.00,4.615626,98.50625
08:00:53,912810TZ1,TSRYS5752098,D,S,T,2024-05-17,1000000.00,4.639162,98.20703125
08:00:53,912810TZ1,TSRYS5752098,D,S,T,2024-05-17,1000000.00,4.639162,98.20703125
08:00:53,912810TZ1,TSRYS5752098,D,S,T,2024-05-17,1000000.00,4.647634,98.099609375
08:00:53,912810TZ1,TSRYS5752098,D,S,T,2024-05-17,1000000.00,4.647634,98.099609375
08:00:53,912810TZ1,TSRYS5752098,D,B,A,2024-05-17,670000.00,4.642549,98.1640625
08:00:53,912810TZ1,TSRYS5752098,D,B,A,2024-05-17,880000.00,4.642858,98.16015625
08:00:53,912810TZ1,TSRYS5752098,D,B,A,2024-05-17,160000.00,4.641933,98.171875
08:00:54,912810TZ1,TSRYS5752098,D,B,C,2024-05-17,10000000.00,4.641317,98.1796875
08:00:55,912810TZ1,TSRYS5752098,D,S,T,2024-05-17,1000000.00,4.614898,98.515523
08:00:55,912810TZ1,TSRYS5752098,D,S,T,2024-05-17,1000000.00,4.614898,98.515523
08:00:57,912810TZ1,TSRYS5752098,D,S,A,2024-05-17,315000.00,4.613664,98.53125
08:00:57,912810TZ1,TSRYS5752098,D,S,T,2024-05-17,1000000.00,4.645631,98.125
08:00:58,912810TZ1,TSRYS5752098,D,S,T,2024-05-17,1000000.00,4.645631,98.125
08:00:59,912810TZ1,TSRYS5752098,D,S,T,2024-05-17,1000000.00,4.645631,98.125
08:01:00,912810TZ1,TSRYS5752098,D,S,C,2024-05-17,1000000.00,4.611825,98.5546875
08:01:00,912810TZ1,TSRYS5752098,D,S,C,2024-05-17,1000000.00,4.611212,98.5625
08:01:00,912810TZ1,TSRYS5752098,D,S,C,2024-05-17,1000000.00,4.611825,98.5546875
08:01:00,912810TZ1,TSRYS5752098,D,B,C,2024-05-17,1000000.00,4.611825,98.5546875
08:01:00,912810TZ1,TSRYS5752098,D,S,C,2024-05-17,1000000.00,4.613664,98.53125
08:01:00,912810TZ1,TSRYS5752098,D,B,C,2024-05-17,1000000.00,4.613358,98.53515625
08:01:00,912810TZ1,TSRYS5752098,D,S,D,2024-05-17,1000000.00,4.613664,98.53125
08:01:00,912810TZ1,TSRYS5752098,D,S,D,2024-05-17,1000000.00,4.613358,98.53515625
08:01:00,912810TZ1,TSRYS5752098,D,S,D,2024-05-17,1000000.00,4.611825,98.5546875
08:01:00,912810TZ1,TSRYS5752098,D,S,D,2024-05-17,1000000.00,4.612438,98.546875
08:01:00,912810TZ1,TSRYS5752098,D,B,C,2024-05-17,1000000.00,4.613664,98.53125
08:01:00,912810TZ1,TSRYS5752098,D,B,C,2024-05-17,1000000.00,4.611825,98.5546875
08:01:00,912810TZ1,TSRYS5752098,D,B,C,2024-05-17,1000000.00,4.61489,98.515625
08:01:00,912810TZ1,TSRYS5752098,D,S,D,2024-05-17,1000000.00,4.61489,98.515625
08:01:00,912810TZ1,TSRYS5752098,D,B,C,2024-05-17,1000000.00,4.615504,98.5078125
08:01:00,912810TZ1,TSRYS5752098,D,S,D,2024-05-17,1000000.00,4.615504,98.5078125
08:01:00,912810TZ1,TSRYS5752098,D,S,D,2024-05-17,1000000.00,4.613664,98.53125
08:01:00,912810TZ1,TSRYS5752098,D,S,D,2024-05-17,2000000.00,4.616117,98.5
08:01:00,912810TZ1,TSRYS5752098,D,S,D,2024-05-17,1000000.00,4.645939,98.12109375
08:01:00,912810TZ1,TSRYS5752098,D,S,D,2024-05-17,1000000.00,4.615504,98.5078125
08:01:00,912810TZ1,TSRYS5752098,D,S,D,2024-05-17,1000000.00,4.618571,98.46875
08:01:00,912810TZ1,TSRYS5752098,D,S,D,2024-05-17,1000000.00,4.645939,98.12109375
08:01:00,912810TZ1,TSRYS5752098,D,S,D,2024-05-17,1000000.00,4.618571,98.46875
08:01:00,912810TZ1,TSRYS5752098,D,S,D,2024-05-17,1000000.00,4.61581,98.50390625
08:01:00,912810TZ1,TSRYS5752098,D,S,D,2024-05-17,1000000.00,4.619491,98.45703125
08:01:00,912810TZ1,TSRYS5752098,D,S,D,2024-05-17,1000000.00,4.618571,98.46875
08:01:00,912810TZ1,TSRYS5752098,D,S,D,2024-05-17,1000000.00,4.621947,98.42578125
08:01:00,912810TZ1,TSRYS5752098,D,S,C,2024-05-17,1000000.00,4.618571,98.46875
08:01:00,912810TZ1,TSRYS5752098,D,S,D,2024-05-17,1000000.00,4.619184,98.4609375
08:01:00,912810TZ1,TSRYS5752098,D,S,D,2024-05-17,1000000.00,4.618571,98.46875
08:01:01,912810TZ1,TSRYS5752098,D,B,A,2024-05-17,174000.00,4.625631,98.37890625
08:01:01,912810TZ1,TSRYS5752098,D,B,C,2024-05-17,1000000.00,4.612438,98.546875
08:01:01,912810TZ1,TSRYS5752098,D,S,D,2024-05-17,1000000.00,4.612438,98.546875
08:01:01,912810TZ1,TSRYS5752098,D,S,D,2024-05-17,1000000.00,4.612438,98.546875
08:01:01,912810TZ1,TSRYS5752098,D,B,A,2024-05-17,525000.00,4.61489,98.515625
08:01:01,912810TZ1,TSRYS5752098,D,S,D,2024-05-17,1000000.00,4.616117,98.5
08:01:01,912810TZ1,TSRYS5752098,D,S,T,2024-05-17,1000000.00,4.645939,98.12109375
08:01:01,912810TZ1,TSRYS5752098,D,S,C,2024-05-17,5000.00,4.641304,98.179854
08:01:01,912810TZ1,TSRYS5752098,D,S,D,2024-05-17,1000000.00,4.629011,98.3359375
08:01:01,912810TZ1,TSRYS5752098,D,S,D,2024-05-17,1000000.00,4.629011,98.3359375
08:01:01,912810TZ1,TSRYS5752098,D,S,D,2024-05-17,2000000.00,4.629626,98.328125
08:01:01,912810TZ1,TSRYS5752098,D,S,C,2024-05-17,1000000.00,4.631778,98.30078125
08:01:01,912810TZ1,TSRYS5752098,D,B,C,2024-05-17,1000000.00,4.631778,98.30078125
08:01:01,912810TZ1,TSRYS5752098,D,B,C,2024-05-17,1000000.00,4.637007,98.234375
08:01:01,912810TZ1,TSRYS5752098,D,S,C,2024-05-17,1000000.00,4.637007,98.234375
08:01:01,912810TZ1,TSRYS5752098,D,B,A,2024-05-17,187000.00,4.633623,98.27734375
08:01:01,912810TZ1,TSRYS5752098,D,S,C,2024-05-17,1000000.00,4.635776,98.25
08:01:01,912810TZ1,TSRYS5752098,D,S,C,2024-05-17,1000000.00,4.635776,98.25
08:01:01,912810TZ1,TSRYS5752098,D,S,D,2024-05-17,1000000.00,4.635776,98.25
08:01:02,912810TZ1,TSRYS5752098,D,S,D,2024-05-17,1000000.00,4.635776,98.25
08:01:02,912810TZ1,TSRYS5752098,D,B,C,2024-05-17,1000000.00,4.635776,98.25
08:01:02,912810TZ1,TSRYS5752098,D,S,C,2024-05-17,1000000.00,4.636392,98.2421875
08:01:02,912810TZ1,TSRYS5752098,D,B,C,2024-05-17,1000000.00,4.636392,98.2421875
08:01:02,912810TZ1,TSRYS5752098,D,B,C,2024-05-17,2000000.00,4.638238,98.21875
08:01:02,912810TZ1,TSRYS5752098,D,S,C,2024-05-17,2000000.00,4.638238,98.21875
08:01:02,912810TZ1,TSRYS5752098,D,S,C,2024-05-17,1000000.00,4.642858,98.16015625
08:01:02,912810TZ1,TSRYS5752098,D,S,C,2024-05-17,1000000.00,4.64409,98.14453125
08:01:02,912810TZ1,TSRYS5752098,D,B,C,2024-05-17,1000000.00,4.64409,98.14453125
08:01:02,912810TZ1,TSRYS5752098,D,S,D,2024-05-17,1000000.00,4.645939,98.12109375
08:01:02,912810TZ1,TSRYS5752098,D,S,D,2024-05-17,1000000.00,4.645939,98.12109375
08:01:02,912810TZ1,TSRYS5752098,D,B,C,2024-05-17,1000000.00,4.645939,98.12109375
08:01:02,912810TZ1,TSRYS5752098,D,S,D,2024-05-17,1000000.00,4.645939,98.12109375
08:01:02,912810TZ1,TSRYS5752098,D,B,C,2024-05-17,1000000.00,4.645939,98.12109375
08:01:02,912810TZ1,TSRYS5752098,D,B,C,2024-05-17,1000000.00,4.645939,98.12109375
08:01:02,912810TZ1,TSRYS5752098,D,S,D,2024-05-17,1000000.00,4.645939,98.12109375
08:01:02,912810TZ1,TSRYS5752098,D,S,D,2024-05-17,1000000.00,4.645939,98.12109375
08:01:02,912810TZ1,TSRYS5752098,D,S,D,2024-05-17,1000000.00,4.646864,98.109375
08:01:02,912810TZ1,TSRYS5752098,D,S,D,2024-05-17,1000000.00,4.645631,98.125
08:01:02,912810TZ1,TSRYS5752098,D,S,D,2024-05-17,1000000.00,4.645939,98.12109375
08:01:02,912810TZ1,TSRYS5752098,D,S,C,2024-05-17,1000000.00,4.648097,98.09375
08:01:02,912810TZ1,TSRYS5752098,D,S,C,2024-05-17,1000000.00,4.648097,98.09375
08:01:02,912810TZ1,TSRYS5752098,D,S,T,2024-05-17,1000000.00,4.645631,98.125
08:01:02,912810TZ1,TSRYS5752098,D,S,D,2024-05-17,1000000.00,4.645631,98.125
08:01:03,912810TZ1,TSRYS5752098,D,B,C,2024-05-17,19000.00,4.645014,98.1328125
08:01:05,912810TZ1,TSRYS5752098,D,S,A,2024-05-17,10000.00,4.62073,98.44140625
08:01:07,912810TZ1,TSRYS5752098,D,S,D,2024-05-17,290000.00,4.643782,98.1484375
08:01:08,912810TZ1,TSRYS5752098,D,S,T,2024-05-17,1000000.00,4.645631,98.125
08:01:08,912810TZ1,TSRYS5752098,D,S,T,2024-05-17,1000000.00,4.645939,98.12109375
08:01:08,912810TZ1,TSRYS5752098,D,S,D,2024-05-17,1000000.00,4.645939,98.12109375
08:01:10,912810TZ1,TSRYS5752098,D,S,T,2024-05-17,1000000.00,4.645939,98.12109375
08:01:10,912810TZ1,TSRYS5752098,D,S,T,2024-05-17,1000000.00,4.645939,98.12109375
08:01:10,912810TZ1,TSRYS5752098,D,S,D,2024-05-17,1000000.00,4.612438,98.546875
08:01:11,912810TZ1,TSRYS5752098,D,S,D,2024-05-17,1000000.00,4.618571,98.46875
08:01:11,912810TZ1,TSRYS5752098,D,S,D,2024-05-17,1000000.00,4.618571,98.46875
08:01:11,912810TZ1,TSRYS5752098,D,S,D,2024-05-17,1000000.00,4.619184,98.4609375
08:01:11,912810TZ1,TSRYS5752098,D,S,D,2024-05-17,1000000.00,4.619491,98.45703125
08:01:11,912810TZ1,TSRYS5752098,D,S,D,2024-05-17,1000000.00,4.616117,98.5
08:01:11,912810TZ1,TSRYS5752098,D,S,D,2024-05-17,1000000.00,4.629011,98.3359375
08:01:11,912810TZ1,TSRYS5752098,D,S,D,2024-05-17,1000000.00,4.629011,98.3359375
08:01:11,912810TZ1,TSRYS5752098,D,S,D,2024-05-17,1000000.00,4.645631,98.125
08:01:11,912810TZ1,TSRYS5752098,D,S,D,2024-05-17,1700000.00,4.644398,98.140625
08:01:11,912810TZ1,TSRYS5752098,D,S,D,2024-05-17,290000.00,4.643782,98.1484375
08:01:11,912810TZ1,TSRYS5752098,D,S,T,2024-05-17,2000000.00,4.645939,98.12109375
08:01:12,912810TZ1,TSRYS5752098,D,S,T,2024-05-17,1000000.00,4.614898,98.515525
08:01:12,912810TZ1,TSRYS5752098,D,S,T,2024-05-17,1000000.00,4.619499,98.45693125
08:01:12,912810TZ1,TSRYS5752098,D,S,T,2024-05-17,1000000.00,4.619499,98.45693125
08:01:13,912810TZ1,TSRYS5752098,D,S,T,2024-05-17,1000000.00,4.615972,98.501853125
08:01:13,912810TZ1,TSRYS5752098,D,S,T,2024-05-17,1000000.00,4.629019,98.3358375
08:01:13,912810TZ1,TSRYS5752098,D,S,T,2024-05-17,1000000.00,4.645639,98.1249
08:01:13,912810TZ1,TSRYS5752098,D,B,C,2024-05-17,1000000.00,4.613531,98.5329492
08:01:13,912810TZ1,TSRYS5752098,D,B,A,2024-05-17,11477200.00,4.640701,98.1875
08:01:13,912810TZ1,TSRYS5752098,D,S,A,2024-05-17,2000000.00,4.628396,98.34375
08:01:13,912810TZ1,TSRYS5752098,D,B,A,2024-05-17,1000000.00,4.61489,98.515625
08:01:13,912810TZ1,TSRYS5752098,D,B,C,2024-05-17,1000000.00,4.615114,98.5127717
08:01:13,912810TZ1,TSRYS5752098,D,S,D,2024-05-17,5000000.00,4.615663,98.5057781
08:01:13,912810TZ1,TSRYS5752098,D,S,D,2024-05-17,5000000.00,4.618547,98.4690594
08:01:13,912810TZ1,TSRYS5752098,D,B,C,2024-05-17,7000000.00,4.612438,98.546875
08:01:13,912810TZ1,TSRYS5752098,D,B,C,2024-05-17,7000000.00,4.628988,98.3362326
08:01:13,912810TZ1,TSRYS5752098,D,B,C,2024-05-17,2000000.00,4.64531,98.1290643
08:01:14,912810TZ1,TSRYS5752098,D,B,C,2024-05-17,1000000.00,4.644706,98.13671875
08:01:14,912810TZ1,TSRYS5752098,D,S,D,2024-05-17,1000000.00,4.644706,98.13671875
08:01:14,912810TZ1,TSRYS5752098,D,B,C,2024-05-17,1000000.00,4.644398,98.140625
08:01:14,912810TZ1,TSRYS5752098,D,S,D,2024-05-17,1000000.00,4.644398,98.140625
08:01:14,912810TZ1,TSRYS5752098,D,S,D,2024-05-17,1000000.00,4.644706,98.13671875
08:01:14,912810TZ1,TSRYS5752098,D,B,C,2024-05-17,1000000.00,4.644706,98.13671875
08:01:14,912810TZ1,TSRYS5752098,D,S,D,2024-05-17,1000000.00,4.645014,98.1328125
08:01:14,912810TZ1,TSRYS5752098,D,S,D,2024-05-17,1000000.00,4.644706,98.13671875
08:01:14,912810TZ1,TSRYS5752098,D,S,D,2024-05-17,1000000.00,4.645631,98.125
08:01:14,912810TZ1,TSRYS5752098,D,B,C,2024-05-17,1000000.00,4.645014,98.1328125
08:01:14,912810TZ1,TSRYS5752098,D,S,D,2024-05-17,1000000.00,4.645323,98.12890625
08:01:14,912810TZ1,TSRYS5752098,D,S,D,2024-05-17,1000000.00,4.645323,98.12890625
08:01:14,912810TZ1,TSRYS5752098,D,S,D,2024-05-17,1000000.00,4.645323,98.12890625
08:01:14,912810TZ1,TSRYS5752098,D,S,D,2024-05-17,1000000.00,4.645631,98.125
08:01:14,912810TZ1,TSRYS5752098,D,S,D,2024-05-17,1000000.00,4.645323,98.12890625
08:01:14,912810TZ1,TSRYS5752098,D,S,D,2024-05-17,1000000.00,4.645323,98.12890625
08:01:14,912810TZ1,TSRYS5752098,D,S,D,2024-05-17,1000000.00,4.645014,98.1328125
08:01:14,912810TZ1,TSRYS5752098,D,B,C,2024-05-17,1000000.00,4.645014,98.1328125
08:01:14,912810TZ1,TSRYS5752098,D,B,C,2024-05-17,1000000.00,4.645014,98.1328125
08:01:14,912810TZ1,TSRYS5752098,D,S,D,2024-05-17,1000000.00,4.645014,98.1328125
08:01:14,912810TZ1,TSRYS5752098,D,S,D,2024-05-17,1000000.00,4.645323,98.12890625
08:01:14,912810TZ1,TSRYS5752098,D,B,C,2024-05-17,1000000.00,4.645631,98.125
08:01:14,912810TZ1,TSRYS5752098,D,S,D,2024-05-17,1000000.00,4.645631,98.125
08:01:14,912810TZ1,TSRYS5752098,D,B,C,2024-05-17,1000000.00,4.645631,98.125
08:01:14,912810TZ1,TSRYS5752098,D,S,D,2024-05-17,1000000.00,4.645631,98.125
08:01:14,912810TZ1,TSRYS5752098,D,S,D,2024-05-17,1000000.00,4.645631,98.125
08:01:14,912810TZ1,TSRYS5752098,D,B,C,2024-05-17,1000000.00,4.645631,98.125
08:01:14,912810TZ1,TSRYS5752098,D,S,D,2024-05-17,1000000.00,4.645631,98.125
08:01:14,912810TZ1,TSRYS5752098,D,B,C,2024-05-17,1000000.00,4.645631,98.125
08:01:14,912810TZ1,TSRYS5752098,D,S,D,2024-05-17,1000000.00,4.645631,98.125
08:01:14,912810TZ1,TSRYS5752098,D,S,D,2024-05-17,1000000.00,4.645014,98.1328125
08:01:14,912810TZ1,TSRYS5752098,D,B,C,2024-05-17,1000000.00,4.645014,98.1328125
08:01:14,912810TZ1,TSRYS5752098,D,S,D,2024-05-17,1000000.00,4.645323,98.12890625
08:01:15,912810TZ1,TSRYS5752098,D,B,C,2024-05-17,1000000.00,4.644706,98.13671875
08:01:15,912810TZ1,TSRYS5752098,D,S,D,2024-05-17,1000000.00,4.644706,98.13671875
08:01:16,912810TZ1,TSRYS5752098,D,S,C,2024-05-17,1000000.00,4.644706,98.13671875
08:01:17,912810TZ1,TSRYS5752098,D,S,D,2024-05-17,4000000.00,4.618713,98.46694
08:01:18,912810TZ1,TSRYS5752098,D,S,T,2024-05-17,1000000.00,4.618571,98.46875
08:01:18,912810TZ1,TSRYS5752098,D,S,D,2024-05-17,1000000.00,4.616577,98.49414062
08:01:18,912810TZ1,TSRYS5752098,D,S,D,2024-05-17,1000000.00,4.616577,98.49414062
08:01:18,912810TZ1,TSRYS5752098,D,S,D,2024-05-17,1000000.00,4.618571,98.46875
08:01:18,912810TZ1,TSRYS5752098,D,S,D,2024-05-17,1000000.00,4.618571,98.46875
08:01:18,912810TZ1,TSRYS5752098,D,B,C,2024-05-17,1000000.00,4.610906,98.56640625
08:01:19,912810TZ1,TSRYS5752098,D,S,D,2024-05-17,1000000.00,4.618571,98.46875
08:01:19,912810TZ1,TSRYS5752098,D,S,D,2024-05-17,1000000.00,4.618571,98.46875
08:01:19,912810TZ1,TSRYS5752098,D,S,T,2024-05-17,1000000.00,4.618587,98.46855
08:01:19,912810TZ1,TSRYS5752098,D,S,T,2024-05-17,1000000.00,4.618587,98.46855
08:01:19,912810TZ1,TSRYS5752098,D,S,D,2024-05-17,1000000.00,4.618264,98.47265625
08:01:19,912810TZ1,TSRYS5752098,D,B,C,2024-05-17,8000000.00,4.61855,98.46902
08:01:20,912810TZ1,TSRYS5752098,D,B,C,2024-05-17,1000000.00,4.618878,98.46484375
08:01:20,912810TZ1,TSRYS5752098,D,S,A,2024-05-17,2000000.00,4.61394,98.52734375
08:01:21,912810TZ1,TSRYS5752098,D,S,T,2024-05-17,1000000.00,4.618589,98.468525
08:01:21,912810TZ1,TSRYS5752098,D,S,T,2024-05-17,1000000.00,4.616135,98.499775
08:01:21,912810TZ1,TSRYS5752098,D,S,T,2024-05-17,1000000.00,4.628414,98.343525
08:01:21,912810TZ1,TSRYS5752098,D,S,A,2024-05-17,500000.00,4.612438,98.546875
08:01:21,912810TZ1,TSRYS5752098,D,S,T,2024-05-17,1000000.00,4.618417,98.470703125
08:01:21,912810TZ1,TSRYS5752098,D,S,T,2024-05-17,1000000.00,4.618571,98.46875
08:01:21,912810TZ1,TSRYS5752098,D,S,T,2024-05-17,1000000.00,4.619338,98.458984375
08:01:21,912810TZ1,TSRYS5752098,D,S,T,2024-05-17,1000000.00,4.619184,98.4609375
08:01:21,912810TZ1,TSRYS5752098,D,S,T,2024-05-17,1000000.00,4.619338,98.458984375
08:01:21,912810TZ1,TSRYS5752098,D,S,T,2024-05-17,1000000.00,4.619491,98.45703125
08:01:21,912810TZ1,TSRYS5752098,D,S,T,2024-05-17,1000000.00,4.616117,98.5
08:01:21,912810TZ1,TSRYS5752098,D,S,T,2024-05-17,1000000.00,4.616117,98.5
08:01:21,912810TZ1,TSRYS5752098,D,S,T,2024-05-17,1000000.00,4.629011,98.3359375
08:01:21,912810TZ1,TSRYS5752098,D,S,T,2024-05-17,1000000.00,4.629011,98.3359375
08:01:21,912810TZ1,TSRYS5752098,D,S,T,2024-05-17,1000000.00,4.628857,98.337890625
08:01:21,912810TZ1,TSRYS5752098,D,S,T,2024-05-17,1000000.00,4.635007,98.25976562
08:01:21,912810TZ1,TSRYS5752098,D,S,T,2024-05-17,1000000.00,4.635007,98.25976562
08:01:21,912810TZ1,TSRYS5752098,D,S,D,2024-05-17,1000000.00,4.635161,98.2578125
08:01:21,912810TZ1,TSRYS5752098,D,S,T,2024-05-17,1000000.00,4.634853,98.26171875
08:01:22,912810TZ1,TSRYS5752098,D,S,T,2024-05-17,1000000.00,4.635776,98.25
08:01:22,912810TZ1,TSRYS5752098,D,S,T,2024-05-17,1000000.00,4.639316,98.20507812
08:01:22,912810TZ1,TSRYS5752098,D,S,D,2024-05-17,40000000.00,4.630609,98.31563
08:01:22,912810TZ1,TSRYS5752098,D,S,T,2024-05-17,1000000.00,4.639008,98.20898437
08:01:22,912810TZ1,TSRYS5752098,D,S,T,2024-05-17,1000000.00,4.645631,98.125
08:01:22,912810TZ1,TSRYS5752098,D,S,T,2024-05-17,1000000.00,4.64671,98.11132812
08:01:22,912810TZ1,TSRYS5752098,D,S,T,2024-05-17,1000000.00,4.646555,98.11328125
08:01:22,912810TZ1,TSRYS5752098,D,B,C,2024-05-17,8000000.00,4.618571,98.46875
08:01:22,912810TZ1,TSRYS5752098,D,S,D,2024-05-17,1000000.00,4.648097,98.09375
08:01:22,912810TZ1,TSRYS5752098,D,S,D,2024-05-17,1000000.00,4.648097,98.09375
08:01:22,912810TZ1,TSRYS5752098,D,B,C,2024-05-17,8000000.00,4.61489,98.515625
08:01:22,912810TZ1,TSRYS5752098,D,B,C,2024-05-17,7000000.00,4.614277,98.5234375
08:01:22,912810TZ1,TSRYS5752098,D,S,T,2024-05-17,1000000.00,4.645631,98.125
08:01:22,912810TZ1,TSRYS5752098,D,S,A,2024-05-17,211400.00,4.610916,98.56640625
08:01:22,912810TZ1,TSRYS5752098,D,S,A,2024-05-17,600000.00,4.641933,98.171875
08:01:23,912810TZ1,TSRYS5752098,D,S,D,2024-05-17,39000000.00,4.61406,98.52621
08:01:23,912810TZ1,TSRYS5752098,D,S,D,2024-05-17,16000000.00,4.613197,98.53721
08:01:23,912810TZ1,TSRYS5752098,D,B,A,2024-05-17,50MM+,4.609987,98.578125
08:01:23,912810TZ1,TSRYS5752098,D,S,T,2024-05-17,1000000.00,4.62471,98.390625
08:01:23,912810TZ1,TSRYS5752098,D,S,T,2024-05-17,1000000.00,4.62471,98.390625
08:01:23,912810TZ1,TSRYS5752098,D,S,T,2024-05-17,1000000.00,4.62471,98.390625
08:01:23,912810TZ1,TSRYS5752098,D,S,C,2024-05-17,30700000.00,4.645164,98.13091
08:01:23,912810TZ1,TSRYS5752098,D,S,C,2024-05-17,2400000.00,4.645164,98.13091
08:01:23,912810TZ1,TSRYS5752098,D,S,C,2024-05-17,2000000.00,4.645164,98.13091
08:01:23,912810TZ1,TSRYS5752098,D,S,C,2024-05-17,3000000.00,4.645164,98.13091
08:01:23,912810TZ1,TSRYS5752098,D,S,C,2024-05-17,1900000.00,4.645164,98.13091
08:01:23,912810TZ1,TSRYS5752098,D,S,T,2024-05-17,1000000.00,4.615504,98.5078125
08:01:23,912810TZ1,TSRYS5752098,D,S,D,2024-05-17,1000000.00,4.615504,98.5078125
08:01:23,912810TZ1,TSRYS5752098,D,S,D,2024-05-17,1000000.00,4.615504,98.5078125
08:01:23,912810TZ1,TSRYS5752098,D,S,T,2024-05-17,1000000.00,4.638246,98.218648
08:01:23,912810TZ1,TSRYS5752098,D,S,T,2024-05-17,1000000.00,4.638238,98.21875
08:01:23,912810TZ1,TSRYS5752098,D,S,C,2024-05-17,1000000.00,4.64409,98.14453125
08:01:23,912810TZ1,TSRYS5752098,D,S,T,2024-05-17,1000000.00,4.625938,98.375
08:01:23,912810TZ1,TSRYS5752098,D,S,T,2024-05-17,1000000.00,4.625938,98.375
08:01:23,912810TZ1,TSRYS5752098,D,S,T,2024-05-17,1000000.00,4.638246,98.218648
08:01:23,912810TZ1,TSRYS5752098,D,S,D,2024-05-17,1000000.00,4.615197,98.51171875
08:01:23,912810TZ1,TSRYS5752098,D,S,D,2024-05-17,1000000.00,4.610753,98.56835937
08:01:23,912810TZ1,TSRYS5752098,D,S,T,2024-05-17,1000000.00,4.638246,98.218648
08:01:23,912810TZ1,TSRYS5752098,D,S,T,2024-05-17,1000000.00,4.615044,98.51367187
08:01:23,912810TZ1,TSRYS5752098,D,S,T,2024-05-17,1000000.00,4.638238,98.21875
08:01:23,912810TZ1,TSRYS5752098,D,S,D,2024-05-17,9000000.00,4.614653,98.51865
08:01:23,912810TZ1,TSRYS5752098,D,S,T,2024-05-17,1000000.00,4.625938,98.375
08:01:23,912810TZ1,TSRYS5752098,D,S,T,2024-05-17,1000000.00,4.629634,98.328025
08:01:23,912810TZ1,TSRYS5752098,D,S,T,2024-05-17,1000000.00,4.629626,98.328125
08:01:23,912810TZ1,TSRYS5752098,D,S,T,2024-05-17,1000000.00,4.629626,98.328125
08:01:23,912810TZ1,TSRYS5752098,D,S,T,2024-05-17,1000000.00,4.629626,98.328125
08:01:24,912810TZ1,TSRYS5752098,D,S,C,2024-05-17,75000.00,4.613051,98.5390625
08:01:24,912810TZ1,TSRYS5752098,D,S,T,2024-05-17,1000000.00,4.636853,98.236328125
08:01:24,912810TZ1,TSRYS5752098,D,S,T,2024-05-17,1000000.00,4.636853,98.236328125
08:01:24,912810TZ1,TSRYS5752098,D,S,T,2024-05-17,2000000.00,4.637007,98.234375
08:01:24,912810TZ1,TSRYS5752098,D,S,T,2024-05-17,1000000.00,4.637007,98.234375
08:01:24,912810TZ1,TSRYS5752098,D,S,T,2024-05-17,1000000.00,4.636554,98.240134375
08:01:24,912810TZ1,TSRYS5752098,D,S,T,2024-05-17,1000000.00,4.636707,98.23818125
08:01:24,912810TZ1,TSRYS5752098,D,S,T,2024-05-17,1000000.00,4.636707,98.23818125
08:01:24,912810TZ1,TSRYS5752098,D,S,T,2024-05-17,1000000.00,4.636861,98.236228125
08:01:24,912810TZ1,TSRYS5752098,D,S,T,2024-05-17,2000000.00,4.636861,98.236228125
08:01:24,912810TZ1,TSRYS5752098,D,B,A,2024-05-17,2000000.00,4.610684,98.5703125
08:01:24,912810TZ1,TSRYS5752098,D,S,T,2024-05-17,1000000.00,4.637015,98.234275
08:01:24,912810TZ1,TSRYS5752098,D,S,T,2024-05-17,1000000.00,4.637015,98.234275
08:01:24,912810TZ1,TSRYS5752098,D,S,T,2024-05-17,1000000.00,4.637007,98.234375
08:01:24,912810TZ1,TSRYS5752098,D,S,T,2024-05-17,1000000.00,4.637007,98.234375
08:01:24,912810TZ1,TSRYS5752098,D,S,T,2024-05-17,1000000.00,4.637007,98.234375
08:01:24,912810TZ1,TSRYS5752098,D,S,T,2024-05-17,1000000.00,4.637007,98.234375
08:01:24,912810TZ1,TSRYS5752098,D,S,T,2024-05-17,1000000.00,4.637007,98.234375
08:01:24,912810TZ1,TSRYS5752098,D,S,T,2024-05-17,1000000.00,4.645477,98.126953125
08:01:24,912810TZ1,TSRYS5752098,D,S,T,2024-05-17,1000000.00,4.645323,98.12890625
08:01:24,912810TZ1,TSRYS5752098,D,S,T,2024-05-17,1000000.00,4.645631,98.125
08:01:24,912810TZ1,TSRYS5752098,D,S,D,2024-05-17,1700000.00,4.645592,98.125
08:01:25,912810TZ1,TSRYS5752098,D,S,T,2024-05-17,1000000.00,4.644552,98.138671875
08:01:26,912810TZ1,TSRYS5752098,D,S,T,2024-05-17,1000000.00,4.644398,98.140625
08:01:26,912810TZ1,TSRYS5752098,D,S,T,2024-05-17,1000000.00,4.644552,98.138671875
08:01:26,912810TZ1,TSRYS5752098,D,B,C,2024-05-17,1000000.00,4.609834,98.58007812
08:01:27,912810TZ1,TSRYS5752098,D,S,T,2024-05-17,1000000.00,4.616117,98.5
08:01:27,912810TZ1,TSRYS5752098,D,S,T,2024-05-17,1000000.00,4.617344,98.484375
08:01:27,912810TZ1,TSRYS5752098,D,S,A,2024-05-17,30000.00,4.615821,98.50390625
08:01:27,912810TZ1,TSRYS5752098,D,S,T,2024-05-17,1000000.00,4.616117,98.5
08:01:28,912810TZ1,TSRYS5752098,D,S,T,2024-05-17,1000000.00,4.614277,98.5234375
08:01:28,912810TZ1,TSRYS5752098,D,B,C,2024-05-17,8000000.00,4.61581,98.50390625
08:01:28,912810TZ1,TSRYS5752098,D,S,D,2024-05-17,1000000.00,4.614277,98.5234375
08:01:29,912810TZ1,TSRYS5752098,D,S,D,2024-05-17,8000000.00,4.61581,98.50390625
08:01:29,912810TZ1,TSRYS5752098,D,S,T,2024-05-17,1000000.00,4.617344,98.484375
08:01:29,912810TZ1,TSRYS5752098,D,S,T,2024-05-17,1000000.00,4.616117,98.5
08:01:29,912810TZ1,TSRYS5752098,D,S,C,2024-05-17,1000000.00,4.614584,98.51953125
08:01:29,912810TZ1,TSRYS5752098,D,B,C,2024-05-17,7000000.00,4.613358,98.53515625
08:01:29,912810TZ1,TSRYS5752098,D,S,D,2024-05-17,7000000.00,4.613358,98.53515625
08:01:29,912810TZ1,TSRYS5752098,D,S,D,2024-05-17,1000000.00,4.613204,98.537109375
08:01:29,912810TZ1,TSRYS5752098,D,S,D,2024-05-17,1000000.00,4.613051,98.5390625
08:01:29,912810TZ1,TSRYS5752098,D,S,T,2024-05-17,1000000.00,4.61489,98.515625
08:01:29,912810TZ1,TSRYS5752098,D,S,T,2024-05-17,1000000.00,4.613674,98.53112
08:01:30,912810TZ1,TSRYS5752098,D,S,D,2024-05-17,6000000.00,4.614584,98.51953125
08:01:30,912810TZ1,TSRYS5752098,D,B,C,2024-05-17,6000000.00,4.614584,98.51953125
08:01:30,912810TZ1,TSRYS5752098,D,B,C,2024-05-17,1000000.00,4.613051,98.5390625
08:01:30,912810TZ1,TSRYS5752098,D,S,D,2024-05-17,1000000.00,4.613051,98.5390625
08:01:30,912810TZ1,TSRYS5752098,D,S,D,2024-05-17,1000000.00,4.612898,98.541015625
08:01:30,912810TZ1,TSRYS5752098,D,B,C,2024-05-17,1000000.00,4.612898,98.541015625
08:01:30,912810TZ1,TSRYS5752098,D,S,D,2024-05-17,2000000.00,4.610446,98.57226562
08:01:30,912810TZ1,TSRYS5752098,D,S,T,2024-05-17,1000000.00,4.613664,98.53125
08:01:30,912810TZ1,TSRYS5752098,D,S,T,2024-05-17,1000000.00,4.613664,98.53125
08:01:30,912810TZ1,TSRYS5752098,D,S,T,2024-05-17,1000000.00,4.616117,98.5
08:01:30,912810TZ1,TSRYS5752098,D,S,T,2024-05-17,1000000.00,4.616117,98.5
08:01:31,912810TZ1,TSRYS5752098,D,S,T,2024-05-17,1000000.00,4.616117,98.5
08:01:31,912810TZ1,TSRYS5752098,D,S,T,2024-05-17,1000000.00,4.616117,98.5
08:01:31,912810TZ1,TSRYS5752098,D,S,T,2024-05-17,1000000.00,4.618571,98.46875
08:01:31,912810TZ1,TSRYS5752098,D,S,T,2024-05-17,1000000.00,4.621026,98.4375
08:01:31,912810TZ1,TSRYS5752098,D,S,D,2024-05-17,1000000.00,4.612438,98.546875
08:01:32,912810TZ1,TSRYS5752098,D,S,D,2024-05-17,1000000.00,4.610906,98.56640625
08:01:33,912810TZ1,TSRYS5752098,D,S,D,2024-05-17,595000.00,4.628396,98.34375
08:01:33,912810TZ1,TSRYS5752098,D,S,D,2024-05-17,595000.00,4.628396,98.34375
08:01:33,912810TZ1,TSRYS5752098,D,S,T,2024-05-17,1000000.00,4.610753,98.56835937
08:01:34,912810TZ1,TSRYS5752098,D,S,A,2024-05-17,500000.00,4.643166,98.15625
08:01:34,912810TZ1,TSRYS5752098,D,B,C,2024-05-17,1000000.00,4.612438,98.546875
08:01:35,912810TZ1,TSRYS5752098,D,S,T,2024-05-17,1000000.00,4.633008,98.28515625
08:01:35,912810TZ1,TSRYS5752098,D,S,T,2024-05-17,1000000.00,4.634238,98.26953125
08:01:35,912810TZ1,TSRYS5752098,D,S,D,2024-05-17,50000.00,4.635776,98.25
08:01:35,912810TZ1,TSRYS5752098,D,S,T,2024-05-17,1000000.00,4.635776,98.25
08:01:36,912810TZ1,TSRYS5752098,D,S,T,2024-05-17,1000000.00,4.635776,98.25
08:01:36,912810TZ1,TSRYS5752098,D,S,A,2024-05-17,20000.00,4.615821,98.50390625
08:01:36,912810TZ1,TSRYS5752098,D,B,C,2024-05-17,8000000.00,4.61673,98.4921875
08:01:36,912810TZ1,TSRYS5752098,D,B,C,2024-05-17,8000000.00,4.617957,98.4765625
08:01:37,912810TZ1,TSRYS5752098,D,S,D,2024-05-17,24000000.00,4.619678,98.45466
08:01:37,912810TZ1,TSRYS5752098,D,B,C,2024-05-17,1000000.00,4.609987,98.578125
08:01:37,912810TZ1,TSRYS5752098,D,S,T,2024-05-17,1000000.00,4.634396,98.26752812
08:01:37,912810TZ1,TSRYS5752098,D,S,T,2024-05-17,1000000.00,4.618581,98.46862
08:01:37,912810TZ1,TSRYS5752098,D,S,T,2024-05-17,1000000.00,4.618581,98.46862
08:01:37,912810TZ1,TSRYS5752098,D,S,T,2024-05-17,1000000.00,4.618581,98.46862
08:01:37,912810TZ1,TSRYS5752098,D,S,T,2024-05-17,1000000.00,4.618581,98.46862
08:01:37,912810TZ1,TSRYS5752098,D,S,C,2024-05-17,1000000.00,4.609987,98.578125
08:01:38,912810TZ1,TSRYS5752098,D,S,D,2024-05-17,1000000.00,4.610753,98.568359375
08:01:38,912810TZ1,TSRYS5752098,D,B,C,2024-05-17,8000000.00,4.617957,98.4765625
08:01:38,912810TZ1,TSRYS5752098,D,S,T,2024-05-17,1000000.00,4.617354,98.484245
08:01:38,912810TZ1,TSRYS5752098,D,S,T,2024-05-17,1000000.00,4.618581,98.46862
08:01:38,912810TZ1,TSRYS5752098,D,S,T,2024-05-17,1000000.00,4.621036,98.43737
08:01:38,912810TZ1,TSRYS5752098,D,S,T,2024-05-17,1000000.00,4.621036,98.43737
08:01:39,912810TZ1,TSRYS5752098,D,S,D,2024-05-17,1000000.00,4.61014,98.57617187
08:01:39,912810TZ1,TSRYS5752098,D,S,D,2024-05-17,250000.00,4.635161,98.2578125
08:01:39,912810TZ1,TSRYS5752098,D,S,T,2024-05-17,1000000.00,4.637007,98.234375
08:01:39,912810TZ1,TSRYS5752098,D,S,D,2024-05-17,24000000.00,4.613009,98.5396
08:01:39,912810TZ1,TSRYS5752098,D,S,T,2024-05-17,1000000.00,4.618587,98.46855
08:01:39,912810TZ1,TSRYS5752098,D,S,T,2024-05-17,1000000.00,4.618587,98.46855
08:01:40,912810TZ1,TSRYS5752098,D,S,C,2024-05-17,1000000.00,4.617804,98.47851562
08:01:40,912810TZ1,TSRYS5752098,D,S,D,2024-05-17,1000000.00,4.610906,98.56640625
08:01:41,912810TZ1,TSRYS5752098,D,B,C,2024-05-17,1000000.00,4.613204,98.53710937
08:01:42,912810TZ1,TSRYS5752098,D,B,C,2024-05-17,1000000.00,4.613204,98.53710937
08:01:42,912810TZ1,TSRYS5752098,D,S,D,2024-05-17,1000000.00,4.612745,98.54296875
08:01:42,912810TZ1,TSRYS5752098,D,S,T,2024-05-17,1000000.00,4.645631,98.125
08:01:43,912810TZ1,TSRYS5752098,D,S,D,2024-05-17,1000000.00,4.613664,98.53125
08:01:43,912810TZ1,TSRYS5752098,D,B,C,2024-05-17,1000000.00,4.613204,98.537109375
08:01:43,912810TZ1,TSRYS5752098,D,S,D,2024-05-17,1000000.00,4.613204,98.537109375
08:01:43,912810TZ1,TSRYS5752098,D,B,C,2024-05-17,1000000.00,4.613204,98.537109375
08:01:43,912810TZ1,TSRYS5752098,D,S,D,2024-05-17,1000000.00,4.613204,98.537109375
08:01:43,912810TZ1,TSRYS5752098,D,S,D,2024-05-17,2500000.00,4.648097,98.09375
08:01:43,912810TZ1,TSRYS5752098,D,B,C,2024-05-17,2500000.00,4.648097,98.09375
08:01:43,912810TZ1,TSRYS5752098,D,S,T,2024-05-17,1000000.00,4.646864,98.109375
08:01:43,912810TZ1,TSRYS5752098,D,S,T,2024-05-17,1000000.00,4.645631,98.125
08:01:44,912810TZ1,TSRYS5752098,D,S,T,2024-05-17,1000000.00,4.616127,98.49987
08:01:44,912810TZ1,TSRYS5752098,D,S,T,2024-05-17,1000000.00,4.617354,98.484245
08:01:44,912810TZ1,TSRYS5752098,D,S,T,2024-05-17,1000000.00,4.617354,98.484245
08:01:44,912810TZ1,TSRYS5752098,D,S,T,2024-05-17,1000000.00,4.614901,98.515495
08:01:48,912810TZ1,TSRYS5752098,D,S,T,2024-05-17,1000000.00,4.613674,98.53112
08:01:48,912810TZ1,TSRYS5752098,D,S,T,2024-05-17,1000000.00,4.612448,98.546745
08:01:48,912810TZ1,TSRYS5752098,D,S,A,2024-05-17,153000.00,4.615504,98.5078125
08:01:51,912810TZ1,TSRYS5752098,D,S,C,2024-05-17,1000000.00,4.611212,98.5625
08:01:51,912810TZ1,TSRYS5752098,D,B,C,2024-05-17,1000000.00,4.611228,98.5623
08:01:52,912810TZ1,TSRYS5752098,D,B,C,2024-05-17,1000000.00,4.636392,98.2421875
08:01:52,912810TZ1,TSRYS5752098,D,B,C,2024-05-17,1000000.00,4.61489,98.515625
08:01:52,912810TZ1,TSRYS5752098,D,S,C,2024-05-17,1000000.00,4.61489,98.515625
08:01:52,912810TZ1,TSRYS5752098,D,B,C,2024-05-17,1000000.00,4.61489,98.515625
08:01:52,912810TZ1,TSRYS5752098,D,S,D,2024-05-17,1000000.00,4.61489,98.515625
08:01:52,912810TZ1,TSRYS5752098,D,S,D,2024-05-17,1000000.00,4.609987,98.578125
08:01:52,912810TZ1,TSRYS5752098,D,S,D,2024-05-17,1000000.00,4.61627,98.498046875
08:01:52,912810TZ1,TSRYS5752098,D,B,C,2024-05-17,1000000.00,4.609987,98.578125
08:01:52,912810TZ1,TSRYS5752098,D,S,D,2024-05-17,1000000.00,4.617037,98.48828125
08:01:52,912810TZ1,TSRYS5752098,D,S,D,2024-05-17,1000000.00,4.616884,98.490234375
08:01:53,912810TZ1,TSRYS5752098,D,S,T,2024-05-17,1000000.00,4.621036,98.43737
08:01:53,912810TZ1,TSRYS5752098,D,S,D,2024-05-17,2000000.00,4.609987,98.578125
08:01:53,912810TZ1,TSRYS5752098,D,S,D,2024-05-17,1000000.00,4.61719,98.486328125
08:01:53,912810TZ1,TSRYS5752098,D,S,D,2024-05-17,1000000.00,4.617497,98.482421875
08:01:53,912810TZ1,TSRYS5752098,D,S,D,2024-05-17,1000000.00,4.611212,98.5625
08:01:53,912810TZ1,TSRYS5752098,D,S,D,2024-05-17,2000000.00,4.611212,98.5625
08:01:54,912810TZ1,TSRYS5752098,D,S,D,2024-05-17,1000000.00,4.635315,98.25585937
08:01:54,912810TZ1,TSRYS5752098,D,S,D,2024-05-17,1000000.00,4.612438,98.546875
08:01:54,912810TZ1,TSRYS5752098,D,S,D,2024-05-17,1000000.00,4.635315,98.25585937
08:01:54,912810TZ1,TSRYS5752098,D,S,D,2024-05-17,1000000.00,4.635315,98.25585937
08:01:54,912810TZ1,TSRYS5752098,D,S,A,2024-05-17,187000.00,4.625938,98.375
08:01:54,912810TZ1,TSRYS5752098,D,S,A,2024-05-17,786000.00,4.625938,98.375
08:01:56,912810TZ1,TSRYS5752098,D,S,T,2024-05-17,1000000.00,4.618581,98.468625
08:01:56,912810TZ1,TSRYS5752098,D,S,D,2024-05-17,1000000.00,4.617651,98.48046875
08:01:56,912810TZ1,TSRYS5752098,D,B,C,2024-05-17,1000000.00,4.617651,98.48046875
08:02:00,912810TZ1,TSRYS5752098,D,S,A,2024-05-17,8000000.00,4.619491,98.45703125
08:02:00,912810TZ1,TSRYS5752098,D,B,C,2024-05-17,8000000.00,4.619491,98.45703125
08:02:00,912810TZ1,TSRYS5752098,D,S,D,2024-05-17,1000000.00,4.615504,98.5078125
08:02:00,912810TZ1,TSRYS5752098,D,B,C,2024-05-17,1000000.00,4.61535,98.509765625
08:02:00,912810TZ1,TSRYS5752098,D,S,D,2024-05-17,1000000.00,4.61535,98.509765625
08:02:00,912810TZ1,TSRYS5752098,D,S,T,2024-05-17,1000000.00,4.629636,98.327995
08:02:00,912810TZ1,TSRYS5752098,D,B,A,2024-05-17,2000000.00,4.628704,98.33984375
08:02:00,912810TZ1,TSRYS5752098,D,B,C,2024-05-17,1000000.00,4.61535,98.509765625
08:02:00,912810TZ1,TSRYS5752098,D,S,T,2024-05-17,1000000.00,4.632095,98.296745
08:02:00,912810TZ1,TSRYS5752098,D,S,T,2024-05-17,1000000.00,4.632095,98.296745
08:02:00,912810TZ1,TSRYS5752098,D,S,D,2024-05-17,1000000.00,4.61535,98.509765625
08:02:00,912810TZ1,TSRYS5752098,D,B,C,2024-05-17,1000000.00,4.61535,98.509765625
08:02:00,912810TZ1,TSRYS5752098,D,S,D,2024-05-17,1000000.00,4.61535,98.509765625
08:02:00,912810TZ1,TSRYS5752098,D,B,C,2024-05-17,1000000.00,4.61535,98.509765625
08:02:00,912810TZ1,TSRYS5752098,D,S,D,2024-05-17,1000000.00,4.61535,98.509765625
08:02:00,912810TZ1,TSRYS5752098,D,B,C,2024-05-17,1000000.00,4.61535,98.509765625
08:02:00,912810TZ1,TSRYS5752098,D,S,D,2024-05-17,1000000.00,4.61535,98.509765625
08:02:00,912810TZ1,TSRYS5752098,D,S,D,2024-05-17,1000000.00,4.615044,98.513671875
08:02:00,912810TZ1,TSRYS5752098,D,B,C,2024-05-17,1000000.00,4.615044,98.513671875
08:02:00,912810TZ1,TSRYS5752098,D,S,D,2024-05-17,1000000.00,4.615044,98.513671875
08:02:00,912810TZ1,TSRYS5752098,D,B,C,2024-05-17,1000000.00,4.615044,98.513671875
08:02:00,912810TZ1,TSRYS5752098,D,S,D,2024-05-17,1000000.00,4.615197,98.51171875
08:02:00,912810TZ1,TSRYS5752098,D,B,C,2024-05-17,1000000.00,4.615197,98.51171875
08:02:00,912810TZ1,TSRYS5752098,D,B,C,2024-05-17,1000000.00,4.61535,98.509765625
08:02:00,912810TZ1,TSRYS5752098,D,S,D,2024-05-17,1000000.00,4.61535,98.509765625
08:02:00,912810TZ1,TSRYS5752098,D,B,C,2024-05-17,1000000.00,4.61535,98.509765625
08:02:00,912810TZ1,TSRYS5752098,D,S,D,2024-05-17,1000000.00,4.61535,98.509765625
08:02:00,912810TZ1,TSRYS5752098,D,B,C,2024-05-17,1000000.00,4.61535,98.509765625
08:02:00,912810TZ1,TSRYS5752098,D,S,D,2024-05-17,1000000.00,4.61535,98.509765625
08:02:00,912810TZ1,TSRYS5752098,D,S,D,2024-05-17,1000000.00,4.634546,98.265625
08:02:00,912810TZ1,TSRYS5752098,D,S,D,2024-05-17,1000000.00,4.634392,98.26757812
08:02:01,912810TZ1,TSRYS5752098,D,S,D,2024-05-17,1000000.00,4.613817,98.529296875
08:02:01,912810TZ1,TSRYS5752098,D,S,D,2024-05-17,1000000.00,4.615504,98.5078125
08:02:02,912810TZ1,TSRYS5752098,D,S,D,2024-05-17,1000000.00,4.615044,98.513671875
08:02:02,912810TZ1,TSRYS5752098,D,S,D,2024-05-17,1000000.00,4.637161,98.23242187
08:02:02,912810TZ1,TSRYS5752098,D,S,D,2024-05-17,1000000.00,4.637315,98.23046875
08:02:02,912810TZ1,TSRYS5752098,D,S,T,2024-05-17,1000000.00,4.637161,98.23242187
08:02:02,912810TZ1,TSRYS5752098,D,S,T,2024-05-17,1000000.00,4.637007,98.234375
08:02:03,912810TZ1,TSRYS5752098,D,S,T,2024-05-17,1000000.00,4.621026,98.4375
08:02:03,912810TZ1,TSRYS5752098,D,B,C,2024-05-17,8000000.00,4.620719,98.44140625
08:02:03,912810TZ1,TSRYS5752098,D,S,T,2024-05-17,1000000.00,4.61489,98.515625
08:02:03,912810TZ1,TSRYS5752098,D,B,C,2024-05-17,8000000.00,4.620719,98.44140625
08:02:03,912810TZ1,TSRYS5752098,D,S,A,2024-05-17,8000000.00,4.620719,98.44140625
08:02:03,912810TZ1,TSRYS5752098,D,B,C,2024-05-17,8000000.00,4.620719,98.44140625
08:02:04,912810TZ1,TSRYS5752098,D,B,C,2024-05-17,8000000.00,4.619184,98.4609375
08:02:04,912810TZ1,TSRYS5752098,D,S,T,2024-05-17,1000000.00,4.621026,98.4375
08:02:04,912810TZ1,TSRYS5752098,D,S,T,2024-05-17,1000000.00,4.61489,98.515625
08:02:04,912810TZ1,TSRYS5752098,D,S,T,2024-05-17,1000000.00,4.621026,98.4375
08:02:04,912810TZ1,TSRYS5752098,D,S,T,2024-05-17,1000000.00,4.61489,98.515625
08:02:05,912810TZ1,TSRYS5752098,D,S,T,2024-05-17,1000000.00,4.616117,98.5
08:02:05,912810TZ1,TSRYS5752098,D,B,C,2024-05-17,1000000.00,4.638238,98.21875
08:02:05,912810TZ1,TSRYS5752098,D,S,T,2024-05-17,1000000.00,4.616117,98.5
08:02:05,912810TZ1,TSRYS5752098,D,S,T,2024-05-17,1000000.00,4.616117,98.5
08:02:05,912810TZ1,TSRYS5752098,D,S,T,2024-05-17,1000000.00,4.616117,98.5
08:02:05,912810TZ1,TSRYS5752098,D,S,T,2024-05-17,1000000.00,4.616117,98.5
08:02:06,912810TZ1,TSRYS5752098,D,S,D,2024-05-17,14000000.00,4.63795,98.22241
08:02:06,912810TZ1,TSRYS5752098,D,B,C,2024-05-17,17000000.00,4.634878,98.2614
08:02:06,912810TZ1,TSRYS5752098,D,S,C,2024-05-17,1000000.00,4.638238,98.21875
08:02:06,912810TZ1,TSRYS5752098,D,S,T,2024-05-17,1000000.00,4.639316,98.20507812
08:02:06,912810TZ1,TSRYS5752098,D,S,T,2024-05-17,1000000.00,4.639316,98.20507812
08:02:06,912810TZ1,TSRYS5752098,D,S,D,2024-05-17,1000000.00,4.642858,98.16015625
08:02:07,912810TZ1,TSRYS5752098,D,S,D,2024-05-17,1000000.00,4.61581,98.50390625
08:02:07,912810TZ1,TSRYS5752098,D,S,D,2024-05-17,1000000.00,4.615657,98.505859375
08:02:07,912810TZ1,TSRYS5752098,D,B,C,2024-05-17,1000000.00,4.645631,98.125
08:02:07,912810TZ1,TSRYS5752098,D,S,T,2024-05-17,1000000.00,4.645323,98.12890625
08:02:07,912810TZ1,TSRYS5752098,D,S,C,2024-05-17,1000000.00,4.645477,98.12695312
08:02:07,912810TZ1,TSRYS5752098,D,S,D,2024-05-17,1000000.00,4.618417,98.470703125
08:02:07,912810TZ1,TSRYS5752098,D,S,D,2024-05-17,1000000.00,4.618571,98.46875
08:02:07,912810TZ1,TSRYS5752098,D,S,D,2024-05-17,1000000.00,4.618724,98.466796875
08:02:07,912810TZ1,TSRYS5752098,D,S,D,2024-05-17,1000000.00,4.618571,98.46875
08:02:07,912810TZ1,TSRYS5752098,D,S,C,2024-05-17,1000000.00,4.619338,98.458984375
08:02:07,912810TZ1,TSRYS5752098,D,S,D,2024-05-17,1000000.00,4.619184,98.4609375
08:02:07,912810TZ1,TSRYS5752098,D,S,D,2024-05-17,1000000.00,4.619338,98.458984375
08:02:07,912810TZ1,TSRYS5752098,D,S,D,2024-05-17,1000000.00,4.619491,98.45703125
08:02:07,912810TZ1,TSRYS5752098,D,S,D,2024-05-17,1000000.00,4.618724,98.466796875
08:02:08,912810TZ1,TSRYS5752098,D,S,D,2024-05-17,1000000.00,4.618724,98.466796875
08:02:08,912810TZ1,TSRYS5752098,D,S,T,2024-05-17,1000000.00,4.646864,98.109375
08:02:08,912810TZ1,TSRYS5752098,D,S,T,2024-05-17,1000000.00,4.646864,98.109375
08:02:08,912810TZ1,TSRYS5752098,D,S,D,2024-05-17,1000000.00,4.646864,98.109375
08:02:08,912810TZ1,TSRYS5752098,D,S,C,2024-05-17,20000000.00,4.645939,98.12109
08:02:08,912810TZ1,TSRYS5752098,D,S,C,2024-05-17,1000000.00,4.645014,98.1328125
08:02:08,912810TZ1,TSRYS5752098,D,S,C,2024-05-17,1000000.00,4.645168,98.13085937
08:02:08,912810TZ1,TSRYS5752098,D,S,C,2024-05-17,1000000.00,4.645168,98.13085937
08:02:08,912810TZ1,TSRYS5752098,D,S,D,2024-05-17,1000000.00,4.645168,98.13085937
08:02:08,912810TZ1,TSRYS5752098,D,S,T,2024-05-17,1000000.00,4.621026,98.4375
08:02:08,912810TZ1,TSRYS5752098,D,B,C,2024-05-17,1000000.00,4.64671,98.11132812
08:02:09,912810TZ1,TSRYS5752098,D,S,T,2024-05-17,5000000.00,4.61489,98.515625
08:02:09,912810TZ1,TSRYS5752098,D,S,C,2024-05-17,10000000.00,4.647225,98.10479
08:02:09,912810TZ1,TSRYS5752098,D,S,T,2024-05-17,1000000.00,4.621026,98.4375
08:02:09,912810TZ1,TSRYS5752098,D,S,D,2024-05-17,12000000.00,4.645888,98.12174
08:02:09,912810TZ1,TSRYS5752098,D,S,D,2024-05-17,1000000.00,4.618571,98.46875
08:02:09,912810TZ1,TSRYS5752098,D,S,T,2024-05-17,1000000.00,4.61489,98.515625
08:02:09,912810TZ1,TSRYS5752098,D,B,C,2024-05-17,8000000.00,4.620105,98.44921875
08:02:09,912810TZ1,TSRYS5752098,D,S,A,2024-05-17,550000.00,4.6327,98.2890625
08:02:09,912810TZ1,TSRYS5752098,D,B,C,2024-05-17,6000000.00,4.615504,98.5078125
08:02:09,912810TZ1,TSRYS5752098,D,S,T,2024-05-17,1000000.00,4.621026,98.4375
08:02:09,912810TZ1,TSRYS5752098,D,S,A,2024-05-17,1800000.00,4.627167,98.359375
08:02:10,912810TZ1,TSRYS5752098,D,S,D,2024-05-17,1000000.00,4.612428,98.547005
08:02:10,912810TZ1,TSRYS5752098,D,B,C,2024-05-17,1000000.00,4.612438,98.546875
08:02:10,912810TZ1,TSRYS5752098,D,S,D,2024-05-17,2000000.00,4.64409,98.14453125
08:02:10,912810TZ1,TSRYS5752098,D,S,D,2024-05-17,1000000.00,4.619184,98.4609375
08:02:10,912810TZ1,TSRYS5752098,D,S,D,2024-05-17,1000000.00,4.619031,98.462890625
08:02:10,912810TZ1,TSRYS5752098,D,S,D,2024-05-17,1000000.00,4.645323,98.12890625
08:02:10,912810TZ1,TSRYS5752098,D,S,D,2024-05-17,1000000.00,4.645323,98.12890625
08:02:10,912810TZ1,TSRYS5752098,D,S,D,2024-05-17,1000000.00,4.645631,98.125
08:02:10,912810TZ1,TSRYS5752098,D,S,D,2024-05-17,1000000.00,4.618878,98.46484375
08:02:10,912810TZ1,TSRYS5752098,D,S,T,2024-05-17,1000000.00,4.645646,98.1248
08:02:10,912810TZ1,TSRYS5752098,D,S,D,2024-05-17,1000000.00,4.645323,98.12890625
08:02:10,912810TZ1,TSRYS5752098,D,S,T,2024-05-17,1000000.00,4.645477,98.12695312
08:02:10,912810TZ1,TSRYS5752098,D,S,T,2024-05-17,1000000.00,4.645477,98.12695312
08:02:10,912810TZ1,TSRYS5752098,D,S,T,2024-05-17,1000000.00,4.621026,98.4375
08:02:10,912810TZ1,TSRYS5752098,D,S,T,2024-05-17,1000000.00,4.645477,98.12695312
08:02:10,912810TZ1,TSRYS5752098,D,B,C,2024-05-17,1000000.00,4.618878,98.46484375
08:02:10,912810TZ1,TSRYS5752098,D,S,D,2024-05-17,1000000.00,4.618878,98.46484375
08:02:10,912810TZ1,TSRYS5752098,D,S,D,2024-05-17,1000000.00,4.618878,98.46484375
08:02:11,912810TZ1,TSRYS5752098,D,S,D,2024-05-17,1000000.00,4.645477,98.12695312
08:02:11,912810TZ1,TSRYS5752098,D,S,T,2024-05-17,1000000.00,4.645477,98.12695312
08:02:11,912810TZ1,TSRYS5752098,D,S,C,2024-05-17,1000000.00,4.645477,98.12695312
08:02:11,912810TZ1,TSRYS5752098,D,S,D,2024-05-17,1000000.00,4.618878,98.46484375
08:02:11,912810TZ1,TSRYS5752098,D,S,D,2024-05-17,1000000.00,4.645477,98.12695312
08:02:11,912810TZ1,TSRYS5752098,D,S,D,2024-05-17,1000000.00,4.645477,98.12695312
08:02:11,912810TZ1,TSRYS5752098,D,S,D,2024-05-17,1000000.00,4.645323,98.12890625
08:02:11,912810TZ1,TSRYS5752098,D,S,D,2024-05-17,1000000.00,4.645323,98.12890625
08:02:11,912810TZ1,TSRYS5752098,D,S,D,2024-05-17,1000000.00,4.645323,98.12890625
08:02:11,912810TZ1,TSRYS5752098,D,S,D,2024-05-17,1000000.00,4.645477,98.12695312
08:02:11,912810TZ1,TSRYS5752098,D,S,D,2024-05-17,1000000.00,4.645477,98.12695312
08:02:11,912810TZ1,TSRYS5752098,D,S,D,2024-05-17,1000000.00,4.645477,98.12695312
08:02:11,912810TZ1,TSRYS5752098,D,S,D,2024-05-17,1000000.00,4.645477,98.12695312
08:02:11,912810TZ1,TSRYS5752098,D,S,D,2024-05-17,1000000.00,4.645477,98.12695312
08:02:11,912810TZ1,TSRYS5752098,D,S,D,2024-05-17,1000000.00,4.645477,98.12695312
08:02:11,912810TZ1,TSRYS5752098,D,S,D,2024-05-17,1000000.00,4.645477,98.12695312
08:02:11,912810TZ1,TSRYS5752098,D,S,D,2024-05-17,1000000.00,4.620412,98.4453125
08:02:11,912810TZ1,TSRYS5752098,D,S,T,2024-05-17,1000000.00,4.645646,98.1248
08:02:11,912810TZ1,TSRYS5752098,D,S,D,2024-05-17,1000000.00,4.645477,98.12695312
08:02:11,912810TZ1,TSRYS5752098,D,S,D,2024-05-17,1000000.00,4.645323,98.12890625
08:02:11,912810TZ1,TSRYS5752098,D,S,D,2024-05-17,1000000.00,4.645477,98.12695312
08:02:11,912810TZ1,TSRYS5752098,D,S,D,2024-05-17,1000000.00,4.620412,98.4453125
08:02:11,912810TZ1,TSRYS5752098,D,B,C,2024-05-17,1000000.00,4.619798,98.453125
08:02:11,912810TZ1,TSRYS5752098,D,S,D,2024-05-17,1000000.00,4.645477,98.12695312
08:02:11,912810TZ1,TSRYS5752098,D,S,D,2024-05-17,1000000.00,4.645477,98.12695312
08:02:11,912810TZ1,TSRYS5752098,D,S,D,2024-05-17,1000000.00,4.645477,98.12695312
08:02:11,912810TZ1,TSRYS5752098,D,S,D,2024-05-17,1000000.00,4.619798,98.453125
08:02:11,912810TZ1,TSRYS5752098,D,S,T,2024-05-17,1000000.00,4.621026,98.4375
08:02:11,912810TZ1,TSRYS5752098,D,S,T,2024-05-17,1000000.00,4.645477,98.12695312
08:02:11,912810TZ1,TSRYS5752098,D,S,D,2024-05-17,1000000.00,4.645477,98.12695312
08:02:11,912810TZ1,TSRYS5752098,D,S,D,2024-05-17,1000000.00,4.645477,98.12695312
08:02:11,912810TZ1,TSRYS5752098,D,S,T,2024-05-17,1000000.00,4.645646,98.1248
08:02:11,912810TZ1,TSRYS5752098,D,S,T,2024-05-17,1000000.00,4.645646,98.1248
08:02:11,912810TZ1,TSRYS5752098,D,S,D,2024-05-17,1000000.00,4.645631,98.125
08:02:11,912810TZ1,TSRYS5752098,D,S,D,2024-05-17,1000000.00,4.645631,98.125
08:02:11,912810TZ1,TSRYS5752098,D,S,T,2024-05-17,1000000.00,4.621026,98.4375
08:02:11,912810TZ1,TSRYS5752098,D,S,T,2024-05-17,2000000.00,4.645646,98.1248
08:02:11,912810TZ1,TSRYS5752098,D,S,C,2024-05-17,1000000.00,4.645631,98.125
08:02:11,912810TZ1,TSRYS5752098,D,S,T,2024-05-17,1000000.00,4.645646,98.1248
08:02:11,912810TZ1,TSRYS5752098,D,S,T,2024-05-17,1000000.00,4.645646,98.1248
08:02:12,912810TZ1,TSRYS5752098,D,S,T,2024-05-17,1000000.00,4.645323,98.12890625
08:02:12,912810TZ1,TSRYS5752098,D,S,D,2024-05-17,1000000.00,4.645477,98.12695312
08:02:12,912810TZ1,TSRYS5752098,D,S,D,2024-05-17,1000000.00,4.645477,98.12695312
08:02:12,912810TZ1,TSRYS5752098,D,S,D,2024-05-17,1000000.00,4.645477,98.12695312
08:02:12,912810TZ1,TSRYS5752098,D,S,D,2024-05-17,2000000.00,4.645168,98.13085937
08:02:12,912810TZ1,TSRYS5752098,D,S,C,2024-05-17,1000000.00,4.645168,98.13085937
08:02:12,912810TZ1,TSRYS5752098,D,S,T,2024-05-17,1000000.00,4.645168,98.13085937
08:02:12,912810TZ1,TSRYS5752098,D,S,D,2024-05-17,2000000.00,4.645323,98.12890625
08:02:12,912810TZ1,TSRYS5752098,D,S,T,2024-05-17,1000000.00,4.625938,98.375
08:02:12,912810TZ1,TSRYS5752098,D,S,C,2024-05-17,1000000.00,4.645323,98.12890625
08:02:12,912810TZ1,TSRYS5752098,D,S,D,2024-05-17,1000000.00,4.645323,98.12890625
08:02:12,912810TZ1,TSRYS5752098,D,S,D,2024-05-17,1000000.00,4.645323,98.12890625
08:02:12,912810TZ1,TSRYS5752098,D,S,D,2024-05-17,1000000.00,4.645323,98.12890625
08:02:12,912810TZ1,TSRYS5752098,D,B,C,2024-05-17,1000000.00,4.608762,98.59375
08:02:12,912810TZ1,TSRYS5752098,D,S,C,2024-05-17,1000000.00,4.608762,98.59375
08:02:13,912810TZ1,TSRYS5752098,D,S,D,2024-05-17,1000000.00,4.645014,98.1328125
08:02:13,912810TZ1,TSRYS5752098,D,S,D,2024-05-17,1000000.00,4.645014,98.1328125
08:02:13,912810TZ1,TSRYS5752098,D,S,T,2024-05-17,2000000.00,4.61489,98.515625
08:02:13,912810TZ1,TSRYS5752098,D,S,D,2024-05-17,1000000.00,4.645014,98.1328125
08:02:13,912810TZ1,TSRYS5752098,D,S,D,2024-05-17,1000000.00,4.645014,98.1328125
08:02:13,912810TZ1,TSRYS5752098,D,S,T,2024-05-17,2000000.00,4.621026,98.4375
08:02:13,912810TZ1,TSRYS5752098,D,B,C,2024-05-17,1000000.00,4.610003,98.577925
08:02:13,912810TZ1,TSRYS5752098,D,S,T,2024-05-17,1000000.00,4.643628,98.15039062
08:02:13,912810TZ1,TSRYS5752098,D,S,D,2024-05-17,1000000.00,4.609987,98.578125
08:02:13,912810TZ1,TSRYS5752098,D,S,D,2024-05-17,1000000.00,4.609987,98.578125
08:02:13,912810TZ1,TSRYS5752098,D,S,C,2024-05-17,1000000.00,4.643628,98.15039062
08:02:13,912810TZ1,TSRYS5752098,D,S,T,2024-05-17,1000000.00,4.61489,98.515625
08:02:13,912810TZ1,TSRYS5752098,D,S,D,2024-05-17,1000000.00,4.609987,98.578125
08:02:13,912810TZ1,TSRYS5752098,D,B,C,2024-05-17,1000000.00,4.609987,98.578125
08:02:13,912810TZ1,TSRYS5752098,D,S,D,2024-05-17,1000000.00,4.609987,98.578125
08:02:13,912810TZ1,TSRYS5752098,D,B,C,2024-05-17,1000000.00,4.611212,98.5625
08:02:13,912810TZ1,TSRYS5752098,D,S,T,2024-05-17,1000000.00,4.643628,98.15039062
08:02:13,912810TZ1,TSRYS5752098,D,S,D,2024-05-17,1000000.00,4.611202,98.56263
08:02:13,912810TZ1,TSRYS5752098,D,S,C,2024-05-17,1000000.00,4.643628,98.15039062
08:02:13,912810TZ1,TSRYS5752098,D,S,T,2024-05-17,1000000.00,4.625938,98.375
08:02:14,912810TZ1,TSRYS5752098,D,S,D,2024-05-17,1000000.00,4.622254,98.421875
08:02:14,912810TZ1,TSRYS5752098,D,S,D,2024-05-17,1000000.00,4.620105,98.44921875
08:02:14,912810TZ1,TSRYS5752098,D,S,D,2024-05-17,1000000.00,4.621026,98.4375
08:02:14,912810TZ1,TSRYS5752098,D,B,C,2024-05-17,1000000.00,4.619952,98.451171875
08:02:14,912810TZ1,TSRYS5752098,D,S,D,2024-05-17,1000000.00,4.619952,98.451171875
08:02:14,912810TZ1,TSRYS5752098,D,S,D,2024-05-17,1000000.00,4.619952,98.451171875
08:02:14,912810TZ1,TSRYS5752098,D,B,C,2024-05-17,1000000.00,4.619952,98.451171875
08:02:14,912810TZ1,TSRYS5752098,D,S,D,2024-05-17,1000000.00,4.621179,98.435546875
08:02:14,912810TZ1,TSRYS5752098,D,S,T,2024-05-17,1000000.00,4.630855,98.3125
08:02:15,912810TZ1,TSRYS5752098,D,S,T,2024-05-17,1000000.00,4.634392,98.267578125
08:02:15,912810TZ1,TSRYS5752098,D,S,T,2024-05-17,1000000.00,4.643181,98.15605
08:02:15,912810TZ1,TSRYS5752098,D,S,D,2024-05-17,4000000.00,4.637161,98.23242
08:02:15,912810TZ1,TSRYS5752098,D,S,T,2024-05-17,1000000.00,4.643181,98.15605
08:02:15,912810TZ1,TSRYS5752098,D,S,T,2024-05-17,1000000.00,4.643181,98.15605
08:02:15,912810TZ1,TSRYS5752098,D,S,T,2024-05-17,1000000.00,4.630855,98.3125
08:02:15,912810TZ1,TSRYS5752098,D,S,T,2024-05-17,1000000.00,4.644552,98.13867187
08:02:15,912810TZ1,TSRYS5752098,D,S,C,2024-05-17,1000000.00,4.644706,98.13671875
08:02:15,912810TZ1,TSRYS5752098,D,S,C,2024-05-17,1000000.00,4.644706,98.13671875
08:02:15,912810TZ1,TSRYS5752098,D,S,D,2024-05-17,2000000.00,4.644706,98.13671875
08:02:16,912810TZ1,TSRYS5752098,D,S,D,2024-05-17,1000000.00,4.644706,98.13671875
08:02:16,912810TZ1,TSRYS5752098,D,S,C,2024-05-17,1000000.00,4.644706,98.13671875
08:02:16,912810TZ1,TSRYS5752098,D,S,T,2024-05-17,1000000.00,4.621026,98.4375
08:02:16,912810TZ1,TSRYS5752098,D,B,C,2024-05-17,1000000.00,4.613676,98.531098
08:02:16,912810TZ1,TSRYS5752098,D,S,D,2024-05-17,1000000.00,4.613648,98.53145
08:02:16,912810TZ1,TSRYS5752098,D,S,D,2024-05-17,1000000.00,4.613648,98.53145
08:02:16,912810TZ1,TSRYS5752098,D,S,D,2024-05-17,1000000.00,4.613648,98.53145
08:02:16,912810TZ1,TSRYS5752098,D,S,T,2024-05-17,1000000.00,4.61489,98.515625
08:02:16,912810TZ1,TSRYS5752098,D,B,C,2024-05-17,1000000.00,4.613664,98.53125
08:02:16,912810TZ1,TSRYS5752098,D,S,D,2024-05-17,1000000.00,4.613654,98.53138
08:02:16,912810TZ1,TSRYS5752098,D,S,C,2024-05-17,1000000.00,4.612438,98.546875
08:02:16,912810TZ1,TSRYS5752098,D,S,T,2024-05-17,1000000.00,4.625938,98.375
08:02:16,912810TZ1,TSRYS5752098,D,B,C,2024-05-17,1000000.00,4.61245,98.546723
08:02:16,912810TZ1,TSRYS5752098,D,S,T,2024-05-17,1000000.00,4.625938,98.375
08:02:16,912810TZ1,TSRYS5752098,D,S,D,2024-05-17,1000000.00,4.644706,98.13671875
08:02:16,912810TZ1,TSRYS5752098,D,S,C,2024-05-17,1000000.00,4.612438,98.546875
08:02:16,912810TZ1,TSRYS5752098,D,B,C,2024-05-17,1000000.00,4.61245,98.546725
08:02:16,912810TZ1,TSRYS5752098,D,S,D,2024-05-17,1000000.00,4.612438,98.546875
08:02:16,912810TZ1,TSRYS5752098,D,S,D,2024-05-17,1000000.00,4.612438,98.546875
08:02:16,912810TZ1,TSRYS5752098,D,S,D,2024-05-17,1000000.00,4.612438,98.546875
08:02:16,912810TZ1,TSRYS5752098,D,B,C,2024-05-17,1000000.00,4.612438,98.546875
08:02:16,912810TZ1,TSRYS5752098,D,S,D,2024-05-17,1000000.00,4.644706,98.13671875
08:02:16,912810TZ1,TSRYS5752098,D,S,D,2024-05-17,1000000.00,4.644706,98.13671875
08:02:16,912810TZ1,TSRYS5752098,D,S,D,2024-05-17,1000000.00,4.613648,98.53145
08:02:16,912810TZ1,TSRYS5752098,D,S,C,2024-05-17,1000000.00,4.644706,98.13671875
08:02:17,912810TZ1,TSRYS5752098,D,S,C,2024-05-17,1000000.00,4.644398,98.140625
08:02:17,912810TZ1,TSRYS5752098,D,S,T,2024-05-17,1000000.00,4.621026,98.4375
08:02:17,912810TZ1,TSRYS5752098,D,S,T,2024-05-17,1000000.00,4.61489,98.515625
08:02:17,912810TZ1,TSRYS5752098,D,S,T,2024-05-17,1000000.00,4.61489,98.515625
08:02:17,912810TZ1,TSRYS5752098,D,B,C,2024-05-17,8000000.00,4.616424,98.49609375
08:02:17,912810TZ1,TSRYS5752098,D,S,A,2024-05-17,500000.00,4.610293,98.57421875
08:02:17,912810TZ1,TSRYS5752098,D,S,T,2024-05-17,1000000.00,4.621026,98.4375
08:02:17,912810TZ1,TSRYS5752098,D,B,C,2024-05-17,2000000.00,4.616133,98.4998
08:02:18,912810TZ1,TSRYS5752098,D,B,C,2024-05-17,1000000.00,4.616133,98.4998
08:02:18,912810TZ1,TSRYS5752098,D,S,D,2024-05-17,2000000.00,4.616117,98.5
08:02:18,912810TZ1,TSRYS5752098,D,S,D,2024-05-17,1000000.00,4.616117,98.5
08:02:18,912810TZ1,TSRYS5752098,D,S,C,2024-05-17,1000000.00,4.616103,98.500175
08:02:18,912810TZ1,TSRYS5752098,D,B,C,2024-05-17,1000000.00,4.616133,98.4998
08:02:19,912810TZ1,TSRYS5752098,D,S,T,2024-05-17,1000000.00,4.621026,98.4375
08:02:19,912810TZ1,TSRYS5752098,D,S,D,2024-05-17,1000000.00,4.620412,98.4453125
08:02:19,912810TZ1,TSRYS5752098,D,B,C,2024-05-17,1000000.00,4.620412,98.4453125
08:02:19,912810TZ1,TSRYS5752098,D,B,C,2024-05-17,1000000.00,4.620412,98.4453125
08:02:19,912810TZ1,TSRYS5752098,D,S,D,2024-05-17,1000000.00,4.620412,98.4453125
08:02:19,912810TZ1,TSRYS5752098,D,S,D,2024-05-17,1000000.00,4.619952,98.451171875
08:02:19,912810TZ1,TSRYS5752098,D,B,C,2024-05-17,1000000.00,4.619952,98.451171875
08:02:19,912810TZ1,TSRYS5752098,D,S,D,2024-05-17,1000000.00,4.620105,98.44921875
08:02:19,912810TZ1,TSRYS5752098,D,B,C,2024-05-17,1000000.00,4.620105,98.44921875
08:02:19,912810TZ1,TSRYS5752098,D,S,T,2024-05-17,1000000.00,4.625938,98.375
08:02:19,912810TZ1,TSRYS5752098,D,S,C,2024-05-17,50000000.00,4.609394,98.5859375
08:02:19,912810TZ1,TSRYS5752098,D,S,C,2024-05-17,50000000.00,4.609394,98.5859375
08:02:20,912810TZ1,TSRYS5752098,D,S,C,2024-05-17,14545000.00,4.645014,98.1328125
08:02:21,912810TZ1,TSRYS5752098,D,S,D,2024-05-17,1000000.00,4.616101,98.5002
08:02:21,912810TZ1,TSRYS5752098,D,S,C,2024-05-17,1000000.00,4.610916,98.56640625
08:02:21,912810TZ1,TSRYS5752098,D,S,C,2024-05-17,1000000.00,4.609691,98.58203125
08:02:21,912810TZ1,TSRYS5752098,D,S,C,2024-05-17,1000000.00,4.615657,98.50586
08:02:21,912810TZ1,TSRYS5752098,D,S,D,2024-05-17,8000000.00,4.619416,98.4579961
08:02:21,912810TZ1,TSRYS5752098,D,S,C,2024-05-17,12000000.00,4.615793,98.50413
08:02:21,912810TZ1,TSRYS5752098,D,S,D,2024-05-17,5000000.00,4.618595,98.4684406
08:02:21,912810TZ1,TSRYS5752098,D,B,C,2024-05-17,8000000.00,4.619184,98.4609375
08:02:21,912810TZ1,TSRYS5752098,D,S,C,2024-05-17,100000.00,4.613971,98.52734375
08:02:21,912810TZ1,TSRYS5752098,D,B,C,2024-05-17,8000000.00,4.618571,98.46875
08:02:21,912810TZ1,TSRYS5752098,D,S,A,2024-05-17,520000.00,4.626553,98.3671875
08:02:21,912810TZ1,TSRYS5752098,D,S,D,2024-05-17,5000000.00,4.616141,98.4996906
08:02:21,912810TZ1,TSRYS5752098,D,S,D,2024-05-17,1000000.00,4.617328,98.484575
08:02:21,912810TZ1,TSRYS5752098,D,S,A,2024-05-17,27000.00,4.629287,98.33243125
08:02:21,912810TZ1,TSRYS5752098,D,S,C,2024-05-17,2000000.00,4.634546,98.265625
08:02:21,912810TZ1,TSRYS5752098,D,S,C,2024-05-17,250000.00,4.634238,98.26953125
08:02:21,912810TZ1,TSRYS5752098,D,S,T,2024-05-17,2000000.00,4.630702,98.314453125
08:02:21,912810TZ1,TSRYS5752098,D,B,C,2024-05-17,2000000.00,4.633931,98.2734375
08:02:21,912810TZ1,TSRYS5752098,D,S,T,2024-05-17,1000000.00,4.61489,98.515625
08:02:21,912810TZ1,TSRYS5752098,D,S,C,2024-05-17,1000000.00,4.616117,98.5
08:02:21,912810TZ1,TSRYS5752098,D,B,C,2024-05-17,7000000.00,4.613971,98.52734375
08:02:22,912810TZ1,TSRYS5752098,D,S,T,2024-05-17,1000000.00,4.630702,98.314453125
08:02:22,912810TZ1,TSRYS5752098,D,S,T,2024-05-17,1000000.00,4.625938,98.375
08:02:22,912810TZ1,TSRYS5752098,D,S,C,2024-05-17,8000000.00,4.639162,98.20703
08:02:22,912810TZ1,TSRYS5752098,D,S,T,2024-05-17,1000000.00,4.646864,98.109375
08:02:22,912810TZ1,TSRYS5752098,D,S,T,2024-05-17,1000000.00,4.646864,98.109375
08:02:22,912810TZ1,TSRYS5752098,D,S,T,2024-05-17,1000000.00,4.646864,98.109375
08:02:22,912810TZ1,TSRYS5752098,D,S,T,2024-05-17,1000000.00,4.646864,98.109375
08:02:22,912810TZ1,TSRYS5752098,D,S,T,2024-05-17,1000000.00,4.646864,98.109375
08:02:22,912810TZ1,TSRYS5752098,D,S,T,2024-05-17,1000000.00,4.646864,98.109375
08:02:22,912810TZ1,TSRYS5752098,D,S,T,2024-05-17,1000000.00,4.646864,98.109375
08:02:22,912810TZ1,TSRYS5752098,D,S,T,2024-05-17,2000000.00,4.646864,98.109375
08:02:22,912810TZ1,TSRYS5752098,D,S,T,2024-05-17,1000000.00,4.646864,98.109375
08:02:22,912810TZ1,TSRYS5752098,D,S,T,2024-05-17,1000000.00,4.647789,98.09765625
08:02:22,912810TZ1,TSRYS5752098,D,S,T,2024-05-17,1000000.00,4.647789,98.09765625
08:02:22,912810TZ1,TSRYS5752098,D,S,T,2024-05-17,1000000.00,4.647789,98.09765625
08:02:22,912810TZ1,TSRYS5752098,D,S,T,2024-05-17,1000000.00,4.647789,98.09765625
08:02:22,912810TZ1,TSRYS5752098,D,S,T,2024-05-17,1000000.00,4.647789,98.09765625
08:02:22,912810TZ1,TSRYS5752098,D,S,T,2024-05-17,1000000.00,4.647789,98.09765625
08:02:22,912810TZ1,TSRYS5752098,D,S,T,2024-05-17,2000000.00,4.647789,98.09765625
08:02:22,912810TZ1,TSRYS5752098,D,S,T,2024-05-17,1000000.00,4.647634,98.099609375
08:02:22,912810TZ1,TSRYS5752098,D,S,T,2024-05-17,1000000.00,4.64748,98.1015625
08:02:22,912810TZ1,TSRYS5752098,D,S,T,2024-05-17,1000000.00,4.647634,98.099609375
08:02:22,912810TZ1,TSRYS5752098,D,S,T,2024-05-17,1000000.00,4.648097,98.09375
08:02:22,912810TZ1,TSRYS5752098,D,S,T,2024-05-17,1000000.00,4.648097,98.09375
08:02:22,912810TZ1,TSRYS5752098,D,S,T,2024-05-17,1000000.00,4.648097,98.09375
08:02:22,912810TZ1,TSRYS5752098,D,S,T,2024-05-17,1000000.00,4.648097,98.09375
08:02:22,912810TZ1,TSRYS5752098,D,S,T,2024-05-17,1000000.00,4.648097,98.09375
08:02:22,912810TZ1,TSRYS5752098,D,S,T,2024-05-17,1000000.00,4.648097,98.09375
08:02:22,912810TZ1,TSRYS5752098,D,S,T,2024-05-17,1000000.00,4.648097,98.09375
08:02:22,912810TZ1,TSRYS5752098,D,S,T,2024-05-17,2000000.00,4.648097,98.09375
08:02:22,912810TZ1,TSRYS5752098,D,S,T,2024-05-17,2000000.00,4.647789,98.09765625
08:02:22,912810TZ1,TSRYS5752098,D,S,T,2024-05-17,1000000.00,4.647789,98.09765625
08:02:22,912810TZ1,TSRYS5752098,D,S,T,2024-05-17,1000000.00,4.647789,98.09765625
08:02:22,912810TZ1,TSRYS5752098,D,S,T,2024-05-17,1000000.00,4.647634,98.099609375
08:02:22,912810TZ1,TSRYS5752098,D,S,T,2024-05-17,1000000.00,4.647634,98.099609375
08:02:22,912810TZ1,TSRYS5752098,D,S,T,2024-05-17,1000000.00,4.647634,98.099609375
08:02:22,912810TZ1,TSRYS5752098,D,S,T,2024-05-17,2000000.00,4.649022,98.08203125
08:02:22,912810TZ1,TSRYS5752098,D,S,T,2024-05-17,1000000.00,4.649022,98.08203125
08:02:22,912810TZ1,TSRYS5752098,D,B,C,2024-05-17,40000000.00,4.647705,98.09872
08:02:22,912810TZ1,TSRYS5752098,D,B,C,2024-05-17,40000000.00,4.647705,98.09872
08:02:22,912810TZ1,TSRYS5752098,D,S,C,2024-05-17,1000000.00,4.616117,98.5
08:02:22,912810TZ1,TSRYS5752098,D,S,C,2024-05-17,1000000.00,4.616117,98.5
08:02:22,912810TZ1,TSRYS5752098,D,S,D,2024-05-17,1000000.00,4.616117,98.5
08:02:22,912810TZ1,TSRYS5752098,D,S,D,2024-05-17,1000000.00,4.616117,98.5
08:02:22,912810TZ1,TSRYS5752098,D,S,C,2024-05-17,1000000.00,4.616099,98.500227
08:02:22,912810TZ1,TSRYS5752098,D,B,C,2024-05-17,1000000.00,4.616135,98.499775
08:02:22,912810TZ1,TSRYS5752098,D,B,C,2024-05-17,1000000.00,4.616117,98.5
08:02:22,912810TZ1,TSRYS5752098,D,S,C,2024-05-17,1000000.00,4.616099,98.500227
08:02:23,912810TZ1,TSRYS5752098,D,S,D,2024-05-17,1000000.00,4.613648,98.53145
08:02:23,912810TZ1,TSRYS5752098,D,B,C,2024-05-17,1000000.00,4.613676,98.531098
08:02:23,912810TZ1,TSRYS5752098,D,S,T,2024-05-17,1000000.00,4.634546,98.265625
08:02:23,912810TZ1,TSRYS5752098,D,B,C,2024-05-17,8000000.00,4.616117,98.5
08:02:24,912810TZ1,TSRYS5752098,D,S,C,2024-05-17,2000000.00,4.616117,98.5
08:02:24,912810TZ1,TSRYS5752098,D,S,C,2024-05-17,1000000.00,4.616117,98.5
08:02:24,912810TZ1,TSRYS5752098,D,S,D,2024-05-17,1000000.00,4.616117,98.5
08:02:24,912810TZ1,TSRYS5752098,D,S,T,2024-05-17,1000000.00,4.621026,98.4375
08:02:24,912810TZ1,TSRYS5752098,D,S,D,2024-05-17,1000000.00,4.61489,98.515625
08:02:24,912810TZ1,TSRYS5752098,D,S,C,2024-05-17,1000000.00,4.61489,98.515625
08:02:24,912810TZ1,TSRYS5752098,D,S,D,2024-05-17,1000000.00,4.61489,98.515625
08:02:25,912810TZ1,TSRYS5752098,D,S,D,2024-05-17,1000000.00,4.61489,98.515625
08:02:25,912810TZ1,TSRYS5752098,D,B,C,2024-05-17,1000000.00,4.61489,98.515625
08:02:25,912810TZ1,TSRYS5752098,D,S,D,2024-05-17,1000000.00,4.61489,98.515625
08:02:25,912810TZ1,TSRYS5752098,D,B,C,2024-05-17,1000000.00,4.614906,98.515425
08:02:25,912810TZ1,TSRYS5752098,D,S,D,2024-05-17,1000000.00,4.61489,98.515625
08:02:25,912810TZ1,TSRYS5752098,D,B,C,2024-05-17,1000000.00,4.61489,98.515625
08:02:25,912810TZ1,TSRYS5752098,D,B,C,2024-05-17,1000000.00,4.61489,98.515625
08:02:25,912810TZ1,TSRYS5752098,D,B,C,2024-05-17,1000000.00,4.613664,98.53125
08:02:25,912810TZ1,TSRYS5752098,D,S,C,2024-05-17,1000000.00,4.613664,98.53125
08:02:25,912810TZ1,TSRYS5752098,D,S,D,2024-05-17,1000000.00,4.61489,98.515625
08:02:25,912810TZ1,TSRYS5752098,D,B,C,2024-05-17,1000000.00,4.61489,98.515625
08:02:25,912810TZ1,TSRYS5752098,D,S,D,2024-05-17,1000000.00,4.61489,98.515625
08:02:25,912810TZ1,TSRYS5752098,D,B,C,2024-05-17,1000000.00,4.61489,98.515625
08:02:25,912810TZ1,TSRYS5752098,D,S,D,2024-05-17,1000000.00,4.61489,98.515625
08:02:25,912810TZ1,TSRYS5752098,D,S,D,2024-05-17,1000000.00,4.61489,98.515625
08:02:25,912810TZ1,TSRYS5752098,D,B,C,2024-05-17,1000000.00,4.614906,98.515425
08:02:25,912810TZ1,TSRYS5752098,D,S,D,2024-05-17,1000000.00,4.61489,98.515625
08:02:25,912810TZ1,TSRYS5752098,D,B,C,2024-05-17,1000000.00,4.61489,98.515625
08:02:25,912810TZ1,TSRYS5752098,D,B,C,2024-05-17,1000000.00,4.614906,98.515425
08:02:25,912810TZ1,TSRYS5752098,D,S,D,2024-05-17,1000000.00,4.61489,98.515625
08:02:25,912810TZ1,TSRYS5752098,D,S,D,2024-05-17,1000000.00,4.61488,98.515755
08:02:26,912810TZ1,TSRYS5752098,D,B,C,2024-05-17,1000000.00,4.61736,98.484175
08:02:26,912810TZ1,TSRYS5752098,D,B,C,2024-05-17,8000000.00,4.620412,98.4453125
08:02:26,912810TZ1,TSRYS5752098,D,S,D,2024-05-17,1000000.00,4.617344,98.484375
08:02:26,912810TZ1,TSRYS5752098,D,B,C,2024-05-17,8000000.00,4.616424,98.49609375
08:02:27,912810TZ1,TSRYS5752098,D,S,C,2024-05-17,1000000.00,4.618555,98.46895
08:02:27,912810TZ1,TSRYS5752098,D,S,C,2024-05-17,1000000.00,4.618571,98.46875
08:02:27,912810TZ1,TSRYS5752098,D,S,D,2024-05-17,1000000.00,4.618571,98.46875
08:02:27,912810TZ1,TSRYS5752098,D,S,D,2024-05-17,1000000.00,4.618553,98.468975
08:02:27,912810TZ1,TSRYS5752098,D,S,D,2024-05-17,1000000.00,4.618571,98.46875
08:02:27,912810TZ1,TSRYS5752098,D,S,C,2024-05-17,1000000.00,4.618571,98.46875
08:02:27,912810TZ1,TSRYS5752098,D,S,D,2024-05-17,1000000.00,4.618571,98.46875
08:02:27,912810TZ1,TSRYS5752098,D,B,C,2024-05-17,8000000.00,4.619184,98.4609375
08:02:27,912810TZ1,TSRYS5752098,D,S,C,2024-05-17,1000000.00,4.618555,98.46895
08:02:27,912810TZ1,TSRYS5752098,D,S,T,2024-05-17,1000000.00,4.625938,98.375
08:02:27,912810TZ1,TSRYS5752098,D,S,C,2024-05-17,1000000.00,4.618571,98.46875
08:02:27,912810TZ1,TSRYS5752098,D,S,A,2024-05-17,2674000.00,4.622254,98.421875
08:02:27,912810TZ1,TSRYS5752098,D,S,C,2024-05-17,1000000.00,4.618555,98.46895
08:02:27,912810TZ1,TSRYS5752098,D,S,T,2024-05-17,1000000.00,4.625938,98.375
08:02:27,912810TZ1,TSRYS5752098,D,S,T,2024-05-17,1000000.00,4.630702,98.314453125
08:02:27,912810TZ1,TSRYS5752098,D,S,C,2024-05-17,1000000.00,4.618571,98.46875
08:02:27,912810TZ1,TSRYS5752098,D,S,C,2024-05-17,1000000.00,4.618571,98.46875
08:02:27,912810TZ1,TSRYS5752098,D,S,C,2024-05-17,1000000.00,4.618559,98.4689
08:02:27,912810TZ1,TSRYS5752098,D,S,C,2024-05-17,1000000.00,4.618559,98.4689
08:02:27,912810TZ1,TSRYS5752098,D,S,C,2024-05-17,1000000.00,4.618571,98.46875
08:02:27,912810TZ1,TSRYS5752098,D,S,C,2024-05-17,1000000.00,4.618571,98.46875
08:02:27,912810TZ1,TSRYS5752098,D,S,C,2024-05-17,1000000.00,4.618571,98.46875
08:02:27,912810TZ1,TSRYS5752098,D,S,D,2024-05-17,1000000.00,4.618571,98.46875
08:02:27,912810TZ1,TSRYS5752098,D,S,C,2024-05-17,1000000.00,4.618555,98.46895
08:02:28,912810TZ1,TSRYS5752098,D,S,D,2024-05-17,1000000.00,4.617344,98.484375
08:02:28,912810TZ1,TSRYS5752098,D,S,D,2024-05-17,1000000.00,4.617344,98.484375
08:02:28,912810TZ1,TSRYS5752098,D,S,D,2024-05-17,1000000.00,4.617344,98.484375
08:02:28,912810TZ1,TSRYS5752098,D,S,C,2024-05-17,1000000.00,4.617328,98.484575
08:02:28,912810TZ1,TSRYS5752098,D,S,D,2024-05-17,1000000.00,4.617344,98.484375
08:02:28,912810TZ1,TSRYS5752098,D,S,C,2024-05-17,1000000.00,4.617328,98.484575
08:02:28,912810TZ1,TSRYS5752098,D,S,D,2024-05-17,1000000.00,4.617344,98.484375
08:02:28,912810TZ1,TSRYS5752098,D,S,D,2024-05-17,1000000.00,4.617344,98.484375
08:02:28,912810TZ1,TSRYS5752098,D,S,C,2024-05-17,1000000.00,4.618553,98.468975
08:02:28,912810TZ1,TSRYS5752098,D,S,C,2024-05-17,1000000.00,4.618553,98.468975
08:02:28,912810TZ1,TSRYS5752098,D,S,D,2024-05-17,1000000.00,4.618571,98.46875
08:02:28,912810TZ1,TSRYS5752098,D,S,C,2024-05-17,1000000.00,4.619798,98.453125
08:02:28,912810TZ1,TSRYS5752098,D,S,D,2024-05-17,1000000.00,4.619798,98.453125
08:02:29,912810TZ1,TSRYS5752098,D,S,C,2024-05-17,1000000.00,4.621026,98.4375
08:02:29,912810TZ1,TSRYS5752098,D,B,C,2024-05-17,1000000.00,4.621026,98.4375
08:02:29,912810TZ1,TSRYS5752098,D,S,D,2024-05-17,1000000.00,4.621026,98.4375
08:02:29,912810TZ1,TSRYS5752098,D,S,C,2024-05-17,1000000.00,4.621008,98.437725
08:02:29,912810TZ1,TSRYS5752098,D,S,C,2024-05-17,1000000.00,4.61978,98.45335
08:02:29,912810TZ1,TSRYS5752098,D,S,C,2024-05-17,1000000.00,4.61978,98.45335
08:02:29,912810TZ1,TSRYS5752098,D,B,C,2024-05-17,1000000.00,4.619814,98.452925
08:02:29,912810TZ1,TSRYS5752098,D,B,C,2024-05-17,1000000.00,4.619814,98.452925
08:02:30,912810TZ1,TSRYS5752098,D,B,C,2024-05-17,8000000.00,4.617037,98.48828125
08:02:30,912810TZ1,TSRYS5752098,D,S,D,2024-05-17,1000000.00,4.635776,98.25
08:02:30,912810TZ1,TSRYS5752098,D,S,D,2024-05-17,1000000.00,4.621026,98.4375
08:02:30,912810TZ1,TSRYS5752098,D,S,D,2024-05-17,1000000.00,4.621026,98.4375
08:02:30,912810TZ1,TSRYS5752098,D,S,C,2024-05-17,1000000.00,4.621026,98.4375
08:02:30,912810TZ1,TSRYS5752098,D,S,D,2024-05-17,1000000.00,4.621026,98.4375
08:02:30,912810TZ1,TSRYS5752098,D,S,D,2024-05-17,1000000.00,4.621026,98.4375
08:02:30,912810TZ1,TSRYS5752098,D,S,D,2024-05-17,1000000.00,4.621026,98.4375
08:02:30,912810TZ1,TSRYS5752098,D,S,D,2024-05-17,1000000.00,4.621026,98.4375
08:02:30,912810TZ1,TSRYS5752098,D,S,D,2024-05-17,1000000.00,4.621026,98.4375
08:02:30,912810TZ1,TSRYS5752098,D,S,D,2024-05-17,1000000.00,4.621026,98.4375
08:02:30,912810TZ1,TSRYS5752098,D,S,D,2024-05-17,1000000.00,4.62101,98.4377
08:02:30,912810TZ1,TSRYS5752098,D,S,T,2024-05-17,1000000.00,4.634546,98.265625
08:02:30,912810TZ1,TSRYS5752098,D,S,C,2024-05-17,2000000.00,4.621026,98.4375
08:02:30,912810TZ1,TSRYS5752098,D,S,D,2024-05-17,1000000.00,4.621026,98.4375
08:02:30,912810TZ1,TSRYS5752098,D,S,D,2024-05-17,1000000.00,4.621026,98.4375
08:02:30,912810TZ1,TSRYS5752098,D,S,D,2024-05-17,1000000.00,4.621026,98.4375
08:02:31,912810TZ1,TSRYS5752098,D,S,C,2024-05-17,1000000.00,4.61489,98.5158
08:02:31,912810TZ1,TSRYS5752098,D,S,C,2024-05-17,1000000.00,4.61489,98.515625
08:02:31,912810TZ1,TSRYS5752098,D,S,D,2024-05-17,1000000.00,4.61489,98.515625
08:02:31,912810TZ1,TSRYS5752098,D,S,D,2024-05-17,1000000.00,4.614277,98.5234375
08:02:31,912810TZ1,TSRYS5752098,D,S,D,2024-05-17,1000000.00,4.635776,98.25
08:02:31,912810TZ1,TSRYS5752098,D,S,T,2024-05-17,1000000.00,4.634392,98.267578125
08:02:32,912810TZ1,TSRYS5752098,D,S,A,2024-05-17,1750000.00,4.615197,98.51171875
08:02:32,912810TZ1,TSRYS5752098,D,S,T,2024-05-17,2000000.00,4.616117,98.5
08:02:32,912810TZ1,TSRYS5752098,D,S,T,2024-05-17,2000000.00,4.616117,98.5
08:02:32,912810TZ1,TSRYS5752098,D,B,C,2024-05-17,1000000.00,4.618583,98.468598
08:02:32,912810TZ1,TSRYS5752098,D,S,C,2024-05-17,1000000.00,4.618571,98.46875
08:02:32,912810TZ1,TSRYS5752098,D,S,C,2024-05-17,1000000.00,4.618571,98.46875
08:02:32,912810TZ1,TSRYS5752098,D,S,T,2024-05-17,1000000.00,4.616117,98.5
08:02:32,912810TZ1,TSRYS5752098,D,B,C,2024-05-17,1000000.00,4.617356,98.484223
08:02:32,912810TZ1,TSRYS5752098,D,S,D,2024-05-17,1000000.00,4.617344,98.484375
08:02:32,912810TZ1,TSRYS5752098,D,B,C,2024-05-17,1000000.00,4.616129,98.499848
08:02:32,912810TZ1,TSRYS5752098,D,S,T,2024-05-17,2000000.00,4.616117,98.5
08:02:32,912810TZ1,TSRYS5752098,D,S,D,2024-05-17,1000000.00,4.616117,98.5
08:02:32,912810TZ1,TSRYS5752098,D,S,T,2024-05-17,1000000.00,4.616117,98.5
08:02:32,912810TZ1,TSRYS5752098,D,S,D,2024-05-17,1000000.00,4.616117,98.5
08:02:33,912810TZ1,TSRYS5752098,D,S,D,2024-05-17,1000000.00,4.613971,98.52734375
08:02:33,912810TZ1,TSRYS5752098,D,S,D,2024-05-17,1000000.00,4.616117,98.5
08:02:33,912810TZ1,TSRYS5752098,D,B,C,2024-05-17,1000000.00,4.616135,98.499775
08:02:33,912810TZ1,TSRYS5752098,D,S,D,2024-05-17,1000000.00,4.616117,98.5
08:02:33,912810TZ1,TSRYS5752098,D,S,C,2024-05-17,1000000.00,4.616117,98.5
08:02:33,912810TZ1,TSRYS5752098,D,B,C,2024-05-17,1000000.00,4.616135,98.499775
08:02:33,912810TZ1,TSRYS5752098,D,B,C,2024-05-17,1000000.00,4.616135,98.499775
08:02:33,912810TZ1,TSRYS5752098,D,S,C,2024-05-17,1000000.00,4.616117,98.5
08:02:33,912810TZ1,TSRYS5752098,D,B,C,2024-05-17,1000000.00,4.616135,98.499775
08:02:33,912810TZ1,TSRYS5752098,D,B,C,2024-05-17,1000000.00,4.616135,98.499775
08:02:33,912810TZ1,TSRYS5752098,D,S,C,2024-05-17,1000000.00,4.616117,98.5
08:02:33,912810TZ1,TSRYS5752098,D,S,C,2024-05-17,1000000.00,4.616117,98.5
08:02:33,912810TZ1,TSRYS5752098,D,S,T,2024-05-17,1000000.00,4.634546,98.265625
08:02:34,912810TZ1,TSRYS5752098,D,B,C,2024-05-17,1000000.00,4.614902,98.515473
08:02:34,912810TZ1,TSRYS5752098,D,B,C,2024-05-17,1000000.00,4.61489,98.515625
08:02:34,912810TZ1,TSRYS5752098,D,S,C,2024-05-17,1000000.00,4.61489,98.515625
08:02:34,912810TZ1,TSRYS5752098,D,S,C,2024-05-17,1000000.00,4.61489,98.515625
08:02:34,912810TZ1,TSRYS5752098,D,B,C,2024-05-17,1000000.00,4.616117,98.5
08:02:34,912810TZ1,TSRYS5752098,D,S,D,2024-05-17,1000000.00,4.616117,98.5
08:02:34,912810TZ1,TSRYS5752098,D,S,D,2024-05-17,1000000.00,4.612898,98.541015625
08:02:34,912810TZ1,TSRYS5752098,D,S,C,2024-05-17,1000000.00,4.617344,98.484375
08:02:34,912810TZ1,TSRYS5752098,D,S,D,2024-05-17,1000000.00,4.617344,98.484375
08:02:34,912810TZ1,TSRYS5752098,D,S,C,2024-05-17,1000000.00,4.617328,98.484575
08:02:35,912810TZ1,TSRYS5752098,D,S,D,2024-05-17,1000000.00,4.613204,98.537109375
08:02:35,912810TZ1,TSRYS5752098,D,S,C,2024-05-17,1000000.00,4.616117,98.5
08:02:35,912810TZ1,TSRYS5752098,D,S,C,2024-05-17,2000000.00,4.616117,98.5
08:02:35,912810TZ1,TSRYS5752098,D,S,D,2024-05-17,1000000.00,4.613204,98.537109375
08:02:35,912810TZ1,TSRYS5752098,D,S,C,2024-05-17,1000000.00,4.616117,98.5
08:02:35,912810TZ1,TSRYS5752098,D,B,C,2024-05-17,1000000.00,4.616117,98.5
08:02:35,912810TZ1,TSRYS5752098,D,S,C,2024-05-17,1000000.00,4.614875,98.515825
08:02:36,912810TZ1,TSRYS5752098,D,S,C,2024-05-17,1000000.00,4.614875,98.515825
08:02:36,912810TZ1,TSRYS5752098,D,S,D,2024-05-17,1000000.00,4.61489,98.515625
08:02:36,912810TZ1,TSRYS5752098,D,S,C,2024-05-17,1000000.00,4.614875,98.515825
08:02:36,912810TZ1,TSRYS5752098,D,S,C,2024-05-17,1000000.00,4.61489,98.515625
08:02:36,912810TZ1,TSRYS5752098,D,S,D,2024-05-17,1000000.00,4.61489,98.515625
08:02:36,912810TZ1,TSRYS5752098,D,S,D,2024-05-17,1000000.00,4.61489,98.515625
08:02:36,912810TZ1,TSRYS5752098,D,S,C,2024-05-17,5000000.00,4.614879,98.515775
08:02:37,912810TZ1,TSRYS5752098,D,S,C,2024-05-17,1000000.00,4.614875,98.515825
08:02:37,912810TZ1,TSRYS5752098,D,S,C,2024-05-17,2000000.00,4.61489,98.515625
08:02:37,912810TZ1,TSRYS5752098,D,B,C,2024-05-17,1000000.00,4.614906,98.515425
08:02:37,912810TZ1,TSRYS5752098,D,S,C,2024-05-17,1000000.00,4.614877,98.5158
08:02:37,912810TZ1,TSRYS5752098,D,B,C,2024-05-17,1000000.00,4.61489,98.515625
08:02:37,912810TZ1,TSRYS5752098,D,S,D,2024-05-17,1000000.00,4.614875,98.515825
08:02:37,912810TZ1,TSRYS5752098,D,S,D,2024-05-17,1000000.00,4.614875,98.515825
08:02:37,912810TZ1,TSRYS5752098,D,S,D,2024-05-17,1000000.00,4.635776,98.25
08:02:38,912810TZ1,TSRYS5752098,D,S,C,2024-05-17,1000000.00,4.613664,98.53125
08:02:38,912810TZ1,TSRYS5752098,D,S,D,2024-05-17,2000000.00,4.648097,98.09375
08:02:38,912810TZ1,TSRYS5752098,D,S,C,2024-05-17,1000000.00,4.613664,98.53125
08:02:38,912810TZ1,TSRYS5752098,D,B,C,2024-05-17,7000000.00,4.613664,98.53125
08:02:38,912810TZ1,TSRYS5752098,D,S,C,2024-05-17,1000000.00,4.613664,98.53125
08:02:38,912810TZ1,TSRYS5752098,D,B,C,2024-05-17,635000.00,4.645354,98.12850625
08:02:38,912810TZ1,TSRYS5752098,D,S,D,2024-05-17,1000000.00,4.612422,98.547075
08:02:38,912810TZ1,TSRYS5752098,D,S,D,2024-05-17,1000000.00,4.612422,98.547075
08:02:38,912810TZ1,TSRYS5752098,D,B,C,2024-05-17,1000000.00,4.61245,98.546723
08:02:39,912810TZ1,TSRYS5752098,D,B,C,2024-05-17,1000000.00,4.611224,98.562348
08:02:39,912810TZ1,TSRYS5752098,D,S,C,2024-05-17,1000000.00,4.611212,98.5625
08:02:39,912810TZ1,TSRYS5752098,D,B,C,2024-05-17,15000.00,4.645323,98.12890625
08:02:39,912810TZ1,TSRYS5752098,D,S,A,2024-05-17,23146000.00,4.576994,99.0
08:02:41,912810TZ1,TSRYS5752098,D,S,D,2024-05-17,19000.00,4.645014,98.1328125
08:02:42,912810TZ1,TSRYS5752098,D,B,C,2024-05-17,2000000.00,4.613664,98.53125
08:02:42,912810TZ1,TSRYS5752098,D,S,D,2024-05-17,2000000.00,4.613664,98.53125
08:02:42,912810TZ1,TSRYS5752098,D,B,C,2024-05-17,1000000.00,4.613664,98.53125
08:02:42,912810TZ1,TSRYS5752098,D,S,D,2024-05-17,1000000.00,4.613664,98.53125
08:02:42,912810TZ1,TSRYS5752098,D,S,D,2024-05-17,1000000.00,4.613664,98.53125
08:02:42,912810TZ1,TSRYS5752098,D,B,C,2024-05-17,1000000.00,4.61368,98.53105
08:02:42,912810TZ1,TSRYS5752098,D,S,D,2024-05-17,1000000.00,4.613664,98.53125
08:02:42,912810TZ1,TSRYS5752098,D,B,C,2024-05-17,1000000.00,4.61368,98.53105
08:02:42,912810TZ1,TSRYS5752098,D,S,D,2024-05-17,1000000.00,4.613664,98.53125
08:02:42,912810TZ1,TSRYS5752098,D,S,D,2024-05-17,1000000.00,4.613664,98.53125
08:02:42,912810TZ1,TSRYS5752098,D,B,C,2024-05-17,1000000.00,4.61368,98.53105
08:02:42,912810TZ1,TSRYS5752098,D,S,D,2024-05-17,1000000.00,4.613664,98.53125
08:02:42,912810TZ1,TSRYS5752098,D,S,D,2024-05-17,1000000.00,4.613664,98.53125
08:02:42,912810TZ1,TSRYS5752098,D,B,C,2024-05-17,1000000.00,4.613664,98.53125
08:02:42,912810TZ1,TSRYS5752098,D,B,C,2024-05-17,1000000.00,4.613664,98.53125
08:02:42,912810TZ1,TSRYS5752098,D,S,D,2024-05-17,1000000.00,4.613664,98.53125
08:02:42,912810TZ1,TSRYS5752098,D,B,C,2024-05-17,1000000.00,4.613664,98.53125
08:02:42,912810TZ1,TSRYS5752098,D,S,D,2024-05-17,1000000.00,4.616117,98.5
08:02:42,912810TZ1,TSRYS5752098,D,B,C,2024-05-17,1000000.00,4.616117,98.5
08:02:46,912810TZ1,TSRYS5752098,D,S,D,2024-05-17,1000000.00,4.616117,98.5
08:02:46,912810TZ1,TSRYS5752098,D,S,D,2024-05-17,1000000.00,4.616117,98.5
08:02:46,912810TZ1,TSRYS5752098,D,S,D,2024-05-17,1000000.00,4.616117,98.5
08:02:46,912810TZ1,TSRYS5752098,D,S,D,2024-05-17,1000000.00,4.616117,98.5
08:02:46,912810TZ1,TSRYS5752098,D,S,D,2024-05-17,1000000.00,4.616117,98.5
08:02:46,912810TZ1,TSRYS5752098,D,S,D,2024-05-17,1000000.00,4.616117,98.5
08:02:46,912810TZ1,TSRYS5752098,D,S,D,2024-05-17,1000000.00,4.616117,98.5
08:02:46,912810TZ1,TSRYS5752098,D,B,C,2024-05-17,1000000.00,4.616117,98.5
08:02:46,912810TZ1,TSRYS5752098,D,B,C,2024-05-17,1000000.00,4.616117,98.5
08:02:46,912810TZ1,TSRYS5752098,D,S,D,2024-05-17,1000000.00,4.616117,98.5
08:02:46,912810TZ1,TSRYS5752098,D,S,D,2024-05-17,1000000.00,4.616117,98.5
08:02:46,912810TZ1,TSRYS5752098,D,S,D,2024-05-17,1000000.00,4.618571,98.46875
08:02:46,912810TZ1,TSRYS5752098,D,S,D,2024-05-17,1000000.00,4.618571,98.46875
08:02:46,912810TZ1,TSRYS5752098,D,S,D,2024-05-17,1000000.00,4.618571,98.46875
08:02:46,912810TZ1,TSRYS5752098,D,S,D,2024-05-17,1000000.00,4.618571,98.46875
08:02:46,912810TZ1,TSRYS5752098,D,S,D,2024-05-17,1000000.00,4.618571,98.46875
08:02:46,912810TZ1,TSRYS5752098,D,B,C,2024-05-17,1000000.00,4.618587,98.46855
08:02:46,912810TZ1,TSRYS5752098,D,B,C,2024-05-17,1000000.00,4.618571,98.46875
08:02:46,912810TZ1,TSRYS5752098,D,S,D,2024-05-17,1000000.00,4.618571,98.46875
08:02:46,912810TZ1,TSRYS5752098,D,S,D,2024-05-17,1000000.00,4.618571,98.46875
08:02:46,912810TZ1,TSRYS5752098,D,B,C,2024-05-17,1000000.00,4.618571,98.46875
08:02:46,912810TZ1,TSRYS5752098,D,B,C,2024-05-17,1000000.00,4.618571,98.46875
08:02:46,912810TZ1,TSRYS5752098,D,B,C,2024-05-17,1000000.00,4.618571,98.46875
08:02:46,912810TZ1,TSRYS5752098,D,B,C,2024-05-17,1000000.00,4.618571,98.46875
08:02:46,912810TZ1,TSRYS5752098,D,S,D,2024-05-17,1000000.00,4.618571,98.46875
08:02:46,912810TZ1,TSRYS5752098,D,B,C,2024-05-17,1000000.00,4.618571,98.46875
08:02:46,912810TZ1,TSRYS5752098,D,S,D,2024-05-17,1000000.00,4.618571,98.46875
08:02:46,912810TZ1,TSRYS5752098,D,B,C,2024-05-17,1000000.00,4.618583,98.4686
08:02:46,912810TZ1,TSRYS5752098,D,S,D,2024-05-17,1000000.00,4.618571,98.46875
08:02:46,912810TZ1,TSRYS5752098,D,S,D,2024-05-17,1000000.00,4.618571,98.46875
08:02:46,912810TZ1,TSRYS5752098,D,S,C,2024-05-17,1000000.00,4.616117,98.5
08:02:46,912810TZ1,TSRYS5752098,D,S,D,2024-05-17,1000000.00,4.616117,98.5
08:02:46,912810TZ1,TSRYS5752098,D,B,C,2024-05-17,1000000.00,4.621044,98.437273
08:02:46,912810TZ1,TSRYS5752098,D,B,C,2024-05-17,1000000.00,4.621044,98.437273
08:02:46,912810TZ1,TSRYS5752098,D,S,C,2024-05-17,1000000.00,4.621026,98.4375
08:02:46,912810TZ1,TSRYS5752098,D,S,C,2024-05-17,1000000.00,4.621026,98.4375
08:02:46,912810TZ1,TSRYS5752098,D,B,C,2024-05-17,1000000.00,4.621044,98.437273
08:02:46,912810TZ1,TSRYS5752098,D,S,C,2024-05-17,1000000.00,4.621026,98.4375
08:02:46,912810TZ1,TSRYS5752098,D,S,D,2024-05-17,1000000.00,4.621026,98.4375
08:02:46,912810TZ1,TSRYS5752098,D,S,C,2024-05-17,7000000.00,4.628988,98.3362326
08:02:46,912810TZ1,TSRYS5752098,D,S,C,2024-05-17,1000000.00,4.621026,98.4375
08:02:46,912810TZ1,TSRYS5752098,D,S,C,2024-05-17,1000000.00,4.621026,98.4375
08:02:46,912810TZ1,TSRYS5752098,D,S,C,2024-05-17,1000000.00,4.621026,98.4375
08:02:46,912810TZ1,TSRYS5752098,D,B,C,2024-05-17,1000000.00,4.621038,98.437348
08:02:46,912810TZ1,TSRYS5752098,D,B,C,2024-05-17,1000000.00,4.623482,98.40625
08:02:46,912810TZ1,TSRYS5752098,D,S,C,2024-05-17,1000000.00,4.623482,98.40625
08:02:46,912810TZ1,TSRYS5752098,D,S,C,2024-05-17,1000000.00,4.623482,98.40625
08:02:46,912810TZ1,TSRYS5752098,D,S,C,2024-05-17,1000000.00,4.623482,98.40625
08:02:46,912810TZ1,TSRYS5752098,D,B,C,2024-05-17,1000000.00,4.623482,98.40625
08:02:46,912810TZ1,TSRYS5752098,D,B,C,2024-05-17,1000000.00,4.623482,98.40625
08:02:47,912810TZ1,TSRYS5752098,D,S,C,2024-05-17,1000000.00,4.62471,98.390625
08:02:47,912810TZ1,TSRYS5752098,D,S,C,2024-05-17,1000000.00,4.62471,98.390625
08:02:47,912810TZ1,TSRYS5752098,D,S,C,2024-05-17,1000000.00,4.62471,98.390625
08:02:47,912810TZ1,TSRYS5752098,D,S,T,2024-05-17,1000000.00,4.619192,98.4608375
08:02:47,912810TZ1,TSRYS5752098,D,S,T,2024-05-17,1000000.00,4.643012,98.158203125
08:02:47,912810TZ1,TSRYS5752098,D,B,C,2024-05-17,1000000.00,4.625938,98.375
08:02:47,912810TZ1,TSRYS5752098,D,S,C,2024-05-17,1000000.00,4.625938,98.375
08:02:48,912810TZ1,TSRYS5752098,D,S,C,2024-05-17,1000000.00,4.625923,98.3752
08:02:48,912810TZ1,TSRYS5752098,D,S,C,2024-05-17,1000000.00,4.625938,98.375
08:02:48,912810TZ1,TSRYS5752098,D,S,C,2024-05-17,1000000.00,4.625938,98.375
08:02:49,912810TZ1,TSRYS5752098,D,S,C,2024-05-17,1000000.00,4.625921,98.375225
08:02:49,912810TZ1,TSRYS5752098,D,S,C,2024-05-17,1000000.00,4.625921,98.375225
08:02:49,912810TZ1,TSRYS5752098,D,S,D,2024-05-17,1000000.00,4.622254,98.421875
08:02:49,912810TZ1,TSRYS5752098,D,B,C,2024-05-17,1000000.00,4.625938,98.375
08:02:49,912810TZ1,TSRYS5752098,D,S,D,2024-05-17,1000000.00,4.625927,98.37515
08:02:49,912810TZ1,TSRYS5752098,D,S,D,2024-05-17,1000000.00,4.622254,98.421875
08:02:49,912810TZ1,TSRYS5752098,D,S,D,2024-05-17,1000000.00,4.622254,98.421875
