tradeTime,cusip,issueSymbolIdentifier,priceType,reportingSideCode,contraPartyTypeCode,tradeDate,reportedTradeVolume,lastSaleYield,lastSalePrice
08:00:03,912810TZ1,TSRYS5752098,D,S,T,2024-04-08,1000000.00,4.688822,97.572265625
08:00:03,912810TZ1,TSRYS5752098,D,S,T,2024-04-08,1000000.00,4.704468,97.375
08:00:03,912810TZ1,TSRYS5752098,D,S,D,2024-04-08,1000000.00,4.704468,97.375
08:00:03,912810TZ1,TSRYS5752098,D,S,D,2024-04-08,1000000.00,4.700436,97.42578125
08:00:03,912810TZ1,TSRYS5752098,D,B,C,2024-04-08,1000000.00,4.699351,97.439453125
08:00:03,912810TZ1,TSRYS5752098,D,S,D,2024-04-08,1000000.00,4.699041,97.443359375
08:00:03,912810TZ1,TSRYS5752098,D,B,C,2024-04-08,1000000.00,4.699661,97.435546875
08:00:07,912810TZ1,TSRYS5752098,D,S,D,2024-04-08,1000000.00,4.707261,97.33984375
08:00:07,912810TZ1,TSRYS5752098,D,S,D,2024-04-08,1000000.00,4.708348,97.326171875
08:00:07,912810TZ1,TSRYS5752098,D,S,D,2024-04-08,1000000.00,4.707261,97.33984375
08:00:07,912810TZ1,TSRYS5752098,D,S,D,2024-04-08,1000000.00,4.707261,97.33984375
08:00:07,912810TZ1,TSRYS5752098,D,S,D,2024-04-08,1000000.00,4.707261,97.33984375
08:00:07,912810TZ1,TSRYS5752098,D,S,D,2024-04-08,1000000.00,4.707261,97.33984375
08:00:11,912810TZ1,TSRYS5752098,D,S,A,2024-04-08,100000.00,4.70633,97.3565625
08:00:11,912810TZ1,TSRYS5752098,D,S,A,2024-04-08,2000.00,4.70754,97.5863375
08:00:11,912810TZ1,TSRYS5752098,D,S,D,2024-04-08,1000000.00,4.67476,97.75
08:00:19,912810TZ1,TSRYS5752098,D,B,C,2024-04-08,47000.00,4.678156,97.70703125
08:00:21,912810TZ1,TSRYS5752098,D,S,A,2024-04-08,500000.00,4.707882,97.33403125
08:00:21,912810TZ1,TSRYS5752098,D,S,D,2024-04-08,1000000.00,4.68001,97.68359375
08:00:22,912810TZ1,TSRYS5752098,D,S,A,2024-04-08,100000.00,4.708192,97.333125
08:00:24,912810TZ1,TSRYS5752098,D,S,D,2024-04-08,1000000.00,4.67476,97.75
08:00:26,912810TZ1,TSRYS5752098,D,S,T,2024-04-08,1000000.00,4.67476,97.75
08:00:26,912810TZ1,TSRYS5752098,D,S,D,2024-04-08,1000000.00,4.67476,97.75
08:00:26,912810TZ1,TSRYS5752098,D,S,D,2024-04-08,1000000.00,4.67476,97.75
08:00:26,912810TZ1,TSRYS5752098,D,S,D,2024-04-08,1000000.00,4.673525,97.765625
08:00:26,912810TZ1,TSRYS5752098,D,S,A,2024-04-08,2000.00,4.708192,97.828125
08:00:27,912810TZ1,TSRYS5752098,D,S,T,2024-04-08,1000000.00,4.708192,97.328125
08:00:27,912810TZ1,TSRYS5752098,D,S,D,2024-04-08,1000000.00,4.69331,97.515625
08:00:27,912810TZ1,TSRYS5752098,D,S,D,2024-04-08,1000000.00,4.69331,97.515625
08:00:27,912810TZ1,TSRYS5752098,D,S,D,2024-04-08,1000000.00,4.69331,97.515625
08:00:27,912810TZ1,TSRYS5752098,D,S,C,2024-04-08,2000.00,4.708192,97.578125
08:00:28,912810TZ1,TSRYS5752098,D,S,D,2024-04-08,1000000.00,4.707261,97.33984375
08:00:28,912810TZ1,TSRYS5752098,D,S,D,2024-04-08,1000000.00,4.707571,97.3359375
08:00:28,912810TZ1,TSRYS5752098,D,S,D,2024-04-08,1000000.00,4.708503,97.32421875
08:00:30,912810TZ1,TSRYS5752098,D,S,T,2024-04-08,1000000.00,4.671057,97.796875
08:00:30,912810TZ1,TSRYS5752098,D,S,T,2024-04-08,1000000.00,4.671057,97.796875
08:00:30,912810TZ1,TSRYS5752098,D,S,T,2024-04-08,1000000.00,4.671057,97.796875
08:00:30,912810TZ1,TSRYS5752098,D,S,T,2024-04-08,1000000.00,4.671057,97.796875
08:00:30,912810TZ1,TSRYS5752098,D,S,T,2024-04-08,1000000.00,4.673525,97.765625
08:00:30,912810TZ1,TSRYS5752098,D,S,T,2024-04-08,1000000.00,4.673062,97.771484375
08:00:30,912810TZ1,TSRYS5752098,D,S,T,2024-04-08,1000000.00,4.671057,97.796875
08:00:30,912810TZ1,TSRYS5752098,D,S,T,2024-04-08,1000000.00,4.669823,97.8125
08:00:30,912810TZ1,TSRYS5752098,D,S,T,2024-04-08,1000000.00,4.673525,97.765625
08:00:30,912810TZ1,TSRYS5752098,D,S,T,2024-04-08,1000000.00,4.67476,97.75
08:00:30,912810TZ1,TSRYS5752098,D,S,T,2024-04-08,1000000.00,4.67723,97.71875
08:00:30,912810TZ1,TSRYS5752098,D,S,T,2024-04-08,1000000.00,4.67723,97.71875
08:00:30,912810TZ1,TSRYS5752098,D,S,T,2024-04-08,1000000.00,4.678465,97.703125
08:00:30,912810TZ1,TSRYS5752098,D,S,T,2024-04-08,1000000.00,4.679701,97.6875
08:00:30,912810TZ1,TSRYS5752098,D,S,T,2024-04-08,1000000.00,4.689595,97.5625
08:00:34,912810TZ1,TSRYS5752098,D,S,T,2024-04-08,1000000.00,4.686811,97.59765625
08:00:34,912810TZ1,TSRYS5752098,D,S,T,2024-04-08,1000000.00,4.689131,97.568359375
08:00:34,912810TZ1,TSRYS5752098,D,S,T,2024-04-08,1000000.00,4.692845,97.521484375
08:00:34,912810TZ1,TSRYS5752098,D,S,T,2024-04-08,2000000.00,4.700746,97.421875
08:00:34,912810TZ1,TSRYS5752098,D,S,T,2024-04-08,2000000.00,4.700746,97.421875
08:00:34,912810TZ1,TSRYS5752098,D,S,T,2024-04-08,1000000.00,4.700746,97.421875
08:00:34,912810TZ1,TSRYS5752098,D,S,D,2024-04-08,1000000.00,4.70633,97.3515625
08:00:34,912810TZ1,TSRYS5752098,D,S,T,2024-04-08,2000000.00,4.69331,97.515625
08:00:34,912810TZ1,TSRYS5752098,D,S,T,2024-04-08,1000000.00,4.69331,97.515625
08:00:34,912810TZ1,TSRYS5752098,D,S,T,2024-04-08,2000000.00,4.69331,97.515625
08:00:34,912810TZ1,TSRYS5752098,D,S,T,2024-04-08,1000000.00,4.69331,97.515625
08:00:34,912810TZ1,TSRYS5752098,D,S,T,2024-04-08,2000000.00,4.69331,97.515625
08:00:34,912810TZ1,TSRYS5752098,D,S,T,2024-04-08,1000000.00,4.701987,97.40625
08:00:34,912810TZ1,TSRYS5752098,D,S,T,2024-04-08,1000000.00,4.706951,97.34375
08:00:34,912810TZ1,TSRYS5752098,D,S,D,2024-04-08,1000000.00,4.674451,97.75390625
08:00:34,912810TZ1,TSRYS5752098,D,S,D,2024-04-08,1000000.00,4.675686,97.73828125
08:00:34,912810TZ1,TSRYS5752098,D,S,D,2024-04-08,1000000.00,4.675068,97.74609375
08:00:34,912810TZ1,TSRYS5752098,D,S,D,2024-04-08,1000000.00,4.672908,97.7734375
08:00:34,912810TZ1,TSRYS5752098,D,S,D,2024-04-08,1000000.00,4.693,97.51953125
08:00:34,912810TZ1,TSRYS5752098,D,S,D,2024-04-08,1000000.00,4.689595,97.5625
08:00:34,912810TZ1,TSRYS5752098,D,S,D,2024-04-08,1000000.00,4.690833,97.546875
08:00:34,912810TZ1,TSRYS5752098,D,S,D,2024-04-08,1000000.00,4.701677,97.41015625
08:00:34,912810TZ1,TSRYS5752098,D,S,D,2024-04-08,1000000.00,4.701677,97.41015625
08:00:34,912810TZ1,TSRYS5752098,D,S,D,2024-04-08,1000000.00,4.700126,97.4296875
08:00:34,912810TZ1,TSRYS5752098,D,S,D,2024-04-08,1000000.00,4.69331,97.515625
08:00:34,912810TZ1,TSRYS5752098,D,S,D,2024-04-08,1000000.00,4.69331,97.515625
08:00:34,912810TZ1,TSRYS5752098,D,S,D,2024-04-08,1000000.00,4.707571,97.3359375
08:00:34,912810TZ1,TSRYS5752098,D,S,D,2024-04-08,1000000.00,4.707882,97.33203125
08:00:34,912810TZ1,TSRYS5752098,D,S,D,2024-04-08,1000000.00,4.707571,97.3359375
08:00:34,912810TZ1,TSRYS5752098,D,S,D,2024-04-08,1000000.00,4.677075,97.720703125
08:00:34,912810TZ1,TSRYS5752098,D,S,D,2024-04-08,1000000.00,4.677075,97.720703125
08:00:34,912810TZ1,TSRYS5752098,D,S,D,2024-04-08,1000000.00,4.677075,97.720703125
08:00:34,912810TZ1,TSRYS5752098,D,S,D,2024-04-08,1000000.00,4.67723,97.71875
08:00:34,912810TZ1,TSRYS5752098,D,S,D,2024-04-08,1000000.00,4.67723,97.71875
08:00:34,912810TZ1,TSRYS5752098,D,S,D,2024-04-08,1000000.00,4.675068,97.74609375
08:00:34,912810TZ1,TSRYS5752098,D,S,D,2024-04-08,2000000.00,4.675686,97.73828125
08:00:34,912810TZ1,TSRYS5752098,D,S,D,2024-04-08,2000000.00,4.674142,97.7578125
08:00:34,912810TZ1,TSRYS5752098,D,S,D,2024-04-08,2000000.00,4.669823,97.8125
08:00:34,912810TZ1,TSRYS5752098,D,S,D,2024-04-08,1000000.00,4.692845,97.521484375
08:00:34,912810TZ1,TSRYS5752098,D,S,D,2024-04-08,1000000.00,4.692845,97.521484375
08:00:34,912810TZ1,TSRYS5752098,D,S,D,2024-04-08,1000000.00,4.690524,97.55078125
08:00:34,912810TZ1,TSRYS5752098,D,S,D,2024-04-08,1000000.00,4.690833,97.546875
08:00:34,912810TZ1,TSRYS5752098,D,S,D,2024-04-08,1000000.00,4.697337,97.46484375
08:00:34,912810TZ1,TSRYS5752098,D,S,D,2024-04-08,1000000.00,4.697492,97.462890625
08:00:34,912810TZ1,TSRYS5752098,D,S,D,2024-04-08,1000000.00,4.697492,97.462890625
08:00:34,912810TZ1,TSRYS5752098,D,S,D,2024-04-08,1000000.00,4.701987,97.40625
08:00:34,912810TZ1,TSRYS5752098,D,S,D,2024-04-08,1000000.00,4.698731,97.447265625
08:00:34,912810TZ1,TSRYS5752098,D,S,D,2024-04-08,1000000.00,4.698576,97.44921875
08:00:34,912810TZ1,TSRYS5752098,D,S,D,2024-04-08,1000000.00,4.699041,97.443359375
08:00:34,912810TZ1,TSRYS5752098,D,S,D,2024-04-08,1000000.00,4.697492,97.462890625
08:00:34,912810TZ1,TSRYS5752098,D,S,D,2024-04-08,1000000.00,4.697492,97.462890625
08:00:34,912810TZ1,TSRYS5752098,D,S,D,2024-04-08,1000000.00,4.702762,97.396484375
08:00:34,912810TZ1,TSRYS5752098,D,S,D,2024-04-08,1000000.00,4.707416,97.337890625
08:00:34,912810TZ1,TSRYS5752098,D,S,D,2024-04-08,1000000.00,4.707571,97.3359375
08:00:34,912810TZ1,TSRYS5752098,D,S,D,2024-04-08,1000000.00,4.707571,97.3359375
08:00:34,912810TZ1,TSRYS5752098,D,S,D,2024-04-08,1000000.00,4.707571,97.3359375
08:00:34,912810TZ1,TSRYS5752098,D,S,D,2024-04-08,1000000.00,4.709279,97.314453125
08:00:34,912810TZ1,TSRYS5752098,D,S,T,2024-04-08,1000000.00,4.671057,97.796875
08:00:34,912810TZ1,TSRYS5752098,D,S,T,2024-04-08,1000000.00,4.669823,97.8125
08:00:34,912810TZ1,TSRYS5752098,D,S,T,2024-04-08,1000000.00,4.680937,97.671875
08:00:34,912810TZ1,TSRYS5752098,D,S,T,2024-04-08,1000000.00,4.680937,97.671875
08:00:34,912810TZ1,TSRYS5752098,D,S,T,2024-04-08,1000000.00,4.675995,97.734375
08:00:34,912810TZ1,TSRYS5752098,D,S,T,2024-04-08,1000000.00,4.675068,97.74609375
08:00:34,912810TZ1,TSRYS5752098,D,S,T,2024-04-08,1000000.00,4.674142,97.7578125
08:00:34,912810TZ1,TSRYS5752098,D,S,T,2024-04-08,1000000.00,4.676612,97.7265625
08:00:34,912810TZ1,TSRYS5752098,D,S,T,2024-04-08,1000000.00,4.693,97.51953125
08:00:34,912810TZ1,TSRYS5752098,D,S,T,2024-04-08,1000000.00,4.692845,97.521484375
08:00:34,912810TZ1,TSRYS5752098,D,S,T,2024-04-08,1000000.00,4.690833,97.546875
08:00:34,912810TZ1,TSRYS5752098,D,S,T,2024-04-08,1000000.00,4.697492,97.462890625
08:00:34,912810TZ1,TSRYS5752098,D,S,T,2024-04-08,1000000.00,4.701677,97.41015625
08:00:34,912810TZ1,TSRYS5752098,D,S,T,2024-04-08,1000000.00,4.701522,97.412109375
08:00:34,912810TZ1,TSRYS5752098,D,S,T,2024-04-08,1000000.00,4.69331,97.515625
08:00:34,912810TZ1,TSRYS5752098,D,S,T,2024-04-08,1000000.00,4.69331,97.515625
08:00:34,912810TZ1,TSRYS5752098,D,S,T,2024-04-08,1000000.00,4.707416,97.337890625
08:00:34,912810TZ1,TSRYS5752098,D,S,T,2024-04-08,1000000.00,4.707882,97.33203125
08:00:34,912810TZ1,TSRYS5752098,D,S,T,2024-04-08,1000000.00,4.707727,97.333984375
08:00:34,912810TZ1,TSRYS5752098,D,S,T,2024-04-08,1000000.00,4.707571,97.3359375
08:00:34,912810TZ1,TSRYS5752098,D,S,T,2024-04-08,1000000.00,4.708192,97.328125
08:00:34,912810TZ1,TSRYS5752098,D,S,D,2024-04-08,47000.00,4.678156,97.70703125
08:00:34,912810TZ1,TSRYS5752098,D,S,D,2024-04-08,1000000.00,4.709124,97.31640625
08:00:34,912810TZ1,TSRYS5752098,D,S,D,2024-04-08,20000000.00,4.645256,98.1242
08:00:38,912810TZ1,TSRYS5752098,D,S,A,2024-04-08,5000.00,4.708471,97.42461875
08:00:41,912810TZ1,TSRYS5752098,D,S,T,2024-04-08,5000000.00,4.67723,97.71875
08:00:41,912810TZ1,TSRYS5752098,D,S,T,2024-04-08,1000000.00,4.671057,97.796875
08:00:41,912810TZ1,TSRYS5752098,D,S,A,2024-04-08,300000.00,4.670748,97.80078125
08:00:41,912810TZ1,TSRYS5752098,D,S,A,2024-04-08,285000.00,4.676612,97.7265625
08:00:41,912810TZ1,TSRYS5752098,D,S,A,2024-04-08,672000.00,4.679392,97.69140625
08:00:41,912810TZ1,TSRYS5752098,D,B,A,2024-04-08,1525000.00,4.682482,97.65234375
08:00:41,912810TZ1,TSRYS5752098,D,S,A,2024-04-08,270000.00,4.691452,97.5390625
08:00:42,912810TZ1,TSRYS5752098,D,S,A,2024-04-08,100000.00,4.674451,97.75390625
08:00:42,912810TZ1,TSRYS5752098,D,S,T,2024-04-08,1000000.00,4.678465,97.703125
08:00:42,912810TZ1,TSRYS5752098,D,S,T,2024-04-08,1000000.00,4.675995,97.734375
08:00:42,912810TZ1,TSRYS5752098,D,S,A,2024-04-08,1000000.00,4.69362,97.51171875
08:00:42,912810TZ1,TSRYS5752098,D,S,A,2024-04-08,515000.00,4.695168,97.4921875
08:00:42,912810TZ1,TSRYS5752098,D,S,A,2024-04-08,100000.00,4.702607,97.3984375
08:00:42,912810TZ1,TSRYS5752098,D,S,T,2024-04-08,1000000.00,4.692071,97.53125
08:00:42,912810TZ1,TSRYS5752098,D,S,A,2024-04-08,306000.00,4.698886,97.4453125
08:00:42,912810TZ1,TSRYS5752098,D,B,A,2024-04-08,1000000.00,4.702917,97.39453125
08:00:42,912810TZ1,TSRYS5752098,D,S,A,2024-04-08,330000.00,4.703848,97.3828125
08:00:42,912810TZ1,TSRYS5752098,D,S,T,2024-04-08,1000000.00,4.697027,97.46875
08:00:42,912810TZ1,TSRYS5752098,D,S,A,2024-04-08,40000.00,4.696097,97.48046875
08:00:46,912810TZ1,TSRYS5752098,D,S,D,2024-04-08,2000.00,4.708192,97.328125
08:00:46,912810TZ1,TSRYS5752098,D,S,D,2024-04-08,2000.00,4.708192,97.328125
08:00:46,912810TZ1,TSRYS5752098,D,S,D,2024-04-08,2930000.00,4.700746,97.421875
08:00:53,912810TZ1,TSRYS5752098,D,S,A,2024-04-08,20000000.00,4.699506,97.4375
08:00:53,912810TZ1,TSRYS5752098,D,S,A,2024-04-08,20000.00,4.703563,97.38671875
08:00:54,912810TZ1,TSRYS5752098,D,S,D,2024-04-08,500000.00,4.707882,97.33203125
08:00:55,912810TZ1,TSRYS5752098,D,S,A,2024-04-08,1267000.00,4.68712,97.59375
08:00:56,912810TZ1,TSRYS5752098,D,S,T,2024-04-08,1000000.00,4.7082,97.328025
08:00:58,912810TZ1,TSRYS5752098,D,S,A,2024-04-08,500000.00,4.702607,97.3984375
08:00:58,912810TZ1,TSRYS5752098,D,B,A,2024-04-08,770000.00,4.704468,97.375
08:00:59,912810TZ1,TSRYS5752098,D,S,A,2024-04-08,770000.00,4.698267,97.453125
08:01:02,912810TZ1,TSRYS5752098,D,B,C,2024-04-08,1000000.00,4.679701,97.6875
08:01:02,912810TZ1,TSRYS5752098,D,S,D,2024-04-08,1000000.00,4.670748,97.80078125
08:01:02,912810TZ1,TSRYS5752098,D,S,D,2024-04-08,1000000.00,4.668589,97.828125
08:01:02,912810TZ1,TSRYS5752098,D,B,C,2024-04-08,1000000.00,4.668589,97.828125
08:01:02,912810TZ1,TSRYS5752098,D,S,D,2024-04-08,1000000.00,4.67476,97.75
08:01:02,912810TZ1,TSRYS5752098,D,S,D,2024-04-08,1000000.00,4.674451,97.75390625
08:01:02,912810TZ1,TSRYS5752098,D,S,D,2024-04-08,1000000.00,4.671057,97.796875
08:01:02,912810TZ1,TSRYS5752098,D,S,D,2024-04-08,1000000.00,4.679701,97.6875
08:01:02,912810TZ1,TSRYS5752098,D,S,D,2024-04-08,1000000.00,4.67476,97.75
08:01:02,912810TZ1,TSRYS5752098,D,B,C,2024-04-08,1000000.00,4.676612,97.7265625
08:01:02,912810TZ1,TSRYS5752098,D,S,D,2024-04-08,1000000.00,4.676612,97.7265625
08:01:02,912810TZ1,TSRYS5752098,D,S,D,2024-04-08,1000000.00,4.67476,97.75
08:01:02,912810TZ1,TSRYS5752098,D,S,D,2024-04-08,1000000.00,4.67476,97.75
08:01:02,912810TZ1,TSRYS5752098,D,S,D,2024-04-08,1000000.00,4.67476,97.75
08:01:02,912810TZ1,TSRYS5752098,D,S,D,2024-04-08,1000000.00,4.673525,97.765625
08:01:02,912810TZ1,TSRYS5752098,D,S,D,2024-04-08,1000000.00,4.68001,97.68359375
08:01:03,912810TZ1,TSRYS5752098,D,S,D,2024-04-08,1000000.00,4.689595,97.5625
08:01:03,912810TZ1,TSRYS5752098,D,S,A,2024-04-08,3000.00,4.697647,97.4609375
08:01:03,912810TZ1,TSRYS5752098,D,B,C,2024-04-08,1000000.00,4.701677,97.41015625
08:01:03,912810TZ1,TSRYS5752098,D,S,D,2024-04-08,1000000.00,4.701677,97.41015625
08:01:03,912810TZ1,TSRYS5752098,D,S,D,2024-04-08,1000000.00,4.703227,97.390625
08:01:03,912810TZ1,TSRYS5752098,D,B,C,2024-04-08,1000000.00,4.703227,97.390625
08:01:03,912810TZ1,TSRYS5752098,D,S,D,2024-04-08,1000000.00,4.701987,97.40625
08:01:03,912810TZ1,TSRYS5752098,D,B,C,2024-04-08,1000000.00,4.701987,97.40625
08:01:03,912810TZ1,TSRYS5752098,D,B,C,2024-04-08,1000000.00,4.700126,97.4296875
08:01:03,912810TZ1,TSRYS5752098,D,S,D,2024-04-08,1000000.00,4.700126,97.4296875
08:01:03,912810TZ1,TSRYS5752098,D,B,C,2024-04-08,1000000.00,4.697957,97.45703125
08:01:03,912810TZ1,TSRYS5752098,D,S,D,2024-04-08,1000000.00,4.697957,97.45703125
08:01:03,912810TZ1,TSRYS5752098,D,B,C,2024-04-08,1000000.00,4.697957,97.45703125
08:01:03,912810TZ1,TSRYS5752098,D,S,D,2024-04-08,1000000.00,4.697957,97.45703125
08:01:03,912810TZ1,TSRYS5752098,D,B,C,2024-04-08,1000000.00,4.697957,97.45703125
08:01:03,912810TZ1,TSRYS5752098,D,S,D,2024-04-08,1000000.00,4.697957,97.45703125
08:01:03,912810TZ1,TSRYS5752098,D,B,C,2024-04-08,1000000.00,4.697647,97.4609375
08:01:03,912810TZ1,TSRYS5752098,D,S,D,2024-04-08,1000000.00,4.697647,97.4609375
08:01:03,912810TZ1,TSRYS5752098,D,B,C,2024-04-08,1000000.00,4.697647,97.4609375
08:01:03,912810TZ1,TSRYS5752098,D,B,C,2024-04-08,1000000.00,4.699506,97.4375
08:01:03,912810TZ1,TSRYS5752098,D,S,D,2024-04-08,1000000.00,4.697647,97.4609375
08:01:03,912810TZ1,TSRYS5752098,D,S,D,2024-04-08,1000000.00,4.699506,97.4375
08:01:03,912810TZ1,TSRYS5752098,D,B,C,2024-04-08,1000000.00,4.699506,97.4375
08:01:03,912810TZ1,TSRYS5752098,D,S,D,2024-04-08,1000000.00,4.699506,97.4375
08:01:03,912810TZ1,TSRYS5752098,D,S,D,2024-04-08,1000000.00,4.699506,97.4375
08:01:03,912810TZ1,TSRYS5752098,D,B,C,2024-04-08,1000000.00,4.699506,97.4375
08:01:03,912810TZ1,TSRYS5752098,D,B,C,2024-04-08,1000000.00,4.699506,97.4375
08:01:03,912810TZ1,TSRYS5752098,D,S,D,2024-04-08,1000000.00,4.699506,97.4375
08:01:03,912810TZ1,TSRYS5752098,D,B,C,2024-04-08,1000000.00,4.69331,97.515625
08:01:03,912810TZ1,TSRYS5752098,D,S,D,2024-04-08,1000000.00,4.69331,97.515625
08:01:03,912810TZ1,TSRYS5752098,D,S,C,2024-04-08,1000000.00,4.699196,97.44140625
08:01:03,912810TZ1,TSRYS5752098,D,S,A,2024-04-08,20000.00,4.701367,97.4140625
08:01:03,912810TZ1,TSRYS5752098,D,S,C,2024-04-08,1000000.00,4.701677,97.41015625
08:01:03,912810TZ1,TSRYS5752098,D,S,C,2024-04-08,1000000.00,4.704158,97.37890625
08:01:03,912810TZ1,TSRYS5752098,D,S,C,2024-04-08,1000000.00,4.701056,97.41796875
08:01:04,912810TZ1,TSRYS5752098,D,S,A,2024-04-08,180000.00,4.701987,97.40625
08:01:04,912810TZ1,TSRYS5752098,D,S,C,2024-04-08,1000000.00,4.707261,97.33984375
08:01:04,912810TZ1,TSRYS5752098,D,S,D,2024-04-08,1000000.00,4.707571,97.3359375
08:01:04,912810TZ1,TSRYS5752098,D,B,C,2024-04-08,1000000.00,4.707571,97.3359375
08:01:04,912810TZ1,TSRYS5752098,D,S,D,2024-04-08,1000000.00,4.707571,97.3359375
08:01:04,912810TZ1,TSRYS5752098,D,S,C,2024-04-08,1000000.00,4.70664,97.34765625
08:01:05,912810TZ1,TSRYS5752098,D,B,A,2024-04-08,50MM+,4.677538,97.71484375
08:01:08,912810TZ1,TSRYS5752098,D,S,C,2024-04-08,1000000.00,4.671057,97.796875
08:01:08,912810TZ1,TSRYS5752098,D,S,C,2024-04-08,166300.00,4.700746,97.421875
08:01:08,912810TZ1,TSRYS5752098,D,S,C,2024-04-08,1000000.00,4.669823,97.8125
08:01:08,912810TZ1,TSRYS5752098,D,S,C,2024-04-08,1000000.00,4.669823,97.8125
08:01:08,912810TZ1,TSRYS5752098,D,B,C,2024-04-08,1000000.00,4.669823,97.8125
08:01:08,912810TZ1,TSRYS5752098,D,S,D,2024-04-08,100000.00,4.70664,97.34765625
08:01:12,912810TZ1,TSRYS5752098,D,S,T,2024-04-08,1000000.00,4.6848,97.62304687
08:01:12,912810TZ1,TSRYS5752098,D,S,T,2024-04-08,1000000.00,4.6848,97.62304687
08:01:13,912810TZ1,TSRYS5752098,D,S,T,2024-04-08,1000000.00,4.6848,97.62304687
08:01:13,912810TZ1,TSRYS5752098,D,S,T,2024-04-08,1000000.00,4.6848,97.62304687
08:01:13,912810TZ1,TSRYS5752098,D,S,T,2024-04-08,1000000.00,4.6848,97.62304687
08:01:13,912810TZ1,TSRYS5752098,D,S,D,2024-04-08,2000000.00,4.669669,97.81445312
08:01:13,912810TZ1,TSRYS5752098,D,S,D,2024-04-08,2000000.00,4.67044,97.8046875
08:01:13,912810TZ1,TSRYS5752098,D,S,T,2024-04-08,1000000.00,4.686656,97.59960937
08:01:14,912810TZ1,TSRYS5752098,D,S,D,2024-04-08,1000000.00,4.671057,97.796875
08:01:14,912810TZ1,TSRYS5752098,D,S,D,2024-04-08,1000000.00,4.670748,97.80078125
08:01:14,912810TZ1,TSRYS5752098,D,S,D,2024-04-08,1000000.00,4.67476,97.75
08:01:14,912810TZ1,TSRYS5752098,D,S,T,2024-04-08,1000000.00,4.6848,97.62304687
08:01:14,912810TZ1,TSRYS5752098,D,S,A,2024-04-08,25000000.00,4.690857,97.546875
08:01:15,912810TZ1,TSRYS5752098,D,S,D,2024-04-08,1000000.00,4.669514,97.81640625
08:01:15,912810TZ1,TSRYS5752098,D,S,D,2024-04-08,1000000.00,4.669669,97.81445312
08:01:15,912810TZ1,TSRYS5752098,D,S,T,2024-04-08,1000000.00,4.669669,97.81445312
08:01:15,912810TZ1,TSRYS5752098,D,S,D,2024-04-08,1000000.00,4.669514,97.81640625
08:01:15,912810TZ1,TSRYS5752098,D,S,D,2024-04-08,1000000.00,4.669669,97.81445312
08:01:15,912810TZ1,TSRYS5752098,D,S,D,2024-04-08,1000000.00,4.674396,97.7546063
08:01:15,912810TZ1,TSRYS5752098,D,S,D,2024-04-08,1000000.00,4.669514,97.81640625
08:01:15,912810TZ1,TSRYS5752098,D,S,D,2024-04-08,1000000.00,4.669669,97.81445312
08:01:15,912810TZ1,TSRYS5752098,D,B,C,2024-04-08,3000000.00,4.675425,97.7415841
08:01:15,912810TZ1,TSRYS5752098,D,S,A,2024-04-08,25000000.00,4.701702,97.41015625
08:01:16,912810TZ1,TSRYS5752098,D,S,D,2024-04-08,3000000.00,4.689643,97.5618979
08:01:16,912810TZ1,TSRYS5752098,D,S,D,2024-04-08,1000000.00,4.688611,97.5749188
08:01:19,912810TZ1,TSRYS5752098,D,S,C,2024-04-08,372000.00,4.707571,97.3359375
08:01:19,912810TZ1,TSRYS5752098,D,S,D,2024-04-08,1000.00,4.703277,97.39
08:01:19,912810TZ1,TSRYS5752098,D,S,C,2024-04-08,1000.00,4.703277,97.39
08:01:19,912810TZ1,TSRYS5752098,D,S,T,2024-04-08,1000000.00,4.677384,97.71679687
08:01:21,912810TZ1,TSRYS5752098,D,S,D,2024-04-08,30000000.00,4.675577,97.73966
08:01:21,912810TZ1,TSRYS5752098,D,S,D,2024-04-08,13000000.00,4.67193,97.78582
08:01:21,912810TZ1,TSRYS5752098,D,B,C,2024-04-08,3000000.00,4.675223,97.74414062
08:01:21,912810TZ1,TSRYS5752098,D,S,C,2024-04-08,1000000.00,4.680164,97.68164062
08:01:21,912810TZ1,TSRYS5752098,D,S,D,2024-04-08,1000000.00,4.68001,97.68359375
08:01:21,912810TZ1,TSRYS5752098,D,S,C,2024-04-08,1000000.00,4.709124,97.31640625
08:01:21,912810TZ1,TSRYS5752098,D,S,C,2024-04-08,1000000.00,4.709124,97.31640625
08:01:21,912810TZ1,TSRYS5752098,D,S,C,2024-04-08,1000000.00,4.709124,97.31640625
08:01:22,912810TZ1,TSRYS5752098,D,S,C,2024-04-08,1000000.00,4.709124,97.31640625
08:01:22,912810TZ1,TSRYS5752098,D,S,C,2024-04-08,1000000.00,4.70633,97.3515625
08:01:22,912810TZ1,TSRYS5752098,D,S,T,2024-04-08,1000000.00,4.708192,97.328125
08:01:22,912810TZ1,TSRYS5752098,D,B,C,2024-04-08,1000000.00,4.676303,97.73046875
08:01:22,912810TZ1,TSRYS5752098,D,B,C,2024-04-08,3000000.00,4.676612,97.7265625
08:01:23,912810TZ1,TSRYS5752098,D,S,D,2024-04-08,1000000.00,4.689131,97.56835937
08:01:23,912810TZ1,TSRYS5752098,D,S,A,2024-04-08,1000000.00,4.678774,97.69921875
08:01:23,912810TZ1,TSRYS5752098,D,B,C,2024-04-08,1000000.00,4.710676,97.296875
08:01:23,912810TZ1,TSRYS5752098,D,S,C,2024-04-08,1000000.00,4.710676,97.296875
08:01:24,912810TZ1,TSRYS5752098,D,S,C,2024-04-08,4000000.00,4.690623,97.54953
08:01:24,912810TZ1,TSRYS5752098,D,S,T,2024-04-08,1000000.00,4.674777,97.749775
08:01:24,912810TZ1,TSRYS5752098,D,S,T,2024-04-08,1000000.00,4.674777,97.749775
08:01:24,912810TZ1,TSRYS5752098,D,S,T,2024-04-08,1000000.00,4.707106,97.341796875
08:01:25,912810TZ1,TSRYS5752098,D,S,T,2024-04-08,1000000.00,4.671057,97.796875
08:01:25,912810TZ1,TSRYS5752098,D,S,T,2024-04-08,1000000.00,4.671211,97.794921875
08:01:26,912810TZ1,TSRYS5752098,D,S,D,2024-04-08,1000000.00,4.671057,97.796875
08:01:26,912810TZ1,TSRYS5752098,D,S,D,2024-04-08,1000000.00,4.671211,97.794921875
08:01:26,912810TZ1,TSRYS5752098,D,S,T,2024-04-08,1000000.00,4.701995,97.40615
08:01:26,912810TZ1,TSRYS5752098,D,S,T,2024-04-08,2000000.00,4.700754,97.421775
08:01:27,912810TZ1,TSRYS5752098,D,S,T,2024-04-08,1000000.00,4.700591,97.423828125
08:01:27,912810TZ1,TSRYS5752098,D,S,T,2024-04-08,1000000.00,4.700599,97.423728125
08:01:27,912810TZ1,TSRYS5752098,D,S,T,2024-04-08,1000000.00,4.700754,97.421775
08:01:27,912810TZ1,TSRYS5752098,D,S,T,2024-04-08,1000000.00,4.700591,97.423828125
08:01:27,912810TZ1,TSRYS5752098,D,S,T,2024-04-08,1000000.00,4.700746,97.421875
08:01:27,912810TZ1,TSRYS5752098,D,S,C,2024-04-08,1000000.00,4.686501,97.6015625
08:01:27,912810TZ1,TSRYS5752098,D,S,D,2024-04-08,1000000.00,4.686656,97.59960937
08:01:27,912810TZ1,TSRYS5752098,D,S,D,2024-04-08,1000000.00,4.686656,97.59960937
08:01:27,912810TZ1,TSRYS5752098,D,S,T,2024-04-08,1000000.00,4.700289,97.427634375
08:01:27,912810TZ1,TSRYS5752098,D,S,T,2024-04-08,1000000.00,4.700289,97.427634375
08:01:27,912810TZ1,TSRYS5752098,D,S,T,2024-04-08,1000000.00,4.700444,97.42568125
08:01:27,912810TZ1,TSRYS5752098,D,S,T,2024-04-08,1000000.00,4.700599,97.423728125
08:01:27,912810TZ1,TSRYS5752098,D,S,T,2024-04-08,1000000.00,4.700599,97.423728125
08:01:27,912810TZ1,TSRYS5752098,D,S,T,2024-04-08,1000000.00,4.700754,97.421775
08:01:27,912810TZ1,TSRYS5752098,D,S,T,2024-04-08,1000000.00,4.700754,97.421775
08:01:27,912810TZ1,TSRYS5752098,D,S,T,2024-04-08,1000000.00,4.700754,97.421775
08:01:27,912810TZ1,TSRYS5752098,D,S,T,2024-04-08,1000000.00,4.700746,97.421875
08:01:27,912810TZ1,TSRYS5752098,D,S,T,2024-04-08,2000000.00,4.700746,97.421875
08:01:27,912810TZ1,TSRYS5752098,D,S,T,2024-04-08,1000000.00,4.700746,97.421875
08:01:27,912810TZ1,TSRYS5752098,D,S,T,2024-04-08,1000000.00,4.700746,97.421875
08:01:27,912810TZ1,TSRYS5752098,D,S,T,2024-04-08,1000000.00,4.700746,97.421875
08:01:27,912810TZ1,TSRYS5752098,D,S,T,2024-04-08,1000000.00,4.700746,97.421875
08:01:28,912810TZ1,TSRYS5752098,D,S,D,2024-04-08,4000000.00,4.697274,97.46563
08:01:28,912810TZ1,TSRYS5752098,D,S,C,2024-04-08,1080000.00,4.70664,97.34765625
08:01:28,912810TZ1,TSRYS5752098,D,S,C,2024-04-08,100000.00,4.708192,97.328125
08:01:29,912810TZ1,TSRYS5752098,D,B,C,2024-04-08,300000.00,4.670748,97.80078125
08:01:29,912810TZ1,TSRYS5752098,D,B,A,2024-04-08,174000.00,4.70602,97.35546875
08:01:29,912810TZ1,TSRYS5752098,D,S,D,2024-04-08,12000000.00,4.703828,97.38306
08:01:29,912810TZ1,TSRYS5752098,D,S,C,2024-04-08,2000000.00,4.704428,97.3755
08:01:30,912810TZ1,TSRYS5752098,D,S,T,2024-04-08,1000000.00,4.708348,97.326171875
08:01:30,912810TZ1,TSRYS5752098,D,S,D,2024-04-08,1000000.00,4.708503,97.32421875
08:01:31,912810TZ1,TSRYS5752098,D,S,T,2024-04-08,1000000.00,4.707727,97.333984375
08:01:32,912810TZ1,TSRYS5752098,D,S,D,2024-04-08,1000000.00,4.707261,97.33984375
08:01:32,912810TZ1,TSRYS5752098,D,S,T,2024-04-08,1000000.00,4.699816,97.43359375
08:01:32,912810TZ1,TSRYS5752098,D,S,D,2024-04-08,1000000.00,4.699661,97.43554687
08:01:33,912810TZ1,TSRYS5752098,D,S,D,2024-04-08,1000000.00,4.699661,97.43554687
08:01:33,912810TZ1,TSRYS5752098,D,S,T,2024-04-08,1000000.00,4.699661,97.43554687
08:01:33,912810TZ1,TSRYS5752098,D,S,D,2024-04-08,1000000.00,4.699506,97.4375
08:01:33,912810TZ1,TSRYS5752098,D,S,D,2024-04-08,1000000.00,4.699506,97.4375
08:01:33,912810TZ1,TSRYS5752098,D,S,T,2024-04-08,1000000.00,4.699661,97.43554687
08:01:33,912810TZ1,TSRYS5752098,D,S,D,2024-04-08,1000000.00,4.699506,97.4375
08:01:33,912810TZ1,TSRYS5752098,D,S,D,2024-04-08,1000000.00,4.699661,97.43554687
08:01:33,912810TZ1,TSRYS5752098,D,S,D,2024-04-08,1000000.00,4.699816,97.43359375
08:01:33,912810TZ1,TSRYS5752098,D,B,C,2024-04-08,10000000.00,4.699822,97.43352
08:01:33,912810TZ1,TSRYS5752098,D,B,C,2024-04-08,1000000.00,4.699041,97.44335937
08:01:33,912810TZ1,TSRYS5752098,D,S,T,2024-04-08,1000000.00,4.708192,97.328125
08:01:34,912810TZ1,TSRYS5752098,D,S,D,2024-04-08,1000000.00,4.696097,97.48046875
08:01:34,912810TZ1,TSRYS5752098,D,S,D,2024-04-08,1000000.00,4.696097,97.48046875
08:01:34,912810TZ1,TSRYS5752098,D,B,C,2024-04-08,1000000.00,4.695633,97.48632812
08:01:34,912810TZ1,TSRYS5752098,D,S,D,2024-04-08,1000000.00,4.695788,97.484375
08:01:34,912810TZ1,TSRYS5752098,D,S,T,2024-04-08,1000000.00,4.695788,97.484375
08:01:34,912810TZ1,TSRYS5752098,D,S,T,2024-04-08,1000000.00,4.696097,97.48046875
08:01:34,912810TZ1,TSRYS5752098,D,S,T,2024-04-08,1000000.00,4.70633,97.3515625
08:01:34,912810TZ1,TSRYS5752098,D,S,D,2024-04-08,1000000.00,4.695788,97.484375
08:01:34,912810TZ1,TSRYS5752098,D,S,C,2024-04-08,25000000.00,4.696838,97.47113
08:01:34,912810TZ1,TSRYS5752098,D,S,D,2024-04-08,1000000.00,4.695788,97.484375
08:01:34,912810TZ1,TSRYS5752098,D,S,T,2024-04-08,1000000.00,4.695788,97.484375
08:01:34,912810TZ1,TSRYS5752098,D,S,D,2024-04-08,1000000.00,4.695788,97.484375
08:01:34,912810TZ1,TSRYS5752098,D,S,D,2024-04-08,1000000.00,4.695168,97.4921875
08:01:34,912810TZ1,TSRYS5752098,D,B,C,2024-04-08,20000000.00,4.69599,97.48183
08:01:34,912810TZ1,TSRYS5752098,D,S,T,2024-04-08,1000000.00,4.705709,97.359375
08:01:34,912810TZ1,TSRYS5752098,D,S,D,2024-04-08,7000000.00,4.698534,97.44976
08:01:35,912810TZ1,TSRYS5752098,D,S,T,2024-04-08,1000000.00,4.708503,97.32421875
08:01:35,912810TZ1,TSRYS5752098,D,S,T,2024-04-08,1000000.00,4.706951,97.34375
08:01:35,912810TZ1,TSRYS5752098,D,S,T,2024-04-08,1000000.00,4.694394,97.50195312
08:01:35,912810TZ1,TSRYS5752098,D,S,D,2024-04-08,1000000.00,4.696562,97.47460937
08:01:36,912810TZ1,TSRYS5752098,D,S,T,2024-04-08,1000000.00,4.696872,97.47070312
08:01:37,912810TZ1,TSRYS5752098,D,S,C,2024-04-08,1000000.00,4.680937,97.671875
08:01:37,912810TZ1,TSRYS5752098,D,S,C,2024-04-08,1000000.00,4.680937,97.671875
08:01:37,912810TZ1,TSRYS5752098,D,B,C,2024-04-08,1000000.00,4.699351,97.43945312
08:01:37,912810TZ1,TSRYS5752098,D,S,C,2024-04-08,5000000.00,4.701141,97.41691
08:01:37,912810TZ1,TSRYS5752098,D,S,D,2024-04-08,1000000.00,4.699196,97.44140625
08:01:37,912810TZ1,TSRYS5752098,D,S,D,2024-04-08,1000000.00,4.701677,97.41015625
08:01:37,912810TZ1,TSRYS5752098,D,S,T,2024-04-08,2000000.00,4.700901,97.41992187
08:01:37,912810TZ1,TSRYS5752098,D,S,D,2024-04-08,1000000.00,4.700901,97.41992187
08:01:37,912810TZ1,TSRYS5752098,D,S,T,2024-04-08,1000000.00,4.701056,97.41796875
08:01:37,912810TZ1,TSRYS5752098,D,S,D,2024-04-08,1000000.00,4.701056,97.41796875
08:01:37,912810TZ1,TSRYS5752098,D,S,D,2024-04-08,1000000.00,4.701056,97.41796875
08:01:38,912810TZ1,TSRYS5752098,D,S,D,2024-04-08,1000000.00,4.704158,97.37890625
08:01:38,912810TZ1,TSRYS5752098,D,S,T,2024-04-08,1000000.00,4.703382,97.38867187
08:01:38,912810TZ1,TSRYS5752098,D,S,D,2024-04-08,2000000.00,4.703382,97.38867187
08:01:38,912810TZ1,TSRYS5752098,D,S,D,2024-04-08,1000000.00,4.701056,97.41796875
08:01:38,912810TZ1,TSRYS5752098,D,S,T,2024-04-08,1000000.00,4.701056,97.41796875
08:01:38,912810TZ1,TSRYS5752098,D,S,D,2024-04-08,1000000.00,4.701056,97.41796875
08:01:38,912810TZ1,TSRYS5752098,D,S,D,2024-04-08,1000000.00,4.701056,97.41796875
08:01:38,912810TZ1,TSRYS5752098,D,S,D,2024-04-08,1000000.00,4.701832,97.40820312
08:01:38,912810TZ1,TSRYS5752098,D,S,T,2024-04-08,1000000.00,4.701832,97.40820312
08:01:38,912810TZ1,TSRYS5752098,D,S,D,2024-04-08,1000000.00,4.701832,97.40820312
08:01:38,912810TZ1,TSRYS5752098,D,S,T,2024-04-08,1000000.00,4.701832,97.40820312
08:01:38,912810TZ1,TSRYS5752098,D,S,D,2024-04-08,1000000.00,4.701832,97.40820312
08:01:38,912810TZ1,TSRYS5752098,D,S,D,2024-04-08,1000000.00,4.701056,97.41796875
08:01:38,912810TZ1,TSRYS5752098,D,S,T,2024-04-08,1000000.00,4.701987,97.40625
08:01:38,912810TZ1,TSRYS5752098,D,B,C,2024-04-08,20000000.00,4.701643,97.41058
08:01:39,912810TZ1,TSRYS5752098,D,B,C,2024-04-08,1000000.00,4.703227,97.390625
08:01:40,912810TZ1,TSRYS5752098,D,B,C,2024-04-08,1000000.00,4.707882,97.33203125
08:01:40,912810TZ1,TSRYS5752098,D,B,C,2024-04-08,1000000.00,4.707727,97.33398437
08:01:40,912810TZ1,TSRYS5752098,D,B,C,2024-04-08,1000000.00,4.707571,97.3359375
08:01:40,912810TZ1,TSRYS5752098,D,B,C,2024-04-08,1000000.00,4.707571,97.3359375
08:01:41,912810TZ1,TSRYS5752098,D,B,C,2024-04-08,1000000.00,4.706485,97.34960937
08:01:41,912810TZ1,TSRYS5752098,D,S,D,2024-04-08,1000000.00,4.70664,97.34765625
08:01:41,912810TZ1,TSRYS5752098,D,S,D,2024-04-08,1000000.00,4.709124,97.31640625
08:01:41,912810TZ1,TSRYS5752098,D,S,D,2024-04-08,1000000.00,4.709124,97.31640625
08:01:41,912810TZ1,TSRYS5752098,D,S,D,2024-04-08,1000000.00,4.709124,97.31640625
08:01:41,912810TZ1,TSRYS5752098,D,B,C,2024-04-08,1000000.00,4.709434,97.3125
08:01:41,912810TZ1,TSRYS5752098,D,B,C,2024-04-08,1000000.00,4.709434,97.3125
08:01:41,912810TZ1,TSRYS5752098,D,S,C,2024-04-08,1000000.00,4.709124,97.31640625
08:01:41,912810TZ1,TSRYS5752098,D,S,D,2024-04-08,1000000.00,4.709124,97.31640625
08:01:41,912810TZ1,TSRYS5752098,D,S,C,2024-04-08,34000000.00,4.707439,97.33761
08:01:41,912810TZ1,TSRYS5752098,D,B,A,2024-04-08,137000.00,4.675068,97.74609375
08:01:47,912810TZ1,TSRYS5752098,D,S,T,2024-04-08,1000000.00,4.708503,97.32421875
08:01:47,912810TZ1,TSRYS5752098,D,S,T,2024-04-08,1000000.00,4.708503,97.32421875
08:01:47,912810TZ1,TSRYS5752098,D,B,C,2024-04-08,1000000.00,4.679392,97.69140625
08:01:47,912810TZ1,TSRYS5752098,D,S,D,2024-04-08,1000000.00,4.679392,97.69140625
08:01:48,912810TZ1,TSRYS5752098,D,S,T,2024-04-08,1000000.00,4.708192,97.328125
08:01:48,912810TZ1,TSRYS5752098,D,S,T,2024-04-08,1000000.00,4.67723,97.71875
08:01:48,912810TZ1,TSRYS5752098,D,S,T,2024-04-08,2000000.00,4.67723,97.71875
08:01:48,912810TZ1,TSRYS5752098,D,S,T,2024-04-08,1000000.00,4.67723,97.71875
08:01:48,912810TZ1,TSRYS5752098,D,S,T,2024-04-08,1000000.00,4.67723,97.71875
08:01:48,912810TZ1,TSRYS5752098,D,S,T,2024-04-08,1000000.00,4.709124,97.31640625
08:01:49,912810TZ1,TSRYS5752098,D,S,T,2024-04-08,1000000.00,4.707727,97.333984375
08:01:50,912810TZ1,TSRYS5752098,D,S,T,2024-04-08,1000000.00,4.708192,97.328125
08:01:51,912810TZ1,TSRYS5752098,D,S,T,2024-04-08,1000000.00,4.707106,97.341796875
08:01:52,912810TZ1,TSRYS5752098,D,S,T,2024-04-08,1000000.00,4.708658,97.322265625
08:01:52,912810TZ1,TSRYS5752098,D,S,T,2024-04-08,1000000.00,4.708192,97.328125
08:01:53,912810TZ1,TSRYS5752098,D,S,D,2024-04-08,5000000.00,4.67723,97.71875
08:01:53,912810TZ1,TSRYS5752098,D,S,C,2024-04-08,1000000.00,4.675995,97.734375
08:01:54,912810TZ1,TSRYS5752098,D,S,D,2024-04-08,1000000.00,4.675377,97.7421875
08:01:54,912810TZ1,TSRYS5752098,D,B,C,2024-04-08,1000000.00,4.675377,97.7421875
08:01:54,912810TZ1,TSRYS5752098,D,S,D,2024-04-08,1000000.00,4.675223,97.744140625
08:01:54,912810TZ1,TSRYS5752098,D,B,C,2024-04-08,1000000.00,4.675223,97.744140625
08:01:54,912810TZ1,TSRYS5752098,D,S,D,2024-04-08,1000000.00,4.675068,97.74609375
08:01:55,912810TZ1,TSRYS5752098,D,B,A,2024-04-08,50MM+,4.694549,97.5
08:01:57,912810TZ1,TSRYS5752098,D,S,D,2024-04-08,1000000.00,4.669823,97.8125
08:01:57,912810TZ1,TSRYS5752098,D,B,C,2024-04-08,1000000.00,4.669839,97.8123
08:01:57,912810TZ1,TSRYS5752098,D,S,C,2024-04-08,1000000.00,4.667356,97.84375
08:01:57,912810TZ1,TSRYS5752098,D,B,C,2024-04-08,1000000.00,4.667374,97.843525
08:01:57,912810TZ1,TSRYS5752098,D,S,D,2024-04-08,1000000.00,4.669823,97.8125
08:01:57,912810TZ1,TSRYS5752098,D,B,C,2024-04-08,1000000.00,4.669823,97.8125
08:01:57,912810TZ1,TSRYS5752098,D,S,A,2024-04-08,160000.00,4.691143,97.54296875
08:01:58,912810TZ1,TSRYS5752098,D,B,C,2024-04-08,1000000.00,4.669823,97.8125
08:01:58,912810TZ1,TSRYS5752098,D,S,C,2024-04-08,1000000.00,4.669805,97.812727
08:01:58,912810TZ1,TSRYS5752098,D,S,C,2024-04-08,1000000.00,4.671039,97.797102
08:01:58,912810TZ1,TSRYS5752098,D,S,C,2024-04-08,1000000.00,4.671039,97.797102
08:01:58,912810TZ1,TSRYS5752098,D,B,C,2024-04-08,1000000.00,4.671057,97.796875
08:01:58,912810TZ1,TSRYS5752098,D,S,C,2024-04-08,1000000.00,4.671057,97.796875
08:01:58,912810TZ1,TSRYS5752098,D,S,C,2024-04-08,1000000.00,4.671057,97.796875
08:01:59,912810TZ1,TSRYS5752098,D,S,D,2024-04-08,1000000.00,4.674142,97.7578125
08:01:59,912810TZ1,TSRYS5752098,D,S,C,2024-04-08,1000000.00,4.669823,97.8125
08:01:59,912810TZ1,TSRYS5752098,D,B,C,2024-04-08,1000000.00,4.669839,97.8123
08:01:59,912810TZ1,TSRYS5752098,D,B,C,2024-04-08,1000000.00,4.669823,97.8125
08:01:59,912810TZ1,TSRYS5752098,D,S,C,2024-04-08,1000000.00,4.669823,97.8125
08:01:59,912810TZ1,TSRYS5752098,D,S,A,2024-04-08,396000.00,4.687429,97.58984375
08:02:00,912810TZ1,TSRYS5752098,D,S,A,2024-04-08,1000000.00,4.675377,97.7421875
08:02:00,912810TZ1,TSRYS5752098,D,S,A,2024-04-08,3000000.00,4.675696,97.73828125
08:02:01,912810TZ1,TSRYS5752098,D,S,C,2024-04-08,1000000.00,4.673525,97.765625
08:02:02,912810TZ1,TSRYS5752098,D,S,A,2024-04-08,10000.00,4.684646,97.625
08:02:03,912810TZ1,TSRYS5752098,D,S,A,2024-04-08,102500.00,4.684316,97.62930625
08:02:03,912810TZ1,TSRYS5752098,D,S,A,2024-04-08,308000.00,4.684955,97.62109375
08:02:03,912810TZ1,TSRYS5752098,D,S,D,2024-04-08,80000.00,4.711608,97.285156
08:02:04,912810TZ1,TSRYS5752098,D,S,A,2024-04-08,160000.00,4.685574,97.61328125
08:02:04,912810TZ1,TSRYS5752098,D,S,D,2024-04-08,1000.00,4.703595,97.386
08:02:04,912810TZ1,TSRYS5752098,D,S,A,2024-04-08,8000000.00,4.68712,97.59375
08:02:05,912810TZ1,TSRYS5752098,D,S,A,2024-04-08,500000.00,4.690214,97.5546875
08:02:06,912810TZ1,TSRYS5752098,D,S,A,2024-04-08,131000.00,4.700436,97.42578125
08:02:06,912810TZ1,TSRYS5752098,D,S,A,2024-04-08,1100000.00,4.67724,97.71875
08:02:07,912810TZ1,TSRYS5752098,D,S,D,2024-04-08,1000000.00,4.669669,97.814453125
08:02:08,912810TZ1,TSRYS5752098,D,S,A,2024-04-08,180000.00,4.700746,97.421875
08:02:09,912810TZ1,TSRYS5752098,D,S,D,2024-04-08,170000.00,4.700436,97.42578125
08:02:09,912810TZ1,TSRYS5752098,D,S,D,2024-04-08,170000.00,4.700436,97.42578125
08:02:09,912810TZ1,TSRYS5752098,D,S,T,2024-04-08,1000000.00,4.709124,97.31640625
08:02:09,912810TZ1,TSRYS5752098,D,S,D,2024-04-08,1000000.00,4.709124,97.31640625
08:02:11,912810TZ1,TSRYS5752098,D,S,D,2024-04-08,2000.00,4.70754,97.3363375
08:02:11,912810TZ1,TSRYS5752098,D,S,C,2024-04-08,500000.00,4.69362,97.51171875
08:02:13,912810TZ1,TSRYS5752098,D,S,D,2024-04-08,1000.00,4.703277,97.39
08:02:15,912810TZ1,TSRYS5752098,D,S,D,2024-04-08,460000.00,4.69362,97.51171875
08:02:16,912810TZ1,TSRYS5752098,D,B,A,2024-04-08,33000.00,4.713783,97.2578125
08:02:17,912810TZ1,TSRYS5752098,D,S,A,2024-04-08,645000.00,4.701056,97.41796875
08:02:17,912810TZ1,TSRYS5752098,D,S,A,2024-04-08,300000.00,4.701367,97.4140625
08:02:19,912810TZ1,TSRYS5752098,D,S,T,2024-04-08,2000000.00,4.708192,97.328125
08:02:19,912810TZ1,TSRYS5752098,D,S,D,2024-04-08,914000.00,4.706951,97.34375
08:02:19,912810TZ1,TSRYS5752098,D,S,C,2024-04-08,1000000.00,4.673525,97.765625
08:02:19,912810TZ1,TSRYS5752098,D,B,C,2024-04-08,1000000.00,4.673543,97.765398
08:02:19,912810TZ1,TSRYS5752098,D,S,D,2024-04-08,914000.00,4.706951,97.34375
08:02:19,912810TZ1,TSRYS5752098,D,S,D,2024-04-08,1000000.00,4.669823,97.8125
08:02:19,912810TZ1,TSRYS5752098,D,B,C,2024-04-08,1000000.00,4.669841,97.812273
08:02:19,912810TZ1,TSRYS5752098,D,S,D,2024-04-08,10000000.00,4.699822,97.43352
08:02:19,912810TZ1,TSRYS5752098,D,S,A,2024-04-08,238000.00,4.697957,97.45703125
08:02:20,912810TZ1,TSRYS5752098,D,S,D,2024-04-08,1000.00,4.703595,97.386
08:02:20,912810TZ1,TSRYS5752098,D,S,C,2024-04-08,1000.00,4.703595,97.386
08:02:20,912810TZ1,TSRYS5752098,D,S,T,2024-04-08,1000000.00,4.708037,97.330078125
08:02:20,912810TZ1,TSRYS5752098,D,S,C,2024-04-08,1000000.00,4.669823,97.8125
08:02:20,912810TZ1,TSRYS5752098,D,B,C,2024-04-08,1000000.00,4.669835,97.81235
08:02:21,912810TZ1,TSRYS5752098,D,S,A,2024-04-08,143000.00,4.691143,97.54296875
08:02:21,912810TZ1,TSRYS5752098,D,S,D,2024-04-08,1000000.00,4.707571,97.3359375
08:02:21,912810TZ1,TSRYS5752098,D,S,C,2024-04-08,645000.00,4.68712,97.59375
08:02:21,912810TZ1,TSRYS5752098,D,S,D,2024-04-08,4000000.00,4.671073,97.7966633
08:02:21,912810TZ1,TSRYS5752098,D,S,D,2024-04-08,25000000.00,4.678091,97.70785
08:02:22,912810TZ1,TSRYS5752098,D,S,C,2024-04-08,3000000.00,4.689035,97.56957
08:02:22,912810TZ1,TSRYS5752098,D,S,T,2024-04-08,2000000.00,4.708192,97.328125
08:02:24,912810TZ1,TSRYS5752098,D,S,D,2024-04-08,1000000.00,4.677384,97.716796875
08:02:24,912810TZ1,TSRYS5752098,D,S,C,2024-04-08,1000000.00,4.67723,97.71875
08:02:24,912810TZ1,TSRYS5752098,D,S,D,2024-04-08,1000000.00,4.675995,97.734375
08:02:24,912810TZ1,TSRYS5752098,D,B,C,2024-04-08,1000000.00,4.676006,97.734225
08:02:24,912810TZ1,TSRYS5752098,D,S,D,2024-04-08,1000000.00,4.676612,97.7265625
08:02:28,912810TZ1,TSRYS5752098,D,S,D,2024-04-08,1000000.00,4.70633,97.3515625
08:02:28,912810TZ1,TSRYS5752098,D,S,T,2024-04-08,2000000.00,4.70633,97.3515625
08:02:28,912810TZ1,TSRYS5752098,D,B,C,2024-04-08,1000000.00,4.678477,97.702975
08:02:28,912810TZ1,TSRYS5752098,D,S,C,2024-04-08,1000000.00,4.678465,97.703125
08:02:28,912810TZ1,TSRYS5752098,D,B,C,2024-04-08,1000000.00,4.678479,97.70295
08:02:28,912810TZ1,TSRYS5752098,D,S,C,2024-04-08,1000000.00,4.678465,97.703125
08:02:28,912810TZ1,TSRYS5752098,D,S,D,2024-04-08,1000000.00,4.678465,97.703125
08:02:28,912810TZ1,TSRYS5752098,D,B,C,2024-04-08,1000000.00,4.678479,97.70295
08:02:28,912810TZ1,TSRYS5752098,D,S,T,2024-04-08,1000000.00,4.706951,97.34375
08:02:28,912810TZ1,TSRYS5752098,D,S,D,2024-04-08,1000000.00,4.6848,97.623046875
08:02:28,912810TZ1,TSRYS5752098,D,S,D,2024-04-08,1000000.00,4.6848,97.623046875
08:02:28,912810TZ1,TSRYS5752098,D,S,D,2024-04-08,1000000.00,4.6848,97.623046875
08:02:28,912810TZ1,TSRYS5752098,D,S,D,2024-04-08,1000000.00,4.6848,97.623046875
08:02:28,912810TZ1,TSRYS5752098,D,S,D,2024-04-08,1000000.00,4.6848,97.623046875
08:02:28,912810TZ1,TSRYS5752098,D,S,C,2024-04-08,1000000.00,4.683395,97.6408
08:02:28,912810TZ1,TSRYS5752098,D,B,C,2024-04-08,1000000.00,4.683409,97.640625
08:02:28,912810TZ1,TSRYS5752098,D,B,C,2024-04-08,1000000.00,4.679715,97.687325
08:02:28,912810TZ1,TSRYS5752098,D,S,C,2024-04-08,1000000.00,4.679689,97.68765
08:02:28,912810TZ1,TSRYS5752098,D,B,C,2024-04-08,1000000.00,4.679717,97.6873
08:02:28,912810TZ1,TSRYS5752098,D,B,C,2024-04-08,1000000.00,4.679717,97.6873
08:02:28,912810TZ1,TSRYS5752098,D,S,C,2024-04-08,1000000.00,4.679689,97.68765
08:02:28,912810TZ1,TSRYS5752098,D,S,C,2024-04-08,1000000.00,4.679689,97.68765
08:02:28,912810TZ1,TSRYS5752098,D,S,C,2024-04-08,1000000.00,4.679689,97.68765
08:02:28,912810TZ1,TSRYS5752098,D,B,C,2024-04-08,1000000.00,4.679717,97.6873
08:02:29,912810TZ1,TSRYS5752098,D,S,C,2024-04-08,200000.00,4.692071,97.53125
08:02:29,912810TZ1,TSRYS5752098,D,S,C,2024-04-08,1000000.00,4.679701,97.6875
08:02:29,912810TZ1,TSRYS5752098,D,B,C,2024-04-08,1000000.00,4.679715,97.687325
08:02:30,912810TZ1,TSRYS5752098,D,S,T,2024-04-08,1000000.00,4.707261,97.33984375
08:02:30,912810TZ1,TSRYS5752098,D,S,D,2024-04-08,1000000.00,4.674748,97.750152
08:02:30,912810TZ1,TSRYS5752098,D,B,C,2024-04-08,1000000.00,4.674775,97.7498
08:02:30,912810TZ1,TSRYS5752098,D,S,D,2024-04-08,1000000.00,4.674748,97.750152
08:02:30,912810TZ1,TSRYS5752098,D,B,C,2024-04-08,1000000.00,4.674777,97.749775
08:02:30,912810TZ1,TSRYS5752098,D,S,D,2024-04-08,1000000.00,4.674748,97.750152
08:02:30,912810TZ1,TSRYS5752098,D,S,D,2024-04-08,1000000.00,4.674748,97.750152
08:02:30,912810TZ1,TSRYS5752098,D,B,C,2024-04-08,1000000.00,4.674774,97.749825
08:02:30,912810TZ1,TSRYS5752098,D,B,C,2024-04-08,1000000.00,4.674774,97.749825
08:02:30,912810TZ1,TSRYS5752098,D,S,D,2024-04-08,460000.00,4.69331,97.515625
08:02:30,912810TZ1,TSRYS5752098,D,B,C,2024-04-08,1000000.00,4.67723,97.71875
08:02:30,912810TZ1,TSRYS5752098,D,B,C,2024-04-08,1000000.00,4.67723,97.71875
08:02:30,912810TZ1,TSRYS5752098,D,S,D,2024-04-08,1000000.00,4.67723,97.71875
08:02:30,912810TZ1,TSRYS5752098,D,S,C,2024-04-08,1000000.00,4.677214,97.71895
08:02:32,912810TZ1,TSRYS5752098,D,B,C,2024-04-08,1000000.00,4.676012,97.73415
08:02:32,912810TZ1,TSRYS5752098,D,S,C,2024-04-08,1000000.00,4.675979,97.734575
08:02:32,912810TZ1,TSRYS5752098,D,S,D,2024-04-08,1000000.00,4.678455,97.703255
08:02:33,912810TZ1,TSRYS5752098,D,S,A,2024-04-08,100000.00,,97.75390625
08:02:33,912810TZ1,TSRYS5752098,D,S,D,2024-04-08,100000.00,4.707882,97.33203125
08:02:34,912810TZ1,TSRYS5752098,D,S,D,2024-04-08,1000000.00,4.6848,97.623046875
08:02:34,912810TZ1,TSRYS5752098,D,S,A,2024-04-08,77000.00,4.706951,97.34375
08:02:35,912810TZ1,TSRYS5752098,D,B,C,2024-04-08,1000000.00,4.674774,97.749825
08:02:35,912810TZ1,TSRYS5752098,D,B,C,2024-04-08,1000000.00,4.67476,97.75
08:02:35,912810TZ1,TSRYS5752098,D,S,D,2024-04-08,1000000.00,4.674744,97.7502
08:02:35,912810TZ1,TSRYS5752098,D,S,D,2024-04-08,1000000.00,4.674744,97.7502
08:02:36,912810TZ1,TSRYS5752098,D,B,C,2024-04-08,1000000.00,4.67476,97.75
08:02:36,912810TZ1,TSRYS5752098,D,S,D,2024-04-08,1000000.00,4.674744,97.7502
08:02:36,912810TZ1,TSRYS5752098,D,S,D,2024-04-08,1000000.00,4.674744,97.7502
08:02:36,912810TZ1,TSRYS5752098,D,S,D,2024-04-08,1000000.00,4.674744,97.7502
08:02:36,912810TZ1,TSRYS5752098,D,B,C,2024-04-08,1000000.00,4.673539,97.76545
08:02:36,912810TZ1,TSRYS5752098,D,S,D,2024-04-08,1000000.00,4.673515,97.765755
08:02:37,912810TZ1,TSRYS5752098,D,S,D,2024-04-08,1000000.00,4.693,97.51953125
08:02:37,912810TZ1,TSRYS5752098,D,S,D,2024-04-08,1000000.00,4.673515,97.765755
08:02:37,912810TZ1,TSRYS5752098,D,B,C,2024-04-08,1000000.00,4.673539,97.76545
08:02:37,912810TZ1,TSRYS5752098,D,S,C,2024-04-08,1000000.00,4.673509,97.765825
08:02:37,912810TZ1,TSRYS5752098,D,B,C,2024-04-08,1000000.00,4.674777,97.749775
08:02:37,912810TZ1,TSRYS5752098,D,S,C,2024-04-08,1000000.00,4.674742,97.750227
08:02:37,912810TZ1,TSRYS5752098,D,S,D,2024-04-08,100000.00,4.709434,97.3125
08:02:38,912810TZ1,TSRYS5752098,D,S,C,2024-04-08,1000000.00,4.673507,97.765852
08:02:38,912810TZ1,TSRYS5752098,D,S,C,2024-04-08,1000000.00,4.673507,97.765852
08:02:38,912810TZ1,TSRYS5752098,D,B,C,2024-04-08,1000000.00,4.673525,97.765625
08:02:38,912810TZ1,TSRYS5752098,D,B,C,2024-04-08,1000000.00,4.673525,97.765625
08:02:38,912810TZ1,TSRYS5752098,D,S,C,2024-04-08,200000.00,4.704158,97.37890625
08:02:38,912810TZ1,TSRYS5752098,D,B,C,2024-04-08,1000000.00,4.673539,97.76545
08:02:38,912810TZ1,TSRYS5752098,D,S,D,2024-04-08,1000000.00,4.692845,97.521484375
08:02:38,912810TZ1,TSRYS5752098,D,B,C,2024-04-08,1000000.00,4.673539,97.76545
08:02:38,912810TZ1,TSRYS5752098,D,S,D,2024-04-08,1000000.00,4.673509,97.765825
08:02:38,912810TZ1,TSRYS5752098,D,S,D,2024-04-08,1000000.00,4.673509,97.765825
08:02:39,912810TZ1,TSRYS5752098,D,S,D,2024-04-08,1000000.00,4.669807,97.8127
08:02:39,912810TZ1,TSRYS5752098,D,B,C,2024-04-08,1000000.00,4.669837,97.812325
08:02:39,912810TZ1,TSRYS5752098,D,S,D,2024-04-08,1000000.00,4.668589,97.828125
08:02:39,912810TZ1,TSRYS5752098,D,B,C,2024-04-08,1000000.00,4.669837,97.812325
08:02:39,912810TZ1,TSRYS5752098,D,S,D,2024-04-08,1000000.00,4.669807,97.8127
08:02:39,912810TZ1,TSRYS5752098,D,S,D,2024-04-08,1000000.00,4.669807,97.8127
08:02:39,912810TZ1,TSRYS5752098,D,B,C,2024-04-08,1000000.00,4.669823,97.8125
08:02:40,912810TZ1,TSRYS5752098,D,B,C,2024-04-08,1000000.00,4.669837,97.812325
08:02:40,912810TZ1,TSRYS5752098,D,B,C,2024-04-08,1000000.00,4.669837,97.812325
08:02:40,912810TZ1,TSRYS5752098,D,S,D,2024-04-08,1000000.00,4.669813,97.81263
08:02:40,912810TZ1,TSRYS5752098,D,S,C,2024-04-08,1000000.00,4.669823,97.8125
08:02:40,912810TZ1,TSRYS5752098,D,B,C,2024-04-08,1000000.00,4.669837,97.812325
08:02:40,912810TZ1,TSRYS5752098,D,S,C,2024-04-08,1000000.00,4.669805,97.812727
08:02:40,912810TZ1,TSRYS5752098,D,S,D,2024-04-08,1000000.00,4.669807,97.8127
08:02:40,912810TZ1,TSRYS5752098,D,B,C,2024-04-08,1000000.00,4.669823,97.8125
08:02:40,912810TZ1,TSRYS5752098,D,S,D,2024-04-08,1000000.00,4.669823,97.8125
08:02:40,912810TZ1,TSRYS5752098,D,S,D,2024-04-08,1000000.00,4.669823,97.8125
08:02:40,912810TZ1,TSRYS5752098,D,B,C,2024-04-08,1000000.00,4.669837,97.812325
08:02:40,912810TZ1,TSRYS5752098,D,B,C,2024-04-08,1000000.00,4.669837,97.812325
08:02:41,912810TZ1,TSRYS5752098,D,S,C,2024-04-08,1000000.00,4.671041,97.797075
08:02:41,912810TZ1,TSRYS5752098,D,S,C,2024-04-08,1000000.00,4.671039,97.797102
08:02:41,912810TZ1,TSRYS5752098,D,B,C,2024-04-08,1000000.00,4.671057,97.796875
08:02:41,912810TZ1,TSRYS5752098,D,B,C,2024-04-08,1000000.00,4.68975,97.560546875
08:02:41,912810TZ1,TSRYS5752098,D,S,D,2024-04-08,1000000.00,4.68975,97.560546875
08:02:42,912810TZ1,TSRYS5752098,D,S,C,2024-04-08,1000000.00,4.671039,97.797102
08:02:42,912810TZ1,TSRYS5752098,D,S,D,2024-04-08,1000000.00,4.669823,97.8125
08:02:42,912810TZ1,TSRYS5752098,D,B,C,2024-04-08,1000000.00,4.669837,97.812325
08:02:42,912810TZ1,TSRYS5752098,D,B,C,2024-04-08,1000000.00,4.669837,97.812325
08:02:42,912810TZ1,TSRYS5752098,D,S,D,2024-04-08,1000000.00,4.669823,97.8125
08:02:42,912810TZ1,TSRYS5752098,D,S,D,2024-04-08,1000000.00,4.669823,97.8125
08:02:42,912810TZ1,TSRYS5752098,D,S,D,2024-04-08,1000000.00,4.669823,97.8125
08:02:42,912810TZ1,TSRYS5752098,D,B,C,2024-04-08,1000000.00,4.669837,97.812325
08:02:42,912810TZ1,TSRYS5752098,D,B,C,2024-04-08,1000000.00,4.669837,97.812325
08:02:42,912810TZ1,TSRYS5752098,D,S,C,2024-04-08,1000000.00,4.669805,97.812727
08:02:42,912810TZ1,TSRYS5752098,D,B,C,2024-04-08,1000000.00,4.669823,97.8125
08:02:42,912810TZ1,TSRYS5752098,D,S,D,2024-04-08,1000000.00,4.669823,97.8125
08:02:42,912810TZ1,TSRYS5752098,D,B,C,2024-04-08,1000000.00,4.669839,97.8123
08:02:44,912810TZ1,TSRYS5752098,D,S,D,2024-04-08,1000000.00,4.669813,97.81263
08:02:45,912810TZ1,TSRYS5752098,D,S,C,2024-04-08,1000000.00,4.673513,97.765777
08:02:45,912810TZ1,TSRYS5752098,D,S,C,2024-04-08,1000000.00,4.674748,97.750152
08:02:47,912810TZ1,TSRYS5752098,D,B,C,2024-04-08,1000000.00,4.673525,97.765625
08:02:47,912810TZ1,TSRYS5752098,D,S,C,2024-04-08,1000000.00,4.673507,97.765852
08:02:48,912810TZ1,TSRYS5752098,D,S,C,2024-04-08,1000000.00,4.677218,97.718902
08:02:48,912810TZ1,TSRYS5752098,D,S,D,2024-04-08,1000000.00,4.67723,97.71875
08:02:48,912810TZ1,TSRYS5752098,D,B,C,2024-04-08,1000000.00,4.675995,97.734375
08:02:49,912810TZ1,TSRYS5752098,D,S,C,2024-04-08,1000000.00,4.675977,97.734602
08:02:49,912810TZ1,TSRYS5752098,D,S,D,2024-04-08,1000000.00,4.67723,97.71875
08:02:49,912810TZ1,TSRYS5752098,D,S,C,2024-04-08,2000000.00,4.67723,97.71875
08:02:49,912810TZ1,TSRYS5752098,D,S,C,2024-04-08,1000000.00,4.67723,97.71875
08:02:49,912810TZ1,TSRYS5752098,D,B,C,2024-04-08,1000000.00,4.67723,97.71875
08:02:49,912810TZ1,TSRYS5752098,D,S,D,2024-04-08,1000000.00,4.67723,97.71875
08:02:50,912810TZ1,TSRYS5752098,D,B,C,2024-04-08,1000000.00,4.678465,97.703125
08:02:50,912810TZ1,TSRYS5752098,D,S,C,2024-04-08,1000000.00,4.678447,97.703352
08:02:51,912810TZ1,TSRYS5752098,D,B,A,2024-04-08,25000.00,4.703483,97.3874
08:02:52,912810TZ1,TSRYS5752098,D,S,D,2024-04-08,1000000.00,4.675984,97.734505
08:02:53,912810TZ1,TSRYS5752098,D,S,C,2024-04-08,1000000.00,4.678447,97.70335
08:02:53,912810TZ1,TSRYS5752098,D,B,C,2024-04-08,1000000.00,4.67723,97.71875
08:02:53,912810TZ1,TSRYS5752098,D,S,D,2024-04-08,1000000.00,4.677219,97.71888
08:02:54,912810TZ1,TSRYS5752098,D,B,C,2024-04-08,1000000.00,4.679715,97.687325
08:02:54,912810TZ1,TSRYS5752098,D,B,C,2024-04-08,1000000.00,4.679715,97.687325
08:02:54,912810TZ1,TSRYS5752098,D,S,C,2024-04-08,1000000.00,4.679689,97.687652
08:02:54,912810TZ1,TSRYS5752098,D,S,D,2024-04-08,1000000.00,4.679701,97.6875
08:02:54,912810TZ1,TSRYS5752098,D,S,D,2024-04-08,1000000.00,4.679701,97.6875
08:02:54,912810TZ1,TSRYS5752098,D,B,C,2024-04-08,1000000.00,4.679715,97.687325
08:02:54,912810TZ1,TSRYS5752098,D,S,D,2024-04-08,1000000.00,4.679701,97.6875
08:02:57,912810TZ1,TSRYS5752098,D,B,A,2024-04-08,1400000.00,4.707339,97.338867188
08:02:58,912810TZ1,TSRYS5752098,D,B,C,2024-04-08,1000000.00,4.683409,97.640625
08:02:58,912810TZ1,TSRYS5752098,D,S,C,2024-04-08,1000000.00,4.683385,97.640925
08:02:58,912810TZ1,TSRYS5752098,D,S,C,2024-04-08,1000000.00,4.683409,97.640625
08:02:58,912810TZ1,TSRYS5752098,D,B,C,2024-04-08,1000000.00,4.685883,97.609375
08:02:58,912810TZ1,TSRYS5752098,D,S,C,2024-04-08,1000000.00,4.685867,97.609575
08:02:59,912810TZ1,TSRYS5752098,D,S,D,2024-04-08,1000000.00,4.689595,97.5625
08:03:00,912810TZ1,TSRYS5752098,D,S,D,2024-04-08,1000000.00,4.69331,97.515625
08:03:00,912810TZ1,TSRYS5752098,D,B,C,2024-04-08,1000000.00,4.693326,97.515425
08:03:02,912810TZ1,TSRYS5752098,D,S,D,2024-04-08,1000000.00,4.690833,97.546875
08:03:02,912810TZ1,TSRYS5752098,D,B,C,2024-04-08,1000000.00,4.690847,97.5467
08:03:04,912810TZ1,TSRYS5752098,D,B,C,2024-04-08,1000000.00,4.689595,97.5625
08:03:04,912810TZ1,TSRYS5752098,D,S,C,2024-04-08,1000000.00,4.689595,97.5625
08:03:05,912810TZ1,TSRYS5752098,D,S,D,2024-04-08,1000000.00,4.692071,97.53125
08:03:06,912810TZ1,TSRYS5752098,D,S,D,2024-04-08,1000000.00,4.686656,97.599609375
08:03:10,912810TZ1,TSRYS5752098,D,B,C,2024-04-08,1000000.00,4.690845,97.546723
08:03:10,912810TZ1,TSRYS5752098,D,S,C,2024-04-08,1000000.00,4.690833,97.546875
08:03:12,912810TZ1,TSRYS5752098,D,S,D,2024-04-08,1000000.00,4.685872,97.609505
08:03:12,912810TZ1,TSRYS5752098,D,B,C,2024-04-08,1000000.00,4.685897,97.6092
08:03:14,912810TZ1,TSRYS5752098,D,S,D,2024-04-08,1000000.00,4.690833,97.546875
08:03:17,912810TZ1,TSRYS5752098,D,S,D,2024-04-08,1000000.00,4.68712,97.59375
08:03:17,912810TZ1,TSRYS5752098,D,S,C,2024-04-08,1000000.00,4.68708,97.59425
08:03:17,912810TZ1,TSRYS5752098,D,B,C,2024-04-08,1000000.00,4.68712,97.59375
08:03:17,912810TZ1,TSRYS5752098,D,B,C,2024-04-08,1000000.00,4.68712,97.59375
08:03:17,912810TZ1,TSRYS5752098,D,S,D,2024-04-08,100000.00,4.70633,97.3515625
08:03:18,912810TZ1,TSRYS5752098,D,S,D,2024-04-08,1000000.00,4.68712,97.59375
08:03:18,912810TZ1,TSRYS5752098,D,B,C,2024-04-08,1000000.00,4.68712,97.59375
08:03:19,912810TZ1,TSRYS5752098,D,S,D,2024-04-08,5000.00,4.708471,97.32461875
08:03:21,912810TZ1,TSRYS5752098,D,B,C,2024-04-08,1000000.00,4.692071,97.53125
08:03:21,912810TZ1,TSRYS5752098,D,S,D,2024-04-08,1000000.00,4.692071,97.53125
08:03:24,912810TZ1,TSRYS5752098,D,B,C,2024-04-08,1000000.00,4.68712,97.59375
08:03:24,912810TZ1,TSRYS5752098,D,S,D,2024-04-08,1000000.00,4.687112,97.593852
08:03:24,912810TZ1,TSRYS5752098,D,S,D,2024-04-08,1000000.00,4.685883,97.609375
08:03:24,912810TZ1,TSRYS5752098,D,B,C,2024-04-08,1000000.00,4.685883,97.609375
08:03:25,912810TZ1,TSRYS5752098,D,B,C,2024-04-08,1000000.00,4.684662,97.6248
08:03:25,912810TZ1,TSRYS5752098,D,S,C,2024-04-08,1000000.00,4.684646,97.625
08:03:29,912810TZ1,TSRYS5752098,D,B,C,2024-04-08,1000000.00,4.689595,97.5625
08:03:29,912810TZ1,TSRYS5752098,D,S,D,2024-04-08,1000000.00,4.689595,97.5625
08:03:29,912810TZ1,TSRYS5752098,D,B,C,2024-04-08,1000000.00,4.690833,97.546875
08:03:29,912810TZ1,TSRYS5752098,D,S,C,2024-04-08,1000000.00,4.690821,97.547027
08:03:29,912810TZ1,TSRYS5752098,D,S,C,2024-04-08,1000000.00,4.690794,97.547375
08:03:29,912810TZ1,TSRYS5752098,D,B,C,2024-04-08,1000000.00,4.690847,97.5467
08:03:29,912810TZ1,TSRYS5752098,D,B,C,2024-04-08,1000000.00,4.692071,97.53125
08:03:29,912810TZ1,TSRYS5752098,D,B,C,2024-04-08,1000000.00,4.692071,97.53125
08:03:29,912810TZ1,TSRYS5752098,D,S,C,2024-04-08,1000000.00,4.692059,97.531402
08:03:29,912810TZ1,TSRYS5752098,D,S,C,2024-04-08,1000000.00,4.692056,97.53145
08:03:29,912810TZ1,TSRYS5752098,D,B,C,2024-04-08,1000000.00,4.69331,97.515625
08:03:29,912810TZ1,TSRYS5752098,D,S,C,2024-04-08,1000000.00,4.693298,97.515777
08:03:29,912810TZ1,TSRYS5752098,D,S,C,2024-04-08,1000000.00,4.69331,97.515625
08:03:29,912810TZ1,TSRYS5752098,D,B,C,2024-04-08,1000000.00,4.693324,97.51545
08:03:30,912810TZ1,TSRYS5752098,D,B,C,2024-04-08,1000000.00,4.692071,97.53125
08:03:30,912810TZ1,TSRYS5752098,D,S,D,2024-04-08,1000000.00,4.692071,97.53125
08:03:30,912810TZ1,TSRYS5752098,D,S,C,2024-04-08,1000000.00,4.693298,97.515777
08:03:30,912810TZ1,TSRYS5752098,D,B,C,2024-04-08,1000000.00,4.69331,97.515625
08:03:31,912810TZ1,TSRYS5752098,D,B,C,2024-04-08,1000000.00,4.694549,97.5
08:03:31,912810TZ1,TSRYS5752098,D,S,C,2024-04-08,1000000.00,4.694537,97.500152
08:03:31,912810TZ1,TSRYS5752098,D,B,C,2024-04-08,1000000.00,4.695806,97.48415
08:03:31,912810TZ1,TSRYS5752098,D,S,C,2024-04-08,1000000.00,4.695776,97.484527
08:03:31,912810TZ1,TSRYS5752098,D,S,C,2024-04-08,1000000.00,4.694549,97.5
08:03:31,912810TZ1,TSRYS5752098,D,B,C,2024-04-08,1000000.00,4.694549,97.5
08:03:31,912810TZ1,TSRYS5752098,D,S,C,2024-04-08,1000000.00,4.694549,97.5
08:03:31,912810TZ1,TSRYS5752098,D,S,C,2024-04-08,1000000.00,4.694549,97.5
08:03:31,912810TZ1,TSRYS5752098,D,B,C,2024-04-08,1000000.00,4.694563,97.499825
08:03:31,912810TZ1,TSRYS5752098,D,B,C,2024-04-08,1000000.00,4.694563,97.499825
08:03:31,912810TZ1,TSRYS5752098,D,B,C,2024-04-08,1000000.00,4.695788,97.484375
08:03:31,912810TZ1,TSRYS5752098,D,S,D,2024-04-08,1000000.00,4.695788,97.484375
08:03:32,912810TZ1,TSRYS5752098,D,B,C,2024-04-08,1000000.00,4.699506,97.4375
08:03:32,912810TZ1,TSRYS5752098,D,S,D,2024-04-08,1000000.00,4.699506,97.4375
08:03:33,912810TZ1,TSRYS5752098,D,S,D,2024-04-08,1000000.00,4.701987,97.40625
08:03:33,912810TZ1,TSRYS5752098,D,B,C,2024-04-08,1000000.00,4.701987,97.40625
08:03:34,912810TZ1,TSRYS5752098,D,S,D,2024-04-08,1000000.00,4.693774,97.509765625
08:03:34,912810TZ1,TSRYS5752098,D,B,C,2024-04-08,1000000.00,4.693774,97.509765625
08:03:36,912810TZ1,TSRYS5752098,D,B,C,2024-04-08,1000000.00,4.69952,97.437325
08:03:36,912810TZ1,TSRYS5752098,D,S,C,2024-04-08,1000000.00,4.699494,97.437652
08:03:36,912810TZ1,TSRYS5752098,D,B,C,2024-04-08,1000000.00,4.69952,97.437325
08:03:36,912810TZ1,TSRYS5752098,D,S,D,2024-04-08,1000000.00,4.699506,97.4375
08:03:36,912810TZ1,TSRYS5752098,D,B,C,2024-04-08,1000000.00,4.699506,97.4375
08:03:36,912810TZ1,TSRYS5752098,D,S,C,2024-04-08,1000000.00,4.699506,97.4375
08:03:36,912810TZ1,TSRYS5752098,D,B,C,2024-04-08,1000000.00,4.69952,97.437325
08:03:36,912810TZ1,TSRYS5752098,D,B,C,2024-04-08,1000000.00,4.69952,97.437325
08:03:36,912810TZ1,TSRYS5752098,D,S,C,2024-04-08,1000000.00,4.699506,97.4375
08:03:36,912810TZ1,TSRYS5752098,D,S,D,2024-04-08,1000000.00,4.699506,97.4375
08:03:36,912810TZ1,TSRYS5752098,D,B,C,2024-04-08,1000000.00,4.69952,97.437325
08:03:36,912810TZ1,TSRYS5752098,D,S,D,2024-04-08,1000000.00,4.699506,97.4375
08:03:36,912810TZ1,TSRYS5752098,D,B,C,2024-04-08,1000000.00,4.69952,97.437325
08:03:36,912810TZ1,TSRYS5752098,D,S,C,2024-04-08,1000000.00,4.699506,97.4375
08:03:36,912810TZ1,TSRYS5752098,D,S,C,2024-04-08,1000000.00,4.699506,97.4375
08:03:36,912810TZ1,TSRYS5752098,D,S,C,2024-04-08,1000000.00,4.699506,97.4375
08:03:36,912810TZ1,TSRYS5752098,D,B,C,2024-04-08,1000000.00,4.69952,97.437325
08:03:36,912810TZ1,TSRYS5752098,D,S,C,2024-04-08,1000000.00,4.699506,97.4375
08:03:36,912810TZ1,TSRYS5752098,D,B,C,2024-04-08,1000000.00,4.69952,97.437325
08:03:36,912810TZ1,TSRYS5752098,D,B,C,2024-04-08,1000000.00,4.69952,97.437325
08:03:36,912810TZ1,TSRYS5752098,D,B,C,2024-04-08,1000000.00,4.694549,97.5
08:03:36,912810TZ1,TSRYS5752098,D,S,C,2024-04-08,1000000.00,4.694549,97.5
08:03:36,912810TZ1,TSRYS5752098,D,B,C,2024-04-08,1000000.00,4.700746,97.421875
08:03:36,912810TZ1,TSRYS5752098,D,S,C,2024-04-08,1000000.00,4.700734,97.422027
08:03:36,912810TZ1,TSRYS5752098,D,S,C,2024-04-08,1000000.00,4.699506,97.4375
08:03:36,912810TZ1,TSRYS5752098,D,B,C,2024-04-08,1000000.00,4.69952,97.437325
08:03:36,912810TZ1,TSRYS5752098,D,S,C,2024-04-08,1000000.00,4.699506,97.4375
08:03:36,912810TZ1,TSRYS5752098,D,B,C,2024-04-08,1000000.00,4.69952,97.437325
08:03:36,912810TZ1,TSRYS5752098,D,S,C,2024-04-08,1000000.00,4.699506,97.4375
08:03:36,912810TZ1,TSRYS5752098,D,B,C,2024-04-08,1000000.00,4.69952,97.437325
08:03:36,912810TZ1,TSRYS5752098,D,B,C,2024-04-08,1000000.00,4.700746,97.421875
08:03:36,912810TZ1,TSRYS5752098,D,S,D,2024-04-08,1000000.00,4.700746,97.421875
08:03:37,912810TZ1,TSRYS5752098,D,B,C,2024-04-08,1000000.00,4.701987,97.40625
08:03:37,912810TZ1,TSRYS5752098,D,B,C,2024-04-08,1000000.00,4.701987,97.40625
08:03:37,912810TZ1,TSRYS5752098,D,S,C,2024-04-08,1000000.00,4.701975,97.406402
08:03:37,912810TZ1,TSRYS5752098,D,S,C,2024-04-08,1000000.00,4.701947,97.40675
08:03:37,912810TZ1,TSRYS5752098,D,S,C,2024-04-08,1000000.00,4.701947,97.40675
08:03:37,912810TZ1,TSRYS5752098,D,B,C,2024-04-08,1000000.00,4.701987,97.40625
08:03:38,912810TZ1,TSRYS5752098,D,S,T,2024-04-08,1000000.00,4.706951,97.34375
08:03:38,912810TZ1,TSRYS5752098,D,S,T,2024-04-08,1000000.00,4.706951,97.34375
08:03:38,912810TZ1,TSRYS5752098,D,S,T,2024-04-08,1000000.00,4.706951,97.34375
08:03:39,912810TZ1,TSRYS5752098,D,S,C,2024-04-08,1000000.00,4.700734,97.422027
08:03:39,912810TZ1,TSRYS5752098,D,B,C,2024-04-08,1000000.00,4.700746,97.421875
08:03:39,912810TZ1,TSRYS5752098,D,B,C,2024-04-08,1000000.00,4.703227,97.390625
08:03:39,912810TZ1,TSRYS5752098,D,S,C,2024-04-08,1000000.00,4.703215,97.390777
08:03:40,912810TZ1,TSRYS5752098,D,S,T,2024-04-08,1000000.00,4.706951,97.34375
08:03:42,912810TZ1,TSRYS5752098,D,S,T,2024-04-08,1000000.00,4.704313,97.376953125
08:03:43,912810TZ1,TSRYS5752098,D,S,D,2024-04-08,100000.00,,97.328125
08:03:45,912810TZ1,TSRYS5752098,D,S,C,2024-04-08,2000000.00,4.700715,97.422275
08:03:45,912810TZ1,TSRYS5752098,D,S,C,2024-04-08,2000000.00,4.700715,97.422275
08:03:46,912810TZ1,TSRYS5752098,D,S,D,2024-04-08,10000.00,4.703277,97.39
08:03:47,912810TZ1,TSRYS5752098,D,S,D,2024-04-08,1000000.00,4.701987,97.40625
08:03:47,912810TZ1,TSRYS5752098,D,B,C,2024-04-08,1000000.00,4.701987,97.40625
08:03:47,912810TZ1,TSRYS5752098,D,B,C,2024-04-08,1000000.00,4.703239,97.390473
08:03:47,912810TZ1,TSRYS5752098,D,S,C,2024-04-08,1000000.00,4.703227,97.390625
08:03:47,912810TZ1,TSRYS5752098,D,S,C,2024-04-08,1000000.00,4.701987,97.40625
08:03:47,912810TZ1,TSRYS5752098,D,B,C,2024-04-08,1000000.00,4.701999,97.406098
08:03:48,912810TZ1,TSRYS5752098,D,S,D,2024-04-08,1000000.00,4.697492,97.462890625
08:03:48,912810TZ1,TSRYS5752098,D,S,C,2024-04-08,1000000.00,4.700746,97.421875
08:03:48,912810TZ1,TSRYS5752098,D,B,C,2024-04-08,1000000.00,4.700746,97.421875
08:03:48,912810TZ1,TSRYS5752098,D,S,C,2024-04-08,1000000.00,4.700723,97.422175
08:03:50,912810TZ1,TSRYS5752098,D,S,D,2024-04-08,1000000.00,4.700746,97.421875
08:03:50,912810TZ1,TSRYS5752098,D,S,C,2024-04-08,2000000.00,4.700746,97.421875
08:03:50,912810TZ1,TSRYS5752098,D,S,C,2024-04-08,1000000.00,4.700731,97.422075
08:03:50,912810TZ1,TSRYS5752098,D,S,C,2024-04-08,1000000.00,4.700746,97.421875
08:03:50,912810TZ1,TSRYS5752098,D,S,C,2024-04-08,1000000.00,4.700746,97.421875
08:03:50,912810TZ1,TSRYS5752098,D,S,D,2024-04-08,1000000.00,4.700746,97.421875
08:03:51,912810TZ1,TSRYS5752098,D,S,T,2024-04-08,1000000.00,4.707261,97.33984375
08:03:51,912810TZ1,TSRYS5752098,D,S,T,2024-04-08,1000000.00,4.707106,97.341796875
08:03:51,912810TZ1,TSRYS5752098,D,S,D,2024-04-08,10000.00,4.703277,97.39
08:03:51,912810TZ1,TSRYS5752098,D,S,C,2024-04-08,10000.00,4.703277,97.39
08:03:51,912810TZ1,TSRYS5752098,D,S,D,2024-04-08,1000000.00,4.697027,97.46875
08:03:51,912810TZ1,TSRYS5752098,D,B,C,2024-04-08,1000000.00,4.697041,97.468575
08:03:51,912810TZ1,TSRYS5752098,D,S,T,2024-04-08,1000000.00,4.707106,97.341796875
08:03:51,912810TZ1,TSRYS5752098,D,S,D,2024-04-08,1000000.00,4.699506,97.4375
08:03:51,912810TZ1,TSRYS5752098,D,B,C,2024-04-08,1000000.00,4.699524,97.437273
08:03:52,912810TZ1,TSRYS5752098,D,S,C,2024-04-08,1000000.00,4.697015,97.4689
08:03:52,912810TZ1,TSRYS5752098,D,S,C,2024-04-08,1000000.00,4.697015,97.4689
08:03:52,912810TZ1,TSRYS5752098,D,B,C,2024-04-08,1000000.00,4.697041,97.468575
08:03:52,912810TZ1,TSRYS5752098,D,B,C,2024-04-08,1000000.00,4.697041,97.468575
08:03:52,912810TZ1,TSRYS5752098,D,S,C,2024-04-08,1000000.00,4.697015,97.4689
08:03:52,912810TZ1,TSRYS5752098,D,B,C,2024-04-08,1000000.00,4.697041,97.468575
08:03:52,912810TZ1,TSRYS5752098,D,S,C,2024-04-08,1000000.00,4.697015,97.4689
08:03:52,912810TZ1,TSRYS5752098,D,B,C,2024-04-08,1000000.00,4.697043,97.46855
08:03:52,912810TZ1,TSRYS5752098,D,S,C,2024-04-08,1000000.00,4.697015,97.4689
08:03:52,912810TZ1,TSRYS5752098,D,B,C,2024-04-08,1000000.00,4.697043,97.46855
08:03:52,912810TZ1,TSRYS5752098,D,B,C,2024-04-08,1000000.00,4.697043,97.46855
08:03:52,912810TZ1,TSRYS5752098,D,S,C,2024-04-08,1000000.00,4.697015,97.4689
08:03:52,912810TZ1,TSRYS5752098,D,S,C,2024-04-08,1000000.00,4.697015,97.4689
08:03:56,912810TZ1,TSRYS5752098,D,S,D,2024-04-08,1000000.00,4.704468,97.375
08:03:56,912810TZ1,TSRYS5752098,D,B,C,2024-04-08,2000000.00,4.69331,97.515625
08:03:56,912810TZ1,TSRYS5752098,D,S,D,2024-04-08,2000000.00,4.69331,97.515625
08:03:56,912810TZ1,TSRYS5752098,D,B,C,2024-04-08,1000000.00,4.693322,97.515475
08:03:56,912810TZ1,TSRYS5752098,D,S,D,2024-04-08,1000000.00,4.69331,97.515625
08:03:56,912810TZ1,TSRYS5752098,D,B,C,2024-04-08,3000000.00,4.69331,97.515625
08:03:56,912810TZ1,TSRYS5752098,D,S,D,2024-04-08,3000000.00,4.69331,97.515625
08:03:56,912810TZ1,TSRYS5752098,D,B,C,2024-04-08,2000000.00,4.69331,97.515625
08:03:56,912810TZ1,TSRYS5752098,D,S,D,2024-04-08,2000000.00,4.69331,97.515625
08:03:56,912810TZ1,TSRYS5752098,D,B,C,2024-04-08,1000000.00,4.69331,97.515625
08:03:56,912810TZ1,TSRYS5752098,D,B,C,2024-04-08,2000000.00,4.69331,97.515625
08:03:56,912810TZ1,TSRYS5752098,D,S,D,2024-04-08,2000000.00,4.69331,97.515625
08:03:56,912810TZ1,TSRYS5752098,D,S,D,2024-04-08,1000000.00,4.69331,97.515625
08:03:56,912810TZ1,TSRYS5752098,D,B,C,2024-04-08,1000000.00,4.69331,97.515625
08:03:56,912810TZ1,TSRYS5752098,D,S,D,2024-04-08,1000000.00,4.69331,97.515625
08:03:56,912810TZ1,TSRYS5752098,D,S,D,2024-04-08,2000000.00,4.69331,97.515625
08:03:56,912810TZ1,TSRYS5752098,D,S,D,2024-04-08,1000000.00,4.69331,97.515625
08:03:57,912810TZ1,TSRYS5752098,D,S,D,2024-04-08,1000000.00,4.695788,97.484375
08:03:57,912810TZ1,TSRYS5752098,D,B,C,2024-04-08,1000000.00,4.6958,97.484225
08:03:58,912810TZ1,TSRYS5752098,D,S,T,2024-04-08,5000000.00,4.706951,97.34375
08:03:58,912810TZ1,TSRYS5752098,D,S,D,2024-04-08,1000000.00,4.697027,97.46875
08:03:58,912810TZ1,TSRYS5752098,D,B,C,2024-04-08,1000000.00,4.697041,97.468575
08:03:59,912810TZ1,TSRYS5752098,D,S,C,2024-04-08,1000000.00,4.699506,97.4375
08:03:59,912810TZ1,TSRYS5752098,D,B,C,2024-04-08,1000000.00,4.69952,97.437325
08:04:01,912810TZ1,TSRYS5752098,D,S,C,2024-04-08,1000000.00,4.701987,97.40625
08:04:01,912810TZ1,TSRYS5752098,D,B,C,2024-04-08,1000000.00,4.701987,97.40625
08:04:02,912810TZ1,TSRYS5752098,D,S,D,2024-04-08,1000000.00,4.701987,97.40625
08:04:02,912810TZ1,TSRYS5752098,D,B,C,2024-04-08,1000000.00,4.701987,97.40625
08:04:02,912810TZ1,TSRYS5752098,D,B,C,2024-04-08,1000000.00,4.703382,97.388671875
08:04:02,912810TZ1,TSRYS5752098,D,S,D,2024-04-08,1000000.00,4.703382,97.388671875
08:04:02,912810TZ1,TSRYS5752098,D,S,D,2024-04-08,1000000.00,4.701677,97.41015625
08:04:02,912810TZ1,TSRYS5752098,D,S,D,2024-04-08,1000000.00,4.701522,97.412109375
08:04:03,912810TZ1,TSRYS5752098,D,B,C,2024-04-08,1000000.00,4.704486,97.374775
08:04:03,912810TZ1,TSRYS5752098,D,S,C,2024-04-08,1000000.00,4.704468,97.375
08:04:03,912810TZ1,TSRYS5752098,D,S,D,2024-04-08,1000000.00,4.700591,97.423828125
08:04:03,912810TZ1,TSRYS5752098,D,S,D,2024-04-08,1000000.00,4.700591,97.423828125
08:04:04,912810TZ1,TSRYS5752098,D,S,D,2024-04-08,2000000.00,4.708192,97.328125
08:04:04,912810TZ1,TSRYS5752098,D,S,C,2024-04-08,2000000.00,4.708192,97.328125
08:04:04,912810TZ1,TSRYS5752098,D,S,C,2024-04-08,1000000.00,4.708192,97.328125
08:04:04,912810TZ1,TSRYS5752098,D,S,C,2024-04-08,1000000.00,4.708192,97.328125
08:04:04,912810TZ1,TSRYS5752098,D,S,C,2024-04-08,1000000.00,4.708192,97.328125
08:04:04,912810TZ1,TSRYS5752098,D,S,C,2024-04-08,1000000.00,4.708192,97.328125
08:04:05,912810TZ1,TSRYS5752098,D,S,C,2024-04-08,1000000.00,4.708192,97.328125
08:04:05,912810TZ1,TSRYS5752098,D,S,D,2024-04-08,1000000.00,4.706951,97.34375
08:04:05,912810TZ1,TSRYS5752098,D,S,D,2024-04-08,1000000.00,4.705709,97.359375
08:04:05,912810TZ1,TSRYS5752098,D,S,D,2024-04-08,1000000.00,4.706951,97.34375
08:04:05,912810TZ1,TSRYS5752098,D,S,D,2024-04-08,1000000.00,4.706951,97.34375
08:04:05,912810TZ1,TSRYS5752098,D,B,C,2024-04-08,1000000.00,4.706967,97.34355
08:04:05,912810TZ1,TSRYS5752098,D,B,C,2024-04-08,1000000.00,4.706963,97.3436
08:04:05,912810TZ1,TSRYS5752098,D,S,D,2024-04-08,1000000.00,4.706951,97.34375
08:04:06,912810TZ1,TSRYS5752098,D,B,C,2024-04-08,1000000.00,4.708204,97.327975
08:04:06,912810TZ1,TSRYS5752098,D,S,C,2024-04-08,1000000.00,4.708178,97.3283
08:04:06,912810TZ1,TSRYS5752098,D,B,C,2024-04-08,1000000.00,4.708204,97.327975
08:04:06,912810TZ1,TSRYS5752098,D,S,C,2024-04-08,1000000.00,4.708176,97.328325
08:04:07,912810TZ1,TSRYS5752098,D,B,C,2024-04-08,1000000.00,4.709434,97.3125
08:04:07,912810TZ1,TSRYS5752098,D,S,C,2024-04-08,1000000.00,4.709395,97.313
08:04:07,912810TZ1,TSRYS5752098,D,B,C,2024-04-08,1000000.00,4.709434,97.3125
08:04:07,912810TZ1,TSRYS5752098,D,S,D,2024-04-08,1000000.00,4.709434,97.3125
08:04:09,912810TZ1,TSRYS5752098,D,B,C,2024-04-08,1000000.00,4.708192,97.328125
08:04:09,912810TZ1,TSRYS5752098,D,S,D,2024-04-08,1000000.00,4.699816,97.43359375
08:04:09,912810TZ1,TSRYS5752098,D,S,D,2024-04-08,1000000.00,4.699661,97.435546875
08:04:09,912810TZ1,TSRYS5752098,D,S,D,2024-04-08,1000000.00,4.699661,97.435546875
08:04:09,912810TZ1,TSRYS5752098,D,B,C,2024-04-08,1000000.00,4.698576,97.44921875
08:04:09,912810TZ1,TSRYS5752098,D,S,D,2024-04-08,1000000.00,4.698576,97.44921875
08:04:09,912810TZ1,TSRYS5752098,D,S,C,2024-04-08,1000000.00,4.708178,97.3283
08:04:09,912810TZ1,TSRYS5752098,D,B,C,2024-04-08,1000000.00,4.708192,97.328125
08:04:09,912810TZ1,TSRYS5752098,D,S,D,2024-04-08,1000000.00,4.708192,97.328125
08:04:09,912810TZ1,TSRYS5752098,D,B,C,2024-04-08,1000000.00,4.698576,97.44921875
08:04:09,912810TZ1,TSRYS5752098,D,S,D,2024-04-08,1000000.00,4.698576,97.44921875
08:04:09,912810TZ1,TSRYS5752098,D,S,D,2024-04-08,1000000.00,4.705709,97.359375
08:04:09,912810TZ1,TSRYS5752098,D,B,C,2024-04-08,1000000.00,4.705725,97.359175
08:04:10,912810TZ1,TSRYS5752098,D,S,D,2024-04-08,1000000.00,4.695788,97.484375
08:04:10,912810TZ1,TSRYS5752098,D,S,D,2024-04-08,1000000.00,4.696097,97.48046875
08:04:10,912810TZ1,TSRYS5752098,D,S,D,2024-04-08,1000000.00,4.695788,97.484375
08:04:10,912810TZ1,TSRYS5752098,D,B,C,2024-04-08,1000000.00,4.706965,97.343575
08:04:10,912810TZ1,TSRYS5752098,D,S,C,2024-04-08,1000000.00,4.706951,97.34375
08:04:10,912810TZ1,TSRYS5752098,D,B,C,2024-04-08,1000000.00,4.706965,97.343575
08:04:10,912810TZ1,TSRYS5752098,D,S,D,2024-04-08,1000000.00,4.706951,97.34375
08:04:11,912810TZ1,TSRYS5752098,D,B,C,2024-04-08,1000000.00,4.710676,97.296875
08:04:11,912810TZ1,TSRYS5752098,D,S,C,2024-04-08,1000000.00,4.710661,97.297075
08:04:12,912810TZ1,TSRYS5752098,D,B,C,2024-04-08,1000000.00,4.710676,97.296875
08:04:12,912810TZ1,TSRYS5752098,D,S,C,2024-04-08,1000000.00,4.710637,97.297375
08:04:13,912810TZ1,TSRYS5752098,D,S,C,2024-04-08,1000000.00,4.709422,97.31265
08:04:13,912810TZ1,TSRYS5752098,D,S,C,2024-04-08,1000000.00,4.709422,97.31265
08:04:13,912810TZ1,TSRYS5752098,D,B,C,2024-04-08,1000000.00,4.70945,97.3123
08:04:13,912810TZ1,TSRYS5752098,D,B,C,2024-04-08,1000000.00,4.709448,97.312325
08:04:13,912810TZ1,TSRYS5752098,D,S,D,2024-04-08,1000000.00,4.69331,97.515625
08:04:13,912810TZ1,TSRYS5752098,D,S,D,2024-04-08,2000000.00,4.69331,97.515625
08:04:13,912810TZ1,TSRYS5752098,D,S,D,2024-04-08,1000000.00,4.69331,97.515625
08:04:14,912810TZ1,TSRYS5752098,D,S,D,2024-04-08,2000000.00,4.69331,97.515625
08:04:14,912810TZ1,TSRYS5752098,D,B,C,2024-04-08,1000000.00,4.706975,97.34345
08:04:14,912810TZ1,TSRYS5752098,D,S,D,2024-04-08,1000000.00,4.706951,97.34375
08:04:14,912810TZ1,TSRYS5752098,D,S,D,2024-04-08,1000000.00,4.69331,97.515625
08:04:14,912810TZ1,TSRYS5752098,D,S,D,2024-04-08,1000000.00,4.706951,97.34375
08:04:17,912810TZ1,TSRYS5752098,D,S,D,2024-04-08,1000000.00,4.706951,97.34375
08:04:17,912810TZ1,TSRYS5752098,D,B,C,2024-04-08,1000000.00,4.706951,97.34375
08:04:17,912810TZ1,TSRYS5752098,D,S,D,2024-04-08,1000000.00,4.706951,97.34375
08:04:17,912810TZ1,TSRYS5752098,D,S,D,2024-04-08,1000000.00,4.706951,97.34375
08:04:17,912810TZ1,TSRYS5752098,D,S,D,2024-04-08,1000000.00,4.706951,97.34375
08:04:18,912810TZ1,TSRYS5752098,D,S,D,2024-04-08,1000000.00,4.694394,97.501953125
08:04:19,912810TZ1,TSRYS5752098,D,S,D,2024-04-08,1000000.00,4.696872,97.470703125
08:04:23,912810TZ1,TSRYS5752098,D,B,C,2024-04-08,1000000.00,4.706951,97.34375
08:04:23,912810TZ1,TSRYS5752098,D,B,C,2024-04-08,1000000.00,4.706951,97.34375
08:04:23,912810TZ1,TSRYS5752098,D,S,D,2024-04-08,1000000.00,4.706951,97.34375
08:04:23,912810TZ1,TSRYS5752098,D,B,C,2024-04-08,1000000.00,4.706951,97.34375
08:04:23,912810TZ1,TSRYS5752098,D,S,D,2024-04-08,1000000.00,4.706951,97.34375
08:04:23,912810TZ1,TSRYS5752098,D,S,D,2024-04-08,1000000.00,4.706951,97.34375
08:04:23,912810TZ1,TSRYS5752098,D,S,D,2024-04-08,1000000.00,4.706951,97.34375
08:04:23,912810TZ1,TSRYS5752098,D,B,C,2024-04-08,1000000.00,4.706951,97.34375
08:04:24,912810TZ1,TSRYS5752098,D,S,D,2024-04-08,2000000.00,4.700901,97.419921875
08:04:24,912810TZ1,TSRYS5752098,D,S,D,2024-04-08,1000000.00,4.701056,97.41796875
08:04:25,912810TZ1,TSRYS5752098,D,S,D,2024-04-08,1000000.00,4.703382,97.388671875
08:04:26,912810TZ1,TSRYS5752098,D,S,D,2024-04-08,1000000.00,4.701056,97.41796875
08:04:26,912810TZ1,TSRYS5752098,D,S,D,2024-04-08,1000000.00,4.701832,97.408203125
08:04:26,912810TZ1,TSRYS5752098,D,S,D,2024-04-08,1000000.00,4.701832,97.408203125
08:04:30,912810TZ1,TSRYS5752098,D,S,C,2024-04-08,1000000.00,4.701987,97.40625
08:04:31,912810TZ1,TSRYS5752098,D,S,D,2024-04-08,1000000.00,4.707416,97.337890625
08:04:31,912810TZ1,TSRYS5752098,D,S,D,2024-04-08,1000000.00,4.708348,97.326171875
08:04:31,912810TZ1,TSRYS5752098,D,S,D,2024-04-08,1000000.00,4.708503,97.32421875
08:04:32,912810TZ1,TSRYS5752098,D,S,C,2024-04-08,1000000.00,4.708658,97.322265625
08:04:32,912810TZ1,TSRYS5752098,D,S,C,2024-04-08,1000000.00,4.709124,97.31640625
08:04:32,912810TZ1,TSRYS5752098,D,S,D,2024-04-08,1000000.00,4.708503,97.32421875
08:04:32,912810TZ1,TSRYS5752098,D,S,D,2024-04-08,1000000.00,4.707882,97.33203125
08:04:32,912810TZ1,TSRYS5752098,D,S,D,2024-04-08,1000000.00,4.707727,97.333984375
08:04:33,912810TZ1,TSRYS5752098,D,S,D,2024-04-08,1000000.00,4.707571,97.3359375
08:04:33,912810TZ1,TSRYS5752098,D,S,D,2024-04-08,1000000.00,4.707727,97.333984375
08:04:33,912810TZ1,TSRYS5752098,D,S,D,2024-04-08,1000000.00,4.707727,97.333984375
08:04:33,912810TZ1,TSRYS5752098,D,S,D,2024-04-08,1000000.00,4.708037,97.330078125
08:04:33,912810TZ1,TSRYS5752098,D,S,D,2024-04-08,1000000.00,4.707727,97.333984375
08:04:33,912810TZ1,TSRYS5752098,D,B,C,2024-04-08,1000000.00,4.707727,97.333984375
08:04:35,912810TZ1,TSRYS5752098,D,S,C,2024-04-08,1000000.00,4.671057,97.796875
08:04:35,912810TZ1,TSRYS5752098,D,S,C,2024-04-08,1000000.00,4.669823,97.8125
08:04:35,912810TZ1,TSRYS5752098,D,B,C,2024-04-08,1000000.00,4.669823,97.8125
08:04:37,912810TZ1,TSRYS5752098,D,S,C,2024-04-08,1000000.00,4.673062,97.771484375
08:04:38,912810TZ1,TSRYS5752098,D,B,C,2024-04-08,1000000.00,4.709279,97.314453125
08:04:38,912810TZ1,TSRYS5752098,D,S,D,2024-04-08,1000000.00,4.709279,97.314453125
08:04:38,912810TZ1,TSRYS5752098,D,S,C,2024-04-08,1000000.00,4.708192,97.328125
08:04:38,912810TZ1,TSRYS5752098,D,S,D,2024-04-08,1000000.00,4.707106,97.341796875
08:04:38,912810TZ1,TSRYS5752098,D,S,C,2024-04-08,1000000.00,4.707106,97.341796875
08:04:39,912810TZ1,TSRYS5752098,D,S,D,2024-04-08,1000000.00,4.707261,97.33984375
08:04:39,912810TZ1,TSRYS5752098,D,S,D,2024-04-08,1000000.00,4.709124,97.31640625
08:04:40,912810TZ1,TSRYS5752098,D,S,C,2024-04-08,1000000.00,4.679855,97.685546875
08:04:40,912810TZ1,TSRYS5752098,D,B,C,2024-04-08,1000000.00,4.679855,97.685546875
08:04:43,912810TZ1,TSRYS5752098,D,S,D,2024-04-08,1000000.00,4.674744,97.7502
08:04:43,912810TZ1,TSRYS5752098,D,S,T,2024-04-08,1000000.00,4.707106,97.341796875
08:04:44,912810TZ1,TSRYS5752098,D,S,T,2024-04-08,1000000.00,4.707106,97.341796875
08:04:44,912810TZ1,TSRYS5752098,D,B,C,2024-04-08,1000000.00,4.679083,97.6953125
08:04:44,912810TZ1,TSRYS5752098,D,S,C,2024-04-08,1000000.00,4.679083,97.6953125
08:04:44,912810TZ1,TSRYS5752098,D,S,D,2024-04-08,5000000.00,4.677214,97.71895
08:04:52,912810TZ1,TSRYS5752098,D,S,T,2024-04-08,1000000.00,4.708192,97.328125
08:04:52,912810TZ1,TSRYS5752098,D,B,C,2024-04-08,1000000.00,4.708216,97.327825
08:04:52,912810TZ1,TSRYS5752098,D,S,D,2024-04-08,1000000.00,4.708192,97.328125
08:04:53,912810TZ1,TSRYS5752098,D,S,C,2024-04-08,1000000.00,4.711298,97.2890625
08:04:53,912810TZ1,TSRYS5752098,D,B,C,2024-04-08,1000000.00,4.711298,97.2890625
08:04:53,912810TZ1,TSRYS5752098,D,S,D,2024-04-08,1000000.00,4.711298,97.2890625
08:04:53,912810TZ1,TSRYS5752098,D,B,C,2024-04-08,1000000.00,4.711298,97.2890625
08:04:57,912810TZ1,TSRYS5752098,D,S,C,2024-04-08,1000000.00,4.708192,97.328125
08:05:02,912810TZ1,TSRYS5752098,D,S,D,2024-04-08,1000000.00,4.706951,97.34375
08:05:02,912810TZ1,TSRYS5752098,D,S,D,2024-04-08,1000000.00,4.706951,97.34375
08:05:02,912810TZ1,TSRYS5752098,D,B,C,2024-04-08,1000000.00,4.706951,97.34375
08:05:03,912810TZ1,TSRYS5752098,D,S,D,2024-04-08,1000000.00,4.707261,97.33984375
08:05:03,912810TZ1,TSRYS5752098,D,S,D,2024-04-08,1000000.00,4.707106,97.341796875
08:05:03,912810TZ1,TSRYS5752098,D,S,D,2024-04-08,1000000.00,4.707106,97.341796875
08:05:03,912810TZ1,TSRYS5752098,D,S,D,2024-04-08,1000000.00,4.707106,97.341796875
08:05:03,912810TZ1,TSRYS5752098,D,S,D,2024-04-08,1000000.00,4.707106,97.341796875
08:05:03,912810TZ1,TSRYS5752098,D,B,C,2024-04-08,1000000.00,4.68975,97.560546875
08:05:03,912810TZ1,TSRYS5752098,D,S,D,2024-04-08,1000000.00,4.689742,97.560646875
08:05:04,912810TZ1,TSRYS5752098,D,B,C,2024-04-08,1000000.00,4.688667,97.57421875
08:05:04,912810TZ1,TSRYS5752098,D,S,D,2024-04-08,1000000.00,4.688659,97.57431875
08:05:08,912810TZ1,TSRYS5752098,D,S,D,2024-04-08,1000000.00,4.686811,97.59765625
08:05:12,912810TZ1,TSRYS5752098,D,S,D,2024-04-08,1000000.00,4.688822,97.572265625
08:05:12,912810TZ1,TSRYS5752098,D,S,D,2024-04-08,1000000.00,4.689131,97.568359375
08:05:16,912810TZ1,TSRYS5752098,D,S,C,2024-04-08,1000000.00,4.692845,97.521484375
08:05:20,912810TZ1,TSRYS5752098,D,B,C,2024-04-08,1000000.00,4.699677,97.435346875
08:05:20,912810TZ1,TSRYS5752098,D,S,D,2024-04-08,1000000.00,4.699661,97.435546875
08:05:22,912810TZ1,TSRYS5752098,D,B,C,2024-04-08,1000000.00,4.703072,97.392578125
08:05:22,912810TZ1,TSRYS5752098,D,S,C,2024-04-08,1000000.00,4.703072,97.392578125
08:05:24,912810TZ1,TSRYS5752098,D,S,C,2024-04-08,25000.00,4.707882,97.35203125
08:05:26,912810TZ1,TSRYS5752098,D,S,T,2024-04-08,1000000.00,4.709434,97.3125
08:05:28,912810TZ1,TSRYS5752098,D,S,T,2024-04-08,1000000.00,4.709434,97.3125
08:05:29,912810TZ1,TSRYS5752098,D,S,C,2024-04-08,1000000.00,4.701987,97.40625
08:05:29,912810TZ1,TSRYS5752098,D,B,C,2024-04-08,1000000.00,4.701987,97.40625
08:05:29,912810TZ1,TSRYS5752098,D,S,C,2024-04-08,1000000.00,4.704313,97.376953125
08:05:29,912810TZ1,TSRYS5752098,D,B,C,2024-04-08,1000000.00,4.70246,97.400290625
08:05:29,912810TZ1,TSRYS5752098,D,S,D,2024-04-08,1000000.00,4.702452,97.400390625
08:05:29,912810TZ1,TSRYS5752098,D,B,C,2024-04-08,1000000.00,4.70246,97.400290625
08:05:29,912810TZ1,TSRYS5752098,D,S,D,2024-04-08,1000000.00,4.702452,97.400390625
08:05:29,912810TZ1,TSRYS5752098,D,S,D,2024-04-08,25000.00,4.707882,97.33203125
08:05:30,912810TZ1,TSRYS5752098,D,S,D,2024-04-08,1000000.00,4.701987,97.40625
08:05:30,912810TZ1,TSRYS5752098,D,S,C,2024-04-08,3000000.00,4.700746,97.421875
08:05:30,912810TZ1,TSRYS5752098,D,S,C,2024-04-08,1000000.00,4.700591,97.423828125
08:05:30,912810TZ1,TSRYS5752098,D,S,D,2024-04-08,1000000.00,4.700746,97.421875
08:05:31,912810TZ1,TSRYS5752098,D,S,D,2024-04-08,1000000.00,4.700281,97.427734375
08:05:31,912810TZ1,TSRYS5752098,D,S,C,2024-04-08,1000000.00,4.700281,97.427734375
08:05:31,912810TZ1,TSRYS5752098,D,S,D,2024-04-08,1000000.00,4.700436,97.42578125
08:05:31,912810TZ1,TSRYS5752098,D,S,D,2024-04-08,1000000.00,4.700591,97.423828125
08:05:31,912810TZ1,TSRYS5752098,D,S,D,2024-04-08,1000000.00,4.710055,97.3046875
08:05:31,912810TZ1,TSRYS5752098,D,S,D,2024-04-08,1000000.00,4.710055,97.3046875
08:05:31,912810TZ1,TSRYS5752098,D,S,C,2024-04-08,1000000.00,4.700591,97.423828125
08:05:31,912810TZ1,TSRYS5752098,D,S,D,2024-04-08,1000000.00,4.700746,97.421875
08:05:32,912810TZ1,TSRYS5752098,D,S,D,2024-04-08,1000000.00,4.700746,97.421875
08:05:32,912810TZ1,TSRYS5752098,D,S,D,2024-04-08,1000000.00,4.700746,97.421875
08:05:32,912810TZ1,TSRYS5752098,D,S,D,2024-04-08,1000000.00,4.710055,97.3046875
08:05:32,912810TZ1,TSRYS5752098,D,S,D,2024-04-08,1000000.00,4.698112,97.455078125
08:05:32,912810TZ1,TSRYS5752098,D,B,C,2024-04-08,1000000.00,4.698127,97.454878125
08:05:32,912810TZ1,TSRYS5752098,D,S,D,2024-04-08,1000000.00,4.697492,97.462890625
08:05:32,912810TZ1,TSRYS5752098,D,B,C,2024-04-08,1000000.00,4.697508,97.462690625
08:05:32,912810TZ1,TSRYS5752098,D,S,D,2024-04-08,1000000.00,4.710055,97.3046875
08:05:32,912810TZ1,TSRYS5752098,D,S,D,2024-04-08,1000000.00,4.710055,97.3046875
08:05:32,912810TZ1,TSRYS5752098,D,S,C,2024-04-08,1000000.00,4.699661,97.435546875
08:05:32,912810TZ1,TSRYS5752098,D,B,C,2024-04-08,1000000.00,4.699677,97.435346875
08:05:32,912810TZ1,TSRYS5752098,D,S,D,2024-04-08,1000000.00,4.710055,97.3046875
08:05:32,912810TZ1,TSRYS5752098,D,S,D,2024-04-08,1000000.00,4.699661,97.435546875
08:05:32,912810TZ1,TSRYS5752098,D,B,C,2024-04-08,1000000.00,4.699677,97.435346875
08:05:32,912810TZ1,TSRYS5752098,D,S,D,2024-04-08,1000000.00,4.710055,97.3046875
08:05:32,912810TZ1,TSRYS5752098,D,S,D,2024-04-08,1000000.00,4.710055,97.3046875
08:05:32,912810TZ1,TSRYS5752098,D,S,D,2024-04-08,1000000.00,4.710055,97.3046875
08:05:33,912810TZ1,TSRYS5752098,D,S,D,2024-04-08,1000000.00,4.709434,97.3125
08:05:38,912810TZ1,TSRYS5752098,D,S,D,2024-04-08,1000000.00,4.708192,97.328125
08:05:38,912810TZ1,TSRYS5752098,D,S,D,2024-04-08,1000000.00,4.708192,97.328125
08:05:38,912810TZ1,TSRYS5752098,D,B,C,2024-04-08,1000000.00,4.708216,97.327825
08:05:38,912810TZ1,TSRYS5752098,D,B,C,2024-04-08,1000000.00,4.709434,97.3125
08:05:38,912810TZ1,TSRYS5752098,D,S,D,2024-04-08,1000000.00,4.709434,97.3125
08:05:42,912810TZ1,TSRYS5752098,D,S,C,2024-04-08,1000000.00,4.701987,97.40625
08:05:44,912810TZ1,TSRYS5752098,D,S,D,2024-04-08,1000000.00,4.708192,97.328125
08:05:44,912810TZ1,TSRYS5752098,D,S,C,2024-04-08,1000000.00,4.708503,97.32421875
08:05:44,912810TZ1,TSRYS5752098,D,S,D,2024-04-08,3000000.00,4.70633,97.3515625
08:05:49,912810TZ1,TSRYS5752098,D,S,D,2024-04-08,2000000.00,4.710366,97.30078125
08:05:49,912810TZ1,TSRYS5752098,D,B,C,2024-04-08,2000000.00,4.710366,97.30078125
08:05:49,912810TZ1,TSRYS5752098,D,B,C,2024-04-08,1000000.00,4.710676,97.296875
08:05:49,912810TZ1,TSRYS5752098,D,S,C,2024-04-08,1000000.00,4.710676,97.296875
08:05:49,912810TZ1,TSRYS5752098,D,B,C,2024-04-08,1000000.00,4.708813,97.3203125
08:05:51,912810TZ1,TSRYS5752098,D,S,D,2024-04-08,1000000.00,4.709279,97.314453125
08:05:51,912810TZ1,TSRYS5752098,D,B,C,2024-04-08,1000000.00,4.709279,97.314453125
08:05:56,912810TZ1,TSRYS5752098,D,S,D,2024-04-08,5000000.00,4.706935,97.34395
08:05:56,912810TZ1,TSRYS5752098,D,S,C,2024-04-08,1000000.00,4.708037,97.330078125
08:05:56,912810TZ1,TSRYS5752098,D,B,C,2024-04-08,1000000.00,4.708037,97.330078125
08:05:57,912810TZ1,TSRYS5752098,D,B,C,2024-04-08,1000000.00,4.7099,97.306640625
08:05:57,912810TZ1,TSRYS5752098,D,S,D,2024-04-08,1000000.00,4.7099,97.306640625
08:06:00,912810TZ1,TSRYS5752098,D,B,C,2024-04-08,60000.00,4.707293,97.33944375
08:06:00,912810TZ1,TSRYS5752098,D,S,T,2024-04-08,1000000.00,4.709434,97.3125
08:06:01,912810TZ1,TSRYS5752098,D,B,A,2024-04-08,3000000.00,4.700746,97.421875
08:06:04,912810TZ1,TSRYS5752098,D,B,C,2024-04-08,1000000.00,4.710211,97.30273437
08:06:05,912810TZ1,TSRYS5752098,D,S,T,2024-04-08,1000000.00,4.683409,97.640625
08:06:07,912810TZ1,TSRYS5752098,D,B,A,2024-04-08,3084000.00,4.701367,97.4140625
08:06:07,912810TZ1,TSRYS5752098,D,S,D,2024-04-08,1000000.00,4.709434,97.3125
08:06:07,912810TZ1,TSRYS5752098,D,S,D,2024-04-08,1000000.00,4.709434,97.3125
08:06:07,912810TZ1,TSRYS5752098,D,S,D,2024-04-08,1000000.00,4.709434,97.3125
08:06:07,912810TZ1,TSRYS5752098,D,S,C,2024-04-08,175000.00,4.707866,97.33223125
08:06:08,912810TZ1,TSRYS5752098,D,B,A,2024-04-08,150000.00,4.708192,97.328125
08:06:08,912810TZ1,TSRYS5752098,D,B,C,2024-04-08,150000.00,4.708192,97.328125
08:06:08,912810TZ1,TSRYS5752098,D,B,C,2024-04-08,1080000.00,4.70633,97.3515625
08:06:24,912810TZ1,TSRYS5752098,D,S,T,2024-04-08,1000000.00,4.710676,97.296875
08:06:24,912810TZ1,TSRYS5752098,D,S,T,2024-04-08,1000000.00,4.710676,97.296875
08:06:24,912810TZ1,TSRYS5752098,D,S,C,2024-04-08,10000.00,4.710676,97.346875
08:06:25,912810TZ1,TSRYS5752098,D,S,C,2024-04-08,20000.00,4.710676,97.321875
08:06:26,912810TZ1,TSRYS5752098,D,S,T,2024-04-08,1000000.00,4.710676,97.296875
08:06:31,912810TZ1,TSRYS5752098,D,S,D,2024-04-08,10000.00,4.710676,97.296875
08:06:32,912810TZ1,TSRYS5752098,D,S,D,2024-04-08,20000.00,4.710676,97.296875
08:06:36,912810TZ1,TSRYS5752098,D,B,C,2024-04-08,1000000.00,4.709434,97.3125
08:06:36,912810TZ1,TSRYS5752098,D,S,D,2024-04-08,1000000.00,4.709434,97.3125
08:06:36,912810TZ1,TSRYS5752098,D,B,C,2024-04-08,1000000.00,4.709434,97.3125
08:06:36,912810TZ1,TSRYS5752098,D,S,D,2024-04-08,1000000.00,4.709434,97.3125
08:06:39,912810TZ1,TSRYS5752098,D,S,D,2024-04-08,1000000.00,4.710987,97.29296875
08:06:40,912810TZ1,TSRYS5752098,D,S,D,2024-04-08,1000000.00,4.710987,97.29296875
08:06:49,912810TZ1,TSRYS5752098,D,B,C,2024-04-08,2885000.00,4.711298,97.2890625
08:07:20,912810TZ1,TSRYS5752098,D,S,D,2024-04-08,9000000.00,4.710003,97.30534
08:07:22,912810TZ1,TSRYS5752098,D,S,D,2024-04-08,1000000.00,4.710676,97.296875
08:07:22,912810TZ1,TSRYS5752098,D,S,D,2024-04-08,1000000.00,4.710676,97.296875
08:07:22,912810TZ1,TSRYS5752098,D,S,D,2024-04-08,1000000.00,4.710676,97.296875
08:07:22,912810TZ1,TSRYS5752098,D,B,C,2024-04-08,1000000.00,4.7107,97.296575
08:07:27,912810TZ1,TSRYS5752098,D,S,C,2024-04-08,5000.00,4.706951,97.34375
08:07:28,912810TZ1,TSRYS5752098,D,S,T,2024-04-08,1000000.00,4.713162,97.265625
08:07:31,912810TZ1,TSRYS5752098,D,S,D,2024-04-08,5000.00,4.706951,97.34375
08:07:32,912810TZ1,TSRYS5752098,D,S,T,2024-04-08,1000000.00,4.713162,97.265625
08:07:38,912810TZ1,TSRYS5752098,D,B,C,2024-04-08,2000000.00,4.710688,97.296725
08:07:38,912810TZ1,TSRYS5752098,D,S,D,2024-04-08,2000000.00,4.710676,97.296875
08:07:38,912810TZ1,TSRYS5752098,D,S,D,2024-04-08,1000000.00,4.710676,97.296875
08:07:52,912810TZ1,TSRYS5752098,D,B,C,2024-04-08,1000000.00,4.711919,97.28125
08:07:52,912810TZ1,TSRYS5752098,D,S,D,2024-04-08,1000000.00,4.711919,97.28125
08:07:52,912810TZ1,TSRYS5752098,D,B,C,2024-04-08,1000000.00,4.711919,97.28125
08:07:52,912810TZ1,TSRYS5752098,D,S,D,2024-04-08,1000000.00,4.711919,97.28125
08:07:53,912810TZ1,TSRYS5752098,D,S,D,2024-04-08,1000000.00,4.711919,97.28125
08:07:53,912810TZ1,TSRYS5752098,D,B,C,2024-04-08,1000000.00,4.711919,97.28125
08:08:05,912810TZ1,TSRYS5752098,D,S,D,2024-04-08,1000000.00,4.713006,97.267578125
08:08:05,912810TZ1,TSRYS5752098,D,S,D,2024-04-08,1000000.00,4.713006,97.267578125
08:08:07,912810TZ1,TSRYS5752098,D,B,C,2024-04-08,1000000.00,4.711919,97.28125
08:08:07,912810TZ1,TSRYS5752098,D,S,D,2024-04-08,1000000.00,4.711919,97.28125
08:08:07,912810TZ1,TSRYS5752098,D,B,C,2024-04-08,1000000.00,4.711919,97.28125
08:08:07,912810TZ1,TSRYS5752098,D,S,C,2024-04-08,1000000.00,4.711903,97.28145
08:08:07,912810TZ1,TSRYS5752098,D,B,C,2024-04-08,1000000.00,4.711919,97.28125
08:08:07,912810TZ1,TSRYS5752098,D,S,D,2024-04-08,1000000.00,4.711919,97.28125
08:08:07,912810TZ1,TSRYS5752098,D,B,C,2024-04-08,1000000.00,4.713162,97.265625
08:08:07,912810TZ1,TSRYS5752098,D,S,D,2024-04-08,1000000.00,4.713162,97.265625
08:08:07,912810TZ1,TSRYS5752098,D,S,D,2024-04-08,1000000.00,4.713162,97.265625
08:08:07,912810TZ1,TSRYS5752098,D,S,D,2024-04-08,1000000.00,4.713162,97.265625
08:08:07,912810TZ1,TSRYS5752098,D,B,C,2024-04-08,1000000.00,4.713162,97.265625
08:08:07,912810TZ1,TSRYS5752098,D,S,D,2024-04-08,1000000.00,4.713162,97.265625
08:08:10,912810TZ1,TSRYS5752098,D,S,T,2024-04-08,1000000.00,4.713006,97.267578125
08:08:10,912810TZ1,TSRYS5752098,D,S,T,2024-04-08,1000000.00,4.713006,97.267578125
08:08:13,912810TZ1,TSRYS5752098,D,S,D,2024-04-08,1000000.00,4.713162,97.265625
08:08:13,912810TZ1,TSRYS5752098,D,S,D,2024-04-08,1000000.00,4.713162,97.265625
08:08:24,912810TZ1,TSRYS5752098,D,B,C,2024-04-08,1000000.00,4.713162,97.265625
08:08:25,912810TZ1,TSRYS5752098,D,S,D,2024-04-08,1000000.00,4.713162,97.265625
08:08:44,912810TZ1,TSRYS5752098,D,S,C,2024-04-08,1155000.00,4.714094,97.25390625
08:08:47,912810TZ1,TSRYS5752098,D,S,D,2024-04-08,90000.00,4.711919,97.28125
08:08:54,912810TZ1,TSRYS5752098,D,B,C,2024-04-08,2000000.00,4.713162,97.265625
08:08:54,912810TZ1,TSRYS5752098,D,S,D,2024-04-08,2000000.00,4.713162,97.265625
08:08:57,912810TZ1,TSRYS5752098,D,S,D,2024-04-08,15000.00,4.715648,97.234375
08:09:01,912810TZ1,TSRYS5752098,D,S,D,2024-04-08,15000.00,4.714405,97.25
08:09:11,912810TZ1,TSRYS5752098,D,S,D,2024-04-08,90000.00,4.711919,97.28125
08:09:28,912810TZ1,TSRYS5752098,D,S,C,2024-04-08,3730000.00,4.715648,97.234375
08:09:32,912810TZ1,TSRYS5752098,D,S,C,2024-04-08,2000000.00,4.712998,97.267678125
08:09:32,912810TZ1,TSRYS5752098,D,S,T,2024-04-08,1000000.00,4.712851,97.26953125
08:09:36,912810TZ1,TSRYS5752098,D,S,T,2024-04-08,2000000.00,4.713006,97.267578125
08:09:36,912810TZ1,TSRYS5752098,D,S,T,2024-04-08,1000000.00,4.711919,97.28125
08:09:37,912810TZ1,TSRYS5752098,D,S,D,2024-04-08,1000000.00,4.712851,97.26953125
08:09:39,912810TZ1,TSRYS5752098,D,S,C,2024-04-08,1000000.00,4.711919,97.28125
08:09:39,912810TZ1,TSRYS5752098,D,S,C,2024-04-08,1000000.00,4.712066,97.279396875
08:09:41,912810TZ1,TSRYS5752098,D,S,T,2024-04-08,1000000.00,4.712074,97.279296875
08:09:43,912810TZ1,TSRYS5752098,D,S,D,2024-04-08,1000000.00,4.713006,97.267578125
08:09:43,912810TZ1,TSRYS5752098,D,S,D,2024-04-08,1000000.00,4.713006,97.267578125
08:09:46,912810TZ1,TSRYS5752098,D,S,T,2024-04-08,1000000.00,4.713006,97.267578125
08:09:46,912810TZ1,TSRYS5752098,D,S,T,2024-04-08,1000000.00,4.713006,97.267578125
08:10:08,912810TZ1,TSRYS5752098,D,B,A,2024-04-08,5400000.00,4.712572,97.2730375
08:10:27,912810TZ1,TSRYS5752098,D,S,C,2024-04-08,1000000.00,4.711903,97.28145
08:10:27,912810TZ1,TSRYS5752098,D,B,C,2024-04-08,1000000.00,4.711933,97.281075
08:10:27,912810TZ1,TSRYS5752098,D,S,C,2024-04-08,1000000.00,4.711903,97.28145
08:10:27,912810TZ1,TSRYS5752098,D,B,C,2024-04-08,1000000.00,4.711933,97.281075
08:10:27,912810TZ1,TSRYS5752098,D,B,C,2024-04-08,1000000.00,4.710676,97.296875
08:10:27,912810TZ1,TSRYS5752098,D,B,C,2024-04-08,1000000.00,4.710676,97.296875
08:10:42,912810TZ1,TSRYS5752098,D,S,D,2024-04-08,1000000.00,4.710676,97.296875
08:10:42,912810TZ1,TSRYS5752098,D,S,D,2024-04-08,1000000.00,4.710676,97.296875
08:10:54,912810TZ1,TSRYS5752098,D,S,C,2024-04-08,1000000.00,4.711919,97.28125
08:10:54,912810TZ1,TSRYS5752098,D,S,C,2024-04-08,1000000.00,4.711919,97.28125
08:10:54,912810TZ1,TSRYS5752098,D,B,C,2024-04-08,1000000.00,4.711933,97.281075
08:11:34,912810TZ1,TSRYS5752098,D,S,D,2024-04-08,915000.00,4.711919,97.28125
08:12:17,912810TZ1,TSRYS5752098,D,S,D,2024-04-08,1000.00,4.711919,97.28125
08:12:41,912810TZ1,TSRYS5752098,D,S,D,2024-04-08,20000000.00,,98.1242
08:13:32,912810TZ1,TSRYS5752098,D,S,D,2024-04-08,625000.00,4.709434,97.3125
08:13:47,912810TZ1,TSRYS5752098,D,S,A,2024-04-08,150000.00,4.711298,97.2890625
08:14:50,912810TZ1,TSRYS5752098,D,S,D,2024-04-08,1000.00,4.705739,97.359
08:14:59,912810TZ1,TSRYS5752098,D,S,D,2024-04-08,1000.00,4.705739,97.359
08:14:59,912810TZ1,TSRYS5752098,D,S,C,2024-04-08,1000.00,4.705739,97.359
08:15:00,912810TZ1,TSRYS5752098,D,B,C,2024-04-08,9000000.00,4.710055,97.3046875
08:15:03,912810TZ1,TSRYS5752098,D,B,C,2024-04-08,10000.00,4.710055,97.3046875
08:15:50,912810TZ1,TSRYS5752098,D,S,C,2024-04-08,2000.00,4.708161,97.578525
08:15:53,912810TZ1,TSRYS5752098,D,S,D,2024-04-08,3000.00,4.703277,97.39
08:15:56,912810TZ1,TSRYS5752098,D,S,D,2024-04-08,2000.00,4.708161,97.328525
08:16:15,912810TZ1,TSRYS5752098,D,S,D,2024-04-08,3000.00,4.703277,97.39
08:16:15,912810TZ1,TSRYS5752098,D,S,C,2024-04-08,3000.00,4.703277,97.39
08:16:25,912810TZ1,TSRYS5752098,D,B,C,2024-04-08,1000000.00,4.708192,97.328125
08:16:25,912810TZ1,TSRYS5752098,D,S,D,2024-04-08,1000000.00,4.708192,97.328125
08:16:46,912810TZ1,TSRYS5752098,D,S,D,2024-04-08,5000.00,4.703277,97.39
08:17:01,912810TZ1,TSRYS5752098,D,S,C,2024-04-08,5000.00,4.703277,97.39
08:17:01,912810TZ1,TSRYS5752098,D,S,D,2024-04-08,5000.00,4.703277,97.39
08:18:23,912810TZ1,TSRYS5752098,D,B,C,2024-04-08,1000000.00,4.709124,97.31640625
08:18:23,912810TZ1,TSRYS5752098,D,S,C,2024-04-08,1000000.00,4.709124,97.31640625
08:18:43,912810TZ1,TSRYS5752098,D,S,T,2024-04-08,1000000.00,4.710366,97.30078125
08:18:47,912810TZ1,TSRYS5752098,D,S,C,2024-04-08,1000000.00,4.710366,97.30078125
08:19:13,912810TZ1,TSRYS5752098,D,S,D,2024-04-08,1000000.00,4.705554,97.361328125
08:19:16,912810TZ1,TSRYS5752098,D,S,D,2024-04-08,1000000.00,4.70602,97.35546875
08:19:18,912810TZ1,TSRYS5752098,D,S,T,2024-04-08,1000000.00,4.70602,97.35546875
08:19:19,912810TZ1,TSRYS5752098,D,S,T,2024-04-08,1000000.00,4.705554,97.36132813
08:19:51,912810TZ1,TSRYS5752098,D,S,C,2024-04-08,177000.00,4.708161,97.328525
08:19:52,912810TZ1,TSRYS5752098,D,S,D,2024-04-08,177000.00,4.708161,97.328525
08:19:58,912810TZ1,TSRYS5752098,D,S,D,2024-04-08,1000000.00,4.706951,97.34375
08:19:58,912810TZ1,TSRYS5752098,D,B,C,2024-04-08,1000000.00,4.706951,97.34375
08:20:16,912810TZ1,TSRYS5752098,D,B,C,2024-04-08,1000000.00,4.706951,97.34375
08:20:16,912810TZ1,TSRYS5752098,D,S,D,2024-04-08,1000000.00,4.706951,97.34375
08:20:22,912810TZ1,TSRYS5752098,D,S,T,2024-04-08,1000000.00,4.706951,97.34375
08:20:31,912810TZ1,TSRYS5752098,D,S,D,2024-04-08,1000000.00,4.705709,97.359375
08:20:31,912810TZ1,TSRYS5752098,D,S,D,2024-04-08,1000000.00,4.705709,97.359375
08:20:31,912810TZ1,TSRYS5752098,D,S,D,2024-04-08,1000000.00,4.705709,97.359375
08:20:31,912810TZ1,TSRYS5752098,D,S,D,2024-04-08,1000000.00,4.705709,97.359375
08:20:31,912810TZ1,TSRYS5752098,D,S,D,2024-04-08,2000000.00,4.705709,97.359375
08:20:31,912810TZ1,TSRYS5752098,D,B,C,2024-04-08,2000000.00,4.705709,97.359375
08:20:42,912810TZ1,TSRYS5752098,D,S,C,2024-04-08,1000000.00,4.708192,97.328125
08:20:57,912810TZ1,TSRYS5752098,D,S,D,2024-04-08,1000000.00,4.705709,97.359375
08:20:57,912810TZ1,TSRYS5752098,D,S,D,2024-04-08,1000000.00,4.705709,97.359375
08:20:59,912810TZ1,TSRYS5752098,D,S,D,2024-04-08,1000000.00,4.708192,97.328125
08:20:59,912810TZ1,TSRYS5752098,D,S,D,2024-04-08,1000000.00,4.706951,97.34375
08:21:00,912810TZ1,TSRYS5752098,D,S,T,2024-04-08,1000000.00,4.706963,97.3436
08:21:02,912810TZ1,TSRYS5752098,D,S,D,2024-04-08,915000.00,4.711919,97.28125
08:21:13,912810TZ1,TSRYS5752098,D,S,C,2024-04-08,1000000.00,4.706951,97.34375
08:21:13,912810TZ1,TSRYS5752098,D,B,C,2024-04-08,1000000.00,4.706951,97.34375
08:21:14,912810TZ1,TSRYS5752098,D,B,C,2024-04-08,1000000.00,4.706951,97.34375
08:21:14,912810TZ1,TSRYS5752098,D,S,C,2024-04-08,1000000.00,4.706951,97.34375
08:21:14,912810TZ1,TSRYS5752098,D,B,C,2024-04-08,1000000.00,4.706796,97.345703125
08:21:14,912810TZ1,TSRYS5752098,D,S,C,2024-04-08,1000000.00,4.706796,97.345703125
08:21:15,912810TZ1,TSRYS5752098,D,S,T,2024-04-08,1000000.00,4.706963,97.3436
08:21:17,912810TZ1,TSRYS5752098,D,B,C,2024-04-08,1000000.00,4.706951,97.34375
08:21:17,912810TZ1,TSRYS5752098,D,S,D,2024-04-08,1000000.00,4.706951,97.34375
08:21:25,912810TZ1,TSRYS5752098,D,S,T,2024-04-08,2000000.00,4.707261,97.33984375
08:21:30,912810TZ1,TSRYS5752098,D,S,C,2024-04-08,2000000.00,4.707261,97.33984375
08:21:31,912810TZ1,TSRYS5752098,D,B,C,2024-04-08,1000000.00,4.706967,97.34355
08:21:31,912810TZ1,TSRYS5752098,D,S,C,2024-04-08,1000000.00,4.706939,97.3439
08:21:31,912810TZ1,TSRYS5752098,D,S,C,2024-04-08,1000000.00,4.706939,97.3439
08:21:34,912810TZ1,TSRYS5752098,D,S,C,2024-04-08,1000000.00,4.706951,97.34375
08:21:34,912810TZ1,TSRYS5752098,D,S,D,2024-04-08,1000000.00,4.706951,97.34375
08:21:44,912810TZ1,TSRYS5752098,D,S,T,2024-04-08,1000000.00,4.706951,97.34375
08:21:44,912810TZ1,TSRYS5752098,D,S,T,2024-04-08,1000000.00,4.706951,97.34375
08:21:45,912810TZ1,TSRYS5752098,D,S,D,2024-04-08,10000.00,4.710055,97.3046875
08:21:46,912810TZ1,TSRYS5752098,D,S,C,2024-04-08,1000000.00,4.706951,97.34375
08:21:55,912810TZ1,TSRYS5752098,D,S,T,2024-04-08,1000000.00,4.708192,97.328125
08:21:58,912810TZ1,TSRYS5752098,D,B,C,2024-04-08,1000000.00,4.705723,97.3592
08:21:58,912810TZ1,TSRYS5752098,D,S,C,2024-04-08,1000000.00,4.705697,97.359525
08:21:58,912810TZ1,TSRYS5752098,D,B,C,2024-04-08,1000000.00,4.705723,97.3592
08:22:00,912810TZ1,TSRYS5752098,D,S,C,2024-04-08,1000000.00,4.708192,97.328125
08:22:00,912810TZ1,TSRYS5752098,D,B,C,2024-04-08,1000000.00,4.708192,97.328125
08:22:00,912810TZ1,TSRYS5752098,D,S,C,2024-04-08,1000000.00,4.708192,97.328125
08:22:10,912810TZ1,TSRYS5752098,D,S,D,2024-04-08,1000000.00,4.706951,97.34375
08:22:10,912810TZ1,TSRYS5752098,D,S,D,2024-04-08,1000000.00,4.706951,97.34375
08:22:10,912810TZ1,TSRYS5752098,D,S,D,2024-04-08,1000000.00,4.706951,97.34375
08:22:11,912810TZ1,TSRYS5752098,D,S,C,2024-04-08,1000000.00,4.706796,97.345703125
08:22:11,912810TZ1,TSRYS5752098,D,B,C,2024-04-08,1000000.00,4.706796,97.345703125
08:22:13,912810TZ1,TSRYS5752098,D,S,C,2024-04-08,1000000.00,4.707261,97.33984375
08:22:13,912810TZ1,TSRYS5752098,D,S,D,2024-04-08,1000000.00,4.707261,97.33984375
08:22:14,912810TZ1,TSRYS5752098,D,S,D,2024-04-08,1000000.00,4.707261,97.33984375
08:22:16,912810TZ1,TSRYS5752098,D,S,C,2024-04-08,1000000.00,4.705697,97.359525
08:22:25,912810TZ1,TSRYS5752098,D,S,C,2024-04-08,2090000.00,4.707882,97.33203125
08:22:25,912810TZ1,TSRYS5752098,D,S,C,2024-04-08,1000000.00,4.707571,97.3359375
08:22:25,912810TZ1,TSRYS5752098,D,S,D,2024-04-08,1000000.00,4.707571,97.3359375
08:22:26,912810TZ1,TSRYS5752098,D,S,D,2024-04-08,1000000.00,4.707571,97.3359375
08:22:28,912810TZ1,TSRYS5752098,D,S,C,2024-04-08,2000000.00,4.708503,97.32421875
08:22:28,912810TZ1,TSRYS5752098,D,S,D,2024-04-08,2000000.00,4.708503,97.32421875
08:22:28,912810TZ1,TSRYS5752098,D,S,T,2024-04-08,1000000.00,4.708503,97.32421875
08:22:28,912810TZ1,TSRYS5752098,D,S,D,2024-04-08,2000000.00,4.708503,97.32421875
08:22:31,912810TZ1,TSRYS5752098,D,S,T,2024-04-08,2000000.00,4.709124,97.31640625
08:22:33,912810TZ1,TSRYS5752098,D,S,C,2024-04-08,1000000.00,4.708503,97.32421875
08:22:36,912810TZ1,TSRYS5752098,D,S,C,2024-04-08,2000000.00,4.709124,97.31640625
08:22:45,912810TZ1,TSRYS5752098,D,S,D,2024-04-08,1000000.00,4.706951,97.34375
08:22:45,912810TZ1,TSRYS5752098,D,S,T,2024-04-08,1000000.00,4.706951,97.34375
08:22:45,912810TZ1,TSRYS5752098,D,S,D,2024-04-08,1000000.00,4.706951,97.34375
08:22:45,912810TZ1,TSRYS5752098,D,S,T,2024-04-08,1000000.00,4.706951,97.34375
08:22:45,912810TZ1,TSRYS5752098,D,S,T,2024-04-08,1000000.00,4.706951,97.34375
08:22:46,912810TZ1,TSRYS5752098,D,S,T,2024-04-08,1000000.00,4.706963,97.3436
08:22:48,912810TZ1,TSRYS5752098,D,S,A,2024-04-08,300000.00,4.709745,97.31059375
08:22:48,912810TZ1,TSRYS5752098,D,S,C,2024-04-08,52000.00,4.708503,97.33383413462
08:22:52,912810TZ1,TSRYS5752098,D,S,D,2024-04-08,52000.00,4.708503,97.32421875
08:22:54,912810TZ1,TSRYS5752098,D,S,D,2024-04-08,300000.00,4.709745,97.30859375
08:23:29,912810TZ1,TSRYS5752098,D,S,C,2024-04-08,5000.00,4.710645,97.397275
08:23:31,912810TZ1,TSRYS5752098,D,S,D,2024-04-08,5000.00,4.710645,97.297275
08:23:38,912810TZ1,TSRYS5752098,D,B,C,2024-04-08,15000000.00,4.707799,97.33307
08:23:55,912810TZ1,TSRYS5752098,D,S,T,2024-04-08,1000000.00,4.710676,97.296875
08:23:55,912810TZ1,TSRYS5752098,D,S,T,2024-04-08,1000000.00,4.710676,97.296875
08:23:55,912810TZ1,TSRYS5752098,D,S,T,2024-04-08,1000000.00,4.710676,97.296875
08:23:56,912810TZ1,TSRYS5752098,D,S,D,2024-04-08,1000000.00,4.710676,97.296875
08:23:56,912810TZ1,TSRYS5752098,D,S,T,2024-04-08,1000000.00,4.710676,97.296875
08:23:56,912810TZ1,TSRYS5752098,D,S,T,2024-04-08,2000000.00,4.710676,97.296875
08:23:56,912810TZ1,TSRYS5752098,D,S,T,2024-04-08,1000000.00,4.710676,97.296875
08:23:56,912810TZ1,TSRYS5752098,D,S,T,2024-04-08,1000000.00,4.710676,97.296875
08:23:56,912810TZ1,TSRYS5752098,D,S,T,2024-04-08,1000000.00,4.710676,97.296875
08:23:56,912810TZ1,TSRYS5752098,D,S,T,2024-04-08,1000000.00,4.710676,97.296875
08:24:33,912810TZ1,TSRYS5752098,D,S,C,2024-04-08,1000000.00,4.710676,97.296875
08:24:33,912810TZ1,TSRYS5752098,D,S,D,2024-04-08,1000000.00,4.710676,97.296875
08:24:33,912810TZ1,TSRYS5752098,D,S,C,2024-04-08,1000000.00,4.710676,97.296875
08:24:33,912810TZ1,TSRYS5752098,D,S,D,2024-04-08,1000000.00,4.710676,97.296875
08:24:33,912810TZ1,TSRYS5752098,D,S,D,2024-04-08,1000000.00,4.710676,97.296875
08:24:33,912810TZ1,TSRYS5752098,D,S,C,2024-04-08,1000000.00,4.710676,97.296875
08:24:33,912810TZ1,TSRYS5752098,D,S,C,2024-04-08,2000000.00,4.710676,97.296875
08:24:33,912810TZ1,TSRYS5752098,D,S,C,2024-04-08,1000000.00,4.710676,97.296875
08:24:41,912810TZ1,TSRYS5752098,D,B,A,2024-04-08,3900000.00,4.710398,97.30038125
08:24:53,912810TZ1,TSRYS5752098,D,B,C,2024-04-08,1000000.00,4.7099,97.306640625
08:24:53,912810TZ1,TSRYS5752098,D,S,D,2024-04-08,1000000.00,4.7099,97.306640625
08:25:00,912810TZ1,TSRYS5752098,D,S,C,2024-04-08,160000.00,4.710676,97.296875
08:25:05,912810TZ1,TSRYS5752098,D,S,D,2024-04-08,160000.00,4.710676,97.296875
08:25:36,912810TZ1,TSRYS5752098,D,S,D,2024-04-08,2920000.00,4.709434,97.3125
08:26:01,912810TZ1,TSRYS5752098,D,S,T,2024-04-08,1000000.00,4.710685,97.296773
08:26:05,912810TZ1,TSRYS5752098,D,S,C,2024-04-08,3000.00,4.705739,97.359
08:26:06,912810TZ1,TSRYS5752098,D,S,D,2024-04-08,3000.00,4.705739,97.359
08:26:20,912810TZ1,TSRYS5752098,D,S,C,2024-04-08,1000000.00,4.709745,97.30859375
08:26:32,912810TZ1,TSRYS5752098,D,S,C,2024-04-08,1000000.00,4.710676,97.296875
08:26:42,912810TZ1,TSRYS5752098,D,S,T,2024-04-08,1000000.00,4.709745,97.30859375
08:27:19,912810TZ1,TSRYS5752098,D,B,A,2024-04-08,255000.00,4.709745,97.30859375
08:27:22,912810TZ1,TSRYS5752098,D,S,T,2024-04-08,1000000.00,4.709442,97.312398
08:27:30,912810TZ1,TSRYS5752098,D,S,T,2024-04-08,1000000.00,4.710685,97.296773
08:28:01,912810TZ1,TSRYS5752098,D,B,C,2024-04-08,5000000.00,4.709124,97.31640625
