tradeTime,cusip,issueSymbolIdentifier,priceType,reportingSideCode,contraPartyTypeCode,tradeDate,reportedTradeVolume,lastSaleYield,lastSalePrice
08:00:03,912810UB2,TSRYS5810883,D,S,T,2024-05-30,1000000.00,4.831589,97.37109375
08:00:03,912810UB2,TSRYS5810883,D,S,T,2024-05-30,1000000.00,4.830807,97.380859375
08:00:03,912810UB2,TSRYS5810883,D,S,D,2024-05-30,1000000.00,4.831589,97.37109375
08:00:07,912810UB2,TSRYS5810883,D,S,T,2024-05-30,1000000.00,4.81504,97.578125
08:00:07,912810UB2,TSRYS5810883,D,S,D,2024-05-30,1000000.00,4.803826,97.71875
08:00:07,912810UB2,TSRYS5810883,D,S,T,2024-05-30,1000000.00,4.802426,97.736328125
08:00:07,912810UB2,TSRYS5810883,D,S,D,2024-05-30,1000000.00,4.802271,97.73828125
08:00:07,912810UB2,TSRYS5810883,D,S,T,2024-05-30,1000000.00,4.801493,97.748046875
08:00:07,912810UB2,TSRYS5810883,D,S,T,2024-05-30,1000000.00,4.801804,97.744140625
08:00:07,912810UB2,TSRYS5810883,D,S,D,2024-05-30,1000000.00,4.801493,97.748046875
08:00:07,912810UB2,TSRYS5810883,D,S,D,2024-05-30,1000000.00,4.801804,97.744140625
08:00:07,912810UB2,TSRYS5810883,D,S,D,2024-05-30,1000000.00,4.806628,97.68359375
08:00:07,912810UB2,TSRYS5810883,D,S,T,2024-05-30,1000000.00,4.806628,97.68359375
08:00:07,912810UB2,TSRYS5810883,D,S,D,2024-05-30,1000000.00,4.806628,97.68359375
08:00:07,912810UB2,TSRYS5810883,D,S,D,2024-05-30,1000000.00,4.806784,97.681640625
08:00:07,912810UB2,TSRYS5810883,D,S,C,2024-05-30,1000000.00,4.80476,97.70703125
08:00:07,912810UB2,TSRYS5810883,D,S,D,2024-05-30,1000000.00,4.801804,97.744140625
08:00:07,912810UB2,TSRYS5810883,D,S,D,2024-05-30,1000000.00,4.801804,97.744140625
08:00:07,912810UB2,TSRYS5810883,D,S,D,2024-05-30,1000000.00,4.801804,97.744140625
08:00:13,912810UB2,TSRYS5810883,D,S,T,2024-05-30,1000000.00,4.828776,97.40625
08:00:14,912810UB2,TSRYS5810883,D,S,T,2024-05-30,1000000.00,4.807562,97.671875
08:00:14,912810UB2,TSRYS5810883,D,S,T,2024-05-30,1000000.00,4.806317,97.6875
08:00:14,912810UB2,TSRYS5810883,D,S,T,2024-05-30,1000000.00,4.796362,97.8125
08:00:14,912810UB2,TSRYS5810883,D,S,T,2024-05-30,1000000.00,4.801337,97.75
08:00:14,912810UB2,TSRYS5810883,D,S,T,2024-05-30,1000000.00,4.801337,97.75
08:00:15,912810UB2,TSRYS5810883,D,S,A,2024-05-30,2000000.00,4.819746,97.51953125
08:00:19,912810UB2,TSRYS5810883,D,S,D,2024-05-30,1000000.00,4.831589,97.37109375
08:00:24,912810UB2,TSRYS5810883,D,S,C,2024-05-30,500000.00,4.806628,97.68359375
08:00:30,912810UB2,TSRYS5810883,D,S,T,2024-05-30,1000000.00,4.830964,97.37890625
08:00:30,912810UB2,TSRYS5810883,D,S,T,2024-05-30,1000000.00,4.830807,97.380859375
08:00:30,912810UB2,TSRYS5810883,D,S,T,2024-05-30,1000000.00,4.830807,97.380859375
08:00:30,912810UB2,TSRYS5810883,D,S,T,2024-05-30,1000000.00,4.830964,97.37890625
08:00:30,912810UB2,TSRYS5810883,D,S,T,2024-05-30,1000000.00,4.826276,97.4375
08:00:30,912810UB2,TSRYS5810883,D,S,T,2024-05-30,1000000.00,4.826276,97.4375
08:00:30,912810UB2,TSRYS5810883,D,S,T,2024-05-30,1000000.00,4.833778,97.34375
08:00:30,912810UB2,TSRYS5810883,D,S,T,2024-05-30,1000000.00,4.830026,97.390625
08:00:30,912810UB2,TSRYS5810883,D,S,T,2024-05-30,1000000.00,4.823777,97.46875
08:00:30,912810UB2,TSRYS5810883,D,S,T,2024-05-30,1000000.00,4.823777,97.46875
08:00:30,912810UB2,TSRYS5810883,D,S,T,2024-05-30,1000000.00,4.823777,97.46875
08:00:30,912810UB2,TSRYS5810883,D,S,T,2024-05-30,1000000.00,4.823621,97.470703125
08:00:30,912810UB2,TSRYS5810883,D,S,T,2024-05-30,1000000.00,4.822528,97.484375
08:00:30,912810UB2,TSRYS5810883,D,S,T,2024-05-30,1000000.00,4.823777,97.46875
08:00:30,912810UB2,TSRYS5810883,D,S,T,2024-05-30,1000000.00,4.823777,97.46875
08:00:30,912810UB2,TSRYS5810883,D,S,T,2024-05-30,1000000.00,4.826276,97.4375
08:00:30,912810UB2,TSRYS5810883,D,S,T,2024-05-30,1000000.00,4.826276,97.4375
08:00:30,912810UB2,TSRYS5810883,D,S,T,2024-05-30,1000000.00,4.826276,97.4375
08:00:30,912810UB2,TSRYS5810883,D,S,T,2024-05-30,1000000.00,4.826276,97.4375
08:00:30,912810UB2,TSRYS5810883,D,S,T,2024-05-30,1000000.00,4.825027,97.453125
08:00:30,912810UB2,TSRYS5810883,D,S,T,2024-05-30,1000000.00,4.825027,97.453125
08:00:30,912810UB2,TSRYS5810883,D,S,T,2024-05-30,1000000.00,4.825027,97.453125
08:00:30,912810UB2,TSRYS5810883,D,S,T,2024-05-30,1000000.00,4.825027,97.453125
08:00:30,912810UB2,TSRYS5810883,D,S,T,2024-05-30,1000000.00,4.823933,97.466796875
08:00:30,912810UB2,TSRYS5810883,D,S,T,2024-05-30,1000000.00,4.823777,97.46875
08:00:30,912810UB2,TSRYS5810883,D,S,T,2024-05-30,1000000.00,4.818783,97.53125
08:00:33,912810UB2,TSRYS5810883,D,S,T,2024-05-30,1000000.00,4.804138,97.71484375
08:00:33,912810UB2,TSRYS5810883,D,S,T,2024-05-30,1000000.00,4.804138,97.71484375
08:00:33,912810UB2,TSRYS5810883,D,S,T,2024-05-30,1000000.00,4.807095,97.677734375
08:00:33,912810UB2,TSRYS5810883,D,S,T,2024-05-30,1000000.00,4.806939,97.6796875
08:00:33,912810UB2,TSRYS5810883,D,S,T,2024-05-30,1000000.00,4.808808,97.65625
08:00:33,912810UB2,TSRYS5810883,D,S,T,2024-05-30,1000000.00,4.808808,97.65625
08:00:33,912810UB2,TSRYS5810883,D,S,T,2024-05-30,1000000.00,4.806317,97.6875
08:00:33,912810UB2,TSRYS5810883,D,S,T,2024-05-30,1000000.00,4.807562,97.671875
08:00:33,912810UB2,TSRYS5810883,D,S,T,2024-05-30,1000000.00,4.807562,97.671875
08:00:33,912810UB2,TSRYS5810883,D,S,T,2024-05-30,1000000.00,4.807562,97.671875
08:00:33,912810UB2,TSRYS5810883,D,S,T,2024-05-30,1000000.00,4.800093,97.765625
08:00:33,912810UB2,TSRYS5810883,D,S,T,2024-05-30,1000000.00,4.802582,97.734375
08:00:33,912810UB2,TSRYS5810883,D,S,T,2024-05-30,1000000.00,4.802115,97.740234375
08:00:33,912810UB2,TSRYS5810883,D,S,T,2024-05-30,1000000.00,4.801959,97.7421875
08:00:33,912810UB2,TSRYS5810883,D,S,T,2024-05-30,1000000.00,4.803826,97.71875
08:00:33,912810UB2,TSRYS5810883,D,S,T,2024-05-30,1000000.00,4.796362,97.8125
08:00:33,912810UB2,TSRYS5810883,D,S,T,2024-05-30,1000000.00,4.796362,97.8125
08:00:33,912810UB2,TSRYS5810883,D,S,T,2024-05-30,1000000.00,4.796362,97.8125
08:00:33,912810UB2,TSRYS5810883,D,S,T,2024-05-30,1000000.00,4.796362,97.8125
08:00:33,912810UB2,TSRYS5810883,D,S,T,2024-05-30,1000000.00,4.797606,97.796875
08:00:33,912810UB2,TSRYS5810883,D,S,T,2024-05-30,1000000.00,4.798849,97.78125
08:00:33,912810UB2,TSRYS5810883,D,S,T,2024-05-30,1000000.00,4.797606,97.796875
08:00:33,912810UB2,TSRYS5810883,D,S,T,2024-05-30,1000000.00,4.797606,97.796875
08:00:33,912810UB2,TSRYS5810883,D,S,T,2024-05-30,1000000.00,4.798849,97.78125
08:00:33,912810UB2,TSRYS5810883,D,S,T,2024-05-30,1000000.00,4.797606,97.796875
08:00:33,912810UB2,TSRYS5810883,D,S,T,2024-05-30,1000000.00,4.798849,97.78125
08:00:33,912810UB2,TSRYS5810883,D,S,T,2024-05-30,1000000.00,4.798849,97.78125
08:00:33,912810UB2,TSRYS5810883,D,S,T,2024-05-30,1000000.00,4.798849,97.78125
08:00:33,912810UB2,TSRYS5810883,D,S,T,2024-05-30,1000000.00,4.806317,97.6875
08:00:33,912810UB2,TSRYS5810883,D,S,T,2024-05-30,1000000.00,4.806317,97.6875
08:00:33,912810UB2,TSRYS5810883,D,S,T,2024-05-30,1000000.00,4.805538,97.697265625
08:00:33,912810UB2,TSRYS5810883,D,S,D,2024-05-30,1000000.00,4.808808,97.65625
08:00:33,912810UB2,TSRYS5810883,D,S,D,2024-05-30,1000000.00,4.801959,97.7421875
08:00:33,912810UB2,TSRYS5810883,D,S,D,2024-05-30,1000000.00,4.802582,97.734375
08:00:33,912810UB2,TSRYS5810883,D,S,D,2024-05-30,1000000.00,4.822528,97.484375
08:00:33,912810UB2,TSRYS5810883,D,S,D,2024-05-30,1000000.00,4.804293,97.712890625
08:00:33,912810UB2,TSRYS5810883,D,S,D,2024-05-30,1000000.00,4.801804,97.744140625
08:00:33,912810UB2,TSRYS5810883,D,S,D,2024-05-30,1000000.00,4.801804,97.744140625
08:00:33,912810UB2,TSRYS5810883,D,S,D,2024-05-30,1000000.00,4.801804,97.744140625
08:00:33,912810UB2,TSRYS5810883,D,S,D,2024-05-30,1000000.00,4.801804,97.744140625
08:00:33,912810UB2,TSRYS5810883,D,S,D,2024-05-30,1000000.00,4.801804,97.744140625
08:00:33,912810UB2,TSRYS5810883,D,S,D,2024-05-30,1000000.00,4.801804,97.744140625
08:00:33,912810UB2,TSRYS5810883,D,S,D,2024-05-30,1000000.00,4.806784,97.681640625
08:00:33,912810UB2,TSRYS5810883,D,S,D,2024-05-30,1000000.00,4.806784,97.681640625
08:00:33,912810UB2,TSRYS5810883,D,S,D,2024-05-30,1000000.00,4.806784,97.681640625
08:00:33,912810UB2,TSRYS5810883,D,S,D,2024-05-30,1000000.00,4.806784,97.681640625
08:00:33,912810UB2,TSRYS5810883,D,S,D,2024-05-30,1000000.00,4.806784,97.681640625
08:00:33,912810UB2,TSRYS5810883,D,S,D,2024-05-30,1000000.00,4.806784,97.681640625
08:00:33,912810UB2,TSRYS5810883,D,S,D,2024-05-30,1000000.00,4.806784,97.681640625
08:00:33,912810UB2,TSRYS5810883,D,S,D,2024-05-30,1000000.00,4.806784,97.681640625
08:00:33,912810UB2,TSRYS5810883,D,S,D,2024-05-30,1000000.00,4.806784,97.681640625
08:00:33,912810UB2,TSRYS5810883,D,S,D,2024-05-30,1000000.00,4.806784,97.681640625
08:00:33,912810UB2,TSRYS5810883,D,S,D,2024-05-30,1000000.00,4.806784,97.681640625
08:00:33,912810UB2,TSRYS5810883,D,S,D,2024-05-30,1000000.00,4.804293,97.712890625
08:00:33,912810UB2,TSRYS5810883,D,S,D,2024-05-30,1000000.00,4.801804,97.744140625
08:00:33,912810UB2,TSRYS5810883,D,S,D,2024-05-30,1000000.00,4.801804,97.744140625
08:00:33,912810UB2,TSRYS5810883,D,S,D,2024-05-30,1000000.00,4.801804,97.744140625
08:00:33,912810UB2,TSRYS5810883,D,S,D,2024-05-30,1000000.00,4.801804,97.744140625
08:00:33,912810UB2,TSRYS5810883,D,S,D,2024-05-30,1000000.00,4.801804,97.744140625
08:00:33,912810UB2,TSRYS5810883,D,S,D,2024-05-30,1000000.00,4.801804,97.744140625
08:00:33,912810UB2,TSRYS5810883,D,S,D,2024-05-30,1000000.00,4.801804,97.744140625
08:00:33,912810UB2,TSRYS5810883,D,S,D,2024-05-30,1000000.00,4.801804,97.744140625
08:00:33,912810UB2,TSRYS5810883,D,S,D,2024-05-30,1000000.00,4.801804,97.744140625
08:00:33,912810UB2,TSRYS5810883,D,S,T,2024-05-30,1000000.00,4.830964,97.37890625
08:00:33,912810UB2,TSRYS5810883,D,S,T,2024-05-30,1000000.00,4.830807,97.380859375
08:00:33,912810UB2,TSRYS5810883,D,S,T,2024-05-30,1000000.00,4.830807,97.380859375
08:00:33,912810UB2,TSRYS5810883,D,S,T,2024-05-30,1000000.00,4.830964,97.37890625
08:00:33,912810UB2,TSRYS5810883,D,S,T,2024-05-30,1000000.00,4.802271,97.73828125
08:00:33,912810UB2,TSRYS5810883,D,S,T,2024-05-30,1000000.00,4.802115,97.740234375
08:00:33,912810UB2,TSRYS5810883,D,S,T,2024-05-30,1000000.00,4.806161,97.689453125
08:00:33,912810UB2,TSRYS5810883,D,S,T,2024-05-30,1000000.00,4.823777,97.46875
08:00:33,912810UB2,TSRYS5810883,D,S,T,2024-05-30,1000000.00,4.823777,97.46875
08:00:33,912810UB2,TSRYS5810883,D,S,T,2024-05-30,1000000.00,4.825027,97.453125
08:00:33,912810UB2,TSRYS5810883,D,S,T,2024-05-30,1000000.00,4.802582,97.734375
08:00:34,912810UB2,TSRYS5810883,D,S,T,2024-05-30,1000000.00,4.833778,97.34375
08:00:34,912810UB2,TSRYS5810883,D,S,T,2024-05-30,1000000.00,4.806628,97.68359375
08:00:34,912810UB2,TSRYS5810883,D,S,T,2024-05-30,1000000.00,4.802426,97.736328125
08:00:35,912810UB2,TSRYS5810883,D,S,C,2024-05-30,10000000.00,4.794808,97.83203125
08:00:36,912810UB2,TSRYS5810883,D,S,A,2024-05-30,1900000.00,4.797606,97.796875
08:00:39,912810UB2,TSRYS5810883,D,S,D,2024-05-30,1000000.00,4.818783,97.53125
08:00:39,912810UB2,TSRYS5810883,D,S,D,2024-05-30,1000000.00,4.818783,97.53125
08:00:41,912810UB2,TSRYS5810883,D,S,T,2024-05-30,1000000.00,4.801804,97.744140625
08:00:41,912810UB2,TSRYS5810883,D,S,D,2024-05-30,1000000.00,4.813482,97.59765625
08:00:41,912810UB2,TSRYS5810883,D,S,A,2024-05-30,1900000.00,4.804449,97.7109375
08:00:41,912810UB2,TSRYS5810883,D,S,D,2024-05-30,1000000.00,4.81317,97.6015625
08:00:41,912810UB2,TSRYS5810883,D,S,T,2024-05-30,1000000.00,4.813638,97.595703125
08:00:42,912810UB2,TSRYS5810883,D,B,A,2024-05-30,636000.00,4.816912,97.5546875
08:00:42,912810UB2,TSRYS5810883,D,B,A,2024-05-30,1800000.00,4.807562,97.671875
08:00:42,912810UB2,TSRYS5810883,D,S,A,2024-05-30,3137000.00,4.80476,97.70703125
08:00:43,912810UB2,TSRYS5810883,D,S,T,2024-05-30,1000000.00,4.802115,97.740234375
08:00:43,912810UB2,TSRYS5810883,D,S,A,2024-05-30,300000.00,4.813818,97.59375
08:00:43,912810UB2,TSRYS5810883,D,S,A,2024-05-30,275000.00,4.802893,97.73046875
08:00:44,912810UB2,TSRYS5810883,D,S,D,2024-05-30,1000000.00,4.81317,97.6015625
08:00:44,912810UB2,TSRYS5810883,D,S,D,2024-05-30,1000000.00,4.813482,97.59765625
08:00:44,912810UB2,TSRYS5810883,D,S,A,2024-05-30,256000.00,4.797916,97.79296875
08:00:44,912810UB2,TSRYS5810883,D,S,C,2024-05-30,100000.00,4.802893,97.73046875
08:00:44,912810UB2,TSRYS5810883,D,S,A,2024-05-30,159000.00,4.803204,97.7265625
08:00:44,912810UB2,TSRYS5810883,D,S,T,2024-05-30,1000000.00,4.803204,97.7265625
08:00:44,912810UB2,TSRYS5810883,D,S,T,2024-05-30,1000000.00,4.803204,97.7265625
08:00:44,912810UB2,TSRYS5810883,D,B,A,2024-05-30,3500000.00,4.804776,97.70703125
08:00:45,912810UB2,TSRYS5810883,D,S,D,2024-05-30,2000000.00,4.805071,97.703125
08:00:45,912810UB2,TSRYS5810883,D,S,T,2024-05-30,1000000.00,4.804449,97.7109375
08:00:45,912810UB2,TSRYS5810883,D,S,T,2024-05-30,1000000.00,4.801337,97.75
08:00:45,912810UB2,TSRYS5810883,D,S,T,2024-05-30,1000000.00,4.801337,97.75
08:00:45,912810UB2,TSRYS5810883,D,S,T,2024-05-30,1000000.00,4.801337,97.75
08:00:45,912810UB2,TSRYS5810883,D,S,T,2024-05-30,1000000.00,4.801337,97.75
08:00:45,912810UB2,TSRYS5810883,D,S,T,2024-05-30,1000000.00,4.803204,97.7265625
08:00:45,912810UB2,TSRYS5810883,D,S,T,2024-05-30,1000000.00,4.801959,97.7421875
08:00:45,912810UB2,TSRYS5810883,D,S,T,2024-05-30,1000000.00,4.801959,97.7421875
08:00:45,912810UB2,TSRYS5810883,D,S,T,2024-05-30,1000000.00,4.803204,97.7265625
08:00:45,912810UB2,TSRYS5810883,D,S,T,2024-05-30,1000000.00,4.803204,97.7265625
08:00:45,912810UB2,TSRYS5810883,D,S,T,2024-05-30,1000000.00,4.803204,97.7265625
08:00:45,912810UB2,TSRYS5810883,D,S,T,2024-05-30,1000000.00,4.803204,97.7265625
08:00:45,912810UB2,TSRYS5810883,D,S,T,2024-05-30,1000000.00,4.803204,97.7265625
08:00:45,912810UB2,TSRYS5810883,D,S,T,2024-05-30,1000000.00,4.803204,97.7265625
08:00:45,912810UB2,TSRYS5810883,D,S,T,2024-05-30,1000000.00,4.801337,97.75
08:00:45,912810UB2,TSRYS5810883,D,S,T,2024-05-30,1000000.00,4.801337,97.75
08:00:45,912810UB2,TSRYS5810883,D,S,T,2024-05-30,1000000.00,4.801337,97.75
08:00:45,912810UB2,TSRYS5810883,D,S,T,2024-05-30,1000000.00,4.802582,97.734375
08:00:45,912810UB2,TSRYS5810883,D,S,T,2024-05-30,1000000.00,4.802582,97.734375
08:00:45,912810UB2,TSRYS5810883,D,S,T,2024-05-30,1000000.00,4.802582,97.734375
08:00:45,912810UB2,TSRYS5810883,D,S,T,2024-05-30,1000000.00,4.802582,97.734375
08:00:45,912810UB2,TSRYS5810883,D,S,A,2024-05-30,4022000.00,4.800124,97.765625
08:00:45,912810UB2,TSRYS5810883,D,S,T,2024-05-30,1000000.00,4.802582,97.734375
08:00:46,912810UB2,TSRYS5810883,D,S,A,2024-05-30,300000.00,4.806005,97.69140625
08:00:47,912810UB2,TSRYS5810883,D,S,D,2024-05-30,1000000.00,4.802893,97.73046875
08:00:48,912810UB2,TSRYS5810883,D,S,D,2024-05-30,1000000.00,4.808808,97.65625
08:00:49,912810UB2,TSRYS5810883,D,B,A,2024-05-30,225000.00,4.826588,97.43359375
08:00:52,912810UB2,TSRYS5810883,D,S,D,2024-05-30,1000000.00,4.801959,97.7421875
08:00:52,912810UB2,TSRYS5810883,D,S,T,2024-05-30,1000000.00,4.808496,97.66015625
08:00:52,912810UB2,TSRYS5810883,D,S,A,2024-05-30,2200000.00,4.807562,97.671875
08:00:52,912810UB2,TSRYS5810883,D,S,T,2024-05-30,1000000.00,4.810833,97.630859375
08:00:54,912810UB2,TSRYS5810883,D,S,D,2024-05-30,1000000.00,4.801337,97.75
08:00:55,912810UB2,TSRYS5810883,D,S,A,2024-05-30,2000000.00,4.801337,97.75
08:00:56,912810UB2,TSRYS5810883,D,B,A,2024-05-30,150000.00,4.803515,97.72265625
08:00:56,912810UB2,TSRYS5810883,D,S,T,2024-05-30,1000000.00,4.806317,97.6875
08:00:56,912810UB2,TSRYS5810883,D,S,A,2024-05-30,2240000.00,4.803826,97.71875
08:00:56,912810UB2,TSRYS5810883,D,B,A,2024-05-30,100000.00,4.803204,97.7265625
08:00:56,912810UB2,TSRYS5810883,D,S,T,2024-05-30,1000000.00,4.806472,97.685546875
08:01:00,912810UB2,TSRYS5810883,D,S,T,2024-05-30,1000000.00,4.80476,97.70703125
08:01:00,912810UB2,TSRYS5810883,D,S,A,2024-05-30,1400000.00,4.795133,97.828125
08:01:01,912810UB2,TSRYS5810883,D,S,T,2024-05-30,1000000.00,4.806939,97.6796875
08:01:01,912810UB2,TSRYS5810883,D,B,C,2024-05-30,48000.00,4.801337,97.75
08:01:01,912810UB2,TSRYS5810883,D,S,T,2024-05-30,1000000.00,4.806317,97.6875
08:01:02,912810UB2,TSRYS5810883,D,S,D,2024-05-30,1000000.00,4.802582,97.734375
08:01:03,912810UB2,TSRYS5810883,D,B,C,2024-05-30,1000000.00,4.824402,97.4609375
08:01:03,912810UB2,TSRYS5810883,D,S,D,2024-05-30,1000000.00,4.818783,97.53125
08:01:03,912810UB2,TSRYS5810883,D,S,C,2024-05-30,1000000.00,4.824402,97.4609375
08:01:03,912810UB2,TSRYS5810883,D,S,D,2024-05-30,1000000.00,4.831589,97.37109375
08:01:03,912810UB2,TSRYS5810883,D,S,D,2024-05-30,1000000.00,4.818783,97.53125
08:01:03,912810UB2,TSRYS5810883,D,S,T,2024-05-30,1000000.00,4.806317,97.6875
08:01:03,912810UB2,TSRYS5810883,D,B,C,2024-05-30,1000000.00,4.80476,97.70703125
08:01:03,912810UB2,TSRYS5810883,D,S,C,2024-05-30,1000000.00,4.80476,97.70703125
08:01:03,912810UB2,TSRYS5810883,D,S,D,2024-05-30,1000000.00,4.802271,97.73828125
08:01:03,912810UB2,TSRYS5810883,D,S,D,2024-05-30,1000000.00,4.801959,97.7421875
08:01:04,912810UB2,TSRYS5810883,D,B,C,2024-05-30,1000000.00,4.802271,97.73828125
08:01:04,912810UB2,TSRYS5810883,D,S,C,2024-05-30,1000000.00,4.802271,97.73828125
08:01:04,912810UB2,TSRYS5810883,D,S,D,2024-05-30,1000000.00,4.801337,97.75
08:01:04,912810UB2,TSRYS5810883,D,S,A,2024-05-30,3000000.00,4.796998,97.8046875
08:01:04,912810UB2,TSRYS5810883,D,B,C,2024-05-30,1000000.00,4.803204,97.7265625
08:01:04,912810UB2,TSRYS5810883,D,S,C,2024-05-30,1000000.00,4.803204,97.7265625
08:01:04,912810UB2,TSRYS5810883,D,S,C,2024-05-30,1000000.00,4.80476,97.70703125
08:01:04,912810UB2,TSRYS5810883,D,S,D,2024-05-30,1000000.00,4.802893,97.73046875
08:01:04,912810UB2,TSRYS5810883,D,S,C,2024-05-30,1000000.00,4.801337,97.75
08:01:05,912810UB2,TSRYS5810883,D,S,A,2024-05-30,2000000.00,4.79918,97.77734375
08:01:05,912810UB2,TSRYS5810883,D,S,A,2024-05-30,500000.00,4.801337,97.75
08:01:06,912810UB2,TSRYS5810883,D,B,C,2024-05-30,322000.00,4.803204,97.7265625
08:01:07,912810UB2,TSRYS5810883,D,S,D,2024-05-30,1000000.00,4.802893,97.73046875
08:01:07,912810UB2,TSRYS5810883,D,S,A,2024-05-30,400000.00,4.802582,97.734375
08:01:08,912810UB2,TSRYS5810883,D,S,D,2024-05-30,2000000.00,4.805071,97.703125
08:01:11,912810UB2,TSRYS5810883,D,B,A,2024-05-30,159000.00,4.803204,97.7265625
08:01:12,912810UB2,TSRYS5810883,D,S,A,2024-05-30,200000.00,4.803826,97.71875
08:01:14,912810UB2,TSRYS5810883,D,B,C,2024-05-30,10000000.00,4.802582,97.734375
08:01:15,912810UB2,TSRYS5810883,D,S,T,2024-05-30,1000000.00,4.802582,97.734375
08:01:17,912810UB2,TSRYS5810883,D,S,A,2024-05-30,400000.00,4.803826,97.71875
08:01:19,912810UB2,TSRYS5810883,D,S,A,2024-05-30,200000.00,4.804449,97.7109375
08:01:19,912810UB2,TSRYS5810883,D,S,A,2024-05-30,3000000.00,4.806333,97.6875
08:01:22,912810UB2,TSRYS5810883,D,B,A,2024-05-30,1000000.00,4.803242,97.7265625
08:01:23,912810UB2,TSRYS5810883,D,B,A,2024-05-30,710000.00,4.805694,97.6953125
08:01:23,912810UB2,TSRYS5810883,D,B,C,2024-05-30,1000000.00,4.804293,97.71289062
08:01:26,912810UB2,TSRYS5810883,D,S,A,2024-05-30,1000000.00,4.828151,97.4140625
08:01:27,912810UB2,TSRYS5810883,D,S,A,2024-05-30,500000.00,4.805383,97.69921875
08:01:27,912810UB2,TSRYS5810883,D,S,D,2024-05-30,1000000.00,4.818783,97.53125
08:01:27,912810UB2,TSRYS5810883,D,B,C,2024-05-30,1000000.00,4.802893,97.73046875
08:01:27,912810UB2,TSRYS5810883,D,S,D,2024-05-30,1000000.00,4.802893,97.73046875
08:01:27,912810UB2,TSRYS5810883,D,B,C,2024-05-30,1000000.00,4.802893,97.73046875
08:01:27,912810UB2,TSRYS5810883,D,S,D,2024-05-30,1000000.00,4.802893,97.73046875
08:01:28,912810UB2,TSRYS5810883,D,B,C,2024-05-30,1000000.00,4.803204,97.7265625
08:01:28,912810UB2,TSRYS5810883,D,S,C,2024-05-30,1000000.00,4.803204,97.7265625
08:01:28,912810UB2,TSRYS5810883,D,B,C,2024-05-30,1000000.00,4.803204,97.7265625
08:01:28,912810UB2,TSRYS5810883,D,S,C,2024-05-30,1000000.00,4.803204,97.7265625
08:01:29,912810UB2,TSRYS5810883,D,S,D,2024-05-30,1000000.00,4.818783,97.53125
08:01:29,912810UB2,TSRYS5810883,D,S,T,2024-05-30,1000000.00,4.818799,97.53105
08:01:29,912810UB2,TSRYS5810883,D,S,T,2024-05-30,1000000.00,4.818799,97.53105
08:01:29,912810UB2,TSRYS5810883,D,B,A,2024-05-30,256000.00,4.797916,97.79296875
08:01:30,912810UB2,TSRYS5810883,D,S,A,2024-05-30,225000.00,4.826588,97.43359375
08:01:30,912810UB2,TSRYS5810883,D,S,D,2024-05-30,1000000.00,4.803204,97.7265625
08:01:30,912810UB2,TSRYS5810883,D,S,D,2024-05-30,1000000.00,4.831589,97.37109375
08:01:31,912810UB2,TSRYS5810883,D,S,D,2024-05-30,1000000.00,4.830964,97.37890625
08:01:31,912810UB2,TSRYS5810883,D,S,D,2024-05-30,1000000.00,4.830807,97.380859375
08:01:31,912810UB2,TSRYS5810883,D,B,C,2024-05-30,2000000.00,4.830964,97.37890625
08:01:31,912810UB2,TSRYS5810883,D,S,D,2024-05-30,2000000.00,4.830964,97.37890625
08:01:31,912810UB2,TSRYS5810883,D,S,D,2024-05-30,1000000.00,4.830807,97.380859375
08:01:31,912810UB2,TSRYS5810883,D,S,D,2024-05-30,1000000.00,4.830964,97.37890625
08:01:31,912810UB2,TSRYS5810883,D,S,A,2024-05-30,235000.00,4.800093,97.765625
08:01:31,912810UB2,TSRYS5810883,D,S,D,2024-05-30,1000000.00,4.83112,97.376953125
08:01:31,912810UB2,TSRYS5810883,D,S,D,2024-05-30,1000000.00,4.830964,97.37890625
08:01:31,912810UB2,TSRYS5810883,D,S,D,2024-05-30,1000000.00,4.830964,97.37890625
08:01:32,912810UB2,TSRYS5810883,D,S,A,2024-05-30,800000.00,4.805694,97.6953125
08:01:33,912810UB2,TSRYS5810883,D,S,D,2024-05-30,235000.00,4.800093,97.765625
08:01:35,912810UB2,TSRYS5810883,D,S,A,2024-05-30,590000.00,4.818783,97.53125
08:01:36,912810UB2,TSRYS5810883,D,B,A,2024-05-30,300000.00,4.781462,98.0
08:01:36,912810UB2,TSRYS5810883,D,S,D,2024-05-30,1000000.00,4.806628,97.68359375
08:01:36,912810UB2,TSRYS5810883,D,S,D,2024-05-30,1000000.00,4.806628,97.68359375
08:01:36,912810UB2,TSRYS5810883,D,S,T,2024-05-30,1000000.00,4.806317,97.6875
08:01:36,912810UB2,TSRYS5810883,D,S,T,2024-05-30,1000000.00,4.806328,97.68735
08:01:36,912810UB2,TSRYS5810883,D,S,D,2024-05-30,34000.00,4.800093,97.765625
08:01:36,912810UB2,TSRYS5810883,D,S,D,2024-05-30,1000000.00,4.807562,97.671875
08:01:37,912810UB2,TSRYS5810883,D,S,D,2024-05-30,1000000.00,4.804138,97.71484375
08:01:37,912810UB2,TSRYS5810883,D,S,D,2024-05-30,1000000.00,4.804138,97.71484375
08:01:37,912810UB2,TSRYS5810883,D,S,D,2024-05-30,1000000.00,4.805383,97.69921875
08:01:38,912810UB2,TSRYS5810883,D,S,D,2024-05-30,1000000.00,4.805694,97.6953125
08:01:38,912810UB2,TSRYS5810883,D,S,D,2024-05-30,1000000.00,4.805694,97.6953125
08:01:38,912810UB2,TSRYS5810883,D,S,C,2024-05-30,1000000.00,4.805694,97.6953125
08:01:38,912810UB2,TSRYS5810883,D,S,D,2024-05-30,1000000.00,4.805694,97.6953125
08:01:38,912810UB2,TSRYS5810883,D,S,D,2024-05-30,1000000.00,4.805694,97.6953125
08:01:38,912810UB2,TSRYS5810883,D,S,D,2024-05-30,1000000.00,4.805694,97.6953125
08:01:38,912810UB2,TSRYS5810883,D,S,D,2024-05-30,1000000.00,4.805694,97.6953125
08:01:38,912810UB2,TSRYS5810883,D,S,D,2024-05-30,1000000.00,4.834248,97.337890625
08:01:38,912810UB2,TSRYS5810883,D,S,D,2024-05-30,1000000.00,4.805694,97.6953125
08:01:38,912810UB2,TSRYS5810883,D,S,D,2024-05-30,1000000.00,4.805694,97.6953125
08:01:38,912810UB2,TSRYS5810883,D,S,D,2024-05-30,1000000.00,4.820031,97.515625
08:01:38,912810UB2,TSRYS5810883,D,S,D,2024-05-30,1000000.00,4.805694,97.6953125
08:01:38,912810UB2,TSRYS5810883,D,S,C,2024-05-30,1000000.00,4.820031,97.515625
08:01:39,912810UB2,TSRYS5810883,D,S,D,2024-05-30,1000000.00,4.820031,97.515625
08:01:39,912810UB2,TSRYS5810883,D,S,T,2024-05-30,1000000.00,4.820031,97.515625
08:01:39,912810UB2,TSRYS5810883,D,S,D,2024-05-30,1000000.00,4.804449,97.7109375
08:01:39,912810UB2,TSRYS5810883,D,S,D,2024-05-30,1000000.00,4.80476,97.70703125
08:01:39,912810UB2,TSRYS5810883,D,S,D,2024-05-30,1000000.00,4.820187,97.51367187
08:01:39,912810UB2,TSRYS5810883,D,S,T,2024-05-30,1000000.00,4.820187,97.51367187
08:01:39,912810UB2,TSRYS5810883,D,S,C,2024-05-30,1000000.00,4.820187,97.51367187
08:01:39,912810UB2,TSRYS5810883,D,S,D,2024-05-30,1000000.00,4.820031,97.515625
08:01:39,912810UB2,TSRYS5810883,D,S,D,2024-05-30,1000000.00,4.80476,97.70703125
08:01:39,912810UB2,TSRYS5810883,D,S,D,2024-05-30,1000000.00,4.80476,97.70703125
08:01:40,912810UB2,TSRYS5810883,D,S,T,2024-05-30,1000000.00,4.803048,97.72851562
08:01:40,912810UB2,TSRYS5810883,D,S,T,2024-05-30,1000000.00,4.803048,97.72851562
08:01:40,912810UB2,TSRYS5810883,D,S,T,2024-05-30,1000000.00,4.816288,97.5625
08:01:40,912810UB2,TSRYS5810883,D,S,D,2024-05-30,1000000.00,4.816132,97.56445312
08:01:40,912810UB2,TSRYS5810883,D,S,T,2024-05-30,1000000.00,4.816132,97.56445312
08:01:41,912810UB2,TSRYS5810883,D,S,D,2024-05-30,1000000.00,4.801337,97.75
08:01:41,912810UB2,TSRYS5810883,D,S,T,2024-05-30,1000000.00,4.802582,97.734375
08:01:41,912810UB2,TSRYS5810883,D,S,D,2024-05-30,322000.00,4.803204,97.7265625
08:01:41,912810UB2,TSRYS5810883,D,S,C,2024-05-30,1000000.00,4.802893,97.73046875
08:01:41,912810UB2,TSRYS5810883,D,S,D,2024-05-30,1000000.00,4.805694,97.6953125
08:01:41,912810UB2,TSRYS5810883,D,S,D,2024-05-30,1000000.00,4.805694,97.6953125
08:01:41,912810UB2,TSRYS5810883,D,S,D,2024-05-30,1000000.00,4.805694,97.6953125
08:01:41,912810UB2,TSRYS5810883,D,S,D,2024-05-30,1000000.00,4.804138,97.71484375
08:01:41,912810UB2,TSRYS5810883,D,S,C,2024-05-30,1000000.00,4.802582,97.734375
08:01:41,912810UB2,TSRYS5810883,D,S,C,2024-05-30,1000000.00,4.801337,97.75
08:01:41,912810UB2,TSRYS5810883,D,S,C,2024-05-30,1000000.00,4.801337,97.75
08:01:41,912810UB2,TSRYS5810883,D,S,C,2024-05-30,1000000.00,4.801337,97.75
08:01:41,912810UB2,TSRYS5810883,D,S,D,2024-05-30,1000000.00,4.801648,97.74609375
08:01:41,912810UB2,TSRYS5810883,D,S,D,2024-05-30,1000000.00,4.801337,97.75
08:01:42,912810UB2,TSRYS5810883,D,S,C,2024-05-30,1000000.00,4.819563,97.52148437
08:01:43,912810UB2,TSRYS5810883,D,S,C,2024-05-30,1000000.00,4.820031,97.515625
08:01:44,912810UB2,TSRYS5810883,D,S,T,2024-05-30,1000000.00,4.818939,97.52929687
08:01:44,912810UB2,TSRYS5810883,D,S,T,2024-05-30,1000000.00,4.817379,97.54882812
08:01:44,912810UB2,TSRYS5810883,D,S,T,2024-05-30,1000000.00,4.817379,97.54882812
08:01:45,912810UB2,TSRYS5810883,D,S,D,2024-05-30,1000000.00,4.803048,97.72851562
08:01:45,912810UB2,TSRYS5810883,D,S,D,2024-05-30,1000000.00,4.802893,97.73046875
08:01:45,912810UB2,TSRYS5810883,D,S,T,2024-05-30,1000000.00,4.803204,97.7265625
08:01:45,912810UB2,TSRYS5810883,D,S,C,2024-05-30,1000000.00,4.822472,97.48508
08:01:46,912810UB2,TSRYS5810883,D,B,C,2024-05-30,4000000.00,4.803259,97.72587
08:01:48,912810UB2,TSRYS5810883,D,S,T,2024-05-30,1000000.00,4.801337,97.75
08:01:49,912810UB2,TSRYS5810883,D,S,T,2024-05-30,1000000.00,4.801337,97.75
08:01:50,912810UB2,TSRYS5810883,D,S,T,2024-05-30,1000000.00,4.83112,97.376953125
08:01:51,912810UB2,TSRYS5810883,D,S,T,2024-05-30,1000000.00,4.830964,97.37890625
08:01:51,912810UB2,TSRYS5810883,D,S,T,2024-05-30,1000000.00,4.801337,97.75
08:01:51,912810UB2,TSRYS5810883,D,S,T,2024-05-30,1000000.00,4.830964,97.37890625
08:01:52,912810UB2,TSRYS5810883,D,S,T,2024-05-30,1000000.00,4.801337,97.75
08:01:53,912810UB2,TSRYS5810883,D,S,T,2024-05-30,1000000.00,4.834107,97.33964375
08:01:54,912810UB2,TSRYS5810883,D,S,T,2024-05-30,1000000.00,4.834248,97.337890625
08:01:54,912810UB2,TSRYS5810883,D,S,T,2024-05-30,1000000.00,4.801337,97.75
08:01:54,912810UB2,TSRYS5810883,D,S,T,2024-05-30,1000000.00,4.815056,97.577925
08:01:54,912810UB2,TSRYS5810883,D,S,D,2024-05-30,1000000.00,4.815352,97.57421875
08:01:54,912810UB2,TSRYS5810883,D,S,T,2024-05-30,1000000.00,4.815056,97.577925
08:01:54,912810UB2,TSRYS5810883,D,S,T,2024-05-30,1000000.00,4.815056,97.577925
08:01:55,912810UB2,TSRYS5810883,D,S,D,2024-05-30,1000000.00,4.801337,97.75
08:01:57,912810UB2,TSRYS5810883,D,S,T,2024-05-30,1000000.00,4.800093,97.765625
08:01:57,912810UB2,TSRYS5810883,D,S,T,2024-05-30,1000000.00,4.802125,97.740109375
08:01:57,912810UB2,TSRYS5810883,D,S,T,2024-05-30,1000000.00,4.801355,97.749773
08:01:58,912810UB2,TSRYS5810883,D,S,T,2024-05-30,1000000.00,4.803836,97.718625
08:01:58,912810UB2,TSRYS5810883,D,S,A,2024-05-30,1000000.00,4.824714,97.45703125
08:01:58,912810UB2,TSRYS5810883,D,S,T,2024-05-30,1000000.00,4.800093,97.765625
08:02:00,912810UB2,TSRYS5810883,D,S,T,2024-05-30,1000000.00,4.800093,97.765625
08:02:01,912810UB2,TSRYS5810883,D,B,C,2024-05-30,4600000.00,4.802582,97.734375
08:02:01,912810UB2,TSRYS5810883,D,S,T,2024-05-30,1000000.00,4.798849,97.78125
08:02:03,912810UB2,TSRYS5810883,D,S,D,2024-05-30,235000.00,4.800093,97.765625
08:02:04,912810UB2,TSRYS5810883,D,B,C,2024-05-30,1000000.00,4.831276,97.375
08:02:04,912810UB2,TSRYS5810883,D,S,C,2024-05-30,1000000.00,4.83126,97.3752
08:02:05,912810UB2,TSRYS5810883,D,B,C,2024-05-30,1000000.00,4.831276,97.375
08:02:05,912810UB2,TSRYS5810883,D,S,C,2024-05-30,1000000.00,4.831276,97.375
08:02:05,912810UB2,TSRYS5810883,D,B,C,2024-05-30,1000000.00,4.827526,97.421875
08:02:05,912810UB2,TSRYS5810883,D,B,A,2024-05-30,5000000.00,4.796362,97.8125
08:02:05,912810UB2,TSRYS5810883,D,S,D,2024-05-30,1000000.00,4.827526,97.421875
08:02:06,912810UB2,TSRYS5810883,D,S,A,2024-05-30,900000.00,4.80406,97.715820312
08:02:06,912810UB2,TSRYS5810883,D,B,C,2024-05-30,1000000.00,4.799316,97.77539062
08:02:06,912810UB2,TSRYS5810883,D,B,C,2024-05-30,1000000.00,4.828776,97.40625
08:02:06,912810UB2,TSRYS5810883,D,S,D,2024-05-30,1000000.00,4.828765,97.40638
08:02:06,912810UB2,TSRYS5810883,D,S,D,2024-05-30,1000000.00,4.828765,97.40638
08:02:06,912810UB2,TSRYS5810883,D,B,C,2024-05-30,1000000.00,4.827526,97.421875
08:02:06,912810UB2,TSRYS5810883,D,S,D,2024-05-30,1000000.00,4.827526,97.421875
08:02:06,912810UB2,TSRYS5810883,D,B,C,2024-05-30,1000000.00,4.826292,97.4373
08:02:06,912810UB2,TSRYS5810883,D,S,D,2024-05-30,1000000.00,4.826276,97.4375
08:02:07,912810UB2,TSRYS5810883,D,S,D,2024-05-30,1000000.00,4.826266,97.43763
08:02:07,912810UB2,TSRYS5810883,D,S,D,2024-05-30,1000000.00,4.826266,97.43763
08:02:07,912810UB2,TSRYS5810883,D,B,C,2024-05-30,1000000.00,4.826276,97.4375
08:02:07,912810UB2,TSRYS5810883,D,S,C,2024-05-30,1000000.00,4.82626,97.4377
08:02:08,912810UB2,TSRYS5810883,D,S,D,2024-05-30,1000000.00,4.826276,97.4375
08:02:08,912810UB2,TSRYS5810883,D,B,C,2024-05-30,1000000.00,4.826276,97.4375
08:02:08,912810UB2,TSRYS5810883,D,S,C,2024-05-30,1000000.00,4.83376,97.343975
08:02:08,912810UB2,TSRYS5810883,D,B,C,2024-05-30,1000000.00,4.833778,97.34375
08:02:09,912810UB2,TSRYS5810883,D,S,C,2024-05-30,1000000.00,4.835014,97.328325
08:02:09,912810UB2,TSRYS5810883,D,B,C,2024-05-30,1000000.00,4.83503,97.328125
08:02:09,912810UB2,TSRYS5810883,D,S,A,2024-05-30,500000.00,4.825027,97.453125
08:02:10,912810UB2,TSRYS5810883,D,B,A,2024-05-30,8000000.00,4.823777,97.46875
08:02:15,912810UB2,TSRYS5810883,D,S,T,2024-05-30,1000000.00,4.802426,97.73632812
08:02:15,912810UB2,TSRYS5810883,D,S,T,2024-05-30,1000000.00,4.801337,97.75
08:02:16,912810UB2,TSRYS5810883,D,S,D,2024-05-30,150000.00,4.800093,97.765625
08:02:16,912810UB2,TSRYS5810883,D,S,D,2024-05-30,150000.00,4.800093,97.765625
08:02:16,912810UB2,TSRYS5810883,D,S,D,2024-05-30,24000000.00,4.818372,97.5364
08:02:18,912810UB2,TSRYS5810883,D,S,A,2024-05-30,5000000.00,4.824402,97.4609375
08:02:21,912810UB2,TSRYS5810883,D,B,C,2024-05-30,13000.00,4.824402,97.4609375
08:02:22,912810UB2,TSRYS5810883,D,S,D,2024-05-30,1000000.00,4.80427,97.71318
08:02:23,912810UB2,TSRYS5810883,D,S,C,2024-05-30,1000000.00,4.80427,97.71318
08:02:24,912810UB2,TSRYS5810883,D,B,C,2024-05-30,1000000.00,4.801804,97.74414062
08:02:24,912810UB2,TSRYS5810883,D,S,D,2024-05-30,1000000.00,4.832527,97.359375
08:02:24,912810UB2,TSRYS5810883,D,B,C,2024-05-30,1000000.00,4.832527,97.359375
08:02:24,912810UB2,TSRYS5810883,D,S,D,2024-05-30,1000000.00,4.832527,97.359375
08:02:24,912810UB2,TSRYS5810883,D,B,C,2024-05-30,1000000.00,4.832543,97.359175
08:02:24,912810UB2,TSRYS5810883,D,S,A,2024-05-30,400000.00,4.810054,97.640625
08:02:25,912810UB2,TSRYS5810883,D,S,D,2024-05-30,1000000.00,4.830026,97.390625
08:02:25,912810UB2,TSRYS5810883,D,B,C,2024-05-30,1000000.00,4.830026,97.390625
08:02:25,912810UB2,TSRYS5810883,D,S,D,2024-05-30,1000000.00,4.830016,97.390755
08:02:25,912810UB2,TSRYS5810883,D,B,C,2024-05-30,1000000.00,4.830026,97.390625
08:02:25,912810UB2,TSRYS5810883,D,B,C,2024-05-30,1000000.00,4.831276,97.375
08:02:25,912810UB2,TSRYS5810883,D,S,D,2024-05-30,1000000.00,4.831276,97.375
08:02:26,912810UB2,TSRYS5810883,D,B,C,2024-05-30,1000000.00,4.823777,97.46875
08:02:26,912810UB2,TSRYS5810883,D,B,C,2024-05-30,1000000.00,4.823793,97.46855
08:02:26,912810UB2,TSRYS5810883,D,B,C,2024-05-30,1000000.00,4.823777,97.46875
08:02:26,912810UB2,TSRYS5810883,D,S,D,2024-05-30,1000000.00,4.823777,97.46875
08:02:26,912810UB2,TSRYS5810883,D,S,D,2024-05-30,1000000.00,4.823777,97.46875
08:02:26,912810UB2,TSRYS5810883,D,S,D,2024-05-30,1000000.00,4.823777,97.46875
08:02:27,912810UB2,TSRYS5810883,D,S,A,2024-05-30,100000.00,4.805694,97.6953125
08:02:28,912810UB2,TSRYS5810883,D,B,C,2024-05-30,1000000.00,4.825027,97.453125
08:02:28,912810UB2,TSRYS5810883,D,S,D,2024-05-30,1000000.00,4.825027,97.453125
08:02:29,912810UB2,TSRYS5810883,D,S,C,2024-05-30,1000000.00,4.825011,97.453325
08:02:29,912810UB2,TSRYS5810883,D,B,C,2024-05-30,1000000.00,4.825027,97.453125
08:02:29,912810UB2,TSRYS5810883,D,B,C,2024-05-30,12900000.00,4.781462,98.0
08:02:29,912810UB2,TSRYS5810883,D,S,D,2024-05-30,1000000.00,4.820031,97.515625
08:02:30,912810UB2,TSRYS5810883,D,S,D,2024-05-30,1000000.00,4.820187,97.513671875
08:02:30,912810UB2,TSRYS5810883,D,B,C,2024-05-30,1000000.00,4.804293,97.71289062
08:02:30,912810UB2,TSRYS5810883,D,B,C,2024-05-30,1000000.00,4.823777,97.46875
08:02:30,912810UB2,TSRYS5810883,D,S,D,2024-05-30,1000000.00,4.823777,97.46875
08:02:30,912810UB2,TSRYS5810883,D,S,D,2024-05-30,1000000.00,4.823777,97.46875
08:02:30,912810UB2,TSRYS5810883,D,B,C,2024-05-30,1000000.00,4.823791,97.468575
08:02:31,912810UB2,TSRYS5810883,D,B,C,2024-05-30,1000000.00,4.801804,97.74414062
08:02:32,912810UB2,TSRYS5810883,D,S,A,2024-05-30,200000.00,4.803204,97.7265625
08:02:32,912810UB2,TSRYS5810883,D,B,C,2024-05-30,1000000.00,4.825027,97.453125
08:02:32,912810UB2,TSRYS5810883,D,S,D,2024-05-30,1000000.00,4.825027,97.453125
08:02:33,912810UB2,TSRYS5810883,D,B,C,2024-05-30,1000000.00,4.802737,97.73242187
08:02:33,912810UB2,TSRYS5810883,D,B,C,2024-05-30,1000000.00,4.801959,97.7421875
08:02:34,912810UB2,TSRYS5810883,D,B,C,2024-05-30,1000000.00,4.801804,97.74414062
08:02:34,912810UB2,TSRYS5810883,D,B,C,2024-05-30,1000000.00,4.801804,97.74414062
08:02:34,912810UB2,TSRYS5810883,D,S,C,2024-05-30,1000000.00,4.82876,97.40645
08:02:34,912810UB2,TSRYS5810883,D,B,C,2024-05-30,1000000.00,4.801804,97.74414062
08:02:34,912810UB2,TSRYS5810883,D,B,C,2024-05-30,1000000.00,4.828788,97.4061
08:02:34,912810UB2,TSRYS5810883,D,B,C,2024-05-30,1000000.00,4.826276,97.4375
08:02:35,912810UB2,TSRYS5810883,D,S,D,2024-05-30,1000000.00,4.826276,97.4375
08:02:36,912810UB2,TSRYS5810883,D,S,D,2024-05-30,1000000.00,4.830026,97.390625
08:02:36,912810UB2,TSRYS5810883,D,S,D,2024-05-30,1000000.00,4.830026,97.390625
08:02:36,912810UB2,TSRYS5810883,D,B,C,2024-05-30,1000000.00,4.830026,97.390625
08:02:36,912810UB2,TSRYS5810883,D,S,C,2024-05-30,1000000.00,4.818939,97.529296875
08:02:36,912810UB2,TSRYS5810883,D,B,C,2024-05-30,1000000.00,4.816288,97.5625
08:02:36,912810UB2,TSRYS5810883,D,S,D,2024-05-30,1000000.00,4.816288,97.5625
08:02:36,912810UB2,TSRYS5810883,D,S,D,2024-05-30,1000000.00,4.817379,97.548828125
08:02:36,912810UB2,TSRYS5810883,D,S,D,2024-05-30,1000000.00,4.817379,97.548828125
08:02:40,912810UB2,TSRYS5810883,D,B,C,2024-05-30,1000000.00,4.826276,97.4375
08:02:40,912810UB2,TSRYS5810883,D,S,C,2024-05-30,1000000.00,4.826276,97.4375
08:02:40,912810UB2,TSRYS5810883,D,S,C,2024-05-30,1000000.00,4.82626,97.4377
08:02:40,912810UB2,TSRYS5810883,D,B,C,2024-05-30,1000000.00,4.826276,97.4375
08:02:40,912810UB2,TSRYS5810883,D,B,C,2024-05-30,1000000.00,4.825027,97.453125
08:02:40,912810UB2,TSRYS5810883,D,S,D,2024-05-30,1000000.00,4.825027,97.453125
08:02:41,912810UB2,TSRYS5810883,D,S,D,2024-05-30,1000000.00,4.821269,97.50013
08:02:41,912810UB2,TSRYS5810883,D,S,D,2024-05-30,1000000.00,4.816288,97.5625
08:02:41,912810UB2,TSRYS5810883,D,B,C,2024-05-30,1000000.00,4.821294,97.499825
08:02:41,912810UB2,TSRYS5810883,D,S,D,2024-05-30,1000000.00,4.816132,97.564453125
08:02:41,912810UB2,TSRYS5810883,D,S,D,2024-05-30,1000000.00,4.823777,97.46875
08:02:41,912810UB2,TSRYS5810883,D,B,C,2024-05-30,1000000.00,4.823793,97.46855
08:02:42,912810UB2,TSRYS5810883,D,S,D,2024-05-30,1000000.00,4.823777,97.46875
08:02:42,912810UB2,TSRYS5810883,D,B,C,2024-05-30,1000000.00,4.823777,97.46875
08:02:42,912810UB2,TSRYS5810883,D,S,D,2024-05-30,1000000.00,4.823777,97.46875
08:02:42,912810UB2,TSRYS5810883,D,S,D,2024-05-30,1000000.00,4.823777,97.46875
08:02:42,912810UB2,TSRYS5810883,D,S,D,2024-05-30,1000000.00,4.823777,97.46875
08:02:42,912810UB2,TSRYS5810883,D,S,D,2024-05-30,1000000.00,4.823777,97.46875
08:02:42,912810UB2,TSRYS5810883,D,S,D,2024-05-30,1000000.00,4.823777,97.46875
08:02:42,912810UB2,TSRYS5810883,D,S,D,2024-05-30,1000000.00,4.823777,97.46875
08:02:42,912810UB2,TSRYS5810883,D,B,C,2024-05-30,1000000.00,4.823777,97.46875
08:02:42,912810UB2,TSRYS5810883,D,S,D,2024-05-30,1000000.00,4.823777,97.46875
08:02:42,912810UB2,TSRYS5810883,D,S,D,2024-05-30,1000000.00,4.823777,97.46875
08:02:42,912810UB2,TSRYS5810883,D,S,D,2024-05-30,1000000.00,4.823777,97.46875
08:02:42,912810UB2,TSRYS5810883,D,B,C,2024-05-30,1000000.00,4.823777,97.46875
08:02:42,912810UB2,TSRYS5810883,D,B,C,2024-05-30,1000000.00,4.823793,97.46855
08:02:42,912810UB2,TSRYS5810883,D,B,C,2024-05-30,1000000.00,4.823791,97.468575
08:02:42,912810UB2,TSRYS5810883,D,B,C,2024-05-30,1000000.00,4.823791,97.468575
08:02:42,912810UB2,TSRYS5810883,D,S,D,2024-05-30,1000000.00,4.823777,97.46875
08:02:42,912810UB2,TSRYS5810883,D,B,C,2024-05-30,1000000.00,4.823777,97.46875
08:02:42,912810UB2,TSRYS5810883,D,S,D,2024-05-30,1000000.00,4.823777,97.46875
08:02:42,912810UB2,TSRYS5810883,D,S,D,2024-05-30,1000000.00,4.823761,97.46895
08:02:42,912810UB2,TSRYS5810883,D,B,C,2024-05-30,1000000.00,4.823777,97.46875
08:02:43,912810UB2,TSRYS5810883,D,S,D,2024-05-30,1000000.00,4.822518,97.484505
08:02:43,912810UB2,TSRYS5810883,D,S,C,2024-05-30,1000000.00,4.825014,97.453277
08:02:43,912810UB2,TSRYS5810883,D,B,C,2024-05-30,1000000.00,4.825043,97.452925
08:02:43,912810UB2,TSRYS5810883,D,S,C,2024-05-30,1000000.00,4.823777,97.46875
08:02:43,912810UB2,TSRYS5810883,D,S,C,2024-05-30,1000000.00,4.823761,97.46895
08:02:43,912810UB2,TSRYS5810883,D,S,D,2024-05-30,1000000.00,4.826276,97.4375
08:02:43,912810UB2,TSRYS5810883,D,S,D,2024-05-30,1000000.00,4.826276,97.4375
08:02:44,912810UB2,TSRYS5810883,D,S,D,2024-05-30,1000000.00,4.826276,97.4375
08:02:44,912810UB2,TSRYS5810883,D,S,D,2024-05-30,1000000.00,4.826276,97.4375
08:02:44,912810UB2,TSRYS5810883,D,B,C,2024-05-30,1000000.00,4.825027,97.453125
08:02:44,912810UB2,TSRYS5810883,D,S,D,2024-05-30,1000000.00,4.825027,97.453125
08:02:44,912810UB2,TSRYS5810883,D,B,C,2024-05-30,1000000.00,4.825041,97.45295
08:02:44,912810UB2,TSRYS5810883,D,S,D,2024-05-30,1000000.00,4.825027,97.453125
08:02:44,912810UB2,TSRYS5810883,D,S,D,2024-05-30,1000000.00,4.825027,97.453125
08:02:44,912810UB2,TSRYS5810883,D,B,C,2024-05-30,1000000.00,4.825027,97.453125
08:02:44,912810UB2,TSRYS5810883,D,B,C,2024-05-30,1000000.00,4.825027,97.453125
08:02:44,912810UB2,TSRYS5810883,D,S,D,2024-05-30,1000000.00,4.825027,97.453125
08:02:44,912810UB2,TSRYS5810883,D,S,D,2024-05-30,1000000.00,4.825027,97.453125
08:02:44,912810UB2,TSRYS5810883,D,S,D,2024-05-30,1000000.00,4.825027,97.453125
08:02:44,912810UB2,TSRYS5810883,D,S,D,2024-05-30,1000000.00,4.825027,97.453125
08:02:44,912810UB2,TSRYS5810883,D,S,D,2024-05-30,1000000.00,4.825027,97.453125
08:02:44,912810UB2,TSRYS5810883,D,B,C,2024-05-30,1000000.00,4.823793,97.46855
08:02:44,912810UB2,TSRYS5810883,D,S,D,2024-05-30,1000000.00,4.823777,97.46875
08:02:44,912810UB2,TSRYS5810883,D,B,C,2024-05-30,1000000.00,4.823791,97.468575
08:02:44,912810UB2,TSRYS5810883,D,S,D,2024-05-30,1000000.00,4.823777,97.46875
08:02:44,912810UB2,TSRYS5810883,D,S,D,2024-05-30,1000000.00,4.823777,97.46875
08:02:44,912810UB2,TSRYS5810883,D,B,C,2024-05-30,1000000.00,4.823791,97.468575
08:02:44,912810UB2,TSRYS5810883,D,B,C,2024-05-30,1000000.00,4.823793,97.46855
08:02:44,912810UB2,TSRYS5810883,D,S,D,2024-05-30,1000000.00,4.823777,97.46875
08:02:44,912810UB2,TSRYS5810883,D,B,C,2024-05-30,1000000.00,4.823791,97.468575
08:02:44,912810UB2,TSRYS5810883,D,S,D,2024-05-30,1000000.00,4.823777,97.46875
08:02:44,912810UB2,TSRYS5810883,D,B,C,2024-05-30,1000000.00,4.823791,97.468575
08:02:44,912810UB2,TSRYS5810883,D,S,D,2024-05-30,1000000.00,4.823777,97.46875
08:02:44,912810UB2,TSRYS5810883,D,S,C,2024-05-30,1000000.00,4.823777,97.46875
08:02:44,912810UB2,TSRYS5810883,D,S,D,2024-05-30,1000000.00,4.823777,97.46875
08:02:44,912810UB2,TSRYS5810883,D,B,C,2024-05-30,1000000.00,4.823791,97.468575
08:02:45,912810UB2,TSRYS5810883,D,B,C,2024-05-30,1000000.00,4.823791,97.468575
08:02:45,912810UB2,TSRYS5810883,D,S,D,2024-05-30,1000000.00,4.82128,97.5
08:02:45,912810UB2,TSRYS5810883,D,B,C,2024-05-30,1000000.00,4.821296,97.4998
08:02:45,912810UB2,TSRYS5810883,D,S,C,2024-05-30,1000000.00,4.82128,97.5
08:02:45,912810UB2,TSRYS5810883,D,B,C,2024-05-30,1000000.00,4.821296,97.4998
08:02:45,912810UB2,TSRYS5810883,D,S,D,2024-05-30,1000000.00,4.82128,97.5
08:02:45,912810UB2,TSRYS5810883,D,B,C,2024-05-30,1000000.00,4.820031,97.515625
08:02:45,912810UB2,TSRYS5810883,D,S,C,2024-05-30,1000000.00,4.820031,97.515625
08:02:47,912810UB2,TSRYS5810883,D,S,C,2024-05-30,1000000.00,4.818767,97.53145
08:02:47,912810UB2,TSRYS5810883,D,S,A,2024-05-30,3000000.00,4.796051,97.81640625
08:02:47,912810UB2,TSRYS5810883,D,B,C,2024-05-30,1000000.00,4.818783,97.53125
08:02:48,912810UB2,TSRYS5810883,D,S,C,2024-05-30,1000000.00,4.818767,97.53145
08:02:49,912810UB2,TSRYS5810883,D,B,C,2024-05-30,1000000.00,4.816288,97.5625
08:02:49,912810UB2,TSRYS5810883,D,S,D,2024-05-30,1000000.00,4.816288,97.5625
08:02:50,912810UB2,TSRYS5810883,D,S,C,2024-05-30,1000000.00,4.818767,97.53145
08:02:50,912810UB2,TSRYS5810883,D,S,C,2024-05-30,1000000.00,4.818783,97.53125
08:02:51,912810UB2,TSRYS5810883,D,B,C,2024-05-30,1000000.00,4.815054,97.57795
08:02:52,912810UB2,TSRYS5810883,D,S,D,2024-05-30,12900000.00,4.781462,98.0
08:02:52,912810UB2,TSRYS5810883,D,S,C,2024-05-30,1000000.00,4.81504,97.578125
08:02:53,912810UB2,TSRYS5810883,D,S,C,2024-05-30,1000000.00,4.815017,97.578425
08:02:53,912810UB2,TSRYS5810883,D,B,C,2024-05-30,1000000.00,4.815056,97.577925
08:02:53,912810UB2,TSRYS5810883,D,S,D,2024-05-30,1000000.00,4.81504,97.578125
08:02:53,912810UB2,TSRYS5810883,D,B,C,2024-05-30,1000000.00,4.815064,97.577825
08:02:53,912810UB2,TSRYS5810883,D,S,C,2024-05-30,1000000.00,4.81504,97.578125
08:02:54,912810UB2,TSRYS5810883,D,S,C,2024-05-30,1000000.00,4.815024,97.578325
08:02:54,912810UB2,TSRYS5810883,D,S,D,2024-05-30,1000000.00,4.81503,97.578255
08:02:54,912810UB2,TSRYS5810883,D,S,C,2024-05-30,1000000.00,4.812547,97.609375
08:02:54,912810UB2,TSRYS5810883,D,B,C,2024-05-30,1000000.00,4.812547,97.609375
08:02:56,912810UB2,TSRYS5810883,D,B,C,2024-05-30,1000000.00,4.807562,97.671875
08:02:56,912810UB2,TSRYS5810883,D,S,D,2024-05-30,1000000.00,4.807562,97.671875
08:03:05,912810UB2,TSRYS5810883,D,S,D,2024-05-30,1000000.00,4.807552,97.672005
08:03:05,912810UB2,TSRYS5810883,D,B,C,2024-05-30,1000000.00,4.807562,97.671875
08:03:05,912810UB2,TSRYS5810883,D,S,D,2024-05-30,1000000.00,4.807552,97.672005
08:03:06,912810UB2,TSRYS5810883,D,B,C,2024-05-30,1000000.00,4.8113,97.625
08:03:06,912810UB2,TSRYS5810883,D,S,C,2024-05-30,1000000.00,4.8113,97.625
08:03:07,912810UB2,TSRYS5810883,D,S,C,2024-05-30,1000000.00,4.808808,97.65625
08:03:08,912810UB2,TSRYS5810883,D,B,C,2024-05-30,1000000.00,4.810068,97.64045
08:03:08,912810UB2,TSRYS5810883,D,B,C,2024-05-30,1000000.00,4.81007,97.640425
08:03:08,912810UB2,TSRYS5810883,D,S,C,2024-05-30,1000000.00,4.807562,97.671875
08:03:08,912810UB2,TSRYS5810883,D,S,D,2024-05-30,1000000.00,4.808496,97.66015625
08:03:08,912810UB2,TSRYS5810883,D,S,C,2024-05-30,1000000.00,4.808808,97.65625
08:03:08,912810UB2,TSRYS5810883,D,B,C,2024-05-30,1000000.00,4.807562,97.671875
08:03:08,912810UB2,TSRYS5810883,D,S,C,2024-05-30,1000000.00,4.808808,97.65625
08:03:08,912810UB2,TSRYS5810883,D,S,C,2024-05-30,1000000.00,4.808808,97.65625
08:03:08,912810UB2,TSRYS5810883,D,B,C,2024-05-30,1000000.00,4.81007,97.640425
08:03:09,912810UB2,TSRYS5810883,D,S,C,2024-05-30,1000000.00,4.810042,97.640775
08:03:09,912810UB2,TSRYS5810883,D,B,C,2024-05-30,1000000.00,4.808822,97.656075
08:03:09,912810UB2,TSRYS5810883,D,S,C,2024-05-30,1000000.00,4.810042,97.640775
08:03:09,912810UB2,TSRYS5810883,D,B,C,2024-05-30,1000000.00,4.808822,97.656075
08:03:09,912810UB2,TSRYS5810883,D,S,C,2024-05-30,1000000.00,4.810042,97.640775
08:03:09,912810UB2,TSRYS5810883,D,S,D,2024-05-30,400000.00,4.802271,97.73828125
08:03:09,912810UB2,TSRYS5810883,D,S,C,2024-05-30,1000000.00,4.810833,97.630859375
08:03:11,912810UB2,TSRYS5810883,D,S,C,2024-05-30,1000000.00,4.806317,97.6875
08:03:11,912810UB2,TSRYS5810883,D,S,C,2024-05-30,1000000.00,4.806301,97.6877
08:03:12,912810UB2,TSRYS5810883,D,B,C,2024-05-30,1000000.00,4.806317,97.6875
08:03:12,912810UB2,TSRYS5810883,D,S,C,2024-05-30,1000000.00,4.806304,97.687652
08:03:12,912810UB2,TSRYS5810883,D,S,D,2024-05-30,1000000.00,4.805061,97.703255
08:03:12,912810UB2,TSRYS5810883,D,B,C,2024-05-30,1000000.00,4.805071,97.703125
08:03:12,912810UB2,TSRYS5810883,D,S,C,2024-05-30,1000000.00,4.806304,97.687652
08:03:13,912810UB2,TSRYS5810883,D,S,D,2024-05-30,1000000.00,4.806317,97.6875
08:03:13,912810UB2,TSRYS5810883,D,S,C,2024-05-30,1000000.00,4.80755,97.672027
08:03:13,912810UB2,TSRYS5810883,D,S,C,2024-05-30,1000000.00,4.807546,97.672075
08:03:13,912810UB2,TSRYS5810883,D,S,A,2024-05-30,1000000.00,4.805071,97.703125
08:03:13,912810UB2,TSRYS5810883,D,S,C,2024-05-30,1000000.00,4.807546,97.672075
08:03:13,912810UB2,TSRYS5810883,D,S,D,2024-05-30,50000.00,4.801959,97.7421875
08:03:13,912810UB2,TSRYS5810883,D,S,D,2024-05-30,1000000.00,4.806317,97.6875
08:03:14,912810UB2,TSRYS5810883,D,S,D,2024-05-30,1000000.00,4.806317,97.6875
08:03:14,912810UB2,TSRYS5810883,D,B,C,2024-05-30,1000000.00,4.806332,97.6873
08:03:14,912810UB2,TSRYS5810883,D,B,C,2024-05-30,1000000.00,4.806317,97.6875
08:03:14,912810UB2,TSRYS5810883,D,S,D,2024-05-30,1000000.00,4.806317,97.6875
08:03:14,912810UB2,TSRYS5810883,D,B,C,2024-05-30,1000000.00,4.806317,97.6875
08:03:14,912810UB2,TSRYS5810883,D,S,D,2024-05-30,1000000.00,4.806317,97.6875
08:03:14,912810UB2,TSRYS5810883,D,B,C,2024-05-30,1000000.00,4.810054,97.640625
08:03:14,912810UB2,TSRYS5810883,D,S,C,2024-05-30,1000000.00,4.810054,97.640625
08:03:15,912810UB2,TSRYS5810883,D,S,C,2024-05-30,1000000.00,4.808808,97.65625
08:03:16,912810UB2,TSRYS5810883,D,B,C,2024-05-30,1000000.00,4.805071,97.703125
08:03:16,912810UB2,TSRYS5810883,D,S,D,2024-05-30,1000000.00,4.805061,97.703255
08:03:16,912810UB2,TSRYS5810883,D,S,D,2024-05-30,500000.00,4.801026,97.75390625
08:03:17,912810UB2,TSRYS5810883,D,S,C,2024-05-30,1000000.00,4.803814,97.7189
08:03:17,912810UB2,TSRYS5810883,D,S,C,2024-05-30,1000000.00,4.803814,97.7189
08:03:17,912810UB2,TSRYS5810883,D,S,C,2024-05-30,1000000.00,4.803814,97.7189
08:03:17,912810UB2,TSRYS5810883,D,B,C,2024-05-30,1000000.00,4.80384,97.718575
08:03:17,912810UB2,TSRYS5810883,D,S,C,2024-05-30,1000000.00,4.803814,97.7189
08:03:17,912810UB2,TSRYS5810883,D,B,C,2024-05-30,1000000.00,4.803842,97.71855
08:03:17,912810UB2,TSRYS5810883,D,S,C,2024-05-30,1000000.00,4.803814,97.7189
08:03:17,912810UB2,TSRYS5810883,D,S,C,2024-05-30,1000000.00,4.803814,97.7189
08:03:17,912810UB2,TSRYS5810883,D,S,C,2024-05-30,1000000.00,4.803814,97.7189
08:03:17,912810UB2,TSRYS5810883,D,B,C,2024-05-30,1000000.00,4.80384,97.718575
08:03:17,912810UB2,TSRYS5810883,D,B,C,2024-05-30,1000000.00,4.803842,97.71855
08:03:17,912810UB2,TSRYS5810883,D,B,C,2024-05-30,1000000.00,4.803842,97.71855
08:03:17,912810UB2,TSRYS5810883,D,B,C,2024-05-30,1000000.00,4.80384,97.718575
08:03:17,912810UB2,TSRYS5810883,D,S,C,2024-05-30,1000000.00,4.801337,97.75
08:03:18,912810UB2,TSRYS5810883,D,B,C,2024-05-30,1000000.00,4.801351,97.749825
08:03:18,912810UB2,TSRYS5810883,D,S,C,2024-05-30,1000000.00,4.801337,97.75
08:03:18,912810UB2,TSRYS5810883,D,B,C,2024-05-30,1000000.00,4.800109,97.765425
08:03:18,912810UB2,TSRYS5810883,D,S,C,2024-05-30,1000000.00,4.800077,97.765825
08:03:18,912810UB2,TSRYS5810883,D,B,C,2024-05-30,1000000.00,4.801351,97.749825
08:03:18,912810UB2,TSRYS5810883,D,S,C,2024-05-30,1000000.00,4.800093,97.765625
08:03:18,912810UB2,TSRYS5810883,D,S,D,2024-05-30,1000000.00,4.806472,97.685546875
08:03:18,912810UB2,TSRYS5810883,D,S,C,2024-05-30,1000000.00,4.802566,97.734575
08:03:19,912810UB2,TSRYS5810883,D,B,C,2024-05-30,1000000.00,4.802582,97.734375
08:03:19,912810UB2,TSRYS5810883,D,S,D,2024-05-30,1000000.00,4.802582,97.734375
08:03:20,912810UB2,TSRYS5810883,D,S,D,2024-05-30,1000000.00,4.80476,97.70703125
08:03:20,912810UB2,TSRYS5810883,D,S,C,2024-05-30,1000000.00,4.802582,97.734375
08:03:20,912810UB2,TSRYS5810883,D,B,C,2024-05-30,1000000.00,4.802596,97.7342
08:03:20,912810UB2,TSRYS5810883,D,B,C,2024-05-30,3000000.00,4.80476,97.70703125
08:03:20,912810UB2,TSRYS5810883,D,S,D,2024-05-30,3000000.00,4.80476,97.70703125
08:03:21,912810UB2,TSRYS5810883,D,S,D,2024-05-30,1000000.00,4.806939,97.6796875
08:03:23,912810UB2,TSRYS5810883,D,B,C,2024-05-30,1000000.00,4.806317,97.6875
08:03:23,912810UB2,TSRYS5810883,D,S,D,2024-05-30,1000000.00,4.806317,97.6875
08:03:25,912810UB2,TSRYS5810883,D,S,D,2024-05-30,1000000.00,4.801337,97.75
08:03:25,912810UB2,TSRYS5810883,D,S,C,2024-05-30,1000000.00,4.801337,97.75
08:03:25,912810UB2,TSRYS5810883,D,S,C,2024-05-30,1000000.00,4.801337,97.75
08:03:25,912810UB2,TSRYS5810883,D,B,C,2024-05-30,1000000.00,4.801337,97.75
08:03:25,912810UB2,TSRYS5810883,D,S,C,2024-05-30,1000000.00,4.800093,97.765625
08:03:25,912810UB2,TSRYS5810883,D,S,C,2024-05-30,1000000.00,4.800093,97.765625
08:03:26,912810UB2,TSRYS5810883,D,B,C,2024-05-30,1000000.00,4.798861,97.781098
08:03:26,912810UB2,TSRYS5810883,D,S,C,2024-05-30,1000000.00,4.798833,97.78145
08:03:26,912810UB2,TSRYS5810883,D,S,C,2024-05-30,1000000.00,4.798833,97.78145
08:03:26,912810UB2,TSRYS5810883,D,B,C,2024-05-30,1000000.00,4.797619,97.7967
08:03:26,912810UB2,TSRYS5810883,D,S,C,2024-05-30,1000000.00,4.797606,97.796875
08:03:28,912810UB2,TSRYS5810883,D,S,D,2024-05-30,1000000.00,4.796362,97.8125
08:03:28,912810UB2,TSRYS5810883,D,S,D,2024-05-30,1000000.00,4.796362,97.8125
08:03:28,912810UB2,TSRYS5810883,D,S,D,2024-05-30,1000000.00,4.796362,97.8125
08:03:28,912810UB2,TSRYS5810883,D,B,C,2024-05-30,2000000.00,4.796362,97.8125
08:03:28,912810UB2,TSRYS5810883,D,B,C,2024-05-30,1000000.00,4.796362,97.8125
08:03:28,912810UB2,TSRYS5810883,D,S,D,2024-05-30,2000000.00,4.796362,97.8125
08:03:28,912810UB2,TSRYS5810883,D,B,C,2024-05-30,2000000.00,4.796362,97.8125
08:03:28,912810UB2,TSRYS5810883,D,S,D,2024-05-30,2000000.00,4.796362,97.8125
08:03:28,912810UB2,TSRYS5810883,D,S,D,2024-05-30,1000000.00,4.796362,97.8125
08:03:28,912810UB2,TSRYS5810883,D,S,D,2024-05-30,1000000.00,4.796362,97.8125
08:03:28,912810UB2,TSRYS5810883,D,S,D,2024-05-30,1000000.00,4.796354,97.812602
08:03:28,912810UB2,TSRYS5810883,D,B,C,2024-05-30,1000000.00,4.796362,97.8125
08:03:28,912810UB2,TSRYS5810883,D,B,C,2024-05-30,1000000.00,4.797606,97.796875
08:03:28,912810UB2,TSRYS5810883,D,S,D,2024-05-30,1000000.00,4.797595,97.797005
08:03:28,912810UB2,TSRYS5810883,D,S,C,2024-05-30,1000000.00,4.803204,97.7265625
08:03:29,912810UB2,TSRYS5810883,D,S,D,2024-05-30,1000000.00,4.797597,97.796977
08:03:29,912810UB2,TSRYS5810883,D,S,D,2024-05-30,1000000.00,4.797597,97.796977
08:03:29,912810UB2,TSRYS5810883,D,B,C,2024-05-30,1000000.00,4.797606,97.796875
08:03:29,912810UB2,TSRYS5810883,D,S,D,2024-05-30,1000000.00,4.798839,97.78138
08:03:29,912810UB2,TSRYS5810883,D,S,C,2024-05-30,1000000.00,4.796362,97.8125
08:03:30,912810UB2,TSRYS5810883,D,B,C,2024-05-30,1000000.00,4.796376,97.812325
08:03:32,912810UB2,TSRYS5810883,D,S,D,2024-05-30,1000000.00,4.799316,97.775390625
08:03:32,912810UB2,TSRYS5810883,D,S,T,2024-05-30,1000000.00,4.803826,97.71875
08:03:32,912810UB2,TSRYS5810883,D,S,D,2024-05-30,1000000.00,4.802426,97.736328125
08:03:32,912810UB2,TSRYS5810883,D,S,D,2024-05-30,1000000.00,4.802271,97.73828125
08:03:32,912810UB2,TSRYS5810883,D,S,D,2024-05-30,1000000.00,4.802115,97.740234375
08:03:32,912810UB2,TSRYS5810883,D,S,D,2024-05-30,1000000.00,4.802115,97.740234375
08:03:32,912810UB2,TSRYS5810883,D,B,C,2024-05-30,1000000.00,4.801959,97.7421875
08:03:32,912810UB2,TSRYS5810883,D,S,D,2024-05-30,1000000.00,4.801959,97.7421875
08:03:32,912810UB2,TSRYS5810883,D,S,C,2024-05-30,1000000.00,4.803826,97.71875
08:03:32,912810UB2,TSRYS5810883,D,S,T,2024-05-30,3000000.00,4.803826,97.71875
08:03:32,912810UB2,TSRYS5810883,D,B,C,2024-05-30,1000000.00,4.802582,97.734375
08:03:32,912810UB2,TSRYS5810883,D,S,D,2024-05-30,1000000.00,4.802582,97.734375
08:03:33,912810UB2,TSRYS5810883,D,S,A,2024-05-30,1800000.00,4.823153,97.4765625
08:03:33,912810UB2,TSRYS5810883,D,B,C,2024-05-30,1000000.00,4.796376,97.812325
08:03:33,912810UB2,TSRYS5810883,D,S,D,2024-05-30,1000000.00,4.796352,97.81263
08:03:34,912810UB2,TSRYS5810883,D,S,D,2024-05-30,1000000.00,4.797595,97.797005
08:03:34,912810UB2,TSRYS5810883,D,S,D,2024-05-30,1000000.00,4.797595,97.797005
08:03:35,912810UB2,TSRYS5810883,D,S,D,2024-05-30,1000000.00,4.798839,97.78138
08:03:35,912810UB2,TSRYS5810883,D,S,D,2024-05-30,1000000.00,4.797597,97.796977
08:03:35,912810UB2,TSRYS5810883,D,S,D,2024-05-30,1000000.00,4.798839,97.78138
08:03:36,912810UB2,TSRYS5810883,D,S,C,2024-05-30,1000000.00,4.798849,97.78125
08:03:36,912810UB2,TSRYS5810883,D,S,C,2024-05-30,1000000.00,4.798849,97.78125
08:03:36,912810UB2,TSRYS5810883,D,B,C,2024-05-30,1000000.00,4.798863,97.781075
08:03:36,912810UB2,TSRYS5810883,D,B,C,2024-05-30,1000000.00,4.798863,97.781075
08:03:38,912810UB2,TSRYS5810883,D,B,C,2024-05-30,1000000.00,4.800093,97.765625
08:03:38,912810UB2,TSRYS5810883,D,S,D,2024-05-30,1000000.00,4.800083,97.765755
08:03:38,912810UB2,TSRYS5810883,D,S,D,2024-05-30,1000000.00,4.798839,97.78138
08:03:38,912810UB2,TSRYS5810883,D,S,C,2024-05-30,1000000.00,4.798849,97.78125
08:03:38,912810UB2,TSRYS5810883,D,B,C,2024-05-30,1000000.00,4.798863,97.781075
08:03:38,912810UB2,TSRYS5810883,D,B,C,2024-05-30,1000000.00,4.798863,97.781075
08:03:38,912810UB2,TSRYS5810883,D,S,C,2024-05-30,1000000.00,4.798849,97.78125
08:03:38,912810UB2,TSRYS5810883,D,S,D,2024-05-30,1000000.00,4.801327,97.75013
08:03:38,912810UB2,TSRYS5810883,D,B,C,2024-05-30,1000000.00,4.801337,97.75
08:03:38,912810UB2,TSRYS5810883,D,S,D,2024-05-30,1000000.00,4.802571,97.734505
08:03:38,912810UB2,TSRYS5810883,D,B,C,2024-05-30,1000000.00,4.802582,97.734375
08:03:42,912810UB2,TSRYS5810883,D,S,D,2024-05-30,1000000.00,4.801337,97.75
08:03:42,912810UB2,TSRYS5810883,D,S,A,2024-05-30,460000.00,4.804449,97.7109375
08:03:42,912810UB2,TSRYS5810883,D,B,A,2024-05-30,5000000.00,4.79543,97.82421875
08:03:43,912810UB2,TSRYS5810883,D,S,C,2024-05-30,1000000.00,4.800093,97.765625
08:03:43,912810UB2,TSRYS5810883,D,S,C,2024-05-30,1000000.00,4.800093,97.765625
08:03:43,912810UB2,TSRYS5810883,D,B,C,2024-05-30,1000000.00,4.800093,97.765625
08:03:43,912810UB2,TSRYS5810883,D,B,C,2024-05-30,1000000.00,4.800105,97.765473
08:03:43,912810UB2,TSRYS5810883,D,S,C,2024-05-30,1000000.00,4.798849,97.78125
08:03:43,912810UB2,TSRYS5810883,D,B,C,2024-05-30,1000000.00,4.798861,97.781098
08:03:43,912810UB2,TSRYS5810883,D,S,C,2024-05-30,1000000.00,4.798849,97.78125
08:03:43,912810UB2,TSRYS5810883,D,B,C,2024-05-30,1000000.00,4.798863,97.781075
08:03:43,912810UB2,TSRYS5810883,D,B,C,2024-05-30,1000000.00,4.798863,97.781075
08:03:43,912810UB2,TSRYS5810883,D,S,C,2024-05-30,1000000.00,4.798849,97.78125
08:03:44,912810UB2,TSRYS5810883,D,S,D,2024-05-30,1000000.00,4.798839,97.78138
08:03:44,912810UB2,TSRYS5810883,D,B,C,2024-05-30,1000000.00,4.798849,97.78125
08:03:44,912810UB2,TSRYS5810883,D,B,C,2024-05-30,1000000.00,4.798849,97.78125
08:03:44,912810UB2,TSRYS5810883,D,S,D,2024-05-30,1000000.00,4.798839,97.78138
08:03:45,912810UB2,TSRYS5810883,D,S,D,2024-05-30,1000000.00,4.797595,97.797005
08:03:45,912810UB2,TSRYS5810883,D,B,C,2024-05-30,1000000.00,4.797621,97.796675
08:03:45,912810UB2,TSRYS5810883,D,B,C,2024-05-30,1000000.00,4.796362,97.812325
08:03:45,912810UB2,TSRYS5810883,D,S,C,2024-05-30,1000000.00,4.796362,97.8125
08:03:46,912810UB2,TSRYS5810883,D,S,C,2024-05-30,1000000.00,4.798833,97.78145
08:03:47,912810UB2,TSRYS5810883,D,S,D,2024-05-30,1000000.00,4.803816,97.71888
08:03:47,912810UB2,TSRYS5810883,D,B,C,2024-05-30,1000000.00,4.803826,97.71875
08:03:48,912810UB2,TSRYS5810883,D,S,D,2024-05-30,1000000.00,4.802571,97.734505
08:03:51,912810UB2,TSRYS5810883,D,S,A,2024-05-30,102000.00,4.804818,97.7063
08:03:53,912810UB2,TSRYS5810883,D,S,D,2024-05-30,1000000.00,4.803826,97.71875
08:03:53,912810UB2,TSRYS5810883,D,S,D,2024-05-30,3000000.00,4.803816,97.71888
08:03:55,912810UB2,TSRYS5810883,D,B,C,2024-05-30,1000000.00,4.796207,97.814453125
08:03:55,912810UB2,TSRYS5810883,D,S,D,2024-05-30,1000000.00,4.796207,97.814453125
08:03:57,912810UB2,TSRYS5810883,D,S,C,2024-05-30,1000000.00,4.806317,97.6875
08:03:57,912810UB2,TSRYS5810883,D,B,C,2024-05-30,1000000.00,4.806328,97.68735
08:03:57,912810UB2,TSRYS5810883,D,B,C,2024-05-30,1000000.00,4.806328,97.68735
08:03:57,912810UB2,TSRYS5810883,D,B,C,2024-05-30,1000000.00,4.806328,97.68735
08:03:57,912810UB2,TSRYS5810883,D,B,C,2024-05-30,1000000.00,4.806328,97.68735
08:03:57,912810UB2,TSRYS5810883,D,S,C,2024-05-30,1000000.00,4.806301,97.6877
08:03:57,912810UB2,TSRYS5810883,D,S,C,2024-05-30,1000000.00,4.806301,97.6877
08:03:57,912810UB2,TSRYS5810883,D,S,C,2024-05-30,1000000.00,4.806301,97.6877
08:03:57,912810UB2,TSRYS5810883,D,S,C,2024-05-30,1000000.00,4.806317,97.6875
08:04:01,912810UB2,TSRYS5810883,D,S,C,2024-05-30,1000000.00,4.805071,97.703125
08:04:01,912810UB2,TSRYS5810883,D,B,C,2024-05-30,1000000.00,4.805085,97.70295
08:04:01,912810UB2,TSRYS5810883,D,B,C,2024-05-30,1000000.00,4.805085,97.70295
08:04:01,912810UB2,TSRYS5810883,D,S,D,2024-05-30,1000000.00,4.805071,97.703125
08:04:01,912810UB2,TSRYS5810883,D,B,C,2024-05-30,1000000.00,4.805085,97.70295
08:04:01,912810UB2,TSRYS5810883,D,S,D,2024-05-30,1000000.00,4.805071,97.703125
08:04:01,912810UB2,TSRYS5810883,D,B,C,2024-05-30,1000000.00,4.803826,97.71875
08:04:01,912810UB2,TSRYS5810883,D,S,D,2024-05-30,1000000.00,4.803826,97.71875
08:04:01,912810UB2,TSRYS5810883,D,S,D,2024-05-30,1000000.00,4.803826,97.71875
08:04:01,912810UB2,TSRYS5810883,D,B,C,2024-05-30,1000000.00,4.803842,97.71855
08:04:01,912810UB2,TSRYS5810883,D,S,C,2024-05-30,1000000.00,4.805071,97.703125
08:04:01,912810UB2,TSRYS5810883,D,B,C,2024-05-30,1000000.00,4.805071,97.703125
08:04:01,912810UB2,TSRYS5810883,D,B,C,2024-05-30,1000000.00,4.805071,97.703125
08:04:01,912810UB2,TSRYS5810883,D,S,C,2024-05-30,1000000.00,4.805071,97.703125
08:04:02,912810UB2,TSRYS5810883,D,S,C,2024-05-30,1000000.00,4.806299,97.687725
08:04:02,912810UB2,TSRYS5810883,D,B,C,2024-05-30,1000000.00,4.806317,97.6875
08:04:02,912810UB2,TSRYS5810883,D,B,C,2024-05-30,1000000.00,4.806317,97.6875
08:04:02,912810UB2,TSRYS5810883,D,S,C,2024-05-30,1000000.00,4.806304,97.687652
08:04:11,912810UB2,TSRYS5810883,D,S,D,2024-05-30,1000000.00,4.802426,97.736328125
08:04:12,912810UB2,TSRYS5810883,D,S,C,2024-05-30,1000000.00,4.806317,97.6875
08:04:14,912810UB2,TSRYS5810883,D,B,C,2024-05-30,1000000.00,4.806328,97.68735
08:04:14,912810UB2,TSRYS5810883,D,B,C,2024-05-30,1000000.00,4.806328,97.68735
08:04:14,912810UB2,TSRYS5810883,D,S,C,2024-05-30,1000000.00,4.806301,97.6877
08:04:14,912810UB2,TSRYS5810883,D,S,C,2024-05-30,1000000.00,4.806303,97.687675
08:04:14,912810UB2,TSRYS5810883,D,B,C,2024-05-30,1000000.00,4.806328,97.68735
08:04:14,912810UB2,TSRYS5810883,D,S,C,2024-05-30,1000000.00,4.806293,97.6878
08:04:14,912810UB2,TSRYS5810883,D,S,C,2024-05-30,1000000.00,4.806301,97.6877
08:04:14,912810UB2,TSRYS5810883,D,B,C,2024-05-30,1000000.00,4.806328,97.68735
08:04:17,912810UB2,TSRYS5810883,D,S,D,2024-05-30,1000000.00,4.801337,97.75
08:04:18,912810UB2,TSRYS5810883,D,S,C,2024-05-30,1000000.00,4.803826,97.71875
08:04:18,912810UB2,TSRYS5810883,D,S,D,2024-05-30,1000000.00,4.802582,97.734375
08:04:18,912810UB2,TSRYS5810883,D,B,C,2024-05-30,1000000.00,4.802606,97.734075
08:04:19,912810UB2,TSRYS5810883,D,S,D,2024-05-30,1000000.00,4.802582,97.734375
08:04:19,912810UB2,TSRYS5810883,D,B,C,2024-05-30,1000000.00,4.802596,97.7342
08:04:20,912810UB2,TSRYS5810883,D,S,D,2024-05-30,1000000.00,4.801337,97.75
08:04:20,912810UB2,TSRYS5810883,D,S,D,2024-05-30,1000000.00,4.801337,97.75
08:04:20,912810UB2,TSRYS5810883,D,B,C,2024-05-30,1000000.00,4.801361,97.7497
08:04:20,912810UB2,TSRYS5810883,D,S,D,2024-05-30,1000000.00,4.801337,97.75
08:04:20,912810UB2,TSRYS5810883,D,B,C,2024-05-30,1000000.00,4.802596,97.7342
08:04:20,912810UB2,TSRYS5810883,D,S,C,2024-05-30,1000000.00,4.802582,97.734375
08:04:21,912810UB2,TSRYS5810883,D,B,C,2024-05-30,1000000.00,4.802582,97.734375
08:04:21,912810UB2,TSRYS5810883,D,S,D,2024-05-30,1000000.00,4.802582,97.734375
08:04:22,912810UB2,TSRYS5810883,D,S,D,2024-05-30,1000000.00,4.801337,97.75
08:04:28,912810UB2,TSRYS5810883,D,S,T,2024-05-30,1000000.00,4.806005,97.69140625
08:04:30,912810UB2,TSRYS5810883,D,S,T,2024-05-30,1000000.00,4.803838,97.718598
08:04:30,912810UB2,TSRYS5810883,D,S,T,2024-05-30,1000000.00,4.806005,97.69140625
08:04:32,912810UB2,TSRYS5810883,D,S,T,2024-05-30,1000000.00,4.801959,97.7421875
08:04:33,912810UB2,TSRYS5810883,D,B,C,2024-05-30,275000.00,4.802893,97.73046875
08:04:33,912810UB2,TSRYS5810883,D,B,C,2024-05-30,1900000.00,4.797606,97.796875
08:04:34,912810UB2,TSRYS5810883,D,B,C,2024-05-30,1900000.00,4.804449,97.7109375
08:04:36,912810UB2,TSRYS5810883,D,S,D,2024-05-30,1000000.00,4.801493,97.748046875
08:04:46,912810UB2,TSRYS5810883,D,S,T,2024-05-30,1000000.00,4.798849,97.78125
08:04:50,912810UB2,TSRYS5810883,D,S,D,2024-05-30,1000000.00,4.806317,97.6875
08:05:07,912810UB2,TSRYS5810883,D,S,D,2024-05-30,1000000.00,4.803048,97.728515625
08:05:07,912810UB2,TSRYS5810883,D,S,D,2024-05-30,1000000.00,4.803048,97.728515625
08:05:07,912810UB2,TSRYS5810883,D,S,C,2024-05-30,1000000.00,4.802582,97.734375
08:05:07,912810UB2,TSRYS5810883,D,B,C,2024-05-30,1000000.00,4.802582,97.734375
08:05:07,912810UB2,TSRYS5810883,D,S,D,2024-05-30,1000000.00,4.802582,97.734375
08:05:11,912810UB2,TSRYS5810883,D,S,D,2024-05-30,1000000.00,4.801804,97.744140625
08:05:18,912810UB2,TSRYS5810883,D,S,C,2024-05-30,1000000.00,4.806317,97.6875
08:05:21,912810UB2,TSRYS5810883,D,S,D,2024-05-30,1000000.00,4.806161,97.689453125
08:05:22,912810UB2,TSRYS5810883,D,S,D,2024-05-30,1000000.00,4.806628,97.68359375
08:05:27,912810UB2,TSRYS5810883,D,S,T,2024-05-30,1000000.00,4.799471,97.7734375
08:05:27,912810UB2,TSRYS5810883,D,S,D,2024-05-30,1000000.00,4.801959,97.7421875
08:05:28,912810UB2,TSRYS5810883,D,S,D,2024-05-30,1000000.00,4.801959,97.7421875
08:05:28,912810UB2,TSRYS5810883,D,S,D,2024-05-30,1000000.00,4.801804,97.744140625
08:05:30,912810UB2,TSRYS5810883,D,B,C,2024-05-30,1000000.00,4.831136,97.376753125
08:05:30,912810UB2,TSRYS5810883,D,S,D,2024-05-30,1000000.00,4.831104,97.377153125
08:05:30,912810UB2,TSRYS5810883,D,S,D,2024-05-30,1000000.00,4.830948,97.37910625
08:05:30,912810UB2,TSRYS5810883,D,S,D,2024-05-30,1000000.00,4.830791,97.381059375
08:05:30,912810UB2,TSRYS5810883,D,S,D,2024-05-30,1000000.00,4.830791,97.381059375
08:05:30,912810UB2,TSRYS5810883,D,B,C,2024-05-30,1000000.00,4.830823,97.380659375
08:05:30,912810UB2,TSRYS5810883,D,S,D,2024-05-30,1000000.00,4.830791,97.381059375
08:05:30,912810UB2,TSRYS5810883,D,S,D,2024-05-30,1000000.00,4.830791,97.381059375
08:05:30,912810UB2,TSRYS5810883,D,B,C,2024-05-30,1000000.00,4.830823,97.380659375
08:05:30,912810UB2,TSRYS5810883,D,S,D,2024-05-30,1000000.00,4.830791,97.381059375
08:05:30,912810UB2,TSRYS5810883,D,S,D,2024-05-30,1000000.00,4.830948,97.37910625
08:05:34,912810UB2,TSRYS5810883,D,S,D,2024-05-30,1000000.00,4.833768,97.343875
08:05:34,912810UB2,TSRYS5810883,D,S,D,2024-05-30,1000000.00,4.833768,97.343875
08:05:34,912810UB2,TSRYS5810883,D,S,D,2024-05-30,1000000.00,4.834091,97.33984375
08:05:37,912810UB2,TSRYS5810883,D,B,C,2024-05-30,1000000.00,4.802737,97.732421875
08:05:37,912810UB2,TSRYS5810883,D,S,D,2024-05-30,1000000.00,4.802737,97.732421875
08:05:37,912810UB2,TSRYS5810883,D,S,T,2024-05-30,1000000.00,4.799471,97.7734375
08:05:40,912810UB2,TSRYS5810883,D,B,C,2024-05-30,1000000.00,4.802737,97.732421875
08:05:40,912810UB2,TSRYS5810883,D,S,D,2024-05-30,1000000.00,4.802737,97.732421875
08:05:40,912810UB2,TSRYS5810883,D,B,C,2024-05-30,1000000.00,4.802737,97.732421875
08:05:40,912810UB2,TSRYS5810883,D,S,D,2024-05-30,1000000.00,4.802737,97.732421875
08:05:41,912810UB2,TSRYS5810883,D,S,D,2024-05-30,1000000.00,4.798849,97.78125
08:05:41,912810UB2,TSRYS5810883,D,B,C,2024-05-30,1000000.00,4.798849,97.78125
08:05:41,912810UB2,TSRYS5810883,D,B,C,2024-05-30,1000000.00,4.798861,97.7811
08:05:41,912810UB2,TSRYS5810883,D,S,D,2024-05-30,1000000.00,4.798849,97.78125
08:05:41,912810UB2,TSRYS5810883,D,S,D,2024-05-30,1000000.00,4.798849,97.78125
08:05:41,912810UB2,TSRYS5810883,D,B,C,2024-05-30,1000000.00,4.798849,97.78125
08:05:41,912810UB2,TSRYS5810883,D,B,C,2024-05-30,1000000.00,4.798849,97.78125
08:05:41,912810UB2,TSRYS5810883,D,S,D,2024-05-30,1000000.00,4.798849,97.78125
08:05:41,912810UB2,TSRYS5810883,D,S,D,2024-05-30,1000000.00,4.798849,97.78125
08:05:43,912810UB2,TSRYS5810883,D,B,C,2024-05-30,1000000.00,4.827221,97.42568125
08:05:43,912810UB2,TSRYS5810883,D,S,D,2024-05-30,1000000.00,4.827213,97.42578125
08:05:46,912810UB2,TSRYS5810883,D,S,T,2024-05-30,1000000.00,4.799471,97.7734375
08:05:47,912810UB2,TSRYS5810883,D,B,C,2024-05-30,1000000.00,4.823317,97.474509375
08:05:47,912810UB2,TSRYS5810883,D,S,D,2024-05-30,1000000.00,4.823309,97.474609375
08:05:50,912810UB2,TSRYS5810883,D,B,C,2024-05-30,1000000.00,4.824098,97.46474375
08:05:50,912810UB2,TSRYS5810883,D,S,C,2024-05-30,1000000.00,4.824082,97.46494375
08:05:50,912810UB2,TSRYS5810883,D,S,D,2024-05-30,1000000.00,4.82409,97.46484375
08:05:50,912810UB2,TSRYS5810883,D,B,C,2024-05-30,1000000.00,4.824098,97.46474375
08:05:50,912810UB2,TSRYS5810883,D,B,C,2024-05-30,1000000.00,4.824098,97.46474375
08:05:50,912810UB2,TSRYS5810883,D,S,D,2024-05-30,1000000.00,4.82409,97.46484375
08:05:50,912810UB2,TSRYS5810883,D,B,C,2024-05-30,1000000.00,4.824098,97.46474375
08:05:50,912810UB2,TSRYS5810883,D,S,D,2024-05-30,1000000.00,4.82409,97.46484375
08:05:50,912810UB2,TSRYS5810883,D,B,C,2024-05-30,1000000.00,4.824098,97.46474375
08:05:50,912810UB2,TSRYS5810883,D,S,C,2024-05-30,1000000.00,4.82409,97.46484375
08:05:50,912810UB2,TSRYS5810883,D,S,D,2024-05-30,1000000.00,4.823605,97.470903125
08:05:50,912810UB2,TSRYS5810883,D,B,C,2024-05-30,1000000.00,4.823317,97.474509375
08:05:50,912810UB2,TSRYS5810883,D,S,C,2024-05-30,1000000.00,4.823309,97.474609375
08:05:50,912810UB2,TSRYS5810883,D,B,C,2024-05-30,1000000.00,4.82238,97.486228125
08:05:50,912810UB2,TSRYS5810883,D,S,D,2024-05-30,1000000.00,4.822372,97.486328125
08:05:51,912810UB2,TSRYS5810883,D,B,C,2024-05-30,1000000.00,4.798383,97.787109375
08:05:51,912810UB2,TSRYS5810883,D,S,D,2024-05-30,1000000.00,4.798383,97.787109375
08:05:51,912810UB2,TSRYS5810883,D,S,D,2024-05-30,1000000.00,4.825027,97.453125
08:05:52,912810UB2,TSRYS5810883,D,S,D,2024-05-30,1000000.00,4.823933,97.466796875
08:05:52,912810UB2,TSRYS5810883,D,S,D,2024-05-30,1000000.00,4.823777,97.46875
08:05:52,912810UB2,TSRYS5810883,D,B,C,2024-05-30,1000000.00,4.822224,97.48818125
08:05:52,912810UB2,TSRYS5810883,D,S,C,2024-05-30,1000000.00,4.822208,97.48838125
08:05:56,912810UB2,TSRYS5810883,D,S,T,2024-05-30,1000000.00,4.799471,97.7734375
08:05:57,912810UB2,TSRYS5810883,D,B,C,2024-05-30,1000000.00,4.798072,97.791015625
08:05:57,912810UB2,TSRYS5810883,D,S,D,2024-05-30,1000000.00,4.798072,97.791015625
08:05:58,912810UB2,TSRYS5810883,D,B,C,2024-05-30,1000000.00,4.815048,97.578025
08:05:58,912810UB2,TSRYS5810883,D,S,D,2024-05-30,1000000.00,4.81504,97.578125
08:05:58,912810UB2,TSRYS5810883,D,B,C,2024-05-30,1000000.00,4.798861,97.7811
08:05:58,912810UB2,TSRYS5810883,D,S,D,2024-05-30,1000000.00,4.798849,97.78125
08:06:00,912810UB2,TSRYS5810883,D,S,C,2024-05-30,1000000.00,4.81504,97.578125
08:06:00,912810UB2,TSRYS5810883,D,S,C,2024-05-30,1000000.00,4.81363,97.595803125
08:06:02,912810UB2,TSRYS5810883,D,B,A,2024-05-30,24300000.00,4.781462,98.0
08:06:10,912810UB2,TSRYS5810883,D,S,D,2024-05-30,1000000.00,4.804138,97.71484375
08:06:10,912810UB2,TSRYS5810883,D,S,D,2024-05-30,1000000.00,4.804138,97.71484375
08:06:11,912810UB2,TSRYS5810883,D,S,D,2024-05-30,1000000.00,4.807095,97.677734375
08:06:11,912810UB2,TSRYS5810883,D,S,D,2024-05-30,1000000.00,4.806939,97.6796875
08:06:11,912810UB2,TSRYS5810883,D,S,D,2024-05-30,1000000.00,4.806939,97.6796875
08:06:11,912810UB2,TSRYS5810883,D,B,C,2024-05-30,1000000.00,4.806947,97.6795875
08:06:14,912810UB2,TSRYS5810883,D,B,C,2024-05-30,1000000.00,4.809283,97.650290625
08:06:14,912810UB2,TSRYS5810883,D,S,D,2024-05-30,1000000.00,4.809275,97.650390625
08:06:18,912810UB2,TSRYS5810883,D,B,C,2024-05-30,1000000.00,4.80462,97.708784375
08:06:18,912810UB2,TSRYS5810883,D,S,D,2024-05-30,1000000.00,4.804588,97.709184375
08:06:19,912810UB2,TSRYS5810883,D,S,C,2024-05-30,1000000.00,4.806612,97.68379375
08:06:22,912810UB2,TSRYS5810883,D,B,C,2024-05-30,1000000.00,4.804612,97.708884375
08:06:22,912810UB2,TSRYS5810883,D,S,C,2024-05-30,1000000.00,4.804596,97.709084375
08:06:23,912810UB2,TSRYS5810883,D,S,D,2024-05-30,1000000.00,4.802115,97.740234375
08:06:23,912810UB2,TSRYS5810883,D,B,C,2024-05-30,1000000.00,4.802131,97.740034375
08:06:23,912810UB2,TSRYS5810883,D,S,D,2024-05-30,1000000.00,4.802115,97.740234375
08:06:23,912810UB2,TSRYS5810883,D,S,D,2024-05-30,1000000.00,4.801959,97.7421875
08:06:23,912810UB2,TSRYS5810883,D,B,C,2024-05-30,1000000.00,4.801812,97.744040625
08:06:23,912810UB2,TSRYS5810883,D,S,D,2024-05-30,1000000.00,4.801804,97.744140625
08:06:24,912810UB2,TSRYS5810883,D,S,C,2024-05-30,1000000.00,4.802426,97.736328125
08:06:25,912810UB2,TSRYS5810883,D,S,D,2024-05-30,1000000.00,4.801337,97.75
08:06:27,912810UB2,TSRYS5810883,D,S,D,2024-05-30,1000000.00,4.801337,97.75
08:06:27,912810UB2,TSRYS5810883,D,S,C,2024-05-30,1000000.00,4.800093,97.765625
08:06:27,912810UB2,TSRYS5810883,D,B,C,2024-05-30,1000000.00,4.798863,97.781075
08:06:27,912810UB2,TSRYS5810883,D,S,C,2024-05-30,1000000.00,4.798849,97.78125
08:06:30,912810UB2,TSRYS5810883,D,S,D,2024-05-30,1000000.00,4.796362,97.8125
08:06:32,912810UB2,TSRYS5810883,D,B,C,2024-05-30,1000000.00,4.796059,97.81630625
08:06:32,912810UB2,TSRYS5810883,D,S,D,2024-05-30,1000000.00,4.796051,97.81640625
08:06:37,912810UB2,TSRYS5810883,D,S,T,2024-05-30,1000000.00,4.799471,97.7734375
08:06:46,912810UB2,TSRYS5810883,D,B,C,2024-05-30,2000000.00,4.801959,97.7421875
08:06:46,912810UB2,TSRYS5810883,D,S,D,2024-05-30,2000000.00,4.801959,97.7421875
08:06:57,912810UB2,TSRYS5810883,D,S,C,2024-05-30,1000000.00,4.806768,97.681840625
08:06:57,912810UB2,TSRYS5810883,D,B,C,2024-05-30,1000000.00,4.806784,97.681640625
08:06:58,912810UB2,TSRYS5810883,D,S,T,2024-05-30,1000000.00,4.800093,97.765625
08:06:59,912810UB2,TSRYS5810883,D,B,C,2024-05-30,1000000.00,4.80399,97.716696875
08:06:59,912810UB2,TSRYS5810883,D,S,D,2024-05-30,1000000.00,4.803982,97.716796875
08:06:59,912810UB2,TSRYS5810883,D,B,C,2024-05-30,1000000.00,4.803826,97.71875
08:06:59,912810UB2,TSRYS5810883,D,S,D,2024-05-30,1000000.00,4.803826,97.71875
08:07:00,912810UB2,TSRYS5810883,D,S,D,2024-05-30,1000000.00,4.806307,97.687625
08:07:00,912810UB2,TSRYS5810883,D,B,C,2024-05-30,1000000.00,4.806317,97.6875
08:07:00,912810UB2,TSRYS5810883,D,B,C,2024-05-30,1000000.00,4.805227,97.701171875
08:07:00,912810UB2,TSRYS5810883,D,S,D,2024-05-30,1000000.00,4.805227,97.701171875
08:07:00,912810UB2,TSRYS5810883,D,B,C,2024-05-30,1000000.00,4.805087,97.702925
08:07:00,912810UB2,TSRYS5810883,D,S,D,2024-05-30,1000000.00,4.805071,97.703125
08:07:05,912810UB2,TSRYS5810883,D,S,D,2024-05-30,1000000.00,4.803204,97.7265625
08:07:05,912810UB2,TSRYS5810883,D,S,D,2024-05-30,1000000.00,4.803204,97.7265625
08:07:07,912810UB2,TSRYS5810883,D,S,T,2024-05-30,2000000.00,4.800093,97.765625
08:07:07,912810UB2,TSRYS5810883,D,S,C,2024-05-30,1000000.00,4.804441,97.7110375
08:07:08,912810UB2,TSRYS5810883,D,S,C,2024-05-30,1000000.00,4.801337,97.75
08:07:08,912810UB2,TSRYS5810883,D,S,C,2024-05-30,1000000.00,4.801337,97.75
08:07:10,912810UB2,TSRYS5810883,D,S,C,2024-05-30,1000000.00,4.801337,97.75
08:07:10,912810UB2,TSRYS5810883,D,S,C,2024-05-30,1000000.00,4.801337,97.75
08:07:14,912810UB2,TSRYS5810883,D,S,D,2024-05-30,1000000.00,4.806005,97.69140625
08:07:14,912810UB2,TSRYS5810883,D,S,D,2024-05-30,1000000.00,4.806005,97.69140625
08:07:17,912810UB2,TSRYS5810883,D,S,C,2024-05-30,1000000.00,4.805538,97.697265625
08:07:19,912810UB2,TSRYS5810883,D,S,D,2024-05-30,1000000.00,4.803204,97.7265625
08:07:20,912810UB2,TSRYS5810883,D,S,D,2024-05-30,1000000.00,4.801951,97.7422875
08:07:21,912810UB2,TSRYS5810883,D,S,C,2024-05-30,1000000.00,4.803204,97.7265625
08:07:22,912810UB2,TSRYS5810883,D,S,D,2024-05-30,1000000.00,4.803204,97.7265625
08:07:22,912810UB2,TSRYS5810883,D,S,D,2024-05-30,1000000.00,4.803204,97.7265625
08:07:22,912810UB2,TSRYS5810883,D,S,D,2024-05-30,1000000.00,4.803204,97.7265625
08:07:22,912810UB2,TSRYS5810883,D,S,D,2024-05-30,1000000.00,4.803204,97.7265625
08:07:22,912810UB2,TSRYS5810883,D,S,D,2024-05-30,1000000.00,4.803204,97.7265625
08:07:22,912810UB2,TSRYS5810883,D,S,D,2024-05-30,1000000.00,4.801337,97.75
08:07:22,912810UB2,TSRYS5810883,D,S,D,2024-05-30,1000000.00,4.801337,97.75
08:07:23,912810UB2,TSRYS5810883,D,S,D,2024-05-30,1000000.00,4.801337,97.75
08:07:23,912810UB2,TSRYS5810883,D,S,C,2024-05-30,1000000.00,4.802099,97.740434375
08:07:23,912810UB2,TSRYS5810883,D,S,D,2024-05-30,1000000.00,4.803826,97.71875
08:07:23,912810UB2,TSRYS5810883,D,B,C,2024-05-30,1000000.00,4.803826,97.71875
08:07:23,912810UB2,TSRYS5810883,D,S,C,2024-05-30,1000000.00,4.803826,97.71875
08:07:23,912810UB2,TSRYS5810883,D,B,C,2024-05-30,1000000.00,4.803826,97.71875
08:07:23,912810UB2,TSRYS5810883,D,S,D,2024-05-30,1000000.00,4.802582,97.734375
08:07:24,912810UB2,TSRYS5810883,D,S,D,2024-05-30,1000000.00,4.802582,97.734375
08:07:24,912810UB2,TSRYS5810883,D,S,C,2024-05-30,1000000.00,4.801788,97.744340625
08:07:24,912810UB2,TSRYS5810883,D,B,C,2024-05-30,1000000.00,4.801804,97.744140625
08:07:24,912810UB2,TSRYS5810883,D,S,D,2024-05-30,1000000.00,4.801493,97.748046875
08:07:24,912810UB2,TSRYS5810883,D,B,C,2024-05-30,1000000.00,4.801493,97.748046875
08:07:25,912810UB2,TSRYS5810883,D,S,C,2024-05-30,1000000.00,4.801788,97.744340625
08:07:25,912810UB2,TSRYS5810883,D,B,C,2024-05-30,1000000.00,4.801804,97.744140625
08:07:25,912810UB2,TSRYS5810883,D,S,C,2024-05-30,1000000.00,4.803826,97.71875
08:07:25,912810UB2,TSRYS5810883,D,S,D,2024-05-30,1000000.00,4.802582,97.734375
08:07:25,912810UB2,TSRYS5810883,D,S,D,2024-05-30,1000000.00,4.802582,97.734375
08:07:26,912810UB2,TSRYS5810883,D,S,D,2024-05-30,1000000.00,4.802582,97.734375
08:07:26,912810UB2,TSRYS5810883,D,S,C,2024-05-30,1000000.00,4.802737,97.732421875
08:07:26,912810UB2,TSRYS5810883,D,B,C,2024-05-30,1000000.00,4.802737,97.732421875
08:07:26,912810UB2,TSRYS5810883,D,S,C,2024-05-30,1000000.00,4.803048,97.728515625
08:07:27,912810UB2,TSRYS5810883,D,B,C,2024-05-30,1000000.00,4.803048,97.728515625
08:07:27,912810UB2,TSRYS5810883,D,S,D,2024-05-30,1000000.00,4.802582,97.734375
08:07:27,912810UB2,TSRYS5810883,D,S,D,2024-05-30,1000000.00,4.801648,97.74609375
08:07:27,912810UB2,TSRYS5810883,D,B,C,2024-05-30,1000000.00,4.801648,97.74609375
08:07:28,912810UB2,TSRYS5810883,D,S,D,2024-05-30,1000000.00,4.801959,97.7421875
08:07:28,912810UB2,TSRYS5810883,D,B,C,2024-05-30,1000000.00,4.801959,97.7421875
08:07:28,912810UB2,TSRYS5810883,D,B,C,2024-05-30,1000000.00,4.801804,97.744140625
08:07:28,912810UB2,TSRYS5810883,D,S,D,2024-05-30,1000000.00,4.801804,97.744140625
08:07:28,912810UB2,TSRYS5810883,D,S,C,2024-05-30,1000000.00,4.801648,97.74609375
08:07:28,912810UB2,TSRYS5810883,D,B,C,2024-05-30,1000000.00,4.801648,97.74609375
08:07:30,912810UB2,TSRYS5810883,D,S,D,2024-05-30,1000000.00,4.799471,97.7734375
08:07:30,912810UB2,TSRYS5810883,D,S,D,2024-05-30,1000000.00,4.799471,97.7734375
08:07:30,912810UB2,TSRYS5810883,D,S,D,2024-05-30,1000000.00,4.799471,97.7734375
08:07:31,912810UB2,TSRYS5810883,D,S,D,2024-05-30,1000000.00,4.799471,97.7734375
08:07:31,912810UB2,TSRYS5810883,D,S,D,2024-05-30,1000000.00,4.799471,97.7734375
08:07:31,912810UB2,TSRYS5810883,D,S,C,2024-05-30,2000000.00,4.800093,97.765625
08:07:31,912810UB2,TSRYS5810883,D,S,C,2024-05-30,1000000.00,4.800093,97.765625
08:08:05,912810UB2,TSRYS5810883,D,S,T,2024-05-30,1000000.00,4.799005,97.779296875
08:08:07,912810UB2,TSRYS5810883,D,S,C,2024-05-30,1000000.00,4.798997,97.779396875
08:08:18,912810UB2,TSRYS5810883,D,S,T,2024-05-30,1000000.00,4.798849,97.78125
08:08:27,912810UB2,TSRYS5810883,D,S,C,2024-05-30,1000000.00,4.798849,97.78125
08:08:31,912810UB2,TSRYS5810883,D,S,D,2024-05-30,2100000.00,4.798849,97.78125
08:09:15,912810UB2,TSRYS5810883,D,S,D,2024-05-30,500000.00,4.799471,97.7734375
08:09:41,912810UB2,TSRYS5810883,D,B,C,2024-05-30,85000.00,4.799471,97.7734375
08:09:41,912810UB2,TSRYS5810883,D,S,C,2024-05-30,85000.00,4.799096,97.778143382
08:12:53,912810UB2,TSRYS5810883,D,S,C,2024-05-30,1000000.00,4.800715,97.7578125
08:12:54,912810UB2,TSRYS5810883,D,S,T,2024-05-30,1000000.00,4.800715,97.7578125
08:13:02,912810UB2,TSRYS5810883,D,S,T,2024-05-30,1000000.00,4.801337,97.75
08:13:21,912810UB2,TSRYS5810883,D,B,C,2024-05-30,2000000.00,4.801345,97.7499
08:13:22,912810UB2,TSRYS5810883,D,S,D,2024-05-30,2000000.00,4.801321,97.7502
08:13:45,912810UB2,TSRYS5810883,D,S,D,2024-05-30,1000000.00,4.801337,97.75
08:13:50,912810UB2,TSRYS5810883,D,S,T,2024-05-30,1000000.00,4.801348,97.74987
08:14:29,912810UB2,TSRYS5810883,D,S,D,2024-05-30,1000000.00,4.801321,97.7502
08:15:04,912810UB2,TSRYS5810883,D,S,C,2024-05-30,1000000.00,4.802115,97.740234375
08:15:04,912810UB2,TSRYS5810883,D,B,C,2024-05-30,1000000.00,4.802115,97.740234375
08:15:05,912810UB2,TSRYS5810883,D,S,T,2024-05-30,1000000.00,4.802737,97.732421875
08:15:10,912810UB2,TSRYS5810883,D,S,C,2024-05-30,1000000.00,4.802582,97.734375
08:15:10,912810UB2,TSRYS5810883,D,B,C,2024-05-30,1000000.00,4.802582,97.734375
08:15:10,912810UB2,TSRYS5810883,D,S,D,2024-05-30,1000000.00,4.802737,97.732421875
08:15:13,912810UB2,TSRYS5810883,D,B,C,2024-05-30,1000000.00,4.803204,97.7265625
08:15:13,912810UB2,TSRYS5810883,D,S,D,2024-05-30,1000000.00,4.803204,97.7265625
08:15:46,912810UB2,TSRYS5810883,D,S,C,2024-05-30,1000000.00,4.802566,97.734575
08:15:46,912810UB2,TSRYS5810883,D,B,C,2024-05-30,1000000.00,4.802582,97.734375
08:16:50,912810UB2,TSRYS5810883,D,S,T,2024-05-30,1000000.00,4.803826,97.71875
08:16:51,912810UB2,TSRYS5810883,D,S,T,2024-05-30,1000000.00,4.803826,97.71875
08:17:29,912810UB2,TSRYS5810883,D,S,D,2024-05-30,1000000.00,4.80381,97.71895
08:17:29,912810UB2,TSRYS5810883,D,S,D,2024-05-30,1000000.00,4.80381,97.71895
08:18:47,912810UB2,TSRYS5810883,D,S,D,2024-05-30,10000.00,4.805039,97.703525
08:18:48,912810UB2,TSRYS5810883,D,S,C,2024-05-30,10000.00,4.805039,97.753525
08:18:51,912810UB2,TSRYS5810883,D,S,D,2024-05-30,46000000.00,4.803142,97.72734
08:19:07,912810UB2,TSRYS5810883,D,S,D,2024-05-30,200000.00,4.803826,97.71875
08:19:40,912810UB2,TSRYS5810883,D,S,D,2024-05-30,150000.00,4.803858,97.71835
08:19:50,912810UB2,TSRYS5810883,D,S,C,2024-05-30,1000000.00,4.804449,97.7109375
08:19:50,912810UB2,TSRYS5810883,D,B,C,2024-05-30,1000000.00,4.804449,97.7109375
08:20:00,912810UB2,TSRYS5810883,D,S,D,2024-05-30,1000000.00,4.804916,97.705078125
08:20:00,912810UB2,TSRYS5810883,D,S,D,2024-05-30,1000000.00,4.805071,97.703125
08:20:02,912810UB2,TSRYS5810883,D,S,T,2024-05-30,1000000.00,4.805071,97.703125
08:20:02,912810UB2,TSRYS5810883,D,S,T,2024-05-30,1000000.00,4.805071,97.703125
08:20:11,912810UB2,TSRYS5810883,D,S,C,2024-05-30,1000000.00,4.806161,97.689453125
08:20:11,912810UB2,TSRYS5810883,D,B,C,2024-05-30,1000000.00,4.806161,97.689453125
08:20:13,912810UB2,TSRYS5810883,D,S,C,2024-05-30,575000.00,4.805383,97.69921875
08:20:13,912810UB2,TSRYS5810883,D,S,D,2024-05-30,575000.00,4.805383,97.69921875
08:20:16,912810UB2,TSRYS5810883,D,S,T,2024-05-30,1000000.00,4.807562,97.671875
08:20:16,912810UB2,TSRYS5810883,D,S,T,2024-05-30,1000000.00,4.807562,97.671875
08:20:17,912810UB2,TSRYS5810883,D,B,C,2024-05-30,1000000.00,4.807873,97.66796875
08:20:17,912810UB2,TSRYS5810883,D,S,D,2024-05-30,1000000.00,4.807873,97.66796875
08:20:21,912810UB2,TSRYS5810883,D,S,D,2024-05-30,1000000.00,4.806939,97.6796875
08:20:21,912810UB2,TSRYS5810883,D,B,C,2024-05-30,1000000.00,4.806939,97.6796875
08:20:21,912810UB2,TSRYS5810883,D,S,D,2024-05-30,1000000.00,4.807562,97.671875
08:20:40,912810UB2,TSRYS5810883,D,B,C,2024-05-30,1000000.00,4.804916,97.70507812
08:20:47,912810UB2,TSRYS5810883,D,S,C,2024-05-30,1000000.00,4.805055,97.703325
08:21:02,912810UB2,TSRYS5810883,D,S,D,2024-05-30,1000000.00,4.805071,97.703125
08:21:02,912810UB2,TSRYS5810883,D,B,C,2024-05-30,1000000.00,4.806317,97.6875
08:21:02,912810UB2,TSRYS5810883,D,S,D,2024-05-30,1000000.00,4.806317,97.6875
08:21:02,912810UB2,TSRYS5810883,D,S,C,2024-05-30,1000000.00,4.807546,97.672075
08:21:02,912810UB2,TSRYS5810883,D,S,C,2024-05-30,1000000.00,4.807546,97.672075
08:21:02,912810UB2,TSRYS5810883,D,B,C,2024-05-30,1000000.00,4.807574,97.671725
08:21:02,912810UB2,TSRYS5810883,D,S,C,2024-05-30,1000000.00,4.807546,97.672075
08:21:02,912810UB2,TSRYS5810883,D,B,C,2024-05-30,1000000.00,4.807562,97.671875
08:21:02,912810UB2,TSRYS5810883,D,B,C,2024-05-30,1000000.00,4.807574,97.671725
08:21:02,912810UB2,TSRYS5810883,D,S,D,2024-05-30,1000000.00,4.807562,97.671875
08:21:26,912810UB2,TSRYS5810883,D,B,C,2024-05-30,220000.00,4.807562,97.671875
08:21:36,912810UB2,TSRYS5810883,D,S,T,2024-05-30,1000000.00,4.808808,97.65625
08:21:36,912810UB2,TSRYS5810883,D,S,T,2024-05-30,1000000.00,4.808808,97.65625
08:21:40,912810UB2,TSRYS5810883,D,S,D,2024-05-30,3000000.00,4.809119,97.65234375
08:21:42,912810UB2,TSRYS5810883,D,S,D,2024-05-30,3000000.00,4.809119,97.652343
08:21:43,912810UB2,TSRYS5810883,D,B,C,2024-05-30,1500000.00,4.808496,97.66015625
08:21:44,912810UB2,TSRYS5810883,D,S,D,2024-05-30,1500000.00,4.808472,97.66045625
08:21:51,912810UB2,TSRYS5810883,D,B,C,2024-05-30,1000000.00,4.807422,97.673628125
08:21:51,912810UB2,TSRYS5810883,D,S,D,2024-05-30,1000000.00,4.807406,97.673828125
08:21:57,912810UB2,TSRYS5810883,D,S,D,2024-05-30,2000000.00,4.806939,97.6796875
08:22:02,912810UB2,TSRYS5810883,D,S,T,2024-05-30,1000000.00,4.807562,97.671875
08:22:02,912810UB2,TSRYS5810883,D,S,T,2024-05-30,2000000.00,4.806939,97.6796875
08:22:33,912810UB2,TSRYS5810883,D,S,C,2024-05-30,1000000.00,4.807562,97.671875
08:22:33,912810UB2,TSRYS5810883,D,S,C,2024-05-30,1000000.00,4.807562,97.671875
08:22:33,912810UB2,TSRYS5810883,D,B,C,2024-05-30,1000000.00,4.807578,97.671675
08:22:48,912810UB2,TSRYS5810883,D,S,D,2024-05-30,1000000.00,4.808808,97.65625
08:22:48,912810UB2,TSRYS5810883,D,S,C,2024-05-30,1000000.00,4.808808,97.65625
08:23:02,912810UB2,TSRYS5810883,D,S,T,2024-05-30,1000000.00,4.807562,97.671875
08:23:35,912810UB2,TSRYS5810883,D,S,D,2024-05-30,1000000.00,4.807562,97.671875
08:23:35,912810UB2,TSRYS5810883,D,B,C,2024-05-30,1000000.00,4.807576,97.6717
08:23:35,912810UB2,TSRYS5810883,D,S,D,2024-05-30,1000000.00,4.807562,97.671875
08:23:36,912810UB2,TSRYS5810883,D,S,C,2024-05-30,1000000.00,4.808185,97.6640625
08:23:39,912810UB2,TSRYS5810883,D,S,C,2024-05-30,180000.00,4.807251,97.67578125
08:23:51,912810UB2,TSRYS5810883,D,S,D,2024-05-30,1000000.00,4.808808,97.65625
08:23:51,912810UB2,TSRYS5810883,D,S,D,2024-05-30,1000000.00,4.809119,97.65234375
08:23:51,912810UB2,TSRYS5810883,D,S,C,2024-05-30,1695000.00,4.809119,97.65234375
08:23:51,912810UB2,TSRYS5810883,D,S,D,2024-05-30,1000000.00,4.808808,97.65625
08:23:53,912810UB2,TSRYS5810883,D,B,C,2024-05-30,2000000.00,4.809119,97.65234375
08:23:53,912810UB2,TSRYS5810883,D,S,D,2024-05-30,2000000.00,4.809119,97.65234375
08:24:00,912810UB2,TSRYS5810883,D,S,C,2024-05-30,3580000.00,4.808513,97.66015625
08:24:03,912810UB2,TSRYS5810883,D,S,D,2024-05-30,1000000.00,4.808029,97.66601562
08:24:10,912810UB2,TSRYS5810883,D,S,D,2024-05-30,1380000.00,4.810988,97.62890625
08:24:15,912810UB2,TSRYS5810883,D,B,C,2024-05-30,1380000.00,4.810677,97.6328125
08:24:22,912810UB2,TSRYS5810883,D,S,D,2024-05-30,3875000.00,4.809018,97.653607754
08:24:32,912810UB2,TSRYS5810883,D,S,D,2024-05-30,820000.00,4.809025,97.653519949
08:24:41,912810UB2,TSRYS5810883,D,S,D,2024-05-30,1000000.00,4.810054,97.640625
08:24:41,912810UB2,TSRYS5810883,D,B,C,2024-05-30,1000000.00,4.810054,97.640625
08:24:49,912810UB2,TSRYS5810883,D,S,T,2024-05-30,1000000.00,4.8113,97.625
08:24:49,912810UB2,TSRYS5810883,D,S,T,2024-05-30,1000000.00,4.8113,97.625
08:25:12,912810UB2,TSRYS5810883,D,S,T,2024-05-30,1000000.00,4.808808,97.65625
08:25:18,912810UB2,TSRYS5810883,D,S,D,2024-05-30,431000.00,4.808808,97.65625
08:25:19,912810UB2,TSRYS5810883,D,S,D,2024-05-30,1000000.00,4.806317,97.6875
08:25:20,912810UB2,TSRYS5810883,D,B,C,2024-05-30,2000000.00,4.810054,97.640625
08:25:20,912810UB2,TSRYS5810883,D,S,D,2024-05-30,2000000.00,4.810054,97.640625
08:25:20,912810UB2,TSRYS5810883,D,B,C,2024-05-30,2000000.00,4.810054,97.640625
08:25:20,912810UB2,TSRYS5810883,D,S,D,2024-05-30,1000000.00,4.810054,97.640625
08:25:20,912810UB2,TSRYS5810883,D,B,C,2024-05-30,1000000.00,4.810054,97.640625
08:25:20,912810UB2,TSRYS5810883,D,S,D,2024-05-30,2000000.00,4.810054,97.640625
08:25:20,912810UB2,TSRYS5810883,D,S,D,2024-05-30,1000000.00,4.810054,97.640625
08:25:20,912810UB2,TSRYS5810883,D,B,C,2024-05-30,2000000.00,4.810066,97.640475
08:25:20,912810UB2,TSRYS5810883,D,S,D,2024-05-30,1000000.00,4.810054,97.640625
08:25:20,912810UB2,TSRYS5810883,D,B,C,2024-05-30,1000000.00,4.810054,97.640625
08:25:20,912810UB2,TSRYS5810883,D,S,D,2024-05-30,2000000.00,4.810054,97.640625
08:25:20,912810UB2,TSRYS5810883,D,B,C,2024-05-30,1000000.00,4.810054,97.640625
08:25:22,912810UB2,TSRYS5810883,D,S,T,2024-05-30,1000000.00,4.806317,97.6875
08:25:23,912810UB2,TSRYS5810883,D,S,D,2024-05-30,1000000.00,4.806317,97.6875
08:25:29,912810UB2,TSRYS5810883,D,S,D,2024-05-30,1000000.00,4.808029,97.66601562
08:25:32,912810UB2,TSRYS5810883,D,S,T,2024-05-30,1000000.00,4.806317,97.6875
08:25:35,912810UB2,TSRYS5810883,D,B,C,2024-05-30,1000000.00,4.8113,97.625
08:25:35,912810UB2,TSRYS5810883,D,S,D,2024-05-30,1000000.00,4.8113,97.625
08:25:35,912810UB2,TSRYS5810883,D,S,D,2024-05-30,1000000.00,4.8113,97.625
08:25:35,912810UB2,TSRYS5810883,D,S,D,2024-05-30,1000000.00,4.8113,97.625
08:25:35,912810UB2,TSRYS5810883,D,B,C,2024-05-30,1000000.00,4.8113,97.625
08:25:35,912810UB2,TSRYS5810883,D,S,D,2024-05-30,1000000.00,4.8113,97.625
08:25:35,912810UB2,TSRYS5810883,D,S,D,2024-05-30,1000000.00,4.8113,97.625
08:25:42,912810UB2,TSRYS5810883,D,S,D,2024-05-30,870000.00,4.803826,97.71875
08:25:43,912810UB2,TSRYS5810883,D,S,D,2024-05-30,444000.00,4.806317,97.6875
08:25:52,912810UB2,TSRYS5810883,D,B,C,2024-05-30,1000000.00,4.8113,97.625
08:25:53,912810UB2,TSRYS5810883,D,S,D,2024-05-30,1000000.00,4.808808,97.65625
08:25:53,912810UB2,TSRYS5810883,D,B,C,2024-05-30,5000000.00,4.808217,97.66366
08:26:00,912810UB2,TSRYS5810883,D,S,C,2024-05-30,1000000.00,4.804441,97.7110375
08:26:05,912810UB2,TSRYS5810883,D,S,D,2024-05-30,1380000.00,4.810677,97.632812
08:26:06,912810UB2,TSRYS5810883,D,S,D,2024-05-30,780000.00,4.803826,97.71875
08:26:12,912810UB2,TSRYS5810883,D,S,T,2024-05-30,1000000.00,4.804449,97.7109375
08:26:52,912810UB2,TSRYS5810883,D,S,C,2024-05-30,1000000.00,4.805834,97.693559375
08:26:52,912810UB2,TSRYS5810883,D,S,C,2024-05-30,1000000.00,4.80585,97.693359375
08:26:53,912810UB2,TSRYS5810883,D,S,D,2024-05-30,1000000.00,4.80585,97.693359375
08:26:54,912810UB2,TSRYS5810883,D,S,T,2024-05-30,1000000.00,4.805859,97.693234375
08:26:54,912810UB2,TSRYS5810883,D,S,T,2024-05-30,1000000.00,4.805859,97.693234375
08:26:54,912810UB2,TSRYS5810883,D,S,T,2024-05-30,1000000.00,4.805859,97.693234375
08:27:07,912810UB2,TSRYS5810883,D,S,D,2024-05-30,1000000.00,4.808029,97.66601562
08:27:13,912810UB2,TSRYS5810883,D,S,D,2024-05-30,23000.00,4.804449,97.7109375
08:27:22,912810UB2,TSRYS5810883,D,S,T,2024-05-30,1000000.00,4.806317,97.6875
08:28:05,912810UB2,TSRYS5810883,D,S,D,2024-05-30,1000000.00,4.806317,97.6875
08:28:52,912810UB2,TSRYS5810883,D,S,C,2024-05-30,1000000.00,4.805071,97.703125
08:28:52,912810UB2,TSRYS5810883,D,B,C,2024-05-30,1000000.00,4.805087,97.702925
08:28:52,912810UB2,TSRYS5810883,D,S,C,2024-05-30,1000000.00,4.805071,97.703125
08:28:52,912810UB2,TSRYS5810883,D,B,C,2024-05-30,1000000.00,4.805071,97.703125
08:29:13,912810UB2,TSRYS5810883,D,S,T,2024-05-30,1000000.00,4.805071,97.703125
08:29:44,912810UB2,TSRYS5810883,D,B,A,2024-05-30,2000000.00,4.805694,97.6953125
08:30:05,912810UB2,TSRYS5810883,D,S,C,2024-05-30,1000000.00,4.805055,97.703325
08:30:06,912810UB2,TSRYS5810883,D,B,C,2024-05-30,1000000.00,4.805071,97.703125
08:30:06,912810UB2,TSRYS5810883,D,S,C,2024-05-30,1000000.00,4.805055,97.703325
08:30:18,912810UB2,TSRYS5810883,D,S,T,2024-05-30,1000000.00,4.792634,97.859375
08:30:18,912810UB2,TSRYS5810883,D,S,T,2024-05-30,1000000.00,4.792634,97.859375
08:30:24,912810UB2,TSRYS5810883,D,S,T,2024-05-30,1000000.00,4.792634,97.859375
08:30:24,912810UB2,TSRYS5810883,D,S,T,2024-05-30,1000000.00,4.791391,97.875
08:30:28,912810UB2,TSRYS5810883,D,S,T,2024-05-30,1000000.00,4.790149,97.890625
08:30:38,912810UB2,TSRYS5810883,D,S,D,2024-05-30,1000000.00,4.806317,97.6875
08:30:38,912810UB2,TSRYS5810883,D,B,C,2024-05-30,1000000.00,4.806332,97.6873
08:30:38,912810UB2,TSRYS5810883,D,B,C,2024-05-30,1000000.00,4.806332,97.6873
08:30:38,912810UB2,TSRYS5810883,D,S,D,2024-05-30,1000000.00,4.806317,97.6875
08:31:07,912810UB2,TSRYS5810883,D,B,C,2024-05-30,1000000.00,4.794032,97.841796875
08:31:07,912810UB2,TSRYS5810883,D,S,C,2024-05-30,1000000.00,4.794032,97.841796875
08:31:08,912810UB2,TSRYS5810883,D,S,D,2024-05-30,1000000.00,4.792634,97.859375
08:31:08,912810UB2,TSRYS5810883,D,B,C,2024-05-30,1000000.00,4.790163,97.89045
08:31:08,912810UB2,TSRYS5810883,D,S,D,2024-05-30,1000000.00,4.790149,97.890625
08:31:08,912810UB2,TSRYS5810883,D,S,C,2024-05-30,1000000.00,4.791391,97.875
08:31:11,912810UB2,TSRYS5810883,D,S,T,2024-05-30,1000000.00,4.795119,97.828125
08:31:11,912810UB2,TSRYS5810883,D,S,T,2024-05-30,1000000.00,4.795119,97.828125
08:31:23,912810UB2,TSRYS5810883,D,S,D,2024-05-30,1000000.00,4.795119,97.828125
08:31:23,912810UB2,TSRYS5810883,D,B,C,2024-05-30,1000000.00,4.795119,97.828125
08:31:24,912810UB2,TSRYS5810883,D,S,D,2024-05-30,1000000.00,4.792634,97.859375
08:31:24,912810UB2,TSRYS5810883,D,S,D,2024-05-30,1000000.00,4.792634,97.859375
08:31:24,912810UB2,TSRYS5810883,D,S,C,2024-05-30,1000000.00,4.791391,97.875
08:31:24,912810UB2,TSRYS5810883,D,B,C,2024-05-30,1000000.00,4.791405,97.874825
08:31:25,912810UB2,TSRYS5810883,D,B,C,2024-05-30,1000000.00,4.792646,97.859225
08:31:25,912810UB2,TSRYS5810883,D,S,C,2024-05-30,1000000.00,4.79262,97.85955
08:31:30,912810UB2,TSRYS5810883,D,B,C,2024-05-30,1000000.00,4.794032,97.841796875
08:31:30,912810UB2,TSRYS5810883,D,S,D,2024-05-30,1000000.00,4.794032,97.841796875
08:31:33,912810UB2,TSRYS5810883,D,B,C,2024-05-30,1000000.00,4.794032,97.841796875
08:31:33,912810UB2,TSRYS5810883,D,S,D,2024-05-30,1000000.00,4.794032,97.841796875
08:31:37,912810UB2,TSRYS5810883,D,S,C,2024-05-30,440000.00,4.794498,97.8359375
08:31:39,912810UB2,TSRYS5810883,D,S,D,2024-05-30,1000000.00,4.788907,97.90625
08:31:39,912810UB2,TSRYS5810883,D,B,C,2024-05-30,1000000.00,4.788921,97.906075
08:31:39,912810UB2,TSRYS5810883,D,S,C,2024-05-30,1000000.00,4.788892,97.90645
08:31:39,912810UB2,TSRYS5810883,D,B,C,2024-05-30,1000000.00,4.788931,97.90595
08:31:39,912810UB2,TSRYS5810883,D,S,D,2024-05-30,1000000.00,4.790149,97.890625
08:31:40,912810UB2,TSRYS5810883,D,S,T,2024-05-30,1000000.00,4.796362,97.8125
08:31:40,912810UB2,TSRYS5810883,D,S,D,2024-05-30,1000000.00,4.796362,97.8125
08:31:44,912810UB2,TSRYS5810883,D,S,C,2024-05-30,1000000.00,4.795422,97.82431875
08:31:46,912810UB2,TSRYS5810883,D,S,T,2024-05-30,1000000.00,4.79544,97.82409375
08:31:47,912810UB2,TSRYS5810883,D,B,C,2024-05-30,6000000.00,4.795119,97.828125
08:31:50,912810UB2,TSRYS5810883,D,S,C,2024-05-30,50MM+,4.781462,98.0
08:31:50,912810UB2,TSRYS5810883,D,S,D,2024-05-30,1000000.00,4.795119,97.828125
08:31:50,912810UB2,TSRYS5810883,D,S,D,2024-05-30,3000000.00,4.795119,97.828125
08:31:50,912810UB2,TSRYS5810883,D,S,D,2024-05-30,1000000.00,4.795119,97.828125
08:31:51,912810UB2,TSRYS5810883,D,S,D,2024-05-30,3000000.00,4.795119,97.828125
08:31:52,912810UB2,TSRYS5810883,D,S,D,2024-05-30,1000000.00,4.795119,97.828125
08:31:52,912810UB2,TSRYS5810883,D,S,D,2024-05-30,1000000.00,4.795119,97.828125
08:31:53,912810UB2,TSRYS5810883,D,S,D,2024-05-30,3000000.00,4.795119,97.828125
08:31:55,912810UB2,TSRYS5810883,D,S,D,2024-05-30,1000000.00,4.792634,97.859375
08:31:55,912810UB2,TSRYS5810883,D,B,C,2024-05-30,1000000.00,4.792646,97.859225
08:32:00,912810UB2,TSRYS5810883,D,S,T,2024-05-30,1000000.00,4.792634,97.859375
08:32:00,912810UB2,TSRYS5810883,D,B,C,2024-05-30,880000.00,4.792634,97.859375
08:32:02,912810UB2,TSRYS5810883,D,S,C,2024-05-30,1000000.00,4.791391,97.875
08:32:04,912810UB2,TSRYS5810883,D,S,T,2024-05-30,1000000.00,4.796362,97.8125
08:32:04,912810UB2,TSRYS5810883,D,S,T,2024-05-30,1000000.00,4.791391,97.875
08:32:06,912810UB2,TSRYS5810883,D,B,C,2024-05-30,1000000.00,4.789839,97.89453125
08:32:06,912810UB2,TSRYS5810883,D,S,D,2024-05-30,1000000.00,4.789839,97.89453125
08:32:07,912810UB2,TSRYS5810883,D,S,C,2024-05-30,1000000.00,4.790149,97.890625
08:32:08,912810UB2,TSRYS5810883,D,B,C,2024-05-30,1000000.00,4.793876,97.84375
08:32:08,912810UB2,TSRYS5810883,D,S,C,2024-05-30,1000000.00,4.793876,97.84375
08:32:08,912810UB2,TSRYS5810883,D,S,C,2024-05-30,1000000.00,4.792618,97.859575
08:32:09,912810UB2,TSRYS5810883,D,S,C,2024-05-30,1000000.00,4.789839,97.89453125
08:32:09,912810UB2,TSRYS5810883,D,S,C,2024-05-30,1000000.00,4.788899,97.90635
08:32:09,912810UB2,TSRYS5810883,D,S,C,2024-05-30,1000000.00,4.795105,97.8283
08:32:14,912810UB2,TSRYS5810883,D,B,C,2024-05-30,1000000.00,4.792323,97.86328125
08:32:14,912810UB2,TSRYS5810883,D,S,T,2024-05-30,1000000.00,4.790149,97.890625
08:32:14,912810UB2,TSRYS5810883,D,S,T,2024-05-30,1000000.00,4.789839,97.89453125
08:32:14,912810UB2,TSRYS5810883,D,S,T,2024-05-30,1000000.00,4.788907,97.90625
08:32:15,912810UB2,TSRYS5810883,D,S,T,2024-05-30,1000000.00,4.788907,97.90625
08:32:22,912810UB2,TSRYS5810883,D,S,D,2024-05-30,1000000.00,4.79046,97.88671875
08:32:22,912810UB2,TSRYS5810883,D,S,T,2024-05-30,1000000.00,4.790149,97.890625
08:32:24,912810UB2,TSRYS5810883,D,S,T,2024-05-30,1000000.00,4.788907,97.90625
08:32:24,912810UB2,TSRYS5810883,D,S,T,2024-05-30,1000000.00,4.788907,97.90625
08:32:24,912810UB2,TSRYS5810883,D,S,T,2024-05-30,1000000.00,4.788907,97.90625
08:32:25,912810UB2,TSRYS5810883,D,S,D,2024-05-30,1000000.00,4.789684,97.896484375
08:32:27,912810UB2,TSRYS5810883,D,B,C,2024-05-30,1000000.00,4.797606,97.796875
08:32:27,912810UB2,TSRYS5810883,D,S,C,2024-05-30,1000000.00,4.797582,97.797175
08:32:27,912810UB2,TSRYS5810883,D,S,C,2024-05-30,1000000.00,4.795103,97.828325
08:32:28,912810UB2,TSRYS5810883,D,S,C,2024-05-30,1000000.00,4.796362,97.8125
08:32:40,912810UB2,TSRYS5810883,D,B,C,2024-05-30,1000000.00,4.792634,97.859375
08:32:41,912810UB2,TSRYS5810883,D,S,D,2024-05-30,1000000.00,4.792634,97.859375
08:32:44,912810UB2,TSRYS5810883,D,S,C,2024-05-30,3000000.00,4.806615,97.68376
08:32:45,912810UB2,TSRYS5810883,D,S,T,2024-05-30,1000000.00,4.788287,97.9140625
08:32:45,912810UB2,TSRYS5810883,D,S,T,2024-05-30,1000000.00,4.787045,97.9296875
08:32:47,912810UB2,TSRYS5810883,D,B,C,2024-05-30,1000000.00,4.787045,97.9296875
08:32:47,912810UB2,TSRYS5810883,D,S,D,2024-05-30,1000000.00,4.787045,97.9296875
08:32:48,912810UB2,TSRYS5810883,D,S,C,2024-05-30,1000000.00,4.788907,97.90625
08:32:48,912810UB2,TSRYS5810883,D,S,C,2024-05-30,1000000.00,4.788907,97.90625
08:32:48,912810UB2,TSRYS5810883,D,S,D,2024-05-30,1000000.00,4.788907,97.90625
08:32:56,912810UB2,TSRYS5810883,D,S,D,2024-05-30,1000000.00,4.788287,97.9140625
08:32:56,912810UB2,TSRYS5810883,D,S,D,2024-05-30,1000000.00,4.787045,97.9296875
08:32:58,912810UB2,TSRYS5810883,D,S,D,2024-05-30,2000000.00,4.788287,97.9140625
08:33:01,912810UB2,TSRYS5810883,D,S,D,2024-05-30,1000000.00,4.788277,97.9141875
08:33:01,912810UB2,TSRYS5810883,D,S,D,2024-05-30,1000000.00,4.787045,97.9296875
08:33:02,912810UB2,TSRYS5810883,D,S,D,2024-05-30,1000000.00,4.788287,97.9140625
08:33:05,912810UB2,TSRYS5810883,D,S,T,2024-05-30,2000000.00,4.788287,97.9140625
08:33:05,912810UB2,TSRYS5810883,D,S,T,2024-05-30,1000000.00,4.788287,97.9140625
08:33:05,912810UB2,TSRYS5810883,D,S,T,2024-05-30,1000000.00,4.788287,97.9140625
08:33:05,912810UB2,TSRYS5810883,D,S,T,2024-05-30,1000000.00,4.787976,97.91796875
08:33:05,912810UB2,TSRYS5810883,D,S,C,2024-05-30,1000000.00,4.787976,97.91796875
08:33:11,912810UB2,TSRYS5810883,D,S,D,2024-05-30,1000000.00,4.788907,97.90625
08:33:11,912810UB2,TSRYS5810883,D,S,D,2024-05-30,1000000.00,4.790149,97.890625
08:33:11,912810UB2,TSRYS5810883,D,S,D,2024-05-30,500000.00,4.787356,97.92578125
08:33:15,912810UB2,TSRYS5810883,D,S,C,2024-05-30,1000000.00,4.786417,97.9376
08:33:15,912810UB2,TSRYS5810883,D,S,T,2024-05-30,1000000.00,4.787666,97.921875
08:33:17,912810UB2,TSRYS5810883,D,S,D,2024-05-30,1000000.00,4.787666,97.921875
08:33:25,912810UB2,TSRYS5810883,D,S,T,2024-05-30,1000000.00,4.786425,97.9375
08:33:30,912810UB2,TSRYS5810883,D,B,C,2024-05-30,1000000.00,4.787511,97.923828125
08:33:30,912810UB2,TSRYS5810883,D,S,D,2024-05-30,1000000.00,4.787511,97.923828125
08:33:32,912810UB2,TSRYS5810883,D,S,D,2024-05-30,1000000.00,4.787821,97.919921875
08:33:32,912810UB2,TSRYS5810883,D,S,D,2024-05-30,1000000.00,4.787821,97.919921875
08:33:35,912810UB2,TSRYS5810883,D,S,T,2024-05-30,1000000.00,4.787821,97.919921875
08:33:35,912810UB2,TSRYS5810883,D,S,T,2024-05-30,1000000.00,4.787821,97.919921875
08:33:39,912810UB2,TSRYS5810883,D,S,D,2024-05-30,1000000.00,4.787666,97.921875
08:33:45,912810UB2,TSRYS5810883,D,S,D,2024-05-30,1000000.00,4.787666,97.921875
08:33:55,912810UB2,TSRYS5810883,D,S,C,2024-05-30,50MM+,4.787666,97.921875
08:34:03,912810UB2,TSRYS5810883,D,S,T,2024-05-30,1000000.00,4.787666,97.921875
08:34:03,912810UB2,TSRYS5810883,D,S,T,2024-05-30,1000000.00,4.787666,97.921875
08:34:03,912810UB2,TSRYS5810883,D,S,T,2024-05-30,1000000.00,4.787666,97.921875
08:34:03,912810UB2,TSRYS5810883,D,S,T,2024-05-30,1000000.00,4.787666,97.921875
08:34:03,912810UB2,TSRYS5810883,D,S,T,2024-05-30,1000000.00,4.787666,97.921875
08:34:04,912810UB2,TSRYS5810883,D,S,C,2024-05-30,445000.00,4.788597,97.91015625
08:34:05,912810UB2,TSRYS5810883,D,S,D,2024-05-30,445000.00,4.788668,97.909257374
08:34:05,912810UB2,TSRYS5810883,D,B,C,2024-05-30,1000000.00,4.787666,97.921875
08:34:05,912810UB2,TSRYS5810883,D,B,C,2024-05-30,1000000.00,4.787666,97.921875
08:34:07,912810UB2,TSRYS5810883,D,S,D,2024-05-30,2000000.00,4.788287,97.9140625
08:34:08,912810UB2,TSRYS5810883,D,S,C,2024-05-30,1000000.00,4.788287,97.9140625
08:34:11,912810UB2,TSRYS5810883,D,S,D,2024-05-30,1000000.00,4.788287,97.9140625
08:34:13,912810UB2,TSRYS5810883,D,S,T,2024-05-30,1000000.00,4.786735,97.93359375
08:34:15,912810UB2,TSRYS5810883,D,S,T,2024-05-30,2000000.00,4.788287,97.9140625
08:34:15,912810UB2,TSRYS5810883,D,S,T,2024-05-30,1000000.00,4.788287,97.9140625
08:34:16,912810UB2,TSRYS5810883,D,B,C,2024-05-30,1000000.00,4.787666,97.921875
08:34:16,912810UB2,TSRYS5810883,D,S,C,2024-05-30,1000000.00,4.787666,97.921875
08:34:17,912810UB2,TSRYS5810883,D,S,D,2024-05-30,1000000.00,4.786735,97.93359375
08:34:18,912810UB2,TSRYS5810883,D,B,C,2024-05-30,1000000.00,4.786735,97.93359375
08:34:18,912810UB2,TSRYS5810883,D,S,C,2024-05-30,1000000.00,4.786735,97.93359375
08:34:23,912810UB2,TSRYS5810883,D,S,D,2024-05-30,1000000.00,4.785184,97.953125
08:34:24,912810UB2,TSRYS5810883,D,S,D,2024-05-30,1000000.00,4.785184,97.953125
08:34:24,912810UB2,TSRYS5810883,D,S,D,2024-05-30,1000000.00,4.785028,97.955078125
08:34:28,912810UB2,TSRYS5810883,D,S,D,2024-05-30,1000000.00,4.785184,97.953125
08:34:28,912810UB2,TSRYS5810883,D,B,C,2024-05-30,1000000.00,4.785494,97.94921875
08:34:28,912810UB2,TSRYS5810883,D,S,D,2024-05-30,1000000.00,4.785494,97.94921875
08:34:29,912810UB2,TSRYS5810883,D,S,D,2024-05-30,8000000.00,4.803333,97.72494
