tradeTime,cusip,issueSymbolIdentifier,priceType,reportingSideCode,contraPartyTypeCode,tradeDate,reportedTradeVolume,lastSaleYield,lastSalePrice
08:00:08,912810TZ1,TSRYS5752098,D,S,D,2024-03-26,950000.00,4.494581,100.06640625
08:00:11,912810TZ1,TSRYS5752098,D,B,C,2024-03-26,1000000.00,4.490545,100.119140625
08:00:11,912810TZ1,TSRYS5752098,D,S,T,2024-03-26,1000000.00,4.490097,100.125
08:00:11,912810TZ1,TSRYS5752098,D,S,T,2024-03-26,1000000.00,4.490545,100.119140625
08:00:11,912810TZ1,TSRYS5752098,D,S,T,2024-03-26,1000000.00,4.502061,99.96875
08:00:11,912810TZ1,TSRYS5752098,D,S,T,2024-03-26,1000000.00,4.501163,99.98046875
08:00:11,912810TZ1,TSRYS5752098,D,S,T,2024-03-26,1000000.00,4.501163,99.98046875
08:00:11,912810TZ1,TSRYS5752098,D,S,T,2024-03-26,1000000.00,4.501163,99.98046875
08:00:11,912810TZ1,TSRYS5752098,D,S,T,2024-03-26,1000000.00,4.501163,99.98046875
08:00:11,912810TZ1,TSRYS5752098,D,S,T,2024-03-26,1000000.00,4.501163,99.98046875
08:00:11,912810TZ1,TSRYS5752098,D,S,T,2024-03-26,1000000.00,4.501163,99.98046875
08:00:11,912810TZ1,TSRYS5752098,D,S,T,2024-03-26,1000000.00,4.501163,99.98046875
08:00:11,912810TZ1,TSRYS5752098,D,S,T,2024-03-26,1000000.00,4.501163,99.98046875
08:00:11,912810TZ1,TSRYS5752098,D,S,T,2024-03-26,2000000.00,4.501163,99.98046875
08:00:11,912810TZ1,TSRYS5752098,D,S,T,2024-03-26,1000000.00,4.501163,99.98046875
08:00:11,912810TZ1,TSRYS5752098,D,S,T,2024-03-26,2000000.00,4.501163,99.98046875
08:00:11,912810TZ1,TSRYS5752098,D,B,C,2024-03-26,1000000.00,4.501911,99.970703125
08:00:11,912810TZ1,TSRYS5752098,D,S,T,2024-03-26,1000000.00,4.501462,99.9765625
08:00:11,912810TZ1,TSRYS5752098,D,S,D,2024-03-26,2000000.00,4.483826,100.20703125
08:00:11,912810TZ1,TSRYS5752098,D,S,D,2024-03-26,2000000.00,4.49473,100.064453125
08:00:11,912810TZ1,TSRYS5752098,D,S,T,2024-03-26,1000000.00,4.492488,100.09375
08:00:11,912810TZ1,TSRYS5752098,D,S,D,2024-03-26,1000000.00,4.492488,100.09375
08:00:11,912810TZ1,TSRYS5752098,D,B,C,2024-03-26,3000000.00,4.498771,100.01131875
08:00:11,912810TZ1,TSRYS5752098,D,S,D,2024-03-26,1000000.00,4.496076,100.046875
08:00:11,912810TZ1,TSRYS5752098,D,S,T,2024-03-26,1000000.00,4.496375,100.04296875
08:00:11,912810TZ1,TSRYS5752098,D,S,T,2024-03-26,1000000.00,4.496375,100.04296875
08:00:11,912810TZ1,TSRYS5752098,D,S,T,2024-03-26,1000000.00,4.496375,100.04296875
08:00:11,912810TZ1,TSRYS5752098,D,S,T,2024-03-26,1000000.00,4.496225,100.044921875
08:00:11,912810TZ1,TSRYS5752098,D,S,T,2024-03-26,1000000.00,4.496225,100.044921875
08:00:11,912810TZ1,TSRYS5752098,D,S,T,2024-03-26,1000000.00,4.496225,100.044921875
08:00:11,912810TZ1,TSRYS5752098,D,S,T,2024-03-26,1000000.00,4.496225,100.044921875
08:00:11,912810TZ1,TSRYS5752098,D,S,T,2024-03-26,1000000.00,4.496225,100.044921875
08:00:11,912810TZ1,TSRYS5752098,D,S,T,2024-03-26,1000000.00,4.496225,100.044921875
08:00:11,912810TZ1,TSRYS5752098,D,B,C,2024-03-26,3250000.00,4.496406,100.04256875
08:00:11,912810TZ1,TSRYS5752098,D,S,D,2024-03-26,1000000.00,4.493983,100.07421875
08:00:11,912810TZ1,TSRYS5752098,D,S,D,2024-03-26,1000000.00,4.493983,100.07421875
08:00:11,912810TZ1,TSRYS5752098,D,S,D,2024-03-26,1000000.00,4.493983,100.07421875
08:00:11,912810TZ1,TSRYS5752098,D,B,C,2024-03-26,3100000.00,4.497274,100.03085
08:00:15,912810TZ1,TSRYS5752098,D,S,D,2024-03-26,50MM+,4.492189,100.09765625
08:00:19,912810TZ1,TSRYS5752098,D,S,A,2024-03-26,4392000.00,4.494282,100.0703125
08:00:24,912810TZ1,TSRYS5752098,D,S,A,2024-03-26,500000.00,4.487409,100.16015625
08:00:24,912810TZ1,TSRYS5752098,D,S,A,2024-03-26,500000.00,4.483826,100.20703125
08:00:25,912810TZ1,TSRYS5752098,D,S,A,2024-03-26,1000000.00,4.498164,100.01953125
08:00:25,912810TZ1,TSRYS5752098,D,S,T,2024-03-26,1000000.00,4.500863,99.984375
08:00:26,912810TZ1,TSRYS5752098,D,S,T,2024-03-26,1000000.00,4.501462,99.9765625
08:00:26,912810TZ1,TSRYS5752098,D,S,T,2024-03-26,1000000.00,4.501462,99.9765625
08:00:26,912810TZ1,TSRYS5752098,D,S,T,2024-03-26,1000000.00,4.501462,99.9765625
08:00:26,912810TZ1,TSRYS5752098,D,S,T,2024-03-26,1000000.00,4.501163,99.98046875
08:00:30,912810TZ1,TSRYS5752098,D,S,D,2024-03-26,1000000.00,4.503258,99.953125
08:00:30,912810TZ1,TSRYS5752098,D,S,D,2024-03-26,1000000.00,4.503258,99.953125
08:00:30,912810TZ1,TSRYS5752098,D,S,D,2024-03-26,1000000.00,4.494282,100.0703125
08:00:30,912810TZ1,TSRYS5752098,D,S,D,2024-03-26,1000000.00,4.493983,100.07421875
08:00:30,912810TZ1,TSRYS5752098,D,S,D,2024-03-26,1000000.00,4.493983,100.07421875
08:00:30,912810TZ1,TSRYS5752098,D,S,D,2024-03-26,1000000.00,4.496076,100.046875
08:00:30,912810TZ1,TSRYS5752098,D,S,D,2024-03-26,1000000.00,4.49488,100.0625
08:00:30,912810TZ1,TSRYS5752098,D,S,D,2024-03-26,4000000.00,4.49488,100.0625
08:00:30,912810TZ1,TSRYS5752098,D,S,D,2024-03-26,1000000.00,4.497721,100.025390625
08:00:30,912810TZ1,TSRYS5752098,D,S,D,2024-03-26,1000000.00,4.503258,99.953125
08:00:30,912810TZ1,TSRYS5752098,D,S,D,2024-03-26,1000000.00,4.503258,99.953125
08:00:30,912810TZ1,TSRYS5752098,D,S,D,2024-03-26,1000000.00,4.503109,99.955078125
08:00:30,912810TZ1,TSRYS5752098,D,S,D,2024-03-26,1000000.00,4.486513,100.171875
08:00:30,912810TZ1,TSRYS5752098,D,S,D,2024-03-26,1000000.00,4.486513,100.171875
08:00:30,912810TZ1,TSRYS5752098,D,S,D,2024-03-26,1000000.00,4.489201,100.13671875
08:00:30,912810TZ1,TSRYS5752098,D,S,D,2024-03-26,1000000.00,4.489201,100.13671875
08:00:30,912810TZ1,TSRYS5752098,D,S,D,2024-03-26,1000000.00,4.484125,100.203125
08:00:30,912810TZ1,TSRYS5752098,D,S,D,2024-03-26,1000000.00,4.484125,100.203125
08:00:30,912810TZ1,TSRYS5752098,D,S,D,2024-03-26,1000000.00,4.492637,100.091796875
08:00:30,912810TZ1,TSRYS5752098,D,S,D,2024-03-26,1000000.00,4.492637,100.091796875
08:00:30,912810TZ1,TSRYS5752098,D,S,D,2024-03-26,1000000.00,4.492338,100.095703125
08:00:30,912810TZ1,TSRYS5752098,D,S,D,2024-03-26,1000000.00,4.492488,100.09375
08:00:30,912810TZ1,TSRYS5752098,D,S,D,2024-03-26,1000000.00,4.492488,100.09375
08:00:30,912810TZ1,TSRYS5752098,D,S,D,2024-03-26,1000000.00,4.494282,100.0703125
08:00:30,912810TZ1,TSRYS5752098,D,S,D,2024-03-26,1000000.00,4.494282,100.0703125
08:00:30,912810TZ1,TSRYS5752098,D,S,D,2024-03-26,1000000.00,4.494132,100.072265625
08:00:30,912810TZ1,TSRYS5752098,D,S,D,2024-03-26,1000000.00,4.494132,100.072265625
08:00:30,912810TZ1,TSRYS5752098,D,S,D,2024-03-26,1000000.00,4.493983,100.07421875
08:00:30,912810TZ1,TSRYS5752098,D,S,D,2024-03-26,1000000.00,4.494282,100.0703125
08:00:30,912810TZ1,TSRYS5752098,D,S,D,2024-03-26,1000000.00,4.493983,100.07421875
08:00:30,912810TZ1,TSRYS5752098,D,S,D,2024-03-26,1000000.00,4.494132,100.072265625
08:00:30,912810TZ1,TSRYS5752098,D,S,D,2024-03-26,1000000.00,4.494132,100.072265625
08:00:30,912810TZ1,TSRYS5752098,D,S,T,2024-03-26,1000000.00,4.503258,99.953125
08:00:30,912810TZ1,TSRYS5752098,D,S,T,2024-03-26,1000000.00,4.503258,99.953125
08:00:30,912810TZ1,TSRYS5752098,D,S,T,2024-03-26,1000000.00,4.503109,99.955078125
08:00:30,912810TZ1,TSRYS5752098,D,S,T,2024-03-26,1000000.00,4.501462,99.9765625
08:00:30,912810TZ1,TSRYS5752098,D,S,T,2024-03-26,1000000.00,4.501312,99.978515625
08:00:30,912810TZ1,TSRYS5752098,D,S,T,2024-03-26,1000000.00,4.487707,100.15625
08:00:30,912810TZ1,TSRYS5752098,D,S,T,2024-03-26,1000000.00,4.48935,100.134765625
08:00:30,912810TZ1,TSRYS5752098,D,S,T,2024-03-26,1000000.00,4.484125,100.203125
08:00:30,912810TZ1,TSRYS5752098,D,S,T,2024-03-26,1000000.00,4.492637,100.091796875
08:00:30,912810TZ1,TSRYS5752098,D,S,T,2024-03-26,1000000.00,4.494282,100.0703125
08:00:30,912810TZ1,TSRYS5752098,D,S,T,2024-03-26,1000000.00,4.494132,100.072265625
08:00:30,912810TZ1,TSRYS5752098,D,S,T,2024-03-26,1000000.00,4.493983,100.07421875
08:00:30,912810TZ1,TSRYS5752098,D,S,T,2024-03-26,1000000.00,4.496076,100.046875
08:00:30,912810TZ1,TSRYS5752098,D,S,T,2024-03-26,1000000.00,4.488902,100.140625
08:00:30,912810TZ1,TSRYS5752098,D,S,T,2024-03-26,1000000.00,4.484125,100.203125
08:00:30,912810TZ1,TSRYS5752098,D,S,T,2024-03-26,1000000.00,4.491292,100.109375
08:00:30,912810TZ1,TSRYS5752098,D,S,T,2024-03-26,1000000.00,4.491292,100.109375
08:00:30,912810TZ1,TSRYS5752098,D,S,T,2024-03-26,1000000.00,4.490097,100.125
08:00:30,912810TZ1,TSRYS5752098,D,S,T,2024-03-26,1000000.00,4.491292,100.109375
08:00:33,912810TZ1,TSRYS5752098,D,S,T,2024-03-26,1000000.00,4.493684,100.078125
08:00:33,912810TZ1,TSRYS5752098,D,S,T,2024-03-26,1000000.00,4.49488,100.0625
08:00:33,912810TZ1,TSRYS5752098,D,S,T,2024-03-26,1000000.00,4.49488,100.0625
08:00:33,912810TZ1,TSRYS5752098,D,S,T,2024-03-26,1000000.00,4.49488,100.0625
08:00:33,912810TZ1,TSRYS5752098,D,S,T,2024-03-26,1000000.00,4.497272,100.03125
08:00:33,912810TZ1,TSRYS5752098,D,S,T,2024-03-26,1000000.00,4.498469,100.015625
08:00:33,912810TZ1,TSRYS5752098,D,S,T,2024-03-26,1000000.00,4.496076,100.046875
08:00:33,912810TZ1,TSRYS5752098,D,S,T,2024-03-26,1000000.00,4.496076,100.046875
08:00:33,912810TZ1,TSRYS5752098,D,S,T,2024-03-26,1000000.00,4.495926,100.048828125
08:00:33,912810TZ1,TSRYS5752098,D,S,T,2024-03-26,1000000.00,4.49488,100.0625
08:00:33,912810TZ1,TSRYS5752098,D,S,T,2024-03-26,1000000.00,4.49488,100.0625
08:00:33,912810TZ1,TSRYS5752098,D,S,T,2024-03-26,1000000.00,4.504456,99.9375
08:00:33,912810TZ1,TSRYS5752098,D,S,T,2024-03-26,1000000.00,4.503258,99.953125
08:00:33,912810TZ1,TSRYS5752098,D,S,T,2024-03-26,1000000.00,4.503258,99.953125
08:00:33,912810TZ1,TSRYS5752098,D,S,T,2024-03-26,1000000.00,4.503258,99.953125
08:00:33,912810TZ1,TSRYS5752098,D,S,T,2024-03-26,1000000.00,4.499666,100.0
08:00:33,912810TZ1,TSRYS5752098,D,S,T,2024-03-26,1000000.00,4.498469,100.015625
08:00:33,912810TZ1,TSRYS5752098,D,S,T,2024-03-26,1000000.00,4.496076,100.046875
08:00:33,912810TZ1,TSRYS5752098,D,S,T,2024-03-26,1000000.00,4.496076,100.046875
08:00:33,912810TZ1,TSRYS5752098,D,S,T,2024-03-26,1000000.00,4.496076,100.046875
08:00:33,912810TZ1,TSRYS5752098,D,S,T,2024-03-26,1000000.00,4.491292,100.109375
08:00:33,912810TZ1,TSRYS5752098,D,S,T,2024-03-26,1000000.00,4.492488,100.09375
08:00:33,912810TZ1,TSRYS5752098,D,S,T,2024-03-26,1000000.00,4.493684,100.078125
08:00:33,912810TZ1,TSRYS5752098,D,S,T,2024-03-26,1000000.00,4.502061,99.96875
08:00:33,912810TZ1,TSRYS5752098,D,S,T,2024-03-26,1000000.00,4.503258,99.953125
08:00:33,912810TZ1,TSRYS5752098,D,S,T,2024-03-26,1000000.00,4.503258,99.953125
08:00:33,912810TZ1,TSRYS5752098,D,S,T,2024-03-26,1000000.00,4.504456,99.9375
08:00:33,912810TZ1,TSRYS5752098,D,S,T,2024-03-26,1000000.00,4.504456,99.9375
08:00:33,912810TZ1,TSRYS5752098,D,S,T,2024-03-26,1000000.00,4.504456,99.9375
08:00:33,912810TZ1,TSRYS5752098,D,S,T,2024-03-26,1000000.00,4.504456,99.9375
08:00:33,912810TZ1,TSRYS5752098,D,S,T,2024-03-26,1000000.00,4.504456,99.9375
08:00:33,912810TZ1,TSRYS5752098,D,S,T,2024-03-26,1000000.00,4.503857,99.9453125
08:00:33,912810TZ1,TSRYS5752098,D,S,T,2024-03-26,1000000.00,4.503857,99.9453125
08:00:33,912810TZ1,TSRYS5752098,D,S,T,2024-03-26,1000000.00,4.503857,99.9453125
08:00:33,912810TZ1,TSRYS5752098,D,S,T,2024-03-26,1000000.00,4.500863,99.984375
08:00:33,912810TZ1,TSRYS5752098,D,S,T,2024-03-26,1000000.00,4.500863,99.984375
08:00:33,912810TZ1,TSRYS5752098,D,S,T,2024-03-26,1000000.00,4.500863,99.984375
08:00:33,912810TZ1,TSRYS5752098,D,S,T,2024-03-26,1000000.00,4.500863,99.984375
08:00:33,912810TZ1,TSRYS5752098,D,S,T,2024-03-26,1000000.00,4.500863,99.984375
08:00:33,912810TZ1,TSRYS5752098,D,S,T,2024-03-26,1000000.00,4.500863,99.984375
08:00:33,912810TZ1,TSRYS5752098,D,S,T,2024-03-26,1000000.00,4.500863,99.984375
08:00:33,912810TZ1,TSRYS5752098,D,S,T,2024-03-26,1000000.00,4.500863,99.984375
08:00:33,912810TZ1,TSRYS5752098,D,S,T,2024-03-26,1000000.00,4.500863,99.984375
08:00:33,912810TZ1,TSRYS5752098,D,S,T,2024-03-26,1000000.00,4.501163,99.98046875
08:00:33,912810TZ1,TSRYS5752098,D,S,T,2024-03-26,1000000.00,4.501163,99.98046875
08:00:33,912810TZ1,TSRYS5752098,D,S,T,2024-03-26,1000000.00,4.501163,99.98046875
08:00:33,912810TZ1,TSRYS5752098,D,S,T,2024-03-26,1000000.00,4.501163,99.98046875
08:00:33,912810TZ1,TSRYS5752098,D,S,T,2024-03-26,1000000.00,4.501462,99.9765625
08:00:33,912810TZ1,TSRYS5752098,D,S,T,2024-03-26,1000000.00,4.498469,100.015625
08:00:33,912810TZ1,TSRYS5752098,D,S,T,2024-03-26,1000000.00,4.490097,100.125
08:00:33,912810TZ1,TSRYS5752098,D,S,T,2024-03-26,1000000.00,4.487707,100.15625
08:00:33,912810TZ1,TSRYS5752098,D,S,T,2024-03-26,1000000.00,4.487707,100.15625
08:00:33,912810TZ1,TSRYS5752098,D,S,T,2024-03-26,1000000.00,4.487707,100.15625
08:00:33,912810TZ1,TSRYS5752098,D,S,T,2024-03-26,1000000.00,4.490695,100.1171875
08:00:33,912810TZ1,TSRYS5752098,D,S,T,2024-03-26,1000000.00,4.484125,100.203125
08:00:33,912810TZ1,TSRYS5752098,D,S,T,2024-03-26,1000000.00,4.484125,100.203125
08:00:33,912810TZ1,TSRYS5752098,D,S,T,2024-03-26,1000000.00,4.488902,100.140625
08:00:33,912810TZ1,TSRYS5752098,D,S,T,2024-03-26,1000000.00,4.488902,100.140625
08:00:33,912810TZ1,TSRYS5752098,D,S,T,2024-03-26,1000000.00,4.488902,100.140625
08:00:33,912810TZ1,TSRYS5752098,D,S,T,2024-03-26,1000000.00,4.493833,100.076171875
08:00:33,912810TZ1,TSRYS5752098,D,S,T,2024-03-26,1000000.00,4.494132,100.072265625
08:00:33,912810TZ1,TSRYS5752098,D,S,A,2024-03-26,45000000.00,4.490097,100.125
08:00:37,912810TZ1,TSRYS5752098,D,S,A,2024-03-26,2670000.00,4.49189,100.1015625
08:00:37,912810TZ1,TSRYS5752098,D,S,A,2024-03-26,2000000.00,4.495179,100.05859375
08:00:37,912810TZ1,TSRYS5752098,D,S,A,2024-03-26,1990000.00,4.49488,100.0625
08:00:37,912810TZ1,TSRYS5752098,D,S,T,2024-03-26,1000000.00,4.496225,100.044921875
08:00:37,912810TZ1,TSRYS5752098,D,B,A,2024-03-26,750000.00,4.503552,99.94921875
08:00:37,912810TZ1,TSRYS5752098,D,S,T,2024-03-26,1000000.00,4.503408,99.951171875
08:00:37,912810TZ1,TSRYS5752098,D,S,A,2024-03-26,250000.00,4.501761,99.97265625
08:00:37,912810TZ1,TSRYS5752098,D,S,A,2024-03-26,200000.00,4.503558,99.94921875
08:00:37,912810TZ1,TSRYS5752098,D,S,T,2024-03-26,1000000.00,4.499816,99.998046875
08:00:37,912810TZ1,TSRYS5752098,D,S,T,2024-03-26,2000000.00,4.496225,100.044921875
08:00:37,912810TZ1,TSRYS5752098,D,B,A,2024-03-26,750000.00,4.489493,100.1328125
08:00:37,912810TZ1,TSRYS5752098,D,S,T,2024-03-26,1000000.00,4.486662,100.169921875
08:00:37,912810TZ1,TSRYS5752098,D,S,T,2024-03-26,1000000.00,4.486662,100.169921875
08:00:37,912810TZ1,TSRYS5752098,D,S,T,2024-03-26,1000000.00,4.486662,100.169921875
08:00:37,912810TZ1,TSRYS5752098,D,S,T,2024-03-26,1000000.00,4.486662,100.169921875
08:00:37,912810TZ1,TSRYS5752098,D,S,T,2024-03-26,1000000.00,4.489649,100.130859375
08:00:37,912810TZ1,TSRYS5752098,D,S,T,2024-03-26,1000000.00,4.489649,100.130859375
08:00:37,912810TZ1,TSRYS5752098,D,S,A,2024-03-26,65000.00,4.490695,100.1171875
08:00:37,912810TZ1,TSRYS5752098,D,S,T,2024-03-26,1000000.00,4.490097,100.125
08:00:37,912810TZ1,TSRYS5752098,D,S,A,2024-03-26,360000.00,4.486513,100.171875
08:00:37,912810TZ1,TSRYS5752098,D,S,T,2024-03-26,1000000.00,4.486662,100.169921875
08:00:37,912810TZ1,TSRYS5752098,D,S,T,2024-03-26,1000000.00,4.486662,100.169921875
08:00:37,912810TZ1,TSRYS5752098,D,S,T,2024-03-26,1000000.00,4.486662,100.169921875
08:00:37,912810TZ1,TSRYS5752098,D,S,T,2024-03-26,1000000.00,4.486662,100.169921875
08:00:37,912810TZ1,TSRYS5752098,D,S,T,2024-03-26,1000000.00,4.486662,100.169921875
08:00:37,912810TZ1,TSRYS5752098,D,S,T,2024-03-26,1000000.00,4.496076,100.046875
08:00:37,912810TZ1,TSRYS5752098,D,S,T,2024-03-26,1000000.00,4.496076,100.046875
08:00:37,912810TZ1,TSRYS5752098,D,S,T,2024-03-26,1000000.00,4.496076,100.046875
08:00:37,912810TZ1,TSRYS5752098,D,S,T,2024-03-26,1000000.00,4.496225,100.044921875
08:00:37,912810TZ1,TSRYS5752098,D,S,T,2024-03-26,1000000.00,4.49473,100.064453125
08:00:38,912810TZ1,TSRYS5752098,D,S,D,2024-03-26,2000000.00,4.496076,100.046875
08:00:38,912810TZ1,TSRYS5752098,D,S,D,2024-03-26,1000000.00,4.495777,100.05078125
08:00:38,912810TZ1,TSRYS5752098,D,S,D,2024-03-26,1000000.00,4.495777,100.05078125
08:00:38,912810TZ1,TSRYS5752098,D,S,D,2024-03-26,1000000.00,4.496076,100.046875
08:00:38,912810TZ1,TSRYS5752098,D,S,D,2024-03-26,1000000.00,4.496076,100.046875
08:00:38,912810TZ1,TSRYS5752098,D,S,D,2024-03-26,1000000.00,4.493684,100.078125
08:00:41,912810TZ1,TSRYS5752098,D,S,A,2024-03-26,600000.00,4.482924,100.21875
08:00:41,912810TZ1,TSRYS5752098,D,B,C,2024-03-26,150000.00,4.504151,99.94140625
08:00:42,912810TZ1,TSRYS5752098,D,S,D,2024-03-26,150000.00,4.504151,99.94140625
08:00:42,912810TZ1,TSRYS5752098,D,S,A,2024-03-26,3050000.00,4.501462,99.9765625
08:00:44,912810TZ1,TSRYS5752098,D,S,T,2024-03-26,1000000.00,4.504456,99.9375
08:00:44,912810TZ1,TSRYS5752098,D,S,T,2024-03-26,1000000.00,4.500863,99.984375
08:00:44,912810TZ1,TSRYS5752098,D,S,T,2024-03-26,1000000.00,4.488902,100.140625
08:00:44,912810TZ1,TSRYS5752098,D,S,T,2024-03-26,1000000.00,4.480544,100.25
08:00:48,912810TZ1,TSRYS5752098,D,S,T,2024-03-26,1000000.00,4.497272,100.03125
08:00:48,912810TZ1,TSRYS5752098,D,S,T,2024-03-26,1000000.00,4.495328,100.056640625
08:00:48,912810TZ1,TSRYS5752098,D,S,T,2024-03-26,1000000.00,4.495029,100.060546875
08:00:48,912810TZ1,TSRYS5752098,D,S,T,2024-03-26,1000000.00,4.495029,100.060546875
08:00:48,912810TZ1,TSRYS5752098,D,B,A,2024-03-26,200000.00,4.486513,100.171875
08:00:48,912810TZ1,TSRYS5752098,D,S,T,2024-03-26,1000000.00,4.495478,100.0546875
08:00:48,912810TZ1,TSRYS5752098,D,S,T,2024-03-26,1000000.00,4.495328,100.056640625
08:00:49,912810TZ1,TSRYS5752098,D,S,T,2024-03-26,1000000.00,4.488902,100.140625
08:00:52,912810TZ1,TSRYS5752098,D,S,T,2024-03-26,1000000.00,4.49189,100.1015625
08:00:53,912810TZ1,TSRYS5752098,D,S,T,2024-03-26,1000000.00,4.491591,100.10546875
08:00:53,912810TZ1,TSRYS5752098,D,S,T,2024-03-26,1000000.00,4.491292,100.109375
08:00:53,912810TZ1,TSRYS5752098,D,S,T,2024-03-26,1000000.00,4.491292,100.109375
08:00:53,912810TZ1,TSRYS5752098,D,S,T,2024-03-26,1000000.00,4.492488,100.09375
08:00:53,912810TZ1,TSRYS5752098,D,S,T,2024-03-26,1000000.00,4.494581,100.06640625
08:00:53,912810TZ1,TSRYS5752098,D,S,T,2024-03-26,1000000.00,4.497871,100.0234375
08:00:53,912810TZ1,TSRYS5752098,D,S,T,2024-03-26,1000000.00,4.492488,100.09375
08:00:54,912810TZ1,TSRYS5752098,D,S,T,2024-03-26,1000000.00,4.493983,100.07421875
08:00:54,912810TZ1,TSRYS5752098,D,S,T,2024-03-26,1000000.00,4.495635,100.052634375
08:00:56,912810TZ1,TSRYS5752098,D,S,T,2024-03-26,1000000.00,4.490097,100.125
08:00:56,912810TZ1,TSRYS5752098,D,S,T,2024-03-26,1000000.00,4.490097,100.125
08:00:56,912810TZ1,TSRYS5752098,D,S,T,2024-03-26,1000000.00,4.490105,100.124898
08:00:56,912810TZ1,TSRYS5752098,D,S,T,2024-03-26,1000000.00,4.490105,100.124898
08:01:03,912810TZ1,TSRYS5752098,D,S,C,2024-03-26,250000.00,4.49488,100.0625
08:01:06,912810TZ1,TSRYS5752098,D,S,T,2024-03-26,1000000.00,4.503708,99.94726563
08:01:07,912810TZ1,TSRYS5752098,D,S,T,2024-03-26,1000000.00,4.503558,99.94921875
08:01:07,912810TZ1,TSRYS5752098,D,B,C,2024-03-26,1000000.00,4.486513,100.171875
08:01:07,912810TZ1,TSRYS5752098,D,S,C,2024-03-26,1000000.00,4.490396,100.12109375
08:01:07,912810TZ1,TSRYS5752098,D,B,C,2024-03-26,1000000.00,4.490396,100.12109375
08:01:07,912810TZ1,TSRYS5752098,D,B,C,2024-03-26,1000000.00,4.485319,100.1875
08:01:07,912810TZ1,TSRYS5752098,D,S,D,2024-03-26,1000000.00,4.486513,100.171875
08:01:07,912810TZ1,TSRYS5752098,D,S,C,2024-03-26,1000000.00,4.485319,100.1875
08:01:07,912810TZ1,TSRYS5752098,D,B,C,2024-03-26,1000000.00,4.49189,100.1015625
08:01:07,912810TZ1,TSRYS5752098,D,S,C,2024-03-26,1000000.00,4.49189,100.1015625
08:01:07,912810TZ1,TSRYS5752098,D,S,T,2024-03-26,1000000.00,4.503857,99.9453125
08:01:07,912810TZ1,TSRYS5752098,D,S,T,2024-03-26,1000000.00,4.503708,99.94726563
08:01:08,912810TZ1,TSRYS5752098,D,S,D,2024-03-26,1000000.00,4.501163,99.98046875
08:01:08,912810TZ1,TSRYS5752098,D,S,C,2024-03-26,1000000.00,4.500863,99.984375
08:01:08,912810TZ1,TSRYS5752098,D,B,C,2024-03-26,1000000.00,4.496674,100.0390625
08:01:08,912810TZ1,TSRYS5752098,D,S,C,2024-03-26,1000000.00,4.496674,100.0390625
08:01:08,912810TZ1,TSRYS5752098,D,S,C,2024-03-26,1000000.00,4.4895,100.1328125
08:01:08,912810TZ1,TSRYS5752098,D,B,C,2024-03-26,1000000.00,4.486812,100.16796875
08:01:08,912810TZ1,TSRYS5752098,D,S,D,2024-03-26,1000000.00,4.486812,100.16796875
08:01:08,912810TZ1,TSRYS5752098,D,S,D,2024-03-26,2000000.00,4.483826,100.20703125
08:01:08,912810TZ1,TSRYS5752098,D,S,T,2024-03-26,1000000.00,4.504456,99.9375
08:01:08,912810TZ1,TSRYS5752098,D,S,T,2024-03-26,1000000.00,4.498469,100.015625
08:01:08,912810TZ1,TSRYS5752098,D,S,T,2024-03-26,1000000.00,4.504007,99.94335938
08:01:09,912810TZ1,TSRYS5752098,D,S,T,2024-03-26,2000000.00,4.504456,99.9375
08:01:09,912810TZ1,TSRYS5752098,D,S,T,2024-03-26,1000000.00,4.492488,100.09375
08:01:09,912810TZ1,TSRYS5752098,D,S,T,2024-03-26,1000000.00,4.504456,99.9375
08:01:09,912810TZ1,TSRYS5752098,D,S,T,2024-03-26,1000000.00,4.488902,100.140625
08:01:09,912810TZ1,TSRYS5752098,D,S,T,2024-03-26,2000000.00,4.504456,99.9375
08:01:09,912810TZ1,TSRYS5752098,D,S,T,2024-03-26,2000000.00,4.504456,99.9375
08:01:10,912810TZ1,TSRYS5752098,D,S,D,2024-03-26,1000000.00,4.497721,100.025390625
08:01:10,912810TZ1,TSRYS5752098,D,S,T,2024-03-26,1000000.00,4.504456,99.9375
08:01:10,912810TZ1,TSRYS5752098,D,S,D,2024-03-26,1000000.00,4.49802,100.021484375
08:01:10,912810TZ1,TSRYS5752098,D,S,T,2024-03-26,2000000.00,4.504456,99.9375
08:01:10,912810TZ1,TSRYS5752098,D,S,T,2024-03-26,1000000.00,4.504456,99.9375
08:01:11,912810TZ1,TSRYS5752098,D,S,T,2024-03-26,2000000.00,4.504456,99.9375
08:01:11,912810TZ1,TSRYS5752098,D,S,T,2024-03-26,1000000.00,4.504456,99.9375
08:01:11,912810TZ1,TSRYS5752098,D,S,T,2024-03-26,2000000.00,4.504456,99.9375
08:01:12,912810TZ1,TSRYS5752098,D,S,T,2024-03-26,1000000.00,4.504456,99.9375
08:01:12,912810TZ1,TSRYS5752098,D,S,T,2024-03-26,1000000.00,4.504456,99.9375
08:01:12,912810TZ1,TSRYS5752098,D,S,T,2024-03-26,1000000.00,4.504456,99.9375
08:01:12,912810TZ1,TSRYS5752098,D,S,T,2024-03-26,2000000.00,4.504456,99.9375
08:01:13,912810TZ1,TSRYS5752098,D,S,C,2024-03-26,900000.00,4.503558,99.94921875
08:01:13,912810TZ1,TSRYS5752098,D,B,A,2024-03-26,2000000.00,4.500506,99.98868125
08:01:13,912810TZ1,TSRYS5752098,D,S,C,2024-03-26,2000000.00,4.500506,99.98868125
08:01:13,912810TZ1,TSRYS5752098,D,S,D,2024-03-26,250000.00,4.491292,100.109375
08:01:13,912810TZ1,TSRYS5752098,D,S,T,2024-03-26,1000000.00,4.504456,99.9375
08:01:13,912810TZ1,TSRYS5752098,D,B,C,2024-03-26,1000000.00,4.493983,100.07421875
08:01:13,912810TZ1,TSRYS5752098,D,S,D,2024-03-26,1000000.00,4.493983,100.07421875
08:01:13,912810TZ1,TSRYS5752098,D,S,T,2024-03-26,1000000.00,4.502061,99.96875
08:01:13,912810TZ1,TSRYS5752098,D,S,C,2024-03-26,1000000.00,4.495777,100.05078125
08:01:13,912810TZ1,TSRYS5752098,D,S,A,2024-03-26,500000.00,4.50236,99.96484375
08:01:13,912810TZ1,TSRYS5752098,D,S,D,2024-03-26,1000000.00,4.495777,100.05078125
08:01:13,912810TZ1,TSRYS5752098,D,S,D,2024-03-26,2000000.00,4.496076,100.046875
08:01:13,912810TZ1,TSRYS5752098,D,S,T,2024-03-26,1000000.00,4.504456,99.9375
08:01:13,912810TZ1,TSRYS5752098,D,S,C,2024-03-26,1000000.00,4.496076,100.046875
08:01:13,912810TZ1,TSRYS5752098,D,S,D,2024-03-26,1000000.00,4.496375,100.04296875
08:01:13,912810TZ1,TSRYS5752098,D,B,C,2024-03-26,1000000.00,4.496375,100.04296875
08:01:14,912810TZ1,TSRYS5752098,D,S,T,2024-03-26,1000000.00,4.504456,99.9375
08:01:14,912810TZ1,TSRYS5752098,D,S,T,2024-03-26,1000000.00,4.504456,99.9375
08:01:14,912810TZ1,TSRYS5752098,D,S,T,2024-03-26,2000000.00,4.504456,99.9375
08:01:15,912810TZ1,TSRYS5752098,D,S,C,2024-03-26,3000000.00,4.501404,99.9769625
08:01:15,912810TZ1,TSRYS5752098,D,B,A,2024-03-26,3000000.00,4.501404,99.9769625
08:01:15,912810TZ1,TSRYS5752098,D,S,C,2024-03-26,3100000.00,4.499308,100.00430625
08:01:15,912810TZ1,TSRYS5752098,D,B,A,2024-03-26,3100000.00,4.499308,100.00430625
08:01:18,912810TZ1,TSRYS5752098,D,S,C,2024-03-26,1000000.00,4.500714,99.98632812
08:01:18,912810TZ1,TSRYS5752098,D,S,D,2024-03-26,1000000.00,4.49802,100.02148437
08:01:18,912810TZ1,TSRYS5752098,D,S,T,2024-03-26,1000000.00,4.493684,100.078125
08:01:18,912810TZ1,TSRYS5752098,D,S,T,2024-03-26,1000000.00,4.493684,100.078125
08:01:18,912810TZ1,TSRYS5752098,D,S,T,2024-03-26,1000000.00,4.493684,100.078125
08:01:18,912810TZ1,TSRYS5752098,D,S,T,2024-03-26,1000000.00,4.493684,100.078125
08:01:18,912810TZ1,TSRYS5752098,D,S,T,2024-03-26,1000000.00,4.493684,100.078125
08:01:18,912810TZ1,TSRYS5752098,D,S,T,2024-03-26,1000000.00,4.493684,100.078125
08:01:18,912810TZ1,TSRYS5752098,D,S,T,2024-03-26,1000000.00,4.493684,100.078125
08:01:18,912810TZ1,TSRYS5752098,D,S,T,2024-03-26,1000000.00,4.493684,100.078125
08:01:18,912810TZ1,TSRYS5752098,D,S,T,2024-03-26,1000000.00,4.493684,100.078125
08:01:19,912810TZ1,TSRYS5752098,D,S,T,2024-03-26,1000000.00,4.502061,99.96875
08:01:19,912810TZ1,TSRYS5752098,D,S,T,2024-03-26,1000000.00,4.497721,100.02539062
08:01:19,912810TZ1,TSRYS5752098,D,S,D,2024-03-26,1000000.00,4.495777,100.05078125
08:01:19,912810TZ1,TSRYS5752098,D,S,D,2024-03-26,1000000.00,4.495777,100.05078125
08:01:19,912810TZ1,TSRYS5752098,D,S,D,2024-03-26,2000000.00,4.496076,100.046875
08:01:19,912810TZ1,TSRYS5752098,D,S,T,2024-03-26,1000000.00,4.503258,99.953125
08:01:19,912810TZ1,TSRYS5752098,D,S,D,2024-03-26,1000000.00,4.496076,100.046875
08:01:19,912810TZ1,TSRYS5752098,D,S,T,2024-03-26,1000000.00,4.495777,100.05078125
08:01:19,912810TZ1,TSRYS5752098,D,S,T,2024-03-26,1000000.00,4.495926,100.048828125
08:01:19,912810TZ1,TSRYS5752098,D,S,D,2024-03-26,1000000.00,4.496076,100.046875
08:01:19,912810TZ1,TSRYS5752098,D,S,T,2024-03-26,1000000.00,4.495926,100.048828125
08:01:19,912810TZ1,TSRYS5752098,D,S,T,2024-03-26,1000000.00,4.496076,100.046875
08:01:19,912810TZ1,TSRYS5752098,D,S,T,2024-03-26,2000000.00,4.495926,100.048828125
08:01:19,912810TZ1,TSRYS5752098,D,S,T,2024-03-26,1000000.00,4.501166,99.98041875
08:01:19,912810TZ1,TSRYS5752098,D,S,T,2024-03-26,1000000.00,4.495777,100.05078125
08:01:19,912810TZ1,TSRYS5752098,D,S,T,2024-03-26,1000000.00,4.501466,99.9765125
08:01:19,912810TZ1,TSRYS5752098,D,S,T,2024-03-26,1000000.00,4.496076,100.046875
08:01:19,912810TZ1,TSRYS5752098,D,S,T,2024-03-26,1000000.00,4.496076,100.046875
08:01:19,912810TZ1,TSRYS5752098,D,S,A,2024-03-26,40430000.00,4.518851,99.75
08:01:19,912810TZ1,TSRYS5752098,D,S,T,2024-03-26,1000000.00,4.496076,100.046875
08:01:20,912810TZ1,TSRYS5752098,D,S,T,2024-03-26,1000000.00,4.496076,100.046875
08:01:20,912810TZ1,TSRYS5752098,D,S,T,2024-03-26,1000000.00,4.496076,100.046875
08:01:20,912810TZ1,TSRYS5752098,D,S,T,2024-03-26,1000000.00,4.496076,100.046875
08:01:20,912810TZ1,TSRYS5752098,D,S,T,2024-03-26,1000000.00,4.496076,100.046875
08:01:20,912810TZ1,TSRYS5752098,D,S,T,2024-03-26,1000000.00,4.496076,100.046875
08:01:20,912810TZ1,TSRYS5752098,D,S,T,2024-03-26,1000000.00,4.496076,100.046875
08:01:20,912810TZ1,TSRYS5752098,D,S,T,2024-03-26,1000000.00,4.496076,100.046875
08:01:20,912810TZ1,TSRYS5752098,D,S,T,2024-03-26,2000000.00,4.495926,100.048828125
08:01:20,912810TZ1,TSRYS5752098,D,S,T,2024-03-26,1000000.00,4.49473,100.064453125
08:01:20,912810TZ1,TSRYS5752098,D,S,T,2024-03-26,1000000.00,4.49488,100.0625
08:01:20,912810TZ1,TSRYS5752098,D,S,T,2024-03-26,1000000.00,4.48935,100.13476562
08:01:20,912810TZ1,TSRYS5752098,D,S,C,2024-03-26,5050000.00,4.518851,99.75
08:01:21,912810TZ1,TSRYS5752098,D,S,D,2024-03-26,1000000.00,4.4895,100.1328125
08:01:21,912810TZ1,TSRYS5752098,D,S,C,2024-03-26,5050000.00,4.518851,99.75
08:01:21,912810TZ1,TSRYS5752098,D,S,T,2024-03-26,1000000.00,4.487558,100.15820312
08:01:22,912810TZ1,TSRYS5752098,D,S,D,2024-03-26,1000000.00,4.493684,100.078125
08:01:22,912810TZ1,TSRYS5752098,D,S,T,2024-03-26,1000000.00,4.488902,100.140625
08:01:22,912810TZ1,TSRYS5752098,D,S,T,2024-03-26,1000000.00,4.493684,100.078125
08:01:22,912810TZ1,TSRYS5752098,D,S,T,2024-03-26,1000000.00,4.489948,100.12695312
08:01:22,912810TZ1,TSRYS5752098,D,S,T,2024-03-26,1000000.00,4.490097,100.125
08:01:22,912810TZ1,TSRYS5752098,D,S,T,2024-03-26,1000000.00,4.488902,100.140625
08:01:22,912810TZ1,TSRYS5752098,D,S,T,2024-03-26,1000000.00,4.488902,100.140625
08:01:23,912810TZ1,TSRYS5752098,D,S,D,2024-03-26,5050000.00,4.518851,99.75
08:01:23,912810TZ1,TSRYS5752098,D,S,D,2024-03-26,25300000.00,4.518851,99.75
08:01:23,912810TZ1,TSRYS5752098,D,B,A,2024-03-26,10100000.00,4.518851,99.75
08:01:24,912810TZ1,TSRYS5752098,D,B,C,2024-03-26,5050000.00,4.518851,99.75
08:01:24,912810TZ1,TSRYS5752098,D,B,C,2024-03-26,19230000.00,4.518851,99.75
08:01:24,912810TZ1,TSRYS5752098,D,B,C,2024-03-26,6070000.00,4.518851,99.75
08:01:26,912810TZ1,TSRYS5752098,D,B,C,2024-03-26,3000000.00,4.488802,100.14193
08:01:27,912810TZ1,TSRYS5752098,D,S,A,2024-03-26,500000.00,4.484125,100.203125
08:01:27,912810TZ1,TSRYS5752098,D,S,D,2024-03-26,1000000.00,4.49488,100.0625
08:01:27,912810TZ1,TSRYS5752098,D,S,A,2024-03-26,500000.00,4.486513,100.171875
08:01:27,912810TZ1,TSRYS5752098,D,S,C,2024-03-26,1000000.00,4.497721,100.02539062
08:01:27,912810TZ1,TSRYS5752098,D,S,D,2024-03-26,1000000.00,4.497721,100.02539062
08:01:28,912810TZ1,TSRYS5752098,D,S,T,2024-03-26,1000000.00,4.49802,100.02148437
08:01:29,912810TZ1,TSRYS5752098,D,B,A,2024-03-26,150000.00,4.488902,100.140625
08:01:29,912810TZ1,TSRYS5752098,D,S,D,2024-03-26,1000000.00,4.497721,100.02539062
08:01:29,912810TZ1,TSRYS5752098,D,S,D,2024-03-26,1000000.00,4.497871,100.0234375
08:01:29,912810TZ1,TSRYS5752098,D,S,D,2024-03-26,1000000.00,4.497871,100.0234375
08:01:29,912810TZ1,TSRYS5752098,D,S,C,2024-03-26,1000000.00,4.498918,100.00976562
08:01:31,912810TZ1,TSRYS5752098,D,S,D,2024-03-26,5000000.00,4.494826,100.0632
08:01:31,912810TZ1,TSRYS5752098,D,B,C,2024-03-26,10000000.00,4.498268,100.01825
08:01:31,912810TZ1,TSRYS5752098,D,S,A,2024-03-26,600000.00,4.488248,100.1484375
08:01:33,912810TZ1,TSRYS5752098,D,B,C,2024-03-26,4392000.00,4.494282,100.0703125
08:01:34,912810TZ1,TSRYS5752098,D,S,A,2024-03-26,153000.00,4.493983,100.07421875
08:01:34,912810TZ1,TSRYS5752098,D,S,C,2024-03-26,1000000.00,4.497613,100.0268
08:01:34,912810TZ1,TSRYS5752098,D,S,A,2024-03-26,4600000.00,4.481737,100.234375
08:01:37,912810TZ1,TSRYS5752098,D,S,D,2024-03-26,8000000.00,4.503052,99.95582
08:01:38,912810TZ1,TSRYS5752098,D,S,A,2024-03-26,613000.00,4.500265,99.9921875
08:01:38,912810TZ1,TSRYS5752098,D,S,D,2024-03-26,1000000.00,4.490545,100.119140625
08:01:39,912810TZ1,TSRYS5752098,D,S,D,2024-03-26,1000000.00,4.491292,100.109375
08:01:40,912810TZ1,TSRYS5752098,D,S,D,2024-03-26,1000000.00,4.50236,99.96484375
08:01:40,912810TZ1,TSRYS5752098,D,S,T,2024-03-26,1000000.00,4.502076,99.96855
08:01:40,912810TZ1,TSRYS5752098,D,S,T,2024-03-26,1000000.00,4.502076,99.96855
08:01:40,912810TZ1,TSRYS5752098,D,S,T,2024-03-26,1000000.00,4.502076,99.96855
08:01:40,912810TZ1,TSRYS5752098,D,S,T,2024-03-26,1000000.00,4.502076,99.96855
08:01:41,912810TZ1,TSRYS5752098,D,S,D,2024-03-26,1000000.00,4.502061,99.96875
08:01:41,912810TZ1,TSRYS5752098,D,S,A,2024-03-26,95000.00,4.494581,100.06640625
08:01:41,912810TZ1,TSRYS5752098,D,S,T,2024-03-26,1000000.00,4.502809,99.95898437
08:01:41,912810TZ1,TSRYS5752098,D,S,D,2024-03-26,1000000.00,4.502809,99.95898437
08:01:42,912810TZ1,TSRYS5752098,D,S,T,2024-03-26,1000000.00,4.504456,99.9375
08:01:42,912810TZ1,TSRYS5752098,D,S,T,2024-03-26,1000000.00,4.504456,99.9375
08:01:42,912810TZ1,TSRYS5752098,D,S,T,2024-03-26,1000000.00,4.504456,99.9375
08:01:42,912810TZ1,TSRYS5752098,D,S,T,2024-03-26,1000000.00,4.504456,99.9375
08:01:42,912810TZ1,TSRYS5752098,D,S,T,2024-03-26,1000000.00,4.504456,99.9375
08:01:42,912810TZ1,TSRYS5752098,D,S,T,2024-03-26,1000000.00,4.504456,99.9375
08:01:42,912810TZ1,TSRYS5752098,D,S,T,2024-03-26,1000000.00,4.504456,99.9375
08:01:42,912810TZ1,TSRYS5752098,D,S,T,2024-03-26,1000000.00,4.504456,99.9375
08:01:42,912810TZ1,TSRYS5752098,D,S,T,2024-03-26,1000000.00,4.504456,99.9375
08:01:42,912810TZ1,TSRYS5752098,D,S,T,2024-03-26,1000000.00,4.504456,99.9375
08:01:42,912810TZ1,TSRYS5752098,D,S,T,2024-03-26,1000000.00,4.504456,99.9375
08:01:42,912810TZ1,TSRYS5752098,D,S,T,2024-03-26,1000000.00,4.504472,99.9373
08:01:42,912810TZ1,TSRYS5752098,D,B,C,2024-03-26,20000000.00,4.503647,99.94806
08:01:44,912810TZ1,TSRYS5752098,D,S,D,2024-03-26,1000000.00,4.501462,99.9765625
08:01:44,912810TZ1,TSRYS5752098,D,S,D,2024-03-26,1000000.00,4.501462,99.9765625
08:01:44,912810TZ1,TSRYS5752098,D,S,D,2024-03-26,1000000.00,4.501462,99.9765625
08:01:44,912810TZ1,TSRYS5752098,D,S,D,2024-03-26,1000000.00,4.501462,99.9765625
08:01:44,912810TZ1,TSRYS5752098,D,S,D,2024-03-26,1000000.00,4.501462,99.9765625
08:01:44,912810TZ1,TSRYS5752098,D,S,D,2024-03-26,1000000.00,4.501462,99.9765625
08:01:44,912810TZ1,TSRYS5752098,D,S,D,2024-03-26,1000000.00,4.501462,99.9765625
08:01:44,912810TZ1,TSRYS5752098,D,S,D,2024-03-26,1000000.00,4.501462,99.9765625
08:01:44,912810TZ1,TSRYS5752098,D,S,T,2024-03-26,1000000.00,4.501013,99.98242187
08:01:44,912810TZ1,TSRYS5752098,D,S,D,2024-03-26,1000000.00,4.500863,99.984375
08:01:44,912810TZ1,TSRYS5752098,D,S,T,2024-03-26,1000000.00,4.500863,99.984375
08:01:44,912810TZ1,TSRYS5752098,D,S,D,2024-03-26,1000000.00,4.500863,99.984375
08:01:44,912810TZ1,TSRYS5752098,D,S,D,2024-03-26,1000000.00,4.501163,99.98046875
08:01:44,912810TZ1,TSRYS5752098,D,S,D,2024-03-26,1000000.00,4.501462,99.9765625
08:01:44,912810TZ1,TSRYS5752098,D,S,D,2024-03-26,1000000.00,4.501462,99.9765625
08:01:44,912810TZ1,TSRYS5752098,D,S,D,2024-03-26,1000000.00,4.501462,99.9765625
08:01:44,912810TZ1,TSRYS5752098,D,S,D,2024-03-26,1000000.00,4.501462,99.9765625
08:01:44,912810TZ1,TSRYS5752098,D,S,D,2024-03-26,1000000.00,4.501462,99.9765625
08:01:44,912810TZ1,TSRYS5752098,D,S,D,2024-03-26,1000000.00,4.501462,99.9765625
08:01:44,912810TZ1,TSRYS5752098,D,S,D,2024-03-26,1000000.00,4.501462,99.9765625
08:01:44,912810TZ1,TSRYS5752098,D,S,A,2024-03-26,630000.00,4.502659,99.9609375
08:01:44,912810TZ1,TSRYS5752098,D,B,C,2024-03-26,20000000.00,4.501363,99.97785
08:01:45,912810TZ1,TSRYS5752098,D,S,D,2024-03-26,1000000.00,4.49473,100.064453125
08:01:45,912810TZ1,TSRYS5752098,D,S,D,2024-03-26,1000000.00,4.49488,100.0625
08:01:48,912810TZ1,TSRYS5752098,D,S,A,2024-03-26,630000.00,4.489201,100.13671875
08:01:48,912810TZ1,TSRYS5752098,D,B,C,2024-03-26,1000000.00,4.48711,100.1640625
08:01:48,912810TZ1,TSRYS5752098,D,B,C,2024-03-26,1000000.00,4.487259,100.16210937
08:01:49,912810TZ1,TSRYS5752098,D,B,C,2024-03-26,1000000.00,4.486812,100.16796875
08:01:49,912810TZ1,TSRYS5752098,D,B,C,2024-03-26,1000000.00,4.486961,100.16601562
08:01:51,912810TZ1,TSRYS5752098,D,S,C,2024-03-26,15000000.00,4.487567,100.15809
08:01:52,912810TZ1,TSRYS5752098,D,S,C,2024-03-26,8000000.00,4.485601,100.18381
08:01:59,912810TZ1,TSRYS5752098,D,S,C,2024-03-26,1500000.00,4.488896,100.140625
08:01:59,912810TZ1,TSRYS5752098,D,B,C,2024-03-26,1000000.00,4.493976,100.07421875
08:02:00,912810TZ1,TSRYS5752098,D,B,A,2024-03-26,500000.00,4.493086,100.0859375
08:02:02,912810TZ1,TSRYS5752098,D,B,C,2024-03-26,1000000.00,4.492338,100.09570312
08:02:02,912810TZ1,TSRYS5752098,D,B,C,2024-03-26,1000000.00,4.492488,100.09375
08:02:03,912810TZ1,TSRYS5752098,D,S,D,2024-03-26,1000000.00,4.502061,99.96875
08:02:03,912810TZ1,TSRYS5752098,D,B,C,2024-03-26,1000000.00,4.502061,99.96875
08:02:04,912810TZ1,TSRYS5752098,D,B,C,2024-03-26,1000000.00,4.494132,100.07226562
08:02:05,912810TZ1,TSRYS5752098,D,S,A,2024-03-26,5000000.00,4.4895,100.1328125
08:02:05,912810TZ1,TSRYS5752098,D,S,A,2024-03-26,5000000.00,4.4895,100.1328125
08:02:05,912810TZ1,TSRYS5752098,D,B,C,2024-03-26,1000000.00,4.493983,100.07421875
08:02:05,912810TZ1,TSRYS5752098,D,B,C,2024-03-26,1000000.00,4.496076,100.046875
08:02:05,912810TZ1,TSRYS5752098,D,B,C,2024-03-26,1000000.00,4.496076,100.046875
08:02:05,912810TZ1,TSRYS5752098,D,B,C,2024-03-26,1000000.00,4.496076,100.046875
08:02:06,912810TZ1,TSRYS5752098,D,S,C,2024-03-26,1000000.00,4.498469,100.015625
08:02:06,912810TZ1,TSRYS5752098,D,S,C,2024-03-26,1000000.00,4.49488,100.0625
08:02:06,912810TZ1,TSRYS5752098,D,B,C,2024-03-26,1000000.00,4.494893,100.062325
08:02:07,912810TZ1,TSRYS5752098,D,B,C,2024-03-26,1000000.00,4.490112,100.1248
08:02:07,912810TZ1,TSRYS5752098,D,B,C,2024-03-26,1000000.00,4.490111,100.124825
08:02:07,912810TZ1,TSRYS5752098,D,S,C,2024-03-26,1000000.00,4.490086,100.12515
08:02:07,912810TZ1,TSRYS5752098,D,S,C,2024-03-26,1000000.00,4.490086,100.12515
08:02:07,912810TZ1,TSRYS5752098,D,S,C,2024-03-26,1000000.00,4.490086,100.12515
08:02:07,912810TZ1,TSRYS5752098,D,B,C,2024-03-26,1000000.00,4.490111,100.124825
08:02:07,912810TZ1,TSRYS5752098,D,S,D,2024-03-26,1000000.00,4.488902,100.140625
08:02:08,912810TZ1,TSRYS5752098,D,S,C,2024-03-26,1000000.00,4.486501,100.172025
08:02:08,912810TZ1,TSRYS5752098,D,B,C,2024-03-26,1000000.00,4.486526,100.1717
08:02:08,912810TZ1,TSRYS5752098,D,S,C,2024-03-26,1000000.00,4.486501,100.172025
08:02:09,912810TZ1,TSRYS5752098,D,S,C,2024-03-26,1000000.00,4.485307,100.18765
08:02:09,912810TZ1,TSRYS5752098,D,S,C,2024-03-26,1000000.00,4.485307,100.18765
08:02:09,912810TZ1,TSRYS5752098,D,B,C,2024-03-26,1000000.00,4.485332,100.187325
08:02:09,912810TZ1,TSRYS5752098,D,B,C,2024-03-26,1000000.00,4.48653,100.171648
08:02:09,912810TZ1,TSRYS5752098,D,B,C,2024-03-26,1000000.00,4.485332,100.187325
08:02:09,912810TZ1,TSRYS5752098,D,B,C,2024-03-26,1000000.00,4.485336,100.187275
08:02:09,912810TZ1,TSRYS5752098,D,S,C,2024-03-26,1000000.00,4.485307,100.18765
08:02:09,912810TZ1,TSRYS5752098,D,S,C,2024-03-26,1000000.00,4.485307,100.18765
08:02:09,912810TZ1,TSRYS5752098,D,S,C,2024-03-26,1000000.00,4.485307,100.18765
08:02:09,912810TZ1,TSRYS5752098,D,B,C,2024-03-26,1000000.00,4.485334,100.1873
08:02:09,912810TZ1,TSRYS5752098,D,B,C,2024-03-26,1000000.00,4.485334,100.1873
08:02:20,912810TZ1,TSRYS5752098,D,B,C,2024-03-26,1000000.00,4.481751,100.2342
08:02:20,912810TZ1,TSRYS5752098,D,S,C,2024-03-26,1000000.00,4.481726,100.234525
08:02:20,912810TZ1,TSRYS5752098,D,B,C,2024-03-26,1000000.00,4.481751,100.2342
08:02:20,912810TZ1,TSRYS5752098,D,S,C,2024-03-26,1000000.00,4.481726,100.234525
08:02:21,912810TZ1,TSRYS5752098,D,S,D,2024-03-26,1000000.00,4.481737,100.234375
08:02:21,912810TZ1,TSRYS5752098,D,B,C,2024-03-26,1000000.00,4.481753,100.234175
08:02:21,912810TZ1,TSRYS5752098,D,S,C,2024-03-26,1000000.00,4.479336,100.265825
08:02:21,912810TZ1,TSRYS5752098,D,S,C,2024-03-26,1000000.00,4.479351,100.265625
08:02:21,912810TZ1,TSRYS5752098,D,S,D,2024-03-26,2000000.00,4.494858,100.0627766
08:02:21,912810TZ1,TSRYS5752098,D,S,T,2024-03-26,1000000.00,4.493235,100.083984375
08:02:21,912810TZ1,TSRYS5752098,D,B,C,2024-03-26,1000000.00,4.479366,100.265425
08:02:21,912810TZ1,TSRYS5752098,D,S,T,2024-03-26,2000000.00,4.50221,99.966796875
08:02:21,912810TZ1,TSRYS5752098,D,S,T,2024-03-26,1000000.00,4.50221,99.966796875
08:02:21,912810TZ1,TSRYS5752098,D,S,T,2024-03-26,1000000.00,4.50221,99.966796875
08:02:21,912810TZ1,TSRYS5752098,D,S,T,2024-03-26,1000000.00,4.497272,100.03125
08:02:21,912810TZ1,TSRYS5752098,D,S,T,2024-03-26,1000000.00,4.497721,100.025390625
08:02:21,912810TZ1,TSRYS5752098,D,S,T,2024-03-26,2000000.00,4.504007,99.943359375
08:02:21,912810TZ1,TSRYS5752098,D,S,A,2024-03-26,90000.00,4.503857,99.9453125
08:02:21,912810TZ1,TSRYS5752098,D,S,T,2024-03-26,1000000.00,4.50221,99.966796875
08:02:21,912810TZ1,TSRYS5752098,D,S,T,2024-03-26,1000000.00,4.50221,99.966796875
08:02:21,912810TZ1,TSRYS5752098,D,S,T,2024-03-26,1000000.00,4.502061,99.96875
08:02:21,912810TZ1,TSRYS5752098,D,S,T,2024-03-26,1000000.00,4.502061,99.96875
08:02:21,912810TZ1,TSRYS5752098,D,S,T,2024-03-26,1000000.00,4.501462,99.9765625
08:02:21,912810TZ1,TSRYS5752098,D,S,T,2024-03-26,1000000.00,4.501462,99.9765625
08:02:21,912810TZ1,TSRYS5752098,D,S,T,2024-03-26,1000000.00,4.501911,99.970703125
08:02:21,912810TZ1,TSRYS5752098,D,S,C,2024-03-26,1000000.00,4.479336,100.265825
08:02:21,912810TZ1,TSRYS5752098,D,S,A,2024-03-26,900000.00,4.495478,100.0546875
08:02:21,912810TZ1,TSRYS5752098,D,B,C,2024-03-26,1000000.00,4.479364,100.26545
08:02:22,912810TZ1,TSRYS5752098,D,S,T,2024-03-26,1000000.00,4.482782,100.220703125
08:02:22,912810TZ1,TSRYS5752098,D,S,T,2024-03-26,1000000.00,4.482782,100.220703125
08:02:22,912810TZ1,TSRYS5752098,D,S,T,2024-03-26,1000000.00,4.482782,100.220703125
08:02:22,912810TZ1,TSRYS5752098,D,S,T,2024-03-26,1000000.00,4.482782,100.220703125
08:02:22,912810TZ1,TSRYS5752098,D,S,T,2024-03-26,1000000.00,4.485319,100.1875
08:02:22,912810TZ1,TSRYS5752098,D,S,T,2024-03-26,1000000.00,4.485319,100.1875
08:02:22,912810TZ1,TSRYS5752098,D,S,T,2024-03-26,1000000.00,4.485319,100.1875
08:02:22,912810TZ1,TSRYS5752098,D,S,T,2024-03-26,1000000.00,4.485319,100.1875
08:02:22,912810TZ1,TSRYS5752098,D,S,T,2024-03-26,1000000.00,4.482931,100.21875
08:02:22,912810TZ1,TSRYS5752098,D,S,T,2024-03-26,1000000.00,4.483528,100.2109375
08:02:22,912810TZ1,TSRYS5752098,D,S,T,2024-03-26,1000000.00,4.485319,100.1875
08:02:22,912810TZ1,TSRYS5752098,D,S,D,2024-03-26,10000.00,4.488902,100.140625
08:02:23,912810TZ1,TSRYS5752098,D,B,C,2024-03-26,1000000.00,4.485319,100.1875
08:02:23,912810TZ1,TSRYS5752098,D,S,C,2024-03-26,1000000.00,4.485319,100.1875
08:02:23,912810TZ1,TSRYS5752098,D,S,C,2024-03-26,1000000.00,4.487692,100.15645
08:02:24,912810TZ1,TSRYS5752098,D,S,D,2024-03-26,1000000.00,4.488902,100.140625
08:02:24,912810TZ1,TSRYS5752098,D,B,C,2024-03-26,1000000.00,4.488914,100.140475
08:02:26,912810TZ1,TSRYS5752098,D,S,D,2024-03-26,1000000.00,4.491292,100.109375
08:02:26,912810TZ1,TSRYS5752098,D,S,C,2024-03-26,1000000.00,4.491281,100.109527
08:02:28,912810TZ1,TSRYS5752098,D,S,C,2024-03-26,1000000.00,4.492488,100.09375
08:02:29,912810TZ1,TSRYS5752098,D,S,C,2024-03-26,1000000.00,4.490097,100.125
08:02:29,912810TZ1,TSRYS5752098,D,S,C,2024-03-26,1000000.00,4.490097,100.125
08:02:30,912810TZ1,TSRYS5752098,D,S,C,2024-03-26,1000000.00,4.491292,100.109375
08:02:31,912810TZ1,TSRYS5752098,D,S,D,2024-03-26,1000000.00,4.488902,100.140625
08:02:31,912810TZ1,TSRYS5752098,D,S,D,2024-03-26,1000000.00,4.488902,100.140625
08:02:31,912810TZ1,TSRYS5752098,D,B,C,2024-03-26,1000000.00,4.488902,100.140625
08:02:31,912810TZ1,TSRYS5752098,D,S,D,2024-03-26,1000000.00,4.503258,99.953125
08:02:31,912810TZ1,TSRYS5752098,D,S,D,2024-03-26,1000000.00,4.503258,99.953125
08:02:31,912810TZ1,TSRYS5752098,D,S,D,2024-03-26,1000000.00,4.503109,99.955078125
08:02:34,912810TZ1,TSRYS5752098,D,B,A,2024-03-26,200000.00,4.501462,99.9765625
08:02:34,912810TZ1,TSRYS5752098,D,S,C,2024-03-26,1000000.00,4.492488,100.09375
08:02:34,912810TZ1,TSRYS5752098,D,B,C,2024-03-26,1000000.00,4.492505,100.093523
08:02:35,912810TZ1,TSRYS5752098,D,B,C,2024-03-26,1000000.00,4.492505,100.093523
08:02:35,912810TZ1,TSRYS5752098,D,S,C,2024-03-26,1000000.00,4.492488,100.09375
08:02:37,912810TZ1,TSRYS5752098,D,S,D,2024-03-26,1000000.00,4.504456,99.9375
08:02:38,912810TZ1,TSRYS5752098,D,S,C,2024-03-26,1000000.00,4.493684,100.078125
08:02:39,912810TZ1,TSRYS5752098,D,S,T,2024-03-26,1000000.00,4.499666,100.0
08:02:39,912810TZ1,TSRYS5752098,D,S,C,2024-03-26,1000000.00,4.49488,100.0625
08:02:40,912810TZ1,TSRYS5752098,D,S,C,2024-03-26,1000000.00,4.494864,100.0627
08:02:40,912810TZ1,TSRYS5752098,D,S,C,2024-03-26,1000000.00,4.49488,100.0625
08:02:40,912810TZ1,TSRYS5752098,D,S,D,2024-03-26,1000000.00,4.502809,99.958984375
08:02:40,912810TZ1,TSRYS5752098,D,S,C,2024-03-26,1000000.00,4.497272,100.03125
08:02:40,912810TZ1,TSRYS5752098,D,S,C,2024-03-26,1000000.00,4.498469,100.015625
08:02:41,912810TZ1,TSRYS5752098,D,S,D,2024-03-26,1000000.00,4.496064,100.047027
08:02:41,912810TZ1,TSRYS5752098,D,S,C,2024-03-26,1000000.00,4.496076,100.046875
08:02:41,912810TZ1,TSRYS5752098,D,S,D,2024-03-26,1000000.00,4.494868,100.062652
08:02:41,912810TZ1,TSRYS5752098,D,S,D,2024-03-26,1000000.00,4.504456,99.9375
08:02:42,912810TZ1,TSRYS5752098,D,S,D,2024-03-26,1000000.00,4.504456,99.9375
08:02:42,912810TZ1,TSRYS5752098,D,S,D,2024-03-26,1000000.00,4.504456,99.9375
08:02:42,912810TZ1,TSRYS5752098,D,S,D,2024-03-26,1000000.00,4.504456,99.9375
08:02:42,912810TZ1,TSRYS5752098,D,S,D,2024-03-26,1000000.00,4.504456,99.9375
08:02:42,912810TZ1,TSRYS5752098,D,S,D,2024-03-26,1000000.00,4.504456,99.9375
08:02:42,912810TZ1,TSRYS5752098,D,S,D,2024-03-26,1000000.00,4.504456,99.9375
08:02:42,912810TZ1,TSRYS5752098,D,S,D,2024-03-26,1000000.00,4.504456,99.9375
08:02:42,912810TZ1,TSRYS5752098,D,S,D,2024-03-26,1000000.00,4.504456,99.9375
08:02:44,912810TZ1,TSRYS5752098,D,S,C,2024-03-26,1000000.00,4.499651,100.0002
08:02:45,912810TZ1,TSRYS5752098,D,S,C,2024-03-26,1000000.00,4.504456,99.9375
08:02:45,912810TZ1,TSRYS5752098,D,B,C,2024-03-26,1000000.00,4.503258,99.953125
08:02:45,912810TZ1,TSRYS5752098,D,S,D,2024-03-26,1000000.00,4.503258,99.953125
08:02:45,912810TZ1,TSRYS5752098,D,S,D,2024-03-26,1000000.00,4.503258,99.953125
08:02:45,912810TZ1,TSRYS5752098,D,S,D,2024-03-26,1000000.00,4.503258,99.953125
08:02:45,912810TZ1,TSRYS5752098,D,S,D,2024-03-26,1000000.00,4.503258,99.953125
08:02:45,912810TZ1,TSRYS5752098,D,B,C,2024-03-26,1000000.00,4.50327,99.952975
08:02:45,912810TZ1,TSRYS5752098,D,S,D,2024-03-26,1000000.00,4.503258,99.953125
08:02:46,912810TZ1,TSRYS5752098,D,S,D,2024-03-26,1000000.00,4.504456,99.9375
08:02:46,912810TZ1,TSRYS5752098,D,S,D,2024-03-26,1000000.00,4.504456,99.9375
08:02:46,912810TZ1,TSRYS5752098,D,S,D,2024-03-26,2000000.00,4.500863,99.984375
08:02:46,912810TZ1,TSRYS5752098,D,S,D,2024-03-26,1000000.00,4.500863,99.984375
08:02:46,912810TZ1,TSRYS5752098,D,S,D,2024-03-26,1000000.00,4.500863,99.984375
08:02:46,912810TZ1,TSRYS5752098,D,S,D,2024-03-26,1000000.00,4.500863,99.984375
08:02:46,912810TZ1,TSRYS5752098,D,B,C,2024-03-26,1000000.00,4.500863,99.984375
08:02:46,912810TZ1,TSRYS5752098,D,S,D,2024-03-26,1000000.00,4.500863,99.984375
08:02:46,912810TZ1,TSRYS5752098,D,B,C,2024-03-26,1000000.00,4.500863,99.984375
08:02:46,912810TZ1,TSRYS5752098,D,S,D,2024-03-26,1000000.00,4.502061,99.96875
08:02:46,912810TZ1,TSRYS5752098,D,S,D,2024-03-26,1000000.00,4.502061,99.96875
08:02:46,912810TZ1,TSRYS5752098,D,B,C,2024-03-26,1000000.00,4.502061,99.96875
08:02:46,912810TZ1,TSRYS5752098,D,S,D,2024-03-26,1000000.00,4.502061,99.96875
08:02:46,912810TZ1,TSRYS5752098,D,B,C,2024-03-26,1000000.00,4.502061,99.96875
08:02:46,912810TZ1,TSRYS5752098,D,S,D,2024-03-26,1000000.00,4.502061,99.96875
08:02:46,912810TZ1,TSRYS5752098,D,B,C,2024-03-26,1000000.00,4.502061,99.96875
08:02:46,912810TZ1,TSRYS5752098,D,S,D,2024-03-26,1000000.00,4.502061,99.96875
08:02:46,912810TZ1,TSRYS5752098,D,S,C,2024-03-26,1000000.00,4.501462,99.9765625
08:02:46,912810TZ1,TSRYS5752098,D,S,C,2024-03-26,1000000.00,4.501312,99.978515625
08:02:46,912810TZ1,TSRYS5752098,D,S,D,2024-03-26,1000000.00,4.502061,99.96875
08:02:47,912810TZ1,TSRYS5752098,D,S,D,2024-03-26,1000000.00,4.501013,99.982421875
08:02:47,912810TZ1,TSRYS5752098,D,S,D,2024-03-26,1000000.00,4.500863,99.984375
08:02:49,912810TZ1,TSRYS5752098,D,S,C,2024-03-26,1000000.00,4.503258,99.953125
08:02:49,912810TZ1,TSRYS5752098,D,S,C,2024-03-26,1000000.00,4.503258,99.953125
08:02:50,912810TZ1,TSRYS5752098,D,S,C,2024-03-26,1000000.00,4.499666,100.0
08:02:51,912810TZ1,TSRYS5752098,D,S,C,2024-03-26,1000000.00,4.497261,100.0314
08:02:51,912810TZ1,TSRYS5752098,D,B,C,2024-03-26,2900000.00,4.495778,100.05038125
08:02:51,912810TZ1,TSRYS5752098,D,S,C,2024-03-26,1000000.00,4.498469,100.015625
08:02:51,912810TZ1,TSRYS5752098,D,S,C,2024-03-26,1000000.00,4.496076,100.046875
08:02:51,912810TZ1,TSRYS5752098,D,S,D,2024-03-26,1000000.00,4.496076,100.046875
08:02:52,912810TZ1,TSRYS5752098,D,S,C,2024-03-26,1000000.00,4.493684,100.078125
08:02:52,912810TZ1,TSRYS5752098,D,B,C,2024-03-26,1000000.00,4.493699,100.077925
08:02:53,912810TZ1,TSRYS5752098,D,B,C,2024-03-26,1000000.00,4.491308,100.109175
08:02:53,912810TZ1,TSRYS5752098,D,S,C,2024-03-26,1000000.00,4.491281,100.109525
08:02:53,912810TZ1,TSRYS5752098,D,S,C,2024-03-26,1000000.00,4.491277,100.109575
08:02:53,912810TZ1,TSRYS5752098,D,S,C,2024-03-26,1000000.00,4.492488,100.09375
08:02:53,912810TZ1,TSRYS5752098,D,S,D,2024-03-26,1000000.00,4.493684,100.078125
08:02:54,912810TZ1,TSRYS5752098,D,B,C,2024-03-26,1000000.00,4.500863,99.984375
08:02:54,912810TZ1,TSRYS5752098,D,S,C,2024-03-26,1000000.00,4.500863,99.984375
08:02:55,912810TZ1,TSRYS5752098,D,S,C,2024-03-26,1000000.00,4.502061,99.96875
08:02:55,912810TZ1,TSRYS5752098,D,S,C,2024-03-26,1000000.00,4.500863,99.984375
08:02:56,912810TZ1,TSRYS5752098,D,B,C,2024-03-26,1000000.00,4.502061,99.96875
08:02:56,912810TZ1,TSRYS5752098,D,S,C,2024-03-26,1000000.00,4.502061,99.96875
08:02:58,912810TZ1,TSRYS5752098,D,S,C,2024-03-26,1000000.00,4.503243,99.953327
08:02:58,912810TZ1,TSRYS5752098,D,S,C,2024-03-26,1000000.00,4.503243,99.953327
08:02:58,912810TZ1,TSRYS5752098,D,B,C,2024-03-26,2000000.00,4.503258,99.953125
08:02:58,912810TZ1,TSRYS5752098,D,B,C,2024-03-26,1000000.00,4.50327,99.952975
08:02:58,912810TZ1,TSRYS5752098,D,S,C,2024-03-26,1000000.00,4.503243,99.953327
08:02:58,912810TZ1,TSRYS5752098,D,S,C,2024-03-26,2000000.00,4.503243,99.953327
08:02:58,912810TZ1,TSRYS5752098,D,S,D,2024-03-26,2000000.00,4.504456,99.9375
08:02:58,912810TZ1,TSRYS5752098,D,S,C,2024-03-26,2000000.00,4.504441,99.9377
08:02:58,912810TZ1,TSRYS5752098,D,S,C,2024-03-26,1000000.00,4.504456,99.9375
08:02:58,912810TZ1,TSRYS5752098,D,S,C,2024-03-26,2000000.00,4.504456,99.9375
08:02:58,912810TZ1,TSRYS5752098,D,S,D,2024-03-26,1000000.00,4.504456,99.9375
08:02:58,912810TZ1,TSRYS5752098,D,S,C,2024-03-26,2000000.00,4.504456,99.9375
08:02:58,912810TZ1,TSRYS5752098,D,S,C,2024-03-26,1000000.00,4.504456,99.9375
08:02:58,912810TZ1,TSRYS5752098,D,S,C,2024-03-26,2000000.00,4.504456,99.9375
08:02:58,912810TZ1,TSRYS5752098,D,S,D,2024-03-26,2000000.00,4.504456,99.9375
08:02:58,912810TZ1,TSRYS5752098,D,S,D,2024-03-26,2000000.00,4.504456,99.9375
08:02:58,912810TZ1,TSRYS5752098,D,S,C,2024-03-26,1000000.00,4.504456,99.9375
08:02:58,912810TZ1,TSRYS5752098,D,S,D,2024-03-26,1000000.00,4.504456,99.9375
08:02:58,912810TZ1,TSRYS5752098,D,S,C,2024-03-26,1000000.00,4.504441,99.9377
08:02:58,912810TZ1,TSRYS5752098,D,S,D,2024-03-26,1000000.00,4.504456,99.9375
08:02:58,912810TZ1,TSRYS5752098,D,S,C,2024-03-26,1000000.00,4.504441,99.9377
08:02:58,912810TZ1,TSRYS5752098,D,S,C,2024-03-26,1000000.00,4.504456,99.9375
08:02:58,912810TZ1,TSRYS5752098,D,S,C,2024-03-26,1000000.00,4.504456,99.9375
08:02:58,912810TZ1,TSRYS5752098,D,S,C,2024-03-26,1000000.00,4.504441,99.9377
08:02:58,912810TZ1,TSRYS5752098,D,S,C,2024-03-26,2000000.00,4.504456,99.9375
08:02:59,912810TZ1,TSRYS5752098,D,S,D,2024-03-26,1000000.00,4.48935,100.134765625
08:02:59,912810TZ1,TSRYS5752098,D,S,D,2024-03-26,1000000.00,4.502061,99.96875
08:02:59,912810TZ1,TSRYS5752098,D,B,C,2024-03-26,1000000.00,4.502061,99.96875
08:02:59,912810TZ1,TSRYS5752098,D,S,D,2024-03-26,1000000.00,4.487707,100.15625
08:02:59,912810TZ1,TSRYS5752098,D,S,C,2024-03-26,1000000.00,4.490097,100.125
08:03:00,912810TZ1,TSRYS5752098,D,S,C,2024-03-26,1000000.00,4.502045,99.968952
08:03:00,912810TZ1,TSRYS5752098,D,S,C,2024-03-26,1000000.00,4.502045,99.968952
08:03:00,912810TZ1,TSRYS5752098,D,S,C,2024-03-26,1000000.00,4.502045,99.968952
08:03:00,912810TZ1,TSRYS5752098,D,S,C,2024-03-26,1000000.00,4.502045,99.968952
08:03:00,912810TZ1,TSRYS5752098,D,S,C,2024-03-26,1000000.00,4.502045,99.968952
08:03:00,912810TZ1,TSRYS5752098,D,B,C,2024-03-26,1000000.00,4.502061,99.96875
08:03:00,912810TZ1,TSRYS5752098,D,S,D,2024-03-26,1000000.00,4.502061,99.96875
08:03:01,912810TZ1,TSRYS5752098,D,S,D,2024-03-26,1000000.00,4.502061,99.96875
08:03:01,912810TZ1,TSRYS5752098,D,S,D,2024-03-26,1000000.00,4.486662,100.169921875
08:03:01,912810TZ1,TSRYS5752098,D,S,D,2024-03-26,1000000.00,4.486662,100.169921875
08:03:01,912810TZ1,TSRYS5752098,D,S,D,2024-03-26,1000000.00,4.486662,100.169921875
08:03:01,912810TZ1,TSRYS5752098,D,S,C,2024-03-26,1000000.00,4.487558,100.158203125
08:03:02,912810TZ1,TSRYS5752098,D,B,C,2024-03-26,1000000.00,4.503258,99.953125
08:03:02,912810TZ1,TSRYS5752098,D,S,D,2024-03-26,1000000.00,4.503258,99.953125
08:03:02,912810TZ1,TSRYS5752098,D,B,C,2024-03-26,1000000.00,4.503258,99.953125
08:03:02,912810TZ1,TSRYS5752098,D,S,C,2024-03-26,1000000.00,4.503258,99.953125
08:03:02,912810TZ1,TSRYS5752098,D,S,D,2024-03-26,1000000.00,4.504456,99.9375
08:03:02,912810TZ1,TSRYS5752098,D,B,C,2024-03-26,1000000.00,4.504456,99.9375
08:03:02,912810TZ1,TSRYS5752098,D,S,D,2024-03-26,1000000.00,4.504456,99.9375
08:03:02,912810TZ1,TSRYS5752098,D,S,D,2024-03-26,2000000.00,4.504456,99.9375
08:03:02,912810TZ1,TSRYS5752098,D,S,D,2024-03-26,1000000.00,4.504456,99.9375
08:03:02,912810TZ1,TSRYS5752098,D,B,C,2024-03-26,2000000.00,4.504456,99.9375
08:03:02,912810TZ1,TSRYS5752098,D,S,D,2024-03-26,1000000.00,4.504456,99.9375
08:03:03,912810TZ1,TSRYS5752098,D,B,C,2024-03-26,1000000.00,4.504456,99.9375
08:03:03,912810TZ1,TSRYS5752098,D,S,D,2024-03-26,1000000.00,4.504456,99.9375
08:03:03,912810TZ1,TSRYS5752098,D,S,D,2024-03-26,1000000.00,4.504456,99.9375
08:03:03,912810TZ1,TSRYS5752098,D,S,D,2024-03-26,1000000.00,4.504456,99.9375
08:03:03,912810TZ1,TSRYS5752098,D,S,D,2024-03-26,1000000.00,4.504456,99.9375
08:03:03,912810TZ1,TSRYS5752098,D,S,D,2024-03-26,1000000.00,4.504456,99.9375
08:03:03,912810TZ1,TSRYS5752098,D,S,C,2024-03-26,1000000.00,4.503258,99.953125
08:03:03,912810TZ1,TSRYS5752098,D,S,C,2024-03-26,1000000.00,4.503258,99.953125
08:03:03,912810TZ1,TSRYS5752098,D,S,D,2024-03-26,1000000.00,4.500863,99.984375
08:03:03,912810TZ1,TSRYS5752098,D,S,D,2024-03-26,2000000.00,4.500863,99.984375
08:03:03,912810TZ1,TSRYS5752098,D,B,C,2024-03-26,2000000.00,4.500863,99.984375
08:03:03,912810TZ1,TSRYS5752098,D,B,C,2024-03-26,1000000.00,4.500863,99.984375
08:03:03,912810TZ1,TSRYS5752098,D,S,D,2024-03-26,1000000.00,4.500863,99.984375
08:03:03,912810TZ1,TSRYS5752098,D,S,D,2024-03-26,2000000.00,4.500863,99.984375
08:03:03,912810TZ1,TSRYS5752098,D,B,C,2024-03-26,1000000.00,4.500863,99.984375
08:03:03,912810TZ1,TSRYS5752098,D,B,C,2024-03-26,2000000.00,4.500863,99.984375
08:03:03,912810TZ1,TSRYS5752098,D,S,D,2024-03-26,1000000.00,4.500863,99.984375
08:03:03,912810TZ1,TSRYS5752098,D,B,C,2024-03-26,1000000.00,4.500871,99.984275
08:03:03,912810TZ1,TSRYS5752098,D,S,T,2024-03-26,2000000.00,4.49189,100.1015625
08:03:03,912810TZ1,TSRYS5752098,D,S,D,2024-03-26,1000000.00,4.500863,99.984375
08:03:03,912810TZ1,TSRYS5752098,D,S,D,2024-03-26,1000000.00,4.500863,99.984375
08:03:03,912810TZ1,TSRYS5752098,D,S,D,2024-03-26,1000000.00,4.500863,99.984375
08:03:03,912810TZ1,TSRYS5752098,D,S,D,2024-03-26,1000000.00,4.500863,99.984375
08:03:03,912810TZ1,TSRYS5752098,D,S,D,2024-03-26,1000000.00,4.500863,99.984375
08:03:03,912810TZ1,TSRYS5752098,D,S,D,2024-03-26,1000000.00,4.500863,99.984375
08:03:03,912810TZ1,TSRYS5752098,D,S,D,2024-03-26,1000000.00,4.500863,99.984375
08:03:03,912810TZ1,TSRYS5752098,D,S,D,2024-03-26,1000000.00,4.500863,99.984375
08:03:03,912810TZ1,TSRYS5752098,D,S,D,2024-03-26,1000000.00,4.500863,99.984375
08:03:03,912810TZ1,TSRYS5752098,D,S,D,2024-03-26,1000000.00,4.500863,99.984375
08:03:03,912810TZ1,TSRYS5752098,D,S,D,2024-03-26,1000000.00,4.500863,99.984375
08:03:03,912810TZ1,TSRYS5752098,D,S,D,2024-03-26,1000000.00,4.500863,99.984375
08:03:03,912810TZ1,TSRYS5752098,D,S,D,2024-03-26,1000000.00,4.500863,99.984375
08:03:03,912810TZ1,TSRYS5752098,D,S,D,2024-03-26,1000000.00,4.500863,99.984375
08:03:03,912810TZ1,TSRYS5752098,D,B,C,2024-03-26,1000000.00,4.500863,99.984375
08:03:03,912810TZ1,TSRYS5752098,D,B,C,2024-03-26,1000000.00,4.500863,99.984375
08:03:03,912810TZ1,TSRYS5752098,D,S,D,2024-03-26,1000000.00,4.500863,99.984375
08:03:03,912810TZ1,TSRYS5752098,D,S,D,2024-03-26,1000000.00,4.500863,99.984375
08:03:03,912810TZ1,TSRYS5752098,D,B,C,2024-03-26,1000000.00,4.500863,99.984375
08:03:03,912810TZ1,TSRYS5752098,D,S,D,2024-03-26,1000000.00,4.500863,99.984375
08:03:03,912810TZ1,TSRYS5752098,D,B,C,2024-03-26,1000000.00,4.500863,99.984375
08:03:03,912810TZ1,TSRYS5752098,D,S,D,2024-03-26,1000000.00,4.500863,99.984375
08:03:03,912810TZ1,TSRYS5752098,D,B,C,2024-03-26,1000000.00,4.500863,99.984375
08:03:03,912810TZ1,TSRYS5752098,D,S,D,2024-03-26,1000000.00,4.500863,99.984375
08:03:03,912810TZ1,TSRYS5752098,D,S,D,2024-03-26,1000000.00,4.500863,99.984375
08:03:03,912810TZ1,TSRYS5752098,D,B,C,2024-03-26,1000000.00,4.500863,99.984375
08:03:04,912810TZ1,TSRYS5752098,D,B,C,2024-03-26,1000000.00,4.502061,99.96875
08:03:04,912810TZ1,TSRYS5752098,D,S,D,2024-03-26,1000000.00,4.502061,99.96875
08:03:04,912810TZ1,TSRYS5752098,D,S,C,2024-03-26,1000000.00,4.500863,99.984375
08:03:04,912810TZ1,TSRYS5752098,D,B,C,2024-03-26,1000000.00,4.502076,99.96855
08:03:04,912810TZ1,TSRYS5752098,D,S,D,2024-03-26,1000000.00,4.502061,99.96875
08:03:04,912810TZ1,TSRYS5752098,D,B,C,2024-03-26,1000000.00,4.502061,99.96875
08:03:04,912810TZ1,TSRYS5752098,D,S,D,2024-03-26,1000000.00,4.502061,99.96875
08:03:04,912810TZ1,TSRYS5752098,D,S,D,2024-03-26,1000000.00,4.502061,99.96875
08:03:04,912810TZ1,TSRYS5752098,D,B,C,2024-03-26,1000000.00,4.502061,99.96875
08:03:04,912810TZ1,TSRYS5752098,D,S,A,2024-03-26,1000000.00,4.488902,100.140625
08:03:04,912810TZ1,TSRYS5752098,D,S,C,2024-03-26,1000000.00,4.500863,99.984375
08:03:05,912810TZ1,TSRYS5752098,D,B,C,2024-03-26,1000000.00,4.500877,99.9842
08:03:05,912810TZ1,TSRYS5752098,D,S,D,2024-03-26,1000000.00,4.500863,99.984375
08:03:05,912810TZ1,TSRYS5752098,D,S,D,2024-03-26,1000000.00,4.500863,99.984375
08:03:05,912810TZ1,TSRYS5752098,D,B,C,2024-03-26,1000000.00,4.500863,99.984375
08:03:05,912810TZ1,TSRYS5752098,D,S,C,2024-03-26,1000000.00,4.500848,99.984575
08:03:06,912810TZ1,TSRYS5752098,D,S,C,2024-03-26,1000000.00,4.496076,100.046875
08:03:06,912810TZ1,TSRYS5752098,D,B,C,2024-03-26,1000000.00,4.497286,100.031075
08:03:06,912810TZ1,TSRYS5752098,D,S,C,2024-03-26,1000000.00,4.497272,100.03125
08:03:06,912810TZ1,TSRYS5752098,D,S,C,2024-03-26,1000000.00,4.497272,100.03125
08:03:06,912810TZ1,TSRYS5752098,D,B,C,2024-03-26,1000000.00,4.496076,100.046875
08:03:06,912810TZ1,TSRYS5752098,D,B,C,2024-03-26,1000000.00,4.497288,100.03105
08:03:07,912810TZ1,TSRYS5752098,D,S,A,2024-03-26,20000.00,4.493684,100.078125
08:03:07,912810TZ1,TSRYS5752098,D,S,D,2024-03-26,1000000.00,4.496076,100.046875
08:03:07,912810TZ1,TSRYS5752098,D,B,C,2024-03-26,1000000.00,4.496089,100.0467
08:03:07,912810TZ1,TSRYS5752098,D,S,D,2024-03-26,1000000.00,4.496076,100.046875
08:03:07,912810TZ1,TSRYS5752098,D,B,C,2024-03-26,1000000.00,4.496089,100.0467
08:03:07,912810TZ1,TSRYS5752098,D,S,C,2024-03-26,1000000.00,4.497261,100.031402
08:03:07,912810TZ1,TSRYS5752098,D,B,C,2024-03-26,1000000.00,4.497272,100.03125
08:03:07,912810TZ1,TSRYS5752098,D,S,C,2024-03-26,1000000.00,4.498457,100.015777
08:03:08,912810TZ1,TSRYS5752098,D,S,T,2024-03-26,1000000.00,4.491292,100.109375
08:03:08,912810TZ1,TSRYS5752098,D,S,D,2024-03-26,1000000.00,4.496066,100.047005
08:03:08,912810TZ1,TSRYS5752098,D,B,C,2024-03-26,1000000.00,4.496076,100.046875
08:03:08,912810TZ1,TSRYS5752098,D,B,C,2024-03-26,1000000.00,4.496091,100.046675
08:03:08,912810TZ1,TSRYS5752098,D,S,D,2024-03-26,1000000.00,4.496066,100.047005
08:03:08,912810TZ1,TSRYS5752098,D,S,D,2024-03-26,1000000.00,4.489948,100.126953125
08:03:08,912810TZ1,TSRYS5752098,D,S,D,2024-03-26,1000000.00,4.489649,100.130859375
08:03:08,912810TZ1,TSRYS5752098,D,S,D,2024-03-26,1000000.00,4.489649,100.130859375
08:03:08,912810TZ1,TSRYS5752098,D,S,D,2024-03-26,1000000.00,4.48935,100.134765625
08:03:09,912810TZ1,TSRYS5752098,D,S,D,2024-03-26,1000000.00,4.490097,100.125
08:03:09,912810TZ1,TSRYS5752098,D,S,C,2024-03-26,1000000.00,4.496076,100.046875
08:03:09,912810TZ1,TSRYS5752098,D,B,C,2024-03-26,1000000.00,4.496076,100.046875
08:03:09,912810TZ1,TSRYS5752098,D,B,A,2024-03-26,7000.00,4.486756,100.1687
08:03:13,912810TZ1,TSRYS5752098,D,S,D,2024-03-26,1000000.00,4.486662,100.169921875
08:03:13,912810TZ1,TSRYS5752098,D,S,C,2024-03-26,1000000.00,4.488902,100.140625
08:03:13,912810TZ1,TSRYS5752098,D,B,C,2024-03-26,1000000.00,4.488902,100.140625
08:03:13,912810TZ1,TSRYS5752098,D,B,C,2024-03-26,1000000.00,4.488917,100.140425
08:03:13,912810TZ1,TSRYS5752098,D,S,C,2024-03-26,1000000.00,4.488891,100.140775
08:03:15,912810TZ1,TSRYS5752098,D,S,D,2024-03-26,1000000.00,4.487707,100.15625
08:03:15,912810TZ1,TSRYS5752098,D,B,C,2024-03-26,1000000.00,4.487707,100.15625
08:03:15,912810TZ1,TSRYS5752098,D,S,D,2024-03-26,1000000.00,4.488902,100.140625
08:03:15,912810TZ1,TSRYS5752098,D,B,C,2024-03-26,1000000.00,4.488902,100.140625
08:03:15,912810TZ1,TSRYS5752098,D,S,D,2024-03-26,1000000.00,4.488889,100.140802
08:03:16,912810TZ1,TSRYS5752098,D,S,C,2024-03-26,1000000.00,4.48769,100.156475
08:03:16,912810TZ1,TSRYS5752098,D,B,C,2024-03-26,1000000.00,4.487707,100.15625
08:03:16,912810TZ1,TSRYS5752098,D,S,C,2024-03-26,1000000.00,4.48769,100.156475
08:03:16,912810TZ1,TSRYS5752098,D,S,C,2024-03-26,1000000.00,4.48769,100.156475
08:03:16,912810TZ1,TSRYS5752098,D,B,C,2024-03-26,1000000.00,4.488902,100.140625
08:03:16,912810TZ1,TSRYS5752098,D,S,C,2024-03-26,1000000.00,4.488891,100.140777
08:03:16,912810TZ1,TSRYS5752098,D,B,C,2024-03-26,1000000.00,4.488902,100.140625
08:03:16,912810TZ1,TSRYS5752098,D,S,C,2024-03-26,1000000.00,4.488887,100.140825
08:03:16,912810TZ1,TSRYS5752098,D,S,C,2024-03-26,1000000.00,4.490086,100.125152
08:03:16,912810TZ1,TSRYS5752098,D,S,C,2024-03-26,1000000.00,4.490097,100.125
08:03:17,912810TZ1,TSRYS5752098,D,S,D,2024-03-26,1000000.00,4.486662,100.169921875
08:03:17,912810TZ1,TSRYS5752098,D,S,D,2024-03-26,1000000.00,4.486662,100.169921875
08:03:17,912810TZ1,TSRYS5752098,D,S,D,2024-03-26,1000000.00,4.486662,100.169921875
08:03:18,912810TZ1,TSRYS5752098,D,S,D,2024-03-26,1000000.00,4.485319,100.1875
08:03:18,912810TZ1,TSRYS5752098,D,B,C,2024-03-26,1000000.00,4.485334,100.1873
08:03:18,912810TZ1,TSRYS5752098,D,S,D,2024-03-26,1000000.00,4.486662,100.169921875
08:03:18,912810TZ1,TSRYS5752098,D,S,D,2024-03-26,1000000.00,4.484125,100.203125
08:03:18,912810TZ1,TSRYS5752098,D,B,C,2024-03-26,1000000.00,4.488902,100.140625
08:03:18,912810TZ1,TSRYS5752098,D,S,C,2024-03-26,1000000.00,4.488887,100.140825
08:03:18,912810TZ1,TSRYS5752098,D,S,T,2024-03-26,1000000.00,4.490097,100.125
08:03:18,912810TZ1,TSRYS5752098,D,S,C,2024-03-26,1000000.00,4.488891,100.140777
08:03:18,912810TZ1,TSRYS5752098,D,B,C,2024-03-26,1000000.00,4.488919,100.1404
08:03:18,912810TZ1,TSRYS5752098,D,B,C,2024-03-26,1000000.00,4.490109,100.12485
08:03:18,912810TZ1,TSRYS5752098,D,S,C,2024-03-26,1000000.00,4.490086,100.125152
08:03:18,912810TZ1,TSRYS5752098,D,B,C,2024-03-26,1000000.00,4.482931,100.218575
08:03:18,912810TZ1,TSRYS5752098,D,S,D,2024-03-26,1000000.00,4.482931,100.21875
08:03:19,912810TZ1,TSRYS5752098,D,B,C,2024-03-26,1000000.00,4.490109,100.12485
08:03:19,912810TZ1,TSRYS5752098,D,S,C,2024-03-26,1000000.00,4.490086,100.125152
08:03:21,912810TZ1,TSRYS5752098,D,S,D,2024-03-26,1000000.00,4.490097,100.125
08:03:21,912810TZ1,TSRYS5752098,D,B,C,2024-03-26,1000000.00,4.490097,100.125
08:03:21,912810TZ1,TSRYS5752098,D,B,C,2024-03-26,1000000.00,4.490097,100.125
08:03:21,912810TZ1,TSRYS5752098,D,S,D,2024-03-26,1000000.00,4.490097,100.125
08:03:21,912810TZ1,TSRYS5752098,D,S,D,2024-03-26,1000000.00,4.490097,100.125
08:03:21,912810TZ1,TSRYS5752098,D,B,C,2024-03-26,3000000.00,4.488902,100.140625
08:03:21,912810TZ1,TSRYS5752098,D,S,C,2024-03-26,3000000.00,4.488902,100.140625
08:03:21,912810TZ1,TSRYS5752098,D,S,D,2024-03-26,1000000.00,4.488902,100.140625
08:03:21,912810TZ1,TSRYS5752098,D,B,C,2024-03-26,1000000.00,4.488902,100.140625
08:03:21,912810TZ1,TSRYS5752098,D,S,D,2024-03-26,1000000.00,4.488902,100.140625
08:03:21,912810TZ1,TSRYS5752098,D,S,D,2024-03-26,1000000.00,4.488902,100.140625
08:03:21,912810TZ1,TSRYS5752098,D,B,C,2024-03-26,1000000.00,4.488916,100.14045
08:03:21,912810TZ1,TSRYS5752098,D,S,D,2024-03-26,1000000.00,4.488902,100.140625
08:03:21,912810TZ1,TSRYS5752098,D,B,C,2024-03-26,1000000.00,4.488916,100.14045
08:03:21,912810TZ1,TSRYS5752098,D,B,C,2024-03-26,1000000.00,4.488917,100.140425
08:03:21,912810TZ1,TSRYS5752098,D,S,D,2024-03-26,1000000.00,4.488902,100.140625
08:03:21,912810TZ1,TSRYS5752098,D,S,D,2024-03-26,1000000.00,4.488902,100.140625
08:03:21,912810TZ1,TSRYS5752098,D,B,C,2024-03-26,1000000.00,4.488916,100.14045
08:03:21,912810TZ1,TSRYS5752098,D,S,D,2024-03-26,1000000.00,4.488902,100.140625
08:03:21,912810TZ1,TSRYS5752098,D,S,D,2024-03-26,1000000.00,4.488902,100.140625
08:03:21,912810TZ1,TSRYS5752098,D,S,D,2024-03-26,2000000.00,4.487707,100.15625
08:03:21,912810TZ1,TSRYS5752098,D,B,C,2024-03-26,2000000.00,4.487707,100.15625
08:03:21,912810TZ1,TSRYS5752098,D,B,C,2024-03-26,1000000.00,4.488902,100.140625
08:03:21,912810TZ1,TSRYS5752098,D,S,C,2024-03-26,1000000.00,4.488902,100.140625
08:03:22,912810TZ1,TSRYS5752098,D,B,C,2024-03-26,2000000.00,4.500268,99.9917875
08:03:23,912810TZ1,TSRYS5752098,D,S,D,2024-03-26,1000000.00,4.485319,100.1875
08:03:25,912810TZ1,TSRYS5752098,D,S,C,2024-03-26,1000000.00,4.486513,100.171875
08:03:25,912810TZ1,TSRYS5752098,D,S,C,2024-03-26,1000000.00,4.486513,100.171875
08:03:25,912810TZ1,TSRYS5752098,D,B,C,2024-03-26,1000000.00,4.486526,100.1717
08:03:25,912810TZ1,TSRYS5752098,D,B,C,2024-03-26,1000000.00,4.486513,100.171875
08:03:25,912810TZ1,TSRYS5752098,D,S,C,2024-03-26,1000000.00,4.486513,100.171875
08:03:25,912810TZ1,TSRYS5752098,D,B,C,2024-03-26,1000000.00,4.486513,100.171875
08:03:25,912810TZ1,TSRYS5752098,D,S,C,2024-03-26,1000000.00,4.486513,100.171875
08:03:25,912810TZ1,TSRYS5752098,D,B,C,2024-03-26,1000000.00,4.486536,100.171575
08:03:26,912810TZ1,TSRYS5752098,D,S,D,2024-03-26,1000000.00,4.484125,100.203125
08:03:26,912810TZ1,TSRYS5752098,D,B,C,2024-03-26,1000000.00,4.484125,100.203125
08:03:28,912810TZ1,TSRYS5752098,D,S,C,2024-03-26,1000000.00,4.484125,100.203125
08:03:28,912810TZ1,TSRYS5752098,D,B,C,2024-03-26,1000000.00,4.484148,100.202825
08:03:28,912810TZ1,TSRYS5752098,D,S,C,2024-03-26,1000000.00,4.482931,100.21875
08:03:29,912810TZ1,TSRYS5752098,D,S,A,2024-03-26,60000.00,4.495777,100.05078
08:03:29,912810TZ1,TSRYS5752098,D,S,A,2024-03-26,60000.00,4.495777,100.05078
08:03:30,912810TZ1,TSRYS5752098,D,S,D,2024-03-26,2000000.00,4.491591,100.10546875
08:03:31,912810TZ1,TSRYS5752098,D,B,C,2024-03-26,1000000.00,4.480559,100.2498
08:03:31,912810TZ1,TSRYS5752098,D,S,D,2024-03-26,1000000.00,4.480534,100.25013
08:03:31,912810TZ1,TSRYS5752098,D,S,D,2024-03-26,1000000.00,4.480534,100.25013
08:03:31,912810TZ1,TSRYS5752098,D,B,C,2024-03-26,1000000.00,4.480544,100.25
08:03:31,912810TZ1,TSRYS5752098,D,S,D,2024-03-26,1000000.00,4.480534,100.25013
08:03:31,912810TZ1,TSRYS5752098,D,S,D,2024-03-26,1000000.00,4.484125,100.203125
08:03:31,912810TZ1,TSRYS5752098,D,S,C,2024-03-26,1000000.00,4.484109,100.203325
08:03:31,912810TZ1,TSRYS5752098,D,S,C,2024-03-26,1000000.00,4.485319,100.1875
08:03:32,912810TZ1,TSRYS5752098,D,S,T,2024-03-26,1000000.00,4.488902,100.140625
08:03:36,912810TZ1,TSRYS5752098,D,S,D,2024-03-26,1000000.00,4.491442,100.107421875
08:03:36,912810TZ1,TSRYS5752098,D,S,T,2024-03-26,1000000.00,4.49488,100.0625
08:03:36,912810TZ1,TSRYS5752098,D,S,D,2024-03-26,250000.00,4.492488,100.09375
08:03:36,912810TZ1,TSRYS5752098,D,S,T,2024-03-26,1000000.00,4.49488,100.0625
08:03:36,912810TZ1,TSRYS5752098,D,S,T,2024-03-26,1000000.00,4.492488,100.09375
08:03:36,912810TZ1,TSRYS5752098,D,S,T,2024-03-26,1000000.00,4.493983,100.07421875
08:03:40,912810TZ1,TSRYS5752098,D,S,D,2024-03-26,1000000.00,4.488902,100.140625
08:03:40,912810TZ1,TSRYS5752098,D,S,D,2024-03-26,1000000.00,4.488902,100.140625
08:03:40,912810TZ1,TSRYS5752098,D,S,D,2024-03-26,1000000.00,4.488902,100.140625
08:03:40,912810TZ1,TSRYS5752098,D,B,C,2024-03-26,1000000.00,4.488902,100.140625
08:03:40,912810TZ1,TSRYS5752098,D,S,D,2024-03-26,1000000.00,4.488902,100.140625
08:03:40,912810TZ1,TSRYS5752098,D,S,D,2024-03-26,1000000.00,4.488902,100.140625
08:03:40,912810TZ1,TSRYS5752098,D,B,C,2024-03-26,1000000.00,4.488902,100.140625
08:03:40,912810TZ1,TSRYS5752098,D,S,D,2024-03-26,1000000.00,4.488902,100.140625
08:03:40,912810TZ1,TSRYS5752098,D,B,C,2024-03-26,1000000.00,4.488902,100.140625
08:03:40,912810TZ1,TSRYS5752098,D,S,D,2024-03-26,1000000.00,4.488902,100.140625
08:03:40,912810TZ1,TSRYS5752098,D,S,D,2024-03-26,1000000.00,4.488902,100.140625
08:03:40,912810TZ1,TSRYS5752098,D,S,C,2024-03-26,1000000.00,4.490097,100.125
08:03:40,912810TZ1,TSRYS5752098,D,S,C,2024-03-26,1000000.00,4.490086,100.12515
08:03:40,912810TZ1,TSRYS5752098,D,B,C,2024-03-26,1000000.00,4.491292,100.109375
08:03:40,912810TZ1,TSRYS5752098,D,S,C,2024-03-26,1000000.00,4.491277,100.109575
08:03:40,912810TZ1,TSRYS5752098,D,S,C,2024-03-26,1000000.00,4.492473,100.09395
08:03:40,912810TZ1,TSRYS5752098,D,B,C,2024-03-26,1000000.00,4.492499,100.0936
08:03:40,912810TZ1,TSRYS5752098,D,S,C,2024-03-26,1000000.00,4.492473,100.09395
08:03:40,912810TZ1,TSRYS5752098,D,B,C,2024-03-26,1000000.00,4.492499,100.0936
08:03:40,912810TZ1,TSRYS5752098,D,S,C,2024-03-26,1000000.00,4.492488,100.09375
08:03:40,912810TZ1,TSRYS5752098,D,S,C,2024-03-26,1000000.00,4.492488,100.09375
08:03:40,912810TZ1,TSRYS5752098,D,S,C,2024-03-26,1000000.00,4.492488,100.09375
08:03:40,912810TZ1,TSRYS5752098,D,S,C,2024-03-26,1000000.00,4.492488,100.09375
08:03:40,912810TZ1,TSRYS5752098,D,S,C,2024-03-26,1000000.00,4.494864,100.0627
08:03:41,912810TZ1,TSRYS5752098,D,S,D,2024-03-26,1000000.00,4.49488,100.0625
08:03:41,912810TZ1,TSRYS5752098,D,S,C,2024-03-26,1000000.00,4.49488,100.0625
08:03:41,912810TZ1,TSRYS5752098,D,S,D,2024-03-26,2000000.00,4.49189,100.1015625
08:03:42,912810TZ1,TSRYS5752098,D,B,C,2024-03-26,1000000.00,4.49488,100.0625
08:03:42,912810TZ1,TSRYS5752098,D,S,D,2024-03-26,1000000.00,4.494864,100.0627
08:03:42,912810TZ1,TSRYS5752098,D,B,C,2024-03-26,1000000.00,4.49488,100.0625
08:03:42,912810TZ1,TSRYS5752098,D,S,D,2024-03-26,1000000.00,4.494864,100.0627
08:03:42,912810TZ1,TSRYS5752098,D,S,T,2024-03-26,10110000.00,4.518851,99.75
08:03:42,912810TZ1,TSRYS5752098,D,S,C,2024-03-26,1000000.00,4.492488,100.09375
08:03:42,912810TZ1,TSRYS5752098,D,S,C,2024-03-26,1000000.00,4.492473,100.09395
08:03:42,912810TZ1,TSRYS5752098,D,S,D,2024-03-26,1000000.00,4.492488,100.09375
08:03:43,912810TZ1,TSRYS5752098,D,S,D,2024-03-26,1000000.00,4.492488,100.09375
08:03:43,912810TZ1,TSRYS5752098,D,B,C,2024-03-26,1000000.00,4.49488,100.0625
08:03:43,912810TZ1,TSRYS5752098,D,S,C,2024-03-26,1000000.00,4.49488,100.0625
08:03:43,912810TZ1,TSRYS5752098,D,S,T,2024-03-26,1000000.00,4.491442,100.107421875
08:03:43,912810TZ1,TSRYS5752098,D,S,D,2024-03-26,1000000.00,4.494864,100.0627
08:03:43,912810TZ1,TSRYS5752098,D,S,C,2024-03-26,1000000.00,4.49488,100.0625
08:03:44,912810TZ1,TSRYS5752098,D,S,D,2024-03-26,4000000.00,4.49488,100.0625
08:03:44,912810TZ1,TSRYS5752098,D,S,D,2024-03-26,1000000.00,4.49488,100.0625
08:03:44,912810TZ1,TSRYS5752098,D,S,D,2024-03-26,1000000.00,4.493684,100.078125
08:03:44,912810TZ1,TSRYS5752098,D,S,D,2024-03-26,1000000.00,4.493684,100.078125
08:03:44,912810TZ1,TSRYS5752098,D,S,D,2024-03-26,1000000.00,4.493684,100.078125
08:03:44,912810TZ1,TSRYS5752098,D,S,D,2024-03-26,1000000.00,4.493684,100.078125
08:03:44,912810TZ1,TSRYS5752098,D,S,C,2024-03-26,1000000.00,4.493684,100.078125
08:03:44,912810TZ1,TSRYS5752098,D,S,D,2024-03-26,1000000.00,4.493684,100.078125
08:03:44,912810TZ1,TSRYS5752098,D,S,C,2024-03-26,1000000.00,4.493684,100.078125
08:03:44,912810TZ1,TSRYS5752098,D,S,C,2024-03-26,1000000.00,4.493684,100.078125
08:03:44,912810TZ1,TSRYS5752098,D,S,D,2024-03-26,1000000.00,4.493684,100.078125
08:03:44,912810TZ1,TSRYS5752098,D,B,C,2024-03-26,1000000.00,4.496076,100.046875
08:03:44,912810TZ1,TSRYS5752098,D,S,C,2024-03-26,1000000.00,4.496076,100.046875
08:03:44,912810TZ1,TSRYS5752098,D,B,C,2024-03-26,1000000.00,4.496091,100.046675
08:03:44,912810TZ1,TSRYS5752098,D,S,C,2024-03-26,1000000.00,4.496076,100.046875
08:03:44,912810TZ1,TSRYS5752098,D,S,C,2024-03-26,1000000.00,4.496076,100.046875
08:03:44,912810TZ1,TSRYS5752098,D,B,C,2024-03-26,1000000.00,4.496091,100.046675
08:03:45,912810TZ1,TSRYS5752098,D,S,C,2024-03-26,1000000.00,4.496076,100.046875
08:03:45,912810TZ1,TSRYS5752098,D,S,C,2024-03-26,1000000.00,4.496061,100.047075
08:03:45,912810TZ1,TSRYS5752098,D,B,C,2024-03-26,1000000.00,4.496076,100.046875
08:03:45,912810TZ1,TSRYS5752098,D,S,C,2024-03-26,1000000.00,4.496076,100.046875
08:03:45,912810TZ1,TSRYS5752098,D,B,C,2024-03-26,1000000.00,4.496076,100.046875
08:03:45,912810TZ1,TSRYS5752098,D,S,C,2024-03-26,1000000.00,4.496076,100.046875
08:03:45,912810TZ1,TSRYS5752098,D,S,C,2024-03-26,1000000.00,4.497272,100.03125
08:03:45,912810TZ1,TSRYS5752098,D,S,C,2024-03-26,2000000.00,4.497272,100.03125
08:03:45,912810TZ1,TSRYS5752098,D,S,C,2024-03-26,1000000.00,4.497272,100.03125
08:03:45,912810TZ1,TSRYS5752098,D,S,C,2024-03-26,1000000.00,4.497272,100.03125
08:03:45,912810TZ1,TSRYS5752098,D,S,D,2024-03-26,2000000.00,4.497272,100.03125
08:03:46,912810TZ1,TSRYS5752098,D,S,C,2024-03-26,1000000.00,4.497272,100.03125
08:03:46,912810TZ1,TSRYS5752098,D,S,D,2024-03-26,1000000.00,4.49488,100.0625
08:03:46,912810TZ1,TSRYS5752098,D,S,C,2024-03-26,1000000.00,4.49488,100.0625
08:03:46,912810TZ1,TSRYS5752098,D,S,C,2024-03-26,1000000.00,4.494862,100.062725
08:03:46,912810TZ1,TSRYS5752098,D,S,C,2024-03-26,1000000.00,4.494862,100.062725
08:03:46,912810TZ1,TSRYS5752098,D,S,D,2024-03-26,1000000.00,4.49488,100.0625
08:03:46,912810TZ1,TSRYS5752098,D,S,C,2024-03-26,1000000.00,4.494862,100.062725
08:03:46,912810TZ1,TSRYS5752098,D,S,D,2024-03-26,1000000.00,4.49488,100.0625
08:03:46,912810TZ1,TSRYS5752098,D,S,D,2024-03-26,1000000.00,4.49488,100.0625
08:03:46,912810TZ1,TSRYS5752098,D,S,D,2024-03-26,1000000.00,4.49488,100.0625
08:03:46,912810TZ1,TSRYS5752098,D,S,C,2024-03-26,1000000.00,4.49488,100.0625
08:03:48,912810TZ1,TSRYS5752098,D,S,T,2024-03-26,1000000.00,4.490097,100.125
08:03:48,912810TZ1,TSRYS5752098,D,S,T,2024-03-26,1000000.00,4.492488,100.09375
08:03:51,912810TZ1,TSRYS5752098,D,S,T,2024-03-26,1000000.00,4.49488,100.0625
08:03:51,912810TZ1,TSRYS5752098,D,S,T,2024-03-26,1000000.00,4.49488,100.0625
08:03:53,912810TZ1,TSRYS5752098,D,S,D,2024-03-26,5050000.00,4.518851,99.75
08:03:53,912810TZ1,TSRYS5752098,D,S,D,2024-03-26,20200000.00,4.518851,99.75
08:03:54,912810TZ1,TSRYS5752098,D,S,D,2024-03-26,25300000.00,4.518851,99.75
08:03:54,912810TZ1,TSRYS5752098,D,B,C,2024-03-26,50MM+,4.518851,99.75
08:03:55,912810TZ1,TSRYS5752098,D,S,D,2024-03-26,1000000.00,4.492637,100.091796875
08:03:55,912810TZ1,TSRYS5752098,D,B,C,2024-03-26,1000000.00,4.492338,100.095703125
08:03:55,912810TZ1,TSRYS5752098,D,S,D,2024-03-26,1000000.00,4.492338,100.095703125
08:03:56,912810TZ1,TSRYS5752098,D,S,T,2024-03-26,1000000.00,4.493983,100.07421875
08:03:56,912810TZ1,TSRYS5752098,D,B,C,2024-03-26,1000000.00,4.492338,100.095703125
08:03:56,912810TZ1,TSRYS5752098,D,S,T,2024-03-26,1000000.00,4.49488,100.0625
08:03:56,912810TZ1,TSRYS5752098,D,S,D,2024-03-26,1000000.00,4.492338,100.095703125
08:03:56,912810TZ1,TSRYS5752098,D,S,D,2024-03-26,1000000.00,4.492488,100.09375
08:03:57,912810TZ1,TSRYS5752098,D,S,T,2024-03-26,1000000.00,4.492488,100.09375
08:03:58,912810TZ1,TSRYS5752098,D,S,T,2024-03-26,1000000.00,4.49488,100.0625
08:03:58,912810TZ1,TSRYS5752098,D,S,T,2024-03-26,4000000.00,4.49488,100.0625
08:03:58,912810TZ1,TSRYS5752098,D,S,T,2024-03-26,1000000.00,4.497272,100.03125
08:04:00,912810TZ1,TSRYS5752098,D,S,T,2024-03-26,1000000.00,4.500863,99.984375
08:04:00,912810TZ1,TSRYS5752098,D,S,T,2024-03-26,1000000.00,4.49488,100.0625
08:04:01,912810TZ1,TSRYS5752098,D,S,T,2024-03-26,1000000.00,4.492488,100.09375
08:04:01,912810TZ1,TSRYS5752098,D,S,T,2024-03-26,1000000.00,4.492488,100.09375
08:04:03,912810TZ1,TSRYS5752098,D,S,T,2024-03-26,1000000.00,4.49488,100.0625
08:04:03,912810TZ1,TSRYS5752098,D,S,T,2024-03-26,2000000.00,4.500863,99.984375
08:04:04,912810TZ1,TSRYS5752098,D,S,D,2024-03-26,1000000.00,4.494282,100.0703125
08:04:04,912810TZ1,TSRYS5752098,D,S,D,2024-03-26,1000000.00,4.494132,100.072265625
08:04:04,912810TZ1,TSRYS5752098,D,S,D,2024-03-26,1000000.00,4.493983,100.07421875
08:04:04,912810TZ1,TSRYS5752098,D,S,D,2024-03-26,1000000.00,4.493983,100.07421875
08:04:04,912810TZ1,TSRYS5752098,D,S,D,2024-03-26,1000000.00,4.493983,100.07421875
08:04:04,912810TZ1,TSRYS5752098,D,S,D,2024-03-26,1000000.00,4.493983,100.07421875
08:04:04,912810TZ1,TSRYS5752098,D,S,D,2024-03-26,1000000.00,4.496076,100.046875
08:04:04,912810TZ1,TSRYS5752098,D,S,D,2024-03-26,1000000.00,4.496076,100.046875
08:04:04,912810TZ1,TSRYS5752098,D,S,D,2024-03-26,1000000.00,4.495777,100.05078125
08:04:04,912810TZ1,TSRYS5752098,D,S,C,2024-03-26,1000000.00,4.495926,100.048828125
08:04:04,912810TZ1,TSRYS5752098,D,S,D,2024-03-26,1000000.00,4.495777,100.05078125
08:04:04,912810TZ1,TSRYS5752098,D,S,D,2024-03-26,2000000.00,4.495926,100.048828125
08:04:04,912810TZ1,TSRYS5752098,D,S,D,2024-03-26,1000000.00,4.496076,100.046875
08:04:04,912810TZ1,TSRYS5752098,D,S,D,2024-03-26,1000000.00,4.496076,100.046875
08:04:04,912810TZ1,TSRYS5752098,D,S,C,2024-03-26,1000000.00,4.496076,100.046875
08:04:04,912810TZ1,TSRYS5752098,D,S,D,2024-03-26,1000000.00,4.496076,100.046875
08:04:04,912810TZ1,TSRYS5752098,D,S,D,2024-03-26,1000000.00,4.496076,100.046875
08:04:04,912810TZ1,TSRYS5752098,D,S,D,2024-03-26,2000000.00,4.495926,100.048828125
08:04:04,912810TZ1,TSRYS5752098,D,S,C,2024-03-26,1000000.00,4.496076,100.046875
08:04:04,912810TZ1,TSRYS5752098,D,S,C,2024-03-26,1000000.00,4.496076,100.046875
08:04:04,912810TZ1,TSRYS5752098,D,S,C,2024-03-26,1000000.00,4.496076,100.046875
08:04:04,912810TZ1,TSRYS5752098,D,S,D,2024-03-26,1000000.00,4.496076,100.046875
08:04:04,912810TZ1,TSRYS5752098,D,S,D,2024-03-26,1000000.00,4.496375,100.04296875
08:04:04,912810TZ1,TSRYS5752098,D,S,D,2024-03-26,1000000.00,4.496375,100.04296875
08:04:04,912810TZ1,TSRYS5752098,D,S,D,2024-03-26,1000000.00,4.496375,100.04296875
08:04:04,912810TZ1,TSRYS5752098,D,S,D,2024-03-26,1000000.00,4.496225,100.044921875
08:04:04,912810TZ1,TSRYS5752098,D,S,D,2024-03-26,1000000.00,4.496225,100.044921875
08:04:05,912810TZ1,TSRYS5752098,D,S,D,2024-03-26,1000000.00,4.496225,100.044921875
08:04:05,912810TZ1,TSRYS5752098,D,S,D,2024-03-26,1000000.00,4.496225,100.044921875
08:04:05,912810TZ1,TSRYS5752098,D,S,D,2024-03-26,1000000.00,4.496225,100.044921875
08:04:05,912810TZ1,TSRYS5752098,D,S,D,2024-03-26,1000000.00,4.496225,100.044921875
08:04:05,912810TZ1,TSRYS5752098,D,B,C,2024-03-26,1000000.00,4.496225,100.044921875
08:04:05,912810TZ1,TSRYS5752098,D,S,D,2024-03-26,1000000.00,4.496225,100.044921875
08:04:05,912810TZ1,TSRYS5752098,D,S,D,2024-03-26,1000000.00,4.496076,100.046875
08:04:05,912810TZ1,TSRYS5752098,D,B,C,2024-03-26,1000000.00,4.496076,100.046875
08:04:05,912810TZ1,TSRYS5752098,D,S,D,2024-03-26,1000000.00,4.496076,100.046875
08:04:05,912810TZ1,TSRYS5752098,D,B,C,2024-03-26,1000000.00,4.496076,100.046875
08:04:05,912810TZ1,TSRYS5752098,D,S,D,2024-03-26,1000000.00,4.496076,100.046875
08:04:05,912810TZ1,TSRYS5752098,D,S,D,2024-03-26,1000000.00,4.496225,100.044921875
08:04:06,912810TZ1,TSRYS5752098,D,S,T,2024-03-26,1000000.00,4.492488,100.09375
08:04:06,912810TZ1,TSRYS5752098,D,S,D,2024-03-26,1000000.00,4.493983,100.07421875
08:04:07,912810TZ1,TSRYS5752098,D,S,D,2024-03-26,1000000.00,4.49473,100.064453125
08:04:07,912810TZ1,TSRYS5752098,D,S,D,2024-03-26,1000000.00,4.493684,100.078125
08:04:08,912810TZ1,TSRYS5752098,D,S,T,2024-03-26,1000000.00,4.49488,100.0625
08:04:08,912810TZ1,TSRYS5752098,D,S,T,2024-03-26,2000000.00,4.497272,100.03125
08:04:08,912810TZ1,TSRYS5752098,D,S,T,2024-03-26,1000000.00,4.497272,100.03125
08:04:08,912810TZ1,TSRYS5752098,D,S,T,2024-03-26,1000000.00,4.49488,100.0625
08:04:08,912810TZ1,TSRYS5752098,D,S,T,2024-03-26,1000000.00,4.492488,100.09375
08:04:08,912810TZ1,TSRYS5752098,D,S,T,2024-03-26,1000000.00,4.49488,100.0625
08:04:08,912810TZ1,TSRYS5752098,D,S,T,2024-03-26,1000000.00,4.49488,100.0625
08:04:09,912810TZ1,TSRYS5752098,D,S,T,2024-03-26,1000000.00,4.500863,99.984375
08:04:09,912810TZ1,TSRYS5752098,D,S,D,2024-03-26,1000000.00,4.491442,100.107421875
08:04:10,912810TZ1,TSRYS5752098,D,S,T,2024-03-26,1000000.00,4.500863,99.984375
08:04:11,912810TZ1,TSRYS5752098,D,S,T,2024-03-26,1000000.00,4.49488,100.0625
08:04:11,912810TZ1,TSRYS5752098,D,S,T,2024-03-26,1000000.00,4.49488,100.0625
08:04:12,912810TZ1,TSRYS5752098,D,S,T,2024-03-26,1000000.00,4.493983,100.07421875
08:04:13,912810TZ1,TSRYS5752098,D,S,T,2024-03-26,1000000.00,4.49488,100.0625
08:04:13,912810TZ1,TSRYS5752098,D,S,T,2024-03-26,1000000.00,4.497272,100.03125
08:04:14,912810TZ1,TSRYS5752098,D,S,T,2024-03-26,1000000.00,4.49488,100.0625
08:04:17,912810TZ1,TSRYS5752098,D,S,T,2024-03-26,1000000.00,4.500863,99.984375
08:04:18,912810TZ1,TSRYS5752098,D,S,T,2024-03-26,1000000.00,4.500863,99.984375
08:04:19,912810TZ1,TSRYS5752098,D,S,C,2024-03-26,2900000.00,4.497512,100.02774375
08:04:19,912810TZ1,TSRYS5752098,D,B,A,2024-03-26,2900000.00,4.497512,100.02774375
08:04:20,912810TZ1,TSRYS5752098,D,S,T,2024-03-26,1000000.00,4.500863,99.984375
08:04:21,912810TZ1,TSRYS5752098,D,S,T,2024-03-26,1000000.00,4.503124,99.954878125
08:04:21,912810TZ1,TSRYS5752098,D,S,T,2024-03-26,1000000.00,4.50327,99.952973
08:04:21,912810TZ1,TSRYS5752098,D,S,T,2024-03-26,1000000.00,4.500863,99.984375
08:04:23,912810TZ1,TSRYS5752098,D,S,T,2024-03-26,1000000.00,4.500863,99.984375
08:04:23,912810TZ1,TSRYS5752098,D,S,T,2024-03-26,1000000.00,4.492802,100.08964375
08:04:23,912810TZ1,TSRYS5752098,D,S,T,2024-03-26,1000000.00,4.492802,100.08964375
08:04:24,912810TZ1,TSRYS5752098,D,S,T,2024-03-26,2000000.00,4.497272,100.03125
08:04:24,912810TZ1,TSRYS5752098,D,S,T,2024-03-26,1000000.00,4.497272,100.03125
08:04:24,912810TZ1,TSRYS5752098,D,S,T,2024-03-26,1000000.00,4.492653,100.091596875
08:04:24,912810TZ1,TSRYS5752098,D,S,T,2024-03-26,2000000.00,4.500863,99.984375
08:04:25,912810TZ1,TSRYS5752098,D,S,T,2024-03-26,1000000.00,4.500863,99.984375
08:04:29,912810TZ1,TSRYS5752098,D,S,T,2024-03-26,2000000.00,4.500863,99.984375
08:04:45,912810TZ1,TSRYS5752098,D,S,T,2024-03-26,1000000.00,4.500863,99.984375
08:04:46,912810TZ1,TSRYS5752098,D,S,T,2024-03-26,2000000.00,4.500863,99.984375
08:04:49,912810TZ1,TSRYS5752098,D,S,T,2024-03-26,1000000.00,4.492802,100.08964375
08:04:49,912810TZ1,TSRYS5752098,D,S,T,2024-03-26,1000000.00,4.492802,100.08964375
08:04:54,912810TZ1,TSRYS5752098,D,S,T,2024-03-26,1000000.00,4.500863,99.984375
08:04:57,912810TZ1,TSRYS5752098,D,S,T,2024-03-26,1000000.00,4.500863,99.984375
08:04:58,912810TZ1,TSRYS5752098,D,S,T,2024-03-26,1000000.00,4.500863,99.984375
08:05:00,912810TZ1,TSRYS5752098,D,S,T,2024-03-26,1000000.00,4.500863,99.984375
08:05:01,912810TZ1,TSRYS5752098,D,S,T,2024-03-26,1000000.00,4.500863,99.984375
08:05:03,912810TZ1,TSRYS5752098,D,S,D,2024-03-26,1000000.00,4.500863,99.984375
08:05:21,912810TZ1,TSRYS5752098,D,B,C,2024-03-26,1000000.00,4.490254,100.122946875
08:05:21,912810TZ1,TSRYS5752098,D,S,C,2024-03-26,1000000.00,4.490239,100.123146875
08:05:22,912810TZ1,TSRYS5752098,D,S,D,2024-03-26,1000000.00,4.488305,100.1484375
08:05:22,912810TZ1,TSRYS5752098,D,B,C,2024-03-26,1000000.00,4.48832,100.1482375
08:05:22,912810TZ1,TSRYS5752098,D,B,C,2024-03-26,1000000.00,4.486073,100.177634375
08:05:22,912810TZ1,TSRYS5752098,D,S,C,2024-03-26,1000000.00,4.486057,100.177834375
08:05:22,912810TZ1,TSRYS5752098,D,S,D,2024-03-26,1000000.00,4.485319,100.1875
08:05:22,912810TZ1,TSRYS5752098,D,B,C,2024-03-26,1000000.00,4.485334,100.1873
08:05:22,912810TZ1,TSRYS5752098,D,B,C,2024-03-26,1000000.00,4.486528,100.171675
08:05:22,912810TZ1,TSRYS5752098,D,S,C,2024-03-26,1000000.00,4.486505,100.171975
08:05:23,912810TZ1,TSRYS5752098,D,S,D,2024-03-26,1000000.00,4.484109,100.203325
08:05:26,912810TZ1,TSRYS5752098,D,S,D,2024-03-26,150000.00,4.490097,100.125
08:05:34,912810TZ1,TSRYS5752098,D,S,D,2024-03-26,1000000.00,4.493235,100.083984375
08:05:38,912810TZ1,TSRYS5752098,D,S,D,2024-03-26,1000000.00,4.497257,100.03145
08:05:38,912810TZ1,TSRYS5752098,D,S,D,2024-03-26,1000000.00,4.495911,100.049028125
08:05:38,912810TZ1,TSRYS5752098,D,S,D,2024-03-26,1000000.00,4.49621,100.045121875
08:05:38,912810TZ1,TSRYS5752098,D,S,D,2024-03-26,1000000.00,4.495328,100.056640625
08:05:38,912810TZ1,TSRYS5752098,D,S,D,2024-03-26,1000000.00,4.494864,100.0627
08:05:38,912810TZ1,TSRYS5752098,D,S,D,2024-03-26,1000000.00,4.495014,100.060746875
08:05:38,912810TZ1,TSRYS5752098,D,S,D,2024-03-26,1000000.00,4.495014,100.060746875
08:05:38,912810TZ1,TSRYS5752098,D,S,D,2024-03-26,1000000.00,4.495462,100.0548875
08:05:39,912810TZ1,TSRYS5752098,D,S,D,2024-03-26,1000000.00,4.495313,100.056840625
08:05:43,912810TZ1,TSRYS5752098,D,S,D,2024-03-26,1000000.00,4.503109,99.955078125
08:05:43,912810TZ1,TSRYS5752098,D,S,D,2024-03-26,1000000.00,4.503408,99.951171875
08:05:47,912810TZ1,TSRYS5752098,D,S,D,2024-03-26,2000000.00,4.50221,99.966796875
08:05:48,912810TZ1,TSRYS5752098,D,S,D,2024-03-26,1000000.00,4.50221,99.966796875
08:05:48,912810TZ1,TSRYS5752098,D,S,D,2024-03-26,1000000.00,4.50221,99.966796875
08:05:49,912810TZ1,TSRYS5752098,D,S,D,2024-03-26,1000000.00,4.497721,100.025390625
08:05:50,912810TZ1,TSRYS5752098,D,S,C,2024-03-26,1000000.00,4.496076,100.046875
08:05:50,912810TZ1,TSRYS5752098,D,S,C,2024-03-26,1000000.00,4.49189,100.1015625
08:05:50,912810TZ1,TSRYS5752098,D,S,D,2024-03-26,1000000.00,4.491591,100.10546875
08:05:50,912810TZ1,TSRYS5752098,D,S,C,2024-03-26,1000000.00,4.491292,100.109375
08:05:50,912810TZ1,TSRYS5752098,D,S,D,2024-03-26,1000000.00,4.491292,100.109375
08:05:51,912810TZ1,TSRYS5752098,D,S,D,2024-03-26,1000000.00,4.492488,100.09375
08:05:51,912810TZ1,TSRYS5752098,D,S,C,2024-03-26,1000000.00,4.494581,100.06640625
08:05:51,912810TZ1,TSRYS5752098,D,S,D,2024-03-26,1000000.00,4.497871,100.0234375
08:06:01,912810TZ1,TSRYS5752098,D,S,D,2024-03-26,1000000.00,4.503558,99.94921875
08:06:01,912810TZ1,TSRYS5752098,D,S,D,2024-03-26,1000000.00,4.503708,99.947265625
08:06:01,912810TZ1,TSRYS5752098,D,S,C,2024-03-26,1000000.00,4.503708,99.947265625
08:06:01,912810TZ1,TSRYS5752098,D,S,D,2024-03-26,1000000.00,4.503857,99.9453125
08:06:01,912810TZ1,TSRYS5752098,D,S,D,2024-03-26,1000000.00,4.504007,99.943359375
08:06:04,912810TZ1,TSRYS5752098,D,S,D,2024-03-26,2000000.00,4.504007,99.943359375
08:06:04,912810TZ1,TSRYS5752098,D,S,D,2024-03-26,1000000.00,4.504007,99.943359375
08:06:04,912810TZ1,TSRYS5752098,D,B,C,2024-03-26,1000000.00,4.504015,99.943259375
08:06:04,912810TZ1,TSRYS5752098,D,S,D,2024-03-26,1000000.00,4.503857,99.9453125
08:06:04,912810TZ1,TSRYS5752098,D,S,D,2024-03-26,1000000.00,4.503857,99.9453125
08:06:04,912810TZ1,TSRYS5752098,D,B,C,2024-03-26,1000000.00,4.503865,99.9452125
08:06:04,912810TZ1,TSRYS5752098,D,S,D,2024-03-26,1000000.00,4.503857,99.9453125
08:06:04,912810TZ1,TSRYS5752098,D,S,D,2024-03-26,1000000.00,4.503857,99.9453125
08:06:04,912810TZ1,TSRYS5752098,D,S,C,2024-03-26,1000000.00,4.50221,99.966796875
08:06:04,912810TZ1,TSRYS5752098,D,S,D,2024-03-26,1000000.00,4.50221,99.966796875
08:06:05,912810TZ1,TSRYS5752098,D,S,D,2024-03-26,1000000.00,4.500863,99.984375
08:06:05,912810TZ1,TSRYS5752098,D,S,D,2024-03-26,1000000.00,4.500863,99.984375
08:06:05,912810TZ1,TSRYS5752098,D,S,D,2024-03-26,1000000.00,4.500863,99.984375
08:06:05,912810TZ1,TSRYS5752098,D,S,D,2024-03-26,1000000.00,4.500863,99.984375
08:06:05,912810TZ1,TSRYS5752098,D,S,D,2024-03-26,1000000.00,4.500863,99.984375
08:06:05,912810TZ1,TSRYS5752098,D,S,D,2024-03-26,1000000.00,4.500863,99.984375
08:06:05,912810TZ1,TSRYS5752098,D,S,D,2024-03-26,1000000.00,4.500863,99.984375
08:06:05,912810TZ1,TSRYS5752098,D,S,D,2024-03-26,1000000.00,4.500863,99.984375
08:06:05,912810TZ1,TSRYS5752098,D,S,D,2024-03-26,1000000.00,4.500863,99.984375
08:06:05,912810TZ1,TSRYS5752098,D,S,D,2024-03-26,1000000.00,4.500863,99.984375
08:06:05,912810TZ1,TSRYS5752098,D,S,D,2024-03-26,1000000.00,4.500863,99.984375
08:06:05,912810TZ1,TSRYS5752098,D,S,D,2024-03-26,1000000.00,4.500863,99.984375
08:06:06,912810TZ1,TSRYS5752098,D,S,D,2024-03-26,1000000.00,4.500863,99.984375
08:06:06,912810TZ1,TSRYS5752098,D,B,C,2024-03-26,1000000.00,4.500863,99.984375
08:06:06,912810TZ1,TSRYS5752098,D,S,D,2024-03-26,1000000.00,4.500863,99.984375
08:06:06,912810TZ1,TSRYS5752098,D,S,C,2024-03-26,1000000.00,4.500863,99.984375
08:06:06,912810TZ1,TSRYS5752098,D,S,C,2024-03-26,1000000.00,4.500863,99.984375
08:06:06,912810TZ1,TSRYS5752098,D,S,D,2024-03-26,1000000.00,4.500863,99.984375
08:06:06,912810TZ1,TSRYS5752098,D,S,D,2024-03-26,1000000.00,4.500863,99.984375
08:06:06,912810TZ1,TSRYS5752098,D,B,C,2024-03-26,1000000.00,4.500863,99.984375
08:06:06,912810TZ1,TSRYS5752098,D,S,D,2024-03-26,1000000.00,4.501163,99.98046875
08:06:06,912810TZ1,TSRYS5752098,D,S,D,2024-03-26,1000000.00,4.501163,99.98046875
08:06:06,912810TZ1,TSRYS5752098,D,S,D,2024-03-26,1000000.00,4.501163,99.98046875
08:06:06,912810TZ1,TSRYS5752098,D,S,D,2024-03-26,1000000.00,4.501462,99.9765625
08:06:06,912810TZ1,TSRYS5752098,D,S,D,2024-03-26,1000000.00,4.501462,99.9765625
08:06:06,912810TZ1,TSRYS5752098,D,S,D,2024-03-26,1000000.00,4.501462,99.9765625
08:06:06,912810TZ1,TSRYS5752098,D,S,D,2024-03-26,1000000.00,4.501911,99.970703125
08:06:06,912810TZ1,TSRYS5752098,D,S,D,2024-03-26,1000000.00,4.501462,99.9765625
08:06:06,912810TZ1,TSRYS5752098,D,S,D,2024-03-26,1000000.00,4.501462,99.9765625
08:06:07,912810TZ1,TSRYS5752098,D,S,D,2024-03-26,1000000.00,4.501163,99.98046875
08:06:07,912810TZ1,TSRYS5752098,D,S,D,2024-03-26,1000000.00,4.501163,99.98046875
08:06:07,912810TZ1,TSRYS5752098,D,B,C,2024-03-26,1000000.00,4.50117,99.98036875
08:06:07,912810TZ1,TSRYS5752098,D,S,D,2024-03-26,1000000.00,4.501163,99.98046875
08:06:07,912810TZ1,TSRYS5752098,D,B,C,2024-03-26,1000000.00,4.501163,99.98046875
08:06:07,912810TZ1,TSRYS5752098,D,S,D,2024-03-26,1000000.00,4.501163,99.98046875
08:06:07,912810TZ1,TSRYS5752098,D,B,C,2024-03-26,1000000.00,4.501163,99.98046875
08:06:07,912810TZ1,TSRYS5752098,D,S,D,2024-03-26,1000000.00,4.501163,99.98046875
08:06:07,912810TZ1,TSRYS5752098,D,S,D,2024-03-26,1000000.00,4.501163,99.98046875
08:06:07,912810TZ1,TSRYS5752098,D,S,D,2024-03-26,1000000.00,4.501163,99.98046875
08:06:07,912810TZ1,TSRYS5752098,D,S,D,2024-03-26,1000000.00,4.501163,99.98046875
08:06:07,912810TZ1,TSRYS5752098,D,S,D,2024-03-26,1000000.00,4.501163,99.98046875
08:06:07,912810TZ1,TSRYS5752098,D,S,D,2024-03-26,1000000.00,4.501163,99.98046875
08:06:07,912810TZ1,TSRYS5752098,D,S,D,2024-03-26,1000000.00,4.501163,99.98046875
08:06:07,912810TZ1,TSRYS5752098,D,S,D,2024-03-26,1000000.00,4.501163,99.98046875
08:06:07,912810TZ1,TSRYS5752098,D,S,D,2024-03-26,1000000.00,4.501163,99.98046875
08:06:07,912810TZ1,TSRYS5752098,D,S,D,2024-03-26,1000000.00,4.501163,99.98046875
08:06:07,912810TZ1,TSRYS5752098,D,S,D,2024-03-26,1000000.00,4.501163,99.98046875
08:06:07,912810TZ1,TSRYS5752098,D,B,C,2024-03-26,1000000.00,4.50117,99.98036875
08:06:07,912810TZ1,TSRYS5752098,D,S,D,2024-03-26,1000000.00,4.501163,99.98046875
08:06:07,912810TZ1,TSRYS5752098,D,S,D,2024-03-26,1000000.00,4.501163,99.98046875
08:06:07,912810TZ1,TSRYS5752098,D,S,D,2024-03-26,1000000.00,4.501163,99.98046875
08:06:07,912810TZ1,TSRYS5752098,D,S,D,2024-03-26,1000000.00,4.501163,99.98046875
08:06:07,912810TZ1,TSRYS5752098,D,S,D,2024-03-26,1000000.00,4.501163,99.98046875
08:06:07,912810TZ1,TSRYS5752098,D,S,D,2024-03-26,1000000.00,4.501462,99.9765625
08:06:07,912810TZ1,TSRYS5752098,D,B,C,2024-03-26,1000000.00,4.501462,99.9765625
08:06:07,912810TZ1,TSRYS5752098,D,S,T,2024-03-26,1000000.00,4.487707,100.15625
08:06:07,912810TZ1,TSRYS5752098,D,S,D,2024-03-26,1000000.00,4.501462,99.9765625
08:06:07,912810TZ1,TSRYS5752098,D,B,C,2024-03-26,1000000.00,4.501462,99.9765625
08:06:08,912810TZ1,TSRYS5752098,D,S,D,2024-03-26,1000000.00,4.501462,99.9765625
08:06:08,912810TZ1,TSRYS5752098,D,B,C,2024-03-26,1000000.00,4.50147,99.9764625
08:06:08,912810TZ1,TSRYS5752098,D,S,D,2024-03-26,1000000.00,4.501462,99.9765625
08:06:08,912810TZ1,TSRYS5752098,D,B,C,2024-03-26,1000000.00,4.501477,99.9763625
08:06:08,912810TZ1,TSRYS5752098,D,S,D,2024-03-26,1000000.00,4.501462,99.9765625
08:06:08,912810TZ1,TSRYS5752098,D,B,C,2024-03-26,1000000.00,4.501477,99.9763625
08:06:08,912810TZ1,TSRYS5752098,D,S,D,2024-03-26,1000000.00,4.501462,99.9765625
08:06:08,912810TZ1,TSRYS5752098,D,S,D,2024-03-26,1000000.00,4.501462,99.9765625
08:06:08,912810TZ1,TSRYS5752098,D,S,D,2024-03-26,1000000.00,4.501462,99.9765625
08:06:08,912810TZ1,TSRYS5752098,D,S,D,2024-03-26,1000000.00,4.501462,99.9765625
08:06:08,912810TZ1,TSRYS5752098,D,B,C,2024-03-26,1000000.00,4.501462,99.9765625
08:06:08,912810TZ1,TSRYS5752098,D,S,C,2024-03-26,1000000.00,4.499816,99.998046875
08:06:10,912810TZ1,TSRYS5752098,D,S,D,2024-03-26,1000000.00,4.496674,100.0390625
08:06:10,912810TZ1,TSRYS5752098,D,B,C,2024-03-26,1000000.00,4.496689,100.0388625
08:06:11,912810TZ1,TSRYS5752098,D,S,D,2024-03-26,2000000.00,4.49621,100.045121875
08:06:11,912810TZ1,TSRYS5752098,D,B,C,2024-03-26,1000000.00,4.495336,100.056540625
08:06:11,912810TZ1,TSRYS5752098,D,S,D,2024-03-26,1000000.00,4.495328,100.056640625
08:06:11,912810TZ1,TSRYS5752098,D,B,C,2024-03-26,1000000.00,4.495186,100.05849375
08:06:11,912810TZ1,TSRYS5752098,D,S,D,2024-03-26,1000000.00,4.495179,100.05859375
08:06:15,912810TZ1,TSRYS5752098,D,S,C,2024-03-26,1000000.00,4.490097,100.125
08:06:16,912810TZ1,TSRYS5752098,D,S,D,2024-03-26,1000000.00,4.488603,100.14453125
08:06:16,912810TZ1,TSRYS5752098,D,B,C,2024-03-26,1000000.00,4.488603,100.14453125
08:06:16,912810TZ1,TSRYS5752098,D,S,D,2024-03-26,1000000.00,4.487698,100.156375
08:06:17,912810TZ1,TSRYS5752098,D,S,D,2024-03-26,1000000.00,4.490097,100.125
08:06:19,912810TZ1,TSRYS5752098,D,S,C,2024-03-26,1000000.00,4.486662,100.169921875
08:06:23,912810TZ1,TSRYS5752098,D,S,D,2024-03-26,1000000.00,4.490695,100.1171875
08:06:23,912810TZ1,TSRYS5752098,D,B,C,2024-03-26,1000000.00,4.490695,100.1171875
08:06:23,912810TZ1,TSRYS5752098,D,S,D,2024-03-26,1000000.00,4.490695,100.1171875
08:06:24,912810TZ1,TSRYS5752098,D,B,C,2024-03-26,1000000.00,4.488006,100.15234375
08:06:24,912810TZ1,TSRYS5752098,D,S,D,2024-03-26,1000000.00,4.488006,100.15234375
08:06:26,912810TZ1,TSRYS5752098,D,B,A,2024-03-26,11100.00,4.502654,99.9609375
08:06:27,912810TZ1,TSRYS5752098,D,S,C,2024-03-26,1000000.00,4.487707,100.15625
08:06:32,912810TZ1,TSRYS5752098,D,S,C,2024-03-26,2000000.00,4.482774,100.220803125
08:06:32,912810TZ1,TSRYS5752098,D,S,D,2024-03-26,1000000.00,4.482782,100.220703125
08:06:32,912810TZ1,TSRYS5752098,D,S,C,2024-03-26,1000000.00,4.482782,100.220703125
08:06:33,912810TZ1,TSRYS5752098,D,S,D,2024-03-26,1000000.00,4.485617,100.18359375
08:06:33,912810TZ1,TSRYS5752098,D,B,C,2024-03-26,1000000.00,4.485617,100.18359375
08:06:34,912810TZ1,TSRYS5752098,D,S,D,2024-03-26,1000000.00,4.485319,100.1875
08:06:34,912810TZ1,TSRYS5752098,D,S,D,2024-03-26,1000000.00,4.485319,100.1875
08:06:35,912810TZ1,TSRYS5752098,D,S,D,2024-03-26,1000000.00,4.483528,100.2109375
08:06:35,912810TZ1,TSRYS5752098,D,S,D,2024-03-26,1000000.00,4.485319,100.1875
08:06:36,912810TZ1,TSRYS5752098,D,S,C,2024-03-26,1000000.00,4.488902,100.140625
08:06:36,912810TZ1,TSRYS5752098,D,B,C,2024-03-26,1000000.00,4.488902,100.140625
08:06:47,912810TZ1,TSRYS5752098,D,S,D,2024-03-26,1000000.00,4.492787,100.08984375
08:06:47,912810TZ1,TSRYS5752098,D,S,C,2024-03-26,1000000.00,4.492637,100.091796875
08:06:47,912810TZ1,TSRYS5752098,D,S,C,2024-03-26,1000000.00,4.492787,100.08984375
08:06:48,912810TZ1,TSRYS5752098,D,S,C,2024-03-26,1000000.00,4.493833,100.076171875
08:06:50,912810TZ1,TSRYS5752098,D,B,C,2024-03-26,1000000.00,4.492787,100.08984375
08:06:50,912810TZ1,TSRYS5752098,D,S,D,2024-03-26,1000000.00,4.492787,100.08984375
08:06:50,912810TZ1,TSRYS5752098,D,S,T,2024-03-26,1000000.00,4.491905,100.1013625
08:06:50,912810TZ1,TSRYS5752098,D,S,D,2024-03-26,1000000.00,4.494124,100.072365625
08:06:50,912810TZ1,TSRYS5752098,D,S,T,2024-03-26,1000000.00,4.492802,100.08964375
08:06:50,912810TZ1,TSRYS5752098,D,S,T,2024-03-26,1000000.00,4.492802,100.08964375
08:06:50,912810TZ1,TSRYS5752098,D,S,T,2024-03-26,1000000.00,4.491905,100.1013625
08:06:50,912810TZ1,TSRYS5752098,D,S,C,2024-03-26,1000000.00,4.495919,100.048928125
08:06:50,912810TZ1,TSRYS5752098,D,S,C,2024-03-26,1000000.00,4.496076,100.046875
08:06:50,912810TZ1,TSRYS5752098,D,S,D,2024-03-26,1000000.00,4.495627,100.052734375
08:06:50,912810TZ1,TSRYS5752098,D,S,T,2024-03-26,1000000.00,4.491905,100.1013625
08:06:53,912810TZ1,TSRYS5752098,D,S,C,2024-03-26,1000000.00,4.492779,100.08994375
08:06:53,912810TZ1,TSRYS5752098,D,S,D,2024-03-26,1000000.00,4.492787,100.08984375
08:06:53,912810TZ1,TSRYS5752098,D,S,D,2024-03-26,10110000.00,4.518851,99.75
08:06:53,912810TZ1,TSRYS5752098,D,S,D,2024-03-26,1000000.00,4.492787,100.08984375
08:06:53,912810TZ1,TSRYS5752098,D,S,D,2024-03-26,1000000.00,4.492787,100.08984375
08:06:54,912810TZ1,TSRYS5752098,D,S,D,2024-03-26,1000000.00,4.49189,100.1015625
08:06:54,912810TZ1,TSRYS5752098,D,S,D,2024-03-26,1000000.00,4.49189,100.1015625
08:06:54,912810TZ1,TSRYS5752098,D,S,C,2024-03-26,1000000.00,4.49189,100.1015625
08:07:01,912810TZ1,TSRYS5752098,D,S,D,2024-03-26,185000.00,4.493684,100.078125
08:07:05,912810TZ1,TSRYS5752098,D,S,D,2024-03-26,185000.00,4.493684,100.078125
08:07:10,912810TZ1,TSRYS5752098,D,S,D,2024-03-26,5000.00,4.49189,100.101562
08:07:13,912810TZ1,TSRYS5752098,D,B,C,2024-03-26,3220000.00,4.49518,100.05819375
08:07:14,912810TZ1,TSRYS5752098,D,S,D,2024-03-26,5000.00,4.490097,100.125
08:07:30,912810TZ1,TSRYS5752098,D,S,A,2024-03-26,168000.00,4.490097,100.125
08:07:54,912810TZ1,TSRYS5752098,D,S,T,2024-03-26,1000000.00,4.487707,100.15625
08:08:20,912810TZ1,TSRYS5752098,D,B,C,2024-03-26,1000000.00,4.489052,100.138671875
08:08:20,912810TZ1,TSRYS5752098,D,S,D,2024-03-26,1000000.00,4.489052,100.138671875
08:08:52,912810TZ1,TSRYS5752098,D,S,T,2024-03-26,1000000.00,4.489052,100.138671875
08:08:52,912810TZ1,TSRYS5752098,D,S,D,2024-03-26,1000000.00,4.489052,100.138671875
08:08:57,912810TZ1,TSRYS5752098,D,S,D,2024-03-26,1000000.00,4.489052,100.138671875
08:09:00,912810TZ1,TSRYS5752098,D,S,C,2024-03-26,3220000.00,4.494819,100.0629
08:09:00,912810TZ1,TSRYS5752098,D,B,A,2024-03-26,3220000.00,4.494819,100.0629
08:09:12,912810TZ1,TSRYS5752098,D,S,T,2024-03-26,2000000.00,4.489201,100.13671875
08:09:12,912810TZ1,TSRYS5752098,D,S,D,2024-03-26,2000000.00,4.489201,100.13671875
08:09:14,912810TZ1,TSRYS5752098,D,S,D,2024-03-26,2000000.00,4.489201,100.13671875
08:09:15,912810TZ1,TSRYS5752098,D,S,T,2024-03-26,2000000.00,4.489201,100.13671875
08:09:32,912810TZ1,TSRYS5752098,D,S,D,2024-03-26,1000000.00,4.488894,100.140727
08:09:32,912810TZ1,TSRYS5752098,D,B,C,2024-03-26,1000000.00,4.488902,100.140625
08:09:32,912810TZ1,TSRYS5752098,D,B,C,2024-03-26,1000000.00,4.488902,100.140625
08:09:32,912810TZ1,TSRYS5752098,D,S,D,2024-03-26,1000000.00,4.488894,100.140727
08:09:32,912810TZ1,TSRYS5752098,D,B,C,2024-03-26,1000000.00,4.488902,100.140625
08:09:32,912810TZ1,TSRYS5752098,D,S,D,2024-03-26,1000000.00,4.488894,100.140727
08:09:37,912810TZ1,TSRYS5752098,D,S,D,2024-03-26,1000000.00,4.488753,100.142578125
08:09:37,912810TZ1,TSRYS5752098,D,B,C,2024-03-26,1000000.00,4.488753,100.142578125
08:10:03,912810TZ1,TSRYS5752098,D,S,D,2024-03-26,1000000.00,4.488894,100.140727
08:10:18,912810TZ1,TSRYS5752098,D,B,C,2024-03-26,1000000.00,4.488914,100.140475
08:10:33,912810TZ1,TSRYS5752098,D,S,C,2024-03-26,50MM+,4.493878,100.07559
08:11:55,912810TZ1,TSRYS5752098,D,B,C,2024-03-26,2000000.00,4.492488,100.09335
08:12:29,912810TZ1,TSRYS5752098,D,S,C,2024-03-26,1000000.00,4.490097,100.125
08:12:29,912810TZ1,TSRYS5752098,D,B,C,2024-03-26,1000000.00,4.490097,100.125
08:13:17,912810TZ1,TSRYS5752098,D,S,D,2024-03-26,1000000.00,4.488454,100.146484375
08:13:17,912810TZ1,TSRYS5752098,D,S,D,2024-03-26,1000000.00,4.488454,100.146484375
08:13:21,912810TZ1,TSRYS5752098,D,S,T,2024-03-26,1000000.00,4.488454,100.146484375
08:13:21,912810TZ1,TSRYS5752098,D,S,T,2024-03-26,1000000.00,4.488454,100.146484375
08:13:22,912810TZ1,TSRYS5752098,D,S,T,2024-03-26,1000000.00,4.487707,100.15625
08:13:34,912810TZ1,TSRYS5752098,D,B,C,2024-03-26,2000000.00,4.487857,100.154296875
08:13:34,912810TZ1,TSRYS5752098,D,B,C,2024-03-26,2000000.00,4.487857,100.154296875
08:13:34,912810TZ1,TSRYS5752098,D,B,C,2024-03-26,1000000.00,4.487857,100.154296875
08:13:34,912810TZ1,TSRYS5752098,D,B,C,2024-03-26,2000000.00,4.487857,100.154296875
08:13:34,912810TZ1,TSRYS5752098,D,B,C,2024-03-26,1000000.00,4.487857,100.154296875
08:13:41,912810TZ1,TSRYS5752098,D,S,C,2024-03-26,2000000.00,4.493324,100.08243125
08:13:41,912810TZ1,TSRYS5752098,D,B,A,2024-03-26,2000000.00,4.493324,100.08243125
08:14:04,912810TZ1,TSRYS5752098,D,S,C,2024-03-26,1000000.00,4.487707,100.15625
08:14:05,912810TZ1,TSRYS5752098,D,S,D,2024-03-26,1000000.00,4.486513,100.171875
08:14:08,912810TZ1,TSRYS5752098,D,S,T,2024-03-26,1000000.00,4.486513,100.171875
08:14:08,912810TZ1,TSRYS5752098,D,S,T,2024-03-26,1000000.00,4.486513,100.171875
08:14:08,912810TZ1,TSRYS5752098,D,S,D,2024-03-26,1000000.00,4.486513,100.171875
