tradeTime,cusip,issueSymbolIdentifier,priceType,reportingSideCode,contraPartyTypeCode,tradeDate,reportedTradeVolume,lastSaleYield,lastSalePrice
08:00:06,912810TZ1,TSRYS5752098,D,S,T,2024-04-29,1000000.00,4.867999,95.3515625
08:00:06,912810TZ1,TSRYS5752098,D,S,T,2024-04-29,1000000.00,4.86736,95.359375
08:00:06,912810TZ1,TSRYS5752098,D,S,T,2024-04-29,1000000.00,4.848699,95.587890625
08:00:06,912810TZ1,TSRYS5752098,D,S,D,2024-04-29,1000000.00,4.848699,95.587890625
08:00:06,912810TZ1,TSRYS5752098,D,S,D,2024-04-29,1000000.00,4.848699,95.587890625
08:00:06,912810TZ1,TSRYS5752098,D,S,D,2024-04-29,1000000.00,4.848699,95.587890625
08:00:06,912810TZ1,TSRYS5752098,D,S,D,2024-04-29,1000000.00,4.848699,95.587890625
08:00:09,912810TZ1,TSRYS5752098,D,S,A,2024-04-29,1740000.00,4.866401,95.37109375
08:00:09,912810TZ1,TSRYS5752098,D,S,A,2024-04-29,100000.00,4.873113,95.2890625
08:00:11,912810TZ1,TSRYS5752098,D,S,A,2024-04-29,60000.00,4.845005,95.64154583333
08:00:13,912810TZ1,TSRYS5752098,D,S,A,2024-04-29,1000.00,4.844687,96.13711875
08:00:17,912810TZ1,TSRYS5752098,D,S,A,2024-04-29,200000.00,4.854594,95.515625
08:00:18,912810TZ1,TSRYS5752098,D,B,A,2024-04-29,244000.00,4.872154,95.300781
08:00:30,912810TZ1,TSRYS5752098,D,S,T,2024-04-29,1000000.00,4.852044,95.546875
08:00:30,912810TZ1,TSRYS5752098,D,S,T,2024-04-29,1000000.00,4.853319,95.53125
08:00:30,912810TZ1,TSRYS5752098,D,S,T,2024-04-29,1000000.00,4.853319,95.53125
08:00:30,912810TZ1,TSRYS5752098,D,S,T,2024-04-29,1000000.00,4.85077,95.5625
08:00:30,912810TZ1,TSRYS5752098,D,S,T,2024-04-29,1000000.00,4.853319,95.53125
08:00:30,912810TZ1,TSRYS5752098,D,S,T,2024-04-29,1000000.00,4.854435,95.517578125
08:00:30,912810TZ1,TSRYS5752098,D,S,T,2024-04-29,1000000.00,4.854116,95.521484375
08:00:30,912810TZ1,TSRYS5752098,D,S,D,2024-04-29,1000000.00,4.841856,95.671875
08:00:33,912810TZ1,TSRYS5752098,D,S,D,2024-04-29,1000000.00,4.851088,95.55859375
08:00:33,912810TZ1,TSRYS5752098,D,S,D,2024-04-29,1000000.00,4.851088,95.55859375
08:00:33,912810TZ1,TSRYS5752098,D,S,D,2024-04-29,1000000.00,4.851088,95.55859375
08:00:33,912810TZ1,TSRYS5752098,D,S,D,2024-04-29,1000000.00,4.851088,95.55859375
08:00:33,912810TZ1,TSRYS5752098,D,S,D,2024-04-29,1000000.00,4.848699,95.587890625
08:00:33,912810TZ1,TSRYS5752098,D,S,D,2024-04-29,1000000.00,4.848699,95.587890625
08:00:33,912810TZ1,TSRYS5752098,D,S,D,2024-04-29,1000000.00,4.848699,95.587890625
08:00:33,912810TZ1,TSRYS5752098,D,S,D,2024-04-29,1000000.00,4.848699,95.587890625
08:00:33,912810TZ1,TSRYS5752098,D,S,D,2024-04-29,1000000.00,4.848699,95.587890625
08:00:33,912810TZ1,TSRYS5752098,D,S,D,2024-04-29,1000000.00,4.848699,95.587890625
08:00:33,912810TZ1,TSRYS5752098,D,S,D,2024-04-29,1000000.00,4.848699,95.587890625
08:00:33,912810TZ1,TSRYS5752098,D,S,D,2024-04-29,1000000.00,4.848699,95.587890625
08:00:33,912810TZ1,TSRYS5752098,D,S,D,2024-04-29,1000000.00,4.848699,95.587890625
08:00:33,912810TZ1,TSRYS5752098,D,S,D,2024-04-29,1000000.00,4.848699,95.587890625
08:00:33,912810TZ1,TSRYS5752098,D,S,D,2024-04-29,1000000.00,4.848699,95.587890625
08:00:33,912810TZ1,TSRYS5752098,D,S,D,2024-04-29,1000000.00,4.848699,95.587890625
08:00:33,912810TZ1,TSRYS5752098,D,S,D,2024-04-29,1000000.00,4.848699,95.587890625
08:00:33,912810TZ1,TSRYS5752098,D,S,D,2024-04-29,1000000.00,4.848699,95.587890625
08:00:33,912810TZ1,TSRYS5752098,D,S,D,2024-04-29,1000000.00,4.842333,95.666015625
08:00:33,912810TZ1,TSRYS5752098,D,S,D,2024-04-29,1000000.00,4.842333,95.666015625
08:00:33,912810TZ1,TSRYS5752098,D,S,D,2024-04-29,1000000.00,4.842333,95.666015625
08:00:37,912810TZ1,TSRYS5752098,D,S,T,2024-04-29,1000000.00,4.848699,95.587890625
08:00:37,912810TZ1,TSRYS5752098,D,S,T,2024-04-29,1000000.00,4.848699,95.587890625
08:00:37,912810TZ1,TSRYS5752098,D,S,T,2024-04-29,1000000.00,4.842492,95.6640625
08:00:37,912810TZ1,TSRYS5752098,D,S,D,2024-04-29,1000000.00,4.843765,95.6484375
08:00:37,912810TZ1,TSRYS5752098,D,S,D,2024-04-29,1000000.00,4.854594,95.515625
08:00:37,912810TZ1,TSRYS5752098,D,S,D,2024-04-29,1000000.00,4.855232,95.5078125
08:00:37,912810TZ1,TSRYS5752098,D,S,D,2024-04-29,1000000.00,4.85077,95.5625
08:00:37,912810TZ1,TSRYS5752098,D,S,T,2024-04-29,1000000.00,4.881434,95.1875
08:00:37,912810TZ1,TSRYS5752098,D,S,T,2024-04-29,1000000.00,4.876312,95.25
08:00:37,912810TZ1,TSRYS5752098,D,S,D,2024-04-29,1000000.00,4.85077,95.5625
08:00:37,912810TZ1,TSRYS5752098,D,S,D,2024-04-29,1000000.00,4.85077,95.5625
08:00:37,912810TZ1,TSRYS5752098,D,S,T,2024-04-29,1000000.00,4.853957,95.5234375
08:00:37,912810TZ1,TSRYS5752098,D,S,D,2024-04-29,1000000.00,4.851088,95.55859375
08:00:41,912810TZ1,TSRYS5752098,D,B,A,2024-04-29,1000000.00,4.868318,95.34765625
08:00:47,912810TZ1,TSRYS5752098,D,S,T,2024-04-29,1000000.00,4.849496,95.578125
08:00:48,912810TZ1,TSRYS5752098,D,S,T,2024-04-29,1000000.00,4.849496,95.578125
08:00:49,912810TZ1,TSRYS5752098,D,S,T,2024-04-29,2000000.00,4.849496,95.578125
08:00:49,912810TZ1,TSRYS5752098,D,S,A,2024-04-29,400000.00,4.849496,95.578125
08:00:49,912810TZ1,TSRYS5752098,D,B,A,2024-04-29,1743000.00,4.856188,95.496094
08:00:51,912810TZ1,TSRYS5752098,D,S,T,2024-04-29,1000000.00,4.849496,95.578125
08:00:54,912810TZ1,TSRYS5752098,D,S,A,2024-04-29,1665100.00,4.853957,95.5234375
08:00:57,912810TZ1,TSRYS5752098,D,S,D,2024-04-29,1000000.00,4.85077,95.5625
08:00:57,912810TZ1,TSRYS5752098,D,S,D,2024-04-29,1000000.00,4.85077,95.5625
08:00:57,912810TZ1,TSRYS5752098,D,S,T,2024-04-29,1000000.00,4.85061,95.564453125
08:00:57,912810TZ1,TSRYS5752098,D,S,T,2024-04-29,1000000.00,4.85077,95.5625
08:00:57,912810TZ1,TSRYS5752098,D,S,T,2024-04-29,1000000.00,4.85077,95.5625
08:00:57,912810TZ1,TSRYS5752098,D,S,T,2024-04-29,2000000.00,4.85077,95.5625
08:00:57,912810TZ1,TSRYS5752098,D,S,T,2024-04-29,1000000.00,4.85077,95.5625
08:00:57,912810TZ1,TSRYS5752098,D,S,T,2024-04-29,1000000.00,4.85077,95.5625
08:00:57,912810TZ1,TSRYS5752098,D,S,T,2024-04-29,1000000.00,4.85077,95.5625
08:00:57,912810TZ1,TSRYS5752098,D,S,T,2024-04-29,1000000.00,4.85077,95.5625
08:00:57,912810TZ1,TSRYS5752098,D,S,T,2024-04-29,1000000.00,4.85077,95.5625
08:00:58,912810TZ1,TSRYS5752098,D,S,T,2024-04-29,1000000.00,4.85077,95.5625
08:00:58,912810TZ1,TSRYS5752098,D,S,T,2024-04-29,1000000.00,4.85077,95.5625
08:00:58,912810TZ1,TSRYS5752098,D,S,T,2024-04-29,1000000.00,4.85077,95.5625
08:00:58,912810TZ1,TSRYS5752098,D,S,T,2024-04-29,1000000.00,4.85077,95.5625
08:00:58,912810TZ1,TSRYS5752098,D,S,D,2024-04-29,1000000.00,4.85077,95.5625
08:00:58,912810TZ1,TSRYS5752098,D,S,T,2024-04-29,1000000.00,4.85077,95.5625
08:00:58,912810TZ1,TSRYS5752098,D,S,T,2024-04-29,1000000.00,4.85077,95.5625
08:00:58,912810TZ1,TSRYS5752098,D,S,T,2024-04-29,1000000.00,4.85077,95.5625
08:00:58,912810TZ1,TSRYS5752098,D,S,T,2024-04-29,2000000.00,4.85077,95.5625
08:00:58,912810TZ1,TSRYS5752098,D,S,T,2024-04-29,1000000.00,4.85077,95.5625
08:01:06,912810TZ1,TSRYS5752098,D,B,C,2024-04-29,1000000.00,4.876632,95.24609375
08:01:06,912810TZ1,TSRYS5752098,D,S,D,2024-04-29,1000000.00,4.875032,95.265625
08:01:06,912810TZ1,TSRYS5752098,D,S,C,2024-04-29,1000000.00,4.876632,95.24609375
08:01:06,912810TZ1,TSRYS5752098,D,S,D,2024-04-29,1000000.00,4.875032,95.265625
08:01:06,912810TZ1,TSRYS5752098,D,S,D,2024-04-29,1000000.00,4.873753,95.28125
08:01:06,912810TZ1,TSRYS5752098,D,S,C,2024-04-29,1000000.00,4.859378,95.45703125
08:01:06,912810TZ1,TSRYS5752098,D,B,C,2024-04-29,1000000.00,4.859378,95.45703125
08:01:07,912810TZ1,TSRYS5752098,D,S,D,2024-04-29,1000000.00,4.854594,95.515625
08:01:07,912810TZ1,TSRYS5752098,D,S,D,2024-04-29,1000000.00,4.855232,95.5078125
08:01:07,912810TZ1,TSRYS5752098,D,S,D,2024-04-29,1000000.00,4.851088,95.55859375
08:01:10,912810TZ1,TSRYS5752098,D,S,D,2024-04-29,60000.00,4.845005,95.6332125
08:01:10,912810TZ1,TSRYS5752098,D,S,D,2024-04-29,1000.00,4.844687,95.63711875
08:01:12,912810TZ1,TSRYS5752098,D,S,D,2024-04-29,1000000.00,4.879833,95.20703125
08:01:13,912810TZ1,TSRYS5752098,D,S,D,2024-04-29,1000000.00,4.875032,95.265625
08:01:13,912810TZ1,TSRYS5752098,D,S,D,2024-04-29,1000000.00,4.875032,95.265625
08:01:13,912810TZ1,TSRYS5752098,D,S,T,2024-04-29,1000000.00,4.875049,95.265425
08:01:13,912810TZ1,TSRYS5752098,D,S,D,2024-04-29,1000000.00,4.875512,95.25976562
08:01:13,912810TZ1,TSRYS5752098,D,S,D,2024-04-29,1000000.00,4.875512,95.25976562
08:01:13,912810TZ1,TSRYS5752098,D,S,T,2024-04-29,1000000.00,4.875049,95.265425
08:01:13,912810TZ1,TSRYS5752098,D,S,T,2024-04-29,1000000.00,4.875049,95.265425
08:01:13,912810TZ1,TSRYS5752098,D,S,D,2024-04-29,1000000.00,4.873753,95.28125
08:01:13,912810TZ1,TSRYS5752098,D,S,T,2024-04-29,1000000.00,4.873769,95.28105
08:01:15,912810TZ1,TSRYS5752098,D,S,C,2024-04-29,1000000.00,4.85077,95.5625
08:01:15,912810TZ1,TSRYS5752098,D,S,D,2024-04-29,1000000.00,4.867999,95.3515625
08:01:15,912810TZ1,TSRYS5752098,D,S,D,2024-04-29,1000000.00,4.86736,95.359375
08:01:17,912810TZ1,TSRYS5752098,D,S,C,2024-04-29,1000000.00,4.843765,95.6484375
08:01:17,912810TZ1,TSRYS5752098,D,S,A,2024-04-29,1000000.00,4.86736,95.359375
08:01:20,912810TZ1,TSRYS5752098,D,S,T,2024-04-29,1000000.00,4.856029,95.49804687
08:01:20,912810TZ1,TSRYS5752098,D,S,T,2024-04-29,1000000.00,4.856507,95.4921875
08:01:20,912810TZ1,TSRYS5752098,D,S,D,2024-04-29,1000000.00,4.856507,95.4921875
08:01:20,912810TZ1,TSRYS5752098,D,S,D,2024-04-29,1000000.00,4.856507,95.4921875
08:01:20,912810TZ1,TSRYS5752098,D,B,C,2024-04-29,4000000.00,4.856429,95.49315
08:01:21,912810TZ1,TSRYS5752098,D,S,C,2024-04-29,1348700.00,4.849814,95.57421875
08:01:22,912810TZ1,TSRYS5752098,D,S,A,2024-04-29,300000.00,4.852363,95.54296875
08:01:37,912810TZ1,TSRYS5752098,D,S,D,2024-04-29,1000000.00,4.856029,95.498046875
08:01:37,912810TZ1,TSRYS5752098,D,S,D,2024-04-29,1000000.00,4.856507,95.4921875
08:01:39,912810TZ1,TSRYS5752098,D,B,C,2024-04-29,1000000.00,4.851088,95.55859375
08:01:40,912810TZ1,TSRYS5752098,D,S,C,2024-04-29,29000000.00,4.849072,95.58332
08:01:42,912810TZ1,TSRYS5752098,D,B,C,2024-04-29,10000000.00,4.87554,95.25943
08:01:43,912810TZ1,TSRYS5752098,D,S,D,2024-04-29,1000000.00,4.842174,95.66796875
08:01:43,912810TZ1,TSRYS5752098,D,S,D,2024-04-29,1000000.00,4.842174,95.66796875
08:01:44,912810TZ1,TSRYS5752098,D,S,D,2024-04-29,2000000.00,4.844083,95.64453125
08:01:44,912810TZ1,TSRYS5752098,D,S,D,2024-04-29,1000000.00,4.844242,95.64257812
08:01:44,912810TZ1,TSRYS5752098,D,S,D,2024-04-29,1000000.00,4.843765,95.6484375
08:01:44,912810TZ1,TSRYS5752098,D,S,C,2024-04-29,1000000.00,4.843765,95.6484375
08:01:44,912810TZ1,TSRYS5752098,D,S,T,2024-04-29,1000000.00,4.843765,95.6484375
08:01:44,912810TZ1,TSRYS5752098,D,B,C,2024-04-29,1000000.00,4.844561,95.63867187
08:01:51,912810TZ1,TSRYS5752098,D,S,A,2024-04-29,875000.00,4.876312,95.25
08:01:51,912810TZ1,TSRYS5752098,D,S,T,2024-04-29,1000000.00,4.871205,95.31237
08:01:51,912810TZ1,TSRYS5752098,D,S,T,2024-04-29,1000000.00,4.871205,95.31237
08:01:51,912810TZ1,TSRYS5752098,D,S,T,2024-04-29,1000000.00,4.871205,95.31237
08:01:51,912810TZ1,TSRYS5752098,D,S,T,2024-04-29,1000000.00,4.871205,95.31237
08:01:52,912810TZ1,TSRYS5752098,D,S,A,2024-04-29,395000.00,4.868638,95.34375
08:01:54,912810TZ1,TSRYS5752098,D,S,A,2024-04-29,18000.00,4.850191,95.5696
08:01:56,912810TZ1,TSRYS5752098,D,B,A,2024-04-29,821000.00,4.852044,95.546875
08:01:57,912810TZ1,TSRYS5752098,D,B,C,2024-04-29,5000000.00,4.853957,95.5234375
08:01:57,912810TZ1,TSRYS5752098,D,S,D,2024-04-29,1000000.00,4.854594,95.515625
08:01:57,912810TZ1,TSRYS5752098,D,S,T,2024-04-29,1000000.00,4.854292,95.51933125
08:01:57,912810TZ1,TSRYS5752098,D,S,T,2024-04-29,1000000.00,4.854929,95.51151875
08:01:57,912810TZ1,TSRYS5752098,D,S,T,2024-04-29,1000000.00,4.854929,95.51151875
08:01:57,912810TZ1,TSRYS5752098,D,S,T,2024-04-29,1000000.00,4.855248,95.5076125
08:01:57,912810TZ1,TSRYS5752098,D,S,T,2024-04-29,1000000.00,4.855089,95.509565625
08:01:57,912810TZ1,TSRYS5752098,D,S,D,2024-04-29,1000000.00,4.855232,95.5078125
08:02:00,912810TZ1,TSRYS5752098,D,S,C,2024-04-29,1000000.00,4.881425,95.1876
08:02:02,912810TZ1,TSRYS5752098,D,S,C,2024-04-29,1000000.00,4.876296,95.2502
08:02:02,912810TZ1,TSRYS5752098,D,S,C,2024-04-29,1000000.00,4.875032,95.265625
08:02:02,912810TZ1,TSRYS5752098,D,S,C,2024-04-29,1000000.00,4.875032,95.265625
08:02:02,912810TZ1,TSRYS5752098,D,S,C,2024-04-29,1000000.00,4.875032,95.265625
08:02:02,912810TZ1,TSRYS5752098,D,S,C,2024-04-29,1000000.00,4.873753,95.28125
08:02:03,912810TZ1,TSRYS5752098,D,S,D,2024-04-29,1000000.00,4.871195,95.3125
08:02:03,912810TZ1,TSRYS5752098,D,S,C,2024-04-29,1000000.00,4.871195,95.3125
08:02:03,912810TZ1,TSRYS5752098,D,S,D,2024-04-29,1000000.00,4.871195,95.3125
08:02:03,912810TZ1,TSRYS5752098,D,S,D,2024-04-29,1000000.00,4.871195,95.3125
08:02:03,912810TZ1,TSRYS5752098,D,S,D,2024-04-29,1177000.00,4.850451,95.566406
08:02:04,912810TZ1,TSRYS5752098,D,S,D,2024-04-29,1000000.00,4.869916,95.328125
08:02:04,912810TZ1,TSRYS5752098,D,B,C,2024-04-29,1000000.00,4.869916,95.328125
08:02:05,912810TZ1,TSRYS5752098,D,S,A,2024-04-29,500000.00,4.866721,95.3671875
08:02:08,912810TZ1,TSRYS5752098,D,S,D,2024-04-29,150000.00,4.851088,95.55859375
08:02:10,912810TZ1,TSRYS5752098,D,S,A,2024-04-29,101000.00,4.850798,95.5625
08:02:11,912810TZ1,TSRYS5752098,D,S,A,2024-04-29,139000.00,4.852044,95.546875
08:02:12,912810TZ1,TSRYS5752098,D,S,C,2024-04-29,100000.00,4.845356,95.62890625
08:02:14,912810TZ1,TSRYS5752098,D,S,A,2024-04-29,240000.00,4.851407,95.5546875
08:02:14,912810TZ1,TSRYS5752098,D,S,A,2024-04-29,262000.00,4.855232,95.5078125
08:02:21,912810TZ1,TSRYS5752098,D,B,C,2024-04-29,8000000.00,4.843447,95.65234375
08:02:22,912810TZ1,TSRYS5752098,D,S,A,2024-04-29,4664000.00,4.866721,95.3671875
08:02:22,912810TZ1,TSRYS5752098,D,B,A,2024-04-29,256000.00,4.854275,95.51953125
08:02:25,912810TZ1,TSRYS5752098,D,B,C,2024-04-29,1000000.00,4.869916,95.328125
08:02:25,912810TZ1,TSRYS5752098,D,S,C,2024-04-29,1000000.00,4.869904,95.328277
08:02:29,912810TZ1,TSRYS5752098,D,B,C,2024-04-29,1000000.00,4.85077,95.5625
08:02:29,912810TZ1,TSRYS5752098,D,S,D,2024-04-29,1000000.00,4.85077,95.5625
08:02:33,912810TZ1,TSRYS5752098,D,S,D,2024-04-29,1000000.00,4.848859,95.5859375
08:02:33,912810TZ1,TSRYS5752098,D,B,C,2024-04-29,1000000.00,4.848859,95.5859375
08:02:33,912810TZ1,TSRYS5752098,D,S,D,2024-04-29,1000000.00,4.848699,95.587890625
08:02:33,912810TZ1,TSRYS5752098,D,S,D,2024-04-29,1000000.00,4.848699,95.587890625
08:02:33,912810TZ1,TSRYS5752098,D,B,C,2024-04-29,1000000.00,4.848699,95.587890625
08:02:33,912810TZ1,TSRYS5752098,D,S,D,2024-04-29,1000000.00,4.848699,95.587890625
08:02:33,912810TZ1,TSRYS5752098,D,S,D,2024-04-29,1000000.00,4.848699,95.587890625
08:02:34,912810TZ1,TSRYS5752098,D,S,C,2024-04-29,1000000.00,4.867343,95.359575
08:02:34,912810TZ1,TSRYS5752098,D,B,C,2024-04-29,1000000.00,4.86736,95.359375
08:02:42,912810TZ1,TSRYS5752098,D,S,C,2024-04-29,1000000.00,4.858421,95.46875
08:02:42,912810TZ1,TSRYS5752098,D,S,C,2024-04-29,1000000.00,4.858421,95.46875
08:02:42,912810TZ1,TSRYS5752098,D,B,C,2024-04-29,1000000.00,4.858435,95.468575
08:02:42,912810TZ1,TSRYS5752098,D,B,C,2024-04-29,1000000.00,4.858435,95.468575
08:02:42,912810TZ1,TSRYS5752098,D,S,C,2024-04-29,1000000.00,4.858421,95.46875
08:02:43,912810TZ1,TSRYS5752098,D,S,C,2024-04-29,1000000.00,4.855869,95.5
08:02:43,912810TZ1,TSRYS5752098,D,B,C,2024-04-29,1000000.00,4.855869,95.5
08:02:47,912810TZ1,TSRYS5752098,D,B,C,2024-04-29,1000000.00,4.85077,95.5625
08:02:47,912810TZ1,TSRYS5752098,D,S,D,2024-04-29,1000000.00,4.850759,95.56263
08:02:49,912810TZ1,TSRYS5752098,D,B,C,2024-04-29,1000000.00,4.85077,95.5625
08:02:49,912810TZ1,TSRYS5752098,D,S,C,2024-04-29,1000000.00,4.850757,95.562652
08:02:49,912810TZ1,TSRYS5752098,D,S,C,2024-04-29,1000000.00,4.85061,95.564453125
08:02:50,912810TZ1,TSRYS5752098,D,S,D,2024-04-29,1000000.00,4.85077,95.5625
08:02:50,912810TZ1,TSRYS5752098,D,S,D,2024-04-29,1000000.00,4.85077,95.5625
08:02:50,912810TZ1,TSRYS5752098,D,S,D,2024-04-29,1000000.00,4.85077,95.5625
08:02:50,912810TZ1,TSRYS5752098,D,S,D,2024-04-29,1000000.00,4.85077,95.5625
08:02:50,912810TZ1,TSRYS5752098,D,S,C,2024-04-29,1000000.00,4.852032,95.547027
08:02:50,912810TZ1,TSRYS5752098,D,S,C,2024-04-29,1000000.00,4.853307,95.531402
08:02:51,912810TZ1,TSRYS5752098,D,S,C,2024-04-29,1000000.00,4.853307,95.531402
08:02:52,912810TZ1,TSRYS5752098,D,S,C,2024-04-29,1000000.00,4.850757,95.562652
08:03:03,912810TZ1,TSRYS5752098,D,S,D,2024-04-29,1000000.00,4.842492,95.6640625
08:03:04,912810TZ1,TSRYS5752098,D,B,C,2024-04-29,1000000.00,4.842015,95.669921875
08:03:04,912810TZ1,TSRYS5752098,D,S,D,2024-04-29,1000000.00,4.842015,95.669921875
08:03:06,912810TZ1,TSRYS5752098,D,S,C,2024-04-29,1000000.00,4.843765,95.6484375
08:03:08,912810TZ1,TSRYS5752098,D,S,D,2024-04-29,1000000.00,4.842492,95.6640625
08:03:08,912810TZ1,TSRYS5752098,D,B,C,2024-04-29,1000000.00,4.842492,95.6640625
08:03:10,912810TZ1,TSRYS5752098,D,S,D,2024-04-29,2000000.00,4.854594,95.515625
08:03:10,912810TZ1,TSRYS5752098,D,S,C,2024-04-29,1000000.00,4.854594,95.515625
08:03:10,912810TZ1,TSRYS5752098,D,S,C,2024-04-29,1000000.00,4.854594,95.515625
08:03:10,912810TZ1,TSRYS5752098,D,S,C,2024-04-29,1000000.00,4.854594,95.515625
08:03:11,912810TZ1,TSRYS5752098,D,S,C,2024-04-29,1000000.00,4.85077,95.5625
08:03:11,912810TZ1,TSRYS5752098,D,B,C,2024-04-29,1000000.00,4.850784,95.562325
08:03:13,912810TZ1,TSRYS5752098,D,S,C,2024-04-29,5000000.00,4.84293,95.65869
08:03:13,912810TZ1,TSRYS5752098,D,B,C,2024-04-29,1000000.00,4.852044,95.546875
08:03:13,912810TZ1,TSRYS5752098,D,S,D,2024-04-29,1000000.00,4.852044,95.546875
08:03:15,912810TZ1,TSRYS5752098,D,S,C,2024-04-29,1000000.00,4.849483,95.578275
08:03:15,912810TZ1,TSRYS5752098,D,S,C,2024-04-29,1000000.00,4.849496,95.578125
08:03:15,912810TZ1,TSRYS5752098,D,S,C,2024-04-29,1000000.00,4.849496,95.578125
08:03:15,912810TZ1,TSRYS5752098,D,S,C,2024-04-29,2000000.00,4.849483,95.578275
08:03:19,912810TZ1,TSRYS5752098,D,S,D,2024-04-29,1000000.00,4.84663,95.61328125
08:03:19,912810TZ1,TSRYS5752098,D,S,D,2024-04-29,1000000.00,4.84663,95.61328125
08:03:20,912810TZ1,TSRYS5752098,D,S,D,2024-04-29,1000000.00,4.85077,95.5625
08:03:20,912810TZ1,TSRYS5752098,D,S,C,2024-04-29,2000000.00,4.85077,95.5625
08:03:20,912810TZ1,TSRYS5752098,D,S,D,2024-04-29,1000000.00,4.85077,95.5625
08:03:20,912810TZ1,TSRYS5752098,D,S,D,2024-04-29,1000000.00,4.85077,95.5625
08:03:20,912810TZ1,TSRYS5752098,D,S,D,2024-04-29,1000000.00,4.850753,95.5627
08:03:20,912810TZ1,TSRYS5752098,D,S,D,2024-04-29,1000000.00,4.850753,95.5627
08:03:21,912810TZ1,TSRYS5752098,D,S,D,2024-04-29,1000000.00,4.85077,95.5625
08:03:21,912810TZ1,TSRYS5752098,D,S,D,2024-04-29,1000000.00,4.85077,95.5625
08:03:21,912810TZ1,TSRYS5752098,D,S,D,2024-04-29,1000000.00,4.85077,95.5625
08:03:21,912810TZ1,TSRYS5752098,D,S,D,2024-04-29,1000000.00,4.85077,95.5625
08:03:21,912810TZ1,TSRYS5752098,D,S,D,2024-04-29,1000000.00,4.85077,95.5625
08:03:21,912810TZ1,TSRYS5752098,D,S,C,2024-04-29,2000000.00,4.85077,95.5625
08:03:21,912810TZ1,TSRYS5752098,D,S,C,2024-04-29,1000000.00,4.85077,95.5625
08:03:49,912810TZ1,TSRYS5752098,D,S,T,2024-04-29,1000000.00,4.847903,95.59765625
08:03:54,912810TZ1,TSRYS5752098,D,S,D,2024-04-29,1000000.00,4.847903,95.59765625
08:03:59,912810TZ1,TSRYS5752098,D,B,A,2024-04-29,67000.00,4.84854,95.58984375
08:04:02,912810TZ1,TSRYS5752098,D,S,T,2024-04-29,1000000.00,4.846948,95.609375
08:04:05,912810TZ1,TSRYS5752098,D,S,T,2024-04-29,1000000.00,4.846948,95.609375
08:04:05,912810TZ1,TSRYS5752098,D,S,T,2024-04-29,1000000.00,4.846948,95.609375
08:04:05,912810TZ1,TSRYS5752098,D,S,T,2024-04-29,1000000.00,4.846948,95.609375
08:04:07,912810TZ1,TSRYS5752098,D,S,D,2024-04-29,1000000.00,4.846948,95.609375
08:04:10,912810TZ1,TSRYS5752098,D,S,D,2024-04-29,1000000.00,4.846948,95.609375
08:04:10,912810TZ1,TSRYS5752098,D,S,D,2024-04-29,1000000.00,4.846948,95.609375
08:04:12,912810TZ1,TSRYS5752098,D,B,C,2024-04-29,1000000.00,4.846948,95.609375
08:04:12,912810TZ1,TSRYS5752098,D,S,D,2024-04-29,1000000.00,4.846948,95.609375
08:04:19,912810TZ1,TSRYS5752098,D,S,T,2024-04-29,1000000.00,4.846948,95.609375
08:04:19,912810TZ1,TSRYS5752098,D,S,T,2024-04-29,1000000.00,4.846948,95.609375
08:04:19,912810TZ1,TSRYS5752098,D,S,T,2024-04-29,1000000.00,4.846948,95.609375
08:04:19,912810TZ1,TSRYS5752098,D,S,D,2024-04-29,1000000.00,4.846948,95.609375
08:04:19,912810TZ1,TSRYS5752098,D,B,C,2024-04-29,1000000.00,4.846948,95.609375
08:04:19,912810TZ1,TSRYS5752098,D,S,T,2024-04-29,2000000.00,4.846948,95.609375
08:04:19,912810TZ1,TSRYS5752098,D,S,T,2024-04-29,1000000.00,4.846948,95.609375
08:04:21,912810TZ1,TSRYS5752098,D,S,C,2024-04-29,875000.00,4.878872,95.21875
08:04:24,912810TZ1,TSRYS5752098,D,S,D,2024-04-29,1000000.00,4.846948,95.609375
08:04:24,912810TZ1,TSRYS5752098,D,S,D,2024-04-29,1000000.00,4.846948,95.609375
08:04:24,912810TZ1,TSRYS5752098,D,S,D,2024-04-29,1000000.00,4.846948,95.609375
08:04:24,912810TZ1,TSRYS5752098,D,S,D,2024-04-29,1000000.00,4.846948,95.609375
08:04:24,912810TZ1,TSRYS5752098,D,S,D,2024-04-29,1000000.00,4.846948,95.609375
08:04:25,912810TZ1,TSRYS5752098,D,B,C,2024-04-29,600000.00,4.845965,95.62109375
08:04:55,912810TZ1,TSRYS5752098,D,B,C,2024-04-29,1000000.00,4.848222,95.59375
08:04:55,912810TZ1,TSRYS5752098,D,S,D,2024-04-29,1000000.00,4.848222,95.59375
08:04:55,912810TZ1,TSRYS5752098,D,B,C,2024-04-29,1000000.00,4.848222,95.59375
08:04:55,912810TZ1,TSRYS5752098,D,S,C,2024-04-29,1000000.00,4.848222,95.59375
08:04:56,912810TZ1,TSRYS5752098,D,S,D,2024-04-29,1000000.00,4.846936,95.609525
08:05:14,912810TZ1,TSRYS5752098,D,B,C,2024-04-29,1000000.00,4.848234,95.5936
08:05:14,912810TZ1,TSRYS5752098,D,S,C,2024-04-29,1000000.00,4.848222,95.59375
08:05:20,912810TZ1,TSRYS5752098,D,S,D,2024-04-29,300000.00,4.847903,95.59765625
08:05:26,912810TZ1,TSRYS5752098,D,S,D,2024-04-29,1000000.00,4.846936,95.609525
08:05:38,912810TZ1,TSRYS5752098,D,B,C,2024-04-29,1000000.00,4.87712,95.240134375
08:05:38,912810TZ1,TSRYS5752098,D,S,C,2024-04-29,1000000.00,4.877112,95.240234375
08:05:38,912810TZ1,TSRYS5752098,D,B,C,2024-04-29,1000000.00,4.8768,95.244040625
08:05:38,912810TZ1,TSRYS5752098,D,S,C,2024-04-29,1000000.00,4.876792,95.244140625
08:05:44,912810TZ1,TSRYS5752098,D,B,C,2024-04-29,1650000.00,4.847903,95.59765625
08:05:53,912810TZ1,TSRYS5752098,D,B,C,2024-04-29,1000000.00,4.866889,95.365134375
08:05:53,912810TZ1,TSRYS5752098,D,S,C,2024-04-29,1000000.00,4.866872,95.365334375
08:05:56,912810TZ1,TSRYS5752098,D,B,C,2024-04-29,1000000.00,4.859546,95.454978125
08:05:56,912810TZ1,TSRYS5752098,D,S,C,2024-04-29,1000000.00,4.859529,95.455178125
08:05:56,912810TZ1,TSRYS5752098,D,B,C,2024-04-29,1000000.00,4.858429,95.46865
08:05:56,912810TZ1,TSRYS5752098,D,S,C,2024-04-29,1000000.00,4.858421,95.46875
08:06:07,912810TZ1,TSRYS5752098,D,S,D,2024-04-29,1000000.00,4.855391,95.505859375
08:06:07,912810TZ1,TSRYS5752098,D,B,C,2024-04-29,1000000.00,4.855391,95.505859375
08:06:11,912810TZ1,TSRYS5752098,D,S,D,2024-04-29,1000000.00,4.853319,95.53125
08:06:17,912810TZ1,TSRYS5752098,D,S,C,2024-04-29,1000000.00,4.854427,95.517678125
08:06:19,912810TZ1,TSRYS5752098,D,S,D,2024-04-29,1000000.00,4.854275,95.51953125
08:06:19,912810TZ1,TSRYS5752098,D,S,D,2024-04-29,1000000.00,4.854913,95.51171875
08:06:19,912810TZ1,TSRYS5752098,D,S,D,2024-04-29,1000000.00,4.854913,95.51171875
08:06:20,912810TZ1,TSRYS5752098,D,S,D,2024-04-29,1000000.00,4.855072,95.509765625
08:06:20,912810TZ1,TSRYS5752098,D,S,D,2024-04-29,1000000.00,4.855232,95.5078125
08:06:20,912810TZ1,TSRYS5752098,D,S,C,2024-04-29,1000000.00,4.854116,95.521484375
08:06:23,912810TZ1,TSRYS5752098,D,S,C,2024-04-29,1000000.00,4.853957,95.5234375
08:06:29,912810TZ1,TSRYS5752098,D,B,C,2024-04-29,1000000.00,4.849026,95.583884375
08:06:29,912810TZ1,TSRYS5752098,D,S,D,2024-04-29,1000000.00,4.849018,95.583984375
08:06:36,912810TZ1,TSRYS5752098,D,B,C,2024-04-29,1000000.00,4.85077,95.5625
08:06:36,912810TZ1,TSRYS5752098,D,S,D,2024-04-29,1000000.00,4.85077,95.5625
08:06:39,912810TZ1,TSRYS5752098,D,B,C,2024-04-29,1000000.00,4.844401,95.640625
08:06:39,912810TZ1,TSRYS5752098,D,S,C,2024-04-29,1000000.00,4.844401,95.640625
08:06:39,912810TZ1,TSRYS5752098,D,B,C,2024-04-29,1000000.00,4.842819,95.66005625
08:06:39,912810TZ1,TSRYS5752098,D,S,D,2024-04-29,1000000.00,4.84281,95.66015625
08:08:34,912810TZ1,TSRYS5752098,D,S,D,2024-04-29,1000000.00,4.849177,95.58203125
08:08:40,912810TZ1,TSRYS5752098,D,S,D,2024-04-29,1000000.00,4.849336,95.580078125
08:09:01,912810TZ1,TSRYS5752098,D,S,T,2024-04-29,1000000.00,4.849177,95.58203125
08:09:01,912810TZ1,TSRYS5752098,D,S,D,2024-04-29,1000000.00,4.849177,95.58203125
08:09:01,912810TZ1,TSRYS5752098,D,S,D,2024-04-29,1000000.00,4.849177,95.58203125
08:09:01,912810TZ1,TSRYS5752098,D,S,T,2024-04-29,1000000.00,4.849336,95.58007812
08:09:02,912810TZ1,TSRYS5752098,D,S,D,2024-04-29,1000000.00,4.849336,95.58007812
08:09:27,912810TZ1,TSRYS5752098,D,B,C,2024-04-29,1000000.00,4.849496,95.578125
08:09:27,912810TZ1,TSRYS5752098,D,S,D,2024-04-29,1000000.00,4.849496,95.578125
08:11:39,912810TZ1,TSRYS5752098,D,S,T,2024-04-29,1000000.00,4.848222,95.59375
08:12:13,912810TZ1,TSRYS5752098,D,S,C,2024-04-29,1000000.00,4.848222,95.59375
08:13:35,912810TZ1,TSRYS5752098,D,S,D,2024-04-29,1000000.00,4.845993,95.62109375
08:13:35,912810TZ1,TSRYS5752098,D,S,D,2024-04-29,1000000.00,4.845993,95.62109375
08:14:00,912810TZ1,TSRYS5752098,D,S,C,2024-04-29,1000000.00,4.845675,95.625
08:14:00,912810TZ1,TSRYS5752098,D,B,C,2024-04-29,1000000.00,4.845689,95.624825
08:15:04,912810TZ1,TSRYS5752098,D,S,T,2024-04-29,1000000.00,4.849496,95.578125
08:15:04,912810TZ1,TSRYS5752098,D,S,T,2024-04-29,1000000.00,4.849496,95.578125
08:15:15,912810TZ1,TSRYS5752098,D,B,C,2024-04-29,8000000.00,4.847277,95.60534
08:15:45,912810TZ1,TSRYS5752098,D,S,D,2024-04-29,1000000.00,4.849496,95.578125
08:15:45,912810TZ1,TSRYS5752098,D,S,D,2024-04-29,1000000.00,4.849496,95.578125
08:18:30,912810TZ1,TSRYS5752098,D,S,T,2024-04-29,1000000.00,4.846948,95.609375
08:18:30,912810TZ1,TSRYS5752098,D,S,T,2024-04-29,1000000.00,4.846948,95.609375
08:19:00,912810TZ1,TSRYS5752098,D,S,C,2024-04-29,1000000.00,4.846948,95.609375
08:19:00,912810TZ1,TSRYS5752098,D,S,C,2024-04-29,1000000.00,4.846948,95.609375
08:19:44,912810TZ1,TSRYS5752098,D,S,C,2024-04-29,1000000.00,4.852044,95.546875
08:19:44,912810TZ1,TSRYS5752098,D,B,C,2024-04-29,1000000.00,4.852044,95.546875
08:20:00,912810TZ1,TSRYS5752098,D,S,A,2024-04-29,20000.00,4.850133,95.5703125
08:20:04,912810TZ1,TSRYS5752098,D,S,T,2024-04-29,1000000.00,4.853319,95.53125
08:20:09,912810TZ1,TSRYS5752098,D,S,D,2024-04-29,1000000.00,4.853319,95.53125
08:20:44,912810TZ1,TSRYS5752098,D,B,C,2024-04-29,1000000.00,4.849822,95.57411875
08:20:44,912810TZ1,TSRYS5752098,D,S,C,2024-04-29,1000000.00,4.849814,95.57421875
08:22:27,912810TZ1,TSRYS5752098,D,S,T,2024-04-29,1000000.00,4.850133,95.5703125
08:22:27,912810TZ1,TSRYS5752098,D,S,D,2024-04-29,1000000.00,4.850133,95.5703125
08:22:32,912810TZ1,TSRYS5752098,D,S,D,2024-04-29,1000000.00,4.850133,95.5703125
08:22:54,912810TZ1,TSRYS5752098,D,B,C,2024-04-29,1000000.00,4.850133,95.5703125
08:23:22,912810TZ1,TSRYS5752098,D,S,C,2024-04-29,1066000.00,4.850451,95.56640625
08:23:34,912810TZ1,TSRYS5752098,D,B,C,2024-04-29,1000000.00,4.85061,95.564453125
08:23:34,912810TZ1,TSRYS5752098,D,S,D,2024-04-29,1000000.00,4.85061,95.564453125
08:23:34,912810TZ1,TSRYS5752098,D,B,C,2024-04-29,1000000.00,4.85061,95.564453125
08:23:34,912810TZ1,TSRYS5752098,D,S,D,2024-04-29,1000000.00,4.85061,95.564453125
08:24:43,912810TZ1,TSRYS5752098,D,B,C,2024-04-29,1000000.00,4.849982,95.572165625
08:24:43,912810TZ1,TSRYS5752098,D,B,C,2024-04-29,1000000.00,4.850133,95.5703125
08:24:43,912810TZ1,TSRYS5752098,D,S,C,2024-04-29,1000000.00,4.850133,95.5703125
08:24:43,912810TZ1,TSRYS5752098,D,S,D,2024-04-29,1000000.00,4.849973,95.572265625
08:24:56,912810TZ1,TSRYS5752098,D,S,T,2024-04-29,1000000.00,4.850451,95.56640625
08:24:56,912810TZ1,TSRYS5752098,D,S,D,2024-04-29,1000000.00,4.850451,95.56640625
08:25:01,912810TZ1,TSRYS5752098,D,S,D,2024-04-29,1000000.00,4.850451,95.56640625
08:25:17,912810TZ1,TSRYS5752098,D,B,C,2024-04-29,1000000.00,4.850782,95.56235
08:25:17,912810TZ1,TSRYS5752098,D,S,C,2024-04-29,1000000.00,4.85077,95.5625
08:25:24,912810TZ1,TSRYS5752098,D,S,D,2024-04-29,1000000.00,4.852363,95.54296875
08:25:25,912810TZ1,TSRYS5752098,D,S,D,2024-04-29,1000000.00,4.853,95.53515625
08:25:25,912810TZ1,TSRYS5752098,D,S,D,2024-04-29,1000000.00,4.853,95.53515625
08:25:25,912810TZ1,TSRYS5752098,D,S,D,2024-04-29,1000000.00,4.853,95.53515625
08:25:40,912810TZ1,TSRYS5752098,D,S,D,2024-04-29,1000000.00,4.853319,95.53125
08:25:40,912810TZ1,TSRYS5752098,D,S,D,2024-04-29,1000000.00,4.853319,95.53125
08:25:41,912810TZ1,TSRYS5752098,D,B,C,2024-04-29,2000000.00,4.853319,95.53125
08:25:54,912810TZ1,TSRYS5752098,D,B,C,2024-04-29,1000000.00,4.853,95.53515625
08:26:23,912810TZ1,TSRYS5752098,D,S,C,2024-04-29,15000000.00,4.850566,95.565
08:27:27,912810TZ1,TSRYS5752098,D,S,C,2024-04-29,1000000.00,4.858102,95.47265625
08:27:32,912810TZ1,TSRYS5752098,D,S,D,2024-04-29,1000000.00,4.858102,95.47265625
08:28:09,912810TZ1,TSRYS5752098,D,B,C,2024-04-29,1000000.00,4.855869,95.5
08:28:09,912810TZ1,TSRYS5752098,D,B,C,2024-04-29,1000000.00,4.856188,95.49609375
08:28:09,912810TZ1,TSRYS5752098,D,S,D,2024-04-29,1000000.00,4.856188,95.49609375
08:28:09,912810TZ1,TSRYS5752098,D,S,D,2024-04-29,1000000.00,4.855869,95.5
08:28:15,912810TZ1,TSRYS5752098,D,B,C,2024-04-29,1000000.00,4.856188,95.49609375
08:28:15,912810TZ1,TSRYS5752098,D,S,C,2024-04-29,1000000.00,4.856188,95.49609375
08:28:15,912810TZ1,TSRYS5752098,D,B,C,2024-04-29,1000000.00,4.855878,95.4999
08:28:16,912810TZ1,TSRYS5752098,D,S,D,2024-04-29,1000000.00,4.855869,95.5
08:28:18,912810TZ1,TSRYS5752098,D,S,D,2024-04-29,1000000.00,4.857783,95.4765625
08:28:20,912810TZ1,TSRYS5752098,D,B,C,2024-04-29,1000000.00,4.855869,95.499825
08:28:20,912810TZ1,TSRYS5752098,D,S,D,2024-04-29,1000000.00,4.855869,95.5
08:28:50,912810TZ1,TSRYS5752098,D,S,D,2024-04-29,1000000.00,4.855869,95.5
08:28:50,912810TZ1,TSRYS5752098,D,B,C,2024-04-29,1000000.00,4.855884,95.499825
08:30:04,912810TZ1,TSRYS5752098,D,S,D,2024-04-29,1000000.00,4.857783,95.4765625
08:30:04,912810TZ1,TSRYS5752098,D,B,C,2024-04-29,1000000.00,4.858102,95.47265625
08:30:04,912810TZ1,TSRYS5752098,D,S,D,2024-04-29,1000000.00,4.858102,95.47265625
08:30:05,912810TZ1,TSRYS5752098,D,B,C,2024-04-29,1000000.00,4.858102,95.47265625
08:30:05,912810TZ1,TSRYS5752098,D,S,D,2024-04-29,1000000.00,4.858102,95.47265625
08:30:05,912810TZ1,TSRYS5752098,D,S,D,2024-04-29,1000000.00,4.858102,95.47265625
08:30:05,912810TZ1,TSRYS5752098,D,B,C,2024-04-29,1000000.00,4.857942,95.474609375
08:30:05,912810TZ1,TSRYS5752098,D,S,D,2024-04-29,1000000.00,4.857783,95.4765625
08:30:05,912810TZ1,TSRYS5752098,D,S,D,2024-04-29,1000000.00,4.857942,95.474609375
08:30:07,912810TZ1,TSRYS5752098,D,S,C,2024-04-29,3435000.00,4.858421,95.46875
08:30:49,912810TZ1,TSRYS5752098,D,B,C,2024-04-29,1000000.00,4.857783,95.4765625
08:30:49,912810TZ1,TSRYS5752098,D,S,D,2024-04-29,1000000.00,4.857783,95.4765625
08:30:50,912810TZ1,TSRYS5752098,D,S,T,2024-04-29,1000000.00,4.857942,95.474609375
08:30:52,912810TZ1,TSRYS5752098,D,S,C,2024-04-29,1000000.00,4.857942,95.474609375
08:31:04,912810TZ1,TSRYS5752098,D,B,C,2024-04-29,1000000.00,4.859697,95.453125
08:31:04,912810TZ1,TSRYS5752098,D,S,C,2024-04-29,1000000.00,4.859697,95.453125
08:31:29,912810TZ1,TSRYS5752098,D,S,D,2024-04-29,1000000.00,4.855869,95.5
08:31:29,912810TZ1,TSRYS5752098,D,S,D,2024-04-29,1000000.00,4.855869,95.5
08:31:30,912810TZ1,TSRYS5752098,D,S,D,2024-04-29,1000000.00,4.855869,95.5
08:31:58,912810TZ1,TSRYS5752098,D,S,D,2024-04-29,1000000.00,4.856507,95.4921875
08:32:00,912810TZ1,TSRYS5752098,D,B,C,2024-04-29,1000000.00,4.856188,95.49609375
08:32:00,912810TZ1,TSRYS5752098,D,S,T,2024-04-29,1000000.00,4.856826,95.48828125
08:32:00,912810TZ1,TSRYS5752098,D,S,D,2024-04-29,1000000.00,4.856188,95.49609375
08:32:00,912810TZ1,TSRYS5752098,D,S,D,2024-04-29,1000000.00,4.85681,95.48848125
08:32:00,912810TZ1,TSRYS5752098,D,S,D,2024-04-29,1000000.00,4.856826,95.48828125
08:32:00,912810TZ1,TSRYS5752098,D,B,C,2024-04-29,1000000.00,4.856826,95.48828125
08:32:00,912810TZ1,TSRYS5752098,D,S,D,2024-04-29,1000000.00,4.856826,95.48828125
08:32:00,912810TZ1,TSRYS5752098,D,B,C,2024-04-29,1000000.00,4.856826,95.48828125
08:32:00,912810TZ1,TSRYS5752098,D,S,D,2024-04-29,1000000.00,4.85681,95.48848125
08:32:05,912810TZ1,TSRYS5752098,D,S,D,2024-04-29,1000000.00,4.856826,95.48828125
08:32:51,912810TZ1,TSRYS5752098,D,B,C,2024-04-29,1000000.00,4.857145,95.484375
08:32:51,912810TZ1,TSRYS5752098,D,S,D,2024-04-29,1000000.00,4.857126,95.484602
08:32:56,912810TZ1,TSRYS5752098,D,S,C,2024-04-29,1000000.00,4.861612,95.4296875
08:32:59,912810TZ1,TSRYS5752098,D,S,D,2024-04-29,1000000.00,4.861612,95.4296875
08:33:23,912810TZ1,TSRYS5752098,D,S,T,2024-04-29,2000000.00,4.861931,95.42578125
08:33:25,912810TZ1,TSRYS5752098,D,S,D,2024-04-29,1000000.00,4.861931,95.42578125
08:33:25,912810TZ1,TSRYS5752098,D,B,C,2024-04-29,1000000.00,4.861931,95.42578125
08:33:25,912810TZ1,TSRYS5752098,D,S,T,2024-04-29,1000000.00,4.861931,95.42578125
08:33:28,912810TZ1,TSRYS5752098,D,S,D,2024-04-29,2000000.00,4.861931,95.42578125
08:33:29,912810TZ1,TSRYS5752098,D,B,C,2024-04-29,1000000.00,4.860654,95.44140625
08:33:29,912810TZ1,TSRYS5752098,D,S,D,2024-04-29,1000000.00,4.860654,95.44140625
08:33:30,912810TZ1,TSRYS5752098,D,S,D,2024-04-29,1000000.00,4.861931,95.42578125
08:33:30,912810TZ1,TSRYS5752098,D,S,D,2024-04-29,1000000.00,4.861931,95.42578125
08:33:30,912810TZ1,TSRYS5752098,D,B,C,2024-04-29,1000000.00,4.861931,95.42578125
08:33:32,912810TZ1,TSRYS5752098,D,S,D,2024-04-29,1000000.00,4.861931,95.42578125
08:33:32,912810TZ1,TSRYS5752098,D,B,C,2024-04-29,1000000.00,4.861931,95.42578125
08:33:32,912810TZ1,TSRYS5752098,D,S,D,2024-04-29,1000000.00,4.861931,95.42578125
08:33:32,912810TZ1,TSRYS5752098,D,B,C,2024-04-29,1000000.00,4.861931,95.42578125
08:33:34,912810TZ1,TSRYS5752098,D,B,C,2024-04-29,1000000.00,4.861133,95.435546875
08:33:34,912810TZ1,TSRYS5752098,D,S,D,2024-04-29,1000000.00,4.861133,95.435546875
08:33:42,912810TZ1,TSRYS5752098,D,B,C,2024-04-29,1000000.00,4.859546,95.454978125
08:33:42,912810TZ1,TSRYS5752098,D,S,C,2024-04-29,1000000.00,4.859537,95.455078125
08:34:04,912810TZ1,TSRYS5752098,D,S,D,2024-04-29,2000000.00,4.860016,95.44921875
08:34:04,912810TZ1,TSRYS5752098,D,B,C,2024-04-29,2000000.00,4.860016,95.44921875
08:34:36,912810TZ1,TSRYS5752098,D,S,C,2024-04-29,1000000.00,4.859697,95.453125
08:34:37,912810TZ1,TSRYS5752098,D,B,C,2024-04-29,1000000.00,4.859227,95.458884375
08:34:37,912810TZ1,TSRYS5752098,D,S,C,2024-04-29,1000000.00,4.85921,95.459084375
08:34:37,912810TZ1,TSRYS5752098,D,B,C,2024-04-29,1000000.00,4.857145,95.484375
08:34:37,912810TZ1,TSRYS5752098,D,S,C,2024-04-29,1000000.00,4.857145,95.484375
08:34:37,912810TZ1,TSRYS5752098,D,B,C,2024-04-29,1000000.00,4.857464,95.48046875
08:34:37,912810TZ1,TSRYS5752098,D,S,D,2024-04-29,1000000.00,4.857464,95.48046875
08:34:37,912810TZ1,TSRYS5752098,D,S,T,2024-04-29,1000000.00,4.858421,95.46875
08:34:41,912810TZ1,TSRYS5752098,D,S,D,2024-04-29,1000000.00,4.859697,95.453125
08:34:41,912810TZ1,TSRYS5752098,D,B,C,2024-04-29,1000000.00,4.858421,95.468575
08:34:41,912810TZ1,TSRYS5752098,D,S,C,2024-04-29,1000000.00,4.858421,95.46875
08:34:42,912810TZ1,TSRYS5752098,D,S,D,2024-04-29,1000000.00,4.855869,95.5
08:34:42,912810TZ1,TSRYS5752098,D,B,C,2024-04-29,1000000.00,4.855869,95.5
08:34:57,912810TZ1,TSRYS5752098,D,S,D,2024-04-29,1000000.00,4.856188,95.49609375
08:34:57,912810TZ1,TSRYS5752098,D,S,D,2024-04-29,1000000.00,4.856188,95.49609375
08:34:57,912810TZ1,TSRYS5752098,D,S,D,2024-04-29,1000000.00,4.856188,95.49609375
08:35:08,912810TZ1,TSRYS5752098,D,B,C,2024-04-29,1000000.00,4.857159,95.4842
08:35:08,912810TZ1,TSRYS5752098,D,S,C,2024-04-29,1000000.00,4.858409,95.4689
08:35:08,912810TZ1,TSRYS5752098,D,S,C,2024-04-29,1000000.00,4.858409,95.4689
08:35:08,912810TZ1,TSRYS5752098,D,S,C,2024-04-29,1000000.00,4.858409,95.4689
08:35:08,912810TZ1,TSRYS5752098,D,S,C,2024-04-29,1000000.00,4.858409,95.4689
08:35:08,912810TZ1,TSRYS5752098,D,S,C,2024-04-29,1000000.00,4.858409,95.4689
08:35:08,912810TZ1,TSRYS5752098,D,B,C,2024-04-29,1000000.00,4.858437,95.46855
08:35:08,912810TZ1,TSRYS5752098,D,B,C,2024-04-29,1000000.00,4.858435,95.468575
08:35:08,912810TZ1,TSRYS5752098,D,S,C,2024-04-29,1000000.00,4.858409,95.4689
08:35:12,912810TZ1,TSRYS5752098,D,S,D,2024-04-29,1000000.00,4.859378,95.45703125
08:35:12,912810TZ1,TSRYS5752098,D,B,C,2024-04-29,1000000.00,4.859378,95.45703125
08:35:23,912810TZ1,TSRYS5752098,D,S,C,2024-04-29,1000000.00,4.857145,95.484375
08:35:23,912810TZ1,TSRYS5752098,D,S,C,2024-04-29,1000000.00,4.858409,95.4689
08:35:23,912810TZ1,TSRYS5752098,D,B,C,2024-04-29,1000000.00,4.858421,95.46875
08:35:23,912810TZ1,TSRYS5752098,D,S,C,2024-04-29,1000000.00,4.858409,95.4689
08:35:23,912810TZ1,TSRYS5752098,D,B,C,2024-04-29,1000000.00,4.858437,95.46855
08:35:23,912810TZ1,TSRYS5752098,D,B,C,2024-04-29,1000000.00,4.858435,95.468575
08:35:23,912810TZ1,TSRYS5752098,D,B,C,2024-04-29,1000000.00,4.858437,95.46855
08:35:38,912810TZ1,TSRYS5752098,D,B,C,2024-04-29,1000000.00,4.858435,95.468575
08:35:53,912810TZ1,TSRYS5752098,D,S,C,2024-04-29,1000000.00,4.858409,95.4689
08:36:04,912810TZ1,TSRYS5752098,D,S,C,2024-04-29,1000000.00,4.857464,95.48046875
08:36:04,912810TZ1,TSRYS5752098,D,S,T,2024-04-29,1000000.00,4.857464,95.48046875
08:36:11,912810TZ1,TSRYS5752098,D,S,T,2024-04-29,1000000.00,4.859378,95.45703125
08:36:12,912810TZ1,TSRYS5752098,D,S,D,2024-04-29,1000000.00,4.85874,95.46484375
08:36:12,912810TZ1,TSRYS5752098,D,S,D,2024-04-29,1000000.00,4.858421,95.46875
08:36:12,912810TZ1,TSRYS5752098,D,B,C,2024-04-29,1000000.00,4.859697,95.453125
08:36:12,912810TZ1,TSRYS5752098,D,S,D,2024-04-29,1000000.00,4.859697,95.453125
08:36:12,912810TZ1,TSRYS5752098,D,S,D,2024-04-29,1000000.00,4.859059,95.4609375
08:36:12,912810TZ1,TSRYS5752098,D,B,C,2024-04-29,1000000.00,4.859059,95.4609375
08:36:12,912810TZ1,TSRYS5752098,D,S,D,2024-04-29,1000000.00,4.85874,95.46484375
08:36:13,912810TZ1,TSRYS5752098,D,S,D,2024-04-29,1000000.00,4.858421,95.46875
08:36:13,912810TZ1,TSRYS5752098,D,S,T,2024-04-29,1000000.00,4.858421,95.46875
08:36:13,912810TZ1,TSRYS5752098,D,S,T,2024-04-29,1000000.00,4.858421,95.46875
08:36:16,912810TZ1,TSRYS5752098,D,B,C,2024-04-29,1000000.00,4.858421,95.468575
08:36:16,912810TZ1,TSRYS5752098,D,S,D,2024-04-29,1000000.00,4.858421,95.46875
08:36:17,912810TZ1,TSRYS5752098,D,S,D,2024-04-29,1000000.00,4.858421,95.46875
08:36:17,912810TZ1,TSRYS5752098,D,B,C,2024-04-29,1000000.00,4.858421,95.46875
08:36:17,912810TZ1,TSRYS5752098,D,S,D,2024-04-29,1000000.00,4.859378,95.45703125
08:36:17,912810TZ1,TSRYS5752098,D,S,D,2024-04-29,1000000.00,4.85874,95.46484375
08:36:17,912810TZ1,TSRYS5752098,D,S,C,2024-04-29,9530000.00,4.857783,95.4765625
08:36:17,912810TZ1,TSRYS5752098,D,S,D,2024-04-29,1000000.00,4.858421,95.46875
08:36:22,912810TZ1,TSRYS5752098,D,B,C,2024-04-29,1000000.00,4.858421,95.46875
08:36:52,912810TZ1,TSRYS5752098,D,S,C,2024-04-29,1000000.00,4.859681,95.453325
08:36:52,912810TZ1,TSRYS5752098,D,B,C,2024-04-29,1000000.00,4.859705,95.453025
08:37:39,912810TZ1,TSRYS5752098,D,S,C,2024-04-29,1000000.00,4.858409,95.4689
08:37:39,912810TZ1,TSRYS5752098,D,S,C,2024-04-29,1000000.00,4.858409,95.4689
08:37:39,912810TZ1,TSRYS5752098,D,B,C,2024-04-29,1000000.00,4.858435,95.468575
08:37:39,912810TZ1,TSRYS5752098,D,S,C,2024-04-29,1000000.00,4.858409,95.4689
08:37:39,912810TZ1,TSRYS5752098,D,S,C,2024-04-29,1000000.00,4.858409,95.4689
08:37:39,912810TZ1,TSRYS5752098,D,B,C,2024-04-29,1000000.00,4.858435,95.468575
08:37:39,912810TZ1,TSRYS5752098,D,S,C,2024-04-29,1000000.00,4.858409,95.4689
08:37:39,912810TZ1,TSRYS5752098,D,S,C,2024-04-29,1000000.00,4.858421,95.46875
08:37:39,912810TZ1,TSRYS5752098,D,S,C,2024-04-29,1000000.00,4.858409,95.4689
08:37:39,912810TZ1,TSRYS5752098,D,B,C,2024-04-29,1000000.00,4.858437,95.46855
08:37:39,912810TZ1,TSRYS5752098,D,B,C,2024-04-29,1000000.00,4.858421,95.46875
08:37:39,912810TZ1,TSRYS5752098,D,B,C,2024-04-29,1000000.00,4.859709,95.452975
08:37:39,912810TZ1,TSRYS5752098,D,B,C,2024-04-29,1000000.00,4.858437,95.46855
08:37:39,912810TZ1,TSRYS5752098,D,B,C,2024-04-29,1000000.00,4.859709,95.452975
08:37:39,912810TZ1,TSRYS5752098,D,B,C,2024-04-29,1000000.00,4.859709,95.452975
08:37:39,912810TZ1,TSRYS5752098,D,S,C,2024-04-29,1000000.00,4.859697,95.453125
08:37:39,912810TZ1,TSRYS5752098,D,S,C,2024-04-29,1000000.00,4.859681,95.453325
08:37:54,912810TZ1,TSRYS5752098,D,S,C,2024-04-29,1000000.00,4.859697,95.453125
08:37:54,912810TZ1,TSRYS5752098,D,S,C,2024-04-29,1000000.00,4.859681,95.453325
08:37:54,912810TZ1,TSRYS5752098,D,B,C,2024-04-29,1000000.00,4.859709,95.452975
08:38:35,912810TZ1,TSRYS5752098,D,S,C,2024-04-29,1500000.00,4.867679,95.35546875
08:39:39,912810TZ1,TSRYS5752098,D,B,C,2024-04-29,2000000.00,4.865603,95.380859375
08:39:39,912810TZ1,TSRYS5752098,D,S,D,2024-04-29,2000000.00,4.865603,95.380859375
08:40:02,912810TZ1,TSRYS5752098,D,S,D,2024-04-29,2000000.00,4.866401,95.37109375
08:40:06,912810TZ1,TSRYS5752098,D,S,D,2024-04-29,16000000.00,4.860264,95.44618
08:40:11,912810TZ1,TSRYS5752098,D,S,D,2024-04-29,1000000.00,4.866082,95.375
08:40:11,912810TZ1,TSRYS5752098,D,B,C,2024-04-29,1000000.00,4.866096,95.374825
08:40:11,912810TZ1,TSRYS5752098,D,S,T,2024-04-29,1000000.00,4.858421,95.46875
08:40:11,912810TZ1,TSRYS5752098,D,S,C,2024-04-29,1000000.00,4.866082,95.375
08:40:11,912810TZ1,TSRYS5752098,D,B,C,2024-04-29,1000000.00,4.866094,95.37485
08:40:27,912810TZ1,TSRYS5752098,D,B,C,2024-04-29,1000000.00,4.862418,95.419821875
08:40:27,912810TZ1,TSRYS5752098,D,S,C,2024-04-29,1000000.00,4.86241,95.419921875
08:40:52,912810TZ1,TSRYS5752098,D,S,D,2024-04-29,2000000.00,4.864485,95.39453125
08:41:06,912810TZ1,TSRYS5752098,D,S,D,2024-04-29,1000000.00,4.863048,95.41210937
08:41:06,912810TZ1,TSRYS5752098,D,S,D,2024-04-29,1000000.00,4.863048,95.41210937
08:41:06,912810TZ1,TSRYS5752098,D,S,C,2024-04-29,1000000.00,4.862889,95.4140625
08:41:06,912810TZ1,TSRYS5752098,D,S,D,2024-04-29,1000000.00,4.862889,95.4140625
08:46:09,912810TZ1,TSRYS5752098,D,S,C,2024-04-29,16804000.00,4.864772,95.391025
08:46:09,912810TZ1,TSRYS5752098,D,B,A,2024-04-29,16804000.00,4.864772,95.391025
08:46:19,912810TZ1,TSRYS5752098,D,S,D,2024-04-29,150000.00,4.865762,95.378906
08:46:45,912810TZ1,TSRYS5752098,D,S,T,2024-04-29,1000000.00,4.863535,95.406148
08:46:50,912810TZ1,TSRYS5752098,D,S,C,2024-04-29,3630000.00,4.866111,95.375
08:47:10,912810TZ1,TSRYS5752098,D,S,D,2024-04-29,1000000.00,4.864006,95.40039062
08:47:10,912810TZ1,TSRYS5752098,D,S,D,2024-04-29,1000000.00,4.864006,95.40039062
08:47:26,912810TZ1,TSRYS5752098,D,S,C,2024-04-29,1000000.00,4.863527,95.40625
08:47:30,912810TZ1,TSRYS5752098,D,B,C,2024-04-29,1000000.00,4.863535,95.40615
08:47:30,912810TZ1,TSRYS5752098,D,S,D,2024-04-29,1000000.00,4.863527,95.40625
08:48:20,912810TZ1,TSRYS5752098,D,B,C,2024-04-29,1000000.00,4.863855,95.40224375
08:48:20,912810TZ1,TSRYS5752098,D,S,C,2024-04-29,1000000.00,4.863846,95.40234375
08:48:29,912810TZ1,TSRYS5752098,D,S,C,2024-04-29,1000000.00,4.864804,95.390625
08:48:30,912810TZ1,TSRYS5752098,D,S,T,2024-04-29,1000000.00,4.864804,95.390625
08:48:57,912810TZ1,TSRYS5752098,D,S,D,2024-04-29,1000000.00,4.863846,95.40234375
08:48:57,912810TZ1,TSRYS5752098,D,S,D,2024-04-29,1000000.00,4.864006,95.400390625
08:48:57,912810TZ1,TSRYS5752098,D,S,C,2024-04-29,1000000.00,4.864006,95.400390625
08:48:59,912810TZ1,TSRYS5752098,D,S,T,2024-04-29,2000000.00,4.864804,95.390625
08:48:59,912810TZ1,TSRYS5752098,D,S,T,2024-04-29,1000000.00,4.864804,95.390625
08:48:59,912810TZ1,TSRYS5752098,D,S,T,2024-04-29,2000000.00,4.864804,95.390625
08:49:12,912810TZ1,TSRYS5752098,D,B,C,2024-04-29,1000000.00,4.864804,95.390625
08:49:12,912810TZ1,TSRYS5752098,D,S,D,2024-04-29,1000000.00,4.864804,95.390625
08:49:23,912810TZ1,TSRYS5752098,D,S,T,2024-04-29,1000000.00,4.863846,95.40234375
08:49:23,912810TZ1,TSRYS5752098,D,S,T,2024-04-29,1000000.00,4.864006,95.40039062
08:49:23,912810TZ1,TSRYS5752098,D,S,D,2024-04-29,1000000.00,4.863846,95.40234375
08:49:23,912810TZ1,TSRYS5752098,D,S,D,2024-04-29,1000000.00,4.864006,95.40039062
08:49:27,912810TZ1,TSRYS5752098,D,S,C,2024-04-29,1000000.00,4.864166,95.3984375
08:49:27,912810TZ1,TSRYS5752098,D,S,D,2024-04-29,1000000.00,4.864166,95.3984375
08:49:32,912810TZ1,TSRYS5752098,D,S,D,2024-04-29,1000000.00,4.864166,95.3984375
08:49:33,912810TZ1,TSRYS5752098,D,S,D,2024-04-29,2000000.00,4.864485,95.39453125
08:49:34,912810TZ1,TSRYS5752098,D,S,C,2024-04-29,1000000.00,4.864006,95.40039062
08:49:34,912810TZ1,TSRYS5752098,D,S,T,2024-04-29,1000000.00,4.864006,95.40039062
08:49:44,912810TZ1,TSRYS5752098,D,S,D,2024-04-29,2000000.00,4.864792,95.390777
08:49:44,912810TZ1,TSRYS5752098,D,B,C,2024-04-29,1000000.00,4.864829,95.390325
08:49:44,912810TZ1,TSRYS5752098,D,S,D,2024-04-29,1000000.00,4.864792,95.390777
08:49:44,912810TZ1,TSRYS5752098,D,S,D,2024-04-29,2000000.00,4.864792,95.390777
08:49:44,912810TZ1,TSRYS5752098,D,S,D,2024-04-29,1000000.00,4.864804,95.390625
08:49:55,912810TZ1,TSRYS5752098,D,S,T,2024-04-29,1000000.00,4.864166,95.3984375
08:50:01,912810TZ1,TSRYS5752098,D,S,A,2024-04-29,2000000.00,4.864792,95.390777
08:50:01,912810TZ1,TSRYS5752098,D,S,A,2024-04-29,1000000.00,4.864792,95.390777
08:50:01,912810TZ1,TSRYS5752098,D,S,A,2024-04-29,2000000.00,4.864792,95.390777
08:50:15,912810TZ1,TSRYS5752098,D,S,D,2024-04-29,1000000.00,4.864166,95.3984375
08:50:15,912810TZ1,TSRYS5752098,D,S,D,2024-04-29,1000000.00,4.864166,95.3984375
08:50:17,912810TZ1,TSRYS5752098,D,S,D,2024-04-29,1000000.00,4.864166,95.3984375
08:50:31,912810TZ1,TSRYS5752098,D,S,D,2024-04-29,1000000.00,4.864166,95.3984375
08:50:41,912810TZ1,TSRYS5752098,D,S,D,2024-04-29,1000000.00,4.864166,95.3984375
08:50:43,912810TZ1,TSRYS5752098,D,S,T,2024-04-29,1000000.00,4.866082,95.375
08:50:52,912810TZ1,TSRYS5752098,D,S,D,2024-04-29,1000000.00,4.864166,95.3984375
08:51:02,912810TZ1,TSRYS5752098,D,S,D,2024-04-29,1000000.00,4.864166,95.3984375
08:51:02,912810TZ1,TSRYS5752098,D,S,D,2024-04-29,2000000.00,4.864166,95.3984375
08:51:13,912810TZ1,TSRYS5752098,D,S,D,2024-04-29,1000000.00,4.864166,95.3984375
08:51:14,912810TZ1,TSRYS5752098,D,S,D,2024-04-29,1000000.00,4.866082,95.375
08:51:24,912810TZ1,TSRYS5752098,D,S,T,2024-04-29,2000000.00,4.864485,95.39453125
08:51:56,912810TZ1,TSRYS5752098,D,S,T,2024-04-29,1000000.00,4.854613,95.515398
08:51:56,912810TZ1,TSRYS5752098,D,S,T,2024-04-29,1000000.00,4.854613,95.515398
08:51:57,912810TZ1,TSRYS5752098,D,S,T,2024-04-29,2000000.00,4.854613,95.515398
08:51:57,912810TZ1,TSRYS5752098,D,S,T,2024-04-29,1000000.00,4.854613,95.515398
08:52:12,912810TZ1,TSRYS5752098,D,B,C,2024-04-29,1000000.00,4.864819,95.39045
08:52:12,912810TZ1,TSRYS5752098,D,S,D,2024-04-29,1000000.00,4.864804,95.390625
08:52:19,912810TZ1,TSRYS5752098,D,S,C,2024-04-29,194000.00,4.873433,95.28515625
08:52:19,912810TZ1,TSRYS5752098,D,S,C,2024-04-29,1050000.00,4.856507,95.4921875
08:52:19,912810TZ1,TSRYS5752098,D,S,C,2024-04-29,256000.00,4.854275,95.51953125
08:52:22,912810TZ1,TSRYS5752098,D,B,C,2024-04-29,1000000.00,4.864972,95.388571875
08:52:22,912810TZ1,TSRYS5752098,D,S,C,2024-04-29,1000000.00,4.864964,95.388671875
08:52:58,912810TZ1,TSRYS5752098,D,S,C,2024-04-29,1000000.00,4.863527,95.40625
08:52:58,912810TZ1,TSRYS5752098,D,B,C,2024-04-29,1000000.00,4.863543,95.40605
08:52:58,912810TZ1,TSRYS5752098,D,B,C,2024-04-29,1000000.00,4.864804,95.390625
08:52:58,912810TZ1,TSRYS5752098,D,S,C,2024-04-29,1000000.00,4.864788,95.390825
08:52:58,912810TZ1,TSRYS5752098,D,S,C,2024-04-29,1000000.00,4.864804,95.390625
08:52:58,912810TZ1,TSRYS5752098,D,B,C,2024-04-29,1000000.00,4.864819,95.39045
08:52:58,912810TZ1,TSRYS5752098,D,S,C,2024-04-29,1000000.00,4.864804,95.390625
08:52:58,912810TZ1,TSRYS5752098,D,B,C,2024-04-29,1000000.00,4.864819,95.39045
08:52:58,912810TZ1,TSRYS5752098,D,B,C,2024-04-29,1000000.00,4.864821,95.390425
08:52:58,912810TZ1,TSRYS5752098,D,S,C,2024-04-29,1000000.00,4.864804,95.390625
08:53:13,912810TZ1,TSRYS5752098,D,S,C,2024-04-29,1000000.00,4.864788,95.390825
08:53:13,912810TZ1,TSRYS5752098,D,B,C,2024-04-29,1000000.00,4.864804,95.390625
08:53:45,912810TZ1,TSRYS5752098,D,B,C,2024-04-29,1000000.00,4.863541,95.406075
08:53:45,912810TZ1,TSRYS5752098,D,S,C,2024-04-29,1000000.00,4.863527,95.40625
08:54:00,912810TZ1,TSRYS5752098,D,B,C,2024-04-29,1000000.00,4.864804,95.390625
08:54:14,912810TZ1,TSRYS5752098,D,S,C,2024-04-29,1000000.00,4.864804,95.390625
08:55:10,912810TZ1,TSRYS5752098,D,B,C,2024-04-29,9000000.00,4.864804,95.390625
08:55:31,912810TZ1,TSRYS5752098,D,S,T,2024-04-29,1000000.00,4.863527,95.40625
08:55:43,912810TZ1,TSRYS5752098,D,S,C,2024-04-29,1000000.00,4.863511,95.40645
08:55:50,912810TZ1,TSRYS5752098,D,S,T,2024-04-29,1000000.00,4.863527,95.40625
08:55:50,912810TZ1,TSRYS5752098,D,S,T,2024-04-29,1000000.00,4.863527,95.40625
08:55:50,912810TZ1,TSRYS5752098,D,S,T,2024-04-29,1000000.00,4.863527,95.40625
08:56:15,912810TZ1,TSRYS5752098,D,S,C,2024-04-29,1000000.00,4.863527,95.40625
08:56:15,912810TZ1,TSRYS5752098,D,S,C,2024-04-29,1000000.00,4.863527,95.40625
08:56:15,912810TZ1,TSRYS5752098,D,S,C,2024-04-29,1000000.00,4.863511,95.40645
08:57:07,912810TZ1,TSRYS5752098,D,S,T,2024-04-29,1000000.00,4.863527,95.40625
08:57:07,912810TZ1,TSRYS5752098,D,S,T,2024-04-29,1000000.00,4.863527,95.40625
08:57:07,912810TZ1,TSRYS5752098,D,S,T,2024-04-29,1000000.00,4.863527,95.40625
08:57:07,912810TZ1,TSRYS5752098,D,S,T,2024-04-29,1000000.00,4.863527,95.40625
08:57:10,912810TZ1,TSRYS5752098,D,S,D,2024-04-29,1000000.00,4.863527,95.40625
08:57:10,912810TZ1,TSRYS5752098,D,S,T,2024-04-29,1000000.00,4.863527,95.40625
08:57:12,912810TZ1,TSRYS5752098,D,S,T,2024-04-29,1000000.00,4.863527,95.40625
08:57:28,912810TZ1,TSRYS5752098,D,S,C,2024-04-29,1000000.00,4.863527,95.40625
08:58:00,912810TZ1,TSRYS5752098,D,S,D,2024-04-29,1000000.00,4.863527,95.40625
08:58:00,912810TZ1,TSRYS5752098,D,S,C,2024-04-29,1000000.00,4.863527,95.40625
08:58:15,912810TZ1,TSRYS5752098,D,S,C,2024-04-29,1000000.00,4.863527,95.40625
08:58:15,912810TZ1,TSRYS5752098,D,S,C,2024-04-29,1000000.00,4.863527,95.40625
08:58:26,912810TZ1,TSRYS5752098,D,S,C,2024-04-29,50MM+,4.865443,95.3828125
08:58:33,912810TZ1,TSRYS5752098,D,B,C,2024-04-29,25000.00,4.849496,95.578125
08:58:33,912810TZ1,TSRYS5752098,D,S,D,2024-04-29,25000.00,4.849496,95.578125
08:58:37,912810TZ1,TSRYS5752098,D,S,C,2024-04-29,1000000.00,4.863208,95.41015625
08:58:56,912810TZ1,TSRYS5752098,D,S,T,2024-04-29,1000000.00,4.866082,95.375
08:58:56,912810TZ1,TSRYS5752098,D,S,T,2024-04-29,1000000.00,4.866082,95.375
08:59:01,912810TZ1,TSRYS5752098,D,B,C,2024-04-29,1000000.00,4.865762,95.37890625
08:59:18,912810TZ1,TSRYS5752098,D,S,T,2024-04-29,1000000.00,4.866082,95.375
08:59:19,912810TZ1,TSRYS5752098,D,S,T,2024-04-29,1000000.00,4.866082,95.375
08:59:22,912810TZ1,TSRYS5752098,D,S,T,2024-04-29,1000000.00,4.866082,95.375
08:59:22,912810TZ1,TSRYS5752098,D,S,T,2024-04-29,1000000.00,4.866082,95.375
08:59:22,912810TZ1,TSRYS5752098,D,S,T,2024-04-29,1000000.00,4.866082,95.375
08:59:22,912810TZ1,TSRYS5752098,D,S,T,2024-04-29,1000000.00,4.866082,95.375
08:59:28,912810TZ1,TSRYS5752098,D,S,D,2024-04-29,530000.00,4.866401,95.37109375
08:59:33,912810TZ1,TSRYS5752098,D,B,C,2024-04-29,1000000.00,4.866082,95.375
08:59:44,912810TZ1,TSRYS5752098,D,S,C,2024-04-29,1000000.00,4.864804,95.390625
08:59:48,912810TZ1,TSRYS5752098,D,S,D,2024-04-29,1000000.00,4.866082,95.375
08:59:48,912810TZ1,TSRYS5752098,D,B,C,2024-04-29,2000000.00,4.866082,95.375
08:59:48,912810TZ1,TSRYS5752098,D,S,D,2024-04-29,2000000.00,4.866082,95.375
08:59:48,912810TZ1,TSRYS5752098,D,S,D,2024-04-29,2000000.00,4.866082,95.375
08:59:48,912810TZ1,TSRYS5752098,D,B,C,2024-04-29,2000000.00,4.866082,95.375
08:59:48,912810TZ1,TSRYS5752098,D,B,C,2024-04-29,1000000.00,4.866082,95.375
08:59:48,912810TZ1,TSRYS5752098,D,S,D,2024-04-29,1000000.00,4.866082,95.375
08:59:48,912810TZ1,TSRYS5752098,D,B,C,2024-04-29,1000000.00,4.866082,95.375
08:59:48,912810TZ1,TSRYS5752098,D,B,C,2024-04-29,1000000.00,4.866082,95.375
08:59:48,912810TZ1,TSRYS5752098,D,S,D,2024-04-29,1000000.00,4.866082,95.375
08:59:48,912810TZ1,TSRYS5752098,D,S,D,2024-04-29,1000000.00,4.866082,95.375
08:59:48,912810TZ1,TSRYS5752098,D,S,D,2024-04-29,1000000.00,4.866082,95.375
08:59:48,912810TZ1,TSRYS5752098,D,S,D,2024-04-29,1000000.00,4.866082,95.375
08:59:53,912810TZ1,TSRYS5752098,D,S,C,2024-04-29,1000000.00,4.864645,95.392578125
09:00:00,912810TZ1,TSRYS5752098,D,B,C,2024-04-29,2000000.00,4.86736,95.359375
09:00:00,912810TZ1,TSRYS5752098,D,S,D,2024-04-29,2000000.00,4.86736,95.359375
09:00:00,912810TZ1,TSRYS5752098,D,S,D,2024-04-29,1000000.00,4.866082,95.375
09:00:00,912810TZ1,TSRYS5752098,D,S,D,2024-04-29,1000000.00,4.866082,95.375
09:00:00,912810TZ1,TSRYS5752098,D,S,D,2024-04-29,1000000.00,4.866082,95.375
09:00:00,912810TZ1,TSRYS5752098,D,S,D,2024-04-29,1000000.00,4.866082,95.375
09:00:00,912810TZ1,TSRYS5752098,D,S,D,2024-04-29,1000000.00,4.866082,95.375
09:00:02,912810TZ1,TSRYS5752098,D,S,T,2024-04-29,1000000.00,4.866098,95.3748
09:00:02,912810TZ1,TSRYS5752098,D,S,T,2024-04-29,1000000.00,4.866098,95.3748
09:00:15,912810TZ1,TSRYS5752098,D,S,D,2024-04-29,1000000.00,4.866082,95.375
09:00:15,912810TZ1,TSRYS5752098,D,S,D,2024-04-29,1000000.00,4.866082,95.375
09:00:15,912810TZ1,TSRYS5752098,D,S,D,2024-04-29,1000000.00,4.866082,95.375
09:00:24,912810TZ1,TSRYS5752098,D,S,C,2024-04-29,1000000.00,4.869916,95.328125
09:00:24,912810TZ1,TSRYS5752098,D,B,C,2024-04-29,1000000.00,4.869916,95.328125
09:00:38,912810TZ1,TSRYS5752098,D,S,D,2024-04-29,1000000.00,4.86736,95.359375
09:00:39,912810TZ1,TSRYS5752098,D,S,T,2024-04-29,1000000.00,4.871514,95.30859375
09:00:39,912810TZ1,TSRYS5752098,D,B,C,2024-04-29,1000000.00,4.871674,95.306640625
09:00:39,912810TZ1,TSRYS5752098,D,S,D,2024-04-29,1000000.00,4.871674,95.306640625
09:00:39,912810TZ1,TSRYS5752098,D,S,T,2024-04-29,1000000.00,4.871514,95.30859375
09:00:39,912810TZ1,TSRYS5752098,D,B,C,2024-04-29,1000000.00,4.871514,95.30859375
09:00:39,912810TZ1,TSRYS5752098,D,S,D,2024-04-29,1000000.00,4.871514,95.30859375
09:00:40,912810TZ1,TSRYS5752098,D,S,D,2024-04-29,1000000.00,4.871514,95.30859375
09:00:40,912810TZ1,TSRYS5752098,D,S,D,2024-04-29,1000000.00,4.871514,95.30859375
09:00:40,912810TZ1,TSRYS5752098,D,B,C,2024-04-29,1000000.00,4.871195,95.3125
09:00:40,912810TZ1,TSRYS5752098,D,S,D,2024-04-29,1000000.00,4.871195,95.3125
09:00:48,912810TZ1,TSRYS5752098,D,S,C,2024-04-29,50MM+,4.861881,95.426392
09:00:54,912810TZ1,TSRYS5752098,D,S,T,2024-04-29,1000000.00,4.871363,95.310446875
09:00:55,912810TZ1,TSRYS5752098,D,S,C,2024-04-29,1000000.00,4.871354,95.310546875
09:00:59,912810TZ1,TSRYS5752098,D,S,C,2024-04-29,1000000.00,4.871354,95.310546875
09:00:59,912810TZ1,TSRYS5752098,D,S,D,2024-04-29,1000000.00,4.871354,95.310546875
09:01:03,912810TZ1,TSRYS5752098,D,S,T,2024-04-29,1000000.00,4.864645,95.39257812
09:01:05,912810TZ1,TSRYS5752098,D,S,T,2024-04-29,1000000.00,4.872474,95.296875
09:01:05,912810TZ1,TSRYS5752098,D,S,T,2024-04-29,1000000.00,4.872474,95.296875
09:01:05,912810TZ1,TSRYS5752098,D,S,T,2024-04-29,1000000.00,4.872474,95.296875
09:01:05,912810TZ1,TSRYS5752098,D,S,T,2024-04-29,1000000.00,4.872474,95.296875
09:01:07,912810TZ1,TSRYS5752098,D,S,D,2024-04-29,1000000.00,4.864804,95.390625
09:01:33,912810TZ1,TSRYS5752098,D,S,C,2024-04-29,1000000.00,4.871195,95.3125
09:01:33,912810TZ1,TSRYS5752098,D,S,C,2024-04-29,1000000.00,4.871195,95.3125
09:01:33,912810TZ1,TSRYS5752098,D,S,T,2024-04-29,1000000.00,4.871354,95.31054687
09:01:35,912810TZ1,TSRYS5752098,D,S,T,2024-04-29,1000000.00,4.871354,95.31054687
09:01:35,912810TZ1,TSRYS5752098,D,S,C,2024-04-29,1000000.00,4.871354,95.31054687
09:01:35,912810TZ1,TSRYS5752098,D,S,D,2024-04-29,1000000.00,4.871354,95.31054687
09:01:49,912810TZ1,TSRYS5752098,D,S,D,2024-04-29,1000000.00,4.872474,95.296875
09:01:49,912810TZ1,TSRYS5752098,D,S,D,2024-04-29,1000000.00,4.872474,95.296875
09:02:03,912810TZ1,TSRYS5752098,D,B,C,2024-04-29,1000000.00,4.872474,95.296875
09:02:03,912810TZ1,TSRYS5752098,D,S,D,2024-04-29,1000000.00,4.872474,95.296875
09:02:03,912810TZ1,TSRYS5752098,D,B,C,2024-04-29,1000000.00,4.872474,95.296875
09:02:03,912810TZ1,TSRYS5752098,D,S,D,2024-04-29,1000000.00,4.872474,95.296875
09:02:03,912810TZ1,TSRYS5752098,D,B,C,2024-04-29,1000000.00,4.872474,95.296875
09:02:03,912810TZ1,TSRYS5752098,D,S,D,2024-04-29,1000000.00,4.872474,95.296875
09:02:03,912810TZ1,TSRYS5752098,D,S,D,2024-04-29,1000000.00,4.872474,95.296875
09:02:15,912810TZ1,TSRYS5752098,D,B,C,2024-04-29,2000000.00,4.872474,95.296875
09:02:15,912810TZ1,TSRYS5752098,D,S,D,2024-04-29,2000000.00,4.872474,95.296875
09:02:15,912810TZ1,TSRYS5752098,D,S,D,2024-04-29,1000000.00,4.872474,95.296875
09:02:15,912810TZ1,TSRYS5752098,D,S,D,2024-04-29,1000000.00,4.872474,95.296875
09:02:15,912810TZ1,TSRYS5752098,D,B,C,2024-04-29,1000000.00,4.872474,95.296875
09:02:22,912810TZ1,TSRYS5752098,D,S,D,2024-04-29,1000000.00,4.871195,95.3125
09:02:41,912810TZ1,TSRYS5752098,D,S,D,2024-04-29,1000000.00,4.868318,95.34765625
09:02:41,912810TZ1,TSRYS5752098,D,S,C,2024-04-29,1000000.00,4.868318,95.34765625
09:02:46,912810TZ1,TSRYS5752098,D,S,D,2024-04-29,1000000.00,4.868318,95.34765625
09:02:53,912810TZ1,TSRYS5752098,D,S,C,2024-04-29,1000000.00,4.868478,95.345703125
09:02:58,912810TZ1,TSRYS5752098,D,S,C,2024-04-29,1000000.00,4.868318,95.34765625
09:03:01,912810TZ1,TSRYS5752098,D,S,D,2024-04-29,1000000.00,4.868318,95.34765625
09:03:03,912810TZ1,TSRYS5752098,D,S,C,2024-04-29,1000000.00,4.868318,95.34765625
09:03:19,912810TZ1,TSRYS5752098,D,S,D,2024-04-29,2000000.00,4.868318,95.34765625
09:03:20,912810TZ1,TSRYS5752098,D,S,D,2024-04-29,1000000.00,4.868318,95.34765625
09:03:21,912810TZ1,TSRYS5752098,D,S,D,2024-04-29,1000000.00,4.868318,95.34765625
09:03:30,912810TZ1,TSRYS5752098,D,S,D,2024-04-29,1000000.00,4.868318,95.34765625
09:03:32,912810TZ1,TSRYS5752098,D,S,T,2024-04-29,1000000.00,4.868318,95.34765625
09:03:32,912810TZ1,TSRYS5752098,D,S,T,2024-04-29,1000000.00,4.868318,95.34765625
09:03:32,912810TZ1,TSRYS5752098,D,S,T,2024-04-29,1000000.00,4.868478,95.34570312
09:03:32,912810TZ1,TSRYS5752098,D,S,D,2024-04-29,1000000.00,4.868318,95.34765625
09:03:44,912810TZ1,TSRYS5752098,D,S,D,2024-04-29,1000000.00,4.868318,95.34765625
09:03:44,912810TZ1,TSRYS5752098,D,S,T,2024-04-29,1000000.00,4.868318,95.34765625
09:03:47,912810TZ1,TSRYS5752098,D,S,T,2024-04-29,2000000.00,4.868318,95.34765625
09:03:48,912810TZ1,TSRYS5752098,D,S,T,2024-04-29,1000000.00,4.868318,95.34765625
09:04:11,912810TZ1,TSRYS5752098,D,S,T,2024-04-29,1000000.00,4.866082,95.375
09:04:14,912810TZ1,TSRYS5752098,D,S,D,2024-04-29,1200000.00,4.865443,95.3828125
09:04:15,912810TZ1,TSRYS5752098,D,S,T,2024-04-29,1000000.00,4.866082,95.375
09:04:15,912810TZ1,TSRYS5752098,D,S,T,2024-04-29,1000000.00,4.866082,95.375
09:04:15,912810TZ1,TSRYS5752098,D,S,T,2024-04-29,1000000.00,4.866082,95.375
09:04:15,912810TZ1,TSRYS5752098,D,S,T,2024-04-29,1000000.00,4.866082,95.375
09:04:16,912810TZ1,TSRYS5752098,D,B,C,2024-04-29,40000000.00,4.866536,95.36944
09:04:27,912810TZ1,TSRYS5752098,D,S,D,2024-04-29,1000000.00,4.86736,95.359375
09:04:28,912810TZ1,TSRYS5752098,D,S,T,2024-04-29,1000000.00,4.867368,95.359275
09:04:28,912810TZ1,TSRYS5752098,D,S,T,2024-04-29,2000000.00,4.867374,95.359198
09:04:38,912810TZ1,TSRYS5752098,D,S,D,2024-04-29,1000000.00,4.86736,95.359375
09:04:54,912810TZ1,TSRYS5752098,D,S,C,2024-04-29,40800000.00,,95.426392
09:05:04,912810TZ1,TSRYS5752098,D,S,C,2024-04-29,2000000.00,4.86736,95.359375
09:05:13,912810TZ1,TSRYS5752098,D,S,C,2024-04-29,40800000.00,4.861881,95.426392
09:05:20,912810TZ1,TSRYS5752098,D,S,D,2024-04-29,1000000.00,4.866082,95.375
09:05:21,912810TZ1,TSRYS5752098,D,S,D,2024-04-29,2400000.00,4.866401,95.37109375
09:05:34,912810TZ1,TSRYS5752098,D,S,C,2024-04-29,1000000.00,4.866082,95.375
09:05:34,912810TZ1,TSRYS5752098,D,S,D,2024-04-29,1000000.00,4.866082,95.375
09:05:34,912810TZ1,TSRYS5752098,D,S,C,2024-04-29,1000000.00,4.866074,95.3751
09:05:34,912810TZ1,TSRYS5752098,D,S,D,2024-04-29,1000000.00,4.866082,95.375
09:05:34,912810TZ1,TSRYS5752098,D,S,C,2024-04-29,1000000.00,4.866082,95.375
09:05:34,912810TZ1,TSRYS5752098,D,S,D,2024-04-29,1200000.00,4.865443,95.3828125
09:06:24,912810TZ1,TSRYS5752098,D,B,C,2024-04-29,1000000.00,4.863527,95.40625
09:06:24,912810TZ1,TSRYS5752098,D,S,D,2024-04-29,1000000.00,4.863527,95.40625
09:06:31,912810TZ1,TSRYS5752098,D,S,D,2024-04-29,1000000.00,4.864804,95.390625
09:06:51,912810TZ1,TSRYS5752098,D,S,D,2024-04-29,500000.00,4.862889,95.4140625
09:07:12,912810TZ1,TSRYS5752098,D,S,T,2024-04-29,1000000.00,4.865124,95.38671875
09:07:12,912810TZ1,TSRYS5752098,D,S,T,2024-04-29,1000000.00,4.865124,95.38671875
09:07:12,912810TZ1,TSRYS5752098,D,S,T,2024-04-29,1000000.00,4.865124,95.38671875
09:07:12,912810TZ1,TSRYS5752098,D,S,T,2024-04-29,1000000.00,4.865124,95.38671875
09:07:12,912810TZ1,TSRYS5752098,D,S,T,2024-04-29,1000000.00,4.865124,95.38671875
09:07:12,912810TZ1,TSRYS5752098,D,S,T,2024-04-29,1000000.00,4.865124,95.38671875
09:07:12,912810TZ1,TSRYS5752098,D,B,C,2024-04-29,1000000.00,4.865124,95.38671875
09:07:12,912810TZ1,TSRYS5752098,D,S,D,2024-04-29,1000000.00,4.865124,95.38671875
09:07:17,912810TZ1,TSRYS5752098,D,B,C,2024-04-29,1000000.00,4.865124,95.38671875
09:07:17,912810TZ1,TSRYS5752098,D,S,D,2024-04-29,1000000.00,4.865124,95.38671875
09:07:17,912810TZ1,TSRYS5752098,D,S,D,2024-04-29,1000000.00,4.865124,95.38671875
09:07:17,912810TZ1,TSRYS5752098,D,S,D,2024-04-29,1000000.00,4.865124,95.38671875
09:07:17,912810TZ1,TSRYS5752098,D,S,D,2024-04-29,1000000.00,4.865124,95.38671875
09:07:17,912810TZ1,TSRYS5752098,D,S,D,2024-04-29,1000000.00,4.865124,95.38671875
09:07:17,912810TZ1,TSRYS5752098,D,S,D,2024-04-29,1000000.00,4.865124,95.38671875
09:07:17,912810TZ1,TSRYS5752098,D,B,C,2024-04-29,1000000.00,4.865124,95.38671875
09:07:17,912810TZ1,TSRYS5752098,D,S,D,2024-04-29,1000000.00,4.865124,95.38671875
09:07:17,912810TZ1,TSRYS5752098,D,B,C,2024-04-29,1000000.00,4.865124,95.38671875
09:07:17,912810TZ1,TSRYS5752098,D,S,D,2024-04-29,1000000.00,4.865124,95.38671875
09:07:17,912810TZ1,TSRYS5752098,D,S,D,2024-04-29,1000000.00,4.865124,95.38671875
09:07:17,912810TZ1,TSRYS5752098,D,S,T,2024-04-29,2000000.00,4.864485,95.39453125
09:07:22,912810TZ1,TSRYS5752098,D,S,D,2024-04-29,2000000.00,4.864485,95.39453125
09:08:25,912810TZ1,TSRYS5752098,D,S,D,2024-04-29,1000000.00,4.866082,95.375
09:09:01,912810TZ1,TSRYS5752098,D,B,C,2024-04-29,1000000.00,4.865762,95.37890625
09:09:01,912810TZ1,TSRYS5752098,D,S,D,2024-04-29,1000000.00,4.865762,95.37890625
09:09:05,912810TZ1,TSRYS5752098,D,S,C,2024-04-29,1000000.00,4.866082,95.375
09:09:05,912810TZ1,TSRYS5752098,D,B,C,2024-04-29,1000000.00,4.866096,95.374825
09:09:11,912810TZ1,TSRYS5752098,D,S,C,2024-04-29,1000000.00,4.866721,95.3671875
09:09:16,912810TZ1,TSRYS5752098,D,B,C,2024-04-29,1000000.00,4.86593,95.376853125
09:09:16,912810TZ1,TSRYS5752098,D,S,C,2024-04-29,1000000.00,4.865922,95.376953125
09:09:17,912810TZ1,TSRYS5752098,D,S,D,2024-04-29,5000.00,4.86736,95.359375
09:09:17,912810TZ1,TSRYS5752098,D,S,D,2024-04-29,5000.00,4.86736,95.359375
09:09:21,912810TZ1,TSRYS5752098,D,S,D,2024-04-29,5000.00,4.864804,95.390625
09:09:23,912810TZ1,TSRYS5752098,D,S,D,2024-04-29,5000.00,4.864804,95.390625
09:09:24,912810TZ1,TSRYS5752098,D,S,A,2024-04-29,5000.00,4.864804,95.390625
09:09:25,912810TZ1,TSRYS5752098,D,S,D,2024-04-29,5000.00,4.864804,95.390625
09:09:26,912810TZ1,TSRYS5752098,D,S,A,2024-04-29,5000.00,4.864804,95.390625
09:09:27,912810TZ1,TSRYS5752098,D,S,A,2024-04-29,5000.00,4.864804,95.390625
09:09:28,912810TZ1,TSRYS5752098,D,S,D,2024-04-29,5000.00,4.864804,95.390625
09:09:29,912810TZ1,TSRYS5752098,D,S,D,2024-04-29,5000.00,4.864804,95.390625
09:09:30,912810TZ1,TSRYS5752098,D,S,D,2024-04-29,5000.00,4.86736,95.359375
09:09:32,912810TZ1,TSRYS5752098,D,S,D,2024-04-29,5000.00,4.86736,95.359375
09:09:34,912810TZ1,TSRYS5752098,D,S,D,2024-04-29,5000.00,4.86736,95.359375
09:09:37,912810TZ1,TSRYS5752098,D,S,D,2024-04-29,5000.00,4.86736,95.359375
09:09:37,912810TZ1,TSRYS5752098,D,S,D,2024-04-29,5000.00,4.86736,95.359375
09:09:37,912810TZ1,TSRYS5752098,D,S,D,2024-04-29,5000.00,4.86736,95.359375
09:09:39,912810TZ1,TSRYS5752098,D,S,D,2024-04-29,5000.00,4.86736,95.359375
09:09:39,912810TZ1,TSRYS5752098,D,S,D,2024-04-29,5000.00,4.864804,95.390625
09:09:39,912810TZ1,TSRYS5752098,D,S,D,2024-04-29,5000.00,4.864804,95.390625
09:09:39,912810TZ1,TSRYS5752098,D,S,D,2024-04-29,5000.00,4.864804,95.390625
09:09:40,912810TZ1,TSRYS5752098,D,S,C,2024-04-29,1000000.00,4.866721,95.3671875
09:09:42,912810TZ1,TSRYS5752098,D,S,D,2024-04-29,5000.00,4.86736,95.359375
09:09:48,912810TZ1,TSRYS5752098,D,S,D,2024-04-29,1000000.00,4.866082,95.375
09:09:48,912810TZ1,TSRYS5752098,D,B,C,2024-04-29,1000000.00,4.866082,95.375
09:09:49,912810TZ1,TSRYS5752098,D,S,D,2024-04-29,5000.00,4.864804,95.390625
09:09:49,912810TZ1,TSRYS5752098,D,S,D,2024-04-29,5000.00,4.864804,95.390625
09:09:49,912810TZ1,TSRYS5752098,D,S,T,2024-04-29,1000000.00,4.866721,95.3671875
09:09:49,912810TZ1,TSRYS5752098,D,S,C,2024-04-29,1000000.00,4.866721,95.3671875
09:10:11,912810TZ1,TSRYS5752098,D,S,C,2024-04-29,150000.00,4.86736,95.359375
09:10:33,912810TZ1,TSRYS5752098,D,S,D,2024-04-29,1000000.00,4.866082,95.375
09:10:48,912810TZ1,TSRYS5752098,D,S,D,2024-04-29,1000000.00,4.867351,95.359475
09:10:48,912810TZ1,TSRYS5752098,D,S,D,2024-04-29,1000000.00,4.86736,95.359375
09:10:48,912810TZ1,TSRYS5752098,D,B,C,2024-04-29,1000000.00,4.86736,95.359375
09:10:48,912810TZ1,TSRYS5752098,D,B,C,2024-04-29,1000000.00,4.86736,95.359375
09:10:48,912810TZ1,TSRYS5752098,D,B,C,2024-04-29,1000000.00,4.86736,95.359375
09:10:48,912810TZ1,TSRYS5752098,D,S,D,2024-04-29,1000000.00,4.86736,95.359375
09:10:48,912810TZ1,TSRYS5752098,D,S,D,2024-04-29,1000000.00,4.867679,95.35546875
09:10:48,912810TZ1,TSRYS5752098,D,S,D,2024-04-29,1000000.00,4.867679,95.35546875
09:10:48,912810TZ1,TSRYS5752098,D,S,D,2024-04-29,1000000.00,4.867679,95.35546875
09:10:48,912810TZ1,TSRYS5752098,D,S,D,2024-04-29,1000000.00,4.867679,95.35546875
09:10:48,912810TZ1,TSRYS5752098,D,S,D,2024-04-29,1000000.00,4.867679,95.35546875
09:10:48,912810TZ1,TSRYS5752098,D,S,D,2024-04-29,1000000.00,4.867679,95.35546875
09:10:48,912810TZ1,TSRYS5752098,D,B,C,2024-04-29,1000000.00,4.867679,95.35546875
09:10:49,912810TZ1,TSRYS5752098,D,S,D,2024-04-29,1000000.00,4.867679,95.35546875
09:10:49,912810TZ1,TSRYS5752098,D,S,D,2024-04-29,1000000.00,4.867679,95.35546875
09:10:49,912810TZ1,TSRYS5752098,D,S,D,2024-04-29,1000000.00,4.867679,95.35546875
09:10:55,912810TZ1,TSRYS5752098,D,S,C,2024-04-29,1000000.00,4.868638,95.34375
09:10:55,912810TZ1,TSRYS5752098,D,B,C,2024-04-29,1000000.00,4.868638,95.34375
09:10:56,912810TZ1,TSRYS5752098,D,S,A,2024-04-29,19000.00,4.868925,95.36655953947
09:10:58,912810TZ1,TSRYS5752098,D,S,D,2024-04-29,19000.00,4.868925,95.34024375
09:10:59,912810TZ1,TSRYS5752098,D,B,C,2024-04-29,1000000.00,4.868638,95.34375
09:10:59,912810TZ1,TSRYS5752098,D,S,D,2024-04-29,1000000.00,4.868638,95.34375
09:10:59,912810TZ1,TSRYS5752098,D,S,D,2024-04-29,1000000.00,4.868638,95.34375
09:11:00,912810TZ1,TSRYS5752098,D,S,D,2024-04-29,1000000.00,4.868478,95.345703125
09:11:01,912810TZ1,TSRYS5752098,D,S,D,2024-04-29,1000000.00,4.86736,95.359375
09:11:04,912810TZ1,TSRYS5752098,D,B,C,2024-04-29,1000000.00,4.868638,95.34375
09:11:04,912810TZ1,TSRYS5752098,D,S,D,2024-04-29,1000000.00,4.868638,95.34375
09:11:04,912810TZ1,TSRYS5752098,D,S,D,2024-04-29,1000000.00,4.868318,95.34765625
09:11:04,912810TZ1,TSRYS5752098,D,S,D,2024-04-29,1000000.00,4.868318,95.34765625
09:11:04,912810TZ1,TSRYS5752098,D,S,T,2024-04-29,1000000.00,4.868318,95.34765625
09:11:05,912810TZ1,TSRYS5752098,D,S,C,2024-04-29,5000000.00,4.86727,95.360475
09:11:09,912810TZ1,TSRYS5752098,D,S,D,2024-04-29,1000000.00,4.868318,95.34765625
09:11:12,912810TZ1,TSRYS5752098,D,S,D,2024-04-29,1000000.00,4.868318,95.34765625
09:11:12,912810TZ1,TSRYS5752098,D,S,D,2024-04-29,2000000.00,4.868318,95.34765625
09:11:13,912810TZ1,TSRYS5752098,D,S,D,2024-04-29,1000000.00,4.868318,95.34765625
09:11:17,912810TZ1,TSRYS5752098,D,B,C,2024-04-29,1000000.00,4.868158,95.349609375
09:11:17,912810TZ1,TSRYS5752098,D,S,D,2024-04-29,1000000.00,4.868158,95.349609375
09:11:30,912810TZ1,TSRYS5752098,D,S,D,2024-04-29,2300000.00,4.867679,95.35546875
09:11:32,912810TZ1,TSRYS5752098,D,S,D,2024-04-29,2300000.00,4.868318,95.34765625
09:11:32,912810TZ1,TSRYS5752098,D,S,D,2024-04-29,1000000.00,4.868638,95.34375
09:11:35,912810TZ1,TSRYS5752098,D,B,C,2024-04-29,1000000.00,4.86736,95.359375
09:11:35,912810TZ1,TSRYS5752098,D,S,D,2024-04-29,1000000.00,4.86736,95.359375
09:11:45,912810TZ1,TSRYS5752098,D,B,C,2024-04-29,1000000.00,4.867839,95.35351562
09:11:45,912810TZ1,TSRYS5752098,D,B,C,2024-04-29,1000000.00,4.868478,95.34570312
09:11:45,912810TZ1,TSRYS5752098,D,S,C,2024-04-29,21000000.00,4.868099,95.35034
09:11:50,912810TZ1,TSRYS5752098,D,B,C,2024-04-29,1000000.00,4.86736,95.359375
09:11:50,912810TZ1,TSRYS5752098,D,S,D,2024-04-29,1000000.00,4.867341,95.3596
09:11:54,912810TZ1,TSRYS5752098,D,B,C,2024-04-29,1000000.00,4.868478,95.34570312
09:12:20,912810TZ1,TSRYS5752098,D,B,C,2024-04-29,1000000.00,4.870715,95.318359375
09:12:20,912810TZ1,TSRYS5752098,D,S,D,2024-04-29,1000000.00,4.870715,95.318359375
09:12:22,912810TZ1,TSRYS5752098,D,S,C,2024-04-29,1000000.00,4.869916,95.328125
09:12:22,912810TZ1,TSRYS5752098,D,B,C,2024-04-29,1000000.00,4.86993,95.32795
09:12:24,912810TZ1,TSRYS5752098,D,S,D,2024-04-29,1000000.00,4.871195,95.3125
09:12:24,912810TZ1,TSRYS5752098,D,B,C,2024-04-29,1000000.00,4.871195,95.3125
09:12:36,912810TZ1,TSRYS5752098,D,B,C,2024-04-29,1000000.00,4.86993,95.32795
09:12:36,912810TZ1,TSRYS5752098,D,S,D,2024-04-29,1000000.00,4.869916,95.328125
09:13:31,912810TZ1,TSRYS5752098,D,S,D,2024-04-29,1000000.00,4.869916,95.328125
09:14:24,912810TZ1,TSRYS5752098,D,S,D,2024-04-29,1000000.00,4.868638,95.34375
09:15:03,912810TZ1,TSRYS5752098,D,S,T,2024-04-29,1000000.00,4.871195,95.3125
09:15:08,912810TZ1,TSRYS5752098,D,S,D,2024-04-29,1000000.00,4.871195,95.3125
09:16:27,912810TZ1,TSRYS5752098,D,S,C,2024-04-29,1000000.00,4.872474,95.296875
09:17:29,912810TZ1,TSRYS5752098,D,S,D,2024-04-29,1000000.00,4.872474,95.296875
09:17:34,912810TZ1,TSRYS5752098,D,B,C,2024-04-29,40900000.00,4.86736,95.359375
09:17:55,912810TZ1,TSRYS5752098,D,B,C,2024-04-29,40900000.00,4.86736,95.359375
09:18:07,912810TZ1,TSRYS5752098,D,B,C,2024-04-29,1000000.00,4.875032,95.265625
09:18:07,912810TZ1,TSRYS5752098,D,S,C,2024-04-29,1000000.00,4.875032,95.265625
09:18:25,912810TZ1,TSRYS5752098,D,B,C,2024-04-29,1000000.00,4.873753,95.28125
09:18:25,912810TZ1,TSRYS5752098,D,B,C,2024-04-29,1000000.00,4.873753,95.28125
09:18:25,912810TZ1,TSRYS5752098,D,S,C,2024-04-29,1000000.00,4.873753,95.28125
09:18:25,912810TZ1,TSRYS5752098,D,B,C,2024-04-29,1000000.00,4.873753,95.28125
09:18:25,912810TZ1,TSRYS5752098,D,S,C,2024-04-29,1000000.00,4.873753,95.28125
09:18:25,912810TZ1,TSRYS5752098,D,S,C,2024-04-29,1000000.00,4.873753,95.28125
09:19:27,912810TZ1,TSRYS5752098,D,B,C,2024-04-29,1100000.00,4.873753,95.28125
09:19:36,912810TZ1,TSRYS5752098,D,S,D,2024-04-29,1000000.00,4.876312,95.25
09:20:30,912810TZ1,TSRYS5752098,D,S,C,2024-04-29,1735000.00,4.872793,95.29296875
09:20:30,912810TZ1,TSRYS5752098,D,S,D,2024-04-29,1000000.00,4.872793,95.29296875
09:20:34,912810TZ1,TSRYS5752098,D,S,D,2024-04-29,1000000.00,4.873753,95.28125
09:20:40,912810TZ1,TSRYS5752098,D,S,D,2024-04-29,2735000.00,4.872826,95.29256875
09:20:42,912810TZ1,TSRYS5752098,D,S,T,2024-04-29,1000000.00,4.869916,95.328125
09:21:24,912810TZ1,TSRYS5752098,D,S,C,2024-04-29,1000000.00,4.869916,95.328125
09:21:50,912810TZ1,TSRYS5752098,D,S,C,2024-04-29,1000000.00,4.869916,95.328125
09:21:52,912810TZ1,TSRYS5752098,D,S,T,2024-04-29,1000000.00,4.869916,95.328125
09:21:55,912810TZ1,TSRYS5752098,D,S,T,2024-04-29,1000000.00,4.869916,95.328125
09:21:55,912810TZ1,TSRYS5752098,D,S,T,2024-04-29,1000000.00,4.869916,95.328125
09:21:55,912810TZ1,TSRYS5752098,D,S,T,2024-04-29,1000000.00,4.869916,95.328125
09:21:55,912810TZ1,TSRYS5752098,D,S,T,2024-04-29,1000000.00,4.869916,95.328125
09:21:58,912810TZ1,TSRYS5752098,D,S,T,2024-04-29,1000000.00,4.869916,95.328125
09:21:59,912810TZ1,TSRYS5752098,D,S,T,2024-04-29,1000000.00,4.869916,95.328125
09:22:00,912810TZ1,TSRYS5752098,D,S,C,2024-04-29,1100000.00,4.875032,95.265625
09:22:01,912810TZ1,TSRYS5752098,D,S,T,2024-04-29,1000000.00,4.869916,95.328125
09:22:01,912810TZ1,TSRYS5752098,D,S,T,2024-04-29,1000000.00,4.869916,95.328125
09:22:02,912810TZ1,TSRYS5752098,D,S,T,2024-04-29,1000000.00,4.869916,95.328125
09:22:35,912810TZ1,TSRYS5752098,D,S,C,2024-04-29,1000000.00,4.869916,95.328125
09:22:41,912810TZ1,TSRYS5752098,D,S,C,2024-04-29,1000000.00,4.869916,95.328125
09:22:41,912810TZ1,TSRYS5752098,D,S,C,2024-04-29,1000000.00,4.869916,95.328125
09:22:41,912810TZ1,TSRYS5752098,D,S,D,2024-04-29,1000000.00,4.869916,95.328125
09:22:41,912810TZ1,TSRYS5752098,D,S,C,2024-04-29,1000000.00,4.869916,95.328125
09:22:41,912810TZ1,TSRYS5752098,D,S,C,2024-04-29,1000000.00,4.869916,95.328125
09:22:41,912810TZ1,TSRYS5752098,D,S,D,2024-04-29,1000000.00,4.869916,95.328125
09:22:41,912810TZ1,TSRYS5752098,D,S,D,2024-04-29,1000000.00,4.869916,95.328125
09:22:41,912810TZ1,TSRYS5752098,D,S,D,2024-04-29,1000000.00,4.869916,95.328125
09:22:41,912810TZ1,TSRYS5752098,D,S,C,2024-04-29,1000000.00,4.869916,95.328125
09:23:06,912810TZ1,TSRYS5752098,D,S,C,2024-04-29,1000000.00,4.869596,95.33203125
09:23:29,912810TZ1,TSRYS5752098,D,S,D,2024-04-29,1000000.00,4.869596,95.33203125
09:24:14,912810TZ1,TSRYS5752098,D,B,C,2024-04-29,40000.00,4.867389,95.359375
09:24:23,912810TZ1,TSRYS5752098,D,S,C,2024-04-29,1000000.00,4.871994,95.302734375
09:24:23,912810TZ1,TSRYS5752098,D,S,C,2024-04-29,1000000.00,4.871994,95.302734375
09:24:23,912810TZ1,TSRYS5752098,D,S,C,2024-04-29,1000000.00,4.871994,95.302734375
09:24:23,912810TZ1,TSRYS5752098,D,S,C,2024-04-29,1000000.00,4.872305,95.298928125
09:24:27,912810TZ1,TSRYS5752098,D,S,T,2024-04-29,1000000.00,4.872474,95.296875
09:24:28,912810TZ1,TSRYS5752098,D,S,T,2024-04-29,1000000.00,4.872314,95.298828125
09:24:28,912810TZ1,TSRYS5752098,D,S,T,2024-04-29,3000000.00,4.871994,95.302734375
09:24:40,912810TZ1,TSRYS5752098,D,B,C,2024-04-29,1000000.00,4.869916,95.328125
09:24:40,912810TZ1,TSRYS5752098,D,S,C,2024-04-29,1000000.00,4.869916,95.328125
09:24:57,912810TZ1,TSRYS5752098,D,B,C,2024-04-29,1000000.00,4.869916,95.328125
09:24:57,912810TZ1,TSRYS5752098,D,S,C,2024-04-29,1000000.00,4.869916,95.328125
09:24:57,912810TZ1,TSRYS5752098,D,S,C,2024-04-29,1000000.00,4.872457,95.297075
09:25:16,912810TZ1,TSRYS5752098,D,S,D,2024-04-29,1000000.00,4.869916,95.328125
09:27:39,912810TZ1,TSRYS5752098,D,S,D,2024-04-29,1000000.00,4.869916,95.328125
09:28:22,912810TZ1,TSRYS5752098,D,S,D,2024-04-29,1000000.00,4.869916,95.328125
09:28:54,912810TZ1,TSRYS5752098,D,S,D,2024-04-29,1000000.00,4.871195,95.3125
09:28:54,912810TZ1,TSRYS5752098,D,B,C,2024-04-29,1000000.00,4.871211,95.3123
09:29:17,912810TZ1,TSRYS5752098,D,S,T,2024-04-29,1000000.00,4.863527,95.40625
09:29:56,912810TZ1,TSRYS5752098,D,S,C,2024-04-29,1000000.00,4.863527,95.40625
09:30:00,912810TZ1,TSRYS5752098,D,S,C,2024-04-29,1000000.00,4.86736,95.359375
09:30:25,912810TZ1,TSRYS5752098,D,S,D,2024-04-29,1000000.00,4.86736,95.359375
09:30:38,912810TZ1,TSRYS5752098,D,S,T,2024-04-29,1000000.00,4.867679,95.35546875
09:30:39,912810TZ1,TSRYS5752098,D,S,C,2024-04-29,1000000.00,4.867679,95.35546875
09:30:43,912810TZ1,TSRYS5752098,D,S,T,2024-04-29,6025000.00,4.866721,95.3671875
09:30:51,912810TZ1,TSRYS5752098,D,S,T,2024-04-29,5440000.00,4.866721,95.3671875
09:30:55,912810TZ1,TSRYS5752098,D,S,T,2024-04-29,13340000.00,4.866721,95.3671875
09:30:56,912810TZ1,TSRYS5752098,D,S,T,2024-04-29,20000.00,4.866721,95.3671875
09:31:08,912810TZ1,TSRYS5752098,D,S,T,2024-04-29,180000.00,4.866721,95.3671875
09:31:17,912810TZ1,TSRYS5752098,D,S,T,2024-04-29,210000.00,4.866721,95.3671875
09:31:23,912810TZ1,TSRYS5752098,D,S,D,2024-04-29,1000000.00,4.868638,95.34375
09:31:31,912810TZ1,TSRYS5752098,D,B,C,2024-04-29,1120000.00,4.866721,95.3671875
09:31:32,912810TZ1,TSRYS5752098,D,B,C,2024-04-29,2785000.00,4.866721,95.3671875
09:31:32,912810TZ1,TSRYS5752098,D,S,C,2024-04-29,1000000.00,4.871035,95.314453125
09:31:33,912810TZ1,TSRYS5752098,D,B,C,2024-04-29,11675000.00,4.866721,95.3671875
09:31:35,912810TZ1,TSRYS5752098,D,S,D,2024-04-29,13865000.00,4.866721,95.3671875
09:31:35,912810TZ1,TSRYS5752098,D,S,D,2024-04-29,37500000.00,4.866721,95.3671875
09:31:36,912810TZ1,TSRYS5752098,D,S,D,2024-04-29,65000.00,4.866721,95.3671875
09:31:36,912810TZ1,TSRYS5752098,D,S,T,2024-04-29,16515000.00,4.866721,95.3671875
09:31:40,912810TZ1,TSRYS5752098,D,S,D,2024-04-29,6450000.00,4.866721,95.3671875
09:31:40,912810TZ1,TSRYS5752098,D,S,D,2024-04-29,2220000.00,4.866721,95.3671875
09:31:40,912810TZ1,TSRYS5752098,D,S,D,2024-04-29,7150000.00,4.866721,95.3671875
09:31:40,912810TZ1,TSRYS5752098,D,S,D,2024-04-29,3065000.00,4.866721,95.3671875
09:31:40,912810TZ1,TSRYS5752098,D,S,D,2024-04-29,5980000.00,4.866721,95.3671875
09:31:45,912810TZ1,TSRYS5752098,D,S,T,2024-04-29,365000.00,4.866721,95.3671875
09:32:01,912810TZ1,TSRYS5752098,D,S,T,2024-04-29,1000000.00,4.866092,95.37487
09:32:17,912810TZ1,TSRYS5752098,D,S,C,2024-04-29,1000000.00,4.865762,95.37890625
09:32:17,912810TZ1,TSRYS5752098,D,S,T,2024-04-29,1000000.00,4.865762,95.37890625
09:32:45,912810TZ1,TSRYS5752098,D,S,C,2024-04-29,650000.00,4.865762,95.37890625
09:32:45,912810TZ1,TSRYS5752098,D,S,C,2024-04-29,1000000.00,4.866082,95.375
09:33:42,912810TZ1,TSRYS5752098,D,S,T,2024-04-29,1000000.00,4.871035,95.314453125
09:33:46,912810TZ1,TSRYS5752098,D,S,D,2024-04-29,1000000.00,4.86736,95.359375
09:33:49,912810TZ1,TSRYS5752098,D,S,T,2024-04-29,18620000.00,4.866721,95.3671875
09:34:11,912810TZ1,TSRYS5752098,D,S,T,2024-04-29,1000000.00,4.864804,95.390625
09:34:12,912810TZ1,TSRYS5752098,D,S,T,2024-04-29,1000000.00,4.864804,95.390625
09:34:25,912810TZ1,TSRYS5752098,D,S,D,2024-04-29,1000000.00,4.866082,95.375
09:34:43,912810TZ1,TSRYS5752098,D,S,D,2024-04-29,13000.00,4.868605,95.34415
09:34:43,912810TZ1,TSRYS5752098,D,S,A,2024-04-29,13000.00,4.868605,95.41722692308
09:34:45,912810TZ1,TSRYS5752098,D,S,C,2024-04-29,1000000.00,4.864804,95.390625
09:35:00,912810TZ1,TSRYS5752098,D,S,C,2024-04-29,1000000.00,4.864804,95.390625
09:36:06,912810TZ1,TSRYS5752098,D,S,D,2024-04-29,1000000.00,4.868638,95.34375
09:36:06,912810TZ1,TSRYS5752098,D,B,C,2024-04-29,1000000.00,4.868638,95.34375
09:36:28,912810TZ1,TSRYS5752098,D,S,D,2024-04-29,1000000.00,4.869916,95.328125
09:36:32,912810TZ1,TSRYS5752098,D,S,T,2024-04-29,1000000.00,4.868648,95.34362
09:37:18,912810TZ1,TSRYS5752098,D,S,D,2024-04-29,1000000.00,4.868638,95.34375
09:37:18,912810TZ1,TSRYS5752098,D,B,C,2024-04-29,1000000.00,4.868638,95.34375
09:37:31,912810TZ1,TSRYS5752098,D,S,D,2024-04-29,1000000.00,4.868638,95.34375
09:37:32,912810TZ1,TSRYS5752098,D,B,C,2024-04-29,1000000.00,4.868638,95.34375
09:37:32,912810TZ1,TSRYS5752098,D,S,D,2024-04-29,1000000.00,4.868638,95.34375
09:37:32,912810TZ1,TSRYS5752098,D,B,C,2024-04-29,1000000.00,4.868638,95.34375
09:37:32,912810TZ1,TSRYS5752098,D,S,C,2024-04-29,1000000.00,4.868638,95.34375
09:37:32,912810TZ1,TSRYS5752098,D,S,C,2024-04-29,1000000.00,4.868638,95.34375
09:37:39,912810TZ1,TSRYS5752098,D,B,C,2024-04-29,2000000.00,4.872314,95.298828125
09:37:39,912810TZ1,TSRYS5752098,D,S,D,2024-04-29,2000000.00,4.872314,95.298828125
09:37:40,912810TZ1,TSRYS5752098,D,B,C,2024-04-29,1000000.00,4.872314,95.298828125
09:37:41,912810TZ1,TSRYS5752098,D,S,D,2024-04-29,1000000.00,4.872314,95.298828125
09:38:23,912810TZ1,TSRYS5752098,D,S,D,2024-04-29,1000000.00,4.872793,95.29296875
09:38:23,912810TZ1,TSRYS5752098,D,S,D,2024-04-29,1000000.00,4.872953,95.291015625
09:38:23,912810TZ1,TSRYS5752098,D,S,D,2024-04-29,1000000.00,4.873113,95.2890625
09:38:24,912810TZ1,TSRYS5752098,D,S,D,2024-04-29,1000000.00,4.872793,95.29296875
09:38:28,912810TZ1,TSRYS5752098,D,S,D,2024-04-29,1000000.00,4.872633,95.294921875
09:38:28,912810TZ1,TSRYS5752098,D,S,T,2024-04-29,1000000.00,4.872633,95.294921875
09:38:28,912810TZ1,TSRYS5752098,D,S,D,2024-04-29,1000000.00,4.872474,95.296875
09:38:28,912810TZ1,TSRYS5752098,D,B,C,2024-04-29,1000000.00,4.872474,95.296875
09:38:28,912810TZ1,TSRYS5752098,D,S,D,2024-04-29,1000000.00,4.872474,95.296875
09:38:29,912810TZ1,TSRYS5752098,D,B,C,2024-04-29,1000000.00,4.872953,95.291015625
09:38:29,912810TZ1,TSRYS5752098,D,S,D,2024-04-29,1000000.00,4.872953,95.291015625
09:38:33,912810TZ1,TSRYS5752098,D,S,D,2024-04-29,1000000.00,4.872633,95.294921875
09:38:33,912810TZ1,TSRYS5752098,D,B,C,2024-04-29,1000000.00,4.872633,95.294921875
09:38:33,912810TZ1,TSRYS5752098,D,B,C,2024-04-29,1000000.00,4.872633,95.294921875
09:38:33,912810TZ1,TSRYS5752098,D,S,D,2024-04-29,1000000.00,4.872633,95.294921875
09:38:33,912810TZ1,TSRYS5752098,D,S,D,2024-04-29,1000000.00,4.872633,95.294921875
09:38:33,912810TZ1,TSRYS5752098,D,B,C,2024-04-29,1000000.00,4.872474,95.296875
09:38:33,912810TZ1,TSRYS5752098,D,S,D,2024-04-29,1000000.00,4.872474,95.296875
09:38:56,912810TZ1,TSRYS5752098,D,B,C,2024-04-29,1000000.00,4.872953,95.29101562
09:38:56,912810TZ1,TSRYS5752098,D,B,C,2024-04-29,1000000.00,4.872633,95.29492187
09:38:57,912810TZ1,TSRYS5752098,D,B,C,2024-04-29,1000000.00,4.872474,95.296875
09:38:59,912810TZ1,TSRYS5752098,D,B,C,2024-04-29,1000000.00,4.872793,95.29296875
09:38:59,912810TZ1,TSRYS5752098,D,S,C,2024-04-29,1000000.00,4.872793,95.29296875
09:39:00,912810TZ1,TSRYS5752098,D,B,C,2024-04-29,1000000.00,4.872793,95.29296875
09:39:00,912810TZ1,TSRYS5752098,D,S,D,2024-04-29,1000000.00,4.872793,95.29296875
09:39:05,912810TZ1,TSRYS5752098,D,S,C,2024-04-29,1000000.00,4.875672,95.2578125
09:39:14,912810TZ1,TSRYS5752098,D,B,C,2024-04-29,1000000.00,4.876632,95.24609375
09:39:14,912810TZ1,TSRYS5752098,D,S,D,2024-04-29,1000000.00,4.876632,95.24609375
09:39:20,912810TZ1,TSRYS5752098,D,B,C,2024-04-29,2000000.00,4.876312,95.25
09:39:20,912810TZ1,TSRYS5752098,D,S,D,2024-04-29,2000000.00,4.876312,95.25
09:39:28,912810TZ1,TSRYS5752098,D,S,T,2024-04-29,1000000.00,4.875697,95.2575125
09:39:30,912810TZ1,TSRYS5752098,D,S,D,2024-04-29,16000000.00,4.872452,95.29714
09:39:31,912810TZ1,TSRYS5752098,D,S,C,2024-04-29,1000000.00,4.874872,95.26757812
09:39:32,912810TZ1,TSRYS5752098,D,S,D,2024-04-29,1000000.00,4.876472,95.248046875
09:39:33,912810TZ1,TSRYS5752098,D,B,C,2024-04-29,1000000.00,4.876472,95.248046875
09:39:35,912810TZ1,TSRYS5752098,D,B,C,2024-04-29,1000000.00,4.872474,95.296875
09:39:48,912810TZ1,TSRYS5752098,D,B,C,2024-04-29,1000000.00,4.872474,95.296875
09:39:48,912810TZ1,TSRYS5752098,D,S,D,2024-04-29,1000000.00,4.872474,95.296875
09:39:48,912810TZ1,TSRYS5752098,D,S,D,2024-04-29,1000000.00,4.872474,95.296875
09:39:48,912810TZ1,TSRYS5752098,D,B,C,2024-04-29,1000000.00,4.872474,95.296875
09:39:51,912810TZ1,TSRYS5752098,D,B,C,2024-04-29,1000000.00,4.876632,95.24609375
09:39:51,912810TZ1,TSRYS5752098,D,S,D,2024-04-29,1000000.00,4.876632,95.24609375
09:40:03,912810TZ1,TSRYS5752098,D,B,C,2024-04-29,1000000.00,4.876312,95.25
09:40:03,912810TZ1,TSRYS5752098,D,S,D,2024-04-29,1000000.00,4.876312,95.25
09:40:03,912810TZ1,TSRYS5752098,D,B,C,2024-04-29,1000000.00,4.876312,95.25
09:40:03,912810TZ1,TSRYS5752098,D,S,D,2024-04-29,1000000.00,4.876312,95.25
09:40:18,912810TZ1,TSRYS5752098,D,B,C,2024-04-29,1000000.00,4.875032,95.265625
09:40:18,912810TZ1,TSRYS5752098,D,S,D,2024-04-29,1000000.00,4.875032,95.265625
09:40:20,912810TZ1,TSRYS5752098,D,S,D,2024-04-29,3000000.00,4.876952,95.2421875
09:40:21,912810TZ1,TSRYS5752098,D,S,D,2024-04-29,3000000.00,4.876952,95.242187
09:40:31,912810TZ1,TSRYS5752098,D,S,D,2024-04-29,1000000.00,4.876312,95.25
09:40:31,912810TZ1,TSRYS5752098,D,S,D,2024-04-29,200000.00,4.877272,95.23828125
09:40:31,912810TZ1,TSRYS5752098,D,S,D,2024-04-29,220000.00,4.877272,95.23828125
09:40:45,912810TZ1,TSRYS5752098,D,S,D,2024-04-29,210000.00,4.877272,95.23828125
09:40:49,912810TZ1,TSRYS5752098,D,S,C,2024-04-29,3000000.00,4.876952,95.2421875
09:41:09,912810TZ1,TSRYS5752098,D,S,D,2024-04-29,210000.00,4.877272,95.23828125
09:42:49,912810TZ1,TSRYS5752098,D,S,C,2024-04-29,1000000.00,4.875032,95.265625
09:42:51,912810TZ1,TSRYS5752098,D,S,D,2024-04-29,1000000.00,4.874232,95.27539062
09:42:55,912810TZ1,TSRYS5752098,D,S,T,2024-04-29,1000000.00,4.869916,95.328125
09:42:55,912810TZ1,TSRYS5752098,D,S,D,2024-04-29,1000000.00,4.869891,95.328425
09:42:55,912810TZ1,TSRYS5752098,D,S,C,2024-04-29,1000000.00,4.870875,95.31640625
09:43:00,912810TZ1,TSRYS5752098,D,S,C,2024-04-29,1000000.00,4.870555,95.3203125
09:43:00,912810TZ1,TSRYS5752098,D,S,D,2024-04-29,1000000.00,4.871195,95.3125
09:43:00,912810TZ1,TSRYS5752098,D,S,C,2024-04-29,1000000.00,4.870555,95.3203125
09:43:04,912810TZ1,TSRYS5752098,D,S,D,2024-04-29,1000000.00,4.870555,95.3203125
09:43:05,912810TZ1,TSRYS5752098,D,S,C,2024-04-29,1000000.00,4.871195,95.3125
09:43:11,912810TZ1,TSRYS5752098,D,S,C,2024-04-29,1000000.00,4.871195,95.3125
09:43:13,912810TZ1,TSRYS5752098,D,S,C,2024-04-29,1000000.00,4.870555,95.3203125
09:43:13,912810TZ1,TSRYS5752098,D,S,T,2024-04-29,1000000.00,4.870555,95.3203125
09:43:13,912810TZ1,TSRYS5752098,D,S,T,2024-04-29,1000000.00,4.870555,95.3203125
09:43:13,912810TZ1,TSRYS5752098,D,S,T,2024-04-29,1000000.00,4.871195,95.3125
09:43:13,912810TZ1,TSRYS5752098,D,S,D,2024-04-29,1000000.00,4.870875,95.31640625
09:43:19,912810TZ1,TSRYS5752098,D,B,C,2024-04-29,1000000.00,4.869596,95.33203125
09:43:19,912810TZ1,TSRYS5752098,D,S,D,2024-04-29,1000000.00,4.869596,95.33203125
09:43:21,912810TZ1,TSRYS5752098,D,S,C,2024-04-29,1000000.00,4.871514,95.30859375
09:43:22,912810TZ1,TSRYS5752098,D,S,C,2024-04-29,1000000.00,4.870555,95.3203125
09:43:22,912810TZ1,TSRYS5752098,D,S,D,2024-04-29,1000000.00,4.869916,95.328125
09:43:27,912810TZ1,TSRYS5752098,D,S,C,2024-04-29,1000000.00,4.868638,95.34375
09:43:27,912810TZ1,TSRYS5752098,D,S,C,2024-04-29,1000000.00,4.868638,95.34375
09:43:31,912810TZ1,TSRYS5752098,D,S,T,2024-04-29,1000000.00,4.870555,95.3203125
09:43:33,912810TZ1,TSRYS5752098,D,S,D,2024-04-29,1000000.00,4.871195,95.3125
09:43:36,912810TZ1,TSRYS5752098,D,S,T,2024-04-29,1000000.00,4.870555,95.3203125
09:43:37,912810TZ1,TSRYS5752098,D,S,D,2024-04-29,1000000.00,4.871195,95.3125
09:43:45,912810TZ1,TSRYS5752098,D,S,T,2024-04-29,1000000.00,4.871514,95.30859375
09:43:45,912810TZ1,TSRYS5752098,D,S,T,2024-04-29,1000000.00,4.870555,95.3203125
09:43:45,912810TZ1,TSRYS5752098,D,S,T,2024-04-29,1000000.00,4.869916,95.328125
09:43:47,912810TZ1,TSRYS5752098,D,S,T,2024-04-29,1000000.00,4.868638,95.34375
09:43:49,912810TZ1,TSRYS5752098,D,S,D,2024-04-29,1000000.00,4.869596,95.33203125
09:43:49,912810TZ1,TSRYS5752098,D,S,C,2024-04-29,1000000.00,4.868638,95.34375
09:43:49,912810TZ1,TSRYS5752098,D,S,D,2024-04-29,1000000.00,4.868638,95.34375
09:43:49,912810TZ1,TSRYS5752098,D,S,T,2024-04-29,1000000.00,4.868638,95.34375
09:43:51,912810TZ1,TSRYS5752098,D,S,T,2024-04-29,1000000.00,4.86865,95.3436
09:43:52,912810TZ1,TSRYS5752098,D,S,T,2024-04-29,1000000.00,4.86865,95.3436
09:44:19,912810TZ1,TSRYS5752098,D,S,T,2024-04-29,1000000.00,4.872484,95.296745
09:44:20,912810TZ1,TSRYS5752098,D,B,C,2024-04-29,1000000.00,4.871203,95.3124
09:44:20,912810TZ1,TSRYS5752098,D,S,D,2024-04-29,1000000.00,4.871195,95.3125
09:44:24,912810TZ1,TSRYS5752098,D,B,C,2024-04-29,2000000.00,4.870715,95.318359375
09:44:24,912810TZ1,TSRYS5752098,D,S,D,2024-04-29,2000000.00,4.870715,95.318359375
09:44:25,912810TZ1,TSRYS5752098,D,S,A,2024-04-29,50MM+,4.869916,95.328125
09:44:31,912810TZ1,TSRYS5752098,D,S,D,2024-04-29,1000000.00,4.869916,95.328125
09:44:50,912810TZ1,TSRYS5752098,D,S,C,2024-04-29,1000000.00,4.872474,95.296875
09:45:03,912810TZ1,TSRYS5752098,D,S,D,2024-04-29,220000.00,4.873753,95.28125
09:45:07,912810TZ1,TSRYS5752098,D,S,C,2024-04-29,4320000.00,4.872503,95.296875
09:45:07,912810TZ1,TSRYS5752098,D,S,C,2024-04-29,130000.00,4.872793,95.29296875
09:45:11,912810TZ1,TSRYS5752098,D,S,D,2024-04-29,220000.00,4.873753,95.28125
09:45:25,912810TZ1,TSRYS5752098,D,S,D,2024-04-29,1000000.00,4.872474,95.296875
09:45:34,912810TZ1,TSRYS5752098,D,S,T,2024-04-29,1000000.00,4.871205,95.31237
09:45:45,912810TZ1,TSRYS5752098,D,B,C,2024-04-29,2000000.00,4.869916,95.328125
09:45:45,912810TZ1,TSRYS5752098,D,S,D,2024-04-29,2000000.00,4.869916,95.328125
09:45:45,912810TZ1,TSRYS5752098,D,B,C,2024-04-29,1000000.00,4.870395,95.322265625
09:45:45,912810TZ1,TSRYS5752098,D,S,D,2024-04-29,1000000.00,4.870395,95.322265625
09:45:55,912810TZ1,TSRYS5752098,D,S,D,2024-04-29,1000000.00,4.871514,95.30859375
09:45:57,912810TZ1,TSRYS5752098,D,S,C,2024-04-29,1000000.00,4.872154,95.30078125
09:46:07,912810TZ1,TSRYS5752098,D,S,C,2024-04-29,1000000.00,4.871514,95.30859375
09:46:16,912810TZ1,TSRYS5752098,D,B,C,2024-04-29,1000000.00,4.870875,95.31640625
09:46:16,912810TZ1,TSRYS5752098,D,S,D,2024-04-29,1000000.00,4.870875,95.31640625
09:46:20,912810TZ1,TSRYS5752098,D,S,C,2024-04-29,1000000.00,4.871195,95.3125
09:46:20,912810TZ1,TSRYS5752098,D,S,D,2024-04-29,1000000.00,4.871195,95.3125
09:46:20,912810TZ1,TSRYS5752098,D,B,C,2024-04-29,1000000.00,4.871195,95.3125
09:46:20,912810TZ1,TSRYS5752098,D,S,D,2024-04-29,1000000.00,4.869916,95.328125
09:46:20,912810TZ1,TSRYS5752098,D,B,C,2024-04-29,1000000.00,4.869916,95.328125
09:46:20,912810TZ1,TSRYS5752098,D,B,C,2024-04-29,1000000.00,4.869916,95.328125
09:46:20,912810TZ1,TSRYS5752098,D,S,D,2024-04-29,1000000.00,4.869916,95.328125
09:46:23,912810TZ1,TSRYS5752098,D,S,D,2024-04-29,50MM+,4.876312,95.25
09:46:23,912810TZ1,TSRYS5752098,D,S,T,2024-04-29,1000000.00,4.871514,95.30859375
09:46:23,912810TZ1,TSRYS5752098,D,S,T,2024-04-29,1000000.00,4.872154,95.30078125
09:46:23,912810TZ1,TSRYS5752098,D,S,T,2024-04-29,1000000.00,4.871514,95.30859375
09:46:24,912810TZ1,TSRYS5752098,D,S,D,2024-04-29,1000000.00,4.871514,95.30859375
09:46:27,912810TZ1,TSRYS5752098,D,S,C,2024-04-29,260000.00,4.872154,95.30078125
09:46:31,912810TZ1,TSRYS5752098,D,S,C,2024-04-29,1000000.00,4.871514,95.30859375
09:46:35,912810TZ1,TSRYS5752098,D,B,C,2024-04-29,1000000.00,4.871195,95.3125
09:46:35,912810TZ1,TSRYS5752098,D,S,D,2024-04-29,1000000.00,4.871195,95.3125
09:46:39,912810TZ1,TSRYS5752098,D,B,C,2024-04-29,2000000.00,4.872474,95.296875
09:46:39,912810TZ1,TSRYS5752098,D,S,D,2024-04-29,2000000.00,4.872474,95.296875
09:46:43,912810TZ1,TSRYS5752098,D,S,C,2024-04-29,1000000.00,4.875512,95.259765625
09:46:44,912810TZ1,TSRYS5752098,D,S,C,2024-04-29,2000000.00,4.875992,95.25390625
09:46:46,912810TZ1,TSRYS5752098,D,S,T,2024-04-29,1000000.00,4.871514,95.30859375
09:46:46,912810TZ1,TSRYS5752098,D,S,T,2024-04-29,1000000.00,4.871514,95.30859375
09:46:47,912810TZ1,TSRYS5752098,D,S,T,2024-04-29,1000000.00,4.875512,95.259765625
09:46:49,912810TZ1,TSRYS5752098,D,S,T,2024-04-29,2000000.00,4.875992,95.25390625
09:46:49,912810TZ1,TSRYS5752098,D,S,C,2024-04-29,1000000.00,4.872474,95.296875
09:46:49,912810TZ1,TSRYS5752098,D,B,C,2024-04-29,1000000.00,4.872488,95.2967
09:46:50,912810TZ1,TSRYS5752098,D,B,C,2024-04-29,1000000.00,4.875512,95.259765625
09:46:51,912810TZ1,TSRYS5752098,D,S,D,2024-04-29,1000000.00,4.875512,95.259765625
09:46:55,912810TZ1,TSRYS5752098,D,B,C,2024-04-29,2000000.00,4.875032,95.265625
09:46:55,912810TZ1,TSRYS5752098,D,S,D,2024-04-29,2000000.00,4.875032,95.265625
09:46:55,912810TZ1,TSRYS5752098,D,B,C,2024-04-29,1000000.00,4.874401,95.2733375
09:46:55,912810TZ1,TSRYS5752098,D,S,D,2024-04-29,1000000.00,4.874392,95.2734375
09:46:56,912810TZ1,TSRYS5752098,D,B,C,2024-04-29,1000000.00,4.875352,95.26171875
09:46:56,912810TZ1,TSRYS5752098,D,S,D,2024-04-29,1000000.00,4.875352,95.26171875
09:46:56,912810TZ1,TSRYS5752098,D,S,D,2024-04-29,1000000.00,4.875672,95.2578125
09:46:56,912810TZ1,TSRYS5752098,D,S,D,2024-04-29,1000000.00,4.875672,95.2578125
09:47:00,912810TZ1,TSRYS5752098,D,S,T,2024-04-29,1000000.00,4.875032,95.265625
09:47:02,912810TZ1,TSRYS5752098,D,B,C,2024-04-29,1000000.00,4.875672,95.2578125
09:47:02,912810TZ1,TSRYS5752098,D,S,C,2024-04-29,1000000.00,4.875672,95.2578125
09:47:03,912810TZ1,TSRYS5752098,D,S,D,2024-04-29,1000000.00,4.875672,95.2578125
09:47:03,912810TZ1,TSRYS5752098,D,S,C,2024-04-29,1000000.00,4.875672,95.2578125
09:47:03,912810TZ1,TSRYS5752098,D,S,D,2024-04-29,1000000.00,4.875672,95.2578125
09:47:04,912810TZ1,TSRYS5752098,D,B,C,2024-04-29,1000000.00,4.871195,95.3125
09:47:04,912810TZ1,TSRYS5752098,D,B,C,2024-04-29,1000000.00,4.871195,95.3125
09:47:04,912810TZ1,TSRYS5752098,D,S,D,2024-04-29,1000000.00,4.871195,95.3125
09:47:04,912810TZ1,TSRYS5752098,D,S,D,2024-04-29,1000000.00,4.871195,95.3125
09:47:07,912810TZ1,TSRYS5752098,D,S,D,2024-04-29,1000000.00,4.875032,95.265625
09:47:07,912810TZ1,TSRYS5752098,D,S,C,2024-04-29,1000000.00,4.877272,95.23828125
09:47:07,912810TZ1,TSRYS5752098,D,S,C,2024-04-29,1000000.00,4.877272,95.23828125
09:47:07,912810TZ1,TSRYS5752098,D,S,C,2024-04-29,1000000.00,4.877272,95.23828125
09:47:07,912810TZ1,TSRYS5752098,D,S,C,2024-04-29,1000000.00,4.877272,95.23828125
09:47:08,912810TZ1,TSRYS5752098,D,S,C,2024-04-29,1000000.00,4.877272,95.23828125
09:47:08,912810TZ1,TSRYS5752098,D,S,C,2024-04-29,1000000.00,4.877272,95.23828125
09:47:11,912810TZ1,TSRYS5752098,D,S,T,2024-04-29,1000000.00,4.875032,95.265625
09:47:12,912810TZ1,TSRYS5752098,D,S,T,2024-04-29,1000000.00,4.875032,95.265625
09:47:13,912810TZ1,TSRYS5752098,D,S,C,2024-04-29,1000000.00,4.877272,95.23828125
09:47:23,912810TZ1,TSRYS5752098,D,S,T,2024-04-29,1000000.00,4.875672,95.2578125
09:47:23,912810TZ1,TSRYS5752098,D,S,T,2024-04-29,1000000.00,4.875672,95.2578125
09:47:23,912810TZ1,TSRYS5752098,D,S,T,2024-04-29,1000000.00,4.875672,95.2578125
09:47:23,912810TZ1,TSRYS5752098,D,S,D,2024-04-29,1000000.00,4.875032,95.265625
09:47:23,912810TZ1,TSRYS5752098,D,S,T,2024-04-29,1000000.00,4.875672,95.2578125
09:47:25,912810TZ1,TSRYS5752098,D,S,T,2024-04-29,1000000.00,4.875032,95.265625
09:47:28,912810TZ1,TSRYS5752098,D,B,C,2024-04-29,1600000.00,4.873753,95.28125
09:47:29,912810TZ1,TSRYS5752098,D,S,T,2024-04-29,1000000.00,4.875697,95.2575125
09:47:36,912810TZ1,TSRYS5752098,D,B,C,2024-04-29,1000000.00,4.875047,95.26545
09:47:36,912810TZ1,TSRYS5752098,D,S,D,2024-04-29,1000000.00,4.875032,95.265625
09:47:36,912810TZ1,TSRYS5752098,D,S,D,2024-04-29,1000000.00,4.875032,95.265625
09:47:45,912810TZ1,TSRYS5752098,D,S,C,2024-04-29,1000000.00,4.876312,95.25
09:47:49,912810TZ1,TSRYS5752098,D,B,C,2024-04-29,1200000.00,4.875032,95.265625
09:47:50,912810TZ1,TSRYS5752098,D,B,C,2024-04-29,1000000.00,4.875032,95.265625
09:47:50,912810TZ1,TSRYS5752098,D,S,D,2024-04-29,1000000.00,4.875032,95.265625
09:47:51,912810TZ1,TSRYS5752098,D,S,D,2024-04-29,1000000.00,4.875032,95.265625
09:47:51,912810TZ1,TSRYS5752098,D,B,C,2024-04-29,1000000.00,4.875032,95.265625
09:47:51,912810TZ1,TSRYS5752098,D,S,D,2024-04-29,1000000.00,4.875032,95.265625
09:47:51,912810TZ1,TSRYS5752098,D,S,D,2024-04-29,1000000.00,4.875032,95.265625
09:47:51,912810TZ1,TSRYS5752098,D,S,C,2024-04-29,2000000.00,4.876632,95.24609375
09:47:51,912810TZ1,TSRYS5752098,D,B,C,2024-04-29,2000000.00,4.876632,95.24609375
09:47:52,912810TZ1,TSRYS5752098,D,S,D,2024-04-29,10000000.00,4.875668,95.25786
09:47:58,912810TZ1,TSRYS5752098,D,S,T,2024-04-29,1000000.00,4.876312,95.25
09:47:58,912810TZ1,TSRYS5752098,D,S,T,2024-04-29,1000000.00,4.876312,95.25
09:47:58,912810TZ1,TSRYS5752098,D,S,T,2024-04-29,1000000.00,4.876312,95.25
09:47:58,912810TZ1,TSRYS5752098,D,S,T,2024-04-29,1000000.00,4.876312,95.25
09:47:58,912810TZ1,TSRYS5752098,D,S,T,2024-04-29,1000000.00,4.876312,95.25
09:47:58,912810TZ1,TSRYS5752098,D,S,T,2024-04-29,1000000.00,4.876312,95.25
09:47:58,912810TZ1,TSRYS5752098,D,S,T,2024-04-29,1000000.00,4.876312,95.25
09:47:58,912810TZ1,TSRYS5752098,D,S,T,2024-04-29,1000000.00,4.876312,95.25
09:47:58,912810TZ1,TSRYS5752098,D,S,T,2024-04-29,1000000.00,4.876312,95.25
09:47:58,912810TZ1,TSRYS5752098,D,S,T,2024-04-29,1000000.00,4.876312,95.25
09:47:58,912810TZ1,TSRYS5752098,D,S,T,2024-04-29,1000000.00,4.876312,95.25
09:47:58,912810TZ1,TSRYS5752098,D,S,T,2024-04-29,1000000.00,4.876312,95.25
09:47:58,912810TZ1,TSRYS5752098,D,S,T,2024-04-29,1000000.00,4.876312,95.25
09:47:58,912810TZ1,TSRYS5752098,D,S,T,2024-04-29,2000000.00,4.876312,95.25
09:48:03,912810TZ1,TSRYS5752098,D,S,T,2024-04-29,1000000.00,4.876312,95.25
09:48:03,912810TZ1,TSRYS5752098,D,S,T,2024-04-29,1000000.00,4.876312,95.25
09:48:06,912810TZ1,TSRYS5752098,D,B,C,2024-04-29,1000000.00,4.877592,95.234375
09:48:06,912810TZ1,TSRYS5752098,D,S,D,2024-04-29,1000000.00,4.877592,95.234375
09:48:06,912810TZ1,TSRYS5752098,D,S,D,2024-04-29,1000000.00,4.877592,95.234375
09:48:06,912810TZ1,TSRYS5752098,D,B,C,2024-04-29,1000000.00,4.877592,95.234375
09:48:10,912810TZ1,TSRYS5752098,D,S,T,2024-04-29,2000000.00,4.876312,95.25
09:48:10,912810TZ1,TSRYS5752098,D,S,T,2024-04-29,1000000.00,4.876312,95.25
09:48:10,912810TZ1,TSRYS5752098,D,S,T,2024-04-29,1000000.00,4.876312,95.25
09:48:10,912810TZ1,TSRYS5752098,D,S,T,2024-04-29,1000000.00,4.876312,95.25
09:48:10,912810TZ1,TSRYS5752098,D,S,T,2024-04-29,1000000.00,4.876312,95.25
09:48:15,912810TZ1,TSRYS5752098,D,S,D,2024-04-29,1000000.00,4.877272,95.23828125
09:48:20,912810TZ1,TSRYS5752098,D,B,C,2024-04-29,1000000.00,4.875032,95.265625
09:48:20,912810TZ1,TSRYS5752098,D,S,D,2024-04-29,1000000.00,4.875032,95.265625
09:48:20,912810TZ1,TSRYS5752098,D,B,C,2024-04-29,1000000.00,4.875032,95.265625
09:48:20,912810TZ1,TSRYS5752098,D,S,D,2024-04-29,1000000.00,4.875032,95.265625
09:48:20,912810TZ1,TSRYS5752098,D,S,D,2024-04-29,1000000.00,4.875032,95.265625
09:48:20,912810TZ1,TSRYS5752098,D,B,C,2024-04-29,1000000.00,4.875047,95.26545
09:48:21,912810TZ1,TSRYS5752098,D,S,C,2024-04-29,1000000.00,4.876312,95.25
09:48:21,912810TZ1,TSRYS5752098,D,S,D,2024-04-29,1000000.00,4.876312,95.25
09:48:21,912810TZ1,TSRYS5752098,D,S,C,2024-04-29,1000000.00,4.876312,95.25
09:48:21,912810TZ1,TSRYS5752098,D,S,D,2024-04-29,1000000.00,4.876312,95.25
09:48:21,912810TZ1,TSRYS5752098,D,S,C,2024-04-29,1000000.00,4.876296,95.2502
09:48:21,912810TZ1,TSRYS5752098,D,S,C,2024-04-29,1000000.00,4.876312,95.25
09:48:27,912810TZ1,TSRYS5752098,D,S,D,2024-04-29,1000000.00,4.877272,95.23828125
09:48:38,912810TZ1,TSRYS5752098,D,S,C,2024-04-29,1000000.00,4.876312,95.25
09:48:38,912810TZ1,TSRYS5752098,D,S,D,2024-04-29,1000000.00,4.876312,95.25
09:48:38,912810TZ1,TSRYS5752098,D,S,C,2024-04-29,1000000.00,4.876312,95.25
09:48:38,912810TZ1,TSRYS5752098,D,S,C,2024-04-29,1000000.00,4.876312,95.25
09:48:38,912810TZ1,TSRYS5752098,D,S,C,2024-04-29,2000000.00,4.876312,95.25
09:48:38,912810TZ1,TSRYS5752098,D,S,D,2024-04-29,1000000.00,4.876312,95.25
09:48:38,912810TZ1,TSRYS5752098,D,S,C,2024-04-29,1000000.00,4.876312,95.25
09:48:38,912810TZ1,TSRYS5752098,D,S,D,2024-04-29,1000000.00,4.876312,95.25
09:48:38,912810TZ1,TSRYS5752098,D,S,D,2024-04-29,1000000.00,4.876312,95.25
09:48:38,912810TZ1,TSRYS5752098,D,S,D,2024-04-29,1000000.00,4.876312,95.25
09:48:38,912810TZ1,TSRYS5752098,D,S,D,2024-04-29,1000000.00,4.876312,95.25
09:48:38,912810TZ1,TSRYS5752098,D,S,C,2024-04-29,2000000.00,4.876312,95.25
09:48:38,912810TZ1,TSRYS5752098,D,S,C,2024-04-29,1000000.00,4.876312,95.25
09:48:38,912810TZ1,TSRYS5752098,D,S,C,2024-04-29,1000000.00,4.876312,95.25
09:48:40,912810TZ1,TSRYS5752098,D,S,D,2024-04-29,1000000.00,4.877272,95.23828125
09:48:52,912810TZ1,TSRYS5752098,D,S,D,2024-04-29,1000000.00,4.877272,95.23828125
09:49:07,912810TZ1,TSRYS5752098,D,S,D,2024-04-29,1000000.00,4.877272,95.23828125
09:49:13,912810TZ1,TSRYS5752098,D,S,C,2024-04-29,1000000.00,4.877272,95.23828125
09:49:21,912810TZ1,TSRYS5752098,D,S,D,2024-04-29,1000000.00,4.877272,95.23828125
09:49:22,912810TZ1,TSRYS5752098,D,S,T,2024-04-29,1000000.00,4.877272,95.23828125
09:49:35,912810TZ1,TSRYS5752098,D,S,C,2024-04-29,1000000.00,4.877432,95.23632812
09:50:00,912810TZ1,TSRYS5752098,D,S,C,2024-04-29,1000000.00,4.876312,95.25
09:50:03,912810TZ1,TSRYS5752098,D,S,D,2024-04-29,205000.00,4.876312,95.25
09:50:03,912810TZ1,TSRYS5752098,D,S,D,2024-04-29,205000.00,4.876312,95.25
09:50:13,912810TZ1,TSRYS5752098,D,S,D,2024-04-29,220000.00,4.877592,95.234375
09:50:15,912810TZ1,TSRYS5752098,D,S,D,2024-04-29,220000.00,4.877592,95.234375
09:50:19,912810TZ1,TSRYS5752098,D,S,D,2024-04-29,1000000.00,4.876312,95.25
09:51:01,912810TZ1,TSRYS5752098,D,S,T,2024-04-29,1000000.00,4.874392,95.2734375
09:51:01,912810TZ1,TSRYS5752098,D,S,D,2024-04-29,1000000.00,4.874368,95.2737375
09:51:13,912810TZ1,TSRYS5752098,D,S,A,2024-04-29,28000.00,4.873814,95.2805
09:51:23,912810TZ1,TSRYS5752098,D,S,D,2024-04-29,1000000.00,4.875032,95.265625
09:51:57,912810TZ1,TSRYS5752098,D,S,D,2024-04-29,850000.00,4.873753,95.28125
