tradeTime,cusip,issueSymbolIdentifier,priceType,reportingSideCode,contraPartyTypeCode,tradeDate,reportedTradeVolume,lastSaleYield,lastSalePrice
08:00:05,912810TZ1,TSRYS5752098,D,S,D,2024-04-01,1100000.00,4.470959,100.375
08:00:06,912810TZ1,TSRYS5752098,D,S,C,2024-04-01,1000000.00,4.472598,100.353515625
08:00:06,912810TZ1,TSRYS5752098,D,S,C,2024-04-01,1000000.00,4.470661,100.37890625
08:00:06,912810TZ1,TSRYS5752098,D,S,C,2024-04-01,1000000.00,4.470661,100.37890625
08:00:06,912810TZ1,TSRYS5752098,D,S,T,2024-04-01,1000000.00,4.452961,100.611328125
08:00:06,912810TZ1,TSRYS5752098,D,S,T,2024-04-01,1000000.00,4.470065,100.38671875
08:00:06,912810TZ1,TSRYS5752098,D,S,D,2024-04-01,1000000.00,4.473343,100.34375
08:00:06,912810TZ1,TSRYS5752098,D,S,D,2024-04-01,1000000.00,4.473343,100.34375
08:00:08,912810TZ1,TSRYS5752098,D,B,C,2024-04-01,3000000.00,4.469798,100.390225
08:00:08,912810TZ1,TSRYS5752098,D,S,D,2024-04-01,34000.00,4.46947,100.39453125
08:00:09,912810TZ1,TSRYS5752098,D,B,A,2024-04-01,220000.00,4.476623,100.30078125
08:00:12,912810TZ1,TSRYS5752098,D,S,T,2024-04-01,1000000.00,4.47394,100.3359375
08:00:14,912810TZ1,TSRYS5752098,D,S,D,2024-04-01,1000000.00,4.475728,100.3125
08:00:15,912810TZ1,TSRYS5752098,D,S,D,2024-04-01,1000000.00,4.475132,100.3203125
08:00:15,912810TZ1,TSRYS5752098,D,S,D,2024-04-01,1000000.00,4.475132,100.3203125
08:00:15,912810TZ1,TSRYS5752098,D,S,D,2024-04-01,1000000.00,4.474834,100.32421875
08:00:16,912810TZ1,TSRYS5752098,D,S,D,2024-04-01,1000000.00,4.473641,100.33984375
08:00:16,912810TZ1,TSRYS5752098,D,S,D,2024-04-01,1000000.00,4.473343,100.34375
08:00:16,912810TZ1,TSRYS5752098,D,S,D,2024-04-01,1000000.00,4.473343,100.34375
08:00:16,912810TZ1,TSRYS5752098,D,S,D,2024-04-01,1000000.00,4.475132,100.3203125
08:00:16,912810TZ1,TSRYS5752098,D,S,D,2024-04-01,1000000.00,4.473641,100.33984375
08:00:26,912810TZ1,TSRYS5752098,D,S,T,2024-04-01,1000000.00,4.468576,100.40625
08:00:26,912810TZ1,TSRYS5752098,D,S,D,2024-04-01,1000000.00,4.468576,100.40625
08:00:26,912810TZ1,TSRYS5752098,D,S,D,2024-04-01,1000000.00,4.466789,100.4296875
08:00:26,912810TZ1,TSRYS5752098,D,S,T,2024-04-01,1000000.00,4.470959,100.375
08:00:26,912810TZ1,TSRYS5752098,D,S,T,2024-04-01,1000000.00,4.469172,100.3984375
08:00:26,912810TZ1,TSRYS5752098,D,S,D,2024-04-01,1000000.00,4.473343,100.34375
08:00:27,912810TZ1,TSRYS5752098,D,S,T,2024-04-01,1000000.00,4.476474,100.302734375
08:00:28,912810TZ1,TSRYS5752098,D,S,D,2024-04-01,1000000.00,4.475728,100.3125
08:00:28,912810TZ1,TSRYS5752098,D,S,T,2024-04-01,1000000.00,4.475132,100.3203125
08:00:28,912810TZ1,TSRYS5752098,D,S,T,2024-04-01,1000000.00,4.476176,100.306640625
08:00:28,912810TZ1,TSRYS5752098,D,S,D,2024-04-01,1000000.00,4.474834,100.32421875
08:00:29,912810TZ1,TSRYS5752098,D,S,T,2024-04-01,1000000.00,4.475728,100.3125
08:00:29,912810TZ1,TSRYS5752098,D,S,T,2024-04-01,1000000.00,4.47543,100.31640625
08:00:29,912810TZ1,TSRYS5752098,D,S,T,2024-04-01,1000000.00,4.472151,100.359375
08:00:30,912810TZ1,TSRYS5752098,D,S,D,2024-04-01,1000000.00,4.45608,100.5703125
08:00:30,912810TZ1,TSRYS5752098,D,S,D,2024-04-01,1000000.00,4.465003,100.453125
08:00:30,912810TZ1,TSRYS5752098,D,S,D,2024-04-01,1000000.00,4.468576,100.40625
08:00:30,912810TZ1,TSRYS5752098,D,S,D,2024-04-01,1000000.00,4.468576,100.40625
08:00:30,912810TZ1,TSRYS5752098,D,S,D,2024-04-01,1000000.00,4.469172,100.3984375
08:00:30,912810TZ1,TSRYS5752098,D,S,D,2024-04-01,1000000.00,4.469172,100.3984375
08:00:30,912810TZ1,TSRYS5752098,D,S,D,2024-04-01,1000000.00,4.470363,100.3828125
08:00:30,912810TZ1,TSRYS5752098,D,S,D,2024-04-01,1000000.00,4.473343,100.34375
08:00:30,912810TZ1,TSRYS5752098,D,S,D,2024-04-01,1000000.00,4.473343,100.34375
08:00:30,912810TZ1,TSRYS5752098,D,S,D,2024-04-01,1000000.00,4.473343,100.34375
08:00:30,912810TZ1,TSRYS5752098,D,S,D,2024-04-01,1000000.00,4.473343,100.34375
08:00:30,912810TZ1,TSRYS5752098,D,S,D,2024-04-01,1000000.00,4.473343,100.34375
08:00:30,912810TZ1,TSRYS5752098,D,S,D,2024-04-01,1000000.00,4.474834,100.32421875
08:00:33,912810TZ1,TSRYS5752098,D,S,T,2024-04-01,1000000.00,4.45608,100.5703125
08:00:33,912810TZ1,TSRYS5752098,D,S,T,2024-04-01,1000000.00,4.465003,100.453125
08:00:33,912810TZ1,TSRYS5752098,D,S,T,2024-04-01,1000000.00,4.468725,100.404296875
08:00:33,912810TZ1,TSRYS5752098,D,S,T,2024-04-01,1000000.00,4.469172,100.3984375
08:00:33,912810TZ1,TSRYS5752098,D,S,T,2024-04-01,1000000.00,4.469172,100.3984375
08:00:33,912810TZ1,TSRYS5752098,D,S,T,2024-04-01,1000000.00,4.470363,100.3828125
08:00:33,912810TZ1,TSRYS5752098,D,S,T,2024-04-01,1000000.00,4.473343,100.34375
08:00:33,912810TZ1,TSRYS5752098,D,S,T,2024-04-01,1000000.00,4.473343,100.34375
08:00:33,912810TZ1,TSRYS5752098,D,S,D,2024-04-01,1000000.00,4.473343,100.34375
08:00:33,912810TZ1,TSRYS5752098,D,S,T,2024-04-01,1000000.00,4.473343,100.34375
08:00:33,912810TZ1,TSRYS5752098,D,S,D,2024-04-01,1000000.00,4.472896,100.349609375
08:00:33,912810TZ1,TSRYS5752098,D,S,T,2024-04-01,1000000.00,4.472747,100.3515625
08:00:33,912810TZ1,TSRYS5752098,D,S,D,2024-04-01,1000000.00,4.472747,100.3515625
08:00:33,912810TZ1,TSRYS5752098,D,S,D,2024-04-01,1000000.00,4.472747,100.3515625
08:00:33,912810TZ1,TSRYS5752098,D,S,D,2024-04-01,1000000.00,4.472747,100.3515625
08:00:33,912810TZ1,TSRYS5752098,D,S,D,2024-04-01,1000000.00,4.473343,100.34375
08:00:33,912810TZ1,TSRYS5752098,D,S,D,2024-04-01,1000000.00,4.473343,100.34375
08:00:33,912810TZ1,TSRYS5752098,D,S,D,2024-04-01,1000000.00,4.473343,100.34375
08:00:33,912810TZ1,TSRYS5752098,D,S,D,2024-04-01,1000000.00,4.473343,100.34375
08:00:33,912810TZ1,TSRYS5752098,D,S,D,2024-04-01,1000000.00,4.475132,100.3203125
08:00:33,912810TZ1,TSRYS5752098,D,S,D,2024-04-01,1000000.00,4.475132,100.3203125
08:00:33,912810TZ1,TSRYS5752098,D,S,D,2024-04-01,1000000.00,4.475132,100.3203125
08:00:33,912810TZ1,TSRYS5752098,D,S,D,2024-04-01,1000000.00,4.474536,100.328125
08:00:33,912810TZ1,TSRYS5752098,D,S,D,2024-04-01,1000000.00,4.474536,100.328125
08:00:33,912810TZ1,TSRYS5752098,D,S,T,2024-04-01,1000000.00,4.474536,100.328125
08:00:33,912810TZ1,TSRYS5752098,D,S,D,2024-04-01,1000000.00,4.474536,100.328125
08:00:33,912810TZ1,TSRYS5752098,D,S,T,2024-04-01,1000000.00,4.472896,100.349609375
08:00:33,912810TZ1,TSRYS5752098,D,S,T,2024-04-01,1000000.00,4.45608,100.5703125
08:00:33,912810TZ1,TSRYS5752098,D,S,T,2024-04-01,1000000.00,4.465003,100.453125
08:00:33,912810TZ1,TSRYS5752098,D,S,T,2024-04-01,1000000.00,4.464557,100.458984375
08:00:33,912810TZ1,TSRYS5752098,D,S,T,2024-04-01,1000000.00,4.465003,100.453125
08:00:33,912810TZ1,TSRYS5752098,D,S,D,2024-04-01,1000000.00,4.468576,100.40625
08:00:33,912810TZ1,TSRYS5752098,D,S,T,2024-04-01,1000000.00,4.468129,100.412109375
08:00:33,912810TZ1,TSRYS5752098,D,S,D,2024-04-01,1000000.00,4.468576,100.40625
08:00:33,912810TZ1,TSRYS5752098,D,S,T,2024-04-01,1000000.00,4.467831,100.416015625
08:00:33,912810TZ1,TSRYS5752098,D,S,T,2024-04-01,1000000.00,4.469767,100.390625
08:00:33,912810TZ1,TSRYS5752098,D,S,D,2024-04-01,1000000.00,4.470065,100.38671875
08:00:33,912810TZ1,TSRYS5752098,D,S,T,2024-04-01,1000000.00,4.471108,100.373046875
08:00:33,912810TZ1,TSRYS5752098,D,S,T,2024-04-01,1000000.00,4.467236,100.423828125
08:00:33,912810TZ1,TSRYS5752098,D,S,T,2024-04-01,1000000.00,4.468576,100.40625
08:00:33,912810TZ1,TSRYS5752098,D,S,T,2024-04-01,1000000.00,4.468576,100.40625
08:00:33,912810TZ1,TSRYS5752098,D,S,D,2024-04-01,1000000.00,4.468576,100.40625
08:00:33,912810TZ1,TSRYS5752098,D,S,T,2024-04-01,1000000.00,4.457418,100.552734375
08:00:33,912810TZ1,TSRYS5752098,D,S,T,2024-04-01,1000000.00,4.457864,100.546875
08:00:33,912810TZ1,TSRYS5752098,D,S,T,2024-04-01,1000000.00,4.455932,100.572265625
08:00:33,912810TZ1,TSRYS5752098,D,S,T,2024-04-01,1000000.00,4.455486,100.578125
08:00:33,912810TZ1,TSRYS5752098,D,S,T,2024-04-01,1000000.00,4.455486,100.578125
08:00:33,912810TZ1,TSRYS5752098,D,S,T,2024-04-01,1000000.00,4.456675,100.5625
08:00:33,912810TZ1,TSRYS5752098,D,S,T,2024-04-01,1000000.00,4.470959,100.375
08:00:33,912810TZ1,TSRYS5752098,D,S,T,2024-04-01,1000000.00,4.470959,100.375
08:00:33,912810TZ1,TSRYS5752098,D,S,T,2024-04-01,1000000.00,4.470959,100.375
08:00:33,912810TZ1,TSRYS5752098,D,S,T,2024-04-01,1000000.00,4.470363,100.3828125
08:00:33,912810TZ1,TSRYS5752098,D,S,T,2024-04-01,1000000.00,4.474536,100.328125
08:00:33,912810TZ1,TSRYS5752098,D,S,T,2024-04-01,1000000.00,4.473343,100.34375
08:00:33,912810TZ1,TSRYS5752098,D,S,T,2024-04-01,1000000.00,4.474685,100.326171875
08:00:33,912810TZ1,TSRYS5752098,D,S,T,2024-04-01,1000000.00,4.474685,100.326171875
08:00:33,912810TZ1,TSRYS5752098,D,S,D,2024-04-01,1000000.00,4.475132,100.3203125
08:00:33,912810TZ1,TSRYS5752098,D,S,T,2024-04-01,1000000.00,4.474536,100.328125
08:00:33,912810TZ1,TSRYS5752098,D,S,T,2024-04-01,1000000.00,4.474536,100.328125
08:00:33,912810TZ1,TSRYS5752098,D,S,T,2024-04-01,1000000.00,4.472151,100.359375
08:00:33,912810TZ1,TSRYS5752098,D,S,T,2024-04-01,1000000.00,4.472151,100.359375
08:00:33,912810TZ1,TSRYS5752098,D,B,C,2024-04-01,3000000.00,4.46947,100.39453125
08:00:33,912810TZ1,TSRYS5752098,D,S,C,2024-04-01,600000.00,4.451921,100.625
08:00:33,912810TZ1,TSRYS5752098,D,S,T,2024-04-01,2000000.00,4.474834,100.32421875
08:00:33,912810TZ1,TSRYS5752098,D,S,T,2024-04-01,1000000.00,4.475579,100.314453125
08:00:33,912810TZ1,TSRYS5752098,D,S,D,2024-04-01,1000000.00,4.475132,100.3203125
08:00:33,912810TZ1,TSRYS5752098,D,S,T,2024-04-01,1000000.00,4.473343,100.34375
08:00:33,912810TZ1,TSRYS5752098,D,S,T,2024-04-01,1000000.00,4.474834,100.32421875
08:00:33,912810TZ1,TSRYS5752098,D,S,T,2024-04-01,1000000.00,4.473343,100.34375
08:00:33,912810TZ1,TSRYS5752098,D,S,T,2024-04-01,3000000.00,4.475132,100.3203125
08:00:33,912810TZ1,TSRYS5752098,D,S,T,2024-04-01,1000000.00,4.476325,100.3046875
08:00:33,912810TZ1,TSRYS5752098,D,S,T,2024-04-01,1000000.00,4.476176,100.306640625
08:00:33,912810TZ1,TSRYS5752098,D,S,T,2024-04-01,1000000.00,4.475728,100.3125
08:00:33,912810TZ1,TSRYS5752098,D,S,T,2024-04-01,1000000.00,4.47543,100.31640625
08:00:33,912810TZ1,TSRYS5752098,D,S,T,2024-04-01,1000000.00,4.476176,100.306640625
08:00:33,912810TZ1,TSRYS5752098,D,S,T,2024-04-01,2000000.00,4.475132,100.3203125
08:00:33,912810TZ1,TSRYS5752098,D,S,T,2024-04-01,1000000.00,4.473343,100.34375
08:00:33,912810TZ1,TSRYS5752098,D,S,T,2024-04-01,1000000.00,4.473194,100.345703125
08:00:33,912810TZ1,TSRYS5752098,D,S,D,2024-04-01,1000000.00,4.473641,100.33984375
08:00:33,912810TZ1,TSRYS5752098,D,S,D,2024-04-01,1000000.00,4.475132,100.3203125
08:00:37,912810TZ1,TSRYS5752098,D,S,T,2024-04-01,1000000.00,4.472151,100.359375
08:00:37,912810TZ1,TSRYS5752098,D,S,T,2024-04-01,1000000.00,4.473343,100.34375
08:00:37,912810TZ1,TSRYS5752098,D,S,T,2024-04-01,1000000.00,4.472449,100.35546875
08:00:37,912810TZ1,TSRYS5752098,D,S,T,2024-04-01,1000000.00,4.472449,100.35546875
08:00:37,912810TZ1,TSRYS5752098,D,S,T,2024-04-01,1000000.00,4.472449,100.35546875
08:00:37,912810TZ1,TSRYS5752098,D,S,T,2024-04-01,1000000.00,4.474387,100.330078125
08:00:37,912810TZ1,TSRYS5752098,D,S,T,2024-04-01,1000000.00,4.473194,100.345703125
08:00:37,912810TZ1,TSRYS5752098,D,S,D,2024-04-01,1000000.00,4.473343,100.34375
08:00:37,912810TZ1,TSRYS5752098,D,S,D,2024-04-01,1000000.00,4.473343,100.34375
08:00:37,912810TZ1,TSRYS5752098,D,S,T,2024-04-01,1000000.00,4.472151,100.359375
08:00:37,912810TZ1,TSRYS5752098,D,S,T,2024-04-01,1000000.00,4.474536,100.328125
08:00:37,912810TZ1,TSRYS5752098,D,S,D,2024-04-01,1000000.00,4.475132,100.3203125
08:00:37,912810TZ1,TSRYS5752098,D,S,T,2024-04-01,1000000.00,4.474983,100.322265625
08:00:37,912810TZ1,TSRYS5752098,D,S,T,2024-04-01,1000000.00,4.474983,100.322265625
08:00:37,912810TZ1,TSRYS5752098,D,S,T,2024-04-01,6000000.00,4.474089,100.333984375
08:00:37,912810TZ1,TSRYS5752098,D,S,T,2024-04-01,2000000.00,4.474089,100.333984375
08:00:37,912810TZ1,TSRYS5752098,D,S,T,2024-04-01,1000000.00,4.474089,100.333984375
08:00:38,912810TZ1,TSRYS5752098,D,S,T,2024-04-01,1000000.00,4.473641,100.33984375
08:00:38,912810TZ1,TSRYS5752098,D,S,D,2024-04-01,3000000.00,4.471205,100.37149375
08:00:39,912810TZ1,TSRYS5752098,D,S,T,2024-04-01,1000000.00,4.473641,100.33984375
08:00:39,912810TZ1,TSRYS5752098,D,S,D,2024-04-01,1000000.00,4.473641,100.33984375
08:00:39,912810TZ1,TSRYS5752098,D,S,T,2024-04-01,1000000.00,4.473641,100.33984375
08:00:39,912810TZ1,TSRYS5752098,D,S,T,2024-04-01,1000000.00,4.473641,100.33984375
08:00:40,912810TZ1,TSRYS5752098,D,S,T,2024-04-01,1000000.00,4.47379,100.337890625
08:00:40,912810TZ1,TSRYS5752098,D,S,C,2024-04-01,3000000.00,4.471205,100.37149375
08:00:40,912810TZ1,TSRYS5752098,D,S,T,2024-04-01,1000000.00,4.474536,100.328125
08:00:41,912810TZ1,TSRYS5752098,D,S,T,2024-04-01,1000000.00,4.474983,100.322265625
08:00:41,912810TZ1,TSRYS5752098,D,S,T,2024-04-01,1000000.00,4.474685,100.326171875
08:00:42,912810TZ1,TSRYS5752098,D,S,T,2024-04-01,1000000.00,4.474089,100.333984375
08:00:42,912810TZ1,TSRYS5752098,D,S,T,2024-04-01,1000000.00,4.473343,100.34375
08:00:43,912810TZ1,TSRYS5752098,D,S,T,2024-04-01,1000000.00,4.473343,100.34375
08:00:43,912810TZ1,TSRYS5752098,D,S,T,2024-04-01,1000000.00,4.473343,100.34375
08:00:44,912810TZ1,TSRYS5752098,D,S,T,2024-04-01,1000000.00,4.469767,100.390625
08:00:44,912810TZ1,TSRYS5752098,D,S,T,2024-04-01,1000000.00,4.474536,100.328125
08:00:52,912810TZ1,TSRYS5752098,D,S,C,2024-04-01,10000.00,4.467451,100.471
08:00:53,912810TZ1,TSRYS5752098,D,S,C,2024-04-01,10000.00,4.467451,100.471
08:00:56,912810TZ1,TSRYS5752098,D,S,T,2024-04-01,1000000.00,4.474394,100.329978125
08:00:56,912810TZ1,TSRYS5752098,D,S,T,2024-04-01,1000000.00,4.476034,100.30849375
08:00:56,912810TZ1,TSRYS5752098,D,S,T,2024-04-01,1000000.00,4.472159,100.359275
08:00:56,912810TZ1,TSRYS5752098,D,S,T,2024-04-01,1000000.00,4.473343,100.34375
08:01:00,912810TZ1,TSRYS5752098,D,S,T,2024-04-01,1000000.00,4.449546,100.65625
08:01:02,912810TZ1,TSRYS5752098,D,S,A,2024-04-01,5000000.00,4.473336,100.34375
08:01:04,912810TZ1,TSRYS5752098,D,S,T,2024-04-01,1000000.00,4.455486,100.578125
08:01:06,912810TZ1,TSRYS5752098,D,S,D,2024-04-01,1000000.00,4.465003,100.453125
08:01:06,912810TZ1,TSRYS5752098,D,S,D,2024-04-01,1000000.00,4.45608,100.5703125
08:01:06,912810TZ1,TSRYS5752098,D,S,C,2024-04-01,1000000.00,4.468576,100.40625
08:01:06,912810TZ1,TSRYS5752098,D,S,C,2024-04-01,1000000.00,4.468576,100.40625
08:01:06,912810TZ1,TSRYS5752098,D,S,C,2024-04-01,1000000.00,4.468576,100.40625
08:01:06,912810TZ1,TSRYS5752098,D,S,C,2024-04-01,1000000.00,4.468576,100.40625
08:01:06,912810TZ1,TSRYS5752098,D,S,C,2024-04-01,1000000.00,4.468576,100.40625
08:01:06,912810TZ1,TSRYS5752098,D,B,C,2024-04-01,1000000.00,4.470661,100.37890625
08:01:06,912810TZ1,TSRYS5752098,D,S,C,2024-04-01,1000000.00,4.469172,100.3984375
08:01:06,912810TZ1,TSRYS5752098,D,S,C,2024-04-01,1000000.00,4.470661,100.37890625
08:01:06,912810TZ1,TSRYS5752098,D,S,C,2024-04-01,1000000.00,4.46798,100.4140625
08:01:06,912810TZ1,TSRYS5752098,D,S,C,2024-04-01,1000000.00,4.470065,100.38671875
08:01:07,912810TZ1,TSRYS5752098,D,S,C,2024-04-01,1000000.00,4.468576,100.40625
08:01:07,912810TZ1,TSRYS5752098,D,S,C,2024-04-01,1000000.00,4.46798,100.4140625
08:01:07,912810TZ1,TSRYS5752098,D,S,C,2024-04-01,1000000.00,4.466789,100.4296875
08:01:09,912810TZ1,TSRYS5752098,D,S,D,2024-04-01,1000000.00,4.459053,100.53125
08:01:09,912810TZ1,TSRYS5752098,D,S,D,2024-04-01,1000000.00,4.453109,100.609375
08:01:09,912810TZ1,TSRYS5752098,D,S,C,2024-04-01,1000000.00,4.471853,100.36328125
08:01:09,912810TZ1,TSRYS5752098,D,S,D,2024-04-01,1000000.00,4.470959,100.375
08:01:09,912810TZ1,TSRYS5752098,D,S,D,2024-04-01,1000000.00,4.469172,100.3984375
08:01:09,912810TZ1,TSRYS5752098,D,S,D,2024-04-01,1000000.00,4.470363,100.3828125
08:01:09,912810TZ1,TSRYS5752098,D,S,D,2024-04-01,1000000.00,4.475728,100.3125
08:01:10,912810TZ1,TSRYS5752098,D,S,C,2024-04-01,1000000.00,4.475132,100.3203125
08:01:10,912810TZ1,TSRYS5752098,D,S,D,2024-04-01,1000000.00,4.473343,100.34375
08:01:10,912810TZ1,TSRYS5752098,D,S,D,2024-04-01,1000000.00,4.473343,100.34375
08:01:10,912810TZ1,TSRYS5752098,D,S,D,2024-04-01,1000000.00,4.473343,100.34375
08:01:10,912810TZ1,TSRYS5752098,D,S,D,2024-04-01,1000000.00,4.472747,100.3515625
08:01:10,912810TZ1,TSRYS5752098,D,B,C,2024-04-01,1000000.00,4.472747,100.3515625
08:01:10,912810TZ1,TSRYS5752098,D,S,D,2024-04-01,1000000.00,4.475132,100.3203125
08:01:10,912810TZ1,TSRYS5752098,D,B,C,2024-04-01,1000000.00,4.475132,100.3203125
08:01:10,912810TZ1,TSRYS5752098,D,S,D,2024-04-01,1000000.00,4.475132,100.3203125
08:01:10,912810TZ1,TSRYS5752098,D,B,C,2024-04-01,1000000.00,4.475132,100.3203125
08:01:10,912810TZ1,TSRYS5752098,D,S,D,2024-04-01,1000000.00,4.475132,100.3203125
08:01:10,912810TZ1,TSRYS5752098,D,S,C,2024-04-01,1000000.00,4.474834,100.32421875
08:01:10,912810TZ1,TSRYS5752098,D,S,C,2024-04-01,1000000.00,4.474834,100.32421875
08:01:10,912810TZ1,TSRYS5752098,D,B,C,2024-04-01,1000000.00,4.474834,100.32421875
08:01:10,912810TZ1,TSRYS5752098,D,S,D,2024-04-01,1000000.00,4.473641,100.33984375
08:01:10,912810TZ1,TSRYS5752098,D,S,D,2024-04-01,1000000.00,4.474536,100.328125
08:01:10,912810TZ1,TSRYS5752098,D,B,C,2024-04-01,1000000.00,4.474536,100.328125
08:01:11,912810TZ1,TSRYS5752098,D,B,C,2024-04-01,1000000.00,4.471257,100.37109375
08:01:11,912810TZ1,TSRYS5752098,D,S,D,2024-04-01,1000000.00,4.471257,100.37109375
08:01:12,912810TZ1,TSRYS5752098,D,S,D,2024-04-01,1000000.00,4.45608,100.5703125
08:01:13,912810TZ1,TSRYS5752098,D,S,D,2024-04-01,6000000.00,4.444084,100.7281496
08:01:13,912810TZ1,TSRYS5752098,D,S,D,2024-04-01,9000000.00,4.461698,100.4965092
08:01:13,912810TZ1,TSRYS5752098,D,S,D,2024-04-01,12000000.00,4.470024,100.3872599
08:01:13,912810TZ1,TSRYS5752098,D,S,D,2024-04-01,3000000.00,4.474669,100.3263744
08:01:15,912810TZ1,TSRYS5752098,D,S,D,2024-04-01,1000000.00,4.465003,100.453125
08:01:15,912810TZ1,TSRYS5752098,D,B,C,2024-04-01,1000000.00,4.464408,100.4609375
08:01:15,912810TZ1,TSRYS5752098,D,S,D,2024-04-01,1000000.00,4.464408,100.4609375
08:01:16,912810TZ1,TSRYS5752098,D,B,A,2024-04-01,3600000.00,4.459053,100.53125
08:01:16,912810TZ1,TSRYS5752098,D,S,T,2024-04-01,1000000.00,4.456675,100.5625
08:01:16,912810TZ1,TSRYS5752098,D,S,T,2024-04-01,1000000.00,4.456675,100.5625
08:01:16,912810TZ1,TSRYS5752098,D,S,D,2024-04-01,1000000.00,4.468129,100.41210937
08:01:16,912810TZ1,TSRYS5752098,D,S,T,2024-04-01,1000000.00,4.463828,100.46855
08:01:16,912810TZ1,TSRYS5752098,D,S,D,2024-04-01,1000000.00,4.468129,100.41210937
08:01:17,912810TZ1,TSRYS5752098,D,S,C,2024-04-01,1000000.00,4.468129,100.41210937
08:01:17,912810TZ1,TSRYS5752098,D,S,D,2024-04-01,1000000.00,4.462474,100.48632812
08:01:17,912810TZ1,TSRYS5752098,D,S,D,2024-04-01,1000000.00,4.462771,100.48242187
08:01:17,912810TZ1,TSRYS5752098,D,S,T,2024-04-01,1000000.00,4.462622,100.484375
08:01:17,912810TZ1,TSRYS5752098,D,S,D,2024-04-01,1000000.00,4.468725,100.404296875
08:01:18,912810TZ1,TSRYS5752098,D,S,C,2024-04-01,1000000.00,4.468129,100.41210937
08:01:18,912810TZ1,TSRYS5752098,D,S,T,2024-04-01,1000000.00,4.459068,100.53105
08:01:19,912810TZ1,TSRYS5752098,D,S,T,2024-04-01,1000000.00,4.461135,100.50390625
08:01:19,912810TZ1,TSRYS5752098,D,S,T,2024-04-01,1000000.00,4.457864,100.546875
08:01:19,912810TZ1,TSRYS5752098,D,S,T,2024-04-01,1000000.00,4.456686,100.56235
08:01:19,912810TZ1,TSRYS5752098,D,S,T,2024-04-01,1000000.00,4.453121,100.609225
08:01:19,912810TZ1,TSRYS5752098,D,S,C,2024-04-01,1000000.00,4.468129,100.41210937
08:01:19,912810TZ1,TSRYS5752098,D,S,T,2024-04-01,1000000.00,4.470959,100.375
08:01:20,912810TZ1,TSRYS5752098,D,S,D,2024-04-01,1000000.00,4.471853,100.36328125
08:01:20,912810TZ1,TSRYS5752098,D,S,T,2024-04-01,1000000.00,4.470959,100.375
08:01:20,912810TZ1,TSRYS5752098,D,S,T,2024-04-01,1000000.00,4.470971,100.37485
08:01:20,912810TZ1,TSRYS5752098,D,S,T,2024-04-01,1000000.00,4.470959,100.375
08:01:20,912810TZ1,TSRYS5752098,D,S,D,2024-04-01,1000000.00,4.470959,100.375
08:01:20,912810TZ1,TSRYS5752098,D,S,T,2024-04-01,1000000.00,4.470971,100.37485
08:01:20,912810TZ1,TSRYS5752098,D,S,D,2024-04-01,1000000.00,4.462771,100.48242187
08:01:20,912810TZ1,TSRYS5752098,D,S,D,2024-04-01,1000000.00,4.462771,100.48242187
08:01:21,912810TZ1,TSRYS5752098,D,S,D,2024-04-01,1000000.00,4.459053,100.53125
08:01:21,912810TZ1,TSRYS5752098,D,S,D,2024-04-01,1000000.00,4.46798,100.4140625
08:01:21,912810TZ1,TSRYS5752098,D,B,C,2024-04-01,1000000.00,4.474536,100.328125
08:01:21,912810TZ1,TSRYS5752098,D,B,C,2024-04-01,1000000.00,4.473343,100.34375
08:01:21,912810TZ1,TSRYS5752098,D,B,C,2024-04-01,1000000.00,4.472747,100.3515625
08:01:21,912810TZ1,TSRYS5752098,D,B,C,2024-04-01,2000000.00,4.475132,100.3203125
08:01:21,912810TZ1,TSRYS5752098,D,B,C,2024-04-01,1000000.00,4.475132,100.3203125
08:01:21,912810TZ1,TSRYS5752098,D,S,T,2024-04-01,1000000.00,4.461448,100.4998
08:01:21,912810TZ1,TSRYS5752098,D,S,D,2024-04-01,1000000.00,4.469172,100.3984375
08:01:22,912810TZ1,TSRYS5752098,D,S,T,2024-04-01,1000000.00,4.459068,100.53105
08:01:22,912810TZ1,TSRYS5752098,D,S,T,2024-04-01,1000000.00,4.468129,100.41210937
08:01:22,912810TZ1,TSRYS5752098,D,S,D,2024-04-01,1000000.00,4.4723,100.35742187
08:01:22,912810TZ1,TSRYS5752098,D,S,T,2024-04-01,1000000.00,4.46798,100.4140625
08:01:22,912810TZ1,TSRYS5752098,D,S,D,2024-04-01,1000000.00,4.466194,100.4375
08:01:23,912810TZ1,TSRYS5752098,D,S,D,2024-04-01,1000000.00,4.466194,100.4375
08:01:23,912810TZ1,TSRYS5752098,D,S,D,2024-04-01,1000000.00,4.46798,100.4140625
08:01:23,912810TZ1,TSRYS5752098,D,S,T,2024-04-01,1000000.00,4.453124,100.609175
08:01:23,912810TZ1,TSRYS5752098,D,S,T,2024-04-01,1000000.00,4.453124,100.609175
08:01:23,912810TZ1,TSRYS5752098,D,S,D,2024-04-01,1000000.00,4.46798,100.4140625
08:01:23,912810TZ1,TSRYS5752098,D,S,T,2024-04-01,1000000.00,4.453124,100.609175
08:01:23,912810TZ1,TSRYS5752098,D,S,T,2024-04-01,1000000.00,4.453124,100.609175
08:01:23,912810TZ1,TSRYS5752098,D,S,T,2024-04-01,1000000.00,4.453124,100.609175
08:01:23,912810TZ1,TSRYS5752098,D,S,T,2024-04-01,1000000.00,4.461432,100.5
08:01:23,912810TZ1,TSRYS5752098,D,S,D,2024-04-01,1000000.00,4.453258,100.60742187
08:01:23,912810TZ1,TSRYS5752098,D,S,D,2024-04-01,1000000.00,4.453109,100.609375
08:01:23,912810TZ1,TSRYS5752098,D,S,T,2024-04-01,1000000.00,4.453124,100.609175
08:01:23,912810TZ1,TSRYS5752098,D,S,T,2024-04-01,1000000.00,4.453124,100.609175
08:01:23,912810TZ1,TSRYS5752098,D,S,T,2024-04-01,1000000.00,4.453124,100.609175
08:01:25,912810TZ1,TSRYS5752098,D,B,C,2024-04-01,10000000.00,4.466247,100.4368
08:01:25,912810TZ1,TSRYS5752098,D,B,C,2024-04-01,4000000.00,4.459836,100.52097
08:01:25,912810TZ1,TSRYS5752098,D,B,C,2024-04-01,7000000.00,4.462994,100.47949
08:01:25,912810TZ1,TSRYS5752098,D,B,C,2024-04-01,4000000.00,4.461337,100.50125
08:01:25,912810TZ1,TSRYS5752098,D,S,T,2024-04-01,1000000.00,4.453124,100.609175
08:01:25,912810TZ1,TSRYS5752098,D,S,T,2024-04-01,1000000.00,4.453124,100.609175
08:01:25,912810TZ1,TSRYS5752098,D,S,T,2024-04-01,1000000.00,4.453124,100.609175
08:01:26,912810TZ1,TSRYS5752098,D,S,T,2024-04-01,1000000.00,4.461135,100.50390625
08:01:26,912810TZ1,TSRYS5752098,D,S,D,2024-04-01,1000000.00,4.466194,100.4375
08:01:26,912810TZ1,TSRYS5752098,D,S,D,2024-04-01,1000000.00,4.466194,100.4375
08:01:27,912810TZ1,TSRYS5752098,D,S,D,2024-04-01,1000000.00,4.461432,100.5
08:01:27,912810TZ1,TSRYS5752098,D,S,D,2024-04-01,4000000.00,4.466194,100.4375
08:01:27,912810TZ1,TSRYS5752098,D,S,D,2024-04-01,1000000.00,4.466194,100.4375
08:01:27,912810TZ1,TSRYS5752098,D,S,D,2024-04-01,1000000.00,4.466194,100.4375
08:01:27,912810TZ1,TSRYS5752098,D,S,D,2024-04-01,1000000.00,4.46947,100.39453125
08:01:27,912810TZ1,TSRYS5752098,D,S,D,2024-04-01,1000000.00,4.463813,100.46875
08:01:28,912810TZ1,TSRYS5752098,D,S,C,2024-04-01,1000000.00,4.46292,100.48046875
08:01:28,912810TZ1,TSRYS5752098,D,S,D,2024-04-01,1000000.00,4.462771,100.48242187
08:01:28,912810TZ1,TSRYS5752098,D,S,D,2024-04-01,1000000.00,4.462771,100.48242187
08:01:28,912810TZ1,TSRYS5752098,D,S,D,2024-04-01,1000000.00,4.468129,100.41210937
08:01:30,912810TZ1,TSRYS5752098,D,S,D,2024-04-01,1000000.00,4.46798,100.4140625
08:01:30,912810TZ1,TSRYS5752098,D,S,D,2024-04-01,1000000.00,4.468129,100.412109375
08:01:30,912810TZ1,TSRYS5752098,D,S,D,2024-04-01,1000000.00,4.462622,100.484375
08:01:33,912810TZ1,TSRYS5752098,D,S,D,2024-04-01,1000000.00,4.473641,100.33984375
08:01:33,912810TZ1,TSRYS5752098,D,S,D,2024-04-01,1000000.00,4.473641,100.33984375
08:01:35,912810TZ1,TSRYS5752098,D,S,D,2024-04-01,1000000.00,4.475878,100.31054687
08:01:36,912810TZ1,TSRYS5752098,D,S,D,2024-04-01,1000000.00,4.475728,100.3125
08:01:36,912810TZ1,TSRYS5752098,D,S,T,2024-04-01,1000000.00,4.475744,100.3123
08:01:36,912810TZ1,TSRYS5752098,D,S,D,2024-04-01,1000000.00,4.475878,100.31054687
08:01:36,912810TZ1,TSRYS5752098,D,S,D,2024-04-01,1000000.00,4.473641,100.33984375
08:01:36,912810TZ1,TSRYS5752098,D,S,D,2024-04-01,1000000.00,4.473641,100.33984375
08:01:37,912810TZ1,TSRYS5752098,D,S,T,2024-04-01,1000000.00,4.473641,100.33984375
08:01:37,912810TZ1,TSRYS5752098,D,S,T,2024-04-01,1000000.00,4.473359,100.34355
08:01:37,912810TZ1,TSRYS5752098,D,S,D,2024-04-01,1000000.00,4.473343,100.34375
08:01:37,912810TZ1,TSRYS5752098,D,S,T,2024-04-01,1000000.00,4.473641,100.33984375
08:01:37,912810TZ1,TSRYS5752098,D,S,D,2024-04-01,1000000.00,4.473641,100.33984375
08:01:37,912810TZ1,TSRYS5752098,D,S,D,2024-04-01,1000000.00,4.473492,100.34179687
08:01:37,912810TZ1,TSRYS5752098,D,S,D,2024-04-01,1000000.00,4.473492,100.34179687
08:01:37,912810TZ1,TSRYS5752098,D,B,C,2024-04-01,15000000.00,4.474275,100.33154
08:01:42,912810TZ1,TSRYS5752098,D,S,D,2024-04-01,3599000.00,4.472151,100.359375
08:01:42,912810TZ1,TSRYS5752098,D,S,C,2024-04-01,1000000.00,4.461135,100.50390625
08:01:42,912810TZ1,TSRYS5752098,D,S,C,2024-04-01,1000000.00,4.461135,100.50390625
08:01:42,912810TZ1,TSRYS5752098,D,S,D,2024-04-01,1000000.00,4.461432,100.5
08:01:53,912810TZ1,TSRYS5752098,D,S,D,2024-04-01,1000000.00,4.445967,100.70335
08:01:53,912810TZ1,TSRYS5752098,D,B,C,2024-04-01,1000000.00,4.446,100.702925
08:01:53,912810TZ1,TSRYS5752098,D,S,D,2024-04-01,1000000.00,4.445967,100.70335
08:01:53,912810TZ1,TSRYS5752098,D,B,C,2024-04-01,1000000.00,4.445984,100.703125
08:01:53,912810TZ1,TSRYS5752098,D,S,D,2024-04-01,1000000.00,4.444781,100.718975
08:01:53,912810TZ1,TSRYS5752098,D,B,C,2024-04-01,1000000.00,4.444813,100.71855
08:01:53,912810TZ1,TSRYS5752098,D,S,D,2024-04-01,1000000.00,4.444781,100.718975
08:01:54,912810TZ1,TSRYS5752098,D,S,D,2024-04-01,1000000.00,4.457864,100.546875
08:01:54,912810TZ1,TSRYS5752098,D,S,D,2024-04-01,1000000.00,4.447171,100.6875
08:01:54,912810TZ1,TSRYS5752098,D,B,C,2024-04-01,1000000.00,4.447183,100.68735
08:01:54,912810TZ1,TSRYS5752098,D,S,C,2024-04-01,1000000.00,4.447148,100.6878
08:01:54,912810TZ1,TSRYS5752098,D,B,C,2024-04-01,1000000.00,4.447171,100.6875
08:01:54,912810TZ1,TSRYS5752098,D,S,C,2024-04-01,1000000.00,4.447171,100.6875
08:01:54,912810TZ1,TSRYS5752098,D,S,D,2024-04-01,2000.00,4.475132,100.3203125
08:01:54,912810TZ1,TSRYS5752098,D,B,C,2024-04-01,1000000.00,4.447184,100.687325
08:01:56,912810TZ1,TSRYS5752098,D,S,C,2024-04-01,1000000.00,4.449546,100.65625
08:01:57,912810TZ1,TSRYS5752098,D,B,C,2024-04-01,1000000.00,4.474834,100.32421875
08:01:57,912810TZ1,TSRYS5752098,D,S,D,2024-04-01,1000000.00,4.474834,100.32421875
08:01:57,912810TZ1,TSRYS5752098,D,S,D,2024-04-01,1000000.00,4.474834,100.32421875
08:01:58,912810TZ1,TSRYS5752098,D,S,C,2024-04-01,3000000.00,4.47031,100.3832125
08:01:58,912810TZ1,TSRYS5752098,D,B,C,2024-04-01,3000000.00,4.4695,100.39413125
08:01:58,912810TZ1,TSRYS5752098,D,B,C,2024-04-01,1000000.00,4.462622,100.484375
08:01:58,912810TZ1,TSRYS5752098,D,S,C,2024-04-01,1000000.00,4.462609,100.48455
08:02:01,912810TZ1,TSRYS5752098,D,S,D,2024-04-01,1000000.00,4.470959,100.375
08:02:01,912810TZ1,TSRYS5752098,D,S,D,2024-04-01,1000000.00,4.470959,100.375
08:02:01,912810TZ1,TSRYS5752098,D,S,D,2024-04-01,1000000.00,4.470959,100.375
08:02:02,912810TZ1,TSRYS5752098,D,B,C,2024-04-01,1000000.00,4.470959,100.375
08:02:02,912810TZ1,TSRYS5752098,D,S,D,2024-04-01,1000000.00,4.470959,100.375
08:02:02,912810TZ1,TSRYS5752098,D,S,C,2024-04-01,3000000.00,4.469715,100.391025
08:02:02,912810TZ1,TSRYS5752098,D,B,C,2024-04-01,3000000.00,4.468011,100.4136625
08:02:03,912810TZ1,TSRYS5752098,D,S,D,2024-04-01,15000000.00,4.467907,100.41502
08:02:03,912810TZ1,TSRYS5752098,D,S,D,2024-04-01,1000000.00,4.469172,100.3984375
08:02:03,912810TZ1,TSRYS5752098,D,S,A,2024-04-01,179000.00,4.46292,100.48046875
08:02:06,912810TZ1,TSRYS5752098,D,S,D,2024-04-01,1000000.00,4.470363,100.3828125
08:02:07,912810TZ1,TSRYS5752098,D,S,D,2024-04-01,1000000.00,4.475728,100.3125
08:02:07,912810TZ1,TSRYS5752098,D,S,T,2024-04-01,1000000.00,4.475878,100.310546875
08:02:07,912810TZ1,TSRYS5752098,D,S,D,2024-04-01,1000000.00,4.475728,100.3125
08:02:07,912810TZ1,TSRYS5752098,D,S,D,2024-04-01,1000000.00,4.475728,100.3125
08:02:08,912810TZ1,TSRYS5752098,D,S,D,2024-04-01,1000000.00,4.475728,100.3125
08:02:08,912810TZ1,TSRYS5752098,D,S,D,2024-04-01,1000000.00,4.475728,100.3125
08:02:08,912810TZ1,TSRYS5752098,D,S,D,2024-04-01,1000000.00,4.475728,100.3125
08:02:10,912810TZ1,TSRYS5752098,D,S,D,2024-04-01,4000000.00,4.457493,100.55175
08:02:10,912810TZ1,TSRYS5752098,D,S,D,2024-04-01,7000000.00,4.471161,100.37235
08:02:11,912810TZ1,TSRYS5752098,D,S,A,2024-04-01,21900000.00,4.473641,100.33984375
08:02:12,912810TZ1,TSRYS5752098,D,B,A,2024-04-01,77000.00,4.472988,100.3484
08:02:13,912810TZ1,TSRYS5752098,D,S,D,2024-04-01,1000000.00,4.474834,100.32421875
08:02:14,912810TZ1,TSRYS5752098,D,S,D,2024-04-01,1000000.00,4.476176,100.306640625
08:02:14,912810TZ1,TSRYS5752098,D,S,D,2024-04-01,1000000.00,4.476325,100.3046875
08:02:14,912810TZ1,TSRYS5752098,D,S,C,2024-04-01,1000000.00,4.468576,100.40625
08:02:14,912810TZ1,TSRYS5752098,D,B,C,2024-04-01,1000000.00,4.468589,100.406075
08:02:14,912810TZ1,TSRYS5752098,D,B,C,2024-04-01,1000000.00,4.466209,100.4373
08:02:14,912810TZ1,TSRYS5752098,D,S,C,2024-04-01,1000000.00,4.466182,100.43765
08:02:14,912810TZ1,TSRYS5752098,D,S,C,2024-04-01,1000000.00,4.466194,100.4375
08:02:14,912810TZ1,TSRYS5752098,D,B,C,2024-04-01,1000000.00,4.465016,100.45295
08:02:14,912810TZ1,TSRYS5752098,D,S,C,2024-04-01,1000000.00,4.466194,100.4375
08:02:14,912810TZ1,TSRYS5752098,D,S,D,2024-04-01,1000000.00,4.476474,100.302734375
08:02:14,912810TZ1,TSRYS5752098,D,S,D,2024-04-01,1000000.00,4.476176,100.306640625
08:02:14,912810TZ1,TSRYS5752098,D,S,C,2024-04-01,1000000.00,4.464986,100.453352
08:02:14,912810TZ1,TSRYS5752098,D,B,C,2024-04-01,1000000.00,4.466207,100.437325
08:02:14,912810TZ1,TSRYS5752098,D,B,C,2024-04-01,1000000.00,4.466207,100.437325
08:02:14,912810TZ1,TSRYS5752098,D,B,C,2024-04-01,1000000.00,4.466209,100.4373
08:02:14,912810TZ1,TSRYS5752098,D,S,C,2024-04-01,1000000.00,4.466194,100.4375
08:02:14,912810TZ1,TSRYS5752098,D,S,C,2024-04-01,1000000.00,4.476176,100.306640625
08:02:15,912810TZ1,TSRYS5752098,D,B,C,2024-04-01,1000000.00,4.468589,100.406075
08:02:15,912810TZ1,TSRYS5752098,D,S,C,2024-04-01,1000000.00,4.468576,100.40625
08:02:15,912810TZ1,TSRYS5752098,D,S,D,2024-04-01,1000000.00,4.468576,100.40625
08:02:15,912810TZ1,TSRYS5752098,D,B,C,2024-04-01,1000000.00,4.468599,100.40595
08:02:15,912810TZ1,TSRYS5752098,D,B,C,2024-04-01,1000000.00,4.468589,100.406075
08:02:15,912810TZ1,TSRYS5752098,D,S,D,2024-04-01,1000000.00,4.468576,100.40625
08:02:15,912810TZ1,TSRYS5752098,D,S,D,2024-04-01,1000000.00,4.468576,100.40625
08:02:15,912810TZ1,TSRYS5752098,D,B,C,2024-04-01,1000000.00,4.468589,100.406075
08:02:15,912810TZ1,TSRYS5752098,D,S,D,2024-04-01,1000000.00,4.468564,100.406402
08:02:15,912810TZ1,TSRYS5752098,D,B,C,2024-04-01,1000000.00,4.468589,100.406075
08:02:15,912810TZ1,TSRYS5752098,D,S,C,2024-04-01,1000000.00,4.468559,100.406477
08:02:15,912810TZ1,TSRYS5752098,D,S,D,2024-04-01,1000000.00,4.468576,100.40625
08:02:15,912810TZ1,TSRYS5752098,D,B,C,2024-04-01,1000000.00,4.468589,100.406075
08:02:15,912810TZ1,TSRYS5752098,D,B,C,2024-04-01,1000000.00,4.468589,100.406075
08:02:15,912810TZ1,TSRYS5752098,D,B,C,2024-04-01,1000000.00,4.468589,100.406075
08:02:15,912810TZ1,TSRYS5752098,D,S,D,2024-04-01,1000000.00,4.468576,100.40625
08:02:15,912810TZ1,TSRYS5752098,D,S,C,2024-04-01,1000000.00,4.469767,100.390625
08:02:15,912810TZ1,TSRYS5752098,D,B,C,2024-04-01,2000000.00,4.469767,100.390625
08:02:15,912810TZ1,TSRYS5752098,D,S,D,2024-04-01,1000000.00,4.469767,100.390625
08:02:15,912810TZ1,TSRYS5752098,D,S,D,2024-04-01,2000000.00,4.469767,100.390625
08:02:15,912810TZ1,TSRYS5752098,D,B,C,2024-04-01,1000000.00,4.469767,100.390625
08:02:15,912810TZ1,TSRYS5752098,D,B,C,2024-04-01,1000000.00,4.468589,100.406075
08:02:15,912810TZ1,TSRYS5752098,D,S,C,2024-04-01,1000000.00,4.468576,100.40625
08:02:15,912810TZ1,TSRYS5752098,D,S,C,2024-04-01,1000000.00,4.468576,100.40625
08:02:15,912810TZ1,TSRYS5752098,D,B,C,2024-04-01,1000000.00,4.468589,100.406075
08:02:16,912810TZ1,TSRYS5752098,D,B,C,2024-04-01,1000000.00,4.468589,100.406075
08:02:16,912810TZ1,TSRYS5752098,D,S,D,2024-04-01,1000000.00,4.468576,100.40625
08:02:16,912810TZ1,TSRYS5752098,D,S,C,2024-04-01,1000000.00,4.47543,100.31640625
08:02:16,912810TZ1,TSRYS5752098,D,S,C,2024-04-01,1000000.00,4.47543,100.31640625
08:02:16,912810TZ1,TSRYS5752098,D,S,C,2024-04-01,1000000.00,4.475728,100.3125
08:02:16,912810TZ1,TSRYS5752098,D,S,C,2024-04-01,1000000.00,4.475579,100.314453125
08:02:17,912810TZ1,TSRYS5752098,D,S,D,2024-04-01,2000000.00,4.475132,100.3203125
08:02:18,912810TZ1,TSRYS5752098,D,B,C,2024-04-01,1000000.00,4.470973,100.374825
08:02:18,912810TZ1,TSRYS5752098,D,S,C,2024-04-01,1000000.00,4.470944,100.3752
08:02:18,912810TZ1,TSRYS5752098,D,B,C,2024-04-01,1000000.00,4.470973,100.374825
08:02:18,912810TZ1,TSRYS5752098,D,S,D,2024-04-01,1000000.00,4.470959,100.375
08:02:19,912810TZ1,TSRYS5752098,D,B,C,2024-04-01,1000000.00,4.470959,100.375
08:02:19,912810TZ1,TSRYS5752098,D,S,D,2024-04-01,1000000.00,4.470959,100.375
08:02:19,912810TZ1,TSRYS5752098,D,B,C,2024-04-01,1000000.00,4.470973,100.374825
08:02:19,912810TZ1,TSRYS5752098,D,S,D,2024-04-01,1000000.00,4.470959,100.375
08:02:19,912810TZ1,TSRYS5752098,D,S,D,2024-04-01,1000000.00,4.470959,100.375
08:02:19,912810TZ1,TSRYS5752098,D,B,C,2024-04-01,1000000.00,4.470973,100.374825
08:02:19,912810TZ1,TSRYS5752098,D,B,C,2024-04-01,1000000.00,4.470973,100.374825
08:02:19,912810TZ1,TSRYS5752098,D,B,C,2024-04-01,1000000.00,4.470973,100.374825
08:02:19,912810TZ1,TSRYS5752098,D,S,D,2024-04-01,1000000.00,4.470959,100.375
08:02:19,912810TZ1,TSRYS5752098,D,B,C,2024-04-01,1000000.00,4.470973,100.374825
08:02:19,912810TZ1,TSRYS5752098,D,S,C,2024-04-01,1000000.00,4.470959,100.375
08:02:19,912810TZ1,TSRYS5752098,D,S,D,2024-04-01,1000000.00,4.470959,100.375
08:02:19,912810TZ1,TSRYS5752098,D,B,C,2024-04-01,1000000.00,4.470973,100.374825
08:02:19,912810TZ1,TSRYS5752098,D,S,C,2024-04-01,1000000.00,4.470959,100.375
08:02:19,912810TZ1,TSRYS5752098,D,S,C,2024-04-01,1000000.00,4.468559,100.406477
08:02:20,912810TZ1,TSRYS5752098,D,S,C,2024-04-01,1000000.00,4.468564,100.406402
08:02:20,912810TZ1,TSRYS5752098,D,S,C,2024-04-01,1000000.00,4.464988,100.453325
08:02:20,912810TZ1,TSRYS5752098,D,S,C,2024-04-01,1000000.00,4.46499,100.4533
08:02:21,912810TZ1,TSRYS5752098,D,S,D,2024-04-01,3000000.00,4.453109,100.60938
08:02:21,912810TZ1,TSRYS5752098,D,S,D,2024-04-01,10000000.00,4.453265,100.60732
08:02:21,912810TZ1,TSRYS5752098,D,S,C,2024-04-01,1000000.00,4.463801,100.468902
08:02:24,912810TZ1,TSRYS5752098,D,S,C,2024-04-01,1000000.00,4.461421,100.500152
08:02:26,912810TZ1,TSRYS5752098,D,S,D,2024-04-01,1000000.00,4.472449,100.35546875
08:02:26,912810TZ1,TSRYS5752098,D,S,D,2024-04-01,1000000.00,4.472449,100.35546875
08:02:26,912810TZ1,TSRYS5752098,D,S,D,2024-04-01,1000000.00,4.472151,100.359375
08:02:26,912810TZ1,TSRYS5752098,D,S,D,2024-04-01,1000000.00,4.472151,100.359375
08:02:26,912810TZ1,TSRYS5752098,D,S,D,2024-04-01,1000000.00,4.472449,100.35546875
08:02:26,912810TZ1,TSRYS5752098,D,S,D,2024-04-01,1000000.00,4.474387,100.330078125
08:02:26,912810TZ1,TSRYS5752098,D,S,D,2024-04-01,1000000.00,4.474536,100.328125
08:02:26,912810TZ1,TSRYS5752098,D,S,D,2024-04-01,1000000.00,4.473343,100.34375
08:02:26,912810TZ1,TSRYS5752098,D,S,D,2024-04-01,1000000.00,4.473343,100.34375
08:02:26,912810TZ1,TSRYS5752098,D,S,D,2024-04-01,1000000.00,4.473343,100.34375
08:02:26,912810TZ1,TSRYS5752098,D,S,D,2024-04-01,1000000.00,4.473343,100.34375
08:02:27,912810TZ1,TSRYS5752098,D,S,D,2024-04-01,1000000.00,4.473343,100.34375
08:02:27,912810TZ1,TSRYS5752098,D,S,D,2024-04-01,1000000.00,4.473641,100.33984375
08:02:27,912810TZ1,TSRYS5752098,D,S,D,2024-04-01,1000000.00,4.472747,100.3515625
08:02:27,912810TZ1,TSRYS5752098,D,S,D,2024-04-01,1000000.00,4.473194,100.345703125
08:02:27,912810TZ1,TSRYS5752098,D,S,D,2024-04-01,1000000.00,4.473194,100.345703125
08:02:27,912810TZ1,TSRYS5752098,D,S,D,2024-04-01,1000000.00,4.473641,100.33984375
08:02:28,912810TZ1,TSRYS5752098,D,S,D,2024-04-01,1000000.00,4.475132,100.3203125
08:02:28,912810TZ1,TSRYS5752098,D,B,C,2024-04-01,1000000.00,4.475132,100.3203125
08:02:28,912810TZ1,TSRYS5752098,D,S,D,2024-04-01,1000000.00,4.457864,100.546875
08:02:29,912810TZ1,TSRYS5752098,D,B,C,2024-04-01,1000000.00,4.457864,100.546875
08:02:29,912810TZ1,TSRYS5752098,D,S,D,2024-04-01,1000000.00,4.459053,100.53125
08:02:29,912810TZ1,TSRYS5752098,D,S,D,2024-04-01,1000000.00,4.459053,100.53125
08:02:29,912810TZ1,TSRYS5752098,D,B,C,2024-04-01,1000000.00,4.457877,100.5467
08:02:29,912810TZ1,TSRYS5752098,D,S,C,2024-04-01,1000000.00,4.457864,100.546875
08:02:29,912810TZ1,TSRYS5752098,D,S,C,2024-04-01,1000000.00,4.474983,100.322265625
08:02:29,912810TZ1,TSRYS5752098,D,S,D,2024-04-01,1000000.00,4.457864,100.546875
08:02:29,912810TZ1,TSRYS5752098,D,S,C,2024-04-01,1000000.00,4.457852,100.547027
08:02:29,912810TZ1,TSRYS5752098,D,B,C,2024-04-01,1000000.00,4.457877,100.5467
08:02:29,912810TZ1,TSRYS5752098,D,S,C,2024-04-01,1000000.00,4.474983,100.322265625
08:02:30,912810TZ1,TSRYS5752098,D,S,D,2024-04-01,6000000.00,4.474089,100.333984375
08:02:30,912810TZ1,TSRYS5752098,D,S,D,2024-04-01,2000000.00,4.474089,100.333984375
08:02:30,912810TZ1,TSRYS5752098,D,S,C,2024-04-01,1000000.00,4.456675,100.5625
08:02:30,912810TZ1,TSRYS5752098,D,S,D,2024-04-01,1000000.00,4.456675,100.5625
08:02:30,912810TZ1,TSRYS5752098,D,S,D,2024-04-01,1000000.00,4.474089,100.333984375
08:02:30,912810TZ1,TSRYS5752098,D,S,C,2024-04-01,1000000.00,4.455486,100.578125
08:02:30,912810TZ1,TSRYS5752098,D,S,D,2024-04-01,1000000.00,4.455486,100.578125
08:02:30,912810TZ1,TSRYS5752098,D,S,C,2024-04-01,1000000.00,4.455474,100.578277
08:02:30,912810TZ1,TSRYS5752098,D,S,D,2024-04-01,1000000.00,4.473641,100.33984375
08:02:31,912810TZ1,TSRYS5752098,D,S,D,2024-04-01,1000000.00,4.455486,100.578125
08:02:31,912810TZ1,TSRYS5752098,D,S,D,2024-04-01,1000000.00,4.456675,100.5625
08:02:31,912810TZ1,TSRYS5752098,D,S,D,2024-04-01,1000000.00,4.473641,100.33984375
08:02:31,912810TZ1,TSRYS5752098,D,S,C,2024-04-01,1000000.00,4.456675,100.5625
08:02:31,912810TZ1,TSRYS5752098,D,S,C,2024-04-01,1000000.00,4.455475,100.578275
08:02:32,912810TZ1,TSRYS5752098,D,S,C,2024-04-01,1000000.00,4.453098,100.609525
08:02:32,912810TZ1,TSRYS5752098,D,B,C,2024-04-01,1000000.00,4.453124,100.609175
08:02:32,912810TZ1,TSRYS5752098,D,S,C,2024-04-01,1000000.00,4.453098,100.609525
08:02:32,912810TZ1,TSRYS5752098,D,S,C,2024-04-01,1000000.00,4.453096,100.60955
08:02:32,912810TZ1,TSRYS5752098,D,S,C,2024-04-01,1000000.00,4.453096,100.60955
08:02:32,912810TZ1,TSRYS5752098,D,S,C,2024-04-01,1000000.00,4.453109,100.609375
08:02:32,912810TZ1,TSRYS5752098,D,S,C,2024-04-01,1000000.00,4.453094,100.609575
08:02:32,912810TZ1,TSRYS5752098,D,S,C,2024-04-01,1000000.00,4.453094,100.609575
08:02:32,912810TZ1,TSRYS5752098,D,S,C,2024-04-01,1000000.00,4.453096,100.60955
08:02:32,912810TZ1,TSRYS5752098,D,S,C,2024-04-01,1000000.00,4.453096,100.60955
08:02:32,912810TZ1,TSRYS5752098,D,S,C,2024-04-01,1000000.00,4.453109,100.609375
08:02:32,912810TZ1,TSRYS5752098,D,S,C,2024-04-01,1000000.00,4.453096,100.60955
08:02:32,912810TZ1,TSRYS5752098,D,S,C,2024-04-01,1000000.00,4.453109,100.609375
08:02:32,912810TZ1,TSRYS5752098,D,S,C,2024-04-01,1000000.00,4.453096,100.60955
08:02:32,912810TZ1,TSRYS5752098,D,S,C,2024-04-01,1000000.00,4.453096,100.60955
08:02:32,912810TZ1,TSRYS5752098,D,B,C,2024-04-01,1000000.00,4.453121,100.609225
08:02:32,912810TZ1,TSRYS5752098,D,S,C,2024-04-01,1000000.00,4.453094,100.609575
08:02:32,912810TZ1,TSRYS5752098,D,B,C,2024-04-01,1000000.00,4.453109,100.609375
08:02:33,912810TZ1,TSRYS5752098,D,S,C,2024-04-01,1000000.00,4.469754,100.3908
08:02:33,912810TZ1,TSRYS5752098,D,B,C,2024-04-01,1000000.00,4.469767,100.390625
08:02:33,912810TZ1,TSRYS5752098,D,S,C,2024-04-01,1000000.00,4.470946,100.375175
08:02:33,912810TZ1,TSRYS5752098,D,B,C,2024-04-01,1000000.00,4.470959,100.375
08:02:33,912810TZ1,TSRYS5752098,D,S,D,2024-04-01,1000000.00,4.470942,100.375225
08:02:33,912810TZ1,TSRYS5752098,D,S,C,2024-04-01,1000000.00,4.470959,100.375
08:02:34,912810TZ1,TSRYS5752098,D,S,C,2024-04-01,1000000.00,4.468576,100.40625
08:02:34,912810TZ1,TSRYS5752098,D,S,C,2024-04-01,1000000.00,4.468576,100.40625
08:02:34,912810TZ1,TSRYS5752098,D,B,C,2024-04-01,1000000.00,4.468591,100.40605
08:02:34,912810TZ1,TSRYS5752098,D,S,C,2024-04-01,1000000.00,4.468576,100.40625
08:02:34,912810TZ1,TSRYS5752098,D,S,C,2024-04-01,1000000.00,4.468576,100.40625
08:02:34,912810TZ1,TSRYS5752098,D,B,C,2024-04-01,1000000.00,4.468589,100.406075
08:02:34,912810TZ1,TSRYS5752098,D,B,C,2024-04-01,1000000.00,4.468589,100.406075
08:02:34,912810TZ1,TSRYS5752098,D,S,C,2024-04-01,1000000.00,4.470959,100.375
08:02:34,912810TZ1,TSRYS5752098,D,S,C,2024-04-01,1000000.00,4.470959,100.375
08:02:34,912810TZ1,TSRYS5752098,D,S,C,2024-04-01,1000000.00,4.470959,100.375
08:02:34,912810TZ1,TSRYS5752098,D,S,D,2024-04-01,1000000.00,4.47394,100.3359375
08:02:34,912810TZ1,TSRYS5752098,D,S,C,2024-04-01,1000000.00,4.473641,100.33984375
08:02:34,912810TZ1,TSRYS5752098,D,S,C,2024-04-01,1000000.00,4.473641,100.33984375
08:02:34,912810TZ1,TSRYS5752098,D,S,D,2024-04-01,1000000.00,4.47379,100.337890625
08:02:34,912810TZ1,TSRYS5752098,D,S,D,2024-04-01,1000000.00,4.474536,100.328125
08:02:35,912810TZ1,TSRYS5752098,D,S,D,2024-04-01,1000000.00,4.474983,100.322265625
08:02:35,912810TZ1,TSRYS5752098,D,S,D,2024-04-01,1000000.00,4.474536,100.328125
08:02:35,912810TZ1,TSRYS5752098,D,S,C,2024-04-01,1000000.00,4.474089,100.333984375
08:02:39,912810TZ1,TSRYS5752098,D,S,C,2024-04-01,1000000.00,4.469767,100.390625
08:02:39,912810TZ1,TSRYS5752098,D,S,C,2024-04-01,1000000.00,4.469767,100.390625
08:02:39,912810TZ1,TSRYS5752098,D,B,C,2024-04-01,1000000.00,4.469781,100.39045
08:02:39,912810TZ1,TSRYS5752098,D,S,C,2024-04-01,1000000.00,4.472151,100.359375
08:02:39,912810TZ1,TSRYS5752098,D,B,C,2024-04-01,1000000.00,4.472151,100.359375
08:02:39,912810TZ1,TSRYS5752098,D,S,C,2024-04-01,1000000.00,4.473328,100.34395
08:02:39,912810TZ1,TSRYS5752098,D,B,C,2024-04-01,1000000.00,4.473355,100.3436
08:02:39,912810TZ1,TSRYS5752098,D,S,C,2024-04-01,1000000.00,4.473328,100.34395
08:02:39,912810TZ1,TSRYS5752098,D,B,C,2024-04-01,1000000.00,4.473355,100.3436
08:02:39,912810TZ1,TSRYS5752098,D,B,C,2024-04-01,1000000.00,4.473343,100.34375
08:02:39,912810TZ1,TSRYS5752098,D,B,C,2024-04-01,1000000.00,4.473359,100.34355
08:02:39,912810TZ1,TSRYS5752098,D,S,C,2024-04-01,1000000.00,4.473343,100.34375
08:02:39,912810TZ1,TSRYS5752098,D,S,D,2024-04-01,1000000.00,4.473343,100.34375
08:02:39,912810TZ1,TSRYS5752098,D,S,C,2024-04-01,1000000.00,4.473343,100.34375
08:02:39,912810TZ1,TSRYS5752098,D,S,C,2024-04-01,1000000.00,4.473343,100.34375
08:02:39,912810TZ1,TSRYS5752098,D,B,C,2024-04-01,1000000.00,4.473343,100.34375
08:02:39,912810TZ1,TSRYS5752098,D,B,C,2024-04-01,1000000.00,4.473343,100.34375
08:02:39,912810TZ1,TSRYS5752098,D,S,D,2024-04-01,1000000.00,4.473343,100.34375
08:02:39,912810TZ1,TSRYS5752098,D,B,C,2024-04-01,1000000.00,4.473357,100.343575
08:02:39,912810TZ1,TSRYS5752098,D,S,C,2024-04-01,1000000.00,4.473343,100.34375
08:02:39,912810TZ1,TSRYS5752098,D,B,C,2024-04-01,1000000.00,4.473359,100.34355
08:02:39,912810TZ1,TSRYS5752098,D,S,D,2024-04-01,1000000.00,4.47333,100.343927
08:02:39,912810TZ1,TSRYS5752098,D,B,C,2024-04-01,1000000.00,4.473357,100.343575
08:02:39,912810TZ1,TSRYS5752098,D,B,C,2024-04-01,1000000.00,4.474536,100.328125
08:02:39,912810TZ1,TSRYS5752098,D,S,C,2024-04-01,1000000.00,4.474536,100.328125
08:02:39,912810TZ1,TSRYS5752098,D,S,C,2024-04-01,1000000.00,4.474536,100.328125
08:02:39,912810TZ1,TSRYS5752098,D,S,C,2024-04-01,1000000.00,4.474536,100.328125
08:02:39,912810TZ1,TSRYS5752098,D,S,C,2024-04-01,1000000.00,4.474536,100.328125
08:02:39,912810TZ1,TSRYS5752098,D,B,C,2024-04-01,1000000.00,4.474536,100.328125
08:02:39,912810TZ1,TSRYS5752098,D,S,C,2024-04-01,1000000.00,4.475728,100.3125
08:02:39,912810TZ1,TSRYS5752098,D,B,C,2024-04-01,1000000.00,4.475751,100.3122
08:02:39,912810TZ1,TSRYS5752098,D,S,C,2024-04-01,1000000.00,4.475728,100.3125
08:02:39,912810TZ1,TSRYS5752098,D,S,T,2024-04-01,1100000.00,4.470959,100.375
08:02:39,912810TZ1,TSRYS5752098,D,B,C,2024-04-01,1000000.00,4.47574,100.31235
08:02:39,912810TZ1,TSRYS5752098,D,S,C,2024-04-01,1000000.00,4.475728,100.3125
08:02:39,912810TZ1,TSRYS5752098,D,B,C,2024-04-01,1000000.00,4.475742,100.312325
08:02:39,912810TZ1,TSRYS5752098,D,S,C,2024-04-01,1000000.00,4.475728,100.3125
08:02:39,912810TZ1,TSRYS5752098,D,S,C,2024-04-01,1000000.00,4.475728,100.3125
08:02:39,912810TZ1,TSRYS5752098,D,B,C,2024-04-01,1000000.00,4.47574,100.31235
08:02:39,912810TZ1,TSRYS5752098,D,S,C,2024-04-01,1000000.00,4.475728,100.3125
08:02:39,912810TZ1,TSRYS5752098,D,B,C,2024-04-01,1000000.00,4.475742,100.312325
08:02:39,912810TZ1,TSRYS5752098,D,S,C,2024-04-01,1000000.00,4.475728,100.3125
08:02:40,912810TZ1,TSRYS5752098,D,S,C,2024-04-01,1000000.00,4.473343,100.34375
08:02:40,912810TZ1,TSRYS5752098,D,B,C,2024-04-01,1000000.00,4.473343,100.34375
08:02:41,912810TZ1,TSRYS5752098,D,S,C,2024-04-01,1000000.00,4.472151,100.359375
08:02:41,912810TZ1,TSRYS5752098,D,B,C,2024-04-01,1000000.00,4.473359,100.34355
08:02:41,912810TZ1,TSRYS5752098,D,S,C,2024-04-01,1000000.00,4.47332,100.34405
08:02:41,912810TZ1,TSRYS5752098,D,B,C,2024-04-01,1000000.00,4.473343,100.34375
08:02:41,912810TZ1,TSRYS5752098,D,S,D,2024-04-01,1000000.00,4.473332,100.3439
08:02:41,912810TZ1,TSRYS5752098,D,S,D,2024-04-01,1000000.00,4.473332,100.3439
08:02:41,912810TZ1,TSRYS5752098,D,S,D,2024-04-01,1000000.00,4.473332,100.3439
08:02:41,912810TZ1,TSRYS5752098,D,S,D,2024-04-01,1000000.00,4.473332,100.3439
08:02:41,912810TZ1,TSRYS5752098,D,S,C,2024-04-01,1000000.00,4.473332,100.3439
08:02:41,912810TZ1,TSRYS5752098,D,S,C,2024-04-01,1000000.00,4.473343,100.34375
08:02:41,912810TZ1,TSRYS5752098,D,B,C,2024-04-01,1000000.00,4.473343,100.34375
08:02:41,912810TZ1,TSRYS5752098,D,B,C,2024-04-01,1000000.00,4.473343,100.34375
08:02:41,912810TZ1,TSRYS5752098,D,S,C,2024-04-01,1000000.00,4.473343,100.34375
08:02:41,912810TZ1,TSRYS5752098,D,B,C,2024-04-01,1000000.00,4.473343,100.34375
08:02:41,912810TZ1,TSRYS5752098,D,S,D,2024-04-01,1000000.00,4.473332,100.3439
08:02:42,912810TZ1,TSRYS5752098,D,B,C,2024-04-01,1000000.00,4.474536,100.328125
08:02:42,912810TZ1,TSRYS5752098,D,S,C,2024-04-01,1000000.00,4.474536,100.328125
08:02:42,912810TZ1,TSRYS5752098,D,B,C,2024-04-01,1000000.00,4.474536,100.328125
08:02:42,912810TZ1,TSRYS5752098,D,S,C,2024-04-01,1000000.00,4.474536,100.328125
08:02:43,912810TZ1,TSRYS5752098,D,S,D,2024-04-01,1000000.00,4.474524,100.328275
08:02:43,912810TZ1,TSRYS5752098,D,S,D,2024-04-01,1000000.00,4.474536,100.328125
08:02:43,912810TZ1,TSRYS5752098,D,B,C,2024-04-01,1000000.00,4.474536,100.328125
08:02:43,912810TZ1,TSRYS5752098,D,S,C,2024-04-01,1000000.00,4.474536,100.328125
08:02:43,912810TZ1,TSRYS5752098,D,B,C,2024-04-01,1000000.00,4.474536,100.328125
08:02:43,912810TZ1,TSRYS5752098,D,S,D,2024-04-01,1000000.00,4.474524,100.328275
08:02:43,912810TZ1,TSRYS5752098,D,B,C,2024-04-01,1000000.00,4.474551,100.327925
08:02:43,912810TZ1,TSRYS5752098,D,S,D,2024-04-01,1000000.00,4.474524,100.328275
08:02:43,912810TZ1,TSRYS5752098,D,B,C,2024-04-01,1000000.00,4.474551,100.327925
08:02:43,912810TZ1,TSRYS5752098,D,S,C,2024-04-01,1000000.00,4.474536,100.328125
08:02:43,912810TZ1,TSRYS5752098,D,B,C,2024-04-01,1000000.00,4.474551,100.327925
08:02:43,912810TZ1,TSRYS5752098,D,S,C,2024-04-01,1000000.00,4.474536,100.328125
08:02:43,912810TZ1,TSRYS5752098,D,B,C,2024-04-01,1000000.00,4.474547,100.327975
08:02:43,912810TZ1,TSRYS5752098,D,S,D,2024-04-01,1000000.00,4.474524,100.328275
08:02:43,912810TZ1,TSRYS5752098,D,S,D,2024-04-01,1000000.00,4.473333,100.34388
08:02:43,912810TZ1,TSRYS5752098,D,S,D,2024-04-01,1000000.00,4.473333,100.34388
08:02:43,912810TZ1,TSRYS5752098,D,S,D,2024-04-01,1000000.00,4.473333,100.34388
08:02:44,912810TZ1,TSRYS5752098,D,S,C,2024-04-01,1000000.00,4.472151,100.359375
08:02:44,912810TZ1,TSRYS5752098,D,S,C,2024-04-01,1000000.00,4.472151,100.359375
08:02:44,912810TZ1,TSRYS5752098,D,B,C,2024-04-01,1000000.00,4.472164,100.3592
08:02:44,912810TZ1,TSRYS5752098,D,B,C,2024-04-01,1000000.00,4.472164,100.3592
08:02:44,912810TZ1,TSRYS5752098,D,S,D,2024-04-01,1000000.00,4.472141,100.359505
08:02:44,912810TZ1,TSRYS5752098,D,B,C,2024-04-01,1000000.00,4.472164,100.3592
08:02:44,912810TZ1,TSRYS5752098,D,S,D,2024-04-01,1000000.00,4.472141,100.359505
08:02:44,912810TZ1,TSRYS5752098,D,B,C,2024-04-01,1000000.00,4.472151,100.359375
08:02:44,912810TZ1,TSRYS5752098,D,S,D,2024-04-01,1000000.00,4.472141,100.359505
08:02:44,912810TZ1,TSRYS5752098,D,B,C,2024-04-01,1000000.00,4.473343,100.34375
08:02:44,912810TZ1,TSRYS5752098,D,S,C,2024-04-01,1000000.00,4.473343,100.34375
08:02:44,912810TZ1,TSRYS5752098,D,S,C,2024-04-01,1000000.00,4.472151,100.359375
08:02:44,912810TZ1,TSRYS5752098,D,B,C,2024-04-01,1000000.00,4.472164,100.3592
08:02:45,912810TZ1,TSRYS5752098,D,S,D,2024-04-01,1000000.00,4.470959,100.375
08:02:45,912810TZ1,TSRYS5752098,D,B,C,2024-04-01,1000000.00,4.470959,100.375
08:02:45,912810TZ1,TSRYS5752098,D,S,C,2024-04-01,1000000.00,4.470948,100.37515
08:02:45,912810TZ1,TSRYS5752098,D,B,C,2024-04-01,1000000.00,4.470973,100.374825
08:02:45,912810TZ1,TSRYS5752098,D,S,D,2024-04-01,1000000.00,4.472896,100.349609375
08:02:45,912810TZ1,TSRYS5752098,D,B,C,2024-04-01,1000000.00,4.475281,100.318359375
08:02:45,912810TZ1,TSRYS5752098,D,S,D,2024-04-01,1000000.00,4.475281,100.318359375
08:02:45,912810TZ1,TSRYS5752098,D,S,D,2024-04-01,1000000.00,4.475878,100.310546875
08:02:46,912810TZ1,TSRYS5752098,D,S,D,2024-04-01,1000000.00,4.472151,100.359375
08:02:47,912810TZ1,TSRYS5752098,D,S,D,2024-04-01,1000000.00,4.470959,100.375
08:02:47,912810TZ1,TSRYS5752098,D,B,C,2024-04-01,1000000.00,4.470973,100.374825
08:02:48,912810TZ1,TSRYS5752098,D,S,D,2024-04-01,1000000.00,4.475728,100.3125
08:02:48,912810TZ1,TSRYS5752098,D,B,C,2024-04-01,1000000.00,4.475742,100.312325
08:03:13,912810TZ1,TSRYS5752098,D,S,C,2024-04-01,3000000.00,4.474166,100.33243125
08:03:51,912810TZ1,TSRYS5752098,D,B,C,2024-04-01,1000000.00,4.446281,100.69921875
08:03:51,912810TZ1,TSRYS5752098,D,S,D,2024-04-01,1000000.00,4.446273,100.69931875
08:03:51,912810TZ1,TSRYS5752098,D,S,D,2024-04-01,1000000.00,4.44479,100.71885
08:03:51,912810TZ1,TSRYS5752098,D,B,C,2024-04-01,1000000.00,4.444798,100.71875
08:03:56,912810TZ1,TSRYS5752098,D,S,D,2024-04-01,1000000.00,4.456073,100.5704125
08:03:59,912810TZ1,TSRYS5752098,D,S,D,2024-04-01,1000000.00,4.464995,100.453225
08:04:01,912810TZ1,TSRYS5752098,D,S,C,2024-04-01,1000000.00,4.464541,100.459184375
08:04:01,912810TZ1,TSRYS5752098,D,B,C,2024-04-01,1000000.00,4.464408,100.4609375
08:04:01,912810TZ1,TSRYS5752098,D,S,D,2024-04-01,1000000.00,4.4644,100.4610375
08:04:01,912810TZ1,TSRYS5752098,D,S,D,2024-04-01,1000000.00,4.4644,100.4610375
08:04:01,912810TZ1,TSRYS5752098,D,B,C,2024-04-01,1000000.00,4.464408,100.4609375
08:04:02,912810TZ1,TSRYS5752098,D,S,C,2024-04-01,1000000.00,4.464988,100.453325
08:04:03,912810TZ1,TSRYS5752098,D,S,C,2024-04-01,1000000.00,4.468114,100.412309375
08:04:03,912810TZ1,TSRYS5752098,D,S,C,2024-04-01,1000000.00,4.467816,100.416215625
08:04:06,912810TZ1,TSRYS5752098,D,B,C,2024-04-01,1000000.00,4.473202,100.345603125
08:04:06,912810TZ1,TSRYS5752098,D,S,D,2024-04-01,1000000.00,4.473194,100.345703125
08:04:06,912810TZ1,TSRYS5752098,D,B,C,2024-04-01,1000000.00,4.473202,100.345603125
08:04:06,912810TZ1,TSRYS5752098,D,S,D,2024-04-01,1000000.00,4.473194,100.345703125
08:04:06,912810TZ1,TSRYS5752098,D,S,C,2024-04-01,1000000.00,4.471093,100.373246875
08:04:06,912810TZ1,TSRYS5752098,D,S,D,2024-04-01,1000000.00,4.471406,100.369140625
08:04:06,912810TZ1,TSRYS5752098,D,B,C,2024-04-01,1000000.00,4.471414,100.369040625
08:04:06,912810TZ1,TSRYS5752098,D,B,C,2024-04-01,1000000.00,4.469619,100.392578125
08:04:06,912810TZ1,TSRYS5752098,D,S,D,2024-04-01,1000000.00,4.469619,100.392578125
08:04:06,912810TZ1,TSRYS5752098,D,B,C,2024-04-01,1000000.00,4.469477,100.39443125
08:04:06,912810TZ1,TSRYS5752098,D,S,D,2024-04-01,1000000.00,4.46947,100.39453125
08:04:07,912810TZ1,TSRYS5752098,D,S,C,2024-04-01,1000000.00,4.467221,100.424028125
08:04:08,912810TZ1,TSRYS5752098,D,S,D,2024-04-01,1000000.00,4.46947,100.39453125
08:04:08,912810TZ1,TSRYS5752098,D,B,C,2024-04-01,1000000.00,4.469477,100.39443125
08:04:08,912810TZ1,TSRYS5752098,D,B,C,2024-04-01,1000000.00,4.468733,100.404196875
08:04:08,912810TZ1,TSRYS5752098,D,S,D,2024-04-01,1000000.00,4.468725,100.404296875
08:04:08,912810TZ1,TSRYS5752098,D,B,C,2024-04-01,1000000.00,4.468733,100.404196875
08:04:08,912810TZ1,TSRYS5752098,D,S,D,2024-04-01,1000000.00,4.468725,100.404296875
08:04:08,912810TZ1,TSRYS5752098,D,B,C,2024-04-01,1000000.00,4.466797,100.4295875
08:04:08,912810TZ1,TSRYS5752098,D,S,C,2024-04-01,1000000.00,4.466789,100.4296875
08:04:09,912810TZ1,TSRYS5752098,D,S,C,2024-04-01,1000000.00,4.464549,100.459084375
08:04:09,912810TZ1,TSRYS5752098,D,B,C,2024-04-01,1000000.00,4.464557,100.458984375
08:04:15,912810TZ1,TSRYS5752098,D,B,C,2024-04-01,1000000.00,4.460407,100.513471875
08:04:15,912810TZ1,TSRYS5752098,D,S,D,2024-04-01,1000000.00,4.460391,100.513671875
08:04:19,912810TZ1,TSRYS5752098,D,S,C,2024-04-01,1000000.00,4.45741,100.552834375
08:04:19,912810TZ1,TSRYS5752098,D,S,C,2024-04-01,1000000.00,4.455924,100.572365625
08:04:23,912810TZ1,TSRYS5752098,D,S,C,2024-04-01,1000000.00,4.452953,100.611428125
08:04:24,912810TZ1,TSRYS5752098,D,B,C,2024-04-01,1000000.00,4.465457,100.447165625
08:04:24,912810TZ1,TSRYS5752098,D,S,C,2024-04-01,1000000.00,4.465442,100.447365625
08:04:24,912810TZ1,TSRYS5752098,D,S,C,2024-04-01,1000000.00,4.466186,100.4376
08:04:24,912810TZ1,TSRYS5752098,D,B,C,2024-04-01,1000000.00,4.466201,100.4374
08:04:24,912810TZ1,TSRYS5752098,D,B,C,2024-04-01,1000000.00,4.469775,100.390525
08:04:24,912810TZ1,TSRYS5752098,D,S,C,2024-04-01,1000000.00,4.46976,100.390725
08:04:24,912810TZ1,TSRYS5752098,D,S,C,2024-04-01,1000000.00,4.470058,100.38681875
08:04:24,912810TZ1,TSRYS5752098,D,B,C,2024-04-01,1000000.00,4.470073,100.38661875
08:04:25,912810TZ1,TSRYS5752098,D,S,C,2024-04-01,1000000.00,4.470058,100.38681875
08:04:25,912810TZ1,TSRYS5752098,D,B,C,2024-04-01,1000000.00,4.470073,100.38661875
08:04:25,912810TZ1,TSRYS5752098,D,B,C,2024-04-01,1000000.00,4.469775,100.390525
08:04:25,912810TZ1,TSRYS5752098,D,S,C,2024-04-01,1000000.00,4.46976,100.390725
08:04:25,912810TZ1,TSRYS5752098,D,S,C,2024-04-01,1000000.00,4.470058,100.38681875
08:04:25,912810TZ1,TSRYS5752098,D,S,C,2024-04-01,1000000.00,4.470058,100.38681875
08:04:25,912810TZ1,TSRYS5752098,D,B,C,2024-04-01,1000000.00,4.470065,100.38671875
08:04:25,912810TZ1,TSRYS5752098,D,B,C,2024-04-01,1000000.00,4.470959,100.375
08:04:25,912810TZ1,TSRYS5752098,D,S,D,2024-04-01,1000000.00,4.470952,100.3751
08:04:25,912810TZ1,TSRYS5752098,D,S,D,2024-04-01,1000000.00,4.470952,100.3751
08:04:25,912810TZ1,TSRYS5752098,D,B,C,2024-04-01,1000000.00,4.470959,100.375
08:04:25,912810TZ1,TSRYS5752098,D,S,D,2024-04-01,1000000.00,4.470952,100.3751
08:04:25,912810TZ1,TSRYS5752098,D,S,D,2024-04-01,1000000.00,4.470952,100.3751
08:04:25,912810TZ1,TSRYS5752098,D,B,C,2024-04-01,1000000.00,4.470967,100.3749
08:04:26,912810TZ1,TSRYS5752098,D,S,D,2024-04-01,1000000.00,4.469164,100.3985375
08:04:28,912810TZ1,TSRYS5752098,D,S,D,2024-04-01,1000000.00,4.470356,100.3829125
08:04:29,912810TZ1,TSRYS5752098,D,B,C,2024-04-01,1000000.00,4.4735,100.341696875
08:04:29,912810TZ1,TSRYS5752098,D,S,C,2024-04-01,1000000.00,4.473492,100.341796875
08:04:30,912810TZ1,TSRYS5752098,D,B,C,2024-04-01,1000000.00,4.4735,100.341696875
08:04:30,912810TZ1,TSRYS5752098,D,S,C,2024-04-01,1000000.00,4.473485,100.341896875
08:04:31,912810TZ1,TSRYS5752098,D,S,D,2024-04-01,1000000.00,4.474387,100.330078125
08:04:31,912810TZ1,TSRYS5752098,D,S,C,2024-04-01,1000000.00,4.476011,100.30879375
08:04:32,912810TZ1,TSRYS5752098,D,S,C,2024-04-01,3000.00,4.476921,100.46354166667
08:04:34,912810TZ1,TSRYS5752098,D,S,D,2024-04-01,1000000.00,4.475124,100.3204125
08:04:35,912810TZ1,TSRYS5752098,D,S,C,2024-04-01,3000000.00,4.475124,100.3204125
08:04:36,912810TZ1,TSRYS5752098,D,S,D,2024-04-01,1000000.00,4.472151,100.359375
08:04:37,912810TZ1,TSRYS5752098,D,S,D,2024-04-01,1000000.00,4.473336,100.34385
08:04:38,912810TZ1,TSRYS5752098,D,S,C,2024-04-01,2000000.00,4.474819,100.32441875
08:04:38,912810TZ1,TSRYS5752098,D,S,C,2024-04-01,1000000.00,4.47467,100.326371875
08:04:38,912810TZ1,TSRYS5752098,D,S,C,2024-04-01,1000000.00,4.47467,100.326371875
08:04:38,912810TZ1,TSRYS5752098,D,B,C,2024-04-01,1000000.00,4.474685,100.326171875
08:04:38,912810TZ1,TSRYS5752098,D,S,C,2024-04-01,1000000.00,4.47467,100.326371875
08:04:38,912810TZ1,TSRYS5752098,D,B,C,2024-04-01,1000000.00,4.474387,100.330078125
08:04:38,912810TZ1,TSRYS5752098,D,S,C,2024-04-01,1000000.00,4.474371,100.330278125
08:04:39,912810TZ1,TSRYS5752098,D,S,D,2024-04-01,1000000.00,4.475132,100.3203125
08:04:39,912810TZ1,TSRYS5752098,D,B,C,2024-04-01,1000000.00,4.47514,100.3202125
08:04:39,912810TZ1,TSRYS5752098,D,S,C,2024-04-01,1000000.00,4.47467,100.326371875
08:04:39,912810TZ1,TSRYS5752098,D,B,C,2024-04-01,1000000.00,4.481098,100.2421875
08:04:39,912810TZ1,TSRYS5752098,D,S,D,2024-04-01,1000000.00,4.481098,100.2421875
08:04:41,912810TZ1,TSRYS5752098,D,B,C,2024-04-01,1000000.00,4.472002,100.361328125
08:04:41,912810TZ1,TSRYS5752098,D,S,D,2024-04-01,1000000.00,4.472002,100.361328125
08:04:41,912810TZ1,TSRYS5752098,D,B,C,2024-04-01,1000000.00,4.471265,100.37099375
08:04:41,912810TZ1,TSRYS5752098,D,S,D,2024-04-01,1000000.00,4.471257,100.37109375
08:04:45,912810TZ1,TSRYS5752098,D,S,D,2024-04-01,1000000.00,4.475132,100.3203125
08:04:45,912810TZ1,TSRYS5752098,D,B,C,2024-04-01,1000000.00,4.475132,100.3203125
08:04:58,912810TZ1,TSRYS5752098,D,S,C,2024-04-01,1000000.00,4.479293,100.265825
08:04:58,912810TZ1,TSRYS5752098,D,B,C,2024-04-01,1000000.00,4.479308,100.265625
08:06:01,912810TZ1,TSRYS5752098,D,S,C,2024-04-01,60000.00,4.476601,100.30098125
08:06:03,912810TZ1,TSRYS5752098,D,S,T,2024-04-01,1000000.00,4.465003,100.453125
08:06:03,912810TZ1,TSRYS5752098,D,S,T,2024-04-01,1000000.00,4.465003,100.453125
08:06:03,912810TZ1,TSRYS5752098,D,S,T,2024-04-01,1000000.00,4.455486,100.578125
08:06:04,912810TZ1,TSRYS5752098,D,S,T,2024-04-01,1000000.00,4.455486,100.578125
08:06:11,912810TZ1,TSRYS5752098,D,B,C,2024-04-01,1000000.00,4.482913,100.21845
08:06:11,912810TZ1,TSRYS5752098,D,S,C,2024-04-01,1000000.00,4.48289,100.21875
08:06:30,912810TZ1,TSRYS5752098,D,S,C,2024-04-01,6420000.00,4.481695,100.234375
08:07:01,912810TZ1,TSRYS5752098,D,S,D,2024-04-01,2000000.00,4.486772,100.16796875
08:07:01,912810TZ1,TSRYS5752098,D,S,C,2024-04-01,2000000.00,4.486772,100.16796875
08:07:13,912810TZ1,TSRYS5752098,D,S,D,2024-04-01,2000.00,4.482641,100.222
08:07:23,912810TZ1,TSRYS5752098,D,S,C,2024-04-01,2000.00,4.482641,100.222
08:08:02,912810TZ1,TSRYS5752098,D,B,C,2024-04-01,1000000.00,4.488266,100.1484375
08:08:02,912810TZ1,TSRYS5752098,D,S,D,2024-04-01,1000000.00,4.488266,100.1484375
08:08:02,912810TZ1,TSRYS5752098,D,S,D,2024-04-01,1000000.00,4.488266,100.1484375
08:08:12,912810TZ1,TSRYS5752098,D,B,C,2024-04-01,1000000.00,4.487682,100.156075
08:08:12,912810TZ1,TSRYS5752098,D,S,C,2024-04-01,1000000.00,4.487669,100.15625
08:08:51,912810TZ1,TSRYS5752098,D,S,T,2024-04-01,1000000.00,4.486496,100.171575
08:09:13,912810TZ1,TSRYS5752098,D,B,C,2024-04-01,2000000.00,4.486487,100.1717
08:09:13,912810TZ1,TSRYS5752098,D,S,C,2024-04-01,2000000.00,4.486458,100.172075
08:09:13,912810TZ1,TSRYS5752098,D,S,C,2024-04-01,1000000.00,4.486458,100.172075
08:09:22,912810TZ1,TSRYS5752098,D,B,C,2024-04-01,226000.00,4.489163,100.13671875
08:09:30,912810TZ1,TSRYS5752098,D,B,C,2024-04-01,9150000.00,4.490688,100.1167875
08:09:40,912810TZ1,TSRYS5752098,D,S,C,2024-04-01,1000000.00,4.490956,100.11328125
08:09:42,912810TZ1,TSRYS5752098,D,S,D,2024-04-01,1000000.00,4.491255,100.109375
08:09:45,912810TZ1,TSRYS5752098,D,S,C,2024-04-01,1000000.00,4.491106,100.111328125
08:09:49,912810TZ1,TSRYS5752098,D,S,C,2024-04-01,1000000.00,4.490657,100.1171875
08:09:49,912810TZ1,TSRYS5752098,D,S,D,2024-04-01,1000000.00,4.490657,100.1171875
08:09:49,912810TZ1,TSRYS5752098,D,S,D,2024-04-01,1000000.00,4.490657,100.1171875
08:09:50,912810TZ1,TSRYS5752098,D,S,C,2024-04-01,1000000.00,4.490657,100.1171875
08:09:50,912810TZ1,TSRYS5752098,D,S,D,2024-04-01,1000000.00,4.490657,100.1171875
08:09:50,912810TZ1,TSRYS5752098,D,S,T,2024-04-01,1000000.00,4.490657,100.1171875
08:09:50,912810TZ1,TSRYS5752098,D,S,C,2024-04-01,1000000.00,4.490642,100.1173875
08:10:16,912810TZ1,TSRYS5752098,D,S,T,2024-04-01,2000000.00,4.49006,100.125
08:10:18,912810TZ1,TSRYS5752098,D,S,T,2024-04-01,1000000.00,4.490209,100.123046875
08:10:19,912810TZ1,TSRYS5752098,D,S,T,2024-04-01,4000000.00,4.48991,100.126953125
08:10:20,912810TZ1,TSRYS5752098,D,S,T,2024-04-01,1000000.00,4.48991,100.126953125
08:10:20,912810TZ1,TSRYS5752098,D,S,D,2024-04-01,1000000.00,4.490807,100.11523437
08:10:20,912810TZ1,TSRYS5752098,D,S,D,2024-04-01,1000000.00,4.490807,100.11523437
08:10:20,912810TZ1,TSRYS5752098,D,S,T,2024-04-01,1000000.00,4.491255,100.109375
08:10:21,912810TZ1,TSRYS5752098,D,S,D,2024-04-01,2000000.00,4.49006,100.125
08:10:22,912810TZ1,TSRYS5752098,D,S,T,2024-04-01,1000000.00,4.491106,100.11132812
08:10:22,912810TZ1,TSRYS5752098,D,S,D,2024-04-01,1000000.00,4.490209,100.123046875
08:10:22,912810TZ1,TSRYS5752098,D,B,C,2024-04-01,1000000.00,4.490209,100.123046875
08:10:22,912810TZ1,TSRYS5752098,D,S,D,2024-04-01,1000000.00,4.490209,100.123046875
08:10:24,912810TZ1,TSRYS5752098,D,S,D,2024-04-01,4000000.00,4.48991,100.126953125
08:10:24,912810TZ1,TSRYS5752098,D,S,D,2024-04-01,1000000.00,4.48991,100.126953125
08:10:25,912810TZ1,TSRYS5752098,D,S,C,2024-04-01,38000000.00,4.49006,100.125
08:10:28,912810TZ1,TSRYS5752098,D,B,C,2024-04-01,5000000.00,4.491104,100.11135
08:10:40,912810TZ1,TSRYS5752098,D,S,D,2024-04-01,1000000.00,4.490956,100.11328125
08:10:55,912810TZ1,TSRYS5752098,D,S,C,2024-04-01,5000000.00,4.491255,100.109375
08:11:02,912810TZ1,TSRYS5752098,D,S,C,2024-04-01,1000000.00,4.491853,100.1015625
08:11:03,912810TZ1,TSRYS5752098,D,S,D,2024-04-01,1000000.00,4.491853,100.1015625
08:11:03,912810TZ1,TSRYS5752098,D,S,D,2024-04-01,1000000.00,4.491853,100.1015625
08:11:04,912810TZ1,TSRYS5752098,D,S,T,2024-04-01,1000000.00,4.491255,100.109375
08:11:05,912810TZ1,TSRYS5752098,D,S,T,2024-04-01,1000000.00,4.491255,100.109375
08:11:16,912810TZ1,TSRYS5752098,D,S,D,2024-04-01,1000000.00,4.49006,100.125
08:11:16,912810TZ1,TSRYS5752098,D,B,C,2024-04-01,1000000.00,4.49006,100.125
08:11:19,912810TZ1,TSRYS5752098,D,S,D,2024-04-01,1000000.00,4.492451,100.09375
08:11:19,912810TZ1,TSRYS5752098,D,S,D,2024-04-01,1000000.00,4.492451,100.09375
08:11:59,912810TZ1,TSRYS5752098,D,B,C,2024-04-01,1000000.00,4.491255,100.109375
08:11:59,912810TZ1,TSRYS5752098,D,S,D,2024-04-01,1000000.00,4.491255,100.109375
08:11:59,912810TZ1,TSRYS5752098,D,S,D,2024-04-01,1000000.00,4.491255,100.109375
08:11:59,912810TZ1,TSRYS5752098,D,S,D,2024-04-01,1000000.00,4.491255,100.109375
08:13:01,912810TZ1,TSRYS5752098,D,B,C,2024-04-01,1000000.00,4.492751,100.08984375
08:13:01,912810TZ1,TSRYS5752098,D,S,C,2024-04-01,1000000.00,4.492751,100.08984375
08:13:03,912810TZ1,TSRYS5752098,D,S,C,2024-04-01,1000000.00,4.4929,100.087890625
08:13:18,912810TZ1,TSRYS5752098,D,B,C,2024-04-01,1000000.00,4.492463,100.0936
08:13:18,912810TZ1,TSRYS5752098,D,B,C,2024-04-01,1000000.00,4.492463,100.0936
08:13:18,912810TZ1,TSRYS5752098,D,S,D,2024-04-01,1000000.00,4.492451,100.09375
08:13:18,912810TZ1,TSRYS5752098,D,S,D,2024-04-01,1000000.00,4.492451,100.09375
08:13:26,912810TZ1,TSRYS5752098,D,S,C,2024-04-01,38000000.00,,100.125
08:13:32,912810TZ1,TSRYS5752098,D,B,A,2024-04-01,1000.00,4.491797,100.1023
08:13:47,912810TZ1,TSRYS5752098,D,S,C,2024-04-01,1000000.00,4.492436,100.09395
08:13:47,912810TZ1,TSRYS5752098,D,B,C,2024-04-01,1000000.00,4.492465,100.093575
08:13:47,912810TZ1,TSRYS5752098,D,S,C,2024-04-01,1000000.00,4.492436,100.09395
08:13:47,912810TZ1,TSRYS5752098,D,B,C,2024-04-01,1000000.00,4.492465,100.093575
08:13:47,912810TZ1,TSRYS5752098,D,S,C,2024-04-01,1000000.00,4.492451,100.09375
08:13:47,912810TZ1,TSRYS5752098,D,B,C,2024-04-01,1000000.00,4.492465,100.093575
08:13:47,912810TZ1,TSRYS5752098,D,B,C,2024-04-01,1000000.00,4.492451,100.09375
08:13:47,912810TZ1,TSRYS5752098,D,S,D,2024-04-01,1000000.00,4.492451,100.09375
08:13:47,912810TZ1,TSRYS5752098,D,B,C,2024-04-01,1000000.00,4.493648,100.078125
08:13:47,912810TZ1,TSRYS5752098,D,S,D,2024-04-01,1000000.00,4.493648,100.078125
08:13:47,912810TZ1,TSRYS5752098,D,S,D,2024-04-01,1000000.00,4.493638,100.078255
08:13:47,912810TZ1,TSRYS5752098,D,B,C,2024-04-01,1000000.00,4.493663,100.077925
08:13:59,912810TZ1,TSRYS5752098,D,S,D,2024-04-01,1000000.00,4.492451,100.09375
08:13:59,912810TZ1,TSRYS5752098,D,B,C,2024-04-01,1000000.00,4.492465,100.093575
08:14:16,912810TZ1,TSRYS5752098,D,S,D,2024-04-01,1000000.00,4.492451,100.09375
08:14:16,912810TZ1,TSRYS5752098,D,B,C,2024-04-01,1000000.00,4.492465,100.093575
08:14:29,912810TZ1,TSRYS5752098,D,S,D,2024-04-01,150000.00,4.493349,100.08203125
08:14:31,912810TZ1,TSRYS5752098,D,S,D,2024-04-01,1000000.00,4.492451,100.09375
08:14:31,912810TZ1,TSRYS5752098,D,B,C,2024-04-01,1000000.00,4.492465,100.093575
08:14:37,912810TZ1,TSRYS5752098,D,B,C,2024-04-01,1000000.00,4.493648,100.078125
08:14:37,912810TZ1,TSRYS5752098,D,S,C,2024-04-01,1000000.00,4.493648,100.078125
08:14:39,912810TZ1,TSRYS5752098,D,S,T,2024-04-01,100000.00,4.470959,100.375
08:14:55,912810TZ1,TSRYS5752098,D,S,T,2024-04-01,1000000.00,4.494844,100.0625
08:14:56,912810TZ1,TSRYS5752098,D,S,C,2024-04-01,1000000.00,4.495144,100.05859375
08:14:56,912810TZ1,TSRYS5752098,D,B,C,2024-04-01,1000000.00,4.495144,100.05859375
08:15:04,912810TZ1,TSRYS5752098,D,S,C,2024-04-01,1000000.00,4.495293,100.056640625
08:15:06,912810TZ1,TSRYS5752098,D,S,D,2024-04-01,30000.00,4.493648,100.078125
08:15:31,912810TZ1,TSRYS5752098,D,S,D,2024-04-01,1000000.00,4.494844,100.0625
08:15:45,912810TZ1,TSRYS5752098,D,B,C,2024-04-01,1000000.00,4.493648,100.078125
08:15:45,912810TZ1,TSRYS5752098,D,S,D,2024-04-01,1000000.00,4.493648,100.078125
08:15:56,912810TZ1,TSRYS5752098,D,S,D,2024-04-01,2000000.00,4.495102,100.05899375
08:15:56,912810TZ1,TSRYS5752098,D,S,C,2024-04-01,2000000.00,4.495102,100.05899375
08:16:11,912810TZ1,TSRYS5752098,D,S,D,2024-04-01,100000.00,4.470959,100.375
08:16:11,912810TZ1,TSRYS5752098,D,S,C,2024-04-01,1000000.00,4.49664,100.0390625
08:16:11,912810TZ1,TSRYS5752098,D,B,C,2024-04-01,1000000.00,4.49664,100.0390625
08:16:33,912810TZ1,TSRYS5752098,D,S,A,2024-04-01,15000.00,4.492451,100.12708333333
08:16:34,912810TZ1,TSRYS5752098,D,S,D,2024-04-01,15000.00,4.492451,100.09375
08:16:35,912810TZ1,TSRYS5752098,D,B,C,2024-04-01,1000000.00,4.498436,100.015625
08:16:35,912810TZ1,TSRYS5752098,D,S,C,2024-04-01,1000000.00,4.498436,100.015625
08:16:47,912810TZ1,TSRYS5752098,D,S,D,2024-04-01,1000000.00,4.497987,100.021484375
08:16:50,912810TZ1,TSRYS5752098,D,B,C,2024-04-01,1000000.00,4.49804,100.0207844
08:17:00,912810TZ1,TSRYS5752098,D,S,C,2024-04-01,1000000.00,4.49664,100.0390625
08:17:01,912810TZ1,TSRYS5752098,D,S,T,2024-04-01,1000000.00,4.49664,100.0390625
08:17:05,912810TZ1,TSRYS5752098,D,S,T,2024-04-01,1000000.00,4.497994,100.021384375
08:17:05,912810TZ1,TSRYS5752098,D,B,C,2024-04-01,1000000.00,4.496244,100.0442219
08:17:07,912810TZ1,TSRYS5752098,D,S,C,2024-04-01,1000000.00,4.496191,100.044921875
08:17:20,912810TZ1,TSRYS5752098,D,S,T,2024-04-01,1000000.00,4.496191,100.044921875
08:17:51,912810TZ1,TSRYS5752098,D,B,C,2024-04-01,1000000.00,4.496041,100.046875
08:17:51,912810TZ1,TSRYS5752098,D,S,D,2024-04-01,1000000.00,4.496041,100.046875
08:18:18,912810TZ1,TSRYS5752098,D,B,C,2024-04-01,1000000.00,4.494545,100.06640625
08:18:18,912810TZ1,TSRYS5752098,D,S,D,2024-04-01,1000000.00,4.494545,100.06640625
08:18:19,912810TZ1,TSRYS5752098,D,S,T,2024-04-01,1000000.00,4.494844,100.0625
08:18:19,912810TZ1,TSRYS5752098,D,S,C,2024-04-01,1000000.00,4.494844,100.0625
08:18:20,912810TZ1,TSRYS5752098,D,B,C,2024-04-01,1000000.00,4.494844,100.0625
08:18:20,912810TZ1,TSRYS5752098,D,S,C,2024-04-01,1000000.00,4.494844,100.0625
08:18:20,912810TZ1,TSRYS5752098,D,B,C,2024-04-01,1000000.00,4.494844,100.0625
08:18:31,912810TZ1,TSRYS5752098,D,S,D,2024-04-01,10000.00,4.467451,100.421
08:18:31,912810TZ1,TSRYS5752098,D,S,D,2024-04-01,10000.00,4.467451,100.421
08:18:37,912810TZ1,TSRYS5752098,D,S,D,2024-04-01,3000.00,4.476921,100.296875
08:19:00,912810TZ1,TSRYS5752098,D,S,D,2024-04-01,1000000.00,4.494844,100.0625
08:19:18,912810TZ1,TSRYS5752098,D,S,D,2024-04-01,1000000.00,4.494844,100.0625
08:19:18,912810TZ1,TSRYS5752098,D,B,C,2024-04-01,1000000.00,4.494844,100.0625
08:19:18,912810TZ1,TSRYS5752098,D,S,C,2024-04-01,1000000.00,4.494844,100.0625
08:19:18,912810TZ1,TSRYS5752098,D,B,C,2024-04-01,1000000.00,4.494844,100.0625
08:19:18,912810TZ1,TSRYS5752098,D,S,C,2024-04-01,1000000.00,4.494844,100.0625
08:19:18,912810TZ1,TSRYS5752098,D,B,C,2024-04-01,1000000.00,4.494844,100.0625
08:19:18,912810TZ1,TSRYS5752098,D,S,D,2024-04-01,1000000.00,4.494844,100.0625
08:19:18,912810TZ1,TSRYS5752098,D,B,C,2024-04-01,1000000.00,4.494844,100.0625
08:19:35,912810TZ1,TSRYS5752098,D,S,A,2024-04-01,35000.00,4.494844,100.0625
08:19:46,912810TZ1,TSRYS5752098,D,S,C,2024-04-01,1000000.00,4.496041,100.046875
08:19:46,912810TZ1,TSRYS5752098,D,B,C,2024-04-01,1000000.00,4.496055,100.0467
08:19:46,912810TZ1,TSRYS5752098,D,S,C,2024-04-01,1000000.00,4.496041,100.046875
08:19:46,912810TZ1,TSRYS5752098,D,B,C,2024-04-01,1000000.00,4.496055,100.0467
08:20:32,912810TZ1,TSRYS5752098,D,S,D,2024-04-01,700000.00,4.496939,100.03515625
08:20:32,912810TZ1,TSRYS5752098,D,S,D,2024-04-01,700000.00,4.496916,100.03545625
08:20:34,912810TZ1,TSRYS5752098,D,B,C,2024-04-01,1000000.00,4.497538,100.02734375
08:20:35,912810TZ1,TSRYS5752098,D,S,D,2024-04-01,1000000.00,4.497538,100.02734375
08:20:36,912810TZ1,TSRYS5752098,D,S,T,2024-04-01,1000000.00,4.49634,100.04296875
08:20:36,912810TZ1,TSRYS5752098,D,S,T,2024-04-01,1000000.00,4.49634,100.04296875
08:20:36,912810TZ1,TSRYS5752098,D,S,T,2024-04-01,1000000.00,4.49634,100.04296875
08:20:36,912810TZ1,TSRYS5752098,D,S,D,2024-04-01,2000000.00,4.49634,100.04296875
08:20:36,912810TZ1,TSRYS5752098,D,S,D,2024-04-01,2000000.00,4.49634,100.04296875
08:20:41,912810TZ1,TSRYS5752098,D,S,D,2024-04-01,1000000.00,4.49634,100.04296875
08:20:41,912810TZ1,TSRYS5752098,D,S,D,2024-04-01,1000000.00,4.49634,100.04296875
08:20:41,912810TZ1,TSRYS5752098,D,S,D,2024-04-01,1000000.00,4.49634,100.04296875
08:21:02,912810TZ1,TSRYS5752098,D,S,C,2024-04-01,1000000.00,4.497089,100.033203125
08:21:02,912810TZ1,TSRYS5752098,D,B,C,2024-04-01,1000000.00,4.4971,100.033053125
08:21:18,912810TZ1,TSRYS5752098,D,S,D,2024-04-01,1000000.00,4.496041,100.046875
08:21:18,912810TZ1,TSRYS5752098,D,B,C,2024-04-01,1000000.00,4.496041,100.046875
08:21:53,912810TZ1,TSRYS5752098,D,S,C,2024-04-01,1000000.00,4.497987,100.021484375
08:22:00,912810TZ1,TSRYS5752098,D,S,C,2024-04-01,1000000.00,4.498735,100.01171875
08:22:00,912810TZ1,TSRYS5752098,D,B,C,2024-04-01,1000000.00,4.498735,100.01171875
08:22:37,912810TZ1,TSRYS5752098,D,S,C,2024-04-01,200000.00,4.500531,99.99078125
08:22:37,912810TZ1,TSRYS5752098,D,S,D,2024-04-01,1000000.00,4.500232,99.9921875
08:22:37,912810TZ1,TSRYS5752098,D,S,C,2024-04-01,1000000.00,4.500232,99.9921875
08:22:41,912810TZ1,TSRYS5752098,D,S,D,2024-04-01,200000.00,4.500531,99.98828125
08:22:46,912810TZ1,TSRYS5752098,D,S,C,2024-04-01,1000000.00,4.50113,99.98046875
08:22:46,912810TZ1,TSRYS5752098,D,B,C,2024-04-01,1000000.00,4.50113,99.98046875
08:23:10,912810TZ1,TSRYS5752098,D,S,D,2024-04-01,1000000.00,4.504725,99.93359375
08:23:10,912810TZ1,TSRYS5752098,D,S,D,2024-04-01,1000000.00,4.504725,99.93359375
08:23:10,912810TZ1,TSRYS5752098,D,S,D,2024-04-01,1000000.00,4.504725,99.93359375
08:23:10,912810TZ1,TSRYS5752098,D,S,C,2024-04-01,1000000.00,4.504725,99.93359375
08:23:10,912810TZ1,TSRYS5752098,D,S,D,2024-04-01,1000000.00,4.504725,99.93359375
08:23:10,912810TZ1,TSRYS5752098,D,S,D,2024-04-01,1000000.00,4.504725,99.93359375
08:23:11,912810TZ1,TSRYS5752098,D,S,D,2024-04-01,1000000.00,4.504725,99.93359375
08:23:14,912810TZ1,TSRYS5752098,D,S,D,2024-04-01,1000000.00,4.504725,99.93359375
08:23:14,912810TZ1,TSRYS5752098,D,S,D,2024-04-01,1000000.00,4.504725,99.93359375
08:23:15,912810TZ1,TSRYS5752098,D,S,C,2024-04-01,1000000.00,4.504725,99.93359375
08:23:15,912810TZ1,TSRYS5752098,D,S,D,2024-04-01,1000000.00,4.504875,99.931640625
08:23:15,912810TZ1,TSRYS5752098,D,S,D,2024-04-01,1000000.00,4.505025,99.9296875
08:23:18,912810TZ1,TSRYS5752098,D,S,T,2024-04-01,1000000.00,4.506831,99.90615
08:23:18,912810TZ1,TSRYS5752098,D,S,T,2024-04-01,1000000.00,4.507131,99.90224375
08:23:18,912810TZ1,TSRYS5752098,D,S,T,2024-04-01,1000000.00,4.506674,99.908203125
08:23:18,912810TZ1,TSRYS5752098,D,S,D,2024-04-01,1000000.00,4.506674,99.908203125
08:23:18,912810TZ1,TSRYS5752098,D,S,D,2024-04-01,1000000.00,4.506674,99.908203125
08:23:19,912810TZ1,TSRYS5752098,D,S,C,2024-04-01,1000000.00,4.506824,99.90625
08:23:19,912810TZ1,TSRYS5752098,D,S,D,2024-04-01,1000000.00,4.507123,99.90234375
08:23:19,912810TZ1,TSRYS5752098,D,S,D,2024-04-01,1000.00,4.500831,99.984375
08:23:19,912810TZ1,TSRYS5752098,D,S,D,2024-04-01,1000000.00,4.507123,99.90234375
08:23:19,912810TZ1,TSRYS5752098,D,S,D,2024-04-01,1000.00,4.500831,99.984375
08:23:19,912810TZ1,TSRYS5752098,D,S,D,2024-04-01,1000.00,4.500831,99.984375
08:23:19,912810TZ1,TSRYS5752098,D,S,C,2024-04-01,1000.00,4.500831,100.484375
08:23:19,912810TZ1,TSRYS5752098,D,S,C,2024-04-01,1000.00,4.500831,100.484375
08:23:19,912810TZ1,TSRYS5752098,D,S,C,2024-04-01,1000.00,4.500831,100.484375
08:23:20,912810TZ1,TSRYS5752098,D,S,C,2024-04-01,1000000.00,4.507108,99.90254375
08:23:20,912810TZ1,TSRYS5752098,D,B,C,2024-04-01,1000000.00,4.500844,99.9842
08:23:20,912810TZ1,TSRYS5752098,D,S,D,2024-04-01,1000000.00,4.500831,99.984375
08:23:20,912810TZ1,TSRYS5752098,D,B,C,2024-04-01,1000000.00,4.500844,99.9842
08:23:20,912810TZ1,TSRYS5752098,D,S,D,2024-04-01,1000000.00,4.500831,99.984375
08:23:20,912810TZ1,TSRYS5752098,D,S,D,2024-04-01,1000000.00,4.507423,99.8984375
08:23:20,912810TZ1,TSRYS5752098,D,S,D,2024-04-01,1000000.00,4.507423,99.8984375
08:23:20,912810TZ1,TSRYS5752098,D,S,T,2024-04-01,1000000.00,4.507573,99.896484375
08:23:23,912810TZ1,TSRYS5752098,D,S,D,2024-04-01,1000000.00,4.507123,99.90234375
08:23:23,912810TZ1,TSRYS5752098,D,S,D,2024-04-01,1000000.00,4.507123,99.90234375
08:23:23,912810TZ1,TSRYS5752098,D,S,D,2024-04-01,1000000.00,4.507273,99.900390625
08:23:23,912810TZ1,TSRYS5752098,D,S,C,2024-04-01,1000000.00,4.507423,99.8984375
08:23:23,912810TZ1,TSRYS5752098,D,S,D,2024-04-01,1000000.00,4.507423,99.8984375
08:23:23,912810TZ1,TSRYS5752098,D,S,D,2024-04-01,1000000.00,4.507423,99.8984375
08:23:24,912810TZ1,TSRYS5752098,D,S,D,2024-04-01,1000000.00,4.506674,99.908203125
08:23:25,912810TZ1,TSRYS5752098,D,S,D,2024-04-01,1000000.00,4.507573,99.896484375
08:23:28,912810TZ1,TSRYS5752098,D,S,C,2024-04-01,1000000.00,4.506824,99.90625
08:23:29,912810TZ1,TSRYS5752098,D,S,D,2024-04-01,1000000.00,4.506824,99.90625
08:23:34,912810TZ1,TSRYS5752098,D,B,C,2024-04-01,1000000.00,4.500844,99.9842
08:23:34,912810TZ1,TSRYS5752098,D,S,D,2024-04-01,1000000.00,4.500831,99.984375
08:23:34,912810TZ1,TSRYS5752098,D,B,C,2024-04-01,1000000.00,4.500844,99.9842
08:23:34,912810TZ1,TSRYS5752098,D,S,D,2024-04-01,1000000.00,4.500831,99.984375
08:23:34,912810TZ1,TSRYS5752098,D,S,D,2024-04-01,1000000.00,4.500831,99.984375
08:23:34,912810TZ1,TSRYS5752098,D,B,C,2024-04-01,1000000.00,4.500844,99.9842
08:23:49,912810TZ1,TSRYS5752098,D,S,C,2024-04-01,1000000.00,4.504426,99.9375
08:23:49,912810TZ1,TSRYS5752098,D,B,C,2024-04-01,1000000.00,4.504439,99.937325
08:23:49,912810TZ1,TSRYS5752098,D,B,C,2024-04-01,1000000.00,4.506837,99.906075
08:23:49,912810TZ1,TSRYS5752098,D,S,D,2024-04-01,1000000.00,4.506824,99.90625
08:23:50,912810TZ1,TSRYS5752098,D,S,D,2024-04-01,1000000.00,4.505625,99.921875
08:23:56,912810TZ1,TSRYS5752098,D,S,T,2024-04-01,1000000.00,4.507123,99.90234375
08:23:56,912810TZ1,TSRYS5752098,D,S,T,2024-04-01,1000000.00,4.507273,99.90039062
08:23:56,912810TZ1,TSRYS5752098,D,S,T,2024-04-01,1000000.00,4.507423,99.8984375
08:23:58,912810TZ1,TSRYS5752098,D,S,T,2024-04-01,1000000.00,4.507423,99.8984375
08:23:58,912810TZ1,TSRYS5752098,D,S,T,2024-04-01,1000000.00,4.507423,99.8984375
08:24:12,912810TZ1,TSRYS5752098,D,B,C,2024-04-01,1000000.00,4.505025,99.9296875
08:24:12,912810TZ1,TSRYS5752098,D,S,D,2024-04-01,1000000.00,4.505025,99.9296875
08:24:14,912810TZ1,TSRYS5752098,D,B,C,2024-04-01,1000000.00,4.507723,99.89453125
08:24:32,912810TZ1,TSRYS5752098,D,S,D,2024-04-01,1000000.00,4.507123,99.90234375
08:24:35,912810TZ1,TSRYS5752098,D,S,C,2024-04-01,1000000.00,4.506974,99.90429687
08:24:36,912810TZ1,TSRYS5752098,D,S,C,2024-04-01,1000000.00,4.506974,99.90429687
08:24:41,912810TZ1,TSRYS5752098,D,S,D,2024-04-01,1000000.00,4.506824,99.90625
08:24:45,912810TZ1,TSRYS5752098,D,S,D,2024-04-01,1000000.00,4.506877,99.90555
08:24:50,912810TZ1,TSRYS5752098,D,S,D,2024-04-01,1000000.00,4.506824,99.90625
08:25:05,912810TZ1,TSRYS5752098,D,S,C,2024-04-01,1000000.00,4.505025,99.9296875
08:25:05,912810TZ1,TSRYS5752098,D,S,D,2024-04-01,1000000.00,4.505025,99.9296875
08:25:06,912810TZ1,TSRYS5752098,D,S,D,2024-04-01,1000000.00,4.506524,99.91015625
08:25:06,912810TZ1,TSRYS5752098,D,S,D,2024-04-01,1000000.00,4.506524,99.91015625
08:25:13,912810TZ1,TSRYS5752098,D,S,C,2024-04-01,1000000.00,4.506974,99.904296875
08:25:13,912810TZ1,TSRYS5752098,D,S,D,2024-04-01,1000000.00,4.507423,99.8984375
08:25:13,912810TZ1,TSRYS5752098,D,S,D,2024-04-01,1000000.00,4.507423,99.8984375
08:25:13,912810TZ1,TSRYS5752098,D,B,C,2024-04-01,1000000.00,4.507423,99.8984375
08:25:14,912810TZ1,TSRYS5752098,D,S,D,2024-04-01,1000000.00,4.506824,99.90625
08:25:14,912810TZ1,TSRYS5752098,D,S,C,2024-04-01,1000000.00,4.506824,99.90625
08:25:14,912810TZ1,TSRYS5752098,D,S,C,2024-04-01,2000000.00,4.507108,99.90254375
08:25:17,912810TZ1,TSRYS5752098,D,S,C,2024-04-01,5000000.00,4.507423,99.8984375
08:25:25,912810TZ1,TSRYS5752098,D,S,T,2024-04-01,2000000.00,4.507123,99.90234375
08:25:25,912810TZ1,TSRYS5752098,D,S,C,2024-04-01,10000000.00,4.507011,99.90381
08:25:31,912810TZ1,TSRYS5752098,D,S,D,2024-04-01,1000000.00,4.507123,99.90234375
08:25:33,912810TZ1,TSRYS5752098,D,S,T,2024-04-01,1000000.00,4.504725,99.93359375
08:25:33,912810TZ1,TSRYS5752098,D,S,C,2024-04-01,1000000.00,4.504576,99.93554687
08:25:35,912810TZ1,TSRYS5752098,D,S,T,2024-04-01,1000000.00,4.504725,99.93359375
08:25:35,912810TZ1,TSRYS5752098,D,S,C,2024-04-01,1000000.00,4.504725,99.93359375
08:25:35,912810TZ1,TSRYS5752098,D,S,T,2024-04-01,1000000.00,4.504725,99.93359375
08:25:49,912810TZ1,TSRYS5752098,D,S,C,2024-04-01,6970000.00,4.506224,99.9140625
08:25:52,912810TZ1,TSRYS5752098,D,S,D,2024-04-01,1000000.00,4.504725,99.93359375
08:25:58,912810TZ1,TSRYS5752098,D,B,C,2024-04-01,200000.00,4.505625,99.921875
08:25:58,912810TZ1,TSRYS5752098,D,S,D,2024-04-01,200000.00,4.505625,99.921875
08:26:09,912810TZ1,TSRYS5752098,D,S,D,2024-04-01,1000000.00,4.504725,99.93359375
08:26:21,912810TZ1,TSRYS5752098,D,S,C,2024-04-01,1000000.00,4.505625,99.921875
08:26:21,912810TZ1,TSRYS5752098,D,B,C,2024-04-01,1000000.00,4.505638,99.9217
08:26:26,912810TZ1,TSRYS5752098,D,S,D,2024-04-01,1000000.00,4.504725,99.93359375
08:26:31,912810TZ1,TSRYS5752098,D,S,C,2024-04-01,1000000.00,4.505025,99.9296875
08:26:31,912810TZ1,TSRYS5752098,D,B,C,2024-04-01,1000000.00,4.505025,99.9296875
08:26:41,912810TZ1,TSRYS5752098,D,S,T,2024-04-01,1000000.00,4.504875,99.93164062
08:26:41,912810TZ1,TSRYS5752098,D,S,D,2024-04-01,1000000.00,4.504725,99.93359375
08:26:43,912810TZ1,TSRYS5752098,D,S,D,2024-04-01,1000000.00,4.505025,99.9296875
08:26:43,912810TZ1,TSRYS5752098,D,S,T,2024-04-01,1000000.00,4.505025,99.9296875
08:26:43,912810TZ1,TSRYS5752098,D,S,D,2024-04-01,1000000.00,4.505025,99.9296875
08:26:49,912810TZ1,TSRYS5752098,D,S,C,2024-04-01,1000000.00,4.505625,99.921875
08:26:49,912810TZ1,TSRYS5752098,D,B,C,2024-04-01,1000000.00,4.505638,99.9217
08:26:56,912810TZ1,TSRYS5752098,D,B,C,2024-04-01,5000000.00,4.506842,99.90601
08:27:02,912810TZ1,TSRYS5752098,D,S,T,2024-04-01,1000000.00,4.507123,99.90234375
08:27:02,912810TZ1,TSRYS5752098,D,S,C,2024-04-01,1000000.00,4.507123,99.90234375
08:27:04,912810TZ1,TSRYS5752098,D,S,D,2024-04-01,1000000.00,4.507123,99.90234375
08:27:07,912810TZ1,TSRYS5752098,D,S,D,2024-04-01,1000000.00,4.507423,99.8984375
08:27:07,912810TZ1,TSRYS5752098,D,S,C,2024-04-01,1000000.00,4.507423,99.8984375
08:27:07,912810TZ1,TSRYS5752098,D,B,C,2024-04-01,1000000.00,4.504426,99.9375
08:27:07,912810TZ1,TSRYS5752098,D,S,D,2024-04-01,1000000.00,4.504416,99.93763
08:27:23,912810TZ1,TSRYS5752098,D,S,D,2024-04-01,1000000.00,4.507423,99.8984375
08:27:23,912810TZ1,TSRYS5752098,D,B,C,2024-04-01,1000000.00,4.505924,99.91796875
08:27:23,912810TZ1,TSRYS5752098,D,S,D,2024-04-01,1000000.00,4.505924,99.91796875
08:27:23,912810TZ1,TSRYS5752098,D,S,D,2024-04-01,1000000.00,4.505924,99.91796875
08:28:38,912810TZ1,TSRYS5752098,D,B,C,2024-04-01,1000000.00,4.505924,99.91796875
08:28:38,912810TZ1,TSRYS5752098,D,S,D,2024-04-01,1000000.00,4.505924,99.91796875
08:29:15,912810TZ1,TSRYS5752098,D,B,C,2024-04-01,55000.00,4.504157,99.94100625
08:29:17,912810TZ1,TSRYS5752098,D,S,D,2024-04-01,55000.00,4.504157,99.94100625
08:29:21,912810TZ1,TSRYS5752098,D,S,D,2024-04-01,170000.00,4.504426,99.9375
08:29:36,912810TZ1,TSRYS5752098,D,S,D,2024-04-01,170000.00,4.504606,99.935147059
08:30:23,912810TZ1,TSRYS5752098,D,B,C,2024-04-01,1000000.00,4.504725,99.93359375
08:30:23,912810TZ1,TSRYS5752098,D,S,C,2024-04-01,1000000.00,4.504725,99.93359375
08:30:52,912810TZ1,TSRYS5752098,D,S,C,2024-04-01,1000000.00,4.505025,99.9296875
08:30:52,912810TZ1,TSRYS5752098,D,S,T,2024-04-01,1000000.00,4.504426,99.9375
08:30:52,912810TZ1,TSRYS5752098,D,S,D,2024-04-01,1000000.00,4.505025,99.9296875
08:30:53,912810TZ1,TSRYS5752098,D,S,D,2024-04-01,1000000.00,4.504418,99.9376
08:30:57,912810TZ1,TSRYS5752098,D,S,C,2024-04-01,2000000.00,4.507123,99.90234375
08:30:58,912810TZ1,TSRYS5752098,D,S,D,2024-04-01,2000000.00,4.507123,99.90234375
08:30:59,912810TZ1,TSRYS5752098,D,S,C,2024-04-01,1000000.00,4.507123,99.90234375
08:30:59,912810TZ1,TSRYS5752098,D,S,C,2024-04-01,1000000.00,4.507123,99.90234375
08:30:59,912810TZ1,TSRYS5752098,D,S,C,2024-04-01,1000000.00,4.507123,99.90234375
08:30:59,912810TZ1,TSRYS5752098,D,B,C,2024-04-01,1000000.00,4.507123,99.90234375
08:31:00,912810TZ1,TSRYS5752098,D,S,C,2024-04-01,1000000.00,4.507123,99.90234375
08:31:00,912810TZ1,TSRYS5752098,D,S,D,2024-04-01,1000000.00,4.507123,99.90234375
08:31:00,912810TZ1,TSRYS5752098,D,S,C,2024-04-01,1000000.00,4.507123,99.90234375
08:31:00,912810TZ1,TSRYS5752098,D,B,C,2024-04-01,1000000.00,4.507123,99.90234375
08:31:32,912810TZ1,TSRYS5752098,D,S,C,2024-04-01,1000000.00,4.506824,99.90625
08:31:32,912810TZ1,TSRYS5752098,D,B,C,2024-04-01,1000000.00,4.507123,99.90234375
08:31:32,912810TZ1,TSRYS5752098,D,S,C,2024-04-01,1000000.00,4.507123,99.90234375
08:31:32,912810TZ1,TSRYS5752098,D,B,C,2024-04-01,1000000.00,4.506824,99.90625
08:31:37,912810TZ1,TSRYS5752098,D,S,A,2024-04-01,2000000.00,4.504341,99.9386
08:31:50,912810TZ1,TSRYS5752098,D,S,D,2024-04-01,2000000.00,4.504341,99.9386
08:32:08,912810TZ1,TSRYS5752098,D,B,C,2024-04-01,1000000.00,4.504426,99.9375
08:32:08,912810TZ1,TSRYS5752098,D,S,D,2024-04-01,1000000.00,4.504409,99.937725
08:32:09,912810TZ1,TSRYS5752098,D,S,T,2024-04-01,1000000.00,4.505774,99.919921875
08:32:14,912810TZ1,TSRYS5752098,D,S,D,2024-04-01,1000000.00,4.505774,99.919921875
08:32:17,912810TZ1,TSRYS5752098,D,S,C,2024-04-01,1000000.00,4.505025,99.9296875
08:32:17,912810TZ1,TSRYS5752098,D,B,C,2024-04-01,1000000.00,4.505025,99.9296875
08:32:51,912810TZ1,TSRYS5752098,D,S,C,2024-04-01,1000000.00,4.504875,99.931640625
08:32:52,912810TZ1,TSRYS5752098,D,S,D,2024-04-01,1000000.00,4.505325,99.92578125
08:32:52,912810TZ1,TSRYS5752098,D,B,C,2024-04-01,1000000.00,4.505336,99.92563125
08:32:55,912810TZ1,TSRYS5752098,D,S,C,2024-04-01,1000000.00,4.505025,99.9296875
08:32:55,912810TZ1,TSRYS5752098,D,B,C,2024-04-01,1000000.00,4.505025,99.9296875
08:32:55,912810TZ1,TSRYS5752098,D,S,C,2024-04-01,1000000.00,4.505025,99.9296875
08:32:55,912810TZ1,TSRYS5752098,D,B,C,2024-04-01,1000000.00,4.505025,99.9296875
08:33:11,912810TZ1,TSRYS5752098,D,S,D,2024-04-01,2000000.00,4.505025,99.9296875
08:33:11,912810TZ1,TSRYS5752098,D,S,C,2024-04-01,2000000.00,4.505025,99.9296875
08:33:12,912810TZ1,TSRYS5752098,D,S,T,2024-04-01,1000000.00,4.504449,99.9372
08:33:36,912810TZ1,TSRYS5752098,D,S,C,2024-04-01,1000000.00,4.504426,99.9375
08:33:45,912810TZ1,TSRYS5752098,D,S,D,2024-04-01,25000.00,4.50086,99.984
08:33:54,912810TZ1,TSRYS5752098,D,S,C,2024-04-01,25000.00,4.50086,99.984
08:33:54,912810TZ1,TSRYS5752098,D,S,D,2024-04-01,25000.00,4.50086,99.984
08:34:58,912810TZ1,TSRYS5752098,D,S,D,2024-04-01,20000.00,4.505625,99.921875
08:35:03,912810TZ1,TSRYS5752098,D,S,T,2024-04-01,1000000.00,4.505625,99.921875
08:35:03,912810TZ1,TSRYS5752098,D,S,D,2024-04-01,1000000.00,4.505602,99.922175
08:35:06,912810TZ1,TSRYS5752098,D,S,D,2024-04-01,20000.00,4.505625,99.921875
08:35:15,912810TZ1,TSRYS5752098,D,S,C,2024-04-01,500000.00,4.504725,99.933594
08:35:37,912810TZ1,TSRYS5752098,D,S,C,2024-04-01,1000000.00,4.508023,99.890625
08:35:37,912810TZ1,TSRYS5752098,D,B,C,2024-04-01,1000000.00,4.508036,99.89045
08:36:09,912810TZ1,TSRYS5752098,D,B,C,2024-04-01,2000000.00,4.506824,99.90625
08:36:23,912810TZ1,TSRYS5752098,D,S,D,2024-04-01,2000000.00,4.506814,99.90638
08:36:55,912810TZ1,TSRYS5752098,D,B,C,2024-04-01,1000000.00,4.504437,99.93735
08:36:55,912810TZ1,TSRYS5752098,D,S,C,2024-04-01,1000000.00,4.504426,99.9375
08:37:22,912810TZ1,TSRYS5752098,D,S,C,2024-04-01,5000000.00,4.504126,99.94140625
08:37:24,912810TZ1,TSRYS5752098,D,B,C,2024-04-01,1000000.00,4.505638,99.9217
08:37:24,912810TZ1,TSRYS5752098,D,S,D,2024-04-01,1000000.00,4.505625,99.921875
08:37:51,912810TZ1,TSRYS5752098,D,S,C,2024-04-01,1000000.00,4.502628,99.9609375
08:37:53,912810TZ1,TSRYS5752098,D,S,C,2024-04-01,3000000.00,4.503183,99.953525
08:37:55,912810TZ1,TSRYS5752098,D,S,D,2024-04-01,3000000.00,4.503183,99.953525
08:38:23,912810TZ1,TSRYS5752098,D,B,C,2024-04-01,1000000.00,4.502042,99.968575
08:38:23,912810TZ1,TSRYS5752098,D,S,C,2024-04-01,1000000.00,4.502029,99.96875
08:38:23,912810TZ1,TSRYS5752098,D,B,C,2024-04-01,2000000.00,4.502042,99.968575
08:38:23,912810TZ1,TSRYS5752098,D,S,C,2024-04-01,2000000.00,4.502029,99.96875
08:38:23,912810TZ1,TSRYS5752098,D,S,C,2024-04-01,1000000.00,4.502029,99.96875
08:38:23,912810TZ1,TSRYS5752098,D,B,C,2024-04-01,1000000.00,4.502029,99.96875
08:38:23,912810TZ1,TSRYS5752098,D,S,C,2024-04-01,1000000.00,4.502029,99.96875
08:38:23,912810TZ1,TSRYS5752098,D,B,C,2024-04-01,1000000.00,4.502029,99.96875
08:38:28,912810TZ1,TSRYS5752098,D,S,T,2024-04-01,1000000.00,4.503976,99.943359375
08:38:28,912810TZ1,TSRYS5752098,D,S,T,2024-04-01,1000000.00,4.503976,99.943359375
08:38:28,912810TZ1,TSRYS5752098,D,S,T,2024-04-01,1000000.00,4.503976,99.943359375
08:38:28,912810TZ1,TSRYS5752098,D,B,C,2024-04-01,1000000.00,4.503976,99.943359375
08:38:28,912810TZ1,TSRYS5752098,D,S,D,2024-04-01,1000000.00,4.503967,99.943484375
08:38:29,912810TZ1,TSRYS5752098,D,S,D,2024-04-01,1000000.00,4.503967,99.943484375
08:38:29,912810TZ1,TSRYS5752098,D,B,C,2024-04-01,1000000.00,4.503976,99.943359375
08:38:30,912810TZ1,TSRYS5752098,D,S,D,2024-04-01,1000000.00,4.503967,99.943484375
08:38:30,912810TZ1,TSRYS5752098,D,S,D,2024-04-01,1000000.00,4.503967,99.943484375
08:38:31,912810TZ1,TSRYS5752098,D,S,C,2024-04-01,10000.00,4.499633,100.0
08:38:33,912810TZ1,TSRYS5752098,D,S,D,2024-04-01,1000000.00,4.503976,99.943359375
08:38:35,912810TZ1,TSRYS5752098,D,S,D,2024-04-01,1000000.00,4.502628,99.9609375
08:38:35,912810TZ1,TSRYS5752098,D,S,D,2024-04-01,10000.00,4.499633,100.0
08:38:40,912810TZ1,TSRYS5752098,D,B,C,2024-04-01,1000000.00,4.503227,99.953125
08:38:40,912810TZ1,TSRYS5752098,D,S,C,2024-04-01,1000000.00,4.503216,99.953277
08:38:56,912810TZ1,TSRYS5752098,D,B,C,2024-04-01,5000000.00,4.503227,99.953125
08:38:57,912810TZ1,TSRYS5752098,D,B,C,2024-04-01,3000000.00,4.50206,99.96835
08:38:57,912810TZ1,TSRYS5752098,D,S,A,2024-04-01,3000000.00,4.50206,99.96835
08:39:04,912810TZ1,TSRYS5752098,D,S,T,2024-04-01,1000000.00,4.503235,99.953023
08:39:04,912810TZ1,TSRYS5752098,D,S,T,2024-04-01,1000000.00,4.503235,99.953023
08:39:04,912810TZ1,TSRYS5752098,D,S,T,2024-04-01,1000000.00,4.503235,99.953023
08:39:05,912810TZ1,TSRYS5752098,D,S,T,2024-04-01,1000000.00,4.502778,99.958984375
08:39:06,912810TZ1,TSRYS5752098,D,B,C,2024-04-01,1000000.00,4.502778,99.958984375
08:39:06,912810TZ1,TSRYS5752098,D,S,D,2024-04-01,1000000.00,4.502768,99.959109375
08:39:06,912810TZ1,TSRYS5752098,D,S,D,2024-04-01,1000000.00,4.502768,99.959109375
08:39:09,912810TZ1,TSRYS5752098,D,S,D,2024-04-01,1000000.00,4.503976,99.943359375
08:39:09,912810TZ1,TSRYS5752098,D,B,C,2024-04-01,1000000.00,4.503988,99.943209375
08:39:30,912810TZ1,TSRYS5752098,D,S,T,2024-04-01,1000000.00,4.502052,99.96845
08:39:35,912810TZ1,TSRYS5752098,D,S,C,2024-04-01,1000000.00,4.502628,99.9609375
08:39:41,912810TZ1,TSRYS5752098,D,S,D,2024-04-01,1000000.00,4.503227,99.953125
08:39:41,912810TZ1,TSRYS5752098,D,S,C,2024-04-01,1000000.00,4.503227,99.953125
08:39:41,912810TZ1,TSRYS5752098,D,S,C,2024-04-01,1000000.00,4.503216,99.953275
08:39:48,912810TZ1,TSRYS5752098,D,S,T,2024-04-01,1000000.00,4.502628,99.9609375
08:39:48,912810TZ1,TSRYS5752098,D,S,D,2024-04-01,1000000.00,4.502628,99.9609375
08:39:56,912810TZ1,TSRYS5752098,D,S,C,2024-04-01,1000000.00,4.502029,99.96875
08:39:56,912810TZ1,TSRYS5752098,D,S,C,2024-04-01,1000000.00,4.502029,99.96875
08:39:56,912810TZ1,TSRYS5752098,D,B,C,2024-04-01,1000000.00,4.502042,99.968575
08:39:56,912810TZ1,TSRYS5752098,D,S,C,2024-04-01,1000000.00,4.500831,99.984375
08:40:10,912810TZ1,TSRYS5752098,D,B,C,2024-04-01,1000000.00,4.502042,99.968575
08:40:10,912810TZ1,TSRYS5752098,D,S,C,2024-04-01,1000000.00,4.502029,99.96875
08:40:10,912810TZ1,TSRYS5752098,D,B,C,2024-04-01,1000000.00,4.500843,99.984223
08:40:12,912810TZ1,TSRYS5752098,D,S,T,2024-04-01,1000000.00,4.444798,100.71875
08:40:24,912810TZ1,TSRYS5752098,D,S,D,2024-04-01,1000000.00,4.500531,99.98828125
08:40:24,912810TZ1,TSRYS5752098,D,S,D,2024-04-01,1000000.00,4.500531,99.98828125
08:40:24,912810TZ1,TSRYS5752098,D,B,C,2024-04-01,1000000.00,4.500531,99.98828125
08:40:47,912810TZ1,TSRYS5752098,D,S,C,2024-04-01,1000000.00,4.502778,99.958984375
08:41:00,912810TZ1,TSRYS5752098,D,S,T,2024-04-01,1000000.00,4.502778,99.95898437
08:41:09,912810TZ1,TSRYS5752098,D,S,D,2024-04-01,1000000.00,4.500831,99.984375
08:41:09,912810TZ1,TSRYS5752098,D,B,C,2024-04-01,1000000.00,4.500844,99.9842
08:41:24,912810TZ1,TSRYS5752098,D,S,T,2024-04-01,29000.00,4.498608,100.013375
08:41:39,912810TZ1,TSRYS5752098,D,S,C,2024-04-01,29000.00,4.469939,100.388375
08:42:19,912810TZ1,TSRYS5752098,D,S,D,2024-04-01,29000.00,4.498608,100.013375
08:42:21,912810TZ1,TSRYS5752098,D,S,C,2024-04-01,5000000.00,4.504126,99.94140625
08:42:30,912810TZ1,TSRYS5752098,D,S,D,2024-04-01,1000000.00,4.502029,99.96875
08:42:30,912810TZ1,TSRYS5752098,D,S,C,2024-04-01,1000000.00,4.502029,99.96875
08:42:31,912810TZ1,TSRYS5752098,D,B,C,2024-04-01,1000000.00,4.502029,99.96875
08:42:32,912810TZ1,TSRYS5752098,D,S,C,2024-04-01,1000000.00,4.502014,99.96895
08:42:35,912810TZ1,TSRYS5752098,D,B,C,2024-04-01,1000000.00,4.502928,99.95703125
08:42:35,912810TZ1,TSRYS5752098,D,S,D,2024-04-01,1000000.00,4.502928,99.95703125
08:43:04,912810TZ1,TSRYS5752098,D,B,C,2024-04-01,1000000.00,4.500831,99.984375
08:43:04,912810TZ1,TSRYS5752098,D,S,D,2024-04-01,1000000.00,4.500831,99.984375
08:43:04,912810TZ1,TSRYS5752098,D,S,C,2024-04-01,2800000.00,4.500831,99.984375
08:43:11,912810TZ1,TSRYS5752098,D,S,C,2024-04-01,1000000.00,4.502029,99.96875
08:43:11,912810TZ1,TSRYS5752098,D,B,C,2024-04-01,1000000.00,4.502042,99.968575
08:43:21,912810TZ1,TSRYS5752098,D,S,D,2024-04-01,500000.00,4.500831,99.984375
08:43:33,912810TZ1,TSRYS5752098,D,B,C,2024-04-01,1000000.00,4.500232,99.9921875
08:43:33,912810TZ1,TSRYS5752098,D,S,C,2024-04-01,1000000.00,4.500232,99.9921875
08:43:49,912810TZ1,TSRYS5752098,D,B,C,2024-04-01,1000000.00,4.499645,99.99985
08:43:49,912810TZ1,TSRYS5752098,D,S,D,2024-04-01,1000000.00,4.499633,100.0
08:43:58,912810TZ1,TSRYS5752098,D,S,C,2024-04-01,5000000.00,4.499334,100.00390625
08:44:22,912810TZ1,TSRYS5752098,D,S,D,2024-04-01,1000000.00,4.500531,99.98828125
08:44:22,912810TZ1,TSRYS5752098,D,B,C,2024-04-01,1000000.00,4.500531,99.98828125
08:44:37,912810TZ1,TSRYS5752098,D,B,C,2024-04-01,5000000.00,4.499633,100.0
08:45:17,912810TZ1,TSRYS5752098,D,S,C,2024-04-01,8000.00,4.494844,100.0625
08:45:18,912810TZ1,TSRYS5752098,D,S,D,2024-04-01,1000000.00,4.500531,99.98828125
08:45:20,912810TZ1,TSRYS5752098,D,S,D,2024-04-01,8000.00,4.494844,100.0625
08:45:51,912810TZ1,TSRYS5752098,D,B,C,2024-04-01,1000000.00,4.500082,99.994140625
08:45:51,912810TZ1,TSRYS5752098,D,S,D,2024-04-01,1000000.00,4.500082,99.994140625
08:47:48,912810TZ1,TSRYS5752098,D,S,C,2024-04-01,1000000.00,4.499184,100.005859375
08:47:48,912810TZ1,TSRYS5752098,D,B,C,2024-04-01,1000000.00,4.499195,100.005709375
08:47:54,912810TZ1,TSRYS5752098,D,B,C,2024-04-01,1000000.00,4.498436,100.015625
08:47:54,912810TZ1,TSRYS5752098,D,S,D,2024-04-01,1000000.00,4.498436,100.015625
08:48:09,912810TZ1,TSRYS5752098,D,S,T,2024-04-01,1000000.00,4.499633,100.0
08:48:42,912810TZ1,TSRYS5752098,D,S,D,2024-04-01,1000000.00,4.498436,100.015625
08:48:42,912810TZ1,TSRYS5752098,D,B,C,2024-04-01,1000000.00,4.498436,100.015625
08:48:42,912810TZ1,TSRYS5752098,D,S,D,2024-04-01,1000000.00,4.498436,100.015625
08:48:42,912810TZ1,TSRYS5752098,D,B,C,2024-04-01,1000000.00,4.498436,100.015625
08:48:42,912810TZ1,TSRYS5752098,D,S,D,2024-04-01,1000000.00,4.499633,100.0
08:48:42,912810TZ1,TSRYS5752098,D,B,C,2024-04-01,1000000.00,4.499641,99.9999
08:48:42,912810TZ1,TSRYS5752098,D,S,D,2024-04-01,1000000.00,4.499633,100.0
08:48:42,912810TZ1,TSRYS5752098,D,S,D,2024-04-01,1000000.00,4.499633,100.0
08:48:42,912810TZ1,TSRYS5752098,D,B,C,2024-04-01,1000000.00,4.499633,100.0
08:49:08,912810TZ1,TSRYS5752098,D,B,C,2024-04-01,1000000.00,4.497845,100.0233375
08:49:08,912810TZ1,TSRYS5752098,D,S,C,2024-04-01,1000000.00,4.497837,100.0234375
08:49:50,912810TZ1,TSRYS5752098,D,S,T,2024-04-01,1000000.00,4.499633,100.0
08:49:57,912810TZ1,TSRYS5752098,D,B,C,2024-04-01,1000000.00,4.499334,100.00390625
08:49:57,912810TZ1,TSRYS5752098,D,S,D,2024-04-01,1000000.00,4.499334,100.00390625
08:50:07,912810TZ1,TSRYS5752098,D,S,T,2024-04-01,1000000.00,4.50024,99.9920875
08:50:07,912810TZ1,TSRYS5752098,D,S,C,2024-04-01,1000000.00,4.500232,99.9921875
08:50:07,912810TZ1,TSRYS5752098,D,S,D,2024-04-01,1000000.00,4.500232,99.9921875
08:50:11,912810TZ1,TSRYS5752098,D,S,C,2024-04-01,1000000.00,4.500232,99.9921875
08:50:12,912810TZ1,TSRYS5752098,D,S,D,2024-04-01,1000000.00,4.500232,99.9921875
08:50:12,912810TZ1,TSRYS5752098,D,S,D,2024-04-01,1000000.00,4.500232,99.9921875
08:50:12,912810TZ1,TSRYS5752098,D,S,D,2024-04-01,1000000.00,4.500232,99.9921875
08:50:12,912810TZ1,TSRYS5752098,D,S,D,2024-04-01,1000000.00,4.500382,99.990234375
08:50:18,912810TZ1,TSRYS5752098,D,S,A,2024-04-01,89000.00,4.498436,100.015625
08:50:28,912810TZ1,TSRYS5752098,D,S,D,2024-04-01,1000000.00,4.499633,100.0
08:50:28,912810TZ1,TSRYS5752098,D,S,D,2024-04-01,1000000.00,4.499633,100.0
08:50:28,912810TZ1,TSRYS5752098,D,B,C,2024-04-01,1000000.00,4.499647,99.999825
08:50:28,912810TZ1,TSRYS5752098,D,S,C,2024-04-01,1000000.00,4.499633,100.0
08:50:28,912810TZ1,TSRYS5752098,D,B,C,2024-04-01,1000000.00,4.499647,99.999825
08:50:42,912810TZ1,TSRYS5752098,D,B,C,2024-04-01,1000000.00,4.499647,99.999825
08:50:42,912810TZ1,TSRYS5752098,D,S,D,2024-04-01,1000000.00,4.499633,100.0
08:50:42,912810TZ1,TSRYS5752098,D,B,C,2024-04-01,1000000.00,4.499647,99.999825
08:50:42,912810TZ1,TSRYS5752098,D,S,D,2024-04-01,1000000.00,4.499633,100.0
08:50:42,912810TZ1,TSRYS5752098,D,B,C,2024-04-01,1000000.00,4.499633,100.0
08:50:43,912810TZ1,TSRYS5752098,D,S,D,2024-04-01,1000000.00,4.499633,100.0
08:50:43,912810TZ1,TSRYS5752098,D,B,C,2024-04-01,2000000.00,4.499633,100.0
08:50:43,912810TZ1,TSRYS5752098,D,S,D,2024-04-01,2000000.00,4.499633,100.0
08:50:45,912810TZ1,TSRYS5752098,D,S,D,2024-04-01,1000000.00,4.500232,99.9921875
08:50:45,912810TZ1,TSRYS5752098,D,S,D,2024-04-01,1000000.00,4.500232,99.9921875
08:50:45,912810TZ1,TSRYS5752098,D,S,D,2024-04-01,1000000.00,4.500232,99.9921875
08:50:45,912810TZ1,TSRYS5752098,D,S,D,2024-04-01,1000000.00,4.500232,99.9921875
08:50:46,912810TZ1,TSRYS5752098,D,S,T,2024-04-01,1000000.00,4.500232,99.9921875
08:50:46,912810TZ1,TSRYS5752098,D,S,T,2024-04-01,1000000.00,4.500232,99.9921875
08:50:49,912810TZ1,TSRYS5752098,D,S,D,2024-04-01,1000000.00,4.500232,99.9921875
08:50:51,912810TZ1,TSRYS5752098,D,S,T,2024-04-01,1000000.00,4.500232,99.9921875
08:50:51,912810TZ1,TSRYS5752098,D,S,D,2024-04-01,1000000.00,4.499933,99.99609375
08:50:51,912810TZ1,TSRYS5752098,D,S,T,2024-04-01,1000000.00,4.500232,99.9921875
08:51:08,912810TZ1,TSRYS5752098,D,S,T,2024-04-01,1000000.00,4.500382,99.99023437
08:51:08,912810TZ1,TSRYS5752098,D,S,D,2024-04-01,1000000.00,4.500232,99.9921875
08:51:09,912810TZ1,TSRYS5752098,D,S,T,2024-04-01,1000000.00,4.500831,99.984375
08:51:17,912810TZ1,TSRYS5752098,D,S,T,2024-04-01,1000000.00,4.502636,99.9608375
08:51:18,912810TZ1,TSRYS5752098,D,S,D,2024-04-01,1000000.00,4.502628,99.9609375
08:51:18,912810TZ1,TSRYS5752098,D,S,D,2024-04-01,1000000.00,4.502329,99.96484375
08:51:18,912810TZ1,TSRYS5752098,D,S,D,2024-04-01,1000000.00,4.502329,99.96484375
08:51:19,912810TZ1,TSRYS5752098,D,S,D,2024-04-01,1000000.00,4.502628,99.9609375
08:51:19,912810TZ1,TSRYS5752098,D,S,D,2024-04-01,1000000.00,4.502329,99.96484375
08:51:19,912810TZ1,TSRYS5752098,D,S,D,2024-04-01,1000000.00,4.502628,99.9609375
08:51:19,912810TZ1,TSRYS5752098,D,S,D,2024-04-01,1000000.00,4.502329,99.96484375
08:51:22,912810TZ1,TSRYS5752098,D,S,C,2024-04-01,1000000.00,4.500382,99.99023437
08:51:22,912810TZ1,TSRYS5752098,D,S,C,2024-04-01,1000000.00,4.502179,99.966796875
08:51:22,912810TZ1,TSRYS5752098,D,S,D,2024-04-01,1000000.00,4.502628,99.9609375
08:51:23,912810TZ1,TSRYS5752098,D,S,D,2024-04-01,1000000.00,4.500382,99.99023437
08:51:23,912810TZ1,TSRYS5752098,D,S,C,2024-04-01,1000000.00,4.502628,99.9609375
08:51:23,912810TZ1,TSRYS5752098,D,S,D,2024-04-01,1000000.00,4.502628,99.9609375
08:51:23,912810TZ1,TSRYS5752098,D,S,D,2024-04-01,1000000.00,4.502478,99.962890625
08:51:37,912810TZ1,TSRYS5752098,D,B,C,2024-04-01,1000000.00,4.505025,99.9296875
08:51:37,912810TZ1,TSRYS5752098,D,S,D,2024-04-01,1000000.00,4.505025,99.9296875
08:51:41,912810TZ1,TSRYS5752098,D,S,C,2024-04-01,9200000.00,4.504426,99.9375
08:51:58,912810TZ1,TSRYS5752098,D,B,C,2024-04-01,1000000.00,4.500831,99.984375
08:51:58,912810TZ1,TSRYS5752098,D,S,D,2024-04-01,1000000.00,4.500831,99.984375
08:51:58,912810TZ1,TSRYS5752098,D,S,D,2024-04-01,1000000.00,4.500831,99.984375
08:51:58,912810TZ1,TSRYS5752098,D,B,C,2024-04-01,1000000.00,4.500831,99.984375
08:51:58,912810TZ1,TSRYS5752098,D,S,D,2024-04-01,1000000.00,4.500831,99.984375
08:51:59,912810TZ1,TSRYS5752098,D,B,C,2024-04-01,1000000.00,4.505025,99.9296875
08:51:59,912810TZ1,TSRYS5752098,D,S,D,2024-04-01,1000000.00,4.502628,99.9609375
08:51:59,912810TZ1,TSRYS5752098,D,S,T,2024-04-01,1000000.00,4.502628,99.9609375
08:52:03,912810TZ1,TSRYS5752098,D,S,C,2024-04-01,1000000.00,4.502329,99.96484375
