tradeTime,cusip,issueSymbolIdentifier,priceType,reportingSideCode,contraPartyTypeCode,tradeDate,reportedTradeVolume,lastSaleYield,lastSalePrice
08:00:09,912810TZ1,TSRYS5752098,D,S,D,2024-04-18,1000000.00,4.815721,95.990234375
08:00:09,912810TZ1,TSRYS5752098,D,S,T,2024-04-18,1000000.00,4.815562,95.9921875
08:00:09,912810TZ1,TSRYS5752098,D,S,D,2024-04-18,1000000.00,4.81493,96.0
08:00:09,912810TZ1,TSRYS5752098,D,S,D,2024-04-18,1000000.00,4.81493,96.0
08:00:09,912810TZ1,TSRYS5752098,D,S,D,2024-04-18,1000000.00,4.81493,96.0
08:00:09,912810TZ1,TSRYS5752098,D,S,T,2024-04-18,1000000.00,4.816195,95.984375
08:00:09,912810TZ1,TSRYS5752098,D,S,D,2024-04-18,1000000.00,4.815246,95.99609375
08:00:09,912810TZ1,TSRYS5752098,D,S,D,2024-04-18,1000000.00,4.815246,95.99609375
08:00:09,912810TZ1,TSRYS5752098,D,S,D,2024-04-18,2000000.00,4.817778,95.96484375
08:00:09,912810TZ1,TSRYS5752098,D,S,T,2024-04-18,1000000.00,4.802761,96.150390625
08:00:09,912810TZ1,TSRYS5752098,D,S,T,2024-04-18,1000000.00,4.802761,96.150390625
08:00:09,912810TZ1,TSRYS5752098,D,S,T,2024-04-18,1000000.00,4.802761,96.150390625
08:00:09,912810TZ1,TSRYS5752098,D,S,T,2024-04-18,1000000.00,4.801972,96.16015625
08:00:09,912810TZ1,TSRYS5752098,D,S,D,2024-04-18,1000000.00,4.815879,95.98828125
08:00:09,912810TZ1,TSRYS5752098,D,S,D,2024-04-18,1000000.00,4.816353,95.982421875
08:00:09,912810TZ1,TSRYS5752098,D,S,T,2024-04-18,1000000.00,4.816353,95.982421875
08:00:09,912810TZ1,TSRYS5752098,D,S,D,2024-04-18,1000000.00,4.816353,95.982421875
08:00:09,912810TZ1,TSRYS5752098,D,S,T,2024-04-18,1000000.00,4.816353,95.982421875
08:00:09,912810TZ1,TSRYS5752098,D,S,T,2024-04-18,1000000.00,4.807341,96.09375
08:00:09,912810TZ1,TSRYS5752098,D,S,T,2024-04-18,1000000.00,4.811292,96.044921875
08:00:09,912810TZ1,TSRYS5752098,D,S,D,2024-04-18,1000000.00,4.816195,95.984375
08:00:09,912810TZ1,TSRYS5752098,D,S,D,2024-04-18,1000000.00,4.816986,95.974609375
08:00:09,912810TZ1,TSRYS5752098,D,B,C,2024-04-18,8000000.00,4.824429,95.8828125
08:00:10,912810TZ1,TSRYS5752098,D,B,C,2024-04-18,8000000.00,4.821261,95.921875
08:00:12,912810TZ1,TSRYS5752098,D,S,D,2024-04-18,1000000.00,4.826964,95.8515625
08:00:13,912810TZ1,TSRYS5752098,D,S,D,2024-04-18,1000000.00,4.826964,95.8515625
08:00:13,912810TZ1,TSRYS5752098,D,S,D,2024-04-18,1000000.00,4.826964,95.8515625
08:00:13,912810TZ1,TSRYS5752098,D,S,D,2024-04-18,1000000.00,4.827281,95.84765625
08:00:13,912810TZ1,TSRYS5752098,D,S,D,2024-04-18,1000000.00,4.828233,95.8359375
08:00:13,912810TZ1,TSRYS5752098,D,S,D,2024-04-18,1000000.00,4.828233,95.8359375
08:00:13,912810TZ1,TSRYS5752098,D,S,D,2024-04-18,1000000.00,4.826013,95.86328125
08:00:13,912810TZ1,TSRYS5752098,D,S,D,2024-04-18,1000000.00,4.826964,95.8515625
08:00:13,912810TZ1,TSRYS5752098,D,S,D,2024-04-18,1000000.00,4.827281,95.84765625
08:00:13,912810TZ1,TSRYS5752098,D,S,D,2024-04-18,1000000.00,4.826964,95.8515625
08:00:14,912810TZ1,TSRYS5752098,D,B,C,2024-04-18,8000000.00,4.813664,96.015625
08:00:14,912810TZ1,TSRYS5752098,D,S,A,2024-04-18,5000000.00,4.81186,96.0390625
08:00:15,912810TZ1,TSRYS5752098,D,S,D,2024-04-18,1000000.00,4.81493,96.0
08:00:15,912810TZ1,TSRYS5752098,D,S,D,2024-04-18,1000000.00,4.81493,96.0
08:00:15,912810TZ1,TSRYS5752098,D,S,D,2024-04-18,1000000.00,4.814297,96.0078125
08:00:15,912810TZ1,TSRYS5752098,D,S,D,2024-04-18,1000000.00,4.812715,96.02734375
08:00:16,912810TZ1,TSRYS5752098,D,S,D,2024-04-18,1000000.00,4.816195,95.984375
08:00:16,912810TZ1,TSRYS5752098,D,S,D,2024-04-18,1000000.00,4.815879,95.98828125
08:00:16,912810TZ1,TSRYS5752098,D,S,D,2024-04-18,1000000.00,4.817145,95.97265625
08:00:18,912810TZ1,TSRYS5752098,D,S,C,2024-04-18,3000.00,4.822495,96.07331666667
08:00:19,912810TZ1,TSRYS5752098,D,S,D,2024-04-18,1000000.00,4.81493,96.0
08:00:19,912810TZ1,TSRYS5752098,D,S,D,2024-04-18,3100000.00,4.816195,95.984375
08:00:19,912810TZ1,TSRYS5752098,D,S,D,2024-04-18,900000.00,4.817461,95.96875
08:00:19,912810TZ1,TSRYS5752098,D,S,D,2024-04-18,900000.00,4.816512,95.98046875
08:00:19,912810TZ1,TSRYS5752098,D,S,D,2024-04-18,2000000.00,4.816195,95.984375
08:00:19,912810TZ1,TSRYS5752098,D,S,D,2024-04-18,100000.00,4.816512,95.98046875
08:00:19,912810TZ1,TSRYS5752098,D,S,D,2024-04-18,900000.00,4.816512,95.98046875
08:00:19,912810TZ1,TSRYS5752098,D,S,D,2024-04-18,100000.00,4.816512,95.98046875
08:00:19,912810TZ1,TSRYS5752098,D,S,D,2024-04-18,1000000.00,4.815246,95.99609375
08:00:19,912810TZ1,TSRYS5752098,D,S,D,2024-04-18,1000000.00,4.817145,95.97265625
08:00:19,912810TZ1,TSRYS5752098,D,S,D,2024-04-18,1200000.00,4.817461,95.96875
08:00:19,912810TZ1,TSRYS5752098,D,S,D,2024-04-18,1000000.00,4.817145,95.97265625
08:00:19,912810TZ1,TSRYS5752098,D,S,D,2024-04-18,1000000.00,4.817461,95.96875
08:00:19,912810TZ1,TSRYS5752098,D,S,D,2024-04-18,800000.00,4.817461,95.96875
08:00:19,912810TZ1,TSRYS5752098,D,S,D,2024-04-18,200000.00,4.817461,95.96875
08:00:19,912810TZ1,TSRYS5752098,D,S,D,2024-04-18,800000.00,4.817461,95.96875
08:00:19,912810TZ1,TSRYS5752098,D,S,D,2024-04-18,200000.00,4.817461,95.96875
08:00:20,912810TZ1,TSRYS5752098,D,S,D,2024-04-18,1800000.00,4.817461,95.96875
08:00:20,912810TZ1,TSRYS5752098,D,S,D,2024-04-18,200000.00,4.817461,95.96875
08:00:20,912810TZ1,TSRYS5752098,D,S,D,2024-04-18,1800000.00,4.817461,95.96875
08:00:20,912810TZ1,TSRYS5752098,D,S,D,2024-04-18,200000.00,4.817461,95.96875
08:00:20,912810TZ1,TSRYS5752098,D,S,D,2024-04-18,1000000.00,4.816195,95.984375
08:00:20,912810TZ1,TSRYS5752098,D,S,D,2024-04-18,800000.00,4.817461,95.96875
08:00:20,912810TZ1,TSRYS5752098,D,S,D,2024-04-18,1000000.00,4.816195,95.984375
08:00:20,912810TZ1,TSRYS5752098,D,S,D,2024-04-18,1000000.00,4.816828,95.9765625
08:00:20,912810TZ1,TSRYS5752098,D,S,C,2024-04-18,200000.00,4.817461,95.96875
08:00:20,912810TZ1,TSRYS5752098,D,S,D,2024-04-18,1000000.00,4.817145,95.97265625
08:00:20,912810TZ1,TSRYS5752098,D,S,D,2024-04-18,1000000.00,4.817461,95.96875
08:00:20,912810TZ1,TSRYS5752098,D,S,D,2024-04-18,1000000.00,4.816828,95.9765625
08:00:20,912810TZ1,TSRYS5752098,D,S,D,2024-04-18,2000000.00,4.816828,95.9765625
08:00:20,912810TZ1,TSRYS5752098,D,S,D,2024-04-18,1000000.00,4.816828,95.9765625
08:00:20,912810TZ1,TSRYS5752098,D,S,D,2024-04-18,1000000.00,4.816828,95.9765625
08:00:20,912810TZ1,TSRYS5752098,D,S,D,2024-04-18,2000000.00,4.817461,95.96875
08:00:20,912810TZ1,TSRYS5752098,D,S,D,2024-04-18,1000000.00,4.817145,95.97265625
08:00:20,912810TZ1,TSRYS5752098,D,S,D,2024-04-18,1000000.00,4.816512,95.98046875
08:00:20,912810TZ1,TSRYS5752098,D,S,D,2024-04-18,1000000.00,4.816512,95.98046875
08:00:20,912810TZ1,TSRYS5752098,D,S,D,2024-04-18,1000000.00,4.815246,95.99609375
08:00:20,912810TZ1,TSRYS5752098,D,S,D,2024-04-18,1000000.00,4.815562,95.9921875
08:00:20,912810TZ1,TSRYS5752098,D,S,D,2024-04-18,1000000.00,4.815879,95.98828125
08:00:20,912810TZ1,TSRYS5752098,D,S,D,2024-04-18,1000000.00,4.815562,95.9921875
08:00:20,912810TZ1,TSRYS5752098,D,S,D,2024-04-18,2000000.00,4.815879,95.98828125
08:00:20,912810TZ1,TSRYS5752098,D,S,D,2024-04-18,1000000.00,4.816512,95.98046875
08:00:20,912810TZ1,TSRYS5752098,D,S,D,2024-04-18,800000.00,4.816195,95.984375
08:00:20,912810TZ1,TSRYS5752098,D,B,C,2024-04-18,41000000.00,4.816655,95.978701524
08:00:22,912810TZ1,TSRYS5752098,D,S,D,2024-04-18,1000000.00,4.813032,96.0234375
08:00:24,912810TZ1,TSRYS5752098,D,B,C,2024-04-18,1000000.00,4.816195,95.984375
08:00:24,912810TZ1,TSRYS5752098,D,S,T,2024-04-18,1000000.00,4.813664,96.015625
08:00:24,912810TZ1,TSRYS5752098,D,S,D,2024-04-18,1000000.00,4.801657,96.1640625
08:00:24,912810TZ1,TSRYS5752098,D,S,D,2024-04-18,1000000.00,4.80071,96.17578125
08:00:25,912810TZ1,TSRYS5752098,D,S,D,2024-04-18,1000000.00,4.80071,96.17578125
08:00:25,912810TZ1,TSRYS5752098,D,S,D,2024-04-18,1000000.00,4.801657,96.1640625
08:00:25,912810TZ1,TSRYS5752098,D,S,D,2024-04-18,1000000.00,4.802288,96.15625
08:00:27,912810TZ1,TSRYS5752098,D,B,C,2024-04-18,8000000.00,4.825696,95.8671875
08:00:27,912810TZ1,TSRYS5752098,D,B,C,2024-04-18,8000000.00,4.823795,95.890625
08:00:29,912810TZ1,TSRYS5752098,D,B,C,2024-04-18,8000000.00,4.828233,95.8359375
08:00:29,912810TZ1,TSRYS5752098,D,S,D,2024-04-18,1000000.00,4.814613,96.00390625
08:00:30,912810TZ1,TSRYS5752098,D,S,T,2024-04-18,2000000.00,4.813664,96.015625
08:00:30,912810TZ1,TSRYS5752098,D,S,T,2024-04-18,2000000.00,4.813664,96.015625
08:00:30,912810TZ1,TSRYS5752098,D,S,T,2024-04-18,1000000.00,4.813664,96.015625
08:00:30,912810TZ1,TSRYS5752098,D,S,T,2024-04-18,1000000.00,4.813664,96.015625
08:00:30,912810TZ1,TSRYS5752098,D,S,T,2024-04-18,2000000.00,4.813664,96.015625
08:00:30,912810TZ1,TSRYS5752098,D,S,T,2024-04-18,1000000.00,4.811134,96.046875
08:00:30,912810TZ1,TSRYS5752098,D,S,T,2024-04-18,1000000.00,4.811134,96.046875
08:00:30,912810TZ1,TSRYS5752098,D,S,T,2024-04-18,1000000.00,4.812399,96.03125
08:00:30,912810TZ1,TSRYS5752098,D,S,T,2024-04-18,1000000.00,4.812399,96.03125
08:00:30,912810TZ1,TSRYS5752098,D,S,T,2024-04-18,1000000.00,4.812399,96.03125
08:00:30,912810TZ1,TSRYS5752098,D,S,T,2024-04-18,1000000.00,4.812399,96.03125
08:00:30,912810TZ1,TSRYS5752098,D,S,T,2024-04-18,1000000.00,4.812399,96.03125
08:00:30,912810TZ1,TSRYS5752098,D,S,T,2024-04-18,1000000.00,4.817461,95.96875
08:00:30,912810TZ1,TSRYS5752098,D,S,T,2024-04-18,1000000.00,4.811134,96.046875
08:00:30,912810TZ1,TSRYS5752098,D,S,T,2024-04-18,1000000.00,4.816195,95.984375
08:00:30,912810TZ1,TSRYS5752098,D,S,D,2024-04-18,1000000.00,4.815562,95.9921875
08:00:30,912810TZ1,TSRYS5752098,D,S,T,2024-04-18,1000000.00,4.816195,95.984375
08:00:30,912810TZ1,TSRYS5752098,D,S,T,2024-04-18,1000000.00,4.817461,95.96875
08:00:30,912810TZ1,TSRYS5752098,D,S,T,2024-04-18,1000000.00,4.816195,95.984375
08:00:30,912810TZ1,TSRYS5752098,D,S,T,2024-04-18,1000000.00,4.816195,95.984375
08:00:30,912810TZ1,TSRYS5752098,D,S,T,2024-04-18,1000000.00,4.81493,96.0
08:00:30,912810TZ1,TSRYS5752098,D,S,T,2024-04-18,1000000.00,4.803551,96.140625
08:00:30,912810TZ1,TSRYS5752098,D,S,T,2024-04-18,2000000.00,4.806078,96.109375
08:00:30,912810TZ1,TSRYS5752098,D,S,T,2024-04-18,1000000.00,4.806078,96.109375
08:00:30,912810TZ1,TSRYS5752098,D,S,T,2024-04-18,1000000.00,4.807341,96.09375
08:00:30,912810TZ1,TSRYS5752098,D,S,T,2024-04-18,1000000.00,4.807341,96.09375
08:00:30,912810TZ1,TSRYS5752098,D,S,T,2024-04-18,1000000.00,4.807341,96.09375
08:00:30,912810TZ1,TSRYS5752098,D,S,T,2024-04-18,1000000.00,4.807341,96.09375
08:00:30,912810TZ1,TSRYS5752098,D,S,T,2024-04-18,1000000.00,4.808921,96.07421875
08:00:30,912810TZ1,TSRYS5752098,D,S,T,2024-04-18,1000000.00,4.812399,96.03125
08:00:30,912810TZ1,TSRYS5752098,D,S,T,2024-04-18,1000000.00,4.812399,96.03125
08:00:30,912810TZ1,TSRYS5752098,D,S,T,2024-04-18,4000000.00,4.812399,96.03125
08:00:30,912810TZ1,TSRYS5752098,D,S,T,2024-04-18,1000000.00,4.812399,96.03125
08:00:30,912810TZ1,TSRYS5752098,D,S,T,2024-04-18,1000000.00,4.80987,96.0625
08:00:30,912810TZ1,TSRYS5752098,D,S,T,2024-04-18,1000000.00,4.80987,96.0625
08:00:30,912810TZ1,TSRYS5752098,D,S,T,2024-04-18,1000000.00,4.808605,96.078125
08:00:30,912810TZ1,TSRYS5752098,D,S,T,2024-04-18,1000000.00,4.803551,96.140625
08:00:30,912810TZ1,TSRYS5752098,D,S,T,2024-04-18,1000000.00,4.803551,96.140625
08:00:30,912810TZ1,TSRYS5752098,D,S,T,2024-04-18,1000000.00,4.803551,96.140625
08:00:30,912810TZ1,TSRYS5752098,D,S,T,2024-04-18,1000000.00,4.802761,96.150390625
08:00:30,912810TZ1,TSRYS5752098,D,S,T,2024-04-18,1000000.00,4.802446,96.154296875
08:00:30,912810TZ1,TSRYS5752098,D,S,T,2024-04-18,1000000.00,4.802288,96.15625
08:00:30,912810TZ1,TSRYS5752098,D,S,T,2024-04-18,1000000.00,4.803551,96.140625
08:00:30,912810TZ1,TSRYS5752098,D,S,T,2024-04-18,1000000.00,4.81493,96.0
08:00:30,912810TZ1,TSRYS5752098,D,S,T,2024-04-18,1000000.00,4.813664,96.015625
08:00:30,912810TZ1,TSRYS5752098,D,S,T,2024-04-18,1000000.00,4.813664,96.015625
08:00:30,912810TZ1,TSRYS5752098,D,S,T,2024-04-18,1000000.00,4.813664,96.015625
08:00:30,912810TZ1,TSRYS5752098,D,S,T,2024-04-18,1000000.00,4.813664,96.015625
08:00:30,912810TZ1,TSRYS5752098,D,S,T,2024-04-18,1000000.00,4.813664,96.015625
08:00:30,912810TZ1,TSRYS5752098,D,S,T,2024-04-18,1000000.00,4.814297,96.0078125
08:00:30,912810TZ1,TSRYS5752098,D,S,T,2024-04-18,1000000.00,4.812399,96.03125
08:00:30,912810TZ1,TSRYS5752098,D,S,T,2024-04-18,1000000.00,4.807341,96.09375
08:00:30,912810TZ1,TSRYS5752098,D,S,T,2024-04-18,1000000.00,4.803709,96.138671875
08:00:30,912810TZ1,TSRYS5752098,D,S,T,2024-04-18,1000000.00,4.803235,96.14453125
08:00:30,912810TZ1,TSRYS5752098,D,S,T,2024-04-18,1000000.00,4.807341,96.09375
08:00:33,912810TZ1,TSRYS5752098,D,S,T,2024-04-18,1000000.00,4.812399,96.03125
08:00:33,912810TZ1,TSRYS5752098,D,S,T,2024-04-18,1000000.00,4.810502,96.0546875
08:00:33,912810TZ1,TSRYS5752098,D,S,T,2024-04-18,1000000.00,4.810502,96.0546875
08:00:33,912810TZ1,TSRYS5752098,D,S,T,2024-04-18,1000000.00,4.810502,96.0546875
08:00:33,912810TZ1,TSRYS5752098,D,S,T,2024-04-18,1000000.00,4.810502,96.0546875
08:00:33,912810TZ1,TSRYS5752098,D,S,T,2024-04-18,1000000.00,4.810502,96.0546875
08:00:33,912810TZ1,TSRYS5752098,D,S,T,2024-04-18,1000000.00,4.811134,96.046875
08:00:33,912810TZ1,TSRYS5752098,D,S,T,2024-04-18,1000000.00,4.807341,96.09375
08:00:33,912810TZ1,TSRYS5752098,D,S,T,2024-04-18,5000000.00,4.813506,96.017578125
08:00:33,912810TZ1,TSRYS5752098,D,S,T,2024-04-18,1000000.00,4.814297,96.0078125
08:00:33,912810TZ1,TSRYS5752098,D,S,T,2024-04-18,1000000.00,4.816353,95.982421875
08:00:33,912810TZ1,TSRYS5752098,D,S,T,2024-04-18,1000000.00,4.817145,95.97265625
08:00:33,912810TZ1,TSRYS5752098,D,S,T,2024-04-18,1000000.00,4.818727,95.953125
08:00:33,912810TZ1,TSRYS5752098,D,S,T,2024-04-18,1000000.00,4.818727,95.953125
08:00:33,912810TZ1,TSRYS5752098,D,S,D,2024-04-18,1000000.00,4.826964,95.8515625
08:00:33,912810TZ1,TSRYS5752098,D,S,D,2024-04-18,1000000.00,4.826964,95.8515625
08:00:33,912810TZ1,TSRYS5752098,D,S,D,2024-04-18,1000000.00,4.826964,95.8515625
08:00:33,912810TZ1,TSRYS5752098,D,S,D,2024-04-18,1000000.00,4.827281,95.84765625
08:00:33,912810TZ1,TSRYS5752098,D,S,D,2024-04-18,1000000.00,4.828233,95.8359375
08:00:33,912810TZ1,TSRYS5752098,D,S,D,2024-04-18,1000000.00,4.828233,95.8359375
08:00:33,912810TZ1,TSRYS5752098,D,S,D,2024-04-18,1000000.00,4.81493,96.0
08:00:33,912810TZ1,TSRYS5752098,D,S,D,2024-04-18,1000000.00,4.81493,96.0
08:00:33,912810TZ1,TSRYS5752098,D,S,D,2024-04-18,1000000.00,4.81493,96.0
08:00:33,912810TZ1,TSRYS5752098,D,S,D,2024-04-18,1000000.00,4.815562,95.9921875
08:00:33,912810TZ1,TSRYS5752098,D,S,D,2024-04-18,1000000.00,4.815246,95.99609375
08:00:33,912810TZ1,TSRYS5752098,D,S,D,2024-04-18,1000000.00,4.815246,95.99609375
08:00:33,912810TZ1,TSRYS5752098,D,S,D,2024-04-18,1000000.00,4.816828,95.9765625
08:00:33,912810TZ1,TSRYS5752098,D,S,D,2024-04-18,1000000.00,4.817778,95.96484375
08:00:33,912810TZ1,TSRYS5752098,D,S,D,2024-04-18,1000000.00,4.816512,95.98046875
08:00:33,912810TZ1,TSRYS5752098,D,S,D,2024-04-18,1000000.00,4.812399,96.03125
08:00:33,912810TZ1,TSRYS5752098,D,S,D,2024-04-18,1000000.00,4.801025,96.171875
08:00:33,912810TZ1,TSRYS5752098,D,S,D,2024-04-18,1000000.00,4.801657,96.1640625
08:00:33,912810TZ1,TSRYS5752098,D,S,D,2024-04-18,1000000.00,4.80071,96.17578125
08:00:33,912810TZ1,TSRYS5752098,D,S,D,2024-04-18,1000000.00,4.801657,96.1640625
08:00:33,912810TZ1,TSRYS5752098,D,S,D,2024-04-18,1000000.00,4.814613,96.00390625
08:00:33,912810TZ1,TSRYS5752098,D,S,D,2024-04-18,1000000.00,4.817145,95.97265625
08:00:33,912810TZ1,TSRYS5752098,D,S,D,2024-04-18,1000000.00,4.815246,95.99609375
08:00:33,912810TZ1,TSRYS5752098,D,S,T,2024-04-18,1000000.00,4.811292,96.044921875
08:00:33,912810TZ1,TSRYS5752098,D,S,D,2024-04-18,1000000.00,4.808921,96.07421875
08:00:33,912810TZ1,TSRYS5752098,D,S,D,2024-04-18,1000000.00,4.810502,96.0546875
08:00:33,912810TZ1,TSRYS5752098,D,S,D,2024-04-18,1000000.00,4.810502,96.0546875
08:00:33,912810TZ1,TSRYS5752098,D,S,D,2024-04-18,1000000.00,4.811134,96.046875
08:00:33,912810TZ1,TSRYS5752098,D,S,D,2024-04-18,1000000.00,4.811134,96.046875
08:00:33,912810TZ1,TSRYS5752098,D,S,D,2024-04-18,1000000.00,4.811134,96.046875
08:00:33,912810TZ1,TSRYS5752098,D,S,T,2024-04-18,1000000.00,4.802288,96.15625
08:00:33,912810TZ1,TSRYS5752098,D,S,D,2024-04-18,1000000.00,4.804182,96.1328125
08:00:33,912810TZ1,TSRYS5752098,D,S,D,2024-04-18,370000.00,4.817461,95.96875
08:00:33,912810TZ1,TSRYS5752098,D,S,T,2024-04-18,1000000.00,4.811134,96.046875
08:00:33,912810TZ1,TSRYS5752098,D,S,T,2024-04-18,1000000.00,4.811134,96.046875
08:00:33,912810TZ1,TSRYS5752098,D,S,D,2024-04-18,1000000.00,4.811134,96.046875
08:00:33,912810TZ1,TSRYS5752098,D,S,D,2024-04-18,1000000.00,4.816195,95.984375
08:00:33,912810TZ1,TSRYS5752098,D,S,D,2024-04-18,1000000.00,4.823636,95.892578125
08:00:33,912810TZ1,TSRYS5752098,D,S,D,2024-04-18,1000000.00,4.815562,95.9921875
08:00:33,912810TZ1,TSRYS5752098,D,S,D,2024-04-18,1000000.00,4.81493,96.0
08:00:33,912810TZ1,TSRYS5752098,D,S,D,2024-04-18,1000000.00,4.81493,96.0
08:00:33,912810TZ1,TSRYS5752098,D,S,D,2024-04-18,1000000.00,4.81493,96.0
08:00:33,912810TZ1,TSRYS5752098,D,S,D,2024-04-18,1000000.00,4.81493,96.0
08:00:33,912810TZ1,TSRYS5752098,D,S,D,2024-04-18,1000000.00,4.81493,96.0
08:00:33,912810TZ1,TSRYS5752098,D,S,D,2024-04-18,1000000.00,4.81493,96.0
08:00:33,912810TZ1,TSRYS5752098,D,S,D,2024-04-18,1000000.00,4.81493,96.0
08:00:33,912810TZ1,TSRYS5752098,D,S,D,2024-04-18,1000000.00,4.81493,96.0
08:00:33,912810TZ1,TSRYS5752098,D,S,D,2024-04-18,1000000.00,4.81493,96.0
08:00:33,912810TZ1,TSRYS5752098,D,S,D,2024-04-18,1000000.00,4.815562,95.9921875
08:00:33,912810TZ1,TSRYS5752098,D,S,D,2024-04-18,1000000.00,4.815404,95.994140625
08:00:33,912810TZ1,TSRYS5752098,D,S,D,2024-04-18,1000000.00,4.815246,95.99609375
08:00:33,912810TZ1,TSRYS5752098,D,S,D,2024-04-18,1000000.00,4.815246,95.99609375
08:00:33,912810TZ1,TSRYS5752098,D,S,D,2024-04-18,1000000.00,4.815246,95.99609375
08:00:33,912810TZ1,TSRYS5752098,D,S,D,2024-04-18,1000000.00,4.817461,95.96875
08:00:33,912810TZ1,TSRYS5752098,D,S,D,2024-04-18,2000000.00,4.817461,95.96875
08:00:33,912810TZ1,TSRYS5752098,D,S,D,2024-04-18,1000000.00,4.817778,95.96484375
08:00:33,912810TZ1,TSRYS5752098,D,S,D,2024-04-18,1000000.00,4.816353,95.982421875
08:00:33,912810TZ1,TSRYS5752098,D,S,D,2024-04-18,2000000.00,4.803393,96.142578125
08:00:33,912810TZ1,TSRYS5752098,D,S,D,2024-04-18,1000000.00,4.812083,96.03515625
08:00:33,912810TZ1,TSRYS5752098,D,S,D,2024-04-18,1000000.00,4.812083,96.03515625
08:00:33,912810TZ1,TSRYS5752098,D,S,D,2024-04-18,1000000.00,4.812083,96.03515625
08:00:33,912810TZ1,TSRYS5752098,D,S,D,2024-04-18,1000000.00,4.811925,96.037109375
08:00:33,912810TZ1,TSRYS5752098,D,S,D,2024-04-18,1000000.00,4.811925,96.037109375
08:00:33,912810TZ1,TSRYS5752098,D,S,D,2024-04-18,1000000.00,4.811925,96.037109375
08:00:33,912810TZ1,TSRYS5752098,D,S,D,2024-04-18,1000000.00,4.809554,96.06640625
08:00:33,912810TZ1,TSRYS5752098,D,S,D,2024-04-18,1000000.00,4.809079,96.072265625
08:00:33,912810TZ1,TSRYS5752098,D,S,D,2024-04-18,1000000.00,4.808289,96.08203125
08:00:33,912810TZ1,TSRYS5752098,D,S,D,2024-04-18,1000000.00,4.803235,96.14453125
08:00:33,912810TZ1,TSRYS5752098,D,S,D,2024-04-18,1000000.00,4.801025,96.171875
08:00:33,912810TZ1,TSRYS5752098,D,S,D,2024-04-18,1000000.00,4.801025,96.171875
08:00:33,912810TZ1,TSRYS5752098,D,S,D,2024-04-18,1000000.00,4.802288,96.15625
08:00:33,912810TZ1,TSRYS5752098,D,S,D,2024-04-18,1000000.00,4.816353,95.982421875
08:00:33,912810TZ1,TSRYS5752098,D,S,D,2024-04-18,1000000.00,4.816353,95.982421875
08:00:33,912810TZ1,TSRYS5752098,D,S,D,2024-04-18,1000000.00,4.816353,95.982421875
08:00:33,912810TZ1,TSRYS5752098,D,S,D,2024-04-18,1000000.00,4.816353,95.982421875
08:00:33,912810TZ1,TSRYS5752098,D,S,D,2024-04-18,1000000.00,4.816353,95.982421875
08:00:33,912810TZ1,TSRYS5752098,D,S,D,2024-04-18,1000000.00,4.816353,95.982421875
08:00:33,912810TZ1,TSRYS5752098,D,S,D,2024-04-18,1000000.00,4.816353,95.982421875
08:00:33,912810TZ1,TSRYS5752098,D,S,D,2024-04-18,1000000.00,4.816353,95.982421875
08:00:33,912810TZ1,TSRYS5752098,D,S,D,2024-04-18,1000000.00,4.816986,95.974609375
08:00:33,912810TZ1,TSRYS5752098,D,S,D,2024-04-18,1000000.00,4.816828,95.9765625
08:00:33,912810TZ1,TSRYS5752098,D,S,D,2024-04-18,1000000.00,4.81667,95.978515625
08:00:33,912810TZ1,TSRYS5752098,D,S,D,2024-04-18,1000000.00,4.814771,96.001953125
08:00:33,912810TZ1,TSRYS5752098,D,S,D,2024-04-18,1000000.00,4.81493,96.0
08:00:33,912810TZ1,TSRYS5752098,D,S,T,2024-04-18,1000000.00,4.825379,95.87109375
08:00:33,912810TZ1,TSRYS5752098,D,S,T,2024-04-18,1000000.00,4.815721,95.990234375
08:00:33,912810TZ1,TSRYS5752098,D,S,T,2024-04-18,1000000.00,4.81493,96.0
08:00:33,912810TZ1,TSRYS5752098,D,S,T,2024-04-18,1000000.00,4.81493,96.0
08:00:33,912810TZ1,TSRYS5752098,D,S,T,2024-04-18,1000000.00,4.81493,96.0
08:00:33,912810TZ1,TSRYS5752098,D,S,T,2024-04-18,1000000.00,4.815562,95.9921875
08:00:33,912810TZ1,TSRYS5752098,D,S,T,2024-04-18,1000000.00,4.815721,95.990234375
08:00:33,912810TZ1,TSRYS5752098,D,S,T,2024-04-18,1000000.00,4.815404,95.994140625
08:00:33,912810TZ1,TSRYS5752098,D,S,T,2024-04-18,1000000.00,4.815404,95.994140625
08:00:33,912810TZ1,TSRYS5752098,D,S,T,2024-04-18,1000000.00,4.817778,95.96484375
08:00:33,912810TZ1,TSRYS5752098,D,S,T,2024-04-18,1000000.00,4.816353,95.982421875
08:00:33,912810TZ1,TSRYS5752098,D,S,T,2024-04-18,2000000.00,4.812083,96.03515625
08:00:33,912810TZ1,TSRYS5752098,D,S,T,2024-04-18,1000000.00,4.811134,96.046875
08:00:33,912810TZ1,TSRYS5752098,D,S,T,2024-04-18,4000000.00,4.812399,96.03125
08:00:33,912810TZ1,TSRYS5752098,D,S,T,2024-04-18,1000000.00,4.802919,96.1484375
08:00:33,912810TZ1,TSRYS5752098,D,S,T,2024-04-18,1000000.00,4.802604,96.15234375
08:00:33,912810TZ1,TSRYS5752098,D,S,T,2024-04-18,2000000.00,4.802761,96.150390625
08:00:33,912810TZ1,TSRYS5752098,D,S,T,2024-04-18,1000000.00,4.802604,96.15234375
08:00:33,912810TZ1,TSRYS5752098,D,S,T,2024-04-18,1000000.00,4.802761,96.150390625
08:00:33,912810TZ1,TSRYS5752098,D,S,T,2024-04-18,1000000.00,4.816353,95.982421875
08:00:33,912810TZ1,TSRYS5752098,D,S,T,2024-04-18,1000000.00,4.816512,95.98046875
08:00:33,912810TZ1,TSRYS5752098,D,S,T,2024-04-18,1000000.00,4.816353,95.982421875
08:00:33,912810TZ1,TSRYS5752098,D,S,T,2024-04-18,1000000.00,4.816353,95.982421875
08:00:33,912810TZ1,TSRYS5752098,D,S,T,2024-04-18,1000000.00,4.816353,95.982421875
08:00:33,912810TZ1,TSRYS5752098,D,S,T,2024-04-18,1000000.00,4.816353,95.982421875
08:00:33,912810TZ1,TSRYS5752098,D,S,T,2024-04-18,1000000.00,4.816828,95.9765625
08:00:33,912810TZ1,TSRYS5752098,D,S,T,2024-04-18,1000000.00,4.81667,95.978515625
08:00:33,912810TZ1,TSRYS5752098,D,S,T,2024-04-18,1000000.00,4.807341,96.09375
08:00:33,912810TZ1,TSRYS5752098,D,S,T,2024-04-18,2000000.00,4.807341,96.09375
08:00:33,912810TZ1,TSRYS5752098,D,S,T,2024-04-18,1000000.00,4.807341,96.09375
08:00:33,912810TZ1,TSRYS5752098,D,S,T,2024-04-18,1000000.00,4.804814,96.125
08:00:33,912810TZ1,TSRYS5752098,D,S,T,2024-04-18,1000000.00,4.804814,96.125
08:00:33,912810TZ1,TSRYS5752098,D,S,T,2024-04-18,1000000.00,4.804814,96.125
08:00:33,912810TZ1,TSRYS5752098,D,S,T,2024-04-18,1000000.00,4.804814,96.125
08:00:33,912810TZ1,TSRYS5752098,D,S,T,2024-04-18,2000000.00,4.804814,96.125
08:00:33,912810TZ1,TSRYS5752098,D,S,T,2024-04-18,1000000.00,4.804814,96.125
08:00:33,912810TZ1,TSRYS5752098,D,S,T,2024-04-18,1000000.00,4.804814,96.125
08:00:33,912810TZ1,TSRYS5752098,D,S,T,2024-04-18,1000000.00,4.804814,96.125
08:00:33,912810TZ1,TSRYS5752098,D,S,T,2024-04-18,1000000.00,4.804814,96.125
08:00:33,912810TZ1,TSRYS5752098,D,S,T,2024-04-18,1000000.00,4.804814,96.125
08:00:33,912810TZ1,TSRYS5752098,D,S,T,2024-04-18,1000000.00,4.807341,96.09375
08:00:33,912810TZ1,TSRYS5752098,D,S,T,2024-04-18,1000000.00,4.81066,96.052734375
08:00:33,912810TZ1,TSRYS5752098,D,S,T,2024-04-18,1000000.00,4.809395,96.068359375
08:00:33,912810TZ1,TSRYS5752098,D,S,T,2024-04-18,1000000.00,4.807973,96.0859375
08:00:33,912810TZ1,TSRYS5752098,D,S,T,2024-04-18,1000000.00,4.808605,96.078125
08:00:33,912810TZ1,TSRYS5752098,D,S,T,2024-04-18,1000000.00,4.808131,96.083984375
08:00:33,912810TZ1,TSRYS5752098,D,S,T,2024-04-18,1000000.00,4.807973,96.0859375
08:00:33,912810TZ1,TSRYS5752098,D,S,T,2024-04-18,1000000.00,4.807815,96.087890625
08:00:33,912810TZ1,TSRYS5752098,D,S,T,2024-04-18,1000000.00,4.807657,96.08984375
08:00:33,912810TZ1,TSRYS5752098,D,S,T,2024-04-18,1000000.00,4.807499,96.091796875
08:00:33,912810TZ1,TSRYS5752098,D,S,T,2024-04-18,1000000.00,4.807499,96.091796875
08:00:33,912810TZ1,TSRYS5752098,D,S,T,2024-04-18,1000000.00,4.808921,96.07421875
08:00:33,912810TZ1,TSRYS5752098,D,S,T,2024-04-18,1000000.00,4.812715,96.02734375
08:00:33,912810TZ1,TSRYS5752098,D,S,T,2024-04-18,1000000.00,4.808605,96.078125
08:00:33,912810TZ1,TSRYS5752098,D,S,T,2024-04-18,1000000.00,4.808605,96.078125
08:00:33,912810TZ1,TSRYS5752098,D,S,T,2024-04-18,1000000.00,4.810502,96.0546875
08:00:33,912810TZ1,TSRYS5752098,D,S,T,2024-04-18,1000000.00,4.810502,96.0546875
08:00:33,912810TZ1,TSRYS5752098,D,S,T,2024-04-18,1000000.00,4.811134,96.046875
08:00:33,912810TZ1,TSRYS5752098,D,S,T,2024-04-18,1000000.00,4.808605,96.078125
08:00:33,912810TZ1,TSRYS5752098,D,S,T,2024-04-18,1000000.00,4.807341,96.09375
08:00:33,912810TZ1,TSRYS5752098,D,S,T,2024-04-18,1000000.00,4.804814,96.125
08:00:33,912810TZ1,TSRYS5752098,D,S,T,2024-04-18,2000000.00,4.807341,96.09375
08:00:33,912810TZ1,TSRYS5752098,D,S,T,2024-04-18,1000000.00,4.816195,95.984375
08:00:33,912810TZ1,TSRYS5752098,D,S,T,2024-04-18,1000000.00,4.816195,95.984375
08:00:33,912810TZ1,TSRYS5752098,D,S,T,2024-04-18,1000000.00,4.816986,95.974609375
08:00:33,912810TZ1,TSRYS5752098,D,S,A,2024-04-18,100000.00,4.81145,96.04296875
08:00:37,912810TZ1,TSRYS5752098,D,S,T,2024-04-18,1000000.00,4.829501,95.8203125
08:00:37,912810TZ1,TSRYS5752098,D,S,C,2024-04-18,27000000.00,4.812399,96.03125
08:00:38,912810TZ1,TSRYS5752098,D,S,D,2024-04-18,1000000.00,4.808921,96.07421875
08:00:39,912810TZ1,TSRYS5752098,D,B,C,2024-04-18,27006000.00,4.805446,96.1171875
08:00:39,912810TZ1,TSRYS5752098,D,S,T,2024-04-18,1000000.00,4.810186,96.05859375
08:00:39,912810TZ1,TSRYS5752098,D,S,C,2024-04-18,100000.00,4.811134,96.046875
08:00:39,912810TZ1,TSRYS5752098,D,S,T,2024-04-18,2000000.00,4.812399,96.03125
08:00:39,912810TZ1,TSRYS5752098,D,S,T,2024-04-18,1000000.00,4.812399,96.03125
08:00:39,912810TZ1,TSRYS5752098,D,S,T,2024-04-18,2000000.00,4.812399,96.03125
08:00:39,912810TZ1,TSRYS5752098,D,S,T,2024-04-18,2000000.00,4.812557,96.029296875
08:00:39,912810TZ1,TSRYS5752098,D,S,T,2024-04-18,1000000.00,4.812557,96.029296875
08:00:39,912810TZ1,TSRYS5752098,D,B,C,2024-04-18,13000000.00,4.809237,96.0703125
08:00:39,912810TZ1,TSRYS5752098,D,S,T,2024-04-18,1000000.00,4.808605,96.078125
08:00:39,912810TZ1,TSRYS5752098,D,S,T,2024-04-18,1000000.00,4.803551,96.140625
08:00:39,912810TZ1,TSRYS5752098,D,S,T,2024-04-18,1000000.00,4.80213,96.158203125
08:00:39,912810TZ1,TSRYS5752098,D,S,T,2024-04-18,1000000.00,4.80213,96.158203125
08:00:39,912810TZ1,TSRYS5752098,D,S,T,2024-04-18,1000000.00,4.799921,96.185546875
08:00:39,912810TZ1,TSRYS5752098,D,S,T,2024-04-18,1000000.00,4.799921,96.185546875
08:00:39,912810TZ1,TSRYS5752098,D,S,T,2024-04-18,1000000.00,4.799921,96.185546875
08:00:39,912810TZ1,TSRYS5752098,D,S,A,2024-04-18,200000.00,4.802919,96.1484375
08:00:40,912810TZ1,TSRYS5752098,D,S,D,2024-04-18,1000000.00,4.810502,96.0546875
08:00:40,912810TZ1,TSRYS5752098,D,S,D,2024-04-18,1000000.00,4.810502,96.0546875
08:00:40,912810TZ1,TSRYS5752098,D,S,D,2024-04-18,1000000.00,4.811134,96.046875
08:00:40,912810TZ1,TSRYS5752098,D,S,D,2024-04-18,1000000.00,4.811134,96.046875
08:00:40,912810TZ1,TSRYS5752098,D,S,D,2024-04-18,1000000.00,4.811134,96.046875
08:00:40,912810TZ1,TSRYS5752098,D,S,T,2024-04-18,2000000.00,4.81493,96.0
08:00:40,912810TZ1,TSRYS5752098,D,S,T,2024-04-18,1000000.00,4.813664,96.015625
08:00:40,912810TZ1,TSRYS5752098,D,S,T,2024-04-18,1000000.00,4.811134,96.046875
08:00:40,912810TZ1,TSRYS5752098,D,S,T,2024-04-18,1000000.00,4.816353,95.982421875
08:00:40,912810TZ1,TSRYS5752098,D,S,T,2024-04-18,1000000.00,4.812399,96.03125
08:00:40,912810TZ1,TSRYS5752098,D,S,T,2024-04-18,1000000.00,4.812399,96.03125
08:00:40,912810TZ1,TSRYS5752098,D,S,T,2024-04-18,1000000.00,4.812399,96.03125
08:00:40,912810TZ1,TSRYS5752098,D,S,T,2024-04-18,1000000.00,4.81493,96.0
08:00:40,912810TZ1,TSRYS5752098,D,S,D,2024-04-18,215000.00,4.818562,95.955170785
08:00:40,912810TZ1,TSRYS5752098,D,S,T,2024-04-18,1000000.00,4.801025,96.171875
08:00:40,912810TZ1,TSRYS5752098,D,S,T,2024-04-18,1000000.00,4.803551,96.140625
08:00:40,912810TZ1,TSRYS5752098,D,S,A,2024-04-18,10000.00,4.812715,96.02734375
08:00:40,912810TZ1,TSRYS5752098,D,S,T,2024-04-18,1000000.00,4.804814,96.125
08:00:40,912810TZ1,TSRYS5752098,D,S,A,2024-04-18,900000.00,4.803551,96.140625
08:00:40,912810TZ1,TSRYS5752098,D,S,T,2024-04-18,1000000.00,4.81493,96.0
08:00:40,912810TZ1,TSRYS5752098,D,S,T,2024-04-18,2000000.00,4.811134,96.046875
08:00:40,912810TZ1,TSRYS5752098,D,S,C,2024-04-18,400000.00,4.808921,96.07421875
08:00:40,912810TZ1,TSRYS5752098,D,S,A,2024-04-18,250000.00,4.808605,96.078125
08:00:40,912810TZ1,TSRYS5752098,D,S,T,2024-04-18,1000000.00,4.807341,96.09375
08:00:40,912810TZ1,TSRYS5752098,D,S,T,2024-04-18,1000000.00,4.804814,96.125
08:00:41,912810TZ1,TSRYS5752098,D,S,T,2024-04-18,1000000.00,4.811134,96.046875
08:00:41,912810TZ1,TSRYS5752098,D,S,T,2024-04-18,1000000.00,4.804972,96.123046875
08:00:41,912810TZ1,TSRYS5752098,D,S,T,2024-04-18,1000000.00,4.813822,96.013671875
08:00:41,912810TZ1,TSRYS5752098,D,S,T,2024-04-18,1000000.00,4.813822,96.013671875
08:00:41,912810TZ1,TSRYS5752098,D,S,T,2024-04-18,1000000.00,4.813822,96.013671875
08:00:41,912810TZ1,TSRYS5752098,D,S,T,2024-04-18,1000000.00,4.819361,95.9453125
08:00:41,912810TZ1,TSRYS5752098,D,S,D,2024-04-18,2000000.00,4.819361,95.9453125
08:00:42,912810TZ1,TSRYS5752098,D,S,T,2024-04-18,2000000.00,4.81493,96.0
08:00:42,912810TZ1,TSRYS5752098,D,B,C,2024-04-18,290000.00,4.81398,96.01171875
08:00:42,912810TZ1,TSRYS5752098,D,S,D,2024-04-18,290000.00,4.813869,96.01309806
08:00:42,912810TZ1,TSRYS5752098,D,S,D,2024-04-18,1000000.00,4.81493,96.0
08:00:42,912810TZ1,TSRYS5752098,D,S,T,2024-04-18,1000000.00,4.81493,96.0
08:00:43,912810TZ1,TSRYS5752098,D,S,T,2024-04-18,1000000.00,4.81493,96.0
08:00:43,912810TZ1,TSRYS5752098,D,S,A,2024-04-18,50000.00,4.818094,95.9609375
08:00:43,912810TZ1,TSRYS5752098,D,B,A,2024-04-18,420000.00,4.819044,95.94921875
08:00:43,912810TZ1,TSRYS5752098,D,B,A,2024-04-18,100000.00,4.817461,95.96875
08:00:43,912810TZ1,TSRYS5752098,D,B,A,2024-04-18,150000.00,4.818411,95.95703125
08:00:45,912810TZ1,TSRYS5752098,D,S,C,2024-04-18,215000.00,4.818411,95.95703125
08:00:45,912810TZ1,TSRYS5752098,D,B,A,2024-04-18,1977000.00,4.816512,95.980469
08:00:45,912810TZ1,TSRYS5752098,D,S,T,2024-04-18,1000000.00,4.813664,96.015625
08:00:46,912810TZ1,TSRYS5752098,D,S,T,2024-04-18,1000000.00,4.813664,96.015625
08:00:47,912810TZ1,TSRYS5752098,D,S,D,2024-04-18,1000000.00,4.816195,95.984375
08:00:47,912810TZ1,TSRYS5752098,D,S,D,2024-04-18,1000000.00,4.816195,95.984375
08:00:47,912810TZ1,TSRYS5752098,D,S,D,2024-04-18,370000.00,4.817374,95.969831081
08:00:47,912810TZ1,TSRYS5752098,D,S,T,2024-04-18,1000000.00,4.813664,96.015625
08:00:47,912810TZ1,TSRYS5752098,D,S,T,2024-04-18,1000000.00,4.813664,96.015625
08:00:48,912810TZ1,TSRYS5752098,D,B,A,2024-04-18,8200000.00,4.808289,96.08203125
08:00:48,912810TZ1,TSRYS5752098,D,S,D,2024-04-18,8000000.00,4.810063,96.06011
08:00:50,912810TZ1,TSRYS5752098,D,S,T,2024-04-18,1000000.00,4.823795,95.890625
08:00:50,912810TZ1,TSRYS5752098,D,S,T,2024-04-18,1000000.00,4.823795,95.890625
08:00:51,912810TZ1,TSRYS5752098,D,S,D,2024-04-18,80000.00,4.821261,95.921875
08:00:51,912810TZ1,TSRYS5752098,D,S,T,2024-04-18,1000000.00,4.813664,96.015625
08:00:55,912810TZ1,TSRYS5752098,D,S,T,2024-04-18,1000000.00,4.81493,96.0
08:00:56,912810TZ1,TSRYS5752098,D,S,T,2024-04-18,1000000.00,4.81493,96.0
08:00:56,912810TZ1,TSRYS5752098,D,B,A,2024-04-18,200000.00,4.805604,96.11523437
08:00:57,912810TZ1,TSRYS5752098,D,B,A,2024-04-18,1100000.00,4.808289,96.08203125
08:00:58,912810TZ1,TSRYS5752098,D,S,T,2024-04-18,1000000.00,4.80735,96.093648
08:00:58,912810TZ1,TSRYS5752098,D,S,T,2024-04-18,1000000.00,4.813664,96.015625
08:01:00,912810TZ1,TSRYS5752098,D,S,C,2024-04-18,1000000.00,4.826964,95.8515625
08:01:00,912810TZ1,TSRYS5752098,D,S,C,2024-04-18,1000000.00,4.826964,95.8515625
08:01:00,912810TZ1,TSRYS5752098,D,S,C,2024-04-18,1000000.00,4.827281,95.84765625
08:01:00,912810TZ1,TSRYS5752098,D,B,C,2024-04-18,1000000.00,4.827281,95.84765625
08:01:00,912810TZ1,TSRYS5752098,D,S,C,2024-04-18,1000000.00,4.827281,95.84765625
08:01:00,912810TZ1,TSRYS5752098,D,S,C,2024-04-18,1000000.00,4.826964,95.8515625
08:01:00,912810TZ1,TSRYS5752098,D,S,T,2024-04-18,1000000.00,4.813664,96.015625
08:01:00,912810TZ1,TSRYS5752098,D,S,C,2024-04-18,1000000.00,4.828233,95.8359375
08:01:00,912810TZ1,TSRYS5752098,D,S,C,2024-04-18,1000000.00,4.828233,95.8359375
08:01:00,912810TZ1,TSRYS5752098,D,S,C,2024-04-18,1000000.00,4.826013,95.86328125
08:01:00,912810TZ1,TSRYS5752098,D,S,C,2024-04-18,1000000.00,4.826964,95.8515625
08:01:00,912810TZ1,TSRYS5752098,D,S,C,2024-04-18,1000000.00,4.826964,95.8515625
08:01:00,912810TZ1,TSRYS5752098,D,S,C,2024-04-18,1000000.00,4.824429,95.8828125
08:01:00,912810TZ1,TSRYS5752098,D,S,D,2024-04-18,1000000.00,4.81493,96.0
08:01:00,912810TZ1,TSRYS5752098,D,S,D,2024-04-18,1000000.00,4.81493,96.0
08:01:00,912810TZ1,TSRYS5752098,D,B,C,2024-04-18,1000000.00,4.81493,96.0
08:01:00,912810TZ1,TSRYS5752098,D,B,C,2024-04-18,1000000.00,4.815246,95.99609375
08:01:00,912810TZ1,TSRYS5752098,D,S,D,2024-04-18,1000000.00,4.81493,96.0
08:01:00,912810TZ1,TSRYS5752098,D,S,D,2024-04-18,1000000.00,4.815246,95.99609375
08:01:00,912810TZ1,TSRYS5752098,D,S,D,2024-04-18,1000000.00,4.815246,95.99609375
08:01:00,912810TZ1,TSRYS5752098,D,S,C,2024-04-18,1000000.00,4.814613,96.00390625
08:01:00,912810TZ1,TSRYS5752098,D,S,D,2024-04-18,1000000.00,4.812715,96.02734375
08:01:00,912810TZ1,TSRYS5752098,D,S,D,2024-04-18,1000000.00,4.816195,95.984375
08:01:00,912810TZ1,TSRYS5752098,D,S,D,2024-04-18,1000000.00,4.815879,95.98828125
08:01:00,912810TZ1,TSRYS5752098,D,S,D,2024-04-18,1000000.00,4.817145,95.97265625
08:01:00,912810TZ1,TSRYS5752098,D,S,C,2024-04-18,1000000.00,4.817145,95.97265625
08:01:00,912810TZ1,TSRYS5752098,D,S,D,2024-04-18,1000000.00,4.816828,95.9765625
08:01:00,912810TZ1,TSRYS5752098,D,S,C,2024-04-18,1000000.00,4.815246,95.99609375
08:01:00,912810TZ1,TSRYS5752098,D,S,C,2024-04-18,1000000.00,4.813664,96.015625
08:01:00,912810TZ1,TSRYS5752098,D,S,D,2024-04-18,2000000.00,4.817461,95.96875
08:01:00,912810TZ1,TSRYS5752098,D,S,D,2024-04-18,1000000.00,4.813664,96.015625
08:01:00,912810TZ1,TSRYS5752098,D,S,C,2024-04-18,1000000.00,4.815562,95.9921875
08:01:00,912810TZ1,TSRYS5752098,D,S,D,2024-04-18,1000000.00,4.816512,95.98046875
08:01:01,912810TZ1,TSRYS5752098,D,S,D,2024-04-18,1000000.00,4.808921,96.07421875
08:01:01,912810TZ1,TSRYS5752098,D,B,C,2024-04-18,1000000.00,4.808921,96.07421875
08:01:01,912810TZ1,TSRYS5752098,D,S,C,2024-04-18,1000000.00,4.812715,96.02734375
08:01:01,912810TZ1,TSRYS5752098,D,S,C,2024-04-18,1000000.00,4.811767,96.0390625
08:01:01,912810TZ1,TSRYS5752098,D,S,D,2024-04-18,1000000.00,4.811767,96.0390625
08:01:01,912810TZ1,TSRYS5752098,D,B,C,2024-04-18,1000000.00,4.812715,96.02734375
08:01:01,912810TZ1,TSRYS5752098,D,S,D,2024-04-18,1000000.00,4.801657,96.1640625
08:01:01,912810TZ1,TSRYS5752098,D,S,D,2024-04-18,1000000.00,4.812715,96.02734375
08:01:01,912810TZ1,TSRYS5752098,D,S,D,2024-04-18,1000000.00,4.80071,96.17578125
08:01:01,912810TZ1,TSRYS5752098,D,S,D,2024-04-18,1000000.00,4.801657,96.1640625
08:01:01,912810TZ1,TSRYS5752098,D,S,D,2024-04-18,1000000.00,4.80071,96.17578125
08:01:01,912810TZ1,TSRYS5752098,D,S,A,2024-04-18,194000.00,4.810502,96.0546875
08:01:01,912810TZ1,TSRYS5752098,D,S,D,2024-04-18,1000000.00,4.815562,95.9921875
08:01:01,912810TZ1,TSRYS5752098,D,S,C,2024-04-18,1000000.00,4.816195,95.984375
08:01:01,912810TZ1,TSRYS5752098,D,S,C,2024-04-18,1000000.00,4.815879,95.98828125
08:01:01,912810TZ1,TSRYS5752098,D,S,C,2024-04-18,1000000.00,4.815562,95.9921875
08:01:01,912810TZ1,TSRYS5752098,D,S,D,2024-04-18,1000000.00,4.816195,95.984375
08:01:01,912810TZ1,TSRYS5752098,D,S,D,2024-04-18,1000000.00,4.816195,95.984375
08:01:01,912810TZ1,TSRYS5752098,D,S,D,2024-04-18,1000000.00,4.816512,95.98046875
08:01:01,912810TZ1,TSRYS5752098,D,S,C,2024-04-18,1000000.00,4.814613,96.00390625
08:01:01,912810TZ1,TSRYS5752098,D,B,C,2024-04-18,1000000.00,4.816512,95.98046875
08:01:01,912810TZ1,TSRYS5752098,D,B,C,2024-04-18,1000000.00,4.804814,96.125
08:01:01,912810TZ1,TSRYS5752098,D,B,C,2024-04-18,1000000.00,4.807341,96.09375
08:01:01,912810TZ1,TSRYS5752098,D,S,D,2024-04-18,1000000.00,4.804814,96.125
08:01:01,912810TZ1,TSRYS5752098,D,S,D,2024-04-18,1000000.00,4.807341,96.09375
08:01:02,912810TZ1,TSRYS5752098,D,B,A,2024-04-18,1788000.00,4.809237,96.070312
08:01:02,912810TZ1,TSRYS5752098,D,S,D,2024-04-18,1000000.00,4.810502,96.0546875
08:01:02,912810TZ1,TSRYS5752098,D,S,D,2024-04-18,1000000.00,4.811134,96.046875
08:01:02,912810TZ1,TSRYS5752098,D,S,D,2024-04-18,1000000.00,4.810502,96.0546875
08:01:02,912810TZ1,TSRYS5752098,D,S,D,2024-04-18,1000000.00,4.811134,96.046875
08:01:02,912810TZ1,TSRYS5752098,D,S,D,2024-04-18,1000000.00,4.811134,96.046875
08:01:02,912810TZ1,TSRYS5752098,D,S,D,2024-04-18,1000000.00,4.811134,96.046875
08:01:02,912810TZ1,TSRYS5752098,D,S,A,2024-04-18,120000.00,4.805446,96.1171875
08:01:02,912810TZ1,TSRYS5752098,D,B,C,2024-04-18,1000000.00,4.81493,96.0
08:01:02,912810TZ1,TSRYS5752098,D,S,D,2024-04-18,1000000.00,4.81493,96.0
08:01:03,912810TZ1,TSRYS5752098,D,S,D,2024-04-18,10000000.00,4.809996,96.06094
08:01:06,912810TZ1,TSRYS5752098,D,S,T,2024-04-18,1000000.00,4.81493,96.0
08:01:07,912810TZ1,TSRYS5752098,D,S,D,2024-04-18,1000000.00,4.81493,96.0
08:01:07,912810TZ1,TSRYS5752098,D,B,C,2024-04-18,1430000.00,4.819677,95.94140625
08:01:07,912810TZ1,TSRYS5752098,D,S,D,2024-04-18,1430000.00,4.819361,95.9453125
08:01:10,912810TZ1,TSRYS5752098,D,S,D,2024-04-18,1000000.00,4.824429,95.8828125
08:01:10,912810TZ1,TSRYS5752098,D,S,D,2024-04-18,1000000.00,4.812715,96.02734375
08:01:10,912810TZ1,TSRYS5752098,D,S,D,2024-04-18,1000000.00,4.816195,95.984375
08:01:10,912810TZ1,TSRYS5752098,D,S,D,2024-04-18,1000000.00,4.815879,95.98828125
08:01:11,912810TZ1,TSRYS5752098,D,S,T,2024-04-18,1000000.00,4.823961,95.888571875
08:01:11,912810TZ1,TSRYS5752098,D,S,T,2024-04-18,1000000.00,4.82412,95.88661875
08:01:11,912810TZ1,TSRYS5752098,D,S,T,2024-04-18,1000000.00,4.824278,95.884665625
08:01:11,912810TZ1,TSRYS5752098,D,B,C,2024-04-18,40539000.00,4.817177,95.97225625
08:01:11,912810TZ1,TSRYS5752098,D,S,A,2024-04-18,40539000.00,4.817177,95.97225625
08:01:11,912810TZ1,TSRYS5752098,D,S,T,2024-04-18,1000000.00,4.815575,95.9920375
08:01:11,912810TZ1,TSRYS5752098,D,B,A,2024-04-18,1000000.00,4.815575,95.9920375
08:01:11,912810TZ1,TSRYS5752098,D,S,T,2024-04-18,1000000.00,4.812565,96.029196875
08:01:11,912810TZ1,TSRYS5752098,D,S,T,2024-04-18,1000000.00,4.812723,96.02724375
08:01:11,912810TZ1,TSRYS5752098,D,B,A,2024-04-18,1000000.00,4.815733,95.99008437
08:01:11,912810TZ1,TSRYS5752098,D,S,T,2024-04-18,1000000.00,4.812882,96.025290625
08:01:11,912810TZ1,TSRYS5752098,D,S,T,2024-04-18,1000000.00,4.815733,95.99008437
08:01:11,912810TZ1,TSRYS5752098,D,S,T,2024-04-18,1000000.00,4.815721,95.99023437
08:01:11,912810TZ1,TSRYS5752098,D,B,A,2024-04-18,1000000.00,4.815721,95.99023437
08:01:11,912810TZ1,TSRYS5752098,D,B,A,2024-04-18,1000000.00,4.816208,95.984223
08:01:11,912810TZ1,TSRYS5752098,D,S,T,2024-04-18,1000000.00,4.816208,95.984223
08:01:11,912810TZ1,TSRYS5752098,D,B,A,2024-04-18,1000000.00,4.816208,95.984223
08:01:11,912810TZ1,TSRYS5752098,D,S,T,2024-04-18,1000000.00,4.816208,95.984223
08:01:11,912810TZ1,TSRYS5752098,D,B,A,2024-04-18,1000000.00,4.816208,95.984223
08:01:11,912810TZ1,TSRYS5752098,D,S,T,2024-04-18,1000000.00,4.816208,95.984223
08:01:11,912810TZ1,TSRYS5752098,D,S,T,2024-04-18,1000000.00,4.816208,95.984223
08:01:11,912810TZ1,TSRYS5752098,D,B,A,2024-04-18,1000000.00,4.816208,95.984223
08:01:11,912810TZ1,TSRYS5752098,D,S,T,2024-04-18,1000000.00,4.816208,95.984223
08:01:11,912810TZ1,TSRYS5752098,D,B,A,2024-04-18,1000000.00,4.816208,95.984223
08:01:11,912810TZ1,TSRYS5752098,D,B,A,2024-04-18,1000000.00,4.815733,95.99008437
08:01:11,912810TZ1,TSRYS5752098,D,S,T,2024-04-18,1000000.00,4.815733,95.99008437
08:01:11,912810TZ1,TSRYS5752098,D,S,T,2024-04-18,1000000.00,4.816208,95.984223
08:01:11,912810TZ1,TSRYS5752098,D,B,A,2024-04-18,1000000.00,4.816208,95.984223
08:01:11,912810TZ1,TSRYS5752098,D,S,T,2024-04-18,1000000.00,4.816195,95.984375
08:01:11,912810TZ1,TSRYS5752098,D,B,A,2024-04-18,1000000.00,4.816195,95.984375
08:01:11,912810TZ1,TSRYS5752098,D,B,A,2024-04-18,1000000.00,4.816208,95.984223
08:01:11,912810TZ1,TSRYS5752098,D,S,T,2024-04-18,1000000.00,4.816208,95.984223
08:01:11,912810TZ1,TSRYS5752098,D,S,T,2024-04-18,1000000.00,4.816208,95.984223
08:01:11,912810TZ1,TSRYS5752098,D,B,A,2024-04-18,1000000.00,4.816208,95.984223
08:01:11,912810TZ1,TSRYS5752098,D,B,A,2024-04-18,1000000.00,4.815891,95.98813125
08:01:11,912810TZ1,TSRYS5752098,D,S,T,2024-04-18,1000000.00,4.815891,95.98813125
08:01:11,912810TZ1,TSRYS5752098,D,S,T,2024-04-18,1000000.00,4.816208,95.984223
08:01:11,912810TZ1,TSRYS5752098,D,B,A,2024-04-18,1000000.00,4.816208,95.984223
08:01:11,912810TZ1,TSRYS5752098,D,S,T,2024-04-18,1000000.00,4.816208,95.984223
08:01:11,912810TZ1,TSRYS5752098,D,B,A,2024-04-18,1000000.00,4.816208,95.984223
08:01:11,912810TZ1,TSRYS5752098,D,B,A,2024-04-18,1000000.00,4.816208,95.984223
08:01:11,912810TZ1,TSRYS5752098,D,S,T,2024-04-18,1000000.00,4.816208,95.984223
08:01:11,912810TZ1,TSRYS5752098,D,B,A,2024-04-18,3000000.00,4.816195,95.984375
08:01:11,912810TZ1,TSRYS5752098,D,S,T,2024-04-18,3000000.00,4.816195,95.984375
08:01:11,912810TZ1,TSRYS5752098,D,S,T,2024-04-18,1000000.00,4.816049,95.98617812
08:01:11,912810TZ1,TSRYS5752098,D,B,A,2024-04-18,1000000.00,4.816049,95.98617812
08:01:11,912810TZ1,TSRYS5752098,D,B,A,2024-04-18,1000000.00,4.816208,95.984223
08:01:12,912810TZ1,TSRYS5752098,D,S,T,2024-04-18,1000000.00,4.816208,95.984223
08:01:12,912810TZ1,TSRYS5752098,D,S,T,2024-04-18,1000000.00,4.816208,95.984223
08:01:12,912810TZ1,TSRYS5752098,D,B,A,2024-04-18,1000000.00,4.816208,95.984223
08:01:12,912810TZ1,TSRYS5752098,D,S,T,2024-04-18,1000000.00,4.815562,95.9921875
08:01:12,912810TZ1,TSRYS5752098,D,B,A,2024-04-18,1000000.00,4.815562,95.9921875
08:01:12,912810TZ1,TSRYS5752098,D,B,A,2024-04-18,1000000.00,4.816208,95.984223
08:01:12,912810TZ1,TSRYS5752098,D,S,T,2024-04-18,1000000.00,4.816208,95.984223
08:01:12,912810TZ1,TSRYS5752098,D,B,A,2024-04-18,1000000.00,4.816208,95.984223
08:01:12,912810TZ1,TSRYS5752098,D,B,A,2024-04-18,67200.00,4.813032,96.0234375
08:01:12,912810TZ1,TSRYS5752098,D,S,T,2024-04-18,1000000.00,4.816208,95.984223
08:01:12,912810TZ1,TSRYS5752098,D,B,A,2024-04-18,1000000.00,4.816208,95.984223
08:01:12,912810TZ1,TSRYS5752098,D,S,T,2024-04-18,1000000.00,4.816208,95.984223
08:01:12,912810TZ1,TSRYS5752098,D,S,T,2024-04-18,1000000.00,4.816049,95.98617812
08:01:12,912810TZ1,TSRYS5752098,D,B,A,2024-04-18,1000000.00,4.816049,95.98617812
08:01:12,912810TZ1,TSRYS5752098,D,S,T,2024-04-18,1000000.00,4.816208,95.984223
08:01:12,912810TZ1,TSRYS5752098,D,B,A,2024-04-18,1000000.00,4.816208,95.984223
08:01:12,912810TZ1,TSRYS5752098,D,B,A,2024-04-18,1000000.00,4.815721,95.99023437
08:01:12,912810TZ1,TSRYS5752098,D,S,T,2024-04-18,1000000.00,4.815721,95.99023437
08:01:12,912810TZ1,TSRYS5752098,D,S,T,2024-04-18,1000000.00,4.816207,95.984225
08:01:12,912810TZ1,TSRYS5752098,D,S,T,2024-04-18,1000000.00,4.81493,96.0
08:01:12,912810TZ1,TSRYS5752098,D,B,A,2024-04-18,1000000.00,4.816207,95.984225
08:01:12,912810TZ1,TSRYS5752098,D,B,A,2024-04-18,1000000.00,4.815879,95.98828125
08:01:12,912810TZ1,TSRYS5752098,D,S,T,2024-04-18,1000000.00,4.815879,95.98828125
08:01:12,912810TZ1,TSRYS5752098,D,S,T,2024-04-18,1000000.00,4.816207,95.984225
08:01:12,912810TZ1,TSRYS5752098,D,B,A,2024-04-18,1000000.00,4.816207,95.984225
08:01:12,912810TZ1,TSRYS5752098,D,S,T,2024-04-18,1000000.00,4.816037,95.98632812
08:01:12,912810TZ1,TSRYS5752098,D,B,A,2024-04-18,1000000.00,4.816037,95.98632812
08:01:12,912810TZ1,TSRYS5752098,D,B,A,2024-04-18,1000000.00,4.816195,95.984375
08:01:12,912810TZ1,TSRYS5752098,D,S,T,2024-04-18,1000000.00,4.816195,95.984375
08:01:12,912810TZ1,TSRYS5752098,D,S,T,2024-04-18,1000000.00,4.823813,95.8904
08:01:12,912810TZ1,TSRYS5752098,D,S,T,2024-04-18,1000000.00,4.812417,96.031025
08:01:12,912810TZ1,TSRYS5752098,D,S,T,2024-04-18,1000000.00,4.816213,95.98415
08:01:13,912810TZ1,TSRYS5752098,D,S,D,2024-04-18,2000000.00,4.808865,96.0749188
08:01:13,912810TZ1,TSRYS5752098,D,S,D,2024-04-18,2000000.00,4.811236,96.0456219
08:01:13,912810TZ1,TSRYS5752098,D,B,C,2024-04-18,41961000.00,4.815278,95.99569375
08:01:13,912810TZ1,TSRYS5752098,D,S,D,2024-04-18,1000000.00,4.8016,96.1647625
08:01:13,912810TZ1,TSRYS5752098,D,S,D,2024-04-18,1000000.00,4.800653,96.1764813
08:01:13,912810TZ1,TSRYS5752098,D,S,D,2024-04-18,1000000.00,4.8016,96.1647625
08:01:13,912810TZ1,TSRYS5752098,D,S,D,2024-04-18,30000.00,4.817461,95.96875
08:01:13,912810TZ1,TSRYS5752098,D,S,D,2024-04-18,11000000.00,4.810461,96.0551875
08:01:13,912810TZ1,TSRYS5752098,D,S,D,2024-04-18,17000000.00,4.811094,96.047375
08:01:13,912810TZ1,TSRYS5752098,D,S,D,2024-04-18,2000000.00,4.811078,96.047575
08:01:13,912810TZ1,TSRYS5752098,D,S,T,2024-04-18,2000000.00,4.81493,96.0
08:01:14,912810TZ1,TSRYS5752098,D,B,C,2024-04-18,8000000.00,4.824746,95.87890625
08:01:16,912810TZ1,TSRYS5752098,D,S,T,2024-04-18,1000000.00,4.821261,95.921875
08:01:17,912810TZ1,TSRYS5752098,D,S,T,2024-04-18,1000000.00,4.813664,96.015625
08:01:18,912810TZ1,TSRYS5752098,D,B,C,2024-04-18,1000000.00,4.815562,95.9921875
08:01:18,912810TZ1,TSRYS5752098,D,S,T,2024-04-18,1000000.00,4.813664,96.015625
08:01:18,912810TZ1,TSRYS5752098,D,B,A,2024-04-18,5000000.00,4.816607,95.98046875
08:01:18,912810TZ1,TSRYS5752098,D,B,C,2024-04-18,1000000.00,4.817778,95.96484375
08:01:19,912810TZ1,TSRYS5752098,D,B,C,2024-04-18,1000000.00,4.817778,95.96484375
08:01:19,912810TZ1,TSRYS5752098,D,S,D,2024-04-18,3000000.00,4.812715,96.02734375
08:01:19,912810TZ1,TSRYS5752098,D,S,D,2024-04-18,2000000.00,4.812399,96.03125
08:01:19,912810TZ1,TSRYS5752098,D,S,A,2024-04-18,2240000.00,4.811688,96.040039062
08:01:19,912810TZ1,TSRYS5752098,D,S,D,2024-04-18,1000000.00,4.812399,96.03125
08:01:19,912810TZ1,TSRYS5752098,D,S,D,2024-04-18,1000000.00,4.816195,95.984375
08:01:19,912810TZ1,TSRYS5752098,D,S,D,2024-04-18,1000000.00,4.816195,95.984375
08:01:19,912810TZ1,TSRYS5752098,D,S,D,2024-04-18,1000000.00,4.816195,95.984375
08:01:20,912810TZ1,TSRYS5752098,D,S,D,2024-04-18,1000000.00,4.812557,96.02929687
08:01:20,912810TZ1,TSRYS5752098,D,S,T,2024-04-18,1000000.00,4.82427,95.884765625
08:01:20,912810TZ1,TSRYS5752098,D,S,T,2024-04-18,1000000.00,4.812715,96.02734375
08:01:20,912810TZ1,TSRYS5752098,D,S,T,2024-04-18,1000000.00,4.812715,96.02734375
08:01:20,912810TZ1,TSRYS5752098,D,S,T,2024-04-18,1000000.00,4.812873,96.025390625
08:01:20,912810TZ1,TSRYS5752098,D,S,T,2024-04-18,1000000.00,4.815721,95.990234375
08:01:20,912810TZ1,TSRYS5752098,D,S,T,2024-04-18,1000000.00,4.815879,95.98828125
08:01:20,912810TZ1,TSRYS5752098,D,S,T,2024-04-18,1000000.00,4.816037,95.986328125
08:01:20,912810TZ1,TSRYS5752098,D,S,T,2024-04-18,1000000.00,4.816195,95.984375
08:01:20,912810TZ1,TSRYS5752098,D,S,D,2024-04-18,1000000.00,4.812873,96.02539062
08:01:20,912810TZ1,TSRYS5752098,D,S,D,2024-04-18,1000000.00,4.812873,96.02539062
08:01:20,912810TZ1,TSRYS5752098,D,S,C,2024-04-18,2000000.00,4.809497,96.06711
08:01:20,912810TZ1,TSRYS5752098,D,S,D,2024-04-18,1000000.00,4.812873,96.02539062
08:01:20,912810TZ1,TSRYS5752098,D,S,A,2024-04-18,400000.00,4.81493,96.0
08:01:20,912810TZ1,TSRYS5752098,D,S,T,2024-04-18,1000000.00,4.811925,96.03710937
08:01:20,912810TZ1,TSRYS5752098,D,S,T,2024-04-18,1000000.00,4.817461,95.96875
08:01:20,912810TZ1,TSRYS5752098,D,S,D,2024-04-18,1000000.00,4.812715,96.02734375
08:01:20,912810TZ1,TSRYS5752098,D,B,C,2024-04-18,1000000.00,4.808763,96.07617187
08:01:20,912810TZ1,TSRYS5752098,D,S,D,2024-04-18,1000000.00,4.816828,95.9765625
08:01:20,912810TZ1,TSRYS5752098,D,S,T,2024-04-18,1000000.00,4.817477,95.96855
08:01:20,912810TZ1,TSRYS5752098,D,S,T,2024-04-18,1000000.00,4.817477,95.96855
08:01:21,912810TZ1,TSRYS5752098,D,S,D,2024-04-18,2000000.00,4.811925,96.03710937
08:01:21,912810TZ1,TSRYS5752098,D,S,T,2024-04-18,2000000.00,4.812241,96.03320312
08:01:21,912810TZ1,TSRYS5752098,D,S,D,2024-04-18,1000000.00,4.812241,96.03320312
08:01:21,912810TZ1,TSRYS5752098,D,S,C,2024-04-18,3000000.00,4.808711,96.07682
08:01:21,912810TZ1,TSRYS5752098,D,S,D,2024-04-18,390000.00,4.822528,95.90625
08:01:21,912810TZ1,TSRYS5752098,D,S,C,2024-04-18,1000000.00,4.823161,95.8984375
08:01:21,912810TZ1,TSRYS5752098,D,B,C,2024-04-18,1000000.00,4.823161,95.8984375
08:01:21,912810TZ1,TSRYS5752098,D,S,C,2024-04-18,1000000.00,4.823161,95.8984375
08:01:21,912810TZ1,TSRYS5752098,D,B,C,2024-04-18,1000000.00,4.823161,95.8984375
08:01:21,912810TZ1,TSRYS5752098,D,S,T,2024-04-18,1000000.00,4.817477,95.96855
08:01:21,912810TZ1,TSRYS5752098,D,S,D,2024-04-18,1000000.00,4.812083,96.03515625
08:01:21,912810TZ1,TSRYS5752098,D,S,T,2024-04-18,1000000.00,4.812557,96.02929687
08:01:21,912810TZ1,TSRYS5752098,D,S,D,2024-04-18,1000000.00,4.812715,96.02734375
08:01:22,912810TZ1,TSRYS5752098,D,S,T,2024-04-18,1000000.00,4.812715,96.02734375
08:01:22,912810TZ1,TSRYS5752098,D,S,T,2024-04-18,3000000.00,4.812715,96.02734375
08:01:22,912810TZ1,TSRYS5752098,D,S,D,2024-04-18,1000000.00,4.822369,95.90820312
08:01:22,912810TZ1,TSRYS5752098,D,S,D,2024-04-18,1000000.00,4.812715,96.02734375
08:01:22,912810TZ1,TSRYS5752098,D,S,T,2024-04-18,1000000.00,4.814297,96.0078125
08:01:22,912810TZ1,TSRYS5752098,D,S,T,2024-04-18,1000000.00,4.814455,96.00585937
08:01:22,912810TZ1,TSRYS5752098,D,S,T,2024-04-18,1000000.00,4.814613,96.00390625
08:01:22,912810TZ1,TSRYS5752098,D,S,D,2024-04-18,1000000.00,4.812715,96.02734375
08:01:22,912810TZ1,TSRYS5752098,D,S,T,2024-04-18,1000000.00,4.814771,96.00195312
08:01:22,912810TZ1,TSRYS5752098,D,S,D,2024-04-18,1000000.00,4.822369,95.90820312
08:01:22,912810TZ1,TSRYS5752098,D,S,T,2024-04-18,1000000.00,4.814771,96.00195312
08:01:22,912810TZ1,TSRYS5752098,D,S,T,2024-04-18,1000000.00,4.814613,96.00390625
08:01:22,912810TZ1,TSRYS5752098,D,S,T,2024-04-18,1000000.00,4.814771,96.00195312
08:01:22,912810TZ1,TSRYS5752098,D,S,D,2024-04-18,1000000.00,4.822369,95.90820312
08:01:22,912810TZ1,TSRYS5752098,D,S,D,2024-04-18,1000000.00,4.822369,95.90820312
08:01:22,912810TZ1,TSRYS5752098,D,S,T,2024-04-18,1000000.00,4.822528,95.90625
08:01:22,912810TZ1,TSRYS5752098,D,S,D,2024-04-18,1000000.00,4.822528,95.90625
08:01:22,912810TZ1,TSRYS5752098,D,S,T,2024-04-18,1000000.00,4.822369,95.90820312
08:01:22,912810TZ1,TSRYS5752098,D,S,D,2024-04-18,1000000.00,4.814613,96.00390625
08:01:22,912810TZ1,TSRYS5752098,D,S,D,2024-04-18,1000000.00,4.814613,96.00390625
08:01:22,912810TZ1,TSRYS5752098,D,S,D,2024-04-18,1000000.00,4.814613,96.00390625
08:01:22,912810TZ1,TSRYS5752098,D,S,D,2024-04-18,1000000.00,4.814613,96.00390625
08:01:22,912810TZ1,TSRYS5752098,D,S,D,2024-04-18,1000000.00,4.812715,96.02734375
08:01:22,912810TZ1,TSRYS5752098,D,S,D,2024-04-18,1000000.00,4.81493,96.0
08:01:22,912810TZ1,TSRYS5752098,D,S,D,2024-04-18,1000000.00,4.822369,95.90820312
08:01:22,912810TZ1,TSRYS5752098,D,S,D,2024-04-18,1000000.00,4.822369,95.90820312
08:01:23,912810TZ1,TSRYS5752098,D,S,D,2024-04-18,1000000.00,4.812715,96.02734375
08:01:23,912810TZ1,TSRYS5752098,D,S,D,2024-04-18,1000000.00,4.822528,95.90625
08:01:23,912810TZ1,TSRYS5752098,D,S,D,2024-04-18,1000000.00,4.822528,95.90625
08:01:23,912810TZ1,TSRYS5752098,D,S,T,2024-04-18,1000000.00,4.814942,95.99985
08:01:23,912810TZ1,TSRYS5752098,D,S,T,2024-04-18,1000000.00,4.814942,95.99985
08:01:23,912810TZ1,TSRYS5752098,D,B,C,2024-04-18,4100000.00,4.826013,95.86328125
08:01:23,912810TZ1,TSRYS5752098,D,S,T,2024-04-18,1000000.00,4.814942,95.99985
08:01:23,912810TZ1,TSRYS5752098,D,S,T,2024-04-18,1000000.00,4.814942,95.99985
08:01:23,912810TZ1,TSRYS5752098,D,S,T,2024-04-18,1000000.00,4.814942,95.99985
08:01:23,912810TZ1,TSRYS5752098,D,S,T,2024-04-18,1000000.00,4.814942,95.99985
08:01:23,912810TZ1,TSRYS5752098,D,S,T,2024-04-18,2000000.00,4.814942,95.99985
08:01:23,912810TZ1,TSRYS5752098,D,S,T,2024-04-18,1000000.00,4.822528,95.90625
08:01:23,912810TZ1,TSRYS5752098,D,S,D,2024-04-18,1000000.00,4.822528,95.90625
08:01:24,912810TZ1,TSRYS5752098,D,S,D,2024-04-18,3000000.00,4.812715,96.02734375
08:01:25,912810TZ1,TSRYS5752098,D,B,C,2024-04-18,1000000.00,4.817145,95.97265625
08:01:25,912810TZ1,TSRYS5752098,D,B,C,2024-04-18,1000000.00,4.818094,95.9609375
08:01:25,912810TZ1,TSRYS5752098,D,S,T,2024-04-18,1000000.00,4.807341,96.09375
08:01:25,912810TZ1,TSRYS5752098,D,S,T,2024-04-18,1000000.00,4.806393,96.10546875
08:01:25,912810TZ1,TSRYS5752098,D,S,T,2024-04-18,1000000.00,4.809237,96.0703125
08:01:25,912810TZ1,TSRYS5752098,D,S,D,2024-04-18,1000000.00,4.810502,96.0546875
08:01:25,912810TZ1,TSRYS5752098,D,S,T,2024-04-18,1000000.00,4.809237,96.0703125
08:01:25,912810TZ1,TSRYS5752098,D,S,T,2024-04-18,1000000.00,4.809237,96.0703125
08:01:26,912810TZ1,TSRYS5752098,D,S,D,2024-04-18,1000000.00,4.809237,96.0703125
08:01:26,912810TZ1,TSRYS5752098,D,S,T,2024-04-18,1000000.00,4.808921,96.07421875
08:01:26,912810TZ1,TSRYS5752098,D,S,T,2024-04-18,1000000.00,4.809079,96.07226562
08:01:26,912810TZ1,TSRYS5752098,D,S,T,2024-04-18,1000000.00,4.809079,96.07226562
08:01:26,912810TZ1,TSRYS5752098,D,S,T,2024-04-18,1000000.00,4.809237,96.0703125
08:01:26,912810TZ1,TSRYS5752098,D,S,D,2024-04-18,1000000.00,4.809237,96.0703125
08:01:26,912810TZ1,TSRYS5752098,D,S,T,2024-04-18,1000000.00,4.80987,96.0625
08:01:26,912810TZ1,TSRYS5752098,D,S,T,2024-04-18,1000000.00,4.810502,96.0546875
08:01:26,912810TZ1,TSRYS5752098,D,S,T,2024-04-18,1000000.00,4.81145,96.04296875
08:01:26,912810TZ1,TSRYS5752098,D,S,T,2024-04-18,1000000.00,4.81145,96.04296875
08:01:26,912810TZ1,TSRYS5752098,D,S,D,2024-04-18,2000000.00,4.829818,95.81640625
08:01:26,912810TZ1,TSRYS5752098,D,S,D,2024-04-18,1000000.00,4.829818,95.81640625
08:01:26,912810TZ1,TSRYS5752098,D,B,C,2024-04-18,1000000.00,4.809554,96.06640625
08:01:26,912810TZ1,TSRYS5752098,D,S,T,2024-04-18,1000000.00,4.813664,96.015625
08:01:27,912810TZ1,TSRYS5752098,D,S,T,2024-04-18,1000000.00,4.811925,96.03710937
08:01:28,912810TZ1,TSRYS5752098,D,S,D,2024-04-18,1000000.00,4.812083,96.03515625
08:01:29,912810TZ1,TSRYS5752098,D,S,A,2024-04-18,2900.00,4.802671,96.15234375
08:01:29,912810TZ1,TSRYS5752098,D,S,T,2024-04-18,1000000.00,4.813664,96.015625
08:01:29,912810TZ1,TSRYS5752098,D,S,T,2024-04-18,1000000.00,4.813664,96.015625
08:01:29,912810TZ1,TSRYS5752098,D,S,D,2024-04-18,1000000.00,4.81493,96.0
08:01:29,912810TZ1,TSRYS5752098,D,S,D,2024-04-18,1000000.00,4.81493,96.0
08:01:30,912810TZ1,TSRYS5752098,D,S,T,2024-04-18,1000000.00,4.81493,96.0
08:01:30,912810TZ1,TSRYS5752098,D,S,C,2024-04-18,1000000.00,4.81493,96.0
08:01:30,912810TZ1,TSRYS5752098,D,S,T,2024-04-18,1000000.00,4.81493,96.0
08:01:31,912810TZ1,TSRYS5752098,D,S,D,2024-04-18,1000000.00,4.812715,96.02734375
08:01:31,912810TZ1,TSRYS5752098,D,S,D,2024-04-18,1000000.00,4.813032,96.0234375
08:01:32,912810TZ1,TSRYS5752098,D,S,T,2024-04-18,1000000.00,4.81051,96.0545875
08:01:32,912810TZ1,TSRYS5752098,D,S,T,2024-04-18,1000000.00,4.810668,96.052634375
08:01:32,912810TZ1,TSRYS5752098,D,S,T,2024-04-18,1000000.00,4.810826,96.05068125
08:01:32,912810TZ1,TSRYS5752098,D,S,T,2024-04-18,1000000.00,4.810826,96.05068125
08:01:32,912810TZ1,TSRYS5752098,D,S,D,2024-04-18,1000000.00,4.813664,96.015625
08:01:32,912810TZ1,TSRYS5752098,D,S,A,2024-04-18,219000.00,4.807025,96.09765625
08:01:32,912810TZ1,TSRYS5752098,D,B,A,2024-04-18,1525000.00,4.807657,96.08984375
08:01:33,912810TZ1,TSRYS5752098,D,S,D,2024-04-18,1000000.00,4.811767,96.0390625
08:01:33,912810TZ1,TSRYS5752098,D,S,D,2024-04-18,1000000.00,4.813664,96.015625
08:01:33,912810TZ1,TSRYS5752098,D,S,T,2024-04-18,1000000.00,4.812557,96.02929687
08:01:33,912810TZ1,TSRYS5752098,D,B,C,2024-04-18,1000000.00,4.803393,96.14257812
08:01:34,912810TZ1,TSRYS5752098,D,S,D,2024-04-18,1000000.00,4.811767,96.0390625
08:01:35,912810TZ1,TSRYS5752098,D,S,T,2024-04-18,1000000.00,4.812241,96.03320312
08:01:36,912810TZ1,TSRYS5752098,D,B,C,2024-04-18,30000000.00,4.815571,95.99208
08:01:37,912810TZ1,TSRYS5752098,D,S,T,2024-04-18,1000000.00,4.81493,96.0
08:01:37,912810TZ1,TSRYS5752098,D,S,T,2024-04-18,2000000.00,4.812399,96.03125
08:01:37,912810TZ1,TSRYS5752098,D,S,C,2024-04-18,30000000.00,4.816435,95.98142
08:01:37,912810TZ1,TSRYS5752098,D,S,T,2024-04-18,1000000.00,4.816195,95.984375
08:01:38,912810TZ1,TSRYS5752098,D,B,C,2024-04-18,1000000.00,4.815246,95.99609375
08:01:38,912810TZ1,TSRYS5752098,D,S,D,2024-04-18,1000000.00,4.81493,96.0
08:01:38,912810TZ1,TSRYS5752098,D,S,C,2024-04-18,24000000.00,4.812249,96.0331
08:01:38,912810TZ1,TSRYS5752098,D,S,T,2024-04-18,1000000.00,4.81493,96.0
08:01:38,912810TZ1,TSRYS5752098,D,S,T,2024-04-18,1000000.00,4.80987,96.0625
08:01:38,912810TZ1,TSRYS5752098,D,S,T,2024-04-18,1000000.00,4.81493,96.0
08:01:38,912810TZ1,TSRYS5752098,D,S,D,2024-04-18,1000000.00,4.81493,96.0
08:01:38,912810TZ1,TSRYS5752098,D,S,D,2024-04-18,2000000.00,4.81493,96.0
08:01:38,912810TZ1,TSRYS5752098,D,S,D,2024-04-18,1000000.00,4.81493,96.0
08:01:39,912810TZ1,TSRYS5752098,D,S,D,2024-04-18,1000000.00,4.81493,96.0
08:01:39,912810TZ1,TSRYS5752098,D,S,D,2024-04-18,2000000.00,4.81493,96.0
08:01:39,912810TZ1,TSRYS5752098,D,S,D,2024-04-18,1000000.00,4.81493,96.0
08:01:39,912810TZ1,TSRYS5752098,D,S,D,2024-04-18,1000000.00,4.81493,96.0
08:01:39,912810TZ1,TSRYS5752098,D,S,D,2024-04-18,1000000.00,4.822369,95.908203125
08:01:39,912810TZ1,TSRYS5752098,D,S,D,2024-04-18,1000000.00,4.822528,95.90625
08:01:39,912810TZ1,TSRYS5752098,D,S,D,2024-04-18,1000000.00,4.822528,95.90625
08:01:39,912810TZ1,TSRYS5752098,D,S,C,2024-04-18,1000000.00,4.82427,95.884765625
08:01:40,912810TZ1,TSRYS5752098,D,S,D,2024-04-18,1000000.00,4.815562,95.9921875
08:01:40,912810TZ1,TSRYS5752098,D,S,D,2024-04-18,1000000.00,4.825379,95.87109375
08:01:41,912810TZ1,TSRYS5752098,D,S,T,2024-04-18,1000000.00,4.81493,96.0
08:01:41,912810TZ1,TSRYS5752098,D,S,T,2024-04-18,1000000.00,4.815404,95.99414062
08:01:41,912810TZ1,TSRYS5752098,D,S,D,2024-04-18,1000000.00,4.815562,95.9921875
08:01:41,912810TZ1,TSRYS5752098,D,S,T,2024-04-18,1000000.00,4.815404,95.99414062
08:01:41,912810TZ1,TSRYS5752098,D,S,D,2024-04-18,1000000.00,4.815562,95.9921875
08:01:41,912810TZ1,TSRYS5752098,D,S,T,2024-04-18,1000000.00,4.815562,95.9921875
08:01:41,912810TZ1,TSRYS5752098,D,S,D,2024-04-18,1000000.00,4.815562,95.9921875
08:01:41,912810TZ1,TSRYS5752098,D,S,D,2024-04-18,1000000.00,4.816195,95.984375
08:01:41,912810TZ1,TSRYS5752098,D,S,T,2024-04-18,1000000.00,4.81493,96.0
08:01:41,912810TZ1,TSRYS5752098,D,S,D,2024-04-18,1000000.00,4.816195,95.984375
08:01:41,912810TZ1,TSRYS5752098,D,S,D,2024-04-18,1000000.00,4.816195,95.984375
08:01:42,912810TZ1,TSRYS5752098,D,S,T,2024-04-18,1000000.00,4.816195,95.984375
08:01:42,912810TZ1,TSRYS5752098,D,S,D,2024-04-18,1000000.00,4.816195,95.984375
08:01:42,912810TZ1,TSRYS5752098,D,S,D,2024-04-18,1000000.00,4.816195,95.984375
08:01:42,912810TZ1,TSRYS5752098,D,S,D,2024-04-18,1000000.00,4.816195,95.984375
08:01:43,912810TZ1,TSRYS5752098,D,S,D,2024-04-18,1000000.00,4.816195,95.984375
08:01:43,912810TZ1,TSRYS5752098,D,S,T,2024-04-18,1000000.00,4.813664,96.015625
08:01:44,912810TZ1,TSRYS5752098,D,S,D,2024-04-18,1000000.00,4.816195,95.984375
08:01:44,912810TZ1,TSRYS5752098,D,S,T,2024-04-18,1000000.00,4.802288,96.15625
08:01:45,912810TZ1,TSRYS5752098,D,S,T,2024-04-18,1000000.00,4.799763,96.1875
08:01:45,912810TZ1,TSRYS5752098,D,S,D,2024-04-18,1000000.00,4.815721,95.990234375
08:01:45,912810TZ1,TSRYS5752098,D,S,T,2024-04-18,1000000.00,4.813664,96.015625
08:01:45,912810TZ1,TSRYS5752098,D,S,T,2024-04-18,1000000.00,4.813664,96.015625
08:01:45,912810TZ1,TSRYS5752098,D,S,D,2024-04-18,1000000.00,4.813664,96.015625
08:01:45,912810TZ1,TSRYS5752098,D,S,D,2024-04-18,1000000.00,4.816195,95.984375
08:01:45,912810TZ1,TSRYS5752098,D,S,D,2024-04-18,1000000.00,4.816195,95.984375
08:01:45,912810TZ1,TSRYS5752098,D,S,D,2024-04-18,1000000.00,4.812399,96.03125
08:01:45,912810TZ1,TSRYS5752098,D,S,D,2024-04-18,1000000.00,4.802288,96.15625
08:01:45,912810TZ1,TSRYS5752098,D,S,T,2024-04-18,1000000.00,4.803551,96.140625
08:01:45,912810TZ1,TSRYS5752098,D,S,D,2024-04-18,2000000.00,4.812399,96.03125
08:01:45,912810TZ1,TSRYS5752098,D,S,T,2024-04-18,1000000.00,4.813664,96.015625
08:01:46,912810TZ1,TSRYS5752098,D,B,C,2024-04-18,1000000.00,4.816353,95.98242187
08:01:46,912810TZ1,TSRYS5752098,D,S,T,2024-04-18,1000000.00,4.811134,96.046875
08:01:46,912810TZ1,TSRYS5752098,D,B,C,2024-04-18,13000000.00,4.822499,95.9066
08:01:46,912810TZ1,TSRYS5752098,D,B,C,2024-04-18,3000000.00,4.820526,95.93094
08:01:46,912810TZ1,TSRYS5752098,D,B,C,2024-04-18,2000000.00,4.813088,96.02274
08:01:46,912810TZ1,TSRYS5752098,D,B,C,2024-04-18,5000000.00,4.817391,95.96961
08:01:46,912810TZ1,TSRYS5752098,D,B,C,2024-04-18,5000000.00,4.814986,95.9993
08:01:47,912810TZ1,TSRYS5752098,D,S,A,2024-04-18,90000.00,4.820627,95.9296875
08:01:47,912810TZ1,TSRYS5752098,D,S,D,2024-04-18,120000.00,4.819361,95.9453125
08:01:47,912810TZ1,TSRYS5752098,D,S,D,2024-04-18,120000.00,4.819361,95.9453125
08:01:48,912810TZ1,TSRYS5752098,D,S,D,2024-04-18,100000.00,4.812715,96.02734375
08:01:48,912810TZ1,TSRYS5752098,D,S,C,2024-04-18,24570000.00,4.816467,95.98102
08:01:48,912810TZ1,TSRYS5752098,D,S,D,2024-04-18,1000000.00,4.81493,96.0
08:01:48,912810TZ1,TSRYS5752098,D,B,C,2024-04-18,1000000.00,4.815246,95.99609375
08:01:48,912810TZ1,TSRYS5752098,D,S,D,2024-04-18,1000000.00,4.815246,95.99609375
08:01:48,912810TZ1,TSRYS5752098,D,S,D,2024-04-18,1000000.00,4.81493,96.0
08:01:48,912810TZ1,TSRYS5752098,D,S,D,2024-04-18,1000000.00,4.81493,96.0
08:01:48,912810TZ1,TSRYS5752098,D,S,D,2024-04-18,1000000.00,4.814297,96.0078125
08:01:48,912810TZ1,TSRYS5752098,D,S,D,2024-04-18,1000000.00,4.814455,96.005859375
08:01:48,912810TZ1,TSRYS5752098,D,S,D,2024-04-18,1000000.00,4.814613,96.00390625
08:01:48,912810TZ1,TSRYS5752098,D,S,D,2024-04-18,1000000.00,4.814771,96.001953125
08:01:49,912810TZ1,TSRYS5752098,D,B,C,2024-04-18,2000000.00,4.813563,96.01688
08:01:49,912810TZ1,TSRYS5752098,D,S,C,2024-04-18,2430000.00,4.816467,95.98102
08:01:49,912810TZ1,TSRYS5752098,D,B,C,2024-04-18,5000000.00,4.813183,96.02157
08:01:49,912810TZ1,TSRYS5752098,D,S,D,2024-04-18,27000000.00,4.815625,95.99142
08:01:49,912810TZ1,TSRYS5752098,D,B,C,2024-04-18,7000000.00,4.812365,96.03167
08:01:49,912810TZ1,TSRYS5752098,D,S,D,2024-04-18,1000000.00,4.814771,96.001953125
08:01:49,912810TZ1,TSRYS5752098,D,S,D,2024-04-18,1000000.00,4.814613,96.00390625
08:01:49,912810TZ1,TSRYS5752098,D,S,C,2024-04-18,1000000.00,4.814771,96.001953125
08:01:49,912810TZ1,TSRYS5752098,D,S,T,2024-04-18,1000000.00,4.806078,96.109375
08:01:50,912810TZ1,TSRYS5752098,D,S,C,2024-04-18,1000000.00,4.812715,96.02734375
08:01:50,912810TZ1,TSRYS5752098,D,S,D,2024-04-18,1000000.00,4.812715,96.02734375
08:01:50,912810TZ1,TSRYS5752098,D,S,D,2024-04-18,1000000.00,4.812873,96.025390625
08:01:51,912810TZ1,TSRYS5752098,D,S,T,2024-04-18,1000000.00,4.806078,96.109375
08:01:51,912810TZ1,TSRYS5752098,D,S,D,2024-04-18,1000000.00,4.815721,95.990234375
08:01:51,912810TZ1,TSRYS5752098,D,S,D,2024-04-18,1000000.00,4.815879,95.98828125
08:01:51,912810TZ1,TSRYS5752098,D,S,D,2024-04-18,1000000.00,4.816037,95.986328125
08:01:51,912810TZ1,TSRYS5752098,D,S,D,2024-04-18,1000000.00,4.816195,95.984375
08:01:51,912810TZ1,TSRYS5752098,D,S,T,2024-04-18,1000000.00,4.804814,96.125
08:01:51,912810TZ1,TSRYS5752098,D,S,D,2024-04-18,1000000.00,4.812083,96.03515625
08:01:51,912810TZ1,TSRYS5752098,D,S,D,2024-04-18,1000000.00,4.812083,96.03515625
08:01:52,912810TZ1,TSRYS5752098,D,S,D,2024-04-18,1000000.00,4.813506,96.017578125
08:01:52,912810TZ1,TSRYS5752098,D,S,D,2024-04-18,1000000.00,4.813506,96.017578125
08:01:52,912810TZ1,TSRYS5752098,D,S,T,2024-04-18,1000000.00,4.812083,96.03515625
08:01:52,912810TZ1,TSRYS5752098,D,S,T,2024-04-18,1000000.00,4.812083,96.03515625
08:01:52,912810TZ1,TSRYS5752098,D,S,C,2024-04-18,4000000.00,4.812399,96.03125
08:01:52,912810TZ1,TSRYS5752098,D,S,C,2024-04-18,1000000.00,4.812399,96.03125
08:01:52,912810TZ1,TSRYS5752098,D,S,T,2024-04-18,1000000.00,4.813506,96.01757812
08:01:52,912810TZ1,TSRYS5752098,D,S,T,2024-04-18,1000000.00,4.813506,96.01757812
08:01:53,912810TZ1,TSRYS5752098,D,S,D,2024-04-18,1000000.00,4.813032,96.0234375
08:01:53,912810TZ1,TSRYS5752098,D,S,C,2024-04-18,1000000.00,4.81493,96.0
08:01:53,912810TZ1,TSRYS5752098,D,S,T,2024-04-18,1000000.00,4.806078,96.109375
08:01:53,912810TZ1,TSRYS5752098,D,S,D,2024-04-18,6000000.00,4.801632,96.16436
08:01:53,912810TZ1,TSRYS5752098,D,S,T,2024-04-18,1000000.00,4.808605,96.078125
08:01:53,912810TZ1,TSRYS5752098,D,S,D,2024-04-18,1000000.00,4.817461,95.96875
08:01:54,912810TZ1,TSRYS5752098,D,S,D,2024-04-18,1000000.00,4.815562,95.9921875
08:01:54,912810TZ1,TSRYS5752098,D,S,D,2024-04-18,1000000.00,4.815721,95.990234375
08:01:54,912810TZ1,TSRYS5752098,D,S,D,2024-04-18,1000000.00,4.815404,95.994140625
08:01:55,912810TZ1,TSRYS5752098,D,S,T,2024-04-18,1000000.00,4.811134,96.046875
08:01:55,912810TZ1,TSRYS5752098,D,S,T,2024-04-18,1000000.00,4.80987,96.0625
08:01:55,912810TZ1,TSRYS5752098,D,S,D,2024-04-18,1000000.00,4.815404,95.994140625
08:01:55,912810TZ1,TSRYS5752098,D,B,C,2024-04-18,1000000.00,4.815246,95.99609375
08:01:55,912810TZ1,TSRYS5752098,D,S,D,2024-04-18,1000000.00,4.815246,95.99609375
08:01:56,912810TZ1,TSRYS5752098,D,S,T,2024-04-18,1000000.00,4.804814,96.125
08:01:56,912810TZ1,TSRYS5752098,D,S,C,2024-04-18,1000000.00,4.817461,95.96875
08:01:56,912810TZ1,TSRYS5752098,D,S,D,2024-04-18,1000000.00,4.816195,95.984375
08:01:56,912810TZ1,TSRYS5752098,D,S,D,2024-04-18,1000000.00,4.817778,95.96484375
08:01:56,912810TZ1,TSRYS5752098,D,S,D,2024-04-18,1000000.00,4.816195,95.984375
08:01:57,912810TZ1,TSRYS5752098,D,S,D,2024-04-18,1000000.00,4.816353,95.982421875
08:01:57,912810TZ1,TSRYS5752098,D,S,D,2024-04-18,1000000.00,4.818886,95.95117187
08:01:57,912810TZ1,TSRYS5752098,D,S,T,2024-04-18,1000000.00,4.816195,95.984375
08:01:57,912810TZ1,TSRYS5752098,D,S,T,2024-04-18,1000000.00,4.816195,95.984375
08:01:57,912810TZ1,TSRYS5752098,D,S,T,2024-04-18,1000000.00,4.816195,95.984375
08:01:57,912810TZ1,TSRYS5752098,D,S,T,2024-04-18,1000000.00,4.816195,95.984375
08:01:58,912810TZ1,TSRYS5752098,D,S,T,2024-04-18,1000000.00,4.816195,95.984375
08:01:58,912810TZ1,TSRYS5752098,D,S,T,2024-04-18,1000000.00,4.816195,95.984375
08:01:58,912810TZ1,TSRYS5752098,D,S,D,2024-04-18,1000000.00,4.813664,96.015625
08:01:58,912810TZ1,TSRYS5752098,D,S,T,2024-04-18,1000000.00,4.816195,95.984375
08:01:58,912810TZ1,TSRYS5752098,D,S,T,2024-04-18,1000000.00,4.80987,96.0625
08:01:58,912810TZ1,TSRYS5752098,D,S,T,2024-04-18,1000000.00,4.816195,95.984375
08:01:58,912810TZ1,TSRYS5752098,D,S,T,2024-04-18,1000000.00,4.816195,95.984375
08:01:58,912810TZ1,TSRYS5752098,D,S,T,2024-04-18,1000000.00,4.816195,95.984375
08:01:58,912810TZ1,TSRYS5752098,D,S,T,2024-04-18,1000000.00,4.816195,95.984375
08:01:58,912810TZ1,TSRYS5752098,D,S,D,2024-04-18,1000000.00,4.813348,96.01953125
08:01:58,912810TZ1,TSRYS5752098,D,S,T,2024-04-18,1000000.00,4.813664,96.015625
08:01:58,912810TZ1,TSRYS5752098,D,S,D,2024-04-18,1000000.00,4.813664,96.015625
08:01:58,912810TZ1,TSRYS5752098,D,S,T,2024-04-18,1000000.00,4.813664,96.015625
08:02:00,912810TZ1,TSRYS5752098,D,S,D,2024-04-18,390000.00,4.822528,95.90625
08:02:00,912810TZ1,TSRYS5752098,D,S,D,2024-04-18,80000.00,4.821261,95.921875
08:02:00,912810TZ1,TSRYS5752098,D,S,T,2024-04-18,1000000.00,4.807341,96.09375
08:02:00,912810TZ1,TSRYS5752098,D,S,D,2024-04-18,1000000.00,4.804814,96.125
08:02:00,912810TZ1,TSRYS5752098,D,S,D,2024-04-18,1000000.00,4.804814,96.125
08:02:01,912810TZ1,TSRYS5752098,D,S,D,2024-04-18,1000000.00,4.828867,95.828125
08:02:01,912810TZ1,TSRYS5752098,D,S,D,2024-04-18,1000000.00,4.804814,96.125
08:02:01,912810TZ1,TSRYS5752098,D,S,C,2024-04-18,1000000.00,4.828867,95.828125
08:02:01,912810TZ1,TSRYS5752098,D,B,C,2024-04-18,1000000.00,4.828883,95.827925
08:02:01,912810TZ1,TSRYS5752098,D,B,C,2024-04-18,1000000.00,4.828883,95.827925
08:02:01,912810TZ1,TSRYS5752098,D,S,C,2024-04-18,1000000.00,4.828867,95.828125
08:02:01,912810TZ1,TSRYS5752098,D,B,C,2024-04-18,1000000.00,4.828867,95.828125
08:02:01,912810TZ1,TSRYS5752098,D,S,T,2024-04-18,1000000.00,4.804972,96.12304687
08:02:01,912810TZ1,TSRYS5752098,D,S,D,2024-04-18,1000000.00,4.81493,96.0
08:02:01,912810TZ1,TSRYS5752098,D,S,C,2024-04-18,1000000.00,4.81493,96.0
08:02:01,912810TZ1,TSRYS5752098,D,S,D,2024-04-18,1000000.00,4.812557,96.029296875
08:02:03,912810TZ1,TSRYS5752098,D,S,C,2024-04-18,1000000.00,4.828867,95.828125
08:02:03,912810TZ1,TSRYS5752098,D,S,D,2024-04-18,300000.00,4.818727,95.953125
08:02:05,912810TZ1,TSRYS5752098,D,B,A,2024-04-18,5000000.00,4.849204,95.577725
08:02:14,912810TZ1,TSRYS5752098,D,B,C,2024-04-18,8000000.00,4.826013,95.86328125
08:02:14,912810TZ1,TSRYS5752098,D,S,D,2024-04-18,2000000.00,4.812399,96.03125
08:02:14,912810TZ1,TSRYS5752098,D,S,D,2024-04-18,1000000.00,4.812399,96.03125
08:02:14,912810TZ1,TSRYS5752098,D,S,D,2024-04-18,2000000.00,4.812399,96.03125
08:02:14,912810TZ1,TSRYS5752098,D,S,D,2024-04-18,2000000.00,4.812557,96.029296875
08:02:14,912810TZ1,TSRYS5752098,D,S,D,2024-04-18,1000000.00,4.812557,96.029296875
08:02:14,912810TZ1,TSRYS5752098,D,S,D,2024-04-18,2000000.00,4.812083,96.03515625
08:02:18,912810TZ1,TSRYS5752098,D,S,D,2024-04-18,1000000.00,4.80987,96.0625
08:02:18,912810TZ1,TSRYS5752098,D,S,D,2024-04-18,1000000.00,4.810028,96.06054687
08:02:18,912810TZ1,TSRYS5752098,D,B,C,2024-04-18,8000000.00,4.824746,95.87890625
08:02:18,912810TZ1,TSRYS5752098,D,S,T,2024-04-18,1000000.00,4.828867,95.828125
08:02:18,912810TZ1,TSRYS5752098,D,S,D,2024-04-18,1000000.00,4.811925,96.037109375
08:02:18,912810TZ1,TSRYS5752098,D,B,C,2024-04-18,8000000.00,4.829184,95.82421875
08:02:18,912810TZ1,TSRYS5752098,D,S,D,2024-04-18,1000000.00,4.80987,96.0625
08:02:18,912810TZ1,TSRYS5752098,D,S,T,2024-04-18,1000000.00,4.80987,96.0625
08:02:18,912810TZ1,TSRYS5752098,D,S,T,2024-04-18,1000000.00,4.80987,96.0625
08:02:18,912810TZ1,TSRYS5752098,D,S,T,2024-04-18,1000000.00,4.80987,96.0625
08:02:18,912810TZ1,TSRYS5752098,D,S,D,2024-04-18,1000000.00,4.80987,96.0625
08:02:18,912810TZ1,TSRYS5752098,D,S,D,2024-04-18,1000000.00,4.80987,96.0625
08:02:18,912810TZ1,TSRYS5752098,D,S,D,2024-04-18,1000000.00,4.812557,96.029296875
08:02:18,912810TZ1,TSRYS5752098,D,S,D,2024-04-18,1000000.00,4.812715,96.02734375
08:02:18,912810TZ1,TSRYS5752098,D,S,T,2024-04-18,1000000.00,4.825062,95.875
08:02:18,912810TZ1,TSRYS5752098,D,S,C,2024-04-18,1000000.00,4.823795,95.890625
08:02:18,912810TZ1,TSRYS5752098,D,S,T,2024-04-18,3000000.00,4.813664,96.015625
08:02:18,912810TZ1,TSRYS5752098,D,S,T,2024-04-18,1000000.00,4.81493,96.0
08:02:18,912810TZ1,TSRYS5752098,D,S,T,2024-04-18,2000000.00,4.822528,95.90625
08:02:18,912810TZ1,TSRYS5752098,D,S,T,2024-04-18,1000000.00,4.81493,96.0
08:02:18,912810TZ1,TSRYS5752098,D,S,T,2024-04-18,1000000.00,4.822528,95.90625
08:02:18,912810TZ1,TSRYS5752098,D,S,T,2024-04-18,2000000.00,4.813664,96.015625
08:02:18,912810TZ1,TSRYS5752098,D,S,T,2024-04-18,1000000.00,4.822528,95.90625
08:02:19,912810TZ1,TSRYS5752098,D,S,T,2024-04-18,2000000.00,4.812399,96.03125
08:02:19,912810TZ1,TSRYS5752098,D,S,T,2024-04-18,1000000.00,4.822528,95.90625
08:02:19,912810TZ1,TSRYS5752098,D,S,T,2024-04-18,1000000.00,4.822528,95.90625
08:02:19,912810TZ1,TSRYS5752098,D,S,D,2024-04-18,1000000.00,4.811134,96.046875
08:02:19,912810TZ1,TSRYS5752098,D,S,D,2024-04-18,1000000.00,4.811925,96.037109375
08:02:19,912810TZ1,TSRYS5752098,D,S,D,2024-04-18,20000000.00,4.815304,95.99538
08:02:20,912810TZ1,TSRYS5752098,D,B,A,2024-04-18,16900000.00,4.81493,96.0
08:02:20,912810TZ1,TSRYS5752098,D,S,D,2024-04-18,4000000.00,4.812399,96.03125
08:02:21,912810TZ1,TSRYS5752098,D,B,C,2024-04-18,8000000.00,4.823161,95.8984375
08:02:21,912810TZ1,TSRYS5752098,D,S,D,2024-04-18,6000000.00,4.824195,95.8856932
08:02:21,912810TZ1,TSRYS5752098,D,S,D,2024-04-18,8000000.00,4.812736,96.0270879
08:02:21,912810TZ1,TSRYS5752098,D,S,T,2024-04-18,1000000.00,4.816195,95.984375
08:02:21,912810TZ1,TSRYS5752098,D,S,T,2024-04-18,1000000.00,4.816195,95.984375
08:02:21,912810TZ1,TSRYS5752098,D,S,D,2024-04-18,1000000.00,4.813664,96.015625
08:02:21,912810TZ1,TSRYS5752098,D,B,C,2024-04-18,1000000.00,4.813664,96.015625
08:02:21,912810TZ1,TSRYS5752098,D,S,D,2024-04-18,7000000.00,4.816055,95.9861071
08:02:21,912810TZ1,TSRYS5752098,D,S,T,2024-04-18,1000000.00,4.816195,95.984375
08:02:21,912810TZ1,TSRYS5752098,D,S,T,2024-04-18,1000000.00,4.816195,95.984375
08:02:21,912810TZ1,TSRYS5752098,D,B,C,2024-04-18,8000000.00,4.812399,96.03125
08:02:21,912810TZ1,TSRYS5752098,D,S,T,2024-04-18,1000000.00,4.816195,95.984375
08:02:21,912810TZ1,TSRYS5752098,D,S,T,2024-04-18,1000000.00,4.816195,95.984375
08:02:21,912810TZ1,TSRYS5752098,D,S,T,2024-04-18,1000000.00,4.816195,95.984375
08:02:21,912810TZ1,TSRYS5752098,D,S,T,2024-04-18,1000000.00,4.816195,95.984375
08:02:21,912810TZ1,TSRYS5752098,D,S,T,2024-04-18,1000000.00,4.816195,95.984375
08:02:21,912810TZ1,TSRYS5752098,D,S,T,2024-04-18,1000000.00,4.816195,95.984375
08:02:21,912810TZ1,TSRYS5752098,D,B,C,2024-04-18,8000000.00,4.816512,95.98046875
08:02:21,912810TZ1,TSRYS5752098,D,S,T,2024-04-18,1000000.00,4.816195,95.984375
08:02:21,912810TZ1,TSRYS5752098,D,S,D,2024-04-18,1000000.00,4.813664,96.015625
08:02:21,912810TZ1,TSRYS5752098,D,B,C,2024-04-18,1000000.00,4.813664,96.015625
08:02:21,912810TZ1,TSRYS5752098,D,S,D,2024-04-18,1000000.00,4.813664,96.015625
08:02:21,912810TZ1,TSRYS5752098,D,S,D,2024-04-18,1000000.00,4.813664,96.015625
08:02:21,912810TZ1,TSRYS5752098,D,S,T,2024-04-18,2000000.00,4.819994,95.9375
08:02:21,912810TZ1,TSRYS5752098,D,S,T,2024-04-18,1000000.00,4.819994,95.9375
08:02:21,912810TZ1,TSRYS5752098,D,S,T,2024-04-18,1000000.00,4.819994,95.9375
08:02:21,912810TZ1,TSRYS5752098,D,S,T,2024-04-18,1000000.00,4.819994,95.9375
08:02:21,912810TZ1,TSRYS5752098,D,S,T,2024-04-18,1000000.00,4.819994,95.9375
08:02:21,912810TZ1,TSRYS5752098,D,S,T,2024-04-18,1000000.00,4.819994,95.9375
08:02:21,912810TZ1,TSRYS5752098,D,S,T,2024-04-18,1000000.00,4.819994,95.9375
08:02:21,912810TZ1,TSRYS5752098,D,S,T,2024-04-18,1000000.00,4.819994,95.9375
08:02:21,912810TZ1,TSRYS5752098,D,S,T,2024-04-18,1000000.00,4.819994,95.9375
08:02:21,912810TZ1,TSRYS5752098,D,S,T,2024-04-18,1000000.00,4.819994,95.9375
08:02:21,912810TZ1,TSRYS5752098,D,S,T,2024-04-18,1000000.00,4.819994,95.9375
08:02:21,912810TZ1,TSRYS5752098,D,S,T,2024-04-18,1000000.00,4.819994,95.9375
08:02:21,912810TZ1,TSRYS5752098,D,S,T,2024-04-18,1000000.00,4.819994,95.9375
08:02:21,912810TZ1,TSRYS5752098,D,S,T,2024-04-18,1000000.00,4.819994,95.9375
08:02:21,912810TZ1,TSRYS5752098,D,S,T,2024-04-18,1000000.00,4.819994,95.9375
08:02:21,912810TZ1,TSRYS5752098,D,S,T,2024-04-18,1000000.00,4.819994,95.9375
08:02:21,912810TZ1,TSRYS5752098,D,S,T,2024-04-18,1000000.00,4.819994,95.9375
08:02:21,912810TZ1,TSRYS5752098,D,S,T,2024-04-18,1000000.00,4.819994,95.9375
08:02:21,912810TZ1,TSRYS5752098,D,S,T,2024-04-18,1000000.00,4.819994,95.9375
08:02:21,912810TZ1,TSRYS5752098,D,S,T,2024-04-18,1000000.00,4.819994,95.9375
08:02:21,912810TZ1,TSRYS5752098,D,S,T,2024-04-18,1000000.00,4.819994,95.9375
08:02:21,912810TZ1,TSRYS5752098,D,S,T,2024-04-18,1000000.00,4.819994,95.9375
08:02:21,912810TZ1,TSRYS5752098,D,S,T,2024-04-18,1000000.00,4.819994,95.9375
08:02:21,912810TZ1,TSRYS5752098,D,S,T,2024-04-18,1000000.00,4.819994,95.9375
08:02:21,912810TZ1,TSRYS5752098,D,S,T,2024-04-18,1000000.00,4.819994,95.9375
08:02:21,912810TZ1,TSRYS5752098,D,S,T,2024-04-18,1000000.00,4.819994,95.9375
08:02:21,912810TZ1,TSRYS5752098,D,S,T,2024-04-18,1000000.00,4.819994,95.9375
08:02:21,912810TZ1,TSRYS5752098,D,S,T,2024-04-18,1000000.00,4.819994,95.9375
08:02:21,912810TZ1,TSRYS5752098,D,S,T,2024-04-18,1000000.00,4.819994,95.9375
08:02:21,912810TZ1,TSRYS5752098,D,S,T,2024-04-18,1000000.00,4.819994,95.9375
08:02:21,912810TZ1,TSRYS5752098,D,S,T,2024-04-18,1000000.00,4.819994,95.9375
08:02:21,912810TZ1,TSRYS5752098,D,S,A,2024-04-18,102400.00,4.812469,96.03125
08:02:21,912810TZ1,TSRYS5752098,D,S,D,2024-04-18,80000.00,4.812715,96.02734375
08:02:21,912810TZ1,TSRYS5752098,D,S,T,2024-04-18,1000000.00,4.819994,95.9375
08:02:21,912810TZ1,TSRYS5752098,D,S,T,2024-04-18,1000000.00,4.819994,95.9375
08:02:21,912810TZ1,TSRYS5752098,D,S,T,2024-04-18,2000000.00,4.819994,95.9375
08:02:21,912810TZ1,TSRYS5752098,D,B,A,2024-04-18,41798000.00,4.821293,95.921475
08:02:21,912810TZ1,TSRYS5752098,D,S,T,2024-04-18,1000000.00,4.819994,95.9375
08:02:21,912810TZ1,TSRYS5752098,D,S,T,2024-04-18,1000000.00,4.819994,95.9375
08:02:21,912810TZ1,TSRYS5752098,D,S,T,2024-04-18,1000000.00,4.819994,95.9375
08:02:21,912810TZ1,TSRYS5752098,D,S,T,2024-04-18,1000000.00,4.819994,95.9375
08:02:21,912810TZ1,TSRYS5752098,D,B,C,2024-04-18,1000000.00,4.825062,95.875
08:02:21,912810TZ1,TSRYS5752098,D,S,D,2024-04-18,1000000.00,4.825062,95.875
08:02:21,912810TZ1,TSRYS5752098,D,S,C,2024-04-18,2250000.00,4.808605,96.078125
08:02:21,912810TZ1,TSRYS5752098,D,S,C,2024-04-18,1000000.00,4.823795,95.890625
08:02:21,912810TZ1,TSRYS5752098,D,S,C,2024-04-18,1000000.00,4.823779,95.890825
08:02:21,912810TZ1,TSRYS5752098,D,S,C,2024-04-18,1000000.00,4.823779,95.890825
08:02:21,912810TZ1,TSRYS5752098,D,S,D,2024-04-18,1000000.00,4.823795,95.890625
08:02:22,912810TZ1,TSRYS5752098,D,S,C,2024-04-18,1000000.00,4.812241,96.033203125
08:02:22,912810TZ1,TSRYS5752098,D,S,A,2024-04-18,1032000.00,4.809237,96.0703125
08:02:22,912810TZ1,TSRYS5752098,D,S,C,2024-04-18,30000000.00,4.808605,96.078125
08:02:22,912810TZ1,TSRYS5752098,D,S,D,2024-04-18,385000.00,4.808605,96.078125
08:02:23,912810TZ1,TSRYS5752098,D,S,T,2024-04-18,1000000.00,4.817461,95.96875
08:02:23,912810TZ1,TSRYS5752098,D,S,T,2024-04-18,1000000.00,4.81493,96.0
08:02:24,912810TZ1,TSRYS5752098,D,S,D,2024-04-18,1000000.00,4.814913,96.0002
08:02:24,912810TZ1,TSRYS5752098,D,S,D,2024-04-18,2000000.00,4.814913,96.0002
08:02:24,912810TZ1,TSRYS5752098,D,B,C,2024-04-18,5000000.00,4.814942,95.99985
08:02:24,912810TZ1,TSRYS5752098,D,S,D,2024-04-18,1000000.00,4.814913,96.0002
08:02:24,912810TZ1,TSRYS5752098,D,S,T,2024-04-18,1000000.00,4.81493,96.0
08:02:24,912810TZ1,TSRYS5752098,D,B,C,2024-04-18,1000000.00,4.814946,95.9998
08:02:24,912810TZ1,TSRYS5752098,D,B,C,2024-04-18,2000000.00,4.81493,96.0
08:02:24,912810TZ1,TSRYS5752098,D,B,C,2024-04-18,1000000.00,4.814946,95.9998
08:02:24,912810TZ1,TSRYS5752098,D,S,D,2024-04-18,1000000.00,4.814913,96.0002
08:02:24,912810TZ1,TSRYS5752098,D,B,C,2024-04-18,1000000.00,4.814946,95.9998
08:02:24,912810TZ1,TSRYS5752098,D,S,D,2024-04-18,5000000.00,4.814913,96.0002
08:02:24,912810TZ1,TSRYS5752098,D,S,T,2024-04-18,2000000.00,4.81493,96.0
08:02:24,912810TZ1,TSRYS5752098,D,S,D,2024-04-18,1000000.00,4.814913,96.0002
08:02:24,912810TZ1,TSRYS5752098,D,S,D,2024-04-18,2000000.00,4.814913,96.0002
08:02:24,912810TZ1,TSRYS5752098,D,B,C,2024-04-18,1000000.00,4.81493,96.0
08:02:24,912810TZ1,TSRYS5752098,D,B,C,2024-04-18,2000000.00,4.81493,96.0
08:02:24,912810TZ1,TSRYS5752098,D,S,D,2024-04-18,2000000.00,4.814913,96.0002
08:02:24,912810TZ1,TSRYS5752098,D,S,D,2024-04-18,2000000.00,4.814913,96.0002
08:02:24,912810TZ1,TSRYS5752098,D,B,C,2024-04-18,2000000.00,4.81493,96.0
08:02:24,912810TZ1,TSRYS5752098,D,S,D,2024-04-18,2000000.00,4.814913,96.0002
08:02:24,912810TZ1,TSRYS5752098,D,B,C,2024-04-18,1000000.00,4.814944,95.999825
08:02:24,912810TZ1,TSRYS5752098,D,S,D,2024-04-18,1000000.00,4.814913,96.0002
08:02:24,912810TZ1,TSRYS5752098,D,B,C,2024-04-18,2000000.00,4.81493,96.0
08:02:24,912810TZ1,TSRYS5752098,D,B,C,2024-04-18,1000000.00,4.814946,95.9998
08:02:24,912810TZ1,TSRYS5752098,D,S,D,2024-04-18,1000000.00,4.814913,96.0002
08:02:24,912810TZ1,TSRYS5752098,D,S,D,2024-04-18,1000000.00,4.814913,96.0002
08:02:24,912810TZ1,TSRYS5752098,D,S,T,2024-04-18,1000000.00,4.812399,96.03125
08:02:24,912810TZ1,TSRYS5752098,D,S,T,2024-04-18,3000000.00,4.812399,96.03125
08:02:24,912810TZ1,TSRYS5752098,D,S,D,2024-04-18,3000000.00,4.814913,96.0002
08:02:24,912810TZ1,TSRYS5752098,D,B,C,2024-04-18,3000000.00,4.81493,96.0
08:02:24,912810TZ1,TSRYS5752098,D,S,T,2024-04-18,1000000.00,4.816195,95.984375
08:02:24,912810TZ1,TSRYS5752098,D,S,T,2024-04-18,1000000.00,4.816195,95.984375
08:02:24,912810TZ1,TSRYS5752098,D,B,C,2024-04-18,1000000.00,4.814946,95.9998
08:02:24,912810TZ1,TSRYS5752098,D,S,D,2024-04-18,1000000.00,4.814913,96.0002
08:02:24,912810TZ1,TSRYS5752098,D,S,D,2024-04-18,1000000.00,4.814913,96.0002
08:02:24,912810TZ1,TSRYS5752098,D,S,D,2024-04-18,1000000.00,4.814913,96.0002
08:02:24,912810TZ1,TSRYS5752098,D,B,C,2024-04-18,1000000.00,4.814946,95.9998
08:02:24,912810TZ1,TSRYS5752098,D,B,C,2024-04-18,1000000.00,4.81493,96.0
08:02:24,912810TZ1,TSRYS5752098,D,S,D,2024-04-18,1000000.00,4.814913,96.0002
08:02:24,912810TZ1,TSRYS5752098,D,B,C,2024-04-18,1000000.00,4.81493,96.0
08:02:24,912810TZ1,TSRYS5752098,D,B,C,2024-04-18,1000000.00,4.814946,95.9998
08:02:24,912810TZ1,TSRYS5752098,D,S,D,2024-04-18,1000000.00,4.814913,96.0002
08:02:24,912810TZ1,TSRYS5752098,D,S,D,2024-04-18,1000000.00,4.814913,96.0002
08:02:24,912810TZ1,TSRYS5752098,D,S,D,2024-04-18,3000000.00,4.814913,96.0002
08:02:24,912810TZ1,TSRYS5752098,D,B,C,2024-04-18,1000000.00,4.814946,95.9998
08:02:24,912810TZ1,TSRYS5752098,D,B,C,2024-04-18,1000000.00,4.814946,95.9998
08:02:24,912810TZ1,TSRYS5752098,D,B,C,2024-04-18,3000000.00,4.814942,95.99985
08:02:24,912810TZ1,TSRYS5752098,D,S,D,2024-04-18,1000000.00,4.814913,96.0002
08:02:24,912810TZ1,TSRYS5752098,D,S,D,2024-04-18,1000000.00,4.814913,96.0002
08:02:24,912810TZ1,TSRYS5752098,D,B,C,2024-04-18,27521000.00,4.813064,96.0230375
08:02:24,912810TZ1,TSRYS5752098,D,B,C,2024-04-18,1000000.00,4.814944,95.999825
08:02:24,912810TZ1,TSRYS5752098,D,S,D,2024-04-18,1000000.00,4.814913,96.0002
08:02:24,912810TZ1,TSRYS5752098,D,S,D,2024-04-18,1000000.00,4.814913,96.0002
08:02:24,912810TZ1,TSRYS5752098,D,S,D,2024-04-18,1000000.00,4.814913,96.0002
08:02:24,912810TZ1,TSRYS5752098,D,B,C,2024-04-18,1000000.00,4.81493,96.0
08:02:24,912810TZ1,TSRYS5752098,D,B,C,2024-04-18,1000000.00,4.814946,95.9998
08:02:24,912810TZ1,TSRYS5752098,D,S,D,2024-04-18,1000000.00,4.814913,96.0002
08:02:25,912810TZ1,TSRYS5752098,D,S,D,2024-04-18,1000000.00,4.814913,96.0002
08:02:25,912810TZ1,TSRYS5752098,D,B,C,2024-04-18,2000000.00,4.81493,96.0
08:02:25,912810TZ1,TSRYS5752098,D,S,D,2024-04-18,2000000.00,4.814913,96.0002
08:02:25,912810TZ1,TSRYS5752098,D,B,C,2024-04-18,1000000.00,4.81493,96.0
08:02:25,912810TZ1,TSRYS5752098,D,S,D,2024-04-18,1000000.00,4.813648,96.015825
08:02:25,912810TZ1,TSRYS5752098,D,B,C,2024-04-18,1000000.00,4.813664,96.015625
08:02:25,912810TZ1,TSRYS5752098,D,B,C,2024-04-18,1000000.00,4.813678,96.01545
08:02:25,912810TZ1,TSRYS5752098,D,S,D,2024-04-18,1000000.00,4.813648,96.015825
08:02:25,912810TZ1,TSRYS5752098,D,S,D,2024-04-18,1000000.00,4.813648,96.015825
08:02:25,912810TZ1,TSRYS5752098,D,S,D,2024-04-18,1000000.00,4.813648,96.015825
08:02:25,912810TZ1,TSRYS5752098,D,B,C,2024-04-18,1000000.00,4.81368,96.015425
08:02:25,912810TZ1,TSRYS5752098,D,S,D,2024-04-18,1000000.00,4.813648,96.015825
08:02:25,912810TZ1,TSRYS5752098,D,B,C,2024-04-18,1000000.00,4.813664,96.015625
08:02:25,912810TZ1,TSRYS5752098,D,B,C,2024-04-18,1000000.00,4.81368,96.015425
08:02:25,912810TZ1,TSRYS5752098,D,S,D,2024-04-18,1000000.00,4.813648,96.015825
08:02:25,912810TZ1,TSRYS5752098,D,B,C,2024-04-18,1000000.00,4.813664,96.015625
08:02:25,912810TZ1,TSRYS5752098,D,S,D,2024-04-18,1000000.00,4.813648,96.015825
08:02:25,912810TZ1,TSRYS5752098,D,S,D,2024-04-18,1000000.00,4.813648,96.015825
08:02:25,912810TZ1,TSRYS5752098,D,S,D,2024-04-18,1000000.00,4.813648,96.015825
08:02:25,912810TZ1,TSRYS5752098,D,S,D,2024-04-18,1000000.00,4.813648,96.015825
08:02:25,912810TZ1,TSRYS5752098,D,B,C,2024-04-18,1000000.00,4.813664,96.015625
08:02:25,912810TZ1,TSRYS5752098,D,S,D,2024-04-18,1000000.00,4.813648,96.015825
08:02:25,912810TZ1,TSRYS5752098,D,S,D,2024-04-18,3000000.00,4.813648,96.015825
08:02:25,912810TZ1,TSRYS5752098,D,S,D,2024-04-18,1000000.00,4.813648,96.015825
08:02:25,912810TZ1,TSRYS5752098,D,S,T,2024-04-18,1000000.00,4.811134,96.046875
08:02:25,912810TZ1,TSRYS5752098,D,B,C,2024-04-18,1000000.00,4.813664,96.015625
08:02:25,912810TZ1,TSRYS5752098,D,S,C,2024-04-18,1000000.00,4.813664,96.015625
08:02:25,912810TZ1,TSRYS5752098,D,S,D,2024-04-18,1000000.00,4.814913,96.0002
08:02:25,912810TZ1,TSRYS5752098,D,S,D,2024-04-18,1000000.00,4.814913,96.0002
08:02:25,912810TZ1,TSRYS5752098,D,S,D,2024-04-18,1000000.00,4.814913,96.0002
08:02:25,912810TZ1,TSRYS5752098,D,S,D,2024-04-18,1000000.00,4.814913,96.0002
08:02:25,912810TZ1,TSRYS5752098,D,S,C,2024-04-18,1000000.00,4.814913,96.0002
08:02:25,912810TZ1,TSRYS5752098,D,S,D,2024-04-18,2000000.00,4.814913,96.0002
08:02:25,912810TZ1,TSRYS5752098,D,S,D,2024-04-18,1000000.00,4.814913,96.0002
08:02:25,912810TZ1,TSRYS5752098,D,S,D,2024-04-18,1000000.00,4.81493,96.0
08:02:25,912810TZ1,TSRYS5752098,D,S,D,2024-04-18,2000000.00,4.813648,96.015825
08:02:25,912810TZ1,TSRYS5752098,D,S,D,2024-04-18,1000000.00,4.813648,96.015825
08:02:25,912810TZ1,TSRYS5752098,D,S,T,2024-04-18,1000000.00,4.811134,96.046875
08:02:25,912810TZ1,TSRYS5752098,D,S,D,2024-04-18,2000000.00,4.813648,96.015825
08:02:25,912810TZ1,TSRYS5752098,D,B,C,2024-04-18,1000000.00,4.813664,96.015625
08:02:25,912810TZ1,TSRYS5752098,D,B,C,2024-04-18,2000000.00,4.813664,96.015625
08:02:25,912810TZ1,TSRYS5752098,D,S,D,2024-04-18,1000000.00,4.813648,96.015825
08:02:25,912810TZ1,TSRYS5752098,D,S,D,2024-04-18,1000000.00,4.813648,96.015825
08:02:25,912810TZ1,TSRYS5752098,D,S,D,2024-04-18,2000000.00,4.813648,96.015825
08:02:25,912810TZ1,TSRYS5752098,D,S,D,2024-04-18,1000000.00,4.813648,96.015825
08:02:25,912810TZ1,TSRYS5752098,D,S,D,2024-04-18,2000000.00,4.813648,96.015825
08:02:25,912810TZ1,TSRYS5752098,D,B,C,2024-04-18,1000000.00,4.813664,96.015625
08:02:25,912810TZ1,TSRYS5752098,D,S,D,2024-04-18,2000000.00,4.813648,96.015825
08:02:25,912810TZ1,TSRYS5752098,D,S,D,2024-04-18,1000000.00,4.813648,96.015825
08:02:25,912810TZ1,TSRYS5752098,D,B,C,2024-04-18,2000000.00,4.813664,96.015625
08:02:25,912810TZ1,TSRYS5752098,D,S,D,2024-04-18,2000000.00,4.813648,96.015825
08:02:25,912810TZ1,TSRYS5752098,D,B,C,2024-04-18,2000000.00,4.813664,96.015625
08:02:25,912810TZ1,TSRYS5752098,D,B,C,2024-04-18,1000000.00,4.813664,96.015625
08:02:25,912810TZ1,TSRYS5752098,D,S,D,2024-04-18,1000000.00,4.813648,96.015825
08:02:25,912810TZ1,TSRYS5752098,D,S,D,2024-04-18,2000000.00,4.813648,96.015825
08:02:25,912810TZ1,TSRYS5752098,D,B,C,2024-04-18,1000000.00,4.811148,96.0467
08:02:25,912810TZ1,TSRYS5752098,D,S,C,2024-04-18,1000000.00,4.811118,96.047075
08:02:25,912810TZ1,TSRYS5752098,D,B,C,2024-04-18,1000000.00,4.811134,96.046875
08:02:25,912810TZ1,TSRYS5752098,D,S,C,2024-04-18,1000000.00,4.811118,96.047075
08:02:25,912810TZ1,TSRYS5752098,D,S,C,2024-04-18,1000000.00,4.811118,96.047075
08:02:25,912810TZ1,TSRYS5752098,D,B,C,2024-04-18,1000000.00,4.811148,96.0467
08:02:25,912810TZ1,TSRYS5752098,D,S,C,2024-04-18,1000000.00,4.811118,96.047075
08:02:26,912810TZ1,TSRYS5752098,D,S,T,2024-04-18,1000000.00,4.808605,96.078125
08:02:26,912810TZ1,TSRYS5752098,D,S,D,2024-04-18,1000000.00,4.811118,96.047075
08:02:26,912810TZ1,TSRYS5752098,D,S,D,2024-04-18,1000000.00,4.811118,96.047075
08:02:26,912810TZ1,TSRYS5752098,D,S,D,2024-04-18,1000000.00,4.811118,96.047075
08:02:26,912810TZ1,TSRYS5752098,D,B,C,2024-04-18,1000000.00,4.81115,96.046675
08:02:26,912810TZ1,TSRYS5752098,D,B,C,2024-04-18,1000000.00,4.811148,96.0467
08:02:26,912810TZ1,TSRYS5752098,D,S,D,2024-04-18,1000000.00,4.811118,96.047075
08:02:26,912810TZ1,TSRYS5752098,D,S,D,2024-04-18,1000000.00,4.811118,96.047075
08:02:26,912810TZ1,TSRYS5752098,D,B,C,2024-04-18,1000000.00,4.811148,96.0467
08:02:26,912810TZ1,TSRYS5752098,D,S,D,2024-04-18,2000000.00,4.812383,96.03145
08:02:26,912810TZ1,TSRYS5752098,D,S,D,2024-04-18,1000000.00,4.812383,96.03145
08:02:26,912810TZ1,TSRYS5752098,D,S,D,2024-04-18,1000000.00,4.812383,96.03145
08:02:26,912810TZ1,TSRYS5752098,D,S,D,2024-04-18,1000000.00,4.812383,96.03145
08:02:26,912810TZ1,TSRYS5752098,D,S,D,2024-04-18,1000000.00,4.812383,96.03145
08:02:26,912810TZ1,TSRYS5752098,D,S,D,2024-04-18,2000000.00,4.812383,96.03145
08:02:26,912810TZ1,TSRYS5752098,D,S,D,2024-04-18,1000000.00,4.812383,96.03145
08:02:26,912810TZ1,TSRYS5752098,D,B,C,2024-04-18,1000000.00,4.811134,96.046875
08:02:26,912810TZ1,TSRYS5752098,D,S,D,2024-04-18,1000000.00,4.811134,96.046875
08:02:26,912810TZ1,TSRYS5752098,D,S,D,2024-04-18,1000000.00,4.811118,96.047075
08:02:26,912810TZ1,TSRYS5752098,D,S,D,2024-04-18,1000000.00,4.812389,96.03138
08:02:26,912810TZ1,TSRYS5752098,D,S,C,2024-04-18,1000000.00,4.813648,96.015825
08:02:26,912810TZ1,TSRYS5752098,D,B,C,2024-04-18,1000000.00,4.813676,96.015475
08:02:26,912810TZ1,TSRYS5752098,D,S,C,2024-04-18,1000000.00,4.816195,95.984375
08:02:26,912810TZ1,TSRYS5752098,D,S,D,2024-04-18,1000000.00,4.816195,95.984375
08:02:26,912810TZ1,TSRYS5752098,D,S,D,2024-04-18,1000000.00,4.816195,95.984375
08:02:26,912810TZ1,TSRYS5752098,D,S,D,2024-04-18,1000000.00,4.816195,95.984375
08:02:26,912810TZ1,TSRYS5752098,D,S,T,2024-04-18,1000000.00,4.81493,96.0
08:02:27,912810TZ1,TSRYS5752098,D,S,C,2024-04-18,1000000.00,4.816179,95.984575
08:02:27,912810TZ1,TSRYS5752098,D,S,C,2024-04-18,1000000.00,4.816195,95.984375
08:02:27,912810TZ1,TSRYS5752098,D,S,D,2024-04-18,1000000.00,4.816195,95.984375
08:02:27,912810TZ1,TSRYS5752098,D,S,D,2024-04-18,1000000.00,4.816195,95.984375
08:02:27,912810TZ1,TSRYS5752098,D,S,D,2024-04-18,1000000.00,4.816195,95.984375
08:02:27,912810TZ1,TSRYS5752098,D,S,D,2024-04-18,1000000.00,4.816195,95.984375
08:02:27,912810TZ1,TSRYS5752098,D,S,T,2024-04-18,1000000.00,4.816195,95.984375
08:02:27,912810TZ1,TSRYS5752098,D,S,D,2024-04-18,1000000.00,4.816195,95.984375
08:02:27,912810TZ1,TSRYS5752098,D,S,C,2024-04-18,1000000.00,4.816183,95.984525
08:02:27,912810TZ1,TSRYS5752098,D,S,D,2024-04-18,1000000.00,4.817461,95.96875
08:02:27,912810TZ1,TSRYS5752098,D,B,C,2024-04-18,1000000.00,4.814942,95.999848
08:02:27,912810TZ1,TSRYS5752098,D,S,D,2024-04-18,1000000.00,4.81493,96.0
08:02:27,912810TZ1,TSRYS5752098,D,S,T,2024-04-18,1000000.00,4.817461,95.96875
08:02:27,912810TZ1,TSRYS5752098,D,S,T,2024-04-18,1000000.00,4.816195,95.984375
08:02:27,912810TZ1,TSRYS5752098,D,S,T,2024-04-18,1000000.00,4.817461,95.96875
08:02:28,912810TZ1,TSRYS5752098,D,S,T,2024-04-18,1000000.00,4.81493,96.0
08:02:28,912810TZ1,TSRYS5752098,D,S,T,2024-04-18,1000000.00,4.817461,95.96875
08:02:28,912810TZ1,TSRYS5752098,D,S,T,2024-04-18,1000000.00,4.808605,96.078125
08:02:28,912810TZ1,TSRYS5752098,D,S,T,2024-04-18,1000000.00,4.808605,96.078125
08:02:29,912810TZ1,TSRYS5752098,D,S,D,2024-04-18,2000000.00,4.812241,96.033203125
08:02:29,912810TZ1,TSRYS5752098,D,S,D,2024-04-18,3000000.00,4.812715,96.02734375
08:02:29,912810TZ1,TSRYS5752098,D,S,C,2024-04-18,1000000.00,4.814913,96.0002
08:02:29,912810TZ1,TSRYS5752098,D,S,C,2024-04-18,2000000.00,4.81493,96.0
08:02:29,912810TZ1,TSRYS5752098,D,S,C,2024-04-18,2000000.00,4.816195,95.984375
08:02:29,912810TZ1,TSRYS5752098,D,S,A,2024-04-18,10000000.00,4.802604,96.15234375
08:02:29,912810TZ1,TSRYS5752098,D,S,C,2024-04-18,1000000.00,4.816181,95.98455
08:02:29,912810TZ1,TSRYS5752098,D,S,D,2024-04-18,1000000.00,4.816195,95.984375
08:02:29,912810TZ1,TSRYS5752098,D,S,C,2024-04-18,1000000.00,4.817445,95.96895
08:02:29,912810TZ1,TSRYS5752098,D,S,C,2024-04-18,1000000.00,4.817445,95.96895
08:02:30,912810TZ1,TSRYS5752098,D,S,C,2024-04-18,1000000.00,4.817445,95.96895
08:02:30,912810TZ1,TSRYS5752098,D,S,T,2024-04-18,1000000.00,4.812399,96.03125
08:02:30,912810TZ1,TSRYS5752098,D,S,C,2024-04-18,1000000.00,4.816195,95.984375
08:02:30,912810TZ1,TSRYS5752098,D,S,T,2024-04-18,1000000.00,4.817461,95.96875
08:02:30,912810TZ1,TSRYS5752098,D,S,T,2024-04-18,1000000.00,4.817461,95.96875
08:02:30,912810TZ1,TSRYS5752098,D,S,T,2024-04-18,1000000.00,4.81493,96.0
08:02:31,912810TZ1,TSRYS5752098,D,B,C,2024-04-18,1000000.00,4.817461,95.96875
08:02:31,912810TZ1,TSRYS5752098,D,S,C,2024-04-18,1000000.00,4.817449,95.968902
08:02:31,912810TZ1,TSRYS5752098,D,S,C,2024-04-18,1000000.00,4.817447,95.968925
08:02:31,912810TZ1,TSRYS5752098,D,S,C,2024-04-18,1000000.00,4.817461,95.96875
08:02:31,912810TZ1,TSRYS5752098,D,S,D,2024-04-18,1000000.00,4.817445,95.96895
08:02:31,912810TZ1,TSRYS5752098,D,S,D,2024-04-18,1000000.00,4.817445,95.96895
08:02:32,912810TZ1,TSRYS5752098,D,S,D,2024-04-18,1000000.00,4.817445,95.96895
08:02:32,912810TZ1,TSRYS5752098,D,S,D,2024-04-18,1000000.00,4.817461,95.96875
08:02:32,912810TZ1,TSRYS5752098,D,S,C,2024-04-18,1000000.00,4.817461,95.96875
08:02:32,912810TZ1,TSRYS5752098,D,S,D,2024-04-18,1000000.00,4.817461,95.96875
08:02:32,912810TZ1,TSRYS5752098,D,S,T,2024-04-18,1000000.00,4.812399,96.03125
08:02:32,912810TZ1,TSRYS5752098,D,S,D,2024-04-18,1000000.00,4.817461,95.96875
08:02:32,912810TZ1,TSRYS5752098,D,S,T,2024-04-18,1000000.00,4.812399,96.03125
08:02:32,912810TZ1,TSRYS5752098,D,S,D,2024-04-18,25000000.00,4.814931,95.99998
08:02:32,912810TZ1,TSRYS5752098,D,S,D,2024-04-18,2000000.00,4.817461,95.96875
08:02:32,912810TZ1,TSRYS5752098,D,S,C,2024-04-18,1000000.00,4.816195,95.984375
08:02:32,912810TZ1,TSRYS5752098,D,S,D,2024-04-18,1000000.00,4.816195,95.984375
08:02:32,912810TZ1,TSRYS5752098,D,B,C,2024-04-18,1000000.00,4.816211,95.984175
08:02:32,912810TZ1,TSRYS5752098,D,S,C,2024-04-18,1000000.00,4.816195,95.984375
08:02:32,912810TZ1,TSRYS5752098,D,S,D,2024-04-18,1000000.00,4.816195,95.984375
08:02:32,912810TZ1,TSRYS5752098,D,S,C,2024-04-18,1000000.00,4.816179,95.984575
08:02:32,912810TZ1,TSRYS5752098,D,S,D,2024-04-18,1000000.00,4.816179,95.984575
08:02:32,912810TZ1,TSRYS5752098,D,S,D,2024-04-18,1000000.00,4.816179,95.984575
08:02:32,912810TZ1,TSRYS5752098,D,S,C,2024-04-18,1000000.00,4.81493,96.0
08:02:32,912810TZ1,TSRYS5752098,D,S,C,2024-04-18,1000000.00,4.81493,96.0
08:02:32,912810TZ1,TSRYS5752098,D,S,C,2024-04-18,1000000.00,4.81493,96.0
08:02:32,912810TZ1,TSRYS5752098,D,S,C,2024-04-18,2000000.00,4.814917,96.00015
08:02:32,912810TZ1,TSRYS5752098,D,B,C,2024-04-18,1000000.00,4.81493,96.0
08:02:33,912810TZ1,TSRYS5752098,D,S,D,2024-04-18,1000000.00,4.81493,96.0
08:02:33,912810TZ1,TSRYS5752098,D,S,C,2024-04-18,1000000.00,4.81493,96.0
08:02:33,912810TZ1,TSRYS5752098,D,S,D,2024-04-18,1000000.00,4.81493,96.0
08:02:33,912810TZ1,TSRYS5752098,D,S,C,2024-04-18,1000000.00,4.816195,95.984375
08:02:33,912810TZ1,TSRYS5752098,D,S,C,2024-04-18,1000000.00,4.816195,95.984375
08:02:33,912810TZ1,TSRYS5752098,D,S,D,2024-04-18,1000000.00,4.808921,96.07421875
08:02:34,912810TZ1,TSRYS5752098,D,S,D,2024-04-18,1000000.00,4.808605,96.078125
08:02:34,912810TZ1,TSRYS5752098,D,S,T,2024-04-18,1000000.00,4.819212,95.947140625
08:02:34,912810TZ1,TSRYS5752098,D,S,T,2024-04-18,1000000.00,4.811134,96.046875
08:02:34,912810TZ1,TSRYS5752098,D,B,C,2024-04-18,1000000.00,4.81493,96.0
08:02:34,912810TZ1,TSRYS5752098,D,B,C,2024-04-18,1000000.00,4.81493,96.0
08:02:34,912810TZ1,TSRYS5752098,D,S,C,2024-04-18,1000000.00,4.816195,95.984375
08:02:35,912810TZ1,TSRYS5752098,D,S,C,2024-04-18,1000000.00,4.814913,96.0002
08:02:35,912810TZ1,TSRYS5752098,D,S,T,2024-04-18,1000000.00,4.808131,96.083984375
08:02:35,912810TZ1,TSRYS5752098,D,B,C,2024-04-18,1000000.00,4.814946,95.9998
08:02:35,912810TZ1,TSRYS5752098,D,S,D,2024-04-18,1000000.00,4.808921,96.07421875
08:02:35,912810TZ1,TSRYS5752098,D,S,D,2024-04-18,1000000.00,4.814919,96.00013
08:02:35,912810TZ1,TSRYS5752098,D,S,T,2024-04-18,2000000.00,4.816195,95.984375
08:02:36,912810TZ1,TSRYS5752098,D,S,T,2024-04-18,1000000.00,4.81493,96.0
08:02:36,912810TZ1,TSRYS5752098,D,S,T,2024-04-18,1000000.00,4.817461,95.96875
08:02:36,912810TZ1,TSRYS5752098,D,S,T,2024-04-18,2000000.00,4.817461,95.96875
08:02:36,912810TZ1,TSRYS5752098,D,S,T,2024-04-18,2000000.00,4.81493,96.0
08:02:36,912810TZ1,TSRYS5752098,D,S,T,2024-04-18,1000000.00,4.816195,95.984375
08:02:36,912810TZ1,TSRYS5752098,D,S,C,2024-04-18,1000000.00,4.812387,96.0314
08:02:37,912810TZ1,TSRYS5752098,D,S,C,2024-04-18,1000000.00,4.80987,96.0625
08:02:37,912810TZ1,TSRYS5752098,D,S,T,2024-04-18,1000000.00,4.817461,95.96875
08:02:37,912810TZ1,TSRYS5752098,D,S,T,2024-04-18,1000000.00,4.817461,95.96875
08:02:37,912810TZ1,TSRYS5752098,D,S,T,2024-04-18,1000000.00,4.81493,96.0
08:02:37,912810TZ1,TSRYS5752098,D,S,T,2024-04-18,1000000.00,4.816195,95.984375
08:02:37,912810TZ1,TSRYS5752098,D,S,C,2024-04-18,3144000.00,4.823161,95.8984375
08:02:38,912810TZ1,TSRYS5752098,D,S,T,2024-04-18,1000000.00,4.81493,96.0
08:02:38,912810TZ1,TSRYS5752098,D,B,C,2024-04-18,1000000.00,4.814771,96.00195312
08:02:38,912810TZ1,TSRYS5752098,D,B,C,2024-04-18,1000000.00,4.814771,96.00195312
08:02:38,912810TZ1,TSRYS5752098,D,B,C,2024-04-18,1000000.00,4.816353,95.98242187
08:02:38,912810TZ1,TSRYS5752098,D,S,T,2024-04-18,1000000.00,4.816195,95.984375
08:02:38,912810TZ1,TSRYS5752098,D,S,C,2024-04-18,1000000.00,4.803551,96.140625
08:02:38,912810TZ1,TSRYS5752098,D,B,C,2024-04-18,1000000.00,4.816353,95.98242187
08:02:38,912810TZ1,TSRYS5752098,D,S,C,2024-04-18,28000000.00,4.81602,95.98654
08:02:38,912810TZ1,TSRYS5752098,D,S,C,2024-04-18,2000000.00,4.806063,96.10955
08:02:38,912810TZ1,TSRYS5752098,D,S,C,2024-04-18,1000000.00,4.806063,96.10955
08:02:39,912810TZ1,TSRYS5752098,D,S,C,2024-04-18,15000000.00,4.815307,95.99534
08:02:39,912810TZ1,TSRYS5752098,D,S,C,2024-04-18,1000000.00,4.807327,96.093925
08:02:39,912810TZ1,TSRYS5752098,D,S,C,2024-04-18,1000000.00,4.807327,96.093925
08:02:40,912810TZ1,TSRYS5752098,D,S,T,2024-04-18,1000000.00,4.812399,96.03125
08:02:41,912810TZ1,TSRYS5752098,D,S,C,2024-04-18,1000000.00,4.807327,96.093925
08:02:41,912810TZ1,TSRYS5752098,D,S,C,2024-04-18,1000000.00,4.807327,96.093925
08:02:42,912810TZ1,TSRYS5752098,D,S,D,2024-04-18,1000000.00,4.808605,96.078125
08:02:42,912810TZ1,TSRYS5752098,D,S,D,2024-04-18,1000000.00,4.802919,96.1484375
08:02:42,912810TZ1,TSRYS5752098,D,S,D,2024-04-18,1000000.00,4.802604,96.15234375
08:02:42,912810TZ1,TSRYS5752098,D,S,D,2024-04-18,1000000.00,4.802761,96.150390625
08:02:42,912810TZ1,TSRYS5752098,D,S,D,2024-04-18,1000000.00,4.802761,96.150390625
08:02:42,912810TZ1,TSRYS5752098,D,S,D,2024-04-18,1000000.00,4.802761,96.150390625
08:02:42,912810TZ1,TSRYS5752098,D,S,D,2024-04-18,2000000.00,4.802761,96.150390625
08:02:42,912810TZ1,TSRYS5752098,D,S,D,2024-04-18,1000000.00,4.802604,96.15234375
08:02:42,912810TZ1,TSRYS5752098,D,S,T,2024-04-18,1000000.00,4.812399,96.03125
08:02:42,912810TZ1,TSRYS5752098,D,S,D,2024-04-18,49000000.00,4.812512,96.02986
08:02:42,912810TZ1,TSRYS5752098,D,S,D,2024-04-18,1000000.00,4.802761,96.150390625
08:02:42,912810TZ1,TSRYS5752098,D,S,T,2024-04-18,1000000.00,4.809712,96.064453125
08:02:42,912810TZ1,TSRYS5752098,D,S,T,2024-04-18,1000000.00,4.808605,96.078125
08:02:43,912810TZ1,TSRYS5752098,D,S,D,2024-04-18,1000000.00,4.802919,96.1484375
08:02:43,912810TZ1,TSRYS5752098,D,B,C,2024-04-18,1000000.00,4.802919,96.1484375
08:02:43,912810TZ1,TSRYS5752098,D,S,C,2024-04-18,17131000.00,4.807973,96.0859375
08:02:43,912810TZ1,TSRYS5752098,D,S,D,2024-04-18,1000000.00,4.80213,96.158203125
08:02:43,912810TZ1,TSRYS5752098,D,S,D,2024-04-18,2000000.00,4.801657,96.1640625
08:02:43,912810TZ1,TSRYS5752098,D,B,C,2024-04-18,2000000.00,4.801657,96.1640625
08:02:43,912810TZ1,TSRYS5752098,D,S,C,2024-04-18,1000000.00,4.808605,96.078125
08:02:43,912810TZ1,TSRYS5752098,D,B,C,2024-04-18,1000000.00,4.808605,96.078125
08:02:43,912810TZ1,TSRYS5752098,D,S,D,2024-04-18,1000000.00,4.802288,96.15625
08:02:44,912810TZ1,TSRYS5752098,D,S,T,2024-04-18,1000000.00,4.812399,96.03125
08:02:44,912810TZ1,TSRYS5752098,D,S,D,2024-04-18,1000000.00,4.799921,96.185546875
08:02:44,912810TZ1,TSRYS5752098,D,S,D,2024-04-18,1000000.00,4.799921,96.185546875
08:02:45,912810TZ1,TSRYS5752098,D,S,C,2024-04-18,1000000.00,4.812387,96.031402
08:02:45,912810TZ1,TSRYS5752098,D,B,C,2024-04-18,8000000.00,4.825696,95.8671875
08:02:45,912810TZ1,TSRYS5752098,D,B,C,2024-04-18,27000000.00,4.812399,96.03125
08:02:46,912810TZ1,TSRYS5752098,D,S,D,2024-04-18,1000000.00,4.799763,96.1875
08:02:46,912810TZ1,TSRYS5752098,D,S,D,2024-04-18,1000000.00,4.812399,96.03125
