tradeTime,cusip,issueSymbolIdentifier,priceType,reportingSideCode,contraPartyTypeCode,tradeDate,reportedTradeVolume,lastSaleYield,lastSalePrice
08:00:03,912810UD8,TSRYS5870973,D,S,D,2024-09-06,1000000.00,4.105175,100.265625
08:00:03,912810UD8,TSRYS5870973,D,S,D,2024-09-06,1000000.00,4.086894,100.513671875
08:00:03,912810UD8,TSRYS5870973,D,S,D,2024-09-06,1000000.00,4.085313,100.53515625
08:00:03,912810UD8,TSRYS5870973,D,S,D,2024-09-06,1000000.00,4.086032,100.525390625
08:00:03,912810UD8,TSRYS5870973,D,S,D,2024-09-06,1000000.00,4.085744,100.529296875
08:00:03,912810UD8,TSRYS5870973,D,S,D,2024-09-06,1000000.00,4.087469,100.505859375
08:00:03,912810UD8,TSRYS5870973,D,S,D,2024-09-06,1000000.00,4.086175,100.5234375
08:00:03,912810UD8,TSRYS5870973,D,S,D,2024-09-06,1000000.00,4.07842,100.62890625
08:00:03,912810UD8,TSRYS5870973,D,S,D,2024-09-06,1000000.00,4.080143,100.60546875
08:00:03,912810UD8,TSRYS5870973,D,S,D,2024-09-06,1000000.00,4.080143,100.60546875
08:00:03,912810UD8,TSRYS5870973,D,S,D,2024-09-06,1000000.00,4.080143,100.60546875
08:00:03,912810UD8,TSRYS5870973,D,S,D,2024-09-06,1000000.00,4.080143,100.60546875
08:00:03,912810UD8,TSRYS5870973,D,S,D,2024-09-06,1000000.00,4.080143,100.60546875
08:00:03,912810UD8,TSRYS5870973,D,S,D,2024-09-06,1000000.00,4.080143,100.60546875
08:00:03,912810UD8,TSRYS5870973,D,S,D,2024-09-06,1000000.00,4.080143,100.60546875
08:00:03,912810UD8,TSRYS5870973,D,S,D,2024-09-06,1000000.00,4.080143,100.60546875
08:00:03,912810UD8,TSRYS5870973,D,S,D,2024-09-06,1000000.00,4.080143,100.60546875
08:00:03,912810UD8,TSRYS5870973,D,S,D,2024-09-06,1000000.00,4.080143,100.60546875
08:00:03,912810UD8,TSRYS5870973,D,S,D,2024-09-06,1000000.00,4.078995,100.62109375
08:00:03,912810UD8,TSRYS5870973,D,S,D,2024-09-06,1000000.00,4.078708,100.625
08:00:03,912810UD8,TSRYS5870973,D,S,D,2024-09-06,1000000.00,4.078708,100.625
08:00:03,912810UD8,TSRYS5870973,D,S,D,2024-09-06,1000000.00,4.081579,100.5859375
08:00:03,912810UD8,TSRYS5870973,D,S,D,2024-09-06,1000000.00,4.077129,100.646484375
08:00:03,912810UD8,TSRYS5870973,D,S,D,2024-09-06,1000000.00,4.077129,100.646484375
08:00:03,912810UD8,TSRYS5870973,D,S,T,2024-09-06,1000000.00,4.077129,100.646484375
08:00:03,912810UD8,TSRYS5870973,D,B,C,2024-09-06,1000000.00,4.074547,100.681640625
08:00:03,912810UD8,TSRYS5870973,D,S,D,2024-09-06,1000000.00,4.073973,100.689453125
08:00:03,912810UD8,TSRYS5870973,D,S,D,2024-09-06,1000000.00,4.073973,100.689453125
08:00:03,912810UD8,TSRYS5870973,D,B,C,2024-09-06,1000000.00,4.074117,100.6875
08:00:03,912810UD8,TSRYS5870973,D,B,C,2024-09-06,1000000.00,4.074117,100.6875
08:00:03,912810UD8,TSRYS5870973,D,B,C,2024-09-06,1000000.00,4.074117,100.6875
08:00:03,912810UD8,TSRYS5870973,D,S,D,2024-09-06,1000000.00,4.073256,100.69921875
08:00:03,912810UD8,TSRYS5870973,D,S,D,2024-09-06,1000000.00,4.0734,100.697265625
08:00:03,912810UD8,TSRYS5870973,D,B,C,2024-09-06,1000000.00,4.071823,100.71875
08:00:03,912810UD8,TSRYS5870973,D,S,D,2024-09-06,1000000.00,4.071393,100.724609375
08:00:03,912810UD8,TSRYS5870973,D,S,D,2024-09-06,1000000.00,4.071536,100.72265625
08:00:03,912810UD8,TSRYS5870973,D,S,D,2024-09-06,1000000.00,4.07211,100.71484375
08:00:03,912810UD8,TSRYS5870973,D,S,D,2024-09-06,1000000.00,4.069386,100.751953125
08:00:03,912810UD8,TSRYS5870973,D,S,D,2024-09-06,300000.00,4.069386,100.751953125
08:00:03,912810UD8,TSRYS5870973,D,S,D,2024-09-06,1000000.00,4.074977,100.67578125
08:00:03,912810UD8,TSRYS5870973,D,S,T,2024-09-06,1000000.00,4.075264,100.671875
08:00:03,912810UD8,TSRYS5870973,D,S,D,2024-09-06,1000000.00,4.076986,100.6484375
08:00:03,912810UD8,TSRYS5870973,D,S,D,2024-09-06,1000000.00,4.076842,100.650390625
08:00:03,912810UD8,TSRYS5870973,D,S,D,2024-09-06,1000000.00,4.076986,100.6484375
08:00:03,912810UD8,TSRYS5870973,D,S,D,2024-09-06,1000000.00,4.076986,100.6484375
08:00:03,912810UD8,TSRYS5870973,D,S,D,2024-09-06,1000000.00,4.076986,100.6484375
08:00:07,912810UD8,TSRYS5870973,D,S,C,2024-09-06,125000.00,4.106617,100.24609375
08:00:13,912810UD8,TSRYS5870973,D,S,C,2024-09-06,125000.00,4.10806,100.2265625
08:00:13,912810UD8,TSRYS5870973,D,S,C,2024-09-06,125000.00,4.106617,100.24609375
08:00:13,912810UD8,TSRYS5870973,D,S,C,2024-09-06,125000.00,4.106906,100.2421875
08:00:15,912810UD8,TSRYS5870973,D,S,T,2024-09-06,1000000.00,4.08675,100.515625
08:00:15,912810UD8,TSRYS5870973,D,S,T,2024-09-06,1000000.00,4.0856,100.53125
08:00:15,912810UD8,TSRYS5870973,D,S,T,2024-09-06,1000000.00,4.081004,100.59375
08:00:15,912810UD8,TSRYS5870973,D,S,T,2024-09-06,1000000.00,4.077559,100.640625
08:00:18,912810UD8,TSRYS5870973,D,S,C,2024-09-06,250000.00,4.106041,100.25390625
08:00:22,912810UD8,TSRYS5870973,D,S,C,2024-09-06,250000.00,4.105175,100.265625
08:00:22,912810UD8,TSRYS5870973,D,S,C,2024-09-06,250000.00,4.107194,100.23828125
08:00:22,912810UD8,TSRYS5870973,D,S,C,2024-09-06,250000.00,4.106617,100.24609375
08:00:27,912810UD8,TSRYS5870973,D,S,A,2024-09-06,500000.00,4.106329,100.25
08:00:27,912810UD8,TSRYS5870973,D,S,C,2024-09-06,250000.00,4.10806,100.2265625
08:00:28,912810UD8,TSRYS5870973,D,S,C,2024-09-06,125000.00,4.109502,100.20703125
08:00:29,912810UD8,TSRYS5870973,D,S,T,2024-09-06,1000000.00,4.081004,100.59375
08:00:29,912810UD8,TSRYS5870973,D,S,T,2024-09-06,1000000.00,4.07297,100.703125
08:00:29,912810UD8,TSRYS5870973,D,S,T,2024-09-06,1000000.00,4.071823,100.71875
08:00:30,912810UD8,TSRYS5870973,D,S,T,2024-09-06,1000000.00,4.074977,100.67578125
08:00:30,912810UD8,TSRYS5870973,D,S,T,2024-09-06,1000000.00,4.073256,100.69921875
08:00:30,912810UD8,TSRYS5870973,D,S,T,2024-09-06,1000000.00,4.109791,100.203125
08:00:30,912810UD8,TSRYS5870973,D,S,T,2024-09-06,1000000.00,4.110368,100.1953125
08:00:30,912810UD8,TSRYS5870973,D,S,T,2024-09-06,1000000.00,4.101716,100.3125
08:00:30,912810UD8,TSRYS5870973,D,S,T,2024-09-06,1000000.00,4.101572,100.314453125
08:00:30,912810UD8,TSRYS5870973,D,S,T,2024-09-06,1000000.00,4.08675,100.515625
08:00:30,912810UD8,TSRYS5870973,D,S,T,2024-09-06,1000000.00,4.08675,100.515625
08:00:30,912810UD8,TSRYS5870973,D,S,T,2024-09-06,1000000.00,4.08675,100.515625
08:00:30,912810UD8,TSRYS5870973,D,S,T,2024-09-06,1000000.00,4.08675,100.515625
08:00:30,912810UD8,TSRYS5870973,D,S,T,2024-09-06,1000000.00,4.08675,100.515625
08:00:30,912810UD8,TSRYS5870973,D,S,T,2024-09-06,1000000.00,4.0856,100.53125
08:00:30,912810UD8,TSRYS5870973,D,S,T,2024-09-06,1000000.00,4.08675,100.515625
08:00:30,912810UD8,TSRYS5870973,D,S,T,2024-09-06,1000000.00,4.082153,100.578125
08:00:31,912810UD8,TSRYS5870973,D,S,T,2024-09-06,1000000.00,4.075264,100.671875
08:00:31,912810UD8,TSRYS5870973,D,S,T,2024-09-06,1000000.00,4.075264,100.671875
08:00:31,912810UD8,TSRYS5870973,D,S,T,2024-09-06,1000000.00,4.078995,100.62109375
08:00:31,912810UD8,TSRYS5870973,D,S,T,2024-09-06,1000000.00,4.081004,100.59375
08:00:31,912810UD8,TSRYS5870973,D,S,T,2024-09-06,1000000.00,4.081004,100.59375
08:00:31,912810UD8,TSRYS5870973,D,S,T,2024-09-06,1000000.00,4.081004,100.59375
08:00:31,912810UD8,TSRYS5870973,D,S,T,2024-09-06,1000000.00,4.081004,100.59375
08:00:31,912810UD8,TSRYS5870973,D,S,T,2024-09-06,1000000.00,4.08043,100.6015625
08:00:31,912810UD8,TSRYS5870973,D,S,T,2024-09-06,1000000.00,4.075694,100.666015625
08:00:31,912810UD8,TSRYS5870973,D,S,T,2024-09-06,1000000.00,4.075408,100.669921875
08:00:31,912810UD8,TSRYS5870973,D,S,T,2024-09-06,1000000.00,4.075551,100.66796875
08:00:31,912810UD8,TSRYS5870973,D,S,T,2024-09-06,1000000.00,4.075264,100.671875
08:00:31,912810UD8,TSRYS5870973,D,S,T,2024-09-06,1000000.00,4.075264,100.671875
08:00:31,912810UD8,TSRYS5870973,D,S,T,2024-09-06,1000000.00,4.075264,100.671875
08:00:31,912810UD8,TSRYS5870973,D,S,T,2024-09-06,1000000.00,4.079856,100.609375
08:00:31,912810UD8,TSRYS5870973,D,S,T,2024-09-06,1000000.00,4.079856,100.609375
08:00:31,912810UD8,TSRYS5870973,D,S,T,2024-09-06,1000000.00,4.079856,100.609375
08:00:31,912810UD8,TSRYS5870973,D,S,T,2024-09-06,1000000.00,4.074117,100.6875
08:00:31,912810UD8,TSRYS5870973,D,S,T,2024-09-06,1000000.00,4.074117,100.6875
08:00:31,912810UD8,TSRYS5870973,D,S,T,2024-09-06,1000000.00,4.078708,100.625
08:00:31,912810UD8,TSRYS5870973,D,S,T,2024-09-06,1000000.00,4.078708,100.625
08:00:31,912810UD8,TSRYS5870973,D,S,T,2024-09-06,1000000.00,4.083302,100.5625
08:00:31,912810UD8,TSRYS5870973,D,S,T,2024-09-06,1000000.00,4.083302,100.5625
08:00:31,912810UD8,TSRYS5870973,D,S,T,2024-09-06,1000000.00,4.083302,100.5625
08:00:31,912810UD8,TSRYS5870973,D,S,T,2024-09-06,1000000.00,4.084451,100.546875
08:00:31,912810UD8,TSRYS5870973,D,S,T,2024-09-06,1000000.00,4.082153,100.578125
08:00:31,912810UD8,TSRYS5870973,D,S,T,2024-09-06,1000000.00,4.082153,100.578125
08:00:31,912810UD8,TSRYS5870973,D,S,T,2024-09-06,1000000.00,4.082153,100.578125
08:00:31,912810UD8,TSRYS5870973,D,S,T,2024-09-06,1000000.00,4.076412,100.65625
08:00:31,912810UD8,TSRYS5870973,D,S,T,2024-09-06,1000000.00,4.077703,100.638671875
08:00:31,912810UD8,TSRYS5870973,D,S,T,2024-09-06,1000000.00,4.071823,100.71875
08:00:31,912810UD8,TSRYS5870973,D,S,T,2024-09-06,1000000.00,4.071823,100.71875
08:00:31,912810UD8,TSRYS5870973,D,S,T,2024-09-06,1000000.00,4.071823,100.71875
08:00:31,912810UD8,TSRYS5870973,D,S,T,2024-09-06,1000000.00,4.07297,100.703125
08:00:31,912810UD8,TSRYS5870973,D,S,T,2024-09-06,1000000.00,4.07297,100.703125
08:00:31,912810UD8,TSRYS5870973,D,S,T,2024-09-06,1000000.00,4.07297,100.703125
08:00:31,912810UD8,TSRYS5870973,D,S,T,2024-09-06,1000000.00,4.07297,100.703125
08:00:31,912810UD8,TSRYS5870973,D,S,T,2024-09-06,1000000.00,4.073113,100.701171875
08:00:31,912810UD8,TSRYS5870973,D,S,T,2024-09-06,1000000.00,4.07297,100.703125
08:00:31,912810UD8,TSRYS5870973,D,S,T,2024-09-06,1000000.00,4.07297,100.703125
08:00:31,912810UD8,TSRYS5870973,D,S,T,2024-09-06,1000000.00,4.07297,100.703125
08:00:31,912810UD8,TSRYS5870973,D,S,T,2024-09-06,1000000.00,4.07297,100.703125
08:00:31,912810UD8,TSRYS5870973,D,S,T,2024-09-06,1000000.00,4.07297,100.703125
08:00:31,912810UD8,TSRYS5870973,D,S,T,2024-09-06,1000000.00,4.071823,100.71875
08:00:31,912810UD8,TSRYS5870973,D,S,T,2024-09-06,1000000.00,4.071823,100.71875
08:00:31,912810UD8,TSRYS5870973,D,S,T,2024-09-06,1000000.00,4.071823,100.71875
08:00:31,912810UD8,TSRYS5870973,D,S,T,2024-09-06,1000000.00,4.071823,100.71875
08:00:31,912810UD8,TSRYS5870973,D,S,T,2024-09-06,1000000.00,4.071823,100.71875
08:00:31,912810UD8,TSRYS5870973,D,S,T,2024-09-06,1000000.00,4.071823,100.71875
08:00:31,912810UD8,TSRYS5870973,D,S,T,2024-09-06,1000000.00,4.071823,100.71875
08:00:31,912810UD8,TSRYS5870973,D,S,T,2024-09-06,1000000.00,4.071823,100.71875
08:00:31,912810UD8,TSRYS5870973,D,S,T,2024-09-06,1000000.00,4.071823,100.71875
08:00:31,912810UD8,TSRYS5870973,D,S,T,2024-09-06,1000000.00,4.071823,100.71875
08:00:31,912810UD8,TSRYS5870973,D,S,T,2024-09-06,1000000.00,4.071823,100.71875
08:00:31,912810UD8,TSRYS5870973,D,S,T,2024-09-06,1000000.00,4.071823,100.71875
08:00:31,912810UD8,TSRYS5870973,D,S,T,2024-09-06,1000000.00,4.07297,100.703125
08:00:31,912810UD8,TSRYS5870973,D,S,T,2024-09-06,1000000.00,4.07297,100.703125
08:00:31,912810UD8,TSRYS5870973,D,S,T,2024-09-06,1000000.00,4.07297,100.703125
08:00:31,912810UD8,TSRYS5870973,D,S,T,2024-09-06,1000000.00,4.071823,100.71875
08:00:31,912810UD8,TSRYS5870973,D,S,T,2024-09-06,1000000.00,4.071823,100.71875
08:00:31,912810UD8,TSRYS5870973,D,S,T,2024-09-06,1000000.00,4.071823,100.71875
08:00:31,912810UD8,TSRYS5870973,D,S,T,2024-09-06,1000000.00,4.071823,100.71875
08:00:31,912810UD8,TSRYS5870973,D,S,T,2024-09-06,1000000.00,4.074117,100.6875
08:00:31,912810UD8,TSRYS5870973,D,S,T,2024-09-06,1000000.00,4.075264,100.671875
08:00:31,912810UD8,TSRYS5870973,D,S,T,2024-09-06,1000000.00,4.075264,100.671875
08:00:31,912810UD8,TSRYS5870973,D,S,T,2024-09-06,1000000.00,4.075264,100.671875
08:00:31,912810UD8,TSRYS5870973,D,S,T,2024-09-06,1000000.00,4.075264,100.671875
08:00:31,912810UD8,TSRYS5870973,D,S,T,2024-09-06,1000000.00,4.074117,100.6875
08:00:31,912810UD8,TSRYS5870973,D,S,T,2024-09-06,1000000.00,4.07383,100.69140625
08:00:31,912810UD8,TSRYS5870973,D,S,T,2024-09-06,1000000.00,4.07297,100.703125
08:00:31,912810UD8,TSRYS5870973,D,S,T,2024-09-06,1000000.00,4.07297,100.703125
08:00:31,912810UD8,TSRYS5870973,D,S,T,2024-09-06,1000000.00,4.074117,100.6875
08:00:31,912810UD8,TSRYS5870973,D,S,T,2024-09-06,1000000.00,4.0734,100.697265625
08:00:32,912810UD8,TSRYS5870973,D,S,T,2024-09-06,1000000.00,4.06953,100.75
08:00:32,912810UD8,TSRYS5870973,D,S,T,2024-09-06,1000000.00,4.070963,100.73046875
08:00:32,912810UD8,TSRYS5870973,D,S,T,2024-09-06,1000000.00,4.07082,100.732421875
08:00:32,912810UD8,TSRYS5870973,D,S,T,2024-09-06,1000000.00,4.074117,100.6875
08:00:32,912810UD8,TSRYS5870973,D,S,T,2024-09-06,1000000.00,4.07426,100.685546875
08:00:32,912810UD8,TSRYS5870973,D,S,T,2024-09-06,1000000.00,4.074834,100.677734375
08:00:32,912810UD8,TSRYS5870973,D,S,T,2024-09-06,2000000.00,4.076699,100.65234375
08:00:32,912810UD8,TSRYS5870973,D,S,T,2024-09-06,1000000.00,4.076412,100.65625
08:00:32,912810UD8,TSRYS5870973,D,S,T,2024-09-06,1000000.00,4.076412,100.65625
08:00:32,912810UD8,TSRYS5870973,D,S,T,2024-09-06,1000000.00,4.076412,100.65625
08:00:32,912810UD8,TSRYS5870973,D,S,T,2024-09-06,1000000.00,4.075264,100.671875
08:00:32,912810UD8,TSRYS5870973,D,S,T,2024-09-06,1000000.00,4.075264,100.671875
08:00:32,912810UD8,TSRYS5870973,D,S,T,2024-09-06,1000000.00,4.075264,100.671875
08:00:32,912810UD8,TSRYS5870973,D,S,T,2024-09-06,1000000.00,4.076412,100.65625
08:00:32,912810UD8,TSRYS5870973,D,S,T,2024-09-06,1000000.00,4.078133,100.6328125
08:00:32,912810UD8,TSRYS5870973,D,S,T,2024-09-06,1000000.00,4.078133,100.6328125
08:00:32,912810UD8,TSRYS5870973,D,S,T,2024-09-06,1000000.00,4.078133,100.6328125
08:00:32,912810UD8,TSRYS5870973,D,S,T,2024-09-06,1000000.00,4.078133,100.6328125
08:00:32,912810UD8,TSRYS5870973,D,S,T,2024-09-06,1000000.00,4.078133,100.6328125
08:00:32,912810UD8,TSRYS5870973,D,S,T,2024-09-06,1000000.00,4.078133,100.6328125
08:00:33,912810UD8,TSRYS5870973,D,S,T,2024-09-06,1000000.00,4.078133,100.6328125
08:00:33,912810UD8,TSRYS5870973,D,S,T,2024-09-06,1000000.00,4.078133,100.6328125
08:00:33,912810UD8,TSRYS5870973,D,S,T,2024-09-06,1000000.00,4.078133,100.6328125
08:00:33,912810UD8,TSRYS5870973,D,S,T,2024-09-06,1000000.00,4.078133,100.6328125
08:00:33,912810UD8,TSRYS5870973,D,S,T,2024-09-06,1000000.00,4.078133,100.6328125
08:00:33,912810UD8,TSRYS5870973,D,S,T,2024-09-06,1000000.00,4.078133,100.6328125
08:00:33,912810UD8,TSRYS5870973,D,S,T,2024-09-06,1000000.00,4.078133,100.6328125
08:00:33,912810UD8,TSRYS5870973,D,S,T,2024-09-06,1000000.00,4.078133,100.6328125
08:00:33,912810UD8,TSRYS5870973,D,S,T,2024-09-06,1000000.00,4.078133,100.6328125
08:00:33,912810UD8,TSRYS5870973,D,S,T,2024-09-06,1000000.00,4.078133,100.6328125
08:00:33,912810UD8,TSRYS5870973,D,S,T,2024-09-06,1000000.00,4.078708,100.625
08:00:33,912810UD8,TSRYS5870973,D,S,T,2024-09-06,1000000.00,4.078708,100.625
08:00:33,912810UD8,TSRYS5870973,D,S,T,2024-09-06,1000000.00,4.081004,100.59375
08:00:33,912810UD8,TSRYS5870973,D,S,T,2024-09-06,1000000.00,4.108204,100.224609375
08:00:33,912810UD8,TSRYS5870973,D,S,T,2024-09-06,1000000.00,4.101716,100.3125
08:00:33,912810UD8,TSRYS5870973,D,S,T,2024-09-06,1000000.00,4.101572,100.314453125
08:00:33,912810UD8,TSRYS5870973,D,S,T,2024-09-06,1000000.00,4.091351,100.453125
08:00:33,912810UD8,TSRYS5870973,D,S,T,2024-09-06,1000000.00,4.087037,100.51171875
08:00:33,912810UD8,TSRYS5870973,D,S,T,2024-09-06,1000000.00,4.0879,100.5
08:00:33,912810UD8,TSRYS5870973,D,S,T,2024-09-06,1000000.00,4.078708,100.625
08:00:33,912810UD8,TSRYS5870973,D,S,T,2024-09-06,1000000.00,4.08043,100.6015625
08:00:33,912810UD8,TSRYS5870973,D,S,T,2024-09-06,1000000.00,4.079856,100.609375
08:00:33,912810UD8,TSRYS5870973,D,S,T,2024-09-06,1000000.00,4.078708,100.625
08:00:33,912810UD8,TSRYS5870973,D,S,T,2024-09-06,1000000.00,4.078277,100.630859375
08:00:33,912810UD8,TSRYS5870973,D,S,T,2024-09-06,1000000.00,4.075264,100.671875
08:00:33,912810UD8,TSRYS5870973,D,S,D,2024-09-06,1000.00,4.076125,100.66015625
08:00:34,912810UD8,TSRYS5870973,D,S,T,2024-09-06,1000000.00,4.07082,100.732421875
08:00:34,912810UD8,TSRYS5870973,D,S,T,2024-09-06,1000000.00,4.07082,100.732421875
08:00:34,912810UD8,TSRYS5870973,D,S,T,2024-09-06,1000000.00,4.076268,100.658203125
08:00:34,912810UD8,TSRYS5870973,D,S,T,2024-09-06,1000000.00,4.076986,100.6484375
08:00:34,912810UD8,TSRYS5870973,D,S,T,2024-09-06,1000000.00,4.075264,100.671875
08:00:34,912810UD8,TSRYS5870973,D,S,T,2024-09-06,1000000.00,4.075838,100.6640625
08:00:34,912810UD8,TSRYS5870973,D,S,T,2024-09-06,1000000.00,4.076986,100.6484375
08:00:34,912810UD8,TSRYS5870973,D,S,T,2024-09-06,1000000.00,4.076842,100.650390625
08:00:34,912810UD8,TSRYS5870973,D,S,D,2024-09-06,1000000.00,4.101716,100.3125
08:00:34,912810UD8,TSRYS5870973,D,S,D,2024-09-06,1000000.00,4.079856,100.609375
08:00:34,912810UD8,TSRYS5870973,D,S,D,2024-09-06,1000000.00,4.079856,100.609375
08:00:34,912810UD8,TSRYS5870973,D,S,D,2024-09-06,1000000.00,4.075838,100.6640625
08:00:34,912810UD8,TSRYS5870973,D,S,D,2024-09-06,1000000.00,4.076125,100.66015625
08:00:34,912810UD8,TSRYS5870973,D,S,D,2024-09-06,1000000.00,4.072396,100.7109375
08:00:34,912810UD8,TSRYS5870973,D,S,D,2024-09-06,1000000.00,4.074977,100.67578125
08:00:34,912810UD8,TSRYS5870973,D,S,D,2024-09-06,1000000.00,4.075264,100.671875
08:00:34,912810UD8,TSRYS5870973,D,S,D,2024-09-06,1000000.00,4.075264,100.671875
08:00:34,912810UD8,TSRYS5870973,D,S,D,2024-09-06,1000000.00,4.086606,100.517578125
08:00:34,912810UD8,TSRYS5870973,D,S,D,2024-09-06,1000000.00,4.08675,100.515625
08:00:34,912810UD8,TSRYS5870973,D,S,D,2024-09-06,2000000.00,4.086319,100.521484375
08:00:34,912810UD8,TSRYS5870973,D,S,D,2024-09-06,1000000.00,4.086319,100.521484375
08:00:34,912810UD8,TSRYS5870973,D,S,D,2024-09-06,1000000.00,4.084307,100.548828125
08:00:34,912810UD8,TSRYS5870973,D,S,D,2024-09-06,1000000.00,4.084307,100.548828125
08:00:34,912810UD8,TSRYS5870973,D,S,D,2024-09-06,1000000.00,4.084307,100.548828125
08:00:34,912810UD8,TSRYS5870973,D,S,D,2024-09-06,1000000.00,4.084307,100.548828125
08:00:34,912810UD8,TSRYS5870973,D,S,D,2024-09-06,1000000.00,4.084307,100.548828125
08:00:34,912810UD8,TSRYS5870973,D,S,D,2024-09-06,1000000.00,4.084451,100.546875
08:00:34,912810UD8,TSRYS5870973,D,S,D,2024-09-06,1000000.00,4.084451,100.546875
08:00:34,912810UD8,TSRYS5870973,D,S,D,2024-09-06,1000000.00,4.084451,100.546875
08:00:34,912810UD8,TSRYS5870973,D,S,D,2024-09-06,2000000.00,4.085169,100.537109375
08:00:34,912810UD8,TSRYS5870973,D,S,D,2024-09-06,3000000.00,4.085313,100.53515625
08:00:34,912810UD8,TSRYS5870973,D,S,D,2024-09-06,1000000.00,4.086032,100.525390625
08:00:34,912810UD8,TSRYS5870973,D,S,D,2024-09-06,1000000.00,4.085457,100.533203125
08:00:34,912810UD8,TSRYS5870973,D,S,D,2024-09-06,1000000.00,4.085313,100.53515625
08:00:34,912810UD8,TSRYS5870973,D,S,D,2024-09-06,1000000.00,4.0856,100.53125
08:00:34,912810UD8,TSRYS5870973,D,S,D,2024-09-06,1000000.00,4.0856,100.53125
08:00:34,912810UD8,TSRYS5870973,D,S,D,2024-09-06,1000000.00,4.086175,100.5234375
08:00:34,912810UD8,TSRYS5870973,D,S,D,2024-09-06,1000000.00,4.086175,100.5234375
08:00:34,912810UD8,TSRYS5870973,D,S,D,2024-09-06,1000000.00,4.086463,100.51953125
08:00:34,912810UD8,TSRYS5870973,D,S,D,2024-09-06,1000000.00,4.0856,100.53125
08:00:34,912810UD8,TSRYS5870973,D,S,D,2024-09-06,2000000.00,4.082009,100.580078125
08:00:34,912810UD8,TSRYS5870973,D,S,D,2024-09-06,1000000.00,4.078708,100.625
08:00:34,912810UD8,TSRYS5870973,D,S,D,2024-09-06,1000000.00,4.078277,100.630859375
08:00:34,912810UD8,TSRYS5870973,D,S,D,2024-09-06,1000000.00,4.076412,100.65625
08:00:34,912810UD8,TSRYS5870973,D,S,D,2024-09-06,1000000.00,4.077703,100.638671875
08:00:34,912810UD8,TSRYS5870973,D,S,D,2024-09-06,1000000.00,4.075838,100.6640625
08:00:34,912810UD8,TSRYS5870973,D,S,D,2024-09-06,1000000.00,4.075838,100.6640625
08:00:34,912810UD8,TSRYS5870973,D,S,D,2024-09-06,1000000.00,4.075981,100.662109375
08:00:34,912810UD8,TSRYS5870973,D,S,D,2024-09-06,1000000.00,4.075838,100.6640625
08:00:34,912810UD8,TSRYS5870973,D,S,D,2024-09-06,1000000.00,4.076842,100.650390625
08:00:34,912810UD8,TSRYS5870973,D,S,D,2024-09-06,1000000.00,4.076842,100.650390625
08:00:34,912810UD8,TSRYS5870973,D,S,D,2024-09-06,1000000.00,4.076842,100.650390625
08:00:34,912810UD8,TSRYS5870973,D,S,D,2024-09-06,1000000.00,4.076842,100.650390625
08:00:34,912810UD8,TSRYS5870973,D,S,T,2024-09-06,1000000.00,4.075551,100.66796875
08:00:34,912810UD8,TSRYS5870973,D,S,T,2024-09-06,1000000.00,4.075408,100.669921875
08:00:34,912810UD8,TSRYS5870973,D,S,T,2024-09-06,1000000.00,4.075264,100.671875
08:00:37,912810UD8,TSRYS5870973,D,S,A,2024-09-06,590000.00,4.199371,99.0
08:00:37,912810UD8,TSRYS5870973,D,B,A,2024-09-06,590000.00,4.077559,100.640625
08:00:37,912810UD8,TSRYS5870973,D,S,C,2024-09-06,20000000.00,4.090488,100.46484375
08:00:37,912810UD8,TSRYS5870973,D,S,T,2024-09-06,1000000.00,4.080143,100.60546875
08:00:37,912810UD8,TSRYS5870973,D,S,T,2024-09-06,2000000.00,4.080143,100.60546875
08:00:37,912810UD8,TSRYS5870973,D,S,T,2024-09-06,2000000.00,4.079999,100.607421875
08:00:37,912810UD8,TSRYS5870973,D,S,T,2024-09-06,1000000.00,4.078708,100.625
08:00:37,912810UD8,TSRYS5870973,D,B,C,2024-09-06,40000.00,4.075838,100.6640625
08:00:38,912810UD8,TSRYS5870973,D,S,A,2024-09-06,35000.00,4.085313,100.53515625
08:00:38,912810UD8,TSRYS5870973,D,S,A,2024-09-06,250000.00,4.079569,100.61328125
08:00:38,912810UD8,TSRYS5870973,D,S,A,2024-09-06,80800.00,4.075264,100.671875
08:00:38,912810UD8,TSRYS5870973,D,B,A,2024-09-06,4000000.00,4.074117,100.6875
08:00:38,912810UD8,TSRYS5870973,D,B,C,2024-09-06,51000.00,4.074436,100.68359375
08:00:38,912810UD8,TSRYS5870973,D,S,C,2024-09-06,400000.00,4.077559,100.640625
08:00:42,912810UD8,TSRYS5870973,D,S,D,2024-09-06,140000.00,4.085026,100.5390625
08:00:43,912810UD8,TSRYS5870973,D,S,A,2024-09-06,164000.00,4.082153,100.578125
08:00:43,912810UD8,TSRYS5870973,D,S,D,2024-09-06,140000.00,4.085026,100.5390625
08:00:44,912810UD8,TSRYS5870973,D,S,C,2024-09-06,15000000.00,4.071249,100.7265625
08:00:47,912810UD8,TSRYS5870973,D,S,D,2024-09-06,15000000.00,4.071249,100.7265625
08:00:47,912810UD8,TSRYS5870973,D,S,D,2024-09-06,1000000.00,4.079856,100.609375
08:00:47,912810UD8,TSRYS5870973,D,S,D,2024-09-06,1000000.00,4.079856,100.609375
08:00:47,912810UD8,TSRYS5870973,D,S,D,2024-09-06,1000000.00,4.075838,100.6640625
08:00:47,912810UD8,TSRYS5870973,D,S,D,2024-09-06,1000000.00,4.076125,100.66015625
08:00:52,912810UD8,TSRYS5870973,D,S,D,2024-09-06,1000000.00,4.072396,100.7109375
08:00:52,912810UD8,TSRYS5870973,D,S,A,2024-09-06,24000.00,4.075264,100.671875
08:00:53,912810UD8,TSRYS5870973,D,S,D,2024-09-06,1000000.00,4.06953,100.75
08:00:53,912810UD8,TSRYS5870973,D,S,D,2024-09-06,1000000.00,4.06953,100.75
08:00:55,912810UD8,TSRYS5870973,D,B,A,2024-09-06,1700000.00,4.079282,100.6171875
08:00:55,912810UD8,TSRYS5870973,D,S,C,2024-09-06,20000000.00,4.074977,100.67578125
08:00:56,912810UD8,TSRYS5870973,D,S,A,2024-09-06,18000000.00,4.083302,100.5625
08:00:57,912810UD8,TSRYS5870973,D,S,A,2024-09-06,20000000.00,4.078708,100.625
08:00:57,912810UD8,TSRYS5870973,D,S,D,2024-09-06,540000.00,4.071823,100.71875
08:00:57,912810UD8,TSRYS5870973,D,B,C,2024-09-06,540000.00,4.071823,100.71875
08:00:57,912810UD8,TSRYS5870973,D,S,A,2024-09-06,18000.00,4.077559,100.640625
08:01:00,912810UD8,TSRYS5870973,D,S,C,2024-09-06,1000000.00,4.108925,100.21484375
08:01:00,912810UD8,TSRYS5870973,D,B,C,2024-09-06,1000000.00,4.108925,100.21484375
08:01:00,912810UD8,TSRYS5870973,D,B,C,2024-09-06,1000000.00,4.111234,100.18359375
08:01:00,912810UD8,TSRYS5870973,D,S,C,2024-09-06,1000000.00,4.111234,100.18359375
08:01:00,912810UD8,TSRYS5870973,D,B,C,2024-09-06,1000000.00,4.107771,100.23046875
08:01:00,912810UD8,TSRYS5870973,D,S,D,2024-09-06,1000000.00,4.101716,100.3125
08:01:00,912810UD8,TSRYS5870973,D,S,D,2024-09-06,1000000.00,4.091926,100.4453125
08:01:00,912810UD8,TSRYS5870973,D,S,D,2024-09-06,1000000.00,4.107771,100.23046875
08:01:00,912810UD8,TSRYS5870973,D,S,D,2024-09-06,1000000.00,4.091926,100.4453125
08:01:00,912810UD8,TSRYS5870973,D,S,D,2024-09-06,1000000.00,4.087325,100.5078125
08:01:00,912810UD8,TSRYS5870973,D,S,D,2024-09-06,1000000.00,4.08905,100.484375
08:01:00,912810UD8,TSRYS5870973,D,B,C,2024-09-06,1000000.00,4.08905,100.484375
08:01:00,912810UD8,TSRYS5870973,D,B,C,2024-09-06,1000000.00,4.087325,100.5078125
08:01:00,912810UD8,TSRYS5870973,D,S,D,2024-09-06,1000000.00,4.086463,100.51953125
08:01:00,912810UD8,TSRYS5870973,D,B,C,2024-09-06,1000000.00,4.086463,100.51953125
08:01:01,912810UD8,TSRYS5870973,D,S,D,2024-09-06,1000000.00,4.074955,100.67608125
08:01:01,912810UD8,TSRYS5870973,D,S,D,2024-09-06,1000000.00,4.074955,100.67608125
08:01:01,912810UD8,TSRYS5870973,D,S,T,2024-09-06,1000000.00,4.08675,100.515625
08:01:01,912810UD8,TSRYS5870973,D,S,T,2024-09-06,3000000.00,4.08675,100.515625
08:01:01,912810UD8,TSRYS5870973,D,S,T,2024-09-06,1000000.00,4.08675,100.515625
08:01:01,912810UD8,TSRYS5870973,D,S,C,2024-09-06,1000000.00,4.077273,100.64453125
08:01:01,912810UD8,TSRYS5870973,D,B,C,2024-09-06,1000000.00,4.077273,100.64453125
08:01:01,912810UD8,TSRYS5870973,D,S,D,2024-09-06,1000000.00,4.075264,100.671875
08:01:01,912810UD8,TSRYS5870973,D,S,D,2024-09-06,1000000.00,4.075264,100.671875
08:01:01,912810UD8,TSRYS5870973,D,B,C,2024-09-06,1000000.00,4.075264,100.671875
08:01:01,912810UD8,TSRYS5870973,D,S,D,2024-09-06,1000000.00,4.074977,100.67578125
08:01:01,912810UD8,TSRYS5870973,D,B,C,2024-09-06,1000000.00,4.074977,100.67578125
08:01:01,912810UD8,TSRYS5870973,D,B,C,2024-09-06,1000000.00,4.075264,100.671875
08:01:01,912810UD8,TSRYS5870973,D,B,C,2024-09-06,1000000.00,4.074977,100.67578125
08:01:02,912810UD8,TSRYS5870973,D,S,D,2024-09-06,1000000.00,4.074977,100.67578125
08:01:02,912810UD8,TSRYS5870973,D,B,C,2024-09-06,1000000.00,4.076986,100.6484375
08:01:02,912810UD8,TSRYS5870973,D,S,D,2024-09-06,1000000.00,4.076986,100.6484375
08:01:02,912810UD8,TSRYS5870973,D,B,C,2024-09-06,1000000.00,4.076986,100.6484375
08:01:02,912810UD8,TSRYS5870973,D,S,D,2024-09-06,1000000.00,4.076986,100.6484375
08:01:02,912810UD8,TSRYS5870973,D,B,C,2024-09-06,1000000.00,4.076412,100.65625
08:01:02,912810UD8,TSRYS5870973,D,B,C,2024-09-06,1000000.00,4.076412,100.65625
08:01:02,912810UD8,TSRYS5870973,D,S,D,2024-09-06,1000000.00,4.076412,100.65625
08:01:02,912810UD8,TSRYS5870973,D,S,D,2024-09-06,1000000.00,4.076412,100.65625
08:01:02,912810UD8,TSRYS5870973,D,B,C,2024-09-06,1000000.00,4.076412,100.65625
08:01:02,912810UD8,TSRYS5870973,D,S,D,2024-09-06,1000000.00,4.076412,100.65625
08:01:02,912810UD8,TSRYS5870973,D,B,C,2024-09-06,1000000.00,4.076412,100.65625
08:01:02,912810UD8,TSRYS5870973,D,S,D,2024-09-06,1000000.00,4.076412,100.65625
08:01:02,912810UD8,TSRYS5870973,D,B,C,2024-09-06,1000000.00,4.076412,100.65625
08:01:02,912810UD8,TSRYS5870973,D,S,D,2024-09-06,1000000.00,4.076412,100.65625
08:01:02,912810UD8,TSRYS5870973,D,B,C,2024-09-06,1000000.00,4.076412,100.65625
08:01:02,912810UD8,TSRYS5870973,D,S,D,2024-09-06,1000000.00,4.076412,100.65625
08:01:02,912810UD8,TSRYS5870973,D,B,C,2024-09-06,1000000.00,4.076412,100.65625
08:01:02,912810UD8,TSRYS5870973,D,S,D,2024-09-06,1000000.00,4.076412,100.65625
08:01:02,912810UD8,TSRYS5870973,D,S,D,2024-09-06,1000000.00,4.076412,100.65625
08:01:02,912810UD8,TSRYS5870973,D,B,C,2024-09-06,1000000.00,4.076412,100.65625
08:01:02,912810UD8,TSRYS5870973,D,S,D,2024-09-06,1000000.00,4.074117,100.6875
08:01:02,912810UD8,TSRYS5870973,D,B,C,2024-09-06,1000000.00,4.074117,100.6875
08:01:02,912810UD8,TSRYS5870973,D,B,C,2024-09-06,1000000.00,4.074117,100.6875
08:01:02,912810UD8,TSRYS5870973,D,B,C,2024-09-06,1000000.00,4.071823,100.71875
08:01:02,912810UD8,TSRYS5870973,D,S,D,2024-09-06,1000000.00,4.074117,100.6875
08:01:02,912810UD8,TSRYS5870973,D,S,D,2024-09-06,1000000.00,4.071823,100.71875
08:01:02,912810UD8,TSRYS5870973,D,B,C,2024-09-06,1000000.00,4.071823,100.71875
08:01:02,912810UD8,TSRYS5870973,D,B,C,2024-09-06,1000000.00,4.071823,100.71875
08:01:02,912810UD8,TSRYS5870973,D,S,D,2024-09-06,1000000.00,4.071823,100.71875
08:01:02,912810UD8,TSRYS5870973,D,B,C,2024-09-06,1000000.00,4.071823,100.71875
08:01:02,912810UD8,TSRYS5870973,D,S,D,2024-09-06,1000000.00,4.071823,100.71875
08:01:02,912810UD8,TSRYS5870973,D,B,C,2024-09-06,1000000.00,4.071823,100.71875
08:01:02,912810UD8,TSRYS5870973,D,S,D,2024-09-06,1000000.00,4.071823,100.71875
08:01:02,912810UD8,TSRYS5870973,D,S,D,2024-09-06,1000000.00,4.071823,100.71875
08:01:02,912810UD8,TSRYS5870973,D,B,C,2024-09-06,1000000.00,4.071823,100.71875
08:01:02,912810UD8,TSRYS5870973,D,B,C,2024-09-06,1000000.00,4.071823,100.71875
08:01:02,912810UD8,TSRYS5870973,D,S,D,2024-09-06,1000000.00,4.071823,100.71875
08:01:02,912810UD8,TSRYS5870973,D,B,C,2024-09-06,1000000.00,4.071823,100.71875
08:01:02,912810UD8,TSRYS5870973,D,S,D,2024-09-06,1000000.00,4.071823,100.71875
08:01:02,912810UD8,TSRYS5870973,D,S,D,2024-09-06,1000000.00,4.071823,100.71875
08:01:02,912810UD8,TSRYS5870973,D,S,C,2024-09-06,1000000.00,4.071823,100.71875
08:01:02,912810UD8,TSRYS5870973,D,B,C,2024-09-06,1000000.00,4.071823,100.71875
08:01:02,912810UD8,TSRYS5870973,D,S,D,2024-09-06,1000000.00,4.071823,100.71875
08:01:02,912810UD8,TSRYS5870973,D,B,C,2024-09-06,1000000.00,4.071823,100.71875
08:01:02,912810UD8,TSRYS5870973,D,S,D,2024-09-06,1000000.00,4.071823,100.71875
08:01:02,912810UD8,TSRYS5870973,D,S,D,2024-09-06,1000000.00,4.071823,100.71875
08:01:02,912810UD8,TSRYS5870973,D,B,C,2024-09-06,1000000.00,4.071823,100.71875
08:01:02,912810UD8,TSRYS5870973,D,B,C,2024-09-06,1000000.00,4.071823,100.71875
08:01:02,912810UD8,TSRYS5870973,D,B,C,2024-09-06,1000000.00,4.071823,100.71875
08:01:02,912810UD8,TSRYS5870973,D,B,C,2024-09-06,1000000.00,4.071823,100.71875
08:01:02,912810UD8,TSRYS5870973,D,S,D,2024-09-06,1000000.00,4.071823,100.71875
08:01:02,912810UD8,TSRYS5870973,D,B,C,2024-09-06,1000000.00,4.071823,100.71875
08:01:02,912810UD8,TSRYS5870973,D,S,D,2024-09-06,1000000.00,4.071823,100.71875
08:01:02,912810UD8,TSRYS5870973,D,S,D,2024-09-06,1000000.00,4.071823,100.71875
08:01:02,912810UD8,TSRYS5870973,D,S,D,2024-09-06,1000000.00,4.07297,100.703125
08:01:02,912810UD8,TSRYS5870973,D,B,C,2024-09-06,1000000.00,4.07297,100.703125
08:01:02,912810UD8,TSRYS5870973,D,S,C,2024-09-06,1000000.00,4.072683,100.70703125
08:01:02,912810UD8,TSRYS5870973,D,B,C,2024-09-06,1000000.00,4.07297,100.703125
08:01:02,912810UD8,TSRYS5870973,D,B,C,2024-09-06,1000000.00,4.07297,100.703125
08:01:02,912810UD8,TSRYS5870973,D,B,C,2024-09-06,1000000.00,4.072683,100.70703125
08:01:02,912810UD8,TSRYS5870973,D,S,D,2024-09-06,1000000.00,4.07297,100.703125
08:01:02,912810UD8,TSRYS5870973,D,S,D,2024-09-06,1000000.00,4.07297,100.703125
08:01:02,912810UD8,TSRYS5870973,D,S,D,2024-09-06,1000000.00,4.07297,100.703125
08:01:02,912810UD8,TSRYS5870973,D,B,C,2024-09-06,1000000.00,4.07297,100.703125
08:01:02,912810UD8,TSRYS5870973,D,B,C,2024-09-06,1000000.00,4.07297,100.703125
08:01:02,912810UD8,TSRYS5870973,D,S,D,2024-09-06,1000000.00,4.07297,100.703125
08:01:02,912810UD8,TSRYS5870973,D,B,C,2024-09-06,1000000.00,4.07297,100.703125
08:01:02,912810UD8,TSRYS5870973,D,S,D,2024-09-06,1000000.00,4.07297,100.703125
08:01:02,912810UD8,TSRYS5870973,D,S,D,2024-09-06,1000000.00,4.07297,100.703125
08:01:02,912810UD8,TSRYS5870973,D,B,C,2024-09-06,1000000.00,4.07297,100.703125
08:01:02,912810UD8,TSRYS5870973,D,S,D,2024-09-06,1000000.00,4.07297,100.703125
08:01:02,912810UD8,TSRYS5870973,D,S,D,2024-09-06,1000000.00,4.07297,100.703125
08:01:02,912810UD8,TSRYS5870973,D,B,C,2024-09-06,1000000.00,4.07297,100.703125
08:01:02,912810UD8,TSRYS5870973,D,B,C,2024-09-06,1000000.00,4.07297,100.703125
08:01:02,912810UD8,TSRYS5870973,D,B,C,2024-09-06,1000000.00,4.07297,100.703125
08:01:02,912810UD8,TSRYS5870973,D,S,D,2024-09-06,1000000.00,4.07297,100.703125
08:01:02,912810UD8,TSRYS5870973,D,B,C,2024-09-06,1000000.00,4.07297,100.703125
08:01:02,912810UD8,TSRYS5870973,D,B,C,2024-09-06,1000000.00,4.07297,100.703125
08:01:02,912810UD8,TSRYS5870973,D,S,D,2024-09-06,1000000.00,4.07297,100.703125
08:01:02,912810UD8,TSRYS5870973,D,B,C,2024-09-06,1000000.00,4.07297,100.703125
08:01:02,912810UD8,TSRYS5870973,D,S,D,2024-09-06,1000000.00,4.07297,100.703125
08:01:02,912810UD8,TSRYS5870973,D,B,C,2024-09-06,1000000.00,4.07297,100.703125
08:01:02,912810UD8,TSRYS5870973,D,S,D,2024-09-06,1000000.00,4.07297,100.703125
08:01:02,912810UD8,TSRYS5870973,D,S,D,2024-09-06,1000000.00,4.07297,100.703125
08:01:02,912810UD8,TSRYS5870973,D,B,C,2024-09-06,1000000.00,4.071823,100.71875
08:01:02,912810UD8,TSRYS5870973,D,B,C,2024-09-06,1000000.00,4.07297,100.703125
08:01:02,912810UD8,TSRYS5870973,D,S,D,2024-09-06,1000000.00,4.071823,100.71875
08:01:02,912810UD8,TSRYS5870973,D,B,C,2024-09-06,1000000.00,4.071823,100.71875
08:01:02,912810UD8,TSRYS5870973,D,S,D,2024-09-06,1000000.00,4.07297,100.703125
08:01:02,912810UD8,TSRYS5870973,D,S,D,2024-09-06,1000000.00,4.071823,100.71875
08:01:02,912810UD8,TSRYS5870973,D,B,C,2024-09-06,1000000.00,4.071823,100.71875
08:01:02,912810UD8,TSRYS5870973,D,S,D,2024-09-06,1000000.00,4.071823,100.71875
08:01:02,912810UD8,TSRYS5870973,D,S,C,2024-09-06,7000000.00,4.075674,100.6663
08:01:02,912810UD8,TSRYS5870973,D,B,C,2024-09-06,1000000.00,4.071823,100.71875
08:01:02,912810UD8,TSRYS5870973,D,S,D,2024-09-06,1000000.00,4.071823,100.71875
08:01:02,912810UD8,TSRYS5870973,D,B,C,2024-09-06,1000000.00,4.071823,100.71875
08:01:02,912810UD8,TSRYS5870973,D,S,C,2024-09-06,1000000.00,4.071823,100.71875
08:01:02,912810UD8,TSRYS5870973,D,B,C,2024-09-06,1000000.00,4.071823,100.71875
08:01:02,912810UD8,TSRYS5870973,D,S,D,2024-09-06,1000000.00,4.071823,100.71875
08:01:02,912810UD8,TSRYS5870973,D,S,C,2024-09-06,7000000.00,4.079373,100.61594
08:01:02,912810UD8,TSRYS5870973,D,S,C,2024-09-06,7000000.00,4.085252,100.53598
08:01:02,912810UD8,TSRYS5870973,D,S,T,2024-09-06,1000000.00,4.08675,100.515625
08:01:02,912810UD8,TSRYS5870973,D,S,D,2024-09-06,1000000.00,4.06953,100.75
08:01:02,912810UD8,TSRYS5870973,D,S,D,2024-09-06,1000000.00,4.06953,100.75
08:01:02,912810UD8,TSRYS5870973,D,S,D,2024-09-06,1000000.00,4.06953,100.75
08:01:02,912810UD8,TSRYS5870973,D,B,C,2024-09-06,1000000.00,4.06953,100.75
08:01:02,912810UD8,TSRYS5870973,D,S,C,2024-09-06,1000000.00,4.069243,100.75390625
08:01:02,912810UD8,TSRYS5870973,D,B,C,2024-09-06,1000000.00,4.069243,100.75390625
08:01:02,912810UD8,TSRYS5870973,D,B,C,2024-09-06,1000000.00,4.069243,100.75390625
08:01:02,912810UD8,TSRYS5870973,D,S,D,2024-09-06,1000000.00,4.069243,100.75390625
08:01:02,912810UD8,TSRYS5870973,D,B,C,2024-09-06,1000000.00,4.069243,100.75390625
08:01:02,912810UD8,TSRYS5870973,D,S,D,2024-09-06,1000000.00,4.069243,100.75390625
08:01:02,912810UD8,TSRYS5870973,D,S,C,2024-09-06,7000000.00,4.088024,100.49832
08:01:02,912810UD8,TSRYS5870973,D,S,C,2024-09-06,7000000.00,4.089769,100.47461
08:01:03,912810UD8,TSRYS5870973,D,S,D,2024-09-06,1000000.00,4.108637,100.21875
08:01:03,912810UD8,TSRYS5870973,D,B,C,2024-09-06,1000000.00,4.108637,100.21875
08:01:04,912810UD8,TSRYS5870973,D,S,D,2024-09-06,1000000.00,4.076125,100.66015625
08:01:04,912810UD8,TSRYS5870973,D,S,D,2024-09-06,1000000.00,4.075264,100.671875
08:01:04,912810UD8,TSRYS5870973,D,S,D,2024-09-06,1000000.00,4.075264,100.671875
08:01:04,912810UD8,TSRYS5870973,D,S,D,2024-09-06,1000000.00,4.076412,100.65625
08:01:06,912810UD8,TSRYS5870973,D,S,D,2024-09-06,1000000.00,4.076986,100.6484375
08:01:06,912810UD8,TSRYS5870973,D,S,T,2024-09-06,1000000.00,4.074977,100.67578125
08:01:06,912810UD8,TSRYS5870973,D,S,T,2024-09-06,1000000.00,4.078715,100.6249
08:01:06,912810UD8,TSRYS5870973,D,S,T,2024-09-06,1000000.00,4.078715,100.6249
08:01:06,912810UD8,TSRYS5870973,D,S,T,2024-09-06,1000000.00,4.078715,100.6249
08:01:06,912810UD8,TSRYS5870973,D,S,T,2024-09-06,1000000.00,4.078858,100.622946875
08:01:07,912810UD8,TSRYS5870973,D,S,D,2024-09-06,1000000.00,4.077559,100.640625
08:01:07,912810UD8,TSRYS5870973,D,S,D,2024-09-06,1000000.00,4.077559,100.640625
08:01:07,912810UD8,TSRYS5870973,D,S,T,2024-09-06,3000000.00,4.07383,100.69140625
08:01:07,912810UD8,TSRYS5870973,D,S,T,2024-09-06,1000000.00,4.078851,100.623046875
08:01:07,912810UD8,TSRYS5870973,D,S,T,2024-09-06,1000000.00,4.073973,100.689453125
08:01:07,912810UD8,TSRYS5870973,D,S,T,2024-09-06,2000000.00,4.073983,100.689328125
08:01:08,912810UD8,TSRYS5870973,D,S,C,2024-09-06,7000000.00,4.075562,100.66782
08:01:08,912810UD8,TSRYS5870973,D,S,D,2024-09-06,1000000.00,4.078708,100.625
08:01:08,912810UD8,TSRYS5870973,D,S,T,2024-09-06,1000000.00,4.074977,100.67578125
08:01:08,912810UD8,TSRYS5870973,D,S,T,2024-09-06,1000000.00,4.074977,100.67578125
08:01:08,912810UD8,TSRYS5870973,D,S,T,2024-09-06,1000000.00,4.074117,100.6875
08:01:09,912810UD8,TSRYS5870973,D,S,A,2024-09-06,200000.00,4.081856,100.58203125
08:01:09,912810UD8,TSRYS5870973,D,S,A,2024-09-06,1100000.00,4.093653,100.421875
08:01:09,912810UD8,TSRYS5870973,D,S,T,2024-09-06,2000000.00,4.074117,100.6875
08:01:09,912810UD8,TSRYS5870973,D,S,D,2024-09-06,140000.00,4.076412,100.65625
08:01:09,912810UD8,TSRYS5870973,D,S,A,2024-09-06,1000000.00,4.080985,100.59375
08:01:10,912810UD8,TSRYS5870973,D,S,T,2024-09-06,1000000.00,4.075408,100.669921875
08:01:10,912810UD8,TSRYS5870973,D,S,D,2024-09-06,1000000.00,4.091926,100.4453125
08:01:10,912810UD8,TSRYS5870973,D,S,D,2024-09-06,1000000.00,4.091926,100.4453125
08:01:10,912810UD8,TSRYS5870973,D,S,T,2024-09-06,1000000.00,4.072549,100.708859375
08:01:10,912810UD8,TSRYS5870973,D,S,T,2024-09-06,1000000.00,4.072692,100.70690625
08:01:11,912810UD8,TSRYS5870973,D,S,T,2024-09-06,1000000.00,4.103885,100.283103125
08:01:11,912810UD8,TSRYS5870973,D,S,T,2024-09-06,1000000.00,4.102156,100.306540625
08:01:11,912810UD8,TSRYS5870973,D,S,T,2024-09-06,1000000.00,4.091934,100.4452125
08:01:11,912810UD8,TSRYS5870973,D,S,T,2024-09-06,1000000.00,4.076125,100.66015625
08:01:11,912810UD8,TSRYS5870973,D,S,T,2024-09-06,1000000.00,4.076125,100.66015625
08:01:11,912810UD8,TSRYS5870973,D,S,T,2024-09-06,1000000.00,4.076851,100.650265625
08:01:11,912810UD8,TSRYS5870973,D,S,D,2024-09-06,1000000.00,4.075264,100.671875
08:01:11,912810UD8,TSRYS5870973,D,S,D,2024-09-06,1000000.00,4.075551,100.66796875
08:01:11,912810UD8,TSRYS5870973,D,S,D,2024-09-06,1000000.00,4.108152,100.2253094
08:01:11,912810UD8,TSRYS5870973,D,S,D,2024-09-06,11000000.00,4.10181,100.3112244
08:01:11,912810UD8,TSRYS5870973,D,S,T,2024-09-06,1000000.00,4.076842,100.650390625
08:01:12,912810UD8,TSRYS5870973,D,S,A,2024-09-06,149000.00,4.076412,100.65625
08:01:15,912810UD8,TSRYS5870973,D,S,D,2024-09-06,1000000.00,4.06953,100.75
08:01:18,912810UD8,TSRYS5870973,D,S,T,2024-09-06,1000000.00,4.075408,100.669921875
08:01:19,912810UD8,TSRYS5870973,D,S,D,2024-09-06,1000000.00,4.091639,100.44921875
08:01:19,912810UD8,TSRYS5870973,D,S,D,2024-09-06,1000000.00,4.091782,100.44726562
08:01:20,912810UD8,TSRYS5870973,D,S,T,2024-09-06,1000000.00,4.102148,100.306640625
08:01:20,912810UD8,TSRYS5870973,D,S,T,2024-09-06,1000000.00,4.091926,100.4453125
08:01:20,912810UD8,TSRYS5870973,D,S,T,2024-09-06,1000000.00,4.091351,100.453125
08:01:20,912810UD8,TSRYS5870973,D,S,T,2024-09-06,1000000.00,4.091351,100.453125
08:01:20,912810UD8,TSRYS5870973,D,B,A,2024-09-06,2900000.00,4.107187,100.23828125
08:01:20,912810UD8,TSRYS5870973,D,S,T,2024-09-06,1000000.00,4.106329,100.25
08:01:20,912810UD8,TSRYS5870973,D,S,T,2024-09-06,1000000.00,4.106329,100.25
08:01:20,912810UD8,TSRYS5870973,D,S,T,2024-09-06,1000000.00,4.106329,100.25
08:01:21,912810UD8,TSRYS5870973,D,S,A,2024-09-06,1595000.00,4.080717,100.59765625
08:01:21,912810UD8,TSRYS5870973,D,S,T,2024-09-06,2000000.00,4.091063,100.45703125
08:01:22,912810UD8,TSRYS5870973,D,B,A,2024-09-06,8000.00,4.079856,100.609375
08:01:24,912810UD8,TSRYS5870973,D,S,A,2024-09-06,30000000.00,4.078708,100.625
08:01:25,912810UD8,TSRYS5870973,D,B,A,2024-09-06,12000000.00,4.079836,100.609375
08:01:25,912810UD8,TSRYS5870973,D,B,C,2024-09-06,1000000.00,4.076125,100.66015625
08:01:25,912810UD8,TSRYS5870973,D,S,C,2024-09-06,1000000.00,4.076125,100.66015625
08:01:26,912810UD8,TSRYS5870973,D,S,A,2024-09-06,8500000.00,4.107483,100.234375
08:01:27,912810UD8,TSRYS5870973,D,S,D,2024-09-06,1000000.00,4.076125,100.66015625
08:01:27,912810UD8,TSRYS5870973,D,S,D,2024-09-06,1000000.00,4.076412,100.65625
08:01:27,912810UD8,TSRYS5870973,D,S,T,2024-09-06,1000000.00,4.091782,100.44726562
08:01:27,912810UD8,TSRYS5870973,D,S,T,2024-09-06,2000000.00,4.080717,100.59765625
08:01:27,912810UD8,TSRYS5870973,D,S,T,2024-09-06,1000000.00,4.079712,100.61132812
08:01:27,912810UD8,TSRYS5870973,D,S,D,2024-09-06,1000000.00,4.091782,100.44726562
08:01:27,912810UD8,TSRYS5870973,D,S,D,2024-09-06,1000000.00,4.076986,100.6484375
08:01:27,912810UD8,TSRYS5870973,D,S,D,2024-09-06,1000000.00,4.091782,100.44726562
08:01:27,912810UD8,TSRYS5870973,D,S,D,2024-09-06,1000000.00,4.077559,100.640625
08:01:28,912810UD8,TSRYS5870973,D,S,D,2024-09-06,1000000.00,4.077559,100.640625
08:01:29,912810UD8,TSRYS5870973,D,S,D,2024-09-06,1000000.00,4.078995,100.62109375
08:01:30,912810UD8,TSRYS5870973,D,S,D,2024-09-06,1000000.00,4.09207,100.44335937
08:01:30,912810UD8,TSRYS5870973,D,S,D,2024-09-06,1000000.00,4.09207,100.44335937
08:01:31,912810UD8,TSRYS5870973,D,B,C,2024-09-06,1000000.00,4.075551,100.66796875
08:01:31,912810UD8,TSRYS5870973,D,S,D,2024-09-06,1000000.00,4.075551,100.66796875
08:01:31,912810UD8,TSRYS5870973,D,S,D,2024-09-06,1000000.00,4.075264,100.671875
08:01:31,912810UD8,TSRYS5870973,D,B,C,2024-09-06,1000000.00,4.075264,100.671875
08:01:31,912810UD8,TSRYS5870973,D,S,D,2024-09-06,1000000.00,4.108204,100.224609375
08:01:31,912810UD8,TSRYS5870973,D,S,T,2024-09-06,2000000.00,4.090776,100.4609375
08:01:31,912810UD8,TSRYS5870973,D,S,T,2024-09-06,1000000.00,4.090919,100.45898437
08:01:31,912810UD8,TSRYS5870973,D,S,T,2024-09-06,2000000.00,4.091926,100.4453125
08:01:32,912810UD8,TSRYS5870973,D,S,T,2024-09-06,2000000.00,4.092214,100.44140625
08:01:32,912810UD8,TSRYS5870973,D,S,T,2024-09-06,1000000.00,4.07842,100.62890625
08:01:33,912810UD8,TSRYS5870973,D,S,T,2024-09-06,2000000.00,4.092214,100.44140625
08:01:33,912810UD8,TSRYS5870973,D,S,T,2024-09-06,2000000.00,4.092502,100.4375
08:01:33,912810UD8,TSRYS5870973,D,S,T,2024-09-06,1000000.00,4.092502,100.4375
08:01:33,912810UD8,TSRYS5870973,D,S,T,2024-09-06,1000000.00,4.093509,100.42382812
08:01:34,912810UD8,TSRYS5870973,D,S,C,2024-09-06,5000000.00,4.069397,100.75181
08:01:34,912810UD8,TSRYS5870973,D,S,A,2024-09-06,838000.00,4.081866,100.58203125
08:01:34,912810UD8,TSRYS5870973,D,S,D,2024-09-06,1000000.00,4.10186,100.310546875
08:01:34,912810UD8,TSRYS5870973,D,S,D,2024-09-06,1000000.00,4.101716,100.3125
08:01:35,912810UD8,TSRYS5870973,D,S,D,2024-09-06,1000000.00,4.101572,100.314453125
08:01:36,912810UD8,TSRYS5870973,D,S,T,2024-09-06,2000000.00,4.098403,100.35742187
08:01:36,912810UD8,TSRYS5870973,D,S,D,2024-09-06,10000000.00,4.076567,100.65413
08:01:36,912810UD8,TSRYS5870973,D,S,D,2024-09-06,37000000.00,4.085826,100.52819
08:01:37,912810UD8,TSRYS5870973,D,S,A,2024-09-06,400000.00,4.078995,100.62109375
08:01:37,912810UD8,TSRYS5870973,D,S,D,2024-09-06,1000000.00,4.102148,100.306640625
08:01:39,912810UD8,TSRYS5870973,D,S,A,2024-09-06,540000.00,4.076125,100.66015625
08:01:40,912810UD8,TSRYS5870973,D,S,T,2024-09-06,1000000.00,4.081004,100.59375
08:01:44,912810UD8,TSRYS5870973,D,S,T,2024-09-06,1000000.00,4.077273,100.64453125
08:01:44,912810UD8,TSRYS5870973,D,S,D,2024-09-06,1000000.00,4.077273,100.64453125
08:01:44,912810UD8,TSRYS5870973,D,S,T,2024-09-06,1000000.00,4.077273,100.64453125
08:01:44,912810UD8,TSRYS5870973,D,S,T,2024-09-06,1000000.00,4.077129,100.64648437
08:01:44,912810UD8,TSRYS5870973,D,S,D,2024-09-06,1000000.00,4.077129,100.64648437
08:01:44,912810UD8,TSRYS5870973,D,S,T,2024-09-06,1000000.00,4.078133,100.6328125
08:01:44,912810UD8,TSRYS5870973,D,S,T,2024-09-06,1000000.00,4.078133,100.6328125
08:01:44,912810UD8,TSRYS5870973,D,S,D,2024-09-06,1000000.00,4.078133,100.6328125
08:01:45,912810UD8,TSRYS5870973,D,S,D,2024-09-06,2000000.00,4.098403,100.357421875
08:01:45,912810UD8,TSRYS5870973,D,S,D,2024-09-06,1000000.00,4.080861,100.59570312
08:01:45,912810UD8,TSRYS5870973,D,S,D,2024-09-06,1000000.00,4.080861,100.59570312
08:01:45,912810UD8,TSRYS5870973,D,S,D,2024-09-06,1000000.00,4.080861,100.59570312
08:01:45,912810UD8,TSRYS5870973,D,S,D,2024-09-06,1000000.00,4.080861,100.59570312
08:01:45,912810UD8,TSRYS5870973,D,S,D,2024-09-06,1000000.00,4.080861,100.59570312
08:01:45,912810UD8,TSRYS5870973,D,S,D,2024-09-06,1000000.00,4.080861,100.59570312
08:01:45,912810UD8,TSRYS5870973,D,S,T,2024-09-06,1000000.00,4.080861,100.59570312
08:01:46,912810UD8,TSRYS5870973,D,S,T,2024-09-06,1000000.00,4.081148,100.59179687
08:01:46,912810UD8,TSRYS5870973,D,S,T,2024-09-06,1000000.00,4.081148,100.59179687
08:01:46,912810UD8,TSRYS5870973,D,S,D,2024-09-06,1000000.00,4.081148,100.59179687
08:01:46,912810UD8,TSRYS5870973,D,S,D,2024-09-06,1000000.00,4.080861,100.59570312
08:01:46,912810UD8,TSRYS5870973,D,S,D,2024-09-06,1000000.00,4.080861,100.59570312
08:01:46,912810UD8,TSRYS5870973,D,S,D,2024-09-06,1000000.00,4.079712,100.61132812
08:01:46,912810UD8,TSRYS5870973,D,S,T,2024-09-06,1000000.00,4.079712,100.61132812
08:01:46,912810UD8,TSRYS5870973,D,S,D,2024-09-06,1000000.00,4.079712,100.61132812
08:01:46,912810UD8,TSRYS5870973,D,S,D,2024-09-06,1000000.00,4.079282,100.6171875
08:01:46,912810UD8,TSRYS5870973,D,S,T,2024-09-06,1000000.00,4.079282,100.6171875
08:01:46,912810UD8,TSRYS5870973,D,S,T,2024-09-06,1000000.00,4.078722,100.6248
08:01:46,912810UD8,TSRYS5870973,D,S,T,2024-09-06,1000000.00,4.073973,100.689453125
08:01:48,912810UD8,TSRYS5870973,D,B,C,2024-09-06,50MM+,4.085531,100.5322
08:01:52,912810UD8,TSRYS5870973,D,S,D,2024-09-06,1000000.00,4.080574,100.59960937
08:01:52,912810UD8,TSRYS5870973,D,S,D,2024-09-06,1000000.00,4.080574,100.59960937
08:01:52,912810UD8,TSRYS5870973,D,S,T,2024-09-06,1000000.00,4.07297,100.703125
08:01:53,912810UD8,TSRYS5870973,D,S,T,2024-09-06,1000000.00,4.074117,100.6875
08:01:55,912810UD8,TSRYS5870973,D,S,D,2024-09-06,20000000.00,4.078059,100.63382
08:01:55,912810UD8,TSRYS5870973,D,S,D,2024-09-06,1000000.00,4.06953,100.75
08:01:55,912810UD8,TSRYS5870973,D,S,D,2024-09-06,203000.00,4.07842,100.62890625
08:01:56,912810UD8,TSRYS5870973,D,S,D,2024-09-06,2000000.00,4.081291,100.58985
08:01:56,912810UD8,TSRYS5870973,D,S,C,2024-09-06,920000.00,4.076412,100.65625
08:01:56,912810UD8,TSRYS5870973,D,S,T,2024-09-06,1000000.00,4.06953,100.75
08:01:56,912810UD8,TSRYS5870973,D,S,T,2024-09-06,2000000.00,4.06953,100.75
08:01:56,912810UD8,TSRYS5870973,D,S,T,2024-09-06,2000000.00,4.06953,100.75
08:01:56,912810UD8,TSRYS5870973,D,S,T,2024-09-06,1000000.00,4.06953,100.75
08:01:57,912810UD8,TSRYS5870973,D,S,A,2024-09-06,40000.00,4.071823,100.71875
08:01:57,912810UD8,TSRYS5870973,D,B,A,2024-09-06,590000.00,4.071249,100.7265625
08:01:57,912810UD8,TSRYS5870973,D,S,A,2024-09-06,203000.00,4.07408,100.688
08:01:57,912810UD8,TSRYS5870973,D,S,D,2024-09-06,1000000.00,4.091926,100.4453125
08:01:58,912810UD8,TSRYS5870973,D,S,T,2024-09-06,1000000.00,4.109791,100.203125
08:01:59,912810UD8,TSRYS5870973,D,S,D,2024-09-06,1000000.00,4.091351,100.453125
08:01:59,912810UD8,TSRYS5870973,D,S,D,2024-09-06,1000000.00,4.091351,100.453125
08:02:01,912810UD8,TSRYS5870973,D,S,D,2024-09-06,140000.00,4.076412,100.65625
08:02:01,912810UD8,TSRYS5870973,D,S,T,2024-09-06,2000000.00,4.102004,100.30859375
08:02:01,912810UD8,TSRYS5870973,D,S,T,2024-09-06,1000000.00,4.102004,100.30859375
08:02:01,912810UD8,TSRYS5870973,D,S,T,2024-09-06,1000000.00,4.10186,100.310546875
08:02:01,912810UD8,TSRYS5870973,D,S,T,2024-09-06,1000000.00,4.080286,100.603515625
08:02:01,912810UD8,TSRYS5870973,D,S,T,2024-09-06,2000000.00,4.080143,100.60546875
08:02:01,912810UD8,TSRYS5870973,D,S,T,2024-09-06,1000000.00,4.075264,100.671875
08:02:01,912810UD8,TSRYS5870973,D,S,T,2024-09-06,1000000.00,4.079999,100.607421875
08:02:01,912810UD8,TSRYS5870973,D,S,T,2024-09-06,1000000.00,4.079999,100.607421875
08:02:01,912810UD8,TSRYS5870973,D,S,T,2024-09-06,1000000.00,4.081004,100.59375
08:02:01,912810UD8,TSRYS5870973,D,S,T,2024-09-06,1000000.00,4.081435,100.587890625
08:02:01,912810UD8,TSRYS5870973,D,S,T,2024-09-06,1000000.00,4.082009,100.580078125
08:02:01,912810UD8,TSRYS5870973,D,S,D,2024-09-06,1000000.00,4.076555,100.654296875
08:02:01,912810UD8,TSRYS5870973,D,S,T,2024-09-06,1000000.00,4.077703,100.638671875
08:02:01,912810UD8,TSRYS5870973,D,S,T,2024-09-06,1000000.00,4.077703,100.638671875
08:02:01,912810UD8,TSRYS5870973,D,S,D,2024-09-06,2000000.00,4.077703,100.638671875
08:02:01,912810UD8,TSRYS5870973,D,S,T,2024-09-06,1000000.00,4.071823,100.71875
08:02:01,912810UD8,TSRYS5870973,D,S,T,2024-09-06,1000000.00,4.07297,100.703125
08:02:02,912810UD8,TSRYS5870973,D,S,T,2024-09-06,1000000.00,4.07082,100.732421875
08:02:02,912810UD8,TSRYS5870973,D,S,T,2024-09-06,1000000.00,4.0734,100.697265625
08:02:02,912810UD8,TSRYS5870973,D,S,T,2024-09-06,1000000.00,4.074977,100.67578125
08:02:02,912810UD8,TSRYS5870973,D,S,T,2024-09-06,1000000.00,4.074404,100.68359375
08:02:02,912810UD8,TSRYS5870973,D,S,T,2024-09-06,1000000.00,4.074404,100.68359375
08:02:02,912810UD8,TSRYS5870973,D,S,T,2024-09-06,1000000.00,4.074834,100.677734375
08:02:02,912810UD8,TSRYS5870973,D,S,T,2024-09-06,1000000.00,4.075408,100.669921875
08:02:02,912810UD8,TSRYS5870973,D,S,T,2024-09-06,1000000.00,4.075408,100.669921875
08:02:02,912810UD8,TSRYS5870973,D,S,T,2024-09-06,1000000.00,4.099411,100.34375
08:02:02,912810UD8,TSRYS5870973,D,S,T,2024-09-06,1000000.00,4.091351,100.453125
08:02:02,912810UD8,TSRYS5870973,D,S,T,2024-09-06,1000000.00,4.0856,100.53125
08:02:02,912810UD8,TSRYS5870973,D,S,T,2024-09-06,1000000.00,4.0856,100.53125
08:02:02,912810UD8,TSRYS5870973,D,S,T,2024-09-06,1000000.00,4.08675,100.515625
08:02:02,912810UD8,TSRYS5870973,D,S,T,2024-09-06,1000000.00,4.079856,100.609375
08:02:02,912810UD8,TSRYS5870973,D,S,T,2024-09-06,1000000.00,4.079856,100.609375
08:02:02,912810UD8,TSRYS5870973,D,S,T,2024-09-06,1000000.00,4.081004,100.59375
08:02:02,912810UD8,TSRYS5870973,D,S,T,2024-09-06,1000000.00,4.076412,100.65625
08:02:02,912810UD8,TSRYS5870973,D,S,T,2024-09-06,1000000.00,4.079856,100.609375
08:02:02,912810UD8,TSRYS5870973,D,S,T,2024-09-06,1000000.00,4.081004,100.59375
08:02:02,912810UD8,TSRYS5870973,D,S,T,2024-09-06,1000000.00,4.075264,100.671875
08:02:02,912810UD8,TSRYS5870973,D,S,T,2024-09-06,1000000.00,4.075264,100.671875
08:02:02,912810UD8,TSRYS5870973,D,S,T,2024-09-06,1000000.00,4.078708,100.625
08:02:03,912810UD8,TSRYS5870973,D,S,T,2024-09-06,1000000.00,4.081004,100.59375
08:02:03,912810UD8,TSRYS5870973,D,S,T,2024-09-06,1000000.00,4.082153,100.578125
08:02:03,912810UD8,TSRYS5870973,D,S,T,2024-09-06,1000000.00,4.076412,100.65625
08:02:03,912810UD8,TSRYS5870973,D,S,T,2024-09-06,1000000.00,4.079856,100.609375
08:02:03,912810UD8,TSRYS5870973,D,S,T,2024-09-06,1000000.00,4.07297,100.703125
08:02:03,912810UD8,TSRYS5870973,D,S,T,2024-09-06,1000000.00,4.07297,100.703125
08:02:03,912810UD8,TSRYS5870973,D,S,T,2024-09-06,1000000.00,4.071823,100.71875
08:02:03,912810UD8,TSRYS5870973,D,S,T,2024-09-06,1000000.00,4.071823,100.71875
08:02:03,912810UD8,TSRYS5870973,D,S,D,2024-09-06,540000.00,4.071823,100.71875
08:02:03,912810UD8,TSRYS5870973,D,S,T,2024-09-06,1000000.00,4.06953,100.75
08:02:03,912810UD8,TSRYS5870973,D,S,T,2024-09-06,1000000.00,4.071823,100.71875
08:02:03,912810UD8,TSRYS5870973,D,S,T,2024-09-06,1000000.00,4.07297,100.703125
08:02:03,912810UD8,TSRYS5870973,D,S,T,2024-09-06,2000000.00,4.07297,100.703125
08:02:03,912810UD8,TSRYS5870973,D,S,T,2024-09-06,1000000.00,4.075264,100.671875
08:02:03,912810UD8,TSRYS5870973,D,S,T,2024-09-06,1000000.00,4.075264,100.671875
08:02:03,912810UD8,TSRYS5870973,D,S,T,2024-09-06,1000000.00,4.075264,100.671875
08:02:03,912810UD8,TSRYS5870973,D,S,T,2024-09-06,1000000.00,4.075264,100.671875
08:02:03,912810UD8,TSRYS5870973,D,S,T,2024-09-06,1000000.00,4.077559,100.640625
08:02:03,912810UD8,TSRYS5870973,D,S,T,2024-09-06,1000000.00,4.077559,100.640625
08:02:03,912810UD8,TSRYS5870973,D,S,T,2024-09-06,2000000.00,4.077559,100.640625
08:02:03,912810UD8,TSRYS5870973,D,S,T,2024-09-06,1000000.00,4.078708,100.625
08:02:03,912810UD8,TSRYS5870973,D,S,T,2024-09-06,1000000.00,4.077559,100.640625
08:02:03,912810UD8,TSRYS5870973,D,S,T,2024-09-06,1000000.00,4.077559,100.640625
08:02:03,912810UD8,TSRYS5870973,D,S,T,2024-09-06,1000000.00,4.077559,100.640625
08:02:04,912810UD8,TSRYS5870973,D,S,T,2024-09-06,1000000.00,4.077559,100.640625
08:02:04,912810UD8,TSRYS5870973,D,S,T,2024-09-06,1000000.00,4.077559,100.640625
08:02:04,912810UD8,TSRYS5870973,D,S,T,2024-09-06,1000000.00,4.079856,100.609375
08:02:04,912810UD8,TSRYS5870973,D,S,T,2024-09-06,1000000.00,4.078708,100.625
08:02:04,912810UD8,TSRYS5870973,D,S,T,2024-09-06,1000000.00,4.078708,100.625
08:02:04,912810UD8,TSRYS5870973,D,S,T,2024-09-06,1000000.00,4.075264,100.671875
08:02:04,912810UD8,TSRYS5870973,D,S,D,2024-09-06,1000000.00,4.074404,100.68359375
08:02:04,912810UD8,TSRYS5870973,D,S,D,2024-09-06,1000000.00,4.07426,100.68554687
08:02:04,912810UD8,TSRYS5870973,D,S,D,2024-09-06,1000000.00,4.074404,100.68359375
08:02:04,912810UD8,TSRYS5870973,D,S,T,2024-09-06,1000000.00,4.105175,100.265625
08:02:04,912810UD8,TSRYS5870973,D,S,T,2024-09-06,1000000.00,4.105175,100.265625
08:02:04,912810UD8,TSRYS5870973,D,S,T,2024-09-06,1000000.00,4.105175,100.265625
08:02:05,912810UD8,TSRYS5870973,D,S,T,2024-09-06,1000000.00,4.073973,100.68945312
08:02:05,912810UD8,TSRYS5870973,D,S,T,2024-09-06,1000000.00,4.07383,100.69140625
08:02:05,912810UD8,TSRYS5870973,D,B,C,2024-09-06,5000000.00,4.074212,100.68621
08:02:05,912810UD8,TSRYS5870973,D,S,A,2024-09-06,3400000.00,4.104887,100.26953125
08:02:05,912810UD8,TSRYS5870973,D,S,D,2024-09-06,2000000.00,4.091063,100.45703125
08:02:07,912810UD8,TSRYS5870973,D,S,T,2024-09-06,1000000.00,4.074117,100.6875
08:02:07,912810UD8,TSRYS5870973,D,S,T,2024-09-06,1000000.00,4.074117,100.6875
08:02:07,912810UD8,TSRYS5870973,D,S,D,2024-09-06,2000000.00,4.090776,100.4609375
08:02:07,912810UD8,TSRYS5870973,D,S,T,2024-09-06,1000000.00,4.076412,100.65625
08:02:07,912810UD8,TSRYS5870973,D,S,A,2024-09-06,7000000.00,4.100547,100.328125
08:02:08,912810UD8,TSRYS5870973,D,B,C,2024-09-06,2000000.00,4.080143,100.60546
08:02:09,912810UD8,TSRYS5870973,D,S,D,2024-09-06,1000000.00,4.090919,100.458984375
08:02:09,912810UD8,TSRYS5870973,D,S,D,2024-09-06,2000000.00,4.091926,100.4453125
08:02:09,912810UD8,TSRYS5870973,D,S,D,2024-09-06,1000000.00,4.091782,100.447265625
08:02:09,912810UD8,TSRYS5870973,D,S,D,2024-09-06,1000000.00,4.091351,100.453125
08:02:09,912810UD8,TSRYS5870973,D,S,D,2024-09-06,2000000.00,4.092214,100.44140625
08:02:09,912810UD8,TSRYS5870973,D,S,D,2024-09-06,2000000.00,4.092214,100.44140625
08:02:09,912810UD8,TSRYS5870973,D,S,D,2024-09-06,2000000.00,4.092502,100.4375
08:02:10,912810UD8,TSRYS5870973,D,S,D,2024-09-06,1000000.00,4.092502,100.4375
08:02:10,912810UD8,TSRYS5870973,D,S,D,2024-09-06,1000000.00,4.093509,100.423828125
08:02:13,912810UD8,TSRYS5870973,D,S,D,2024-09-06,1000000.00,4.107483,100.234375
08:02:13,912810UD8,TSRYS5870973,D,B,C,2024-09-06,1000000.00,4.107498,100.234175
08:02:15,912810UD8,TSRYS5870973,D,S,D,2024-09-06,1000000.00,4.109791,100.203125
08:02:16,912810UD8,TSRYS5870973,D,S,C,2024-09-06,1000000.00,4.106329,100.25
08:02:16,912810UD8,TSRYS5870973,D,B,C,2024-09-06,1000000.00,4.106346,100.249773
08:02:17,912810UD8,TSRYS5870973,D,S,D,2024-09-06,1000000.00,4.078708,100.625
08:02:19,912810UD8,TSRYS5870973,D,B,C,2024-09-06,1000000.00,4.084738,100.54296875
08:02:19,912810UD8,TSRYS5870973,D,S,D,2024-09-06,1000000.00,4.084738,100.54296875
08:02:19,912810UD8,TSRYS5870973,D,S,D,2024-09-06,1000000.00,4.076555,100.65429687
08:02:19,912810UD8,TSRYS5870973,D,S,T,2024-09-06,1000000.00,4.076555,100.65429687
08:02:19,912810UD8,TSRYS5870973,D,S,D,2024-09-06,1000000.00,4.076555,100.65429687
08:02:19,912810UD8,TSRYS5870973,D,S,T,2024-09-06,1000000.00,4.076555,100.65429687
08:02:19,912810UD8,TSRYS5870973,D,B,C,2024-09-06,1000000.00,4.084595,100.544921875
08:02:19,912810UD8,TSRYS5870973,D,S,D,2024-09-06,1000000.00,4.084595,100.544921875
08:02:19,912810UD8,TSRYS5870973,D,B,C,2024-09-06,1000000.00,4.084451,100.546875
08:02:19,912810UD8,TSRYS5870973,D,S,D,2024-09-06,1000000.00,4.084451,100.546875
08:02:19,912810UD8,TSRYS5870973,D,S,T,2024-09-06,1000000.00,4.076555,100.65429687
08:02:19,912810UD8,TSRYS5870973,D,S,D,2024-09-06,1000000.00,4.085169,100.537109375
08:02:19,912810UD8,TSRYS5870973,D,B,C,2024-09-06,1000000.00,4.085169,100.537109375
08:02:19,912810UD8,TSRYS5870973,D,B,C,2024-09-06,1000000.00,4.084882,100.541015625
08:02:19,912810UD8,TSRYS5870973,D,S,D,2024-09-06,1000000.00,4.084882,100.541015625
08:02:19,912810UD8,TSRYS5870973,D,B,C,2024-09-06,1000000.00,4.085744,100.529296875
08:02:19,912810UD8,TSRYS5870973,D,S,D,2024-09-06,1000000.00,4.085744,100.529296875
08:02:19,912810UD8,TSRYS5870973,D,B,C,2024-09-06,1000000.00,4.0856,100.53125
08:02:19,912810UD8,TSRYS5870973,D,S,D,2024-09-06,1000000.00,4.0856,100.53125
08:02:19,912810UD8,TSRYS5870973,D,S,D,2024-09-06,1000000.00,4.076412,100.65625
08:02:20,912810UD8,TSRYS5870973,D,S,T,2024-09-06,1000000.00,4.076555,100.65429687
08:02:20,912810UD8,TSRYS5870973,D,S,T,2024-09-06,1000000.00,4.076412,100.65625
08:02:20,912810UD8,TSRYS5870973,D,S,T,2024-09-06,1000000.00,4.076412,100.65625
08:02:20,912810UD8,TSRYS5870973,D,S,T,2024-09-06,1000000.00,4.076426,100.65605
08:02:21,912810UD8,TSRYS5870973,D,S,A,2024-09-06,920000.00,4.106329,100.25
08:02:21,912810UD8,TSRYS5870973,D,S,D,2024-09-06,2000000.00,4.1022,100.3059406
08:02:21,912810UD8,TSRYS5870973,D,S,D,2024-09-06,1000000.00,4.10393,100.2825031
08:02:21,912810UD8,TSRYS5870973,D,S,C,2024-09-06,21000000.00,4.1017,100.3125
08:02:21,912810UD8,TSRYS5870973,D,S,D,2024-09-06,3000000.00,4.091978,100.4446125
08:02:21,912810UD8,TSRYS5870973,D,S,T,2024-09-06,1000000.00,4.076125,100.66015625
08:02:21,912810UD8,TSRYS5870973,D,S,D,2024-09-06,140000.00,4.08043,100.6015625
08:02:21,912810UD8,TSRYS5870973,D,S,T,2024-09-06,1000000.00,4.076125,100.66015625
08:02:21,912810UD8,TSRYS5870973,D,S,D,2024-09-06,1000000.00,4.091978,100.4446125
08:02:21,912810UD8,TSRYS5870973,D,S,T,2024-09-06,1000000.00,4.075981,100.66210937
08:02:21,912810UD8,TSRYS5870973,D,S,D,2024-09-06,1000000.00,4.076125,100.66015625
08:02:21,912810UD8,TSRYS5870973,D,B,C,2024-09-06,1000000.00,4.084882,100.541015625
08:02:21,912810UD8,TSRYS5870973,D,S,D,2024-09-06,1000000.00,4.084882,100.541015625
08:02:21,912810UD8,TSRYS5870973,D,B,C,2024-09-06,1000000.00,4.084882,100.541015625
08:02:21,912810UD8,TSRYS5870973,D,S,D,2024-09-06,1000000.00,4.084882,100.541015625
08:02:21,912810UD8,TSRYS5870973,D,S,C,2024-09-06,1700000.00,4.079282,100.6171875
08:02:22,912810UD8,TSRYS5870973,D,B,A,2024-09-06,135000.00,4.081866,100.58203125
08:02:22,912810UD8,TSRYS5870973,D,S,D,2024-09-06,65000.00,4.08244,100.57421875
08:02:22,912810UD8,TSRYS5870973,D,S,T,2024-09-06,1000000.00,4.081004,100.59375
08:02:22,912810UD8,TSRYS5870973,D,S,A,2024-09-06,21495500.00,4.080401,100.6019625
08:02:22,912810UD8,TSRYS5870973,D,S,T,2024-09-06,1000000.00,4.076125,100.66015625
08:02:22,912810UD8,TSRYS5870973,D,B,A,2024-09-06,1000000.00,4.081004,100.59375
08:02:22,912810UD8,TSRYS5870973,D,S,D,2024-09-06,1000000.00,4.076125,100.66015625
08:02:22,912810UD8,TSRYS5870973,D,S,T,2024-09-06,1000000.00,4.076125,100.66015625
08:02:22,912810UD8,TSRYS5870973,D,S,T,2024-09-06,1000000.00,4.076125,100.66015625
08:02:22,912810UD8,TSRYS5870973,D,S,T,2024-09-06,1000000.00,4.081004,100.59375
08:02:22,912810UD8,TSRYS5870973,D,S,D,2024-09-06,1000000.00,4.076125,100.66015625
08:02:22,912810UD8,TSRYS5870973,D,B,A,2024-09-06,1000000.00,4.081004,100.59375
08:02:22,912810UD8,TSRYS5870973,D,B,A,2024-09-06,5230000.00,4.077559,100.640625
08:02:22,912810UD8,TSRYS5870973,D,S,A,2024-09-06,160000.00,4.078708,100.625
08:02:22,912810UD8,TSRYS5870973,D,S,D,2024-09-06,1000000.00,4.076555,100.65429687
08:02:22,912810UD8,TSRYS5870973,D,S,D,2024-09-06,1000000.00,4.076555,100.65429687
08:02:23,912810UD8,TSRYS5870973,D,S,D,2024-09-06,1000000.00,4.076555,100.65429687
08:02:23,912810UD8,TSRYS5870973,D,S,T,2024-09-06,1000000.00,4.076555,100.65429687
08:02:23,912810UD8,TSRYS5870973,D,S,D,2024-09-06,1000000.00,4.076699,100.65234375
08:02:23,912810UD8,TSRYS5870973,D,S,D,2024-09-06,1000000.00,4.076555,100.65429687
08:02:23,912810UD8,TSRYS5870973,D,S,D,2024-09-06,1000000.00,4.076699,100.65234375
08:02:23,912810UD8,TSRYS5870973,D,S,D,2024-09-06,1000000.00,4.076699,100.65234375
08:02:23,912810UD8,TSRYS5870973,D,S,C,2024-09-06,20000000.00,4.071823,100.71875
08:02:23,912810UD8,TSRYS5870973,D,S,T,2024-09-06,1000000.00,4.076699,100.65234375
08:02:23,912810UD8,TSRYS5870973,D,S,D,2024-09-06,1000000.00,4.076412,100.65625
08:02:23,912810UD8,TSRYS5870973,D,S,D,2024-09-06,1000000.00,4.076699,100.65234375
08:02:23,912810UD8,TSRYS5870973,D,S,D,2024-09-06,1000000.00,4.076412,100.65625
08:02:23,912810UD8,TSRYS5870973,D,S,D,2024-09-06,1000000.00,4.076699,100.65234375
08:02:23,912810UD8,TSRYS5870973,D,S,D,2024-09-06,1000000.00,4.076699,100.65234375
08:02:23,912810UD8,TSRYS5870973,D,S,D,2024-09-06,1000000.00,4.076699,100.65234375
08:02:23,912810UD8,TSRYS5870973,D,S,T,2024-09-06,1000000.00,4.076699,100.65234375
08:02:23,912810UD8,TSRYS5870973,D,S,T,2024-09-06,1000000.00,4.076699,100.65234375
08:02:23,912810UD8,TSRYS5870973,D,S,D,2024-09-06,1000000.00,4.076842,100.65039062
08:02:23,912810UD8,TSRYS5870973,D,S,T,2024-09-06,1000000.00,4.076842,100.65039062
08:02:23,912810UD8,TSRYS5870973,D,S,T,2024-09-06,1000000.00,4.076699,100.65234375
08:02:23,912810UD8,TSRYS5870973,D,S,T,2024-09-06,1000000.00,4.076699,100.65234375
08:02:23,912810UD8,TSRYS5870973,D,S,D,2024-09-06,1000000.00,4.076699,100.65234375
08:02:23,912810UD8,TSRYS5870973,D,S,T,2024-09-06,1000000.00,4.076699,100.65234375
08:02:23,912810UD8,TSRYS5870973,D,S,T,2024-09-06,1000000.00,4.076426,100.65605
08:02:23,912810UD8,TSRYS5870973,D,S,T,2024-09-06,1000000.00,4.076699,100.65234375
08:02:23,912810UD8,TSRYS5870973,D,S,T,2024-09-06,1000000.00,4.076699,100.65234375
08:02:23,912810UD8,TSRYS5870973,D,B,C,2024-09-06,5000000.00,4.075551,100.66796875
08:02:23,912810UD8,TSRYS5870973,D,S,C,2024-09-06,2000000.00,4.074117,100.6875
08:02:23,912810UD8,TSRYS5870973,D,S,C,2024-09-06,2000000.00,4.076699,100.65234
08:02:23,912810UD8,TSRYS5870973,D,S,C,2024-09-06,18000000.00,4.078134,100.63281
08:02:23,912810UD8,TSRYS5870973,D,B,C,2024-09-06,1000000.00,4.075981,100.66210937
08:02:23,912810UD8,TSRYS5870973,D,S,D,2024-09-06,1000000.00,4.076699,100.65234375
08:02:23,912810UD8,TSRYS5870973,D,S,D,2024-09-06,1000000.00,4.076699,100.65234375
08:02:23,912810UD8,TSRYS5870973,D,S,T,2024-09-06,1000000.00,4.076842,100.65039062
08:02:23,912810UD8,TSRYS5870973,D,S,T,2024-09-06,1000000.00,4.076842,100.65039062
08:02:24,912810UD8,TSRYS5870973,D,B,C,2024-09-06,1000000.00,4.076125,100.66015625
08:02:24,912810UD8,TSRYS5870973,D,S,D,2024-09-06,1000000.00,4.076842,100.65039062
08:02:24,912810UD8,TSRYS5870973,D,S,D,2024-09-06,1000000.00,4.076842,100.65039062
08:02:24,912810UD8,TSRYS5870973,D,S,C,2024-09-06,7000000.00,4.075805,100.66451
08:02:24,912810UD8,TSRYS5870973,D,S,C,2024-09-06,182000.00,4.077304,100.64453125
08:02:25,912810UD8,TSRYS5870973,D,S,D,2024-09-06,1000000.00,4.077559,100.640625
08:02:26,912810UD8,TSRYS5870973,D,S,D,2024-09-06,1000000.00,4.077559,100.640625
08:02:26,912810UD8,TSRYS5870973,D,S,T,2024-09-06,1000000.00,4.077574,100.640425
08:02:26,912810UD8,TSRYS5870973,D,B,C,2024-09-06,1000000.00,4.087181,100.509765625
08:02:26,912810UD8,TSRYS5870973,D,S,D,2024-09-06,1000000.00,4.087181,100.509765625
08:02:26,912810UD8,TSRYS5870973,D,S,T,2024-09-06,1000000.00,4.077703,100.638671875
08:02:26,912810UD8,TSRYS5870973,D,S,T,2024-09-06,1000000.00,4.077703,100.638671875
08:02:26,912810UD8,TSRYS5870973,D,S,T,2024-09-06,1000000.00,4.077703,100.638671875
08:02:26,912810UD8,TSRYS5870973,D,S,C,2024-09-06,50MM+,4.079826,100.609375
08:02:27,912810UD8,TSRYS5870973,D,S,T,2024-09-06,1000000.00,4.076412,100.65625
08:02:27,912810UD8,TSRYS5870973,D,S,T,2024-09-06,1000000.00,4.077559,100.640625
08:02:27,912810UD8,TSRYS5870973,D,S,T,2024-09-06,1000000.00,4.077559,100.640625
08:02:27,912810UD8,TSRYS5870973,D,S,T,2024-09-06,1000000.00,4.077273,100.64453125
08:02:27,912810UD8,TSRYS5870973,D,S,T,2024-09-06,2000000.00,4.077273,100.64453125
08:02:27,912810UD8,TSRYS5870973,D,S,T,2024-09-06,1000000.00,4.077846,100.63671875
08:02:27,912810UD8,TSRYS5870973,D,S,T,2024-09-06,1000000.00,4.077559,100.640625
08:02:27,912810UD8,TSRYS5870973,D,S,T,2024-09-06,1000000.00,4.077273,100.64453125
08:02:27,912810UD8,TSRYS5870973,D,S,T,2024-09-06,1000000.00,4.077846,100.63671875
08:02:27,912810UD8,TSRYS5870973,D,S,T,2024-09-06,1000000.00,4.077846,100.63671875
08:02:27,912810UD8,TSRYS5870973,D,S,T,2024-09-06,1000000.00,4.077559,100.640625
08:02:27,912810UD8,TSRYS5870973,D,S,T,2024-09-06,1000000.00,4.077559,100.640625
08:02:27,912810UD8,TSRYS5870973,D,S,T,2024-09-06,1000000.00,4.077703,100.638671875
08:02:27,912810UD8,TSRYS5870973,D,B,C,2024-09-06,1000000.00,4.089338,100.48046875
08:02:27,912810UD8,TSRYS5870973,D,S,D,2024-09-06,1000000.00,4.089338,100.48046875
08:02:27,912810UD8,TSRYS5870973,D,S,T,2024-09-06,1000000.00,4.077416,100.642578125
08:02:27,912810UD8,TSRYS5870973,D,S,T,2024-09-06,1000000.00,4.077559,100.640625
08:02:27,912810UD8,TSRYS5870973,D,S,T,2024-09-06,1000000.00,4.077703,100.638671875
08:02:27,912810UD8,TSRYS5870973,D,S,T,2024-09-06,1000000.00,4.07799,100.634765625
08:02:27,912810UD8,TSRYS5870973,D,S,T,2024-09-06,1000000.00,4.077559,100.640625
08:02:27,912810UD8,TSRYS5870973,D,S,T,2024-09-06,1000000.00,4.077559,100.640625
08:02:27,912810UD8,TSRYS5870973,D,S,T,2024-09-06,1000000.00,4.077846,100.63671875
08:02:27,912810UD8,TSRYS5870973,D,S,T,2024-09-06,1000000.00,4.077559,100.640625
08:02:27,912810UD8,TSRYS5870973,D,S,T,2024-09-06,1000000.00,4.077703,100.638671875
08:02:27,912810UD8,TSRYS5870973,D,S,T,2024-09-06,1000000.00,4.077559,100.640625
08:02:27,912810UD8,TSRYS5870973,D,S,T,2024-09-06,1000000.00,4.077559,100.640625
08:02:27,912810UD8,TSRYS5870973,D,S,T,2024-09-06,2000000.00,4.07842,100.62890625
08:02:27,912810UD8,TSRYS5870973,D,B,C,2024-09-06,1000000.00,4.089769,100.474609375
08:02:27,912810UD8,TSRYS5870973,D,S,T,2024-09-06,2000000.00,4.076412,100.65625
08:02:27,912810UD8,TSRYS5870973,D,S,T,2024-09-06,1000000.00,4.077559,100.640625
08:02:27,912810UD8,TSRYS5870973,D,S,D,2024-09-06,1000000.00,4.089769,100.474609375
08:02:27,912810UD8,TSRYS5870973,D,B,C,2024-09-06,1000000.00,4.089769,100.474609375
08:02:27,912810UD8,TSRYS5870973,D,S,D,2024-09-06,1000000.00,4.089769,100.474609375
08:02:27,912810UD8,TSRYS5870973,D,B,C,2024-09-06,1000000.00,4.089769,100.474609375
08:02:27,912810UD8,TSRYS5870973,D,S,D,2024-09-06,1000000.00,4.089769,100.474609375
08:02:27,912810UD8,TSRYS5870973,D,B,C,2024-09-06,1000000.00,4.089338,100.48046875
08:02:27,912810UD8,TSRYS5870973,D,S,D,2024-09-06,1000000.00,4.089338,100.48046875
08:02:27,912810UD8,TSRYS5870973,D,S,D,2024-09-06,1000000.00,4.089338,100.48046875
08:02:27,912810UD8,TSRYS5870973,D,B,C,2024-09-06,1000000.00,4.089338,100.48046875
08:02:27,912810UD8,TSRYS5870973,D,S,D,2024-09-06,1000000.00,4.089338,100.48046875
08:02:27,912810UD8,TSRYS5870973,D,B,C,2024-09-06,1000000.00,4.089338,100.48046875
08:02:28,912810UD8,TSRYS5870973,D,S,T,2024-09-06,1000000.00,4.078851,100.62304687
08:02:28,912810UD8,TSRYS5870973,D,S,D,2024-09-06,1000000.00,4.078851,100.62304687
08:02:28,912810UD8,TSRYS5870973,D,S,T,2024-09-06,1000000.00,4.078851,100.62304687
08:02:28,912810UD8,TSRYS5870973,D,S,D,2024-09-06,1000000.00,4.078995,100.62109375
08:02:28,912810UD8,TSRYS5870973,D,S,T,2024-09-06,1000000.00,4.078995,100.62109375
08:02:28,912810UD8,TSRYS5870973,D,B,C,2024-09-06,10000000.00,4.076573,100.65405
08:02:28,912810UD8,TSRYS5870973,D,S,D,2024-09-06,1000000.00,4.078564,100.62695312
08:02:28,912810UD8,TSRYS5870973,D,S,D,2024-09-06,1000000.00,4.078708,100.625
08:02:29,912810UD8,TSRYS5870973,D,S,T,2024-09-06,1000000.00,4.078851,100.62304687
08:02:29,912810UD8,TSRYS5870973,D,S,T,2024-09-06,1000000.00,4.078851,100.62304687
08:02:29,912810UD8,TSRYS5870973,D,S,T,2024-09-06,1000000.00,4.078851,100.62304687
08:02:29,912810UD8,TSRYS5870973,D,S,D,2024-09-06,1000000.00,4.078995,100.62109375
08:02:29,912810UD8,TSRYS5870973,D,S,D,2024-09-06,1000000.00,4.078995,100.62109375
08:02:29,912810UD8,TSRYS5870973,D,S,T,2024-09-06,1000000.00,4.078995,100.62109375
08:02:30,912810UD8,TSRYS5870973,D,S,D,2024-09-06,1000000.00,4.087037,100.51171875
08:02:30,912810UD8,TSRYS5870973,D,S,D,2024-09-06,1000000.00,4.0879,100.5
08:02:31,912810UD8,TSRYS5870973,D,S,T,2024-09-06,1000000.00,4.077559,100.640625
08:02:31,912810UD8,TSRYS5870973,D,S,T,2024-09-06,1000000.00,4.077559,100.640625
08:02:31,912810UD8,TSRYS5870973,D,S,T,2024-09-06,1000000.00,4.078995,100.62109375
08:02:31,912810UD8,TSRYS5870973,D,S,T,2024-09-06,1000000.00,4.078995,100.62109375
08:02:32,912810UD8,TSRYS5870973,D,S,T,2024-09-06,1000000.00,4.080143,100.60546875
08:02:32,912810UD8,TSRYS5870973,D,S,T,2024-09-06,1000000.00,4.080143,100.60546875
08:02:32,912810UD8,TSRYS5870973,D,S,D,2024-09-06,1000000.00,4.105175,100.265625
08:02:32,912810UD8,TSRYS5870973,D,S,T,2024-09-06,2000000.00,4.07842,100.62890625
08:02:32,912810UD8,TSRYS5870973,D,S,D,2024-09-06,1000000.00,4.105175,100.265625
08:02:32,912810UD8,TSRYS5870973,D,S,D,2024-09-06,1000000.00,4.105175,100.265625
08:02:33,912810UD8,TSRYS5870973,D,S,D,2024-09-06,1000000.00,4.078995,100.62109375
08:02:33,912810UD8,TSRYS5870973,D,S,D,2024-09-06,1000000.00,4.078995,100.62109375
08:02:33,912810UD8,TSRYS5870973,D,S,D,2024-09-06,1000000.00,4.078995,100.62109375
08:02:33,912810UD8,TSRYS5870973,D,S,D,2024-09-06,1000000.00,4.078995,100.62109375
08:02:33,912810UD8,TSRYS5870973,D,S,D,2024-09-06,1000000.00,4.078995,100.62109375
08:02:33,912810UD8,TSRYS5870973,D,S,D,2024-09-06,1000000.00,4.078995,100.62109375
08:02:33,912810UD8,TSRYS5870973,D,S,D,2024-09-06,1000000.00,4.078995,100.62109375
08:02:33,912810UD8,TSRYS5870973,D,S,D,2024-09-06,1000000.00,4.078995,100.62109375
08:02:33,912810UD8,TSRYS5870973,D,S,D,2024-09-06,1000000.00,4.078851,100.62304687
08:02:33,912810UD8,TSRYS5870973,D,S,T,2024-09-06,1000000.00,4.078995,100.62109375
08:02:33,912810UD8,TSRYS5870973,D,S,D,2024-09-06,1000000.00,4.078995,100.62109375
08:02:33,912810UD8,TSRYS5870973,D,S,T,2024-09-06,1000000.00,4.078995,100.62109375
08:02:33,912810UD8,TSRYS5870973,D,S,D,2024-09-06,1000000.00,4.078995,100.62109375
08:02:33,912810UD8,TSRYS5870973,D,S,T,2024-09-06,1000000.00,4.078851,100.62304687
08:02:33,912810UD8,TSRYS5870973,D,S,T,2024-09-06,1000000.00,4.078851,100.62304687
08:02:33,912810UD8,TSRYS5870973,D,S,T,2024-09-06,1000000.00,4.078995,100.62109375
08:02:33,912810UD8,TSRYS5870973,D,S,D,2024-09-06,1000000.00,4.078995,100.62109375
08:02:33,912810UD8,TSRYS5870973,D,S,D,2024-09-06,1000000.00,4.078995,100.62109375
08:02:33,912810UD8,TSRYS5870973,D,S,T,2024-09-06,1000000.00,4.078995,100.62109375
08:02:33,912810UD8,TSRYS5870973,D,S,T,2024-09-06,1000000.00,4.078995,100.62109375
08:02:33,912810UD8,TSRYS5870973,D,B,C,2024-09-06,1000000.00,4.076986,100.6484375
08:02:35,912810UD8,TSRYS5870973,D,S,C,2024-09-06,1000000.00,4.109776,100.203325
08:02:35,912810UD8,TSRYS5870973,D,S,D,2024-09-06,11000000.00,4.076819,100.65071
08:02:36,912810UD8,TSRYS5870973,D,S,D,2024-09-06,1000000.00,4.074117,100.6875
08:02:36,912810UD8,TSRYS5870973,D,S,D,2024-09-06,1000000.00,4.074117,100.6875
08:02:36,912810UD8,TSRYS5870973,D,S,D,2024-09-06,1000000.00,4.074117,100.6875
08:02:36,912810UD8,TSRYS5870973,D,S,D,2024-09-06,1000000.00,4.074117,100.6875
08:02:36,912810UD8,TSRYS5870973,D,S,D,2024-09-06,1000000.00,4.074117,100.6875
08:02:36,912810UD8,TSRYS5870973,D,S,D,2024-09-06,1000000.00,4.074117,100.6875
08:02:36,912810UD8,TSRYS5870973,D,S,D,2024-09-06,1000000.00,4.074117,100.6875
08:02:36,912810UD8,TSRYS5870973,D,S,D,2024-09-06,1000000.00,4.074117,100.6875
08:02:36,912810UD8,TSRYS5870973,D,S,D,2024-09-06,1000000.00,4.074117,100.6875
08:02:36,912810UD8,TSRYS5870973,D,S,D,2024-09-06,1000000.00,4.074117,100.6875
08:02:36,912810UD8,TSRYS5870973,D,S,D,2024-09-06,1000000.00,4.074117,100.6875
08:02:36,912810UD8,TSRYS5870973,D,S,T,2024-09-06,1000000.00,4.077559,100.640625
08:02:37,912810UD8,TSRYS5870973,D,S,T,2024-09-06,1000000.00,4.075264,100.671875
08:02:37,912810UD8,TSRYS5870973,D,S,T,2024-09-06,1000000.00,4.075838,100.6640625
08:02:37,912810UD8,TSRYS5870973,D,S,T,2024-09-06,1000000.00,4.075264,100.671875
08:02:37,912810UD8,TSRYS5870973,D,S,T,2024-09-06,1000000.00,4.075264,100.671875
08:02:37,912810UD8,TSRYS5870973,D,S,T,2024-09-06,1000000.00,4.076412,100.65625
08:02:37,912810UD8,TSRYS5870973,D,S,C,2024-09-06,352000.00,4.074977,100.67578125
08:02:37,912810UD8,TSRYS5870973,D,S,C,2024-09-06,1000000.00,4.105164,100.265775
08:02:37,912810UD8,TSRYS5870973,D,B,C,2024-09-06,1000000.00,4.10519,100.265425
08:02:38,912810UD8,TSRYS5870973,D,S,D,2024-09-06,11000000.00,4.074117,100.6875
08:02:39,912810UD8,TSRYS5870973,D,S,T,2024-09-06,1000000.00,4.08675,100.515625
08:02:39,912810UD8,TSRYS5870973,D,S,D,2024-09-06,1000000.00,4.106329,100.25
08:02:39,912810UD8,TSRYS5870973,D,S,C,2024-09-06,1000000.00,4.106329,100.25
08:02:39,912810UD8,TSRYS5870973,D,S,D,2024-09-06,1000000.00,4.106329,100.25
08:02:43,912810UD8,TSRYS5870973,D,S,T,2024-09-06,1000000.00,4.079856,100.609375
08:02:43,912810UD8,TSRYS5870973,D,S,T,2024-09-06,1000000.00,4.077559,100.640625
08:02:43,912810UD8,TSRYS5870973,D,B,A,2024-09-06,2500000.00,4.102293,100.3046875
08:02:43,912810UD8,TSRYS5870973,D,S,D,2024-09-06,2000000.00,4.080717,100.59765625
08:02:43,912810UD8,TSRYS5870973,D,S,D,2024-09-06,1000000.00,4.099411,100.34375
08:02:44,912810UD8,TSRYS5870973,D,S,D,2024-09-06,1000000.00,4.079712,100.611328125
08:02:45,912810UD8,TSRYS5870973,D,B,C,2024-09-06,1000000.00,4.098272,100.3592
08:02:45,912810UD8,TSRYS5870973,D,S,D,2024-09-06,1000000.00,4.098259,100.359375
08:02:46,912810UD8,TSRYS5870973,D,B,C,2024-09-06,1000000.00,4.075551,100.66796875
08:02:46,912810UD8,TSRYS5870973,D,S,D,2024-09-06,1000000.00,4.075551,100.66796875
08:02:46,912810UD8,TSRYS5870973,D,B,C,2024-09-06,1000000.00,4.075551,100.66796875
08:02:46,912810UD8,TSRYS5870973,D,S,D,2024-09-06,1000000.00,4.075551,100.66796875
08:02:46,912810UD8,TSRYS5870973,D,S,D,2024-09-06,1000000.00,4.094804,100.40625
08:02:47,912810UD8,TSRYS5870973,D,B,C,2024-09-06,1000000.00,4.093666,100.4217
08:02:47,912810UD8,TSRYS5870973,D,S,D,2024-09-06,1000000.00,4.093653,100.421875
08:02:47,912810UD8,TSRYS5870973,D,S,D,2024-09-06,1000000.00,4.07842,100.62890625
08:02:47,912810UD8,TSRYS5870973,D,S,T,2024-09-06,1000000.00,4.075408,100.669921875
08:02:53,912810UD8,TSRYS5870973,D,S,D,2024-09-06,1000000.00,4.091351,100.453125
08:02:53,912810UD8,TSRYS5870973,D,S,D,2024-09-06,1000000.00,4.091351,100.453125
08:02:54,912810UD8,TSRYS5870973,D,S,D,2024-09-06,1000000.00,4.092502,100.4375
08:02:56,912810UD8,TSRYS5870973,D,S,D,2024-09-06,1000000.00,4.08675,100.515625
08:02:58,912810UD8,TSRYS5870973,D,S,D,2024-09-06,1000000.00,4.078708,100.625
08:03:01,912810UD8,TSRYS5870973,D,S,D,2024-09-06,1000000.00,4.08675,100.515625
08:03:02,912810UD8,TSRYS5870973,D,B,C,2024-09-06,1000000.00,4.086763,100.51545
08:03:02,912810UD8,TSRYS5870973,D,S,C,2024-09-06,9000000.00,4.077836,100.63671875
08:03:02,912810UD8,TSRYS5870973,D,S,D,2024-09-06,1000000.00,4.0856,100.53125
08:03:02,912810UD8,TSRYS5870973,D,S,D,2024-09-06,1000000.00,4.0856,100.53125
08:03:02,912810UD8,TSRYS5870973,D,S,D,2024-09-06,1000000.00,4.08675,100.515625
08:03:02,912810UD8,TSRYS5870973,D,S,D,2024-09-06,1000000.00,4.08675,100.515625
08:03:02,912810UD8,TSRYS5870973,D,S,D,2024-09-06,1000000.00,4.08675,100.515625
08:03:02,912810UD8,TSRYS5870973,D,S,D,2024-09-06,1000000.00,4.08675,100.515625
08:03:02,912810UD8,TSRYS5870973,D,S,D,2024-09-06,1000000.00,4.08675,100.515625
08:03:02,912810UD8,TSRYS5870973,D,S,D,2024-09-06,1000000.00,4.08675,100.515625
08:03:02,912810UD8,TSRYS5870973,D,S,D,2024-09-06,1000000.00,4.08675,100.515625
08:03:03,912810UD8,TSRYS5870973,D,B,C,2024-09-06,1000000.00,4.08675,100.515625
08:03:04,912810UD8,TSRYS5870973,D,S,D,2024-09-06,1000000.00,4.0856,100.53125
08:03:04,912810UD8,TSRYS5870973,D,S,D,2024-09-06,1000000.00,4.0856,100.53125
08:03:04,912810UD8,TSRYS5870973,D,B,C,2024-09-06,1000000.00,4.085615,100.53105
08:03:04,912810UD8,TSRYS5870973,D,S,D,2024-09-06,1000000.00,4.0856,100.53125
08:03:04,912810UD8,TSRYS5870973,D,B,C,2024-09-06,1000000.00,4.08675,100.515625
08:03:04,912810UD8,TSRYS5870973,D,B,C,2024-09-06,1000000.00,4.08675,100.515625
08:03:04,912810UD8,TSRYS5870973,D,S,D,2024-09-06,1000000.00,4.08675,100.515625
08:03:04,912810UD8,TSRYS5870973,D,S,D,2024-09-06,1000000.00,4.08675,100.515625
08:03:04,912810UD8,TSRYS5870973,D,S,D,2024-09-06,1000000.00,4.08675,100.515625
08:03:04,912810UD8,TSRYS5870973,D,B,C,2024-09-06,1000000.00,4.08675,100.515625
08:03:04,912810UD8,TSRYS5870973,D,S,D,2024-09-06,1000000.00,4.08675,100.515625
08:03:04,912810UD8,TSRYS5870973,D,S,D,2024-09-06,1000000.00,4.08675,100.515625
08:03:04,912810UD8,TSRYS5870973,D,B,C,2024-09-06,1000000.00,4.08675,100.515625
08:03:04,912810UD8,TSRYS5870973,D,S,A,2024-09-06,1000000.00,4.091351,100.453125
08:03:05,912810UD8,TSRYS5870973,D,S,T,2024-09-06,1000000.00,4.074404,100.68359375
08:03:05,912810UD8,TSRYS5870973,D,S,T,2024-09-06,1000000.00,4.07383,100.69140625
08:03:06,912810UD8,TSRYS5870973,D,S,T,2024-09-06,1000000.00,4.07383,100.69140625
08:03:06,912810UD8,TSRYS5870973,D,S,T,2024-09-06,1000000.00,4.07297,100.703125
08:03:06,912810UD8,TSRYS5870973,D,S,T,2024-09-06,1000000.00,4.07297,100.703125
08:03:06,912810UD8,TSRYS5870973,D,S,C,2024-09-06,1000000.00,4.075264,100.671875
08:03:06,912810UD8,TSRYS5870973,D,S,D,2024-09-06,1000000.00,4.080143,100.60546875
08:03:06,912810UD8,TSRYS5870973,D,B,C,2024-09-06,1000000.00,4.080143,100.60546875
08:03:06,912810UD8,TSRYS5870973,D,S,D,2024-09-06,1000000.00,4.079856,100.609375
08:03:06,912810UD8,TSRYS5870973,D,B,C,2024-09-06,1000000.00,4.079856,100.609375
08:03:06,912810UD8,TSRYS5870973,D,B,C,2024-09-06,1000000.00,4.078708,100.625
08:03:06,912810UD8,TSRYS5870973,D,S,D,2024-09-06,1000000.00,4.078708,100.625
08:03:06,912810UD8,TSRYS5870973,D,B,C,2024-09-06,1000000.00,4.078708,100.625
08:03:06,912810UD8,TSRYS5870973,D,S,D,2024-09-06,1000000.00,4.078708,100.625
08:03:06,912810UD8,TSRYS5870973,D,B,C,2024-09-06,1000000.00,4.078708,100.625
08:03:06,912810UD8,TSRYS5870973,D,S,D,2024-09-06,1000000.00,4.078708,100.625
08:03:06,912810UD8,TSRYS5870973,D,B,C,2024-09-06,1000000.00,4.078708,100.625
08:03:06,912810UD8,TSRYS5870973,D,S,D,2024-09-06,1000000.00,4.078708,100.625
08:03:07,912810UD8,TSRYS5870973,D,S,T,2024-09-06,1000000.00,4.071536,100.72265625
08:03:07,912810UD8,TSRYS5870973,D,S,D,2024-09-06,1000000.00,4.08675,100.515625
08:03:07,912810UD8,TSRYS5870973,D,S,C,2024-09-06,1000000.00,4.08675,100.515625
08:03:08,912810UD8,TSRYS5870973,D,S,D,2024-09-06,1000000.00,4.08043,100.6015625
08:03:08,912810UD8,TSRYS5870973,D,S,D,2024-09-06,1000000.00,4.079856,100.609375
08:03:09,912810UD8,TSRYS5870973,D,B,C,2024-09-06,1000000.00,4.078708,100.625
08:03:09,912810UD8,TSRYS5870973,D,S,D,2024-09-06,1000000.00,4.078708,100.625
08:03:11,912810UD8,TSRYS5870973,D,S,T,2024-09-06,1000000.00,4.076412,100.65625
08:03:11,912810UD8,TSRYS5870973,D,S,T,2024-09-06,1000000.00,4.076412,100.65625
08:03:11,912810UD8,TSRYS5870973,D,S,T,2024-09-06,2000000.00,4.076412,100.65625
08:03:11,912810UD8,TSRYS5870973,D,S,T,2024-09-06,2000000.00,4.076412,100.65625
08:03:12,912810UD8,TSRYS5870973,D,S,A,2024-09-06,2400000.00,4.073543,100.6953125
08:03:12,912810UD8,TSRYS5870973,D,S,C,2024-09-06,20000000.00,4.072672,100.70703125
08:03:17,912810UD8,TSRYS5870973,D,B,C,2024-09-06,2950000.00,4.076125,100.66015625
08:03:18,912810UD8,TSRYS5870973,D,S,C,2024-09-06,1000000.00,4.081004,100.59375
08:03:18,912810UD8,TSRYS5870973,D,S,D,2024-09-06,1000000.00,4.079848,100.609477
08:03:19,912810UD8,TSRYS5870973,D,S,D,2024-09-06,1000000.00,4.079848,100.609477
08:03:20,912810UD8,TSRYS5870973,D,B,C,2024-09-06,1000000.00,4.076412,100.65625
08:03:20,912810UD8,TSRYS5870973,D,S,D,2024-09-06,1000000.00,4.076412,100.65625
08:03:20,912810UD8,TSRYS5870973,D,S,D,2024-09-06,250000.00,,100.1875
08:03:21,912810UD8,TSRYS5870973,D,S,D,2024-09-06,2000000.00,4.079848,100.609477
08:03:21,912810UD8,TSRYS5870973,D,B,C,2024-09-06,2000000.00,4.079856,100.609375
08:03:21,912810UD8,TSRYS5870973,D,S,D,2024-09-06,1000000.00,4.077273,100.64453125
08:03:22,912810UD8,TSRYS5870973,D,S,D,2024-09-06,1000000.00,4.077273,100.64453125
08:03:22,912810UD8,TSRYS5870973,D,S,D,2024-09-06,1000000.00,4.077129,100.646484375
08:03:22,912810UD8,TSRYS5870973,D,S,D,2024-09-06,1000000.00,4.078133,100.6328125
08:03:22,912810UD8,TSRYS5870973,D,S,D,2024-09-06,1000000.00,4.078133,100.6328125
08:03:22,912810UD8,TSRYS5870973,D,S,C,2024-09-06,1000000.00,4.082153,100.578125
08:03:23,912810UD8,TSRYS5870973,D,S,D,2024-09-06,1000000.00,4.081004,100.59375
08:03:23,912810UD8,TSRYS5870973,D,S,D,2024-09-06,1000000.00,4.081148,100.591796875
08:03:23,912810UD8,TSRYS5870973,D,S,D,2024-09-06,1000000.00,4.081148,100.591796875
08:03:24,912810UD8,TSRYS5870973,D,S,D,2024-09-06,1000000.00,4.080861,100.595703125
08:03:25,912810UD8,TSRYS5870973,D,S,D,2024-09-06,1000000.00,4.079712,100.611328125
08:03:25,912810UD8,TSRYS5870973,D,S,D,2024-09-06,1000000.00,4.079282,100.6171875
08:03:25,912810UD8,TSRYS5870973,D,B,C,2024-09-06,1000000.00,4.077703,100.638671875
08:03:25,912810UD8,TSRYS5870973,D,S,D,2024-09-06,1000000.00,4.077703,100.638671875
08:03:25,912810UD8,TSRYS5870973,D,B,C,2024-09-06,3800000.00,4.078277,100.630859375
08:03:26,912810UD8,TSRYS5870973,D,S,D,2024-09-06,1000000.00,4.081004,100.59375
08:03:26,912810UD8,TSRYS5870973,D,B,C,2024-09-06,9000.00,4.072429,100.7109375
08:03:28,912810UD8,TSRYS5870973,D,S,C,2024-09-06,1000000.00,4.076401,100.6564
08:03:29,912810UD8,TSRYS5870973,D,B,C,2024-09-06,1000000.00,4.073543,100.6953125
08:03:29,912810UD8,TSRYS5870973,D,B,A,2024-09-06,165000.00,4.074404,100.68359375
08:03:30,912810UD8,TSRYS5870973,D,S,D,2024-09-06,1000000.00,4.073543,100.6953125
08:03:30,912810UD8,TSRYS5870973,D,S,D,2024-09-06,1000000.00,4.075264,100.671875
08:03:30,912810UD8,TSRYS5870973,D,B,C,2024-09-06,1000000.00,4.073543,100.6953125
08:03:30,912810UD8,TSRYS5870973,D,S,D,2024-09-06,1000000.00,4.073543,100.6953125
08:03:30,912810UD8,TSRYS5870973,D,B,C,2024-09-06,1000000.00,4.074977,100.67578125
08:03:30,912810UD8,TSRYS5870973,D,S,D,2024-09-06,1000000.00,4.074977,100.67578125
08:03:31,912810UD8,TSRYS5870973,D,S,D,2024-09-06,1000000.00,4.079846,100.609505
08:03:31,912810UD8,TSRYS5870973,D,B,C,2024-09-06,1000000.00,4.074977,100.67578125
08:03:31,912810UD8,TSRYS5870973,D,S,D,2024-09-06,1000000.00,4.074977,100.67578125
08:03:33,912810UD8,TSRYS5870973,D,S,D,2024-09-06,1000000.00,4.081004,100.59375
08:03:33,912810UD8,TSRYS5870973,D,S,D,2024-09-06,1000000.00,4.081004,100.59375
08:03:33,912810UD8,TSRYS5870973,D,S,D,2024-09-06,1000000.00,4.081004,100.59375
08:03:33,912810UD8,TSRYS5870973,D,S,D,2024-09-06,1000000.00,4.081004,100.59375
08:03:33,912810UD8,TSRYS5870973,D,S,D,2024-09-06,1000000.00,4.081004,100.59375
08:03:33,912810UD8,TSRYS5870973,D,B,C,2024-09-06,1000000.00,4.081026,100.59345
08:03:33,912810UD8,TSRYS5870973,D,S,D,2024-09-06,1000000.00,4.081004,100.59375
08:03:33,912810UD8,TSRYS5870973,D,S,D,2024-09-06,1000000.00,4.081004,100.59375
08:03:34,912810UD8,TSRYS5870973,D,S,D,2024-09-06,2000000.00,4.081004,100.59375
08:03:34,912810UD8,TSRYS5870973,D,B,C,2024-09-06,2000000.00,4.081015,100.5936
08:03:34,912810UD8,TSRYS5870973,D,B,C,2024-09-06,1000000.00,4.081015,100.5936
08:03:36,912810UD8,TSRYS5870973,D,B,C,2024-09-06,1000000.00,4.077572,100.64045
08:03:36,912810UD8,TSRYS5870973,D,S,D,2024-09-06,1000000.00,4.077559,100.640625
08:03:36,912810UD8,TSRYS5870973,D,B,C,2024-09-06,1000000.00,4.077559,100.640625
08:03:37,912810UD8,TSRYS5870973,D,B,C,2024-09-06,1000000.00,4.077559,100.640625
08:03:37,912810UD8,TSRYS5870973,D,S,C,2024-09-06,1000000.00,4.077545,100.640825
08:03:37,912810UD8,TSRYS5870973,D,S,T,2024-09-06,1000000.00,4.075264,100.671875
08:03:37,912810UD8,TSRYS5870973,D,S,D,2024-09-06,1000000.00,4.077559,100.640625
08:03:37,912810UD8,TSRYS5870973,D,S,T,2024-09-06,1000000.00,4.075264,100.671875
08:03:37,912810UD8,TSRYS5870973,D,S,T,2024-09-06,1000000.00,4.075264,100.671875
08:03:38,912810UD8,TSRYS5870973,D,S,T,2024-09-06,1000000.00,4.075264,100.671875
08:03:38,912810UD8,TSRYS5870973,D,S,D,2024-09-06,1000000.00,4.075255,100.672005
08:03:38,912810UD8,TSRYS5870973,D,S,T,2024-09-06,1000000.00,4.075264,100.671875
08:03:38,912810UD8,TSRYS5870973,D,S,D,2024-09-06,1000000.00,4.075264,100.671875
08:03:38,912810UD8,TSRYS5870973,D,S,D,2024-09-06,1000000.00,4.075264,100.671875
08:03:38,912810UD8,TSRYS5870973,D,S,D,2024-09-06,1000000.00,4.075264,100.671875
08:03:38,912810UD8,TSRYS5870973,D,B,C,2024-09-06,1000000.00,4.075277,100.6717
08:03:38,912810UD8,TSRYS5870973,D,B,C,2024-09-06,2000000.00,4.075264,100.671875
08:03:38,912810UD8,TSRYS5870973,D,S,D,2024-09-06,1000000.00,4.075264,100.671875
08:03:38,912810UD8,TSRYS5870973,D,S,D,2024-09-06,2000000.00,4.075264,100.671875
08:03:38,912810UD8,TSRYS5870973,D,S,D,2024-09-06,1000000.00,4.075264,100.671875
08:03:38,912810UD8,TSRYS5870973,D,B,C,2024-09-06,1000000.00,4.075279,100.671675
08:03:38,912810UD8,TSRYS5870973,D,S,D,2024-09-06,1000000.00,4.075264,100.671875
08:03:38,912810UD8,TSRYS5870973,D,B,C,2024-09-06,1000000.00,4.075279,100.671675
08:03:38,912810UD8,TSRYS5870973,D,S,D,2024-09-06,1000000.00,4.075264,100.671875
08:03:38,912810UD8,TSRYS5870973,D,B,C,2024-09-06,1000000.00,4.075271,100.671775
08:03:38,912810UD8,TSRYS5870973,D,B,C,2024-09-06,1000000.00,4.075277,100.6717
08:03:38,912810UD8,TSRYS5870973,D,B,C,2024-09-06,2000000.00,4.075264,100.671875
08:03:38,912810UD8,TSRYS5870973,D,S,D,2024-09-06,1000000.00,4.080143,100.60546875
08:03:38,912810UD8,TSRYS5870973,D,S,D,2024-09-06,2000000.00,4.075264,100.671875
08:03:38,912810UD8,TSRYS5870973,D,B,C,2024-09-06,1000000.00,4.075264,100.671875
08:03:38,912810UD8,TSRYS5870973,D,S,D,2024-09-06,1000000.00,4.075264,100.671875
08:03:38,912810UD8,TSRYS5870973,D,S,D,2024-09-06,1000000.00,4.075264,100.671875
08:03:38,912810UD8,TSRYS5870973,D,B,C,2024-09-06,2000000.00,4.075264,100.671875
08:03:38,912810UD8,TSRYS5870973,D,S,D,2024-09-06,2000000.00,4.075264,100.671875
08:03:39,912810UD8,TSRYS5870973,D,S,C,2024-09-06,1000000.00,4.083302,100.5625
08:03:40,912810UD8,TSRYS5870973,D,S,C,2024-09-06,1000000.00,4.078693,100.6252
08:03:41,912810UD8,TSRYS5870973,D,B,A,2024-09-06,380000.00,4.087325,100.5078125
08:03:41,912810UD8,TSRYS5870973,D,S,D,2024-09-06,1000000.00,4.078696,100.625152
08:03:41,912810UD8,TSRYS5870973,D,B,C,2024-09-06,2000000.00,4.07873,100.6247
08:03:41,912810UD8,TSRYS5870973,D,S,D,2024-09-06,1000000.00,4.078696,100.625152
08:03:41,912810UD8,TSRYS5870973,D,B,C,2024-09-06,1000000.00,4.078708,100.625
08:03:41,912810UD8,TSRYS5870973,D,B,C,2024-09-06,1000000.00,4.078708,100.625
08:03:41,912810UD8,TSRYS5870973,D,S,D,2024-09-06,2000000.00,4.078696,100.625152
08:03:41,912810UD8,TSRYS5870973,D,S,D,2024-09-06,1000000.00,4.078708,100.625
08:03:41,912810UD8,TSRYS5870973,D,S,D,2024-09-06,1000000.00,4.078708,100.625
08:03:41,912810UD8,TSRYS5870973,D,S,D,2024-09-06,2000000.00,4.078708,100.625
08:03:41,912810UD8,TSRYS5870973,D,B,C,2024-09-06,2000000.00,4.078708,100.625
08:03:42,912810UD8,TSRYS5870973,D,B,C,2024-09-06,1000000.00,4.078708,100.625
08:03:42,912810UD8,TSRYS5870973,D,S,D,2024-09-06,1000000.00,4.078708,100.625
08:03:42,912810UD8,TSRYS5870973,D,B,C,2024-09-06,1000000.00,4.078719,100.62485
08:03:42,912810UD8,TSRYS5870973,D,S,C,2024-09-06,380000.00,4.087325,100.5078125
08:03:42,912810UD8,TSRYS5870973,D,S,A,2024-09-06,380000.00,4.087325,100.5078125
08:03:42,912810UD8,TSRYS5870973,D,B,C,2024-09-06,2000000.00,4.077559,100.640625
08:03:42,912810UD8,TSRYS5870973,D,S,D,2024-09-06,2000000.00,4.077559,100.640625
08:03:42,912810UD8,TSRYS5870973,D,B,A,2024-09-06,2000000.00,4.08043,100.6015625
08:03:42,912810UD8,TSRYS5870973,D,B,A,2024-09-06,1000000.00,4.079856,100.609375
08:03:42,912810UD8,TSRYS5870973,D,B,A,2024-09-06,1000000.00,4.079856,100.609375
08:03:42,912810UD8,TSRYS5870973,D,B,A,2024-09-06,1000000.00,4.079856,100.609375
08:03:42,912810UD8,TSRYS5870973,D,B,A,2024-09-06,1000000.00,4.08043,100.6015625
08:03:42,912810UD8,TSRYS5870973,D,B,A,2024-09-06,1000000.00,4.079856,100.609375
08:03:42,912810UD8,TSRYS5870973,D,B,A,2024-09-06,1000000.00,4.079856,100.609375
08:03:42,912810UD8,TSRYS5870973,D,S,T,2024-09-06,2000000.00,4.080286,100.60351563
08:03:42,912810UD8,TSRYS5870973,D,S,T,2024-09-06,1000000.00,4.080143,100.60546875
08:03:42,912810UD8,TSRYS5870973,D,B,A,2024-09-06,1000000.00,4.079856,100.609375
08:03:42,912810UD8,TSRYS5870973,D,S,T,2024-09-06,1000000.00,4.079869,100.609198
08:03:42,912810UD8,TSRYS5870973,D,B,A,2024-09-06,1000000.00,4.079856,100.609375
08:03:42,912810UD8,TSRYS5870973,D,B,A,2024-09-06,1000000.00,4.079856,100.609375
08:03:42,912810UD8,TSRYS5870973,D,S,T,2024-09-06,1000000.00,4.08043,100.6015625
08:03:42,912810UD8,TSRYS5870973,D,S,T,2024-09-06,1000000.00,4.079869,100.609198
08:03:42,912810UD8,TSRYS5870973,D,S,T,2024-09-06,1000000.00,4.079869,100.609198
08:03:42,912810UD8,TSRYS5870973,D,S,T,2024-09-06,1000000.00,4.079869,100.609198
08:03:43,912810UD8,TSRYS5870973,D,S,T,2024-09-06,1000000.00,4.079869,100.609198
08:03:43,912810UD8,TSRYS5870973,D,S,T,2024-09-06,1000000.00,4.079869,100.609198
08:03:43,912810UD8,TSRYS5870973,D,S,T,2024-09-06,1000000.00,4.079869,100.609198
08:03:43,912810UD8,TSRYS5870973,D,S,T,2024-09-06,1000000.00,4.079869,100.609198
08:03:43,912810UD8,TSRYS5870973,D,S,T,2024-09-06,2000000.00,4.079869,100.609198
08:03:43,912810UD8,TSRYS5870973,D,S,T,2024-09-06,1000000.00,4.080143,100.60546875
08:03:43,912810UD8,TSRYS5870973,D,S,T,2024-09-06,1000000.00,4.079869,100.609198
08:03:43,912810UD8,TSRYS5870973,D,S,T,2024-09-06,1000000.00,4.079869,100.609198
08:03:43,912810UD8,TSRYS5870973,D,B,A,2024-09-06,1000000.00,4.08043,100.6015625
08:03:43,912810UD8,TSRYS5870973,D,B,A,2024-09-06,1000000.00,4.08043,100.6015625
08:03:43,912810UD8,TSRYS5870973,D,B,A,2024-09-06,1000000.00,4.079856,100.609375
08:03:43,912810UD8,TSRYS5870973,D,S,T,2024-09-06,1000000.00,4.079869,100.609198
08:03:43,912810UD8,TSRYS5870973,D,B,A,2024-09-06,1000000.00,4.079856,100.609375
08:03:43,912810UD8,TSRYS5870973,D,B,A,2024-09-06,1000000.00,4.079856,100.609375
08:03:43,912810UD8,TSRYS5870973,D,B,A,2024-09-06,1000000.00,4.079856,100.609375
08:03:43,912810UD8,TSRYS5870973,D,B,A,2024-09-06,1000000.00,4.08043,100.6015625
08:03:43,912810UD8,TSRYS5870973,D,B,A,2024-09-06,2000000.00,4.079856,100.609375
08:03:43,912810UD8,TSRYS5870973,D,B,C,2024-09-06,1000000.00,4.075551,100.66796875
08:03:43,912810UD8,TSRYS5870973,D,S,D,2024-09-06,1000000.00,4.081435,100.587890625
08:03:43,912810UD8,TSRYS5870973,D,B,C,2024-09-06,1000000.00,4.074117,100.6875
08:03:43,912810UD8,TSRYS5870973,D,S,D,2024-09-06,1000000.00,4.074117,100.6875
08:03:43,912810UD8,TSRYS5870973,D,S,D,2024-09-06,1000000.00,4.074117,100.6875
08:03:43,912810UD8,TSRYS5870973,D,B,C,2024-09-06,1000000.00,4.074139,100.6872
08:03:43,912810UD8,TSRYS5870973,D,S,D,2024-09-06,1000000.00,4.074117,100.6875
08:03:44,912810UD8,TSRYS5870973,D,S,D,2024-09-06,1000000.00,4.074117,100.6875
08:03:44,912810UD8,TSRYS5870973,D,S,T,2024-09-06,1000000.00,4.07383,100.69140625
08:03:44,912810UD8,TSRYS5870973,D,S,T,2024-09-06,1000000.00,4.079869,100.609198
08:03:44,912810UD8,TSRYS5870973,D,S,T,2024-09-06,1000000.00,4.079999,100.60742188
08:03:44,912810UD8,TSRYS5870973,D,S,D,2024-09-06,1000000.00,4.077273,100.64453125
08:03:45,912810UD8,TSRYS5870973,D,B,C,2024-09-06,2000000.00,4.075551,100.66796875
08:03:45,912810UD8,TSRYS5870973,D,B,C,2024-09-06,2000000.00,4.075551,100.66796875
08:03:47,912810UD8,TSRYS5870973,D,S,T,2024-09-06,1000000.00,4.08675,100.515625
08:03:49,912810UD8,TSRYS5870973,D,S,D,2024-09-06,1000000.00,4.076412,100.65625
08:03:49,912810UD8,TSRYS5870973,D,B,C,2024-09-06,1000000.00,4.076428,100.656025
08:03:49,912810UD8,TSRYS5870973,D,B,C,2024-09-06,1000000.00,4.077559,100.640625
08:03:49,912810UD8,TSRYS5870973,D,S,D,2024-09-06,1000000.00,4.077559,100.640625
08:03:49,912810UD8,TSRYS5870973,D,B,C,2024-09-06,1000000.00,4.077559,100.640625
08:03:49,912810UD8,TSRYS5870973,D,S,C,2024-09-06,1000000.00,4.077545,100.640825
08:03:49,912810UD8,TSRYS5870973,D,S,C,2024-09-06,1000000.00,4.077545,100.640825
08:03:49,912810UD8,TSRYS5870973,D,B,C,2024-09-06,1000000.00,4.077559,100.640625
08:03:49,912810UD8,TSRYS5870973,D,B,C,2024-09-06,1000000.00,4.077559,100.640625
08:03:50,912810UD8,TSRYS5870973,D,S,D,2024-09-06,1000000.00,4.077559,100.640625
08:03:50,912810UD8,TSRYS5870973,D,B,C,2024-09-06,1000000.00,4.07873,100.6247
08:03:50,912810UD8,TSRYS5870973,D,S,D,2024-09-06,1000000.00,4.078708,100.625
08:03:50,912810UD8,TSRYS5870973,D,S,D,2024-09-06,1000000.00,4.078708,100.625
08:03:50,912810UD8,TSRYS5870973,D,B,C,2024-09-06,1000000.00,4.078708,100.625
08:03:50,912810UD8,TSRYS5870973,D,S,D,2024-09-06,1000000.00,4.078708,100.625
08:03:50,912810UD8,TSRYS5870973,D,B,C,2024-09-06,1000000.00,4.078708,100.625
08:03:50,912810UD8,TSRYS5870973,D,B,C,2024-09-06,1000000.00,4.079867,100.609225
08:03:50,912810UD8,TSRYS5870973,D,S,D,2024-09-06,1000000.00,4.079856,100.609375
08:03:55,912810UD8,TSRYS5870973,D,S,D,2024-09-06,1000000.00,4.079856,100.609375
08:03:55,912810UD8,TSRYS5870973,D,S,D,2024-09-06,1000000.00,4.079856,100.609375
08:03:55,912810UD8,TSRYS5870973,D,S,D,2024-09-06,1000000.00,4.079856,100.609375
08:03:55,912810UD8,TSRYS5870973,D,S,D,2024-09-06,1000000.00,4.079856,100.609375
08:03:55,912810UD8,TSRYS5870973,D,S,D,2024-09-06,1000000.00,4.079856,100.609375
08:03:55,912810UD8,TSRYS5870973,D,S,D,2024-09-06,1000000.00,4.079856,100.609375
08:03:55,912810UD8,TSRYS5870973,D,S,D,2024-09-06,1000000.00,4.079856,100.609375
08:03:55,912810UD8,TSRYS5870973,D,S,D,2024-09-06,1000000.00,4.079856,100.609375
08:03:55,912810UD8,TSRYS5870973,D,S,D,2024-09-06,1000000.00,4.079856,100.609375
08:03:55,912810UD8,TSRYS5870973,D,S,D,2024-09-06,2000000.00,4.079856,100.609375
08:03:55,912810UD8,TSRYS5870973,D,S,C,2024-09-06,1000000.00,4.079856,100.609375
08:03:55,912810UD8,TSRYS5870973,D,S,C,2024-09-06,1000000.00,4.079856,100.609375
08:03:55,912810UD8,TSRYS5870973,D,S,D,2024-09-06,1000000.00,4.079856,100.609375
08:03:57,912810UD8,TSRYS5870973,D,S,D,2024-09-06,1000000.00,4.081004,100.59375
08:03:57,912810UD8,TSRYS5870973,D,S,D,2024-09-06,1000000.00,4.081004,100.59375
08:03:58,912810UD8,TSRYS5870973,D,S,D,2024-09-06,1000000.00,4.082009,100.580078125
08:03:58,912810UD8,TSRYS5870973,D,S,D,2024-09-06,1000000.00,4.083302,100.5625
08:03:58,912810UD8,TSRYS5870973,D,S,D,2024-09-06,1000000.00,4.083302,100.5625
08:04:01,912810UD8,TSRYS5870973,D,S,D,2024-09-06,1000000.00,4.082143,100.578255
08:04:01,912810UD8,TSRYS5870973,D,S,D,2024-09-06,1000000.00,4.082143,100.578255
08:04:01,912810UD8,TSRYS5870973,D,S,D,2024-09-06,1000000.00,4.082143,100.578255
08:04:01,912810UD8,TSRYS5870973,D,S,D,2024-09-06,1000000.00,4.082143,100.578255
08:04:02,912810UD8,TSRYS5870973,D,S,D,2024-09-06,1000000.00,4.079712,100.611328125
08:04:04,912810UD8,TSRYS5870973,D,B,C,2024-09-06,1000000.00,4.078708,100.625
08:04:04,912810UD8,TSRYS5870973,D,S,D,2024-09-06,1000000.00,4.078708,100.625
08:04:06,912810UD8,TSRYS5870973,D,S,D,2024-09-06,1000000.00,4.077129,100.646484375
08:04:08,912810UD8,TSRYS5870973,D,S,D,2024-09-06,1000000.00,4.078708,100.625
08:04:12,912810UD8,TSRYS5870973,D,S,T,2024-09-06,1000000.00,4.074985,100.67568125
08:04:12,912810UD8,TSRYS5870973,D,S,T,2024-09-06,1000000.00,4.075121,100.673828125
08:04:12,912810UD8,TSRYS5870973,D,S,T,2024-09-06,1000000.00,4.075121,100.673828125
08:04:12,912810UD8,TSRYS5870973,D,S,T,2024-09-06,1000000.00,4.074834,100.677734375
08:04:12,912810UD8,TSRYS5870973,D,S,T,2024-09-06,1000000.00,4.07469,100.6796875
08:04:12,912810UD8,TSRYS5870973,D,S,T,2024-09-06,1000000.00,4.074834,100.677734375
08:04:12,912810UD8,TSRYS5870973,D,S,T,2024-09-06,1000000.00,4.075264,100.671875
08:04:12,912810UD8,TSRYS5870973,D,S,T,2024-09-06,1000000.00,4.075121,100.673828125
08:04:12,912810UD8,TSRYS5870973,D,S,T,2024-09-06,1000000.00,4.074977,100.67578125
08:04:13,912810UD8,TSRYS5870973,D,S,D,2024-09-06,1000000.00,4.078277,100.630859375
08:04:13,912810UD8,TSRYS5870973,D,S,D,2024-09-06,1000000.00,4.077703,100.638671875
08:04:14,912810UD8,TSRYS5870973,D,S,D,2024-09-06,1000000.00,4.077559,100.640625
08:04:14,912810UD8,TSRYS5870973,D,S,D,2024-09-06,1000000.00,4.077559,100.640625
08:04:14,912810UD8,TSRYS5870973,D,B,C,2024-09-06,1000000.00,4.077559,100.640625
08:04:14,912810UD8,TSRYS5870973,D,B,C,2024-09-06,1000000.00,4.077559,100.640625
08:04:14,912810UD8,TSRYS5870973,D,S,D,2024-09-06,1000000.00,4.077559,100.640625
08:04:14,912810UD8,TSRYS5870973,D,B,C,2024-09-06,1000000.00,4.077574,100.640425
08:04:14,912810UD8,TSRYS5870973,D,S,D,2024-09-06,1000000.00,4.077703,100.638671875
08:04:15,912810UD8,TSRYS5870973,D,S,T,2024-09-06,1000000.00,4.078708,100.625
08:04:15,912810UD8,TSRYS5870973,D,S,D,2024-09-06,500000.00,4.07211,100.71484375
08:04:21,912810UD8,TSRYS5870973,D,S,C,2024-09-06,30000000.00,4.078995,100.62109375
08:04:22,912810UD8,TSRYS5870973,D,S,D,2024-09-06,1000000.00,4.078708,100.625
08:04:23,912810UD8,TSRYS5870973,D,S,T,2024-09-06,1000000.00,4.073543,100.6953125
08:04:24,912810UD8,TSRYS5870973,D,S,T,2024-09-06,1000000.00,4.074117,100.6875
08:04:24,912810UD8,TSRYS5870973,D,S,A,2024-09-06,1973000.00,4.071536,100.72265625
08:04:24,912810UD8,TSRYS5870973,D,S,A,2024-09-06,1000000.00,4.073256,100.69921875
08:04:24,912810UD8,TSRYS5870973,D,B,C,2024-09-06,1000000.00,4.071823,100.71875
08:04:24,912810UD8,TSRYS5870973,D,S,D,2024-09-06,1000000.00,4.071823,100.71875
08:04:24,912810UD8,TSRYS5870973,D,S,T,2024-09-06,1000000.00,4.074117,100.6875
08:04:25,912810UD8,TSRYS5870973,D,S,T,2024-09-06,1000000.00,4.074117,100.6875
08:04:25,912810UD8,TSRYS5870973,D,S,T,2024-09-06,1000000.00,4.074117,100.6875
08:04:25,912810UD8,TSRYS5870973,D,S,T,2024-09-06,1000000.00,4.074117,100.6875
08:04:27,912810UD8,TSRYS5870973,D,S,D,2024-09-06,1000000.00,4.076397,100.65645
08:04:27,912810UD8,TSRYS5870973,D,B,C,2024-09-06,1000000.00,4.076425,100.656075
08:04:27,912810UD8,TSRYS5870973,D,S,D,2024-09-06,1000000.00,4.076412,100.65625
08:04:27,912810UD8,TSRYS5870973,D,B,C,2024-09-06,1000000.00,4.076425,100.656075
08:04:27,912810UD8,TSRYS5870973,D,S,D,2024-09-06,1000000.00,4.076397,100.65645
08:04:27,912810UD8,TSRYS5870973,D,S,D,2024-09-06,1000000.00,4.076397,100.65645
08:04:27,912810UD8,TSRYS5870973,D,S,C,2024-09-06,1000000.00,4.07297,100.703125
08:04:27,912810UD8,TSRYS5870973,D,S,D,2024-09-06,1000000.00,4.07297,100.703125
08:04:27,912810UD8,TSRYS5870973,D,S,D,2024-09-06,1000000.00,4.07297,100.703125
08:04:27,912810UD8,TSRYS5870973,D,S,D,2024-09-06,1000000.00,4.07297,100.703125
08:04:27,912810UD8,TSRYS5870973,D,B,C,2024-09-06,1000000.00,4.074117,100.6875
08:04:27,912810UD8,TSRYS5870973,D,S,D,2024-09-06,1000000.00,4.074117,100.6875
08:04:27,912810UD8,TSRYS5870973,D,S,D,2024-09-06,1000000.00,4.074117,100.6875
08:04:27,912810UD8,TSRYS5870973,D,B,C,2024-09-06,1000000.00,4.07413,100.687325
08:04:27,912810UD8,TSRYS5870973,D,B,C,2024-09-06,1000000.00,4.074131,100.6873
08:04:27,912810UD8,TSRYS5870973,D,S,D,2024-09-06,1000000.00,4.074117,100.6875
08:04:27,912810UD8,TSRYS5870973,D,B,C,2024-09-06,1000000.00,4.076428,100.656023
08:04:28,912810UD8,TSRYS5870973,D,S,D,2024-09-06,1000000.00,4.076412,100.65625
08:04:28,912810UD8,TSRYS5870973,D,B,C,2024-09-06,1000000.00,4.071823,100.71875
08:04:29,912810UD8,TSRYS5870973,D,S,D,2024-09-06,1000000.00,4.071823,100.71875
08:04:30,912810UD8,TSRYS5870973,D,S,T,2024-09-06,1000000.00,4.074117,100.6875
08:04:31,912810UD8,TSRYS5870973,D,S,C,2024-09-06,1000000.00,4.079841,100.609575
08:04:31,912810UD8,TSRYS5870973,D,S,D,2024-09-06,2000000.00,4.079856,100.609375
08:04:31,912810UD8,TSRYS5870973,D,B,C,2024-09-06,2000000.00,4.079878,100.609075
08:04:33,912810UD8,TSRYS5870973,D,S,D,2024-09-06,1000000.00,4.07297,100.703125
08:04:33,912810UD8,TSRYS5870973,D,B,C,2024-09-06,1000000.00,4.07297,100.703125
08:04:33,912810UD8,TSRYS5870973,D,S,C,2024-09-06,1000000.00,4.07297,100.703125
08:04:33,912810UD8,TSRYS5870973,D,B,C,2024-09-06,1000000.00,4.07297,100.703125
08:04:34,912810UD8,TSRYS5870973,D,S,T,2024-09-06,1000000.00,4.07297,100.703125
08:04:35,912810UD8,TSRYS5870973,D,S,T,2024-09-06,1000000.00,4.07297,100.703125
08:04:35,912810UD8,TSRYS5870973,D,S,T,2024-09-06,1000000.00,4.07297,100.703125
