tradeTime,cusip,issueSymbolIdentifier,priceType,reportingSideCode,contraPartyTypeCode,tradeDate,reportedTradeVolume,lastSaleYield,lastSalePrice
08:00:02,912810UD8,TSRYS5870973,D,S,T,2024-10-07,1000000.00,4.328679,97.30078125
08:00:02,912810UD8,TSRYS5870973,D,S,T,2024-10-07,1000000.00,4.328679,97.30078125
08:00:02,912810UD8,TSRYS5870973,D,S,T,2024-10-07,1000000.00,4.329731,97.287109375
08:00:02,912810UD8,TSRYS5870973,D,S,T,2024-10-07,1000000.00,4.332888,97.24609375
08:00:03,912810UD8,TSRYS5870973,D,S,D,2024-10-07,1000000.00,4.335294,97.21484375
08:00:03,912810UD8,TSRYS5870973,D,S,T,2024-10-07,1000000.00,4.335746,97.208984375
08:00:03,912810UD8,TSRYS5870973,D,S,D,2024-10-07,1000000.00,4.335595,97.2109375
08:00:03,912810UD8,TSRYS5870973,D,S,T,2024-10-07,1000000.00,4.335746,97.208984375
08:00:03,912810UD8,TSRYS5870973,D,S,T,2024-10-07,1000000.00,4.335746,97.208984375
08:00:03,912810UD8,TSRYS5870973,D,S,D,2024-10-07,1000000.00,4.334993,97.21875
08:00:03,912810UD8,TSRYS5870973,D,S,D,2024-10-07,1000000.00,4.334993,97.21875
08:00:03,912810UD8,TSRYS5870973,D,S,T,2024-10-07,1000000.00,4.321022,97.400390625
08:00:03,912810UD8,TSRYS5870973,D,S,T,2024-10-07,1000000.00,4.315772,97.46875
08:00:03,912810UD8,TSRYS5870973,D,S,T,2024-10-07,1000000.00,4.314873,97.48046875
08:00:03,912810UD8,TSRYS5870973,D,S,D,2024-10-07,1000000.00,4.313524,97.498046875
08:00:03,912810UD8,TSRYS5870973,D,S,D,2024-10-07,1000000.00,4.313524,97.498046875
08:00:03,912810UD8,TSRYS5870973,D,S,D,2024-10-07,1000000.00,4.314273,97.48828125
08:00:03,912810UD8,TSRYS5870973,D,S,T,2024-10-07,1000000.00,4.313824,97.494140625
08:00:03,912810UD8,TSRYS5870973,D,S,D,2024-10-07,1000000.00,4.313824,97.494140625
08:00:03,912810UD8,TSRYS5870973,D,S,T,2024-10-07,1000000.00,4.312925,97.505859375
08:00:03,912810UD8,TSRYS5870973,D,S,D,2024-10-07,1000000.00,4.312925,97.505859375
08:00:03,912810UD8,TSRYS5870973,D,S,D,2024-10-07,1000000.00,4.311876,97.51953125
08:00:03,912810UD8,TSRYS5870973,D,S,T,2024-10-07,1000000.00,4.311876,97.51953125
08:00:03,912810UD8,TSRYS5870973,D,S,T,2024-10-07,1000000.00,4.313674,97.49609375
08:00:03,912810UD8,TSRYS5870973,D,S,T,2024-10-07,1000000.00,4.313374,97.5
08:00:03,912810UD8,TSRYS5870973,D,S,T,2024-10-07,1000000.00,4.317422,97.447265625
08:00:03,912810UD8,TSRYS5870973,D,S,T,2024-10-07,1000000.00,4.319521,97.419921875
08:00:03,912810UD8,TSRYS5870973,D,S,T,2024-10-07,1000000.00,4.319521,97.419921875
08:00:03,912810UD8,TSRYS5870973,D,S,T,2024-10-07,1000000.00,4.321772,97.390625
08:00:03,912810UD8,TSRYS5870973,D,S,D,2024-10-07,1000000.00,4.322372,97.3828125
08:00:03,912810UD8,TSRYS5870973,D,S,T,2024-10-07,1000000.00,4.323423,97.369140625
08:00:03,912810UD8,TSRYS5870973,D,S,T,2024-10-07,1000000.00,4.331685,97.26171875
08:00:03,912810UD8,TSRYS5870973,D,S,D,2024-10-07,1000000.00,4.330483,97.27734375
08:00:03,912810UD8,TSRYS5870973,D,S,D,2024-10-07,1000000.00,4.330483,97.27734375
08:00:03,912810UD8,TSRYS5870973,D,S,T,2024-10-07,1000000.00,4.327928,97.310546875
08:00:03,912810UD8,TSRYS5870973,D,S,C,2024-10-07,1000.00,4.338574,97.672275
08:00:03,912810UD8,TSRYS5870973,D,S,A,2024-10-07,50000.00,4.338574,97.182275
08:00:03,912810UD8,TSRYS5870973,D,S,C,2024-10-07,5000.00,4.338574,97.272275
08:00:03,912810UD8,TSRYS5870973,D,S,D,2024-10-07,1000000.00,4.341615,97.1328125
08:00:03,912810UD8,TSRYS5870973,D,S,T,2024-10-07,1000000.00,4.343724,97.10546875
08:00:03,912810UD8,TSRYS5870973,D,S,T,2024-10-07,1000000.00,4.338454,97.173828125
08:00:03,912810UD8,TSRYS5870973,D,S,D,2024-10-07,1000000.00,4.338454,97.173828125
08:00:03,912810UD8,TSRYS5870973,D,S,T,2024-10-07,1000000.00,4.336648,97.197265625
08:00:03,912810UD8,TSRYS5870973,D,S,D,2024-10-07,1000000.00,4.332888,97.24609375
08:00:03,912810UD8,TSRYS5870973,D,S,D,2024-10-07,1000000.00,4.332888,97.24609375
08:00:03,912810UD8,TSRYS5870973,D,S,D,2024-10-07,1000000.00,4.332888,97.24609375
08:00:03,912810UD8,TSRYS5870973,D,S,T,2024-10-07,1000000.00,4.335746,97.208984375
08:00:03,912810UD8,TSRYS5870973,D,S,T,2024-10-07,1000000.00,4.334542,97.224609375
08:00:03,912810UD8,TSRYS5870973,D,S,D,2024-10-07,1000000.00,4.336648,97.197265625
08:00:03,912810UD8,TSRYS5870973,D,S,T,2024-10-07,1000000.00,4.336347,97.201171875
08:00:03,912810UD8,TSRYS5870973,D,S,D,2024-10-07,1000000.00,4.336347,97.201171875
08:00:03,912810UD8,TSRYS5870973,D,S,D,2024-10-07,1000000.00,4.342368,97.123046875
08:00:03,912810UD8,TSRYS5870973,D,S,D,2024-10-07,1000000.00,4.340712,97.14453125
08:00:03,912810UD8,TSRYS5870973,D,S,T,2024-10-07,1000000.00,4.341013,97.140625
08:00:03,912810UD8,TSRYS5870973,D,S,T,2024-10-07,1000000.00,4.340411,97.1484375
08:00:03,912810UD8,TSRYS5870973,D,S,T,2024-10-07,1000000.00,4.344779,97.091796875
08:00:03,912810UD8,TSRYS5870973,D,S,T,2024-10-07,1000000.00,4.34508,97.087890625
08:00:03,912810UD8,TSRYS5870973,D,S,D,2024-10-07,1000000.00,4.347642,97.0546875
08:00:03,912810UD8,TSRYS5870973,D,S,D,2024-10-07,1000000.00,4.347642,97.0546875
08:00:03,912810UD8,TSRYS5870973,D,S,D,2024-10-07,1000000.00,4.347642,97.0546875
08:00:03,912810UD8,TSRYS5870973,D,S,D,2024-10-07,1000000.00,4.347642,97.0546875
08:00:03,912810UD8,TSRYS5870973,D,S,T,2024-10-07,1000000.00,4.347793,97.052734375
08:00:03,912810UD8,TSRYS5870973,D,S,T,2024-10-07,1000000.00,4.347341,97.05859375
08:00:03,912810UD8,TSRYS5870973,D,S,T,2024-10-07,1000000.00,4.347341,97.05859375
08:00:03,912810UD8,TSRYS5870973,D,S,D,2024-10-07,1000000.00,4.347039,97.0625
08:00:03,912810UD8,TSRYS5870973,D,S,D,2024-10-07,1000000.00,4.347039,97.0625
08:00:03,912810UD8,TSRYS5870973,D,S,T,2024-10-07,1000000.00,4.337702,97.18359375
08:00:07,912810UD8,TSRYS5870973,D,S,C,2024-10-07,6000000.00,4.334693,97.22265625
08:00:07,912810UD8,TSRYS5870973,D,S,T,2024-10-07,1000000.00,4.321472,97.39453125
08:00:08,912810UD8,TSRYS5870973,D,S,C,2024-10-07,5000.00,4.315142,97.4769625
08:00:08,912810UD8,TSRYS5870973,D,S,C,2024-10-07,5000.00,4.316341,97.4613375
08:00:09,912810UD8,TSRYS5870973,D,S,A,2024-10-07,150000.00,4.335896,97.20703125
08:00:11,912810UD8,TSRYS5870973,D,S,T,2024-10-07,1000000.00,4.331385,97.265625
08:00:11,912810UD8,TSRYS5870973,D,S,T,2024-10-07,1000000.00,4.332587,97.25
08:00:11,912810UD8,TSRYS5870973,D,S,T,2024-10-07,1000000.00,4.320572,97.40625
08:00:11,912810UD8,TSRYS5870973,D,S,T,2024-10-07,1000000.00,4.320572,97.40625
08:00:11,912810UD8,TSRYS5870973,D,S,T,2024-10-07,1000000.00,4.321772,97.390625
08:00:11,912810UD8,TSRYS5870973,D,S,T,2024-10-07,1000000.00,4.321772,97.390625
08:00:11,912810UD8,TSRYS5870973,D,S,T,2024-10-07,1000000.00,4.319371,97.421875
08:00:12,912810UD8,TSRYS5870973,D,S,T,2024-10-07,1000000.00,4.332587,97.25
08:00:12,912810UD8,TSRYS5870973,D,S,D,2024-10-07,6000000.00,,97.22265625
08:00:12,912810UD8,TSRYS5870973,D,S,T,2024-10-07,1000000.00,4.342218,97.125
08:00:12,912810UD8,TSRYS5870973,D,S,D,2024-10-07,5000.00,,97.4769625
08:00:12,912810UD8,TSRYS5870973,D,S,D,2024-10-07,5000.00,,97.4613375
08:00:12,912810UD8,TSRYS5870973,D,S,T,2024-10-07,1000000.00,4.338605,97.171875
08:00:12,912810UD8,TSRYS5870973,D,S,T,2024-10-07,1000000.00,4.344628,97.09375
08:00:13,912810UD8,TSRYS5870973,D,S,T,2024-10-07,1000000.00,4.336197,97.203125
08:00:13,912810UD8,TSRYS5870973,D,S,T,2024-10-07,2000000.00,4.336197,97.203125
08:00:17,912810UD8,TSRYS5870973,D,B,C,2024-10-07,1000000.00,4.312175,97.515625
08:00:17,912810UD8,TSRYS5870973,D,S,C,2024-10-07,1000000.00,4.334993,97.21875
08:00:17,912810UD8,TSRYS5870973,D,S,C,2024-10-07,1000000.00,4.335294,97.21484375
08:00:17,912810UD8,TSRYS5870973,D,S,C,2024-10-07,1000000.00,4.334993,97.21875
08:00:17,912810UD8,TSRYS5870973,D,S,C,2024-10-07,1000000.00,4.334993,97.21875
08:00:17,912810UD8,TSRYS5870973,D,S,C,2024-10-07,1000000.00,4.334993,97.21875
08:00:17,912810UD8,TSRYS5870973,D,S,C,2024-10-07,1000000.00,4.334993,97.21875
08:00:17,912810UD8,TSRYS5870973,D,S,C,2024-10-07,20000.00,4.315772,97.46875
08:00:17,912810UD8,TSRYS5870973,D,S,C,2024-10-07,20000.00,4.316341,97.4613375
08:00:19,912810UD8,TSRYS5870973,D,S,C,2024-10-07,20000000.00,4.336197,97.203125
08:00:19,912810UD8,TSRYS5870973,D,B,A,2024-10-07,500000.00,4.318171,97.4375
08:00:22,912810UD8,TSRYS5870973,D,S,D,2024-10-07,20000.00,,97.46875
08:00:22,912810UD8,TSRYS5870973,D,S,D,2024-10-07,20000.00,,97.4613375
08:00:22,912810UD8,TSRYS5870973,D,S,A,2024-10-07,500000.00,4.322372,97.3828125
08:00:26,912810UD8,TSRYS5870973,D,S,A,2024-10-07,5000.00,4.315142,97.5769625
08:00:27,912810UD8,TSRYS5870973,D,S,T,2024-10-07,1000000.00,4.312175,97.515625
08:00:27,912810UD8,TSRYS5870973,D,B,A,2024-10-07,500000.00,4.316972,97.453125
08:00:27,912810UD8,TSRYS5870973,D,S,T,2024-10-07,1000000.00,4.313524,97.498046875
08:00:27,912810UD8,TSRYS5870973,D,S,T,2024-10-07,1000000.00,4.312775,97.5078125
08:00:27,912810UD8,TSRYS5870973,D,S,T,2024-10-07,1000000.00,4.312775,97.5078125
08:00:27,912810UD8,TSRYS5870973,D,S,T,2024-10-07,1000000.00,4.331385,97.265625
08:00:27,912810UD8,TSRYS5870973,D,S,T,2024-10-07,2000000.00,4.348094,97.048828125
08:00:28,912810UD8,TSRYS5870973,D,S,T,2024-10-07,1000000.00,4.337551,97.185546875
08:00:30,912810UD8,TSRYS5870973,D,S,T,2024-10-07,1000000.00,4.329731,97.287109375
08:00:30,912810UD8,TSRYS5870973,D,S,T,2024-10-07,1000000.00,4.329581,97.2890625
08:00:30,912810UD8,TSRYS5870973,D,S,T,2024-10-07,1000000.00,4.329581,97.2890625
08:00:30,912810UD8,TSRYS5870973,D,S,T,2024-10-07,1000000.00,4.334993,97.21875
08:00:30,912810UD8,TSRYS5870973,D,S,T,2024-10-07,1000000.00,4.332587,97.25
08:00:30,912810UD8,TSRYS5870973,D,S,T,2024-10-07,1000000.00,4.332587,97.25
08:00:30,912810UD8,TSRYS5870973,D,S,T,2024-10-07,1000000.00,4.332587,97.25
08:00:30,912810UD8,TSRYS5870973,D,S,T,2024-10-07,1000000.00,4.332587,97.25
08:00:30,912810UD8,TSRYS5870973,D,S,T,2024-10-07,1000000.00,4.334993,97.21875
08:00:30,912810UD8,TSRYS5870973,D,S,T,2024-10-07,1000000.00,4.334993,97.21875
08:00:30,912810UD8,TSRYS5870973,D,S,T,2024-10-07,1000000.00,4.334993,97.21875
08:00:30,912810UD8,TSRYS5870973,D,S,T,2024-10-07,1000000.00,4.334993,97.21875
08:00:30,912810UD8,TSRYS5870973,D,S,T,2024-10-07,1000000.00,4.334993,97.21875
08:00:30,912810UD8,TSRYS5870973,D,S,T,2024-10-07,1000000.00,4.334993,97.21875
08:00:30,912810UD8,TSRYS5870973,D,S,T,2024-10-07,1000000.00,4.334993,97.21875
08:00:30,912810UD8,TSRYS5870973,D,S,T,2024-10-07,1000000.00,4.334993,97.21875
08:00:30,912810UD8,TSRYS5870973,D,S,T,2024-10-07,1000000.00,4.334993,97.21875
08:00:30,912810UD8,TSRYS5870973,D,S,T,2024-10-07,1000000.00,4.334993,97.21875
08:00:30,912810UD8,TSRYS5870973,D,S,T,2024-10-07,1000000.00,4.334993,97.21875
08:00:30,912810UD8,TSRYS5870973,D,S,T,2024-10-07,1000000.00,4.334993,97.21875
08:00:30,912810UD8,TSRYS5870973,D,S,T,2024-10-07,1000000.00,4.335595,97.2109375
08:00:30,912810UD8,TSRYS5870973,D,S,T,2024-10-07,1000000.00,4.335595,97.2109375
08:00:30,912810UD8,TSRYS5870973,D,S,T,2024-10-07,1000000.00,4.335595,97.2109375
08:00:30,912810UD8,TSRYS5870973,D,S,T,2024-10-07,2000000.00,4.320572,97.40625
08:00:30,912810UD8,TSRYS5870973,D,S,T,2024-10-07,1000000.00,4.320572,97.40625
08:00:30,912810UD8,TSRYS5870973,D,S,T,2024-10-07,1000000.00,4.319371,97.421875
08:00:30,912810UD8,TSRYS5870973,D,S,T,2024-10-07,1000000.00,4.319371,97.421875
08:00:30,912810UD8,TSRYS5870973,D,S,T,2024-10-07,1000000.00,4.319371,97.421875
08:00:30,912810UD8,TSRYS5870973,D,S,T,2024-10-07,1000000.00,4.319371,97.421875
08:00:30,912810UD8,TSRYS5870973,D,S,T,2024-10-07,1000000.00,4.319371,97.421875
08:00:30,912810UD8,TSRYS5870973,D,S,T,2024-10-07,1000000.00,4.319371,97.421875
08:00:30,912810UD8,TSRYS5870973,D,S,T,2024-10-07,1000000.00,4.319371,97.421875
08:00:30,912810UD8,TSRYS5870973,D,S,T,2024-10-07,1000000.00,4.320572,97.40625
08:00:30,912810UD8,TSRYS5870973,D,S,T,2024-10-07,1000000.00,4.316072,97.46484375
08:00:30,912810UD8,TSRYS5870973,D,S,T,2024-10-07,1000000.00,4.315772,97.46875
08:00:30,912810UD8,TSRYS5870973,D,S,T,2024-10-07,1000000.00,4.315922,97.466796875
08:00:30,912810UD8,TSRYS5870973,D,S,T,2024-10-07,1000000.00,4.315772,97.46875
08:00:30,912810UD8,TSRYS5870973,D,S,T,2024-10-07,1000000.00,4.315772,97.46875
08:00:30,912810UD8,TSRYS5870973,D,S,T,2024-10-07,1000000.00,4.315772,97.46875
08:00:30,912810UD8,TSRYS5870973,D,S,T,2024-10-07,1000000.00,4.314573,97.484375
08:00:30,912810UD8,TSRYS5870973,D,S,T,2024-10-07,1000000.00,4.315772,97.46875
08:00:30,912810UD8,TSRYS5870973,D,S,C,2024-10-07,101000.00,4.320272,97.41015625
08:00:30,912810UD8,TSRYS5870973,D,S,T,2024-10-07,1000000.00,4.318171,97.4375
08:00:30,912810UD8,TSRYS5870973,D,S,T,2024-10-07,1000000.00,4.318171,97.4375
08:00:30,912810UD8,TSRYS5870973,D,S,T,2024-10-07,1000000.00,4.318171,97.4375
08:00:30,912810UD8,TSRYS5870973,D,S,T,2024-10-07,1000000.00,4.318171,97.4375
08:00:30,912810UD8,TSRYS5870973,D,S,T,2024-10-07,1000000.00,4.318171,97.4375
08:00:30,912810UD8,TSRYS5870973,D,S,T,2024-10-07,1000000.00,4.313374,97.5
08:00:30,912810UD8,TSRYS5870973,D,S,T,2024-10-07,2000000.00,4.313974,97.4921875
08:00:30,912810UD8,TSRYS5870973,D,S,T,2024-10-07,1000000.00,4.313974,97.4921875
08:00:30,912810UD8,TSRYS5870973,D,S,T,2024-10-07,1000000.00,4.313374,97.5
08:00:30,912810UD8,TSRYS5870973,D,S,T,2024-10-07,1000000.00,4.313374,97.5
08:00:30,912810UD8,TSRYS5870973,D,S,T,2024-10-07,1000000.00,4.313374,97.5
08:00:30,912810UD8,TSRYS5870973,D,S,T,2024-10-07,1000000.00,4.313374,97.5
08:00:30,912810UD8,TSRYS5870973,D,S,T,2024-10-07,1000000.00,4.312925,97.505859375
08:00:30,912810UD8,TSRYS5870973,D,S,T,2024-10-07,1000000.00,4.312775,97.5078125
08:00:30,912810UD8,TSRYS5870973,D,S,T,2024-10-07,1000000.00,4.311726,97.521484375
08:00:30,912810UD8,TSRYS5870973,D,S,T,2024-10-07,1000000.00,4.311426,97.525390625
08:00:30,912810UD8,TSRYS5870973,D,S,T,2024-10-07,1000000.00,4.311576,97.5234375
08:00:30,912810UD8,TSRYS5870973,D,S,T,2024-10-07,3000000.00,4.311426,97.525390625
08:00:30,912810UD8,TSRYS5870973,D,S,T,2024-10-07,1000000.00,4.312175,97.515625
08:00:30,912810UD8,TSRYS5870973,D,S,T,2024-10-07,1000000.00,4.312175,97.515625
08:00:30,912810UD8,TSRYS5870973,D,S,T,2024-10-07,1000000.00,4.312175,97.515625
08:00:30,912810UD8,TSRYS5870973,D,S,T,2024-10-07,1000000.00,4.312175,97.515625
08:00:30,912810UD8,TSRYS5870973,D,S,T,2024-10-07,1000000.00,4.312175,97.515625
08:00:30,912810UD8,TSRYS5870973,D,S,T,2024-10-07,2000000.00,4.313374,97.5
08:00:30,912810UD8,TSRYS5870973,D,S,T,2024-10-07,2000000.00,4.313374,97.5
08:00:30,912810UD8,TSRYS5870973,D,S,T,2024-10-07,1000000.00,4.313374,97.5
08:00:30,912810UD8,TSRYS5870973,D,S,T,2024-10-07,1000000.00,4.313374,97.5
08:00:30,912810UD8,TSRYS5870973,D,S,T,2024-10-07,1000000.00,4.313374,97.5
08:00:30,912810UD8,TSRYS5870973,D,S,T,2024-10-07,1000000.00,4.313374,97.5
08:00:30,912810UD8,TSRYS5870973,D,S,T,2024-10-07,1000000.00,4.312925,97.505859375
08:00:30,912810UD8,TSRYS5870973,D,S,T,2024-10-07,1000000.00,4.312775,97.5078125
08:00:30,912810UD8,TSRYS5870973,D,S,T,2024-10-07,1000000.00,4.312775,97.5078125
08:00:30,912810UD8,TSRYS5870973,D,S,T,2024-10-07,1000000.00,4.314573,97.484375
08:00:30,912810UD8,TSRYS5870973,D,S,T,2024-10-07,2000000.00,4.314573,97.484375
08:00:30,912810UD8,TSRYS5870973,D,S,T,2024-10-07,1000000.00,4.316972,97.453125
08:00:30,912810UD8,TSRYS5870973,D,S,T,2024-10-07,1000000.00,4.316972,97.453125
08:00:30,912810UD8,TSRYS5870973,D,S,T,2024-10-07,1000000.00,4.316972,97.453125
08:00:30,912810UD8,TSRYS5870973,D,S,T,2024-10-07,1000000.00,4.316972,97.453125
08:00:30,912810UD8,TSRYS5870973,D,S,T,2024-10-07,1000000.00,4.316972,97.453125
08:00:30,912810UD8,TSRYS5870973,D,S,T,2024-10-07,1000000.00,4.316972,97.453125
08:00:30,912810UD8,TSRYS5870973,D,S,T,2024-10-07,1000000.00,4.318171,97.4375
08:00:30,912810UD8,TSRYS5870973,D,S,T,2024-10-07,1000000.00,4.318171,97.4375
08:00:30,912810UD8,TSRYS5870973,D,S,T,2024-10-07,1000000.00,4.318171,97.4375
08:00:30,912810UD8,TSRYS5870973,D,S,T,2024-10-07,1000000.00,4.318171,97.4375
08:00:30,912810UD8,TSRYS5870973,D,S,T,2024-10-07,1000000.00,4.319371,97.421875
08:00:30,912810UD8,TSRYS5870973,D,S,T,2024-10-07,1000000.00,4.319371,97.421875
08:00:31,912810UD8,TSRYS5870973,D,S,T,2024-10-07,1000000.00,4.319371,97.421875
08:00:31,912810UD8,TSRYS5870973,D,S,T,2024-10-07,1000000.00,4.320572,97.40625
08:00:31,912810UD8,TSRYS5870973,D,S,T,2024-10-07,1000000.00,4.320572,97.40625
08:00:31,912810UD8,TSRYS5870973,D,S,T,2024-10-07,1000000.00,4.320572,97.40625
08:00:31,912810UD8,TSRYS5870973,D,S,T,2024-10-07,1000000.00,4.320572,97.40625
08:00:31,912810UD8,TSRYS5870973,D,S,T,2024-10-07,1000000.00,4.320572,97.40625
08:00:31,912810UD8,TSRYS5870973,D,S,T,2024-10-07,1000000.00,4.320572,97.40625
08:00:31,912810UD8,TSRYS5870973,D,S,T,2024-10-07,1000000.00,4.320572,97.40625
08:00:31,912810UD8,TSRYS5870973,D,S,T,2024-10-07,1000000.00,4.320572,97.40625
08:00:31,912810UD8,TSRYS5870973,D,S,T,2024-10-07,1000000.00,4.320572,97.40625
08:00:31,912810UD8,TSRYS5870973,D,S,T,2024-10-07,1000000.00,4.320572,97.40625
08:00:31,912810UD8,TSRYS5870973,D,S,T,2024-10-07,1000000.00,4.320572,97.40625
08:00:31,912810UD8,TSRYS5870973,D,S,T,2024-10-07,1000000.00,4.321172,97.3984375
08:00:31,912810UD8,TSRYS5870973,D,S,T,2024-10-07,1000000.00,4.321172,97.3984375
08:00:31,912810UD8,TSRYS5870973,D,S,T,2024-10-07,1000000.00,4.321172,97.3984375
08:00:31,912810UD8,TSRYS5870973,D,S,T,2024-10-07,1000000.00,4.321172,97.3984375
08:00:31,912810UD8,TSRYS5870973,D,S,T,2024-10-07,1000000.00,4.321772,97.390625
08:00:31,912810UD8,TSRYS5870973,D,S,T,2024-10-07,1000000.00,4.321772,97.390625
08:00:31,912810UD8,TSRYS5870973,D,S,T,2024-10-07,1000000.00,4.321772,97.390625
08:00:31,912810UD8,TSRYS5870973,D,S,T,2024-10-07,2000000.00,4.321172,97.3984375
08:00:31,912810UD8,TSRYS5870973,D,S,T,2024-10-07,3000000.00,4.321772,97.390625
08:00:31,912810UD8,TSRYS5870973,D,S,T,2024-10-07,3000000.00,4.321772,97.390625
08:00:31,912810UD8,TSRYS5870973,D,S,T,2024-10-07,1000000.00,4.322973,97.375
08:00:31,912810UD8,TSRYS5870973,D,S,T,2024-10-07,1000000.00,4.322973,97.375
08:00:31,912810UD8,TSRYS5870973,D,S,T,2024-10-07,1000000.00,4.321772,97.390625
08:00:31,912810UD8,TSRYS5870973,D,S,T,2024-10-07,1000000.00,4.324174,97.359375
08:00:31,912810UD8,TSRYS5870973,D,S,T,2024-10-07,1000000.00,4.326576,97.328125
08:00:31,912810UD8,TSRYS5870973,D,S,T,2024-10-07,1000000.00,4.32898,97.296875
08:00:31,912810UD8,TSRYS5870973,D,S,T,2024-10-07,1000000.00,4.330182,97.28125
08:00:31,912810UD8,TSRYS5870973,D,S,T,2024-10-07,1000000.00,4.330182,97.28125
08:00:31,912810UD8,TSRYS5870973,D,S,T,2024-10-07,1000000.00,4.331385,97.265625
08:00:31,912810UD8,TSRYS5870973,D,S,T,2024-10-07,1000000.00,4.331385,97.265625
08:00:31,912810UD8,TSRYS5870973,D,S,T,2024-10-07,1000000.00,4.331385,97.265625
08:00:31,912810UD8,TSRYS5870973,D,S,T,2024-10-07,1000000.00,4.331385,97.265625
08:00:31,912810UD8,TSRYS5870973,D,S,T,2024-10-07,1000000.00,4.331385,97.265625
08:00:31,912810UD8,TSRYS5870973,D,S,T,2024-10-07,1000000.00,4.331385,97.265625
08:00:31,912810UD8,TSRYS5870973,D,S,T,2024-10-07,1000000.00,4.331385,97.265625
08:00:31,912810UD8,TSRYS5870973,D,S,T,2024-10-07,1000000.00,4.331385,97.265625
08:00:31,912810UD8,TSRYS5870973,D,S,T,2024-10-07,1000000.00,4.331385,97.265625
08:00:31,912810UD8,TSRYS5870973,D,S,T,2024-10-07,1000000.00,4.331385,97.265625
08:00:31,912810UD8,TSRYS5870973,D,S,T,2024-10-07,1000000.00,4.331385,97.265625
08:00:31,912810UD8,TSRYS5870973,D,S,T,2024-10-07,1000000.00,4.331385,97.265625
08:00:31,912810UD8,TSRYS5870973,D,S,T,2024-10-07,1000000.00,4.331986,97.2578125
08:00:31,912810UD8,TSRYS5870973,D,S,T,2024-10-07,1000000.00,4.331836,97.259765625
08:00:31,912810UD8,TSRYS5870973,D,S,T,2024-10-07,1000000.00,4.331685,97.26171875
08:00:31,912810UD8,TSRYS5870973,D,S,T,2024-10-07,1000000.00,4.331535,97.263671875
08:00:31,912810UD8,TSRYS5870973,D,S,T,2024-10-07,1000000.00,4.331385,97.265625
08:00:31,912810UD8,TSRYS5870973,D,S,T,2024-10-07,1000000.00,4.331385,97.265625
08:00:31,912810UD8,TSRYS5870973,D,S,T,2024-10-07,1000000.00,4.331385,97.265625
08:00:31,912810UD8,TSRYS5870973,D,S,T,2024-10-07,1000000.00,4.331385,97.265625
08:00:31,912810UD8,TSRYS5870973,D,S,T,2024-10-07,1000000.00,4.331385,97.265625
08:00:31,912810UD8,TSRYS5870973,D,S,T,2024-10-07,1000000.00,4.331385,97.265625
08:00:31,912810UD8,TSRYS5870973,D,S,T,2024-10-07,1000000.00,4.331385,97.265625
08:00:31,912810UD8,TSRYS5870973,D,S,T,2024-10-07,1000000.00,4.331385,97.265625
08:00:31,912810UD8,TSRYS5870973,D,S,T,2024-10-07,1000000.00,4.331385,97.265625
08:00:31,912810UD8,TSRYS5870973,D,S,T,2024-10-07,1000000.00,4.331385,97.265625
08:00:31,912810UD8,TSRYS5870973,D,S,T,2024-10-07,1000000.00,4.331385,97.265625
08:00:31,912810UD8,TSRYS5870973,D,S,T,2024-10-07,1000000.00,4.332587,97.25
08:00:31,912810UD8,TSRYS5870973,D,S,T,2024-10-07,1000000.00,4.33379,97.234375
08:00:31,912810UD8,TSRYS5870973,D,S,T,2024-10-07,1000000.00,4.33379,97.234375
08:00:31,912810UD8,TSRYS5870973,D,S,T,2024-10-07,1000000.00,4.33379,97.234375
08:00:31,912810UD8,TSRYS5870973,D,S,T,2024-10-07,1000000.00,4.33379,97.234375
08:00:31,912810UD8,TSRYS5870973,D,S,T,2024-10-07,1000000.00,4.334993,97.21875
08:00:31,912810UD8,TSRYS5870973,D,S,T,2024-10-07,1000000.00,4.334993,97.21875
08:00:31,912810UD8,TSRYS5870973,D,S,T,2024-10-07,1000000.00,4.331385,97.265625
08:00:31,912810UD8,TSRYS5870973,D,S,T,2024-10-07,1000000.00,4.331385,97.265625
08:00:31,912810UD8,TSRYS5870973,D,S,T,2024-10-07,3000000.00,4.331385,97.265625
08:00:31,912810UD8,TSRYS5870973,D,S,T,2024-10-07,1000000.00,4.331385,97.265625
08:00:31,912810UD8,TSRYS5870973,D,S,T,2024-10-07,2000000.00,4.331385,97.265625
08:00:31,912810UD8,TSRYS5870973,D,S,T,2024-10-07,1000000.00,4.331385,97.265625
08:00:31,912810UD8,TSRYS5870973,D,S,T,2024-10-07,1000000.00,4.327928,97.310546875
08:00:31,912810UD8,TSRYS5870973,D,S,T,2024-10-07,1000000.00,4.336197,97.203125
08:00:31,912810UD8,TSRYS5870973,D,S,T,2024-10-07,1000000.00,4.336197,97.203125
08:00:31,912810UD8,TSRYS5870973,D,S,T,2024-10-07,1000000.00,4.336197,97.203125
08:00:32,912810UD8,TSRYS5870973,D,S,T,2024-10-07,1000000.00,4.342218,97.125
08:00:32,912810UD8,TSRYS5870973,D,S,T,2024-10-07,1000000.00,4.342519,97.12109375
08:00:32,912810UD8,TSRYS5870973,D,S,T,2024-10-07,1000000.00,4.342368,97.123046875
08:00:32,912810UD8,TSRYS5870973,D,S,T,2024-10-07,1000000.00,4.343423,97.109375
08:00:32,912810UD8,TSRYS5870973,D,S,T,2024-10-07,1000000.00,4.342218,97.125
08:00:32,912810UD8,TSRYS5870973,D,S,T,2024-10-07,1000000.00,4.336347,97.201171875
08:00:32,912810UD8,TSRYS5870973,D,S,T,2024-10-07,1000000.00,4.336949,97.193359375
08:00:32,912810UD8,TSRYS5870973,D,S,T,2024-10-07,2000000.00,4.341013,97.140625
08:00:32,912810UD8,TSRYS5870973,D,S,T,2024-10-07,2000000.00,4.341013,97.140625
08:00:32,912810UD8,TSRYS5870973,D,S,T,2024-10-07,1000000.00,4.343423,97.109375
08:00:32,912810UD8,TSRYS5870973,D,S,T,2024-10-07,1000000.00,4.343423,97.109375
08:00:32,912810UD8,TSRYS5870973,D,S,T,2024-10-07,1000000.00,4.342218,97.125
08:00:32,912810UD8,TSRYS5870973,D,S,T,2024-10-07,1000000.00,4.341164,97.138671875
08:00:32,912810UD8,TSRYS5870973,D,S,D,2024-10-07,1000000.00,4.341314,97.13671875
08:00:32,912810UD8,TSRYS5870973,D,S,T,2024-10-07,1000000.00,4.341013,97.140625
08:00:32,912810UD8,TSRYS5870973,D,S,T,2024-10-07,1000000.00,4.341615,97.1328125
08:00:32,912810UD8,TSRYS5870973,D,S,T,2024-10-07,1000000.00,4.344628,97.09375
08:00:32,912810UD8,TSRYS5870973,D,S,T,2024-10-07,1000000.00,4.344628,97.09375
08:00:32,912810UD8,TSRYS5870973,D,S,T,2024-10-07,1000000.00,4.344628,97.09375
08:00:32,912810UD8,TSRYS5870973,D,S,T,2024-10-07,1000000.00,4.344628,97.09375
08:00:32,912810UD8,TSRYS5870973,D,S,T,2024-10-07,1000000.00,4.344628,97.09375
08:00:32,912810UD8,TSRYS5870973,D,S,T,2024-10-07,1000000.00,4.347039,97.0625
08:00:32,912810UD8,TSRYS5870973,D,S,T,2024-10-07,1000000.00,4.348245,97.046875
08:00:33,912810UD8,TSRYS5870973,D,S,T,2024-10-07,2000000.00,4.347039,97.0625
08:00:33,912810UD8,TSRYS5870973,D,S,T,2024-10-07,2000000.00,4.347039,97.0625
08:00:33,912810UD8,TSRYS5870973,D,S,T,2024-10-07,1000000.00,4.342218,97.125
08:00:33,912810UD8,TSRYS5870973,D,S,T,2024-10-07,1000000.00,4.339809,97.15625
08:00:33,912810UD8,TSRYS5870973,D,S,T,2024-10-07,1000000.00,4.339809,97.15625
08:00:33,912810UD8,TSRYS5870973,D,S,D,2024-10-07,1000000.00,4.340712,97.14453125
08:00:33,912810UD8,TSRYS5870973,D,S,T,2024-10-07,1000000.00,4.334993,97.21875
08:00:33,912810UD8,TSRYS5870973,D,S,T,2024-10-07,2000000.00,4.334993,97.21875
08:00:33,912810UD8,TSRYS5870973,D,S,T,2024-10-07,1000000.00,4.338605,97.171875
08:00:33,912810UD8,TSRYS5870973,D,S,T,2024-10-07,1000000.00,4.339809,97.15625
08:00:33,912810UD8,TSRYS5870973,D,S,T,2024-10-07,1000000.00,4.339809,97.15625
08:00:33,912810UD8,TSRYS5870973,D,S,T,2024-10-07,1000000.00,4.339809,97.15625
08:00:33,912810UD8,TSRYS5870973,D,S,T,2024-10-07,1000000.00,4.339809,97.15625
08:00:33,912810UD8,TSRYS5870973,D,S,T,2024-10-07,1000000.00,4.339809,97.15625
08:00:33,912810UD8,TSRYS5870973,D,S,T,2024-10-07,3000000.00,4.338605,97.171875
08:00:33,912810UD8,TSRYS5870973,D,S,T,2024-10-07,1000000.00,4.338003,97.1796875
08:00:33,912810UD8,TSRYS5870973,D,S,T,2024-10-07,1000000.00,4.337702,97.18359375
08:00:33,912810UD8,TSRYS5870973,D,S,T,2024-10-07,1000000.00,4.337852,97.181640625
08:00:33,912810UD8,TSRYS5870973,D,S,T,2024-10-07,1000000.00,4.337551,97.185546875
08:00:33,912810UD8,TSRYS5870973,D,S,T,2024-10-07,1000000.00,4.337401,97.1875
08:00:33,912810UD8,TSRYS5870973,D,S,T,2024-10-07,1000000.00,4.338755,97.169921875
08:00:33,912810UD8,TSRYS5870973,D,S,T,2024-10-07,1000000.00,4.338605,97.171875
08:00:33,912810UD8,TSRYS5870973,D,S,T,2024-10-07,1000000.00,4.338605,97.171875
08:00:33,912810UD8,TSRYS5870973,D,S,T,2024-10-07,1000000.00,4.339809,97.15625
08:00:33,912810UD8,TSRYS5870973,D,S,T,2024-10-07,1000000.00,4.340561,97.146484375
08:00:33,912810UD8,TSRYS5870973,D,S,T,2024-10-07,1000000.00,4.339809,97.15625
08:00:33,912810UD8,TSRYS5870973,D,S,T,2024-10-07,2000000.00,4.339809,97.15625
08:00:33,912810UD8,TSRYS5870973,D,S,T,2024-10-07,3000000.00,4.339809,97.15625
08:00:33,912810UD8,TSRYS5870973,D,S,T,2024-10-07,1000000.00,4.338605,97.171875
08:00:33,912810UD8,TSRYS5870973,D,S,T,2024-10-07,1000000.00,4.338605,97.171875
08:00:33,912810UD8,TSRYS5870973,D,S,T,2024-10-07,1000000.00,4.338605,97.171875
08:00:33,912810UD8,TSRYS5870973,D,S,T,2024-10-07,1000000.00,4.337401,97.1875
08:00:33,912810UD8,TSRYS5870973,D,S,T,2024-10-07,1000000.00,4.337401,97.1875
08:00:33,912810UD8,TSRYS5870973,D,S,T,2024-10-07,1000000.00,4.337401,97.1875
08:00:33,912810UD8,TSRYS5870973,D,S,T,2024-10-07,1000000.00,4.337401,97.1875
08:00:33,912810UD8,TSRYS5870973,D,S,T,2024-10-07,1000000.00,4.337401,97.1875
08:00:33,912810UD8,TSRYS5870973,D,S,T,2024-10-07,1000000.00,4.337401,97.1875
08:00:33,912810UD8,TSRYS5870973,D,S,T,2024-10-07,1000000.00,4.337401,97.1875
08:00:33,912810UD8,TSRYS5870973,D,S,T,2024-10-07,1000000.00,4.338605,97.171875
08:00:33,912810UD8,TSRYS5870973,D,S,T,2024-10-07,1000000.00,4.338605,97.171875
08:00:33,912810UD8,TSRYS5870973,D,S,D,2024-10-07,1000000.00,4.330633,97.275390625
08:00:33,912810UD8,TSRYS5870973,D,S,D,2024-10-07,1000000.00,4.313974,97.4921875
08:00:33,912810UD8,TSRYS5870973,D,S,D,2024-10-07,1000000.00,4.313824,97.494140625
08:00:33,912810UD8,TSRYS5870973,D,S,D,2024-10-07,1000000.00,4.313674,97.49609375
08:00:33,912810UD8,TSRYS5870973,D,S,D,2024-10-07,1000000.00,4.313374,97.5
08:00:33,912810UD8,TSRYS5870973,D,S,D,2024-10-07,1000000.00,4.313374,97.5
08:00:34,912810UD8,TSRYS5870973,D,S,D,2024-10-07,1000000.00,4.341615,97.1328125
08:00:34,912810UD8,TSRYS5870973,D,S,D,2024-10-07,1000000.00,4.312175,97.515625
08:00:34,912810UD8,TSRYS5870973,D,S,D,2024-10-07,1000000.00,4.336648,97.197265625
08:00:34,912810UD8,TSRYS5870973,D,S,D,2024-10-07,1000000.00,4.336648,97.197265625
08:00:34,912810UD8,TSRYS5870973,D,S,D,2024-10-07,1000000.00,4.336648,97.197265625
08:00:34,912810UD8,TSRYS5870973,D,S,T,2024-10-07,1000000.00,4.332587,97.25
08:00:34,912810UD8,TSRYS5870973,D,S,T,2024-10-07,1000000.00,4.334241,97.228515625
08:00:34,912810UD8,TSRYS5870973,D,S,T,2024-10-07,1000000.00,4.334091,97.23046875
08:00:34,912810UD8,TSRYS5870973,D,S,T,2024-10-07,1000000.00,4.333941,97.232421875
08:00:34,912810UD8,TSRYS5870973,D,S,T,2024-10-07,1000000.00,4.333941,97.232421875
08:00:34,912810UD8,TSRYS5870973,D,S,T,2024-10-07,1000000.00,4.33379,97.234375
08:00:34,912810UD8,TSRYS5870973,D,S,T,2024-10-07,1000000.00,4.334993,97.21875
08:00:34,912810UD8,TSRYS5870973,D,S,T,2024-10-07,1000000.00,4.334993,97.21875
08:00:34,912810UD8,TSRYS5870973,D,S,T,2024-10-07,1000000.00,4.334993,97.21875
08:00:34,912810UD8,TSRYS5870973,D,S,T,2024-10-07,1000000.00,4.334993,97.21875
08:00:34,912810UD8,TSRYS5870973,D,S,T,2024-10-07,1000000.00,4.334993,97.21875
08:00:34,912810UD8,TSRYS5870973,D,S,T,2024-10-07,1000000.00,4.334993,97.21875
08:00:34,912810UD8,TSRYS5870973,D,S,D,2024-10-07,1000000.00,4.312175,97.515625
08:00:34,912810UD8,TSRYS5870973,D,S,T,2024-10-07,1000000.00,4.334993,97.21875
08:00:34,912810UD8,TSRYS5870973,D,S,T,2024-10-07,1000000.00,4.321622,97.392578125
08:00:34,912810UD8,TSRYS5870973,D,S,T,2024-10-07,1000000.00,4.317872,97.44140625
08:00:34,912810UD8,TSRYS5870973,D,S,T,2024-10-07,1000000.00,4.314573,97.484375
08:00:34,912810UD8,TSRYS5870973,D,S,T,2024-10-07,1000000.00,4.314423,97.486328125
08:00:34,912810UD8,TSRYS5870973,D,S,T,2024-10-07,1000000.00,4.314273,97.48828125
08:00:34,912810UD8,TSRYS5870973,D,S,T,2024-10-07,1000000.00,4.314123,97.490234375
08:00:34,912810UD8,TSRYS5870973,D,S,T,2024-10-07,1000000.00,4.313974,97.4921875
08:00:34,912810UD8,TSRYS5870973,D,S,T,2024-10-07,1000000.00,4.313374,97.5
08:00:34,912810UD8,TSRYS5870973,D,S,T,2024-10-07,1000000.00,4.312775,97.5078125
08:00:34,912810UD8,TSRYS5870973,D,S,T,2024-10-07,1000000.00,4.311726,97.521484375
08:00:34,912810UD8,TSRYS5870973,D,S,T,2024-10-07,1000000.00,4.311576,97.5234375
08:00:34,912810UD8,TSRYS5870973,D,S,T,2024-10-07,1000000.00,4.311426,97.525390625
08:00:34,912810UD8,TSRYS5870973,D,S,T,2024-10-07,1000000.00,4.320572,97.40625
08:00:34,912810UD8,TSRYS5870973,D,S,T,2024-10-07,1000000.00,4.320572,97.40625
08:00:34,912810UD8,TSRYS5870973,D,S,T,2024-10-07,1000000.00,4.321172,97.3984375
08:00:34,912810UD8,TSRYS5870973,D,S,T,2024-10-07,1000000.00,4.321172,97.3984375
08:00:34,912810UD8,TSRYS5870973,D,S,T,2024-10-07,1000000.00,4.321172,97.3984375
08:00:34,912810UD8,TSRYS5870973,D,S,T,2024-10-07,1000000.00,4.321172,97.3984375
08:00:34,912810UD8,TSRYS5870973,D,S,T,2024-10-07,1000000.00,4.321322,97.396484375
08:00:34,912810UD8,TSRYS5870973,D,S,T,2024-10-07,1000000.00,4.322823,97.376953125
08:00:34,912810UD8,TSRYS5870973,D,S,T,2024-10-07,2000000.00,4.323423,97.369140625
08:00:34,912810UD8,TSRYS5870973,D,S,T,2024-10-07,1000000.00,4.322673,97.37890625
08:00:34,912810UD8,TSRYS5870973,D,S,T,2024-10-07,1000000.00,4.322372,97.3828125
08:00:34,912810UD8,TSRYS5870973,D,S,T,2024-10-07,2000000.00,4.323573,97.3671875
08:00:34,912810UD8,TSRYS5870973,D,S,T,2024-10-07,2000000.00,4.331385,97.265625
08:00:34,912810UD8,TSRYS5870973,D,S,T,2024-10-07,3000000.00,4.331385,97.265625
08:00:34,912810UD8,TSRYS5870973,D,S,T,2024-10-07,1000000.00,4.331385,97.265625
08:00:34,912810UD8,TSRYS5870973,D,S,T,2024-10-07,1000000.00,4.331385,97.265625
08:00:34,912810UD8,TSRYS5870973,D,S,T,2024-10-07,1000000.00,4.331385,97.265625
08:00:34,912810UD8,TSRYS5870973,D,S,D,2024-10-07,1000000.00,4.313374,97.5
08:00:34,912810UD8,TSRYS5870973,D,S,D,2024-10-07,1000000.00,4.313374,97.5
08:00:34,912810UD8,TSRYS5870973,D,S,T,2024-10-07,1000000.00,4.334542,97.224609375
08:00:34,912810UD8,TSRYS5870973,D,S,T,2024-10-07,1000000.00,4.336498,97.19921875
08:00:34,912810UD8,TSRYS5870973,D,S,T,2024-10-07,1000000.00,4.336347,97.201171875
08:00:34,912810UD8,TSRYS5870973,D,S,T,2024-10-07,1000000.00,4.340712,97.14453125
08:00:34,912810UD8,TSRYS5870973,D,S,T,2024-10-07,1000000.00,4.340561,97.146484375
08:00:34,912810UD8,TSRYS5870973,D,S,T,2024-10-07,1000000.00,4.347039,97.0625
08:00:34,912810UD8,TSRYS5870973,D,S,T,2024-10-07,2000000.00,4.348094,97.048828125
08:00:34,912810UD8,TSRYS5870973,D,S,T,2024-10-07,4000000.00,4.348094,97.048828125
08:00:34,912810UD8,TSRYS5870973,D,S,T,2024-10-07,5000000.00,4.348094,97.048828125
08:00:34,912810UD8,TSRYS5870973,D,S,T,2024-10-07,1000000.00,4.348245,97.046875
08:00:34,912810UD8,TSRYS5870973,D,S,T,2024-10-07,1000000.00,4.346587,97.068359375
08:00:34,912810UD8,TSRYS5870973,D,S,T,2024-10-07,1000000.00,4.346286,97.072265625
08:00:35,912810UD8,TSRYS5870973,D,S,T,2024-10-07,1000000.00,4.338755,97.169921875
08:00:35,912810UD8,TSRYS5870973,D,S,T,2024-10-07,1000000.00,4.338605,97.171875
08:00:35,912810UD8,TSRYS5870973,D,S,T,2024-10-07,1000000.00,4.339809,97.15625
08:00:35,912810UD8,TSRYS5870973,D,S,T,2024-10-07,1000000.00,4.339809,97.15625
08:00:35,912810UD8,TSRYS5870973,D,S,T,2024-10-07,1000000.00,4.339809,97.15625
08:00:35,912810UD8,TSRYS5870973,D,S,D,2024-10-07,1000000.00,4.334993,97.21875
08:00:35,912810UD8,TSRYS5870973,D,S,D,2024-10-07,1000000.00,4.334993,97.21875
08:00:35,912810UD8,TSRYS5870973,D,S,D,2024-10-07,1000000.00,4.334993,97.21875
08:00:35,912810UD8,TSRYS5870973,D,S,D,2024-10-07,1000000.00,4.334993,97.21875
08:00:35,912810UD8,TSRYS5870973,D,S,D,2024-10-07,1000000.00,4.334993,97.21875
08:00:35,912810UD8,TSRYS5870973,D,S,D,2024-10-07,1000000.00,4.314573,97.484375
08:00:35,912810UD8,TSRYS5870973,D,S,D,2024-10-07,1000000.00,4.313974,97.4921875
08:00:35,912810UD8,TSRYS5870973,D,S,D,2024-10-07,1000000.00,4.314273,97.48828125
08:00:35,912810UD8,TSRYS5870973,D,S,D,2024-10-07,1000000.00,4.313674,97.49609375
08:00:35,912810UD8,TSRYS5870973,D,S,D,2024-10-07,1000000.00,4.313374,97.5
08:00:35,912810UD8,TSRYS5870973,D,S,D,2024-10-07,1000000.00,4.313374,97.5
08:00:35,912810UD8,TSRYS5870973,D,S,D,2024-10-07,1000000.00,4.312775,97.5078125
08:00:35,912810UD8,TSRYS5870973,D,S,D,2024-10-07,1000000.00,4.312475,97.51171875
08:00:35,912810UD8,TSRYS5870973,D,S,D,2024-10-07,1000000.00,4.312175,97.515625
08:00:35,912810UD8,TSRYS5870973,D,S,D,2024-10-07,1000000.00,4.311576,97.5234375
08:00:35,912810UD8,TSRYS5870973,D,S,D,2024-10-07,1000000.00,4.311277,97.52734375
08:00:35,912810UD8,TSRYS5870973,D,S,D,2024-10-07,1000000.00,4.331385,97.265625
08:00:35,912810UD8,TSRYS5870973,D,S,D,2024-10-07,1000000.00,4.331385,97.265625
08:00:35,912810UD8,TSRYS5870973,D,S,D,2024-10-07,1000000.00,4.346135,97.07421875
08:00:35,912810UD8,TSRYS5870973,D,S,D,2024-10-07,1000000.00,4.339809,97.15625
08:00:35,912810UD8,TSRYS5870973,D,S,D,2024-10-07,1000000.00,4.339809,97.15625
08:00:35,912810UD8,TSRYS5870973,D,S,D,2024-10-07,1000000.00,4.339809,97.15625
08:00:35,912810UD8,TSRYS5870973,D,S,D,2024-10-07,1000000.00,4.339809,97.15625
08:00:35,912810UD8,TSRYS5870973,D,S,D,2024-10-07,1000000.00,4.339809,97.15625
08:00:36,912810UD8,TSRYS5870973,D,S,C,2024-10-07,5000.00,4.316341,97.5613375
08:00:39,912810UD8,TSRYS5870973,D,S,D,2024-10-07,3000000.00,4.322973,97.375
08:00:40,912810UD8,TSRYS5870973,D,S,D,2024-10-07,1000000.00,4.331385,97.265625
08:00:40,912810UD8,TSRYS5870973,D,S,D,2024-10-07,1000000.00,4.331385,97.265625
08:00:40,912810UD8,TSRYS5870973,D,S,D,2024-10-07,1000000.00,4.331385,97.265625
08:00:40,912810UD8,TSRYS5870973,D,S,D,2024-10-07,1000000.00,4.331385,97.265625
08:00:40,912810UD8,TSRYS5870973,D,S,D,2024-10-07,1000000.00,4.331385,97.265625
08:00:40,912810UD8,TSRYS5870973,D,S,D,2024-10-07,1000000.00,4.330483,97.27734375
08:00:40,912810UD8,TSRYS5870973,D,S,D,2024-10-07,1000000.00,4.331385,97.265625
08:00:40,912810UD8,TSRYS5870973,D,S,D,2024-10-07,1000000.00,4.331385,97.265625
08:00:42,912810UD8,TSRYS5870973,D,S,D,2024-10-07,1000000.00,4.332587,97.25
08:00:47,912810UD8,TSRYS5870973,D,S,D,2024-10-07,1000000.00,4.332587,97.25
08:00:53,912810UD8,TSRYS5870973,D,S,A,2024-10-07,432000.00,4.339809,97.15625
08:00:54,912810UD8,TSRYS5870973,D,S,C,2024-10-07,25000000.00,4.313074,97.50390625
08:00:54,912810UD8,TSRYS5870973,D,S,C,2024-10-07,25000000.00,4.313074,97.50390625
08:00:55,912810UD8,TSRYS5870973,D,S,T,2024-10-07,1000000.00,4.33379,97.234375
08:00:55,912810UD8,TSRYS5870973,D,S,T,2024-10-07,1000000.00,4.33379,97.234375
08:00:55,912810UD8,TSRYS5870973,D,S,T,2024-10-07,1000000.00,4.33379,97.234375
08:00:55,912810UD8,TSRYS5870973,D,S,T,2024-10-07,1000000.00,4.33379,97.234375
08:00:55,912810UD8,TSRYS5870973,D,S,T,2024-10-07,1000000.00,4.33379,97.234375
08:00:55,912810UD8,TSRYS5870973,D,S,T,2024-10-07,1000000.00,4.318171,97.4375
08:00:55,912810UD8,TSRYS5870973,D,S,T,2024-10-07,1000000.00,4.318171,97.4375
08:00:56,912810UD8,TSRYS5870973,D,S,T,2024-10-07,1000000.00,4.318171,97.4375
08:00:56,912810UD8,TSRYS5870973,D,S,T,2024-10-07,1000000.00,4.318171,97.4375
08:00:56,912810UD8,TSRYS5870973,D,S,T,2024-10-07,1000000.00,4.318171,97.4375
08:00:56,912810UD8,TSRYS5870973,D,S,T,2024-10-07,3000000.00,4.318171,97.4375
08:00:56,912810UD8,TSRYS5870973,D,S,T,2024-10-07,1000000.00,4.318171,97.4375
08:00:56,912810UD8,TSRYS5870973,D,S,T,2024-10-07,1000000.00,4.315772,97.46875
08:00:56,912810UD8,TSRYS5870973,D,B,A,2024-10-07,2000000.00,4.316712,97.45703125
08:00:56,912810UD8,TSRYS5870973,D,S,A,2024-10-07,15000000.00,4.311068,97.53125
08:00:56,912810UD8,TSRYS5870973,D,S,A,2024-10-07,300000.00,4.320272,97.41015625
08:00:56,912810UD8,TSRYS5870973,D,S,A,2024-10-07,200000.00,4.332888,97.24609375
08:00:56,912810UD8,TSRYS5870973,D,B,A,2024-10-07,810000.00,4.332587,97.25
08:00:56,912810UD8,TSRYS5870973,D,S,A,2024-10-07,250000.00,4.330827,97.2734375
08:00:56,912810UD8,TSRYS5870973,D,S,C,2024-10-07,10000000.00,4.312188,97.515625
08:00:57,912810UD8,TSRYS5870973,D,S,C,2024-10-07,5000000.00,4.312188,97.515625
08:00:57,912810UD8,TSRYS5870973,D,S,D,2024-10-07,432000.00,,97.15625
08:00:57,912810UD8,TSRYS5870973,D,B,C,2024-10-07,1960000.00,4.334993,97.21875
08:01:00,912810UD8,TSRYS5870973,D,S,A,2024-10-07,10000000.00,4.341932,97.12890625
08:01:01,912810UD8,TSRYS5870973,D,S,A,2024-10-07,1000000.00,4.339839,97.15625
08:01:01,912810UD8,TSRYS5870973,D,S,C,2024-10-07,5000.00,4.33567,97.209961
08:01:03,912810UD8,TSRYS5870973,D,S,A,2024-10-07,10000000.00,4.312488,97.51171875
08:01:04,912810UD8,TSRYS5870973,D,S,C,2024-10-07,1000000.00,4.335595,97.2109375
08:01:04,912810UD8,TSRYS5870973,D,S,D,2024-10-07,1000000.00,4.335294,97.21484375
08:01:04,912810UD8,TSRYS5870973,D,S,C,2024-10-07,1000000.00,4.334993,97.21875
08:01:04,912810UD8,TSRYS5870973,D,S,C,2024-10-07,1000000.00,4.334993,97.21875
08:01:04,912810UD8,TSRYS5870973,D,S,D,2024-10-07,1000000.00,4.315472,97.47265625
08:01:05,912810UD8,TSRYS5870973,D,B,C,2024-10-07,1000000.00,4.315472,97.47265625
08:01:05,912810UD8,TSRYS5870973,D,S,D,2024-10-07,1000000.00,4.313074,97.50390625
08:01:05,912810UD8,TSRYS5870973,D,B,C,2024-10-07,1000000.00,4.313074,97.50390625
08:01:05,912810UD8,TSRYS5870973,D,S,D,2024-10-07,1000000.00,4.314573,97.484375
08:01:05,912810UD8,TSRYS5870973,D,S,D,2024-10-07,1000000.00,4.314273,97.48828125
08:01:05,912810UD8,TSRYS5870973,D,S,D,2024-10-07,1000000.00,4.314273,97.48828125
08:01:05,912810UD8,TSRYS5870973,D,B,C,2024-10-07,1000000.00,4.314273,97.48828125
08:01:05,912810UD8,TSRYS5870973,D,S,D,2024-10-07,1000000.00,4.314273,97.48828125
08:01:05,912810UD8,TSRYS5870973,D,S,D,2024-10-07,1000000.00,4.313974,97.4921875
08:01:05,912810UD8,TSRYS5870973,D,S,C,2024-10-07,1000000.00,4.314273,97.48828125
08:01:05,912810UD8,TSRYS5870973,D,B,C,2024-10-07,1000000.00,4.313374,97.5
08:01:05,912810UD8,TSRYS5870973,D,S,D,2024-10-07,1000000.00,4.313374,97.5
08:01:05,912810UD8,TSRYS5870973,D,S,D,2024-10-07,1000000.00,4.313074,97.50390625
08:01:05,912810UD8,TSRYS5870973,D,S,C,2024-10-07,1000000.00,4.314573,97.484375
08:01:05,912810UD8,TSRYS5870973,D,B,C,2024-10-07,1000000.00,4.314273,97.48828125
08:01:05,912810UD8,TSRYS5870973,D,B,C,2024-10-07,1000000.00,4.313074,97.50390625
08:01:05,912810UD8,TSRYS5870973,D,B,C,2024-10-07,1000000.00,4.314573,97.484375
08:01:05,912810UD8,TSRYS5870973,D,B,C,2024-10-07,1000000.00,4.313674,97.49609375
08:01:05,912810UD8,TSRYS5870973,D,S,C,2024-10-07,1000000.00,4.313674,97.49609375
08:01:05,912810UD8,TSRYS5870973,D,S,D,2024-10-07,1000000.00,4.312775,97.5078125
08:01:05,912810UD8,TSRYS5870973,D,S,D,2024-10-07,1000000.00,4.312475,97.51171875
08:01:05,912810UD8,TSRYS5870973,D,B,C,2024-10-07,1000000.00,4.312475,97.51171875
08:01:05,912810UD8,TSRYS5870973,D,S,D,2024-10-07,1000000.00,4.312475,97.51171875
08:01:05,912810UD8,TSRYS5870973,D,S,D,2024-10-07,1000000.00,4.312175,97.515625
08:01:05,912810UD8,TSRYS5870973,D,S,D,2024-10-07,1000000.00,4.312175,97.515625
08:01:05,912810UD8,TSRYS5870973,D,B,C,2024-10-07,1000000.00,4.311876,97.51953125
08:01:05,912810UD8,TSRYS5870973,D,S,C,2024-10-07,1000000.00,4.311876,97.51953125
08:01:05,912810UD8,TSRYS5870973,D,S,D,2024-10-07,1000000.00,4.311576,97.5234375
08:01:05,912810UD8,TSRYS5870973,D,S,D,2024-10-07,1000000.00,4.312175,97.515625
08:01:05,912810UD8,TSRYS5870973,D,S,D,2024-10-07,1000000.00,4.311277,97.52734375
08:01:05,912810UD8,TSRYS5870973,D,S,D,2024-10-07,1000000.00,4.311876,97.51953125
08:01:05,912810UD8,TSRYS5870973,D,S,D,2024-10-07,1000000.00,4.311876,97.51953125
08:01:05,912810UD8,TSRYS5870973,D,B,C,2024-10-07,1000000.00,4.311876,97.51953125
08:01:05,912810UD8,TSRYS5870973,D,S,D,2024-10-07,1000000.00,4.311876,97.51953125
08:01:05,912810UD8,TSRYS5870973,D,B,C,2024-10-07,1000000.00,4.311277,97.52734375
08:01:05,912810UD8,TSRYS5870973,D,S,D,2024-10-07,1000000.00,4.312175,97.515625
08:01:05,912810UD8,TSRYS5870973,D,S,C,2024-10-07,1000000.00,4.311277,97.52734375
08:01:05,912810UD8,TSRYS5870973,D,S,D,2024-10-07,1000000.00,4.312175,97.515625
08:01:05,912810UD8,TSRYS5870973,D,S,D,2024-10-07,1000000.00,4.312175,97.515625
08:01:05,912810UD8,TSRYS5870973,D,S,D,2024-10-07,1000000.00,4.313374,97.5
08:01:05,912810UD8,TSRYS5870973,D,S,D,2024-10-07,1000000.00,4.313374,97.5
08:01:05,912810UD8,TSRYS5870973,D,S,D,2024-10-07,1000000.00,4.313974,97.4921875
08:01:05,912810UD8,TSRYS5870973,D,S,D,2024-10-07,1000000.00,4.313974,97.4921875
08:01:05,912810UD8,TSRYS5870973,D,S,D,2024-10-07,1000000.00,4.313374,97.5
08:01:05,912810UD8,TSRYS5870973,D,S,C,2024-10-07,1000000.00,4.317272,97.44921875
08:01:05,912810UD8,TSRYS5870973,D,B,C,2024-10-07,1000000.00,4.317272,97.44921875
08:01:05,912810UD8,TSRYS5870973,D,S,C,2024-10-07,1000000.00,4.317272,97.44921875
08:01:06,912810UD8,TSRYS5870973,D,S,D,2024-10-07,1000000.00,4.317572,97.4453125
08:01:06,912810UD8,TSRYS5870973,D,S,D,2024-10-07,1000000.00,4.319671,97.41796875
08:01:06,912810UD8,TSRYS5870973,D,S,C,2024-10-07,1000000.00,4.319671,97.41796875
08:01:06,912810UD8,TSRYS5870973,D,S,C,2024-10-07,1000000.00,4.319671,97.41796875
08:01:06,912810UD8,TSRYS5870973,D,S,C,2024-10-07,1000000.00,4.322372,97.3828125
08:01:06,912810UD8,TSRYS5870973,D,B,C,2024-10-07,1000000.00,4.322673,97.37890625
08:01:06,912810UD8,TSRYS5870973,D,S,C,2024-10-07,1000000.00,4.322673,97.37890625
08:01:06,912810UD8,TSRYS5870973,D,S,D,2024-10-07,1000000.00,4.323573,97.3671875
08:01:06,912810UD8,TSRYS5870973,D,S,C,2024-10-07,1000000.00,4.331685,97.26171875
08:01:06,912810UD8,TSRYS5870973,D,S,C,2024-10-07,20000.00,4.315772,97.49375
08:01:06,912810UD8,TSRYS5870973,D,B,C,2024-10-07,1000000.00,4.331685,97.26171875
08:01:06,912810UD8,TSRYS5870973,D,S,D,2024-10-07,1000000.00,4.331385,97.265625
08:01:06,912810UD8,TSRYS5870973,D,S,C,2024-10-07,20000.00,4.316341,97.4863375
08:01:06,912810UD8,TSRYS5870973,D,B,C,2024-10-07,1000000.00,4.331385,97.265625
08:01:06,912810UD8,TSRYS5870973,D,S,D,2024-10-07,1000000.00,4.331385,97.265625
08:01:06,912810UD8,TSRYS5870973,D,B,C,2024-10-07,1000000.00,4.331385,97.265625
08:01:06,912810UD8,TSRYS5870973,D,S,D,2024-10-07,1000000.00,4.331385,97.265625
08:01:06,912810UD8,TSRYS5870973,D,B,C,2024-10-07,2000000.00,4.331685,97.26171875
08:01:06,912810UD8,TSRYS5870973,D,B,C,2024-10-07,1000000.00,4.331385,97.265625
08:01:06,912810UD8,TSRYS5870973,D,S,D,2024-10-07,2000000.00,4.331685,97.26171875
08:01:06,912810UD8,TSRYS5870973,D,S,D,2024-10-07,1000000.00,4.331385,97.265625
08:01:06,912810UD8,TSRYS5870973,D,B,C,2024-10-07,1000000.00,4.331385,97.265625
08:01:06,912810UD8,TSRYS5870973,D,S,D,2024-10-07,1000000.00,4.331385,97.265625
08:01:06,912810UD8,TSRYS5870973,D,B,C,2024-10-07,1000000.00,4.331385,97.265625
08:01:06,912810UD8,TSRYS5870973,D,S,D,2024-10-07,3000000.00,4.322973,97.375
08:01:06,912810UD8,TSRYS5870973,D,S,C,2024-10-07,1000000.00,4.330483,97.27734375
08:01:06,912810UD8,TSRYS5870973,D,B,C,2024-10-07,1000000.00,4.330483,97.27734375
08:01:06,912810UD8,TSRYS5870973,D,S,C,2024-10-07,1000000.00,4.330483,97.27734375
08:01:06,912810UD8,TSRYS5870973,D,S,D,2024-10-07,1000000.00,4.330483,97.27734375
08:01:06,912810UD8,TSRYS5870973,D,B,C,2024-10-07,1000000.00,4.331685,97.26171875
08:01:06,912810UD8,TSRYS5870973,D,S,C,2024-10-07,1000000.00,4.331685,97.26171875
08:01:06,912810UD8,TSRYS5870973,D,B,C,2024-10-07,1000000.00,4.331685,97.26171875
08:01:06,912810UD8,TSRYS5870973,D,S,C,2024-10-07,1000000.00,4.331685,97.26171875
08:01:07,912810UD8,TSRYS5870973,D,S,C,2024-10-07,1000000.00,4.334091,97.23046875
08:01:07,912810UD8,TSRYS5870973,D,B,C,2024-10-07,1000000.00,4.334091,97.23046875
08:01:07,912810UD8,TSRYS5870973,D,S,C,2024-10-07,1000000.00,4.334091,97.23046875
08:01:07,912810UD8,TSRYS5870973,D,B,C,2024-10-07,1000000.00,4.334091,97.23046875
08:01:07,912810UD8,TSRYS5870973,D,B,C,2024-10-07,1000000.00,4.334091,97.23046875
08:01:07,912810UD8,TSRYS5870973,D,S,D,2024-10-07,1000000.00,4.332587,97.25
08:01:07,912810UD8,TSRYS5870973,D,S,C,2024-10-07,1000000.00,4.334091,97.23046875
08:01:07,912810UD8,TSRYS5870973,D,S,C,2024-10-07,1000000.00,4.332888,97.24609375
08:01:07,912810UD8,TSRYS5870973,D,B,C,2024-10-07,1000000.00,4.332888,97.24609375
08:01:07,912810UD8,TSRYS5870973,D,S,D,2024-10-07,1000000.00,4.332587,97.25
08:01:07,912810UD8,TSRYS5870973,D,S,C,2024-10-07,1000000.00,4.332888,97.24609375
08:01:07,912810UD8,TSRYS5870973,D,B,C,2024-10-07,1000000.00,4.332888,97.24609375
08:01:07,912810UD8,TSRYS5870973,D,S,C,2024-10-07,1000000.00,4.332888,97.24609375
08:01:07,912810UD8,TSRYS5870973,D,B,C,2024-10-07,1000000.00,4.332888,97.24609375
08:01:07,912810UD8,TSRYS5870973,D,S,A,2024-10-07,484000.00,4.340984,97.141
08:01:07,912810UD8,TSRYS5870973,D,S,C,2024-10-07,1000000.00,4.337401,97.1875
08:01:07,912810UD8,TSRYS5870973,D,B,C,2024-10-07,1000000.00,4.337401,97.1875
08:01:07,912810UD8,TSRYS5870973,D,S,C,2024-10-07,1000000.00,4.338906,97.16796875
08:01:07,912810UD8,TSRYS5870973,D,B,C,2024-10-07,1000000.00,4.338906,97.16796875
08:01:08,912810UD8,TSRYS5870973,D,S,T,2024-10-07,1000000.00,4.320572,97.40625
08:01:08,912810UD8,TSRYS5870973,D,S,D,2024-10-07,1000000.00,4.325225,97.345703125
08:01:09,912810UD8,TSRYS5870973,D,S,D,2024-10-07,1000000.00,4.339809,97.15625
08:01:09,912810UD8,TSRYS5870973,D,B,C,2024-10-07,1000000.00,4.339809,97.15625
08:01:09,912810UD8,TSRYS5870973,D,S,C,2024-10-07,1000000.00,4.338003,97.1796875
08:01:09,912810UD8,TSRYS5870973,D,S,D,2024-10-07,1000000.00,4.338003,97.1796875
08:01:09,912810UD8,TSRYS5870973,D,B,C,2024-10-07,1000000.00,4.335896,97.20703125
08:01:09,912810UD8,TSRYS5870973,D,S,C,2024-10-07,1000000.00,4.335896,97.20703125
08:01:09,912810UD8,TSRYS5870973,D,S,C,2024-10-07,1000000.00,4.334091,97.23046875
08:01:09,912810UD8,TSRYS5870973,D,S,C,2024-10-07,1000000.00,4.332888,97.24609375
08:01:09,912810UD8,TSRYS5870973,D,B,C,2024-10-07,1000000.00,4.332888,97.24609375
08:01:09,912810UD8,TSRYS5870973,D,B,C,2024-10-07,1000000.00,4.331986,97.2578125
08:01:09,912810UD8,TSRYS5870973,D,S,C,2024-10-07,1000000.00,4.331986,97.2578125
08:01:09,912810UD8,TSRYS5870973,D,S,D,2024-10-07,1000000.00,4.333489,97.23828125
08:01:09,912810UD8,TSRYS5870973,D,S,D,2024-10-07,1000000.00,4.33379,97.234375
08:01:09,912810UD8,TSRYS5870973,D,S,C,2024-10-07,1000000.00,4.33379,97.234375
08:01:09,912810UD8,TSRYS5870973,D,S,D,2024-10-07,1000000.00,4.328679,97.30078125
08:01:10,912810UD8,TSRYS5870973,D,S,T,2024-10-07,1000000.00,4.318171,97.4375
08:01:10,912810UD8,TSRYS5870973,D,S,T,2024-10-07,1000000.00,4.318171,97.4375
08:01:10,912810UD8,TSRYS5870973,D,S,T,2024-10-07,1000000.00,4.318171,97.4375
08:01:10,912810UD8,TSRYS5870973,D,S,T,2024-10-07,1000000.00,4.318171,97.4375
08:01:11,912810UD8,TSRYS5870973,D,S,D,2024-10-07,1000000.00,4.331535,97.263671875
08:01:11,912810UD8,TSRYS5870973,D,S,C,2024-10-07,1000000.00,4.344025,97.1015625
08:01:11,912810UD8,TSRYS5870973,D,B,C,2024-10-07,1000000.00,4.344025,97.1015625
08:01:11,912810UD8,TSRYS5870973,D,S,D,2024-10-07,1000000.00,4.332888,97.24609375
08:01:11,912810UD8,TSRYS5870973,D,S,D,2024-10-07,1000000.00,4.332587,97.25
08:01:11,912810UD8,TSRYS5870973,D,S,D,2024-10-07,1000000.00,4.332587,97.25
08:01:11,912810UD8,TSRYS5870973,D,S,D,2024-10-07,1000000.00,4.332888,97.24609375
08:01:11,912810UD8,TSRYS5870973,D,S,D,2024-10-07,1000000.00,4.334241,97.228515625
08:01:12,912810UD8,TSRYS5870973,D,S,D,2024-10-07,15000000.00,4.314215,97.4890417
08:01:12,912810UD8,TSRYS5870973,D,S,D,2024-10-07,5000000.00,4.31398,97.4921063
08:01:12,912810UD8,TSRYS5870973,D,S,D,2024-10-07,15000000.00,4.311458,97.5249792
08:01:12,912810UD8,TSRYS5870973,D,S,D,2024-10-07,13000000.00,4.312195,97.5153738
08:01:12,912810UD8,TSRYS5870973,D,S,D,2024-10-07,2000000.00,4.311822,97.5202313
08:01:12,912810UD8,TSRYS5870973,D,S,D,2024-10-07,1000000.00,4.334091,97.23046875
08:01:12,912810UD8,TSRYS5870973,D,S,D,2024-10-07,1000000.00,4.333941,97.232421875
08:01:12,912810UD8,TSRYS5870973,D,S,D,2024-10-07,1000000.00,4.33379,97.234375
08:01:12,912810UD8,TSRYS5870973,D,S,D,2024-10-07,1000000.00,4.334542,97.224609375
08:01:12,912810UD8,TSRYS5870973,D,S,D,2024-10-07,1000000.00,4.333941,97.232421875
08:01:12,912810UD8,TSRYS5870973,D,S,D,2024-10-07,1000000.00,4.33379,97.234375
08:01:12,912810UD8,TSRYS5870973,D,S,D,2024-10-07,1000000.00,4.33379,97.234375
08:01:12,912810UD8,TSRYS5870973,D,S,D,2024-10-07,1000000.00,4.334392,97.2265625
08:01:12,912810UD8,TSRYS5870973,D,S,D,2024-10-07,1000000.00,4.33379,97.234375
08:01:12,912810UD8,TSRYS5870973,D,S,D,2024-10-07,1000000.00,4.333941,97.232421875
08:01:12,912810UD8,TSRYS5870973,D,S,D,2024-10-07,1000000.00,4.334392,97.2265625
08:01:12,912810UD8,TSRYS5870973,D,S,D,2024-10-07,1000000.00,4.334392,97.2265625
08:01:12,912810UD8,TSRYS5870973,D,S,D,2024-10-07,1000000.00,4.347642,97.0546875
08:01:12,912810UD8,TSRYS5870973,D,S,D,2024-10-07,1000000.00,4.335746,97.208984375
08:01:12,912810UD8,TSRYS5870973,D,S,D,2024-10-07,1000000.00,4.347642,97.0546875
08:01:13,912810UD8,TSRYS5870973,D,S,D,2024-10-07,1000000.00,4.334843,97.220703125
08:01:13,912810UD8,TSRYS5870973,D,S,D,2024-10-07,1000000.00,4.336197,97.203125
08:01:13,912810UD8,TSRYS5870973,D,S,D,2024-10-07,1000000.00,4.332437,97.251953125
08:01:13,912810UD8,TSRYS5870973,D,S,C,2024-10-07,1000000.00,4.341314,97.13671875
08:01:13,912810UD8,TSRYS5870973,D,B,C,2024-10-07,1000000.00,4.341917,97.12890625
08:01:13,912810UD8,TSRYS5870973,D,S,C,2024-10-07,1000000.00,4.341917,97.12890625
08:01:13,912810UD8,TSRYS5870973,D,S,D,2024-10-07,1000000.00,4.33364,97.236328125
08:01:13,912810UD8,TSRYS5870973,D,S,D,2024-10-07,1000000.00,4.334542,97.224609375
08:01:13,912810UD8,TSRYS5870973,D,S,D,2024-10-07,1000000.00,4.347642,97.0546875
08:01:13,912810UD8,TSRYS5870973,D,S,D,2024-10-07,1000000.00,4.347642,97.0546875
08:01:13,912810UD8,TSRYS5870973,D,S,D,2024-10-07,1000000.00,4.347642,97.0546875
08:01:13,912810UD8,TSRYS5870973,D,S,D,2024-10-07,1000000.00,4.347642,97.0546875
08:01:13,912810UD8,TSRYS5870973,D,S,D,2024-10-07,1000000.00,4.347642,97.0546875
08:01:13,912810UD8,TSRYS5870973,D,S,D,2024-10-07,1000000.00,4.347642,97.0546875
08:01:13,912810UD8,TSRYS5870973,D,S,D,2024-10-07,1000000.00,4.347039,97.0625
08:01:13,912810UD8,TSRYS5870973,D,S,D,2024-10-07,1000000.00,4.347039,97.0625
08:01:13,912810UD8,TSRYS5870973,D,S,D,2024-10-07,1000000.00,4.347039,97.0625
08:01:13,912810UD8,TSRYS5870973,D,S,D,2024-10-07,1000000.00,4.347039,97.0625
08:01:13,912810UD8,TSRYS5870973,D,B,C,2024-10-07,1000000.00,4.346738,97.06640625
08:01:13,912810UD8,TSRYS5870973,D,S,D,2024-10-07,1000000.00,4.346738,97.06640625
08:01:13,912810UD8,TSRYS5870973,D,S,D,2024-10-07,1000000.00,4.334993,97.21875
08:01:13,912810UD8,TSRYS5870973,D,S,D,2024-10-07,1000000.00,4.334993,97.21875
08:01:14,912810UD8,TSRYS5870973,D,S,C,2024-10-07,1000000.00,4.341314,97.13671875
08:01:14,912810UD8,TSRYS5870973,D,S,D,2024-10-07,1000000.00,4.334241,97.228515625
08:01:14,912810UD8,TSRYS5870973,D,B,C,2024-10-07,1000000.00,4.341314,97.13671875
08:01:14,912810UD8,TSRYS5870973,D,S,D,2024-10-07,1000000.00,4.334392,97.2265625
08:01:14,912810UD8,TSRYS5870973,D,S,D,2024-10-07,1000000.00,4.334392,97.2265625
08:01:14,912810UD8,TSRYS5870973,D,S,T,2024-10-07,1000000.00,4.331535,97.26367187
08:01:14,912810UD8,TSRYS5870973,D,S,C,2024-10-07,1000000.00,4.334993,97.21875
08:01:14,912810UD8,TSRYS5870973,D,S,D,2024-10-07,1000000.00,4.331535,97.26367187
08:01:14,912810UD8,TSRYS5870973,D,S,C,2024-10-07,1000000.00,4.334993,97.21875
08:01:14,912810UD8,TSRYS5870973,D,S,C,2024-10-07,1000000.00,4.334993,97.21875
08:01:14,912810UD8,TSRYS5870973,D,S,C,2024-10-07,1000000.00,4.334993,97.21875
08:01:14,912810UD8,TSRYS5870973,D,S,D,2024-10-07,1000000.00,4.336347,97.201171875
08:01:14,912810UD8,TSRYS5870973,D,S,T,2024-10-07,2000000.00,4.312187,97.515473
08:01:14,912810UD8,TSRYS5870973,D,S,T,2024-10-07,1000000.00,4.312187,97.515473
08:01:14,912810UD8,TSRYS5870973,D,S,T,2024-10-07,1000000.00,4.312187,97.515473
08:01:14,912810UD8,TSRYS5870973,D,S,C,2024-10-07,1000000.00,4.340712,97.14453125
08:01:14,912810UD8,TSRYS5870973,D,S,T,2024-10-07,1000000.00,4.313386,97.499848
08:01:14,912810UD8,TSRYS5870973,D,S,D,2024-10-07,1000000.00,4.336347,97.201171875
08:01:14,912810UD8,TSRYS5870973,D,S,T,2024-10-07,1000000.00,4.313386,97.499848
08:01:14,912810UD8,TSRYS5870973,D,S,T,2024-10-07,2000000.00,4.313386,97.499848
08:01:14,912810UD8,TSRYS5870973,D,S,T,2024-10-07,2000000.00,4.313386,97.499848
08:01:14,912810UD8,TSRYS5870973,D,S,T,2024-10-07,2000000.00,4.313386,97.499848
08:01:14,912810UD8,TSRYS5870973,D,S,T,2024-10-07,1000000.00,4.313386,97.499848
08:01:14,912810UD8,TSRYS5870973,D,S,D,2024-10-07,1000000.00,4.336197,97.203125
08:01:14,912810UD8,TSRYS5870973,D,S,D,2024-10-07,1000000.00,4.346738,97.06640625
08:01:14,912810UD8,TSRYS5870973,D,S,D,2024-10-07,1000000.00,4.346135,97.07421875
08:01:15,912810UD8,TSRYS5870973,D,S,D,2024-10-07,1000000.00,4.336197,97.203125
08:01:15,912810UD8,TSRYS5870973,D,S,D,2024-10-07,1000000.00,4.336347,97.201171875
08:01:15,912810UD8,TSRYS5870973,D,S,D,2024-10-07,1000000.00,4.336347,97.201171875
08:01:15,912810UD8,TSRYS5870973,D,S,T,2024-10-07,1000000.00,4.320572,97.40625
08:01:15,912810UD8,TSRYS5870973,D,S,T,2024-10-07,1000000.00,4.341776,97.130734375
08:01:15,912810UD8,TSRYS5870973,D,S,T,2024-10-07,1000000.00,4.312325,97.51367187
08:01:15,912810UD8,TSRYS5870973,D,S,T,2024-10-07,1000000.00,4.312325,97.51367187
08:01:15,912810UD8,TSRYS5870973,D,S,T,2024-10-07,1000000.00,4.312325,97.51367187
08:01:15,912810UD8,TSRYS5870973,D,S,T,2024-10-07,1000000.00,4.312175,97.515625
08:01:15,912810UD8,TSRYS5870973,D,S,A,2024-10-07,2500000.00,4.327821,97.3125
08:01:15,912810UD8,TSRYS5870973,D,S,T,2024-10-07,1000000.00,4.312026,97.51757812
08:01:15,912810UD8,TSRYS5870973,D,S,T,2024-10-07,1000000.00,4.312026,97.51757812
08:01:15,912810UD8,TSRYS5870973,D,S,C,2024-10-07,1000000.00,4.311876,97.51953125
08:01:15,912810UD8,TSRYS5870973,D,S,D,2024-10-07,1000000.00,4.334843,97.220703125
08:01:15,912810UD8,TSRYS5870973,D,S,D,2024-10-07,1000000.00,4.334843,97.220703125
08:01:15,912810UD8,TSRYS5870973,D,S,T,2024-10-07,1000000.00,4.312026,97.51757812
08:01:15,912810UD8,TSRYS5870973,D,S,D,2024-10-07,1000000.00,4.312175,97.515625
08:01:15,912810UD8,TSRYS5870973,D,S,D,2024-10-07,1000000.00,4.312175,97.515625
08:01:15,912810UD8,TSRYS5870973,D,S,D,2024-10-07,1000000.00,4.313374,97.5
08:01:15,912810UD8,TSRYS5870973,D,S,D,2024-10-07,1000000.00,4.312175,97.515625
08:01:15,912810UD8,TSRYS5870973,D,S,D,2024-10-07,1000000.00,4.312175,97.515625
08:01:15,912810UD8,TSRYS5870973,D,S,D,2024-10-07,1000000.00,4.311876,97.51953125
08:01:15,912810UD8,TSRYS5870973,D,S,D,2024-10-07,1000000.00,4.312026,97.51757812
08:01:15,912810UD8,TSRYS5870973,D,S,D,2024-10-07,1000000.00,4.334241,97.22851562
08:01:15,912810UD8,TSRYS5870973,D,S,D,2024-10-07,1000000.00,4.334993,97.21875
08:01:15,912810UD8,TSRYS5870973,D,S,D,2024-10-07,1000000.00,4.334993,97.21875
08:01:15,912810UD8,TSRYS5870973,D,S,D,2024-10-07,1000000.00,4.313374,97.5
08:01:15,912810UD8,TSRYS5870973,D,S,D,2024-10-07,1000000.00,4.313374,97.5
08:01:15,912810UD8,TSRYS5870973,D,S,T,2024-10-07,1000000.00,4.340571,97.146359375
08:01:15,912810UD8,TSRYS5870973,D,S,D,2024-10-07,1000000.00,4.313974,97.4921875
08:01:15,912810UD8,TSRYS5870973,D,S,D,2024-10-07,1000000.00,4.313974,97.4921875
08:01:15,912810UD8,TSRYS5870973,D,S,D,2024-10-07,1000000.00,4.313974,97.4921875
08:01:15,912810UD8,TSRYS5870973,D,S,D,2024-10-07,1000000.00,4.313974,97.4921875
08:01:15,912810UD8,TSRYS5870973,D,S,D,2024-10-07,1000000.00,4.312026,97.51757812
08:01:15,912810UD8,TSRYS5870973,D,S,D,2024-10-07,1000000.00,4.311876,97.51953125
08:01:15,912810UD8,TSRYS5870973,D,S,D,2024-10-07,1000000.00,4.312026,97.51757812
08:01:15,912810UD8,TSRYS5870973,D,S,T,2024-10-07,1000000.00,4.340872,97.142453125
08:01:15,912810UD8,TSRYS5870973,D,S,D,2024-10-07,1000000.00,4.312026,97.51757812
08:01:16,912810UD8,TSRYS5870973,D,S,T,2024-10-07,1000000.00,4.312026,97.51757812
08:01:16,912810UD8,TSRYS5870973,D,S,D,2024-10-07,1000000.00,4.312026,97.51757812
08:01:16,912810UD8,TSRYS5870973,D,S,D,2024-10-07,1000000.00,4.312026,97.51757812
08:01:16,912810UD8,TSRYS5870973,D,S,T,2024-10-07,1000000.00,4.312026,97.51757812
08:01:16,912810UD8,TSRYS5870973,D,S,D,2024-10-07,1000000.00,4.335746,97.208984375
08:01:16,912810UD8,TSRYS5870973,D,S,D,2024-10-07,1000000.00,4.335746,97.208984375
08:01:16,912810UD8,TSRYS5870973,D,S,D,2024-10-07,1000000.00,4.311876,97.51953125
08:01:16,912810UD8,TSRYS5870973,D,S,T,2024-10-07,1000000.00,4.342227,97.124875
08:01:16,912810UD8,TSRYS5870973,D,S,T,2024-10-07,1000000.00,4.342227,97.124875
08:01:16,912810UD8,TSRYS5870973,D,S,D,2024-10-07,1000000.00,4.321022,97.400390625
08:01:16,912810UD8,TSRYS5870973,D,S,T,2024-10-07,1000000.00,4.320572,97.40625
08:01:17,912810UD8,TSRYS5870973,D,S,T,2024-10-07,1000000.00,4.342981,97.115109375
08:01:17,912810UD8,TSRYS5870973,D,S,D,2024-10-07,1000000.00,4.312475,97.51171875
08:01:17,912810UD8,TSRYS5870973,D,S,D,2024-10-07,1000000.00,4.312475,97.51171875
08:01:17,912810UD8,TSRYS5870973,D,S,D,2024-10-07,1000000.00,4.312475,97.51171875
08:01:17,912810UD8,TSRYS5870973,D,S,T,2024-10-07,1000000.00,4.343131,97.11315625
08:01:17,912810UD8,TSRYS5870973,D,S,T,2024-10-07,1000000.00,4.320572,97.40625
08:01:17,912810UD8,TSRYS5870973,D,S,D,2024-10-07,1000000.00,4.321622,97.392578125
08:01:17,912810UD8,TSRYS5870973,D,S,D,2024-10-07,1000000.00,4.311876,97.51953125
08:01:17,912810UD8,TSRYS5870973,D,S,D,2024-10-07,1000000.00,4.311876,97.51953125
08:01:17,912810UD8,TSRYS5870973,D,S,D,2024-10-07,1000000.00,4.312475,97.51171875
08:01:17,912810UD8,TSRYS5870973,D,S,D,2024-10-07,1000000.00,4.312475,97.51171875
08:01:17,912810UD8,TSRYS5870973,D,S,D,2024-10-07,1000000.00,4.312475,97.51171875
08:01:17,912810UD8,TSRYS5870973,D,S,D,2024-10-07,1000000.00,4.313374,97.5
08:01:17,912810UD8,TSRYS5870973,D,S,D,2024-10-07,1000000.00,4.312475,97.51171875
08:01:17,912810UD8,TSRYS5870973,D,S,D,2024-10-07,2000000.00,4.313974,97.4921875
08:01:17,912810UD8,TSRYS5870973,D,S,D,2024-10-07,1000000.00,4.313974,97.4921875
08:01:17,912810UD8,TSRYS5870973,D,S,D,2024-10-07,1000000.00,4.313974,97.4921875
08:01:17,912810UD8,TSRYS5870973,D,S,D,2024-10-07,1000000.00,4.313974,97.4921875
08:01:17,912810UD8,TSRYS5870973,D,S,D,2024-10-07,1000000.00,4.313974,97.4921875
08:01:17,912810UD8,TSRYS5870973,D,S,C,2024-10-07,1000000.00,4.317872,97.44140625
08:01:17,912810UD8,TSRYS5870973,D,S,T,2024-10-07,1000000.00,4.343734,97.10534375
08:01:18,912810UD8,TSRYS5870973,D,S,D,2024-10-07,1000000.00,4.321472,97.39453125
08:01:18,912810UD8,TSRYS5870973,D,S,T,2024-10-07,1000000.00,4.320572,97.40625
08:01:19,912810UD8,TSRYS5870973,D,S,T,2024-10-07,1000000.00,4.320587,97.40605
08:01:19,912810UD8,TSRYS5870973,D,S,T,2024-10-07,1000000.00,4.320587,97.40605
08:01:19,912810UD8,TSRYS5870973,D,S,T,2024-10-07,1000000.00,4.320587,97.40605
08:01:20,912810UD8,TSRYS5870973,D,S,D,2024-10-07,190000.00,4.317872,97.44140625
08:01:20,912810UD8,TSRYS5870973,D,B,C,2024-10-07,40000000.00,4.31924,97.42358
08:01:20,912810UD8,TSRYS5870973,D,S,T,2024-10-07,1000000.00,4.321022,97.40039062
08:01:20,912810UD8,TSRYS5870973,D,S,T,2024-10-07,1000000.00,4.321022,97.40039062
08:01:20,912810UD8,TSRYS5870973,D,S,A,2024-10-07,500000.00,4.321772,97.390625
08:01:20,912810UD8,TSRYS5870973,D,S,T,2024-10-07,1000000.00,4.342378,97.122921875
08:01:20,912810UD8,TSRYS5870973,D,S,T,2024-10-07,1000000.00,4.343432,97.10925
08:01:20,912810UD8,TSRYS5870973,D,S,T,2024-10-07,1000000.00,4.343432,97.10925
08:01:20,912810UD8,TSRYS5870973,D,S,T,2024-10-07,1000000.00,4.343432,97.10925
08:01:20,912810UD8,TSRYS5870973,D,S,T,2024-10-07,1000000.00,4.343432,97.10925
08:01:20,912810UD8,TSRYS5870973,D,S,D,2024-10-07,1000000.00,4.334392,97.2265625
08:01:20,912810UD8,TSRYS5870973,D,S,T,2024-10-07,1000000.00,4.343724,97.10546875
08:01:20,912810UD8,TSRYS5870973,D,S,T,2024-10-07,1000000.00,4.34267,97.119140625
08:01:20,912810UD8,TSRYS5870973,D,S,T,2024-10-07,1000000.00,4.343423,97.109375
08:01:21,912810UD8,TSRYS5870973,D,S,T,2024-10-07,1000000.00,4.343272,97.111328125
08:01:21,912810UD8,TSRYS5870973,D,S,D,2024-10-07,2000000.00,4.332136,97.25585937
08:01:21,912810UD8,TSRYS5870973,D,S,D,2024-10-07,1000000.00,4.334542,97.22460937
08:01:21,912810UD8,TSRYS5870973,D,S,T,2024-10-07,1000000.00,4.343423,97.109375
08:01:21,912810UD8,TSRYS5870973,D,S,T,2024-10-07,1000000.00,4.334392,97.2265625
08:01:21,912810UD8,TSRYS5870973,D,S,T,2024-10-07,1000000.00,4.343423,97.109375
08:01:21,912810UD8,TSRYS5870973,D,S,D,2024-10-07,1000000.00,4.321772,97.390625
08:01:21,912810UD8,TSRYS5870973,D,S,T,2024-10-07,1000000.00,4.321772,97.390625
08:01:21,912810UD8,TSRYS5870973,D,S,T,2024-10-07,1000000.00,4.316987,97.452925
08:01:21,912810UD8,TSRYS5870973,D,S,T,2024-10-07,1000000.00,4.321772,97.390625
08:01:21,912810UD8,TSRYS5870973,D,S,D,2024-10-07,1000000.00,4.332136,97.25585937
08:01:22,912810UD8,TSRYS5870973,D,S,D,2024-10-07,1000000.00,4.321772,97.390625
08:01:22,912810UD8,TSRYS5870973,D,S,T,2024-10-07,1000000.00,4.343432,97.10925
08:01:22,912810UD8,TSRYS5870973,D,S,T,2024-10-07,1000000.00,4.343734,97.10534375
08:01:22,912810UD8,TSRYS5870973,D,S,T,2024-10-07,1000000.00,4.343432,97.10925
08:01:22,912810UD8,TSRYS5870973,D,S,D,2024-10-07,1000000.00,4.321772,97.390625
08:01:22,912810UD8,TSRYS5870973,D,S,T,2024-10-07,1000000.00,4.343432,97.10925
08:01:22,912810UD8,TSRYS5870973,D,S,T,2024-10-07,1000000.00,4.343432,97.10925
08:01:22,912810UD8,TSRYS5870973,D,S,T,2024-10-07,1000000.00,4.332587,97.25
08:01:22,912810UD8,TSRYS5870973,D,S,D,2024-10-07,1000000.00,4.330633,97.27539062
08:01:22,912810UD8,TSRYS5870973,D,S,T,2024-10-07,1000000.00,4.34283,97.1170625
08:01:22,912810UD8,TSRYS5870973,D,S,T,2024-10-07,1000000.00,4.34283,97.1170625
08:01:22,912810UD8,TSRYS5870973,D,S,T,2024-10-07,1000000.00,4.332587,97.25
08:01:22,912810UD8,TSRYS5870973,D,S,T,2024-10-07,1000000.00,4.341023,97.1405
08:01:22,912810UD8,TSRYS5870973,D,S,T,2024-10-07,1000000.00,4.34283,97.1170625
08:01:22,912810UD8,TSRYS5870973,D,S,T,2024-10-07,1000000.00,4.341314,97.13671875
08:01:23,912810UD8,TSRYS5870973,D,S,T,2024-10-07,1000000.00,4.321772,97.390625
08:01:23,912810UD8,TSRYS5870973,D,S,T,2024-10-07,1000000.00,4.341475,97.134640625
08:01:23,912810UD8,TSRYS5870973,D,S,T,2024-10-07,1000000.00,4.341625,97.1326875
08:01:23,912810UD8,TSRYS5870973,D,S,T,2024-10-07,1000000.00,4.320572,97.40625
08:01:23,912810UD8,TSRYS5870973,D,S,T,2024-10-07,1000000.00,4.332603,97.2498
08:01:23,912810UD8,TSRYS5870973,D,S,C,2024-10-07,1000000.00,4.332738,97.24804687
08:01:23,912810UD8,TSRYS5870973,D,S,C,2024-10-07,1000000.00,4.332587,97.25
08:01:23,912810UD8,TSRYS5870973,D,S,T,2024-10-07,2000000.00,4.332587,97.25
08:01:23,912810UD8,TSRYS5870973,D,S,D,2024-10-07,1000000.00,4.317572,97.4453125
08:01:23,912810UD8,TSRYS5870973,D,S,T,2024-10-07,1000000.00,4.321787,97.390425
08:01:23,912810UD8,TSRYS5870973,D,S,T,2024-10-07,1000000.00,4.321787,97.390425
08:01:23,912810UD8,TSRYS5870973,D,S,D,2024-10-07,1000000.00,4.334392,97.2265625
08:01:23,912810UD8,TSRYS5870973,D,S,T,2024-10-07,1000000.00,4.332603,97.2498
08:01:23,912810UD8,TSRYS5870973,D,S,T,2024-10-07,1000000.00,4.317572,97.4453125
08:01:23,912810UD8,TSRYS5870973,D,S,D,2024-10-07,1000000.00,4.334392,97.2265625
08:01:23,912810UD8,TSRYS5870973,D,S,T,2024-10-07,1000000.00,4.334392,97.2265625
08:01:23,912810UD8,TSRYS5870973,D,S,D,2024-10-07,1000000.00,4.314273,97.48828125
08:01:23,912810UD8,TSRYS5870973,D,S,D,2024-10-07,1000000.00,4.314573,97.484375
08:01:23,912810UD8,TSRYS5870973,D,S,D,2024-10-07,1000000.00,4.314423,97.486328125
08:01:23,912810UD8,TSRYS5870973,D,S,D,2024-10-07,1000000.00,4.314273,97.48828125
08:01:23,912810UD8,TSRYS5870973,D,S,D,2024-10-07,1000000.00,4.314123,97.490234375
08:01:23,912810UD8,TSRYS5870973,D,S,D,2024-10-07,1000000.00,4.313974,97.4921875
08:01:23,912810UD8,TSRYS5870973,D,S,D,2024-10-07,1000000.00,4.313974,97.4921875
08:01:23,912810UD8,TSRYS5870973,D,S,D,2024-10-07,1000000.00,4.313974,97.4921875
08:01:23,912810UD8,TSRYS5870973,D,S,T,2024-10-07,1000000.00,4.341766,97.130859375
08:01:23,912810UD8,TSRYS5870973,D,S,D,2024-10-07,1000000.00,4.334392,97.2265625
08:01:24,912810UD8,TSRYS5870973,D,S,D,2024-10-07,1000000.00,4.317422,97.44726562
08:01:24,912810UD8,TSRYS5870973,D,S,D,2024-10-07,1000000.00,4.334392,97.2265625
08:01:24,912810UD8,TSRYS5870973,D,S,T,2024-10-07,2000000.00,4.332587,97.25
08:01:24,912810UD8,TSRYS5870973,D,S,D,2024-10-07,1000000.00,4.333038,97.24414062
08:01:24,912810UD8,TSRYS5870973,D,S,D,2024-10-07,1000000.00,4.334392,97.2265625
08:01:24,912810UD8,TSRYS5870973,D,S,T,2024-10-07,1000000.00,4.332888,97.24609375
08:01:24,912810UD8,TSRYS5870973,D,B,C,2024-10-07,1000000.00,4.313374,97.5
08:01:24,912810UD8,TSRYS5870973,D,S,D,2024-10-07,1000000.00,4.332888,97.24609375
08:01:25,912810UD8,TSRYS5870973,D,S,D,2024-10-07,1000000.00,4.321772,97.390625
08:01:25,912810UD8,TSRYS5870973,D,S,T,2024-10-07,1000000.00,4.33379,97.234375
08:01:25,912810UD8,TSRYS5870973,D,S,T,2024-10-07,2000000.00,4.342067,97.126953125
08:01:25,912810UD8,TSRYS5870973,D,S,T,2024-10-07,1000000.00,4.335009,97.21855
08:01:25,912810UD8,TSRYS5870973,D,S,T,2024-10-07,1000000.00,4.335009,97.21855
08:01:25,912810UD8,TSRYS5870973,D,S,T,2024-10-07,1000000.00,4.341013,97.140625
08:01:25,912810UD8,TSRYS5870973,D,S,T,2024-10-07,1000000.00,4.335009,97.21855
08:01:25,912810UD8,TSRYS5870973,D,S,T,2024-10-07,1000000.00,4.341465,97.134765625
08:01:25,912810UD8,TSRYS5870973,D,S,T,2024-10-07,1000000.00,4.341465,97.134765625
08:01:25,912810UD8,TSRYS5870973,D,S,T,2024-10-07,1000000.00,4.335009,97.21855
08:01:25,912810UD8,TSRYS5870973,D,S,T,2024-10-07,1000000.00,4.341475,97.134640625
08:01:26,912810UD8,TSRYS5870973,D,S,T,2024-10-07,1000000.00,4.335009,97.21855
08:01:26,912810UD8,TSRYS5870973,D,S,D,2024-10-07,1000000.00,4.332587,97.25
08:01:26,912810UD8,TSRYS5870973,D,S,T,2024-10-07,1000000.00,4.335009,97.21855
08:01:26,912810UD8,TSRYS5870973,D,S,T,2024-10-07,1000000.00,4.332599,97.249848
08:01:26,912810UD8,TSRYS5870973,D,S,T,2024-10-07,1000000.00,4.335009,97.21855
08:01:26,912810UD8,TSRYS5870973,D,S,C,2024-10-07,2000000.00,4.334542,97.22460937
08:01:26,912810UD8,TSRYS5870973,D,S,T,2024-10-07,2000000.00,4.332599,97.249848
08:01:26,912810UD8,TSRYS5870973,D,S,T,2024-10-07,1000000.00,4.334542,97.22460937
08:01:26,912810UD8,TSRYS5870973,D,S,T,2024-10-07,1000000.00,4.332599,97.249848
08:01:26,912810UD8,TSRYS5870973,D,S,T,2024-10-07,1000000.00,4.335009,97.21855
08:01:26,912810UD8,TSRYS5870973,D,S,D,2024-10-07,10000000.00,4.348547,97.04296875
08:01:26,912810UD8,TSRYS5870973,D,S,D,2024-10-07,1000000.00,4.321772,97.390625
08:01:26,912810UD8,TSRYS5870973,D,S,T,2024-10-07,1000000.00,4.341475,97.134640625
08:01:26,912810UD8,TSRYS5870973,D,S,D,2024-10-07,1000000.00,4.321472,97.39453125
08:01:26,912810UD8,TSRYS5870973,D,S,T,2024-10-07,1000000.00,4.332599,97.249848
08:01:26,912810UD8,TSRYS5870973,D,S,T,2024-10-07,1000000.00,4.332599,97.249848
08:01:26,912810UD8,TSRYS5870973,D,S,T,2024-10-07,1000000.00,4.332599,97.249848
08:01:26,912810UD8,TSRYS5870973,D,S,T,2024-10-07,1000000.00,4.334392,97.2265625
08:01:26,912810UD8,TSRYS5870973,D,S,D,2024-10-07,1000000.00,4.334392,97.2265625
08:01:26,912810UD8,TSRYS5870973,D,S,T,2024-10-07,1000000.00,4.332599,97.249848
08:01:26,912810UD8,TSRYS5870973,D,S,T,2024-10-07,1000000.00,4.332599,97.249848
08:01:26,912810UD8,TSRYS5870973,D,S,T,2024-10-07,1000000.00,4.332599,97.249848
08:01:26,912810UD8,TSRYS5870973,D,S,T,2024-10-07,1000000.00,4.332599,97.249848
08:01:26,912810UD8,TSRYS5870973,D,S,T,2024-10-07,1000000.00,4.332888,97.24609375
08:01:26,912810UD8,TSRYS5870973,D,S,T,2024-10-07,1000000.00,4.332888,97.24609375
08:01:26,912810UD8,TSRYS5870973,D,S,C,2024-10-07,1000000.00,4.316972,97.453125
08:01:26,912810UD8,TSRYS5870973,D,S,T,2024-10-07,1000000.00,4.340411,97.1484375
08:01:26,912810UD8,TSRYS5870973,D,S,T,2024-10-07,1000000.00,4.333941,97.23242187
08:01:26,912810UD8,TSRYS5870973,D,S,T,2024-10-07,1000000.00,4.341013,97.140625
08:01:26,912810UD8,TSRYS5870973,D,S,T,2024-10-07,1000000.00,4.341013,97.140625
08:01:26,912810UD8,TSRYS5870973,D,S,T,2024-10-07,1000000.00,4.341025,97.140473
08:01:26,912810UD8,TSRYS5870973,D,S,D,2024-10-07,1000000.00,4.334241,97.22851562
08:01:26,912810UD8,TSRYS5870973,D,S,T,2024-10-07,1000000.00,4.341025,97.140473
08:01:26,912810UD8,TSRYS5870973,D,S,T,2024-10-07,1000000.00,4.341025,97.140473
08:01:26,912810UD8,TSRYS5870973,D,S,T,2024-10-07,1000000.00,4.341025,97.140473
08:01:26,912810UD8,TSRYS5870973,D,S,T,2024-10-07,1000000.00,4.341025,97.140473
08:01:26,912810UD8,TSRYS5870973,D,S,T,2024-10-07,1000000.00,4.341025,97.140473
08:01:26,912810UD8,TSRYS5870973,D,S,T,2024-10-07,1000000.00,4.342679,97.119015625
08:01:26,912810UD8,TSRYS5870973,D,S,T,2024-10-07,1000000.00,4.341025,97.140473
08:01:26,912810UD8,TSRYS5870973,D,S,T,2024-10-07,1000000.00,4.341025,97.140473
08:01:26,912810UD8,TSRYS5870973,D,S,T,2024-10-07,1000000.00,4.341025,97.140473
08:01:26,912810UD8,TSRYS5870973,D,S,T,2024-10-07,1000000.00,4.341013,97.140625
08:01:26,912810UD8,TSRYS5870973,D,S,T,2024-10-07,1000000.00,4.341025,97.140473
08:01:26,912810UD8,TSRYS5870973,D,S,T,2024-10-07,1000000.00,4.341025,97.140473
08:01:27,912810UD8,TSRYS5870973,D,S,T,2024-10-07,1000000.00,4.341025,97.140473
08:01:27,912810UD8,TSRYS5870973,D,S,T,2024-10-07,1000000.00,4.341025,97.140473
08:01:27,912810UD8,TSRYS5870973,D,S,T,2024-10-07,1000000.00,4.341025,97.140473
08:01:27,912810UD8,TSRYS5870973,D,S,D,2024-10-07,1000000.00,4.317872,97.44140625
08:01:27,912810UD8,TSRYS5870973,D,S,T,2024-10-07,1000000.00,4.341025,97.140473
08:01:27,912810UD8,TSRYS5870973,D,S,D,2024-10-07,2000000.00,4.317872,97.44140625
08:01:27,912810UD8,TSRYS5870973,D,S,T,2024-10-07,1000000.00,4.341025,97.140473
08:01:27,912810UD8,TSRYS5870973,D,S,T,2024-10-07,1000000.00,4.341025,97.140473
08:01:27,912810UD8,TSRYS5870973,D,S,T,2024-10-07,1000000.00,4.341025,97.140473
08:01:27,912810UD8,TSRYS5870973,D,S,T,2024-10-07,1000000.00,4.341025,97.140473
08:01:27,912810UD8,TSRYS5870973,D,S,T,2024-10-07,1000000.00,4.341025,97.140473
08:01:27,912810UD8,TSRYS5870973,D,S,T,2024-10-07,1000000.00,4.341025,97.140473
08:01:27,912810UD8,TSRYS5870973,D,S,T,2024-10-07,1000000.00,4.341025,97.140473
08:01:27,912810UD8,TSRYS5870973,D,S,T,2024-10-07,1000000.00,4.341025,97.140473
08:01:27,912810UD8,TSRYS5870973,D,S,T,2024-10-07,1000000.00,4.341025,97.140473
08:01:27,912810UD8,TSRYS5870973,D,S,T,2024-10-07,1000000.00,4.341025,97.140473
08:01:27,912810UD8,TSRYS5870973,D,S,T,2024-10-07,1000000.00,4.341025,97.140473
08:01:27,912810UD8,TSRYS5870973,D,S,T,2024-10-07,1000000.00,4.341025,97.140473
08:01:27,912810UD8,TSRYS5870973,D,S,T,2024-10-07,1000000.00,4.341025,97.140473
08:01:27,912810UD8,TSRYS5870973,D,S,T,2024-10-07,1000000.00,4.341766,97.130859375
08:01:27,912810UD8,TSRYS5870973,D,S,T,2024-10-07,1000000.00,4.341025,97.140473
08:01:27,912810UD8,TSRYS5870973,D,S,T,2024-10-07,1000000.00,4.341314,97.13671875
08:01:27,912810UD8,TSRYS5870973,D,S,T,2024-10-07,1000000.00,4.341314,97.13671875
08:01:27,912810UD8,TSRYS5870973,D,S,T,2024-10-07,1000000.00,4.341314,97.13671875
08:01:27,912810UD8,TSRYS5870973,D,S,T,2024-10-07,1000000.00,4.341314,97.13671875
08:01:27,912810UD8,TSRYS5870973,D,S,T,2024-10-07,1000000.00,4.341615,97.1328125
08:01:27,912810UD8,TSRYS5870973,D,S,D,2024-10-07,1000000.00,4.318021,97.43945312
08:01:27,912810UD8,TSRYS5870973,D,S,T,2024-10-07,1000000.00,4.341314,97.13671875
08:01:27,912810UD8,TSRYS5870973,D,S,T,2024-10-07,1000000.00,4.341766,97.130859375
08:01:27,912810UD8,TSRYS5870973,D,S,T,2024-10-07,1000000.00,4.34223,97.124848
08:01:27,912810UD8,TSRYS5870973,D,S,T,2024-10-07,1000000.00,4.341766,97.130859375
08:01:27,912810UD8,TSRYS5870973,D,S,D,2024-10-07,1000000.00,4.334392,97.2265625
08:01:27,912810UD8,TSRYS5870973,D,S,D,2024-10-07,1000000.00,4.334241,97.22851562
08:01:27,912810UD8,TSRYS5870973,D,S,T,2024-10-07,1000000.00,4.341013,97.140625
08:01:27,912810UD8,TSRYS5870973,D,S,T,2024-10-07,1000000.00,4.341023,97.1405
08:01:28,912810UD8,TSRYS5870973,D,S,T,2024-10-07,1000000.00,4.334392,97.2265625
08:01:28,912810UD8,TSRYS5870973,D,S,T,2024-10-07,1000000.00,4.341013,97.140625
08:01:28,912810UD8,TSRYS5870973,D,S,D,2024-10-07,1000000.00,4.313824,97.494140625
08:01:28,912810UD8,TSRYS5870973,D,S,D,2024-10-07,1000000.00,4.334542,97.22460937
08:01:28,912810UD8,TSRYS5870973,D,S,D,2024-10-07,1000000.00,4.313524,97.498046875
08:01:28,912810UD8,TSRYS5870973,D,B,C,2024-10-07,1000000.00,4.313524,97.498046875
08:01:28,912810UD8,TSRYS5870973,D,S,D,2024-10-07,1000000.00,4.313524,97.498046875
08:01:28,912810UD8,TSRYS5870973,D,B,C,2024-10-07,1000000.00,4.313524,97.498046875
08:01:28,912810UD8,TSRYS5870973,D,S,D,2024-10-07,1000000.00,4.313524,97.498046875
08:01:28,912810UD8,TSRYS5870973,D,S,D,2024-10-07,1000000.00,4.313524,97.498046875
08:01:28,912810UD8,TSRYS5870973,D,B,C,2024-10-07,1000000.00,4.313524,97.498046875
08:01:28,912810UD8,TSRYS5870973,D,S,D,2024-10-07,1000000.00,4.313374,97.5
08:01:28,912810UD8,TSRYS5870973,D,S,D,2024-10-07,1000000.00,4.313374,97.5
08:01:28,912810UD8,TSRYS5870973,D,S,D,2024-10-07,1000000.00,4.313374,97.5
08:01:28,912810UD8,TSRYS5870973,D,S,D,2024-10-07,1000000.00,4.313374,97.5
08:01:28,912810UD8,TSRYS5870973,D,S,D,2024-10-07,1000000.00,4.313374,97.5
08:01:28,912810UD8,TSRYS5870973,D,S,D,2024-10-07,1000000.00,4.313374,97.5
08:01:28,912810UD8,TSRYS5870973,D,S,D,2024-10-07,1000000.00,4.313374,97.5
08:01:28,912810UD8,TSRYS5870973,D,S,T,2024-10-07,1000000.00,4.341314,97.13671875
08:01:28,912810UD8,TSRYS5870973,D,S,T,2024-10-07,1000000.00,4.334392,97.2265625
08:01:28,912810UD8,TSRYS5870973,D,B,C,2024-10-07,1000000.00,4.313374,97.5
08:01:28,912810UD8,TSRYS5870973,D,S,D,2024-10-07,1000000.00,4.313374,97.5
08:01:28,912810UD8,TSRYS5870973,D,B,C,2024-10-07,1000000.00,4.313374,97.5
08:01:28,912810UD8,TSRYS5870973,D,S,T,2024-10-07,1000000.00,4.341314,97.13671875
08:01:28,912810UD8,TSRYS5870973,D,S,T,2024-10-07,1000000.00,4.336197,97.203125
08:01:28,912810UD8,TSRYS5870973,D,S,T,2024-10-07,1000000.00,4.336197,97.203125
08:01:28,912810UD8,TSRYS5870973,D,S,D,2024-10-07,1000000.00,4.334392,97.2265625
08:01:28,912810UD8,TSRYS5870973,D,S,T,2024-10-07,1000000.00,4.341314,97.13671875
08:01:28,912810UD8,TSRYS5870973,D,S,D,2024-10-07,1000000.00,4.321772,97.390625
08:01:28,912810UD8,TSRYS5870973,D,S,T,2024-10-07,1000000.00,4.341314,97.13671875
08:01:28,912810UD8,TSRYS5870973,D,S,D,2024-10-07,1000000.00,4.313974,97.4921875
08:01:28,912810UD8,TSRYS5870973,D,B,C,2024-10-07,1000000.00,4.313974,97.4921875
08:01:29,912810UD8,TSRYS5870973,D,S,T,2024-10-07,1000000.00,4.341917,97.12890625
08:01:29,912810UD8,TSRYS5870973,D,S,D,2024-10-07,1000000.00,4.312925,97.505859375
08:01:29,912810UD8,TSRYS5870973,D,S,T,2024-10-07,1000000.00,4.321787,97.390425
08:01:29,912810UD8,TSRYS5870973,D,S,T,2024-10-07,1000000.00,4.342218,97.125
08:01:29,912810UD8,TSRYS5870973,D,S,T,2024-10-07,1000000.00,4.321787,97.390425
08:01:29,912810UD8,TSRYS5870973,D,S,T,2024-10-07,1000000.00,4.321787,97.390425
08:01:29,912810UD8,TSRYS5870973,D,S,T,2024-10-07,1000000.00,4.325225,97.34570312
08:01:29,912810UD8,TSRYS5870973,D,S,T,2024-10-07,1000000.00,4.321787,97.390425
08:01:29,912810UD8,TSRYS5870973,D,S,T,2024-10-07,1000000.00,4.321787,97.390425
08:01:30,912810UD8,TSRYS5870973,D,S,D,2024-10-07,1000000.00,4.325225,97.34570312
08:01:30,912810UD8,TSRYS5870973,D,S,C,2024-10-07,11000000.00,4.331766,97.26067
08:01:30,912810UD8,TSRYS5870973,D,B,C,2024-10-07,1000000.00,4.312175,97.515625
08:01:30,912810UD8,TSRYS5870973,D,S,D,2024-10-07,1000000.00,4.312175,97.515625
08:01:30,912810UD8,TSRYS5870973,D,S,T,2024-10-07,1000000.00,4.347501,97.056515625
08:01:30,912810UD8,TSRYS5870973,D,S,T,2024-10-07,1000000.00,4.347802,97.052609375
08:01:30,912810UD8,TSRYS5870973,D,S,T,2024-10-07,1000000.00,4.347802,97.052609375
08:01:30,912810UD8,TSRYS5870973,D,S,T,2024-10-07,1000000.00,4.335144,97.216796875
08:01:30,912810UD8,TSRYS5870973,D,S,T,2024-10-07,2000000.00,4.348245,97.046875
08:01:31,912810UD8,TSRYS5870973,D,S,D,2024-10-07,1000000.00,4.322072,97.38671875
08:01:31,912810UD8,TSRYS5870973,D,S,T,2024-10-07,1000000.00,4.347642,97.0546875
08:01:31,912810UD8,TSRYS5870973,D,S,T,2024-10-07,2000000.00,4.347501,97.056515625
08:01:31,912810UD8,TSRYS5870973,D,S,T,2024-10-07,1000000.00,4.347491,97.056640625
08:01:31,912810UD8,TSRYS5870973,D,S,T,2024-10-07,1000000.00,4.347491,97.056640625
08:01:31,912810UD8,TSRYS5870973,D,S,D,2024-10-07,1000000.00,4.334241,97.22851562
08:01:31,912810UD8,TSRYS5870973,D,S,C,2024-10-07,1000000.00,4.312775,97.5078125
08:01:31,912810UD8,TSRYS5870973,D,S,D,2024-10-07,1000000.00,4.312026,97.517578125
08:01:31,912810UD8,TSRYS5870973,D,S,D,2024-10-07,1000000.00,4.312026,97.517578125
08:01:31,912810UD8,TSRYS5870973,D,S,D,2024-10-07,1000000.00,4.312026,97.517578125
08:01:31,912810UD8,TSRYS5870973,D,S,D,2024-10-07,1000000.00,4.312026,97.517578125
08:01:31,912810UD8,TSRYS5870973,D,S,D,2024-10-07,1000000.00,4.312026,97.517578125
08:01:31,912810UD8,TSRYS5870973,D,S,D,2024-10-07,1000000.00,4.312325,97.513671875
08:01:31,912810UD8,TSRYS5870973,D,S,D,2024-10-07,1000000.00,4.312325,97.513671875
08:01:31,912810UD8,TSRYS5870973,D,S,D,2024-10-07,1000000.00,4.312325,97.513671875
08:01:31,912810UD8,TSRYS5870973,D,S,D,2024-10-07,1000000.00,4.312175,97.515625
08:01:31,912810UD8,TSRYS5870973,D,S,D,2024-10-07,1000000.00,4.311726,97.521484375
08:01:31,912810UD8,TSRYS5870973,D,S,D,2024-10-07,1000000.00,4.311576,97.5234375
08:01:31,912810UD8,TSRYS5870973,D,S,D,2024-10-07,1000000.00,4.311426,97.525390625
08:01:31,912810UD8,TSRYS5870973,D,S,D,2024-10-07,1000000.00,4.312175,97.515625
08:01:31,912810UD8,TSRYS5870973,D,S,T,2024-10-07,1000000.00,4.335746,97.20898437
08:01:31,912810UD8,TSRYS5870973,D,S,D,2024-10-07,1000000.00,4.335746,97.20898437
08:01:31,912810UD8,TSRYS5870973,D,S,T,2024-10-07,1000000.00,4.319387,97.421675
08:01:32,912810UD8,TSRYS5870973,D,S,T,2024-10-07,1000000.00,4.335009,97.21855
08:01:32,912810UD8,TSRYS5870973,D,S,T,2024-10-07,1000000.00,4.335009,97.21855
08:01:32,912810UD8,TSRYS5870973,D,S,T,2024-10-07,1000000.00,4.319387,97.421675
08:01:32,912810UD8,TSRYS5870973,D,S,T,2024-10-07,1000000.00,4.335009,97.21855
08:01:32,912810UD8,TSRYS5870973,D,S,T,2024-10-07,1000000.00,4.319387,97.421675
08:01:32,912810UD8,TSRYS5870973,D,S,T,2024-10-07,1000000.00,4.319387,97.421675
08:01:32,912810UD8,TSRYS5870973,D,S,T,2024-10-07,2000000.00,4.319387,97.421675
08:01:32,912810UD8,TSRYS5870973,D,S,D,2024-10-07,1000000.00,4.317272,97.44921875
08:01:32,912810UD8,TSRYS5870973,D,S,A,2024-10-07,40000000.00,4.33,97.283804
08:01:32,912810UD8,TSRYS5870973,D,B,C,2024-10-07,1000000.00,4.312175,97.51545
08:01:32,912810UD8,TSRYS5870973,D,S,A,2024-10-07,40000000.00,4.33,97.283804
08:01:32,912810UD8,TSRYS5870973,D,S,C,2024-10-07,1000000.00,4.312175,97.515625
08:01:32,912810UD8,TSRYS5870973,D,S,D,2024-10-07,9717000.00,4.312775,97.5078125
08:01:32,912810UD8,TSRYS5870973,D,S,D,2024-10-07,1000000.00,4.338906,97.16796875
08:01:33,912810UD8,TSRYS5870973,D,S,D,2024-10-07,1000000.00,4.322072,97.38671875
08:01:33,912810UD8,TSRYS5870973,D,S,T,2024-10-07,1000000.00,4.321772,97.390625
08:01:33,912810UD8,TSRYS5870973,D,S,D,2024-10-07,1000000.00,4.321772,97.390625
08:01:33,912810UD8,TSRYS5870973,D,S,D,2024-10-07,38000000.00,4.341145,97.13891
08:01:33,912810UD8,TSRYS5870973,D,S,T,2024-10-07,1000000.00,4.321787,97.390425
08:01:33,912810UD8,TSRYS5870973,D,S,T,2024-10-07,1000000.00,4.321772,97.390625
08:01:33,912810UD8,TSRYS5870973,D,S,T,2024-10-07,1000000.00,4.343435,97.109223
08:01:34,912810UD8,TSRYS5870973,D,S,T,2024-10-07,1000000.00,4.334843,97.22070312
08:01:34,912810UD8,TSRYS5870973,D,S,D,2024-10-07,1000000.00,4.334843,97.22070312
08:01:34,912810UD8,TSRYS5870973,D,S,T,2024-10-07,1000000.00,4.33379,97.234375
08:01:34,912810UD8,TSRYS5870973,D,S,D,2024-10-07,1000000.00,4.321772,97.390625
08:01:34,912810UD8,TSRYS5870973,D,S,T,2024-10-07,1000000.00,4.336197,97.203125
08:01:34,912810UD8,TSRYS5870973,D,B,C,2024-10-07,1000000.00,4.312175,97.515625
08:01:34,912810UD8,TSRYS5870973,D,S,D,2024-10-07,2000000.00,4.317272,97.44921875
08:01:34,912810UD8,TSRYS5870973,D,S,C,2024-10-07,1000000.00,4.312175,97.515625
08:01:34,912810UD8,TSRYS5870973,D,B,C,2024-10-07,1000000.00,4.312175,97.515625
08:01:34,912810UD8,TSRYS5870973,D,S,T,2024-10-07,1000000.00,4.321787,97.390425
08:01:34,912810UD8,TSRYS5870973,D,S,D,2024-10-07,1000000.00,4.336197,97.203125
08:01:34,912810UD8,TSRYS5870973,D,S,C,2024-10-07,2000000.00,4.332888,97.24609375
08:01:34,912810UD8,TSRYS5870973,D,S,T,2024-10-07,1000000.00,4.321772,97.390625
08:01:34,912810UD8,TSRYS5870973,D,S,D,2024-10-07,1000000.00,4.333038,97.24414062
08:01:34,912810UD8,TSRYS5870973,D,S,D,2024-10-07,1000000.00,4.333038,97.24414062
08:01:34,912810UD8,TSRYS5870973,D,S,T,2024-10-07,1000000.00,4.321787,97.390425
08:01:34,912810UD8,TSRYS5870973,D,S,T,2024-10-07,1000000.00,4.321772,97.390625
08:01:34,912810UD8,TSRYS5870973,D,S,D,2024-10-07,1000000.00,4.34282,97.1171875
08:01:35,912810UD8,TSRYS5870973,D,S,T,2024-10-07,1000000.00,4.332437,97.25195312
08:01:35,912810UD8,TSRYS5870973,D,S,T,2024-10-07,1000000.00,4.321787,97.390425
08:01:35,912810UD8,TSRYS5870973,D,S,T,2024-10-07,1000000.00,4.321772,97.390625
08:01:35,912810UD8,TSRYS5870973,D,S,D,2024-10-07,1000000.00,4.332437,97.25195312
08:01:35,912810UD8,TSRYS5870973,D,S,T,2024-10-07,1000000.00,4.332603,97.2498
08:01:35,912810UD8,TSRYS5870973,D,S,D,2024-10-07,1000000.00,4.330934,97.27148437
08:01:35,912810UD8,TSRYS5870973,D,S,D,2024-10-07,1000000.00,4.330934,97.27148437
08:01:35,912810UD8,TSRYS5870973,D,S,T,2024-10-07,1000000.00,4.33364,97.23632812
08:01:35,912810UD8,TSRYS5870973,D,S,D,2024-10-07,1000000.00,4.33364,97.23632812
08:01:35,912810UD8,TSRYS5870973,D,S,C,2024-10-07,1000000.00,4.312175,97.515625
08:01:35,912810UD8,TSRYS5870973,D,S,D,2024-10-07,1000000.00,4.311876,97.51953125
08:01:35,912810UD8,TSRYS5870973,D,B,C,2024-10-07,1000000.00,4.312175,97.515625
08:01:35,912810UD8,TSRYS5870973,D,S,D,2024-10-07,1000000.00,4.312175,97.515625
08:01:35,912810UD8,TSRYS5870973,D,B,C,2024-10-07,1000000.00,4.312175,97.515625
08:01:35,912810UD8,TSRYS5870973,D,S,D,2024-10-07,1000000.00,4.312175,97.515625
08:01:35,912810UD8,TSRYS5870973,D,S,D,2024-10-07,1000000.00,4.312175,97.515625
08:01:35,912810UD8,TSRYS5870973,D,B,C,2024-10-07,22000000.00,4.322151,97.38569
08:01:35,912810UD8,TSRYS5870973,D,S,D,2024-10-07,1000000.00,4.312175,97.515625
08:01:35,912810UD8,TSRYS5870973,D,S,D,2024-10-07,1000000.00,4.312026,97.517578125
08:01:35,912810UD8,TSRYS5870973,D,S,D,2024-10-07,1000000.00,4.312026,97.517578125
08:01:35,912810UD8,TSRYS5870973,D,S,D,2024-10-07,1000000.00,4.312026,97.517578125
08:01:35,912810UD8,TSRYS5870973,D,S,D,2024-10-07,1000000.00,4.312026,97.517578125
08:01:35,912810UD8,TSRYS5870973,D,S,D,2024-10-07,1000000.00,4.312026,97.517578125
08:01:35,912810UD8,TSRYS5870973,D,B,C,2024-10-07,1000000.00,4.312175,97.515625
08:01:35,912810UD8,TSRYS5870973,D,S,D,2024-10-07,1000000.00,4.312175,97.515625
08:01:35,912810UD8,TSRYS5870973,D,B,C,2024-10-07,1000000.00,4.312175,97.51545
08:01:35,912810UD8,TSRYS5870973,D,S,D,2024-10-07,1000000.00,4.312175,97.515625
08:01:35,912810UD8,TSRYS5870973,D,S,D,2024-10-07,1000000.00,4.313674,97.49609375
08:01:35,912810UD8,TSRYS5870973,D,S,D,2024-10-07,1000000.00,4.313374,97.5
08:01:35,912810UD8,TSRYS5870973,D,S,D,2024-10-07,1000000.00,4.314573,97.484375
08:01:35,912810UD8,TSRYS5870973,D,B,C,2024-10-07,1000000.00,4.338906,97.16796875
08:01:35,912810UD8,TSRYS5870973,D,S,D,2024-10-07,1000000.00,4.338906,97.16796875
08:01:36,912810UD8,TSRYS5870973,D,S,D,2024-10-07,1000000.00,4.319671,97.41796875
08:01:36,912810UD8,TSRYS5870973,D,S,D,2024-10-07,1000000.00,4.339809,97.15625
08:01:36,912810UD8,TSRYS5870973,D,S,D,2024-10-07,1000000.00,4.339809,97.15625
08:01:36,912810UD8,TSRYS5870973,D,B,C,2024-10-07,1000000.00,4.339809,97.15625
08:01:36,912810UD8,TSRYS5870973,D,S,D,2024-10-07,1000000.00,4.339809,97.15625
08:01:36,912810UD8,TSRYS5870973,D,S,D,2024-10-07,1000000.00,4.340411,97.1484375
08:01:36,912810UD8,TSRYS5870973,D,S,D,2024-10-07,1000000.00,4.339809,97.15625
08:01:36,912810UD8,TSRYS5870973,D,S,D,2024-10-07,1000000.00,4.339809,97.15625
08:01:36,912810UD8,TSRYS5870973,D,S,D,2024-10-07,1000000.00,4.339809,97.15625
08:01:36,912810UD8,TSRYS5870973,D,B,C,2024-10-07,1000000.00,4.316972,97.45295
08:01:36,912810UD8,TSRYS5870973,D,S,D,2024-10-07,1000000.00,4.316972,97.453125
08:01:36,912810UD8,TSRYS5870973,D,S,D,2024-10-07,1000000.00,4.316972,97.453125
08:01:36,912810UD8,TSRYS5870973,D,B,C,2024-10-07,1000000.00,4.316972,97.453125
08:01:36,912810UD8,TSRYS5870973,D,B,A,2024-10-07,500000.00,4.336197,97.203125
08:01:36,912810UD8,TSRYS5870973,D,S,D,2024-10-07,1000000.00,4.334542,97.22460937
08:01:37,912810UD8,TSRYS5870973,D,S,C,2024-10-07,1000000.00,4.317122,97.45117187
08:01:37,912810UD8,TSRYS5870973,D,S,T,2024-10-07,1000000.00,4.334542,97.22460937
08:01:37,912810UD8,TSRYS5870973,D,S,D,2024-10-07,2000000.00,4.340411,97.1484375
08:01:37,912810UD8,TSRYS5870973,D,S,D,2024-10-07,1000000.00,4.340411,97.1484375
08:01:37,912810UD8,TSRYS5870973,D,S,D,2024-10-07,2000000.00,4.340411,97.1484375
08:01:37,912810UD8,TSRYS5870973,D,S,D,2024-10-07,1000000.00,4.334542,97.22460937
08:01:37,912810UD8,TSRYS5870973,D,S,A,2024-10-07,29500.00,4.316085,97.46484375
08:01:37,912810UD8,TSRYS5870973,D,B,C,2024-10-07,10000000.00,4.321879,97.38923
08:01:37,912810UD8,TSRYS5870973,D,S,D,2024-10-07,1000000.00,4.316972,97.453125
08:01:38,912810UD8,TSRYS5870973,D,S,T,2024-10-07,1000000.00,4.33379,97.234375
08:01:38,912810UD8,TSRYS5870973,D,S,C,2024-10-07,1000000.00,4.316972,97.453125
08:01:38,912810UD8,TSRYS5870973,D,B,C,2024-10-07,1000000.00,4.316972,97.453125
08:01:38,912810UD8,TSRYS5870973,D,S,D,2024-10-07,1000000.00,4.316972,97.453125
08:01:38,912810UD8,TSRYS5870973,D,S,D,2024-10-07,1000000.00,4.316972,97.453125
08:01:38,912810UD8,TSRYS5870973,D,B,C,2024-10-07,1000000.00,4.316972,97.453125
08:01:38,912810UD8,TSRYS5870973,D,B,C,2024-10-07,1000000.00,4.316972,97.45295
08:01:38,912810UD8,TSRYS5870973,D,S,D,2024-10-07,1000000.00,4.316972,97.453125
08:01:38,912810UD8,TSRYS5870973,D,S,A,2024-10-07,500000.00,4.315472,97.47265625
08:01:38,912810UD8,TSRYS5870973,D,S,C,2024-10-07,2000000.00,4.319671,97.41796875
08:01:38,912810UD8,TSRYS5870973,D,S,C,2024-10-07,1000000.00,4.316972,97.453125
08:01:38,912810UD8,TSRYS5870973,D,S,C,2024-10-07,1000000.00,4.316972,97.453125
08:01:38,912810UD8,TSRYS5870973,D,S,D,2024-10-07,1000000.00,4.317572,97.4453125
08:01:39,912810UD8,TSRYS5870973,D,S,T,2024-10-07,2000000.00,4.322973,97.375
08:01:39,912810UD8,TSRYS5870973,D,B,C,2024-10-07,2000000.00,4.321026,97.40034
08:01:39,912810UD8,TSRYS5870973,D,B,C,2024-10-07,17000000.00,4.334329,97.22738
08:01:39,912810UD8,TSRYS5870973,D,S,T,2024-10-07,1000000.00,4.336347,97.20117187
08:01:40,912810UD8,TSRYS5870973,D,S,D,2024-10-07,1000000.00,4.334542,97.22460937
08:01:40,912810UD8,TSRYS5870973,D,S,D,2024-10-07,1000000.00,4.336347,97.20117187
08:01:40,912810UD8,TSRYS5870973,D,S,C,2024-10-07,1000000.00,4.320572,97.40625
08:01:40,912810UD8,TSRYS5870973,D,S,A,2024-10-07,470000.00,4.338003,97.1796875
08:01:40,912810UD8,TSRYS5870973,D,S,D,2024-10-07,1000000.00,4.334542,97.22460937
08:01:40,912810UD8,TSRYS5870973,D,S,T,2024-10-07,1000000.00,4.33379,97.234375
08:01:40,912810UD8,TSRYS5870973,D,S,C,2024-10-07,2000000.00,4.330608,97.27572
08:01:40,912810UD8,TSRYS5870973,D,S,T,2024-10-07,1000000.00,4.321322,97.39648437
08:01:40,912810UD8,TSRYS5870973,D,S,D,2024-10-07,1000000.00,4.319671,97.41796875
08:01:41,912810UD8,TSRYS5870973,D,S,D,2024-10-07,1000000.00,4.321322,97.39648437
08:01:41,912810UD8,TSRYS5870973,D,B,A,2024-10-07,1440000.00,4.341615,97.1328125
08:01:41,912810UD8,TSRYS5870973,D,S,D,2024-10-07,1000000.00,4.321322,97.39648437
08:01:41,912810UD8,TSRYS5870973,D,S,D,2024-10-07,1000000.00,4.321472,97.39453125
08:01:41,912810UD8,TSRYS5870973,D,S,D,2024-10-07,1000000.00,4.321172,97.3984375
08:01:41,912810UD8,TSRYS5870973,D,S,D,2024-10-07,1000000.00,4.319821,97.416015625
08:01:41,912810UD8,TSRYS5870973,D,S,D,2024-10-07,1000000.00,4.320272,97.41015625
08:01:41,912810UD8,TSRYS5870973,D,S,D,2024-10-07,1000000.00,4.320572,97.40625
08:01:41,912810UD8,TSRYS5870973,D,S,D,2024-10-07,1000000.00,4.320572,97.40625
08:01:41,912810UD8,TSRYS5870973,D,S,D,2024-10-07,1000000.00,4.320572,97.40625
08:01:41,912810UD8,TSRYS5870973,D,S,D,2024-10-07,1000000.00,4.320572,97.40625
08:01:41,912810UD8,TSRYS5870973,D,S,D,2024-10-07,1000000.00,4.320572,97.40625
08:01:41,912810UD8,TSRYS5870973,D,S,D,2024-10-07,1000000.00,4.320572,97.40625
08:01:41,912810UD8,TSRYS5870973,D,S,D,2024-10-07,1000000.00,4.321472,97.39453125
08:01:41,912810UD8,TSRYS5870973,D,B,A,2024-10-07,3000.00,4.330197,97.28125
08:01:41,912810UD8,TSRYS5870973,D,S,D,2024-10-07,1000000.00,4.321322,97.39648437
08:01:41,912810UD8,TSRYS5870973,D,S,D,2024-10-07,1000000.00,4.321172,97.3984375
08:01:41,912810UD8,TSRYS5870973,D,S,D,2024-10-07,1000000.00,4.321172,97.3984375
08:01:41,912810UD8,TSRYS5870973,D,S,A,2024-10-07,54400.00,4.329595,97.2890625
08:01:42,912810UD8,TSRYS5870973,D,B,C,2024-10-07,1000000.00,4.319371,97.421875
08:01:42,912810UD8,TSRYS5870973,D,S,C,2024-10-07,1000000.00,4.319371,97.421875
08:01:42,912810UD8,TSRYS5870973,D,S,D,2024-10-07,1000000.00,4.337401,97.1875
08:01:42,912810UD8,TSRYS5870973,D,S,D,2024-10-07,2000000.00,4.337401,97.1875
08:01:42,912810UD8,TSRYS5870973,D,S,D,2024-10-07,1000000.00,4.337401,97.1875
08:01:42,912810UD8,TSRYS5870973,D,S,D,2024-10-07,1000000.00,4.337401,97.1875
08:01:42,912810UD8,TSRYS5870973,D,S,T,2024-10-07,1000000.00,4.321472,97.39453125
08:01:42,912810UD8,TSRYS5870973,D,S,D,2024-10-07,1000000.00,4.321022,97.400390625
08:01:42,912810UD8,TSRYS5870973,D,S,D,2024-10-07,1000000.00,4.321022,97.400390625
08:01:42,912810UD8,TSRYS5870973,D,S,D,2024-10-07,1000000.00,4.321472,97.39453125
08:01:42,912810UD8,TSRYS5870973,D,S,D,2024-10-07,2000000.00,4.321472,97.39453125
08:01:42,912810UD8,TSRYS5870973,D,S,T,2024-10-07,1000000.00,4.336347,97.20117187
08:01:42,912810UD8,TSRYS5870973,D,S,C,2024-10-07,1000000.00,4.319371,97.421875
08:01:42,912810UD8,TSRYS5870973,D,S,D,2024-10-07,1000000.00,4.319521,97.419921875
08:01:42,912810UD8,TSRYS5870973,D,S,D,2024-10-07,1000000.00,4.319371,97.421875
08:01:42,912810UD8,TSRYS5870973,D,S,D,2024-10-07,2000000.00,4.321472,97.39453125
08:01:42,912810UD8,TSRYS5870973,D,S,D,2024-10-07,1000000.00,4.336347,97.20117187
08:01:42,912810UD8,TSRYS5870973,D,S,D,2024-10-07,1000000.00,4.321772,97.390625
08:01:42,912810UD8,TSRYS5870973,D,S,D,2024-10-07,1000000.00,4.321772,97.390625
08:01:43,912810UD8,TSRYS5870973,D,S,D,2024-10-07,1000000.00,4.321772,97.390625
08:01:43,912810UD8,TSRYS5870973,D,S,T,2024-10-07,2000000.00,4.332587,97.25
08:01:43,912810UD8,TSRYS5870973,D,S,D,2024-10-07,1000000.00,4.321172,97.3984375
08:01:43,912810UD8,TSRYS5870973,D,S,D,2024-10-07,1000000.00,4.321772,97.390625
08:01:43,912810UD8,TSRYS5870973,D,S,D,2024-10-07,1000000.00,4.321772,97.390625
08:01:43,912810UD8,TSRYS5870973,D,S,D,2024-10-07,1000000.00,4.321772,97.390625
08:01:43,912810UD8,TSRYS5870973,D,S,D,2024-10-07,1000000.00,4.321472,97.39453125
08:01:43,912810UD8,TSRYS5870973,D,S,D,2024-10-07,1000000.00,4.321172,97.3984375
08:01:43,912810UD8,TSRYS5870973,D,S,D,2024-10-07,1000000.00,4.321772,97.390625
08:01:43,912810UD8,TSRYS5870973,D,S,D,2024-10-07,1000000.00,4.336799,97.1953125
08:01:43,912810UD8,TSRYS5870973,D,S,D,2024-10-07,1000000.00,4.321322,97.396484375
08:01:43,912810UD8,TSRYS5870973,D,S,D,2024-10-07,1000000.00,4.321772,97.390625
08:01:43,912810UD8,TSRYS5870973,D,S,D,2024-10-07,1000000.00,4.336498,97.19921875
08:01:43,912810UD8,TSRYS5870973,D,S,D,2024-10-07,1000000.00,4.321772,97.390625
08:01:43,912810UD8,TSRYS5870973,D,S,D,2024-10-07,1000000.00,4.321772,97.390625
08:01:43,912810UD8,TSRYS5870973,D,S,D,2024-10-07,2000000.00,4.322973,97.375
08:01:43,912810UD8,TSRYS5870973,D,S,T,2024-10-07,1000000.00,4.341324,97.13659375
08:01:43,912810UD8,TSRYS5870973,D,S,T,2024-10-07,1000000.00,4.340561,97.146484375
08:01:43,912810UD8,TSRYS5870973,D,S,T,2024-10-07,1000000.00,4.340561,97.146484375
08:01:44,912810UD8,TSRYS5870973,D,S,T,2024-10-07,1000000.00,4.340722,97.14440625
08:01:44,912810UD8,TSRYS5870973,D,S,T,2024-10-07,1000000.00,4.341164,97.138671875
08:01:44,912810UD8,TSRYS5870973,D,S,T,2024-10-07,1000000.00,4.341314,97.13671875
08:01:44,912810UD8,TSRYS5870973,D,S,D,2024-10-07,1000000.00,4.331986,97.2578125
08:01:44,912810UD8,TSRYS5870973,D,S,T,2024-10-07,1000000.00,4.3314,97.265425
08:01:44,912810UD8,TSRYS5870973,D,S,D,2024-10-07,1000000.00,4.335294,97.21484375
08:01:44,912810UD8,TSRYS5870973,D,S,D,2024-10-07,1000000.00,4.334993,97.21875
08:01:44,912810UD8,TSRYS5870973,D,S,D,2024-10-07,1000000.00,4.334993,97.21875
08:01:44,912810UD8,TSRYS5870973,D,S,D,2024-10-07,1000000.00,4.332437,97.25195312
08:01:44,912810UD8,TSRYS5870973,D,B,C,2024-10-07,25000000.00,4.334399,97.22647
08:01:44,912810UD8,TSRYS5870973,D,S,T,2024-10-07,1000000.00,4.339818,97.156125
08:01:44,912810UD8,TSRYS5870973,D,S,T,2024-10-07,1000000.00,4.339668,97.158078125
08:01:44,912810UD8,TSRYS5870973,D,S,D,2024-10-07,1000000.00,4.330483,97.27734375
08:01:44,912810UD8,TSRYS5870973,D,S,D,2024-10-07,2000000.00,4.330483,97.27734375
08:01:44,912810UD8,TSRYS5870973,D,S,C,2024-10-07,1000000.00,4.340712,97.14453125
08:01:44,912810UD8,TSRYS5870973,D,S,T,2024-10-07,1000000.00,4.339818,97.156125
08:01:44,912810UD8,TSRYS5870973,D,S,T,2024-10-07,1000000.00,4.339826,97.156023
08:01:44,912810UD8,TSRYS5870973,D,B,C,2024-10-07,25000000.00,4.334399,97.22647
08:01:44,912810UD8,TSRYS5870973,D,S,T,2024-10-07,1000000.00,4.339668,97.158078125
08:01:44,912810UD8,TSRYS5870973,D,S,C,2024-10-07,29000000.00,4.313403,97.49962
08:01:44,912810UD8,TSRYS5870973,D,S,T,2024-10-07,1000000.00,4.339668,97.158078125
08:01:44,912810UD8,TSRYS5870973,D,S,T,2024-10-07,1000000.00,4.340411,97.1484375
08:01:44,912810UD8,TSRYS5870973,D,S,T,2024-10-07,1000000.00,4.339668,97.158078125
08:01:45,912810UD8,TSRYS5870973,D,S,C,2024-10-07,5000000.00,4.312871,97.50656
08:01:45,912810UD8,TSRYS5870973,D,S,T,2024-10-07,1000000.00,4.339668,97.158078125
08:01:45,912810UD8,TSRYS5870973,D,S,A,2024-10-07,15000000.00,4.316672,97.45703125
08:01:45,912810UD8,TSRYS5870973,D,B,C,2024-10-07,1000000.00,4.3371,97.19140625
08:01:45,912810UD8,TSRYS5870973,D,S,D,2024-10-07,1000000.00,4.3371,97.19140625
08:01:45,912810UD8,TSRYS5870973,D,S,T,2024-10-07,1000000.00,4.336197,97.203125
08:01:45,912810UD8,TSRYS5870973,D,S,A,2024-10-07,7500.00,4.340426,97.1484375
08:01:45,912810UD8,TSRYS5870973,D,S,D,2024-10-07,1000000.00,4.330332,97.27929687
08:01:45,912810UD8,TSRYS5870973,D,S,D,2024-10-07,1000000.00,4.336197,97.203125
08:01:46,912810UD8,TSRYS5870973,D,S,T,2024-10-07,1000000.00,4.339668,97.158078125
08:01:46,912810UD8,TSRYS5870973,D,S,T,2024-10-07,1000000.00,4.346286,97.072265625
08:01:46,912810UD8,TSRYS5870973,D,B,A,2024-10-07,650000.00,4.313674,97.49609375
08:01:46,912810UD8,TSRYS5870973,D,S,T,2024-10-07,1000000.00,4.33379,97.234375
08:01:46,912810UD8,TSRYS5870973,D,S,T,2024-10-07,2000000.00,4.332587,97.25
08:01:46,912810UD8,TSRYS5870973,D,S,T,2024-10-07,1000000.00,4.338605,97.171875
08:01:46,912810UD8,TSRYS5870973,D,S,T,2024-10-07,1000000.00,4.337551,97.185546875
08:01:46,912810UD8,TSRYS5870973,D,S,D,2024-10-07,1000000.00,4.338003,97.1796875
08:01:46,912810UD8,TSRYS5870973,D,B,C,2024-10-07,1000000.00,4.338906,97.16796875
08:01:46,912810UD8,TSRYS5870973,D,S,D,2024-10-07,1000000.00,4.338906,97.16796875
08:01:47,912810UD8,TSRYS5870973,D,S,D,2024-10-07,1000000.00,4.338906,97.16796875
08:01:47,912810UD8,TSRYS5870973,D,S,D,2024-10-07,1000000.00,4.338906,97.16796875
08:01:47,912810UD8,TSRYS5870973,D,S,D,2024-10-07,1000000.00,4.334392,97.2265625
08:01:47,912810UD8,TSRYS5870973,D,S,D,2024-10-07,1000000.00,4.334392,97.2265625
08:01:47,912810UD8,TSRYS5870973,D,S,T,2024-10-07,1000000.00,4.332587,97.25
08:01:47,912810UD8,TSRYS5870973,D,S,D,2024-10-07,1000000.00,4.321322,97.396484375
08:01:47,912810UD8,TSRYS5870973,D,S,D,2024-10-07,1000000.00,4.321472,97.39453125
08:01:47,912810UD8,TSRYS5870973,D,S,T,2024-10-07,1000000.00,4.332587,97.25
08:01:47,912810UD8,TSRYS5870973,D,S,D,2024-10-07,1000000.00,4.321472,97.39453125
08:01:47,912810UD8,TSRYS5870973,D,S,T,2024-10-07,1000000.00,4.338605,97.171875
08:01:47,912810UD8,TSRYS5870973,D,S,D,2024-10-07,1000000.00,4.321472,97.39453125
08:01:47,912810UD8,TSRYS5870973,D,B,C,2024-10-07,50000000.00,4.334399,97.22647
08:01:47,912810UD8,TSRYS5870973,D,S,D,2024-10-07,1000000.00,4.321472,97.39453125
08:01:47,912810UD8,TSRYS5870973,D,S,T,2024-10-07,1000000.00,4.336197,97.203125
08:01:47,912810UD8,TSRYS5870973,D,S,D,2024-10-07,1000000.00,4.321472,97.39453125
08:01:47,912810UD8,TSRYS5870973,D,S,D,2024-10-07,1000000.00,4.321472,97.39453125
08:01:47,912810UD8,TSRYS5870973,D,S,T,2024-10-07,1000000.00,4.336197,97.203125
08:01:48,912810UD8,TSRYS5870973,D,S,D,2024-10-07,1000000.00,4.340411,97.1484375
08:01:48,912810UD8,TSRYS5870973,D,S,T,2024-10-07,1000000.00,4.334241,97.22851562
08:01:48,912810UD8,TSRYS5870973,D,S,D,2024-10-07,2000000.00,4.340411,97.1484375
08:01:48,912810UD8,TSRYS5870973,D,S,D,2024-10-07,1000000.00,4.340411,97.1484375
08:01:48,912810UD8,TSRYS5870973,D,S,D,2024-10-07,1000000.00,4.340411,97.1484375
08:01:48,912810UD8,TSRYS5870973,D,S,D,2024-10-07,2000000.00,4.340411,97.1484375
08:01:48,912810UD8,TSRYS5870973,D,S,T,2024-10-07,1000000.00,4.321472,97.39453125
08:01:48,912810UD8,TSRYS5870973,D,S,D,2024-10-07,1000000.00,4.340411,97.1484375
08:01:48,912810UD8,TSRYS5870973,D,S,D,2024-10-07,1000000.00,4.321472,97.39453125
08:01:48,912810UD8,TSRYS5870973,D,S,D,2024-10-07,1000000.00,4.322823,97.376953125
08:01:48,912810UD8,TSRYS5870973,D,S,D,2024-10-07,2000000.00,4.323423,97.369140625
08:01:48,912810UD8,TSRYS5870973,D,S,T,2024-10-07,1000000.00,4.338614,97.17175
08:01:48,912810UD8,TSRYS5870973,D,S,T,2024-10-07,1000000.00,4.337401,97.1875
08:01:49,912810UD8,TSRYS5870973,D,S,D,2024-10-07,1000000.00,4.322673,97.37890625
08:01:49,912810UD8,TSRYS5870973,D,S,D,2024-10-07,1000000.00,4.322372,97.3828125
08:01:49,912810UD8,TSRYS5870973,D,S,D,2024-10-07,2000000.00,4.323573,97.3671875
08:01:49,912810UD8,TSRYS5870973,D,B,C,2024-10-07,1000000.00,4.339809,97.15625
08:01:49,912810UD8,TSRYS5870973,D,S,D,2024-10-07,1000000.00,4.339809,97.15625
08:01:49,912810UD8,TSRYS5870973,D,S,D,2024-10-07,1000000.00,4.323423,97.369140625
08:01:49,912810UD8,TSRYS5870973,D,S,T,2024-10-07,1000000.00,4.340863,97.142578125
08:01:49,912810UD8,TSRYS5870973,D,S,T,2024-10-07,1000000.00,4.336197,97.203125
08:01:50,912810UD8,TSRYS5870973,D,S,T,2024-10-07,1000000.00,4.341013,97.140625
08:01:50,912810UD8,TSRYS5870973,D,B,C,2024-10-07,1000000.00,4.338304,97.17578125
08:01:50,912810UD8,TSRYS5870973,D,S,D,2024-10-07,1000000.00,4.338304,97.17578125
08:01:50,912810UD8,TSRYS5870973,D,S,T,2024-10-07,1000000.00,4.339668,97.158078125
08:01:50,912810UD8,TSRYS5870973,D,S,D,2024-10-07,1000000.00,4.336799,97.1953125
08:01:50,912810UD8,TSRYS5870973,D,S,D,2024-10-07,1000000.00,4.320122,97.412109375
08:01:50,912810UD8,TSRYS5870973,D,B,C,2024-10-07,1000000.00,4.320122,97.412109375
08:01:50,912810UD8,TSRYS5870973,D,S,T,2024-10-07,2000000.00,4.339658,97.158203125
08:01:50,912810UD8,TSRYS5870973,D,S,D,2024-10-07,1000000.00,4.335294,97.21484375
08:01:50,912810UD8,TSRYS5870973,D,S,D,2024-10-07,1000000.00,4.334993,97.21875
08:01:50,912810UD8,TSRYS5870973,D,S,D,2024-10-07,1000000.00,4.334993,97.21875
