tradeTime,cusip,issueSymbolIdentifier,priceType,reportingSideCode,contraPartyTypeCode,tradeDate,reportedTradeVolume,lastSaleYield,lastSalePrice
08:00:02,912810UD8,TSRYS5870973,D,S,D,2024-08-26,1000000.00,4.171023,99.37890625
08:00:02,912810UD8,TSRYS5870973,D,S,D,2024-08-26,1000000.00,4.171023,99.37890625
08:00:03,912810UD8,TSRYS5870973,D,S,T,2024-08-26,1000000.00,4.172773,99.35546875
08:00:03,912810UD8,TSRYS5870973,D,S,D,2024-08-26,1000000.00,4.165924,99.447265625
08:00:03,912810UD8,TSRYS5870973,D,S,T,2024-08-26,1000000.00,4.17817,99.283203125
08:00:03,912810UD8,TSRYS5870973,D,B,C,2024-08-26,1000000.00,4.194686,99.0625
08:00:03,912810UD8,TSRYS5870973,D,B,C,2024-08-26,1000000.00,4.191321,99.107421875
08:00:03,912810UD8,TSRYS5870973,D,B,C,2024-08-26,1000000.00,4.191321,99.107421875
08:00:03,912810UD8,TSRYS5870973,D,B,C,2024-08-26,1000000.00,4.191321,99.107421875
08:00:03,912810UD8,TSRYS5870973,D,S,T,2024-08-26,1000000.00,4.19176,99.1015625
08:00:03,912810UD8,TSRYS5870973,D,S,T,2024-08-26,1000000.00,4.19176,99.1015625
08:00:03,912810UD8,TSRYS5870973,D,S,T,2024-08-26,1000000.00,4.189273,99.134765625
08:00:03,912810UD8,TSRYS5870973,D,S,T,2024-08-26,1000000.00,4.189273,99.134765625
08:00:07,912810UD8,TSRYS5870973,D,S,A,2024-08-26,2819000.00,4.165487,99.453125
08:00:10,912810UD8,TSRYS5870973,D,S,D,2024-08-26,7250000.00,4.193515,99.078125
08:00:12,912810UD8,TSRYS5870973,D,S,T,2024-08-26,1000000.00,4.175982,99.3125
08:00:12,912810UD8,TSRYS5870973,D,S,T,2024-08-26,1000000.00,4.174815,99.328125
08:00:12,912810UD8,TSRYS5870973,D,S,T,2024-08-26,1000000.00,4.171315,99.375
08:00:12,912810UD8,TSRYS5870973,D,S,T,2024-08-26,1000000.00,4.168983,99.40625
08:00:12,912810UD8,TSRYS5870973,D,S,T,2024-08-26,1000000.00,4.193515,99.078125
08:00:18,912810UD8,TSRYS5870973,D,S,A,2024-08-26,1229000.00,4.170149,99.390625
08:00:22,912810UD8,TSRYS5870973,D,S,A,2024-08-26,9000.00,4.186486,99.172
08:00:27,912810UD8,TSRYS5870973,D,S,T,2024-08-26,1000000.00,4.176857,99.30078125
08:00:27,912810UD8,TSRYS5870973,D,S,T,2024-08-26,1000000.00,4.174815,99.328125
08:00:27,912810UD8,TSRYS5870973,D,S,T,2024-08-26,1000000.00,4.168983,99.40625
08:00:28,912810UD8,TSRYS5870973,D,S,T,2024-08-26,1000000.00,4.179046,99.271484375
08:00:28,912810UD8,TSRYS5870973,D,S,D,2024-08-26,1000000.00,4.1789,99.2734375
08:00:28,912810UD8,TSRYS5870973,D,S,D,2024-08-26,1000000.00,4.171023,99.37890625
08:00:28,912810UD8,TSRYS5870973,D,S,T,2024-08-26,1000000.00,4.171898,99.3671875
08:00:28,912810UD8,TSRYS5870973,D,S,T,2024-08-26,1000000.00,4.171898,99.3671875
08:00:28,912810UD8,TSRYS5870973,D,S,T,2024-08-26,1000000.00,4.173356,99.34765625
08:00:28,912810UD8,TSRYS5870973,D,S,T,2024-08-26,1000000.00,4.171898,99.3671875
08:00:28,912810UD8,TSRYS5870973,D,S,T,2024-08-26,1000000.00,4.172773,99.35546875
08:00:28,912810UD8,TSRYS5870973,D,S,T,2024-08-26,1000000.00,4.193369,99.080078125
08:00:28,912810UD8,TSRYS5870973,D,S,T,2024-08-26,1000000.00,4.178316,99.28125
08:00:28,912810UD8,TSRYS5870973,D,S,T,2024-08-26,1000000.00,4.176857,99.30078125
08:00:30,912810UD8,TSRYS5870973,D,S,T,2024-08-26,1000000.00,4.168837,99.408203125
08:00:30,912810UD8,TSRYS5870973,D,S,T,2024-08-26,1000000.00,4.168692,99.41015625
08:00:30,912810UD8,TSRYS5870973,D,S,T,2024-08-26,1000000.00,4.172773,99.35546875
08:00:30,912810UD8,TSRYS5870973,D,S,T,2024-08-26,1000000.00,4.194979,99.05859375
08:00:30,912810UD8,TSRYS5870973,D,S,T,2024-08-26,1000000.00,4.195125,99.056640625
08:00:30,912810UD8,TSRYS5870973,D,S,T,2024-08-26,1000000.00,4.195418,99.052734375
08:00:30,912810UD8,TSRYS5870973,D,S,T,2024-08-26,1000000.00,4.194686,99.0625
08:00:30,912810UD8,TSRYS5870973,D,S,T,2024-08-26,1000000.00,4.194686,99.0625
08:00:30,912810UD8,TSRYS5870973,D,S,T,2024-08-26,1000000.00,4.194686,99.0625
08:00:30,912810UD8,TSRYS5870973,D,S,T,2024-08-26,1000000.00,4.194686,99.0625
08:00:30,912810UD8,TSRYS5870973,D,S,T,2024-08-26,1000000.00,4.194101,99.0703125
08:00:30,912810UD8,TSRYS5870973,D,S,T,2024-08-26,1000000.00,4.194101,99.0703125
08:00:30,912810UD8,TSRYS5870973,D,S,T,2024-08-26,1000000.00,4.194101,99.0703125
08:00:30,912810UD8,TSRYS5870973,D,S,T,2024-08-26,1000000.00,4.191613,99.103515625
08:00:30,912810UD8,TSRYS5870973,D,S,T,2024-08-26,1000000.00,4.191613,99.103515625
08:00:30,912810UD8,TSRYS5870973,D,S,T,2024-08-26,1000000.00,4.19176,99.1015625
08:00:30,912810UD8,TSRYS5870973,D,S,T,2024-08-26,1000000.00,4.189858,99.126953125
08:00:30,912810UD8,TSRYS5870973,D,S,T,2024-08-26,2000000.00,4.189273,99.134765625
08:00:30,912810UD8,TSRYS5870973,D,S,T,2024-08-26,1000000.00,4.168983,99.40625
08:00:30,912810UD8,TSRYS5870973,D,S,T,2024-08-26,1000000.00,4.167818,99.421875
08:00:30,912810UD8,TSRYS5870973,D,S,T,2024-08-26,1000000.00,4.170149,99.390625
08:00:30,912810UD8,TSRYS5870973,D,S,T,2024-08-26,1000000.00,4.168837,99.408203125
08:00:30,912810UD8,TSRYS5870973,D,S,T,2024-08-26,1000000.00,4.168692,99.41015625
08:00:30,912810UD8,TSRYS5870973,D,S,T,2024-08-26,1000000.00,4.168692,99.41015625
08:00:30,912810UD8,TSRYS5870973,D,S,D,2024-08-26,1000000.00,4.168692,99.41015625
08:00:30,912810UD8,TSRYS5870973,D,S,D,2024-08-26,1000000.00,4.171023,99.37890625
08:00:30,912810UD8,TSRYS5870973,D,S,D,2024-08-26,1000000.00,4.171023,99.37890625
08:00:30,912810UD8,TSRYS5870973,D,S,T,2024-08-26,1000000.00,4.172919,99.353515625
08:00:30,912810UD8,TSRYS5870973,D,S,T,2024-08-26,1000000.00,4.172773,99.35546875
08:00:30,912810UD8,TSRYS5870973,D,S,T,2024-08-26,1000000.00,4.172773,99.35546875
08:00:30,912810UD8,TSRYS5870973,D,S,D,2024-08-26,1000000.00,4.173356,99.34765625
08:00:30,912810UD8,TSRYS5870973,D,S,T,2024-08-26,1000000.00,4.174815,99.328125
08:00:30,912810UD8,TSRYS5870973,D,S,D,2024-08-26,2000000.00,4.17044,99.38671875
08:00:30,912810UD8,TSRYS5870973,D,S,T,2024-08-26,1000000.00,4.170149,99.390625
08:00:30,912810UD8,TSRYS5870973,D,S,D,2024-08-26,2000000.00,4.17044,99.38671875
08:00:31,912810UD8,TSRYS5870973,D,S,T,2024-08-26,1000000.00,4.177441,99.29296875
08:00:31,912810UD8,TSRYS5870973,D,S,T,2024-08-26,1000000.00,4.177441,99.29296875
08:00:31,912810UD8,TSRYS5870973,D,S,T,2024-08-26,1000000.00,4.177441,99.29296875
08:00:31,912810UD8,TSRYS5870973,D,S,T,2024-08-26,1000000.00,4.177441,99.29296875
08:00:31,912810UD8,TSRYS5870973,D,S,T,2024-08-26,1000000.00,4.177441,99.29296875
08:00:31,912810UD8,TSRYS5870973,D,S,T,2024-08-26,1000000.00,4.177441,99.29296875
08:00:31,912810UD8,TSRYS5870973,D,S,T,2024-08-26,1000000.00,4.177441,99.29296875
08:00:31,912810UD8,TSRYS5870973,D,S,T,2024-08-26,1000000.00,4.177441,99.29296875
08:00:31,912810UD8,TSRYS5870973,D,S,T,2024-08-26,1000000.00,4.177441,99.29296875
08:00:31,912810UD8,TSRYS5870973,D,S,T,2024-08-26,1000000.00,4.177441,99.29296875
08:00:31,912810UD8,TSRYS5870973,D,S,T,2024-08-26,1000000.00,4.177441,99.29296875
08:00:31,912810UD8,TSRYS5870973,D,S,T,2024-08-26,1000000.00,4.177587,99.291015625
08:00:31,912810UD8,TSRYS5870973,D,S,T,2024-08-26,1000000.00,4.178316,99.28125
08:00:31,912810UD8,TSRYS5870973,D,S,T,2024-08-26,1000000.00,4.178316,99.28125
08:00:31,912810UD8,TSRYS5870973,D,S,T,2024-08-26,1000000.00,4.178316,99.28125
08:00:31,912810UD8,TSRYS5870973,D,S,T,2024-08-26,1000000.00,4.178316,99.28125
08:00:31,912810UD8,TSRYS5870973,D,S,T,2024-08-26,1000000.00,4.178316,99.28125
08:00:31,912810UD8,TSRYS5870973,D,S,T,2024-08-26,1000000.00,4.178316,99.28125
08:00:31,912810UD8,TSRYS5870973,D,S,T,2024-08-26,1000000.00,4.178316,99.28125
08:00:31,912810UD8,TSRYS5870973,D,S,T,2024-08-26,1000000.00,4.177879,99.287109375
08:00:31,912810UD8,TSRYS5870973,D,S,T,2024-08-26,1000000.00,4.177879,99.287109375
08:00:31,912810UD8,TSRYS5870973,D,S,T,2024-08-26,1000000.00,4.186057,99.177734375
08:00:31,912810UD8,TSRYS5870973,D,S,T,2024-08-26,1000000.00,4.193515,99.078125
08:00:31,912810UD8,TSRYS5870973,D,S,T,2024-08-26,1000000.00,4.193515,99.078125
08:00:31,912810UD8,TSRYS5870973,D,S,T,2024-08-26,1000000.00,4.194686,99.0625
08:00:31,912810UD8,TSRYS5870973,D,S,T,2024-08-26,1000000.00,4.194979,99.05859375
08:00:31,912810UD8,TSRYS5870973,D,S,T,2024-08-26,1000000.00,4.19293,99.0859375
08:00:31,912810UD8,TSRYS5870973,D,S,T,2024-08-26,1000000.00,4.192345,99.09375
08:00:31,912810UD8,TSRYS5870973,D,S,T,2024-08-26,1000000.00,4.192052,99.09765625
08:00:31,912810UD8,TSRYS5870973,D,S,T,2024-08-26,2000000.00,4.193076,99.083984375
08:00:31,912810UD8,TSRYS5870973,D,S,T,2024-08-26,2000000.00,4.193076,99.083984375
08:00:31,912810UD8,TSRYS5870973,D,S,T,2024-08-26,2000000.00,4.194247,99.068359375
08:00:31,912810UD8,TSRYS5870973,D,S,T,2024-08-26,1000000.00,4.194393,99.06640625
08:00:31,912810UD8,TSRYS5870973,D,S,T,2024-08-26,2000000.00,4.194247,99.068359375
08:00:31,912810UD8,TSRYS5870973,D,S,T,2024-08-26,1000000.00,4.194686,99.0625
08:00:31,912810UD8,TSRYS5870973,D,S,T,2024-08-26,1000000.00,4.194686,99.0625
08:00:31,912810UD8,TSRYS5870973,D,S,T,2024-08-26,1000000.00,4.194686,99.0625
08:00:31,912810UD8,TSRYS5870973,D,S,T,2024-08-26,1000000.00,4.194979,99.05859375
08:00:31,912810UD8,TSRYS5870973,D,S,T,2024-08-26,1000000.00,4.194979,99.05859375
08:00:31,912810UD8,TSRYS5870973,D,S,T,2024-08-26,1000000.00,4.193808,99.07421875
08:00:31,912810UD8,TSRYS5870973,D,S,T,2024-08-26,1000000.00,4.193515,99.078125
08:00:31,912810UD8,TSRYS5870973,D,S,T,2024-08-26,1000000.00,4.194101,99.0703125
08:00:31,912810UD8,TSRYS5870973,D,S,T,2024-08-26,1000000.00,4.194101,99.0703125
08:00:31,912810UD8,TSRYS5870973,D,S,T,2024-08-26,1000000.00,4.194247,99.068359375
08:00:31,912810UD8,TSRYS5870973,D,S,T,2024-08-26,2000000.00,4.194101,99.0703125
08:00:31,912810UD8,TSRYS5870973,D,S,T,2024-08-26,1000000.00,4.193369,99.080078125
08:00:31,912810UD8,TSRYS5870973,D,S,T,2024-08-26,2000000.00,4.194393,99.06640625
08:00:31,912810UD8,TSRYS5870973,D,S,T,2024-08-26,1000000.00,4.194393,99.06640625
08:00:31,912810UD8,TSRYS5870973,D,S,T,2024-08-26,1000000.00,4.195857,99.046875
08:00:31,912810UD8,TSRYS5870973,D,S,T,2024-08-26,1000000.00,4.193808,99.07421875
08:00:31,912810UD8,TSRYS5870973,D,S,T,2024-08-26,1000000.00,4.193515,99.078125
08:00:31,912810UD8,TSRYS5870973,D,S,T,2024-08-26,2000000.00,4.193515,99.078125
08:00:31,912810UD8,TSRYS5870973,D,S,T,2024-08-26,2000000.00,4.193515,99.078125
08:00:31,912810UD8,TSRYS5870973,D,S,T,2024-08-26,1000000.00,4.193515,99.078125
08:00:31,912810UD8,TSRYS5870973,D,S,T,2024-08-26,1000000.00,4.193515,99.078125
08:00:31,912810UD8,TSRYS5870973,D,S,T,2024-08-26,2000000.00,4.193515,99.078125
08:00:31,912810UD8,TSRYS5870973,D,S,T,2024-08-26,1000000.00,4.193515,99.078125
08:00:31,912810UD8,TSRYS5870973,D,S,T,2024-08-26,1000000.00,4.193515,99.078125
08:00:31,912810UD8,TSRYS5870973,D,S,T,2024-08-26,1000000.00,4.191467,99.10546875
08:00:31,912810UD8,TSRYS5870973,D,S,T,2024-08-26,2000000.00,4.189273,99.134765625
08:00:31,912810UD8,TSRYS5870973,D,S,T,2024-08-26,1000000.00,4.188834,99.140625
08:00:31,912810UD8,TSRYS5870973,D,S,T,2024-08-26,1000000.00,4.188834,99.140625
08:00:31,912810UD8,TSRYS5870973,D,S,T,2024-08-26,1000000.00,4.188834,99.140625
08:00:31,912810UD8,TSRYS5870973,D,S,D,2024-08-26,1000000.00,4.168692,99.41015625
08:00:31,912810UD8,TSRYS5870973,D,S,D,2024-08-26,1000000.00,4.170149,99.390625
08:00:31,912810UD8,TSRYS5870973,D,S,D,2024-08-26,1000000.00,4.169857,99.39453125
08:00:31,912810UD8,TSRYS5870973,D,S,D,2024-08-26,1000000.00,4.194979,99.05859375
08:00:31,912810UD8,TSRYS5870973,D,S,D,2024-08-26,1000000.00,4.194979,99.05859375
08:00:31,912810UD8,TSRYS5870973,D,S,D,2024-08-26,1000000.00,4.194979,99.05859375
08:00:31,912810UD8,TSRYS5870973,D,S,D,2024-08-26,1000000.00,4.194101,99.0703125
08:00:31,912810UD8,TSRYS5870973,D,S,D,2024-08-26,1000000.00,4.193515,99.078125
08:00:31,912810UD8,TSRYS5870973,D,S,D,2024-08-26,1000000.00,4.192052,99.09765625
08:00:32,912810UD8,TSRYS5870973,D,S,T,2024-08-26,1000000.00,4.176273,99.30859375
08:00:32,912810UD8,TSRYS5870973,D,S,T,2024-08-26,1000000.00,4.176857,99.30078125
08:00:33,912810UD8,TSRYS5870973,D,S,D,2024-08-26,1000000.00,4.176857,99.30078125
08:00:33,912810UD8,TSRYS5870973,D,S,D,2024-08-26,1000000.00,4.178316,99.28125
08:00:35,912810UD8,TSRYS5870973,D,S,T,2024-08-26,1000000.00,4.175982,99.3125
08:00:36,912810UD8,TSRYS5870973,D,S,D,2024-08-26,1000000.00,4.178608,99.27734375
08:00:36,912810UD8,TSRYS5870973,D,S,T,2024-08-26,1000000.00,4.178316,99.28125
08:00:36,912810UD8,TSRYS5870973,D,S,T,2024-08-26,1000000.00,4.179046,99.271484375
08:00:37,912810UD8,TSRYS5870973,D,B,A,2024-08-26,1000000.00,4.188834,99.140625
08:00:37,912810UD8,TSRYS5870973,D,S,D,2024-08-26,1000000.00,4.176857,99.30078125
08:00:37,912810UD8,TSRYS5870973,D,S,D,2024-08-26,1000000.00,4.193515,99.078125
08:00:37,912810UD8,TSRYS5870973,D,S,T,2024-08-26,1000000.00,4.175982,99.3125
08:00:37,912810UD8,TSRYS5870973,D,S,D,2024-08-26,3000000.00,4.193515,99.078125
08:00:37,912810UD8,TSRYS5870973,D,S,D,2024-08-26,1000000.00,4.193515,99.078125
08:00:37,912810UD8,TSRYS5870973,D,S,T,2024-08-26,1000000.00,4.177149,99.296875
08:00:38,912810UD8,TSRYS5870973,D,S,T,2024-08-26,1000000.00,4.178316,99.28125
08:00:38,912810UD8,TSRYS5870973,D,S,T,2024-08-26,1000000.00,4.179046,99.271484375
08:00:38,912810UD8,TSRYS5870973,D,S,D,2024-08-26,1000000.00,4.1789,99.2734375
08:00:38,912810UD8,TSRYS5870973,D,S,T,2024-08-26,1000000.00,4.177441,99.29296875
08:00:38,912810UD8,TSRYS5870973,D,S,T,2024-08-26,1000000.00,4.176857,99.30078125
08:00:38,912810UD8,TSRYS5870973,D,S,D,2024-08-26,1000000.00,4.176857,99.30078125
08:00:38,912810UD8,TSRYS5870973,D,S,T,2024-08-26,1000000.00,4.178316,99.28125
08:00:39,912810UD8,TSRYS5870973,D,S,D,2024-08-26,1000000.00,4.1789,99.2734375
08:00:39,912810UD8,TSRYS5870973,D,S,T,2024-08-26,1000000.00,4.179046,99.271484375
08:00:39,912810UD8,TSRYS5870973,D,S,T,2024-08-26,1000000.00,4.178316,99.28125
08:00:39,912810UD8,TSRYS5870973,D,S,D,2024-08-26,1000000.00,4.176273,99.30859375
08:00:39,912810UD8,TSRYS5870973,D,S,T,2024-08-26,1000000.00,4.176857,99.30078125
08:00:39,912810UD8,TSRYS5870973,D,S,T,2024-08-26,1000000.00,4.177003,99.298828125
08:00:39,912810UD8,TSRYS5870973,D,S,D,2024-08-26,1000000.00,4.1789,99.2734375
08:00:39,912810UD8,TSRYS5870973,D,S,T,2024-08-26,1000000.00,4.17044,99.38671875
08:00:39,912810UD8,TSRYS5870973,D,S,A,2024-08-26,375000.00,4.167235,99.4296875
08:00:40,912810UD8,TSRYS5870973,D,S,C,2024-08-26,300000.00,4.170732,99.3828125
08:00:40,912810UD8,TSRYS5870973,D,S,T,2024-08-26,1000000.00,4.186495,99.171875
08:00:40,912810UD8,TSRYS5870973,D,S,T,2024-08-26,1000000.00,4.178316,99.28125
08:00:41,912810UD8,TSRYS5870973,D,S,T,2024-08-26,1000000.00,4.178316,99.28125
08:00:41,912810UD8,TSRYS5870973,D,S,T,2024-08-26,1000000.00,4.17569,99.31640625
08:00:42,912810UD8,TSRYS5870973,D,S,T,2024-08-26,1000000.00,4.178316,99.28125
08:00:42,912810UD8,TSRYS5870973,D,S,C,2024-08-26,1333000.00,4.189419,99.1328125
08:00:42,912810UD8,TSRYS5870973,D,S,T,2024-08-26,1000000.00,4.178316,99.28125
08:00:42,912810UD8,TSRYS5870973,D,S,T,2024-08-26,1000000.00,4.176857,99.30078125
08:00:42,912810UD8,TSRYS5870973,D,S,T,2024-08-26,1000000.00,4.176857,99.30078125
08:00:42,912810UD8,TSRYS5870973,D,S,A,2024-08-26,176000.00,4.169275,99.40234375
08:00:42,912810UD8,TSRYS5870973,D,S,T,2024-08-26,1000000.00,4.17817,99.283203125
08:00:42,912810UD8,TSRYS5870973,D,S,T,2024-08-26,1000000.00,4.176711,99.302734375
08:00:43,912810UD8,TSRYS5870973,D,S,T,2024-08-26,1000000.00,4.176857,99.30078125
08:00:43,912810UD8,TSRYS5870973,D,S,D,2024-08-26,1000000.00,4.1789,99.2734375
08:00:43,912810UD8,TSRYS5870973,D,S,D,2024-08-26,1000000.00,4.178608,99.27734375
08:00:43,912810UD8,TSRYS5870973,D,S,D,2024-08-26,1000000.00,4.176857,99.30078125
08:00:43,912810UD8,TSRYS5870973,D,S,T,2024-08-26,1000000.00,4.179046,99.271484375
08:00:43,912810UD8,TSRYS5870973,D,S,T,2024-08-26,1000000.00,4.178316,99.28125
08:00:44,912810UD8,TSRYS5870973,D,S,D,2024-08-26,1000000.00,4.176857,99.30078125
08:00:45,912810UD8,TSRYS5870973,D,B,A,2024-08-26,1500000.00,4.167235,99.4296875
08:00:45,912810UD8,TSRYS5870973,D,S,T,2024-08-26,1000000.00,4.166361,99.44140625
08:00:47,912810UD8,TSRYS5870973,D,S,T,2024-08-26,1000000.00,4.177149,99.296875
08:00:47,912810UD8,TSRYS5870973,D,S,T,2024-08-26,1000000.00,4.176857,99.30078125
08:00:47,912810UD8,TSRYS5870973,D,S,T,2024-08-26,1000000.00,4.179046,99.271484375
08:00:47,912810UD8,TSRYS5870973,D,S,T,2024-08-26,1000000.00,4.178316,99.28125
08:00:48,912810UD8,TSRYS5870973,D,S,T,2024-08-26,1000000.00,4.178316,99.28125
08:00:48,912810UD8,TSRYS5870973,D,S,D,2024-08-26,340000.00,4.17569,99.31640625
08:00:48,912810UD8,TSRYS5870973,D,S,D,2024-08-26,1000000.00,4.177441,99.29296875
08:00:48,912810UD8,TSRYS5870973,D,S,T,2024-08-26,1000000.00,4.175982,99.3125
08:00:48,912810UD8,TSRYS5870973,D,S,T,2024-08-26,1000000.00,4.176857,99.30078125
08:00:48,912810UD8,TSRYS5870973,D,S,T,2024-08-26,1000000.00,4.178316,99.28125
08:00:51,912810UD8,TSRYS5870973,D,S,T,2024-08-26,1000000.00,4.189858,99.126953125
08:00:51,912810UD8,TSRYS5870973,D,S,T,2024-08-26,1000000.00,4.190443,99.119140625
08:00:52,912810UD8,TSRYS5870973,D,S,C,2024-08-26,50MM+,4.194101,99.0703125
08:00:58,912810UD8,TSRYS5870973,D,S,D,2024-08-26,1000000.00,4.177441,99.29296875
08:00:58,912810UD8,TSRYS5870973,D,S,D,2024-08-26,1000000.00,4.176273,99.30859375
08:00:58,912810UD8,TSRYS5870973,D,S,D,2024-08-26,1000000.00,4.176857,99.30078125
08:00:58,912810UD8,TSRYS5870973,D,S,D,2024-08-26,1000000.00,4.176857,99.30078125
08:00:58,912810UD8,TSRYS5870973,D,S,D,2024-08-26,1000000.00,4.178608,99.27734375
08:00:58,912810UD8,TSRYS5870973,D,S,C,2024-08-26,50MM+,,99.0703125
08:00:59,912810UD8,TSRYS5870973,D,S,D,2024-08-26,1000000.00,4.1789,99.2734375
08:00:59,912810UD8,TSRYS5870973,D,S,D,2024-08-26,1000000.00,4.178608,99.27734375
08:00:59,912810UD8,TSRYS5870973,D,S,D,2024-08-26,1000000.00,4.178316,99.28125
08:00:59,912810UD8,TSRYS5870973,D,S,D,2024-08-26,1000000.00,4.1789,99.2734375
08:00:59,912810UD8,TSRYS5870973,D,S,D,2024-08-26,1000000.00,4.1789,99.2734375
08:00:59,912810UD8,TSRYS5870973,D,S,D,2024-08-26,1000000.00,4.1789,99.2734375
08:00:59,912810UD8,TSRYS5870973,D,S,D,2024-08-26,1000000.00,4.1789,99.2734375
08:00:59,912810UD8,TSRYS5870973,D,S,D,2024-08-26,1000000.00,4.176857,99.30078125
08:00:59,912810UD8,TSRYS5870973,D,S,D,2024-08-26,1000000.00,4.176857,99.30078125
08:00:59,912810UD8,TSRYS5870973,D,S,D,2024-08-26,1000000.00,4.176857,99.30078125
08:01:01,912810UD8,TSRYS5870973,D,S,D,2024-08-26,1000000.00,4.191467,99.10546875
08:01:01,912810UD8,TSRYS5870973,D,S,D,2024-08-26,1000000.00,4.168692,99.41015625
08:01:01,912810UD8,TSRYS5870973,D,S,D,2024-08-26,1000000.00,4.168692,99.41015625
08:01:01,912810UD8,TSRYS5870973,D,S,C,2024-08-26,1000000.00,4.171023,99.37890625
08:01:02,912810UD8,TSRYS5870973,D,S,C,2024-08-26,1000000.00,4.173356,99.34765625
08:01:02,912810UD8,TSRYS5870973,D,S,C,2024-08-26,1000000.00,4.171023,99.37890625
08:01:02,912810UD8,TSRYS5870973,D,S,C,2024-08-26,1000000.00,4.171023,99.37890625
08:01:02,912810UD8,TSRYS5870973,D,B,C,2024-08-26,1000000.00,4.174523,99.33203125
08:01:02,912810UD8,TSRYS5870973,D,S,C,2024-08-26,1000000.00,4.171023,99.37890625
08:01:02,912810UD8,TSRYS5870973,D,S,C,2024-08-26,1000000.00,4.171023,99.37890625
08:01:02,912810UD8,TSRYS5870973,D,S,C,2024-08-26,1000000.00,4.174523,99.33203125
08:01:02,912810UD8,TSRYS5870973,D,S,D,2024-08-26,1000000.00,4.171023,99.37890625
08:01:02,912810UD8,TSRYS5870973,D,S,D,2024-08-26,1000000.00,4.170732,99.3828125
08:01:02,912810UD8,TSRYS5870973,D,S,D,2024-08-26,1000000.00,4.170732,99.3828125
08:01:02,912810UD8,TSRYS5870973,D,S,D,2024-08-26,1000000.00,4.170732,99.3828125
08:01:02,912810UD8,TSRYS5870973,D,S,D,2024-08-26,1000000.00,4.171023,99.37890625
08:01:02,912810UD8,TSRYS5870973,D,B,C,2024-08-26,1000000.00,4.171023,99.37890625
08:01:02,912810UD8,TSRYS5870973,D,S,D,2024-08-26,2000000.00,4.171023,99.37890625
08:01:02,912810UD8,TSRYS5870973,D,S,D,2024-08-26,1000000.00,4.171023,99.37890625
08:01:02,912810UD8,TSRYS5870973,D,S,D,2024-08-26,2000000.00,4.170732,99.3828125
08:01:02,912810UD8,TSRYS5870973,D,S,D,2024-08-26,1000000.00,4.170732,99.3828125
08:01:02,912810UD8,TSRYS5870973,D,S,D,2024-08-26,1000000.00,4.171023,99.37890625
08:01:02,912810UD8,TSRYS5870973,D,S,D,2024-08-26,2000000.00,4.170732,99.3828125
08:01:02,912810UD8,TSRYS5870973,D,S,C,2024-08-26,1000000.00,4.171023,99.37890625
08:01:02,912810UD8,TSRYS5870973,D,S,D,2024-08-26,1000000.00,4.171023,99.37890625
08:01:02,912810UD8,TSRYS5870973,D,S,D,2024-08-26,1000000.00,4.170149,99.390625
08:01:03,912810UD8,TSRYS5870973,D,S,D,2024-08-26,1000000.00,4.170732,99.3828125
08:01:03,912810UD8,TSRYS5870973,D,S,D,2024-08-26,1000000.00,4.17044,99.38671875
08:01:03,912810UD8,TSRYS5870973,D,B,C,2024-08-26,1000000.00,4.170149,99.390625
08:01:03,912810UD8,TSRYS5870973,D,S,D,2024-08-26,1000000.00,4.171023,99.37890625
08:01:03,912810UD8,TSRYS5870973,D,S,D,2024-08-26,1000000.00,4.171023,99.37890625
08:01:03,912810UD8,TSRYS5870973,D,S,D,2024-08-26,1000000.00,4.169275,99.40234375
08:01:03,912810UD8,TSRYS5870973,D,S,D,2024-08-26,1000000.00,4.168983,99.40625
08:01:03,912810UD8,TSRYS5870973,D,S,D,2024-08-26,1000000.00,4.168983,99.40625
08:01:03,912810UD8,TSRYS5870973,D,S,D,2024-08-26,1000000.00,4.168983,99.40625
08:01:03,912810UD8,TSRYS5870973,D,S,D,2024-08-26,1000000.00,4.168983,99.40625
08:01:03,912810UD8,TSRYS5870973,D,S,D,2024-08-26,1000000.00,4.168983,99.40625
08:01:03,912810UD8,TSRYS5870973,D,S,D,2024-08-26,1000000.00,4.168983,99.40625
08:01:03,912810UD8,TSRYS5870973,D,S,D,2024-08-26,1000000.00,4.168983,99.40625
08:01:03,912810UD8,TSRYS5870973,D,S,D,2024-08-26,1000000.00,4.168983,99.40625
08:01:03,912810UD8,TSRYS5870973,D,S,D,2024-08-26,1000000.00,4.168983,99.40625
08:01:03,912810UD8,TSRYS5870973,D,S,C,2024-08-26,1000000.00,4.169275,99.40234375
08:01:03,912810UD8,TSRYS5870973,D,S,D,2024-08-26,2000000.00,4.169275,99.40234375
08:01:03,912810UD8,TSRYS5870973,D,B,C,2024-08-26,1000000.00,4.169857,99.39453125
08:01:03,912810UD8,TSRYS5870973,D,B,C,2024-08-26,1000000.00,4.169566,99.3984375
08:01:03,912810UD8,TSRYS5870973,D,S,D,2024-08-26,1000000.00,4.169857,99.39453125
08:01:03,912810UD8,TSRYS5870973,D,S,D,2024-08-26,1000000.00,4.169857,99.39453125
08:01:03,912810UD8,TSRYS5870973,D,S,D,2024-08-26,1000000.00,4.169566,99.3984375
08:01:03,912810UD8,TSRYS5870973,D,S,D,2024-08-26,1000000.00,4.169566,99.3984375
08:01:04,912810UD8,TSRYS5870973,D,S,D,2024-08-26,1000000.00,4.170149,99.390625
08:01:05,912810UD8,TSRYS5870973,D,S,C,2024-08-26,1000000.00,4.176273,99.30859375
08:01:05,912810UD8,TSRYS5870973,D,S,D,2024-08-26,1000000.00,4.178316,99.28125
08:01:05,912810UD8,TSRYS5870973,D,S,C,2024-08-26,1000000.00,4.191467,99.10546875
08:01:06,912810UD8,TSRYS5870973,D,B,C,2024-08-26,1000000.00,4.194686,99.0625
08:01:06,912810UD8,TSRYS5870973,D,S,C,2024-08-26,1000000.00,4.194686,99.0625
08:01:06,912810UD8,TSRYS5870973,D,B,C,2024-08-26,1000000.00,4.194686,99.0625
08:01:06,912810UD8,TSRYS5870973,D,S,D,2024-08-26,1000000.00,4.194686,99.0625
08:01:07,912810UD8,TSRYS5870973,D,S,D,2024-08-26,1000000.00,4.194979,99.05859375
08:01:10,912810UD8,TSRYS5870973,D,S,D,2024-08-26,1000000.00,4.166361,99.44140625
08:01:10,912810UD8,TSRYS5870973,D,B,C,2024-08-26,1000000.00,4.166361,99.44140625
08:01:11,912810UD8,TSRYS5870973,D,S,D,2024-08-26,1000000.00,4.194979,99.05859375
08:01:11,912810UD8,TSRYS5870973,D,S,D,2024-08-26,1000000.00,4.194979,99.05859375
08:01:11,912810UD8,TSRYS5870973,D,S,D,2024-08-26,1000000.00,4.194101,99.0703125
08:01:11,912810UD8,TSRYS5870973,D,S,D,2024-08-26,1000000.00,4.194393,99.06640625
08:01:11,912810UD8,TSRYS5870973,D,S,D,2024-08-26,3000000.00,4.193515,99.078125
08:01:12,912810UD8,TSRYS5870973,D,S,D,2024-08-26,1000000.00,4.194101,99.0703125
08:01:12,912810UD8,TSRYS5870973,D,S,D,2024-08-26,1000000.00,4.194101,99.0703125
08:01:12,912810UD8,TSRYS5870973,D,S,D,2024-08-26,1000000.00,4.193515,99.078125
08:01:12,912810UD8,TSRYS5870973,D,S,D,2024-08-26,1000000.00,4.193515,99.078125
08:01:12,912810UD8,TSRYS5870973,D,S,D,2024-08-26,1000000.00,4.193515,99.078125
08:01:12,912810UD8,TSRYS5870973,D,S,D,2024-08-26,1000000.00,4.194101,99.0703125
08:01:12,912810UD8,TSRYS5870973,D,S,D,2024-08-26,7000000.00,4.168696,99.4100982
08:01:12,912810UD8,TSRYS5870973,D,S,D,2024-08-26,1000000.00,4.17068,99.3835125
08:01:13,912810UD8,TSRYS5870973,D,S,D,2024-08-26,1000000.00,4.193223,99.08203125
08:01:13,912810UD8,TSRYS5870973,D,S,D,2024-08-26,1000000.00,4.193223,99.08203125
08:01:13,912810UD8,TSRYS5870973,D,S,D,2024-08-26,1000000.00,4.193223,99.08203125
08:01:13,912810UD8,TSRYS5870973,D,S,D,2024-08-26,1000000.00,4.192052,99.09765625
08:01:13,912810UD8,TSRYS5870973,D,S,D,2024-08-26,1000000.00,4.192052,99.09765625
08:01:13,912810UD8,TSRYS5870973,D,S,D,2024-08-26,1000000.00,4.192052,99.09765625
08:01:13,912810UD8,TSRYS5870973,D,S,D,2024-08-26,1000000.00,4.192052,99.09765625
08:01:13,912810UD8,TSRYS5870973,D,S,D,2024-08-26,1000000.00,4.192052,99.09765625
08:01:13,912810UD8,TSRYS5870973,D,S,D,2024-08-26,1000000.00,4.192052,99.09765625
08:01:15,912810UD8,TSRYS5870973,D,S,D,2024-08-26,1000000.00,4.189712,99.12890625
08:01:15,912810UD8,TSRYS5870973,D,S,D,2024-08-26,1000000.00,4.189712,99.12890625
08:01:15,912810UD8,TSRYS5870973,D,S,D,2024-08-26,1000000.00,4.189712,99.12890625
08:01:15,912810UD8,TSRYS5870973,D,S,D,2024-08-26,1000000.00,4.189712,99.12890625
08:01:15,912810UD8,TSRYS5870973,D,S,D,2024-08-26,1000000.00,4.189712,99.12890625
08:01:15,912810UD8,TSRYS5870973,D,S,D,2024-08-26,1000000.00,4.189712,99.12890625
08:01:15,912810UD8,TSRYS5870973,D,S,D,2024-08-26,1000000.00,4.189712,99.12890625
08:01:15,912810UD8,TSRYS5870973,D,S,D,2024-08-26,1000000.00,4.189712,99.12890625
08:01:15,912810UD8,TSRYS5870973,D,S,D,2024-08-26,1000000.00,4.189712,99.12890625
08:01:15,912810UD8,TSRYS5870973,D,S,D,2024-08-26,1000000.00,4.189712,99.12890625
08:01:15,912810UD8,TSRYS5870973,D,S,D,2024-08-26,1000000.00,4.189712,99.12890625
08:01:15,912810UD8,TSRYS5870973,D,S,D,2024-08-26,1000000.00,4.189712,99.12890625
08:01:16,912810UD8,TSRYS5870973,D,S,D,2024-08-26,1000000.00,4.189712,99.12890625
08:01:16,912810UD8,TSRYS5870973,D,S,D,2024-08-26,1000000.00,4.189712,99.12890625
08:01:16,912810UD8,TSRYS5870973,D,S,D,2024-08-26,1000000.00,4.189712,99.12890625
08:01:17,912810UD8,TSRYS5870973,D,S,T,2024-08-26,2000000.00,4.194686,99.0625
08:01:17,912810UD8,TSRYS5870973,D,S,T,2024-08-26,1000000.00,4.194686,99.0625
08:01:17,912810UD8,TSRYS5870973,D,B,A,2024-08-26,250000.00,4.195272,99.0546875
08:01:17,912810UD8,TSRYS5870973,D,S,T,2024-08-26,1000000.00,4.173648,99.34375
08:01:20,912810UD8,TSRYS5870973,D,S,T,2024-08-26,1000000.00,4.178316,99.28125
08:01:21,912810UD8,TSRYS5870973,D,S,D,2024-08-26,1000000.00,4.191467,99.10546875
08:01:21,912810UD8,TSRYS5870973,D,S,D,2024-08-26,1000000.00,4.170732,99.3828125
08:01:21,912810UD8,TSRYS5870973,D,S,D,2024-08-26,1000000.00,4.170732,99.3828125
08:01:21,912810UD8,TSRYS5870973,D,S,D,2024-08-26,1000000.00,4.171023,99.37890625
08:01:21,912810UD8,TSRYS5870973,D,S,D,2024-08-26,1000000.00,4.170732,99.3828125
08:01:21,912810UD8,TSRYS5870973,D,S,A,2024-08-26,4000000.00,4.170732,99.3828125
08:01:21,912810UD8,TSRYS5870973,D,S,D,2024-08-26,1000000.00,4.171023,99.37890625
08:01:21,912810UD8,TSRYS5870973,D,S,D,2024-08-26,2000000.00,4.171023,99.37890625
08:01:21,912810UD8,TSRYS5870973,D,S,D,2024-08-26,2000000.00,4.170732,99.3828125
08:01:21,912810UD8,TSRYS5870973,D,S,D,2024-08-26,1000000.00,4.171023,99.37890625
08:01:22,912810UD8,TSRYS5870973,D,S,D,2024-08-26,1000000.00,4.170732,99.3828125
08:01:22,912810UD8,TSRYS5870973,D,S,D,2024-08-26,1000000.00,4.170732,99.3828125
08:01:22,912810UD8,TSRYS5870973,D,S,D,2024-08-26,1000000.00,4.170732,99.3828125
08:01:22,912810UD8,TSRYS5870973,D,S,D,2024-08-26,1000000.00,4.171023,99.37890625
08:01:22,912810UD8,TSRYS5870973,D,S,D,2024-08-26,1000000.00,4.171023,99.37890625
08:01:22,912810UD8,TSRYS5870973,D,S,D,2024-08-26,2000000.00,4.170732,99.3828125
08:01:22,912810UD8,TSRYS5870973,D,S,D,2024-08-26,1000000.00,4.171023,99.37890625
08:01:23,912810UD8,TSRYS5870973,D,S,D,2024-08-26,1000000.00,4.171023,99.37890625
08:01:23,912810UD8,TSRYS5870973,D,S,D,2024-08-26,1000000.00,4.169275,99.40234375
08:01:23,912810UD8,TSRYS5870973,D,S,D,2024-08-26,1000000.00,4.168983,99.40625
08:01:23,912810UD8,TSRYS5870973,D,S,D,2024-08-26,1000000.00,4.168983,99.40625
08:01:23,912810UD8,TSRYS5870973,D,S,D,2024-08-26,1000000.00,4.168983,99.40625
08:01:23,912810UD8,TSRYS5870973,D,S,D,2024-08-26,1000000.00,4.168983,99.40625
08:01:23,912810UD8,TSRYS5870973,D,S,D,2024-08-26,1000000.00,4.168983,99.40625
08:01:23,912810UD8,TSRYS5870973,D,S,D,2024-08-26,340000.00,4.193515,99.078125
08:01:23,912810UD8,TSRYS5870973,D,S,D,2024-08-26,1000000.00,4.173356,99.34765625
08:01:23,912810UD8,TSRYS5870973,D,B,C,2024-08-26,1000000.00,4.173356,99.34765625
08:01:23,912810UD8,TSRYS5870973,D,S,T,2024-08-26,1000000.00,4.168994,99.4061
08:01:23,912810UD8,TSRYS5870973,D,S,T,2024-08-26,1000000.00,4.168994,99.4061
08:01:23,912810UD8,TSRYS5870973,D,S,T,2024-08-26,1000000.00,4.168994,99.4061
08:01:23,912810UD8,TSRYS5870973,D,S,T,2024-08-26,1000000.00,4.168994,99.4061
08:01:23,912810UD8,TSRYS5870973,D,S,T,2024-08-26,1000000.00,4.168994,99.4061
08:01:23,912810UD8,TSRYS5870973,D,S,D,2024-08-26,1000000.00,4.168983,99.40625
08:01:23,912810UD8,TSRYS5870973,D,S,D,2024-08-26,1000000.00,4.168983,99.40625
08:01:23,912810UD8,TSRYS5870973,D,S,T,2024-08-26,1000000.00,4.168994,99.4061
08:01:24,912810UD8,TSRYS5870973,D,S,D,2024-08-26,1000000.00,4.168983,99.40625
08:01:24,912810UD8,TSRYS5870973,D,S,D,2024-08-26,1000000.00,4.168983,99.40625
08:01:27,912810UD8,TSRYS5870973,D,B,C,2024-08-26,1000000.00,4.19293,99.0859375
08:01:27,912810UD8,TSRYS5870973,D,S,D,2024-08-26,1000000.00,4.19293,99.0859375
08:01:27,912810UD8,TSRYS5870973,D,S,T,2024-08-26,1000000.00,4.190736,99.115234375
08:01:27,912810UD8,TSRYS5870973,D,S,T,2024-08-26,4000000.00,4.190736,99.115234375
08:01:27,912810UD8,TSRYS5870973,D,S,T,2024-08-26,1000000.00,4.190736,99.115234375
08:01:27,912810UD8,TSRYS5870973,D,S,T,2024-08-26,2000000.00,4.190736,99.115234375
08:01:27,912810UD8,TSRYS5870973,D,S,T,2024-08-26,2000000.00,4.190736,99.115234375
08:01:27,912810UD8,TSRYS5870973,D,S,T,2024-08-26,2000000.00,4.190736,99.115234375
08:01:27,912810UD8,TSRYS5870973,D,S,T,2024-08-26,1000000.00,4.190736,99.115234375
08:01:27,912810UD8,TSRYS5870973,D,B,C,2024-08-26,1000000.00,4.194686,99.0625
08:01:27,912810UD8,TSRYS5870973,D,S,D,2024-08-26,1000000.00,4.194686,99.0625
08:01:28,912810UD8,TSRYS5870973,D,S,D,2024-08-26,1000000.00,4.195564,99.05078125
08:01:28,912810UD8,TSRYS5870973,D,B,C,2024-08-26,1000000.00,4.192345,99.09375
08:01:28,912810UD8,TSRYS5870973,D,S,D,2024-08-26,1000000.00,4.192345,99.09375
08:01:28,912810UD8,TSRYS5870973,D,B,C,2024-08-26,1000000.00,4.192345,99.09375
08:01:28,912810UD8,TSRYS5870973,D,S,D,2024-08-26,1000000.00,4.192345,99.09375
08:01:29,912810UD8,TSRYS5870973,D,S,D,2024-08-26,1000000.00,4.194393,99.06640625
08:01:29,912810UD8,TSRYS5870973,D,S,D,2024-08-26,1000000.00,4.194393,99.06640625
08:01:29,912810UD8,TSRYS5870973,D,B,C,2024-08-26,1000000.00,4.194393,99.06640625
08:01:29,912810UD8,TSRYS5870973,D,S,D,2024-08-26,1000000.00,4.194393,99.06640625
08:01:29,912810UD8,TSRYS5870973,D,S,D,2024-08-26,1000000.00,4.194101,99.0703125
08:01:29,912810UD8,TSRYS5870973,D,S,D,2024-08-26,1000000.00,4.194101,99.0703125
08:01:29,912810UD8,TSRYS5870973,D,S,D,2024-08-26,1000000.00,4.194101,99.0703125
08:01:29,912810UD8,TSRYS5870973,D,S,C,2024-08-26,1000000.00,4.194101,99.0703125
08:01:29,912810UD8,TSRYS5870973,D,B,C,2024-08-26,1000000.00,4.193223,99.08203125
08:01:29,912810UD8,TSRYS5870973,D,S,D,2024-08-26,1000000.00,4.193223,99.08203125
08:01:29,912810UD8,TSRYS5870973,D,B,C,2024-08-26,1000000.00,4.193223,99.08203125
08:01:29,912810UD8,TSRYS5870973,D,S,D,2024-08-26,1000000.00,4.193223,99.08203125
08:01:30,912810UD8,TSRYS5870973,D,B,C,2024-08-26,1000000.00,4.193223,99.08203125
08:01:30,912810UD8,TSRYS5870973,D,S,D,2024-08-26,1000000.00,4.193223,99.08203125
08:01:30,912810UD8,TSRYS5870973,D,S,D,2024-08-26,1000000.00,4.192052,99.09765625
08:01:30,912810UD8,TSRYS5870973,D,S,D,2024-08-26,1000000.00,4.192052,99.09765625
08:01:30,912810UD8,TSRYS5870973,D,S,D,2024-08-26,1000000.00,4.192052,99.09765625
08:01:30,912810UD8,TSRYS5870973,D,S,D,2024-08-26,1000000.00,4.192052,99.09765625
08:01:30,912810UD8,TSRYS5870973,D,S,D,2024-08-26,1000000.00,4.192052,99.09765625
08:01:30,912810UD8,TSRYS5870973,D,B,C,2024-08-26,1000000.00,4.189419,99.1328125
08:01:30,912810UD8,TSRYS5870973,D,S,D,2024-08-26,1000000.00,4.189419,99.1328125
08:01:30,912810UD8,TSRYS5870973,D,B,C,2024-08-26,1000000.00,4.189419,99.1328125
08:01:30,912810UD8,TSRYS5870973,D,S,D,2024-08-26,1000000.00,4.189419,99.1328125
08:01:30,912810UD8,TSRYS5870973,D,S,D,2024-08-26,1000000.00,4.189712,99.12890625
08:01:30,912810UD8,TSRYS5870973,D,S,D,2024-08-26,1000000.00,4.189712,99.12890625
08:01:31,912810UD8,TSRYS5870973,D,S,D,2024-08-26,1000000.00,4.189712,99.12890625
08:01:31,912810UD8,TSRYS5870973,D,S,D,2024-08-26,1000000.00,4.189712,99.12890625
08:01:31,912810UD8,TSRYS5870973,D,S,D,2024-08-26,1000000.00,4.189712,99.12890625
08:01:31,912810UD8,TSRYS5870973,D,S,D,2024-08-26,1000000.00,4.189712,99.12890625
08:01:31,912810UD8,TSRYS5870973,D,S,D,2024-08-26,1000000.00,4.189712,99.12890625
08:01:31,912810UD8,TSRYS5870973,D,S,D,2024-08-26,1000000.00,4.189712,99.12890625
08:01:31,912810UD8,TSRYS5870973,D,S,D,2024-08-26,1000000.00,4.189712,99.12890625
08:01:31,912810UD8,TSRYS5870973,D,S,D,2024-08-26,1000000.00,4.189712,99.12890625
08:01:31,912810UD8,TSRYS5870973,D,S,D,2024-08-26,1000000.00,4.189712,99.12890625
08:01:31,912810UD8,TSRYS5870973,D,S,D,2024-08-26,1000000.00,4.189712,99.12890625
08:01:31,912810UD8,TSRYS5870973,D,S,D,2024-08-26,1000000.00,4.189712,99.12890625
08:01:31,912810UD8,TSRYS5870973,D,S,D,2024-08-26,1000000.00,4.189712,99.12890625
08:01:31,912810UD8,TSRYS5870973,D,S,D,2024-08-26,1000000.00,4.189712,99.12890625
08:01:32,912810UD8,TSRYS5870973,D,S,C,2024-08-26,10000000.00,4.169952,99.39327
08:01:32,912810UD8,TSRYS5870973,D,S,C,2024-08-26,20000000.00,4.169952,99.39327
08:01:32,912810UD8,TSRYS5870973,D,S,C,2024-08-26,20000000.00,4.169952,99.39327
08:01:35,912810UD8,TSRYS5870973,D,S,A,2024-08-26,4205000.00,4.192637,99.08984375
08:01:36,912810UD8,TSRYS5870973,D,S,D,2024-08-26,1566000.00,4.190589,99.1171875
08:01:37,912810UD8,TSRYS5870973,D,S,A,2024-08-26,50MM+,4.161993,99.5
08:01:37,912810UD8,TSRYS5870973,D,S,D,2024-08-26,1000000.00,4.168837,99.408203125
08:01:37,912810UD8,TSRYS5870973,D,S,D,2024-08-26,1000000.00,4.168692,99.41015625
08:01:37,912810UD8,TSRYS5870973,D,S,A,2024-08-26,9800000.00,4.161993,99.5
08:01:37,912810UD8,TSRYS5870973,D,S,T,2024-08-26,1000000.00,4.171325,99.37487
08:01:37,912810UD8,TSRYS5870973,D,S,T,2024-08-26,1000000.00,4.171325,99.37487
08:01:38,912810UD8,TSRYS5870973,D,S,D,2024-08-26,1000000.00,4.167381,99.42773437
08:01:38,912810UD8,TSRYS5870973,D,S,D,2024-08-26,1000000.00,4.167381,99.42773437
08:01:38,912810UD8,TSRYS5870973,D,S,D,2024-08-26,1300000.00,4.190297,99.12109375
08:01:38,912810UD8,TSRYS5870973,D,S,D,2024-08-26,1000000.00,4.167381,99.42773437
08:01:38,912810UD8,TSRYS5870973,D,S,T,2024-08-26,1000000.00,4.167235,99.4296875
08:01:38,912810UD8,TSRYS5870973,D,B,C,2024-08-26,4000000.00,4.1674,99.42747
08:01:40,912810UD8,TSRYS5870973,D,S,D,2024-08-26,1000000.00,4.169275,99.40234375
08:01:40,912810UD8,TSRYS5870973,D,S,D,2024-08-26,2000000.00,4.169275,99.40234375
08:01:41,912810UD8,TSRYS5870973,D,S,D,2024-08-26,2000000.00,4.169275,99.40234375
08:01:41,912810UD8,TSRYS5870973,D,S,C,2024-08-26,25000.00,4.190004,99.145
08:01:41,912810UD8,TSRYS5870973,D,S,D,2024-08-26,2000000.00,4.171169,99.37695312
08:01:46,912810UD8,TSRYS5870973,D,S,D,2024-08-26,25000.00,4.190004,99.125
08:01:53,912810UD8,TSRYS5870973,D,S,D,2024-08-26,1000000.00,4.178462,99.27929687
08:01:55,912810UD8,TSRYS5870973,D,B,C,2024-08-26,1000000.00,4.178512,99.27863
08:01:55,912810UD8,TSRYS5870973,D,S,T,2024-08-26,1000000.00,4.191467,99.10546875
08:01:56,912810UD8,TSRYS5870973,D,S,T,2024-08-26,1000000.00,4.191174,99.109375
08:01:58,912810UD8,TSRYS5870973,D,S,D,2024-08-26,1000000.00,4.170149,99.390625
08:01:59,912810UD8,TSRYS5870973,D,S,D,2024-08-26,1000000.00,4.166652,99.4375
08:01:59,912810UD8,TSRYS5870973,D,B,C,2024-08-26,1000000.00,4.166664,99.437348
08:01:59,912810UD8,TSRYS5870973,D,S,D,2024-08-26,1000000.00,4.166652,99.4375
08:01:59,912810UD8,TSRYS5870973,D,S,T,2024-08-26,1000000.00,4.167818,99.421875
08:01:59,912810UD8,TSRYS5870973,D,S,D,2024-08-26,1000000.00,4.167818,99.421875
08:01:59,912810UD8,TSRYS5870973,D,S,D,2024-08-26,1000000.00,4.166652,99.4375
08:01:59,912810UD8,TSRYS5870973,D,B,C,2024-08-26,1000000.00,4.167829,99.421723
08:01:59,912810UD8,TSRYS5870973,D,B,C,2024-08-26,1000000.00,4.166664,99.437348
08:02:00,912810UD8,TSRYS5870973,D,S,D,2024-08-26,1000000.00,4.195564,99.05078125
08:02:00,912810UD8,TSRYS5870973,D,S,D,2024-08-26,1000000.00,4.195272,99.0546875
08:02:00,912810UD8,TSRYS5870973,D,S,D,2024-08-26,1000000.00,4.195272,99.0546875
08:02:01,912810UD8,TSRYS5870973,D,S,D,2024-08-26,1000000.00,4.192637,99.08984375
08:02:01,912810UD8,TSRYS5870973,D,B,C,2024-08-26,1000000.00,4.192704,99.08895
08:02:02,912810UD8,TSRYS5870973,D,S,D,2024-08-26,1000000.00,4.167818,99.421875
08:02:02,912810UD8,TSRYS5870973,D,S,D,2024-08-26,1000000.00,4.167818,99.421875
08:02:02,912810UD8,TSRYS5870973,D,S,D,2024-08-26,1000000.00,4.167818,99.421875
08:02:02,912810UD8,TSRYS5870973,D,S,D,2024-08-26,1000000.00,4.194393,99.06640625
08:02:02,912810UD8,TSRYS5870973,D,S,T,2024-08-26,1000000.00,4.19353,99.077925
08:02:02,912810UD8,TSRYS5870973,D,S,T,2024-08-26,1000000.00,4.19353,99.077925
08:02:02,912810UD8,TSRYS5870973,D,S,D,2024-08-26,1000000.00,4.194393,99.06640625
08:02:02,912810UD8,TSRYS5870973,D,S,D,2024-08-26,1000000.00,4.194393,99.06640625
08:02:02,912810UD8,TSRYS5870973,D,S,D,2024-08-26,1000000.00,4.194393,99.06640625
08:02:02,912810UD8,TSRYS5870973,D,S,D,2024-08-26,1000000.00,4.194393,99.06640625
08:02:02,912810UD8,TSRYS5870973,D,S,D,2024-08-26,1000000.00,4.194393,99.06640625
08:02:02,912810UD8,TSRYS5870973,D,S,D,2024-08-26,1000000.00,4.194393,99.06640625
08:02:02,912810UD8,TSRYS5870973,D,S,D,2024-08-26,1000000.00,4.194393,99.06640625
08:02:02,912810UD8,TSRYS5870973,D,S,C,2024-08-26,1000000.00,4.170138,99.390777
08:02:02,912810UD8,TSRYS5870973,D,S,D,2024-08-26,1000000.00,4.194393,99.06640625
08:02:02,912810UD8,TSRYS5870973,D,S,D,2024-08-26,1000000.00,4.194393,99.06640625
08:02:02,912810UD8,TSRYS5870973,D,S,D,2024-08-26,1000000.00,4.194393,99.06640625
08:02:02,912810UD8,TSRYS5870973,D,S,D,2024-08-26,1000000.00,4.194393,99.06640625
08:02:02,912810UD8,TSRYS5870973,D,S,D,2024-08-26,1000000.00,4.194393,99.06640625
08:02:02,912810UD8,TSRYS5870973,D,S,D,2024-08-26,1000000.00,4.194393,99.06640625
08:02:02,912810UD8,TSRYS5870973,D,S,D,2024-08-26,1000000.00,4.194393,99.06640625
08:02:02,912810UD8,TSRYS5870973,D,S,D,2024-08-26,1000000.00,4.194393,99.06640625
08:02:02,912810UD8,TSRYS5870973,D,S,D,2024-08-26,1000000.00,4.194393,99.06640625
08:02:02,912810UD8,TSRYS5870973,D,S,D,2024-08-26,1000000.00,4.194247,99.06835937
08:02:02,912810UD8,TSRYS5870973,D,S,D,2024-08-26,1000000.00,4.194393,99.06640625
08:02:02,912810UD8,TSRYS5870973,D,S,D,2024-08-26,1000000.00,4.194247,99.06835937
08:02:02,912810UD8,TSRYS5870973,D,S,D,2024-08-26,1000000.00,4.194393,99.06640625
08:02:02,912810UD8,TSRYS5870973,D,S,D,2024-08-26,1000000.00,4.194393,99.06640625
08:02:02,912810UD8,TSRYS5870973,D,S,D,2024-08-26,1000000.00,4.194393,99.06640625
08:02:02,912810UD8,TSRYS5870973,D,S,D,2024-08-26,1000000.00,4.194393,99.06640625
08:02:02,912810UD8,TSRYS5870973,D,S,D,2024-08-26,1000000.00,4.194393,99.06640625
08:02:03,912810UD8,TSRYS5870973,D,B,C,2024-08-26,17000000.00,4.194441,99.06577
08:02:03,912810UD8,TSRYS5870973,D,S,D,2024-08-26,2000000.00,4.194101,99.0703125
08:02:03,912810UD8,TSRYS5870973,D,S,D,2024-08-26,1000000.00,4.194101,99.0703125
08:02:03,912810UD8,TSRYS5870973,D,S,D,2024-08-26,1000000.00,4.194101,99.0703125
08:02:03,912810UD8,TSRYS5870973,D,S,D,2024-08-26,1000000.00,4.194101,99.0703125
08:02:03,912810UD8,TSRYS5870973,D,S,D,2024-08-26,1000000.00,4.194101,99.0703125
08:02:03,912810UD8,TSRYS5870973,D,S,D,2024-08-26,1000000.00,4.193515,99.078125
08:02:03,912810UD8,TSRYS5870973,D,S,D,2024-08-26,1000000.00,4.194101,99.0703125
08:02:03,912810UD8,TSRYS5870973,D,S,D,2024-08-26,1000000.00,4.194101,99.0703125
08:02:03,912810UD8,TSRYS5870973,D,S,D,2024-08-26,1000000.00,4.194101,99.0703125
08:02:03,912810UD8,TSRYS5870973,D,S,D,2024-08-26,1000000.00,4.194101,99.0703125
08:02:03,912810UD8,TSRYS5870973,D,S,D,2024-08-26,1000000.00,4.194101,99.0703125
08:02:03,912810UD8,TSRYS5870973,D,S,D,2024-08-26,1000000.00,4.194101,99.0703125
08:02:03,912810UD8,TSRYS5870973,D,S,D,2024-08-26,1000000.00,4.194101,99.0703125
08:02:03,912810UD8,TSRYS5870973,D,S,D,2024-08-26,1000000.00,4.194101,99.0703125
08:02:03,912810UD8,TSRYS5870973,D,S,D,2024-08-26,1000000.00,4.194247,99.06835937
08:02:03,912810UD8,TSRYS5870973,D,S,D,2024-08-26,1000000.00,4.194247,99.06835937
08:02:03,912810UD8,TSRYS5870973,D,S,D,2024-08-26,1000000.00,4.194101,99.0703125
08:02:03,912810UD8,TSRYS5870973,D,S,D,2024-08-26,1000000.00,4.194247,99.06835937
08:02:03,912810UD8,TSRYS5870973,D,S,D,2024-08-26,1000000.00,4.194247,99.06835937
08:02:03,912810UD8,TSRYS5870973,D,S,D,2024-08-26,1000000.00,4.194101,99.0703125
08:02:03,912810UD8,TSRYS5870973,D,S,D,2024-08-26,1000000.00,4.194247,99.06835937
08:02:03,912810UD8,TSRYS5870973,D,S,D,2024-08-26,1000000.00,4.194247,99.06835937
08:02:03,912810UD8,TSRYS5870973,D,S,D,2024-08-26,1000000.00,4.194247,99.06835937
08:02:03,912810UD8,TSRYS5870973,D,S,D,2024-08-26,1000000.00,4.193808,99.07421875
08:02:03,912810UD8,TSRYS5870973,D,S,D,2024-08-26,1000000.00,4.194101,99.0703125
08:02:04,912810UD8,TSRYS5870973,D,S,D,2024-08-26,1000000.00,4.19615,99.04296875
08:02:04,912810UD8,TSRYS5870973,D,S,C,2024-08-26,1000000.00,4.194101,99.0703125
08:02:04,912810UD8,TSRYS5870973,D,S,D,2024-08-26,1000000.00,4.194101,99.0703125
08:02:04,912810UD8,TSRYS5870973,D,B,C,2024-08-26,30000000.00,4.18861,99.14362
08:02:04,912810UD8,TSRYS5870973,D,S,T,2024-08-26,1000000.00,4.171322,99.3749
08:02:04,912810UD8,TSRYS5870973,D,S,D,2024-08-26,1000000.00,4.194247,99.06835937
08:02:04,912810UD8,TSRYS5870973,D,S,D,2024-08-26,1000000.00,4.194247,99.06835937
08:02:05,912810UD8,TSRYS5870973,D,S,T,2024-08-26,1000000.00,4.195872,99.046675
08:02:05,912810UD8,TSRYS5870973,D,S,T,2024-08-26,1000000.00,4.195872,99.046675
08:02:05,912810UD8,TSRYS5870973,D,S,D,2024-08-26,1000000.00,4.194247,99.06835937
08:02:05,912810UD8,TSRYS5870973,D,S,D,2024-08-26,1000000.00,4.194247,99.06835937
08:02:05,912810UD8,TSRYS5870973,D,S,D,2024-08-26,1000000.00,4.194247,99.06835937
08:02:05,912810UD8,TSRYS5870973,D,S,A,2024-08-26,400000.00,4.169566,99.3984375
08:02:05,912810UD8,TSRYS5870973,D,S,D,2024-08-26,1000000.00,4.194101,99.0703125
08:02:05,912810UD8,TSRYS5870973,D,S,D,2024-08-26,1000000.00,4.194247,99.06835937
08:02:05,912810UD8,TSRYS5870973,D,S,D,2024-08-26,1000000.00,4.194101,99.0703125
08:02:05,912810UD8,TSRYS5870973,D,S,T,2024-08-26,1000000.00,4.166652,99.4375
08:02:05,912810UD8,TSRYS5870973,D,S,T,2024-08-26,1000000.00,4.167818,99.421875
08:02:05,912810UD8,TSRYS5870973,D,S,T,2024-08-26,1000000.00,4.167818,99.421875
08:02:05,912810UD8,TSRYS5870973,D,S,T,2024-08-26,1000000.00,4.171607,99.37109375
08:02:05,912810UD8,TSRYS5870973,D,S,D,2024-08-26,1000000.00,4.194247,99.06835937
08:02:05,912810UD8,TSRYS5870973,D,S,T,2024-08-26,1000000.00,4.170732,99.3828125
08:02:05,912810UD8,TSRYS5870973,D,S,T,2024-08-26,1000000.00,4.173648,99.34375
08:02:05,912810UD8,TSRYS5870973,D,S,D,2024-08-26,1000000.00,4.194247,99.06835937
08:02:05,912810UD8,TSRYS5870973,D,S,T,2024-08-26,1000000.00,4.173648,99.34375
08:02:05,912810UD8,TSRYS5870973,D,S,D,2024-08-26,1000000.00,4.194247,99.06835937
08:02:05,912810UD8,TSRYS5870973,D,S,D,2024-08-26,1000000.00,4.194247,99.06835937
08:02:05,912810UD8,TSRYS5870973,D,S,T,2024-08-26,1000000.00,4.166652,99.4375
08:02:05,912810UD8,TSRYS5870973,D,S,D,2024-08-26,1000000.00,4.170732,99.3828125
08:02:05,912810UD8,TSRYS5870973,D,S,D,2024-08-26,1000000.00,4.17044,99.38671875
08:02:05,912810UD8,TSRYS5870973,D,S,T,2024-08-26,1000000.00,4.171315,99.375
08:02:05,912810UD8,TSRYS5870973,D,S,T,2024-08-26,1000000.00,4.171315,99.375
08:02:05,912810UD8,TSRYS5870973,D,S,D,2024-08-26,1000000.00,4.169857,99.39453125
08:02:05,912810UD8,TSRYS5870973,D,S,T,2024-08-26,1000000.00,4.170149,99.390625
08:02:05,912810UD8,TSRYS5870973,D,S,T,2024-08-26,1000000.00,4.19236,99.09355
08:02:05,912810UD8,TSRYS5870973,D,S,D,2024-08-26,1000000.00,4.192052,99.09765625
08:02:05,912810UD8,TSRYS5870973,D,S,D,2024-08-26,1000000.00,4.169566,99.3984375
08:02:05,912810UD8,TSRYS5870973,D,S,T,2024-08-26,1000000.00,4.170149,99.390625
08:02:05,912810UD8,TSRYS5870973,D,S,T,2024-08-26,1000000.00,4.170149,99.390625
08:02:05,912810UD8,TSRYS5870973,D,S,T,2024-08-26,1000000.00,4.170149,99.390625
08:02:05,912810UD8,TSRYS5870973,D,S,D,2024-08-26,1000000.00,4.170149,99.390625
08:02:05,912810UD8,TSRYS5870973,D,S,D,2024-08-26,1000000.00,4.192052,99.09765625
08:02:05,912810UD8,TSRYS5870973,D,S,D,2024-08-26,1000000.00,4.192052,99.09765625
08:02:05,912810UD8,TSRYS5870973,D,S,D,2024-08-26,1000000.00,4.192052,99.09765625
08:02:05,912810UD8,TSRYS5870973,D,S,D,2024-08-26,1000000.00,4.192052,99.09765625
08:02:05,912810UD8,TSRYS5870973,D,S,D,2024-08-26,1000000.00,4.192052,99.09765625
08:02:05,912810UD8,TSRYS5870973,D,S,D,2024-08-26,1000000.00,4.192345,99.09375
08:02:05,912810UD8,TSRYS5870973,D,S,D,2024-08-26,1000000.00,4.192052,99.09765625
08:02:06,912810UD8,TSRYS5870973,D,S,T,2024-08-26,1000000.00,4.177149,99.296875
08:02:06,912810UD8,TSRYS5870973,D,S,T,2024-08-26,1000000.00,4.178316,99.28125
08:02:06,912810UD8,TSRYS5870973,D,S,T,2024-08-26,1000000.00,4.178462,99.279296875
08:02:06,912810UD8,TSRYS5870973,D,S,T,2024-08-26,1000000.00,4.178316,99.28125
08:02:06,912810UD8,TSRYS5870973,D,S,T,2024-08-26,1000000.00,4.178316,99.28125
08:02:06,912810UD8,TSRYS5870973,D,S,T,2024-08-26,1000000.00,4.179484,99.265625
08:02:06,912810UD8,TSRYS5870973,D,S,T,2024-08-26,1000000.00,4.182989,99.21875
08:02:06,912810UD8,TSRYS5870973,D,S,D,2024-08-26,1000000.00,4.192052,99.09765625
08:02:06,912810UD8,TSRYS5870973,D,S,D,2024-08-26,1000000.00,4.192052,99.09765625
08:02:06,912810UD8,TSRYS5870973,D,S,D,2024-08-26,1000000.00,4.192052,99.09765625
08:02:06,912810UD8,TSRYS5870973,D,S,D,2024-08-26,1000000.00,4.192052,99.09765625
08:02:06,912810UD8,TSRYS5870973,D,S,D,2024-08-26,1000000.00,4.192198,99.09570312
08:02:06,912810UD8,TSRYS5870973,D,S,T,2024-08-26,1000000.00,4.193515,99.078125
08:02:06,912810UD8,TSRYS5870973,D,S,T,2024-08-26,1000000.00,4.193515,99.078125
08:02:06,912810UD8,TSRYS5870973,D,S,T,2024-08-26,1000000.00,4.193515,99.078125
08:02:06,912810UD8,TSRYS5870973,D,S,D,2024-08-26,1000000.00,4.192345,99.09375
08:02:06,912810UD8,TSRYS5870973,D,S,D,2024-08-26,1000000.00,4.192345,99.09375
08:02:06,912810UD8,TSRYS5870973,D,S,D,2024-08-26,1000000.00,4.192198,99.09570312
08:02:06,912810UD8,TSRYS5870973,D,S,T,2024-08-26,1000000.00,4.194979,99.05859375
08:02:06,912810UD8,TSRYS5870973,D,S,T,2024-08-26,1000000.00,4.194686,99.0625
08:02:06,912810UD8,TSRYS5870973,D,S,T,2024-08-26,2000000.00,4.192345,99.09375
08:02:06,912810UD8,TSRYS5870973,D,S,T,2024-08-26,1000000.00,4.194101,99.0703125
08:02:06,912810UD8,TSRYS5870973,D,S,T,2024-08-26,1000000.00,4.193515,99.078125
08:02:06,912810UD8,TSRYS5870973,D,S,T,2024-08-26,1000000.00,4.190004,99.125
08:02:06,912810UD8,TSRYS5870973,D,S,T,2024-08-26,1000000.00,4.187665,99.15625
08:02:06,912810UD8,TSRYS5870973,D,S,T,2024-08-26,1000000.00,4.188834,99.140625
08:02:06,912810UD8,TSRYS5870973,D,S,A,2024-08-26,550000.00,4.1684,99.4140625
08:02:06,912810UD8,TSRYS5870973,D,S,D,2024-08-26,1000000.00,4.189712,99.12890625
08:02:06,912810UD8,TSRYS5870973,D,S,D,2024-08-26,1000000.00,4.189712,99.12890625
08:02:07,912810UD8,TSRYS5870973,D,S,D,2024-08-26,1000000.00,4.189712,99.12890625
08:02:07,912810UD8,TSRYS5870973,D,S,D,2024-08-26,1000000.00,4.189712,99.12890625
08:02:07,912810UD8,TSRYS5870973,D,S,D,2024-08-26,1000000.00,4.189712,99.12890625
08:02:07,912810UD8,TSRYS5870973,D,S,D,2024-08-26,1000000.00,4.189712,99.12890625
08:02:07,912810UD8,TSRYS5870973,D,S,D,2024-08-26,1000000.00,4.189712,99.12890625
08:02:07,912810UD8,TSRYS5870973,D,S,D,2024-08-26,1000000.00,4.189712,99.12890625
08:02:07,912810UD8,TSRYS5870973,D,S,D,2024-08-26,1000000.00,4.189712,99.12890625
08:02:07,912810UD8,TSRYS5870973,D,S,D,2024-08-26,1000000.00,4.189858,99.12695312
08:02:07,912810UD8,TSRYS5870973,D,S,D,2024-08-26,1000000.00,4.189858,99.12695312
08:02:07,912810UD8,TSRYS5870973,D,S,D,2024-08-26,1000000.00,4.189858,99.12695312
08:02:07,912810UD8,TSRYS5870973,D,S,A,2024-08-26,100000.00,4.169857,99.39453125
08:02:07,912810UD8,TSRYS5870973,D,S,D,2024-08-26,1000000.00,4.189419,99.1328125
08:02:07,912810UD8,TSRYS5870973,D,S,D,2024-08-26,1000000.00,4.189566,99.13085937
08:02:08,912810UD8,TSRYS5870973,D,S,D,2024-08-26,1000000.00,4.189858,99.12695312
08:02:08,912810UD8,TSRYS5870973,D,S,D,2024-08-26,1000000.00,4.189712,99.12890625
08:02:08,912810UD8,TSRYS5870973,D,S,D,2024-08-26,1000000.00,4.189712,99.12890625
08:02:08,912810UD8,TSRYS5870973,D,S,D,2024-08-26,1000000.00,4.189712,99.12890625
08:02:08,912810UD8,TSRYS5870973,D,S,D,2024-08-26,1000000.00,4.189712,99.12890625
08:02:08,912810UD8,TSRYS5870973,D,S,D,2024-08-26,1000000.00,4.189858,99.12695312
08:02:08,912810UD8,TSRYS5870973,D,S,D,2024-08-26,1000000.00,4.189712,99.12890625
08:02:08,912810UD8,TSRYS5870973,D,S,D,2024-08-26,1000000.00,4.189858,99.12695312
08:02:08,912810UD8,TSRYS5870973,D,S,D,2024-08-26,1000000.00,4.189712,99.12890625
08:02:08,912810UD8,TSRYS5870973,D,S,D,2024-08-26,1000000.00,4.189712,99.12890625
08:02:08,912810UD8,TSRYS5870973,D,S,D,2024-08-26,1000000.00,4.189712,99.12890625
08:02:08,912810UD8,TSRYS5870973,D,S,D,2024-08-26,1000000.00,4.189712,99.12890625
08:02:08,912810UD8,TSRYS5870973,D,S,D,2024-08-26,1000000.00,4.189712,99.12890625
08:02:08,912810UD8,TSRYS5870973,D,S,D,2024-08-26,1000000.00,4.189712,99.12890625
08:02:08,912810UD8,TSRYS5870973,D,S,D,2024-08-26,1000000.00,4.189712,99.12890625
08:02:08,912810UD8,TSRYS5870973,D,S,D,2024-08-26,1000000.00,4.189712,99.12890625
08:02:08,912810UD8,TSRYS5870973,D,S,D,2024-08-26,1000000.00,4.189712,99.12890625
08:02:08,912810UD8,TSRYS5870973,D,S,D,2024-08-26,1000000.00,4.189858,99.12695312
08:02:08,912810UD8,TSRYS5870973,D,S,D,2024-08-26,1000000.00,4.189858,99.12695312
08:02:08,912810UD8,TSRYS5870973,D,S,D,2024-08-26,1000000.00,4.189712,99.12890625
08:02:08,912810UD8,TSRYS5870973,D,S,D,2024-08-26,1000000.00,4.189858,99.12695312
08:02:08,912810UD8,TSRYS5870973,D,S,D,2024-08-26,1000000.00,4.189858,99.12695312
08:02:08,912810UD8,TSRYS5870973,D,S,A,2024-08-26,745000.00,4.167235,99.4296875
08:02:11,912810UD8,TSRYS5870973,D,S,C,2024-08-26,5000.00,4.191467,99.20546875
08:02:16,912810UD8,TSRYS5870973,D,S,D,2024-08-26,1000000.00,4.172773,99.35546875
08:02:16,912810UD8,TSRYS5870973,D,S,D,2024-08-26,1000000.00,4.172773,99.35546875
08:02:18,912810UD8,TSRYS5870973,D,S,D,2024-08-26,5000.00,4.191467,99.10546875
08:02:19,912810UD8,TSRYS5870973,D,S,D,2024-08-26,54000.00,4.193515,99.078125
08:02:21,912810UD8,TSRYS5870973,D,S,D,2024-08-26,1000000.00,4.171315,99.375
08:02:21,912810UD8,TSRYS5870973,D,S,C,2024-08-26,1000000.00,4.1713,99.3752
08:02:22,912810UD8,TSRYS5870973,D,S,C,2024-08-26,50MM+,4.18825,99.1484375
08:02:25,912810UD8,TSRYS5870973,D,S,D,2024-08-26,1000000.00,4.173648,99.34375
08:02:25,912810UD8,TSRYS5870973,D,B,C,2024-08-26,1000000.00,4.173663,99.34355
08:02:26,912810UD8,TSRYS5870973,D,S,D,2024-08-26,1000000.00,4.191613,99.10351562
08:02:29,912810UD8,TSRYS5870973,D,S,D,2024-08-26,1000000.00,4.173638,99.34388
08:02:31,912810UD8,TSRYS5870973,D,S,T,2024-08-26,1000000.00,4.190589,99.1171875
08:02:31,912810UD8,TSRYS5870973,D,B,C,2024-08-26,1000000.00,4.172496,99.359175
08:02:32,912810UD8,TSRYS5870973,D,S,D,2024-08-26,1000000.00,4.172481,99.359375
08:02:32,912810UD8,TSRYS5870973,D,S,D,2024-08-26,1000000.00,4.172481,99.359375
08:02:36,912810UD8,TSRYS5870973,D,S,T,2024-08-26,1000000.00,4.190736,99.115234375
08:02:36,912810UD8,TSRYS5870973,D,S,D,2024-08-26,1000000.00,4.173648,99.34375
08:02:36,912810UD8,TSRYS5870973,D,B,C,2024-08-26,1000000.00,4.173659,99.3436
08:02:36,912810UD8,TSRYS5870973,D,S,D,2024-08-26,1000000.00,4.173648,99.34375
08:02:37,912810UD8,TSRYS5870973,D,S,D,2024-08-26,1000000.00,4.174815,99.328125
08:02:37,912810UD8,TSRYS5870973,D,S,D,2024-08-26,1000000.00,4.167235,99.4296875
08:02:37,912810UD8,TSRYS5870973,D,S,D,2024-08-26,1000000.00,4.175982,99.3125
08:02:37,912810UD8,TSRYS5870973,D,S,D,2024-08-26,1000000.00,4.175982,99.3125
08:02:37,912810UD8,TSRYS5870973,D,B,C,2024-08-26,1000000.00,4.175982,99.3125
08:02:37,912810UD8,TSRYS5870973,D,S,D,2024-08-26,1000000.00,4.174815,99.328125
08:02:37,912810UD8,TSRYS5870973,D,S,D,2024-08-26,1000000.00,4.174815,99.328125
08:02:38,912810UD8,TSRYS5870973,D,B,C,2024-08-26,1000000.00,4.175982,99.3125
08:02:38,912810UD8,TSRYS5870973,D,S,D,2024-08-26,1000000.00,4.175972,99.31263
08:02:38,912810UD8,TSRYS5870973,D,B,C,2024-08-26,1000000.00,4.175982,99.3125
08:02:38,912810UD8,TSRYS5870973,D,S,D,2024-08-26,1000000.00,4.175972,99.31263
08:02:38,912810UD8,TSRYS5870973,D,S,D,2024-08-26,1000000.00,4.175982,99.3125
08:02:38,912810UD8,TSRYS5870973,D,B,C,2024-08-26,1000000.00,4.175982,99.3125
08:02:42,912810UD8,TSRYS5870973,D,S,D,2024-08-26,1000000.00,4.173638,99.34388
08:02:42,912810UD8,TSRYS5870973,D,B,C,2024-08-26,1000000.00,4.173648,99.34375
08:02:42,912810UD8,TSRYS5870973,D,S,D,2024-08-26,1000000.00,4.173648,99.34375
08:02:42,912810UD8,TSRYS5870973,D,B,C,2024-08-26,2000000.00,4.171315,99.375
08:02:42,912810UD8,TSRYS5870973,D,S,D,2024-08-26,2000000.00,4.171315,99.375
08:02:44,912810UD8,TSRYS5870973,D,S,C,2024-08-26,1000000.00,4.167818,99.421875
08:02:44,912810UD8,TSRYS5870973,D,B,C,2024-08-26,1000000.00,4.167818,99.421875
08:02:44,912810UD8,TSRYS5870973,D,S,D,2024-08-26,1000000.00,4.168983,99.40625
08:02:46,912810UD8,TSRYS5870973,D,S,T,2024-08-26,1000000.00,4.176719,99.302634375
08:02:46,912810UD8,TSRYS5870973,D,S,T,2024-08-26,1000000.00,4.176719,99.302634375
08:02:46,912810UD8,TSRYS5870973,D,S,T,2024-08-26,1000000.00,4.176719,99.302634375
08:02:46,912810UD8,TSRYS5870973,D,S,T,2024-08-26,1000000.00,4.17701,99.298728125
08:02:46,912810UD8,TSRYS5870973,D,S,T,2024-08-26,1000000.00,4.178908,99.2733375
08:02:46,912810UD8,TSRYS5870973,D,S,T,2024-08-26,1000000.00,4.178908,99.2733375
08:02:46,912810UD8,TSRYS5870973,D,S,T,2024-08-26,1000000.00,4.178762,99.275290625
08:02:46,912810UD8,TSRYS5870973,D,S,T,2024-08-26,1000000.00,4.178762,99.275290625
08:02:47,912810UD8,TSRYS5870973,D,S,D,2024-08-26,1000000.00,4.167818,99.421875
08:02:47,912810UD8,TSRYS5870973,D,S,D,2024-08-26,1000000.00,4.166652,99.4375
08:02:48,912810UD8,TSRYS5870973,D,S,D,2024-08-26,1000000.00,4.171304,99.37515
08:02:48,912810UD8,TSRYS5870973,D,S,D,2024-08-26,1000000.00,4.171315,99.375
08:02:48,912810UD8,TSRYS5870973,D,S,D,2024-08-26,1000000.00,4.171304,99.37515
08:02:48,912810UD8,TSRYS5870973,D,S,D,2024-08-26,1000000.00,4.17569,99.31640625
08:02:48,912810UD8,TSRYS5870973,D,S,D,2024-08-26,1000000.00,4.168983,99.40625
08:02:48,912810UD8,TSRYS5870973,D,S,D,2024-08-26,1000000.00,4.168972,99.4064
08:02:48,912810UD8,TSRYS5870973,D,S,D,2024-08-26,1000000.00,4.168983,99.40625
08:02:48,912810UD8,TSRYS5870973,D,S,D,2024-08-26,1000000.00,4.168983,99.40625
08:02:48,912810UD8,TSRYS5870973,D,S,D,2024-08-26,1000000.00,4.168983,99.40625
08:02:48,912810UD8,TSRYS5870973,D,S,D,2024-08-26,1000000.00,4.168983,99.40625
08:02:48,912810UD8,TSRYS5870973,D,B,C,2024-08-26,1000000.00,4.168983,99.40625
08:02:48,912810UD8,TSRYS5870973,D,S,D,2024-08-26,1000000.00,4.168972,99.4064
08:02:48,912810UD8,TSRYS5870973,D,S,D,2024-08-26,1000000.00,4.178316,99.28125
08:02:48,912810UD8,TSRYS5870973,D,B,C,2024-08-26,1000000.00,4.168983,99.40625
08:02:48,912810UD8,TSRYS5870973,D,S,D,2024-08-26,1000000.00,4.168972,99.4064
08:02:48,912810UD8,TSRYS5870973,D,S,D,2024-08-26,1000000.00,4.168972,99.4064
08:02:48,912810UD8,TSRYS5870973,D,S,D,2024-08-26,1000000.00,4.176273,99.30859375
08:02:48,912810UD8,TSRYS5870973,D,S,C,2024-08-26,1000000.00,4.176857,99.30078125
08:02:48,912810UD8,TSRYS5870973,D,S,D,2024-08-26,1000000.00,4.176857,99.30078125
08:02:48,912810UD8,TSRYS5870973,D,S,D,2024-08-26,1000000.00,4.176857,99.30078125
08:02:48,912810UD8,TSRYS5870973,D,S,D,2024-08-26,1000000.00,4.176857,99.30078125
08:02:48,912810UD8,TSRYS5870973,D,S,D,2024-08-26,1000000.00,4.176857,99.30078125
08:02:48,912810UD8,TSRYS5870973,D,S,D,2024-08-26,1000000.00,4.170138,99.390775
08:02:49,912810UD8,TSRYS5870973,D,S,D,2024-08-26,1000000.00,4.170138,99.390775
08:02:49,912810UD8,TSRYS5870973,D,S,D,2024-08-26,1000000.00,4.170138,99.390775
08:02:49,912810UD8,TSRYS5870973,D,S,D,2024-08-26,1000000.00,4.177003,99.298828125
08:02:49,912810UD8,TSRYS5870973,D,S,D,2024-08-26,1000000.00,4.170138,99.390775
08:02:49,912810UD8,TSRYS5870973,D,S,D,2024-08-26,1000000.00,4.170138,99.390775
08:02:50,912810UD8,TSRYS5870973,D,S,D,2024-08-26,1000000.00,4.179046,99.271484375
08:02:51,912810UD8,TSRYS5870973,D,S,D,2024-08-26,1000000.00,4.179046,99.271484375
08:02:51,912810UD8,TSRYS5870973,D,S,D,2024-08-26,1000000.00,4.179046,99.271484375
08:02:51,912810UD8,TSRYS5870973,D,S,D,2024-08-26,1000000.00,4.179046,99.271484375
08:02:51,912810UD8,TSRYS5870973,D,S,D,2024-08-26,1000000.00,4.179046,99.271484375
08:02:51,912810UD8,TSRYS5870973,D,S,D,2024-08-26,1000000.00,4.179046,99.271484375
08:02:53,912810UD8,TSRYS5870973,D,S,D,2024-08-26,1000000.00,4.177149,99.296875
08:02:53,912810UD8,TSRYS5870973,D,S,D,2024-08-26,1000000.00,4.177149,99.296875
08:02:53,912810UD8,TSRYS5870973,D,S,D,2024-08-26,1000000.00,4.175982,99.3125
08:02:54,912810UD8,TSRYS5870973,D,S,D,2024-08-26,1000000.00,4.175982,99.3125
08:02:54,912810UD8,TSRYS5870973,D,S,D,2024-08-26,1000000.00,4.175982,99.3125
08:02:55,912810UD8,TSRYS5870973,D,S,C,2024-08-26,1000000.00,4.178301,99.28145
08:02:55,912810UD8,TSRYS5870973,D,S,D,2024-08-26,1000000.00,4.177149,99.296875
08:02:55,912810UD8,TSRYS5870973,D,S,D,2024-08-26,1000000.00,4.177149,99.296875
08:02:55,912810UD8,TSRYS5870973,D,S,D,2024-08-26,1000000.00,4.177149,99.296875
08:02:55,912810UD8,TSRYS5870973,D,B,C,2024-08-26,1000000.00,4.177149,99.296875
08:02:55,912810UD8,TSRYS5870973,D,B,C,2024-08-26,1000000.00,4.177164,99.296675
08:02:55,912810UD8,TSRYS5870973,D,S,D,2024-08-26,1000000.00,4.178316,99.28125
08:02:55,912810UD8,TSRYS5870973,D,S,D,2024-08-26,1000000.00,4.178316,99.28125
08:02:55,912810UD8,TSRYS5870973,D,S,D,2024-08-26,1000000.00,4.178316,99.28125
08:02:55,912810UD8,TSRYS5870973,D,B,C,2024-08-26,1000000.00,4.178316,99.28125
08:02:55,912810UD8,TSRYS5870973,D,S,D,2024-08-26,1000000.00,4.178316,99.28125
08:02:55,912810UD8,TSRYS5870973,D,S,D,2024-08-26,1000000.00,4.178316,99.28125
08:02:55,912810UD8,TSRYS5870973,D,S,D,2024-08-26,1000000.00,4.178316,99.28125
08:02:55,912810UD8,TSRYS5870973,D,S,D,2024-08-26,1000000.00,4.178316,99.28125
08:02:55,912810UD8,TSRYS5870973,D,S,D,2024-08-26,1000000.00,4.178316,99.28125
08:02:55,912810UD8,TSRYS5870973,D,S,D,2024-08-26,1000000.00,4.178316,99.28125
08:02:55,912810UD8,TSRYS5870973,D,S,D,2024-08-26,1000000.00,4.178316,99.28125
08:02:55,912810UD8,TSRYS5870973,D,S,D,2024-08-26,1000000.00,4.178316,99.28125
08:02:55,912810UD8,TSRYS5870973,D,S,D,2024-08-26,1000000.00,4.178316,99.28125
08:02:57,912810UD8,TSRYS5870973,D,S,C,2024-08-26,1000000.00,4.179469,99.265825
08:02:59,912810UD8,TSRYS5870973,D,B,C,2024-08-26,1000000.00,4.181831,99.234225
08:02:59,912810UD8,TSRYS5870973,D,B,C,2024-08-26,1000000.00,4.181831,99.234225
08:02:59,912810UD8,TSRYS5870973,D,S,D,2024-08-26,1000000.00,4.18182,99.234375
08:02:59,912810UD8,TSRYS5870973,D,S,C,2024-08-26,1000000.00,4.181805,99.234575
08:02:59,912810UD8,TSRYS5870973,D,S,D,2024-08-26,1000000.00,4.182989,99.21875
08:03:01,912810UD8,TSRYS5870973,D,B,C,2024-08-26,1000000.00,4.187676,99.1561
08:03:01,912810UD8,TSRYS5870973,D,S,D,2024-08-26,1000000.00,4.187665,99.15625
08:03:04,912810UD8,TSRYS5870973,D,S,D,2024-08-26,1000000.00,4.193515,99.078125
08:03:04,912810UD8,TSRYS5870973,D,B,C,2024-08-26,1000000.00,4.193515,99.078125
08:03:04,912810UD8,TSRYS5870973,D,S,D,2024-08-26,1000000.00,4.193515,99.078125
08:03:04,912810UD8,TSRYS5870973,D,S,D,2024-08-26,1000000.00,4.193515,99.078125
08:03:04,912810UD8,TSRYS5870973,D,S,D,2024-08-26,1000000.00,4.193515,99.078125
08:03:04,912810UD8,TSRYS5870973,D,S,D,2024-08-26,1000000.00,4.193515,99.078125
08:03:04,912810UD8,TSRYS5870973,D,B,C,2024-08-26,1000000.00,4.193515,99.078125
08:03:04,912810UD8,TSRYS5870973,D,S,D,2024-08-26,1000000.00,4.193515,99.078125
08:03:04,912810UD8,TSRYS5870973,D,S,D,2024-08-26,1000000.00,4.193515,99.078125
08:03:06,912810UD8,TSRYS5870973,D,S,D,2024-08-26,1000000.00,4.193515,99.078125
08:03:06,912810UD8,TSRYS5870973,D,B,C,2024-08-26,1000000.00,4.19353,99.077925
08:03:08,912810UD8,TSRYS5870973,D,S,C,2024-08-26,1000000.00,4.194686,99.0625
08:03:08,912810UD8,TSRYS5870973,D,B,C,2024-08-26,1000000.00,4.194686,99.0625
08:03:08,912810UD8,TSRYS5870973,D,B,C,2024-08-26,1000000.00,4.194686,99.0625
08:03:08,912810UD8,TSRYS5870973,D,S,C,2024-08-26,1000000.00,4.194675,99.06265
08:03:09,912810UD8,TSRYS5870973,D,S,C,2024-08-26,1000000.00,4.194686,99.0625
08:03:10,912810UD8,TSRYS5870973,D,S,C,2024-08-26,1000000.00,4.192333,99.0939
08:03:10,912810UD8,TSRYS5870973,D,B,C,2024-08-26,1000000.00,4.19236,99.09355
08:03:10,912810UD8,TSRYS5870973,D,B,C,2024-08-26,1000000.00,4.192345,99.09375
08:03:10,912810UD8,TSRYS5870973,D,S,C,2024-08-26,1000000.00,4.192333,99.0939
08:03:10,912810UD8,TSRYS5870973,D,B,C,2024-08-26,1000000.00,4.19236,99.09355
08:03:10,912810UD8,TSRYS5870973,D,S,C,2024-08-26,1000000.00,4.192333,99.0939
08:03:11,912810UD8,TSRYS5870973,D,S,C,2024-08-26,1000000.00,4.194686,99.0625
08:03:12,912810UD8,TSRYS5870973,D,S,C,2024-08-26,1000000.00,4.194671,99.0627
08:03:12,912810UD8,TSRYS5870973,D,B,C,2024-08-26,1000000.00,4.194686,99.0625
08:03:17,912810UD8,TSRYS5870973,D,S,D,2024-08-26,1000000.00,4.191174,99.109375
08:03:18,912810UD8,TSRYS5870973,D,S,D,2024-08-26,1000000.00,4.193515,99.078125
08:03:18,912810UD8,TSRYS5870973,D,B,C,2024-08-26,1000000.00,4.19353,99.077925
08:03:18,912810UD8,TSRYS5870973,D,S,D,2024-08-26,1000000.00,4.193515,99.078125
08:03:18,912810UD8,TSRYS5870973,D,S,D,2024-08-26,1000000.00,4.193515,99.078125
08:03:18,912810UD8,TSRYS5870973,D,B,C,2024-08-26,1000000.00,4.193523,99.078025
08:03:18,912810UD8,TSRYS5870973,D,B,C,2024-08-26,1000000.00,4.193523,99.078025
08:03:18,912810UD8,TSRYS5870973,D,S,D,2024-08-26,1000000.00,4.193515,99.078125
08:03:18,912810UD8,TSRYS5870973,D,S,D,2024-08-26,1000000.00,4.193515,99.078125
08:03:18,912810UD8,TSRYS5870973,D,S,D,2024-08-26,1000000.00,4.191613,99.10351562
08:03:18,912810UD8,TSRYS5870973,D,B,C,2024-08-26,1000000.00,4.19353,99.077925
08:03:18,912810UD8,TSRYS5870973,D,B,C,2024-08-26,1000000.00,4.193523,99.078025
08:03:18,912810UD8,TSRYS5870973,D,S,D,2024-08-26,1000000.00,4.193515,99.078125
08:03:18,912810UD8,TSRYS5870973,D,B,C,2024-08-26,1000000.00,4.19353,99.077925
08:03:18,912810UD8,TSRYS5870973,D,S,D,2024-08-26,1000000.00,4.193515,99.078125
08:03:18,912810UD8,TSRYS5870973,D,B,C,2024-08-26,1000000.00,4.193515,99.078125
08:03:18,912810UD8,TSRYS5870973,D,S,D,2024-08-26,1000000.00,4.193515,99.078125
08:03:18,912810UD8,TSRYS5870973,D,S,D,2024-08-26,1000000.00,4.193515,99.078125
08:03:18,912810UD8,TSRYS5870973,D,S,D,2024-08-26,1000000.00,4.193515,99.078125
08:03:19,912810UD8,TSRYS5870973,D,S,D,2024-08-26,1000000.00,4.194686,99.0625
08:03:19,912810UD8,TSRYS5870973,D,S,D,2024-08-26,1000000.00,4.194686,99.0625
08:03:19,912810UD8,TSRYS5870973,D,S,D,2024-08-26,1000000.00,4.193515,99.078125
08:03:19,912810UD8,TSRYS5870973,D,S,D,2024-08-26,1000000.00,4.193515,99.078125
08:03:19,912810UD8,TSRYS5870973,D,S,D,2024-08-26,1000000.00,4.191613,99.10351562
08:03:20,912810UD8,TSRYS5870973,D,S,D,2024-08-26,1000000.00,4.193515,99.078125
08:03:20,912810UD8,TSRYS5870973,D,S,D,2024-08-26,1000000.00,4.195857,99.046875
08:03:21,912810UD8,TSRYS5870973,D,S,D,2024-08-26,1000000.00,4.195857,99.046875
08:03:21,912810UD8,TSRYS5870973,D,S,D,2024-08-26,1000000.00,4.195857,99.046875
08:03:21,912810UD8,TSRYS5870973,D,S,D,2024-08-26,2000000.00,4.193515,99.078125
08:03:21,912810UD8,TSRYS5870973,D,S,D,2024-08-26,1000000.00,4.193515,99.078125
08:03:21,912810UD8,TSRYS5870973,D,S,D,2024-08-26,2000000.00,4.193515,99.078125
08:03:21,912810UD8,TSRYS5870973,D,S,D,2024-08-26,2000000.00,4.193515,99.078125
08:03:21,912810UD8,TSRYS5870973,D,S,D,2024-08-26,1000000.00,4.193515,99.078125
08:03:21,912810UD8,TSRYS5870973,D,S,D,2024-08-26,1000000.00,4.193515,99.078125
08:03:21,912810UD8,TSRYS5870973,D,S,C,2024-08-26,1000000.00,4.194686,99.0625
08:03:21,912810UD8,TSRYS5870973,D,S,D,2024-08-26,1000000.00,4.194979,99.05859375
08:03:21,912810UD8,TSRYS5870973,D,S,D,2024-08-26,1000000.00,4.195125,99.056640625
08:03:21,912810UD8,TSRYS5870973,D,S,D,2024-08-26,1000000.00,4.195418,99.052734375
08:03:22,912810UD8,TSRYS5870973,D,S,D,2024-08-26,1000000.00,4.192345,99.09375
08:03:22,912810UD8,TSRYS5870973,D,S,D,2024-08-26,1000000.00,4.191174,99.109375
08:03:22,912810UD8,TSRYS5870973,D,S,D,2024-08-26,1000000.00,4.194686,99.0625
08:03:22,912810UD8,TSRYS5870973,D,S,D,2024-08-26,1000000.00,4.194686,99.0625
08:03:22,912810UD8,TSRYS5870973,D,S,D,2024-08-26,1000000.00,4.194686,99.0625
08:03:22,912810UD8,TSRYS5870973,D,S,D,2024-08-26,1000000.00,4.194686,99.0625
08:03:22,912810UD8,TSRYS5870973,D,B,C,2024-08-26,1000000.00,4.193515,99.078125
08:03:22,912810UD8,TSRYS5870973,D,S,D,2024-08-26,1000000.00,4.193515,99.078125
08:03:22,912810UD8,TSRYS5870973,D,S,D,2024-08-26,1000000.00,4.190004,99.125
08:03:23,912810UD8,TSRYS5870973,D,S,C,2024-08-26,1000000.00,4.187654,99.1564
08:03:23,912810UD8,TSRYS5870973,D,B,C,2024-08-26,1000000.00,4.18768,99.15605
08:03:23,912810UD8,TSRYS5870973,D,S,C,2024-08-26,1000000.00,4.187654,99.1564
08:03:23,912810UD8,TSRYS5870973,D,S,D,2024-08-26,1000000.00,4.194101,99.0703125
08:03:23,912810UD8,TSRYS5870973,D,S,D,2024-08-26,1000000.00,4.194101,99.0703125
08:03:23,912810UD8,TSRYS5870973,D,S,D,2024-08-26,1000000.00,4.194101,99.0703125
08:03:24,912810UD8,TSRYS5870973,D,S,D,2024-08-26,1000000.00,4.188834,99.140625
08:03:24,912810UD8,TSRYS5870973,D,S,C,2024-08-26,1000000.00,4.193515,99.078125
08:03:25,912810UD8,TSRYS5870973,D,B,C,2024-08-26,1000000.00,4.192345,99.09375
08:03:25,912810UD8,TSRYS5870973,D,S,D,2024-08-26,1000000.00,4.192345,99.09375
08:03:25,912810UD8,TSRYS5870973,D,S,C,2024-08-26,4730000.00,4.194101,99.070313
08:03:25,912810UD8,TSRYS5870973,D,S,D,2024-08-26,1000000.00,4.188834,99.140625
08:03:25,912810UD8,TSRYS5870973,D,S,D,2024-08-26,1000000.00,4.191613,99.103515625
08:03:25,912810UD8,TSRYS5870973,D,S,D,2024-08-26,1000000.00,4.19176,99.1015625
08:03:26,912810UD8,TSRYS5870973,D,S,D,2024-08-26,1000000.00,4.19176,99.1015625
08:03:26,912810UD8,TSRYS5870973,D,S,D,2024-08-26,1000000.00,4.191613,99.103515625
08:03:26,912810UD8,TSRYS5870973,D,S,D,2024-08-26,1000000.00,4.19176,99.1015625
08:03:26,912810UD8,TSRYS5870973,D,S,D,2024-08-26,1000000.00,4.188834,99.140625
08:03:26,912810UD8,TSRYS5870973,D,S,C,2024-08-26,1000000.00,4.191159,99.109575
08:03:26,912810UD8,TSRYS5870973,D,S,D,2024-08-26,1000000.00,4.189858,99.126953125
08:03:27,912810UD8,TSRYS5870973,D,S,D,2024-08-26,1000000.00,4.189273,99.134765625
08:03:27,912810UD8,TSRYS5870973,D,S,D,2024-08-26,1000000.00,4.189273,99.134765625
08:03:27,912810UD8,TSRYS5870973,D,S,D,2024-08-26,959000.00,4.194979,99.05859375
08:03:27,912810UD8,TSRYS5870973,D,S,D,2024-08-26,2000000.00,4.189273,99.134765625
08:03:30,912810UD8,TSRYS5870973,D,S,D,2024-08-26,1000000.00,4.189858,99.126953125
08:03:30,912810UD8,TSRYS5870973,D,S,D,2024-08-26,1000000.00,4.190443,99.119140625
08:03:30,912810UD8,TSRYS5870973,D,S,D,2024-08-26,1000000.00,4.190736,99.115234375
08:03:30,912810UD8,TSRYS5870973,D,S,D,2024-08-26,4000000.00,4.190736,99.115234375
08:03:30,912810UD8,TSRYS5870973,D,S,D,2024-08-26,1000000.00,4.190736,99.115234375
08:03:30,912810UD8,TSRYS5870973,D,S,D,2024-08-26,2000000.00,4.190736,99.115234375
08:03:30,912810UD8,TSRYS5870973,D,S,D,2024-08-26,2000000.00,4.190736,99.115234375
08:03:30,912810UD8,TSRYS5870973,D,S,D,2024-08-26,2000000.00,4.190736,99.115234375
08:03:30,912810UD8,TSRYS5870973,D,S,D,2024-08-26,1000000.00,4.190736,99.115234375
08:03:30,912810UD8,TSRYS5870973,D,S,D,2024-08-26,1000000.00,4.191467,99.10546875
08:03:31,912810UD8,TSRYS5870973,D,S,D,2024-08-26,1000000.00,4.190589,99.1171875
08:03:31,912810UD8,TSRYS5870973,D,B,C,2024-08-26,1000000.00,4.190736,99.115234375
08:03:31,912810UD8,TSRYS5870973,D,S,D,2024-08-26,1000000.00,4.190736,99.115234375
08:03:31,912810UD8,TSRYS5870973,D,S,T,2024-08-26,1000000.00,4.190443,99.119140625
08:03:31,912810UD8,TSRYS5870973,D,S,D,2024-08-26,1000000.00,4.191321,99.107421875
08:03:32,912810UD8,TSRYS5870973,D,S,T,2024-08-26,1000000.00,4.190736,99.115234375
08:03:32,912810UD8,TSRYS5870973,D,S,T,2024-08-26,1000000.00,4.190443,99.119140625
08:03:32,912810UD8,TSRYS5870973,D,S,D,2024-08-26,1000000.00,4.190736,99.115234375
08:03:36,912810UD8,TSRYS5870973,D,B,C,2024-08-26,5890000.00,4.18825,99.148438
08:03:37,912810UD8,TSRYS5870973,D,S,D,2024-08-26,1000000.00,4.190443,99.119140625
08:03:38,912810UD8,TSRYS5870973,D,S,T,2024-08-26,1000000.00,4.192052,99.09765625
08:03:44,912810UD8,TSRYS5870973,D,S,D,2024-08-26,1000000.00,4.192052,99.09765625
08:03:46,912810UD8,TSRYS5870973,D,B,C,2024-08-26,10000000.00,4.190882,99.113281
08:03:55,912810UD8,TSRYS5870973,D,S,A,2024-08-26,2914000.00,4.175106,99.32421875
08:04:02,912810UD8,TSRYS5870973,D,S,D,2024-08-26,300000.00,4.19176,99.1015625
08:04:06,912810UD8,TSRYS5870973,D,S,D,2024-08-26,1000000.00,4.191613,99.10351562
08:04:19,912810UD8,TSRYS5870973,D,S,T,2024-08-26,1000000.00,4.192345,99.09375
08:04:24,912810UD8,TSRYS5870973,D,S,C,2024-08-26,1500000.00,4.172481,99.359375
08:04:25,912810UD8,TSRYS5870973,D,B,C,2024-08-26,4850000.00,4.192052,99.097656
08:04:34,912810UD8,TSRYS5870973,D,S,T,2024-08-26,1000000.00,4.192345,99.09375
08:04:39,912810UD8,TSRYS5870973,D,S,D,2024-08-26,1000000.00,4.192345,99.09375
08:04:57,912810UD8,TSRYS5870973,D,S,D,2024-08-26,1000000.00,4.192345,99.09375
08:05:12,912810UD8,TSRYS5870973,D,S,T,2024-08-26,1000000.00,4.192345,99.09375
08:05:13,912810UD8,TSRYS5870973,D,S,D,2024-08-26,1000000.00,4.193223,99.08203125
08:05:25,912810UD8,TSRYS5870973,D,B,A,2024-08-26,2226500.00,4.191757,99.1016
08:05:29,912810UD8,TSRYS5870973,D,S,T,2024-08-26,1000000.00,4.192345,99.09375
08:05:32,912810UD8,TSRYS5870973,D,B,A,2024-08-26,2226500.00,4.191757,99.1016
08:05:42,912810UD8,TSRYS5870973,D,S,T,2024-08-26,1000000.00,4.193515,99.078125
08:05:46,912810UD8,TSRYS5870973,D,S,C,2024-08-26,49000.00,4.1929,99.09654158163
08:05:52,912810UD8,TSRYS5870973,D,S,C,2024-08-26,49000.00,4.1929,99.0863375
08:05:55,912810UD8,TSRYS5870973,D,S,T,2024-08-26,1000000.00,4.192345,99.09375
08:05:56,912810UD8,TSRYS5870973,D,S,D,2024-08-26,1000000.00,4.192345,99.09375
08:05:57,912810UD8,TSRYS5870973,D,S,D,2024-08-26,49000.00,,99.0863375
08:06:00,912810UD8,TSRYS5870973,D,S,T,2024-08-26,1000000.00,4.170149,99.390625
08:06:05,912810UD8,TSRYS5870973,D,S,T,2024-08-26,1000000.00,4.19353,99.077925
08:06:11,912810UD8,TSRYS5870973,D,S,D,2024-08-26,1000000.00,4.192345,99.09375
08:06:12,912810UD8,TSRYS5870973,D,S,T,2024-08-26,1000000.00,4.192345,99.09375
08:06:22,912810UD8,TSRYS5870973,D,S,D,2024-08-26,35545000.00,4.189127,99.13671875
08:06:22,912810UD8,TSRYS5870973,D,B,C,2024-08-26,35545000.00,4.189127,99.13671875
08:06:25,912810UD8,TSRYS5870973,D,S,D,2024-08-26,1000000.00,4.193515,99.078125
08:06:25,912810UD8,TSRYS5870973,D,S,D,2024-08-26,1000000.00,4.193515,99.078125
08:06:29,912810UD8,TSRYS5870973,D,S,C,2024-08-26,1000000.00,4.166361,99.44140625
08:06:30,912810UD8,TSRYS5870973,D,S,D,2024-08-26,1000000.00,4.168983,99.40625
08:06:32,912810UD8,TSRYS5870973,D,S,D,2024-08-26,1000000.00,4.171607,99.37109375
08:06:35,912810UD8,TSRYS5870973,D,S,D,2024-08-26,1000000.00,4.171023,99.37890625
08:06:35,912810UD8,TSRYS5870973,D,B,C,2024-08-26,1000000.00,4.171023,99.37890625
08:06:35,912810UD8,TSRYS5870973,D,S,D,2024-08-26,1000000.00,4.171023,99.37890625
08:06:35,912810UD8,TSRYS5870973,D,B,C,2024-08-26,1000000.00,4.171023,99.37890625
08:06:36,912810UD8,TSRYS5870973,D,S,D,2024-08-26,1000000.00,4.168684,99.41025625
08:06:36,912810UD8,TSRYS5870973,D,S,D,2024-08-26,1000000.00,4.16883,99.408303125
08:06:36,912810UD8,TSRYS5870973,D,S,D,2024-08-26,1000000.00,4.168684,99.41025625
08:06:39,912810UD8,TSRYS5870973,D,S,D,2024-08-26,1000000.00,4.170724,99.3829125
08:06:40,912810UD8,TSRYS5870973,D,S,D,2024-08-26,1000000.00,4.192345,99.09375
08:06:42,912810UD8,TSRYS5870973,D,S,D,2024-08-26,1000000.00,4.193223,99.08203125
08:06:44,912810UD8,TSRYS5870973,D,S,D,2024-08-26,1000000.00,4.193223,99.08203125
08:06:44,912810UD8,TSRYS5870973,D,S,D,2024-08-26,1000000.00,4.193223,99.08203125
08:06:44,912810UD8,TSRYS5870973,D,S,D,2024-08-26,1000000.00,4.193223,99.08203125
08:06:47,912810UD8,TSRYS5870973,D,S,D,2024-08-26,1000000.00,4.172919,99.353515625
08:06:47,912810UD8,TSRYS5870973,D,S,D,2024-08-26,1000000.00,4.172773,99.35546875
08:06:47,912810UD8,TSRYS5870973,D,S,D,2024-08-26,1000000.00,4.172773,99.35546875
08:06:47,912810UD8,TSRYS5870973,D,B,C,2024-08-26,1000000.00,4.17278,99.35536875
08:06:47,912810UD8,TSRYS5870973,D,S,D,2024-08-26,1000000.00,4.172773,99.35546875
08:06:52,912810UD8,TSRYS5870973,D,S,D,2024-08-26,1000000.00,4.171315,99.375
08:06:54,912810UD8,TSRYS5870973,D,S,D,2024-08-26,1000000.00,4.17044,99.38671875
08:06:55,912810UD8,TSRYS5870973,D,S,C,2024-08-26,1000000.00,4.171891,99.3672875
08:06:55,912810UD8,TSRYS5870973,D,S,C,2024-08-26,1000000.00,4.171891,99.3672875
08:06:55,912810UD8,TSRYS5870973,D,S,C,2024-08-26,1000000.00,4.173349,99.34775625
08:06:55,912810UD8,TSRYS5870973,D,S,C,2024-08-26,1000000.00,4.171891,99.3672875
08:06:55,912810UD8,TSRYS5870973,D,S,C,2024-08-26,1000000.00,4.172765,99.35556875
08:06:57,912810UD8,TSRYS5870973,D,S,D,2024-08-26,1000000.00,4.192345,99.09375
08:07:01,912810UD8,TSRYS5870973,D,S,D,2024-08-26,1000000.00,4.176857,99.30078125
08:07:01,912810UD8,TSRYS5870973,D,S,C,2024-08-26,1000000.00,4.176857,99.30078125
08:07:01,912810UD8,TSRYS5870973,D,S,C,2024-08-26,1000000.00,4.176857,99.30078125
08:07:01,912810UD8,TSRYS5870973,D,S,C,2024-08-26,1000000.00,4.176711,99.302734375
08:07:01,912810UD8,TSRYS5870973,D,S,D,2024-08-26,1000000.00,4.176711,99.302734375
08:07:01,912810UD8,TSRYS5870973,D,S,C,2024-08-26,1000000.00,4.176857,99.30078125
08:07:01,912810UD8,TSRYS5870973,D,S,D,2024-08-26,1000000.00,4.176711,99.302734375
08:07:01,912810UD8,TSRYS5870973,D,S,D,2024-08-26,1000000.00,4.176711,99.302734375
08:07:02,912810UD8,TSRYS5870973,D,S,T,2024-08-26,1000000.00,4.19353,99.077925
08:07:02,912810UD8,TSRYS5870973,D,S,T,2024-08-26,1000000.00,4.19353,99.077925
08:07:02,912810UD8,TSRYS5870973,D,S,D,2024-08-26,1000000.00,4.177003,99.298828125
08:07:02,912810UD8,TSRYS5870973,D,S,D,2024-08-26,1000000.00,4.1789,99.2734375
08:07:02,912810UD8,TSRYS5870973,D,B,C,2024-08-26,1000000.00,4.177879,99.287109375
08:07:02,912810UD8,TSRYS5870973,D,S,D,2024-08-26,1000000.00,4.177879,99.287109375
08:07:02,912810UD8,TSRYS5870973,D,B,C,2024-08-26,1000000.00,4.177587,99.291015625
08:07:02,912810UD8,TSRYS5870973,D,S,D,2024-08-26,1000000.00,4.177587,99.291015625
08:07:02,912810UD8,TSRYS5870973,D,S,D,2024-08-26,1000000.00,4.177441,99.29296875
08:07:02,912810UD8,TSRYS5870973,D,B,C,2024-08-26,1000000.00,4.177295,99.294921875
08:07:02,912810UD8,TSRYS5870973,D,S,D,2024-08-26,1000000.00,4.177295,99.294921875
08:07:03,912810UD8,TSRYS5870973,D,S,D,2024-08-26,1000000.00,4.177441,99.29296875
08:07:03,912810UD8,TSRYS5870973,D,S,D,2024-08-26,1000000.00,4.177441,99.29296875
08:07:03,912810UD8,TSRYS5870973,D,S,D,2024-08-26,1000000.00,4.177441,99.29296875
08:07:03,912810UD8,TSRYS5870973,D,S,D,2024-08-26,1000000.00,4.177441,99.29296875
08:07:03,912810UD8,TSRYS5870973,D,B,C,2024-08-26,1000000.00,4.177587,99.291015625
08:07:03,912810UD8,TSRYS5870973,D,S,D,2024-08-26,1000000.00,4.177587,99.291015625
08:07:03,912810UD8,TSRYS5870973,D,S,D,2024-08-26,1000000.00,4.177441,99.29296875
08:07:03,912810UD8,TSRYS5870973,D,S,D,2024-08-26,1000000.00,4.177441,99.29296875
08:07:03,912810UD8,TSRYS5870973,D,S,D,2024-08-26,1000000.00,4.177441,99.29296875
08:07:03,912810UD8,TSRYS5870973,D,S,D,2024-08-26,1000000.00,4.177441,99.29296875
08:07:03,912810UD8,TSRYS5870973,D,S,D,2024-08-26,1000000.00,4.177441,99.29296875
08:07:03,912810UD8,TSRYS5870973,D,B,C,2024-08-26,1000000.00,4.177733,99.2890625
08:07:03,912810UD8,TSRYS5870973,D,S,D,2024-08-26,1000000.00,4.177733,99.2890625
08:07:03,912810UD8,TSRYS5870973,D,S,D,2024-08-26,1000000.00,4.177441,99.29296875
08:07:03,912810UD8,TSRYS5870973,D,B,C,2024-08-26,1000000.00,4.177879,99.287109375
08:07:03,912810UD8,TSRYS5870973,D,S,D,2024-08-26,1000000.00,4.177879,99.287109375
08:07:03,912810UD8,TSRYS5870973,D,B,C,2024-08-26,1000000.00,4.177879,99.287109375
08:07:03,912810UD8,TSRYS5870973,D,S,D,2024-08-26,1000000.00,4.177879,99.287109375
08:07:03,912810UD8,TSRYS5870973,D,S,D,2024-08-26,1000000.00,4.177587,99.291015625
08:07:03,912810UD8,TSRYS5870973,D,S,D,2024-08-26,1000000.00,4.178316,99.28125
08:07:03,912810UD8,TSRYS5870973,D,S,D,2024-08-26,1000000.00,4.178316,99.28125
08:07:03,912810UD8,TSRYS5870973,D,B,C,2024-08-26,1000000.00,4.178316,99.28125
08:07:03,912810UD8,TSRYS5870973,D,S,D,2024-08-26,1000000.00,4.178316,99.28125
08:07:03,912810UD8,TSRYS5870973,D,S,D,2024-08-26,1000000.00,4.1789,99.2734375
08:07:03,912810UD8,TSRYS5870973,D,S,D,2024-08-26,1000000.00,4.178316,99.28125
08:07:03,912810UD8,TSRYS5870973,D,S,D,2024-08-26,1000000.00,4.178316,99.28125
08:07:03,912810UD8,TSRYS5870973,D,S,D,2024-08-26,1000000.00,4.178316,99.28125
08:07:03,912810UD8,TSRYS5870973,D,S,D,2024-08-26,1000000.00,4.178316,99.28125
08:07:03,912810UD8,TSRYS5870973,D,S,D,2024-08-26,1000000.00,4.178316,99.28125
08:07:03,912810UD8,TSRYS5870973,D,S,D,2024-08-26,1000000.00,4.178754,99.275390625
08:07:03,912810UD8,TSRYS5870973,D,S,D,2024-08-26,1000000.00,4.178462,99.279296875
08:07:03,912810UD8,TSRYS5870973,D,S,D,2024-08-26,1000000.00,4.17817,99.283203125
08:07:03,912810UD8,TSRYS5870973,D,S,D,2024-08-26,1000000.00,4.178316,99.28125
08:07:03,912810UD8,TSRYS5870973,D,S,D,2024-08-26,1000000.00,4.178754,99.275390625
08:07:03,912810UD8,TSRYS5870973,D,S,D,2024-08-26,1000000.00,4.178316,99.28125
08:07:04,912810UD8,TSRYS5870973,D,S,D,2024-08-26,1000000.00,4.177879,99.287109375
08:07:04,912810UD8,TSRYS5870973,D,S,D,2024-08-26,1000000.00,4.177879,99.287109375
08:07:04,912810UD8,TSRYS5870973,D,S,D,2024-08-26,1000000.00,4.177879,99.287109375
08:07:04,912810UD8,TSRYS5870973,D,B,C,2024-08-26,1000000.00,4.177886,99.287009375
08:07:04,912810UD8,TSRYS5870973,D,S,D,2024-08-26,1000000.00,4.177441,99.29296875
08:07:04,912810UD8,TSRYS5870973,D,S,C,2024-08-26,1000000.00,4.178316,99.28125
08:07:04,912810UD8,TSRYS5870973,D,S,C,2024-08-26,1000000.00,4.178316,99.28125
08:07:04,912810UD8,TSRYS5870973,D,S,C,2024-08-26,1000000.00,4.17817,99.283203125
08:07:04,912810UD8,TSRYS5870973,D,S,C,2024-08-26,1000000.00,4.176857,99.30078125
08:07:08,912810UD8,TSRYS5870973,D,S,D,2024-08-26,1000000.00,4.186486,99.172
08:07:08,912810UD8,TSRYS5870973,D,S,D,2024-08-26,1000000.00,4.186048,99.177859375
08:07:13,912810UD8,TSRYS5870973,D,S,D,2024-08-26,1000000.00,4.194686,99.0625
08:07:13,912810UD8,TSRYS5870973,D,S,C,2024-08-26,1000000.00,4.194686,99.0625
08:07:13,912810UD8,TSRYS5870973,D,S,D,2024-08-26,1000000.00,4.194686,99.0625
08:07:15,912810UD8,TSRYS5870973,D,S,D,2024-08-26,1000000.00,4.194964,99.05879375
08:07:15,912810UD8,TSRYS5870973,D,S,D,2024-08-26,1000000.00,4.194964,99.05879375
08:07:18,912810UD8,TSRYS5870973,D,B,C,2024-08-26,1000000.00,4.196165,99.04276875
08:07:18,912810UD8,TSRYS5870973,D,S,C,2024-08-26,1000000.00,4.19615,99.04296875
08:07:23,912810UD8,TSRYS5870973,D,S,D,2024-08-26,1000000.00,4.19293,99.0859375
08:07:23,912810UD8,TSRYS5870973,D,B,C,2024-08-26,1000000.00,4.192945,99.0857375
08:07:23,912810UD8,TSRYS5870973,D,S,D,2024-08-26,1000000.00,4.19293,99.0859375
08:07:23,912810UD8,TSRYS5870973,D,S,D,2024-08-26,1000000.00,4.192345,99.09375
08:07:23,912810UD8,TSRYS5870973,D,S,D,2024-08-26,2000000.00,4.192345,99.09375
08:07:23,912810UD8,TSRYS5870973,D,S,D,2024-08-26,1000000.00,4.192052,99.09765625
08:07:23,912810UD8,TSRYS5870973,D,B,C,2024-08-26,1000000.00,4.191921,99.099409375
08:07:23,912810UD8,TSRYS5870973,D,S,D,2024-08-26,1000000.00,4.191906,99.099609375
08:07:23,912810UD8,TSRYS5870973,D,S,D,2024-08-26,2000000.00,4.193076,99.083984375
08:07:23,912810UD8,TSRYS5870973,D,S,D,2024-08-26,2000000.00,4.193076,99.083984375
08:07:25,912810UD8,TSRYS5870973,D,S,D,2024-08-26,1000000.00,4.193369,99.080078125
08:07:25,912810UD8,TSRYS5870973,D,S,D,2024-08-26,2000000.00,4.194247,99.068359375
08:07:26,912810UD8,TSRYS5870973,D,S,D,2024-08-26,1000000.00,4.194393,99.06640625
08:07:26,912810UD8,TSRYS5870973,D,S,D,2024-08-26,2000000.00,4.194247,99.068359375
08:07:26,912810UD8,TSRYS5870973,D,S,D,2024-08-26,1000000.00,4.194979,99.05859375
08:07:26,912810UD8,TSRYS5870973,D,S,D,2024-08-26,1000000.00,4.194979,99.05859375
08:07:26,912810UD8,TSRYS5870973,D,S,D,2024-08-26,1000000.00,4.193808,99.07421875
08:07:27,912810UD8,TSRYS5870973,D,B,C,2024-08-26,1000000.00,4.194116,99.0701125
08:07:27,912810UD8,TSRYS5870973,D,S,D,2024-08-26,1000000.00,4.194101,99.0703125
08:07:27,912810UD8,TSRYS5870973,D,S,D,2024-08-26,1000000.00,4.194101,99.0703125
08:07:27,912810UD8,TSRYS5870973,D,S,D,2024-08-26,1000000.00,4.194101,99.0703125
08:07:27,912810UD8,TSRYS5870973,D,S,D,2024-08-26,1000000.00,4.194247,99.068359375
08:07:27,912810UD8,TSRYS5870973,D,S,D,2024-08-26,1000000.00,4.194101,99.0703125
08:07:27,912810UD8,TSRYS5870973,D,S,D,2024-08-26,2000000.00,4.194101,99.0703125
08:07:27,912810UD8,TSRYS5870973,D,S,D,2024-08-26,1000000.00,4.193369,99.080078125
08:07:28,912810UD8,TSRYS5870973,D,S,D,2024-08-26,2000000.00,4.194393,99.06640625
08:07:28,912810UD8,TSRYS5870973,D,S,D,2024-08-26,1000000.00,4.194393,99.06640625
08:07:29,912810UD8,TSRYS5870973,D,S,D,2024-08-26,1000000.00,4.193808,99.07421875
08:07:29,912810UD8,TSRYS5870973,D,S,D,2024-08-26,1000000.00,4.193515,99.078125
08:07:30,912810UD8,TSRYS5870973,D,B,C,2024-08-26,1000000.00,4.19293,99.0859375
08:07:30,912810UD8,TSRYS5870973,D,S,D,2024-08-26,1000000.00,4.19293,99.0859375
08:07:31,912810UD8,TSRYS5870973,D,S,D,2024-08-26,1000000.00,4.191467,99.10546875
08:07:33,912810UD8,TSRYS5870973,D,S,D,2024-08-26,1000000.00,4.189264,99.134890625
08:07:33,912810UD8,TSRYS5870973,D,S,D,2024-08-26,1000000.00,4.189264,99.134890625
08:07:33,912810UD8,TSRYS5870973,D,S,D,2024-08-26,1000000.00,4.188834,99.140625
08:07:35,912810UD8,TSRYS5870973,D,B,C,2024-08-26,1000000.00,4.190736,99.115234375
08:07:35,912810UD8,TSRYS5870973,D,S,D,2024-08-26,1000000.00,4.190726,99.115359375
08:07:35,912810UD8,TSRYS5870973,D,S,D,2024-08-26,1000000.00,4.190726,99.115359375
08:07:35,912810UD8,TSRYS5870973,D,B,C,2024-08-26,1000000.00,4.190736,99.115234375
08:07:35,912810UD8,TSRYS5870973,D,S,D,2024-08-26,1000000.00,4.190726,99.115359375
08:07:35,912810UD8,TSRYS5870973,D,S,D,2024-08-26,1000000.00,4.190443,99.119140625
08:07:35,912810UD8,TSRYS5870973,D,B,C,2024-08-26,1000000.00,4.190443,99.119140625
08:07:36,912810UD8,TSRYS5870973,D,S,D,2024-08-26,1000000.00,4.190443,99.119140625
08:07:36,912810UD8,TSRYS5870973,D,B,C,2024-08-26,1000000.00,4.193954,99.072265625
08:07:37,912810UD8,TSRYS5870973,D,S,D,2024-08-26,1000000.00,4.193954,99.072265625
08:07:39,912810UD8,TSRYS5870973,D,B,C,2024-08-26,165000.00,4.193515,99.078125
08:07:40,912810UD8,TSRYS5870973,D,S,D,2024-08-26,1000000.00,4.193515,99.078125
08:07:40,912810UD8,TSRYS5870973,D,S,D,2024-08-26,1000000.00,4.193515,99.078125
08:07:45,912810UD8,TSRYS5870973,D,S,T,2024-08-26,1000000.00,4.194832,99.060546875
08:07:50,912810UD8,TSRYS5870973,D,S,D,2024-08-26,1000000.00,4.194832,99.060546875
08:08:01,912810UD8,TSRYS5870973,D,B,C,2024-08-26,195000.00,4.194979,99.05859375
08:08:01,912810UD8,TSRYS5870973,D,S,D,2024-08-26,1000000.00,4.195418,99.05273437
08:08:01,912810UD8,TSRYS5870973,D,S,D,2024-08-26,1000000.00,4.195418,99.05273437
08:08:09,912810UD8,TSRYS5870973,D,S,T,2024-08-26,1000000.00,4.19454,99.064453125
08:08:14,912810UD8,TSRYS5870973,D,S,D,2024-08-26,1000000.00,4.19454,99.064453125
08:09:14,912810UD8,TSRYS5870973,D,S,T,2024-08-26,1000000.00,4.192345,99.09375
08:09:37,912810UD8,TSRYS5870973,D,B,C,2024-08-26,50000000.00,4.19072,99.11544
08:09:57,912810UD8,TSRYS5870973,D,S,C,2024-08-26,1000000.00,4.19233,99.09395
08:10:17,912810UD8,TSRYS5870973,D,B,A,2024-08-26,888000.00,4.192326,99.094
08:10:55,912810UD8,TSRYS5870973,D,S,D,2024-08-26,1000000.00,4.193808,99.07421875
08:10:55,912810UD8,TSRYS5870973,D,B,C,2024-08-26,1000000.00,4.193808,99.07421875
08:11:21,912810UD8,TSRYS5870973,D,S,D,2024-08-26,1000000.00,4.193515,99.078125
08:12:05,912810UD8,TSRYS5870973,D,S,D,2024-08-26,575000.00,4.192052,99.09765625
08:12:13,912810UD8,TSRYS5870973,D,S,D,2024-08-26,575000.00,4.192104,99.096960598
08:12:34,912810UD8,TSRYS5870973,D,B,C,2024-08-26,1000000.00,4.192052,99.09765625
08:12:34,912810UD8,TSRYS5870973,D,S,D,2024-08-26,1000000.00,4.192052,99.09765625
08:12:35,912810UD8,TSRYS5870973,D,S,D,2024-08-26,1000000.00,4.192052,99.09765625
08:12:46,912810UD8,TSRYS5870973,D,S,D,2024-08-26,195000.00,4.191467,99.10546875
08:12:46,912810UD8,TSRYS5870973,D,S,D,2024-08-26,195000.00,4.191313,99.107520032
08:12:57,912810UD8,TSRYS5870973,D,B,C,2024-08-26,1000000.00,4.190882,99.11328125
08:12:57,912810UD8,TSRYS5870973,D,S,D,2024-08-26,1000000.00,4.190882,99.11328125
08:12:57,912810UD8,TSRYS5870973,D,S,T,2024-08-26,1000000.00,4.190882,99.11328125
08:12:59,912810UD8,TSRYS5870973,D,S,D,2024-08-26,1000000.00,4.190882,99.11328125
08:13:02,912810UD8,TSRYS5870973,D,S,D,2024-08-26,1000000.00,4.190882,99.11328125
08:13:29,912810UD8,TSRYS5870973,D,S,T,2024-08-26,1000000.00,4.191906,99.099609375
08:13:29,912810UD8,TSRYS5870973,D,S,T,2024-08-26,1000000.00,4.191906,99.099609375
08:13:29,912810UD8,TSRYS5870973,D,S,D,2024-08-26,1000000.00,4.192198,99.095703125
08:13:29,912810UD8,TSRYS5870973,D,S,T,2024-08-26,1000000.00,4.192198,99.095703125
08:13:29,912810UD8,TSRYS5870973,D,B,C,2024-08-26,1000000.00,4.192052,99.09765625
08:13:29,912810UD8,TSRYS5870973,D,S,D,2024-08-26,1000000.00,4.192052,99.09765625
08:13:30,912810UD8,TSRYS5870973,D,S,D,2024-08-26,1000000.00,4.192052,99.09765625
08:13:34,912810UD8,TSRYS5870973,D,S,D,2024-08-26,1000000.00,4.191906,99.099609375
08:13:34,912810UD8,TSRYS5870973,D,S,D,2024-08-26,1000000.00,4.191906,99.099609375
08:13:40,912810UD8,TSRYS5870973,D,S,T,2024-08-26,1000000.00,4.191906,99.099609375
08:13:40,912810UD8,TSRYS5870973,D,S,T,2024-08-26,2000000.00,4.191906,99.099609375
08:13:45,912810UD8,TSRYS5870973,D,S,D,2024-08-26,2000000.00,4.191906,99.099609375
08:13:45,912810UD8,TSRYS5870973,D,S,D,2024-08-26,1000000.00,4.191906,99.099609375
08:14:35,912810UD8,TSRYS5870973,D,S,D,2024-08-26,1000000.00,4.191174,99.109375
08:14:36,912810UD8,TSRYS5870973,D,B,C,2024-08-26,1000000.00,4.191189,99.109175
08:14:36,912810UD8,TSRYS5870973,D,S,D,2024-08-26,1000000.00,4.190882,99.11328125
08:14:36,912810UD8,TSRYS5870973,D,B,C,2024-08-26,1000000.00,4.190897,99.11308125
08:14:36,912810UD8,TSRYS5870973,D,B,C,2024-08-26,1000000.00,4.191321,99.107421875
08:14:36,912810UD8,TSRYS5870973,D,S,T,2024-08-26,1000000.00,4.191028,99.111328125
08:14:36,912810UD8,TSRYS5870973,D,B,C,2024-08-26,1000000.00,4.191321,99.107421875
08:14:36,912810UD8,TSRYS5870973,D,S,D,2024-08-26,1000000.00,4.190882,99.11328125
08:14:37,912810UD8,TSRYS5870973,D,S,D,2024-08-26,1000000.00,4.191028,99.111328125
08:14:37,912810UD8,TSRYS5870973,D,S,D,2024-08-26,1000000.00,4.190882,99.11328125
08:14:37,912810UD8,TSRYS5870973,D,S,D,2024-08-26,1000000.00,4.190882,99.11328125
08:14:38,912810UD8,TSRYS5870973,D,B,C,2024-08-26,1000000.00,4.191321,99.107421875
08:14:38,912810UD8,TSRYS5870973,D,S,T,2024-08-26,1000000.00,4.191028,99.111328125
08:14:38,912810UD8,TSRYS5870973,D,S,D,2024-08-26,1000000.00,4.191028,99.111328125
08:14:39,912810UD8,TSRYS5870973,D,B,C,2024-08-26,1000000.00,4.191321,99.107421875
08:14:39,912810UD8,TSRYS5870973,D,B,C,2024-08-26,1000000.00,4.191321,99.107421875
08:14:39,912810UD8,TSRYS5870973,D,S,T,2024-08-26,1000000.00,4.190882,99.11328125
08:14:39,912810UD8,TSRYS5870973,D,S,D,2024-08-26,1000000.00,4.190882,99.11328125
08:14:40,912810UD8,TSRYS5870973,D,B,C,2024-08-26,1000000.00,4.191321,99.107421875
08:14:40,912810UD8,TSRYS5870973,D,S,T,2024-08-26,1000000.00,4.190882,99.11328125
08:14:40,912810UD8,TSRYS5870973,D,B,C,2024-08-26,1000000.00,4.191321,99.107421875
08:14:40,912810UD8,TSRYS5870973,D,S,T,2024-08-26,1000000.00,4.190882,99.11328125
08:14:41,912810UD8,TSRYS5870973,D,S,D,2024-08-26,1000000.00,4.190882,99.11328125
08:14:41,912810UD8,TSRYS5870973,D,S,D,2024-08-26,1000000.00,4.190882,99.11328125
08:14:41,912810UD8,TSRYS5870973,D,B,C,2024-08-26,1000000.00,4.191321,99.107421875
08:14:41,912810UD8,TSRYS5870973,D,S,D,2024-08-26,1000000.00,4.190882,99.11328125
08:14:41,912810UD8,TSRYS5870973,D,B,C,2024-08-26,1000000.00,4.191321,99.107421875
08:14:41,912810UD8,TSRYS5870973,D,S,T,2024-08-26,1000000.00,4.190882,99.11328125
08:14:41,912810UD8,TSRYS5870973,D,S,D,2024-08-26,1000000.00,4.190882,99.11328125
08:14:41,912810UD8,TSRYS5870973,D,S,D,2024-08-26,1000000.00,4.190882,99.11328125
08:14:42,912810UD8,TSRYS5870973,D,S,D,2024-08-26,1000000.00,4.190882,99.11328125
08:15:06,912810UD8,TSRYS5870973,D,S,D,2024-08-26,2000000.00,4.190882,99.11328125
08:15:07,912810UD8,TSRYS5870973,D,S,D,2024-08-26,2000000.00,4.190882,99.11328125
08:15:10,912810UD8,TSRYS5870973,D,S,D,2024-08-26,2000000.00,4.191028,99.11132812
08:15:12,912810UD8,TSRYS5870973,D,S,T,2024-08-26,1000000.00,4.188834,99.140625
08:15:12,912810UD8,TSRYS5870973,D,S,D,2024-08-26,1000000.00,4.188827,99.140725
08:15:13,912810UD8,TSRYS5870973,D,S,D,2024-08-26,1000000.00,4.191174,99.109375
08:15:13,912810UD8,TSRYS5870973,D,S,D,2024-08-26,1000000.00,4.191174,99.109375
08:15:13,912810UD8,TSRYS5870973,D,B,C,2024-08-26,1000000.00,4.191191,99.10915
08:15:15,912810UD8,TSRYS5870973,D,S,T,2024-08-26,2000000.00,4.188981,99.138671875
08:15:15,912810UD8,TSRYS5870973,D,S,T,2024-08-26,1000000.00,4.188834,99.140625
08:15:20,912810UD8,TSRYS5870973,D,S,D,2024-08-26,2000000.00,4.188981,99.138671875
08:15:21,912810UD8,TSRYS5870973,D,S,D,2024-08-26,2000000.00,4.188981,99.138671875
08:15:24,912810UD8,TSRYS5870973,D,S,T,2024-08-26,1000000.00,4.187811,99.154296875
08:15:24,912810UD8,TSRYS5870973,D,S,D,2024-08-26,1000000.00,4.187811,99.154296875
08:15:25,912810UD8,TSRYS5870973,D,S,D,2024-08-26,2000000.00,4.188981,99.138671875
08:15:26,912810UD8,TSRYS5870973,D,S,D,2024-08-26,2000000.00,4.187957,99.15234375
08:15:31,912810UD8,TSRYS5870973,D,S,T,2024-08-26,1000000.00,4.187957,99.15234375
08:15:31,912810UD8,TSRYS5870973,D,S,T,2024-08-26,1000000.00,4.187665,99.15625
08:15:31,912810UD8,TSRYS5870973,D,S,T,2024-08-26,2000000.00,4.187957,99.15234375
08:15:31,912810UD8,TSRYS5870973,D,S,T,2024-08-26,1000000.00,4.187811,99.154296875
08:15:31,912810UD8,TSRYS5870973,D,S,T,2024-08-26,1000000.00,4.187665,99.15625
08:15:31,912810UD8,TSRYS5870973,D,S,T,2024-08-26,1000000.00,4.187665,99.15625
08:15:31,912810UD8,TSRYS5870973,D,S,D,2024-08-26,2000000.00,4.187957,99.15234375
08:15:32,912810UD8,TSRYS5870973,D,S,D,2024-08-26,1000000.00,4.187811,99.154296875
08:15:32,912810UD8,TSRYS5870973,D,S,D,2024-08-26,1000000.00,4.187665,99.15625
08:15:32,912810UD8,TSRYS5870973,D,B,C,2024-08-26,4000000.00,4.190934,99.11258
08:15:33,912810UD8,TSRYS5870973,D,S,D,2024-08-26,1000000.00,4.188542,99.14453125
08:15:33,912810UD8,TSRYS5870973,D,B,C,2024-08-26,1000000.00,4.188557,99.14433125
08:15:33,912810UD8,TSRYS5870973,D,S,D,2024-08-26,1000000.00,4.188542,99.14453125
08:15:33,912810UD8,TSRYS5870973,D,B,C,2024-08-26,1000000.00,4.188557,99.14433125
08:15:33,912810UD8,TSRYS5870973,D,S,D,2024-08-26,1000000.00,4.188688,99.142578125
08:15:33,912810UD8,TSRYS5870973,D,B,C,2024-08-26,1000000.00,4.188703,99.142378125
08:15:33,912810UD8,TSRYS5870973,D,S,D,2024-08-26,1000000.00,4.188834,99.140625
08:15:34,912810UD8,TSRYS5870973,D,B,C,2024-08-26,1000000.00,4.188849,99.140425
08:15:34,912810UD8,TSRYS5870973,D,S,C,2024-08-26,1000000.00,4.188834,99.140625
08:15:34,912810UD8,TSRYS5870973,D,B,C,2024-08-26,1000000.00,4.188849,99.140425
08:15:34,912810UD8,TSRYS5870973,D,S,D,2024-08-26,1000000.00,4.188542,99.14453125
08:15:34,912810UD8,TSRYS5870973,D,B,C,2024-08-26,1000000.00,4.188557,99.14433125
08:15:34,912810UD8,TSRYS5870973,D,S,T,2024-08-26,1000000.00,4.18825,99.1484375
08:15:35,912810UD8,TSRYS5870973,D,S,D,2024-08-26,1000000.00,4.188688,99.142578125
08:15:35,912810UD8,TSRYS5870973,D,B,C,2024-08-26,1000000.00,4.188703,99.142378125
08:15:36,912810UD8,TSRYS5870973,D,S,D,2024-08-26,1000000.00,4.187957,99.15234375
08:15:36,912810UD8,TSRYS5870973,D,B,C,2024-08-26,1000000.00,4.187665,99.15625
08:15:36,912810UD8,TSRYS5870973,D,S,D,2024-08-26,1000000.00,4.187665,99.15625
08:15:36,912810UD8,TSRYS5870973,D,S,D,2024-08-26,1000000.00,4.188396,99.146484375
08:15:38,912810UD8,TSRYS5870973,D,S,D,2024-08-26,1000000.00,4.188396,99.146484375
08:15:39,912810UD8,TSRYS5870973,D,S,D,2024-08-26,1000000.00,4.188688,99.142578125
08:15:39,912810UD8,TSRYS5870973,D,S,D,2024-08-26,1000000.00,4.18825,99.1484375
08:15:43,912810UD8,TSRYS5870973,D,S,D,2024-08-26,1000000.00,4.18825,99.1484375
08:15:44,912810UD8,TSRYS5870973,D,S,D,2024-08-26,250000.00,4.18825,99.148437
08:15:44,912810UD8,TSRYS5870973,D,S,D,2024-08-26,1000000.00,4.18825,99.1484375
08:15:50,912810UD8,TSRYS5870973,D,B,C,2024-08-26,2000000.00,4.189858,99.126953125
08:15:50,912810UD8,TSRYS5870973,D,B,C,2024-08-26,1000000.00,4.189858,99.126953125
08:15:50,912810UD8,TSRYS5870973,D,B,C,2024-08-26,2000000.00,4.189858,99.126953125
08:15:50,912810UD8,TSRYS5870973,D,S,T,2024-08-26,1000000.00,4.188834,99.140625
08:15:50,912810UD8,TSRYS5870973,D,B,C,2024-08-26,2000000.00,4.190004,99.125
08:15:50,912810UD8,TSRYS5870973,D,B,C,2024-08-26,2000000.00,4.190004,99.125
08:15:50,912810UD8,TSRYS5870973,D,B,C,2024-08-26,3000000.00,4.190004,99.125
08:15:50,912810UD8,TSRYS5870973,D,B,C,2024-08-26,1000000.00,4.190004,99.125
08:15:50,912810UD8,TSRYS5870973,D,S,T,2024-08-26,4000000.00,4.189712,99.12890625
08:15:50,912810UD8,TSRYS5870973,D,B,C,2024-08-26,1000000.00,4.190004,99.125
08:15:50,912810UD8,TSRYS5870973,D,S,T,2024-08-26,1000000.00,4.189712,99.12890625
08:15:50,912810UD8,TSRYS5870973,D,S,T,2024-08-26,1000000.00,4.188834,99.140625
08:15:50,912810UD8,TSRYS5870973,D,S,T,2024-08-26,1000000.00,4.188834,99.140625
08:15:50,912810UD8,TSRYS5870973,D,S,T,2024-08-26,1000000.00,4.188834,99.140625
08:15:50,912810UD8,TSRYS5870973,D,B,C,2024-08-26,3000000.00,4.189712,99.12890625
08:15:50,912810UD8,TSRYS5870973,D,S,D,2024-08-26,3000000.00,4.189712,99.12890625
08:15:50,912810UD8,TSRYS5870973,D,S,D,2024-08-26,1000000.00,4.189712,99.12890625
08:15:50,912810UD8,TSRYS5870973,D,B,C,2024-08-26,1000000.00,4.189712,99.12890625
08:15:50,912810UD8,TSRYS5870973,D,B,C,2024-08-26,1000000.00,4.189712,99.12890625
08:15:50,912810UD8,TSRYS5870973,D,S,D,2024-08-26,1000000.00,4.189712,99.12890625
08:15:51,912810UD8,TSRYS5870973,D,S,T,2024-08-26,1000000.00,4.189712,99.12890625
08:15:51,912810UD8,TSRYS5870973,D,S,D,2024-08-26,4000000.00,4.189712,99.12890625
08:15:52,912810UD8,TSRYS5870973,D,S,D,2024-08-26,1000000.00,4.189712,99.12890625
08:15:52,912810UD8,TSRYS5870973,D,S,D,2024-08-26,1000000.00,4.189712,99.12890625
08:15:52,912810UD8,TSRYS5870973,D,S,T,2024-08-26,1000000.00,4.188834,99.140625
08:15:53,912810UD8,TSRYS5870973,D,S,D,2024-08-26,3000000.00,4.189712,99.12890625
08:15:55,912810UD8,TSRYS5870973,D,S,C,2024-08-26,1000000.00,4.188834,99.140625
08:15:55,912810UD8,TSRYS5870973,D,S,D,2024-08-26,1000000.00,4.189566,99.130859375
08:15:55,912810UD8,TSRYS5870973,D,S,T,2024-08-26,2000000.00,4.188981,99.13867187
08:15:55,912810UD8,TSRYS5870973,D,S,T,2024-08-26,2000000.00,4.187957,99.15234375
08:15:55,912810UD8,TSRYS5870973,D,S,T,2024-08-26,2000000.00,4.188981,99.13867187
08:15:56,912810UD8,TSRYS5870973,D,S,D,2024-08-26,2000000.00,4.189712,99.12890625
08:15:56,912810UD8,TSRYS5870973,D,S,D,2024-08-26,1000000.00,4.189712,99.12890625
08:15:56,912810UD8,TSRYS5870973,D,S,D,2024-08-26,1000000.00,4.188834,99.140625
08:15:56,912810UD8,TSRYS5870973,D,S,D,2024-08-26,1000000.00,4.189712,99.12890625
08:16:00,912810UD8,TSRYS5870973,D,S,D,2024-08-26,185000.00,4.189127,99.13671875
08:16:00,912810UD8,TSRYS5870973,D,S,T,2024-08-26,1000000.00,4.190004,99.125
08:16:02,912810UD8,TSRYS5870973,D,S,D,2024-08-26,185000.00,4.188965,99.138880912
08:16:07,912810UD8,TSRYS5870973,D,S,T,2024-08-26,1000000.00,4.188396,99.14648437
08:16:08,912810UD8,TSRYS5870973,D,S,T,2024-08-26,1000000.00,4.188396,99.14648437
08:16:10,912810UD8,TSRYS5870973,D,S,T,2024-08-26,1000000.00,4.188688,99.14257812
08:16:10,912810UD8,TSRYS5870973,D,S,D,2024-08-26,1000000.00,4.188688,99.14257812
08:16:10,912810UD8,TSRYS5870973,D,S,D,2024-08-26,1000000.00,4.189566,99.130859375
08:16:12,912810UD8,TSRYS5870973,D,S,D,2024-08-26,1000000.00,4.190004,99.125
08:16:12,912810UD8,TSRYS5870973,D,S,D,2024-08-26,1000000.00,4.190004,99.125
08:16:12,912810UD8,TSRYS5870973,D,S,D,2024-08-26,1000000.00,4.188688,99.14257812
08:16:13,912810UD8,TSRYS5870973,D,S,D,2024-08-26,1000000.00,4.190004,99.125
08:16:14,912810UD8,TSRYS5870973,D,S,D,2024-08-26,1000000.00,4.187665,99.15625
08:16:14,912810UD8,TSRYS5870973,D,S,D,2024-08-26,1000000.00,4.187665,99.15625
08:16:14,912810UD8,TSRYS5870973,D,B,C,2024-08-26,1000000.00,4.187665,99.15625
08:16:14,912810UD8,TSRYS5870973,D,S,D,2024-08-26,1000000.00,4.187665,99.15625
08:16:14,912810UD8,TSRYS5870973,D,B,C,2024-08-26,1000000.00,4.187665,99.15625
08:16:14,912810UD8,TSRYS5870973,D,S,D,2024-08-26,1000000.00,4.187665,99.15625
08:16:14,912810UD8,TSRYS5870973,D,S,D,2024-08-26,1000000.00,4.187665,99.15625
08:16:14,912810UD8,TSRYS5870973,D,B,C,2024-08-26,1000000.00,4.187665,99.15625
08:16:15,912810UD8,TSRYS5870973,D,S,D,2024-08-26,1000000.00,4.189712,99.12890625
08:16:15,912810UD8,TSRYS5870973,D,S,D,2024-08-26,1000000.00,4.189712,99.12890625
08:16:16,912810UD8,TSRYS5870973,D,S,D,2024-08-26,1000000.00,4.189712,99.12890625
08:16:19,912810UD8,TSRYS5870973,D,S,D,2024-08-26,1000000.00,4.189566,99.130859375
08:16:19,912810UD8,TSRYS5870973,D,S,T,2024-08-26,1000000.00,4.189566,99.130859375
08:16:20,912810UD8,TSRYS5870973,D,S,T,2024-08-26,1000000.00,4.189712,99.12890625
08:16:24,912810UD8,TSRYS5870973,D,S,D,2024-08-26,1000000.00,4.189566,99.130859375
08:16:25,912810UD8,TSRYS5870973,D,S,D,2024-08-26,1000000.00,4.189712,99.12890625
08:16:25,912810UD8,TSRYS5870973,D,S,T,2024-08-26,1000000.00,4.190004,99.125
08:16:25,912810UD8,TSRYS5870973,D,S,T,2024-08-26,2000000.00,4.190736,99.115234375
08:16:25,912810UD8,TSRYS5870973,D,S,T,2024-08-26,1000000.00,4.191174,99.109375
08:16:25,912810UD8,TSRYS5870973,D,S,T,2024-08-26,1000000.00,4.190004,99.125
08:16:25,912810UD8,TSRYS5870973,D,S,T,2024-08-26,1000000.00,4.190004,99.125
08:16:26,912810UD8,TSRYS5870973,D,S,T,2024-08-26,1000000.00,4.190004,99.125
08:16:27,912810UD8,TSRYS5870973,D,S,T,2024-08-26,1000000.00,4.189566,99.13085937
08:16:27,912810UD8,TSRYS5870973,D,S,D,2024-08-26,1000000.00,4.189712,99.12890625
08:16:27,912810UD8,TSRYS5870973,D,S,T,2024-08-26,2000000.00,4.189712,99.12890625
08:16:27,912810UD8,TSRYS5870973,D,S,T,2024-08-26,1000000.00,4.189712,99.12890625
08:16:28,912810UD8,TSRYS5870973,D,B,C,2024-08-26,1000000.00,4.188849,99.140425
08:16:28,912810UD8,TSRYS5870973,D,B,C,2024-08-26,2000000.00,4.188834,99.140625
08:16:28,912810UD8,TSRYS5870973,D,S,D,2024-08-26,1000000.00,4.188834,99.140625
08:16:28,912810UD8,TSRYS5870973,D,S,D,2024-08-26,1000000.00,4.188834,99.140625
08:16:28,912810UD8,TSRYS5870973,D,S,D,2024-08-26,2000000.00,4.188834,99.140625
08:16:28,912810UD8,TSRYS5870973,D,S,D,2024-08-26,1000000.00,4.188834,99.140625
08:16:28,912810UD8,TSRYS5870973,D,B,C,2024-08-26,1000000.00,4.188834,99.140625
08:16:28,912810UD8,TSRYS5870973,D,S,D,2024-08-26,1000000.00,4.188834,99.140625
08:16:28,912810UD8,TSRYS5870973,D,B,C,2024-08-26,2000000.00,4.188834,99.140625
08:16:28,912810UD8,TSRYS5870973,D,S,D,2024-08-26,1000000.00,4.188834,99.140625
08:16:28,912810UD8,TSRYS5870973,D,B,C,2024-08-26,1000000.00,4.188834,99.140625
08:16:28,912810UD8,TSRYS5870973,D,S,D,2024-08-26,1000000.00,4.188834,99.140625
08:16:28,912810UD8,TSRYS5870973,D,S,D,2024-08-26,2000000.00,4.188834,99.140625
08:16:28,912810UD8,TSRYS5870973,D,S,D,2024-08-26,1000000.00,4.188834,99.140625
