tradeTime,cusip,issueSymbolIdentifier,priceType,reportingSideCode,contraPartyTypeCode,tradeDate,reportedTradeVolume,lastSaleYield,lastSalePrice
08:00:05,912810TZ1,TSRYS5752098,D,S,D,2024-05-09,1000000.00,4.745976,96.861328125
08:00:05,912810TZ1,TSRYS5752098,D,S,D,2024-05-09,1000000.00,4.756636,96.728515625
08:00:05,912810TZ1,TSRYS5752098,D,S,T,2024-05-09,1000000.00,4.756636,96.728515625
08:00:05,912810TZ1,TSRYS5752098,D,S,D,2024-05-09,1000000.00,4.754754,96.751953125
08:00:05,912810TZ1,TSRYS5752098,D,S,D,2024-05-09,1000000.00,4.756479,96.73046875
08:00:05,912810TZ1,TSRYS5752098,D,S,D,2024-05-09,1000000.00,4.757107,96.72265625
08:00:05,912810TZ1,TSRYS5752098,D,S,D,2024-05-09,1000000.00,4.757107,96.72265625
08:00:05,912810TZ1,TSRYS5752098,D,S,D,2024-05-09,1000000.00,4.759461,96.693359375
08:00:05,912810TZ1,TSRYS5752098,D,S,D,2024-05-09,1000000.00,4.759461,96.693359375
08:00:05,912810TZ1,TSRYS5752098,D,S,D,2024-05-09,1000000.00,4.759461,96.693359375
08:00:09,912810TZ1,TSRYS5752098,D,S,D,2024-05-09,1000000.00,4.766686,96.603515625
08:00:09,912810TZ1,TSRYS5752098,D,S,D,2024-05-09,1000000.00,4.766686,96.603515625
08:00:09,912810TZ1,TSRYS5752098,D,S,D,2024-05-09,1000000.00,4.766686,96.603515625
08:00:09,912810TZ1,TSRYS5752098,D,S,D,2024-05-09,46000.00,4.761156,96.672275
08:00:09,912810TZ1,TSRYS5752098,D,S,A,2024-05-09,60000.00,4.765868,96.62201458333
08:00:09,912810TZ1,TSRYS5752098,D,S,C,2024-05-09,40000.00,4.747667,96.84024375
08:00:10,912810TZ1,TSRYS5752098,D,S,A,2024-05-09,300000.00,4.749266,96.8203125
08:00:10,912810TZ1,TSRYS5752098,D,S,T,2024-05-09,1000000.00,4.752401,96.78125
08:00:10,912810TZ1,TSRYS5752098,D,S,T,2024-05-09,1000000.00,4.751147,96.796875
08:00:10,912810TZ1,TSRYS5752098,D,S,T,2024-05-09,1000000.00,4.753656,96.765625
08:00:10,912810TZ1,TSRYS5752098,D,S,T,2024-05-09,1000000.00,4.74488,96.875
08:00:10,912810TZ1,TSRYS5752098,D,S,T,2024-05-09,1000000.00,4.762444,96.65625
08:00:10,912810TZ1,TSRYS5752098,D,S,T,2024-05-09,1000000.00,4.764958,96.625
08:00:10,912810TZ1,TSRYS5752098,D,S,T,2024-05-09,1000000.00,4.767472,96.59375
08:00:10,912810TZ1,TSRYS5752098,D,S,T,2024-05-09,1000000.00,4.764958,96.625
08:00:10,912810TZ1,TSRYS5752098,D,S,T,2024-05-09,1000000.00,4.766215,96.609375
08:00:11,912810TZ1,TSRYS5752098,D,S,A,2024-05-09,2000.00,4.766497,96.85586875
08:00:12,912810TZ1,TSRYS5752098,D,S,C,2024-05-09,25000.00,4.766497,96.62586875
08:00:13,912810TZ1,TSRYS5752098,D,S,D,2024-05-09,40000.00,,96.84024375
08:00:15,912810TZ1,TSRYS5752098,D,S,C,2024-05-09,1000.00,4.766497,97.10586875
08:00:16,912810TZ1,TSRYS5752098,D,S,D,2024-05-09,1000000.00,4.747386,96.84375
08:00:16,912810TZ1,TSRYS5752098,D,S,C,2024-05-09,40000.00,4.747667,96.85274375
08:00:17,912810TZ1,TSRYS5752098,D,S,D,2024-05-09,1000000.00,4.748013,96.8359375
08:00:19,912810TZ1,TSRYS5752098,D,S,A,2024-05-09,5000000.00,4.744649,96.87890625
08:00:19,912810TZ1,TSRYS5752098,D,S,D,2024-05-09,1000000.00,4.75491,96.75
08:00:29,912810TZ1,TSRYS5752098,D,S,A,2024-05-09,2500000.00,4.758676,96.703125
08:00:29,912810TZ1,TSRYS5752098,D,S,A,2024-05-09,1000000.00,4.759304,96.6953125
08:00:30,912810TZ1,TSRYS5752098,D,S,T,2024-05-09,1000000.00,4.743628,96.890625
08:00:30,912810TZ1,TSRYS5752098,D,S,T,2024-05-09,1000000.00,4.746133,96.859375
08:00:30,912810TZ1,TSRYS5752098,D,S,T,2024-05-09,1000000.00,4.746133,96.859375
08:00:30,912810TZ1,TSRYS5752098,D,S,T,2024-05-09,1000000.00,4.753656,96.765625
08:00:30,912810TZ1,TSRYS5752098,D,S,T,2024-05-09,1000000.00,4.753028,96.7734375
08:00:30,912810TZ1,TSRYS5752098,D,S,T,2024-05-09,1000000.00,4.753028,96.7734375
08:00:30,912810TZ1,TSRYS5752098,D,S,T,2024-05-09,1000000.00,4.754126,96.759765625
08:00:30,912810TZ1,TSRYS5752098,D,S,T,2024-05-09,1000000.00,4.75491,96.75
08:00:30,912810TZ1,TSRYS5752098,D,S,T,2024-05-09,1000000.00,4.75444,96.755859375
08:00:30,912810TZ1,TSRYS5752098,D,S,T,2024-05-09,1000000.00,4.75491,96.75
08:00:30,912810TZ1,TSRYS5752098,D,S,T,2024-05-09,1000000.00,4.749893,96.8125
08:00:30,912810TZ1,TSRYS5752098,D,S,T,2024-05-09,1000000.00,4.75491,96.75
08:00:30,912810TZ1,TSRYS5752098,D,S,T,2024-05-09,1000000.00,4.74958,96.81640625
08:00:30,912810TZ1,TSRYS5752098,D,S,T,2024-05-09,1000000.00,4.74864,96.828125
08:00:30,912810TZ1,TSRYS5752098,D,S,T,2024-05-09,1000000.00,4.758676,96.703125
08:00:30,912810TZ1,TSRYS5752098,D,S,T,2024-05-09,1000000.00,4.762444,96.65625
08:00:30,912810TZ1,TSRYS5752098,D,S,T,2024-05-09,1000000.00,4.763701,96.640625
08:00:30,912810TZ1,TSRYS5752098,D,S,T,2024-05-09,1000000.00,4.763701,96.640625
08:00:30,912810TZ1,TSRYS5752098,D,S,D,2024-05-09,2000000.00,4.763701,96.640625
08:00:34,912810TZ1,TSRYS5752098,D,S,T,2024-05-09,1000000.00,4.763701,96.640625
08:00:34,912810TZ1,TSRYS5752098,D,S,T,2024-05-09,1000000.00,4.764958,96.625
08:00:34,912810TZ1,TSRYS5752098,D,S,T,2024-05-09,2000000.00,4.764958,96.625
08:00:34,912810TZ1,TSRYS5752098,D,S,T,2024-05-09,1000000.00,4.761188,96.671875
08:00:34,912810TZ1,TSRYS5752098,D,S,T,2024-05-09,1000000.00,4.761188,96.671875
08:00:34,912810TZ1,TSRYS5752098,D,S,T,2024-05-09,1000000.00,4.761188,96.671875
08:00:34,912810TZ1,TSRYS5752098,D,S,T,2024-05-09,1000000.00,4.761188,96.671875
08:00:34,912810TZ1,TSRYS5752098,D,S,T,2024-05-09,1000000.00,4.761188,96.671875
08:00:34,912810TZ1,TSRYS5752098,D,S,T,2024-05-09,1000000.00,4.761188,96.671875
08:00:34,912810TZ1,TSRYS5752098,D,S,T,2024-05-09,1000000.00,4.761188,96.671875
08:00:34,912810TZ1,TSRYS5752098,D,S,T,2024-05-09,1000000.00,4.761188,96.671875
08:00:34,912810TZ1,TSRYS5752098,D,S,T,2024-05-09,1000000.00,4.761188,96.671875
08:00:34,912810TZ1,TSRYS5752098,D,S,T,2024-05-09,1000000.00,4.761188,96.671875
08:00:34,912810TZ1,TSRYS5752098,D,S,T,2024-05-09,1000000.00,4.761188,96.671875
08:00:34,912810TZ1,TSRYS5752098,D,S,T,2024-05-09,1000000.00,4.761188,96.671875
08:00:34,912810TZ1,TSRYS5752098,D,S,T,2024-05-09,1000000.00,4.761188,96.671875
08:00:34,912810TZ1,TSRYS5752098,D,S,T,2024-05-09,1000000.00,4.764958,96.625
08:00:34,912810TZ1,TSRYS5752098,D,S,T,2024-05-09,1000000.00,4.764958,96.625
08:00:34,912810TZ1,TSRYS5752098,D,S,D,2024-05-09,1000000.00,4.747386,96.84375
08:00:34,912810TZ1,TSRYS5752098,D,S,D,2024-05-09,1000000.00,4.748013,96.8359375
08:00:34,912810TZ1,TSRYS5752098,D,S,D,2024-05-09,1000000.00,4.75491,96.75
08:00:34,912810TZ1,TSRYS5752098,D,S,D,2024-05-09,1000000.00,4.752088,96.78515625
08:00:34,912810TZ1,TSRYS5752098,D,S,D,2024-05-09,1000000.00,4.757107,96.72265625
08:00:34,912810TZ1,TSRYS5752098,D,S,D,2024-05-09,1000000.00,4.758048,96.7109375
08:00:34,912810TZ1,TSRYS5752098,D,S,D,2024-05-09,1000000.00,4.764329,96.6328125
08:00:34,912810TZ1,TSRYS5752098,D,S,D,2024-05-09,1000000.00,4.764329,96.6328125
08:00:34,912810TZ1,TSRYS5752098,D,S,D,2024-05-09,1000000.00,4.761816,96.6640625
08:00:34,912810TZ1,TSRYS5752098,D,S,D,2024-05-09,1000000.00,4.745976,96.861328125
08:00:34,912810TZ1,TSRYS5752098,D,S,D,2024-05-09,1000000.00,4.745976,96.861328125
08:00:34,912810TZ1,TSRYS5752098,D,S,D,2024-05-09,1000000.00,4.756165,96.734375
08:00:34,912810TZ1,TSRYS5752098,D,S,D,2024-05-09,1000000.00,4.751147,96.796875
08:00:34,912810TZ1,TSRYS5752098,D,S,D,2024-05-09,2000000.00,4.756793,96.7265625
08:00:34,912810TZ1,TSRYS5752098,D,S,D,2024-05-09,1000000.00,4.754754,96.751953125
08:00:34,912810TZ1,TSRYS5752098,D,S,D,2024-05-09,1000000.00,4.755852,96.73828125
08:00:34,912810TZ1,TSRYS5752098,D,S,D,2024-05-09,1000000.00,4.755695,96.740234375
08:00:34,912810TZ1,TSRYS5752098,D,S,D,2024-05-09,2000000.00,4.758048,96.7109375
08:00:34,912810TZ1,TSRYS5752098,D,S,D,2024-05-09,1000000.00,4.759461,96.693359375
08:00:34,912810TZ1,TSRYS5752098,D,S,D,2024-05-09,1000000.00,4.763544,96.642578125
08:00:34,912810TZ1,TSRYS5752098,D,S,D,2024-05-09,1000000.00,4.764172,96.634765625
08:00:34,912810TZ1,TSRYS5752098,D,S,D,2024-05-09,1000000.00,4.764172,96.634765625
08:00:34,912810TZ1,TSRYS5752098,D,S,D,2024-05-09,2000000.00,4.76213,96.66015625
08:00:34,912810TZ1,TSRYS5752098,D,S,D,2024-05-09,1000000.00,4.757264,96.720703125
08:00:34,912810TZ1,TSRYS5752098,D,S,D,2024-05-09,1000000.00,4.757107,96.72265625
08:00:34,912810TZ1,TSRYS5752098,D,S,D,2024-05-09,1000000.00,4.757107,96.72265625
08:00:34,912810TZ1,TSRYS5752098,D,S,D,2024-05-09,1000000.00,4.763387,96.64453125
08:00:34,912810TZ1,TSRYS5752098,D,S,D,2024-05-09,1000000.00,4.763387,96.64453125
08:00:34,912810TZ1,TSRYS5752098,D,S,D,2024-05-09,1000000.00,4.763544,96.642578125
08:00:34,912810TZ1,TSRYS5752098,D,S,D,2024-05-09,1000000.00,4.763387,96.64453125
08:00:34,912810TZ1,TSRYS5752098,D,S,D,2024-05-09,2000000.00,4.766529,96.60546875
08:00:34,912810TZ1,TSRYS5752098,D,S,D,2024-05-09,1000000.00,4.767,96.599609375
08:00:34,912810TZ1,TSRYS5752098,D,S,D,2024-05-09,1000000.00,4.766686,96.603515625
08:00:34,912810TZ1,TSRYS5752098,D,S,T,2024-05-09,1000000.00,4.747386,96.84375
08:00:34,912810TZ1,TSRYS5752098,D,S,T,2024-05-09,1000000.00,4.746133,96.859375
08:00:34,912810TZ1,TSRYS5752098,D,S,T,2024-05-09,1000000.00,4.75491,96.75
08:00:34,912810TZ1,TSRYS5752098,D,S,T,2024-05-09,1000000.00,4.752558,96.779296875
08:00:34,912810TZ1,TSRYS5752098,D,S,T,2024-05-09,1000000.00,4.753656,96.765625
08:00:34,912810TZ1,TSRYS5752098,D,S,T,2024-05-09,2000000.00,4.75444,96.755859375
08:00:34,912810TZ1,TSRYS5752098,D,S,T,2024-05-09,1000000.00,4.75444,96.755859375
08:00:34,912810TZ1,TSRYS5752098,D,S,T,2024-05-09,1000000.00,4.754283,96.7578125
08:00:34,912810TZ1,TSRYS5752098,D,S,T,2024-05-09,1000000.00,4.75444,96.755859375
08:00:34,912810TZ1,TSRYS5752098,D,S,T,2024-05-09,1000000.00,4.75444,96.755859375
08:00:34,912810TZ1,TSRYS5752098,D,S,T,2024-05-09,1000000.00,4.75444,96.755859375
08:00:34,912810TZ1,TSRYS5752098,D,S,T,2024-05-09,1000000.00,4.75444,96.755859375
08:00:34,912810TZ1,TSRYS5752098,D,S,T,2024-05-09,1000000.00,4.756008,96.736328125
08:00:34,912810TZ1,TSRYS5752098,D,S,T,2024-05-09,1000000.00,4.755538,96.7421875
08:00:34,912810TZ1,TSRYS5752098,D,S,T,2024-05-09,1000000.00,4.756165,96.734375
08:00:34,912810TZ1,TSRYS5752098,D,S,T,2024-05-09,1000000.00,4.751147,96.796875
08:00:34,912810TZ1,TSRYS5752098,D,S,T,2024-05-09,1000000.00,4.752088,96.78515625
08:00:34,912810TZ1,TSRYS5752098,D,S,T,2024-05-09,1000000.00,4.756793,96.7265625
08:00:34,912810TZ1,TSRYS5752098,D,S,T,2024-05-09,1000000.00,4.754754,96.751953125
08:00:34,912810TZ1,TSRYS5752098,D,S,T,2024-05-09,1000000.00,4.755852,96.73828125
08:00:34,912810TZ1,TSRYS5752098,D,S,T,2024-05-09,1000000.00,4.759461,96.693359375
08:00:34,912810TZ1,TSRYS5752098,D,S,T,2024-05-09,1000000.00,4.764329,96.6328125
08:00:34,912810TZ1,TSRYS5752098,D,S,T,2024-05-09,1000000.00,4.764172,96.634765625
08:00:34,912810TZ1,TSRYS5752098,D,S,T,2024-05-09,2000000.00,4.765743,96.615234375
08:00:34,912810TZ1,TSRYS5752098,D,S,T,2024-05-09,1000000.00,4.765743,96.615234375
08:00:34,912810TZ1,TSRYS5752098,D,S,T,2024-05-09,1000000.00,4.762758,96.65234375
08:00:34,912810TZ1,TSRYS5752098,D,S,T,2024-05-09,1000000.00,4.760717,96.677734375
08:00:34,912810TZ1,TSRYS5752098,D,S,T,2024-05-09,1000000.00,4.759618,96.69140625
08:00:34,912810TZ1,TSRYS5752098,D,S,T,2024-05-09,1000000.00,4.76056,96.6796875
08:00:34,912810TZ1,TSRYS5752098,D,B,A,2024-05-09,127000.00,4.750207,96.80859375
08:00:34,912810TZ1,TSRYS5752098,D,B,A,2024-05-09,2875000.00,4.752401,96.78125
08:00:34,912810TZ1,TSRYS5752098,D,B,A,2024-05-09,2100000.00,4.757107,96.72265625
08:00:38,912810TZ1,TSRYS5752098,D,S,D,2024-05-09,100000.00,4.7659,96.61328125
08:00:38,912810TZ1,TSRYS5752098,D,S,T,2024-05-09,1000000.00,4.763701,96.640625
08:00:38,912810TZ1,TSRYS5752098,D,S,T,2024-05-09,1000000.00,4.766215,96.609375
08:00:38,912810TZ1,TSRYS5752098,D,S,D,2024-05-09,4010000.00,4.746133,96.859375
08:00:39,912810TZ1,TSRYS5752098,D,S,C,2024-05-09,4010000.00,4.746133,96.859375
08:00:39,912810TZ1,TSRYS5752098,D,S,D,2024-05-09,2000000.00,4.764958,96.625
08:00:41,912810TZ1,TSRYS5752098,D,S,D,2024-05-09,1000000.00,4.767786,96.58984375
08:00:42,912810TZ1,TSRYS5752098,D,S,D,2024-05-09,300000.00,4.761502,96.66796875
08:00:42,912810TZ1,TSRYS5752098,D,S,D,2024-05-09,110000.00,4.757734,96.71484375
08:00:43,912810TZ1,TSRYS5752098,D,S,A,2024-05-09,4000.00,4.764363,96.6332125
08:00:44,912810TZ1,TSRYS5752098,D,S,C,2024-05-09,100000.00,4.764958,96.625
08:00:44,912810TZ1,TSRYS5752098,D,S,D,2024-05-09,1000000.00,4.759932,96.6875
08:00:44,912810TZ1,TSRYS5752098,D,S,D,2024-05-09,1000000.00,4.761816,96.6640625
08:00:44,912810TZ1,TSRYS5752098,D,S,C,2024-05-09,1500000.00,4.764958,96.625
08:00:44,912810TZ1,TSRYS5752098,D,S,C,2024-05-09,82300.00,4.753406,96.76953125
08:00:44,912810TZ1,TSRYS5752098,D,S,A,2024-05-09,550000.00,4.763701,96.640625
08:00:44,912810TZ1,TSRYS5752098,D,S,T,2024-05-09,1000000.00,4.765429,96.619140625
08:00:49,912810TZ1,TSRYS5752098,D,S,T,2024-05-09,1000000.00,4.760882,96.67568125
08:00:49,912810TZ1,TSRYS5752098,D,S,T,2024-05-09,1000000.00,4.759783,96.689353125
08:00:49,912810TZ1,TSRYS5752098,D,S,T,2024-05-09,1000000.00,4.760097,96.685446875
08:00:58,912810TZ1,TSRYS5752098,D,S,D,2024-05-09,100000.00,,96.625
08:00:58,912810TZ1,TSRYS5752098,D,S,D,2024-05-09,1500000.00,,96.625
08:01:00,912810TZ1,TSRYS5752098,D,S,T,2024-05-09,1000000.00,4.766215,96.609375
08:01:01,912810TZ1,TSRYS5752098,D,S,A,2024-05-09,10000.00,4.763072,96.6484375
08:01:01,912810TZ1,TSRYS5752098,D,S,D,2024-05-09,1000000.00,4.747386,96.84375
08:01:01,912810TZ1,TSRYS5752098,D,S,C,2024-05-09,1000000.00,4.748013,96.8359375
08:01:01,912810TZ1,TSRYS5752098,D,S,D,2024-05-09,1000000.00,4.755224,96.74609375
08:01:01,912810TZ1,TSRYS5752098,D,B,C,2024-05-09,1000000.00,4.755224,96.74609375
08:01:01,912810TZ1,TSRYS5752098,D,S,D,2024-05-09,1000000.00,4.753656,96.765625
08:01:01,912810TZ1,TSRYS5752098,D,S,D,2024-05-09,2000000.00,4.764958,96.625
08:01:01,912810TZ1,TSRYS5752098,D,S,D,2024-05-09,1000000.00,4.764643,96.62890625
08:01:01,912810TZ1,TSRYS5752098,D,B,C,2024-05-09,1000000.00,4.758676,96.703125
08:01:01,912810TZ1,TSRYS5752098,D,S,D,2024-05-09,1000000.00,4.764015,96.63671875
08:01:01,912810TZ1,TSRYS5752098,D,B,C,2024-05-09,1000000.00,4.764643,96.62890625
08:01:01,912810TZ1,TSRYS5752098,D,B,C,2024-05-09,1000000.00,4.764329,96.6328125
08:01:02,912810TZ1,TSRYS5752098,D,S,C,2024-05-09,1000000.00,4.758676,96.703125
08:01:02,912810TZ1,TSRYS5752098,D,S,D,2024-05-09,1000000.00,4.764329,96.6328125
08:01:02,912810TZ1,TSRYS5752098,D,B,C,2024-05-09,1000000.00,4.757734,96.71484375
08:01:02,912810TZ1,TSRYS5752098,D,B,C,2024-05-09,1000000.00,4.758676,96.703125
08:01:02,912810TZ1,TSRYS5752098,D,S,D,2024-05-09,1000000.00,4.757734,96.71484375
08:01:02,912810TZ1,TSRYS5752098,D,B,C,2024-05-09,1000000.00,4.764015,96.63671875
08:01:02,912810TZ1,TSRYS5752098,D,B,C,2024-05-09,1000000.00,4.756793,96.7265625
08:01:02,912810TZ1,TSRYS5752098,D,B,A,2024-05-09,2000000.00,4.765429,96.62109375
08:01:02,912810TZ1,TSRYS5752098,D,S,C,2024-05-09,1000000.00,4.756793,96.7265625
08:01:02,912810TZ1,TSRYS5752098,D,S,D,2024-05-09,1000000.00,4.758676,96.703125
08:01:02,912810TZ1,TSRYS5752098,D,S,D,2024-05-09,3000000.00,4.767472,96.59375
08:01:02,912810TZ1,TSRYS5752098,D,S,C,2024-05-09,1000000.00,4.764329,96.6328125
08:01:02,912810TZ1,TSRYS5752098,D,B,C,2024-05-09,1000000.00,4.767786,96.58984375
08:01:02,912810TZ1,TSRYS5752098,D,S,D,2024-05-09,1000000.00,4.767786,96.58984375
08:01:02,912810TZ1,TSRYS5752098,D,S,D,2024-05-09,3000000.00,4.767472,96.59375
08:01:02,912810TZ1,TSRYS5752098,D,S,D,2024-05-09,2000000.00,4.767472,96.59375
08:01:03,912810TZ1,TSRYS5752098,D,S,A,2024-05-09,700000.00,4.763701,96.640625
08:01:06,912810TZ1,TSRYS5752098,D,S,A,2024-05-09,160000.00,4.764329,96.6328125
08:01:12,912810TZ1,TSRYS5752098,D,B,A,2024-05-09,1000000.00,4.762444,96.65625
08:01:12,912810TZ1,TSRYS5752098,D,B,A,2024-05-09,700000.00,4.764958,96.625
08:01:12,912810TZ1,TSRYS5752098,D,S,D,2024-05-09,700000.00,4.764958,96.625
08:01:13,912810TZ1,TSRYS5752098,D,S,D,2024-05-09,4000000.00,4.747408,96.8434734
08:01:14,912810TZ1,TSRYS5752098,D,S,A,2024-05-09,50000.00,4.758741,96.703125
08:01:16,912810TZ1,TSRYS5752098,D,B,C,2024-05-09,1000000.00,4.760246,96.68359375
08:01:16,912810TZ1,TSRYS5752098,D,S,C,2024-05-09,1000000.00,4.760246,96.68359375
08:01:17,912810TZ1,TSRYS5752098,D,B,C,2024-05-09,1000000.00,4.758048,96.7109375
08:01:17,912810TZ1,TSRYS5752098,D,S,C,2024-05-09,1000000.00,4.758048,96.7109375
08:01:18,912810TZ1,TSRYS5752098,D,S,C,2024-05-09,1000000.00,4.743628,96.890625
08:01:18,912810TZ1,TSRYS5752098,D,S,D,2024-05-09,1000000.00,4.759932,96.6875
08:01:18,912810TZ1,TSRYS5752098,D,S,D,2024-05-09,1000000.00,4.759932,96.6875
08:01:18,912810TZ1,TSRYS5752098,D,S,C,2024-05-09,1000000.00,4.759932,96.6875
08:01:18,912810TZ1,TSRYS5752098,D,S,D,2024-05-09,1000000.00,4.759932,96.6875
08:01:18,912810TZ1,TSRYS5752098,D,S,D,2024-05-09,1000000.00,4.759932,96.6875
08:01:18,912810TZ1,TSRYS5752098,D,S,D,2024-05-09,1000000.00,4.759932,96.6875
08:01:18,912810TZ1,TSRYS5752098,D,S,C,2024-05-09,1000000.00,4.759932,96.6875
08:01:18,912810TZ1,TSRYS5752098,D,S,D,2024-05-09,1000000.00,4.759932,96.6875
08:01:18,912810TZ1,TSRYS5752098,D,S,D,2024-05-09,1000000.00,4.759932,96.6875
08:01:18,912810TZ1,TSRYS5752098,D,S,D,2024-05-09,1000000.00,4.759932,96.6875
08:01:18,912810TZ1,TSRYS5752098,D,S,D,2024-05-09,1000000.00,4.759932,96.6875
08:01:18,912810TZ1,TSRYS5752098,D,S,D,2024-05-09,1000000.00,4.759932,96.6875
08:01:18,912810TZ1,TSRYS5752098,D,S,A,2024-05-09,1200000.00,4.748326,96.83203125
08:01:18,912810TZ1,TSRYS5752098,D,S,A,2024-05-09,141000.00,4.753092,96.7734375
08:01:19,912810TZ1,TSRYS5752098,D,B,C,2024-05-09,1000000.00,4.747856,96.83789062
08:01:19,912810TZ1,TSRYS5752098,D,S,D,2024-05-09,4000000.00,4.745887,96.86244
08:01:20,912810TZ1,TSRYS5752098,D,S,D,2024-05-09,9000.00,4.759932,96.6875
08:01:20,912810TZ1,TSRYS5752098,D,S,T,2024-05-09,1000000.00,4.753656,96.765625
08:01:21,912810TZ1,TSRYS5752098,D,S,T,2024-05-09,2000000.00,4.752244,96.78320312
08:01:21,912810TZ1,TSRYS5752098,D,S,D,2024-05-09,250000.00,4.759932,96.6875
08:01:21,912810TZ1,TSRYS5752098,D,S,D,2024-05-09,1000000.00,4.748953,96.82421875
08:01:21,912810TZ1,TSRYS5752098,D,S,T,2024-05-09,1000000.00,4.74911,96.82226562
08:01:21,912810TZ1,TSRYS5752098,D,S,D,2024-05-09,1000000.00,4.74911,96.82226562
08:01:21,912810TZ1,TSRYS5752098,D,S,T,2024-05-09,1000000.00,4.74911,96.82226562
08:01:21,912810TZ1,TSRYS5752098,D,S,D,2024-05-09,1000000.00,4.74911,96.82226562
08:01:21,912810TZ1,TSRYS5752098,D,S,D,2024-05-09,1000000.00,4.748953,96.82421875
08:01:21,912810TZ1,TSRYS5752098,D,S,D,2024-05-09,1000000.00,4.748953,96.82421875
08:01:21,912810TZ1,TSRYS5752098,D,B,A,2024-05-09,1000.00,4.761816,96.664062
08:01:21,912810TZ1,TSRYS5752098,D,S,D,2024-05-09,1000000.00,4.74911,96.82226562
08:01:21,912810TZ1,TSRYS5752098,D,S,T,2024-05-09,1000000.00,4.74911,96.82226562
08:01:21,912810TZ1,TSRYS5752098,D,S,D,2024-05-09,1000000.00,4.74911,96.82226562
08:01:21,912810TZ1,TSRYS5752098,D,B,A,2024-05-09,8000000.00,4.760246,96.68359375
08:01:21,912810TZ1,TSRYS5752098,D,S,T,2024-05-09,1000000.00,4.75899,96.69921875
08:01:21,912810TZ1,TSRYS5752098,D,S,T,2024-05-09,1000000.00,4.759147,96.697265625
08:01:21,912810TZ1,TSRYS5752098,D,S,T,2024-05-09,1000000.00,4.759304,96.6953125
08:01:21,912810TZ1,TSRYS5752098,D,S,T,2024-05-09,1000000.00,4.759932,96.6875
08:01:21,912810TZ1,TSRYS5752098,D,S,T,2024-05-09,2000000.00,4.759304,96.6953125
08:01:21,912810TZ1,TSRYS5752098,D,S,T,2024-05-09,1000000.00,4.758684,96.703023
08:01:21,912810TZ1,TSRYS5752098,D,S,T,2024-05-09,1000000.00,4.758684,96.703023
08:01:23,912810TZ1,TSRYS5752098,D,S,T,2024-05-09,1000000.00,4.763701,96.640625
08:01:23,912810TZ1,TSRYS5752098,D,S,D,2024-05-09,1000000.00,4.758205,96.70898437
08:01:23,912810TZ1,TSRYS5752098,D,S,T,2024-05-09,1000000.00,4.758362,96.70703125
08:01:23,912810TZ1,TSRYS5752098,D,S,T,2024-05-09,1000000.00,4.758362,96.70703125
08:01:23,912810TZ1,TSRYS5752098,D,S,D,2024-05-09,1000000.00,4.758362,96.70703125
08:01:23,912810TZ1,TSRYS5752098,D,S,D,2024-05-09,1000000.00,4.758362,96.70703125
08:01:23,912810TZ1,TSRYS5752098,D,S,D,2024-05-09,1000000.00,4.758676,96.703125
08:01:23,912810TZ1,TSRYS5752098,D,B,C,2024-05-09,1000000.00,4.759932,96.6875
08:01:24,912810TZ1,TSRYS5752098,D,B,C,2024-05-09,1000000.00,4.745976,96.86132812
08:01:24,912810TZ1,TSRYS5752098,D,B,C,2024-05-09,7000000.00,4.759052,96.69845
08:01:25,912810TZ1,TSRYS5752098,D,S,A,2024-05-09,3000000.00,4.765024,96.625
08:01:25,912810TZ1,TSRYS5752098,D,S,A,2024-05-09,1000.00,4.7659,96.61328125
08:01:25,912810TZ1,TSRYS5752098,D,S,D,2024-05-09,1000000.00,4.753656,96.765625
08:01:25,912810TZ1,TSRYS5752098,D,S,T,2024-05-09,1000000.00,4.753672,96.765425
08:01:25,912810TZ1,TSRYS5752098,D,S,T,2024-05-09,1000000.00,4.753672,96.765425
08:01:25,912810TZ1,TSRYS5752098,D,S,T,2024-05-09,1000000.00,4.753672,96.765425
08:01:26,912810TZ1,TSRYS5752098,D,B,C,2024-05-09,1000000.00,4.752244,96.78320312
08:01:26,912810TZ1,TSRYS5752098,D,B,C,2024-05-09,1000000.00,4.752244,96.78320312
08:01:26,912810TZ1,TSRYS5752098,D,B,C,2024-05-09,1000000.00,4.753185,96.77148437
08:01:27,912810TZ1,TSRYS5752098,D,S,A,2024-05-09,113400.00,4.764081,96.63671875
08:01:30,912810TZ1,TSRYS5752098,D,B,C,2024-05-09,1000000.00,4.755224,96.74609375
08:01:30,912810TZ1,TSRYS5752098,D,B,C,2024-05-09,1000000.00,4.755224,96.74609375
08:01:30,912810TZ1,TSRYS5752098,D,B,C,2024-05-09,1000000.00,4.755538,96.7421875
08:01:30,912810TZ1,TSRYS5752098,D,S,T,2024-05-09,1000000.00,4.759932,96.6875
08:01:30,912810TZ1,TSRYS5752098,D,S,T,2024-05-09,1000000.00,4.759932,96.6875
08:01:31,912810TZ1,TSRYS5752098,D,B,C,2024-05-09,1000000.00,4.747543,96.841796875
08:01:31,912810TZ1,TSRYS5752098,D,S,D,2024-05-09,1000000.00,4.747543,96.841796875
08:01:31,912810TZ1,TSRYS5752098,D,S,D,2024-05-09,1000000.00,4.747386,96.84375
08:01:31,912810TZ1,TSRYS5752098,D,S,T,2024-05-09,1000000.00,4.759932,96.6875
08:01:32,912810TZ1,TSRYS5752098,D,S,D,2024-05-09,1000000.00,4.746133,96.859375
08:01:33,912810TZ1,TSRYS5752098,D,S,D,2024-05-09,42000000.00,4.755734,96.73974
08:01:36,912810TZ1,TSRYS5752098,D,S,D,2024-05-09,1000000.00,4.749893,96.8125
08:01:36,912810TZ1,TSRYS5752098,D,B,C,2024-05-09,1000000.00,4.749893,96.8125
08:01:38,912810TZ1,TSRYS5752098,D,S,T,2024-05-09,1000000.00,4.766686,96.603515625
08:01:40,912810TZ1,TSRYS5752098,D,S,D,2024-05-09,1000000.00,4.75491,96.75
08:01:44,912810TZ1,TSRYS5752098,D,S,T,2024-05-09,1000000.00,4.767472,96.59375
08:01:44,912810TZ1,TSRYS5752098,D,S,T,2024-05-09,1000000.00,4.767472,96.59375
08:01:44,912810TZ1,TSRYS5752098,D,S,D,2024-05-09,1000000.00,4.752558,96.779296875
08:01:44,912810TZ1,TSRYS5752098,D,S,D,2024-05-09,1000000.00,4.753656,96.765625
08:01:44,912810TZ1,TSRYS5752098,D,S,D,2024-05-09,2000000.00,4.75444,96.755859375
08:01:44,912810TZ1,TSRYS5752098,D,S,D,2024-05-09,1000000.00,4.75444,96.755859375
08:01:44,912810TZ1,TSRYS5752098,D,S,D,2024-05-09,1000000.00,4.754283,96.7578125
08:01:44,912810TZ1,TSRYS5752098,D,S,D,2024-05-09,1000000.00,4.75444,96.755859375
08:01:44,912810TZ1,TSRYS5752098,D,S,D,2024-05-09,1000000.00,4.75444,96.755859375
08:01:44,912810TZ1,TSRYS5752098,D,S,D,2024-05-09,1000000.00,4.75444,96.755859375
08:01:44,912810TZ1,TSRYS5752098,D,S,D,2024-05-09,1000000.00,4.75444,96.755859375
08:01:44,912810TZ1,TSRYS5752098,D,S,D,2024-05-09,1000000.00,4.756008,96.736328125
08:01:44,912810TZ1,TSRYS5752098,D,S,D,2024-05-09,1000000.00,4.755538,96.7421875
08:01:44,912810TZ1,TSRYS5752098,D,S,C,2024-05-09,1600000.00,4.765272,96.62109375
08:01:48,912810TZ1,TSRYS5752098,D,S,D,2024-05-09,1000000.00,4.753656,96.765625
08:01:48,912810TZ1,TSRYS5752098,D,S,D,2024-05-09,2000000.00,4.752244,96.783203125
08:01:49,912810TZ1,TSRYS5752098,D,B,C,2024-05-09,1000000.00,4.761659,96.66601562
08:01:49,912810TZ1,TSRYS5752098,D,S,D,2024-05-09,25000000.00,4.763722,96.64036
08:01:50,912810TZ1,TSRYS5752098,D,S,D,2024-05-09,1000000.00,4.74911,96.822265625
08:01:50,912810TZ1,TSRYS5752098,D,S,D,2024-05-09,1000000.00,4.74911,96.822265625
08:01:50,912810TZ1,TSRYS5752098,D,S,D,2024-05-09,1000000.00,4.74911,96.822265625
08:01:50,912810TZ1,TSRYS5752098,D,B,C,2024-05-09,1000000.00,4.757264,96.72070312
08:01:50,912810TZ1,TSRYS5752098,D,B,C,2024-05-09,1000000.00,4.757264,96.72070312
08:01:51,912810TZ1,TSRYS5752098,D,B,C,2024-05-09,1000000.00,4.758362,96.70703125
08:01:51,912810TZ1,TSRYS5752098,D,B,C,2024-05-09,1000000.00,4.757264,96.72070312
08:01:51,912810TZ1,TSRYS5752098,D,B,C,2024-05-09,1000000.00,4.757421,96.71875
08:01:51,912810TZ1,TSRYS5752098,D,S,D,2024-05-09,25000.00,4.766497,96.60586875
08:01:51,912810TZ1,TSRYS5752098,D,S,D,2024-05-09,2000.00,4.766497,96.60586875
08:01:51,912810TZ1,TSRYS5752098,D,S,D,2024-05-09,1000.00,4.766497,96.60586875
08:01:51,912810TZ1,TSRYS5752098,D,S,T,2024-05-09,1000000.00,4.766223,96.609273
08:01:51,912810TZ1,TSRYS5752098,D,S,T,2024-05-09,1000000.00,4.766223,96.609273
08:01:51,912810TZ1,TSRYS5752098,D,S,T,2024-05-09,1000000.00,4.766223,96.609273
08:01:51,912810TZ1,TSRYS5752098,D,B,C,2024-05-09,1000000.00,4.758362,96.70703125
08:01:55,912810TZ1,TSRYS5752098,D,B,C,2024-05-09,1000000.00,4.758676,96.703125
08:01:56,912810TZ1,TSRYS5752098,D,S,T,2024-05-09,1000000.00,4.762601,96.65429687
08:01:56,912810TZ1,TSRYS5752098,D,S,T,2024-05-09,1000000.00,4.762601,96.65429687
08:01:56,912810TZ1,TSRYS5752098,D,S,C,2024-05-09,1000000.00,4.762601,96.65429687
08:01:56,912810TZ1,TSRYS5752098,D,S,T,2024-05-09,1000000.00,4.762601,96.65429687
08:01:56,912810TZ1,TSRYS5752098,D,S,D,2024-05-09,1000000.00,4.762601,96.65429687
08:01:56,912810TZ1,TSRYS5752098,D,B,C,2024-05-09,5000000.00,4.762741,96.65256
08:01:58,912810TZ1,TSRYS5752098,D,S,D,2024-05-09,1000000.00,4.75491,96.75
08:01:58,912810TZ1,TSRYS5752098,D,B,C,2024-05-09,1000000.00,4.75491,96.75
08:01:58,912810TZ1,TSRYS5752098,D,S,D,2024-05-09,1000000.00,4.75491,96.75
08:01:58,912810TZ1,TSRYS5752098,D,B,C,2024-05-09,1000000.00,4.75491,96.75
08:01:58,912810TZ1,TSRYS5752098,D,S,D,2024-05-09,1000000.00,4.75491,96.75
08:01:58,912810TZ1,TSRYS5752098,D,B,C,2024-05-09,1000000.00,4.75491,96.75
08:01:58,912810TZ1,TSRYS5752098,D,S,D,2024-05-09,1000000.00,4.75491,96.75
08:01:58,912810TZ1,TSRYS5752098,D,S,D,2024-05-09,2000000.00,4.765586,96.6171875
08:01:59,912810TZ1,TSRYS5752098,D,S,D,2024-05-09,1000000.00,4.756165,96.734375
08:01:59,912810TZ1,TSRYS5752098,D,S,T,2024-05-09,1000000.00,4.763858,96.63867187
08:01:59,912810TZ1,TSRYS5752098,D,S,C,2024-05-09,1000000.00,4.765272,96.62109375
08:02:00,912810TZ1,TSRYS5752098,D,S,D,2024-05-09,1000000.00,4.751147,96.796875
08:02:00,912810TZ1,TSRYS5752098,D,B,C,2024-05-09,1000000.00,4.763701,96.640625
08:02:00,912810TZ1,TSRYS5752098,D,S,D,2024-05-09,1000000.00,4.763858,96.63867187
08:02:00,912810TZ1,TSRYS5752098,D,S,T,2024-05-09,1000000.00,4.763858,96.63867187
08:02:00,912810TZ1,TSRYS5752098,D,S,D,2024-05-09,1000000.00,4.763858,96.63867187
08:02:00,912810TZ1,TSRYS5752098,D,S,D,2024-05-09,1000000.00,4.763858,96.63867187
08:02:00,912810TZ1,TSRYS5752098,D,S,D,2024-05-09,1000000.00,4.763858,96.63867187
08:02:00,912810TZ1,TSRYS5752098,D,S,T,2024-05-09,1000000.00,4.763858,96.63867187
08:02:00,912810TZ1,TSRYS5752098,D,S,T,2024-05-09,1000000.00,4.763544,96.64257812
08:02:00,912810TZ1,TSRYS5752098,D,S,D,2024-05-09,1000000.00,4.764329,96.6328125
08:02:01,912810TZ1,TSRYS5752098,D,S,D,2024-05-09,3000000.00,4.767472,96.59375
08:02:01,912810TZ1,TSRYS5752098,D,S,T,2024-05-09,2000000.00,4.766215,96.609375
08:02:01,912810TZ1,TSRYS5752098,D,S,T,2024-05-09,1000000.00,4.766843,96.6015625
08:02:01,912810TZ1,TSRYS5752098,D,S,D,2024-05-09,1000000.00,4.767472,96.59375
08:02:01,912810TZ1,TSRYS5752098,D,S,D,2024-05-09,3000000.00,4.767472,96.59375
08:02:01,912810TZ1,TSRYS5752098,D,S,D,2024-05-09,2000000.00,4.767472,96.59375
08:02:01,912810TZ1,TSRYS5752098,D,S,T,2024-05-09,1000000.00,4.767488,96.59355
08:02:01,912810TZ1,TSRYS5752098,D,S,D,2024-05-09,1000000.00,4.767,96.59960937
08:02:01,912810TZ1,TSRYS5752098,D,S,D,2024-05-09,1000000.00,4.767786,96.58984375
08:02:01,912810TZ1,TSRYS5752098,D,S,D,2024-05-09,1000000.00,4.767786,96.58984375
08:02:01,912810TZ1,TSRYS5752098,D,S,T,2024-05-09,1000000.00,4.767786,96.58984375
08:02:01,912810TZ1,TSRYS5752098,D,S,D,2024-05-09,1000000.00,4.767786,96.58984375
08:02:02,912810TZ1,TSRYS5752098,D,B,C,2024-05-09,1000000.00,4.767,96.59960937
08:02:02,912810TZ1,TSRYS5752098,D,B,C,2024-05-09,1000000.00,4.767315,96.59570312
08:02:03,912810TZ1,TSRYS5752098,D,B,C,2024-05-09,1000000.00,4.749266,96.8203125
08:02:03,912810TZ1,TSRYS5752098,D,S,D,2024-05-09,1000000.00,4.749266,96.8203125
08:02:03,912810TZ1,TSRYS5752098,D,B,C,2024-05-09,23000000.00,4.765845,96.61397
08:02:04,912810TZ1,TSRYS5752098,D,S,T,2024-05-09,1000000.00,4.767,96.59960937
08:02:04,912810TZ1,TSRYS5752098,D,S,D,2024-05-09,1000000.00,4.767158,96.59765625
08:02:04,912810TZ1,TSRYS5752098,D,S,T,2024-05-09,1000000.00,4.767315,96.59570312
08:02:04,912810TZ1,TSRYS5752098,D,S,T,2024-05-09,1000000.00,4.767315,96.59570312
08:02:04,912810TZ1,TSRYS5752098,D,S,D,2024-05-09,1000000.00,4.767,96.59960937
08:02:04,912810TZ1,TSRYS5752098,D,S,T,2024-05-09,1000000.00,4.767315,96.59570312
08:02:04,912810TZ1,TSRYS5752098,D,S,D,2024-05-09,1000000.00,4.767315,96.59570312
08:02:04,912810TZ1,TSRYS5752098,D,S,D,2024-05-09,1000000.00,4.767315,96.59570312
08:02:04,912810TZ1,TSRYS5752098,D,S,T,2024-05-09,1000000.00,4.767315,96.59570312
08:02:04,912810TZ1,TSRYS5752098,D,S,T,2024-05-09,1000000.00,4.767315,96.59570312
08:02:04,912810TZ1,TSRYS5752098,D,B,C,2024-05-09,5000000.00,4.767341,96.59538
08:02:05,912810TZ1,TSRYS5752098,D,S,D,2024-05-09,25000000.00,4.762413,96.65664
08:02:06,912810TZ1,TSRYS5752098,D,S,D,2024-05-09,2000000.00,4.7648,96.62695312
08:02:06,912810TZ1,TSRYS5752098,D,S,C,2024-05-09,1000000.00,4.764486,96.63085937
08:02:06,912810TZ1,TSRYS5752098,D,S,C,2024-05-09,1000000.00,4.764486,96.63085937
08:02:06,912810TZ1,TSRYS5752098,D,S,D,2024-05-09,1000000.00,4.7648,96.62695312
08:02:06,912810TZ1,TSRYS5752098,D,S,D,2024-05-09,1000000.00,4.7648,96.62695312
08:02:06,912810TZ1,TSRYS5752098,D,S,C,2024-05-09,1000000.00,4.764643,96.62890625
08:02:06,912810TZ1,TSRYS5752098,D,S,D,2024-05-09,1000000.00,4.7648,96.62695312
08:02:06,912810TZ1,TSRYS5752098,D,S,D,2024-05-09,1000000.00,4.7648,96.62695312
08:02:06,912810TZ1,TSRYS5752098,D,S,D,2024-05-09,2000000.00,4.7648,96.62695312
08:02:07,912810TZ1,TSRYS5752098,D,S,D,2024-05-09,1000000.00,4.763387,96.64453125
08:02:07,912810TZ1,TSRYS5752098,D,S,D,2024-05-09,1000000.00,4.763387,96.64453125
08:02:07,912810TZ1,TSRYS5752098,D,S,D,2024-05-09,1000000.00,4.761659,96.66601562
08:02:07,912810TZ1,TSRYS5752098,D,S,D,2024-05-09,1000000.00,4.761659,96.66601562
08:02:08,912810TZ1,TSRYS5752098,D,S,T,2024-05-09,1000000.00,4.763072,96.6484375
08:02:08,912810TZ1,TSRYS5752098,D,S,T,2024-05-09,1000000.00,4.763072,96.6484375
08:02:08,912810TZ1,TSRYS5752098,D,S,D,2024-05-09,1000000.00,4.760246,96.68359375
08:02:08,912810TZ1,TSRYS5752098,D,S,D,2024-05-09,1000000.00,4.760246,96.68359375
08:02:08,912810TZ1,TSRYS5752098,D,S,C,2024-05-09,1000000.00,4.761502,96.66796875
08:02:08,912810TZ1,TSRYS5752098,D,S,C,2024-05-09,1000000.00,4.761502,96.66796875
08:02:09,912810TZ1,TSRYS5752098,D,S,C,2024-05-09,1000000.00,4.761031,96.67382812
08:02:10,912810TZ1,TSRYS5752098,D,S,C,2024-05-09,1000000.00,4.762444,96.65625
08:02:10,912810TZ1,TSRYS5752098,D,S,A,2024-05-09,1000000.00,4.763387,96.64453125
08:02:10,912810TZ1,TSRYS5752098,D,S,D,2024-05-09,1000000.00,4.752088,96.78515625
08:02:10,912810TZ1,TSRYS5752098,D,S,D,2024-05-09,1000000.00,4.759147,96.69726562
08:02:10,912810TZ1,TSRYS5752098,D,S,D,2024-05-09,1000000.00,4.759304,96.6953125
08:02:10,912810TZ1,TSRYS5752098,D,S,D,2024-05-09,1000000.00,4.759147,96.69726562
08:02:11,912810TZ1,TSRYS5752098,D,S,D,2024-05-09,1000000.00,4.759618,96.69140625
08:02:11,912810TZ1,TSRYS5752098,D,S,T,2024-05-09,1000000.00,4.760874,96.67578125
08:02:11,912810TZ1,TSRYS5752098,D,S,D,2024-05-09,1000000.00,4.761031,96.67382812
08:02:11,912810TZ1,TSRYS5752098,D,S,T,2024-05-09,1000000.00,4.761031,96.67382812
08:02:11,912810TZ1,TSRYS5752098,D,S,T,2024-05-09,1000000.00,4.761031,96.67382812
08:02:11,912810TZ1,TSRYS5752098,D,S,T,2024-05-09,1000000.00,4.761816,96.6640625
08:02:11,912810TZ1,TSRYS5752098,D,S,D,2024-05-09,1000000.00,4.761031,96.67382812
08:02:11,912810TZ1,TSRYS5752098,D,S,D,2024-05-09,1000000.00,4.761031,96.67382812
08:02:11,912810TZ1,TSRYS5752098,D,S,D,2024-05-09,1000000.00,4.761031,96.67382812
08:02:11,912810TZ1,TSRYS5752098,D,S,D,2024-05-09,1000000.00,4.761031,96.67382812
08:02:11,912810TZ1,TSRYS5752098,D,S,D,2024-05-09,1000000.00,4.761031,96.67382812
08:02:11,912810TZ1,TSRYS5752098,D,S,T,2024-05-09,1000000.00,4.760874,96.67578125
08:02:11,912810TZ1,TSRYS5752098,D,S,T,2024-05-09,1000000.00,4.761031,96.67382812
08:02:11,912810TZ1,TSRYS5752098,D,S,T,2024-05-09,1000000.00,4.760874,96.67578125
08:02:11,912810TZ1,TSRYS5752098,D,S,T,2024-05-09,1000000.00,4.761031,96.67382812
08:02:11,912810TZ1,TSRYS5752098,D,S,C,2024-05-09,1000000.00,4.761031,96.67382812
08:02:11,912810TZ1,TSRYS5752098,D,S,D,2024-05-09,1000000.00,4.761031,96.67382812
08:02:11,912810TZ1,TSRYS5752098,D,S,D,2024-05-09,1000000.00,4.761031,96.67382812
08:02:11,912810TZ1,TSRYS5752098,D,S,D,2024-05-09,1000000.00,4.761031,96.67382812
08:02:11,912810TZ1,TSRYS5752098,D,S,D,2024-05-09,1000000.00,4.760874,96.67578125
08:02:11,912810TZ1,TSRYS5752098,D,S,D,2024-05-09,1000000.00,4.760874,96.67578125
08:02:11,912810TZ1,TSRYS5752098,D,S,C,2024-05-09,1000000.00,4.760874,96.67578125
08:02:12,912810TZ1,TSRYS5752098,D,S,T,2024-05-09,1000000.00,4.759932,96.6875
08:02:12,912810TZ1,TSRYS5752098,D,S,D,2024-05-09,1000000.00,4.759932,96.6875
08:02:12,912810TZ1,TSRYS5752098,D,S,D,2024-05-09,1000000.00,4.759932,96.6875
08:02:12,912810TZ1,TSRYS5752098,D,S,T,2024-05-09,1000000.00,4.759932,96.6875
08:02:12,912810TZ1,TSRYS5752098,D,S,D,2024-05-09,1000000.00,4.756793,96.7265625
08:02:12,912810TZ1,TSRYS5752098,D,S,D,2024-05-09,1000000.00,4.759932,96.6875
08:02:12,912810TZ1,TSRYS5752098,D,S,D,2024-05-09,1000000.00,4.759932,96.6875
08:02:12,912810TZ1,TSRYS5752098,D,B,C,2024-05-09,6000000.00,4.767459,96.59391
08:02:12,912810TZ1,TSRYS5752098,D,S,T,2024-05-09,1000000.00,4.759932,96.6875
08:02:12,912810TZ1,TSRYS5752098,D,S,T,2024-05-09,1000000.00,4.759932,96.6875
08:02:12,912810TZ1,TSRYS5752098,D,S,D,2024-05-09,1000000.00,4.759932,96.6875
08:02:12,912810TZ1,TSRYS5752098,D,S,D,2024-05-09,1000000.00,4.759932,96.6875
08:02:12,912810TZ1,TSRYS5752098,D,S,D,2024-05-09,1000000.00,4.760246,96.68359375
08:02:12,912810TZ1,TSRYS5752098,D,S,D,2024-05-09,1000000.00,4.759932,96.6875
08:02:12,912810TZ1,TSRYS5752098,D,S,T,2024-05-09,1000000.00,4.759948,96.6873
08:02:12,912810TZ1,TSRYS5752098,D,S,D,2024-05-09,1000000.00,4.759932,96.6875
08:02:12,912810TZ1,TSRYS5752098,D,S,T,2024-05-09,1000000.00,4.759932,96.6875
08:02:12,912810TZ1,TSRYS5752098,D,S,D,2024-05-09,1000000.00,4.759932,96.6875
08:02:12,912810TZ1,TSRYS5752098,D,S,D,2024-05-09,1000000.00,4.756636,96.728515625
08:02:12,912810TZ1,TSRYS5752098,D,S,T,2024-05-09,1000000.00,4.760246,96.68359375
08:02:12,912810TZ1,TSRYS5752098,D,S,T,2024-05-09,1000000.00,4.759775,96.68945312
08:02:12,912810TZ1,TSRYS5752098,D,S,T,2024-05-09,1000000.00,4.760246,96.68359375
08:02:12,912810TZ1,TSRYS5752098,D,S,D,2024-05-09,1000000.00,4.759932,96.6875
08:02:12,912810TZ1,TSRYS5752098,D,S,D,2024-05-09,1000000.00,4.759932,96.6875
08:02:12,912810TZ1,TSRYS5752098,D,S,D,2024-05-09,1000000.00,4.760246,96.68359375
08:02:12,912810TZ1,TSRYS5752098,D,S,T,2024-05-09,1000000.00,4.760246,96.68359375
08:02:12,912810TZ1,TSRYS5752098,D,B,C,2024-05-09,50000000.00,4.760026,96.68633
08:02:12,912810TZ1,TSRYS5752098,D,S,D,2024-05-09,1000000.00,4.759932,96.6875
08:02:12,912810TZ1,TSRYS5752098,D,S,D,2024-05-09,1000000.00,4.759932,96.6875
08:02:12,912810TZ1,TSRYS5752098,D,S,D,2024-05-09,1000000.00,4.759932,96.6875
08:02:12,912810TZ1,TSRYS5752098,D,S,D,2024-05-09,1000000.00,4.759932,96.6875
08:02:12,912810TZ1,TSRYS5752098,D,S,T,2024-05-09,1000000.00,4.759948,96.6873
08:02:12,912810TZ1,TSRYS5752098,D,S,D,2024-05-09,1000000.00,4.759932,96.6875
08:02:12,912810TZ1,TSRYS5752098,D,S,T,2024-05-09,1000000.00,4.759948,96.6873
08:02:12,912810TZ1,TSRYS5752098,D,S,T,2024-05-09,1000000.00,4.759948,96.6873
08:02:12,912810TZ1,TSRYS5752098,D,S,T,2024-05-09,1000000.00,4.759948,96.6873
08:02:12,912810TZ1,TSRYS5752098,D,S,T,2024-05-09,1000000.00,4.759948,96.6873
08:02:12,912810TZ1,TSRYS5752098,D,S,T,2024-05-09,1000000.00,4.759932,96.6875
08:02:12,912810TZ1,TSRYS5752098,D,S,T,2024-05-09,1000000.00,4.759948,96.6873
08:02:12,912810TZ1,TSRYS5752098,D,S,T,2024-05-09,1000000.00,4.759948,96.6873
08:02:12,912810TZ1,TSRYS5752098,D,S,T,2024-05-09,1000000.00,4.759948,96.6873
08:02:12,912810TZ1,TSRYS5752098,D,S,T,2024-05-09,1000000.00,4.759948,96.6873
08:02:12,912810TZ1,TSRYS5752098,D,S,T,2024-05-09,1000000.00,4.759948,96.6873
08:02:12,912810TZ1,TSRYS5752098,D,S,T,2024-05-09,1000000.00,4.759948,96.6873
08:02:13,912810TZ1,TSRYS5752098,D,S,T,2024-05-09,1000000.00,4.759948,96.6873
08:02:13,912810TZ1,TSRYS5752098,D,S,D,2024-05-09,1000000.00,4.759932,96.6875
08:02:13,912810TZ1,TSRYS5752098,D,S,T,2024-05-09,1000000.00,4.760089,96.68554687
08:02:13,912810TZ1,TSRYS5752098,D,S,D,2024-05-09,1000000.00,4.760246,96.68359375
08:02:13,912810TZ1,TSRYS5752098,D,S,D,2024-05-09,1000000.00,4.760089,96.68554687
08:02:13,912810TZ1,TSRYS5752098,D,S,T,2024-05-09,1000000.00,4.760089,96.68554687
08:02:13,912810TZ1,TSRYS5752098,D,S,T,2024-05-09,1000000.00,4.760246,96.68359375
08:02:13,912810TZ1,TSRYS5752098,D,S,D,2024-05-09,1000000.00,4.760246,96.68359375
08:02:13,912810TZ1,TSRYS5752098,D,S,D,2024-05-09,1000000.00,4.759932,96.6875
08:02:15,912810TZ1,TSRYS5752098,D,S,T,2024-05-09,1000000.00,4.766231,96.609175
08:02:15,912810TZ1,TSRYS5752098,D,S,D,2024-05-09,1000000.00,4.766372,96.60742187
08:02:15,912810TZ1,TSRYS5752098,D,S,T,2024-05-09,1000000.00,4.766058,96.61132812
08:02:15,912810TZ1,TSRYS5752098,D,S,D,2024-05-09,1000000.00,4.766215,96.609375
08:02:15,912810TZ1,TSRYS5752098,D,S,T,2024-05-09,1000000.00,4.766231,96.609175
08:02:15,912810TZ1,TSRYS5752098,D,S,T,2024-05-09,1000000.00,4.766231,96.609175
08:02:15,912810TZ1,TSRYS5752098,D,S,T,2024-05-09,1000000.00,4.766231,96.609175
08:02:15,912810TZ1,TSRYS5752098,D,S,T,2024-05-09,1000000.00,4.766231,96.609175
08:02:15,912810TZ1,TSRYS5752098,D,B,C,2024-05-09,8000000.00,4.766459,96.60634
08:02:15,912810TZ1,TSRYS5752098,D,S,D,2024-05-09,1000000.00,4.7659,96.61328125
08:02:15,912810TZ1,TSRYS5752098,D,S,C,2024-05-09,1000000.00,4.7659,96.61328125
08:02:15,912810TZ1,TSRYS5752098,D,S,D,2024-05-09,1000000.00,4.767,96.59960937
08:02:16,912810TZ1,TSRYS5752098,D,S,D,2024-05-09,1000000.00,4.767944,96.58789062
08:02:17,912810TZ1,TSRYS5752098,D,B,C,2024-05-09,1000000.00,4.755067,96.748046875
08:02:17,912810TZ1,TSRYS5752098,D,S,D,2024-05-09,1000000.00,4.755067,96.748046875
08:02:17,912810TZ1,TSRYS5752098,D,B,C,2024-05-09,1000000.00,4.755067,96.748046875
08:02:17,912810TZ1,TSRYS5752098,D,S,D,2024-05-09,1000000.00,4.755067,96.748046875
08:02:17,912810TZ1,TSRYS5752098,D,S,D,2024-05-09,1000000.00,4.754754,96.751953125
08:02:17,912810TZ1,TSRYS5752098,D,S,D,2024-05-09,1000000.00,4.755852,96.73828125
08:02:17,912810TZ1,TSRYS5752098,D,B,C,2024-05-09,1000000.00,4.756479,96.73046875
08:02:17,912810TZ1,TSRYS5752098,D,S,D,2024-05-09,1000000.00,4.756479,96.73046875
08:02:17,912810TZ1,TSRYS5752098,D,B,C,2024-05-09,1000000.00,4.756479,96.73046875
08:02:17,912810TZ1,TSRYS5752098,D,S,D,2024-05-09,1000000.00,4.756479,96.73046875
08:02:20,912810TZ1,TSRYS5752098,D,S,D,2024-05-09,1000000.00,4.759461,96.693359375
08:02:20,912810TZ1,TSRYS5752098,D,S,C,2024-05-09,1000000.00,4.759932,96.6875
08:02:20,912810TZ1,TSRYS5752098,D,B,A,2024-05-09,1821000.00,4.749893,96.8125
08:02:21,912810TZ1,TSRYS5752098,D,S,T,2024-05-09,1000000.00,4.767472,96.59375
08:02:21,912810TZ1,TSRYS5752098,D,S,A,2024-05-09,2875000.00,4.752715,96.77734375
08:02:21,912810TZ1,TSRYS5752098,D,S,C,2024-05-09,100000.00,4.761882,96.6640625
08:02:21,912810TZ1,TSRYS5752098,D,S,A,2024-05-09,9827000.00,4.758676,96.703125
08:02:26,912810TZ1,TSRYS5752098,D,S,A,2024-05-09,200000.00,4.764643,96.62890625
08:02:32,912810TZ1,TSRYS5752098,D,S,D,2024-05-09,1000000.00,4.763701,96.640625
08:02:32,912810TZ1,TSRYS5752098,D,S,D,2024-05-09,1000000.00,4.763701,96.640625
08:02:32,912810TZ1,TSRYS5752098,D,B,C,2024-05-09,1000000.00,4.766215,96.609375
08:02:32,912810TZ1,TSRYS5752098,D,S,D,2024-05-09,1000000.00,4.766215,96.609375
08:02:32,912810TZ1,TSRYS5752098,D,B,C,2024-05-09,1000000.00,4.766215,96.609375
08:02:32,912810TZ1,TSRYS5752098,D,S,D,2024-05-09,1000000.00,4.766215,96.609375
08:02:36,912810TZ1,TSRYS5752098,D,S,D,2024-05-09,1000000.00,4.748629,96.828255
08:02:36,912810TZ1,TSRYS5752098,D,B,C,2024-05-09,1000000.00,4.748654,96.82795
08:02:37,912810TZ1,TSRYS5752098,D,B,C,2024-05-09,1000000.00,4.749893,96.8125
08:02:37,912810TZ1,TSRYS5752098,D,S,A,2024-05-09,50000.00,4.749893,96.8125
08:02:37,912810TZ1,TSRYS5752098,D,S,C,2024-05-09,1000000.00,4.749877,96.8127
08:02:37,912810TZ1,TSRYS5752098,D,S,D,2024-05-09,1000000.00,4.75491,96.75
08:02:37,912810TZ1,TSRYS5752098,D,B,C,2024-05-09,1000000.00,4.754924,96.749825
08:02:37,912810TZ1,TSRYS5752098,D,S,D,2024-05-09,1000000.00,4.75491,96.75
08:02:37,912810TZ1,TSRYS5752098,D,B,C,2024-05-09,1000000.00,4.754924,96.749825
08:02:38,912810TZ1,TSRYS5752098,D,S,A,2024-05-09,400000.00,4.749893,96.8125
08:02:38,912810TZ1,TSRYS5752098,D,S,C,2024-05-09,4500000.00,4.761188,96.671875
08:02:38,912810TZ1,TSRYS5752098,D,B,C,2024-05-09,1000000.00,4.754924,96.749825
08:02:38,912810TZ1,TSRYS5752098,D,S,D,2024-05-09,1000000.00,4.75491,96.75
08:02:38,912810TZ1,TSRYS5752098,D,S,D,2024-05-09,1000000.00,4.75491,96.75
08:02:38,912810TZ1,TSRYS5752098,D,B,C,2024-05-09,1000000.00,4.754924,96.749825
08:02:38,912810TZ1,TSRYS5752098,D,B,C,2024-05-09,1000000.00,4.754924,96.749825
08:02:38,912810TZ1,TSRYS5752098,D,B,C,2024-05-09,1000000.00,4.754924,96.749825
08:02:38,912810TZ1,TSRYS5752098,D,S,D,2024-05-09,1000000.00,4.75491,96.75
08:02:38,912810TZ1,TSRYS5752098,D,S,D,2024-05-09,1000000.00,4.75491,96.75
08:02:38,912810TZ1,TSRYS5752098,D,B,C,2024-05-09,1000000.00,4.754924,96.749825
08:02:38,912810TZ1,TSRYS5752098,D,S,C,2024-05-09,1000000.00,4.75491,96.75
08:02:38,912810TZ1,TSRYS5752098,D,B,C,2024-05-09,1000000.00,4.754924,96.749825
08:02:38,912810TZ1,TSRYS5752098,D,S,D,2024-05-09,1000000.00,4.75491,96.75
08:02:38,912810TZ1,TSRYS5752098,D,B,C,2024-05-09,1000000.00,4.754924,96.749825
08:02:38,912810TZ1,TSRYS5752098,D,S,C,2024-05-09,1000000.00,4.754894,96.7502
08:02:38,912810TZ1,TSRYS5752098,D,S,D,2024-05-09,1000000.00,4.75491,96.75
08:02:38,912810TZ1,TSRYS5752098,D,B,C,2024-05-09,1000000.00,4.754924,96.749825
08:02:38,912810TZ1,TSRYS5752098,D,B,C,2024-05-09,1000000.00,4.754924,96.749825
08:02:38,912810TZ1,TSRYS5752098,D,S,D,2024-05-09,1000000.00,4.75491,96.75
08:02:38,912810TZ1,TSRYS5752098,D,B,C,2024-05-09,1000000.00,4.752415,96.781075
08:02:38,912810TZ1,TSRYS5752098,D,S,C,2024-05-09,1000000.00,4.752401,96.78125
08:02:39,912810TZ1,TSRYS5752098,D,S,A,2024-05-09,50000.00,4.748702,96.828125
08:02:39,912810TZ1,TSRYS5752098,D,S,D,2024-05-09,1000000.00,4.752401,96.78125
08:02:39,912810TZ1,TSRYS5752098,D,S,D,2024-05-09,1000000.00,4.752401,96.78125
08:02:39,912810TZ1,TSRYS5752098,D,B,C,2024-05-09,1000000.00,4.752415,96.781075
08:02:39,912810TZ1,TSRYS5752098,D,B,C,2024-05-09,1000000.00,4.752417,96.78105
08:02:39,912810TZ1,TSRYS5752098,D,B,C,2024-05-09,1000000.00,4.752417,96.78105
08:02:39,912810TZ1,TSRYS5752098,D,S,D,2024-05-09,1000000.00,4.752401,96.78125
08:02:39,912810TZ1,TSRYS5752098,D,S,D,2024-05-09,1000000.00,4.752401,96.78125
08:02:39,912810TZ1,TSRYS5752098,D,B,A,2024-05-09,22200.00,4.748702,96.828125
08:02:39,912810TZ1,TSRYS5752098,D,B,C,2024-05-09,1000000.00,4.75491,96.75
08:02:39,912810TZ1,TSRYS5752098,D,S,C,2024-05-09,1000000.00,4.754894,96.7502
08:02:39,912810TZ1,TSRYS5752098,D,S,D,2024-05-09,1000000.00,4.75491,96.75
08:02:39,912810TZ1,TSRYS5752098,D,B,C,2024-05-09,1000000.00,4.754924,96.749825
08:02:43,912810TZ1,TSRYS5752098,D,S,D,2024-05-09,1000000.00,4.75491,96.75
08:02:43,912810TZ1,TSRYS5752098,D,B,C,2024-05-09,1000000.00,4.75491,96.75
08:02:43,912810TZ1,TSRYS5752098,D,S,D,2024-05-09,1000000.00,4.75491,96.75
08:02:43,912810TZ1,TSRYS5752098,D,S,D,2024-05-09,60000.00,4.765868,96.61368125
08:02:43,912810TZ1,TSRYS5752098,D,S,A,2024-05-09,700000.00,4.759304,96.6953125
08:02:45,912810TZ1,TSRYS5752098,D,S,D,2024-05-09,1000000.00,4.749893,96.8125
08:02:45,912810TZ1,TSRYS5752098,D,S,A,2024-05-09,400000.00,4.758676,96.703125
08:02:45,912810TZ1,TSRYS5752098,D,S,D,2024-05-09,1000000.00,4.751147,96.796875
08:02:45,912810TZ1,TSRYS5752098,D,S,D,2024-05-09,2000000.00,4.751147,96.796875
08:02:45,912810TZ1,TSRYS5752098,D,B,C,2024-05-09,2000000.00,4.751171,96.796575
08:02:47,912810TZ1,TSRYS5752098,D,S,D,2024-05-09,1000000.00,4.753656,96.765625
08:02:47,912810TZ1,TSRYS5752098,D,S,D,2024-05-09,1000000.00,4.753656,96.765625
08:02:47,912810TZ1,TSRYS5752098,D,S,D,2024-05-09,1000000.00,4.753656,96.765625
08:02:47,912810TZ1,TSRYS5752098,D,S,D,2024-05-09,1000000.00,4.753656,96.765625
08:02:47,912810TZ1,TSRYS5752098,D,B,C,2024-05-09,1000000.00,4.753656,96.765625
08:02:47,912810TZ1,TSRYS5752098,D,S,D,2024-05-09,1000000.00,4.753656,96.765625
08:02:48,912810TZ1,TSRYS5752098,D,B,C,2024-05-09,1000000.00,4.754924,96.749825
08:02:48,912810TZ1,TSRYS5752098,D,S,D,2024-05-09,1000000.00,4.75491,96.75
08:02:50,912810TZ1,TSRYS5752098,D,S,A,2024-05-09,600000.00,4.759932,96.6875
08:02:50,912810TZ1,TSRYS5752098,D,S,C,2024-05-09,1000000.00,4.753644,96.765775
08:02:50,912810TZ1,TSRYS5752098,D,S,C,2024-05-09,1000000.00,4.753644,96.765775
08:02:50,912810TZ1,TSRYS5752098,D,B,C,2024-05-09,1000000.00,4.753672,96.765425
08:02:50,912810TZ1,TSRYS5752098,D,B,C,2024-05-09,1000000.00,4.75367,96.76545
08:02:50,912810TZ1,TSRYS5752098,D,S,C,2024-05-09,1000000.00,4.753644,96.765775
08:02:50,912810TZ1,TSRYS5752098,D,B,C,2024-05-09,1000000.00,4.753672,96.765425
08:02:50,912810TZ1,TSRYS5752098,D,B,C,2024-05-09,1000000.00,4.753672,96.765425
08:02:51,912810TZ1,TSRYS5752098,D,S,C,2024-05-09,1000000.00,4.753644,96.765775
08:02:52,912810TZ1,TSRYS5752098,D,S,D,2024-05-09,1000000.00,4.764329,96.6328125
08:02:52,912810TZ1,TSRYS5752098,D,B,C,2024-05-09,1000000.00,4.74864,96.828125
08:02:52,912810TZ1,TSRYS5752098,D,S,T,2024-05-09,3000000.00,4.762444,96.65625
08:02:53,912810TZ1,TSRYS5752098,D,S,C,2024-05-09,1000000.00,4.74864,96.828125
08:02:53,912810TZ1,TSRYS5752098,D,S,T,2024-05-09,1000000.00,4.762444,96.65625
08:02:54,912810TZ1,TSRYS5752098,D,S,T,2024-05-09,1000000.00,4.763701,96.640625
08:02:54,912810TZ1,TSRYS5752098,D,S,T,2024-05-09,1000000.00,4.763701,96.640625
08:02:54,912810TZ1,TSRYS5752098,D,S,T,2024-05-09,1000000.00,4.763701,96.640625
08:02:54,912810TZ1,TSRYS5752098,D,S,T,2024-05-09,1000000.00,4.763701,96.640625
08:02:54,912810TZ1,TSRYS5752098,D,S,T,2024-05-09,1000000.00,4.763701,96.640625
08:02:54,912810TZ1,TSRYS5752098,D,B,A,2024-05-09,1000000.00,4.763701,96.640625
08:02:54,912810TZ1,TSRYS5752098,D,B,A,2024-05-09,1000000.00,4.763701,96.640625
08:02:54,912810TZ1,TSRYS5752098,D,B,A,2024-05-09,1000000.00,4.763701,96.640625
08:02:54,912810TZ1,TSRYS5752098,D,B,A,2024-05-09,1000000.00,4.763701,96.640625
08:02:54,912810TZ1,TSRYS5752098,D,B,A,2024-05-09,1000000.00,4.763701,96.640625
08:02:55,912810TZ1,TSRYS5752098,D,S,D,2024-05-09,1000000.00,4.764172,96.634765625
08:02:55,912810TZ1,TSRYS5752098,D,S,A,2024-05-09,200000.00,4.766215,96.609375
08:02:56,912810TZ1,TSRYS5752098,D,S,D,2024-05-09,1000000.00,4.748629,96.828255
08:02:56,912810TZ1,TSRYS5752098,D,S,C,2024-05-09,1000000.00,4.74864,96.828125
08:02:56,912810TZ1,TSRYS5752098,D,B,C,2024-05-09,1000000.00,4.748654,96.82795
08:02:56,912810TZ1,TSRYS5752098,D,S,A,2024-05-09,46000.00,4.761156,96.68314456522
08:02:57,912810TZ1,TSRYS5752098,D,S,D,2024-05-09,1000000.00,4.747376,96.84388
08:02:57,912810TZ1,TSRYS5752098,D,B,C,2024-05-09,1000000.00,4.7474,96.843575
08:02:57,912810TZ1,TSRYS5752098,D,S,A,2024-05-09,10000.00,4.764329,96.6328125
08:02:57,912810TZ1,TSRYS5752098,D,S,C,2024-05-09,1000000.00,4.74737,96.84395
08:02:57,912810TZ1,TSRYS5752098,D,S,D,2024-05-09,1000000.00,4.747386,96.84375
08:02:58,912810TZ1,TSRYS5752098,D,S,D,2024-05-09,1000000.00,4.74487,96.87513
08:02:59,912810TZ1,TSRYS5752098,D,S,T,2024-05-09,1000000.00,4.765429,96.619140625
08:03:00,912810TZ1,TSRYS5752098,D,S,D,2024-05-09,700000.00,4.764958,96.625
08:03:04,912810TZ1,TSRYS5752098,D,S,D,2024-05-09,1000000.00,4.763701,96.640625
08:03:06,912810TZ1,TSRYS5752098,D,S,C,2024-05-09,1000000.00,4.756153,96.734525
08:03:06,912810TZ1,TSRYS5752098,D,B,C,2024-05-09,1000000.00,4.756165,96.734375
08:03:06,912810TZ1,TSRYS5752098,D,B,C,2024-05-09,1000000.00,4.756181,96.734175
08:03:06,912810TZ1,TSRYS5752098,D,B,C,2024-05-09,1000000.00,4.754924,96.749825
08:03:06,912810TZ1,TSRYS5752098,D,S,C,2024-05-09,1000000.00,4.756153,96.734525
08:03:07,912810TZ1,TSRYS5752098,D,S,C,2024-05-09,1000000.00,4.754894,96.7502
08:03:07,912810TZ1,TSRYS5752098,D,B,C,2024-05-09,1000000.00,4.756181,96.734175
08:03:07,912810TZ1,TSRYS5752098,D,S,C,2024-05-09,1000000.00,4.756153,96.734525
08:03:07,912810TZ1,TSRYS5752098,D,S,C,2024-05-09,1000000.00,4.756153,96.734525
08:03:07,912810TZ1,TSRYS5752098,D,S,C,2024-05-09,1000000.00,4.754894,96.7502
08:03:07,912810TZ1,TSRYS5752098,D,B,C,2024-05-09,1000000.00,4.756179,96.7342
08:03:07,912810TZ1,TSRYS5752098,D,B,C,2024-05-09,1000000.00,4.756179,96.7342
08:03:07,912810TZ1,TSRYS5752098,D,B,C,2024-05-09,1000000.00,4.754924,96.749825
08:03:07,912810TZ1,TSRYS5752098,D,S,D,2024-05-09,1000000.00,4.758362,96.70703125
08:03:07,912810TZ1,TSRYS5752098,D,S,C,2024-05-09,1000000.00,4.756153,96.734525
08:03:07,912810TZ1,TSRYS5752098,D,S,D,2024-05-09,1000000.00,4.758362,96.70703125
08:03:08,912810TZ1,TSRYS5752098,D,B,C,2024-05-09,1000000.00,4.757435,96.718575
08:03:08,912810TZ1,TSRYS5752098,D,S,C,2024-05-09,1000000.00,4.757408,96.7189
08:03:12,912810TZ1,TSRYS5752098,D,S,A,2024-05-09,10000.00,4.758048,96.7109375
08:03:12,912810TZ1,TSRYS5752098,D,B,A,2024-05-09,10000.00,4.758048,96.7109375
08:03:12,912810TZ1,TSRYS5752098,D,S,D,2024-05-09,1000000.00,4.75866,96.703325
08:03:12,912810TZ1,TSRYS5752098,D,S,D,2024-05-09,1000000.00,4.758676,96.703125
08:03:13,912810TZ1,TSRYS5752098,D,S,D,2024-05-09,1000000.00,4.758668,96.703227
08:03:13,912810TZ1,TSRYS5752098,D,B,C,2024-05-09,1000000.00,4.758676,96.703125
08:03:13,912810TZ1,TSRYS5752098,D,S,D,2024-05-09,1000000.00,4.758668,96.703227
08:03:13,912810TZ1,TSRYS5752098,D,S,D,2024-05-09,1000000.00,4.759932,96.6875
08:03:13,912810TZ1,TSRYS5752098,D,S,D,2024-05-09,1000000.00,4.759932,96.6875
08:03:13,912810TZ1,TSRYS5752098,D,B,C,2024-05-09,1000000.00,4.759946,96.687325
08:03:13,912810TZ1,TSRYS5752098,D,B,C,2024-05-09,1000000.00,4.759946,96.687325
08:03:14,912810TZ1,TSRYS5752098,D,B,C,2024-05-09,1000000.00,4.762444,96.65625
08:03:14,912810TZ1,TSRYS5752098,D,S,C,2024-05-09,1000000.00,4.762444,96.65625
08:03:16,912810TZ1,TSRYS5752098,D,S,D,2024-05-09,1000000.00,4.759921,96.68763
08:03:16,912810TZ1,TSRYS5752098,D,B,C,2024-05-09,1000000.00,4.759946,96.687325
08:03:17,912810TZ1,TSRYS5752098,D,B,C,2024-05-09,1000000.00,4.762444,96.65625
08:03:17,912810TZ1,TSRYS5752098,D,B,C,2024-05-09,1000000.00,4.762444,96.65625
08:03:17,912810TZ1,TSRYS5752098,D,S,C,2024-05-09,1000000.00,4.762444,96.65625
08:03:17,912810TZ1,TSRYS5752098,D,S,C,2024-05-09,1000000.00,4.762444,96.65625
08:03:17,912810TZ1,TSRYS5752098,D,S,D,2024-05-09,3000000.00,4.762428,96.65645
08:03:17,912810TZ1,TSRYS5752098,D,S,C,2024-05-09,1000000.00,4.762428,96.65645
08:03:17,912810TZ1,TSRYS5752098,D,S,C,2024-05-09,1000000.00,4.762444,96.65625
08:03:17,912810TZ1,TSRYS5752098,D,B,C,2024-05-09,1000000.00,4.762444,96.65625
08:03:18,912810TZ1,TSRYS5752098,D,S,D,2024-05-09,1000000.00,4.762444,96.65625
08:03:18,912810TZ1,TSRYS5752098,D,S,C,2024-05-09,1000000.00,4.761188,96.671875
08:03:18,912810TZ1,TSRYS5752098,D,B,C,2024-05-09,1000000.00,4.761202,96.6717
08:03:18,912810TZ1,TSRYS5752098,D,S,C,2024-05-09,1000000.00,4.763701,96.640625
08:03:18,912810TZ1,TSRYS5752098,D,S,C,2024-05-09,1000000.00,4.763701,96.640625
08:03:18,912810TZ1,TSRYS5752098,D,S,C,2024-05-09,1000000.00,4.764941,96.6252
08:03:18,912810TZ1,TSRYS5752098,D,B,C,2024-05-09,1000000.00,4.764972,96.624825
08:03:19,912810TZ1,TSRYS5752098,D,B,C,2024-05-09,1000000.00,4.764972,96.624825
08:03:19,912810TZ1,TSRYS5752098,D,S,C,2024-05-09,1000000.00,4.764945,96.62515
08:03:19,912810TZ1,TSRYS5752098,D,S,C,2024-05-09,1000000.00,4.764945,96.62515
08:03:19,912810TZ1,TSRYS5752098,D,B,C,2024-05-09,1000000.00,4.764972,96.624825
08:03:19,912810TZ1,TSRYS5752098,D,S,C,2024-05-09,1000000.00,4.764958,96.625
08:03:19,912810TZ1,TSRYS5752098,D,B,C,2024-05-09,1000000.00,4.764972,96.624825
08:03:19,912810TZ1,TSRYS5752098,D,B,C,2024-05-09,1000000.00,4.766215,96.609375
08:03:19,912810TZ1,TSRYS5752098,D,S,D,2024-05-09,1000000.00,4.766215,96.609375
08:03:19,912810TZ1,TSRYS5752098,D,B,C,2024-05-09,1000000.00,4.767486,96.593575
08:03:19,912810TZ1,TSRYS5752098,D,S,C,2024-05-09,1000000.00,4.767456,96.59395
08:03:19,912810TZ1,TSRYS5752098,D,B,C,2024-05-09,1000000.00,4.767472,96.59375
08:03:19,912810TZ1,TSRYS5752098,D,S,D,2024-05-09,1000000.00,4.767472,96.59375
08:03:19,912810TZ1,TSRYS5752098,D,S,C,2024-05-09,1000000.00,4.764958,96.625
08:03:19,912810TZ1,TSRYS5752098,D,S,C,2024-05-09,1000000.00,4.764958,96.625
08:03:19,912810TZ1,TSRYS5752098,D,B,C,2024-05-09,1000000.00,4.764972,96.624825
08:03:19,912810TZ1,TSRYS5752098,D,B,C,2024-05-09,1000000.00,4.764958,96.625
08:03:20,912810TZ1,TSRYS5752098,D,S,D,2024-05-09,1000000.00,4.764958,96.625
08:03:20,912810TZ1,TSRYS5752098,D,B,C,2024-05-09,1000000.00,4.764972,96.624825
08:03:20,912810TZ1,TSRYS5752098,D,S,C,2024-05-09,1000000.00,4.764958,96.625
08:03:20,912810TZ1,TSRYS5752098,D,B,C,2024-05-09,1000000.00,4.764972,96.624825
08:03:20,912810TZ1,TSRYS5752098,D,S,T,2024-05-09,1000000.00,4.767315,96.595703125
08:03:20,912810TZ1,TSRYS5752098,D,S,C,2024-05-09,1000000.00,4.762444,96.65625
08:03:20,912810TZ1,TSRYS5752098,D,S,D,2024-05-09,1000000.00,4.762444,96.65625
08:03:20,912810TZ1,TSRYS5752098,D,S,T,2024-05-09,1000000.00,4.767315,96.595703125
08:03:20,912810TZ1,TSRYS5752098,D,B,C,2024-05-09,1000000.00,4.762458,96.656075
08:03:20,912810TZ1,TSRYS5752098,D,B,C,2024-05-09,1000000.00,4.762458,96.656075
08:03:20,912810TZ1,TSRYS5752098,D,B,C,2024-05-09,1000000.00,4.762458,96.656075
08:03:20,912810TZ1,TSRYS5752098,D,S,D,2024-05-09,1000000.00,4.762428,96.65645
08:03:20,912810TZ1,TSRYS5752098,D,S,D,2024-05-09,1000000.00,4.763701,96.640625
08:03:20,912810TZ1,TSRYS5752098,D,B,C,2024-05-09,1000000.00,4.763717,96.640425
08:03:20,912810TZ1,TSRYS5752098,D,B,C,2024-05-09,1000000.00,4.762444,96.65625
08:03:20,912810TZ1,TSRYS5752098,D,S,D,2024-05-09,1000000.00,4.762444,96.65625
08:03:20,912810TZ1,TSRYS5752098,D,S,T,2024-05-09,1000000.00,4.767472,96.59375
08:03:21,912810TZ1,TSRYS5752098,D,S,T,2024-05-09,1000000.00,4.767472,96.59375
08:03:21,912810TZ1,TSRYS5752098,D,B,C,2024-05-09,1000000.00,4.763701,96.640625
08:03:21,912810TZ1,TSRYS5752098,D,S,D,2024-05-09,1000000.00,4.763701,96.640625
08:03:21,912810TZ1,TSRYS5752098,D,B,C,2024-05-09,1000000.00,4.764958,96.625
08:03:21,912810TZ1,TSRYS5752098,D,S,D,2024-05-09,1000000.00,4.764958,96.625
08:03:21,912810TZ1,TSRYS5752098,D,S,D,2024-05-09,1000000.00,4.763701,96.640625
08:03:21,912810TZ1,TSRYS5752098,D,S,D,2024-05-09,1000000.00,4.76369,96.640755
08:03:22,912810TZ1,TSRYS5752098,D,S,C,2024-05-09,1000000.00,4.762444,96.65625
08:03:22,912810TZ1,TSRYS5752098,D,B,C,2024-05-09,1000000.00,4.762444,96.65625
08:03:23,912810TZ1,TSRYS5752098,D,S,D,2024-05-09,2000000.00,4.765586,96.6171875
08:03:23,912810TZ1,TSRYS5752098,D,S,D,2024-05-09,1000000.00,4.764949,96.625102
08:03:23,912810TZ1,TSRYS5752098,D,S,C,2024-05-09,1000000.00,4.763701,96.640625
08:03:23,912810TZ1,TSRYS5752098,D,B,C,2024-05-09,1000000.00,4.763717,96.640425
08:03:23,912810TZ1,TSRYS5752098,D,B,C,2024-05-09,1000000.00,4.763717,96.640425
08:03:23,912810TZ1,TSRYS5752098,D,S,C,2024-05-09,1000000.00,4.763701,96.640625
08:03:23,912810TZ1,TSRYS5752098,D,S,D,2024-05-09,1000000.00,4.763701,96.640625
08:03:23,912810TZ1,TSRYS5752098,D,S,D,2024-05-09,1000000.00,4.763701,96.640625
08:03:23,912810TZ1,TSRYS5752098,D,B,C,2024-05-09,1000000.00,4.763715,96.64045
08:03:23,912810TZ1,TSRYS5752098,D,B,C,2024-05-09,1000000.00,4.763715,96.64045
08:03:24,912810TZ1,TSRYS5752098,D,B,C,2024-05-09,1000000.00,4.762458,96.656075
08:03:24,912810TZ1,TSRYS5752098,D,S,C,2024-05-09,1000000.00,4.762444,96.65625
08:03:24,912810TZ1,TSRYS5752098,D,B,C,2024-05-09,1000000.00,4.763715,96.64045
08:03:24,912810TZ1,TSRYS5752098,D,S,D,2024-05-09,1000000.00,4.763701,96.640625
08:03:24,912810TZ1,TSRYS5752098,D,B,C,2024-05-09,1000000.00,4.763701,96.640625
08:03:24,912810TZ1,TSRYS5752098,D,S,C,2024-05-09,1000000.00,4.763685,96.640825
08:03:24,912810TZ1,TSRYS5752098,D,B,C,2024-05-09,1000000.00,4.763701,96.640625
08:03:24,912810TZ1,TSRYS5752098,D,S,D,2024-05-09,1000000.00,4.763693,96.640727
08:03:24,912810TZ1,TSRYS5752098,D,S,D,2024-05-09,1000000.00,4.763701,96.640625
08:03:24,912810TZ1,TSRYS5752098,D,B,C,2024-05-09,1000000.00,4.763715,96.64045
08:03:24,912810TZ1,TSRYS5752098,D,B,C,2024-05-09,1000000.00,4.763701,96.640625
08:03:24,912810TZ1,TSRYS5752098,D,S,D,2024-05-09,1000000.00,4.763693,96.640727
08:03:24,912810TZ1,TSRYS5752098,D,S,D,2024-05-09,1000000.00,4.763701,96.640625
08:03:24,912810TZ1,TSRYS5752098,D,B,C,2024-05-09,1000000.00,4.764972,96.624825
08:03:24,912810TZ1,TSRYS5752098,D,S,C,2024-05-09,1000000.00,4.764958,96.625
08:03:24,912810TZ1,TSRYS5752098,D,S,D,2024-05-09,1000000.00,4.764958,96.625
08:03:24,912810TZ1,TSRYS5752098,D,B,C,2024-05-09,1000000.00,4.764972,96.624825
08:03:24,912810TZ1,TSRYS5752098,D,B,C,2024-05-09,1000000.00,4.762444,96.65625
08:03:24,912810TZ1,TSRYS5752098,D,S,D,2024-05-09,1000000.00,4.762444,96.65625
08:03:24,912810TZ1,TSRYS5752098,D,S,C,2024-05-09,1000000.00,4.764958,96.625
08:03:24,912810TZ1,TSRYS5752098,D,B,C,2024-05-09,1000000.00,4.764972,96.624825
08:03:24,912810TZ1,TSRYS5752098,D,S,C,2024-05-09,1000000.00,4.763701,96.640625
08:03:24,912810TZ1,TSRYS5752098,D,S,D,2024-05-09,1000000.00,4.765429,96.61914062
08:03:24,912810TZ1,TSRYS5752098,D,B,C,2024-05-09,1000000.00,4.763715,96.64045
08:03:24,912810TZ1,TSRYS5752098,D,S,D,2024-05-09,1000000.00,4.765272,96.62109375
08:03:25,912810TZ1,TSRYS5752098,D,S,T,2024-05-09,1000000.00,4.766058,96.61132812
08:03:25,912810TZ1,TSRYS5752098,D,S,C,2024-05-09,1000000.00,4.764958,96.625
08:03:25,912810TZ1,TSRYS5752098,D,B,C,2024-05-09,1000000.00,4.764972,96.624825
08:03:25,912810TZ1,TSRYS5752098,D,B,C,2024-05-09,1000000.00,4.764958,96.625
08:03:25,912810TZ1,TSRYS5752098,D,S,D,2024-05-09,1000000.00,4.764958,96.625
08:03:25,912810TZ1,TSRYS5752098,D,B,C,2024-05-09,1000000.00,4.763701,96.640625
08:03:25,912810TZ1,TSRYS5752098,D,S,D,2024-05-09,1000000.00,4.763685,96.640825
08:03:25,912810TZ1,TSRYS5752098,D,S,D,2024-05-09,1000000.00,4.762428,96.65645
08:03:25,912810TZ1,TSRYS5752098,D,B,C,2024-05-09,1000000.00,4.762468,96.65595
08:03:26,912810TZ1,TSRYS5752098,D,S,D,2024-05-09,1000000.00,4.762601,96.654296875
08:03:26,912810TZ1,TSRYS5752098,D,S,C,2024-05-09,1000000.00,4.762601,96.654296875
08:03:26,912810TZ1,TSRYS5752098,D,S,C,2024-05-09,1000000.00,4.762601,96.654296875
08:03:27,912810TZ1,TSRYS5752098,D,S,C,2024-05-09,1000000.00,4.764958,96.625
08:03:27,912810TZ1,TSRYS5752098,D,B,C,2024-05-09,1000000.00,4.764972,96.624825
08:03:27,912810TZ1,TSRYS5752098,D,S,C,2024-05-09,1000000.00,4.764945,96.62515
08:03:27,912810TZ1,TSRYS5752098,D,B,C,2024-05-09,1000000.00,4.764972,96.624825
08:03:27,912810TZ1,TSRYS5752098,D,S,T,2024-05-09,1000000.00,4.766058,96.61132812
08:03:27,912810TZ1,TSRYS5752098,D,S,D,2024-05-09,1000000.00,4.766058,96.61132812
08:03:27,912810TZ1,TSRYS5752098,D,B,C,2024-05-09,6824000.00,4.762444,96.65625
08:03:28,912810TZ1,TSRYS5752098,D,S,D,2024-05-09,1000000.00,4.766058,96.61132812
08:03:28,912810TZ1,TSRYS5752098,D,S,D,2024-05-09,1000000.00,4.7659,96.61328125
08:03:28,912810TZ1,TSRYS5752098,D,S,D,2024-05-09,1000000.00,4.7659,96.61328125
08:03:28,912810TZ1,TSRYS5752098,D,S,C,2024-05-09,1000000.00,4.759916,96.6877
08:03:28,912810TZ1,TSRYS5752098,D,B,C,2024-05-09,1000000.00,4.759946,96.687325
08:03:28,912810TZ1,TSRYS5752098,D,B,C,2024-05-09,1000000.00,4.75869,96.70295
08:03:28,912810TZ1,TSRYS5752098,D,S,C,2024-05-09,1000000.00,4.759932,96.6875
08:03:28,912810TZ1,TSRYS5752098,D,S,C,2024-05-09,1000000.00,4.75866,96.703325
08:03:28,912810TZ1,TSRYS5752098,D,B,C,2024-05-09,1000000.00,4.759946,96.687325
08:03:28,912810TZ1,TSRYS5752098,D,B,C,2024-05-09,1000000.00,4.75869,96.70295
08:03:28,912810TZ1,TSRYS5752098,D,S,C,2024-05-09,1000000.00,4.758676,96.703125
08:03:28,912810TZ1,TSRYS5752098,D,B,C,2024-05-09,1000000.00,4.75869,96.70295
08:03:28,912810TZ1,TSRYS5752098,D,S,D,2024-05-09,1000000.00,4.758676,96.703125
08:03:29,912810TZ1,TSRYS5752098,D,B,C,2024-05-09,1000000.00,4.756181,96.734175
08:03:29,912810TZ1,TSRYS5752098,D,S,C,2024-05-09,1000000.00,4.756153,96.734525
08:03:29,912810TZ1,TSRYS5752098,D,B,C,2024-05-09,1000000.00,4.756181,96.734175
08:03:29,912810TZ1,TSRYS5752098,D,S,C,2024-05-09,1000000.00,4.756153,96.734525
08:03:29,912810TZ1,TSRYS5752098,D,B,C,2024-05-09,1000000.00,4.756179,96.7342
08:03:29,912810TZ1,TSRYS5752098,D,B,C,2024-05-09,1000000.00,4.756179,96.7342
08:03:29,912810TZ1,TSRYS5752098,D,S,C,2024-05-09,1000000.00,4.756153,96.734525
08:03:29,912810TZ1,TSRYS5752098,D,S,C,2024-05-09,1000000.00,4.756153,96.734525
08:03:29,912810TZ1,TSRYS5752098,D,B,C,2024-05-09,1000000.00,4.756179,96.7342
08:03:29,912810TZ1,TSRYS5752098,D,S,C,2024-05-09,1000000.00,4.756153,96.734525
08:03:29,912810TZ1,TSRYS5752098,D,B,C,2024-05-09,1000000.00,4.756179,96.7342
08:03:29,912810TZ1,TSRYS5752098,D,S,C,2024-05-09,1000000.00,4.756153,96.734525
08:03:30,912810TZ1,TSRYS5752098,D,B,C,2024-05-09,1000000.00,4.757421,96.71875
08:03:30,912810TZ1,TSRYS5752098,D,S,C,2024-05-09,1000000.00,4.757404,96.71895
08:03:31,912810TZ1,TSRYS5752098,D,B,C,2024-05-09,1000000.00,4.759948,96.6873
08:03:31,912810TZ1,TSRYS5752098,D,S,C,2024-05-09,1000000.00,4.759932,96.6875
08:03:35,912810TZ1,TSRYS5752098,D,S,C,2024-05-09,1000000.00,4.7659,96.61328125
08:03:35,912810TZ1,TSRYS5752098,D,S,T,2024-05-09,1000000.00,4.766058,96.61132812
08:03:35,912810TZ1,TSRYS5752098,D,S,T,2024-05-09,1000000.00,4.766058,96.61132812
08:03:35,912810TZ1,TSRYS5752098,D,S,T,2024-05-09,1000000.00,4.766058,96.61132812
08:03:35,912810TZ1,TSRYS5752098,D,S,T,2024-05-09,1000000.00,4.766058,96.61132812
08:03:36,912810TZ1,TSRYS5752098,D,S,C,2024-05-09,1000000.00,4.759932,96.6875
08:03:36,912810TZ1,TSRYS5752098,D,S,C,2024-05-09,1000000.00,4.759932,96.6875
08:03:36,912810TZ1,TSRYS5752098,D,S,C,2024-05-09,1000000.00,4.759932,96.6875
08:03:36,912810TZ1,TSRYS5752098,D,S,C,2024-05-09,1000000.00,4.759932,96.6875
08:03:36,912810TZ1,TSRYS5752098,D,S,C,2024-05-09,1000000.00,4.759932,96.6875
08:03:36,912810TZ1,TSRYS5752098,D,S,C,2024-05-09,1000000.00,4.759916,96.6877
08:03:36,912810TZ1,TSRYS5752098,D,S,C,2024-05-09,1000000.00,4.759932,96.6875
08:03:36,912810TZ1,TSRYS5752098,D,S,C,2024-05-09,1000000.00,4.759932,96.6875
08:03:36,912810TZ1,TSRYS5752098,D,S,D,2024-05-09,1000000.00,4.759932,96.6875
08:03:36,912810TZ1,TSRYS5752098,D,S,C,2024-05-09,1000000.00,4.759924,96.6876
08:03:36,912810TZ1,TSRYS5752098,D,S,D,2024-05-09,1000000.00,4.766058,96.61132812
08:03:36,912810TZ1,TSRYS5752098,D,S,D,2024-05-09,1000000.00,4.763858,96.638671875
08:03:38,912810TZ1,TSRYS5752098,D,B,A,2024-05-09,57000.00,4.76207,96.6609
08:03:38,912810TZ1,TSRYS5752098,D,B,C,2024-05-09,1000000.00,4.763701,96.640625
08:03:38,912810TZ1,TSRYS5752098,D,S,D,2024-05-09,1000000.00,4.763701,96.640625
08:03:38,912810TZ1,TSRYS5752098,D,S,D,2024-05-09,1000000.00,4.765429,96.61914062
08:03:38,912810TZ1,TSRYS5752098,D,S,D,2024-05-09,1000000.00,4.766058,96.61132812
08:03:38,912810TZ1,TSRYS5752098,D,S,D,2024-05-09,1000000.00,4.763858,96.638671875
08:03:38,912810TZ1,TSRYS5752098,D,S,C,2024-05-09,1000000.00,4.763858,96.638671875
08:03:38,912810TZ1,TSRYS5752098,D,S,D,2024-05-09,1000000.00,4.763544,96.642578125
08:03:38,912810TZ1,TSRYS5752098,D,B,C,2024-05-09,1000000.00,4.764958,96.625
08:03:38,912810TZ1,TSRYS5752098,D,S,D,2024-05-09,1000000.00,4.764958,96.625
08:03:38,912810TZ1,TSRYS5752098,D,S,D,2024-05-09,1000000.00,4.763701,96.640625
08:03:38,912810TZ1,TSRYS5752098,D,B,C,2024-05-09,1000000.00,4.763715,96.64045
08:03:40,912810TZ1,TSRYS5752098,D,B,C,2024-05-09,1000000.00,4.763701,96.640625
08:03:40,912810TZ1,TSRYS5752098,D,S,D,2024-05-09,1000000.00,4.763701,96.640625
08:03:40,912810TZ1,TSRYS5752098,D,S,C,2024-05-09,1000000.00,4.763685,96.640825
08:03:40,912810TZ1,TSRYS5752098,D,S,C,2024-05-09,1000000.00,4.763701,96.640625
08:03:40,912810TZ1,TSRYS5752098,D,B,C,2024-05-09,1000000.00,4.763725,96.640325
08:03:40,912810TZ1,TSRYS5752098,D,B,C,2024-05-09,1000000.00,4.763713,96.640475
08:03:40,912810TZ1,TSRYS5752098,D,B,C,2024-05-09,1000000.00,4.763713,96.640475
08:03:40,912810TZ1,TSRYS5752098,D,S,C,2024-05-09,1000000.00,4.763701,96.640625
08:03:40,912810TZ1,TSRYS5752098,D,S,D,2024-05-09,1000000.00,4.763701,96.640625
08:03:40,912810TZ1,TSRYS5752098,D,S,C,2024-05-09,1000000.00,4.762444,96.65625
08:03:40,912810TZ1,TSRYS5752098,D,B,C,2024-05-09,1000000.00,4.762458,96.656075
08:03:40,912810TZ1,TSRYS5752098,D,S,C,2024-05-09,1000000.00,4.762444,96.65625
08:03:40,912810TZ1,TSRYS5752098,D,B,C,2024-05-09,1000000.00,4.762458,96.656075
08:03:40,912810TZ1,TSRYS5752098,D,B,C,2024-05-09,1000000.00,4.762444,96.65625
08:03:40,912810TZ1,TSRYS5752098,D,S,C,2024-05-09,1000000.00,4.762432,96.6564
08:03:40,912810TZ1,TSRYS5752098,D,B,C,2024-05-09,1000000.00,4.763701,96.640625
08:03:40,912810TZ1,TSRYS5752098,D,S,D,2024-05-09,1000000.00,4.763701,96.640625
08:03:41,912810TZ1,TSRYS5752098,D,S,C,2024-05-09,1000000.00,4.767315,96.595703125
08:03:41,912810TZ1,TSRYS5752098,D,S,D,2024-05-09,1000000.00,4.767315,96.595703125
08:03:41,912810TZ1,TSRYS5752098,D,S,D,2024-05-09,1000000.00,4.767472,96.59375
08:03:41,912810TZ1,TSRYS5752098,D,S,D,2024-05-09,2000000.00,4.766215,96.609375
08:03:41,912810TZ1,TSRYS5752098,D,S,D,2024-05-09,1000000.00,4.766843,96.6015625
08:03:41,912810TZ1,TSRYS5752098,D,B,C,2024-05-09,1000000.00,4.767472,96.59375
08:03:41,912810TZ1,TSRYS5752098,D,B,C,2024-05-09,1000000.00,4.767472,96.59375
08:03:41,912810TZ1,TSRYS5752098,D,S,C,2024-05-09,1000000.00,4.767456,96.59395
08:03:41,912810TZ1,TSRYS5752098,D,S,D,2024-05-09,1000000.00,4.767472,96.59375
08:03:41,912810TZ1,TSRYS5752098,D,S,D,2024-05-09,1000000.00,4.767472,96.59375
08:03:41,912810TZ1,TSRYS5752098,D,B,C,2024-05-09,1000000.00,4.767486,96.593575
08:03:41,912810TZ1,TSRYS5752098,D,S,D,2024-05-09,1000000.00,4.767472,96.59375
08:03:41,912810TZ1,TSRYS5752098,D,S,D,2024-05-09,1000000.00,4.767472,96.59375
08:03:41,912810TZ1,TSRYS5752098,D,B,C,2024-05-09,1000000.00,4.767486,96.593575
08:03:41,912810TZ1,TSRYS5752098,D,S,D,2024-05-09,1000000.00,4.767472,96.59375
08:03:41,912810TZ1,TSRYS5752098,D,B,C,2024-05-09,1000000.00,4.767472,96.59375
08:03:41,912810TZ1,TSRYS5752098,D,S,D,2024-05-09,1000000.00,4.767472,96.59375
08:03:41,912810TZ1,TSRYS5752098,D,B,C,2024-05-09,1000000.00,4.767472,96.59375
08:03:41,912810TZ1,TSRYS5752098,D,S,D,2024-05-09,1000000.00,4.767472,96.59375
08:03:41,912810TZ1,TSRYS5752098,D,S,D,2024-05-09,1000000.00,4.767472,96.59375
08:03:42,912810TZ1,TSRYS5752098,D,S,C,2024-05-09,1000000.00,4.767786,96.58984375
08:03:43,912810TZ1,TSRYS5752098,D,S,D,2024-05-09,1000000.00,4.764949,96.625102
08:03:43,912810TZ1,TSRYS5752098,D,B,C,2024-05-09,1000000.00,4.764982,96.6247
08:03:43,912810TZ1,TSRYS5752098,D,S,D,2024-05-09,1000000.00,4.764949,96.625102
08:03:43,912810TZ1,TSRYS5752098,D,S,C,2024-05-09,1000000.00,4.764958,96.625
08:03:43,912810TZ1,TSRYS5752098,D,B,C,2024-05-09,1000000.00,4.764972,96.624825
08:03:44,912810TZ1,TSRYS5752098,D,S,C,2024-05-09,1000000.00,4.766215,96.609375
08:03:44,912810TZ1,TSRYS5752098,D,B,C,2024-05-09,1000000.00,4.766229,96.6092
08:03:44,912810TZ1,TSRYS5752098,D,S,C,2024-05-09,1000000.00,4.766215,96.609375
08:03:44,912810TZ1,TSRYS5752098,D,B,C,2024-05-09,1000000.00,4.766231,96.609175
08:03:44,912810TZ1,TSRYS5752098,D,S,D,2024-05-09,2000000.00,4.764958,96.625
08:03:44,912810TZ1,TSRYS5752098,D,S,D,2024-05-09,1000000.00,4.764958,96.625
08:03:44,912810TZ1,TSRYS5752098,D,B,C,2024-05-09,1000000.00,4.763715,96.64045
08:03:44,912810TZ1,TSRYS5752098,D,S,D,2024-05-09,1000000.00,4.763701,96.640625
08:03:44,912810TZ1,TSRYS5752098,D,S,A,2024-05-09,1000.00,4.760615,96.679
08:03:44,912810TZ1,TSRYS5752098,D,S,C,2024-05-09,1000000.00,4.763701,96.640625
08:03:44,912810TZ1,TSRYS5752098,D,B,C,2024-05-09,1000000.00,4.763715,96.64045
08:03:45,912810TZ1,TSRYS5752098,D,S,C,2024-05-09,1000000.00,4.761188,96.671875
08:03:45,912810TZ1,TSRYS5752098,D,B,C,2024-05-09,1000000.00,4.761212,96.671575
08:03:47,912810TZ1,TSRYS5752098,D,B,C,2024-05-09,1000000.00,4.7612,96.671725
08:03:47,912810TZ1,TSRYS5752098,D,S,C,2024-05-09,1000000.00,4.761172,96.672075
08:03:48,912810TZ1,TSRYS5752098,D,B,C,2024-05-09,1000000.00,4.765586,96.6171875
08:03:48,912810TZ1,TSRYS5752098,D,S,D,2024-05-09,1000000.00,4.765586,96.6171875
08:03:48,912810TZ1,TSRYS5752098,D,B,C,2024-05-09,1000000.00,4.765586,96.6171875
08:03:48,912810TZ1,TSRYS5752098,D,S,D,2024-05-09,1000000.00,4.765586,96.6171875
08:03:48,912810TZ1,TSRYS5752098,D,S,A,2024-05-09,1000000.00,4.749266,96.8203125
08:03:48,912810TZ1,TSRYS5752098,D,S,A,2024-05-09,1000000.00,4.749266,96.8203125
08:03:50,912810TZ1,TSRYS5752098,D,S,D,2024-05-09,1000000.00,4.765743,96.615234375
08:03:50,912810TZ1,TSRYS5752098,D,B,C,2024-05-09,1000000.00,4.765743,96.615234375
08:03:50,912810TZ1,TSRYS5752098,D,S,D,2024-05-09,1000000.00,4.765743,96.615234375
08:03:50,912810TZ1,TSRYS5752098,D,B,C,2024-05-09,1000000.00,4.765743,96.615234375
08:03:51,912810TZ1,TSRYS5752098,D,S,D,2024-05-09,1000000.00,4.765743,96.615234375
08:03:51,912810TZ1,TSRYS5752098,D,B,C,2024-05-09,1000000.00,4.765743,96.615234375
08:03:51,912810TZ1,TSRYS5752098,D,S,D,2024-05-09,1000000.00,4.767,96.599609375
08:03:51,912810TZ1,TSRYS5752098,D,S,D,2024-05-09,1000000.00,4.767315,96.595703125
08:03:51,912810TZ1,TSRYS5752098,D,S,C,2024-05-09,1000000.00,4.767315,96.595703125
08:03:51,912810TZ1,TSRYS5752098,D,S,D,2024-05-09,1000000.00,4.767315,96.595703125
08:03:51,912810TZ1,TSRYS5752098,D,S,D,2024-05-09,1000000.00,4.767315,96.595703125
08:03:51,912810TZ1,TSRYS5752098,D,S,C,2024-05-09,1000000.00,4.767315,96.595703125
08:03:53,912810TZ1,TSRYS5752098,D,B,C,2024-05-09,1000000.00,4.761212,96.671575
08:03:53,912810TZ1,TSRYS5752098,D,S,D,2024-05-09,1000000.00,4.761188,96.671875
08:03:53,912810TZ1,TSRYS5752098,D,S,D,2024-05-09,1000000.00,4.761188,96.671875
08:03:53,912810TZ1,TSRYS5752098,D,B,C,2024-05-09,1000000.00,4.761188,96.671875
08:03:53,912810TZ1,TSRYS5752098,D,S,D,2024-05-09,1000000.00,4.761188,96.671875
08:03:53,912810TZ1,TSRYS5752098,D,S,D,2024-05-09,1000000.00,4.761188,96.671875
08:03:53,912810TZ1,TSRYS5752098,D,S,D,2024-05-09,1000000.00,4.761188,96.671875
08:03:53,912810TZ1,TSRYS5752098,D,S,D,2024-05-09,1000000.00,4.761188,96.671875
08:03:53,912810TZ1,TSRYS5752098,D,S,D,2024-05-09,1000000.00,4.761188,96.671875
08:03:53,912810TZ1,TSRYS5752098,D,S,D,2024-05-09,1000000.00,4.761188,96.671875
08:03:53,912810TZ1,TSRYS5752098,D,S,D,2024-05-09,1000000.00,4.761188,96.671875
08:03:53,912810TZ1,TSRYS5752098,D,B,C,2024-05-09,1000000.00,4.761188,96.671875
08:03:53,912810TZ1,TSRYS5752098,D,S,D,2024-05-09,1000000.00,4.761188,96.671875
08:03:54,912810TZ1,TSRYS5752098,D,B,C,2024-05-09,1000000.00,4.761188,96.671875
08:03:54,912810TZ1,TSRYS5752098,D,S,D,2024-05-09,1000000.00,4.761188,96.671875
08:03:54,912810TZ1,TSRYS5752098,D,S,D,2024-05-09,1000000.00,4.761188,96.671875
08:03:54,912810TZ1,TSRYS5752098,D,S,D,2024-05-09,1000000.00,4.761188,96.671875
08:03:54,912810TZ1,TSRYS5752098,D,B,C,2024-05-09,1000000.00,4.761202,96.6717
08:03:54,912810TZ1,TSRYS5752098,D,S,D,2024-05-09,1000000.00,4.761188,96.671875
08:03:54,912810TZ1,TSRYS5752098,D,S,D,2024-05-09,1000000.00,4.761188,96.671875
08:03:54,912810TZ1,TSRYS5752098,D,B,C,2024-05-09,1000000.00,4.761202,96.6717
08:03:54,912810TZ1,TSRYS5752098,D,S,D,2024-05-09,1000000.00,4.761188,96.671875
08:03:54,912810TZ1,TSRYS5752098,D,S,D,2024-05-09,1000000.00,4.761188,96.671875
08:03:54,912810TZ1,TSRYS5752098,D,S,D,2024-05-09,1000000.00,4.761188,96.671875
08:03:54,912810TZ1,TSRYS5752098,D,B,C,2024-05-09,1000000.00,4.761202,96.6717
08:03:54,912810TZ1,TSRYS5752098,D,S,D,2024-05-09,1000000.00,4.761188,96.671875
08:03:54,912810TZ1,TSRYS5752098,D,B,C,2024-05-09,1000000.00,4.761188,96.671875
08:03:54,912810TZ1,TSRYS5752098,D,S,D,2024-05-09,1000000.00,4.761188,96.671875
08:03:54,912810TZ1,TSRYS5752098,D,S,D,2024-05-09,1000000.00,4.761188,96.671875
08:03:54,912810TZ1,TSRYS5752098,D,S,D,2024-05-09,1000000.00,4.761188,96.671875
08:03:54,912810TZ1,TSRYS5752098,D,B,C,2024-05-09,1000000.00,4.761188,96.671875
08:03:54,912810TZ1,TSRYS5752098,D,S,D,2024-05-09,1000000.00,4.759932,96.6875
08:03:54,912810TZ1,TSRYS5752098,D,S,C,2024-05-09,1000000.00,4.759932,96.6875
08:03:54,912810TZ1,TSRYS5752098,D,S,D,2024-05-09,1000000.00,4.759932,96.6875
08:03:54,912810TZ1,TSRYS5752098,D,S,D,2024-05-09,1000000.00,4.759932,96.6875
08:03:54,912810TZ1,TSRYS5752098,D,B,C,2024-05-09,2224000.00,4.759304,96.6953125
08:03:54,912810TZ1,TSRYS5752098,D,S,D,2024-05-09,1000000.00,4.759932,96.6875
08:03:54,912810TZ1,TSRYS5752098,D,S,D,2024-05-09,1000000.00,4.759932,96.6875
08:03:54,912810TZ1,TSRYS5752098,D,S,D,2024-05-09,1000000.00,4.759932,96.6875
08:03:54,912810TZ1,TSRYS5752098,D,S,D,2024-05-09,1000000.00,4.759932,96.6875
08:03:54,912810TZ1,TSRYS5752098,D,S,D,2024-05-09,1000000.00,4.759932,96.6875
08:03:54,912810TZ1,TSRYS5752098,D,S,D,2024-05-09,1000000.00,4.759932,96.6875
08:03:54,912810TZ1,TSRYS5752098,D,S,C,2024-05-09,1000000.00,4.759932,96.6875
08:03:54,912810TZ1,TSRYS5752098,D,S,D,2024-05-09,1000000.00,4.759932,96.6875
08:03:55,912810TZ1,TSRYS5752098,D,S,C,2024-05-09,1000000.00,4.759932,96.6875
08:03:55,912810TZ1,TSRYS5752098,D,B,C,2024-05-09,1000000.00,4.759932,96.6875
08:03:55,912810TZ1,TSRYS5752098,D,S,D,2024-05-09,1000000.00,4.759932,96.6875
08:03:55,912810TZ1,TSRYS5752098,D,S,D,2024-05-09,1000000.00,4.759932,96.6875
08:03:55,912810TZ1,TSRYS5752098,D,S,D,2024-05-09,1000000.00,4.759932,96.6875
08:03:55,912810TZ1,TSRYS5752098,D,B,C,2024-05-09,1000000.00,4.761188,96.671875
08:03:55,912810TZ1,TSRYS5752098,D,S,D,2024-05-09,1000000.00,4.761188,96.671875
08:03:56,912810TZ1,TSRYS5752098,D,S,C,2024-05-09,1000000.00,4.759932,96.6875
08:03:56,912810TZ1,TSRYS5752098,D,S,D,2024-05-09,1000000.00,4.762444,96.65625
08:03:56,912810TZ1,TSRYS5752098,D,B,C,2024-05-09,1000000.00,4.762444,96.65625
08:03:56,912810TZ1,TSRYS5752098,D,B,C,2024-05-09,1000000.00,4.764958,96.625
08:03:56,912810TZ1,TSRYS5752098,D,S,D,2024-05-09,1000000.00,4.764958,96.625
08:03:57,912810TZ1,TSRYS5752098,D,S,D,2024-05-09,1000000.00,4.764958,96.625
08:03:57,912810TZ1,TSRYS5752098,D,B,C,2024-05-09,1000000.00,4.764958,96.625
08:03:57,912810TZ1,TSRYS5752098,D,S,D,2024-05-09,1000000.00,4.764958,96.625
08:03:57,912810TZ1,TSRYS5752098,D,S,C,2024-05-09,1000000.00,4.764958,96.625
08:03:57,912810TZ1,TSRYS5752098,D,S,D,2024-05-09,1000000.00,4.766215,96.609375
08:03:57,912810TZ1,TSRYS5752098,D,S,D,2024-05-09,1000000.00,4.766215,96.609375
08:03:58,912810TZ1,TSRYS5752098,D,B,C,2024-05-09,1000000.00,4.766215,96.609375
08:03:58,912810TZ1,TSRYS5752098,D,S,D,2024-05-09,1000000.00,4.766215,96.609375
08:03:58,912810TZ1,TSRYS5752098,D,S,D,2024-05-09,1000000.00,4.766215,96.609375
08:03:58,912810TZ1,TSRYS5752098,D,B,C,2024-05-09,1000000.00,4.766215,96.609375
08:03:58,912810TZ1,TSRYS5752098,D,S,D,2024-05-09,1000000.00,4.766215,96.609375
08:03:58,912810TZ1,TSRYS5752098,D,S,C,2024-05-09,1000000.00,4.766215,96.609375
08:03:58,912810TZ1,TSRYS5752098,D,S,C,2024-05-09,1000000.00,4.766215,96.609375
08:03:58,912810TZ1,TSRYS5752098,D,S,D,2024-05-09,1000000.00,4.766215,96.609375
08:03:58,912810TZ1,TSRYS5752098,D,S,D,2024-05-09,1000000.00,4.766215,96.609375
08:03:58,912810TZ1,TSRYS5752098,D,B,C,2024-05-09,1000000.00,4.766215,96.609375
08:03:58,912810TZ1,TSRYS5752098,D,B,C,2024-05-09,1000000.00,4.766215,96.609375
08:03:58,912810TZ1,TSRYS5752098,D,S,D,2024-05-09,1000000.00,4.766215,96.609375
08:03:58,912810TZ1,TSRYS5752098,D,B,C,2024-05-09,1000000.00,4.765429,96.619140625
08:03:58,912810TZ1,TSRYS5752098,D,S,D,2024-05-09,1000000.00,4.765429,96.619140625
08:03:58,912810TZ1,TSRYS5752098,D,S,D,2024-05-09,2000000.00,4.765743,96.615234375
08:03:58,912810TZ1,TSRYS5752098,D,S,D,2024-05-09,1000000.00,4.765743,96.615234375
08:03:58,912810TZ1,TSRYS5752098,D,S,D,2024-05-09,1000000.00,4.766215,96.609375
08:03:58,912810TZ1,TSRYS5752098,D,B,C,2024-05-09,1000000.00,4.766215,96.609375
08:03:58,912810TZ1,TSRYS5752098,D,S,D,2024-05-09,1000000.00,4.766215,96.609375
08:03:58,912810TZ1,TSRYS5752098,D,B,C,2024-05-09,1000000.00,4.767484,96.5936
08:03:58,912810TZ1,TSRYS5752098,D,S,D,2024-05-09,1000000.00,4.767472,96.59375
08:03:58,912810TZ1,TSRYS5752098,D,S,C,2024-05-09,1000000.00,4.766215,96.609375
08:03:58,912810TZ1,TSRYS5752098,D,B,C,2024-05-09,1000000.00,4.766215,96.609375
08:03:58,912810TZ1,TSRYS5752098,D,S,T,2024-05-09,1000000.00,4.767472,96.59375
08:03:58,912810TZ1,TSRYS5752098,D,S,T,2024-05-09,1000000.00,4.767472,96.59375
08:03:59,912810TZ1,TSRYS5752098,D,S,T,2024-05-09,1000000.00,4.767472,96.59375
08:03:59,912810TZ1,TSRYS5752098,D,S,C,2024-05-09,1000000.00,4.766215,96.609375
08:03:59,912810TZ1,TSRYS5752098,D,S,D,2024-05-09,1000000.00,4.766215,96.609375
08:03:59,912810TZ1,TSRYS5752098,D,S,D,2024-05-09,1000000.00,4.766215,96.609375
08:03:59,912810TZ1,TSRYS5752098,D,S,D,2024-05-09,1000000.00,4.766215,96.609375
08:03:59,912810TZ1,TSRYS5752098,D,S,T,2024-05-09,1000000.00,4.767472,96.59375
08:03:59,912810TZ1,TSRYS5752098,D,B,C,2024-05-09,1000000.00,4.766215,96.609375
08:03:59,912810TZ1,TSRYS5752098,D,B,C,2024-05-09,1000000.00,4.766215,96.609375
08:03:59,912810TZ1,TSRYS5752098,D,S,D,2024-05-09,1000000.00,4.766215,96.609375
08:03:59,912810TZ1,TSRYS5752098,D,S,D,2024-05-09,1000000.00,4.767472,96.59375
08:03:59,912810TZ1,TSRYS5752098,D,S,C,2024-05-09,1000000.00,4.767472,96.59375
08:03:59,912810TZ1,TSRYS5752098,D,S,C,2024-05-09,1000000.00,4.767472,96.59375
08:03:59,912810TZ1,TSRYS5752098,D,S,C,2024-05-09,1000000.00,4.767472,96.59375
08:03:59,912810TZ1,TSRYS5752098,D,S,D,2024-05-09,1000000.00,4.767472,96.59375
08:03:59,912810TZ1,TSRYS5752098,D,S,D,2024-05-09,1000000.00,4.767472,96.59375
08:03:59,912810TZ1,TSRYS5752098,D,B,C,2024-05-09,1000000.00,4.767472,96.59375
08:03:59,912810TZ1,TSRYS5752098,D,B,C,2024-05-09,1000000.00,4.767472,96.59375
08:03:59,912810TZ1,TSRYS5752098,D,S,D,2024-05-09,1000000.00,4.767472,96.59375
08:03:59,912810TZ1,TSRYS5752098,D,S,D,2024-05-09,1000000.00,4.767472,96.59375
08:03:59,912810TZ1,TSRYS5752098,D,S,C,2024-05-09,549000.00,4.7659,96.61328125
08:04:01,912810TZ1,TSRYS5752098,D,S,D,2024-05-09,1000000.00,4.763072,96.6484375
08:04:01,912810TZ1,TSRYS5752098,D,S,D,2024-05-09,1000000.00,4.763072,96.6484375
08:04:01,912810TZ1,TSRYS5752098,D,S,D,2024-05-09,1000000.00,4.762758,96.65234375
08:04:05,912810TZ1,TSRYS5752098,D,S,T,2024-05-09,1000000.00,4.766529,96.60546875
08:04:11,912810TZ1,TSRYS5752098,D,S,T,2024-05-09,1000000.00,4.765743,96.615234375
08:04:12,912810TZ1,TSRYS5752098,D,S,D,2024-05-09,1000000.00,4.760874,96.67578125
08:04:12,912810TZ1,TSRYS5752098,D,S,D,2024-05-09,1000000.00,4.761031,96.673828125
08:04:12,912810TZ1,TSRYS5752098,D,S,D,2024-05-09,1000000.00,4.761031,96.673828125
08:04:12,912810TZ1,TSRYS5752098,D,S,D,2024-05-09,1000000.00,4.761188,96.671875
08:04:12,912810TZ1,TSRYS5752098,D,B,C,2024-05-09,1000000.00,4.761188,96.671875
08:04:12,912810TZ1,TSRYS5752098,D,S,C,2024-05-09,1000000.00,4.761816,96.6640625
08:04:12,912810TZ1,TSRYS5752098,D,S,D,2024-05-09,1000000.00,4.760874,96.67578125
08:04:12,912810TZ1,TSRYS5752098,D,S,D,2024-05-09,1000000.00,4.761031,96.673828125
08:04:12,912810TZ1,TSRYS5752098,D,S,D,2024-05-09,1000000.00,4.760874,96.67578125
08:04:13,912810TZ1,TSRYS5752098,D,S,D,2024-05-09,1000000.00,4.761031,96.673828125
08:04:13,912810TZ1,TSRYS5752098,D,S,D,2024-05-09,1000000.00,4.760717,96.677734375
08:04:13,912810TZ1,TSRYS5752098,D,S,D,2024-05-09,1000000.00,4.759618,96.69140625
08:04:13,912810TZ1,TSRYS5752098,D,S,D,2024-05-09,1000000.00,4.759932,96.6875
08:04:13,912810TZ1,TSRYS5752098,D,S,D,2024-05-09,1000000.00,4.759932,96.6875
08:04:13,912810TZ1,TSRYS5752098,D,S,D,2024-05-09,1000000.00,4.759932,96.6875
08:04:13,912810TZ1,TSRYS5752098,D,S,D,2024-05-09,1000000.00,4.759932,96.6875
08:04:14,912810TZ1,TSRYS5752098,D,S,D,2024-05-09,1000000.00,4.759932,96.6875
08:04:14,912810TZ1,TSRYS5752098,D,S,D,2024-05-09,1000000.00,4.760089,96.685546875
08:04:14,912810TZ1,TSRYS5752098,D,S,C,2024-05-09,1000000.00,4.760089,96.685546875
08:04:14,912810TZ1,TSRYS5752098,D,S,C,2024-05-09,1000000.00,4.759932,96.6875
08:04:14,912810TZ1,TSRYS5752098,D,S,D,2024-05-09,1000000.00,4.760246,96.68359375
08:04:14,912810TZ1,TSRYS5752098,D,S,C,2024-05-09,1000000.00,4.760246,96.68359375
08:04:14,912810TZ1,TSRYS5752098,D,S,D,2024-05-09,1000000.00,4.759775,96.689453125
08:04:14,912810TZ1,TSRYS5752098,D,S,C,2024-05-09,1000000.00,4.760246,96.68359375
08:04:14,912810TZ1,TSRYS5752098,D,S,C,2024-05-09,1000000.00,4.760246,96.68359375
08:04:14,912810TZ1,TSRYS5752098,D,S,D,2024-05-09,1000000.00,4.76056,96.6796875
08:04:16,912810TZ1,TSRYS5752098,D,S,T,2024-05-09,1000000.00,4.766215,96.609375
08:04:17,912810TZ1,TSRYS5752098,D,B,C,2024-05-09,1000000.00,4.761659,96.666015625
08:04:17,912810TZ1,TSRYS5752098,D,S,D,2024-05-09,1000000.00,4.761659,96.666015625
08:04:20,912810TZ1,TSRYS5752098,D,S,D,2024-05-09,1000000.00,4.766058,96.611328125
08:04:23,912810TZ1,TSRYS5752098,D,S,D,2024-05-09,1000000.00,4.765429,96.619140625
08:04:23,912810TZ1,TSRYS5752098,D,S,T,2024-05-09,1000000.00,4.766686,96.603515625
08:04:23,912810TZ1,TSRYS5752098,D,S,T,2024-05-09,1000000.00,4.766529,96.60546875
08:04:23,912810TZ1,TSRYS5752098,D,S,T,2024-05-09,1000000.00,4.766372,96.607421875
08:04:23,912810TZ1,TSRYS5752098,D,S,T,2024-05-09,1000000.00,4.766686,96.603515625
08:04:23,912810TZ1,TSRYS5752098,D,S,T,2024-05-09,1000000.00,4.766529,96.60546875
08:04:23,912810TZ1,TSRYS5752098,D,S,T,2024-05-09,1000000.00,4.766372,96.607421875
08:04:23,912810TZ1,TSRYS5752098,D,S,T,2024-05-09,1000000.00,4.766215,96.609375
08:04:24,912810TZ1,TSRYS5752098,D,S,C,2024-05-09,1000000.00,4.766058,96.61132812
08:04:24,912810TZ1,TSRYS5752098,D,S,T,2024-05-09,1000000.00,4.767315,96.59570312
08:04:25,912810TZ1,TSRYS5752098,D,S,D,2024-05-09,1000000.00,4.766686,96.603515625
08:04:26,912810TZ1,TSRYS5752098,D,S,C,2024-05-09,1000000.00,4.7659,96.61328125
08:04:27,912810TZ1,TSRYS5752098,D,S,C,2024-05-09,1000000.00,4.7659,96.61328125
08:04:28,912810TZ1,TSRYS5752098,D,B,C,2024-05-09,1000000.00,4.747543,96.841796875
08:04:28,912810TZ1,TSRYS5752098,D,S,D,2024-05-09,1000000.00,4.747535,96.841896875
08:04:28,912810TZ1,TSRYS5752098,D,B,C,2024-05-09,1000000.00,4.766215,96.609375
08:04:28,912810TZ1,TSRYS5752098,D,S,D,2024-05-09,1000000.00,4.766215,96.609375
08:04:29,912810TZ1,TSRYS5752098,D,S,D,2024-05-09,1000000.00,4.766058,96.611328125
08:04:29,912810TZ1,TSRYS5752098,D,S,D,2024-05-09,1000000.00,4.766058,96.611328125
08:04:29,912810TZ1,TSRYS5752098,D,S,D,2024-05-09,1000000.00,4.766058,96.611328125
08:04:29,912810TZ1,TSRYS5752098,D,S,D,2024-05-09,1000000.00,4.766058,96.611328125
08:04:29,912810TZ1,TSRYS5752098,D,S,D,2024-05-09,1000000.00,4.765429,96.619140625
08:04:29,912810TZ1,TSRYS5752098,D,B,C,2024-05-09,1000000.00,4.765429,96.619140625
08:04:29,912810TZ1,TSRYS5752098,D,S,D,2024-05-09,1000000.00,4.765429,96.619140625
08:04:29,912810TZ1,TSRYS5752098,D,S,D,2024-05-09,1000000.00,4.766058,96.611328125
08:04:29,912810TZ1,TSRYS5752098,D,S,D,2024-05-09,1000000.00,4.766058,96.611328125
08:04:29,912810TZ1,TSRYS5752098,D,S,D,2024-05-09,1000000.00,4.746117,96.859575
08:04:29,912810TZ1,TSRYS5752098,D,S,D,2024-05-09,1000000.00,4.746117,96.859575
08:04:30,912810TZ1,TSRYS5752098,D,S,T,2024-05-09,1000000.00,4.766215,96.609375
08:04:30,912810TZ1,TSRYS5752098,D,S,D,2024-05-09,1000000.00,4.766058,96.611328125
08:04:30,912810TZ1,TSRYS5752098,D,S,C,2024-05-09,1000000.00,4.767315,96.595703125
08:04:30,912810TZ1,TSRYS5752098,D,S,D,2024-05-09,1000000.00,4.766529,96.60546875
08:04:30,912810TZ1,TSRYS5752098,D,S,D,2024-05-09,1000000.00,4.765743,96.615234375
08:04:30,912810TZ1,TSRYS5752098,D,B,C,2024-05-09,1000000.00,4.767,96.599609375
08:04:30,912810TZ1,TSRYS5752098,D,S,D,2024-05-09,1000000.00,4.767,96.599609375
08:04:30,912810TZ1,TSRYS5752098,D,B,C,2024-05-09,1000000.00,4.766686,96.603515625
08:04:30,912810TZ1,TSRYS5752098,D,S,D,2024-05-09,1000000.00,4.766686,96.603515625
08:04:30,912810TZ1,TSRYS5752098,D,S,D,2024-05-09,1000000.00,4.766686,96.603515625
08:04:30,912810TZ1,TSRYS5752098,D,S,D,2024-05-09,1000000.00,4.766529,96.60546875
08:04:30,912810TZ1,TSRYS5752098,D,S,D,2024-05-09,1000000.00,4.766372,96.607421875
08:04:32,912810TZ1,TSRYS5752098,D,S,C,2024-05-09,1000000.00,4.766058,96.611328125
08:04:32,912810TZ1,TSRYS5752098,D,S,D,2024-05-09,1000000.00,4.766058,96.611328125
08:04:34,912810TZ1,TSRYS5752098,D,B,C,2024-05-09,1000000.00,4.755232,96.74599375
08:04:34,912810TZ1,TSRYS5752098,D,S,D,2024-05-09,1000000.00,4.755214,96.74621875
08:04:34,912810TZ1,TSRYS5752098,D,S,D,2024-05-09,1000000.00,4.75491,96.75
08:04:34,912810TZ1,TSRYS5752098,D,B,C,2024-05-09,1000000.00,4.754918,96.7499
08:04:34,912810TZ1,TSRYS5752098,D,S,D,2024-05-09,1000000.00,4.755224,96.74609375
08:04:34,912810TZ1,TSRYS5752098,D,B,C,2024-05-09,1000000.00,4.755232,96.74599375
08:04:34,912810TZ1,TSRYS5752098,D,B,C,2024-05-09,1000000.00,4.755232,96.74599375
08:04:34,912810TZ1,TSRYS5752098,D,S,D,2024-05-09,1000000.00,4.755224,96.74609375
08:04:34,912810TZ1,TSRYS5752098,D,B,C,2024-05-09,1000000.00,4.755232,96.74599375
08:04:34,912810TZ1,TSRYS5752098,D,S,D,2024-05-09,1000000.00,4.755224,96.74609375
08:04:34,912810TZ1,TSRYS5752098,D,B,C,2024-05-09,1000000.00,4.754605,96.75380625
08:04:34,912810TZ1,TSRYS5752098,D,S,D,2024-05-09,1000000.00,4.754597,96.75390625
08:04:34,912810TZ1,TSRYS5752098,D,S,D,2024-05-09,1000000.00,4.75491,96.75
08:04:34,912810TZ1,TSRYS5752098,D,B,C,2024-05-09,1000000.00,4.754918,96.7499
08:04:34,912810TZ1,TSRYS5752098,D,S,D,2024-05-09,1000000.00,4.755224,96.74609375
08:04:34,912810TZ1,TSRYS5752098,D,B,C,2024-05-09,1000000.00,4.755232,96.74599375
08:04:34,912810TZ1,TSRYS5752098,D,S,D,2024-05-09,1000000.00,4.755224,96.74609375
08:04:34,912810TZ1,TSRYS5752098,D,B,C,2024-05-09,1000000.00,4.755232,96.74599375
08:04:34,912810TZ1,TSRYS5752098,D,S,D,2024-05-09,1000000.00,4.753656,96.765625
08:04:34,912810TZ1,TSRYS5752098,D,B,C,2024-05-09,1000000.00,4.753507,96.767478125
08:04:34,912810TZ1,TSRYS5752098,D,S,C,2024-05-09,1000000.00,4.753499,96.767578125
08:04:35,912810TZ1,TSRYS5752098,D,S,D,2024-05-09,1000000.00,4.753018,96.7735625
08:04:35,912810TZ1,TSRYS5752098,D,B,C,2024-05-09,1000000.00,4.753036,96.7733375
08:04:35,912810TZ1,TSRYS5752098,D,S,C,2024-05-09,1000000.00,4.753491,96.767678125
08:04:35,912810TZ1,TSRYS5752098,D,B,C,2024-05-09,1000000.00,4.753507,96.767478125
08:04:35,912810TZ1,TSRYS5752098,D,B,C,2024-05-09,1000000.00,4.753507,96.767478125
08:04:35,912810TZ1,TSRYS5752098,D,S,C,2024-05-09,1000000.00,4.753499,96.767578125
08:04:35,912810TZ1,TSRYS5752098,D,S,D,2024-05-09,1000000.00,4.753499,96.767578125
08:04:35,912810TZ1,TSRYS5752098,D,B,C,2024-05-09,1000000.00,4.753507,96.767478125
08:04:35,912810TZ1,TSRYS5752098,D,B,C,2024-05-09,1000000.00,4.753507,96.767478125
08:04:35,912810TZ1,TSRYS5752098,D,S,C,2024-05-09,1000000.00,4.753499,96.767578125
08:04:35,912810TZ1,TSRYS5752098,D,S,D,2024-05-09,1000000.00,4.753018,96.7735625
08:04:35,912810TZ1,TSRYS5752098,D,S,D,2024-05-09,1000000.00,4.753028,96.7734375
08:04:35,912810TZ1,TSRYS5752098,D,B,C,2024-05-09,1000000.00,4.753507,96.767478125
08:04:35,912810TZ1,TSRYS5752098,D,S,D,2024-05-09,1000000.00,4.753499,96.767578125
08:04:35,912810TZ1,TSRYS5752098,D,S,D,2024-05-09,1000000.00,4.753499,96.767578125
08:04:35,912810TZ1,TSRYS5752098,D,B,C,2024-05-09,1000000.00,4.753507,96.767478125
08:04:35,912810TZ1,TSRYS5752098,D,B,C,2024-05-09,1000000.00,4.753507,96.767478125
08:04:35,912810TZ1,TSRYS5752098,D,S,D,2024-05-09,1000000.00,4.753499,96.767578125
08:04:35,912810TZ1,TSRYS5752098,D,B,C,2024-05-09,1000000.00,4.753507,96.767478125
08:04:35,912810TZ1,TSRYS5752098,D,S,D,2024-05-09,1000000.00,4.753499,96.767578125
08:04:35,912810TZ1,TSRYS5752098,D,B,C,2024-05-09,1000000.00,4.753507,96.767478125
08:04:35,912810TZ1,TSRYS5752098,D,S,D,2024-05-09,1000000.00,4.753499,96.767578125
08:04:35,912810TZ1,TSRYS5752098,D,B,C,2024-05-09,1000000.00,4.753507,96.767478125
08:04:35,912810TZ1,TSRYS5752098,D,S,C,2024-05-09,1000000.00,4.753491,96.767678125
08:04:35,912810TZ1,TSRYS5752098,D,B,C,2024-05-09,1000000.00,4.753507,96.767478125
08:04:35,912810TZ1,TSRYS5752098,D,S,C,2024-05-09,1000000.00,4.753499,96.767578125
08:04:35,912810TZ1,TSRYS5752098,D,B,C,2024-05-09,1000000.00,4.753507,96.767478125
08:04:35,912810TZ1,TSRYS5752098,D,S,D,2024-05-09,1000000.00,4.753499,96.767578125
08:04:35,912810TZ1,TSRYS5752098,D,B,C,2024-05-09,1000000.00,4.753507,96.767478125
08:04:35,912810TZ1,TSRYS5752098,D,S,C,2024-05-09,1000000.00,4.753499,96.767578125
08:04:35,912810TZ1,TSRYS5752098,D,S,D,2024-05-09,1000000.00,4.755067,96.748046875
08:04:35,912810TZ1,TSRYS5752098,D,B,C,2024-05-09,1000000.00,4.755075,96.747946875
08:04:35,912810TZ1,TSRYS5752098,D,B,C,2024-05-09,1000000.00,4.755232,96.74599375
08:04:35,912810TZ1,TSRYS5752098,D,S,D,2024-05-09,1000000.00,4.755224,96.74609375
08:04:35,912810TZ1,TSRYS5752098,D,B,C,2024-05-09,1000000.00,4.755232,96.74599375
08:04:35,912810TZ1,TSRYS5752098,D,S,D,2024-05-09,1000000.00,4.755224,96.74609375
08:04:35,912810TZ1,TSRYS5752098,D,B,C,2024-05-09,1000000.00,4.755232,96.74599375
08:04:35,912810TZ1,TSRYS5752098,D,S,D,2024-05-09,1000000.00,4.755224,96.74609375
08:04:35,912810TZ1,TSRYS5752098,D,B,C,2024-05-09,1000000.00,4.755232,96.74599375
08:04:35,912810TZ1,TSRYS5752098,D,S,D,2024-05-09,1000000.00,4.755224,96.74609375
08:04:35,912810TZ1,TSRYS5752098,D,B,C,2024-05-09,1000000.00,4.755232,96.74599375
08:04:35,912810TZ1,TSRYS5752098,D,S,C,2024-05-09,1000000.00,4.755224,96.74609375
08:04:35,912810TZ1,TSRYS5752098,D,S,D,2024-05-09,1000000.00,4.754116,96.759890625
08:04:36,912810TZ1,TSRYS5752098,D,B,C,2024-05-09,1000000.00,4.755232,96.74599375
08:04:36,912810TZ1,TSRYS5752098,D,S,D,2024-05-09,1000000.00,4.755224,96.74609375
08:04:36,912810TZ1,TSRYS5752098,D,B,C,2024-05-09,1000000.00,4.755232,96.74599375
08:04:36,912810TZ1,TSRYS5752098,D,S,C,2024-05-09,1000000.00,4.755224,96.74609375
08:04:36,912810TZ1,TSRYS5752098,D,S,D,2024-05-09,1000000.00,4.75443,96.755984375
08:04:36,912810TZ1,TSRYS5752098,D,S,D,2024-05-09,1000000.00,4.755224,96.74609375
08:04:36,912810TZ1,TSRYS5752098,D,B,C,2024-05-09,1000000.00,4.755232,96.74599375
08:04:36,912810TZ1,TSRYS5752098,D,B,C,2024-05-09,1000000.00,4.755232,96.74599375
08:04:36,912810TZ1,TSRYS5752098,D,S,C,2024-05-09,1000000.00,4.755224,96.74609375
08:04:36,912810TZ1,TSRYS5752098,D,B,C,2024-05-09,1000000.00,4.755232,96.74599375
08:04:36,912810TZ1,TSRYS5752098,D,S,D,2024-05-09,1000000.00,4.755224,96.74609375
08:04:36,912810TZ1,TSRYS5752098,D,S,D,2024-05-09,1000000.00,4.7549,96.750125
08:04:38,912810TZ1,TSRYS5752098,D,B,C,2024-05-09,1000000.00,4.752252,96.783103125
08:04:38,912810TZ1,TSRYS5752098,D,S,D,2024-05-09,1000000.00,4.752244,96.783203125
08:04:38,912810TZ1,TSRYS5752098,D,S,A,2024-05-09,50000.00,4.765586,96.6171875
08:04:44,912810TZ1,TSRYS5752098,D,S,D,2024-05-09,1000000.00,4.766058,96.61132812
08:04:44,912810TZ1,TSRYS5752098,D,S,C,2024-05-09,1000000.00,4.766058,96.61132812
08:04:44,912810TZ1,TSRYS5752098,D,S,D,2024-05-09,1000000.00,4.755224,96.74609375
08:04:44,912810TZ1,TSRYS5752098,D,B,C,2024-05-09,1000000.00,4.755232,96.74599375
08:04:44,912810TZ1,TSRYS5752098,D,B,C,2024-05-09,1000000.00,4.755232,96.74599375
08:04:44,912810TZ1,TSRYS5752098,D,S,C,2024-05-09,1000000.00,4.755224,96.74609375
08:04:44,912810TZ1,TSRYS5752098,D,B,C,2024-05-09,1000000.00,4.755232,96.74599375
08:04:44,912810TZ1,TSRYS5752098,D,S,D,2024-05-09,1000000.00,4.755224,96.74609375
08:04:44,912810TZ1,TSRYS5752098,D,B,C,2024-05-09,1000000.00,4.755232,96.74599375
08:04:44,912810TZ1,TSRYS5752098,D,S,C,2024-05-09,1000000.00,4.755224,96.74609375
08:04:45,912810TZ1,TSRYS5752098,D,B,C,2024-05-09,1000000.00,4.753977,96.76161875
08:04:45,912810TZ1,TSRYS5752098,D,S,C,2024-05-09,1000000.00,4.753961,96.76181875
08:04:46,912810TZ1,TSRYS5752098,D,B,C,2024-05-09,1000000.00,4.753507,96.767478125
08:04:46,912810TZ1,TSRYS5752098,D,S,C,2024-05-09,1000000.00,4.753499,96.767578125
08:04:47,912810TZ1,TSRYS5752098,D,B,C,2024-05-09,1000000.00,4.751006,96.798628125
08:04:47,912810TZ1,TSRYS5752098,D,S,C,2024-05-09,1000000.00,4.75099,96.798828125
08:04:49,912810TZ1,TSRYS5752098,D,S,T,2024-05-09,1000000.00,4.765751,96.615134375
08:04:51,912810TZ1,TSRYS5752098,D,B,C,2024-05-09,1000000.00,4.747238,96.845603125
08:04:51,912810TZ1,TSRYS5752098,D,S,C,2024-05-09,1000000.00,4.74723,96.845703125
08:04:52,912810TZ1,TSRYS5752098,D,S,D,2024-05-09,1000000.00,4.74958,96.81640625
08:04:52,912810TZ1,TSRYS5752098,D,S,D,2024-05-09,2000000.00,4.7659,96.61328125
08:04:53,912810TZ1,TSRYS5752098,D,B,C,2024-05-09,1000000.00,4.748804,96.826071875
08:04:53,912810TZ1,TSRYS5752098,D,S,C,2024-05-09,1000000.00,4.748796,96.826171875
08:04:53,912810TZ1,TSRYS5752098,D,B,C,2024-05-09,1000000.00,4.747238,96.845603125
08:04:53,912810TZ1,TSRYS5752098,D,S,C,2024-05-09,1000000.00,4.74723,96.845703125
08:04:53,912810TZ1,TSRYS5752098,D,S,D,2024-05-09,2000000.00,4.7659,96.61328125
08:04:53,912810TZ1,TSRYS5752098,D,B,C,2024-05-09,1000000.00,4.747708,96.83974375
08:04:53,912810TZ1,TSRYS5752098,D,S,C,2024-05-09,1000000.00,4.747699,96.83984375
08:04:53,912810TZ1,TSRYS5752098,D,S,C,2024-05-09,1000000.00,4.766058,96.61132812
08:04:53,912810TZ1,TSRYS5752098,D,S,C,2024-05-09,1000000.00,4.766058,96.61132812
08:04:54,912810TZ1,TSRYS5752098,D,S,T,2024-05-09,1000000.00,4.765586,96.6171875
08:04:54,912810TZ1,TSRYS5752098,D,S,D,2024-05-09,1000000.00,4.7659,96.61328125
08:04:54,912810TZ1,TSRYS5752098,D,S,D,2024-05-09,2000000.00,4.7659,96.61328125
08:04:54,912810TZ1,TSRYS5752098,D,S,D,2024-05-09,2000000.00,4.7659,96.61328125
08:04:54,912810TZ1,TSRYS5752098,D,S,D,2024-05-09,1000000.00,4.7659,96.61328125
08:04:55,912810TZ1,TSRYS5752098,D,S,T,2024-05-09,1000000.00,4.766058,96.61132812
08:04:55,912810TZ1,TSRYS5752098,D,B,C,2024-05-09,1000000.00,4.751782,96.7889625
08:04:55,912810TZ1,TSRYS5752098,D,S,D,2024-05-09,1000000.00,4.751774,96.7890625
08:04:56,912810TZ1,TSRYS5752098,D,S,C,2024-05-09,1000000.00,4.7659,96.61328125
08:04:57,912810TZ1,TSRYS5752098,D,S,D,2024-05-09,1000000.00,4.7659,96.61328125
08:04:57,912810TZ1,TSRYS5752098,D,S,D,2024-05-09,1000000.00,4.7659,96.61328125
08:04:58,912810TZ1,TSRYS5752098,D,B,C,2024-05-09,1000000.00,4.756958,96.724509375
08:04:58,912810TZ1,TSRYS5752098,D,S,C,2024-05-09,1000000.00,4.756942,96.724709375
08:04:59,912810TZ1,TSRYS5752098,D,S,D,2024-05-09,1000000.00,4.765586,96.6171875
08:04:59,912810TZ1,TSRYS5752098,D,B,C,2024-05-09,1000000.00,4.759783,96.689353125
08:04:59,912810TZ1,TSRYS5752098,D,S,D,2024-05-09,1000000.00,4.759775,96.689453125
08:04:59,912810TZ1,TSRYS5752098,D,B,C,2024-05-09,1000000.00,4.759783,96.689353125
08:04:59,912810TZ1,TSRYS5752098,D,S,D,2024-05-09,1000000.00,4.759775,96.689453125
08:05:00,912810TZ1,TSRYS5752098,D,B,C,2024-05-09,1000000.00,4.759783,96.689353125
08:05:00,912810TZ1,TSRYS5752098,D,S,D,2024-05-09,1000000.00,4.759775,96.689453125
08:05:00,912810TZ1,TSRYS5752098,D,S,D,2024-05-09,1000000.00,4.75899,96.69921875
08:05:00,912810TZ1,TSRYS5752098,D,S,D,2024-05-09,1000000.00,4.759147,96.697265625
08:05:00,912810TZ1,TSRYS5752098,D,S,D,2024-05-09,1000000.00,4.759304,96.6953125
08:05:00,912810TZ1,TSRYS5752098,D,S,C,2024-05-09,1000000.00,4.759296,96.6954125
08:05:00,912810TZ1,TSRYS5752098,D,S,C,2024-05-09,1000000.00,4.759304,96.6953125
08:05:02,912810TZ1,TSRYS5752098,D,B,C,2024-05-09,1000000.00,4.760254,96.68349375
08:05:02,912810TZ1,TSRYS5752098,D,S,C,2024-05-09,1000000.00,4.760238,96.68369375
08:05:03,912810TZ1,TSRYS5752098,D,B,C,2024-05-09,1000000.00,4.763238,96.646384375
08:05:03,912810TZ1,TSRYS5752098,D,S,C,2024-05-09,1000000.00,4.763229,96.646484375
08:05:04,912810TZ1,TSRYS5752098,D,S,D,2024-05-09,1000000.00,4.763229,96.646484375
08:05:04,912810TZ1,TSRYS5752098,D,B,C,2024-05-09,1000000.00,4.763229,96.646484375
08:05:04,912810TZ1,TSRYS5752098,D,B,C,2024-05-09,1000000.00,4.762601,96.654296875
08:05:04,912810TZ1,TSRYS5752098,D,S,C,2024-05-09,1000000.00,4.762601,96.654296875
08:05:04,912810TZ1,TSRYS5752098,D,B,C,2024-05-09,1000000.00,4.763238,96.646384375
08:05:04,912810TZ1,TSRYS5752098,D,S,C,2024-05-09,1000000.00,4.763229,96.646484375
08:05:04,912810TZ1,TSRYS5752098,D,B,C,2024-05-09,1000000.00,4.76151,96.66786875
08:05:04,912810TZ1,TSRYS5752098,D,S,C,2024-05-09,1000000.00,4.761494,96.66806875
08:05:04,912810TZ1,TSRYS5752098,D,S,D,2024-05-09,1000000.00,4.763701,96.640625
08:05:05,912810TZ1,TSRYS5752098,D,B,C,2024-05-09,1000000.00,4.765743,96.615234375
08:05:05,912810TZ1,TSRYS5752098,D,S,C,2024-05-09,1000000.00,4.765743,96.615234375
08:05:05,912810TZ1,TSRYS5752098,D,S,D,2024-05-09,1000000.00,4.7659,96.61328125
08:05:06,912810TZ1,TSRYS5752098,D,S,D,2024-05-09,1000000.00,4.762444,96.65625
08:05:07,912810TZ1,TSRYS5752098,D,S,T,2024-05-09,1000000.00,4.766215,96.609375
08:05:07,912810TZ1,TSRYS5752098,D,S,D,2024-05-09,1000000.00,4.766215,96.609375
08:05:07,912810TZ1,TSRYS5752098,D,S,T,2024-05-09,1000000.00,4.766215,96.609375
08:05:07,912810TZ1,TSRYS5752098,D,S,T,2024-05-09,1000000.00,4.766215,96.609375
08:05:07,912810TZ1,TSRYS5752098,D,S,D,2024-05-09,1000000.00,4.766215,96.609375
08:05:07,912810TZ1,TSRYS5752098,D,S,C,2024-05-09,1000000.00,4.7659,96.61328125
08:05:07,912810TZ1,TSRYS5752098,D,S,D,2024-05-09,1000000.00,4.766215,96.609375
08:05:08,912810TZ1,TSRYS5752098,D,S,T,2024-05-09,1000000.00,4.766215,96.609375
08:05:08,912810TZ1,TSRYS5752098,D,S,T,2024-05-09,1000000.00,4.766215,96.609375
08:05:08,912810TZ1,TSRYS5752098,D,S,T,2024-05-09,1000000.00,4.766215,96.609375
08:05:08,912810TZ1,TSRYS5752098,D,S,T,2024-05-09,1000000.00,4.766215,96.609375
08:05:11,912810TZ1,TSRYS5752098,D,S,T,2024-05-09,1000000.00,4.766215,96.609375
08:05:11,912810TZ1,TSRYS5752098,D,S,T,2024-05-09,1000000.00,4.766215,96.609375
08:05:12,912810TZ1,TSRYS5752098,D,S,D,2024-05-09,1000000.00,4.766215,96.609375
08:05:14,912810TZ1,TSRYS5752098,D,S,D,2024-05-09,1000000.00,4.766215,96.609375
08:05:14,912810TZ1,TSRYS5752098,D,B,C,2024-05-09,1000000.00,4.766215,96.609375
08:05:14,912810TZ1,TSRYS5752098,D,S,D,2024-05-09,1000000.00,4.766202,96.609527
08:05:14,912810TZ1,TSRYS5752098,D,B,C,2024-05-09,1000000.00,4.766215,96.609375
08:05:14,912810TZ1,TSRYS5752098,D,S,D,2024-05-09,1000000.00,4.766202,96.609527
08:05:14,912810TZ1,TSRYS5752098,D,S,D,2024-05-09,1000000.00,4.766202,96.609527
08:05:14,912810TZ1,TSRYS5752098,D,B,C,2024-05-09,1000000.00,4.766229,96.6092
08:05:14,912810TZ1,TSRYS5752098,D,B,C,2024-05-09,1000000.00,4.766215,96.609375
08:05:14,912810TZ1,TSRYS5752098,D,S,D,2024-05-09,1000000.00,4.766202,96.609527
08:05:14,912810TZ1,TSRYS5752098,D,B,C,2024-05-09,1000000.00,4.766215,96.609375
08:05:14,912810TZ1,TSRYS5752098,D,B,C,2024-05-09,1000000.00,4.766215,96.609375
08:05:14,912810TZ1,TSRYS5752098,D,S,D,2024-05-09,1000000.00,4.766202,96.609527
08:05:14,912810TZ1,TSRYS5752098,D,S,D,2024-05-09,1000000.00,4.766202,96.609527
08:05:14,912810TZ1,TSRYS5752098,D,S,D,2024-05-09,1000000.00,4.766202,96.609527
08:05:14,912810TZ1,TSRYS5752098,D,B,C,2024-05-09,1000000.00,4.766215,96.609375
08:05:14,912810TZ1,TSRYS5752098,D,S,D,2024-05-09,1000000.00,4.766202,96.609527
08:05:14,912810TZ1,TSRYS5752098,D,S,D,2024-05-09,1000000.00,4.766202,96.609527
08:05:14,912810TZ1,TSRYS5752098,D,B,C,2024-05-09,1000000.00,4.766231,96.609175
08:05:14,912810TZ1,TSRYS5752098,D,B,C,2024-05-09,1000000.00,4.766229,96.6092
08:05:14,912810TZ1,TSRYS5752098,D,S,D,2024-05-09,1000000.00,4.766215,96.609375
08:05:16,912810TZ1,TSRYS5752098,D,B,C,2024-05-09,1000000.00,4.759155,96.697165625
08:05:16,912810TZ1,TSRYS5752098,D,S,C,2024-05-09,1000000.00,4.759139,96.697365625
08:05:16,912810TZ1,TSRYS5752098,D,B,C,2024-05-09,1000000.00,4.756487,96.73036875
08:05:16,912810TZ1,TSRYS5752098,D,S,D,2024-05-09,1000000.00,4.756479,96.73046875
08:05:17,912810TZ1,TSRYS5752098,D,S,D,2024-05-09,1000000.00,4.7659,96.61328125
08:05:17,912810TZ1,TSRYS5752098,D,S,T,2024-05-09,1000000.00,4.766058,96.61132812
08:05:17,912810TZ1,TSRYS5752098,D,S,T,2024-05-09,1000000.00,4.766058,96.61132812
