tradeTime,cusip,issueSymbolIdentifier,priceType,reportingSideCode,contraPartyTypeCode,tradeDate,reportedTradeVolume,lastSaleYield,lastSalePrice
08:00:04,912810TZ1,TSRYS5752098,D,S,T,2024-05-13,1000000.00,4.737918,96.962890625
08:00:04,912810TZ1,TSRYS5752098,D,S,T,2024-05-13,1000000.00,4.73651,96.98046875
08:00:04,912810TZ1,TSRYS5752098,D,S,D,2024-05-13,1000000.00,4.728851,97.076171875
08:00:04,912810TZ1,TSRYS5752098,D,S,T,2024-05-13,1000000.00,4.732757,97.02734375
08:00:04,912810TZ1,TSRYS5752098,D,S,T,2024-05-13,1000000.00,4.732445,97.03125
08:00:04,912810TZ1,TSRYS5752098,D,S,D,2024-05-13,1000000.00,4.734946,97.0
08:00:04,912810TZ1,TSRYS5752098,D,S,D,2024-05-13,1000000.00,4.723386,97.14453125
08:00:04,912810TZ1,TSRYS5752098,D,S,D,2024-05-13,1000000.00,4.723386,97.14453125
08:00:09,912810TZ1,TSRYS5752098,D,B,A,2024-05-13,500000.00,4.736823,96.9765625
08:00:10,912810TZ1,TSRYS5752098,D,S,D,2024-05-13,10000.00,4.728662,97.078525
08:00:10,912810TZ1,TSRYS5752098,D,S,D,2024-05-13,100000.00,4.727413,97.09415
08:00:10,912810TZ1,TSRYS5752098,D,S,C,2024-05-13,10000.00,4.728662,97.128525
08:00:10,912810TZ1,TSRYS5752098,D,S,C,2024-05-13,100000.00,4.727413,97.09915
08:00:13,912810TZ1,TSRYS5752098,D,S,D,2024-05-13,1000000.00,4.737449,96.96875
08:00:13,912810TZ1,TSRYS5752098,D,S,D,2024-05-13,1000000.00,4.737449,96.96875
08:00:14,912810TZ1,TSRYS5752098,D,S,T,2024-05-13,1000000.00,4.739952,96.9375
08:00:14,912810TZ1,TSRYS5752098,D,S,T,2024-05-13,1000000.00,4.7387,96.953125
08:00:15,912810TZ1,TSRYS5752098,D,S,D,2024-05-13,1000000.00,4.737449,96.96875
08:00:15,912810TZ1,TSRYS5752098,D,S,D,2024-05-13,1000000.00,4.734946,97.0
08:00:20,912810TZ1,TSRYS5752098,D,S,D,2024-05-13,1000000.00,4.732445,97.03125
08:00:20,912810TZ1,TSRYS5752098,D,B,A,2024-05-13,470000.00,4.733695,97.015625
08:00:25,912810TZ1,TSRYS5752098,D,S,D,2024-05-13,1000000.00,4.727757,97.08984375
08:00:26,912810TZ1,TSRYS5752098,D,S,T,2024-05-13,1000000.00,4.7387,96.953125
08:00:26,912810TZ1,TSRYS5752098,D,S,T,2024-05-13,1000000.00,4.736197,96.984375
08:00:26,912810TZ1,TSRYS5752098,D,S,T,2024-05-13,1000000.00,4.737449,96.96875
08:00:26,912810TZ1,TSRYS5752098,D,S,T,2024-05-13,1000000.00,4.734946,97.0
08:00:26,912810TZ1,TSRYS5752098,D,S,T,2024-05-13,1000000.00,4.737136,96.97265625
08:00:26,912810TZ1,TSRYS5752098,D,S,T,2024-05-13,1000000.00,4.736197,96.984375
08:00:26,912810TZ1,TSRYS5752098,D,S,T,2024-05-13,1000000.00,4.739952,96.9375
08:00:33,912810TZ1,TSRYS5752098,D,S,T,2024-05-13,1000000.00,4.736666,96.978515625
08:00:33,912810TZ1,TSRYS5752098,D,S,T,2024-05-13,1000000.00,4.736979,96.974609375
08:00:33,912810TZ1,TSRYS5752098,D,S,T,2024-05-13,1000000.00,4.737605,96.966796875
08:00:33,912810TZ1,TSRYS5752098,D,S,T,2024-05-13,1000000.00,4.7387,96.953125
08:00:33,912810TZ1,TSRYS5752098,D,S,T,2024-05-13,1000000.00,4.738857,96.951171875
08:00:33,912810TZ1,TSRYS5752098,D,S,T,2024-05-13,1000000.00,4.739796,96.939453125
08:00:33,912810TZ1,TSRYS5752098,D,S,T,2024-05-13,1000000.00,4.739796,96.939453125
08:00:33,912810TZ1,TSRYS5752098,D,S,T,2024-05-13,2000000.00,4.737918,96.962890625
08:00:33,912810TZ1,TSRYS5752098,D,S,T,2024-05-13,1000000.00,4.738074,96.9609375
08:00:33,912810TZ1,TSRYS5752098,D,S,T,2024-05-13,1000000.00,4.738074,96.9609375
08:00:33,912810TZ1,TSRYS5752098,D,S,T,2024-05-13,1000000.00,4.738231,96.958984375
08:00:33,912810TZ1,TSRYS5752098,D,S,T,2024-05-13,1000000.00,4.737136,96.97265625
08:00:33,912810TZ1,TSRYS5752098,D,S,T,2024-05-13,1000000.00,4.737136,96.97265625
08:00:33,912810TZ1,TSRYS5752098,D,S,T,2024-05-13,1000000.00,4.735884,96.98828125
08:00:33,912810TZ1,TSRYS5752098,D,S,T,2024-05-13,1000000.00,4.736041,96.986328125
08:00:33,912810TZ1,TSRYS5752098,D,S,T,2024-05-13,1000000.00,4.735415,96.994140625
08:00:33,912810TZ1,TSRYS5752098,D,S,T,2024-05-13,1000000.00,4.736354,96.982421875
08:00:33,912810TZ1,TSRYS5752098,D,S,T,2024-05-13,1000000.00,4.734946,97.0
08:00:33,912810TZ1,TSRYS5752098,D,S,T,2024-05-13,1000000.00,4.734946,97.0
08:00:33,912810TZ1,TSRYS5752098,D,S,T,2024-05-13,1000000.00,4.734477,97.005859375
08:00:33,912810TZ1,TSRYS5752098,D,S,T,2024-05-13,2000000.00,4.734946,97.0
08:00:33,912810TZ1,TSRYS5752098,D,S,T,2024-05-13,1000000.00,4.734946,97.0
08:00:33,912810TZ1,TSRYS5752098,D,S,T,2024-05-13,1000000.00,4.737136,96.97265625
08:00:33,912810TZ1,TSRYS5752098,D,S,T,2024-05-13,1000000.00,4.739952,96.9375
08:00:33,912810TZ1,TSRYS5752098,D,S,T,2024-05-13,1000000.00,4.7387,96.953125
08:00:33,912810TZ1,TSRYS5752098,D,S,T,2024-05-13,1000000.00,4.7387,96.953125
08:00:33,912810TZ1,TSRYS5752098,D,S,T,2024-05-13,1000000.00,4.7387,96.953125
08:00:33,912810TZ1,TSRYS5752098,D,S,T,2024-05-13,1000000.00,4.7387,96.953125
08:00:33,912810TZ1,TSRYS5752098,D,S,T,2024-05-13,1000000.00,4.7387,96.953125
08:00:33,912810TZ1,TSRYS5752098,D,S,T,2024-05-13,1000000.00,4.7387,96.953125
08:00:33,912810TZ1,TSRYS5752098,D,S,T,2024-05-13,1000000.00,4.7387,96.953125
08:00:33,912810TZ1,TSRYS5752098,D,S,T,2024-05-13,1000000.00,4.7387,96.953125
08:00:33,912810TZ1,TSRYS5752098,D,S,T,2024-05-13,1000000.00,4.7387,96.953125
08:00:33,912810TZ1,TSRYS5752098,D,S,T,2024-05-13,1000000.00,4.732445,97.03125
08:00:33,912810TZ1,TSRYS5752098,D,S,T,2024-05-13,1000000.00,4.732445,97.03125
08:00:33,912810TZ1,TSRYS5752098,D,S,T,2024-05-13,1000000.00,4.732445,97.03125
08:00:33,912810TZ1,TSRYS5752098,D,S,T,2024-05-13,1000000.00,4.732445,97.03125
08:00:33,912810TZ1,TSRYS5752098,D,S,T,2024-05-13,1000000.00,4.732445,97.03125
08:00:33,912810TZ1,TSRYS5752098,D,S,T,2024-05-13,1000000.00,4.732445,97.03125
08:00:33,912810TZ1,TSRYS5752098,D,S,T,2024-05-13,1000000.00,4.732445,97.03125
08:00:33,912810TZ1,TSRYS5752098,D,S,T,2024-05-13,1000000.00,4.728694,97.078125
08:00:33,912810TZ1,TSRYS5752098,D,S,T,2024-05-13,2000000.00,4.728694,97.078125
08:00:33,912810TZ1,TSRYS5752098,D,S,T,2024-05-13,1000000.00,4.728694,97.078125
08:00:33,912810TZ1,TSRYS5752098,D,S,T,2024-05-13,1000000.00,4.729163,97.072265625
08:00:33,912810TZ1,TSRYS5752098,D,S,T,2024-05-13,1000000.00,4.729007,97.07421875
08:00:34,912810TZ1,TSRYS5752098,D,S,T,2024-05-13,1000000.00,4.736197,96.984375
08:00:34,912810TZ1,TSRYS5752098,D,S,T,2024-05-13,1000000.00,4.736197,96.984375
08:00:34,912810TZ1,TSRYS5752098,D,S,T,2024-05-13,1000000.00,4.7387,96.953125
08:00:34,912810TZ1,TSRYS5752098,D,S,T,2024-05-13,1000000.00,4.7387,96.953125
08:00:34,912810TZ1,TSRYS5752098,D,S,T,2024-05-13,1000000.00,4.737449,96.96875
08:00:34,912810TZ1,TSRYS5752098,D,S,T,2024-05-13,1000000.00,4.73651,96.98046875
08:00:34,912810TZ1,TSRYS5752098,D,S,T,2024-05-13,1000000.00,4.736197,96.984375
08:00:34,912810TZ1,TSRYS5752098,D,S,T,2024-05-13,1000000.00,4.728694,97.078125
08:00:34,912810TZ1,TSRYS5752098,D,S,T,2024-05-13,1000000.00,4.727913,97.087890625
08:00:34,912810TZ1,TSRYS5752098,D,S,T,2024-05-13,1000000.00,4.727913,97.087890625
08:00:34,912810TZ1,TSRYS5752098,D,S,T,2024-05-13,1000000.00,4.724946,97.125
08:00:34,912810TZ1,TSRYS5752098,D,S,T,2024-05-13,1000000.00,4.726195,97.109375
08:00:34,912810TZ1,TSRYS5752098,D,S,D,2024-05-13,1000000.00,4.732445,97.03125
08:00:34,912810TZ1,TSRYS5752098,D,S,D,2024-05-13,1000000.00,4.73479,97.001953125
08:00:34,912810TZ1,TSRYS5752098,D,S,D,2024-05-13,1000000.00,4.732288,97.033203125
08:00:34,912810TZ1,TSRYS5752098,D,S,D,2024-05-13,1000000.00,4.732445,97.03125
08:00:34,912810TZ1,TSRYS5752098,D,S,D,2024-05-13,1000000.00,4.723229,97.146484375
08:00:34,912810TZ1,TSRYS5752098,D,S,T,2024-05-13,1000000.00,4.736979,96.974609375
08:00:34,912810TZ1,TSRYS5752098,D,S,T,2024-05-13,1000000.00,4.736979,96.974609375
08:00:34,912810TZ1,TSRYS5752098,D,S,T,2024-05-13,1000000.00,4.736979,96.974609375
08:00:34,912810TZ1,TSRYS5752098,D,S,T,2024-05-13,1000000.00,4.736666,96.978515625
08:00:34,912810TZ1,TSRYS5752098,D,S,T,2024-05-13,1000000.00,4.736979,96.974609375
08:00:34,912810TZ1,TSRYS5752098,D,S,T,2024-05-13,1000000.00,4.737292,96.970703125
08:00:34,912810TZ1,TSRYS5752098,D,S,T,2024-05-13,1000000.00,4.737761,96.96484375
08:00:34,912810TZ1,TSRYS5752098,D,S,T,2024-05-13,1000000.00,4.738231,96.958984375
08:00:34,912810TZ1,TSRYS5752098,D,S,T,2024-05-13,1000000.00,4.738387,96.95703125
08:00:34,912810TZ1,TSRYS5752098,D,S,T,2024-05-13,1000000.00,4.73651,96.98046875
08:00:34,912810TZ1,TSRYS5752098,D,S,T,2024-05-13,1000000.00,4.736197,96.984375
08:00:34,912810TZ1,TSRYS5752098,D,S,T,2024-05-13,1000000.00,4.729475,97.068359375
08:00:34,912810TZ1,TSRYS5752098,D,S,T,2024-05-13,1000000.00,4.739483,96.943359375
08:00:34,912810TZ1,TSRYS5752098,D,S,T,2024-05-13,1000000.00,4.732757,97.02734375
08:00:34,912810TZ1,TSRYS5752098,D,S,T,2024-05-13,1000000.00,4.732601,97.029296875
08:00:34,912810TZ1,TSRYS5752098,D,S,T,2024-05-13,1000000.00,4.732445,97.03125
08:00:34,912810TZ1,TSRYS5752098,D,S,T,2024-05-13,1000000.00,4.735259,96.99609375
08:00:34,912810TZ1,TSRYS5752098,D,S,T,2024-05-13,1000000.00,4.73479,97.001953125
08:00:34,912810TZ1,TSRYS5752098,D,S,T,2024-05-13,1000000.00,4.728538,97.080078125
08:00:34,912810TZ1,TSRYS5752098,D,S,T,2024-05-13,1000000.00,4.725727,97.115234375
08:00:34,912810TZ1,TSRYS5752098,D,S,T,2024-05-13,1000000.00,4.723229,97.146484375
08:00:34,912810TZ1,TSRYS5752098,D,S,T,2024-05-13,2000000.00,4.726976,97.099609375
08:00:34,912810TZ1,TSRYS5752098,D,S,T,2024-05-13,1000000.00,4.727913,97.087890625
08:00:34,912810TZ1,TSRYS5752098,D,S,T,2024-05-13,1000000.00,4.728382,97.08203125
08:00:34,912810TZ1,TSRYS5752098,D,S,T,2024-05-13,1000000.00,4.727913,97.087890625
08:00:34,912810TZ1,TSRYS5752098,D,S,T,2024-05-13,1000000.00,4.727913,97.087890625
08:00:34,912810TZ1,TSRYS5752098,D,B,C,2024-05-13,30000.00,4.738721,96.953125
08:00:34,912810TZ1,TSRYS5752098,D,S,A,2024-05-13,100000.00,4.730257,97.05859375
08:00:34,912810TZ1,TSRYS5752098,D,S,A,2024-05-13,34000.00,4.732132,97.03515625
08:00:34,912810TZ1,TSRYS5752098,D,S,A,2024-05-13,10200000.00,4.737449,96.96875
08:00:34,912810TZ1,TSRYS5752098,D,S,D,2024-05-13,200000.00,4.730882,97.05078125
08:00:34,912810TZ1,TSRYS5752098,D,S,C,2024-05-13,750000.00,4.72682,97.1015625
08:00:34,912810TZ1,TSRYS5752098,D,S,C,2024-05-13,700000.00,4.727757,97.08984375
08:00:34,912810TZ1,TSRYS5752098,D,B,C,2024-05-13,500000.00,4.727445,97.09375
08:00:43,912810TZ1,TSRYS5752098,D,S,C,2024-05-13,250000.00,4.736197,96.984375
08:00:50,912810TZ1,TSRYS5752098,D,S,T,2024-05-13,1000000.00,4.728069,97.0859375
08:00:50,912810TZ1,TSRYS5752098,D,S,T,2024-05-13,1000000.00,4.727445,97.09375
08:00:51,912810TZ1,TSRYS5752098,D,S,D,2024-05-13,1000000.00,4.727757,97.08984375
08:00:51,912810TZ1,TSRYS5752098,D,S,T,2024-05-13,1000000.00,4.728069,97.0859375
08:00:51,912810TZ1,TSRYS5752098,D,S,T,2024-05-13,1000000.00,4.727913,97.087890625
08:00:52,912810TZ1,TSRYS5752098,D,S,T,2024-05-13,1000000.00,4.728382,97.08203125
08:00:53,912810TZ1,TSRYS5752098,D,S,T,2024-05-13,1000000.00,4.727913,97.087890625
08:00:53,912810TZ1,TSRYS5752098,D,S,T,2024-05-13,1000000.00,4.728382,97.08203125
08:00:56,912810TZ1,TSRYS5752098,D,S,D,2024-05-13,1000000.00,4.728382,97.08203125
08:01:00,912810TZ1,TSRYS5752098,D,S,A,2024-05-13,470000.00,4.72643,97.106445312
08:01:01,912810TZ1,TSRYS5752098,D,S,T,2024-05-13,1000000.00,4.728702,97.078025
08:01:02,912810TZ1,TSRYS5752098,D,S,A,2024-05-13,1000000.00,4.735259,96.99609375
08:01:04,912810TZ1,TSRYS5752098,D,S,D,2024-05-13,1000000.00,4.737449,96.96875
08:01:04,912810TZ1,TSRYS5752098,D,S,D,2024-05-13,1000000.00,4.737449,96.96875
08:01:04,912810TZ1,TSRYS5752098,D,S,D,2024-05-13,1000000.00,4.737449,96.96875
08:01:04,912810TZ1,TSRYS5752098,D,S,C,2024-05-13,1000000.00,4.737761,96.96484375
08:01:04,912810TZ1,TSRYS5752098,D,S,D,2024-05-13,1000000.00,4.737449,96.96875
08:01:04,912810TZ1,TSRYS5752098,D,S,C,2024-05-13,1000000.00,4.737761,96.96484375
08:01:04,912810TZ1,TSRYS5752098,D,S,C,2024-05-13,1000000.00,4.737761,96.96484375
08:01:04,912810TZ1,TSRYS5752098,D,S,C,2024-05-13,1000000.00,4.737761,96.96484375
08:01:04,912810TZ1,TSRYS5752098,D,S,D,2024-05-13,1000000.00,4.737449,96.96875
08:01:04,912810TZ1,TSRYS5752098,D,S,D,2024-05-13,1000000.00,4.736823,96.9765625
08:01:04,912810TZ1,TSRYS5752098,D,S,C,2024-05-13,1000000.00,4.739013,96.94921875
08:01:04,912810TZ1,TSRYS5752098,D,S,D,2024-05-13,1000000.00,4.734946,97.0
08:01:04,912810TZ1,TSRYS5752098,D,S,D,2024-05-13,1000000.00,4.732445,97.03125
08:01:10,912810TZ1,TSRYS5752098,D,S,C,2024-05-13,1000000.00,4.727757,97.08984375
08:01:12,912810TZ1,TSRYS5752098,D,S,D,2024-05-13,1000000.00,4.737449,96.96875
08:01:12,912810TZ1,TSRYS5752098,D,S,D,2024-05-13,1000000.00,4.736823,96.9765625
08:01:12,912810TZ1,TSRYS5752098,D,S,D,2024-05-13,1000000.00,4.734946,97.0
08:01:12,912810TZ1,TSRYS5752098,D,S,D,2024-05-13,1000000.00,4.732445,97.03125
08:01:12,912810TZ1,TSRYS5752098,D,S,D,2024-05-13,1000000.00,4.737761,96.96484375
08:01:12,912810TZ1,TSRYS5752098,D,S,D,2024-05-13,1000000.00,4.737761,96.96484375
08:01:12,912810TZ1,TSRYS5752098,D,S,D,2024-05-13,1000000.00,4.737761,96.96484375
08:01:12,912810TZ1,TSRYS5752098,D,S,D,2024-05-13,1000000.00,4.737761,96.96484375
08:01:12,912810TZ1,TSRYS5752098,D,B,C,2024-05-13,1000000.00,4.72401,97.13671875
08:01:12,912810TZ1,TSRYS5752098,D,S,D,2024-05-13,1000000.00,4.737449,96.96875
08:01:12,912810TZ1,TSRYS5752098,D,S,D,2024-05-13,1000000.00,4.72401,97.13671875
08:01:12,912810TZ1,TSRYS5752098,D,S,D,2024-05-13,1000000.00,4.737449,96.96875
08:01:12,912810TZ1,TSRYS5752098,D,S,D,2024-05-13,1000000.00,4.737449,96.96875
08:01:12,912810TZ1,TSRYS5752098,D,S,D,2024-05-13,1000000.00,4.737449,96.96875
08:01:12,912810TZ1,TSRYS5752098,D,S,T,2024-05-13,1000000.00,4.737457,96.96865
08:01:12,912810TZ1,TSRYS5752098,D,S,T,2024-05-13,1000000.00,4.737457,96.96865
08:01:12,912810TZ1,TSRYS5752098,D,S,T,2024-05-13,1000000.00,4.737457,96.96865
08:01:13,912810TZ1,TSRYS5752098,D,S,T,2024-05-13,1000000.00,4.737457,96.96865
08:01:13,912810TZ1,TSRYS5752098,D,S,T,2024-05-13,1000000.00,4.737457,96.96865
08:01:13,912810TZ1,TSRYS5752098,D,S,T,2024-05-13,1000000.00,4.737457,96.96865
08:01:13,912810TZ1,TSRYS5752098,D,S,T,2024-05-13,1000000.00,4.737457,96.96865
08:01:13,912810TZ1,TSRYS5752098,D,S,T,2024-05-13,1000000.00,4.737457,96.96865
08:01:13,912810TZ1,TSRYS5752098,D,S,T,2024-05-13,1000000.00,4.737613,96.966696875
08:01:13,912810TZ1,TSRYS5752098,D,S,T,2024-05-13,1000000.00,4.737769,96.96474375
08:01:13,912810TZ1,TSRYS5752098,D,S,T,2024-05-13,1000000.00,4.737769,96.96474375
08:01:13,912810TZ1,TSRYS5752098,D,S,T,2024-05-13,1000000.00,4.737769,96.96474375
08:01:13,912810TZ1,TSRYS5752098,D,S,T,2024-05-13,1000000.00,4.737769,96.96474375
08:01:13,912810TZ1,TSRYS5752098,D,S,T,2024-05-13,1000000.00,4.737457,96.96865
08:01:13,912810TZ1,TSRYS5752098,D,S,T,2024-05-13,1000000.00,4.737769,96.96474375
08:01:13,912810TZ1,TSRYS5752098,D,S,T,2024-05-13,1000000.00,4.737769,96.96474375
08:01:13,912810TZ1,TSRYS5752098,D,S,T,2024-05-13,1000000.00,4.737769,96.96474375
08:01:13,912810TZ1,TSRYS5752098,D,S,T,2024-05-13,1000000.00,4.737769,96.96474375
08:01:13,912810TZ1,TSRYS5752098,D,S,T,2024-05-13,1000000.00,4.737769,96.96474375
08:01:13,912810TZ1,TSRYS5752098,D,S,T,2024-05-13,1000000.00,4.737769,96.96474375
08:01:13,912810TZ1,TSRYS5752098,D,S,T,2024-05-13,2000000.00,4.737769,96.96474375
08:01:13,912810TZ1,TSRYS5752098,D,S,T,2024-05-13,1000000.00,4.737769,96.96474375
08:01:13,912810TZ1,TSRYS5752098,D,S,T,2024-05-13,1000000.00,4.737769,96.96474375
08:01:13,912810TZ1,TSRYS5752098,D,S,T,2024-05-13,1000000.00,4.737769,96.96474375
08:01:13,912810TZ1,TSRYS5752098,D,S,T,2024-05-13,1000000.00,4.737769,96.96474375
08:01:13,912810TZ1,TSRYS5752098,D,S,T,2024-05-13,1000000.00,4.737769,96.96474375
08:01:13,912810TZ1,TSRYS5752098,D,S,T,2024-05-13,1000000.00,4.737769,96.96474375
08:01:13,912810TZ1,TSRYS5752098,D,S,T,2024-05-13,1000000.00,4.737457,96.96865
08:01:13,912810TZ1,TSRYS5752098,D,S,T,2024-05-13,1000000.00,4.737457,96.96865
08:01:13,912810TZ1,TSRYS5752098,D,S,T,2024-05-13,1000000.00,4.737457,96.96865
08:01:13,912810TZ1,TSRYS5752098,D,S,T,2024-05-13,1000000.00,4.737769,96.96474375
08:01:13,912810TZ1,TSRYS5752098,D,S,T,2024-05-13,1000000.00,4.737769,96.96474375
08:01:13,912810TZ1,TSRYS5752098,D,S,T,2024-05-13,1000000.00,4.737457,96.96865
08:01:13,912810TZ1,TSRYS5752098,D,S,T,2024-05-13,1000000.00,4.737457,96.96865
08:01:13,912810TZ1,TSRYS5752098,D,S,T,2024-05-13,1000000.00,4.737457,96.96865
08:01:13,912810TZ1,TSRYS5752098,D,S,T,2024-05-13,1000000.00,4.736831,96.9764625
08:01:13,912810TZ1,TSRYS5752098,D,S,T,2024-05-13,1000000.00,4.736831,96.9764625
08:01:13,912810TZ1,TSRYS5752098,D,S,T,2024-05-13,1000000.00,4.736831,96.9764625
08:01:13,912810TZ1,TSRYS5752098,D,S,T,2024-05-13,1000000.00,4.736831,96.9764625
08:01:13,912810TZ1,TSRYS5752098,D,S,T,2024-05-13,1000000.00,4.736831,96.9764625
08:01:13,912810TZ1,TSRYS5752098,D,S,T,2024-05-13,1000000.00,4.736831,96.9764625
08:01:13,912810TZ1,TSRYS5752098,D,S,T,2024-05-13,1000000.00,4.736831,96.9764625
08:01:13,912810TZ1,TSRYS5752098,D,S,T,2024-05-13,1000000.00,4.736831,96.9764625
08:01:13,912810TZ1,TSRYS5752098,D,S,T,2024-05-13,1000000.00,4.736831,96.9764625
08:01:13,912810TZ1,TSRYS5752098,D,S,T,2024-05-13,1000000.00,4.736831,96.9764625
08:01:13,912810TZ1,TSRYS5752098,D,S,T,2024-05-13,1000000.00,4.736831,96.9764625
08:01:13,912810TZ1,TSRYS5752098,D,S,T,2024-05-13,1000000.00,4.736831,96.9764625
08:01:13,912810TZ1,TSRYS5752098,D,S,C,2024-05-13,200000.00,4.728694,97.078125
08:01:13,912810TZ1,TSRYS5752098,D,B,A,2024-05-13,200000.00,4.728694,97.078125
08:01:13,912810TZ1,TSRYS5752098,D,S,T,2024-05-13,1000000.00,4.737457,96.96865
08:01:13,912810TZ1,TSRYS5752098,D,S,T,2024-05-13,1000000.00,4.737457,96.96865
08:01:13,912810TZ1,TSRYS5752098,D,S,T,2024-05-13,1000000.00,4.737457,96.96865
08:01:13,912810TZ1,TSRYS5752098,D,S,C,2024-05-13,17700.00,4.728714,97.078125
08:01:13,912810TZ1,TSRYS5752098,D,B,A,2024-05-13,17700.00,4.728714,97.078125
08:01:13,912810TZ1,TSRYS5752098,D,S,T,2024-05-13,1000000.00,4.737457,96.96865
08:01:13,912810TZ1,TSRYS5752098,D,S,T,2024-05-13,1000000.00,4.736831,96.9764625
08:01:13,912810TZ1,TSRYS5752098,D,S,T,2024-05-13,2000000.00,4.736831,96.9764625
08:01:13,912810TZ1,TSRYS5752098,D,S,T,2024-05-13,2000000.00,4.736205,96.984275
08:01:13,912810TZ1,TSRYS5752098,D,S,T,2024-05-13,1000000.00,4.736674,96.978415625
08:01:13,912810TZ1,TSRYS5752098,D,S,T,2024-05-13,2000000.00,4.736831,96.9764625
08:01:13,912810TZ1,TSRYS5752098,D,S,T,2024-05-13,1000000.00,4.736831,96.9764625
08:01:13,912810TZ1,TSRYS5752098,D,S,T,2024-05-13,1000000.00,4.736831,96.9764625
08:01:13,912810TZ1,TSRYS5752098,D,S,T,2024-05-13,1000000.00,4.736831,96.9764625
08:01:13,912810TZ1,TSRYS5752098,D,S,T,2024-05-13,1000000.00,4.736831,96.9764625
08:01:13,912810TZ1,TSRYS5752098,D,S,T,2024-05-13,1000000.00,4.736831,96.9764625
08:01:13,912810TZ1,TSRYS5752098,D,S,T,2024-05-13,1000000.00,4.736831,96.9764625
08:01:13,912810TZ1,TSRYS5752098,D,S,T,2024-05-13,1000000.00,4.7373,96.970603125
08:01:13,912810TZ1,TSRYS5752098,D,S,T,2024-05-13,1000000.00,4.736205,96.984275
08:01:13,912810TZ1,TSRYS5752098,D,S,T,2024-05-13,1000000.00,4.736205,96.984275
08:01:13,912810TZ1,TSRYS5752098,D,S,T,2024-05-13,1000000.00,4.736205,96.984275
08:01:13,912810TZ1,TSRYS5752098,D,S,T,2024-05-13,1000000.00,4.736205,96.984275
08:01:13,912810TZ1,TSRYS5752098,D,S,T,2024-05-13,1000000.00,4.735892,96.98818125
08:01:13,912810TZ1,TSRYS5752098,D,S,T,2024-05-13,1000000.00,4.735892,96.98818125
08:01:13,912810TZ1,TSRYS5752098,D,S,T,2024-05-13,1000000.00,4.734954,96.9999
08:01:13,912810TZ1,TSRYS5752098,D,S,T,2024-05-13,1000000.00,4.734954,96.9999
08:01:13,912810TZ1,TSRYS5752098,D,S,T,2024-05-13,1000000.00,4.734954,96.9999
08:01:13,912810TZ1,TSRYS5752098,D,S,T,2024-05-13,1000000.00,4.734954,96.9999
08:01:13,912810TZ1,TSRYS5752098,D,S,T,2024-05-13,1000000.00,4.734954,96.9999
08:01:13,912810TZ1,TSRYS5752098,D,S,T,2024-05-13,1000000.00,4.734954,96.9999
08:01:13,912810TZ1,TSRYS5752098,D,S,T,2024-05-13,1000000.00,4.734954,96.9999
08:01:13,912810TZ1,TSRYS5752098,D,S,T,2024-05-13,2000000.00,4.732453,97.03115
08:01:13,912810TZ1,TSRYS5752098,D,S,T,2024-05-13,1000000.00,4.732453,97.03115
08:01:14,912810TZ1,TSRYS5752098,D,S,D,2024-05-13,100000.00,4.726508,97.10546875
08:01:14,912810TZ1,TSRYS5752098,D,B,A,2024-05-13,100000.00,4.726508,97.10546875
08:01:14,912810TZ1,TSRYS5752098,D,S,C,2024-05-13,40000000.00,4.738387,96.95703125
08:01:14,912810TZ1,TSRYS5752098,D,B,C,2024-05-13,7000000.00,4.701611,97.41796875
08:01:14,912810TZ1,TSRYS5752098,D,B,C,2024-05-13,2000000.00,4.701611,97.41796875
08:01:15,912810TZ1,TSRYS5752098,D,B,C,2024-05-13,18750000.00,4.737537,96.96765
08:01:15,912810TZ1,TSRYS5752098,D,B,C,2024-05-13,6250000.00,4.737537,96.96765
08:01:15,912810TZ1,TSRYS5752098,D,B,C,2024-05-13,18750000.00,4.737843,96.9638219
08:01:15,912810TZ1,TSRYS5752098,D,B,C,2024-05-13,6250000.00,4.737843,96.9638219
08:01:15,912810TZ1,TSRYS5752098,D,B,C,2024-05-13,3750000.00,4.737537,96.96765
08:01:15,912810TZ1,TSRYS5752098,D,B,C,2024-05-13,1250000.00,4.737537,96.96765
08:01:15,912810TZ1,TSRYS5752098,D,B,C,2024-05-13,18750000.00,4.736905,96.9755406
08:01:15,912810TZ1,TSRYS5752098,D,B,C,2024-05-13,6250000.00,4.736905,96.9755406
08:01:15,912810TZ1,TSRYS5752098,D,B,C,2024-05-13,7500000.00,4.736223,96.9840563
08:01:15,912810TZ1,TSRYS5752098,D,B,C,2024-05-13,2500000.00,4.736223,96.9840563
08:01:15,912810TZ1,TSRYS5752098,D,B,C,2024-05-13,7500000.00,4.735034,96.9989
08:01:15,912810TZ1,TSRYS5752098,D,B,C,2024-05-13,2500000.00,4.735034,96.9989
08:01:15,912810TZ1,TSRYS5752098,D,B,C,2024-05-13,7500000.00,4.732533,97.03015
08:01:15,912810TZ1,TSRYS5752098,D,B,C,2024-05-13,2500000.00,4.732533,97.03015
08:01:15,912810TZ1,TSRYS5752098,D,S,D,2024-05-13,1000000.00,4.729419,97.0690594
08:01:15,912810TZ1,TSRYS5752098,D,S,D,2024-05-13,1000000.00,4.739427,96.9440594
08:01:15,912810TZ1,TSRYS5752098,D,S,D,2024-05-13,1000000.00,4.736297,96.9831219
08:01:20,912810TZ1,TSRYS5752098,D,S,D,2024-05-13,1000000.00,4.738387,96.95703125
08:01:21,912810TZ1,TSRYS5752098,D,S,D,2024-05-13,1000000.00,4.7387,96.953125
08:01:21,912810TZ1,TSRYS5752098,D,S,T,2024-05-13,1000000.00,4.7387,96.953125
08:01:21,912810TZ1,TSRYS5752098,D,S,D,2024-05-13,1000000.00,4.7387,96.953125
08:01:21,912810TZ1,TSRYS5752098,D,S,T,2024-05-13,1000000.00,4.738857,96.95117187
08:01:21,912810TZ1,TSRYS5752098,D,S,D,2024-05-13,1000000.00,4.738857,96.95117187
08:01:21,912810TZ1,TSRYS5752098,D,S,D,2024-05-13,1000000.00,4.739013,96.94921875
08:01:21,912810TZ1,TSRYS5752098,D,S,D,2024-05-13,1000000.00,4.739013,96.94921875
08:01:21,912810TZ1,TSRYS5752098,D,S,T,2024-05-13,1000000.00,4.736197,96.984375
08:01:21,912810TZ1,TSRYS5752098,D,S,T,2024-05-13,1000000.00,4.739952,96.9375
08:01:21,912810TZ1,TSRYS5752098,D,S,T,2024-05-13,1000000.00,4.739952,96.9375
08:01:21,912810TZ1,TSRYS5752098,D,S,T,2024-05-13,1000000.00,4.737467,96.968525
08:01:21,912810TZ1,TSRYS5752098,D,S,T,2024-05-13,1000000.00,4.737467,96.968525
08:01:21,912810TZ1,TSRYS5752098,D,S,T,2024-05-13,1000000.00,4.737467,96.968525
08:01:22,912810TZ1,TSRYS5752098,D,S,T,2024-05-13,1000000.00,4.736215,96.98415
08:01:22,912810TZ1,TSRYS5752098,D,S,T,2024-05-13,1000000.00,4.736215,96.98415
08:01:22,912810TZ1,TSRYS5752098,D,S,T,2024-05-13,1000000.00,4.734964,96.999775
08:01:22,912810TZ1,TSRYS5752098,D,S,T,2024-05-13,1000000.00,4.734964,96.999775
08:01:22,912810TZ1,TSRYS5752098,D,S,D,2024-05-13,5140000.00,4.736197,96.984375
08:01:22,912810TZ1,TSRYS5752098,D,S,T,2024-05-13,1000000.00,4.732463,97.031025
08:01:22,912810TZ1,TSRYS5752098,D,S,T,2024-05-13,1000000.00,4.732463,97.031025
08:01:22,912810TZ1,TSRYS5752098,D,S,T,2024-05-13,1000000.00,4.737449,96.96875
08:01:22,912810TZ1,TSRYS5752098,D,S,T,2024-05-13,1000000.00,4.737449,96.96875
08:01:22,912810TZ1,TSRYS5752098,D,S,T,2024-05-13,1000000.00,4.737449,96.96875
08:01:22,912810TZ1,TSRYS5752098,D,S,T,2024-05-13,1000000.00,4.737292,96.970703125
08:01:22,912810TZ1,TSRYS5752098,D,S,T,2024-05-13,1000000.00,4.732445,97.03125
08:01:22,912810TZ1,TSRYS5752098,D,S,T,2024-05-13,1000000.00,4.732445,97.03125
08:01:22,912810TZ1,TSRYS5752098,D,S,T,2024-05-13,1000000.00,4.732445,97.03125
08:01:22,912810TZ1,TSRYS5752098,D,S,T,2024-05-13,1000000.00,4.732445,97.03125
08:01:23,912810TZ1,TSRYS5752098,D,S,D,2024-05-13,1000000.00,4.7387,96.953125
08:01:23,912810TZ1,TSRYS5752098,D,S,D,2024-05-13,1000000.00,4.738387,96.95703125
08:01:23,912810TZ1,TSRYS5752098,D,S,D,2024-05-13,1000000.00,4.738387,96.95703125
08:01:23,912810TZ1,TSRYS5752098,D,B,C,2024-05-13,1000000.00,4.738231,96.95898437
08:01:23,912810TZ1,TSRYS5752098,D,S,D,2024-05-13,1000000.00,4.738387,96.95703125
08:01:23,912810TZ1,TSRYS5752098,D,S,D,2024-05-13,1000000.00,4.738387,96.95703125
08:01:23,912810TZ1,TSRYS5752098,D,S,C,2024-05-13,1000000.00,4.72682,97.1015625
08:01:23,912810TZ1,TSRYS5752098,D,S,T,2024-05-13,1000000.00,4.729944,97.0625
08:01:24,912810TZ1,TSRYS5752098,D,S,C,2024-05-13,1000000.00,4.73796,96.96237
08:01:24,912810TZ1,TSRYS5752098,D,B,C,2024-05-13,13000000.00,4.738652,96.95373
08:01:24,912810TZ1,TSRYS5752098,D,S,A,2024-05-13,1000000.00,4.737449,96.96875
08:01:24,912810TZ1,TSRYS5752098,D,S,A,2024-05-13,6300000.00,4.737782,96.96484375
08:01:24,912810TZ1,TSRYS5752098,D,S,A,2024-05-13,160800.00,4.736843,96.9765625
08:01:27,912810TZ1,TSRYS5752098,D,S,C,2024-05-13,1000000.00,4.728851,97.07617
08:01:28,912810TZ1,TSRYS5752098,D,S,D,2024-05-13,1700000.00,4.729612,97.06640625
08:01:28,912810TZ1,TSRYS5752098,D,B,C,2024-05-13,1000000.00,4.73135,97.044921875
08:01:28,912810TZ1,TSRYS5752098,D,S,D,2024-05-13,1000000.00,4.73135,97.044921875
08:01:28,912810TZ1,TSRYS5752098,D,S,D,2024-05-13,500000.00,4.733695,97.015625
08:01:30,912810TZ1,TSRYS5752098,D,S,A,2024-05-13,200000.00,4.728382,97.08203125
08:01:30,912810TZ1,TSRYS5752098,D,B,A,2024-05-13,130000.00,4.728694,97.078125
08:01:30,912810TZ1,TSRYS5752098,D,S,A,2024-05-13,50000.00,4.727445,97.09375
08:01:30,912810TZ1,TSRYS5752098,D,S,C,2024-05-13,2000.00,4.727445,97.34375
08:01:30,912810TZ1,TSRYS5752098,D,S,D,2024-05-13,1000000.00,4.737449,96.96875
08:01:30,912810TZ1,TSRYS5752098,D,S,D,2024-05-13,1000000.00,4.737449,96.96875
08:01:31,912810TZ1,TSRYS5752098,D,S,D,2024-05-13,1000000.00,4.737449,96.96875
08:01:32,912810TZ1,TSRYS5752098,D,S,D,2024-05-13,2000.00,4.727445,97.09375
08:01:32,912810TZ1,TSRYS5752098,D,S,D,2024-05-13,1700000.00,4.729651,97.06640625
08:01:33,912810TZ1,TSRYS5752098,D,S,C,2024-05-13,1000000.00,4.737761,96.96484375
08:01:33,912810TZ1,TSRYS5752098,D,S,T,2024-05-13,1000000.00,4.737761,96.96484375
08:01:33,912810TZ1,TSRYS5752098,D,S,A,2024-05-13,10000.00,4.734028,97.01171875
08:01:34,912810TZ1,TSRYS5752098,D,S,A,2024-05-13,1800000.00,4.729378,97.0703125
08:01:34,912810TZ1,TSRYS5752098,D,B,A,2024-05-13,2480000.00,4.726195,97.109375
08:01:35,912810TZ1,TSRYS5752098,D,S,C,2024-05-13,5000000.00,4.733734,97.01514
08:01:35,912810TZ1,TSRYS5752098,D,S,D,2024-05-13,1000000.00,4.736979,96.974609375
08:01:36,912810TZ1,TSRYS5752098,D,S,D,2024-05-13,1000000.00,4.736979,96.974609375
08:01:36,912810TZ1,TSRYS5752098,D,S,D,2024-05-13,1000000.00,4.737292,96.970703125
08:01:37,912810TZ1,TSRYS5752098,D,S,C,2024-05-13,1000000.00,4.7387,96.953125
08:01:39,912810TZ1,TSRYS5752098,D,S,A,2024-05-13,50000.00,4.739952,96.9375
08:01:39,912810TZ1,TSRYS5752098,D,S,C,2024-05-13,5000000.00,4.723665,97.14104
08:01:40,912810TZ1,TSRYS5752098,D,S,C,2024-05-13,1000000.00,4.727132,97.09765625
08:01:40,912810TZ1,TSRYS5752098,D,S,D,2024-05-13,1000000.00,4.727445,97.09375
08:01:40,912810TZ1,TSRYS5752098,D,B,C,2024-05-13,1000000.00,4.732299,97.03307
08:01:40,912810TZ1,TSRYS5752098,D,B,C,2024-05-13,1000000.00,4.732299,97.03307
08:01:40,912810TZ1,TSRYS5752098,D,B,C,2024-05-13,2000000.00,4.732299,97.03307
08:01:41,912810TZ1,TSRYS5752098,D,S,D,2024-05-13,1000000.00,4.728851,97.07617187
08:01:42,912810TZ1,TSRYS5752098,D,S,D,2024-05-13,2000000.00,4.728851,97.07617187
08:01:43,912810TZ1,TSRYS5752098,D,S,D,2024-05-13,2000000.00,4.728851,97.07617187
08:01:43,912810TZ1,TSRYS5752098,D,S,D,2024-05-13,1000000.00,4.728851,97.07617187
08:01:43,912810TZ1,TSRYS5752098,D,S,D,2024-05-13,1000000.00,4.728851,97.07617187
08:01:43,912810TZ1,TSRYS5752098,D,S,D,2024-05-13,1000000.00,4.728851,97.07617187
08:01:43,912810TZ1,TSRYS5752098,D,S,D,2024-05-13,1000000.00,4.728851,97.07617187
08:01:43,912810TZ1,TSRYS5752098,D,S,C,2024-05-13,1000000.00,4.728851,97.07617187
08:01:43,912810TZ1,TSRYS5752098,D,S,D,2024-05-13,1000000.00,4.728226,97.08398437
08:01:43,912810TZ1,TSRYS5752098,D,S,D,2024-05-13,1000000.00,4.728226,97.08398437
08:01:43,912810TZ1,TSRYS5752098,D,S,T,2024-05-13,1000000.00,4.728851,97.07617187
08:01:43,912810TZ1,TSRYS5752098,D,S,D,2024-05-13,1000000.00,4.728851,97.07617187
08:01:43,912810TZ1,TSRYS5752098,D,S,D,2024-05-13,2000000.00,4.728851,97.07617187
08:01:43,912810TZ1,TSRYS5752098,D,S,T,2024-05-13,1000000.00,4.727913,97.08789062
08:01:43,912810TZ1,TSRYS5752098,D,S,C,2024-05-13,1000000.00,4.728226,97.08398437
08:01:43,912810TZ1,TSRYS5752098,D,S,D,2024-05-13,1000000.00,4.727913,97.08789062
08:01:43,912810TZ1,TSRYS5752098,D,S,T,2024-05-13,1000000.00,4.728851,97.07617187
08:01:43,912810TZ1,TSRYS5752098,D,S,T,2024-05-13,1000000.00,4.728851,97.07617187
08:01:43,912810TZ1,TSRYS5752098,D,S,D,2024-05-13,2000000.00,4.728851,97.07617187
08:01:43,912810TZ1,TSRYS5752098,D,S,C,2024-05-13,1000000.00,4.728851,97.07617187
08:01:44,912810TZ1,TSRYS5752098,D,S,C,2024-05-13,1000000.00,4.73135,97.04492187
08:01:44,912810TZ1,TSRYS5752098,D,S,D,2024-05-13,2000000.00,4.731194,97.046875
08:01:44,912810TZ1,TSRYS5752098,D,S,C,2024-05-13,1000000.00,4.731194,97.046875
08:01:44,912810TZ1,TSRYS5752098,D,S,D,2024-05-13,1000000.00,4.728226,97.08398437
08:01:44,912810TZ1,TSRYS5752098,D,S,C,2024-05-13,1000000.00,4.723941,97.13758
08:01:45,912810TZ1,TSRYS5752098,D,S,T,2024-05-13,1000000.00,4.726976,97.099609375
08:01:46,912810TZ1,TSRYS5752098,D,S,C,2024-05-13,400000.00,4.736478,96.98286875
08:01:47,912810TZ1,TSRYS5752098,D,B,C,2024-05-13,1000000.00,4.733851,97.013671875
08:01:47,912810TZ1,TSRYS5752098,D,S,D,2024-05-13,1000000.00,4.733851,97.013671875
08:01:50,912810TZ1,TSRYS5752098,D,S,T,2024-05-13,1000000.00,4.738711,96.952995
08:01:50,912810TZ1,TSRYS5752098,D,S,T,2024-05-13,1000000.00,4.738711,96.952995
08:01:50,912810TZ1,TSRYS5752098,D,S,T,2024-05-13,1000000.00,4.738711,96.952995
08:01:50,912810TZ1,TSRYS5752098,D,S,T,2024-05-13,1000000.00,4.738711,96.952995
08:01:50,912810TZ1,TSRYS5752098,D,S,T,2024-05-13,1000000.00,4.738711,96.952995
08:01:50,912810TZ1,TSRYS5752098,D,S,T,2024-05-13,1000000.00,4.738711,96.952995
08:01:54,912810TZ1,TSRYS5752098,D,S,D,2024-05-13,1000000.00,4.7387,96.953125
08:01:54,912810TZ1,TSRYS5752098,D,S,D,2024-05-13,1000000.00,4.738857,96.951171875
08:01:56,912810TZ1,TSRYS5752098,D,S,C,2024-05-13,10000.00,4.738042,97.0113375
08:01:56,912810TZ1,TSRYS5752098,D,S,D,2024-05-13,400000.00,4.738074,96.9609375
08:01:56,912810TZ1,TSRYS5752098,D,B,C,2024-05-13,400000.00,4.738074,96.9589375
08:01:57,912810TZ1,TSRYS5752098,D,S,A,2024-05-13,1192000.00,4.729319,97.0703125
08:01:59,912810TZ1,TSRYS5752098,D,S,C,2024-05-13,1000000.00,4.73493,97.0002
08:01:59,912810TZ1,TSRYS5752098,D,B,C,2024-05-13,1000000.00,4.734946,97.0
08:02:00,912810TZ1,TSRYS5752098,D,B,C,2024-05-13,1000000.00,4.731194,97.046875
08:02:00,912810TZ1,TSRYS5752098,D,S,C,2024-05-13,1000000.00,4.731194,97.046875
08:02:00,912810TZ1,TSRYS5752098,D,S,C,2024-05-13,1000000.00,4.732429,97.03145
08:02:00,912810TZ1,TSRYS5752098,D,B,C,2024-05-13,1000000.00,4.732445,97.03125
08:02:00,912810TZ1,TSRYS5752098,D,B,C,2024-05-13,1000000.00,4.732445,97.03125
08:02:00,912810TZ1,TSRYS5752098,D,S,D,2024-05-13,1000000.00,4.732445,97.03125
08:02:00,912810TZ1,TSRYS5752098,D,B,C,2024-05-13,1000000.00,4.732445,97.03125
08:02:00,912810TZ1,TSRYS5752098,D,S,C,2024-05-13,1000000.00,4.732429,97.03145
08:02:01,912810TZ1,TSRYS5752098,D,B,C,2024-05-13,1000000.00,4.732445,97.03125
08:02:01,912810TZ1,TSRYS5752098,D,S,D,2024-05-13,1000000.00,4.732434,97.03138
08:02:01,912810TZ1,TSRYS5752098,D,B,C,2024-05-13,1000000.00,4.736197,96.984375
08:02:01,912810TZ1,TSRYS5752098,D,S,C,2024-05-13,1000000.00,4.736197,96.984375
08:02:02,912810TZ1,TSRYS5752098,D,S,C,2024-05-13,1000000.00,4.737449,96.96875
08:02:02,912810TZ1,TSRYS5752098,D,S,C,2024-05-13,1000000.00,4.737449,96.96875
08:02:02,912810TZ1,TSRYS5752098,D,S,C,2024-05-13,1000000.00,4.737449,96.96875
08:02:02,912810TZ1,TSRYS5752098,D,S,D,2024-05-13,1000000.00,4.736979,96.974609375
08:02:02,912810TZ1,TSRYS5752098,D,S,D,2024-05-13,1000000.00,4.736979,96.974609375
08:02:02,912810TZ1,TSRYS5752098,D,B,C,2024-05-13,1000000.00,4.736979,96.974609375
08:02:02,912810TZ1,TSRYS5752098,D,S,D,2024-05-13,1000000.00,4.736666,96.978515625
08:02:02,912810TZ1,TSRYS5752098,D,S,D,2024-05-13,1000000.00,4.736979,96.974609375
08:02:02,912810TZ1,TSRYS5752098,D,S,D,2024-05-13,1000000.00,4.737292,96.970703125
08:02:03,912810TZ1,TSRYS5752098,D,S,D,2024-05-13,1000000.00,4.737761,96.96484375
08:02:03,912810TZ1,TSRYS5752098,D,S,D,2024-05-13,1000000.00,4.738231,96.958984375
08:02:03,912810TZ1,TSRYS5752098,D,S,D,2024-05-13,1000000.00,4.738387,96.95703125
08:02:03,912810TZ1,TSRYS5752098,D,S,D,2024-05-13,1000000.00,4.737918,96.962890625
08:02:03,912810TZ1,TSRYS5752098,D,S,C,2024-05-13,1000000.00,4.737449,96.96875
08:02:03,912810TZ1,TSRYS5752098,D,B,C,2024-05-13,1000000.00,4.737449,96.96875
08:02:03,912810TZ1,TSRYS5752098,D,S,D,2024-05-13,1000000.00,4.73651,96.98046875
08:02:04,912810TZ1,TSRYS5752098,D,S,D,2024-05-13,1000000.00,4.737449,96.96875
08:02:04,912810TZ1,TSRYS5752098,D,B,C,2024-05-13,1000000.00,4.737465,96.96855
08:02:05,912810TZ1,TSRYS5752098,D,S,D,2024-05-13,1000000.00,4.736197,96.984375
08:02:05,912810TZ1,TSRYS5752098,D,S,D,2024-05-13,1000000.00,4.736197,96.984375
08:02:05,912810TZ1,TSRYS5752098,D,S,A,2024-05-13,19800.00,4.73653,96.98046875
08:02:05,912810TZ1,TSRYS5752098,D,S,D,2024-05-13,1000000.00,4.73651,96.98046875
08:02:06,912810TZ1,TSRYS5752098,D,S,D,2024-05-13,1000000.00,4.73651,96.98046875
08:02:06,912810TZ1,TSRYS5752098,D,B,C,2024-05-13,1000000.00,4.73651,96.98046875
08:02:06,912810TZ1,TSRYS5752098,D,S,D,2024-05-13,1000000.00,4.736041,96.986328125
08:02:06,912810TZ1,TSRYS5752098,D,B,C,2024-05-13,1000000.00,4.736041,96.986328125
08:02:06,912810TZ1,TSRYS5752098,D,S,D,2024-05-13,1000000.00,4.736197,96.984375
08:02:06,912810TZ1,TSRYS5752098,D,S,D,2024-05-13,1000000.00,4.73651,96.98046875
08:02:06,912810TZ1,TSRYS5752098,D,B,C,2024-05-13,1000000.00,4.73651,96.98046875
08:02:07,912810TZ1,TSRYS5752098,D,B,C,2024-05-13,1000000.00,4.728382,97.08203125
08:02:09,912810TZ1,TSRYS5752098,D,B,A,2024-05-13,1000000.00,4.728694,97.078125
08:02:09,912810TZ1,TSRYS5752098,D,S,T,2024-05-13,1000000.00,4.729955,97.06237
08:02:11,912810TZ1,TSRYS5752098,D,S,D,2024-05-13,1000000.00,4.732445,97.03125
08:02:11,912810TZ1,TSRYS5752098,D,S,D,2024-05-13,1000000.00,4.732445,97.03125
08:02:12,912810TZ1,TSRYS5752098,D,S,D,2024-05-13,1000000.00,4.732445,97.03125
08:02:12,912810TZ1,TSRYS5752098,D,S,D,2024-05-13,1000000.00,4.732445,97.03125
08:02:12,912810TZ1,TSRYS5752098,D,B,A,2024-05-13,1192000.00,4.729319,97.0703125
08:02:18,912810TZ1,TSRYS5752098,D,S,D,2024-05-13,770000.00,4.724946,97.125
08:02:18,912810TZ1,TSRYS5752098,D,S,D,2024-05-13,345000.00,4.724634,97.12890625
08:02:19,912810TZ1,TSRYS5752098,D,S,D,2024-05-13,250000.00,4.723698,97.140625
08:02:19,912810TZ1,TSRYS5752098,D,S,D,2024-05-13,100000.00,4.723698,97.140625
08:02:20,912810TZ1,TSRYS5752098,D,S,D,2024-05-13,250000.00,4.724946,97.125
08:02:20,912810TZ1,TSRYS5752098,D,S,D,2024-05-13,1000000.00,4.736197,96.984375
08:02:20,912810TZ1,TSRYS5752098,D,B,C,2024-05-13,1000000.00,4.734962,96.9998
08:02:21,912810TZ1,TSRYS5752098,D,S,D,2024-05-13,1000000.00,4.734946,97.0
08:02:21,912810TZ1,TSRYS5752098,D,B,C,2024-05-13,1000000.00,4.734958,96.999848
08:02:21,912810TZ1,TSRYS5752098,D,S,D,2024-05-13,1000000.00,4.734946,97.0
08:02:21,912810TZ1,TSRYS5752098,D,S,D,2024-05-13,1000000.00,4.734946,97.0
08:02:21,912810TZ1,TSRYS5752098,D,B,C,2024-05-13,1000000.00,4.734962,96.9998
08:02:21,912810TZ1,TSRYS5752098,D,S,D,2024-05-13,1000000.00,4.734946,97.0
08:02:21,912810TZ1,TSRYS5752098,D,S,D,2024-05-13,1000000.00,4.734946,97.0
08:02:21,912810TZ1,TSRYS5752098,D,S,D,2024-05-13,1000000.00,4.737348,96.9700031
08:02:21,912810TZ1,TSRYS5752098,D,S,D,2024-05-13,1000000.00,4.737348,96.9700031
08:02:21,912810TZ1,TSRYS5752098,D,S,T,2024-05-13,1000000.00,4.732288,97.033203125
08:02:21,912810TZ1,TSRYS5752098,D,S,T,2024-05-13,1000000.00,4.732288,97.033203125
08:02:21,912810TZ1,TSRYS5752098,D,S,D,2024-05-13,250000.00,4.731819,97.0390625
08:02:21,912810TZ1,TSRYS5752098,D,S,T,2024-05-13,2000000.00,4.737136,96.97265625
08:02:21,912810TZ1,TSRYS5752098,D,S,T,2024-05-13,2000000.00,4.739639,96.94140625
08:02:21,912810TZ1,TSRYS5752098,D,S,T,2024-05-13,2000000.00,4.739639,96.94140625
08:02:21,912810TZ1,TSRYS5752098,D,S,T,2024-05-13,2000000.00,4.739639,96.94140625
08:02:21,912810TZ1,TSRYS5752098,D,S,C,2024-05-13,1000000.00,4.736181,96.984575
08:02:21,912810TZ1,TSRYS5752098,D,B,C,2024-05-13,1000000.00,4.736197,96.984375
08:02:21,912810TZ1,TSRYS5752098,D,S,D,2024-05-13,620000.00,4.737761,96.96484375
08:02:21,912810TZ1,TSRYS5752098,D,S,A,2024-05-13,200000.00,4.727445,97.09375
08:02:21,912810TZ1,TSRYS5752098,D,S,D,2024-05-13,315000.00,4.733695,97.015625
08:02:21,912810TZ1,TSRYS5752098,D,S,D,2024-05-13,400000.00,4.736478,96.98086875
08:02:21,912810TZ1,TSRYS5752098,D,S,T,2024-05-13,1000000.00,4.736197,96.984375
08:02:21,912810TZ1,TSRYS5752098,D,B,C,2024-05-13,1000000.00,4.736197,96.984375
08:02:22,912810TZ1,TSRYS5752098,D,S,D,2024-05-13,10000.00,4.738042,96.9613375
08:02:22,912810TZ1,TSRYS5752098,D,S,C,2024-05-13,1000000.00,4.736197,96.984375
08:02:22,912810TZ1,TSRYS5752098,D,S,T,2024-05-13,1000000.00,4.736979,96.974609375
08:02:22,912810TZ1,TSRYS5752098,D,S,T,2024-05-13,2000000.00,4.737136,96.97265625
08:02:22,912810TZ1,TSRYS5752098,D,S,T,2024-05-13,1000000.00,4.737761,96.96484375
08:02:22,912810TZ1,TSRYS5752098,D,S,T,2024-05-13,1000000.00,4.737761,96.96484375
08:02:22,912810TZ1,TSRYS5752098,D,S,T,2024-05-13,1000000.00,4.737761,96.96484375
08:02:22,912810TZ1,TSRYS5752098,D,S,T,2024-05-13,1000000.00,4.737761,96.96484375
08:02:22,912810TZ1,TSRYS5752098,D,S,T,2024-05-13,1000000.00,4.737761,96.96484375
08:02:22,912810TZ1,TSRYS5752098,D,S,T,2024-05-13,2000000.00,4.737136,96.97265625
08:02:22,912810TZ1,TSRYS5752098,D,S,T,2024-05-13,1000000.00,4.737292,96.970703125
08:02:22,912810TZ1,TSRYS5752098,D,S,T,2024-05-13,2000000.00,4.737136,96.97265625
08:02:22,912810TZ1,TSRYS5752098,D,S,T,2024-05-13,1000000.00,4.737136,96.97265625
08:02:22,912810TZ1,TSRYS5752098,D,S,T,2024-05-13,1000000.00,4.737136,96.97265625
08:02:22,912810TZ1,TSRYS5752098,D,S,T,2024-05-13,1000000.00,4.737292,96.970703125
08:02:22,912810TZ1,TSRYS5752098,D,S,T,2024-05-13,1000000.00,4.735728,96.990234375
08:02:22,912810TZ1,TSRYS5752098,D,S,T,2024-05-13,1000000.00,4.735259,96.99609375
08:02:22,912810TZ1,TSRYS5752098,D,S,T,2024-05-13,1000000.00,4.735259,96.99609375
08:02:22,912810TZ1,TSRYS5752098,D,S,T,2024-05-13,2000000.00,4.729632,97.06640625
08:02:22,912810TZ1,TSRYS5752098,D,B,C,2024-05-13,1000000.00,4.739964,96.93735
08:02:22,912810TZ1,TSRYS5752098,D,S,D,2024-05-13,1000000.00,4.739942,96.93763
08:02:22,912810TZ1,TSRYS5752098,D,S,C,2024-05-13,1000000.00,4.739952,96.9375
08:02:22,912810TZ1,TSRYS5752098,D,S,C,2024-05-13,1000000.00,4.739936,96.9377
08:02:23,912810TZ1,TSRYS5752098,D,S,D,2024-05-13,1000000.00,4.739952,96.9375
08:02:23,912810TZ1,TSRYS5752098,D,S,D,2024-05-13,1000000.00,4.739952,96.9375
08:02:23,912810TZ1,TSRYS5752098,D,S,D,2024-05-13,1000000.00,4.7387,96.953125
08:02:23,912810TZ1,TSRYS5752098,D,S,D,2024-05-13,1000000.00,4.7387,96.953125
08:02:23,912810TZ1,TSRYS5752098,D,S,D,2024-05-13,1000000.00,4.7387,96.953125
08:02:23,912810TZ1,TSRYS5752098,D,B,C,2024-05-13,1000000.00,4.738716,96.952925
08:02:24,912810TZ1,TSRYS5752098,D,S,D,2024-05-13,1000000.00,4.7387,96.953125
08:02:24,912810TZ1,TSRYS5752098,D,S,D,2024-05-13,1000000.00,4.7387,96.953125
08:02:24,912810TZ1,TSRYS5752098,D,S,D,2024-05-13,1000000.00,4.7387,96.953125
08:02:24,912810TZ1,TSRYS5752098,D,S,D,2024-05-13,1000000.00,4.7387,96.953125
08:02:24,912810TZ1,TSRYS5752098,D,S,D,2024-05-13,1000000.00,4.7387,96.953125
08:02:24,912810TZ1,TSRYS5752098,D,S,D,2024-05-13,1000000.00,4.7387,96.953125
08:02:24,912810TZ1,TSRYS5752098,D,S,D,2024-05-13,1000000.00,4.7387,96.953125
08:02:24,912810TZ1,TSRYS5752098,D,B,C,2024-05-13,1000000.00,4.7387,96.953125
08:02:24,912810TZ1,TSRYS5752098,D,S,D,2024-05-13,1000000.00,4.7387,96.953125
08:02:24,912810TZ1,TSRYS5752098,D,B,C,2024-05-13,1000000.00,4.738712,96.952973
08:02:24,912810TZ1,TSRYS5752098,D,S,D,2024-05-13,1000000.00,4.7387,96.953125
08:02:24,912810TZ1,TSRYS5752098,D,S,D,2024-05-13,1000000.00,4.7387,96.953125
08:02:24,912810TZ1,TSRYS5752098,D,B,C,2024-05-13,1000000.00,4.738716,96.952925
08:02:24,912810TZ1,TSRYS5752098,D,S,D,2024-05-13,1000000.00,4.729475,97.068359375
08:02:24,912810TZ1,TSRYS5752098,D,S,D,2024-05-13,1000000.00,4.7387,96.953125
08:02:24,912810TZ1,TSRYS5752098,D,B,C,2024-05-13,1000000.00,4.738712,96.952973
08:02:24,912810TZ1,TSRYS5752098,D,S,C,2024-05-13,1000000.00,4.737449,96.96875
08:02:24,912810TZ1,TSRYS5752098,D,B,C,2024-05-13,1000000.00,4.737461,96.968598
08:02:24,912810TZ1,TSRYS5752098,D,S,C,2024-05-13,1000000.00,4.737449,96.96875
08:02:24,912810TZ1,TSRYS5752098,D,B,C,2024-05-13,1000000.00,4.737461,96.968598
08:02:24,912810TZ1,TSRYS5752098,D,B,C,2024-05-13,3000000.00,4.724634,97.12890625
08:02:24,912810TZ1,TSRYS5752098,D,B,C,2024-05-13,1000000.00,4.727132,97.09765625
08:02:24,912810TZ1,TSRYS5752098,D,S,C,2024-05-13,1000000.00,4.738684,96.953325
08:02:25,912810TZ1,TSRYS5752098,D,S,D,2024-05-13,2000000.00,4.7387,96.953125
08:02:25,912810TZ1,TSRYS5752098,D,B,C,2024-05-13,2000000.00,4.7387,96.953125
08:02:25,912810TZ1,TSRYS5752098,D,B,C,2024-05-13,1000000.00,4.738712,96.952973
08:02:25,912810TZ1,TSRYS5752098,D,S,D,2024-05-13,1000000.00,4.7387,96.953125
08:02:25,912810TZ1,TSRYS5752098,D,S,C,2024-05-13,1000000.00,4.737449,96.96875
08:02:25,912810TZ1,TSRYS5752098,D,B,C,2024-05-13,1000000.00,4.737461,96.968598
08:02:25,912810TZ1,TSRYS5752098,D,S,C,2024-05-13,1000000.00,4.738688,96.953277
08:02:25,912810TZ1,TSRYS5752098,D,B,C,2024-05-13,1000000.00,4.738716,96.952925
08:02:25,912810TZ1,TSRYS5752098,D,S,D,2024-05-13,1000000.00,4.7387,96.953125
08:02:26,912810TZ1,TSRYS5752098,D,S,C,2024-05-13,1000000.00,4.736197,96.984375
08:02:27,912810TZ1,TSRYS5752098,D,S,D,2024-05-13,1000000.00,4.736197,96.984375
08:02:27,912810TZ1,TSRYS5752098,D,B,C,2024-05-13,1000000.00,4.736197,96.984375
08:02:27,912810TZ1,TSRYS5752098,D,S,D,2024-05-13,1000000.00,4.736197,96.984375
08:02:27,912810TZ1,TSRYS5752098,D,B,C,2024-05-13,1000000.00,4.736197,96.984375
08:02:28,912810TZ1,TSRYS5752098,D,S,C,2024-05-13,1000000.00,4.732445,97.03125
08:02:28,912810TZ1,TSRYS5752098,D,S,D,2024-05-13,1000000.00,4.732445,97.03125
08:02:28,912810TZ1,TSRYS5752098,D,S,D,2024-05-13,1000000.00,4.732445,97.03125
08:02:28,912810TZ1,TSRYS5752098,D,B,C,2024-05-13,1000000.00,4.732445,97.03125
08:02:28,912810TZ1,TSRYS5752098,D,B,C,2024-05-13,1000000.00,4.732445,97.03125
08:02:28,912810TZ1,TSRYS5752098,D,B,C,2024-05-13,1000000.00,4.732445,97.03125
08:02:28,912810TZ1,TSRYS5752098,D,S,D,2024-05-13,1000000.00,4.732445,97.03125
08:02:28,912810TZ1,TSRYS5752098,D,S,D,2024-05-13,1000000.00,4.732445,97.03125
08:02:28,912810TZ1,TSRYS5752098,D,S,D,2024-05-13,1000000.00,4.732445,97.03125
08:02:28,912810TZ1,TSRYS5752098,D,S,D,2024-05-13,1000000.00,4.732445,97.03125
08:02:28,912810TZ1,TSRYS5752098,D,S,D,2024-05-13,1000000.00,4.732445,97.03125
08:02:28,912810TZ1,TSRYS5752098,D,S,D,2024-05-13,1000000.00,4.732445,97.03125
08:02:28,912810TZ1,TSRYS5752098,D,S,D,2024-05-13,1000000.00,4.732445,97.03125
08:02:28,912810TZ1,TSRYS5752098,D,S,D,2024-05-13,1000000.00,4.732445,97.03125
08:02:28,912810TZ1,TSRYS5752098,D,S,D,2024-05-13,1000000.00,4.732445,97.03125
08:02:29,912810TZ1,TSRYS5752098,D,S,C,2024-05-13,1000000.00,4.729944,97.0625
08:02:30,912810TZ1,TSRYS5752098,D,B,C,2024-05-13,1000000.00,4.729944,97.0625
08:02:30,912810TZ1,TSRYS5752098,D,S,D,2024-05-13,1000000.00,4.729944,97.0625
08:02:32,912810TZ1,TSRYS5752098,D,S,C,2024-05-13,1000000.00,4.729944,97.0625
08:02:34,912810TZ1,TSRYS5752098,D,S,D,2024-05-13,1000000.00,4.732445,97.03125
08:02:34,912810TZ1,TSRYS5752098,D,B,C,2024-05-13,1000000.00,4.732445,97.03125
08:02:35,912810TZ1,TSRYS5752098,D,B,C,2024-05-13,1000000.00,4.732445,97.03125
08:02:35,912810TZ1,TSRYS5752098,D,S,D,2024-05-13,1000000.00,4.732445,97.03125
08:02:36,912810TZ1,TSRYS5752098,D,S,D,2024-05-13,1000000.00,4.728694,97.078125
08:02:36,912810TZ1,TSRYS5752098,D,B,C,2024-05-13,1000000.00,4.728694,97.078125
08:02:36,912810TZ1,TSRYS5752098,D,S,D,2024-05-13,2000000.00,4.728694,97.078125
08:02:36,912810TZ1,TSRYS5752098,D,S,D,2024-05-13,1000000.00,4.728694,97.078125
08:02:36,912810TZ1,TSRYS5752098,D,S,D,2024-05-13,1000000.00,4.739483,96.943359375
08:02:36,912810TZ1,TSRYS5752098,D,B,C,2024-05-13,1000000.00,4.737449,96.96875
08:02:36,912810TZ1,TSRYS5752098,D,S,C,2024-05-13,1000000.00,4.737449,96.96875
08:02:36,912810TZ1,TSRYS5752098,D,B,C,2024-05-13,1000000.00,4.736197,96.984375
08:02:36,912810TZ1,TSRYS5752098,D,S,D,2024-05-13,1000000.00,4.736197,96.984375
08:02:37,912810TZ1,TSRYS5752098,D,S,D,2024-05-13,1000000.00,4.728694,97.078125
08:02:37,912810TZ1,TSRYS5752098,D,B,C,2024-05-13,1000000.00,4.728694,97.078125
08:02:37,912810TZ1,TSRYS5752098,D,S,T,2024-05-13,1000000.00,4.733695,97.015625
08:02:37,912810TZ1,TSRYS5752098,D,S,D,2024-05-13,1000000.00,4.733695,97.015625
08:02:37,912810TZ1,TSRYS5752098,D,B,C,2024-05-13,1000000.00,4.734946,97.0
08:02:37,912810TZ1,TSRYS5752098,D,S,D,2024-05-13,1000000.00,4.734946,97.0
08:02:37,912810TZ1,TSRYS5752098,D,S,D,2024-05-13,1000000.00,4.734946,97.0
08:02:37,912810TZ1,TSRYS5752098,D,S,D,2024-05-13,1000000.00,4.734946,97.0
08:02:37,912810TZ1,TSRYS5752098,D,B,C,2024-05-13,1000000.00,4.734946,97.0
08:02:37,912810TZ1,TSRYS5752098,D,S,D,2024-05-13,1000000.00,4.734946,97.0
08:02:37,912810TZ1,TSRYS5752098,D,S,D,2024-05-13,1000000.00,4.734946,97.0
08:02:37,912810TZ1,TSRYS5752098,D,B,C,2024-05-13,1000000.00,4.734954,96.9999
08:02:37,912810TZ1,TSRYS5752098,D,B,C,2024-05-13,1000000.00,4.734946,97.0
08:02:37,912810TZ1,TSRYS5752098,D,B,C,2024-05-13,1000000.00,4.734946,97.0
08:02:38,912810TZ1,TSRYS5752098,D,S,D,2024-05-13,1000000.00,4.732757,97.02734375
08:02:38,912810TZ1,TSRYS5752098,D,B,C,2024-05-13,1000000.00,4.732601,97.029296875
08:02:38,912810TZ1,TSRYS5752098,D,S,D,2024-05-13,1000000.00,4.732601,97.029296875
08:02:38,912810TZ1,TSRYS5752098,D,S,D,2024-05-13,1000000.00,4.732757,97.02734375
08:02:38,912810TZ1,TSRYS5752098,D,S,D,2024-05-13,1000000.00,4.732601,97.029296875
08:02:38,912810TZ1,TSRYS5752098,D,S,D,2024-05-13,1000000.00,4.732445,97.03125
08:02:39,912810TZ1,TSRYS5752098,D,S,C,2024-05-13,1000000.00,4.738684,96.953325
08:02:39,912810TZ1,TSRYS5752098,D,S,C,2024-05-13,1000000.00,4.7387,96.953125
08:02:39,912810TZ1,TSRYS5752098,D,S,D,2024-05-13,1000000.00,4.7387,96.953125
08:02:39,912810TZ1,TSRYS5752098,D,S,C,2024-05-13,1000000.00,4.7387,96.953125
08:02:39,912810TZ1,TSRYS5752098,D,S,D,2024-05-13,1000000.00,4.7387,96.953125
08:02:39,912810TZ1,TSRYS5752098,D,S,D,2024-05-13,1000000.00,4.7387,96.953125
08:02:39,912810TZ1,TSRYS5752098,D,B,C,2024-05-13,1000000.00,4.7387,96.953125
08:02:39,912810TZ1,TSRYS5752098,D,S,D,2024-05-13,1000000.00,4.7387,96.953125
08:02:39,912810TZ1,TSRYS5752098,D,S,D,2024-05-13,1000000.00,4.7387,96.953125
08:02:39,912810TZ1,TSRYS5752098,D,B,C,2024-05-13,1000000.00,4.7387,96.953125
08:02:39,912810TZ1,TSRYS5752098,D,B,C,2024-05-13,1000000.00,4.7387,96.953125
08:02:39,912810TZ1,TSRYS5752098,D,S,D,2024-05-13,1000000.00,4.7387,96.953125
08:02:39,912810TZ1,TSRYS5752098,D,S,D,2024-05-13,1000000.00,4.73869,96.953255
08:02:39,912810TZ1,TSRYS5752098,D,B,C,2024-05-13,1000000.00,4.7387,96.953125
08:02:39,912810TZ1,TSRYS5752098,D,B,C,2024-05-13,1000000.00,4.739952,96.9375
08:02:39,912810TZ1,TSRYS5752098,D,S,D,2024-05-13,1000000.00,4.739952,96.9375
08:02:39,912810TZ1,TSRYS5752098,D,S,D,2024-05-13,1000000.00,4.739952,96.9375
08:02:39,912810TZ1,TSRYS5752098,D,B,C,2024-05-13,1000000.00,4.739952,96.9375
08:02:39,912810TZ1,TSRYS5752098,D,B,C,2024-05-13,1000000.00,4.739952,96.9375
08:02:39,912810TZ1,TSRYS5752098,D,S,D,2024-05-13,1000000.00,4.739952,96.9375
08:02:40,912810TZ1,TSRYS5752098,D,S,D,2024-05-13,1000000.00,4.7387,96.953125
08:02:40,912810TZ1,TSRYS5752098,D,S,D,2024-05-13,1000000.00,4.7387,96.953125
08:02:40,912810TZ1,TSRYS5752098,D,B,C,2024-05-13,1000000.00,4.7387,96.953125
08:02:40,912810TZ1,TSRYS5752098,D,B,C,2024-05-13,1000000.00,4.7387,96.953125
08:02:40,912810TZ1,TSRYS5752098,D,B,C,2024-05-13,1000000.00,4.7387,96.953125
08:02:40,912810TZ1,TSRYS5752098,D,S,D,2024-05-13,1000000.00,4.7387,96.953125
08:02:40,912810TZ1,TSRYS5752098,D,S,D,2024-05-13,1000000.00,4.7387,96.953125
08:02:40,912810TZ1,TSRYS5752098,D,S,D,2024-05-13,1000000.00,4.7387,96.953125
08:02:40,912810TZ1,TSRYS5752098,D,B,C,2024-05-13,1000000.00,4.738716,96.952925
08:02:42,912810TZ1,TSRYS5752098,D,S,D,2024-05-13,1000000.00,4.736197,96.984375
08:02:42,912810TZ1,TSRYS5752098,D,B,C,2024-05-13,1000000.00,4.736197,96.984375
08:02:42,912810TZ1,TSRYS5752098,D,S,D,2024-05-13,1000000.00,4.736197,96.984375
08:02:42,912810TZ1,TSRYS5752098,D,B,C,2024-05-13,1000000.00,4.734958,96.999848
08:02:42,912810TZ1,TSRYS5752098,D,S,C,2024-05-13,1000000.00,4.734946,97.0
08:02:42,912810TZ1,TSRYS5752098,D,S,D,2024-05-13,1000000.00,4.733695,97.015625
08:02:43,912810TZ1,TSRYS5752098,D,S,D,2024-05-13,1000000.00,4.73243,97.031427
08:02:43,912810TZ1,TSRYS5752098,D,B,C,2024-05-13,1000000.00,4.732445,97.03125
08:02:43,912810TZ1,TSRYS5752098,D,S,D,2024-05-13,1000000.00,4.73243,97.031427
08:02:43,912810TZ1,TSRYS5752098,D,B,C,2024-05-13,1000000.00,4.732461,97.03105
08:02:43,912810TZ1,TSRYS5752098,D,S,C,2024-05-13,1000000.00,4.732445,97.03125
08:02:44,912810TZ1,TSRYS5752098,D,S,D,2024-05-13,1000000.00,4.737449,96.96875
08:02:44,912810TZ1,TSRYS5752098,D,B,C,2024-05-13,1000000.00,4.737449,96.96875
08:02:44,912810TZ1,TSRYS5752098,D,B,C,2024-05-13,1000000.00,4.736205,96.984275
08:02:44,912810TZ1,TSRYS5752098,D,S,D,2024-05-13,2000000.00,4.736197,96.984375
08:02:44,912810TZ1,TSRYS5752098,D,B,C,2024-05-13,1000000.00,4.736197,96.984375
08:02:44,912810TZ1,TSRYS5752098,D,S,D,2024-05-13,1000000.00,4.736197,96.984375
08:02:44,912810TZ1,TSRYS5752098,D,B,C,2024-05-13,1000000.00,4.736213,96.984175
08:02:44,912810TZ1,TSRYS5752098,D,B,C,2024-05-13,2000000.00,4.736197,96.984375
08:02:44,912810TZ1,TSRYS5752098,D,B,C,2024-05-13,1000000.00,4.736213,96.984175
08:02:44,912810TZ1,TSRYS5752098,D,B,C,2024-05-13,1000000.00,4.736197,96.984375
08:02:44,912810TZ1,TSRYS5752098,D,S,D,2024-05-13,1000000.00,4.736197,96.984375
08:02:44,912810TZ1,TSRYS5752098,D,S,D,2024-05-13,1000000.00,4.736197,96.984375
08:02:44,912810TZ1,TSRYS5752098,D,S,D,2024-05-13,1000000.00,4.736197,96.984375
08:02:44,912810TZ1,TSRYS5752098,D,S,D,2024-05-13,1000000.00,4.736197,96.984375
08:02:44,912810TZ1,TSRYS5752098,D,S,D,2024-05-13,1000000.00,4.736197,96.984375
08:02:44,912810TZ1,TSRYS5752098,D,S,D,2024-05-13,1000000.00,4.736197,96.984375
08:02:44,912810TZ1,TSRYS5752098,D,B,C,2024-05-13,1000000.00,4.737465,96.96855
08:02:44,912810TZ1,TSRYS5752098,D,S,D,2024-05-13,1000000.00,4.737449,96.96875
08:02:44,912810TZ1,TSRYS5752098,D,B,C,2024-05-13,1000000.00,4.737465,96.96855
08:02:45,912810TZ1,TSRYS5752098,D,S,C,2024-05-13,1000000.00,4.737433,96.96895
08:02:45,912810TZ1,TSRYS5752098,D,S,D,2024-05-13,1000000.00,4.737449,96.96875
08:02:45,912810TZ1,TSRYS5752098,D,S,D,2024-05-13,1000000.00,4.737449,96.96875
08:02:45,912810TZ1,TSRYS5752098,D,S,D,2024-05-13,1000000.00,4.737449,96.96875
08:02:45,912810TZ1,TSRYS5752098,D,S,D,2024-05-13,1000000.00,4.737449,96.96875
08:02:45,912810TZ1,TSRYS5752098,D,S,D,2024-05-13,1000000.00,4.737449,96.96875
08:02:45,912810TZ1,TSRYS5752098,D,B,C,2024-05-13,1000000.00,4.737465,96.96855
08:02:45,912810TZ1,TSRYS5752098,D,S,D,2024-05-13,1000000.00,4.737449,96.96875
08:02:45,912810TZ1,TSRYS5752098,D,B,C,2024-05-13,1000000.00,4.737463,96.968575
08:02:45,912810TZ1,TSRYS5752098,D,B,C,2024-05-13,1000000.00,4.737465,96.96855
08:02:45,912810TZ1,TSRYS5752098,D,B,C,2024-05-13,1000000.00,4.737465,96.96855
08:02:45,912810TZ1,TSRYS5752098,D,S,D,2024-05-13,2000000.00,4.737449,96.96875
08:02:45,912810TZ1,TSRYS5752098,D,B,C,2024-05-13,2000000.00,4.737461,96.9686
08:02:45,912810TZ1,TSRYS5752098,D,S,D,2024-05-13,5000000.00,4.737449,96.96875
08:02:45,912810TZ1,TSRYS5752098,D,B,C,2024-05-13,5000000.00,4.737461,96.9686
08:02:45,912810TZ1,TSRYS5752098,D,S,C,2024-05-13,1000000.00,4.738684,96.953325
08:02:45,912810TZ1,TSRYS5752098,D,S,D,2024-05-13,1000000.00,4.7387,96.953125
08:02:45,912810TZ1,TSRYS5752098,D,B,C,2024-05-13,1000000.00,4.7387,96.953125
08:02:45,912810TZ1,TSRYS5752098,D,S,C,2024-05-13,1000000.00,4.738684,96.953325
08:02:45,912810TZ1,TSRYS5752098,D,S,D,2024-05-13,1000000.00,4.7387,96.953125
08:02:45,912810TZ1,TSRYS5752098,D,B,C,2024-05-13,1000000.00,4.738712,96.952975
08:02:45,912810TZ1,TSRYS5752098,D,B,C,2024-05-13,1000000.00,4.739966,96.937325
08:02:45,912810TZ1,TSRYS5752098,D,S,D,2024-05-13,1000000.00,4.739952,96.9375
08:02:45,912810TZ1,TSRYS5752098,D,B,C,2024-05-13,1000000.00,4.739966,96.937325
08:02:45,912810TZ1,TSRYS5752098,D,S,C,2024-05-13,1000000.00,4.739936,96.9377
08:02:45,912810TZ1,TSRYS5752098,D,S,C,2024-05-13,1000000.00,4.739936,96.9377
08:02:45,912810TZ1,TSRYS5752098,D,B,C,2024-05-13,1000000.00,4.739966,96.937325
08:02:45,912810TZ1,TSRYS5752098,D,S,D,2024-05-13,1000000.00,4.737449,96.96875
08:02:46,912810TZ1,TSRYS5752098,D,B,C,2024-05-13,1000000.00,4.73496,96.999825
08:02:46,912810TZ1,TSRYS5752098,D,S,C,2024-05-13,1000000.00,4.734934,97.00015
08:02:46,912810TZ1,TSRYS5752098,D,S,C,2024-05-13,1000000.00,4.734934,97.00015
08:02:47,912810TZ1,TSRYS5752098,D,B,C,2024-05-13,1000000.00,4.736211,96.9842
08:02:47,912810TZ1,TSRYS5752098,D,S,C,2024-05-13,1000000.00,4.736181,96.984575
08:02:47,912810TZ1,TSRYS5752098,D,S,C,2024-05-13,1000000.00,4.736181,96.984575
08:02:49,912810TZ1,TSRYS5752098,D,S,D,2024-05-13,1000000.00,4.736189,96.984477
08:02:55,912810TZ1,TSRYS5752098,D,B,A,2024-05-13,8550000.00,4.731819,97.0390625
08:02:55,912810TZ1,TSRYS5752098,D,S,C,2024-05-13,1000000.00,4.737449,96.96875
08:02:55,912810TZ1,TSRYS5752098,D,B,C,2024-05-13,1000000.00,4.737449,96.96875
08:02:55,912810TZ1,TSRYS5752098,D,B,C,2024-05-13,1000000.00,4.737449,96.96875
08:02:55,912810TZ1,TSRYS5752098,D,S,C,2024-05-13,1000000.00,4.737449,96.96875
08:02:55,912810TZ1,TSRYS5752098,D,B,C,2024-05-13,1000000.00,4.737449,96.96875
08:02:55,912810TZ1,TSRYS5752098,D,S,C,2024-05-13,1000000.00,4.737449,96.96875
08:02:59,912810TZ1,TSRYS5752098,D,B,C,2024-05-13,1000000.00,4.737449,96.96875
08:02:59,912810TZ1,TSRYS5752098,D,S,C,2024-05-13,1000000.00,4.737433,96.96895
08:02:59,912810TZ1,TSRYS5752098,D,S,T,2024-05-13,1000000.00,4.728694,97.078125
08:02:59,912810TZ1,TSRYS5752098,D,S,T,2024-05-13,2000000.00,4.728694,97.078125
08:02:59,912810TZ1,TSRYS5752098,D,S,T,2024-05-13,1000000.00,4.728694,97.078125
08:03:02,912810TZ1,TSRYS5752098,D,B,C,2024-05-13,1000000.00,4.729944,97.0625
08:03:02,912810TZ1,TSRYS5752098,D,S,D,2024-05-13,1000000.00,4.729944,97.0625
08:03:04,912810TZ1,TSRYS5752098,D,S,D,2024-05-13,1000000.00,4.729944,97.0625
08:03:04,912810TZ1,TSRYS5752098,D,B,C,2024-05-13,1000000.00,4.729944,97.0625
08:03:04,912810TZ1,TSRYS5752098,D,S,D,2024-05-13,1000000.00,4.729944,97.0625
08:03:04,912810TZ1,TSRYS5752098,D,S,A,2024-05-13,1000.00,4.727505,97.093
08:03:05,912810TZ1,TSRYS5752098,D,B,C,2024-05-13,1000000.00,4.728706,97.077975
08:03:05,912810TZ1,TSRYS5752098,D,B,C,2024-05-13,1000000.00,4.728706,97.077975
08:03:05,912810TZ1,TSRYS5752098,D,S,D,2024-05-13,1000000.00,4.728694,97.078125
08:03:05,912810TZ1,TSRYS5752098,D,S,C,2024-05-13,1000000.00,4.728678,97.078325
08:03:06,912810TZ1,TSRYS5752098,D,B,C,2024-05-13,1000000.00,4.728694,97.078125
08:03:06,912810TZ1,TSRYS5752098,D,S,D,2024-05-13,1000000.00,4.728694,97.078125
08:03:06,912810TZ1,TSRYS5752098,D,S,D,2024-05-13,1000000.00,4.728694,97.078125
08:03:06,912810TZ1,TSRYS5752098,D,S,D,2024-05-13,1000000.00,4.728694,97.078125
08:03:06,912810TZ1,TSRYS5752098,D,B,C,2024-05-13,1000000.00,4.728694,97.078125
08:03:06,912810TZ1,TSRYS5752098,D,B,C,2024-05-13,1000000.00,4.728694,97.078125
08:03:06,912810TZ1,TSRYS5752098,D,B,C,2024-05-13,1000000.00,4.72871,97.077925
08:03:06,912810TZ1,TSRYS5752098,D,S,D,2024-05-13,1000000.00,4.728694,97.078125
08:03:06,912810TZ1,TSRYS5752098,D,S,D,2024-05-13,1000000.00,4.728694,97.078125
08:03:06,912810TZ1,TSRYS5752098,D,B,C,2024-05-13,1000000.00,4.72871,97.077925
08:03:06,912810TZ1,TSRYS5752098,D,S,D,2024-05-13,1000000.00,4.728694,97.078125
08:03:06,912810TZ1,TSRYS5752098,D,B,C,2024-05-13,1000000.00,4.728694,97.078125
08:03:06,912810TZ1,TSRYS5752098,D,S,D,2024-05-13,1000000.00,4.728694,97.078125
08:03:06,912810TZ1,TSRYS5752098,D,B,C,2024-05-13,1000000.00,4.728694,97.078125
08:03:06,912810TZ1,TSRYS5752098,D,S,D,2024-05-13,1000000.00,4.728694,97.078125
08:03:07,912810TZ1,TSRYS5752098,D,S,C,2024-05-13,1000000.00,4.728694,97.078125
08:03:07,912810TZ1,TSRYS5752098,D,S,C,2024-05-13,1000000.00,4.728694,97.078125
08:03:07,912810TZ1,TSRYS5752098,D,S,D,2024-05-13,2000000.00,4.728694,97.078125
08:03:07,912810TZ1,TSRYS5752098,D,B,C,2024-05-13,1000000.00,4.728694,97.078125
08:03:07,912810TZ1,TSRYS5752098,D,S,D,2024-05-13,1000000.00,4.728694,97.078125
08:03:07,912810TZ1,TSRYS5752098,D,S,C,2024-05-13,1000000.00,4.729944,97.0625
08:03:10,912810TZ1,TSRYS5752098,D,B,C,2024-05-13,1000000.00,4.727445,97.09375
08:03:10,912810TZ1,TSRYS5752098,D,S,C,2024-05-13,1000000.00,4.727429,97.09395
08:03:13,912810TZ1,TSRYS5752098,D,S,C,2024-05-13,1000000.00,4.728682,97.078275
08:03:13,912810TZ1,TSRYS5752098,D,B,C,2024-05-13,1000000.00,4.72871,97.077925
08:03:14,912810TZ1,TSRYS5752098,D,S,C,2024-05-13,1000000.00,4.727445,97.09375
08:03:15,912810TZ1,TSRYS5752098,D,S,D,2024-05-13,1000000.00,4.737761,96.96484375
08:03:15,912810TZ1,TSRYS5752098,D,B,C,2024-05-13,1000000.00,4.735259,96.99609375
08:03:15,912810TZ1,TSRYS5752098,D,S,D,2024-05-13,1000000.00,4.735259,96.99609375
08:03:15,912810TZ1,TSRYS5752098,D,S,D,2024-05-13,1000000.00,4.735259,96.99609375
08:03:15,912810TZ1,TSRYS5752098,D,S,D,2024-05-13,1000000.00,4.73479,97.001953125
08:03:17,912810TZ1,TSRYS5752098,D,B,C,2024-05-13,1000000.00,4.728069,97.0859375
08:03:17,912810TZ1,TSRYS5752098,D,S,C,2024-05-13,1000000.00,4.728069,97.0859375
08:03:17,912810TZ1,TSRYS5752098,D,S,C,2024-05-13,1000000.00,4.729944,97.0625
08:03:17,912810TZ1,TSRYS5752098,D,B,C,2024-05-13,1000000.00,4.729944,97.0625
08:03:18,912810TZ1,TSRYS5752098,D,S,D,2024-05-13,1000000.00,4.729944,97.0625
08:03:18,912810TZ1,TSRYS5752098,D,B,C,2024-05-13,1000000.00,4.729944,97.0625
08:03:21,912810TZ1,TSRYS5752098,D,B,C,2024-05-13,1000000.00,4.724946,97.125
08:03:21,912810TZ1,TSRYS5752098,D,S,C,2024-05-13,1000000.00,4.724928,97.125225
08:03:21,912810TZ1,TSRYS5752098,D,B,C,2024-05-13,1000000.00,4.724946,97.125
08:03:21,912810TZ1,TSRYS5752098,D,S,C,2024-05-13,1000000.00,4.724928,97.125225
08:03:22,912810TZ1,TSRYS5752098,D,S,C,2024-05-13,1000000.00,4.724928,97.125225
08:03:22,912810TZ1,TSRYS5752098,D,B,C,2024-05-13,1000000.00,4.724946,97.125
08:03:22,912810TZ1,TSRYS5752098,D,S,D,2024-05-13,1000000.00,4.724932,97.125177
08:03:22,912810TZ1,TSRYS5752098,D,B,C,2024-05-13,1000000.00,4.724946,97.125
08:03:22,912810TZ1,TSRYS5752098,D,B,C,2024-05-13,1000000.00,4.724946,97.125
08:03:22,912810TZ1,TSRYS5752098,D,S,D,2024-05-13,1000000.00,4.724932,97.125177
08:03:22,912810TZ1,TSRYS5752098,D,B,C,2024-05-13,1000000.00,4.724946,97.125
08:03:22,912810TZ1,TSRYS5752098,D,B,C,2024-05-13,1000000.00,4.724946,97.125
08:03:22,912810TZ1,TSRYS5752098,D,S,D,2024-05-13,1000000.00,4.724932,97.125177
08:03:22,912810TZ1,TSRYS5752098,D,S,D,2024-05-13,1000000.00,4.724932,97.125177
08:03:22,912810TZ1,TSRYS5752098,D,S,D,2024-05-13,1000000.00,4.724932,97.125177
08:03:22,912810TZ1,TSRYS5752098,D,B,C,2024-05-13,1000000.00,4.724946,97.125
08:03:22,912810TZ1,TSRYS5752098,D,B,C,2024-05-13,1000000.00,4.724946,97.125
08:03:22,912810TZ1,TSRYS5752098,D,S,D,2024-05-13,1000000.00,4.724932,97.125177
08:03:22,912810TZ1,TSRYS5752098,D,B,C,2024-05-13,1000000.00,4.724946,97.125
08:03:22,912810TZ1,TSRYS5752098,D,S,D,2024-05-13,1000000.00,4.724932,97.125177
08:03:22,912810TZ1,TSRYS5752098,D,B,C,2024-05-13,1000000.00,4.724946,97.125
08:03:22,912810TZ1,TSRYS5752098,D,B,C,2024-05-13,1000000.00,4.724946,97.125
08:03:22,912810TZ1,TSRYS5752098,D,S,D,2024-05-13,1000000.00,4.724932,97.125177
08:03:22,912810TZ1,TSRYS5752098,D,S,D,2024-05-13,1000000.00,4.724932,97.125177
08:03:22,912810TZ1,TSRYS5752098,D,S,D,2024-05-13,1000000.00,4.724932,97.125177
08:03:22,912810TZ1,TSRYS5752098,D,B,C,2024-05-13,1000000.00,4.724946,97.125
08:03:22,912810TZ1,TSRYS5752098,D,S,D,2024-05-13,1000000.00,4.726195,97.109375
08:03:29,912810TZ1,TSRYS5752098,D,S,D,2024-05-13,7000000.00,4.727922,97.08778
08:03:31,912810TZ1,TSRYS5752098,D,S,D,2024-05-13,1000000.00,4.728538,97.080078125
08:03:32,912810TZ1,TSRYS5752098,D,S,A,2024-05-13,5000000.00,4.732445,97.03125
08:03:32,912810TZ1,TSRYS5752098,D,S,A,2024-05-13,1000000.00,4.732445,97.03125
08:03:32,912810TZ1,TSRYS5752098,D,S,A,2024-05-13,1000000.00,4.732445,97.03125
08:03:33,912810TZ1,TSRYS5752098,D,S,A,2024-05-13,2000000.00,4.732445,97.03125
08:03:33,912810TZ1,TSRYS5752098,D,S,C,2024-05-13,1000000.00,4.728069,97.0859375
08:03:33,912810TZ1,TSRYS5752098,D,B,C,2024-05-13,1000000.00,4.728069,97.0859375
08:03:41,912810TZ1,TSRYS5752098,D,S,D,2024-05-13,1000000.00,4.725727,97.115234375
08:03:41,912810TZ1,TSRYS5752098,D,S,D,2024-05-13,1000000.00,4.723229,97.146484375
08:03:52,912810TZ1,TSRYS5752098,D,S,C,2024-05-13,1000000.00,4.726195,97.109375
08:03:52,912810TZ1,TSRYS5752098,D,B,C,2024-05-13,1000000.00,4.726195,97.109375
08:03:52,912810TZ1,TSRYS5752098,D,S,C,2024-05-13,1000000.00,4.726195,97.109375
08:03:53,912810TZ1,TSRYS5752098,D,B,C,2024-05-13,1000000.00,4.726195,97.109375
08:03:53,912810TZ1,TSRYS5752098,D,S,D,2024-05-13,2000000.00,4.726976,97.099609375
08:03:54,912810TZ1,TSRYS5752098,D,B,C,2024-05-13,1000000.00,4.728694,97.078125
08:03:54,912810TZ1,TSRYS5752098,D,S,D,2024-05-13,1000000.00,4.728694,97.078125
08:03:54,912810TZ1,TSRYS5752098,D,B,C,2024-05-13,1000000.00,4.728694,97.078125
08:03:54,912810TZ1,TSRYS5752098,D,S,C,2024-05-13,1000000.00,4.728694,97.078125
08:03:54,912810TZ1,TSRYS5752098,D,S,D,2024-05-13,1000000.00,4.728694,97.078125
08:03:55,912810TZ1,TSRYS5752098,D,S,C,2024-05-13,1000000.00,4.728382,97.08203125
08:03:55,912810TZ1,TSRYS5752098,D,B,C,2024-05-13,1000000.00,4.728382,97.08203125
08:03:57,912810TZ1,TSRYS5752098,D,B,C,2024-05-13,1000000.00,4.728694,97.078125
08:03:57,912810TZ1,TSRYS5752098,D,S,C,2024-05-13,1000000.00,4.728694,97.078125
08:03:58,912810TZ1,TSRYS5752098,D,S,D,2024-05-13,1000000.00,4.728069,97.0859375
08:03:58,912810TZ1,TSRYS5752098,D,S,D,2024-05-13,1000000.00,4.728069,97.0859375
08:03:58,912810TZ1,TSRYS5752098,D,S,D,2024-05-13,1000000.00,4.727913,97.087890625
08:03:58,912810TZ1,TSRYS5752098,D,S,D,2024-05-13,1000000.00,4.727913,97.087890625
08:03:58,912810TZ1,TSRYS5752098,D,S,C,2024-05-13,1000000.00,4.728382,97.08203125
08:04:03,912810TZ1,TSRYS5752098,D,S,D,2024-05-13,1000000.00,4.728382,97.08203125
08:04:04,912810TZ1,TSRYS5752098,D,S,C,2024-05-13,1000000.00,4.728851,97.076171875
08:04:05,912810TZ1,TSRYS5752098,D,S,D,2024-05-13,1000000.00,4.727913,97.087890625
08:04:05,912810TZ1,TSRYS5752098,D,S,D,2024-05-13,1000000.00,4.727913,97.087890625
08:04:06,912810TZ1,TSRYS5752098,D,S,D,2024-05-13,1000000.00,4.727913,97.087890625
08:04:06,912810TZ1,TSRYS5752098,D,B,C,2024-05-13,1000000.00,4.727913,97.087890625
08:04:06,912810TZ1,TSRYS5752098,D,S,D,2024-05-13,1000000.00,4.727913,97.087890625
08:04:07,912810TZ1,TSRYS5752098,D,S,C,2024-05-13,1000000.00,4.728851,97.076171875
08:04:07,912810TZ1,TSRYS5752098,D,S,D,2024-05-13,1000000.00,4.728851,97.076171875
08:04:12,912810TZ1,TSRYS5752098,D,B,C,2024-05-13,1000000.00,4.728694,97.078125
08:04:12,912810TZ1,TSRYS5752098,D,S,D,2024-05-13,1000000.00,4.728694,97.078125
08:04:13,912810TZ1,TSRYS5752098,D,S,C,2024-05-13,1000000.00,4.732445,97.03125
08:04:13,912810TZ1,TSRYS5752098,D,B,C,2024-05-13,1000000.00,4.732445,97.03125
08:04:13,912810TZ1,TSRYS5752098,D,S,D,2024-05-13,1000000.00,4.728694,97.078125
08:04:19,912810TZ1,TSRYS5752098,D,S,C,2024-05-13,100000.00,4.731819,97.0390625
08:04:22,912810TZ1,TSRYS5752098,D,S,A,2024-05-13,500000.00,4.725571,97.1171875
08:04:45,912810TZ1,TSRYS5752098,D,S,C,2024-05-13,135000.00,4.729007,97.07421875
08:05:06,912810TZ1,TSRYS5752098,D,B,C,2024-05-13,1000000.00,4.728694,97.078125
08:05:06,912810TZ1,TSRYS5752098,D,S,D,2024-05-13,1000000.00,4.728694,97.078125
08:05:07,912810TZ1,TSRYS5752098,D,S,D,2024-05-13,105000.00,4.727185,97.097
08:05:12,912810TZ1,TSRYS5752098,D,S,D,2024-05-13,1000000.00,4.728694,97.078125
08:05:14,912810TZ1,TSRYS5752098,D,B,C,2024-05-13,1000000.00,4.731366,97.044721875
08:05:14,912810TZ1,TSRYS5752098,D,S,D,2024-05-13,1000000.00,4.731334,97.045121875
08:05:15,912810TZ1,TSRYS5752098,D,S,D,2024-05-13,1000000.00,4.737449,96.96875
08:05:15,912810TZ1,TSRYS5752098,D,B,C,2024-05-13,1000000.00,4.737449,96.96875
08:05:15,912810TZ1,TSRYS5752098,D,S,D,2024-05-13,1000000.00,4.737136,96.97265625
08:05:15,912810TZ1,TSRYS5752098,D,B,C,2024-05-13,1000000.00,4.737136,96.97265625
08:05:15,912810TZ1,TSRYS5752098,D,S,D,2024-05-13,1000000.00,4.737136,96.97265625
08:05:15,912810TZ1,TSRYS5752098,D,B,C,2024-05-13,1000000.00,4.737136,96.97265625
08:05:15,912810TZ1,TSRYS5752098,D,S,D,2024-05-13,1000000.00,4.737449,96.96875
08:05:15,912810TZ1,TSRYS5752098,D,B,C,2024-05-13,1000000.00,4.737449,96.96875
08:05:15,912810TZ1,TSRYS5752098,D,S,D,2024-05-13,1000000.00,4.737136,96.97265625
08:05:15,912810TZ1,TSRYS5752098,D,B,C,2024-05-13,1000000.00,4.737136,96.97265625
08:05:15,912810TZ1,TSRYS5752098,D,S,D,2024-05-13,1000000.00,4.737449,96.96875
08:05:15,912810TZ1,TSRYS5752098,D,S,C,2024-05-13,1000000.00,4.737433,96.96895
08:05:15,912810TZ1,TSRYS5752098,D,S,C,2024-05-13,1000000.00,4.737441,96.96885
08:05:15,912810TZ1,TSRYS5752098,D,S,D,2024-05-13,1000000.00,4.737449,96.96875
08:05:15,912810TZ1,TSRYS5752098,D,S,D,2024-05-13,1000000.00,4.737449,96.96875
08:05:15,912810TZ1,TSRYS5752098,D,S,C,2024-05-13,1000000.00,4.737441,96.96885
08:05:15,912810TZ1,TSRYS5752098,D,S,C,2024-05-13,1000000.00,4.737441,96.96885
08:05:15,912810TZ1,TSRYS5752098,D,S,C,2024-05-13,1000000.00,4.737441,96.96885
08:05:15,912810TZ1,TSRYS5752098,D,S,D,2024-05-13,1000000.00,4.737605,96.966796875
08:05:15,912810TZ1,TSRYS5752098,D,S,D,2024-05-13,1000000.00,4.737761,96.96484375
08:05:15,912810TZ1,TSRYS5752098,D,S,D,2024-05-13,1000000.00,4.737761,96.96484375
08:05:15,912810TZ1,TSRYS5752098,D,S,D,2024-05-13,1000000.00,4.737761,96.96484375
08:05:15,912810TZ1,TSRYS5752098,D,S,D,2024-05-13,1000000.00,4.737761,96.96484375
08:05:15,912810TZ1,TSRYS5752098,D,S,D,2024-05-13,1000000.00,4.737449,96.96875
08:05:16,912810TZ1,TSRYS5752098,D,S,D,2024-05-13,1000000.00,4.737761,96.96484375
08:05:16,912810TZ1,TSRYS5752098,D,S,D,2024-05-13,1000000.00,4.737761,96.96484375
08:05:16,912810TZ1,TSRYS5752098,D,S,D,2024-05-13,1000000.00,4.737761,96.96484375
08:05:16,912810TZ1,TSRYS5752098,D,S,D,2024-05-13,1000000.00,4.737761,96.96484375
08:05:16,912810TZ1,TSRYS5752098,D,S,D,2024-05-13,1000000.00,4.737761,96.96484375
08:05:16,912810TZ1,TSRYS5752098,D,B,C,2024-05-13,1000000.00,4.737934,96.962690625
08:05:16,912810TZ1,TSRYS5752098,D,S,D,2024-05-13,1000000.00,4.737918,96.962890625
08:05:16,912810TZ1,TSRYS5752098,D,S,C,2024-05-13,3000000.00,4.737761,96.96484375
08:05:16,912810TZ1,TSRYS5752098,D,S,D,2024-05-13,1000000.00,4.737761,96.96484375
08:05:16,912810TZ1,TSRYS5752098,D,S,D,2024-05-13,1000000.00,4.737761,96.96484375
08:05:16,912810TZ1,TSRYS5752098,D,S,D,2024-05-13,1000000.00,4.737761,96.96484375
08:05:16,912810TZ1,TSRYS5752098,D,S,D,2024-05-13,1000000.00,4.737761,96.96484375
08:05:16,912810TZ1,TSRYS5752098,D,S,D,2024-05-13,1000000.00,4.737761,96.96484375
08:05:16,912810TZ1,TSRYS5752098,D,S,D,2024-05-13,1000000.00,4.737761,96.96484375
08:05:16,912810TZ1,TSRYS5752098,D,S,C,2024-05-13,3000000.00,4.737449,96.96875
08:05:16,912810TZ1,TSRYS5752098,D,S,C,2024-05-13,1000000.00,4.737745,96.96504375
08:05:16,912810TZ1,TSRYS5752098,D,S,C,2024-05-13,1000000.00,4.737761,96.96484375
08:05:16,912810TZ1,TSRYS5752098,D,S,D,2024-05-13,1000000.00,4.737449,96.96875
08:05:16,912810TZ1,TSRYS5752098,D,S,C,2024-05-13,2000000.00,4.737449,96.96875
08:05:16,912810TZ1,TSRYS5752098,D,S,D,2024-05-13,1000000.00,4.736666,96.978515625
08:05:16,912810TZ1,TSRYS5752098,D,S,D,2024-05-13,1000000.00,4.736823,96.9765625
08:05:16,912810TZ1,TSRYS5752098,D,S,D,2024-05-13,1000000.00,4.736823,96.9765625
08:05:16,912810TZ1,TSRYS5752098,D,S,D,2024-05-13,1000000.00,4.736823,96.9765625
08:05:16,912810TZ1,TSRYS5752098,D,S,D,2024-05-13,1000000.00,4.736823,96.9765625
08:05:16,912810TZ1,TSRYS5752098,D,S,D,2024-05-13,1000000.00,4.736823,96.9765625
08:05:17,912810TZ1,TSRYS5752098,D,S,D,2024-05-13,1000000.00,4.736979,96.974609375
08:05:17,912810TZ1,TSRYS5752098,D,S,D,2024-05-13,1000000.00,4.737292,96.970703125
08:05:17,912810TZ1,TSRYS5752098,D,B,C,2024-05-13,1000000.00,4.7373,96.970603125
08:05:17,912810TZ1,TSRYS5752098,D,S,D,2024-05-13,1000000.00,4.737292,96.970703125
08:05:17,912810TZ1,TSRYS5752098,D,B,C,2024-05-13,1000000.00,4.7373,96.970603125
08:05:17,912810TZ1,TSRYS5752098,D,S,C,2024-05-13,2000000.00,4.736815,96.9766625
08:05:17,912810TZ1,TSRYS5752098,D,S,D,2024-05-13,1000000.00,4.736823,96.9765625
08:05:17,912810TZ1,TSRYS5752098,D,S,D,2024-05-13,1000000.00,4.736823,96.9765625
08:05:17,912810TZ1,TSRYS5752098,D,S,D,2024-05-13,1000000.00,4.736823,96.9765625
08:05:17,912810TZ1,TSRYS5752098,D,S,D,2024-05-13,1000000.00,4.736823,96.9765625
08:05:17,912810TZ1,TSRYS5752098,D,S,D,2024-05-13,1000000.00,4.736823,96.9765625
08:05:17,912810TZ1,TSRYS5752098,D,S,D,2024-05-13,1000000.00,4.737605,96.966796875
08:05:17,912810TZ1,TSRYS5752098,D,B,C,2024-05-13,1000000.00,4.737613,96.966696875
08:05:17,912810TZ1,TSRYS5752098,D,S,C,2024-05-13,1000000.00,4.737449,96.96875
08:05:17,912810TZ1,TSRYS5752098,D,S,D,2024-05-13,1000000.00,4.737449,96.96875
08:05:17,912810TZ1,TSRYS5752098,D,S,D,2024-05-13,1000000.00,4.737449,96.96875
08:05:17,912810TZ1,TSRYS5752098,D,S,D,2024-05-13,1000000.00,4.737605,96.966796875
08:05:17,912810TZ1,TSRYS5752098,D,B,C,2024-05-13,1000000.00,4.737621,96.966596875
08:05:17,912810TZ1,TSRYS5752098,D,S,D,2024-05-13,1000000.00,4.737605,96.966796875
08:05:17,912810TZ1,TSRYS5752098,D,S,D,2024-05-13,1000000.00,4.737605,96.966796875
08:05:17,912810TZ1,TSRYS5752098,D,B,C,2024-05-13,1000000.00,4.737613,96.966696875
08:05:18,912810TZ1,TSRYS5752098,D,S,C,2024-05-13,1000000.00,4.738849,96.951271875
08:05:18,912810TZ1,TSRYS5752098,D,S,D,2024-05-13,1000000.00,4.739796,96.939453125
08:05:18,912810TZ1,TSRYS5752098,D,S,D,2024-05-13,1000000.00,4.739796,96.939453125
08:05:18,912810TZ1,TSRYS5752098,D,S,D,2024-05-13,105000.00,4.727185,97.097
08:05:18,912810TZ1,TSRYS5752098,D,S,C,2024-05-13,105000.00,4.727185,97.097
08:05:19,912810TZ1,TSRYS5752098,D,S,D,2024-05-13,1000000.00,4.737449,96.96875
08:05:19,912810TZ1,TSRYS5752098,D,S,D,2024-05-13,1000000.00,4.736823,96.9765625
08:05:19,912810TZ1,TSRYS5752098,D,S,C,2024-05-13,2000000.00,4.736815,96.9766625
08:05:19,912810TZ1,TSRYS5752098,D,S,D,2024-05-13,1000000.00,4.737136,96.97265625
08:05:19,912810TZ1,TSRYS5752098,D,B,C,2024-05-13,1000000.00,4.737136,96.97265625
08:05:20,912810TZ1,TSRYS5752098,D,S,D,2024-05-13,2000000.00,4.736197,96.984375
08:05:20,912810TZ1,TSRYS5752098,D,S,C,2024-05-13,1000000.00,4.73665,96.978715625
08:05:20,912810TZ1,TSRYS5752098,D,S,C,2024-05-13,3000000.00,4.736823,96.9765625
08:05:20,912810TZ1,TSRYS5752098,D,S,D,2024-05-13,1000000.00,4.736823,96.9765625
08:05:20,912810TZ1,TSRYS5752098,D,S,C,2024-05-13,1000000.00,4.736815,96.9766625
08:05:20,912810TZ1,TSRYS5752098,D,S,D,2024-05-13,1000000.00,4.736823,96.9765625
08:05:20,912810TZ1,TSRYS5752098,D,S,D,2024-05-13,1000000.00,4.736823,96.9765625
08:05:20,912810TZ1,TSRYS5752098,D,S,D,2024-05-13,1000000.00,4.736823,96.9765625
08:05:20,912810TZ1,TSRYS5752098,D,S,D,2024-05-13,1000000.00,4.737918,96.962890625
08:05:20,912810TZ1,TSRYS5752098,D,S,D,2024-05-13,1000000.00,4.737918,96.962890625
08:05:20,912810TZ1,TSRYS5752098,D,S,D,2024-05-13,1000000.00,4.738074,96.9609375
08:05:20,912810TZ1,TSRYS5752098,D,S,D,2024-05-13,1000000.00,4.738074,96.9609375
08:05:20,912810TZ1,TSRYS5752098,D,S,D,2024-05-13,1000000.00,4.738231,96.958984375
08:05:21,912810TZ1,TSRYS5752098,D,S,D,2024-05-13,1000000.00,4.737136,96.97265625
08:05:21,912810TZ1,TSRYS5752098,D,S,D,2024-05-13,1000000.00,4.737136,96.97265625
08:05:21,912810TZ1,TSRYS5752098,D,S,D,2024-05-13,1000000.00,4.737449,96.96875
08:05:21,912810TZ1,TSRYS5752098,D,B,C,2024-05-13,1000000.00,4.737449,96.96875
08:05:21,912810TZ1,TSRYS5752098,D,S,D,2024-05-13,1000000.00,4.737136,96.97265625
08:05:21,912810TZ1,TSRYS5752098,D,S,D,2024-05-13,1000000.00,4.737292,96.970703125
08:05:21,912810TZ1,TSRYS5752098,D,S,D,2024-05-13,1000000.00,4.736197,96.984375
08:05:21,912810TZ1,TSRYS5752098,D,S,D,2024-05-13,1000000.00,4.736197,96.984375
08:05:21,912810TZ1,TSRYS5752098,D,S,D,2024-05-13,1000000.00,4.736197,96.984375
08:05:21,912810TZ1,TSRYS5752098,D,S,D,2024-05-13,1000000.00,4.736197,96.984375
08:05:21,912810TZ1,TSRYS5752098,D,S,D,2024-05-13,1000000.00,4.736197,96.984375
08:05:21,912810TZ1,TSRYS5752098,D,S,D,2024-05-13,1000000.00,4.735884,96.98828125
08:05:21,912810TZ1,TSRYS5752098,D,S,D,2024-05-13,1000000.00,4.735884,96.98828125
08:05:21,912810TZ1,TSRYS5752098,D,S,D,2024-05-13,1000000.00,4.735884,96.98828125
08:05:21,912810TZ1,TSRYS5752098,D,S,D,2024-05-13,1000000.00,4.736041,96.986328125
08:05:21,912810TZ1,TSRYS5752098,D,B,C,2024-05-13,1000000.00,4.736041,96.986328125
08:05:21,912810TZ1,TSRYS5752098,D,S,D,2024-05-13,1000000.00,4.736041,96.986328125
08:05:22,912810TZ1,TSRYS5752098,D,S,D,2024-05-13,1000000.00,4.735415,96.994140625
08:05:22,912810TZ1,TSRYS5752098,D,B,C,2024-05-13,1000000.00,4.735423,96.994040625
08:05:22,912810TZ1,TSRYS5752098,D,S,D,2024-05-13,1000000.00,4.735415,96.994140625
08:05:22,912810TZ1,TSRYS5752098,D,B,C,2024-05-13,1000000.00,4.735423,96.994040625
08:05:22,912810TZ1,TSRYS5752098,D,S,D,2024-05-13,1000000.00,4.735415,96.994140625
08:05:22,912810TZ1,TSRYS5752098,D,S,D,2024-05-13,1000000.00,4.735884,96.98828125
08:05:22,912810TZ1,TSRYS5752098,D,B,C,2024-05-13,1000000.00,4.735884,96.98828125
08:05:22,912810TZ1,TSRYS5752098,D,S,D,2024-05-13,1000000.00,4.736354,96.982421875
08:05:22,912810TZ1,TSRYS5752098,D,S,D,2024-05-13,1000000.00,4.736354,96.982421875
08:05:22,912810TZ1,TSRYS5752098,D,S,D,2024-05-13,1000000.00,4.736354,96.982421875
08:05:22,912810TZ1,TSRYS5752098,D,B,C,2024-05-13,2000000.00,4.736354,96.982421875
08:05:22,912810TZ1,TSRYS5752098,D,S,D,2024-05-13,1000000.00,4.734946,97.0
08:05:22,912810TZ1,TSRYS5752098,D,S,D,2024-05-13,1000000.00,4.734946,97.0
08:05:22,912810TZ1,TSRYS5752098,D,S,D,2024-05-13,1000000.00,4.734946,97.0
08:05:22,912810TZ1,TSRYS5752098,D,S,D,2024-05-13,1000000.00,4.734946,97.0
08:05:22,912810TZ1,TSRYS5752098,D,S,D,2024-05-13,1000000.00,4.734946,97.0
08:05:22,912810TZ1,TSRYS5752098,D,S,D,2024-05-13,1000000.00,4.734946,97.0
08:05:22,912810TZ1,TSRYS5752098,D,S,D,2024-05-13,1000000.00,4.734946,97.0
08:05:22,912810TZ1,TSRYS5752098,D,S,D,2024-05-13,1000000.00,4.734946,97.0
08:05:22,912810TZ1,TSRYS5752098,D,S,D,2024-05-13,1000000.00,4.734946,97.0
08:05:23,912810TZ1,TSRYS5752098,D,S,D,2024-05-13,1000000.00,4.734477,97.005859375
08:05:23,912810TZ1,TSRYS5752098,D,B,C,2024-05-13,1000000.00,4.734477,97.005859375
08:05:23,912810TZ1,TSRYS5752098,D,S,D,2024-05-13,1000000.00,4.734477,97.005859375
08:05:23,912810TZ1,TSRYS5752098,D,B,C,2024-05-13,1000000.00,4.734477,97.005859375
08:05:23,912810TZ1,TSRYS5752098,D,S,D,2024-05-13,1000000.00,4.734477,97.005859375
08:05:23,912810TZ1,TSRYS5752098,D,S,D,2024-05-13,1000000.00,4.734477,97.005859375
08:05:23,912810TZ1,TSRYS5752098,D,B,C,2024-05-13,1000000.00,4.734477,97.005859375
08:05:23,912810TZ1,TSRYS5752098,D,S,D,2024-05-13,2000000.00,4.734946,97.0
08:05:23,912810TZ1,TSRYS5752098,D,S,D,2024-05-13,1000000.00,4.734946,97.0
08:05:23,912810TZ1,TSRYS5752098,D,S,D,2024-05-13,1000000.00,4.73479,97.001953125
08:05:23,912810TZ1,TSRYS5752098,D,B,C,2024-05-13,1000000.00,4.73479,97.001953125
08:05:23,912810TZ1,TSRYS5752098,D,S,D,2024-05-13,1000000.00,4.735102,96.998046875
08:05:23,912810TZ1,TSRYS5752098,D,B,C,2024-05-13,1000000.00,4.735102,96.998046875
08:05:23,912810TZ1,TSRYS5752098,D,S,D,2024-05-13,1000000.00,4.737136,96.97265625
08:05:23,912810TZ1,TSRYS5752098,D,B,C,2024-05-13,1000000.00,4.737136,96.97265625
08:05:23,912810TZ1,TSRYS5752098,D,S,D,2024-05-13,1000000.00,4.737136,96.97265625
08:05:23,912810TZ1,TSRYS5752098,D,S,D,2024-05-13,1000000.00,4.737136,96.97265625
08:05:23,912810TZ1,TSRYS5752098,D,B,C,2024-05-13,1000000.00,4.737136,96.97265625
08:05:23,912810TZ1,TSRYS5752098,D,S,D,2024-05-13,1000000.00,4.737292,96.970703125
08:05:23,912810TZ1,TSRYS5752098,D,B,C,2024-05-13,1000000.00,4.737292,96.970703125
08:05:23,912810TZ1,TSRYS5752098,D,S,D,2024-05-13,1000000.00,4.737292,96.970703125
08:05:23,912810TZ1,TSRYS5752098,D,B,C,2024-05-13,1000000.00,4.7373,96.970603125
08:05:23,912810TZ1,TSRYS5752098,D,S,D,2024-05-13,1000000.00,4.737292,96.970703125
08:05:23,912810TZ1,TSRYS5752098,D,B,C,2024-05-13,1000000.00,4.7373,96.970603125
08:05:24,912810TZ1,TSRYS5752098,D,S,D,2024-05-13,1000000.00,4.737292,96.970703125
08:05:24,912810TZ1,TSRYS5752098,D,B,C,2024-05-13,1000000.00,4.737292,96.970703125
08:05:24,912810TZ1,TSRYS5752098,D,S,D,2024-05-13,1000000.00,4.738231,96.958984375
08:05:24,912810TZ1,TSRYS5752098,D,B,C,2024-05-13,1000000.00,4.738231,96.958984375
08:05:24,912810TZ1,TSRYS5752098,D,S,D,2024-05-13,1000000.00,4.738387,96.95703125
08:05:24,912810TZ1,TSRYS5752098,D,B,C,2024-05-13,1000000.00,4.738387,96.95703125
08:05:24,912810TZ1,TSRYS5752098,D,S,D,2024-05-13,1000000.00,4.738544,96.955078125
08:05:24,912810TZ1,TSRYS5752098,D,B,C,2024-05-13,1000000.00,4.738544,96.955078125
08:05:24,912810TZ1,TSRYS5752098,D,S,D,2024-05-13,1000000.00,4.739013,96.94921875
08:05:24,912810TZ1,TSRYS5752098,D,B,C,2024-05-13,1000000.00,4.739013,96.94921875
08:05:24,912810TZ1,TSRYS5752098,D,S,D,2024-05-13,1000000.00,4.73917,96.947265625
08:05:24,912810TZ1,TSRYS5752098,D,B,C,2024-05-13,1000000.00,4.73917,96.947265625
08:05:24,912810TZ1,TSRYS5752098,D,S,D,2024-05-13,1000000.00,4.73917,96.947265625
08:05:24,912810TZ1,TSRYS5752098,D,B,C,2024-05-13,1000000.00,4.73917,96.947265625
08:05:25,912810TZ1,TSRYS5752098,D,B,C,2024-05-13,1000000.00,4.737934,96.962690625
08:05:25,912810TZ1,TSRYS5752098,D,S,D,2024-05-13,1000000.00,4.737908,96.963015625
08:05:26,912810TZ1,TSRYS5752098,D,B,C,2024-05-13,1000000.00,4.735431,96.993940625
08:05:26,912810TZ1,TSRYS5752098,D,S,D,2024-05-13,1000000.00,4.735415,96.994140625
08:05:28,912810TZ1,TSRYS5752098,D,S,D,2024-05-13,2000000.00,4.732445,97.03125
08:05:28,912810TZ1,TSRYS5752098,D,S,D,2024-05-13,1000000.00,4.732445,97.03125
08:05:28,912810TZ1,TSRYS5752098,D,S,D,2024-05-13,1000000.00,4.732288,97.033203125
08:05:28,912810TZ1,TSRYS5752098,D,S,C,2024-05-13,1000000.00,4.73228,97.033303125
08:05:33,912810TZ1,TSRYS5752098,D,B,C,2024-05-13,1000000.00,4.728694,97.078125
08:05:33,912810TZ1,TSRYS5752098,D,S,C,2024-05-13,1000000.00,4.728694,97.078125
08:05:34,912810TZ1,TSRYS5752098,D,S,D,2024-05-13,1000000.00,4.728694,97.078125
08:05:36,912810TZ1,TSRYS5752098,D,S,D,2024-05-13,1000000.00,4.729163,97.072265625
08:05:36,912810TZ1,TSRYS5752098,D,S,D,2024-05-13,1000000.00,4.729007,97.07421875
08:05:36,912810TZ1,TSRYS5752098,D,B,C,2024-05-13,1000000.00,4.729007,97.07421875
08:05:36,912810TZ1,TSRYS5752098,D,S,D,2024-05-13,1000000.00,4.729007,97.07421875
08:05:36,912810TZ1,TSRYS5752098,D,B,C,2024-05-13,1000000.00,4.728859,97.076071875
08:05:36,912810TZ1,TSRYS5752098,D,S,D,2024-05-13,1000000.00,4.728851,97.076171875
08:05:39,912810TZ1,TSRYS5752098,D,B,C,2024-05-13,1000000.00,4.73637,96.982221875
08:05:39,912810TZ1,TSRYS5752098,D,S,D,2024-05-13,1000000.00,4.736346,96.982521875
08:05:39,912810TZ1,TSRYS5752098,D,S,D,2024-05-13,1000000.00,4.732445,97.03125
08:05:40,912810TZ1,TSRYS5752098,D,B,C,2024-05-13,1000000.00,4.732617,97.029096875
08:05:40,912810TZ1,TSRYS5752098,D,S,D,2024-05-13,1000000.00,4.732601,97.029296875
08:05:40,912810TZ1,TSRYS5752098,D,B,C,2024-05-13,1000000.00,4.731992,97.036909375
08:05:40,912810TZ1,TSRYS5752098,D,S,D,2024-05-13,1000000.00,4.731976,97.037109375
08:05:41,912810TZ1,TSRYS5752098,D,B,C,2024-05-13,1000000.00,4.736197,96.984375
08:05:41,912810TZ1,TSRYS5752098,D,S,C,2024-05-13,1000000.00,4.736197,96.984375
08:05:41,912810TZ1,TSRYS5752098,D,S,D,2024-05-13,2000000.00,4.737136,96.97265625
08:05:42,912810TZ1,TSRYS5752098,D,S,D,2024-05-13,2000000.00,4.739639,96.94140625
08:05:42,912810TZ1,TSRYS5752098,D,S,D,2024-05-13,2000000.00,4.739639,96.94140625
08:05:42,912810TZ1,TSRYS5752098,D,S,D,2024-05-13,2000000.00,4.739639,96.94140625
08:05:42,912810TZ1,TSRYS5752098,D,S,C,2024-05-13,1000000.00,4.739944,96.9376
08:05:42,912810TZ1,TSRYS5752098,D,S,D,2024-05-13,1000000.00,4.73651,96.98046875
08:05:47,912810TZ1,TSRYS5752098,D,S,C,2024-05-13,1000000.00,4.736197,96.984375
08:05:49,912810TZ1,TSRYS5752098,D,S,C,2024-05-13,2000000.00,4.737136,96.97265625
08:05:49,912810TZ1,TSRYS5752098,D,S,C,2024-05-13,1000000.00,4.736979,96.974609375
08:05:49,912810TZ1,TSRYS5752098,D,S,D,2024-05-13,1000000.00,4.737753,96.96494375
08:05:49,912810TZ1,TSRYS5752098,D,S,D,2024-05-13,1000000.00,4.737753,96.96494375
08:05:49,912810TZ1,TSRYS5752098,D,S,D,2024-05-13,1000000.00,4.737753,96.96494375
08:05:49,912810TZ1,TSRYS5752098,D,S,D,2024-05-13,1000000.00,4.737753,96.96494375
08:05:49,912810TZ1,TSRYS5752098,D,S,C,2024-05-13,1000000.00,4.737761,96.96484375
08:05:49,912810TZ1,TSRYS5752098,D,S,C,2024-05-13,2000000.00,4.737136,96.97265625
08:05:49,912810TZ1,TSRYS5752098,D,S,D,2024-05-13,1000000.00,4.737292,96.970703125
08:05:49,912810TZ1,TSRYS5752098,D,S,D,2024-05-13,2000000.00,4.737136,96.97265625
08:05:49,912810TZ1,TSRYS5752098,D,S,D,2024-05-13,1000000.00,4.737292,96.970703125
08:05:49,912810TZ1,TSRYS5752098,D,S,D,2024-05-13,1000000.00,4.737136,96.97265625
08:05:49,912810TZ1,TSRYS5752098,D,S,C,2024-05-13,1000000.00,4.737136,96.97265625
08:05:50,912810TZ1,TSRYS5752098,D,S,C,2024-05-13,1000000.00,4.735728,96.990234375
08:05:50,912810TZ1,TSRYS5752098,D,S,D,2024-05-13,1000000.00,4.735259,96.99609375
08:05:50,912810TZ1,TSRYS5752098,D,S,D,2024-05-13,1000000.00,4.735259,96.99609375
08:06:00,912810TZ1,TSRYS5752098,D,S,T,2024-05-13,1000000.00,4.729944,97.0625
08:06:00,912810TZ1,TSRYS5752098,D,S,D,2024-05-13,10000.00,4.727132,97.09765625
08:06:02,912810TZ1,TSRYS5752098,D,S,C,2024-05-13,10000.00,4.727132,97.09765625
08:06:06,912810TZ1,TSRYS5752098,D,S,D,2024-05-13,2000000.00,4.726966,97.099734375
08:06:06,912810TZ1,TSRYS5752098,D,B,C,2024-05-13,2000000.00,4.726984,97.099509375
08:06:09,912810TZ1,TSRYS5752098,D,S,D,2024-05-13,1000000.00,4.729007,97.07421875
08:06:09,912810TZ1,TSRYS5752098,D,B,C,2024-05-13,1000000.00,4.729007,97.07421875
08:06:09,912810TZ1,TSRYS5752098,D,S,D,2024-05-13,1000000.00,4.727903,97.088015625
08:06:09,912810TZ1,TSRYS5752098,D,S,D,2024-05-13,1000000.00,4.727903,97.088015625
08:06:13,912810TZ1,TSRYS5752098,D,S,D,2024-05-13,1000000.00,4.727903,97.088015625
08:06:13,912810TZ1,TSRYS5752098,D,S,C,2024-05-13,1000000.00,4.728694,97.078125
08:06:15,912810TZ1,TSRYS5752098,D,S,C,2024-05-13,2000000.00,4.729632,97.06640625
08:06:17,912810TZ1,TSRYS5752098,D,S,C,2024-05-13,1000000.00,4.72415,97.134965625
08:06:17,912810TZ1,TSRYS5752098,D,B,C,2024-05-13,1000000.00,4.724166,97.134765625
08:06:18,912810TZ1,TSRYS5752098,D,S,D,2024-05-13,1000000.00,4.724946,97.125
08:06:18,912810TZ1,TSRYS5752098,D,S,D,2024-05-13,1000000.00,4.726976,97.099609375
08:06:20,912810TZ1,TSRYS5752098,D,S,C,2024-05-13,1000000.00,4.728522,97.080278125
08:06:20,912810TZ1,TSRYS5752098,D,B,C,2024-05-13,1000000.00,4.728554,97.079878125
08:06:20,912810TZ1,TSRYS5752098,D,S,C,2024-05-13,1000000.00,4.72853,97.080178125
08:06:20,912810TZ1,TSRYS5752098,D,B,C,2024-05-13,1000000.00,4.728554,97.079878125
08:06:20,912810TZ1,TSRYS5752098,D,S,D,2024-05-13,1000000.00,4.728538,97.080078125
08:06:20,912810TZ1,TSRYS5752098,D,B,C,2024-05-13,1000000.00,4.728554,97.079878125
08:06:20,912810TZ1,TSRYS5752098,D,S,D,2024-05-13,1000000.00,4.728538,97.080078125
08:06:20,912810TZ1,TSRYS5752098,D,B,C,2024-05-13,1000000.00,4.728554,97.079878125
08:06:20,912810TZ1,TSRYS5752098,D,S,D,2024-05-13,1000000.00,4.728538,97.080078125
08:06:20,912810TZ1,TSRYS5752098,D,B,C,2024-05-13,1000000.00,4.728554,97.079878125
08:06:20,912810TZ1,TSRYS5752098,D,S,D,2024-05-13,1000000.00,4.728694,97.078125
08:06:20,912810TZ1,TSRYS5752098,D,B,C,2024-05-13,1000000.00,4.72871,97.077925
08:06:20,912810TZ1,TSRYS5752098,D,S,C,2024-05-13,1000000.00,4.728694,97.078125
08:06:20,912810TZ1,TSRYS5752098,D,B,C,2024-05-13,1000000.00,4.72871,97.077925
08:06:20,912810TZ1,TSRYS5752098,D,S,C,2024-05-13,1000000.00,4.728678,97.078325
08:06:20,912810TZ1,TSRYS5752098,D,B,C,2024-05-13,1000000.00,4.72871,97.077925
08:06:20,912810TZ1,TSRYS5752098,D,B,C,2024-05-13,1000000.00,4.72871,97.077925
08:06:20,912810TZ1,TSRYS5752098,D,S,D,2024-05-13,1000000.00,4.728694,97.078125
08:06:20,912810TZ1,TSRYS5752098,D,B,C,2024-05-13,1000000.00,4.72871,97.077925
08:06:20,912810TZ1,TSRYS5752098,D,S,D,2024-05-13,1000000.00,4.728694,97.078125
08:06:20,912810TZ1,TSRYS5752098,D,B,C,2024-05-13,1000000.00,4.72871,97.077925
08:06:20,912810TZ1,TSRYS5752098,D,S,C,2024-05-13,1000000.00,4.728686,97.078225
08:06:20,912810TZ1,TSRYS5752098,D,S,D,2024-05-13,1000000.00,4.728851,97.076171875
08:06:20,912810TZ1,TSRYS5752098,D,B,C,2024-05-13,1000000.00,4.728851,97.076171875
08:06:20,912810TZ1,TSRYS5752098,D,S,C,2024-05-13,1000000.00,4.728851,97.076171875
08:06:20,912810TZ1,TSRYS5752098,D,B,C,2024-05-13,1000000.00,4.728851,97.076171875
08:06:20,912810TZ1,TSRYS5752098,D,S,C,2024-05-13,1000000.00,4.728843,97.076271875
08:06:20,912810TZ1,TSRYS5752098,D,B,C,2024-05-13,1000000.00,4.728867,97.075971875
08:06:20,912810TZ1,TSRYS5752098,D,S,C,2024-05-13,1000000.00,4.728694,97.078125
08:06:20,912810TZ1,TSRYS5752098,D,B,C,2024-05-13,1000000.00,4.72871,97.077925
08:06:20,912810TZ1,TSRYS5752098,D,S,D,2024-05-13,1000000.00,4.728851,97.076171875
08:06:20,912810TZ1,TSRYS5752098,D,B,C,2024-05-13,1000000.00,4.728867,97.075971875
08:06:20,912810TZ1,TSRYS5752098,D,S,C,2024-05-13,1000000.00,4.728851,97.076171875
08:06:20,912810TZ1,TSRYS5752098,D,B,C,2024-05-13,1000000.00,4.728867,97.075971875
08:06:20,912810TZ1,TSRYS5752098,D,S,C,2024-05-13,1000000.00,4.728843,97.076271875
08:06:20,912810TZ1,TSRYS5752098,D,B,C,2024-05-13,1000000.00,4.728867,97.075971875
08:06:20,912810TZ1,TSRYS5752098,D,S,C,2024-05-13,1000000.00,4.728851,97.076171875
08:06:20,912810TZ1,TSRYS5752098,D,B,C,2024-05-13,1000000.00,4.728867,97.075971875
08:06:20,912810TZ1,TSRYS5752098,D,S,C,2024-05-13,1000000.00,4.729007,97.07421875
08:06:20,912810TZ1,TSRYS5752098,D,B,C,2024-05-13,1000000.00,4.729023,97.07401875
08:06:42,912810TZ1,TSRYS5752098,D,B,C,2024-05-13,1000000.00,4.729007,97.07421875
08:06:42,912810TZ1,TSRYS5752098,D,S,C,2024-05-13,1000000.00,4.729007,97.07421875
08:08:01,912810TZ1,TSRYS5752098,D,S,C,2024-05-13,1000000.00,4.729319,97.0703125
08:08:01,912810TZ1,TSRYS5752098,D,B,C,2024-05-13,1000000.00,4.729335,97.0701125
08:08:10,912810TZ1,TSRYS5752098,D,S,D,2024-05-13,50MM+,4.734946,97.0
08:08:14,912810TZ1,TSRYS5752098,D,S,T,2024-05-13,50MM+,4.734946,97.0
08:08:25,912810TZ1,TSRYS5752098,D,S,C,2024-05-13,1000000.00,4.728694,97.078125
08:08:25,912810TZ1,TSRYS5752098,D,B,C,2024-05-13,1000000.00,4.728694,97.078125
08:10:15,912810TZ1,TSRYS5752098,D,B,C,2024-05-13,50MM+,4.734946,97.0
08:11:01,912810TZ1,TSRYS5752098,D,S,D,2024-05-13,1000000.00,4.7301,97.060546875
08:11:01,912810TZ1,TSRYS5752098,D,B,C,2024-05-13,1000000.00,4.730116,97.060346875
08:11:18,912810TZ1,TSRYS5752098,D,B,C,2024-05-13,1587000.00,4.729632,97.06640625
08:13:14,912810TZ1,TSRYS5752098,D,B,C,2024-05-13,1000000.00,4.729632,97.06640625
08:13:14,912810TZ1,TSRYS5752098,D,S,D,2024-05-13,1000000.00,4.729632,97.06640625
08:13:14,912810TZ1,TSRYS5752098,D,S,D,2024-05-13,1000000.00,4.729632,97.06640625
08:14:29,912810TZ1,TSRYS5752098,D,S,T,2024-05-13,1000000.00,4.727289,97.095703125
08:14:34,912810TZ1,TSRYS5752098,D,S,D,2024-05-13,1000000.00,4.727289,97.095703125
08:14:59,912810TZ1,TSRYS5752098,D,B,C,2024-05-13,1000000.00,4.727132,97.09765625
08:15:24,912810TZ1,TSRYS5752098,D,S,C,2024-05-13,1000000.00,4.727209,97.0967
08:15:37,912810TZ1,TSRYS5752098,D,S,C,2024-05-13,1000000.00,4.729319,97.0703125
08:15:37,912810TZ1,TSRYS5752098,D,B,C,2024-05-13,1000000.00,4.729327,97.0702125
08:15:49,912810TZ1,TSRYS5752098,D,B,C,2024-05-13,1000000.00,4.727921,97.087790625
08:15:49,912810TZ1,TSRYS5752098,D,S,D,2024-05-13,1000000.00,4.727913,97.087890625
08:16:02,912810TZ1,TSRYS5752098,D,B,C,2024-05-13,1000000.00,4.729007,97.07421875
08:16:02,912810TZ1,TSRYS5752098,D,S,C,2024-05-13,1000000.00,4.729007,97.07421875
08:17:17,912810TZ1,TSRYS5752098,D,S,T,2024-05-13,1000000.00,4.728069,97.0859375
08:17:17,912810TZ1,TSRYS5752098,D,S,T,2024-05-13,1000000.00,4.728069,97.0859375
08:17:17,912810TZ1,TSRYS5752098,D,S,D,2024-05-13,1000000.00,4.728069,97.0859375
08:17:17,912810TZ1,TSRYS5752098,D,S,D,2024-05-13,1000000.00,4.728069,97.0859375
08:19:07,912810TZ1,TSRYS5752098,D,S,D,2024-05-13,1000000.00,4.728069,97.0859375
08:19:07,912810TZ1,TSRYS5752098,D,S,C,2024-05-13,1000000.00,4.728382,97.08203125
08:19:07,912810TZ1,TSRYS5752098,D,B,C,2024-05-13,1000000.00,4.728398,97.08183125
08:19:07,912810TZ1,TSRYS5752098,D,S,D,2024-05-13,1000000.00,4.728069,97.0859375
08:19:12,912810TZ1,TSRYS5752098,D,S,D,2024-05-13,1000000.00,4.728069,97.0859375
08:19:12,912810TZ1,TSRYS5752098,D,B,C,2024-05-13,1000000.00,4.728069,97.0859375
08:19:40,912810TZ1,TSRYS5752098,D,S,D,2024-05-13,31000.00,4.728694,97.078125
08:19:56,912810TZ1,TSRYS5752098,D,S,C,2024-05-13,10000.00,4.731194,97.096875
08:19:57,912810TZ1,TSRYS5752098,D,S,D,2024-05-13,10000.00,4.731194,97.046875
08:19:58,912810TZ1,TSRYS5752098,D,S,T,2024-05-13,1000000.00,4.731819,97.0390625
08:19:59,912810TZ1,TSRYS5752098,D,S,D,2024-05-13,1000000.00,4.731819,97.0390625
08:20:05,912810TZ1,TSRYS5752098,D,S,C,2024-05-13,1000000.00,4.728008,97.08671
08:20:30,912810TZ1,TSRYS5752098,D,B,C,2024-05-13,1000000.00,4.728859,97.076071875
08:20:30,912810TZ1,TSRYS5752098,D,S,D,2024-05-13,1000000.00,4.728851,97.076171875
08:20:52,912810TZ1,TSRYS5752098,D,S,C,2024-05-13,1000000.00,4.731178,97.047075
08:20:52,912810TZ1,TSRYS5752098,D,B,C,2024-05-13,1000000.00,4.731194,97.046875
08:21:38,912810TZ1,TSRYS5752098,D,B,C,2024-05-13,21000000.00,4.729074,97.07338
08:21:51,912810TZ1,TSRYS5752098,D,S,T,2024-05-13,1000000.00,4.728069,97.0859375
08:21:51,912810TZ1,TSRYS5752098,D,B,C,2024-05-13,1000000.00,4.727757,97.08984375
08:21:51,912810TZ1,TSRYS5752098,D,S,D,2024-05-13,1000000.00,4.727757,97.08984375
08:21:51,912810TZ1,TSRYS5752098,D,S,D,2024-05-13,1000000.00,4.728069,97.0859375
08:21:55,912810TZ1,TSRYS5752098,D,S,D,2024-05-13,1000000.00,4.728069,97.0859375
08:21:55,912810TZ1,TSRYS5752098,D,B,C,2024-05-13,1000000.00,4.728085,97.0857375
08:22:20,912810TZ1,TSRYS5752098,D,S,D,2024-05-13,1000000.00,4.728069,97.0859375
08:22:20,912810TZ1,TSRYS5752098,D,S,T,2024-05-13,1000000.00,4.728069,97.0859375
08:24:01,912810TZ1,TSRYS5752098,D,S,C,2024-05-13,1000000.00,4.727437,97.09385
08:24:03,912810TZ1,TSRYS5752098,D,S,T,2024-05-13,1000000.00,4.727445,97.09375
08:24:03,912810TZ1,TSRYS5752098,D,S,T,2024-05-13,1000000.00,4.727445,97.09375
08:24:03,912810TZ1,TSRYS5752098,D,S,T,2024-05-13,1000000.00,4.727445,97.09375
08:24:03,912810TZ1,TSRYS5752098,D,S,T,2024-05-13,1000000.00,4.727445,97.09375
08:24:03,912810TZ1,TSRYS5752098,D,S,T,2024-05-13,1000000.00,4.727445,97.09375
08:24:26,912810TZ1,TSRYS5752098,D,S,C,2024-05-13,1000000.00,4.727445,97.09375
08:24:37,912810TZ1,TSRYS5752098,D,S,A,2024-05-13,10476000.00,4.728038,97.0863375
08:24:40,912810TZ1,TSRYS5752098,D,S,C,2024-05-13,1000000.00,4.727429,97.09395
08:24:40,912810TZ1,TSRYS5752098,D,S,C,2024-05-13,1000000.00,4.727437,97.09385
08:24:40,912810TZ1,TSRYS5752098,D,S,C,2024-05-13,1000000.00,4.727445,97.09375
08:24:42,912810TZ1,TSRYS5752098,D,S,D,2024-05-13,2000000.00,4.728069,97.0859375
08:24:42,912810TZ1,TSRYS5752098,D,B,C,2024-05-13,2000000.00,4.728069,97.0859375
08:24:45,912810TZ1,TSRYS5752098,D,S,D,2024-05-13,1000000.00,4.728069,97.0859375
08:24:46,912810TZ1,TSRYS5752098,D,B,C,2024-05-13,1000000.00,4.728069,97.0859375
08:24:49,912810TZ1,TSRYS5752098,D,B,C,2024-05-13,3700000.00,4.728069,97.0859375
08:24:49,912810TZ1,TSRYS5752098,D,S,C,2024-05-13,1000000.00,4.729007,97.07421875
08:24:49,912810TZ1,TSRYS5752098,D,B,C,2024-05-13,1000000.00,4.729007,97.07421875
08:24:54,912810TZ1,TSRYS5752098,D,S,C,2024-05-13,1000000.00,4.728694,97.078125
08:24:54,912810TZ1,TSRYS5752098,D,B,C,2024-05-13,1000000.00,4.728694,97.078125
08:25:00,912810TZ1,TSRYS5752098,D,S,D,2024-05-13,1000000.00,4.729007,97.07421875
08:25:00,912810TZ1,TSRYS5752098,D,S,D,2024-05-13,1000000.00,4.729007,97.07421875
08:25:00,912810TZ1,TSRYS5752098,D,S,D,2024-05-13,1000000.00,4.728851,97.076171875
08:25:01,912810TZ1,TSRYS5752098,D,S,C,2024-05-13,1000000.00,4.728538,97.080078125
08:25:01,912810TZ1,TSRYS5752098,D,S,T,2024-05-13,1000000.00,4.728538,97.080078125
08:25:02,912810TZ1,TSRYS5752098,D,S,T,2024-05-13,1000000.00,4.728851,97.076171875
08:25:03,912810TZ1,TSRYS5752098,D,S,T,2024-05-13,1000000.00,4.728694,97.078125
08:25:15,912810TZ1,TSRYS5752098,D,S,D,2024-05-13,1000000.00,4.728851,97.076171875
08:25:15,912810TZ1,TSRYS5752098,D,S,D,2024-05-13,1000000.00,4.728851,97.076171875
08:25:15,912810TZ1,TSRYS5752098,D,B,C,2024-05-13,2000000.00,4.728851,97.076171875
08:25:21,912810TZ1,TSRYS5752098,D,B,C,2024-05-13,1000000.00,4.728694,97.078125
08:25:21,912810TZ1,TSRYS5752098,D,S,D,2024-05-13,1000000.00,4.728694,97.078125
08:25:22,912810TZ1,TSRYS5752098,D,S,C,2024-05-13,1000000.00,4.728682,97.078275
08:25:26,912810TZ1,TSRYS5752098,D,S,D,2024-05-13,1000000.00,4.729944,97.0625
08:25:27,912810TZ1,TSRYS5752098,D,S,T,2024-05-13,1000000.00,4.729944,97.0625
08:25:27,912810TZ1,TSRYS5752098,D,S,D,2024-05-13,2000000.00,4.730725,97.052734375
08:25:27,912810TZ1,TSRYS5752098,D,B,C,2024-05-13,2000000.00,4.730725,97.052734375
08:25:27,912810TZ1,TSRYS5752098,D,S,D,2024-05-13,1000000.00,4.730725,97.052734375
08:25:28,912810TZ1,TSRYS5752098,D,S,D,2024-05-13,1000000.00,4.730569,97.0546875
08:25:28,912810TZ1,TSRYS5752098,D,S,D,2024-05-13,1000000.00,4.730725,97.052734375
08:25:28,912810TZ1,TSRYS5752098,D,B,C,2024-05-13,1000000.00,4.730725,97.052734375
08:25:29,912810TZ1,TSRYS5752098,D,S,T,2024-05-13,1000000.00,4.730725,97.052734375
08:25:34,912810TZ1,TSRYS5752098,D,S,D,2024-05-13,2000000.00,4.730725,97.052734375
08:25:34,912810TZ1,TSRYS5752098,D,S,D,2024-05-13,1000000.00,4.730569,97.0546875
08:25:34,912810TZ1,TSRYS5752098,D,B,C,2024-05-13,2000000.00,4.730725,97.052734375
08:25:34,912810TZ1,TSRYS5752098,D,B,C,2024-05-13,1000000.00,4.730569,97.0546875
08:25:34,912810TZ1,TSRYS5752098,D,S,D,2024-05-13,1000000.00,4.730569,97.0546875
08:25:49,912810TZ1,TSRYS5752098,D,S,C,2024-05-13,6798000.00,4.731194,97.046875
08:25:53,912810TZ1,TSRYS5752098,D,S,D,2024-05-13,1000000.00,4.729932,97.062652
08:25:53,912810TZ1,TSRYS5752098,D,B,C,2024-05-13,1000000.00,4.729944,97.0625
08:25:53,912810TZ1,TSRYS5752098,D,B,C,2024-05-13,1000000.00,4.729944,97.0625
08:25:53,912810TZ1,TSRYS5752098,D,S,D,2024-05-13,1000000.00,4.729932,97.062652
08:25:53,912810TZ1,TSRYS5752098,D,B,C,2024-05-13,2000000.00,4.729944,97.0625
08:25:54,912810TZ1,TSRYS5752098,D,S,D,2024-05-13,1000000.00,4.731194,97.046875
08:26:00,912810TZ1,TSRYS5752098,D,S,T,2024-05-13,1000000.00,4.729944,97.0625
08:26:00,912810TZ1,TSRYS5752098,D,S,T,2024-05-13,2000000.00,4.729944,97.0625
08:26:11,912810TZ1,TSRYS5752098,D,S,D,2024-05-13,2000000.00,4.729932,97.062652
08:26:11,912810TZ1,TSRYS5752098,D,S,C,2024-05-13,1000000.00,4.729944,97.0625
08:26:11,912810TZ1,TSRYS5752098,D,S,C,2024-05-13,2000000.00,4.729944,97.0625
08:26:18,912810TZ1,TSRYS5752098,D,S,T,2024-05-13,2000000.00,4.728851,97.076171875
08:26:20,912810TZ1,TSRYS5752098,D,S,D,2024-05-13,2000000.00,4.728851,97.076171875
08:26:22,912810TZ1,TSRYS5752098,D,S,D,2024-05-13,2000000.00,4.728851,97.076171875
08:26:28,912810TZ1,TSRYS5752098,D,B,C,2024-05-13,1000000.00,4.731194,97.046875
08:26:28,912810TZ1,TSRYS5752098,D,S,C,2024-05-13,1000000.00,4.731194,97.046875
08:26:39,912810TZ1,TSRYS5752098,D,B,C,2024-05-13,1000000.00,4.729007,97.07421875
08:26:52,912810TZ1,TSRYS5752098,D,B,C,2024-05-13,1000000.00,4.728694,97.078125
08:27:48,912810TZ1,TSRYS5752098,D,B,C,2024-05-13,1000000.00,4.729632,97.06640625
08:27:48,912810TZ1,TSRYS5752098,D,S,C,2024-05-13,1000000.00,4.729632,97.06640625
08:28:01,912810TZ1,TSRYS5752098,D,B,C,2024-05-13,6300000.00,4.728834,97.078125
08:28:01,912810TZ1,TSRYS5752098,D,S,A,2024-05-13,6300000.00,4.728834,97.078125
08:28:10,912810TZ1,TSRYS5752098,D,B,C,2024-05-13,3000000.00,4.730569,97.0546875
08:30:10,912810TZ1,TSRYS5752098,D,B,C,2024-05-13,885000.00,4.731194,97.046875
08:30:10,912810TZ1,TSRYS5752098,D,S,D,2024-05-13,885000.00,4.731194,97.046875
08:30:11,912810TZ1,TSRYS5752098,D,B,C,2024-05-13,885000.00,4.73123,97.046423023
08:30:40,912810TZ1,TSRYS5752098,D,S,C,2024-05-13,1000000.00,4.731038,97.048828125
08:30:40,912810TZ1,TSRYS5752098,D,B,C,2024-05-13,1000000.00,4.731054,97.048628125
08:30:55,912810TZ1,TSRYS5752098,D,S,D,2024-05-13,1000000.00,4.729007,97.07421875
08:30:55,912810TZ1,TSRYS5752098,D,S,D,2024-05-13,1000000.00,4.728694,97.078125
08:30:58,912810TZ1,TSRYS5752098,D,S,D,2024-05-13,1000000.00,4.729007,97.07421875
08:30:58,912810TZ1,TSRYS5752098,D,B,C,2024-05-13,1000000.00,4.729007,97.07421875
08:30:58,912810TZ1,TSRYS5752098,D,S,D,2024-05-13,1000000.00,4.729007,97.07421875
08:31:28,912810TZ1,TSRYS5752098,D,S,T,2024-05-13,1000000.00,4.72682,97.1015625
08:31:30,912810TZ1,TSRYS5752098,D,S,C,2024-05-13,1000000.00,4.727289,97.095703125
08:31:30,912810TZ1,TSRYS5752098,D,B,C,2024-05-13,1000000.00,4.727289,97.095703125
08:31:30,912810TZ1,TSRYS5752098,D,S,C,2024-05-13,1000000.00,4.727445,97.09375
08:31:30,912810TZ1,TSRYS5752098,D,S,C,2024-05-13,1000000.00,4.727445,97.09375
08:31:30,912810TZ1,TSRYS5752098,D,B,C,2024-05-13,2000000.00,4.727445,97.09375
08:31:31,912810TZ1,TSRYS5752098,D,S,D,2024-05-13,1000000.00,4.727601,97.091796875
08:31:31,912810TZ1,TSRYS5752098,D,B,C,2024-05-13,1000000.00,4.727609,97.091696875
08:31:33,912810TZ1,TSRYS5752098,D,S,D,2024-05-13,1000000.00,4.72682,97.1015625
08:31:33,912810TZ1,TSRYS5752098,D,S,T,2024-05-13,1000000.00,4.727445,97.09375
08:31:33,912810TZ1,TSRYS5752098,D,S,T,2024-05-13,1000000.00,4.727445,97.09375
08:31:33,912810TZ1,TSRYS5752098,D,S,T,2024-05-13,1000000.00,4.727445,97.09375
08:31:33,912810TZ1,TSRYS5752098,D,S,T,2024-05-13,1000000.00,4.727445,97.09375
08:31:33,912810TZ1,TSRYS5752098,D,S,T,2024-05-13,1000000.00,4.727445,97.09375
08:31:38,912810TZ1,TSRYS5752098,D,B,C,2024-05-13,1000000.00,4.72682,97.1015625
08:31:38,912810TZ1,TSRYS5752098,D,S,D,2024-05-13,1000000.00,4.72682,97.1015625
08:31:39,912810TZ1,TSRYS5752098,D,B,C,2024-05-13,1000000.00,4.728694,97.078125
08:31:39,912810TZ1,TSRYS5752098,D,S,C,2024-05-13,1000000.00,4.728694,97.078125
08:31:43,912810TZ1,TSRYS5752098,D,S,C,2024-05-13,2000000.00,4.728815,97.07662
08:32:07,912810TZ1,TSRYS5752098,D,S,T,2024-05-13,1000000.00,4.726664,97.103515625
08:32:07,912810TZ1,TSRYS5752098,D,S,T,2024-05-13,1000000.00,4.72682,97.1015625
08:32:12,912810TZ1,TSRYS5752098,D,S,D,2024-05-13,1000000.00,4.726664,97.103515625
08:32:12,912810TZ1,TSRYS5752098,D,B,C,2024-05-13,1000000.00,4.72682,97.1015625
08:32:12,912810TZ1,TSRYS5752098,D,S,D,2024-05-13,1000000.00,4.72682,97.1015625
08:32:12,912810TZ1,TSRYS5752098,D,S,D,2024-05-13,1000000.00,4.72682,97.1015625
08:32:15,912810TZ1,TSRYS5752098,D,S,T,2024-05-13,2000000.00,4.726976,97.099609375
08:32:15,912810TZ1,TSRYS5752098,D,S,C,2024-05-13,1000000.00,4.726976,97.099609375
08:32:15,912810TZ1,TSRYS5752098,D,S,C,2024-05-13,1000000.00,4.726976,97.099609375
08:32:26,912810TZ1,TSRYS5752098,D,S,D,2024-05-13,1000000.00,4.727445,97.09375
08:32:40,912810TZ1,TSRYS5752098,D,S,C,2024-05-13,1000000.00,4.727429,97.09395
08:32:40,912810TZ1,TSRYS5752098,D,S,C,2024-05-13,1000000.00,4.727445,97.09375
08:32:40,912810TZ1,TSRYS5752098,D,S,C,2024-05-13,1000000.00,4.727445,97.09375
08:32:40,912810TZ1,TSRYS5752098,D,S,C,2024-05-13,1000000.00,4.727445,97.09375
08:32:40,912810TZ1,TSRYS5752098,D,B,C,2024-05-13,1000000.00,4.727445,97.09375
