tradeTime,cusip,issueSymbolIdentifier,priceType,reportingSideCode,contraPartyTypeCode,tradeDate,reportedTradeVolume,lastSaleYield,lastSalePrice
08:00:03,912810UD8,TSRYS5870973,D,S,D,2024-08-30,250000.00,4.24083,98.44921875
08:00:03,912810UD8,TSRYS5870973,D,S,T,2024-08-30,1000000.00,4.225358,98.654296875
08:00:03,912810UD8,TSRYS5870973,D,S,T,2024-08-30,1000000.00,4.225358,98.654296875
08:00:03,912810UD8,TSRYS5870973,D,S,D,2024-08-30,1000000.00,4.227272,98.62890625
08:00:03,912810UD8,TSRYS5870973,D,S,D,2024-08-30,1000000.00,4.226683,98.63671875
08:00:03,912810UD8,TSRYS5870973,D,S,D,2024-08-30,1000000.00,4.226683,98.63671875
08:00:03,912810UD8,TSRYS5870973,D,S,D,2024-08-30,1000000.00,4.228744,98.609375
08:00:03,912810UD8,TSRYS5870973,D,S,D,2024-08-30,1000000.00,4.226977,98.6328125
08:00:03,912810UD8,TSRYS5870973,D,S,D,2024-08-30,1000000.00,4.2258,98.6484375
08:00:03,912810UD8,TSRYS5870973,D,S,T,2024-08-30,1000000.00,4.228008,98.619140625
08:00:03,912810UD8,TSRYS5870973,D,S,D,2024-08-30,1000000.00,4.233163,98.55078125
08:00:03,912810UD8,TSRYS5870973,D,S,T,2024-08-30,1000000.00,4.233015,98.552734375
08:00:03,912810UD8,TSRYS5870973,D,S,T,2024-08-30,1000000.00,4.233015,98.552734375
08:00:07,912810UD8,TSRYS5870973,D,S,C,2024-08-30,5025000.00,4.24024,98.45703125
08:00:07,912810UD8,TSRYS5870973,D,S,C,2024-08-30,50000.00,4.240535,98.453125
08:00:07,912810UD8,TSRYS5870973,D,S,A,2024-08-30,2400000.00,4.243486,98.4140625
08:00:07,912810UD8,TSRYS5870973,D,B,A,2024-08-30,350000.00,4.236405,98.5078125
08:00:07,912810UD8,TSRYS5870973,D,S,C,2024-08-30,400000.00,4.24024,98.45703125
08:00:07,912810UD8,TSRYS5870973,D,S,A,2024-08-30,862700.00,4.235226,98.5234375
08:00:07,912810UD8,TSRYS5870973,D,S,C,2024-08-30,5950000.00,4.227566,98.625
08:00:09,912810UD8,TSRYS5870973,D,S,C,2024-08-30,500000.00,4.239355,98.46875
08:00:09,912810UD8,TSRYS5870973,D,S,C,2024-08-30,500000.00,4.241715,98.4375
08:00:09,912810UD8,TSRYS5870973,D,S,C,2024-08-30,250000.00,4.24142,98.44140625
08:00:09,912810UD8,TSRYS5870973,D,S,C,2024-08-30,500000.00,4.240535,98.453125
08:00:09,912810UD8,TSRYS5870973,D,S,C,2024-08-30,125000.00,4.24024,98.45703125
08:00:13,912810UD8,TSRYS5870973,D,S,A,2024-08-30,316000.00,4.236995,98.5
08:00:14,912810UD8,TSRYS5870973,D,S,A,2024-08-30,305000.00,4.235815,98.515625
08:00:14,912810UD8,TSRYS5870973,D,S,T,2024-08-30,1000000.00,4.239355,98.46875
08:00:15,912810UD8,TSRYS5870973,D,S,T,2024-08-30,1000000.00,4.226389,98.640625
08:00:17,912810UD8,TSRYS5870973,D,S,A,2024-08-30,1000000.00,4.242896,98.421875
08:00:18,912810UD8,TSRYS5870973,D,S,A,2024-08-30,196000.00,4.232279,98.5625
08:00:21,912810UD8,TSRYS5870973,D,S,C,2024-08-30,1000000.00,4.243464,98.4143625
08:00:21,912810UD8,TSRYS5870973,D,S,C,2024-08-30,250000.00,4.240217,98.45733125
08:00:22,912810UD8,TSRYS5870973,D,B,A,2024-08-30,52000.00,4.232279,98.5625
08:00:22,912810UD8,TSRYS5870973,D,S,C,2024-08-30,250000.00,4.239922,98.4612375
08:00:22,912810UD8,TSRYS5870973,D,S,C,2024-08-30,250000.00,4.240807,98.44951875
08:00:22,912810UD8,TSRYS5870973,D,S,C,2024-08-30,250000.00,4.241102,98.4456125
08:00:27,912810UD8,TSRYS5870973,D,S,A,2024-08-30,142000.00,4.233457,98.546875
08:00:27,912810UD8,TSRYS5870973,D,S,A,2024-08-30,366000.00,4.228744,98.609375
08:00:27,912810UD8,TSRYS5870973,D,S,A,2024-08-30,79000.00,4.225211,98.65625
08:00:29,912810UD8,TSRYS5870973,D,S,A,2024-08-30,1000000.00,4.235815,98.515625
08:00:29,912810UD8,TSRYS5870973,D,S,T,2024-08-30,1000000.00,4.241715,98.4375
08:00:29,912810UD8,TSRYS5870973,D,S,D,2024-08-30,1000000.00,4.226683,98.63671875
08:00:29,912810UD8,TSRYS5870973,D,S,A,2024-08-30,730000.00,4.2311,98.578125
08:00:30,912810UD8,TSRYS5870973,D,S,T,2024-08-30,1000000.00,4.246439,98.375
08:00:30,912810UD8,TSRYS5870973,D,S,T,2024-08-30,1000000.00,4.246439,98.375
08:00:30,912810UD8,TSRYS5870973,D,S,D,2024-08-30,1000000.00,4.23906,98.47265625
08:00:30,912810UD8,TSRYS5870973,D,S,T,2024-08-30,1000000.00,4.239355,98.46875
08:00:30,912810UD8,TSRYS5870973,D,S,T,2024-08-30,1000000.00,4.239355,98.46875
08:00:30,912810UD8,TSRYS5870973,D,S,T,2024-08-30,1000000.00,4.239355,98.46875
08:00:30,912810UD8,TSRYS5870973,D,S,T,2024-08-30,1000000.00,4.238175,98.484375
08:00:30,912810UD8,TSRYS5870973,D,S,T,2024-08-30,1000000.00,4.244077,98.40625
08:00:30,912810UD8,TSRYS5870973,D,S,T,2024-08-30,1000000.00,4.244077,98.40625
08:00:30,912810UD8,TSRYS5870973,D,S,T,2024-08-30,1000000.00,4.244077,98.40625
08:00:30,912810UD8,TSRYS5870973,D,S,T,2024-08-30,1000000.00,4.244077,98.40625
08:00:30,912810UD8,TSRYS5870973,D,S,T,2024-08-30,1000000.00,4.244077,98.40625
08:00:30,912810UD8,TSRYS5870973,D,S,T,2024-08-30,1000000.00,4.244077,98.40625
08:00:30,912810UD8,TSRYS5870973,D,S,T,2024-08-30,1000000.00,4.244077,98.40625
08:00:30,912810UD8,TSRYS5870973,D,S,T,2024-08-30,1000000.00,4.244077,98.40625
08:00:30,912810UD8,TSRYS5870973,D,S,D,2024-08-30,1000000.00,4.243486,98.4140625
08:00:30,912810UD8,TSRYS5870973,D,S,T,2024-08-30,1000000.00,4.239355,98.46875
08:00:30,912810UD8,TSRYS5870973,D,S,T,2024-08-30,1000000.00,4.240535,98.453125
08:00:30,912810UD8,TSRYS5870973,D,S,T,2024-08-30,1000000.00,4.240535,98.453125
08:00:30,912810UD8,TSRYS5870973,D,S,T,2024-08-30,1000000.00,4.240387,98.455078125
08:00:30,912810UD8,TSRYS5870973,D,S,T,2024-08-30,1000000.00,4.240092,98.458984375
08:00:30,912810UD8,TSRYS5870973,D,S,T,2024-08-30,1000000.00,4.24024,98.45703125
08:00:30,912810UD8,TSRYS5870973,D,S,T,2024-08-30,1000000.00,4.239945,98.4609375
08:00:30,912810UD8,TSRYS5870973,D,S,T,2024-08-30,1000000.00,4.239797,98.462890625
08:00:30,912810UD8,TSRYS5870973,D,S,T,2024-08-30,1000000.00,4.23965,98.46484375
08:00:30,912810UD8,TSRYS5870973,D,S,T,2024-08-30,1000000.00,4.239502,98.466796875
08:00:30,912810UD8,TSRYS5870973,D,S,T,2024-08-30,1000000.00,4.235815,98.515625
08:00:30,912810UD8,TSRYS5870973,D,S,T,2024-08-30,1000000.00,4.240535,98.453125
08:00:30,912810UD8,TSRYS5870973,D,S,T,2024-08-30,1000000.00,4.240535,98.453125
08:00:30,912810UD8,TSRYS5870973,D,S,T,2024-08-30,1000000.00,4.240535,98.453125
08:00:30,912810UD8,TSRYS5870973,D,S,T,2024-08-30,1000000.00,4.240535,98.453125
08:00:30,912810UD8,TSRYS5870973,D,S,T,2024-08-30,1000000.00,4.240535,98.453125
08:00:30,912810UD8,TSRYS5870973,D,S,T,2024-08-30,1000000.00,4.240535,98.453125
08:00:30,912810UD8,TSRYS5870973,D,S,T,2024-08-30,1000000.00,4.240535,98.453125
08:00:30,912810UD8,TSRYS5870973,D,S,T,2024-08-30,1000000.00,4.240535,98.453125
08:00:30,912810UD8,TSRYS5870973,D,S,T,2024-08-30,1000000.00,4.240535,98.453125
08:00:30,912810UD8,TSRYS5870973,D,S,T,2024-08-30,1000000.00,4.232279,98.5625
08:00:31,912810UD8,TSRYS5870973,D,S,T,2024-08-30,1000000.00,4.234636,98.53125
08:00:31,912810UD8,TSRYS5870973,D,S,T,2024-08-30,1000000.00,4.234636,98.53125
08:00:31,912810UD8,TSRYS5870973,D,S,T,2024-08-30,1000000.00,4.232279,98.5625
08:00:31,912810UD8,TSRYS5870973,D,S,T,2024-08-30,1000000.00,4.232279,98.5625
08:00:31,912810UD8,TSRYS5870973,D,S,T,2024-08-30,1000000.00,4.226389,98.640625
08:00:31,912810UD8,TSRYS5870973,D,S,T,2024-08-30,1000000.00,4.226389,98.640625
08:00:31,912810UD8,TSRYS5870973,D,S,T,2024-08-30,1000000.00,4.226389,98.640625
08:00:31,912810UD8,TSRYS5870973,D,S,D,2024-08-30,1000000.00,4.229038,98.60546875
08:00:31,912810UD8,TSRYS5870973,D,S,T,2024-08-30,1000000.00,4.226389,98.640625
08:00:31,912810UD8,TSRYS5870973,D,S,T,2024-08-30,1000000.00,4.2258,98.6484375
08:00:31,912810UD8,TSRYS5870973,D,S,T,2024-08-30,1000000.00,4.225506,98.65234375
08:00:31,912810UD8,TSRYS5870973,D,S,T,2024-08-30,1000000.00,4.225653,98.650390625
08:00:31,912810UD8,TSRYS5870973,D,S,T,2024-08-30,1000000.00,4.225358,98.654296875
08:00:31,912810UD8,TSRYS5870973,D,S,T,2024-08-30,1000000.00,4.225211,98.65625
08:00:31,912810UD8,TSRYS5870973,D,S,T,2024-08-30,1000000.00,4.233457,98.546875
08:00:31,912810UD8,TSRYS5870973,D,S,T,2024-08-30,1000000.00,4.233457,98.546875
08:00:31,912810UD8,TSRYS5870973,D,S,T,2024-08-30,1000000.00,4.231984,98.56640625
08:00:31,912810UD8,TSRYS5870973,D,S,T,2024-08-30,1000000.00,4.232279,98.5625
08:00:31,912810UD8,TSRYS5870973,D,S,T,2024-08-30,1000000.00,4.232279,98.5625
08:00:31,912810UD8,TSRYS5870973,D,S,T,2024-08-30,1000000.00,4.232279,98.5625
08:00:31,912810UD8,TSRYS5870973,D,S,T,2024-08-30,1000000.00,4.232279,98.5625
08:00:31,912810UD8,TSRYS5870973,D,S,T,2024-08-30,1000000.00,4.232279,98.5625
08:00:31,912810UD8,TSRYS5870973,D,S,D,2024-08-30,250000.00,4.239945,98.4609375
08:00:31,912810UD8,TSRYS5870973,D,S,D,2024-08-30,250000.00,4.241125,98.4453125
08:00:31,912810UD8,TSRYS5870973,D,S,A,2024-08-30,270000.00,4.233457,98.546875
08:00:32,912810UD8,TSRYS5870973,D,S,D,2024-08-30,1000000.00,4.229038,98.60546875
08:00:32,912810UD8,TSRYS5870973,D,S,D,2024-08-30,1000000.00,4.227272,98.62890625
08:00:32,912810UD8,TSRYS5870973,D,S,D,2024-08-30,1000000.00,4.225211,98.65625
08:00:32,912810UD8,TSRYS5870973,D,S,D,2024-08-30,1000000.00,4.224917,98.66015625
08:00:32,912810UD8,TSRYS5870973,D,S,T,2024-08-30,1000000.00,4.2258,98.6484375
08:00:32,912810UD8,TSRYS5870973,D,S,T,2024-08-30,1000000.00,4.225653,98.650390625
08:00:32,912810UD8,TSRYS5870973,D,S,T,2024-08-30,1000000.00,4.225506,98.65234375
08:00:32,912810UD8,TSRYS5870973,D,S,T,2024-08-30,1000000.00,4.232426,98.560546875
08:00:32,912810UD8,TSRYS5870973,D,S,T,2024-08-30,1000000.00,4.233457,98.546875
08:00:32,912810UD8,TSRYS5870973,D,B,A,2024-08-30,50000.00,4.225506,98.652344
08:00:39,912810UD8,TSRYS5870973,D,S,D,2024-08-30,1000000.00,4.233457,98.546875
08:00:40,912810UD8,TSRYS5870973,D,S,A,2024-08-30,1677000.00,4.23847,98.48046875
08:00:42,912810UD8,TSRYS5870973,D,B,A,2024-08-30,510000.00,4.226094,98.64453125
08:00:42,912810UD8,TSRYS5870973,D,B,A,2024-08-30,160000.00,4.226389,98.640625
08:00:42,912810UD8,TSRYS5870973,D,B,A,2024-08-30,850000.00,4.226683,98.63671875
08:00:47,912810UD8,TSRYS5870973,D,S,C,2024-08-30,350000.00,4.236405,98.5078125
08:00:47,912810UD8,TSRYS5870973,D,S,A,2024-08-30,130000.00,4.227272,98.62890625
08:00:50,912810UD8,TSRYS5870973,D,S,C,2024-08-30,14558000.00,4.225475,98.65274375
08:00:56,912810UD8,TSRYS5870973,D,S,D,2024-08-30,1000000.00,4.233457,98.546875
08:01:00,912810UD8,TSRYS5870973,D,S,C,2024-08-30,1000000.00,4.23906,98.47265625
08:01:00,912810UD8,TSRYS5870973,D,B,C,2024-08-30,1000000.00,4.23906,98.47265625
08:01:00,912810UD8,TSRYS5870973,D,S,C,2024-08-30,1000000.00,4.24024,98.45703125
08:01:00,912810UD8,TSRYS5870973,D,S,C,2024-08-30,1000000.00,4.23906,98.47265625
08:01:00,912810UD8,TSRYS5870973,D,S,D,2024-08-30,1000000.00,4.23906,98.47265625
08:01:00,912810UD8,TSRYS5870973,D,B,C,2024-08-30,1000000.00,4.23906,98.47265625
08:01:00,912810UD8,TSRYS5870973,D,B,C,2024-08-30,1000000.00,4.24024,98.45703125
08:01:00,912810UD8,TSRYS5870973,D,S,D,2024-08-30,1000000.00,4.236995,98.5
08:01:00,912810UD8,TSRYS5870973,D,S,T,2024-08-30,1000000.00,4.240535,98.453125
08:01:00,912810UD8,TSRYS5870973,D,S,T,2024-08-30,1000000.00,4.232296,98.562273
08:01:00,912810UD8,TSRYS5870973,D,S,T,2024-08-30,1000000.00,4.233467,98.54675
08:01:00,912810UD8,TSRYS5870973,D,S,D,2024-08-30,1000000.00,4.230216,98.58984375
08:01:01,912810UD8,TSRYS5870973,D,S,T,2024-08-30,2000000.00,4.233467,98.54675
08:01:01,912810UD8,TSRYS5870973,D,S,T,2024-08-30,1000000.00,4.233474,98.546648
08:01:01,912810UD8,TSRYS5870973,D,S,T,2024-08-30,1000000.00,4.233474,98.546648
08:01:01,912810UD8,TSRYS5870973,D,S,T,2024-08-30,1000000.00,4.233474,98.546648
08:01:01,912810UD8,TSRYS5870973,D,S,C,2024-08-30,1000000.00,4.2258,98.6484375
08:01:01,912810UD8,TSRYS5870973,D,S,D,2024-08-30,1000000.00,4.227272,98.62890625
08:01:01,912810UD8,TSRYS5870973,D,S,D,2024-08-30,1000000.00,4.227566,98.625
08:01:01,912810UD8,TSRYS5870973,D,S,D,2024-08-30,1000000.00,4.228155,98.6171875
08:01:01,912810UD8,TSRYS5870973,D,S,D,2024-08-30,1000000.00,4.2258,98.6484375
08:01:01,912810UD8,TSRYS5870973,D,S,C,2024-08-30,1000000.00,4.225506,98.65234375
08:01:01,912810UD8,TSRYS5870973,D,S,D,2024-08-30,1000000.00,4.2258,98.6484375
08:01:01,912810UD8,TSRYS5870973,D,S,D,2024-08-30,1000000.00,4.227566,98.625
08:01:01,912810UD8,TSRYS5870973,D,S,C,2024-08-30,1000000.00,4.226977,98.6328125
08:01:01,912810UD8,TSRYS5870973,D,B,C,2024-08-30,1000000.00,4.228155,98.6171875
08:01:01,912810UD8,TSRYS5870973,D,S,D,2024-08-30,1000000.00,4.228155,98.6171875
08:01:01,912810UD8,TSRYS5870973,D,B,C,2024-08-30,1000000.00,4.228155,98.6171875
08:01:01,912810UD8,TSRYS5870973,D,S,D,2024-08-30,1000000.00,4.226683,98.63671875
08:01:01,912810UD8,TSRYS5870973,D,S,C,2024-08-30,1000000.00,4.226977,98.6328125
08:01:01,912810UD8,TSRYS5870973,D,S,A,2024-08-30,750000.00,4.225506,98.65234375
08:01:01,912810UD8,TSRYS5870973,D,S,D,2024-08-30,1000000.00,4.226977,98.6328125
08:01:01,912810UD8,TSRYS5870973,D,S,C,2024-08-30,5000000.00,4.231689,98.5703125
08:01:02,912810UD8,TSRYS5870973,D,S,T,2024-08-30,1000000.00,4.229932,98.59362
08:01:02,912810UD8,TSRYS5870973,D,S,T,2024-08-30,2000000.00,4.233467,98.54675
08:01:02,912810UD8,TSRYS5870973,D,S,T,2024-08-30,1000000.00,4.233467,98.54675
08:01:02,912810UD8,TSRYS5870973,D,S,T,2024-08-30,3000000.00,4.233474,98.546648
08:01:07,912810UD8,TSRYS5870973,D,S,C,2024-08-30,887000.00,4.232868,98.5546875
08:01:12,912810UD8,TSRYS5870973,D,B,C,2024-08-30,5000000.00,4.233078,98.5519
08:01:15,912810UD8,TSRYS5870973,D,S,T,2024-08-30,1000000.00,4.225358,98.654296875
08:01:15,912810UD8,TSRYS5870973,D,S,T,2024-08-30,1000000.00,4.229922,98.59375
08:01:15,912810UD8,TSRYS5870973,D,S,T,2024-08-30,1000000.00,4.229922,98.59375
08:01:15,912810UD8,TSRYS5870973,D,S,T,2024-08-30,1000000.00,4.229046,98.60536875
08:01:15,912810UD8,TSRYS5870973,D,S,T,2024-08-30,1000000.00,4.231108,98.578025
08:01:15,912810UD8,TSRYS5870973,D,S,T,2024-08-30,1000000.00,4.231108,98.578025
08:01:15,912810UD8,TSRYS5870973,D,S,T,2024-08-30,1000000.00,4.231402,98.57411875
08:01:15,912810UD8,TSRYS5870973,D,S,T,2024-08-30,1000000.00,4.231844,98.568259375
08:01:17,912810UD8,TSRYS5870973,D,S,D,2024-08-30,1600000.00,4.229038,98.60546875
08:01:18,912810UD8,TSRYS5870973,D,S,D,2024-08-30,1000000.00,4.225211,98.65625
08:01:18,912810UD8,TSRYS5870973,D,S,D,2024-08-30,1000000.00,4.225211,98.65625
08:01:20,912810UD8,TSRYS5870973,D,S,C,2024-08-30,1000000.00,4.233163,98.55078125
08:01:20,912810UD8,TSRYS5870973,D,S,T,2024-08-30,1000000.00,4.232301,98.5622
08:01:20,912810UD8,TSRYS5870973,D,B,A,2024-08-30,3272000.00,4.246439,98.375
08:01:20,912810UD8,TSRYS5870973,D,B,C,2024-08-30,1000000.00,4.231984,98.56640625
08:01:20,912810UD8,TSRYS5870973,D,S,C,2024-08-30,1000000.00,4.231984,98.56640625
08:01:20,912810UD8,TSRYS5870973,D,B,C,2024-08-30,1000000.00,4.232279,98.5625
08:01:20,912810UD8,TSRYS5870973,D,S,D,2024-08-30,1000000.00,4.232279,98.5625
08:01:20,912810UD8,TSRYS5870973,D,B,C,2024-08-30,1000000.00,4.233457,98.546875
08:01:20,912810UD8,TSRYS5870973,D,S,D,2024-08-30,1000000.00,4.233457,98.546875
08:01:21,912810UD8,TSRYS5870973,D,S,T,2024-08-30,1000000.00,4.23348,98.546575
08:01:22,912810UD8,TSRYS5870973,D,S,T,2024-08-30,1000000.00,4.242158,98.43164062
08:01:23,912810UD8,TSRYS5870973,D,S,A,2024-08-30,45600.00,4.23965,98.46484375
08:01:24,912810UD8,TSRYS5870973,D,S,A,2024-08-30,1000.00,4.236995,98.5
08:01:24,912810UD8,TSRYS5870973,D,S,A,2024-08-30,5000.00,4.238175,98.484375
08:01:24,912810UD8,TSRYS5870973,D,S,T,2024-08-30,1000000.00,4.242158,98.43164062
08:01:24,912810UD8,TSRYS5870973,D,S,T,2024-08-30,1000000.00,4.239355,98.46875
08:01:24,912810UD8,TSRYS5870973,D,S,T,2024-08-30,1000000.00,4.23906,98.47265625
08:01:25,912810UD8,TSRYS5870973,D,S,T,2024-08-30,1000000.00,4.239366,98.4686
08:01:25,912810UD8,TSRYS5870973,D,S,T,2024-08-30,1000000.00,4.239366,98.4686
08:01:25,912810UD8,TSRYS5870973,D,S,T,2024-08-30,1000000.00,4.239366,98.4686
08:01:25,912810UD8,TSRYS5870973,D,S,A,2024-08-30,29300.00,4.238175,98.484375
08:01:25,912810UD8,TSRYS5870973,D,S,A,2024-08-30,52500.00,4.238175,98.484375
08:01:26,912810UD8,TSRYS5870973,D,S,T,2024-08-30,1000000.00,4.244372,98.40234375
08:01:27,912810UD8,TSRYS5870973,D,S,T,2024-08-30,1000000.00,4.244092,98.40605
08:01:27,912810UD8,TSRYS5870973,D,S,A,2024-08-30,1000000.00,4.242601,98.42578125
08:01:27,912810UD8,TSRYS5870973,D,S,T,2024-08-30,1000000.00,4.244077,98.40625
08:01:28,912810UD8,TSRYS5870973,D,S,T,2024-08-30,1000000.00,4.244077,98.40625
08:01:28,912810UD8,TSRYS5870973,D,S,D,2024-08-30,1000000.00,4.23788,98.48828125
08:01:28,912810UD8,TSRYS5870973,D,S,D,2024-08-30,1000000.00,4.237585,98.4921875
08:01:28,912810UD8,TSRYS5870973,D,S,D,2024-08-30,1000000.00,4.23788,98.48828125
08:01:28,912810UD8,TSRYS5870973,D,S,D,2024-08-30,1000000.00,4.23788,98.48828125
08:01:29,912810UD8,TSRYS5870973,D,S,T,2024-08-30,1000000.00,4.244224,98.40429687
08:01:30,912810UD8,TSRYS5870973,D,S,D,2024-08-30,1000000.00,4.236995,98.5
08:01:30,912810UD8,TSRYS5870973,D,S,T,2024-08-30,1000000.00,4.236995,98.5
08:01:30,912810UD8,TSRYS5870973,D,S,D,2024-08-30,1000000.00,4.236995,98.5
08:01:31,912810UD8,TSRYS5870973,D,S,T,2024-08-30,1000000.00,4.236995,98.5
08:01:31,912810UD8,TSRYS5870973,D,S,D,2024-08-30,1000000.00,4.236995,98.5
08:01:31,912810UD8,TSRYS5870973,D,S,T,2024-08-30,1000000.00,4.236995,98.5
08:01:31,912810UD8,TSRYS5870973,D,S,T,2024-08-30,1000000.00,4.237006,98.49985
08:01:31,912810UD8,TSRYS5870973,D,S,T,2024-08-30,1000000.00,4.237006,98.49985
08:01:31,912810UD8,TSRYS5870973,D,S,D,2024-08-30,1000000.00,4.236995,98.5
08:01:31,912810UD8,TSRYS5870973,D,S,T,2024-08-30,1000000.00,4.236995,98.5
08:01:31,912810UD8,TSRYS5870973,D,S,D,2024-08-30,1000000.00,4.236995,98.5
08:01:31,912810UD8,TSRYS5870973,D,S,D,2024-08-30,1000000.00,4.236995,98.5
08:01:31,912810UD8,TSRYS5870973,D,S,T,2024-08-30,1000000.00,4.236995,98.5
08:01:31,912810UD8,TSRYS5870973,D,S,T,2024-08-30,1000000.00,4.237006,98.49985
08:01:31,912810UD8,TSRYS5870973,D,S,T,2024-08-30,1000000.00,4.237006,98.49985
08:01:31,912810UD8,TSRYS5870973,D,S,T,2024-08-30,1000000.00,4.237006,98.49985
08:01:31,912810UD8,TSRYS5870973,D,S,D,2024-08-30,1000000.00,4.226977,98.6328125
08:01:31,912810UD8,TSRYS5870973,D,S,D,2024-08-30,1000000.00,4.227566,98.625
08:01:31,912810UD8,TSRYS5870973,D,S,T,2024-08-30,1000000.00,4.227272,98.62890625
08:01:31,912810UD8,TSRYS5870973,D,S,D,2024-08-30,1000000.00,4.227566,98.625
08:01:31,912810UD8,TSRYS5870973,D,S,D,2024-08-30,1000000.00,4.227272,98.62890625
08:01:31,912810UD8,TSRYS5870973,D,S,A,2024-08-30,20000000.00,4.241715,98.4375
08:01:31,912810UD8,TSRYS5870973,D,S,D,2024-08-30,1000000.00,4.227566,98.625
08:01:31,912810UD8,TSRYS5870973,D,S,D,2024-08-30,1000000.00,4.227272,98.62890625
08:01:31,912810UD8,TSRYS5870973,D,S,T,2024-08-30,1000000.00,4.227272,98.62890625
08:01:31,912810UD8,TSRYS5870973,D,S,D,2024-08-30,1000000.00,4.227566,98.625
08:01:31,912810UD8,TSRYS5870973,D,S,D,2024-08-30,1000000.00,4.227272,98.62890625
08:01:31,912810UD8,TSRYS5870973,D,S,D,2024-08-30,1000000.00,4.227566,98.625
08:01:31,912810UD8,TSRYS5870973,D,S,T,2024-08-30,1000000.00,4.227419,98.62695312
08:01:31,912810UD8,TSRYS5870973,D,S,T,2024-08-30,1000000.00,4.227566,98.625
08:01:31,912810UD8,TSRYS5870973,D,S,D,2024-08-30,1000000.00,4.227566,98.625
08:01:31,912810UD8,TSRYS5870973,D,S,T,2024-08-30,1000000.00,4.227419,98.62695312
08:01:31,912810UD8,TSRYS5870973,D,S,T,2024-08-30,1000000.00,4.227577,98.62485
08:01:31,912810UD8,TSRYS5870973,D,S,T,2024-08-30,1000000.00,4.227577,98.62485
08:01:31,912810UD8,TSRYS5870973,D,S,T,2024-08-30,1000000.00,4.227577,98.62485
08:01:31,912810UD8,TSRYS5870973,D,S,T,2024-08-30,1000000.00,4.227272,98.62890625
08:01:31,912810UD8,TSRYS5870973,D,S,T,2024-08-30,1000000.00,4.227577,98.62485
08:01:31,912810UD8,TSRYS5870973,D,S,T,2024-08-30,1000000.00,4.227577,98.62485
08:01:31,912810UD8,TSRYS5870973,D,S,T,2024-08-30,1000000.00,4.227577,98.62485
08:01:31,912810UD8,TSRYS5870973,D,S,T,2024-08-30,1000000.00,4.227577,98.62485
08:01:31,912810UD8,TSRYS5870973,D,S,T,2024-08-30,1000000.00,4.227577,98.62485
08:01:31,912810UD8,TSRYS5870973,D,S,T,2024-08-30,1000000.00,4.227566,98.625
08:01:31,912810UD8,TSRYS5870973,D,S,T,2024-08-30,1000000.00,4.227566,98.625
08:01:31,912810UD8,TSRYS5870973,D,S,T,2024-08-30,1000000.00,4.227577,98.62485
08:01:31,912810UD8,TSRYS5870973,D,S,D,2024-08-30,1000000.00,4.227566,98.625
08:01:31,912810UD8,TSRYS5870973,D,S,T,2024-08-30,1000000.00,4.227566,98.625
08:01:31,912810UD8,TSRYS5870973,D,S,T,2024-08-30,1000000.00,4.227566,98.625
08:01:31,912810UD8,TSRYS5870973,D,S,D,2024-08-30,1000000.00,4.227566,98.625
08:01:31,912810UD8,TSRYS5870973,D,S,T,2024-08-30,1000000.00,4.227577,98.62485
08:01:31,912810UD8,TSRYS5870973,D,S,T,2024-08-30,1000000.00,4.227577,98.62485
08:01:31,912810UD8,TSRYS5870973,D,S,T,2024-08-30,1000000.00,4.227272,98.62890625
08:01:31,912810UD8,TSRYS5870973,D,S,T,2024-08-30,1000000.00,4.227566,98.625
08:01:31,912810UD8,TSRYS5870973,D,S,T,2024-08-30,1000000.00,4.227566,98.625
08:01:31,912810UD8,TSRYS5870973,D,S,T,2024-08-30,1000000.00,4.227577,98.62485
08:01:31,912810UD8,TSRYS5870973,D,S,T,2024-08-30,1000000.00,4.227272,98.62890625
08:01:31,912810UD8,TSRYS5870973,D,S,T,2024-08-30,1000000.00,4.227577,98.62485
08:01:31,912810UD8,TSRYS5870973,D,S,D,2024-08-30,1000000.00,4.225506,98.65234375
08:01:31,912810UD8,TSRYS5870973,D,S,D,2024-08-30,1000000.00,4.2258,98.6484375
08:01:31,912810UD8,TSRYS5870973,D,S,T,2024-08-30,1000000.00,4.225223,98.6561
08:01:31,912810UD8,TSRYS5870973,D,S,T,2024-08-30,1000000.00,4.225211,98.65625
08:01:31,912810UD8,TSRYS5870973,D,S,T,2024-08-30,1000000.00,4.225211,98.65625
08:01:31,912810UD8,TSRYS5870973,D,S,D,2024-08-30,1000000.00,4.2258,98.6484375
08:01:31,912810UD8,TSRYS5870973,D,S,T,2024-08-30,1000000.00,4.225211,98.65625
08:01:31,912810UD8,TSRYS5870973,D,S,D,2024-08-30,1000000.00,4.2258,98.6484375
08:01:32,912810UD8,TSRYS5870973,D,S,T,2024-08-30,1000000.00,4.225211,98.65625
08:01:32,912810UD8,TSRYS5870973,D,S,D,2024-08-30,1000000.00,4.225506,98.65234375
08:01:32,912810UD8,TSRYS5870973,D,S,T,2024-08-30,1000000.00,4.225211,98.65625
08:01:32,912810UD8,TSRYS5870973,D,S,T,2024-08-30,1000000.00,4.225211,98.65625
08:01:32,912810UD8,TSRYS5870973,D,S,T,2024-08-30,1000000.00,4.225506,98.65234375
08:01:32,912810UD8,TSRYS5870973,D,S,D,2024-08-30,1000000.00,4.227566,98.625
08:01:32,912810UD8,TSRYS5870973,D,S,D,2024-08-30,1000000.00,4.227566,98.625
08:01:32,912810UD8,TSRYS5870973,D,S,T,2024-08-30,1000000.00,4.227577,98.62485
08:01:32,912810UD8,TSRYS5870973,D,S,T,2024-08-30,1000000.00,4.227577,98.62485
08:01:32,912810UD8,TSRYS5870973,D,S,T,2024-08-30,1000000.00,4.227566,98.625
08:01:32,912810UD8,TSRYS5870973,D,S,T,2024-08-30,1000000.00,4.227566,98.625
08:01:32,912810UD8,TSRYS5870973,D,S,T,2024-08-30,1000000.00,4.227566,98.625
08:01:32,912810UD8,TSRYS5870973,D,B,C,2024-08-30,1000000.00,4.226683,98.63671875
08:01:32,912810UD8,TSRYS5870973,D,B,C,2024-08-30,1000000.00,4.229038,98.60546875
08:01:32,912810UD8,TSRYS5870973,D,S,T,2024-08-30,1000000.00,4.225223,98.6561
08:01:32,912810UD8,TSRYS5870973,D,S,D,2024-08-30,1000000.00,4.225211,98.65625
08:01:32,912810UD8,TSRYS5870973,D,S,T,2024-08-30,1000000.00,4.225223,98.6561
08:01:32,912810UD8,TSRYS5870973,D,S,T,2024-08-30,1000000.00,4.225223,98.6561
08:01:33,912810UD8,TSRYS5870973,D,S,D,2024-08-30,1000000.00,4.229038,98.60546875
08:01:33,912810UD8,TSRYS5870973,D,S,D,2024-08-30,1000000.00,4.226977,98.6328125
08:01:33,912810UD8,TSRYS5870973,D,S,D,2024-08-30,1000000.00,4.226977,98.6328125
08:01:33,912810UD8,TSRYS5870973,D,S,D,2024-08-30,1000000.00,4.226977,98.6328125
08:01:33,912810UD8,TSRYS5870973,D,S,D,2024-08-30,1000000.00,4.226977,98.6328125
08:01:33,912810UD8,TSRYS5870973,D,S,D,2024-08-30,1000000.00,4.226977,98.6328125
08:01:33,912810UD8,TSRYS5870973,D,S,D,2024-08-30,1000000.00,4.226977,98.6328125
08:01:33,912810UD8,TSRYS5870973,D,S,T,2024-08-30,1000000.00,4.225223,98.6561
08:01:33,912810UD8,TSRYS5870973,D,S,T,2024-08-30,1000000.00,4.225211,98.65625
08:01:33,912810UD8,TSRYS5870973,D,S,D,2024-08-30,1000000.00,4.225211,98.65625
08:01:33,912810UD8,TSRYS5870973,D,S,T,2024-08-30,1000000.00,4.225223,98.6561
08:01:33,912810UD8,TSRYS5870973,D,S,T,2024-08-30,1000000.00,4.225223,98.6561
08:01:33,912810UD8,TSRYS5870973,D,S,T,2024-08-30,1000000.00,4.225223,98.6561
08:01:33,912810UD8,TSRYS5870973,D,S,T,2024-08-30,1000000.00,4.225223,98.6561
08:01:33,912810UD8,TSRYS5870973,D,S,T,2024-08-30,1000000.00,4.225223,98.6561
08:01:33,912810UD8,TSRYS5870973,D,S,T,2024-08-30,1000000.00,4.225223,98.6561
08:01:33,912810UD8,TSRYS5870973,D,S,T,2024-08-30,1000000.00,4.225211,98.65625
08:01:33,912810UD8,TSRYS5870973,D,S,D,2024-08-30,1000000.00,4.225211,98.65625
08:01:33,912810UD8,TSRYS5870973,D,S,D,2024-08-30,1000000.00,4.225211,98.65625
08:01:33,912810UD8,TSRYS5870973,D,S,T,2024-08-30,1000000.00,4.225223,98.6561
08:01:33,912810UD8,TSRYS5870973,D,S,T,2024-08-30,1000000.00,4.225223,98.6561
08:01:33,912810UD8,TSRYS5870973,D,S,T,2024-08-30,1000000.00,4.244077,98.40625
08:01:34,912810UD8,TSRYS5870973,D,S,D,2024-08-30,1000000.00,4.231689,98.5703125
08:01:38,912810UD8,TSRYS5870973,D,S,T,2024-08-30,1000000.00,4.237142,98.49804687
08:01:38,912810UD8,TSRYS5870973,D,S,T,2024-08-30,1000000.00,4.244092,98.40605
08:01:38,912810UD8,TSRYS5870973,D,S,T,2024-08-30,1000000.00,4.232301,98.5622
08:01:39,912810UD8,TSRYS5870973,D,B,A,2024-08-30,1000000.00,4.239945,98.4609375
08:01:39,912810UD8,TSRYS5870973,D,S,T,2024-08-30,1000000.00,4.244092,98.40605
08:01:39,912810UD8,TSRYS5870973,D,S,T,2024-08-30,1000000.00,4.244092,98.40605
08:01:40,912810UD8,TSRYS5870973,D,S,T,2024-08-30,1000000.00,4.244092,98.40605
08:01:41,912810UD8,TSRYS5870973,D,S,T,2024-08-30,1000000.00,4.244077,98.40625
08:01:41,912810UD8,TSRYS5870973,D,S,T,2024-08-30,1000000.00,4.244077,98.40625
08:01:41,912810UD8,TSRYS5870973,D,S,T,2024-08-30,1000000.00,4.244092,98.40605
08:01:42,912810UD8,TSRYS5870973,D,S,T,2024-08-30,1000000.00,4.242158,98.43164062
08:01:43,912810UD8,TSRYS5870973,D,S,T,2024-08-30,1000000.00,4.241568,98.43945312
08:01:44,912810UD8,TSRYS5870973,D,S,T,2024-08-30,1000000.00,4.244372,98.40234375
08:01:44,912810UD8,TSRYS5870973,D,S,C,2024-08-30,2940000.00,4.236995,98.5
08:01:45,912810UD8,TSRYS5870973,D,S,T,2024-08-30,1000000.00,4.244372,98.40234375
08:01:45,912810UD8,TSRYS5870973,D,S,T,2024-08-30,1000000.00,4.244077,98.40625
08:01:49,912810UD8,TSRYS5870973,D,S,D,2024-08-30,1000000.00,4.242158,98.431640625
08:01:49,912810UD8,TSRYS5870973,D,S,D,2024-08-30,1000000.00,4.242158,98.431640625
08:01:49,912810UD8,TSRYS5870973,D,S,D,2024-08-30,1000000.00,4.242158,98.431640625
08:01:51,912810UD8,TSRYS5870973,D,S,T,2024-08-30,1000000.00,4.241568,98.43945312
08:01:52,912810UD8,TSRYS5870973,D,S,T,2024-08-30,1000000.00,4.243486,98.4140625
08:01:57,912810UD8,TSRYS5870973,D,S,C,2024-08-30,1000000.00,4.246428,98.37515
08:01:57,912810UD8,TSRYS5870973,D,S,C,2024-08-30,1000000.00,4.246424,98.3752
08:01:57,912810UD8,TSRYS5870973,D,S,D,2024-08-30,1000000.00,4.244077,98.40625
08:01:57,912810UD8,TSRYS5870973,D,S,D,2024-08-30,1000000.00,4.244372,98.40234375
08:01:57,912810UD8,TSRYS5870973,D,S,D,2024-08-30,1000000.00,4.244372,98.40234375
08:01:57,912810UD8,TSRYS5870973,D,S,D,2024-08-30,1000000.00,4.244372,98.40234375
08:01:57,912810UD8,TSRYS5870973,D,S,D,2024-08-30,1000000.00,4.243486,98.4140625
08:01:58,912810UD8,TSRYS5870973,D,S,D,2024-08-30,1000000.00,4.230216,98.58984375
08:02:00,912810UD8,TSRYS5870973,D,S,D,2024-08-30,1000000.00,4.244077,98.40625
08:02:01,912810UD8,TSRYS5870973,D,S,D,2024-08-30,1000000.00,4.244077,98.40625
08:02:01,912810UD8,TSRYS5870973,D,S,D,2024-08-30,1000000.00,4.244077,98.40625
08:02:01,912810UD8,TSRYS5870973,D,S,D,2024-08-30,1000000.00,4.244077,98.40625
08:02:01,912810UD8,TSRYS5870973,D,S,D,2024-08-30,1000000.00,4.244077,98.40625
08:02:01,912810UD8,TSRYS5870973,D,S,D,2024-08-30,1000000.00,4.244077,98.40625
08:02:01,912810UD8,TSRYS5870973,D,S,D,2024-08-30,1000000.00,4.244224,98.404296875
08:02:02,912810UD8,TSRYS5870973,D,S,D,2024-08-30,2000000.00,4.225337,98.65458
08:02:03,912810UD8,TSRYS5870973,D,S,T,2024-08-30,1000000.00,4.239355,98.46875
08:02:03,912810UD8,TSRYS5870973,D,S,T,2024-08-30,1000000.00,4.239355,98.46875
08:02:03,912810UD8,TSRYS5870973,D,S,D,2024-08-30,250000.00,4.24024,98.45703125
08:02:03,912810UD8,TSRYS5870973,D,S,T,2024-08-30,1000000.00,4.239797,98.462890625
08:02:03,912810UD8,TSRYS5870973,D,S,T,2024-08-30,1000000.00,4.23965,98.46484375
08:02:03,912810UD8,TSRYS5870973,D,S,T,2024-08-30,1000000.00,4.239797,98.462890625
08:02:03,912810UD8,TSRYS5870973,D,S,D,2024-08-30,36000.00,4.232279,98.5625
08:02:03,912810UD8,TSRYS5870973,D,S,D,2024-08-30,36000.00,4.232279,98.5625
08:02:03,912810UD8,TSRYS5870973,D,S,D,2024-08-30,412000.00,4.232279,98.5625
08:02:03,912810UD8,TSRYS5870973,D,S,D,2024-08-30,70000.00,4.232279,98.5625
08:02:03,912810UD8,TSRYS5870973,D,S,D,2024-08-30,85000.00,4.232279,98.5625
08:02:03,912810UD8,TSRYS5870973,D,S,D,2024-08-30,91000.00,4.232279,98.5625
08:02:03,912810UD8,TSRYS5870973,D,S,T,2024-08-30,1000000.00,4.240535,98.453125
08:02:03,912810UD8,TSRYS5870973,D,S,T,2024-08-30,1000000.00,4.241715,98.4375
08:02:03,912810UD8,TSRYS5870973,D,S,T,2024-08-30,1000000.00,4.241715,98.4375
08:02:03,912810UD8,TSRYS5870973,D,S,T,2024-08-30,1000000.00,4.241715,98.4375
08:02:03,912810UD8,TSRYS5870973,D,S,T,2024-08-30,2000000.00,4.241715,98.4375
08:02:03,912810UD8,TSRYS5870973,D,S,T,2024-08-30,2000000.00,4.23965,98.46484375
08:02:04,912810UD8,TSRYS5870973,D,S,T,2024-08-30,1000000.00,4.235815,98.515625
08:02:04,912810UD8,TSRYS5870973,D,S,T,2024-08-30,1000000.00,4.235815,98.515625
08:02:04,912810UD8,TSRYS5870973,D,S,C,2024-08-30,1000000.00,4.224454,98.6663
08:02:04,912810UD8,TSRYS5870973,D,S,T,2024-08-30,1000000.00,4.234636,98.53125
08:02:04,912810UD8,TSRYS5870973,D,S,T,2024-08-30,1000000.00,4.234636,98.53125
08:02:05,912810UD8,TSRYS5870973,D,S,T,2024-08-30,1000000.00,4.227566,98.625
08:02:05,912810UD8,TSRYS5870973,D,S,T,2024-08-30,1000000.00,4.225211,98.65625
08:02:05,912810UD8,TSRYS5870973,D,S,T,2024-08-30,1000000.00,4.224476,98.666015625
08:02:05,912810UD8,TSRYS5870973,D,S,T,2024-08-30,1000000.00,4.224034,98.671875
08:02:05,912810UD8,TSRYS5870973,D,S,T,2024-08-30,1000000.00,4.226389,98.640625
08:02:05,912810UD8,TSRYS5870973,D,S,T,2024-08-30,1000000.00,4.226389,98.640625
08:02:05,912810UD8,TSRYS5870973,D,S,T,2024-08-30,1000000.00,4.227566,98.625
08:02:05,912810UD8,TSRYS5870973,D,S,T,2024-08-30,1000000.00,4.228155,98.6171875
08:02:05,912810UD8,TSRYS5870973,D,S,T,2024-08-30,1000000.00,4.2311,98.578125
08:02:05,912810UD8,TSRYS5870973,D,S,T,2024-08-30,1000000.00,4.233457,98.546875
08:02:05,912810UD8,TSRYS5870973,D,S,T,2024-08-30,2000000.00,4.232279,98.5625
08:02:05,912810UD8,TSRYS5870973,D,S,T,2024-08-30,1000000.00,4.232279,98.5625
08:02:05,912810UD8,TSRYS5870973,D,S,T,2024-08-30,1000000.00,4.232279,98.5625
08:02:05,912810UD8,TSRYS5870973,D,S,T,2024-08-30,1000000.00,4.232279,98.5625
08:02:05,912810UD8,TSRYS5870973,D,S,T,2024-08-30,1000000.00,4.233457,98.546875
08:02:10,912810UD8,TSRYS5870973,D,S,A,2024-08-30,2000000.00,4.23965,98.46484375
08:02:12,912810UD8,TSRYS5870973,D,S,D,2024-08-30,1000000.00,4.239355,98.46875
08:02:12,912810UD8,TSRYS5870973,D,S,D,2024-08-30,1000000.00,4.239797,98.462890625
08:02:12,912810UD8,TSRYS5870973,D,B,A,2024-08-30,33400.00,4.23611,98.51171875
08:02:12,912810UD8,TSRYS5870973,D,B,A,2024-08-30,100000.00,4.234341,98.53515625
08:02:13,912810UD8,TSRYS5870973,D,S,C,2024-08-30,535000.00,4.232279,98.5625
08:02:13,912810UD8,TSRYS5870973,D,S,C,2024-08-30,1200000.00,4.232573,98.55859375
08:02:14,912810UD8,TSRYS5870973,D,S,A,2024-08-30,750000.00,4.233752,98.54296875
08:02:16,912810UD8,TSRYS5870973,D,S,D,2024-08-30,1000000.00,4.241568,98.439453125
08:02:16,912810UD8,TSRYS5870973,D,S,D,2024-08-30,19000000.00,4.244133,98.40551
08:02:16,912810UD8,TSRYS5870973,D,S,A,2024-08-30,340000.00,4.234636,98.53125
08:02:17,912810UD8,TSRYS5870973,D,S,T,2024-08-30,1000000.00,4.233457,98.546875
08:02:19,912810UD8,TSRYS5870973,D,S,C,2024-08-30,430000.00,4.2258,98.6484375
08:02:19,912810UD8,TSRYS5870973,D,S,A,2024-08-30,5020000.00,4.226389,98.640625
08:02:20,912810UD8,TSRYS5870973,D,S,T,2024-08-30,1000000.00,4.229186,98.60351562
08:02:20,912810UD8,TSRYS5870973,D,S,T,2024-08-30,1000000.00,4.229186,98.60351562
08:02:20,912810UD8,TSRYS5870973,D,S,T,2024-08-30,1000000.00,4.229333,98.6015625
08:02:20,912810UD8,TSRYS5870973,D,S,T,2024-08-30,1000000.00,4.229333,98.6015625
08:02:20,912810UD8,TSRYS5870973,D,S,T,2024-08-30,1000000.00,4.229922,98.59375
08:02:20,912810UD8,TSRYS5870973,D,S,T,2024-08-30,1000000.00,4.230069,98.59179687
08:02:20,912810UD8,TSRYS5870973,D,S,T,2024-08-30,1000000.00,4.230216,98.58984375
08:02:20,912810UD8,TSRYS5870973,D,S,T,2024-08-30,1000000.00,4.230216,98.58984375
08:02:20,912810UD8,TSRYS5870973,D,S,T,2024-08-30,1000000.00,4.230216,98.58984375
08:02:20,912810UD8,TSRYS5870973,D,S,T,2024-08-30,1000000.00,4.230216,98.58984375
08:02:21,912810UD8,TSRYS5870973,D,S,T,2024-08-30,1000000.00,4.229333,98.6015625
08:02:21,912810UD8,TSRYS5870973,D,S,T,2024-08-30,1000000.00,4.229775,98.59570312
08:02:21,912810UD8,TSRYS5870973,D,S,T,2024-08-30,1000000.00,4.229627,98.59765625
08:02:21,912810UD8,TSRYS5870973,D,S,T,2024-08-30,1000000.00,4.230216,98.58984375
08:02:21,912810UD8,TSRYS5870973,D,S,T,2024-08-30,1000000.00,4.230216,98.58984375
08:02:21,912810UD8,TSRYS5870973,D,S,T,2024-08-30,1000000.00,4.230216,98.58984375
08:02:21,912810UD8,TSRYS5870973,D,S,T,2024-08-30,1000000.00,4.230216,98.58984375
08:02:21,912810UD8,TSRYS5870973,D,S,T,2024-08-30,1000000.00,4.230069,98.59179687
08:02:21,912810UD8,TSRYS5870973,D,S,T,2024-08-30,2000000.00,4.229922,98.59375
08:02:21,912810UD8,TSRYS5870973,D,S,T,2024-08-30,2000000.00,4.2311,98.578125
08:02:21,912810UD8,TSRYS5870973,D,S,T,2024-08-30,1000000.00,4.2311,98.578125
08:02:21,912810UD8,TSRYS5870973,D,S,T,2024-08-30,1000000.00,4.2311,98.578125
08:02:22,912810UD8,TSRYS5870973,D,S,T,2024-08-30,2000000.00,4.231837,98.56835937
08:02:22,912810UD8,TSRYS5870973,D,S,D,2024-08-30,180000.00,4.2258,98.6484375
08:02:22,912810UD8,TSRYS5870973,D,S,T,2024-08-30,1000000.00,4.227566,98.625
08:02:22,912810UD8,TSRYS5870973,D,S,T,2024-08-30,1000000.00,4.226389,98.640625
08:02:22,912810UD8,TSRYS5870973,D,B,C,2024-08-30,50MM+,4.229627,98.59765625
08:02:22,912810UD8,TSRYS5870973,D,S,D,2024-08-30,38000000.00,4.231165,98.57726
08:02:22,912810UD8,TSRYS5870973,D,S,D,2024-08-30,730000.00,4.232279,98.5625
08:02:22,912810UD8,TSRYS5870973,D,S,A,2024-08-30,1000000.00,4.232573,98.55859375
08:02:23,912810UD8,TSRYS5870973,D,S,T,2024-08-30,1000000.00,4.232131,98.56445312
08:02:23,912810UD8,TSRYS5870973,D,S,T,2024-08-30,2000000.00,4.232131,98.56445312
08:02:23,912810UD8,TSRYS5870973,D,S,T,2024-08-30,1000000.00,4.233605,98.54492187
08:02:23,912810UD8,TSRYS5870973,D,S,T,2024-08-30,1000000.00,4.233605,98.54492187
08:02:23,912810UD8,TSRYS5870973,D,S,T,2024-08-30,2000000.00,4.233605,98.54492187
08:02:23,912810UD8,TSRYS5870973,D,S,T,2024-08-30,1000000.00,4.233457,98.546875
08:02:23,912810UD8,TSRYS5870973,D,S,T,2024-08-30,2000000.00,4.233457,98.546875
08:02:23,912810UD8,TSRYS5870973,D,S,T,2024-08-30,1000000.00,4.233457,98.546875
08:02:23,912810UD8,TSRYS5870973,D,S,T,2024-08-30,1000000.00,4.233457,98.546875
08:02:23,912810UD8,TSRYS5870973,D,S,T,2024-08-30,1000000.00,4.233163,98.55078125
08:02:23,912810UD8,TSRYS5870973,D,S,T,2024-08-30,1000000.00,4.233163,98.55078125
08:02:23,912810UD8,TSRYS5870973,D,S,T,2024-08-30,1000000.00,4.23331,98.54882812
08:02:23,912810UD8,TSRYS5870973,D,S,T,2024-08-30,1000000.00,4.233163,98.55078125
08:02:23,912810UD8,TSRYS5870973,D,S,T,2024-08-30,1000000.00,4.233163,98.55078125
08:02:23,912810UD8,TSRYS5870973,D,S,T,2024-08-30,1000000.00,4.233015,98.55273437
08:02:23,912810UD8,TSRYS5870973,D,S,T,2024-08-30,1000000.00,4.23331,98.54882812
08:02:23,912810UD8,TSRYS5870973,D,S,D,2024-08-30,1000000.00,4.239355,98.46875
08:02:24,912810UD8,TSRYS5870973,D,S,T,2024-08-30,1000000.00,4.233605,98.54492187
08:02:24,912810UD8,TSRYS5870973,D,S,T,2024-08-30,1000000.00,4.233457,98.546875
08:02:24,912810UD8,TSRYS5870973,D,S,D,2024-08-30,1000000.00,4.239345,98.46888
08:02:24,912810UD8,TSRYS5870973,D,S,D,2024-08-30,1000000.00,4.239355,98.46875
08:02:25,912810UD8,TSRYS5870973,D,S,A,2024-08-30,433000.00,4.232573,98.55859375
08:02:26,912810UD8,TSRYS5870973,D,B,C,2024-08-30,1000000.00,4.241728,98.437325
08:02:26,912810UD8,TSRYS5870973,D,S,D,2024-08-30,1000000.00,4.241715,98.4375
08:02:26,912810UD8,TSRYS5870973,D,S,C,2024-08-30,1000000.00,4.241715,98.4375
08:02:26,912810UD8,TSRYS5870973,D,B,C,2024-08-30,1000000.00,4.241715,98.4375
08:02:27,912810UD8,TSRYS5870973,D,S,A,2024-08-30,460000.00,4.238175,98.484375
08:02:27,912810UD8,TSRYS5870973,D,S,D,2024-08-30,1000000.00,4.244077,98.40625
08:02:27,912810UD8,TSRYS5870973,D,S,D,2024-08-30,1000000.00,4.244077,98.40625
08:02:27,912810UD8,TSRYS5870973,D,S,D,2024-08-30,1000000.00,4.244077,98.40625
08:02:27,912810UD8,TSRYS5870973,D,B,C,2024-08-30,1000000.00,4.24409,98.406075
08:02:27,912810UD8,TSRYS5870973,D,B,C,2024-08-30,1000000.00,4.244077,98.40625
08:02:27,912810UD8,TSRYS5870973,D,S,D,2024-08-30,1000000.00,4.244077,98.40625
08:02:27,912810UD8,TSRYS5870973,D,S,D,2024-08-30,1000000.00,4.244077,98.40625
08:02:27,912810UD8,TSRYS5870973,D,S,D,2024-08-30,1000000.00,4.244077,98.40625
08:02:29,912810UD8,TSRYS5870973,D,S,D,2024-08-30,1000000.00,4.244077,98.40625
08:02:29,912810UD8,TSRYS5870973,D,S,D,2024-08-30,1000000.00,4.244077,98.40625
08:02:29,912810UD8,TSRYS5870973,D,S,D,2024-08-30,1000000.00,4.244077,98.40625
08:02:29,912810UD8,TSRYS5870973,D,S,D,2024-08-30,1000000.00,4.244077,98.40625
08:02:29,912810UD8,TSRYS5870973,D,S,D,2024-08-30,1000000.00,4.244077,98.40625
08:02:29,912810UD8,TSRYS5870973,D,S,D,2024-08-30,1000000.00,4.244077,98.40625
08:02:29,912810UD8,TSRYS5870973,D,B,C,2024-08-30,1000000.00,4.244077,98.40625
08:02:29,912810UD8,TSRYS5870973,D,S,D,2024-08-30,1000000.00,4.244077,98.40625
08:02:29,912810UD8,TSRYS5870973,D,S,D,2024-08-30,1000000.00,4.244077,98.40625
08:02:29,912810UD8,TSRYS5870973,D,S,D,2024-08-30,1000000.00,4.244077,98.40625
08:02:29,912810UD8,TSRYS5870973,D,S,D,2024-08-30,1000000.00,4.244077,98.40625
08:02:30,912810UD8,TSRYS5870973,D,B,C,2024-08-30,1000000.00,4.241728,98.437325
08:02:30,912810UD8,TSRYS5870973,D,S,D,2024-08-30,1000000.00,4.241715,98.4375
08:02:30,912810UD8,TSRYS5870973,D,B,C,2024-08-30,1000000.00,4.24173,98.4373
08:02:30,912810UD8,TSRYS5870973,D,S,D,2024-08-30,1000000.00,4.241715,98.4375
08:02:30,912810UD8,TSRYS5870973,D,B,C,2024-08-30,1000000.00,4.241715,98.4375
08:02:30,912810UD8,TSRYS5870973,D,S,D,2024-08-30,1000000.00,4.241715,98.4375
08:02:31,912810UD8,TSRYS5870973,D,S,D,2024-08-30,1000000.00,4.239355,98.46875
08:02:32,912810UD8,TSRYS5870973,D,S,D,2024-08-30,1000000.00,4.239355,98.46875
08:02:32,912810UD8,TSRYS5870973,D,S,D,2024-08-30,1000000.00,4.239355,98.46875
08:02:32,912810UD8,TSRYS5870973,D,S,D,2024-08-30,1000000.00,4.239355,98.46875
08:02:33,912810UD8,TSRYS5870973,D,S,C,2024-08-30,1000000.00,4.24052,98.453325
08:02:33,912810UD8,TSRYS5870973,D,S,D,2024-08-30,1000000.00,4.240525,98.453255
08:02:34,912810UD8,TSRYS5870973,D,S,C,2024-08-30,1000000.00,4.240535,98.453125
08:02:34,912810UD8,TSRYS5870973,D,B,C,2024-08-30,1000000.00,4.240535,98.453125
08:02:34,912810UD8,TSRYS5870973,D,B,C,2024-08-30,1000000.00,4.239355,98.46875
08:02:34,912810UD8,TSRYS5870973,D,S,D,2024-08-30,1000000.00,4.239355,98.46875
08:02:34,912810UD8,TSRYS5870973,D,B,C,2024-08-30,1000000.00,4.23937,98.46855
08:02:34,912810UD8,TSRYS5870973,D,S,D,2024-08-30,1000000.00,4.239355,98.46875
08:02:36,912810UD8,TSRYS5870973,D,S,D,2024-08-30,1000000.00,4.240535,98.453125
08:02:36,912810UD8,TSRYS5870973,D,S,C,2024-08-30,1000000.00,4.2417,98.4377
08:02:36,912810UD8,TSRYS5870973,D,B,C,2024-08-30,1000000.00,4.241715,98.4375
08:02:36,912810UD8,TSRYS5870973,D,S,C,2024-08-30,1000000.00,4.241715,98.4375
08:02:36,912810UD8,TSRYS5870973,D,B,C,2024-08-30,1000000.00,4.241715,98.4375
08:02:37,912810UD8,TSRYS5870973,D,S,C,2024-08-30,1000000.00,4.242896,98.421875
08:02:37,912810UD8,TSRYS5870973,D,B,C,2024-08-30,1000000.00,4.242896,98.421875
08:02:38,912810UD8,TSRYS5870973,D,S,D,2024-08-30,1000000.00,4.240535,98.453125
08:02:39,912810UD8,TSRYS5870973,D,S,C,2024-08-30,1000000.00,4.241715,98.4375
08:02:39,912810UD8,TSRYS5870973,D,B,C,2024-08-30,1000000.00,4.241715,98.4375
08:02:39,912810UD8,TSRYS5870973,D,S,D,2024-08-30,1000000.00,4.236995,98.5
08:02:39,912810UD8,TSRYS5870973,D,S,D,2024-08-30,1000000.00,4.236995,98.5
08:02:39,912810UD8,TSRYS5870973,D,B,C,2024-08-30,1000000.00,4.236995,98.5
08:02:39,912810UD8,TSRYS5870973,D,B,C,2024-08-30,1000000.00,4.23701,98.4998
08:02:39,912810UD8,TSRYS5870973,D,S,D,2024-08-30,1000000.00,4.236995,98.5
08:02:39,912810UD8,TSRYS5870973,D,B,C,2024-08-30,1000000.00,4.237008,98.499825
08:02:39,912810UD8,TSRYS5870973,D,S,D,2024-08-30,1000000.00,4.235815,98.515625
08:02:39,912810UD8,TSRYS5870973,D,B,C,2024-08-30,1000000.00,4.235815,98.515625
08:02:39,912810UD8,TSRYS5870973,D,B,C,2024-08-30,1000000.00,4.235829,98.51545
08:02:39,912810UD8,TSRYS5870973,D,S,D,2024-08-30,1000000.00,4.235815,98.515625
08:02:40,912810UD8,TSRYS5870973,D,S,C,2024-08-30,1000000.00,4.2358,98.515825
08:02:43,912810UD8,TSRYS5870973,D,B,C,2024-08-30,1000000.00,4.240535,98.453125
08:02:43,912810UD8,TSRYS5870973,D,S,D,2024-08-30,1000000.00,4.240535,98.453125
08:02:44,912810UD8,TSRYS5870973,D,S,D,2024-08-30,1000000.00,4.240535,98.453125
08:02:44,912810UD8,TSRYS5870973,D,S,D,2024-08-30,1000000.00,4.240535,98.453125
08:02:44,912810UD8,TSRYS5870973,D,S,D,2024-08-30,1000000.00,4.240535,98.453125
08:02:44,912810UD8,TSRYS5870973,D,S,D,2024-08-30,1000000.00,4.240535,98.453125
08:02:44,912810UD8,TSRYS5870973,D,S,D,2024-08-30,1000000.00,4.240535,98.453125
08:02:44,912810UD8,TSRYS5870973,D,B,C,2024-08-30,1000000.00,4.240535,98.453125
08:02:44,912810UD8,TSRYS5870973,D,S,D,2024-08-30,1000000.00,4.240535,98.453125
08:02:44,912810UD8,TSRYS5870973,D,S,D,2024-08-30,2000000.00,4.240535,98.453125
08:02:44,912810UD8,TSRYS5870973,D,B,C,2024-08-30,2000000.00,4.240535,98.453125
08:02:44,912810UD8,TSRYS5870973,D,S,D,2024-08-30,1000000.00,4.240535,98.453125
08:02:44,912810UD8,TSRYS5870973,D,S,D,2024-08-30,1000000.00,4.240535,98.453125
08:02:44,912810UD8,TSRYS5870973,D,B,C,2024-08-30,1000000.00,4.24055,98.452925
08:02:44,912810UD8,TSRYS5870973,D,S,D,2024-08-30,1000000.00,4.240535,98.453125
08:02:44,912810UD8,TSRYS5870973,D,S,D,2024-08-30,1000000.00,4.240535,98.453125
08:02:44,912810UD8,TSRYS5870973,D,S,D,2024-08-30,1000000.00,4.240535,98.453125
08:02:44,912810UD8,TSRYS5870973,D,S,D,2024-08-30,1000000.00,4.241715,98.4375
08:02:44,912810UD8,TSRYS5870973,D,S,C,2024-08-30,1000000.00,4.241715,98.4375
08:02:44,912810UD8,TSRYS5870973,D,B,C,2024-08-30,1000000.00,4.240535,98.453125
08:02:44,912810UD8,TSRYS5870973,D,S,D,2024-08-30,1000000.00,4.240535,98.453125
08:02:44,912810UD8,TSRYS5870973,D,B,C,2024-08-30,2000000.00,4.241715,98.4375
08:02:44,912810UD8,TSRYS5870973,D,S,D,2024-08-30,2000000.00,4.241715,98.4375
08:02:44,912810UD8,TSRYS5870973,D,S,D,2024-08-30,1000000.00,4.241715,98.4375
08:02:45,912810UD8,TSRYS5870973,D,S,D,2024-08-30,1000000.00,4.241715,98.4375
08:02:45,912810UD8,TSRYS5870973,D,B,C,2024-08-30,1000000.00,4.241715,98.4375
08:02:45,912810UD8,TSRYS5870973,D,B,C,2024-08-30,1000000.00,4.241715,98.4375
08:02:45,912810UD8,TSRYS5870973,D,S,D,2024-08-30,1000000.00,4.240535,98.453125
08:02:46,912810UD8,TSRYS5870973,D,B,C,2024-08-30,1000000.00,4.24055,98.452925
08:02:46,912810UD8,TSRYS5870973,D,S,D,2024-08-30,1000000.00,4.240535,98.453125
08:02:46,912810UD8,TSRYS5870973,D,B,C,2024-08-30,1000000.00,4.240548,98.45295
08:02:46,912810UD8,TSRYS5870973,D,S,D,2024-08-30,1000000.00,4.240535,98.453125
08:02:46,912810UD8,TSRYS5870973,D,B,C,2024-08-30,1000000.00,4.240535,98.453125
08:02:47,912810UD8,TSRYS5870973,D,S,D,2024-08-30,2000000.00,4.241715,98.4375
08:02:47,912810UD8,TSRYS5870973,D,S,D,2024-08-30,1000000.00,4.241715,98.4375
08:02:47,912810UD8,TSRYS5870973,D,S,D,2024-08-30,1000000.00,4.241715,98.4375
08:02:47,912810UD8,TSRYS5870973,D,B,C,2024-08-30,1000000.00,4.241715,98.4375
08:02:47,912810UD8,TSRYS5870973,D,B,C,2024-08-30,1000000.00,4.239355,98.46875
08:02:47,912810UD8,TSRYS5870973,D,B,C,2024-08-30,1000000.00,4.239368,98.468575
08:02:47,912810UD8,TSRYS5870973,D,S,D,2024-08-30,1000000.00,4.239355,98.46875
08:02:47,912810UD8,TSRYS5870973,D,S,D,2024-08-30,1000000.00,4.239355,98.46875
08:02:47,912810UD8,TSRYS5870973,D,S,C,2024-08-30,1000000.00,4.24052,98.453325
08:02:48,912810UD8,TSRYS5870973,D,B,C,2024-08-30,1000000.00,4.240546,98.452975
08:02:49,912810UD8,TSRYS5870973,D,S,D,2024-08-30,1000000.00,4.238175,98.484375
08:02:49,912810UD8,TSRYS5870973,D,B,C,2024-08-30,1000000.00,4.238175,98.484375
08:02:50,912810UD8,TSRYS5870973,D,B,C,2024-08-30,50MM+,4.229922,98.59375
08:02:50,912810UD8,TSRYS5870973,D,B,C,2024-08-30,2000000.00,4.238175,98.484375
08:02:50,912810UD8,TSRYS5870973,D,S,C,2024-08-30,2000000.00,4.238175,98.484375
08:02:51,912810UD8,TSRYS5870973,D,S,D,2024-08-30,1000000.00,4.242896,98.421875
08:02:51,912810UD8,TSRYS5870973,D,B,C,2024-08-30,1000000.00,4.242896,98.421875
08:02:51,912810UD8,TSRYS5870973,D,B,C,2024-08-30,1000000.00,4.242896,98.421875
08:02:51,912810UD8,TSRYS5870973,D,B,C,2024-08-30,1000000.00,4.242896,98.421875
08:02:51,912810UD8,TSRYS5870973,D,S,D,2024-08-30,1000000.00,4.242896,98.421875
08:02:51,912810UD8,TSRYS5870973,D,B,C,2024-08-30,1000000.00,4.242896,98.421875
08:02:51,912810UD8,TSRYS5870973,D,B,C,2024-08-30,1000000.00,4.242896,98.421875
08:02:51,912810UD8,TSRYS5870973,D,S,D,2024-08-30,1000000.00,4.242896,98.421875
08:02:51,912810UD8,TSRYS5870973,D,B,C,2024-08-30,1000000.00,4.242903,98.421775
08:02:51,912810UD8,TSRYS5870973,D,B,C,2024-08-30,1000000.00,4.242896,98.421875
08:02:51,912810UD8,TSRYS5870973,D,S,D,2024-08-30,1000000.00,4.242896,98.421875
08:02:51,912810UD8,TSRYS5870973,D,S,D,2024-08-30,1000000.00,4.242896,98.421875
08:02:51,912810UD8,TSRYS5870973,D,S,D,2024-08-30,1000000.00,4.242896,98.421875
08:02:51,912810UD8,TSRYS5870973,D,S,D,2024-08-30,1000000.00,4.242896,98.421875
08:02:51,912810UD8,TSRYS5870973,D,S,D,2024-08-30,1000000.00,4.241715,98.4375
08:02:51,912810UD8,TSRYS5870973,D,S,D,2024-08-30,1000000.00,4.241715,98.4375
08:02:51,912810UD8,TSRYS5870973,D,B,C,2024-08-30,1000000.00,4.241715,98.4375
08:02:51,912810UD8,TSRYS5870973,D,B,C,2024-08-30,1000000.00,4.241715,98.4375
08:02:53,912810UD8,TSRYS5870973,D,S,T,2024-08-30,1000000.00,4.232573,98.55859375
08:02:53,912810UD8,TSRYS5870973,D,S,D,2024-08-30,1000000.00,4.237142,98.498046875
08:02:54,912810UD8,TSRYS5870973,D,S,D,2024-08-30,1000000.00,4.241568,98.439453125
08:02:55,912810UD8,TSRYS5870973,D,S,D,2024-08-30,1000000.00,4.23906,98.47265625
08:02:55,912810UD8,TSRYS5870973,D,B,A,2024-08-30,180000.00,4.23965,98.46484375
08:02:56,912810UD8,TSRYS5870973,D,B,C,2024-08-30,1000000.00,4.238175,98.484375
08:02:56,912810UD8,TSRYS5870973,D,S,D,2024-08-30,1000000.00,4.238175,98.484375
08:02:57,912810UD8,TSRYS5870973,D,S,D,2024-08-30,1000000.00,4.236995,98.5
08:02:57,912810UD8,TSRYS5870973,D,S,D,2024-08-30,1000000.00,4.236995,98.5
08:02:58,912810UD8,TSRYS5870973,D,S,D,2024-08-30,1000000.00,4.235806,98.515755
08:02:59,912810UD8,TSRYS5870973,D,S,D,2024-08-30,1000000.00,4.235808,98.515727
08:02:59,912810UD8,TSRYS5870973,D,S,A,2024-08-30,20000.00,4.234047,98.5390625
08:02:59,912810UD8,TSRYS5870973,D,S,D,2024-08-30,1000000.00,4.235808,98.515727
08:02:59,912810UD8,TSRYS5870973,D,B,C,2024-08-30,1000000.00,4.235815,98.515625
08:03:00,912810UD8,TSRYS5870973,D,S,D,2024-08-30,1000000.00,4.236995,98.5
08:03:00,912810UD8,TSRYS5870973,D,S,D,2024-08-30,1000000.00,4.236995,98.5
08:03:00,912810UD8,TSRYS5870973,D,S,D,2024-08-30,1000000.00,4.236995,98.5
08:03:00,912810UD8,TSRYS5870973,D,S,D,2024-08-30,1000000.00,4.236995,98.5
08:03:00,912810UD8,TSRYS5870973,D,B,C,2024-08-30,1000000.00,4.236995,98.5
08:03:05,912810UD8,TSRYS5870973,D,S,D,2024-08-30,1000000.00,4.236995,98.5
08:03:05,912810UD8,TSRYS5870973,D,S,D,2024-08-30,1000000.00,4.236995,98.5
08:03:05,912810UD8,TSRYS5870973,D,S,D,2024-08-30,1000000.00,4.236995,98.5
08:03:06,912810UD8,TSRYS5870973,D,S,C,2024-08-30,1000000.00,4.233015,98.55273437
08:03:09,912810UD8,TSRYS5870973,D,S,D,2024-08-30,1000000.00,4.236995,98.5
08:03:09,912810UD8,TSRYS5870973,D,S,D,2024-08-30,1000000.00,4.236995,98.5
08:03:12,912810UD8,TSRYS5870973,D,S,D,2024-08-30,1000000.00,4.234626,98.53138
08:03:12,912810UD8,TSRYS5870973,D,S,D,2024-08-30,1000000.00,4.234636,98.53125
08:03:12,912810UD8,TSRYS5870973,D,B,C,2024-08-30,1000000.00,4.234636,98.53125
08:03:12,912810UD8,TSRYS5870973,D,S,D,2024-08-30,1000000.00,4.234636,98.53125
08:03:12,912810UD8,TSRYS5870973,D,S,D,2024-08-30,1000000.00,4.234636,98.53125
08:03:12,912810UD8,TSRYS5870973,D,S,D,2024-08-30,1000000.00,4.234636,98.53125
08:03:12,912810UD8,TSRYS5870973,D,B,C,2024-08-30,1000000.00,4.234636,98.53125
08:03:12,912810UD8,TSRYS5870973,D,B,C,2024-08-30,1000000.00,4.234636,98.53125
08:03:12,912810UD8,TSRYS5870973,D,S,D,2024-08-30,1000000.00,4.233457,98.546875
08:03:12,912810UD8,TSRYS5870973,D,B,C,2024-08-30,1000000.00,4.23347,98.5467
08:03:14,912810UD8,TSRYS5870973,D,S,D,2024-08-30,1000000.00,4.232269,98.56263
08:03:16,912810UD8,TSRYS5870973,D,S,D,2024-08-30,1000000.00,4.234636,98.53125
08:03:16,912810UD8,TSRYS5870973,D,B,C,2024-08-30,1000000.00,4.234636,98.53125
08:03:17,912810UD8,TSRYS5870973,D,B,C,2024-08-30,1000000.00,4.234636,98.53125
08:03:17,912810UD8,TSRYS5870973,D,S,D,2024-08-30,1000000.00,4.234636,98.53125
08:03:17,912810UD8,TSRYS5870973,D,S,D,2024-08-30,1000000.00,4.233457,98.546875
08:03:17,912810UD8,TSRYS5870973,D,B,C,2024-08-30,1000000.00,4.233457,98.546875
08:03:17,912810UD8,TSRYS5870973,D,S,A,2024-08-30,5000000.00,4.242309,98.4296875
08:03:19,912810UD8,TSRYS5870973,D,S,D,2024-08-30,1000000.00,4.234636,98.53125
08:03:19,912810UD8,TSRYS5870973,D,S,D,2024-08-30,1000000.00,4.234626,98.53138
08:03:21,912810UD8,TSRYS5870973,D,S,D,2024-08-30,1000000.00,4.232279,98.5625
08:03:21,912810UD8,TSRYS5870973,D,S,C,2024-08-30,1000000.00,4.232279,98.5625
08:03:22,912810UD8,TSRYS5870973,D,B,C,2024-08-30,1000000.00,4.233457,98.546875
08:03:22,912810UD8,TSRYS5870973,D,S,D,2024-08-30,1000000.00,4.233457,98.546875
08:03:22,912810UD8,TSRYS5870973,D,B,C,2024-08-30,1000000.00,4.234651,98.53105
08:03:22,912810UD8,TSRYS5870973,D,S,D,2024-08-30,1000000.00,4.234626,98.53138
08:03:22,912810UD8,TSRYS5870973,D,S,D,2024-08-30,1000000.00,4.232279,98.5625
08:03:22,912810UD8,TSRYS5870973,D,B,C,2024-08-30,1000000.00,4.232294,98.5623
08:03:22,912810UD8,TSRYS5870973,D,S,D,2024-08-30,1000000.00,4.232279,98.5625
08:03:22,912810UD8,TSRYS5870973,D,B,C,2024-08-30,1000000.00,4.232279,98.5625
08:03:22,912810UD8,TSRYS5870973,D,S,D,2024-08-30,1000000.00,4.232279,98.5625
08:03:22,912810UD8,TSRYS5870973,D,B,C,2024-08-30,1000000.00,4.232279,98.5625
08:03:23,912810UD8,TSRYS5870973,D,S,D,2024-08-30,1000000.00,4.229922,98.59375
08:03:23,912810UD8,TSRYS5870973,D,S,D,2024-08-30,1000000.00,4.229922,98.59375
08:03:23,912810UD8,TSRYS5870973,D,B,C,2024-08-30,1000000.00,4.229937,98.59355
08:03:23,912810UD8,TSRYS5870973,D,B,C,2024-08-30,1000000.00,4.229937,98.59355
08:03:23,912810UD8,TSRYS5870973,D,S,D,2024-08-30,2000000.00,4.229922,98.59375
08:03:23,912810UD8,TSRYS5870973,D,B,C,2024-08-30,2000000.00,4.229922,98.59375
08:03:23,912810UD8,TSRYS5870973,D,S,D,2024-08-30,1000000.00,4.229922,98.59375
08:03:23,912810UD8,TSRYS5870973,D,B,C,2024-08-30,1000000.00,4.229935,98.593575
08:03:24,912810UD8,TSRYS5870973,D,S,C,2024-08-30,1000000.00,4.227566,98.625
08:03:24,912810UD8,TSRYS5870973,D,S,D,2024-08-30,1000000.00,4.227566,98.625
08:03:24,912810UD8,TSRYS5870973,D,S,D,2024-08-30,1000000.00,4.227566,98.625
08:03:24,912810UD8,TSRYS5870973,D,S,D,2024-08-30,1000000.00,4.227566,98.625
08:03:24,912810UD8,TSRYS5870973,D,S,D,2024-08-30,1000000.00,4.227566,98.625
08:03:24,912810UD8,TSRYS5870973,D,S,D,2024-08-30,1000000.00,4.227566,98.625
08:03:24,912810UD8,TSRYS5870973,D,S,C,2024-08-30,1000000.00,4.227566,98.625
08:03:24,912810UD8,TSRYS5870973,D,S,D,2024-08-30,1000000.00,4.227556,98.62513
08:03:24,912810UD8,TSRYS5870973,D,S,D,2024-08-30,1000000.00,4.227566,98.625
08:03:24,912810UD8,TSRYS5870973,D,S,C,2024-08-30,1000000.00,4.227566,98.625
08:03:24,912810UD8,TSRYS5870973,D,S,D,2024-08-30,1000000.00,4.227566,98.625
08:03:26,912810UD8,TSRYS5870973,D,S,C,2024-08-30,1000000.00,4.227566,98.625
08:03:26,912810UD8,TSRYS5870973,D,S,D,2024-08-30,1000000.00,4.227566,98.625
08:03:26,912810UD8,TSRYS5870973,D,S,D,2024-08-30,1000000.00,4.225211,98.65625
08:03:26,912810UD8,TSRYS5870973,D,S,D,2024-08-30,1000000.00,4.225201,98.65638
08:03:26,912810UD8,TSRYS5870973,D,B,C,2024-08-30,1000000.00,4.225226,98.65605
08:03:26,912810UD8,TSRYS5870973,D,S,C,2024-08-30,1000000.00,4.226373,98.640825
08:03:26,912810UD8,TSRYS5870973,D,S,D,2024-08-30,1000000.00,4.226379,98.640755
08:03:26,912810UD8,TSRYS5870973,D,S,C,2024-08-30,1000000.00,4.227566,98.625
08:03:26,912810UD8,TSRYS5870973,D,S,D,2024-08-30,1000000.00,4.227566,98.625
08:03:33,912810UD8,TSRYS5870973,D,S,D,2024-08-30,1000000.00,4.229911,98.5939
08:03:33,912810UD8,TSRYS5870973,D,S,D,2024-08-30,1000000.00,4.227555,98.62515
08:03:34,912810UD8,TSRYS5870973,D,S,D,2024-08-30,1000000.00,4.225211,98.65625
08:03:34,912810UD8,TSRYS5870973,D,B,C,2024-08-30,1000000.00,4.225211,98.65625
08:03:34,912810UD8,TSRYS5870973,D,B,C,2024-08-30,1000000.00,4.225211,98.65625
08:03:34,912810UD8,TSRYS5870973,D,S,C,2024-08-30,1000000.00,4.225211,98.65625
08:03:34,912810UD8,TSRYS5870973,D,S,D,2024-08-30,1000000.00,4.2252,98.6564
08:03:34,912810UD8,TSRYS5870973,D,S,C,2024-08-30,1000000.00,4.222846,98.68765
08:03:34,912810UD8,TSRYS5870973,D,S,C,2024-08-30,1000000.00,4.222846,98.68765
08:03:34,912810UD8,TSRYS5870973,D,B,C,2024-08-30,1000000.00,4.222872,98.6873
08:03:34,912810UD8,TSRYS5870973,D,B,C,2024-08-30,1000000.00,4.222857,98.6875
08:03:34,912810UD8,TSRYS5870973,D,S,C,2024-08-30,1000000.00,4.224019,98.672075
08:03:34,912810UD8,TSRYS5870973,D,S,D,2024-08-30,1000000.00,4.225211,98.65625
08:03:34,912810UD8,TSRYS5870973,D,S,C,2024-08-30,1000000.00,4.225211,98.65625
08:03:34,912810UD8,TSRYS5870973,D,S,D,2024-08-30,1000000.00,4.225211,98.65625
08:03:40,912810UD8,TSRYS5870973,D,S,D,2024-08-30,1000000.00,4.226389,98.640625
08:03:40,912810UD8,TSRYS5870973,D,S,D,2024-08-30,1000000.00,4.226389,98.640625
08:03:40,912810UD8,TSRYS5870973,D,S,D,2024-08-30,1000000.00,4.226389,98.640625
08:03:40,912810UD8,TSRYS5870973,D,S,D,2024-08-30,1000000.00,4.226389,98.640625
08:03:43,912810UD8,TSRYS5870973,D,S,D,2024-08-30,1000000.00,4.227566,98.625
08:03:44,912810UD8,TSRYS5870973,D,S,D,2024-08-30,1000000.00,4.225211,98.65625
08:03:45,912810UD8,TSRYS5870973,D,S,D,2024-08-30,1000000.00,4.225211,98.65625
08:03:45,912810UD8,TSRYS5870973,D,S,D,2024-08-30,1000000.00,4.225211,98.65625
08:03:45,912810UD8,TSRYS5870973,D,S,D,2024-08-30,1000000.00,4.225211,98.65625
08:03:45,912810UD8,TSRYS5870973,D,S,D,2024-08-30,1000000.00,4.225211,98.65625
08:03:45,912810UD8,TSRYS5870973,D,B,C,2024-08-30,1000000.00,4.225211,98.65625
08:03:45,912810UD8,TSRYS5870973,D,S,D,2024-08-30,1000000.00,4.225211,98.65625
08:03:45,912810UD8,TSRYS5870973,D,S,D,2024-08-30,1000000.00,4.225211,98.65625
08:03:45,912810UD8,TSRYS5870973,D,S,D,2024-08-30,1000000.00,4.225211,98.65625
08:03:45,912810UD8,TSRYS5870973,D,S,D,2024-08-30,1000000.00,4.225211,98.65625
08:03:45,912810UD8,TSRYS5870973,D,S,D,2024-08-30,1000000.00,4.225211,98.65625
08:03:45,912810UD8,TSRYS5870973,D,B,C,2024-08-30,1000000.00,4.225211,98.65625
08:03:45,912810UD8,TSRYS5870973,D,S,D,2024-08-30,1000000.00,4.225211,98.65625
08:03:46,912810UD8,TSRYS5870973,D,S,D,2024-08-30,1000000.00,4.226389,98.640625
08:03:49,912810UD8,TSRYS5870973,D,S,D,2024-08-30,1000000.00,4.229922,98.59375
08:03:49,912810UD8,TSRYS5870973,D,S,D,2024-08-30,1000000.00,4.229922,98.59375
08:03:50,912810UD8,TSRYS5870973,D,S,C,2024-08-30,1000000.00,4.2311,98.578125
08:03:51,912810UD8,TSRYS5870973,D,S,D,2024-08-30,1000000.00,4.2311,98.578125
08:03:51,912810UD8,TSRYS5870973,D,S,C,2024-08-30,1000000.00,4.231085,98.578325
08:03:51,912810UD8,TSRYS5870973,D,S,C,2024-08-30,1000000.00,4.231085,98.578325
08:03:51,912810UD8,TSRYS5870973,D,B,C,2024-08-30,1000000.00,4.231111,98.577975
08:03:51,912810UD8,TSRYS5870973,D,B,C,2024-08-30,1000000.00,4.231111,98.577975
08:03:51,912810UD8,TSRYS5870973,D,B,C,2024-08-30,1000000.00,4.231111,98.577975
08:03:52,912810UD8,TSRYS5870973,D,S,D,2024-08-30,1000000.00,4.232279,98.5625
08:03:52,912810UD8,TSRYS5870973,D,S,D,2024-08-30,1000000.00,4.233457,98.546875
08:03:53,912810UD8,TSRYS5870973,D,S,C,2024-08-30,1000000.00,4.23345,98.546975
08:03:53,912810UD8,TSRYS5870973,D,S,D,2024-08-30,1000000.00,4.233457,98.546875
08:03:53,912810UD8,TSRYS5870973,D,S,D,2024-08-30,1000000.00,4.233457,98.546875
08:03:53,912810UD8,TSRYS5870973,D,S,D,2024-08-30,1000000.00,4.233457,98.546875
08:03:53,912810UD8,TSRYS5870973,D,S,C,2024-08-30,1000000.00,4.232279,98.5625
08:03:53,912810UD8,TSRYS5870973,D,S,A,2024-08-30,3000000.00,4.23847,98.48046875
08:03:54,912810UD8,TSRYS5870973,D,S,D,2024-08-30,2000000.00,4.232279,98.5625
08:03:54,912810UD8,TSRYS5870973,D,S,D,2024-08-30,1000000.00,4.232279,98.5625
08:03:54,912810UD8,TSRYS5870973,D,S,D,2024-08-30,1000000.00,4.232279,98.5625
08:03:54,912810UD8,TSRYS5870973,D,S,D,2024-08-30,1000000.00,4.232279,98.5625
08:03:54,912810UD8,TSRYS5870973,D,S,D,2024-08-30,1000000.00,4.232279,98.5625
08:03:54,912810UD8,TSRYS5870973,D,S,D,2024-08-30,1000000.00,4.232279,98.5625
08:03:54,912810UD8,TSRYS5870973,D,S,D,2024-08-30,1000000.00,4.232279,98.5625
08:03:54,912810UD8,TSRYS5870973,D,S,D,2024-08-30,1000000.00,4.232279,98.5625
08:03:54,912810UD8,TSRYS5870973,D,S,D,2024-08-30,1000000.00,4.232279,98.5625
08:03:55,912810UD8,TSRYS5870973,D,S,D,2024-08-30,3000000.00,4.233457,98.546875
08:03:55,912810UD8,TSRYS5870973,D,S,D,2024-08-30,1000000.00,4.233457,98.546875
08:03:56,912810UD8,TSRYS5870973,D,S,D,2024-08-30,1000000.00,4.233457,98.546875
08:03:56,912810UD8,TSRYS5870973,D,S,D,2024-08-30,1000000.00,4.232279,98.5625
08:03:56,912810UD8,TSRYS5870973,D,B,C,2024-08-30,1000000.00,4.232294,98.5623
08:03:56,912810UD8,TSRYS5870973,D,S,D,2024-08-30,1000000.00,4.232279,98.5625
08:04:10,912810UD8,TSRYS5870973,D,S,A,2024-08-30,180000.00,4.23965,98.46484375
08:04:10,912810UD8,TSRYS5870973,D,S,C,2024-08-30,180000.00,4.23965,98.46484375
08:04:14,912810UD8,TSRYS5870973,D,S,T,2024-08-30,1000000.00,4.233752,98.54296875
08:04:27,912810UD8,TSRYS5870973,D,S,D,2024-08-30,1000000.00,4.227272,98.62890625
08:04:27,912810UD8,TSRYS5870973,D,S,D,2024-08-30,1000000.00,4.227272,98.62890625
08:04:27,912810UD8,TSRYS5870973,D,S,D,2024-08-30,1000000.00,4.227419,98.626953125
08:04:27,912810UD8,TSRYS5870973,D,S,D,2024-08-30,1000000.00,4.227566,98.625
08:04:27,912810UD8,TSRYS5870973,D,S,C,2024-08-30,1000000.00,4.227419,98.626953125
08:04:27,912810UD8,TSRYS5870973,D,S,D,2024-08-30,1000000.00,4.227272,98.62890625
08:04:27,912810UD8,TSRYS5870973,D,S,D,2024-08-30,1000000.00,4.227566,98.625
08:04:27,912810UD8,TSRYS5870973,D,S,D,2024-08-30,1000000.00,4.227566,98.625
08:04:31,912810UD8,TSRYS5870973,D,S,C,2024-08-30,550000.00,4.239945,98.4609375
08:04:33,912810UD8,TSRYS5870973,D,S,T,2024-08-30,1000000.00,4.23348,98.546575
08:04:33,912810UD8,TSRYS5870973,D,S,D,2024-08-30,1000000.00,4.227566,98.625
08:04:33,912810UD8,TSRYS5870973,D,S,D,2024-08-30,1000000.00,4.227566,98.625
08:04:33,912810UD8,TSRYS5870973,D,S,D,2024-08-30,1000000.00,4.227272,98.62890625
08:04:33,912810UD8,TSRYS5870973,D,S,D,2024-08-30,1000000.00,4.227566,98.625
08:04:33,912810UD8,TSRYS5870973,D,S,D,2024-08-30,1000000.00,4.227566,98.625
08:04:35,912810UD8,TSRYS5870973,D,S,D,2024-08-30,1000000.00,4.227272,98.62890625
08:04:35,912810UD8,TSRYS5870973,D,S,D,2024-08-30,1000000.00,4.225211,98.65625
08:04:35,912810UD8,TSRYS5870973,D,S,D,2024-08-30,1000000.00,4.225211,98.65625
08:04:35,912810UD8,TSRYS5870973,D,S,D,2024-08-30,1000000.00,4.225211,98.65625
08:04:35,912810UD8,TSRYS5870973,D,S,D,2024-08-30,1000000.00,4.225211,98.65625
08:04:35,912810UD8,TSRYS5870973,D,S,D,2024-08-30,1000000.00,4.225211,98.65625
08:04:35,912810UD8,TSRYS5870973,D,S,D,2024-08-30,1000000.00,4.225211,98.65625
08:04:35,912810UD8,TSRYS5870973,D,S,D,2024-08-30,1000000.00,4.225506,98.65234375
08:04:37,912810UD8,TSRYS5870973,D,S,D,2024-08-30,1000000.00,4.227566,98.625
08:04:37,912810UD8,TSRYS5870973,D,S,D,2024-08-30,1000000.00,4.227566,98.625
08:04:37,912810UD8,TSRYS5870973,D,S,D,2024-08-30,1000000.00,4.227566,98.625
08:04:41,912810UD8,TSRYS5870973,D,S,D,2024-08-30,1000000.00,4.225358,98.654296875
08:04:41,912810UD8,TSRYS5870973,D,S,D,2024-08-30,1000000.00,4.225358,98.654296875
08:04:51,912810UD8,TSRYS5870973,D,B,C,2024-08-30,1000000.00,4.227566,98.625
08:04:51,912810UD8,TSRYS5870973,D,S,C,2024-08-30,1000000.00,4.227566,98.625
08:04:53,912810UD8,TSRYS5870973,D,S,D,2024-08-30,1000000.00,4.224476,98.666015625
08:04:57,912810UD8,TSRYS5870973,D,S,C,2024-08-30,1000000.00,4.233457,98.546875
08:05:17,912810UD8,TSRYS5870973,D,S,T,2024-08-30,1000000.00,4.233457,98.546875
08:05:23,912810UD8,TSRYS5870973,D,S,T,2024-08-30,10000.00,4.232279,98.5625
08:05:30,912810UD8,TSRYS5870973,D,S,C,2024-08-30,10000.00,4.232279,98.5625
08:05:30,912810UD8,TSRYS5870973,D,S,D,2024-08-30,10000.00,4.232279,98.5625
08:05:36,912810UD8,TSRYS5870973,D,S,T,2024-08-30,1000000.00,4.233605,98.54492187
08:05:36,912810UD8,TSRYS5870973,D,S,T,2024-08-30,1000000.00,4.234496,98.533103125
08:05:37,912810UD8,TSRYS5870973,D,S,T,2024-08-30,1000000.00,4.234341,98.53515625
08:05:40,912810UD8,TSRYS5870973,D,S,D,2024-08-30,1000000.00,4.225211,98.65625
08:05:46,912810UD8,TSRYS5870973,D,S,D,2024-08-30,1000000.00,4.2258,98.6484375
08:05:46,912810UD8,TSRYS5870973,D,S,D,2024-08-30,1000000.00,4.225653,98.650390625
08:05:46,912810UD8,TSRYS5870973,D,S,D,2024-08-30,1000000.00,4.225506,98.65234375
08:05:46,912810UD8,TSRYS5870973,D,S,D,2024-08-30,1000000.00,4.225358,98.654296875
08:05:47,912810UD8,TSRYS5870973,D,S,D,2024-08-30,1000000.00,4.225211,98.65625
08:05:53,912810UD8,TSRYS5870973,D,S,D,2024-08-30,1000000.00,4.228155,98.6171875
08:05:53,912810UD8,TSRYS5870973,D,S,D,2024-08-30,1000000.00,4.228008,98.619140625
08:05:56,912810UD8,TSRYS5870973,D,S,D,2024-08-30,1000000.00,4.229186,98.603515625
08:05:56,912810UD8,TSRYS5870973,D,S,D,2024-08-30,1000000.00,4.229186,98.603515625
08:05:56,912810UD8,TSRYS5870973,D,S,D,2024-08-30,1000000.00,4.229333,98.6015625
08:05:56,912810UD8,TSRYS5870973,D,S,D,2024-08-30,1000000.00,4.229333,98.6015625
08:05:56,912810UD8,TSRYS5870973,D,S,C,2024-08-30,1000000.00,4.229922,98.59375
08:05:56,912810UD8,TSRYS5870973,D,S,D,2024-08-30,1000000.00,4.230069,98.591796875
08:05:56,912810UD8,TSRYS5870973,D,S,D,2024-08-30,1000000.00,4.230216,98.58984375
08:05:56,912810UD8,TSRYS5870973,D,S,D,2024-08-30,1000000.00,4.230216,98.58984375
08:05:56,912810UD8,TSRYS5870973,D,S,D,2024-08-30,1000000.00,4.230216,98.58984375
08:05:56,912810UD8,TSRYS5870973,D,S,D,2024-08-30,1000000.00,4.230216,98.58984375
08:05:58,912810UD8,TSRYS5870973,D,S,D,2024-08-30,1000000.00,4.229333,98.6015625
08:05:58,912810UD8,TSRYS5870973,D,S,D,2024-08-30,1000000.00,4.229775,98.595703125
08:05:58,912810UD8,TSRYS5870973,D,S,D,2024-08-30,1000000.00,4.229627,98.59765625
08:05:59,912810UD8,TSRYS5870973,D,S,D,2024-08-30,1000000.00,4.230216,98.58984375
08:05:59,912810UD8,TSRYS5870973,D,S,D,2024-08-30,1000000.00,4.230216,98.58984375
08:05:59,912810UD8,TSRYS5870973,D,S,D,2024-08-30,1000000.00,4.230216,98.58984375
08:05:59,912810UD8,TSRYS5870973,D,S,D,2024-08-30,1000000.00,4.230216,98.58984375
08:06:00,912810UD8,TSRYS5870973,D,S,A,2024-08-30,439000.00,4.232691,98.55703125
08:06:00,912810UD8,TSRYS5870973,D,S,D,2024-08-30,1000000.00,4.230069,98.591796875
08:06:00,912810UD8,TSRYS5870973,D,S,D,2024-08-30,2000000.00,4.229922,98.59375
08:06:01,912810UD8,TSRYS5870973,D,S,T,2024-08-30,1000000.00,4.240535,98.453125
08:06:02,912810UD8,TSRYS5870973,D,S,D,2024-08-30,1000000.00,4.233457,98.546875
08:06:02,912810UD8,TSRYS5870973,D,B,A,2024-08-30,1660000.00,4.234931,98.52734375
08:06:03,912810UD8,TSRYS5870973,D,S,D,2024-08-30,2000000.00,4.2311,98.578125
08:06:03,912810UD8,TSRYS5870973,D,S,D,2024-08-30,1000000.00,4.2311,98.578125
08:06:03,912810UD8,TSRYS5870973,D,S,T,2024-08-30,1000000.00,4.234791,98.529196875
08:06:03,912810UD8,TSRYS5870973,D,S,C,2024-08-30,1000000.00,4.2311,98.578125
08:06:03,912810UD8,TSRYS5870973,D,S,D,2024-08-30,2000000.00,4.231837,98.568359375
08:06:04,912810UD8,TSRYS5870973,D,S,C,2024-08-30,1000000.00,4.232426,98.560546875
08:06:04,912810UD8,TSRYS5870973,D,S,C,2024-08-30,1000000.00,4.233015,98.552734375
08:06:04,912810UD8,TSRYS5870973,D,S,T,2024-08-30,1000000.00,4.234636,98.53125
08:06:04,912810UD8,TSRYS5870973,D,S,T,2024-08-30,1000000.00,4.234489,98.53320312
08:06:05,912810UD8,TSRYS5870973,D,S,C,2024-08-30,1000000.00,4.233457,98.546875
08:06:06,912810UD8,TSRYS5870973,D,S,T,2024-08-30,1000000.00,4.234489,98.53320312
08:06:08,912810UD8,TSRYS5870973,D,S,T,2024-08-30,1000000.00,4.234636,98.53125
08:06:09,912810UD8,TSRYS5870973,D,S,C,2024-08-30,1000000.00,4.232131,98.564453125
08:06:09,912810UD8,TSRYS5870973,D,S,C,2024-08-30,2000000.00,4.232131,98.564453125
08:06:10,912810UD8,TSRYS5870973,D,S,T,2024-08-30,1000000.00,4.234636,98.53125
08:06:12,912810UD8,TSRYS5870973,D,S,T,2024-08-30,1000000.00,4.234784,98.52929687
08:06:12,912810UD8,TSRYS5870973,D,S,T,2024-08-30,1000000.00,4.234784,98.52929687
08:06:12,912810UD8,TSRYS5870973,D,S,D,2024-08-30,10000.00,4.232279,98.5625
08:06:13,912810UD8,TSRYS5870973,D,S,D,2024-08-30,1000000.00,4.233605,98.544921875
08:06:13,912810UD8,TSRYS5870973,D,S,D,2024-08-30,1000000.00,4.233605,98.544921875
08:06:13,912810UD8,TSRYS5870973,D,S,D,2024-08-30,2000000.00,4.233605,98.544921875
08:06:13,912810UD8,TSRYS5870973,D,S,D,2024-08-30,1000000.00,4.233457,98.546875
08:06:14,912810UD8,TSRYS5870973,D,S,D,2024-08-30,2000000.00,4.233457,98.546875
08:06:14,912810UD8,TSRYS5870973,D,S,D,2024-08-30,1000000.00,4.233457,98.546875
08:06:14,912810UD8,TSRYS5870973,D,S,D,2024-08-30,1000000.00,4.233457,98.546875
08:06:14,912810UD8,TSRYS5870973,D,S,D,2024-08-30,1000000.00,4.233163,98.55078125
08:06:14,912810UD8,TSRYS5870973,D,S,D,2024-08-30,1000000.00,4.233163,98.55078125
08:06:14,912810UD8,TSRYS5870973,D,S,D,2024-08-30,1000000.00,4.23331,98.548828125
08:06:14,912810UD8,TSRYS5870973,D,S,D,2024-08-30,1000000.00,4.233163,98.55078125
08:06:14,912810UD8,TSRYS5870973,D,S,D,2024-08-30,1000000.00,4.233163,98.55078125
08:06:14,912810UD8,TSRYS5870973,D,S,D,2024-08-30,1000000.00,4.233015,98.552734375
08:06:14,912810UD8,TSRYS5870973,D,S,D,2024-08-30,1000000.00,4.23331,98.548828125
08:06:14,912810UD8,TSRYS5870973,D,S,D,2024-08-30,1000000.00,4.233605,98.544921875
08:06:14,912810UD8,TSRYS5870973,D,S,D,2024-08-30,1000000.00,4.233457,98.546875
08:06:15,912810UD8,TSRYS5870973,D,S,A,2024-08-30,160000.00,4.224034,98.671875
08:06:16,912810UD8,TSRYS5870973,D,S,C,2024-08-30,1000000.00,4.232573,98.55859375
08:06:27,912810UD8,TSRYS5870973,D,S,D,2024-08-30,1000000.00,4.233752,98.54296875
08:06:29,912810UD8,TSRYS5870973,D,S,T,2024-08-30,1000000.00,4.234341,98.53515625
08:06:29,912810UD8,TSRYS5870973,D,S,T,2024-08-30,1000000.00,4.234341,98.53515625
08:06:31,912810UD8,TSRYS5870973,D,S,D,2024-08-30,1000000.00,4.233605,98.544921875
08:06:32,912810UD8,TSRYS5870973,D,S,D,2024-08-30,1000000.00,4.234636,98.53125
08:06:32,912810UD8,TSRYS5870973,D,S,D,2024-08-30,1000000.00,4.234489,98.533203125
08:06:32,912810UD8,TSRYS5870973,D,S,D,2024-08-30,1000000.00,4.234489,98.533203125
08:06:33,912810UD8,TSRYS5870973,D,S,D,2024-08-30,2000000.00,4.234784,98.529296875
08:06:33,912810UD8,TSRYS5870973,D,S,D,2024-08-30,2000000.00,4.234636,98.53125
08:06:33,912810UD8,TSRYS5870973,D,S,D,2024-08-30,2000000.00,4.234341,98.53515625
08:06:33,912810UD8,TSRYS5870973,D,S,D,2024-08-30,1000000.00,4.234784,98.529296875
08:06:33,912810UD8,TSRYS5870973,D,S,D,2024-08-30,1000000.00,4.234784,98.529296875
08:06:33,912810UD8,TSRYS5870973,D,S,D,2024-08-30,1000000.00,4.235521,98.51953125
08:06:33,912810UD8,TSRYS5870973,D,S,D,2024-08-30,1000000.00,4.235521,98.51953125
08:06:33,912810UD8,TSRYS5870973,D,S,D,2024-08-30,1000000.00,4.235521,98.51953125
08:06:33,912810UD8,TSRYS5870973,D,S,D,2024-08-30,1000000.00,4.235521,98.51953125
08:06:34,912810UD8,TSRYS5870973,D,S,C,2024-08-30,5000000.00,4.235409,98.5210125
08:06:35,912810UD8,TSRYS5870973,D,S,D,2024-08-30,3000000.00,4.235521,98.51953125
08:06:35,912810UD8,TSRYS5870973,D,S,D,2024-08-30,1000000.00,4.235373,98.521484375
08:06:35,912810UD8,TSRYS5870973,D,S,D,2024-08-30,2000000.00,4.235373,98.521484375
08:06:43,912810UD8,TSRYS5870973,D,S,D,2024-08-30,1000000.00,4.235373,98.521484375
08:06:43,912810UD8,TSRYS5870973,D,S,D,2024-08-30,1000000.00,4.235373,98.521484375
08:06:45,912810UD8,TSRYS5870973,D,S,D,2024-08-30,1000000.00,4.235373,98.521484375
08:06:45,912810UD8,TSRYS5870973,D,B,C,2024-08-30,19260000.00,4.234961,98.52694375
08:06:55,912810UD8,TSRYS5870973,D,S,T,2024-08-30,1000000.00,4.234784,98.52929687
08:06:57,912810UD8,TSRYS5870973,D,S,T,2024-08-30,1000000.00,4.235521,98.51953125
08:06:57,912810UD8,TSRYS5870973,D,S,T,2024-08-30,1000000.00,4.235521,98.51953125
08:06:57,912810UD8,TSRYS5870973,D,S,T,2024-08-30,1000000.00,4.235521,98.51953125
08:06:57,912810UD8,TSRYS5870973,D,S,T,2024-08-30,1000000.00,4.234784,98.52929687
08:07:00,912810UD8,TSRYS5870973,D,S,T,2024-08-30,1000000.00,4.235521,98.51953125
08:07:02,912810UD8,TSRYS5870973,D,S,T,2024-08-30,1000000.00,4.235521,98.51953125
08:07:04,912810UD8,TSRYS5870973,D,S,T,2024-08-30,1000000.00,4.235521,98.51953125
08:07:04,912810UD8,TSRYS5870973,D,S,T,2024-08-30,1000000.00,4.235521,98.51953125
08:07:06,912810UD8,TSRYS5870973,D,S,T,2024-08-30,1000000.00,4.235373,98.52148437
08:07:10,912810UD8,TSRYS5870973,D,S,T,2024-08-30,2000000.00,4.235373,98.52148437
08:07:13,912810UD8,TSRYS5870973,D,S,T,2024-08-30,1000000.00,4.235373,98.52148437
08:07:13,912810UD8,TSRYS5870973,D,S,T,2024-08-30,1000000.00,4.235373,98.52148437
08:07:13,912810UD8,TSRYS5870973,D,S,T,2024-08-30,1000000.00,4.235373,98.52148437
08:07:13,912810UD8,TSRYS5870973,D,B,C,2024-08-30,1000000.00,4.234931,98.52734375
08:07:13,912810UD8,TSRYS5870973,D,S,D,2024-08-30,1000000.00,4.234931,98.52734375
08:07:14,912810UD8,TSRYS5870973,D,S,D,2024-08-30,1000000.00,4.235226,98.5234375
08:07:14,912810UD8,TSRYS5870973,D,B,C,2024-08-30,1000000.00,4.235226,98.5234375
08:07:16,912810UD8,TSRYS5870973,D,B,C,2024-08-30,4000000.00,4.232921,98.5539875
08:08:20,912810UD8,TSRYS5870973,D,S,D,2024-08-30,1000000.00,4.235373,98.521484375
08:08:20,912810UD8,TSRYS5870973,D,S,D,2024-08-30,1000000.00,4.235815,98.515625
08:08:51,912810UD8,TSRYS5870973,D,S,T,2024-08-30,1000000.00,4.235373,98.52148437
08:09:01,912810UD8,TSRYS5870973,D,S,T,2024-08-30,1000000.00,4.235815,98.515625
08:09:38,912810UD8,TSRYS5870973,D,S,D,2024-08-30,38000000.00,4.234528,98.53269
08:09:39,912810UD8,TSRYS5870973,D,S,T,2024-08-30,1000000.00,4.233457,98.546875
08:10:16,912810UD8,TSRYS5870973,D,S,D,2024-08-30,1000000.00,4.233457,98.546875
08:10:34,912810UD8,TSRYS5870973,D,S,D,2024-08-30,60000.00,4.232279,98.5625
08:10:34,912810UD8,TSRYS5870973,D,S,D,2024-08-30,60000.00,4.231776,98.569166667
08:11:22,912810UD8,TSRYS5870973,D,S,A,2024-08-30,38000.00,4.231109,98.578
08:12:46,912810UD8,TSRYS5870973,D,B,C,2024-08-30,8000000.00,4.2311,98.578125
08:13:24,912810UD8,TSRYS5870973,D,S,D,2024-08-30,1000000.00,4.230511,98.5859375
08:13:24,912810UD8,TSRYS5870973,D,S,C,2024-08-30,1000000.00,4.230511,98.5859375
08:13:43,912810UD8,TSRYS5870973,D,B,C,2024-08-30,38000.00,4.230216,98.58984375
08:13:54,912810UD8,TSRYS5870973,D,S,T,2024-08-30,1000000.00,4.229782,98.595603125
08:14:46,912810UD8,TSRYS5870973,D,S,D,2024-08-30,1000000.00,4.240535,98.453125
08:14:48,912810UD8,TSRYS5870973,D,B,C,2024-08-30,1000000.00,4.237895,98.48808125
08:14:48,912810UD8,TSRYS5870973,D,S,D,2024-08-30,1000000.00,4.23788,98.48828125
08:14:50,912810UD8,TSRYS5870973,D,S,D,2024-08-30,1000000.00,4.239355,98.46875
08:14:50,912810UD8,TSRYS5870973,D,S,D,2024-08-30,1000000.00,4.238175,98.484375
08:14:54,912810UD8,TSRYS5870973,D,S,C,2024-08-30,1000000.00,4.239355,98.46875
08:14:54,912810UD8,TSRYS5870973,D,S,D,2024-08-30,1000000.00,4.239355,98.46875
08:14:55,912810UD8,TSRYS5870973,D,B,C,2024-08-30,1000000.00,4.239067,98.47255625
08:14:55,912810UD8,TSRYS5870973,D,S,D,2024-08-30,1000000.00,4.23906,98.47265625
08:14:56,912810UD8,TSRYS5870973,D,S,D,2024-08-30,1000000.00,4.240387,98.455078125
08:14:56,912810UD8,TSRYS5870973,D,S,D,2024-08-30,1000000.00,4.24024,98.45703125
08:14:56,912810UD8,TSRYS5870973,D,S,D,2024-08-30,1000000.00,4.240092,98.458984375
08:14:56,912810UD8,TSRYS5870973,D,S,D,2024-08-30,1000000.00,4.239945,98.4609375
08:14:56,912810UD8,TSRYS5870973,D,B,C,2024-08-30,1000000.00,4.239945,98.4609375
08:14:56,912810UD8,TSRYS5870973,D,S,D,2024-08-30,1000000.00,4.239945,98.4609375
08:14:56,912810UD8,TSRYS5870973,D,S,D,2024-08-30,1000000.00,4.239797,98.462890625
08:14:56,912810UD8,TSRYS5870973,D,S,D,2024-08-30,1000000.00,4.239797,98.462890625
08:14:56,912810UD8,TSRYS5870973,D,S,D,2024-08-30,1000000.00,4.23965,98.46484375
08:14:56,912810UD8,TSRYS5870973,D,S,D,2024-08-30,1000000.00,4.23965,98.46484375
08:14:56,912810UD8,TSRYS5870973,D,S,D,2024-08-30,1000000.00,4.239502,98.466796875
08:14:56,912810UD8,TSRYS5870973,D,S,D,2024-08-30,1000000.00,4.240092,98.458984375
08:14:56,912810UD8,TSRYS5870973,D,B,C,2024-08-30,1000000.00,4.240092,98.458984375
08:14:58,912810UD8,TSRYS5870973,D,B,C,2024-08-30,1000000.00,4.240535,98.453125
08:14:58,912810UD8,TSRYS5870973,D,S,D,2024-08-30,1000000.00,4.240535,98.453125
08:14:58,912810UD8,TSRYS5870973,D,B,C,2024-08-30,1000000.00,4.240837,98.44911875
08:14:58,912810UD8,TSRYS5870973,D,S,D,2024-08-30,1000000.00,4.24083,98.44921875
08:15:04,912810UD8,TSRYS5870973,D,S,D,2024-08-30,1000000.00,4.241708,98.4376
08:15:06,912810UD8,TSRYS5870973,D,S,C,2024-08-30,2000000.00,4.23965,98.46484375
08:15:18,912810UD8,TSRYS5870973,D,S,T,2024-08-30,1000000.00,4.229775,98.595703125
08:15:19,912810UD8,TSRYS5870973,D,S,T,2024-08-30,1000000.00,4.229782,98.595603125
08:15:26,912810UD8,TSRYS5870973,D,S,D,2024-08-30,1000000.00,4.236258,98.509765625
08:15:26,912810UD8,TSRYS5870973,D,B,C,2024-08-30,1000000.00,4.236258,98.509765625
08:15:40,912810UD8,TSRYS5870973,D,S,D,2024-08-30,1000000.00,4.226389,98.640625
08:15:42,912810UD8,TSRYS5870973,D,S,D,2024-08-30,1000000.00,4.228891,98.607421875
08:15:42,912810UD8,TSRYS5870973,D,B,C,2024-08-30,1000000.00,4.228891,98.607421875
08:15:45,912810UD8,TSRYS5870973,D,S,D,2024-08-30,1000000.00,4.225506,98.65234375
08:15:45,912810UD8,TSRYS5870973,D,B,C,2024-08-30,1000000.00,4.225506,98.65234375
08:15:59,912810UD8,TSRYS5870973,D,S,D,2024-08-30,1000000.00,4.2258,98.6484375
08:15:59,912810UD8,TSRYS5870973,D,S,D,2024-08-30,1000000.00,4.225653,98.650390625
08:15:59,912810UD8,TSRYS5870973,D,S,D,2024-08-30,1000000.00,4.225506,98.65234375
08:15:59,912810UD8,TSRYS5870973,D,S,D,2024-08-30,1000000.00,4.225351,98.654396875
08:16:00,912810UD8,TSRYS5870973,D,S,D,2024-08-30,1000000.00,4.225211,98.65625
08:16:00,912810UD8,TSRYS5870973,D,S,D,2024-08-30,1000000.00,4.227566,98.625
08:16:04,912810UD8,TSRYS5870973,D,S,D,2024-08-30,1000000.00,4.229038,98.60546875
08:16:06,912810UD8,TSRYS5870973,D,S,D,2024-08-30,1000000.00,4.2311,98.578125
08:16:06,912810UD8,TSRYS5870973,D,S,D,2024-08-30,1000000.00,4.2311,98.578125
08:16:06,912810UD8,TSRYS5870973,D,S,D,2024-08-30,1000000.00,4.231395,98.57421875
08:16:06,912810UD8,TSRYS5870973,D,S,D,2024-08-30,1000000.00,4.231837,98.568359375
08:16:06,912810UD8,TSRYS5870973,D,S,D,2024-08-30,1000000.00,4.233457,98.546875
08:16:06,912810UD8,TSRYS5870973,D,S,C,2024-08-30,2000000.00,4.233457,98.546875
08:16:06,912810UD8,TSRYS5870973,D,S,C,2024-08-30,1000000.00,4.233457,98.546875
08:16:07,912810UD8,TSRYS5870973,D,S,C,2024-08-30,1000000.00,4.231984,98.56640625
08:16:08,912810UD8,TSRYS5870973,D,S,D,2024-08-30,1000000.00,4.233457,98.546875
08:16:08,912810UD8,TSRYS5870973,D,S,D,2024-08-30,2000000.00,4.233457,98.546875
08:16:15,912810UD8,TSRYS5870973,D,S,D,2024-08-30,1000000.00,4.234341,98.53515625
08:16:15,912810UD8,TSRYS5870973,D,S,D,2024-08-30,1000000.00,4.234489,98.533203125
08:16:15,912810UD8,TSRYS5870973,D,S,D,2024-08-30,1000000.00,4.234784,98.529296875
08:16:19,912810UD8,TSRYS5870973,D,S,C,2024-08-30,1000000.00,4.229775,98.595703125
08:16:20,912810UD8,TSRYS5870973,D,S,C,2024-08-30,1000000.00,4.229775,98.595703125
08:16:20,912810UD8,TSRYS5870973,D,S,C,2024-08-30,1000000.00,4.229775,98.595703125
08:19:05,912810UD8,TSRYS5870973,D,S,T,2024-08-30,1000000.00,4.2311,98.578125
08:19:05,912810UD8,TSRYS5870973,D,S,T,2024-08-30,2000000.00,4.2311,98.578125
08:19:05,912810UD8,TSRYS5870973,D,S,T,2024-08-30,1000000.00,4.2311,98.578125
08:19:05,912810UD8,TSRYS5870973,D,S,T,2024-08-30,1000000.00,4.2311,98.578125
08:19:05,912810UD8,TSRYS5870973,D,S,T,2024-08-30,1000000.00,4.2311,98.578125
08:19:05,912810UD8,TSRYS5870973,D,S,T,2024-08-30,1000000.00,4.2311,98.578125
08:19:05,912810UD8,TSRYS5870973,D,S,T,2024-08-30,1000000.00,4.2311,98.578125
08:19:50,912810UD8,TSRYS5870973,D,S,D,2024-08-30,1000000.00,4.2311,98.578125
08:19:50,912810UD8,TSRYS5870973,D,S,D,2024-08-30,1000000.00,4.2311,98.578125
08:19:50,912810UD8,TSRYS5870973,D,S,D,2024-08-30,1000000.00,4.2311,98.578125
08:19:50,912810UD8,TSRYS5870973,D,B,C,2024-08-30,1000000.00,4.2311,98.578125
08:19:50,912810UD8,TSRYS5870973,D,B,C,2024-08-30,1000000.00,4.2311,98.578125
08:19:50,912810UD8,TSRYS5870973,D,S,D,2024-08-30,1000000.00,4.2311,98.578125
08:19:50,912810UD8,TSRYS5870973,D,S,D,2024-08-30,1000000.00,4.2311,98.578125
08:19:50,912810UD8,TSRYS5870973,D,S,D,2024-08-30,2000000.00,4.2311,98.578125
08:19:50,912810UD8,TSRYS5870973,D,S,D,2024-08-30,1000000.00,4.2311,98.578125
08:19:50,912810UD8,TSRYS5870973,D,S,D,2024-08-30,1000000.00,4.2311,98.578125
08:19:50,912810UD8,TSRYS5870973,D,S,D,2024-08-30,1000000.00,4.2311,98.578125
08:20:01,912810UD8,TSRYS5870973,D,S,T,2024-08-30,1000000.00,4.2311,98.578125
08:20:01,912810UD8,TSRYS5870973,D,S,T,2024-08-30,1000000.00,4.2311,98.578125
08:20:01,912810UD8,TSRYS5870973,D,S,T,2024-08-30,1000000.00,4.2311,98.578125
08:20:01,912810UD8,TSRYS5870973,D,S,T,2024-08-30,1000000.00,4.2311,98.578125
08:20:02,912810UD8,TSRYS5870973,D,S,T,2024-08-30,1000000.00,4.2311,98.578125
08:20:22,912810UD8,TSRYS5870973,D,S,D,2024-08-30,1000000.00,4.229922,98.59375
08:20:22,912810UD8,TSRYS5870973,D,B,C,2024-08-30,1000000.00,4.229937,98.59355
08:20:22,912810UD8,TSRYS5870973,D,S,D,2024-08-30,1000000.00,4.229922,98.59375
08:20:22,912810UD8,TSRYS5870973,D,B,C,2024-08-30,1000000.00,4.229922,98.59375
08:20:33,912810UD8,TSRYS5870973,D,S,T,2024-08-30,1000000.00,4.232279,98.5625
08:20:33,912810UD8,TSRYS5870973,D,S,T,2024-08-30,1000000.00,4.232279,98.5625
08:20:33,912810UD8,TSRYS5870973,D,S,T,2024-08-30,1000000.00,4.232279,98.5625
08:20:33,912810UD8,TSRYS5870973,D,S,T,2024-08-30,1000000.00,4.232279,98.5625
08:20:34,912810UD8,TSRYS5870973,D,S,T,2024-08-30,1000000.00,4.232279,98.5625
08:20:34,912810UD8,TSRYS5870973,D,S,T,2024-08-30,1000000.00,4.232279,98.5625
08:20:34,912810UD8,TSRYS5870973,D,S,T,2024-08-30,1000000.00,4.232279,98.5625
08:20:34,912810UD8,TSRYS5870973,D,S,T,2024-08-30,1000000.00,4.232279,98.5625
08:20:34,912810UD8,TSRYS5870973,D,S,T,2024-08-30,1000000.00,4.232279,98.5625
08:20:36,912810UD8,TSRYS5870973,D,S,D,2024-08-30,1000000.00,4.2311,98.578125
08:20:36,912810UD8,TSRYS5870973,D,B,C,2024-08-30,1000000.00,4.2311,98.578125
08:20:36,912810UD8,TSRYS5870973,D,S,D,2024-08-30,1000000.00,4.2311,98.578125
08:20:36,912810UD8,TSRYS5870973,D,S,D,2024-08-30,1000000.00,4.2311,98.578125
08:20:36,912810UD8,TSRYS5870973,D,S,D,2024-08-30,1000000.00,4.2311,98.578125
08:20:36,912810UD8,TSRYS5870973,D,S,D,2024-08-30,1000000.00,4.2311,98.578125
08:20:36,912810UD8,TSRYS5870973,D,S,D,2024-08-30,1000000.00,4.2311,98.578125
08:20:36,912810UD8,TSRYS5870973,D,B,C,2024-08-30,1000000.00,4.231108,98.578025
08:20:36,912810UD8,TSRYS5870973,D,B,C,2024-08-30,1000000.00,4.2311,98.578125
08:20:36,912810UD8,TSRYS5870973,D,S,D,2024-08-30,1000000.00,4.2311,98.578125
08:20:36,912810UD8,TSRYS5870973,D,S,D,2024-08-30,1000000.00,4.2311,98.578125
08:20:36,912810UD8,TSRYS5870973,D,B,C,2024-08-30,1000000.00,4.2311,98.578125
08:20:51,912810UD8,TSRYS5870973,D,S,D,2024-08-30,1000000.00,4.2311,98.578125
08:20:51,912810UD8,TSRYS5870973,D,S,D,2024-08-30,1000000.00,4.2311,98.578125
08:20:51,912810UD8,TSRYS5870973,D,B,C,2024-08-30,1000000.00,4.2311,98.578125
08:21:05,912810UD8,TSRYS5870973,D,S,D,2024-08-30,1000000.00,4.232279,98.5625
08:21:05,912810UD8,TSRYS5870973,D,S,D,2024-08-30,1000000.00,4.232279,98.5625
08:21:05,912810UD8,TSRYS5870973,D,S,D,2024-08-30,1000000.00,4.232279,98.5625
08:21:05,912810UD8,TSRYS5870973,D,S,D,2024-08-30,1000000.00,4.232279,98.5625
08:21:05,912810UD8,TSRYS5870973,D,S,D,2024-08-30,1000000.00,4.232279,98.5625
08:21:23,912810UD8,TSRYS5870973,D,S,D,2024-08-30,1000000.00,4.232279,98.5625
08:21:23,912810UD8,TSRYS5870973,D,S,D,2024-08-30,1000000.00,4.232279,98.5625
08:21:23,912810UD8,TSRYS5870973,D,S,D,2024-08-30,1000000.00,4.232279,98.5625
08:21:23,912810UD8,TSRYS5870973,D,B,C,2024-08-30,1000000.00,4.232279,98.5625
08:21:23,912810UD8,TSRYS5870973,D,S,D,2024-08-30,1000000.00,4.232279,98.5625
08:21:23,912810UD8,TSRYS5870973,D,S,D,2024-08-30,1000000.00,4.232279,98.5625
08:22:07,912810UD8,TSRYS5870973,D,S,D,2024-08-30,1000000.00,4.229922,98.59375
08:22:07,912810UD8,TSRYS5870973,D,B,C,2024-08-30,1000000.00,4.229922,98.59375
08:22:07,912810UD8,TSRYS5870973,D,S,C,2024-08-30,1000000.00,4.229922,98.59375
08:22:07,912810UD8,TSRYS5870973,D,B,C,2024-08-30,1000000.00,4.229922,98.59375
08:24:33,912810UD8,TSRYS5870973,D,B,C,2024-08-30,8000000.00,4.229333,98.6015625
08:24:55,912810UD8,TSRYS5870973,D,S,D,2024-08-30,100000.00,4.228744,98.609375
08:25:35,912810UD8,TSRYS5870973,D,B,C,2024-08-30,1000000.00,4.226543,98.638571875
08:25:35,912810UD8,TSRYS5870973,D,S,D,2024-08-30,1000000.00,4.226536,98.638671875
08:25:39,912810UD8,TSRYS5870973,D,B,C,2024-08-30,1000000.00,4.227566,98.625
08:25:39,912810UD8,TSRYS5870973,D,S,D,2024-08-30,1000000.00,4.227566,98.625
08:25:40,912810UD8,TSRYS5870973,D,S,D,2024-08-30,1000000.00,4.226389,98.640625
08:25:40,912810UD8,TSRYS5870973,D,S,D,2024-08-30,1000000.00,4.22683,98.634765625
08:25:40,912810UD8,TSRYS5870973,D,B,C,2024-08-30,1000000.00,4.226389,98.64045
08:25:40,912810UD8,TSRYS5870973,D,S,D,2024-08-30,1000000.00,4.226389,98.640625
08:25:41,912810UD8,TSRYS5870973,D,S,C,2024-08-30,1000000.00,4.226389,98.640625
08:25:42,912810UD8,TSRYS5870973,D,S,T,2024-08-30,2000000.00,4.226389,98.640625
08:25:47,912810UD8,TSRYS5870973,D,S,T,2024-08-30,1000000.00,4.226389,98.640625
08:25:47,912810UD8,TSRYS5870973,D,S,T,2024-08-30,1000000.00,4.226389,98.640625
08:25:47,912810UD8,TSRYS5870973,D,S,T,2024-08-30,1000000.00,4.22683,98.634765625
08:25:47,912810UD8,TSRYS5870973,D,S,T,2024-08-30,1000000.00,4.226389,98.640625
08:25:47,912810UD8,TSRYS5870973,D,S,T,2024-08-30,1000000.00,4.226389,98.640625
08:25:49,912810UD8,TSRYS5870973,D,S,D,2024-08-30,100000.00,4.227566,98.625
08:26:25,912810UD8,TSRYS5870973,D,B,C,2024-08-30,1000000.00,4.226404,98.640425
08:26:25,912810UD8,TSRYS5870973,D,S,D,2024-08-30,1000000.00,4.226389,98.640625
08:26:25,912810UD8,TSRYS5870973,D,S,D,2024-08-30,1000000.00,4.226389,98.640625
08:26:25,912810UD8,TSRYS5870973,D,B,C,2024-08-30,1000000.00,4.226389,98.640625
08:26:40,912810UD8,TSRYS5870973,D,S,C,2024-08-30,1000000.00,4.226373,98.640825
08:26:54,912810UD8,TSRYS5870973,D,B,C,2024-08-30,1000000.00,4.226404,98.640425
08:26:54,912810UD8,TSRYS5870973,D,S,D,2024-08-30,1000000.00,4.226389,98.640625
08:26:54,912810UD8,TSRYS5870973,D,B,C,2024-08-30,1000000.00,4.226402,98.64045
08:27:09,912810UD8,TSRYS5870973,D,S,C,2024-08-30,1000000.00,4.226373,98.640825
08:27:09,912810UD8,TSRYS5870973,D,B,C,2024-08-30,1000000.00,4.226389,98.640625
08:27:24,912810UD8,TSRYS5870973,D,S,C,2024-08-30,1000000.00,4.226389,98.640625
08:27:24,912810UD8,TSRYS5870973,D,S,C,2024-08-30,1000000.00,4.226389,98.640625
08:27:24,912810UD8,TSRYS5870973,D,S,C,2024-08-30,2000000.00,4.226373,98.640825
08:27:36,912810UD8,TSRYS5870973,D,S,T,2024-08-30,1000000.00,4.228597,98.611328125
08:27:36,912810UD8,TSRYS5870973,D,S,C,2024-08-30,1000000.00,4.228597,98.611328125
08:27:39,912810UD8,TSRYS5870973,D,S,D,2024-08-30,1000000.00,4.229038,98.60546875
08:27:44,912810UD8,TSRYS5870973,D,S,C,2024-08-30,1000000.00,4.228302,98.615234375
08:27:44,912810UD8,TSRYS5870973,D,B,C,2024-08-30,1000000.00,4.228302,98.615234375
08:27:44,912810UD8,TSRYS5870973,D,S,T,2024-08-30,1000000.00,4.228302,98.615234375
08:27:44,912810UD8,TSRYS5870973,D,S,T,2024-08-30,1000000.00,4.228302,98.615234375
08:27:44,912810UD8,TSRYS5870973,D,S,T,2024-08-30,1000000.00,4.228302,98.615234375
08:27:44,912810UD8,TSRYS5870973,D,S,T,2024-08-30,1000000.00,4.228302,98.615234375
08:27:44,912810UD8,TSRYS5870973,D,S,T,2024-08-30,1000000.00,4.228302,98.615234375
08:27:44,912810UD8,TSRYS5870973,D,S,C,2024-08-30,1000000.00,4.228302,98.615234375
08:27:44,912810UD8,TSRYS5870973,D,S,T,2024-08-30,1000000.00,4.228302,98.615234375
08:27:44,912810UD8,TSRYS5870973,D,B,C,2024-08-30,1000000.00,4.228449,98.61328125
08:27:44,912810UD8,TSRYS5870973,D,S,C,2024-08-30,1000000.00,4.228449,98.61328125
08:27:44,912810UD8,TSRYS5870973,D,S,T,2024-08-30,1000000.00,4.228302,98.615234375
08:27:44,912810UD8,TSRYS5870973,D,S,C,2024-08-30,1000000.00,4.228302,98.615234375
08:27:45,912810UD8,TSRYS5870973,D,S,C,2024-08-30,1000000.00,4.228302,98.615234375
08:27:45,912810UD8,TSRYS5870973,D,S,C,2024-08-30,1000000.00,4.228302,98.615234375
08:27:45,912810UD8,TSRYS5870973,D,S,C,2024-08-30,1000000.00,4.228302,98.615234375
08:27:49,912810UD8,TSRYS5870973,D,S,C,2024-08-30,1000000.00,4.228302,98.615234375
08:27:53,912810UD8,TSRYS5870973,D,S,C,2024-08-30,1000000.00,4.228008,98.619140625
08:27:53,912810UD8,TSRYS5870973,D,S,T,2024-08-30,1000000.00,4.228008,98.619140625
08:27:53,912810UD8,TSRYS5870973,D,S,C,2024-08-30,1000000.00,4.228155,98.6171875
08:27:53,912810UD8,TSRYS5870973,D,S,T,2024-08-30,1000000.00,4.228008,98.619140625
08:27:53,912810UD8,TSRYS5870973,D,S,T,2024-08-30,1000000.00,4.228008,98.619140625
08:27:53,912810UD8,TSRYS5870973,D,S,T,2024-08-30,1000000.00,4.228008,98.619140625
08:27:53,912810UD8,TSRYS5870973,D,S,D,2024-08-30,1000000.00,4.228155,98.6171875
08:27:53,912810UD8,TSRYS5870973,D,S,C,2024-08-30,1000000.00,4.228008,98.619140625
08:27:53,912810UD8,TSRYS5870973,D,S,T,2024-08-30,1000000.00,4.228008,98.619140625
08:27:53,912810UD8,TSRYS5870973,D,S,T,2024-08-30,1000000.00,4.228008,98.619140625
08:27:54,912810UD8,TSRYS5870973,D,S,T,2024-08-30,1000000.00,4.228008,98.619140625
08:27:54,912810UD8,TSRYS5870973,D,S,T,2024-08-30,1000000.00,4.228008,98.619140625
08:27:54,912810UD8,TSRYS5870973,D,S,C,2024-08-30,1000000.00,4.228008,98.619140625
08:27:54,912810UD8,TSRYS5870973,D,S,C,2024-08-30,1000000.00,4.228008,98.619140625
08:27:54,912810UD8,TSRYS5870973,D,S,C,2024-08-30,1000000.00,4.228008,98.619140625
08:27:54,912810UD8,TSRYS5870973,D,S,C,2024-08-30,1000000.00,4.228008,98.619140625
08:27:54,912810UD8,TSRYS5870973,D,S,C,2024-08-30,1000000.00,4.228008,98.619140625
08:27:57,912810UD8,TSRYS5870973,D,S,D,2024-08-30,1000000.00,4.228744,98.609375
08:27:58,912810UD8,TSRYS5870973,D,S,C,2024-08-30,1000000.00,4.228008,98.619140625
08:27:58,912810UD8,TSRYS5870973,D,S,C,2024-08-30,1000000.00,4.228008,98.619140625
08:27:58,912810UD8,TSRYS5870973,D,B,C,2024-08-30,1000000.00,4.228008,98.619140625
08:28:11,912810UD8,TSRYS5870973,D,S,T,2024-08-30,1000000.00,4.228755,98.609225
08:28:11,912810UD8,TSRYS5870973,D,S,D,2024-08-30,1000000.00,4.228744,98.609375
08:28:16,912810UD8,TSRYS5870973,D,B,C,2024-08-30,1000000.00,4.227272,98.62890625
08:28:16,912810UD8,TSRYS5870973,D,S,D,2024-08-30,1000000.00,4.227272,98.62890625
08:28:17,912810UD8,TSRYS5870973,D,S,D,2024-08-30,1000000.00,4.227272,98.62890625
08:28:19,912810UD8,TSRYS5870973,D,S,T,2024-08-30,1000000.00,4.227272,98.62890625
08:28:19,912810UD8,TSRYS5870973,D,S,T,2024-08-30,1000000.00,4.227419,98.626953125
08:28:19,912810UD8,TSRYS5870973,D,S,T,2024-08-30,1000000.00,4.228008,98.619140625
08:28:24,912810UD8,TSRYS5870973,D,S,C,2024-08-30,1000000.00,4.227272,98.62890625
08:28:24,912810UD8,TSRYS5870973,D,S,C,2024-08-30,1000000.00,4.227419,98.626953125
08:28:24,912810UD8,TSRYS5870973,D,S,D,2024-08-30,1000000.00,4.228008,98.619140625
08:28:25,912810UD8,TSRYS5870973,D,S,C,2024-08-30,1000000.00,4.228302,98.61523437
08:28:26,912810UD8,TSRYS5870973,D,S,C,2024-08-30,1000000.00,4.228729,98.609575
08:28:28,912810UD8,TSRYS5870973,D,S,C,2024-08-30,1000000.00,4.227124,98.630859375
08:28:29,912810UD8,TSRYS5870973,D,S,D,2024-08-30,1000000.00,4.226977,98.6328125
08:28:29,912810UD8,TSRYS5870973,D,S,T,2024-08-30,1000000.00,4.227124,98.630859375
08:28:30,912810UD8,TSRYS5870973,D,S,C,2024-08-30,1000000.00,4.226977,98.6328125
08:28:30,912810UD8,TSRYS5870973,D,S,T,2024-08-30,1000000.00,4.226977,98.6328125
08:28:33,912810UD8,TSRYS5870973,D,S,T,2024-08-30,1000000.00,4.226977,98.6328125
08:28:33,912810UD8,TSRYS5870973,D,B,C,2024-08-30,1000000.00,4.228449,98.61328125
08:28:33,912810UD8,TSRYS5870973,D,S,D,2024-08-30,1000000.00,4.228449,98.61328125
08:28:33,912810UD8,TSRYS5870973,D,S,C,2024-08-30,1000000.00,4.22786,98.62109375
08:28:33,912810UD8,TSRYS5870973,D,S,C,2024-08-30,1000000.00,4.226977,98.6328125
08:28:33,912810UD8,TSRYS5870973,D,S,C,2024-08-30,1000000.00,4.22786,98.62109375
08:28:33,912810UD8,TSRYS5870973,D,S,C,2024-08-30,1000000.00,4.22786,98.62109375
08:28:33,912810UD8,TSRYS5870973,D,S,T,2024-08-30,1000000.00,4.227566,98.625
08:28:33,912810UD8,TSRYS5870973,D,S,T,2024-08-30,1000000.00,4.227566,98.625
08:28:33,912810UD8,TSRYS5870973,D,S,T,2024-08-30,1000000.00,4.227419,98.626953125
08:28:33,912810UD8,TSRYS5870973,D,S,D,2024-08-30,1000000.00,4.22786,98.62109375
08:28:33,912810UD8,TSRYS5870973,D,B,C,2024-08-30,1000000.00,4.227272,98.62890625
08:28:33,912810UD8,TSRYS5870973,D,S,T,2024-08-30,1000000.00,4.227566,98.625
08:28:33,912810UD8,TSRYS5870973,D,S,C,2024-08-30,1000000.00,4.227272,98.62890625
08:28:33,912810UD8,TSRYS5870973,D,S,D,2024-08-30,1000000.00,4.22786,98.62109375
08:28:33,912810UD8,TSRYS5870973,D,S,C,2024-08-30,1000000.00,4.227272,98.62890625
08:28:33,912810UD8,TSRYS5870973,D,S,C,2024-08-30,1000000.00,4.227272,98.62890625
08:28:33,912810UD8,TSRYS5870973,D,S,D,2024-08-30,1000000.00,4.22786,98.62109375
08:28:33,912810UD8,TSRYS5870973,D,S,T,2024-08-30,1000000.00,4.227713,98.623046875
08:28:33,912810UD8,TSRYS5870973,D,S,T,2024-08-30,1000000.00,4.227713,98.623046875
08:28:33,912810UD8,TSRYS5870973,D,S,C,2024-08-30,1000000.00,4.227566,98.625
08:28:34,912810UD8,TSRYS5870973,D,S,D,2024-08-30,1000000.00,4.227272,98.62890625
08:28:34,912810UD8,TSRYS5870973,D,S,D,2024-08-30,1000000.00,4.228449,98.61328125
08:28:34,912810UD8,TSRYS5870973,D,S,D,2024-08-30,1000000.00,4.22786,98.62109375
08:28:35,912810UD8,TSRYS5870973,D,S,T,2024-08-30,1000000.00,4.228744,98.609375
08:28:35,912810UD8,TSRYS5870973,D,S,T,2024-08-30,1000000.00,4.228744,98.609375
08:28:35,912810UD8,TSRYS5870973,D,S,T,2024-08-30,1000000.00,4.228744,98.609375
08:28:35,912810UD8,TSRYS5870973,D,S,D,2024-08-30,1000000.00,4.227272,98.62890625
08:28:35,912810UD8,TSRYS5870973,D,S,D,2024-08-30,1000000.00,4.22786,98.62109375
08:28:35,912810UD8,TSRYS5870973,D,S,T,2024-08-30,1000000.00,4.227566,98.625
08:28:36,912810UD8,TSRYS5870973,D,S,D,2024-08-30,1000000.00,4.22786,98.62109375
08:28:36,912810UD8,TSRYS5870973,D,S,D,2024-08-30,1000000.00,4.227272,98.62890625
08:28:37,912810UD8,TSRYS5870973,D,S,T,2024-08-30,1000000.00,4.227566,98.625
08:28:37,912810UD8,TSRYS5870973,D,S,D,2024-08-30,1000000.00,4.227272,98.62890625
08:28:38,912810UD8,TSRYS5870973,D,S,C,2024-08-30,1000000.00,4.227713,98.623046875
08:28:38,912810UD8,TSRYS5870973,D,S,C,2024-08-30,1000000.00,4.227713,98.623046875
08:28:38,912810UD8,TSRYS5870973,D,S,C,2024-08-30,1000000.00,4.227566,98.625
08:28:38,912810UD8,TSRYS5870973,D,S,C,2024-08-30,1000000.00,4.227566,98.625
08:28:38,912810UD8,TSRYS5870973,D,S,C,2024-08-30,1000000.00,4.227419,98.626953125
08:28:43,912810UD8,TSRYS5870973,D,S,D,2024-08-30,1000000.00,4.227566,98.625
08:28:43,912810UD8,TSRYS5870973,D,S,D,2024-08-30,1000000.00,4.227566,98.625
08:28:43,912810UD8,TSRYS5870973,D,S,T,2024-08-30,1000000.00,4.228744,98.609375
08:28:43,912810UD8,TSRYS5870973,D,B,C,2024-08-30,1000000.00,4.227566,98.625
08:28:43,912810UD8,TSRYS5870973,D,B,C,2024-08-30,1000000.00,4.227566,98.625
08:28:43,912810UD8,TSRYS5870973,D,S,D,2024-08-30,1000000.00,4.227566,98.625
08:28:43,912810UD8,TSRYS5870973,D,B,C,2024-08-30,1000000.00,4.227566,98.625
08:28:43,912810UD8,TSRYS5870973,D,B,C,2024-08-30,1000000.00,4.227566,98.625
08:28:43,912810UD8,TSRYS5870973,D,S,D,2024-08-30,1000000.00,4.227566,98.625
08:28:43,912810UD8,TSRYS5870973,D,S,T,2024-08-30,1000000.00,4.228744,98.609375
08:28:43,912810UD8,TSRYS5870973,D,S,D,2024-08-30,1000000.00,4.228744,98.609375
08:28:43,912810UD8,TSRYS5870973,D,S,T,2024-08-30,1000000.00,4.228744,98.609375
08:28:47,912810UD8,TSRYS5870973,D,S,D,2024-08-30,1000000.00,4.226977,98.6328125
08:28:47,912810UD8,TSRYS5870973,D,S,T,2024-08-30,1000000.00,4.226977,98.6328125
08:28:47,912810UD8,TSRYS5870973,D,S,D,2024-08-30,1000000.00,4.226977,98.6328125
08:28:56,912810UD8,TSRYS5870973,D,S,C,2024-08-30,1000000.00,4.227566,98.625
08:29:10,912810UD8,TSRYS5870973,D,S,D,2024-08-30,1000000.00,4.227566,98.625
08:29:10,912810UD8,TSRYS5870973,D,S,C,2024-08-30,1000000.00,4.228729,98.609575
08:29:10,912810UD8,TSRYS5870973,D,S,D,2024-08-30,1000000.00,4.228744,98.609375
08:29:10,912810UD8,TSRYS5870973,D,S,C,2024-08-30,1000000.00,4.228729,98.609575
08:29:10,912810UD8,TSRYS5870973,D,S,C,2024-08-30,1000000.00,4.228744,98.609375
08:29:25,912810UD8,TSRYS5870973,D,S,D,2024-08-30,1000000.00,4.228744,98.609375
08:29:29,912810UD8,TSRYS5870973,D,S,D,2024-08-30,1000000.00,4.229038,98.60546875
08:29:29,912810UD8,TSRYS5870973,D,S,D,2024-08-30,1000000.00,4.229038,98.60546875
08:29:42,912810UD8,TSRYS5870973,D,S,D,2024-08-30,100000.00,4.228744,98.609375
08:29:42,912810UD8,TSRYS5870973,D,B,A,2024-08-30,100000.00,4.228744,98.609375
08:29:47,912810UD8,TSRYS5870973,D,S,T,2024-08-30,1000000.00,4.2311,98.578125
08:30:26,912810UD8,TSRYS5870973,D,S,T,2024-08-30,1000000.00,4.229922,98.59375
08:30:26,912810UD8,TSRYS5870973,D,S,T,2024-08-30,1000000.00,4.229922,98.59375
08:30:26,912810UD8,TSRYS5870973,D,S,T,2024-08-30,1000000.00,4.229922,98.59375
08:30:26,912810UD8,TSRYS5870973,D,S,T,2024-08-30,1000000.00,4.229922,98.59375
08:30:26,912810UD8,TSRYS5870973,D,S,D,2024-08-30,1000000.00,4.2311,98.578125
08:30:26,912810UD8,TSRYS5870973,D,S,T,2024-08-30,1000000.00,4.2311,98.578125
08:30:28,912810UD8,TSRYS5870973,D,B,C,2024-08-30,38000000.00,4.22801,98.61911
08:30:37,912810UD8,TSRYS5870973,D,S,D,2024-08-30,170000.00,4.227272,98.62890625
08:30:37,912810UD8,TSRYS5870973,D,B,C,2024-08-30,170000.00,4.228449,98.61328125
08:30:37,912810UD8,TSRYS5870973,D,S,T,2024-08-30,1000000.00,4.227566,98.625
08:30:37,912810UD8,TSRYS5870973,D,S,T,2024-08-30,1000000.00,4.227566,98.625
08:30:40,912810UD8,TSRYS5870973,D,S,D,2024-08-30,1000000.00,4.227272,98.62890625
08:30:41,912810UD8,TSRYS5870973,D,B,C,2024-08-30,1000000.00,4.227272,98.62890625
08:30:41,912810UD8,TSRYS5870973,D,S,C,2024-08-30,1000000.00,4.227566,98.625
08:30:41,912810UD8,TSRYS5870973,D,S,C,2024-08-30,1000000.00,4.227566,98.625
08:30:42,912810UD8,TSRYS5870973,D,S,D,2024-08-30,1000000.00,4.227566,98.625
08:30:42,912810UD8,TSRYS5870973,D,S,D,2024-08-30,1000000.00,4.227566,98.625
08:30:57,912810UD8,TSRYS5870973,D,S,C,2024-08-30,1000000.00,4.229922,98.59375
08:30:57,912810UD8,TSRYS5870973,D,S,C,2024-08-30,1000000.00,4.229922,98.59375
08:30:57,912810UD8,TSRYS5870973,D,S,C,2024-08-30,1000000.00,4.229922,98.59375
08:31:03,912810UD8,TSRYS5870973,D,S,T,2024-08-30,1000000.00,4.227566,98.625
08:31:13,912810UD8,TSRYS5870973,D,S,T,2024-08-30,1000000.00,4.228744,98.609375
08:31:14,912810UD8,TSRYS5870973,D,S,D,2024-08-30,1000000.00,4.2311,98.578125
08:31:14,912810UD8,TSRYS5870973,D,S,C,2024-08-30,1000000.00,4.229922,98.59375
08:31:23,912810UD8,TSRYS5870973,D,S,C,2024-08-30,1000000.00,4.230953,98.580078125
08:31:24,912810UD8,TSRYS5870973,D,B,C,2024-08-30,1000000.00,4.230964,98.579928125
08:31:42,912810UD8,TSRYS5870973,D,S,D,2024-08-30,1000000.00,4.227566,98.625
08:31:43,912810UD8,TSRYS5870973,D,S,C,2024-08-30,1000000.00,4.227568,98.625
08:31:43,912810UD8,TSRYS5870973,D,B,A,2024-08-30,1000000.00,4.227568,98.625
08:32:08,912810UD8,TSRYS5870973,D,S,D,2024-08-30,1000000.00,4.236995,98.5
08:32:14,912810UD8,TSRYS5870973,D,S,T,2024-08-30,1000000.00,4.238175,98.484375
08:32:15,912810UD8,TSRYS5870973,D,S,C,2024-08-30,1000000.00,4.228731,98.60955
08:32:52,912810UD8,TSRYS5870973,D,S,D,2024-08-30,1000000.00,4.234636,98.53125
08:32:52,912810UD8,TSRYS5870973,D,S,T,2024-08-30,1000000.00,4.234194,98.537109375
08:32:53,912810UD8,TSRYS5870973,D,S,C,2024-08-30,1000000.00,4.234636,98.53125
08:32:53,912810UD8,TSRYS5870973,D,S,C,2024-08-30,1000000.00,4.234194,98.537109375
08:32:55,912810UD8,TSRYS5870973,D,S,D,2024-08-30,1000000.00,4.235521,98.51953125
08:32:55,912810UD8,TSRYS5870973,D,S,C,2024-08-30,1000000.00,4.235521,98.51953125
08:32:58,912810UD8,TSRYS5870973,D,S,C,2024-08-30,1000000.00,4.238175,98.484375
08:33:20,912810UD8,TSRYS5870973,D,S,T,2024-08-30,1000000.00,4.236553,98.505859375
08:33:21,912810UD8,TSRYS5870973,D,S,D,2024-08-30,1000000.00,4.236553,98.505859375
08:33:50,912810UD8,TSRYS5870973,D,S,D,2024-08-30,1000000.00,4.234931,98.52734375
08:33:50,912810UD8,TSRYS5870973,D,S,C,2024-08-30,1000000.00,4.234931,98.52734375
08:34:01,912810UD8,TSRYS5870973,D,S,T,2024-08-30,1000000.00,4.2367,98.50390625
08:34:01,912810UD8,TSRYS5870973,D,S,D,2024-08-30,1000000.00,4.2367,98.50390625
08:34:03,912810UD8,TSRYS5870973,D,S,T,2024-08-30,1000000.00,4.238322,98.482421875
08:34:03,912810UD8,TSRYS5870973,D,S,T,2024-08-30,1000000.00,4.238027,98.486328125
08:34:03,912810UD8,TSRYS5870973,D,S,D,2024-08-30,1000000.00,4.238027,98.486328125
08:34:03,912810UD8,TSRYS5870973,D,S,D,2024-08-30,1000000.00,4.238322,98.482421875
08:34:24,912810UD8,TSRYS5870973,D,S,D,2024-08-30,100000.00,4.235521,98.51953125
08:34:24,912810UD8,TSRYS5870973,D,B,A,2024-08-30,100000.00,4.235521,98.51953125
08:34:44,912810UD8,TSRYS5870973,D,S,D,2024-08-30,100000.00,4.235226,98.5234375
08:34:44,912810UD8,TSRYS5870973,D,B,A,2024-08-30,100000.00,4.235226,98.5234375
08:34:54,912810UD8,TSRYS5870973,D,S,D,2024-08-30,100000.00,4.234931,98.52734375
08:34:54,912810UD8,TSRYS5870973,D,B,A,2024-08-30,100000.00,4.234931,98.52734375
08:34:55,912810UD8,TSRYS5870973,D,S,D,2024-08-30,2000000.00,4.241117,98.4454125
08:34:55,912810UD8,TSRYS5870973,D,S,D,2024-08-30,2000000.00,4.241125,98.4453125
08:34:56,912810UD8,TSRYS5870973,D,S,D,2024-08-30,1000000.00,4.241125,98.4453125
08:34:56,912810UD8,TSRYS5870973,D,S,D,2024-08-30,2000000.00,4.241125,98.4453125
08:34:56,912810UD8,TSRYS5870973,D,S,T,2024-08-30,2000000.00,4.241125,98.4453125
08:34:56,912810UD8,TSRYS5870973,D,S,D,2024-08-30,1000000.00,4.241125,98.4453125
08:34:57,912810UD8,TSRYS5870973,D,S,T,2024-08-30,1000000.00,4.243634,98.412109375
08:34:58,912810UD8,TSRYS5870973,D,S,D,2024-08-30,1000000.00,4.243634,98.412109375
08:35:00,912810UD8,TSRYS5870973,D,S,T,2024-08-30,1000000.00,4.245258,98.390625
08:35:00,912810UD8,TSRYS5870973,D,S,T,2024-08-30,1000000.00,4.24452,98.400390625
08:35:00,912810UD8,TSRYS5870973,D,S,T,2024-08-30,1000000.00,4.245553,98.38671875
08:35:00,912810UD8,TSRYS5870973,D,S,D,2024-08-30,1000000.00,4.24452,98.400390625
08:35:00,912810UD8,TSRYS5870973,D,S,T,2024-08-30,1000000.00,4.247325,98.36328125
08:35:01,912810UD8,TSRYS5870973,D,S,D,2024-08-30,1000000.00,4.245553,98.38671875
08:35:01,912810UD8,TSRYS5870973,D,S,D,2024-08-30,1000000.00,4.247325,98.36328125
08:35:04,912810UD8,TSRYS5870973,D,S,C,2024-08-30,5000000.00,4.241072,98.4460125
08:35:05,912810UD8,TSRYS5870973,D,S,C,2024-08-30,1000000.00,4.247473,98.361328125
08:35:05,912810UD8,TSRYS5870973,D,S,D,2024-08-30,1000000.00,4.247473,98.361328125
08:35:05,912810UD8,TSRYS5870973,D,S,D,2024-08-30,1000000.00,4.247621,98.359375
08:35:06,912810UD8,TSRYS5870973,D,S,C,2024-08-30,1000000.00,4.247916,98.35546875
08:35:08,912810UD8,TSRYS5870973,D,S,D,2024-08-30,1000000.00,4.248212,98.3515625
08:35:08,912810UD8,TSRYS5870973,D,S,D,2024-08-30,1000000.00,4.248212,98.3515625
08:35:10,912810UD8,TSRYS5870973,D,S,D,2024-08-30,1000000.00,4.248212,98.3515625
08:35:10,912810UD8,TSRYS5870973,D,S,D,2024-08-30,1000000.00,4.248212,98.3515625
08:35:11,912810UD8,TSRYS5870973,D,S,D,2024-08-30,1000000.00,4.248064,98.353515625
08:35:11,912810UD8,TSRYS5870973,D,S,D,2024-08-30,1000000.00,4.248212,98.3515625
08:35:11,912810UD8,TSRYS5870973,D,S,D,2024-08-30,2000000.00,4.248212,98.3515625
08:35:11,912810UD8,TSRYS5870973,D,S,T,2024-08-30,2000000.00,4.248212,98.3515625
08:35:11,912810UD8,TSRYS5870973,D,S,D,2024-08-30,2000000.00,4.248212,98.3515625
