tradeTime,cusip,issueSymbolIdentifier,priceType,reportingSideCode,contraPartyTypeCode,tradeDate,reportedTradeVolume,lastSaleYield,lastSalePrice
08:00:01,912810UD8,TSRYS5870973,D,S,T,2024-09-23,1000000.00,4.143888,99.7421875
08:00:01,912810UD8,TSRYS5870973,D,S,T,2024-09-23,1000000.00,4.142435,99.76171875
08:00:01,912810UD8,TSRYS5870973,D,S,T,2024-09-23,1000000.00,4.134739,99.865234375
08:00:03,912810UD8,TSRYS5870973,D,S,D,2024-09-23,1000000.00,4.133143,99.88671875
08:00:03,912810UD8,TSRYS5870973,D,S,D,2024-09-23,1000000.00,4.131692,99.90625
08:00:03,912810UD8,TSRYS5870973,D,S,D,2024-09-23,1000000.00,4.131692,99.90625
08:00:03,912810UD8,TSRYS5870973,D,S,D,2024-09-23,1000000.00,4.131692,99.90625
08:00:03,912810UD8,TSRYS5870973,D,S,D,2024-09-23,1000000.00,4.132998,99.888671875
08:00:03,912810UD8,TSRYS5870973,D,S,T,2024-09-23,1000000.00,4.132998,99.888671875
08:00:03,912810UD8,TSRYS5870973,D,S,D,2024-09-23,1000000.00,4.133143,99.88671875
08:00:03,912810UD8,TSRYS5870973,D,S,T,2024-09-23,1000000.00,4.133143,99.88671875
08:00:03,912810UD8,TSRYS5870973,D,S,D,2024-09-23,1000000.00,4.133143,99.88671875
08:00:03,912810UD8,TSRYS5870973,D,S,D,2024-09-23,1000000.00,4.133143,99.88671875
08:00:03,912810UD8,TSRYS5870973,D,S,T,2024-09-23,1000000.00,4.133143,99.88671875
08:00:03,912810UD8,TSRYS5870973,D,S,D,2024-09-23,1000000.00,4.132998,99.888671875
08:00:03,912810UD8,TSRYS5870973,D,S,D,2024-09-23,1000000.00,4.128792,99.9453125
08:00:03,912810UD8,TSRYS5870973,D,S,D,2024-09-23,1000000.00,4.128792,99.9453125
08:00:03,912810UD8,TSRYS5870973,D,S,D,2024-09-23,1000000.00,4.127343,99.96484375
08:00:03,912810UD8,TSRYS5870973,D,S,T,2024-09-23,1000000.00,4.127343,99.96484375
08:00:03,912810UD8,TSRYS5870973,D,S,D,2024-09-23,1000000.00,4.127343,99.96484375
08:00:03,912810UD8,TSRYS5870973,D,S,D,2024-09-23,1000000.00,4.127488,99.962890625
08:00:03,912810UD8,TSRYS5870973,D,S,T,2024-09-23,1000000.00,4.127488,99.962890625
08:00:03,912810UD8,TSRYS5870973,D,S,D,2024-09-23,1000000.00,4.125894,99.984375
08:00:03,912810UD8,TSRYS5870973,D,S,D,2024-09-23,1000000.00,4.126184,99.98046875
08:00:03,912810UD8,TSRYS5870973,D,S,T,2024-09-23,1000000.00,4.128357,99.951171875
08:00:03,912810UD8,TSRYS5870973,D,S,D,2024-09-23,1000000.00,4.130532,99.921875
08:00:03,912810UD8,TSRYS5870973,D,S,D,2024-09-23,1000000.00,4.134013,99.875
08:00:03,912810UD8,TSRYS5870973,D,S,D,2024-09-23,1000000.00,4.133868,99.876953125
08:00:03,912810UD8,TSRYS5870973,D,S,T,2024-09-23,1000000.00,4.133868,99.876953125
08:00:03,912810UD8,TSRYS5870973,D,S,D,2024-09-23,1000000.00,4.133723,99.87890625
08:00:03,912810UD8,TSRYS5870973,D,S,D,2024-09-23,1000000.00,4.133723,99.87890625
08:00:03,912810UD8,TSRYS5870973,D,S,D,2024-09-23,1000000.00,4.132272,99.8984375
08:00:03,912810UD8,TSRYS5870973,D,S,T,2024-09-23,1000000.00,4.13561,99.853515625
08:00:03,912810UD8,TSRYS5870973,D,S,D,2024-09-23,1000000.00,4.135464,99.85546875
08:00:03,912810UD8,TSRYS5870973,D,S,D,2024-09-23,1000000.00,4.135174,99.859375
08:00:03,912810UD8,TSRYS5870973,D,S,C,2024-09-23,60000.00,4.138803,99.81888020833
08:00:03,912810UD8,TSRYS5870973,D,S,C,2024-09-23,100000.00,4.138803,99.815546875
08:00:03,912810UD8,TSRYS5870973,D,S,D,2024-09-23,1000000.00,4.139239,99.8046875
08:00:03,912810UD8,TSRYS5870973,D,S,D,2024-09-23,1000000.00,4.139239,99.8046875
08:00:03,912810UD8,TSRYS5870973,D,S,D,2024-09-23,1000000.00,4.139239,99.8046875
08:00:03,912810UD8,TSRYS5870973,D,S,D,2024-09-23,1000000.00,4.139239,99.8046875
08:00:03,912810UD8,TSRYS5870973,D,S,D,2024-09-23,1000000.00,4.139239,99.8046875
08:00:03,912810UD8,TSRYS5870973,D,S,D,2024-09-23,1000000.00,4.139239,99.8046875
08:00:03,912810UD8,TSRYS5870973,D,S,D,2024-09-23,1000000.00,4.136916,99.8359375
08:00:03,912810UD8,TSRYS5870973,D,S,T,2024-09-23,1000000.00,4.137351,99.830078125
08:00:03,912810UD8,TSRYS5870973,D,S,D,2024-09-23,1000000.00,4.139965,99.794921875
08:00:03,912810UD8,TSRYS5870973,D,S,T,2024-09-23,1000000.00,4.139965,99.794921875
08:00:03,912810UD8,TSRYS5870973,D,S,T,2024-09-23,1000000.00,4.140111,99.79296875
08:00:03,912810UD8,TSRYS5870973,D,S,T,2024-09-23,1000000.00,4.139239,99.8046875
08:00:03,912810UD8,TSRYS5870973,D,S,D,2024-09-23,1000000.00,4.139239,99.8046875
08:00:03,912810UD8,TSRYS5870973,D,S,D,2024-09-23,1000000.00,4.139239,99.8046875
08:00:06,912810UD8,TSRYS5870973,D,S,C,2024-09-23,10000.00,4.142435,99.81171875
08:00:08,912810UD8,TSRYS5870973,D,S,C,2024-09-23,200000.00,4.127893,99.95743125
08:00:11,912810UD8,TSRYS5870973,D,S,D,2024-09-23,1000000.00,4.137497,99.828125
08:00:12,912810UD8,TSRYS5870973,D,S,T,2024-09-23,1000000.00,4.145633,99.71875
08:00:12,912810UD8,TSRYS5870973,D,S,T,2024-09-23,1000000.00,4.146796,99.703125
08:00:12,912810UD8,TSRYS5870973,D,S,T,2024-09-23,1000000.00,4.132853,99.890625
08:00:12,912810UD8,TSRYS5870973,D,S,T,2024-09-23,1000000.00,4.135174,99.859375
08:00:13,912810UD8,TSRYS5870973,D,S,C,2024-09-23,10000000.00,4.140401,99.7890625
08:00:16,912810UD8,TSRYS5870973,D,S,D,2024-09-23,60000.00,4.138949,99.80859375
08:00:16,912810UD8,TSRYS5870973,D,S,D,2024-09-23,100000.00,4.138949,99.80859375
08:00:16,912810UD8,TSRYS5870973,D,S,C,2024-09-23,200000.00,4.146475,99.70993125
08:00:16,912810UD8,TSRYS5870973,D,S,C,2024-09-23,100000.00,4.145603,99.72415
08:00:17,912810UD8,TSRYS5870973,D,S,D,2024-09-23,200000.00,,99.95743125
08:00:19,912810UD8,TSRYS5870973,D,S,D,2024-09-23,1000000.00,4.132853,99.890625
08:00:20,912810UD8,TSRYS5870973,D,S,D,2024-09-23,1000000.00,4.127053,99.96875
08:00:20,912810UD8,TSRYS5870973,D,S,D,2024-09-23,2000000.00,4.127053,99.96875
08:00:20,912810UD8,TSRYS5870973,D,S,D,2024-09-23,1000000.00,4.129082,99.94140625
08:00:20,912810UD8,TSRYS5870973,D,S,D,2024-09-23,1000000.00,4.128213,99.953125
08:00:20,912810UD8,TSRYS5870973,D,S,D,2024-09-23,1000000.00,4.128792,99.9453125
08:00:20,912810UD8,TSRYS5870973,D,S,D,2024-09-23,2000000.00,4.128213,99.953125
08:00:20,912810UD8,TSRYS5870973,D,S,D,2024-09-23,1000000.00,4.128792,99.9453125
08:00:20,912810UD8,TSRYS5870973,D,S,D,2024-09-23,1000000.00,4.128502,99.94921875
08:00:25,912810UD8,TSRYS5870973,D,S,D,2024-09-23,1000000.00,4.135755,99.8515625
08:00:25,912810UD8,TSRYS5870973,D,S,D,2024-09-23,1000000.00,4.136045,99.84765625
08:00:25,912810UD8,TSRYS5870973,D,S,D,2024-09-23,1000000.00,4.135174,99.859375
08:00:25,912810UD8,TSRYS5870973,D,S,A,2024-09-23,40000000.00,4.131692,99.90625
08:00:26,912810UD8,TSRYS5870973,D,S,D,2024-09-23,1000000.00,4.135464,99.85546875
08:00:26,912810UD8,TSRYS5870973,D,S,C,2024-09-23,100000.00,4.141243,99.78274375
08:00:26,912810UD8,TSRYS5870973,D,S,C,2024-09-23,1000.00,4.140371,100.2894625
08:00:26,912810UD8,TSRYS5870973,D,S,C,2024-09-23,300000.00,4.139965,99.796921875
08:00:26,912810UD8,TSRYS5870973,D,S,C,2024-09-23,100000.00,4.140371,99.7944625
08:00:26,912810UD8,TSRYS5870973,D,S,D,2024-09-23,300000.00,4.139559,99.80038125
08:00:26,912810UD8,TSRYS5870973,D,B,C,2024-09-23,300000.00,4.139559,99.79838125
08:00:26,912810UD8,TSRYS5870973,D,S,D,2024-09-23,1000000.00,4.13953,99.80078125
08:00:26,912810UD8,TSRYS5870973,D,S,D,2024-09-23,1000000.00,4.13953,99.80078125
08:00:26,912810UD8,TSRYS5870973,D,S,T,2024-09-23,1000000.00,4.132853,99.890625
08:00:26,912810UD8,TSRYS5870973,D,S,T,2024-09-23,1000000.00,4.132853,99.890625
08:00:26,912810UD8,TSRYS5870973,D,S,T,2024-09-23,1000000.00,4.132853,99.890625
08:00:26,912810UD8,TSRYS5870973,D,S,T,2024-09-23,1000000.00,4.132853,99.890625
08:00:26,912810UD8,TSRYS5870973,D,S,T,2024-09-23,1000000.00,4.135174,99.859375
08:00:26,912810UD8,TSRYS5870973,D,S,T,2024-09-23,1000000.00,4.135174,99.859375
08:00:27,912810UD8,TSRYS5870973,D,S,T,2024-09-23,1000000.00,4.143452,99.748046875
08:00:27,912810UD8,TSRYS5870973,D,S,D,2024-09-23,2000000.00,4.131692,99.90625
08:00:27,912810UD8,TSRYS5870973,D,S,A,2024-09-23,363000.00,4.125894,99.984375
08:00:28,912810UD8,TSRYS5870973,D,S,A,2024-09-23,350000.00,4.128213,99.953125
08:00:28,912810UD8,TSRYS5870973,D,S,A,2024-09-23,350000.00,4.128213,99.953125
08:00:29,912810UD8,TSRYS5870973,D,S,D,2024-09-23,2000000.00,4.13982,99.796875
08:00:29,912810UD8,TSRYS5870973,D,S,D,2024-09-23,1000000.00,4.136335,99.84375
08:00:29,912810UD8,TSRYS5870973,D,S,D,2024-09-23,1000000.00,4.13953,99.80078125
08:00:30,912810UD8,TSRYS5870973,D,S,T,2024-09-23,1000000.00,4.138658,99.8125
08:00:30,912810UD8,TSRYS5870973,D,S,T,2024-09-23,1000000.00,4.143743,99.744140625
08:00:30,912810UD8,TSRYS5870973,D,S,T,2024-09-23,1000000.00,4.143598,99.74609375
08:00:30,912810UD8,TSRYS5870973,D,S,T,2024-09-23,1000000.00,4.143452,99.748046875
08:00:30,912810UD8,TSRYS5870973,D,S,T,2024-09-23,1000000.00,4.143307,99.75
08:00:30,912810UD8,TSRYS5870973,D,S,T,2024-09-23,1000000.00,4.142435,99.76171875
08:00:30,912810UD8,TSRYS5870973,D,S,T,2024-09-23,1000000.00,4.142144,99.765625
08:00:30,912810UD8,TSRYS5870973,D,S,T,2024-09-23,1000000.00,4.14229,99.763671875
08:00:30,912810UD8,TSRYS5870973,D,S,T,2024-09-23,1000000.00,4.132853,99.890625
08:00:30,912810UD8,TSRYS5870973,D,S,D,2024-09-23,1000000.00,4.137497,99.828125
08:00:30,912810UD8,TSRYS5870973,D,S,T,2024-09-23,1000000.00,4.129372,99.9375
08:00:30,912810UD8,TSRYS5870973,D,S,T,2024-09-23,1000000.00,4.132853,99.890625
08:00:30,912810UD8,TSRYS5870973,D,S,T,2024-09-23,1000000.00,4.132853,99.890625
08:00:30,912810UD8,TSRYS5870973,D,S,T,2024-09-23,1000000.00,4.132853,99.890625
08:00:30,912810UD8,TSRYS5870973,D,S,T,2024-09-23,1000000.00,4.132853,99.890625
08:00:30,912810UD8,TSRYS5870973,D,S,T,2024-09-23,1000000.00,4.132853,99.890625
08:00:30,912810UD8,TSRYS5870973,D,S,T,2024-09-23,1000000.00,4.132853,99.890625
08:00:30,912810UD8,TSRYS5870973,D,S,T,2024-09-23,1000000.00,4.132853,99.890625
08:00:30,912810UD8,TSRYS5870973,D,S,T,2024-09-23,1000000.00,4.132853,99.890625
08:00:30,912810UD8,TSRYS5870973,D,S,T,2024-09-23,1000000.00,4.131692,99.90625
08:00:30,912810UD8,TSRYS5870973,D,S,T,2024-09-23,1000000.00,4.131692,99.90625
08:00:30,912810UD8,TSRYS5870973,D,S,T,2024-09-23,2000000.00,4.131692,99.90625
08:00:30,912810UD8,TSRYS5870973,D,S,D,2024-09-23,1000000.00,4.131692,99.90625
08:00:30,912810UD8,TSRYS5870973,D,S,T,2024-09-23,1000000.00,4.131692,99.90625
08:00:30,912810UD8,TSRYS5870973,D,S,T,2024-09-23,1000000.00,4.131692,99.90625
08:00:30,912810UD8,TSRYS5870973,D,S,D,2024-09-23,1000000.00,4.131692,99.90625
08:00:30,912810UD8,TSRYS5870973,D,S,D,2024-09-23,2000000.00,4.131692,99.90625
08:00:30,912810UD8,TSRYS5870973,D,S,T,2024-09-23,1000000.00,4.131692,99.90625
08:00:30,912810UD8,TSRYS5870973,D,S,T,2024-09-23,1000000.00,4.131692,99.90625
08:00:30,912810UD8,TSRYS5870973,D,S,T,2024-09-23,1000000.00,4.128213,99.953125
08:00:30,912810UD8,TSRYS5870973,D,S,T,2024-09-23,1000000.00,4.130387,99.923828125
08:00:30,912810UD8,TSRYS5870973,D,S,T,2024-09-23,1000000.00,4.127343,99.96484375
08:00:30,912810UD8,TSRYS5870973,D,S,T,2024-09-23,1000000.00,4.125894,99.984375
08:00:30,912810UD8,TSRYS5870973,D,S,T,2024-09-23,1000000.00,4.125894,99.984375
08:00:30,912810UD8,TSRYS5870973,D,S,T,2024-09-23,1000000.00,4.125894,99.984375
08:00:30,912810UD8,TSRYS5870973,D,S,T,2024-09-23,1000000.00,4.126763,99.97265625
08:00:30,912810UD8,TSRYS5870973,D,S,D,2024-09-23,1000000.00,4.127343,99.96484375
08:00:30,912810UD8,TSRYS5870973,D,S,T,2024-09-23,1000000.00,4.128213,99.953125
08:00:30,912810UD8,TSRYS5870973,D,S,T,2024-09-23,1000000.00,4.125604,99.98828125
08:00:30,912810UD8,TSRYS5870973,D,S,D,2024-09-23,1000000.00,4.127053,99.96875
08:00:31,912810UD8,TSRYS5870973,D,S,T,2024-09-23,1000000.00,4.137497,99.828125
08:00:31,912810UD8,TSRYS5870973,D,S,T,2024-09-23,1000000.00,4.137497,99.828125
08:00:31,912810UD8,TSRYS5870973,D,S,T,2024-09-23,1000000.00,4.137497,99.828125
08:00:31,912810UD8,TSRYS5870973,D,S,T,2024-09-23,1000000.00,4.138658,99.8125
08:00:31,912810UD8,TSRYS5870973,D,S,T,2024-09-23,1000000.00,4.138368,99.81640625
08:00:31,912810UD8,TSRYS5870973,D,S,T,2024-09-23,1000000.00,4.13982,99.796875
08:00:31,912810UD8,TSRYS5870973,D,S,T,2024-09-23,1000000.00,4.140982,99.78125
08:00:31,912810UD8,TSRYS5870973,D,S,T,2024-09-23,1000000.00,4.140982,99.78125
08:00:31,912810UD8,TSRYS5870973,D,S,T,2024-09-23,1000000.00,4.140982,99.78125
08:00:31,912810UD8,TSRYS5870973,D,S,D,2024-09-23,2000000.00,4.140982,99.78125
08:00:31,912810UD8,TSRYS5870973,D,S,D,2024-09-23,1000000.00,4.140982,99.78125
08:00:31,912810UD8,TSRYS5870973,D,S,D,2024-09-23,1000000.00,4.132708,99.892578125
08:00:31,912810UD8,TSRYS5870973,D,S,D,2024-09-23,1000000.00,4.132853,99.890625
08:00:31,912810UD8,TSRYS5870973,D,S,D,2024-09-23,1000000.00,4.132708,99.892578125
08:00:31,912810UD8,TSRYS5870973,D,S,D,2024-09-23,1000000.00,4.131547,99.908203125
08:00:31,912810UD8,TSRYS5870973,D,S,D,2024-09-23,1000000.00,4.131547,99.908203125
08:00:31,912810UD8,TSRYS5870973,D,S,D,2024-09-23,1000000.00,4.130097,99.927734375
08:00:31,912810UD8,TSRYS5870973,D,S,D,2024-09-23,1000000.00,4.130097,99.927734375
08:00:31,912810UD8,TSRYS5870973,D,S,D,2024-09-23,1000000.00,4.130097,99.927734375
08:00:31,912810UD8,TSRYS5870973,D,S,D,2024-09-23,1000000.00,4.130097,99.927734375
08:00:31,912810UD8,TSRYS5870973,D,S,D,2024-09-23,1000000.00,4.130097,99.927734375
08:00:31,912810UD8,TSRYS5870973,D,S,D,2024-09-23,1000000.00,4.130097,99.927734375
08:00:31,912810UD8,TSRYS5870973,D,S,D,2024-09-23,1000000.00,4.130097,99.927734375
08:00:31,912810UD8,TSRYS5870973,D,S,D,2024-09-23,1000000.00,4.130242,99.92578125
08:00:31,912810UD8,TSRYS5870973,D,S,D,2024-09-23,1000000.00,4.12459,100.001953125
08:00:31,912810UD8,TSRYS5870973,D,S,D,2024-09-23,1000000.00,4.12459,100.001953125
08:00:31,912810UD8,TSRYS5870973,D,S,D,2024-09-23,1000000.00,4.125894,99.984375
08:00:31,912810UD8,TSRYS5870973,D,S,D,2024-09-23,1000000.00,4.125894,99.984375
08:00:31,912810UD8,TSRYS5870973,D,S,D,2024-09-23,1000000.00,4.125894,99.984375
08:00:31,912810UD8,TSRYS5870973,D,S,D,2024-09-23,1000000.00,4.125894,99.984375
08:00:31,912810UD8,TSRYS5870973,D,S,D,2024-09-23,1000000.00,4.125894,99.984375
08:00:31,912810UD8,TSRYS5870973,D,S,D,2024-09-23,1000000.00,4.126184,99.98046875
08:00:31,912810UD8,TSRYS5870973,D,S,D,2024-09-23,1000000.00,4.130532,99.921875
08:00:31,912810UD8,TSRYS5870973,D,S,D,2024-09-23,1000000.00,4.132853,99.890625
08:00:31,912810UD8,TSRYS5870973,D,S,D,2024-09-23,1000000.00,4.128357,99.951171875
08:00:31,912810UD8,TSRYS5870973,D,S,D,2024-09-23,1000000.00,4.132418,99.896484375
08:00:31,912810UD8,TSRYS5870973,D,S,D,2024-09-23,1000000.00,4.132418,99.896484375
08:00:31,912810UD8,TSRYS5870973,D,S,D,2024-09-23,1000000.00,4.132418,99.896484375
08:00:31,912810UD8,TSRYS5870973,D,S,D,2024-09-23,1000000.00,4.140401,99.7890625
08:00:31,912810UD8,TSRYS5870973,D,S,D,2024-09-23,1000000.00,4.140401,99.7890625
08:00:31,912810UD8,TSRYS5870973,D,S,D,2024-09-23,1000000.00,4.140401,99.7890625
08:00:31,912810UD8,TSRYS5870973,D,S,D,2024-09-23,1000000.00,4.139239,99.8046875
08:00:31,912810UD8,TSRYS5870973,D,S,T,2024-09-23,1000000.00,4.124735,100.0
08:00:31,912810UD8,TSRYS5870973,D,S,T,2024-09-23,1000000.00,4.132853,99.890625
08:00:31,912810UD8,TSRYS5870973,D,S,T,2024-09-23,1000000.00,4.131692,99.90625
08:00:31,912810UD8,TSRYS5870973,D,S,T,2024-09-23,1000000.00,4.131692,99.90625
08:00:31,912810UD8,TSRYS5870973,D,S,T,2024-09-23,1000000.00,4.131692,99.90625
08:00:31,912810UD8,TSRYS5870973,D,S,T,2024-09-23,1000000.00,4.132708,99.892578125
08:00:31,912810UD8,TSRYS5870973,D,S,T,2024-09-23,1000000.00,4.130097,99.927734375
08:00:31,912810UD8,TSRYS5870973,D,S,T,2024-09-23,1000000.00,4.130097,99.927734375
08:00:31,912810UD8,TSRYS5870973,D,S,T,2024-09-23,1000000.00,4.130097,99.927734375
08:00:31,912810UD8,TSRYS5870973,D,S,T,2024-09-23,1000000.00,4.130097,99.927734375
08:00:31,912810UD8,TSRYS5870973,D,S,T,2024-09-23,1000000.00,4.126184,99.98046875
08:00:31,912810UD8,TSRYS5870973,D,S,T,2024-09-23,1000000.00,4.127343,99.96484375
08:00:31,912810UD8,TSRYS5870973,D,S,T,2024-09-23,1000000.00,4.127053,99.96875
08:00:31,912810UD8,TSRYS5870973,D,S,T,2024-09-23,1000000.00,4.128357,99.951171875
08:00:31,912810UD8,TSRYS5870973,D,S,T,2024-09-23,1000000.00,4.128502,99.94921875
08:00:31,912810UD8,TSRYS5870973,D,S,T,2024-09-23,1000000.00,4.128937,99.943359375
08:00:31,912810UD8,TSRYS5870973,D,S,T,2024-09-23,1000000.00,4.128792,99.9453125
08:00:31,912810UD8,TSRYS5870973,D,S,T,2024-09-23,1000000.00,4.129662,99.93359375
08:00:31,912810UD8,TSRYS5870973,D,S,T,2024-09-23,1000000.00,4.129807,99.931640625
08:00:31,912810UD8,TSRYS5870973,D,S,D,2024-09-23,1000000.00,4.131982,99.90234375
08:00:31,912810UD8,TSRYS5870973,D,S,D,2024-09-23,1000000.00,4.135755,99.8515625
08:00:31,912810UD8,TSRYS5870973,D,S,D,2024-09-23,1000000.00,4.135464,99.85546875
08:00:31,912810UD8,TSRYS5870973,D,S,T,2024-09-23,1000000.00,4.136335,99.84375
08:00:31,912810UD8,TSRYS5870973,D,S,T,2024-09-23,1000000.00,4.134594,99.8671875
08:00:31,912810UD8,TSRYS5870973,D,S,T,2024-09-23,1000000.00,4.139239,99.8046875
08:00:31,912810UD8,TSRYS5870973,D,S,D,2024-09-23,1000000.00,4.139239,99.8046875
08:00:31,912810UD8,TSRYS5870973,D,S,D,2024-09-23,1000000.00,4.139239,99.8046875
08:00:31,912810UD8,TSRYS5870973,D,S,D,2024-09-23,1000000.00,4.139239,99.8046875
08:00:31,912810UD8,TSRYS5870973,D,S,D,2024-09-23,1000000.00,4.139239,99.8046875
08:00:31,912810UD8,TSRYS5870973,D,S,D,2024-09-23,1000000.00,4.139239,99.8046875
08:00:31,912810UD8,TSRYS5870973,D,S,D,2024-09-23,1000000.00,4.139239,99.8046875
08:00:31,912810UD8,TSRYS5870973,D,S,D,2024-09-23,1000000.00,4.139239,99.8046875
08:00:31,912810UD8,TSRYS5870973,D,S,D,2024-09-23,1000000.00,4.139239,99.8046875
08:00:31,912810UD8,TSRYS5870973,D,S,D,2024-09-23,1000000.00,4.139239,99.8046875
08:00:31,912810UD8,TSRYS5870973,D,S,D,2024-09-23,1000000.00,4.139239,99.8046875
08:00:31,912810UD8,TSRYS5870973,D,S,D,2024-09-23,1000000.00,4.139239,99.8046875
08:00:31,912810UD8,TSRYS5870973,D,S,T,2024-09-23,1000000.00,4.138077,99.8203125
08:00:31,912810UD8,TSRYS5870973,D,S,T,2024-09-23,1000000.00,4.137932,99.822265625
08:00:31,912810UD8,TSRYS5870973,D,S,D,2024-09-23,1000000.00,4.136916,99.8359375
08:00:31,912810UD8,TSRYS5870973,D,S,D,2024-09-23,1000000.00,4.136916,99.8359375
08:00:31,912810UD8,TSRYS5870973,D,S,D,2024-09-23,1000000.00,4.136916,99.8359375
08:00:31,912810UD8,TSRYS5870973,D,S,T,2024-09-23,1000000.00,4.140982,99.78125
08:00:31,912810UD8,TSRYS5870973,D,S,T,2024-09-23,1000000.00,4.140982,99.78125
08:00:31,912810UD8,TSRYS5870973,D,S,T,2024-09-23,2000000.00,4.140982,99.78125
08:00:31,912810UD8,TSRYS5870973,D,S,T,2024-09-23,1000000.00,4.140982,99.78125
08:00:31,912810UD8,TSRYS5870973,D,S,T,2024-09-23,1000000.00,4.140401,99.7890625
08:00:31,912810UD8,TSRYS5870973,D,S,T,2024-09-23,1000000.00,4.140401,99.7890625
08:00:31,912810UD8,TSRYS5870973,D,S,T,2024-09-23,1000000.00,4.140401,99.7890625
08:00:31,912810UD8,TSRYS5870973,D,S,D,2024-09-23,1000000.00,4.132853,99.890625
08:00:31,912810UD8,TSRYS5870973,D,S,D,2024-09-23,1000000.00,4.131692,99.90625
08:00:31,912810UD8,TSRYS5870973,D,S,D,2024-09-23,1000000.00,4.131692,99.90625
08:00:31,912810UD8,TSRYS5870973,D,S,D,2024-09-23,1000000.00,4.131692,99.90625
08:00:31,912810UD8,TSRYS5870973,D,S,D,2024-09-23,1000000.00,4.130242,99.92578125
08:00:31,912810UD8,TSRYS5870973,D,S,D,2024-09-23,1000000.00,4.130242,99.92578125
08:00:31,912810UD8,TSRYS5870973,D,S,D,2024-09-23,1000000.00,4.128792,99.9453125
08:00:31,912810UD8,TSRYS5870973,D,S,D,2024-09-23,1000000.00,4.126184,99.98046875
08:00:31,912810UD8,TSRYS5870973,D,S,D,2024-09-23,1000000.00,4.125894,99.984375
08:00:31,912810UD8,TSRYS5870973,D,S,D,2024-09-23,1000000.00,4.129082,99.94140625
08:00:31,912810UD8,TSRYS5870973,D,S,D,2024-09-23,1000000.00,4.128502,99.94921875
08:00:31,912810UD8,TSRYS5870973,D,S,D,2024-09-23,1000000.00,4.128792,99.9453125
08:00:31,912810UD8,TSRYS5870973,D,S,D,2024-09-23,1000000.00,4.128213,99.953125
08:00:31,912810UD8,TSRYS5870973,D,S,D,2024-09-23,1000000.00,4.128792,99.9453125
08:00:31,912810UD8,TSRYS5870973,D,S,D,2024-09-23,1000000.00,4.131692,99.90625
08:00:31,912810UD8,TSRYS5870973,D,S,D,2024-09-23,1000000.00,4.129952,99.9296875
08:00:31,912810UD8,TSRYS5870973,D,S,D,2024-09-23,1000000.00,4.135755,99.8515625
08:00:31,912810UD8,TSRYS5870973,D,S,D,2024-09-23,1000000.00,4.13953,99.80078125
08:00:31,912810UD8,TSRYS5870973,D,S,D,2024-09-23,1000000.00,4.13953,99.80078125
08:00:31,912810UD8,TSRYS5870973,D,S,D,2024-09-23,1000000.00,4.13982,99.796875
08:00:31,912810UD8,TSRYS5870973,D,S,D,2024-09-23,1000000.00,4.139239,99.8046875
08:00:31,912810UD8,TSRYS5870973,D,S,D,2024-09-23,1000000.00,4.139239,99.8046875
08:00:31,912810UD8,TSRYS5870973,D,S,D,2024-09-23,1000000.00,4.136916,99.8359375
08:00:31,912810UD8,TSRYS5870973,D,S,D,2024-09-23,1000000.00,4.140982,99.78125
08:00:31,912810UD8,TSRYS5870973,D,S,D,2024-09-23,1000000.00,4.140401,99.7890625
08:00:31,912810UD8,TSRYS5870973,D,S,D,2024-09-23,1000000.00,4.140401,99.7890625
08:00:32,912810UD8,TSRYS5870973,D,S,A,2024-09-23,140000.00,4.128213,99.953125
08:00:32,912810UD8,TSRYS5870973,D,S,D,2024-09-23,2000000.00,4.128213,99.953125
08:00:32,912810UD8,TSRYS5870973,D,S,A,2024-09-23,79000.00,4.123576,100.015625
08:00:32,912810UD8,TSRYS5870973,D,S,D,2024-09-23,1000000.00,4.141854,99.76953125
08:00:32,912810UD8,TSRYS5870973,D,S,D,2024-09-23,1000000.00,4.142144,99.765625
08:00:32,912810UD8,TSRYS5870973,D,S,D,2024-09-23,1000000.00,4.141563,99.7734375
08:00:32,912810UD8,TSRYS5870973,D,S,C,2024-09-23,5000.00,4.129343,99.9379
08:00:32,912810UD8,TSRYS5870973,D,S,C,2024-09-23,5000.00,4.128763,99.9457125
08:00:33,912810UD8,TSRYS5870973,D,S,D,2024-09-23,2000000.00,4.140692,99.78515625
08:00:33,912810UD8,TSRYS5870973,D,S,D,2024-09-23,1000000.00,4.140692,99.78515625
08:00:33,912810UD8,TSRYS5870973,D,S,D,2024-09-23,1000000.00,4.140982,99.78125
08:00:33,912810UD8,TSRYS5870973,D,S,D,2024-09-23,1000000.00,4.140982,99.78125
08:00:33,912810UD8,TSRYS5870973,D,S,D,2024-09-23,1000000.00,4.140982,99.78125
08:00:33,912810UD8,TSRYS5870973,D,S,D,2024-09-23,1000000.00,4.13982,99.796875
08:00:36,912810UD8,TSRYS5870973,D,S,C,2024-09-23,300000.00,4.138658,99.8145
08:00:36,912810UD8,TSRYS5870973,D,S,C,2024-09-23,300000.00,4.140982,99.78325
08:00:36,912810UD8,TSRYS5870973,D,S,D,2024-09-23,300000.00,4.136365,99.84335
08:00:36,912810UD8,TSRYS5870973,D,B,C,2024-09-23,300000.00,4.136365,99.84135
08:00:37,912810UD8,TSRYS5870973,D,S,D,2024-09-23,10000.00,4.142435,99.76171875
08:00:38,912810UD8,TSRYS5870973,D,S,D,2024-09-23,300000.00,4.139965,99.794921875
08:00:38,912810UD8,TSRYS5870973,D,B,A,2024-09-23,12600000.00,4.139559,99.80038125
08:00:38,912810UD8,TSRYS5870973,D,S,T,2024-09-23,1000000.00,4.136335,99.84375
08:00:38,912810UD8,TSRYS5870973,D,S,T,2024-09-23,2000000.00,4.136335,99.84375
08:00:38,912810UD8,TSRYS5870973,D,S,T,2024-09-23,1000000.00,4.136335,99.84375
08:00:38,912810UD8,TSRYS5870973,D,S,T,2024-09-23,1000000.00,4.136335,99.84375
08:00:38,912810UD8,TSRYS5870973,D,S,T,2024-09-23,1000000.00,4.136335,99.84375
08:00:42,912810UD8,TSRYS5870973,D,S,D,2024-09-23,5000.00,,99.9457125
08:00:42,912810UD8,TSRYS5870973,D,S,D,2024-09-23,5000.00,,99.9379
08:00:43,912810UD8,TSRYS5870973,D,B,A,2024-09-23,390000.00,4.135755,99.8515625
08:00:46,912810UD8,TSRYS5870973,D,S,D,2024-09-23,989000.00,4.138077,99.8203125
08:00:46,912810UD8,TSRYS5870973,D,S,D,2024-09-23,300000.00,4.124735,100.0
08:00:46,912810UD8,TSRYS5870973,D,B,C,2024-09-23,300000.00,4.124735,99.998
08:00:46,912810UD8,TSRYS5870973,D,S,C,2024-09-23,200000.00,4.127893,99.95993125
08:00:47,912810UD8,TSRYS5870973,D,S,D,2024-09-23,300000.00,4.138658,99.8125
08:00:47,912810UD8,TSRYS5870973,D,S,D,2024-09-23,300000.00,4.140982,99.78125
08:00:47,912810UD8,TSRYS5870973,D,S,C,2024-09-23,10000000.00,4.131112,99.9140625
08:00:47,912810UD8,TSRYS5870973,D,S,T,2024-09-23,1000000.00,4.136335,99.84375
08:00:47,912810UD8,TSRYS5870973,D,S,T,2024-09-23,1000000.00,4.136335,99.84375
08:00:47,912810UD8,TSRYS5870973,D,S,T,2024-09-23,1000000.00,4.136335,99.84375
08:00:47,912810UD8,TSRYS5870973,D,S,T,2024-09-23,1000000.00,4.136335,99.84375
08:00:47,912810UD8,TSRYS5870973,D,S,T,2024-09-23,1000000.00,4.136335,99.84375
08:00:47,912810UD8,TSRYS5870973,D,S,T,2024-09-23,1000000.00,4.136335,99.84375
08:00:48,912810UD8,TSRYS5870973,D,S,A,2024-09-23,500000.00,4.14447,99.734375
08:00:50,912810UD8,TSRYS5870973,D,S,C,2024-09-23,50000.00,4.138368,99.82640625
08:00:50,912810UD8,TSRYS5870973,D,S,A,2024-09-23,40000000.00,4.127053,99.96875
08:00:54,912810UD8,TSRYS5870973,D,S,A,2024-09-23,40000000.00,4.128213,99.953125
08:00:59,912810UD8,TSRYS5870973,D,S,D,2024-09-23,1000000.00,4.135174,99.859375
08:01:01,912810UD8,TSRYS5870973,D,B,C,2024-09-23,1000000.00,4.140982,99.78125
08:01:01,912810UD8,TSRYS5870973,D,S,D,2024-09-23,1000000.00,4.140982,99.78125
08:01:01,912810UD8,TSRYS5870973,D,B,C,2024-09-23,1000000.00,4.125314,99.9921875
08:01:02,912810UD8,TSRYS5870973,D,B,C,2024-09-23,1000000.00,4.128502,99.94921875
08:01:02,912810UD8,TSRYS5870973,D,S,C,2024-09-23,1000000.00,4.128502,99.94921875
08:01:02,912810UD8,TSRYS5870973,D,S,D,2024-09-23,1000000.00,4.125314,99.9921875
08:01:02,912810UD8,TSRYS5870973,D,S,C,2024-09-23,1000000.00,4.133143,99.88671875
08:01:02,912810UD8,TSRYS5870973,D,S,C,2024-09-23,1000000.00,4.133143,99.88671875
08:01:02,912810UD8,TSRYS5870973,D,S,D,2024-09-23,1000000.00,4.131692,99.90625
08:01:02,912810UD8,TSRYS5870973,D,S,D,2024-09-23,1000000.00,4.131692,99.90625
08:01:02,912810UD8,TSRYS5870973,D,S,D,2024-09-23,1000000.00,4.131692,99.90625
08:01:02,912810UD8,TSRYS5870973,D,B,A,2024-09-23,530000.00,4.136335,99.84375
08:01:02,912810UD8,TSRYS5870973,D,S,D,2024-09-23,1000000.00,4.128213,99.953125
08:01:02,912810UD8,TSRYS5870973,D,B,A,2024-09-23,60000.00,4.135755,99.8515625
08:01:02,912810UD8,TSRYS5870973,D,S,D,2024-09-23,2000000.00,4.131692,99.90625
08:01:02,912810UD8,TSRYS5870973,D,S,A,2024-09-23,50000.00,4.136045,99.84765625
08:01:02,912810UD8,TSRYS5870973,D,S,D,2024-09-23,1000000.00,4.129082,99.94140625
08:01:02,912810UD8,TSRYS5870973,D,S,D,2024-09-23,2000000.00,4.131692,99.90625
08:01:02,912810UD8,TSRYS5870973,D,B,C,2024-09-23,1000000.00,4.133143,99.88671875
08:01:02,912810UD8,TSRYS5870973,D,S,D,2024-09-23,1000000.00,4.128213,99.953125
08:01:02,912810UD8,TSRYS5870973,D,S,D,2024-09-23,1000000.00,4.128213,99.953125
08:01:02,912810UD8,TSRYS5870973,D,S,D,2024-09-23,1000000.00,4.129372,99.9375
08:01:02,912810UD8,TSRYS5870973,D,S,D,2024-09-23,1000000.00,4.133143,99.88671875
08:01:02,912810UD8,TSRYS5870973,D,S,D,2024-09-23,1000000.00,4.131692,99.90625
08:01:02,912810UD8,TSRYS5870973,D,S,D,2024-09-23,2000000.00,4.124735,100.0
08:01:02,912810UD8,TSRYS5870973,D,S,D,2024-09-23,1000000.00,4.131692,99.90625
08:01:03,912810UD8,TSRYS5870973,D,S,D,2024-09-23,1000000.00,4.131692,99.90625
08:01:03,912810UD8,TSRYS5870973,D,S,D,2024-09-23,1000000.00,4.131692,99.90625
08:01:03,912810UD8,TSRYS5870973,D,S,D,2024-09-23,1000000.00,4.125894,99.984375
08:01:03,912810UD8,TSRYS5870973,D,S,D,2024-09-23,1000000.00,4.131692,99.90625
08:01:03,912810UD8,TSRYS5870973,D,S,D,2024-09-23,1000000.00,4.128213,99.953125
08:01:03,912810UD8,TSRYS5870973,D,B,C,2024-09-23,2000000.00,4.124735,100.0
08:01:03,912810UD8,TSRYS5870973,D,S,D,2024-09-23,1000000.00,4.128792,99.9453125
08:01:03,912810UD8,TSRYS5870973,D,S,D,2024-09-23,2000000.00,4.127053,99.96875
08:01:03,912810UD8,TSRYS5870973,D,S,D,2024-09-23,1000000.00,4.124735,100.0
08:01:03,912810UD8,TSRYS5870973,D,S,C,2024-09-23,1000000.00,4.126473,99.9765625
08:01:03,912810UD8,TSRYS5870973,D,S,C,2024-09-23,1000000.00,4.127633,99.9609375
08:01:03,912810UD8,TSRYS5870973,D,S,D,2024-09-23,1000000.00,4.127053,99.96875
08:01:03,912810UD8,TSRYS5870973,D,S,C,2024-09-23,1000000.00,4.128213,99.953125
08:01:03,912810UD8,TSRYS5870973,D,S,D,2024-09-23,1000000.00,4.127343,99.96484375
08:01:03,912810UD8,TSRYS5870973,D,B,C,2024-09-23,1000000.00,4.124735,100.0
08:01:03,912810UD8,TSRYS5870973,D,S,C,2024-09-23,1000000.00,4.128792,99.9453125
08:01:03,912810UD8,TSRYS5870973,D,B,C,2024-09-23,1000000.00,4.124735,100.0
08:01:03,912810UD8,TSRYS5870973,D,S,D,2024-09-23,1000000.00,4.124735,100.0
08:01:03,912810UD8,TSRYS5870973,D,S,D,2024-09-23,1000000.00,4.128792,99.9453125
08:01:04,912810UD8,TSRYS5870973,D,S,D,2024-09-23,1000000.00,4.133723,99.87890625
08:01:04,912810UD8,TSRYS5870973,D,B,C,2024-09-23,1000000.00,4.136916,99.8359375
08:01:04,912810UD8,TSRYS5870973,D,S,D,2024-09-23,1000000.00,4.136045,99.84765625
08:01:04,912810UD8,TSRYS5870973,D,S,C,2024-09-23,1000000.00,4.136916,99.8359375
08:01:04,912810UD8,TSRYS5870973,D,B,C,2024-09-23,1000000.00,4.136045,99.84765625
08:01:04,912810UD8,TSRYS5870973,D,S,D,2024-09-23,1000000.00,4.135174,99.859375
08:01:04,912810UD8,TSRYS5870973,D,S,D,2024-09-23,1000000.00,4.127053,99.96875
08:01:04,912810UD8,TSRYS5870973,D,S,C,2024-09-23,1000000.00,4.137787,99.82421875
08:01:04,912810UD8,TSRYS5870973,D,B,C,2024-09-23,1000000.00,4.137787,99.82421875
08:01:04,912810UD8,TSRYS5870973,D,S,D,2024-09-23,1000000.00,4.135464,99.85546875
08:01:06,912810UD8,TSRYS5870973,D,S,T,2024-09-23,1000000.00,4.13561,99.853515625
08:01:06,912810UD8,TSRYS5870973,D,S,C,2024-09-23,5000.00,4.129343,100.0379
08:01:06,912810UD8,TSRYS5870973,D,S,C,2024-09-23,5000.00,4.128763,100.0457125
08:01:06,912810UD8,TSRYS5870973,D,S,T,2024-09-23,1000000.00,4.137506,99.827995
08:01:07,912810UD8,TSRYS5870973,D,S,T,2024-09-23,1000000.00,4.137506,99.827995
08:01:07,912810UD8,TSRYS5870973,D,S,D,2024-09-23,1000000.00,4.135464,99.85546875
08:01:07,912810UD8,TSRYS5870973,D,S,T,2024-09-23,1000000.00,4.13561,99.853515625
08:01:08,912810UD8,TSRYS5870973,D,S,T,2024-09-23,1000000.00,4.14099,99.78115
08:01:08,912810UD8,TSRYS5870973,D,S,T,2024-09-23,1000000.00,4.140982,99.78125
08:01:10,912810UD8,TSRYS5870973,D,S,D,2024-09-23,1000000.00,4.128213,99.953125
08:01:10,912810UD8,TSRYS5870973,D,S,D,2024-09-23,1000000.00,4.128213,99.953125
08:01:10,912810UD8,TSRYS5870973,D,S,D,2024-09-23,1000000.00,4.128213,99.953125
08:01:10,912810UD8,TSRYS5870973,D,S,D,2024-09-23,1000000.00,4.128213,99.953125
08:01:10,912810UD8,TSRYS5870973,D,S,D,2024-09-23,1000000.00,4.129082,99.94140625
08:01:10,912810UD8,TSRYS5870973,D,S,D,2024-09-23,1000000.00,4.129372,99.9375
08:01:10,912810UD8,TSRYS5870973,D,S,D,2024-09-23,1000000.00,4.125894,99.984375
08:01:10,912810UD8,TSRYS5870973,D,S,D,2024-09-23,2000000.00,4.13982,99.796875
08:01:10,912810UD8,TSRYS5870973,D,S,D,2024-09-23,10000000.00,4.131655,99.90675
08:01:10,912810UD8,TSRYS5870973,D,S,D,2024-09-23,10000000.00,4.131655,99.90675
08:01:10,912810UD8,TSRYS5870973,D,S,D,2024-09-23,10000000.00,4.131655,99.90675
08:01:11,912810UD8,TSRYS5870973,D,S,C,2024-09-23,1000000.00,4.127001,99.96945
08:01:11,912810UD8,TSRYS5870973,D,B,C,2024-09-23,7500000.00,4.139074,99.8069078
08:01:11,912810UD8,TSRYS5870973,D,B,C,2024-09-23,2500000.00,4.139074,99.8069078
08:01:12,912810UD8,TSRYS5870973,D,S,D,2024-09-23,1000000.00,4.128213,99.953125
08:01:12,912810UD8,TSRYS5870973,D,S,D,2024-09-23,1672000.00,4.13982,99.796875
08:01:12,912810UD8,TSRYS5870973,D,B,C,2024-09-23,1000000.00,4.140111,99.79296875
08:01:12,912810UD8,TSRYS5870973,D,S,D,2024-09-23,1000000.00,4.143888,99.7421875
08:01:16,912810UD8,TSRYS5870973,D,S,D,2024-09-23,2000000.00,4.13982,99.796875
08:01:16,912810UD8,TSRYS5870973,D,B,C,2024-09-23,1000000.00,4.136335,99.84375
08:01:16,912810UD8,TSRYS5870973,D,S,D,2024-09-23,1000000.00,4.136335,99.84375
08:01:16,912810UD8,TSRYS5870973,D,B,C,2024-09-23,5000000.00,4.139331,99.80345
08:01:16,912810UD8,TSRYS5870973,D,S,D,2024-09-23,1000000.00,4.13953,99.80078125
08:01:17,912810UD8,TSRYS5870973,D,S,T,2024-09-23,1000000.00,4.131704,99.906098
08:01:17,912810UD8,TSRYS5870973,D,S,T,2024-09-23,1000000.00,4.131704,99.906098
08:01:17,912810UD8,TSRYS5870973,D,S,D,2024-09-23,1000000.00,4.137497,99.828125
08:01:17,912810UD8,TSRYS5870973,D,S,T,2024-09-23,1000000.00,4.138658,99.8125
08:01:17,912810UD8,TSRYS5870973,D,S,T,2024-09-23,1000000.00,4.127633,99.9609375
08:01:17,912810UD8,TSRYS5870973,D,S,T,2024-09-23,1000000.00,4.127633,99.9609375
08:01:17,912810UD8,TSRYS5870973,D,S,D,2024-09-23,1000000.00,4.141708,99.77148437
08:01:17,912810UD8,TSRYS5870973,D,S,D,2024-09-23,1000000.00,4.141708,99.77148437
08:01:17,912810UD8,TSRYS5870973,D,S,D,2024-09-23,1000000.00,4.126763,99.97265625
08:01:17,912810UD8,TSRYS5870973,D,S,T,2024-09-23,1000000.00,4.141418,99.77539062
08:01:17,912810UD8,TSRYS5870973,D,S,D,2024-09-23,1000000.00,4.126763,99.97265625
08:01:17,912810UD8,TSRYS5870973,D,S,D,2024-09-23,1000000.00,4.127053,99.96875
08:01:17,912810UD8,TSRYS5870973,D,S,T,2024-09-23,1000000.00,4.126763,99.97265625
08:01:17,912810UD8,TSRYS5870973,D,S,T,2024-09-23,1000000.00,4.126763,99.97265625
08:01:17,912810UD8,TSRYS5870973,D,S,D,2024-09-23,1000000.00,4.127053,99.96875
08:01:17,912810UD8,TSRYS5870973,D,S,D,2024-09-23,2000000.00,4.127053,99.96875
08:01:17,912810UD8,TSRYS5870973,D,S,T,2024-09-23,1000000.00,4.127053,99.96875
08:01:17,912810UD8,TSRYS5870973,D,S,T,2024-09-23,1000000.00,4.126908,99.97070312
08:01:17,912810UD8,TSRYS5870973,D,S,D,2024-09-23,1000000.00,4.127053,99.96875
08:01:17,912810UD8,TSRYS5870973,D,B,C,2024-09-23,1000000.00,4.13953,99.80078125
08:01:17,912810UD8,TSRYS5870973,D,S,D,2024-09-23,1000000.00,4.13953,99.80078125
08:01:17,912810UD8,TSRYS5870973,D,S,T,2024-09-23,1000000.00,4.127064,99.968598
08:01:17,912810UD8,TSRYS5870973,D,S,T,2024-09-23,1000000.00,4.125905,99.984223
08:01:17,912810UD8,TSRYS5870973,D,S,D,2024-09-23,1000000.00,4.127633,99.9609375
08:01:17,912810UD8,TSRYS5870973,D,S,T,2024-09-23,1000000.00,4.127343,99.96484375
08:01:17,912810UD8,TSRYS5870973,D,S,T,2024-09-23,1000000.00,4.127343,99.96484375
08:01:17,912810UD8,TSRYS5870973,D,S,D,2024-09-23,1000000.00,4.128792,99.9453125
08:01:17,912810UD8,TSRYS5870973,D,S,D,2024-09-23,1000000.00,4.128792,99.9453125
08:01:17,912810UD8,TSRYS5870973,D,S,D,2024-09-23,1000000.00,4.128502,99.94921875
08:01:18,912810UD8,TSRYS5870973,D,S,T,2024-09-23,1000000.00,4.128224,99.952973
08:01:18,912810UD8,TSRYS5870973,D,S,T,2024-09-23,1000000.00,4.128224,99.952973
08:01:18,912810UD8,TSRYS5870973,D,B,C,2024-09-23,1000000.00,4.136626,99.83984375
08:01:18,912810UD8,TSRYS5870973,D,S,C,2024-09-23,1000000.00,4.136626,99.83984375
08:01:18,912810UD8,TSRYS5870973,D,S,D,2024-09-23,1000000.00,4.128213,99.953125
08:01:18,912810UD8,TSRYS5870973,D,S,T,2024-09-23,1000000.00,4.127352,99.96471875
08:01:18,912810UD8,TSRYS5870973,D,S,T,2024-09-23,1000000.00,4.128224,99.952973
08:01:18,912810UD8,TSRYS5870973,D,S,T,2024-09-23,1000000.00,4.128224,99.952973
08:01:18,912810UD8,TSRYS5870973,D,S,D,2024-09-23,1000000.00,4.128792,99.9453125
08:01:18,912810UD8,TSRYS5870973,D,S,C,2024-09-23,1000000.00,4.138658,99.8125
08:01:18,912810UD8,TSRYS5870973,D,S,T,2024-09-23,1000000.00,4.128224,99.952973
08:01:18,912810UD8,TSRYS5870973,D,S,T,2024-09-23,1000000.00,4.128224,99.952973
08:01:18,912810UD8,TSRYS5870973,D,B,C,2024-09-23,250000.00,4.139239,99.8046875
08:01:18,912810UD8,TSRYS5870973,D,S,T,2024-09-23,1000000.00,4.13619,99.84570312
08:01:18,912810UD8,TSRYS5870973,D,S,C,2024-09-23,1000000.00,4.127343,99.96484375
08:01:18,912810UD8,TSRYS5870973,D,S,D,2024-09-23,1000000.00,4.127343,99.96484375
08:01:18,912810UD8,TSRYS5870973,D,S,D,2024-09-23,1000000.00,4.127633,99.9609375
08:01:18,912810UD8,TSRYS5870973,D,S,D,2024-09-23,1000000.00,4.125314,99.9921875
08:01:18,912810UD8,TSRYS5870973,D,S,D,2024-09-23,1000000.00,4.125314,99.9921875
08:01:18,912810UD8,TSRYS5870973,D,S,T,2024-09-23,1000000.00,4.135174,99.859375
08:01:18,912810UD8,TSRYS5870973,D,S,T,2024-09-23,1000000.00,4.135174,99.859375
08:01:18,912810UD8,TSRYS5870973,D,S,D,2024-09-23,1000000.00,4.125604,99.98828125
08:01:18,912810UD8,TSRYS5870973,D,S,T,2024-09-23,1000000.00,4.125169,99.99414062
08:01:18,912810UD8,TSRYS5870973,D,S,T,2024-09-23,1000000.00,4.135174,99.859375
08:01:18,912810UD8,TSRYS5870973,D,S,T,2024-09-23,1000000.00,4.135174,99.859375
08:01:18,912810UD8,TSRYS5870973,D,S,D,2024-09-23,1000000.00,4.125314,99.9921875
08:01:18,912810UD8,TSRYS5870973,D,S,T,2024-09-23,1000000.00,4.125749,99.98632812
08:01:18,912810UD8,TSRYS5870973,D,S,T,2024-09-23,1000000.00,4.125749,99.98632812
08:01:18,912810UD8,TSRYS5870973,D,S,D,2024-09-23,1000000.00,4.125894,99.984375
08:01:18,912810UD8,TSRYS5870973,D,S,T,2024-09-23,1000000.00,4.134013,99.875
08:01:18,912810UD8,TSRYS5870973,D,S,T,2024-09-23,1000000.00,4.125894,99.984375
08:01:18,912810UD8,TSRYS5870973,D,S,D,2024-09-23,1000000.00,4.126473,99.9765625
08:01:18,912810UD8,TSRYS5870973,D,S,T,2024-09-23,1000000.00,4.128224,99.952973
08:01:18,912810UD8,TSRYS5870973,D,S,T,2024-09-23,1000000.00,4.128224,99.952973
08:01:18,912810UD8,TSRYS5870973,D,S,T,2024-09-23,1000000.00,4.129384,99.937348
08:01:18,912810UD8,TSRYS5870973,D,S,D,2024-09-23,1000000.00,4.128792,99.9453125
08:01:18,912810UD8,TSRYS5870973,D,S,T,2024-09-23,1000000.00,4.136335,99.84375
08:01:18,912810UD8,TSRYS5870973,D,S,T,2024-09-23,1000000.00,4.135174,99.859375
08:01:18,912810UD8,TSRYS5870973,D,S,D,2024-09-23,1000000.00,4.128792,99.9453125
08:01:18,912810UD8,TSRYS5870973,D,S,D,2024-09-23,1000000.00,4.129662,99.93359375
08:01:18,912810UD8,TSRYS5870973,D,S,T,2024-09-23,1000000.00,4.136335,99.84375
08:01:18,912810UD8,TSRYS5870973,D,S,D,2024-09-23,1000000.00,4.140982,99.78125
08:01:18,912810UD8,TSRYS5870973,D,S,D,2024-09-23,2000000.00,4.140982,99.78125
08:01:18,912810UD8,TSRYS5870973,D,S,D,2024-09-23,1000000.00,4.140982,99.78125
08:01:18,912810UD8,TSRYS5870973,D,S,D,2024-09-23,2000000.00,4.140692,99.78515625
08:01:18,912810UD8,TSRYS5870973,D,S,D,2024-09-23,1000000.00,4.140692,99.78515625
08:01:18,912810UD8,TSRYS5870973,D,S,D,2024-09-23,1000000.00,4.135174,99.859375
08:01:18,912810UD8,TSRYS5870973,D,S,D,2024-09-23,1000000.00,4.140982,99.78125
08:01:18,912810UD8,TSRYS5870973,D,S,T,2024-09-23,1000000.00,4.136335,99.84375
08:01:18,912810UD8,TSRYS5870973,D,S,D,2024-09-23,1000000.00,4.140982,99.78125
08:01:18,912810UD8,TSRYS5870973,D,S,D,2024-09-23,1000000.00,4.140982,99.78125
08:01:18,912810UD8,TSRYS5870973,D,S,D,2024-09-23,1000000.00,4.140982,99.78125
08:01:19,912810UD8,TSRYS5870973,D,S,C,2024-09-23,1000000.00,4.13982,99.796875
08:01:19,912810UD8,TSRYS5870973,D,B,C,2024-09-23,1000000.00,4.13953,99.80078125
08:01:19,912810UD8,TSRYS5870973,D,S,D,2024-09-23,1000000.00,4.13953,99.80078125
08:01:19,912810UD8,TSRYS5870973,D,S,D,2024-09-23,1000000.00,4.139239,99.8046875
08:01:19,912810UD8,TSRYS5870973,D,B,C,2024-09-23,1000000.00,4.135755,99.8515625
08:01:19,912810UD8,TSRYS5870973,D,B,C,2024-09-23,1000000.00,4.135464,99.85546875
08:01:19,912810UD8,TSRYS5870973,D,S,T,2024-09-23,1000000.00,4.137497,99.828125
08:01:19,912810UD8,TSRYS5870973,D,S,T,2024-09-23,1000000.00,4.13982,99.796875
08:01:19,912810UD8,TSRYS5870973,D,S,T,2024-09-23,1000000.00,4.13982,99.796875
08:01:19,912810UD8,TSRYS5870973,D,S,T,2024-09-23,1000000.00,4.13982,99.796875
08:01:19,912810UD8,TSRYS5870973,D,S,T,2024-09-23,1000000.00,4.13982,99.796875
08:01:19,912810UD8,TSRYS5870973,D,S,T,2024-09-23,1000000.00,4.13982,99.796875
08:01:19,912810UD8,TSRYS5870973,D,B,C,2024-09-23,1000000.00,4.135464,99.85546875
08:01:19,912810UD8,TSRYS5870973,D,S,T,2024-09-23,1000000.00,4.13982,99.796875
08:01:20,912810UD8,TSRYS5870973,D,S,T,2024-09-23,1000000.00,4.12822,99.953025
08:01:20,912810UD8,TSRYS5870973,D,S,T,2024-09-23,1000000.00,4.12822,99.953025
08:01:20,912810UD8,TSRYS5870973,D,S,T,2024-09-23,1000000.00,4.12822,99.953025
08:01:20,912810UD8,TSRYS5870973,D,S,T,2024-09-23,1000000.00,4.12822,99.953025
08:01:20,912810UD8,TSRYS5870973,D,S,T,2024-09-23,1000000.00,4.128945,99.943259375
08:01:20,912810UD8,TSRYS5870973,D,S,T,2024-09-23,1000000.00,4.12909,99.94130625
08:01:20,912810UD8,TSRYS5870973,D,S,T,2024-09-23,1000000.00,4.12909,99.94130625
08:01:20,912810UD8,TSRYS5870973,D,S,T,2024-09-23,1000000.00,4.129235,99.939353125
08:01:20,912810UD8,TSRYS5870973,D,S,T,2024-09-23,1000000.00,4.129235,99.939353125
08:01:20,912810UD8,TSRYS5870973,D,S,T,2024-09-23,1000000.00,4.12938,99.9374
08:01:20,912810UD8,TSRYS5870973,D,S,T,2024-09-23,1000000.00,4.125756,99.986228125
08:01:20,912810UD8,TSRYS5870973,D,S,T,2024-09-23,1000000.00,4.125901,99.984275
08:01:20,912810UD8,TSRYS5870973,D,S,T,2024-09-23,1000000.00,4.125901,99.984275
08:01:20,912810UD8,TSRYS5870973,D,S,T,2024-09-23,1000000.00,4.139247,99.8045875
08:01:20,912810UD8,TSRYS5870973,D,S,T,2024-09-23,1000000.00,4.139247,99.8045875
08:01:20,912810UD8,TSRYS5870973,D,S,T,2024-09-23,1000000.00,4.139827,99.796775
08:01:20,912810UD8,TSRYS5870973,D,B,C,2024-09-23,47000000.00,4.127689,99.96018
08:01:20,912810UD8,TSRYS5870973,D,S,D,2024-09-23,250000.00,4.139239,99.8046875
08:01:21,912810UD8,TSRYS5870973,D,S,T,2024-09-23,1000000.00,4.141999,99.76757812
08:01:21,912810UD8,TSRYS5870973,D,S,T,2024-09-23,1000000.00,4.142144,99.765625
08:01:21,912810UD8,TSRYS5870973,D,S,D,2024-09-23,1000000.00,4.141854,99.76953125
08:01:21,912810UD8,TSRYS5870973,D,S,T,2024-09-23,1000000.00,4.139837,99.79665
08:01:21,912810UD8,TSRYS5870973,D,S,T,2024-09-23,1000000.00,4.139837,99.79665
08:01:21,912810UD8,TSRYS5870973,D,S,T,2024-09-23,1000000.00,4.136352,99.843525
08:01:21,912810UD8,TSRYS5870973,D,S,T,2024-09-23,1000000.00,4.128213,99.953125
08:01:21,912810UD8,TSRYS5870973,D,S,T,2024-09-23,1000000.00,4.128213,99.953125
08:01:21,912810UD8,TSRYS5870973,D,S,T,2024-09-23,1000000.00,4.129082,99.94140625
08:01:21,912810UD8,TSRYS5870973,D,S,T,2024-09-23,1000000.00,4.129227,99.939453125
08:01:21,912810UD8,TSRYS5870973,D,S,T,2024-09-23,1000000.00,4.125894,99.984375
08:01:21,912810UD8,TSRYS5870973,D,S,T,2024-09-23,1000000.00,4.131982,99.90234375
08:01:21,912810UD8,TSRYS5870973,D,S,T,2024-09-23,1000000.00,4.132127,99.900390625
08:01:21,912810UD8,TSRYS5870973,D,S,T,2024-09-23,1000000.00,4.139239,99.8046875
08:01:21,912810UD8,TSRYS5870973,D,S,T,2024-09-23,1000000.00,4.136771,99.837890625
08:01:22,912810UD8,TSRYS5870973,D,S,T,2024-09-23,1000000.00,4.142144,99.765625
08:01:22,912810UD8,TSRYS5870973,D,S,D,2024-09-23,1000000.00,4.142144,99.765625
08:01:22,912810UD8,TSRYS5870973,D,S,C,2024-09-23,50MM+,4.13695,99.83548
08:01:22,912810UD8,TSRYS5870973,D,S,T,2024-09-23,1000000.00,4.142144,99.765625
08:01:22,912810UD8,TSRYS5870973,D,S,D,2024-09-23,1000000.00,4.141563,99.7734375
08:01:22,912810UD8,TSRYS5870973,D,S,T,2024-09-23,1000000.00,4.140837,99.78320312
08:01:22,912810UD8,TSRYS5870973,D,S,D,2024-09-23,1000000.00,4.140982,99.78125
08:01:22,912810UD8,TSRYS5870973,D,S,D,2024-09-23,1000000.00,4.140982,99.78125
08:01:23,912810UD8,TSRYS5870973,D,S,D,2024-09-23,1000000.00,4.140982,99.78125
08:01:23,912810UD8,TSRYS5870973,D,S,T,2024-09-23,1000000.00,4.140982,99.78125
08:01:23,912810UD8,TSRYS5870973,D,S,T,2024-09-23,1000000.00,4.140982,99.78125
08:01:23,912810UD8,TSRYS5870973,D,S,T,2024-09-23,1000000.00,4.13982,99.796875
08:01:23,912810UD8,TSRYS5870973,D,S,D,2024-09-23,1000000.00,4.13982,99.796875
08:01:23,912810UD8,TSRYS5870973,D,S,T,2024-09-23,1000000.00,4.13982,99.796875
08:01:23,912810UD8,TSRYS5870973,D,S,T,2024-09-23,1000000.00,4.13982,99.796875
08:01:27,912810UD8,TSRYS5870973,D,S,A,2024-09-23,1250000.00,4.138368,99.81640625
08:01:29,912810UD8,TSRYS5870973,D,S,D,2024-09-23,44000000.00,4.129587,99.9346
08:01:29,912810UD8,TSRYS5870973,D,S,T,2024-09-23,1000000.00,4.125894,99.984375
08:01:29,912810UD8,TSRYS5870973,D,S,D,2024-09-23,1000000.00,4.141418,99.775390625
08:01:30,912810UD8,TSRYS5870973,D,S,T,2024-09-23,1000000.00,4.136335,99.84375
08:01:30,912810UD8,TSRYS5870973,D,S,T,2024-09-23,1000000.00,4.136335,99.84375
08:01:30,912810UD8,TSRYS5870973,D,S,T,2024-09-23,1000000.00,4.136335,99.84375
08:01:30,912810UD8,TSRYS5870973,D,S,T,2024-09-23,1000000.00,4.1317,99.90615
08:01:30,912810UD8,TSRYS5870973,D,S,T,2024-09-23,1000000.00,4.131692,99.90625
08:01:30,912810UD8,TSRYS5870973,D,S,T,2024-09-23,1000000.00,4.131692,99.90625
08:01:30,912810UD8,TSRYS5870973,D,S,T,2024-09-23,1000000.00,4.131692,99.90625
08:01:32,912810UD8,TSRYS5870973,D,S,D,2024-09-23,1000000.00,4.143888,99.7421875
08:01:32,912810UD8,TSRYS5870973,D,S,D,2024-09-23,1000000.00,4.143452,99.748046875
08:01:32,912810UD8,TSRYS5870973,D,S,D,2024-09-23,1000000.00,4.142435,99.76171875
08:01:33,912810UD8,TSRYS5870973,D,S,T,2024-09-23,1000000.00,4.128213,99.953125
08:01:33,912810UD8,TSRYS5870973,D,S,T,2024-09-23,1000000.00,4.128213,99.953125
08:01:33,912810UD8,TSRYS5870973,D,S,T,2024-09-23,1000000.00,4.128222,99.953
08:01:33,912810UD8,TSRYS5870973,D,S,T,2024-09-23,1000000.00,4.125894,99.984375
08:01:33,912810UD8,TSRYS5870973,D,S,T,2024-09-23,1000000.00,4.125894,99.984375
08:01:34,912810UD8,TSRYS5870973,D,S,T,2024-09-23,1000000.00,4.125894,99.984375
08:01:34,912810UD8,TSRYS5870973,D,S,D,2024-09-23,1000000.00,4.132853,99.890625
08:01:34,912810UD8,TSRYS5870973,D,S,D,2024-09-23,30000000.00,4.126172,99.98063
08:01:36,912810UD8,TSRYS5870973,D,S,C,2024-09-23,1000000.00,4.124735,100.0
08:01:37,912810UD8,TSRYS5870973,D,S,D,2024-09-23,1000000.00,4.127633,99.9609375
08:01:37,912810UD8,TSRYS5870973,D,S,D,2024-09-23,1000000.00,4.127633,99.9609375
08:01:40,912810UD8,TSRYS5870973,D,S,T,2024-09-23,1000000.00,4.127062,99.968625
08:01:40,912810UD8,TSRYS5870973,D,S,T,2024-09-23,1000000.00,4.127062,99.968625
08:01:40,912810UD8,TSRYS5870973,D,S,T,2024-09-23,1000000.00,4.127062,99.968625
08:01:40,912810UD8,TSRYS5870973,D,S,T,2024-09-23,1000000.00,4.127053,99.96875
08:01:40,912810UD8,TSRYS5870973,D,S,T,2024-09-23,1000000.00,4.127053,99.96875
08:01:40,912810UD8,TSRYS5870973,D,S,T,2024-09-23,1000000.00,4.127053,99.96875
08:01:40,912810UD8,TSRYS5870973,D,S,D,2024-09-23,1000000.00,4.132853,99.890625
08:01:40,912810UD8,TSRYS5870973,D,S,T,2024-09-23,1000000.00,4.126483,99.9764375
08:01:40,912810UD8,TSRYS5870973,D,S,T,2024-09-23,1000000.00,4.126473,99.9765625
08:01:40,912810UD8,TSRYS5870973,D,S,T,2024-09-23,1000000.00,4.126483,99.9764375
08:01:40,912810UD8,TSRYS5870973,D,S,T,2024-09-23,1000000.00,4.128213,99.953125
08:01:41,912810UD8,TSRYS5870973,D,S,T,2024-09-23,1000000.00,4.128222,99.953
08:01:41,912810UD8,TSRYS5870973,D,S,T,2024-09-23,1000000.00,4.128222,99.953
08:01:41,912810UD8,TSRYS5870973,D,S,T,2024-09-23,1000000.00,4.128222,99.953
08:01:41,912810UD8,TSRYS5870973,D,S,T,2024-09-23,1000000.00,4.139965,99.794921875
08:01:41,912810UD8,TSRYS5870973,D,S,D,2024-09-23,1000000.00,4.131692,99.90625
08:01:41,912810UD8,TSRYS5870973,D,S,D,2024-09-23,1000000.00,4.131692,99.90625
08:01:41,912810UD8,TSRYS5870973,D,S,D,2024-09-23,1000000.00,4.131692,99.90625
08:01:41,912810UD8,TSRYS5870973,D,S,D,2024-09-23,1000000.00,4.128213,99.953125
08:01:41,912810UD8,TSRYS5870973,D,S,D,2024-09-23,1000000.00,4.128213,99.953125
08:01:41,912810UD8,TSRYS5870973,D,S,D,2024-09-23,1000000.00,4.129082,99.94140625
08:01:41,912810UD8,TSRYS5870973,D,S,D,2024-09-23,1000000.00,4.129227,99.939453125
08:01:41,912810UD8,TSRYS5870973,D,S,T,2024-09-23,1000000.00,4.139965,99.794921875
08:01:41,912810UD8,TSRYS5870973,D,S,D,2024-09-23,9000000.00,4.127531,99.96231
08:01:41,912810UD8,TSRYS5870973,D,S,T,2024-09-23,1000000.00,4.139965,99.794921875
08:01:41,912810UD8,TSRYS5870973,D,S,T,2024-09-23,2000000.00,4.139965,99.794921875
08:01:41,912810UD8,TSRYS5870973,D,S,T,2024-09-23,1000000.00,4.139965,99.794921875
08:01:42,912810UD8,TSRYS5870973,D,S,T,2024-09-23,1000000.00,4.127053,99.96875
08:01:42,912810UD8,TSRYS5870973,D,S,T,2024-09-23,1000000.00,4.127053,99.96875
08:01:42,912810UD8,TSRYS5870973,D,S,T,2024-09-23,1000000.00,4.127062,99.968625
08:01:42,912810UD8,TSRYS5870973,D,S,T,2024-09-23,1000000.00,4.127062,99.968625
08:01:42,912810UD8,TSRYS5870973,D,S,T,2024-09-23,1000000.00,4.127053,99.96875
08:01:42,912810UD8,TSRYS5870973,D,S,T,2024-09-23,1000000.00,4.127062,99.968625
08:01:42,912810UD8,TSRYS5870973,D,S,D,2024-09-23,1000000.00,4.132708,99.892578125
08:01:42,912810UD8,TSRYS5870973,D,S,T,2024-09-23,1000000.00,4.126473,99.9765625
08:01:42,912810UD8,TSRYS5870973,D,S,T,2024-09-23,1000000.00,4.126483,99.9764375
08:01:43,912810UD8,TSRYS5870973,D,S,D,2024-09-23,1000000.00,4.132998,99.888671875
08:01:43,912810UD8,TSRYS5870973,D,S,D,2024-09-23,1000000.00,4.133143,99.88671875
08:01:43,912810UD8,TSRYS5870973,D,S,T,2024-09-23,1000000.00,4.126483,99.9764375
08:01:43,912810UD8,TSRYS5870973,D,S,D,2024-09-23,1000000.00,4.133143,99.88671875
08:01:43,912810UD8,TSRYS5870973,D,S,D,2024-09-23,1000000.00,4.128213,99.953125
08:01:43,912810UD8,TSRYS5870973,D,S,T,2024-09-23,1000000.00,4.128502,99.94921875
08:01:43,912810UD8,TSRYS5870973,D,S,D,2024-09-23,1000000.00,4.128357,99.95117187
08:01:43,912810UD8,TSRYS5870973,D,S,C,2024-09-23,1000000.00,4.128357,99.95117187
08:01:43,912810UD8,TSRYS5870973,D,S,D,2024-09-23,1000000.00,4.128502,99.94921875
08:01:43,912810UD8,TSRYS5870973,D,S,D,2024-09-23,1000000.00,4.128502,99.94921875
08:01:43,912810UD8,TSRYS5870973,D,S,D,2024-09-23,1000000.00,4.128502,99.94921875
08:01:43,912810UD8,TSRYS5870973,D,S,D,2024-09-23,1000000.00,4.128502,99.94921875
08:01:43,912810UD8,TSRYS5870973,D,S,D,2024-09-23,1000000.00,4.128502,99.94921875
08:01:43,912810UD8,TSRYS5870973,D,S,D,2024-09-23,1000000.00,4.128502,99.94921875
08:01:43,912810UD8,TSRYS5870973,D,S,D,2024-09-23,1000000.00,4.128502,99.94921875
08:01:43,912810UD8,TSRYS5870973,D,S,D,2024-09-23,1000000.00,4.128647,99.94726562
08:01:43,912810UD8,TSRYS5870973,D,S,D,2024-09-23,1000000.00,4.128647,99.94726562
08:01:43,912810UD8,TSRYS5870973,D,B,C,2024-09-23,20000000.00,4.128533,99.94881
08:01:43,912810UD8,TSRYS5870973,D,S,D,2024-09-23,1000000.00,4.130097,99.927734375
08:01:43,912810UD8,TSRYS5870973,D,S,D,2024-09-23,1000000.00,4.130097,99.927734375
08:01:43,912810UD8,TSRYS5870973,D,S,D,2024-09-23,1000000.00,4.130097,99.927734375
08:01:43,912810UD8,TSRYS5870973,D,S,D,2024-09-23,1000000.00,4.130097,99.927734375
08:01:44,912810UD8,TSRYS5870973,D,S,D,2024-09-23,1000000.00,4.128792,99.9453125
08:01:44,912810UD8,TSRYS5870973,D,S,D,2024-09-23,1000000.00,4.128792,99.9453125
08:01:44,912810UD8,TSRYS5870973,D,S,D,2024-09-23,1000000.00,4.127343,99.96484375
08:01:45,912810UD8,TSRYS5870973,D,S,D,2024-09-23,1000000.00,4.130097,99.927734375
08:01:45,912810UD8,TSRYS5870973,D,S,C,2024-09-23,9000000.00,4.13315,99.88662
08:01:46,912810UD8,TSRYS5870973,D,S,D,2024-09-23,1000000.00,4.125169,99.994140625
08:01:46,912810UD8,TSRYS5870973,D,S,A,2024-09-23,450000.00,4.129662,99.93359375
08:01:46,912810UD8,TSRYS5870973,D,S,A,2024-09-23,89000.00,4.129662,99.93359375
08:01:46,912810UD8,TSRYS5870973,D,S,D,2024-09-23,1000000.00,4.125894,99.984375
08:01:46,912810UD8,TSRYS5870973,D,S,A,2024-09-23,185000.00,4.129952,99.9296875
08:01:46,912810UD8,TSRYS5870973,D,S,T,2024-09-23,1000000.00,4.127063,99.96862
08:01:46,912810UD8,TSRYS5870973,D,S,D,2024-09-23,1000000.00,4.125894,99.984375
08:01:47,912810UD8,TSRYS5870973,D,S,D,2024-09-23,11000000.00,4.128749,99.9459
08:01:47,912810UD8,TSRYS5870973,D,S,T,2024-09-23,1000000.00,4.135184,99.85925
08:01:47,912810UD8,TSRYS5870973,D,S,T,2024-09-23,1000000.00,4.135184,99.85925
08:01:47,912810UD8,TSRYS5870973,D,S,D,2024-09-23,1000000.00,4.126184,99.98046875
08:01:47,912810UD8,TSRYS5870973,D,S,T,2024-09-23,1000000.00,4.135464,99.85546875
08:01:47,912810UD8,TSRYS5870973,D,S,D,2024-09-23,1000000.00,4.127343,99.96484375
08:01:47,912810UD8,TSRYS5870973,D,S,D,2024-09-23,1000000.00,4.128213,99.953125
08:01:48,912810UD8,TSRYS5870973,D,S,D,2024-09-23,1000000.00,4.128213,99.953125
08:01:48,912810UD8,TSRYS5870973,D,S,D,2024-09-23,1000000.00,4.127343,99.96484375
08:01:48,912810UD8,TSRYS5870973,D,S,D,2024-09-23,1000000.00,4.127343,99.96484375
08:01:48,912810UD8,TSRYS5870973,D,S,D,2024-09-23,1000000.00,4.125894,99.984375
08:01:48,912810UD8,TSRYS5870973,D,S,D,2024-09-23,1000000.00,4.125894,99.984375
08:01:48,912810UD8,TSRYS5870973,D,S,A,2024-09-23,220000.00,4.127633,99.9609375
08:01:48,912810UD8,TSRYS5870973,D,S,D,2024-09-23,1000000.00,4.125894,99.984375
08:01:49,912810UD8,TSRYS5870973,D,S,D,2024-09-23,1000000.00,4.126763,99.97265625
08:01:49,912810UD8,TSRYS5870973,D,S,D,2024-09-23,1000000.00,4.126763,99.97265625
08:01:49,912810UD8,TSRYS5870973,D,S,D,2024-09-23,1000000.00,4.127053,99.96875
08:01:49,912810UD8,TSRYS5870973,D,S,D,2024-09-23,1000000.00,4.126908,99.970703125
08:01:49,912810UD8,TSRYS5870973,D,S,D,2024-09-23,1000000.00,4.127343,99.96484375
08:01:50,912810UD8,TSRYS5870973,D,S,D,2024-09-23,1000000.00,4.127488,99.962890625
08:01:50,912810UD8,TSRYS5870973,D,S,C,2024-09-23,1000000.00,4.127053,99.96875
08:01:50,912810UD8,TSRYS5870973,D,S,C,2024-09-23,1000000.00,4.127053,99.96875
08:01:50,912810UD8,TSRYS5870973,D,S,D,2024-09-23,1000000.00,4.127053,99.96875
08:01:50,912810UD8,TSRYS5870973,D,S,D,2024-09-23,1000000.00,4.127053,99.96875
08:01:50,912810UD8,TSRYS5870973,D,S,D,2024-09-23,1000000.00,4.125894,99.984375
08:01:50,912810UD8,TSRYS5870973,D,B,C,2024-09-23,1000000.00,4.125894,99.984375
08:01:50,912810UD8,TSRYS5870973,D,S,D,2024-09-23,1000000.00,4.126473,99.9765625
08:01:50,912810UD8,TSRYS5870973,D,S,D,2024-09-23,1000000.00,4.127343,99.96484375
08:01:50,912810UD8,TSRYS5870973,D,S,D,2024-09-23,1000000.00,4.127343,99.96484375
08:01:50,912810UD8,TSRYS5870973,D,S,C,2024-09-23,1000000.00,4.128213,99.953125
08:01:50,912810UD8,TSRYS5870973,D,S,C,2024-09-23,1000000.00,4.128357,99.951171875
08:01:50,912810UD8,TSRYS5870973,D,S,D,2024-09-23,1000000.00,4.128502,99.94921875
08:01:50,912810UD8,TSRYS5870973,D,S,D,2024-09-23,1000000.00,4.127053,99.96875
08:01:50,912810UD8,TSRYS5870973,D,S,C,2024-09-23,1000000.00,4.127053,99.96875
08:01:50,912810UD8,TSRYS5870973,D,S,D,2024-09-23,1000000.00,4.127053,99.96875
08:01:50,912810UD8,TSRYS5870973,D,S,D,2024-09-23,1000000.00,4.126473,99.9765625
08:01:50,912810UD8,TSRYS5870973,D,S,D,2024-09-23,1000000.00,4.125169,99.994140625
08:01:50,912810UD8,TSRYS5870973,D,S,A,2024-09-23,27000.00,4.125894,99.984375
08:01:50,912810UD8,TSRYS5870973,D,S,D,2024-09-23,1000000.00,4.125749,99.986328125
08:01:50,912810UD8,TSRYS5870973,D,S,D,2024-09-23,1000000.00,4.125749,99.986328125
08:01:50,912810UD8,TSRYS5870973,D,S,D,2024-09-23,1000000.00,4.125894,99.984375
08:01:51,912810UD8,TSRYS5870973,D,S,D,2024-09-23,200000.00,4.146475,99.70743125
08:01:51,912810UD8,TSRYS5870973,D,S,C,2024-09-23,3735000.00,4.138658,99.8125
08:01:51,912810UD8,TSRYS5870973,D,S,D,2024-09-23,3735000.00,4.138658,99.8125
08:01:51,912810UD8,TSRYS5870973,D,S,D,2024-09-23,1000000.00,4.128357,99.951171875
08:01:52,912810UD8,TSRYS5870973,D,S,D,2024-09-23,1000000.00,4.128937,99.943359375
08:01:52,912810UD8,TSRYS5870973,D,S,D,2024-09-23,1000000.00,4.128792,99.9453125
08:01:54,912810UD8,TSRYS5870973,D,S,D,2024-09-23,1000000.00,4.143307,99.75
08:01:56,912810UD8,TSRYS5870973,D,S,A,2024-09-23,140300.00,4.133719,99.87890625
08:01:56,912810UD8,TSRYS5870973,D,S,C,2024-09-23,2000000.00,4.138949,99.80859375
08:01:56,912810UD8,TSRYS5870973,D,S,T,2024-09-23,1000000.00,4.138658,99.8125
08:01:56,912810UD8,TSRYS5870973,D,S,D,2024-09-23,1000000.00,4.138658,99.8125
08:01:56,912810UD8,TSRYS5870973,D,S,D,2024-09-23,1000000.00,4.138658,99.8125
08:01:56,912810UD8,TSRYS5870973,D,S,D,2024-09-23,1000000.00,4.138658,99.8125
08:01:57,912810UD8,TSRYS5870973,D,S,D,2024-09-23,1000000.00,4.138658,99.8125
08:01:57,912810UD8,TSRYS5870973,D,S,D,2024-09-23,1000000.00,4.138658,99.8125
08:01:57,912810UD8,TSRYS5870973,D,S,D,2024-09-23,1000000.00,4.13953,99.80078125
08:01:57,912810UD8,TSRYS5870973,D,S,D,2024-09-23,1000000.00,4.13953,99.80078125
08:01:57,912810UD8,TSRYS5870973,D,S,T,2024-09-23,1000000.00,4.139675,99.79882812
08:01:57,912810UD8,TSRYS5870973,D,S,D,2024-09-23,1000000.00,4.13953,99.80078125
08:01:57,912810UD8,TSRYS5870973,D,S,D,2024-09-23,1000000.00,4.139675,99.79882812
08:01:57,912810UD8,TSRYS5870973,D,S,T,2024-09-23,1000000.00,4.139384,99.80273437
08:01:57,912810UD8,TSRYS5870973,D,S,D,2024-09-23,1000000.00,4.139384,99.80273437
08:01:57,912810UD8,TSRYS5870973,D,S,D,2024-09-23,1000000.00,4.139384,99.80273437
08:01:57,912810UD8,TSRYS5870973,D,S,T,2024-09-23,1000000.00,4.139239,99.8046875
08:01:57,912810UD8,TSRYS5870973,D,S,D,2024-09-23,1000000.00,4.139239,99.8046875
08:01:57,912810UD8,TSRYS5870973,D,S,D,2024-09-23,1000000.00,4.13953,99.80078125
08:01:57,912810UD8,TSRYS5870973,D,S,C,2024-09-23,1000000.00,4.140111,99.79296875
08:01:58,912810UD8,TSRYS5870973,D,S,D,2024-09-23,1000000.00,4.139675,99.79882812
08:01:58,912810UD8,TSRYS5870973,D,S,T,2024-09-23,1000000.00,4.13982,99.796875
08:01:58,912810UD8,TSRYS5870973,D,S,D,2024-09-23,1000000.00,4.13953,99.80078125
08:01:58,912810UD8,TSRYS5870973,D,S,T,2024-09-23,1000000.00,4.139675,99.79882812
08:01:58,912810UD8,TSRYS5870973,D,S,T,2024-09-23,1000000.00,4.13953,99.80078125
08:01:58,912810UD8,TSRYS5870973,D,S,T,2024-09-23,2000000.00,4.139675,99.79882812
08:01:58,912810UD8,TSRYS5870973,D,S,T,2024-09-23,1000000.00,4.139675,99.79882812
08:01:58,912810UD8,TSRYS5870973,D,S,D,2024-09-23,1000000.00,4.139675,99.79882812
08:01:58,912810UD8,TSRYS5870973,D,S,T,2024-09-23,1000000.00,4.139239,99.8046875
08:01:58,912810UD8,TSRYS5870973,D,S,D,2024-09-23,1000000.00,4.139239,99.8046875
08:01:58,912810UD8,TSRYS5870973,D,S,D,2024-09-23,1000000.00,4.131982,99.90234375
08:01:58,912810UD8,TSRYS5870973,D,S,D,2024-09-23,1000000.00,4.132127,99.900390625
08:01:59,912810UD8,TSRYS5870973,D,S,D,2024-09-23,1000000.00,4.128502,99.94921875
08:01:59,912810UD8,TSRYS5870973,D,B,A,2024-09-23,623000.00,4.132563,99.89453125
08:02:00,912810UD8,TSRYS5870973,D,S,T,2024-09-23,1000000.00,4.128792,99.9453125
08:02:00,912810UD8,TSRYS5870973,D,S,T,2024-09-23,1000000.00,4.128792,99.9453125
08:02:00,912810UD8,TSRYS5870973,D,S,T,2024-09-23,1000000.00,4.127343,99.96484375
08:02:00,912810UD8,TSRYS5870973,D,S,T,2024-09-23,1000000.00,4.130097,99.927734375
08:02:00,912810UD8,TSRYS5870973,D,S,D,2024-09-23,2000000.00,4.129662,99.93359375
08:02:00,912810UD8,TSRYS5870973,D,S,T,2024-09-23,1000000.00,4.125169,99.994140625
08:02:00,912810UD8,TSRYS5870973,D,S,T,2024-09-23,1000000.00,4.127343,99.96484375
08:02:00,912810UD8,TSRYS5870973,D,S,T,2024-09-23,1000000.00,4.127343,99.96484375
08:02:00,912810UD8,TSRYS5870973,D,S,D,2024-09-23,1000000.00,4.125894,99.984375
08:02:00,912810UD8,TSRYS5870973,D,S,A,2024-09-23,3709000.00,4.127633,99.9609375
08:02:00,912810UD8,TSRYS5870973,D,S,D,2024-09-23,1000000.00,4.139239,99.8046875
08:02:00,912810UD8,TSRYS5870973,D,S,D,2024-09-23,1000000.00,4.139239,99.8046875
08:02:00,912810UD8,TSRYS5870973,D,S,D,2024-09-23,1000000.00,4.139239,99.8046875
08:02:00,912810UD8,TSRYS5870973,D,S,D,2024-09-23,1000000.00,4.139239,99.8046875
08:02:00,912810UD8,TSRYS5870973,D,S,D,2024-09-23,1000000.00,4.140982,99.78125
08:02:00,912810UD8,TSRYS5870973,D,S,T,2024-09-23,1000000.00,4.143307,99.75
08:02:00,912810UD8,TSRYS5870973,D,S,T,2024-09-23,1000000.00,4.143307,99.75
08:02:00,912810UD8,TSRYS5870973,D,S,T,2024-09-23,1000000.00,4.140982,99.78125
08:02:00,912810UD8,TSRYS5870973,D,S,T,2024-09-23,1000000.00,4.137497,99.828125
08:02:00,912810UD8,TSRYS5870973,D,S,T,2024-09-23,1000000.00,4.13982,99.796875
08:02:00,912810UD8,TSRYS5870973,D,S,T,2024-09-23,1000000.00,4.13982,99.796875
08:02:00,912810UD8,TSRYS5870973,D,S,T,2024-09-23,1000000.00,4.140982,99.78125
08:02:00,912810UD8,TSRYS5870973,D,S,T,2024-09-23,1000000.00,4.143307,99.75
08:02:00,912810UD8,TSRYS5870973,D,S,T,2024-09-23,1000000.00,4.136335,99.84375
08:02:00,912810UD8,TSRYS5870973,D,S,T,2024-09-23,1000000.00,4.136335,99.84375
08:02:00,912810UD8,TSRYS5870973,D,S,T,2024-09-23,1000000.00,4.134013,99.875
08:02:00,912810UD8,TSRYS5870973,D,S,T,2024-09-23,1000000.00,4.131692,99.90625
08:02:00,912810UD8,TSRYS5870973,D,S,T,2024-09-23,1000000.00,4.127053,99.96875
08:02:01,912810UD8,TSRYS5870973,D,S,T,2024-09-23,1000000.00,4.125894,99.984375
08:02:01,912810UD8,TSRYS5870973,D,S,T,2024-09-23,1000000.00,4.129372,99.9375
08:02:01,912810UD8,TSRYS5870973,D,S,T,2024-09-23,1000000.00,4.128213,99.953125
08:02:01,912810UD8,TSRYS5870973,D,S,T,2024-09-23,1000000.00,4.129372,99.9375
08:02:01,912810UD8,TSRYS5870973,D,S,T,2024-09-23,1000000.00,4.128213,99.953125
08:02:01,912810UD8,TSRYS5870973,D,S,T,2024-09-23,1000000.00,4.132853,99.890625
08:02:01,912810UD8,TSRYS5870973,D,B,C,2024-09-23,1000000.00,4.14447,99.734375
08:02:01,912810UD8,TSRYS5870973,D,S,D,2024-09-23,1000000.00,4.144458,99.734527
08:02:01,912810UD8,TSRYS5870973,D,S,T,2024-09-23,1000000.00,4.132853,99.890625
08:02:01,912810UD8,TSRYS5870973,D,S,T,2024-09-23,1000000.00,4.125894,99.984375
08:02:01,912810UD8,TSRYS5870973,D,S,T,2024-09-23,1000000.00,4.125894,99.984375
08:02:01,912810UD8,TSRYS5870973,D,S,T,2024-09-23,1000000.00,4.125894,99.984375
08:02:01,912810UD8,TSRYS5870973,D,S,T,2024-09-23,1000000.00,4.125894,99.984375
08:02:01,912810UD8,TSRYS5870973,D,S,T,2024-09-23,1000000.00,4.125894,99.984375
08:02:01,912810UD8,TSRYS5870973,D,S,T,2024-09-23,1000000.00,4.124735,100.0
08:02:01,912810UD8,TSRYS5870973,D,S,T,2024-09-23,1000000.00,4.124735,100.0
08:02:01,912810UD8,TSRYS5870973,D,S,T,2024-09-23,1000000.00,4.125894,99.984375
08:02:01,912810UD8,TSRYS5870973,D,S,T,2024-09-23,1000000.00,4.124735,100.0
08:02:01,912810UD8,TSRYS5870973,D,S,T,2024-09-23,1000000.00,4.124735,100.0
08:02:01,912810UD8,TSRYS5870973,D,S,T,2024-09-23,1000000.00,4.127053,99.96875
08:02:01,912810UD8,TSRYS5870973,D,S,T,2024-09-23,1000000.00,4.127053,99.96875
08:02:01,912810UD8,TSRYS5870973,D,S,T,2024-09-23,1000000.00,4.125894,99.984375
08:02:01,912810UD8,TSRYS5870973,D,S,T,2024-09-23,1000000.00,4.125894,99.984375
08:02:01,912810UD8,TSRYS5870973,D,S,T,2024-09-23,1000000.00,4.129372,99.9375
08:02:01,912810UD8,TSRYS5870973,D,S,T,2024-09-23,1000000.00,4.128213,99.953125
08:02:01,912810UD8,TSRYS5870973,D,S,T,2024-09-23,1000000.00,4.128213,99.953125
08:02:01,912810UD8,TSRYS5870973,D,S,T,2024-09-23,1000000.00,4.128213,99.953125
08:02:01,912810UD8,TSRYS5870973,D,S,T,2024-09-23,1000000.00,4.128213,99.953125
08:02:01,912810UD8,TSRYS5870973,D,S,T,2024-09-23,1000000.00,4.127053,99.96875
08:02:01,912810UD8,TSRYS5870973,D,S,T,2024-09-23,1000000.00,4.125894,99.984375
08:02:01,912810UD8,TSRYS5870973,D,S,T,2024-09-23,1000000.00,4.127053,99.96875
08:02:01,912810UD8,TSRYS5870973,D,S,T,2024-09-23,1000000.00,4.132853,99.890625
08:02:01,912810UD8,TSRYS5870973,D,S,T,2024-09-23,1000000.00,4.134013,99.875
08:02:01,912810UD8,TSRYS5870973,D,S,T,2024-09-23,1000000.00,4.135174,99.859375
08:02:01,912810UD8,TSRYS5870973,D,S,D,2024-09-23,1000000.00,4.133868,99.876953125
08:02:02,912810UD8,TSRYS5870973,D,S,T,2024-09-23,1000000.00,4.127053,99.96875
08:02:02,912810UD8,TSRYS5870973,D,S,T,2024-09-23,1000000.00,4.129372,99.9375
08:02:02,912810UD8,TSRYS5870973,D,B,C,2024-09-23,1000000.00,4.145633,99.71875
08:02:02,912810UD8,TSRYS5870973,D,B,C,2024-09-23,1000000.00,4.145633,99.71875
08:02:02,912810UD8,TSRYS5870973,D,S,T,2024-09-23,1000000.00,4.131692,99.90625
08:02:02,912810UD8,TSRYS5870973,D,S,T,2024-09-23,1000000.00,4.131692,99.90625
08:02:02,912810UD8,TSRYS5870973,D,S,T,2024-09-23,1000000.00,4.131692,99.90625
08:02:02,912810UD8,TSRYS5870973,D,S,C,2024-09-23,1000000.00,4.145633,99.71875
08:02:02,912810UD8,TSRYS5870973,D,S,C,2024-09-23,1000000.00,4.145633,99.71875
08:02:02,912810UD8,TSRYS5870973,D,S,T,2024-09-23,1000000.00,4.135174,99.859375
08:02:02,912810UD8,TSRYS5870973,D,S,T,2024-09-23,1000000.00,4.135174,99.859375
08:02:02,912810UD8,TSRYS5870973,D,S,T,2024-09-23,1000000.00,4.134013,99.875
08:02:02,912810UD8,TSRYS5870973,D,S,T,2024-09-23,1000000.00,4.137497,99.828125
08:02:02,912810UD8,TSRYS5870973,D,S,T,2024-09-23,1000000.00,4.136335,99.84375
08:02:02,912810UD8,TSRYS5870973,D,S,T,2024-09-23,1000000.00,4.136335,99.84375
08:02:02,912810UD8,TSRYS5870973,D,S,T,2024-09-23,1000000.00,4.136335,99.84375
08:02:02,912810UD8,TSRYS5870973,D,S,T,2024-09-23,1000000.00,4.135174,99.859375
08:02:02,912810UD8,TSRYS5870973,D,S,T,2024-09-23,1000000.00,4.134013,99.875
08:02:02,912810UD8,TSRYS5870973,D,S,T,2024-09-23,1000000.00,4.135174,99.859375
08:02:02,912810UD8,TSRYS5870973,D,S,T,2024-09-23,1000000.00,4.135174,99.859375
08:02:02,912810UD8,TSRYS5870973,D,S,T,2024-09-23,1000000.00,4.137497,99.828125
08:02:02,912810UD8,TSRYS5870973,D,S,T,2024-09-23,2000000.00,4.137497,99.828125
08:02:02,912810UD8,TSRYS5870973,D,S,T,2024-09-23,1000000.00,4.142144,99.765625
08:02:02,912810UD8,TSRYS5870973,D,S,D,2024-09-23,1000000.00,4.146796,99.703125
08:02:02,912810UD8,TSRYS5870973,D,S,T,2024-09-23,1000000.00,4.136335,99.84375
08:02:02,912810UD8,TSRYS5870973,D,S,T,2024-09-23,1000000.00,4.137497,99.828125
08:02:02,912810UD8,TSRYS5870973,D,S,T,2024-09-23,1000000.00,4.137497,99.828125
08:02:02,912810UD8,TSRYS5870973,D,S,T,2024-09-23,1000000.00,4.138658,99.8125
08:02:02,912810UD8,TSRYS5870973,D,S,T,2024-09-23,1000000.00,4.137497,99.828125
08:02:02,912810UD8,TSRYS5870973,D,S,T,2024-09-23,1000000.00,4.13982,99.796875
08:02:02,912810UD8,TSRYS5870973,D,S,T,2024-09-23,1000000.00,4.140982,99.78125
08:02:02,912810UD8,TSRYS5870973,D,S,T,2024-09-23,1000000.00,4.13982,99.796875
08:02:02,912810UD8,TSRYS5870973,D,B,C,2024-09-23,1000000.00,4.146796,99.703125
08:02:02,912810UD8,TSRYS5870973,D,B,C,2024-09-23,1000000.00,4.146796,99.703125
08:02:02,912810UD8,TSRYS5870973,D,S,C,2024-09-23,1000000.00,4.146796,99.703125
08:02:02,912810UD8,TSRYS5870973,D,B,C,2024-09-23,1000000.00,4.145633,99.71875
08:02:02,912810UD8,TSRYS5870973,D,B,C,2024-09-23,1000000.00,4.145633,99.71875
08:02:02,912810UD8,TSRYS5870973,D,S,C,2024-09-23,1000000.00,4.145618,99.71895
08:02:02,912810UD8,TSRYS5870973,D,S,C,2024-09-23,1000000.00,4.145618,99.71895
08:02:02,912810UD8,TSRYS5870973,D,S,T,2024-09-23,1000000.00,4.138673,99.8123
08:02:02,912810UD8,TSRYS5870973,D,S,D,2024-09-23,1000000.00,4.138658,99.8125
08:02:02,912810UD8,TSRYS5870973,D,S,T,2024-09-23,1000000.00,4.138658,99.8125
08:02:02,912810UD8,TSRYS5870973,D,S,D,2024-09-23,1000000.00,4.138803,99.81054687
08:02:03,912810UD8,TSRYS5870973,D,S,T,2024-09-23,1000000.00,4.138803,99.81054687
08:02:03,912810UD8,TSRYS5870973,D,S,D,2024-09-23,1000000.00,4.129662,99.93359375
08:02:03,912810UD8,TSRYS5870973,D,S,D,2024-09-23,1000000.00,4.129807,99.931640625
08:02:03,912810UD8,TSRYS5870973,D,S,D,2024-09-23,1000000.00,4.138803,99.81054687
08:02:03,912810UD8,TSRYS5870973,D,S,T,2024-09-23,1000000.00,4.138658,99.8125
08:02:03,912810UD8,TSRYS5870973,D,S,D,2024-09-23,1000000.00,4.145625,99.718852
08:02:03,912810UD8,TSRYS5870973,D,S,T,2024-09-23,1000000.00,4.138658,99.8125
08:02:03,912810UD8,TSRYS5870973,D,S,T,2024-09-23,1000000.00,4.138658,99.8125
08:02:03,912810UD8,TSRYS5870973,D,S,D,2024-09-23,1000000.00,4.138658,99.8125
08:02:03,912810UD8,TSRYS5870973,D,B,C,2024-09-23,1000000.00,4.145633,99.71875
08:02:03,912810UD8,TSRYS5870973,D,S,D,2024-09-23,1000000.00,4.145633,99.71875
08:02:03,912810UD8,TSRYS5870973,D,B,C,2024-09-23,1000000.00,4.145633,99.71875
08:02:03,912810UD8,TSRYS5870973,D,S,C,2024-09-23,1000000.00,4.145618,99.71895
08:02:03,912810UD8,TSRYS5870973,D,B,C,2024-09-23,1000000.00,4.145633,99.71875
08:02:03,912810UD8,TSRYS5870973,D,S,C,2024-09-23,1000000.00,4.145618,99.71895
08:02:03,912810UD8,TSRYS5870973,D,S,T,2024-09-23,1000000.00,4.138658,99.8125
08:02:03,912810UD8,TSRYS5870973,D,S,T,2024-09-23,1000000.00,4.138673,99.8123
08:02:03,912810UD8,TSRYS5870973,D,S,T,2024-09-23,1000000.00,4.138673,99.8123
08:02:03,912810UD8,TSRYS5870973,D,S,D,2024-09-23,1000000.00,4.138658,99.8125
08:02:04,912810UD8,TSRYS5870973,D,S,D,2024-09-23,1000000.00,4.146796,99.703125
08:02:04,912810UD8,TSRYS5870973,D,S,D,2024-09-23,1000000.00,4.138803,99.81054687
08:02:04,912810UD8,TSRYS5870973,D,S,D,2024-09-23,1000000.00,4.138513,99.81445312
08:02:04,912810UD8,TSRYS5870973,D,S,D,2024-09-23,1000000.00,4.13619,99.845703125
08:02:04,912810UD8,TSRYS5870973,D,B,C,2024-09-23,16000000.00,4.138765,99.81107
08:02:04,912810UD8,TSRYS5870973,D,S,D,2024-09-23,1000000.00,4.140837,99.78320312
08:02:04,912810UD8,TSRYS5870973,D,S,D,2024-09-23,1000000.00,4.140837,99.78320312
08:02:04,912810UD8,TSRYS5870973,D,S,D,2024-09-23,1000000.00,4.140837,99.78320312
08:02:04,912810UD8,TSRYS5870973,D,S,D,2024-09-23,2000000.00,4.140692,99.78515625
08:02:04,912810UD8,TSRYS5870973,D,S,D,2024-09-23,1000000.00,4.143307,99.75
08:02:04,912810UD8,TSRYS5870973,D,S,D,2024-09-23,1000000.00,4.140692,99.78515625
08:02:04,912810UD8,TSRYS5870973,D,S,D,2024-09-23,1000000.00,4.143307,99.75
08:02:04,912810UD8,TSRYS5870973,D,S,D,2024-09-23,1000000.00,4.143307,99.75
08:02:04,912810UD8,TSRYS5870973,D,S,T,2024-09-23,2000000.00,4.140982,99.78125
08:02:04,912810UD8,TSRYS5870973,D,B,C,2024-09-23,1000000.00,4.143322,99.7498
08:02:04,912810UD8,TSRYS5870973,D,S,T,2024-09-23,1000000.00,4.140982,99.78125
08:02:04,912810UD8,TSRYS5870973,D,S,D,2024-09-23,1000000.00,4.140692,99.78515625
08:02:04,912810UD8,TSRYS5870973,D,S,D,2024-09-23,1000.00,4.140371,99.7894625
08:02:04,912810UD8,TSRYS5870973,D,B,C,2024-09-23,2000000.00,4.140692,99.78515625
08:02:04,912810UD8,TSRYS5870973,D,S,C,2024-09-23,1000000.00,4.140971,99.7814
08:02:04,912810UD8,TSRYS5870973,D,S,D,2024-09-23,1000000.00,4.13561,99.853515625
08:02:04,912810UD8,TSRYS5870973,D,S,D,2024-09-23,1000000.00,4.13561,99.853515625
08:02:04,912810UD8,TSRYS5870973,D,S,D,2024-09-23,1000000.00,4.13561,99.853515625
08:02:05,912810UD8,TSRYS5870973,D,S,D,2024-09-23,1000000.00,4.136335,99.84375
08:02:05,912810UD8,TSRYS5870973,D,B,C,2024-09-23,10000000.00,4.140845,99.78309
08:02:05,912810UD8,TSRYS5870973,D,S,C,2024-09-23,700000.00,4.137206,99.83203125
08:02:06,912810UD8,TSRYS5870973,D,S,D,2024-09-23,1000000.00,4.134594,99.8671875
08:02:06,912810UD8,TSRYS5870973,D,S,D,2024-09-23,26000000.00,4.139989,99.7946
08:02:08,912810UD8,TSRYS5870973,D,S,D,2024-09-23,1000000.00,4.135464,99.85546875
08:02:08,912810UD8,TSRYS5870973,D,S,A,2024-09-23,1000000.00,4.140692,99.78515625
08:02:12,912810UD8,TSRYS5870973,D,S,D,2024-09-23,1000000.00,4.139239,99.8046875
08:02:12,912810UD8,TSRYS5870973,D,S,A,2024-09-23,259000.00,4.125604,99.98828125
08:02:12,912810UD8,TSRYS5870973,D,S,D,2024-09-23,1000000.00,4.139239,99.8046875
08:02:12,912810UD8,TSRYS5870973,D,S,T,2024-09-23,1000000.00,4.138803,99.810546875
08:02:12,912810UD8,TSRYS5870973,D,B,C,2024-09-23,3000000.00,4.139401,99.802509375
08:02:12,912810UD8,TSRYS5870973,D,S,D,2024-09-23,1000000.00,4.136771,99.837890625
08:02:13,912810UD8,TSRYS5870973,D,S,D,2024-09-23,30000000.00,4.139381,99.80278
08:02:13,912810UD8,TSRYS5870973,D,S,D,2024-09-23,1000000.00,4.138658,99.8125
08:02:13,912810UD8,TSRYS5870973,D,S,D,2024-09-23,1000000.00,4.139675,99.798828125
08:02:13,912810UD8,TSRYS5870973,D,S,D,2024-09-23,1000000.00,4.139384,99.802734375
08:02:13,912810UD8,TSRYS5870973,D,S,D,2024-09-23,1000000.00,4.139239,99.8046875
08:02:13,912810UD8,TSRYS5870973,D,S,D,2024-09-23,1000000.00,4.13982,99.796875
08:02:13,912810UD8,TSRYS5870973,D,S,D,2024-09-23,1000000.00,4.13953,99.80078125
08:02:13,912810UD8,TSRYS5870973,D,S,D,2024-09-23,1000000.00,4.139675,99.798828125
08:02:13,912810UD8,TSRYS5870973,D,S,D,2024-09-23,2000000.00,4.139675,99.798828125
08:02:13,912810UD8,TSRYS5870973,D,S,D,2024-09-23,1000000.00,4.139675,99.798828125
08:02:13,912810UD8,TSRYS5870973,D,S,D,2024-09-23,1000000.00,4.139239,99.8046875
08:02:14,912810UD8,TSRYS5870973,D,S,D,2024-09-23,1000000.00,4.138077,99.8203125
08:02:14,912810UD8,TSRYS5870973,D,S,D,2024-09-23,1000000.00,4.137932,99.822265625
08:02:15,912810UD8,TSRYS5870973,D,S,D,2024-09-23,1000000.00,4.137351,99.830078125
08:02:15,912810UD8,TSRYS5870973,D,S,D,2024-09-23,1000000.00,4.138658,99.8125
08:02:15,912810UD8,TSRYS5870973,D,S,D,2024-09-23,1000000.00,4.138803,99.810546875
08:02:15,912810UD8,TSRYS5870973,D,S,D,2024-09-23,1000000.00,4.138658,99.8125
08:02:15,912810UD8,TSRYS5870973,D,S,D,2024-09-23,1000000.00,4.138658,99.8125
08:02:16,912810UD8,TSRYS5870973,D,S,D,2024-09-23,1000000.00,4.138658,99.8125
08:02:16,912810UD8,TSRYS5870973,D,S,C,2024-09-23,50MM+,4.131692,99.90625
08:02:16,912810UD8,TSRYS5870973,D,S,D,2024-09-23,1000000.00,4.138658,99.8125
08:02:16,912810UD8,TSRYS5870973,D,S,D,2024-09-23,1000000.00,4.141999,99.767578125
08:02:16,912810UD8,TSRYS5870973,D,S,D,2024-09-23,1000000.00,4.142144,99.765625
08:02:16,912810UD8,TSRYS5870973,D,S,D,2024-09-23,1000000.00,4.142144,99.765625
08:02:16,912810UD8,TSRYS5870973,D,S,D,2024-09-23,1000000.00,4.140982,99.78125
08:02:16,912810UD8,TSRYS5870973,D,S,D,2024-09-23,1000000.00,4.140982,99.78125
08:02:16,912810UD8,TSRYS5870973,D,S,D,2024-09-23,1000000.00,4.140837,99.783203125
08:02:16,912810UD8,TSRYS5870973,D,S,D,2024-09-23,2000000.00,4.140982,99.78125
08:02:16,912810UD8,TSRYS5870973,D,S,D,2024-09-23,1000000.00,4.140982,99.78125
08:02:16,912810UD8,TSRYS5870973,D,S,D,2024-09-23,1000000.00,4.140982,99.78125
08:02:16,912810UD8,TSRYS5870973,D,S,D,2024-09-23,1000000.00,4.140982,99.78125
08:02:16,912810UD8,TSRYS5870973,D,S,D,2024-09-23,1000000.00,4.140982,99.78125
08:02:16,912810UD8,TSRYS5870973,D,S,D,2024-09-23,1000000.00,4.140401,99.7890625
08:02:16,912810UD8,TSRYS5870973,D,S,D,2024-09-23,1000000.00,4.140401,99.7890625
08:02:16,912810UD8,TSRYS5870973,D,S,D,2024-09-23,1000000.00,4.139965,99.794921875
08:02:16,912810UD8,TSRYS5870973,D,S,D,2024-09-23,1000000.00,4.140111,99.79296875
08:02:16,912810UD8,TSRYS5870973,D,S,D,2024-09-23,1000000.00,4.139965,99.794921875
08:02:16,912810UD8,TSRYS5870973,D,S,D,2024-09-23,1000000.00,4.139965,99.794921875
08:02:16,912810UD8,TSRYS5870973,D,S,D,2024-09-23,1000000.00,4.139965,99.794921875
08:02:17,912810UD8,TSRYS5870973,D,S,D,2024-09-23,1000000.00,4.140401,99.7890625
08:02:17,912810UD8,TSRYS5870973,D,S,D,2024-09-23,2000000.00,4.139965,99.794921875
08:02:17,912810UD8,TSRYS5870973,D,S,D,2024-09-23,1000000.00,4.139965,99.794921875
08:02:17,912810UD8,TSRYS5870973,D,S,D,2024-09-23,1000000.00,4.13982,99.796875
08:02:17,912810UD8,TSRYS5870973,D,S,D,2024-09-23,1000000.00,4.139239,99.8046875
08:02:17,912810UD8,TSRYS5870973,D,S,D,2024-09-23,1000000.00,4.137497,99.828125
08:02:17,912810UD8,TSRYS5870973,D,S,D,2024-09-23,1000000.00,4.138803,99.810546875
08:02:17,912810UD8,TSRYS5870973,D,S,D,2024-09-23,1000000.00,4.139239,99.8046875
08:02:17,912810UD8,TSRYS5870973,D,B,C,2024-09-23,1000000.00,4.139239,99.8046875
08:02:17,912810UD8,TSRYS5870973,D,B,A,2024-09-23,10000000.00,4.134884,99.86328125
08:02:17,912810UD8,TSRYS5870973,D,S,D,2024-09-23,1000000.00,4.13982,99.796875
08:02:18,912810UD8,TSRYS5870973,D,B,C,2024-09-23,1000000.00,4.139831,99.796725
08:02:18,912810UD8,TSRYS5870973,D,S,T,2024-09-23,1000000.00,4.135174,99.859375
08:02:18,912810UD8,TSRYS5870973,D,S,T,2024-09-23,1000000.00,4.13982,99.796875
08:02:18,912810UD8,TSRYS5870973,D,S,T,2024-09-23,1000000.00,4.13982,99.796875
08:02:18,912810UD8,TSRYS5870973,D,B,A,2024-09-23,525000.00,4.135755,99.8515625
08:02:18,912810UD8,TSRYS5870973,D,S,C,2024-09-23,20000.00,4.13982,99.821875
08:02:18,912810UD8,TSRYS5870973,D,S,D,2024-09-23,1000000.00,4.13981,99.797005
08:02:19,912810UD8,TSRYS5870973,D,S,D,2024-09-23,1000000.00,4.13981,99.797005
08:02:21,912810UD8,TSRYS5870973,D,S,A,2024-09-23,290000.00,4.134884,99.86328125
08:02:21,912810UD8,TSRYS5870973,D,S,D,2024-09-23,5000000.00,4.128264,99.952425
08:02:21,912810UD8,TSRYS5870973,D,S,T,2024-09-23,1000000.00,4.129372,99.9375
08:02:21,912810UD8,TSRYS5870973,D,S,D,2024-09-23,5000000.00,4.128264,99.952425
08:02:21,912810UD8,TSRYS5870973,D,S,T,2024-09-23,1000000.00,4.129372,99.9375
08:02:21,912810UD8,TSRYS5870973,D,S,T,2024-09-23,1000000.00,4.129372,99.9375
08:02:21,912810UD8,TSRYS5870973,D,S,C,2024-09-23,1500000.00,4.134013,99.875
08:02:21,912810UD8,TSRYS5870973,D,S,D,2024-09-23,10000000.00,4.129206,99.9397344
08:02:21,912810UD8,TSRYS5870973,D,S,D,2024-09-23,870000.00,4.129662,99.93359375
08:02:21,912810UD8,TSRYS5870973,D,S,D,2024-09-23,5000000.00,4.125917,99.9840656
08:02:21,912810UD8,TSRYS5870973,D,S,D,2024-09-23,75000.00,4.134594,99.8671875
08:02:22,912810UD8,TSRYS5870973,D,S,D,2024-09-23,2000000.00,4.132107,99.9006672
08:02:22,912810UD8,TSRYS5870973,D,S,T,2024-09-23,1000000.00,4.136335,99.84375
08:02:22,912810UD8,TSRYS5870973,D,S,T,2024-09-23,1000000.00,4.136335,99.84375
08:02:22,912810UD8,TSRYS5870973,D,S,T,2024-09-23,1000000.00,4.136335,99.84375
08:02:22,912810UD8,TSRYS5870973,D,B,C,2024-09-23,3000000.00,4.138398,99.81600625
08:02:22,912810UD8,TSRYS5870973,D,S,T,2024-09-23,1000000.00,4.13982,99.796875
08:02:22,912810UD8,TSRYS5870973,D,S,T,2024-09-23,1000000.00,4.13982,99.796875
08:02:22,912810UD8,TSRYS5870973,D,S,T,2024-09-23,1000000.00,4.13982,99.796875
08:02:22,912810UD8,TSRYS5870973,D,S,T,2024-09-23,1000000.00,4.13982,99.796875
08:02:22,912810UD8,TSRYS5870973,D,S,D,2024-09-23,1000000.00,4.140982,99.78125
08:02:22,912810UD8,TSRYS5870973,D,S,C,2024-09-23,50000.00,4.129662,99.93359375
08:02:23,912810UD8,TSRYS5870973,D,S,D,2024-09-23,1000000.00,4.138658,99.8125
08:02:24,912810UD8,TSRYS5870973,D,B,C,2024-09-23,1000000.00,4.143307,99.75
08:02:24,912810UD8,TSRYS5870973,D,S,D,2024-09-23,1000000.00,4.143307,99.75
08:02:25,912810UD8,TSRYS5870973,D,S,D,2024-09-23,1000000.00,4.143299,99.750102
08:02:26,912810UD8,TSRYS5870973,D,S,D,2024-09-23,1000000.00,4.136335,99.84375
08:02:26,912810UD8,TSRYS5870973,D,S,D,2024-09-23,1000000.00,4.136335,99.84375
08:02:26,912810UD8,TSRYS5870973,D,S,C,2024-09-23,1000000.00,4.136335,99.84375
08:02:26,912810UD8,TSRYS5870973,D,S,D,2024-09-23,1000000.00,4.136335,99.84375
08:02:26,912810UD8,TSRYS5870973,D,S,C,2024-09-23,1000000.00,4.136335,99.84375
08:02:26,912810UD8,TSRYS5870973,D,S,C,2024-09-23,1000000.00,4.136335,99.84375
08:02:26,912810UD8,TSRYS5870973,D,S,D,2024-09-23,2000000.00,4.136335,99.84375
08:02:26,912810UD8,TSRYS5870973,D,S,D,2024-09-23,1000000.00,4.136335,99.84375
08:02:26,912810UD8,TSRYS5870973,D,S,C,2024-09-23,1000000.00,4.136335,99.84375
08:02:26,912810UD8,TSRYS5870973,D,S,C,2024-09-23,1000000.00,4.13632,99.84395
08:02:26,912810UD8,TSRYS5870973,D,S,D,2024-09-23,1000000.00,4.136335,99.84375
08:02:27,912810UD8,TSRYS5870973,D,S,C,2024-09-23,1834000.00,4.140692,99.78515625
08:02:30,912810UD8,TSRYS5870973,D,S,D,2024-09-23,1000000.00,4.136324,99.843902
08:02:30,912810UD8,TSRYS5870973,D,S,D,2024-09-23,1000000.00,4.134013,99.875
08:02:30,912810UD8,TSRYS5870973,D,B,C,2024-09-23,1000000.00,4.134028,99.8748
08:02:30,912810UD8,TSRYS5870973,D,B,C,2024-09-23,1200000.00,4.135755,99.8515625
08:02:31,912810UD8,TSRYS5870973,D,B,C,2024-09-23,1000000.00,4.134028,99.8748
08:02:31,912810UD8,TSRYS5870973,D,B,C,2024-09-23,1000000.00,4.134013,99.875
08:02:31,912810UD8,TSRYS5870973,D,B,C,2024-09-23,1000000.00,4.127053,99.96875
08:02:32,912810UD8,TSRYS5870973,D,S,D,2024-09-23,1000000.00,4.127053,99.96875
08:02:33,912810UD8,TSRYS5870973,D,B,C,2024-09-23,1000000.00,4.134013,99.875
08:02:33,912810UD8,TSRYS5870973,D,S,D,2024-09-23,1000000.00,4.134013,99.875
08:02:33,912810UD8,TSRYS5870973,D,S,D,2024-09-23,1000000.00,4.134013,99.875
08:02:33,912810UD8,TSRYS5870973,D,S,D,2024-09-23,1000000.00,4.134013,99.875
08:02:34,912810UD8,TSRYS5870973,D,B,C,2024-09-23,1000000.00,4.127068,99.96855
08:02:35,912810UD8,TSRYS5870973,D,S,D,2024-09-23,1000000.00,4.128213,99.953125
08:02:35,912810UD8,TSRYS5870973,D,S,D,2024-09-23,1000000.00,4.131692,99.90625
08:02:36,912810UD8,TSRYS5870973,D,B,C,2024-09-23,1000000.00,4.128227,99.952925
08:02:36,912810UD8,TSRYS5870973,D,S,C,2024-09-23,1000000.00,4.131677,99.90645
08:02:37,912810UD8,TSRYS5870973,D,S,D,2024-09-23,1000000.00,4.127053,99.96875
08:02:37,912810UD8,TSRYS5870973,D,S,D,2024-09-23,1000000.00,4.127053,99.96875
08:02:37,912810UD8,TSRYS5870973,D,S,D,2024-09-23,1000000.00,4.134013,99.875
08:02:39,912810UD8,TSRYS5870973,D,S,D,2024-09-23,1000000.00,4.125894,99.984375
08:02:47,912810UD8,TSRYS5870973,D,B,C,2024-09-23,1000000.00,4.125909,99.984175
08:02:47,912810UD8,TSRYS5870973,D,S,D,2024-09-23,1000000.00,4.125894,99.984375
08:02:50,912810UD8,TSRYS5870973,D,S,T,2024-09-23,1000000.00,4.138658,99.8125
08:02:53,912810UD8,TSRYS5870973,D,S,D,2024-09-23,1000000.00,4.128213,99.953125
08:02:53,912810UD8,TSRYS5870973,D,S,D,2024-09-23,1000000.00,4.129372,99.9375
08:02:53,912810UD8,TSRYS5870973,D,S,D,2024-09-23,1000000.00,4.128213,99.953125
08:02:53,912810UD8,TSRYS5870973,D,B,C,2024-09-23,1000000.00,4.128227,99.952925
08:02:54,912810UD8,TSRYS5870973,D,S,C,2024-09-23,1000000.00,4.129372,99.9375
08:02:55,912810UD8,TSRYS5870973,D,S,D,2024-09-23,1000000.00,4.129372,99.9375
08:02:55,912810UD8,TSRYS5870973,D,B,C,2024-09-23,1000000.00,4.128227,99.952925
08:02:56,912810UD8,TSRYS5870973,D,B,C,2024-09-23,1000000.00,4.129372,99.9375
08:02:56,912810UD8,TSRYS5870973,D,S,D,2024-09-23,1000000.00,4.128213,99.953125
08:02:56,912810UD8,TSRYS5870973,D,S,D,2024-09-23,1000000.00,4.128213,99.953125
08:02:58,912810UD8,TSRYS5870973,D,S,C,2024-09-23,1000000.00,4.128198,99.953325
08:02:59,912810UD8,TSRYS5870973,D,B,C,2024-09-23,1000000.00,4.131692,99.90625
08:02:59,912810UD8,TSRYS5870973,D,S,C,2024-09-23,1000000.00,4.131677,99.90645
08:02:59,912810UD8,TSRYS5870973,D,B,C,2024-09-23,1000000.00,4.131692,99.90625
08:02:59,912810UD8,TSRYS5870973,D,S,C,2024-09-23,1000000.00,4.131677,99.90645
08:03:00,912810UD8,TSRYS5870973,D,S,D,2024-09-23,1000000.00,4.129372,99.9375
08:03:03,912810UD8,TSRYS5870973,D,B,C,2024-09-23,1000000.00,4.132853,99.890625
08:03:03,912810UD8,TSRYS5870973,D,B,C,2024-09-23,1000000.00,4.132853,99.890625
08:03:03,912810UD8,TSRYS5870973,D,S,D,2024-09-23,1000000.00,4.132853,99.890625
08:03:03,912810UD8,TSRYS5870973,D,S,D,2024-09-23,1000000.00,4.132853,99.890625
08:03:03,912810UD8,TSRYS5870973,D,S,D,2024-09-23,1000000.00,4.132853,99.890625
08:03:03,912810UD8,TSRYS5870973,D,S,D,2024-09-23,1000000.00,4.132853,99.890625
08:03:03,912810UD8,TSRYS5870973,D,S,D,2024-09-23,1000000.00,4.132853,99.890625
08:03:03,912810UD8,TSRYS5870973,D,S,D,2024-09-23,2000000.00,4.132853,99.890625
08:03:03,912810UD8,TSRYS5870973,D,B,C,2024-09-23,1000000.00,4.132853,99.890625
08:03:03,912810UD8,TSRYS5870973,D,B,C,2024-09-23,1000000.00,4.13286,99.890525
08:03:03,912810UD8,TSRYS5870973,D,B,C,2024-09-23,2000000.00,4.132853,99.890625
08:03:03,912810UD8,TSRYS5870973,D,S,D,2024-09-23,1000000.00,4.132853,99.890625
08:03:03,912810UD8,TSRYS5870973,D,S,D,2024-09-23,1000000.00,4.132853,99.890625
08:03:03,912810UD8,TSRYS5870973,D,S,D,2024-09-23,1000000.00,4.132853,99.890625
08:03:03,912810UD8,TSRYS5870973,D,B,C,2024-09-23,1000000.00,4.132853,99.890625
08:03:03,912810UD8,TSRYS5870973,D,B,C,2024-09-23,1000000.00,4.13286,99.890525
08:03:03,912810UD8,TSRYS5870973,D,S,D,2024-09-23,1000000.00,4.132853,99.890625
08:03:03,912810UD8,TSRYS5870973,D,S,D,2024-09-23,1000000.00,4.132853,99.890625
08:03:03,912810UD8,TSRYS5870973,D,S,D,2024-09-23,1000000.00,4.132853,99.890625
08:03:03,912810UD8,TSRYS5870973,D,S,D,2024-09-23,1000000.00,4.132853,99.890625
08:03:03,912810UD8,TSRYS5870973,D,S,D,2024-09-23,1000000.00,4.132853,99.890625
08:03:03,912810UD8,TSRYS5870973,D,B,C,2024-09-23,1000000.00,4.132868,99.890425
08:03:03,912810UD8,TSRYS5870973,D,S,D,2024-09-23,1000000.00,4.132853,99.890625
08:03:03,912810UD8,TSRYS5870973,D,S,D,2024-09-23,1000000.00,4.132853,99.890625
08:03:03,912810UD8,TSRYS5870973,D,S,D,2024-09-23,1000000.00,4.132853,99.890625
08:03:03,912810UD8,TSRYS5870973,D,B,C,2024-09-23,1000000.00,4.132853,99.890625
08:03:04,912810UD8,TSRYS5870973,D,S,D,2024-09-23,1000000.00,4.132853,99.890625
08:03:04,912810UD8,TSRYS5870973,D,S,D,2024-09-23,1000000.00,4.132853,99.890625
08:03:04,912810UD8,TSRYS5870973,D,S,D,2024-09-23,1000000.00,4.132853,99.890625
08:03:04,912810UD8,TSRYS5870973,D,B,C,2024-09-23,1000000.00,4.13286,99.890525
08:03:04,912810UD8,TSRYS5870973,D,S,D,2024-09-23,1000000.00,4.132853,99.890625
08:03:04,912810UD8,TSRYS5870973,D,B,C,2024-09-23,1000000.00,4.132853,99.890625
08:03:04,912810UD8,TSRYS5870973,D,B,C,2024-09-23,1000000.00,4.132853,99.890625
08:03:04,912810UD8,TSRYS5870973,D,S,D,2024-09-23,1000000.00,4.132853,99.890625
08:03:04,912810UD8,TSRYS5870973,D,B,C,2024-09-23,1000000.00,4.132853,99.890625
08:03:04,912810UD8,TSRYS5870973,D,B,C,2024-09-23,1000000.00,4.132853,99.890625
08:03:04,912810UD8,TSRYS5870973,D,S,D,2024-09-23,1000000.00,4.132853,99.890625
08:03:04,912810UD8,TSRYS5870973,D,B,C,2024-09-23,1000000.00,4.132853,99.890625
08:03:04,912810UD8,TSRYS5870973,D,S,D,2024-09-23,1000000.00,4.132853,99.890625
08:03:04,912810UD8,TSRYS5870973,D,B,C,2024-09-23,1000000.00,4.132868,99.890425
08:03:04,912810UD8,TSRYS5870973,D,B,C,2024-09-23,2000000.00,4.132853,99.890625
08:03:04,912810UD8,TSRYS5870973,D,S,D,2024-09-23,1000000.00,4.132853,99.890625
08:03:04,912810UD8,TSRYS5870973,D,S,D,2024-09-23,2000000.00,4.132853,99.890625
08:03:04,912810UD8,TSRYS5870973,D,S,D,2024-09-23,1000000.00,4.132853,99.890625
08:03:04,912810UD8,TSRYS5870973,D,B,C,2024-09-23,1000000.00,4.132868,99.890425
08:03:04,912810UD8,TSRYS5870973,D,S,D,2024-09-23,1000000.00,4.132853,99.890625
08:03:04,912810UD8,TSRYS5870973,D,S,D,2024-09-23,1000000.00,4.132853,99.890625
08:03:04,912810UD8,TSRYS5870973,D,B,C,2024-09-23,1000000.00,4.132853,99.890625
08:03:04,912810UD8,TSRYS5870973,D,S,D,2024-09-23,1000000.00,4.132853,99.890625
08:03:04,912810UD8,TSRYS5870973,D,S,D,2024-09-23,1000000.00,4.132853,99.890625
08:03:04,912810UD8,TSRYS5870973,D,S,D,2024-09-23,1000000.00,4.132853,99.890625
08:03:04,912810UD8,TSRYS5870973,D,S,D,2024-09-23,1000000.00,4.132853,99.890625
08:03:04,912810UD8,TSRYS5870973,D,S,D,2024-09-23,1000000.00,4.132853,99.890625
08:03:04,912810UD8,TSRYS5870973,D,B,C,2024-09-23,1000000.00,4.132864,99.890475
08:03:04,912810UD8,TSRYS5870973,D,B,C,2024-09-23,1000000.00,4.132868,99.890425
08:03:04,912810UD8,TSRYS5870973,D,B,C,2024-09-23,1000000.00,4.132853,99.890625
08:03:04,912810UD8,TSRYS5870973,D,S,D,2024-09-23,1000000.00,4.132853,99.890625
08:03:04,912810UD8,TSRYS5870973,D,S,D,2024-09-23,1000000.00,4.132853,99.890625
08:03:05,912810UD8,TSRYS5870973,D,S,D,2024-09-23,2000000.00,4.131676,99.906475
08:03:06,912810UD8,TSRYS5870973,D,B,C,2024-09-23,1000000.00,4.131703,99.9061
08:03:06,912810UD8,TSRYS5870973,D,S,D,2024-09-23,1000000.00,4.131676,99.906475
08:03:06,912810UD8,TSRYS5870973,D,B,C,2024-09-23,1000000.00,4.131703,99.9061
08:03:06,912810UD8,TSRYS5870973,D,S,D,2024-09-23,1000000.00,4.131676,99.906475
08:03:06,912810UD8,TSRYS5870973,D,S,D,2024-09-23,2000000.00,4.131676,99.906475
08:03:06,912810UD8,TSRYS5870973,D,B,C,2024-09-23,2000000.00,4.1317,99.90615
08:03:07,912810UD8,TSRYS5870973,D,S,D,2024-09-23,1000000.00,4.129372,99.9375
08:03:07,912810UD8,TSRYS5870973,D,S,D,2024-09-23,1000000.00,4.129372,99.9375
08:03:07,912810UD8,TSRYS5870973,D,S,D,2024-09-23,1000000.00,4.129372,99.9375
08:03:12,912810UD8,TSRYS5870973,D,S,D,2024-09-23,1000000.00,4.131692,99.90625
08:03:12,912810UD8,TSRYS5870973,D,B,C,2024-09-23,1000000.00,4.131692,99.90625
08:03:12,912810UD8,TSRYS5870973,D,S,D,2024-09-23,1000000.00,4.131692,99.90625
08:03:12,912810UD8,TSRYS5870973,D,S,D,2024-09-23,1000000.00,4.131692,99.90625
08:03:13,912810UD8,TSRYS5870973,D,S,D,2024-09-23,1000000.00,4.132845,99.890727
08:03:15,912810UD8,TSRYS5870973,D,S,C,2024-09-23,1000000.00,4.128213,99.953125
08:03:15,912810UD8,TSRYS5870973,D,B,C,2024-09-23,1000000.00,4.128213,99.953125
08:03:16,912810UD8,TSRYS5870973,D,S,D,2024-09-23,1000000.00,4.128213,99.953125
08:03:16,912810UD8,TSRYS5870973,D,B,C,2024-09-23,1000000.00,4.128213,99.953125
08:03:16,912810UD8,TSRYS5870973,D,B,C,2024-09-23,1000000.00,4.128213,99.953125
08:03:16,912810UD8,TSRYS5870973,D,B,C,2024-09-23,1000000.00,4.128213,99.953125
08:03:16,912810UD8,TSRYS5870973,D,S,C,2024-09-23,1000000.00,4.128198,99.953325
08:03:16,912810UD8,TSRYS5870973,D,S,D,2024-09-23,1000000.00,4.128213,99.953125
08:03:19,912810UD8,TSRYS5870973,D,S,D,2024-09-23,1000000.00,4.125879,99.984575
08:03:19,912810UD8,TSRYS5870973,D,S,D,2024-09-23,1000000.00,4.125879,99.984575
08:03:19,912810UD8,TSRYS5870973,D,S,D,2024-09-23,1000000.00,4.125879,99.984575
08:03:20,912810UD8,TSRYS5870973,D,S,D,2024-09-23,1000000.00,4.127053,99.96875
08:03:20,912810UD8,TSRYS5870973,D,S,D,2024-09-23,1000000.00,4.125879,99.984575
08:03:20,912810UD8,TSRYS5870973,D,S,D,2024-09-23,1000000.00,4.125879,99.984575
08:03:21,912810UD8,TSRYS5870973,D,S,D,2024-09-23,1000000.00,4.125879,99.984575
08:03:21,912810UD8,TSRYS5870973,D,S,D,2024-09-23,1000000.00,4.125879,99.984575
08:03:22,912810UD8,TSRYS5870973,D,B,C,2024-09-23,1000000.00,4.124735,100.0
08:03:22,912810UD8,TSRYS5870973,D,S,D,2024-09-23,1000000.00,4.124725,100.00013
08:03:22,912810UD8,TSRYS5870973,D,S,D,2024-09-23,1000000.00,4.124725,100.00013
08:03:23,912810UD8,TSRYS5870973,D,S,D,2024-09-23,1000000.00,4.125894,99.984375
08:03:23,912810UD8,TSRYS5870973,D,S,D,2024-09-23,1000000.00,4.124724,100.000152
08:03:26,912810UD8,TSRYS5870973,D,S,D,2024-09-23,1000000.00,4.125894,99.984375
08:03:26,912810UD8,TSRYS5870973,D,B,C,2024-09-23,1000000.00,4.125911,99.98415
08:03:28,912810UD8,TSRYS5870973,D,B,C,2024-09-23,1000000.00,4.128229,99.9529
08:03:28,912810UD8,TSRYS5870973,D,B,C,2024-09-23,1000000.00,4.128229,99.9529
08:03:28,912810UD8,TSRYS5870973,D,S,D,2024-09-23,1000000.00,4.128213,99.953125
08:03:28,912810UD8,TSRYS5870973,D,S,D,2024-09-23,1000000.00,4.128213,99.953125
08:03:29,912810UD8,TSRYS5870973,D,S,D,2024-09-23,1000000.00,4.125879,99.984575
08:03:29,912810UD8,TSRYS5870973,D,B,C,2024-09-23,1000000.00,4.125911,99.98415
08:03:29,912810UD8,TSRYS5870973,D,S,D,2024-09-23,1000000.00,4.125879,99.984575
08:03:29,912810UD8,TSRYS5870973,D,B,C,2024-09-23,1000000.00,4.125911,99.98415
08:03:29,912810UD8,TSRYS5870973,D,S,D,2024-09-23,1000000.00,4.125879,99.984575
08:03:29,912810UD8,TSRYS5870973,D,S,D,2024-09-23,1000000.00,4.124735,100.0
08:03:29,912810UD8,TSRYS5870973,D,S,D,2024-09-23,1000000.00,4.124735,100.0
08:03:31,912810UD8,TSRYS5870973,D,S,D,2024-09-23,1000000.00,4.127053,99.96875
08:03:31,912810UD8,TSRYS5870973,D,S,D,2024-09-23,1000000.00,4.127053,99.96875
08:03:31,912810UD8,TSRYS5870973,D,S,D,2024-09-23,1000000.00,4.127053,99.96875
08:03:31,912810UD8,TSRYS5870973,D,S,D,2024-09-23,1000000.00,4.125879,99.984575
08:03:31,912810UD8,TSRYS5870973,D,S,D,2024-09-23,1000000.00,4.125879,99.984575
08:03:31,912810UD8,TSRYS5870973,D,S,D,2024-09-23,1000000.00,4.125879,99.984575
08:03:32,912810UD8,TSRYS5870973,D,S,D,2024-09-23,1000000.00,4.128213,99.953125
08:03:32,912810UD8,TSRYS5870973,D,B,C,2024-09-23,2000000.00,4.128213,99.953125
08:03:32,912810UD8,TSRYS5870973,D,S,D,2024-09-23,2000000.00,4.128213,99.953125
08:03:32,912810UD8,TSRYS5870973,D,B,C,2024-09-23,1000000.00,4.128229,99.9529
08:03:32,912810UD8,TSRYS5870973,D,S,D,2024-09-23,1000000.00,4.128213,99.953125
08:03:32,912810UD8,TSRYS5870973,D,S,D,2024-09-23,1000000.00,4.129372,99.9375
08:03:33,912810UD8,TSRYS5870973,D,B,C,2024-09-23,1000000.00,4.12822,99.953025
08:03:33,912810UD8,TSRYS5870973,D,S,D,2024-09-23,1000000.00,4.128213,99.953125
08:03:33,912810UD8,TSRYS5870973,D,S,D,2024-09-23,1000000.00,4.128213,99.953125
08:03:33,912810UD8,TSRYS5870973,D,S,D,2024-09-23,1000000.00,4.128213,99.953125
08:03:33,912810UD8,TSRYS5870973,D,S,D,2024-09-23,1000000.00,4.128213,99.953125
08:03:33,912810UD8,TSRYS5870973,D,B,C,2024-09-23,1000000.00,4.128227,99.952925
08:03:33,912810UD8,TSRYS5870973,D,S,D,2024-09-23,1000000.00,4.128213,99.953125
08:03:33,912810UD8,TSRYS5870973,D,B,C,2024-09-23,1000000.00,4.128229,99.9529
08:03:33,912810UD8,TSRYS5870973,D,S,D,2024-09-23,1000000.00,4.128213,99.953125
08:03:33,912810UD8,TSRYS5870973,D,S,D,2024-09-23,1000000.00,4.128213,99.953125
08:03:33,912810UD8,TSRYS5870973,D,S,D,2024-09-23,1000000.00,4.128213,99.953125
08:03:33,912810UD8,TSRYS5870973,D,S,D,2024-09-23,1000000.00,4.128213,99.953125
08:03:33,912810UD8,TSRYS5870973,D,B,C,2024-09-23,1000000.00,4.128227,99.952925
08:03:33,912810UD8,TSRYS5870973,D,B,C,2024-09-23,1000000.00,4.128213,99.953125
08:03:33,912810UD8,TSRYS5870973,D,S,D,2024-09-23,1000000.00,4.128213,99.953125
08:03:33,912810UD8,TSRYS5870973,D,S,D,2024-09-23,1000000.00,4.128213,99.953125
08:03:33,912810UD8,TSRYS5870973,D,B,C,2024-09-23,1000000.00,4.128213,99.953125
08:03:33,912810UD8,TSRYS5870973,D,S,D,2024-09-23,1000000.00,4.128213,99.953125
08:03:33,912810UD8,TSRYS5870973,D,S,D,2024-09-23,1000000.00,4.128213,99.953125
08:03:33,912810UD8,TSRYS5870973,D,S,D,2024-09-23,1000000.00,4.128213,99.953125
08:03:33,912810UD8,TSRYS5870973,D,B,C,2024-09-23,1000000.00,4.128224,99.952975
08:03:33,912810UD8,TSRYS5870973,D,S,D,2024-09-23,1000000.00,4.128213,99.953125
08:03:33,912810UD8,TSRYS5870973,D,B,C,2024-09-23,1000000.00,4.128224,99.952975
08:03:33,912810UD8,TSRYS5870973,D,B,C,2024-09-23,2000000.00,4.128213,99.953125
08:03:33,912810UD8,TSRYS5870973,D,B,C,2024-09-23,1000000.00,4.128227,99.952925
08:03:33,912810UD8,TSRYS5870973,D,S,D,2024-09-23,2000000.00,4.128213,99.953125
08:03:33,912810UD8,TSRYS5870973,D,S,D,2024-09-23,1000000.00,4.128213,99.953125
08:03:33,912810UD8,TSRYS5870973,D,S,D,2024-09-23,1000000.00,4.128213,99.953125
08:03:33,912810UD8,TSRYS5870973,D,S,D,2024-09-23,1000000.00,4.128213,99.953125
08:03:33,912810UD8,TSRYS5870973,D,S,D,2024-09-23,1000000.00,4.128213,99.953125
08:03:33,912810UD8,TSRYS5870973,D,S,D,2024-09-23,1000000.00,4.127053,99.96875
08:03:33,912810UD8,TSRYS5870973,D,S,D,2024-09-23,1000000.00,4.125894,99.984375
08:03:35,912810UD8,TSRYS5870973,D,S,D,2024-09-23,1000000.00,4.127053,99.96875
08:03:35,912810UD8,TSRYS5870973,D,S,D,2024-09-23,1000000.00,4.128213,99.953125
08:03:35,912810UD8,TSRYS5870973,D,S,D,2024-09-23,1000000.00,4.128213,99.953125
08:03:35,912810UD8,TSRYS5870973,D,S,D,2024-09-23,1000000.00,4.128213,99.953125
08:03:35,912810UD8,TSRYS5870973,D,B,C,2024-09-23,1000000.00,4.128213,99.953125
08:03:35,912810UD8,TSRYS5870973,D,S,D,2024-09-23,1000000.00,4.129372,99.9375
08:03:36,912810UD8,TSRYS5870973,D,S,D,2024-09-23,1000000.00,4.131692,99.90625
08:03:36,912810UD8,TSRYS5870973,D,B,C,2024-09-23,1000000.00,4.131703,99.9061
08:03:37,912810UD8,TSRYS5870973,D,S,C,2024-09-23,1000000.00,4.135159,99.859575
08:03:37,912810UD8,TSRYS5870973,D,B,C,2024-09-23,1000000.00,4.135174,99.859375
08:03:37,912810UD8,TSRYS5870973,D,S,D,2024-09-23,1000000.00,4.135174,99.859375
08:03:37,912810UD8,TSRYS5870973,D,B,C,2024-09-23,1000000.00,4.135174,99.859375
08:03:39,912810UD8,TSRYS5870973,D,S,D,2024-09-23,1000000.00,4.132845,99.890727
08:03:41,912810UD8,TSRYS5870973,D,S,C,2024-09-23,575000.00,4.138949,99.80859375
08:03:41,912810UD8,TSRYS5870973,D,S,C,2024-09-23,1000000.00,4.134002,99.875152
08:03:41,912810UD8,TSRYS5870973,D,S,C,2024-09-23,1000000.00,4.135163,99.859527
08:03:43,912810UD8,TSRYS5870973,D,S,D,2024-09-23,1000000.00,4.136335,99.84375
08:03:43,912810UD8,TSRYS5870973,D,S,D,2024-09-23,1000000.00,4.136335,99.84375
08:03:43,912810UD8,TSRYS5870973,D,S,D,2024-09-23,1000000.00,4.136335,99.84375
08:03:44,912810UD8,TSRYS5870973,D,S,D,2024-09-23,1000000.00,4.135167,99.859477
08:03:47,912810UD8,TSRYS5870973,D,S,T,2024-09-23,1000000.00,4.138658,99.8125
08:03:48,912810UD8,TSRYS5870973,D,S,T,2024-09-23,2000000.00,4.138658,99.8125
08:03:49,912810UD8,TSRYS5870973,D,S,D,2024-09-23,50000.00,4.138368,99.81640625
08:03:51,912810UD8,TSRYS5870973,D,S,C,2024-09-23,1000000.00,4.131677,99.90645
08:03:51,912810UD8,TSRYS5870973,D,S,D,2024-09-23,1000000.00,4.131692,99.90625
08:03:51,912810UD8,TSRYS5870973,D,S,D,2024-09-23,1000000.00,4.131692,99.90625
08:03:54,912810UD8,TSRYS5870973,D,S,C,2024-09-23,1000000.00,4.127042,99.9689
08:03:55,912810UD8,TSRYS5870973,D,B,C,2024-09-23,1000000.00,4.129387,99.9373
08:03:55,912810UD8,TSRYS5870973,D,S,D,2024-09-23,1000000.00,4.129372,99.9375
08:03:55,912810UD8,TSRYS5870973,D,B,C,2024-09-23,1000000.00,4.129387,99.9373
08:03:55,912810UD8,TSRYS5870973,D,S,C,2024-09-23,1000000.00,4.129361,99.937652
08:03:57,912810UD8,TSRYS5870973,D,S,C,2024-09-23,1000000.00,4.129361,99.937652
08:03:59,912810UD8,TSRYS5870973,D,S,D,2024-09-23,20000.00,4.13982,99.796875
08:04:00,912810UD8,TSRYS5870973,D,S,D,2024-09-23,1000000.00,4.132853,99.890625
08:04:01,912810UD8,TSRYS5870973,D,S,C,2024-09-23,1000000.00,4.132838,99.890825
08:04:01,912810UD8,TSRYS5870973,D,B,C,2024-09-23,1000000.00,4.132853,99.890625
08:04:01,912810UD8,TSRYS5870973,D,B,C,2024-09-23,1000000.00,4.132853,99.890625
08:04:02,912810UD8,TSRYS5870973,D,S,D,2024-09-23,1000000.00,4.131681,99.906402
08:04:02,912810UD8,TSRYS5870973,D,S,C,2024-09-23,1000000.00,4.131677,99.90645
08:04:02,912810UD8,TSRYS5870973,D,S,C,2024-09-23,1000000.00,4.131677,99.90645
08:04:03,912810UD8,TSRYS5870973,D,S,D,2024-09-23,1000000.00,4.131681,99.906402
08:04:03,912810UD8,TSRYS5870973,D,B,C,2024-09-23,1000000.00,4.131692,99.90625
08:04:04,912810UD8,TSRYS5870973,D,S,D,2024-09-23,1000000.00,4.14447,99.734375
08:04:04,912810UD8,TSRYS5870973,D,B,C,2024-09-23,1000000.00,4.14447,99.734375
08:04:05,912810UD8,TSRYS5870973,D,B,C,2024-09-23,1000000.00,4.134024,99.87485
08:04:05,912810UD8,TSRYS5870973,D,S,D,2024-09-23,1000000.00,4.134013,99.875
08:04:06,912810UD8,TSRYS5870973,D,S,D,2024-09-23,1000000.00,4.135174,99.859375
08:04:06,912810UD8,TSRYS5870973,D,S,D,2024-09-23,1000000.00,4.135174,99.859375
08:04:06,912810UD8,TSRYS5870973,D,B,C,2024-09-23,1000000.00,4.135174,99.859375
08:04:06,912810UD8,TSRYS5870973,D,S,D,2024-09-23,1000000.00,4.135174,99.859375
08:04:06,912810UD8,TSRYS5870973,D,S,D,2024-09-23,1000000.00,4.135174,99.859375
08:04:06,912810UD8,TSRYS5870973,D,B,C,2024-09-23,1000000.00,4.135174,99.859375
08:04:06,912810UD8,TSRYS5870973,D,S,D,2024-09-23,1000000.00,4.135174,99.859375
08:04:06,912810UD8,TSRYS5870973,D,S,D,2024-09-23,1000000.00,4.135174,99.859375
08:04:06,912810UD8,TSRYS5870973,D,S,D,2024-09-23,1000000.00,4.135174,99.859375
08:04:06,912810UD8,TSRYS5870973,D,S,D,2024-09-23,1000000.00,4.135174,99.859375
08:04:06,912810UD8,TSRYS5870973,D,S,D,2024-09-23,1000000.00,4.135174,99.859375
08:04:06,912810UD8,TSRYS5870973,D,S,D,2024-09-23,1000000.00,4.135174,99.859375
08:04:06,912810UD8,TSRYS5870973,D,S,D,2024-09-23,1000000.00,4.134013,99.875
08:04:06,912810UD8,TSRYS5870973,D,S,D,2024-09-23,1000000.00,4.134013,99.875
08:04:06,912810UD8,TSRYS5870973,D,S,D,2024-09-23,1000000.00,4.134013,99.875
08:04:06,912810UD8,TSRYS5870973,D,S,D,2024-09-23,1000000.00,4.134013,99.875
08:04:06,912810UD8,TSRYS5870973,D,B,C,2024-09-23,1000000.00,4.134013,99.875
08:04:06,912810UD8,TSRYS5870973,D,B,C,2024-09-23,1000000.00,4.134013,99.875
08:04:07,912810UD8,TSRYS5870973,D,B,C,2024-09-23,1000000.00,4.137508,99.827975
08:04:07,912810UD8,TSRYS5870973,D,S,D,2024-09-23,1000000.00,4.137497,99.828125
08:04:08,912810UD8,TSRYS5870973,D,S,D,2024-09-23,1000000.00,4.137497,99.828125
08:04:09,912810UD8,TSRYS5870973,D,B,C,2024-09-23,1000000.00,4.138669,99.81235
08:04:09,912810UD8,TSRYS5870973,D,S,D,2024-09-23,1000000.00,4.138658,99.8125
08:04:09,912810UD8,TSRYS5870973,D,S,D,2024-09-23,1000000.00,4.143743,99.744140625
08:04:09,912810UD8,TSRYS5870973,D,S,D,2024-09-23,1000000.00,4.143598,99.74609375
08:04:09,912810UD8,TSRYS5870973,D,B,C,2024-09-23,1000000.00,4.143612,99.74589375
08:04:10,912810UD8,TSRYS5870973,D,S,C,2024-09-23,1000000.00,4.136324,99.8439
08:04:10,912810UD8,TSRYS5870973,D,S,C,2024-09-23,1000000.00,4.136324,99.8439
08:04:10,912810UD8,TSRYS5870973,D,S,C,2024-09-23,1000000.00,4.136324,99.8439
08:04:10,912810UD8,TSRYS5870973,D,S,D,2024-09-23,1000000.00,4.143598,99.74609375
08:04:10,912810UD8,TSRYS5870973,D,B,C,2024-09-23,1000000.00,4.136335,99.84375
08:04:10,912810UD8,TSRYS5870973,D,S,D,2024-09-23,1000000.00,4.143452,99.748046875
08:04:10,912810UD8,TSRYS5870973,D,B,C,2024-09-23,1000000.00,4.143467,99.747846875
08:04:10,912810UD8,TSRYS5870973,D,S,D,2024-09-23,1000000.00,4.143452,99.748046875
08:04:10,912810UD8,TSRYS5870973,D,S,D,2024-09-23,1000000.00,4.143307,99.75
08:04:10,912810UD8,TSRYS5870973,D,B,C,2024-09-23,1000000.00,4.143322,99.7498
08:04:10,912810UD8,TSRYS5870973,D,S,D,2024-09-23,1000000.00,4.143307,99.75
08:04:10,912810UD8,TSRYS5870973,D,S,D,2024-09-23,1000000.00,4.142435,99.76171875
08:04:10,912810UD8,TSRYS5870973,D,S,D,2024-09-23,1000000.00,4.14229,99.763671875
08:04:10,912810UD8,TSRYS5870973,D,S,D,2024-09-23,1000000.00,4.142144,99.765625
08:04:10,912810UD8,TSRYS5870973,D,S,D,2024-09-23,1000000.00,4.135174,99.859375
08:04:10,912810UD8,TSRYS5870973,D,S,D,2024-09-23,1000000.00,4.135174,99.859375
08:04:10,912810UD8,TSRYS5870973,D,B,C,2024-09-23,1000000.00,4.135174,99.859375
08:04:10,912810UD8,TSRYS5870973,D,S,D,2024-09-23,2000000.00,4.135174,99.859375
08:04:10,912810UD8,TSRYS5870973,D,B,C,2024-09-23,1000000.00,4.135174,99.859375
08:04:10,912810UD8,TSRYS5870973,D,S,D,2024-09-23,1000000.00,4.135174,99.859375
08:04:10,912810UD8,TSRYS5870973,D,S,D,2024-09-23,1000000.00,4.135174,99.859375
08:04:10,912810UD8,TSRYS5870973,D,B,C,2024-09-23,1000000.00,4.135174,99.859375
08:04:10,912810UD8,TSRYS5870973,D,B,C,2024-09-23,2000000.00,4.135174,99.859375
08:04:10,912810UD8,TSRYS5870973,D,B,C,2024-09-23,1000000.00,4.135174,99.859375
08:04:10,912810UD8,TSRYS5870973,D,S,D,2024-09-23,1000000.00,4.135174,99.859375
08:04:10,912810UD8,TSRYS5870973,D,B,C,2024-09-23,1000000.00,4.135174,99.859375
08:04:10,912810UD8,TSRYS5870973,D,S,D,2024-09-23,1000000.00,4.135163,99.859527
08:04:11,912810UD8,TSRYS5870973,D,S,D,2024-09-23,1000000.00,4.136335,99.84375
08:04:11,912810UD8,TSRYS5870973,D,B,C,2024-09-23,1000000.00,4.136335,99.84375
08:04:11,912810UD8,TSRYS5870973,D,S,D,2024-09-23,1000000.00,4.136335,99.84375
08:04:11,912810UD8,TSRYS5870973,D,B,C,2024-09-23,1000000.00,4.136335,99.84375
08:04:11,912810UD8,TSRYS5870973,D,S,D,2024-09-23,1000000.00,4.136335,99.84375
