tradeTime,cusip,issueSymbolIdentifier,priceType,reportingSideCode,contraPartyTypeCode,tradeDate,reportedTradeVolume,lastSaleYield,lastSalePrice
08:00:03,912810UB2,TSRYS5810883,D,S,T,2024-08-16,1000000.00,4.265399,104.759765625
08:00:03,912810UB2,TSRYS5810883,D,S,T,2024-08-16,1000000.00,4.260826,104.822265625
08:00:03,912810UB2,TSRYS5810883,D,S,T,2024-08-16,1000000.00,4.260826,104.822265625
08:00:03,912810UB2,TSRYS5810883,D,S,D,2024-08-16,1000000.00,4.261398,104.814453125
08:00:03,912810UB2,TSRYS5810883,D,B,C,2024-08-16,1000000.00,4.260826,104.822265625
08:00:03,912810UB2,TSRYS5810883,D,B,C,2024-08-16,1000000.00,4.260826,104.822265625
08:00:03,912810UB2,TSRYS5810883,D,B,C,2024-08-16,1000000.00,4.260826,104.822265625
08:00:03,912810UB2,TSRYS5810883,D,B,C,2024-08-16,1000000.00,4.260826,104.822265625
08:00:03,912810UB2,TSRYS5810883,D,B,C,2024-08-16,1000000.00,4.260826,104.822265625
08:00:03,912810UB2,TSRYS5810883,D,B,C,2024-08-16,1000000.00,4.260826,104.822265625
08:00:03,912810UB2,TSRYS5810883,D,S,T,2024-08-16,1000000.00,4.260398,104.828125
08:00:03,912810UB2,TSRYS5810883,D,S,T,2024-08-16,1000000.00,4.262683,104.796875
08:00:03,912810UB2,TSRYS5810883,D,S,T,2024-08-16,1000000.00,4.262683,104.796875
08:00:03,912810UB2,TSRYS5810883,D,S,T,2024-08-16,1000000.00,4.262826,104.794921875
08:00:03,912810UB2,TSRYS5810883,D,B,C,2024-08-16,1000000.00,4.264684,104.76953125
08:00:03,912810UB2,TSRYS5810883,D,B,C,2024-08-16,1000000.00,4.264684,104.76953125
08:00:03,912810UB2,TSRYS5810883,D,B,C,2024-08-16,1000000.00,4.262826,104.794921875
08:00:03,912810UB2,TSRYS5810883,D,S,D,2024-08-16,1000000.00,4.260969,104.8203125
08:00:03,912810UB2,TSRYS5810883,D,S,T,2024-08-16,1000000.00,4.26397,104.779296875
08:00:03,912810UB2,TSRYS5810883,D,S,D,2024-08-16,1000000.00,4.262541,104.798828125
08:00:03,912810UB2,TSRYS5810883,D,B,C,2024-08-16,1000000.00,4.260826,104.822265625
08:00:03,912810UB2,TSRYS5810883,D,S,D,2024-08-16,1000000.00,4.262826,104.794921875
08:00:03,912810UB2,TSRYS5810883,D,S,D,2024-08-16,1000000.00,4.262826,104.794921875
08:00:03,912810UB2,TSRYS5810883,D,S,D,2024-08-16,1000000.00,4.244281,105.048828125
08:00:03,912810UB2,TSRYS5810883,D,S,T,2024-08-16,1000000.00,4.244281,105.048828125
08:00:03,912810UB2,TSRYS5810883,D,S,D,2024-08-16,1000000.00,4.243569,105.05859375
08:00:03,912810UB2,TSRYS5810883,D,S,T,2024-08-16,1000000.00,4.243569,105.05859375
08:00:03,912810UB2,TSRYS5810883,D,S,D,2024-08-16,1000000.00,4.243569,105.05859375
08:00:03,912810UB2,TSRYS5810883,D,S,T,2024-08-16,1000000.00,4.240152,105.10546875
08:00:03,912810UB2,TSRYS5810883,D,S,D,2024-08-16,1000000.00,4.240152,105.10546875
08:00:13,912810UB2,TSRYS5810883,D,S,T,2024-08-16,1000000.00,4.274125,104.640625
08:00:14,912810UB2,TSRYS5810883,D,B,C,2024-08-16,500000.00,4.258684,104.8515625
08:00:22,912810UB2,TSRYS5810883,D,S,A,2024-08-16,30000.00,4.263827,104.78125
08:00:22,912810UB2,TSRYS5810883,D,S,T,2024-08-16,1000000.00,4.260398,104.828125
08:00:27,912810UB2,TSRYS5810883,D,S,C,2024-08-16,4000.00,4.260369,104.828525
08:00:27,912810UB2,TSRYS5810883,D,S,A,2024-08-16,100000.00,4.264112,104.77734375
08:00:27,912810UB2,TSRYS5810883,D,S,A,2024-08-16,137000.00,4.263255,104.7890625
08:00:30,912810UB2,TSRYS5810883,D,S,T,2024-08-16,1000000.00,4.27298,104.65625
08:00:30,912810UB2,TSRYS5810883,D,S,T,2024-08-16,1000000.00,4.27298,104.65625
08:00:30,912810UB2,TSRYS5810883,D,S,T,2024-08-16,1000000.00,4.271835,104.671875
08:00:30,912810UB2,TSRYS5810883,D,S,T,2024-08-16,1000000.00,4.271835,104.671875
08:00:30,912810UB2,TSRYS5810883,D,S,T,2024-08-16,1000000.00,4.271835,104.671875
08:00:30,912810UB2,TSRYS5810883,D,S,T,2024-08-16,1000000.00,4.27298,104.65625
08:00:30,912810UB2,TSRYS5810883,D,S,T,2024-08-16,1000000.00,4.27069,104.6875
08:00:30,912810UB2,TSRYS5810883,D,S,T,2024-08-16,1000000.00,4.271835,104.671875
08:00:30,912810UB2,TSRYS5810883,D,S,T,2024-08-16,1000000.00,4.271835,104.671875
08:00:30,912810UB2,TSRYS5810883,D,S,T,2024-08-16,1000000.00,4.271835,104.671875
08:00:30,912810UB2,TSRYS5810883,D,S,A,2024-08-16,450000.00,4.274954,104.62890625
08:00:30,912810UB2,TSRYS5810883,D,S,T,2024-08-16,1000000.00,4.260826,104.822265625
08:00:30,912810UB2,TSRYS5810883,D,S,T,2024-08-16,1000000.00,4.261541,104.8125
08:00:30,912810UB2,TSRYS5810883,D,S,T,2024-08-16,1000000.00,4.260255,104.830078125
08:00:30,912810UB2,TSRYS5810883,D,S,T,2024-08-16,1000000.00,4.260112,104.83203125
08:00:30,912810UB2,TSRYS5810883,D,S,T,2024-08-16,1000000.00,4.261826,104.80859375
08:00:30,912810UB2,TSRYS5810883,D,S,T,2024-08-16,1000000.00,4.261541,104.8125
08:00:30,912810UB2,TSRYS5810883,D,S,T,2024-08-16,1000000.00,4.261683,104.810546875
08:00:30,912810UB2,TSRYS5810883,D,S,T,2024-08-16,1000000.00,4.260398,104.828125
08:00:30,912810UB2,TSRYS5810883,D,S,T,2024-08-16,1000000.00,4.261255,104.81640625
08:00:30,912810UB2,TSRYS5810883,D,S,T,2024-08-16,1000000.00,4.261255,104.81640625
08:00:30,912810UB2,TSRYS5810883,D,S,T,2024-08-16,1000000.00,4.261541,104.8125
08:00:31,912810UB2,TSRYS5810883,D,S,T,2024-08-16,1000000.00,4.262683,104.796875
08:00:31,912810UB2,TSRYS5810883,D,S,T,2024-08-16,1000000.00,4.262683,104.796875
08:00:31,912810UB2,TSRYS5810883,D,S,T,2024-08-16,1000000.00,4.262683,104.796875
08:00:31,912810UB2,TSRYS5810883,D,S,T,2024-08-16,1000000.00,4.262683,104.796875
08:00:31,912810UB2,TSRYS5810883,D,S,T,2024-08-16,1000000.00,4.262683,104.796875
08:00:31,912810UB2,TSRYS5810883,D,S,T,2024-08-16,1000000.00,4.262683,104.796875
08:00:31,912810UB2,TSRYS5810883,D,S,T,2024-08-16,1000000.00,4.267257,104.734375
08:00:31,912810UB2,TSRYS5810883,D,S,T,2024-08-16,1000000.00,4.256258,104.884765625
08:00:31,912810UB2,TSRYS5810883,D,S,T,2024-08-16,1000000.00,4.256971,104.875
08:00:31,912810UB2,TSRYS5810883,D,S,T,2024-08-16,1000000.00,4.256971,104.875
08:00:31,912810UB2,TSRYS5810883,D,S,T,2024-08-16,1000000.00,4.258113,104.859375
08:00:31,912810UB2,TSRYS5810883,D,S,T,2024-08-16,1000000.00,4.258113,104.859375
08:00:31,912810UB2,TSRYS5810883,D,S,T,2024-08-16,1000000.00,4.255829,104.890625
08:00:31,912810UB2,TSRYS5810883,D,S,T,2024-08-16,1000000.00,4.242145,105.078125
08:00:32,912810UB2,TSRYS5810883,D,S,T,2024-08-16,1000000.00,4.231903,105.21875
08:00:32,912810UB2,TSRYS5810883,D,S,T,2024-08-16,1000000.00,4.234177,105.1875
08:00:32,912810UB2,TSRYS5810883,D,S,T,2024-08-16,1000000.00,4.234177,105.1875
08:00:32,912810UB2,TSRYS5810883,D,S,D,2024-08-16,1000000.00,4.237022,105.1484375
08:00:32,912810UB2,TSRYS5810883,D,S,T,2024-08-16,1000000.00,4.237591,105.140625
08:00:32,912810UB2,TSRYS5810883,D,S,T,2024-08-16,1000000.00,4.237591,105.140625
08:00:32,912810UB2,TSRYS5810883,D,S,T,2024-08-16,1000000.00,4.237591,105.140625
08:00:32,912810UB2,TSRYS5810883,D,S,T,2024-08-16,1000000.00,4.237591,105.140625
08:00:32,912810UB2,TSRYS5810883,D,S,T,2024-08-16,1000000.00,4.235315,105.171875
08:00:32,912810UB2,TSRYS5810883,D,S,T,2024-08-16,1000000.00,4.234177,105.1875
08:00:32,912810UB2,TSRYS5810883,D,S,T,2024-08-16,1000000.00,4.234177,105.1875
08:00:32,912810UB2,TSRYS5810883,D,S,T,2024-08-16,1000000.00,4.233893,105.19140625
08:00:32,912810UB2,TSRYS5810883,D,S,T,2024-08-16,1000000.00,4.23304,105.203125
08:00:32,912810UB2,TSRYS5810883,D,S,D,2024-08-16,1000000.00,4.260969,104.8203125
08:00:32,912810UB2,TSRYS5810883,D,S,D,2024-08-16,1000000.00,4.258399,104.85546875
08:00:32,912810UB2,TSRYS5810883,D,S,D,2024-08-16,1000000.00,4.261541,104.8125
08:00:32,912810UB2,TSRYS5810883,D,S,D,2024-08-16,4000.00,,104.828525
08:00:32,912810UB2,TSRYS5810883,D,S,D,2024-08-16,1000000.00,4.263255,104.7890625
08:00:32,912810UB2,TSRYS5810883,D,S,D,2024-08-16,1000000.00,4.259255,104.84375
08:00:32,912810UB2,TSRYS5810883,D,S,D,2024-08-16,1000000.00,4.259255,104.84375
08:00:32,912810UB2,TSRYS5810883,D,S,D,2024-08-16,1000000.00,4.244424,105.046875
08:00:32,912810UB2,TSRYS5810883,D,S,D,2024-08-16,1000000.00,4.243284,105.0625
08:00:32,912810UB2,TSRYS5810883,D,S,D,2024-08-16,1000000.00,4.240721,105.09765625
08:00:32,912810UB2,TSRYS5810883,D,S,D,2024-08-16,1000000.00,4.241006,105.09375
08:00:32,912810UB2,TSRYS5810883,D,S,D,2024-08-16,1000000.00,4.242145,105.078125
08:00:32,912810UB2,TSRYS5810883,D,S,D,2024-08-16,1000000.00,4.234177,105.1875
08:00:32,912810UB2,TSRYS5810883,D,S,D,2024-08-16,1000000.00,4.258399,104.85546875
08:00:32,912810UB2,TSRYS5810883,D,S,D,2024-08-16,1000000.00,4.261683,104.810546875
08:00:32,912810UB2,TSRYS5810883,D,S,D,2024-08-16,1000000.00,4.261541,104.8125
08:00:32,912810UB2,TSRYS5810883,D,S,D,2024-08-16,2000000.00,4.263255,104.7890625
08:00:32,912810UB2,TSRYS5810883,D,S,D,2024-08-16,1000000.00,4.262683,104.796875
08:00:32,912810UB2,TSRYS5810883,D,S,D,2024-08-16,3000000.00,4.260541,104.826171875
08:00:32,912810UB2,TSRYS5810883,D,S,D,2024-08-16,1000000.00,4.260684,104.82421875
08:00:32,912810UB2,TSRYS5810883,D,S,D,2024-08-16,1000000.00,4.260684,104.82421875
08:00:32,912810UB2,TSRYS5810883,D,S,D,2024-08-16,1000000.00,4.260684,104.82421875
08:00:32,912810UB2,TSRYS5810883,D,S,D,2024-08-16,1000000.00,4.260684,104.82421875
08:00:32,912810UB2,TSRYS5810883,D,S,D,2024-08-16,1000000.00,4.260826,104.822265625
08:00:32,912810UB2,TSRYS5810883,D,S,D,2024-08-16,1000000.00,4.260826,104.822265625
08:00:32,912810UB2,TSRYS5810883,D,S,D,2024-08-16,1000000.00,4.260826,104.822265625
08:00:32,912810UB2,TSRYS5810883,D,S,D,2024-08-16,1000000.00,4.261683,104.810546875
08:00:32,912810UB2,TSRYS5810883,D,S,D,2024-08-16,1000000.00,4.26397,104.779296875
08:00:32,912810UB2,TSRYS5810883,D,S,D,2024-08-16,1000000.00,4.260255,104.830078125
08:00:32,912810UB2,TSRYS5810883,D,S,D,2024-08-16,1000000.00,4.260255,104.830078125
08:00:32,912810UB2,TSRYS5810883,D,S,D,2024-08-16,2000000.00,4.265828,104.75390625
08:00:32,912810UB2,TSRYS5810883,D,S,D,2024-08-16,1000000.00,4.262112,104.8046875
08:00:32,912810UB2,TSRYS5810883,D,S,D,2024-08-16,1000000.00,4.259255,104.84375
08:00:32,912810UB2,TSRYS5810883,D,S,D,2024-08-16,1000000.00,4.244424,105.046875
08:00:32,912810UB2,TSRYS5810883,D,S,D,2024-08-16,1000000.00,4.244281,105.048828125
08:00:32,912810UB2,TSRYS5810883,D,S,D,2024-08-16,1000000.00,4.243284,105.0625
08:00:32,912810UB2,TSRYS5810883,D,S,D,2024-08-16,1000000.00,4.244566,105.044921875
08:00:32,912810UB2,TSRYS5810883,D,S,D,2024-08-16,1000000.00,4.244566,105.044921875
08:00:32,912810UB2,TSRYS5810883,D,S,D,2024-08-16,1000000.00,4.241718,105.083984375
08:00:32,912810UB2,TSRYS5810883,D,S,D,2024-08-16,1000000.00,4.241718,105.083984375
08:00:32,912810UB2,TSRYS5810883,D,S,D,2024-08-16,1000000.00,4.240152,105.10546875
08:00:32,912810UB2,TSRYS5810883,D,S,D,2024-08-16,1000000.00,4.240721,105.09765625
08:00:32,912810UB2,TSRYS5810883,D,S,D,2024-08-16,2000000.00,4.241006,105.09375
08:00:32,912810UB2,TSRYS5810883,D,S,D,2024-08-16,1000000.00,4.242145,105.078125
08:00:33,912810UB2,TSRYS5810883,D,S,T,2024-08-16,1000000.00,4.265542,104.7578125
08:00:33,912810UB2,TSRYS5810883,D,S,T,2024-08-16,1000000.00,4.266685,104.7421875
08:00:33,912810UB2,TSRYS5810883,D,S,T,2024-08-16,1000000.00,4.265399,104.759765625
08:00:33,912810UB2,TSRYS5810883,D,S,T,2024-08-16,1000000.00,4.260969,104.8203125
08:00:33,912810UB2,TSRYS5810883,D,S,T,2024-08-16,1000000.00,4.260398,104.828125
08:00:33,912810UB2,TSRYS5810883,D,S,T,2024-08-16,1000000.00,4.261255,104.81640625
08:00:33,912810UB2,TSRYS5810883,D,S,T,2024-08-16,1000000.00,4.258541,104.853515625
08:00:33,912810UB2,TSRYS5810883,D,S,T,2024-08-16,1000000.00,4.261541,104.8125
08:00:33,912810UB2,TSRYS5810883,D,S,T,2024-08-16,1000000.00,4.262683,104.796875
08:00:33,912810UB2,TSRYS5810883,D,S,T,2024-08-16,1000000.00,4.262826,104.794921875
08:00:33,912810UB2,TSRYS5810883,D,S,T,2024-08-16,1000000.00,4.262683,104.796875
08:00:33,912810UB2,TSRYS5810883,D,B,C,2024-08-16,50MM+,4.278475,104.582496875
08:00:33,912810UB2,TSRYS5810883,D,S,T,2024-08-16,1000000.00,4.262541,104.798828125
08:00:33,912810UB2,TSRYS5810883,D,S,T,2024-08-16,1000000.00,4.260255,104.830078125
08:00:33,912810UB2,TSRYS5810883,D,S,C,2024-08-16,300000.00,4.260684,104.82421875
08:00:33,912810UB2,TSRYS5810883,D,S,T,2024-08-16,1000000.00,4.244424,105.046875
08:00:33,912810UB2,TSRYS5810883,D,S,T,2024-08-16,1000000.00,4.243284,105.0625
08:00:33,912810UB2,TSRYS5810883,D,S,T,2024-08-16,1000000.00,4.241718,105.083984375
08:00:33,912810UB2,TSRYS5810883,D,S,T,2024-08-16,1000000.00,4.241718,105.083984375
08:00:33,912810UB2,TSRYS5810883,D,S,T,2024-08-16,1000000.00,4.240579,105.099609375
08:00:33,912810UB2,TSRYS5810883,D,S,T,2024-08-16,1000000.00,4.240721,105.09765625
08:00:33,912810UB2,TSRYS5810883,D,S,T,2024-08-16,1000000.00,4.242145,105.078125
08:00:33,912810UB2,TSRYS5810883,D,S,T,2024-08-16,1000000.00,4.242145,105.078125
08:00:33,912810UB2,TSRYS5810883,D,S,T,2024-08-16,1000000.00,4.237022,105.1484375
08:00:33,912810UB2,TSRYS5810883,D,S,T,2024-08-16,3000000.00,4.237022,105.1484375
08:00:33,912810UB2,TSRYS5810883,D,S,T,2024-08-16,1000000.00,4.237022,105.1484375
08:00:33,912810UB2,TSRYS5810883,D,S,T,2024-08-16,1000000.00,4.237022,105.1484375
08:00:33,912810UB2,TSRYS5810883,D,S,T,2024-08-16,1000000.00,4.237022,105.1484375
08:00:33,912810UB2,TSRYS5810883,D,S,T,2024-08-16,1000000.00,4.237022,105.1484375
08:00:33,912810UB2,TSRYS5810883,D,S,T,2024-08-16,1000000.00,4.237022,105.1484375
08:00:33,912810UB2,TSRYS5810883,D,S,D,2024-08-16,1000000.00,4.234746,105.1796875
08:00:34,912810UB2,TSRYS5810883,D,S,T,2024-08-16,1000000.00,4.259255,104.84375
08:00:34,912810UB2,TSRYS5810883,D,S,T,2024-08-16,1000000.00,4.259255,104.84375
08:00:34,912810UB2,TSRYS5810883,D,S,T,2024-08-16,1000000.00,4.259541,104.83984375
08:00:34,912810UB2,TSRYS5810883,D,S,T,2024-08-16,1000000.00,4.259541,104.83984375
08:00:34,912810UB2,TSRYS5810883,D,S,T,2024-08-16,1000000.00,4.259398,104.841796875
08:00:34,912810UB2,TSRYS5810883,D,S,T,2024-08-16,1000000.00,4.259398,104.841796875
08:00:34,912810UB2,TSRYS5810883,D,S,T,2024-08-16,1000000.00,4.244566,105.044921875
08:00:34,912810UB2,TSRYS5810883,D,S,T,2024-08-16,1000000.00,4.242999,105.06640625
08:00:34,912810UB2,TSRYS5810883,D,S,T,2024-08-16,1000000.00,4.240152,105.10546875
08:00:36,912810UB2,TSRYS5810883,D,S,C,2024-08-16,4000.00,4.260369,104.953525
08:00:38,912810UB2,TSRYS5810883,D,S,A,2024-08-16,10000.00,4.260624,104.82461875
08:00:49,912810UB2,TSRYS5810883,D,S,D,2024-08-16,1000000.00,4.234177,105.1875
08:00:49,912810UB2,TSRYS5810883,D,S,D,2024-08-16,452000.00,4.236168,105.16015625
08:00:51,912810UB2,TSRYS5810883,D,S,D,2024-08-16,1000000.00,4.235884,105.1640625
08:00:51,912810UB2,TSRYS5810883,D,S,D,2024-08-16,1000000.00,4.235884,105.1640625
08:00:53,912810UB2,TSRYS5810883,D,S,A,2024-08-16,100000.00,4.250124,104.96875
08:00:54,912810UB2,TSRYS5810883,D,S,A,2024-08-16,22000000.00,4.260969,104.8203125
08:00:57,912810UB2,TSRYS5810883,D,S,A,2024-08-16,50MM+,4.262,104.806219
08:00:57,912810UB2,TSRYS5810883,D,S,A,2024-08-16,140000.00,4.23105,105.23046875
08:01:00,912810UB2,TSRYS5810883,D,S,T,2024-08-16,1000000.00,4.234462,105.18359375
08:01:00,912810UB2,TSRYS5810883,D,B,C,2024-08-16,11000000.00,4.261878,104.80788
08:01:00,912810UB2,TSRYS5810883,D,S,A,2024-08-16,360000.00,4.260398,104.828125
08:01:00,912810UB2,TSRYS5810883,D,S,T,2024-08-16,1000000.00,4.259265,104.84362
08:01:01,912810UB2,TSRYS5810883,D,S,C,2024-08-16,1000000.00,4.260969,104.8203125
08:01:01,912810UB2,TSRYS5810883,D,S,C,2024-08-16,1000000.00,4.261255,104.81640625
08:01:01,912810UB2,TSRYS5810883,D,B,C,2024-08-16,1000000.00,4.261255,104.81640625
08:01:01,912810UB2,TSRYS5810883,D,S,D,2024-08-16,1000000.00,4.260684,104.82421875
08:01:01,912810UB2,TSRYS5810883,D,S,D,2024-08-16,1000000.00,4.260969,104.8203125
08:01:01,912810UB2,TSRYS5810883,D,B,C,2024-08-16,2000000.00,4.25897,104.84765625
08:01:01,912810UB2,TSRYS5810883,D,S,D,2024-08-16,1000000.00,4.260684,104.82421875
08:01:01,912810UB2,TSRYS5810883,D,S,D,2024-08-16,2000000.00,4.25897,104.84765625
08:01:01,912810UB2,TSRYS5810883,D,B,C,2024-08-16,1000000.00,4.260684,104.82421875
08:01:01,912810UB2,TSRYS5810883,D,B,C,2024-08-16,1000000.00,4.260684,104.82421875
08:01:01,912810UB2,TSRYS5810883,D,B,C,2024-08-16,1000000.00,4.260684,104.82421875
08:01:01,912810UB2,TSRYS5810883,D,B,C,2024-08-16,1000000.00,4.260684,104.82421875
08:01:01,912810UB2,TSRYS5810883,D,S,D,2024-08-16,1000000.00,4.260684,104.82421875
08:01:01,912810UB2,TSRYS5810883,D,S,D,2024-08-16,1000000.00,4.260969,104.8203125
08:01:01,912810UB2,TSRYS5810883,D,S,D,2024-08-16,1000000.00,4.260684,104.82421875
08:01:01,912810UB2,TSRYS5810883,D,B,C,2024-08-16,1000000.00,4.260969,104.8203125
08:01:01,912810UB2,TSRYS5810883,D,S,D,2024-08-16,2000000.00,4.25897,104.84765625
08:01:01,912810UB2,TSRYS5810883,D,S,D,2024-08-16,2000000.00,4.25897,104.84765625
08:01:01,912810UB2,TSRYS5810883,D,B,C,2024-08-16,2000000.00,4.25897,104.84765625
08:01:01,912810UB2,TSRYS5810883,D,B,C,2024-08-16,1000000.00,4.260969,104.8203125
08:01:01,912810UB2,TSRYS5810883,D,B,C,2024-08-16,2000000.00,4.25897,104.84765625
08:01:01,912810UB2,TSRYS5810883,D,S,A,2024-08-16,520000.00,4.262398,104.80078125
08:01:01,912810UB2,TSRYS5810883,D,B,C,2024-08-16,2000000.00,4.264684,104.76953125
08:01:02,912810UB2,TSRYS5810883,D,B,C,2024-08-16,2000000.00,4.256971,104.875
08:01:02,912810UB2,TSRYS5810883,D,B,C,2024-08-16,1000000.00,4.264684,104.76953125
08:01:02,912810UB2,TSRYS5810883,D,S,D,2024-08-16,1000000.00,4.260684,104.82421875
08:01:02,912810UB2,TSRYS5810883,D,S,D,2024-08-16,2000000.00,4.256971,104.875
08:01:02,912810UB2,TSRYS5810883,D,B,C,2024-08-16,2000000.00,4.260969,104.8203125
08:01:02,912810UB2,TSRYS5810883,D,S,D,2024-08-16,1000000.00,4.264684,104.76953125
08:01:02,912810UB2,TSRYS5810883,D,B,C,2024-08-16,1000000.00,4.25897,104.84765625
08:01:02,912810UB2,TSRYS5810883,D,S,D,2024-08-16,2000000.00,4.264684,104.76953125
08:01:02,912810UB2,TSRYS5810883,D,S,D,2024-08-16,1000000.00,4.25897,104.84765625
08:01:02,912810UB2,TSRYS5810883,D,B,C,2024-08-16,1000000.00,4.25897,104.84765625
08:01:02,912810UB2,TSRYS5810883,D,S,D,2024-08-16,2000000.00,4.260969,104.8203125
08:01:02,912810UB2,TSRYS5810883,D,S,D,2024-08-16,1000000.00,4.25897,104.84765625
08:01:02,912810UB2,TSRYS5810883,D,S,D,2024-08-16,1000000.00,4.25897,104.84765625
08:01:02,912810UB2,TSRYS5810883,D,S,C,2024-08-16,1000000.00,4.260684,104.82421875
08:01:02,912810UB2,TSRYS5810883,D,S,D,2024-08-16,1000000.00,4.25897,104.84765625
08:01:02,912810UB2,TSRYS5810883,D,B,C,2024-08-16,1000000.00,4.25897,104.84765625
08:01:02,912810UB2,TSRYS5810883,D,B,C,2024-08-16,1000000.00,4.25897,104.84765625
08:01:02,912810UB2,TSRYS5810883,D,B,C,2024-08-16,1000000.00,4.260684,104.82421875
08:01:02,912810UB2,TSRYS5810883,D,B,C,2024-08-16,1000000.00,4.25897,104.84765625
08:01:02,912810UB2,TSRYS5810883,D,B,C,2024-08-16,1000000.00,4.25897,104.84765625
08:01:02,912810UB2,TSRYS5810883,D,B,C,2024-08-16,1000000.00,4.260684,104.82421875
08:01:02,912810UB2,TSRYS5810883,D,S,D,2024-08-16,1000000.00,4.25897,104.84765625
08:01:02,912810UB2,TSRYS5810883,D,S,D,2024-08-16,1000000.00,4.25897,104.84765625
08:01:02,912810UB2,TSRYS5810883,D,B,C,2024-08-16,1000000.00,4.25897,104.84765625
08:01:02,912810UB2,TSRYS5810883,D,S,D,2024-08-16,1000000.00,4.25897,104.84765625
08:01:02,912810UB2,TSRYS5810883,D,S,D,2024-08-16,1000000.00,4.256971,104.875
08:01:02,912810UB2,TSRYS5810883,D,S,D,2024-08-16,1000000.00,4.25897,104.84765625
08:01:02,912810UB2,TSRYS5810883,D,B,C,2024-08-16,1000000.00,4.25897,104.84765625
08:01:02,912810UB2,TSRYS5810883,D,B,C,2024-08-16,1000000.00,4.25897,104.84765625
08:01:02,912810UB2,TSRYS5810883,D,S,D,2024-08-16,1000000.00,4.25897,104.84765625
08:01:02,912810UB2,TSRYS5810883,D,B,C,2024-08-16,1000000.00,4.25897,104.84765625
08:01:02,912810UB2,TSRYS5810883,D,B,C,2024-08-16,1000000.00,4.258684,104.8515625
08:01:02,912810UB2,TSRYS5810883,D,S,D,2024-08-16,1000000.00,4.25897,104.84765625
08:01:02,912810UB2,TSRYS5810883,D,S,D,2024-08-16,1000000.00,4.25897,104.84765625
08:01:02,912810UB2,TSRYS5810883,D,B,C,2024-08-16,1000000.00,4.25897,104.84765625
08:01:02,912810UB2,TSRYS5810883,D,S,D,2024-08-16,1000000.00,4.25897,104.84765625
08:01:02,912810UB2,TSRYS5810883,D,B,C,2024-08-16,1000000.00,4.256971,104.875
08:01:02,912810UB2,TSRYS5810883,D,S,D,2024-08-16,1000000.00,4.258684,104.8515625
08:01:02,912810UB2,TSRYS5810883,D,B,C,2024-08-16,1000000.00,4.256971,104.875
08:01:02,912810UB2,TSRYS5810883,D,S,D,2024-08-16,1000000.00,4.256971,104.875
08:01:02,912810UB2,TSRYS5810883,D,S,D,2024-08-16,1164000.00,4.231619,105.22265625
08:01:02,912810UB2,TSRYS5810883,D,B,C,2024-08-16,1000000.00,4.256971,104.875
08:01:02,912810UB2,TSRYS5810883,D,S,D,2024-08-16,1000000.00,4.256971,104.875
08:01:02,912810UB2,TSRYS5810883,D,B,C,2024-08-16,1000000.00,4.256971,104.875
08:01:02,912810UB2,TSRYS5810883,D,B,C,2024-08-16,1000000.00,4.256971,104.875
08:01:02,912810UB2,TSRYS5810883,D,B,C,2024-08-16,1000000.00,4.25897,104.84765625
08:01:02,912810UB2,TSRYS5810883,D,S,D,2024-08-16,1000000.00,4.256971,104.875
08:01:02,912810UB2,TSRYS5810883,D,B,C,2024-08-16,1000000.00,4.256971,104.875
08:01:02,912810UB2,TSRYS5810883,D,S,D,2024-08-16,1000000.00,4.256971,104.875
08:01:02,912810UB2,TSRYS5810883,D,S,D,2024-08-16,1000000.00,4.256971,104.875
08:01:02,912810UB2,TSRYS5810883,D,S,A,2024-08-16,10000.00,4.261255,104.81640625
08:01:02,912810UB2,TSRYS5810883,D,S,D,2024-08-16,1000000.00,4.256971,104.875
08:01:02,912810UB2,TSRYS5810883,D,B,C,2024-08-16,1000000.00,4.256971,104.875
08:01:02,912810UB2,TSRYS5810883,D,S,D,2024-08-16,1000000.00,4.256971,104.875
08:01:02,912810UB2,TSRYS5810883,D,B,C,2024-08-16,1000000.00,4.256971,104.875
08:01:02,912810UB2,TSRYS5810883,D,S,T,2024-08-16,1000000.00,4.248991,104.984275
08:01:02,912810UB2,TSRYS5810883,D,S,T,2024-08-16,1000000.00,4.249133,104.982321875
08:01:02,912810UB2,TSRYS5810883,D,B,C,2024-08-16,1000000.00,4.255259,104.8984375
08:01:02,912810UB2,TSRYS5810883,D,S,D,2024-08-16,1000000.00,4.255259,104.8984375
08:01:02,912810UB2,TSRYS5810883,D,S,A,2024-08-16,360000.00,4.259541,104.83984375
08:01:02,912810UB2,TSRYS5810883,D,S,T,2024-08-16,1000000.00,4.237022,105.1484375
08:01:02,912810UB2,TSRYS5810883,D,B,C,2024-08-16,1000000.00,4.251835,104.9453125
08:01:02,912810UB2,TSRYS5810883,D,S,D,2024-08-16,1000000.00,4.251835,104.9453125
08:01:03,912810UB2,TSRYS5810883,D,S,C,2024-08-16,880000.00,4.231903,105.21875
08:01:07,912810UB2,TSRYS5810883,D,B,A,2024-08-16,200000.00,4.235315,105.171875
08:01:11,912810UB2,TSRYS5810883,D,S,D,2024-08-16,9550000.00,4.229629,105.25
08:01:11,912810UB2,TSRYS5810883,D,S,D,2024-08-16,9050000.00,4.229629,105.25
08:01:11,912810UB2,TSRYS5810883,D,S,D,2024-08-16,31700000.00,4.229629,105.25
08:01:11,912810UB2,TSRYS5810883,D,S,D,2024-08-16,2000000.00,4.242065,105.079225
08:01:12,912810UB2,TSRYS5810883,D,S,T,2024-08-16,1000000.00,4.25698,104.874875
08:01:12,912810UB2,TSRYS5810883,D,S,T,2024-08-16,1000000.00,4.256971,104.875
08:01:12,912810UB2,TSRYS5810883,D,S,T,2024-08-16,1000000.00,4.25698,104.874875
08:01:12,912810UB2,TSRYS5810883,D,S,T,2024-08-16,1000000.00,4.25698,104.874875
08:01:12,912810UB2,TSRYS5810883,D,S,A,2024-08-16,4000.00,4.258939,104.84765625
08:01:12,912810UB2,TSRYS5810883,D,S,A,2024-08-16,5000.00,4.261224,104.81640625
08:01:12,912810UB2,TSRYS5810883,D,S,C,2024-08-16,452000.00,4.236168,105.16015625
08:01:15,912810UB2,TSRYS5810883,D,S,T,2024-08-16,1000000.00,4.255972,104.888671875
08:01:15,912810UB2,TSRYS5810883,D,S,T,2024-08-16,1000000.00,4.256258,104.884765625
08:01:16,912810UB2,TSRYS5810883,D,S,T,2024-08-16,1000000.00,4.256686,104.87890625
08:01:16,912810UB2,TSRYS5810883,D,S,T,2024-08-16,1000000.00,4.254973,104.90234375
08:01:17,912810UB2,TSRYS5810883,D,S,T,2024-08-16,1000000.00,4.236453,105.15625
08:01:19,912810UB2,TSRYS5810883,D,S,C,2024-08-16,1820000.00,4.237306,105.14453125
08:01:19,912810UB2,TSRYS5810883,D,S,A,2024-08-16,1000000.00,4.256971,104.875
08:01:22,912810UB2,TSRYS5810883,D,S,A,2024-08-16,200000.00,4.258684,104.8515625
08:01:22,912810UB2,TSRYS5810883,D,S,D,2024-08-16,1000000.00,4.235884,105.1640625
08:01:24,912810UB2,TSRYS5810883,D,S,T,2024-08-16,1000000.00,4.236453,105.15625
08:01:24,912810UB2,TSRYS5810883,D,S,T,2024-08-16,1000000.00,4.236453,105.15625
08:01:25,912810UB2,TSRYS5810883,D,S,T,2024-08-16,1000000.00,4.236453,105.15625
08:01:25,912810UB2,TSRYS5810883,D,S,T,2024-08-16,1000000.00,4.236453,105.15625
08:01:25,912810UB2,TSRYS5810883,D,S,T,2024-08-16,1000000.00,4.235742,105.166015625
08:01:25,912810UB2,TSRYS5810883,D,S,T,2024-08-16,1000000.00,4.236453,105.15625
08:01:25,912810UB2,TSRYS5810883,D,S,T,2024-08-16,1000000.00,4.236453,105.15625
08:01:25,912810UB2,TSRYS5810883,D,S,T,2024-08-16,1000000.00,4.236453,105.15625
08:01:25,912810UB2,TSRYS5810883,D,S,T,2024-08-16,1000000.00,4.236453,105.15625
08:01:25,912810UB2,TSRYS5810883,D,S,T,2024-08-16,1000000.00,4.236453,105.15625
08:01:25,912810UB2,TSRYS5810883,D,S,T,2024-08-16,1000000.00,4.236453,105.15625
08:01:25,912810UB2,TSRYS5810883,D,S,T,2024-08-16,2000000.00,4.236453,105.15625
08:01:25,912810UB2,TSRYS5810883,D,S,T,2024-08-16,1000000.00,4.236453,105.15625
08:01:25,912810UB2,TSRYS5810883,D,S,T,2024-08-16,1000000.00,4.236453,105.15625
08:01:26,912810UB2,TSRYS5810883,D,S,C,2024-08-16,46000.00,4.260083,104.84330081522
08:01:28,912810UB2,TSRYS5810883,D,S,A,2024-08-16,300000.00,4.256971,104.875
08:01:33,912810UB2,TSRYS5810883,D,B,C,2024-08-16,1344000.00,4.23506,105.17538125
08:01:34,912810UB2,TSRYS5810883,D,S,D,2024-08-16,1344000.00,4.23506,105.17538125
08:01:35,912810UB2,TSRYS5810883,D,B,C,2024-08-16,1505000.00,4.235315,105.171875
08:01:36,912810UB2,TSRYS5810883,D,S,A,2024-08-16,3700.00,4.270118,104.6953125
08:01:36,912810UB2,TSRYS5810883,D,S,A,2024-08-16,51600.00,4.266369,104.74609375
08:01:36,912810UB2,TSRYS5810883,D,S,A,2024-08-16,590000.00,4.261255,104.81640625
08:01:36,912810UB2,TSRYS5810883,D,S,A,2024-08-16,6200.00,4.262683,104.796875
08:01:37,912810UB2,TSRYS5810883,D,S,A,2024-08-16,41700.00,4.262653,104.796875
08:01:37,912810UB2,TSRYS5810883,D,S,A,2024-08-16,10000.00,4.264398,104.7734375
08:01:37,912810UB2,TSRYS5810883,D,S,A,2024-08-16,90000.00,4.263796,104.78125
08:01:37,912810UB2,TSRYS5810883,D,S,A,2024-08-16,100000.00,4.26351,104.78515625
08:01:37,912810UB2,TSRYS5810883,D,S,A,2024-08-16,12100.00,4.264368,104.7734375
08:01:37,912810UB2,TSRYS5810883,D,S,A,2024-08-16,1000.00,4.262969,104.79296875
08:01:38,912810UB2,TSRYS5810883,D,S,A,2024-08-16,10000.00,4.259796,104.8359375
08:01:38,912810UB2,TSRYS5810883,D,S,A,2024-08-16,30000.00,4.257226,104.87109375
08:01:38,912810UB2,TSRYS5810883,D,S,A,2024-08-16,200000.00,4.255259,104.8984375
08:01:39,912810UB2,TSRYS5810883,D,S,A,2024-08-16,1000.00,4.259255,104.84375
08:01:39,912810UB2,TSRYS5810883,D,S,A,2024-08-16,83000.00,4.258653,104.8515625
08:01:39,912810UB2,TSRYS5810883,D,S,A,2024-08-16,1000.00,4.262112,104.8046875
08:01:39,912810UB2,TSRYS5810883,D,S,A,2024-08-16,100000.00,4.262653,104.796875
08:01:40,912810UB2,TSRYS5810883,D,S,A,2024-08-16,2000.00,4.260081,104.83203125
08:01:43,912810UB2,TSRYS5810883,D,B,C,2024-08-16,2276000.00,4.235599,105.16796875
08:01:43,912810UB2,TSRYS5810883,D,S,C,2024-08-16,31000.00,4.237022,105.1484375
08:01:43,912810UB2,TSRYS5810883,D,B,A,2024-08-16,930000.00,4.270976,104.68359375
08:01:44,912810UB2,TSRYS5810883,D,S,T,2024-08-16,1000000.00,4.259113,104.84570312
08:01:46,912810UB2,TSRYS5810883,D,S,A,2024-08-16,109400.00,4.254086,104.9140625
08:01:46,912810UB2,TSRYS5810883,D,S,A,2024-08-16,672000.00,4.254402,104.91015625
08:01:51,912810UB2,TSRYS5810883,D,S,T,2024-08-16,1000000.00,4.235315,105.171875
08:01:55,912810UB2,TSRYS5810883,D,S,C,2024-08-16,2800000.00,4.235884,105.1640625
08:01:55,912810UB2,TSRYS5810883,D,S,D,2024-08-16,389000.00,4.256971,104.875
08:01:57,912810UB2,TSRYS5810883,D,S,T,2024-08-16,1000000.00,4.257828,104.86328125
08:01:59,912810UB2,TSRYS5810883,D,S,T,2024-08-16,2000000.00,4.25897,104.84765625
08:02:01,912810UB2,TSRYS5810883,D,S,T,2024-08-16,2000000.00,4.257828,104.86328125
08:02:02,912810UB2,TSRYS5810883,D,S,D,2024-08-16,1000000.00,4.277562,104.59375
08:02:02,912810UB2,TSRYS5810883,D,S,A,2024-08-16,3500000.00,4.254688,104.90625
08:02:02,912810UB2,TSRYS5810883,D,S,T,2024-08-16,1000000.00,4.259255,104.84375
08:02:03,912810UB2,TSRYS5810883,D,S,T,2024-08-16,1000000.00,4.277562,104.59375
08:02:03,912810UB2,TSRYS5810883,D,S,D,2024-08-16,220000.00,4.256971,104.875
08:02:03,912810UB2,TSRYS5810883,D,S,T,2024-08-16,1000000.00,4.27298,104.65625
08:02:03,912810UB2,TSRYS5810883,D,S,T,2024-08-16,1000000.00,4.271835,104.671875
08:02:03,912810UB2,TSRYS5810883,D,S,T,2024-08-16,1000000.00,4.27069,104.6875
08:02:03,912810UB2,TSRYS5810883,D,S,T,2024-08-16,1000000.00,4.27069,104.6875
08:02:03,912810UB2,TSRYS5810883,D,S,T,2024-08-16,1000000.00,4.261112,104.818359375
08:02:03,912810UB2,TSRYS5810883,D,S,D,2024-08-16,142000.00,4.246418,105.019531
08:02:03,912810UB2,TSRYS5810883,D,S,T,2024-08-16,1000000.00,4.259255,104.84375
08:02:03,912810UB2,TSRYS5810883,D,S,T,2024-08-16,1000000.00,4.258113,104.859375
08:02:07,912810UB2,TSRYS5810883,D,S,T,2024-08-16,1000000.00,4.262683,104.796875
08:02:07,912810UB2,TSRYS5810883,D,S,T,2024-08-16,1000000.00,4.260541,104.826171875
08:02:07,912810UB2,TSRYS5810883,D,S,T,2024-08-16,1000000.00,4.261541,104.8125
08:02:07,912810UB2,TSRYS5810883,D,S,T,2024-08-16,1000000.00,4.262683,104.796875
08:02:07,912810UB2,TSRYS5810883,D,S,T,2024-08-16,1000000.00,4.261541,104.8125
08:02:07,912810UB2,TSRYS5810883,D,S,T,2024-08-16,1000000.00,4.260255,104.830078125
08:02:07,912810UB2,TSRYS5810883,D,S,T,2024-08-16,1000000.00,4.260255,104.830078125
08:02:07,912810UB2,TSRYS5810883,D,S,T,2024-08-16,1000000.00,4.260255,104.830078125
08:02:07,912810UB2,TSRYS5810883,D,S,T,2024-08-16,1000000.00,4.265113,104.763671875
08:02:07,912810UB2,TSRYS5810883,D,S,T,2024-08-16,1000000.00,4.262683,104.796875
08:02:07,912810UB2,TSRYS5810883,D,S,T,2024-08-16,1000000.00,4.259255,104.84375
08:02:07,912810UB2,TSRYS5810883,D,S,T,2024-08-16,1000000.00,4.259255,104.84375
08:02:07,912810UB2,TSRYS5810883,D,S,T,2024-08-16,1000000.00,4.258113,104.859375
08:02:07,912810UB2,TSRYS5810883,D,S,T,2024-08-16,1000000.00,4.255829,104.890625
08:02:07,912810UB2,TSRYS5810883,D,S,T,2024-08-16,1000000.00,4.255829,104.890625
08:02:07,912810UB2,TSRYS5810883,D,S,T,2024-08-16,1000000.00,4.250124,104.96875
08:02:07,912810UB2,TSRYS5810883,D,S,T,2024-08-16,1000000.00,4.248983,104.984375
08:02:07,912810UB2,TSRYS5810883,D,S,T,2024-08-16,1000000.00,4.248983,104.984375
08:02:07,912810UB2,TSRYS5810883,D,S,T,2024-08-16,1000000.00,4.250124,104.96875
08:02:07,912810UB2,TSRYS5810883,D,S,T,2024-08-16,1000000.00,4.242145,105.078125
08:02:07,912810UB2,TSRYS5810883,D,S,T,2024-08-16,1000000.00,4.241006,105.09375
08:02:07,912810UB2,TSRYS5810883,D,S,T,2024-08-16,1000000.00,4.236453,105.15625
08:02:07,912810UB2,TSRYS5810883,D,S,T,2024-08-16,1000000.00,4.237591,105.140625
08:02:07,912810UB2,TSRYS5810883,D,S,T,2024-08-16,1000000.00,4.234177,105.1875
08:02:07,912810UB2,TSRYS5810883,D,S,T,2024-08-16,1000000.00,4.234177,105.1875
08:02:07,912810UB2,TSRYS5810883,D,S,T,2024-08-16,1000000.00,4.233182,105.201171875
08:02:07,912810UB2,TSRYS5810883,D,S,T,2024-08-16,1000000.00,4.233182,105.201171875
08:02:07,912810UB2,TSRYS5810883,D,S,T,2024-08-16,1000000.00,4.23304,105.203125
08:02:07,912810UB2,TSRYS5810883,D,S,T,2024-08-16,1000000.00,4.234177,105.1875
08:02:07,912810UB2,TSRYS5810883,D,S,T,2024-08-16,2000000.00,4.235315,105.171875
08:02:07,912810UB2,TSRYS5810883,D,S,T,2024-08-16,1000000.00,4.235315,105.171875
08:02:07,912810UB2,TSRYS5810883,D,S,C,2024-08-16,1000000.00,4.265542,104.7578125
08:02:07,912810UB2,TSRYS5810883,D,S,C,2024-08-16,1000000.00,4.266685,104.7421875
08:02:07,912810UB2,TSRYS5810883,D,S,C,2024-08-16,1000000.00,4.27182,104.672075
08:02:07,912810UB2,TSRYS5810883,D,B,C,2024-08-16,1000000.00,4.262541,104.79882812
08:02:07,912810UB2,TSRYS5810883,D,S,T,2024-08-16,1000000.00,4.261255,104.81640625
08:02:07,912810UB2,TSRYS5810883,D,S,D,2024-08-16,1000000.00,4.261255,104.81640625
08:02:07,912810UB2,TSRYS5810883,D,S,T,2024-08-16,2000000.00,4.260112,104.83203125
08:02:07,912810UB2,TSRYS5810883,D,S,D,2024-08-16,1000000.00,4.27298,104.65625
08:02:07,912810UB2,TSRYS5810883,D,S,T,2024-08-16,2000000.00,4.260112,104.83203125
08:02:07,912810UB2,TSRYS5810883,D,S,D,2024-08-16,2000000.00,4.260826,104.82226562
08:02:07,912810UB2,TSRYS5810883,D,S,D,2024-08-16,1000000.00,4.261826,104.80859375
08:02:07,912810UB2,TSRYS5810883,D,S,D,2024-08-16,1000000.00,4.261826,104.80859375
08:02:07,912810UB2,TSRYS5810883,D,S,D,2024-08-16,1000000.00,4.261826,104.80859375
08:02:07,912810UB2,TSRYS5810883,D,S,D,2024-08-16,9000000.00,4.260938,104.82074
08:02:07,912810UB2,TSRYS5810883,D,S,D,2024-08-16,1000000.00,4.274125,104.640625
08:02:09,912810UB2,TSRYS5810883,D,B,C,2024-08-16,7000000.00,4.258572,104.8531
08:02:11,912810UB2,TSRYS5810883,D,B,C,2024-08-16,11000000.00,4.26101,104.81975
08:02:14,912810UB2,TSRYS5810883,D,S,D,2024-08-16,11000000.00,4.259391,104.8419
08:02:14,912810UB2,TSRYS5810883,D,S,D,2024-08-16,1000000.00,4.257828,104.86328125
08:02:14,912810UB2,TSRYS5810883,D,S,T,2024-08-16,1000000.00,4.257828,104.86328125
08:02:14,912810UB2,TSRYS5810883,D,S,D,2024-08-16,1000000.00,4.255401,104.89648437
08:02:14,912810UB2,TSRYS5810883,D,S,T,2024-08-16,1000000.00,4.255544,104.89453125
08:02:14,912810UB2,TSRYS5810883,D,S,T,2024-08-16,1000000.00,4.2564,104.8828125
08:02:14,912810UB2,TSRYS5810883,D,S,T,2024-08-16,1000000.00,4.255972,104.88867187
08:02:14,912810UB2,TSRYS5810883,D,S,D,2024-08-16,1000000.00,4.255972,104.88867187
08:02:14,912810UB2,TSRYS5810883,D,S,T,2024-08-16,1000000.00,4.255972,104.88867187
08:02:14,912810UB2,TSRYS5810883,D,S,D,2024-08-16,1000000.00,4.255972,104.88867187
08:02:14,912810UB2,TSRYS5810883,D,S,D,2024-08-16,1000000.00,4.256971,104.875
08:02:14,912810UB2,TSRYS5810883,D,S,T,2024-08-16,1000000.00,4.256971,104.875
08:02:15,912810UB2,TSRYS5810883,D,S,T,2024-08-16,1000000.00,4.257685,104.86523437
08:02:15,912810UB2,TSRYS5810883,D,S,T,2024-08-16,1000000.00,4.258113,104.859375
08:02:15,912810UB2,TSRYS5810883,D,S,T,2024-08-16,1000000.00,4.255116,104.90039062
08:02:15,912810UB2,TSRYS5810883,D,S,D,2024-08-16,1000000.00,4.254973,104.90234375
08:02:15,912810UB2,TSRYS5810883,D,S,D,2024-08-16,1000000.00,4.254973,104.90234375
08:02:16,912810UB2,TSRYS5810883,D,S,T,2024-08-16,1000000.00,4.255116,104.90039062
08:02:16,912810UB2,TSRYS5810883,D,S,D,2024-08-16,1000000.00,4.255116,104.90039062
08:02:16,912810UB2,TSRYS5810883,D,S,D,2024-08-16,1000000.00,4.254973,104.90234375
08:02:16,912810UB2,TSRYS5810883,D,S,D,2024-08-16,1000000.00,4.254973,104.90234375
08:02:16,912810UB2,TSRYS5810883,D,S,D,2024-08-16,1000000.00,4.255829,104.890625
08:02:16,912810UB2,TSRYS5810883,D,S,T,2024-08-16,1000000.00,4.255844,104.890425
08:02:16,912810UB2,TSRYS5810883,D,S,T,2024-08-16,1000000.00,4.255687,104.89257812
08:02:16,912810UB2,TSRYS5810883,D,S,T,2024-08-16,1000000.00,4.255687,104.89257812
08:02:16,912810UB2,TSRYS5810883,D,S,T,2024-08-16,1000000.00,4.252405,104.9375
08:02:16,912810UB2,TSRYS5810883,D,S,D,2024-08-16,1000000.00,4.251692,104.94726562
08:02:16,912810UB2,TSRYS5810883,D,B,C,2024-08-16,2000000.00,4.251835,104.9453125
08:02:16,912810UB2,TSRYS5810883,D,S,D,2024-08-16,100000.00,4.237875,105.13671875
08:02:16,912810UB2,TSRYS5810883,D,S,T,2024-08-16,1000000.00,4.252691,104.93359375
08:02:16,912810UB2,TSRYS5810883,D,S,T,2024-08-16,1000000.00,4.252691,104.93359375
08:02:17,912810UB2,TSRYS5810883,D,B,C,2024-08-16,28000000.00,4.255513,104.89495
08:02:18,912810UB2,TSRYS5810883,D,S,D,2024-08-16,1000000.00,4.27298,104.65625
08:02:18,912810UB2,TSRYS5810883,D,B,C,2024-08-16,2000000.00,4.27298,104.65625
08:02:18,912810UB2,TSRYS5810883,D,S,D,2024-08-16,1000000.00,4.27298,104.65625
08:02:18,912810UB2,TSRYS5810883,D,S,D,2024-08-16,2000000.00,4.27298,104.65625
08:02:19,912810UB2,TSRYS5810883,D,S,T,2024-08-16,1000000.00,4.247986,104.99804687
08:02:19,912810UB2,TSRYS5810883,D,S,T,2024-08-16,2000000.00,4.249126,104.98242187
08:02:19,912810UB2,TSRYS5810883,D,S,T,2024-08-16,1000000.00,4.249268,104.98046875
08:02:20,912810UB2,TSRYS5810883,D,S,D,2024-08-16,1000000.00,4.249268,104.98046875
08:02:20,912810UB2,TSRYS5810883,D,S,D,2024-08-16,1000000.00,4.249268,104.98046875
08:02:20,912810UB2,TSRYS5810883,D,S,D,2024-08-16,1000000.00,4.249268,104.98046875
08:02:20,912810UB2,TSRYS5810883,D,S,D,2024-08-16,1000000.00,4.271835,104.671875
08:02:20,912810UB2,TSRYS5810883,D,S,D,2024-08-16,1000000.00,4.271835,104.671875
08:02:20,912810UB2,TSRYS5810883,D,S,D,2024-08-16,1000000.00,4.271835,104.671875
08:02:20,912810UB2,TSRYS5810883,D,S,D,2024-08-16,1000000.00,4.271835,104.671875
08:02:20,912810UB2,TSRYS5810883,D,S,D,2024-08-16,1000000.00,4.271835,104.671875
08:02:20,912810UB2,TSRYS5810883,D,B,C,2024-08-16,1000000.00,4.271835,104.671875
08:02:20,912810UB2,TSRYS5810883,D,B,C,2024-08-16,1000000.00,4.271849,104.671675
08:02:21,912810UB2,TSRYS5810883,D,S,C,2024-08-16,1000000.00,4.272969,104.656402
08:02:21,912810UB2,TSRYS5810883,D,S,T,2024-08-16,1000000.00,4.261541,104.8125
08:02:21,912810UB2,TSRYS5810883,D,S,T,2024-08-16,1000000.00,4.261541,104.8125
08:02:21,912810UB2,TSRYS5810883,D,S,C,2024-08-16,1000000.00,4.271835,104.671875
08:02:21,912810UB2,TSRYS5810883,D,S,C,2024-08-16,1000000.00,4.27182,104.672075
08:02:21,912810UB2,TSRYS5810883,D,S,T,2024-08-16,1000000.00,4.261541,104.8125
08:02:21,912810UB2,TSRYS5810883,D,S,T,2024-08-16,2000000.00,4.261541,104.8125
08:02:21,912810UB2,TSRYS5810883,D,B,C,2024-08-16,1000000.00,4.271835,104.671875
08:02:21,912810UB2,TSRYS5810883,D,S,C,2024-08-16,1000000.00,4.271835,104.671875
08:02:21,912810UB2,TSRYS5810883,D,S,C,2024-08-16,1000000.00,4.271835,104.671875
08:02:21,912810UB2,TSRYS5810883,D,B,C,2024-08-16,1000000.00,4.271849,104.671675
08:02:21,912810UB2,TSRYS5810883,D,S,C,2024-08-16,1000000.00,4.271835,104.671875
08:02:21,912810UB2,TSRYS5810883,D,B,C,2024-08-16,1000000.00,4.271848,104.6717
08:02:21,912810UB2,TSRYS5810883,D,S,C,2024-08-16,1000000.00,4.27182,104.672075
08:02:21,912810UB2,TSRYS5810883,D,B,C,2024-08-16,1000000.00,4.271849,104.671675
08:02:21,912810UB2,TSRYS5810883,D,S,D,2024-08-16,1000000.00,4.271835,104.671875
08:02:21,912810UB2,TSRYS5810883,D,S,C,2024-08-16,2000000.00,4.271835,104.671875
08:02:21,912810UB2,TSRYS5810883,D,S,D,2024-08-16,1000000.00,4.271835,104.671875
08:02:21,912810UB2,TSRYS5810883,D,S,D,2024-08-16,1000000.00,4.271835,104.671875
08:02:21,912810UB2,TSRYS5810883,D,S,D,2024-08-16,1000000.00,4.271835,104.671875
08:02:21,912810UB2,TSRYS5810883,D,S,C,2024-08-16,1000000.00,4.27182,104.672075
08:02:22,912810UB2,TSRYS5810883,D,S,T,2024-08-16,1000000.00,4.255829,104.890625
08:02:22,912810UB2,TSRYS5810883,D,S,T,2024-08-16,1000000.00,4.255829,104.890625
08:02:22,912810UB2,TSRYS5810883,D,S,T,2024-08-16,1000000.00,4.255829,104.890625
08:02:22,912810UB2,TSRYS5810883,D,S,T,2024-08-16,1000000.00,4.255829,104.890625
08:02:22,912810UB2,TSRYS5810883,D,S,T,2024-08-16,1000000.00,4.255829,104.890625
08:02:22,912810UB2,TSRYS5810883,D,S,T,2024-08-16,4000000.00,4.255829,104.890625
08:02:22,912810UB2,TSRYS5810883,D,S,T,2024-08-16,1000000.00,4.255829,104.890625
08:02:22,912810UB2,TSRYS5810883,D,B,C,2024-08-16,7000000.00,4.249053,104.98342
08:02:22,912810UB2,TSRYS5810883,D,S,D,2024-08-16,300000.00,4.234462,105.18359375
08:02:22,912810UB2,TSRYS5810883,D,B,C,2024-08-16,10000000.00,4.25583,104.89062
08:02:22,912810UB2,TSRYS5810883,D,S,C,2024-08-16,7600000.00,4.234414,105.18379375
08:02:23,912810UB2,TSRYS5810883,D,S,C,2024-08-16,1000000.00,4.270679,104.687652
08:02:23,912810UB2,TSRYS5810883,D,S,C,2024-08-16,1000000.00,4.27182,104.672075
08:02:23,912810UB2,TSRYS5810883,D,S,C,2024-08-16,1000000.00,4.271824,104.672027
08:02:23,912810UB2,TSRYS5810883,D,S,D,2024-08-16,1000000.00,4.265399,104.759765625
08:02:23,912810UB2,TSRYS5810883,D,S,D,2024-08-16,1000000.00,4.265399,104.759765625
08:02:24,912810UB2,TSRYS5810883,D,S,D,2024-08-16,1000000.00,4.244139,105.05078125
08:02:24,912810UB2,TSRYS5810883,D,S,D,2024-08-16,1000000.00,4.244139,105.05078125
08:02:24,912810UB2,TSRYS5810883,D,S,T,2024-08-16,1000000.00,4.242003,105.08007812
08:02:24,912810UB2,TSRYS5810883,D,S,D,2024-08-16,1000000.00,4.242003,105.08007812
08:02:24,912810UB2,TSRYS5810883,D,B,C,2024-08-16,1000000.00,4.270705,104.6873
08:02:24,912810UB2,TSRYS5810883,D,S,C,2024-08-16,1000000.00,4.270679,104.687652
08:02:24,912810UB2,TSRYS5810883,D,S,D,2024-08-16,1000000.00,4.241149,105.09179687
08:02:24,912810UB2,TSRYS5810883,D,S,D,2024-08-16,1000000.00,4.241149,105.09179687
08:02:24,912810UB2,TSRYS5810883,D,S,D,2024-08-16,1000000.00,4.27069,104.6875
08:02:24,912810UB2,TSRYS5810883,D,S,D,2024-08-16,1000000.00,4.27069,104.6875
08:02:24,912810UB2,TSRYS5810883,D,B,C,2024-08-16,1000000.00,4.271846,104.671725
08:02:24,912810UB2,TSRYS5810883,D,B,C,2024-08-16,1000000.00,4.271846,104.671725
08:02:24,912810UB2,TSRYS5810883,D,S,C,2024-08-16,1000000.00,4.27182,104.672075
08:02:25,912810UB2,TSRYS5810883,D,S,D,2024-08-16,1000000.00,4.271835,104.671875
08:02:25,912810UB2,TSRYS5810883,D,S,D,2024-08-16,1000000.00,4.271835,104.671875
08:02:25,912810UB2,TSRYS5810883,D,S,D,2024-08-16,1000000.00,4.27069,104.6875
08:02:25,912810UB2,TSRYS5810883,D,B,C,2024-08-16,1000000.00,4.270705,104.6873
08:02:25,912810UB2,TSRYS5810883,D,B,C,2024-08-16,6000000.00,4.242207,105.07727
08:02:27,912810UB2,TSRYS5810883,D,S,D,2024-08-16,15000000.00,4.240981,105.09409
08:02:27,912810UB2,TSRYS5810883,D,S,T,2024-08-16,1000000.00,4.271842,104.671775
08:02:27,912810UB2,TSRYS5810883,D,S,T,2024-08-16,1000000.00,4.271835,104.671875
08:02:27,912810UB2,TSRYS5810883,D,S,T,2024-08-16,2000000.00,4.271835,104.671875
08:02:28,912810UB2,TSRYS5810883,D,S,T,2024-08-16,1000000.00,4.271835,104.671875
08:02:28,912810UB2,TSRYS5810883,D,S,T,2024-08-16,1000000.00,4.271842,104.671775
08:02:28,912810UB2,TSRYS5810883,D,S,T,2024-08-16,1000000.00,4.271835,104.671875
08:02:28,912810UB2,TSRYS5810883,D,S,T,2024-08-16,1000000.00,4.271835,104.671875
08:02:28,912810UB2,TSRYS5810883,D,S,T,2024-08-16,1000000.00,4.271835,104.671875
08:02:28,912810UB2,TSRYS5810883,D,S,T,2024-08-16,1000000.00,4.271842,104.671775
08:02:28,912810UB2,TSRYS5810883,D,S,D,2024-08-16,1000000.00,4.266114,104.75
08:02:29,912810UB2,TSRYS5810883,D,S,T,2024-08-16,1000000.00,4.261541,104.8125
08:02:29,912810UB2,TSRYS5810883,D,S,T,2024-08-16,1000000.00,4.261541,104.8125
08:02:30,912810UB2,TSRYS5810883,D,S,D,2024-08-16,1000000.00,4.27069,104.6875
08:02:30,912810UB2,TSRYS5810883,D,B,C,2024-08-16,1000000.00,4.270701,104.687348
08:02:31,912810UB2,TSRYS5810883,D,S,D,2024-08-16,1000000.00,4.236168,105.16015625
08:02:35,912810UB2,TSRYS5810883,D,S,C,2024-08-16,20000000.00,4.262048,104.80556
08:02:35,912810UB2,TSRYS5810883,D,S,C,2024-08-16,50000000.00,4.252319,104.93868
08:02:40,912810UB2,TSRYS5810883,D,S,D,2024-08-16,1000000.00,4.262683,104.796875
08:02:41,912810UB2,TSRYS5810883,D,S,C,2024-08-16,1000000.00,4.261112,104.818359375
08:02:42,912810UB2,TSRYS5810883,D,S,C,2024-08-16,1000000.00,4.260969,104.8203125
08:02:42,912810UB2,TSRYS5810883,D,S,T,2024-08-16,31700000.00,4.229629,105.25
08:02:42,912810UB2,TSRYS5810883,D,S,C,2024-08-16,1000000.00,4.260398,104.828125
08:02:42,912810UB2,TSRYS5810883,D,S,C,2024-08-16,1000000.00,4.260826,104.822265625
08:02:42,912810UB2,TSRYS5810883,D,S,C,2024-08-16,1000000.00,4.260826,104.822265625
08:02:43,912810UB2,TSRYS5810883,D,S,C,2024-08-16,1000000.00,4.261255,104.81640625
08:02:44,912810UB2,TSRYS5810883,D,S,T,2024-08-16,1000000.00,4.266114,104.75
08:02:45,912810UB2,TSRYS5810883,D,S,D,2024-08-16,15000.00,4.23557,105.16836875
08:02:46,912810UB2,TSRYS5810883,D,S,D,2024-08-16,1000000.00,4.267257,104.734375
08:02:46,912810UB2,TSRYS5810883,D,S,C,2024-08-16,1000000.00,4.267243,104.734575
08:02:47,912810UB2,TSRYS5810883,D,S,D,2024-08-16,1000000.00,4.262683,104.796875
08:02:47,912810UB2,TSRYS5810883,D,B,C,2024-08-16,1000000.00,4.262698,104.796675
08:02:48,912810UB2,TSRYS5810883,D,B,C,2024-08-16,1000000.00,4.261555,104.8123
08:02:48,912810UB2,TSRYS5810883,D,S,C,2024-08-16,1000000.00,4.26153,104.81265
08:02:49,912810UB2,TSRYS5810883,D,S,T,2024-08-16,9050000.00,4.229629,105.25
08:02:49,912810UB2,TSRYS5810883,D,S,T,2024-08-16,1000000.00,4.267267,104.734245
08:02:49,912810UB2,TSRYS5810883,D,S,T,2024-08-16,1000000.00,4.267267,104.734245
08:02:52,912810UB2,TSRYS5810883,D,S,D,2024-08-16,1000000.00,4.259246,104.84388
08:02:53,912810UB2,TSRYS5810883,D,S,D,2024-08-16,1000000.00,4.258104,104.859505
08:02:56,912810UB2,TSRYS5810883,D,B,A,2024-08-16,4781000.00,4.259255,104.84375
08:02:58,912810UB2,TSRYS5810883,D,B,C,2024-08-16,1000000.00,4.261555,104.8123
08:02:59,912810UB2,TSRYS5810883,D,S,D,2024-08-16,1000000.00,4.261541,104.8125
08:03:00,912810UB2,TSRYS5810883,D,S,A,2024-08-16,360000.00,4.259255,104.84375
08:03:00,912810UB2,TSRYS5810883,D,S,D,2024-08-16,1000000.00,4.261541,104.8125
08:03:00,912810UB2,TSRYS5810883,D,S,D,2024-08-16,1000000.00,4.261541,104.8125
08:03:00,912810UB2,TSRYS5810883,D,B,C,2024-08-16,1000000.00,4.261555,104.8123
08:03:01,912810UB2,TSRYS5810883,D,S,D,2024-08-16,1000000.00,4.259255,104.84375
08:03:04,912810UB2,TSRYS5810883,D,B,C,2024-08-16,1000000.00,4.260405,104.828025
08:03:04,912810UB2,TSRYS5810883,D,B,C,2024-08-16,1000000.00,4.260413,104.827925
08:03:04,912810UB2,TSRYS5810883,D,S,D,2024-08-16,1000000.00,4.26039,104.828227
08:03:04,912810UB2,TSRYS5810883,D,S,D,2024-08-16,1000000.00,4.26039,104.828227
08:03:04,912810UB2,TSRYS5810883,D,S,D,2024-08-16,1000000.00,4.26039,104.828227
08:03:04,912810UB2,TSRYS5810883,D,B,C,2024-08-16,250000.00,4.266114,104.75
08:03:05,912810UB2,TSRYS5810883,D,B,C,2024-08-16,1000000.00,4.260398,104.828125
08:03:05,912810UB2,TSRYS5810883,D,S,D,2024-08-16,1000000.00,4.26039,104.828227
08:03:05,912810UB2,TSRYS5810883,D,S,C,2024-08-16,1000000.00,4.261541,104.8125
08:03:07,912810UB2,TSRYS5810883,D,S,C,2024-08-16,1000000.00,4.264955,104.765825
08:03:07,912810UB2,TSRYS5810883,D,B,C,2024-08-16,1000000.00,4.264977,104.765525
08:03:08,912810UB2,TSRYS5810883,D,S,A,2024-08-16,1500000.00,4.260398,104.828125
08:03:08,912810UB2,TSRYS5810883,D,B,C,2024-08-16,1000000.00,4.262683,104.796875
08:03:08,912810UB2,TSRYS5810883,D,S,D,2024-08-16,1000000.00,4.262669,104.797075
08:03:09,912810UB2,TSRYS5810883,D,B,C,2024-08-16,1000000.00,4.262683,104.796875
08:03:09,912810UB2,TSRYS5810883,D,B,C,2024-08-16,1000000.00,4.262683,104.796875
08:03:09,912810UB2,TSRYS5810883,D,S,D,2024-08-16,1000000.00,4.262669,104.797075
08:03:09,912810UB2,TSRYS5810883,D,S,D,2024-08-16,1000000.00,4.262669,104.797075
08:03:09,912810UB2,TSRYS5810883,D,S,D,2024-08-16,1000000.00,4.261541,104.8125
08:03:09,912810UB2,TSRYS5810883,D,B,C,2024-08-16,1000000.00,4.261555,104.8123
08:03:09,912810UB2,TSRYS5810883,D,S,D,2024-08-16,1000000.00,4.261541,104.8125
08:03:09,912810UB2,TSRYS5810883,D,S,D,2024-08-16,1000000.00,4.261541,104.8125
08:03:09,912810UB2,TSRYS5810883,D,S,D,2024-08-16,1000000.00,4.261541,104.8125
08:03:09,912810UB2,TSRYS5810883,D,B,C,2024-08-16,1000000.00,4.261541,104.8125
08:03:09,912810UB2,TSRYS5810883,D,B,C,2024-08-16,1000000.00,4.261541,104.8125
08:03:09,912810UB2,TSRYS5810883,D,B,C,2024-08-16,1000000.00,4.261541,104.8125
08:03:09,912810UB2,TSRYS5810883,D,B,C,2024-08-16,1000000.00,4.261555,104.8123
08:03:09,912810UB2,TSRYS5810883,D,B,C,2024-08-16,1000000.00,4.261541,104.8125
08:03:09,912810UB2,TSRYS5810883,D,S,D,2024-08-16,1000000.00,4.261541,104.8125
08:03:09,912810UB2,TSRYS5810883,D,S,D,2024-08-16,1000000.00,4.261541,104.8125
08:03:09,912810UB2,TSRYS5810883,D,S,D,2024-08-16,1000000.00,4.261541,104.8125
08:03:09,912810UB2,TSRYS5810883,D,B,C,2024-08-16,1000000.00,4.261541,104.8125
08:03:09,912810UB2,TSRYS5810883,D,B,C,2024-08-16,1000000.00,4.261548,104.8124
08:03:09,912810UB2,TSRYS5810883,D,S,D,2024-08-16,1000000.00,4.261541,104.8125
08:03:09,912810UB2,TSRYS5810883,D,S,D,2024-08-16,1000000.00,4.261541,104.8125
08:03:09,912810UB2,TSRYS5810883,D,B,C,2024-08-16,1000000.00,4.261541,104.8125
08:03:09,912810UB2,TSRYS5810883,D,B,C,2024-08-16,1000000.00,4.261541,104.8125
08:03:09,912810UB2,TSRYS5810883,D,S,D,2024-08-16,1000000.00,4.261541,104.8125
08:03:09,912810UB2,TSRYS5810883,D,B,C,2024-08-16,1000000.00,4.261553,104.812325
08:03:09,912810UB2,TSRYS5810883,D,S,D,2024-08-16,1000000.00,4.261541,104.8125
08:03:09,912810UB2,TSRYS5810883,D,B,C,2024-08-16,1000000.00,4.261555,104.8123
08:03:09,912810UB2,TSRYS5810883,D,S,D,2024-08-16,1000000.00,4.261541,104.8125
08:03:09,912810UB2,TSRYS5810883,D,B,C,2024-08-16,1000000.00,4.261555,104.8123
08:03:09,912810UB2,TSRYS5810883,D,B,C,2024-08-16,1000000.00,4.260398,104.828125
08:03:09,912810UB2,TSRYS5810883,D,S,D,2024-08-16,1000000.00,4.261541,104.8125
08:03:09,912810UB2,TSRYS5810883,D,B,C,2024-08-16,1000000.00,4.260413,104.827925
08:03:09,912810UB2,TSRYS5810883,D,S,D,2024-08-16,1000000.00,4.260398,104.828125
08:03:09,912810UB2,TSRYS5810883,D,S,D,2024-08-16,1000000.00,4.260398,104.828125
08:03:09,912810UB2,TSRYS5810883,D,S,C,2024-08-16,1000000.00,4.260383,104.828325
08:03:09,912810UB2,TSRYS5810883,D,S,D,2024-08-16,1000000.00,4.260398,104.828125
08:03:11,912810UB2,TSRYS5810883,D,S,D,2024-08-16,1000000.00,4.258541,104.853515625
08:03:12,912810UB2,TSRYS5810883,D,S,D,2024-08-16,1000000.00,4.261533,104.812602
08:03:13,912810UB2,TSRYS5810883,D,S,D,2024-08-16,1000000.00,4.261533,104.812602
08:03:15,912810UB2,TSRYS5810883,D,S,A,2024-08-16,500000.00,4.2564,104.8828125
08:03:17,912810UB2,TSRYS5810883,D,S,D,2024-08-16,1000000.00,4.256962,104.87513
08:03:17,912810UB2,TSRYS5810883,D,B,C,2024-08-16,1000000.00,4.256971,104.875
08:03:17,912810UB2,TSRYS5810883,D,B,C,2024-08-16,1000000.00,4.260398,104.828125
08:03:17,912810UB2,TSRYS5810883,D,S,C,2024-08-16,1000000.00,4.260383,104.828325
08:03:18,912810UB2,TSRYS5810883,D,S,D,2024-08-16,1000000.00,4.261541,104.8125
08:03:24,912810UB2,TSRYS5810883,D,B,C,2024-08-16,300000.00,4.269546,104.703125
08:03:26,912810UB2,TSRYS5810883,D,B,C,2024-08-16,1000000.00,4.262683,104.796875
08:03:26,912810UB2,TSRYS5810883,D,S,C,2024-08-16,1000000.00,4.262669,104.797075
08:03:26,912810UB2,TSRYS5810883,D,B,A,2024-08-16,1000000.00,4.235315,105.171875
08:03:27,912810UB2,TSRYS5810883,D,S,T,2024-08-16,1000000.00,4.235599,105.16796875
08:03:27,912810UB2,TSRYS5810883,D,B,A,2024-08-16,7000000.00,4.235884,105.1640625
08:03:27,912810UB2,TSRYS5810883,D,S,D,2024-08-16,1000000.00,4.235884,105.1640625
08:03:27,912810UB2,TSRYS5810883,D,S,D,2024-08-16,1000000.00,4.235884,105.1640625
08:03:27,912810UB2,TSRYS5810883,D,B,A,2024-08-16,2000000.00,4.235884,105.1640625
08:03:27,912810UB2,TSRYS5810883,D,S,T,2024-08-16,1000000.00,4.235457,105.16992188
08:03:27,912810UB2,TSRYS5810883,D,B,A,2024-08-16,1000000.00,4.235884,105.1640625
08:03:27,912810UB2,TSRYS5810883,D,S,T,2024-08-16,1000000.00,4.235315,105.171875
08:03:27,912810UB2,TSRYS5810883,D,B,A,2024-08-16,1000000.00,4.235884,105.1640625
08:03:27,912810UB2,TSRYS5810883,D,S,T,2024-08-16,1000000.00,4.235599,105.16796875
08:03:27,912810UB2,TSRYS5810883,D,S,T,2024-08-16,2000000.00,4.235599,105.16796875
08:03:27,912810UB2,TSRYS5810883,D,S,T,2024-08-16,1000000.00,4.235742,105.16601563
08:03:27,912810UB2,TSRYS5810883,D,S,T,2024-08-16,1000000.00,4.235457,105.16992188
08:03:27,912810UB2,TSRYS5810883,D,B,A,2024-08-16,1000000.00,4.235884,105.1640625
08:03:27,912810UB2,TSRYS5810883,D,S,T,2024-08-16,1000000.00,4.235742,105.16601563
08:03:27,912810UB2,TSRYS5810883,D,B,A,2024-08-16,1000000.00,4.235884,105.1640625
08:03:27,912810UB2,TSRYS5810883,D,B,A,2024-08-16,1000000.00,4.235884,105.1640625
08:03:27,912810UB2,TSRYS5810883,D,S,T,2024-08-16,4000000.00,4.235884,105.1640625
08:03:29,912810UB2,TSRYS5810883,D,B,C,2024-08-16,1000000.00,4.261398,104.814453125
08:03:29,912810UB2,TSRYS5810883,D,S,D,2024-08-16,1000000.00,4.261398,104.814453125
08:03:29,912810UB2,TSRYS5810883,D,S,D,2024-08-16,1000000.00,4.262683,104.796875
08:03:29,912810UB2,TSRYS5810883,D,B,C,2024-08-16,1000000.00,4.262683,104.796875
08:03:29,912810UB2,TSRYS5810883,D,S,D,2024-08-16,1000000.00,4.262683,104.796875
08:03:34,912810UB2,TSRYS5810883,D,S,D,2024-08-16,1000000.00,4.262683,104.796875
08:03:34,912810UB2,TSRYS5810883,D,B,C,2024-08-16,1000000.00,4.262683,104.796875
08:03:34,912810UB2,TSRYS5810883,D,S,C,2024-08-16,1000000.00,4.262683,104.796875
08:03:46,912810UB2,TSRYS5810883,D,S,D,2024-08-16,1000000.00,4.256971,104.875
08:03:46,912810UB2,TSRYS5810883,D,B,C,2024-08-16,1000000.00,4.256986,104.8748
08:03:51,912810UB2,TSRYS5810883,D,S,D,2024-08-16,1000000.00,4.261541,104.8125
08:03:51,912810UB2,TSRYS5810883,D,S,D,2024-08-16,1000000.00,4.261541,104.8125
08:03:51,912810UB2,TSRYS5810883,D,S,C,2024-08-16,2000000.00,4.26153,104.81265
08:03:51,912810UB2,TSRYS5810883,D,S,C,2024-08-16,1000000.00,4.26153,104.81265
08:03:52,912810UB2,TSRYS5810883,D,S,D,2024-08-16,1000000.00,4.262683,104.796875
08:03:57,912810UB2,TSRYS5810883,D,B,C,2024-08-16,840000.00,4.236453,105.15625
08:03:57,912810UB2,TSRYS5810883,D,S,D,2024-08-16,1000000.00,4.261541,104.8125
08:03:59,912810UB2,TSRYS5810883,D,S,D,2024-08-16,1000000.00,4.262683,104.796875
08:03:59,912810UB2,TSRYS5810883,D,S,C,2024-08-16,1000000.00,4.262669,104.797075
08:03:59,912810UB2,TSRYS5810883,D,S,C,2024-08-16,1000000.00,4.262669,104.797075
08:04:02,912810UB2,TSRYS5810883,D,S,C,2024-08-16,1000000.00,4.267245,104.73455
08:04:06,912810UB2,TSRYS5810883,D,S,D,2024-08-16,1000000.00,4.262683,104.796875
08:04:09,912810UB2,TSRYS5810883,D,S,D,2024-08-16,1000000.00,4.259246,104.84388
08:04:11,912810UB2,TSRYS5810883,D,S,D,2024-08-16,1000000.00,4.255829,104.890625
08:04:11,912810UB2,TSRYS5810883,D,B,C,2024-08-16,1000000.00,4.255844,104.890425
08:04:11,912810UB2,TSRYS5810883,D,S,D,2024-08-16,1000000.00,4.255829,104.890625
08:04:11,912810UB2,TSRYS5810883,D,S,D,2024-08-16,1000000.00,4.255829,104.890625
08:04:11,912810UB2,TSRYS5810883,D,B,C,2024-08-16,1000000.00,4.254702,104.90605
08:04:11,912810UB2,TSRYS5810883,D,S,C,2024-08-16,1000000.00,4.254677,104.9064
08:04:12,912810UB2,TSRYS5810883,D,S,A,2024-08-16,72400.00,4.263827,104.78125
08:04:12,912810UB2,TSRYS5810883,D,S,D,2024-08-16,1000000.00,4.254688,104.90625
08:04:12,912810UB2,TSRYS5810883,D,B,C,2024-08-16,1000000.00,4.254688,104.90625
08:04:12,912810UB2,TSRYS5810883,D,S,C,2024-08-16,5977000.00,4.26497,104.765625
08:04:12,912810UB2,TSRYS5810883,D,S,C,2024-08-16,1000000.00,4.256957,104.8752
08:04:12,912810UB2,TSRYS5810883,D,S,D,2024-08-16,1000000.00,4.256971,104.875
08:04:13,912810UB2,TSRYS5810883,D,S,D,2024-08-16,1000000.00,4.255829,104.890625
08:04:13,912810UB2,TSRYS5810883,D,B,C,2024-08-16,1000000.00,4.255844,104.890425
08:04:13,912810UB2,TSRYS5810883,D,S,D,2024-08-16,1000000.00,4.256971,104.875
08:04:13,912810UB2,TSRYS5810883,D,B,C,2024-08-16,1000000.00,4.256988,104.874775
08:04:14,912810UB2,TSRYS5810883,D,S,D,2024-08-16,1000000.00,4.258113,104.859375
08:04:14,912810UB2,TSRYS5810883,D,S,C,2024-08-16,1000000.00,4.258102,104.859527
08:04:14,912810UB2,TSRYS5810883,D,S,D,2024-08-16,1000000.00,4.258113,104.859375
08:04:15,912810UB2,TSRYS5810883,D,B,C,2024-08-16,1000000.00,4.261541,104.8125
08:04:15,912810UB2,TSRYS5810883,D,S,D,2024-08-16,1000000.00,4.261541,104.8125
08:04:15,912810UB2,TSRYS5810883,D,S,D,2024-08-16,1000000.00,4.262683,104.796875
08:04:15,912810UB2,TSRYS5810883,D,S,D,2024-08-16,1000000.00,4.262683,104.796875
08:04:16,912810UB2,TSRYS5810883,D,S,D,2024-08-16,1000000.00,4.255829,104.890625
08:04:17,912810UB2,TSRYS5810883,D,S,D,2024-08-16,1000000.00,4.255829,104.890625
08:04:17,912810UB2,TSRYS5810883,D,S,D,2024-08-16,1000000.00,4.255829,104.890625
08:04:17,912810UB2,TSRYS5810883,D,S,D,2024-08-16,1000000.00,4.255829,104.890625
08:04:21,912810UB2,TSRYS5810883,D,S,D,2024-08-16,1000000.00,4.262826,104.794921875
08:04:21,912810UB2,TSRYS5810883,D,S,D,2024-08-16,1000000.00,4.262826,104.794921875
08:04:21,912810UB2,TSRYS5810883,D,S,D,2024-08-16,1000000.00,4.262683,104.796875
08:04:21,912810UB2,TSRYS5810883,D,S,D,2024-08-16,1000000.00,4.262683,104.796875
08:04:21,912810UB2,TSRYS5810883,D,S,C,2024-08-16,1000000.00,4.250107,104.968975
08:04:24,912810UB2,TSRYS5810883,D,S,D,2024-08-16,1000000.00,4.248983,104.984375
08:04:24,912810UB2,TSRYS5810883,D,S,C,2024-08-16,1000000.00,4.248972,104.984525
08:04:24,912810UB2,TSRYS5810883,D,S,C,2024-08-16,1000000.00,4.250111,104.968925
08:04:26,912810UB2,TSRYS5810883,D,S,C,2024-08-16,35000.00,4.257542,104.8671875
08:04:27,912810UB2,TSRYS5810883,D,S,D,2024-08-16,46000.00,4.260083,104.83243125
08:04:28,912810UB2,TSRYS5810883,D,S,C,2024-08-16,1000000.00,4.262683,104.796875
08:04:30,912810UB2,TSRYS5810883,D,S,D,2024-08-16,1000000.00,4.242131,105.078325
08:04:31,912810UB2,TSRYS5810883,D,S,T,2024-08-16,2000000.00,4.242156,105.077973
08:04:31,912810UB2,TSRYS5810883,D,S,C,2024-08-16,2000000.00,4.242134,105.078275
08:04:31,912810UB2,TSRYS5810883,D,S,C,2024-08-16,1000000.00,4.24099,105.093975
08:04:40,912810UB2,TSRYS5810883,D,S,C,2024-08-16,1000000.00,4.234165,105.187675
08:04:40,912810UB2,TSRYS5810883,D,S,C,2024-08-16,1000000.00,4.234177,105.1875
08:04:46,912810UB2,TSRYS5810883,D,S,C,2024-08-16,1000000.00,4.236453,105.15625
08:04:46,912810UB2,TSRYS5810883,D,S,C,2024-08-16,1000000.00,4.236453,105.15625
08:04:48,912810UB2,TSRYS5810883,D,S,D,2024-08-16,1000000.00,4.236453,105.15625
08:04:48,912810UB2,TSRYS5810883,D,S,D,2024-08-16,1000000.00,4.236453,105.15625
08:04:48,912810UB2,TSRYS5810883,D,S,D,2024-08-16,1000000.00,4.236453,105.15625
08:04:48,912810UB2,TSRYS5810883,D,S,D,2024-08-16,1000000.00,4.236453,105.15625
08:04:48,912810UB2,TSRYS5810883,D,S,D,2024-08-16,1000000.00,4.236453,105.15625
08:04:48,912810UB2,TSRYS5810883,D,S,D,2024-08-16,1000000.00,4.236453,105.15625
08:04:48,912810UB2,TSRYS5810883,D,S,D,2024-08-16,1000000.00,4.236453,105.15625
08:04:48,912810UB2,TSRYS5810883,D,S,D,2024-08-16,1000000.00,4.236453,105.15625
08:04:48,912810UB2,TSRYS5810883,D,S,D,2024-08-16,1000000.00,4.236453,105.15625
08:04:48,912810UB2,TSRYS5810883,D,S,D,2024-08-16,1000000.00,4.236453,105.15625
08:04:48,912810UB2,TSRYS5810883,D,S,D,2024-08-16,1000000.00,4.236453,105.15625
08:04:48,912810UB2,TSRYS5810883,D,S,D,2024-08-16,2000000.00,4.236453,105.15625
08:04:49,912810UB2,TSRYS5810883,D,B,C,2024-08-16,1000000.00,4.236453,105.15625
08:04:49,912810UB2,TSRYS5810883,D,S,D,2024-08-16,1000000.00,4.236453,105.15625
08:04:51,912810UB2,TSRYS5810883,D,S,D,2024-08-16,1000000.00,4.237591,105.140625
08:04:51,912810UB2,TSRYS5810883,D,S,D,2024-08-16,1000000.00,4.237591,105.140625
08:04:51,912810UB2,TSRYS5810883,D,S,D,2024-08-16,1000000.00,4.237591,105.140625
08:04:51,912810UB2,TSRYS5810883,D,S,D,2024-08-16,1000000.00,4.237591,105.140625
08:04:51,912810UB2,TSRYS5810883,D,S,D,2024-08-16,1000000.00,4.237591,105.140625
08:04:52,912810UB2,TSRYS5810883,D,S,D,2024-08-16,1000000.00,4.259113,104.845703125
08:04:53,912810UB2,TSRYS5810883,D,S,D,2024-08-16,1000000.00,4.234177,105.1875
08:04:53,912810UB2,TSRYS5810883,D,B,C,2024-08-16,1000000.00,4.234177,105.1875
08:04:53,912810UB2,TSRYS5810883,D,S,C,2024-08-16,1000000.00,4.234177,105.1875
08:04:53,912810UB2,TSRYS5810883,D,S,D,2024-08-16,1000000.00,4.234177,105.1875
08:04:53,912810UB2,TSRYS5810883,D,S,D,2024-08-16,1000000.00,4.234177,105.1875
08:04:55,912810UB2,TSRYS5810883,D,S,D,2024-08-16,1000000.00,4.234177,105.1875
08:04:58,912810UB2,TSRYS5810883,D,S,D,2024-08-16,1000000.00,4.234177,105.1875
08:05:00,912810UB2,TSRYS5810883,D,S,D,2024-08-16,1000000.00,4.257828,104.86328125
08:05:00,912810UB2,TSRYS5810883,D,S,D,2024-08-16,2000000.00,4.25897,104.84765625
08:05:01,912810UB2,TSRYS5810883,D,S,D,2024-08-16,2000000.00,4.257828,104.86328125
08:05:02,912810UB2,TSRYS5810883,D,B,C,2024-08-16,1000000.00,4.235328,105.1717
08:05:02,912810UB2,TSRYS5810883,D,S,D,2024-08-16,1000000.00,4.235315,105.171875
08:05:09,912810UB2,TSRYS5810883,D,S,D,2024-08-16,1000000.00,4.259255,104.84375
08:05:13,912810UB2,TSRYS5810883,D,S,C,2024-08-16,10000.00,4.234148,105.2379
08:05:17,912810UB2,TSRYS5810883,D,S,C,2024-08-16,10000.00,4.234148,105.1879
08:05:21,912810UB2,TSRYS5810883,D,S,D,2024-08-16,1000000.00,4.26397,104.779296875
08:05:23,912810UB2,TSRYS5810883,D,S,D,2024-08-16,1000000.00,4.262541,104.798828125
08:05:26,912810UB2,TSRYS5810883,D,S,D,2024-08-16,1000000.00,4.260255,104.830078125
08:05:26,912810UB2,TSRYS5810883,D,S,D,2024-08-16,1000000.00,4.260255,104.830078125
08:05:27,912810UB2,TSRYS5810883,D,S,D,2024-08-16,1000000.00,4.260255,104.830078125
08:05:27,912810UB2,TSRYS5810883,D,S,D,2024-08-16,1000000.00,4.261255,104.81640625
08:05:27,912810UB2,TSRYS5810883,D,S,D,2024-08-16,2000000.00,4.260112,104.83203125
08:05:27,912810UB2,TSRYS5810883,D,S,D,2024-08-16,2000000.00,4.260112,104.83203125
08:05:29,912810UB2,TSRYS5810883,D,S,D,2024-08-16,1000000.00,4.260255,104.830078125
08:05:29,912810UB2,TSRYS5810883,D,S,D,2024-08-16,10000.00,,105.1879
08:05:30,912810UB2,TSRYS5810883,D,S,C,2024-08-16,1000000.00,4.262683,104.796875
08:05:30,912810UB2,TSRYS5810883,D,S,D,2024-08-16,1000000.00,4.272972,104.65635
08:05:30,912810UB2,TSRYS5810883,D,S,D,2024-08-16,1000000.00,4.271835,104.671875
08:05:30,912810UB2,TSRYS5810883,D,S,D,2024-08-16,1000000.00,4.271835,104.671875
08:05:30,912810UB2,TSRYS5810883,D,S,D,2024-08-16,1000000.00,4.271835,104.671875
08:05:38,912810UB2,TSRYS5810883,D,S,D,2024-08-16,1000000.00,4.265256,104.76171875
08:05:38,912810UB2,TSRYS5810883,D,B,C,2024-08-16,1000000.00,4.265256,104.76171875
08:05:38,912810UB2,TSRYS5810883,D,S,D,2024-08-16,1000000.00,4.265113,104.763671875
08:05:43,912810UB2,TSRYS5810883,D,B,C,2024-08-16,1000000.00,4.262683,104.796875
08:05:43,912810UB2,TSRYS5810883,D,S,D,2024-08-16,1000000.00,4.262683,104.796875
08:05:44,912810UB2,TSRYS5810883,D,S,T,2024-08-16,1000000.00,4.236453,105.15625
08:05:48,912810UB2,TSRYS5810883,D,S,T,2024-08-16,1000000.00,4.236453,105.15625
08:05:49,912810UB2,TSRYS5810883,D,B,C,2024-08-16,1000000.00,4.261683,104.810546875
08:05:49,912810UB2,TSRYS5810883,D,S,D,2024-08-16,1000000.00,4.261683,104.810546875
08:05:50,912810UB2,TSRYS5810883,D,S,C,2024-08-16,1000000.00,4.260826,104.822265625
08:05:53,912810UB2,TSRYS5810883,D,S,D,2024-08-16,1000000.00,4.259255,104.84375
08:05:53,912810UB2,TSRYS5810883,D,S,D,2024-08-16,1000000.00,4.259255,104.84375
08:05:53,912810UB2,TSRYS5810883,D,S,D,2024-08-16,1000000.00,4.259255,104.84375
08:05:54,912810UB2,TSRYS5810883,D,S,D,2024-08-16,1000000.00,4.259541,104.83984375
08:05:54,912810UB2,TSRYS5810883,D,S,D,2024-08-16,1000000.00,4.259541,104.83984375
08:05:54,912810UB2,TSRYS5810883,D,S,D,2024-08-16,1000000.00,4.259398,104.841796875
08:05:54,912810UB2,TSRYS5810883,D,S,D,2024-08-16,1000000.00,4.259398,104.841796875
08:05:56,912810UB2,TSRYS5810883,D,S,D,2024-08-16,1000000.00,4.257828,104.86328125
08:05:57,912810UB2,TSRYS5810883,D,S,D,2024-08-16,1000000.00,4.255829,104.890625
08:05:57,912810UB2,TSRYS5810883,D,S,D,2024-08-16,1000000.00,4.255829,104.890625
08:05:57,912810UB2,TSRYS5810883,D,S,D,2024-08-16,1000000.00,4.255829,104.890625
08:05:57,912810UB2,TSRYS5810883,D,S,D,2024-08-16,1000000.00,4.255829,104.890625
08:05:57,912810UB2,TSRYS5810883,D,B,C,2024-08-16,1000000.00,4.255829,104.890625
08:05:57,912810UB2,TSRYS5810883,D,S,D,2024-08-16,1000000.00,4.255829,104.890625
08:05:58,912810UB2,TSRYS5810883,D,S,D,2024-08-16,1000000.00,4.255544,104.89453125
08:05:58,912810UB2,TSRYS5810883,D,S,D,2024-08-16,1000000.00,4.2564,104.8828125
08:05:58,912810UB2,TSRYS5810883,D,S,D,2024-08-16,1000000.00,4.255972,104.888671875
08:06:03,912810UB2,TSRYS5810883,D,S,T,2024-08-16,1000000.00,4.27298,104.65625
08:06:04,912810UB2,TSRYS5810883,D,S,D,2024-08-16,1000000.00,4.255972,104.888671875
08:06:05,912810UB2,TSRYS5810883,D,S,D,2024-08-16,1000000.00,4.256971,104.875
08:06:05,912810UB2,TSRYS5810883,D,S,D,2024-08-16,1000000.00,4.256971,104.875
08:06:07,912810UB2,TSRYS5810883,D,S,D,2024-08-16,1000000.00,4.257685,104.865234375
08:06:07,912810UB2,TSRYS5810883,D,S,C,2024-08-16,1000000.00,4.258113,104.859375
08:06:09,912810UB2,TSRYS5810883,D,S,A,2024-08-16,150400.00,4.235315,105.171875
08:06:10,912810UB2,TSRYS5810883,D,S,D,2024-08-16,1000000.00,4.260255,104.830078125
08:06:10,912810UB2,TSRYS5810883,D,S,D,2024-08-16,1000000.00,4.260112,104.83203125
08:06:11,912810UB2,TSRYS5810883,D,B,C,2024-08-16,1000000.00,4.235329,105.171675
08:06:11,912810UB2,TSRYS5810883,D,S,C,2024-08-16,1000000.00,4.235315,105.171875
08:06:13,912810UB2,TSRYS5810883,D,S,D,2024-08-16,1000000.00,4.255116,104.900390625
08:06:13,912810UB2,TSRYS5810883,D,S,D,2024-08-16,1000000.00,4.255116,104.900390625
08:06:13,912810UB2,TSRYS5810883,D,S,D,2024-08-16,1000000.00,4.261541,104.8125
08:06:14,912810UB2,TSRYS5810883,D,S,A,2024-08-16,1000000.00,4.235001,105.17618125
08:06:14,912810UB2,TSRYS5810883,D,S,C,2024-08-16,1000000.00,4.235001,105.17618125
08:06:15,912810UB2,TSRYS5810883,D,S,C,2024-08-16,1000000.00,4.255687,104.892578125
08:06:15,912810UB2,TSRYS5810883,D,S,C,2024-08-16,1000000.00,4.255687,104.892578125
08:06:15,912810UB2,TSRYS5810883,D,S,D,2024-08-16,1000000.00,4.255972,104.888671875
08:06:15,912810UB2,TSRYS5810883,D,S,D,2024-08-16,1000000.00,4.256258,104.884765625
08:06:15,912810UB2,TSRYS5810883,D,S,D,2024-08-16,1000000.00,4.256686,104.87890625
08:06:15,912810UB2,TSRYS5810883,D,S,C,2024-08-16,1000000.00,4.254973,104.90234375
08:06:15,912810UB2,TSRYS5810883,D,S,D,2024-08-16,1000000.00,4.252405,104.9375
08:06:17,912810UB2,TSRYS5810883,D,S,D,2024-08-16,1000000.00,4.252691,104.93359375
08:06:17,912810UB2,TSRYS5810883,D,S,C,2024-08-16,1000000.00,4.252691,104.93359375
08:06:17,912810UB2,TSRYS5810883,D,B,A,2024-08-16,140000.00,4.235306,105.172
08:06:18,912810UB2,TSRYS5810883,D,S,D,2024-08-16,1000000.00,4.261826,104.80859375
08:06:18,912810UB2,TSRYS5810883,D,S,D,2024-08-16,1000000.00,4.261683,104.810546875
08:06:18,912810UB2,TSRYS5810883,D,S,D,2024-08-16,1000000.00,4.261541,104.8125
08:06:18,912810UB2,TSRYS5810883,D,B,C,2024-08-16,1000000.00,4.260541,104.826171875
08:06:18,912810UB2,TSRYS5810883,D,S,D,2024-08-16,2000000.00,4.260541,104.826171875
08:06:18,912810UB2,TSRYS5810883,D,S,D,2024-08-16,1000000.00,4.260398,104.828125
08:06:18,912810UB2,TSRYS5810883,D,B,C,2024-08-16,1000000.00,4.260413,104.827925
08:06:18,912810UB2,TSRYS5810883,D,S,D,2024-08-16,1000000.00,4.260398,104.828125
08:06:18,912810UB2,TSRYS5810883,D,B,C,2024-08-16,1000000.00,4.260413,104.827925
08:06:18,912810UB2,TSRYS5810883,D,S,D,2024-08-16,1000000.00,4.260398,104.828125
08:06:18,912810UB2,TSRYS5810883,D,B,C,2024-08-16,1000000.00,4.260413,104.827925
08:06:18,912810UB2,TSRYS5810883,D,S,D,2024-08-16,1000000.00,4.260541,104.826171875
08:06:18,912810UB2,TSRYS5810883,D,B,C,2024-08-16,1000000.00,4.260555,104.825971875
08:06:18,912810UB2,TSRYS5810883,D,S,D,2024-08-16,1000000.00,4.260398,104.828125
08:06:18,912810UB2,TSRYS5810883,D,B,C,2024-08-16,1000000.00,4.260413,104.827925
08:06:18,912810UB2,TSRYS5810883,D,S,D,2024-08-16,1000000.00,4.260398,104.828125
08:06:18,912810UB2,TSRYS5810883,D,B,C,2024-08-16,1000000.00,4.260413,104.827925
08:06:18,912810UB2,TSRYS5810883,D,S,D,2024-08-16,1000000.00,4.260398,104.828125
08:06:18,912810UB2,TSRYS5810883,D,B,C,2024-08-16,1000000.00,4.260413,104.827925
08:06:18,912810UB2,TSRYS5810883,D,S,D,2024-08-16,1000000.00,4.260398,104.828125
08:06:18,912810UB2,TSRYS5810883,D,B,C,2024-08-16,1000000.00,4.260413,104.827925
08:06:18,912810UB2,TSRYS5810883,D,S,D,2024-08-16,1000000.00,4.260541,104.826171875
08:06:18,912810UB2,TSRYS5810883,D,B,C,2024-08-16,1000000.00,4.260555,104.825971875
08:06:18,912810UB2,TSRYS5810883,D,S,C,2024-08-16,1000000.00,4.260541,104.826171875
08:06:18,912810UB2,TSRYS5810883,D,B,C,2024-08-16,1000000.00,4.260555,104.825971875
08:06:18,912810UB2,TSRYS5810883,D,S,C,2024-08-16,1000000.00,4.260541,104.826171875
08:06:18,912810UB2,TSRYS5810883,D,B,C,2024-08-16,1000000.00,4.260555,104.825971875
08:06:19,912810UB2,TSRYS5810883,D,S,D,2024-08-16,1000000.00,4.260398,104.828125
08:06:19,912810UB2,TSRYS5810883,D,S,D,2024-08-16,1000000.00,4.260541,104.826171875
08:06:19,912810UB2,TSRYS5810883,D,B,C,2024-08-16,1000000.00,4.260555,104.825971875
08:06:19,912810UB2,TSRYS5810883,D,S,D,2024-08-16,1000000.00,4.260684,104.82421875
08:06:19,912810UB2,TSRYS5810883,D,B,C,2024-08-16,1000000.00,4.260698,104.82401875
08:06:19,912810UB2,TSRYS5810883,D,S,D,2024-08-16,1000000.00,4.260826,104.822265625
08:06:19,912810UB2,TSRYS5810883,D,B,C,2024-08-16,1000000.00,4.260841,104.822065625
08:06:19,912810UB2,TSRYS5810883,D,S,C,2024-08-16,1000000.00,4.260826,104.822265625
08:06:19,912810UB2,TSRYS5810883,D,B,C,2024-08-16,1000000.00,4.260841,104.822065625
08:06:19,912810UB2,TSRYS5810883,D,S,C,2024-08-16,1000000.00,4.260969,104.8203125
08:06:19,912810UB2,TSRYS5810883,D,B,C,2024-08-16,1000000.00,4.260984,104.8201125
08:06:23,912810UB2,TSRYS5810883,D,S,D,2024-08-16,1000000.00,4.261255,104.81640625
08:06:23,912810UB2,TSRYS5810883,D,S,D,2024-08-16,1000000.00,4.261255,104.81640625
08:06:24,912810UB2,TSRYS5810883,D,S,D,2024-08-16,1000000.00,4.236453,105.15625
08:06:24,912810UB2,TSRYS5810883,D,S,D,2024-08-16,1000000.00,4.236453,105.15625
08:06:28,912810UB2,TSRYS5810883,D,S,D,2024-08-16,1000000.00,4.247986,104.998046875
08:06:29,912810UB2,TSRYS5810883,D,S,D,2024-08-16,2000000.00,4.249126,104.982421875
08:06:29,912810UB2,TSRYS5810883,D,S,D,2024-08-16,1000000.00,4.249268,104.98046875
08:06:30,912810UB2,TSRYS5810883,D,B,C,2024-08-16,1000000.00,4.262255,104.802734375
08:06:30,912810UB2,TSRYS5810883,D,S,C,2024-08-16,1000000.00,4.262255,104.802734375
08:06:31,912810UB2,TSRYS5810883,D,S,D,2024-08-16,1000000.00,4.262826,104.794921875
08:06:31,912810UB2,TSRYS5810883,D,B,C,2024-08-16,1000000.00,4.262841,104.794721875
08:06:39,912810UB2,TSRYS5810883,D,S,D,2024-08-16,1000000.00,4.256828,104.876953125
08:06:39,912810UB2,TSRYS5810883,D,B,C,2024-08-16,1000000.00,4.256843,104.876753125
08:06:42,912810UB2,TSRYS5810883,D,S,D,2024-08-16,1000000.00,4.244424,105.046875
08:06:45,912810UB2,TSRYS5810883,D,S,D,2024-08-16,1000000.00,4.244281,105.048828125
08:06:46,912810UB2,TSRYS5810883,D,S,D,2024-08-16,1000000.00,4.244139,105.05078125
08:06:46,912810UB2,TSRYS5810883,D,B,C,2024-08-16,1000000.00,4.244139,105.05078125
08:06:46,912810UB2,TSRYS5810883,D,S,D,2024-08-16,1000000.00,4.243284,105.0625
08:06:46,912810UB2,TSRYS5810883,D,S,D,2024-08-16,1000000.00,4.243569,105.05859375
08:06:48,912810UB2,TSRYS5810883,D,S,D,2024-08-16,1000000.00,4.244566,105.044921875
08:06:48,912810UB2,TSRYS5810883,D,S,D,2024-08-16,1000000.00,4.242999,105.06640625
08:06:53,912810UB2,TSRYS5810883,D,S,D,2024-08-16,1000000.00,4.241718,105.083984375
08:06:53,912810UB2,TSRYS5810883,D,S,D,2024-08-16,1000000.00,4.241718,105.083984375
08:06:53,912810UB2,TSRYS5810883,D,S,D,2024-08-16,1000000.00,4.242003,105.080078125
08:06:53,912810UB2,TSRYS5810883,D,S,D,2024-08-16,1000000.00,4.240152,105.10546875
08:06:53,912810UB2,TSRYS5810883,D,S,D,2024-08-16,1000000.00,4.240152,105.10546875
08:06:53,912810UB2,TSRYS5810883,D,S,D,2024-08-16,1000000.00,4.240579,105.099609375
08:06:53,912810UB2,TSRYS5810883,D,S,D,2024-08-16,1000000.00,4.240721,105.09765625
08:06:54,912810UB2,TSRYS5810883,D,S,D,2024-08-16,1000000.00,4.242145,105.078125
08:06:55,912810UB2,TSRYS5810883,D,S,D,2024-08-16,1000000.00,4.242145,105.078125
08:06:59,912810UB2,TSRYS5810883,D,S,T,2024-08-16,1000000.00,4.237602,105.140475
08:06:59,912810UB2,TSRYS5810883,D,S,T,2024-08-16,1000000.00,4.237602,105.140475
08:07:00,912810UB2,TSRYS5810883,D,S,C,2024-08-16,1000000.00,4.256258,104.884765625
08:07:01,912810UB2,TSRYS5810883,D,S,D,2024-08-16,4000000.00,4.255829,104.890625
08:07:03,912810UB2,TSRYS5810883,D,S,D,2024-08-16,1000000.00,4.256971,104.875
08:07:03,912810UB2,TSRYS5810883,D,S,D,2024-08-16,1000000.00,4.256971,104.875
08:07:03,912810UB2,TSRYS5810883,D,S,D,2024-08-16,1000000.00,4.256971,104.875
08:07:10,912810UB2,TSRYS5810883,D,S,C,2024-08-16,1000000.00,4.248983,104.984375
08:07:10,912810UB2,TSRYS5810883,D,S,D,2024-08-16,1000000.00,4.249126,104.982421875
08:07:11,912810UB2,TSRYS5810883,D,S,C,2024-08-16,1000000.00,4.249839,104.97265625
08:07:11,912810UB2,TSRYS5810883,D,B,C,2024-08-16,1000000.00,4.249839,104.97265625
08:07:12,912810UB2,TSRYS5810883,D,S,T,2024-08-16,1000000.00,4.237591,105.140625
08:07:12,912810UB2,TSRYS5810883,D,S,T,2024-08-16,1000000.00,4.236453,105.15625
08:07:12,912810UB2,TSRYS5810883,D,S,T,2024-08-16,1000000.00,4.236453,105.15625
08:07:12,912810UB2,TSRYS5810883,D,S,T,2024-08-16,1000000.00,4.237591,105.140625
08:07:14,912810UB2,TSRYS5810883,D,S,T,2024-08-16,1000000.00,4.237591,105.140625
08:07:15,912810UB2,TSRYS5810883,D,S,D,2024-08-16,1000000.00,4.237022,105.1484375
08:07:15,912810UB2,TSRYS5810883,D,B,C,2024-08-16,1000000.00,4.237022,105.1484375
08:07:15,912810UB2,TSRYS5810883,D,S,D,2024-08-16,1000000.00,4.242138,105.078225
08:07:15,912810UB2,TSRYS5810883,D,B,C,2024-08-16,1000000.00,4.242145,105.078125
08:07:15,912810UB2,TSRYS5810883,D,S,D,2024-08-16,1000000.00,4.242138,105.078225
08:07:18,912810UB2,TSRYS5810883,D,S,T,2024-08-16,1000000.00,4.236453,105.15625
08:07:20,912810UB2,TSRYS5810883,D,S,T,2024-08-16,1000000.00,4.235315,105.171875
08:07:21,912810UB2,TSRYS5810883,D,S,T,2024-08-16,1000000.00,4.235315,105.171875
08:07:22,912810UB2,TSRYS5810883,D,S,T,2024-08-16,1000000.00,4.235315,105.171875
08:07:22,912810UB2,TSRYS5810883,D,S,D,2024-08-16,1000000.00,4.235742,105.166015625
08:07:23,912810UB2,TSRYS5810883,D,S,T,2024-08-16,1000000.00,4.235315,105.171875
08:07:24,912810UB2,TSRYS5810883,D,S,D,2024-08-16,1000000.00,4.231888,105.21895
08:07:25,912810UB2,TSRYS5810883,D,S,T,2024-08-16,1000000.00,4.235315,105.171875
08:07:27,912810UB2,TSRYS5810883,D,S,T,2024-08-16,1000000.00,4.235315,105.171875
08:07:27,912810UB2,TSRYS5810883,D,S,D,2024-08-16,1000000.00,4.237591,105.140625
08:07:29,912810UB2,TSRYS5810883,D,S,D,2024-08-16,1000000.00,4.237022,105.1484375
08:07:29,912810UB2,TSRYS5810883,D,B,C,2024-08-16,1000000.00,4.237022,105.1484375
08:07:29,912810UB2,TSRYS5810883,D,S,D,2024-08-16,1000000.00,4.237022,105.1484375
08:07:29,912810UB2,TSRYS5810883,D,S,D,2024-08-16,3000000.00,4.237022,105.1484375
08:07:30,912810UB2,TSRYS5810883,D,S,D,2024-08-16,1000000.00,4.237022,105.1484375
08:07:30,912810UB2,TSRYS5810883,D,S,D,2024-08-16,1000000.00,4.237022,105.1484375
08:07:31,912810UB2,TSRYS5810883,D,S,D,2024-08-16,1000000.00,4.237022,105.1484375
08:07:31,912810UB2,TSRYS5810883,D,B,C,2024-08-16,1000000.00,4.237022,105.1484375
08:07:31,912810UB2,TSRYS5810883,D,S,D,2024-08-16,1000000.00,4.237022,105.1484375
08:07:31,912810UB2,TSRYS5810883,D,B,C,2024-08-16,1000000.00,4.237022,105.1484375
08:07:32,912810UB2,TSRYS5810883,D,S,D,2024-08-16,1000000.00,4.236453,105.15625
08:07:32,912810UB2,TSRYS5810883,D,S,D,2024-08-16,1000000.00,4.235742,105.166015625
08:07:32,912810UB2,TSRYS5810883,D,S,D,2024-08-16,1000000.00,4.235599,105.16796875
08:07:32,912810UB2,TSRYS5810883,D,S,D,2024-08-16,1000000.00,4.235742,105.166015625
08:07:32,912810UB2,TSRYS5810883,D,S,D,2024-08-16,4000000.00,4.235884,105.1640625
08:07:33,912810UB2,TSRYS5810883,D,S,D,2024-08-16,1000000.00,4.237022,105.1484375
08:07:34,912810UB2,TSRYS5810883,D,S,D,2024-08-16,1000000.00,4.237022,105.1484375
08:07:34,912810UB2,TSRYS5810883,D,S,D,2024-08-16,1000000.00,4.237022,105.1484375
08:07:35,912810UB2,TSRYS5810883,D,B,C,2024-08-16,1000000.00,4.237164,105.146484375
08:07:35,912810UB2,TSRYS5810883,D,S,D,2024-08-16,1000000.00,4.237157,105.146584375
08:07:36,912810UB2,TSRYS5810883,D,S,D,2024-08-16,1000000.00,4.235315,105.171875
08:07:36,912810UB2,TSRYS5810883,D,S,C,2024-08-16,1000000.00,4.235457,105.169921875
08:07:36,912810UB2,TSRYS5810883,D,S,D,2024-08-16,1000000.00,4.235457,105.169921875
08:07:36,912810UB2,TSRYS5810883,D,S,D,2024-08-16,1000000.00,4.235599,105.16796875
08:07:36,912810UB2,TSRYS5810883,D,S,D,2024-08-16,1000000.00,4.235599,105.16796875
08:07:36,912810UB2,TSRYS5810883,D,S,C,2024-08-16,1000000.00,4.235599,105.16796875
08:07:40,912810UB2,TSRYS5810883,D,S,T,2024-08-16,1000000.00,4.235315,105.171875
08:07:40,912810UB2,TSRYS5810883,D,S,D,2024-08-16,1000000.00,4.237022,105.1484375
08:07:42,912810UB2,TSRYS5810883,D,S,T,2024-08-16,1000000.00,4.235599,105.16796875
08:07:44,912810UB2,TSRYS5810883,D,S,D,2024-08-16,1000000.00,4.235308,105.171975
08:07:45,912810UB2,TSRYS5810883,D,S,D,2024-08-16,1000000.00,4.23758,105.140777
08:07:45,912810UB2,TSRYS5810883,D,S,T,2024-08-16,1000000.00,4.235326,105.171725
08:07:45,912810UB2,TSRYS5810883,D,B,C,2024-08-16,1000000.00,4.237605,105.140425
08:07:45,912810UB2,TSRYS5810883,D,S,D,2024-08-16,1000000.00,4.23758,105.140777
08:07:46,912810UB2,TSRYS5810883,D,S,C,2024-08-16,1000000.00,4.233893,105.19140625
08:07:48,912810UB2,TSRYS5810883,D,S,D,2024-08-16,1000000.00,4.23304,105.203125
08:07:48,912810UB2,TSRYS5810883,D,B,C,2024-08-16,1000000.00,4.23304,105.203125
08:07:48,912810UB2,TSRYS5810883,D,S,D,2024-08-16,1000000.00,4.23304,105.203125
08:07:48,912810UB2,TSRYS5810883,D,S,D,2024-08-16,1000000.00,4.233182,105.201171875
08:07:48,912810UB2,TSRYS5810883,D,S,D,2024-08-16,1000000.00,4.233182,105.201171875
08:07:49,912810UB2,TSRYS5810883,D,S,D,2024-08-16,1000000.00,4.23304,105.203125
08:07:51,912810UB2,TSRYS5810883,D,S,D,2024-08-16,2000000.00,4.235315,105.171875
08:07:51,912810UB2,TSRYS5810883,D,B,C,2024-08-16,1000000.00,4.235315,105.171875
08:07:51,912810UB2,TSRYS5810883,D,S,D,2024-08-16,2000000.00,4.235315,105.171875
08:07:52,912810UB2,TSRYS5810883,D,S,D,2024-08-16,1000000.00,4.234462,105.18359375
08:07:53,912810UB2,TSRYS5810883,D,S,D,2024-08-16,1000000.00,4.235315,105.171875
08:07:56,912810UB2,TSRYS5810883,D,S,D,2024-08-16,1000000.00,4.236453,105.15625
08:07:56,912810UB2,TSRYS5810883,D,S,D,2024-08-16,1000000.00,4.236453,105.15625
08:07:57,912810UB2,TSRYS5810883,D,S,D,2024-08-16,1000000.00,4.236879,105.150390625
08:07:57,912810UB2,TSRYS5810883,D,B,C,2024-08-16,1000000.00,4.236879,105.150390625
08:07:57,912810UB2,TSRYS5810883,D,S,D,2024-08-16,1000000.00,4.237591,105.140625
08:07:57,912810UB2,TSRYS5810883,D,B,C,2024-08-16,1000000.00,4.237591,105.140625
08:07:57,912810UB2,TSRYS5810883,D,S,D,2024-08-16,1000000.00,4.236879,105.150390625
08:07:57,912810UB2,TSRYS5810883,D,B,C,2024-08-16,1000000.00,4.236879,105.150390625
08:07:57,912810UB2,TSRYS5810883,D,S,D,2024-08-16,1000000.00,4.236879,105.150390625
08:07:57,912810UB2,TSRYS5810883,D,B,C,2024-08-16,1000000.00,4.236879,105.150390625
08:07:57,912810UB2,TSRYS5810883,D,S,D,2024-08-16,1000000.00,4.235315,105.171875
08:07:57,912810UB2,TSRYS5810883,D,B,C,2024-08-16,1000000.00,4.235315,105.171875
08:07:57,912810UB2,TSRYS5810883,D,S,C,2024-08-16,1000000.00,4.235315,105.171875
08:07:58,912810UB2,TSRYS5810883,D,B,C,2024-08-16,1000000.00,4.235315,105.171875
08:07:58,912810UB2,TSRYS5810883,D,S,D,2024-08-16,1000000.00,4.235315,105.171875
08:07:58,912810UB2,TSRYS5810883,D,S,D,2024-08-16,1000000.00,4.235315,105.171875
08:07:58,912810UB2,TSRYS5810883,D,S,D,2024-08-16,1000000.00,4.235315,105.171875
08:07:58,912810UB2,TSRYS5810883,D,B,C,2024-08-16,1000000.00,4.235315,105.171875
08:07:58,912810UB2,TSRYS5810883,D,S,D,2024-08-16,1000000.00,4.235315,105.171875
08:07:58,912810UB2,TSRYS5810883,D,B,C,2024-08-16,1000000.00,4.235315,105.171875
08:07:58,912810UB2,TSRYS5810883,D,S,D,2024-08-16,1000000.00,4.235315,105.171875
08:07:58,912810UB2,TSRYS5810883,D,B,C,2024-08-16,1000000.00,4.235315,105.171875
08:07:59,912810UB2,TSRYS5810883,D,S,D,2024-08-16,1000000.00,4.235315,105.171875
08:07:59,912810UB2,TSRYS5810883,D,B,C,2024-08-16,1000000.00,4.235315,105.171875
08:07:59,912810UB2,TSRYS5810883,D,B,C,2024-08-16,1000000.00,4.235315,105.171875
08:07:59,912810UB2,TSRYS5810883,D,S,D,2024-08-16,1000000.00,4.235315,105.171875
08:08:00,912810UB2,TSRYS5810883,D,S,D,2024-08-16,1000000.00,4.237583,105.140727
08:08:00,912810UB2,TSRYS5810883,D,S,D,2024-08-16,1000000.00,4.237583,105.140727
08:08:00,912810UB2,TSRYS5810883,D,B,C,2024-08-16,1000000.00,4.236467,105.15605
08:08:00,912810UB2,TSRYS5810883,D,S,D,2024-08-16,1000000.00,4.236445,105.156352
08:08:00,912810UB2,TSRYS5810883,D,B,C,2024-08-16,1000000.00,4.236475,105.15595
08:08:00,912810UB2,TSRYS5810883,D,S,D,2024-08-16,1000000.00,4.236445,105.156352
08:08:00,912810UB2,TSRYS5810883,D,S,D,2024-08-16,1000000.00,4.237583,105.140727
08:08:00,912810UB2,TSRYS5810883,D,B,C,2024-08-16,1000000.00,4.236467,105.15605
08:08:00,912810UB2,TSRYS5810883,D,S,D,2024-08-16,1000000.00,4.236445,105.156352
08:08:00,912810UB2,TSRYS5810883,D,S,D,2024-08-16,1000000.00,4.236445,105.156352
08:08:00,912810UB2,TSRYS5810883,D,S,D,2024-08-16,1000000.00,4.236445,105.156352
08:08:00,912810UB2,TSRYS5810883,D,S,D,2024-08-16,1000000.00,4.236445,105.156352
08:08:00,912810UB2,TSRYS5810883,D,B,C,2024-08-16,1000000.00,4.236465,105.156075
08:08:00,912810UB2,TSRYS5810883,D,S,D,2024-08-16,1000000.00,4.236445,105.156352
08:08:00,912810UB2,TSRYS5810883,D,S,D,2024-08-16,1000000.00,4.236445,105.156352
08:08:00,912810UB2,TSRYS5810883,D,B,C,2024-08-16,1000000.00,4.236467,105.15605
08:08:00,912810UB2,TSRYS5810883,D,B,C,2024-08-16,1000000.00,4.236467,105.15605
08:08:00,912810UB2,TSRYS5810883,D,B,C,2024-08-16,1000000.00,4.236467,105.15605
08:08:00,912810UB2,TSRYS5810883,D,S,D,2024-08-16,1000000.00,4.236445,105.156352
08:08:00,912810UB2,TSRYS5810883,D,S,D,2024-08-16,1000000.00,4.236445,105.156352
08:08:00,912810UB2,TSRYS5810883,D,S,D,2024-08-16,1000000.00,4.235307,105.171977
08:08:00,912810UB2,TSRYS5810883,D,S,D,2024-08-16,1000000.00,4.235307,105.171977
08:08:00,912810UB2,TSRYS5810883,D,S,D,2024-08-16,1000000.00,4.235307,105.171977
08:08:00,912810UB2,TSRYS5810883,D,B,C,2024-08-16,1000000.00,4.235331,105.17165
08:08:00,912810UB2,TSRYS5810883,D,S,D,2024-08-16,1000000.00,4.235307,105.171977
08:08:00,912810UB2,TSRYS5810883,D,S,D,2024-08-16,1000000.00,4.235307,105.171977
08:08:00,912810UB2,TSRYS5810883,D,B,C,2024-08-16,1000000.00,4.235315,105.171875
08:08:00,912810UB2,TSRYS5810883,D,S,D,2024-08-16,1000000.00,4.235307,105.171977
08:08:00,912810UB2,TSRYS5810883,D,S,D,2024-08-16,1000000.00,4.235307,105.171977
08:08:00,912810UB2,TSRYS5810883,D,B,C,2024-08-16,1000000.00,4.235337,105.171575
08:08:00,912810UB2,TSRYS5810883,D,S,D,2024-08-16,1000000.00,4.235307,105.171977
08:08:00,912810UB2,TSRYS5810883,D,S,D,2024-08-16,1000000.00,4.235307,105.171977
08:08:00,912810UB2,TSRYS5810883,D,B,C,2024-08-16,1000000.00,4.235337,105.171575
08:08:00,912810UB2,TSRYS5810883,D,S,D,2024-08-16,1000000.00,4.235307,105.171977
08:08:05,912810UB2,TSRYS5810883,D,B,A,2024-08-16,1773000.00,4.236453,105.15625
08:08:26,912810UB2,TSRYS5810883,D,S,D,2024-08-16,1000000.00,4.235315,105.171875
08:08:26,912810UB2,TSRYS5810883,D,B,C,2024-08-16,1000000.00,4.235315,105.171875
08:08:27,912810UB2,TSRYS5810883,D,S,D,2024-08-16,1000000.00,4.235315,105.171875
08:08:27,912810UB2,TSRYS5810883,D,B,C,2024-08-16,1000000.00,4.235315,105.171875
08:08:29,912810UB2,TSRYS5810883,D,B,C,2024-08-16,1000000.00,4.235315,105.171875
08:08:29,912810UB2,TSRYS5810883,D,S,D,2024-08-16,1000000.00,4.235315,105.171875
08:08:29,912810UB2,TSRYS5810883,D,S,D,2024-08-16,1000000.00,4.235599,105.16796875
08:08:29,912810UB2,TSRYS5810883,D,S,D,2024-08-16,1000000.00,4.235315,105.171875
08:08:29,912810UB2,TSRYS5810883,D,B,C,2024-08-16,1000000.00,4.235315,105.171875
08:08:29,912810UB2,TSRYS5810883,D,S,D,2024-08-16,1000000.00,4.235315,105.171875
08:08:29,912810UB2,TSRYS5810883,D,B,C,2024-08-16,1000000.00,4.235315,105.171875
08:08:29,912810UB2,TSRYS5810883,D,S,D,2024-08-16,1000000.00,4.235315,105.171875
08:08:29,912810UB2,TSRYS5810883,D,B,C,2024-08-16,1000000.00,4.235315,105.171875
08:08:29,912810UB2,TSRYS5810883,D,S,D,2024-08-16,1000000.00,4.235315,105.171875
08:08:29,912810UB2,TSRYS5810883,D,B,C,2024-08-16,1000000.00,4.235315,105.171875
08:08:29,912810UB2,TSRYS5810883,D,S,D,2024-08-16,1000000.00,4.235315,105.171875
08:08:29,912810UB2,TSRYS5810883,D,B,C,2024-08-16,1000000.00,4.235315,105.171875
08:08:32,912810UB2,TSRYS5810883,D,S,T,2024-08-16,1000000.00,4.235315,105.171875
08:08:32,912810UB2,TSRYS5810883,D,S,D,2024-08-16,1000000.00,4.235315,105.171875
08:08:32,912810UB2,TSRYS5810883,D,B,C,2024-08-16,1000000.00,4.235315,105.171875
08:08:34,912810UB2,TSRYS5810883,D,S,D,2024-08-16,1000000.00,4.235315,105.171875
08:08:34,912810UB2,TSRYS5810883,D,B,C,2024-08-16,1000000.00,4.235315,105.171875
08:08:34,912810UB2,TSRYS5810883,D,S,D,2024-08-16,1000000.00,4.235315,105.171875
08:08:34,912810UB2,TSRYS5810883,D,B,C,2024-08-16,1000000.00,4.235315,105.171875
08:08:35,912810UB2,TSRYS5810883,D,S,D,2024-08-16,1000000.00,4.235315,105.171875
08:08:35,912810UB2,TSRYS5810883,D,B,C,2024-08-16,1000000.00,4.235315,105.171875
08:08:35,912810UB2,TSRYS5810883,D,S,D,2024-08-16,1000000.00,4.235315,105.171875
08:08:35,912810UB2,TSRYS5810883,D,B,C,2024-08-16,1000000.00,4.235315,105.171875
08:08:35,912810UB2,TSRYS5810883,D,S,D,2024-08-16,1000000.00,4.235315,105.171875
08:08:35,912810UB2,TSRYS5810883,D,B,C,2024-08-16,1000000.00,4.235315,105.171875
08:08:37,912810UB2,TSRYS5810883,D,S,D,2024-08-16,1000000.00,4.235315,105.171875
08:08:37,912810UB2,TSRYS5810883,D,B,C,2024-08-16,1000000.00,4.235315,105.171875
08:08:37,912810UB2,TSRYS5810883,D,S,D,2024-08-16,1000000.00,4.235315,105.171875
08:08:38,912810UB2,TSRYS5810883,D,S,D,2024-08-16,1000000.00,4.235315,105.171875
08:08:38,912810UB2,TSRYS5810883,D,B,C,2024-08-16,1000000.00,4.235315,105.171875
08:08:38,912810UB2,TSRYS5810883,D,S,D,2024-08-16,1000000.00,4.235315,105.171875
08:08:38,912810UB2,TSRYS5810883,D,B,C,2024-08-16,1000000.00,4.235315,105.171875
08:08:38,912810UB2,TSRYS5810883,D,S,D,2024-08-16,1000000.00,4.235315,105.171875
08:08:38,912810UB2,TSRYS5810883,D,B,C,2024-08-16,1000000.00,4.235315,105.171875
08:08:40,912810UB2,TSRYS5810883,D,S,D,2024-08-16,1000000.00,4.235315,105.171875
08:08:40,912810UB2,TSRYS5810883,D,B,C,2024-08-16,1000000.00,4.235315,105.171875
08:08:40,912810UB2,TSRYS5810883,D,S,D,2024-08-16,1000000.00,4.235315,105.171875
08:08:40,912810UB2,TSRYS5810883,D,B,C,2024-08-16,1000000.00,4.235315,105.171875
08:08:40,912810UB2,TSRYS5810883,D,S,D,2024-08-16,1000000.00,4.235315,105.171875
08:08:40,912810UB2,TSRYS5810883,D,B,C,2024-08-16,1000000.00,4.235315,105.171875
08:08:40,912810UB2,TSRYS5810883,D,S,D,2024-08-16,1000000.00,4.235315,105.171875
08:08:40,912810UB2,TSRYS5810883,D,B,C,2024-08-16,1000000.00,4.235315,105.171875
08:08:40,912810UB2,TSRYS5810883,D,S,D,2024-08-16,1000000.00,4.235315,105.171875
08:08:40,912810UB2,TSRYS5810883,D,B,C,2024-08-16,1000000.00,4.235315,105.171875
08:08:40,912810UB2,TSRYS5810883,D,S,D,2024-08-16,1000000.00,4.235315,105.171875
08:08:40,912810UB2,TSRYS5810883,D,B,C,2024-08-16,1000000.00,4.235315,105.171875
08:08:41,912810UB2,TSRYS5810883,D,S,D,2024-08-16,1000000.00,4.235315,105.171875
08:08:41,912810UB2,TSRYS5810883,D,B,C,2024-08-16,1000000.00,4.235315,105.171875
08:09:04,912810UB2,TSRYS5810883,D,S,C,2024-08-16,20000.00,4.233609,105.1953125
08:09:10,912810UB2,TSRYS5810883,D,S,D,2024-08-16,20000.00,4.233609,105.1953125
08:09:56,912810UB2,TSRYS5810883,D,S,T,2024-08-16,1000000.00,4.235884,105.1640625
08:09:56,912810UB2,TSRYS5810883,D,S,T,2024-08-16,1000000.00,4.236026,105.162109375
08:09:56,912810UB2,TSRYS5810883,D,S,D,2024-08-16,1000000.00,4.235884,105.1640625
08:09:56,912810UB2,TSRYS5810883,D,S,T,2024-08-16,1000000.00,4.235884,105.1640625
08:09:56,912810UB2,TSRYS5810883,D,S,D,2024-08-16,1000000.00,4.235884,105.1640625
08:09:56,912810UB2,TSRYS5810883,D,S,D,2024-08-16,1000000.00,4.235884,105.1640625
08:09:56,912810UB2,TSRYS5810883,D,S,D,2024-08-16,1000000.00,4.235884,105.1640625
08:09:56,912810UB2,TSRYS5810883,D,S,D,2024-08-16,1000000.00,4.235884,105.1640625
08:09:56,912810UB2,TSRYS5810883,D,B,C,2024-08-16,1000000.00,4.235599,105.16796875
08:09:57,912810UB2,TSRYS5810883,D,S,D,2024-08-16,1000000.00,4.235592,105.16806875
08:09:57,912810UB2,TSRYS5810883,D,S,D,2024-08-16,1000000.00,4.235884,105.1640625
08:09:57,912810UB2,TSRYS5810883,D,S,T,2024-08-16,1000000.00,4.235884,105.1640625
08:09:57,912810UB2,TSRYS5810883,D,B,C,2024-08-16,1000000.00,4.235884,105.1640625
08:09:57,912810UB2,TSRYS5810883,D,S,D,2024-08-16,1000000.00,4.235884,105.1640625
08:09:58,912810UB2,TSRYS5810883,D,S,T,2024-08-16,1000000.00,4.235884,105.1640625
08:10:01,912810UB2,TSRYS5810883,D,S,D,2024-08-16,1000000.00,4.235884,105.1640625
08:10:02,912810UB2,TSRYS5810883,D,S,C,2024-08-16,1000000.00,4.236026,105.162109375
08:10:03,912810UB2,TSRYS5810883,D,S,D,2024-08-16,1000000.00,4.235884,105.1640625
08:10:15,912810UB2,TSRYS5810883,D,S,C,2024-08-16,310000.00,4.237306,105.14453125
08:10:20,912810UB2,TSRYS5810883,D,S,D,2024-08-16,310000.00,4.237306,105.14453125
08:10:34,912810UB2,TSRYS5810883,D,S,T,2024-08-16,1000000.00,4.235884,105.1640625
08:10:35,912810UB2,TSRYS5810883,D,S,D,2024-08-16,1000000.00,4.235884,105.1640625
08:10:35,912810UB2,TSRYS5810883,D,B,C,2024-08-16,1000000.00,4.235884,105.1640625
08:10:35,912810UB2,TSRYS5810883,D,S,D,2024-08-16,1000000.00,4.235884,105.1640625
08:10:35,912810UB2,TSRYS5810883,D,B,C,2024-08-16,1000000.00,4.235884,105.1640625
08:10:36,912810UB2,TSRYS5810883,D,B,C,2024-08-16,8000000.00,4.236115,105.160889
08:10:37,912810UB2,TSRYS5810883,D,S,D,2024-08-16,1000000.00,4.235884,105.1640625
08:10:37,912810UB2,TSRYS5810883,D,B,C,2024-08-16,1000000.00,4.235891,105.1639625
08:10:38,912810UB2,TSRYS5810883,D,S,D,2024-08-16,1000000.00,4.235884,105.1640625
08:10:39,912810UB2,TSRYS5810883,D,S,T,2024-08-16,1000000.00,4.235884,105.1640625
08:10:39,912810UB2,TSRYS5810883,D,S,D,2024-08-16,1000000.00,4.235884,105.1640625
08:10:39,912810UB2,TSRYS5810883,D,S,T,2024-08-16,1000000.00,4.235884,105.1640625
08:10:39,912810UB2,TSRYS5810883,D,S,T,2024-08-16,1000000.00,4.235884,105.1640625
08:10:39,912810UB2,TSRYS5810883,D,S,T,2024-08-16,1000000.00,4.235884,105.1640625
08:10:39,912810UB2,TSRYS5810883,D,S,D,2024-08-16,1000000.00,4.235884,105.1640625
08:10:39,912810UB2,TSRYS5810883,D,B,C,2024-08-16,1000000.00,4.235884,105.1640625
08:10:39,912810UB2,TSRYS5810883,D,S,D,2024-08-16,1000000.00,4.236168,105.16015625
08:10:39,912810UB2,TSRYS5810883,D,S,D,2024-08-16,1000000.00,4.235884,105.1640625
08:10:39,912810UB2,TSRYS5810883,D,S,D,2024-08-16,1000000.00,4.236168,105.16015625
08:10:39,912810UB2,TSRYS5810883,D,S,D,2024-08-16,1000000.00,4.235884,105.1640625
08:10:39,912810UB2,TSRYS5810883,D,S,D,2024-08-16,1000000.00,4.235884,105.1640625
08:10:39,912810UB2,TSRYS5810883,D,B,C,2024-08-16,1000000.00,4.235884,105.1640625
08:10:39,912810UB2,TSRYS5810883,D,S,D,2024-08-16,1000000.00,4.235884,105.1640625
08:10:39,912810UB2,TSRYS5810883,D,S,D,2024-08-16,1000000.00,4.235884,105.1640625
08:10:40,912810UB2,TSRYS5810883,D,S,D,2024-08-16,1000000.00,4.235884,105.1640625
08:10:40,912810UB2,TSRYS5810883,D,S,T,2024-08-16,1000000.00,4.235884,105.1640625
08:10:40,912810UB2,TSRYS5810883,D,B,C,2024-08-16,1000000.00,4.235884,105.1640625
08:10:40,912810UB2,TSRYS5810883,D,S,D,2024-08-16,1000000.00,4.235884,105.1640625
08:10:41,912810UB2,TSRYS5810883,D,S,T,2024-08-16,1000000.00,4.235884,105.1640625
08:10:41,912810UB2,TSRYS5810883,D,B,C,2024-08-16,1000000.00,4.236026,105.162109375
08:10:41,912810UB2,TSRYS5810883,D,S,D,2024-08-16,1000000.00,4.236019,105.162209375
08:10:41,912810UB2,TSRYS5810883,D,S,T,2024-08-16,1000000.00,4.235884,105.1640625
08:10:41,912810UB2,TSRYS5810883,D,B,C,2024-08-16,1000000.00,4.236033,105.162009375
08:10:41,912810UB2,TSRYS5810883,D,B,C,2024-08-16,1000000.00,4.236026,105.162109375
08:10:41,912810UB2,TSRYS5810883,D,S,D,2024-08-16,2000000.00,4.236026,105.162109375
08:10:41,912810UB2,TSRYS5810883,D,S,D,2024-08-16,1000000.00,4.235884,105.1640625
08:10:41,912810UB2,TSRYS5810883,D,B,C,2024-08-16,1000000.00,4.235884,105.1640625
08:10:41,912810UB2,TSRYS5810883,D,S,D,2024-08-16,1000000.00,4.235884,105.1640625
08:10:42,912810UB2,TSRYS5810883,D,S,D,2024-08-16,1000000.00,4.235884,105.1640625
08:10:42,912810UB2,TSRYS5810883,D,S,D,2024-08-16,1000000.00,4.235884,105.1640625
08:10:42,912810UB2,TSRYS5810883,D,B,C,2024-08-16,1000000.00,4.235884,105.1640625
08:10:42,912810UB2,TSRYS5810883,D,B,C,2024-08-16,1000000.00,4.23631,105.158203125
08:10:42,912810UB2,TSRYS5810883,D,S,D,2024-08-16,1000000.00,4.236303,105.158303125
08:10:43,912810UB2,TSRYS5810883,D,B,C,2024-08-16,1000000.00,4.236752,105.15214375
08:10:43,912810UB2,TSRYS5810883,D,S,D,2024-08-16,1000000.00,4.236737,105.15234375
08:10:44,912810UB2,TSRYS5810883,D,S,D,2024-08-16,1000000.00,4.235884,105.1640625
08:10:44,912810UB2,TSRYS5810883,D,S,D,2024-08-16,1000000.00,4.235884,105.1640625
08:10:45,912810UB2,TSRYS5810883,D,S,D,2024-08-16,1000000.00,4.235884,105.1640625
08:10:45,912810UB2,TSRYS5810883,D,B,C,2024-08-16,1000000.00,4.235884,105.1640625
08:10:46,912810UB2,TSRYS5810883,D,S,D,2024-08-16,1000000.00,4.235884,105.1640625
08:10:46,912810UB2,TSRYS5810883,D,S,D,2024-08-16,1000000.00,4.235884,105.1640625
08:10:48,912810UB2,TSRYS5810883,D,S,D,2024-08-16,1000000.00,4.235884,105.1640625
08:10:48,912810UB2,TSRYS5810883,D,B,C,2024-08-16,1000000.00,4.235884,105.1640625
08:10:49,912810UB2,TSRYS5810883,D,S,D,2024-08-16,1000000.00,4.236445,105.15635
08:10:49,912810UB2,TSRYS5810883,D,B,C,2024-08-16,1000000.00,4.236453,105.15625
08:10:50,912810UB2,TSRYS5810883,D,S,D,2024-08-16,1000000.00,4.235884,105.1640625
08:10:50,912810UB2,TSRYS5810883,D,B,C,2024-08-16,1000000.00,4.235884,105.1640625
08:10:53,912810UB2,TSRYS5810883,D,S,T,2024-08-16,1000000.00,4.236453,105.15625
08:11:05,912810UB2,TSRYS5810883,D,S,A,2024-08-16,1500000.00,4.236135,105.16015625
08:11:26,912810UB2,TSRYS5810883,D,S,T,2024-08-16,1000000.00,4.236595,105.154296875
08:11:26,912810UB2,TSRYS5810883,D,B,C,2024-08-16,1000000.00,4.236737,105.15234375
08:11:26,912810UB2,TSRYS5810883,D,S,T,2024-08-16,1000000.00,4.236453,105.15625
08:11:26,912810UB2,TSRYS5810883,D,B,C,2024-08-16,1000000.00,4.236737,105.15234375
08:11:26,912810UB2,TSRYS5810883,D,S,T,2024-08-16,1000000.00,4.236453,105.15625
08:11:26,912810UB2,TSRYS5810883,D,B,C,2024-08-16,1000000.00,4.236737,105.15234375
08:11:26,912810UB2,TSRYS5810883,D,S,T,2024-08-16,1000000.00,4.236453,105.15625
08:11:27,912810UB2,TSRYS5810883,D,B,C,2024-08-16,1000000.00,4.236737,105.15234375
08:11:27,912810UB2,TSRYS5810883,D,S,D,2024-08-16,7000000.00,4.236453,105.15625
08:11:27,912810UB2,TSRYS5810883,D,B,C,2024-08-16,1000000.00,4.236453,105.15625
08:11:27,912810UB2,TSRYS5810883,D,B,C,2024-08-16,2000000.00,4.236737,105.15234375
08:11:27,912810UB2,TSRYS5810883,D,S,D,2024-08-16,1000000.00,4.23673,105.15244375
08:11:27,912810UB2,TSRYS5810883,D,S,D,2024-08-16,1000000.00,4.236453,105.15625
08:11:27,912810UB2,TSRYS5810883,D,S,D,2024-08-16,2000000.00,4.236737,105.15234375
08:11:27,912810UB2,TSRYS5810883,D,S,C,2024-08-16,1000000.00,4.236737,105.15234375
08:11:27,912810UB2,TSRYS5810883,D,B,C,2024-08-16,1000000.00,4.236737,105.15234375
08:11:27,912810UB2,TSRYS5810883,D,S,D,2024-08-16,7000000.00,4.236453,105.15625
08:11:27,912810UB2,TSRYS5810883,D,B,C,2024-08-16,1000000.00,4.236602,105.154196875
08:11:27,912810UB2,TSRYS5810883,D,S,D,2024-08-16,1000000.00,4.236595,105.154296875
08:11:27,912810UB2,TSRYS5810883,D,S,D,2024-08-16,2000000.00,4.236453,105.15625
08:11:27,912810UB2,TSRYS5810883,D,B,C,2024-08-16,2000000.00,4.236467,105.15605
08:11:27,912810UB2,TSRYS5810883,D,S,D,2024-08-16,7000000.00,4.236453,105.15625
08:11:27,912810UB2,TSRYS5810883,D,S,D,2024-08-16,2000000.00,4.236453,105.15625
08:11:28,912810UB2,TSRYS5810883,D,B,C,2024-08-16,2000000.00,4.236467,105.15605
08:11:28,912810UB2,TSRYS5810883,D,S,D,2024-08-16,1000000.00,4.236453,105.15625
08:11:28,912810UB2,TSRYS5810883,D,B,C,2024-08-16,1000000.00,4.236467,105.15605
08:11:29,912810UB2,TSRYS5810883,D,S,T,2024-08-16,1000000.00,4.235884,105.1640625
08:11:30,912810UB2,TSRYS5810883,D,S,D,2024-08-16,2000000.00,4.236453,105.15625
08:11:30,912810UB2,TSRYS5810883,D,S,C,2024-08-16,1000000.00,4.237591,105.140625
08:11:30,912810UB2,TSRYS5810883,D,B,C,2024-08-16,1000000.00,4.237591,105.140625
08:11:30,912810UB2,TSRYS5810883,D,S,D,2024-08-16,1000000.00,4.236453,105.15625
08:11:30,912810UB2,TSRYS5810883,D,B,C,2024-08-16,1000000.00,4.236453,105.15625
08:11:30,912810UB2,TSRYS5810883,D,S,D,2024-08-16,1000000.00,4.236453,105.15625
08:11:30,912810UB2,TSRYS5810883,D,S,D,2024-08-16,1000000.00,4.236453,105.15625
08:11:30,912810UB2,TSRYS5810883,D,B,C,2024-08-16,1000000.00,4.236467,105.15605
08:11:31,912810UB2,TSRYS5810883,D,S,D,2024-08-16,1000000.00,4.236595,105.154296875
08:11:31,912810UB2,TSRYS5810883,D,S,D,2024-08-16,3000000.00,4.236453,105.1564
08:11:31,912810UB2,TSRYS5810883,D,B,C,2024-08-16,3000000.00,4.236453,105.15625
08:11:31,912810UB2,TSRYS5810883,D,S,D,2024-08-16,1000000.00,4.236453,105.15625
08:11:31,912810UB2,TSRYS5810883,D,S,D,2024-08-16,1000000.00,4.236453,105.15625
08:11:31,912810UB2,TSRYS5810883,D,S,D,2024-08-16,1000000.00,4.236453,105.15625
08:11:33,912810UB2,TSRYS5810883,D,S,D,2024-08-16,7000000.00,4.236453,105.15625
08:11:34,912810UB2,TSRYS5810883,D,S,C,2024-08-16,1000000.00,4.236453,105.15625
08:11:37,912810UB2,TSRYS5810883,D,S,D,2024-08-16,1000000.00,4.237591,105.140625
08:11:37,912810UB2,TSRYS5810883,D,S,D,2024-08-16,1000000.00,4.237591,105.140625
08:11:37,912810UB2,TSRYS5810883,D,S,D,2024-08-16,1000000.00,4.237022,105.1484375
08:11:37,912810UB2,TSRYS5810883,D,S,D,2024-08-16,1000000.00,4.237591,105.140625
08:11:37,912810UB2,TSRYS5810883,D,S,D,2024-08-16,1000000.00,4.237306,105.14453125
08:11:37,912810UB2,TSRYS5810883,D,S,D,2024-08-16,1000000.00,4.237591,105.140625
08:11:37,912810UB2,TSRYS5810883,D,S,D,2024-08-16,1000000.00,4.237591,105.140625
08:11:38,912810UB2,TSRYS5810883,D,S,D,2024-08-16,1000000.00,4.237306,105.14453125
08:11:38,912810UB2,TSRYS5810883,D,S,D,2024-08-16,1000000.00,4.237022,105.1484375
08:11:39,912810UB2,TSRYS5810883,D,B,C,2024-08-16,1000000.00,4.236737,105.15234375
08:11:39,912810UB2,TSRYS5810883,D,B,C,2024-08-16,1000000.00,4.236737,105.15234375
08:11:39,912810UB2,TSRYS5810883,D,S,T,2024-08-16,2000000.00,4.236453,105.15625
08:11:39,912810UB2,TSRYS5810883,D,B,C,2024-08-16,1000000.00,4.236737,105.15234375
08:11:39,912810UB2,TSRYS5810883,D,S,T,2024-08-16,1000000.00,4.236453,105.15625
08:11:39,912810UB2,TSRYS5810883,D,S,D,2024-08-16,1000000.00,4.236453,105.15625
08:11:39,912810UB2,TSRYS5810883,D,B,C,2024-08-16,1000000.00,4.236453,105.15625
08:11:39,912810UB2,TSRYS5810883,D,S,D,2024-08-16,1000000.00,4.236453,105.15625
08:11:39,912810UB2,TSRYS5810883,D,B,C,2024-08-16,1000000.00,4.236453,105.15625
08:11:39,912810UB2,TSRYS5810883,D,S,D,2024-08-16,1000000.00,4.236453,105.15625
08:11:39,912810UB2,TSRYS5810883,D,S,D,2024-08-16,1000000.00,4.236453,105.15625
08:11:39,912810UB2,TSRYS5810883,D,B,C,2024-08-16,1000000.00,4.236453,105.15625
08:11:39,912810UB2,TSRYS5810883,D,B,C,2024-08-16,1000000.00,4.236453,105.15625
08:11:39,912810UB2,TSRYS5810883,D,B,C,2024-08-16,2000000.00,4.236737,105.15234375
08:11:39,912810UB2,TSRYS5810883,D,S,D,2024-08-16,2000000.00,4.236737,105.15234375
08:11:40,912810UB2,TSRYS5810883,D,S,D,2024-08-16,1000000.00,4.236453,105.15625
08:11:40,912810UB2,TSRYS5810883,D,S,D,2024-08-16,1000000.00,4.236453,105.15625
08:11:41,912810UB2,TSRYS5810883,D,S,D,2024-08-16,1000000.00,4.236453,105.15625
08:11:42,912810UB2,TSRYS5810883,D,B,C,2024-08-16,2000000.00,4.236737,105.15234375
08:11:42,912810UB2,TSRYS5810883,D,B,C,2024-08-16,2000000.00,4.236737,105.15234375
08:11:42,912810UB2,TSRYS5810883,D,S,D,2024-08-16,2000000.00,4.236737,105.15234375
08:11:42,912810UB2,TSRYS5810883,D,B,C,2024-08-16,1000000.00,4.236737,105.15234375
08:11:42,912810UB2,TSRYS5810883,D,S,D,2024-08-16,2000000.00,4.236737,105.15234375
08:11:42,912810UB2,TSRYS5810883,D,S,D,2024-08-16,1000000.00,4.236737,105.15234375
08:11:42,912810UB2,TSRYS5810883,D,B,C,2024-08-16,1000000.00,4.236737,105.15234375
08:11:42,912810UB2,TSRYS5810883,D,S,D,2024-08-16,1000000.00,4.236737,105.15234375
08:11:43,912810UB2,TSRYS5810883,D,S,D,2024-08-16,6000000.00,4.236453,105.15625
08:12:00,912810UB2,TSRYS5810883,D,S,D,2024-08-16,1000000.00,4.237591,105.140625
08:12:00,912810UB2,TSRYS5810883,D,S,C,2024-08-16,1000000.00,4.237576,105.140825
08:12:00,912810UB2,TSRYS5810883,D,B,C,2024-08-16,1000000.00,4.237591,105.140625
08:12:16,912810UB2,TSRYS5810883,D,S,T,2024-08-16,1000000.00,4.238729,105.125
08:12:16,912810UB2,TSRYS5810883,D,S,T,2024-08-16,1000000.00,4.238729,105.125
08:12:16,912810UB2,TSRYS5810883,D,S,T,2024-08-16,2000000.00,4.239014,105.12109375
08:12:16,912810UB2,TSRYS5810883,D,S,T,2024-08-16,2000000.00,4.238729,105.125
08:12:16,912810UB2,TSRYS5810883,D,S,T,2024-08-16,1000000.00,4.238729,105.125
08:12:16,912810UB2,TSRYS5810883,D,S,D,2024-08-16,1000000.00,4.238729,105.125
08:12:16,912810UB2,TSRYS5810883,D,S,D,2024-08-16,1000000.00,4.238729,105.125
08:12:20,912810UB2,TSRYS5810883,D,S,D,2024-08-16,1000000.00,4.238729,105.125
08:12:20,912810UB2,TSRYS5810883,D,S,D,2024-08-16,2000000.00,4.239006,105.12119375
08:12:21,912810UB2,TSRYS5810883,D,S,D,2024-08-16,1000000.00,4.238729,105.125
08:12:21,912810UB2,TSRYS5810883,D,S,D,2024-08-16,2000000.00,4.238729,105.125
08:12:21,912810UB2,TSRYS5810883,D,S,D,2024-08-16,1000000.00,4.238729,105.125
08:12:24,912810UB2,TSRYS5810883,D,B,C,2024-08-16,1000000.00,4.235883,105.16407
08:12:27,912810UB2,TSRYS5810883,D,B,C,2024-08-16,1000000.00,4.237591,105.140625
08:12:27,912810UB2,TSRYS5810883,D,B,C,2024-08-16,1000000.00,4.236467,105.15605
