tradeTime,cusip,issueSymbolIdentifier,priceType,reportingSideCode,contraPartyTypeCode,tradeDate,reportedTradeVolume,lastSaleYield,lastSalePrice
08:00:05,912810UB2,TSRYS5810883,D,S,T,2024-06-27,1000000.00,4.588736,100.46484375
08:00:05,912810UB2,TSRYS5810883,D,S,T,2024-06-27,1000000.00,4.588736,100.46484375
08:00:05,912810UB2,TSRYS5810883,D,S,T,2024-06-27,1000000.00,4.583025,100.5390625
08:00:05,912810UB2,TSRYS5810883,D,S,T,2024-06-27,1000000.00,4.577621,100.609375
08:00:05,912810UB2,TSRYS5810883,D,S,T,2024-06-27,1000000.00,4.577621,100.609375
08:00:05,912810UB2,TSRYS5810883,D,S,T,2024-06-27,1000000.00,4.57552,100.63671875
08:00:05,912810UB2,TSRYS5810883,D,S,T,2024-06-27,1000000.00,4.57417,100.654296875
08:00:05,912810UB2,TSRYS5810883,D,S,T,2024-06-27,1000000.00,4.571621,100.6875
08:00:05,912810UB2,TSRYS5810883,D,B,C,2024-06-27,1000000.00,4.570422,100.703125
08:00:05,912810UB2,TSRYS5810883,D,S,D,2024-06-27,1000000.00,4.571921,100.68359375
08:00:05,912810UB2,TSRYS5810883,D,S,D,2024-06-27,1000000.00,4.57477,100.646484375
08:00:05,912810UB2,TSRYS5810883,D,S,D,2024-06-27,1000000.00,4.57447,100.650390625
08:00:08,912810UB2,TSRYS5810883,D,S,T,2024-06-27,1000000.00,4.569223,100.71875
08:00:13,912810UB2,TSRYS5810883,D,S,C,2024-06-27,50MM+,4.57432,100.65234375
08:00:13,912810UB2,TSRYS5810883,D,S,T,2024-06-27,1000000.00,4.572821,100.671875
08:00:13,912810UB2,TSRYS5810883,D,S,T,2024-06-27,1000000.00,4.58603,100.5
08:00:14,912810UB2,TSRYS5810883,D,S,T,2024-06-27,1000000.00,4.581223,100.5625
08:00:14,912810UB2,TSRYS5810883,D,S,T,2024-06-27,1000000.00,4.57522,100.640625
08:00:14,912810UB2,TSRYS5810883,D,S,T,2024-06-27,1000000.00,4.577621,100.609375
08:00:14,912810UB2,TSRYS5810883,D,S,T,2024-06-27,1000000.00,4.587233,100.484375
08:00:14,912810UB2,TSRYS5810883,D,S,T,2024-06-27,1000000.00,4.570422,100.703125
08:00:18,912810UB2,TSRYS5810883,D,S,T,2024-06-27,1000000.00,4.565628,100.765625
08:00:18,912810UB2,TSRYS5810883,D,S,T,2024-06-27,1000000.00,4.569223,100.71875
08:00:18,912810UB2,TSRYS5810883,D,B,A,2024-06-27,3980000.00,4.581824,100.554688
08:00:27,912810UB2,TSRYS5810883,D,S,T,2024-06-27,2000000.00,4.581223,100.5625
08:00:27,912810UB2,TSRYS5810883,D,S,T,2024-06-27,1000000.00,4.587233,100.484375
08:00:27,912810UB2,TSRYS5810883,D,S,T,2024-06-27,1000000.00,4.57642,100.625
08:00:27,912810UB2,TSRYS5810883,D,S,T,2024-06-27,1000000.00,4.577621,100.609375
08:00:27,912810UB2,TSRYS5810883,D,S,T,2024-06-27,1000000.00,4.580022,100.578125
08:00:27,912810UB2,TSRYS5810883,D,S,T,2024-06-27,1000000.00,4.570422,100.703125
08:00:27,912810UB2,TSRYS5810883,D,S,D,2024-06-27,1000000.00,4.589037,100.4609375
08:00:27,912810UB2,TSRYS5810883,D,S,D,2024-06-27,1000000.00,4.57642,100.625
08:00:27,912810UB2,TSRYS5810883,D,S,T,2024-06-27,1000000.00,4.577621,100.609375
08:00:27,912810UB2,TSRYS5810883,D,S,T,2024-06-27,1000000.00,4.580022,100.578125
08:00:27,912810UB2,TSRYS5810883,D,S,D,2024-06-27,1000000.00,4.569523,100.71484375
08:00:27,912810UB2,TSRYS5810883,D,S,D,2024-06-27,1000000.00,4.567125,100.74609375
08:00:27,912810UB2,TSRYS5810883,D,S,T,2024-06-27,1000000.00,4.57402,100.65625
08:00:30,912810UB2,TSRYS5810883,D,S,T,2024-06-27,1000000.00,4.577621,100.609375
08:00:30,912810UB2,TSRYS5810883,D,S,T,2024-06-27,1000000.00,4.577621,100.609375
08:00:30,912810UB2,TSRYS5810883,D,S,T,2024-06-27,1000000.00,4.581223,100.5625
08:00:30,912810UB2,TSRYS5810883,D,S,T,2024-06-27,1000000.00,4.582425,100.546875
08:00:30,912810UB2,TSRYS5810883,D,S,T,2024-06-27,1000000.00,4.582425,100.546875
08:00:33,912810UB2,TSRYS5810883,D,S,T,2024-06-27,1000000.00,4.581223,100.5625
08:00:33,912810UB2,TSRYS5810883,D,S,T,2024-06-27,1000000.00,4.582425,100.546875
08:00:33,912810UB2,TSRYS5810883,D,S,T,2024-06-27,1000000.00,4.58603,100.5
08:00:33,912810UB2,TSRYS5810883,D,S,T,2024-06-27,1000000.00,4.58603,100.5
08:00:33,912810UB2,TSRYS5810883,D,S,T,2024-06-27,1000000.00,4.58603,100.5
08:00:33,912810UB2,TSRYS5810883,D,S,T,2024-06-27,1000000.00,4.584828,100.515625
08:00:33,912810UB2,TSRYS5810883,D,S,T,2024-06-27,2000000.00,4.584828,100.515625
08:00:33,912810UB2,TSRYS5810883,D,S,T,2024-06-27,1000000.00,4.582124,100.55078125
08:00:33,912810UB2,TSRYS5810883,D,S,T,2024-06-27,3000000.00,4.582124,100.55078125
08:00:33,912810UB2,TSRYS5810883,D,S,T,2024-06-27,1000000.00,4.581223,100.5625
08:00:33,912810UB2,TSRYS5810883,D,S,T,2024-06-27,1000000.00,4.581223,100.5625
08:00:33,912810UB2,TSRYS5810883,D,S,T,2024-06-27,1000000.00,4.581223,100.5625
08:00:33,912810UB2,TSRYS5810883,D,S,T,2024-06-27,1000000.00,4.584828,100.515625
08:00:33,912810UB2,TSRYS5810883,D,S,T,2024-06-27,1000000.00,4.583626,100.53125
08:00:33,912810UB2,TSRYS5810883,D,S,T,2024-06-27,1000000.00,4.583476,100.533203125
08:00:33,912810UB2,TSRYS5810883,D,S,T,2024-06-27,1000000.00,4.583626,100.53125
08:00:33,912810UB2,TSRYS5810883,D,S,T,2024-06-27,1000000.00,4.582425,100.546875
08:00:33,912810UB2,TSRYS5810883,D,S,T,2024-06-27,1000000.00,4.582425,100.546875
08:00:33,912810UB2,TSRYS5810883,D,S,T,2024-06-27,1000000.00,4.578821,100.59375
08:00:33,912810UB2,TSRYS5810883,D,S,T,2024-06-27,1000000.00,4.580022,100.578125
08:00:33,912810UB2,TSRYS5810883,D,S,T,2024-06-27,1000000.00,4.580022,100.578125
08:00:33,912810UB2,TSRYS5810883,D,S,T,2024-06-27,1000000.00,4.580022,100.578125
08:00:33,912810UB2,TSRYS5810883,D,S,T,2024-06-27,1000000.00,4.580022,100.578125
08:00:33,912810UB2,TSRYS5810883,D,S,T,2024-06-27,1000000.00,4.581223,100.5625
08:00:33,912810UB2,TSRYS5810883,D,S,T,2024-06-27,1000000.00,4.582425,100.546875
08:00:33,912810UB2,TSRYS5810883,D,S,T,2024-06-27,1000000.00,4.582425,100.546875
08:00:33,912810UB2,TSRYS5810883,D,S,T,2024-06-27,1000000.00,4.588435,100.46875
08:00:33,912810UB2,TSRYS5810883,D,S,T,2024-06-27,1000000.00,4.588435,100.46875
08:00:33,912810UB2,TSRYS5810883,D,S,T,2024-06-27,1000000.00,4.590841,100.4375
08:00:33,912810UB2,TSRYS5810883,D,S,T,2024-06-27,1000000.00,4.590841,100.4375
08:00:33,912810UB2,TSRYS5810883,D,S,T,2024-06-27,1000000.00,4.590841,100.4375
08:00:33,912810UB2,TSRYS5810883,D,S,T,2024-06-27,1000000.00,4.589638,100.453125
08:00:33,912810UB2,TSRYS5810883,D,S,T,2024-06-27,1000000.00,4.582425,100.546875
08:00:33,912810UB2,TSRYS5810883,D,S,T,2024-06-27,1000000.00,4.581223,100.5625
08:00:33,912810UB2,TSRYS5810883,D,S,T,2024-06-27,1000000.00,4.580623,100.5703125
08:00:33,912810UB2,TSRYS5810883,D,S,T,2024-06-27,1000000.00,4.580623,100.5703125
08:00:33,912810UB2,TSRYS5810883,D,S,T,2024-06-27,1000000.00,4.580623,100.5703125
08:00:33,912810UB2,TSRYS5810883,D,S,T,2024-06-27,1000000.00,4.580623,100.5703125
08:00:33,912810UB2,TSRYS5810883,D,S,T,2024-06-27,1000000.00,4.580322,100.57421875
08:00:33,912810UB2,TSRYS5810883,D,S,T,2024-06-27,1000000.00,4.580022,100.578125
08:00:33,912810UB2,TSRYS5810883,D,S,T,2024-06-27,1000000.00,4.581223,100.5625
08:00:33,912810UB2,TSRYS5810883,D,S,T,2024-06-27,1000000.00,4.581223,100.5625
08:00:33,912810UB2,TSRYS5810883,D,S,T,2024-06-27,1000000.00,4.57522,100.640625
08:00:33,912810UB2,TSRYS5810883,D,S,T,2024-06-27,1000000.00,4.57522,100.640625
08:00:33,912810UB2,TSRYS5810883,D,S,T,2024-06-27,1000000.00,4.57642,100.625
08:00:33,912810UB2,TSRYS5810883,D,S,T,2024-06-27,1000000.00,4.57642,100.625
08:00:33,912810UB2,TSRYS5810883,D,S,T,2024-06-27,1000000.00,4.57642,100.625
08:00:33,912810UB2,TSRYS5810883,D,S,T,2024-06-27,1000000.00,4.577621,100.609375
08:00:33,912810UB2,TSRYS5810883,D,S,T,2024-06-27,1000000.00,4.577621,100.609375
08:00:33,912810UB2,TSRYS5810883,D,S,T,2024-06-27,1000000.00,4.580022,100.578125
08:00:33,912810UB2,TSRYS5810883,D,S,T,2024-06-27,1000000.00,4.580022,100.578125
08:00:33,912810UB2,TSRYS5810883,D,S,T,2024-06-27,1000000.00,4.580022,100.578125
08:00:33,912810UB2,TSRYS5810883,D,S,T,2024-06-27,1000000.00,4.58603,100.5
08:00:33,912810UB2,TSRYS5810883,D,S,T,2024-06-27,1000000.00,4.58603,100.5
08:00:33,912810UB2,TSRYS5810883,D,S,T,2024-06-27,1000000.00,4.586481,100.494140625
08:00:33,912810UB2,TSRYS5810883,D,S,T,2024-06-27,1000000.00,4.583025,100.5390625
08:00:33,912810UB2,TSRYS5810883,D,S,T,2024-06-27,1000000.00,4.583025,100.5390625
08:00:33,912810UB2,TSRYS5810883,D,S,T,2024-06-27,1000000.00,4.582875,100.541015625
08:00:33,912810UB2,TSRYS5810883,D,S,T,2024-06-27,1000000.00,4.583025,100.5390625
08:00:33,912810UB2,TSRYS5810883,D,S,T,2024-06-27,1000000.00,4.583626,100.53125
08:00:33,912810UB2,TSRYS5810883,D,S,T,2024-06-27,1000000.00,4.584227,100.5234375
08:00:33,912810UB2,TSRYS5810883,D,S,T,2024-06-27,1000000.00,4.57642,100.625
08:00:33,912810UB2,TSRYS5810883,D,S,T,2024-06-27,1000000.00,4.57642,100.625
08:00:33,912810UB2,TSRYS5810883,D,S,T,2024-06-27,1000000.00,4.57642,100.625
08:00:33,912810UB2,TSRYS5810883,D,S,T,2024-06-27,1000000.00,4.57642,100.625
08:00:33,912810UB2,TSRYS5810883,D,S,T,2024-06-27,1000000.00,4.577621,100.609375
08:00:33,912810UB2,TSRYS5810883,D,S,T,2024-06-27,1000000.00,4.578821,100.59375
08:00:33,912810UB2,TSRYS5810883,D,S,T,2024-06-27,1000000.00,4.578821,100.59375
08:00:33,912810UB2,TSRYS5810883,D,S,T,2024-06-27,1000000.00,4.578821,100.59375
08:00:33,912810UB2,TSRYS5810883,D,S,T,2024-06-27,1000000.00,4.578371,100.599609375
08:00:33,912810UB2,TSRYS5810883,D,S,T,2024-06-27,1000000.00,4.578221,100.6015625
08:00:33,912810UB2,TSRYS5810883,D,S,T,2024-06-27,1000000.00,4.57642,100.625
08:00:33,912810UB2,TSRYS5810883,D,S,T,2024-06-27,1000000.00,4.57642,100.625
08:00:33,912810UB2,TSRYS5810883,D,S,T,2024-06-27,1000000.00,4.572821,100.671875
08:00:33,912810UB2,TSRYS5810883,D,S,T,2024-06-27,1000000.00,4.57642,100.625
08:00:33,912810UB2,TSRYS5810883,D,S,T,2024-06-27,1000000.00,4.57642,100.625
08:00:33,912810UB2,TSRYS5810883,D,S,T,2024-06-27,1000000.00,4.57642,100.625
08:00:33,912810UB2,TSRYS5810883,D,S,T,2024-06-27,1000000.00,4.57642,100.625
08:00:33,912810UB2,TSRYS5810883,D,S,T,2024-06-27,1000000.00,4.580172,100.576171875
08:00:33,912810UB2,TSRYS5810883,D,S,T,2024-06-27,1000000.00,4.580022,100.578125
08:00:33,912810UB2,TSRYS5810883,D,S,T,2024-06-27,1000000.00,4.571621,100.6875
08:00:33,912810UB2,TSRYS5810883,D,S,T,2024-06-27,1000000.00,4.570422,100.703125
08:00:33,912810UB2,TSRYS5810883,D,S,T,2024-06-27,1000000.00,4.570422,100.703125
08:00:33,912810UB2,TSRYS5810883,D,S,T,2024-06-27,1000000.00,4.570422,100.703125
08:00:33,912810UB2,TSRYS5810883,D,S,T,2024-06-27,1000000.00,4.570422,100.703125
08:00:33,912810UB2,TSRYS5810883,D,S,T,2024-06-27,1000000.00,4.570422,100.703125
08:00:33,912810UB2,TSRYS5810883,D,S,T,2024-06-27,1000000.00,4.570422,100.703125
08:00:33,912810UB2,TSRYS5810883,D,S,T,2024-06-27,1000000.00,4.570422,100.703125
08:00:33,912810UB2,TSRYS5810883,D,S,T,2024-06-27,1000000.00,4.569223,100.71875
08:00:33,912810UB2,TSRYS5810883,D,S,T,2024-06-27,1000000.00,4.566826,100.75
08:00:33,912810UB2,TSRYS5810883,D,S,T,2024-06-27,1000000.00,4.567425,100.7421875
08:00:33,912810UB2,TSRYS5810883,D,S,T,2024-06-27,1000000.00,4.567425,100.7421875
08:00:33,912810UB2,TSRYS5810883,D,S,T,2024-06-27,1000000.00,4.57402,100.65625
08:00:33,912810UB2,TSRYS5810883,D,S,T,2024-06-27,1000000.00,4.57402,100.65625
08:00:33,912810UB2,TSRYS5810883,D,S,T,2024-06-27,1000000.00,4.57402,100.65625
08:00:33,912810UB2,TSRYS5810883,D,S,T,2024-06-27,1000000.00,4.57402,100.65625
08:00:33,912810UB2,TSRYS5810883,D,S,T,2024-06-27,1000000.00,4.57402,100.65625
08:00:33,912810UB2,TSRYS5810883,D,S,D,2024-06-27,1000000.00,4.580022,100.578125
08:00:33,912810UB2,TSRYS5810883,D,S,D,2024-06-27,1000000.00,4.580022,100.578125
08:00:33,912810UB2,TSRYS5810883,D,S,D,2024-06-27,1000000.00,4.580923,100.56640625
08:00:33,912810UB2,TSRYS5810883,D,S,D,2024-06-27,1000000.00,4.579722,100.58203125
08:00:33,912810UB2,TSRYS5810883,D,S,T,2024-06-27,1000000.00,4.580022,100.578125
08:00:33,912810UB2,TSRYS5810883,D,S,T,2024-06-27,1000000.00,4.580022,100.578125
08:00:33,912810UB2,TSRYS5810883,D,S,T,2024-06-27,1000000.00,4.580022,100.578125
08:00:33,912810UB2,TSRYS5810883,D,S,T,2024-06-27,1000000.00,4.579872,100.580078125
08:00:33,912810UB2,TSRYS5810883,D,S,T,2024-06-27,1000000.00,4.580623,100.5703125
08:00:33,912810UB2,TSRYS5810883,D,S,T,2024-06-27,1000000.00,4.580623,100.5703125
08:00:33,912810UB2,TSRYS5810883,D,S,T,2024-06-27,1000000.00,4.580322,100.57421875
08:00:33,912810UB2,TSRYS5810883,D,S,T,2024-06-27,1000000.00,4.586481,100.494140625
08:00:33,912810UB2,TSRYS5810883,D,S,T,2024-06-27,1000000.00,4.583025,100.5390625
08:00:33,912810UB2,TSRYS5810883,D,S,T,2024-06-27,1000000.00,4.582875,100.541015625
08:00:33,912810UB2,TSRYS5810883,D,S,T,2024-06-27,1000000.00,4.583025,100.5390625
08:00:33,912810UB2,TSRYS5810883,D,S,T,2024-06-27,1000000.00,4.583025,100.5390625
08:00:33,912810UB2,TSRYS5810883,D,S,T,2024-06-27,1000000.00,4.584227,100.5234375
08:00:33,912810UB2,TSRYS5810883,D,S,T,2024-06-27,1000000.00,4.584227,100.5234375
08:00:34,912810UB2,TSRYS5810883,D,S,T,2024-06-27,1000000.00,4.578821,100.59375
08:00:34,912810UB2,TSRYS5810883,D,S,T,2024-06-27,1000000.00,4.577771,100.607421875
08:00:34,912810UB2,TSRYS5810883,D,S,T,2024-06-27,1000000.00,4.572821,100.671875
08:00:34,912810UB2,TSRYS5810883,D,S,D,2024-06-27,65000.00,4.568923,100.72265625
08:00:34,912810UB2,TSRYS5810883,D,S,D,2024-06-27,1000000.00,4.580923,100.56640625
08:00:34,912810UB2,TSRYS5810883,D,S,A,2024-06-27,1400000.00,4.583025,100.5390625
08:00:34,912810UB2,TSRYS5810883,D,S,T,2024-06-27,1000000.00,4.583626,100.53125
08:00:34,912810UB2,TSRYS5810883,D,S,T,2024-06-27,1000000.00,4.583626,100.53125
08:00:34,912810UB2,TSRYS5810883,D,S,T,2024-06-27,1000000.00,4.583626,100.53125
08:00:34,912810UB2,TSRYS5810883,D,S,T,2024-06-27,1000000.00,4.583626,100.53125
08:00:34,912810UB2,TSRYS5810883,D,S,T,2024-06-27,1000000.00,4.583626,100.53125
08:00:34,912810UB2,TSRYS5810883,D,S,T,2024-06-27,1000000.00,4.583626,100.53125
08:00:34,912810UB2,TSRYS5810883,D,S,T,2024-06-27,1000000.00,4.583626,100.53125
08:00:34,912810UB2,TSRYS5810883,D,S,T,2024-06-27,1000000.00,4.583626,100.53125
08:00:34,912810UB2,TSRYS5810883,D,S,T,2024-06-27,1000000.00,4.583626,100.53125
08:00:34,912810UB2,TSRYS5810883,D,S,T,2024-06-27,1000000.00,4.583626,100.53125
08:00:34,912810UB2,TSRYS5810883,D,S,T,2024-06-27,1000000.00,4.582425,100.546875
08:00:34,912810UB2,TSRYS5810883,D,S,T,2024-06-27,1000000.00,4.582425,100.546875
08:00:34,912810UB2,TSRYS5810883,D,S,T,2024-06-27,1000000.00,4.582425,100.546875
08:00:34,912810UB2,TSRYS5810883,D,S,T,2024-06-27,1000000.00,4.582425,100.546875
08:00:34,912810UB2,TSRYS5810883,D,S,T,2024-06-27,1000000.00,4.580022,100.578125
08:00:34,912810UB2,TSRYS5810883,D,S,T,2024-06-27,1000000.00,4.582425,100.546875
08:00:34,912810UB2,TSRYS5810883,D,S,T,2024-06-27,1000000.00,4.587082,100.486328125
08:00:34,912810UB2,TSRYS5810883,D,S,T,2024-06-27,1000000.00,4.587233,100.484375
08:00:34,912810UB2,TSRYS5810883,D,S,T,2024-06-27,3000000.00,4.587233,100.484375
08:00:34,912810UB2,TSRYS5810883,D,S,T,2024-06-27,4000000.00,4.587233,100.484375
08:00:34,912810UB2,TSRYS5810883,D,S,T,2024-06-27,3000000.00,4.587233,100.484375
08:00:34,912810UB2,TSRYS5810883,D,S,T,2024-06-27,1000000.00,4.587233,100.484375
08:00:34,912810UB2,TSRYS5810883,D,S,T,2024-06-27,2000000.00,4.587233,100.484375
08:00:34,912810UB2,TSRYS5810883,D,S,T,2024-06-27,5000000.00,4.587233,100.484375
08:00:34,912810UB2,TSRYS5810883,D,B,C,2024-06-27,20000000.00,4.586932,100.48828125
08:00:34,912810UB2,TSRYS5810883,D,S,T,2024-06-27,1000000.00,4.580022,100.578125
08:00:37,912810UB2,TSRYS5810883,D,S,D,2024-06-27,310000.00,4.57292,100.670584677
08:00:37,912810UB2,TSRYS5810883,D,S,D,2024-06-27,310000.00,4.569921,100.709647177
08:00:38,912810UB2,TSRYS5810883,D,S,A,2024-06-27,3500000.00,4.581524,100.55859375
08:00:39,912810UB2,TSRYS5810883,D,S,C,2024-06-27,1000000.00,4.57642,100.625
08:00:41,912810UB2,TSRYS5810883,D,S,D,2024-06-27,52000.00,4.57612,100.62890625
08:00:44,912810UB2,TSRYS5810883,D,S,C,2024-06-27,3640000.00,4.568035,100.734375
08:00:46,912810UB2,TSRYS5810883,D,S,D,2024-06-27,15000000.00,4.583256,100.53607
08:00:49,912810UB2,TSRYS5810883,D,S,A,2024-06-27,50000.00,4.57402,100.65625
08:00:54,912810UB2,TSRYS5810883,D,S,D,2024-06-27,15000000.00,4.584193,100.52388
08:00:54,912810UB2,TSRYS5810883,D,S,D,2024-06-27,3640000.00,4.568035,100.734375
08:00:55,912810UB2,TSRYS5810883,D,S,D,2024-06-27,10000000.00,4.582193,100.54989
08:00:56,912810UB2,TSRYS5810883,D,S,C,2024-06-27,52000.00,4.57612,100.63852163462
08:00:57,912810UB2,TSRYS5810883,D,S,A,2024-06-27,2200000.00,4.582425,100.546875
08:00:58,912810UB2,TSRYS5810883,D,S,D,2024-06-27,1000000.00,4.579722,100.58203125
08:00:59,912810UB2,TSRYS5810883,D,S,D,2024-06-27,1000000.00,4.566826,100.75
08:00:59,912810UB2,TSRYS5810883,D,S,D,2024-06-27,1000000.00,4.566826,100.75
08:00:59,912810UB2,TSRYS5810883,D,S,D,2024-06-27,1000000.00,4.566826,100.75
08:00:59,912810UB2,TSRYS5810883,D,B,A,2024-06-27,3500000.00,4.581524,100.55859375
08:01:00,912810UB2,TSRYS5810883,D,S,D,2024-06-27,1000000.00,4.589037,100.4609375
08:01:00,912810UB2,TSRYS5810883,D,B,C,2024-06-27,1000000.00,4.582725,100.54296875
08:01:00,912810UB2,TSRYS5810883,D,B,C,2024-06-27,1000000.00,4.583025,100.5390625
08:01:00,912810UB2,TSRYS5810883,D,S,D,2024-06-27,1000000.00,4.583626,100.53125
08:01:00,912810UB2,TSRYS5810883,D,S,D,2024-06-27,1000000.00,4.583626,100.53125
08:01:00,912810UB2,TSRYS5810883,D,S,D,2024-06-27,1000000.00,4.582725,100.54296875
08:01:00,912810UB2,TSRYS5810883,D,S,D,2024-06-27,1000000.00,4.584828,100.515625
08:01:00,912810UB2,TSRYS5810883,D,S,D,2024-06-27,1000000.00,4.581223,100.5625
08:01:00,912810UB2,TSRYS5810883,D,B,C,2024-06-27,1000000.00,4.583626,100.53125
08:01:00,912810UB2,TSRYS5810883,D,S,D,2024-06-27,1000000.00,4.580623,100.5703125
08:01:00,912810UB2,TSRYS5810883,D,S,C,2024-06-27,1000000.00,4.583025,100.5390625
08:01:00,912810UB2,TSRYS5810883,D,B,C,2024-06-27,1000000.00,4.580623,100.5703125
08:01:00,912810UB2,TSRYS5810883,D,S,D,2024-06-27,1000000.00,4.58603,100.5
08:01:00,912810UB2,TSRYS5810883,D,B,C,2024-06-27,1000000.00,4.581223,100.5625
08:01:00,912810UB2,TSRYS5810883,D,B,C,2024-06-27,1000000.00,4.584828,100.515625
08:01:00,912810UB2,TSRYS5810883,D,S,D,2024-06-27,1000000.00,4.583626,100.53125
08:01:00,912810UB2,TSRYS5810883,D,B,C,2024-06-27,1000000.00,4.58603,100.5
08:01:00,912810UB2,TSRYS5810883,D,S,D,2024-06-27,1000000.00,4.57642,100.625
08:01:00,912810UB2,TSRYS5810883,D,B,C,2024-06-27,1000000.00,4.583626,100.53125
08:01:00,912810UB2,TSRYS5810883,D,B,C,2024-06-27,1000000.00,4.57732,100.61328125
08:01:00,912810UB2,TSRYS5810883,D,S,C,2024-06-27,1000000.00,4.57732,100.61328125
08:01:00,912810UB2,TSRYS5810883,D,S,C,2024-06-27,1000000.00,4.57462,100.6484375
08:01:00,912810UB2,TSRYS5810883,D,B,C,2024-06-27,1000000.00,4.57612,100.62890625
08:01:00,912810UB2,TSRYS5810883,D,B,C,2024-06-27,1000000.00,4.57492,100.64453125
08:01:00,912810UB2,TSRYS5810883,D,B,C,2024-06-27,1000000.00,4.57462,100.6484375
08:01:00,912810UB2,TSRYS5810883,D,B,C,2024-06-27,1000000.00,4.57342,100.6640625
08:01:00,912810UB2,TSRYS5810883,D,S,D,2024-06-27,1000000.00,4.57612,100.62890625
08:01:00,912810UB2,TSRYS5810883,D,S,D,2024-06-27,1000000.00,4.57342,100.6640625
08:01:00,912810UB2,TSRYS5810883,D,S,D,2024-06-27,1000000.00,4.57492,100.64453125
08:01:00,912810UB2,TSRYS5810883,D,S,D,2024-06-27,1000000.00,4.579722,100.58203125
08:01:01,912810UB2,TSRYS5810883,D,B,C,2024-06-27,1000000.00,4.57492,100.64453125
08:01:01,912810UB2,TSRYS5810883,D,S,C,2024-06-27,1000000.00,4.569523,100.71484375
08:01:01,912810UB2,TSRYS5810883,D,S,C,2024-06-27,1000000.00,4.57492,100.64453125
08:01:01,912810UB2,TSRYS5810883,D,B,C,2024-06-27,1000000.00,4.570122,100.70703125
08:01:01,912810UB2,TSRYS5810883,D,S,D,2024-06-27,1000000.00,4.570122,100.70703125
08:01:01,912810UB2,TSRYS5810883,D,B,C,2024-06-27,1000000.00,4.568324,100.73046875
08:01:01,912810UB2,TSRYS5810883,D,S,T,2024-06-27,1000000.00,4.564587,100.779196875
08:01:01,912810UB2,TSRYS5810883,D,S,D,2024-06-27,1000000.00,4.568324,100.73046875
08:01:01,912810UB2,TSRYS5810883,D,S,C,2024-06-27,1000000.00,4.567125,100.74609375
08:01:01,912810UB2,TSRYS5810883,D,B,C,2024-06-27,1000000.00,4.566227,100.7578125
08:01:01,912810UB2,TSRYS5810883,D,S,D,2024-06-27,1000000.00,4.566227,100.7578125
08:01:01,912810UB2,TSRYS5810883,D,S,D,2024-06-27,1000000.00,4.565328,100.76953125
08:01:01,912810UB2,TSRYS5810883,D,B,C,2024-06-27,1000000.00,4.565328,100.76953125
08:01:01,912810UB2,TSRYS5810883,D,S,D,2024-06-27,1000000.00,4.56413,100.78515625
08:01:01,912810UB2,TSRYS5810883,D,B,C,2024-06-27,1000000.00,4.56413,100.78515625
08:01:01,912810UB2,TSRYS5810883,D,S,T,2024-06-27,1000000.00,4.57402,100.65625
08:01:01,912810UB2,TSRYS5810883,D,S,D,2024-06-27,1000000.00,4.566826,100.75
08:01:01,912810UB2,TSRYS5810883,D,S,D,2024-06-27,1000000.00,4.566826,100.75
08:01:01,912810UB2,TSRYS5810883,D,S,D,2024-06-27,1000000.00,4.566826,100.75
08:01:02,912810UB2,TSRYS5810883,D,B,A,2024-06-27,1400000.00,4.57642,100.625
08:01:02,912810UB2,TSRYS5810883,D,S,A,2024-06-27,2200000.00,4.582425,100.546875
08:01:02,912810UB2,TSRYS5810883,D,B,A,2024-06-27,1400000.00,4.583025,100.5390625
08:01:03,912810UB2,TSRYS5810883,D,S,C,2024-06-27,1000000.00,4.577621,100.609375
08:01:04,912810UB2,TSRYS5810883,D,B,A,2024-06-27,2200000.00,4.582425,100.546875
08:01:05,912810UB2,TSRYS5810883,D,S,D,2024-06-27,1000000.00,4.580022,100.578125
08:01:05,912810UB2,TSRYS5810883,D,S,D,2024-06-27,1000000.00,4.580022,100.578125
08:01:05,912810UB2,TSRYS5810883,D,S,D,2024-06-27,1000000.00,4.580022,100.578125
08:01:05,912810UB2,TSRYS5810883,D,S,D,2024-06-27,1000000.00,4.579872,100.580078125
08:01:06,912810UB2,TSRYS5810883,D,S,D,2024-06-27,1000000.00,4.566826,100.75
08:01:06,912810UB2,TSRYS5810883,D,S,D,2024-06-27,1000000.00,4.566826,100.75
08:01:06,912810UB2,TSRYS5810883,D,S,D,2024-06-27,1000000.00,4.566826,100.75
08:01:06,912810UB2,TSRYS5810883,D,S,D,2024-06-27,1000000.00,4.566826,100.75
08:01:07,912810UB2,TSRYS5810883,D,B,C,2024-06-27,1000000.00,4.581223,100.5625
08:01:07,912810UB2,TSRYS5810883,D,S,D,2024-06-27,1000000.00,4.581223,100.5625
08:01:08,912810UB2,TSRYS5810883,D,S,D,2024-06-27,1000000.00,4.570422,100.703125
08:01:08,912810UB2,TSRYS5810883,D,S,D,2024-06-27,1000000.00,4.570422,100.703125
08:01:11,912810UB2,TSRYS5810883,D,S,C,2024-06-27,212000.00,4.569822,100.7109375
08:01:11,912810UB2,TSRYS5810883,D,B,C,2024-06-27,65000.00,4.568923,100.72265625
08:01:11,912810UB2,TSRYS5810883,D,S,C,2024-06-27,310000.00,4.572821,100.671875
08:01:11,912810UB2,TSRYS5810883,D,S,D,2024-06-27,310000.00,4.569822,100.7109375
08:01:11,912810UB2,TSRYS5810883,D,S,T,2024-06-27,1000000.00,4.573428,100.6639625
08:01:11,912810UB2,TSRYS5810883,D,S,T,2024-06-27,2000000.00,4.573428,100.6639625
08:01:11,912810UB2,TSRYS5810883,D,S,T,2024-06-27,2000000.00,4.575078,100.642478125
08:01:11,912810UB2,TSRYS5810883,D,S,T,2024-06-27,1000000.00,4.575228,100.640525
08:01:12,912810UB2,TSRYS5810883,D,B,C,2024-06-27,10000000.00,4.574495,100.6500719
08:01:13,912810UB2,TSRYS5810883,D,S,D,2024-06-27,190000.00,4.566826,100.75
08:01:13,912810UB2,TSRYS5810883,D,S,A,2024-06-27,20000.00,4.56443,100.78125
08:01:13,912810UB2,TSRYS5810883,D,B,A,2024-06-27,700000.00,4.563531,100.79296875
08:01:13,912810UB2,TSRYS5810883,D,B,A,2024-06-27,1400000.00,4.565029,100.7734375
08:01:13,912810UB2,TSRYS5810883,D,S,D,2024-06-27,1000000.00,4.566826,100.75
08:01:16,912810UB2,TSRYS5810883,D,S,D,2024-06-27,3000000.00,4.581223,100.5625
08:01:16,912810UB2,TSRYS5810883,D,B,C,2024-06-27,3000000.00,4.581223,100.5625
08:01:16,912810UB2,TSRYS5810883,D,S,D,2024-06-27,1000000.00,4.581223,100.5625
08:01:16,912810UB2,TSRYS5810883,D,S,D,2024-06-27,1000000.00,4.581223,100.5625
08:01:16,912810UB2,TSRYS5810883,D,B,C,2024-06-27,1000000.00,4.581223,100.562325
08:01:16,912810UB2,TSRYS5810883,D,B,A,2024-06-27,168000.00,4.57522,100.640625
08:01:19,912810UB2,TSRYS5810883,D,S,T,2024-06-27,3000000.00,4.574037,100.656025
08:01:19,912810UB2,TSRYS5810883,D,S,T,2024-06-27,1000000.00,4.576437,100.624775
08:01:21,912810UB2,TSRYS5810883,D,S,A,2024-06-27,3328000.00,4.571996,100.682617188
08:01:22,912810UB2,TSRYS5810883,D,B,C,2024-06-27,8800000.00,4.582425,100.546875
08:01:22,912810UB2,TSRYS5810883,D,S,T,2024-06-27,1000000.00,4.580022,100.578125
08:01:22,912810UB2,TSRYS5810883,D,S,T,2024-06-27,1000000.00,4.58003,100.578025
08:01:22,912810UB2,TSRYS5810883,D,S,T,2024-06-27,2000000.00,4.580022,100.578125
08:01:22,912810UB2,TSRYS5810883,D,S,T,2024-06-27,1000000.00,4.580022,100.578125
08:01:23,912810UB2,TSRYS5810883,D,S,T,2024-06-27,1000000.00,4.578821,100.59375
08:01:23,912810UB2,TSRYS5810883,D,S,T,2024-06-27,1000000.00,4.578821,100.59375
08:01:23,912810UB2,TSRYS5810883,D,S,T,2024-06-27,1000000.00,4.578821,100.59375
08:01:23,912810UB2,TSRYS5810883,D,B,C,2024-06-27,1000000.00,4.579722,100.58203125
08:01:23,912810UB2,TSRYS5810883,D,B,C,2024-06-27,1000000.00,4.579722,100.58203125
08:01:25,912810UB2,TSRYS5810883,D,S,C,2024-06-27,1000000.00,4.570422,100.703125
08:01:25,912810UB2,TSRYS5810883,D,S,C,2024-06-27,1000000.00,4.570422,100.703125
08:01:25,912810UB2,TSRYS5810883,D,B,C,2024-06-27,1000000.00,4.570422,100.703125
08:01:25,912810UB2,TSRYS5810883,D,B,C,2024-06-27,1000000.00,4.570422,100.703125
08:01:25,912810UB2,TSRYS5810883,D,B,C,2024-06-27,1000000.00,4.570422,100.703125
08:01:25,912810UB2,TSRYS5810883,D,S,C,2024-06-27,1000000.00,4.570422,100.703125
08:01:25,912810UB2,TSRYS5810883,D,S,C,2024-06-27,1000000.00,4.570422,100.703125
08:01:25,912810UB2,TSRYS5810883,D,B,C,2024-06-27,1000000.00,4.570422,100.703125
08:01:25,912810UB2,TSRYS5810883,D,S,C,2024-06-27,1000000.00,4.570422,100.703125
08:01:25,912810UB2,TSRYS5810883,D,B,C,2024-06-27,1000000.00,4.570422,100.703125
08:01:25,912810UB2,TSRYS5810883,D,B,C,2024-06-27,1000000.00,4.570422,100.703125
08:01:25,912810UB2,TSRYS5810883,D,S,D,2024-06-27,1000000.00,4.570422,100.703125
08:01:25,912810UB2,TSRYS5810883,D,B,C,2024-06-27,1000000.00,4.570422,100.703125
08:01:25,912810UB2,TSRYS5810883,D,S,C,2024-06-27,1000000.00,4.570422,100.703125
08:01:25,912810UB2,TSRYS5810883,D,B,C,2024-06-27,1000000.00,4.570422,100.703125
08:01:25,912810UB2,TSRYS5810883,D,S,D,2024-06-27,1000000.00,4.570422,100.703125
08:01:25,912810UB2,TSRYS5810883,D,S,C,2024-06-27,1000000.00,4.570422,100.703125
08:01:25,912810UB2,TSRYS5810883,D,B,C,2024-06-27,1000000.00,4.570422,100.703125
08:01:25,912810UB2,TSRYS5810883,D,B,C,2024-06-27,1000000.00,4.570422,100.703125
08:01:25,912810UB2,TSRYS5810883,D,S,D,2024-06-27,1000000.00,4.570422,100.703125
08:01:25,912810UB2,TSRYS5810883,D,B,C,2024-06-27,1000000.00,4.570422,100.703125
08:01:25,912810UB2,TSRYS5810883,D,B,C,2024-06-27,1000000.00,4.570422,100.703125
08:01:25,912810UB2,TSRYS5810883,D,S,D,2024-06-27,1000000.00,4.570422,100.703125
08:01:25,912810UB2,TSRYS5810883,D,S,D,2024-06-27,1000000.00,4.570422,100.703125
08:01:25,912810UB2,TSRYS5810883,D,S,C,2024-06-27,1000000.00,4.570422,100.703125
08:01:25,912810UB2,TSRYS5810883,D,S,D,2024-06-27,1000000.00,4.570422,100.703125
08:01:25,912810UB2,TSRYS5810883,D,B,C,2024-06-27,1000000.00,4.570422,100.703125
08:01:25,912810UB2,TSRYS5810883,D,B,C,2024-06-27,1000000.00,4.570422,100.703125
08:01:25,912810UB2,TSRYS5810883,D,S,C,2024-06-27,1000000.00,4.570422,100.703125
08:01:25,912810UB2,TSRYS5810883,D,B,C,2024-06-27,1000000.00,4.570422,100.703125
08:01:25,912810UB2,TSRYS5810883,D,S,C,2024-06-27,1000000.00,4.570422,100.703125
08:01:25,912810UB2,TSRYS5810883,D,B,C,2024-06-27,1000000.00,4.570422,100.703125
08:01:25,912810UB2,TSRYS5810883,D,B,C,2024-06-27,1000000.00,4.570422,100.703125
08:01:25,912810UB2,TSRYS5810883,D,S,C,2024-06-27,1000000.00,4.570422,100.703125
08:01:25,912810UB2,TSRYS5810883,D,S,C,2024-06-27,1000000.00,4.570422,100.703125
08:01:25,912810UB2,TSRYS5810883,D,B,C,2024-06-27,1000000.00,4.570422,100.703125
08:01:25,912810UB2,TSRYS5810883,D,S,C,2024-06-27,1000000.00,4.570422,100.703125
08:01:25,912810UB2,TSRYS5810883,D,B,C,2024-06-27,1000000.00,4.570422,100.703125
08:01:25,912810UB2,TSRYS5810883,D,B,C,2024-06-27,1000000.00,4.57462,100.6484375
08:01:25,912810UB2,TSRYS5810883,D,S,D,2024-06-27,1000000.00,4.57462,100.6484375
08:01:25,912810UB2,TSRYS5810883,D,S,T,2024-06-27,1000000.00,4.583626,100.53125
08:01:25,912810UB2,TSRYS5810883,D,S,T,2024-06-27,1000000.00,4.583626,100.53125
08:01:26,912810UB2,TSRYS5810883,D,S,T,2024-06-27,2000000.00,4.583626,100.53125
08:01:26,912810UB2,TSRYS5810883,D,S,T,2024-06-27,1000000.00,4.583626,100.53125
08:01:26,912810UB2,TSRYS5810883,D,S,T,2024-06-27,2000000.00,4.586331,100.49609375
08:01:26,912810UB2,TSRYS5810883,D,S,A,2024-06-27,29700.00,4.580595,100.5703125
08:01:26,912810UB2,TSRYS5810883,D,B,C,2024-06-27,1000000.00,4.57492,100.64453125
08:01:26,912810UB2,TSRYS5810883,D,S,D,2024-06-27,1000000.00,4.57492,100.64453125
08:01:26,912810UB2,TSRYS5810883,D,S,T,2024-06-27,1000000.00,4.583638,100.5311
08:01:26,912810UB2,TSRYS5810883,D,S,T,2024-06-27,1000000.00,4.583638,100.5311
08:01:26,912810UB2,TSRYS5810883,D,S,T,2024-06-27,1000000.00,4.583638,100.5311
08:01:26,912810UB2,TSRYS5810883,D,S,T,2024-06-27,1000000.00,4.583638,100.5311
08:01:26,912810UB2,TSRYS5810883,D,S,T,2024-06-27,1000000.00,4.583638,100.5311
08:01:26,912810UB2,TSRYS5810883,D,S,T,2024-06-27,1000000.00,4.583638,100.5311
08:01:26,912810UB2,TSRYS5810883,D,S,T,2024-06-27,1000000.00,4.583638,100.5311
08:01:26,912810UB2,TSRYS5810883,D,S,T,2024-06-27,1000000.00,4.586042,100.49985
08:01:27,912810UB2,TSRYS5810883,D,S,T,2024-06-27,1000000.00,4.57402,100.65625
08:01:27,912810UB2,TSRYS5810883,D,S,T,2024-06-27,1000000.00,4.57402,100.65625
08:01:27,912810UB2,TSRYS5810883,D,S,D,2024-06-27,1000000.00,4.581223,100.5625
08:01:28,912810UB2,TSRYS5810883,D,S,T,2024-06-27,1000000.00,4.57402,100.65625
08:01:28,912810UB2,TSRYS5810883,D,B,A,2024-06-27,600000.00,4.580623,100.5703125
08:01:29,912810UB2,TSRYS5810883,D,S,T,2024-06-27,1000000.00,4.580923,100.56640625
08:01:29,912810UB2,TSRYS5810883,D,B,C,2024-06-27,20000000.00,4.583767,100.52942
08:01:29,912810UB2,TSRYS5810883,D,S,A,2024-06-27,156000.00,4.581223,100.5625
08:01:29,912810UB2,TSRYS5810883,D,S,A,2024-06-27,80000.00,4.581223,100.5625
08:01:29,912810UB2,TSRYS5810883,D,S,D,2024-06-27,1000000.00,4.583626,100.53125
08:01:29,912810UB2,TSRYS5810883,D,S,D,2024-06-27,1000000.00,4.583626,100.53125
08:01:29,912810UB2,TSRYS5810883,D,S,D,2024-06-27,1000000.00,4.583626,100.53125
08:01:30,912810UB2,TSRYS5810883,D,B,C,2024-06-27,800000.00,4.582124,100.55078125
08:01:30,912810UB2,TSRYS5810883,D,S,T,2024-06-27,1000000.00,4.57402,100.65625
08:01:32,912810UB2,TSRYS5810883,D,B,C,2024-06-27,1000000.00,4.583626,100.53125
08:01:32,912810UB2,TSRYS5810883,D,S,D,2024-06-27,1000000.00,4.583626,100.53125
08:01:32,912810UB2,TSRYS5810883,D,S,D,2024-06-27,1000000.00,4.583626,100.53125
08:01:33,912810UB2,TSRYS5810883,D,S,D,2024-06-27,1000000.00,4.583626,100.53125
08:01:33,912810UB2,TSRYS5810883,D,B,C,2024-06-27,1000000.00,4.583626,100.53125
08:01:33,912810UB2,TSRYS5810883,D,S,C,2024-06-27,1000000.00,4.583626,100.53125
08:01:33,912810UB2,TSRYS5810883,D,B,C,2024-06-27,1000000.00,4.583626,100.53125
08:01:33,912810UB2,TSRYS5810883,D,S,C,2024-06-27,2100000.00,4.58603,100.5
08:01:33,912810UB2,TSRYS5810883,D,S,D,2024-06-27,1000000.00,4.583626,100.53125
08:01:33,912810UB2,TSRYS5810883,D,S,D,2024-06-27,2000000.00,4.583626,100.53125
08:01:33,912810UB2,TSRYS5810883,D,S,D,2024-06-27,9000000.00,4.579719,100.58207
08:01:33,912810UB2,TSRYS5810883,D,S,D,2024-06-27,1000000.00,4.583626,100.53125
08:01:33,912810UB2,TSRYS5810883,D,S,D,2024-06-27,1000000.00,4.583626,100.53125
08:01:38,912810UB2,TSRYS5810883,D,B,C,2024-06-27,1000000.00,4.589037,100.4609375
08:01:39,912810UB2,TSRYS5810883,D,S,C,2024-06-27,2000000.00,4.586331,100.49609375
08:01:43,912810UB2,TSRYS5810883,D,S,A,2024-06-27,2080000.00,4.565906,100.762
08:01:48,912810UB2,TSRYS5810883,D,B,C,2024-06-27,1000000.00,4.589037,100.4609375
08:01:53,912810UB2,TSRYS5810883,D,S,D,2024-06-27,1000000.00,4.584377,100.52148437
08:01:53,912810UB2,TSRYS5810883,D,S,T,2024-06-27,1000000.00,4.584528,100.51953125
08:01:53,912810UB2,TSRYS5810883,D,S,D,2024-06-27,1000000.00,4.584528,100.51953125
08:01:53,912810UB2,TSRYS5810883,D,S,D,2024-06-27,1000000.00,4.584528,100.51953125
08:01:53,912810UB2,TSRYS5810883,D,S,T,2024-06-27,1000000.00,4.584528,100.51953125
08:01:53,912810UB2,TSRYS5810883,D,S,D,2024-06-27,1000000.00,4.584528,100.51953125
08:01:53,912810UB2,TSRYS5810883,D,S,C,2024-06-27,1000000.00,4.584377,100.52148437
08:01:53,912810UB2,TSRYS5810883,D,S,T,2024-06-27,1000000.00,4.584377,100.52148437
08:01:53,912810UB2,TSRYS5810883,D,S,T,2024-06-27,1000000.00,4.584528,100.51953125
08:01:53,912810UB2,TSRYS5810883,D,S,D,2024-06-27,1000000.00,4.584528,100.51953125
08:01:53,912810UB2,TSRYS5810883,D,S,T,2024-06-27,1000000.00,4.584528,100.51953125
08:01:53,912810UB2,TSRYS5810883,D,S,T,2024-06-27,1000000.00,4.582124,100.55078125
08:01:54,912810UB2,TSRYS5810883,D,S,D,2024-06-27,1000000.00,4.582124,100.55078125
08:01:54,912810UB2,TSRYS5810883,D,S,D,2024-06-27,1000000.00,4.584528,100.51953125
08:01:54,912810UB2,TSRYS5810883,D,S,D,2024-06-27,1000000.00,4.584528,100.51953125
08:01:58,912810UB2,TSRYS5810883,D,S,D,2024-06-27,3097000.00,4.580022,100.578125
08:02:00,912810UB2,TSRYS5810883,D,S,A,2024-06-27,1000000.00,4.583927,100.52734375
08:02:00,912810UB2,TSRYS5810883,D,B,C,2024-06-27,1000000.00,4.57402,100.65625
08:02:00,912810UB2,TSRYS5810883,D,S,C,2024-06-27,1000000.00,4.574007,100.656425
08:02:00,912810UB2,TSRYS5810883,D,S,C,2024-06-27,1000000.00,4.572807,100.67205
08:02:00,912810UB2,TSRYS5810883,D,B,C,2024-06-27,1000000.00,4.57402,100.65625
08:02:00,912810UB2,TSRYS5810883,D,S,C,2024-06-27,1000000.00,4.574007,100.656425
08:02:00,912810UB2,TSRYS5810883,D,B,C,2024-06-27,1000000.00,4.57522,100.640625
08:02:00,912810UB2,TSRYS5810883,D,S,C,2024-06-27,1000000.00,4.575207,100.6408
08:02:00,912810UB2,TSRYS5810883,D,S,C,2024-06-27,1000000.00,4.577607,100.60955
08:02:01,912810UB2,TSRYS5810883,D,S,C,2024-06-27,1000000.00,4.588435,100.46875
08:02:01,912810UB2,TSRYS5810883,D,B,C,2024-06-27,1000000.00,4.587233,100.484375
08:02:01,912810UB2,TSRYS5810883,D,S,D,2024-06-27,1000000.00,4.587233,100.484375
08:02:01,912810UB2,TSRYS5810883,D,S,C,2024-06-27,1000000.00,4.58121,100.562675
08:02:02,912810UB2,TSRYS5810883,D,S,D,2024-06-27,1000000.00,4.580011,100.578275
08:02:02,912810UB2,TSRYS5810883,D,B,C,2024-06-27,1000000.00,4.580022,100.578125
08:02:02,912810UB2,TSRYS5810883,D,S,C,2024-06-27,1000000.00,4.580022,100.578125
08:02:02,912810UB2,TSRYS5810883,D,B,C,2024-06-27,1000000.00,4.580037,100.577925
08:02:02,912810UB2,TSRYS5810883,D,S,C,2024-06-27,1000000.00,4.580022,100.578125
08:02:02,912810UB2,TSRYS5810883,D,B,C,2024-06-27,1000000.00,4.581223,100.5625
08:02:02,912810UB2,TSRYS5810883,D,S,C,2024-06-27,1000000.00,4.58121,100.562675
08:02:02,912810UB2,TSRYS5810883,D,S,A,2024-06-27,6900.00,4.5842,100.5234375
08:02:02,912810UB2,TSRYS5810883,D,S,C,2024-06-27,1000000.00,4.582411,100.54705
08:02:02,912810UB2,TSRYS5810883,D,S,C,2024-06-27,1000000.00,4.582411,100.54705
08:02:02,912810UB2,TSRYS5810883,D,S,C,2024-06-27,1000000.00,4.582411,100.54705
08:02:04,912810UB2,TSRYS5810883,D,S,D,2024-06-27,405000.00,4.566826,100.75
08:02:04,912810UB2,TSRYS5810883,D,S,C,2024-06-27,1000000.00,4.58121,100.562675
08:02:04,912810UB2,TSRYS5810883,D,S,C,2024-06-27,1000000.00,4.582411,100.54705
08:02:04,912810UB2,TSRYS5810883,D,S,C,2024-06-27,1000000.00,4.586015,100.5002
08:02:04,912810UB2,TSRYS5810883,D,S,C,2024-06-27,1000000.00,4.586015,100.5002
08:02:04,912810UB2,TSRYS5810883,D,S,C,2024-06-27,1000000.00,4.58603,100.5
08:02:04,912810UB2,TSRYS5810883,D,B,C,2024-06-27,1000000.00,4.584843,100.515425
08:02:04,912810UB2,TSRYS5810883,D,S,C,2024-06-27,1000000.00,4.584815,100.5158
08:02:04,912810UB2,TSRYS5810883,D,B,C,2024-06-27,1000000.00,4.584828,100.515625
08:02:04,912810UB2,TSRYS5810883,D,S,C,2024-06-27,1000000.00,4.584815,100.5158
08:02:04,912810UB2,TSRYS5810883,D,S,C,2024-06-27,2000000.00,4.584815,100.5158
08:02:04,912810UB2,TSRYS5810883,D,S,C,2024-06-27,1000000.00,4.584815,100.5158
08:02:06,912810UB2,TSRYS5810883,D,B,C,2024-06-27,1000000.00,4.58244,100.546675
08:02:06,912810UB2,TSRYS5810883,D,B,A,2024-06-27,2200000.00,4.582425,100.546875
08:02:07,912810UB2,TSRYS5810883,D,S,A,2024-06-27,5000000.00,4.580022,100.578125
08:02:07,912810UB2,TSRYS5810883,D,S,C,2024-06-27,1000000.00,4.590841,100.4375
08:02:07,912810UB2,TSRYS5810883,D,S,C,2024-06-27,1000000.00,4.590841,100.4375
08:02:09,912810UB2,TSRYS5810883,D,S,A,2024-06-27,27036000.00,4.580022,100.578125
08:02:09,912810UB2,TSRYS5810883,D,B,C,2024-06-27,1000000.00,4.588435,100.46875
08:02:09,912810UB2,TSRYS5810883,D,S,D,2024-06-27,1000000.00,4.588435,100.46875
08:02:16,912810UB2,TSRYS5810883,D,S,C,2024-06-27,2000000.00,4.588897,100.46275
08:02:19,912810UB2,TSRYS5810883,D,S,A,2024-06-27,3000000.00,4.582124,100.55078125
08:02:19,912810UB2,TSRYS5810883,D,S,A,2024-06-27,1000000.00,4.582124,100.55078125
08:02:20,912810UB2,TSRYS5810883,D,B,C,2024-06-27,1000000.00,4.56413,100.78515625
08:02:20,912810UB2,TSRYS5810883,D,S,T,2024-06-27,1000000.00,4.564879,100.77539062
08:02:20,912810UB2,TSRYS5810883,D,S,T,2024-06-27,1000000.00,4.564879,100.77539062
08:02:20,912810UB2,TSRYS5810883,D,S,T,2024-06-27,1000000.00,4.564879,100.77539062
08:02:20,912810UB2,TSRYS5810883,D,S,D,2024-06-27,1000000.00,4.564879,100.77539062
08:02:20,912810UB2,TSRYS5810883,D,S,T,2024-06-27,1000000.00,4.564879,100.77539062
08:02:20,912810UB2,TSRYS5810883,D,S,D,2024-06-27,1000000.00,4.564879,100.77539062
08:02:20,912810UB2,TSRYS5810883,D,S,D,2024-06-27,1000000.00,4.564879,100.77539062
08:02:20,912810UB2,TSRYS5810883,D,S,D,2024-06-27,1000000.00,4.564879,100.77539062
08:02:20,912810UB2,TSRYS5810883,D,S,T,2024-06-27,1000000.00,4.564879,100.77539062
08:02:20,912810UB2,TSRYS5810883,D,S,A,2024-06-27,3000000.00,4.581223,100.5625
08:02:20,912810UB2,TSRYS5810883,D,S,T,2024-06-27,1000000.00,4.564729,100.77734375
08:02:20,912810UB2,TSRYS5810883,D,S,D,2024-06-27,1000000.00,4.564729,100.77734375
08:02:20,912810UB2,TSRYS5810883,D,S,D,2024-06-27,1000000.00,4.564729,100.77734375
08:02:20,912810UB2,TSRYS5810883,D,S,D,2024-06-27,1000000.00,4.564729,100.77734375
08:02:20,912810UB2,TSRYS5810883,D,S,D,2024-06-27,1000000.00,4.582425,100.546875
08:02:21,912810UB2,TSRYS5810883,D,S,A,2024-06-27,1000000.00,4.581223,100.5625
08:02:21,912810UB2,TSRYS5810883,D,S,A,2024-06-27,1000000.00,4.581223,100.5625
08:02:21,912810UB2,TSRYS5810883,D,S,T,2024-06-27,1000000.00,4.582725,100.54296875
08:02:21,912810UB2,TSRYS5810883,D,S,T,2024-06-27,1000000.00,4.582875,100.541015625
08:02:21,912810UB2,TSRYS5810883,D,S,T,2024-06-27,1000000.00,4.582425,100.546875
08:02:21,912810UB2,TSRYS5810883,D,S,T,2024-06-27,1000000.00,4.582575,100.544921875
08:02:21,912810UB2,TSRYS5810883,D,S,T,2024-06-27,1000000.00,4.582575,100.544921875
08:02:21,912810UB2,TSRYS5810883,D,S,T,2024-06-27,1000000.00,4.582725,100.54296875
08:02:21,912810UB2,TSRYS5810883,D,S,T,2024-06-27,1000000.00,4.583176,100.537109375
08:02:21,912810UB2,TSRYS5810883,D,S,T,2024-06-27,1000000.00,4.583025,100.5390625
08:02:21,912810UB2,TSRYS5810883,D,S,T,2024-06-27,1000000.00,4.583176,100.537109375
08:02:21,912810UB2,TSRYS5810883,D,S,T,2024-06-27,1000000.00,4.582425,100.546875
08:02:21,912810UB2,TSRYS5810883,D,S,T,2024-06-27,1000000.00,4.583025,100.5390625
08:02:21,912810UB2,TSRYS5810883,D,S,T,2024-06-27,1000000.00,4.582274,100.548828125
08:02:21,912810UB2,TSRYS5810883,D,S,T,2024-06-27,1000000.00,4.582274,100.548828125
08:02:21,912810UB2,TSRYS5810883,D,S,T,2024-06-27,1000000.00,4.582274,100.548828125
08:02:21,912810UB2,TSRYS5810883,D,S,D,2024-06-27,3000000.00,4.581223,100.5625
08:02:21,912810UB2,TSRYS5810883,D,S,T,2024-06-27,1000000.00,4.583025,100.5390625
08:02:21,912810UB2,TSRYS5810883,D,B,C,2024-06-27,3000000.00,4.581239,100.5623
08:02:21,912810UB2,TSRYS5810883,D,B,C,2024-06-27,1000000.00,4.581237,100.562325
08:02:21,912810UB2,TSRYS5810883,D,S,D,2024-06-27,2000000.00,4.581223,100.5625
08:02:21,912810UB2,TSRYS5810883,D,S,D,2024-06-27,1000000.00,4.581223,100.5625
08:02:21,912810UB2,TSRYS5810883,D,S,A,2024-06-27,1000000.00,4.581223,100.5625
08:02:21,912810UB2,TSRYS5810883,D,S,A,2024-06-27,2000000.00,4.581223,100.5625
08:02:21,912810UB2,TSRYS5810883,D,S,A,2024-06-27,2000000.00,4.581223,100.5625
08:02:21,912810UB2,TSRYS5810883,D,S,A,2024-06-27,1000000.00,4.581223,100.5625
08:02:21,912810UB2,TSRYS5810883,D,S,A,2024-06-27,3000000.00,4.581223,100.5625
08:02:21,912810UB2,TSRYS5810883,D,S,A,2024-06-27,1000000.00,4.581223,100.5625
08:02:21,912810UB2,TSRYS5810883,D,S,A,2024-06-27,1000000.00,4.581223,100.5625
08:02:22,912810UB2,TSRYS5810883,D,S,C,2024-06-27,6000000.00,4.587834,100.4765625
08:02:22,912810UB2,TSRYS5810883,D,S,T,2024-06-27,1000000.00,4.577921,100.60546875
08:02:22,912810UB2,TSRYS5810883,D,S,T,2024-06-27,1000000.00,4.580322,100.57421875
08:02:22,912810UB2,TSRYS5810883,D,S,T,2024-06-27,1000000.00,4.582274,100.548828125
08:02:22,912810UB2,TSRYS5810883,D,S,T,2024-06-27,1000000.00,4.582425,100.546875
08:02:22,912810UB2,TSRYS5810883,D,S,T,2024-06-27,1000000.00,4.578071,100.603515625
08:02:22,912810UB2,TSRYS5810883,D,S,T,2024-06-27,1000000.00,4.578671,100.595703125
08:02:22,912810UB2,TSRYS5810883,D,S,T,2024-06-27,1000000.00,4.58603,100.5
08:02:22,912810UB2,TSRYS5810883,D,S,T,2024-06-27,1000000.00,4.58603,100.5
08:02:22,912810UB2,TSRYS5810883,D,S,T,2024-06-27,1000000.00,4.587233,100.484375
08:02:22,912810UB2,TSRYS5810883,D,B,C,2024-06-27,20000000.00,4.587564,100.48006875
08:02:22,912810UB2,TSRYS5810883,D,S,T,2024-06-27,1000000.00,4.58603,100.5
08:02:22,912810UB2,TSRYS5810883,D,S,T,2024-06-27,1000000.00,4.587233,100.484375
08:02:22,912810UB2,TSRYS5810883,D,S,T,2024-06-27,1000000.00,4.58603,100.5
08:02:22,912810UB2,TSRYS5810883,D,S,T,2024-06-27,1000000.00,4.58603,100.5
08:02:22,912810UB2,TSRYS5810883,D,S,T,2024-06-27,1000000.00,4.582575,100.544921875
08:02:22,912810UB2,TSRYS5810883,D,S,T,2024-06-27,2000000.00,4.58603,100.5
08:02:22,912810UB2,TSRYS5810883,D,S,T,2024-06-27,1000000.00,4.58603,100.5
08:02:22,912810UB2,TSRYS5810883,D,S,T,2024-06-27,1000000.00,4.58603,100.5
08:02:22,912810UB2,TSRYS5810883,D,S,T,2024-06-27,1000000.00,4.587233,100.484375
08:02:22,912810UB2,TSRYS5810883,D,S,T,2024-06-27,1000000.00,4.587233,100.484375
08:02:22,912810UB2,TSRYS5810883,D,S,T,2024-06-27,1000000.00,4.58603,100.5
08:02:22,912810UB2,TSRYS5810883,D,S,T,2024-06-27,1000000.00,4.587233,100.484375
08:02:22,912810UB2,TSRYS5810883,D,S,T,2024-06-27,1000000.00,4.58603,100.5
08:02:22,912810UB2,TSRYS5810883,D,S,T,2024-06-27,2000000.00,4.58603,100.5
08:02:22,912810UB2,TSRYS5810883,D,S,T,2024-06-27,1000000.00,4.58603,100.5
08:02:22,912810UB2,TSRYS5810883,D,S,T,2024-06-27,1000000.00,4.58603,100.5
08:02:22,912810UB2,TSRYS5810883,D,S,T,2024-06-27,1000000.00,4.585429,100.5078125
08:02:22,912810UB2,TSRYS5810883,D,S,T,2024-06-27,1000000.00,4.587684,100.478515625
08:02:22,912810UB2,TSRYS5810883,D,S,T,2024-06-27,1000000.00,4.587984,100.474609375
08:02:22,912810UB2,TSRYS5810883,D,S,C,2024-06-27,2950000.00,4.58603,100.5
08:02:22,912810UB2,TSRYS5810883,D,S,D,2024-06-27,255000.00,4.57612,100.62890625
08:02:22,912810UB2,TSRYS5810883,D,S,A,2024-06-27,50000.00,4.57402,100.65625
08:02:22,912810UB2,TSRYS5810883,D,S,T,2024-06-27,1000000.00,4.580022,100.578125
08:02:22,912810UB2,TSRYS5810883,D,S,T,2024-06-27,1000000.00,4.580022,100.578125
08:02:23,912810UB2,TSRYS5810883,D,S,T,2024-06-27,1000000.00,4.579872,100.580078125
08:02:23,912810UB2,TSRYS5810883,D,S,C,2024-06-27,3250000.00,4.578821,100.59375
08:02:26,912810UB2,TSRYS5810883,D,S,C,2024-06-27,8295000.00,4.571921,100.68359375
08:02:26,912810UB2,TSRYS5810883,D,S,C,2024-06-27,1000000.00,4.567125,100.74609375
08:02:26,912810UB2,TSRYS5810883,D,S,D,2024-06-27,3000000.00,4.580022,100.578125
08:02:26,912810UB2,TSRYS5810883,D,S,D,2024-06-27,1000000.00,4.567275,100.74414062
08:02:26,912810UB2,TSRYS5810883,D,B,C,2024-06-27,15000000.00,4.565301,100.76989
08:02:26,912810UB2,TSRYS5810883,D,S,C,2024-06-27,1000000.00,4.583626,100.53125
08:02:26,912810UB2,TSRYS5810883,D,B,C,2024-06-27,1000000.00,4.583644,100.531023
08:02:26,912810UB2,TSRYS5810883,D,S,C,2024-06-27,1000000.00,4.583626,100.53125
08:02:26,912810UB2,TSRYS5810883,D,B,C,2024-06-27,1000000.00,4.583644,100.531023
08:02:26,912810UB2,TSRYS5810883,D,B,C,2024-06-27,1000000.00,4.583644,100.531023
08:02:26,912810UB2,TSRYS5810883,D,S,D,2024-06-27,1000000.00,4.583626,100.53125
08:02:26,912810UB2,TSRYS5810883,D,S,D,2024-06-27,715000.00,4.571621,100.6875
08:02:26,912810UB2,TSRYS5810883,D,S,A,2024-06-27,7900000.00,4.571621,100.6875
08:02:26,912810UB2,TSRYS5810883,D,B,C,2024-06-27,1000000.00,4.584846,100.515398
08:02:26,912810UB2,TSRYS5810883,D,S,D,2024-06-27,1000000.00,4.584828,100.515625
08:02:26,912810UB2,TSRYS5810883,D,B,A,2024-06-27,7900000.00,4.571621,100.6875
08:02:26,912810UB2,TSRYS5810883,D,B,C,2024-06-27,1000000.00,4.583644,100.531023
08:02:26,912810UB2,TSRYS5810883,D,S,D,2024-06-27,1000000.00,4.583626,100.53125
08:02:26,912810UB2,TSRYS5810883,D,S,D,2024-06-27,1000000.00,4.582425,100.546875
08:02:26,912810UB2,TSRYS5810883,D,B,C,2024-06-27,1000000.00,4.582442,100.546648
08:02:26,912810UB2,TSRYS5810883,D,B,C,2024-06-27,1000000.00,4.583644,100.531023
08:02:26,912810UB2,TSRYS5810883,D,S,D,2024-06-27,1000000.00,4.583626,100.53125
08:02:27,912810UB2,TSRYS5810883,D,B,C,2024-06-27,1000000.00,4.57462,100.6484375
08:02:28,912810UB2,TSRYS5810883,D,B,C,2024-06-27,1000000.00,4.583644,100.531023
08:02:28,912810UB2,TSRYS5810883,D,S,D,2024-06-27,1000000.00,4.583626,100.53125
08:02:28,912810UB2,TSRYS5810883,D,B,C,2024-06-27,1000000.00,4.57492,100.64453125
08:02:28,912810UB2,TSRYS5810883,D,B,C,2024-06-27,1000000.00,4.57477,100.64648437
08:02:28,912810UB2,TSRYS5810883,D,S,A,2024-06-27,300000.00,4.57432,100.65234375
08:02:28,912810UB2,TSRYS5810883,D,S,C,2024-06-27,15000000.00,4.571331,100.69128
08:02:28,912810UB2,TSRYS5810883,D,B,C,2024-06-27,1000000.00,4.58603,100.5
08:02:28,912810UB2,TSRYS5810883,D,S,C,2024-06-27,1000000.00,4.586013,100.500225
08:02:28,912810UB2,TSRYS5810883,D,S,A,2024-06-27,4900.00,4.573991,100.65625
08:02:29,912810UB2,TSRYS5810883,D,S,C,2024-06-27,1000000.00,4.584813,100.515825
08:02:29,912810UB2,TSRYS5810883,D,S,D,2024-06-27,1000000.00,4.584828,100.515625
08:02:30,912810UB2,TSRYS5810883,D,S,C,2024-06-27,1000000.00,4.58603,100.5
08:02:30,912810UB2,TSRYS5810883,D,B,C,2024-06-27,1000000.00,4.584828,100.515625
08:02:30,912810UB2,TSRYS5810883,D,S,A,2024-06-27,540000.00,4.57582,100.6328125
08:02:30,912810UB2,TSRYS5810883,D,B,C,2024-06-27,1000000.00,4.586046,100.4998
08:02:30,912810UB2,TSRYS5810883,D,B,C,2024-06-27,1000000.00,4.586046,100.4998
08:02:31,912810UB2,TSRYS5810883,D,S,C,2024-06-27,1000000.00,4.58603,100.5
08:02:31,912810UB2,TSRYS5810883,D,S,C,2024-06-27,1000000.00,4.586019,100.50015
08:02:32,912810UB2,TSRYS5810883,D,B,C,2024-06-27,1000000.00,4.586048,100.499773
08:02:32,912810UB2,TSRYS5810883,D,S,C,2024-06-27,1000000.00,4.586019,100.50015
08:02:32,912810UB2,TSRYS5810883,D,S,D,2024-06-27,1000000.00,4.584828,100.515625
08:02:32,912810UB2,TSRYS5810883,D,B,C,2024-06-27,1000000.00,4.584846,100.515398
08:02:32,912810UB2,TSRYS5810883,D,S,D,2024-06-27,1000000.00,4.582425,100.546875
08:02:32,912810UB2,TSRYS5810883,D,B,C,2024-06-27,1000000.00,4.582442,100.546648
08:02:32,912810UB2,TSRYS5810883,D,S,D,2024-06-27,1000000.00,4.583626,100.53125
08:02:32,912810UB2,TSRYS5810883,D,S,D,2024-06-27,1000000.00,4.583626,100.53125
08:02:32,912810UB2,TSRYS5810883,D,S,C,2024-06-27,1000000.00,4.583626,100.53125
08:02:32,912810UB2,TSRYS5810883,D,S,C,2024-06-27,1000000.00,4.583626,100.53125
08:02:32,912810UB2,TSRYS5810883,D,S,C,2024-06-27,1000000.00,4.583626,100.53125
08:02:32,912810UB2,TSRYS5810883,D,S,C,2024-06-27,1000000.00,4.583626,100.53125
08:02:32,912810UB2,TSRYS5810883,D,S,C,2024-06-27,1000000.00,4.583626,100.53125
08:02:32,912810UB2,TSRYS5810883,D,B,C,2024-06-27,1000000.00,4.584843,100.515425
08:02:32,912810UB2,TSRYS5810883,D,S,D,2024-06-27,1000000.00,4.584828,100.515625
08:02:32,912810UB2,TSRYS5810883,D,B,C,2024-06-27,1000000.00,4.586046,100.4998
08:02:33,912810UB2,TSRYS5810883,D,S,C,2024-06-27,1000000.00,4.58603,100.5
08:02:33,912810UB2,TSRYS5810883,D,S,D,2024-06-27,1000000.00,4.580623,100.5703125
08:02:33,912810UB2,TSRYS5810883,D,S,D,2024-06-27,1000000.00,4.580623,100.5703125
08:02:33,912810UB2,TSRYS5810883,D,S,D,2024-06-27,1000000.00,4.580322,100.57421875
08:02:34,912810UB2,TSRYS5810883,D,S,C,2024-06-27,1000000.00,4.586015,100.5002
08:02:34,912810UB2,TSRYS5810883,D,B,C,2024-06-27,1000000.00,4.586042,100.49985
08:02:34,912810UB2,TSRYS5810883,D,B,C,2024-06-27,1000000.00,4.580322,100.57421875
08:02:34,912810UB2,TSRYS5810883,D,S,D,2024-06-27,1000000.00,4.580322,100.57421875
08:02:34,912810UB2,TSRYS5810883,D,B,C,2024-06-27,1000000.00,4.580022,100.578125
08:02:34,912810UB2,TSRYS5810883,D,S,D,2024-06-27,1000000.00,4.580022,100.578125
08:02:34,912810UB2,TSRYS5810883,D,S,C,2024-06-27,1000000.00,4.586015,100.5002
08:02:34,912810UB2,TSRYS5810883,D,B,C,2024-06-27,1000000.00,4.586048,100.499773
08:02:34,912810UB2,TSRYS5810883,D,S,C,2024-06-27,1000000.00,4.586017,100.500175
08:02:34,912810UB2,TSRYS5810883,D,B,C,2024-06-27,1000000.00,4.58603,100.5
08:02:34,912810UB2,TSRYS5810883,D,B,C,2024-06-27,1000000.00,4.58603,100.5
08:02:34,912810UB2,TSRYS5810883,D,S,D,2024-06-27,1000000.00,4.58603,100.5
08:02:35,912810UB2,TSRYS5810883,D,S,C,2024-06-27,1000000.00,4.58603,100.5
08:02:35,912810UB2,TSRYS5810883,D,S,C,2024-06-27,1000000.00,4.584828,100.515625
08:02:35,912810UB2,TSRYS5810883,D,B,C,2024-06-27,1000000.00,4.584846,100.515398
08:02:35,912810UB2,TSRYS5810883,D,B,C,2024-06-27,1000000.00,4.583644,100.531023
08:02:35,912810UB2,TSRYS5810883,D,S,C,2024-06-27,1000000.00,4.583611,100.53145
08:02:35,912810UB2,TSRYS5810883,D,S,C,2024-06-27,1000000.00,4.583626,100.53125
08:02:35,912810UB2,TSRYS5810883,D,S,D,2024-06-27,1000000.00,4.583626,100.53125
08:02:35,912810UB2,TSRYS5810883,D,S,C,2024-06-27,1000000.00,4.583626,100.53125
08:02:35,912810UB2,TSRYS5810883,D,S,A,2024-06-27,7000000.00,4.57432,100.65234375
08:02:35,912810UB2,TSRYS5810883,D,S,C,2024-06-27,1000000.00,4.583611,100.53145
08:02:35,912810UB2,TSRYS5810883,D,S,C,2024-06-27,1000000.00,4.583615,100.5314
08:02:35,912810UB2,TSRYS5810883,D,S,C,2024-06-27,1000000.00,4.583626,100.53125
08:02:35,912810UB2,TSRYS5810883,D,S,C,2024-06-27,1000000.00,4.583615,100.5314
08:02:35,912810UB2,TSRYS5810883,D,S,C,2024-06-27,1000000.00,4.583626,100.53125
08:02:35,912810UB2,TSRYS5810883,D,S,C,2024-06-27,1000000.00,4.583626,100.53125
08:02:35,912810UB2,TSRYS5810883,D,S,C,2024-06-27,1000000.00,4.583615,100.5314
08:02:35,912810UB2,TSRYS5810883,D,S,C,2024-06-27,4600000.00,4.56443,100.78125
08:02:35,912810UB2,TSRYS5810883,D,S,D,2024-06-27,4600000.00,4.56443,100.78125
08:02:36,912810UB2,TSRYS5810883,D,S,C,2024-06-27,1000000.00,4.583613,100.531425
08:02:36,912810UB2,TSRYS5810883,D,S,C,2024-06-27,1000000.00,4.583626,100.53125
08:02:36,912810UB2,TSRYS5810883,D,B,C,2024-06-27,1000000.00,4.583626,100.53125
08:02:36,912810UB2,TSRYS5810883,D,B,C,2024-06-27,1000000.00,4.580022,100.578125
08:02:36,912810UB2,TSRYS5810883,D,S,D,2024-06-27,1000000.00,4.580022,100.578125
08:02:36,912810UB2,TSRYS5810883,D,S,D,2024-06-27,1000000.00,4.580923,100.56640625
08:02:36,912810UB2,TSRYS5810883,D,S,C,2024-06-27,1000000.00,4.582425,100.546875
08:02:36,912810UB2,TSRYS5810883,D,S,D,2024-06-27,1000000.00,4.582425,100.546875
08:02:36,912810UB2,TSRYS5810883,D,S,C,2024-06-27,1000000.00,4.582425,100.546875
08:02:36,912810UB2,TSRYS5810883,D,B,C,2024-06-27,1000000.00,4.582442,100.546648
08:02:36,912810UB2,TSRYS5810883,D,S,C,2024-06-27,1000000.00,4.582409,100.547075
08:02:36,912810UB2,TSRYS5810883,D,S,D,2024-06-27,1000000.00,4.582425,100.546875
08:02:36,912810UB2,TSRYS5810883,D,S,D,2024-06-27,1000000.00,4.582425,100.546875
08:02:36,912810UB2,TSRYS5810883,D,S,D,2024-06-27,1000000.00,4.582425,100.546875
08:02:36,912810UB2,TSRYS5810883,D,S,C,2024-06-27,1000000.00,4.580011,100.578275
08:02:36,912810UB2,TSRYS5810883,D,B,C,2024-06-27,1000000.00,4.580037,100.577925
08:02:39,912810UB2,TSRYS5810883,D,B,C,2024-06-27,1000000.00,4.580022,100.57795
08:02:39,912810UB2,TSRYS5810883,D,S,D,2024-06-27,1000000.00,4.580022,100.578125
08:02:39,912810UB2,TSRYS5810883,D,S,C,2024-06-27,1000000.00,4.580009,100.5783
08:02:39,912810UB2,TSRYS5810883,D,S,D,2024-06-27,1000000.00,4.580022,100.578125
08:02:39,912810UB2,TSRYS5810883,D,B,C,2024-06-27,1000000.00,4.580037,100.577925
08:02:39,912810UB2,TSRYS5810883,D,B,C,2024-06-27,1000000.00,4.580037,100.577925
08:02:39,912810UB2,TSRYS5810883,D,S,D,2024-06-27,1000000.00,4.578821,100.59375
08:02:40,912810UB2,TSRYS5810883,D,S,D,2024-06-27,1000000.00,4.580022,100.578125
08:02:40,912810UB2,TSRYS5810883,D,B,C,2024-06-27,1000000.00,4.580037,100.577925
08:02:41,912810UB2,TSRYS5810883,D,B,C,2024-06-27,1000000.00,4.58004,100.577898
08:02:41,912810UB2,TSRYS5810883,D,S,D,2024-06-27,1000000.00,4.580022,100.578125
08:02:42,912810UB2,TSRYS5810883,D,S,D,2024-06-27,1000000.00,4.577611,100.609505
08:02:42,912810UB2,TSRYS5810883,D,B,C,2024-06-27,1000000.00,4.577621,100.609375
08:02:42,912810UB2,TSRYS5810883,D,S,C,2024-06-27,1000000.00,4.580007,100.578325
08:02:43,912810UB2,TSRYS5810883,D,S,D,2024-06-27,190000.00,4.566826,100.75
08:02:43,912810UB2,TSRYS5810883,D,S,D,2024-06-27,1000000.00,4.580022,100.578125
08:02:43,912810UB2,TSRYS5810883,D,S,D,2024-06-27,405000.00,4.565628,100.765625
08:02:43,912810UB2,TSRYS5810883,D,B,A,2024-06-27,3600000.00,4.566857,100.7496
08:02:43,912810UB2,TSRYS5810883,D,B,C,2024-06-27,1000000.00,4.580022,100.578125
08:02:43,912810UB2,TSRYS5810883,D,S,D,2024-06-27,1000000.00,4.58001,100.578277
08:02:43,912810UB2,TSRYS5810883,D,S,D,2024-06-27,1000000.00,4.58001,100.578277
08:02:43,912810UB2,TSRYS5810883,D,B,C,2024-06-27,1000000.00,4.580022,100.578125
08:02:44,912810UB2,TSRYS5810883,D,S,D,2024-06-27,1000000.00,4.583626,100.53125
08:02:45,912810UB2,TSRYS5810883,D,S,D,2024-06-27,1000000.00,4.582425,100.546875
08:02:45,912810UB2,TSRYS5810883,D,B,C,2024-06-27,1000000.00,4.582442,100.546648
08:02:45,912810UB2,TSRYS5810883,D,B,C,2024-06-27,1000000.00,4.586048,100.499773
08:02:45,912810UB2,TSRYS5810883,D,S,C,2024-06-27,1000000.00,4.58603,100.5
08:02:45,912810UB2,TSRYS5810883,D,S,D,2024-06-27,1000000.00,4.58603,100.5
08:02:46,912810UB2,TSRYS5810883,D,S,D,2024-06-27,1000000.00,4.587223,100.484505
08:02:46,912810UB2,TSRYS5810883,D,B,C,2024-06-27,1000000.00,4.587244,100.484225
08:02:46,912810UB2,TSRYS5810883,D,S,C,2024-06-27,1000000.00,4.587217,100.484575
08:02:46,912810UB2,TSRYS5810883,D,B,C,2024-06-27,1000000.00,4.587244,100.484225
08:02:46,912810UB2,TSRYS5810883,D,B,C,2024-06-27,1000000.00,4.587233,100.484375
08:02:46,912810UB2,TSRYS5810883,D,S,C,2024-06-27,1000000.00,4.587219,100.48455
08:02:46,912810UB2,TSRYS5810883,D,S,C,2024-06-27,1000000.00,4.588422,100.468925
08:02:46,912810UB2,TSRYS5810883,D,B,C,2024-06-27,1000000.00,4.588447,100.4686
08:02:46,912810UB2,TSRYS5810883,D,S,C,2024-06-27,1000000.00,4.588435,100.46875
08:02:46,912810UB2,TSRYS5810883,D,S,C,2024-06-27,1000000.00,4.588422,100.468925
08:02:46,912810UB2,TSRYS5810883,D,B,C,2024-06-27,1000000.00,4.588447,100.4686
08:02:46,912810UB2,TSRYS5810883,D,B,C,2024-06-27,1000000.00,4.578821,100.59375
08:02:46,912810UB2,TSRYS5810883,D,S,D,2024-06-27,1000000.00,4.578821,100.59375
08:02:47,912810UB2,TSRYS5810883,D,B,C,2024-06-27,1000000.00,4.586042,100.499848
08:02:47,912810UB2,TSRYS5810883,D,S,D,2024-06-27,1000000.00,4.58603,100.5
08:02:48,912810UB2,TSRYS5810883,D,S,D,2024-06-27,1000000.00,4.589628,100.453255
08:02:48,912810UB2,TSRYS5810883,D,B,C,2024-06-27,1000000.00,4.589638,100.453125
08:02:48,912810UB2,TSRYS5810883,D,S,C,2024-06-27,1000000.00,4.590841,100.4375
08:02:49,912810UB2,TSRYS5810883,D,S,C,2024-06-27,1000000.00,4.589625,100.4533
08:02:50,912810UB2,TSRYS5810883,D,S,C,2024-06-27,1000000.00,4.587233,100.484375
08:02:50,912810UB2,TSRYS5810883,D,B,C,2024-06-27,1000000.00,4.587244,100.484223
08:02:51,912810UB2,TSRYS5810883,D,B,C,2024-06-27,1000000.00,4.586042,100.499848
08:02:51,912810UB2,TSRYS5810883,D,S,D,2024-06-27,1000000.00,4.58603,100.5
08:02:52,912810UB2,TSRYS5810883,D,B,C,2024-06-27,1000000.00,4.58484,100.515473
08:02:52,912810UB2,TSRYS5810883,D,S,D,2024-06-27,1000000.00,4.584828,100.515625
08:02:52,912810UB2,TSRYS5810883,D,S,D,2024-06-27,1000000.00,4.583626,100.53125
08:02:53,912810UB2,TSRYS5810883,D,B,C,2024-06-27,1000000.00,4.583638,100.531098
08:02:53,912810UB2,TSRYS5810883,D,S,C,2024-06-27,1000000.00,4.583611,100.53145
08:02:53,912810UB2,TSRYS5810883,D,B,C,2024-06-27,1000000.00,4.583626,100.53125
08:02:53,912810UB2,TSRYS5810883,D,S,D,2024-06-27,1000000.00,4.583626,100.53125
08:02:53,912810UB2,TSRYS5810883,D,B,C,2024-06-27,1000000.00,4.583626,100.53125
08:02:53,912810UB2,TSRYS5810883,D,B,C,2024-06-27,1000000.00,4.583642,100.53105
08:02:53,912810UB2,TSRYS5810883,D,S,D,2024-06-27,1000000.00,4.583626,100.53125
08:02:54,912810UB2,TSRYS5810883,D,S,D,2024-06-27,1000000.00,4.583616,100.53138
08:02:54,912810UB2,TSRYS5810883,D,B,C,2024-06-27,1000000.00,4.583626,100.53125
08:02:59,912810UB2,TSRYS5810883,D,S,D,2024-06-27,2000000.00,4.580012,100.578255
08:02:59,912810UB2,TSRYS5810883,D,S,D,2024-06-27,1000000.00,4.580012,100.578255
08:02:59,912810UB2,TSRYS5810883,D,S,D,2024-06-27,1000000.00,4.580012,100.578255
08:02:59,912810UB2,TSRYS5810883,D,B,C,2024-06-27,1000000.00,4.580036,100.57795
08:02:59,912810UB2,TSRYS5810883,D,B,C,2024-06-27,2000000.00,4.580034,100.577975
08:02:59,912810UB2,TSRYS5810883,D,B,C,2024-06-27,1000000.00,4.580037,100.577925
08:02:59,912810UB2,TSRYS5810883,D,S,C,2024-06-27,1000000.00,4.582409,100.547075
08:02:59,912810UB2,TSRYS5810883,D,S,D,2024-06-27,1000000.00,4.581223,100.5625
08:02:59,912810UB2,TSRYS5810883,D,S,D,2024-06-27,1000000.00,4.581223,100.5625
08:02:59,912810UB2,TSRYS5810883,D,S,D,2024-06-27,1000000.00,4.580022,100.578125
08:03:00,912810UB2,TSRYS5810883,D,B,C,2024-06-27,1000000.00,4.580037,100.577925
08:03:01,912810UB2,TSRYS5810883,D,S,D,2024-06-27,1000000.00,4.580022,100.578125
08:03:01,912810UB2,TSRYS5810883,D,B,C,2024-06-27,1000000.00,4.580036,100.57795
08:03:01,912810UB2,TSRYS5810883,D,B,C,2024-06-27,1000000.00,4.580022,100.578125
08:03:01,912810UB2,TSRYS5810883,D,S,D,2024-06-27,1000000.00,4.580022,100.578125
08:03:01,912810UB2,TSRYS5810883,D,S,D,2024-06-27,1000000.00,4.580022,100.578125
08:03:01,912810UB2,TSRYS5810883,D,S,C,2024-06-27,1000000.00,4.580022,100.578125
08:03:01,912810UB2,TSRYS5810883,D,B,C,2024-06-27,1000000.00,4.580036,100.57795
08:03:01,912810UB2,TSRYS5810883,D,S,D,2024-06-27,5000000.00,4.580022,100.578125
08:03:01,912810UB2,TSRYS5810883,D,B,C,2024-06-27,1000000.00,4.580037,100.577925
08:03:01,912810UB2,TSRYS5810883,D,B,C,2024-06-27,5000000.00,4.580036,100.57795
08:03:01,912810UB2,TSRYS5810883,D,S,D,2024-06-27,1000000.00,4.580022,100.578125
08:03:01,912810UB2,TSRYS5810883,D,S,D,2024-06-27,1000000.00,4.580022,100.578125
08:03:01,912810UB2,TSRYS5810883,D,B,C,2024-06-27,1000000.00,4.580037,100.577925
08:03:02,912810UB2,TSRYS5810883,D,S,C,2024-06-27,1000000.00,4.581208,100.5627
08:03:02,912810UB2,TSRYS5810883,D,S,D,2024-06-27,1000000.00,4.581223,100.5625
08:03:03,912810UB2,TSRYS5810883,D,S,C,2024-06-27,1000000.00,4.580007,100.578325
08:03:04,912810UB2,TSRYS5810883,D,S,C,2024-06-27,1000000.00,4.580007,100.578325
08:03:04,912810UB2,TSRYS5810883,D,S,D,2024-06-27,2000000.00,4.580022,100.578125
08:03:04,912810UB2,TSRYS5810883,D,S,D,2024-06-27,1000000.00,4.578821,100.59375
08:03:04,912810UB2,TSRYS5810883,D,S,D,2024-06-27,1000000.00,4.578821,100.59375
08:03:04,912810UB2,TSRYS5810883,D,S,D,2024-06-27,1000000.00,4.577621,100.609375
08:03:04,912810UB2,TSRYS5810883,D,S,C,2024-06-27,1000000.00,4.57522,100.640625
08:03:04,912810UB2,TSRYS5810883,D,S,C,2024-06-27,1000000.00,4.57881,100.5939
08:03:04,912810UB2,TSRYS5810883,D,B,C,2024-06-27,1000000.00,4.577632,100.609225
08:03:06,912810UB2,TSRYS5810883,D,B,C,2024-06-27,1000000.00,4.577621,100.609375
08:03:06,912810UB2,TSRYS5810883,D,S,D,2024-06-27,1000000.00,4.577621,100.609375
08:03:06,912810UB2,TSRYS5810883,D,B,C,2024-06-27,1000000.00,4.577621,100.609375
08:03:06,912810UB2,TSRYS5810883,D,S,D,2024-06-27,1000000.00,4.577621,100.609375
08:03:06,912810UB2,TSRYS5810883,D,S,D,2024-06-27,1000000.00,4.57642,100.625
08:03:06,912810UB2,TSRYS5810883,D,B,C,2024-06-27,1000000.00,4.576434,100.624825
08:03:07,912810UB2,TSRYS5810883,D,S,C,2024-06-27,3000000.00,4.57642,100.625
08:03:07,912810UB2,TSRYS5810883,D,B,C,2024-06-27,1000000.00,4.576434,100.624825
08:03:07,912810UB2,TSRYS5810883,D,S,D,2024-06-27,1000000.00,4.57642,100.625
08:03:07,912810UB2,TSRYS5810883,D,B,C,2024-06-27,3000000.00,4.576434,100.624825
08:03:07,912810UB2,TSRYS5810883,D,B,C,2024-06-27,2000000.00,4.575233,100.64045
08:03:07,912810UB2,TSRYS5810883,D,S,D,2024-06-27,2000000.00,4.57402,100.65625
08:03:07,912810UB2,TSRYS5810883,D,B,C,2024-06-27,1000000.00,4.575233,100.64045
08:03:07,912810UB2,TSRYS5810883,D,B,C,2024-06-27,1000000.00,4.575233,100.64045
08:03:07,912810UB2,TSRYS5810883,D,B,C,2024-06-27,2000000.00,4.574034,100.656075
08:03:07,912810UB2,TSRYS5810883,D,S,D,2024-06-27,1000000.00,4.57522,100.640625
08:03:07,912810UB2,TSRYS5810883,D,B,C,2024-06-27,1000000.00,4.575233,100.64045
08:03:07,912810UB2,TSRYS5810883,D,S,C,2024-06-27,2000000.00,4.575205,100.640825
08:03:07,912810UB2,TSRYS5810883,D,S,C,2024-06-27,1000000.00,4.57522,100.640625
08:03:07,912810UB2,TSRYS5810883,D,S,C,2024-06-27,1000000.00,4.57522,100.640625
08:03:08,912810UB2,TSRYS5810883,D,B,C,2024-06-27,3000000.00,4.574034,100.656075
08:03:08,912810UB2,TSRYS5810883,D,S,C,2024-06-27,3000000.00,4.57402,100.65625
08:03:08,912810UB2,TSRYS5810883,D,S,C,2024-06-27,1000000.00,4.575205,100.640825
08:03:08,912810UB2,TSRYS5810883,D,B,C,2024-06-27,2000000.00,4.575233,100.64045
08:03:08,912810UB2,TSRYS5810883,D,S,D,2024-06-27,1000000.00,4.57522,100.640625
08:03:08,912810UB2,TSRYS5810883,D,B,C,2024-06-27,1000000.00,4.575233,100.64045
08:03:08,912810UB2,TSRYS5810883,D,S,C,2024-06-27,1000000.00,4.575205,100.640825
08:03:08,912810UB2,TSRYS5810883,D,S,C,2024-06-27,2000000.00,4.57522,100.640625
08:03:08,912810UB2,TSRYS5810883,D,B,C,2024-06-27,1000000.00,4.575233,100.64045
08:03:08,912810UB2,TSRYS5810883,D,B,C,2024-06-27,1000000.00,4.575233,100.64045
08:03:08,912810UB2,TSRYS5810883,D,B,C,2024-06-27,1000000.00,4.57522,100.640625
08:03:08,912810UB2,TSRYS5810883,D,S,D,2024-06-27,1000000.00,4.57522,100.640625
08:03:09,912810UB2,TSRYS5810883,D,B,C,2024-06-27,1000000.00,4.576436,100.6248
08:03:09,912810UB2,TSRYS5810883,D,S,D,2024-06-27,1000000.00,4.57641,100.62513
08:03:11,912810UB2,TSRYS5810883,D,S,D,2024-06-27,1000000.00,4.57522,100.640625
08:03:11,912810UB2,TSRYS5810883,D,S,D,2024-06-27,1000000.00,4.57522,100.640625
08:03:11,912810UB2,TSRYS5810883,D,B,C,2024-06-27,1000000.00,4.57522,100.640625
08:03:12,912810UB2,TSRYS5810883,D,S,D,2024-06-27,1000000.00,4.57522,100.640625
08:03:12,912810UB2,TSRYS5810883,D,S,D,2024-06-27,1000000.00,4.57642,100.625
08:03:12,912810UB2,TSRYS5810883,D,B,C,2024-06-27,1000000.00,4.57642,100.625
08:03:12,912810UB2,TSRYS5810883,D,S,D,2024-06-27,1000000.00,4.577621,100.609375
08:03:12,912810UB2,TSRYS5810883,D,B,C,2024-06-27,1000000.00,4.577621,100.609375
08:03:13,912810UB2,TSRYS5810883,D,B,C,2024-06-27,1000000.00,4.580022,100.578125
08:03:13,912810UB2,TSRYS5810883,D,S,D,2024-06-27,1000000.00,4.580022,100.578125
08:03:15,912810UB2,TSRYS5810883,D,S,D,2024-06-27,1000000.00,4.577621,100.609375
08:03:15,912810UB2,TSRYS5810883,D,B,C,2024-06-27,1000000.00,4.577634,100.6092
08:03:15,912810UB2,TSRYS5810883,D,B,C,2024-06-27,1000000.00,4.577634,100.6092
08:03:15,912810UB2,TSRYS5810883,D,B,C,2024-06-27,1000000.00,4.577634,100.6092
08:03:15,912810UB2,TSRYS5810883,D,S,D,2024-06-27,1000000.00,4.577621,100.609375
08:03:15,912810UB2,TSRYS5810883,D,S,D,2024-06-27,1000000.00,4.577621,100.609375
08:03:15,912810UB2,TSRYS5810883,D,B,C,2024-06-27,1000000.00,4.577634,100.6092
08:03:15,912810UB2,TSRYS5810883,D,B,C,2024-06-27,1000000.00,4.577634,100.6092
08:03:15,912810UB2,TSRYS5810883,D,S,D,2024-06-27,1000000.00,4.577621,100.609375
08:03:15,912810UB2,TSRYS5810883,D,S,D,2024-06-27,1000000.00,4.577621,100.609375
08:03:15,912810UB2,TSRYS5810883,D,B,C,2024-06-27,1000000.00,4.57642,100.625
08:03:15,912810UB2,TSRYS5810883,D,S,D,2024-06-27,1000000.00,4.57642,100.625
08:03:15,912810UB2,TSRYS5810883,D,S,D,2024-06-27,1000000.00,4.577611,100.609505
08:03:16,912810UB2,TSRYS5810883,D,S,A,2024-06-27,450000.00,4.57462,100.6484375
08:03:16,912810UB2,TSRYS5810883,D,B,C,2024-06-27,1000000.00,4.575232,100.640475
08:03:16,912810UB2,TSRYS5810883,D,S,D,2024-06-27,1000000.00,4.57521,100.640755
08:03:16,912810UB2,TSRYS5810883,D,S,D,2024-06-27,880000.00,4.566826,100.75
08:03:16,912810UB2,TSRYS5810883,D,S,D,2024-06-27,1000000.00,4.57522,100.640625
08:03:16,912810UB2,TSRYS5810883,D,B,C,2024-06-27,1000000.00,4.57522,100.640625
08:03:16,912810UB2,TSRYS5810883,D,B,C,2024-06-27,1000000.00,4.576428,100.6249
08:03:16,912810UB2,TSRYS5810883,D,S,D,2024-06-27,1000000.00,4.57642,100.625
08:03:17,912810UB2,TSRYS5810883,D,S,D,2024-06-27,1000000.00,4.57642,100.625
08:03:17,912810UB2,TSRYS5810883,D,S,D,2024-06-27,1000000.00,4.57642,100.625
08:03:17,912810UB2,TSRYS5810883,D,B,C,2024-06-27,1000000.00,4.576428,100.6249
08:03:17,912810UB2,TSRYS5810883,D,S,D,2024-06-27,1000000.00,4.57642,100.625
08:03:17,912810UB2,TSRYS5810883,D,S,D,2024-06-27,1000000.00,4.57642,100.625
08:03:17,912810UB2,TSRYS5810883,D,B,C,2024-06-27,1000000.00,4.57642,100.625
08:03:17,912810UB2,TSRYS5810883,D,S,D,2024-06-27,1000000.00,4.57642,100.625
08:03:17,912810UB2,TSRYS5810883,D,S,D,2024-06-27,1000000.00,4.577621,100.609375
08:03:17,912810UB2,TSRYS5810883,D,S,D,2024-06-27,1000000.00,4.577621,100.609375
08:03:18,912810UB2,TSRYS5810883,D,B,C,2024-06-27,1000000.00,4.578821,100.59375
08:03:18,912810UB2,TSRYS5810883,D,S,D,2024-06-27,1000000.00,4.578821,100.59375
08:03:19,912810UB2,TSRYS5810883,D,S,D,2024-06-27,1000000.00,4.577621,100.609375
08:03:21,912810UB2,TSRYS5810883,D,B,C,2024-06-27,1000000.00,4.578837,100.59355
08:03:21,912810UB2,TSRYS5810883,D,S,C,2024-06-27,1000000.00,4.578821,100.59375
08:03:22,912810UB2,TSRYS5810883,D,S,A,2024-06-27,2700000.00,4.580923,100.56640625
08:03:23,912810UB2,TSRYS5810883,D,S,T,2024-06-27,1000000.00,4.566826,100.75
08:03:24,912810UB2,TSRYS5810883,D,S,T,2024-06-27,1000000.00,4.566826,100.75
08:03:24,912810UB2,TSRYS5810883,D,S,T,2024-06-27,1000000.00,4.566826,100.75
08:03:24,912810UB2,TSRYS5810883,D,S,D,2024-06-27,1000000.00,4.580022,100.578125
08:03:24,912810UB2,TSRYS5810883,D,S,D,2024-06-27,1000000.00,4.580022,100.578125
08:03:24,912810UB2,TSRYS5810883,D,B,C,2024-06-27,1000000.00,4.58003,100.578025
08:03:25,912810UB2,TSRYS5810883,D,B,C,2024-06-27,1000000.00,4.580022,100.578125
08:03:25,912810UB2,TSRYS5810883,D,S,D,2024-06-27,1000000.00,4.580022,100.578125
08:03:25,912810UB2,TSRYS5810883,D,S,D,2024-06-27,1000000.00,4.580022,100.578125
08:03:25,912810UB2,TSRYS5810883,D,B,C,2024-06-27,1000000.00,4.58003,100.578025
08:03:25,912810UB2,TSRYS5810883,D,S,D,2024-06-27,1000000.00,4.580022,100.578125
08:03:25,912810UB2,TSRYS5810883,D,B,C,2024-06-27,1000000.00,4.580022,100.578125
08:03:25,912810UB2,TSRYS5810883,D,S,D,2024-06-27,1000000.00,4.580022,100.578125
08:03:26,912810UB2,TSRYS5810883,D,B,C,2024-06-27,1000000.00,4.58603,100.5
08:03:26,912810UB2,TSRYS5810883,D,S,D,2024-06-27,1000000.00,4.58603,100.5
08:03:26,912810UB2,TSRYS5810883,D,B,C,2024-06-27,1000000.00,4.58603,100.5
08:03:26,912810UB2,TSRYS5810883,D,B,C,2024-06-27,1000000.00,4.58603,100.5
08:03:26,912810UB2,TSRYS5810883,D,S,D,2024-06-27,1000000.00,4.58603,100.5
08:03:26,912810UB2,TSRYS5810883,D,S,D,2024-06-27,1000000.00,4.58603,100.5
08:03:26,912810UB2,TSRYS5810883,D,S,D,2024-06-27,1000000.00,4.58603,100.5
08:03:26,912810UB2,TSRYS5810883,D,B,C,2024-06-27,1000000.00,4.58603,100.5
08:03:26,912810UB2,TSRYS5810883,D,S,D,2024-06-27,1000000.00,4.58602,100.50013
08:03:26,912810UB2,TSRYS5810883,D,B,C,2024-06-27,1000000.00,4.58603,100.5
08:03:26,912810UB2,TSRYS5810883,D,B,C,2024-06-27,1000000.00,4.58603,100.5
08:03:27,912810UB2,TSRYS5810883,D,B,C,2024-06-27,1000000.00,4.58603,100.5
08:03:27,912810UB2,TSRYS5810883,D,S,D,2024-06-27,1000000.00,4.58603,100.5
08:03:27,912810UB2,TSRYS5810883,D,S,D,2024-06-27,1000000.00,4.58603,100.5
08:03:27,912810UB2,TSRYS5810883,D,S,D,2024-06-27,1000000.00,4.58603,100.5
08:03:27,912810UB2,TSRYS5810883,D,S,D,2024-06-27,1000000.00,4.58603,100.5
08:03:28,912810UB2,TSRYS5810883,D,S,C,2024-06-27,2000000.00,4.58603,100.5
08:03:28,912810UB2,TSRYS5810883,D,S,C,2024-06-27,1000000.00,4.580022,100.578125
08:03:28,912810UB2,TSRYS5810883,D,S,C,2024-06-27,2000000.00,4.58603,100.5
08:03:28,912810UB2,TSRYS5810883,D,S,C,2024-06-27,1000000.00,4.586015,100.5002
08:03:28,912810UB2,TSRYS5810883,D,S,C,2024-06-27,1000000.00,4.58603,100.5
08:03:28,912810UB2,TSRYS5810883,D,S,C,2024-06-27,1000000.00,4.58603,100.5
08:03:28,912810UB2,TSRYS5810883,D,S,C,2024-06-27,1000000.00,4.58603,100.5
08:03:28,912810UB2,TSRYS5810883,D,S,D,2024-06-27,1000000.00,4.58603,100.5
08:03:28,912810UB2,TSRYS5810883,D,S,C,2024-06-27,1000000.00,4.58603,100.5
08:03:28,912810UB2,TSRYS5810883,D,S,D,2024-06-27,1000000.00,4.58603,100.5
08:03:28,912810UB2,TSRYS5810883,D,S,D,2024-06-27,1000000.00,4.58603,100.5
08:03:28,912810UB2,TSRYS5810883,D,S,D,2024-06-27,1000000.00,4.58603,100.5
08:03:28,912810UB2,TSRYS5810883,D,S,D,2024-06-27,1000000.00,4.58603,100.5
08:03:28,912810UB2,TSRYS5810883,D,S,D,2024-06-27,1000000.00,4.58603,100.5
08:03:28,912810UB2,TSRYS5810883,D,S,C,2024-06-27,1000000.00,4.587233,100.484375
08:03:28,912810UB2,TSRYS5810883,D,S,C,2024-06-27,1000000.00,4.587233,100.484375
08:03:28,912810UB2,TSRYS5810883,D,S,C,2024-06-27,1000000.00,4.587233,100.484375
08:03:28,912810UB2,TSRYS5810883,D,S,C,2024-06-27,1000000.00,4.587225,100.484475
08:03:28,912810UB2,TSRYS5810883,D,S,D,2024-06-27,1000000.00,4.587233,100.484375
08:03:28,912810UB2,TSRYS5810883,D,B,C,2024-06-27,1000000.00,4.58603,100.5
08:03:28,912810UB2,TSRYS5810883,D,S,C,2024-06-27,1000000.00,4.58603,100.5
08:03:28,912810UB2,TSRYS5810883,D,S,C,2024-06-27,4000000.00,4.587221,100.484525
08:03:28,912810UB2,TSRYS5810883,D,S,C,2024-06-27,5000000.00,4.587221,100.484525
08:03:28,912810UB2,TSRYS5810883,D,S,D,2024-06-27,3000000.00,4.587233,100.484375
08:03:28,912810UB2,TSRYS5810883,D,S,C,2024-06-27,2000000.00,4.587233,100.484375
08:03:28,912810UB2,TSRYS5810883,D,S,C,2024-06-27,3000000.00,4.587225,100.484475
08:03:28,912810UB2,TSRYS5810883,D,S,C,2024-06-27,1000000.00,4.587217,100.484575
08:03:28,912810UB2,TSRYS5810883,D,S,D,2024-06-27,1000000.00,4.587223,100.484505
08:03:29,912810UB2,TSRYS5810883,D,S,C,2024-06-27,1000000.00,4.583615,100.5314
08:03:29,912810UB2,TSRYS5810883,D,B,C,2024-06-27,1000000.00,4.583642,100.53105
08:03:29,912810UB2,TSRYS5810883,D,S,T,2024-06-27,1000000.00,4.568024,100.734375
08:03:30,912810UB2,TSRYS5810883,D,B,C,2024-06-27,1000000.00,4.584828,100.515625
08:03:30,912810UB2,TSRYS5810883,D,S,D,2024-06-27,1000000.00,4.584818,100.515755
08:03:31,912810UB2,TSRYS5810883,D,B,C,2024-06-27,1000000.00,4.58603,100.5
08:03:31,912810UB2,TSRYS5810883,D,S,D,2024-06-27,1000000.00,4.58603,100.5
08:03:31,912810UB2,TSRYS5810883,D,S,D,2024-06-27,1000000.00,4.587233,100.484375
08:03:31,912810UB2,TSRYS5810883,D,S,T,2024-06-27,1000000.00,4.566826,100.75
08:03:32,912810UB2,TSRYS5810883,D,B,C,2024-06-27,1000000.00,4.586042,100.499848
08:03:32,912810UB2,TSRYS5810883,D,S,C,2024-06-27,1000000.00,4.58603,100.5
08:03:32,912810UB2,TSRYS5810883,D,S,D,2024-06-27,1000000.00,4.582425,100.546875
08:03:32,912810UB2,TSRYS5810883,D,B,C,2024-06-27,1000000.00,4.582425,100.546875
08:03:32,912810UB2,TSRYS5810883,D,B,C,2024-06-27,1000000.00,4.583638,100.531098
08:03:32,912810UB2,TSRYS5810883,D,B,C,2024-06-27,1000000.00,4.582438,100.5467
08:03:32,912810UB2,TSRYS5810883,D,S,D,2024-06-27,1000000.00,4.582425,100.546875
08:03:33,912810UB2,TSRYS5810883,D,S,D,2024-06-27,1000000.00,4.582425,100.546875
08:03:33,912810UB2,TSRYS5810883,D,B,C,2024-06-27,1000000.00,4.582436,100.546723
08:03:33,912810UB2,TSRYS5810883,D,S,C,2024-06-27,1000000.00,4.583611,100.53145
08:03:33,912810UB2,TSRYS5810883,D,S,C,2024-06-27,1000000.00,4.584828,100.515625
08:03:33,912810UB2,TSRYS5810883,D,B,C,2024-06-27,1000000.00,4.58244,100.546675
08:03:33,912810UB2,TSRYS5810883,D,B,C,2024-06-27,1000000.00,4.584843,100.515425
08:03:33,912810UB2,TSRYS5810883,D,B,C,2024-06-27,1000000.00,4.58484,100.515473
08:03:33,912810UB2,TSRYS5810883,D,S,C,2024-06-27,1000000.00,4.582425,100.546875
08:03:33,912810UB2,TSRYS5810883,D,S,D,2024-06-27,1000000.00,4.582425,100.546875
08:03:33,912810UB2,TSRYS5810883,D,S,C,2024-06-27,1000000.00,4.584828,100.515625
08:03:34,912810UB2,TSRYS5810883,D,B,C,2024-06-27,1000000.00,4.583626,100.53125
08:03:34,912810UB2,TSRYS5810883,D,S,C,2024-06-27,1000000.00,4.583611,100.53145
08:03:34,912810UB2,TSRYS5810883,D,B,C,2024-06-27,1000000.00,4.583626,100.53125
08:03:34,912810UB2,TSRYS5810883,D,S,C,2024-06-27,1000000.00,4.583609,100.531475
08:03:35,912810UB2,TSRYS5810883,D,S,C,2024-06-27,1000000.00,4.584828,100.515625
08:03:35,912810UB2,TSRYS5810883,D,S,C,2024-06-27,1000000.00,4.583611,100.53145
08:03:35,912810UB2,TSRYS5810883,D,B,C,2024-06-27,1000000.00,4.583626,100.53125
08:03:35,912810UB2,TSRYS5810883,D,S,T,2024-06-27,1000000.00,4.566826,100.75
08:03:35,912810UB2,TSRYS5810883,D,B,C,2024-06-27,1000000.00,4.584828,100.515625
08:03:35,912810UB2,TSRYS5810883,D,S,C,2024-06-27,1000000.00,4.583626,100.53125
08:03:36,912810UB2,TSRYS5810883,D,S,C,2024-06-27,1000000.00,4.582407,100.5471
08:03:36,912810UB2,TSRYS5810883,D,B,C,2024-06-27,1000000.00,4.582425,100.546875
08:03:37,912810UB2,TSRYS5810883,D,S,C,2024-06-27,1000000.00,4.582407,100.5471
08:03:37,912810UB2,TSRYS5810883,D,B,C,2024-06-27,1000000.00,4.582425,100.546875
08:03:37,912810UB2,TSRYS5810883,D,B,C,2024-06-27,1000000.00,4.583634,100.53115
08:03:37,912810UB2,TSRYS5810883,D,S,C,2024-06-27,1000000.00,4.583609,100.531475
08:03:37,912810UB2,TSRYS5810883,D,S,C,2024-06-27,1000000.00,4.583609,100.531475
08:03:37,912810UB2,TSRYS5810883,D,B,C,2024-06-27,1000000.00,4.583634,100.53115
08:03:37,912810UB2,TSRYS5810883,D,S,C,2024-06-27,1000000.00,4.583609,100.531475
08:03:37,912810UB2,TSRYS5810883,D,B,C,2024-06-27,1000000.00,4.583626,100.53125
08:03:37,912810UB2,TSRYS5810883,D,B,C,2024-06-27,1000000.00,4.583626,100.53125
08:03:37,912810UB2,TSRYS5810883,D,S,D,2024-06-27,1000000.00,4.583615,100.531402
08:03:38,912810UB2,TSRYS5810883,D,B,C,2024-06-27,1000000.00,4.584843,100.515425
08:03:38,912810UB2,TSRYS5810883,D,S,D,2024-06-27,1000000.00,4.584818,100.515755
08:03:38,912810UB2,TSRYS5810883,D,S,A,2024-06-27,40000.00,4.570122,100.70703125
08:03:39,912810UB2,TSRYS5810883,D,S,D,2024-06-27,1000000.00,4.587233,100.484375
08:03:39,912810UB2,TSRYS5810883,D,B,C,2024-06-27,1000000.00,4.587233,100.484375
08:03:39,912810UB2,TSRYS5810883,D,B,C,2024-06-27,1000000.00,4.586631,100.4921875
08:03:39,912810UB2,TSRYS5810883,D,S,D,2024-06-27,1000000.00,4.586631,100.4921875
08:03:39,912810UB2,TSRYS5810883,D,S,D,2024-06-27,1000000.00,4.586481,100.494140625
08:03:41,912810UB2,TSRYS5810883,D,B,C,2024-06-27,1000000.00,4.584828,100.515625
08:03:41,912810UB2,TSRYS5810883,D,S,C,2024-06-27,1000000.00,4.584828,100.515625
08:03:41,912810UB2,TSRYS5810883,D,S,D,2024-06-27,1000000.00,4.582425,100.546875
08:03:41,912810UB2,TSRYS5810883,D,B,C,2024-06-27,1000000.00,4.582425,100.546875
08:03:42,912810UB2,TSRYS5810883,D,S,T,2024-06-27,1000000.00,4.572821,100.671875
08:03:42,912810UB2,TSRYS5810883,D,S,A,2024-06-27,51000.00,4.566196,100.76801642157
08:03:44,912810UB2,TSRYS5810883,D,S,D,2024-06-27,1000000.00,4.583025,100.5390625
08:03:46,912810UB2,TSRYS5810883,D,S,T,2024-06-27,1000000.00,4.566676,100.751953125
08:03:48,912810UB2,TSRYS5810883,D,S,T,2024-06-27,1000000.00,4.566826,100.75
08:03:48,912810UB2,TSRYS5810883,D,S,T,2024-06-27,1000000.00,4.566826,100.75
08:03:49,912810UB2,TSRYS5810883,D,B,C,2024-06-27,1000000.00,4.583626,100.531075
08:03:49,912810UB2,TSRYS5810883,D,S,C,2024-06-27,1000000.00,4.583626,100.53125
08:03:49,912810UB2,TSRYS5810883,D,S,D,2024-06-27,1000000.00,4.582875,100.541015625
08:03:49,912810UB2,TSRYS5810883,D,S,A,2024-06-27,95000.00,4.570092,100.70703125
08:03:49,912810UB2,TSRYS5810883,D,S,T,2024-06-27,1000000.00,4.566826,100.75
08:03:49,912810UB2,TSRYS5810883,D,S,T,2024-06-27,1000000.00,4.566826,100.75
08:03:49,912810UB2,TSRYS5810883,D,S,T,2024-06-27,1000000.00,4.566826,100.75
08:03:50,912810UB2,TSRYS5810883,D,S,T,2024-06-27,1000000.00,4.566826,100.75
08:03:50,912810UB2,TSRYS5810883,D,S,T,2024-06-27,1000000.00,4.566826,100.75
08:03:50,912810UB2,TSRYS5810883,D,S,T,2024-06-27,1000000.00,4.566826,100.75
08:03:50,912810UB2,TSRYS5810883,D,S,T,2024-06-27,1000000.00,4.566826,100.75
08:03:50,912810UB2,TSRYS5810883,D,S,T,2024-06-27,1000000.00,4.566826,100.75
08:03:52,912810UB2,TSRYS5810883,D,S,C,2024-06-27,1000000.00,4.576405,100.6252
08:03:52,912810UB2,TSRYS5810883,D,B,C,2024-06-27,1000000.00,4.57642,100.625
08:03:52,912810UB2,TSRYS5810883,D,S,C,2024-06-27,1000000.00,4.576405,100.6252
08:03:52,912810UB2,TSRYS5810883,D,B,C,2024-06-27,1000000.00,4.576434,100.624825
08:03:53,912810UB2,TSRYS5810883,D,S,D,2024-06-27,51000.00,4.566196,100.7582125
08:03:53,912810UB2,TSRYS5810883,D,B,C,2024-06-27,1000000.00,4.57642,100.625
08:03:53,912810UB2,TSRYS5810883,D,S,D,2024-06-27,2000000.00,4.57642,100.625
08:03:53,912810UB2,TSRYS5810883,D,B,C,2024-06-27,2000000.00,4.57642,100.625
08:03:53,912810UB2,TSRYS5810883,D,S,D,2024-06-27,1000000.00,4.57642,100.625
08:03:53,912810UB2,TSRYS5810883,D,S,D,2024-06-27,1000000.00,4.57642,100.625
08:03:53,912810UB2,TSRYS5810883,D,S,D,2024-06-27,1000000.00,4.57642,100.625
08:03:53,912810UB2,TSRYS5810883,D,S,D,2024-06-27,1000000.00,4.57642,100.625
08:03:53,912810UB2,TSRYS5810883,D,S,D,2024-06-27,1000000.00,4.57642,100.625
08:03:53,912810UB2,TSRYS5810883,D,B,C,2024-06-27,1000000.00,4.57642,100.625
08:03:53,912810UB2,TSRYS5810883,D,S,D,2024-06-27,1000000.00,4.57642,100.625
08:03:53,912810UB2,TSRYS5810883,D,S,D,2024-06-27,1000000.00,4.57642,100.625
08:03:53,912810UB2,TSRYS5810883,D,S,D,2024-06-27,1000000.00,4.583025,100.5390625
08:03:53,912810UB2,TSRYS5810883,D,S,D,2024-06-27,1000000.00,4.577621,100.609375
08:03:53,912810UB2,TSRYS5810883,D,B,C,2024-06-27,1000000.00,4.577636,100.609175
08:03:53,912810UB2,TSRYS5810883,D,B,C,2024-06-27,2000000.00,4.577621,100.609375
08:03:53,912810UB2,TSRYS5810883,D,S,D,2024-06-27,2000000.00,4.577621,100.609375
08:03:53,912810UB2,TSRYS5810883,D,B,C,2024-06-27,1000000.00,4.577628,100.609275
08:03:53,912810UB2,TSRYS5810883,D,S,D,2024-06-27,1000000.00,4.577621,100.609375
08:03:53,912810UB2,TSRYS5810883,D,S,D,2024-06-27,1000000.00,4.577621,100.609375
08:03:53,912810UB2,TSRYS5810883,D,B,C,2024-06-27,1000000.00,4.577621,100.609375
08:03:53,912810UB2,TSRYS5810883,D,S,D,2024-06-27,1000000.00,4.577621,100.609375
08:03:53,912810UB2,TSRYS5810883,D,S,D,2024-06-27,1000000.00,4.577621,100.609375
08:03:53,912810UB2,TSRYS5810883,D,B,C,2024-06-27,1000000.00,4.577636,100.609175
08:03:53,912810UB2,TSRYS5810883,D,S,D,2024-06-27,1000000.00,4.577621,100.609375
08:03:53,912810UB2,TSRYS5810883,D,S,D,2024-06-27,1000000.00,4.583626,100.53125
08:03:53,912810UB2,TSRYS5810883,D,B,C,2024-06-27,1000000.00,4.583626,100.53125
08:03:53,912810UB2,TSRYS5810883,D,B,C,2024-06-27,1000000.00,4.578837,100.59355
08:03:53,912810UB2,TSRYS5810883,D,B,C,2024-06-27,1000000.00,4.578837,100.59355
08:03:53,912810UB2,TSRYS5810883,D,S,D,2024-06-27,1000000.00,4.578821,100.59375
08:03:53,912810UB2,TSRYS5810883,D,B,C,2024-06-27,1000000.00,4.578837,100.59355
08:03:53,912810UB2,TSRYS5810883,D,S,D,2024-06-27,1000000.00,4.578821,100.59375
08:03:53,912810UB2,TSRYS5810883,D,S,D,2024-06-27,1000000.00,4.578821,100.59375
08:03:53,912810UB2,TSRYS5810883,D,S,D,2024-06-27,1000000.00,4.578821,100.59375
08:03:53,912810UB2,TSRYS5810883,D,S,D,2024-06-27,1000000.00,4.583626,100.53125
08:03:53,912810UB2,TSRYS5810883,D,B,C,2024-06-27,1000000.00,4.583626,100.53125
08:03:53,912810UB2,TSRYS5810883,D,B,C,2024-06-27,2000000.00,4.578821,100.59375
08:03:53,912810UB2,TSRYS5810883,D,S,D,2024-06-27,2000000.00,4.578821,100.59375
08:03:53,912810UB2,TSRYS5810883,D,S,D,2024-06-27,1000000.00,4.583025,100.5390625
08:03:53,912810UB2,TSRYS5810883,D,S,D,2024-06-27,1000000.00,4.583025,100.5390625
08:03:54,912810UB2,TSRYS5810883,D,S,D,2024-06-27,1000000.00,4.578821,100.59375
08:03:54,912810UB2,TSRYS5810883,D,B,C,2024-06-27,1000000.00,4.578837,100.59355
08:03:54,912810UB2,TSRYS5810883,D,S,D,2024-06-27,1000000.00,4.578821,100.59375
08:03:54,912810UB2,TSRYS5810883,D,S,D,2024-06-27,1000000.00,4.578821,100.59375
08:03:54,912810UB2,TSRYS5810883,D,B,C,2024-06-27,1000000.00,4.578821,100.59375
08:03:54,912810UB2,TSRYS5810883,D,S,D,2024-06-27,1000000.00,4.578821,100.59375
08:03:54,912810UB2,TSRYS5810883,D,S,D,2024-06-27,1000000.00,4.584528,100.51953125
08:03:54,912810UB2,TSRYS5810883,D,S,D,2024-06-27,1000000.00,4.584528,100.51953125
08:03:55,912810UB2,TSRYS5810883,D,B,C,2024-06-27,1000000.00,4.577628,100.609275
08:03:55,912810UB2,TSRYS5810883,D,S,C,2024-06-27,1000000.00,4.577603,100.6096
08:03:55,912810UB2,TSRYS5810883,D,B,C,2024-06-27,1000000.00,4.577636,100.609175
08:03:55,912810UB2,TSRYS5810883,D,S,C,2024-06-27,1000000.00,4.577603,100.6096
08:03:55,912810UB2,TSRYS5810883,D,B,C,2024-06-27,1000000.00,4.577621,100.609375
08:03:55,912810UB2,TSRYS5810883,D,B,C,2024-06-27,1000000.00,4.577636,100.609175
08:03:55,912810UB2,TSRYS5810883,D,S,C,2024-06-27,1000000.00,4.577603,100.6096
08:03:55,912810UB2,TSRYS5810883,D,B,C,2024-06-27,1000000.00,4.577634,100.6092
08:03:55,912810UB2,TSRYS5810883,D,S,C,2024-06-27,1000000.00,4.577603,100.6096
08:03:55,912810UB2,TSRYS5810883,D,S,C,2024-06-27,1000000.00,4.577603,100.6096
08:03:55,912810UB2,TSRYS5810883,D,S,T,2024-06-27,1000000.00,4.566826,100.75
08:03:56,912810UB2,TSRYS5810883,D,B,C,2024-06-27,1000000.00,4.576434,100.624825
08:03:56,912810UB2,TSRYS5810883,D,S,C,2024-06-27,1000000.00,4.576405,100.6252
08:03:56,912810UB2,TSRYS5810883,D,B,C,2024-06-27,1000000.00,4.575233,100.64045
08:03:56,912810UB2,TSRYS5810883,D,S,C,2024-06-27,1000000.00,4.57522,100.640625
08:03:56,912810UB2,TSRYS5810883,D,S,C,2024-06-27,1000000.00,4.576405,100.6252
08:03:56,912810UB2,TSRYS5810883,D,B,C,2024-06-27,1000000.00,4.575233,100.64045
08:03:56,912810UB2,TSRYS5810883,D,S,C,2024-06-27,1000000.00,4.57522,100.640625
08:03:56,912810UB2,TSRYS5810883,D,S,T,2024-06-27,1000000.00,4.566826,100.75
08:03:57,912810UB2,TSRYS5810883,D,S,C,2024-06-27,1000000.00,4.574005,100.65645
08:03:57,912810UB2,TSRYS5810883,D,B,C,2024-06-27,1000000.00,4.574034,100.656075
08:03:58,912810UB2,TSRYS5810883,D,B,C,2024-06-27,1000000.00,4.57642,100.625
08:03:58,912810UB2,TSRYS5810883,D,S,D,2024-06-27,1000000.00,4.57642,100.625
08:03:58,912810UB2,TSRYS5810883,D,S,D,2024-06-27,1000000.00,4.57642,100.625
08:03:58,912810UB2,TSRYS5810883,D,B,C,2024-06-27,1000000.00,4.57642,100.625
08:03:58,912810UB2,TSRYS5810883,D,S,D,2024-06-27,1000000.00,4.57642,100.625
08:03:58,912810UB2,TSRYS5810883,D,S,D,2024-06-27,1000000.00,4.57642,100.625
08:03:58,912810UB2,TSRYS5810883,D,B,C,2024-06-27,2000000.00,4.576432,100.62485
08:03:58,912810UB2,TSRYS5810883,D,S,D,2024-06-27,2000000.00,4.57642,100.625
08:03:58,912810UB2,TSRYS5810883,D,S,T,2024-06-27,1000000.00,4.566826,100.75
08:03:58,912810UB2,TSRYS5810883,D,B,C,2024-06-27,1000000.00,4.576428,100.6249
08:03:58,912810UB2,TSRYS5810883,D,S,D,2024-06-27,1000000.00,4.57642,100.625
08:03:58,912810UB2,TSRYS5810883,D,B,C,2024-06-27,1000000.00,4.576436,100.6248
08:03:58,912810UB2,TSRYS5810883,D,S,D,2024-06-27,1000000.00,4.57642,100.625
08:03:58,912810UB2,TSRYS5810883,D,S,T,2024-06-27,1000000.00,4.566826,100.75
08:03:58,912810UB2,TSRYS5810883,D,S,T,2024-06-27,1000000.00,4.566826,100.75
08:04:00,912810UB2,TSRYS5810883,D,S,D,2024-06-27,1000000.00,4.584377,100.521484375
08:04:00,912810UB2,TSRYS5810883,D,S,D,2024-06-27,1000000.00,4.584528,100.51953125
08:04:00,912810UB2,TSRYS5810883,D,S,C,2024-06-27,1000000.00,4.584528,100.51953125
08:04:00,912810UB2,TSRYS5810883,D,S,D,2024-06-27,1000000.00,4.582124,100.55078125
08:04:03,912810UB2,TSRYS5810883,D,S,C,2024-06-27,1000000.00,4.57402,100.65625
08:04:03,912810UB2,TSRYS5810883,D,B,C,2024-06-27,1000000.00,4.57402,100.65625
08:04:03,912810UB2,TSRYS5810883,D,S,C,2024-06-27,1000000.00,4.57402,100.65625
08:04:03,912810UB2,TSRYS5810883,D,B,C,2024-06-27,1000000.00,4.57402,100.65625
08:04:03,912810UB2,TSRYS5810883,D,S,D,2024-06-27,1000000.00,4.572811,100.672005
08:04:03,912810UB2,TSRYS5810883,D,B,C,2024-06-27,1000000.00,4.572821,100.671875
08:04:03,912810UB2,TSRYS5810883,D,S,C,2024-06-27,1000000.00,4.572805,100.672075
08:04:03,912810UB2,TSRYS5810883,D,B,C,2024-06-27,1000000.00,4.572821,100.671875
08:04:03,912810UB2,TSRYS5810883,D,S,D,2024-06-27,3000000.00,4.57402,100.65625
08:04:03,912810UB2,TSRYS5810883,D,B,C,2024-06-27,1000000.00,4.572828,100.671775
08:04:03,912810UB2,TSRYS5810883,D,S,C,2024-06-27,1000000.00,4.572803,100.672102
08:04:03,912810UB2,TSRYS5810883,D,B,C,2024-06-27,1000000.00,4.57402,100.65625
08:04:03,912810UB2,TSRYS5810883,D,S,C,2024-06-27,1000000.00,4.57402,100.65625
08:04:03,912810UB2,TSRYS5810883,D,S,C,2024-06-27,1000000.00,4.575208,100.640777
08:04:03,912810UB2,TSRYS5810883,D,B,C,2024-06-27,1000000.00,4.57522,100.640625
08:04:03,912810UB2,TSRYS5810883,D,B,C,2024-06-27,1000000.00,4.57522,100.640625
08:04:03,912810UB2,TSRYS5810883,D,S,D,2024-06-27,1000000.00,4.57522,100.640625
08:04:03,912810UB2,TSRYS5810883,D,B,C,2024-06-27,1000000.00,4.57642,100.625
08:04:03,912810UB2,TSRYS5810883,D,S,D,2024-06-27,1000000.00,4.57642,100.625
08:04:03,912810UB2,TSRYS5810883,D,B,C,2024-06-27,1000000.00,4.576436,100.6248
08:04:03,912810UB2,TSRYS5810883,D,S,D,2024-06-27,1000000.00,4.57642,100.625
08:04:03,912810UB2,TSRYS5810883,D,S,C,2024-06-27,1000000.00,4.57642,100.625
08:04:03,912810UB2,TSRYS5810883,D,B,C,2024-06-27,1000000.00,4.57642,100.625
08:04:03,912810UB2,TSRYS5810883,D,S,C,2024-06-27,1000000.00,4.576409,100.625152
08:04:03,912810UB2,TSRYS5810883,D,S,D,2024-06-27,1000000.00,4.57642,100.625
08:04:03,912810UB2,TSRYS5810883,D,S,D,2024-06-27,1000000.00,4.57642,100.625
08:04:04,912810UB2,TSRYS5810883,D,B,C,2024-06-27,1000000.00,4.57642,100.625
08:04:04,912810UB2,TSRYS5810883,D,S,D,2024-06-27,1000000.00,4.57642,100.625
08:04:04,912810UB2,TSRYS5810883,D,S,C,2024-06-27,1000000.00,4.583626,100.53125
08:04:04,912810UB2,TSRYS5810883,D,S,D,2024-06-27,1000000.00,4.57642,100.625
08:04:04,912810UB2,TSRYS5810883,D,B,C,2024-06-27,1000000.00,4.57642,100.625
08:04:04,912810UB2,TSRYS5810883,D,S,D,2024-06-27,1000000.00,4.57641,100.62513
08:04:04,912810UB2,TSRYS5810883,D,S,D,2024-06-27,1000000.00,4.57642,100.625
08:04:04,912810UB2,TSRYS5810883,D,S,D,2024-06-27,1000000.00,4.584227,100.5234375
08:04:04,912810UB2,TSRYS5810883,D,S,D,2024-06-27,1000000.00,4.584227,100.5234375
08:04:06,912810UB2,TSRYS5810883,D,S,T,2024-06-27,1000000.00,4.566826,100.75
08:04:06,912810UB2,TSRYS5810883,D,B,C,2024-06-27,1000000.00,4.57642,100.625
08:04:06,912810UB2,TSRYS5810883,D,S,D,2024-06-27,1000000.00,4.57642,100.625
08:04:07,912810UB2,TSRYS5810883,D,S,T,2024-06-27,1000000.00,4.572821,100.671875
08:04:08,912810UB2,TSRYS5810883,D,S,T,2024-06-27,1000000.00,4.566826,100.75
08:04:09,912810UB2,TSRYS5810883,D,B,C,2024-06-27,2000000.00,4.580022,100.578125
08:04:09,912810UB2,TSRYS5810883,D,S,D,2024-06-27,2000000.00,4.580014,100.578227
08:04:09,912810UB2,TSRYS5810883,D,B,C,2024-06-27,1000000.00,4.58244,100.546675
08:04:09,912810UB2,TSRYS5810883,D,S,D,2024-06-27,1000000.00,4.582425,100.546875
08:04:10,912810UB2,TSRYS5810883,D,B,C,2024-06-27,1000000.00,4.582425,100.546875
08:04:10,912810UB2,TSRYS5810883,D,S,D,2024-06-27,1000000.00,4.582425,100.546875
08:04:10,912810UB2,TSRYS5810883,D,S,D,2024-06-27,1000000.00,4.581223,100.5625
08:04:10,912810UB2,TSRYS5810883,D,B,C,2024-06-27,1000000.00,4.581223,100.5625
08:04:10,912810UB2,TSRYS5810883,D,B,C,2024-06-27,1000000.00,4.580037,100.577925
08:04:10,912810UB2,TSRYS5810883,D,S,D,2024-06-27,1000000.00,4.580014,100.578227
08:04:10,912810UB2,TSRYS5810883,D,B,C,2024-06-27,1000000.00,4.580037,100.577925
08:04:10,912810UB2,TSRYS5810883,D,S,D,2024-06-27,1000000.00,4.580014,100.578227
08:04:10,912810UB2,TSRYS5810883,D,S,D,2024-06-27,1000000.00,4.580014,100.578227
08:04:10,912810UB2,TSRYS5810883,D,B,C,2024-06-27,1000000.00,4.580036,100.57795
08:04:10,912810UB2,TSRYS5810883,D,S,D,2024-06-27,1000000.00,4.580014,100.578227
08:04:10,912810UB2,TSRYS5810883,D,B,C,2024-06-27,1000000.00,4.580036,100.57795
08:04:10,912810UB2,TSRYS5810883,D,B,C,2024-06-27,1000000.00,4.580045,100.577825
08:04:10,912810UB2,TSRYS5810883,D,S,D,2024-06-27,1000000.00,4.580014,100.578227
08:04:10,912810UB2,TSRYS5810883,D,B,C,2024-06-27,1000000.00,4.580022,100.578125
08:04:10,912810UB2,TSRYS5810883,D,B,C,2024-06-27,1000000.00,4.580037,100.577925
08:04:10,912810UB2,TSRYS5810883,D,S,D,2024-06-27,1000000.00,4.580014,100.578227
08:04:10,912810UB2,TSRYS5810883,D,S,D,2024-06-27,1000000.00,4.580022,100.578125
08:04:10,912810UB2,TSRYS5810883,D,S,D,2024-06-27,1000000.00,4.580022,100.578125
08:04:10,912810UB2,TSRYS5810883,D,S,D,2024-06-27,1000000.00,4.580014,100.578227
08:04:10,912810UB2,TSRYS5810883,D,B,C,2024-06-27,1000000.00,4.580022,100.578125
08:04:10,912810UB2,TSRYS5810883,D,B,C,2024-06-27,1000000.00,4.580037,100.577925
08:04:10,912810UB2,TSRYS5810883,D,B,C,2024-06-27,1000000.00,4.580036,100.57795
08:04:10,912810UB2,TSRYS5810883,D,S,D,2024-06-27,1000000.00,4.580014,100.578227
08:04:10,912810UB2,TSRYS5810883,D,S,D,2024-06-27,1000000.00,4.580014,100.578227
08:04:10,912810UB2,TSRYS5810883,D,S,D,2024-06-27,1000000.00,4.580014,100.578227
08:04:10,912810UB2,TSRYS5810883,D,S,D,2024-06-27,1000000.00,4.580014,100.578227
08:04:10,912810UB2,TSRYS5810883,D,S,C,2024-06-27,1000000.00,4.578821,100.59375
08:04:10,912810UB2,TSRYS5810883,D,B,C,2024-06-27,1000000.00,4.578821,100.59375
08:04:11,912810UB2,TSRYS5810883,D,S,C,2024-06-27,1000000.00,4.578821,100.59375
08:04:11,912810UB2,TSRYS5810883,D,B,C,2024-06-27,1000000.00,4.578821,100.59375
08:04:13,912810UB2,TSRYS5810883,D,B,C,2024-06-27,1000000.00,4.57522,100.640625
08:04:13,912810UB2,TSRYS5810883,D,S,D,2024-06-27,1000000.00,4.575212,100.640727
08:04:13,912810UB2,TSRYS5810883,D,S,D,2024-06-27,1000000.00,4.575212,100.640727
08:04:13,912810UB2,TSRYS5810883,D,B,C,2024-06-27,1000000.00,4.575235,100.640425
08:04:14,912810UB2,TSRYS5810883,D,B,C,2024-06-27,1000000.00,4.571635,100.687325
08:04:14,912810UB2,TSRYS5810883,D,B,C,2024-06-27,2000000.00,4.571621,100.6875
08:04:14,912810UB2,TSRYS5810883,D,S,D,2024-06-27,1000000.00,4.571613,100.687602
08:04:14,912810UB2,TSRYS5810883,D,S,D,2024-06-27,2000000.00,4.571613,100.687602
08:04:14,912810UB2,TSRYS5810883,D,S,D,2024-06-27,1000000.00,4.571613,100.687602
08:04:14,912810UB2,TSRYS5810883,D,B,C,2024-06-27,1000000.00,4.571635,100.687325
08:04:14,912810UB2,TSRYS5810883,D,S,D,2024-06-27,1000000.00,4.571613,100.687602
08:04:14,912810UB2,TSRYS5810883,D,S,T,2024-06-27,1000000.00,4.565628,100.765625
08:04:14,912810UB2,TSRYS5810883,D,S,T,2024-06-27,1000000.00,4.566826,100.75
08:04:14,912810UB2,TSRYS5810883,D,S,C,2024-06-27,1000000.00,4.570422,100.703125
08:04:14,912810UB2,TSRYS5810883,D,B,C,2024-06-27,1000000.00,4.570435,100.70295
08:04:15,912810UB2,TSRYS5810883,D,S,D,2024-06-27,1000000.00,4.570422,100.703125
08:04:15,912810UB2,TSRYS5810883,D,B,C,2024-06-27,1000000.00,4.570435,100.70295
08:04:15,912810UB2,TSRYS5810883,D,S,D,2024-06-27,1000000.00,4.569223,100.71875
08:04:15,912810UB2,TSRYS5810883,D,B,C,2024-06-27,1000000.00,4.569236,100.718575
08:04:15,912810UB2,TSRYS5810883,D,S,D,2024-06-27,1000000.00,4.569223,100.71875
08:04:15,912810UB2,TSRYS5810883,D,B,C,2024-06-27,1000000.00,4.569236,100.718575
08:04:15,912810UB2,TSRYS5810883,D,S,C,2024-06-27,1000000.00,4.569223,100.71875
08:04:15,912810UB2,TSRYS5810883,D,B,C,2024-06-27,1000000.00,4.569236,100.718575
08:04:15,912810UB2,TSRYS5810883,D,S,C,2024-06-27,1000000.00,4.569223,100.71875
08:04:15,912810UB2,TSRYS5810883,D,B,C,2024-06-27,1000000.00,4.569236,100.718575
08:04:15,912810UB2,TSRYS5810883,D,S,D,2024-06-27,1000000.00,4.568024,100.734375
08:04:16,912810UB2,TSRYS5810883,D,B,A,2024-06-27,14800000.00,4.566775,100.75
08:04:17,912810UB2,TSRYS5810883,D,S,T,2024-06-27,1000000.00,4.566826,100.75
08:04:17,912810UB2,TSRYS5810883,D,S,D,2024-06-27,1000000.00,4.570422,100.703125
08:04:17,912810UB2,TSRYS5810883,D,B,C,2024-06-27,1000000.00,4.570422,100.703125
08:04:17,912810UB2,TSRYS5810883,D,S,C,2024-06-27,1000000.00,4.570422,100.703125
08:04:18,912810UB2,TSRYS5810883,D,B,C,2024-06-27,1000000.00,4.570437,100.702925
08:04:18,912810UB2,TSRYS5810883,D,S,D,2024-06-27,1000000.00,4.570422,100.703125
08:04:18,912810UB2,TSRYS5810883,D,S,D,2024-06-27,1000000.00,4.570422,100.703125
08:04:18,912810UB2,TSRYS5810883,D,S,D,2024-06-27,1000000.00,4.570422,100.703125
08:04:18,912810UB2,TSRYS5810883,D,S,D,2024-06-27,1000000.00,4.570422,100.703125
08:04:18,912810UB2,TSRYS5810883,D,S,D,2024-06-27,1000000.00,4.570422,100.703125
08:04:18,912810UB2,TSRYS5810883,D,S,D,2024-06-27,1000000.00,4.570422,100.703125
08:04:18,912810UB2,TSRYS5810883,D,B,C,2024-06-27,1000000.00,4.570437,100.702925
08:04:18,912810UB2,TSRYS5810883,D,S,D,2024-06-27,1000000.00,4.570422,100.703125
08:04:18,912810UB2,TSRYS5810883,D,S,D,2024-06-27,1000000.00,4.570422,100.703125
08:04:18,912810UB2,TSRYS5810883,D,B,C,2024-06-27,1000000.00,4.570422,100.703125
08:04:18,912810UB2,TSRYS5810883,D,S,D,2024-06-27,1000000.00,4.570422,100.703125
08:04:18,912810UB2,TSRYS5810883,D,S,D,2024-06-27,1000000.00,4.570422,100.703125
08:04:19,912810UB2,TSRYS5810883,D,B,C,2024-06-27,2000000.00,4.570422,100.703125
08:04:19,912810UB2,TSRYS5810883,D,S,D,2024-06-27,2000000.00,4.570414,100.703227
08:04:20,912810UB2,TSRYS5810883,D,S,D,2024-06-27,1000000.00,4.569215,100.718852
08:04:20,912810UB2,TSRYS5810883,D,S,C,2024-06-27,1000000.00,4.571606,100.6877
08:04:20,912810UB2,TSRYS5810883,D,B,C,2024-06-27,1000000.00,4.571621,100.6875
08:04:20,912810UB2,TSRYS5810883,D,B,C,2024-06-27,1000000.00,4.571621,100.6875
08:04:20,912810UB2,TSRYS5810883,D,S,C,2024-06-27,1000000.00,4.571606,100.6877
08:04:25,912810UB2,TSRYS5810883,D,S,D,2024-06-27,1000000.00,4.570422,100.703125
08:04:25,912810UB2,TSRYS5810883,D,S,D,2024-06-27,1000000.00,4.569223,100.71875
08:04:25,912810UB2,TSRYS5810883,D,S,D,2024-06-27,240000.00,4.57402,100.65625
08:04:25,912810UB2,TSRYS5810883,D,S,D,2024-06-27,1000000.00,4.570422,100.703125
08:04:26,912810UB2,TSRYS5810883,D,B,C,2024-06-27,1000000.00,4.57642,100.624825
08:04:26,912810UB2,TSRYS5810883,D,S,C,2024-06-27,1000000.00,4.57642,100.625
08:04:26,912810UB2,TSRYS5810883,D,S,C,2024-06-27,1000000.00,4.568024,100.734375
08:04:26,912810UB2,TSRYS5810883,D,B,C,2024-06-27,1000000.00,4.568038,100.7342
08:04:26,912810UB2,TSRYS5810883,D,S,C,2024-06-27,1000000.00,4.568024,100.734375
08:04:26,912810UB2,TSRYS5810883,D,B,C,2024-06-27,1000000.00,4.568038,100.7342
08:04:26,912810UB2,TSRYS5810883,D,B,C,2024-06-27,1000000.00,4.568024,100.734375
08:04:26,912810UB2,TSRYS5810883,D,S,D,2024-06-27,1000000.00,4.568024,100.734375
08:04:28,912810UB2,TSRYS5810883,D,S,D,2024-06-27,1000000.00,4.566826,100.75
08:04:28,912810UB2,TSRYS5810883,D,B,C,2024-06-27,1000000.00,4.566826,100.75
08:04:28,912810UB2,TSRYS5810883,D,S,D,2024-06-27,1000000.00,4.566826,100.75
08:04:28,912810UB2,TSRYS5810883,D,S,D,2024-06-27,1000000.00,4.566826,100.75
08:04:28,912810UB2,TSRYS5810883,D,B,C,2024-06-27,1000000.00,4.566839,100.749825
08:04:28,912810UB2,TSRYS5810883,D,B,C,2024-06-27,1000000.00,4.566839,100.749825
08:04:29,912810UB2,TSRYS5810883,D,S,D,2024-06-27,1000000.00,4.578971,100.591796875
08:04:29,912810UB2,TSRYS5810883,D,B,C,2024-06-27,1000000.00,4.578971,100.591796875
08:04:29,912810UB2,TSRYS5810883,D,S,D,2024-06-27,1000000.00,4.579272,100.587890625
08:04:29,912810UB2,TSRYS5810883,D,B,C,2024-06-27,1000000.00,4.579272,100.587890625
08:04:30,912810UB2,TSRYS5810883,D,S,D,2024-06-27,1000000.00,4.578821,100.59375
08:04:30,912810UB2,TSRYS5810883,D,S,D,2024-06-27,1000000.00,4.579272,100.587890625
08:04:30,912810UB2,TSRYS5810883,D,B,C,2024-06-27,1000000.00,4.579272,100.587890625
08:04:30,912810UB2,TSRYS5810883,D,S,D,2024-06-27,1000000.00,4.568324,100.73046875
08:04:30,912810UB2,TSRYS5810883,D,S,D,2024-06-27,1000000.00,4.578971,100.591796875
08:04:30,912810UB2,TSRYS5810883,D,B,C,2024-06-27,1000000.00,4.578971,100.591796875
08:04:30,912810UB2,TSRYS5810883,D,S,C,2024-06-27,1000000.00,4.566814,100.75015
08:04:30,912810UB2,TSRYS5810883,D,B,C,2024-06-27,1000000.00,4.566841,100.7498
08:04:30,912810UB2,TSRYS5810883,D,B,C,2024-06-27,1000000.00,4.566826,100.75
08:04:30,912810UB2,TSRYS5810883,D,S,C,2024-06-27,1000000.00,4.566814,100.75015
08:04:30,912810UB2,TSRYS5810883,D,S,C,2024-06-27,1000000.00,4.566814,100.75015
08:04:30,912810UB2,TSRYS5810883,D,B,C,2024-06-27,1000000.00,4.566839,100.749825
08:04:30,912810UB2,TSRYS5810883,D,S,C,2024-06-27,1000000.00,4.565612,100.765825
08:04:30,912810UB2,TSRYS5810883,D,B,C,2024-06-27,1000000.00,4.565641,100.76545
08:04:30,912810UB2,TSRYS5810883,D,B,C,2024-06-27,1000000.00,4.578221,100.6015625
08:04:30,912810UB2,TSRYS5810883,D,S,D,2024-06-27,1000000.00,4.578221,100.6015625
08:04:30,912810UB2,TSRYS5810883,D,S,D,2024-06-27,1000000.00,4.577771,100.607421875
08:04:30,912810UB2,TSRYS5810883,D,S,C,2024-06-27,1000000.00,4.565628,100.765625
08:04:30,912810UB2,TSRYS5810883,D,B,C,2024-06-27,1000000.00,4.565641,100.76545
08:04:31,912810UB2,TSRYS5810883,D,S,D,2024-06-27,1000000.00,4.56443,100.78125
08:04:31,912810UB2,TSRYS5810883,D,B,C,2024-06-27,1000000.00,4.564443,100.781075
08:04:31,912810UB2,TSRYS5810883,D,S,D,2024-06-27,1000000.00,4.56443,100.78125
08:04:31,912810UB2,TSRYS5810883,D,B,C,2024-06-27,1000000.00,4.564443,100.781075
08:04:31,912810UB2,TSRYS5810883,D,S,D,2024-06-27,1000000.00,4.577621,100.609375
08:04:31,912810UB2,TSRYS5810883,D,B,C,2024-06-27,1000000.00,4.577621,100.609375
08:04:31,912810UB2,TSRYS5810883,D,S,D,2024-06-27,1000000.00,4.577621,100.609375
08:04:31,912810UB2,TSRYS5810883,D,S,D,2024-06-27,1000000.00,4.577621,100.609375
08:04:31,912810UB2,TSRYS5810883,D,B,C,2024-06-27,1000000.00,4.577621,100.609375
08:04:31,912810UB2,TSRYS5810883,D,S,D,2024-06-27,1000000.00,4.577621,100.609375
08:04:31,912810UB2,TSRYS5810883,D,S,D,2024-06-27,1000000.00,4.577621,100.609375
08:04:32,912810UB2,TSRYS5810883,D,S,C,2024-06-27,1000000.00,4.566811,100.7502
08:04:32,912810UB2,TSRYS5810883,D,B,C,2024-06-27,1000000.00,4.566837,100.74985
08:04:33,912810UB2,TSRYS5810883,D,B,C,2024-06-27,1000000.00,4.57642,100.624825
08:04:33,912810UB2,TSRYS5810883,D,S,C,2024-06-27,1000000.00,4.57642,100.625
08:04:34,912810UB2,TSRYS5810883,D,S,C,2024-06-27,1000000.00,4.566826,100.75
08:04:34,912810UB2,TSRYS5810883,D,S,C,2024-06-27,1000000.00,4.566826,100.75
08:04:34,912810UB2,TSRYS5810883,D,B,C,2024-06-27,1000000.00,4.566826,100.75
08:04:34,912810UB2,TSRYS5810883,D,B,C,2024-06-27,1000000.00,4.566826,100.75
08:04:34,912810UB2,TSRYS5810883,D,S,C,2024-06-27,1000000.00,4.566826,100.75
08:04:34,912810UB2,TSRYS5810883,D,S,D,2024-06-27,1000000.00,4.566826,100.75
08:04:34,912810UB2,TSRYS5810883,D,B,C,2024-06-27,1000000.00,4.566826,100.75
08:04:35,912810UB2,TSRYS5810883,D,S,T,2024-06-27,1000000.00,4.568474,100.72851562
08:04:35,912810UB2,TSRYS5810883,D,S,T,2024-06-27,1000000.00,4.569223,100.71875
08:04:35,912810UB2,TSRYS5810883,D,S,D,2024-06-27,1000000.00,4.566826,100.75
08:04:35,912810UB2,TSRYS5810883,D,S,D,2024-06-27,1000000.00,4.566826,100.75
08:04:35,912810UB2,TSRYS5810883,D,B,C,2024-06-27,1000000.00,4.566826,100.75
08:04:35,912810UB2,TSRYS5810883,D,S,C,2024-06-27,1000000.00,4.566826,100.75
08:04:35,912810UB2,TSRYS5810883,D,S,D,2024-06-27,1000000.00,4.566826,100.75
08:04:36,912810UB2,TSRYS5810883,D,S,D,2024-06-27,1000000.00,4.56443,100.78125
08:04:36,912810UB2,TSRYS5810883,D,B,C,2024-06-27,1000000.00,4.56443,100.78125
08:04:36,912810UB2,TSRYS5810883,D,S,D,2024-06-27,1000000.00,4.565628,100.765625
08:04:36,912810UB2,TSRYS5810883,D,S,D,2024-06-27,1000000.00,4.568024,100.734375
08:04:36,912810UB2,TSRYS5810883,D,B,C,2024-06-27,1000000.00,4.568024,100.734375
08:04:36,912810UB2,TSRYS5810883,D,S,C,2024-06-27,1000000.00,4.566826,100.75
08:04:36,912810UB2,TSRYS5810883,D,B,C,2024-06-27,1000000.00,4.566839,100.749825
08:04:36,912810UB2,TSRYS5810883,D,S,C,2024-06-27,1000000.00,4.566826,100.75
08:04:36,912810UB2,TSRYS5810883,D,B,C,2024-06-27,1000000.00,4.566839,100.749825
08:04:37,912810UB2,TSRYS5810883,D,S,C,2024-06-27,1000000.00,4.566826,100.75
08:04:37,912810UB2,TSRYS5810883,D,B,C,2024-06-27,1000000.00,4.568024,100.734375
08:04:37,912810UB2,TSRYS5810883,D,S,D,2024-06-27,1000000.00,4.568024,100.734375
08:04:37,912810UB2,TSRYS5810883,D,S,D,2024-06-27,1000000.00,4.568024,100.734375
08:04:37,912810UB2,TSRYS5810883,D,S,D,2024-06-27,1000000.00,4.566826,100.75
08:04:37,912810UB2,TSRYS5810883,D,S,C,2024-06-27,1000000.00,4.566826,100.75
08:04:37,912810UB2,TSRYS5810883,D,S,C,2024-06-27,1000000.00,4.566826,100.75
