tradeTime,cusip,issueSymbolIdentifier,priceType,reportingSideCode,contraPartyTypeCode,tradeDate,reportedTradeVolume,lastSaleYield,lastSalePrice
08:00:03,912810TZ1,TSRYS5752098,D,S,D,2024-05-20,1000000.00,4.657986,97.96875
08:00:03,912810TZ1,TSRYS5752098,D,S,D,2024-05-20,1000000.00,4.666641,97.859375
08:00:03,912810TZ1,TSRYS5752098,D,B,C,2024-05-20,1000000.00,4.667878,97.84375
08:00:03,912810TZ1,TSRYS5752098,D,B,C,2024-05-20,1000000.00,4.667878,97.84375
08:00:03,912810TZ1,TSRYS5752098,D,S,T,2024-05-20,1000000.00,4.657214,97.978515625
08:00:03,912810TZ1,TSRYS5752098,D,S,D,2024-05-20,1000000.00,4.657214,97.978515625
08:00:03,912810TZ1,TSRYS5752098,D,S,D,2024-05-20,1000000.00,4.658295,97.96484375
08:00:08,912810TZ1,TSRYS5752098,D,S,D,2024-05-20,1000000.00,4.656751,97.984375
08:00:08,912810TZ1,TSRYS5752098,D,S,D,2024-05-20,1000000.00,4.651812,98.046875
08:00:11,912810TZ1,TSRYS5752098,D,S,T,2024-05-20,2000000.00,4.6532,98.029296875
08:00:12,912810TZ1,TSRYS5752098,D,S,D,2024-05-20,1000000.00,4.657986,97.96875
08:00:12,912810TZ1,TSRYS5752098,D,S,D,2024-05-20,1000000.00,4.661694,97.921875
08:00:12,912810TZ1,TSRYS5752098,D,S,T,2024-05-20,1000000.00,4.655516,98.0
08:00:12,912810TZ1,TSRYS5752098,D,S,T,2024-05-20,1000000.00,4.655516,98.0
08:00:12,912810TZ1,TSRYS5752098,D,S,T,2024-05-20,1000000.00,4.667878,97.84375
08:00:12,912810TZ1,TSRYS5752098,D,S,T,2024-05-20,1000000.00,4.660458,97.9375
08:00:12,912810TZ1,TSRYS5752098,D,S,T,2024-05-20,1000000.00,4.660458,97.9375
08:00:14,912810TZ1,TSRYS5752098,D,S,A,2024-05-20,13000.00,4.65394,98.05839278846
08:00:18,912810TZ1,TSRYS5752098,D,S,T,2024-05-20,1000000.00,4.667878,97.84375
08:00:19,912810TZ1,TSRYS5752098,D,S,D,2024-05-20,1000000.00,4.656751,97.984375
08:00:19,912810TZ1,TSRYS5752098,D,S,D,2024-05-20,1000000.00,4.656442,97.98828125
08:00:19,912810TZ1,TSRYS5752098,D,S,D,2024-05-20,1000000.00,4.656751,97.984375
08:00:19,912810TZ1,TSRYS5752098,D,S,D,2024-05-20,1000000.00,4.654281,98.015625
08:00:19,912810TZ1,TSRYS5752098,D,S,D,2024-05-20,1000000.00,4.654281,98.015625
08:00:19,912810TZ1,TSRYS5752098,D,S,D,2024-05-20,1000000.00,4.651812,98.046875
08:00:20,912810TZ1,TSRYS5752098,D,S,D,2024-05-20,1000000.00,4.654281,98.015625
08:00:20,912810TZ1,TSRYS5752098,D,S,D,2024-05-20,1000000.00,4.657986,97.96875
08:00:21,912810TZ1,TSRYS5752098,D,S,D,2024-05-20,13000.00,4.653972,98.01953125
08:00:21,912810TZ1,TSRYS5752098,D,S,D,2024-05-20,1000000.00,4.657986,97.96875
08:00:21,912810TZ1,TSRYS5752098,D,S,D,2024-05-20,1000000.00,4.657986,97.96875
08:00:22,912810TZ1,TSRYS5752098,D,S,D,2024-05-20,1000000.00,4.666332,97.86328125
08:00:22,912810TZ1,TSRYS5752098,D,S,D,2024-05-20,1000000.00,4.666022,97.8671875
08:00:22,912810TZ1,TSRYS5752098,D,S,D,2024-05-20,1000000.00,4.667878,97.84375
08:00:22,912810TZ1,TSRYS5752098,D,S,D,2024-05-20,1000000.00,4.667878,97.84375
08:00:22,912810TZ1,TSRYS5752098,D,S,D,2024-05-20,1000000.00,4.667878,97.84375
08:00:23,912810TZ1,TSRYS5752098,D,S,A,2024-05-20,100000.00,4.661662,97.922275
08:00:24,912810TZ1,TSRYS5752098,D,S,T,2024-05-20,1000000.00,4.664167,97.890625
08:00:24,912810TZ1,TSRYS5752098,D,S,T,2024-05-20,1000000.00,4.653355,98.02734375
08:00:24,912810TZ1,TSRYS5752098,D,S,T,2024-05-20,1000000.00,4.653355,98.02734375
08:00:24,912810TZ1,TSRYS5752098,D,S,T,2024-05-20,1000000.00,4.653355,98.02734375
08:00:24,912810TZ1,TSRYS5752098,D,S,T,2024-05-20,1000000.00,4.653355,98.02734375
08:00:24,912810TZ1,TSRYS5752098,D,S,T,2024-05-20,1000000.00,4.65567,97.998046875
08:00:24,912810TZ1,TSRYS5752098,D,S,D,2024-05-20,1000000.00,4.667878,97.84375
08:00:24,912810TZ1,TSRYS5752098,D,S,D,2024-05-20,1000000.00,4.667878,97.84375
08:00:26,912810TZ1,TSRYS5752098,D,S,D,2024-05-20,1000000.00,4.664167,97.890625
08:00:26,912810TZ1,TSRYS5752098,D,S,D,2024-05-20,1000000.00,4.662003,97.91796875
08:00:26,912810TZ1,TSRYS5752098,D,S,D,2024-05-20,1000000.00,4.661694,97.921875
08:00:28,912810TZ1,TSRYS5752098,D,S,D,2024-05-20,1000000.00,4.667878,97.84375
08:00:29,912810TZ1,TSRYS5752098,D,S,D,2024-05-20,1000000.00,4.661076,97.9296875
08:00:30,912810TZ1,TSRYS5752098,D,S,T,2024-05-20,1000000.00,4.650578,98.0625
08:00:30,912810TZ1,TSRYS5752098,D,S,T,2024-05-20,1000000.00,4.650578,98.0625
08:00:30,912810TZ1,TSRYS5752098,D,S,T,2024-05-20,1000000.00,4.650578,98.0625
08:00:30,912810TZ1,TSRYS5752098,D,S,T,2024-05-20,1000000.00,4.650578,98.0625
08:00:30,912810TZ1,TSRYS5752098,D,S,T,2024-05-20,1000000.00,4.650578,98.0625
08:00:30,912810TZ1,TSRYS5752098,D,S,T,2024-05-20,1000000.00,4.650578,98.0625
08:00:30,912810TZ1,TSRYS5752098,D,S,T,2024-05-20,1000000.00,4.651812,98.046875
08:00:30,912810TZ1,TSRYS5752098,D,S,T,2024-05-20,1000000.00,4.650578,98.0625
08:00:30,912810TZ1,TSRYS5752098,D,S,T,2024-05-20,1000000.00,4.655824,97.99609375
08:00:30,912810TZ1,TSRYS5752098,D,S,T,2024-05-20,1000000.00,4.656751,97.984375
08:00:30,912810TZ1,TSRYS5752098,D,S,T,2024-05-20,1000000.00,4.651195,98.0546875
08:00:30,912810TZ1,TSRYS5752098,D,S,T,2024-05-20,1000000.00,4.65104,98.056640625
08:00:30,912810TZ1,TSRYS5752098,D,S,T,2024-05-20,1000000.00,4.650886,98.05859375
08:00:30,912810TZ1,TSRYS5752098,D,S,T,2024-05-20,1000000.00,4.650732,98.060546875
08:00:30,912810TZ1,TSRYS5752098,D,S,T,2024-05-20,1000000.00,4.653355,98.02734375
08:00:30,912810TZ1,TSRYS5752098,D,S,T,2024-05-20,1000000.00,4.653355,98.02734375
08:00:30,912810TZ1,TSRYS5752098,D,S,T,2024-05-20,1000000.00,4.653355,98.02734375
08:00:30,912810TZ1,TSRYS5752098,D,S,T,2024-05-20,1000000.00,4.653355,98.02734375
08:00:30,912810TZ1,TSRYS5752098,D,S,T,2024-05-20,1000000.00,4.654281,98.015625
08:00:30,912810TZ1,TSRYS5752098,D,S,T,2024-05-20,1000000.00,4.656133,97.9921875
08:00:30,912810TZ1,TSRYS5752098,D,S,T,2024-05-20,1000000.00,4.656751,97.984375
08:00:30,912810TZ1,TSRYS5752098,D,S,T,2024-05-20,1000000.00,4.667878,97.84375
08:00:30,912810TZ1,TSRYS5752098,D,S,T,2024-05-20,1000000.00,4.667878,97.84375
08:00:30,912810TZ1,TSRYS5752098,D,S,T,2024-05-20,1000000.00,4.667878,97.84375
08:00:30,912810TZ1,TSRYS5752098,D,S,T,2024-05-20,1000000.00,4.667878,97.84375
08:00:30,912810TZ1,TSRYS5752098,D,S,T,2024-05-20,1000000.00,4.667878,97.84375
08:00:30,912810TZ1,TSRYS5752098,D,S,T,2024-05-20,1000000.00,4.667878,97.84375
08:00:30,912810TZ1,TSRYS5752098,D,S,T,2024-05-20,1000000.00,4.656596,97.986328125
08:00:30,912810TZ1,TSRYS5752098,D,S,D,2024-05-20,1000000.00,4.657986,97.96875
08:00:30,912810TZ1,TSRYS5752098,D,S,D,2024-05-20,1000000.00,4.661694,97.921875
08:00:30,912810TZ1,TSRYS5752098,D,S,D,2024-05-20,1000000.00,4.656751,97.984375
08:00:30,912810TZ1,TSRYS5752098,D,S,D,2024-05-20,1000000.00,4.656442,97.98828125
08:00:30,912810TZ1,TSRYS5752098,D,S,D,2024-05-20,1000000.00,4.654281,98.015625
08:00:30,912810TZ1,TSRYS5752098,D,S,D,2024-05-20,1000000.00,4.654281,98.015625
08:00:30,912810TZ1,TSRYS5752098,D,S,D,2024-05-20,1000000.00,4.654281,98.015625
08:00:30,912810TZ1,TSRYS5752098,D,S,D,2024-05-20,1000000.00,4.657986,97.96875
08:00:30,912810TZ1,TSRYS5752098,D,S,D,2024-05-20,1000000.00,4.657986,97.96875
08:00:30,912810TZ1,TSRYS5752098,D,S,D,2024-05-20,1000000.00,4.657986,97.96875
08:00:30,912810TZ1,TSRYS5752098,D,S,D,2024-05-20,1000000.00,4.666332,97.86328125
08:00:30,912810TZ1,TSRYS5752098,D,S,D,2024-05-20,1000000.00,4.666022,97.8671875
08:00:30,912810TZ1,TSRYS5752098,D,S,D,2024-05-20,1000000.00,4.667878,97.84375
08:00:30,912810TZ1,TSRYS5752098,D,S,D,2024-05-20,1000000.00,4.667878,97.84375
08:00:30,912810TZ1,TSRYS5752098,D,S,D,2024-05-20,1000000.00,4.667878,97.84375
08:00:30,912810TZ1,TSRYS5752098,D,S,D,2024-05-20,1000000.00,4.667878,97.84375
08:00:30,912810TZ1,TSRYS5752098,D,S,D,2024-05-20,1000000.00,4.667878,97.84375
08:00:30,912810TZ1,TSRYS5752098,D,S,D,2024-05-20,1000000.00,4.664167,97.890625
08:00:30,912810TZ1,TSRYS5752098,D,S,D,2024-05-20,1000000.00,4.661694,97.921875
08:00:30,912810TZ1,TSRYS5752098,D,S,D,2024-05-20,1000000.00,4.662003,97.91796875
08:00:30,912810TZ1,TSRYS5752098,D,S,D,2024-05-20,1000000.00,4.65984,97.9453125
08:00:30,912810TZ1,TSRYS5752098,D,S,D,2024-05-20,1000000.00,4.66293,97.90625
08:00:30,912810TZ1,TSRYS5752098,D,S,D,2024-05-20,1000000.00,4.657368,97.9765625
08:00:30,912810TZ1,TSRYS5752098,D,S,D,2024-05-20,1000000.00,4.654435,98.013671875
08:00:30,912810TZ1,TSRYS5752098,D,S,D,2024-05-20,1000000.00,4.654589,98.01171875
08:00:30,912810TZ1,TSRYS5752098,D,S,D,2024-05-20,1000000.00,4.654435,98.013671875
08:00:30,912810TZ1,TSRYS5752098,D,S,D,2024-05-20,2000000.00,4.661694,97.921875
08:00:30,912810TZ1,TSRYS5752098,D,S,D,2024-05-20,2000000.00,4.661694,97.921875
08:00:30,912810TZ1,TSRYS5752098,D,S,D,2024-05-20,2000000.00,4.661539,97.923828125
08:00:30,912810TZ1,TSRYS5752098,D,S,D,2024-05-20,2000000.00,4.656596,97.986328125
08:00:30,912810TZ1,TSRYS5752098,D,S,D,2024-05-20,2000000.00,4.656751,97.984375
08:00:30,912810TZ1,TSRYS5752098,D,S,D,2024-05-20,2000000.00,4.659994,97.943359375
08:00:30,912810TZ1,TSRYS5752098,D,S,D,2024-05-20,1000000.00,4.659994,97.943359375
08:00:30,912810TZ1,TSRYS5752098,D,S,D,2024-05-20,1000000.00,4.660303,97.939453125
08:00:30,912810TZ1,TSRYS5752098,D,S,D,2024-05-20,1000000.00,4.660303,97.939453125
08:00:30,912810TZ1,TSRYS5752098,D,S,D,2024-05-20,1000000.00,4.661539,97.923828125
08:00:30,912810TZ1,TSRYS5752098,D,S,D,2024-05-20,1000000.00,4.662776,97.908203125
08:00:30,912810TZ1,TSRYS5752098,D,S,D,2024-05-20,1000000.00,4.662776,97.908203125
08:00:30,912810TZ1,TSRYS5752098,D,S,T,2024-05-20,1000000.00,4.657986,97.96875
08:00:30,912810TZ1,TSRYS5752098,D,S,T,2024-05-20,1000000.00,4.657986,97.96875
08:00:33,912810TZ1,TSRYS5752098,D,S,T,2024-05-20,1000000.00,4.660921,97.931640625
08:00:33,912810TZ1,TSRYS5752098,D,S,T,2024-05-20,1000000.00,4.660767,97.93359375
08:00:33,912810TZ1,TSRYS5752098,D,S,D,2024-05-20,1000000.00,4.657368,97.9765625
08:00:33,912810TZ1,TSRYS5752098,D,S,D,2024-05-20,30000.00,4.657368,97.9765625
08:00:33,912810TZ1,TSRYS5752098,D,S,A,2024-05-20,636000.00,4.666641,97.859375
08:00:33,912810TZ1,TSRYS5752098,D,B,C,2024-05-20,8000000.00,4.66726,97.8515625
08:00:33,912810TZ1,TSRYS5752098,D,S,T,2024-05-20,2000000.00,4.666796,97.857421875
08:00:33,912810TZ1,TSRYS5752098,D,S,T,2024-05-20,2000000.00,4.666796,97.857421875
08:00:33,912810TZ1,TSRYS5752098,D,S,A,2024-05-20,5000.00,4.661385,97.92578125
08:00:33,912810TZ1,TSRYS5752098,D,B,C,2024-05-20,4000000.00,4.655207,98.00390625
08:00:33,912810TZ1,TSRYS5752098,D,S,T,2024-05-20,1000000.00,4.65814,97.966796875
08:00:33,912810TZ1,TSRYS5752098,D,S,T,2024-05-20,1000000.00,4.662621,97.91015625
08:00:33,912810TZ1,TSRYS5752098,D,S,T,2024-05-20,1000000.00,4.659222,97.953125
08:00:33,912810TZ1,TSRYS5752098,D,S,T,2024-05-20,1000000.00,4.659222,97.953125
08:00:33,912810TZ1,TSRYS5752098,D,S,T,2024-05-20,1000000.00,4.659222,97.953125
08:00:33,912810TZ1,TSRYS5752098,D,S,T,2024-05-20,1000000.00,4.659222,97.953125
08:00:33,912810TZ1,TSRYS5752098,D,S,T,2024-05-20,1000000.00,4.659222,97.953125
08:00:33,912810TZ1,TSRYS5752098,D,S,T,2024-05-20,1000000.00,4.659222,97.953125
08:00:33,912810TZ1,TSRYS5752098,D,S,T,2024-05-20,1000000.00,4.660458,97.9375
08:00:33,912810TZ1,TSRYS5752098,D,S,T,2024-05-20,1000000.00,4.660458,97.9375
08:00:33,912810TZ1,TSRYS5752098,D,B,A,2024-05-20,230000.00,4.65984,97.9453125
08:00:33,912810TZ1,TSRYS5752098,D,B,A,2024-05-20,150000.00,4.660149,97.94140625
08:00:33,912810TZ1,TSRYS5752098,D,B,A,2024-05-20,90000.00,4.659222,97.953125
08:00:38,912810TZ1,TSRYS5752098,D,S,C,2024-05-20,500000.00,4.655824,97.99609375
08:00:38,912810TZ1,TSRYS5752098,D,S,C,2024-05-20,1470000.00,4.654281,98.015625
08:00:41,912810TZ1,TSRYS5752098,D,S,T,2024-05-20,2000000.00,4.65567,97.998046875
08:00:42,912810TZ1,TSRYS5752098,D,S,T,2024-05-20,1000000.00,4.654281,98.015625
08:00:44,912810TZ1,TSRYS5752098,D,S,A,2024-05-20,409000.00,4.666022,97.867188
08:00:46,912810TZ1,TSRYS5752098,D,S,C,2024-05-20,30000.00,4.657337,97.99362916667
08:00:46,912810TZ1,TSRYS5752098,D,B,A,2024-05-20,409000.00,4.661616,97.922851562
08:00:53,912810TZ1,TSRYS5752098,D,S,A,2024-05-20,3990000.00,4.654898,98.0078125
08:00:55,912810TZ1,TSRYS5752098,D,S,D,2024-05-20,820000.00,4.655824,97.99609375
08:01:00,912810TZ1,TSRYS5752098,D,S,C,2024-05-20,1000000.00,4.661694,97.921875
08:01:00,912810TZ1,TSRYS5752098,D,S,C,2024-05-20,1000000.00,4.657986,97.96875
08:01:00,912810TZ1,TSRYS5752098,D,S,C,2024-05-20,1000000.00,4.651812,98.046875
08:01:00,912810TZ1,TSRYS5752098,D,B,C,2024-05-20,1000000.00,4.651812,98.046875
08:01:00,912810TZ1,TSRYS5752098,D,S,C,2024-05-20,1000000.00,4.656442,97.98828125
08:01:00,912810TZ1,TSRYS5752098,D,S,C,2024-05-20,1000000.00,4.656751,97.984375
08:01:00,912810TZ1,TSRYS5752098,D,S,C,2024-05-20,1000000.00,4.654281,98.015625
08:01:00,912810TZ1,TSRYS5752098,D,S,C,2024-05-20,1000000.00,4.656751,97.984375
08:01:00,912810TZ1,TSRYS5752098,D,S,C,2024-05-20,1000000.00,4.654281,98.015625
08:01:00,912810TZ1,TSRYS5752098,D,S,C,2024-05-20,1000000.00,4.651812,98.046875
08:01:00,912810TZ1,TSRYS5752098,D,B,C,2024-05-20,1000000.00,4.651812,98.046875
08:01:00,912810TZ1,TSRYS5752098,D,S,C,2024-05-20,1000000.00,4.651812,98.046875
08:01:00,912810TZ1,TSRYS5752098,D,S,C,2024-05-20,1000000.00,4.654281,98.015625
08:01:00,912810TZ1,TSRYS5752098,D,S,D,2024-05-20,1000000.00,4.657986,97.96875
08:01:00,912810TZ1,TSRYS5752098,D,S,D,2024-05-20,1000000.00,4.657986,97.96875
08:01:00,912810TZ1,TSRYS5752098,D,S,D,2024-05-20,1000000.00,4.657986,97.96875
08:01:00,912810TZ1,TSRYS5752098,D,B,C,2024-05-20,2000000.00,4.664167,97.890625
08:01:00,912810TZ1,TSRYS5752098,D,S,D,2024-05-20,1000000.00,4.657986,97.96875
08:01:00,912810TZ1,TSRYS5752098,D,S,C,2024-05-20,2000000.00,4.664167,97.890625
08:01:00,912810TZ1,TSRYS5752098,D,S,C,2024-05-20,1000000.00,4.666332,97.86328125
08:01:00,912810TZ1,TSRYS5752098,D,S,C,2024-05-20,1000000.00,4.666641,97.859375
08:01:00,912810TZ1,TSRYS5752098,D,S,C,2024-05-20,1000000.00,4.667878,97.84375
08:01:00,912810TZ1,TSRYS5752098,D,S,C,2024-05-20,1000000.00,4.667878,97.84375
08:01:00,912810TZ1,TSRYS5752098,D,S,C,2024-05-20,1000000.00,4.666641,97.859375
08:01:00,912810TZ1,TSRYS5752098,D,S,C,2024-05-20,1000000.00,4.666022,97.8671875
08:01:00,912810TZ1,TSRYS5752098,D,S,C,2024-05-20,1000000.00,4.666641,97.859375
08:01:00,912810TZ1,TSRYS5752098,D,S,C,2024-05-20,1000000.00,4.667878,97.84375
08:01:00,912810TZ1,TSRYS5752098,D,S,C,2024-05-20,1000000.00,4.667878,97.84375
08:01:00,912810TZ1,TSRYS5752098,D,B,C,2024-05-20,1000000.00,4.666641,97.859375
08:01:00,912810TZ1,TSRYS5752098,D,B,C,2024-05-20,1000000.00,4.666641,97.859375
08:01:00,912810TZ1,TSRYS5752098,D,S,C,2024-05-20,1000000.00,4.664167,97.890625
08:01:00,912810TZ1,TSRYS5752098,D,S,C,2024-05-20,1000000.00,4.667878,97.84375
08:01:00,912810TZ1,TSRYS5752098,D,B,C,2024-05-20,1000000.00,4.664167,97.890625
08:01:01,912810TZ1,TSRYS5752098,D,S,C,2024-05-20,1000000.00,4.664167,97.890625
08:01:01,912810TZ1,TSRYS5752098,D,S,C,2024-05-20,1000000.00,4.661694,97.921875
08:01:01,912810TZ1,TSRYS5752098,D,S,C,2024-05-20,1000000.00,4.662003,97.91796875
08:01:01,912810TZ1,TSRYS5752098,D,S,C,2024-05-20,1000000.00,4.660458,97.9375
08:01:01,912810TZ1,TSRYS5752098,D,B,C,2024-05-20,1000000.00,4.660458,97.9375
08:01:01,912810TZ1,TSRYS5752098,D,S,D,2024-05-20,1000000.00,4.660767,97.93359375
08:01:01,912810TZ1,TSRYS5752098,D,B,C,2024-05-20,1000000.00,4.660767,97.93359375
08:01:01,912810TZ1,TSRYS5752098,D,B,C,2024-05-20,1000000.00,4.667878,97.84375
08:01:01,912810TZ1,TSRYS5752098,D,S,D,2024-05-20,1000000.00,4.667878,97.84375
08:01:01,912810TZ1,TSRYS5752098,D,S,D,2024-05-20,1000000.00,4.657368,97.9765625
08:01:07,912810TZ1,TSRYS5752098,D,S,A,2024-05-20,1000000.00,4.659222,97.953125
08:01:08,912810TZ1,TSRYS5752098,D,S,D,2024-05-20,5000.00,4.653046,98.03125
08:01:11,912810TZ1,TSRYS5752098,D,S,C,2024-05-20,15200000.00,4.577001,99.0
08:01:11,912810TZ1,TSRYS5752098,D,S,A,2024-05-20,2000000.00,4.651195,98.0546875
08:01:12,912810TZ1,TSRYS5752098,D,B,C,2024-05-20,1000000.00,4.657986,97.96875
08:01:12,912810TZ1,TSRYS5752098,D,S,D,2024-05-20,1000000.00,4.657986,97.96875
08:01:13,912810TZ1,TSRYS5752098,D,S,D,2024-05-20,4000000.00,4.657931,97.96945
08:01:13,912810TZ1,TSRYS5752098,D,S,D,2024-05-20,1000000.00,4.657931,97.96945
08:01:13,912810TZ1,TSRYS5752098,D,S,D,2024-05-20,1000000.00,4.657931,97.96945
08:01:13,912810TZ1,TSRYS5752098,D,S,D,2024-05-20,1000000.00,4.657931,97.96945
08:01:13,912810TZ1,TSRYS5752098,D,S,D,2024-05-20,2000000.00,4.657313,97.9772625
08:01:13,912810TZ1,TSRYS5752098,D,B,C,2024-05-20,1000000.00,4.655207,98.00390625
08:01:13,912810TZ1,TSRYS5752098,D,S,D,2024-05-20,1000000.00,4.655207,98.00390625
08:01:14,912810TZ1,TSRYS5752098,D,B,A,2024-05-20,15000000.00,4.662344,97.9136625
08:01:15,912810TZ1,TSRYS5752098,D,B,C,2024-05-20,1000000.00,4.654281,98.015625
08:01:15,912810TZ1,TSRYS5752098,D,S,C,2024-05-20,1000000.00,4.654281,98.015625
08:01:15,912810TZ1,TSRYS5752098,D,B,C,2024-05-20,1000000.00,4.654281,98.015625
08:01:15,912810TZ1,TSRYS5752098,D,S,C,2024-05-20,1000000.00,4.654281,98.015625
08:01:15,912810TZ1,TSRYS5752098,D,S,T,2024-05-20,1000000.00,4.666641,97.859375
08:01:15,912810TZ1,TSRYS5752098,D,S,T,2024-05-20,1000000.00,4.669116,97.828125
08:01:16,912810TZ1,TSRYS5752098,D,S,T,2024-05-20,1000000.00,4.665404,97.875
08:01:16,912810TZ1,TSRYS5752098,D,S,T,2024-05-20,1000000.00,4.663862,97.89448125
08:01:16,912810TZ1,TSRYS5752098,D,S,T,2024-05-20,1000000.00,4.66293,97.90625
08:01:16,912810TZ1,TSRYS5752098,D,S,D,2024-05-20,2000000.00,4.656751,97.984375
08:01:16,912810TZ1,TSRYS5752098,D,S,D,2024-05-20,2000000.00,4.656751,97.984375
08:01:16,912810TZ1,TSRYS5752098,D,B,C,2024-05-20,5000000.00,4.656806,97.98368
08:01:16,912810TZ1,TSRYS5752098,D,S,T,2024-05-20,1000000.00,4.664167,97.890625
08:01:16,912810TZ1,TSRYS5752098,D,S,T,2024-05-20,1000000.00,4.664167,97.890625
08:01:16,912810TZ1,TSRYS5752098,D,S,T,2024-05-20,1000000.00,4.664012,97.89257812
08:01:16,912810TZ1,TSRYS5752098,D,S,C,2024-05-20,15000000.00,4.659592,97.94844
08:01:17,912810TZ1,TSRYS5752098,D,S,A,2024-05-20,20000.00,4.661399,97.92578125
08:01:18,912810TZ1,TSRYS5752098,D,S,T,2024-05-20,1000000.00,4.660458,97.9375
08:01:18,912810TZ1,TSRYS5752098,D,S,T,2024-05-20,1000000.00,4.660458,97.9375
08:01:19,912810TZ1,TSRYS5752098,D,S,A,2024-05-20,1000000.00,4.651195,98.0546875
08:01:20,912810TZ1,TSRYS5752098,D,S,C,2024-05-20,1000000.00,4.651812,98.047025
08:01:20,912810TZ1,TSRYS5752098,D,S,D,2024-05-20,3000000.00,4.654412,98.01396
08:01:20,912810TZ1,TSRYS5752098,D,S,T,2024-05-20,1000000.00,4.655516,98.0
08:01:20,912810TZ1,TSRYS5752098,D,S,T,2024-05-20,1000000.00,4.655516,98.0
08:01:20,912810TZ1,TSRYS5752098,D,S,D,2024-05-20,1000000.00,4.655516,98.0
08:01:20,912810TZ1,TSRYS5752098,D,S,T,2024-05-20,1000000.00,4.655516,98.0
08:01:20,912810TZ1,TSRYS5752098,D,S,D,2024-05-20,1000000.00,4.655516,98.0
08:01:20,912810TZ1,TSRYS5752098,D,S,D,2024-05-20,1000000.00,4.655516,98.0
08:01:20,912810TZ1,TSRYS5752098,D,S,D,2024-05-20,1000000.00,4.655516,98.0
08:01:20,912810TZ1,TSRYS5752098,D,S,D,2024-05-20,1000000.00,4.655516,98.0
08:01:20,912810TZ1,TSRYS5752098,D,S,D,2024-05-20,1000000.00,4.655516,98.0
08:01:21,912810TZ1,TSRYS5752098,D,S,D,2024-05-20,1000000.00,4.655516,98.0
08:01:21,912810TZ1,TSRYS5752098,D,S,D,2024-05-20,1000000.00,4.655516,98.0
08:01:21,912810TZ1,TSRYS5752098,D,S,D,2024-05-20,1000000.00,4.655516,98.0
08:01:21,912810TZ1,TSRYS5752098,D,B,A,2024-05-20,2000000.00,4.670354,97.8125
08:01:21,912810TZ1,TSRYS5752098,D,S,T,2024-05-20,1000000.00,4.669124,97.828023
08:01:21,912810TZ1,TSRYS5752098,D,S,T,2024-05-20,1000000.00,4.669124,97.828023
08:01:21,912810TZ1,TSRYS5752098,D,S,C,2024-05-20,1000000.00,4.655516,98.0
08:01:21,912810TZ1,TSRYS5752098,D,S,C,2024-05-20,1000000.00,4.650578,98.06265
08:01:21,912810TZ1,TSRYS5752098,D,B,C,2024-05-20,1000000.00,4.650578,98.0625
08:01:21,912810TZ1,TSRYS5752098,D,S,T,2024-05-20,1000000.00,4.655516,98.0
08:01:21,912810TZ1,TSRYS5752098,D,S,T,2024-05-20,1000000.00,4.655516,98.0
08:01:21,912810TZ1,TSRYS5752098,D,B,C,2024-05-20,15000000.00,4.655571,97.9993
08:01:22,912810TZ1,TSRYS5752098,D,S,D,2024-05-20,2000000.00,4.66293,97.90625
08:01:22,912810TZ1,TSRYS5752098,D,B,C,2024-05-20,3000000.00,4.662986,97.90555
08:01:22,912810TZ1,TSRYS5752098,D,S,D,2024-05-20,1000000.00,4.66293,97.90625
08:01:24,912810TZ1,TSRYS5752098,D,S,T,2024-05-20,1000000.00,4.660458,97.9375
08:01:25,912810TZ1,TSRYS5752098,D,S,D,2024-05-20,200000.00,4.662003,97.91796875
08:01:25,912810TZ1,TSRYS5752098,D,S,C,2024-05-20,15000000.00,4.660488,97.93711
08:01:25,912810TZ1,TSRYS5752098,D,S,C,2024-05-20,4000000.00,4.662875,97.90695
08:01:25,912810TZ1,TSRYS5752098,D,S,C,2024-05-20,1000000.00,4.66494,97.88085937
08:01:26,912810TZ1,TSRYS5752098,D,S,D,2024-05-20,1000000.00,4.66494,97.88085937
08:01:26,912810TZ1,TSRYS5752098,D,S,T,2024-05-20,1000000.00,4.656751,97.984375
08:01:29,912810TZ1,TSRYS5752098,D,S,C,2024-05-20,1000000.00,4.656751,97.984525
08:01:29,912810TZ1,TSRYS5752098,D,B,C,2024-05-20,1000000.00,4.656751,97.984375
08:01:30,912810TZ1,TSRYS5752098,D,S,T,2024-05-20,1000000.00,4.657523,97.97460937
08:01:30,912810TZ1,TSRYS5752098,D,S,D,2024-05-20,1000000.00,4.657523,97.97460937
08:01:30,912810TZ1,TSRYS5752098,D,S,C,2024-05-20,1000000.00,4.657677,97.97265625
08:01:30,912810TZ1,TSRYS5752098,D,B,A,2024-05-20,999000.00,4.650578,98.0625
08:01:30,912810TZ1,TSRYS5752098,D,S,C,2024-05-20,1000000.00,4.654898,98.0078125
08:01:31,912810TZ1,TSRYS5752098,D,S,C,2024-05-20,10000000.00,4.664905,97.8813
08:01:31,912810TZ1,TSRYS5752098,D,S,T,2024-05-20,1000000.00,4.664167,97.890625
08:01:31,912810TZ1,TSRYS5752098,D,S,T,2024-05-20,1000000.00,4.664167,97.890625
08:01:31,912810TZ1,TSRYS5752098,D,S,D,2024-05-20,1000000.00,4.664167,97.890625
08:01:31,912810TZ1,TSRYS5752098,D,S,T,2024-05-20,1000000.00,4.664167,97.890625
08:01:31,912810TZ1,TSRYS5752098,D,S,D,2024-05-20,2000000.00,4.663239,97.90234375
08:01:31,912810TZ1,TSRYS5752098,D,S,D,2024-05-20,1000000.00,4.66293,97.90625
08:01:32,912810TZ1,TSRYS5752098,D,S,D,2024-05-20,905000.00,4.655516,98.0
08:01:32,912810TZ1,TSRYS5752098,D,B,A,2024-05-20,1740000.00,4.650886,98.05859375
08:01:32,912810TZ1,TSRYS5752098,D,S,T,2024-05-20,1000000.00,4.651822,98.046745
08:01:33,912810TZ1,TSRYS5752098,D,B,A,2024-05-20,4000000.00,4.661416,97.92538125
08:01:33,912810TZ1,TSRYS5752098,D,B,C,2024-05-20,1000000.00,4.657059,97.98046875
08:01:33,912810TZ1,TSRYS5752098,D,S,C,2024-05-20,1000000.00,4.658913,97.95703125
08:01:33,912810TZ1,TSRYS5752098,D,S,C,2024-05-20,1000000.00,4.658913,97.95703125
08:01:34,912810TZ1,TSRYS5752098,D,B,C,2024-05-20,1000000.00,4.657986,97.96875
08:01:34,912810TZ1,TSRYS5752098,D,B,C,2024-05-20,1000000.00,4.657523,97.97460937
08:01:34,912810TZ1,TSRYS5752098,D,S,T,2024-05-20,1000000.00,4.660458,97.9375
08:01:34,912810TZ1,TSRYS5752098,D,S,C,2024-05-20,1000000.00,4.657523,97.97460937
08:01:34,912810TZ1,TSRYS5752098,D,S,C,2024-05-20,1000000.00,4.656442,97.98828125
08:01:34,912810TZ1,TSRYS5752098,D,S,C,2024-05-20,1000000.00,4.656442,97.98828125
08:01:34,912810TZ1,TSRYS5752098,D,S,T,2024-05-20,1000000.00,4.660458,97.9375
08:01:34,912810TZ1,TSRYS5752098,D,S,T,2024-05-20,1000000.00,4.660467,97.937375
08:01:34,912810TZ1,TSRYS5752098,D,B,C,2024-05-20,1000000.00,4.651812,98.046875
08:01:34,912810TZ1,TSRYS5752098,D,S,D,2024-05-20,1000000.00,4.651812,98.046875
08:01:35,912810TZ1,TSRYS5752098,D,S,D,2024-05-20,1000000.00,4.655516,98.0
08:01:35,912810TZ1,TSRYS5752098,D,S,D,2024-05-20,1000000.00,4.655516,98.0
08:01:35,912810TZ1,TSRYS5752098,D,S,D,2024-05-20,1000000.00,4.655516,98.0
08:01:35,912810TZ1,TSRYS5752098,D,S,D,2024-05-20,1000000.00,4.655516,98.0
08:01:35,912810TZ1,TSRYS5752098,D,S,D,2024-05-20,1000000.00,4.655516,98.0
08:01:36,912810TZ1,TSRYS5752098,D,B,C,2024-05-20,1000000.00,4.655207,98.00390625
08:01:36,912810TZ1,TSRYS5752098,D,B,C,2024-05-20,2000000.00,4.653972,98.01953125
08:01:36,912810TZ1,TSRYS5752098,D,S,D,2024-05-20,30000.00,4.655175,98.00430625
08:01:37,912810TZ1,TSRYS5752098,D,S,T,2024-05-20,1000000.00,4.659222,97.953125
08:01:37,912810TZ1,TSRYS5752098,D,S,D,2024-05-20,1000000.00,4.657986,97.96875
08:01:37,912810TZ1,TSRYS5752098,D,B,C,2024-05-20,1000000.00,4.657986,97.96875
08:01:37,912810TZ1,TSRYS5752098,D,S,D,2024-05-20,1000000.00,4.657986,97.96875
08:01:37,912810TZ1,TSRYS5752098,D,S,D,2024-05-20,1000000.00,4.657986,97.96875
08:01:38,912810TZ1,TSRYS5752098,D,S,C,2024-05-20,5000.00,4.651812,98.046875
08:01:38,912810TZ1,TSRYS5752098,D,S,D,2024-05-20,5000.00,4.651812,98.046875
08:01:39,912810TZ1,TSRYS5752098,D,S,A,2024-05-20,36000.00,4.655544,98.0
08:01:40,912810TZ1,TSRYS5752098,D,S,T,2024-05-20,1000000.00,4.656751,97.984375
08:01:40,912810TZ1,TSRYS5752098,D,S,T,2024-05-20,1000000.00,4.656751,97.984375
08:01:40,912810TZ1,TSRYS5752098,D,S,T,2024-05-20,1000000.00,4.656751,97.984375
08:01:40,912810TZ1,TSRYS5752098,D,S,T,2024-05-20,1000000.00,4.656751,97.984375
08:01:40,912810TZ1,TSRYS5752098,D,S,D,2024-05-20,905000.00,4.65555,97.999558011
08:01:41,912810TZ1,TSRYS5752098,D,S,T,2024-05-20,1000000.00,4.654291,98.015495
08:01:42,912810TZ1,TSRYS5752098,D,S,T,2024-05-20,1000000.00,4.655526,97.99987
08:01:42,912810TZ1,TSRYS5752098,D,S,C,2024-05-20,1000000.00,4.653044,98.03145
08:01:44,912810TZ1,TSRYS5752098,D,S,A,2024-05-20,525000.00,4.666641,97.859375
08:01:44,912810TZ1,TSRYS5752098,D,B,C,2024-05-20,1000000.00,4.667878,97.84375
08:01:44,912810TZ1,TSRYS5752098,D,S,C,2024-05-20,1000000.00,4.667878,97.84375
08:01:44,912810TZ1,TSRYS5752098,D,S,C,2024-05-20,1000000.00,4.667878,97.8439
08:01:45,912810TZ1,TSRYS5752098,D,B,C,2024-05-20,1000000.00,4.669116,97.828125
08:01:45,912810TZ1,TSRYS5752098,D,S,D,2024-05-20,1000000.00,4.669116,97.828125
08:01:45,912810TZ1,TSRYS5752098,D,B,C,2024-05-20,1000000.00,4.657677,97.97265625
08:01:45,912810TZ1,TSRYS5752098,D,S,T,2024-05-20,1000000.00,4.660458,97.9375
08:01:45,912810TZ1,TSRYS5752098,D,S,T,2024-05-20,1000000.00,4.660458,97.9375
08:01:47,912810TZ1,TSRYS5752098,D,S,A,2024-05-20,340000.00,4.666332,97.86328125
08:01:49,912810TZ1,TSRYS5752098,D,S,T,2024-05-20,1000000.00,4.66293,97.90625
08:01:49,912810TZ1,TSRYS5752098,D,S,T,2024-05-20,1000000.00,4.663085,97.904296875
08:01:49,912810TZ1,TSRYS5752098,D,S,T,2024-05-20,1000000.00,4.66293,97.90625
08:01:50,912810TZ1,TSRYS5752098,D,S,A,2024-05-20,237000.00,4.657986,97.96875
08:01:51,912810TZ1,TSRYS5752098,D,S,D,2024-05-20,1000000.00,4.664012,97.892578125
08:01:51,912810TZ1,TSRYS5752098,D,S,D,2024-05-20,1000000.00,4.663548,97.8984375
08:01:51,912810TZ1,TSRYS5752098,D,S,D,2024-05-20,1000000.00,4.660458,97.9375
08:01:51,912810TZ1,TSRYS5752098,D,S,D,2024-05-20,1000000.00,4.660458,97.9375
08:01:53,912810TZ1,TSRYS5752098,D,S,A,2024-05-20,270000.00,4.660458,97.9375
08:01:53,912810TZ1,TSRYS5752098,D,S,T,2024-05-20,1000000.00,4.660458,97.9375
08:01:54,912810TZ1,TSRYS5752098,D,B,A,2024-05-20,4000000.00,4.661725,97.921475
08:01:54,912810TZ1,TSRYS5752098,D,S,T,2024-05-20,1000000.00,4.660458,97.9375
08:01:55,912810TZ1,TSRYS5752098,D,S,T,2024-05-20,1000000.00,4.657986,97.96875
08:01:56,912810TZ1,TSRYS5752098,D,S,A,2024-05-20,400000.00,4.666641,97.859375
08:01:57,912810TZ1,TSRYS5752098,D,S,A,2024-05-20,20000.00,4.667878,97.84375
08:01:57,912810TZ1,TSRYS5752098,D,S,A,2024-05-20,50000.00,4.667878,97.84375
08:01:58,912810TZ1,TSRYS5752098,D,S,D,2024-05-20,1000000.00,4.660921,97.931640625
08:01:58,912810TZ1,TSRYS5752098,D,S,D,2024-05-20,1000000.00,4.660921,97.931640625
08:01:58,912810TZ1,TSRYS5752098,D,B,C,2024-05-20,1000000.00,4.660921,97.931640625
08:01:58,912810TZ1,TSRYS5752098,D,S,D,2024-05-20,1000000.00,4.660767,97.93359375
08:01:59,912810TZ1,TSRYS5752098,D,B,A,2024-05-20,584000.00,4.665713,97.87109375
08:01:59,912810TZ1,TSRYS5752098,D,S,A,2024-05-20,450000.00,4.667878,97.84375
08:01:59,912810TZ1,TSRYS5752098,D,S,A,2024-05-20,84400.00,4.667909,97.84375
08:02:01,912810TZ1,TSRYS5752098,D,S,C,2024-05-20,7500000.00,4.653014,98.03165
08:02:01,912810TZ1,TSRYS5752098,D,B,A,2024-05-20,11683000.00,4.670354,97.8125
08:02:03,912810TZ1,TSRYS5752098,D,S,A,2024-05-20,142000.00,4.660458,97.9375
08:02:03,912810TZ1,TSRYS5752098,D,S,C,2024-05-20,1000000.00,4.654281,98.015625
08:02:03,912810TZ1,TSRYS5752098,D,B,C,2024-05-20,1000000.00,4.654296,98.015425
08:02:03,912810TZ1,TSRYS5752098,D,S,C,2024-05-20,1000000.00,4.655498,98.000227
08:02:04,912810TZ1,TSRYS5752098,D,S,C,2024-05-20,820000.00,4.655516,98.0
08:02:04,912810TZ1,TSRYS5752098,D,S,A,2024-05-20,120000.00,4.657986,97.96875
08:02:04,912810TZ1,TSRYS5752098,D,B,C,2024-05-20,1000000.00,4.654281,98.015625
08:02:04,912810TZ1,TSRYS5752098,D,S,D,2024-05-20,1000000.00,4.654281,98.015625
08:02:05,912810TZ1,TSRYS5752098,D,B,C,2024-05-20,1000000.00,4.650578,98.0625
08:02:05,912810TZ1,TSRYS5752098,D,S,D,2024-05-20,1000000.00,4.650567,98.06263
08:02:06,912810TZ1,TSRYS5752098,D,S,C,2024-05-20,1000000.00,4.651794,98.047102
08:02:06,912810TZ1,TSRYS5752098,D,S,D,2024-05-20,1000000.00,4.651812,98.046875
08:02:06,912810TZ1,TSRYS5752098,D,B,C,2024-05-20,1000000.00,4.651828,98.046675
08:02:06,912810TZ1,TSRYS5752098,D,B,C,2024-05-20,1000000.00,4.650578,98.0625
08:02:06,912810TZ1,TSRYS5752098,D,S,C,2024-05-20,1000000.00,4.65056,98.062727
08:02:06,912810TZ1,TSRYS5752098,D,S,D,2024-05-20,1000000.00,4.650578,98.0625
08:02:07,912810TZ1,TSRYS5752098,D,S,C,2024-05-20,1000000.00,4.653028,98.031477
08:02:07,912810TZ1,TSRYS5752098,D,B,C,2024-05-20,1000000.00,4.653062,98.03105
08:02:07,912810TZ1,TSRYS5752098,D,S,C,2024-05-20,1000000.00,4.659222,97.953125
08:02:08,912810TZ1,TSRYS5752098,D,B,C,2024-05-20,1000000.00,4.660458,97.9375
08:02:08,912810TZ1,TSRYS5752098,D,S,C,2024-05-20,1000000.00,4.660458,97.9375
08:02:08,912810TZ1,TSRYS5752098,D,S,D,2024-05-20,1000000.00,4.660612,97.935546875
08:02:08,912810TZ1,TSRYS5752098,D,B,C,2024-05-20,1000000.00,4.660612,97.935546875
08:02:08,912810TZ1,TSRYS5752098,D,B,A,2024-05-20,253000.00,4.658604,97.9609375
08:02:08,912810TZ1,TSRYS5752098,D,S,C,2024-05-20,1000000.00,4.656733,97.984602
08:02:08,912810TZ1,TSRYS5752098,D,S,D,2024-05-20,1000000.00,4.65674,97.984505
08:02:08,912810TZ1,TSRYS5752098,D,B,C,2024-05-20,1000000.00,4.656751,97.984375
08:02:08,912810TZ1,TSRYS5752098,D,S,D,2024-05-20,1000000.00,4.656751,97.984375
08:02:08,912810TZ1,TSRYS5752098,D,S,C,2024-05-20,1000000.00,4.656733,97.984602
08:02:08,912810TZ1,TSRYS5752098,D,S,D,2024-05-20,1000000.00,4.656751,97.984375
08:02:08,912810TZ1,TSRYS5752098,D,S,D,2024-05-20,1000000.00,4.656751,97.984375
08:02:09,912810TZ1,TSRYS5752098,D,B,C,2024-05-20,1000000.00,4.661694,97.921875
08:02:09,912810TZ1,TSRYS5752098,D,S,D,2024-05-20,1000000.00,4.654281,98.015625
08:02:09,912810TZ1,TSRYS5752098,D,B,C,2024-05-20,1000000.00,4.654281,98.015625
08:02:09,912810TZ1,TSRYS5752098,D,S,D,2024-05-20,1000000.00,4.661694,97.921875
08:02:09,912810TZ1,TSRYS5752098,D,S,D,2024-05-20,1000000.00,4.655507,98.000102
08:02:12,912810TZ1,TSRYS5752098,D,S,D,2024-05-20,2000000.00,4.666796,97.857421875
08:02:13,912810TZ1,TSRYS5752098,D,S,C,2024-05-20,2490000.00,4.653972,98.01953125
08:02:13,912810TZ1,TSRYS5752098,D,S,D,2024-05-20,2000000.00,4.666796,97.857421875
08:02:14,912810TZ1,TSRYS5752098,D,S,C,2024-05-20,1000000.00,4.666641,97.859375
08:02:14,912810TZ1,TSRYS5752098,D,B,C,2024-05-20,1000000.00,4.666641,97.859375
08:02:20,912810TZ1,TSRYS5752098,D,S,D,2024-05-20,1000000.00,4.653972,98.01953125
08:02:20,912810TZ1,TSRYS5752098,D,S,D,2024-05-20,1000000.00,4.651812,98.046875
08:02:21,912810TZ1,TSRYS5752098,D,S,C,2024-05-20,1000000.00,4.654263,98.015852
08:02:21,912810TZ1,TSRYS5752098,D,B,C,2024-05-20,1000000.00,4.654296,98.015425
08:02:21,912810TZ1,TSRYS5752098,D,S,C,2024-05-20,1000000.00,4.654269,98.015775
08:02:21,912810TZ1,TSRYS5752098,D,S,D,2024-05-20,1000000.00,4.654281,98.015625
08:02:21,912810TZ1,TSRYS5752098,D,S,D,2024-05-20,1000000.00,4.654281,98.015625
08:02:21,912810TZ1,TSRYS5752098,D,B,C,2024-05-20,1000000.00,4.654281,98.015625
08:02:21,912810TZ1,TSRYS5752098,D,B,C,2024-05-20,1000000.00,4.654296,98.015425
08:02:21,912810TZ1,TSRYS5752098,D,S,C,2024-05-20,1000000.00,4.655516,98.0
08:02:21,912810TZ1,TSRYS5752098,D,B,C,2024-05-20,1000000.00,4.654296,98.015425
08:02:21,912810TZ1,TSRYS5752098,D,S,C,2024-05-20,1000000.00,4.654263,98.015852
08:02:21,912810TZ1,TSRYS5752098,D,S,C,2024-05-20,4100000.00,4.660735,97.93399375
08:02:21,912810TZ1,TSRYS5752098,D,B,C,2024-05-20,1000000.00,4.653062,98.03105
08:02:21,912810TZ1,TSRYS5752098,D,S,D,2024-05-20,1000000.00,4.653046,98.03125
08:02:21,912810TZ1,TSRYS5752098,D,B,C,2024-05-20,1000000.00,4.653046,98.03125
08:02:21,912810TZ1,TSRYS5752098,D,S,D,2024-05-20,1000000.00,4.653046,98.03125
08:02:21,912810TZ1,TSRYS5752098,D,S,D,2024-05-20,1000000.00,4.653046,98.03125
08:02:21,912810TZ1,TSRYS5752098,D,S,D,2024-05-20,1000000.00,4.653046,98.03125
08:02:21,912810TZ1,TSRYS5752098,D,B,C,2024-05-20,1000000.00,4.65306,98.031075
08:02:21,912810TZ1,TSRYS5752098,D,S,D,2024-05-20,1000000.00,4.653046,98.03125
08:02:21,912810TZ1,TSRYS5752098,D,B,C,2024-05-20,1000000.00,4.65306,98.031075
08:02:21,912810TZ1,TSRYS5752098,D,S,C,2024-05-20,400000.00,4.661105,97.9296875
08:02:21,912810TZ1,TSRYS5752098,D,S,D,2024-05-20,1000000.00,4.653046,98.03125
08:02:21,912810TZ1,TSRYS5752098,D,B,C,2024-05-20,1000000.00,4.65306,98.031075
08:02:21,912810TZ1,TSRYS5752098,D,S,D,2024-05-20,1000000.00,4.653046,98.03125
08:02:21,912810TZ1,TSRYS5752098,D,S,D,2024-05-20,1000000.00,4.653046,98.03125
08:02:21,912810TZ1,TSRYS5752098,D,S,D,2024-05-20,1000000.00,4.653046,98.03125
08:02:21,912810TZ1,TSRYS5752098,D,B,C,2024-05-20,1000000.00,4.65306,98.031075
08:02:21,912810TZ1,TSRYS5752098,D,B,C,2024-05-20,1000000.00,4.65306,98.031075
08:02:21,912810TZ1,TSRYS5752098,D,S,D,2024-05-20,1000000.00,4.653046,98.03125
08:02:21,912810TZ1,TSRYS5752098,D,B,C,2024-05-20,1000000.00,4.65306,98.031075
08:02:21,912810TZ1,TSRYS5752098,D,S,A,2024-05-20,800000.00,4.655516,98.0
08:02:21,912810TZ1,TSRYS5752098,D,S,D,2024-05-20,1000000.00,4.653036,98.03138
08:02:21,912810TZ1,TSRYS5752098,D,S,C,2024-05-20,200000.00,4.667909,97.84375
08:02:21,912810TZ1,TSRYS5752098,D,B,C,2024-05-20,1000000.00,4.65306,98.031075
08:02:21,912810TZ1,TSRYS5752098,D,S,C,2024-05-20,1000000.00,4.669116,97.828125
08:02:21,912810TZ1,TSRYS5752098,D,S,C,2024-05-20,1000000.00,4.654281,98.015625
08:02:21,912810TZ1,TSRYS5752098,D,S,D,2024-05-20,310000.00,4.661385,97.92578125
08:02:21,912810TZ1,TSRYS5752098,D,S,C,2024-05-20,1000000.00,4.654281,98.015625
08:02:21,912810TZ1,TSRYS5752098,D,B,C,2024-05-20,1000000.00,4.654281,98.015625
08:02:21,912810TZ1,TSRYS5752098,D,S,C,2024-05-20,253000.00,4.658604,97.9609375
08:02:21,912810TZ1,TSRYS5752098,D,S,D,2024-05-20,1000000.00,4.654281,98.015625
08:02:21,912810TZ1,TSRYS5752098,D,S,C,2024-05-20,4800000.00,4.654249,98.016025
08:02:21,912810TZ1,TSRYS5752098,D,S,D,2024-05-20,1000000.00,4.654281,98.015625
08:02:21,912810TZ1,TSRYS5752098,D,B,C,2024-05-20,1000000.00,4.654296,98.015425
08:02:21,912810TZ1,TSRYS5752098,D,B,C,2024-05-20,1000000.00,4.654281,98.015625
08:02:22,912810TZ1,TSRYS5752098,D,S,C,2024-05-20,1000000.00,4.656735,97.984575
08:02:22,912810TZ1,TSRYS5752098,D,B,A,2024-05-20,1370000.00,4.668188,97.83984375
08:02:22,912810TZ1,TSRYS5752098,D,B,C,2024-05-20,1000000.00,4.664167,97.89045
08:02:22,912810TZ1,TSRYS5752098,D,S,C,2024-05-20,1000000.00,4.664167,97.890625
08:02:24,912810TZ1,TSRYS5752098,D,S,D,2024-05-20,1000000.00,4.66293,97.90625
08:02:24,912810TZ1,TSRYS5752098,D,S,D,2024-05-20,1000000.00,4.663085,97.904296875
08:02:24,912810TZ1,TSRYS5752098,D,S,C,2024-05-20,1000000.00,4.66293,97.90625
08:02:24,912810TZ1,TSRYS5752098,D,S,D,2024-05-20,1000000.00,4.667878,97.84375
08:02:24,912810TZ1,TSRYS5752098,D,B,C,2024-05-20,1000000.00,4.667892,97.843575
08:02:24,912810TZ1,TSRYS5752098,D,S,C,2024-05-20,1000000.00,4.66786,97.843977
08:02:24,912810TZ1,TSRYS5752098,D,S,C,2024-05-20,1000000.00,4.66786,97.843977
08:02:24,912810TZ1,TSRYS5752098,D,S,C,2024-05-20,1000000.00,4.66786,97.843977
08:02:25,912810TZ1,TSRYS5752098,D,B,C,2024-05-20,1000000.00,4.667892,97.843575
08:02:25,912810TZ1,TSRYS5752098,D,S,C,2024-05-20,1000000.00,4.667878,97.84375
08:02:25,912810TZ1,TSRYS5752098,D,B,C,2024-05-20,1000000.00,4.667892,97.843575
08:02:25,912810TZ1,TSRYS5752098,D,S,C,2024-05-20,1000000.00,4.667878,97.84375
08:02:25,912810TZ1,TSRYS5752098,D,S,D,2024-05-20,1000000.00,4.667878,97.84375
08:02:25,912810TZ1,TSRYS5752098,D,B,C,2024-05-20,1000000.00,4.667892,97.843575
08:02:25,912810TZ1,TSRYS5752098,D,S,C,2024-05-20,1000000.00,4.66786,97.843977
08:02:25,912810TZ1,TSRYS5752098,D,B,C,2024-05-20,1000000.00,4.667892,97.843575
08:02:25,912810TZ1,TSRYS5752098,D,S,C,2024-05-20,1000000.00,4.666623,97.859602
08:02:26,912810TZ1,TSRYS5752098,D,S,C,2024-05-20,30000.00,4.655175,98.02097291667
08:02:26,912810TZ1,TSRYS5752098,D,S,C,2024-05-20,1000000.00,4.667863,97.84395
08:02:26,912810TZ1,TSRYS5752098,D,S,C,2024-05-20,1000000.00,4.667863,97.84395
08:02:26,912810TZ1,TSRYS5752098,D,S,D,2024-05-20,1000000.00,4.667878,97.84375
08:02:26,912810TZ1,TSRYS5752098,D,S,C,2024-05-20,1000000.00,4.667863,97.84395
08:02:27,912810TZ1,TSRYS5752098,D,B,C,2024-05-20,1000000.00,4.666641,97.859375
08:02:27,912810TZ1,TSRYS5752098,D,S,D,2024-05-20,1000000.00,4.666631,97.859505
08:02:27,912810TZ1,TSRYS5752098,D,S,C,2024-05-20,1000000.00,4.669116,97.828125
08:02:27,912810TZ1,TSRYS5752098,D,S,D,2024-05-20,1000000.00,4.669116,97.828125
08:02:27,912810TZ1,TSRYS5752098,D,S,C,2024-05-20,1000000.00,4.667878,97.84375
08:02:28,912810TZ1,TSRYS5752098,D,S,C,2024-05-20,1000000.00,4.666641,97.859375
08:02:28,912810TZ1,TSRYS5752098,D,B,C,2024-05-20,1000000.00,4.666657,97.859175
08:02:28,912810TZ1,TSRYS5752098,D,S,D,2024-05-20,1000000.00,4.665404,97.875
08:02:29,912810TZ1,TSRYS5752098,D,S,D,2024-05-20,1000000.00,4.66293,97.90625
08:02:30,912810TZ1,TSRYS5752098,D,S,D,2024-05-20,1000000.00,4.664167,97.890625
08:02:31,912810TZ1,TSRYS5752098,D,S,C,2024-05-20,1000000.00,4.660458,97.9375
08:02:32,912810TZ1,TSRYS5752098,D,S,A,2024-05-20,480000.00,4.666641,97.859375
08:02:32,912810TZ1,TSRYS5752098,D,S,C,2024-05-20,1000000.00,4.66293,97.90625
08:02:32,912810TZ1,TSRYS5752098,D,S,D,2024-05-20,1000000.00,4.657523,97.974609375
08:02:32,912810TZ1,TSRYS5752098,D,B,C,2024-05-20,1000000.00,4.66293,97.90625
08:02:33,912810TZ1,TSRYS5752098,D,S,C,2024-05-20,1000000.00,4.664167,97.890625
08:02:35,912810TZ1,TSRYS5752098,D,S,D,2024-05-20,1000000.00,4.660442,97.9377
08:02:35,912810TZ1,TSRYS5752098,D,B,C,2024-05-20,1000000.00,4.660475,97.937275
08:02:35,912810TZ1,TSRYS5752098,D,B,C,2024-05-20,1000000.00,4.660475,97.937275
08:02:35,912810TZ1,TSRYS5752098,D,S,D,2024-05-20,1000000.00,4.660442,97.9377
08:02:35,912810TZ1,TSRYS5752098,D,S,D,2024-05-20,1000000.00,4.65814,97.966796875
08:02:35,912810TZ1,TSRYS5752098,D,B,C,2024-05-20,4000000.00,4.655856,97.99569375
08:02:37,912810TZ1,TSRYS5752098,D,S,D,2024-05-20,1000000.00,4.662621,97.91015625
08:02:38,912810TZ1,TSRYS5752098,D,S,D,2024-05-20,1000000.00,4.660442,97.9377
08:02:38,912810TZ1,TSRYS5752098,D,S,D,2024-05-20,1000000.00,4.660442,97.9377
08:02:38,912810TZ1,TSRYS5752098,D,S,D,2024-05-20,1000000.00,4.660458,97.9375
08:02:38,912810TZ1,TSRYS5752098,D,S,D,2024-05-20,1000000.00,4.660458,97.9375
08:02:38,912810TZ1,TSRYS5752098,D,B,C,2024-05-20,1000000.00,4.660458,97.9375
08:02:38,912810TZ1,TSRYS5752098,D,B,C,2024-05-20,1000000.00,4.660458,97.9375
08:02:38,912810TZ1,TSRYS5752098,D,B,C,2024-05-20,1000000.00,4.660458,97.9375
08:02:38,912810TZ1,TSRYS5752098,D,S,D,2024-05-20,1000000.00,4.660458,97.9375
08:02:39,912810TZ1,TSRYS5752098,D,S,C,2024-05-20,1000000.00,4.664167,97.890625
08:02:39,912810TZ1,TSRYS5752098,D,S,C,2024-05-20,1000000.00,4.664167,97.890625
08:02:39,912810TZ1,TSRYS5752098,D,S,D,2024-05-20,1000000.00,4.664167,97.890625
08:02:39,912810TZ1,TSRYS5752098,D,S,D,2024-05-20,1000000.00,4.660442,97.9377
08:02:39,912810TZ1,TSRYS5752098,D,B,C,2024-05-20,1000000.00,4.662944,97.906075
08:02:39,912810TZ1,TSRYS5752098,D,B,C,2024-05-20,1000000.00,4.662944,97.906075
08:02:39,912810TZ1,TSRYS5752098,D,S,D,2024-05-20,1000000.00,4.662914,97.90645
08:02:39,912810TZ1,TSRYS5752098,D,S,D,2024-05-20,1000000.00,4.662914,97.90645
08:02:39,912810TZ1,TSRYS5752098,D,B,C,2024-05-20,1000000.00,4.662944,97.906075
08:02:39,912810TZ1,TSRYS5752098,D,S,D,2024-05-20,1000000.00,4.662914,97.90645
08:02:40,912810TZ1,TSRYS5752098,D,S,C,2024-05-20,10000.00,4.654898,98.0078125
08:02:40,912810TZ1,TSRYS5752098,D,B,C,2024-05-20,1000000.00,4.653972,98.01953125
08:02:41,912810TZ1,TSRYS5752098,D,S,D,2024-05-20,1000000.00,4.660458,97.9375
08:02:41,912810TZ1,TSRYS5752098,D,B,C,2024-05-20,1000000.00,4.660458,97.9375
08:02:41,912810TZ1,TSRYS5752098,D,B,C,2024-05-20,1000000.00,4.660471,97.937325
08:02:42,912810TZ1,TSRYS5752098,D,S,D,2024-05-20,1000000.00,4.660458,97.9375
08:02:42,912810TZ1,TSRYS5752098,D,B,C,2024-05-20,2000000.00,4.660471,97.937325
08:02:42,912810TZ1,TSRYS5752098,D,S,C,2024-05-20,1000000.00,4.660458,97.9375
08:02:42,912810TZ1,TSRYS5752098,D,S,D,2024-05-20,2000000.00,4.660458,97.9375
08:02:44,912810TZ1,TSRYS5752098,D,S,C,2024-05-20,1000000.00,4.661694,97.921875
08:02:44,912810TZ1,TSRYS5752098,D,B,C,2024-05-20,1000000.00,4.661694,97.921875
08:02:44,912810TZ1,TSRYS5752098,D,S,C,2024-05-20,1000000.00,4.661694,97.921875
08:02:45,912810TZ1,TSRYS5752098,D,B,C,2024-05-20,1000000.00,4.667892,97.843575
08:02:45,912810TZ1,TSRYS5752098,D,S,D,2024-05-20,1000000.00,4.667868,97.84388
08:02:45,912810TZ1,TSRYS5752098,D,B,C,2024-05-20,1000000.00,4.667892,97.843575
08:02:45,912810TZ1,TSRYS5752098,D,S,D,2024-05-20,1000000.00,4.667878,97.84375
08:02:46,912810TZ1,TSRYS5752098,D,B,C,2024-05-20,1000000.00,4.666641,97.859375
08:02:46,912810TZ1,TSRYS5752098,D,S,C,2024-05-20,1000000.00,4.666641,97.859375
08:02:46,912810TZ1,TSRYS5752098,D,B,A,2024-05-20,49000.00,4.661328,97.9265
08:02:46,912810TZ1,TSRYS5752098,D,S,C,2024-05-20,1000000.00,4.667878,97.84375
08:02:46,912810TZ1,TSRYS5752098,D,B,C,2024-05-20,1000000.00,4.667892,97.843575
08:02:48,912810TZ1,TSRYS5752098,D,B,C,2024-05-20,1000000.00,4.669116,97.828125
08:02:48,912810TZ1,TSRYS5752098,D,S,D,2024-05-20,1000000.00,4.669106,97.828255
08:02:48,912810TZ1,TSRYS5752098,D,B,C,2024-05-20,1000000.00,4.669116,97.828125
08:02:48,912810TZ1,TSRYS5752098,D,S,D,2024-05-20,1000000.00,4.669106,97.828255
08:02:48,912810TZ1,TSRYS5752098,D,S,D,2024-05-20,1000000.00,4.6691,97.828325
08:02:48,912810TZ1,TSRYS5752098,D,S,D,2024-05-20,1000000.00,4.6691,97.828325
08:02:48,912810TZ1,TSRYS5752098,D,S,D,2024-05-20,1000000.00,4.660458,97.9375
08:02:48,912810TZ1,TSRYS5752098,D,S,D,2024-05-20,1000000.00,4.657986,97.96875
08:02:48,912810TZ1,TSRYS5752098,D,S,D,2024-05-20,1000000.00,4.657214,97.978515625
08:02:51,912810TZ1,TSRYS5752098,D,B,C,2024-05-20,1000000.00,4.66171,97.921675
08:02:51,912810TZ1,TSRYS5752098,D,S,D,2024-05-20,1000000.00,4.665404,97.875
08:02:51,912810TZ1,TSRYS5752098,D,B,C,2024-05-20,1000000.00,4.665418,97.874825
08:02:51,912810TZ1,TSRYS5752098,D,B,C,2024-05-20,1000000.00,4.66542,97.8748
08:02:51,912810TZ1,TSRYS5752098,D,S,D,2024-05-20,1000000.00,4.665404,97.875
08:02:51,912810TZ1,TSRYS5752098,D,S,D,2024-05-20,1000000.00,4.665404,97.875
08:02:51,912810TZ1,TSRYS5752098,D,B,C,2024-05-20,1000000.00,4.665418,97.874825
08:02:51,912810TZ1,TSRYS5752098,D,S,D,2024-05-20,1000000.00,4.664167,97.890625
08:02:51,912810TZ1,TSRYS5752098,D,S,C,2024-05-20,1000000.00,4.661694,97.921875
08:02:51,912810TZ1,TSRYS5752098,D,S,D,2024-05-20,1000000.00,4.664167,97.890625
08:02:51,912810TZ1,TSRYS5752098,D,B,C,2024-05-20,1000000.00,4.664167,97.890625
08:02:51,912810TZ1,TSRYS5752098,D,S,C,2024-05-20,1000000.00,4.66293,97.90625
08:02:51,912810TZ1,TSRYS5752098,D,B,C,2024-05-20,1000000.00,4.662946,97.90605
08:02:51,912810TZ1,TSRYS5752098,D,S,C,2024-05-20,1000000.00,4.664151,97.890825
08:02:51,912810TZ1,TSRYS5752098,D,B,C,2024-05-20,1000000.00,4.664181,97.89045
08:02:51,912810TZ1,TSRYS5752098,D,B,C,2024-05-20,1000000.00,4.664183,97.890425
08:02:51,912810TZ1,TSRYS5752098,D,B,C,2024-05-20,1000000.00,4.664183,97.890425
08:02:51,912810TZ1,TSRYS5752098,D,S,D,2024-05-20,1000000.00,4.664167,97.890625
08:02:51,912810TZ1,TSRYS5752098,D,S,D,2024-05-20,1000000.00,4.664167,97.890625
08:02:52,912810TZ1,TSRYS5752098,D,S,D,2024-05-20,1000000.00,4.664167,97.890625
08:02:52,912810TZ1,TSRYS5752098,D,S,D,2024-05-20,1000000.00,4.664167,97.890625
08:02:52,912810TZ1,TSRYS5752098,D,S,D,2024-05-20,1000000.00,4.664167,97.890625
08:02:52,912810TZ1,TSRYS5752098,D,B,C,2024-05-20,1000000.00,4.664181,97.89045
08:02:52,912810TZ1,TSRYS5752098,D,B,C,2024-05-20,1000000.00,4.664183,97.890425
08:02:52,912810TZ1,TSRYS5752098,D,S,C,2024-05-20,1000000.00,4.664151,97.890825
08:02:52,912810TZ1,TSRYS5752098,D,B,C,2024-05-20,1000000.00,4.664181,97.89045
08:02:52,912810TZ1,TSRYS5752098,D,S,D,2024-05-20,1000000.00,4.661683,97.922005
08:02:52,912810TZ1,TSRYS5752098,D,S,D,2024-05-20,1000000.00,4.661683,97.922005
08:02:52,912810TZ1,TSRYS5752098,D,B,C,2024-05-20,1000000.00,4.661708,97.9217
08:02:52,912810TZ1,TSRYS5752098,D,B,C,2024-05-20,1000000.00,4.661708,97.9217
08:02:53,912810TZ1,TSRYS5752098,D,S,D,2024-05-20,1000000.00,4.660458,97.9375
08:02:53,912810TZ1,TSRYS5752098,D,B,C,2024-05-20,1000000.00,4.66047,97.937348
08:02:53,912810TZ1,TSRYS5752098,D,S,D,2024-05-20,1000000.00,4.660458,97.9375
08:02:53,912810TZ1,TSRYS5752098,D,S,D,2024-05-20,1000000.00,4.659222,97.953125
08:02:53,912810TZ1,TSRYS5752098,D,B,C,2024-05-20,1000000.00,4.659234,97.952973
08:02:53,912810TZ1,TSRYS5752098,D,B,C,2024-05-20,1000000.00,4.659222,97.953125
08:02:53,912810TZ1,TSRYS5752098,D,S,C,2024-05-20,1000000.00,4.659206,97.953325
08:02:53,912810TZ1,TSRYS5752098,D,S,D,2024-05-20,1000000.00,4.657986,97.96875
08:02:53,912810TZ1,TSRYS5752098,D,B,C,2024-05-20,1000000.00,4.657998,97.968598
08:02:54,912810TZ1,TSRYS5752098,D,S,C,2024-05-20,1000000.00,4.656739,97.984525
08:02:54,912810TZ1,TSRYS5752098,D,B,C,2024-05-20,1000000.00,4.656763,97.984223
08:02:54,912810TZ1,TSRYS5752098,D,B,C,2024-05-20,1000000.00,4.657986,97.96875
08:02:54,912810TZ1,TSRYS5752098,D,S,C,2024-05-20,1000000.00,4.657986,97.96875
08:02:54,912810TZ1,TSRYS5752098,D,B,C,2024-05-20,1000000.00,4.657986,97.96875
08:02:54,912810TZ1,TSRYS5752098,D,S,C,2024-05-20,1000000.00,4.657986,97.96875
08:02:56,912810TZ1,TSRYS5752098,D,S,D,2024-05-20,2000000.00,4.6532,98.029296875
08:02:56,912810TZ1,TSRYS5752098,D,S,D,2024-05-20,2000000.00,4.65567,97.998046875
08:02:56,912810TZ1,TSRYS5752098,D,S,C,2024-05-20,1000000.00,4.656751,97.984375
08:02:59,912810TZ1,TSRYS5752098,D,S,C,2024-05-20,1000000.00,4.66293,97.90625
08:02:59,912810TZ1,TSRYS5752098,D,S,C,2024-05-20,2000000.00,4.661694,97.921875
08:02:59,912810TZ1,TSRYS5752098,D,B,C,2024-05-20,2000000.00,4.661694,97.921875
08:02:59,912810TZ1,TSRYS5752098,D,S,D,2024-05-20,1000000.00,4.661683,97.922005
08:02:59,912810TZ1,TSRYS5752098,D,B,C,2024-05-20,1000000.00,4.661694,97.921875
08:02:59,912810TZ1,TSRYS5752098,D,B,C,2024-05-20,1000000.00,4.660458,97.9375
08:02:59,912810TZ1,TSRYS5752098,D,S,C,2024-05-20,1000000.00,4.660458,97.9375
08:02:59,912810TZ1,TSRYS5752098,D,B,C,2024-05-20,1000000.00,4.660469,97.93735
08:02:59,912810TZ1,TSRYS5752098,D,S,C,2024-05-20,1000000.00,4.660442,97.9377
08:02:59,912810TZ1,TSRYS5752098,D,B,C,2024-05-20,1000000.00,4.660469,97.93735
08:02:59,912810TZ1,TSRYS5752098,D,S,D,2024-05-20,1000000.00,4.660458,97.9375
08:02:59,912810TZ1,TSRYS5752098,D,S,D,2024-05-20,1000000.00,4.660458,97.9375
08:02:59,912810TZ1,TSRYS5752098,D,B,C,2024-05-20,1000000.00,4.660458,97.9375
08:02:59,912810TZ1,TSRYS5752098,D,S,D,2024-05-20,1000000.00,4.660458,97.9375
08:02:59,912810TZ1,TSRYS5752098,D,S,D,2024-05-20,1000000.00,4.659222,97.953125
08:02:59,912810TZ1,TSRYS5752098,D,B,C,2024-05-20,1000000.00,4.659222,97.953125
08:03:01,912810TZ1,TSRYS5752098,D,S,D,2024-05-20,1000000.00,4.659222,97.953125
08:03:01,912810TZ1,TSRYS5752098,D,S,D,2024-05-20,1000000.00,4.659222,97.953125
08:03:01,912810TZ1,TSRYS5752098,D,S,D,2024-05-20,1000000.00,4.659222,97.953125
08:03:01,912810TZ1,TSRYS5752098,D,S,C,2024-05-20,1000000.00,4.659222,97.953125
08:03:01,912810TZ1,TSRYS5752098,D,S,D,2024-05-20,1000000.00,4.659222,97.953125
08:03:01,912810TZ1,TSRYS5752098,D,S,C,2024-05-20,1000000.00,4.659222,97.953125
08:03:02,912810TZ1,TSRYS5752098,D,S,D,2024-05-20,1000000.00,4.660458,97.9375
08:03:02,912810TZ1,TSRYS5752098,D,S,D,2024-05-20,1000000.00,4.660458,97.9375
08:03:02,912810TZ1,TSRYS5752098,D,S,D,2024-05-20,1000000.00,4.660458,97.9375
08:03:02,912810TZ1,TSRYS5752098,D,S,D,2024-05-20,1000000.00,4.660458,97.9375
08:03:02,912810TZ1,TSRYS5752098,D,S,D,2024-05-20,1000000.00,4.660458,97.9375
08:03:03,912810TZ1,TSRYS5752098,D,S,C,2024-05-20,1000000.00,4.657986,97.96875
08:03:03,912810TZ1,TSRYS5752098,D,B,C,2024-05-20,1000000.00,4.658004,97.968525
08:03:07,912810TZ1,TSRYS5752098,D,B,C,2024-05-20,1000000.00,4.656751,97.984375
08:03:07,912810TZ1,TSRYS5752098,D,S,D,2024-05-20,1000000.00,4.656751,97.984375
08:03:08,912810TZ1,TSRYS5752098,D,B,C,2024-05-20,1000000.00,4.654281,98.015625
08:03:08,912810TZ1,TSRYS5752098,D,S,D,2024-05-20,1000000.00,4.654281,98.015625
08:03:09,912810TZ1,TSRYS5752098,D,S,D,2024-05-20,1000000.00,4.65427,98.015755
08:03:09,912810TZ1,TSRYS5752098,D,B,C,2024-05-20,1000000.00,4.654294,98.01545
08:03:09,912810TZ1,TSRYS5752098,D,B,C,2024-05-20,1000000.00,4.654281,98.015625
08:03:09,912810TZ1,TSRYS5752098,D,S,D,2024-05-20,1000000.00,4.654281,98.015625
08:03:09,912810TZ1,TSRYS5752098,D,S,D,2024-05-20,1000000.00,4.65427,98.015755
08:03:09,912810TZ1,TSRYS5752098,D,S,D,2024-05-20,1000000.00,4.654281,98.015625
08:03:09,912810TZ1,TSRYS5752098,D,B,C,2024-05-20,1000000.00,4.654294,98.01545
08:03:17,912810TZ1,TSRYS5752098,D,S,D,2024-05-20,1000000.00,4.661076,97.9296875
08:03:19,912810TZ1,TSRYS5752098,D,B,C,2024-05-20,340000.00,4.666332,97.86328125
08:03:20,912810TZ1,TSRYS5752098,D,B,A,2024-05-20,340000.00,4.666332,97.86328125
08:03:21,912810TZ1,TSRYS5752098,D,S,T,2024-05-20,1000000.00,4.663548,97.8984375
08:03:21,912810TZ1,TSRYS5752098,D,B,A,2024-05-20,693000.00,4.663548,97.8984375
08:03:21,912810TZ1,TSRYS5752098,D,S,T,2024-05-20,1000000.00,4.663548,97.8984375
08:03:21,912810TZ1,TSRYS5752098,D,B,A,2024-05-20,764000.00,4.663548,97.8984375
08:03:21,912810TZ1,TSRYS5752098,D,B,A,2024-05-20,543000.00,4.663548,97.8984375
08:03:21,912810TZ1,TSRYS5752098,D,B,A,2024-05-20,1000000.00,4.663548,97.8984375
08:03:21,912810TZ1,TSRYS5752098,D,B,A,2024-05-20,1000000.00,4.663548,97.8984375
08:03:47,912810TZ1,TSRYS5752098,D,S,D,2024-05-20,1000000.00,4.656287,97.990234375
08:03:47,912810TZ1,TSRYS5752098,D,S,D,2024-05-20,1000000.00,4.656287,97.990234375
08:03:47,912810TZ1,TSRYS5752098,D,S,D,2024-05-20,1000000.00,4.656287,97.990234375
08:03:47,912810TZ1,TSRYS5752098,D,S,C,2024-05-20,1000000.00,4.656287,97.990234375
08:03:56,912810TZ1,TSRYS5752098,D,S,C,2024-05-20,1000000.00,4.656133,97.9921875
08:03:59,912810TZ1,TSRYS5752098,D,S,D,2024-05-20,310000.00,4.655824,97.99609375
08:04:02,912810TZ1,TSRYS5752098,D,B,C,2024-05-20,310000.00,4.655824,97.99609375
08:04:08,912810TZ1,TSRYS5752098,D,B,C,2024-05-20,2000000.00,4.654898,98.0078125
08:04:17,912810TZ1,TSRYS5752098,D,B,C,2024-05-20,1000000.00,4.650578,98.0625
08:04:18,912810TZ1,TSRYS5752098,D,B,C,2024-05-20,21700.00,4.651195,98.0546875
08:04:18,912810TZ1,TSRYS5752098,D,S,C,2024-05-20,500000.00,4.650578,98.0625
08:04:27,912810TZ1,TSRYS5752098,D,B,C,2024-05-20,2000000.00,4.655516,98.0
08:04:28,912810TZ1,TSRYS5752098,D,S,T,2024-05-20,1000000.00,4.656287,97.99023437
08:04:28,912810TZ1,TSRYS5752098,D,S,D,2024-05-20,1000000.00,4.656287,97.99023437
08:04:28,912810TZ1,TSRYS5752098,D,S,T,2024-05-20,1000000.00,4.656287,97.99023437
08:04:30,912810TZ1,TSRYS5752098,D,S,D,2024-05-20,1000000.00,4.656287,97.99023437
08:04:30,912810TZ1,TSRYS5752098,D,S,D,2024-05-20,1000000.00,4.656287,97.99023437
08:04:30,912810TZ1,TSRYS5752098,D,S,T,2024-05-20,1000000.00,4.656287,97.99023437
08:04:31,912810TZ1,TSRYS5752098,D,S,T,2024-05-20,1000000.00,4.656287,97.99023437
08:04:31,912810TZ1,TSRYS5752098,D,S,D,2024-05-20,1000000.00,4.656287,97.99023437
08:04:33,912810TZ1,TSRYS5752098,D,S,D,2024-05-20,1000000.00,4.656287,97.99023437
08:04:33,912810TZ1,TSRYS5752098,D,S,D,2024-05-20,1000000.00,4.656287,97.99023437
08:04:35,912810TZ1,TSRYS5752098,D,S,D,2024-05-20,1000000.00,4.656287,97.99023437
08:04:35,912810TZ1,TSRYS5752098,D,S,D,2024-05-20,1000000.00,4.656287,97.99023437
08:04:41,912810TZ1,TSRYS5752098,D,S,D,2024-05-20,1000000.00,4.656133,97.9921875
08:05:13,912810TZ1,TSRYS5752098,D,B,C,2024-05-20,1000000.00,4.650578,98.0625
08:05:13,912810TZ1,TSRYS5752098,D,S,D,2024-05-20,1000000.00,4.650578,98.0625
08:05:13,912810TZ1,TSRYS5752098,D,S,D,2024-05-20,1000000.00,4.650578,98.0625
08:05:14,912810TZ1,TSRYS5752098,D,S,D,2024-05-20,1000000.00,4.650578,98.0625
08:05:14,912810TZ1,TSRYS5752098,D,S,D,2024-05-20,1000000.00,4.650578,98.0625
08:05:14,912810TZ1,TSRYS5752098,D,S,D,2024-05-20,1000000.00,4.650578,98.0625
08:05:14,912810TZ1,TSRYS5752098,D,S,D,2024-05-20,1000000.00,4.650578,98.0625
08:05:14,912810TZ1,TSRYS5752098,D,S,D,2024-05-20,1000000.00,4.650578,98.0625
08:05:14,912810TZ1,TSRYS5752098,D,S,A,2024-05-20,895000.00,4.655516,98.0
08:05:14,912810TZ1,TSRYS5752098,D,S,D,2024-05-20,1000000.00,4.650578,98.0625
08:05:18,912810TZ1,TSRYS5752098,D,B,C,2024-05-20,1000000.00,4.65584,97.99589375
08:05:18,912810TZ1,TSRYS5752098,D,S,D,2024-05-20,1000000.00,4.655824,97.99609375
08:05:18,912810TZ1,TSRYS5752098,D,S,D,2024-05-20,1000000.00,4.655824,97.99609375
08:05:18,912810TZ1,TSRYS5752098,D,B,C,2024-05-20,1000000.00,4.654296,98.015425
08:05:18,912810TZ1,TSRYS5752098,D,S,D,2024-05-20,1000000.00,4.654281,98.015625
08:05:19,912810TZ1,TSRYS5752098,D,S,D,2024-05-20,1000000.00,4.651187,98.0547875
08:05:19,912810TZ1,TSRYS5752098,D,S,D,2024-05-20,1000000.00,4.651032,98.056740625
08:05:19,912810TZ1,TSRYS5752098,D,S,D,2024-05-20,1000000.00,4.650878,98.05869375
08:05:20,912810TZ1,TSRYS5752098,D,S,D,2024-05-20,1000000.00,4.650724,98.060646875
08:05:20,912810TZ1,TSRYS5752098,D,B,C,2024-05-20,1000000.00,4.650748,98.060346875
08:05:20,912810TZ1,TSRYS5752098,D,S,D,2024-05-20,1000000.00,4.650724,98.060646875
08:05:21,912810TZ1,TSRYS5752098,D,S,C,2024-05-20,1000000.00,4.653347,98.02744375
08:05:21,912810TZ1,TSRYS5752098,D,B,C,2024-05-20,1000000.00,4.653509,98.025390625
08:05:21,912810TZ1,TSRYS5752098,D,S,C,2024-05-20,1000000.00,4.653501,98.025490625
08:05:21,912810TZ1,TSRYS5752098,D,B,C,2024-05-20,1000000.00,4.653355,98.02734375
08:05:21,912810TZ1,TSRYS5752098,D,S,C,2024-05-20,1000000.00,4.653347,98.02744375
08:05:21,912810TZ1,TSRYS5752098,D,S,C,2024-05-20,1000000.00,4.653347,98.02744375
08:05:21,912810TZ1,TSRYS5752098,D,S,C,2024-05-20,1000000.00,4.653347,98.02744375
08:05:21,912810TZ1,TSRYS5752098,D,S,C,2024-05-20,1000000.00,4.653347,98.02744375
08:05:21,912810TZ1,TSRYS5752098,D,S,C,2024-05-20,1000000.00,4.653347,98.02744375
08:05:21,912810TZ1,TSRYS5752098,D,S,C,2024-05-20,1000000.00,4.653347,98.02744375
08:05:21,912810TZ1,TSRYS5752098,D,S,C,2024-05-20,1000000.00,4.653347,98.02744375
08:05:21,912810TZ1,TSRYS5752098,D,S,C,2024-05-20,1000000.00,4.653347,98.02744375
08:05:21,912810TZ1,TSRYS5752098,D,B,C,2024-05-20,1000000.00,4.653054,98.03115
08:05:21,912810TZ1,TSRYS5752098,D,S,D,2024-05-20,1000000.00,4.653046,98.03125
08:05:23,912810TZ1,TSRYS5752098,D,S,D,2024-05-20,1000000.00,4.656133,97.9921875
08:05:23,912810TZ1,TSRYS5752098,D,B,C,2024-05-20,1000000.00,4.65506,98.005759375
08:05:23,912810TZ1,TSRYS5752098,D,S,C,2024-05-20,1000000.00,4.655045,98.005959375
08:05:23,912810TZ1,TSRYS5752098,D,S,C,2024-05-20,1000000.00,4.655353,98.002053125
08:05:25,912810TZ1,TSRYS5752098,D,B,C,2024-05-20,1000000.00,4.667878,97.84375
08:05:25,912810TZ1,TSRYS5752098,D,S,D,2024-05-20,1000000.00,4.667878,97.84375
08:05:26,912810TZ1,TSRYS5752098,D,B,C,2024-05-20,1000000.00,4.669116,97.828125
08:05:26,912810TZ1,TSRYS5752098,D,S,D,2024-05-20,1000000.00,4.669116,97.828125
08:05:27,912810TZ1,TSRYS5752098,D,B,C,2024-05-20,1000000.00,4.666811,97.857221875
08:05:27,912810TZ1,TSRYS5752098,D,S,D,2024-05-20,1000000.00,4.666796,97.857421875
08:05:27,912810TZ1,TSRYS5752098,D,S,C,2024-05-20,1000000.00,4.663842,97.89473125
08:05:28,912810TZ1,TSRYS5752098,D,S,T,2024-05-20,1000000.00,4.657368,97.9765625
08:05:28,912810TZ1,TSRYS5752098,D,S,T,2024-05-20,1000000.00,4.657523,97.974609375
08:05:28,912810TZ1,TSRYS5752098,D,S,T,2024-05-20,1000000.00,4.657523,97.974609375
08:05:30,912810TZ1,TSRYS5752098,D,S,D,2024-05-20,1000000.00,4.663548,97.8984375
08:05:31,912810TZ1,TSRYS5752098,D,S,C,2024-05-20,1000000.00,4.660458,97.9375
08:05:32,912810TZ1,TSRYS5752098,D,S,T,2024-05-20,895000.00,4.655516,98.0
08:05:33,912810TZ1,TSRYS5752098,D,S,D,2024-05-20,1000000.00,4.657368,97.9765625
08:05:33,912810TZ1,TSRYS5752098,D,S,D,2024-05-20,1000000.00,4.657523,97.974609375
08:05:33,912810TZ1,TSRYS5752098,D,B,C,2024-05-20,1000000.00,4.657832,97.970703125
08:05:33,912810TZ1,TSRYS5752098,D,S,D,2024-05-20,1000000.00,4.657832,97.970703125
08:05:33,912810TZ1,TSRYS5752098,D,S,D,2024-05-20,1000000.00,4.657523,97.974609375
08:05:33,912810TZ1,TSRYS5752098,D,S,D,2024-05-20,1000000.00,4.657832,97.970703125
08:05:33,912810TZ1,TSRYS5752098,D,S,D,2024-05-20,1000000.00,4.657832,97.970703125
08:05:36,912810TZ1,TSRYS5752098,D,B,C,2024-05-20,1000000.00,4.661694,97.921875
08:05:36,912810TZ1,TSRYS5752098,D,S,C,2024-05-20,1000000.00,4.661686,97.921975
08:05:39,912810TZ1,TSRYS5752098,D,B,C,2024-05-20,1000000.00,4.66542,97.8748
08:05:39,912810TZ1,TSRYS5752098,D,S,D,2024-05-20,1000000.00,4.665404,97.875
08:05:43,912810TZ1,TSRYS5752098,D,B,C,2024-05-20,1000000.00,4.665094,97.87890625
08:05:43,912810TZ1,TSRYS5752098,D,B,C,2024-05-20,1000000.00,4.665102,97.87880625
08:05:43,912810TZ1,TSRYS5752098,D,S,D,2024-05-20,2000000.00,4.665094,97.87890625
08:05:43,912810TZ1,TSRYS5752098,D,B,C,2024-05-20,1000000.00,4.664793,97.8827125
08:05:43,912810TZ1,TSRYS5752098,D,S,D,2024-05-20,1000000.00,4.664785,97.8828125
08:05:43,912810TZ1,TSRYS5752098,D,B,C,2024-05-20,1000000.00,4.664329,97.888571875
08:05:43,912810TZ1,TSRYS5752098,D,S,D,2024-05-20,1000000.00,4.664321,97.888671875
08:05:46,912810TZ1,TSRYS5752098,D,B,C,2024-05-20,1000000.00,4.657368,97.9765625
08:05:46,912810TZ1,TSRYS5752098,D,S,D,2024-05-20,1000000.00,4.65736,97.9766625
08:05:50,912810TZ1,TSRYS5752098,D,S,C,2024-05-20,1000000.00,4.664004,97.892678125
08:05:51,912810TZ1,TSRYS5752098,D,B,C,2024-05-20,1000000.00,4.659075,97.954978125
08:05:51,912810TZ1,TSRYS5752098,D,S,C,2024-05-20,1000000.00,4.659059,97.955178125
08:05:56,912810TZ1,TSRYS5752098,D,B,C,2024-05-20,1000000.00,4.656141,97.9920875
08:05:56,912810TZ1,TSRYS5752098,D,S,D,2024-05-20,1000000.00,4.656133,97.9921875
08:05:57,912810TZ1,TSRYS5752098,D,S,C,2024-05-20,1000000.00,4.656596,97.986328125
08:05:57,912810TZ1,TSRYS5752098,D,S,C,2024-05-20,1000000.00,4.655654,97.998246875
08:05:58,912810TZ1,TSRYS5752098,D,B,C,2024-05-20,1000000.00,4.657832,97.970703125
08:05:58,912810TZ1,TSRYS5752098,D,S,D,2024-05-20,1000000.00,4.657824,97.970803125
08:05:58,912810TZ1,TSRYS5752098,D,S,D,2024-05-20,1000000.00,4.657368,97.9765625
08:05:58,912810TZ1,TSRYS5752098,D,B,C,2024-05-20,1000000.00,4.657368,97.9765625
08:06:00,912810TZ1,TSRYS5752098,D,S,D,2024-05-20,10000.00,4.654898,98.0078125
08:06:00,912810TZ1,TSRYS5752098,D,B,C,2024-05-20,25000000.00,4.656165,97.9917875
08:06:01,912810TZ1,TSRYS5752098,D,S,T,2024-05-20,1000000.00,4.669116,97.828125
08:06:02,912810TZ1,TSRYS5752098,D,S,T,2024-05-20,1000000.00,4.661694,97.921875
08:06:03,912810TZ1,TSRYS5752098,D,S,T,2024-05-20,1000000.00,4.667878,97.84375
08:06:06,912810TZ1,TSRYS5752098,D,S,T,2024-05-20,1000000.00,4.657832,97.97070312
08:06:08,912810TZ1,TSRYS5752098,D,S,D,2024-05-20,1000000.00,4.657832,97.97070312
08:06:08,912810TZ1,TSRYS5752098,D,S,T,2024-05-20,1000000.00,4.657832,97.97070312
08:06:09,912810TZ1,TSRYS5752098,D,S,D,2024-05-20,1000000.00,4.657832,97.97070312
08:06:09,912810TZ1,TSRYS5752098,D,S,D,2024-05-20,1000000.00,4.657832,97.97070312
08:06:09,912810TZ1,TSRYS5752098,D,S,D,2024-05-20,1000000.00,4.657832,97.97070312
08:06:12,912810TZ1,TSRYS5752098,D,S,D,2024-05-20,1000000.00,4.657986,97.96875
08:06:12,912810TZ1,TSRYS5752098,D,B,C,2024-05-20,1000000.00,4.658,97.968575
08:06:12,912810TZ1,TSRYS5752098,D,S,D,2024-05-20,1000000.00,4.657832,97.97070312
08:06:12,912810TZ1,TSRYS5752098,D,S,D,2024-05-20,1000000.00,4.657832,97.97070312
08:06:14,912810TZ1,TSRYS5752098,D,S,C,2024-05-20,1000000.00,4.657677,97.97265625
08:06:14,912810TZ1,TSRYS5752098,D,S,C,2024-05-20,1000000.00,4.657677,97.97265625
08:06:26,912810TZ1,TSRYS5752098,D,B,C,2024-05-20,1000000.00,4.658,97.968575
08:06:26,912810TZ1,TSRYS5752098,D,B,C,2024-05-20,1000000.00,4.658,97.968575
08:06:26,912810TZ1,TSRYS5752098,D,S,D,2024-05-20,1000000.00,4.65797,97.96895
08:06:26,912810TZ1,TSRYS5752098,D,S,D,2024-05-20,1000000.00,4.65797,97.96895
08:06:26,912810TZ1,TSRYS5752098,D,S,D,2024-05-20,1000000.00,4.65797,97.96895
08:06:26,912810TZ1,TSRYS5752098,D,B,C,2024-05-20,1000000.00,4.658,97.968575
08:07:15,912810TZ1,TSRYS5752098,D,S,C,2024-05-20,2000000.00,4.657677,97.97265625
08:07:26,912810TZ1,TSRYS5752098,D,S,C,2024-05-20,1000000.00,4.657986,97.96875
08:07:26,912810TZ1,TSRYS5752098,D,B,C,2024-05-20,1000000.00,4.658,97.968575
08:07:50,912810TZ1,TSRYS5752098,D,S,C,2024-05-20,2000000.00,4.656442,97.98828125
08:07:56,912810TZ1,TSRYS5752098,D,S,C,2024-05-20,1000000.00,4.656751,97.984375
08:07:56,912810TZ1,TSRYS5752098,D,B,C,2024-05-20,1000000.00,4.656751,97.984375
08:07:56,912810TZ1,TSRYS5752098,D,B,C,2024-05-20,1000000.00,4.656751,97.984375
08:07:56,912810TZ1,TSRYS5752098,D,S,D,2024-05-20,1000000.00,4.656751,97.984375
08:08:30,912810TZ1,TSRYS5752098,D,S,C,2024-05-20,34000.00,4.655221,98.00390625
08:08:44,912810TZ1,TSRYS5752098,D,S,C,2024-05-20,2000000.00,4.656287,97.99023437
08:08:44,912810TZ1,TSRYS5752098,D,S,C,2024-05-20,2000000.00,4.65567,97.99804687
08:08:57,912810TZ1,TSRYS5752098,D,B,C,2024-05-20,1000000.00,4.655516,98.0
08:08:57,912810TZ1,TSRYS5752098,D,S,C,2024-05-20,1000000.00,4.655516,98.0
08:10:12,912810TZ1,TSRYS5752098,D,S,D,2024-05-20,1000000.00,4.657677,97.97265625
08:10:12,912810TZ1,TSRYS5752098,D,S,D,2024-05-20,1000000.00,4.657677,97.97265625
08:10:12,912810TZ1,TSRYS5752098,D,S,T,2024-05-20,1000000.00,4.657677,97.97265625
08:10:12,912810TZ1,TSRYS5752098,D,S,D,2024-05-20,1000000.00,4.657677,97.97265625
08:10:17,912810TZ1,TSRYS5752098,D,S,D,2024-05-20,1000000.00,4.657677,97.97265625
08:10:20,912810TZ1,TSRYS5752098,D,B,C,2024-05-20,1000000.00,4.657523,97.974609375
08:10:20,912810TZ1,TSRYS5752098,D,S,D,2024-05-20,1000000.00,4.657523,97.974609375
08:10:30,912810TZ1,TSRYS5752098,D,B,C,2024-05-20,1000000.00,4.657832,97.970703125
08:10:30,912810TZ1,TSRYS5752098,D,S,D,2024-05-20,1000000.00,4.657832,97.970703125
08:10:48,912810TZ1,TSRYS5752098,D,S,T,2024-05-20,1000000.00,4.655361,98.001953125
08:10:50,912810TZ1,TSRYS5752098,D,S,T,2024-05-20,1000000.00,4.664012,97.892578125
08:11:11,912810TZ1,TSRYS5752098,D,S,D,2024-05-20,5000.00,4.651812,98.046875
08:11:27,912810TZ1,TSRYS5752098,D,S,D,2024-05-20,1000000.00,4.657059,97.98046875
08:12:28,912810TZ1,TSRYS5752098,D,S,T,2024-05-20,1000000.00,4.656751,97.984375
08:12:43,912810TZ1,TSRYS5752098,D,S,C,2024-05-20,40000000.00,4.656591,97.98639
08:13:01,912810TZ1,TSRYS5752098,D,S,C,2024-05-20,1000000.00,4.656751,97.984375
08:13:05,912810TZ1,TSRYS5752098,D,S,D,2024-05-20,1000000.00,4.656751,97.984375
08:13:25,912810TZ1,TSRYS5752098,D,S,T,2024-05-20,1000000.00,4.656751,97.984375
08:13:25,912810TZ1,TSRYS5752098,D,S,D,2024-05-20,1000000.00,4.656287,97.99023437
08:13:27,912810TZ1,TSRYS5752098,D,S,D,2024-05-20,1000000.00,4.656287,97.99023437
08:13:28,912810TZ1,TSRYS5752098,D,S,D,2024-05-20,1000000.00,4.655979,97.99414062
08:13:28,912810TZ1,TSRYS5752098,D,S,C,2024-05-20,1000000.00,4.655979,97.99414062
08:13:28,912810TZ1,TSRYS5752098,D,S,D,2024-05-20,1000000.00,4.655824,97.99609375
08:13:29,912810TZ1,TSRYS5752098,D,S,D,2024-05-20,1000000.00,4.655824,97.99609375
08:13:50,912810TZ1,TSRYS5752098,D,S,D,2024-05-20,1000000.00,4.656133,97.9921875
08:13:50,912810TZ1,TSRYS5752098,D,S,D,2024-05-20,1000000.00,4.656133,97.9921875
08:14:13,912810TZ1,TSRYS5752098,D,S,T,2024-05-20,1000000.00,4.65814,97.966796875
08:14:18,912810TZ1,TSRYS5752098,D,S,D,2024-05-20,1000000.00,4.65814,97.966796875
08:14:25,912810TZ1,TSRYS5752098,D,S,C,2024-05-20,1000000.00,4.659067,97.955078125
08:15:48,912810TZ1,TSRYS5752098,D,S,T,2024-05-20,1000000.00,4.659222,97.953125
08:16:29,912810TZ1,TSRYS5752098,D,S,D,2024-05-20,1000000.00,4.659222,97.953125
08:17:32,912810TZ1,TSRYS5752098,D,S,A,2024-05-20,100000.00,4.659222,97.958125
08:17:37,912810TZ1,TSRYS5752098,D,S,D,2024-05-20,100000.00,4.659222,97.953125
08:17:41,912810TZ1,TSRYS5752098,D,S,T,2024-05-20,1000000.00,4.660458,97.9375
08:17:45,912810TZ1,TSRYS5752098,D,S,C,2024-05-20,10000.00,4.661044,97.9800875
08:17:46,912810TZ1,TSRYS5752098,D,S,D,2024-05-20,1000000.00,4.660458,97.9375
08:17:50,912810TZ1,TSRYS5752098,D,S,D,2024-05-20,10000.00,4.661044,97.9300875
08:18:05,912810TZ1,TSRYS5752098,D,S,T,2024-05-20,1000000.00,4.659067,97.955078125
08:18:21,912810TZ1,TSRYS5752098,D,S,D,2024-05-20,100000.00,4.661694,97.921875
08:18:44,912810TZ1,TSRYS5752098,D,S,C,2024-05-20,100000.00,4.661694,97.921875
08:18:59,912810TZ1,TSRYS5752098,D,S,D,2024-05-20,1000000.00,4.66293,97.90625
08:18:59,912810TZ1,TSRYS5752098,D,B,C,2024-05-20,1000000.00,4.662944,97.906075
08:18:59,912810TZ1,TSRYS5752098,D,S,D,2024-05-20,1000000.00,4.66293,97.90625
08:18:59,912810TZ1,TSRYS5752098,D,B,C,2024-05-20,1000000.00,4.662944,97.906075
08:19:10,912810TZ1,TSRYS5752098,D,S,D,2024-05-20,100000.00,4.661694,97.921875
08:19:28,912810TZ1,TSRYS5752098,D,S,D,2024-05-20,1000000.00,4.662776,97.90820312
08:19:28,912810TZ1,TSRYS5752098,D,S,D,2024-05-20,1000000.00,4.662776,97.90820312
08:19:30,912810TZ1,TSRYS5752098,D,S,C,2024-05-20,100000.00,4.661694,97.921875
08:20:25,912810TZ1,TSRYS5752098,D,S,C,2024-05-20,2000000.00,4.662466,97.91210937
08:20:50,912810TZ1,TSRYS5752098,D,S,D,2024-05-20,30000.00,4.660497,97.937
08:21:08,912810TZ1,TSRYS5752098,D,S,C,2024-05-20,30000.00,4.660497,97.937
08:21:08,912810TZ1,TSRYS5752098,D,S,D,2024-05-20,30000.00,4.660497,97.937
08:21:28,912810TZ1,TSRYS5752098,D,B,C,2024-05-20,1000000.00,4.667878,97.84375
08:21:28,912810TZ1,TSRYS5752098,D,S,C,2024-05-20,1000000.00,4.667878,97.84375
08:21:30,912810TZ1,TSRYS5752098,D,B,C,2024-05-20,1000000.00,4.669735,97.8203125
08:21:30,912810TZ1,TSRYS5752098,D,S,D,2024-05-20,1000000.00,4.669735,97.8203125
08:21:31,912810TZ1,TSRYS5752098,D,S,D,2024-05-20,1000000.00,4.669735,97.8203125
08:21:32,912810TZ1,TSRYS5752098,D,B,C,2024-05-20,1000000.00,4.670664,97.80859375
08:21:32,912810TZ1,TSRYS5752098,D,S,C,2024-05-20,1000000.00,4.670664,97.80859375
08:21:32,912810TZ1,TSRYS5752098,D,S,D,2024-05-20,1000000.00,4.670664,97.80859375
08:21:32,912810TZ1,TSRYS5752098,D,B,C,2024-05-20,1000000.00,4.670664,97.80859375
08:21:32,912810TZ1,TSRYS5752098,D,S,D,2024-05-20,1000000.00,4.670973,97.8046875
08:21:32,912810TZ1,TSRYS5752098,D,B,C,2024-05-20,1000000.00,4.670973,97.8046875
08:21:32,912810TZ1,TSRYS5752098,D,S,D,2024-05-20,1000000.00,4.669116,97.828125
08:21:32,912810TZ1,TSRYS5752098,D,S,D,2024-05-20,1000000.00,4.670664,97.80859375
08:21:33,912810TZ1,TSRYS5752098,D,S,D,2024-05-20,1000000.00,4.670973,97.8046875
08:21:37,912810TZ1,TSRYS5752098,D,B,C,2024-05-20,1000000.00,4.673605,97.771484375
08:21:37,912810TZ1,TSRYS5752098,D,S,T,2024-05-20,1000000.00,4.67314,97.77734375
08:21:37,912810TZ1,TSRYS5752098,D,S,A,2024-05-20,30000.00,4.672212,97.80572916667
08:21:37,912810TZ1,TSRYS5752098,D,S,D,2024-05-20,1000000.00,4.673295,97.775390625
08:21:38,912810TZ1,TSRYS5752098,D,S,T,2024-05-20,1000000.00,4.672831,97.78125
08:21:43,912810TZ1,TSRYS5752098,D,B,C,2024-05-20,1000000.00,4.67345,97.7734375
08:21:43,912810TZ1,TSRYS5752098,D,S,C,2024-05-20,1000000.00,4.67345,97.7734375
08:21:43,912810TZ1,TSRYS5752098,D,S,C,2024-05-20,1000000.00,4.67345,97.7734375
08:21:43,912810TZ1,TSRYS5752098,D,B,C,2024-05-20,1000000.00,4.67345,97.7734375
08:21:43,912810TZ1,TSRYS5752098,D,B,C,2024-05-20,1000000.00,4.67345,97.7734375
08:21:43,912810TZ1,TSRYS5752098,D,S,C,2024-05-20,1000000.00,4.67345,97.7734375
08:21:43,912810TZ1,TSRYS5752098,D,B,C,2024-05-20,1000000.00,4.67345,97.7734375
08:21:43,912810TZ1,TSRYS5752098,D,S,D,2024-05-20,1000000.00,4.67345,97.7734375
08:21:43,912810TZ1,TSRYS5752098,D,S,D,2024-05-20,1000000.00,4.67345,97.7734375
08:21:44,912810TZ1,TSRYS5752098,D,B,C,2024-05-20,1000000.00,4.673621,97.771284375
08:21:44,912810TZ1,TSRYS5752098,D,S,D,2024-05-20,1000000.00,4.673605,97.771484375
08:21:44,912810TZ1,TSRYS5752098,D,S,D,2024-05-20,1000000.00,4.67314,97.77734375
08:21:44,912810TZ1,TSRYS5752098,D,B,C,2024-05-20,1000000.00,4.67345,97.7734375
08:21:45,912810TZ1,TSRYS5752098,D,S,C,2024-05-20,1000000.00,4.67345,97.7734375
08:21:49,912810TZ1,TSRYS5752098,D,S,T,2024-05-20,1000000.00,4.669116,97.828125
08:21:51,912810TZ1,TSRYS5752098,D,S,T,2024-05-20,1000000.00,4.669116,97.828125
08:21:55,912810TZ1,TSRYS5752098,D,S,D,2024-05-20,30000.00,4.672212,97.7890625
08:22:02,912810TZ1,TSRYS5752098,D,S,C,2024-05-20,1000000.00,4.667878,97.84375
08:22:02,912810TZ1,TSRYS5752098,D,B,C,2024-05-20,1000000.00,4.667892,97.843575
08:22:08,912810TZ1,TSRYS5752098,D,S,T,2024-05-20,1000000.00,4.672831,97.78125
08:22:16,912810TZ1,TSRYS5752098,D,B,C,2024-05-20,1000000.00,4.667892,97.843575
08:22:16,912810TZ1,TSRYS5752098,D,S,C,2024-05-20,1000000.00,4.667863,97.84395
08:22:16,912810TZ1,TSRYS5752098,D,S,C,2024-05-20,1000000.00,4.669116,97.828125
08:22:16,912810TZ1,TSRYS5752098,D,S,D,2024-05-20,1000000.00,4.672831,97.78125
08:22:30,912810TZ1,TSRYS5752098,D,S,T,2024-05-20,1000000.00,4.675309,97.75
08:22:31,912810TZ1,TSRYS5752098,D,B,C,2024-05-20,1000000.00,4.670354,97.8125
08:22:31,912810TZ1,TSRYS5752098,D,S,D,2024-05-20,1000000.00,4.670354,97.8125
08:22:31,912810TZ1,TSRYS5752098,D,S,C,2024-05-20,1000000.00,4.672817,97.781425
08:22:31,912810TZ1,TSRYS5752098,D,B,C,2024-05-20,1000000.00,4.672843,97.7811
08:22:31,912810TZ1,TSRYS5752098,D,B,C,2024-05-20,1000000.00,4.672843,97.7811
08:22:31,912810TZ1,TSRYS5752098,D,S,D,2024-05-20,1000000.00,4.672831,97.78125
08:22:31,912810TZ1,TSRYS5752098,D,S,C,2024-05-20,1000000.00,4.672817,97.781425
08:22:31,912810TZ1,TSRYS5752098,D,S,C,2024-05-20,1000000.00,4.672817,97.781425
08:22:31,912810TZ1,TSRYS5752098,D,S,C,2024-05-20,1000000.00,4.672831,97.78125
08:22:31,912810TZ1,TSRYS5752098,D,S,C,2024-05-20,1000000.00,4.672815,97.78145
08:22:31,912810TZ1,TSRYS5752098,D,B,C,2024-05-20,1000000.00,4.672843,97.7811
08:22:31,912810TZ1,TSRYS5752098,D,B,C,2024-05-20,1000000.00,4.672843,97.7811
08:22:31,912810TZ1,TSRYS5752098,D,B,C,2024-05-20,1000000.00,4.672843,97.7811
08:22:31,912810TZ1,TSRYS5752098,D,S,C,2024-05-20,1000000.00,4.672815,97.78145
08:22:31,912810TZ1,TSRYS5752098,D,B,C,2024-05-20,1000000.00,4.672843,97.7811
08:22:31,912810TZ1,TSRYS5752098,D,B,C,2024-05-20,1000000.00,4.672843,97.7811
08:22:31,912810TZ1,TSRYS5752098,D,B,C,2024-05-20,1000000.00,4.672843,97.7811
08:22:31,912810TZ1,TSRYS5752098,D,S,C,2024-05-20,1000000.00,4.672815,97.78145
08:22:35,912810TZ1,TSRYS5752098,D,S,T,2024-05-20,1000000.00,4.676548,97.734375
08:22:37,912810TZ1,TSRYS5752098,D,S,D,2024-05-20,1000000.00,4.676083,97.740234375
08:22:37,912810TZ1,TSRYS5752098,D,B,C,2024-05-20,1000000.00,4.676099,97.740034375
08:22:37,912810TZ1,TSRYS5752098,D,S,D,2024-05-20,1000000.00,4.676083,97.740234375
08:22:37,912810TZ1,TSRYS5752098,D,B,C,2024-05-20,1000000.00,4.677477,97.72265625
08:22:37,912810TZ1,TSRYS5752098,D,S,D,2024-05-20,1000000.00,4.677477,97.72265625
08:22:37,912810TZ1,TSRYS5752098,D,B,C,2024-05-20,1000000.00,4.676099,97.740034375
08:22:38,912810TZ1,TSRYS5752098,D,S,D,2024-05-20,1000000.00,4.677477,97.72265625
08:22:40,912810TZ1,TSRYS5752098,D,S,D,2024-05-20,1000000.00,4.677942,97.716796875
08:22:40,912810TZ1,TSRYS5752098,D,B,C,2024-05-20,1000000.00,4.677958,97.716596875
08:22:41,912810TZ1,TSRYS5752098,D,S,D,2024-05-20,1000000.00,4.677942,97.716796875
08:22:41,912810TZ1,TSRYS5752098,D,B,C,2024-05-20,1000000.00,4.677958,97.716596875
08:22:41,912810TZ1,TSRYS5752098,D,S,D,2024-05-20,1000000.00,4.678097,97.71484375
08:22:41,912810TZ1,TSRYS5752098,D,B,C,2024-05-20,1000000.00,4.678113,97.71464375
08:22:42,912810TZ1,TSRYS5752098,D,S,T,2024-05-20,1000000.00,4.677787,97.71875
08:22:46,912810TZ1,TSRYS5752098,D,S,C,2024-05-20,1000000.00,4.672813,97.781475
08:23:09,912810TZ1,TSRYS5752098,D,B,C,2024-05-20,6000000.00,4.677509,97.72225625
08:23:19,912810TZ1,TSRYS5752098,D,S,C,2024-05-20,1000000.00,4.676548,97.734375
08:23:19,912810TZ1,TSRYS5752098,D,S,C,2024-05-20,1000000.00,4.677787,97.71875
08:23:19,912810TZ1,TSRYS5752098,D,B,C,2024-05-20,1000000.00,4.677787,97.71875
08:23:19,912810TZ1,TSRYS5752098,D,S,C,2024-05-20,1000000.00,4.677787,97.71875
08:23:20,912810TZ1,TSRYS5752098,D,S,D,2024-05-20,1000000.00,4.677942,97.716796875
08:23:20,912810TZ1,TSRYS5752098,D,S,D,2024-05-20,1000000.00,4.677942,97.716796875
08:23:27,912810TZ1,TSRYS5752098,D,S,T,2024-05-20,1000000.00,4.677787,97.71875
08:23:31,912810TZ1,TSRYS5752098,D,S,C,2024-05-20,1000000.00,4.675309,97.75
08:23:31,912810TZ1,TSRYS5752098,D,S,D,2024-05-20,1000000.00,4.678097,97.71484375
08:23:52,912810TZ1,TSRYS5752098,D,S,T,2024-05-20,1000000.00,4.679027,97.703125
08:24:02,912810TZ1,TSRYS5752098,D,S,C,2024-05-20,1000000.00,4.677787,97.71875
08:24:07,912810TZ1,TSRYS5752098,D,S,D,2024-05-20,1000000.00,4.678097,97.71484375
08:24:12,912810TZ1,TSRYS5752098,D,S,D,2024-05-20,1000000.00,4.678097,97.71484375
08:24:29,912810TZ1,TSRYS5752098,D,S,D,2024-05-20,895000.00,4.655516,98.0
08:24:30,912810TZ1,TSRYS5752098,D,S,T,2024-05-20,1000000.00,4.677942,97.716796875
08:24:32,912810TZ1,TSRYS5752098,D,S,C,2024-05-20,1000000.00,4.679027,97.703125
08:24:34,912810TZ1,TSRYS5752098,D,S,D,2024-05-20,1000000.00,4.677942,97.716796875
08:25:51,912810TZ1,TSRYS5752098,D,S,D,2024-05-20,100000.00,4.677787,97.71875
08:26:37,912810TZ1,TSRYS5752098,D,S,T,2024-05-20,1000000.00,4.679027,97.703125
08:27:06,912810TZ1,TSRYS5752098,D,S,C,2024-05-20,1000000.00,4.679027,97.703125
08:27:23,912810TZ1,TSRYS5752098,D,S,C,2024-05-20,100000.00,4.677787,97.71875
08:28:03,912810TZ1,TSRYS5752098,D,S,D,2024-05-20,700000.00,4.679337,97.69921875
08:28:27,912810TZ1,TSRYS5752098,D,S,T,2024-05-20,1000000.00,4.679027,97.703125
08:28:34,912810TZ1,TSRYS5752098,D,S,C,2024-05-20,1000000.00,4.677787,97.71875
08:28:34,912810TZ1,TSRYS5752098,D,B,C,2024-05-20,1000000.00,4.677803,97.71855
08:28:40,912810TZ1,TSRYS5752098,D,B,C,2024-05-20,13000000.00,4.661719,97.92155
08:28:52,912810TZ1,TSRYS5752098,D,S,D,2024-05-20,1000000.00,4.678717,97.70703125
08:28:52,912810TZ1,TSRYS5752098,D,S,D,2024-05-20,1000000.00,4.678717,97.70703125
08:28:56,912810TZ1,TSRYS5752098,D,S,D,2024-05-20,1000000.00,4.678717,97.70703125
08:28:56,912810TZ1,TSRYS5752098,D,S,D,2024-05-20,1000000.00,4.678717,97.70703125
08:29:01,912810TZ1,TSRYS5752098,D,S,D,2024-05-20,1000000.00,4.678407,97.7109375
08:29:01,912810TZ1,TSRYS5752098,D,B,C,2024-05-20,1000000.00,4.678407,97.7109375
08:29:01,912810TZ1,TSRYS5752098,D,S,D,2024-05-20,1000000.00,4.678717,97.70703125
08:29:01,912810TZ1,TSRYS5752098,D,B,C,2024-05-20,1000000.00,4.678717,97.70703125
08:29:02,912810TZ1,TSRYS5752098,D,S,D,2024-05-20,1000000.00,4.678407,97.7109375
08:29:02,912810TZ1,TSRYS5752098,D,B,C,2024-05-20,1000000.00,4.678407,97.7109375
08:29:05,912810TZ1,TSRYS5752098,D,S,D,2024-05-20,1000000.00,4.679027,97.703125
08:29:12,912810TZ1,TSRYS5752098,D,S,D,2024-05-20,1000000.00,4.678407,97.7109375
08:29:12,912810TZ1,TSRYS5752098,D,B,C,2024-05-20,1000000.00,4.678407,97.7109375
08:29:24,912810TZ1,TSRYS5752098,D,S,D,2024-05-20,1000000.00,4.678097,97.71484375
08:29:26,912810TZ1,TSRYS5752098,D,S,D,2024-05-20,1000000.00,4.678407,97.7109375
08:29:26,912810TZ1,TSRYS5752098,D,S,D,2024-05-20,1000000.00,4.678407,97.7109375
08:29:26,912810TZ1,TSRYS5752098,D,S,D,2024-05-20,2000000.00,4.678407,97.7109375
08:29:26,912810TZ1,TSRYS5752098,D,B,C,2024-05-20,2000000.00,4.678407,97.7109375
08:29:41,912810TZ1,TSRYS5752098,D,S,D,2024-05-20,1000000.00,4.678097,97.71484375
08:29:41,912810TZ1,TSRYS5752098,D,S,D,2024-05-20,1000000.00,4.678097,97.71484375
08:29:48,912810TZ1,TSRYS5752098,D,S,D,2024-05-20,1000000.00,4.678407,97.7109375
08:29:48,912810TZ1,TSRYS5752098,D,S,D,2024-05-20,1000000.00,4.678407,97.7109375
08:30:18,912810TZ1,TSRYS5752098,D,S,D,2024-05-20,1000000.00,4.678097,97.71484375
08:30:18,912810TZ1,TSRYS5752098,D,S,D,2024-05-20,1000000.00,4.678097,97.71484375
08:30:18,912810TZ1,TSRYS5752098,D,B,C,2024-05-20,2000000.00,4.679027,97.703125
08:30:18,912810TZ1,TSRYS5752098,D,B,C,2024-05-20,1000000.00,4.678717,97.70703125
08:30:18,912810TZ1,TSRYS5752098,D,S,D,2024-05-20,1000000.00,4.678717,97.70703125
08:30:18,912810TZ1,TSRYS5752098,D,S,D,2024-05-20,2000000.00,4.679027,97.703125
08:30:18,912810TZ1,TSRYS5752098,D,B,C,2024-05-20,2000000.00,4.679027,97.703125
08:30:18,912810TZ1,TSRYS5752098,D,S,D,2024-05-20,2000000.00,4.679027,97.703125
08:30:21,912810TZ1,TSRYS5752098,D,B,C,2024-05-20,1000000.00,4.679337,97.69921875
08:30:21,912810TZ1,TSRYS5752098,D,S,D,2024-05-20,1000000.00,4.679337,97.69921875
08:30:25,912810TZ1,TSRYS5752098,D,B,C,2024-05-20,2000000.00,4.678717,97.70703125
08:30:46,912810TZ1,TSRYS5752098,D,B,C,2024-05-20,1000000.00,4.679027,97.703125
08:30:46,912810TZ1,TSRYS5752098,D,B,C,2024-05-20,1000000.00,4.678717,97.70703125
08:30:48,912810TZ1,TSRYS5752098,D,B,C,2024-05-20,1000000.00,4.679027,97.703125
08:30:50,912810TZ1,TSRYS5752098,D,B,C,2024-05-20,1000000.00,4.679027,97.703125
08:30:50,912810TZ1,TSRYS5752098,D,S,D,2024-05-20,1000000.00,4.679027,97.703125
08:30:50,912810TZ1,TSRYS5752098,D,B,C,2024-05-20,1000000.00,4.679027,97.703125
08:30:50,912810TZ1,TSRYS5752098,D,B,C,2024-05-20,1000000.00,4.679027,97.703125
08:30:50,912810TZ1,TSRYS5752098,D,S,D,2024-05-20,1000000.00,4.679015,97.703275
08:30:50,912810TZ1,TSRYS5752098,D,S,D,2024-05-20,1000000.00,4.679015,97.703275
08:30:54,912810TZ1,TSRYS5752098,D,S,D,2024-05-20,1000000.00,4.679027,97.703125
08:30:56,912810TZ1,TSRYS5752098,D,S,D,2024-05-20,1000000.00,4.679027,97.703125
08:30:58,912810TZ1,TSRYS5752098,D,S,D,2024-05-20,1000000.00,4.678407,97.7109375
08:30:58,912810TZ1,TSRYS5752098,D,S,D,2024-05-20,1000000.00,4.678407,97.7109375
08:30:58,912810TZ1,TSRYS5752098,D,S,D,2024-05-20,1000000.00,4.678407,97.7109375
08:31:16,912810TZ1,TSRYS5752098,D,S,D,2024-05-20,2000000.00,4.681508,97.671875
08:31:34,912810TZ1,TSRYS5752098,D,B,C,2024-05-20,1000000.00,4.679492,97.697265625
08:31:34,912810TZ1,TSRYS5752098,D,S,D,2024-05-20,1000000.00,4.679492,97.697265625
08:31:43,912810TZ1,TSRYS5752098,D,S,C,2024-05-20,1000000.00,4.679957,97.69140625
08:31:48,912810TZ1,TSRYS5752098,D,S,D,2024-05-20,1000000.00,4.679957,97.69140625
08:31:53,912810TZ1,TSRYS5752098,D,S,D,2024-05-20,1000000.00,4.680112,97.68945312
08:31:53,912810TZ1,TSRYS5752098,D,S,D,2024-05-20,1000000.00,4.680112,97.68945312
08:32:00,912810TZ1,TSRYS5752098,D,S,C,2024-05-20,1000000.00,4.681508,97.671875
08:32:04,912810TZ1,TSRYS5752098,D,B,C,2024-05-20,1000000.00,4.679027,97.703125
08:32:15,912810TZ1,TSRYS5752098,D,S,T,2024-05-20,1000000.00,4.679957,97.69140625
08:32:17,912810TZ1,TSRYS5752098,D,S,D,2024-05-20,1000000.00,4.679957,97.69140625
08:32:19,912810TZ1,TSRYS5752098,D,S,C,2024-05-20,1000000.00,4.679027,97.703125
08:32:19,912810TZ1,TSRYS5752098,D,S,D,2024-05-20,1000000.00,4.679957,97.69140625
08:32:35,912810TZ1,TSRYS5752098,D,S,D,2024-05-20,1000000.00,4.679957,97.69140625
08:32:38,912810TZ1,TSRYS5752098,D,S,C,2024-05-20,2000000.00,4.678407,97.7109375
08:32:40,912810TZ1,TSRYS5752098,D,S,C,2024-05-20,2000000.00,4.678407,97.7109375
08:32:40,912810TZ1,TSRYS5752098,D,S,C,2024-05-20,2000000.00,4.678407,97.7109375
08:32:42,912810TZ1,TSRYS5752098,D,S,D,2024-05-20,1000000.00,4.681508,97.671875
08:32:42,912810TZ1,TSRYS5752098,D,S,C,2024-05-20,1000000.00,4.679957,97.69140625
08:32:47,912810TZ1,TSRYS5752098,D,S,T,2024-05-20,1000000.00,4.681508,97.671875
08:32:48,912810TZ1,TSRYS5752098,D,S,D,2024-05-20,1000000.00,4.679548,97.6965656
08:32:48,912810TZ1,TSRYS5752098,D,S,T,2024-05-20,1000000.00,4.681508,97.671875
08:32:48,912810TZ1,TSRYS5752098,D,S,C,2024-05-20,1000000.00,4.679492,97.697265625
08:32:49,912810TZ1,TSRYS5752098,D,S,D,2024-05-20,1000000.00,4.681352,97.67382812
08:32:49,912810TZ1,TSRYS5752098,D,S,D,2024-05-20,1000000.00,4.681352,97.67382812
08:32:51,912810TZ1,TSRYS5752098,D,S,T,2024-05-20,1000000.00,4.679492,97.697265625
08:33:43,912810TZ1,TSRYS5752098,D,S,T,2024-05-20,1000000.00,4.677787,97.71875
08:34:18,912810TZ1,TSRYS5752098,D,S,D,2024-05-20,1000000.00,4.677942,97.716796875
08:34:22,912810TZ1,TSRYS5752098,D,S,T,2024-05-20,1000000.00,4.677787,97.71875
08:34:36,912810TZ1,TSRYS5752098,D,S,D,2024-05-20,1000000.00,4.677787,97.71875
08:34:49,912810TZ1,TSRYS5752098,D,S,D,2024-05-20,71000.00,4.676858,97.73046875
08:34:50,912810TZ1,TSRYS5752098,D,S,C,2024-05-20,71000.00,4.678097,97.71484375
08:34:51,912810TZ1,TSRYS5752098,D,S,T,2024-05-20,1000000.00,4.677942,97.716796875
08:34:53,912810TZ1,TSRYS5752098,D,S,D,2024-05-20,71000.00,4.678097,97.714843
08:35:04,912810TZ1,TSRYS5752098,D,S,C,2024-05-20,50MM+,4.678407,97.7109375
08:35:05,912810TZ1,TSRYS5752098,D,S,D,2024-05-20,1000000.00,4.677787,97.71875
08:35:22,912810TZ1,TSRYS5752098,D,B,C,2024-05-20,1000000.00,4.68074,97.681540625
08:35:22,912810TZ1,TSRYS5752098,D,S,D,2024-05-20,1000000.00,4.680732,97.681640625
08:35:47,912810TZ1,TSRYS5752098,D,S,D,2024-05-20,450000.00,4.681508,97.671875
08:35:47,912810TZ1,TSRYS5752098,D,S,D,2024-05-20,1000000.00,4.681508,97.671875
08:35:47,912810TZ1,TSRYS5752098,D,S,D,2024-05-20,1000000.00,4.681508,97.671875
08:35:47,912810TZ1,TSRYS5752098,D,S,C,2024-05-20,2000000.00,4.681508,97.671875
08:36:06,912810TZ1,TSRYS5752098,D,S,C,2024-05-20,1000000.00,4.680267,97.6875
08:36:06,912810TZ1,TSRYS5752098,D,B,C,2024-05-20,1000000.00,4.680267,97.6875
08:36:30,912810TZ1,TSRYS5752098,D,S,D,2024-05-20,1000000.00,4.68523,97.625
08:36:30,912810TZ1,TSRYS5752098,D,S,D,2024-05-20,1000000.00,4.68523,97.625
08:36:30,912810TZ1,TSRYS5752098,D,S,D,2024-05-20,1000000.00,4.68523,97.625
08:36:30,912810TZ1,TSRYS5752098,D,S,T,2024-05-20,1000000.00,4.685238,97.624898
08:36:30,912810TZ1,TSRYS5752098,D,S,T,2024-05-20,1000000.00,4.685238,97.624898
08:36:30,912810TZ1,TSRYS5752098,D,S,D,2024-05-20,1000000.00,4.68523,97.625
08:36:31,912810TZ1,TSRYS5752098,D,S,D,2024-05-20,1000000.00,4.68523,97.625
08:36:31,912810TZ1,TSRYS5752098,D,S,T,2024-05-20,1000000.00,4.685238,97.624898
08:36:31,912810TZ1,TSRYS5752098,D,S,D,2024-05-20,1000000.00,4.68523,97.625
08:36:31,912810TZ1,TSRYS5752098,D,S,D,2024-05-20,1000000.00,4.68523,97.625
08:36:33,912810TZ1,TSRYS5752098,D,S,D,2024-05-20,1000000.00,4.68523,97.625
08:36:33,912810TZ1,TSRYS5752098,D,S,D,2024-05-20,1000000.00,4.68523,97.625
08:36:56,912810TZ1,TSRYS5752098,D,S,D,2024-05-20,1000000.00,4.685385,97.623046875
08:36:56,912810TZ1,TSRYS5752098,D,S,D,2024-05-20,1000000.00,4.685385,97.623046875
08:36:58,912810TZ1,TSRYS5752098,D,S,D,2024-05-20,1000000.00,4.68523,97.625
08:37:07,912810TZ1,TSRYS5752098,D,S,D,2024-05-20,1000000.00,4.68523,97.625
08:37:07,912810TZ1,TSRYS5752098,D,S,D,2024-05-20,1000000.00,4.68523,97.625
08:37:12,912810TZ1,TSRYS5752098,D,S,D,2024-05-20,1000000.00,4.68523,97.625
08:37:22,912810TZ1,TSRYS5752098,D,S,D,2024-05-20,1000000.00,4.68523,97.625
08:37:22,912810TZ1,TSRYS5752098,D,S,D,2024-05-20,1000000.00,4.68523,97.625
08:37:22,912810TZ1,TSRYS5752098,D,S,C,2024-05-20,1000000.00,4.68523,97.625
08:37:29,912810TZ1,TSRYS5752098,D,S,T,2024-05-20,1000000.00,4.687721,97.593648
08:37:29,912810TZ1,TSRYS5752098,D,S,T,2024-05-20,1000000.00,4.687721,97.593648
08:37:34,912810TZ1,TSRYS5752098,D,S,T,2024-05-20,2000000.00,4.688955,97.578125
08:37:34,912810TZ1,TSRYS5752098,D,S,T,2024-05-20,1000000.00,4.688955,97.578125
08:37:36,912810TZ1,TSRYS5752098,D,B,C,2024-05-20,1000000.00,4.688955,97.578125
08:37:36,912810TZ1,TSRYS5752098,D,S,D,2024-05-20,1000000.00,4.688939,97.578325
08:37:37,912810TZ1,TSRYS5752098,D,S,T,2024-05-20,1000000.00,4.688955,97.578125
08:37:53,912810TZ1,TSRYS5752098,D,S,C,2024-05-20,1080000.00,4.68492,97.62890625
08:38:15,912810TZ1,TSRYS5752098,D,S,D,2024-05-20,1000000.00,4.690352,97.560546875
08:38:15,912810TZ1,TSRYS5752098,D,S,T,2024-05-20,1000000.00,4.690352,97.560546875
08:38:21,912810TZ1,TSRYS5752098,D,S,D,2024-05-20,1000000.00,4.687713,97.59375
08:38:21,912810TZ1,TSRYS5752098,D,S,C,2024-05-20,1000000.00,4.687713,97.59375
08:38:21,912810TZ1,TSRYS5752098,D,S,C,2024-05-20,2000000.00,4.688955,97.578125
08:38:34,912810TZ1,TSRYS5752098,D,S,T,2024-05-20,1000000.00,4.690508,97.55859375
08:38:35,912810TZ1,TSRYS5752098,D,S,D,2024-05-20,1000000.00,4.690508,97.55859375
08:38:36,912810TZ1,TSRYS5752098,D,S,C,2024-05-20,1000000.00,4.688939,97.578325
08:38:36,912810TZ1,TSRYS5752098,D,B,C,2024-05-20,1000000.00,4.690197,97.5625
08:38:54,912810TZ1,TSRYS5752098,D,S,D,2024-05-20,1000000.00,4.688939,97.578325
08:38:54,912810TZ1,TSRYS5752098,D,S,C,2024-05-20,1000000.00,4.690197,97.5625
08:39:31,912810TZ1,TSRYS5752098,D,S,D,2024-05-20,15000000.00,4.682338,97.66142
08:39:41,912810TZ1,TSRYS5752098,D,S,T,2024-05-20,1000000.00,4.691129,97.55078125
08:39:45,912810TZ1,TSRYS5752098,D,S,C,2024-05-20,1000000.00,4.691129,97.55078125
08:39:59,912810TZ1,TSRYS5752098,D,S,D,2024-05-20,1000000.00,4.692371,97.53515625
08:40:01,912810TZ1,TSRYS5752098,D,S,T,2024-05-20,1000000.00,4.694391,97.509765625
08:40:04,912810TZ1,TSRYS5752098,D,S,D,2024-05-20,1000000.00,4.694391,97.509765625
08:40:04,912810TZ1,TSRYS5752098,D,S,T,2024-05-20,2000000.00,4.694547,97.5078125
08:40:07,912810TZ1,TSRYS5752098,D,S,D,2024-05-20,2000000.00,4.694547,97.5078125
08:40:15,912810TZ1,TSRYS5752098,D,S,T,2024-05-20,1000000.00,4.650578,98.0625
08:40:15,912810TZ1,TSRYS5752098,D,S,T,2024-05-20,1000000.00,4.651812,98.046875
08:40:15,912810TZ1,TSRYS5752098,D,S,T,2024-05-20,1000000.00,4.653046,98.03125
08:40:15,912810TZ1,TSRYS5752098,D,S,T,2024-05-20,1000000.00,4.653046,98.03125
08:40:15,912810TZ1,TSRYS5752098,D,S,T,2024-05-20,1000000.00,4.660458,97.9375
08:40:15,912810TZ1,TSRYS5752098,D,S,T,2024-05-20,1000000.00,4.660458,97.9375
08:40:15,912810TZ1,TSRYS5752098,D,S,T,2024-05-20,1000000.00,4.664167,97.890625
08:40:16,912810TZ1,TSRYS5752098,D,S,T,2024-05-20,1000000.00,4.66293,97.90625
08:40:25,912810TZ1,TSRYS5752098,D,S,T,2024-05-20,1000000.00,4.695168,97.5
08:40:26,912810TZ1,TSRYS5752098,D,S,T,2024-05-20,1000000.00,4.695168,97.5
08:40:34,912810TZ1,TSRYS5752098,D,S,T,2024-05-20,1000000.00,4.695168,97.5
08:40:36,912810TZ1,TSRYS5752098,D,S,D,2024-05-20,50000.00,4.695758,97.4925875
08:40:36,912810TZ1,TSRYS5752098,D,S,A,2024-05-20,50000.00,4.695758,97.5025875
08:40:37,912810TZ1,TSRYS5752098,D,S,A,2024-05-20,50000.00,4.695168,97.5
08:40:40,912810TZ1,TSRYS5752098,D,S,T,2024-05-20,1000000.00,4.696256,97.486328125
08:40:41,912810TZ1,TSRYS5752098,D,S,C,2024-05-20,1000000.00,4.696248,97.486428125
08:40:43,912810TZ1,TSRYS5752098,D,B,C,2024-05-20,1000000.00,4.697344,97.47265625
08:40:43,912810TZ1,TSRYS5752098,D,S,D,2024-05-20,1000000.00,4.697344,97.47265625
08:40:43,912810TZ1,TSRYS5752098,D,S,T,2024-05-20,1000000.00,4.696412,97.484375
08:40:44,912810TZ1,TSRYS5752098,D,S,T,2024-05-20,1000000.00,4.696412,97.484375
08:40:47,912810TZ1,TSRYS5752098,D,S,T,2024-05-20,1000000.00,4.696412,97.484375
08:40:52,912810TZ1,TSRYS5752098,D,S,T,2024-05-20,1000000.00,4.696412,97.484375
08:41:09,912810TZ1,TSRYS5752098,D,S,C,2024-05-20,1000000.00,4.695168,97.5
08:41:09,912810TZ1,TSRYS5752098,D,S,C,2024-05-20,1000000.00,4.695168,97.5
08:41:10,912810TZ1,TSRYS5752098,D,S,T,2024-05-20,1000000.00,4.694547,97.5078125
08:41:10,912810TZ1,TSRYS5752098,D,S,T,2024-05-20,1000000.00,4.694547,97.5078125
08:41:11,912810TZ1,TSRYS5752098,D,S,D,2024-05-20,1000000.00,4.694547,97.5078125
08:41:11,912810TZ1,TSRYS5752098,D,S,D,2024-05-20,1000000.00,4.694547,97.5078125
08:41:17,912810TZ1,TSRYS5752098,D,S,T,2024-05-20,1000000.00,4.695479,97.49609375
08:41:17,912810TZ1,TSRYS5752098,D,S,T,2024-05-20,1000000.00,4.695479,97.49609375
08:41:21,912810TZ1,TSRYS5752098,D,S,C,2024-05-20,1000000.00,4.695479,97.49609375
08:41:21,912810TZ1,TSRYS5752098,D,S,C,2024-05-20,1000000.00,4.695479,97.49609375
08:41:22,912810TZ1,TSRYS5752098,D,S,C,2024-05-20,1000000.00,4.696559,97.482521875
08:41:24,912810TZ1,TSRYS5752098,D,S,C,2024-05-20,1000000.00,4.69516,97.5001
08:41:25,912810TZ1,TSRYS5752098,D,S,T,2024-05-20,1000000.00,4.696567,97.482421875
08:41:39,912810TZ1,TSRYS5752098,D,B,C,2024-05-20,1000000.00,4.696412,97.484375
08:41:39,912810TZ1,TSRYS5752098,D,S,C,2024-05-20,1000000.00,4.696396,97.484575
08:41:39,912810TZ1,TSRYS5752098,D,S,C,2024-05-20,1000000.00,4.696404,97.484475
08:41:39,912810TZ1,TSRYS5752098,D,S,C,2024-05-20,1000000.00,4.696404,97.484475
08:41:57,912810TZ1,TSRYS5752098,D,S,C,2024-05-20,1000000.00,4.696404,97.484475
08:41:57,912810TZ1,TSRYS5752098,D,S,C,2024-05-20,1000000.00,4.696404,97.484475
08:42:16,912810TZ1,TSRYS5752098,D,S,T,2024-05-20,1000000.00,4.694547,97.5078125
08:42:17,912810TZ1,TSRYS5752098,D,S,D,2024-05-20,1000000.00,4.694547,97.5078125
08:42:48,912810TZ1,TSRYS5752098,D,S,C,2024-05-20,1000000.00,4.695168,97.5
08:42:48,912810TZ1,TSRYS5752098,D,B,C,2024-05-20,1000000.00,4.694857,97.50390625
08:42:48,912810TZ1,TSRYS5752098,D,S,D,2024-05-20,1000000.00,4.694857,97.50390625
08:42:49,912810TZ1,TSRYS5752098,D,S,T,2024-05-20,1000000.00,4.695168,97.5
08:43:16,912810TZ1,TSRYS5752098,D,S,D,2024-05-20,1000000.00,4.694857,97.50390625
08:43:16,912810TZ1,TSRYS5752098,D,S,T,2024-05-20,1000000.00,4.694857,97.50390625
08:43:44,912810TZ1,TSRYS5752098,D,S,T,2024-05-20,1000000.00,4.693925,97.515625
08:43:44,912810TZ1,TSRYS5752098,D,S,T,2024-05-20,1000000.00,4.693925,97.515625
08:43:56,912810TZ1,TSRYS5752098,D,S,T,2024-05-20,1000000.00,4.695168,97.5
08:43:56,912810TZ1,TSRYS5752098,D,S,T,2024-05-20,1000000.00,4.695168,97.5
08:43:56,912810TZ1,TSRYS5752098,D,S,D,2024-05-20,1000000.00,4.695168,97.5
08:43:56,912810TZ1,TSRYS5752098,D,S,T,2024-05-20,2000000.00,4.695176,97.499898
08:43:56,912810TZ1,TSRYS5752098,D,S,T,2024-05-20,1000000.00,4.695176,97.499898
08:43:56,912810TZ1,TSRYS5752098,D,S,T,2024-05-20,1000000.00,4.695176,97.499898
08:43:56,912810TZ1,TSRYS5752098,D,S,C,2024-05-20,1000000.00,4.695152,97.5002
08:43:56,912810TZ1,TSRYS5752098,D,S,T,2024-05-20,1000000.00,4.695176,97.499898
08:43:56,912810TZ1,TSRYS5752098,D,S,T,2024-05-20,1000000.00,4.695176,97.499898
08:44:12,912810TZ1,TSRYS5752098,D,S,D,2024-05-20,1000000.00,4.693925,97.515625
08:44:12,912810TZ1,TSRYS5752098,D,S,D,2024-05-20,1000000.00,4.693925,97.515625
08:44:22,912810TZ1,TSRYS5752098,D,B,C,2024-05-20,6000000.00,4.694547,97.5078125
08:44:27,912810TZ1,TSRYS5752098,D,S,C,2024-05-20,2000000.00,4.695168,97.5
08:44:27,912810TZ1,TSRYS5752098,D,S,C,2024-05-20,1000000.00,4.695168,97.5
08:44:27,912810TZ1,TSRYS5752098,D,S,C,2024-05-20,1000000.00,4.695168,97.5
08:44:27,912810TZ1,TSRYS5752098,D,S,C,2024-05-20,1000000.00,4.695168,97.5
08:44:27,912810TZ1,TSRYS5752098,D,S,C,2024-05-20,1000000.00,4.695168,97.5
08:45:01,912810TZ1,TSRYS5752098,D,S,C,2024-05-20,1000000.00,4.694997,97.502153125
08:45:01,912810TZ1,TSRYS5752098,D,B,C,2024-05-20,1000000.00,4.695029,97.501753125
08:45:09,912810TZ1,TSRYS5752098,D,S,D,2024-05-20,1000000.00,4.694236,97.51171875
08:45:09,912810TZ1,TSRYS5752098,D,S,T,2024-05-20,1000000.00,4.694236,97.51171875
08:45:09,912810TZ1,TSRYS5752098,D,S,D,2024-05-20,1000000.00,4.694236,97.51171875
08:45:14,912810TZ1,TSRYS5752098,D,S,D,2024-05-20,1000000.00,4.694236,97.51171875
08:45:54,912810TZ1,TSRYS5752098,D,S,T,2024-05-20,1000000.00,4.696412,97.484375
08:45:57,912810TZ1,TSRYS5752098,D,B,C,2024-05-20,1000000.00,4.694702,97.50585937
08:46:00,912810TZ1,TSRYS5752098,D,S,T,2024-05-20,1000000.00,4.696412,97.484375
08:46:08,912810TZ1,TSRYS5752098,D,S,T,2024-05-20,1000000.00,4.697655,97.46875
08:46:09,912810TZ1,TSRYS5752098,D,S,D,2024-05-20,500000.00,4.697655,97.46875
08:46:14,912810TZ1,TSRYS5752098,D,B,C,2024-05-20,1000000.00,4.696583,97.482221875
08:46:14,912810TZ1,TSRYS5752098,D,S,D,2024-05-20,1000000.00,4.696567,97.482421875
08:46:27,912810TZ1,TSRYS5752098,D,S,C,2024-05-20,1000000.00,4.696388,97.484675
08:46:28,912810TZ1,TSRYS5752098,D,S,C,2024-05-20,1000000.00,4.697655,97.46875
08:46:28,912810TZ1,TSRYS5752098,D,B,C,2024-05-20,1000000.00,4.697655,97.46875
08:46:28,912810TZ1,TSRYS5752098,D,S,C,2024-05-20,1000000.00,4.697655,97.46875
08:46:35,912810TZ1,TSRYS5752098,D,B,C,2024-05-20,2000000.00,4.696101,97.48828125
08:46:40,912810TZ1,TSRYS5752098,D,S,D,2024-05-20,2700000.00,4.695168,97.5
08:46:55,912810TZ1,TSRYS5752098,D,S,C,2024-05-20,1000000.00,4.696412,97.484375
08:47:12,912810TZ1,TSRYS5752098,D,B,C,2024-05-20,1000000.00,4.696412,97.484375
08:47:12,912810TZ1,TSRYS5752098,D,B,C,2024-05-20,1000000.00,4.696412,97.484375
08:47:12,912810TZ1,TSRYS5752098,D,S,C,2024-05-20,1000000.00,4.696412,97.484375
08:47:12,912810TZ1,TSRYS5752098,D,S,C,2024-05-20,1000000.00,4.696412,97.484375
08:47:18,912810TZ1,TSRYS5752098,D,S,D,2024-05-20,2700000.00,4.695168,97.5
08:47:39,912810TZ1,TSRYS5752098,D,S,C,2024-05-20,1000000.00,4.695479,97.49609375
08:47:39,912810TZ1,TSRYS5752098,D,S,D,2024-05-20,1000000.00,4.695479,97.49609375
08:47:39,912810TZ1,TSRYS5752098,D,S,D,2024-05-20,1000000.00,4.695479,97.49609375
08:47:39,912810TZ1,TSRYS5752098,D,S,D,2024-05-20,1000000.00,4.695479,97.49609375
08:47:39,912810TZ1,TSRYS5752098,D,S,D,2024-05-20,1000000.00,4.695479,97.49609375
08:47:40,912810TZ1,TSRYS5752098,D,S,D,2024-05-20,1000000.00,4.695479,97.49609375
08:47:47,912810TZ1,TSRYS5752098,D,B,C,2024-05-20,2400000.00,4.696429,97.484375
08:48:12,912810TZ1,TSRYS5752098,D,S,T,2024-05-20,1000000.00,4.695168,97.5
08:48:29,912810TZ1,TSRYS5752098,D,S,C,2024-05-20,10000.00,4.692682,97.53125
08:48:36,912810TZ1,TSRYS5752098,D,S,D,2024-05-20,10000.00,4.692682,97.53125
08:48:48,912810TZ1,TSRYS5752098,D,S,C,2024-05-20,10000.00,4.695168,97.55
08:48:49,912810TZ1,TSRYS5752098,D,S,D,2024-05-20,10000.00,4.695168,97.5
08:48:56,912810TZ1,TSRYS5752098,D,S,C,2024-05-20,1000000.00,4.695168,97.5
08:50:13,912810TZ1,TSRYS5752098,D,B,C,2024-05-20,1000000.00,4.693148,97.525390625
08:50:13,912810TZ1,TSRYS5752098,D,S,D,2024-05-20,1000000.00,4.693148,97.525390625
08:50:18,912810TZ1,TSRYS5752098,D,B,C,2024-05-20,1000000.00,4.692682,97.53125
08:50:18,912810TZ1,TSRYS5752098,D,S,D,2024-05-20,1000000.00,4.692682,97.53125
08:50:18,912810TZ1,TSRYS5752098,D,S,C,2024-05-20,1000000.00,4.692682,97.53125
08:50:19,912810TZ1,TSRYS5752098,D,S,C,2024-05-20,1000000.00,4.692682,97.53125
08:50:19,912810TZ1,TSRYS5752098,D,B,C,2024-05-20,2000000.00,4.692682,97.53125
08:50:19,912810TZ1,TSRYS5752098,D,S,C,2024-05-20,1000000.00,4.692682,97.53125
08:50:19,912810TZ1,TSRYS5752098,D,B,C,2024-05-20,1000000.00,4.692682,97.53125
08:50:53,912810TZ1,TSRYS5752098,D,S,T,2024-05-20,1000000.00,4.692682,97.53125
08:51:01,912810TZ1,TSRYS5752098,D,S,C,2024-05-20,1000000.00,4.69175,97.54296875
08:51:02,912810TZ1,TSRYS5752098,D,S,T,2024-05-20,1000000.00,4.69175,97.54296875
08:51:44,912810TZ1,TSRYS5752098,D,S,C,2024-05-20,2000000.00,4.692993,97.52734375
08:51:44,912810TZ1,TSRYS5752098,D,B,C,2024-05-20,2000000.00,4.692993,97.52734375
08:51:44,912810TZ1,TSRYS5752098,D,S,D,2024-05-20,1000000.00,4.692682,97.53125
08:51:46,912810TZ1,TSRYS5752098,D,B,C,2024-05-20,1000000.00,4.692682,97.53125
08:51:46,912810TZ1,TSRYS5752098,D,S,C,2024-05-20,2000000.00,4.692682,97.53125
08:51:46,912810TZ1,TSRYS5752098,D,B,C,2024-05-20,1000000.00,4.692682,97.53125
08:52:20,912810TZ1,TSRYS5752098,D,S,D,2024-05-20,2000.00,4.688965,97.578
08:52:32,912810TZ1,TSRYS5752098,D,S,C,2024-05-20,2000.00,4.688965,97.578
08:52:32,912810TZ1,TSRYS5752098,D,S,D,2024-05-20,2000.00,4.688965,97.578
08:52:36,912810TZ1,TSRYS5752098,D,S,T,2024-05-20,1000000.00,4.692061,97.5390625
08:52:36,912810TZ1,TSRYS5752098,D,B,C,2024-05-20,1000000.00,4.692061,97.5390625
08:52:36,912810TZ1,TSRYS5752098,D,S,D,2024-05-20,1000000.00,4.692053,97.5391625
08:52:41,912810TZ1,TSRYS5752098,D,S,C,2024-05-20,1000000.00,4.692061,97.5390625
08:52:41,912810TZ1,TSRYS5752098,D,B,C,2024-05-20,1000000.00,4.691905,97.541015625
08:52:41,912810TZ1,TSRYS5752098,D,S,C,2024-05-20,1000000.00,4.691905,97.541015625
08:53:02,912810TZ1,TSRYS5752098,D,B,C,2024-05-20,4000000.00,4.692403,97.53475625
08:53:08,912810TZ1,TSRYS5752098,D,S,C,2024-05-20,2000000.00,4.693148,97.525390625
08:53:08,912810TZ1,TSRYS5752098,D,B,C,2024-05-20,2000000.00,4.693156,97.525290625
08:53:08,912810TZ1,TSRYS5752098,D,S,C,2024-05-20,1000000.00,4.693148,97.525390625
08:53:08,912810TZ1,TSRYS5752098,D,S,T,2024-05-20,1000000.00,4.693148,97.525390625
08:53:34,912810TZ1,TSRYS5752098,D,S,C,2024-05-20,1000000.00,4.694702,97.505859375
08:53:35,912810TZ1,TSRYS5752098,D,S,C,2024-05-20,1000000.00,4.694702,97.505859375
08:53:35,912810TZ1,TSRYS5752098,D,B,C,2024-05-20,1000000.00,4.694702,97.505859375
08:53:37,912810TZ1,TSRYS5752098,D,S,T,2024-05-20,1000000.00,4.694702,97.505859375
08:54:26,912810TZ1,TSRYS5752098,D,S,C,2024-05-20,2000.00,4.691509,97.546
08:54:30,912810TZ1,TSRYS5752098,D,S,D,2024-05-20,2000.00,4.691509,97.546
08:54:41,912810TZ1,TSRYS5752098,D,S,C,2024-05-20,90000.00,4.69638,97.49033055556
08:54:46,912810TZ1,TSRYS5752098,D,S,D,2024-05-20,90000.00,4.69638,97.484775
08:55:00,912810TZ1,TSRYS5752098,D,S,C,2024-05-20,1000000.00,4.696101,97.48828125
08:55:00,912810TZ1,TSRYS5752098,D,S,C,2024-05-20,1000000.00,4.696101,97.48828125
08:55:00,912810TZ1,TSRYS5752098,D,B,C,2024-05-20,1000000.00,4.696101,97.48828125
08:55:01,912810TZ1,TSRYS5752098,D,S,T,2024-05-20,1000000.00,4.696101,97.48828125
08:55:02,912810TZ1,TSRYS5752098,D,B,C,2024-05-20,4000000.00,4.695822,97.4917875
08:55:33,912810TZ1,TSRYS5752098,D,B,C,2024-05-20,100000.00,4.696101,97.48828125
08:56:13,912810TZ1,TSRYS5752098,D,B,C,2024-05-20,1000000.00,4.696723,97.48046875
08:56:37,912810TZ1,TSRYS5752098,D,S,T,2024-05-20,1000000.00,4.69377,97.517578125
08:56:38,912810TZ1,TSRYS5752098,D,S,C,2024-05-20,1000000.00,4.693762,97.517678125
08:57:51,912810TZ1,TSRYS5752098,D,S,C,2024-05-20,1000000.00,4.692053,97.5391625
08:58:13,912810TZ1,TSRYS5752098,D,B,A,2024-05-20,500000.00,4.692078,97.5390625
08:58:16,912810TZ1,TSRYS5752098,D,S,D,2024-05-20,1300000.00,4.692912,97.528361133
08:58:22,912810TZ1,TSRYS5752098,D,S,D,2024-05-20,1300000.00,4.692962,97.527733119
08:58:24,912810TZ1,TSRYS5752098,D,S,D,2024-05-20,1000000.00,4.692216,97.53710938
08:58:24,912810TZ1,TSRYS5752098,D,S,T,2024-05-20,1000000.00,4.691458,97.546648
08:58:25,912810TZ1,TSRYS5752098,D,S,D,2024-05-20,1300000.00,4.691952,97.540431572
08:58:25,912810TZ1,TSRYS5752098,D,S,D,2024-05-20,2600000.00,4.691952,97.540431572
08:59:02,912810TZ1,TSRYS5752098,D,S,D,2024-05-20,1000000.00,4.691439,97.546875
08:59:08,912810TZ1,TSRYS5752098,D,S,C,2024-05-20,1500000.00,4.678561,97.709
08:59:08,912810TZ1,TSRYS5752098,D,S,C,2024-05-20,23000000.00,4.678561,97.709
08:59:08,912810TZ1,TSRYS5752098,D,S,C,2024-05-20,1800000.00,4.678561,97.709
08:59:08,912810TZ1,TSRYS5752098,D,S,C,2024-05-20,2200000.00,4.678561,97.709
08:59:10,912810TZ1,TSRYS5752098,D,S,C,2024-05-20,1500000.00,4.678561,97.709
08:59:32,912810TZ1,TSRYS5752098,D,S,D,2024-05-20,1000000.00,4.692216,97.537109375
09:00:09,912810TZ1,TSRYS5752098,D,S,D,2024-05-20,1000000.00,4.690818,97.5546875
09:00:09,912810TZ1,TSRYS5752098,D,S,D,2024-05-20,1000000.00,4.690818,97.5546875
09:00:10,912810TZ1,TSRYS5752098,D,S,D,2024-05-20,1000000.00,4.690818,97.5546875
09:00:10,912810TZ1,TSRYS5752098,D,S,C,2024-05-20,2000000.00,4.690818,97.5546875
09:00:10,912810TZ1,TSRYS5752098,D,S,D,2024-05-20,2000000.00,4.690818,97.5546875
09:00:10,912810TZ1,TSRYS5752098,D,S,D,2024-05-20,1000000.00,4.690818,97.5546875
09:00:11,912810TZ1,TSRYS5752098,D,S,D,2024-05-20,2000000.00,4.690818,97.5546875
09:00:11,912810TZ1,TSRYS5752098,D,S,T,2024-05-20,1000000.00,4.690818,97.5546875
09:00:19,912810TZ1,TSRYS5752098,D,S,T,2024-05-20,1000000.00,4.691905,97.541015625
09:00:23,912810TZ1,TSRYS5752098,D,S,D,2024-05-20,1000000.00,4.691905,97.541015625
09:00:31,912810TZ1,TSRYS5752098,D,S,D,2024-05-20,1000000.00,4.690818,97.5546875
09:00:31,912810TZ1,TSRYS5752098,D,S,T,2024-05-20,1000000.00,4.690818,97.5546875
09:01:06,912810TZ1,TSRYS5752098,D,S,C,2024-05-20,1000000.00,4.689886,97.56640625
09:01:06,912810TZ1,TSRYS5752098,D,B,C,2024-05-20,1000000.00,4.689886,97.56640625
09:01:32,912810TZ1,TSRYS5752098,D,S,C,2024-05-20,4355000.00,4.691457,97.546875
09:01:33,912810TZ1,TSRYS5752098,D,S,T,2024-05-20,1000000.00,4.692061,97.5390625
09:01:51,912810TZ1,TSRYS5752098,D,S,C,2024-05-20,2000000.00,4.690197,97.5625
09:01:51,912810TZ1,TSRYS5752098,D,S,C,2024-05-20,2000000.00,4.690352,97.560546875
09:01:59,912810TZ1,TSRYS5752098,D,S,T,2024-05-20,2000000.00,4.690197,97.5625
09:02:09,912810TZ1,TSRYS5752098,D,S,T,2024-05-20,2000000.00,4.690352,97.560546875
09:02:53,912810TZ1,TSRYS5752098,D,S,T,2024-05-20,1000000.00,4.688955,97.578125
09:03:20,912810TZ1,TSRYS5752098,D,S,D,2024-05-20,1000000.00,4.689421,97.572265625
