tradeTime,cusip,issueSymbolIdentifier,priceType,reportingSideCode,contraPartyTypeCode,tradeDate,reportedTradeVolume,lastSaleYield,lastSalePrice
08:00:04,912810TZ1,TSRYS5752098,D,S,D,2024-04-03,1000000.00,4.609353,98.58203125
08:00:04,912810TZ1,TSRYS5752098,D,S,D,2024-04-03,1000000.00,4.608895,98.587890625
08:00:04,912810TZ1,TSRYS5752098,D,S,D,2024-04-03,1000000.00,4.608895,98.587890625
08:00:05,912810TZ1,TSRYS5752098,D,S,T,2024-04-03,1000000.00,4.607827,98.6015625
08:00:05,912810TZ1,TSRYS5752098,D,S,T,2024-04-03,1000000.00,4.62922,98.328125
08:00:05,912810TZ1,TSRYS5752098,D,S,T,2024-04-03,1000000.00,4.630904,98.306640625
08:00:09,912810TZ1,TSRYS5752098,D,S,D,2024-04-03,1000000.00,4.607522,98.60546875
08:00:13,912810TZ1,TSRYS5752098,D,S,D,2024-04-03,1000000.00,4.598683,98.71875
08:00:13,912810TZ1,TSRYS5752098,D,S,D,2024-04-03,1000000.00,4.598683,98.71875
08:00:14,912810TZ1,TSRYS5752098,D,S,A,2024-04-03,305000.00,4.605387,98.6328125
08:00:16,912810TZ1,TSRYS5752098,D,S,D,2024-04-03,1000000.00,4.609353,98.58203125
08:00:19,912810TZ1,TSRYS5752098,D,S,T,2024-04-03,1000000.00,4.608438,98.59375
08:00:19,912810TZ1,TSRYS5752098,D,S,T,2024-04-03,1000000.00,4.608438,98.59375
08:00:19,912810TZ1,TSRYS5752098,D,S,T,2024-04-03,1000000.00,4.608438,98.59375
08:00:19,912810TZ1,TSRYS5752098,D,S,T,2024-04-03,1000000.00,4.608438,98.59375
08:00:19,912810TZ1,TSRYS5752098,D,S,T,2024-04-03,1000000.00,4.608438,98.59375
08:00:19,912810TZ1,TSRYS5752098,D,S,A,2024-04-03,800000.00,4.622488,98.4140625
08:00:19,912810TZ1,TSRYS5752098,D,S,T,2024-04-03,1000000.00,4.6231,98.40625
08:00:19,912810TZ1,TSRYS5752098,D,S,T,2024-04-03,1000000.00,4.6231,98.40625
08:00:19,912810TZ1,TSRYS5752098,D,S,T,2024-04-03,1000000.00,4.6231,98.40625
08:00:19,912810TZ1,TSRYS5752098,D,S,T,2024-04-03,1000000.00,4.6231,98.40625
08:00:19,912810TZ1,TSRYS5752098,D,S,T,2024-04-03,1000000.00,4.6231,98.40625
08:00:20,912810TZ1,TSRYS5752098,D,S,D,2024-04-03,3000000.00,4.625241,98.37890625
08:00:20,912810TZ1,TSRYS5752098,D,S,D,2024-04-03,1000000.00,4.625241,98.37890625
08:00:20,912810TZ1,TSRYS5752098,D,S,D,2024-04-03,1000000.00,4.626159,98.3671875
08:00:21,912810TZ1,TSRYS5752098,D,S,D,2024-04-03,1000000.00,4.626771,98.359375
08:00:25,912810TZ1,TSRYS5752098,D,S,C,2024-04-03,1220000.00,4.629801,98.3207125
08:00:28,912810TZ1,TSRYS5752098,D,S,T,2024-04-03,1000000.00,4.608438,98.59375
08:00:28,912810TZ1,TSRYS5752098,D,S,T,2024-04-03,1000000.00,4.627996,98.34375
08:00:28,912810TZ1,TSRYS5752098,D,S,D,2024-04-03,1000000.00,4.630445,98.3125
08:00:29,912810TZ1,TSRYS5752098,D,B,C,2024-04-03,10000000.00,4.634121,98.265625
08:00:30,912810TZ1,TSRYS5752098,D,S,T,2024-04-03,1000000.00,4.60112,98.6875
08:00:30,912810TZ1,TSRYS5752098,D,S,T,2024-04-03,1000000.00,4.598987,98.71484375
08:00:30,912810TZ1,TSRYS5752098,D,S,T,2024-04-03,1000000.00,4.598987,98.71484375
08:00:30,912810TZ1,TSRYS5752098,D,S,T,2024-04-03,1000000.00,4.606607,98.6171875
08:00:30,912810TZ1,TSRYS5752098,D,S,T,2024-04-03,1000000.00,4.607522,98.60546875
08:00:30,912810TZ1,TSRYS5752098,D,S,T,2024-04-03,1000000.00,4.607522,98.60546875
08:00:30,912810TZ1,TSRYS5752098,D,S,T,2024-04-03,1000000.00,4.607522,98.60546875
08:00:30,912810TZ1,TSRYS5752098,D,S,T,2024-04-03,1000000.00,4.607522,98.60546875
08:00:30,912810TZ1,TSRYS5752098,D,S,T,2024-04-03,1000000.00,4.607522,98.60546875
08:00:30,912810TZ1,TSRYS5752098,D,S,T,2024-04-03,1000000.00,4.607827,98.6015625
08:00:30,912810TZ1,TSRYS5752098,D,S,T,2024-04-03,1000000.00,4.606455,98.619140625
08:00:30,912810TZ1,TSRYS5752098,D,S,T,2024-04-03,1000000.00,4.606302,98.62109375
08:00:30,912810TZ1,TSRYS5752098,D,S,T,2024-04-03,1000000.00,4.606607,98.6171875
08:00:30,912810TZ1,TSRYS5752098,D,S,T,2024-04-03,1000000.00,4.606912,98.61328125
08:00:30,912810TZ1,TSRYS5752098,D,S,T,2024-04-03,1000000.00,4.607827,98.6015625
08:00:30,912810TZ1,TSRYS5752098,D,S,T,2024-04-03,1000000.00,4.608438,98.59375
08:00:30,912810TZ1,TSRYS5752098,D,S,T,2024-04-03,1000000.00,4.608438,98.59375
08:00:30,912810TZ1,TSRYS5752098,D,S,T,2024-04-03,3000000.00,4.608438,98.59375
08:00:30,912810TZ1,TSRYS5752098,D,S,T,2024-04-03,1000000.00,4.608438,98.59375
08:00:30,912810TZ1,TSRYS5752098,D,S,T,2024-04-03,1000000.00,4.608438,98.59375
08:00:30,912810TZ1,TSRYS5752098,D,S,T,2024-04-03,1000000.00,4.605997,98.625
08:00:30,912810TZ1,TSRYS5752098,D,S,T,2024-04-03,1000000.00,4.607217,98.609375
08:00:30,912810TZ1,TSRYS5752098,D,S,T,2024-04-03,1000000.00,4.608438,98.59375
08:00:30,912810TZ1,TSRYS5752098,D,S,T,2024-04-03,1000000.00,4.608438,98.59375
08:00:30,912810TZ1,TSRYS5752098,D,S,T,2024-04-03,1000000.00,4.608438,98.59375
08:00:30,912810TZ1,TSRYS5752098,D,S,T,2024-04-03,1000000.00,4.608438,98.59375
08:00:30,912810TZ1,TSRYS5752098,D,S,T,2024-04-03,1000000.00,4.608438,98.59375
08:00:30,912810TZ1,TSRYS5752098,D,S,T,2024-04-03,1000000.00,4.608438,98.59375
08:00:30,912810TZ1,TSRYS5752098,D,S,T,2024-04-03,1000000.00,4.605997,98.625
08:00:30,912810TZ1,TSRYS5752098,D,S,T,2024-04-03,1000000.00,4.605997,98.625
08:00:30,912810TZ1,TSRYS5752098,D,S,T,2024-04-03,1000000.00,4.630904,98.306640625
08:00:34,912810TZ1,TSRYS5752098,D,S,D,2024-04-03,1000000.00,4.61882,98.4609375
08:00:34,912810TZ1,TSRYS5752098,D,S,T,2024-04-03,1000000.00,4.617292,98.48046875
08:00:34,912810TZ1,TSRYS5752098,D,S,T,2024-04-03,1000000.00,4.616986,98.484375
08:00:34,912810TZ1,TSRYS5752098,D,S,T,2024-04-03,1000000.00,4.616986,98.484375
08:00:34,912810TZ1,TSRYS5752098,D,S,D,2024-04-03,1000000.00,4.616375,98.4921875
08:00:34,912810TZ1,TSRYS5752098,D,S,D,2024-04-03,1000000.00,4.616375,98.4921875
08:00:34,912810TZ1,TSRYS5752098,D,S,D,2024-04-03,1000000.00,4.622794,98.41015625
08:00:34,912810TZ1,TSRYS5752098,D,S,D,2024-04-03,1000000.00,4.61882,98.4609375
08:00:34,912810TZ1,TSRYS5752098,D,S,D,2024-04-03,1000000.00,4.61882,98.4609375
08:00:34,912810TZ1,TSRYS5752098,D,S,D,2024-04-03,1000000.00,4.625853,98.37109375
08:00:34,912810TZ1,TSRYS5752098,D,S,D,2024-04-03,1000000.00,4.626771,98.359375
08:00:34,912810TZ1,TSRYS5752098,D,S,D,2024-04-03,1000000.00,4.616222,98.494140625
08:00:34,912810TZ1,TSRYS5752098,D,S,D,2024-04-03,1000000.00,4.616222,98.494140625
08:00:34,912810TZ1,TSRYS5752098,D,S,D,2024-04-03,1000000.00,4.6092,98.583984375
08:00:34,912810TZ1,TSRYS5752098,D,S,D,2024-04-03,1000000.00,4.608895,98.587890625
08:00:34,912810TZ1,TSRYS5752098,D,S,D,2024-04-03,1000000.00,4.610574,98.56640625
08:00:34,912810TZ1,TSRYS5752098,D,S,D,2024-04-03,1000000.00,4.610574,98.56640625
08:00:34,912810TZ1,TSRYS5752098,D,S,D,2024-04-03,1000000.00,4.630292,98.314453125
08:00:34,912810TZ1,TSRYS5752098,D,S,D,2024-04-03,1000000.00,4.625088,98.380859375
08:00:34,912810TZ1,TSRYS5752098,D,S,D,2024-04-03,1000000.00,4.622794,98.41015625
08:00:34,912810TZ1,TSRYS5752098,D,S,D,2024-04-03,1000000.00,4.618056,98.470703125
08:00:34,912810TZ1,TSRYS5752098,D,S,D,2024-04-03,1000000.00,4.618056,98.470703125
08:00:34,912810TZ1,TSRYS5752098,D,S,D,2024-04-03,1000000.00,4.618056,98.470703125
08:00:34,912810TZ1,TSRYS5752098,D,S,D,2024-04-03,1000000.00,4.625547,98.375
08:00:34,912810TZ1,TSRYS5752098,D,S,D,2024-04-03,1000000.00,4.625088,98.380859375
08:00:34,912810TZ1,TSRYS5752098,D,S,D,2024-04-03,1000000.00,4.625241,98.37890625
08:00:34,912810TZ1,TSRYS5752098,D,S,T,2024-04-03,1000000.00,4.616375,98.4921875
08:00:34,912810TZ1,TSRYS5752098,D,S,T,2024-04-03,1000000.00,4.616375,98.4921875
08:00:34,912810TZ1,TSRYS5752098,D,S,T,2024-04-03,1000000.00,4.629067,98.330078125
08:00:34,912810TZ1,TSRYS5752098,D,S,T,2024-04-03,1000000.00,4.630292,98.314453125
08:00:34,912810TZ1,TSRYS5752098,D,S,T,2024-04-03,1000000.00,4.622794,98.41015625
08:00:34,912810TZ1,TSRYS5752098,D,S,T,2024-04-03,1000000.00,4.622794,98.41015625
08:00:34,912810TZ1,TSRYS5752098,D,S,T,2024-04-03,1000000.00,4.622794,98.41015625
08:00:34,912810TZ1,TSRYS5752098,D,S,T,2024-04-03,1000000.00,4.61882,98.4609375
08:00:34,912810TZ1,TSRYS5752098,D,S,T,2024-04-03,1000000.00,4.61882,98.4609375
08:00:34,912810TZ1,TSRYS5752098,D,S,T,2024-04-03,1000000.00,4.61882,98.4609375
08:00:34,912810TZ1,TSRYS5752098,D,S,T,2024-04-03,1000000.00,4.61882,98.4609375
08:00:34,912810TZ1,TSRYS5752098,D,S,T,2024-04-03,1000000.00,4.61882,98.4609375
08:00:34,912810TZ1,TSRYS5752098,D,S,T,2024-04-03,1000000.00,4.61882,98.4609375
08:00:34,912810TZ1,TSRYS5752098,D,S,T,2024-04-03,1000000.00,4.61882,98.4609375
08:00:34,912810TZ1,TSRYS5752098,D,S,T,2024-04-03,1000000.00,4.61882,98.4609375
08:00:34,912810TZ1,TSRYS5752098,D,S,T,2024-04-03,1000000.00,4.61882,98.4609375
08:00:34,912810TZ1,TSRYS5752098,D,S,T,2024-04-03,2000000.00,4.61882,98.4609375
08:00:34,912810TZ1,TSRYS5752098,D,S,T,2024-04-03,1000000.00,4.61882,98.4609375
08:00:34,912810TZ1,TSRYS5752098,D,S,T,2024-04-03,1000000.00,4.61882,98.4609375
08:00:34,912810TZ1,TSRYS5752098,D,S,T,2024-04-03,1000000.00,4.61882,98.4609375
08:00:34,912810TZ1,TSRYS5752098,D,S,T,2024-04-03,1000000.00,4.61882,98.4609375
08:00:34,912810TZ1,TSRYS5752098,D,S,T,2024-04-03,1000000.00,4.618208,98.46875
08:00:34,912810TZ1,TSRYS5752098,D,S,T,2024-04-03,1000000.00,4.61882,98.4609375
08:00:34,912810TZ1,TSRYS5752098,D,S,T,2024-04-03,1000000.00,4.61882,98.4609375
08:00:34,912810TZ1,TSRYS5752098,D,S,T,2024-04-03,1000000.00,4.616375,98.4921875
08:00:34,912810TZ1,TSRYS5752098,D,S,T,2024-04-03,1000000.00,4.625547,98.375
08:00:34,912810TZ1,TSRYS5752098,D,S,T,2024-04-03,1000000.00,4.625088,98.380859375
08:00:34,912810TZ1,TSRYS5752098,D,B,A,2024-04-03,27700000.00,4.605692,98.62890625
08:00:39,912810TZ1,TSRYS5752098,D,S,D,2024-04-03,15000000.00,4.601418,98.68368
08:00:40,912810TZ1,TSRYS5752098,D,B,A,2024-04-03,4800000.00,4.610268,98.5703125
08:00:41,912810TZ1,TSRYS5752098,D,S,C,2024-04-03,50MM+,4.625241,98.37890625
08:00:43,912810TZ1,TSRYS5752098,D,S,D,2024-04-03,7000000.00,4.635242,98.25133
08:00:44,912810TZ1,TSRYS5752098,D,S,T,2024-04-03,1000000.00,4.605997,98.625
08:00:44,912810TZ1,TSRYS5752098,D,S,T,2024-04-03,1000000.00,4.605997,98.625
08:00:44,912810TZ1,TSRYS5752098,D,S,T,2024-04-03,1000000.00,4.605997,98.625
08:00:44,912810TZ1,TSRYS5752098,D,S,A,2024-04-03,5000000.00,4.609676,98.578125
08:00:44,912810TZ1,TSRYS5752098,D,B,C,2024-04-03,1000000.00,4.627389,98.3515625
08:00:44,912810TZ1,TSRYS5752098,D,S,A,2024-04-03,55000.00,4.632895,98.28125
08:00:44,912810TZ1,TSRYS5752098,D,S,T,2024-04-03,1000000.00,4.619286,98.454978125
08:00:44,912810TZ1,TSRYS5752098,D,S,T,2024-04-03,1000000.00,4.617903,98.47265625
08:00:45,912810TZ1,TSRYS5752098,D,S,T,2024-04-03,2000000.00,4.608438,98.59375
08:00:45,912810TZ1,TSRYS5752098,D,S,T,2024-04-03,1000000.00,4.605997,98.625
08:00:45,912810TZ1,TSRYS5752098,D,S,A,2024-04-03,20000.00,4.62769,98.34765625
08:00:45,912810TZ1,TSRYS5752098,D,S,T,2024-04-03,1000000.00,4.6257,98.373046875
08:00:45,912810TZ1,TSRYS5752098,D,S,T,2024-04-03,1000000.00,4.6257,98.373046875
08:00:45,912810TZ1,TSRYS5752098,D,S,T,2024-04-03,1000000.00,4.63167,98.296875
08:00:45,912810TZ1,TSRYS5752098,D,S,T,2024-04-03,1000000.00,4.622947,98.408203125
08:00:45,912810TZ1,TSRYS5752098,D,B,A,2024-04-03,297000.00,4.620042,98.4453125
08:00:45,912810TZ1,TSRYS5752098,D,S,T,2024-04-03,1000000.00,4.615764,98.5
08:00:46,912810TZ1,TSRYS5752098,D,S,T,2024-04-03,2000000.00,4.624476,98.388671875
08:00:50,912810TZ1,TSRYS5752098,D,S,T,2024-04-03,1000000.00,4.623253,98.404296875
08:00:50,912810TZ1,TSRYS5752098,D,S,T,2024-04-03,1000000.00,4.6231,98.40625
08:00:50,912810TZ1,TSRYS5752098,D,S,T,2024-04-03,1000000.00,4.623253,98.404296875
08:00:50,912810TZ1,TSRYS5752098,D,B,C,2024-04-03,3900000.00,4.622335,98.4160156
08:00:50,912810TZ1,TSRYS5752098,D,B,A,2024-04-03,35000.00,4.615764,98.5
08:00:50,912810TZ1,TSRYS5752098,D,B,C,2024-04-03,10000000.00,4.632895,98.28125
08:00:50,912810TZ1,TSRYS5752098,D,B,C,2024-04-03,10000000.00,4.633202,98.27734375
08:00:50,912810TZ1,TSRYS5752098,D,B,C,2024-04-03,10000000.00,4.629526,98.32421875
08:00:50,912810TZ1,TSRYS5752098,D,B,A,2024-04-03,2048000.00,4.626465,98.363281
08:00:54,912810TZ1,TSRYS5752098,D,S,A,2024-04-03,993000.00,4.616075,98.49609375
08:00:54,912810TZ1,TSRYS5752098,D,S,D,2024-04-03,290000.00,4.630751,98.30859375
08:00:54,912810TZ1,TSRYS5752098,D,S,A,2024-04-03,3000000.00,4.608743,98.58984375
08:00:54,912810TZ1,TSRYS5752098,D,S,A,2024-04-03,1268000.00,4.607522,98.60546875
08:00:55,912810TZ1,TSRYS5752098,D,S,A,2024-04-03,2400000.00,4.609353,98.58203125
08:00:56,912810TZ1,TSRYS5752098,D,B,A,2024-04-03,11376000.00,4.615153,98.5078125
08:01:01,912810TZ1,TSRYS5752098,D,S,D,2024-04-03,3000000.00,4.625241,98.37890625
08:01:01,912810TZ1,TSRYS5752098,D,S,T,2024-04-03,2000000.00,4.625088,98.380859375
08:01:01,912810TZ1,TSRYS5752098,D,S,T,2024-04-03,1000000.00,4.625088,98.380859375
08:01:01,912810TZ1,TSRYS5752098,D,S,D,2024-04-03,1000000.00,4.625241,98.37890625
08:01:01,912810TZ1,TSRYS5752098,D,S,T,2024-04-03,3000000.00,4.625547,98.375
08:01:01,912810TZ1,TSRYS5752098,D,S,D,2024-04-03,1000000.00,4.626159,98.3671875
08:01:02,912810TZ1,TSRYS5752098,D,S,C,2024-04-03,5000.00,4.623354,98.503
08:01:04,912810TZ1,TSRYS5752098,D,S,A,2024-04-03,230000.00,4.639026,98.203125
08:01:05,912810TZ1,TSRYS5752098,D,S,C,2024-04-03,1000000.00,4.615733,98.5004
08:01:05,912810TZ1,TSRYS5752098,D,S,D,2024-04-03,1000000.00,4.598683,98.71875
08:01:05,912810TZ1,TSRYS5752098,D,S,D,2024-04-03,1000000.00,4.598683,98.71875
08:01:05,912810TZ1,TSRYS5752098,D,S,D,2024-04-03,1000000.00,4.596551,98.74609375
08:01:05,912810TZ1,TSRYS5752098,D,S,D,2024-04-03,1000000.00,4.596551,98.74609375
08:01:05,912810TZ1,TSRYS5752098,D,S,D,2024-04-03,1000000.00,4.596551,98.74609375
08:01:05,912810TZ1,TSRYS5752098,D,S,D,2024-04-03,1000000.00,4.596551,98.74609375
08:01:05,912810TZ1,TSRYS5752098,D,S,D,2024-04-03,1000000.00,4.596551,98.74609375
08:01:05,912810TZ1,TSRYS5752098,D,S,C,2024-04-03,1000000.00,4.605997,98.625
08:01:05,912810TZ1,TSRYS5752098,D,S,D,2024-04-03,1000000.00,4.596551,98.74609375
08:01:05,912810TZ1,TSRYS5752098,D,S,D,2024-04-03,1000000.00,4.596551,98.74609375
08:01:05,912810TZ1,TSRYS5752098,D,S,D,2024-04-03,1000000.00,4.609353,98.58203125
08:01:05,912810TZ1,TSRYS5752098,D,S,D,2024-04-03,1000000.00,4.598378,98.72265625
08:01:05,912810TZ1,TSRYS5752098,D,B,C,2024-04-03,1000000.00,4.609353,98.58203125
08:01:05,912810TZ1,TSRYS5752098,D,S,D,2024-04-03,1000000.00,4.598378,98.72265625
08:01:05,912810TZ1,TSRYS5752098,D,S,D,2024-04-03,1000000.00,4.629526,98.32421875
08:01:05,912810TZ1,TSRYS5752098,D,S,D,2024-04-03,1000000.00,4.63167,98.296875
08:01:05,912810TZ1,TSRYS5752098,D,S,D,2024-04-03,1000000.00,4.63167,98.296875
08:01:05,912810TZ1,TSRYS5752098,D,S,D,2024-04-03,1000000.00,4.631058,98.3046875
08:01:05,912810TZ1,TSRYS5752098,D,B,C,2024-04-03,1000000.00,4.605997,98.625
08:01:05,912810TZ1,TSRYS5752098,D,S,D,2024-04-03,1000000.00,4.62922,98.328125
08:01:05,912810TZ1,TSRYS5752098,D,S,D,2024-04-03,1000000.00,4.630445,98.3125
08:01:05,912810TZ1,TSRYS5752098,D,S,D,2024-04-03,1000000.00,4.631364,98.30078125
08:01:05,912810TZ1,TSRYS5752098,D,B,C,2024-04-03,1000000.00,4.61882,98.4609375
08:01:05,912810TZ1,TSRYS5752098,D,S,D,2024-04-03,1000000.00,4.616375,98.4921875
08:01:05,912810TZ1,TSRYS5752098,D,S,D,2024-04-03,1000000.00,4.616375,98.4921875
08:01:05,912810TZ1,TSRYS5752098,D,S,D,2024-04-03,1000000.00,4.61882,98.4609375
08:01:05,912810TZ1,TSRYS5752098,D,S,D,2024-04-03,1000000.00,4.616375,98.4921875
08:01:06,912810TZ1,TSRYS5752098,D,S,T,2024-04-03,1000000.00,4.625547,98.375
08:01:06,912810TZ1,TSRYS5752098,D,S,T,2024-04-03,1000000.00,4.625547,98.375
08:01:09,912810TZ1,TSRYS5752098,D,S,D,2024-04-03,196000.00,4.625547,98.375
08:01:10,912810TZ1,TSRYS5752098,D,B,C,2024-04-03,600000.00,4.627087,98.35526875
08:01:11,912810TZ1,TSRYS5752098,D,B,C,2024-04-03,1000000.00,4.624629,98.38671875
08:01:11,912810TZ1,TSRYS5752098,D,S,D,2024-04-03,1000000.00,4.624629,98.38671875
08:01:11,912810TZ1,TSRYS5752098,D,S,D,2024-04-03,3000000.00,4.625241,98.37890625
08:01:11,912810TZ1,TSRYS5752098,D,S,D,2024-04-03,1000000.00,4.625241,98.37890625
08:01:11,912810TZ1,TSRYS5752098,D,S,D,2024-04-03,1000000.00,4.626159,98.3671875
08:01:12,912810TZ1,TSRYS5752098,D,B,C,2024-04-03,1000000.00,4.62769,98.34765625
08:01:12,912810TZ1,TSRYS5752098,D,S,C,2024-04-03,1000000.00,4.62769,98.34765625
08:01:12,912810TZ1,TSRYS5752098,D,S,D,2024-04-03,1000000.00,4.625853,98.37109375
08:01:12,912810TZ1,TSRYS5752098,D,S,C,2024-04-03,1000000.00,4.625547,98.375
08:01:12,912810TZ1,TSRYS5752098,D,B,C,2024-04-03,1000000.00,4.626465,98.36328125
08:01:12,912810TZ1,TSRYS5752098,D,S,D,2024-04-03,1000000.00,4.626465,98.36328125
08:01:14,912810TZ1,TSRYS5752098,D,S,A,2024-04-03,255000.00,4.62769,98.34765625
08:01:15,912810TZ1,TSRYS5752098,D,S,A,2024-04-03,435000.00,4.629526,98.32421875
08:01:16,912810TZ1,TSRYS5752098,D,S,D,2024-04-03,1000000.00,4.596551,98.74609375
08:01:16,912810TZ1,TSRYS5752098,D,S,T,2024-04-03,1000000.00,4.608453,98.59355
08:01:16,912810TZ1,TSRYS5752098,D,S,T,2024-04-03,2000000.00,4.608453,98.59355
08:01:16,912810TZ1,TSRYS5752098,D,S,T,2024-04-03,2000000.00,4.608453,98.59355
08:01:16,912810TZ1,TSRYS5752098,D,S,T,2024-04-03,1000000.00,4.600968,98.68945312
08:01:16,912810TZ1,TSRYS5752098,D,S,T,2024-04-03,1000000.00,4.60112,98.6875
08:01:17,912810TZ1,TSRYS5752098,D,S,D,2024-04-03,1000000.00,4.60676,98.61523437
08:01:17,912810TZ1,TSRYS5752098,D,S,D,2024-04-03,1000000.00,4.606607,98.6171875
08:01:17,912810TZ1,TSRYS5752098,D,S,D,2024-04-03,1000000.00,4.606455,98.61914062
08:01:17,912810TZ1,TSRYS5752098,D,S,T,2024-04-03,1000000.00,4.606455,98.61914062
08:01:17,912810TZ1,TSRYS5752098,D,S,D,2024-04-03,1000000.00,4.606607,98.6171875
08:01:17,912810TZ1,TSRYS5752098,D,S,T,2024-04-03,1000000.00,4.600968,98.68945312
08:01:17,912810TZ1,TSRYS5752098,D,S,T,2024-04-03,1000000.00,4.606455,98.61914062
08:01:17,912810TZ1,TSRYS5752098,D,S,D,2024-04-03,1000000.00,4.606607,98.6171875
08:01:17,912810TZ1,TSRYS5752098,D,S,D,2024-04-03,1000000.00,4.606455,98.61914062
08:01:17,912810TZ1,TSRYS5752098,D,S,T,2024-04-03,1000000.00,4.606607,98.6171875
08:01:17,912810TZ1,TSRYS5752098,D,S,D,2024-04-03,1000000.00,4.606607,98.6171875
08:01:17,912810TZ1,TSRYS5752098,D,S,D,2024-04-03,1000000.00,4.606302,98.62109375
08:01:17,912810TZ1,TSRYS5752098,D,S,T,2024-04-03,1000000.00,4.606607,98.6171875
08:01:17,912810TZ1,TSRYS5752098,D,S,T,2024-04-03,1000000.00,4.606607,98.6171875
08:01:17,912810TZ1,TSRYS5752098,D,S,T,2024-04-03,1000000.00,4.605845,98.62695312
08:01:17,912810TZ1,TSRYS5752098,D,B,C,2024-04-03,5000000.00,4.608611,98.59153
08:01:17,912810TZ1,TSRYS5752098,D,S,T,2024-04-03,1000000.00,4.604625,98.64257812
08:01:18,912810TZ1,TSRYS5752098,D,S,D,2024-04-03,1000000.00,4.60112,98.6875
08:01:18,912810TZ1,TSRYS5752098,D,S,T,2024-04-03,1000000.00,4.60676,98.61523437
08:01:18,912810TZ1,TSRYS5752098,D,S,T,2024-04-03,1000000.00,4.60676,98.61523437
08:01:18,912810TZ1,TSRYS5752098,D,S,D,2024-04-03,1000000.00,4.60676,98.61523437
08:01:18,912810TZ1,TSRYS5752098,D,S,D,2024-04-03,1000000.00,4.606607,98.6171875
08:01:18,912810TZ1,TSRYS5752098,D,S,T,2024-04-03,1000000.00,4.60676,98.61523437
08:01:18,912810TZ1,TSRYS5752098,D,S,D,2024-04-03,1000000.00,4.60676,98.61523437
08:01:18,912810TZ1,TSRYS5752098,D,S,T,2024-04-03,1000000.00,4.599749,98.70507812
08:01:18,912810TZ1,TSRYS5752098,D,S,T,2024-04-03,1000000.00,4.598531,98.72070312
08:01:18,912810TZ1,TSRYS5752098,D,S,T,2024-04-03,1000000.00,4.598531,98.72070312
08:01:19,912810TZ1,TSRYS5752098,D,S,T,2024-04-03,1000000.00,4.599749,98.70507812
08:01:19,912810TZ1,TSRYS5752098,D,S,T,2024-04-03,1000000.00,4.598531,98.72070312
08:01:19,912810TZ1,TSRYS5752098,D,S,T,2024-04-03,1000000.00,4.598531,98.72070312
08:01:19,912810TZ1,TSRYS5752098,D,B,A,2024-04-03,60000.00,4.614848,98.51171875
08:01:19,912810TZ1,TSRYS5752098,D,B,A,2024-04-03,100000.00,4.614542,98.515625
08:01:19,912810TZ1,TSRYS5752098,D,S,C,2024-04-03,1000000.00,4.600663,98.69335937
08:01:19,912810TZ1,TSRYS5752098,D,S,T,2024-04-03,1000000.00,4.600206,98.69921875
08:01:19,912810TZ1,TSRYS5752098,D,B,A,2024-04-03,420000.00,4.615153,98.5078125
08:01:20,912810TZ1,TSRYS5752098,D,S,T,2024-04-03,1000000.00,4.598531,98.72070312
08:01:21,912810TZ1,TSRYS5752098,D,S,T,2024-04-03,1000000.00,4.598378,98.72265625
08:01:21,912810TZ1,TSRYS5752098,D,S,D,2024-04-03,1000000.00,4.596551,98.74609375
08:01:21,912810TZ1,TSRYS5752098,D,S,D,2024-04-03,1000000.00,4.615764,98.5
08:01:21,912810TZ1,TSRYS5752098,D,S,D,2024-04-03,1000000.00,4.616375,98.4921875
08:01:21,912810TZ1,TSRYS5752098,D,S,D,2024-04-03,1000000.00,4.616222,98.49414062
08:01:21,912810TZ1,TSRYS5752098,D,S,D,2024-04-03,1000000.00,4.616375,98.4921875
08:01:21,912810TZ1,TSRYS5752098,D,S,D,2024-04-03,1000000.00,4.616375,98.4921875
08:01:21,912810TZ1,TSRYS5752098,D,S,D,2024-04-03,1000000.00,4.616375,98.4921875
08:01:21,912810TZ1,TSRYS5752098,D,S,D,2024-04-03,1000000.00,4.615764,98.5
08:01:21,912810TZ1,TSRYS5752098,D,S,T,2024-04-03,1000000.00,4.596551,98.74609375
08:01:21,912810TZ1,TSRYS5752098,D,S,D,2024-04-03,1000000.00,4.604778,98.640625
08:01:21,912810TZ1,TSRYS5752098,D,S,D,2024-04-03,1000000.00,4.607217,98.609375
08:01:21,912810TZ1,TSRYS5752098,D,S,D,2024-04-03,1000000.00,4.609658,98.578125
08:01:21,912810TZ1,TSRYS5752098,D,S,D,2024-04-03,1000000.00,4.607217,98.609375
08:01:22,912810TZ1,TSRYS5752098,D,S,D,2024-04-03,1000000.00,4.596551,98.74609375
08:01:22,912810TZ1,TSRYS5752098,D,S,D,2024-04-03,1000000.00,4.596551,98.74609375
08:01:22,912810TZ1,TSRYS5752098,D,S,T,2024-04-03,1000000.00,4.598698,98.71855
08:01:22,912810TZ1,TSRYS5752098,D,S,T,2024-04-03,1000000.00,4.596551,98.74609375
08:01:23,912810TZ1,TSRYS5752098,D,S,D,2024-04-03,1000000.00,4.596551,98.74609375
08:01:23,912810TZ1,TSRYS5752098,D,S,D,2024-04-03,1000000.00,4.596551,98.74609375
08:01:23,912810TZ1,TSRYS5752098,D,S,D,2024-04-03,1000000.00,4.596551,98.74609375
08:01:23,912810TZ1,TSRYS5752098,D,S,T,2024-04-03,1000000.00,4.596703,98.74414062
08:01:23,912810TZ1,TSRYS5752098,D,S,D,2024-04-03,1000000.00,4.596551,98.74609375
08:01:23,912810TZ1,TSRYS5752098,D,S,T,2024-04-03,1000000.00,4.596703,98.74414062
08:01:23,912810TZ1,TSRYS5752098,D,S,T,2024-04-03,1000000.00,4.602351,98.671725
08:01:23,912810TZ1,TSRYS5752098,D,S,T,2024-04-03,1000000.00,4.604789,98.640475
08:01:23,912810TZ1,TSRYS5752098,D,S,T,2024-04-03,1000000.00,4.604789,98.640475
08:01:23,912810TZ1,TSRYS5752098,D,S,D,2024-04-03,1000000.00,4.596551,98.74609375
08:01:23,912810TZ1,TSRYS5752098,D,S,T,2024-04-03,1000000.00,4.60357,98.6561
08:01:23,912810TZ1,TSRYS5752098,D,S,T,2024-04-03,1000000.00,4.601132,98.68735
08:01:23,912810TZ1,TSRYS5752098,D,S,T,2024-04-03,1000000.00,4.601132,98.68735
08:01:23,912810TZ1,TSRYS5752098,D,S,D,2024-04-03,1000000.00,4.598683,98.71875
08:01:23,912810TZ1,TSRYS5752098,D,S,D,2024-04-03,1000000.00,4.596551,98.74609375
08:01:24,912810TZ1,TSRYS5752098,D,S,T,2024-04-03,1000000.00,4.604793,98.640425
08:01:24,912810TZ1,TSRYS5752098,D,S,T,2024-04-03,1000000.00,4.600968,98.68945312
08:01:24,912810TZ1,TSRYS5752098,D,S,D,2024-04-03,1000000.00,4.596551,98.74609375
08:01:24,912810TZ1,TSRYS5752098,D,S,T,2024-04-03,1000000.00,4.598531,98.72070312
08:01:25,912810TZ1,TSRYS5752098,D,S,D,2024-04-03,1000000.00,4.601729,98.6796875
08:01:25,912810TZ1,TSRYS5752098,D,S,D,2024-04-03,1000000.00,4.602339,98.671875
08:01:25,912810TZ1,TSRYS5752098,D,S,D,2024-04-03,12000000.00,4.612438,98.54255
08:01:25,912810TZ1,TSRYS5752098,D,S,D,2024-04-03,1000000.00,4.616375,98.4921875
08:01:25,912810TZ1,TSRYS5752098,D,S,D,2024-04-03,1000000.00,4.615764,98.5
08:01:25,912810TZ1,TSRYS5752098,D,S,D,2024-04-03,1000000.00,4.616375,98.4921875
08:01:25,912810TZ1,TSRYS5752098,D,S,T,2024-04-03,2000000.00,4.601729,98.6796875
08:01:25,912810TZ1,TSRYS5752098,D,S,T,2024-04-03,1000000.00,4.601729,98.6796875
08:01:25,912810TZ1,TSRYS5752098,D,S,T,2024-04-03,1000000.00,4.602339,98.671875
08:01:25,912810TZ1,TSRYS5752098,D,S,T,2024-04-03,1000000.00,4.600968,98.68945312
08:01:26,912810TZ1,TSRYS5752098,D,S,D,2024-04-03,1000000.00,4.624476,98.38867187
08:01:26,912810TZ1,TSRYS5752098,D,S,D,2024-04-03,1000000.00,4.596551,98.74609375
08:01:26,912810TZ1,TSRYS5752098,D,S,T,2024-04-03,1000000.00,4.596551,98.74609375
08:01:26,912810TZ1,TSRYS5752098,D,S,T,2024-04-03,1000000.00,4.624476,98.38867187
08:01:26,912810TZ1,TSRYS5752098,D,S,D,2024-04-03,1000000.00,4.624324,98.390625
08:01:27,912810TZ1,TSRYS5752098,D,S,D,2024-04-03,1000000.00,4.631058,98.3046875
08:01:27,912810TZ1,TSRYS5752098,D,S,D,2024-04-03,1000000.00,4.631364,98.30078125
08:01:27,912810TZ1,TSRYS5752098,D,S,D,2024-04-03,1000000.00,4.63167,98.296875
08:01:27,912810TZ1,TSRYS5752098,D,S,D,2024-04-03,1000000.00,4.63167,98.296875
08:01:27,912810TZ1,TSRYS5752098,D,S,T,2024-04-03,1000000.00,4.624324,98.390625
08:01:27,912810TZ1,TSRYS5752098,D,S,T,2024-04-03,1000000.00,4.631364,98.30078125
08:01:27,912810TZ1,TSRYS5752098,D,S,T,2024-04-03,1000000.00,4.631517,98.29882812
08:01:27,912810TZ1,TSRYS5752098,D,S,T,2024-04-03,1000000.00,4.631682,98.296725
08:01:27,912810TZ1,TSRYS5752098,D,S,T,2024-04-03,1000000.00,4.598683,98.71875
08:01:27,912810TZ1,TSRYS5752098,D,S,T,2024-04-03,1000000.00,4.631823,98.29492187
08:01:27,912810TZ1,TSRYS5752098,D,S,T,2024-04-03,1000000.00,4.63167,98.296875
08:01:27,912810TZ1,TSRYS5752098,D,S,T,2024-04-03,1000000.00,4.624324,98.390625
08:01:27,912810TZ1,TSRYS5752098,D,S,D,2024-04-03,1000000.00,4.598683,98.71875
08:01:27,912810TZ1,TSRYS5752098,D,S,T,2024-04-03,1000000.00,4.619431,98.453125
08:01:27,912810TZ1,TSRYS5752098,D,S,T,2024-04-03,1000000.00,4.619439,98.453025
08:01:27,912810TZ1,TSRYS5752098,D,S,T,2024-04-03,1000000.00,4.619439,98.453025
08:01:27,912810TZ1,TSRYS5752098,D,S,T,2024-04-03,1000000.00,4.619439,98.453025
08:01:27,912810TZ1,TSRYS5752098,D,S,T,2024-04-03,2000000.00,4.619431,98.453125
08:01:27,912810TZ1,TSRYS5752098,D,S,T,2024-04-03,1000000.00,4.619431,98.453125
08:01:27,912810TZ1,TSRYS5752098,D,S,T,2024-04-03,1000000.00,4.596551,98.74609375
08:01:27,912810TZ1,TSRYS5752098,D,B,C,2024-04-03,5000000.00,4.62452,98.38811
08:01:27,912810TZ1,TSRYS5752098,D,S,D,2024-04-03,1000000.00,4.596247,98.75
08:01:28,912810TZ1,TSRYS5752098,D,S,D,2024-04-03,1000000.00,4.596551,98.74609375
08:01:28,912810TZ1,TSRYS5752098,D,S,D,2024-04-03,1000000.00,4.602491,98.66992187
08:01:28,912810TZ1,TSRYS5752098,D,S,D,2024-04-03,1000000.00,4.598378,98.72265625
08:01:28,912810TZ1,TSRYS5752098,D,S,T,2024-04-03,1000000.00,4.598531,98.72070312
08:01:29,912810TZ1,TSRYS5752098,D,B,C,2024-04-03,9000000.00,4.63167,98.29688
08:01:29,912810TZ1,TSRYS5752098,D,S,T,2024-04-03,1000000.00,4.598378,98.72265625
08:01:29,912810TZ1,TSRYS5752098,D,S,D,2024-04-03,1000000.00,4.596551,98.74609375
08:01:29,912810TZ1,TSRYS5752098,D,S,D,2024-04-03,1000000.00,4.596551,98.74609375
08:01:30,912810TZ1,TSRYS5752098,D,S,T,2024-04-03,1000000.00,4.600054,98.70117187
08:01:30,912810TZ1,TSRYS5752098,D,S,D,2024-04-03,1000000.00,4.598378,98.72265625
08:01:30,912810TZ1,TSRYS5752098,D,B,C,2024-04-03,1000000.00,4.6092,98.58398437
08:01:30,912810TZ1,TSRYS5752098,D,S,D,2024-04-03,1000000.00,4.60112,98.6875
08:01:30,912810TZ1,TSRYS5752098,D,S,C,2024-04-03,46000000.00,4.61767,98.47563
08:01:30,912810TZ1,TSRYS5752098,D,S,T,2024-04-03,1000000.00,4.598531,98.72070312
08:01:30,912810TZ1,TSRYS5752098,D,S,T,2024-04-03,1000000.00,4.604793,98.640425
08:01:31,912810TZ1,TSRYS5752098,D,B,C,2024-04-03,14000000.00,4.613847,98.52452
08:01:32,912810TZ1,TSRYS5752098,D,S,D,2024-04-03,1000000.00,4.635653,98.24609375
08:01:33,912810TZ1,TSRYS5752098,D,S,T,2024-04-03,1000000.00,4.64148,98.171875
08:01:33,912810TZ1,TSRYS5752098,D,S,T,2024-04-03,1000000.00,4.64148,98.171875
08:01:33,912810TZ1,TSRYS5752098,D,S,T,2024-04-03,1000000.00,4.640268,98.1873
08:01:33,912810TZ1,TSRYS5752098,D,S,T,2024-04-03,1000000.00,4.641496,98.171675
08:01:33,912810TZ1,TSRYS5752098,D,S,T,2024-04-03,1000000.00,4.641496,98.171675
08:01:33,912810TZ1,TSRYS5752098,D,S,T,2024-04-03,1000000.00,4.641496,98.171675
08:01:33,912810TZ1,TSRYS5752098,D,S,D,2024-04-03,1000000.00,4.616375,98.4921875
08:01:34,912810TZ1,TSRYS5752098,D,S,D,2024-04-03,1000000.00,4.616375,98.4921875
08:01:35,912810TZ1,TSRYS5752098,D,B,C,2024-04-03,5000000.00,4.641511,98.17148
08:01:36,912810TZ1,TSRYS5752098,D,S,T,2024-04-03,1000000.00,4.640268,98.1873
08:01:37,912810TZ1,TSRYS5752098,D,S,T,2024-04-03,1000000.00,4.640268,98.1873
08:01:39,912810TZ1,TSRYS5752098,D,S,T,2024-04-03,1000000.00,4.632895,98.28125
08:01:39,912810TZ1,TSRYS5752098,D,S,T,2024-04-03,1000000.00,4.629236,98.327925
08:01:39,912810TZ1,TSRYS5752098,D,S,T,2024-04-03,1000000.00,4.629236,98.327925
08:01:39,912810TZ1,TSRYS5752098,D,S,D,2024-04-03,1000000.00,4.629526,98.32421875
08:01:39,912810TZ1,TSRYS5752098,D,S,D,2024-04-03,1000000.00,4.629526,98.32421875
08:01:39,912810TZ1,TSRYS5752098,D,S,T,2024-04-03,1000000.00,4.629373,98.32617187
08:01:40,912810TZ1,TSRYS5752098,D,S,T,2024-04-03,1000000.00,4.631686,98.296675
08:01:40,912810TZ1,TSRYS5752098,D,S,D,2024-04-03,1000000.00,4.63167,98.296875
08:01:41,912810TZ1,TSRYS5752098,D,S,D,2024-04-03,1000000.00,4.630445,98.3125
08:01:41,912810TZ1,TSRYS5752098,D,S,D,2024-04-03,1000000.00,4.630445,98.3125
08:01:41,912810TZ1,TSRYS5752098,D,S,D,2024-04-03,1000000.00,4.631058,98.3046875
08:01:42,912810TZ1,TSRYS5752098,D,S,T,2024-04-03,1000000.00,4.629236,98.327925
08:01:42,912810TZ1,TSRYS5752098,D,S,T,2024-04-03,1000000.00,4.629236,98.327925
08:01:42,912810TZ1,TSRYS5752098,D,S,D,2024-04-03,1000000.00,4.62922,98.328125
08:01:42,912810TZ1,TSRYS5752098,D,S,D,2024-04-03,1000000.00,4.631364,98.30078125
08:01:42,912810TZ1,TSRYS5752098,D,S,D,2024-04-03,1000000.00,4.631211,98.30273437
08:01:42,912810TZ1,TSRYS5752098,D,S,T,2024-04-03,1000000.00,4.629236,98.327925
08:01:42,912810TZ1,TSRYS5752098,D,S,T,2024-04-03,1000000.00,4.629236,98.327925
08:01:42,912810TZ1,TSRYS5752098,D,S,T,2024-04-03,1000000.00,4.629236,98.327925
08:01:43,912810TZ1,TSRYS5752098,D,S,D,2024-04-03,9000000.00,4.623708,98.39849
08:01:43,912810TZ1,TSRYS5752098,D,B,C,2024-04-03,1000000.00,4.625088,98.38085937
08:01:43,912810TZ1,TSRYS5752098,D,B,C,2024-04-03,1000000.00,4.622794,98.41015625
08:01:43,912810TZ1,TSRYS5752098,D,S,A,2024-04-03,100000.00,4.628302,98.33984375
08:01:47,912810TZ1,TSRYS5752098,D,B,C,2024-04-03,1000000.00,4.618361,98.46679687
08:01:47,912810TZ1,TSRYS5752098,D,S,D,2024-04-03,18000000.00,4.62122,98.43027
08:01:47,912810TZ1,TSRYS5752098,D,S,D,2024-04-03,1000000.00,4.618514,98.46484375
08:01:47,912810TZ1,TSRYS5752098,D,S,T,2024-04-03,1000000.00,4.618667,98.46289062
08:01:47,912810TZ1,TSRYS5752098,D,S,D,2024-04-03,1000000.00,4.618667,98.46289062
08:01:48,912810TZ1,TSRYS5752098,D,S,T,2024-04-03,1000000.00,4.618667,98.46289062
08:01:48,912810TZ1,TSRYS5752098,D,S,D,2024-04-03,1000000.00,4.618208,98.46875
08:01:48,912810TZ1,TSRYS5752098,D,S,D,2024-04-03,1000000.00,4.618361,98.46679687
08:01:48,912810TZ1,TSRYS5752098,D,S,D,2024-04-03,1000000.00,4.618514,98.46484375
08:01:48,912810TZ1,TSRYS5752098,D,S,T,2024-04-03,1000000.00,4.618667,98.46289062
08:01:48,912810TZ1,TSRYS5752098,D,S,T,2024-04-03,1000000.00,4.616375,98.4921875
08:01:48,912810TZ1,TSRYS5752098,D,S,T,2024-04-03,1000000.00,4.616375,98.4921875
08:01:48,912810TZ1,TSRYS5752098,D,S,T,2024-04-03,1000000.00,4.616375,98.4921875
08:01:48,912810TZ1,TSRYS5752098,D,S,D,2024-04-03,1000000.00,4.616375,98.4921875
08:01:48,912810TZ1,TSRYS5752098,D,S,T,2024-04-03,1000000.00,4.616375,98.4921875
08:01:48,912810TZ1,TSRYS5752098,D,S,T,2024-04-03,1000000.00,4.616375,98.4921875
08:01:48,912810TZ1,TSRYS5752098,D,S,D,2024-04-03,1000000.00,4.616375,98.4921875
08:01:48,912810TZ1,TSRYS5752098,D,S,T,2024-04-03,1000000.00,4.616375,98.4921875
08:01:48,912810TZ1,TSRYS5752098,D,S,T,2024-04-03,1000000.00,4.616375,98.4921875
08:01:49,912810TZ1,TSRYS5752098,D,S,D,2024-04-03,1000000.00,4.616375,98.4921875
08:01:49,912810TZ1,TSRYS5752098,D,S,T,2024-04-03,1000000.00,4.616375,98.4921875
08:01:49,912810TZ1,TSRYS5752098,D,S,T,2024-04-03,1000000.00,4.616375,98.4921875
08:01:49,912810TZ1,TSRYS5752098,D,S,T,2024-04-03,1000000.00,4.616375,98.4921875
08:01:49,912810TZ1,TSRYS5752098,D,S,T,2024-04-03,1000000.00,4.616375,98.4921875
08:01:49,912810TZ1,TSRYS5752098,D,S,T,2024-04-03,1000000.00,4.616375,98.4921875
08:01:49,912810TZ1,TSRYS5752098,D,B,C,2024-04-03,23000000.00,4.617159,98.48217
08:01:49,912810TZ1,TSRYS5752098,D,S,D,2024-04-03,1000000.00,4.605845,98.626953125
08:01:49,912810TZ1,TSRYS5752098,D,S,D,2024-04-03,1000000.00,4.60112,98.6875
08:01:49,912810TZ1,TSRYS5752098,D,S,D,2024-04-03,2000000.00,4.601729,98.6796875
08:01:49,912810TZ1,TSRYS5752098,D,S,D,2024-04-03,1000000.00,4.601729,98.6796875
08:01:49,912810TZ1,TSRYS5752098,D,S,D,2024-04-03,1000000.00,4.602339,98.671875
08:01:50,912810TZ1,TSRYS5752098,D,S,D,2024-04-03,1000000.00,4.604625,98.642578125
08:01:51,912810TZ1,TSRYS5752098,D,S,D,2024-04-03,1000000.00,4.599749,98.705078125
08:01:52,912810TZ1,TSRYS5752098,D,B,C,2024-04-03,1000000.00,4.600511,98.6953125
08:01:52,912810TZ1,TSRYS5752098,D,S,D,2024-04-03,1000000.00,4.600511,98.6953125
08:01:52,912810TZ1,TSRYS5752098,D,S,D,2024-04-03,1000000.00,4.600968,98.689453125
08:01:52,912810TZ1,TSRYS5752098,D,S,D,2024-04-03,1000000.00,4.600968,98.689453125
08:01:52,912810TZ1,TSRYS5752098,D,S,D,2024-04-03,1000000.00,4.599749,98.705078125
08:01:52,912810TZ1,TSRYS5752098,D,S,D,2024-04-03,1000000.00,4.600968,98.689453125
08:01:52,912810TZ1,TSRYS5752098,D,S,D,2024-04-03,1000000.00,4.600968,98.689453125
08:01:53,912810TZ1,TSRYS5752098,D,S,D,2024-04-03,1000000.00,4.600206,98.69921875
08:01:54,912810TZ1,TSRYS5752098,D,S,D,2024-04-03,1000000.00,4.600054,98.701171875
08:01:55,912810TZ1,TSRYS5752098,D,S,D,2024-04-03,1000000.00,4.598531,98.720703125
08:01:55,912810TZ1,TSRYS5752098,D,S,D,2024-04-03,1000000.00,4.598531,98.720703125
08:01:56,912810TZ1,TSRYS5752098,D,S,D,2024-04-03,1000000.00,4.598531,98.720703125
08:01:56,912810TZ1,TSRYS5752098,D,S,D,2024-04-03,1000000.00,4.598531,98.720703125
08:01:57,912810TZ1,TSRYS5752098,D,S,D,2024-04-03,1000000.00,4.598531,98.720703125
08:01:57,912810TZ1,TSRYS5752098,D,S,D,2024-04-03,1000000.00,4.598531,98.720703125
08:02:00,912810TZ1,TSRYS5752098,D,B,C,2024-04-03,1000000.00,4.625088,98.38085937
08:02:02,912810TZ1,TSRYS5752098,D,S,C,2024-04-03,16000000.00,4.625038,98.3815
08:02:02,912810TZ1,TSRYS5752098,D,S,D,2024-04-03,1000000.00,4.598531,98.720703125
08:02:02,912810TZ1,TSRYS5752098,D,S,D,2024-04-03,1000000.00,4.598531,98.720703125
08:02:02,912810TZ1,TSRYS5752098,D,S,D,2024-04-03,1000000.00,4.598378,98.72265625
08:02:02,912810TZ1,TSRYS5752098,D,S,D,2024-04-03,1000000.00,4.598378,98.72265625
08:02:02,912810TZ1,TSRYS5752098,D,S,D,2024-04-03,1000000.00,4.598683,98.71875
08:02:02,912810TZ1,TSRYS5752098,D,S,C,2024-04-03,1000000.00,4.625547,98.375
08:02:03,912810TZ1,TSRYS5752098,D,S,C,2024-04-03,1000000.00,4.625547,98.375
08:02:03,912810TZ1,TSRYS5752098,D,S,T,2024-04-03,1000000.00,4.625563,98.3748
08:02:03,912810TZ1,TSRYS5752098,D,S,T,2024-04-03,1000000.00,4.625563,98.3748
08:02:03,912810TZ1,TSRYS5752098,D,S,T,2024-04-03,1000000.00,4.608438,98.59375
08:02:03,912810TZ1,TSRYS5752098,D,S,C,2024-04-03,1000000.00,4.627996,98.34375
08:02:03,912810TZ1,TSRYS5752098,D,S,T,2024-04-03,1000000.00,4.628149,98.34179687
08:02:03,912810TZ1,TSRYS5752098,D,S,T,2024-04-03,1000000.00,4.627996,98.34375
08:02:03,912810TZ1,TSRYS5752098,D,S,D,2024-04-03,1000000.00,4.628302,98.33984375
08:02:03,912810TZ1,TSRYS5752098,D,S,D,2024-04-03,1000000.00,4.628302,98.33984375
08:02:03,912810TZ1,TSRYS5752098,D,S,T,2024-04-03,1000000.00,4.628302,98.33984375
08:02:03,912810TZ1,TSRYS5752098,D,S,T,2024-04-03,1000000.00,4.628302,98.33984375
08:02:03,912810TZ1,TSRYS5752098,D,S,D,2024-04-03,1000000.00,4.628302,98.33984375
08:02:03,912810TZ1,TSRYS5752098,D,S,D,2024-04-03,1000000.00,4.628302,98.33984375
08:02:03,912810TZ1,TSRYS5752098,D,S,D,2024-04-03,1000000.00,4.628302,98.33984375
08:02:03,912810TZ1,TSRYS5752098,D,S,C,2024-04-03,1000000.00,4.596703,98.744140625
08:02:03,912810TZ1,TSRYS5752098,D,S,C,2024-04-03,1000000.00,4.625853,98.37109375
08:02:03,912810TZ1,TSRYS5752098,D,S,D,2024-04-03,1000000.00,4.625547,98.375
08:02:03,912810TZ1,TSRYS5752098,D,S,D,2024-04-03,1000000.00,4.596551,98.74609375
08:02:03,912810TZ1,TSRYS5752098,D,S,D,2024-04-03,1000000.00,4.596551,98.74609375
08:02:04,912810TZ1,TSRYS5752098,D,S,C,2024-04-03,1000000.00,4.596551,98.74609375
08:02:04,912810TZ1,TSRYS5752098,D,S,C,2024-04-03,1000000.00,4.596703,98.744140625
08:02:04,912810TZ1,TSRYS5752098,D,S,D,2024-04-03,1000000.00,4.62769,98.34765625
08:02:09,912810TZ1,TSRYS5752098,D,S,C,2024-04-03,1000000.00,4.596551,98.74609375
08:02:14,912810TZ1,TSRYS5752098,D,S,A,2024-04-03,180000.00,4.59716,98.73828125
08:02:18,912810TZ1,TSRYS5752098,D,S,A,2024-04-03,180000.00,4.608438,98.59375
08:02:22,912810TZ1,TSRYS5752098,D,B,A,2024-04-03,3330000.00,4.604778,98.640625
08:02:22,912810TZ1,TSRYS5752098,D,S,C,2024-04-03,1000000.00,4.631364,98.30078125
08:02:22,912810TZ1,TSRYS5752098,D,S,A,2024-04-03,125000.00,4.628608,98.3359375
08:02:24,912810TZ1,TSRYS5752098,D,B,C,2024-04-03,10000000.00,4.634734,98.2578125
08:02:25,912810TZ1,TSRYS5752098,D,B,C,2024-04-03,10000000.00,4.632283,98.2890625
08:02:26,912810TZ1,TSRYS5752098,D,S,D,2024-04-03,1000000.00,4.628608,98.3359375
08:02:26,912810TZ1,TSRYS5752098,D,S,T,2024-04-03,1000000.00,4.628608,98.3359375
08:02:26,912810TZ1,TSRYS5752098,D,S,D,2024-04-03,1000000.00,4.628608,98.3359375
08:02:26,912810TZ1,TSRYS5752098,D,S,T,2024-04-03,1000000.00,4.628608,98.3359375
08:02:26,912810TZ1,TSRYS5752098,D,S,D,2024-04-03,1000000.00,4.628608,98.3359375
08:02:26,912810TZ1,TSRYS5752098,D,S,D,2024-04-03,1000000.00,4.628608,98.3359375
08:02:26,912810TZ1,TSRYS5752098,D,S,D,2024-04-03,1000000.00,4.628608,98.3359375
08:02:26,912810TZ1,TSRYS5752098,D,B,C,2024-04-03,10000000.00,4.629833,98.3203125
08:02:26,912810TZ1,TSRYS5752098,D,S,A,2024-04-03,235000.00,4.627077,98.35546875
08:02:26,912810TZ1,TSRYS5752098,D,B,C,2024-04-03,10000000.00,4.630445,98.3125
08:02:26,912810TZ1,TSRYS5752098,D,S,D,2024-04-03,1000000.00,4.628608,98.3359375
08:02:27,912810TZ1,TSRYS5752098,D,S,A,2024-04-03,1000000.00,4.630459,98.312323
08:02:27,912810TZ1,TSRYS5752098,D,S,D,2024-04-03,1000000.00,4.608438,98.59375
08:02:27,912810TZ1,TSRYS5752098,D,S,D,2024-04-03,1000000.00,4.608438,98.59375
08:02:27,912810TZ1,TSRYS5752098,D,S,A,2024-04-03,2000000.00,4.630459,98.312323
08:02:28,912810TZ1,TSRYS5752098,D,S,T,2024-04-03,1000000.00,4.630461,98.3123
08:02:29,912810TZ1,TSRYS5752098,D,S,A,2024-04-03,2400000.00,4.606607,98.6171875
08:02:31,912810TZ1,TSRYS5752098,D,S,D,2024-04-03,1000000.00,4.606455,98.619140625
08:02:31,912810TZ1,TSRYS5752098,D,S,D,2024-04-03,1000000.00,4.606455,98.619140625
08:02:31,912810TZ1,TSRYS5752098,D,S,C,2024-04-03,1000000.00,4.606607,98.6171875
08:02:31,912810TZ1,TSRYS5752098,D,S,D,2024-04-03,1000000.00,4.606607,98.6171875
08:02:31,912810TZ1,TSRYS5752098,D,S,C,2024-04-03,1000000.00,4.606607,98.6171875
08:02:31,912810TZ1,TSRYS5752098,D,S,D,2024-04-03,1000000.00,4.607827,98.6015625
08:02:31,912810TZ1,TSRYS5752098,D,B,C,2024-04-03,1000000.00,4.605997,98.624825
08:02:31,912810TZ1,TSRYS5752098,D,S,C,2024-04-03,1000000.00,4.605997,98.625
08:02:32,912810TZ1,TSRYS5752098,D,S,D,2024-04-03,1000000.00,4.60676,98.615234375
08:02:32,912810TZ1,TSRYS5752098,D,S,C,2024-04-03,1000000.00,4.60676,98.615234375
08:02:32,912810TZ1,TSRYS5752098,D,S,D,2024-04-03,1000000.00,4.60676,98.615234375
08:02:32,912810TZ1,TSRYS5752098,D,S,A,2024-04-03,255000.00,,98.34765625
08:02:32,912810TZ1,TSRYS5752098,D,S,T,2024-04-03,2000000.00,4.630453,98.3124
08:02:33,912810TZ1,TSRYS5752098,D,S,D,2024-04-03,12000000.00,4.602579,98.6688
08:02:33,912810TZ1,TSRYS5752098,D,S,T,2024-04-03,1000000.00,4.621877,98.421875
08:02:35,912810TZ1,TSRYS5752098,D,S,T,2024-04-03,1000000.00,4.64149,98.171745
08:02:35,912810TZ1,TSRYS5752098,D,S,T,2024-04-03,1000000.00,4.64149,98.171745
08:02:35,912810TZ1,TSRYS5752098,D,S,T,2024-04-03,1000000.00,4.621877,98.421875
08:02:35,912810TZ1,TSRYS5752098,D,S,A,2024-04-03,1000000.00,4.630459,98.312323
08:02:35,912810TZ1,TSRYS5752098,D,S,T,2024-04-03,1000000.00,4.64149,98.171745
08:02:35,912810TZ1,TSRYS5752098,D,S,T,2024-04-03,1000000.00,4.621877,98.421875
08:02:35,912810TZ1,TSRYS5752098,D,S,T,2024-04-03,1000000.00,4.62922,98.328125
08:02:35,912810TZ1,TSRYS5752098,D,S,T,2024-04-03,1000000.00,4.64149,98.171745
08:02:35,912810TZ1,TSRYS5752098,D,S,T,2024-04-03,1000000.00,4.64149,98.171745
08:02:35,912810TZ1,TSRYS5752098,D,S,T,2024-04-03,1000000.00,4.621877,98.421875
08:02:35,912810TZ1,TSRYS5752098,D,S,T,2024-04-03,1000000.00,4.64149,98.171745
08:02:35,912810TZ1,TSRYS5752098,D,S,T,2024-04-03,1000000.00,4.64149,98.171745
08:02:35,912810TZ1,TSRYS5752098,D,S,T,2024-04-03,1000000.00,4.64149,98.171745
08:02:36,912810TZ1,TSRYS5752098,D,S,T,2024-04-03,1000000.00,4.64149,98.171745
08:02:36,912810TZ1,TSRYS5752098,D,S,T,2024-04-03,1000000.00,4.64149,98.171745
08:02:37,912810TZ1,TSRYS5752098,D,B,C,2024-04-03,10000000.00,4.629833,98.3203125
08:02:37,912810TZ1,TSRYS5752098,D,S,T,2024-04-03,1000000.00,4.621877,98.421875
08:02:37,912810TZ1,TSRYS5752098,D,S,A,2024-04-03,1000000.00,4.630459,98.312323
08:02:38,912810TZ1,TSRYS5752098,D,S,T,2024-04-03,1000000.00,4.596247,98.75
08:02:39,912810TZ1,TSRYS5752098,D,S,C,2024-04-03,1000000.00,4.624476,98.388671875
08:02:39,912810TZ1,TSRYS5752098,D,S,D,2024-04-03,1000000.00,4.624324,98.390625
08:02:39,912810TZ1,TSRYS5752098,D,S,D,2024-04-03,1000000.00,4.624324,98.390625
08:02:39,912810TZ1,TSRYS5752098,D,S,T,2024-04-03,1000000.00,4.630453,98.3124
08:02:40,912810TZ1,TSRYS5752098,D,B,A,2024-04-03,6000000.00,4.640253,98.1875
08:02:43,912810TZ1,TSRYS5752098,D,S,A,2024-04-03,86000.00,4.633202,98.27734375
08:02:43,912810TZ1,TSRYS5752098,D,B,A,2024-04-03,1340000.00,4.627996,98.34375
08:02:43,912810TZ1,TSRYS5752098,D,S,T,2024-04-03,1000000.00,4.630453,98.3124
08:02:46,912810TZ1,TSRYS5752098,D,S,C,2024-04-03,1000000.00,4.627996,98.34375
08:02:47,912810TZ1,TSRYS5752098,D,S,T,2024-04-03,1000000.00,4.621877,98.421875
08:02:47,912810TZ1,TSRYS5752098,D,S,T,2024-04-03,1000000.00,4.621877,98.421875
08:02:48,912810TZ1,TSRYS5752098,D,S,T,2024-04-03,1000000.00,4.618208,98.46875
08:02:48,912810TZ1,TSRYS5752098,D,S,A,2024-04-03,80000.00,4.630445,98.3125
08:02:48,912810TZ1,TSRYS5752098,D,S,T,2024-04-03,1000000.00,4.618208,98.46875
08:02:49,912810TZ1,TSRYS5752098,D,S,T,2024-04-03,1000000.00,4.604778,98.640625
08:02:49,912810TZ1,TSRYS5752098,D,S,T,2024-04-03,1000000.00,4.603558,98.65625
08:02:50,912810TZ1,TSRYS5752098,D,S,T,2024-04-03,1000000.00,4.618208,98.46875
08:02:50,912810TZ1,TSRYS5752098,D,S,T,2024-04-03,1000000.00,4.619431,98.453125
08:02:50,912810TZ1,TSRYS5752098,D,S,T,2024-04-03,1000000.00,4.618208,98.46875
08:02:51,912810TZ1,TSRYS5752098,D,S,D,2024-04-03,10000000.00,4.630267,98.31477
08:02:51,912810TZ1,TSRYS5752098,D,S,T,2024-04-03,1000000.00,4.607217,98.609375
08:02:51,912810TZ1,TSRYS5752098,D,S,D,2024-04-03,1000000.00,4.631364,98.30078125
08:02:51,912810TZ1,TSRYS5752098,D,S,D,2024-04-03,1000000.00,4.631517,98.298828125
08:02:51,912810TZ1,TSRYS5752098,D,S,D,2024-04-03,1000000.00,4.63167,98.296875
08:02:51,912810TZ1,TSRYS5752098,D,S,D,2024-04-03,1000000.00,4.631823,98.294921875
08:02:52,912810TZ1,TSRYS5752098,D,S,A,2024-04-03,227000.00,4.631364,98.30078125
08:02:53,912810TZ1,TSRYS5752098,D,S,T,2024-04-03,1000000.00,4.619431,98.453125
08:02:54,912810TZ1,TSRYS5752098,D,B,C,2024-04-03,7000000.00,4.630751,98.30859375
08:02:55,912810TZ1,TSRYS5752098,D,S,T,2024-04-03,1000000.00,4.621877,98.421875
08:02:57,912810TZ1,TSRYS5752098,D,S,T,2024-04-03,1000000.00,4.605997,98.625
08:02:57,912810TZ1,TSRYS5752098,D,S,T,2024-04-03,1000000.00,4.604778,98.640625
08:02:59,912810TZ1,TSRYS5752098,D,S,D,2024-04-03,1000000.00,4.64148,98.171875
08:02:59,912810TZ1,TSRYS5752098,D,S,D,2024-04-03,1000000.00,4.64148,98.171875
08:03:00,912810TZ1,TSRYS5752098,D,S,T,2024-04-03,2000000.00,4.6231,98.40625
08:03:00,912810TZ1,TSRYS5752098,D,S,C,2024-04-03,1000000.00,4.641326,98.173828125
08:03:00,912810TZ1,TSRYS5752098,D,S,D,2024-04-03,1000000.00,4.641326,98.173828125
08:03:01,912810TZ1,TSRYS5752098,D,B,C,2024-04-03,17229000.00,4.625547,98.375
08:03:02,912810TZ1,TSRYS5752098,D,S,T,2024-04-03,1000000.00,4.618208,98.46875
08:03:03,912810TZ1,TSRYS5752098,D,S,T,2024-04-03,1000000.00,4.618208,98.46875
08:03:05,912810TZ1,TSRYS5752098,D,S,T,2024-04-03,1000000.00,4.618208,98.46875
08:03:06,912810TZ1,TSRYS5752098,D,S,T,2024-04-03,1000000.00,4.627996,98.34375
08:03:06,912810TZ1,TSRYS5752098,D,S,T,2024-04-03,1000000.00,4.627996,98.34375
08:03:08,912810TZ1,TSRYS5752098,D,S,A,2024-04-03,840000.00,4.630139,98.31640625
08:03:10,912810TZ1,TSRYS5752098,D,S,T,2024-04-03,1000000.00,4.636573,98.234375
08:03:10,912810TZ1,TSRYS5752098,D,S,T,2024-04-03,1000000.00,4.636573,98.234375
08:03:10,912810TZ1,TSRYS5752098,D,S,T,2024-04-03,1000000.00,4.625547,98.375
08:03:10,912810TZ1,TSRYS5752098,D,S,C,2024-04-03,130000.00,4.638106,98.21484375
08:03:10,912810TZ1,TSRYS5752098,D,S,T,2024-04-03,1000000.00,4.641326,98.173828125
08:03:10,912810TZ1,TSRYS5752098,D,S,T,2024-04-03,1000000.00,4.640253,98.1875
08:03:10,912810TZ1,TSRYS5752098,D,S,T,2024-04-03,1000000.00,4.641326,98.173828125
08:03:10,912810TZ1,TSRYS5752098,D,S,T,2024-04-03,1000000.00,4.641326,98.173828125
08:03:10,912810TZ1,TSRYS5752098,D,S,T,2024-04-03,1000000.00,4.64148,98.171875
08:03:13,912810TZ1,TSRYS5752098,D,S,T,2024-04-03,1000000.00,4.625547,98.375
08:03:15,912810TZ1,TSRYS5752098,D,B,C,2024-04-03,10000000.00,4.635347,98.25
08:03:15,912810TZ1,TSRYS5752098,D,S,C,2024-04-03,120000.00,4.634121,98.265625
08:03:17,912810TZ1,TSRYS5752098,D,S,T,2024-04-03,1000000.00,4.619431,98.453125
08:03:18,912810TZ1,TSRYS5752098,D,S,T,2024-04-03,2000000.00,4.628608,98.3359375
08:03:18,912810TZ1,TSRYS5752098,D,S,T,2024-04-03,1000000.00,4.618208,98.46875
08:03:23,912810TZ1,TSRYS5752098,D,S,D,2024-04-03,1000000.00,4.632895,98.28125
08:03:24,912810TZ1,TSRYS5752098,D,S,D,2024-04-03,1000000.00,4.629067,98.330078125
08:03:24,912810TZ1,TSRYS5752098,D,S,T,2024-04-03,1000000.00,4.618208,98.46875
08:03:24,912810TZ1,TSRYS5752098,D,S,T,2024-04-03,1000000.00,4.626771,98.359375
08:03:26,912810TZ1,TSRYS5752098,D,S,T,2024-04-03,1000000.00,4.625547,98.375
08:03:26,912810TZ1,TSRYS5752098,D,S,T,2024-04-03,1000000.00,4.626771,98.359375
08:03:27,912810TZ1,TSRYS5752098,D,S,A,2024-04-03,204000.00,4.606912,98.61328125
08:03:29,912810TZ1,TSRYS5752098,D,S,A,2024-04-03,1000000.00,4.60021,98.69921875
08:03:29,912810TZ1,TSRYS5752098,D,B,C,2024-04-03,10000000.00,4.631058,98.3046875
08:03:30,912810TZ1,TSRYS5752098,D,S,A,2024-04-03,3000000.00,4.600526,98.6953125
08:03:31,912810TZ1,TSRYS5752098,D,S,C,2024-04-03,1000000.00,4.629373,98.326171875
08:03:33,912810TZ1,TSRYS5752098,D,S,D,2024-04-03,5000.00,4.623354,98.403
08:03:37,912810TZ1,TSRYS5752098,D,S,D,2024-04-03,1000000.00,4.630445,98.3125
08:03:37,912810TZ1,TSRYS5752098,D,S,D,2024-04-03,1000000.00,4.630292,98.314453125
08:03:39,912810TZ1,TSRYS5752098,D,S,C,2024-04-03,510000.00,4.623406,98.40234375
08:03:41,912810TZ1,TSRYS5752098,D,S,C,2024-04-03,1000000.00,4.608438,98.59375
08:03:41,912810TZ1,TSRYS5752098,D,B,C,2024-04-03,1000000.00,4.608438,98.59375
08:03:42,912810TZ1,TSRYS5752098,D,S,C,2024-04-03,1000000.00,4.602339,98.671875
08:03:42,912810TZ1,TSRYS5752098,D,B,C,2024-04-03,1000000.00,4.604778,98.640625
08:03:42,912810TZ1,TSRYS5752098,D,S,D,2024-04-03,1000000.00,4.604778,98.640625
08:03:42,912810TZ1,TSRYS5752098,D,S,C,2024-04-03,1000000.00,4.60476,98.64085
08:03:42,912810TZ1,TSRYS5752098,D,S,C,2024-04-03,1000000.00,4.604762,98.640825
08:03:42,912810TZ1,TSRYS5752098,D,B,C,2024-04-03,1000000.00,4.604778,98.640625
08:03:42,912810TZ1,TSRYS5752098,D,S,C,2024-04-03,1000000.00,4.604762,98.640825
08:03:42,912810TZ1,TSRYS5752098,D,S,C,2024-04-03,1000000.00,4.603541,98.656475
08:03:43,912810TZ1,TSRYS5752098,D,S,C,2024-04-03,1000000.00,4.601106,98.687675
08:03:43,912810TZ1,TSRYS5752098,D,S,C,2024-04-03,1000000.00,4.601106,98.687675
08:03:43,912810TZ1,TSRYS5752098,D,S,C,2024-04-03,1000000.00,4.60112,98.6875
08:03:43,912810TZ1,TSRYS5752098,D,B,C,2024-04-03,1000000.00,4.60112,98.6875
08:03:43,912810TZ1,TSRYS5752098,D,S,C,2024-04-03,1000000.00,4.601104,98.6877
08:03:44,912810TZ1,TSRYS5752098,D,B,C,2024-04-03,1000000.00,4.599901,98.703125
08:03:44,912810TZ1,TSRYS5752098,D,S,C,2024-04-03,1000000.00,4.599886,98.703325
08:03:44,912810TZ1,TSRYS5752098,D,S,D,2024-04-03,1000000.00,4.598683,98.71875
08:03:44,912810TZ1,TSRYS5752098,D,B,C,2024-04-03,1000000.00,4.598683,98.71875
08:03:46,912810TZ1,TSRYS5752098,D,B,C,2024-04-03,1000000.00,4.611047,98.560346875
08:03:46,912810TZ1,TSRYS5752098,D,S,D,2024-04-03,1000000.00,4.611031,98.560546875
08:03:47,912810TZ1,TSRYS5752098,D,S,T,2024-04-03,2000000.00,4.619431,98.453125
08:03:47,912810TZ1,TSRYS5752098,D,S,T,2024-04-03,1000000.00,4.619431,98.453125
08:03:47,912810TZ1,TSRYS5752098,D,S,T,2024-04-03,1000000.00,4.619431,98.453125
08:03:47,912810TZ1,TSRYS5752098,D,S,D,2024-04-03,1000000.00,4.598673,98.71888
08:03:47,912810TZ1,TSRYS5752098,D,S,C,2024-04-03,1000000.00,4.596247,98.75
08:03:47,912810TZ1,TSRYS5752098,D,S,D,2024-04-03,1000000.00,4.596247,98.75
08:03:47,912810TZ1,TSRYS5752098,D,B,C,2024-04-03,1000000.00,4.596262,98.7498
08:03:48,912810TZ1,TSRYS5752098,D,S,D,2024-04-03,1000000.00,4.596237,98.75013
08:03:49,912810TZ1,TSRYS5752098,D,S,D,2024-04-03,1000000.00,4.598683,98.71875
08:03:50,912810TZ1,TSRYS5752098,D,B,C,2024-04-03,1000000.00,4.600511,98.6953125
08:03:50,912810TZ1,TSRYS5752098,D,S,D,2024-04-03,1000000.00,4.600511,98.6953125
08:03:50,912810TZ1,TSRYS5752098,D,B,C,2024-04-03,1000000.00,4.600511,98.6953125
08:03:50,912810TZ1,TSRYS5752098,D,B,C,2024-04-03,1000000.00,4.598698,98.71855
08:03:50,912810TZ1,TSRYS5752098,D,S,D,2024-04-03,1000000.00,4.600511,98.6953125
08:03:50,912810TZ1,TSRYS5752098,D,S,D,2024-04-03,1000000.00,4.6257,98.373046875
08:03:50,912810TZ1,TSRYS5752098,D,S,D,2024-04-03,1000000.00,4.6257,98.373046875
08:03:51,912810TZ1,TSRYS5752098,D,S,D,2024-04-03,1000000.00,4.598683,98.71875
08:03:51,912810TZ1,TSRYS5752098,D,B,C,2024-04-03,1000000.00,4.598683,98.71875
08:03:51,912810TZ1,TSRYS5752098,D,S,D,2024-04-03,1000000.00,4.602339,98.671875
08:03:51,912810TZ1,TSRYS5752098,D,B,C,2024-04-03,1000000.00,4.602339,98.671875
08:03:52,912810TZ1,TSRYS5752098,D,S,A,2024-04-03,1000.00,4.616734,98.4876
08:03:52,912810TZ1,TSRYS5752098,D,S,C,2024-04-03,1000000.00,4.604778,98.640625
08:03:52,912810TZ1,TSRYS5752098,D,B,C,2024-04-03,1000000.00,4.604793,98.640425
08:03:52,912810TZ1,TSRYS5752098,D,S,C,2024-04-03,1000000.00,4.604778,98.640625
08:03:52,912810TZ1,TSRYS5752098,D,B,C,2024-04-03,1000000.00,4.603558,98.65625
08:03:52,912810TZ1,TSRYS5752098,D,S,C,2024-04-03,1000000.00,4.603558,98.65625
08:03:52,912810TZ1,TSRYS5752098,D,S,C,2024-04-03,1000000.00,4.604778,98.640625
08:03:52,912810TZ1,TSRYS5752098,D,B,C,2024-04-03,1000000.00,4.604778,98.640625
08:03:52,912810TZ1,TSRYS5752098,D,S,C,2024-04-03,1000000.00,4.603543,98.65645
08:03:53,912810TZ1,TSRYS5752098,D,S,C,2024-04-03,1000000.00,4.604778,98.640625
08:03:53,912810TZ1,TSRYS5752098,D,S,C,2024-04-03,1000000.00,4.604778,98.640625
08:03:55,912810TZ1,TSRYS5752098,D,S,C,2024-04-03,1000000.00,4.607217,98.609375
08:03:55,912810TZ1,TSRYS5752098,D,S,D,2024-04-03,2000000.00,4.608427,98.59388
08:03:55,912810TZ1,TSRYS5752098,D,B,C,2024-04-03,2000000.00,4.608438,98.59375
08:03:55,912810TZ1,TSRYS5752098,D,S,D,2024-04-03,1000000.00,4.622794,98.41015625
08:03:55,912810TZ1,TSRYS5752098,D,S,D,2024-04-03,1000000.00,4.622794,98.41015625
08:03:55,912810TZ1,TSRYS5752098,D,S,D,2024-04-03,1000000.00,4.622947,98.408203125
08:03:55,912810TZ1,TSRYS5752098,D,S,D,2024-04-03,1000000.00,4.622794,98.41015625
08:03:55,912810TZ1,TSRYS5752098,D,S,D,2024-04-03,1000000.00,4.607217,98.609375
08:03:55,912810TZ1,TSRYS5752098,D,B,C,2024-04-03,1000000.00,4.607229,98.609223
08:03:55,912810TZ1,TSRYS5752098,D,S,D,2024-04-03,1000000.00,4.607217,98.609375
08:03:55,912810TZ1,TSRYS5752098,D,B,C,2024-04-03,1000000.00,4.607217,98.609375
08:03:55,912810TZ1,TSRYS5752098,D,S,C,2024-04-03,1000000.00,4.608422,98.59395
08:03:56,912810TZ1,TSRYS5752098,D,B,C,2024-04-03,1000000.00,4.608449,98.5936
08:03:56,912810TZ1,TSRYS5752098,D,S,C,2024-04-03,1000000.00,4.608438,98.59375
08:03:56,912810TZ1,TSRYS5752098,D,B,C,2024-04-03,1000000.00,4.607217,98.609375
08:03:56,912810TZ1,TSRYS5752098,D,S,D,2024-04-03,1000000.00,4.607217,98.609375
08:03:56,912810TZ1,TSRYS5752098,D,B,C,2024-04-03,1000000.00,4.607229,98.609223
08:03:56,912810TZ1,TSRYS5752098,D,S,D,2024-04-03,1000000.00,4.607217,98.609375
08:03:56,912810TZ1,TSRYS5752098,D,S,D,2024-04-03,1000000.00,4.608438,98.59375
08:03:57,912810TZ1,TSRYS5752098,D,S,D,2024-04-03,1000000.00,4.609658,98.578125
08:03:57,912810TZ1,TSRYS5752098,D,B,C,2024-04-03,1000000.00,4.609658,98.578125
08:03:57,912810TZ1,TSRYS5752098,D,S,C,2024-04-03,1000000.00,4.608438,98.59375
08:03:57,912810TZ1,TSRYS5752098,D,S,C,2024-04-03,1000000.00,4.609658,98.578125
08:03:57,912810TZ1,TSRYS5752098,D,B,C,2024-04-03,1000000.00,4.608449,98.593598
08:03:57,912810TZ1,TSRYS5752098,D,B,C,2024-04-03,1000000.00,4.609658,98.578125
08:03:57,912810TZ1,TSRYS5752098,D,S,C,2024-04-03,1000000.00,4.608438,98.59375
08:03:58,912810TZ1,TSRYS5752098,D,B,C,2024-04-03,1000000.00,4.60967,98.577973
08:03:58,912810TZ1,TSRYS5752098,D,S,C,2024-04-03,1000000.00,4.609658,98.578125
08:03:59,912810TZ1,TSRYS5752098,D,B,C,2024-04-03,2000000.00,4.608438,98.59375
08:03:59,912810TZ1,TSRYS5752098,D,S,D,2024-04-03,3000000.00,4.608438,98.59375
08:03:59,912810TZ1,TSRYS5752098,D,S,D,2024-04-03,1000000.00,4.608438,98.59375
08:03:59,912810TZ1,TSRYS5752098,D,S,D,2024-04-03,2000000.00,4.608438,98.59375
08:03:59,912810TZ1,TSRYS5752098,D,S,D,2024-04-03,1000000.00,4.608438,98.59375
08:03:59,912810TZ1,TSRYS5752098,D,B,C,2024-04-03,1000000.00,4.608438,98.59375
08:03:59,912810TZ1,TSRYS5752098,D,S,D,2024-04-03,2000000.00,4.608438,98.59375
08:03:59,912810TZ1,TSRYS5752098,D,S,D,2024-04-03,2000000.00,4.608438,98.59375
08:03:59,912810TZ1,TSRYS5752098,D,S,D,2024-04-03,1000000.00,4.608438,98.59375
08:03:59,912810TZ1,TSRYS5752098,D,S,D,2024-04-03,2000000.00,4.608438,98.59375
08:03:59,912810TZ1,TSRYS5752098,D,S,D,2024-04-03,1000000.00,4.607217,98.609375
08:03:59,912810TZ1,TSRYS5752098,D,B,C,2024-04-03,1000000.00,4.607217,98.609375
08:03:59,912810TZ1,TSRYS5752098,D,S,D,2024-04-03,1000000.00,4.607217,98.609375
08:03:59,912810TZ1,TSRYS5752098,D,S,D,2024-04-03,1000000.00,4.605997,98.625
08:03:59,912810TZ1,TSRYS5752098,D,S,D,2024-04-03,1000000.00,4.605997,98.625
08:03:59,912810TZ1,TSRYS5752098,D,S,D,2024-04-03,1000000.00,4.605997,98.625
08:03:59,912810TZ1,TSRYS5752098,D,B,C,2024-04-03,1000000.00,4.607217,98.609375
08:03:59,912810TZ1,TSRYS5752098,D,S,D,2024-04-03,1000000.00,4.607203,98.609552
08:03:59,912810TZ1,TSRYS5752098,D,B,C,2024-04-03,1000000.00,4.607217,98.609375
08:03:59,912810TZ1,TSRYS5752098,D,S,D,2024-04-03,1000000.00,4.607203,98.609552
08:03:59,912810TZ1,TSRYS5752098,D,S,D,2024-04-03,1000000.00,4.607203,98.609552
08:03:59,912810TZ1,TSRYS5752098,D,S,D,2024-04-03,1000000.00,4.608438,98.59375
08:03:59,912810TZ1,TSRYS5752098,D,S,D,2024-04-03,1000000.00,4.608438,98.59375
08:03:59,912810TZ1,TSRYS5752098,D,B,C,2024-04-03,1000000.00,4.608438,98.59375
08:03:59,912810TZ1,TSRYS5752098,D,B,C,2024-04-03,1000000.00,4.608453,98.59355
08:03:59,912810TZ1,TSRYS5752098,D,S,A,2024-04-03,1000000.00,4.607217,98.609375
08:03:59,912810TZ1,TSRYS5752098,D,S,D,2024-04-03,1000000.00,4.608438,98.59375
08:03:59,912810TZ1,TSRYS5752098,D,S,D,2024-04-03,1000000.00,4.608438,98.59375
08:03:59,912810TZ1,TSRYS5752098,D,S,D,2024-04-03,1000000.00,4.608438,98.59375
08:04:00,912810TZ1,TSRYS5752098,D,S,A,2024-04-03,1000000.00,4.607217,98.609375
08:04:00,912810TZ1,TSRYS5752098,D,B,C,2024-04-03,1000000.00,4.608453,98.59355
08:04:00,912810TZ1,TSRYS5752098,D,S,D,2024-04-03,1000000.00,4.608438,98.59375
08:04:00,912810TZ1,TSRYS5752098,D,S,D,2024-04-03,1000000.00,4.608438,98.59375
08:04:00,912810TZ1,TSRYS5752098,D,S,D,2024-04-03,1000000.00,4.608438,98.59375
08:04:00,912810TZ1,TSRYS5752098,D,B,C,2024-04-03,1000000.00,4.608438,98.59375
08:04:00,912810TZ1,TSRYS5752098,D,S,D,2024-04-03,1000000.00,4.608438,98.59375
08:04:00,912810TZ1,TSRYS5752098,D,S,D,2024-04-03,1000000.00,4.608438,98.59375
08:04:00,912810TZ1,TSRYS5752098,D,S,C,2024-04-03,1000000.00,4.605997,98.625
08:04:00,912810TZ1,TSRYS5752098,D,S,C,2024-04-03,1000000.00,4.605997,98.625
08:04:00,912810TZ1,TSRYS5752098,D,B,C,2024-04-03,1000000.00,4.606013,98.6248
08:04:00,912810TZ1,TSRYS5752098,D,B,C,2024-04-03,1000000.00,4.606011,98.624825
08:04:00,912810TZ1,TSRYS5752098,D,S,C,2024-04-03,1000000.00,4.604778,98.640625
08:04:00,912810TZ1,TSRYS5752098,D,B,C,2024-04-03,2000000.00,4.604791,98.64045
08:04:00,912810TZ1,TSRYS5752098,D,B,C,2024-04-03,1000000.00,4.606013,98.6248
08:04:00,912810TZ1,TSRYS5752098,D,S,C,2024-04-03,1000000.00,4.604778,98.640625
08:04:00,912810TZ1,TSRYS5752098,D,B,C,2024-04-03,1000000.00,4.606013,98.6248
08:04:00,912810TZ1,TSRYS5752098,D,S,A,2024-04-03,1000000.00,4.607217,98.609375
08:04:00,912810TZ1,TSRYS5752098,D,S,C,2024-04-03,1000000.00,4.604762,98.640825
08:04:00,912810TZ1,TSRYS5752098,D,S,C,2024-04-03,1000000.00,4.605997,98.625
08:04:00,912810TZ1,TSRYS5752098,D,S,C,2024-04-03,2000000.00,4.604778,98.640625
08:04:00,912810TZ1,TSRYS5752098,D,S,C,2024-04-03,1000000.00,4.605997,98.625
08:04:00,912810TZ1,TSRYS5752098,D,S,C,2024-04-03,1000000.00,4.605997,98.625
08:04:00,912810TZ1,TSRYS5752098,D,B,C,2024-04-03,1000000.00,4.604791,98.64045
08:04:00,912810TZ1,TSRYS5752098,D,B,C,2024-04-03,1000000.00,4.606011,98.624825
08:04:01,912810TZ1,TSRYS5752098,D,B,C,2024-04-03,1000000.00,4.604778,98.640625
08:04:01,912810TZ1,TSRYS5752098,D,S,C,2024-04-03,1000000.00,4.604778,98.640625
08:04:01,912810TZ1,TSRYS5752098,D,B,C,2024-04-03,2000000.00,4.605997,98.625
08:04:01,912810TZ1,TSRYS5752098,D,S,D,2024-04-03,1000000.00,4.605997,98.625
08:04:01,912810TZ1,TSRYS5752098,D,B,C,2024-04-03,2000000.00,4.605997,98.625
08:04:01,912810TZ1,TSRYS5752098,D,S,D,2024-04-03,2000000.00,4.605997,98.625
08:04:01,912810TZ1,TSRYS5752098,D,S,D,2024-04-03,2000000.00,4.605997,98.625
08:04:01,912810TZ1,TSRYS5752098,D,B,C,2024-04-03,1000000.00,4.605997,98.625
08:04:01,912810TZ1,TSRYS5752098,D,S,D,2024-04-03,1000000.00,4.605997,98.625
08:04:01,912810TZ1,TSRYS5752098,D,S,D,2024-04-03,1000000.00,4.605997,98.625
08:04:02,912810TZ1,TSRYS5752098,D,S,T,2024-04-03,1000000.00,4.631058,98.3046875
08:04:02,912810TZ1,TSRYS5752098,D,S,D,2024-04-03,1000000.00,4.598987,98.71484375
08:04:02,912810TZ1,TSRYS5752098,D,S,D,2024-04-03,1000000.00,4.598987,98.71484375
08:04:02,912810TZ1,TSRYS5752098,D,S,D,2024-04-03,1000000.00,4.608438,98.59375
08:04:02,912810TZ1,TSRYS5752098,D,B,C,2024-04-03,1000000.00,4.608438,98.59375
08:04:02,912810TZ1,TSRYS5752098,D,S,C,2024-04-03,1000000.00,4.608438,98.59375
08:04:02,912810TZ1,TSRYS5752098,D,S,C,2024-04-03,1000000.00,4.608438,98.59375
08:04:02,912810TZ1,TSRYS5752098,D,B,C,2024-04-03,1000000.00,4.608449,98.593598
08:04:02,912810TZ1,TSRYS5752098,D,S,D,2024-04-03,1000000.00,4.608422,98.59395
08:04:02,912810TZ1,TSRYS5752098,D,B,C,2024-04-03,1000000.00,4.608438,98.59375
08:04:02,912810TZ1,TSRYS5752098,D,S,C,2024-04-03,1000000.00,4.608422,98.59395
08:04:02,912810TZ1,TSRYS5752098,D,S,C,2024-04-03,1000000.00,4.608438,98.59375
08:04:02,912810TZ1,TSRYS5752098,D,S,C,2024-04-03,1000000.00,4.608422,98.59395
08:04:02,912810TZ1,TSRYS5752098,D,S,C,2024-04-03,1000000.00,4.608422,98.59395
08:04:02,912810TZ1,TSRYS5752098,D,B,C,2024-04-03,1000000.00,4.608438,98.59375
08:04:02,912810TZ1,TSRYS5752098,D,S,C,2024-04-03,1000000.00,4.608422,98.59395
08:04:02,912810TZ1,TSRYS5752098,D,B,C,2024-04-03,1000000.00,4.609658,98.578125
08:04:02,912810TZ1,TSRYS5752098,D,B,C,2024-04-03,1000000.00,4.609674,98.577925
08:04:02,912810TZ1,TSRYS5752098,D,S,D,2024-04-03,1000000.00,4.60965,98.578227
08:04:02,912810TZ1,TSRYS5752098,D,S,D,2024-04-03,1000000.00,4.60965,98.578227
08:04:03,912810TZ1,TSRYS5752098,D,B,C,2024-04-03,1000000.00,4.6121,98.546875
08:04:03,912810TZ1,TSRYS5752098,D,S,D,2024-04-03,1000000.00,4.6121,98.546875
08:04:03,912810TZ1,TSRYS5752098,D,B,C,2024-04-03,1000000.00,4.618056,98.470703125
08:04:03,912810TZ1,TSRYS5752098,D,S,D,2024-04-03,1000000.00,4.618056,98.470703125
08:04:03,912810TZ1,TSRYS5752098,D,B,C,2024-04-03,1000000.00,4.618056,98.470703125
08:04:03,912810TZ1,TSRYS5752098,D,S,D,2024-04-03,1000000.00,4.618056,98.470703125
08:04:03,912810TZ1,TSRYS5752098,D,B,C,2024-04-03,1000000.00,4.618056,98.470703125
08:04:03,912810TZ1,TSRYS5752098,D,S,D,2024-04-03,1000000.00,4.618056,98.470703125
08:04:03,912810TZ1,TSRYS5752098,D,B,C,2024-04-03,1000000.00,4.613321,98.53125
08:04:03,912810TZ1,TSRYS5752098,D,S,D,2024-04-03,1000000.00,4.613311,98.53138
08:04:04,912810TZ1,TSRYS5752098,D,S,D,2024-04-03,1000000.00,4.615764,98.5
08:04:04,912810TZ1,TSRYS5752098,D,S,D,2024-04-03,1000000.00,4.615754,98.50013
08:04:04,912810TZ1,TSRYS5752098,D,S,C,2024-04-03,1000000.00,4.616971,98.484575
08:04:04,912810TZ1,TSRYS5752098,D,B,C,2024-04-03,1000000.00,4.615776,98.49985
08:04:04,912810TZ1,TSRYS5752098,D,B,C,2024-04-03,1000000.00,4.616986,98.484375
08:04:04,912810TZ1,TSRYS5752098,D,B,C,2024-04-03,1000000.00,4.616986,98.484375
08:04:04,912810TZ1,TSRYS5752098,D,B,C,2024-04-03,1000000.00,4.616986,98.484375
08:04:04,912810TZ1,TSRYS5752098,D,S,D,2024-04-03,1000000.00,4.616986,98.484375
08:04:04,912810TZ1,TSRYS5752098,D,B,C,2024-04-03,1000000.00,4.615764,98.5
08:04:04,912810TZ1,TSRYS5752098,D,S,C,2024-04-03,1000000.00,4.616971,98.484575
08:04:04,912810TZ1,TSRYS5752098,D,B,C,2024-04-03,1000000.00,4.61578,98.4998
08:04:04,912810TZ1,TSRYS5752098,D,S,C,2024-04-03,1000000.00,4.615764,98.5
08:04:04,912810TZ1,TSRYS5752098,D,S,T,2024-04-03,1000000.00,4.630904,98.30664063
08:04:05,912810TZ1,TSRYS5752098,D,S,A,2024-04-03,1000000.00,4.62922,98.328125
08:04:06,912810TZ1,TSRYS5752098,D,B,C,2024-04-03,2000000.00,4.62769,98.34765625
08:04:06,912810TZ1,TSRYS5752098,D,S,D,2024-04-03,2000000.00,4.62769,98.34765625
08:04:06,912810TZ1,TSRYS5752098,D,S,D,2024-04-03,1000000.00,4.606607,98.6171875
08:04:06,912810TZ1,TSRYS5752098,D,S,D,2024-04-03,1000000.00,4.607522,98.60546875
08:04:06,912810TZ1,TSRYS5752098,D,S,D,2024-04-03,1000000.00,4.607522,98.60546875
08:04:06,912810TZ1,TSRYS5752098,D,S,D,2024-04-03,1000000.00,4.607522,98.60546875
08:04:06,912810TZ1,TSRYS5752098,D,S,D,2024-04-03,1000000.00,4.62309,98.40638
08:04:06,912810TZ1,TSRYS5752098,D,B,C,2024-04-03,1000000.00,4.6231,98.40625
08:04:06,912810TZ1,TSRYS5752098,D,S,C,2024-04-03,2000000.00,4.6231,98.40625
08:04:06,912810TZ1,TSRYS5752098,D,S,D,2024-04-03,1000000.00,4.607522,98.60546875
08:04:06,912810TZ1,TSRYS5752098,D,S,D,2024-04-03,1000000.00,4.607522,98.60546875
08:04:06,912810TZ1,TSRYS5752098,D,S,D,2024-04-03,1000000.00,4.607827,98.6015625
08:04:06,912810TZ1,TSRYS5752098,D,B,C,2024-04-03,1000000.00,4.6231,98.40625
08:04:06,912810TZ1,TSRYS5752098,D,S,D,2024-04-03,1000000.00,4.623092,98.406352
08:04:06,912810TZ1,TSRYS5752098,D,S,C,2024-04-03,1000000.00,4.618667,98.462890625
08:04:06,912810TZ1,TSRYS5752098,D,S,D,2024-04-03,1000000.00,4.618667,98.462890625
08:04:06,912810TZ1,TSRYS5752098,D,S,D,2024-04-03,2000000.00,4.62769,98.34765625
08:04:07,912810TZ1,TSRYS5752098,D,S,D,2024-04-03,1000000.00,4.618667,98.462890625
08:04:07,912810TZ1,TSRYS5752098,D,S,D,2024-04-03,1000000.00,4.608422,98.59395
08:04:07,912810TZ1,TSRYS5752098,D,B,C,2024-04-03,1000000.00,4.608438,98.59375
08:04:07,912810TZ1,TSRYS5752098,D,S,D,2024-04-03,1000000.00,4.608422,98.59395
08:04:07,912810TZ1,TSRYS5752098,D,B,C,2024-04-03,1000000.00,4.608438,98.59375
08:04:07,912810TZ1,TSRYS5752098,D,S,D,2024-04-03,1000000.00,4.608422,98.59395
08:04:07,912810TZ1,TSRYS5752098,D,S,C,2024-04-03,1000000.00,4.6231,98.40625
08:04:07,912810TZ1,TSRYS5752098,D,S,C,2024-04-03,1000000.00,4.623084,98.40645
08:04:07,912810TZ1,TSRYS5752098,D,S,C,2024-04-03,1000000.00,4.6231,98.40625
08:04:07,912810TZ1,TSRYS5752098,D,S,D,2024-04-03,1000000.00,4.6231,98.40625
08:04:07,912810TZ1,TSRYS5752098,D,S,C,2024-04-03,1000000.00,4.6231,98.40625
08:04:07,912810TZ1,TSRYS5752098,D,S,D,2024-04-03,1000000.00,4.619431,98.453125
08:04:07,912810TZ1,TSRYS5752098,D,S,C,2024-04-03,1000000.00,4.621877,98.421875
08:04:07,912810TZ1,TSRYS5752098,D,B,C,2024-04-03,1000000.00,4.621889,98.421723
08:04:07,912810TZ1,TSRYS5752098,D,S,D,2024-04-03,1000000.00,4.621877,98.421875
08:04:07,912810TZ1,TSRYS5752098,D,S,D,2024-04-03,1000000.00,4.606455,98.619140625
08:04:07,912810TZ1,TSRYS5752098,D,S,D,2024-04-03,1000000.00,4.606302,98.62109375
08:04:07,912810TZ1,TSRYS5752098,D,S,D,2024-04-03,1000000.00,4.607217,98.609375
08:04:07,912810TZ1,TSRYS5752098,D,S,D,2024-04-03,1000000.00,4.606607,98.6171875
08:04:07,912810TZ1,TSRYS5752098,D,S,D,2024-04-03,1000000.00,4.621877,98.421875
08:04:07,912810TZ1,TSRYS5752098,D,S,D,2024-04-03,1000000.00,4.621877,98.421875
08:04:07,912810TZ1,TSRYS5752098,D,S,D,2024-04-03,1000000.00,4.621877,98.421875
08:04:07,912810TZ1,TSRYS5752098,D,S,C,2024-04-03,1000000.00,4.621861,98.422075
08:04:07,912810TZ1,TSRYS5752098,D,S,C,2024-04-03,1000000.00,4.621877,98.421875
08:04:07,912810TZ1,TSRYS5752098,D,S,C,2024-04-03,1000000.00,4.621877,98.421875
08:04:07,912810TZ1,TSRYS5752098,D,S,D,2024-04-03,1000000.00,4.605982,98.6252
08:04:07,912810TZ1,TSRYS5752098,D,S,D,2024-04-03,1000000.00,4.605982,98.6252
08:04:07,912810TZ1,TSRYS5752098,D,S,D,2024-04-03,1000000.00,4.605982,98.6252
08:04:07,912810TZ1,TSRYS5752098,D,S,D,2024-04-03,1000000.00,4.606912,98.61328125
08:04:07,912810TZ1,TSRYS5752098,D,S,C,2024-04-03,1000000.00,4.621861,98.422075
08:04:08,912810TZ1,TSRYS5752098,D,S,D,2024-04-03,1000000.00,4.61882,98.4609375
08:04:08,912810TZ1,TSRYS5752098,D,S,D,2024-04-03,1000000.00,4.61882,98.4609375
08:04:08,912810TZ1,TSRYS5752098,D,S,D,2024-04-03,1000000.00,4.61882,98.4609375
08:04:08,912810TZ1,TSRYS5752098,D,S,D,2024-04-03,1000000.00,4.61882,98.4609375
08:04:08,912810TZ1,TSRYS5752098,D,S,D,2024-04-03,1000000.00,4.61882,98.4609375
08:04:08,912810TZ1,TSRYS5752098,D,S,D,2024-04-03,1000000.00,4.61882,98.4609375
08:04:08,912810TZ1,TSRYS5752098,D,S,D,2024-04-03,1000000.00,4.607827,98.6015625
08:04:08,912810TZ1,TSRYS5752098,D,B,C,2024-04-03,1000000.00,4.61882,98.4609375
08:04:08,912810TZ1,TSRYS5752098,D,S,D,2024-04-03,1000000.00,4.61882,98.4609375
08:04:08,912810TZ1,TSRYS5752098,D,B,C,2024-04-03,1000000.00,4.61882,98.4609375
08:04:08,912810TZ1,TSRYS5752098,D,S,D,2024-04-03,1000000.00,4.61882,98.4609375
08:04:08,912810TZ1,TSRYS5752098,D,S,D,2024-04-03,1000000.00,4.61882,98.4609375
08:04:08,912810TZ1,TSRYS5752098,D,S,D,2024-04-03,1000000.00,4.61882,98.4609375
08:04:08,912810TZ1,TSRYS5752098,D,B,C,2024-04-03,2642000.00,4.62922,98.328125
08:04:08,912810TZ1,TSRYS5752098,D,S,D,2024-04-03,1000000.00,4.61882,98.4609375
08:04:08,912810TZ1,TSRYS5752098,D,S,D,2024-04-03,2000000.00,4.61882,98.4609375
08:04:08,912810TZ1,TSRYS5752098,D,S,D,2024-04-03,1000000.00,4.61882,98.4609375
08:04:08,912810TZ1,TSRYS5752098,D,S,D,2024-04-03,1000000.00,4.61882,98.4609375
08:04:08,912810TZ1,TSRYS5752098,D,S,D,2024-04-03,1000000.00,4.61882,98.4609375
08:04:08,912810TZ1,TSRYS5752098,D,S,D,2024-04-03,1000000.00,4.61882,98.4609375
08:04:09,912810TZ1,TSRYS5752098,D,S,D,2024-04-03,1000000.00,4.618208,98.46875
08:04:09,912810TZ1,TSRYS5752098,D,S,D,2024-04-03,1000000.00,4.61882,98.4609375
08:04:09,912810TZ1,TSRYS5752098,D,B,C,2024-04-03,1000000.00,4.61882,98.4609375
08:04:09,912810TZ1,TSRYS5752098,D,S,D,2024-04-03,1000000.00,4.61882,98.4609375
08:04:09,912810TZ1,TSRYS5752098,D,S,D,2024-04-03,1000000.00,4.61882,98.4609375
08:04:09,912810TZ1,TSRYS5752098,D,S,D,2024-04-03,1000000.00,4.609658,98.578125
08:04:09,912810TZ1,TSRYS5752098,D,S,D,2024-04-03,1000000.00,4.616375,98.4921875
08:04:09,912810TZ1,TSRYS5752098,D,S,D,2024-04-03,1000000.00,4.616375,98.4921875
08:04:09,912810TZ1,TSRYS5752098,D,S,D,2024-04-03,1000000.00,4.616375,98.4921875
08:04:09,912810TZ1,TSRYS5752098,D,S,D,2024-04-03,1000000.00,4.616375,98.4921875
08:04:09,912810TZ1,TSRYS5752098,D,S,D,2024-04-03,1000000.00,4.616375,98.4921875
08:04:09,912810TZ1,TSRYS5752098,D,S,D,2024-04-03,1000000.00,4.616375,98.4921875
08:04:10,912810TZ1,TSRYS5752098,D,S,C,2024-04-03,1000000.00,4.629208,98.328275
08:04:10,912810TZ1,TSRYS5752098,D,S,D,2024-04-03,1000000.00,4.616375,98.4921875
08:04:10,912810TZ1,TSRYS5752098,D,S,D,2024-04-03,1000000.00,4.616375,98.4921875
08:04:10,912810TZ1,TSRYS5752098,D,S,D,2024-04-03,1000000.00,4.616375,98.4921875
08:04:10,912810TZ1,TSRYS5752098,D,S,D,2024-04-03,1000000.00,4.616375,98.4921875
08:04:10,912810TZ1,TSRYS5752098,D,S,D,2024-04-03,1000000.00,4.616375,98.4921875
08:04:10,912810TZ1,TSRYS5752098,D,S,D,2024-04-03,1000000.00,4.616375,98.4921875
08:04:10,912810TZ1,TSRYS5752098,D,B,C,2024-04-03,1000000.00,4.616375,98.4921875
08:04:10,912810TZ1,TSRYS5752098,D,S,D,2024-04-03,1000000.00,4.616375,98.4921875
08:04:10,912810TZ1,TSRYS5752098,D,S,D,2024-04-03,1000000.00,4.616375,98.4921875
08:04:10,912810TZ1,TSRYS5752098,D,S,D,2024-04-03,1000000.00,4.616375,98.4921875
08:04:10,912810TZ1,TSRYS5752098,D,B,C,2024-04-03,1000000.00,4.616375,98.4921875
08:04:10,912810TZ1,TSRYS5752098,D,S,D,2024-04-03,1000000.00,4.616375,98.4921875
08:04:10,912810TZ1,TSRYS5752098,D,B,C,2024-04-03,1000000.00,4.616375,98.4921875
08:04:10,912810TZ1,TSRYS5752098,D,B,C,2024-04-03,1000000.00,4.627996,98.34375
08:04:10,912810TZ1,TSRYS5752098,D,S,D,2024-04-03,1000000.00,4.627988,98.343852
08:04:11,912810TZ1,TSRYS5752098,D,B,A,2024-04-03,420000.00,4.628608,98.3359375
08:04:11,912810TZ1,TSRYS5752098,D,S,T,2024-04-03,1000000.00,4.627996,98.34375
08:04:11,912810TZ1,TSRYS5752098,D,S,D,2024-04-03,1000000.00,4.616375,98.4921875
08:04:11,912810TZ1,TSRYS5752098,D,B,C,2024-04-03,1000000.00,4.616375,98.4921875
08:04:11,912810TZ1,TSRYS5752098,D,S,D,2024-04-03,1000000.00,4.617903,98.47265625
08:04:11,912810TZ1,TSRYS5752098,D,S,C,2024-04-03,1000000.00,4.627996,98.34375
08:04:12,912810TZ1,TSRYS5752098,D,B,C,2024-04-03,1000000.00,4.606158,98.622946875
08:04:12,912810TZ1,TSRYS5752098,D,S,C,2024-04-03,1000000.00,4.60615,98.623046875
08:04:12,912810TZ1,TSRYS5752098,D,S,D,2024-04-03,1000000.00,4.629206,98.328302
08:04:12,912810TZ1,TSRYS5752098,D,B,C,2024-04-03,1000000.00,4.62922,98.328125
08:04:12,912810TZ1,TSRYS5752098,D,B,C,2024-04-03,1000000.00,4.604946,98.638471875
08:04:12,912810TZ1,TSRYS5752098,D,S,D,2024-04-03,1000000.00,4.60493,98.638671875
08:04:13,912810TZ1,TSRYS5752098,D,S,C,2024-04-03,1000000.00,4.631654,98.297075
08:04:14,912810TZ1,TSRYS5752098,D,B,C,2024-04-03,1000000.00,4.635359,98.24985
08:04:14,912810TZ1,TSRYS5752098,D,S,C,2024-04-03,1000000.00,4.635347,98.25
08:04:14,912810TZ1,TSRYS5752098,D,B,C,2024-04-03,1000000.00,4.635347,98.25
08:04:14,912810TZ1,TSRYS5752098,D,S,D,2024-04-03,1000000.00,4.635347,98.25
08:04:14,912810TZ1,TSRYS5752098,D,S,D,2024-04-03,1000000.00,4.636563,98.234505
08:04:14,912810TZ1,TSRYS5752098,D,S,D,2024-04-03,1000000.00,4.636573,98.234375
08:04:15,912810TZ1,TSRYS5752098,D,B,C,2024-04-03,1000000.00,4.636573,98.234375
08:04:15,912810TZ1,TSRYS5752098,D,B,C,2024-04-03,1000000.00,4.62203,98.419921875
08:04:15,912810TZ1,TSRYS5752098,D,S,C,2024-04-03,1000000.00,4.622022,98.420021875
08:04:15,912810TZ1,TSRYS5752098,D,S,D,2024-04-03,1000000.00,4.636563,98.234505
08:04:17,912810TZ1,TSRYS5752098,D,S,D,2024-04-03,1000000.00,4.64148,98.171875
08:04:17,912810TZ1,TSRYS5752098,D,S,D,2024-04-03,1000000.00,4.64148,98.171875
08:04:17,912810TZ1,TSRYS5752098,D,S,C,2024-04-03,1000000.00,4.641464,98.172075
08:04:17,912810TZ1,TSRYS5752098,D,S,C,2024-04-03,1000000.00,4.640253,98.1875
08:04:17,912810TZ1,TSRYS5752098,D,S,C,2024-04-03,1000000.00,4.641464,98.172075
08:04:17,912810TZ1,TSRYS5752098,D,S,C,2024-04-03,1000000.00,4.640253,98.1875
08:04:17,912810TZ1,TSRYS5752098,D,S,C,2024-04-03,1000000.00,4.641464,98.172075
08:04:17,912810TZ1,TSRYS5752098,D,S,C,2024-04-03,1000000.00,4.64148,98.171875
08:04:17,912810TZ1,TSRYS5752098,D,S,C,2024-04-03,1000000.00,4.641462,98.1721
08:04:17,912810TZ1,TSRYS5752098,D,S,C,2024-04-03,1000000.00,4.64148,98.171875
08:04:17,912810TZ1,TSRYS5752098,D,S,C,2024-04-03,1000000.00,4.64148,98.171875
08:04:17,912810TZ1,TSRYS5752098,D,S,C,2024-04-03,1000000.00,4.64148,98.171875
08:04:17,912810TZ1,TSRYS5752098,D,S,C,2024-04-03,1000000.00,4.64148,98.171875
08:04:17,912810TZ1,TSRYS5752098,D,S,C,2024-04-03,1000000.00,4.641464,98.172075
08:04:17,912810TZ1,TSRYS5752098,D,S,C,2024-04-03,1000000.00,4.64148,98.171875
08:04:17,912810TZ1,TSRYS5752098,D,S,C,2024-04-03,1000000.00,4.64148,98.171875
08:04:18,912810TZ1,TSRYS5752098,D,B,C,2024-04-03,1000000.00,4.640253,98.1875
08:04:18,912810TZ1,TSRYS5752098,D,B,C,2024-04-03,1000000.00,4.640253,98.1875
08:04:18,912810TZ1,TSRYS5752098,D,S,C,2024-04-03,1000000.00,4.640239,98.187675
08:04:18,912810TZ1,TSRYS5752098,D,S,C,2024-04-03,1000000.00,4.640239,98.187675
08:04:19,912810TZ1,TSRYS5752098,D,S,T,2024-04-03,1000000.00,4.626771,98.359375
08:04:20,912810TZ1,TSRYS5752098,D,S,C,2024-04-03,1000000.00,4.640241,98.187652
08:04:21,912810TZ1,TSRYS5752098,D,B,C,2024-04-03,1000000.00,4.640253,98.1875
08:04:21,912810TZ1,TSRYS5752098,D,S,C,2024-04-03,1000000.00,4.640241,98.187652
08:04:21,912810TZ1,TSRYS5752098,D,S,C,2024-04-03,1000000.00,4.639026,98.203125
08:04:22,912810TZ1,TSRYS5752098,D,S,C,2024-04-03,100000.00,4.626771,98.359375
08:04:22,912810TZ1,TSRYS5752098,D,S,C,2024-04-03,1000000.00,4.640241,98.187652
08:04:23,912810TZ1,TSRYS5752098,D,S,C,2024-04-03,1000000.00,4.637799,98.21875
08:04:23,912810TZ1,TSRYS5752098,D,B,C,2024-04-03,1000000.00,4.637815,98.21855
08:04:23,912810TZ1,TSRYS5752098,D,S,C,2024-04-03,800000.00,4.620042,98.4453125
08:04:24,912810TZ1,TSRYS5752098,D,S,A,2024-04-03,830000.00,4.636573,98.234375
08:04:25,912810TZ1,TSRYS5752098,D,B,C,2024-04-03,1000000.00,4.634121,98.265625
08:04:25,912810TZ1,TSRYS5752098,D,S,C,2024-04-03,1000000.00,4.634121,98.265625
08:04:25,912810TZ1,TSRYS5752098,D,S,T,2024-04-03,1000000.00,4.609674,98.577925
08:04:25,912810TZ1,TSRYS5752098,D,S,C,2024-04-03,5000000.00,4.605391,98.6328125
08:04:25,912810TZ1,TSRYS5752098,D,S,T,2024-04-03,1000000.00,4.607233,98.609175
08:04:26,912810TZ1,TSRYS5752098,D,S,D,2024-04-03,1000000.00,4.63166,98.297005
08:04:26,912810TZ1,TSRYS5752098,D,B,C,2024-04-03,1000000.00,4.631686,98.296675
08:04:26,912810TZ1,TSRYS5752098,D,S,D,2024-04-03,1000000.00,4.63166,98.297005
08:04:26,912810TZ1,TSRYS5752098,D,S,D,2024-04-03,1000000.00,4.634111,98.265755
08:04:26,912810TZ1,TSRYS5752098,D,B,C,2024-04-03,1000000.00,4.634121,98.265625
08:04:26,912810TZ1,TSRYS5752098,D,S,C,2024-04-03,1000000.00,4.641319,98.173928125
08:04:26,912810TZ1,TSRYS5752098,D,B,C,2024-04-03,1000000.00,4.640559,98.18359375
08:04:26,912810TZ1,TSRYS5752098,D,S,D,2024-04-03,1000000.00,4.640559,98.18359375
08:04:27,912810TZ1,TSRYS5752098,D,S,D,2024-04-03,1000000.00,4.63166,98.297005
08:04:27,912810TZ1,TSRYS5752098,D,B,C,2024-04-03,1000000.00,4.631686,98.296675
08:04:27,912810TZ1,TSRYS5752098,D,B,C,2024-04-03,1000000.00,4.632913,98.281025
08:04:27,912810TZ1,TSRYS5752098,D,S,C,2024-04-03,1000000.00,4.632895,98.28125
08:04:27,912810TZ1,TSRYS5752098,D,S,C,2024-04-03,1000000.00,4.632895,98.28125
08:04:27,912810TZ1,TSRYS5752098,D,B,C,2024-04-03,1000000.00,4.632913,98.281025
08:04:27,912810TZ1,TSRYS5752098,D,S,D,2024-04-03,1000000.00,4.632885,98.28138
08:04:27,912810TZ1,TSRYS5752098,D,B,C,2024-04-03,1000000.00,4.632913,98.281025
08:04:31,912810TZ1,TSRYS5752098,D,B,C,2024-04-03,1000000.00,4.631682,98.296725
08:04:31,912810TZ1,TSRYS5752098,D,S,C,2024-04-03,1000000.00,4.631654,98.297075
08:04:34,912810TZ1,TSRYS5752098,D,B,C,2024-04-03,1000000.00,4.627996,98.34375
08:04:34,912810TZ1,TSRYS5752098,D,S,C,2024-04-03,1000000.00,4.627996,98.34375
08:04:35,912810TZ1,TSRYS5752098,D,B,C,2024-04-03,1000000.00,4.629232,98.327975
08:04:35,912810TZ1,TSRYS5752098,D,S,C,2024-04-03,1000000.00,4.629205,98.328325
08:04:35,912810TZ1,TSRYS5752098,D,S,C,2024-04-03,1000000.00,4.629206,98.3283
08:04:35,912810TZ1,TSRYS5752098,D,B,C,2024-04-03,1000000.00,4.629232,98.327975
08:04:35,912810TZ1,TSRYS5752098,D,S,C,2024-04-03,1000000.00,4.629206,98.3283
08:04:36,912810TZ1,TSRYS5752098,D,S,D,2024-04-03,1000000.00,4.62921,98.328255
08:04:36,912810TZ1,TSRYS5752098,D,S,C,2024-04-03,1000000.00,4.629205,98.328325
08:04:36,912810TZ1,TSRYS5752098,D,B,C,2024-04-03,1000000.00,4.630461,98.3123
08:04:36,912810TZ1,TSRYS5752098,D,S,C,2024-04-03,1000000.00,4.630445,98.3125
08:04:37,912810TZ1,TSRYS5752098,D,S,C,2024-04-03,1000000.00,4.627996,98.34375
08:04:37,912810TZ1,TSRYS5752098,D,S,D,2024-04-03,1000000.00,4.62922,98.328125
08:04:37,912810TZ1,TSRYS5752098,D,B,C,2024-04-03,1000000.00,4.629236,98.327925
08:04:37,912810TZ1,TSRYS5752098,D,S,C,2024-04-03,1000000.00,4.628294,98.33994375
08:04:37,912810TZ1,TSRYS5752098,D,B,C,2024-04-03,1000000.00,4.62831,98.33974375
08:04:37,912810TZ1,TSRYS5752098,D,S,C,2024-04-03,1000000.00,4.631658,98.297027
08:04:38,912810TZ1,TSRYS5752098,D,B,C,2024-04-03,1000000.00,4.632895,98.28125
08:04:38,912810TZ1,TSRYS5752098,D,S,C,2024-04-03,1000000.00,4.632883,98.281402
08:04:39,912810TZ1,TSRYS5752098,D,S,D,2024-04-03,1000000.00,4.631058,98.3046875
08:04:39,912810TZ1,TSRYS5752098,D,S,D,2024-04-03,1000000.00,4.630904,98.306640625
08:04:40,912810TZ1,TSRYS5752098,D,B,C,2024-04-03,2000000.00,4.630459,98.312323
08:04:40,912810TZ1,TSRYS5752098,D,S,C,2024-04-03,2000000.00,4.630445,98.3125
08:04:40,912810TZ1,TSRYS5752098,D,S,C,2024-04-03,1000000.00,4.630445,98.3125
08:04:40,912810TZ1,TSRYS5752098,D,S,D,2024-04-03,1000000.00,4.630429,98.3127
08:04:40,912810TZ1,TSRYS5752098,D,B,C,2024-04-03,1000000.00,4.630459,98.312323
08:04:40,912810TZ1,TSRYS5752098,D,B,C,2024-04-03,1000000.00,4.630459,98.312323
08:04:40,912810TZ1,TSRYS5752098,D,S,C,2024-04-03,1000000.00,4.630445,98.3125
08:04:41,912810TZ1,TSRYS5752098,D,B,C,2024-04-03,1000000.00,4.630459,98.312323
08:04:41,912810TZ1,TSRYS5752098,D,S,D,2024-04-03,1000000.00,4.630445,98.3125
08:04:41,912810TZ1,TSRYS5752098,D,S,D,2024-04-03,1000000.00,4.630445,98.3125
08:04:41,912810TZ1,TSRYS5752098,D,S,C,2024-04-03,2000000.00,4.630437,98.3126
08:04:41,912810TZ1,TSRYS5752098,D,B,C,2024-04-03,1000000.00,4.630445,98.3125
08:04:41,912810TZ1,TSRYS5752098,D,S,C,2024-04-03,1000000.00,4.630433,98.312652
08:04:42,912810TZ1,TSRYS5752098,D,S,C,2024-04-03,1000000.00,4.629205,98.328325
08:04:42,912810TZ1,TSRYS5752098,D,S,C,2024-04-03,1000000.00,4.62922,98.328125
08:04:43,912810TZ1,TSRYS5752098,D,S,C,2024-04-03,1000000.00,4.631656,98.29705
08:04:43,912810TZ1,TSRYS5752098,D,B,C,2024-04-03,1000000.00,4.631686,98.296675
08:04:43,912810TZ1,TSRYS5752098,D,S,C,2024-04-03,1000000.00,4.630897,98.306740625
08:04:43,912810TZ1,TSRYS5752098,D,S,C,2024-04-03,1000000.00,4.630897,98.306740625
08:04:43,912810TZ1,TSRYS5752098,D,S,C,2024-04-03,1000000.00,4.629206,98.3283
08:04:43,912810TZ1,TSRYS5752098,D,S,C,2024-04-03,1000000.00,4.629205,98.328325
08:04:43,912810TZ1,TSRYS5752098,D,S,C,2024-04-03,1000000.00,4.629206,98.3283
08:04:44,912810TZ1,TSRYS5752098,D,S,C,2024-04-03,1000000.00,4.626758,98.35955
08:04:44,912810TZ1,TSRYS5752098,D,B,C,2024-04-03,1000000.00,4.626771,98.359375
08:04:44,912810TZ1,TSRYS5752098,D,B,C,2024-04-03,1000000.00,4.625563,98.3748
08:04:44,912810TZ1,TSRYS5752098,D,S,C,2024-04-03,1000000.00,4.625536,98.37515
08:04:44,912810TZ1,TSRYS5752098,D,S,C,2024-04-03,1000000.00,4.62676,98.359525
08:04:44,912810TZ1,TSRYS5752098,D,S,C,2024-04-03,1000000.00,4.62676,98.359525
08:04:44,912810TZ1,TSRYS5752098,D,B,C,2024-04-03,1000000.00,4.626787,98.359175
08:04:45,912810TZ1,TSRYS5752098,D,S,T,2024-04-03,1000000.00,4.625547,98.375
08:04:46,912810TZ1,TSRYS5752098,D,S,D,2024-04-03,2000000.00,4.624476,98.388671875
08:04:47,912810TZ1,TSRYS5752098,D,S,D,2024-04-03,1000000.00,4.623253,98.404296875
08:04:48,912810TZ1,TSRYS5752098,D,S,C,2024-04-03,1000000.00,4.620654,98.4375
08:04:50,912810TZ1,TSRYS5752098,D,S,D,2024-04-03,2000000.00,4.625088,98.380859375
08:04:50,912810TZ1,TSRYS5752098,D,S,D,2024-04-03,1000000.00,4.625088,98.380859375
08:04:50,912810TZ1,TSRYS5752098,D,S,D,2024-04-03,3000000.00,4.625547,98.375
08:04:54,912810TZ1,TSRYS5752098,D,S,C,2024-04-03,2000000.00,4.619431,98.453125
08:04:54,912810TZ1,TSRYS5752098,D,S,C,2024-04-03,1000000.00,4.619431,98.453125
08:04:55,912810TZ1,TSRYS5752098,D,S,D,2024-04-03,1000000.00,4.619431,98.453125
08:04:55,912810TZ1,TSRYS5752098,D,S,C,2024-04-03,1000000.00,4.619431,98.453125
08:04:55,912810TZ1,TSRYS5752098,D,S,D,2024-04-03,1000000.00,4.619278,98.455078125
08:04:55,912810TZ1,TSRYS5752098,D,S,C,2024-04-03,1000000.00,4.619431,98.453125
08:04:55,912810TZ1,TSRYS5752098,D,B,C,2024-04-03,1000000.00,4.619431,98.453125
08:04:55,912810TZ1,TSRYS5752098,D,S,C,2024-04-03,1000000.00,4.619417,98.4533
08:04:56,912810TZ1,TSRYS5752098,D,S,D,2024-04-03,1000000.00,4.618208,98.46875
08:04:56,912810TZ1,TSRYS5752098,D,S,C,2024-04-03,1000000.00,4.618208,98.46875
08:04:56,912810TZ1,TSRYS5752098,D,S,C,2024-04-03,1000000.00,4.618208,98.46875
08:04:56,912810TZ1,TSRYS5752098,D,S,D,2024-04-03,1000000.00,4.618208,98.46875
08:04:56,912810TZ1,TSRYS5752098,D,S,D,2024-04-03,1000000.00,4.618208,98.46875
08:04:56,912810TZ1,TSRYS5752098,D,S,D,2024-04-03,1000000.00,4.618208,98.46875
08:04:56,912810TZ1,TSRYS5752098,D,S,C,2024-04-03,1000000.00,4.618208,98.46875
08:04:56,912810TZ1,TSRYS5752098,D,S,D,2024-04-03,1000000.00,4.618208,98.46875
08:04:56,912810TZ1,TSRYS5752098,D,S,D,2024-04-03,1000000.00,4.618208,98.46875
08:04:56,912810TZ1,TSRYS5752098,D,S,D,2024-04-03,2000000.00,4.619431,98.453125
08:04:56,912810TZ1,TSRYS5752098,D,S,C,2024-04-03,1000000.00,4.619431,98.453125
08:04:56,912810TZ1,TSRYS5752098,D,S,C,2024-04-03,1000000.00,4.619431,98.453125
08:04:56,912810TZ1,TSRYS5752098,D,S,C,2024-04-03,1000000.00,4.619431,98.453125
08:04:56,912810TZ1,TSRYS5752098,D,S,C,2024-04-03,1000000.00,4.619431,98.453125
08:04:56,912810TZ1,TSRYS5752098,D,S,D,2024-04-03,1000000.00,4.617284,98.48056875
08:04:56,912810TZ1,TSRYS5752098,D,S,D,2024-04-03,1000000.00,4.619431,98.453125
08:04:58,912810TZ1,TSRYS5752098,D,S,D,2024-04-03,110000.00,4.625853,98.371094
08:04:58,912810TZ1,TSRYS5752098,D,S,C,2024-04-03,110000.00,4.539849,99.477094
08:04:58,912810TZ1,TSRYS5752098,D,B,C,2024-04-03,1000000.00,4.616986,98.484375
08:04:58,912810TZ1,TSRYS5752098,D,S,D,2024-04-03,1000000.00,4.616971,98.484575
08:04:58,912810TZ1,TSRYS5752098,D,B,C,2024-04-03,1000000.00,4.616986,98.484375
08:04:58,912810TZ1,TSRYS5752098,D,S,D,2024-04-03,1000000.00,4.616971,98.484575
08:04:58,912810TZ1,TSRYS5752098,D,S,D,2024-04-03,1000000.00,4.616971,98.484575
08:04:58,912810TZ1,TSRYS5752098,D,B,C,2024-04-03,1000000.00,4.616986,98.484375
08:04:58,912810TZ1,TSRYS5752098,D,S,D,2024-04-03,1000000.00,4.616971,98.484575
08:04:58,912810TZ1,TSRYS5752098,D,S,D,2024-04-03,1000000.00,4.616971,98.484575
08:04:59,912810TZ1,TSRYS5752098,D,S,C,2024-04-03,1000000.00,4.628149,98.341796875
08:04:59,912810TZ1,TSRYS5752098,D,S,C,2024-04-03,1000000.00,4.627996,98.34375
08:04:59,912810TZ1,TSRYS5752098,D,S,D,2024-04-03,1000000.00,4.628302,98.33984375
08:05:00,912810TZ1,TSRYS5752098,D,S,D,2024-04-03,1000000.00,4.628302,98.33984375
08:05:00,912810TZ1,TSRYS5752098,D,S,D,2024-04-03,1000000.00,4.625547,98.375
08:05:00,912810TZ1,TSRYS5752098,D,S,D,2024-04-03,1000000.00,4.625547,98.375
08:05:00,912810TZ1,TSRYS5752098,D,B,C,2024-04-03,1000000.00,4.618208,98.46875
08:05:00,912810TZ1,TSRYS5752098,D,S,C,2024-04-03,1000000.00,4.618197,98.468902
08:05:00,912810TZ1,TSRYS5752098,D,S,D,2024-04-03,1000000.00,4.625547,98.375
08:05:00,912810TZ1,TSRYS5752098,D,S,D,2024-04-03,1000000.00,4.625547,98.375
08:05:00,912810TZ1,TSRYS5752098,D,S,D,2024-04-03,1000000.00,4.625088,98.380859375
08:05:00,912810TZ1,TSRYS5752098,D,B,C,2024-04-03,1000000.00,4.616986,98.484375
08:05:00,912810TZ1,TSRYS5752098,D,S,D,2024-04-03,1000000.00,4.616968,98.484602
08:05:00,912810TZ1,TSRYS5752098,D,S,D,2024-04-03,1000000.00,4.616968,98.484602
08:05:00,912810TZ1,TSRYS5752098,D,B,C,2024-04-03,1000000.00,4.616986,98.484375
08:05:00,912810TZ1,TSRYS5752098,D,B,C,2024-04-03,1000000.00,4.616986,98.484375
08:05:00,912810TZ1,TSRYS5752098,D,S,D,2024-04-03,1000000.00,4.616968,98.484602
08:05:00,912810TZ1,TSRYS5752098,D,B,C,2024-04-03,1000000.00,4.616986,98.484375
08:05:00,912810TZ1,TSRYS5752098,D,B,C,2024-04-03,1000000.00,4.616986,98.484375
08:05:00,912810TZ1,TSRYS5752098,D,S,D,2024-04-03,1000000.00,4.616968,98.484602
08:05:00,912810TZ1,TSRYS5752098,D,S,D,2024-04-03,1000000.00,4.616968,98.484602
08:05:00,912810TZ1,TSRYS5752098,D,B,C,2024-04-03,1000000.00,4.615778,98.499825
08:05:00,912810TZ1,TSRYS5752098,D,S,C,2024-04-03,1000000.00,4.615764,98.5
08:05:01,912810TZ1,TSRYS5752098,D,S,D,2024-04-03,1000000.00,4.615764,98.5
08:05:01,912810TZ1,TSRYS5752098,D,S,D,2024-04-03,1000000.00,4.615764,98.5
08:05:01,912810TZ1,TSRYS5752098,D,B,C,2024-04-03,1000000.00,4.615776,98.49985
08:05:01,912810TZ1,TSRYS5752098,D,S,D,2024-04-03,1000000.00,4.615764,98.5
08:05:01,912810TZ1,TSRYS5752098,D,B,C,2024-04-03,1000000.00,4.615764,98.5
08:05:01,912810TZ1,TSRYS5752098,D,B,C,2024-04-03,1000000.00,4.61578,98.4998
08:05:01,912810TZ1,TSRYS5752098,D,S,D,2024-04-03,1000000.00,4.615764,98.5
08:05:01,912810TZ1,TSRYS5752098,D,B,C,2024-04-03,1000000.00,4.615764,98.5
08:05:01,912810TZ1,TSRYS5752098,D,S,D,2024-04-03,1000000.00,4.615764,98.5
08:05:01,912810TZ1,TSRYS5752098,D,S,D,2024-04-03,1000000.00,4.615764,98.5
08:05:01,912810TZ1,TSRYS5752098,D,B,C,2024-04-03,1000000.00,4.615764,98.5
08:05:01,912810TZ1,TSRYS5752098,D,B,C,2024-04-03,1000000.00,4.615764,98.5
08:05:01,912810TZ1,TSRYS5752098,D,S,D,2024-04-03,1000000.00,4.615764,98.5
08:05:01,912810TZ1,TSRYS5752098,D,B,C,2024-04-03,1000000.00,4.615764,98.5
08:05:01,912810TZ1,TSRYS5752098,D,S,D,2024-04-03,1000000.00,4.615764,98.5
08:05:01,912810TZ1,TSRYS5752098,D,B,C,2024-04-03,1000000.00,4.615764,98.5
08:05:01,912810TZ1,TSRYS5752098,D,B,C,2024-04-03,1000000.00,4.615764,98.5
08:05:01,912810TZ1,TSRYS5752098,D,B,C,2024-04-03,1000000.00,4.615776,98.49985
08:05:02,912810TZ1,TSRYS5752098,D,B,C,2024-04-03,1000000.00,4.615764,98.5
08:05:02,912810TZ1,TSRYS5752098,D,S,D,2024-04-03,1000000.00,4.615764,98.5
08:05:02,912810TZ1,TSRYS5752098,D,S,D,2024-04-03,1000000.00,4.615764,98.5
08:05:02,912810TZ1,TSRYS5752098,D,S,D,2024-04-03,1000000.00,4.615764,98.5
08:05:02,912810TZ1,TSRYS5752098,D,S,D,2024-04-03,1000000.00,4.615764,98.5
08:05:02,912810TZ1,TSRYS5752098,D,B,C,2024-04-03,1000000.00,4.615764,98.5
08:05:02,912810TZ1,TSRYS5752098,D,B,C,2024-04-03,1000000.00,4.615764,98.5
08:05:02,912810TZ1,TSRYS5752098,D,S,D,2024-04-03,1000000.00,4.615764,98.5
08:05:02,912810TZ1,TSRYS5752098,D,S,D,2024-04-03,1000000.00,4.615764,98.5
08:05:02,912810TZ1,TSRYS5752098,D,B,C,2024-04-03,1000000.00,4.615764,98.5
08:05:02,912810TZ1,TSRYS5752098,D,S,D,2024-04-03,1000000.00,4.615764,98.5
08:05:03,912810TZ1,TSRYS5752098,D,B,C,2024-04-03,1000000.00,4.619447,98.452925
08:05:03,912810TZ1,TSRYS5752098,D,S,D,2024-04-03,1000000.00,4.619431,98.453125
08:05:07,912810TZ1,TSRYS5752098,D,S,D,2024-04-03,1000000.00,4.628608,98.3359375
08:05:07,912810TZ1,TSRYS5752098,D,S,D,2024-04-03,1000000.00,4.628608,98.3359375
08:05:07,912810TZ1,TSRYS5752098,D,S,D,2024-04-03,2000000.00,4.628608,98.3359375
08:05:07,912810TZ1,TSRYS5752098,D,S,D,2024-04-03,1000000.00,4.626771,98.359375
08:05:07,912810TZ1,TSRYS5752098,D,S,C,2024-04-03,1000000.00,4.625853,98.37109375
08:05:07,912810TZ1,TSRYS5752098,D,S,C,2024-04-03,1000000.00,4.625853,98.37109375
08:05:07,912810TZ1,TSRYS5752098,D,S,D,2024-04-03,1000000.00,4.625853,98.37109375
08:05:08,912810TZ1,TSRYS5752098,D,S,C,2024-04-03,1000000.00,4.6231,98.40625
08:05:08,912810TZ1,TSRYS5752098,D,S,C,2024-04-03,1000000.00,4.623253,98.404296875
08:05:10,912810TZ1,TSRYS5752098,D,S,T,2024-04-03,1000000.00,4.625853,98.37109375
08:05:10,912810TZ1,TSRYS5752098,D,B,C,2024-04-03,1000000.00,4.626783,98.359225
08:05:10,912810TZ1,TSRYS5752098,D,B,C,2024-04-03,1000000.00,4.626783,98.359225
08:05:10,912810TZ1,TSRYS5752098,D,S,C,2024-04-03,1000000.00,4.626756,98.359575
08:05:10,912810TZ1,TSRYS5752098,D,S,C,2024-04-03,1000000.00,4.626756,98.359575
08:05:12,912810TZ1,TSRYS5752098,D,S,C,2024-04-03,1000000.00,4.626771,98.359375
08:05:12,912810TZ1,TSRYS5752098,D,S,C,2024-04-03,1000000.00,4.625547,98.375
08:05:13,912810TZ1,TSRYS5752098,D,S,D,2024-04-03,1000000.00,4.625539,98.375102
08:05:13,912810TZ1,TSRYS5752098,D,S,D,2024-04-03,1000000.00,4.625539,98.375102
08:05:13,912810TZ1,TSRYS5752098,D,S,C,2024-04-03,1000000.00,4.626771,98.359375
08:05:14,912810TZ1,TSRYS5752098,D,S,D,2024-04-03,1000000.00,4.625532,98.3752
08:05:14,912810TZ1,TSRYS5752098,D,S,D,2024-04-03,1000000.00,4.625853,98.37109375
08:05:14,912810TZ1,TSRYS5752098,D,B,C,2024-04-03,1000000.00,4.625853,98.37109375
08:05:14,912810TZ1,TSRYS5752098,D,B,C,2024-04-03,1000000.00,4.627996,98.34375
08:05:14,912810TZ1,TSRYS5752098,D,S,D,2024-04-03,1000000.00,4.627996,98.34375
08:05:15,912810TZ1,TSRYS5752098,D,S,C,2024-04-03,1000000.00,4.62922,98.328125
08:05:15,912810TZ1,TSRYS5752098,D,S,D,2024-04-03,1000000.00,4.627996,98.34375
08:05:16,912810TZ1,TSRYS5752098,D,S,D,2024-04-03,1000000.00,4.625547,98.375
08:05:16,912810TZ1,TSRYS5752098,D,B,C,2024-04-03,1000000.00,4.626618,98.361328125
08:05:16,912810TZ1,TSRYS5752098,D,S,D,2024-04-03,1000000.00,4.626611,98.361428125
08:05:17,912810TZ1,TSRYS5752098,D,S,C,2024-04-03,1000000.00,4.625853,98.37109375
08:05:22,912810TZ1,TSRYS5752098,D,S,D,2024-04-03,1000000.00,4.625853,98.37109375
08:05:22,912810TZ1,TSRYS5752098,D,S,D,2024-04-03,1000000.00,4.6257,98.37304687
08:05:22,912810TZ1,TSRYS5752098,D,S,D,2024-04-03,1000000.00,4.625853,98.37109375
08:05:22,912810TZ1,TSRYS5752098,D,S,D,2024-04-03,1000000.00,4.625853,98.37109375
08:05:24,912810TZ1,TSRYS5752098,D,S,T,2024-04-03,1000000.00,4.625853,98.37109375
08:05:24,912810TZ1,TSRYS5752098,D,S,T,2024-04-03,1000000.00,4.625853,98.37109375
08:05:24,912810TZ1,TSRYS5752098,D,S,D,2024-04-03,1000000.00,4.625853,98.37109375
08:05:30,912810TZ1,TSRYS5752098,D,S,T,2024-04-03,1000000.00,4.624324,98.390625
08:05:32,912810TZ1,TSRYS5752098,D,S,A,2024-04-03,646000.00,4.625547,98.375
08:05:33,912810TZ1,TSRYS5752098,D,S,A,2024-04-03,1228000.00,4.625547,98.375
08:05:33,912810TZ1,TSRYS5752098,D,S,A,2024-04-03,2000000.00,4.625547,98.375
08:05:52,912810TZ1,TSRYS5752098,D,S,D,2024-04-03,1000000.00,4.6231,98.40625
08:05:52,912810TZ1,TSRYS5752098,D,S,D,2024-04-03,1000000.00,4.6231,98.40625
08:05:57,912810TZ1,TSRYS5752098,D,B,C,2024-04-03,2000000.00,4.625547,98.375
08:05:57,912810TZ1,TSRYS5752098,D,S,D,2024-04-03,2000000.00,4.625533,98.375177
08:05:57,912810TZ1,TSRYS5752098,D,S,C,2024-04-03,1000000.00,4.624324,98.390625
08:05:57,912810TZ1,TSRYS5752098,D,B,C,2024-04-03,1000000.00,4.624339,98.390425
08:05:57,912810TZ1,TSRYS5752098,D,S,C,2024-04-03,1000000.00,4.624324,98.390625
08:05:59,912810TZ1,TSRYS5752098,D,S,T,2024-04-03,1000000.00,4.625853,98.37109375
08:05:59,912810TZ1,TSRYS5752098,D,S,D,2024-04-03,1000000.00,4.625853,98.37109375
08:06:15,912810TZ1,TSRYS5752098,D,S,D,2024-04-03,1000000.00,4.625853,98.37109375
08:06:34,912810TZ1,TSRYS5752098,D,B,C,2024-04-03,1000000.00,4.62388,98.396284375
08:06:34,912810TZ1,TSRYS5752098,D,S,D,2024-04-03,1000000.00,4.623865,98.396484375
08:06:34,912810TZ1,TSRYS5752098,D,B,C,2024-04-03,1000000.00,4.623712,98.3984375
08:06:34,912810TZ1,TSRYS5752098,D,S,D,2024-04-03,1000000.00,4.623712,98.3984375
08:06:37,912810TZ1,TSRYS5752098,D,S,A,2024-04-03,1000000.00,4.623712,98.3984375
08:06:38,912810TZ1,TSRYS5752098,D,S,A,2024-04-03,1000000.00,4.623712,98.3984375
08:06:38,912810TZ1,TSRYS5752098,D,B,C,2024-04-03,1000000.00,4.623865,98.396484375
08:06:38,912810TZ1,TSRYS5752098,D,S,D,2024-04-03,1000000.00,4.623865,98.396484375
08:06:41,912810TZ1,TSRYS5752098,D,S,A,2024-04-03,1000000.00,4.623712,98.3984375
08:06:50,912810TZ1,TSRYS5752098,D,S,A,2024-04-03,1000000.00,4.623712,98.3984375
08:06:51,912810TZ1,TSRYS5752098,D,B,C,2024-04-03,1000000.00,4.623712,98.3984375
08:06:51,912810TZ1,TSRYS5752098,D,S,D,2024-04-03,1000000.00,4.623712,98.3984375
08:07:07,912810TZ1,TSRYS5752098,D,B,C,2024-04-03,1000000.00,4.6231,98.40625
08:07:07,912810TZ1,TSRYS5752098,D,S,D,2024-04-03,1000000.00,4.6231,98.40625
08:07:09,912810TZ1,TSRYS5752098,D,S,A,2024-04-03,1000000.00,4.6231,98.40625
08:07:23,912810TZ1,TSRYS5752098,D,B,C,2024-04-03,27000000.00,4.626737,98.35981
08:07:26,912810TZ1,TSRYS5752098,D,S,D,2024-04-03,1000000.00,4.6231,98.40625
08:07:26,912810TZ1,TSRYS5752098,D,S,D,2024-04-03,1000000.00,4.6231,98.40625
08:07:32,912810TZ1,TSRYS5752098,D,S,C,2024-04-03,1000000.00,4.623712,98.3984375
08:07:32,912810TZ1,TSRYS5752098,D,B,C,2024-04-03,1000000.00,4.623723,98.3982875
08:08:19,912810TZ1,TSRYS5752098,D,B,C,2024-04-03,285000.00,4.622177,98.41796875
08:08:27,912810TZ1,TSRYS5752098,D,S,C,2024-04-03,1000000.00,4.621869,98.421975
08:08:33,912810TZ1,TSRYS5752098,D,S,C,2024-04-03,1000000.00,4.621869,98.421975
08:08:34,912810TZ1,TSRYS5752098,D,S,T,2024-04-03,1000000.00,4.621877,98.421875
08:08:37,912810TZ1,TSRYS5752098,D,S,T,2024-04-03,1000000.00,4.620654,98.4375
08:08:37,912810TZ1,TSRYS5752098,D,S,T,2024-04-03,1000000.00,4.620654,98.4375
08:08:37,912810TZ1,TSRYS5752098,D,S,T,2024-04-03,1000000.00,4.620654,98.4375
08:08:37,912810TZ1,TSRYS5752098,D,S,T,2024-04-03,1000000.00,4.620654,98.4375
08:08:37,912810TZ1,TSRYS5752098,D,S,T,2024-04-03,1000000.00,4.620654,98.4375
08:08:37,912810TZ1,TSRYS5752098,D,S,D,2024-04-03,1000000.00,4.620646,98.4376
08:08:37,912810TZ1,TSRYS5752098,D,S,D,2024-04-03,1000000.00,4.620646,98.4376
08:08:38,912810TZ1,TSRYS5752098,D,S,D,2024-04-03,1000000.00,4.620646,98.4376
08:08:38,912810TZ1,TSRYS5752098,D,S,D,2024-04-03,1000000.00,4.620646,98.4376
08:08:38,912810TZ1,TSRYS5752098,D,S,T,2024-04-03,1000000.00,4.620654,98.4375
08:08:38,912810TZ1,TSRYS5752098,D,S,D,2024-04-03,1000000.00,4.620646,98.4376
08:08:40,912810TZ1,TSRYS5752098,D,S,T,2024-04-03,1000000.00,4.620654,98.4375
08:08:40,912810TZ1,TSRYS5752098,D,S,T,2024-04-03,1000000.00,4.620654,98.4375
08:08:40,912810TZ1,TSRYS5752098,D,S,D,2024-04-03,1000000.00,4.620654,98.4375
08:08:43,912810TZ1,TSRYS5752098,D,S,T,2024-04-03,1000000.00,4.621877,98.421875
08:08:44,912810TZ1,TSRYS5752098,D,S,T,2024-04-03,1000000.00,4.620654,98.4375
08:08:44,912810TZ1,TSRYS5752098,D,S,T,2024-04-03,1000000.00,4.620654,98.4375
08:08:44,912810TZ1,TSRYS5752098,D,S,T,2024-04-03,1000000.00,4.620654,98.4375
08:08:44,912810TZ1,TSRYS5752098,D,S,T,2024-04-03,1000000.00,4.620654,98.4375
08:08:44,912810TZ1,TSRYS5752098,D,S,T,2024-04-03,1000000.00,4.620654,98.4375
08:08:44,912810TZ1,TSRYS5752098,D,S,T,2024-04-03,1000000.00,4.620654,98.4375
08:08:44,912810TZ1,TSRYS5752098,D,S,T,2024-04-03,1000000.00,4.620654,98.4375
08:08:45,912810TZ1,TSRYS5752098,D,S,D,2024-04-03,1000000.00,4.620654,98.4375
08:08:45,912810TZ1,TSRYS5752098,D,S,D,2024-04-03,1000000.00,4.620654,98.4375
08:09:00,912810TZ1,TSRYS5752098,D,B,C,2024-04-03,1000000.00,4.621877,98.421875
08:09:00,912810TZ1,TSRYS5752098,D,S,D,2024-04-03,1000000.00,4.621877,98.421875
08:09:15,912810TZ1,TSRYS5752098,D,S,D,2024-04-03,1000000.00,4.620644,98.43763
08:09:15,912810TZ1,TSRYS5752098,D,S,D,2024-04-03,1000000.00,4.620644,98.43763
08:09:30,912810TZ1,TSRYS5752098,D,S,T,2024-04-03,1000000.00,4.62922,98.328125
08:09:30,912810TZ1,TSRYS5752098,D,S,D,2024-04-03,1000000.00,4.620644,98.43763
08:09:30,912810TZ1,TSRYS5752098,D,S,D,2024-04-03,1000000.00,4.620644,98.43763
08:09:30,912810TZ1,TSRYS5752098,D,S,D,2024-04-03,1000000.00,4.620644,98.43763
08:09:37,912810TZ1,TSRYS5752098,D,S,D,2024-04-03,155000.00,4.620959,98.43359375
08:09:44,912810TZ1,TSRYS5752098,D,B,C,2024-04-03,1000000.00,4.620662,98.4374
08:09:44,912810TZ1,TSRYS5752098,D,S,D,2024-04-03,1000000.00,4.620644,98.43763
08:09:44,912810TZ1,TSRYS5752098,D,S,D,2024-04-03,1000000.00,4.620644,98.43763
08:09:44,912810TZ1,TSRYS5752098,D,S,D,2024-04-03,1000000.00,4.620644,98.43763
08:09:44,912810TZ1,TSRYS5752098,D,B,C,2024-04-03,1000000.00,4.620662,98.4374
08:09:44,912810TZ1,TSRYS5752098,D,S,D,2024-04-03,1000000.00,4.620644,98.43763
08:09:44,912810TZ1,TSRYS5752098,D,S,D,2024-04-03,1000000.00,4.620644,98.43763
08:09:44,912810TZ1,TSRYS5752098,D,B,C,2024-04-03,1000000.00,4.620669,98.4373
08:10:10,912810TZ1,TSRYS5752098,D,B,C,2024-04-03,1000000.00,4.620348,98.44140625
08:10:18,912810TZ1,TSRYS5752098,D,S,D,2024-04-03,155000.00,4.621161,98.431013105
08:10:45,912810TZ1,TSRYS5752098,D,B,C,2024-04-03,59000.00,4.620348,98.44140625
08:11:14,912810TZ1,TSRYS5752098,D,S,T,2024-04-03,4600000.00,4.596247,98.75
08:12:56,912810TZ1,TSRYS5752098,D,S,C,2024-04-03,49500000.00,4.596247,98.75
08:14:02,912810TZ1,TSRYS5752098,D,S,C,2024-04-03,4600000.00,4.596247,98.75
08:14:11,912810TZ1,TSRYS5752098,D,S,D,2024-04-03,340000.00,4.618208,98.46875
08:14:17,912810TZ1,TSRYS5752098,D,S,D,2024-04-03,1000000.00,4.621877,98.421875
08:14:17,912810TZ1,TSRYS5752098,D,B,C,2024-04-03,1000000.00,4.621877,98.421875
08:14:48,912810TZ1,TSRYS5752098,D,S,C,2024-04-03,100000.00,4.620654,98.4375
08:14:48,912810TZ1,TSRYS5752098,D,S,D,2024-04-03,100000.00,4.620654,98.4375
08:15:01,912810TZ1,TSRYS5752098,D,S,D,2024-04-03,1000000.00,4.624324,98.390625
08:15:02,912810TZ1,TSRYS5752098,D,S,D,2024-04-03,1000000.00,4.624324,98.390625
08:15:02,912810TZ1,TSRYS5752098,D,S,T,2024-04-03,1000000.00,4.624324,98.390625
08:15:02,912810TZ1,TSRYS5752098,D,S,D,2024-04-03,1000000.00,4.624324,98.390625
08:15:02,912810TZ1,TSRYS5752098,D,B,C,2024-04-03,1000000.00,4.626771,98.359375
08:15:03,912810TZ1,TSRYS5752098,D,S,D,2024-04-03,1000000.00,4.626771,98.359375
08:15:07,912810TZ1,TSRYS5752098,D,S,T,2024-04-03,1000000.00,4.624324,98.390625
08:15:07,912810TZ1,TSRYS5752098,D,S,T,2024-04-03,1000000.00,4.624324,98.390625
08:15:13,912810TZ1,TSRYS5752098,D,B,C,2024-04-03,1000000.00,4.628608,98.3359375
08:15:13,912810TZ1,TSRYS5752098,D,S,D,2024-04-03,1000000.00,4.628608,98.3359375
08:15:14,912810TZ1,TSRYS5752098,D,S,D,2024-04-03,1000000.00,4.628608,98.3359375
08:15:23,912810TZ1,TSRYS5752098,D,S,T,2024-04-03,1000000.00,4.63167,98.296875
08:15:41,912810TZ1,TSRYS5752098,D,S,C,2024-04-03,30000.00,4.627114,98.37166666667
08:15:45,912810TZ1,TSRYS5752098,D,S,D,2024-04-03,30000.00,4.627114,98.355
08:16:02,912810TZ1,TSRYS5752098,D,S,D,2024-04-03,1000000.00,4.624324,98.390625
08:16:02,912810TZ1,TSRYS5752098,D,S,C,2024-04-03,1000000.00,4.624324,98.390625
08:16:04,912810TZ1,TSRYS5752098,D,S,D,2024-04-03,1000.00,4.628916,98.332
08:16:11,912810TZ1,TSRYS5752098,D,S,C,2024-04-03,1000.00,4.628916,98.332
08:16:28,912810TZ1,TSRYS5752098,D,S,C,2024-04-03,1000000.00,4.632895,98.28125
08:16:29,912810TZ1,TSRYS5752098,D,B,C,2024-04-03,1000000.00,4.633202,98.27734375
08:16:29,912810TZ1,TSRYS5752098,D,S,D,2024-04-03,1000000.00,4.633202,98.27734375
08:16:30,912810TZ1,TSRYS5752098,D,S,T,2024-04-03,1000000.00,4.632895,98.28125
08:16:36,912810TZ1,TSRYS5752098,D,S,D,2024-04-03,1000000.00,4.624324,98.390625
08:16:36,912810TZ1,TSRYS5752098,D,S,D,2024-04-03,1000000.00,4.63167,98.296875
08:16:49,912810TZ1,TSRYS5752098,D,S,T,2024-04-03,1000000.00,4.63167,98.296875
08:16:49,912810TZ1,TSRYS5752098,D,S,D,2024-04-03,1000000.00,4.63167,98.296875
08:16:50,912810TZ1,TSRYS5752098,D,B,C,2024-04-03,1000000.00,4.63167,98.296875
08:16:50,912810TZ1,TSRYS5752098,D,S,D,2024-04-03,1000000.00,4.63167,98.296875
08:17:05,912810TZ1,TSRYS5752098,D,S,C,2024-04-03,1000000.00,4.634121,98.265625
08:17:05,912810TZ1,TSRYS5752098,D,B,C,2024-04-03,1000000.00,4.634145,98.265325
08:17:07,912810TZ1,TSRYS5752098,D,S,C,2024-04-03,10000000.00,4.624711,98.38568
08:17:38,912810TZ1,TSRYS5752098,D,S,D,2024-04-03,1000000.00,4.63596,98.2421875
08:17:52,912810TZ1,TSRYS5752098,D,B,C,2024-04-03,1000000.00,4.633508,98.2734375
08:17:52,912810TZ1,TSRYS5752098,D,S,D,2024-04-03,1000000.00,4.633508,98.2734375
08:18:02,912810TZ1,TSRYS5752098,D,S,T,2024-04-03,1000000.00,4.63596,98.2421875
08:18:02,912810TZ1,TSRYS5752098,D,S,C,2024-04-03,1000000.00,4.63596,98.2421875
08:18:02,912810TZ1,TSRYS5752098,D,S,D,2024-04-03,1000000.00,4.63596,98.2421875
08:18:08,912810TZ1,TSRYS5752098,D,S,C,2024-04-03,5000.00,4.627396,98.351407
08:19:05,912810TZ1,TSRYS5752098,D,S,D,2024-04-03,1000000.00,4.630598,98.310546875
08:19:05,912810TZ1,TSRYS5752098,D,S,D,2024-04-03,1000000.00,4.630445,98.3125
08:19:06,912810TZ1,TSRYS5752098,D,S,T,2024-04-03,1000000.00,4.630445,98.3125
08:19:06,912810TZ1,TSRYS5752098,D,S,D,2024-04-03,1000000.00,4.630445,98.3125
08:19:10,912810TZ1,TSRYS5752098,D,S,D,2024-04-03,1000000.00,4.630445,98.3125
08:19:13,912810TZ1,TSRYS5752098,D,B,C,2024-04-03,275000.00,4.631364,98.30078125
08:19:13,912810TZ1,TSRYS5752098,D,S,D,2024-04-03,1000000.00,4.631976,98.29296875
08:19:13,912810TZ1,TSRYS5752098,D,B,C,2024-04-03,1000000.00,4.631988,98.29281875
08:19:13,912810TZ1,TSRYS5752098,D,S,D,2024-04-03,1000000.00,4.630445,98.3125
08:19:20,912810TZ1,TSRYS5752098,D,S,D,2024-04-03,1000000.00,4.635807,98.24414062
08:19:40,912810TZ1,TSRYS5752098,D,S,D,2024-04-03,10000000.00,4.63596,98.2421875
08:19:49,912810TZ1,TSRYS5752098,D,S,D,2024-04-03,1000000.00,4.630429,98.3127
