tradeTime,cusip,issueSymbolIdentifier,priceType,reportingSideCode,contraPartyTypeCode,tradeDate,reportedTradeVolume,lastSaleYield,lastSalePrice
08:00:03,912810UD8,TSRYS5870973,D,S,T,2024-09-03,1000000.00,4.307321,97.57421875
08:00:03,912810UD8,TSRYS5870973,D,S,T,2024-09-03,1000000.00,4.307471,97.572265625
08:00:03,912810UD8,TSRYS5870973,D,S,T,2024-09-03,1000000.00,4.307321,97.57421875
08:00:03,912810UD8,TSRYS5870973,D,S,T,2024-09-03,1000000.00,4.307321,97.57421875
08:00:03,912810UD8,TSRYS5870973,D,S,D,2024-09-03,1000000.00,4.291818,97.77734375
08:00:03,912810UD8,TSRYS5870973,D,S,D,2024-09-03,1000000.00,4.291818,97.77734375
08:00:03,912810UD8,TSRYS5870973,D,S,D,2024-09-03,1000000.00,4.291818,97.77734375
08:00:03,912810UD8,TSRYS5870973,D,S,D,2024-09-03,1000000.00,4.291818,97.77734375
08:00:03,912810UD8,TSRYS5870973,D,S,D,2024-09-03,1000000.00,4.291818,97.77734375
08:00:03,912810UD8,TSRYS5870973,D,S,D,2024-09-03,1000000.00,4.285866,97.85546875
08:00:03,912810UD8,TSRYS5870973,D,S,D,2024-09-03,1000000.00,4.288246,97.82421875
08:00:03,912810UD8,TSRYS5870973,D,S,D,2024-09-03,1000000.00,4.288246,97.82421875
08:00:03,912810UD8,TSRYS5870973,D,S,D,2024-09-03,1000000.00,4.287949,97.828125
08:00:03,912810UD8,TSRYS5870973,D,S,D,2024-09-03,1000000.00,4.287949,97.828125
08:00:03,912810UD8,TSRYS5870973,D,S,D,2024-09-03,1000000.00,4.287949,97.828125
08:00:03,912810UD8,TSRYS5870973,D,S,D,2024-09-03,1000000.00,4.287949,97.828125
08:00:03,912810UD8,TSRYS5870973,D,S,D,2024-09-03,1000000.00,4.287949,97.828125
08:00:03,912810UD8,TSRYS5870973,D,S,D,2024-09-03,1000000.00,4.287949,97.828125
08:00:03,912810UD8,TSRYS5870973,D,S,D,2024-09-03,1000000.00,4.287949,97.828125
08:00:03,912810UD8,TSRYS5870973,D,S,D,2024-09-03,1000000.00,4.287949,97.828125
08:00:03,912810UD8,TSRYS5870973,D,S,T,2024-09-03,1000000.00,4.286461,97.84765625
08:00:03,912810UD8,TSRYS5870973,D,S,T,2024-09-03,1000000.00,4.289883,97.802734375
08:00:05,912810UD8,TSRYS5870973,D,S,A,2024-09-03,100000.00,4.29149,97.78665
08:00:06,912810UD8,TSRYS5870973,D,S,A,2024-09-03,196000.00,4.29149,97.78420102041
08:00:11,912810UD8,TSRYS5870973,D,S,A,2024-09-03,890000.00,4.298372,97.69140625
08:00:11,912810UD8,TSRYS5870973,D,S,A,2024-09-03,50MM+,4.294788,97.73828125
08:00:12,912810UD8,TSRYS5870973,D,S,T,2024-09-03,1000000.00,4.29867,97.6875
08:00:13,912810UD8,TSRYS5870973,D,S,T,2024-09-03,1000000.00,4.284379,97.875
08:00:13,912810UD8,TSRYS5870973,D,S,T,2024-09-03,1000000.00,4.280812,97.921875
08:00:23,912810UD8,TSRYS5870973,D,S,D,2024-09-03,1000000.00,4.29152,97.78125
08:00:23,912810UD8,TSRYS5870973,D,S,D,2024-09-03,1000000.00,4.29152,97.78125
08:00:23,912810UD8,TSRYS5870973,D,S,D,2024-09-03,1000000.00,4.29152,97.78125
08:00:24,912810UD8,TSRYS5870973,D,S,C,2024-09-03,30000000.00,4.295094,97.734375
08:00:24,912810UD8,TSRYS5870973,D,S,D,2024-09-03,1000000.00,4.292711,97.765625
08:00:24,912810UD8,TSRYS5870973,D,S,D,2024-09-03,1000000.00,4.292711,97.765625
08:00:24,912810UD8,TSRYS5870973,D,S,D,2024-09-03,1000000.00,4.292711,97.765625
08:00:24,912810UD8,TSRYS5870973,D,S,D,2024-09-03,1000000.00,4.292711,97.765625
08:00:24,912810UD8,TSRYS5870973,D,S,D,2024-09-03,1000000.00,4.291818,97.77734375
08:00:26,912810UD8,TSRYS5870973,D,S,D,2024-09-03,1000000.00,4.29152,97.78125
08:00:26,912810UD8,TSRYS5870973,D,S,D,2024-09-03,1000000.00,4.292116,97.7734375
08:00:26,912810UD8,TSRYS5870973,D,S,D,2024-09-03,1000000.00,4.292414,97.76953125
08:00:26,912810UD8,TSRYS5870973,D,S,D,2024-09-03,1000000.00,4.292414,97.76953125
08:00:26,912810UD8,TSRYS5870973,D,S,D,2024-09-03,1000000.00,4.292116,97.7734375
08:00:26,912810UD8,TSRYS5870973,D,S,D,2024-09-03,1000000.00,4.291818,97.77734375
08:00:26,912810UD8,TSRYS5870973,D,S,D,2024-09-03,1000000.00,4.29152,97.78125
08:00:26,912810UD8,TSRYS5870973,D,S,D,2024-09-03,1000000.00,4.291818,97.77734375
08:00:26,912810UD8,TSRYS5870973,D,S,A,2024-09-03,1384000.00,4.294796,97.738281
08:00:26,912810UD8,TSRYS5870973,D,S,T,2024-09-03,1000000.00,4.29867,97.6875
08:00:26,912810UD8,TSRYS5870973,D,S,T,2024-09-03,1000000.00,4.29867,97.6875
08:00:26,912810UD8,TSRYS5870973,D,S,T,2024-09-03,1000000.00,4.293903,97.75
08:00:26,912810UD8,TSRYS5870973,D,S,T,2024-09-03,1000000.00,4.293903,97.75
08:00:26,912810UD8,TSRYS5870973,D,S,T,2024-09-03,1000000.00,4.296286,97.71875
08:00:27,912810UD8,TSRYS5870973,D,B,C,2024-09-03,1000000.00,4.29152,97.78125
08:00:27,912810UD8,TSRYS5870973,D,B,C,2024-09-03,1000000.00,4.29152,97.78125
08:00:27,912810UD8,TSRYS5870973,D,B,C,2024-09-03,1000000.00,4.29152,97.78125
08:00:27,912810UD8,TSRYS5870973,D,S,D,2024-09-03,1000000.00,4.295094,97.734375
08:00:27,912810UD8,TSRYS5870973,D,S,C,2024-09-03,1000000.00,4.296286,97.71875
08:00:27,912810UD8,TSRYS5870973,D,S,T,2024-09-03,1000000.00,4.284379,97.875
08:00:27,912810UD8,TSRYS5870973,D,S,A,2024-09-03,8000.00,4.29152,97.78125
08:00:27,912810UD8,TSRYS5870973,D,S,A,2024-09-03,3000000.00,4.29152,97.78125
08:00:30,912810UD8,TSRYS5870973,D,S,T,2024-09-03,1000000.00,4.312997,97.5
08:00:30,912810UD8,TSRYS5870973,D,S,T,2024-09-03,1000000.00,4.307023,97.578125
08:00:30,912810UD8,TSRYS5870973,D,S,D,2024-09-03,1000000.00,4.297478,97.703125
08:00:30,912810UD8,TSRYS5870973,D,S,D,2024-09-03,1000000.00,4.297478,97.703125
08:00:30,912810UD8,TSRYS5870973,D,S,T,2024-09-03,4000000.00,4.296286,97.71875
08:00:30,912810UD8,TSRYS5870973,D,S,T,2024-09-03,1000000.00,4.296286,97.71875
08:00:30,912810UD8,TSRYS5870973,D,S,T,2024-09-03,2000000.00,4.296286,97.71875
08:00:30,912810UD8,TSRYS5870973,D,S,T,2024-09-03,1000000.00,4.296286,97.71875
08:00:30,912810UD8,TSRYS5870973,D,S,T,2024-09-03,1000000.00,4.29867,97.6875
08:00:30,912810UD8,TSRYS5870973,D,S,T,2024-09-03,1000000.00,4.29867,97.6875
08:00:30,912810UD8,TSRYS5870973,D,S,T,2024-09-03,1000000.00,4.29867,97.6875
08:00:30,912810UD8,TSRYS5870973,D,S,T,2024-09-03,1000000.00,4.29867,97.6875
08:00:30,912810UD8,TSRYS5870973,D,S,T,2024-09-03,1000000.00,4.29867,97.6875
08:00:30,912810UD8,TSRYS5870973,D,S,T,2024-09-03,1000000.00,4.29867,97.6875
08:00:30,912810UD8,TSRYS5870973,D,S,T,2024-09-03,1000000.00,4.293903,97.75
08:00:30,912810UD8,TSRYS5870973,D,S,T,2024-09-03,1000000.00,4.292711,97.765625
08:00:30,912810UD8,TSRYS5870973,D,S,D,2024-09-03,1000000.00,4.292711,97.765625
08:00:30,912810UD8,TSRYS5870973,D,S,T,2024-09-03,1000000.00,4.295094,97.734375
08:00:30,912810UD8,TSRYS5870973,D,S,T,2024-09-03,1000000.00,4.295094,97.734375
08:00:30,912810UD8,TSRYS5870973,D,S,D,2024-09-03,1000000.00,4.295094,97.734375
08:00:30,912810UD8,TSRYS5870973,D,S,T,2024-09-03,1000000.00,4.295094,97.734375
08:00:30,912810UD8,TSRYS5870973,D,S,T,2024-09-03,1000000.00,4.295094,97.734375
08:00:30,912810UD8,TSRYS5870973,D,S,T,2024-09-03,1000000.00,4.295094,97.734375
08:00:30,912810UD8,TSRYS5870973,D,S,T,2024-09-03,1000000.00,4.295094,97.734375
08:00:30,912810UD8,TSRYS5870973,D,S,D,2024-09-03,1000000.00,4.295094,97.734375
08:00:30,912810UD8,TSRYS5870973,D,S,T,2024-09-03,1000000.00,4.295094,97.734375
08:00:30,912810UD8,TSRYS5870973,D,S,T,2024-09-03,1000000.00,4.295094,97.734375
08:00:30,912810UD8,TSRYS5870973,D,S,D,2024-09-03,1000000.00,4.295094,97.734375
08:00:30,912810UD8,TSRYS5870973,D,S,T,2024-09-03,1000000.00,4.296286,97.71875
08:00:30,912810UD8,TSRYS5870973,D,S,T,2024-09-03,1000000.00,4.29569,97.7265625
08:00:30,912810UD8,TSRYS5870973,D,S,T,2024-09-03,1000000.00,4.295094,97.734375
08:00:30,912810UD8,TSRYS5870973,D,S,T,2024-09-03,1000000.00,4.29569,97.7265625
08:00:30,912810UD8,TSRYS5870973,D,S,T,2024-09-03,1000000.00,4.29569,97.7265625
08:00:30,912810UD8,TSRYS5870973,D,S,T,2024-09-03,1000000.00,4.29569,97.7265625
08:00:30,912810UD8,TSRYS5870973,D,S,D,2024-09-03,1000000.00,4.293903,97.75
08:00:30,912810UD8,TSRYS5870973,D,S,D,2024-09-03,1000000.00,4.293903,97.75
08:00:30,912810UD8,TSRYS5870973,D,S,T,2024-09-03,1000000.00,4.293903,97.75
08:00:30,912810UD8,TSRYS5870973,D,S,T,2024-09-03,1000000.00,4.293903,97.75
08:00:30,912810UD8,TSRYS5870973,D,S,D,2024-09-03,1000000.00,4.29569,97.7265625
08:00:30,912810UD8,TSRYS5870973,D,S,T,2024-09-03,1000000.00,4.29569,97.7265625
08:00:30,912810UD8,TSRYS5870973,D,S,T,2024-09-03,1000000.00,4.29152,97.78125
08:00:30,912810UD8,TSRYS5870973,D,S,T,2024-09-03,1000000.00,4.293903,97.75
08:00:30,912810UD8,TSRYS5870973,D,S,T,2024-09-03,1000000.00,4.295094,97.734375
08:00:30,912810UD8,TSRYS5870973,D,S,T,2024-09-03,1000000.00,4.295094,97.734375
08:00:30,912810UD8,TSRYS5870973,D,S,T,2024-09-03,1000000.00,4.294498,97.7421875
08:00:30,912810UD8,TSRYS5870973,D,S,T,2024-09-03,1000000.00,4.293009,97.76171875
08:00:30,912810UD8,TSRYS5870973,D,S,T,2024-09-03,1000000.00,4.29286,97.763671875
08:00:30,912810UD8,TSRYS5870973,D,S,T,2024-09-03,1000000.00,4.292711,97.765625
08:00:30,912810UD8,TSRYS5870973,D,S,T,2024-09-03,1000000.00,4.292711,97.765625
08:00:30,912810UD8,TSRYS5870973,D,S,T,2024-09-03,1000000.00,4.292711,97.765625
08:00:30,912810UD8,TSRYS5870973,D,S,T,2024-09-03,4000000.00,4.292711,97.765625
08:00:30,912810UD8,TSRYS5870973,D,S,T,2024-09-03,1000000.00,4.292711,97.765625
08:00:30,912810UD8,TSRYS5870973,D,S,T,2024-09-03,1000000.00,4.292711,97.765625
08:00:30,912810UD8,TSRYS5870973,D,S,T,2024-09-03,1000000.00,4.292711,97.765625
08:00:30,912810UD8,TSRYS5870973,D,S,T,2024-09-03,1000000.00,4.292711,97.765625
08:00:30,912810UD8,TSRYS5870973,D,S,T,2024-09-03,1000000.00,4.292711,97.765625
08:00:30,912810UD8,TSRYS5870973,D,S,T,2024-09-03,1000000.00,4.292711,97.765625
08:00:30,912810UD8,TSRYS5870973,D,S,T,2024-09-03,1000000.00,4.292711,97.765625
08:00:30,912810UD8,TSRYS5870973,D,S,T,2024-09-03,1000000.00,4.29152,97.78125
08:00:30,912810UD8,TSRYS5870973,D,S,T,2024-09-03,1000000.00,4.29152,97.78125
08:00:30,912810UD8,TSRYS5870973,D,S,T,2024-09-03,1000000.00,4.29152,97.78125
08:00:30,912810UD8,TSRYS5870973,D,S,T,2024-09-03,1000000.00,4.29152,97.78125
08:00:30,912810UD8,TSRYS5870973,D,S,T,2024-09-03,1000000.00,4.29286,97.763671875
08:00:30,912810UD8,TSRYS5870973,D,S,T,2024-09-03,1000000.00,4.292711,97.765625
08:00:30,912810UD8,TSRYS5870973,D,S,T,2024-09-03,1000000.00,4.292562,97.767578125
08:00:30,912810UD8,TSRYS5870973,D,S,T,2024-09-03,1000000.00,4.29152,97.78125
08:00:30,912810UD8,TSRYS5870973,D,S,T,2024-09-03,2000000.00,4.295094,97.734375
08:00:30,912810UD8,TSRYS5870973,D,S,T,2024-09-03,1000000.00,4.295094,97.734375
08:00:30,912810UD8,TSRYS5870973,D,S,T,2024-09-03,1000000.00,4.295094,97.734375
08:00:30,912810UD8,TSRYS5870973,D,S,T,2024-09-03,1000000.00,4.292711,97.765625
08:00:30,912810UD8,TSRYS5870973,D,S,T,2024-09-03,1000000.00,4.292711,97.765625
08:00:30,912810UD8,TSRYS5870973,D,S,T,2024-09-03,1000000.00,4.292711,97.765625
08:00:30,912810UD8,TSRYS5870973,D,S,T,2024-09-03,1000000.00,4.292711,97.765625
08:00:30,912810UD8,TSRYS5870973,D,S,T,2024-09-03,1000000.00,4.292711,97.765625
08:00:30,912810UD8,TSRYS5870973,D,S,T,2024-09-03,1000000.00,4.292711,97.765625
08:00:30,912810UD8,TSRYS5870973,D,S,T,2024-09-03,2000000.00,4.292711,97.765625
08:00:30,912810UD8,TSRYS5870973,D,S,T,2024-09-03,1000000.00,4.292711,97.765625
08:00:30,912810UD8,TSRYS5870973,D,S,T,2024-09-03,2000000.00,4.292711,97.765625
08:00:30,912810UD8,TSRYS5870973,D,S,T,2024-09-03,1000000.00,4.294349,97.744140625
08:00:30,912810UD8,TSRYS5870973,D,S,T,2024-09-03,1000000.00,4.294201,97.74609375
08:00:30,912810UD8,TSRYS5870973,D,S,T,2024-09-03,1000000.00,4.294052,97.748046875
08:00:30,912810UD8,TSRYS5870973,D,S,T,2024-09-03,1000000.00,4.293903,97.75
08:00:30,912810UD8,TSRYS5870973,D,S,T,2024-09-03,1000000.00,4.295094,97.734375
08:00:30,912810UD8,TSRYS5870973,D,S,T,2024-09-03,1000000.00,4.295094,97.734375
08:00:30,912810UD8,TSRYS5870973,D,S,D,2024-09-03,1000000.00,4.29152,97.78125
08:00:30,912810UD8,TSRYS5870973,D,S,T,2024-09-03,1000000.00,4.285569,97.859375
08:00:30,912810UD8,TSRYS5870973,D,S,T,2024-09-03,1000000.00,4.285569,97.859375
08:00:30,912810UD8,TSRYS5870973,D,S,T,2024-09-03,1000000.00,4.282001,97.90625
08:00:30,912810UD8,TSRYS5870973,D,S,T,2024-09-03,1000000.00,4.286759,97.84375
08:00:30,912810UD8,TSRYS5870973,D,S,D,2024-09-03,2000000.00,4.287949,97.828125
08:00:30,912810UD8,TSRYS5870973,D,S,D,2024-09-03,1000000.00,4.287949,97.828125
08:00:30,912810UD8,TSRYS5870973,D,S,D,2024-09-03,1000000.00,4.287949,97.828125
08:00:30,912810UD8,TSRYS5870973,D,S,D,2024-09-03,1000000.00,4.287949,97.828125
08:00:30,912810UD8,TSRYS5870973,D,S,T,2024-09-03,1000000.00,4.287949,97.828125
08:00:30,912810UD8,TSRYS5870973,D,S,T,2024-09-03,1000000.00,4.287949,97.828125
08:00:30,912810UD8,TSRYS5870973,D,S,D,2024-09-03,1000000.00,4.285569,97.859375
08:00:30,912810UD8,TSRYS5870973,D,S,T,2024-09-03,1000000.00,4.285569,97.859375
08:00:30,912810UD8,TSRYS5870973,D,S,T,2024-09-03,1000000.00,4.285569,97.859375
08:00:30,912810UD8,TSRYS5870973,D,S,D,2024-09-03,1000000.00,4.285569,97.859375
08:00:30,912810UD8,TSRYS5870973,D,S,D,2024-09-03,1000000.00,4.285569,97.859375
08:00:30,912810UD8,TSRYS5870973,D,S,D,2024-09-03,1000000.00,4.285569,97.859375
08:00:30,912810UD8,TSRYS5870973,D,S,D,2024-09-03,1000000.00,4.285569,97.859375
08:00:30,912810UD8,TSRYS5870973,D,S,D,2024-09-03,1000000.00,4.285569,97.859375
08:00:30,912810UD8,TSRYS5870973,D,S,T,2024-09-03,1000000.00,4.280812,97.921875
08:00:31,912810UD8,TSRYS5870973,D,S,T,2024-09-03,1000000.00,4.277247,97.96875
08:00:31,912810UD8,TSRYS5870973,D,S,T,2024-09-03,1000000.00,4.279624,97.9375
08:00:31,912810UD8,TSRYS5870973,D,S,T,2024-09-03,1000000.00,4.279624,97.9375
08:00:31,912810UD8,TSRYS5870973,D,S,T,2024-09-03,1000000.00,4.282001,97.90625
08:00:31,912810UD8,TSRYS5870973,D,S,T,2024-09-03,1000000.00,4.285569,97.859375
08:00:31,912810UD8,TSRYS5870973,D,S,T,2024-09-03,1000000.00,4.28319,97.890625
08:00:31,912810UD8,TSRYS5870973,D,S,T,2024-09-03,1000000.00,4.28319,97.890625
08:00:31,912810UD8,TSRYS5870973,D,S,T,2024-09-03,1000000.00,4.286759,97.84375
08:00:31,912810UD8,TSRYS5870973,D,S,T,2024-09-03,1000000.00,4.28899,97.814453125
08:00:31,912810UD8,TSRYS5870973,D,S,T,2024-09-03,1000000.00,4.287205,97.837890625
08:00:31,912810UD8,TSRYS5870973,D,S,T,2024-09-03,1000000.00,4.289139,97.8125
08:00:31,912810UD8,TSRYS5870973,D,S,T,2024-09-03,1000000.00,4.289139,97.8125
08:00:31,912810UD8,TSRYS5870973,D,S,T,2024-09-03,2000000.00,4.28661,97.845703125
08:00:31,912810UD8,TSRYS5870973,D,S,T,2024-09-03,1000000.00,4.286164,97.8515625
08:00:31,912810UD8,TSRYS5870973,D,S,T,2024-09-03,1000000.00,4.283933,97.880859375
08:00:31,912810UD8,TSRYS5870973,D,S,T,2024-09-03,1000000.00,4.282744,97.896484375
08:00:31,912810UD8,TSRYS5870973,D,S,T,2024-09-03,1000000.00,4.284379,97.875
08:00:31,912810UD8,TSRYS5870973,D,S,T,2024-09-03,1000000.00,4.285569,97.859375
08:00:31,912810UD8,TSRYS5870973,D,S,T,2024-09-03,1000000.00,4.282001,97.90625
08:00:31,912810UD8,TSRYS5870973,D,S,T,2024-09-03,1000000.00,4.284379,97.875
08:00:31,912810UD8,TSRYS5870973,D,S,T,2024-09-03,1000000.00,4.284379,97.875
08:00:31,912810UD8,TSRYS5870973,D,S,T,2024-09-03,1000000.00,4.284379,97.875
08:00:31,912810UD8,TSRYS5870973,D,S,T,2024-09-03,1000000.00,4.284379,97.875
08:00:31,912810UD8,TSRYS5870973,D,S,T,2024-09-03,1000000.00,4.284379,97.875
08:00:31,912810UD8,TSRYS5870973,D,S,T,2024-09-03,1000000.00,4.284379,97.875
08:00:31,912810UD8,TSRYS5870973,D,S,T,2024-09-03,1000000.00,4.284379,97.875
08:00:31,912810UD8,TSRYS5870973,D,S,T,2024-09-03,1000000.00,4.284379,97.875
08:00:31,912810UD8,TSRYS5870973,D,S,T,2024-09-03,1000000.00,4.284379,97.875
08:00:31,912810UD8,TSRYS5870973,D,S,T,2024-09-03,1000000.00,4.284379,97.875
08:00:31,912810UD8,TSRYS5870973,D,S,T,2024-09-03,1000000.00,4.284379,97.875
08:00:31,912810UD8,TSRYS5870973,D,S,T,2024-09-03,1000000.00,4.284379,97.875
08:00:31,912810UD8,TSRYS5870973,D,S,T,2024-09-03,1000000.00,4.284379,97.875
08:00:31,912810UD8,TSRYS5870973,D,S,T,2024-09-03,1000000.00,4.287949,97.828125
08:00:31,912810UD8,TSRYS5870973,D,S,T,2024-09-03,1000000.00,4.287949,97.828125
08:00:31,912810UD8,TSRYS5870973,D,S,T,2024-09-03,1000000.00,4.289139,97.8125
08:00:31,912810UD8,TSRYS5870973,D,S,T,2024-09-03,1000000.00,4.289437,97.80859375
08:00:31,912810UD8,TSRYS5870973,D,S,T,2024-09-03,1000000.00,4.289437,97.80859375
08:00:31,912810UD8,TSRYS5870973,D,S,T,2024-09-03,1000000.00,4.289288,97.810546875
08:00:31,912810UD8,TSRYS5870973,D,S,T,2024-09-03,1000000.00,4.289288,97.810546875
08:00:31,912810UD8,TSRYS5870973,D,S,T,2024-09-03,1000000.00,4.289585,97.806640625
08:00:31,912810UD8,TSRYS5870973,D,S,T,2024-09-03,1000000.00,4.289437,97.80859375
08:00:31,912810UD8,TSRYS5870973,D,S,T,2024-09-03,1000000.00,4.289437,97.80859375
08:00:31,912810UD8,TSRYS5870973,D,S,T,2024-09-03,1000000.00,4.289139,97.8125
08:00:31,912810UD8,TSRYS5870973,D,S,T,2024-09-03,2000000.00,4.289139,97.8125
08:00:31,912810UD8,TSRYS5870973,D,S,T,2024-09-03,2000000.00,4.289139,97.8125
08:00:31,912810UD8,TSRYS5870973,D,S,T,2024-09-03,1000000.00,4.289139,97.8125
08:00:31,912810UD8,TSRYS5870973,D,S,T,2024-09-03,1000000.00,4.289139,97.8125
08:00:31,912810UD8,TSRYS5870973,D,S,T,2024-09-03,1000000.00,4.290032,97.80078125
08:00:31,912810UD8,TSRYS5870973,D,S,T,2024-09-03,1000000.00,4.289139,97.8125
08:00:31,912810UD8,TSRYS5870973,D,S,T,2024-09-03,1000000.00,4.293903,97.75
08:00:31,912810UD8,TSRYS5870973,D,S,T,2024-09-03,4000000.00,4.292711,97.765625
08:00:31,912810UD8,TSRYS5870973,D,S,T,2024-09-03,1000000.00,4.292711,97.765625
08:00:31,912810UD8,TSRYS5870973,D,S,T,2024-09-03,1000000.00,4.292711,97.765625
08:00:31,912810UD8,TSRYS5870973,D,S,T,2024-09-03,1000000.00,4.292711,97.765625
08:00:31,912810UD8,TSRYS5870973,D,S,T,2024-09-03,1000000.00,4.292711,97.765625
08:00:31,912810UD8,TSRYS5870973,D,S,T,2024-09-03,1000000.00,4.292711,97.765625
08:00:31,912810UD8,TSRYS5870973,D,S,D,2024-09-03,1000000.00,4.292711,97.765625
08:00:31,912810UD8,TSRYS5870973,D,S,D,2024-09-03,1000000.00,4.292711,97.765625
08:00:31,912810UD8,TSRYS5870973,D,S,D,2024-09-03,1000000.00,4.295094,97.734375
08:00:31,912810UD8,TSRYS5870973,D,S,D,2024-09-03,1000000.00,4.296286,97.71875
08:00:31,912810UD8,TSRYS5870973,D,S,D,2024-09-03,1000000.00,4.291818,97.77734375
08:00:31,912810UD8,TSRYS5870973,D,S,D,2024-09-03,1000000.00,4.291818,97.77734375
08:00:31,912810UD8,TSRYS5870973,D,S,D,2024-09-03,1000000.00,4.292116,97.7734375
08:00:31,912810UD8,TSRYS5870973,D,S,D,2024-09-03,1000000.00,4.292711,97.765625
08:00:31,912810UD8,TSRYS5870973,D,S,D,2024-09-03,1000000.00,4.291818,97.77734375
08:00:31,912810UD8,TSRYS5870973,D,S,D,2024-09-03,1000000.00,4.292414,97.76953125
08:00:31,912810UD8,TSRYS5870973,D,S,D,2024-09-03,1000000.00,4.29152,97.78125
08:00:31,912810UD8,TSRYS5870973,D,S,D,2024-09-03,1000000.00,4.294201,97.74609375
08:00:31,912810UD8,TSRYS5870973,D,S,D,2024-09-03,1000000.00,4.293903,97.75
08:00:31,912810UD8,TSRYS5870973,D,S,D,2024-09-03,1000000.00,4.285569,97.859375
08:00:31,912810UD8,TSRYS5870973,D,S,D,2024-09-03,1000000.00,4.285569,97.859375
08:00:32,912810UD8,TSRYS5870973,D,S,D,2024-09-03,1000000.00,4.284082,97.87890625
08:00:32,912810UD8,TSRYS5870973,D,S,D,2024-09-03,1000000.00,4.290032,97.80078125
08:00:32,912810UD8,TSRYS5870973,D,S,D,2024-09-03,1000000.00,4.282596,97.8984375
08:00:32,912810UD8,TSRYS5870973,D,S,D,2024-09-03,1000000.00,4.289139,97.8125
08:00:32,912810UD8,TSRYS5870973,D,S,D,2024-09-03,1000000.00,4.288841,97.81640625
08:00:32,912810UD8,TSRYS5870973,D,S,D,2024-09-03,1000000.00,4.291967,97.775390625
08:00:32,912810UD8,TSRYS5870973,D,S,D,2024-09-03,1000000.00,4.291818,97.77734375
08:00:32,912810UD8,TSRYS5870973,D,S,D,2024-09-03,1000000.00,4.291818,97.77734375
08:00:32,912810UD8,TSRYS5870973,D,S,D,2024-09-03,1000000.00,4.293009,97.76171875
08:00:32,912810UD8,TSRYS5870973,D,S,D,2024-09-03,1000000.00,4.293009,97.76171875
08:00:32,912810UD8,TSRYS5870973,D,S,D,2024-09-03,5000000.00,4.293307,97.7578125
08:00:32,912810UD8,TSRYS5870973,D,S,T,2024-09-03,1000000.00,4.309561,97.544921875
08:00:32,912810UD8,TSRYS5870973,D,S,T,2024-09-03,1000000.00,4.311951,97.513671875
08:00:32,912810UD8,TSRYS5870973,D,S,T,2024-09-03,2000000.00,4.307321,97.57421875
08:00:32,912810UD8,TSRYS5870973,D,S,T,2024-09-03,1000000.00,4.307321,97.57421875
08:00:32,912810UD8,TSRYS5870973,D,S,T,2024-09-03,1000000.00,4.307321,97.57421875
08:00:32,912810UD8,TSRYS5870973,D,S,T,2024-09-03,1000000.00,4.307321,97.57421875
08:00:32,912810UD8,TSRYS5870973,D,S,T,2024-09-03,1000000.00,4.307321,97.57421875
08:00:32,912810UD8,TSRYS5870973,D,S,T,2024-09-03,1000000.00,4.29569,97.7265625
08:00:32,912810UD8,TSRYS5870973,D,S,T,2024-09-03,1000000.00,4.295243,97.732421875
08:00:32,912810UD8,TSRYS5870973,D,S,T,2024-09-03,1000000.00,4.295094,97.734375
08:00:32,912810UD8,TSRYS5870973,D,S,T,2024-09-03,1000000.00,4.292711,97.765625
08:00:32,912810UD8,TSRYS5870973,D,S,T,2024-09-03,1000000.00,4.291967,97.775390625
08:00:32,912810UD8,TSRYS5870973,D,S,T,2024-09-03,1000000.00,4.291818,97.77734375
08:00:32,912810UD8,TSRYS5870973,D,S,T,2024-09-03,4000000.00,4.293009,97.76171875
08:00:32,912810UD8,TSRYS5870973,D,S,T,2024-09-03,1000000.00,4.29286,97.763671875
08:00:32,912810UD8,TSRYS5870973,D,S,T,2024-09-03,1000000.00,4.292711,97.765625
08:00:32,912810UD8,TSRYS5870973,D,S,T,2024-09-03,1000000.00,4.292562,97.767578125
08:00:32,912810UD8,TSRYS5870973,D,S,T,2024-09-03,1000000.00,4.294349,97.744140625
08:00:32,912810UD8,TSRYS5870973,D,S,T,2024-09-03,1000000.00,4.294201,97.74609375
08:00:32,912810UD8,TSRYS5870973,D,S,T,2024-09-03,1000000.00,4.294052,97.748046875
08:00:32,912810UD8,TSRYS5870973,D,S,T,2024-09-03,1000000.00,4.293903,97.75
08:00:32,912810UD8,TSRYS5870973,D,S,T,2024-09-03,1000000.00,4.288544,97.8203125
08:00:32,912810UD8,TSRYS5870973,D,S,T,2024-09-03,1000000.00,4.286015,97.853515625
08:00:32,912810UD8,TSRYS5870973,D,S,T,2024-09-03,1000000.00,4.286015,97.853515625
08:00:32,912810UD8,TSRYS5870973,D,S,T,2024-09-03,1000000.00,4.285569,97.859375
08:00:32,912810UD8,TSRYS5870973,D,S,T,2024-09-03,1000000.00,4.285569,97.859375
08:00:32,912810UD8,TSRYS5870973,D,S,T,2024-09-03,1000000.00,4.285866,97.85546875
08:00:32,912810UD8,TSRYS5870973,D,S,T,2024-09-03,2000000.00,4.28661,97.845703125
08:00:32,912810UD8,TSRYS5870973,D,S,T,2024-09-03,2000000.00,4.286759,97.84375
08:00:32,912810UD8,TSRYS5870973,D,S,T,2024-09-03,1000000.00,4.286164,97.8515625
08:00:32,912810UD8,TSRYS5870973,D,S,T,2024-09-03,1000000.00,4.286015,97.853515625
08:00:32,912810UD8,TSRYS5870973,D,S,T,2024-09-03,1000000.00,4.289734,97.8046875
08:00:32,912810UD8,TSRYS5870973,D,S,T,2024-09-03,1000000.00,4.288841,97.81640625
08:00:32,912810UD8,TSRYS5870973,D,S,T,2024-09-03,1000000.00,4.290032,97.80078125
08:00:33,912810UD8,TSRYS5870973,D,S,D,2024-09-03,100000.00,4.289139,97.8125
08:00:33,912810UD8,TSRYS5870973,D,S,D,2024-09-03,100000.00,4.289734,97.8046875
08:00:33,912810UD8,TSRYS5870973,D,S,D,2024-09-03,1000000.00,4.282596,97.8984375
08:00:35,912810UD8,TSRYS5870973,D,S,D,2024-09-03,1000000.00,4.284677,97.87109375
08:00:35,912810UD8,TSRYS5870973,D,S,D,2024-09-03,1000000.00,4.284677,97.87109375
08:00:35,912810UD8,TSRYS5870973,D,S,D,2024-09-03,1000000.00,4.285866,97.85546875
08:00:35,912810UD8,TSRYS5870973,D,S,D,2024-09-03,1000000.00,4.284677,97.87109375
08:00:35,912810UD8,TSRYS5870973,D,S,D,2024-09-03,1000000.00,4.284677,97.87109375
08:00:35,912810UD8,TSRYS5870973,D,S,D,2024-09-03,1000000.00,4.282596,97.8984375
08:00:35,912810UD8,TSRYS5870973,D,S,D,2024-09-03,1000000.00,4.284677,97.87109375
08:00:35,912810UD8,TSRYS5870973,D,S,D,2024-09-03,1000000.00,4.284677,97.87109375
08:00:36,912810UD8,TSRYS5870973,D,S,D,2024-09-03,1000000.00,4.284677,97.87109375
08:00:36,912810UD8,TSRYS5870973,D,S,D,2024-09-03,1000000.00,4.287056,97.83984375
08:00:36,912810UD8,TSRYS5870973,D,S,D,2024-09-03,1000000.00,4.287056,97.83984375
08:00:36,912810UD8,TSRYS5870973,D,S,D,2024-09-03,1000000.00,4.287354,97.8359375
08:00:36,912810UD8,TSRYS5870973,D,S,D,2024-09-03,1000000.00,4.282596,97.8984375
08:00:37,912810UD8,TSRYS5870973,D,S,C,2024-09-03,200000.00,4.302837,97.6328125
08:00:37,912810UD8,TSRYS5870973,D,B,A,2024-09-03,1000000.00,4.310962,97.52734375
08:00:37,912810UD8,TSRYS5870973,D,S,C,2024-09-03,450000.00,4.295102,97.734375
08:00:37,912810UD8,TSRYS5870973,D,S,C,2024-09-03,260000.00,4.291826,97.77734375
08:00:37,912810UD8,TSRYS5870973,D,B,A,2024-09-03,2000000.00,4.29033,97.796875
08:00:37,912810UD8,TSRYS5870973,D,B,A,2024-09-03,277000.00,4.280218,97.9296875
08:00:37,912810UD8,TSRYS5870973,D,B,A,2024-09-03,370000.00,4.279624,97.9375
08:00:37,912810UD8,TSRYS5870973,D,S,D,2024-09-03,1000000.00,4.284082,97.87890625
08:00:37,912810UD8,TSRYS5870973,D,S,A,2024-09-03,485000.00,4.278732,97.94921875
08:00:37,912810UD8,TSRYS5870973,D,S,C,2024-09-03,19009000.00,4.277841,97.9609375
08:00:38,912810UD8,TSRYS5870973,D,S,D,2024-09-03,1000000.00,4.285112,97.8653755252
08:00:38,912810UD8,TSRYS5870973,D,S,D,2024-09-03,2000000.00,4.285569,97.859375
08:00:38,912810UD8,TSRYS5870973,D,S,D,2024-09-03,2000000.00,4.285569,97.859375
08:00:38,912810UD8,TSRYS5870973,D,S,D,2024-09-03,1000000.00,4.287681,97.8316373424
08:00:38,912810UD8,TSRYS5870973,D,S,D,2024-09-03,1000000.00,4.287223,97.8376509979
08:00:38,912810UD8,TSRYS5870973,D,S,D,2024-09-03,1000000.00,4.287681,97.8316373424
08:00:38,912810UD8,TSRYS5870973,D,S,D,2024-09-03,1000000.00,4.287681,97.8316373424
08:00:38,912810UD8,TSRYS5870973,D,S,D,2024-09-03,1000000.00,4.287949,97.828125
08:00:38,912810UD8,TSRYS5870973,D,S,D,2024-09-03,1000000.00,4.287723,97.8310858718
08:00:38,912810UD8,TSRYS5870973,D,S,D,2024-09-03,1000000.00,4.290097,97.7999292156
08:00:38,912810UD8,TSRYS5870973,D,S,C,2024-09-03,50MM+,4.289139,97.8125
08:00:38,912810UD8,TSRYS5870973,D,B,C,2024-09-03,1343000.00,4.290925,97.7890625
08:00:38,912810UD8,TSRYS5870973,D,S,D,2024-09-03,1000000.00,4.279029,97.9453125
08:00:39,912810UD8,TSRYS5870973,D,S,T,2024-09-03,1000000.00,4.307023,97.578125
08:00:41,912810UD8,TSRYS5870973,D,B,A,2024-09-03,940000.00,4.284677,97.87109375
08:00:42,912810UD8,TSRYS5870973,D,S,T,2024-09-03,1000000.00,4.292711,97.765625
08:00:42,912810UD8,TSRYS5870973,D,S,T,2024-09-03,1000000.00,4.29152,97.78125
08:00:42,912810UD8,TSRYS5870973,D,S,T,2024-09-03,1000000.00,4.292711,97.765625
08:00:42,912810UD8,TSRYS5870973,D,S,T,2024-09-03,1000000.00,4.29152,97.78125
08:00:42,912810UD8,TSRYS5870973,D,S,T,2024-09-03,3000000.00,4.29152,97.78125
08:00:42,912810UD8,TSRYS5870973,D,S,T,2024-09-03,1000000.00,4.29152,97.78125
08:00:42,912810UD8,TSRYS5870973,D,S,T,2024-09-03,6000000.00,4.292711,97.765625
08:00:42,912810UD8,TSRYS5870973,D,B,A,2024-09-03,1384000.00,4.294796,97.738281
08:00:42,912810UD8,TSRYS5870973,D,S,T,2024-09-03,1000000.00,4.295839,97.724609375
08:00:42,912810UD8,TSRYS5870973,D,S,T,2024-09-03,1000000.00,4.295988,97.72265625
08:00:42,912810UD8,TSRYS5870973,D,S,D,2024-09-03,1000000.00,4.288246,97.82421875
08:00:42,912810UD8,TSRYS5870973,D,S,D,2024-09-03,1000000.00,4.288544,97.8203125
08:00:42,912810UD8,TSRYS5870973,D,S,D,2024-09-03,1000000.00,4.288544,97.8203125
08:00:42,912810UD8,TSRYS5870973,D,S,D,2024-09-03,1000000.00,4.288544,97.8203125
08:00:42,912810UD8,TSRYS5870973,D,S,D,2024-09-03,1000000.00,4.288544,97.8203125
08:00:42,912810UD8,TSRYS5870973,D,S,D,2024-09-03,1000000.00,4.289437,97.80859375
08:00:42,912810UD8,TSRYS5870973,D,S,D,2024-09-03,1000000.00,4.289437,97.80859375
08:00:44,912810UD8,TSRYS5870973,D,S,A,2024-09-03,2000000.00,4.284379,97.875
08:00:44,912810UD8,TSRYS5870973,D,B,A,2024-09-03,50MM+,4.278435,97.953125
08:00:45,912810UD8,TSRYS5870973,D,S,A,2024-09-03,378000.00,4.284677,97.871094
08:00:45,912810UD8,TSRYS5870973,D,S,A,2024-09-03,4000000.00,4.279624,97.9375
08:00:46,912810UD8,TSRYS5870973,D,S,D,2024-09-03,1000000.00,4.289734,97.8046875
08:00:46,912810UD8,TSRYS5870973,D,S,D,2024-09-03,1000000.00,4.289139,97.8125
08:00:46,912810UD8,TSRYS5870973,D,S,D,2024-09-03,1000000.00,4.288841,97.81640625
08:00:47,912810UD8,TSRYS5870973,D,S,A,2024-09-03,250000.00,4.278732,97.94921875
08:00:49,912810UD8,TSRYS5870973,D,S,T,2024-09-03,1000000.00,4.284379,97.875
08:00:49,912810UD8,TSRYS5870973,D,S,T,2024-09-03,1000000.00,4.284379,97.875
08:00:49,912810UD8,TSRYS5870973,D,S,T,2024-09-03,1000000.00,4.284379,97.875
08:00:49,912810UD8,TSRYS5870973,D,B,A,2024-09-03,378000.00,4.284677,97.871094
08:00:49,912810UD8,TSRYS5870973,D,S,D,2024-09-03,1000000.00,4.284677,97.87109375
08:00:49,912810UD8,TSRYS5870973,D,S,T,2024-09-03,1000000.00,4.284379,97.875
08:00:49,912810UD8,TSRYS5870973,D,S,T,2024-09-03,1000000.00,4.282001,97.90625
08:00:50,912810UD8,TSRYS5870973,D,S,T,2024-09-03,1000000.00,4.307023,97.578125
08:00:50,912810UD8,TSRYS5870973,D,S,T,2024-09-03,1000000.00,4.284677,97.87109375
08:00:50,912810UD8,TSRYS5870973,D,S,T,2024-09-03,1000000.00,4.284379,97.875
08:00:50,912810UD8,TSRYS5870973,D,S,D,2024-09-03,1000000.00,4.284677,97.87109375
08:00:50,912810UD8,TSRYS5870973,D,S,T,2024-09-03,1000000.00,4.284825,97.869140625
08:00:50,912810UD8,TSRYS5870973,D,S,T,2024-09-03,1000000.00,4.284825,97.869140625
08:00:50,912810UD8,TSRYS5870973,D,S,D,2024-09-03,1000000.00,4.284677,97.87109375
08:00:51,912810UD8,TSRYS5870973,D,S,T,2024-09-03,1000000.00,4.284677,97.87109375
08:00:51,912810UD8,TSRYS5870973,D,S,T,2024-09-03,1000000.00,4.296286,97.71875
08:00:51,912810UD8,TSRYS5870973,D,S,T,2024-09-03,1000000.00,4.296286,97.71875
08:00:51,912810UD8,TSRYS5870973,D,S,T,2024-09-03,1000000.00,4.286759,97.84375
08:00:51,912810UD8,TSRYS5870973,D,S,T,2024-09-03,1000000.00,4.287056,97.83984375
08:00:51,912810UD8,TSRYS5870973,D,S,T,2024-09-03,1000000.00,4.286759,97.84375
08:00:51,912810UD8,TSRYS5870973,D,S,A,2024-09-03,558000.00,4.285569,97.859375
08:00:51,912810UD8,TSRYS5870973,D,S,A,2024-09-03,5000000.00,4.282008,97.90625
08:00:51,912810UD8,TSRYS5870973,D,S,T,2024-09-03,1000000.00,4.287056,97.83984375
08:00:51,912810UD8,TSRYS5870973,D,S,T,2024-09-03,1000000.00,4.287056,97.83984375
08:00:52,912810UD8,TSRYS5870973,D,S,T,2024-09-03,1000000.00,4.284677,97.87109375
08:00:52,912810UD8,TSRYS5870973,D,S,T,2024-09-03,1000000.00,4.286759,97.84375
08:00:52,912810UD8,TSRYS5870973,D,S,T,2024-09-03,1000000.00,4.287056,97.83984375
08:00:52,912810UD8,TSRYS5870973,D,S,A,2024-09-03,40000.00,4.286164,97.8515625
08:00:52,912810UD8,TSRYS5870973,D,B,A,2024-09-03,1000000.00,4.284379,97.875
08:00:52,912810UD8,TSRYS5870973,D,S,T,2024-09-03,1000000.00,4.29152,97.78125
08:00:52,912810UD8,TSRYS5870973,D,S,T,2024-09-03,1000000.00,4.29152,97.78125
08:00:52,912810UD8,TSRYS5870973,D,S,T,2024-09-03,1000000.00,4.29152,97.78125
08:00:52,912810UD8,TSRYS5870973,D,S,T,2024-09-03,1000000.00,4.29152,97.78125
08:00:52,912810UD8,TSRYS5870973,D,S,T,2024-09-03,1000000.00,4.292711,97.765625
08:00:52,912810UD8,TSRYS5870973,D,S,T,2024-09-03,1000000.00,4.292711,97.765625
08:00:52,912810UD8,TSRYS5870973,D,S,T,2024-09-03,1000000.00,4.295988,97.72265625
08:00:52,912810UD8,TSRYS5870973,D,S,T,2024-09-03,1000000.00,4.296137,97.720703125
08:00:52,912810UD8,TSRYS5870973,D,S,T,2024-09-03,1000000.00,4.284825,97.869140625
08:00:53,912810UD8,TSRYS5870973,D,S,T,2024-09-03,1000000.00,4.282596,97.8984375
08:00:53,912810UD8,TSRYS5870973,D,S,T,2024-09-03,1000000.00,4.284379,97.875
08:00:53,912810UD8,TSRYS5870973,D,S,T,2024-09-03,1000000.00,4.287056,97.83984375
08:00:53,912810UD8,TSRYS5870973,D,S,T,2024-09-03,1000000.00,4.292711,97.765625
08:00:54,912810UD8,TSRYS5870973,D,S,T,2024-09-03,1000000.00,4.287502,97.833984375
08:00:54,912810UD8,TSRYS5870973,D,S,D,2024-09-03,1000000.00,4.284677,97.87109375
08:00:54,912810UD8,TSRYS5870973,D,S,D,2024-09-03,530000.00,4.29152,97.78125
08:00:54,912810UD8,TSRYS5870973,D,B,A,2024-09-03,530000.00,4.29152,97.78125
08:00:54,912810UD8,TSRYS5870973,D,S,D,2024-09-03,270000.00,4.289139,97.8125
08:00:54,912810UD8,TSRYS5870973,D,S,D,2024-09-03,100000.00,4.289139,97.8125
08:00:54,912810UD8,TSRYS5870973,D,S,D,2024-09-03,1000000.00,4.284677,97.87109375
08:00:54,912810UD8,TSRYS5870973,D,S,D,2024-09-03,1000000.00,4.284677,97.87109375
08:00:55,912810UD8,TSRYS5870973,D,S,A,2024-09-03,1030000.00,4.296584,97.71484375
08:00:55,912810UD8,TSRYS5870973,D,S,T,2024-09-03,1000000.00,4.284825,97.869140625
08:00:55,912810UD8,TSRYS5870973,D,S,D,2024-09-03,1000000.00,4.287056,97.83984375
08:00:55,912810UD8,TSRYS5870973,D,S,T,2024-09-03,1000000.00,4.286759,97.84375
08:00:55,912810UD8,TSRYS5870973,D,S,A,2024-09-03,1185000.00,4.284677,97.87109375
08:00:55,912810UD8,TSRYS5870973,D,S,T,2024-09-03,1000000.00,4.282596,97.8984375
08:00:55,912810UD8,TSRYS5870973,D,S,D,2024-09-03,2000000.00,4.280788,97.92219
08:00:56,912810UD8,TSRYS5870973,D,S,A,2024-09-03,277000.00,4.281407,97.9140625
08:00:56,912810UD8,TSRYS5870973,D,S,T,2024-09-03,1000000.00,4.286759,97.84375
08:00:56,912810UD8,TSRYS5870973,D,S,T,2024-09-03,1000000.00,4.284379,97.875
08:00:56,912810UD8,TSRYS5870973,D,S,T,2024-09-03,1000000.00,4.284825,97.869140625
08:00:56,912810UD8,TSRYS5870973,D,S,T,2024-09-03,1000000.00,4.284677,97.87109375
08:00:56,912810UD8,TSRYS5870973,D,S,T,2024-09-03,1000000.00,4.284825,97.869140625
08:00:56,912810UD8,TSRYS5870973,D,S,T,2024-09-03,1000000.00,4.284379,97.875
08:00:57,912810UD8,TSRYS5870973,D,S,T,2024-09-03,1000000.00,4.287056,97.83984375
08:00:57,912810UD8,TSRYS5870973,D,S,D,2024-09-03,1000000.00,4.287056,97.83984375
08:00:57,912810UD8,TSRYS5870973,D,S,T,2024-09-03,1000000.00,4.284677,97.87109375
08:01:00,912810UD8,TSRYS5870973,D,S,A,2024-09-03,1000000.00,4.287354,97.8359375
08:01:01,912810UD8,TSRYS5870973,D,S,A,2024-09-03,568000.00,4.28319,97.890625
08:01:02,912810UD8,TSRYS5870973,D,S,D,2024-09-03,1000000.00,4.311801,97.515625
08:01:02,912810UD8,TSRYS5870973,D,S,D,2024-09-03,1000000.00,4.311503,97.51953125
08:01:02,912810UD8,TSRYS5870973,D,S,D,2024-09-03,1000000.00,4.312399,97.5078125
08:01:02,912810UD8,TSRYS5870973,D,S,D,2024-09-03,1000000.00,4.311801,97.515625
08:01:02,912810UD8,TSRYS5870973,D,S,D,2024-09-03,1000000.00,4.311801,97.515625
08:01:02,912810UD8,TSRYS5870973,D,S,D,2024-09-03,2000000.00,4.312399,97.5078125
08:01:02,912810UD8,TSRYS5870973,D,S,D,2024-09-03,1000000.00,4.3121,97.51171875
08:01:02,912810UD8,TSRYS5870973,D,S,D,2024-09-03,1000000.00,4.312399,97.5078125
08:01:03,912810UD8,TSRYS5870973,D,S,D,2024-09-03,1000000.00,4.293605,97.75390625
08:01:03,912810UD8,TSRYS5870973,D,B,C,2024-09-03,1000000.00,4.293605,97.75390625
08:01:03,912810UD8,TSRYS5870973,D,S,D,2024-09-03,1000000.00,4.293605,97.75390625
08:01:03,912810UD8,TSRYS5870973,D,S,D,2024-09-03,1000000.00,4.293605,97.75390625
08:01:03,912810UD8,TSRYS5870973,D,B,C,2024-09-03,1000000.00,4.293605,97.75390625
08:01:03,912810UD8,TSRYS5870973,D,B,C,2024-09-03,1000000.00,4.293605,97.75390625
08:01:03,912810UD8,TSRYS5870973,D,B,C,2024-09-03,1000000.00,4.293605,97.75390625
08:01:03,912810UD8,TSRYS5870973,D,S,D,2024-09-03,1000000.00,4.293009,97.76171875
08:01:03,912810UD8,TSRYS5870973,D,S,D,2024-09-03,1000000.00,4.293605,97.75390625
08:01:03,912810UD8,TSRYS5870973,D,S,D,2024-09-03,1000000.00,4.293605,97.75390625
08:01:03,912810UD8,TSRYS5870973,D,B,C,2024-09-03,1000000.00,4.293605,97.75390625
08:01:03,912810UD8,TSRYS5870973,D,S,C,2024-09-03,1000000.00,4.297478,97.703125
08:01:03,912810UD8,TSRYS5870973,D,S,C,2024-09-03,1000000.00,4.297478,97.703125
08:01:03,912810UD8,TSRYS5870973,D,S,C,2024-09-03,1000000.00,4.292711,97.765625
08:01:03,912810UD8,TSRYS5870973,D,S,C,2024-09-03,1000000.00,4.292711,97.765625
08:01:03,912810UD8,TSRYS5870973,D,S,C,2024-09-03,1000000.00,4.295094,97.734375
08:01:03,912810UD8,TSRYS5870973,D,B,C,2024-09-03,1000000.00,4.293605,97.75390625
08:01:03,912810UD8,TSRYS5870973,D,S,C,2024-09-03,1000000.00,4.292711,97.765625
08:01:03,912810UD8,TSRYS5870973,D,S,C,2024-09-03,1000000.00,4.295094,97.734375
08:01:03,912810UD8,TSRYS5870973,D,S,D,2024-09-03,1000000.00,4.293605,97.75390625
08:01:03,912810UD8,TSRYS5870973,D,S,D,2024-09-03,1000000.00,4.293605,97.75390625
08:01:03,912810UD8,TSRYS5870973,D,S,C,2024-09-03,1000000.00,4.295094,97.734375
08:01:03,912810UD8,TSRYS5870973,D,S,C,2024-09-03,1000000.00,4.295094,97.734375
08:01:03,912810UD8,TSRYS5870973,D,B,C,2024-09-03,1000000.00,4.293605,97.75390625
08:01:03,912810UD8,TSRYS5870973,D,S,T,2024-09-03,1000000.00,4.284379,97.875
08:01:03,912810UD8,TSRYS5870973,D,S,C,2024-09-03,1000000.00,4.295094,97.734375
08:01:03,912810UD8,TSRYS5870973,D,S,D,2024-09-03,1000000.00,4.293605,97.75390625
08:01:03,912810UD8,TSRYS5870973,D,B,C,2024-09-03,1000000.00,4.293605,97.75390625
08:01:03,912810UD8,TSRYS5870973,D,B,C,2024-09-03,1000000.00,4.293605,97.75390625
08:01:03,912810UD8,TSRYS5870973,D,S,D,2024-09-03,1000000.00,4.296286,97.71875
08:01:03,912810UD8,TSRYS5870973,D,B,C,2024-09-03,1000000.00,4.29569,97.7265625
08:01:03,912810UD8,TSRYS5870973,D,S,C,2024-09-03,1000000.00,4.293903,97.75
08:01:03,912810UD8,TSRYS5870973,D,S,D,2024-09-03,1000000.00,4.293605,97.75390625
08:01:03,912810UD8,TSRYS5870973,D,S,C,2024-09-03,1000000.00,4.293903,97.75
08:01:03,912810UD8,TSRYS5870973,D,S,D,2024-09-03,1000000.00,4.293605,97.75390625
08:01:03,912810UD8,TSRYS5870973,D,S,D,2024-09-03,1000000.00,4.29569,97.7265625
08:01:03,912810UD8,TSRYS5870973,D,S,D,2024-09-03,1000000.00,4.29569,97.7265625
08:01:03,912810UD8,TSRYS5870973,D,B,C,2024-09-03,1000000.00,4.293605,97.75390625
08:01:03,912810UD8,TSRYS5870973,D,S,C,2024-09-03,1000000.00,4.29569,97.7265625
08:01:03,912810UD8,TSRYS5870973,D,B,C,2024-09-03,1000000.00,4.293605,97.75390625
08:01:03,912810UD8,TSRYS5870973,D,B,C,2024-09-03,1000000.00,4.293605,97.75390625
08:01:03,912810UD8,TSRYS5870973,D,S,D,2024-09-03,1000000.00,4.293605,97.75390625
08:01:03,912810UD8,TSRYS5870973,D,S,D,2024-09-03,1000000.00,4.293605,97.75390625
08:01:03,912810UD8,TSRYS5870973,D,S,D,2024-09-03,1000000.00,4.293605,97.75390625
08:01:03,912810UD8,TSRYS5870973,D,B,C,2024-09-03,1000000.00,4.293605,97.75390625
08:01:03,912810UD8,TSRYS5870973,D,B,C,2024-09-03,1000000.00,4.29569,97.7265625
08:01:03,912810UD8,TSRYS5870973,D,B,C,2024-09-03,1000000.00,4.293605,97.75390625
08:01:03,912810UD8,TSRYS5870973,D,B,C,2024-09-03,1000000.00,4.293605,97.75390625
08:01:03,912810UD8,TSRYS5870973,D,B,C,2024-09-03,1000000.00,4.293605,97.75390625
08:01:03,912810UD8,TSRYS5870973,D,B,C,2024-09-03,1000000.00,4.293605,97.75390625
08:01:03,912810UD8,TSRYS5870973,D,S,D,2024-09-03,1000000.00,4.293605,97.75390625
08:01:03,912810UD8,TSRYS5870973,D,S,D,2024-09-03,1000000.00,4.293605,97.75390625
08:01:03,912810UD8,TSRYS5870973,D,S,D,2024-09-03,1000000.00,4.293605,97.75390625
08:01:03,912810UD8,TSRYS5870973,D,S,D,2024-09-03,1000000.00,4.293605,97.75390625
08:01:03,912810UD8,TSRYS5870973,D,S,D,2024-09-03,1000000.00,4.293605,97.75390625
08:01:03,912810UD8,TSRYS5870973,D,B,C,2024-09-03,1000000.00,4.293605,97.75390625
08:01:03,912810UD8,TSRYS5870973,D,B,C,2024-09-03,1000000.00,4.293605,97.75390625
08:01:03,912810UD8,TSRYS5870973,D,B,C,2024-09-03,1000000.00,4.293605,97.75390625
08:01:03,912810UD8,TSRYS5870973,D,S,D,2024-09-03,1000000.00,4.293605,97.75390625
08:01:03,912810UD8,TSRYS5870973,D,B,C,2024-09-03,1000000.00,4.293605,97.75390625
08:01:03,912810UD8,TSRYS5870973,D,S,D,2024-09-03,1000000.00,4.293605,97.75390625
08:01:03,912810UD8,TSRYS5870973,D,B,C,2024-09-03,1000000.00,4.293605,97.75390625
08:01:03,912810UD8,TSRYS5870973,D,S,D,2024-09-03,1000000.00,4.293605,97.75390625
08:01:03,912810UD8,TSRYS5870973,D,S,D,2024-09-03,1000000.00,4.293605,97.75390625
08:01:03,912810UD8,TSRYS5870973,D,B,C,2024-09-03,1000000.00,4.293605,97.75390625
08:01:03,912810UD8,TSRYS5870973,D,B,C,2024-09-03,1000000.00,4.293605,97.75390625
08:01:03,912810UD8,TSRYS5870973,D,B,C,2024-09-03,1000000.00,4.293605,97.75390625
08:01:03,912810UD8,TSRYS5870973,D,S,D,2024-09-03,1000000.00,4.293605,97.75390625
08:01:03,912810UD8,TSRYS5870973,D,B,C,2024-09-03,1000000.00,4.293605,97.75390625
08:01:03,912810UD8,TSRYS5870973,D,B,C,2024-09-03,1000000.00,4.29152,97.78125
08:01:03,912810UD8,TSRYS5870973,D,B,C,2024-09-03,1000000.00,4.293605,97.75390625
08:01:03,912810UD8,TSRYS5870973,D,S,D,2024-09-03,1000000.00,4.293605,97.75390625
08:01:03,912810UD8,TSRYS5870973,D,S,D,2024-09-03,1000000.00,4.293605,97.75390625
08:01:03,912810UD8,TSRYS5870973,D,S,D,2024-09-03,1000000.00,4.293605,97.75390625
08:01:03,912810UD8,TSRYS5870973,D,B,C,2024-09-03,1000000.00,4.29152,97.78125
08:01:03,912810UD8,TSRYS5870973,D,S,D,2024-09-03,1000000.00,4.293903,97.75
08:01:03,912810UD8,TSRYS5870973,D,S,D,2024-09-03,1000000.00,4.293903,97.75
08:01:03,912810UD8,TSRYS5870973,D,S,D,2024-09-03,1000000.00,4.293605,97.75390625
08:01:03,912810UD8,TSRYS5870973,D,B,C,2024-09-03,1000000.00,4.293903,97.75
08:01:03,912810UD8,TSRYS5870973,D,S,D,2024-09-03,1000000.00,4.29152,97.78125
08:01:03,912810UD8,TSRYS5870973,D,B,C,2024-09-03,1000000.00,4.293903,97.75
08:01:03,912810UD8,TSRYS5870973,D,B,C,2024-09-03,1000000.00,4.29152,97.78125
08:01:03,912810UD8,TSRYS5870973,D,S,D,2024-09-03,1000000.00,4.29152,97.78125
08:01:03,912810UD8,TSRYS5870973,D,S,D,2024-09-03,1000000.00,4.29152,97.78125
08:01:03,912810UD8,TSRYS5870973,D,B,C,2024-09-03,1000000.00,4.296286,97.71875
08:01:03,912810UD8,TSRYS5870973,D,B,C,2024-09-03,1000000.00,4.29152,97.78125
08:01:03,912810UD8,TSRYS5870973,D,B,C,2024-09-03,1000000.00,4.29152,97.78125
08:01:03,912810UD8,TSRYS5870973,D,S,D,2024-09-03,1000000.00,4.29152,97.78125
08:01:03,912810UD8,TSRYS5870973,D,S,D,2024-09-03,1000000.00,4.29152,97.78125
08:01:03,912810UD8,TSRYS5870973,D,S,D,2024-09-03,1000000.00,4.293605,97.75390625
08:01:03,912810UD8,TSRYS5870973,D,B,C,2024-09-03,1000000.00,4.293605,97.75390625
08:01:03,912810UD8,TSRYS5870973,D,S,C,2024-09-03,1000000.00,4.296286,97.71875
08:01:03,912810UD8,TSRYS5870973,D,S,D,2024-09-03,1000000.00,4.29152,97.78125
08:01:03,912810UD8,TSRYS5870973,D,B,C,2024-09-03,1000000.00,4.293605,97.75390625
08:01:03,912810UD8,TSRYS5870973,D,S,D,2024-09-03,1000000.00,4.293605,97.75390625
08:01:03,912810UD8,TSRYS5870973,D,B,C,2024-09-03,1000000.00,4.293605,97.75390625
08:01:03,912810UD8,TSRYS5870973,D,S,D,2024-09-03,1000000.00,4.293605,97.75390625
08:01:03,912810UD8,TSRYS5870973,D,S,T,2024-09-03,1000000.00,4.300161,97.66796875
08:01:03,912810UD8,TSRYS5870973,D,B,C,2024-09-03,1000000.00,4.29152,97.78125
08:01:03,912810UD8,TSRYS5870973,D,S,D,2024-09-03,1000000.00,4.293605,97.75390625
08:01:03,912810UD8,TSRYS5870973,D,B,C,2024-09-03,1000000.00,4.293605,97.75390625
08:01:03,912810UD8,TSRYS5870973,D,B,C,2024-09-03,1000000.00,4.293605,97.75390625
08:01:03,912810UD8,TSRYS5870973,D,B,C,2024-09-03,1000000.00,4.293605,97.75390625
08:01:03,912810UD8,TSRYS5870973,D,B,C,2024-09-03,1000000.00,4.293605,97.75390625
08:01:03,912810UD8,TSRYS5870973,D,S,D,2024-09-03,1000000.00,4.293605,97.75390625
08:01:03,912810UD8,TSRYS5870973,D,S,D,2024-09-03,1000000.00,4.293605,97.75390625
08:01:04,912810UD8,TSRYS5870973,D,B,C,2024-09-03,1000000.00,4.292711,97.765625
08:01:04,912810UD8,TSRYS5870973,D,S,D,2024-09-03,1000000.00,4.293605,97.75390625
08:01:04,912810UD8,TSRYS5870973,D,S,D,2024-09-03,1000000.00,4.293605,97.75390625
08:01:04,912810UD8,TSRYS5870973,D,S,D,2024-09-03,1000000.00,4.292711,97.765625
08:01:04,912810UD8,TSRYS5870973,D,B,C,2024-09-03,1000000.00,4.293009,97.76171875
08:01:04,912810UD8,TSRYS5870973,D,B,C,2024-09-03,1000000.00,4.291818,97.77734375
08:01:04,912810UD8,TSRYS5870973,D,B,C,2024-09-03,1000000.00,4.293605,97.75390625
08:01:04,912810UD8,TSRYS5870973,D,S,C,2024-09-03,1000000.00,4.293009,97.76171875
08:01:04,912810UD8,TSRYS5870973,D,B,C,2024-09-03,1000000.00,4.293009,97.76171875
08:01:04,912810UD8,TSRYS5870973,D,B,C,2024-09-03,1000000.00,4.292711,97.765625
08:01:04,912810UD8,TSRYS5870973,D,S,D,2024-09-03,1000000.00,4.29152,97.78125
08:01:04,912810UD8,TSRYS5870973,D,B,C,2024-09-03,1000000.00,4.292711,97.765625
08:01:04,912810UD8,TSRYS5870973,D,S,D,2024-09-03,1000000.00,4.292711,97.765625
08:01:04,912810UD8,TSRYS5870973,D,B,C,2024-09-03,1000000.00,4.292414,97.76953125
08:01:04,912810UD8,TSRYS5870973,D,S,C,2024-09-03,1000000.00,4.294796,97.73828125
08:01:04,912810UD8,TSRYS5870973,D,S,D,2024-09-03,1000000.00,4.292711,97.765625
08:01:04,912810UD8,TSRYS5870973,D,S,D,2024-09-03,1000000.00,4.292414,97.76953125
08:01:04,912810UD8,TSRYS5870973,D,S,D,2024-09-03,1000000.00,4.291818,97.77734375
08:01:04,912810UD8,TSRYS5870973,D,S,D,2024-09-03,1000000.00,4.292116,97.7734375
08:01:04,912810UD8,TSRYS5870973,D,B,C,2024-09-03,1000000.00,4.29152,97.78125
08:01:04,912810UD8,TSRYS5870973,D,S,D,2024-09-03,1000000.00,4.293009,97.76171875
08:01:04,912810UD8,TSRYS5870973,D,B,C,2024-09-03,1000000.00,4.291818,97.77734375
08:01:04,912810UD8,TSRYS5870973,D,S,C,2024-09-03,1000000.00,4.294796,97.73828125
08:01:04,912810UD8,TSRYS5870973,D,B,C,2024-09-03,1000000.00,4.292116,97.7734375
08:01:04,912810UD8,TSRYS5870973,D,S,C,2024-09-03,1000000.00,4.294796,97.73828125
08:01:04,912810UD8,TSRYS5870973,D,S,C,2024-09-03,1000000.00,4.293307,97.7578125
08:01:04,912810UD8,TSRYS5870973,D,S,D,2024-09-03,1000000.00,4.291818,97.77734375
08:01:04,912810UD8,TSRYS5870973,D,B,C,2024-09-03,1000000.00,4.292414,97.76953125
08:01:04,912810UD8,TSRYS5870973,D,S,D,2024-09-03,1000000.00,4.292414,97.76953125
08:01:04,912810UD8,TSRYS5870973,D,S,C,2024-09-03,1000000.00,4.294796,97.73828125
08:01:04,912810UD8,TSRYS5870973,D,B,C,2024-09-03,1000000.00,4.29152,97.78125
08:01:04,912810UD8,TSRYS5870973,D,S,D,2024-09-03,1000000.00,4.29152,97.78125
08:01:04,912810UD8,TSRYS5870973,D,S,D,2024-09-03,1000000.00,4.293903,97.75
08:01:04,912810UD8,TSRYS5870973,D,S,C,2024-09-03,1000000.00,4.287949,97.828125
08:01:04,912810UD8,TSRYS5870973,D,S,D,2024-09-03,1000000.00,4.293903,97.75
08:01:04,912810UD8,TSRYS5870973,D,S,C,2024-09-03,1000000.00,4.29152,97.78125
08:01:04,912810UD8,TSRYS5870973,D,S,C,2024-09-03,1000000.00,4.284974,97.8671875
08:01:04,912810UD8,TSRYS5870973,D,S,D,2024-09-03,1000000.00,4.294201,97.74609375
08:01:04,912810UD8,TSRYS5870973,D,S,C,2024-09-03,2000000.00,4.287949,97.828125
08:01:04,912810UD8,TSRYS5870973,D,S,C,2024-09-03,1000000.00,4.285569,97.859375
08:01:04,912810UD8,TSRYS5870973,D,S,D,2024-09-03,1000000.00,4.292711,97.765625
08:01:04,912810UD8,TSRYS5870973,D,S,C,2024-09-03,1000000.00,4.287949,97.828125
08:01:04,912810UD8,TSRYS5870973,D,B,C,2024-09-03,1000000.00,4.285569,97.859375
08:01:04,912810UD8,TSRYS5870973,D,S,C,2024-09-03,1000000.00,4.285569,97.859375
08:01:04,912810UD8,TSRYS5870973,D,S,C,2024-09-03,1000000.00,4.285569,97.859375
08:01:04,912810UD8,TSRYS5870973,D,S,C,2024-09-03,1000000.00,4.285569,97.859375
08:01:04,912810UD8,TSRYS5870973,D,S,C,2024-09-03,1000000.00,4.285569,97.859375
08:01:04,912810UD8,TSRYS5870973,D,S,C,2024-09-03,1000000.00,4.287949,97.828125
08:01:04,912810UD8,TSRYS5870973,D,S,C,2024-09-03,1000000.00,4.288246,97.82421875
08:01:04,912810UD8,TSRYS5870973,D,S,C,2024-09-03,1000000.00,4.285569,97.859375
08:01:04,912810UD8,TSRYS5870973,D,S,C,2024-09-03,1000000.00,4.285569,97.859375
08:01:04,912810UD8,TSRYS5870973,D,S,C,2024-09-03,1000000.00,4.287949,97.828125
08:01:04,912810UD8,TSRYS5870973,D,S,C,2024-09-03,1000000.00,4.285569,97.859375
08:01:04,912810UD8,TSRYS5870973,D,S,C,2024-09-03,1000000.00,4.287949,97.828125
08:01:04,912810UD8,TSRYS5870973,D,S,C,2024-09-03,1000000.00,4.287949,97.828125
08:01:04,912810UD8,TSRYS5870973,D,S,C,2024-09-03,1000000.00,4.287949,97.828125
08:01:04,912810UD8,TSRYS5870973,D,S,C,2024-09-03,1000000.00,4.287949,97.828125
08:01:04,912810UD8,TSRYS5870973,D,S,C,2024-09-03,1000000.00,4.285569,97.859375
08:01:04,912810UD8,TSRYS5870973,D,S,C,2024-09-03,1000000.00,4.287949,97.828125
08:01:04,912810UD8,TSRYS5870973,D,S,C,2024-09-03,1000000.00,4.288246,97.82421875
08:01:04,912810UD8,TSRYS5870973,D,S,C,2024-09-03,1000000.00,4.287949,97.828125
08:01:04,912810UD8,TSRYS5870973,D,S,C,2024-09-03,1000000.00,4.287949,97.828125
08:01:04,912810UD8,TSRYS5870973,D,B,C,2024-09-03,1000000.00,4.277544,97.96484375
08:01:04,912810UD8,TSRYS5870973,D,S,D,2024-09-03,1000000.00,4.277544,97.96484375
08:01:05,912810UD8,TSRYS5870973,D,S,D,2024-09-03,1000000.00,4.282596,97.8984375
08:01:05,912810UD8,TSRYS5870973,D,S,C,2024-09-03,1000000.00,4.285866,97.85546875
08:01:05,912810UD8,TSRYS5870973,D,S,C,2024-09-03,1000000.00,4.284677,97.87109375
08:01:05,912810UD8,TSRYS5870973,D,S,C,2024-09-03,1000000.00,4.284677,97.87109375
08:01:05,912810UD8,TSRYS5870973,D,S,D,2024-09-03,1000000.00,4.282596,97.8984375
08:01:05,912810UD8,TSRYS5870973,D,S,C,2024-09-03,1000000.00,4.287056,97.83984375
08:01:05,912810UD8,TSRYS5870973,D,S,C,2024-09-03,1000000.00,4.284677,97.87109375
08:01:05,912810UD8,TSRYS5870973,D,S,D,2024-09-03,1000000.00,4.287056,97.83984375
08:01:05,912810UD8,TSRYS5870973,D,B,C,2024-09-03,1000000.00,4.287354,97.8359375
08:01:05,912810UD8,TSRYS5870973,D,S,D,2024-09-03,1000000.00,4.287354,97.8359375
08:01:05,912810UD8,TSRYS5870973,D,B,C,2024-09-03,1000000.00,4.279029,97.9453125
08:01:05,912810UD8,TSRYS5870973,D,B,C,2024-09-03,1000000.00,4.279029,97.9453125
08:01:05,912810UD8,TSRYS5870973,D,S,D,2024-09-03,1000000.00,4.279029,97.9453125
08:01:05,912810UD8,TSRYS5870973,D,S,D,2024-09-03,1000000.00,4.279029,97.9453125
08:01:05,912810UD8,TSRYS5870973,D,S,D,2024-09-03,1000000.00,4.281407,97.9140625
08:01:05,912810UD8,TSRYS5870973,D,B,C,2024-09-03,1000000.00,4.281407,97.9140625
08:01:05,912810UD8,TSRYS5870973,D,B,C,2024-09-03,1000000.00,4.281407,97.9140625
08:01:05,912810UD8,TSRYS5870973,D,S,D,2024-09-03,1000000.00,4.281407,97.9140625
08:01:05,912810UD8,TSRYS5870973,D,B,C,2024-09-03,1000000.00,4.280515,97.92578125
08:01:05,912810UD8,TSRYS5870973,D,S,C,2024-09-03,1000000.00,4.281109,97.91796875
08:01:05,912810UD8,TSRYS5870973,D,S,D,2024-09-03,1000000.00,4.280515,97.92578125
08:01:05,912810UD8,TSRYS5870973,D,B,C,2024-09-03,1000000.00,4.281109,97.91796875
08:01:05,912810UD8,TSRYS5870973,D,B,C,2024-09-03,1000000.00,4.281109,97.91796875
08:01:05,912810UD8,TSRYS5870973,D,S,D,2024-09-03,1000000.00,4.281109,97.91796875
08:01:05,912810UD8,TSRYS5870973,D,B,C,2024-09-03,1000000.00,4.281109,97.91796875
08:01:05,912810UD8,TSRYS5870973,D,B,C,2024-09-03,1000000.00,4.281109,97.91796875
08:01:05,912810UD8,TSRYS5870973,D,S,D,2024-09-03,1000000.00,4.281109,97.91796875
08:01:05,912810UD8,TSRYS5870973,D,S,D,2024-09-03,1000000.00,4.281109,97.91796875
08:01:05,912810UD8,TSRYS5870973,D,B,C,2024-09-03,1000000.00,4.283785,97.8828125
08:01:05,912810UD8,TSRYS5870973,D,S,D,2024-09-03,1000000.00,4.283785,97.8828125
08:01:05,912810UD8,TSRYS5870973,D,S,C,2024-09-03,1000000.00,4.288544,97.8203125
08:01:05,912810UD8,TSRYS5870973,D,S,C,2024-09-03,1000000.00,4.288246,97.82421875
08:01:05,912810UD8,TSRYS5870973,D,S,D,2024-09-03,1000000.00,4.288544,97.8203125
08:01:05,912810UD8,TSRYS5870973,D,S,D,2024-09-03,1000000.00,4.288544,97.8203125
08:01:05,912810UD8,TSRYS5870973,D,S,C,2024-09-03,1000000.00,4.289437,97.80859375
08:01:05,912810UD8,TSRYS5870973,D,S,D,2024-09-03,1000000.00,4.29033,97.796875
08:01:06,912810UD8,TSRYS5870973,D,S,A,2024-09-03,260000.00,4.282283,97.90254375
08:01:06,912810UD8,TSRYS5870973,D,S,T,2024-09-03,1000000.00,4.287949,97.828125
08:01:06,912810UD8,TSRYS5870973,D,S,T,2024-09-03,2000000.00,4.29033,97.796875
08:01:06,912810UD8,TSRYS5870973,D,S,D,2024-09-03,1000000.00,4.292116,97.7734375
08:01:07,912810UD8,TSRYS5870973,D,S,D,2024-09-03,1000000.00,4.292711,97.765625
08:01:07,912810UD8,TSRYS5870973,D,S,D,2024-09-03,1000000.00,4.292116,97.7734375
08:01:08,912810UD8,TSRYS5870973,D,S,T,2024-09-03,1000000.00,4.292116,97.7734375
08:01:08,912810UD8,TSRYS5870973,D,S,T,2024-09-03,1000000.00,4.29033,97.796875
08:01:08,912810UD8,TSRYS5870973,D,S,T,2024-09-03,1000000.00,4.285569,97.859375
08:01:08,912810UD8,TSRYS5870973,D,S,T,2024-09-03,1000000.00,4.292265,97.771484375
08:01:10,912810UD8,TSRYS5870973,D,S,D,2024-09-03,1000000.00,4.312399,97.5078125
08:01:10,912810UD8,TSRYS5870973,D,S,D,2024-09-03,2000000.00,4.312399,97.5078125
08:01:10,912810UD8,TSRYS5870973,D,S,D,2024-09-03,1000000.00,4.3121,97.51171875
08:01:10,912810UD8,TSRYS5870973,D,S,D,2024-09-03,1000000.00,4.311801,97.515625
08:01:10,912810UD8,TSRYS5870973,D,S,D,2024-09-03,1000000.00,4.311801,97.515625
08:01:10,912810UD8,TSRYS5870973,D,S,D,2024-09-03,1000000.00,4.311801,97.515625
08:01:10,912810UD8,TSRYS5870973,D,S,D,2024-09-03,1000000.00,4.311503,97.51953125
08:01:10,912810UD8,TSRYS5870973,D,S,D,2024-09-03,1000000.00,4.312399,97.5078125
08:01:10,912810UD8,TSRYS5870973,D,S,D,2024-09-03,1000000.00,4.292711,97.765625
08:01:11,912810UD8,TSRYS5870973,D,S,T,2024-09-03,1000000.00,4.31151,97.51943125
08:01:11,912810UD8,TSRYS5870973,D,S,T,2024-09-03,1000000.00,4.31166,97.517478125
08:01:11,912810UD8,TSRYS5870973,D,S,T,2024-09-03,1000000.00,4.311809,97.515525
08:01:11,912810UD8,TSRYS5870973,D,S,T,2024-09-03,1000000.00,4.312108,97.51161875
08:01:11,912810UD8,TSRYS5870973,D,S,T,2024-09-03,1000000.00,4.312407,97.5077125
08:01:11,912810UD8,TSRYS5870973,D,S,T,2024-09-03,1000000.00,4.312407,97.5077125
08:01:11,912810UD8,TSRYS5870973,D,S,A,2024-09-03,450000.00,4.277223,97.96915
08:01:11,912810UD8,TSRYS5870973,D,S,T,2024-09-03,1000000.00,4.289139,97.8125
08:01:11,912810UD8,TSRYS5870973,D,S,D,2024-09-03,1000000.00,4.285866,97.85546875
08:01:12,912810UD8,TSRYS5870973,D,S,D,2024-09-03,2000000.00,4.299511,97.6764813
08:01:12,912810UD8,TSRYS5870973,D,S,D,2024-09-03,1000000.00,4.296382,97.7174969
08:01:12,912810UD8,TSRYS5870973,D,S,D,2024-09-03,2000000.00,4.295637,97.7272625
08:01:12,912810UD8,TSRYS5870973,D,S,D,2024-09-03,1000000.00,4.291467,97.78195
08:01:12,912810UD8,TSRYS5870973,D,S,T,2024-09-03,1000000.00,4.284677,97.87109375
08:01:12,912810UD8,TSRYS5870973,D,S,D,2024-09-03,20000000.00,4.294036,97.7482539
08:01:12,912810UD8,TSRYS5870973,D,S,D,2024-09-03,1000000.00,4.284677,97.87109375
08:01:13,912810UD8,TSRYS5870973,D,S,T,2024-09-03,1000000.00,4.282596,97.8984375
08:01:13,912810UD8,TSRYS5870973,D,S,T,2024-09-03,1000000.00,4.286759,97.84375
08:01:13,912810UD8,TSRYS5870973,D,S,T,2024-09-03,1000000.00,4.284825,97.869140625
08:01:13,912810UD8,TSRYS5870973,D,S,A,2024-09-03,500000.00,4.279624,97.9375
08:01:13,912810UD8,TSRYS5870973,D,S,A,2024-09-03,835000.00,4.285866,97.85546875
08:01:13,912810UD8,TSRYS5870973,D,S,T,2024-09-03,1000000.00,4.284677,97.87109375
08:01:13,912810UD8,TSRYS5870973,D,S,D,2024-09-03,1000000.00,4.282596,97.8984375
08:01:14,912810UD8,TSRYS5870973,D,S,T,2024-09-03,1000000.00,4.285272,97.86328125
08:01:14,912810UD8,TSRYS5870973,D,S,T,2024-09-03,1000000.00,4.284379,97.875
08:01:14,912810UD8,TSRYS5870973,D,S,T,2024-09-03,1000000.00,4.284538,97.872921875
08:01:14,912810UD8,TSRYS5870973,D,S,T,2024-09-03,1000000.00,4.284538,97.872921875
08:01:14,912810UD8,TSRYS5870973,D,S,C,2024-09-03,6590000.00,4.283168,97.890825
08:01:14,912810UD8,TSRYS5870973,D,S,T,2024-09-03,1000000.00,4.282596,97.8984375
08:01:14,912810UD8,TSRYS5870973,D,S,A,2024-09-03,160000.00,4.282596,97.8984375
08:01:14,912810UD8,TSRYS5870973,D,S,T,2024-09-03,1000000.00,4.284231,97.876953125
08:01:14,912810UD8,TSRYS5870973,D,S,D,2024-09-03,8000000.00,4.280003,97.93251
08:01:14,912810UD8,TSRYS5870973,D,S,T,2024-09-03,1000000.00,4.284231,97.876953125
08:01:14,912810UD8,TSRYS5870973,D,S,T,2024-09-03,1000000.00,4.284231,97.876953125
08:01:15,912810UD8,TSRYS5870973,D,S,T,2024-09-03,1000000.00,4.284677,97.87109375
08:01:15,912810UD8,TSRYS5870973,D,S,T,2024-09-03,2000000.00,4.284231,97.876953125
08:01:15,912810UD8,TSRYS5870973,D,S,T,2024-09-03,1000000.00,4.284686,97.87096875
08:01:16,912810UD8,TSRYS5870973,D,S,T,2024-09-03,1000000.00,4.287949,97.828125
08:01:16,912810UD8,TSRYS5870973,D,S,T,2024-09-03,2000000.00,4.287056,97.83984375
08:01:16,912810UD8,TSRYS5870973,D,S,T,2024-09-03,1000000.00,4.287066,97.83971875
08:01:17,912810UD8,TSRYS5870973,D,S,T,2024-09-03,1000000.00,4.287949,97.828125
08:01:17,912810UD8,TSRYS5870973,D,B,A,2024-09-03,345000.00,4.278435,97.953125
08:01:18,912810UD8,TSRYS5870973,D,S,T,2024-09-03,1000000.00,4.29152,97.78125
08:01:18,912810UD8,TSRYS5870973,D,S,T,2024-09-03,1000000.00,4.29033,97.796875
08:01:18,912810UD8,TSRYS5870973,D,S,T,2024-09-03,2000000.00,4.289288,97.810546875
08:01:18,912810UD8,TSRYS5870973,D,S,T,2024-09-03,1000000.00,4.289585,97.806640625
08:01:19,912810UD8,TSRYS5870973,D,B,A,2024-09-03,8000000.00,4.280812,97.921875
08:01:19,912810UD8,TSRYS5870973,D,S,C,2024-09-03,10000000.00,4.292956,97.76242
08:01:19,912810UD8,TSRYS5870973,D,S,T,2024-09-03,1000000.00,4.289437,97.80859375
08:01:19,912810UD8,TSRYS5870973,D,S,T,2024-09-03,1000000.00,4.311819,97.5154
08:01:20,912810UD8,TSRYS5870973,D,S,T,2024-09-03,1000000.00,4.292711,97.765625
08:01:20,912810UD8,TSRYS5870973,D,S,T,2024-09-03,1000000.00,4.311503,97.51953125
08:01:20,912810UD8,TSRYS5870973,D,S,T,2024-09-03,1000000.00,4.311652,97.517578125
08:01:20,912810UD8,TSRYS5870973,D,S,T,2024-09-03,1000000.00,4.311801,97.515625
08:01:20,912810UD8,TSRYS5870973,D,S,T,2024-09-03,1000000.00,4.312399,97.5078125
08:01:20,912810UD8,TSRYS5870973,D,S,T,2024-09-03,1000000.00,4.288256,97.82409375
08:01:20,912810UD8,TSRYS5870973,D,S,T,2024-09-03,1000000.00,4.288246,97.82421875
08:01:21,912810UD8,TSRYS5870973,D,S,T,2024-09-03,1000000.00,4.290032,97.80078125
08:01:21,912810UD8,TSRYS5870973,D,S,T,2024-09-03,1000000.00,4.290041,97.80065625
08:01:21,912810UD8,TSRYS5870973,D,S,T,2024-09-03,1000000.00,4.290032,97.80078125
08:01:21,912810UD8,TSRYS5870973,D,S,A,2024-09-03,2131000.00,4.28319,97.890625
08:01:22,912810UD8,TSRYS5870973,D,S,T,2024-09-03,1000000.00,4.289139,97.8125
08:01:22,912810UD8,TSRYS5870973,D,B,A,2024-09-03,230000.00,4.289139,97.8125
08:01:22,912810UD8,TSRYS5870973,D,S,A,2024-09-03,5606700.00,4.288544,97.8203125
08:01:22,912810UD8,TSRYS5870973,D,B,C,2024-09-03,1200000.00,4.292414,97.76953125
08:01:22,912810UD8,TSRYS5870973,D,S,A,2024-09-03,270000.00,4.289139,97.8125
08:01:22,912810UD8,TSRYS5870973,D,S,A,2024-09-03,840000.00,4.279624,97.9375
08:01:23,912810UD8,TSRYS5870973,D,S,T,2024-09-03,1000000.00,4.291538,97.781023
08:01:23,912810UD8,TSRYS5870973,D,S,D,2024-09-03,1000000.00,4.294796,97.73828125
08:01:23,912810UD8,TSRYS5870973,D,S,T,2024-09-03,1000000.00,4.292414,97.76953125
08:01:23,912810UD8,TSRYS5870973,D,S,A,2024-09-03,500000.00,4.280218,97.9296875
08:01:23,912810UD8,TSRYS5870973,D,S,T,2024-09-03,1000000.00,4.295551,97.728390625
08:01:23,912810UD8,TSRYS5870973,D,S,T,2024-09-03,1000000.00,4.29569,97.7265625
08:01:23,912810UD8,TSRYS5870973,D,S,T,2024-09-03,1000000.00,4.2957,97.7264375
08:01:24,912810UD8,TSRYS5870973,D,S,D,2024-09-03,1000000.00,4.294796,97.73828125
08:01:25,912810UD8,TSRYS5870973,D,S,D,2024-09-03,1000000.00,4.294796,97.73828125
08:01:25,912810UD8,TSRYS5870973,D,B,C,2024-09-03,1000000.00,4.29152,97.78125
08:01:25,912810UD8,TSRYS5870973,D,S,D,2024-09-03,1000000.00,4.29152,97.78125
08:01:25,912810UD8,TSRYS5870973,D,S,A,2024-09-03,500000.00,4.281109,97.91796875
08:01:25,912810UD8,TSRYS5870973,D,S,T,2024-09-03,1000000.00,4.286907,97.84179687
08:01:25,912810UD8,TSRYS5870973,D,B,C,2024-09-03,1000000.00,4.289734,97.8046875
08:01:25,912810UD8,TSRYS5870973,D,S,D,2024-09-03,1000000.00,4.289734,97.8046875
08:01:26,912810UD8,TSRYS5870973,D,S,A,2024-09-03,30000000.00,4.287651,97.83203125
08:01:26,912810UD8,TSRYS5870973,D,S,D,2024-09-03,1000000.00,4.294796,97.73828125
08:01:27,912810UD8,TSRYS5870973,D,S,A,2024-09-03,200000.00,4.286164,97.8515625
08:01:28,912810UD8,TSRYS5870973,D,S,D,2024-09-03,1000000.00,4.284974,97.8671875
08:01:28,912810UD8,TSRYS5870973,D,S,D,2024-09-03,1000000.00,4.292711,97.765625
08:01:28,912810UD8,TSRYS5870973,D,S,T,2024-09-03,1000000.00,4.284825,97.86914062
08:01:28,912810UD8,TSRYS5870973,D,S,T,2024-09-03,1000000.00,4.307023,97.578125
08:01:29,912810UD8,TSRYS5870973,D,S,T,2024-09-03,2000000.00,4.28542,97.86132812
08:01:29,912810UD8,TSRYS5870973,D,S,T,2024-09-03,1000000.00,4.305829,97.59375
08:01:29,912810UD8,TSRYS5870973,D,S,T,2024-09-03,1000000.00,4.285123,97.86523437
08:01:29,912810UD8,TSRYS5870973,D,S,T,2024-09-03,1000000.00,4.302248,97.640625
08:01:29,912810UD8,TSRYS5870973,D,S,D,2024-09-03,1000000.00,4.285123,97.86523437
08:01:29,912810UD8,TSRYS5870973,D,S,T,2024-09-03,1000000.00,4.29867,97.6875
08:01:29,912810UD8,TSRYS5870973,D,B,C,2024-09-03,19000000.00,4.290698,97.79204
08:01:29,912810UD8,TSRYS5870973,D,S,D,2024-09-03,1000000.00,4.311503,97.51953125
08:01:29,912810UD8,TSRYS5870973,D,S,D,2024-09-03,1000000.00,4.311652,97.517578125
08:01:29,912810UD8,TSRYS5870973,D,S,D,2024-09-03,1000000.00,4.311801,97.515625
08:01:29,912810UD8,TSRYS5870973,D,S,D,2024-09-03,1000000.00,4.312399,97.5078125
08:01:29,912810UD8,TSRYS5870973,D,S,D,2024-09-03,1000000.00,4.293307,97.7578125
08:01:30,912810UD8,TSRYS5870973,D,S,C,2024-09-03,1000000.00,4.293158,97.75976562
08:01:30,912810UD8,TSRYS5870973,D,S,C,2024-09-03,2000000.00,4.293307,97.7578125
08:01:30,912810UD8,TSRYS5870973,D,S,D,2024-09-03,1000000.00,4.293307,97.7578125
08:01:30,912810UD8,TSRYS5870973,D,S,T,2024-09-03,1000000.00,4.296286,97.71875
08:01:31,912810UD8,TSRYS5870973,D,S,D,2024-09-03,1000000.00,4.292711,97.765625
08:01:31,912810UD8,TSRYS5870973,D,S,A,2024-09-03,1500000.00,4.284082,97.87890625
08:01:31,912810UD8,TSRYS5870973,D,S,T,2024-09-03,1000000.00,4.293903,97.75
08:01:32,912810UD8,TSRYS5870973,D,S,T,2024-09-03,1000000.00,4.292562,97.76757812
08:01:33,912810UD8,TSRYS5870973,D,S,C,2024-09-03,1000000.00,4.309561,97.544921875
08:01:33,912810UD8,TSRYS5870973,D,S,C,2024-09-03,1000000.00,4.311951,97.513671875
08:01:33,912810UD8,TSRYS5870973,D,S,T,2024-09-03,2000000.00,4.292711,97.765625
08:01:33,912810UD8,TSRYS5870973,D,S,D,2024-09-03,1000000.00,4.292711,97.765625
08:01:33,912810UD8,TSRYS5870973,D,S,T,2024-09-03,1000000.00,4.289139,97.8125
08:01:33,912810UD8,TSRYS5870973,D,B,C,2024-09-03,1000000.00,4.311801,97.515625
08:01:33,912810UD8,TSRYS5870973,D,S,C,2024-09-03,1000000.00,4.311801,97.515625
08:01:33,912810UD8,TSRYS5870973,D,S,T,2024-09-03,1000000.00,4.29033,97.796875
08:01:33,912810UD8,TSRYS5870973,D,B,C,2024-09-03,1000000.00,4.310606,97.53125
08:01:33,912810UD8,TSRYS5870973,D,S,D,2024-09-03,1000000.00,4.310606,97.53125
08:01:33,912810UD8,TSRYS5870973,D,S,C,2024-09-03,1000000.00,4.307321,97.57421875
08:01:33,912810UD8,TSRYS5870973,D,S,C,2024-09-03,1000000.00,4.307321,97.57421875
08:01:33,912810UD8,TSRYS5870973,D,S,C,2024-09-03,1000000.00,4.307321,97.57421875
08:01:34,912810UD8,TSRYS5870973,D,S,T,2024-09-03,1000000.00,4.288841,97.81640625
08:01:34,912810UD8,TSRYS5870973,D,S,T,2024-09-03,1000000.00,4.28899,97.814453125
08:01:34,912810UD8,TSRYS5870973,D,S,T,2024-09-03,1000000.00,4.288841,97.81640625
08:01:34,912810UD8,TSRYS5870973,D,S,T,2024-09-03,1000000.00,4.288693,97.818359375
08:01:34,912810UD8,TSRYS5870973,D,S,T,2024-09-03,1000000.00,4.292711,97.765625
08:01:37,912810UD8,TSRYS5870973,D,S,C,2024-09-03,5000000.00,4.293254,97.75851
08:01:37,912810UD8,TSRYS5870973,D,S,D,2024-09-03,9000.00,4.289734,97.8046875
08:01:39,912810UD8,TSRYS5870973,D,S,C,2024-09-03,1000000.00,4.307321,97.57421875
08:01:39,912810UD8,TSRYS5870973,D,S,C,2024-09-03,1000000.00,4.307321,97.57421875
08:01:39,912810UD8,TSRYS5870973,D,S,C,2024-09-03,1000000.00,4.307471,97.572265625
08:01:39,912810UD8,TSRYS5870973,D,S,C,2024-09-03,1000000.00,4.307321,97.57421875
08:01:39,912810UD8,TSRYS5870973,D,S,C,2024-09-03,1000000.00,4.307321,97.57421875
08:01:39,912810UD8,TSRYS5870973,D,S,C,2024-09-03,1000000.00,4.307321,97.57421875
08:01:39,912810UD8,TSRYS5870973,D,S,C,2024-09-03,1000000.00,4.307321,97.57421875
08:01:40,912810UD8,TSRYS5870973,D,S,C,2024-09-03,15000000.00,4.291785,97.77778
08:01:41,912810UD8,TSRYS5870973,D,S,A,2024-09-03,50000.00,4.281971,97.90665
08:01:41,912810UD8,TSRYS5870973,D,B,A,2024-09-03,150000.00,4.281109,97.917969
08:01:41,912810UD8,TSRYS5870973,D,B,A,2024-09-03,6250000.00,4.28319,97.890625
08:01:43,912810UD8,TSRYS5870973,D,S,A,2024-09-03,60000.00,4.283487,97.88671875
08:01:43,912810UD8,TSRYS5870973,D,S,A,2024-09-03,29000.00,4.278732,97.94921875
08:01:43,912810UD8,TSRYS5870973,D,B,A,2024-09-03,950000.00,4.283785,97.8828125
08:01:43,912810UD8,TSRYS5870973,D,S,D,2024-09-03,530000.00,4.279327,97.94140625
08:01:46,912810UD8,TSRYS5870973,D,S,C,2024-09-03,1000000.00,4.29867,97.6875
08:01:46,912810UD8,TSRYS5870973,D,B,A,2024-09-03,550000.00,4.284082,97.87890625
08:01:48,912810UD8,TSRYS5870973,D,S,D,2024-09-03,25000.00,4.282298,97.90234375
08:01:48,912810UD8,TSRYS5870973,D,S,D,2024-09-03,60000.00,4.283785,97.8828125
08:01:50,912810UD8,TSRYS5870973,D,S,A,2024-09-03,5000000.00,4.278435,97.953125
08:01:50,912810UD8,TSRYS5870973,D,S,C,2024-09-03,2000000.00,4.280069,97.93164062
08:01:50,912810UD8,TSRYS5870973,D,S,T,2024-09-03,1000000.00,4.279624,97.9375
08:01:50,912810UD8,TSRYS5870973,D,B,C,2024-09-03,1000000.00,4.296286,97.71875
08:01:50,912810UD8,TSRYS5870973,D,S,D,2024-09-03,1000000.00,4.296286,97.71875
08:01:50,912810UD8,TSRYS5870973,D,S,T,2024-09-03,2000000.00,4.280069,97.93164062
08:01:51,912810UD8,TSRYS5870973,D,S,T,2024-09-03,2000000.00,4.280069,97.93164062
08:01:51,912810UD8,TSRYS5870973,D,S,T,2024-09-03,1000000.00,4.279624,97.9375
08:01:51,912810UD8,TSRYS5870973,D,S,T,2024-09-03,1000000.00,4.292711,97.765625
08:01:51,912810UD8,TSRYS5870973,D,S,A,2024-09-03,41000.00,4.289101,97.813
08:01:51,912810UD8,TSRYS5870973,D,S,T,2024-09-03,1000000.00,4.292711,97.765625
08:01:51,912810UD8,TSRYS5870973,D,S,T,2024-09-03,1000000.00,4.292721,97.7655
08:01:51,912810UD8,TSRYS5870973,D,S,T,2024-09-03,4000000.00,4.292721,97.7655
08:01:52,912810UD8,TSRYS5870973,D,S,T,2024-09-03,1000000.00,4.292711,97.765625
08:01:52,912810UD8,TSRYS5870973,D,S,T,2024-09-03,4000000.00,4.292721,97.7655
08:01:52,912810UD8,TSRYS5870973,D,S,T,2024-09-03,1000000.00,4.292721,97.7655
08:01:52,912810UD8,TSRYS5870973,D,S,T,2024-09-03,2000000.00,4.292721,97.7655
08:01:52,912810UD8,TSRYS5870973,D,S,T,2024-09-03,1000000.00,4.292711,97.765625
08:01:52,912810UD8,TSRYS5870973,D,S,T,2024-09-03,1000000.00,4.292721,97.7655
08:01:52,912810UD8,TSRYS5870973,D,S,T,2024-09-03,2000000.00,4.292721,97.7655
08:01:52,912810UD8,TSRYS5870973,D,S,T,2024-09-03,4000000.00,4.295104,97.73425
08:01:53,912810UD8,TSRYS5870973,D,S,T,2024-09-03,1000000.00,4.295104,97.73425
08:01:53,912810UD8,TSRYS5870973,D,S,T,2024-09-03,1000000.00,4.293317,97.7576875
08:01:53,912810UD8,TSRYS5870973,D,S,T,2024-09-03,1000000.00,4.293317,97.7576875
08:01:53,912810UD8,TSRYS5870973,D,S,T,2024-09-03,1000000.00,4.293317,97.7576875
08:01:53,912810UD8,TSRYS5870973,D,S,T,2024-09-03,1000000.00,4.293307,97.7578125
08:01:53,912810UD8,TSRYS5870973,D,S,T,2024-09-03,1000000.00,4.293317,97.7576875
08:01:54,912810UD8,TSRYS5870973,D,S,C,2024-09-03,1000000.00,4.292711,97.765775
08:01:55,912810UD8,TSRYS5870973,D,S,C,2024-09-03,1000000.00,4.295094,97.734525
08:01:55,912810UD8,TSRYS5870973,D,S,C,2024-09-03,1000000.00,4.295094,97.734375
08:01:55,912810UD8,TSRYS5870973,D,S,D,2024-09-03,100000.00,4.29033,97.796875
08:01:55,912810UD8,TSRYS5870973,D,S,D,2024-09-03,100000.00,4.29033,97.796875
08:01:57,912810UD8,TSRYS5870973,D,S,T,2024-09-03,1000000.00,4.280515,97.92578125
08:01:57,912810UD8,TSRYS5870973,D,S,T,2024-09-03,1000000.00,4.280515,97.92578125
08:01:57,912810UD8,TSRYS5870973,D,S,C,2024-09-03,1000000.00,4.311786,97.515825
08:01:58,912810UD8,TSRYS5870973,D,S,D,2024-09-03,1000000.00,4.312997,97.5
08:01:58,912810UD8,TSRYS5870973,D,B,C,2024-09-03,205000.00,4.294796,97.73828125
08:02:00,912810UD8,TSRYS5870973,D,S,C,2024-09-03,1000000.00,4.29867,97.68765
08:02:00,912810UD8,TSRYS5870973,D,B,C,2024-09-03,1000000.00,4.29867,97.6875
08:02:00,912810UD8,TSRYS5870973,D,S,D,2024-09-03,200000.00,4.286313,97.849609375
08:02:00,912810UD8,TSRYS5870973,D,S,T,2024-09-03,1000000.00,4.286164,97.8515625
08:02:00,912810UD8,TSRYS5870973,D,S,T,2024-09-03,1000000.00,4.286164,97.8515625
08:02:00,912810UD8,TSRYS5870973,D,S,T,2024-09-03,1000000.00,4.285718,97.857421875
08:02:00,912810UD8,TSRYS5870973,D,S,T,2024-09-03,1000000.00,4.286015,97.853515625
08:02:00,912810UD8,TSRYS5870973,D,S,T,2024-09-03,1000000.00,4.282596,97.8984375
08:02:00,912810UD8,TSRYS5870973,D,S,T,2024-09-03,1000000.00,4.282744,97.896484375
08:02:00,912810UD8,TSRYS5870973,D,S,C,2024-09-03,2000000.00,4.311801,97.515625
08:02:00,912810UD8,TSRYS5870973,D,S,T,2024-09-03,2000000.00,4.299565,97.67578125
08:02:00,912810UD8,TSRYS5870973,D,S,T,2024-09-03,1000000.00,4.296435,97.716796875
08:02:00,912810UD8,TSRYS5870973,D,S,T,2024-09-03,1000000.00,4.294498,97.7421875
08:02:00,912810UD8,TSRYS5870973,D,S,T,2024-09-03,1000000.00,4.294498,97.7421875
08:02:00,912810UD8,TSRYS5870973,D,S,T,2024-09-03,2000000.00,4.293307,97.7578125
08:02:00,912810UD8,TSRYS5870973,D,S,T,2024-09-03,1000000.00,4.293158,97.759765625
08:02:00,912810UD8,TSRYS5870973,D,S,D,2024-09-03,1000000.00,4.291818,97.77734375
08:02:00,912810UD8,TSRYS5870973,D,S,D,2024-09-03,1000000.00,4.291818,97.77734375
08:02:00,912810UD8,TSRYS5870973,D,S,D,2024-09-03,1000000.00,4.291818,97.77734375
08:02:00,912810UD8,TSRYS5870973,D,S,D,2024-09-03,1000000.00,4.293009,97.76171875
08:02:00,912810UD8,TSRYS5870973,D,S,T,2024-09-03,1000000.00,4.293009,97.76171875
08:02:00,912810UD8,TSRYS5870973,D,S,D,2024-09-03,2000000.00,4.293009,97.76171875
08:02:00,912810UD8,TSRYS5870973,D,S,D,2024-09-03,205000.00,4.294647,97.740234375
08:02:00,912810UD8,TSRYS5870973,D,S,T,2024-09-03,1000000.00,4.292562,97.767578125
08:02:00,912810UD8,TSRYS5870973,D,S,T,2024-09-03,1000000.00,4.292562,97.767578125
08:02:00,912810UD8,TSRYS5870973,D,S,T,2024-09-03,1000000.00,4.294201,97.74609375
08:02:00,912810UD8,TSRYS5870973,D,S,T,2024-09-03,1000000.00,4.294201,97.74609375
08:02:00,912810UD8,TSRYS5870973,D,S,T,2024-09-03,1000000.00,4.294052,97.748046875
08:02:00,912810UD8,TSRYS5870973,D,S,D,2024-09-03,1000000.00,4.293903,97.75
08:02:00,912810UD8,TSRYS5870973,D,S,T,2024-09-03,1000000.00,4.285569,97.859375
08:02:00,912810UD8,TSRYS5870973,D,S,D,2024-09-03,1000000.00,4.310606,97.53125
08:02:00,912810UD8,TSRYS5870973,D,S,D,2024-09-03,370000.00,4.277544,97.96484375
08:02:00,912810UD8,TSRYS5870973,D,S,T,2024-09-03,1000000.00,4.284379,97.875
08:02:00,912810UD8,TSRYS5870973,D,S,C,2024-09-03,1000000.00,4.307011,97.578275
08:02:00,912810UD8,TSRYS5870973,D,S,T,2024-09-03,2000000.00,4.281109,97.91796875
08:02:00,912810UD8,TSRYS5870973,D,S,T,2024-09-03,1000000.00,4.278881,97.947265625
08:02:00,912810UD8,TSRYS5870973,D,S,T,2024-09-03,2000000.00,4.29033,97.796875
08:02:00,912810UD8,TSRYS5870973,D,S,D,2024-09-03,1000000.00,4.29033,97.796875
08:02:00,912810UD8,TSRYS5870973,D,S,T,2024-09-03,1000000.00,4.289585,97.806640625
08:02:00,912810UD8,TSRYS5870973,D,S,T,2024-09-03,1000000.00,4.29033,97.796875
08:02:00,912810UD8,TSRYS5870973,D,S,T,2024-09-03,1000000.00,4.291669,97.779296875
08:02:01,912810UD8,TSRYS5870973,D,S,D,2024-09-03,1000000.00,4.290032,97.80078125
08:02:01,912810UD8,TSRYS5870973,D,S,D,2024-09-03,1000000.00,4.290032,97.80078125
08:02:01,912810UD8,TSRYS5870973,D,S,T,2024-09-03,1000000.00,4.289883,97.802734375
08:02:01,912810UD8,TSRYS5870973,D,S,D,2024-09-03,1000000.00,4.307023,97.578125
08:02:01,912810UD8,TSRYS5870973,D,S,D,2024-09-03,1000000.00,4.307023,97.578125
08:02:01,912810UD8,TSRYS5870973,D,S,T,2024-09-03,1000000.00,4.297478,97.703125
08:02:01,912810UD8,TSRYS5870973,D,S,T,2024-09-03,1000000.00,4.296286,97.71875
08:02:01,912810UD8,TSRYS5870973,D,S,T,2024-09-03,1000000.00,4.296286,97.71875
08:02:01,912810UD8,TSRYS5870973,D,S,T,2024-09-03,1000000.00,4.292711,97.765625
08:02:01,912810UD8,TSRYS5870973,D,S,T,2024-09-03,1000000.00,4.29152,97.78125
08:02:01,912810UD8,TSRYS5870973,D,S,T,2024-09-03,1000000.00,4.293903,97.75
08:02:01,912810UD8,TSRYS5870973,D,S,T,2024-09-03,1000000.00,4.292711,97.765625
08:02:01,912810UD8,TSRYS5870973,D,S,T,2024-09-03,1000000.00,4.29033,97.796875
08:02:01,912810UD8,TSRYS5870973,D,S,T,2024-09-03,1000000.00,4.29033,97.796875
08:02:01,912810UD8,TSRYS5870973,D,S,T,2024-09-03,1000000.00,4.29152,97.78125
08:02:01,912810UD8,TSRYS5870973,D,S,T,2024-09-03,1000000.00,4.287949,97.828125
08:02:01,912810UD8,TSRYS5870973,D,S,T,2024-09-03,1000000.00,4.282001,97.90625
08:02:01,912810UD8,TSRYS5870973,D,S,T,2024-09-03,1000000.00,4.284379,97.875
08:02:01,912810UD8,TSRYS5870973,D,S,D,2024-09-03,1000000.00,4.305829,97.59375
08:02:01,912810UD8,TSRYS5870973,D,S,T,2024-09-03,1000000.00,4.280812,97.921875
08:02:01,912810UD8,TSRYS5870973,D,S,T,2024-09-03,1000000.00,4.280812,97.921875
08:02:01,912810UD8,TSRYS5870973,D,S,T,2024-09-03,1000000.00,4.277247,97.96875
08:02:01,912810UD8,TSRYS5870973,D,S,T,2024-09-03,1000000.00,4.285569,97.859375
08:02:01,912810UD8,TSRYS5870973,D,S,T,2024-09-03,1000000.00,4.285569,97.859375
08:02:01,912810UD8,TSRYS5870973,D,S,T,2024-09-03,1000000.00,4.285569,97.859375
08:02:02,912810UD8,TSRYS5870973,D,S,T,2024-09-03,1000000.00,4.28319,97.890625
08:02:02,912810UD8,TSRYS5870973,D,S,D,2024-09-03,270000.00,4.289139,97.8125
08:02:02,912810UD8,TSRYS5870973,D,S,T,2024-09-03,1000000.00,4.28319,97.890625
08:02:02,912810UD8,TSRYS5870973,D,S,T,2024-09-03,1000000.00,4.28319,97.890625
08:02:02,912810UD8,TSRYS5870973,D,S,T,2024-09-03,1000000.00,4.282001,97.90625
08:02:02,912810UD8,TSRYS5870973,D,S,T,2024-09-03,1000000.00,4.282001,97.90625
08:02:02,912810UD8,TSRYS5870973,D,S,D,2024-09-03,100000.00,4.289139,97.8125
08:02:02,912810UD8,TSRYS5870973,D,S,T,2024-09-03,1000000.00,4.287949,97.828125
08:02:02,912810UD8,TSRYS5870973,D,S,T,2024-09-03,1000000.00,4.29033,97.796875
08:02:02,912810UD8,TSRYS5870973,D,S,T,2024-09-03,1000000.00,4.289139,97.8125
08:02:02,912810UD8,TSRYS5870973,D,S,T,2024-09-03,1000000.00,4.289139,97.8125
08:02:03,912810UD8,TSRYS5870973,D,S,D,2024-09-03,415000.00,4.29033,97.796875
08:02:05,912810UD8,TSRYS5870973,D,S,D,2024-09-03,125000.00,4.288598,97.81960625
08:02:05,912810UD8,TSRYS5870973,D,S,D,2024-09-03,125000.00,4.288841,97.81640625
08:02:06,912810UD8,TSRYS5870973,D,S,D,2024-09-03,1000000.00,4.29569,97.7265625
08:02:06,912810UD8,TSRYS5870973,D,S,D,2024-09-03,1000000.00,4.295243,97.732421875
08:02:06,912810UD8,TSRYS5870973,D,S,D,2024-09-03,1000000.00,4.295094,97.734375
08:02:06,912810UD8,TSRYS5870973,D,B,C,2024-09-03,50MM+,4.292711,97.765625
08:02:08,912810UD8,TSRYS5870973,D,S,A,2024-09-03,350000.00,4.292711,97.765625
08:02:11,912810UD8,TSRYS5870973,D,B,C,2024-09-03,50MM+,4.293903,97.75
08:02:19,912810UD8,TSRYS5870973,D,S,D,2024-09-03,1000000.00,4.302248,97.640625
08:02:20,912810UD8,TSRYS5870973,D,S,C,2024-09-03,1000000.00,4.297461,97.703352
08:02:20,912810UD8,TSRYS5870973,D,S,D,2024-09-03,1000000.00,4.294498,97.7421875
08:02:20,912810UD8,TSRYS5870973,D,B,C,2024-09-03,1000000.00,4.292711,97.765625
08:02:20,912810UD8,TSRYS5870973,D,S,D,2024-09-03,1000000.00,4.292711,97.765625
08:02:20,912810UD8,TSRYS5870973,D,S,D,2024-09-03,1000000.00,4.292711,97.765625
08:02:21,912810UD8,TSRYS5870973,D,S,D,2024-09-03,1000000.00,4.296286,97.71875
08:02:21,912810UD8,TSRYS5870973,D,S,D,2024-09-03,1000000.00,4.296286,97.71875
08:02:21,912810UD8,TSRYS5870973,D,S,D,2024-09-03,1000000.00,4.296286,97.71875
08:02:21,912810UD8,TSRYS5870973,D,S,D,2024-09-03,1000000.00,4.296286,97.71875
08:02:21,912810UD8,TSRYS5870973,D,S,D,2024-09-03,2000000.00,4.296286,97.71875
08:02:21,912810UD8,TSRYS5870973,D,S,D,2024-09-03,4000000.00,4.296286,97.71875
08:02:21,912810UD8,TSRYS5870973,D,S,D,2024-09-03,1000000.00,4.29867,97.6875
08:02:21,912810UD8,TSRYS5870973,D,S,D,2024-09-03,1000000.00,4.29867,97.6875
08:02:21,912810UD8,TSRYS5870973,D,S,D,2024-09-03,1000000.00,4.29867,97.6875
08:02:21,912810UD8,TSRYS5870973,D,S,D,2024-09-03,2000000.00,4.29867,97.6875
08:02:21,912810UD8,TSRYS5870973,D,B,C,2024-09-03,2000000.00,4.29867,97.6875
08:02:21,912810UD8,TSRYS5870973,D,S,D,2024-09-03,1000000.00,4.29867,97.6875
08:02:21,912810UD8,TSRYS5870973,D,S,D,2024-09-03,1000000.00,4.29867,97.6875
08:02:21,912810UD8,TSRYS5870973,D,S,D,2024-09-03,1000000.00,4.29867,97.6875
08:02:21,912810UD8,TSRYS5870973,D,S,D,2024-09-03,1000000.00,4.29867,97.6875
08:02:22,912810UD8,TSRYS5870973,D,S,D,2024-09-03,10000000.00,4.312318,97.508875
08:02:22,912810UD8,TSRYS5870973,D,S,D,2024-09-03,10000000.00,4.31172,97.5166875
08:02:22,912810UD8,TSRYS5870973,D,B,C,2024-09-03,12000000.00,4.307677,97.56957
08:02:22,912810UD8,TSRYS5870973,D,S,T,2024-09-03,1000000.00,4.296286,97.71875
08:02:22,912810UD8,TSRYS5870973,D,S,T,2024-09-03,1000000.00,4.298372,97.69140625
08:02:22,912810UD8,TSRYS5870973,D,S,T,2024-09-03,1000000.00,4.294201,97.74609375
08:02:22,912810UD8,TSRYS5870973,D,S,T,2024-09-03,1000000.00,4.294201,97.74609375
08:02:22,912810UD8,TSRYS5870973,D,S,T,2024-09-03,1000000.00,4.294201,97.74609375
08:02:22,912810UD8,TSRYS5870973,D,S,T,2024-09-03,1000000.00,4.294201,97.74609375
08:02:22,912810UD8,TSRYS5870973,D,S,T,2024-09-03,1000000.00,4.298372,97.69140625
08:02:22,912810UD8,TSRYS5870973,D,S,T,2024-09-03,1000000.00,4.296286,97.71875
08:02:22,912810UD8,TSRYS5870973,D,S,T,2024-09-03,1000000.00,4.294201,97.74609375
08:02:22,912810UD8,TSRYS5870973,D,S,T,2024-09-03,1000000.00,4.294201,97.74609375
08:02:22,912810UD8,TSRYS5870973,D,S,T,2024-09-03,1000000.00,4.294201,97.74609375
08:02:22,912810UD8,TSRYS5870973,D,S,T,2024-09-03,1000000.00,4.294201,97.74609375
08:02:22,912810UD8,TSRYS5870973,D,S,T,2024-09-03,1000000.00,4.294201,97.74609375
08:02:22,912810UD8,TSRYS5870973,D,S,T,2024-09-03,1000000.00,4.294201,97.74609375
08:02:22,912810UD8,TSRYS5870973,D,S,T,2024-09-03,1000000.00,4.293903,97.75
08:02:22,912810UD8,TSRYS5870973,D,S,T,2024-09-03,1000000.00,4.293903,97.75
08:02:22,912810UD8,TSRYS5870973,D,S,T,2024-09-03,1000000.00,4.294201,97.74609375
08:02:22,912810UD8,TSRYS5870973,D,S,T,2024-09-03,1000000.00,4.294201,97.74609375
08:02:22,912810UD8,TSRYS5870973,D,S,T,2024-09-03,1000000.00,4.293009,97.76171875
08:02:22,912810UD8,TSRYS5870973,D,S,T,2024-09-03,1000000.00,4.293456,97.755859375
08:02:22,912810UD8,TSRYS5870973,D,S,T,2024-09-03,1000000.00,4.293456,97.755859375
08:02:22,912810UD8,TSRYS5870973,D,S,T,2024-09-03,1000000.00,4.294498,97.7421875
08:02:22,912810UD8,TSRYS5870973,D,S,T,2024-09-03,1000000.00,4.292265,97.771484375
08:02:22,912810UD8,TSRYS5870973,D,S,T,2024-09-03,1000000.00,4.292414,97.76953125
08:02:22,912810UD8,TSRYS5870973,D,S,T,2024-09-03,1000000.00,4.292265,97.771484375
08:02:22,912810UD8,TSRYS5870973,D,S,T,2024-09-03,1000000.00,4.293456,97.755859375
08:02:22,912810UD8,TSRYS5870973,D,S,T,2024-09-03,1000000.00,4.28661,97.845703125
08:02:22,912810UD8,TSRYS5870973,D,S,T,2024-09-03,1000000.00,4.284974,97.8671875
08:02:22,912810UD8,TSRYS5870973,D,S,T,2024-09-03,1000000.00,4.292414,97.76953125
08:02:22,912810UD8,TSRYS5870973,D,S,T,2024-09-03,1000000.00,4.285272,97.86328125
08:02:22,912810UD8,TSRYS5870973,D,S,T,2024-09-03,1000000.00,4.294498,97.7421875
08:02:22,912810UD8,TSRYS5870973,D,S,T,2024-09-03,1000000.00,4.29152,97.78125
08:02:22,912810UD8,TSRYS5870973,D,S,D,2024-09-03,2000000.00,4.292765,97.764925
08:02:22,912810UD8,TSRYS5870973,D,S,T,2024-09-03,1000000.00,4.288841,97.81640625
08:02:22,912810UD8,TSRYS5870973,D,S,T,2024-09-03,1000000.00,4.285866,97.85546875
08:02:22,912810UD8,TSRYS5870973,D,S,T,2024-09-03,1000000.00,4.285272,97.86328125
08:02:22,912810UD8,TSRYS5870973,D,S,T,2024-09-03,1000000.00,4.292265,97.771484375
08:02:22,912810UD8,TSRYS5870973,D,S,T,2024-09-03,1000000.00,4.292414,97.76953125
08:02:22,912810UD8,TSRYS5870973,D,S,T,2024-09-03,1000000.00,4.292265,97.771484375
08:02:22,912810UD8,TSRYS5870973,D,S,T,2024-09-03,1000000.00,4.285272,97.86328125
08:02:22,912810UD8,TSRYS5870973,D,S,T,2024-09-03,1000000.00,4.285272,97.86328125
08:02:22,912810UD8,TSRYS5870973,D,S,C,2024-09-03,4000000.00,4.288209,97.82471
08:02:22,912810UD8,TSRYS5870973,D,S,T,2024-09-03,1000000.00,4.284974,97.8671875
08:02:22,912810UD8,TSRYS5870973,D,S,T,2024-09-03,1000000.00,4.284082,97.87890625
08:02:22,912810UD8,TSRYS5870973,D,S,T,2024-09-03,1000000.00,4.29152,97.78125
08:02:22,912810UD8,TSRYS5870973,D,S,T,2024-09-03,1000000.00,4.294349,97.744140625
08:02:22,912810UD8,TSRYS5870973,D,S,T,2024-09-03,1000000.00,4.292414,97.76953125
08:02:22,912810UD8,TSRYS5870973,D,S,T,2024-09-03,1000000.00,4.286759,97.84375
08:02:22,912810UD8,TSRYS5870973,D,S,T,2024-09-03,1000000.00,4.288841,97.81640625
08:02:22,912810UD8,TSRYS5870973,D,S,T,2024-09-03,1000000.00,4.28661,97.845703125
08:02:22,912810UD8,TSRYS5870973,D,S,T,2024-09-03,1000000.00,4.285123,97.865234375
08:02:22,912810UD8,TSRYS5870973,D,S,D,2024-09-03,1000000.00,4.29867,97.6875
08:02:22,912810UD8,TSRYS5870973,D,S,D,2024-09-03,1000000.00,4.29867,97.6875
08:02:23,912810UD8,TSRYS5870973,D,S,D,2024-09-03,1000000.00,4.291967,97.775390625
08:02:23,912810UD8,TSRYS5870973,D,S,D,2024-09-03,1000000.00,4.291818,97.77734375
08:02:23,912810UD8,TSRYS5870973,D,S,D,2024-09-03,1000000.00,4.292711,97.765625
08:02:23,912810UD8,TSRYS5870973,D,S,D,2024-09-03,1000000.00,4.292711,97.765625
08:02:23,912810UD8,TSRYS5870973,D,S,D,2024-09-03,1000000.00,4.292711,97.765625
08:02:23,912810UD8,TSRYS5870973,D,S,D,2024-09-03,1000000.00,4.293893,97.75013
08:02:23,912810UD8,TSRYS5870973,D,S,D,2024-09-03,1000000.00,4.292711,97.765625
08:02:23,912810UD8,TSRYS5870973,D,S,D,2024-09-03,1000000.00,4.293009,97.76171875
08:02:23,912810UD8,TSRYS5870973,D,S,T,2024-09-03,2000000.00,4.292711,97.765625
08:02:23,912810UD8,TSRYS5870973,D,B,C,2024-09-03,31000000.00,4.289304,97.81034
08:02:23,912810UD8,TSRYS5870973,D,B,C,2024-09-03,18000000.00,4.294874,97.73726
08:02:23,912810UD8,TSRYS5870973,D,S,D,2024-09-03,1000000.00,4.293009,97.76171875
08:02:23,912810UD8,TSRYS5870973,D,S,D,2024-09-03,1000000.00,4.293009,97.76171875
08:02:23,912810UD8,TSRYS5870973,D,S,D,2024-09-03,1000000.00,4.293009,97.76171875
08:02:23,912810UD8,TSRYS5870973,D,S,D,2024-09-03,1000000.00,4.293009,97.76171875
08:02:23,912810UD8,TSRYS5870973,D,S,D,2024-09-03,1000000.00,4.29286,97.763671875
08:02:23,912810UD8,TSRYS5870973,D,S,D,2024-09-03,1000000.00,4.292711,97.765625
08:02:23,912810UD8,TSRYS5870973,D,S,D,2024-09-03,1000000.00,4.292562,97.767578125
08:02:24,912810UD8,TSRYS5870973,D,S,C,2024-09-03,1000000.00,4.292694,97.765852
08:02:25,912810UD8,TSRYS5870973,D,S,C,2024-09-03,1000000.00,4.295077,97.734602
08:02:25,912810UD8,TSRYS5870973,D,S,D,2024-09-03,1000000.00,4.295084,97.734505
08:02:25,912810UD8,TSRYS5870973,D,S,A,2024-09-03,2000000.00,4.295392,97.73046875
08:02:25,912810UD8,TSRYS5870973,D,S,D,2024-09-03,1000000.00,4.295084,97.734505
08:02:25,912810UD8,TSRYS5870973,D,S,D,2024-09-03,1000000.00,4.295084,97.734505
08:02:25,912810UD8,TSRYS5870973,D,S,D,2024-09-03,1000000.00,4.295084,97.734505
08:02:25,912810UD8,TSRYS5870973,D,B,C,2024-09-03,1000000.00,4.295106,97.734225
08:02:25,912810UD8,TSRYS5870973,D,S,D,2024-09-03,1000000.00,4.293893,97.75013
08:02:25,912810UD8,TSRYS5870973,D,B,C,2024-09-03,1000000.00,4.293903,97.75
08:02:25,912810UD8,TSRYS5870973,D,S,D,2024-09-03,1000000.00,4.293893,97.75013
08:02:25,912810UD8,TSRYS5870973,D,S,D,2024-09-03,1000000.00,4.293893,97.75013
08:02:25,912810UD8,TSRYS5870973,D,S,D,2024-09-03,1000000.00,4.293893,97.75013
08:02:25,912810UD8,TSRYS5870973,D,B,C,2024-09-03,1000000.00,4.293903,97.75
08:02:25,912810UD8,TSRYS5870973,D,B,C,2024-09-03,1000000.00,4.293918,97.7498
08:02:25,912810UD8,TSRYS5870973,D,S,C,2024-09-03,1000000.00,4.293903,97.75
08:02:25,912810UD8,TSRYS5870973,D,B,C,2024-09-03,1000000.00,4.293903,97.75
08:02:25,912810UD8,TSRYS5870973,D,S,C,2024-09-03,1000000.00,4.293903,97.75
08:02:26,912810UD8,TSRYS5870973,D,S,D,2024-09-03,1000000.00,4.295084,97.734505
08:02:26,912810UD8,TSRYS5870973,D,S,D,2024-09-03,1000000.00,4.295084,97.734505
08:02:27,912810UD8,TSRYS5870973,D,S,D,2024-09-03,1000000.00,4.293307,97.7578125
08:02:27,912810UD8,TSRYS5870973,D,S,D,2024-09-03,2000000.00,4.292711,97.765625
08:02:28,912810UD8,TSRYS5870973,D,B,C,2024-09-03,1000000.00,4.29152,97.781075
08:02:28,912810UD8,TSRYS5870973,D,S,D,2024-09-03,1000000.00,4.29152,97.78125
08:02:28,912810UD8,TSRYS5870973,D,S,A,2024-09-03,275000.00,4.288841,97.81640625
08:02:29,912810UD8,TSRYS5870973,D,B,C,2024-09-03,2000000.00,4.297489,97.702975
08:02:29,912810UD8,TSRYS5870973,D,S,D,2024-09-03,1000000.00,4.297468,97.703255
08:02:29,912810UD8,TSRYS5870973,D,B,C,2024-09-03,1000000.00,4.297489,97.702975
08:02:29,912810UD8,TSRYS5870973,D,S,D,2024-09-03,1000000.00,4.297468,97.703255
08:02:29,912810UD8,TSRYS5870973,D,B,C,2024-09-03,1000000.00,4.297478,97.703125
08:02:29,912810UD8,TSRYS5870973,D,S,D,2024-09-03,2000000.00,4.297468,97.703255
08:02:29,912810UD8,TSRYS5870973,D,B,C,2024-09-03,2000000.00,4.297478,97.703125
08:02:29,912810UD8,TSRYS5870973,D,S,D,2024-09-03,1000000.00,4.297468,97.703255
08:02:29,912810UD8,TSRYS5870973,D,B,C,2024-09-03,1000000.00,4.297478,97.703125
08:02:29,912810UD8,TSRYS5870973,D,S,D,2024-09-03,2000000.00,4.297468,97.703255
08:02:30,912810UD8,TSRYS5870973,D,S,C,2024-09-03,1000000.00,4.296274,97.718902
08:02:30,912810UD8,TSRYS5870973,D,S,D,2024-09-03,1000000.00,4.296286,97.71875
08:02:30,912810UD8,TSRYS5870973,D,S,D,2024-09-03,1000000.00,4.296286,97.71875
08:02:31,912810UD8,TSRYS5870973,D,B,C,2024-09-03,2000000.00,4.296286,97.71875
08:02:31,912810UD8,TSRYS5870973,D,S,D,2024-09-03,2000000.00,4.296286,97.71875
08:02:31,912810UD8,TSRYS5870973,D,S,D,2024-09-03,1000000.00,4.296286,97.71875
08:02:31,912810UD8,TSRYS5870973,D,S,D,2024-09-03,1000000.00,4.296286,97.71875
08:02:31,912810UD8,TSRYS5870973,D,B,C,2024-09-03,1000000.00,4.296286,97.71875
08:02:31,912810UD8,TSRYS5870973,D,S,D,2024-09-03,1000000.00,4.296286,97.71875
08:02:31,912810UD8,TSRYS5870973,D,B,C,2024-09-03,1000000.00,4.296309,97.71845
08:02:31,912810UD8,TSRYS5870973,D,S,D,2024-09-03,1000000.00,4.296286,97.71875
08:02:31,912810UD8,TSRYS5870973,D,B,C,2024-09-03,1000000.00,4.296286,97.71875
08:02:31,912810UD8,TSRYS5870973,D,S,D,2024-09-03,1000000.00,4.296286,97.71875
08:02:31,912810UD8,TSRYS5870973,D,S,D,2024-09-03,1000000.00,4.296286,97.71875
08:02:31,912810UD8,TSRYS5870973,D,B,C,2024-09-03,1000000.00,4.296286,97.71875
08:02:31,912810UD8,TSRYS5870973,D,B,C,2024-09-03,4000000.00,4.297478,97.703125
08:02:31,912810UD8,TSRYS5870973,D,S,C,2024-09-03,1000000.00,4.297463,97.703325
08:02:31,912810UD8,TSRYS5870973,D,S,D,2024-09-03,1000000.00,4.297478,97.703125
08:02:31,912810UD8,TSRYS5870973,D,B,C,2024-09-03,2000000.00,4.297489,97.702975
08:02:31,912810UD8,TSRYS5870973,D,S,D,2024-09-03,4000000.00,4.297478,97.703125
08:02:31,912810UD8,TSRYS5870973,D,S,D,2024-09-03,1000000.00,4.297478,97.703125
08:02:31,912810UD8,TSRYS5870973,D,B,C,2024-09-03,1000000.00,4.297478,97.703125
08:02:31,912810UD8,TSRYS5870973,D,B,C,2024-09-03,1000000.00,4.296286,97.71875
08:02:31,912810UD8,TSRYS5870973,D,S,D,2024-09-03,1000000.00,4.296286,97.71875
08:02:31,912810UD8,TSRYS5870973,D,B,C,2024-09-03,1000000.00,4.297493,97.702925
08:02:31,912810UD8,TSRYS5870973,D,B,C,2024-09-03,1000000.00,4.297489,97.702975
08:02:31,912810UD8,TSRYS5870973,D,S,D,2024-09-03,2000000.00,4.297478,97.703125
08:02:31,912810UD8,TSRYS5870973,D,B,C,2024-09-03,1000000.00,4.296301,97.71855
08:02:31,912810UD8,TSRYS5870973,D,B,C,2024-09-03,1000000.00,4.297478,97.703125
08:02:31,912810UD8,TSRYS5870973,D,B,C,2024-09-03,1000000.00,4.297489,97.702975
08:02:31,912810UD8,TSRYS5870973,D,S,D,2024-09-03,1000000.00,4.297478,97.703125
08:02:31,912810UD8,TSRYS5870973,D,S,D,2024-09-03,1000000.00,4.296286,97.71875
08:02:31,912810UD8,TSRYS5870973,D,S,D,2024-09-03,1000000.00,4.297478,97.703125
08:02:32,912810UD8,TSRYS5870973,D,B,A,2024-09-03,1000000.00,4.291223,97.78515625
08:02:33,912810UD8,TSRYS5870973,D,B,C,2024-09-03,1000000.00,4.295106,97.734225
08:02:33,912810UD8,TSRYS5870973,D,S,C,2024-09-03,1000000.00,4.295071,97.734675
08:02:33,912810UD8,TSRYS5870973,D,S,D,2024-09-03,1000000.00,4.293903,97.75
08:02:33,912810UD8,TSRYS5870973,D,B,C,2024-09-03,1000000.00,4.293903,97.75
08:02:33,912810UD8,TSRYS5870973,D,S,D,2024-09-03,1000000.00,4.293903,97.75
08:02:33,912810UD8,TSRYS5870973,D,B,C,2024-09-03,1000000.00,4.293903,97.75
08:02:33,912810UD8,TSRYS5870973,D,S,D,2024-09-03,1000000.00,4.288395,97.82226562
08:02:34,912810UD8,TSRYS5870973,D,S,D,2024-09-03,1000000.00,4.292116,97.7734375
08:02:34,912810UD8,TSRYS5870973,D,S,D,2024-09-03,1000000.00,4.292116,97.7734375
08:02:34,912810UD8,TSRYS5870973,D,S,D,2024-09-03,1000000.00,4.292116,97.7734375
08:02:34,912810UD8,TSRYS5870973,D,S,D,2024-09-03,1000000.00,4.292116,97.7734375
08:02:34,912810UD8,TSRYS5870973,D,S,D,2024-09-03,1000000.00,4.292116,97.7734375
08:02:34,912810UD8,TSRYS5870973,D,B,C,2024-09-03,1000000.00,4.29033,97.7967
08:02:34,912810UD8,TSRYS5870973,D,S,C,2024-09-03,1000000.00,4.29033,97.796875
08:02:34,912810UD8,TSRYS5870973,D,S,D,2024-09-03,1000000.00,4.292116,97.7734375
08:02:34,912810UD8,TSRYS5870973,D,S,D,2024-09-03,1000000.00,4.292116,97.7734375
08:02:35,912810UD8,TSRYS5870973,D,S,D,2024-09-03,1000000.00,4.292711,97.765625
08:02:35,912810UD8,TSRYS5870973,D,S,D,2024-09-03,1000000.00,4.292116,97.7734375
08:02:35,912810UD8,TSRYS5870973,D,S,D,2024-09-03,1000000.00,4.292562,97.76757812
08:02:35,912810UD8,TSRYS5870973,D,S,D,2024-09-03,1000000.00,4.293893,97.75013
08:02:35,912810UD8,TSRYS5870973,D,S,D,2024-09-03,1000000.00,4.293893,97.75013
08:02:35,912810UD8,TSRYS5870973,D,B,C,2024-09-03,1000000.00,4.29392,97.749775
08:02:35,912810UD8,TSRYS5870973,D,S,D,2024-09-03,1000000.00,4.293893,97.75013
08:02:35,912810UD8,TSRYS5870973,D,S,D,2024-09-03,1000000.00,4.293893,97.75013
08:02:35,912810UD8,TSRYS5870973,D,S,D,2024-09-03,1000000.00,4.293893,97.75013
08:02:35,912810UD8,TSRYS5870973,D,B,C,2024-09-03,1000000.00,4.293918,97.7498
08:02:36,912810UD8,TSRYS5870973,D,S,A,2024-09-03,10000.00,4.282862,97.94493125
08:02:36,912810UD8,TSRYS5870973,D,S,D,2024-09-03,22000000.00,4.291983,97.77518
08:02:37,912810UD8,TSRYS5870973,D,S,D,2024-09-03,1000000.00,4.296286,97.71875
08:02:37,912810UD8,TSRYS5870973,D,S,D,2024-09-03,1000000.00,4.296286,97.71875
08:02:37,912810UD8,TSRYS5870973,D,B,C,2024-09-03,1000000.00,4.296286,97.71875
08:02:37,912810UD8,TSRYS5870973,D,B,C,2024-09-03,1000000.00,4.293916,97.749825
08:02:37,912810UD8,TSRYS5870973,D,S,D,2024-09-03,1000000.00,4.293893,97.75013
08:02:38,912810UD8,TSRYS5870973,D,S,D,2024-09-03,1000000.00,4.292116,97.7734375
08:02:38,912810UD8,TSRYS5870973,D,S,D,2024-09-03,1000000.00,4.292116,97.7734375
08:02:38,912810UD8,TSRYS5870973,D,S,C,2024-09-03,1000000.00,4.292116,97.7734375
08:02:38,912810UD8,TSRYS5870973,D,S,D,2024-09-03,1000000.00,4.292116,97.7734375
08:02:38,912810UD8,TSRYS5870973,D,S,D,2024-09-03,1000000.00,4.292116,97.7734375
08:02:38,912810UD8,TSRYS5870973,D,S,D,2024-09-03,1000000.00,4.292116,97.7734375
08:02:38,912810UD8,TSRYS5870973,D,S,D,2024-09-03,1000000.00,4.292116,97.7734375
08:02:38,912810UD8,TSRYS5870973,D,S,D,2024-09-03,1000000.00,4.292116,97.7734375
08:02:38,912810UD8,TSRYS5870973,D,S,D,2024-09-03,1000000.00,4.292116,97.7734375
08:02:38,912810UD8,TSRYS5870973,D,S,D,2024-09-03,1000000.00,4.292116,97.7734375
08:02:39,912810UD8,TSRYS5870973,D,S,D,2024-09-03,1000000.00,4.29152,97.78125
08:02:39,912810UD8,TSRYS5870973,D,S,D,2024-09-03,1000000.00,4.292116,97.7734375
08:02:39,912810UD8,TSRYS5870973,D,S,D,2024-09-03,1000000.00,4.293903,97.75
08:02:39,912810UD8,TSRYS5870973,D,S,D,2024-09-03,1000000.00,4.295084,97.734505
08:02:39,912810UD8,TSRYS5870973,D,S,C,2024-09-03,1000000.00,4.295079,97.734575
08:02:39,912810UD8,TSRYS5870973,D,B,C,2024-09-03,1000000.00,4.292711,97.765625
08:02:39,912810UD8,TSRYS5870973,D,S,D,2024-09-03,1000000.00,4.292711,97.765625
08:02:39,912810UD8,TSRYS5870973,D,B,C,2024-09-03,1000000.00,4.292729,97.7654
08:02:39,912810UD8,TSRYS5870973,D,S,D,2024-09-03,1000000.00,4.292711,97.765625
08:02:39,912810UD8,TSRYS5870973,D,B,C,2024-09-03,1000000.00,4.292725,97.76545
08:02:39,912810UD8,TSRYS5870973,D,S,D,2024-09-03,1000000.00,4.292711,97.765625
08:02:39,912810UD8,TSRYS5870973,D,S,D,2024-09-03,4000000.00,4.289944,97.80194
08:02:39,912810UD8,TSRYS5870973,D,S,D,2024-09-03,1000000.00,4.292711,97.765625
08:02:39,912810UD8,TSRYS5870973,D,S,D,2024-09-03,4000000.00,4.292711,97.765625
08:02:39,912810UD8,TSRYS5870973,D,S,D,2024-09-03,1000000.00,4.292711,97.765625
08:02:39,912810UD8,TSRYS5870973,D,S,D,2024-09-03,1000000.00,4.292711,97.765625
08:02:39,912810UD8,TSRYS5870973,D,S,D,2024-09-03,1000000.00,4.292711,97.765625
08:02:39,912810UD8,TSRYS5870973,D,B,C,2024-09-03,1000000.00,4.292711,97.765625
08:02:39,912810UD8,TSRYS5870973,D,S,D,2024-09-03,1000000.00,4.292414,97.76953125
08:02:39,912810UD8,TSRYS5870973,D,S,D,2024-09-03,1000000.00,4.292711,97.765625
08:02:39,912810UD8,TSRYS5870973,D,B,C,2024-09-03,1000000.00,4.292727,97.765425
08:02:39,912810UD8,TSRYS5870973,D,S,C,2024-09-03,1000000.00,4.292694,97.76585
08:02:39,912810UD8,TSRYS5870973,D,S,C,2024-09-03,1000000.00,4.291505,97.78145
08:02:39,912810UD8,TSRYS5870973,D,S,D,2024-09-03,2000000.00,4.29152,97.78125
08:02:39,912810UD8,TSRYS5870973,D,S,C,2024-09-03,1000000.00,4.291503,97.781475
08:02:39,912810UD8,TSRYS5870973,D,S,D,2024-09-03,1000000.00,4.29152,97.78125
08:02:40,912810UD8,TSRYS5870973,D,B,C,2024-09-03,1000000.00,4.29152,97.78125
08:02:40,912810UD8,TSRYS5870973,D,S,D,2024-09-03,1000000.00,4.29152,97.78125
08:02:40,912810UD8,TSRYS5870973,D,S,D,2024-09-03,1000000.00,4.29151,97.78138
08:02:40,912810UD8,TSRYS5870973,D,S,T,2024-09-03,1000000.00,4.292116,97.7734375
08:02:40,912810UD8,TSRYS5870973,D,B,C,2024-09-03,2000000.00,4.29152,97.78125
08:02:40,912810UD8,TSRYS5870973,D,S,D,2024-09-03,1000000.00,4.29152,97.78125
08:02:40,912810UD8,TSRYS5870973,D,S,D,2024-09-03,1000000.00,4.292265,97.77148437
08:02:40,912810UD8,TSRYS5870973,D,B,C,2024-09-03,1000000.00,4.291536,97.78105
08:02:40,912810UD8,TSRYS5870973,D,S,D,2024-09-03,2000000.00,4.292711,97.765625
08:02:40,912810UD8,TSRYS5870973,D,S,D,2024-09-03,1000000.00,4.292711,97.765625
08:02:40,912810UD8,TSRYS5870973,D,S,D,2024-09-03,1000000.00,4.292711,97.765625
08:02:40,912810UD8,TSRYS5870973,D,B,C,2024-09-03,1000000.00,4.292711,97.765625
08:02:40,912810UD8,TSRYS5870973,D,B,C,2024-09-03,1000000.00,4.292729,97.7654
08:02:40,912810UD8,TSRYS5870973,D,B,C,2024-09-03,2000000.00,4.292729,97.7654
08:02:40,912810UD8,TSRYS5870973,D,S,D,2024-09-03,1000000.00,4.292696,97.765825
08:02:40,912810UD8,TSRYS5870973,D,S,D,2024-09-03,1000000.00,4.291505,97.78145
08:02:40,912810UD8,TSRYS5870973,D,S,D,2024-09-03,1000000.00,4.291505,97.78145
08:02:40,912810UD8,TSRYS5870973,D,S,D,2024-09-03,6000000.00,4.292696,97.765825
08:02:40,912810UD8,TSRYS5870973,D,B,C,2024-09-03,1000000.00,4.291536,97.78105
08:02:40,912810UD8,TSRYS5870973,D,S,D,2024-09-03,1000000.00,4.292711,97.765625
08:02:40,912810UD8,TSRYS5870973,D,S,D,2024-09-03,1000000.00,4.291505,97.78145
08:02:40,912810UD8,TSRYS5870973,D,B,C,2024-09-03,1000000.00,4.291536,97.78105
08:02:40,912810UD8,TSRYS5870973,D,B,C,2024-09-03,1000000.00,4.291536,97.78105
08:02:40,912810UD8,TSRYS5870973,D,B,C,2024-09-03,1000000.00,4.29152,97.78125
08:02:40,912810UD8,TSRYS5870973,D,S,D,2024-09-03,1000000.00,4.291505,97.78145
08:02:40,912810UD8,TSRYS5870973,D,S,D,2024-09-03,1000000.00,4.291505,97.78145
08:02:40,912810UD8,TSRYS5870973,D,S,D,2024-09-03,1000000.00,4.291505,97.78145
08:02:40,912810UD8,TSRYS5870973,D,S,D,2024-09-03,1000000.00,4.292711,97.765625
08:02:40,912810UD8,TSRYS5870973,D,B,C,2024-09-03,1000000.00,4.291536,97.78105
08:02:40,912810UD8,TSRYS5870973,D,S,D,2024-09-03,1000000.00,4.291505,97.78145
08:02:40,912810UD8,TSRYS5870973,D,B,C,2024-09-03,1000000.00,4.291536,97.78105
08:02:40,912810UD8,TSRYS5870973,D,S,D,2024-09-03,1000000.00,4.291505,97.78145
08:02:40,912810UD8,TSRYS5870973,D,S,D,2024-09-03,1000000.00,4.294052,97.748046875
08:02:40,912810UD8,TSRYS5870973,D,S,D,2024-09-03,1000000.00,4.294349,97.744140625
08:02:40,912810UD8,TSRYS5870973,D,S,D,2024-09-03,1000000.00,4.294201,97.74609375
08:02:40,912810UD8,TSRYS5870973,D,S,D,2024-09-03,1000000.00,4.294052,97.748046875
08:02:40,912810UD8,TSRYS5870973,D,S,D,2024-09-03,1000000.00,4.293903,97.75
08:02:40,912810UD8,TSRYS5870973,D,B,C,2024-09-03,1000000.00,4.291536,97.78105
08:02:40,912810UD8,TSRYS5870973,D,S,D,2024-09-03,3000000.00,4.291505,97.78145
08:02:40,912810UD8,TSRYS5870973,D,S,D,2024-09-03,1000000.00,4.291505,97.78145
08:02:40,912810UD8,TSRYS5870973,D,S,D,2024-09-03,1000000.00,4.291505,97.78145
08:02:40,912810UD8,TSRYS5870973,D,S,D,2024-09-03,1000000.00,4.291505,97.78145
08:02:40,912810UD8,TSRYS5870973,D,B,C,2024-09-03,1000000.00,4.29152,97.78125
08:02:40,912810UD8,TSRYS5870973,D,S,D,2024-09-03,1000000.00,4.291505,97.78145
08:02:40,912810UD8,TSRYS5870973,D,S,D,2024-09-03,1000000.00,4.291505,97.78145
08:02:40,912810UD8,TSRYS5870973,D,S,D,2024-09-03,1000000.00,4.291505,97.78145
08:02:40,912810UD8,TSRYS5870973,D,S,D,2024-09-03,1000000.00,4.291505,97.78145
08:02:40,912810UD8,TSRYS5870973,D,S,D,2024-09-03,1000000.00,4.291505,97.78145
08:02:40,912810UD8,TSRYS5870973,D,B,C,2024-09-03,1000000.00,4.291536,97.78105
08:02:40,912810UD8,TSRYS5870973,D,B,C,2024-09-03,1000000.00,4.291536,97.78105
08:02:40,912810UD8,TSRYS5870973,D,S,D,2024-09-03,1000000.00,4.292711,97.765625
08:02:40,912810UD8,TSRYS5870973,D,S,D,2024-09-03,1000000.00,4.291505,97.78145
08:02:40,912810UD8,TSRYS5870973,D,S,D,2024-09-03,1000000.00,4.291505,97.78145
08:02:40,912810UD8,TSRYS5870973,D,B,C,2024-09-03,1000000.00,4.291536,97.78105
08:02:40,912810UD8,TSRYS5870973,D,S,C,2024-09-03,1000000.00,4.293887,97.7502
08:02:41,912810UD8,TSRYS5870973,D,S,D,2024-09-03,1000000.00,4.293893,97.75013
08:02:41,912810UD8,TSRYS5870973,D,B,C,2024-09-03,1000000.00,4.29392,97.749775
08:02:42,912810UD8,TSRYS5870973,D,S,D,2024-09-03,5000000.00,4.295094,97.734375
08:02:42,912810UD8,TSRYS5870973,D,B,C,2024-09-03,5000000.00,4.295111,97.73415
08:02:42,912810UD8,TSRYS5870973,D,S,D,2024-09-03,1000000.00,4.295081,97.734552
08:02:42,912810UD8,TSRYS5870973,D,S,D,2024-09-03,2000000.00,4.295081,97.734552
08:02:42,912810UD8,TSRYS5870973,D,S,D,2024-09-03,1000000.00,4.295081,97.734552
08:02:42,912810UD8,TSRYS5870973,D,B,C,2024-09-03,1000000.00,4.295094,97.734375
08:02:42,912810UD8,TSRYS5870973,D,B,C,2024-09-03,1000000.00,4.295102,97.734275
08:02:42,912810UD8,TSRYS5870973,D,S,D,2024-09-03,1000000.00,4.293889,97.750177
08:02:42,912810UD8,TSRYS5870973,D,B,C,2024-09-03,1000000.00,4.293903,97.75
08:02:42,912810UD8,TSRYS5870973,D,S,D,2024-09-03,1000000.00,4.293903,97.75
08:02:42,912810UD8,TSRYS5870973,D,B,C,2024-09-03,1000000.00,4.29392,97.749775
08:02:42,912810UD8,TSRYS5870973,D,S,D,2024-09-03,1000000.00,4.292711,97.765625
08:02:42,912810UD8,TSRYS5870973,D,S,C,2024-09-03,1000000.00,4.29152,97.7814
08:02:42,912810UD8,TSRYS5870973,D,B,C,2024-09-03,1000000.00,4.29152,97.78125
08:02:42,912810UD8,TSRYS5870973,D,S,D,2024-09-03,1000000.00,4.292562,97.767578125
08:02:42,912810UD8,TSRYS5870973,D,S,D,2024-09-03,1000000.00,4.292711,97.765625
08:02:42,912810UD8,TSRYS5870973,D,S,D,2024-09-03,1000000.00,4.292711,97.765625
08:02:42,912810UD8,TSRYS5870973,D,B,C,2024-09-03,1000000.00,4.292725,97.76545
08:02:42,912810UD8,TSRYS5870973,D,S,D,2024-09-03,1000000.00,4.292711,97.765625
08:02:42,912810UD8,TSRYS5870973,D,B,C,2024-09-03,1000000.00,4.292711,97.765625
08:02:42,912810UD8,TSRYS5870973,D,B,C,2024-09-03,1000000.00,4.290627,97.79296875
08:02:42,912810UD8,TSRYS5870973,D,S,D,2024-09-03,1000000.00,4.290627,97.79296875
08:02:43,912810UD8,TSRYS5870973,D,S,D,2024-09-03,1000000.00,4.29152,97.78125
08:02:43,912810UD8,TSRYS5870973,D,B,C,2024-09-03,1000000.00,4.29152,97.78125
08:02:43,912810UD8,TSRYS5870973,D,B,C,2024-09-03,1000000.00,4.291534,97.781075
08:02:43,912810UD8,TSRYS5870973,D,S,D,2024-09-03,1000000.00,4.29152,97.78125
08:02:43,912810UD8,TSRYS5870973,D,S,C,2024-09-03,1000000.00,4.292696,97.765825
08:02:43,912810UD8,TSRYS5870973,D,S,D,2024-09-03,1000000.00,4.292698,97.765802
08:02:43,912810UD8,TSRYS5870973,D,S,D,2024-09-03,1000000.00,4.292698,97.765802
08:02:43,912810UD8,TSRYS5870973,D,S,D,2024-09-03,1000000.00,4.292698,97.765802
08:02:43,912810UD8,TSRYS5870973,D,S,D,2024-09-03,1000000.00,4.292698,97.765802
08:02:43,912810UD8,TSRYS5870973,D,S,D,2024-09-03,1000000.00,4.292698,97.765802
08:02:43,912810UD8,TSRYS5870973,D,S,D,2024-09-03,2000000.00,4.292698,97.765802
08:02:44,912810UD8,TSRYS5870973,D,S,D,2024-09-03,2000000.00,4.292698,97.765802
08:02:44,912810UD8,TSRYS5870973,D,B,C,2024-09-03,1000000.00,4.288098,97.826171875
08:02:44,912810UD8,TSRYS5870973,D,S,D,2024-09-03,1000000.00,4.288098,97.826171875
08:02:44,912810UD8,TSRYS5870973,D,B,C,2024-09-03,1000000.00,4.288098,97.826171875
08:02:45,912810UD8,TSRYS5870973,D,S,D,2024-09-03,1000000.00,4.288098,97.826171875
08:02:45,912810UD8,TSRYS5870973,D,B,C,2024-09-03,1000000.00,4.290343,97.7967
08:02:45,912810UD8,TSRYS5870973,D,S,C,2024-09-03,1000000.00,4.290314,97.797075
08:02:45,912810UD8,TSRYS5870973,D,S,C,2024-09-03,1000000.00,4.290314,97.797075
08:02:45,912810UD8,TSRYS5870973,D,B,C,2024-09-03,1000000.00,4.290343,97.7967
08:02:45,912810UD8,TSRYS5870973,D,B,C,2024-09-03,1000000.00,4.290343,97.7967
08:02:45,912810UD8,TSRYS5870973,D,S,C,2024-09-03,1000000.00,4.290314,97.797075
08:02:45,912810UD8,TSRYS5870973,D,S,C,2024-09-03,1000000.00,4.290314,97.797075
08:02:45,912810UD8,TSRYS5870973,D,S,C,2024-09-03,1000000.00,4.290314,97.797075
08:02:46,912810UD8,TSRYS5870973,D,B,C,2024-09-03,1000000.00,4.293903,97.75
08:02:46,912810UD8,TSRYS5870973,D,S,D,2024-09-03,1000000.00,4.286907,97.841796875
08:02:46,912810UD8,TSRYS5870973,D,B,C,2024-09-03,1000000.00,4.286015,97.853515625
08:02:46,912810UD8,TSRYS5870973,D,S,D,2024-09-03,1000000.00,4.286015,97.853515625
08:02:46,912810UD8,TSRYS5870973,D,B,A,2024-09-03,28000.00,4.284974,97.8671875
