tradeTime,cusip,issueSymbolIdentifier,priceType,reportingSideCode,contraPartyTypeCode,tradeDate,reportedTradeVolume,lastSaleYield,lastSalePrice
08:00:03,912810UD8,TSRYS5870973,D,S,D,2024-09-04,1000000.00,4.198053,99.017578125
08:00:03,912810UD8,TSRYS5870973,D,S,D,2024-09-04,1000000.00,4.19366,99.076171875
08:00:03,912810UD8,TSRYS5870973,D,S,D,2024-09-04,1000000.00,4.19366,99.076171875
08:00:03,912810UD8,TSRYS5870973,D,S,D,2024-09-04,1000000.00,4.206408,98.90625
08:00:03,912810UD8,TSRYS5870973,D,S,D,2024-09-04,1000000.00,4.200836,98.98046875
08:00:03,912810UD8,TSRYS5870973,D,S,D,2024-09-04,1000000.00,4.201423,98.97265625
08:00:03,912810UD8,TSRYS5870973,D,S,D,2024-09-04,1000000.00,4.200397,98.986328125
08:00:03,912810UD8,TSRYS5870973,D,S,D,2024-09-04,1000000.00,4.198053,99.017578125
08:00:03,912810UD8,TSRYS5870973,D,S,D,2024-09-04,1000000.00,4.198053,99.017578125
08:00:03,912810UD8,TSRYS5870973,D,S,D,2024-09-04,1000000.00,4.198053,99.017578125
08:00:03,912810UD8,TSRYS5870973,D,S,D,2024-09-04,1000000.00,4.198053,99.017578125
08:00:03,912810UD8,TSRYS5870973,D,S,D,2024-09-04,1000000.00,4.198053,99.017578125
08:00:03,912810UD8,TSRYS5870973,D,S,D,2024-09-04,1000000.00,4.198053,99.017578125
08:00:03,912810UD8,TSRYS5870973,D,S,T,2024-09-04,1000000.00,4.198053,99.017578125
08:00:03,912810UD8,TSRYS5870973,D,S,D,2024-09-04,1000000.00,4.198053,99.017578125
08:00:03,912810UD8,TSRYS5870973,D,S,D,2024-09-04,1000000.00,4.198053,99.017578125
08:00:03,912810UD8,TSRYS5870973,D,S,D,2024-09-04,1000000.00,4.198053,99.017578125
08:00:03,912810UD8,TSRYS5870973,D,S,D,2024-09-04,1000000.00,4.198053,99.017578125
08:00:04,912810UD8,TSRYS5870973,D,S,D,2024-09-04,1000000.00,4.193806,99.07421875
08:00:04,912810UD8,TSRYS5870973,D,S,D,2024-09-04,1000000.00,4.193806,99.07421875
08:00:04,912810UD8,TSRYS5870973,D,S,D,2024-09-04,1000000.00,4.193806,99.07421875
08:00:04,912810UD8,TSRYS5870973,D,B,C,2024-09-04,1000000.00,4.186346,99.173828125
08:00:04,912810UD8,TSRYS5870973,D,B,C,2024-09-04,1000000.00,4.186346,99.173828125
08:00:04,912810UD8,TSRYS5870973,D,B,C,2024-09-04,1000000.00,4.1843,99.201171875
08:00:04,912810UD8,TSRYS5870973,D,S,T,2024-09-04,1000000.00,4.182693,99.22265625
08:00:04,912810UD8,TSRYS5870973,D,S,T,2024-09-04,1000000.00,4.182693,99.22265625
08:00:04,912810UD8,TSRYS5870973,D,S,T,2024-09-04,1000000.00,4.182547,99.224609375
08:00:04,912810UD8,TSRYS5870973,D,S,D,2024-09-04,1000000.00,4.182547,99.224609375
08:00:04,912810UD8,TSRYS5870973,D,S,T,2024-09-04,1000000.00,4.182401,99.2265625
08:00:04,912810UD8,TSRYS5870973,D,B,C,2024-09-04,1000000.00,4.182547,99.224609375
08:00:04,912810UD8,TSRYS5870973,D,S,D,2024-09-04,1000000.00,4.181963,99.232421875
08:00:04,912810UD8,TSRYS5870973,D,S,D,2024-09-04,1000000.00,4.184885,99.193359375
08:00:04,912810UD8,TSRYS5870973,D,B,C,2024-09-04,1000000.00,4.190002,99.125
08:00:04,912810UD8,TSRYS5870973,D,B,C,2024-09-04,1000000.00,4.190002,99.125
08:00:04,912810UD8,TSRYS5870973,D,B,C,2024-09-04,1000000.00,4.190002,99.125
08:00:04,912810UD8,TSRYS5870973,D,B,C,2024-09-04,1000000.00,4.190002,99.125
08:00:04,912810UD8,TSRYS5870973,D,B,C,2024-09-04,1000000.00,4.190002,99.125
08:00:04,912810UD8,TSRYS5870973,D,S,T,2024-09-04,1000000.00,4.188686,99.142578125
08:00:04,912810UD8,TSRYS5870973,D,S,T,2024-09-04,1000000.00,4.188832,99.140625
08:00:04,912810UD8,TSRYS5870973,D,S,T,2024-09-04,1000000.00,4.188978,99.138671875
08:00:04,912810UD8,TSRYS5870973,D,S,D,2024-09-04,1000000.00,4.188686,99.142578125
08:00:04,912810UD8,TSRYS5870973,D,S,D,2024-09-04,1000000.00,4.188686,99.142578125
08:00:04,912810UD8,TSRYS5870973,D,S,D,2024-09-04,1000000.00,4.188832,99.140625
08:00:04,912810UD8,TSRYS5870973,D,S,D,2024-09-04,1000000.00,4.188393,99.146484375
08:00:04,912810UD8,TSRYS5870973,D,S,D,2024-09-04,1000000.00,4.188393,99.146484375
08:00:04,912810UD8,TSRYS5870973,D,S,D,2024-09-04,1000000.00,4.188393,99.146484375
08:00:04,912810UD8,TSRYS5870973,D,S,D,2024-09-04,1000000.00,4.188393,99.146484375
08:00:04,912810UD8,TSRYS5870973,D,B,C,2024-09-04,1000000.00,4.188832,99.140625
08:00:04,912810UD8,TSRYS5870973,D,S,D,2024-09-04,1000000.00,4.18854,99.14453125
08:00:04,912810UD8,TSRYS5870973,D,S,D,2024-09-04,1000000.00,4.18854,99.14453125
08:00:04,912810UD8,TSRYS5870973,D,B,C,2024-09-04,1000000.00,4.188832,99.140625
08:00:04,912810UD8,TSRYS5870973,D,S,D,2024-09-04,1000000.00,4.181817,99.234375
08:00:04,912810UD8,TSRYS5870973,D,S,D,2024-09-04,1000000.00,4.181817,99.234375
08:00:04,912810UD8,TSRYS5870973,D,S,D,2024-09-04,1000000.00,4.181525,99.23828125
08:00:04,912810UD8,TSRYS5870973,D,S,D,2024-09-04,1000000.00,4.181525,99.23828125
08:00:04,912810UD8,TSRYS5870973,D,S,D,2024-09-04,1000000.00,4.181525,99.23828125
08:00:04,912810UD8,TSRYS5870973,D,S,T,2024-09-04,1000000.00,4.181525,99.23828125
08:00:04,912810UD8,TSRYS5870973,D,S,D,2024-09-04,1000000.00,4.181379,99.240234375
08:00:04,912810UD8,TSRYS5870973,D,S,D,2024-09-04,1000000.00,4.181525,99.23828125
08:00:04,912810UD8,TSRYS5870973,D,S,D,2024-09-04,1000000.00,4.181525,99.23828125
08:00:04,912810UD8,TSRYS5870973,D,S,D,2024-09-04,1000000.00,4.181525,99.23828125
08:00:04,912810UD8,TSRYS5870973,D,S,D,2024-09-04,1000000.00,4.181379,99.240234375
08:00:04,912810UD8,TSRYS5870973,D,S,D,2024-09-04,1000000.00,4.181379,99.240234375
08:00:04,912810UD8,TSRYS5870973,D,S,D,2024-09-04,1000000.00,4.181379,99.240234375
08:00:04,912810UD8,TSRYS5870973,D,S,D,2024-09-04,1000000.00,4.181525,99.23828125
08:00:04,912810UD8,TSRYS5870973,D,S,D,2024-09-04,1000000.00,4.179772,99.26171875
08:00:06,912810UD8,TSRYS5870973,D,S,A,2024-09-04,200000.00,4.208432,98.88180625
08:00:06,912810UD8,TSRYS5870973,D,S,A,2024-09-04,690000.00,4.209606,98.86568125
08:00:06,912810UD8,TSRYS5870973,D,S,A,2024-09-04,1000000.00,4.209606,98.86568125
08:00:09,912810UD8,TSRYS5870973,D,S,D,2024-09-04,1000000.00,4.182985,99.21875
08:00:09,912810UD8,TSRYS5870973,D,S,D,2024-09-04,1000000.00,4.182985,99.21875
08:00:09,912810UD8,TSRYS5870973,D,S,D,2024-09-04,1000000.00,4.182985,99.21875
08:00:09,912810UD8,TSRYS5870973,D,S,T,2024-09-04,1000000.00,4.182985,99.21875
08:00:10,912810UD8,TSRYS5870973,D,S,T,2024-09-04,1000000.00,4.201716,98.96875
08:00:10,912810UD8,TSRYS5870973,D,S,T,2024-09-04,1000000.00,4.204061,98.9375
08:00:10,912810UD8,TSRYS5870973,D,S,T,2024-09-04,1000000.00,4.184154,99.203125
08:00:10,912810UD8,TSRYS5870973,D,S,T,2024-09-04,1000000.00,4.187662,99.15625
08:00:10,912810UD8,TSRYS5870973,D,S,T,2024-09-04,1000000.00,4.198199,99.015625
08:00:11,912810UD8,TSRYS5870973,D,S,T,2024-09-04,1000000.00,4.17948,99.265625
08:00:12,912810UD8,TSRYS5870973,D,S,C,2024-09-04,10000.00,4.206085,98.91055625
08:00:17,912810UD8,TSRYS5870973,D,S,D,2024-09-04,10000.00,,98.91055625
08:00:18,912810UD8,TSRYS5870973,D,B,A,2024-09-04,190000.00,4.199078,99.00390625
08:00:18,912810UD8,TSRYS5870973,D,B,A,2024-09-04,17000.00,4.199371,99.0
08:00:22,912810UD8,TSRYS5870973,D,S,A,2024-09-04,1720000.00,4.187662,99.15625
08:00:23,912810UD8,TSRYS5870973,D,S,A,2024-09-04,910000.00,4.193221,99.08203125
08:00:26,912810UD8,TSRYS5870973,D,S,C,2024-09-04,10000.00,4.206085,98.96055625
08:00:30,912810UD8,TSRYS5870973,D,S,T,2024-09-04,1000000.00,4.201716,98.96875
08:00:30,912810UD8,TSRYS5870973,D,S,T,2024-09-04,1000000.00,4.201716,98.96875
08:00:30,912810UD8,TSRYS5870973,D,S,T,2024-09-04,1000000.00,4.206408,98.90625
08:00:30,912810UD8,TSRYS5870973,D,S,T,2024-09-04,1000000.00,4.207582,98.890625
08:00:30,912810UD8,TSRYS5870973,D,S,T,2024-09-04,1000000.00,4.207582,98.890625
08:00:30,912810UD8,TSRYS5870973,D,S,T,2024-09-04,1000000.00,4.200543,98.984375
08:00:30,912810UD8,TSRYS5870973,D,S,T,2024-09-04,1000000.00,4.200397,98.986328125
08:00:30,912810UD8,TSRYS5870973,D,S,T,2024-09-04,1000000.00,4.200397,98.986328125
08:00:30,912810UD8,TSRYS5870973,D,S,T,2024-09-04,1000000.00,4.200397,98.986328125
08:00:30,912810UD8,TSRYS5870973,D,S,T,2024-09-04,1000000.00,4.200397,98.986328125
08:00:30,912810UD8,TSRYS5870973,D,S,T,2024-09-04,1000000.00,4.200397,98.986328125
08:00:30,912810UD8,TSRYS5870973,D,S,T,2024-09-04,1000000.00,4.200397,98.986328125
08:00:30,912810UD8,TSRYS5870973,D,S,T,2024-09-04,1000000.00,4.200397,98.986328125
08:00:30,912810UD8,TSRYS5870973,D,S,T,2024-09-04,1000000.00,4.198199,99.015625
08:00:30,912810UD8,TSRYS5870973,D,S,T,2024-09-04,1000000.00,4.198053,99.017578125
08:00:30,912810UD8,TSRYS5870973,D,S,T,2024-09-04,1000000.00,4.198199,99.015625
08:00:30,912810UD8,TSRYS5870973,D,S,T,2024-09-04,1000000.00,4.186493,99.171875
08:00:30,912810UD8,TSRYS5870973,D,S,T,2024-09-04,1000000.00,4.182985,99.21875
08:00:30,912810UD8,TSRYS5870973,D,S,T,2024-09-04,1000000.00,4.182839,99.220703125
08:00:30,912810UD8,TSRYS5870973,D,S,T,2024-09-04,1000000.00,4.182693,99.22265625
08:00:30,912810UD8,TSRYS5870973,D,S,T,2024-09-04,1000000.00,4.182401,99.2265625
08:00:30,912810UD8,TSRYS5870973,D,S,T,2024-09-04,1000000.00,4.182401,99.2265625
08:00:30,912810UD8,TSRYS5870973,D,S,T,2024-09-04,1000000.00,4.182401,99.2265625
08:00:30,912810UD8,TSRYS5870973,D,S,T,2024-09-04,1000000.00,4.188686,99.142578125
08:00:30,912810UD8,TSRYS5870973,D,S,T,2024-09-04,1000000.00,4.18854,99.14453125
08:00:30,912810UD8,TSRYS5870973,D,S,T,2024-09-04,1000000.00,4.188393,99.146484375
08:00:30,912810UD8,TSRYS5870973,D,S,T,2024-09-04,1000000.00,4.181817,99.234375
08:00:30,912810UD8,TSRYS5870973,D,S,T,2024-09-04,1000000.00,4.181817,99.234375
08:00:30,912810UD8,TSRYS5870973,D,S,T,2024-09-04,1000000.00,4.181817,99.234375
08:00:30,912810UD8,TSRYS5870973,D,S,T,2024-09-04,1000000.00,4.181817,99.234375
08:00:30,912810UD8,TSRYS5870973,D,S,T,2024-09-04,1000000.00,4.181817,99.234375
08:00:30,912810UD8,TSRYS5870973,D,S,T,2024-09-04,1000000.00,4.181817,99.234375
08:00:30,912810UD8,TSRYS5870973,D,S,T,2024-09-04,1000000.00,4.181817,99.234375
08:00:30,912810UD8,TSRYS5870973,D,S,T,2024-09-04,1000000.00,4.181817,99.234375
08:00:30,912810UD8,TSRYS5870973,D,S,T,2024-09-04,1000000.00,4.181671,99.236328125
08:00:30,912810UD8,TSRYS5870973,D,S,T,2024-09-04,1000000.00,4.200543,98.984375
08:00:30,912810UD8,TSRYS5870973,D,S,T,2024-09-04,1000000.00,4.200543,98.984375
08:00:30,912810UD8,TSRYS5870973,D,S,T,2024-09-04,1000000.00,4.184154,99.203125
08:00:30,912810UD8,TSRYS5870973,D,S,T,2024-09-04,1000000.00,4.184154,99.203125
08:00:30,912810UD8,TSRYS5870973,D,S,T,2024-09-04,1000000.00,4.201716,98.96875
08:00:30,912810UD8,TSRYS5870973,D,S,T,2024-09-04,1000000.00,4.201716,98.96875
08:00:30,912810UD8,TSRYS5870973,D,S,T,2024-09-04,1000000.00,4.199371,99.0
08:00:30,912810UD8,TSRYS5870973,D,S,T,2024-09-04,1000000.00,4.199371,99.0
08:00:30,912810UD8,TSRYS5870973,D,S,T,2024-09-04,1000000.00,4.199371,99.0
08:00:30,912810UD8,TSRYS5870973,D,S,T,2024-09-04,1000000.00,4.201716,98.96875
08:00:30,912810UD8,TSRYS5870973,D,S,T,2024-09-04,1000000.00,4.207582,98.890625
08:00:30,912810UD8,TSRYS5870973,D,S,T,2024-09-04,1000000.00,4.204795,98.927734375
08:00:30,912810UD8,TSRYS5870973,D,S,T,2024-09-04,1000000.00,4.204648,98.9296875
08:00:30,912810UD8,TSRYS5870973,D,S,T,2024-09-04,1000000.00,4.204648,98.9296875
08:00:31,912810UD8,TSRYS5870973,D,S,T,2024-09-04,1000000.00,4.207582,98.890625
08:00:31,912810UD8,TSRYS5870973,D,S,T,2024-09-04,1000000.00,4.207582,98.890625
08:00:31,912810UD8,TSRYS5870973,D,S,T,2024-09-04,1000000.00,4.207582,98.890625
08:00:31,912810UD8,TSRYS5870973,D,S,T,2024-09-04,1000000.00,4.207582,98.890625
08:00:31,912810UD8,TSRYS5870973,D,S,T,2024-09-04,2000000.00,4.207582,98.890625
08:00:31,912810UD8,TSRYS5870973,D,S,T,2024-09-04,1000000.00,4.205235,98.921875
08:00:31,912810UD8,TSRYS5870973,D,S,T,2024-09-04,1000000.00,4.206115,98.91015625
08:00:31,912810UD8,TSRYS5870973,D,S,T,2024-09-04,1000000.00,4.206408,98.90625
08:00:31,912810UD8,TSRYS5870973,D,S,T,2024-09-04,1000000.00,4.204061,98.9375
08:00:31,912810UD8,TSRYS5870973,D,S,T,2024-09-04,1000000.00,4.204061,98.9375
08:00:31,912810UD8,TSRYS5870973,D,S,T,2024-09-04,1000000.00,4.204061,98.9375
08:00:31,912810UD8,TSRYS5870973,D,S,T,2024-09-04,1000000.00,4.204061,98.9375
08:00:31,912810UD8,TSRYS5870973,D,S,T,2024-09-04,1000000.00,4.204061,98.9375
08:00:31,912810UD8,TSRYS5870973,D,S,T,2024-09-04,1000000.00,4.200543,98.984375
08:00:31,912810UD8,TSRYS5870973,D,S,T,2024-09-04,1000000.00,4.200543,98.984375
08:00:31,912810UD8,TSRYS5870973,D,S,T,2024-09-04,1000000.00,4.202889,98.953125
08:00:31,912810UD8,TSRYS5870973,D,S,T,2024-09-04,1000000.00,4.190002,99.125
08:00:32,912810UD8,TSRYS5870973,D,S,T,2024-09-04,1000000.00,4.193514,99.078125
08:00:32,912810UD8,TSRYS5870973,D,S,T,2024-09-04,1000000.00,4.191611,99.103515625
08:00:32,912810UD8,TSRYS5870973,D,S,T,2024-09-04,1000000.00,4.191319,99.107421875
08:00:32,912810UD8,TSRYS5870973,D,S,T,2024-09-04,1000000.00,4.191465,99.10546875
08:00:32,912810UD8,TSRYS5870973,D,S,T,2024-09-04,1000000.00,4.193514,99.078125
08:00:32,912810UD8,TSRYS5870973,D,S,T,2024-09-04,1000000.00,4.193514,99.078125
08:00:32,912810UD8,TSRYS5870973,D,S,T,2024-09-04,1000000.00,4.193514,99.078125
08:00:32,912810UD8,TSRYS5870973,D,S,T,2024-09-04,1000000.00,4.193514,99.078125
08:00:32,912810UD8,TSRYS5870973,D,S,T,2024-09-04,1000000.00,4.193514,99.078125
08:00:32,912810UD8,TSRYS5870973,D,S,T,2024-09-04,1000000.00,4.193514,99.078125
08:00:32,912810UD8,TSRYS5870973,D,S,T,2024-09-04,1000000.00,4.193514,99.078125
08:00:32,912810UD8,TSRYS5870973,D,S,T,2024-09-04,1000000.00,4.193514,99.078125
08:00:32,912810UD8,TSRYS5870973,D,S,T,2024-09-04,1000000.00,4.194685,99.0625
08:00:32,912810UD8,TSRYS5870973,D,S,T,2024-09-04,1000000.00,4.197028,99.03125
08:00:32,912810UD8,TSRYS5870973,D,S,T,2024-09-04,1000000.00,4.197028,99.03125
08:00:32,912810UD8,TSRYS5870973,D,S,T,2024-09-04,1000000.00,4.197028,99.03125
08:00:32,912810UD8,TSRYS5870973,D,S,T,2024-09-04,1000000.00,4.197028,99.03125
08:00:32,912810UD8,TSRYS5870973,D,S,T,2024-09-04,1000000.00,4.188832,99.140625
08:00:32,912810UD8,TSRYS5870973,D,S,T,2024-09-04,1000000.00,4.190002,99.125
08:00:32,912810UD8,TSRYS5870973,D,S,T,2024-09-04,1000000.00,4.190002,99.125
08:00:32,912810UD8,TSRYS5870973,D,S,T,2024-09-04,1000000.00,4.190002,99.125
08:00:32,912810UD8,TSRYS5870973,D,S,T,2024-09-04,1000000.00,4.181817,99.234375
08:00:32,912810UD8,TSRYS5870973,D,S,T,2024-09-04,1000000.00,4.181817,99.234375
08:00:32,912810UD8,TSRYS5870973,D,S,T,2024-09-04,1000000.00,4.181817,99.234375
08:00:32,912810UD8,TSRYS5870973,D,S,T,2024-09-04,1000000.00,4.182985,99.21875
08:00:32,912810UD8,TSRYS5870973,D,S,T,2024-09-04,1000000.00,4.182985,99.21875
08:00:32,912810UD8,TSRYS5870973,D,S,T,2024-09-04,1000000.00,4.184154,99.203125
08:00:32,912810UD8,TSRYS5870973,D,S,T,2024-09-04,1000000.00,4.184154,99.203125
08:00:32,912810UD8,TSRYS5870973,D,S,T,2024-09-04,1000000.00,4.184154,99.203125
08:00:32,912810UD8,TSRYS5870973,D,S,T,2024-09-04,1000000.00,4.184154,99.203125
08:00:32,912810UD8,TSRYS5870973,D,S,T,2024-09-04,1000000.00,4.184154,99.203125
08:00:32,912810UD8,TSRYS5870973,D,S,T,2024-09-04,1000000.00,4.184154,99.203125
08:00:32,912810UD8,TSRYS5870973,D,S,T,2024-09-04,1000000.00,4.184154,99.203125
08:00:32,912810UD8,TSRYS5870973,D,S,T,2024-09-04,1000000.00,4.184154,99.203125
08:00:32,912810UD8,TSRYS5870973,D,S,T,2024-09-04,1000000.00,4.184154,99.203125
08:00:32,912810UD8,TSRYS5870973,D,S,T,2024-09-04,1000000.00,4.184154,99.203125
08:00:32,912810UD8,TSRYS5870973,D,S,T,2024-09-04,1000000.00,4.184154,99.203125
08:00:32,912810UD8,TSRYS5870973,D,S,T,2024-09-04,2000000.00,4.18737,99.16015625
08:00:32,912810UD8,TSRYS5870973,D,S,T,2024-09-04,2000000.00,4.18737,99.16015625
08:00:32,912810UD8,TSRYS5870973,D,S,T,2024-09-04,2000000.00,4.18737,99.16015625
08:00:32,912810UD8,TSRYS5870973,D,S,T,2024-09-04,1000000.00,4.18737,99.16015625
08:00:32,912810UD8,TSRYS5870973,D,S,T,2024-09-04,1000000.00,4.18737,99.16015625
08:00:32,912810UD8,TSRYS5870973,D,S,T,2024-09-04,1000000.00,4.182401,99.2265625
08:00:32,912810UD8,TSRYS5870973,D,S,T,2024-09-04,1000000.00,4.181817,99.234375
08:00:32,912810UD8,TSRYS5870973,D,S,T,2024-09-04,1000000.00,4.181671,99.236328125
08:00:32,912810UD8,TSRYS5870973,D,S,T,2024-09-04,1000000.00,4.181671,99.236328125
08:00:32,912810UD8,TSRYS5870973,D,S,T,2024-09-04,1000000.00,4.181525,99.23828125
08:00:32,912810UD8,TSRYS5870973,D,S,T,2024-09-04,1000000.00,4.180648,99.25
08:00:32,912810UD8,TSRYS5870973,D,S,T,2024-09-04,1000000.00,4.17948,99.265625
08:00:32,912810UD8,TSRYS5870973,D,S,T,2024-09-04,1000000.00,4.17948,99.265625
08:00:32,912810UD8,TSRYS5870973,D,S,T,2024-09-04,1000000.00,4.17948,99.265625
08:00:32,912810UD8,TSRYS5870973,D,S,T,2024-09-04,1000000.00,4.180648,99.25
08:00:32,912810UD8,TSRYS5870973,D,S,D,2024-09-04,1000000.00,4.181817,99.234375
08:00:32,912810UD8,TSRYS5870973,D,S,D,2024-09-04,1000000.00,4.181817,99.234375
08:00:32,912810UD8,TSRYS5870973,D,S,D,2024-09-04,1000000.00,4.181525,99.23828125
08:00:32,912810UD8,TSRYS5870973,D,S,D,2024-09-04,2000000.00,4.206408,98.90625
08:00:32,912810UD8,TSRYS5870973,D,S,D,2024-09-04,2000000.00,4.206408,98.90625
08:00:32,912810UD8,TSRYS5870973,D,S,D,2024-09-04,1000000.00,4.206408,98.90625
08:00:32,912810UD8,TSRYS5870973,D,S,D,2024-09-04,2000000.00,4.206408,98.90625
08:00:32,912810UD8,TSRYS5870973,D,S,D,2024-09-04,2000000.00,4.208609,98.876953125
08:00:32,912810UD8,TSRYS5870973,D,S,D,2024-09-04,1000000.00,4.208609,98.876953125
08:00:32,912810UD8,TSRYS5870973,D,S,D,2024-09-04,1000000.00,4.200397,98.986328125
08:00:32,912810UD8,TSRYS5870973,D,S,D,2024-09-04,1000000.00,4.193514,99.078125
08:00:33,912810UD8,TSRYS5870973,D,S,D,2024-09-04,3000000.00,4.206408,98.90625
08:00:33,912810UD8,TSRYS5870973,D,S,D,2024-09-04,1000000.00,4.200397,98.986328125
08:00:33,912810UD8,TSRYS5870973,D,S,D,2024-09-04,1000000.00,4.200397,98.986328125
08:00:33,912810UD8,TSRYS5870973,D,S,D,2024-09-04,1000000.00,4.200543,98.984375
08:00:33,912810UD8,TSRYS5870973,D,S,D,2024-09-04,1000000.00,4.200397,98.986328125
08:00:33,912810UD8,TSRYS5870973,D,S,D,2024-09-04,1000000.00,4.200397,98.986328125
08:00:33,912810UD8,TSRYS5870973,D,S,D,2024-09-04,1000000.00,4.200397,98.986328125
08:00:33,912810UD8,TSRYS5870973,D,S,D,2024-09-04,1000000.00,4.200397,98.986328125
08:00:33,912810UD8,TSRYS5870973,D,S,D,2024-09-04,1000000.00,4.200397,98.986328125
08:00:33,912810UD8,TSRYS5870973,D,S,D,2024-09-04,1000000.00,4.198199,99.015625
08:00:33,912810UD8,TSRYS5870973,D,S,D,2024-09-04,1000000.00,4.198053,99.017578125
08:00:33,912810UD8,TSRYS5870973,D,S,D,2024-09-04,1000000.00,4.200397,98.986328125
08:00:33,912810UD8,TSRYS5870973,D,S,D,2024-09-04,1000000.00,4.200397,98.986328125
08:00:33,912810UD8,TSRYS5870973,D,S,D,2024-09-04,1000000.00,4.198199,99.015625
08:00:33,912810UD8,TSRYS5870973,D,S,D,2024-09-04,1000000.00,4.198199,99.015625
08:00:33,912810UD8,TSRYS5870973,D,S,D,2024-09-04,1000000.00,4.198199,99.015625
08:00:33,912810UD8,TSRYS5870973,D,S,D,2024-09-04,1000000.00,4.182985,99.21875
08:00:33,912810UD8,TSRYS5870973,D,S,D,2024-09-04,1000000.00,4.188832,99.140625
08:00:33,912810UD8,TSRYS5870973,D,S,D,2024-09-04,1000000.00,4.188393,99.146484375
08:00:33,912810UD8,TSRYS5870973,D,S,D,2024-09-04,1000000.00,4.182255,99.228515625
08:00:33,912810UD8,TSRYS5870973,D,S,D,2024-09-04,1000000.00,4.182255,99.228515625
08:00:33,912810UD8,TSRYS5870973,D,S,D,2024-09-04,1000000.00,4.182109,99.23046875
08:00:33,912810UD8,TSRYS5870973,D,S,D,2024-09-04,1000000.00,4.182109,99.23046875
08:00:33,912810UD8,TSRYS5870973,D,S,D,2024-09-04,1000000.00,4.181817,99.234375
08:00:33,912810UD8,TSRYS5870973,D,S,D,2024-09-04,1000000.00,4.181817,99.234375
08:00:33,912810UD8,TSRYS5870973,D,S,D,2024-09-04,1000000.00,4.181817,99.234375
08:00:33,912810UD8,TSRYS5870973,D,S,D,2024-09-04,1000000.00,4.181817,99.234375
08:00:33,912810UD8,TSRYS5870973,D,S,D,2024-09-04,1000000.00,4.181817,99.234375
08:00:33,912810UD8,TSRYS5870973,D,S,D,2024-09-04,1000000.00,4.181817,99.234375
08:00:33,912810UD8,TSRYS5870973,D,S,D,2024-09-04,1000000.00,4.181817,99.234375
08:00:33,912810UD8,TSRYS5870973,D,S,D,2024-09-04,1000000.00,4.181671,99.236328125
08:00:37,912810UD8,TSRYS5870973,D,S,A,2024-09-04,27000.00,4.192343,99.09375
08:00:38,912810UD8,TSRYS5870973,D,S,C,2024-09-04,100000.00,4.204648,98.9296875
08:00:38,912810UD8,TSRYS5870973,D,S,T,2024-09-04,1000000.00,4.190295,99.12109375
08:00:38,912810UD8,TSRYS5870973,D,S,A,2024-09-04,457000.00,4.190295,99.12109375
08:00:38,912810UD8,TSRYS5870973,D,S,T,2024-09-04,1000000.00,4.190295,99.12109375
08:00:38,912810UD8,TSRYS5870973,D,S,T,2024-09-04,1000000.00,4.190295,99.12109375
08:00:38,912810UD8,TSRYS5870973,D,B,A,2024-09-04,2000000.00,4.191465,99.10546875
08:00:38,912810UD8,TSRYS5870973,D,S,C,2024-09-04,100000.00,4.194978,99.05859375
08:00:38,912810UD8,TSRYS5870973,D,S,T,2024-09-04,1000000.00,4.192489,99.091796875
08:00:38,912810UD8,TSRYS5870973,D,S,T,2024-09-04,1000000.00,4.184154,99.203125
08:00:38,912810UD8,TSRYS5870973,D,S,T,2024-09-04,1000000.00,4.184154,99.203125
08:00:38,912810UD8,TSRYS5870973,D,S,T,2024-09-04,1000000.00,4.184154,99.203125
08:00:38,912810UD8,TSRYS5870973,D,S,T,2024-09-04,1000000.00,4.184154,99.203125
08:00:38,912810UD8,TSRYS5870973,D,S,T,2024-09-04,1000000.00,4.184154,99.203125
08:00:38,912810UD8,TSRYS5870973,D,S,T,2024-09-04,1000000.00,4.184154,99.203125
08:00:38,912810UD8,TSRYS5870973,D,S,T,2024-09-04,1000000.00,4.184154,99.203125
08:00:38,912810UD8,TSRYS5870973,D,S,T,2024-09-04,1000000.00,4.184154,99.203125
08:00:39,912810UD8,TSRYS5870973,D,S,D,2024-09-04,1000000.00,4.20113,98.9765625
08:00:39,912810UD8,TSRYS5870973,D,S,C,2024-09-04,750000.00,4.187662,99.15625
08:00:42,912810UD8,TSRYS5870973,D,S,C,2024-09-04,150000.00,4.186785,99.16796875
08:00:43,912810UD8,TSRYS5870973,D,S,C,2024-09-04,390000.00,4.188832,99.140625
08:00:43,912810UD8,TSRYS5870973,D,S,D,2024-09-04,2400000.00,4.18854,99.14453125
08:00:43,912810UD8,TSRYS5870973,D,B,C,2024-09-04,2400000.00,4.18854,99.14453125
08:00:45,912810UD8,TSRYS5870973,D,S,C,2024-09-04,30000000.00,4.200543,98.984375
08:00:47,912810UD8,TSRYS5870973,D,B,A,2024-09-04,1500000.00,4.193514,99.078125
08:00:50,912810UD8,TSRYS5870973,D,S,D,2024-09-04,1000000.00,4.190587,99.1171875
08:00:50,912810UD8,TSRYS5870973,D,S,D,2024-09-04,1000000.00,4.183862,99.20703125
08:00:56,912810UD8,TSRYS5870973,D,S,A,2024-09-04,1000000.00,4.205528,98.91996875
08:00:56,912810UD8,TSRYS5870973,D,S,A,2024-09-04,1000000.00,4.202565,98.95943125
08:00:59,912810UD8,TSRYS5870973,D,S,T,2024-09-04,2000000.00,4.181525,99.23828125
08:00:59,912810UD8,TSRYS5870973,D,S,T,2024-09-04,2000000.00,4.181525,99.23828125
08:01:00,912810UD8,TSRYS5870973,D,S,D,2024-09-04,310000.00,4.192343,99.09375
08:01:01,912810UD8,TSRYS5870973,D,S,D,2024-09-04,2000000.00,4.186493,99.171875
08:01:01,912810UD8,TSRYS5870973,D,S,D,2024-09-04,1000000.00,4.186785,99.16796875
08:01:01,912810UD8,TSRYS5870973,D,S,A,2024-09-04,1200000.00,4.199664,98.99609375
08:01:02,912810UD8,TSRYS5870973,D,S,D,2024-09-04,1000000.00,4.182985,99.21875
08:01:02,912810UD8,TSRYS5870973,D,S,D,2024-09-04,1000000.00,4.182985,99.21875
08:01:02,912810UD8,TSRYS5870973,D,S,D,2024-09-04,1000000.00,4.182985,99.21875
08:01:02,912810UD8,TSRYS5870973,D,B,C,2024-09-04,1000000.00,4.207288,98.89453125
08:01:02,912810UD8,TSRYS5870973,D,S,C,2024-09-04,1000000.00,4.203182,98.94921875
08:01:02,912810UD8,TSRYS5870973,D,S,C,2024-09-04,1000000.00,4.207288,98.89453125
08:01:02,912810UD8,TSRYS5870973,D,S,D,2024-09-04,1000000.00,4.207582,98.890625
08:01:02,912810UD8,TSRYS5870973,D,S,D,2024-09-04,1000000.00,4.205821,98.9140625
08:01:03,912810UD8,TSRYS5870973,D,B,A,2024-09-04,2020000.00,4.18854,99.14453125
08:01:03,912810UD8,TSRYS5870973,D,B,C,2024-09-04,1000000.00,4.20113,98.9765625
08:01:03,912810UD8,TSRYS5870973,D,S,D,2024-09-04,1000000.00,4.20113,98.9765625
08:01:03,912810UD8,TSRYS5870973,D,S,C,2024-09-04,1000000.00,4.200836,98.98046875
08:01:03,912810UD8,TSRYS5870973,D,S,C,2024-09-04,1000000.00,4.201423,98.97265625
08:01:04,912810UD8,TSRYS5870973,D,B,C,2024-09-04,1000000.00,4.190587,99.1171875
08:01:04,912810UD8,TSRYS5870973,D,S,D,2024-09-04,1000000.00,4.190587,99.1171875
08:01:04,912810UD8,TSRYS5870973,D,S,D,2024-09-04,1000000.00,4.183862,99.20703125
08:01:04,912810UD8,TSRYS5870973,D,S,D,2024-09-04,3000000.00,4.182985,99.21875
08:01:04,912810UD8,TSRYS5870973,D,S,D,2024-09-04,300000.00,4.180648,99.25
08:01:04,912810UD8,TSRYS5870973,D,B,C,2024-09-04,1000000.00,4.192636,99.08984375
08:01:04,912810UD8,TSRYS5870973,D,S,D,2024-09-04,1000000.00,4.194685,99.0625
08:01:04,912810UD8,TSRYS5870973,D,B,C,2024-09-04,1000000.00,4.194685,99.0625
08:01:04,912810UD8,TSRYS5870973,D,S,C,2024-09-04,1000000.00,4.192636,99.08984375
08:01:04,912810UD8,TSRYS5870973,D,S,C,2024-09-04,1000000.00,4.194099,99.0703125
08:01:04,912810UD8,TSRYS5870973,D,B,C,2024-09-04,1000000.00,4.194099,99.0703125
08:01:05,912810UD8,TSRYS5870973,D,S,D,2024-09-04,1000000.00,4.186785,99.16796875
08:01:05,912810UD8,TSRYS5870973,D,S,C,2024-09-04,910000.00,4.1862,99.17578125
08:01:07,912810UD8,TSRYS5870973,D,S,T,2024-09-04,1000000.00,4.199371,99.0
08:01:07,912810UD8,TSRYS5870973,D,S,T,2024-09-04,1000000.00,4.199371,99.0
08:01:07,912810UD8,TSRYS5870973,D,S,T,2024-09-04,1000000.00,4.194685,99.0625
08:01:07,912810UD8,TSRYS5870973,D,S,A,2024-09-04,290000.00,4.185286,99.188
08:01:10,912810UD8,TSRYS5870973,D,S,A,2024-09-04,182000.00,4.194685,99.0625
08:01:10,912810UD8,TSRYS5870973,D,S,D,2024-09-04,1000000.00,4.207582,98.890625
08:01:11,912810UD8,TSRYS5870973,D,S,T,2024-09-04,1000000.00,4.206408,98.90625
08:01:11,912810UD8,TSRYS5870973,D,S,T,2024-09-04,1000000.00,4.206408,98.90625
08:01:11,912810UD8,TSRYS5870973,D,S,T,2024-09-04,1000000.00,4.206408,98.90625
08:01:11,912810UD8,TSRYS5870973,D,S,T,2024-09-04,1000000.00,4.206408,98.90625
08:01:11,912810UD8,TSRYS5870973,D,S,T,2024-09-04,1000000.00,4.206408,98.90625
08:01:11,912810UD8,TSRYS5870973,D,S,T,2024-09-04,1000000.00,4.206408,98.90625
08:01:12,912810UD8,TSRYS5870973,D,S,T,2024-09-04,1000000.00,4.206408,98.90625
08:01:12,912810UD8,TSRYS5870973,D,S,T,2024-09-04,1000000.00,4.206408,98.90625
08:01:12,912810UD8,TSRYS5870973,D,S,T,2024-09-04,1000000.00,4.206408,98.90625
08:01:12,912810UD8,TSRYS5870973,D,S,T,2024-09-04,1000000.00,4.206408,98.90625
08:01:12,912810UD8,TSRYS5870973,D,S,T,2024-09-04,1000000.00,4.206408,98.90625
08:01:12,912810UD8,TSRYS5870973,D,S,T,2024-09-04,1000000.00,4.206408,98.90625
08:01:12,912810UD8,TSRYS5870973,D,S,T,2024-09-04,1000000.00,4.206408,98.90625
08:01:12,912810UD8,TSRYS5870973,D,S,T,2024-09-04,1000000.00,4.206408,98.90625
08:01:12,912810UD8,TSRYS5870973,D,S,D,2024-09-04,4000000.00,4.207238,98.8952
08:01:12,912810UD8,TSRYS5870973,D,S,T,2024-09-04,1000000.00,4.205235,98.921875
08:01:12,912810UD8,TSRYS5870973,D,S,T,2024-09-04,1000000.00,4.206408,98.90625
08:01:12,912810UD8,TSRYS5870973,D,S,T,2024-09-04,1000000.00,4.206408,98.90625
08:01:12,912810UD8,TSRYS5870973,D,S,T,2024-09-04,1000000.00,4.206408,98.90625
08:01:12,912810UD8,TSRYS5870973,D,S,T,2024-09-04,1000000.00,4.206555,98.904296875
08:01:12,912810UD8,TSRYS5870973,D,S,T,2024-09-04,1000000.00,4.205235,98.921875
08:01:12,912810UD8,TSRYS5870973,D,S,T,2024-09-04,1000000.00,4.205235,98.921875
08:01:12,912810UD8,TSRYS5870973,D,S,T,2024-09-04,1000000.00,4.205235,98.921875
08:01:12,912810UD8,TSRYS5870973,D,S,T,2024-09-04,1000000.00,4.205235,98.921875
08:01:12,912810UD8,TSRYS5870973,D,S,T,2024-09-04,1000000.00,4.205235,98.921875
08:01:12,912810UD8,TSRYS5870973,D,S,T,2024-09-04,1000000.00,4.205235,98.921875
08:01:12,912810UD8,TSRYS5870973,D,S,T,2024-09-04,1000000.00,4.205235,98.921875
08:01:12,912810UD8,TSRYS5870973,D,S,T,2024-09-04,1000000.00,4.204061,98.9375
08:01:12,912810UD8,TSRYS5870973,D,S,T,2024-09-04,1000000.00,4.204061,98.9375
08:01:13,912810UD8,TSRYS5870973,D,S,T,2024-09-04,1000000.00,4.199371,99.0
08:01:13,912810UD8,TSRYS5870973,D,S,T,2024-09-04,1000000.00,4.199371,99.0
08:01:13,912810UD8,TSRYS5870973,D,S,T,2024-09-04,1000000.00,4.199371,99.0
08:01:15,912810UD8,TSRYS5870973,D,S,D,2024-09-04,750000.00,4.187662,99.15625
08:01:16,912810UD8,TSRYS5870973,D,S,A,2024-09-04,800000.00,4.189417,99.1328125
08:01:16,912810UD8,TSRYS5870973,D,S,A,2024-09-04,60000.00,4.20022,98.99701458333
08:01:17,912810UD8,TSRYS5870973,D,S,T,2024-09-04,1000000.00,4.195867,99.046723
08:01:17,912810UD8,TSRYS5870973,D,B,A,2024-09-04,1000000.00,4.195867,99.046723
08:01:17,912810UD8,TSRYS5870973,D,S,T,2024-09-04,3000000.00,4.195867,99.046723
08:01:17,912810UD8,TSRYS5870973,D,B,A,2024-09-04,3000000.00,4.195867,99.046723
08:01:18,912810UD8,TSRYS5870973,D,S,D,2024-09-04,1000000.00,4.205675,98.91601562
08:01:18,912810UD8,TSRYS5870973,D,S,D,2024-09-04,1000000.00,4.204501,98.93164062
08:01:18,912810UD8,TSRYS5870973,D,S,T,2024-09-04,1000000.00,4.204501,98.93164062
08:01:18,912810UD8,TSRYS5870973,D,S,T,2024-09-04,1000000.00,4.204501,98.93164062
08:01:18,912810UD8,TSRYS5870973,D,S,D,2024-09-04,1000000.00,4.204501,98.93164062
08:01:18,912810UD8,TSRYS5870973,D,S,T,2024-09-04,1000000.00,4.204501,98.93164062
08:01:18,912810UD8,TSRYS5870973,D,S,D,2024-09-04,1000000.00,4.204501,98.93164062
08:01:18,912810UD8,TSRYS5870973,D,S,D,2024-09-04,60000.00,4.196735,99.03515625
08:01:18,912810UD8,TSRYS5870973,D,S,T,2024-09-04,1000000.00,4.204501,98.93164062
08:01:19,912810UD8,TSRYS5870973,D,S,D,2024-09-04,2000000.00,4.204501,98.93164062
08:01:19,912810UD8,TSRYS5870973,D,S,T,2024-09-04,1000000.00,4.206115,98.91015625
08:01:19,912810UD8,TSRYS5870973,D,S,T,2024-09-04,1000000.00,4.204501,98.93164062
08:01:19,912810UD8,TSRYS5870973,D,S,T,2024-09-04,1000000.00,4.207288,98.89453125
08:01:19,912810UD8,TSRYS5870973,D,S,D,2024-09-04,1000000.00,4.204501,98.93164062
08:01:19,912810UD8,TSRYS5870973,D,S,T,2024-09-04,1000000.00,4.206408,98.90625
08:01:19,912810UD8,TSRYS5870973,D,S,D,2024-09-04,1000000.00,4.206408,98.90625
08:01:19,912810UD8,TSRYS5870973,D,S,D,2024-09-04,100000.00,4.179188,99.26953125
08:01:19,912810UD8,TSRYS5870973,D,S,T,2024-09-04,1000000.00,4.204795,98.92773437
08:01:19,912810UD8,TSRYS5870973,D,S,D,2024-09-04,1000000.00,4.206408,98.90625
08:01:19,912810UD8,TSRYS5870973,D,S,D,2024-09-04,1000000.00,4.205675,98.91601562
08:01:20,912810UD8,TSRYS5870973,D,S,C,2024-09-04,7000000.00,4.206355,98.90695
08:01:20,912810UD8,TSRYS5870973,D,S,D,2024-09-04,1000000.00,4.207582,98.890625
08:01:20,912810UD8,TSRYS5870973,D,S,C,2024-09-04,1000000.00,4.207582,98.890625
08:01:20,912810UD8,TSRYS5870973,D,S,C,2024-09-04,3000000.00,4.208556,98.87765
08:01:20,912810UD8,TSRYS5870973,D,S,C,2024-09-04,4000000.00,4.206355,98.90695
08:01:20,912810UD8,TSRYS5870973,D,S,T,2024-09-04,1000000.00,4.207582,98.890625
08:01:20,912810UD8,TSRYS5870973,D,S,T,2024-09-04,1000000.00,4.207582,98.890625
08:01:21,912810UD8,TSRYS5870973,D,S,A,2024-09-04,800000.00,4.194685,99.0625
08:01:21,912810UD8,TSRYS5870973,D,S,T,2024-09-04,2000000.00,4.206408,98.90625
08:01:21,912810UD8,TSRYS5870973,D,S,T,2024-09-04,2000000.00,4.206261,98.908203125
08:01:21,912810UD8,TSRYS5870973,D,S,T,2024-09-04,1000000.00,4.206115,98.91015625
08:01:21,912810UD8,TSRYS5870973,D,S,T,2024-09-04,1000000.00,4.180648,99.25
08:01:21,912810UD8,TSRYS5870973,D,S,T,2024-09-04,1000000.00,4.206408,98.90625
08:01:21,912810UD8,TSRYS5870973,D,S,T,2024-09-04,1000000.00,4.206408,98.90625
08:01:21,912810UD8,TSRYS5870973,D,S,T,2024-09-04,1000000.00,4.206408,98.90625
08:01:21,912810UD8,TSRYS5870973,D,S,T,2024-09-04,1000000.00,4.206408,98.90625
08:01:21,912810UD8,TSRYS5870973,D,S,T,2024-09-04,1000000.00,4.206408,98.90625
08:01:21,912810UD8,TSRYS5870973,D,S,T,2024-09-04,1000000.00,4.206408,98.90625
08:01:21,912810UD8,TSRYS5870973,D,S,T,2024-09-04,1000000.00,4.206408,98.90625
08:01:21,912810UD8,TSRYS5870973,D,S,T,2024-09-04,1000000.00,4.206408,98.90625
08:01:21,912810UD8,TSRYS5870973,D,S,T,2024-09-04,1000000.00,4.206408,98.90625
08:01:21,912810UD8,TSRYS5870973,D,S,T,2024-09-04,1000000.00,4.206408,98.90625
08:01:21,912810UD8,TSRYS5870973,D,S,T,2024-09-04,1000000.00,4.206408,98.90625
08:01:21,912810UD8,TSRYS5870973,D,S,T,2024-09-04,1000000.00,4.206408,98.90625
08:01:21,912810UD8,TSRYS5870973,D,B,C,2024-09-04,1000000.00,4.185908,99.1796875
08:01:21,912810UD8,TSRYS5870973,D,S,D,2024-09-04,1000000.00,4.185908,99.1796875
08:01:21,912810UD8,TSRYS5870973,D,S,D,2024-09-04,1000000.00,4.184154,99.203125
08:01:21,912810UD8,TSRYS5870973,D,B,C,2024-09-04,1000000.00,4.184154,99.203125
08:01:21,912810UD8,TSRYS5870973,D,B,C,2024-09-04,1000000.00,4.182693,99.22265625
08:01:21,912810UD8,TSRYS5870973,D,S,D,2024-09-04,1000000.00,4.182693,99.22265625
08:01:21,912810UD8,TSRYS5870973,D,S,T,2024-09-04,1000000.00,4.206408,98.90625
08:01:21,912810UD8,TSRYS5870973,D,S,T,2024-09-04,1000000.00,4.206408,98.90625
08:01:21,912810UD8,TSRYS5870973,D,S,C,2024-09-04,1000000.00,4.182985,99.21875
08:01:21,912810UD8,TSRYS5870973,D,S,T,2024-09-04,1000000.00,4.205235,98.921875
08:01:21,912810UD8,TSRYS5870973,D,S,T,2024-09-04,1000000.00,4.205235,98.921875
08:01:21,912810UD8,TSRYS5870973,D,S,T,2024-09-04,1000000.00,4.205235,98.921875
08:01:21,912810UD8,TSRYS5870973,D,S,T,2024-09-04,1000000.00,4.205235,98.921875
08:01:21,912810UD8,TSRYS5870973,D,S,T,2024-09-04,1000000.00,4.205235,98.921875
08:01:22,912810UD8,TSRYS5870973,D,S,T,2024-09-04,1000000.00,4.205235,98.921875
08:01:22,912810UD8,TSRYS5870973,D,S,T,2024-09-04,1000000.00,4.205235,98.921875
08:01:22,912810UD8,TSRYS5870973,D,B,C,2024-09-04,1000000.00,4.185031,99.19140625
08:01:22,912810UD8,TSRYS5870973,D,S,D,2024-09-04,1000000.00,4.185031,99.19140625
08:01:22,912810UD8,TSRYS5870973,D,B,C,2024-09-04,1000000.00,4.185323,99.1875
08:01:22,912810UD8,TSRYS5870973,D,S,D,2024-09-04,1000000.00,4.185323,99.1875
08:01:22,912810UD8,TSRYS5870973,D,B,C,2024-09-04,1000000.00,4.185323,99.1875
08:01:22,912810UD8,TSRYS5870973,D,S,D,2024-09-04,1000000.00,4.185323,99.1875
08:01:22,912810UD8,TSRYS5870973,D,B,C,2024-09-04,1000000.00,4.185323,99.1875
08:01:22,912810UD8,TSRYS5870973,D,B,C,2024-09-04,1000000.00,4.185323,99.1875
08:01:22,912810UD8,TSRYS5870973,D,S,D,2024-09-04,1000000.00,4.185323,99.1875
08:01:22,912810UD8,TSRYS5870973,D,S,D,2024-09-04,1000000.00,4.185323,99.1875
08:01:22,912810UD8,TSRYS5870973,D,B,C,2024-09-04,1000000.00,4.185323,99.1875
08:01:22,912810UD8,TSRYS5870973,D,S,D,2024-09-04,1000000.00,4.185323,99.1875
08:01:22,912810UD8,TSRYS5870973,D,B,C,2024-09-04,1000000.00,4.185323,99.1875
08:01:22,912810UD8,TSRYS5870973,D,S,D,2024-09-04,1000000.00,4.185323,99.1875
08:01:22,912810UD8,TSRYS5870973,D,S,A,2024-09-04,514000.00,4.192928,99.0859375
08:01:22,912810UD8,TSRYS5870973,D,B,C,2024-09-04,1000000.00,4.190002,99.125
08:01:22,912810UD8,TSRYS5870973,D,S,T,2024-09-04,1000000.00,4.204061,98.9375
08:01:22,912810UD8,TSRYS5870973,D,S,D,2024-09-04,1000000.00,4.190002,99.125
08:01:22,912810UD8,TSRYS5870973,D,B,C,2024-09-04,1000000.00,4.190002,99.125
08:01:22,912810UD8,TSRYS5870973,D,S,C,2024-09-04,1000000.00,4.190002,99.125
08:01:22,912810UD8,TSRYS5870973,D,S,T,2024-09-04,1000000.00,4.204061,98.9375
08:01:22,912810UD8,TSRYS5870973,D,S,T,2024-09-04,1000000.00,4.204061,98.9375
08:01:22,912810UD8,TSRYS5870973,D,S,T,2024-09-04,1000000.00,4.204061,98.9375
08:01:22,912810UD8,TSRYS5870973,D,S,T,2024-09-04,1000000.00,4.204061,98.9375
08:01:22,912810UD8,TSRYS5870973,D,B,C,2024-09-04,1000000.00,4.190002,99.125
08:01:22,912810UD8,TSRYS5870973,D,S,D,2024-09-04,1000000.00,4.190002,99.125
08:01:22,912810UD8,TSRYS5870973,D,B,C,2024-09-04,1000000.00,4.18971,99.12890625
08:01:22,912810UD8,TSRYS5870973,D,S,D,2024-09-04,1000000.00,4.18971,99.12890625
08:01:22,912810UD8,TSRYS5870973,D,S,C,2024-09-04,1000000.00,4.188832,99.140625
08:01:22,912810UD8,TSRYS5870973,D,B,C,2024-09-04,1000000.00,4.188832,99.140625
08:01:22,912810UD8,TSRYS5870973,D,B,C,2024-09-04,1000000.00,4.188832,99.140625
08:01:22,912810UD8,TSRYS5870973,D,S,D,2024-09-04,1000000.00,4.188832,99.140625
08:01:22,912810UD8,TSRYS5870973,D,B,C,2024-09-04,1000000.00,4.188832,99.140625
08:01:22,912810UD8,TSRYS5870973,D,S,D,2024-09-04,1000000.00,4.188832,99.140625
08:01:22,912810UD8,TSRYS5870973,D,B,C,2024-09-04,1000000.00,4.188832,99.140625
08:01:22,912810UD8,TSRYS5870973,D,S,D,2024-09-04,1000000.00,4.188832,99.140625
08:01:22,912810UD8,TSRYS5870973,D,B,C,2024-09-04,1000000.00,4.188832,99.140625
08:01:22,912810UD8,TSRYS5870973,D,S,D,2024-09-04,1000000.00,4.188832,99.140625
08:01:22,912810UD8,TSRYS5870973,D,B,C,2024-09-04,1000000.00,4.188832,99.140625
08:01:22,912810UD8,TSRYS5870973,D,B,C,2024-09-04,1000000.00,4.188832,99.140625
08:01:22,912810UD8,TSRYS5870973,D,S,C,2024-09-04,1000000.00,4.188832,99.140625
08:01:22,912810UD8,TSRYS5870973,D,S,C,2024-09-04,1000000.00,4.188832,99.140625
08:01:22,912810UD8,TSRYS5870973,D,B,C,2024-09-04,1000000.00,4.188832,99.140625
08:01:22,912810UD8,TSRYS5870973,D,S,D,2024-09-04,1000000.00,4.188832,99.140625
08:01:22,912810UD8,TSRYS5870973,D,S,D,2024-09-04,2000000.00,4.186493,99.171875
08:01:22,912810UD8,TSRYS5870973,D,S,D,2024-09-04,26000000.00,4.204417,98.93277
08:01:22,912810UD8,TSRYS5870973,D,S,D,2024-09-04,3000000.00,4.205997,98.91172
08:01:22,912810UD8,TSRYS5870973,D,S,T,2024-09-04,1000000.00,4.199371,99.0
08:01:23,912810UD8,TSRYS5870973,D,S,T,2024-09-04,1000000.00,4.199371,99.0
08:01:23,912810UD8,TSRYS5870973,D,S,T,2024-09-04,1000000.00,4.199371,99.0
08:01:23,912810UD8,TSRYS5870973,D,B,C,2024-09-04,1000000.00,4.181525,99.23828125
08:01:23,912810UD8,TSRYS5870973,D,S,D,2024-09-04,1000000.00,4.181525,99.23828125
08:01:23,912810UD8,TSRYS5870973,D,S,T,2024-09-04,1000000.00,4.199371,99.0
08:01:23,912810UD8,TSRYS5870973,D,B,C,2024-09-04,1000000.00,4.182109,99.23046875
08:01:23,912810UD8,TSRYS5870973,D,S,D,2024-09-04,1000000.00,4.182109,99.23046875
08:01:23,912810UD8,TSRYS5870973,D,B,C,2024-09-04,1000000.00,4.180648,99.25
08:01:23,912810UD8,TSRYS5870973,D,S,D,2024-09-04,1000000.00,4.180648,99.25
08:01:23,912810UD8,TSRYS5870973,D,B,C,2024-09-04,1000000.00,4.180648,99.25
08:01:23,912810UD8,TSRYS5870973,D,S,D,2024-09-04,1000000.00,4.180648,99.25
08:01:23,912810UD8,TSRYS5870973,D,B,C,2024-09-04,1000000.00,4.180648,99.25
08:01:23,912810UD8,TSRYS5870973,D,S,D,2024-09-04,1000000.00,4.180648,99.25
08:01:23,912810UD8,TSRYS5870973,D,B,C,2024-09-04,1000000.00,4.180648,99.25
08:01:23,912810UD8,TSRYS5870973,D,S,D,2024-09-04,1000000.00,4.180648,99.25
08:01:23,912810UD8,TSRYS5870973,D,B,C,2024-09-04,1000000.00,4.180648,99.25
08:01:23,912810UD8,TSRYS5870973,D,S,D,2024-09-04,1000000.00,4.180648,99.25
08:01:23,912810UD8,TSRYS5870973,D,B,C,2024-09-04,1000000.00,4.180648,99.25
08:01:23,912810UD8,TSRYS5870973,D,S,D,2024-09-04,1000000.00,4.180648,99.25
08:01:23,912810UD8,TSRYS5870973,D,B,C,2024-09-04,1000000.00,4.180648,99.25
08:01:23,912810UD8,TSRYS5870973,D,S,D,2024-09-04,1000000.00,4.180648,99.25
08:01:23,912810UD8,TSRYS5870973,D,B,C,2024-09-04,1000000.00,4.180648,99.25
08:01:23,912810UD8,TSRYS5870973,D,S,D,2024-09-04,1000000.00,4.180648,99.25
08:01:23,912810UD8,TSRYS5870973,D,B,C,2024-09-04,1000000.00,4.180648,99.25
08:01:23,912810UD8,TSRYS5870973,D,S,D,2024-09-04,1000000.00,4.180648,99.25
08:01:23,912810UD8,TSRYS5870973,D,B,C,2024-09-04,1000000.00,4.180648,99.25
08:01:23,912810UD8,TSRYS5870973,D,S,D,2024-09-04,1000000.00,4.180648,99.25
08:01:24,912810UD8,TSRYS5870973,D,S,T,2024-09-04,1000000.00,4.2029,98.952975
08:01:24,912810UD8,TSRYS5870973,D,B,A,2024-09-04,2729000.00,4.180942,99.24609375
08:01:24,912810UD8,TSRYS5870973,D,S,D,2024-09-04,150000.00,4.186785,99.16796875
08:01:24,912810UD8,TSRYS5870973,D,S,T,2024-09-04,1000000.00,4.202742,98.95507812
08:01:24,912810UD8,TSRYS5870973,D,S,T,2024-09-04,1000000.00,4.202156,98.96289062
08:01:24,912810UD8,TSRYS5870973,D,S,T,2024-09-04,1000000.00,4.202889,98.953125
08:01:25,912810UD8,TSRYS5870973,D,S,T,2024-09-04,1000000.00,4.181817,99.234375
08:01:25,912810UD8,TSRYS5870973,D,S,T,2024-09-04,1000000.00,4.186493,99.171875
08:01:26,912810UD8,TSRYS5870973,D,S,A,2024-09-04,11000000.00,4.193514,99.078125
08:01:26,912810UD8,TSRYS5870973,D,S,C,2024-09-04,215000.00,4.187955,99.15234375
08:01:27,912810UD8,TSRYS5870973,D,S,T,2024-09-04,1000000.00,4.187662,99.15625
08:01:27,912810UD8,TSRYS5870973,D,S,T,2024-09-04,1000000.00,4.187662,99.15625
08:01:27,912810UD8,TSRYS5870973,D,S,T,2024-09-04,1000000.00,4.187662,99.15625
08:01:27,912810UD8,TSRYS5870973,D,S,T,2024-09-04,1000000.00,4.187662,99.15625
08:01:27,912810UD8,TSRYS5870973,D,S,T,2024-09-04,1000000.00,4.187662,99.15625
08:01:27,912810UD8,TSRYS5870973,D,S,T,2024-09-04,1000000.00,4.187662,99.15625
08:01:27,912810UD8,TSRYS5870973,D,S,T,2024-09-04,1000000.00,4.187662,99.15625
08:01:27,912810UD8,TSRYS5870973,D,S,T,2024-09-04,1000000.00,4.187662,99.15625
08:01:27,912810UD8,TSRYS5870973,D,S,T,2024-09-04,1000000.00,4.187662,99.15625
08:01:27,912810UD8,TSRYS5870973,D,S,T,2024-09-04,1000000.00,4.187662,99.15625
08:01:27,912810UD8,TSRYS5870973,D,S,T,2024-09-04,1000000.00,4.186785,99.16796875
08:01:27,912810UD8,TSRYS5870973,D,S,T,2024-09-04,1000000.00,4.184154,99.203125
08:01:27,912810UD8,TSRYS5870973,D,S,T,2024-09-04,1000000.00,4.184885,99.193359375
08:01:27,912810UD8,TSRYS5870973,D,S,T,2024-09-04,1000000.00,4.184739,99.1953125
08:01:27,912810UD8,TSRYS5870973,D,S,T,2024-09-04,1000000.00,4.184739,99.1953125
08:01:27,912810UD8,TSRYS5870973,D,S,T,2024-09-04,1000000.00,4.184739,99.1953125
08:01:27,912810UD8,TSRYS5870973,D,S,T,2024-09-04,1000000.00,4.184885,99.193359375
08:01:27,912810UD8,TSRYS5870973,D,S,T,2024-09-04,1000000.00,4.182547,99.224609375
08:01:27,912810UD8,TSRYS5870973,D,S,T,2024-09-04,1000000.00,4.182839,99.220703125
08:01:27,912810UD8,TSRYS5870973,D,S,T,2024-09-04,1000000.00,4.182547,99.224609375
08:01:27,912810UD8,TSRYS5870973,D,S,T,2024-09-04,1000000.00,4.182547,99.224609375
08:01:27,912810UD8,TSRYS5870973,D,S,T,2024-09-04,1000000.00,4.182693,99.22265625
08:01:27,912810UD8,TSRYS5870973,D,S,T,2024-09-04,1000000.00,4.182547,99.224609375
08:01:27,912810UD8,TSRYS5870973,D,S,T,2024-09-04,1000000.00,4.185469,99.185546875
08:01:27,912810UD8,TSRYS5870973,D,S,T,2024-09-04,1000000.00,4.184593,99.197265625
08:01:27,912810UD8,TSRYS5870973,D,S,T,2024-09-04,1000000.00,4.185031,99.19140625
08:01:27,912810UD8,TSRYS5870973,D,S,T,2024-09-04,1000000.00,4.184739,99.1953125
08:01:27,912810UD8,TSRYS5870973,D,S,T,2024-09-04,1000000.00,4.185031,99.19140625
08:01:27,912810UD8,TSRYS5870973,D,S,T,2024-09-04,1000000.00,4.184593,99.197265625
08:01:27,912810UD8,TSRYS5870973,D,S,T,2024-09-04,1000000.00,4.185031,99.19140625
08:01:27,912810UD8,TSRYS5870973,D,S,T,2024-09-04,1000000.00,4.186931,99.166015625
08:01:27,912810UD8,TSRYS5870973,D,S,T,2024-09-04,1000000.00,4.187224,99.162109375
08:01:27,912810UD8,TSRYS5870973,D,S,T,2024-09-04,1000000.00,4.188832,99.140625
08:01:27,912810UD8,TSRYS5870973,D,S,T,2024-09-04,1000000.00,4.18854,99.14453125
08:01:27,912810UD8,TSRYS5870973,D,S,T,2024-09-04,1000000.00,4.18854,99.14453125
08:01:27,912810UD8,TSRYS5870973,D,S,T,2024-09-04,1000000.00,4.18854,99.14453125
08:01:27,912810UD8,TSRYS5870973,D,S,T,2024-09-04,1000000.00,4.188686,99.142578125
08:01:27,912810UD8,TSRYS5870973,D,S,T,2024-09-04,1000000.00,4.188832,99.140625
08:01:27,912810UD8,TSRYS5870973,D,S,T,2024-09-04,1000000.00,4.191172,99.109375
08:01:28,912810UD8,TSRYS5870973,D,S,T,2024-09-04,1000000.00,4.188978,99.138671875
08:01:28,912810UD8,TSRYS5870973,D,S,T,2024-09-04,1000000.00,4.18854,99.14453125
08:01:28,912810UD8,TSRYS5870973,D,S,T,2024-09-04,2000000.00,4.18854,99.14453125
08:01:28,912810UD8,TSRYS5870973,D,S,T,2024-09-04,1000000.00,4.188832,99.140625
08:01:28,912810UD8,TSRYS5870973,D,S,T,2024-09-04,1000000.00,4.189125,99.13671875
08:01:28,912810UD8,TSRYS5870973,D,S,D,2024-09-04,1800000.00,4.188247,99.1484375
08:01:28,912810UD8,TSRYS5870973,D,S,D,2024-09-04,390000.00,4.188832,99.140625
08:01:29,912810UD8,TSRYS5870973,D,S,D,2024-09-04,9000000.00,4.188216,99.14885
08:01:30,912810UD8,TSRYS5870973,D,S,T,2024-09-04,1000000.00,4.199379,98.999898
08:01:30,912810UD8,TSRYS5870973,D,S,T,2024-09-04,1000000.00,4.200551,98.984273
08:01:32,912810UD8,TSRYS5870973,D,S,T,2024-09-04,1000000.00,4.186785,99.16796875
08:01:32,912810UD8,TSRYS5870973,D,S,T,2024-09-04,1000000.00,4.186785,99.16796875
08:01:32,912810UD8,TSRYS5870973,D,S,T,2024-09-04,1000000.00,4.182693,99.22265625
08:01:32,912810UD8,TSRYS5870973,D,S,T,2024-09-04,1000000.00,4.182401,99.2265625
08:01:32,912810UD8,TSRYS5870973,D,S,D,2024-09-04,1000000.00,4.205821,98.9140625
08:01:32,912810UD8,TSRYS5870973,D,S,T,2024-09-04,1000000.00,4.180356,99.25390625
08:01:32,912810UD8,TSRYS5870973,D,S,T,2024-09-04,1000000.00,4.180356,99.25390625
08:01:32,912810UD8,TSRYS5870973,D,S,T,2024-09-04,1000000.00,4.205821,98.9140625
08:01:32,912810UD8,TSRYS5870973,D,S,T,2024-09-04,1000000.00,4.180502,99.251953125
08:01:33,912810UD8,TSRYS5870973,D,S,T,2024-09-04,1000000.00,4.182693,99.22265625
08:01:33,912810UD8,TSRYS5870973,D,S,T,2024-09-04,1000000.00,4.182401,99.2265625
08:01:33,912810UD8,TSRYS5870973,D,S,T,2024-09-04,1000000.00,4.182693,99.22265625
08:01:33,912810UD8,TSRYS5870973,D,S,T,2024-09-04,1000000.00,4.182401,99.2265625
08:01:33,912810UD8,TSRYS5870973,D,S,T,2024-09-04,1000000.00,4.182401,99.2265625
08:01:33,912810UD8,TSRYS5870973,D,S,T,2024-09-04,1000000.00,4.182547,99.224609375
08:01:33,912810UD8,TSRYS5870973,D,S,T,2024-09-04,1000000.00,4.182547,99.224609375
08:01:33,912810UD8,TSRYS5870973,D,S,T,2024-09-04,1000000.00,4.182547,99.224609375
08:01:33,912810UD8,TSRYS5870973,D,S,T,2024-09-04,1000000.00,4.182693,99.22265625
08:01:33,912810UD8,TSRYS5870973,D,S,T,2024-09-04,1000000.00,4.182547,99.224609375
08:01:33,912810UD8,TSRYS5870973,D,S,T,2024-09-04,1000000.00,4.180794,99.248046875
08:01:33,912810UD8,TSRYS5870973,D,S,T,2024-09-04,1000000.00,4.182547,99.224609375
08:01:33,912810UD8,TSRYS5870973,D,S,T,2024-09-04,1000000.00,4.204648,98.9296875
08:01:33,912810UD8,TSRYS5870973,D,S,D,2024-09-04,1000000.00,4.204648,98.9296875
08:01:33,912810UD8,TSRYS5870973,D,S,T,2024-09-04,1000000.00,4.204501,98.93164062
08:01:34,912810UD8,TSRYS5870973,D,S,D,2024-09-04,1000000.00,4.202156,98.962890625
08:01:34,912810UD8,TSRYS5870973,D,S,D,2024-09-04,1000000.00,4.202742,98.955078125
08:01:34,912810UD8,TSRYS5870973,D,S,D,2024-09-04,1000000.00,4.202889,98.953125
08:01:36,912810UD8,TSRYS5870973,D,S,D,2024-09-04,50MM+,4.200085,98.99048
08:01:36,912810UD8,TSRYS5870973,D,B,A,2024-09-04,2000000.00,4.200836,98.98046875
08:01:36,912810UD8,TSRYS5870973,D,S,T,2024-09-04,1000000.00,4.200551,98.984275
08:01:36,912810UD8,TSRYS5870973,D,S,T,2024-09-04,1000000.00,4.200404,98.986228125
08:01:36,912810UD8,TSRYS5870973,D,S,D,2024-09-04,50000.00,4.186785,99.16796875
08:01:36,912810UD8,TSRYS5870973,D,B,C,2024-09-04,50000.00,4.186785,99.15796875
08:01:37,912810UD8,TSRYS5870973,D,S,D,2024-09-04,300000.00,4.180648,99.25
08:01:37,912810UD8,TSRYS5870973,D,B,C,2024-09-04,4550000.00,4.185908,99.1796875
08:01:40,912810UD8,TSRYS5870973,D,S,A,2024-09-04,300000.00,4.191172,99.109375
08:01:40,912810UD8,TSRYS5870973,D,B,C,2024-09-04,1000000.00,4.207142,98.89648437
08:01:40,912810UD8,TSRYS5870973,D,B,C,2024-09-04,1000000.00,4.207142,98.89648437
08:01:40,912810UD8,TSRYS5870973,D,B,C,2024-09-04,1000000.00,4.207142,98.89648437
08:01:41,912810UD8,TSRYS5870973,D,B,C,2024-09-04,1000000.00,4.205235,98.921875
08:01:41,912810UD8,TSRYS5870973,D,S,D,2024-09-04,1000000.00,4.203182,98.94921875
08:01:41,912810UD8,TSRYS5870973,D,S,C,2024-09-04,1000000.00,4.203182,98.94921875
08:01:41,912810UD8,TSRYS5870973,D,S,T,2024-09-04,2000000.00,4.203182,98.94921875
08:01:41,912810UD8,TSRYS5870973,D,S,T,2024-09-04,1000000.00,4.203035,98.95117187
08:01:41,912810UD8,TSRYS5870973,D,S,T,2024-09-04,1000000.00,4.203035,98.95117187
08:01:41,912810UD8,TSRYS5870973,D,S,D,2024-09-04,1000000.00,4.203035,98.95117187
08:01:42,912810UD8,TSRYS5870973,D,S,T,2024-09-04,1000000.00,4.185323,99.1875
08:01:43,912810UD8,TSRYS5870973,D,S,T,2024-09-04,1000000.00,4.184154,99.203125
08:01:43,912810UD8,TSRYS5870973,D,S,T,2024-09-04,1000000.00,4.182985,99.21875
08:01:43,912810UD8,TSRYS5870973,D,S,T,2024-09-04,1000000.00,4.182401,99.2265625
08:01:43,912810UD8,TSRYS5870973,D,S,T,2024-09-04,2000000.00,4.182401,99.2265625
08:01:46,912810UD8,TSRYS5870973,D,S,D,2024-09-04,1000000.00,4.211104,98.84375
08:01:46,912810UD8,TSRYS5870973,D,B,C,2024-09-04,1000000.00,4.211104,98.84375
08:01:47,912810UD8,TSRYS5870973,D,S,D,2024-09-04,1000000.00,4.210223,98.85546875
08:01:47,912810UD8,TSRYS5870973,D,B,C,2024-09-04,1000000.00,4.210223,98.85546875
08:01:51,912810UD8,TSRYS5870973,D,S,T,2024-09-04,2000000.00,4.199371,99.0
08:01:51,912810UD8,TSRYS5870973,D,S,T,2024-09-04,1000000.00,4.199381,98.999875
08:01:52,912810UD8,TSRYS5870973,D,S,T,2024-09-04,1000000.00,4.20025,98.98828125
08:01:52,912810UD8,TSRYS5870973,D,S,T,2024-09-04,1000000.00,4.200836,98.98046875
08:01:52,912810UD8,TSRYS5870973,D,S,T,2024-09-04,1000000.00,4.20025,98.98828125
08:01:52,912810UD8,TSRYS5870973,D,S,T,2024-09-04,1000000.00,4.20025,98.98828125
08:01:53,912810UD8,TSRYS5870973,D,S,T,2024-09-04,2000000.00,4.20025,98.98828125
08:01:53,912810UD8,TSRYS5870973,D,S,T,2024-09-04,1000000.00,4.20025,98.98828125
08:01:53,912810UD8,TSRYS5870973,D,S,T,2024-09-04,1000000.00,4.200992,98.978390625
08:01:53,912810UD8,TSRYS5870973,D,S,T,2024-09-04,1000000.00,4.200983,98.978515625
08:01:53,912810UD8,TSRYS5870973,D,S,T,2024-09-04,1000000.00,4.201276,98.974609375
08:01:54,912810UD8,TSRYS5870973,D,S,D,2024-09-04,1000000.00,4.204795,98.927734375
08:01:54,912810UD8,TSRYS5870973,D,B,C,2024-09-04,1000000.00,4.204795,98.927734375
08:01:56,912810UD8,TSRYS5870973,D,S,T,2024-09-04,1000000.00,4.188832,99.140625
08:01:57,912810UD8,TSRYS5870973,D,S,D,2024-09-04,200000.00,4.208432,98.87930625
08:01:57,912810UD8,TSRYS5870973,D,S,D,2024-09-04,1000000.00,4.207582,98.890625
08:01:57,912810UD8,TSRYS5870973,D,S,D,2024-09-04,1000000.00,4.207582,98.890625
08:01:57,912810UD8,TSRYS5870973,D,S,T,2024-09-04,2000000.00,4.193367,99.080078125
08:01:57,912810UD8,TSRYS5870973,D,S,T,2024-09-04,1000000.00,4.193514,99.078125
08:01:57,912810UD8,TSRYS5870973,D,S,D,2024-09-04,1000000.00,4.209606,98.86368125
08:01:57,912810UD8,TSRYS5870973,D,S,T,2024-09-04,1000000.00,4.193221,99.08203125
08:01:57,912810UD8,TSRYS5870973,D,S,T,2024-09-04,1000000.00,4.193521,99.078023
08:01:57,912810UD8,TSRYS5870973,D,S,D,2024-09-04,1000000.00,4.204648,98.9296875
08:01:58,912810UD8,TSRYS5870973,D,S,C,2024-09-04,1000000.00,4.212262,98.82835
08:01:58,912810UD8,TSRYS5870973,D,S,C,2024-09-04,1000000.00,4.211091,98.843925
08:01:58,912810UD8,TSRYS5870973,D,B,C,2024-09-04,1000000.00,4.211104,98.84375
08:01:58,912810UD8,TSRYS5870973,D,S,C,2024-09-04,1000000.00,4.209915,98.859575
08:01:58,912810UD8,TSRYS5870973,D,B,C,2024-09-04,1000000.00,4.20993,98.859375
08:01:58,912810UD8,TSRYS5870973,D,S,C,2024-09-04,1000000.00,4.211091,98.843925
08:01:58,912810UD8,TSRYS5870973,D,B,C,2024-09-04,1000000.00,4.211104,98.84375
08:01:58,912810UD8,TSRYS5870973,D,B,C,2024-09-04,1000000.00,4.211104,98.84375
08:01:58,912810UD8,TSRYS5870973,D,S,D,2024-09-04,1000000.00,4.211104,98.84375
08:01:59,912810UD8,TSRYS5870973,D,S,D,2024-09-04,1000000.00,4.191465,99.10546875
08:01:59,912810UD8,TSRYS5870973,D,S,D,2024-09-04,1000000.00,4.191465,99.10546875
08:01:59,912810UD8,TSRYS5870973,D,S,D,2024-09-04,1000000.00,4.192928,99.0859375
08:01:59,912810UD8,TSRYS5870973,D,S,D,2024-09-04,1000000.00,4.191611,99.10351562
08:01:59,912810UD8,TSRYS5870973,D,S,D,2024-09-04,4000000.00,4.19342,99.07938
08:01:59,912810UD8,TSRYS5870973,D,S,D,2024-09-04,1000000.00,4.191611,99.10351562
08:01:59,912810UD8,TSRYS5870973,D,S,C,2024-09-04,1000000.00,4.192343,99.09375
08:01:59,912810UD8,TSRYS5870973,D,S,T,2024-09-04,1000000.00,4.19205,99.09765625
08:02:00,912810UD8,TSRYS5870973,D,S,A,2024-09-04,1000000.00,4.200543,98.984375
08:02:00,912810UD8,TSRYS5870973,D,S,A,2024-09-04,1000000.00,4.200543,98.984375
08:02:01,912810UD8,TSRYS5870973,D,S,T,2024-09-04,1000000.00,4.202156,98.962890625
08:02:01,912810UD8,TSRYS5870973,D,S,T,2024-09-04,2000000.00,4.202009,98.96484375
08:02:01,912810UD8,TSRYS5870973,D,S,T,2024-09-04,1000000.00,4.204648,98.9296875
08:02:01,912810UD8,TSRYS5870973,D,S,T,2024-09-04,1000000.00,4.204648,98.9296875
08:02:01,912810UD8,TSRYS5870973,D,S,D,2024-09-04,1365000.00,4.204941,98.92578125
08:02:01,912810UD8,TSRYS5870973,D,S,T,2024-09-04,1000000.00,4.204061,98.9375
08:02:01,912810UD8,TSRYS5870973,D,S,T,2024-09-04,1000000.00,4.204061,98.9375
08:02:01,912810UD8,TSRYS5870973,D,S,T,2024-09-04,2000000.00,4.204061,98.9375
08:02:01,912810UD8,TSRYS5870973,D,S,D,2024-09-04,228000.00,4.198492,99.01171875
08:02:01,912810UD8,TSRYS5870973,D,S,T,2024-09-04,1000000.00,4.202156,98.962890625
08:02:01,912810UD8,TSRYS5870973,D,S,T,2024-09-04,1000000.00,4.198199,99.015625
08:02:01,912810UD8,TSRYS5870973,D,S,D,2024-09-04,274000.00,4.197613,99.0234375
08:02:01,912810UD8,TSRYS5870973,D,S,T,2024-09-04,1000000.00,4.188101,99.150390625
08:02:01,912810UD8,TSRYS5870973,D,S,T,2024-09-04,1000000.00,4.188101,99.150390625
08:02:01,912810UD8,TSRYS5870973,D,S,T,2024-09-04,1000000.00,4.188101,99.150390625
08:02:01,912810UD8,TSRYS5870973,D,S,T,2024-09-04,1000000.00,4.19088,99.11328125
08:02:01,912810UD8,TSRYS5870973,D,S,T,2024-09-04,1000000.00,4.185908,99.1796875
08:02:01,912810UD8,TSRYS5870973,D,S,T,2024-09-04,1000000.00,4.184008,99.205078125
08:02:01,912810UD8,TSRYS5870973,D,S,D,2024-09-04,1000000.00,4.183862,99.20703125
08:02:01,912810UD8,TSRYS5870973,D,S,T,2024-09-04,1000000.00,4.183862,99.20703125
08:02:02,912810UD8,TSRYS5870973,D,S,T,2024-09-04,2000000.00,4.191465,99.10546875
08:02:02,912810UD8,TSRYS5870973,D,S,T,2024-09-04,1000000.00,4.191465,99.10546875
08:02:02,912810UD8,TSRYS5870973,D,S,T,2024-09-04,1000000.00,4.191758,99.1015625
08:02:02,912810UD8,TSRYS5870973,D,S,T,2024-09-04,1000000.00,4.194831,99.060546875
08:02:02,912810UD8,TSRYS5870973,D,S,T,2024-09-04,1000000.00,4.187224,99.162109375
08:02:02,912810UD8,TSRYS5870973,D,S,D,2024-09-04,1000000.00,4.186785,99.16796875
08:02:02,912810UD8,TSRYS5870973,D,S,T,2024-09-04,1000000.00,4.184154,99.203125
08:02:02,912810UD8,TSRYS5870973,D,S,T,2024-09-04,1000000.00,4.184154,99.203125
08:02:02,912810UD8,TSRYS5870973,D,S,T,2024-09-04,1000000.00,4.181817,99.234375
08:02:02,912810UD8,TSRYS5870973,D,S,T,2024-09-04,1000000.00,4.181817,99.234375
08:02:02,912810UD8,TSRYS5870973,D,S,D,2024-09-04,1000000.00,4.181525,99.23828125
08:02:02,912810UD8,TSRYS5870973,D,S,T,2024-09-04,1000000.00,4.181379,99.240234375
08:02:02,912810UD8,TSRYS5870973,D,S,T,2024-09-04,1000000.00,4.181525,99.23828125
08:02:02,912810UD8,TSRYS5870973,D,S,T,2024-09-04,1000000.00,4.17948,99.265625
08:02:02,912810UD8,TSRYS5870973,D,S,T,2024-09-04,1000000.00,4.212279,98.828125
08:02:02,912810UD8,TSRYS5870973,D,S,T,2024-09-04,1000000.00,4.194685,99.0625
08:02:02,912810UD8,TSRYS5870973,D,S,T,2024-09-04,1000000.00,4.208756,98.875
08:02:02,912810UD8,TSRYS5870973,D,S,T,2024-09-04,1000000.00,4.208756,98.875
08:02:02,912810UD8,TSRYS5870973,D,S,T,2024-09-04,1000000.00,4.201716,98.96875
08:02:02,912810UD8,TSRYS5870973,D,S,T,2024-09-04,1000000.00,4.205235,98.921875
08:02:02,912810UD8,TSRYS5870973,D,S,T,2024-09-04,1000000.00,4.204061,98.9375
08:02:02,912810UD8,TSRYS5870973,D,S,T,2024-09-04,1000000.00,4.204061,98.9375
08:02:02,912810UD8,TSRYS5870973,D,S,T,2024-09-04,1000000.00,4.204061,98.9375
08:02:02,912810UD8,TSRYS5870973,D,S,T,2024-09-04,1000000.00,4.202889,98.953125
08:02:02,912810UD8,TSRYS5870973,D,S,T,2024-09-04,1000000.00,4.200543,98.984375
08:02:02,912810UD8,TSRYS5870973,D,S,T,2024-09-04,1000000.00,4.201716,98.96875
08:02:02,912810UD8,TSRYS5870973,D,S,T,2024-09-04,1000000.00,4.197028,99.03125
08:02:02,912810UD8,TSRYS5870973,D,S,T,2024-09-04,1000000.00,4.188832,99.140625
08:02:02,912810UD8,TSRYS5870973,D,S,T,2024-09-04,1000000.00,4.188832,99.140625
08:02:02,912810UD8,TSRYS5870973,D,S,T,2024-09-04,1000000.00,4.185323,99.1875
08:02:02,912810UD8,TSRYS5870973,D,S,T,2024-09-04,1000000.00,4.186493,99.171875
08:02:03,912810UD8,TSRYS5870973,D,S,T,2024-09-04,1000000.00,4.188832,99.140625
08:02:03,912810UD8,TSRYS5870973,D,S,T,2024-09-04,1000000.00,4.188832,99.140625
08:02:03,912810UD8,TSRYS5870973,D,S,T,2024-09-04,1000000.00,4.191172,99.109375
08:02:03,912810UD8,TSRYS5870973,D,S,T,2024-09-04,1000000.00,4.191172,99.109375
08:02:03,912810UD8,TSRYS5870973,D,S,T,2024-09-04,1000000.00,4.192343,99.09375
08:02:03,912810UD8,TSRYS5870973,D,S,T,2024-09-04,1000000.00,4.194685,99.0625
08:02:03,912810UD8,TSRYS5870973,D,S,T,2024-09-04,1000000.00,4.194685,99.0625
08:02:03,912810UD8,TSRYS5870973,D,S,T,2024-09-04,1000000.00,4.198199,99.015625
08:02:03,912810UD8,TSRYS5870973,D,S,T,2024-09-04,1000000.00,4.193514,99.078125
08:02:03,912810UD8,TSRYS5870973,D,S,T,2024-09-04,1000000.00,4.194685,99.0625
08:02:03,912810UD8,TSRYS5870973,D,S,T,2024-09-04,1000000.00,4.197028,99.03125
08:02:03,912810UD8,TSRYS5870973,D,S,T,2024-09-04,1000000.00,4.193514,99.078125
08:02:03,912810UD8,TSRYS5870973,D,S,T,2024-09-04,1000000.00,4.193514,99.078125
08:02:03,912810UD8,TSRYS5870973,D,S,T,2024-09-04,1000000.00,4.188832,99.140625
08:02:03,912810UD8,TSRYS5870973,D,S,T,2024-09-04,1000000.00,4.182985,99.21875
08:02:03,912810UD8,TSRYS5870973,D,S,T,2024-09-04,1000000.00,4.181817,99.234375
08:02:03,912810UD8,TSRYS5870973,D,S,T,2024-09-04,1000000.00,4.17948,99.265625
08:02:04,912810UD8,TSRYS5870973,D,S,D,2024-09-04,1000000.00,4.206115,98.91015625
08:02:04,912810UD8,TSRYS5870973,D,S,D,2024-09-04,1000000.00,4.207288,98.89453125
08:02:04,912810UD8,TSRYS5870973,D,B,C,2024-09-04,1000000.00,4.197041,99.031075
08:02:04,912810UD8,TSRYS5870973,D,S,C,2024-09-04,1000000.00,4.197016,99.0314
08:02:05,912810UD8,TSRYS5870973,D,B,C,2024-09-04,1000000.00,4.205235,98.921875
08:02:05,912810UD8,TSRYS5870973,D,S,C,2024-09-04,1000000.00,4.205218,98.9221
08:02:05,912810UD8,TSRYS5870973,D,S,D,2024-09-04,1000000.00,4.200543,98.984375
08:02:05,912810UD8,TSRYS5870973,D,B,C,2024-09-04,1000000.00,4.199371,99.0
08:02:05,912810UD8,TSRYS5870973,D,S,D,2024-09-04,1000000.00,4.199371,99.0
08:02:05,912810UD8,TSRYS5870973,D,S,D,2024-09-04,1000000.00,4.199371,99.0
08:02:06,912810UD8,TSRYS5870973,D,S,D,2024-09-04,1000000.00,4.199371,99.0
08:02:06,912810UD8,TSRYS5870973,D,S,C,2024-09-04,1000000.00,4.194674,99.06265
08:02:06,912810UD8,TSRYS5870973,D,S,T,2024-09-04,1000000.00,4.187662,99.15625
08:02:06,912810UD8,TSRYS5870973,D,S,C,2024-09-04,1000000.00,4.194674,99.06265
08:02:06,912810UD8,TSRYS5870973,D,B,C,2024-09-04,1000000.00,4.195871,99.046675
08:02:06,912810UD8,TSRYS5870973,D,B,C,2024-09-04,1000000.00,4.1947,99.0623
08:02:06,912810UD8,TSRYS5870973,D,B,C,2024-09-04,1000000.00,4.194702,99.062275
08:02:06,912810UD8,TSRYS5870973,D,S,C,2024-09-04,1000000.00,4.194674,99.06265
08:02:06,912810UD8,TSRYS5870973,D,B,C,2024-09-04,1000000.00,4.194698,99.062325
08:02:06,912810UD8,TSRYS5870973,D,B,C,2024-09-04,1000000.00,4.1947,99.0623
08:02:10,912810UD8,TSRYS5870973,D,S,T,2024-09-04,1000000.00,4.186493,99.171875
08:02:10,912810UD8,TSRYS5870973,D,B,C,2024-09-04,2000000.00,4.207582,98.890625
08:02:10,912810UD8,TSRYS5870973,D,S,C,2024-09-04,2000000.00,4.207582,98.890625
08:02:10,912810UD8,TSRYS5870973,D,S,C,2024-09-04,1000000.00,4.207582,98.890625
08:02:10,912810UD8,TSRYS5870973,D,S,C,2024-09-04,1000000.00,4.207582,98.890625
08:02:10,912810UD8,TSRYS5870973,D,S,T,2024-09-04,1000000.00,4.185323,99.1875
08:02:10,912810UD8,TSRYS5870973,D,S,T,2024-09-04,1000000.00,4.184154,99.203125
08:02:10,912810UD8,TSRYS5870973,D,S,D,2024-09-04,1000000.00,4.205528,98.91796875
08:02:10,912810UD8,TSRYS5870973,D,S,D,2024-09-04,1000000.00,4.202565,98.95743125
08:02:11,912810UD8,TSRYS5870973,D,S,C,2024-09-04,2000000.00,4.185469,99.18554687
08:02:11,912810UD8,TSRYS5870973,D,S,T,2024-09-04,1000000.00,4.185762,99.18164062
08:02:11,912810UD8,TSRYS5870973,D,S,D,2024-09-04,3000000.00,4.182985,99.21875
08:02:11,912810UD8,TSRYS5870973,D,S,D,2024-09-04,1000000.00,4.185908,99.1796875
08:02:11,912810UD8,TSRYS5870973,D,S,T,2024-09-04,1000000.00,4.185908,99.1796875
08:02:11,912810UD8,TSRYS5870973,D,S,D,2024-09-04,1000000.00,4.185323,99.1875
08:02:14,912810UD8,TSRYS5870973,D,B,C,2024-09-04,1000000.00,4.185323,99.1875
08:02:14,912810UD8,TSRYS5870973,D,S,D,2024-09-04,1000000.00,4.203035,98.951171875
08:02:14,912810UD8,TSRYS5870973,D,S,D,2024-09-04,2000000.00,4.203182,98.94921875
08:02:14,912810UD8,TSRYS5870973,D,S,D,2024-09-04,1000000.00,4.203035,98.951171875
08:02:14,912810UD8,TSRYS5870973,D,S,D,2024-09-04,1000000.00,4.205821,98.9140625
08:02:15,912810UD8,TSRYS5870973,D,S,T,2024-09-04,2000000.00,4.186639,99.16992187
08:02:15,912810UD8,TSRYS5870973,D,B,C,2024-09-04,1000000.00,4.1862,99.17578125
08:02:15,912810UD8,TSRYS5870973,D,S,D,2024-09-04,2000000.00,4.184008,99.20507812
08:02:15,912810UD8,TSRYS5870973,D,S,D,2024-09-04,1000000.00,4.184008,99.20507812
08:02:15,912810UD8,TSRYS5870973,D,S,D,2024-09-04,1000000.00,4.184008,99.20507812
08:02:16,912810UD8,TSRYS5870973,D,B,A,2024-09-04,750000.00,4.202009,98.96484375
08:02:17,912810UD8,TSRYS5870973,D,S,C,2024-09-04,60000.00,4.196735,99.04348958333
08:02:17,912810UD8,TSRYS5870973,D,S,D,2024-09-04,1000000.00,4.204648,98.9296875
08:02:17,912810UD8,TSRYS5870973,D,S,D,2024-09-04,1000000.00,4.204501,98.931640625
08:02:17,912810UD8,TSRYS5870973,D,S,D,2024-09-04,1000000.00,4.204501,98.931640625
08:02:17,912810UD8,TSRYS5870973,D,S,D,2024-09-04,1000000.00,4.204501,98.931640625
08:02:17,912810UD8,TSRYS5870973,D,S,D,2024-09-04,1000000.00,4.204501,98.931640625
08:02:17,912810UD8,TSRYS5870973,D,S,D,2024-09-04,1000000.00,4.204501,98.931640625
08:02:17,912810UD8,TSRYS5870973,D,S,D,2024-09-04,1000000.00,4.204501,98.931640625
08:02:17,912810UD8,TSRYS5870973,D,S,D,2024-09-04,1000000.00,4.204795,98.927734375
08:02:18,912810UD8,TSRYS5870973,D,S,D,2024-09-04,1000000.00,4.206408,98.90625
08:02:18,912810UD8,TSRYS5870973,D,B,C,2024-09-04,1000000.00,4.188686,99.14257812
08:02:19,912810UD8,TSRYS5870973,D,B,C,2024-09-04,1000000.00,4.188393,99.14648437
08:02:19,912810UD8,TSRYS5870973,D,S,T,2024-09-04,1000000.00,4.187516,99.15820312
08:02:19,912810UD8,TSRYS5870973,D,S,T,2024-09-04,1000000.00,4.188101,99.15039062
08:02:19,912810UD8,TSRYS5870973,D,S,T,2024-09-04,1000000.00,4.187662,99.15625
08:02:19,912810UD8,TSRYS5870973,D,S,T,2024-09-04,1000000.00,4.187662,99.15625
08:02:19,912810UD8,TSRYS5870973,D,S,C,2024-09-04,1000000.00,4.194674,99.06265
08:02:19,912810UD8,TSRYS5870973,D,S,T,2024-09-04,1000000.00,4.187662,99.15625
08:02:19,912810UD8,TSRYS5870973,D,S,T,2024-09-04,1000000.00,4.187662,99.15625
08:02:19,912810UD8,TSRYS5870973,D,S,C,2024-09-04,1000000.00,4.195845,99.047025
08:02:19,912810UD8,TSRYS5870973,D,B,C,2024-09-04,1000000.00,4.195869,99.0467
08:02:19,912810UD8,TSRYS5870973,D,B,C,2024-09-04,1000000.00,4.1947,99.0623
08:02:19,912810UD8,TSRYS5870973,D,S,C,2024-09-04,1000000.00,4.194674,99.06265
08:02:19,912810UD8,TSRYS5870973,D,S,C,2024-09-04,20000000.00,4.182973,99.21892
08:02:19,912810UD8,TSRYS5870973,D,S,T,2024-09-04,1000000.00,4.189417,99.1328125
08:02:19,912810UD8,TSRYS5870973,D,S,C,2024-09-04,1000000.00,4.195845,99.047025
08:02:19,912810UD8,TSRYS5870973,D,S,T,2024-09-04,1000000.00,4.188101,99.15039062
08:02:19,912810UD8,TSRYS5870973,D,S,T,2024-09-04,1000000.00,4.188101,99.15039062
08:02:19,912810UD8,TSRYS5870973,D,S,C,2024-09-04,1000000.00,4.194674,99.06265
08:02:19,912810UD8,TSRYS5870973,D,S,D,2024-09-04,1000000.00,4.186054,99.17773437
08:02:19,912810UD8,TSRYS5870973,D,S,D,2024-09-04,1000000.00,4.184008,99.20507812
08:02:19,912810UD8,TSRYS5870973,D,B,C,2024-09-04,1000000.00,4.182401,99.2265625
08:02:19,912810UD8,TSRYS5870973,D,B,C,2024-09-04,1000000.00,4.182401,99.2265625
08:02:19,912810UD8,TSRYS5870973,D,B,C,2024-09-04,1000000.00,4.194685,99.0625
08:02:19,912810UD8,TSRYS5870973,D,S,C,2024-09-04,1000000.00,4.19467,99.0627
08:02:19,912810UD8,TSRYS5870973,D,S,D,2024-09-04,1000000.00,4.195856,99.046875
08:02:19,912810UD8,TSRYS5870973,D,B,C,2024-09-04,1000000.00,4.195856,99.046875
08:02:20,912810UD8,TSRYS5870973,D,S,D,2024-09-04,1000000.00,4.182401,99.2265625
08:02:20,912810UD8,TSRYS5870973,D,S,D,2024-09-04,1000000.00,4.182693,99.22265625
08:02:20,912810UD8,TSRYS5870973,D,S,D,2024-09-04,1000000.00,4.182693,99.22265625
08:02:20,912810UD8,TSRYS5870973,D,S,D,2024-09-04,1000000.00,4.182255,99.22851562
08:02:20,912810UD8,TSRYS5870973,D,S,C,2024-09-04,1000000.00,4.194685,99.0625
08:02:20,912810UD8,TSRYS5870973,D,S,D,2024-09-04,1000000.00,4.182255,99.22851562
08:02:20,912810UD8,TSRYS5870973,D,S,D,2024-09-04,1000000.00,4.194685,99.0625
08:02:20,912810UD8,TSRYS5870973,D,B,C,2024-09-04,1000000.00,4.194685,99.0625
08:02:20,912810UD8,TSRYS5870973,D,S,D,2024-09-04,1000000.00,4.182255,99.22851562
08:02:20,912810UD8,TSRYS5870973,D,S,C,2024-09-04,1000000.00,4.180794,99.24804687
08:02:20,912810UD8,TSRYS5870973,D,S,D,2024-09-04,1000000.00,4.18094,99.24609375
08:02:20,912810UD8,TSRYS5870973,D,S,D,2024-09-04,50MM+,4.183728,99.20882
08:02:20,912810UD8,TSRYS5870973,D,S,D,2024-09-04,60000.00,4.20022,98.98868125
08:02:21,912810UD8,TSRYS5870973,D,S,D,2024-09-04,3000000.00,4.207634,98.889925
08:02:21,912810UD8,TSRYS5870973,D,S,T,2024-09-04,2000000.00,4.190002,99.125
08:02:21,912810UD8,TSRYS5870973,D,S,C,2024-09-04,250000.00,4.189125,99.13671875
08:02:22,912810UD8,TSRYS5870973,D,B,C,2024-09-04,1000000.00,4.204061,98.9375
08:02:22,912810UD8,TSRYS5870973,D,S,C,2024-09-04,1000000.00,4.204048,98.937675
08:02:22,912810UD8,TSRYS5870973,D,S,A,2024-09-04,180000.00,4.193221,99.08203125
08:02:22,912810UD8,TSRYS5870973,D,S,A,2024-09-04,635000.00,4.198199,99.015625
08:02:23,912810UD8,TSRYS5870973,D,S,D,2024-09-04,7000000.00,4.191925,99.09933
08:02:23,912810UD8,TSRYS5870973,D,S,C,2024-09-04,380000.00,4.189417,99.1328125
08:02:23,912810UD8,TSRYS5870973,D,B,C,2024-09-04,3100000.00,4.188832,99.140625
08:02:24,912810UD8,TSRYS5870973,D,S,T,2024-09-04,1000000.00,4.206418,98.90612
08:02:24,912810UD8,TSRYS5870973,D,S,D,2024-09-04,1000000.00,4.202889,98.953125
08:02:26,912810UD8,TSRYS5870973,D,S,A,2024-09-04,280000.00,4.201423,98.97265625
08:02:26,912810UD8,TSRYS5870973,D,S,D,2024-09-04,2000000.00,4.199371,99.0
08:02:27,912810UD8,TSRYS5870973,D,S,C,2024-09-04,1000000.00,4.207582,98.890625
08:02:27,912810UD8,TSRYS5870973,D,S,C,2024-09-04,1000000.00,4.207582,98.890625
08:02:27,912810UD8,TSRYS5870973,D,B,C,2024-09-04,1000000.00,4.207582,98.890625
08:02:28,912810UD8,TSRYS5870973,D,S,C,2024-09-04,1000000.00,4.208742,98.875175
08:02:28,912810UD8,TSRYS5870973,D,S,C,2024-09-04,1000000.00,4.208741,98.8752
08:02:28,912810UD8,TSRYS5870973,D,S,D,2024-09-04,1000000.00,4.20025,98.98828125
08:02:28,912810UD8,TSRYS5870973,D,S,C,2024-09-04,1525000.00,4.185908,99.1796875
08:02:29,912810UD8,TSRYS5870973,D,S,T,2024-09-04,1000000.00,4.200543,98.984375
08:02:29,912810UD8,TSRYS5870973,D,S,T,2024-09-04,1000000.00,4.200543,98.984375
08:02:29,912810UD8,TSRYS5870973,D,S,T,2024-09-04,1000000.00,4.199371,99.0
08:02:30,912810UD8,TSRYS5870973,D,S,D,2024-09-04,1000000.00,4.200836,98.98046875
08:02:31,912810UD8,TSRYS5870973,D,S,D,2024-09-04,1000000.00,4.200543,98.984375
08:02:31,912810UD8,TSRYS5870973,D,S,D,2024-09-04,1000000.00,4.200397,98.986328125
08:02:31,912810UD8,TSRYS5870973,D,S,D,2024-09-04,1000000.00,4.200397,98.986328125
08:02:31,912810UD8,TSRYS5870973,D,S,D,2024-09-04,1000000.00,4.200397,98.986328125
08:02:31,912810UD8,TSRYS5870973,D,S,D,2024-09-04,1000000.00,4.20025,98.98828125
08:02:31,912810UD8,TSRYS5870973,D,S,D,2024-09-04,1000000.00,4.20025,98.98828125
08:02:31,912810UD8,TSRYS5870973,D,S,D,2024-09-04,1000000.00,4.200397,98.986328125
08:02:31,912810UD8,TSRYS5870973,D,B,C,2024-09-04,1000000.00,4.200397,98.986328125
08:02:31,912810UD8,TSRYS5870973,D,S,D,2024-09-04,1000000.00,4.200397,98.986328125
08:02:31,912810UD8,TSRYS5870973,D,S,D,2024-09-04,1000000.00,4.200397,98.986328125
08:02:31,912810UD8,TSRYS5870973,D,S,D,2024-09-04,1000000.00,4.200397,98.986328125
08:02:32,912810UD8,TSRYS5870973,D,S,D,2024-09-04,1000000.00,4.200397,98.986328125
08:02:32,912810UD8,TSRYS5870973,D,S,D,2024-09-04,2000000.00,4.20025,98.98828125
08:02:33,912810UD8,TSRYS5870973,D,S,D,2024-09-04,1000000.00,4.201716,98.96875
08:02:33,912810UD8,TSRYS5870973,D,S,D,2024-09-04,1000000.00,4.201716,98.96875
08:02:33,912810UD8,TSRYS5870973,D,B,C,2024-09-04,2000000.00,4.201716,98.96875
08:02:33,912810UD8,TSRYS5870973,D,S,D,2024-09-04,1000000.00,4.201716,98.96875
08:02:33,912810UD8,TSRYS5870973,D,B,C,2024-09-04,1000000.00,4.201731,98.96855
08:02:33,912810UD8,TSRYS5870973,D,S,D,2024-09-04,2000000.00,4.201716,98.96875
08:02:33,912810UD8,TSRYS5870973,D,S,D,2024-09-04,1000000.00,4.201716,98.96875
08:02:33,912810UD8,TSRYS5870973,D,B,C,2024-09-04,1000000.00,4.199371,99.0
08:02:33,912810UD8,TSRYS5870973,D,S,D,2024-09-04,1000000.00,4.199371,99.0
08:02:34,912810UD8,TSRYS5870973,D,S,D,2024-09-04,1000000.00,4.199371,99.0
08:02:34,912810UD8,TSRYS5870973,D,B,C,2024-09-04,1000000.00,4.199371,99.0
08:02:34,912810UD8,TSRYS5870973,D,S,D,2024-09-04,1000000.00,4.199371,99.0
08:02:34,912810UD8,TSRYS5870973,D,S,D,2024-09-04,1000000.00,4.199371,99.0
08:02:34,912810UD8,TSRYS5870973,D,B,C,2024-09-04,1000000.00,4.201727,98.9686
08:02:34,912810UD8,TSRYS5870973,D,S,D,2024-09-04,1000000.00,4.201716,98.96875
08:02:34,912810UD8,TSRYS5870973,D,S,D,2024-09-04,1000000.00,4.201716,98.96875
08:02:34,912810UD8,TSRYS5870973,D,B,C,2024-09-04,2000000.00,4.201716,98.96875
08:02:34,912810UD8,TSRYS5870973,D,S,D,2024-09-04,2000000.00,4.201716,98.96875
08:02:34,912810UD8,TSRYS5870973,D,B,C,2024-09-04,1000000.00,4.201727,98.9686
08:02:34,912810UD8,TSRYS5870973,D,B,C,2024-09-04,1000000.00,4.201716,98.96875
08:02:34,912810UD8,TSRYS5870973,D,S,D,2024-09-04,1000000.00,4.201716,98.96875
08:02:34,912810UD8,TSRYS5870973,D,S,D,2024-09-04,1000000.00,4.201716,98.96875
08:02:34,912810UD8,TSRYS5870973,D,S,D,2024-09-04,1000000.00,4.201716,98.96875
08:02:34,912810UD8,TSRYS5870973,D,B,C,2024-09-04,1000000.00,4.201716,98.96875
08:02:34,912810UD8,TSRYS5870973,D,B,C,2024-09-04,1000000.00,4.201716,98.96875
08:02:34,912810UD8,TSRYS5870973,D,S,D,2024-09-04,1000000.00,4.201716,98.96875
08:02:34,912810UD8,TSRYS5870973,D,S,D,2024-09-04,1000000.00,4.201716,98.96875
08:02:34,912810UD8,TSRYS5870973,D,S,D,2024-09-04,1000000.00,4.201716,98.96875
08:02:36,912810UD8,TSRYS5870973,D,S,D,2024-09-04,1000000.00,4.207582,98.890625
08:02:36,912810UD8,TSRYS5870973,D,S,D,2024-09-04,1000000.00,4.20025,98.98828125
08:02:36,912810UD8,TSRYS5870973,D,S,D,2024-09-04,1000000.00,4.200983,98.978515625
08:02:36,912810UD8,TSRYS5870973,D,S,D,2024-09-04,1000000.00,4.201276,98.974609375
08:02:36,912810UD8,TSRYS5870973,D,S,A,2024-09-04,550000.00,4.18737,99.16015625
08:02:37,912810UD8,TSRYS5870973,D,S,D,2024-09-04,690000.00,4.209606,98.86368125
08:02:37,912810UD8,TSRYS5870973,D,S,D,2024-09-04,1000000.00,4.206408,98.90625
08:02:37,912810UD8,TSRYS5870973,D,S,D,2024-09-04,1000000.00,4.206408,98.90625
08:02:37,912810UD8,TSRYS5870973,D,S,D,2024-09-04,1000000.00,4.206408,98.90625
08:02:37,912810UD8,TSRYS5870973,D,S,D,2024-09-04,1000000.00,4.206408,98.90625
08:02:37,912810UD8,TSRYS5870973,D,S,C,2024-09-04,2000000.00,4.206408,98.90625
08:02:37,912810UD8,TSRYS5870973,D,S,C,2024-09-04,1000000.00,4.206408,98.90625
08:02:37,912810UD8,TSRYS5870973,D,S,D,2024-09-04,1000000.00,4.206408,98.90625
08:02:37,912810UD8,TSRYS5870973,D,S,C,2024-09-04,1000000.00,4.206408,98.90625
08:02:37,912810UD8,TSRYS5870973,D,S,D,2024-09-04,1000000.00,4.206408,98.90625
08:02:37,912810UD8,TSRYS5870973,D,S,D,2024-09-04,1000000.00,4.206408,98.90625
08:02:37,912810UD8,TSRYS5870973,D,S,D,2024-09-04,1000000.00,4.206408,98.90625
08:02:38,912810UD8,TSRYS5870973,D,S,D,2024-09-04,1000000.00,4.206408,98.90625
08:02:38,912810UD8,TSRYS5870973,D,S,D,2024-09-04,1000000.00,4.206408,98.90625
08:02:38,912810UD8,TSRYS5870973,D,S,C,2024-09-04,1000000.00,4.206408,98.90625
08:02:38,912810UD8,TSRYS5870973,D,S,D,2024-09-04,1000000.00,4.206408,98.90625
08:02:38,912810UD8,TSRYS5870973,D,S,C,2024-09-04,1000000.00,4.206393,98.90645
08:02:38,912810UD8,TSRYS5870973,D,S,C,2024-09-04,1000000.00,4.206408,98.90625
08:02:38,912810UD8,TSRYS5870973,D,S,D,2024-09-04,1000000.00,4.206408,98.90625
08:02:38,912810UD8,TSRYS5870973,D,S,D,2024-09-04,1000000.00,4.206408,98.90625
08:02:38,912810UD8,TSRYS5870973,D,S,D,2024-09-04,1000000.00,4.206408,98.90625
08:02:38,912810UD8,TSRYS5870973,D,S,C,2024-09-04,1000000.00,4.206408,98.90625
08:02:38,912810UD8,TSRYS5870973,D,S,D,2024-09-04,1000000.00,4.206408,98.90625
08:02:38,912810UD8,TSRYS5870973,D,S,C,2024-09-04,1000000.00,4.206408,98.90625
08:02:38,912810UD8,TSRYS5870973,D,S,D,2024-09-04,1000000.00,4.206408,98.90625
08:02:38,912810UD8,TSRYS5870973,D,S,D,2024-09-04,1000000.00,4.206408,98.90625
08:02:38,912810UD8,TSRYS5870973,D,S,D,2024-09-04,1000000.00,4.206408,98.90625
08:02:38,912810UD8,TSRYS5870973,D,B,C,2024-09-04,1000000.00,4.206408,98.90625
08:02:39,912810UD8,TSRYS5870973,D,S,D,2024-09-04,1000000.00,4.199371,99.0
08:02:40,912810UD8,TSRYS5870973,D,S,D,2024-09-04,1000000.00,4.205235,98.921875
08:02:41,912810UD8,TSRYS5870973,D,S,C,2024-09-04,1000000.00,4.206408,98.90625
08:02:41,912810UD8,TSRYS5870973,D,S,D,2024-09-04,1000000.00,4.206408,98.90625
08:02:41,912810UD8,TSRYS5870973,D,S,C,2024-09-04,1000000.00,4.206393,98.90645
08:02:41,912810UD8,TSRYS5870973,D,S,C,2024-09-04,1000000.00,4.206408,98.90625
08:02:41,912810UD8,TSRYS5870973,D,S,D,2024-09-04,1000000.00,4.206408,98.90625
08:02:41,912810UD8,TSRYS5870973,D,S,C,2024-09-04,1000000.00,4.206408,98.90625
08:02:41,912810UD8,TSRYS5870973,D,S,C,2024-09-04,1000000.00,4.205235,98.921875
08:02:41,912810UD8,TSRYS5870973,D,S,C,2024-09-04,1000000.00,4.205235,98.921875
08:02:41,912810UD8,TSRYS5870973,D,S,C,2024-09-04,1000000.00,4.20522,98.922075
08:02:41,912810UD8,TSRYS5870973,D,S,C,2024-09-04,1000000.00,4.205223,98.922025
08:02:41,912810UD8,TSRYS5870973,D,B,C,2024-09-04,1000000.00,4.205235,98.921875
08:02:41,912810UD8,TSRYS5870973,D,S,C,2024-09-04,1000000.00,4.205235,98.921875
08:02:41,912810UD8,TSRYS5870973,D,S,C,2024-09-04,1000000.00,4.20522,98.922075
08:02:41,912810UD8,TSRYS5870973,D,S,D,2024-09-04,1000000.00,4.205235,98.921875
08:02:41,912810UD8,TSRYS5870973,D,S,D,2024-09-04,1000000.00,4.205235,98.921875
08:02:41,912810UD8,TSRYS5870973,D,S,D,2024-09-04,1000000.00,4.20522,98.922075
08:02:41,912810UD8,TSRYS5870973,D,S,D,2024-09-04,1000000.00,4.20522,98.922075
08:02:41,912810UD8,TSRYS5870973,D,S,C,2024-09-04,1000000.00,4.205235,98.921875
08:02:41,912810UD8,TSRYS5870973,D,S,D,2024-09-04,1000000.00,4.20522,98.922075
08:02:41,912810UD8,TSRYS5870973,D,S,D,2024-09-04,1000000.00,4.20522,98.922075
08:02:41,912810UD8,TSRYS5870973,D,S,D,2024-09-04,1000000.00,4.20522,98.922075
08:02:41,912810UD8,TSRYS5870973,D,S,D,2024-09-04,1000000.00,4.20522,98.922075
08:02:42,912810UD8,TSRYS5870973,D,S,D,2024-09-04,1000000.00,4.204061,98.9375
08:02:42,912810UD8,TSRYS5870973,D,S,D,2024-09-04,1000000.00,4.204061,98.9375
08:02:42,912810UD8,TSRYS5870973,D,S,C,2024-09-04,1000000.00,4.204061,98.9375
08:02:42,912810UD8,TSRYS5870973,D,S,C,2024-09-04,1000000.00,4.204061,98.9375
08:02:42,912810UD8,TSRYS5870973,D,S,D,2024-09-04,1000000.00,4.204061,98.9375
08:02:42,912810UD8,TSRYS5870973,D,S,D,2024-09-04,1000000.00,4.204061,98.9375
08:02:42,912810UD8,TSRYS5870973,D,S,D,2024-09-04,1000000.00,4.204061,98.9375
08:02:43,912810UD8,TSRYS5870973,D,B,C,2024-09-04,1000000.00,4.201727,98.9686
08:02:43,912810UD8,TSRYS5870973,D,S,D,2024-09-04,1000000.00,4.201716,98.96875
08:02:43,912810UD8,TSRYS5870973,D,S,D,2024-09-04,1000000.00,4.205225,98.922005
08:02:43,912810UD8,TSRYS5870973,D,S,D,2024-09-04,1000000.00,4.205225,98.922005
08:02:45,912810UD8,TSRYS5870973,D,S,D,2024-09-04,1000000.00,4.206408,98.90625
08:02:45,912810UD8,TSRYS5870973,D,S,D,2024-09-04,1000000.00,4.206408,98.90625
08:02:45,912810UD8,TSRYS5870973,D,S,D,2024-09-04,1000000.00,4.204061,98.9375
08:02:45,912810UD8,TSRYS5870973,D,S,D,2024-09-04,1000000.00,4.204061,98.9375
08:02:45,912810UD8,TSRYS5870973,D,S,D,2024-09-04,1000000.00,4.204061,98.9375
08:02:45,912810UD8,TSRYS5870973,D,S,D,2024-09-04,1000000.00,4.204061,98.9375
08:02:45,912810UD8,TSRYS5870973,D,S,D,2024-09-04,1000000.00,4.204061,98.9375
08:02:46,912810UD8,TSRYS5870973,D,S,D,2024-09-04,1000000.00,4.198053,99.017578125
08:02:47,912810UD8,TSRYS5870973,D,B,C,2024-09-04,1000000.00,4.206408,98.90625
08:02:47,912810UD8,TSRYS5870973,D,S,D,2024-09-04,1000000.00,4.206408,98.90625
08:02:47,912810UD8,TSRYS5870973,D,S,D,2024-09-04,1000000.00,4.198199,99.015625
08:02:47,912810UD8,TSRYS5870973,D,S,D,2024-09-04,1000000.00,4.198053,99.017578125
08:02:49,912810UD8,TSRYS5870973,D,S,C,2024-09-04,1000000.00,4.202889,98.953125
08:02:49,912810UD8,TSRYS5870973,D,B,C,2024-09-04,1000000.00,4.202889,98.953125
08:02:52,912810UD8,TSRYS5870973,D,B,C,2024-09-04,1000000.00,4.201727,98.9686
08:02:52,912810UD8,TSRYS5870973,D,S,C,2024-09-04,1000000.00,4.201716,98.96875
08:02:52,912810UD8,TSRYS5870973,D,S,D,2024-09-04,1000000.00,4.202156,98.962890625
08:02:54,912810UD8,TSRYS5870973,D,S,D,2024-09-04,1000000.00,4.199371,99.0
08:02:54,912810UD8,TSRYS5870973,D,S,D,2024-09-04,1000000.00,4.199371,99.0
08:02:54,912810UD8,TSRYS5870973,D,S,A,2024-09-04,834000.00,4.193221,99.08203125
08:02:55,912810UD8,TSRYS5870973,D,S,A,2024-09-04,1000000.00,4.192928,99.0859375
08:02:55,912810UD8,TSRYS5870973,D,S,C,2024-09-04,17000000.00,4.205237,98.921875
08:02:56,912810UD8,TSRYS5870973,D,S,D,2024-09-04,1000000.00,4.199371,99.0
08:02:56,912810UD8,TSRYS5870973,D,S,D,2024-09-04,1000000.00,4.199371,99.0
08:02:56,912810UD8,TSRYS5870973,D,S,D,2024-09-04,1000000.00,4.199371,99.0
08:02:56,912810UD8,TSRYS5870973,D,S,D,2024-09-04,1000000.00,4.199371,99.0
08:02:56,912810UD8,TSRYS5870973,D,S,D,2024-09-04,1000000.00,4.199371,99.0
08:02:57,912810UD8,TSRYS5870973,D,S,A,2024-09-04,6000000.00,4.19527,99.0546875
08:02:58,912810UD8,TSRYS5870973,D,S,C,2024-09-04,1000000.00,4.200532,98.984525
08:02:58,912810UD8,TSRYS5870973,D,S,D,2024-09-04,1000000.00,4.200528,98.984575
08:02:58,912810UD8,TSRYS5870973,D,S,D,2024-09-04,503000.00,4.182985,99.21875
08:02:59,912810UD8,TSRYS5870973,D,S,D,2024-09-04,1000000.00,4.198199,99.015625
08:02:59,912810UD8,TSRYS5870973,D,S,D,2024-09-04,1000000.00,4.198199,99.015625
08:02:59,912810UD8,TSRYS5870973,D,S,D,2024-09-04,1000000.00,4.190295,99.12109375
08:03:00,912810UD8,TSRYS5870973,D,S,D,2024-09-04,1000000.00,4.190295,99.12109375
08:03:00,912810UD8,TSRYS5870973,D,S,D,2024-09-04,1000000.00,4.190295,99.12109375
08:03:01,912810UD8,TSRYS5870973,D,S,D,2024-09-04,1000000.00,4.188101,99.150390625
08:03:01,912810UD8,TSRYS5870973,D,S,A,2024-09-04,1380000.00,4.199957,98.9921875
08:03:01,912810UD8,TSRYS5870973,D,S,D,2024-09-04,1000000.00,4.188101,99.150390625
08:03:02,912810UD8,TSRYS5870973,D,S,A,2024-09-04,460000.00,4.1862,99.17578125
08:03:02,912810UD8,TSRYS5870973,D,S,T,2024-09-04,1000000.00,4.185323,99.1875
08:03:03,912810UD8,TSRYS5870973,D,S,D,2024-09-04,1000000.00,4.186493,99.171875
08:03:03,912810UD8,TSRYS5870973,D,B,C,2024-09-04,280000.00,4.201423,98.97265625
08:03:03,912810UD8,TSRYS5870973,D,B,C,2024-09-04,1380000.00,4.199957,98.9921875
08:03:03,912810UD8,TSRYS5870973,D,B,A,2024-09-04,1380000.00,4.199957,98.9921875
08:03:03,912810UD8,TSRYS5870973,D,B,A,2024-09-04,280000.00,4.201423,98.97265625
08:03:03,912810UD8,TSRYS5870973,D,B,C,2024-09-04,460000.00,4.1862,99.17578125
08:03:03,912810UD8,TSRYS5870973,D,B,A,2024-09-04,460000.00,4.1862,99.17578125
08:03:04,912810UD8,TSRYS5870973,D,S,D,2024-09-04,180000.00,4.188247,99.1484375
08:03:04,912810UD8,TSRYS5870973,D,S,A,2024-09-04,180000.00,4.188247,99.1484375
08:03:04,912810UD8,TSRYS5870973,D,B,C,2024-09-04,550000.00,4.18737,99.16015625
08:03:04,912810UD8,TSRYS5870973,D,S,A,2024-09-04,380000.00,4.189125,99.13671875
08:03:04,912810UD8,TSRYS5870973,D,B,A,2024-09-04,550000.00,4.18737,99.16015625
08:03:04,912810UD8,TSRYS5870973,D,S,C,2024-09-04,380000.00,4.189125,99.13671875
08:03:04,912810UD8,TSRYS5870973,D,B,A,2024-09-04,380000.00,4.189125,99.13671875
08:03:04,912810UD8,TSRYS5870973,D,B,C,2024-09-04,1000000.00,4.199383,98.999848
08:03:04,912810UD8,TSRYS5870973,D,S,D,2024-09-04,1000000.00,4.199371,99.0
08:03:04,912810UD8,TSRYS5870973,D,S,D,2024-09-04,1000000.00,4.188101,99.150390625
08:03:04,912810UD8,TSRYS5870973,D,B,C,2024-09-04,180000.00,4.19088,99.11328125
08:03:04,912810UD8,TSRYS5870973,D,B,C,2024-09-04,180000.00,4.190587,99.1171875
08:03:04,912810UD8,TSRYS5870973,D,B,C,2024-09-04,910000.00,4.208755,98.875
08:03:04,912810UD8,TSRYS5870973,D,S,A,2024-09-04,50MM+,4.208755,98.875
08:03:04,912810UD8,TSRYS5870973,D,B,C,2024-09-04,1365000.00,4.208755,98.875
08:03:04,912810UD8,TSRYS5870973,D,B,C,2024-09-04,6370000.00,4.208755,98.875
08:03:04,912810UD8,TSRYS5870973,D,B,A,2024-09-04,180000.00,4.19088,99.11328125
08:03:04,912810UD8,TSRYS5870973,D,B,A,2024-09-04,50MM+,4.208755,98.875
08:03:04,912810UD8,TSRYS5870973,D,B,A,2024-09-04,180000.00,4.190587,99.1171875
08:03:04,912810UD8,TSRYS5870973,D,B,C,2024-09-04,455000.00,4.208755,98.875
08:03:04,912810UD8,TSRYS5870973,D,B,C,2024-09-04,4550000.00,4.208755,98.875
08:03:04,912810UD8,TSRYS5870973,D,S,C,2024-09-04,910000.00,4.181818,99.234375
08:03:04,912810UD8,TSRYS5870973,D,B,A,2024-09-04,2000000.00,4.184009,99.20507
08:03:05,912810UD8,TSRYS5870973,D,S,D,2024-09-04,2000000.00,4.184009,99.20507
08:03:05,912810UD8,TSRYS5870973,D,B,A,2024-09-04,37600000.00,4.18353,99.21146894
08:03:05,912810UD8,TSRYS5870973,D,S,T,2024-09-04,1000000.00,4.185469,99.18554688
08:03:05,912810UD8,TSRYS5870973,D,B,C,2024-09-04,1000000.00,4.199382,98.99985
08:03:05,912810UD8,TSRYS5870973,D,S,C,2024-09-04,1000000.00,4.200543,98.984375
08:03:06,912810UD8,TSRYS5870973,D,S,D,2024-09-04,1000000.00,4.199371,99.0
08:03:06,912810UD8,TSRYS5870973,D,S,C,2024-09-04,1000000.00,4.20053,98.98455
08:03:06,912810UD8,TSRYS5870973,D,S,D,2024-09-04,1000000.00,4.202879,98.953255
08:03:07,912810UD8,TSRYS5870973,D,S,C,2024-09-04,182000.00,4.194978,99.05859375
08:03:07,912810UD8,TSRYS5870973,D,S,D,2024-09-04,1000000.00,4.201706,98.96888
08:03:07,912810UD8,TSRYS5870973,D,B,C,2024-09-04,1000000.00,4.201716,98.96875
08:03:07,912810UD8,TSRYS5870973,D,S,D,2024-09-04,1000000.00,4.199371,99.0
08:03:07,912810UD8,TSRYS5870973,D,B,C,2024-09-04,1000000.00,4.199371,99.0
08:03:07,912810UD8,TSRYS5870973,D,B,C,2024-09-04,1000000.00,4.199371,99.0
08:03:07,912810UD8,TSRYS5870973,D,S,D,2024-09-04,1000000.00,4.199371,99.0
08:03:08,912810UD8,TSRYS5870973,D,S,D,2024-09-04,1000000.00,4.202889,98.953125
08:03:09,912810UD8,TSRYS5870973,D,S,D,2024-09-04,1000000.00,4.199371,99.0
08:03:09,912810UD8,TSRYS5870973,D,S,D,2024-09-04,1000000.00,4.200543,98.984375
08:03:10,912810UD8,TSRYS5870973,D,S,D,2024-09-04,1000000.00,4.201716,98.96875
08:03:11,912810UD8,TSRYS5870973,D,S,C,2024-09-04,1000000.00,4.200543,98.984375
08:03:11,912810UD8,TSRYS5870973,D,S,T,2024-09-04,1000000.00,4.182985,99.21875
08:03:11,912810UD8,TSRYS5870973,D,S,A,2024-09-04,500.00,4.185908,99.1796875
08:03:12,912810UD8,TSRYS5870973,D,S,T,2024-09-04,1000000.00,4.182985,99.21875
08:03:12,912810UD8,TSRYS5870973,D,S,D,2024-09-04,1000000.00,4.193367,99.080078125
08:03:12,912810UD8,TSRYS5870973,D,S,T,2024-09-04,1000000.00,4.182985,99.21875
08:03:12,912810UD8,TSRYS5870973,D,S,A,2024-09-04,180000.00,4.190587,99.1171875
08:03:12,912810UD8,TSRYS5870973,D,S,C,2024-09-04,1000000.00,4.197016,99.0314
08:03:12,912810UD8,TSRYS5870973,D,S,C,2024-09-04,1000000.00,4.197016,99.0314
08:03:13,912810UD8,TSRYS5870973,D,B,C,2024-09-04,1000000.00,4.197043,99.03105
08:03:13,912810UD8,TSRYS5870973,D,S,D,2024-09-04,1000000.00,4.19088,99.11328125
08:03:13,912810UD8,TSRYS5870973,D,S,C,2024-09-04,1000000.00,4.197028,99.03125
08:03:13,912810UD8,TSRYS5870973,D,B,C,2024-09-04,1000000.00,4.197039,99.0311
08:03:13,912810UD8,TSRYS5870973,D,B,C,2024-09-04,1000000.00,4.197039,99.0311
08:03:13,912810UD8,TSRYS5870973,D,S,C,2024-09-04,1000000.00,4.197013,99.03145
08:03:15,912810UD8,TSRYS5870973,D,S,C,2024-09-04,1000000.00,4.188821,99.140775
08:03:15,912810UD8,TSRYS5870973,D,S,T,2024-09-04,1000000.00,4.182985,99.21875
08:03:16,912810UD8,TSRYS5870973,D,S,T,2024-09-04,1000000.00,4.182109,99.23046875
08:03:17,912810UD8,TSRYS5870973,D,S,T,2024-09-04,1000000.00,4.193367,99.080078125
08:03:17,912810UD8,TSRYS5870973,D,B,C,2024-09-04,1000000.00,4.186054,99.177734375
08:03:17,912810UD8,TSRYS5870973,D,S,D,2024-09-04,1000000.00,4.186054,99.177734375
08:03:17,912810UD8,TSRYS5870973,D,S,D,2024-09-04,1000000.00,4.185908,99.1796875
08:03:17,912810UD8,TSRYS5870973,D,S,D,2024-09-04,1000000.00,4.188832,99.140625
08:03:18,912810UD8,TSRYS5870973,D,S,D,2024-09-04,1000000.00,4.184008,99.205078125
08:03:18,912810UD8,TSRYS5870973,D,S,D,2024-09-04,2000000.00,4.190002,99.125
08:03:22,912810UD8,TSRYS5870973,D,S,T,2024-09-04,1000000.00,4.182109,99.23046875
08:03:22,912810UD8,TSRYS5870973,D,S,T,2024-09-04,1000000.00,4.182985,99.21875
08:03:22,912810UD8,TSRYS5870973,D,S,T,2024-09-04,1000000.00,4.182985,99.21875
08:03:22,912810UD8,TSRYS5870973,D,S,D,2024-09-04,1000000.00,4.192343,99.09375
08:03:23,912810UD8,TSRYS5870973,D,S,A,2024-09-04,180000.00,4.19088,99.11328125
08:03:24,912810UD8,TSRYS5870973,D,B,C,2024-09-04,7000000.00,4.185031,99.19140625
08:03:25,912810UD8,TSRYS5870973,D,S,T,2024-09-04,1000000.00,4.182985,99.21875
08:03:25,912810UD8,TSRYS5870973,D,S,T,2024-09-04,1000000.00,4.182985,99.21875
08:03:26,912810UD8,TSRYS5870973,D,B,C,2024-09-04,1000000.00,4.188845,99.14045
08:03:26,912810UD8,TSRYS5870973,D,B,C,2024-09-04,1000000.00,4.188832,99.140625
08:03:26,912810UD8,TSRYS5870973,D,S,C,2024-09-04,1000000.00,4.188832,99.140625
08:03:26,912810UD8,TSRYS5870973,D,S,D,2024-09-04,1000000.00,4.188832,99.140625
08:03:26,912810UD8,TSRYS5870973,D,S,C,2024-09-04,1000000.00,4.188832,99.140625
08:03:26,912810UD8,TSRYS5870973,D,B,C,2024-09-04,1000000.00,4.188832,99.140625
08:03:26,912810UD8,TSRYS5870973,D,S,D,2024-09-04,1000000.00,4.190002,99.125
08:03:26,912810UD8,TSRYS5870973,D,B,C,2024-09-04,2000000.00,4.187662,99.15625
08:03:26,912810UD8,TSRYS5870973,D,S,D,2024-09-04,2000000.00,4.187662,99.15625
08:03:27,912810UD8,TSRYS5870973,D,S,D,2024-09-04,1000000.00,4.183862,99.20703125
08:03:27,912810UD8,TSRYS5870973,D,S,T,2024-09-04,1000000.00,4.182985,99.21875
08:03:27,912810UD8,TSRYS5870973,D,B,C,2024-09-04,1000000.00,4.185323,99.1875
08:03:27,912810UD8,TSRYS5870973,D,S,D,2024-09-04,1000000.00,4.185323,99.1875
08:03:27,912810UD8,TSRYS5870973,D,S,D,2024-09-04,1000000.00,4.185323,99.1875
08:03:27,912810UD8,TSRYS5870973,D,B,C,2024-09-04,1000000.00,4.185323,99.1875
08:03:28,912810UD8,TSRYS5870973,D,B,C,2024-09-04,1000000.00,4.184167,99.20295
08:03:28,912810UD8,TSRYS5870973,D,B,C,2024-09-04,2000000.00,4.184154,99.203125
08:03:28,912810UD8,TSRYS5870973,D,S,D,2024-09-04,1000000.00,4.184154,99.203125
08:03:28,912810UD8,TSRYS5870973,D,S,D,2024-09-04,2000000.00,4.184154,99.203125
08:03:28,912810UD8,TSRYS5870973,D,S,D,2024-09-04,1000000.00,4.184154,99.203125
08:03:28,912810UD8,TSRYS5870973,D,B,C,2024-09-04,1000000.00,4.184154,99.203125
08:03:28,912810UD8,TSRYS5870973,D,S,C,2024-09-04,1000000.00,4.184154,99.203125
08:03:28,912810UD8,TSRYS5870973,D,B,C,2024-09-04,1000000.00,4.184154,99.203125
08:03:28,912810UD8,TSRYS5870973,D,S,C,2024-09-04,1000000.00,4.184154,99.203125
08:03:28,912810UD8,TSRYS5870973,D,S,D,2024-09-04,1000000.00,4.185323,99.1875
08:03:28,912810UD8,TSRYS5870973,D,B,C,2024-09-04,1000000.00,4.185323,99.1875
08:03:29,912810UD8,TSRYS5870973,D,S,D,2024-09-04,1000000.00,4.187662,99.15625
08:03:29,912810UD8,TSRYS5870973,D,B,C,2024-09-04,1000000.00,4.187673,99.1561
08:03:29,912810UD8,TSRYS5870973,D,B,C,2024-09-04,1000000.00,4.187662,99.15625
08:03:29,912810UD8,TSRYS5870973,D,S,C,2024-09-04,1000000.00,4.187662,99.15625
08:03:29,912810UD8,TSRYS5870973,D,S,C,2024-09-04,1000000.00,4.187647,99.15645
08:03:29,912810UD8,TSRYS5870973,D,S,D,2024-09-04,1000000.00,4.187662,99.15625
08:03:29,912810UD8,TSRYS5870973,D,B,C,2024-09-04,1000000.00,4.187662,99.15625
08:03:29,912810UD8,TSRYS5870973,D,B,C,2024-09-04,1000000.00,4.187662,99.15625
08:03:29,912810UD8,TSRYS5870973,D,S,D,2024-09-04,1000000.00,4.186493,99.171875
08:03:29,912810UD8,TSRYS5870973,D,B,C,2024-09-04,1000000.00,4.186493,99.171875
08:03:30,912810UD8,TSRYS5870973,D,S,T,2024-09-04,1000000.00,4.182985,99.21875
08:03:30,912810UD8,TSRYS5870973,D,S,T,2024-09-04,1000000.00,4.182985,99.21875
08:03:31,912810UD8,TSRYS5870973,D,S,D,2024-09-04,1000000.00,4.187662,99.15625
08:03:31,912810UD8,TSRYS5870973,D,B,C,2024-09-04,1000000.00,4.186508,99.171675
08:03:31,912810UD8,TSRYS5870973,D,S,T,2024-09-04,1000000.00,4.182985,99.21875
08:03:31,912810UD8,TSRYS5870973,D,S,D,2024-09-04,1000000.00,4.186493,99.171875
08:03:32,912810UD8,TSRYS5870973,D,S,T,2024-09-04,1000000.00,4.182985,99.21875
08:03:33,912810UD8,TSRYS5870973,D,S,D,2024-09-04,1000000.00,4.185323,99.1875
08:03:33,912810UD8,TSRYS5870973,D,S,T,2024-09-04,1000000.00,4.182985,99.21875
08:03:33,912810UD8,TSRYS5870973,D,S,C,2024-09-04,44000.00,4.187955,99.15234375
08:03:34,912810UD8,TSRYS5870973,D,S,D,2024-09-04,1000000.00,4.186493,99.171875
08:03:34,912810UD8,TSRYS5870973,D,S,T,2024-09-04,1000000.00,4.184154,99.203125
08:03:34,912810UD8,TSRYS5870973,D,S,T,2024-09-04,1000000.00,4.184154,99.203125
08:03:38,912810UD8,TSRYS5870973,D,B,A,2024-09-04,1870000.00,4.185908,99.1796875
08:03:40,912810UD8,TSRYS5870973,D,S,D,2024-09-04,1000000.00,4.188832,99.140625
08:03:41,912810UD8,TSRYS5870973,D,S,D,2024-09-04,2000000.00,4.186493,99.171875
08:03:41,912810UD8,TSRYS5870973,D,B,C,2024-09-04,2000000.00,4.186493,99.171875
08:03:42,912810UD8,TSRYS5870973,D,S,D,2024-09-04,1000000.00,4.186493,99.171875
08:03:42,912810UD8,TSRYS5870973,D,B,C,2024-09-04,1000000.00,4.18651,99.17165
08:03:44,912810UD8,TSRYS5870973,D,S,T,2024-09-04,1000000.00,4.182985,99.21875
08:03:44,912810UD8,TSRYS5870973,D,S,D,2024-09-04,3525000.00,4.181817,99.234375
08:03:45,912810UD8,TSRYS5870973,D,B,C,2024-09-04,1000000.00,4.188832,99.140625
08:03:45,912810UD8,TSRYS5870973,D,S,D,2024-09-04,1000000.00,4.188832,99.140625
08:03:45,912810UD8,TSRYS5870973,D,S,D,2024-09-04,1000000.00,4.188832,99.140625
08:03:45,912810UD8,TSRYS5870973,D,S,D,2024-09-04,1000000.00,4.188822,99.140755
08:03:45,912810UD8,TSRYS5870973,D,B,C,2024-09-04,1000000.00,4.188832,99.140625
08:03:45,912810UD8,TSRYS5870973,D,S,D,2024-09-04,1000000.00,4.188832,99.140625
08:03:45,912810UD8,TSRYS5870973,D,B,C,2024-09-04,1000000.00,4.188849,99.140398
08:03:45,912810UD8,TSRYS5870973,D,S,D,2024-09-04,1000000.00,4.188832,99.140625
08:03:46,912810UD8,TSRYS5870973,D,S,A,2024-09-04,455000.00,4.192051,99.09765625
08:03:46,912810UD8,TSRYS5870973,D,S,D,2024-09-04,1000000.00,4.191172,99.109375
08:03:52,912810UD8,TSRYS5870973,D,B,C,2024-09-04,1000000.00,4.192343,99.09375
08:03:52,912810UD8,TSRYS5870973,D,S,D,2024-09-04,1000000.00,4.192343,99.09375
08:03:52,912810UD8,TSRYS5870973,D,S,C,2024-09-04,1000000.00,4.192343,99.09375
08:03:52,912810UD8,TSRYS5870973,D,B,C,2024-09-04,1000000.00,4.192343,99.09375
08:03:52,912810UD8,TSRYS5870973,D,S,D,2024-09-04,1000000.00,4.193514,99.078125
08:03:53,912810UD8,TSRYS5870973,D,S,D,2024-09-04,1000000.00,4.191172,99.109375
08:03:53,912810UD8,TSRYS5870973,D,B,C,2024-09-04,1000000.00,4.191172,99.109375
08:03:54,912810UD8,TSRYS5870973,D,S,D,2024-09-04,1000000.00,4.191172,99.109375
08:03:54,912810UD8,TSRYS5870973,D,B,C,2024-09-04,1000000.00,4.191172,99.109375
08:03:54,912810UD8,TSRYS5870973,D,S,C,2024-09-04,1000000.00,4.191172,99.109375
08:03:54,912810UD8,TSRYS5870973,D,B,C,2024-09-04,1000000.00,4.191172,99.109375
08:03:54,912810UD8,TSRYS5870973,D,S,D,2024-09-04,1000000.00,4.191172,99.109375
08:03:54,912810UD8,TSRYS5870973,D,S,D,2024-09-04,1000000.00,4.192343,99.09375
08:03:55,912810UD8,TSRYS5870973,D,S,D,2024-09-04,1000000.00,4.193514,99.078125
08:03:55,912810UD8,TSRYS5870973,D,B,C,2024-09-04,1000000.00,4.192343,99.09375
08:03:55,912810UD8,TSRYS5870973,D,S,D,2024-09-04,1000000.00,4.192343,99.09375
08:03:56,912810UD8,TSRYS5870973,D,B,C,2024-09-04,1000000.00,4.194685,99.0625
08:03:56,912810UD8,TSRYS5870973,D,S,D,2024-09-04,1000000.00,4.194685,99.0625
08:03:56,912810UD8,TSRYS5870973,D,S,D,2024-09-04,1000000.00,4.194685,99.0625
08:03:56,912810UD8,TSRYS5870973,D,S,D,2024-09-04,1000000.00,4.194685,99.0625
08:03:57,912810UD8,TSRYS5870973,D,S,D,2024-09-04,1000000.00,4.192343,99.09375
08:03:57,912810UD8,TSRYS5870973,D,B,C,2024-09-04,1000000.00,4.192343,99.09375
08:03:57,912810UD8,TSRYS5870973,D,S,C,2024-09-04,1000000.00,4.192343,99.09375
08:03:57,912810UD8,TSRYS5870973,D,B,C,2024-09-04,1000000.00,4.192343,99.09375
08:03:57,912810UD8,TSRYS5870973,D,S,D,2024-09-04,1000000.00,4.191172,99.109375
08:03:57,912810UD8,TSRYS5870973,D,B,C,2024-09-04,1000000.00,4.191172,99.109375
08:03:58,912810UD8,TSRYS5870973,D,B,C,2024-09-04,1000000.00,4.194696,99.06235
08:03:58,912810UD8,TSRYS5870973,D,S,C,2024-09-04,1000000.00,4.194685,99.0625
08:03:59,912810UD8,TSRYS5870973,D,S,D,2024-09-04,1000000.00,4.195856,99.046875
08:03:59,912810UD8,TSRYS5870973,D,S,D,2024-09-04,1000000.00,4.198199,99.015625
08:03:59,912810UD8,TSRYS5870973,D,B,C,2024-09-04,1000000.00,4.198199,99.015625
08:03:59,912810UD8,TSRYS5870973,D,S,C,2024-09-04,1000000.00,4.198184,99.015825
08:03:59,912810UD8,TSRYS5870973,D,S,C,2024-09-04,1000000.00,4.198184,99.015825
08:03:59,912810UD8,TSRYS5870973,D,B,C,2024-09-04,1000000.00,4.198199,99.015625
08:04:01,912810UD8,TSRYS5870973,D,S,D,2024-09-04,1000000.00,4.198189,99.015755
08:04:02,912810UD8,TSRYS5870973,D,S,T,2024-09-04,1000000.00,4.184154,99.203125
08:04:03,912810UD8,TSRYS5870973,D,S,D,2024-09-04,1000000.00,4.193221,99.08203125
08:04:04,912810UD8,TSRYS5870973,D,S,D,2024-09-04,1000000.00,4.193514,99.078125
08:04:07,912810UD8,TSRYS5870973,D,S,D,2024-09-04,1000000.00,4.189992,99.12513
08:04:07,912810UD8,TSRYS5870973,D,B,C,2024-09-04,1000000.00,4.190017,99.1248
08:04:09,912810UD8,TSRYS5870973,D,S,D,2024-09-04,1000000.00,4.194677,99.062602
08:04:11,912810UD8,TSRYS5870973,D,S,D,2024-09-04,1000000.00,4.197028,99.03125
08:04:12,912810UD8,TSRYS5870973,D,S,D,2024-09-04,1000000.00,4.193514,99.078125
08:04:12,912810UD8,TSRYS5870973,D,B,C,2024-09-04,1000000.00,4.193514,99.078125
08:04:12,912810UD8,TSRYS5870973,D,S,D,2024-09-04,1000000.00,4.193514,99.078125
08:04:12,912810UD8,TSRYS5870973,D,S,D,2024-09-04,1000000.00,4.193514,99.078125
08:04:12,912810UD8,TSRYS5870973,D,S,D,2024-09-04,1000000.00,4.193514,99.078125
08:04:12,912810UD8,TSRYS5870973,D,S,D,2024-09-04,1000000.00,4.193514,99.078125
08:04:12,912810UD8,TSRYS5870973,D,S,D,2024-09-04,1000000.00,4.193514,99.078125
08:04:12,912810UD8,TSRYS5870973,D,S,D,2024-09-04,1000000.00,4.193514,99.078125
08:04:12,912810UD8,TSRYS5870973,D,S,D,2024-09-04,1000000.00,4.193514,99.078125
08:04:12,912810UD8,TSRYS5870973,D,S,D,2024-09-04,1000000.00,4.193514,99.078125
08:04:12,912810UD8,TSRYS5870973,D,S,D,2024-09-04,1000000.00,4.193514,99.078125
08:04:12,912810UD8,TSRYS5870973,D,B,C,2024-09-04,1000000.00,4.193514,99.078125
08:04:12,912810UD8,TSRYS5870973,D,S,D,2024-09-04,1000000.00,4.193514,99.078125
08:04:12,912810UD8,TSRYS5870973,D,B,C,2024-09-04,1000000.00,4.193514,99.078125
08:04:12,912810UD8,TSRYS5870973,D,S,D,2024-09-04,1000000.00,4.193514,99.078125
08:04:12,912810UD8,TSRYS5870973,D,S,D,2024-09-04,1000000.00,4.193514,99.078125
08:04:12,912810UD8,TSRYS5870973,D,B,C,2024-09-04,1000000.00,4.193514,99.078125
08:04:12,912810UD8,TSRYS5870973,D,S,D,2024-09-04,1000000.00,4.193514,99.078125
08:04:13,912810UD8,TSRYS5870973,D,S,D,2024-09-04,3000000.00,4.195856,99.046875
08:04:13,912810UD8,TSRYS5870973,D,S,D,2024-09-04,1000000.00,4.195856,99.046875
08:04:16,912810UD8,TSRYS5870973,D,S,D,2024-09-04,1000000.00,4.197028,99.03125
08:04:16,912810UD8,TSRYS5870973,D,S,C,2024-09-04,1000000.00,4.197013,99.03145
08:04:16,912810UD8,TSRYS5870973,D,S,C,2024-09-04,1000000.00,4.197013,99.03145
08:04:16,912810UD8,TSRYS5870973,D,S,T,2024-09-04,1000000.00,4.184154,99.203125
08:04:17,912810UD8,TSRYS5870973,D,S,C,2024-09-04,1000000.00,4.195841,99.047075
08:04:18,912810UD8,TSRYS5870973,D,S,D,2024-09-04,1000000.00,4.188832,99.140625
08:04:18,912810UD8,TSRYS5870973,D,S,D,2024-09-04,1000000.00,4.188832,99.140625
08:04:18,912810UD8,TSRYS5870973,D,B,C,2024-09-04,1000000.00,4.18884,99.140525
08:04:18,912810UD8,TSRYS5870973,D,S,D,2024-09-04,1000000.00,4.188832,99.140625
08:04:18,912810UD8,TSRYS5870973,D,S,D,2024-09-04,1000000.00,4.188832,99.140625
08:04:18,912810UD8,TSRYS5870973,D,B,C,2024-09-04,1000000.00,4.188847,99.140425
08:04:19,912810UD8,TSRYS5870973,D,S,D,2024-09-04,1000000.00,4.190002,99.125
08:04:19,912810UD8,TSRYS5870973,D,S,D,2024-09-04,1000000.00,4.189992,99.12513
08:04:19,912810UD8,TSRYS5870973,D,S,D,2024-09-04,1000000.00,4.188832,99.140625
08:04:19,912810UD8,TSRYS5870973,D,B,C,2024-09-04,1000000.00,4.188847,99.140425
08:04:19,912810UD8,TSRYS5870973,D,S,D,2024-09-04,1000000.00,4.188832,99.140625
08:04:19,912810UD8,TSRYS5870973,D,B,C,2024-09-04,1000000.00,4.188847,99.140425
08:04:21,912810UD8,TSRYS5870973,D,B,C,2024-09-04,1000000.00,4.187662,99.15625
08:04:21,912810UD8,TSRYS5870973,D,S,D,2024-09-04,1000000.00,4.187662,99.15625
08:04:22,912810UD8,TSRYS5870973,D,S,D,2024-09-04,1000000.00,4.181817,99.234375
08:04:22,912810UD8,TSRYS5870973,D,B,C,2024-09-04,1000000.00,4.181817,99.234375
08:04:22,912810UD8,TSRYS5870973,D,S,D,2024-09-04,1000000.00,4.181817,99.234375
08:04:22,912810UD8,TSRYS5870973,D,S,D,2024-09-04,1000000.00,4.181817,99.234375
08:04:22,912810UD8,TSRYS5870973,D,B,C,2024-09-04,1000000.00,4.181817,99.234375
08:04:23,912810UD8,TSRYS5870973,D,B,C,2024-09-04,1000000.00,4.197028,99.03125
08:04:23,912810UD8,TSRYS5870973,D,S,D,2024-09-04,1000000.00,4.197028,99.03125
08:04:23,912810UD8,TSRYS5870973,D,S,D,2024-09-04,1000000.00,4.180648,99.25
08:04:23,912810UD8,TSRYS5870973,D,B,C,2024-09-04,1000000.00,4.181832,99.234175
08:04:23,912810UD8,TSRYS5870973,D,S,D,2024-09-04,1000000.00,4.181817,99.234375
08:04:23,912810UD8,TSRYS5870973,D,S,D,2024-09-04,1000000.00,4.181817,99.234375
08:04:23,912810UD8,TSRYS5870973,D,S,D,2024-09-04,1000000.00,4.181817,99.234375
08:04:23,912810UD8,TSRYS5870973,D,S,D,2024-09-04,1000000.00,4.181817,99.234375
08:04:23,912810UD8,TSRYS5870973,D,S,D,2024-09-04,1000000.00,4.181817,99.234375
08:04:23,912810UD8,TSRYS5870973,D,B,C,2024-09-04,1000000.00,4.181817,99.234375
08:04:23,912810UD8,TSRYS5870973,D,B,C,2024-09-04,1000000.00,4.181817,99.234375
08:04:24,912810UD8,TSRYS5870973,D,S,D,2024-09-04,1000000.00,4.181817,99.234375
08:04:25,912810UD8,TSRYS5870973,D,S,D,2024-09-04,1000000.00,4.182985,99.21875
08:04:25,912810UD8,TSRYS5870973,D,B,C,2024-09-04,1000000.00,4.183002,99.218525
08:04:25,912810UD8,TSRYS5870973,D,S,D,2024-09-04,1000000.00,4.182985,99.21875
08:04:25,912810UD8,TSRYS5870973,D,S,D,2024-09-04,1000000.00,4.182985,99.21875
08:04:25,912810UD8,TSRYS5870973,D,B,C,2024-09-04,1000000.00,4.182998,99.218575
08:04:26,912810UD8,TSRYS5870973,D,S,D,2024-09-04,1000000.00,4.192489,99.091796875
08:04:27,912810UD8,TSRYS5870973,D,S,D,2024-09-04,1000000.00,4.185323,99.1875
08:04:27,912810UD8,TSRYS5870973,D,B,C,2024-09-04,1000000.00,4.185323,99.1875
08:04:27,912810UD8,TSRYS5870973,D,S,D,2024-09-04,1000000.00,4.185323,99.1875
08:04:27,912810UD8,TSRYS5870973,D,B,C,2024-09-04,1000000.00,4.185323,99.1875
08:04:28,912810UD8,TSRYS5870973,D,S,D,2024-09-04,1000000.00,4.187662,99.15625
08:04:28,912810UD8,TSRYS5870973,D,S,D,2024-09-04,1000000.00,4.187662,99.15625
08:04:28,912810UD8,TSRYS5870973,D,S,D,2024-09-04,1000000.00,4.187662,99.15625
08:04:28,912810UD8,TSRYS5870973,D,S,D,2024-09-04,1000000.00,4.187662,99.15625
08:04:28,912810UD8,TSRYS5870973,D,S,D,2024-09-04,1000000.00,4.187662,99.15625
08:04:28,912810UD8,TSRYS5870973,D,S,D,2024-09-04,1000000.00,4.187662,99.15625
08:04:28,912810UD8,TSRYS5870973,D,S,D,2024-09-04,1000000.00,4.187662,99.15625
08:04:29,912810UD8,TSRYS5870973,D,S,D,2024-09-04,1000000.00,4.185323,99.1875
08:04:29,912810UD8,TSRYS5870973,D,B,C,2024-09-04,1000000.00,4.185323,99.1875
08:04:29,912810UD8,TSRYS5870973,D,S,D,2024-09-04,1000000.00,4.185323,99.1875
08:04:29,912810UD8,TSRYS5870973,D,B,C,2024-09-04,1000000.00,4.185323,99.1875
08:04:29,912810UD8,TSRYS5870973,D,S,D,2024-09-04,1000000.00,4.185323,99.1875
08:04:30,912810UD8,TSRYS5870973,D,S,C,2024-09-04,1000000.00,4.184143,99.203275
08:04:30,912810UD8,TSRYS5870973,D,B,C,2024-09-04,1000000.00,4.184167,99.20295
08:04:30,912810UD8,TSRYS5870973,D,S,C,2024-09-04,1000000.00,4.184143,99.203275
08:04:30,912810UD8,TSRYS5870973,D,B,C,2024-09-04,1000000.00,4.184167,99.20295
08:04:30,912810UD8,TSRYS5870973,D,S,C,2024-09-04,1000000.00,4.184139,99.203325
08:04:30,912810UD8,TSRYS5870973,D,S,D,2024-09-04,1000000.00,4.182985,99.21875
08:04:30,912810UD8,TSRYS5870973,D,S,D,2024-09-04,1000000.00,4.182985,99.21875
08:04:32,912810UD8,TSRYS5870973,D,S,D,2024-09-04,1000000.00,4.184154,99.203125
08:04:32,912810UD8,TSRYS5870973,D,B,C,2024-09-04,1000000.00,4.184169,99.202925
08:04:32,912810UD8,TSRYS5870973,D,S,C,2024-09-04,1000000.00,4.192343,99.09375
08:04:33,912810UD8,TSRYS5870973,D,S,C,2024-09-04,1000000.00,4.188817,99.140825
08:04:33,912810UD8,TSRYS5870973,D,S,D,2024-09-04,1000000.00,4.188832,99.140625
08:04:34,912810UD8,TSRYS5870973,D,B,C,2024-09-04,1000000.00,4.190019,99.124773
08:04:34,912810UD8,TSRYS5870973,D,S,C,2024-09-04,1000000.00,4.189989,99.125175
