tradeTime,cusip,issueSymbolIdentifier,priceType,reportingSideCode,contraPartyTypeCode,tradeDate,reportedTradeVolume,lastSaleYield,lastSalePrice
08:00:04,912810UB2,TSRYS5810883,D,S,D,2024-07-23,1000000.00,4.55789,100.86328125
08:00:04,912810UB2,TSRYS5810883,D,S,D,2024-07-23,1000000.00,4.55789,100.86328125
08:00:04,912810UB2,TSRYS5810883,D,S,D,2024-07-23,1000000.00,4.559389,100.84375
08:00:04,912810UB2,TSRYS5810883,D,S,D,2024-07-23,1000000.00,4.569143,100.716796875
08:00:04,912810UB2,TSRYS5810883,D,S,T,2024-07-23,1000000.00,4.567041,100.744140625
08:00:04,912810UB2,TSRYS5810883,D,S,T,2024-07-23,1000000.00,4.567041,100.744140625
08:00:04,912810UB2,TSRYS5810883,D,S,T,2024-07-23,1000000.00,4.567041,100.744140625
08:00:04,912810UB2,TSRYS5810883,D,S,T,2024-07-23,1000000.00,4.54636,101.013671875
08:00:04,912810UB2,TSRYS5810883,D,S,T,2024-07-23,1000000.00,4.547557,100.998046875
08:00:04,912810UB2,TSRYS5810883,D,S,D,2024-07-23,1000000.00,4.549951,100.966796875
08:00:19,912810UB2,TSRYS5810883,D,S,D,2024-07-23,1000000.00,4.559389,100.84375
08:00:19,912810UB2,TSRYS5810883,D,S,D,2024-07-23,1000000.00,4.55819,100.859375
08:00:19,912810UB2,TSRYS5810883,D,S,D,2024-07-23,1000000.00,4.559389,100.84375
08:00:19,912810UB2,TSRYS5810883,D,S,D,2024-07-23,1000000.00,4.559389,100.84375
08:00:21,912810UB2,TSRYS5810883,D,S,C,2024-07-23,1000000.00,4.55879,100.8515625
08:00:21,912810UB2,TSRYS5810883,D,S,C,2024-07-23,1000000.00,4.55879,100.8515625
08:00:21,912810UB2,TSRYS5810883,D,S,C,2024-07-23,1000000.00,4.559089,100.84765625
08:00:21,912810UB2,TSRYS5810883,D,S,C,2024-07-23,1000000.00,4.559989,100.8359375
08:00:21,912810UB2,TSRYS5810883,D,S,C,2024-07-23,1000000.00,4.560589,100.828125
08:00:21,912810UB2,TSRYS5810883,D,S,C,2024-07-23,1000000.00,4.559389,100.84375
08:00:26,912810UB2,TSRYS5810883,D,S,T,2024-07-23,1000000.00,4.552197,100.9375
08:00:26,912810UB2,TSRYS5810883,D,S,T,2024-07-23,1000000.00,4.552197,100.9375
08:00:26,912810UB2,TSRYS5810883,D,S,T,2024-07-23,1000000.00,4.552197,100.9375
08:00:26,912810UB2,TSRYS5810883,D,S,T,2024-07-23,1000000.00,4.552197,100.9375
08:00:27,912810UB2,TSRYS5810883,D,S,T,2024-07-23,1000000.00,4.564339,100.779296875
08:00:27,912810UB2,TSRYS5810883,D,S,D,2024-07-23,1000000.00,4.55879,100.8515625
08:00:27,912810UB2,TSRYS5810883,D,S,D,2024-07-23,1000000.00,4.559089,100.84765625
08:00:27,912810UB2,TSRYS5810883,D,S,D,2024-07-23,1000000.00,4.559989,100.8359375
08:00:27,912810UB2,TSRYS5810883,D,S,D,2024-07-23,1000000.00,4.563889,100.78515625
08:00:27,912810UB2,TSRYS5810883,D,S,D,2024-07-23,1000000.00,4.552497,100.93359375
08:00:30,912810UB2,TSRYS5810883,D,S,T,2024-07-23,1000000.00,4.568993,100.71875
08:00:30,912810UB2,TSRYS5810883,D,S,T,2024-07-23,1000000.00,4.561789,100.8125
08:00:30,912810UB2,TSRYS5810883,D,S,T,2024-07-23,1000000.00,4.556991,100.875
08:00:30,912810UB2,TSRYS5810883,D,S,T,2024-07-23,1000000.00,4.560589,100.828125
08:00:30,912810UB2,TSRYS5810883,D,S,T,2024-07-23,1000000.00,4.560589,100.828125
08:00:30,912810UB2,TSRYS5810883,D,S,T,2024-07-23,1000000.00,4.559389,100.84375
08:00:30,912810UB2,TSRYS5810883,D,S,T,2024-07-23,2000000.00,4.559389,100.84375
08:00:30,912810UB2,TSRYS5810883,D,S,T,2024-07-23,1000000.00,4.560589,100.828125
08:00:30,912810UB2,TSRYS5810883,D,S,T,2024-07-23,1000000.00,4.560589,100.828125
08:00:30,912810UB2,TSRYS5810883,D,S,T,2024-07-23,1000000.00,4.559389,100.84375
08:00:30,912810UB2,TSRYS5810883,D,S,T,2024-07-23,1000000.00,4.55819,100.859375
08:00:30,912810UB2,TSRYS5810883,D,S,T,2024-07-23,1000000.00,4.55819,100.859375
08:00:30,912810UB2,TSRYS5810883,D,S,T,2024-07-23,1000000.00,4.556991,100.875
08:00:30,912810UB2,TSRYS5810883,D,S,D,2024-07-23,1000000.00,4.561489,100.81640625
08:00:30,912810UB2,TSRYS5810883,D,S,T,2024-07-23,1000000.00,4.564189,100.78125
08:00:30,912810UB2,TSRYS5810883,D,S,T,2024-07-23,1000000.00,4.562989,100.796875
08:00:30,912810UB2,TSRYS5810883,D,S,T,2024-07-23,1000000.00,4.562839,100.798828125
08:00:30,912810UB2,TSRYS5810883,D,S,T,2024-07-23,1000000.00,4.56629,100.75390625
08:00:30,912810UB2,TSRYS5810883,D,S,T,2024-07-23,1000000.00,4.56629,100.75390625
08:00:30,912810UB2,TSRYS5810883,D,S,T,2024-07-23,1000000.00,4.568993,100.71875
08:00:30,912810UB2,TSRYS5810883,D,S,T,2024-07-23,1000000.00,4.568993,100.71875
08:00:30,912810UB2,TSRYS5810883,D,S,T,2024-07-23,1000000.00,4.572898,100.66796875
08:00:30,912810UB2,TSRYS5810883,D,S,T,2024-07-23,1000000.00,4.5738,100.65625
08:00:30,912810UB2,TSRYS5810883,D,S,T,2024-07-23,1000000.00,4.575002,100.640625
08:00:30,912810UB2,TSRYS5810883,D,S,T,2024-07-23,1000000.00,4.5738,100.65625
08:00:31,912810UB2,TSRYS5810883,D,S,T,2024-07-23,1000000.00,4.568993,100.71875
08:00:31,912810UB2,TSRYS5810883,D,S,T,2024-07-23,1000000.00,4.568993,100.71875
08:00:31,912810UB2,TSRYS5810883,D,S,T,2024-07-23,1000000.00,4.568993,100.71875
08:00:31,912810UB2,TSRYS5810883,D,S,T,2024-07-23,1000000.00,4.567791,100.734375
08:00:31,912810UB2,TSRYS5810883,D,S,T,2024-07-23,1000000.00,4.561789,100.8125
08:00:31,912810UB2,TSRYS5810883,D,S,T,2024-07-23,2000000.00,4.548904,100.98046875
08:00:31,912810UB2,TSRYS5810883,D,S,T,2024-07-23,1000000.00,4.548604,100.984375
08:00:31,912810UB2,TSRYS5810883,D,S,T,2024-07-23,1000000.00,4.548904,100.98046875
08:00:31,912810UB2,TSRYS5810883,D,S,T,2024-07-23,1000000.00,4.548604,100.984375
08:00:31,912810UB2,TSRYS5810883,D,S,T,2024-07-23,1000000.00,4.548604,100.984375
08:00:31,912810UB2,TSRYS5810883,D,S,T,2024-07-23,1000000.00,4.548904,100.98046875
08:00:31,912810UB2,TSRYS5810883,D,S,T,2024-07-23,1000000.00,4.54651,101.01171875
08:00:31,912810UB2,TSRYS5810883,D,S,T,2024-07-23,1000000.00,4.548904,100.98046875
08:00:31,912810UB2,TSRYS5810883,D,S,T,2024-07-23,1000000.00,4.551149,100.951171875
08:00:31,912810UB2,TSRYS5810883,D,S,T,2024-07-23,1000000.00,4.551149,100.951171875
08:00:31,912810UB2,TSRYS5810883,D,S,T,2024-07-23,1000000.00,4.548604,100.984375
08:00:31,912810UB2,TSRYS5810883,D,S,T,2024-07-23,1000000.00,4.547407,101.0
08:00:31,912810UB2,TSRYS5810883,D,S,T,2024-07-23,1000000.00,4.548305,100.98828125
08:00:31,912810UB2,TSRYS5810883,D,S,T,2024-07-23,1000000.00,4.550251,100.962890625
08:00:32,912810UB2,TSRYS5810883,D,S,T,2024-07-23,1000000.00,4.54621,101.015625
08:00:32,912810UB2,TSRYS5810883,D,S,T,2024-07-23,1000000.00,4.54621,101.015625
08:00:32,912810UB2,TSRYS5810883,D,S,T,2024-07-23,1000000.00,4.552497,100.93359375
08:00:32,912810UB2,TSRYS5810883,D,S,T,2024-07-23,1000000.00,4.550401,100.9609375
08:00:32,912810UB2,TSRYS5810883,D,S,T,2024-07-23,1000000.00,4.55055,100.958984375
08:00:32,912810UB2,TSRYS5810883,D,S,T,2024-07-23,1000000.00,4.548305,100.98828125
08:00:32,912810UB2,TSRYS5810883,D,S,T,2024-07-23,1000000.00,4.548455,100.986328125
08:00:32,912810UB2,TSRYS5810883,D,S,T,2024-07-23,1000000.00,4.547856,100.994140625
08:00:32,912810UB2,TSRYS5810883,D,S,T,2024-07-23,1000000.00,4.549802,100.96875
08:00:32,912810UB2,TSRYS5810883,D,S,T,2024-07-23,1000000.00,4.549951,100.966796875
08:00:32,912810UB2,TSRYS5810883,D,S,T,2024-07-23,1000000.00,4.549802,100.96875
08:00:32,912810UB2,TSRYS5810883,D,S,D,2024-07-23,1000000.00,4.55819,100.859375
08:00:32,912810UB2,TSRYS5810883,D,S,D,2024-07-23,1000000.00,4.560589,100.828125
08:00:32,912810UB2,TSRYS5810883,D,S,D,2024-07-23,1000000.00,4.561489,100.81640625
08:00:32,912810UB2,TSRYS5810883,D,B,A,2024-07-23,3559000.00,4.560889,100.824219
08:00:32,912810UB2,TSRYS5810883,D,S,D,2024-07-23,1000000.00,4.561639,100.814453125
08:00:32,912810UB2,TSRYS5810883,D,S,D,2024-07-23,1000000.00,4.561789,100.8125
08:00:32,912810UB2,TSRYS5810883,D,S,D,2024-07-23,1000000.00,4.561489,100.81640625
08:00:32,912810UB2,TSRYS5810883,D,S,D,2024-07-23,1000000.00,4.563589,100.7890625
08:00:33,912810UB2,TSRYS5810883,D,S,D,2024-07-23,1000000.00,4.548904,100.98046875
08:00:33,912810UB2,TSRYS5810883,D,S,D,2024-07-23,1000000.00,4.548904,100.98046875
08:00:33,912810UB2,TSRYS5810883,D,S,D,2024-07-23,1000000.00,4.548904,100.98046875
08:00:33,912810UB2,TSRYS5810883,D,S,T,2024-07-23,1000000.00,4.564789,100.7734375
08:00:33,912810UB2,TSRYS5810883,D,S,T,2024-07-23,1000000.00,4.564639,100.775390625
08:00:33,912810UB2,TSRYS5810883,D,S,T,2024-07-23,1000000.00,4.564489,100.77734375
08:00:33,912810UB2,TSRYS5810883,D,S,T,2024-07-23,1000000.00,4.564339,100.779296875
08:00:33,912810UB2,TSRYS5810883,D,S,T,2024-07-23,1000000.00,4.560589,100.828125
08:00:33,912810UB2,TSRYS5810883,D,S,T,2024-07-23,1000000.00,4.561489,100.81640625
08:00:33,912810UB2,TSRYS5810883,D,S,T,2024-07-23,1000000.00,4.563439,100.791015625
08:00:33,912810UB2,TSRYS5810883,D,S,T,2024-07-23,1000000.00,4.563439,100.791015625
08:00:34,912810UB2,TSRYS5810883,D,S,C,2024-07-23,197000.00,4.560889,100.82421875
08:00:34,912810UB2,TSRYS5810883,D,S,A,2024-07-23,430000.00,4.560889,100.82421875
08:00:34,912810UB2,TSRYS5810883,D,S,A,2024-07-23,38000.00,4.556991,100.875
08:00:34,912810UB2,TSRYS5810883,D,S,T,2024-07-23,1000000.00,4.562989,100.796875
08:00:34,912810UB2,TSRYS5810883,D,S,T,2024-07-23,1000000.00,4.562989,100.796875
08:00:34,912810UB2,TSRYS5810883,D,S,T,2024-07-23,2000000.00,4.562989,100.796875
08:00:34,912810UB2,TSRYS5810883,D,S,T,2024-07-23,1000000.00,4.562989,100.796875
08:00:34,912810UB2,TSRYS5810883,D,S,T,2024-07-23,1000000.00,4.562989,100.796875
08:00:34,912810UB2,TSRYS5810883,D,B,A,2024-07-23,143000.00,4.56659,100.75
08:00:34,912810UB2,TSRYS5810883,D,S,D,2024-07-23,1000000.00,4.563889,100.78515625
08:00:34,912810UB2,TSRYS5810883,D,S,A,2024-07-23,12000000.00,4.555193,100.8984375
08:00:34,912810UB2,TSRYS5810883,D,B,A,2024-07-23,1810000.00,4.554893,100.90234375
08:00:35,912810UB2,TSRYS5810883,D,S,D,2024-07-23,500000.00,4.552497,100.93359375
08:00:35,912810UB2,TSRYS5810883,D,S,T,2024-07-23,1000000.00,4.549802,100.96875
08:00:35,912810UB2,TSRYS5810883,D,S,T,2024-07-23,1000000.00,4.547407,101.0
08:00:35,912810UB2,TSRYS5810883,D,S,T,2024-07-23,1000000.00,4.547407,101.0
08:00:35,912810UB2,TSRYS5810883,D,S,C,2024-07-23,90000.00,4.575303,100.63671875
08:00:36,912810UB2,TSRYS5810883,D,S,D,2024-07-23,1000000.00,4.554294,100.91015625
08:00:36,912810UB2,TSRYS5810883,D,S,D,2024-07-23,1000000.00,4.554294,100.91015625
08:00:40,912810UB2,TSRYS5810883,D,S,D,2024-07-23,1000000.00,4.559089,100.84765625
08:00:41,912810UB2,TSRYS5810883,D,S,C,2024-07-23,500000.00,4.562381,100.8046875
08:00:42,912810UB2,TSRYS5810883,D,B,C,2024-07-23,65000.00,4.548604,100.984375
08:00:43,912810UB2,TSRYS5810883,D,S,D,2024-07-23,500000.00,4.562381,100.8046875
08:00:43,912810UB2,TSRYS5810883,D,S,C,2024-07-23,42400.00,4.559389,100.84375
08:00:45,912810UB2,TSRYS5810883,D,S,D,2024-07-23,65000.00,4.548604,100.984375
08:00:47,912810UB2,TSRYS5810883,D,B,A,2024-07-23,1959000.00,4.556092,100.886719
08:00:50,912810UB2,TSRYS5810883,D,S,D,2024-07-23,1000000.00,4.554294,100.91015625
08:00:50,912810UB2,TSRYS5810883,D,S,D,2024-07-23,1000000.00,4.554294,100.91015625
08:00:50,912810UB2,TSRYS5810883,D,S,T,2024-07-23,1000000.00,4.552197,100.9375
08:00:50,912810UB2,TSRYS5810883,D,S,T,2024-07-23,1000000.00,4.55055,100.958984375
08:00:54,912810UB2,TSRYS5810883,D,S,T,2024-07-23,1000000.00,4.552646,100.931640625
08:00:56,912810UB2,TSRYS5810883,D,B,C,2024-07-23,160000.00,4.552497,100.93359375
08:00:56,912810UB2,TSRYS5810883,D,S,D,2024-07-23,160000.00,4.552305,100.93609375
08:00:59,912810UB2,TSRYS5810883,D,S,A,2024-07-23,100000.00,4.552796,100.929688
08:00:59,912810UB2,TSRYS5810883,D,S,D,2024-07-23,6000000.00,4.550401,100.9609375
08:00:59,912810UB2,TSRYS5810883,D,S,D,2024-07-23,2000000.00,4.550401,100.9609375
08:00:59,912810UB2,TSRYS5810883,D,S,D,2024-07-23,1000000.00,4.550401,100.9609375
08:00:59,912810UB2,TSRYS5810883,D,S,A,2024-07-23,29000.00,4.551898,100.941406
08:01:00,912810UB2,TSRYS5810883,D,S,D,2024-07-23,175000.00,4.548604,100.984375
08:01:01,912810UB2,TSRYS5810883,D,S,A,2024-07-23,100000.00,4.574996,100.640625
08:01:01,912810UB2,TSRYS5810883,D,S,A,2024-07-23,1389000.00,4.544565,101.037109375
08:01:07,912810UB2,TSRYS5810883,D,B,C,2024-07-23,1000000.00,4.56659,100.75
08:01:07,912810UB2,TSRYS5810883,D,S,D,2024-07-23,1000000.00,4.56659,100.75
08:01:07,912810UB2,TSRYS5810883,D,B,C,2024-07-23,1000000.00,4.56659,100.75
08:01:07,912810UB2,TSRYS5810883,D,S,D,2024-07-23,1000000.00,4.56659,100.75
08:01:08,912810UB2,TSRYS5810883,D,S,C,2024-07-23,1000000.00,4.568993,100.71875
08:01:08,912810UB2,TSRYS5810883,D,S,D,2024-07-23,1000000.00,4.559389,100.84375
08:01:08,912810UB2,TSRYS5810883,D,S,D,2024-07-23,1000000.00,4.559389,100.84375
08:01:08,912810UB2,TSRYS5810883,D,S,D,2024-07-23,1000000.00,4.559389,100.84375
08:01:08,912810UB2,TSRYS5810883,D,S,D,2024-07-23,1000000.00,4.559389,100.84375
08:01:08,912810UB2,TSRYS5810883,D,S,D,2024-07-23,1000000.00,4.559389,100.84375
08:01:08,912810UB2,TSRYS5810883,D,S,D,2024-07-23,1000000.00,4.559389,100.84375
08:01:09,912810UB2,TSRYS5810883,D,S,C,2024-07-23,1000000.00,4.55789,100.86328125
08:01:09,912810UB2,TSRYS5810883,D,S,C,2024-07-23,1000000.00,4.55789,100.86328125
08:01:09,912810UB2,TSRYS5810883,D,S,D,2024-07-23,1000000.00,4.559089,100.84765625
08:01:09,912810UB2,TSRYS5810883,D,S,D,2024-07-23,1000000.00,4.559389,100.84375
08:01:09,912810UB2,TSRYS5810883,D,S,D,2024-07-23,1000000.00,4.559389,100.84375
08:01:09,912810UB2,TSRYS5810883,D,S,D,2024-07-23,1000000.00,4.55819,100.859375
08:01:09,912810UB2,TSRYS5810883,D,S,D,2024-07-23,1000000.00,4.559389,100.84375
08:01:09,912810UB2,TSRYS5810883,D,S,D,2024-07-23,1000000.00,4.55879,100.8515625
08:01:09,912810UB2,TSRYS5810883,D,B,C,2024-07-23,1000000.00,4.55879,100.8515625
08:01:09,912810UB2,TSRYS5810883,D,S,D,2024-07-23,1000000.00,4.559389,100.84375
08:01:09,912810UB2,TSRYS5810883,D,B,C,2024-07-23,1000000.00,4.559989,100.8359375
08:01:09,912810UB2,TSRYS5810883,D,S,D,2024-07-23,1000000.00,4.55879,100.8515625
08:01:09,912810UB2,TSRYS5810883,D,S,D,2024-07-23,1000000.00,4.559989,100.8359375
08:01:09,912810UB2,TSRYS5810883,D,S,D,2024-07-23,1000000.00,4.55879,100.8515625
08:01:09,912810UB2,TSRYS5810883,D,S,D,2024-07-23,1000000.00,4.559989,100.8359375
08:01:09,912810UB2,TSRYS5810883,D,B,C,2024-07-23,1000000.00,4.55879,100.8515625
08:01:09,912810UB2,TSRYS5810883,D,S,D,2024-07-23,1000000.00,4.559089,100.84765625
08:01:09,912810UB2,TSRYS5810883,D,B,C,2024-07-23,1000000.00,4.55879,100.8515625
08:01:09,912810UB2,TSRYS5810883,D,S,D,2024-07-23,1000000.00,4.559389,100.84375
08:01:09,912810UB2,TSRYS5810883,D,B,C,2024-07-23,1000000.00,4.55879,100.8515625
08:01:09,912810UB2,TSRYS5810883,D,S,C,2024-07-23,1000000.00,4.55879,100.8515625
08:01:09,912810UB2,TSRYS5810883,D,S,D,2024-07-23,6000000.00,4.550401,100.9609375
08:01:09,912810UB2,TSRYS5810883,D,S,D,2024-07-23,2000000.00,4.550401,100.9609375
08:01:09,912810UB2,TSRYS5810883,D,S,D,2024-07-23,1000000.00,4.550401,100.9609375
08:01:09,912810UB2,TSRYS5810883,D,S,D,2024-07-23,1000000.00,4.55879,100.8515625
08:01:09,912810UB2,TSRYS5810883,D,S,D,2024-07-23,1000000.00,4.550401,100.9609375
08:01:09,912810UB2,TSRYS5810883,D,S,D,2024-07-23,1000000.00,4.550401,100.9609375
08:01:09,912810UB2,TSRYS5810883,D,S,D,2024-07-23,1000000.00,4.550401,100.9609375
08:01:09,912810UB2,TSRYS5810883,D,S,D,2024-07-23,1000000.00,4.550401,100.9609375
08:01:09,912810UB2,TSRYS5810883,D,S,D,2024-07-23,1000000.00,4.550401,100.9609375
08:01:09,912810UB2,TSRYS5810883,D,S,A,2024-07-23,2000000.00,4.572591,100.671875
08:01:09,912810UB2,TSRYS5810883,D,S,T,2024-07-23,1000000.00,4.559397,100.84365
08:01:09,912810UB2,TSRYS5810883,D,S,T,2024-07-23,1000000.00,4.559397,100.84365
08:01:09,912810UB2,TSRYS5810883,D,S,T,2024-07-23,1000000.00,4.559397,100.84365
08:01:09,912810UB2,TSRYS5810883,D,S,T,2024-07-23,1000000.00,4.562546,100.802634375
08:01:09,912810UB2,TSRYS5810883,D,S,T,2024-07-23,1000000.00,4.562546,100.802634375
08:01:09,912810UB2,TSRYS5810883,D,S,C,2024-07-23,1000000.00,4.570795,100.6953125
08:01:09,912810UB2,TSRYS5810883,D,S,C,2024-07-23,1000000.00,4.570795,100.6953125
08:01:09,912810UB2,TSRYS5810883,D,S,D,2024-07-23,1000000.00,4.563889,100.78515625
08:01:09,912810UB2,TSRYS5810883,D,S,T,2024-07-23,1000000.00,4.550857,100.954978125
08:01:09,912810UB2,TSRYS5810883,D,S,D,2024-07-23,1000000.00,4.554294,100.91015625
08:01:09,912810UB2,TSRYS5810883,D,S,D,2024-07-23,1000000.00,4.554294,100.91015625
08:01:09,912810UB2,TSRYS5810883,D,S,D,2024-07-23,1000000.00,4.552497,100.93359375
08:01:10,912810UB2,TSRYS5810883,D,S,T,2024-07-23,1000000.00,4.550408,100.9608375
08:01:10,912810UB2,TSRYS5810883,D,S,T,2024-07-23,1000000.00,4.550408,100.9608375
08:01:10,912810UB2,TSRYS5810883,D,S,T,2024-07-23,1000000.00,4.550408,100.9608375
08:01:10,912810UB2,TSRYS5810883,D,S,T,2024-07-23,1000000.00,4.550408,100.9608375
08:01:10,912810UB2,TSRYS5810883,D,S,T,2024-07-23,1000000.00,4.550408,100.9608375
08:01:10,912810UB2,TSRYS5810883,D,S,T,2024-07-23,1000000.00,4.550408,100.9608375
08:01:10,912810UB2,TSRYS5810883,D,S,T,2024-07-23,1000000.00,4.550408,100.9608375
08:01:10,912810UB2,TSRYS5810883,D,S,T,2024-07-23,1000000.00,4.550408,100.9608375
08:01:10,912810UB2,TSRYS5810883,D,S,T,2024-07-23,1000000.00,4.550408,100.9608375
08:01:10,912810UB2,TSRYS5810883,D,S,T,2024-07-23,1000000.00,4.550408,100.9608375
08:01:10,912810UB2,TSRYS5810883,D,S,T,2024-07-23,1000000.00,4.547415,100.9999
08:01:10,912810UB2,TSRYS5810883,D,S,T,2024-07-23,1000000.00,4.547415,100.9999
08:01:10,912810UB2,TSRYS5810883,D,S,T,2024-07-23,1000000.00,4.547415,100.9999
08:01:10,912810UB2,TSRYS5810883,D,S,T,2024-07-23,1000000.00,4.547415,100.9999
08:01:10,912810UB2,TSRYS5810883,D,S,T,2024-07-23,1000000.00,4.547415,100.9999
08:01:10,912810UB2,TSRYS5810883,D,S,T,2024-07-23,1000000.00,4.547415,100.9999
08:01:10,912810UB2,TSRYS5810883,D,S,T,2024-07-23,1000000.00,4.547415,100.9999
08:01:10,912810UB2,TSRYS5810883,D,S,T,2024-07-23,1000000.00,4.547415,100.9999
08:01:10,912810UB2,TSRYS5810883,D,S,T,2024-07-23,1000000.00,4.547415,100.9999
08:01:10,912810UB2,TSRYS5810883,D,S,T,2024-07-23,1000000.00,4.561802,100.812325
08:01:10,912810UB2,TSRYS5810883,D,S,T,2024-07-23,1000000.00,4.559407,100.843525
08:01:11,912810UB2,TSRYS5810883,D,B,C,2024-07-23,18750000.00,4.550485,100.9598375
08:01:11,912810UB2,TSRYS5810883,D,B,C,2024-07-23,6250000.00,4.550485,100.9598375
08:01:11,912810UB2,TSRYS5810883,D,S,D,2024-07-23,1000000.00,4.547407,101.0
08:01:11,912810UB2,TSRYS5810883,D,S,D,2024-07-23,1000000.00,4.547407,101.0
08:01:11,912810UB2,TSRYS5810883,D,S,D,2024-07-23,1000000.00,4.547407,101.0
08:01:12,912810UB2,TSRYS5810883,D,S,A,2024-07-23,2500.00,4.561189,100.8203125
08:01:12,912810UB2,TSRYS5810883,D,S,A,2024-07-23,5000.00,4.5738,100.65625
08:01:12,912810UB2,TSRYS5810883,D,S,A,2024-07-23,100000.00,4.565682,100.76171875
08:01:12,912810UB2,TSRYS5810883,D,S,A,2024-07-23,11800.00,4.564181,100.78125
08:01:15,912810UB2,TSRYS5810883,D,S,C,2024-07-23,8500000.00,4.528287,101.25
08:01:16,912810UB2,TSRYS5810883,D,S,D,2024-07-23,2000000.00,4.550401,100.9609375
08:01:16,912810UB2,TSRYS5810883,D,S,D,2024-07-23,6000000.00,4.550401,100.9609375
08:01:16,912810UB2,TSRYS5810883,D,S,D,2024-07-23,1000000.00,4.550401,100.9609375
08:01:16,912810UB2,TSRYS5810883,D,S,D,2024-07-23,1000000.00,4.550401,100.9609375
08:01:16,912810UB2,TSRYS5810883,D,S,D,2024-07-23,1000000.00,4.550401,100.9609375
08:01:16,912810UB2,TSRYS5810883,D,S,D,2024-07-23,1000000.00,4.550401,100.9609375
08:01:16,912810UB2,TSRYS5810883,D,S,D,2024-07-23,1000000.00,4.550401,100.9609375
08:01:16,912810UB2,TSRYS5810883,D,S,D,2024-07-23,1000000.00,4.550401,100.9609375
08:01:17,912810UB2,TSRYS5810883,D,B,C,2024-07-23,1000000.00,4.548904,100.98046875
08:01:17,912810UB2,TSRYS5810883,D,S,D,2024-07-23,1000000.00,4.548904,100.98046875
08:01:17,912810UB2,TSRYS5810883,D,B,C,2024-07-23,1000000.00,4.548904,100.98046875
08:01:17,912810UB2,TSRYS5810883,D,S,D,2024-07-23,1000000.00,4.548904,100.98046875
08:01:17,912810UB2,TSRYS5810883,D,B,C,2024-07-23,1000000.00,4.548904,100.98046875
08:01:17,912810UB2,TSRYS5810883,D,S,D,2024-07-23,1000000.00,4.548904,100.98046875
08:01:17,912810UB2,TSRYS5810883,D,B,C,2024-07-23,1000000.00,4.548904,100.98046875
08:01:17,912810UB2,TSRYS5810883,D,S,D,2024-07-23,1000000.00,4.548904,100.98046875
08:01:17,912810UB2,TSRYS5810883,D,B,C,2024-07-23,1000000.00,4.548904,100.98046875
08:01:17,912810UB2,TSRYS5810883,D,S,D,2024-07-23,1000000.00,4.548904,100.98046875
08:01:17,912810UB2,TSRYS5810883,D,B,C,2024-07-23,1000000.00,4.548904,100.98046875
08:01:17,912810UB2,TSRYS5810883,D,S,D,2024-07-23,1000000.00,4.548904,100.98046875
08:01:17,912810UB2,TSRYS5810883,D,S,C,2024-07-23,1000000.00,4.550999,100.953125
08:01:18,912810UB2,TSRYS5810883,D,S,D,2024-07-23,1000000.00,4.564789,100.7734375
08:01:18,912810UB2,TSRYS5810883,D,S,D,2024-07-23,1000000.00,4.564639,100.775390625
08:01:18,912810UB2,TSRYS5810883,D,S,D,2024-07-23,1000000.00,4.564489,100.77734375
08:01:18,912810UB2,TSRYS5810883,D,S,D,2024-07-23,1000000.00,4.564339,100.779296875
08:01:18,912810UB2,TSRYS5810883,D,S,D,2024-07-23,1000000.00,4.564339,100.779296875
08:01:19,912810UB2,TSRYS5810883,D,S,T,2024-07-23,1000000.00,4.547425,100.999775
08:01:19,912810UB2,TSRYS5810883,D,S,T,2024-07-23,1000000.00,4.547425,100.999775
08:01:19,912810UB2,TSRYS5810883,D,S,T,2024-07-23,1000000.00,4.547425,100.999775
08:01:19,912810UB2,TSRYS5810883,D,S,T,2024-07-23,1000000.00,4.559389,100.84375
08:01:19,912810UB2,TSRYS5810883,D,S,T,2024-07-23,1000000.00,4.559389,100.84375
08:01:19,912810UB2,TSRYS5810883,D,S,A,2024-07-23,12000.00,4.558751,100.8519625
08:01:19,912810UB2,TSRYS5810883,D,S,D,2024-07-23,1000000.00,4.550401,100.9609375
08:01:19,912810UB2,TSRYS5810883,D,S,D,2024-07-23,1000000.00,4.547407,101.0
08:01:19,912810UB2,TSRYS5810883,D,S,A,2024-07-23,10300.00,4.560881,100.82421875
08:01:19,912810UB2,TSRYS5810883,D,S,A,2024-07-23,25200.00,4.560281,100.83203125
08:01:21,912810UB2,TSRYS5810883,D,S,T,2024-07-23,1000000.00,4.553407,100.921725
08:01:21,912810UB2,TSRYS5810883,D,S,T,2024-07-23,1000000.00,4.554444,100.90820312
08:01:21,912810UB2,TSRYS5810883,D,S,T,2024-07-23,1000000.00,4.554294,100.91015625
08:01:21,912810UB2,TSRYS5810883,D,S,T,2024-07-23,1000000.00,4.554605,100.9061
08:01:21,912810UB2,TSRYS5810883,D,S,T,2024-07-23,1000000.00,4.554605,100.9061
08:01:21,912810UB2,TSRYS5810883,D,S,T,2024-07-23,1000000.00,4.554605,100.9061
08:01:21,912810UB2,TSRYS5810883,D,S,T,2024-07-23,1000000.00,4.554605,100.9061
08:01:21,912810UB2,TSRYS5810883,D,S,T,2024-07-23,1000000.00,4.554605,100.9061
08:01:21,912810UB2,TSRYS5810883,D,S,T,2024-07-23,1000000.00,4.554605,100.9061
08:01:21,912810UB2,TSRYS5810883,D,S,T,2024-07-23,1000000.00,4.554605,100.9061
08:01:21,912810UB2,TSRYS5810883,D,S,T,2024-07-23,1000000.00,4.554605,100.9061
08:01:22,912810UB2,TSRYS5810883,D,S,T,2024-07-23,1000000.00,4.554605,100.9061
08:01:22,912810UB2,TSRYS5810883,D,S,T,2024-07-23,1000000.00,4.554605,100.9061
08:01:22,912810UB2,TSRYS5810883,D,S,D,2024-07-23,1000000.00,4.554594,100.90625
08:01:22,912810UB2,TSRYS5810883,D,S,D,2024-07-23,1000000.00,4.560889,100.82421875
08:01:22,912810UB2,TSRYS5810883,D,S,T,2024-07-23,1000000.00,4.554605,100.9061
08:01:22,912810UB2,TSRYS5810883,D,S,T,2024-07-23,1000000.00,4.560889,100.82421875
08:01:22,912810UB2,TSRYS5810883,D,S,T,2024-07-23,1000000.00,4.554605,100.9061
08:01:22,912810UB2,TSRYS5810883,D,S,D,2024-07-23,1000000.00,4.560889,100.82421875
08:01:22,912810UB2,TSRYS5810883,D,S,T,2024-07-23,1000000.00,4.554605,100.9061
08:01:22,912810UB2,TSRYS5810883,D,S,T,2024-07-23,1000000.00,4.554605,100.9061
08:01:22,912810UB2,TSRYS5810883,D,S,D,2024-07-23,1000000.00,4.560889,100.82421875
08:01:22,912810UB2,TSRYS5810883,D,S,T,2024-07-23,1000000.00,4.554605,100.9061
08:01:22,912810UB2,TSRYS5810883,D,S,D,2024-07-23,2000000.00,4.560889,100.82421875
08:01:22,912810UB2,TSRYS5810883,D,S,T,2024-07-23,1000000.00,4.554605,100.9061
08:01:22,912810UB2,TSRYS5810883,D,S,T,2024-07-23,1000000.00,4.554605,100.9061
08:01:22,912810UB2,TSRYS5810883,D,S,T,2024-07-23,1000000.00,4.554605,100.9061
08:01:22,912810UB2,TSRYS5810883,D,S,C,2024-07-23,1000000.00,4.561039,100.82226562
08:01:22,912810UB2,TSRYS5810883,D,S,T,2024-07-23,1000000.00,4.554605,100.9061
08:01:22,912810UB2,TSRYS5810883,D,S,D,2024-07-23,1000000.00,4.561039,100.82226562
08:01:22,912810UB2,TSRYS5810883,D,B,C,2024-07-23,4000000.00,4.560942,100.82352
08:01:22,912810UB2,TSRYS5810883,D,S,T,2024-07-23,1000000.00,4.554605,100.9061
08:01:22,912810UB2,TSRYS5810883,D,S,T,2024-07-23,1000000.00,4.554444,100.90820312
08:01:22,912810UB2,TSRYS5810883,D,S,D,2024-07-23,1000000.00,4.560889,100.82421875
08:01:22,912810UB2,TSRYS5810883,D,S,T,2024-07-23,1000000.00,4.554605,100.9061
08:01:22,912810UB2,TSRYS5810883,D,S,T,2024-07-23,1000000.00,4.554605,100.9061
08:01:22,912810UB2,TSRYS5810883,D,S,A,2024-07-23,1000.00,4.562989,100.796875
08:01:22,912810UB2,TSRYS5810883,D,S,T,2024-07-23,1000000.00,4.554605,100.9061
08:01:22,912810UB2,TSRYS5810883,D,S,T,2024-07-23,1000000.00,4.554605,100.9061
08:01:22,912810UB2,TSRYS5810883,D,S,T,2024-07-23,1000000.00,4.554605,100.9061
08:01:22,912810UB2,TSRYS5810883,D,S,T,2024-07-23,1000000.00,4.554605,100.9061
08:01:22,912810UB2,TSRYS5810883,D,B,C,2024-07-23,5000000.00,4.561002,100.82274
08:01:22,912810UB2,TSRYS5810883,D,S,T,2024-07-23,1000000.00,4.554605,100.9061
08:01:22,912810UB2,TSRYS5810883,D,S,T,2024-07-23,1000000.00,4.554605,100.9061
08:01:22,912810UB2,TSRYS5810883,D,S,T,2024-07-23,1000000.00,4.554605,100.9061
08:01:22,912810UB2,TSRYS5810883,D,S,T,2024-07-23,1000000.00,4.554605,100.9061
08:01:22,912810UB2,TSRYS5810883,D,S,T,2024-07-23,1000000.00,4.554605,100.9061
08:01:22,912810UB2,TSRYS5810883,D,S,T,2024-07-23,1000000.00,4.554594,100.90625
08:01:22,912810UB2,TSRYS5810883,D,S,T,2024-07-23,1000000.00,4.554594,100.90625
08:01:22,912810UB2,TSRYS5810883,D,S,T,2024-07-23,1000000.00,4.554605,100.9061
08:01:22,912810UB2,TSRYS5810883,D,S,T,2024-07-23,1000000.00,4.554594,100.90625
08:01:22,912810UB2,TSRYS5810883,D,S,T,2024-07-23,1000000.00,4.554594,100.90625
08:01:22,912810UB2,TSRYS5810883,D,S,T,2024-07-23,1000000.00,4.552209,100.93735
08:01:22,912810UB2,TSRYS5810883,D,B,C,2024-07-23,1000000.00,4.561489,100.81640625
08:01:22,912810UB2,TSRYS5810883,D,S,T,2024-07-23,1000000.00,4.552796,100.9296875
08:01:22,912810UB2,TSRYS5810883,D,S,T,2024-07-23,1000000.00,4.552209,100.93735
08:01:22,912810UB2,TSRYS5810883,D,S,T,2024-07-23,1000000.00,4.552209,100.93735
08:01:22,912810UB2,TSRYS5810883,D,S,T,2024-07-23,1000000.00,4.552209,100.93735
08:01:22,912810UB2,TSRYS5810883,D,S,T,2024-07-23,1000000.00,4.552209,100.93735
08:01:22,912810UB2,TSRYS5810883,D,S,T,2024-07-23,1000000.00,4.552209,100.93735
08:01:22,912810UB2,TSRYS5810883,D,S,T,2024-07-23,1000000.00,4.552209,100.93735
08:01:22,912810UB2,TSRYS5810883,D,S,A,2024-07-23,350000.00,4.562389,100.8046875
08:01:23,912810UB2,TSRYS5810883,D,S,T,2024-07-23,1000000.00,4.550999,100.953125
08:01:23,912810UB2,TSRYS5810883,D,S,T,2024-07-23,1000000.00,4.550999,100.953125
08:01:23,912810UB2,TSRYS5810883,D,S,T,2024-07-23,1000000.00,4.551011,100.952975
08:01:23,912810UB2,TSRYS5810883,D,S,T,2024-07-23,1000000.00,4.551011,100.952975
08:01:23,912810UB2,TSRYS5810883,D,S,T,2024-07-23,1000000.00,4.551011,100.952975
08:01:23,912810UB2,TSRYS5810883,D,S,T,2024-07-23,1000000.00,4.551011,100.952975
08:01:23,912810UB2,TSRYS5810883,D,S,T,2024-07-23,1000000.00,4.5507,100.95703125
08:01:23,912810UB2,TSRYS5810883,D,S,T,2024-07-23,1000000.00,4.551011,100.952975
08:01:23,912810UB2,TSRYS5810883,D,S,C,2024-07-23,5300000.00,4.561611,100.81481
08:01:23,912810UB2,TSRYS5810883,D,S,T,2024-07-23,1000000.00,4.549813,100.9686
08:01:23,912810UB2,TSRYS5810883,D,S,C,2024-07-23,2700000.00,4.561611,100.81481
08:01:23,912810UB2,TSRYS5810883,D,S,T,2024-07-23,1000000.00,4.548616,100.984225
08:01:23,912810UB2,TSRYS5810883,D,S,T,2024-07-23,1000000.00,4.548616,100.984225
08:01:23,912810UB2,TSRYS5810883,D,S,T,2024-07-23,1000000.00,4.548616,100.984225
08:01:23,912810UB2,TSRYS5810883,D,S,T,2024-07-23,1000000.00,4.548616,100.984225
08:01:23,912810UB2,TSRYS5810883,D,S,T,2024-07-23,1000000.00,4.548616,100.984225
08:01:23,912810UB2,TSRYS5810883,D,S,T,2024-07-23,1000000.00,4.548616,100.984225
08:01:23,912810UB2,TSRYS5810883,D,S,T,2024-07-23,2000000.00,4.548904,100.98046875
08:01:23,912810UB2,TSRYS5810883,D,S,T,2024-07-23,1000000.00,4.548616,100.984225
08:01:23,912810UB2,TSRYS5810883,D,S,T,2024-07-23,1000000.00,4.549802,100.96875
08:01:23,912810UB2,TSRYS5810883,D,S,T,2024-07-23,1000000.00,4.548616,100.984225
08:01:24,912810UB2,TSRYS5810883,D,B,C,2024-07-23,1000000.00,4.560589,100.828125
08:01:24,912810UB2,TSRYS5810883,D,S,D,2024-07-23,1000000.00,4.560589,100.828125
08:01:24,912810UB2,TSRYS5810883,D,S,D,2024-07-23,1000000.00,4.560589,100.828125
08:01:25,912810UB2,TSRYS5810883,D,S,T,2024-07-23,1000000.00,4.548604,100.984375
08:01:25,912810UB2,TSRYS5810883,D,S,T,2024-07-23,1000000.00,4.548616,100.984225
08:01:25,912810UB2,TSRYS5810883,D,S,T,2024-07-23,1000000.00,4.54621,101.015625
08:01:25,912810UB2,TSRYS5810883,D,S,T,2024-07-23,1000000.00,4.546222,101.015475
08:01:25,912810UB2,TSRYS5810883,D,S,T,2024-07-23,1000000.00,4.546222,101.015475
08:01:25,912810UB2,TSRYS5810883,D,S,T,2024-07-23,1000000.00,4.546222,101.015475
08:01:25,912810UB2,TSRYS5810883,D,S,T,2024-07-23,1000000.00,4.547108,101.00390625
08:01:25,912810UB2,TSRYS5810883,D,S,D,2024-07-23,1000000.00,4.568092,100.73046875
08:01:25,912810UB2,TSRYS5810883,D,S,D,2024-07-23,1000000.00,4.568092,100.73046875
08:01:25,912810UB2,TSRYS5810883,D,S,D,2024-07-23,1000000.00,4.568092,100.73046875
08:01:25,912810UB2,TSRYS5810883,D,S,D,2024-07-23,1000000.00,4.568092,100.73046875
08:01:26,912810UB2,TSRYS5810883,D,S,D,2024-07-23,1000000.00,4.568092,100.73046875
08:01:26,912810UB2,TSRYS5810883,D,S,T,2024-07-23,1000000.00,4.570645,100.69726562
08:01:26,912810UB2,TSRYS5810883,D,S,T,2024-07-23,1000000.00,4.570795,100.6953125
08:01:26,912810UB2,TSRYS5810883,D,S,D,2024-07-23,1000000.00,4.570795,100.6953125
08:01:26,912810UB2,TSRYS5810883,D,S,D,2024-07-23,1000000.00,4.570795,100.6953125
08:01:26,912810UB2,TSRYS5810883,D,S,D,2024-07-23,1000000.00,4.570795,100.6953125
08:01:26,912810UB2,TSRYS5810883,D,S,D,2024-07-23,1000000.00,4.570795,100.6953125
08:01:26,912810UB2,TSRYS5810883,D,S,T,2024-07-23,1000000.00,4.570795,100.6953125
08:01:26,912810UB2,TSRYS5810883,D,S,T,2024-07-23,1000000.00,4.570795,100.6953125
08:01:27,912810UB2,TSRYS5810883,D,S,D,2024-07-23,1000000.00,4.570795,100.6953125
08:01:27,912810UB2,TSRYS5810883,D,S,D,2024-07-23,1000000.00,4.570795,100.6953125
08:01:27,912810UB2,TSRYS5810883,D,S,D,2024-07-23,1000000.00,4.570945,100.69335937
08:01:28,912810UB2,TSRYS5810883,D,S,T,2024-07-23,1000000.00,4.571095,100.69140625
08:01:28,912810UB2,TSRYS5810883,D,S,D,2024-07-23,1000000.00,4.571095,100.69140625
08:01:28,912810UB2,TSRYS5810883,D,S,D,2024-07-23,1000000.00,4.571095,100.69140625
08:01:28,912810UB2,TSRYS5810883,D,S,A,2024-07-23,4500000.00,4.552497,100.93359375
08:01:29,912810UB2,TSRYS5810883,D,S,A,2024-07-23,1100000.00,4.560281,100.83203125
08:01:30,912810UB2,TSRYS5810883,D,S,A,2024-07-23,500000.00,4.548604,100.984375
08:01:31,912810UB2,TSRYS5810883,D,B,A,2024-07-23,2260000.00,4.549203,100.9765625
08:01:32,912810UB2,TSRYS5810883,D,S,A,2024-07-23,220000.00,4.548904,100.98046875
08:01:32,912810UB2,TSRYS5810883,D,S,A,2024-07-23,2040000.00,4.547407,101.0
08:01:33,912810UB2,TSRYS5810883,D,S,T,2024-07-23,1000000.00,4.552796,100.9296875
08:01:34,912810UB2,TSRYS5810883,D,S,T,2024-07-23,1000000.00,4.552209,100.93735
08:01:34,912810UB2,TSRYS5810883,D,S,T,2024-07-23,1000000.00,4.552209,100.93735
08:01:34,912810UB2,TSRYS5810883,D,S,T,2024-07-23,1000000.00,4.551299,100.94921875
08:01:34,912810UB2,TSRYS5810883,D,S,T,2024-07-23,1000000.00,4.551299,100.94921875
08:01:34,912810UB2,TSRYS5810883,D,S,T,2024-07-23,2000000.00,4.550999,100.953125
08:01:34,912810UB2,TSRYS5810883,D,S,T,2024-07-23,1000000.00,4.549203,100.9765625
08:01:34,912810UB2,TSRYS5810883,D,S,D,2024-07-23,400000.00,4.549802,100.96875
08:01:36,912810UB2,TSRYS5810883,D,S,C,2024-07-23,20000.00,4.554863,100.90274375
08:01:37,912810UB2,TSRYS5810883,D,S,D,2024-07-23,1000000.00,4.55849,100.85546875
08:01:37,912810UB2,TSRYS5810883,D,S,C,2024-07-23,1000000.00,4.55849,100.85546875
08:01:37,912810UB2,TSRYS5810883,D,S,D,2024-07-23,1000000.00,4.55849,100.85546875
08:01:37,912810UB2,TSRYS5810883,D,S,D,2024-07-23,1000000.00,4.55849,100.85546875
08:01:37,912810UB2,TSRYS5810883,D,S,D,2024-07-23,1000000.00,4.55849,100.85546875
08:01:37,912810UB2,TSRYS5810883,D,S,D,2024-07-23,1000000.00,4.55849,100.85546875
08:01:37,912810UB2,TSRYS5810883,D,S,C,2024-07-23,1000000.00,4.560889,100.82421875
08:01:39,912810UB2,TSRYS5810883,D,S,D,2024-07-23,1000000.00,4.559389,100.84375
08:01:39,912810UB2,TSRYS5810883,D,S,D,2024-07-23,1000000.00,4.559389,100.84375
08:01:41,912810UB2,TSRYS5810883,D,S,C,2024-07-23,1000000.00,4.561789,100.8125
08:01:41,912810UB2,TSRYS5810883,D,S,D,2024-07-23,20000.00,,100.90274375
08:01:42,912810UB2,TSRYS5810883,D,B,C,2024-07-23,287000.00,4.552796,100.9296875
08:01:42,912810UB2,TSRYS5810883,D,S,C,2024-07-23,3960000.00,4.549802,100.96875
08:01:42,912810UB2,TSRYS5810883,D,S,A,2024-07-23,1875000.00,4.588246,100.46875
08:01:43,912810UB2,TSRYS5810883,D,B,C,2024-07-23,1000000.00,4.561189,100.8203125
08:01:43,912810UB2,TSRYS5810883,D,S,D,2024-07-23,1000000.00,4.561189,100.8203125
08:01:45,912810UB2,TSRYS5810883,D,B,C,2024-07-23,1000000.00,4.561339,100.818359375
08:01:45,912810UB2,TSRYS5810883,D,S,D,2024-07-23,1000000.00,4.561339,100.818359375
08:01:45,912810UB2,TSRYS5810883,D,B,C,2024-07-23,1000000.00,4.561189,100.8203125
08:01:45,912810UB2,TSRYS5810883,D,S,D,2024-07-23,1000000.00,4.561189,100.8203125
08:01:45,912810UB2,TSRYS5810883,D,S,A,2024-07-23,20000.00,4.554863,100.92774375
08:01:47,912810UB2,TSRYS5810883,D,S,T,2024-07-23,1000000.00,4.547407,101.0
08:01:47,912810UB2,TSRYS5810883,D,S,T,2024-07-23,1000000.00,4.547407,101.0
08:01:47,912810UB2,TSRYS5810883,D,S,T,2024-07-23,1000000.00,4.547407,101.0
08:01:47,912810UB2,TSRYS5810883,D,S,A,2024-07-23,1535000.00,4.561189,100.8203125
08:01:49,912810UB2,TSRYS5810883,D,S,A,2024-07-23,55000.00,4.556691,100.87890625
08:01:50,912810UB2,TSRYS5810883,D,S,T,2024-07-23,1000000.00,4.562989,100.796875
08:01:51,912810UB2,TSRYS5810883,D,B,C,2024-07-23,1000000.00,4.556991,100.875
08:01:51,912810UB2,TSRYS5810883,D,S,C,2024-07-23,1000000.00,4.556991,100.875
08:01:51,912810UB2,TSRYS5810883,D,S,T,2024-07-23,1000000.00,4.549802,100.96875
08:01:51,912810UB2,TSRYS5810883,D,S,T,2024-07-23,1000000.00,4.549802,100.96875
08:01:53,912810UB2,TSRYS5810883,D,S,T,2024-07-23,1000000.00,4.556991,100.875
08:01:53,912810UB2,TSRYS5810883,D,S,T,2024-07-23,1000000.00,4.549951,100.966796875
08:01:54,912810UB2,TSRYS5810883,D,S,T,2024-07-23,1000000.00,4.556991,100.875
08:01:55,912810UB2,TSRYS5810883,D,S,T,2024-07-23,2000000.00,4.549811,100.968625
08:01:55,912810UB2,TSRYS5810883,D,S,T,2024-07-23,1000000.00,4.549811,100.968625
08:01:55,912810UB2,TSRYS5810883,D,S,T,2024-07-23,1000000.00,4.5576,100.8670625
08:01:55,912810UB2,TSRYS5810883,D,S,T,2024-07-23,3000000.00,4.549819,100.968523
08:01:57,912810UB2,TSRYS5810883,D,S,C,2024-07-23,1000000.00,4.54636,101.01367187
08:01:57,912810UB2,TSRYS5810883,D,S,C,2024-07-23,1000000.00,4.54636,101.01367187
08:01:57,912810UB2,TSRYS5810883,D,S,C,2024-07-23,1000000.00,4.54636,101.01367187
08:01:57,912810UB2,TSRYS5810883,D,S,D,2024-07-23,1000000.00,4.54636,101.01367187
08:01:57,912810UB2,TSRYS5810883,D,S,D,2024-07-23,1000000.00,4.54636,101.01367187
08:01:57,912810UB2,TSRYS5810883,D,S,C,2024-07-23,1000000.00,4.54636,101.01367187
08:01:57,912810UB2,TSRYS5810883,D,S,D,2024-07-23,1000000.00,4.546809,101.0078125
08:01:57,912810UB2,TSRYS5810883,D,S,C,2024-07-23,1000000.00,4.546809,101.0078125
08:01:57,912810UB2,TSRYS5810883,D,S,C,2024-07-23,1000000.00,4.546809,101.0078125
08:01:58,912810UB2,TSRYS5810883,D,S,C,2024-07-23,1000000.00,4.547557,100.99804687
08:01:58,912810UB2,TSRYS5810883,D,S,C,2024-07-23,1000000.00,4.547557,100.99804687
08:01:58,912810UB2,TSRYS5810883,D,S,T,2024-07-23,1000000.00,4.553096,100.92578125
08:01:58,912810UB2,TSRYS5810883,D,S,C,2024-07-23,1000000.00,4.553395,100.921875
08:01:59,912810UB2,TSRYS5810883,D,S,D,2024-07-23,1000000.00,4.553845,100.91601562
08:01:59,912810UB2,TSRYS5810883,D,S,T,2024-07-23,1000000.00,4.553395,100.921875
08:01:59,912810UB2,TSRYS5810883,D,S,C,2024-07-23,1000000.00,4.553395,100.921875
08:01:59,912810UB2,TSRYS5810883,D,S,T,2024-07-23,1000000.00,4.553845,100.91601562
08:01:59,912810UB2,TSRYS5810883,D,S,T,2024-07-23,1000000.00,4.553246,100.92382812
08:01:59,912810UB2,TSRYS5810883,D,S,D,2024-07-23,1000000.00,4.556991,100.875
08:01:59,912810UB2,TSRYS5810883,D,S,D,2024-07-23,1000000.00,4.556991,100.875
08:02:00,912810UB2,TSRYS5810883,D,S,C,2024-07-23,1000000.00,4.553845,100.91601562
08:02:00,912810UB2,TSRYS5810883,D,S,D,2024-07-23,1000000.00,4.56659,100.75
08:02:00,912810UB2,TSRYS5810883,D,B,C,2024-07-23,1000000.00,4.566606,100.7498
08:02:01,912810UB2,TSRYS5810883,D,S,T,2024-07-23,2000000.00,4.553545,100.91992187
08:02:01,912810UB2,TSRYS5810883,D,S,D,2024-07-23,44000.00,4.548006,100.9921875
08:02:01,912810UB2,TSRYS5810883,D,S,D,2024-07-23,2000000.00,4.547407,101.0
08:02:01,912810UB2,TSRYS5810883,D,S,D,2024-07-23,19000000.00,4.570501,100.69914
08:02:02,912810UB2,TSRYS5810883,D,B,A,2024-07-23,34900000.00,4.549533,100.97225625
08:02:03,912810UB2,TSRYS5810883,D,S,T,2024-07-23,1000000.00,4.552347,100.93554687
08:02:04,912810UB2,TSRYS5810883,D,S,D,2024-07-23,200000.00,4.553994,100.914062
08:02:04,912810UB2,TSRYS5810883,D,S,T,2024-07-23,1000000.00,4.54621,101.015625
08:02:05,912810UB2,TSRYS5810883,D,S,D,2024-07-23,175000.00,4.548604,100.984375
08:02:06,912810UB2,TSRYS5810883,D,S,D,2024-07-23,7000000.00,4.558847,100.85082
08:02:06,912810UB2,TSRYS5810883,D,S,T,2024-07-23,1000000.00,4.54621,101.015625
08:02:06,912810UB2,TSRYS5810883,D,S,C,2024-07-23,1000000.00,4.549802,100.96875
08:02:06,912810UB2,TSRYS5810883,D,S,T,2024-07-23,1000000.00,4.545014,101.03125
08:02:07,912810UB2,TSRYS5810883,D,S,T,2024-07-23,1000000.00,4.545014,101.03125
08:02:07,912810UB2,TSRYS5810883,D,S,D,2024-07-23,1000000.00,4.548006,100.9921875
08:02:07,912810UB2,TSRYS5810883,D,S,D,2024-07-23,1000000.00,4.549353,100.974609375
08:02:07,912810UB2,TSRYS5810883,D,S,D,2024-07-23,1000000.00,4.549353,100.974609375
08:02:08,912810UB2,TSRYS5810883,D,S,D,2024-07-23,1000000.00,4.549053,100.978515625
08:02:08,912810UB2,TSRYS5810883,D,S,T,2024-07-23,1000000.00,4.549053,100.978515625
08:02:08,912810UB2,TSRYS5810883,D,S,D,2024-07-23,1000000.00,4.550999,100.953125
08:02:08,912810UB2,TSRYS5810883,D,S,C,2024-07-23,10000000.00,4.548896,100.98057
08:02:08,912810UB2,TSRYS5810883,D,S,C,2024-07-23,1000000.00,4.550999,100.953125
08:02:09,912810UB2,TSRYS5810883,D,S,D,2024-07-23,1000000.00,4.560889,100.82421875
08:02:09,912810UB2,TSRYS5810883,D,S,T,2024-07-23,1000000.00,4.549802,100.96875
08:02:09,912810UB2,TSRYS5810883,D,S,T,2024-07-23,1000000.00,4.549802,100.96875
08:02:09,912810UB2,TSRYS5810883,D,S,C,2024-07-23,1000000.00,4.550999,100.953125
08:02:09,912810UB2,TSRYS5810883,D,S,D,2024-07-23,1000000.00,4.5507,100.95703125
08:02:09,912810UB2,TSRYS5810883,D,S,D,2024-07-23,1000000.00,4.550999,100.953125
08:02:09,912810UB2,TSRYS5810883,D,S,C,2024-07-23,1000000.00,4.550999,100.953125
08:02:09,912810UB2,TSRYS5810883,D,S,D,2024-07-23,1000000.00,4.550999,100.953125
08:02:09,912810UB2,TSRYS5810883,D,S,C,2024-07-23,1000000.00,4.550999,100.953125
08:02:09,912810UB2,TSRYS5810883,D,S,C,2024-07-23,1000000.00,4.550999,100.953125
08:02:09,912810UB2,TSRYS5810883,D,S,D,2024-07-23,1000000.00,4.550999,100.953125
08:02:09,912810UB2,TSRYS5810883,D,S,C,2024-07-23,1000000.00,4.550999,100.953125
08:02:09,912810UB2,TSRYS5810883,D,S,C,2024-07-23,1000000.00,4.550999,100.953125
08:02:09,912810UB2,TSRYS5810883,D,S,C,2024-07-23,1000000.00,4.550999,100.953125
08:02:09,912810UB2,TSRYS5810883,D,S,C,2024-07-23,1000000.00,4.550999,100.953125
08:02:10,912810UB2,TSRYS5810883,D,S,C,2024-07-23,1000000.00,4.551149,100.95117187
08:02:10,912810UB2,TSRYS5810883,D,S,D,2024-07-23,1000000.00,4.551149,100.95117187
08:02:11,912810UB2,TSRYS5810883,D,S,D,2024-07-23,1000000.00,4.561489,100.81640625
08:02:11,912810UB2,TSRYS5810883,D,S,C,2024-07-23,1000000.00,4.562839,100.798828125
08:02:12,912810UB2,TSRYS5810883,D,S,D,2024-07-23,1000000.00,4.562989,100.796875
08:02:12,912810UB2,TSRYS5810883,D,S,D,2024-07-23,1000000.00,4.548305,100.98828125
08:02:12,912810UB2,TSRYS5810883,D,S,D,2024-07-23,1000000.00,4.548305,100.98828125
08:02:12,912810UB2,TSRYS5810883,D,S,D,2024-07-23,1000000.00,4.548305,100.98828125
08:02:12,912810UB2,TSRYS5810883,D,S,T,2024-07-23,1000000.00,4.549802,100.96875
08:02:12,912810UB2,TSRYS5810883,D,S,C,2024-07-23,1000000.00,4.564189,100.78125
08:02:13,912810UB2,TSRYS5810883,D,S,T,2024-07-23,1000000.00,4.550999,100.953125
08:02:13,912810UB2,TSRYS5810883,D,S,T,2024-07-23,1000000.00,4.54621,101.015625
08:02:14,912810UB2,TSRYS5810883,D,S,T,2024-07-23,1000000.00,4.549802,100.96875
08:02:14,912810UB2,TSRYS5810883,D,S,D,2024-07-23,1000000.00,4.548305,100.98828125
08:02:14,912810UB2,TSRYS5810883,D,S,D,2024-07-23,1000000.00,4.548305,100.98828125
08:02:14,912810UB2,TSRYS5810883,D,S,T,2024-07-23,1000000.00,4.54621,101.015625
08:02:15,912810UB2,TSRYS5810883,D,S,D,2024-07-23,1000000.00,4.549053,100.97851562
08:02:15,912810UB2,TSRYS5810883,D,S,A,2024-07-23,100000.00,4.553695,100.91796875
08:02:16,912810UB2,TSRYS5810883,D,S,D,2024-07-23,1000000.00,4.561789,100.8125
08:02:16,912810UB2,TSRYS5810883,D,S,T,2024-07-23,1000000.00,4.54621,101.015625
08:02:18,912810UB2,TSRYS5810883,D,S,T,2024-07-23,1000000.00,4.54621,101.015625
08:02:18,912810UB2,TSRYS5810883,D,S,A,2024-07-23,2000000.00,4.563881,100.78515625
08:02:19,912810UB2,TSRYS5810883,D,S,T,2024-07-23,3000000.00,4.548614,100.98425
08:02:20,912810UB2,TSRYS5810883,D,S,T,2024-07-23,3000000.00,4.548622,100.984148
08:02:20,912810UB2,TSRYS5810883,D,S,T,2024-07-23,1000000.00,4.549802,100.96875
08:02:21,912810UB2,TSRYS5810883,D,S,D,2024-07-23,1000000.00,4.559443,100.84305
08:02:21,912810UB2,TSRYS5810883,D,S,D,2024-07-23,1000000.00,4.562592,100.8020344
08:02:21,912810UB2,TSRYS5810883,D,S,T,2024-07-23,2000000.00,4.560589,100.828125
08:02:21,912810UB2,TSRYS5810883,D,S,D,2024-07-23,3000000.00,4.559443,100.84305
08:02:21,912810UB2,TSRYS5810883,D,S,D,2024-07-23,1000000.00,4.561842,100.8118
08:02:21,912810UB2,TSRYS5810883,D,S,D,2024-07-23,5000000.00,4.559443,100.84305
08:02:22,912810UB2,TSRYS5810883,D,S,D,2024-07-23,1000000.00,4.559443,100.84305
08:02:22,912810UB2,TSRYS5810883,D,S,T,2024-07-23,1000000.00,4.560589,100.828125
08:02:22,912810UB2,TSRYS5810883,D,S,C,2024-07-23,3000000.00,4.561238,100.81967
08:02:22,912810UB2,TSRYS5810883,D,S,D,2024-07-23,1000000.00,4.562592,100.8020344
08:02:22,912810UB2,TSRYS5810883,D,S,D,2024-07-23,1000000.00,4.559443,100.84305
08:02:22,912810UB2,TSRYS5810883,D,S,T,2024-07-23,1000000.00,4.560589,100.828125
08:02:22,912810UB2,TSRYS5810883,D,S,T,2024-07-23,2000000.00,4.560589,100.828125
08:02:22,912810UB2,TSRYS5810883,D,S,T,2024-07-23,1000000.00,4.560589,100.828125
08:02:22,912810UB2,TSRYS5810883,D,S,D,2024-07-23,140000.00,4.563589,100.7890625
08:02:22,912810UB2,TSRYS5810883,D,S,C,2024-07-23,2500000.00,4.562081,100.80859375
08:02:22,912810UB2,TSRYS5810883,D,S,D,2024-07-23,175000.00,4.561789,100.8125
08:02:22,912810UB2,TSRYS5810883,D,B,A,2024-07-23,4500000.00,4.551898,100.94140625
08:02:22,912810UB2,TSRYS5810883,D,S,D,2024-07-23,200000.00,4.54651,101.01171875
08:02:22,912810UB2,TSRYS5810883,D,S,C,2024-07-23,10000000.00,4.549035,100.97876
08:02:22,912810UB2,TSRYS5810883,D,S,C,2024-07-23,1000000.00,4.556975,100.875202
08:02:23,912810UB2,TSRYS5810883,D,B,C,2024-07-23,1900000.00,4.547407,101.0
08:02:23,912810UB2,TSRYS5810883,D,S,C,2024-07-23,1000000.00,4.559374,100.84395
08:02:23,912810UB2,TSRYS5810883,D,S,C,2024-07-23,1000000.00,4.559389,100.84375
08:02:23,912810UB2,TSRYS5810883,D,B,C,2024-07-23,1000000.00,4.559407,100.843523
08:02:24,912810UB2,TSRYS5810883,D,B,A,2024-07-23,6000000.00,4.550682,100.95703125
08:02:25,912810UB2,TSRYS5810883,D,S,D,2024-07-23,50MM+,4.552722,100.93065
08:02:25,912810UB2,TSRYS5810883,D,B,C,2024-07-23,1000000.00,4.567791,100.734375
08:02:25,912810UB2,TSRYS5810883,D,S,D,2024-07-23,1000000.00,4.567791,100.734375
08:02:26,912810UB2,TSRYS5810883,D,S,D,2024-07-23,1000000.00,4.560589,100.828125
08:02:26,912810UB2,TSRYS5810883,D,S,D,2024-07-23,1000000.00,4.560577,100.828277
08:02:26,912810UB2,TSRYS5810883,D,B,C,2024-07-23,1000000.00,4.559407,100.843523
08:02:26,912810UB2,TSRYS5810883,D,S,T,2024-07-23,1000000.00,4.549802,100.96875
08:02:26,912810UB2,TSRYS5810883,D,S,C,2024-07-23,1000000.00,4.559389,100.84375
08:02:26,912810UB2,TSRYS5810883,D,S,C,2024-07-23,1000000.00,4.559374,100.84395
08:02:26,912810UB2,TSRYS5810883,D,B,C,2024-07-23,1000000.00,4.559407,100.843523
08:02:26,912810UB2,TSRYS5810883,D,S,T,2024-07-23,1000000.00,4.54621,101.015625
08:02:26,912810UB2,TSRYS5810883,D,S,T,2024-07-23,1000000.00,4.547407,101.0
08:02:26,912810UB2,TSRYS5810883,D,S,T,2024-07-23,1000000.00,4.54621,101.015625
08:02:27,912810UB2,TSRYS5810883,D,S,C,2024-07-23,2000000.00,4.560589,100.828125
08:02:27,912810UB2,TSRYS5810883,D,S,D,2024-07-23,1000000.00,4.560589,100.828125
08:02:27,912810UB2,TSRYS5810883,D,S,C,2024-07-23,1000000.00,4.560574,100.828325
08:02:27,912810UB2,TSRYS5810883,D,S,C,2024-07-23,2000000.00,4.560589,100.828125
08:02:27,912810UB2,TSRYS5810883,D,S,C,2024-07-23,1000000.00,4.560574,100.828325
08:02:27,912810UB2,TSRYS5810883,D,S,A,2024-07-23,467000.00,4.551898,100.94140625
08:02:27,912810UB2,TSRYS5810883,D,S,C,2024-07-23,1000000.00,4.559374,100.843952
08:02:28,912810UB2,TSRYS5810883,D,S,C,2024-07-23,2000000.00,4.559374,100.843952
08:02:28,912810UB2,TSRYS5810883,D,S,D,2024-07-23,8400000.00,4.551374,100.94824
08:02:28,912810UB2,TSRYS5810883,D,S,D,2024-07-23,1000000.00,4.560589,100.828125
08:02:28,912810UB2,TSRYS5810883,D,S,C,2024-07-23,1000000.00,4.560573,100.828327
08:02:28,912810UB2,TSRYS5810883,D,B,C,2024-07-23,1000000.00,4.559407,100.843523
08:02:28,912810UB2,TSRYS5810883,D,S,C,2024-07-23,1000000.00,4.559374,100.843952
08:02:28,912810UB2,TSRYS5810883,D,S,C,2024-07-23,1000000.00,4.559374,100.843952
08:02:28,912810UB2,TSRYS5810883,D,B,C,2024-07-23,1000000.00,4.559407,100.843523
08:02:28,912810UB2,TSRYS5810883,D,S,C,2024-07-23,1000000.00,4.559374,100.843952
08:02:29,912810UB2,TSRYS5810883,D,S,D,2024-07-23,1000000.00,4.55819,100.859375
08:02:29,912810UB2,TSRYS5810883,D,B,C,2024-07-23,1000000.00,4.55819,100.859375
08:02:29,912810UB2,TSRYS5810883,D,S,C,2024-07-23,1000000.00,4.55819,100.859375
08:02:30,912810UB2,TSRYS5810883,D,S,D,2024-07-23,1000000.00,4.55819,100.859375
08:02:30,912810UB2,TSRYS5810883,D,B,C,2024-07-23,1000000.00,4.558207,100.859148
08:02:30,912810UB2,TSRYS5810883,D,S,D,2024-07-23,1000000.00,4.556991,100.875
08:02:30,912810UB2,TSRYS5810883,D,B,C,2024-07-23,1000000.00,4.557008,100.874773
08:02:31,912810UB2,TSRYS5810883,D,S,D,2024-07-23,1000000.00,4.55819,100.859375
08:02:32,912810UB2,TSRYS5810883,D,S,C,2024-07-23,1000000.00,4.556991,100.875
08:02:32,912810UB2,TSRYS5810883,D,S,C,2024-07-23,1000000.00,4.556976,100.8752
08:02:32,912810UB2,TSRYS5810883,D,B,C,2024-07-23,1000000.00,4.557006,100.8748
08:02:33,912810UB2,TSRYS5810883,D,S,C,2024-07-23,1000000.00,4.556991,100.875
08:02:33,912810UB2,TSRYS5810883,D,B,C,2024-07-23,1000000.00,4.557008,100.874773
08:02:33,912810UB2,TSRYS5810883,D,B,C,2024-07-23,1000000.00,4.557008,100.874773
08:02:33,912810UB2,TSRYS5810883,D,S,C,2024-07-23,1000000.00,4.556979,100.87515
08:02:33,912810UB2,TSRYS5810883,D,S,C,2024-07-23,1000000.00,4.556979,100.87515
08:02:33,912810UB2,TSRYS5810883,D,B,C,2024-07-23,1000000.00,4.557008,100.874773
08:02:33,912810UB2,TSRYS5810883,D,S,D,2024-07-23,1000000.00,4.556991,100.875
08:02:33,912810UB2,TSRYS5810883,D,S,C,2024-07-23,1000000.00,4.556979,100.87515
08:02:33,912810UB2,TSRYS5810883,D,B,C,2024-07-23,1000000.00,4.557008,100.874773
08:02:33,912810UB2,TSRYS5810883,D,S,C,2024-07-23,1000000.00,4.556979,100.87515
08:02:33,912810UB2,TSRYS5810883,D,B,C,2024-07-23,1000000.00,4.557008,100.874773
08:02:33,912810UB2,TSRYS5810883,D,S,C,2024-07-23,1000000.00,4.568993,100.71875
08:02:33,912810UB2,TSRYS5810883,D,S,D,2024-07-23,1000000.00,4.570645,100.697265625
08:02:33,912810UB2,TSRYS5810883,D,S,C,2024-07-23,1000000.00,4.570795,100.6953125
08:02:33,912810UB2,TSRYS5810883,D,S,D,2024-07-23,1000000.00,4.570795,100.6953125
08:02:33,912810UB2,TSRYS5810883,D,S,D,2024-07-23,1000000.00,4.570795,100.6953125
08:02:33,912810UB2,TSRYS5810883,D,S,D,2024-07-23,1000000.00,4.571095,100.69140625
08:02:34,912810UB2,TSRYS5810883,D,S,C,2024-07-23,1000000.00,4.570194,100.703125
08:02:36,912810UB2,TSRYS5810883,D,S,D,2024-07-23,1000000.00,4.562989,100.796875
08:02:36,912810UB2,TSRYS5810883,D,S,D,2024-07-23,1000000.00,4.562989,100.796875
08:02:36,912810UB2,TSRYS5810883,D,S,D,2024-07-23,1000000.00,4.562989,100.796875
08:02:36,912810UB2,TSRYS5810883,D,S,D,2024-07-23,1000000.00,4.562989,100.796875
08:02:36,912810UB2,TSRYS5810883,D,S,D,2024-07-23,1000000.00,4.562989,100.796875
08:02:36,912810UB2,TSRYS5810883,D,S,D,2024-07-23,1000000.00,4.562989,100.796875
08:02:36,912810UB2,TSRYS5810883,D,S,D,2024-07-23,1000000.00,4.562989,100.796875
08:02:36,912810UB2,TSRYS5810883,D,S,C,2024-07-23,1000000.00,4.562973,100.797075
08:02:36,912810UB2,TSRYS5810883,D,S,C,2024-07-23,1000000.00,4.562989,100.796875
08:02:36,912810UB2,TSRYS5810883,D,S,C,2024-07-23,1000000.00,4.562989,100.796875
08:02:36,912810UB2,TSRYS5810883,D,S,D,2024-07-23,1000000.00,4.562989,100.796875
08:02:36,912810UB2,TSRYS5810883,D,S,C,2024-07-23,1000000.00,4.562973,100.797075
08:02:36,912810UB2,TSRYS5810883,D,S,C,2024-07-23,2000000.00,4.562989,100.796875
08:02:36,912810UB2,TSRYS5810883,D,S,C,2024-07-23,1000000.00,4.562973,100.797075
08:02:36,912810UB2,TSRYS5810883,D,S,D,2024-07-23,1000000.00,4.562989,100.796875
08:02:36,912810UB2,TSRYS5810883,D,S,D,2024-07-23,1000000.00,4.562989,100.796875
08:02:36,912810UB2,TSRYS5810883,D,S,D,2024-07-23,1000000.00,4.562989,100.796875
08:02:36,912810UB2,TSRYS5810883,D,S,D,2024-07-23,1000000.00,4.562989,100.796875
08:02:36,912810UB2,TSRYS5810883,D,S,D,2024-07-23,1000000.00,4.562989,100.796875
08:02:37,912810UB2,TSRYS5810883,D,S,D,2024-07-23,1000000.00,4.562989,100.796875
08:02:37,912810UB2,TSRYS5810883,D,B,C,2024-07-23,1000000.00,4.563006,100.796648
08:02:37,912810UB2,TSRYS5810883,D,S,D,2024-07-23,1000000.00,4.562989,100.796875
08:02:37,912810UB2,TSRYS5810883,D,B,A,2024-07-23,2000000.00,4.558482,100.85546875
08:02:37,912810UB2,TSRYS5810883,D,S,T,2024-07-23,8500000.00,4.528287,101.25
08:02:38,912810UB2,TSRYS5810883,D,S,D,2024-07-23,1000000.00,4.562989,100.796875
08:02:39,912810UB2,TSRYS5810883,D,B,C,2024-07-23,1000000.00,4.564201,100.7811
08:02:39,912810UB2,TSRYS5810883,D,S,D,2024-07-23,1000000.00,4.564189,100.78125
08:02:39,912810UB2,TSRYS5810883,D,S,A,2024-07-23,500000.00,4.560889,100.82421875
08:02:39,912810UB2,TSRYS5810883,D,S,D,2024-07-23,1000000.00,4.562989,100.796875
08:02:39,912810UB2,TSRYS5810883,D,S,T,2024-07-23,1000000.00,4.562989,100.796875
08:02:39,912810UB2,TSRYS5810883,D,S,T,2024-07-23,1000000.00,4.562989,100.796875
08:02:39,912810UB2,TSRYS5810883,D,S,T,2024-07-23,1000000.00,4.562996,100.796775
08:02:39,912810UB2,TSRYS5810883,D,S,T,2024-07-23,1000000.00,4.562989,100.796875
08:02:39,912810UB2,TSRYS5810883,D,S,T,2024-07-23,1000000.00,4.562989,100.796875
08:02:39,912810UB2,TSRYS5810883,D,S,T,2024-07-23,1000000.00,4.562996,100.796775
08:02:40,912810UB2,TSRYS5810883,D,S,T,2024-07-23,1000000.00,4.562989,100.796875
08:02:40,912810UB2,TSRYS5810883,D,S,T,2024-07-23,1000000.00,4.562989,100.796875
08:02:40,912810UB2,TSRYS5810883,D,S,T,2024-07-23,1000000.00,4.562989,100.796875
08:02:40,912810UB2,TSRYS5810883,D,S,T,2024-07-23,1000000.00,4.562989,100.796875
08:02:40,912810UB2,TSRYS5810883,D,S,T,2024-07-23,1000000.00,4.562989,100.796875
08:02:40,912810UB2,TSRYS5810883,D,S,T,2024-07-23,1000000.00,4.562989,100.796875
08:02:40,912810UB2,TSRYS5810883,D,B,C,2024-07-23,1000000.00,4.561789,100.8125
08:02:40,912810UB2,TSRYS5810883,D,S,C,2024-07-23,1000000.00,4.561775,100.812675
08:02:40,912810UB2,TSRYS5810883,D,S,C,2024-07-23,2000000.00,4.562989,100.796875
08:02:40,912810UB2,TSRYS5810883,D,S,C,2024-07-23,1000000.00,4.562989,100.796875
08:02:40,912810UB2,TSRYS5810883,D,S,D,2024-07-23,1000000.00,4.562989,100.796875
08:02:40,912810UB2,TSRYS5810883,D,S,C,2024-07-23,1000000.00,4.562989,100.796875
08:02:40,912810UB2,TSRYS5810883,D,S,T,2024-07-23,1000000.00,4.562989,100.796875
08:02:40,912810UB2,TSRYS5810883,D,S,C,2024-07-23,1000000.00,4.562973,100.797075
08:02:40,912810UB2,TSRYS5810883,D,S,D,2024-07-23,1000000.00,4.562989,100.796875
08:02:40,912810UB2,TSRYS5810883,D,S,T,2024-07-23,1000000.00,4.562546,100.802634375
08:02:40,912810UB2,TSRYS5810883,D,S,T,2024-07-23,1000000.00,4.562696,100.80068125
08:02:40,912810UB2,TSRYS5810883,D,S,T,2024-07-23,1000000.00,4.562846,100.798728125
08:02:40,912810UB2,TSRYS5810883,D,S,T,2024-07-23,1000000.00,4.562996,100.796775
08:02:40,912810UB2,TSRYS5810883,D,S,T,2024-07-23,1000000.00,4.562996,100.796775
08:02:40,912810UB2,TSRYS5810883,D,S,T,2024-07-23,2000000.00,4.562989,100.796875
08:02:40,912810UB2,TSRYS5810883,D,S,T,2024-07-23,1000000.00,4.562989,100.796875
08:02:40,912810UB2,TSRYS5810883,D,S,T,2024-07-23,1000000.00,4.562989,100.796875
08:02:41,912810UB2,TSRYS5810883,D,S,C,2024-07-23,1000000.00,4.56539,100.765625
08:02:41,912810UB2,TSRYS5810883,D,S,T,2024-07-23,1000000.00,4.562989,100.796875
08:02:41,912810UB2,TSRYS5810883,D,S,T,2024-07-23,1000000.00,4.562989,100.796875
08:02:41,912810UB2,TSRYS5810883,D,B,C,2024-07-23,1000000.00,4.565405,100.765425
08:02:41,912810UB2,TSRYS5810883,D,S,C,2024-07-23,1000000.00,4.56539,100.765625
08:02:41,912810UB2,TSRYS5810883,D,B,C,2024-07-23,1000000.00,4.565405,100.765425
08:02:41,912810UB2,TSRYS5810883,D,B,C,2024-07-23,1000000.00,4.565405,100.765425
08:02:41,912810UB2,TSRYS5810883,D,S,C,2024-07-23,1000000.00,4.56539,100.765625
08:02:41,912810UB2,TSRYS5810883,D,S,C,2024-07-23,1000000.00,4.56539,100.765625
08:02:41,912810UB2,TSRYS5810883,D,S,T,2024-07-23,1000000.00,4.562839,100.798828125
08:02:41,912810UB2,TSRYS5810883,D,S,T,2024-07-23,1000000.00,4.562989,100.796875
08:02:41,912810UB2,TSRYS5810883,D,S,T,2024-07-23,1000000.00,4.562989,100.796875
08:02:41,912810UB2,TSRYS5810883,D,S,T,2024-07-23,1000000.00,4.562989,100.796875
08:02:41,912810UB2,TSRYS5810883,D,S,T,2024-07-23,1000000.00,4.562989,100.796875
08:02:42,912810UB2,TSRYS5810883,D,B,C,2024-07-23,1000000.00,4.572598,100.671875
08:02:42,912810UB2,TSRYS5810883,D,S,D,2024-07-23,1000000.00,4.572598,100.671875
08:02:42,912810UB2,TSRYS5810883,D,S,T,2024-07-23,1000000.00,4.562989,100.796875
08:02:43,912810UB2,TSRYS5810883,D,S,T,2024-07-23,1000000.00,4.548614,100.98425
08:02:44,912810UB2,TSRYS5810883,D,S,T,2024-07-23,1000000.00,4.548614,100.98425
08:02:44,912810UB2,TSRYS5810883,D,S,T,2024-07-23,1000000.00,4.548622,100.984148
08:02:44,912810UB2,TSRYS5810883,D,S,T,2024-07-23,1000000.00,4.570194,100.703125
08:02:44,912810UB2,TSRYS5810883,D,S,T,2024-07-23,1000000.00,4.570194,100.703125
08:02:44,912810UB2,TSRYS5810883,D,S,T,2024-07-23,1000000.00,4.570194,100.703125
08:02:44,912810UB2,TSRYS5810883,D,S,A,2024-07-23,2350000.00,4.561473,100.81640625
08:02:46,912810UB2,TSRYS5810883,D,S,D,2024-07-23,1000000.00,4.549053,100.97851562
08:02:47,912810UB2,TSRYS5810883,D,S,A,2024-07-23,3500000.00,4.564774,100.7734375
08:02:47,912810UB2,TSRYS5810883,D,S,D,2024-07-23,1000000.00,4.549053,100.97851562
08:02:47,912810UB2,TSRYS5810883,D,S,D,2024-07-23,1000000.00,4.567791,100.734375
08:02:47,912810UB2,TSRYS5810883,D,S,A,2024-07-23,1500000.00,4.562989,100.796875
08:02:47,912810UB2,TSRYS5810883,D,S,D,2024-07-23,1000000.00,4.568993,100.71875
08:02:47,912810UB2,TSRYS5810883,D,S,C,2024-07-23,1000000.00,4.570179,100.703325
08:02:47,912810UB2,TSRYS5810883,D,S,C,2024-07-23,1000000.00,4.568993,100.71875
08:02:48,912810UB2,TSRYS5810883,D,S,D,2024-07-23,1000000.00,4.572598,100.671875
08:02:48,912810UB2,TSRYS5810883,D,B,C,2024-07-23,1000000.00,4.572598,100.671875
08:02:48,912810UB2,TSRYS5810883,D,S,A,2024-07-23,500000.00,4.567183,100.7421875
08:02:48,912810UB2,TSRYS5810883,D,B,C,2024-07-23,1000000.00,4.571411,100.6873
08:02:48,912810UB2,TSRYS5810883,D,S,D,2024-07-23,1000000.00,4.571386,100.68763
08:02:49,912810UB2,TSRYS5810883,D,B,C,2024-07-23,1000000.00,4.567041,100.744140625
08:02:49,912810UB2,TSRYS5810883,D,S,D,2024-07-23,1000000.00,4.567041,100.744140625
08:02:49,912810UB2,TSRYS5810883,D,S,D,2024-07-23,1000000.00,4.567041,100.744140625
08:02:49,912810UB2,TSRYS5810883,D,S,D,2024-07-23,1000000.00,4.547407,101.0
08:02:49,912810UB2,TSRYS5810883,D,S,D,2024-07-23,1000000.00,4.567041,100.744140625
08:02:49,912810UB2,TSRYS5810883,D,S,D,2024-07-23,1000000.00,4.567041,100.744140625
08:02:49,912810UB2,TSRYS5810883,D,S,D,2024-07-23,1000000.00,4.5738,100.65625
08:02:50,912810UB2,TSRYS5810883,D,B,C,2024-07-23,1000000.00,4.573815,100.65605
08:02:50,912810UB2,TSRYS5810883,D,B,C,2024-07-23,1000000.00,4.5738,100.65625
08:02:50,912810UB2,TSRYS5810883,D,S,D,2024-07-23,1000000.00,4.57379,100.65638
08:02:50,912810UB2,TSRYS5810883,D,S,D,2024-07-23,1000000.00,4.57379,100.65638
08:02:50,912810UB2,TSRYS5810883,D,S,D,2024-07-23,1000000.00,4.57379,100.65638
08:02:50,912810UB2,TSRYS5810883,D,B,C,2024-07-23,1000000.00,4.5738,100.65625
08:02:51,912810UB2,TSRYS5810883,D,S,D,2024-07-23,1000000.00,4.575002,100.640625
08:02:53,912810UB2,TSRYS5810883,D,S,D,2024-07-23,1000000.00,4.57379,100.65638
08:02:53,912810UB2,TSRYS5810883,D,B,C,2024-07-23,1000000.00,4.573815,100.65605
08:02:53,912810UB2,TSRYS5810883,D,B,C,2024-07-23,1000000.00,4.5738,100.65625
08:02:53,912810UB2,TSRYS5810883,D,S,D,2024-07-23,1000000.00,4.57379,100.65638
08:02:55,912810UB2,TSRYS5810883,D,S,D,2024-07-23,1000000.00,4.5738,100.65625
08:02:56,912810UB2,TSRYS5810883,D,B,A,2024-07-23,2000000.00,4.558182,100.859375
08:02:58,912810UB2,TSRYS5810883,D,S,C,2024-07-23,1000000.00,4.561789,100.8125
08:03:01,912810UB2,TSRYS5810883,D,S,D,2024-07-23,1000000.00,4.570194,100.703125
08:03:01,912810UB2,TSRYS5810883,D,S,D,2024-07-23,1000000.00,4.570194,100.703125
08:03:01,912810UB2,TSRYS5810883,D,B,C,2024-07-23,1000000.00,4.570209,100.702925
08:03:01,912810UB2,TSRYS5810883,D,S,D,2024-07-23,1000000.00,4.570194,100.703125
08:03:01,912810UB2,TSRYS5810883,D,B,C,2024-07-23,1000000.00,4.570194,100.703125
08:03:01,912810UB2,TSRYS5810883,D,B,C,2024-07-23,1000000.00,4.570209,100.702925
08:03:01,912810UB2,TSRYS5810883,D,S,D,2024-07-23,1000000.00,4.570194,100.703125
08:03:01,912810UB2,TSRYS5810883,D,B,C,2024-07-23,1000000.00,4.570194,100.703125
08:03:02,912810UB2,TSRYS5810883,D,S,D,2024-07-23,1000000.00,4.549053,100.97851562
08:03:03,912810UB2,TSRYS5810883,D,S,D,2024-07-23,1000000.00,4.568993,100.71875
08:03:03,912810UB2,TSRYS5810883,D,S,D,2024-07-23,1000000.00,4.568993,100.71875
08:03:03,912810UB2,TSRYS5810883,D,S,A,2024-07-23,800000.00,4.551299,100.94921875
08:03:04,912810UB2,TSRYS5810883,D,S,D,2024-07-23,1000000.00,4.567791,100.734375
08:03:07,912810UB2,TSRYS5810883,D,S,D,2024-07-23,1000000.00,4.564189,100.78125
08:03:07,912810UB2,TSRYS5810883,D,S,D,2024-07-23,1000000.00,4.564189,100.78125
08:03:07,912810UB2,TSRYS5810883,D,B,C,2024-07-23,1000000.00,4.564204,100.78105
08:03:09,912810UB2,TSRYS5810883,D,S,A,2024-07-23,1200000.00,4.559393,100.8437
08:03:10,912810UB2,TSRYS5810883,D,B,A,2024-07-23,350000.00,4.562389,100.8046875
08:03:13,912810UB2,TSRYS5810883,D,S,D,2024-07-23,2017000.00,4.553726,100.91756875
08:03:13,912810UB2,TSRYS5810883,D,S,D,2024-07-23,1000000.00,4.563439,100.791015625
08:03:16,912810UB2,TSRYS5810883,D,S,D,2024-07-23,1000000.00,4.563439,100.791015625
08:03:17,912810UB2,TSRYS5810883,D,B,C,2024-07-23,1000000.00,4.561789,100.8125
08:03:17,912810UB2,TSRYS5810883,D,S,D,2024-07-23,1000000.00,4.561789,100.8125
08:03:19,912810UB2,TSRYS5810883,D,S,A,2024-07-23,110000.00,4.550101,100.96484375
08:03:19,912810UB2,TSRYS5810883,D,B,C,2024-07-23,1000000.00,4.564189,100.78125
08:03:19,912810UB2,TSRYS5810883,D,S,D,2024-07-23,1000000.00,4.564189,100.78125
08:03:23,912810UB2,TSRYS5810883,D,S,D,2024-07-23,1000000.00,4.556981,100.87513
08:03:24,912810UB2,TSRYS5810883,D,S,D,2024-07-23,1000000.00,4.55819,100.859375
08:03:24,912810UB2,TSRYS5810883,D,B,C,2024-07-23,1000000.00,4.55819,100.859375
08:03:25,912810UB2,TSRYS5810883,D,S,T,2024-07-23,1000000.00,4.550251,100.962890625
08:03:27,912810UB2,TSRYS5810883,D,S,C,2024-07-23,1000000.00,4.553395,100.921875
08:03:27,912810UB2,TSRYS5810883,D,S,C,2024-07-23,1000000.00,4.554594,100.90625
08:03:27,912810UB2,TSRYS5810883,D,S,C,2024-07-23,1000000.00,4.554594,100.90625
08:03:27,912810UB2,TSRYS5810883,D,S,C,2024-07-23,1000000.00,4.554594,100.90625
08:03:27,912810UB2,TSRYS5810883,D,S,C,2024-07-23,1000000.00,4.554594,100.90625
08:03:27,912810UB2,TSRYS5810883,D,S,C,2024-07-23,1000000.00,4.554594,100.90625
08:03:27,912810UB2,TSRYS5810883,D,S,C,2024-07-23,1000000.00,4.554594,100.90625
08:03:27,912810UB2,TSRYS5810883,D,S,D,2024-07-23,1000000.00,4.554594,100.90625
08:03:27,912810UB2,TSRYS5810883,D,S,C,2024-07-23,1000000.00,4.554594,100.90625
08:03:27,912810UB2,TSRYS5810883,D,S,C,2024-07-23,1000000.00,4.554594,100.90625
08:03:27,912810UB2,TSRYS5810883,D,S,C,2024-07-23,1000000.00,4.554594,100.90625
08:03:27,912810UB2,TSRYS5810883,D,S,C,2024-07-23,1000000.00,4.554594,100.90625
08:03:27,912810UB2,TSRYS5810883,D,S,C,2024-07-23,1000000.00,4.554594,100.90625
08:03:27,912810UB2,TSRYS5810883,D,S,C,2024-07-23,1000000.00,4.554594,100.90625
08:03:27,912810UB2,TSRYS5810883,D,S,C,2024-07-23,1000000.00,4.554578,100.90645
08:03:27,912810UB2,TSRYS5810883,D,S,C,2024-07-23,1000000.00,4.554594,100.90625
08:03:27,912810UB2,TSRYS5810883,D,B,C,2024-07-23,1000000.00,4.554594,100.90625
08:03:27,912810UB2,TSRYS5810883,D,S,C,2024-07-23,1000000.00,4.554594,100.90625
08:03:27,912810UB2,TSRYS5810883,D,S,C,2024-07-23,1000000.00,4.554594,100.90625
08:03:27,912810UB2,TSRYS5810883,D,S,C,2024-07-23,1000000.00,4.554594,100.90625
08:03:27,912810UB2,TSRYS5810883,D,S,C,2024-07-23,1000000.00,4.554594,100.90625
08:03:27,912810UB2,TSRYS5810883,D,S,C,2024-07-23,1000000.00,4.554578,100.90645
08:03:27,912810UB2,TSRYS5810883,D,S,C,2024-07-23,1000000.00,4.554594,100.90625
08:03:27,912810UB2,TSRYS5810883,D,S,C,2024-07-23,1000000.00,4.554594,100.90625
08:03:27,912810UB2,TSRYS5810883,D,S,C,2024-07-23,1000000.00,4.554578,100.90645
08:03:27,912810UB2,TSRYS5810883,D,S,C,2024-07-23,1000000.00,4.554594,100.90625
08:03:27,912810UB2,TSRYS5810883,D,S,C,2024-07-23,1000000.00,4.554594,100.90625
08:03:27,912810UB2,TSRYS5810883,D,S,C,2024-07-23,1000000.00,4.554594,100.90625
08:03:27,912810UB2,TSRYS5810883,D,B,C,2024-07-23,1000000.00,4.554594,100.90625
08:03:27,912810UB2,TSRYS5810883,D,S,C,2024-07-23,1000000.00,4.554594,100.90625
08:03:27,912810UB2,TSRYS5810883,D,S,C,2024-07-23,1000000.00,4.554578,100.90645
08:03:27,912810UB2,TSRYS5810883,D,S,C,2024-07-23,1000000.00,4.554594,100.90625
08:03:27,912810UB2,TSRYS5810883,D,S,C,2024-07-23,1000000.00,4.554594,100.90625
08:03:28,912810UB2,TSRYS5810883,D,B,C,2024-07-23,1000000.00,4.554594,100.90625
08:03:28,912810UB2,TSRYS5810883,D,S,C,2024-07-23,1000000.00,4.554594,100.90625
08:03:28,912810UB2,TSRYS5810883,D,S,C,2024-07-23,1000000.00,4.554594,100.90625
08:03:28,912810UB2,TSRYS5810883,D,S,D,2024-07-23,1000000.00,4.554594,100.90625
08:03:28,912810UB2,TSRYS5810883,D,S,C,2024-07-23,1000000.00,4.554594,100.90625
08:03:28,912810UB2,TSRYS5810883,D,S,C,2024-07-23,1000000.00,4.554594,100.90625
08:03:29,912810UB2,TSRYS5810883,D,S,C,2024-07-23,1000000.00,4.552197,100.9375
08:03:29,912810UB2,TSRYS5810883,D,S,D,2024-07-23,1000000.00,4.554444,100.908203125
08:03:29,912810UB2,TSRYS5810883,D,S,D,2024-07-23,1000000.00,4.554294,100.91015625
08:03:29,912810UB2,TSRYS5810883,D,B,C,2024-07-23,1000000.00,4.552197,100.9375
08:03:29,912810UB2,TSRYS5810883,D,S,D,2024-07-23,1000000.00,4.552197,100.9375
08:03:29,912810UB2,TSRYS5810883,D,S,C,2024-07-23,1000000.00,4.552197,100.9375
08:03:29,912810UB2,TSRYS5810883,D,B,C,2024-07-23,1000000.00,4.552209,100.93735
08:03:29,912810UB2,TSRYS5810883,D,B,C,2024-07-23,1000000.00,4.552209,100.93735
08:03:29,912810UB2,TSRYS5810883,D,S,C,2024-07-23,1000000.00,4.552197,100.9375
08:03:29,912810UB2,TSRYS5810883,D,S,C,2024-07-23,1000000.00,4.552197,100.9375
08:03:29,912810UB2,TSRYS5810883,D,S,C,2024-07-23,1000000.00,4.552197,100.9375
08:03:29,912810UB2,TSRYS5810883,D,B,C,2024-07-23,1000000.00,4.552213,100.9373
08:03:29,912810UB2,TSRYS5810883,D,S,C,2024-07-23,1000000.00,4.552197,100.9375
08:03:29,912810UB2,TSRYS5810883,D,B,C,2024-07-23,1000000.00,4.552197,100.9375
08:03:29,912810UB2,TSRYS5810883,D,S,C,2024-07-23,1000000.00,4.552197,100.9375
08:03:29,912810UB2,TSRYS5810883,D,S,C,2024-07-23,1000000.00,4.552197,100.9375
08:03:30,912810UB2,TSRYS5810883,D,S,C,2024-07-23,1000000.00,4.552197,100.9375
08:03:30,912810UB2,TSRYS5810883,D,B,C,2024-07-23,1000000.00,4.552209,100.937348
08:03:30,912810UB2,TSRYS5810883,D,S,C,2024-07-23,1000000.00,4.552197,100.9375
08:03:30,912810UB2,TSRYS5810883,D,S,C,2024-07-23,1000000.00,4.552197,100.9375
08:03:30,912810UB2,TSRYS5810883,D,B,C,2024-07-23,1000000.00,4.552213,100.9373
08:03:30,912810UB2,TSRYS5810883,D,S,C,2024-07-23,1000000.00,4.552197,100.9375
08:03:30,912810UB2,TSRYS5810883,D,S,C,2024-07-23,1000000.00,4.552197,100.9375
08:03:30,912810UB2,TSRYS5810883,D,S,C,2024-07-23,1000000.00,4.552197,100.9375
08:03:30,912810UB2,TSRYS5810883,D,S,C,2024-07-23,1000000.00,4.552197,100.9375
08:03:30,912810UB2,TSRYS5810883,D,S,C,2024-07-23,1000000.00,4.552197,100.9375
08:03:30,912810UB2,TSRYS5810883,D,S,C,2024-07-23,1000000.00,4.552197,100.9375
08:03:30,912810UB2,TSRYS5810883,D,S,C,2024-07-23,1000000.00,4.552197,100.9375
08:03:30,912810UB2,TSRYS5810883,D,S,D,2024-07-23,1000000.00,4.554444,100.908203125
08:03:30,912810UB2,TSRYS5810883,D,S,D,2024-07-23,1000000.00,4.550989,100.953255
08:03:30,912810UB2,TSRYS5810883,D,S,D,2024-07-23,1000000.00,4.550989,100.953255
08:03:30,912810UB2,TSRYS5810883,D,B,C,2024-07-23,1000000.00,4.550999,100.953125
08:03:30,912810UB2,TSRYS5810883,D,S,C,2024-07-23,1000000.00,4.550999,100.953125
08:03:31,912810UB2,TSRYS5810883,D,S,C,2024-07-23,1000000.00,4.550999,100.953125
08:03:31,912810UB2,TSRYS5810883,D,S,C,2024-07-23,1000000.00,4.550999,100.953125
08:03:31,912810UB2,TSRYS5810883,D,S,C,2024-07-23,1000000.00,4.550999,100.953125
08:03:31,912810UB2,TSRYS5810883,D,S,C,2024-07-23,1000000.00,4.549802,100.96875
08:03:31,912810UB2,TSRYS5810883,D,B,C,2024-07-23,1000000.00,4.548604,100.984375
08:03:31,912810UB2,TSRYS5810883,D,S,C,2024-07-23,1000000.00,4.548591,100.98455
08:03:31,912810UB2,TSRYS5810883,D,S,C,2024-07-23,1000000.00,4.548591,100.98455
08:03:31,912810UB2,TSRYS5810883,D,S,C,2024-07-23,1000000.00,4.548591,100.98455
08:03:31,912810UB2,TSRYS5810883,D,S,C,2024-07-23,1000000.00,4.548591,100.98455
08:03:31,912810UB2,TSRYS5810883,D,S,C,2024-07-23,1000000.00,4.548591,100.98455
08:03:31,912810UB2,TSRYS5810883,D,S,C,2024-07-23,1000000.00,4.548591,100.98455
08:03:31,912810UB2,TSRYS5810883,D,S,C,2024-07-23,1000000.00,4.548591,100.98455
08:03:31,912810UB2,TSRYS5810883,D,B,C,2024-07-23,1000000.00,4.548604,100.984375
08:03:31,912810UB2,TSRYS5810883,D,S,C,2024-07-23,1000000.00,4.548591,100.98455
08:03:31,912810UB2,TSRYS5810883,D,S,C,2024-07-23,1000000.00,4.548591,100.98455
08:03:31,912810UB2,TSRYS5810883,D,B,C,2024-07-23,1000000.00,4.548305,100.98828125
08:03:31,912810UB2,TSRYS5810883,D,S,C,2024-07-23,1000000.00,4.548591,100.98455
08:03:31,912810UB2,TSRYS5810883,D,S,D,2024-07-23,19000000.00,4.549605,100.97132
08:03:31,912810UB2,TSRYS5810883,D,S,C,2024-07-23,1000000.00,4.548604,100.984375
08:03:32,912810UB2,TSRYS5810883,D,S,D,2024-07-23,1000000.00,4.54621,101.015625
08:03:32,912810UB2,TSRYS5810883,D,S,D,2024-07-23,1000000.00,4.54621,101.015625
08:03:32,912810UB2,TSRYS5810883,D,S,D,2024-07-23,1000000.00,4.54621,101.015625
08:03:32,912810UB2,TSRYS5810883,D,S,D,2024-07-23,1000000.00,4.554594,100.90625
08:03:32,912810UB2,TSRYS5810883,D,S,D,2024-07-23,1000000.00,4.554594,100.90625
08:03:35,912810UB2,TSRYS5810883,D,S,D,2024-07-23,1000000.00,4.548604,100.984375
08:03:35,912810UB2,TSRYS5810883,D,B,C,2024-07-23,1000000.00,4.54862,100.984175
08:03:35,912810UB2,TSRYS5810883,D,B,C,2024-07-23,1000000.00,4.549802,100.96875
08:03:35,912810UB2,TSRYS5810883,D,S,D,2024-07-23,1000000.00,4.549802,100.96875
08:03:35,912810UB2,TSRYS5810883,D,B,C,2024-07-23,1000000.00,4.549802,100.96875
08:03:35,912810UB2,TSRYS5810883,D,S,C,2024-07-23,1000000.00,4.549802,100.96875
08:03:36,912810UB2,TSRYS5810883,D,S,D,2024-07-23,1000000.00,4.554594,100.90625
08:03:36,912810UB2,TSRYS5810883,D,S,D,2024-07-23,1000000.00,4.554594,100.90625
08:03:37,912810UB2,TSRYS5810883,D,S,D,2024-07-23,1000000.00,4.552796,100.9296875
08:03:37,912810UB2,TSRYS5810883,D,S,C,2024-07-23,1000000.00,4.550999,100.953125
08:03:37,912810UB2,TSRYS5810883,D,S,D,2024-07-23,1000000.00,4.550999,100.953125
08:03:37,912810UB2,TSRYS5810883,D,S,D,2024-07-23,1000000.00,4.5507,100.95703125
08:03:38,912810UB2,TSRYS5810883,D,B,C,2024-07-23,1000000.00,4.553395,100.921875
08:03:38,912810UB2,TSRYS5810883,D,S,C,2024-07-23,1000000.00,4.553384,100.922027
08:03:38,912810UB2,TSRYS5810883,D,S,D,2024-07-23,2000000.00,4.548904,100.98046875
08:03:38,912810UB2,TSRYS5810883,D,S,D,2024-07-23,1000000.00,4.549802,100.96875
08:03:40,912810UB2,TSRYS5810883,D,S,C,2024-07-23,1000000.00,4.550999,100.953125
08:03:40,912810UB2,TSRYS5810883,D,S,D,2024-07-23,1000000.00,4.550999,100.953125
08:03:40,912810UB2,TSRYS5810883,D,S,C,2024-07-23,1000000.00,4.549802,100.96875
08:03:40,912810UB2,TSRYS5810883,D,S,C,2024-07-23,1000000.00,4.549802,100.96875
08:03:40,912810UB2,TSRYS5810883,D,S,D,2024-07-23,1000000.00,4.549802,100.96875
08:03:41,912810UB2,TSRYS5810883,D,S,D,2024-07-23,1000000.00,4.549802,100.96875
08:03:42,912810UB2,TSRYS5810883,D,S,D,2024-07-23,1000000.00,4.548604,100.984375
08:03:44,912810UB2,TSRYS5810883,D,S,D,2024-07-23,1000000.00,4.54621,101.015625
08:03:44,912810UB2,TSRYS5810883,D,S,C,2024-07-23,1000000.00,4.546193,101.01585
08:03:44,912810UB2,TSRYS5810883,D,S,D,2024-07-23,1000000.00,4.54621,101.015625
08:03:44,912810UB2,TSRYS5810883,D,S,D,2024-07-23,1000000.00,4.547108,101.00390625
08:03:46,912810UB2,TSRYS5810883,D,S,C,2024-07-23,1000000.00,4.54621,101.015625
08:03:46,912810UB2,TSRYS5810883,D,S,D,2024-07-23,1000000.00,4.54621,101.015625
08:03:46,912810UB2,TSRYS5810883,D,B,C,2024-07-23,1000000.00,4.546226,101.015425
08:03:46,912810UB2,TSRYS5810883,D,S,D,2024-07-23,1000000.00,4.54621,101.015625
08:03:46,912810UB2,TSRYS5810883,D,S,D,2024-07-23,1000000.00,4.54621,101.015625
08:03:46,912810UB2,TSRYS5810883,D,S,C,2024-07-23,1000000.00,4.54621,101.015625
08:03:46,912810UB2,TSRYS5810883,D,B,C,2024-07-23,1000000.00,4.547419,100.99985
08:03:46,912810UB2,TSRYS5810883,D,S,D,2024-07-23,1000000.00,4.547407,101.0
08:03:46,912810UB2,TSRYS5810883,D,S,C,2024-07-23,1000000.00,4.547392,101.0002
08:03:47,912810UB2,TSRYS5810883,D,S,C,2024-07-23,1000000.00,4.545014,101.03125
08:03:48,912810UB2,TSRYS5810883,D,S,C,2024-07-23,1000000.00,4.545002,101.0314
08:03:48,912810UB2,TSRYS5810883,D,B,C,2024-07-23,1000000.00,4.547407,101.0
08:03:48,912810UB2,TSRYS5810883,D,S,D,2024-07-23,1000000.00,4.547407,101.0
08:03:48,912810UB2,TSRYS5810883,D,S,C,2024-07-23,1000000.00,4.54621,101.015625
08:03:48,912810UB2,TSRYS5810883,D,S,C,2024-07-23,1000000.00,4.546195,101.015825
08:03:50,912810UB2,TSRYS5810883,D,B,C,2024-07-23,1000000.00,4.54862,100.984175
08:03:50,912810UB2,TSRYS5810883,D,S,D,2024-07-23,1000000.00,4.548604,100.984375
08:03:51,912810UB2,TSRYS5810883,D,B,C,2024-07-23,1000000.00,4.548616,100.984225
08:03:51,912810UB2,TSRYS5810883,D,S,C,2024-07-23,1000000.00,4.548589,100.984575
08:03:51,912810UB2,TSRYS5810883,D,S,C,2024-07-23,1000000.00,4.548591,100.98455
08:03:51,912810UB2,TSRYS5810883,D,B,C,2024-07-23,1000000.00,4.548616,100.984225
08:03:52,912810UB2,TSRYS5810883,D,B,C,2024-07-23,1000000.00,4.549813,100.9686
08:03:52,912810UB2,TSRYS5810883,D,S,C,2024-07-23,1000000.00,4.549786,100.96895
08:03:52,912810UB2,TSRYS5810883,D,B,C,2024-07-23,1000000.00,4.549813,100.9686
08:03:52,912810UB2,TSRYS5810883,D,B,C,2024-07-23,1000000.00,4.549813,100.9686
08:03:52,912810UB2,TSRYS5810883,D,S,C,2024-07-23,1000000.00,4.549786,100.96895
08:03:52,912810UB2,TSRYS5810883,D,S,D,2024-07-23,1000000.00,4.549802,100.96875
08:03:52,912810UB2,TSRYS5810883,D,S,C,2024-07-23,1000000.00,4.549786,100.96895
08:03:52,912810UB2,TSRYS5810883,D,B,C,2024-07-23,1000000.00,4.549813,100.9686
08:03:54,912810UB2,TSRYS5810883,D,B,C,2024-07-23,1000000.00,4.549802,100.96875
08:03:54,912810UB2,TSRYS5810883,D,S,D,2024-07-23,1000000.00,4.549802,100.96875
08:03:58,912810UB2,TSRYS5810883,D,S,D,2024-07-23,1000000.00,4.548604,100.984375
08:03:58,912810UB2,TSRYS5810883,D,S,D,2024-07-23,1000000.00,4.548604,100.984375
08:03:58,912810UB2,TSRYS5810883,D,B,C,2024-07-23,1000000.00,4.548604,100.984375
08:03:58,912810UB2,TSRYS5810883,D,B,C,2024-07-23,1000000.00,4.54862,100.984175
08:04:02,912810UB2,TSRYS5810883,D,B,C,2024-07-23,1000000.00,4.54621,101.015625
08:04:02,912810UB2,TSRYS5810883,D,S,D,2024-07-23,1000000.00,4.54621,101.015625
08:04:02,912810UB2,TSRYS5810883,D,B,C,2024-07-23,2000000.00,4.546226,101.015425
08:04:02,912810UB2,TSRYS5810883,D,S,D,2024-07-23,2000000.00,4.54621,101.015625
08:04:02,912810UB2,TSRYS5810883,D,B,C,2024-07-23,1000000.00,4.54621,101.015625
08:04:02,912810UB2,TSRYS5810883,D,S,D,2024-07-23,1000000.00,4.54621,101.015625
08:04:03,912810UB2,TSRYS5810883,D,B,C,2024-07-23,1000000.00,4.546226,101.015425
08:04:03,912810UB2,TSRYS5810883,D,S,D,2024-07-23,1000000.00,4.54621,101.015625
08:04:03,912810UB2,TSRYS5810883,D,B,C,2024-07-23,1000000.00,4.546222,101.015475
08:04:03,912810UB2,TSRYS5810883,D,S,D,2024-07-23,1000000.00,4.54621,101.015625
08:04:03,912810UB2,TSRYS5810883,D,S,C,2024-07-23,1000000.00,4.548604,100.984375
08:04:03,912810UB2,TSRYS5810883,D,B,C,2024-07-23,1000000.00,4.546222,101.015475
08:04:03,912810UB2,TSRYS5810883,D,S,D,2024-07-23,1000000.00,4.54621,101.015625
08:04:03,912810UB2,TSRYS5810883,D,S,D,2024-07-23,1000000.00,4.54621,101.015625
08:04:03,912810UB2,TSRYS5810883,D,S,D,2024-07-23,1000000.00,4.54621,101.015625
08:04:03,912810UB2,TSRYS5810883,D,B,C,2024-07-23,2000000.00,4.547419,100.99985
08:04:03,912810UB2,TSRYS5810883,D,S,D,2024-07-23,2000000.00,4.547407,101.0
08:04:08,912810UB2,TSRYS5810883,D,S,C,2024-07-23,1000000.00,4.553395,100.921875
08:04:11,912810UB2,TSRYS5810883,D,S,C,2024-07-23,1000000.00,4.552197,100.9375
08:04:11,912810UB2,TSRYS5810883,D,S,C,2024-07-23,1000000.00,4.552197,100.9375
08:04:12,912810UB2,TSRYS5810883,D,B,C,2024-07-23,1000000.00,4.54621,101.015625
08:04:12,912810UB2,TSRYS5810883,D,S,D,2024-07-23,1000000.00,4.54621,101.015625
08:04:13,912810UB2,TSRYS5810883,D,B,C,2024-07-23,1000000.00,4.54862,100.984175
08:04:13,912810UB2,TSRYS5810883,D,S,C,2024-07-23,1000000.00,4.548593,100.984525
08:04:13,912810UB2,TSRYS5810883,D,B,C,2024-07-23,1000000.00,4.54862,100.984175
08:04:13,912810UB2,TSRYS5810883,D,S,C,2024-07-23,2000000.00,4.548593,100.984525
08:04:13,912810UB2,TSRYS5810883,D,B,C,2024-07-23,2000000.00,4.548604,100.984375
08:04:13,912810UB2,TSRYS5810883,D,S,C,2024-07-23,1000000.00,4.548593,100.984525
08:04:13,912810UB2,TSRYS5810883,D,B,C,2024-07-23,1000000.00,4.54862,100.984175
08:04:13,912810UB2,TSRYS5810883,D,S,C,2024-07-23,1000000.00,4.547407,101.0
08:04:13,912810UB2,TSRYS5810883,D,S,C,2024-07-23,1000000.00,4.548593,100.984525
08:04:13,912810UB2,TSRYS5810883,D,S,C,2024-07-23,1000000.00,4.548593,100.984525
08:04:14,912810UB2,TSRYS5810883,D,S,C,2024-07-23,1000000.00,4.549802,100.96875
08:04:16,912810UB2,TSRYS5810883,D,S,C,2024-07-23,1000000.00,4.547392,101.0002
08:04:16,912810UB2,TSRYS5810883,D,S,C,2024-07-23,1000000.00,4.547394,101.000175
08:04:16,912810UB2,TSRYS5810883,D,S,C,2024-07-23,1000000.00,4.547407,101.0
08:04:16,912810UB2,TSRYS5810883,D,S,C,2024-07-23,1000000.00,4.547407,101.0
08:04:16,912810UB2,TSRYS5810883,D,S,C,2024-07-23,1000000.00,4.547407,101.0
08:04:16,912810UB2,TSRYS5810883,D,S,C,2024-07-23,1000000.00,4.547407,101.0
08:04:16,912810UB2,TSRYS5810883,D,S,C,2024-07-23,1000000.00,4.547407,101.0
08:04:16,912810UB2,TSRYS5810883,D,S,C,2024-07-23,1000000.00,4.547407,101.0
08:04:19,912810UB2,TSRYS5810883,D,S,D,2024-07-23,1000000.00,4.549802,100.96875
08:04:21,912810UB2,TSRYS5810883,D,S,C,2024-07-23,3000000.00,4.549802,100.96875
08:04:21,912810UB2,TSRYS5810883,D,S,C,2024-07-23,3000000.00,4.548604,100.984375
08:04:21,912810UB2,TSRYS5810883,D,S,C,2024-07-23,1000000.00,4.548591,100.98455
08:04:23,912810UB2,TSRYS5810883,D,S,D,2024-07-23,1000000.00,4.560589,100.828125
08:04:23,912810UB2,TSRYS5810883,D,S,C,2024-07-23,2500000.00,4.559073,100.84765625
08:04:23,912810UB2,TSRYS5810883,D,S,T,2024-07-23,1000000.00,4.561039,100.822265625
08:04:24,912810UB2,TSRYS5810883,D,S,C,2024-07-23,1000000.00,4.549802,100.96875
08:04:24,912810UB2,TSRYS5810883,D,S,C,2024-07-23,1000000.00,4.549802,100.96875
08:04:25,912810UB2,TSRYS5810883,D,S,T,2024-07-23,1000000.00,4.560589,100.828125
08:04:25,912810UB2,TSRYS5810883,D,S,T,2024-07-23,1000000.00,4.560589,100.828125
08:04:26,912810UB2,TSRYS5810883,D,S,D,2024-07-23,1000000.00,4.560589,100.828125
08:04:34,912810UB2,TSRYS5810883,D,B,C,2024-07-23,445000.00,4.551299,100.94921875
08:04:34,912810UB2,TSRYS5810883,D,S,D,2024-07-23,445000.00,4.55123,100.950117626
08:04:40,912810UB2,TSRYS5810883,D,B,C,2024-07-23,1000000.00,4.548604,100.984375
08:04:40,912810UB2,TSRYS5810883,D,S,D,2024-07-23,1000000.00,4.548604,100.984375
08:04:40,912810UB2,TSRYS5810883,D,B,C,2024-07-23,1000000.00,4.548604,100.984375
08:04:40,912810UB2,TSRYS5810883,D,S,D,2024-07-23,1000000.00,4.548604,100.984375
08:04:55,912810UB2,TSRYS5810883,D,S,D,2024-07-23,1000000.00,4.54621,101.015625
08:04:55,912810UB2,TSRYS5810883,D,B,C,2024-07-23,1000000.00,4.54621,101.015625
08:04:58,912810UB2,TSRYS5810883,D,S,D,2024-07-23,1000000.00,4.553096,100.92578125
08:04:59,912810UB2,TSRYS5810883,D,S,C,2024-07-23,1000000.00,4.553395,100.921875
08:04:59,912810UB2,TSRYS5810883,D,S,D,2024-07-23,1000000.00,4.553845,100.916015625
08:05:00,912810UB2,TSRYS5810883,D,S,D,2024-07-23,1000000.00,4.553246,100.923828125
08:05:04,912810UB2,TSRYS5810883,D,S,D,2024-07-23,2000000.00,4.553545,100.919921875
08:05:10,912810UB2,TSRYS5810883,D,S,D,2024-07-23,1000000.00,4.552347,100.935546875
08:05:14,912810UB2,TSRYS5810883,D,S,C,2024-07-23,1000000.00,4.552796,100.9296875
08:05:16,912810UB2,TSRYS5810883,D,S,D,2024-07-23,1000000.00,4.551299,100.94921875
08:05:17,912810UB2,TSRYS5810883,D,S,D,2024-07-23,1000000.00,4.551299,100.94921875
08:05:19,912810UB2,TSRYS5810883,D,S,D,2024-07-23,2000000.00,4.550999,100.953125
08:05:23,912810UB2,TSRYS5810883,D,S,D,2024-07-23,1000000.00,4.549203,100.9765625
08:05:30,912810UB2,TSRYS5810883,D,S,C,2024-07-23,1000000.00,4.549802,100.96875
08:05:38,912810UB2,TSRYS5810883,D,S,D,2024-07-23,1000000.00,4.549802,100.96875
08:05:38,912810UB2,TSRYS5810883,D,S,D,2024-07-23,1000000.00,4.549802,100.96875
08:05:41,912810UB2,TSRYS5810883,D,S,T,2024-07-23,1000000.00,4.552197,100.9375
08:05:41,912810UB2,TSRYS5810883,D,S,D,2024-07-23,12000000.00,4.548708,100.98303
08:05:47,912810UB2,TSRYS5810883,D,S,D,2024-07-23,1000000.00,4.549203,100.9765625
08:05:47,912810UB2,TSRYS5810883,D,B,C,2024-07-23,1000000.00,4.549203,100.9765625
08:05:47,912810UB2,TSRYS5810883,D,S,D,2024-07-23,1000000.00,4.549053,100.978515625
08:05:59,912810UB2,TSRYS5810883,D,S,T,2024-07-23,1000000.00,4.550999,100.953125
08:05:59,912810UB2,TSRYS5810883,D,S,T,2024-07-23,1000000.00,4.550999,100.953125
08:05:59,912810UB2,TSRYS5810883,D,S,T,2024-07-23,1000000.00,4.550999,100.953125
08:05:59,912810UB2,TSRYS5810883,D,S,T,2024-07-23,1000000.00,4.550999,100.953125
08:06:00,912810UB2,TSRYS5810883,D,B,A,2024-07-23,1890000.00,4.549802,100.96875
08:06:03,912810UB2,TSRYS5810883,D,S,T,2024-07-23,1000000.00,4.553395,100.921875
08:06:28,912810UB2,TSRYS5810883,D,S,D,2024-07-23,1000000.00,4.552197,100.9375
08:06:42,912810UB2,TSRYS5810883,D,S,D,2024-07-23,1000000.00,4.550999,100.953125
08:06:42,912810UB2,TSRYS5810883,D,S,D,2024-07-23,1000000.00,4.550999,100.953125
08:06:42,912810UB2,TSRYS5810883,D,S,D,2024-07-23,1000000.00,4.550999,100.953125
08:06:42,912810UB2,TSRYS5810883,D,S,D,2024-07-23,1000000.00,4.550999,100.953125
08:06:46,912810UB2,TSRYS5810883,D,S,T,2024-07-23,1000000.00,4.552646,100.931640625
08:07:00,912810UB2,TSRYS5810883,D,S,C,2024-07-23,1000000.00,4.552184,100.937675
08:07:00,912810UB2,TSRYS5810883,D,B,C,2024-07-23,1000000.00,4.55222,100.9372
08:07:34,912810UB2,TSRYS5810883,D,S,A,2024-07-23,775000.00,4.552197,100.9375
08:07:49,912810UB2,TSRYS5810883,D,S,D,2024-07-23,1000000.00,4.554294,100.91015625
08:07:49,912810UB2,TSRYS5810883,D,S,D,2024-07-23,1000000.00,4.554294,100.91015625
08:07:49,912810UB2,TSRYS5810883,D,S,D,2024-07-23,1000000.00,4.554294,100.91015625
08:08:29,912810UB2,TSRYS5810883,D,B,C,2024-07-23,1000000.00,4.554617,100.90595
08:08:29,912810UB2,TSRYS5810883,D,S,C,2024-07-23,1000000.00,4.554594,100.90625
08:08:36,912810UB2,TSRYS5810883,D,S,A,2024-07-23,500000.00,4.555462,100.89693125
08:08:38,912810UB2,TSRYS5810883,D,B,C,2024-07-23,1000000.00,4.561489,100.81640625
08:08:38,912810UB2,TSRYS5810883,D,S,D,2024-07-23,1000000.00,4.561489,100.81640625
08:08:41,912810UB2,TSRYS5810883,D,S,C,2024-07-23,4373000.00,4.553695,100.91796875
08:08:44,912810UB2,TSRYS5810883,D,S,D,2024-07-23,1000000.00,4.561039,100.822265625
08:08:44,912810UB2,TSRYS5810883,D,S,C,2024-07-23,1000000.00,4.560589,100.828125
08:08:44,912810UB2,TSRYS5810883,D,S,D,2024-07-23,1000000.00,4.560589,100.828125
08:08:47,912810UB2,TSRYS5810883,D,B,C,2024-07-23,1000000.00,4.554617,100.90595
08:08:47,912810UB2,TSRYS5810883,D,S,C,2024-07-23,1000000.00,4.554578,100.90645
08:08:47,912810UB2,TSRYS5810883,D,B,C,2024-07-23,1000000.00,4.554617,100.90595
08:08:47,912810UB2,TSRYS5810883,D,S,C,2024-07-23,1000000.00,4.554594,100.90625
08:08:47,912810UB2,TSRYS5810883,D,S,D,2024-07-23,1000000.00,4.554594,100.90625
08:08:47,912810UB2,TSRYS5810883,D,B,C,2024-07-23,1000000.00,4.554617,100.90595
08:08:47,912810UB2,TSRYS5810883,D,B,C,2024-07-23,1000000.00,4.554617,100.90595
08:08:47,912810UB2,TSRYS5810883,D,B,C,2024-07-23,1000000.00,4.554617,100.90595
08:08:47,912810UB2,TSRYS5810883,D,S,C,2024-07-23,1000000.00,4.554594,100.90625
08:08:47,912810UB2,TSRYS5810883,D,S,C,2024-07-23,1000000.00,4.554594,100.90625
08:08:47,912810UB2,TSRYS5810883,D,S,D,2024-07-23,1000000.00,4.559389,100.84375
08:08:47,912810UB2,TSRYS5810883,D,S,D,2024-07-23,1000000.00,4.559389,100.84375
08:08:47,912810UB2,TSRYS5810883,D,S,D,2024-07-23,1000000.00,4.559389,100.84375
08:08:48,912810UB2,TSRYS5810883,D,S,C,2024-07-23,1000000.00,4.562539,100.802734375
08:08:48,912810UB2,TSRYS5810883,D,S,C,2024-07-23,1000000.00,4.562539,100.802734375
08:08:53,912810UB2,TSRYS5810883,D,S,D,2024-07-23,500000.00,4.555493,100.89453125
08:08:55,912810UB2,TSRYS5810883,D,S,T,2024-07-23,1000000.00,4.554617,100.90595
08:08:57,912810UB2,TSRYS5810883,D,S,D,2024-07-23,1000000.00,4.554594,100.90625
08:08:57,912810UB2,TSRYS5810883,D,S,D,2024-07-23,1000000.00,4.55759,100.8671875
08:09:02,912810UB2,TSRYS5810883,D,S,D,2024-07-23,1000000.00,4.562989,100.796875
08:09:02,912810UB2,TSRYS5810883,D,S,D,2024-07-23,1000000.00,4.562989,100.796875
08:09:02,912810UB2,TSRYS5810883,D,S,D,2024-07-23,1000000.00,4.562539,100.802734375
08:09:02,912810UB2,TSRYS5810883,D,S,D,2024-07-23,1000000.00,4.562689,100.80078125
08:09:02,912810UB2,TSRYS5810883,D,S,D,2024-07-23,1000000.00,4.562839,100.798828125
08:09:02,912810UB2,TSRYS5810883,D,S,D,2024-07-23,1000000.00,4.562989,100.796875
08:09:02,912810UB2,TSRYS5810883,D,S,D,2024-07-23,1000000.00,4.562989,100.796875
08:09:05,912810UB2,TSRYS5810883,D,S,D,2024-07-23,1000000.00,4.562973,100.797075
08:09:05,912810UB2,TSRYS5810883,D,S,D,2024-07-23,1000000.00,4.562823,100.799028125
08:09:06,912810UB2,TSRYS5810883,D,S,C,2024-07-23,1000000.00,4.566282,100.75400625
08:09:06,912810UB2,TSRYS5810883,D,S,C,2024-07-23,1000000.00,4.566282,100.75400625
08:09:12,912810UB2,TSRYS5810883,D,S,C,2024-07-23,1000000.00,4.570194,100.703125
08:09:13,912810UB2,TSRYS5810883,D,S,C,2024-07-23,1000000.00,4.572891,100.66806875
08:09:17,912810UB2,TSRYS5810883,D,B,C,2024-07-23,1000000.00,4.572147,100.677734375
08:09:17,912810UB2,TSRYS5810883,D,S,D,2024-07-23,1000000.00,4.572147,100.677734375
08:09:17,912810UB2,TSRYS5810883,D,B,C,2024-07-23,1000000.00,4.571997,100.6796875
08:09:17,912810UB2,TSRYS5810883,D,S,D,2024-07-23,1000000.00,4.571997,100.6796875
08:09:20,912810UB2,TSRYS5810883,D,B,C,2024-07-23,1000000.00,4.570194,100.703125
08:09:20,912810UB2,TSRYS5810883,D,S,D,2024-07-23,1000000.00,4.570194,100.703125
08:09:28,912810UB2,TSRYS5810883,D,B,C,2024-07-23,1000000.00,4.562989,100.796875
08:09:28,912810UB2,TSRYS5810883,D,S,D,2024-07-23,1000000.00,4.562981,100.796975
08:09:43,912810UB2,TSRYS5810883,D,S,C,2024-07-23,1000000.00,4.552646,100.931640625
08:09:45,912810UB2,TSRYS5810883,D,S,C,2024-07-23,1000000.00,4.550543,100.959084375
08:09:46,912810UB2,TSRYS5810883,D,S,C,2024-07-23,1000000.00,4.548597,100.984475
08:09:46,912810UB2,TSRYS5810883,D,B,C,2024-07-23,1000000.00,4.548604,100.984375
08:09:46,912810UB2,TSRYS5810883,D,S,C,2024-07-23,1000000.00,4.548597,100.984475
08:09:46,912810UB2,TSRYS5810883,D,B,C,2024-07-23,1000000.00,4.548604,100.984375
08:09:46,912810UB2,TSRYS5810883,D,S,D,2024-07-23,1000000.00,4.548904,100.98046875
08:09:46,912810UB2,TSRYS5810883,D,S,D,2024-07-23,1000000.00,4.548904,100.98046875
08:09:47,912810UB2,TSRYS5810883,D,S,C,2024-07-23,1000000.00,4.548597,100.984475
08:09:47,912810UB2,TSRYS5810883,D,S,D,2024-07-23,1000000.00,4.548904,100.98046875
08:09:47,912810UB2,TSRYS5810883,D,S,C,2024-07-23,1000000.00,4.548597,100.984475
08:09:47,912810UB2,TSRYS5810883,D,S,C,2024-07-23,1000000.00,4.548597,100.984475
08:09:47,912810UB2,TSRYS5810883,D,S,D,2024-07-23,1000000.00,4.548904,100.98046875
08:09:48,912810UB2,TSRYS5810883,D,B,C,2024-07-23,1000000.00,4.547407,101.0
08:09:48,912810UB2,TSRYS5810883,D,S,D,2024-07-23,1000000.00,4.547407,101.0
08:09:48,912810UB2,TSRYS5810883,D,S,D,2024-07-23,1000000.00,4.54651,101.01171875
08:09:48,912810UB2,TSRYS5810883,D,B,C,2024-07-23,1000000.00,4.546659,101.009765625
08:09:48,912810UB2,TSRYS5810883,D,S,D,2024-07-23,1000000.00,4.546659,101.009765625
08:09:50,912810UB2,TSRYS5810883,D,S,D,2024-07-23,1000000.00,4.548904,100.98046875
08:09:51,912810UB2,TSRYS5810883,D,S,D,2024-07-23,1000000.00,4.551149,100.951171875
08:09:51,912810UB2,TSRYS5810883,D,S,D,2024-07-23,1000000.00,4.551149,100.951171875
08:10:02,912810UB2,TSRYS5810883,D,B,C,2024-07-23,1000000.00,4.54621,101.015625
08:10:02,912810UB2,TSRYS5810883,D,S,D,2024-07-23,1000000.00,4.54621,101.015625
08:10:03,912810UB2,TSRYS5810883,D,S,D,2024-07-23,1000000.00,4.545014,101.03125
08:10:03,912810UB2,TSRYS5810883,D,B,C,2024-07-23,1000000.00,4.545014,101.03125
08:10:07,912810UB2,TSRYS5810883,D,S,C,2024-07-23,1000000.00,4.548297,100.98838125
08:10:08,912810UB2,TSRYS5810883,D,S,C,2024-07-23,1000000.00,4.550243,100.962990625
08:10:11,912810UB2,TSRYS5810883,D,B,C,2024-07-23,270000.00,4.554594,100.90625
08:10:11,912810UB2,TSRYS5810883,D,S,A,2024-07-23,270000.00,4.554594,100.90625
08:10:20,912810UB2,TSRYS5810883,D,S,D,2024-07-23,1000000.00,4.546352,101.013771875
08:10:22,912810UB2,TSRYS5810883,D,S,D,2024-07-23,1000000.00,4.547547,100.998171875
08:10:31,912810UB2,TSRYS5810883,D,S,C,2024-07-23,1000000.00,4.552489,100.93369375
08:10:32,912810UB2,TSRYS5810883,D,S,D,2024-07-23,1000000.00,4.554594,100.90625
08:10:35,912810UB2,TSRYS5810883,D,S,C,2024-07-23,1000000.00,4.55085,100.955078125
08:10:36,912810UB2,TSRYS5810883,D,S,C,2024-07-23,1000000.00,4.550393,100.9610375
08:10:37,912810UB2,TSRYS5810883,D,S,D,2024-07-23,1000000.00,4.550401,100.9609375
08:10:37,912810UB2,TSRYS5810883,D,S,D,2024-07-23,1000000.00,4.550401,100.9609375
08:10:37,912810UB2,TSRYS5810883,D,S,C,2024-07-23,1000000.00,4.550401,100.9609375
08:10:37,912810UB2,TSRYS5810883,D,S,C,2024-07-23,2000000.00,4.550401,100.9609375
08:10:37,912810UB2,TSRYS5810883,D,S,C,2024-07-23,1000000.00,4.550543,100.959084375
08:10:37,912810UB2,TSRYS5810883,D,S,C,2024-07-23,1000000.00,4.550401,100.9609375
08:10:37,912810UB2,TSRYS5810883,D,S,D,2024-07-23,1000000.00,4.550401,100.9609375
08:10:37,912810UB2,TSRYS5810883,D,S,C,2024-07-23,1000000.00,4.550401,100.9609375
08:10:37,912810UB2,TSRYS5810883,D,S,C,2024-07-23,1000000.00,4.550401,100.9609375
08:10:37,912810UB2,TSRYS5810883,D,S,D,2024-07-23,1000000.00,4.550401,100.9609375
08:10:38,912810UB2,TSRYS5810883,D,S,C,2024-07-23,1000000.00,4.548297,100.98838125
08:10:38,912810UB2,TSRYS5810883,D,S,C,2024-07-23,1000000.00,4.548447,100.986428125
08:10:39,912810UB2,TSRYS5810883,D,S,D,2024-07-23,2000000.00,4.547407,101.0
08:10:39,912810UB2,TSRYS5810883,D,S,C,2024-07-23,2000000.00,4.547407,101.0
08:10:39,912810UB2,TSRYS5810883,D,S,C,2024-07-23,5000000.00,4.547407,101.0
08:10:39,912810UB2,TSRYS5810883,D,S,C,2024-07-23,1000000.00,4.547849,100.994240625
08:10:39,912810UB2,TSRYS5810883,D,S,C,2024-07-23,1000000.00,4.549944,100.966896875
08:10:45,912810UB2,TSRYS5810883,D,S,D,2024-07-23,1000000.00,4.549802,100.96875
08:10:45,912810UB2,TSRYS5810883,D,S,D,2024-07-23,2000000.00,4.549802,100.96875
08:10:45,912810UB2,TSRYS5810883,D,S,C,2024-07-23,1000000.00,4.549944,100.966896875
08:10:45,912810UB2,TSRYS5810883,D,S,C,2024-07-23,3000000.00,4.548604,100.984375
08:10:45,912810UB2,TSRYS5810883,D,S,D,2024-07-23,1000000.00,4.548604,100.984375
08:10:45,912810UB2,TSRYS5810883,D,S,C,2024-07-23,1000000.00,4.548597,100.984475
08:10:46,912810UB2,TSRYS5810883,D,S,C,2024-07-23,1000000.00,4.550243,100.962990625
08:10:48,912810UB2,TSRYS5810883,D,S,C,2024-07-23,1000000.00,4.552639,100.931740625
08:11:40,912810UB2,TSRYS5810883,D,S,D,2024-07-23,1000000.00,4.555343,100.896484375
08:11:42,912810UB2,TSRYS5810883,D,S,C,2024-07-23,1000000.00,4.555485,100.89463125
08:11:42,912810UB2,TSRYS5810883,D,B,C,2024-07-23,1000000.00,4.555493,100.89453125
08:11:45,912810UB2,TSRYS5810883,D,S,T,2024-07-23,1000000.00,4.555792,100.890625
08:11:46,912810UB2,TSRYS5810883,D,S,T,2024-07-23,1000000.00,4.555792,100.890625
08:11:46,912810UB2,TSRYS5810883,D,S,T,2024-07-23,1000000.00,4.555792,100.890625
08:11:46,912810UB2,TSRYS5810883,D,S,T,2024-07-23,1000000.00,4.555792,100.890625
08:11:46,912810UB2,TSRYS5810883,D,S,T,2024-07-23,1000000.00,4.555792,100.890625
08:11:46,912810UB2,TSRYS5810883,D,S,T,2024-07-23,1000000.00,4.555792,100.890625
08:11:47,912810UB2,TSRYS5810883,D,S,T,2024-07-23,1000000.00,4.555792,100.890625
08:11:47,912810UB2,TSRYS5810883,D,S,T,2024-07-23,1000000.00,4.555792,100.890625
08:12:08,912810UB2,TSRYS5810883,D,S,T,2024-07-23,12100000.00,4.528287,101.25
08:12:10,912810UB2,TSRYS5810883,D,S,T,2024-07-23,8100000.00,4.528287,101.25
08:12:11,912810UB2,TSRYS5810883,D,S,T,2024-07-23,1000000.00,4.555343,100.89648437
08:12:11,912810UB2,TSRYS5810883,D,S,D,2024-07-23,1000000.00,4.555343,100.89648437
08:12:14,912810UB2,TSRYS5810883,D,S,C,2024-07-23,1000000.00,4.555777,100.890825
08:12:34,912810UB2,TSRYS5810883,D,S,D,2024-07-23,1000000.00,4.555792,100.890625
08:12:34,912810UB2,TSRYS5810883,D,S,C,2024-07-23,1000000.00,4.555779,100.8908
08:12:34,912810UB2,TSRYS5810883,D,S,C,2024-07-23,1000000.00,4.555779,100.8908
08:12:34,912810UB2,TSRYS5810883,D,S,D,2024-07-23,1000000.00,4.555792,100.890625
08:12:34,912810UB2,TSRYS5810883,D,S,C,2024-07-23,1000000.00,4.555777,100.890825
08:12:34,912810UB2,TSRYS5810883,D,S,C,2024-07-23,1000000.00,4.555779,100.8908
08:12:34,912810UB2,TSRYS5810883,D,S,C,2024-07-23,1000000.00,4.555777,100.890825
08:13:18,912810UB2,TSRYS5810883,D,B,C,2024-07-23,1000000.00,4.555792,100.890625
08:13:18,912810UB2,TSRYS5810883,D,S,D,2024-07-23,1000000.00,4.555792,100.890625
08:13:19,912810UB2,TSRYS5810883,D,S,T,2024-07-23,1000000.00,4.555815,100.890325
08:13:44,912810UB2,TSRYS5810883,D,B,C,2024-07-23,1000000.00,4.557014,100.8747
08:13:44,912810UB2,TSRYS5810883,D,B,C,2024-07-23,1000000.00,4.555792,100.890625
08:13:44,912810UB2,TSRYS5810883,D,S,D,2024-07-23,1000000.00,4.556991,100.875
08:13:44,912810UB2,TSRYS5810883,D,S,D,2024-07-23,1000000.00,4.555792,100.890625
08:14:01,912810UB2,TSRYS5810883,D,S,C,2024-07-23,1000000.00,4.555792,100.890625
08:14:56,912810UB2,TSRYS5810883,D,S,T,2024-07-23,1000000.00,4.554743,100.904296875
08:14:56,912810UB2,TSRYS5810883,D,S,T,2024-07-23,1000000.00,4.554743,100.904296875
08:14:56,912810UB2,TSRYS5810883,D,S,T,2024-07-23,1000000.00,4.554893,100.90234375
08:14:58,912810UB2,TSRYS5810883,D,S,D,2024-07-23,1000000.00,4.554893,100.90234375
08:14:59,912810UB2,TSRYS5810883,D,S,D,2024-07-23,1000000.00,4.554743,100.904296875
08:14:59,912810UB2,TSRYS5810883,D,S,D,2024-07-23,1000000.00,4.554743,100.904296875
08:15:00,912810UB2,TSRYS5810883,D,S,T,2024-07-23,1000000.00,4.554617,100.90595
08:15:01,912810UB2,TSRYS5810883,D,S,D,2024-07-23,400000.00,4.553994,100.9140625
08:15:01,912810UB2,TSRYS5810883,D,B,C,2024-07-23,400000.00,4.554071,100.9130625
08:15:13,912810UB2,TSRYS5810883,D,S,D,2024-07-23,1000000.00,4.553395,100.921875
08:15:14,912810UB2,TSRYS5810883,D,S,D,2024-07-23,1000000.00,4.553395,100.921875
08:15:29,912810UB2,TSRYS5810883,D,S,C,2024-07-23,1000000.00,4.554594,100.90625
08:16:17,912810UB2,TSRYS5810883,D,B,C,2024-07-23,1000000.00,4.554617,100.90595
08:16:17,912810UB2,TSRYS5810883,D,S,D,2024-07-23,1000000.00,4.554586,100.906352
08:16:19,912810UB2,TSRYS5810883,D,B,C,2024-07-23,6000000.00,4.547492,100.9989
08:16:19,912810UB2,TSRYS5810883,D,B,C,2024-07-23,2000000.00,4.547492,100.9989
08:16:19,912810UB2,TSRYS5810883,D,B,C,2024-07-23,6750000.00,4.547492,100.9989
08:16:19,912810UB2,TSRYS5810883,D,B,C,2024-07-23,2250000.00,4.547492,100.9989
08:17:17,912810UB2,TSRYS5810883,D,B,C,2024-07-23,1000000.00,4.554617,100.90595
08:17:17,912810UB2,TSRYS5810883,D,S,D,2024-07-23,1000000.00,4.554586,100.906352
08:17:29,912810UB2,TSRYS5810883,D,S,T,2024-07-23,1000000.00,4.552197,100.9375
08:17:32,912810UB2,TSRYS5810883,D,S,D,2024-07-23,1000000.00,4.554586,100.906352
08:17:32,912810UB2,TSRYS5810883,D,B,C,2024-07-23,1000000.00,4.554617,100.90595
08:18:01,912810UB2,TSRYS5810883,D,B,C,2024-07-23,1000000.00,4.55222,100.9372
08:18:01,912810UB2,TSRYS5810883,D,S,D,2024-07-23,1000000.00,4.552189,100.937602
08:18:01,912810UB2,TSRYS5810883,D,B,C,2024-07-23,1000000.00,4.55222,100.9372
08:18:01,912810UB2,TSRYS5810883,D,S,D,2024-07-23,1000000.00,4.552189,100.937602
08:18:01,912810UB2,TSRYS5810883,D,S,D,2024-07-23,1000000.00,4.552189,100.937602
08:18:31,912810UB2,TSRYS5810883,D,B,C,2024-07-23,1000000.00,4.553395,100.921875
08:18:31,912810UB2,TSRYS5810883,D,S,D,2024-07-23,1000000.00,4.553395,100.921875
08:19:42,912810UB2,TSRYS5810883,D,S,A,2024-07-23,1790000.00,4.556092,100.88671875
08:19:53,912810UB2,TSRYS5810883,D,S,T,2024-07-23,1000000.00,4.555942,100.888671875
08:19:54,912810UB2,TSRYS5810883,D,B,C,2024-07-23,1000000.00,4.556107,100.88651875
08:19:54,912810UB2,TSRYS5810883,D,S,D,2024-07-23,1000000.00,4.556084,100.88681875
08:19:54,912810UB2,TSRYS5810883,D,S,D,2024-07-23,1000000.00,4.555934,100.888771875
08:19:56,912810UB2,TSRYS5810883,D,S,T,2024-07-23,1000000.00,4.555815,100.890325
08:20:27,912810UB2,TSRYS5810883,D,S,A,2024-07-23,23000.00,4.556092,100.90845788043
08:20:31,912810UB2,TSRYS5810883,D,S,C,2024-07-23,1000000.00,4.556991,100.875
08:20:31,912810UB2,TSRYS5810883,D,B,C,2024-07-23,1000000.00,4.557003,100.87485
08:20:31,912810UB2,TSRYS5810883,D,B,C,2024-07-23,1000000.00,4.557003,100.87485
08:20:31,912810UB2,TSRYS5810883,D,S,C,2024-07-23,1000000.00,4.556978,100.875175
08:20:33,912810UB2,TSRYS5810883,D,S,C,2024-07-23,1000000.00,4.55819,100.85955
08:20:33,912810UB2,TSRYS5810883,D,B,C,2024-07-23,1000000.00,4.55819,100.859375
08:20:39,912810UB2,TSRYS5810883,D,B,C,2024-07-23,1000000.00,4.55849,100.85546875
08:20:39,912810UB2,TSRYS5810883,D,S,D,2024-07-23,1000000.00,4.55849,100.85546875
08:20:39,912810UB2,TSRYS5810883,D,S,A,2024-07-23,1000000.00,4.55879,100.8515625
08:20:48,912810UB2,TSRYS5810883,D,S,C,2024-07-23,1000000.00,4.555792,100.890625
08:21:41,912810UB2,TSRYS5810883,D,S,D,2024-07-23,515000.00,4.555792,100.890625
08:21:41,912810UB2,TSRYS5810883,D,S,D,2024-07-23,515000.00,4.555733,100.891401699
08:21:46,912810UB2,TSRYS5810883,D,S,D,2024-07-23,1000000.00,4.55759,100.8671875
08:21:46,912810UB2,TSRYS5810883,D,S,D,2024-07-23,1000000.00,4.55759,100.8671875
08:21:46,912810UB2,TSRYS5810883,D,S,D,2024-07-23,1000000.00,4.55759,100.8671875
08:22:02,912810UB2,TSRYS5810883,D,S,C,2024-07-23,1000000.00,4.55819,100.85955
08:22:02,912810UB2,TSRYS5810883,D,B,C,2024-07-23,1000000.00,4.55819,100.859375
08:22:08,912810UB2,TSRYS5810883,D,S,D,2024-07-23,1500000.00,4.55849,100.85546875
08:22:14,912810UB2,TSRYS5810883,D,S,C,2024-07-23,99000.00,4.556999,100.8749
08:22:20,912810UB2,TSRYS5810883,D,S,T,2024-07-23,1000000.00,4.560589,100.828125
08:22:20,912810UB2,TSRYS5810883,D,S,T,2024-07-23,1000000.00,4.560439,100.830078125
08:22:20,912810UB2,TSRYS5810883,D,S,T,2024-07-23,1000000.00,4.560589,100.828125
08:22:20,912810UB2,TSRYS5810883,D,S,T,2024-07-23,1000000.00,4.560589,100.828125
08:22:20,912810UB2,TSRYS5810883,D,S,C,2024-07-23,1000000.00,4.560431,100.830178125
08:22:22,912810UB2,TSRYS5810883,D,S,D,2024-07-23,1500000.00,4.55849,100.85546875
08:22:25,912810UB2,TSRYS5810883,D,S,C,2024-07-23,1000000.00,4.560589,100.8283
08:22:47,912810UB2,TSRYS5810883,D,S,T,2024-07-23,1000000.00,4.559412,100.84345
08:22:48,912810UB2,TSRYS5810883,D,S,D,2024-07-23,1000000.00,4.556991,100.875
08:22:48,912810UB2,TSRYS5810883,D,B,C,2024-07-23,1000000.00,4.556991,100.875
08:22:48,912810UB2,TSRYS5810883,D,B,C,2024-07-23,1000000.00,4.558202,100.859225
08:22:48,912810UB2,TSRYS5810883,D,S,C,2024-07-23,1000000.00,4.558177,100.85955
08:22:48,912810UB2,TSRYS5810883,D,S,D,2024-07-23,1000000.00,4.559689,100.83984375
08:23:04,912810UB2,TSRYS5810883,D,S,D,2024-07-23,23000.00,4.556092,100.88671875
08:23:06,912810UB2,TSRYS5810883,D,S,C,2024-07-23,1000000.00,4.560575,100.8283
08:23:06,912810UB2,TSRYS5810883,D,S,C,2024-07-23,1000000.00,4.560575,100.8283
08:23:21,912810UB2,TSRYS5810883,D,B,C,2024-07-23,1000000.00,4.559412,100.84345
08:23:21,912810UB2,TSRYS5810883,D,S,C,2024-07-23,1000000.00,4.559389,100.84375
08:23:22,912810UB2,TSRYS5810883,D,S,D,2024-07-23,1000000.00,4.562089,100.80859375
08:23:22,912810UB2,TSRYS5810883,D,S,T,2024-07-23,1000000.00,4.561789,100.8125
08:23:22,912810UB2,TSRYS5810883,D,S,T,2024-07-23,1000000.00,4.561789,100.8125
08:23:22,912810UB2,TSRYS5810883,D,S,T,2024-07-23,1000000.00,4.561789,100.8125
08:23:22,912810UB2,TSRYS5810883,D,S,C,2024-07-23,1000000.00,4.561781,100.8126
08:23:23,912810UB2,TSRYS5810883,D,S,T,2024-07-23,1000000.00,4.561939,100.810546875
08:23:24,912810UB2,TSRYS5810883,D,S,C,2024-07-23,1000000.00,4.561939,100.810546875
08:23:26,912810UB2,TSRYS5810883,D,S,D,2024-07-23,1000000.00,4.562989,100.796875
08:23:27,912810UB2,TSRYS5810883,D,S,T,2024-07-23,1000000.00,4.562998,100.79675
08:23:28,912810UB2,TSRYS5810883,D,S,T,2024-07-23,1000000.00,4.563006,100.796648
08:23:35,912810UB2,TSRYS5810883,D,S,D,2024-07-23,1000000.00,4.559389,100.84375
08:23:40,912810UB2,TSRYS5810883,D,S,D,2024-07-23,1000000.00,4.563289,100.79296875
08:23:40,912810UB2,TSRYS5810883,D,B,C,2024-07-23,1000000.00,4.563289,100.79296875
08:23:40,912810UB2,TSRYS5810883,D,S,D,2024-07-23,1000000.00,4.563289,100.79296875
08:23:40,912810UB2,TSRYS5810883,D,B,C,2024-07-23,1000000.00,4.563289,100.79296875
08:23:40,912810UB2,TSRYS5810883,D,B,C,2024-07-23,1000000.00,4.563289,100.79296875
08:23:40,912810UB2,TSRYS5810883,D,S,D,2024-07-23,1000000.00,4.563289,100.79296875
08:23:40,912810UB2,TSRYS5810883,D,S,D,2024-07-23,1000000.00,4.563289,100.79296875
08:23:40,912810UB2,TSRYS5810883,D,B,C,2024-07-23,1000000.00,4.563289,100.79296875
08:23:40,912810UB2,TSRYS5810883,D,S,D,2024-07-23,1000000.00,4.563289,100.79296875
08:23:40,912810UB2,TSRYS5810883,D,B,C,2024-07-23,1000000.00,4.563289,100.79296875
08:23:40,912810UB2,TSRYS5810883,D,S,D,2024-07-23,1000000.00,4.563289,100.79296875
08:23:40,912810UB2,TSRYS5810883,D,B,C,2024-07-23,1000000.00,4.563289,100.79296875
08:23:40,912810UB2,TSRYS5810883,D,S,D,2024-07-23,1000000.00,4.563289,100.79296875
08:24:20,912810UB2,TSRYS5810883,D,B,C,2024-07-23,1000000.00,4.560289,100.83203125
08:24:20,912810UB2,TSRYS5810883,D,S,C,2024-07-23,1000000.00,4.560277,100.83218125
08:24:22,912810UB2,TSRYS5810883,D,S,C,2024-07-23,1000000.00,4.561789,100.8125
08:24:23,912810UB2,TSRYS5810883,D,S,C,2024-07-23,1000000.00,4.561775,100.812675
08:24:23,912810UB2,TSRYS5810883,D,S,D,2024-07-23,1000000.00,4.562989,100.796875
08:24:28,912810UB2,TSRYS5810883,D,S,D,2024-07-23,1000000.00,4.560739,100.826171875
08:24:28,912810UB2,TSRYS5810883,D,S,D,2024-07-23,1000000.00,4.560739,100.826171875
08:24:43,912810UB2,TSRYS5810883,D,S,D,2024-07-23,1000000.00,4.561489,100.81640625
08:24:44,912810UB2,TSRYS5810883,D,S,T,2024-07-23,1000000.00,4.560739,100.82617187
