tradeTime,cusip,issueSymbolIdentifier,priceType,reportingSideCode,contraPartyTypeCode,tradeDate,reportedTradeVolume,lastSaleYield,lastSalePrice
13:33:11,912810UB2,TSRYS5810883,D,S,D,2024-06-21,2480000.00,4.510835,101.484375
13:33:16,912810UB2,TSRYS5810883,D,S,D,2024-06-21,10000.00,4.510835,101.484375
13:33:16,912810UB2,TSRYS5810883,D,S,D,2024-06-21,100000.00,4.510835,101.484375
13:33:16,912810UB2,TSRYS5810883,D,S,D,2024-06-21,135000.00,4.510835,101.484375
13:33:16,912810UB2,TSRYS5810883,D,S,D,2024-06-21,340000.00,4.510835,101.484375
13:33:16,912810UB2,TSRYS5810883,D,S,D,2024-06-21,585000.00,4.510835,101.484375
13:33:16,912810UB2,TSRYS5810883,D,S,D,2024-06-21,790000.00,4.510835,101.484375
13:33:16,912810UB2,TSRYS5810883,D,S,D,2024-06-21,1080000.00,4.510835,101.484375
13:33:16,912810UB2,TSRYS5810883,D,S,D,2024-06-21,325000.00,4.510835,101.484375
13:33:17,912810UB2,TSRYS5810883,D,S,D,2024-06-21,15000.00,4.510835,101.484375
13:33:17,912810UB2,TSRYS5810883,D,S,D,2024-06-21,135000.00,4.510835,101.484375
13:33:17,912810UB2,TSRYS5810883,D,S,D,2024-06-21,4130000.00,4.510835,101.484375
13:33:18,912810UB2,TSRYS5810883,D,S,D,2024-06-21,160000.00,4.510835,101.484375
13:33:18,912810UB2,TSRYS5810883,D,S,D,2024-06-21,815000.00,4.510835,101.484375
13:33:19,912810UB2,TSRYS5810883,D,S,D,2024-06-21,140000.00,4.510835,101.484375
13:33:28,912810UB2,TSRYS5810883,D,S,D,2024-06-21,25000.00,4.510835,101.484375
13:35:54,912810UB2,TSRYS5810883,D,S,T,2024-06-21,1000000.00,4.509649,101.5
13:35:55,912810UB2,TSRYS5810883,D,S,T,2024-06-21,1000000.00,4.509649,101.5
13:36:28,912810UB2,TSRYS5810883,D,S,D,2024-06-21,1000000.00,4.509649,101.5
13:36:28,912810UB2,TSRYS5810883,D,B,C,2024-06-21,1000000.00,4.509649,101.5
13:36:40,912810UB2,TSRYS5810883,D,S,D,2024-06-21,1000000.00,4.509649,101.5
13:36:43,912810UB2,TSRYS5810883,D,S,C,2024-06-21,1000000.00,4.509649,101.5
13:36:43,912810UB2,TSRYS5810883,D,S,C,2024-06-21,1000000.00,4.509649,101.5
13:37:29,912810UB2,TSRYS5810883,D,S,T,2024-06-21,1000000.00,4.509649,101.5
13:37:46,912810UB2,TSRYS5810883,D,S,D,2024-06-21,100000.00,4.508463,101.515625
13:37:46,912810UB2,TSRYS5810883,D,B,C,2024-06-21,1000000.00,4.508463,101.515625
13:37:46,912810UB2,TSRYS5810883,D,S,C,2024-06-21,1000000.00,4.508463,101.515625
13:37:56,912810UB2,TSRYS5810883,D,S,T,2024-06-21,1000000.00,4.506981,101.53515625
13:37:56,912810UB2,TSRYS5810883,D,S,D,2024-06-21,1000000.00,4.506981,101.53515625
13:37:56,912810UB2,TSRYS5810883,D,S,D,2024-06-21,1000000.00,4.506832,101.537109375
13:37:56,912810UB2,TSRYS5810883,D,S,T,2024-06-21,1000000.00,4.506832,101.537109375
13:37:56,912810UB2,TSRYS5810883,D,S,D,2024-06-21,1000000.00,4.506684,101.5390625
13:37:56,912810UB2,TSRYS5810883,D,S,D,2024-06-21,1000000.00,4.506684,101.5390625
13:37:56,912810UB2,TSRYS5810883,D,B,C,2024-06-21,1000000.00,4.506684,101.5390625
13:38:01,912810UB2,TSRYS5810883,D,B,C,2024-06-21,1000000.00,4.509649,101.5
13:38:01,912810UB2,TSRYS5810883,D,S,C,2024-06-21,1000000.00,4.509649,101.5
13:38:01,912810UB2,TSRYS5810883,D,S,D,2024-06-21,1000000.00,4.506981,101.53515625
13:38:01,912810UB2,TSRYS5810883,D,S,D,2024-06-21,1000000.00,4.506832,101.537109375
13:38:01,912810UB2,TSRYS5810883,D,B,C,2024-06-21,1000000.00,4.506832,101.537109375
13:38:01,912810UB2,TSRYS5810883,D,S,D,2024-06-21,1000000.00,4.506832,101.537109375
13:38:43,912810UB2,TSRYS5810883,D,B,C,2024-06-21,1000000.00,4.506684,101.5390625
13:38:43,912810UB2,TSRYS5810883,D,S,D,2024-06-21,1000000.00,4.506684,101.5390625
13:38:47,912810UB2,TSRYS5810883,D,B,C,2024-06-21,1000000.00,4.507129,101.53320312
13:38:50,912810UB2,TSRYS5810883,D,B,C,2024-06-21,1000000.00,4.506981,101.53515625
13:38:52,912810UB2,TSRYS5810883,D,S,D,2024-06-21,1000000.00,4.506684,101.5390625
13:38:53,912810UB2,TSRYS5810883,D,S,T,2024-06-21,1000000.00,4.506684,101.5390625
13:39:00,912810UB2,TSRYS5810883,D,B,C,2024-06-21,1000000.00,4.506832,101.53710937
13:39:00,912810UB2,TSRYS5810883,D,B,C,2024-06-21,1000000.00,4.506832,101.53710937
13:39:10,912810UB2,TSRYS5810883,D,B,C,2024-06-21,1000000.00,4.506684,101.5390625
13:39:18,912810UB2,TSRYS5810883,D,S,T,2024-06-21,1000000.00,4.506536,101.541015625
13:39:19,912810UB2,TSRYS5810883,D,S,D,2024-06-21,1000000.00,4.506536,101.541015625
13:41:43,912810UB2,TSRYS5810883,D,S,D,2024-06-21,250000.00,4.507277,101.53125
13:42:27,912810UB2,TSRYS5810883,D,S,C,2024-06-21,10950000.00,4.504906,101.5625
13:43:13,912810UB2,TSRYS5810883,D,S,D,2024-06-21,750000.00,4.508759,101.51171875
13:43:24,912810UB2,TSRYS5810883,D,S,D,2024-06-21,180000.00,4.508928,101.509496528
13:43:46,912810UB2,TSRYS5810883,D,S,D,2024-06-21,180000.00,4.508463,101.515625
13:43:56,912810UB2,TSRYS5810883,D,S,D,2024-06-21,2246000.00,4.506158,101.546
13:44:01,912810UB2,TSRYS5810883,D,B,C,2024-06-21,10950000.00,4.504906,101.5625
13:44:04,912810UB2,TSRYS5810883,D,S,D,2024-06-21,180000.00,4.508197,101.51913125
13:44:20,912810UB2,TSRYS5810883,D,S,D,2024-06-21,1800000.00,4.50787,101.5234375
13:44:23,912810UB2,TSRYS5810883,D,S,D,2024-06-21,1800000.00,4.50787,101.523437
13:44:42,912810UB2,TSRYS5810883,D,S,C,2024-06-21,2246000.00,4.381611,103.205
13:44:43,912810UB2,TSRYS5810883,D,S,T,2024-06-21,4000000.00,4.507722,101.525390625
13:44:43,912810UB2,TSRYS5810883,D,S,D,2024-06-21,4000000.00,4.507707,101.525590625
13:44:57,912810UB2,TSRYS5810883,D,S,C,2024-06-21,5000.00,4.507194,101.532347
13:45:25,912810UB2,TSRYS5810883,D,S,D,2024-06-21,570000.00,4.508813,101.511016996
13:45:43,912810UB2,TSRYS5810883,D,S,D,2024-06-21,2246000.00,4.506981,101.53515625
13:45:45,912810UB2,TSRYS5810883,D,S,D,2024-06-21,1000000.00,4.507277,101.53125
13:45:46,912810UB2,TSRYS5810883,D,B,C,2024-06-21,1000000.00,4.507292,101.53105
13:47:12,912810UB2,TSRYS5810883,D,S,C,2024-06-21,4000000.00,4.475347,101.953125
13:48:24,912810UB2,TSRYS5810883,D,S,C,2024-06-21,25000.00,4.506008,101.547972
13:50:16,912810UB2,TSRYS5810883,D,S,C,2024-06-21,1000000.00,4.506981,101.53515625
13:50:16,912810UB2,TSRYS5810883,D,B,C,2024-06-21,1000000.00,4.506981,101.53515625
13:50:22,912810UB2,TSRYS5810883,D,S,D,2024-06-21,4950000.00,4.52866,101.25
13:50:22,912810UB2,TSRYS5810883,D,S,D,2024-06-21,4950000.00,4.52866,101.25
13:50:22,912810UB2,TSRYS5810883,D,S,D,2024-06-21,4950000.00,4.52866,101.25
13:50:22,912810UB2,TSRYS5810883,D,S,D,2024-06-21,5000000.00,4.52866,101.25
13:50:23,912810UB2,TSRYS5810883,D,S,C,2024-06-21,50MM+,4.506091,101.546875
13:50:44,912810UB2,TSRYS5810883,D,S,D,2024-06-21,4500000.00,4.52866,101.25
13:51:15,912810UB2,TSRYS5810883,D,S,D,2024-06-21,1000000.00,4.507277,101.53125
13:51:15,912810UB2,TSRYS5810883,D,B,C,2024-06-21,1000000.00,4.507277,101.53125
13:51:15,912810UB2,TSRYS5810883,D,B,C,2024-06-21,1000000.00,4.507277,101.53125
13:51:15,912810UB2,TSRYS5810883,D,S,D,2024-06-21,1000000.00,4.507277,101.53125
13:51:17,912810UB2,TSRYS5810883,D,S,T,2024-06-21,18050000.00,4.52866,101.25
13:51:17,912810UB2,TSRYS5810883,D,B,A,2024-06-21,18050000.00,4.52866,101.25
13:51:18,912810UB2,TSRYS5810883,D,S,D,2024-06-21,18050000.00,4.52866,101.25
13:51:21,912810UB2,TSRYS5810883,D,B,C,2024-06-21,1000000.00,4.50624,101.544921875
13:51:21,912810UB2,TSRYS5810883,D,S,D,2024-06-21,1000000.00,4.50624,101.544921875
13:51:21,912810UB2,TSRYS5810883,D,B,C,2024-06-21,1000000.00,4.505951,101.548728125
13:51:21,912810UB2,TSRYS5810883,D,S,C,2024-06-21,1000000.00,4.505943,101.548828125
13:51:21,912810UB2,TSRYS5810883,D,B,C,2024-06-21,1000000.00,4.505647,101.552734375
13:51:22,912810UB2,TSRYS5810883,D,S,C,2024-06-21,1000000.00,4.505647,101.552734375
13:51:23,912810UB2,TSRYS5810883,D,S,T,2024-06-21,1000000.00,4.506091,101.546875
13:51:24,912810UB2,TSRYS5810883,D,S,C,2024-06-21,1000000.00,4.506091,101.546875
13:51:24,912810UB2,TSRYS5810883,D,S,C,2024-06-21,1000000.00,4.506684,101.5390625
13:51:25,912810UB2,TSRYS5810883,D,B,C,2024-06-21,1000000.00,4.506091,101.546875
13:51:25,912810UB2,TSRYS5810883,D,S,D,2024-06-21,1000000.00,4.506091,101.546875
13:51:26,912810UB2,TSRYS5810883,D,S,D,2024-06-21,1000000.00,4.506091,101.546875
13:51:27,912810UB2,TSRYS5810883,D,B,C,2024-06-21,1000000.00,4.506091,101.546875
13:51:28,912810UB2,TSRYS5810883,D,S,D,2024-06-21,1000000.00,4.506091,101.546875
13:51:28,912810UB2,TSRYS5810883,D,S,T,2024-06-21,1000000.00,4.506091,101.546875
13:51:28,912810UB2,TSRYS5810883,D,S,T,2024-06-21,1000000.00,4.506091,101.546875
13:51:28,912810UB2,TSRYS5810883,D,S,T,2024-06-21,1000000.00,4.506091,101.546875
13:51:28,912810UB2,TSRYS5810883,D,S,T,2024-06-21,1000000.00,4.506536,101.541015625
13:51:29,912810UB2,TSRYS5810883,D,S,C,2024-06-21,1000000.00,4.506536,101.541015625
13:51:33,912810UB2,TSRYS5810883,D,S,T,2024-06-21,1000000.00,4.506091,101.546875
13:51:33,912810UB2,TSRYS5810883,D,S,D,2024-06-21,1000000.00,4.506388,101.54296875
13:51:33,912810UB2,TSRYS5810883,D,S,T,2024-06-21,1000000.00,4.506536,101.541015625
13:51:33,912810UB2,TSRYS5810883,D,S,T,2024-06-21,1000000.00,4.506091,101.546875
13:51:33,912810UB2,TSRYS5810883,D,S,C,2024-06-21,1000000.00,4.506536,101.541015625
13:51:34,912810UB2,TSRYS5810883,D,S,T,2024-06-21,1000000.00,4.506099,101.546775
13:51:34,912810UB2,TSRYS5810883,D,S,T,2024-06-21,1000000.00,4.506692,101.5389625
13:51:34,912810UB2,TSRYS5810883,D,S,T,2024-06-21,1000000.00,4.506108,101.54665
13:51:38,912810UB2,TSRYS5810883,D,S,T,2024-06-21,1000000.00,4.506388,101.54296875
13:51:47,912810UB2,TSRYS5810883,D,B,C,2024-06-21,1000000.00,4.506091,101.546875
13:51:47,912810UB2,TSRYS5810883,D,S,D,2024-06-21,1000000.00,4.506091,101.546875
13:52:04,912810UB2,TSRYS5810883,D,B,C,2024-06-21,1000000.00,4.506091,101.546875
13:52:04,912810UB2,TSRYS5810883,D,S,D,2024-06-21,1000000.00,4.506091,101.546875
13:52:07,912810UB2,TSRYS5810883,D,B,C,2024-06-21,4950000.00,4.52866,101.25
13:52:07,912810UB2,TSRYS5810883,D,B,C,2024-06-21,5000000.00,4.52866,101.25
13:52:07,912810UB2,TSRYS5810883,D,B,C,2024-06-21,4950000.00,4.52866,101.25
13:52:13,912810UB2,TSRYS5810883,D,S,T,2024-06-21,4500000.00,4.52866,101.25
13:52:13,912810UB2,TSRYS5810883,D,B,A,2024-06-21,4500000.00,4.52866,101.25
13:52:15,912810UB2,TSRYS5810883,D,B,C,2024-06-21,4950000.00,4.52866,101.25
13:52:16,912810UB2,TSRYS5810883,D,S,D,2024-06-21,4000000.00,4.506091,101.546875
13:52:16,912810UB2,TSRYS5810883,D,S,D,2024-06-21,1000000.00,4.506091,101.546875
13:52:16,912810UB2,TSRYS5810883,D,B,C,2024-06-21,4000000.00,4.506103,101.546725
13:52:16,912810UB2,TSRYS5810883,D,B,C,2024-06-21,1000000.00,4.506106,101.546675
13:52:16,912810UB2,TSRYS5810883,D,B,C,2024-06-21,1000000.00,4.506091,101.546875
13:52:16,912810UB2,TSRYS5810883,D,S,D,2024-06-21,1000000.00,4.506091,101.546875
13:52:16,912810UB2,TSRYS5810883,D,B,C,2024-06-21,1000000.00,4.506091,101.546875
13:52:16,912810UB2,TSRYS5810883,D,S,D,2024-06-21,1000000.00,4.506091,101.546875
13:52:16,912810UB2,TSRYS5810883,D,B,C,2024-06-21,1000000.00,4.506091,101.546875
13:52:16,912810UB2,TSRYS5810883,D,S,D,2024-06-21,1000000.00,4.506091,101.546875
13:52:24,912810UB2,TSRYS5810883,D,B,C,2024-06-21,220000.00,4.505795,101.55078125
13:52:31,912810UB2,TSRYS5810883,D,S,D,2024-06-21,1000000.00,4.506091,101.546875
13:52:31,912810UB2,TSRYS5810883,D,S,D,2024-06-21,1000000.00,4.506091,101.546875
13:52:31,912810UB2,TSRYS5810883,D,S,D,2024-06-21,1000000.00,4.506091,101.546875
13:52:31,912810UB2,TSRYS5810883,D,S,D,2024-06-21,1000000.00,4.506091,101.546875
13:52:31,912810UB2,TSRYS5810883,D,B,C,2024-06-21,1000000.00,4.506106,101.546675
13:52:31,912810UB2,TSRYS5810883,D,S,D,2024-06-21,1000000.00,4.506091,101.546875
13:52:31,912810UB2,TSRYS5810883,D,S,D,2024-06-21,1000000.00,4.506091,101.546875
13:52:33,912810UB2,TSRYS5810883,D,S,T,2024-06-21,1000000.00,4.504906,101.5625
13:52:48,912810UB2,TSRYS5810883,D,B,C,2024-06-21,1000000.00,4.506105,101.5467
13:52:48,912810UB2,TSRYS5810883,D,B,C,2024-06-21,1000000.00,4.506091,101.546875
13:52:48,912810UB2,TSRYS5810883,D,B,C,2024-06-21,1000000.00,4.506103,101.546725
13:52:48,912810UB2,TSRYS5810883,D,S,D,2024-06-21,1000000.00,4.506091,101.546875
13:52:51,912810UB2,TSRYS5810883,D,S,D,2024-06-21,49650000.00,4.52866,101.25
13:53:01,912810UB2,TSRYS5810883,D,S,C,2024-06-21,1000000.00,4.504906,101.5625
13:53:01,912810UB2,TSRYS5810883,D,S,C,2024-06-21,2000000.00,4.505054,101.560546875
13:53:03,912810UB2,TSRYS5810883,D,S,T,2024-06-21,1000000.00,4.504906,101.5625
13:53:03,912810UB2,TSRYS5810883,D,S,T,2024-06-21,2000000.00,4.505054,101.560546875
13:53:03,912810UB2,TSRYS5810883,D,S,D,2024-06-21,1000000.00,4.506091,101.546875
13:53:13,912810UB2,TSRYS5810883,D,S,T,2024-06-21,1000000.00,4.504906,101.5625
13:53:13,912810UB2,TSRYS5810883,D,S,T,2024-06-21,1000000.00,4.504906,101.5625
13:53:18,912810UB2,TSRYS5810883,D,S,C,2024-06-21,1000000.00,4.504906,101.5625
13:53:18,912810UB2,TSRYS5810883,D,S,C,2024-06-21,1000000.00,4.504906,101.5625
13:53:18,912810UB2,TSRYS5810883,D,B,C,2024-06-21,1000000.00,4.504906,101.5625
13:53:33,912810UB2,TSRYS5810883,D,S,C,2024-06-21,1000000.00,4.504906,101.5625
13:53:48,912810UB2,TSRYS5810883,D,S,C,2024-06-21,1000000.00,4.504906,101.5625
13:53:53,912810UB2,TSRYS5810883,D,S,T,2024-06-21,1000000.00,4.504906,101.5625
13:54:20,912810UB2,TSRYS5810883,D,S,D,2024-06-21,4000000.00,4.506091,101.546875
13:54:20,912810UB2,TSRYS5810883,D,B,C,2024-06-21,4000000.00,4.506103,101.546725
13:54:20,912810UB2,TSRYS5810883,D,S,D,2024-06-21,1000000.00,4.506091,101.546875
13:54:33,912810UB2,TSRYS5810883,D,S,T,2024-06-21,1000000.00,4.504906,101.5625
13:54:33,912810UB2,TSRYS5810883,D,S,T,2024-06-21,1000000.00,4.504906,101.5625
13:54:33,912810UB2,TSRYS5810883,D,S,T,2024-06-21,1000000.00,4.504906,101.5625
13:54:33,912810UB2,TSRYS5810883,D,S,T,2024-06-21,1000000.00,4.504906,101.5625
13:54:35,912810UB2,TSRYS5810883,D,S,D,2024-06-21,1000000.00,4.506091,101.546875
13:54:35,912810UB2,TSRYS5810883,D,S,C,2024-06-21,1000000.00,4.504906,101.5625
13:54:53,912810UB2,TSRYS5810883,D,S,T,2024-06-21,1000000.00,4.503721,101.578125
13:54:55,912810UB2,TSRYS5810883,D,S,D,2024-06-21,1000000.00,4.504017,101.57421875
13:54:55,912810UB2,TSRYS5810883,D,B,C,2024-06-21,1000000.00,4.504017,101.57421875
13:54:58,912810UB2,TSRYS5810883,D,S,T,2024-06-21,1000000.00,4.503721,101.578125
13:55:05,912810UB2,TSRYS5810883,D,S,D,2024-06-21,1000000.00,4.504906,101.5625
13:55:05,912810UB2,TSRYS5810883,D,B,C,2024-06-21,1000000.00,4.504906,101.5625
13:55:05,912810UB2,TSRYS5810883,D,S,D,2024-06-21,1000000.00,4.504906,101.5625
13:55:05,912810UB2,TSRYS5810883,D,B,C,2024-06-21,1000000.00,4.504906,101.5625
13:55:05,912810UB2,TSRYS5810883,D,S,D,2024-06-21,1000000.00,4.504906,101.5625
13:55:05,912810UB2,TSRYS5810883,D,S,D,2024-06-21,1000000.00,4.504906,101.5625
13:55:05,912810UB2,TSRYS5810883,D,S,D,2024-06-21,1000000.00,4.504906,101.5625
13:55:05,912810UB2,TSRYS5810883,D,S,C,2024-06-21,1000000.00,4.504906,101.5625
13:55:18,912810UB2,TSRYS5810883,D,S,T,2024-06-21,1000000.00,4.504017,101.57421875
13:55:23,912810UB2,TSRYS5810883,D,S,D,2024-06-21,1000000.00,4.504017,101.57421875
13:55:28,912810UB2,TSRYS5810883,D,S,T,2024-06-21,1000000.00,4.504906,101.5625
13:55:33,912810UB2,TSRYS5810883,D,S,C,2024-06-21,1000000.00,4.504906,101.5625
13:55:52,912810UB2,TSRYS5810883,D,B,C,2024-06-21,1000000.00,4.503721,101.578125
13:55:52,912810UB2,TSRYS5810883,D,S,C,2024-06-21,1000000.00,4.503705,101.578325
13:55:52,912810UB2,TSRYS5810883,D,S,C,2024-06-21,1000000.00,4.503721,101.578125
13:56:06,912810UB2,TSRYS5810883,D,B,C,2024-06-21,1000000.00,4.504921,101.5623
13:56:06,912810UB2,TSRYS5810883,D,S,D,2024-06-21,1000000.00,4.504906,101.5625
13:56:06,912810UB2,TSRYS5810883,D,B,C,2024-06-21,1000000.00,4.504906,101.5625
13:56:06,912810UB2,TSRYS5810883,D,B,C,2024-06-21,1000000.00,4.504906,101.5625
13:56:06,912810UB2,TSRYS5810883,D,S,D,2024-06-21,1000000.00,4.504906,101.5625
13:56:06,912810UB2,TSRYS5810883,D,S,D,2024-06-21,1000000.00,4.504906,101.5625
13:56:21,912810UB2,TSRYS5810883,D,S,T,2024-06-21,1000000.00,4.503721,101.578125
13:56:21,912810UB2,TSRYS5810883,D,S,D,2024-06-21,1000000.00,4.503721,101.578125
13:56:21,912810UB2,TSRYS5810883,D,B,C,2024-06-21,1000000.00,4.503721,101.578125
13:56:21,912810UB2,TSRYS5810883,D,B,C,2024-06-21,1000000.00,4.503721,101.578125
13:56:21,912810UB2,TSRYS5810883,D,S,D,2024-06-21,2000000.00,4.503721,101.578125
13:56:21,912810UB2,TSRYS5810883,D,B,C,2024-06-21,1000000.00,4.503721,101.578125
13:56:21,912810UB2,TSRYS5810883,D,S,D,2024-06-21,1000000.00,4.503721,101.578125
13:56:28,912810UB2,TSRYS5810883,D,S,T,2024-06-21,1000000.00,4.503721,101.578125
13:56:34,912810UB2,TSRYS5810883,D,S,C,2024-06-21,1000000.00,4.503721,101.578125
13:56:34,912810UB2,TSRYS5810883,D,B,C,2024-06-21,1000000.00,4.504906,101.5625
13:56:34,912810UB2,TSRYS5810883,D,S,D,2024-06-21,1000000.00,4.504906,101.5625
13:56:34,912810UB2,TSRYS5810883,D,B,C,2024-06-21,1000000.00,4.504906,101.5625
13:56:34,912810UB2,TSRYS5810883,D,S,D,2024-06-21,1000000.00,4.504906,101.5625
13:56:49,912810UB2,TSRYS5810883,D,S,C,2024-06-21,1000000.00,4.502536,101.59375
13:56:49,912810UB2,TSRYS5810883,D,B,C,2024-06-21,1000000.00,4.502536,101.59375
13:56:49,912810UB2,TSRYS5810883,D,B,C,2024-06-21,1000000.00,4.502543,101.59365
13:56:49,912810UB2,TSRYS5810883,D,S,C,2024-06-21,1000000.00,4.502536,101.59375
13:56:52,912810UB2,TSRYS5810883,D,S,D,2024-06-21,1000000.00,4.503721,101.578125
13:56:53,912810UB2,TSRYS5810883,D,B,C,2024-06-21,1000000.00,4.502536,101.593575
13:56:53,912810UB2,TSRYS5810883,D,S,C,2024-06-21,1000000.00,4.502536,101.59375
13:56:56,912810UB2,TSRYS5810883,D,S,C,2024-06-21,1000000.00,4.502536,101.59375
13:57:04,912810UB2,TSRYS5810883,D,S,T,2024-06-21,49650000.00,4.52866,101.25
13:57:51,912810UB2,TSRYS5810883,D,S,C,2024-06-21,1000000.00,4.502536,101.59375
13:58:09,912810UB2,TSRYS5810883,D,B,C,2024-06-21,1000000.00,4.502549,101.593575
13:58:22,912810UB2,TSRYS5810883,D,S,C,2024-06-21,1000000.00,4.502536,101.59375
13:58:22,912810UB2,TSRYS5810883,D,B,C,2024-06-21,1000000.00,4.502536,101.59375
13:58:28,912810UB2,TSRYS5810883,D,S,T,2024-06-21,1000000.00,4.503721,101.578125
13:58:28,912810UB2,TSRYS5810883,D,S,D,2024-06-21,1000000.00,4.503721,101.578125
13:58:28,912810UB2,TSRYS5810883,D,B,C,2024-06-21,2000000.00,4.503721,101.578125
13:58:28,912810UB2,TSRYS5810883,D,S,D,2024-06-21,2000000.00,4.503721,101.578125
13:58:33,912810UB2,TSRYS5810883,D,S,D,2024-06-21,1000000.00,4.503721,101.578125
13:58:33,912810UB2,TSRYS5810883,D,B,C,2024-06-21,1000000.00,4.503869,101.576171875
13:58:33,912810UB2,TSRYS5810883,D,S,D,2024-06-21,1000000.00,4.503869,101.576171875
13:58:33,912810UB2,TSRYS5810883,D,S,T,2024-06-21,1000000.00,4.503721,101.578125
13:59:07,912810UB2,TSRYS5810883,D,S,D,2024-06-21,1000000.00,4.503709,101.578275
13:59:09,912810UB2,TSRYS5810883,D,S,C,2024-06-21,220000.00,4.501943,101.6015625
13:59:21,912810UB2,TSRYS5810883,D,S,D,2024-06-21,220000.00,4.501943,101.6015625
13:59:26,912810UB2,TSRYS5810883,D,S,D,2024-06-21,755000.00,4.503721,101.578125
13:59:26,912810UB2,TSRYS5810883,D,S,D,2024-06-21,755000.00,4.503721,101.578125
13:59:29,912810UB2,TSRYS5810883,D,S,T,2024-06-21,1000000.00,4.502536,101.59375
13:59:33,912810UB2,TSRYS5810883,D,S,D,2024-06-21,120000.00,4.502536,101.59375
13:59:47,912810UB2,TSRYS5810883,D,S,D,2024-06-21,1000000.00,4.489951,101.75989
14:00:09,912810UB2,TSRYS5810883,D,S,D,2024-06-21,1000000.00,4.502536,101.59375
14:00:17,912810UB2,TSRYS5810883,D,S,A,2024-06-21,6586000.00,4.502536,101.59375
14:00:18,912810UB2,TSRYS5810883,D,S,D,2024-06-21,5392000.00,4.503721,101.578125
14:00:18,912810UB2,TSRYS5810883,D,S,D,2024-06-21,5392000.00,4.503721,101.578125
14:00:31,912810UB2,TSRYS5810883,D,S,D,2024-06-21,1000000.00,4.503721,101.578125
14:00:31,912810UB2,TSRYS5810883,D,B,C,2024-06-21,1000000.00,4.503721,101.578125
14:01:10,912810UB2,TSRYS5810883,D,B,C,2024-06-21,1000000.00,4.503721,101.578125
14:01:10,912810UB2,TSRYS5810883,D,S,D,2024-06-21,1000000.00,4.503721,101.578125
14:01:10,912810UB2,TSRYS5810883,D,B,C,2024-06-21,1000000.00,4.503721,101.578125
14:01:10,912810UB2,TSRYS5810883,D,S,D,2024-06-21,1000000.00,4.503709,101.578275
14:01:52,912810UB2,TSRYS5810883,D,B,C,2024-06-21,1000000.00,4.503721,101.578125
14:01:52,912810UB2,TSRYS5810883,D,B,C,2024-06-21,3000000.00,4.503736,101.577925
14:01:54,912810UB2,TSRYS5810883,D,B,C,2024-06-21,9200000.00,4.502881,101.58984375
14:02:06,912810UB2,TSRYS5810883,D,S,D,2024-06-21,3000000.00,4.503721,101.578125
14:02:21,912810UB2,TSRYS5810883,D,S,C,2024-06-21,1000000.00,4.503721,101.578125
14:02:21,912810UB2,TSRYS5810883,D,B,C,2024-06-21,1000000.00,4.503721,101.578125
14:02:35,912810UB2,TSRYS5810883,D,S,A,2024-06-21,1190000.00,4.503128,101.5859375
14:02:39,912810UB2,TSRYS5810883,D,S,D,2024-06-21,1000000.00,4.503721,101.578125
14:02:39,912810UB2,TSRYS5810883,D,S,C,2024-06-21,1000000.00,4.503721,101.578125
14:02:39,912810UB2,TSRYS5810883,D,B,C,2024-06-21,1000000.00,4.503721,101.578125
14:04:24,912810UB2,TSRYS5810883,D,S,C,2024-06-21,1000000.00,4.503721,101.578125
14:04:24,912810UB2,TSRYS5810883,D,B,C,2024-06-21,1000000.00,4.503721,101.578125
14:06:24,912810UB2,TSRYS5810883,D,S,D,2024-06-21,1000000.00,4.503721,101.578125
14:06:25,912810UB2,TSRYS5810883,D,S,D,2024-06-21,105400.00,4.502536,101.59375
14:06:39,912810UB2,TSRYS5810883,D,S,C,2024-06-21,1000000.00,4.503721,101.578125
14:06:39,912810UB2,TSRYS5810883,D,B,C,2024-06-21,1000000.00,4.503721,101.578125
14:07:09,912810UB2,TSRYS5810883,D,S,T,2024-06-21,1000000.00,4.503721,101.578125
14:07:09,912810UB2,TSRYS5810883,D,S,T,2024-06-21,1000000.00,4.503424,101.58203125
14:07:09,912810UB2,TSRYS5810883,D,B,C,2024-06-21,1000000.00,4.503869,101.576171875
14:07:09,912810UB2,TSRYS5810883,D,B,C,2024-06-21,1000000.00,4.503876,101.576071875
14:07:09,912810UB2,TSRYS5810883,D,B,C,2024-06-21,1000000.00,4.503869,101.576171875
14:07:09,912810UB2,TSRYS5810883,D,S,D,2024-06-21,3000000.00,4.503869,101.576171875
14:07:10,912810UB2,TSRYS5810883,D,B,C,2024-06-21,1000000.00,4.503721,101.578125
14:07:10,912810UB2,TSRYS5810883,D,B,C,2024-06-21,1000000.00,4.503721,101.578125
14:07:10,912810UB2,TSRYS5810883,D,S,D,2024-06-21,2000000.00,4.503721,101.578125
14:07:10,912810UB2,TSRYS5810883,D,S,D,2024-06-21,1000000.00,4.503417,101.58213125
14:07:14,912810UB2,TSRYS5810883,D,B,C,2024-06-21,1000000.00,4.503721,101.57795
14:07:14,912810UB2,TSRYS5810883,D,S,D,2024-06-21,1000000.00,4.503721,101.578125
14:07:14,912810UB2,TSRYS5810883,D,B,C,2024-06-21,1000000.00,4.503721,101.578125
14:07:14,912810UB2,TSRYS5810883,D,S,D,2024-06-21,1000000.00,4.503721,101.578125
14:07:14,912810UB2,TSRYS5810883,D,S,D,2024-06-21,1000000.00,4.503721,101.578125
14:07:37,912810UB2,TSRYS5810883,D,B,C,2024-06-21,1000000.00,4.503728,101.578025
14:07:37,912810UB2,TSRYS5810883,D,B,C,2024-06-21,1000000.00,4.503721,101.578125
14:07:37,912810UB2,TSRYS5810883,D,S,D,2024-06-21,1000000.00,4.503721,101.578125
14:07:37,912810UB2,TSRYS5810883,D,S,D,2024-06-21,1000000.00,4.503721,101.578125
14:07:37,912810UB2,TSRYS5810883,D,B,C,2024-06-21,1000000.00,4.503721,101.578125
14:07:37,912810UB2,TSRYS5810883,D,S,D,2024-06-21,1000000.00,4.503721,101.578125
14:07:37,912810UB2,TSRYS5810883,D,S,D,2024-06-21,1000000.00,4.503721,101.578125
14:07:37,912810UB2,TSRYS5810883,D,S,D,2024-06-21,1000000.00,4.503721,101.578125
14:07:37,912810UB2,TSRYS5810883,D,S,D,2024-06-21,1000000.00,4.503721,101.578125
14:07:37,912810UB2,TSRYS5810883,D,B,C,2024-06-21,1000000.00,4.503734,101.57795
14:07:48,912810UB2,TSRYS5810883,D,S,C,2024-06-21,1000000.00,4.501943,101.6015625
14:07:48,912810UB2,TSRYS5810883,D,B,C,2024-06-21,1000000.00,4.501943,101.6015625
14:07:48,912810UB2,TSRYS5810883,D,S,D,2024-06-21,1000000.00,4.502536,101.59375
14:07:49,912810UB2,TSRYS5810883,D,B,C,2024-06-21,1000000.00,4.502395,101.595603125
14:07:49,912810UB2,TSRYS5810883,D,S,D,2024-06-21,1000000.00,4.502388,101.595703125
14:07:50,912810UB2,TSRYS5810883,D,S,T,2024-06-21,1000000.00,4.502545,101.593625
14:07:54,912810UB2,TSRYS5810883,D,B,C,2024-06-21,1000000.00,4.503721,101.578125
14:08:39,912810UB2,TSRYS5810883,D,S,C,2024-06-21,1000000.00,4.502536,101.59375
14:08:39,912810UB2,TSRYS5810883,D,B,C,2024-06-21,1000000.00,4.502536,101.59375
14:08:39,912810UB2,TSRYS5810883,D,S,C,2024-06-21,1000000.00,4.502536,101.59375
14:08:39,912810UB2,TSRYS5810883,D,B,C,2024-06-21,1000000.00,4.502549,101.593575
14:08:48,912810UB2,TSRYS5810883,D,S,T,2024-06-21,1000000.00,4.503721,101.578125
14:09:17,912810UB2,TSRYS5810883,D,S,T,2024-06-21,1000000.00,4.503721,101.578125
14:09:17,912810UB2,TSRYS5810883,D,S,D,2024-06-21,1000000.00,4.503721,101.578125
14:09:18,912810UB2,TSRYS5810883,D,S,D,2024-06-21,1000000.00,4.503721,101.578125
14:09:26,912810UB2,TSRYS5810883,D,B,C,2024-06-21,1000000.00,4.503721,101.578125
14:09:26,912810UB2,TSRYS5810883,D,S,D,2024-06-21,1000000.00,4.503721,101.578125
14:09:26,912810UB2,TSRYS5810883,D,B,C,2024-06-21,1000000.00,4.503721,101.578125
14:09:26,912810UB2,TSRYS5810883,D,S,D,2024-06-21,1000000.00,4.503721,101.578125
14:09:26,912810UB2,TSRYS5810883,D,S,D,2024-06-21,1000000.00,4.503721,101.578125
14:09:26,912810UB2,TSRYS5810883,D,S,D,2024-06-21,1000000.00,4.503721,101.578125
14:09:30,912810UB2,TSRYS5810883,D,B,C,2024-06-21,1000000.00,4.503284,101.583884375
14:09:30,912810UB2,TSRYS5810883,D,S,C,2024-06-21,1000000.00,4.503276,101.583984375
14:09:31,912810UB2,TSRYS5810883,D,B,C,2024-06-21,1000000.00,4.503276,101.583984375
14:09:31,912810UB2,TSRYS5810883,D,S,D,2024-06-21,1000000.00,4.503276,101.583984375
14:09:47,912810UB2,TSRYS5810883,D,S,T,2024-06-21,1000000.00,4.503721,101.578125
14:09:53,912810UB2,TSRYS5810883,D,S,D,2024-06-21,700000.00,4.502832,101.58984375
14:09:54,912810UB2,TSRYS5810883,D,S,D,2024-06-21,700000.00,4.502789,101.590415179
14:10:10,912810UB2,TSRYS5810883,D,S,D,2024-06-21,1000000.00,4.503721,101.578125
14:10:19,912810UB2,TSRYS5810883,D,S,D,2024-06-21,1000000.00,4.504313,101.5703125
14:10:21,912810UB2,TSRYS5810883,D,B,C,2024-06-21,3800000.00,4.503721,101.578125
14:10:24,912810UB2,TSRYS5810883,D,S,C,2024-06-21,1000000.00,4.504906,101.5625
14:10:24,912810UB2,TSRYS5810883,D,B,C,2024-06-21,1000000.00,4.504906,101.5625
14:10:28,912810UB2,TSRYS5810883,D,S,C,2024-06-21,1000000.00,4.504313,101.5703125
14:10:28,912810UB2,TSRYS5810883,D,S,C,2024-06-21,1000000.00,4.504313,101.5703125
14:10:31,912810UB2,TSRYS5810883,D,S,D,2024-06-21,18000.00,4.504906,101.5625
14:10:33,912810UB2,TSRYS5810883,D,S,D,2024-06-21,2000000.00,4.504906,101.5625
14:10:34,912810UB2,TSRYS5810883,D,S,T,2024-06-21,1000000.00,4.504321,101.5702125
14:10:34,912810UB2,TSRYS5810883,D,S,D,2024-06-21,1000000.00,4.504313,101.5703125
14:10:34,912810UB2,TSRYS5810883,D,S,T,2024-06-21,1000000.00,4.504321,101.5702125
14:10:38,912810UB2,TSRYS5810883,D,B,C,2024-06-21,18000.00,4.504906,101.5625
14:10:42,912810UB2,TSRYS5810883,D,S,D,2024-06-21,1000000.00,4.504906,101.5625
14:10:48,912810UB2,TSRYS5810883,D,S,T,2024-06-21,1000000.00,4.503732,101.577973
14:10:49,912810UB2,TSRYS5810883,D,S,T,2024-06-21,2000000.00,4.504906,101.5625
14:10:55,912810UB2,TSRYS5810883,D,B,C,2024-06-21,1000000.00,4.503736,101.577925
14:10:55,912810UB2,TSRYS5810883,D,S,D,2024-06-21,1000000.00,4.503721,101.578125
14:10:55,912810UB2,TSRYS5810883,D,B,C,2024-06-21,1000000.00,4.503721,101.578125
14:10:55,912810UB2,TSRYS5810883,D,S,D,2024-06-21,1000000.00,4.503721,101.578125
14:10:55,912810UB2,TSRYS5810883,D,B,C,2024-06-21,1000000.00,4.503721,101.578125
14:10:55,912810UB2,TSRYS5810883,D,S,D,2024-06-21,1000000.00,4.503721,101.578125
14:11:09,912810UB2,TSRYS5810883,D,B,C,2024-06-21,1000000.00,4.503721,101.578125
14:11:09,912810UB2,TSRYS5810883,D,S,D,2024-06-21,1000000.00,4.503721,101.578125
14:11:09,912810UB2,TSRYS5810883,D,B,C,2024-06-21,1000000.00,4.503721,101.578125
14:11:09,912810UB2,TSRYS5810883,D,S,D,2024-06-21,1000000.00,4.503721,101.578125
14:11:48,912810UB2,TSRYS5810883,D,S,T,2024-06-21,1000000.00,4.503732,101.577973
14:12:25,912810UB2,TSRYS5810883,D,S,C,2024-06-21,1000000.00,4.504906,101.5625
14:12:25,912810UB2,TSRYS5810883,D,B,C,2024-06-21,1000000.00,4.504919,101.562325
14:13:00,912810UB2,TSRYS5810883,D,B,C,2024-06-21,2757000.00,4.505202,101.55859375
14:13:35,912810UB2,TSRYS5810883,D,S,C,2024-06-21,1000000.00,4.50461,101.56640625
14:13:35,912810UB2,TSRYS5810883,D,B,C,2024-06-21,1000000.00,4.50461,101.56640625
14:14:41,912810UB2,TSRYS5810883,D,S,D,2024-06-21,1000000.00,4.503721,101.578125
14:15:08,912810UB2,TSRYS5810883,D,S,D,2024-06-21,770000.00,4.504906,101.5625
14:15:11,912810UB2,TSRYS5810883,D,S,D,2024-06-21,255000.00,4.504906,101.5625
14:15:12,912810UB2,TSRYS5810883,D,S,D,2024-06-21,303400.00,4.504906,101.5625
14:15:15,912810UB2,TSRYS5810883,D,S,D,2024-06-21,280000.00,4.504906,101.5625
14:15:15,912810UB2,TSRYS5810883,D,B,C,2024-06-21,1000000.00,4.503876,101.576071875
14:15:15,912810UB2,TSRYS5810883,D,S,C,2024-06-21,1000000.00,4.503869,101.576171875
14:15:19,912810UB2,TSRYS5810883,D,S,D,2024-06-21,1000000.00,4.503721,101.578125
14:15:19,912810UB2,TSRYS5810883,D,B,C,2024-06-21,1000000.00,4.503721,101.578125
14:15:54,912810UB2,TSRYS5810883,D,S,C,2024-06-21,1000000.00,4.503721,101.578125
14:15:54,912810UB2,TSRYS5810883,D,B,C,2024-06-21,1000000.00,4.503734,101.57795
14:15:54,912810UB2,TSRYS5810883,D,S,C,2024-06-21,1000000.00,4.503721,101.578125
14:15:54,912810UB2,TSRYS5810883,D,B,C,2024-06-21,1000000.00,4.503721,101.578125
14:16:12,912810UB2,TSRYS5810883,D,S,C,2024-06-21,1000000.00,4.503721,101.578125
14:16:12,912810UB2,TSRYS5810883,D,B,C,2024-06-21,1000000.00,4.503721,101.578125
14:16:12,912810UB2,TSRYS5810883,D,B,C,2024-06-21,1000000.00,4.503734,101.57795
14:16:12,912810UB2,TSRYS5810883,D,S,C,2024-06-21,1000000.00,4.503721,101.578125
14:16:20,912810UB2,TSRYS5810883,D,S,D,2024-06-21,1000000.00,4.503128,101.5859375
14:16:25,912810UB2,TSRYS5810883,D,S,D,2024-06-21,9000000.00,4.505055,101.5605319
14:16:25,912810UB2,TSRYS5810883,D,B,A,2024-06-21,9000000.00,4.505055,101.5605319
14:16:35,912810UB2,TSRYS5810883,D,S,T,2024-06-21,1000000.00,4.503136,101.5858375
14:17:49,912810UB2,TSRYS5810883,D,S,C,2024-06-21,400000.00,4.503424,101.58203125
14:18:13,912810UB2,TSRYS5810883,D,S,D,2024-06-21,1350000.00,4.503721,101.578125
14:18:24,912810UB2,TSRYS5810883,D,S,T,2024-06-21,540000.00,4.502038,101.600312
14:18:27,912810UB2,TSRYS5810883,D,S,D,2024-06-21,400000.00,4.503447,101.581731
14:18:27,912810UB2,TSRYS5810883,D,S,D,2024-06-21,540000.00,4.500522,101.620312
14:18:41,912810UB2,TSRYS5810883,D,S,D,2024-06-21,540000.00,4.503721,101.578125
14:18:52,912810UB2,TSRYS5810883,D,S,D,2024-06-21,350000.00,4.503721,101.578125
14:18:57,912810UB2,TSRYS5810883,D,S,C,2024-06-21,3000.00,4.503721,101.578125
14:19:02,912810UB2,TSRYS5810883,D,S,D,2024-06-21,3000.00,4.503721,101.578125
14:19:03,912810UB2,TSRYS5810883,D,S,D,2024-06-21,100000.00,4.503721,101.578125
14:19:24,912810UB2,TSRYS5810883,D,S,D,2024-06-21,540000.00,4.502038,101.600312
14:19:24,912810UB2,TSRYS5810883,D,S,D,2024-06-21,1000000.00,4.503721,101.578125
14:19:25,912810UB2,TSRYS5810883,D,B,C,2024-06-21,1000000.00,4.503721,101.578125
14:20:54,912810UB2,TSRYS5810883,D,S,C,2024-06-21,720000.00,4.50461,101.56640625
14:21:37,912810UB2,TSRYS5810883,D,B,C,2024-06-21,1000000.00,4.504469,101.568259375
14:21:37,912810UB2,TSRYS5810883,D,S,D,2024-06-21,1000000.00,4.504461,101.568359375
14:21:42,912810UB2,TSRYS5810883,D,S,C,2024-06-21,540000.00,4.500522,101.620312
14:22:12,912810UB2,TSRYS5810883,D,B,C,2024-06-21,1000000.00,4.504906,101.5625
14:22:12,912810UB2,TSRYS5810883,D,B,C,2024-06-21,1000000.00,4.504906,101.5625
14:22:12,912810UB2,TSRYS5810883,D,S,D,2024-06-21,1000000.00,4.504906,101.5625
14:22:12,912810UB2,TSRYS5810883,D,S,C,2024-06-21,1000000.00,4.504891,101.5627
14:23:11,912810UB2,TSRYS5810883,D,S,C,2024-06-21,250000.00,4.503637,101.579222
14:24:10,912810UB2,TSRYS5810883,D,B,A,2024-06-21,1000000.00,4.504313,101.5703125
14:24:10,912810UB2,TSRYS5810883,D,S,A,2024-06-21,1000000.00,4.504313,101.5703125
14:24:31,912810UB2,TSRYS5810883,D,B,C,2024-06-21,5000000.00,4.504906,101.5625
14:24:50,912810UB2,TSRYS5810883,D,B,C,2024-06-21,20000.00,4.503721,101.578125
14:24:50,912810UB2,TSRYS5810883,D,S,D,2024-06-21,20000.00,4.503721,101.578125
14:24:50,912810UB2,TSRYS5810883,D,B,C,2024-06-21,125000.00,4.503721,101.578125
14:24:50,912810UB2,TSRYS5810883,D,S,D,2024-06-21,125000.00,4.503721,101.578125
14:24:52,912810UB2,TSRYS5810883,D,B,C,2024-06-21,165000.00,4.503721,101.578125
14:24:52,912810UB2,TSRYS5810883,D,S,D,2024-06-21,165000.00,4.503721,101.578125
14:24:53,912810UB2,TSRYS5810883,D,B,C,2024-06-21,30000.00,4.503721,101.578125
14:24:54,912810UB2,TSRYS5810883,D,S,C,2024-06-21,30000.00,4.503721,101.578125
14:25:53,912810UB2,TSRYS5810883,D,S,C,2024-06-21,7000.00,4.503637,101.579222
14:26:56,912810UB2,TSRYS5810883,D,S,C,2024-06-21,1000000.00,4.503869,101.576171875
14:26:56,912810UB2,TSRYS5810883,D,B,C,2024-06-21,1000000.00,4.503869,101.576171875
14:26:58,912810UB2,TSRYS5810883,D,S,T,2024-06-21,1000000.00,4.503721,101.578125
14:26:58,912810UB2,TSRYS5810883,D,S,T,2024-06-21,1000000.00,4.503721,101.578125
14:26:58,912810UB2,TSRYS5810883,D,S,T,2024-06-21,1000000.00,4.503721,101.578125
14:27:12,912810UB2,TSRYS5810883,D,S,C,2024-06-21,840000.00,4.503721,101.578125
14:27:15,912810UB2,TSRYS5810883,D,S,C,2024-06-21,600000.00,4.503721,101.578125
14:27:28,912810UB2,TSRYS5810883,D,S,D,2024-06-21,1000000.00,4.503721,101.578125
14:27:28,912810UB2,TSRYS5810883,D,S,C,2024-06-21,1000000.00,4.503721,101.578125
14:27:28,912810UB2,TSRYS5810883,D,S,C,2024-06-21,1000000.00,4.503721,101.578125
14:27:28,912810UB2,TSRYS5810883,D,S,C,2024-06-21,1000000.00,4.504017,101.57421875
14:27:39,912810UB2,TSRYS5810883,D,S,T,2024-06-21,1000000.00,4.504173,101.572165625
14:27:39,912810UB2,TSRYS5810883,D,S,D,2024-06-21,1000000.00,4.504165,101.572265625
14:27:43,912810UB2,TSRYS5810883,D,S,C,2024-06-21,1000000.00,4.503721,101.578125
14:27:43,912810UB2,TSRYS5810883,D,B,C,2024-06-21,1000000.00,4.503721,101.578125
14:27:44,912810UB2,TSRYS5810883,D,S,D,2024-06-21,1000000.00,4.504165,101.572265625
14:27:44,912810UB2,TSRYS5810883,D,S,C,2024-06-21,1000000.00,4.504165,101.572265625
14:27:51,912810UB2,TSRYS5810883,D,S,D,2024-06-21,415000.00,4.504906,101.5625
14:27:56,912810UB2,TSRYS5810883,D,S,D,2024-06-21,415000.00,4.504906,101.5625
14:28:09,912810UB2,TSRYS5810883,D,S,D,2024-06-21,1000000.00,4.504017,101.57421875
14:28:09,912810UB2,TSRYS5810883,D,S,T,2024-06-21,1000000.00,4.504165,101.57226562
14:28:09,912810UB2,TSRYS5810883,D,S,T,2024-06-21,1000000.00,4.504165,101.57226562
14:28:16,912810UB2,TSRYS5810883,D,S,D,2024-06-21,300000.00,4.50461,101.56640625
14:28:16,912810UB2,TSRYS5810883,D,S,C,2024-06-21,7000.00,4.503637,101.579222
14:28:28,912810UB2,TSRYS5810883,D,S,D,2024-06-21,1000000.00,4.504313,101.5703125
14:28:28,912810UB2,TSRYS5810883,D,S,D,2024-06-21,1000000.00,4.504313,101.5703125
14:29:02,912810UB2,TSRYS5810883,D,S,D,2024-06-21,1000000.00,4.504165,101.572265625
14:29:02,912810UB2,TSRYS5810883,D,S,D,2024-06-21,1000000.00,4.504165,101.572265625
14:29:02,912810UB2,TSRYS5810883,D,S,D,2024-06-21,1000000.00,4.504313,101.5703125
14:29:07,912810UB2,TSRYS5810883,D,S,D,2024-06-21,1000000.00,4.504165,101.572265625
14:29:07,912810UB2,TSRYS5810883,D,B,C,2024-06-21,1000000.00,4.504165,101.572265625
14:29:08,912810UB2,TSRYS5810883,D,S,D,2024-06-21,1000000.00,4.504313,101.5703125
14:29:35,912810UB2,TSRYS5810883,D,S,D,2024-06-21,1000000.00,4.504165,101.572265625
14:29:46,912810UB2,TSRYS5810883,D,B,C,2024-06-21,1000000.00,4.504017,101.57421875
14:29:46,912810UB2,TSRYS5810883,D,S,D,2024-06-21,1000000.00,4.504017,101.57421875
14:29:53,912810UB2,TSRYS5810883,D,S,D,2024-06-21,1000000.00,4.503424,101.58203125
14:29:53,912810UB2,TSRYS5810883,D,B,C,2024-06-21,1000000.00,4.503728,101.578025
14:29:53,912810UB2,TSRYS5810883,D,B,C,2024-06-21,1095000.00,4.503424,101.58203125
14:29:53,912810UB2,TSRYS5810883,D,S,D,2024-06-21,1000000.00,4.503721,101.578125
14:29:53,912810UB2,TSRYS5810883,D,S,C,2024-06-21,790000.00,4.503386,101.582537579
14:29:53,912810UB2,TSRYS5810883,D,S,D,2024-06-21,1305000.00,4.503394,101.58243125
14:29:58,912810UB2,TSRYS5810883,D,B,C,2024-06-21,1000000.00,4.503721,101.578125
14:29:58,912810UB2,TSRYS5810883,D,S,D,2024-06-21,1000000.00,4.503721,101.578125
14:29:58,912810UB2,TSRYS5810883,D,B,C,2024-06-21,1000000.00,4.503721,101.57795
14:29:58,912810UB2,TSRYS5810883,D,S,D,2024-06-21,1000000.00,4.503721,101.578125
14:30:28,912810UB2,TSRYS5810883,D,S,D,2024-06-21,1000000.00,4.503721,101.578125
14:30:28,912810UB2,TSRYS5810883,D,B,C,2024-06-21,1000000.00,4.503734,101.57795
14:30:28,912810UB2,TSRYS5810883,D,S,D,2024-06-21,1000000.00,4.503721,101.578125
14:30:28,912810UB2,TSRYS5810883,D,B,C,2024-06-21,1000000.00,4.503721,101.578125
14:30:51,912810UB2,TSRYS5810883,D,S,D,2024-06-21,1000000.00,4.503721,101.578125
14:30:51,912810UB2,TSRYS5810883,D,S,D,2024-06-21,1000000.00,4.503721,101.578125
14:31:13,912810UB2,TSRYS5810883,D,S,T,2024-06-21,875000.00,4.503721,101.578125
14:31:35,912810UB2,TSRYS5810883,D,S,D,2024-06-21,1000000.00,4.504758,101.564453125
14:31:37,912810UB2,TSRYS5810883,D,S,T,2024-06-21,1000000.00,4.504758,101.564453125
14:31:41,912810UB2,TSRYS5810883,D,S,D,2024-06-21,1000000.00,4.504165,101.57226562
14:33:17,912810UB2,TSRYS5810883,D,B,C,2024-06-21,1000000.00,4.503432,101.58193125
14:33:17,912810UB2,TSRYS5810883,D,S,D,2024-06-21,1000000.00,4.503424,101.58203125
14:33:43,912810UB2,TSRYS5810883,D,S,T,2024-06-21,1000000.00,4.503128,101.5859375
14:33:43,912810UB2,TSRYS5810883,D,S,T,2024-06-21,1000000.00,4.50298,101.587890625
14:33:43,912810UB2,TSRYS5810883,D,S,T,2024-06-21,1000000.00,4.502832,101.58984375
14:33:43,912810UB2,TSRYS5810883,D,B,C,2024-06-21,1000000.00,4.503432,101.58193125
14:33:43,912810UB2,TSRYS5810883,D,S,D,2024-06-21,1000000.00,4.503417,101.58213125
14:33:43,912810UB2,TSRYS5810883,D,B,C,2024-06-21,1000000.00,4.503276,101.583984375
14:33:43,912810UB2,TSRYS5810883,D,S,T,2024-06-21,4000000.00,4.502536,101.59375
14:33:43,912810UB2,TSRYS5810883,D,S,D,2024-06-21,1000000.00,4.503269,101.584084375
14:33:43,912810UB2,TSRYS5810883,D,B,C,2024-06-21,1000000.00,4.503128,101.5859375
14:33:43,912810UB2,TSRYS5810883,D,S,C,2024-06-21,1000000.00,4.503128,101.5859375
14:33:43,912810UB2,TSRYS5810883,D,S,T,2024-06-21,1000000.00,4.503128,101.5859375
14:33:43,912810UB2,TSRYS5810883,D,B,C,2024-06-21,1000000.00,4.503291,101.583784375
14:33:43,912810UB2,TSRYS5810883,D,S,D,2024-06-21,1000000.00,4.503269,101.584084375
14:33:43,912810UB2,TSRYS5810883,D,S,D,2024-06-21,1000000.00,4.503121,101.5860375
14:33:44,912810UB2,TSRYS5810883,D,B,C,2024-06-21,1000000.00,4.503143,101.5857375
14:33:44,912810UB2,TSRYS5810883,D,S,D,2024-06-21,1000000.00,4.503121,101.5860375
14:33:44,912810UB2,TSRYS5810883,D,S,D,2024-06-21,1000000.00,4.503121,101.5860375
14:33:44,912810UB2,TSRYS5810883,D,B,C,2024-06-21,1000000.00,4.503128,101.5859375
14:33:44,912810UB2,TSRYS5810883,D,S,D,2024-06-21,1000000.00,4.503121,101.5860375
14:33:44,912810UB2,TSRYS5810883,D,S,D,2024-06-21,1000000.00,4.502972,101.587990625
14:33:44,912810UB2,TSRYS5810883,D,B,C,2024-06-21,1000000.00,4.50298,101.587890625
14:33:45,912810UB2,TSRYS5810883,D,S,D,2024-06-21,1000000.00,4.502972,101.587990625
14:33:45,912810UB2,TSRYS5810883,D,B,C,2024-06-21,1000000.00,4.502995,101.587690625
14:33:45,912810UB2,TSRYS5810883,D,S,D,2024-06-21,1000000.00,4.502972,101.587990625
14:33:45,912810UB2,TSRYS5810883,D,S,D,2024-06-21,1000000.00,4.502824,101.58994375
14:33:45,912810UB2,TSRYS5810883,D,B,C,2024-06-21,1000000.00,4.502832,101.58984375
14:33:45,912810UB2,TSRYS5810883,D,S,D,2024-06-21,1000000.00,4.502824,101.58994375
14:33:45,912810UB2,TSRYS5810883,D,B,C,2024-06-21,1000000.00,4.502847,101.58964375
14:33:46,912810UB2,TSRYS5810883,D,S,D,2024-06-21,1000000.00,4.502824,101.58994375
14:33:46,912810UB2,TSRYS5810883,D,B,C,2024-06-21,1000000.00,4.502832,101.58984375
14:33:46,912810UB2,TSRYS5810883,D,S,D,2024-06-21,1000000.00,4.502824,101.58994375
14:33:47,912810UB2,TSRYS5810883,D,B,C,2024-06-21,1000000.00,4.502839,101.58974375
14:33:47,912810UB2,TSRYS5810883,D,S,C,2024-06-21,1000000.00,4.502239,101.59765625
14:33:47,912810UB2,TSRYS5810883,D,B,C,2024-06-21,1000000.00,4.502239,101.59765625
14:33:48,912810UB2,TSRYS5810883,D,S,D,2024-06-21,1000000.00,4.502824,101.58994375
14:33:48,912810UB2,TSRYS5810883,D,S,D,2024-06-21,4000000.00,4.502536,101.59375
14:33:48,912810UB2,TSRYS5810883,D,B,C,2024-06-21,1000000.00,4.502536,101.593575
14:33:48,912810UB2,TSRYS5810883,D,S,D,2024-06-21,1000000.00,4.502536,101.59375
14:33:48,912810UB2,TSRYS5810883,D,B,C,2024-06-21,1000000.00,4.502536,101.59375
14:33:48,912810UB2,TSRYS5810883,D,S,D,2024-06-21,1000000.00,4.502536,101.59375
14:33:48,912810UB2,TSRYS5810883,D,S,T,2024-06-21,1000000.00,4.502536,101.59375
14:33:48,912810UB2,TSRYS5810883,D,B,C,2024-06-21,1000000.00,4.502832,101.58984375
14:33:48,912810UB2,TSRYS5810883,D,S,T,2024-06-21,1000000.00,4.502395,101.595603125
14:33:48,912810UB2,TSRYS5810883,D,S,D,2024-06-21,1000000.00,4.502824,101.58994375
14:33:48,912810UB2,TSRYS5810883,D,S,T,2024-06-21,1000000.00,4.502395,101.595603125
14:33:48,912810UB2,TSRYS5810883,D,B,C,2024-06-21,1000000.00,4.502699,101.591596875
14:33:48,912810UB2,TSRYS5810883,D,S,C,2024-06-21,1000000.00,4.502536,101.59375
14:33:48,912810UB2,TSRYS5810883,D,B,C,2024-06-21,1000000.00,4.502536,101.59375
14:33:48,912810UB2,TSRYS5810883,D,S,D,2024-06-21,1000000.00,4.502676,101.591896875
14:33:48,912810UB2,TSRYS5810883,D,S,T,2024-06-21,2000000.00,4.502543,101.59365
14:33:48,912810UB2,TSRYS5810883,D,S,T,2024-06-21,1000000.00,4.502536,101.59375
14:33:48,912810UB2,TSRYS5810883,D,B,C,2024-06-21,1000000.00,4.502551,101.59355
14:33:48,912810UB2,TSRYS5810883,D,S,T,2024-06-21,5000000.00,4.502536,101.59375
14:33:48,912810UB2,TSRYS5810883,D,S,D,2024-06-21,1000000.00,4.502528,101.59385
14:33:48,912810UB2,TSRYS5810883,D,B,C,2024-06-21,1000000.00,4.502536,101.59375
14:33:48,912810UB2,TSRYS5810883,D,B,C,2024-06-21,1000000.00,4.502536,101.59375
14:33:49,912810UB2,TSRYS5810883,D,S,D,2024-06-21,2000000.00,4.502528,101.59385
14:33:49,912810UB2,TSRYS5810883,D,S,D,2024-06-21,1000000.00,4.502528,101.59385
14:33:49,912810UB2,TSRYS5810883,D,S,D,2024-06-21,1000000.00,4.502528,101.59385
14:33:49,912810UB2,TSRYS5810883,D,S,T,2024-06-21,1000000.00,4.502536,101.59375
14:33:49,912810UB2,TSRYS5810883,D,S,D,2024-06-21,1000000.00,4.502388,101.595703125
14:33:49,912810UB2,TSRYS5810883,D,S,C,2024-06-21,1000000.00,4.502372,101.595903125
14:33:50,912810UB2,TSRYS5810883,D,S,D,2024-06-21,1000000.00,4.502528,101.59385
14:33:50,912810UB2,TSRYS5810883,D,B,C,2024-06-21,1000000.00,4.502536,101.59375
14:33:50,912810UB2,TSRYS5810883,D,S,D,2024-06-21,1000000.00,4.502528,101.59385
14:33:50,912810UB2,TSRYS5810883,D,B,C,2024-06-21,1000000.00,4.502536,101.59375
14:33:50,912810UB2,TSRYS5810883,D,S,D,2024-06-21,2000000.00,4.502528,101.59385
14:33:50,912810UB2,TSRYS5810883,D,B,C,2024-06-21,2000000.00,4.502536,101.59375
14:33:50,912810UB2,TSRYS5810883,D,S,D,2024-06-21,2000000.00,4.502528,101.59385
14:33:50,912810UB2,TSRYS5810883,D,S,D,2024-06-21,5000000.00,4.502528,101.59385
14:33:51,912810UB2,TSRYS5810883,D,S,D,2024-06-21,1000000.00,4.502528,101.59385
14:33:51,912810UB2,TSRYS5810883,D,B,C,2024-06-21,1000000.00,4.502536,101.59375
14:33:51,912810UB2,TSRYS5810883,D,S,D,2024-06-21,1000000.00,4.502528,101.59385
14:33:52,912810UB2,TSRYS5810883,D,B,C,2024-06-21,1000000.00,4.502536,101.593575
14:33:52,912810UB2,TSRYS5810883,D,S,D,2024-06-21,1000000.00,4.502536,101.59375
14:33:52,912810UB2,TSRYS5810883,D,S,D,2024-06-21,1000000.00,4.502239,101.59765625
14:33:52,912810UB2,TSRYS5810883,D,B,C,2024-06-21,1000000.00,4.502239,101.59765625
14:33:52,912810UB2,TSRYS5810883,D,S,D,2024-06-21,1000000.00,4.502239,101.59765625
14:33:52,912810UB2,TSRYS5810883,D,B,C,2024-06-21,1000000.00,4.502239,101.59765625
14:33:52,912810UB2,TSRYS5810883,D,S,D,2024-06-21,1000000.00,4.502239,101.59765625
14:33:52,912810UB2,TSRYS5810883,D,B,C,2024-06-21,1000000.00,4.502239,101.59765625
14:33:52,912810UB2,TSRYS5810883,D,S,D,2024-06-21,1000000.00,4.502239,101.59765625
14:33:52,912810UB2,TSRYS5810883,D,B,C,2024-06-21,1000000.00,4.502239,101.59765625
14:33:53,912810UB2,TSRYS5810883,D,S,C,2024-06-21,1000000.00,4.502239,101.59765625
14:33:53,912810UB2,TSRYS5810883,D,B,C,2024-06-21,1000000.00,4.502239,101.59765625
14:33:53,912810UB2,TSRYS5810883,D,S,D,2024-06-21,1000000.00,4.502536,101.59375
14:33:53,912810UB2,TSRYS5810883,D,B,C,2024-06-21,1000000.00,4.502536,101.59375
14:33:53,912810UB2,TSRYS5810883,D,S,D,2024-06-21,1000000.00,4.502536,101.59375
14:33:53,912810UB2,TSRYS5810883,D,B,C,2024-06-21,1000000.00,4.502536,101.59375
14:33:53,912810UB2,TSRYS5810883,D,S,C,2024-06-21,1000000.00,4.502536,101.59375
14:33:53,912810UB2,TSRYS5810883,D,B,C,2024-06-21,1000000.00,4.502536,101.59375
14:33:53,912810UB2,TSRYS5810883,D,S,D,2024-06-21,1000000.00,4.502536,101.59375
14:33:53,912810UB2,TSRYS5810883,D,B,C,2024-06-21,1000000.00,4.502536,101.59375
14:33:53,912810UB2,TSRYS5810883,D,S,D,2024-06-21,1000000.00,4.502536,101.59375
14:33:53,912810UB2,TSRYS5810883,D,B,C,2024-06-21,1000000.00,4.502536,101.59375
14:33:53,912810UB2,TSRYS5810883,D,S,D,2024-06-21,1000000.00,4.502536,101.59375
14:33:53,912810UB2,TSRYS5810883,D,B,C,2024-06-21,1000000.00,4.502536,101.59375
14:33:53,912810UB2,TSRYS5810883,D,S,D,2024-06-21,1000000.00,4.502536,101.59375
14:33:56,912810UB2,TSRYS5810883,D,B,C,2024-06-21,1000000.00,4.502536,101.59375
14:33:58,912810UB2,TSRYS5810883,D,S,T,2024-06-21,1000000.00,4.502536,101.59375
14:34:00,912810UB2,TSRYS5810883,D,B,C,2024-06-21,1000000.00,4.502536,101.59375
14:34:00,912810UB2,TSRYS5810883,D,S,C,2024-06-21,1000000.00,4.502536,101.59375
14:34:00,912810UB2,TSRYS5810883,D,S,C,2024-06-21,1000000.00,4.502536,101.59375
14:34:00,912810UB2,TSRYS5810883,D,B,C,2024-06-21,1000000.00,4.502536,101.59375
14:34:00,912810UB2,TSRYS5810883,D,S,D,2024-06-21,1000000.00,4.502528,101.59385
14:34:00,912810UB2,TSRYS5810883,D,B,C,2024-06-21,1000000.00,4.502536,101.59375
14:34:00,912810UB2,TSRYS5810883,D,S,T,2024-06-21,1000000.00,4.502536,101.59375
14:34:00,912810UB2,TSRYS5810883,D,B,C,2024-06-21,1000000.00,4.502839,101.58974375
14:34:00,912810UB2,TSRYS5810883,D,S,D,2024-06-21,1000000.00,4.502824,101.58994375
14:34:00,912810UB2,TSRYS5810883,D,B,C,2024-06-21,1000000.00,4.502832,101.58984375
14:34:00,912810UB2,TSRYS5810883,D,S,D,2024-06-21,1000000.00,4.502824,101.58994375
14:34:00,912810UB2,TSRYS5810883,D,B,C,2024-06-21,1000000.00,4.502699,101.591596875
14:34:01,912810UB2,TSRYS5810883,D,S,D,2024-06-21,1000000.00,4.502676,101.591896875
14:34:01,912810UB2,TSRYS5810883,D,B,C,2024-06-21,1000000.00,4.502684,101.591796875
14:34:01,912810UB2,TSRYS5810883,D,S,D,2024-06-21,1000000.00,4.502676,101.591896875
14:34:01,912810UB2,TSRYS5810883,D,B,C,2024-06-21,1000000.00,4.502684,101.591796875
14:34:01,912810UB2,TSRYS5810883,D,S,C,2024-06-21,1000000.00,4.502536,101.59375
14:34:01,912810UB2,TSRYS5810883,D,B,C,2024-06-21,1000000.00,4.502536,101.59375
14:34:01,912810UB2,TSRYS5810883,D,S,T,2024-06-21,1000000.00,4.502395,101.595603125
14:34:01,912810UB2,TSRYS5810883,D,S,D,2024-06-21,1000000.00,4.502676,101.591896875
14:34:01,912810UB2,TSRYS5810883,D,S,D,2024-06-21,1000000.00,4.502528,101.59385
14:34:01,912810UB2,TSRYS5810883,D,B,C,2024-06-21,1000000.00,4.502536,101.59375
14:34:01,912810UB2,TSRYS5810883,D,S,D,2024-06-21,1000000.00,4.502528,101.59385
14:34:02,912810UB2,TSRYS5810883,D,B,C,2024-06-21,1000000.00,4.502536,101.59375
14:34:02,912810UB2,TSRYS5810883,D,S,D,2024-06-21,1000000.00,4.502528,101.59385
14:34:02,912810UB2,TSRYS5810883,D,B,C,2024-06-21,1000000.00,4.502536,101.59375
14:34:02,912810UB2,TSRYS5810883,D,S,T,2024-06-21,2000000.00,4.502536,101.59375
14:34:02,912810UB2,TSRYS5810883,D,S,D,2024-06-21,1000000.00,4.502528,101.59385
14:34:02,912810UB2,TSRYS5810883,D,B,C,2024-06-21,1000000.00,4.502551,101.59355
14:34:02,912810UB2,TSRYS5810883,D,S,D,2024-06-21,1000000.00,4.502528,101.59385
14:34:02,912810UB2,TSRYS5810883,D,S,D,2024-06-21,1000000.00,4.502528,101.59385
14:34:02,912810UB2,TSRYS5810883,D,S,C,2024-06-21,1000000.00,4.502372,101.595903125
14:34:03,912810UB2,TSRYS5810883,D,S,D,2024-06-21,1000000.00,4.502536,101.59375
14:34:03,912810UB2,TSRYS5810883,D,B,C,2024-06-21,1000000.00,4.502536,101.59375
14:34:05,912810UB2,TSRYS5810883,D,B,C,2024-06-21,1000000.00,4.502536,101.593575
14:34:05,912810UB2,TSRYS5810883,D,S,D,2024-06-21,1000000.00,4.502536,101.59375
14:34:06,912810UB2,TSRYS5810883,D,B,C,2024-06-21,1000000.00,4.502536,101.59375
14:34:06,912810UB2,TSRYS5810883,D,S,D,2024-06-21,1000000.00,4.502536,101.59375
14:34:08,912810UB2,TSRYS5810883,D,S,T,2024-06-21,1000000.00,4.502536,101.59375
14:34:09,912810UB2,TSRYS5810883,D,S,C,2024-06-21,1000000.00,4.502388,101.595703125
14:34:09,912810UB2,TSRYS5810883,D,B,C,2024-06-21,1000000.00,4.502388,101.595703125
14:34:12,912810UB2,TSRYS5810883,D,S,D,2024-06-21,1000000.00,4.502536,101.59375
14:34:14,912810UB2,TSRYS5810883,D,S,D,2024-06-21,1000000.00,4.502536,101.59375
14:34:14,912810UB2,TSRYS5810883,D,B,C,2024-06-21,1000000.00,4.502536,101.59375
14:34:14,912810UB2,TSRYS5810883,D,S,C,2024-06-21,1000000.00,4.502388,101.595703125
14:34:14,912810UB2,TSRYS5810883,D,B,C,2024-06-21,1000000.00,4.502388,101.595703125
14:34:14,912810UB2,TSRYS5810883,D,B,C,2024-06-21,1000000.00,4.502536,101.59375
14:34:14,912810UB2,TSRYS5810883,D,S,C,2024-06-21,1000000.00,4.502521,101.59395
14:34:14,912810UB2,TSRYS5810883,D,B,C,2024-06-21,1000000.00,4.502551,101.59355
14:34:14,912810UB2,TSRYS5810883,D,S,D,2024-06-21,1000000.00,4.502536,101.59375
14:34:14,912810UB2,TSRYS5810883,D,S,D,2024-06-21,1000000.00,4.502536,101.59375
14:34:14,912810UB2,TSRYS5810883,D,B,C,2024-06-21,1000000.00,4.502549,101.593575
14:34:14,912810UB2,TSRYS5810883,D,B,C,2024-06-21,1000000.00,4.502549,101.593575
14:34:14,912810UB2,TSRYS5810883,D,S,C,2024-06-21,1000000.00,4.502388,101.595703125
14:34:14,912810UB2,TSRYS5810883,D,B,C,2024-06-21,1000000.00,4.502388,101.595703125
14:34:14,912810UB2,TSRYS5810883,D,S,D,2024-06-21,1000000.00,4.502536,101.59375
14:34:14,912810UB2,TSRYS5810883,D,S,D,2024-06-21,1000000.00,4.502536,101.59375
14:34:14,912810UB2,TSRYS5810883,D,B,C,2024-06-21,1000000.00,4.502549,101.593575
14:34:14,912810UB2,TSRYS5810883,D,S,D,2024-06-21,1000000.00,4.502536,101.59375
14:34:14,912810UB2,TSRYS5810883,D,B,C,2024-06-21,1000000.00,4.502536,101.59375
14:34:14,912810UB2,TSRYS5810883,D,S,D,2024-06-21,1000000.00,4.502536,101.59375
14:34:14,912810UB2,TSRYS5810883,D,B,C,2024-06-21,1000000.00,4.502536,101.59375
14:34:26,912810UB2,TSRYS5810883,D,B,C,2024-06-21,1000000.00,4.502536,101.59375
14:34:26,912810UB2,TSRYS5810883,D,S,D,2024-06-21,1000000.00,4.502536,101.59375
14:34:26,912810UB2,TSRYS5810883,D,S,D,2024-06-21,1000000.00,4.502536,101.59375
14:34:26,912810UB2,TSRYS5810883,D,B,C,2024-06-21,1000000.00,4.502536,101.59375
14:34:26,912810UB2,TSRYS5810883,D,B,C,2024-06-21,1000000.00,4.502536,101.59375
14:34:26,912810UB2,TSRYS5810883,D,S,D,2024-06-21,1000000.00,4.502536,101.59375
14:34:26,912810UB2,TSRYS5810883,D,B,C,2024-06-21,1000000.00,4.502536,101.59375
14:34:26,912810UB2,TSRYS5810883,D,S,D,2024-06-21,1000000.00,4.502536,101.59375
14:34:29,912810UB2,TSRYS5810883,D,S,D,2024-06-21,1000000.00,4.502536,101.59375
14:34:29,912810UB2,TSRYS5810883,D,S,D,2024-06-21,1000000.00,4.502536,101.59375
14:34:29,912810UB2,TSRYS5810883,D,B,C,2024-06-21,1000000.00,4.502549,101.593575
14:34:29,912810UB2,TSRYS5810883,D,B,C,2024-06-21,1000000.00,4.502549,101.593575
14:34:29,912810UB2,TSRYS5810883,D,B,C,2024-06-21,1000000.00,4.502536,101.59375
14:34:29,912810UB2,TSRYS5810883,D,S,D,2024-06-21,1000000.00,4.502536,101.59375
14:34:29,912810UB2,TSRYS5810883,D,B,C,2024-06-21,1000000.00,4.502536,101.59375
14:34:29,912810UB2,TSRYS5810883,D,S,D,2024-06-21,1000000.00,4.502536,101.59375
14:34:29,912810UB2,TSRYS5810883,D,B,C,2024-06-21,1000000.00,4.502536,101.59375
14:34:29,912810UB2,TSRYS5810883,D,S,D,2024-06-21,1000000.00,4.502536,101.59375
14:34:29,912810UB2,TSRYS5810883,D,B,C,2024-06-21,1000000.00,4.502536,101.59375
14:34:29,912810UB2,TSRYS5810883,D,S,D,2024-06-21,1000000.00,4.502536,101.59375
14:34:29,912810UB2,TSRYS5810883,D,S,D,2024-06-21,2000000.00,4.502536,101.59375
14:34:29,912810UB2,TSRYS5810883,D,B,C,2024-06-21,1000000.00,4.502549,101.593575
14:34:29,912810UB2,TSRYS5810883,D,B,C,2024-06-21,1000000.00,4.502549,101.593575
14:34:43,912810UB2,TSRYS5810883,D,S,D,2024-06-21,1000000.00,4.502536,101.59375
14:34:43,912810UB2,TSRYS5810883,D,B,C,2024-06-21,1000000.00,4.502536,101.59375
14:34:43,912810UB2,TSRYS5810883,D,S,D,2024-06-21,1000000.00,4.502536,101.59375
14:34:43,912810UB2,TSRYS5810883,D,S,D,2024-06-21,1000000.00,4.502536,101.59375
14:34:57,912810UB2,TSRYS5810883,D,B,C,2024-06-21,19000000.00,4.504059,101.57367
14:35:41,912810UB2,TSRYS5810883,D,S,D,2024-06-21,1000000.00,4.502528,101.59385
14:35:41,912810UB2,TSRYS5810883,D,B,C,2024-06-21,1000000.00,4.502543,101.59365
14:35:41,912810UB2,TSRYS5810883,D,S,D,2024-06-21,1000000.00,4.502528,101.59385
14:35:41,912810UB2,TSRYS5810883,D,B,C,2024-06-21,1000000.00,4.502536,101.59375
14:35:41,912810UB2,TSRYS5810883,D,S,D,2024-06-21,1000000.00,4.502528,101.59385
14:35:41,912810UB2,TSRYS5810883,D,B,C,2024-06-21,1000000.00,4.502247,101.59755625
14:35:42,912810UB2,TSRYS5810883,D,S,C,2024-06-21,1000000.00,4.502239,101.59765625
14:35:42,912810UB2,TSRYS5810883,D,B,C,2024-06-21,1000000.00,4.502239,101.59765625
14:35:42,912810UB2,TSRYS5810883,D,S,C,2024-06-21,1000000.00,4.502239,101.59765625
14:35:42,912810UB2,TSRYS5810883,D,S,T,2024-06-21,1000000.00,4.502536,101.59375
14:35:51,912810UB2,TSRYS5810883,D,S,C,2024-06-21,1000000.00,4.502536,101.59375
14:36:04,912810UB2,TSRYS5810883,D,S,T,2024-06-21,1000000.00,4.502543,101.59365
14:36:12,912810UB2,TSRYS5810883,D,B,C,2024-06-21,1000000.00,4.502553,101.593525
14:36:12,912810UB2,TSRYS5810883,D,B,C,2024-06-21,1000000.00,4.502536,101.59375
14:36:12,912810UB2,TSRYS5810883,D,S,D,2024-06-21,1000000.00,4.502536,101.59375
14:36:12,912810UB2,TSRYS5810883,D,S,D,2024-06-21,1000000.00,4.502536,101.59375
14:36:12,912810UB2,TSRYS5810883,D,B,C,2024-06-21,1000000.00,4.502536,101.59375
14:36:12,912810UB2,TSRYS5810883,D,S,D,2024-06-21,1000000.00,4.502536,101.59375
14:36:12,912810UB2,TSRYS5810883,D,B,C,2024-06-21,1000000.00,4.502549,101.593575
14:36:12,912810UB2,TSRYS5810883,D,S,C,2024-06-21,1000000.00,4.502536,101.59375
14:36:39,912810UB2,TSRYS5810883,D,S,D,2024-06-21,1000000.00,4.502528,101.59385
14:36:39,912810UB2,TSRYS5810883,D,S,D,2024-06-21,1000000.00,4.502528,101.59385
14:36:40,912810UB2,TSRYS5810883,D,S,T,2024-06-21,1000000.00,4.502536,101.59375
14:36:41,912810UB2,TSRYS5810883,D,B,C,2024-06-21,1000000.00,4.502239,101.59765625
14:36:41,912810UB2,TSRYS5810883,D,S,C,2024-06-21,1000000.00,4.502239,101.59765625
14:36:44,912810UB2,TSRYS5810883,D,B,C,2024-06-21,1000000.00,4.502536,101.593575
14:36:44,912810UB2,TSRYS5810883,D,S,D,2024-06-21,1000000.00,4.502536,101.59375
14:36:47,912810UB2,TSRYS5810883,D,S,C,2024-06-21,1000000.00,4.502372,101.595903125
14:36:47,912810UB2,TSRYS5810883,D,B,C,2024-06-21,1000000.00,4.502395,101.595603125
14:36:47,912810UB2,TSRYS5810883,D,B,C,2024-06-21,1000000.00,4.502239,101.59765625
14:36:47,912810UB2,TSRYS5810883,D,S,C,2024-06-21,1000000.00,4.502239,101.59765625
14:36:48,912810UB2,TSRYS5810883,D,B,C,2024-06-21,1000000.00,4.502099,101.599509375
14:36:48,912810UB2,TSRYS5810883,D,S,C,2024-06-21,1000000.00,4.502091,101.599609375
14:36:49,912810UB2,TSRYS5810883,D,S,T,2024-06-21,1000000.00,4.502536,101.59375
14:36:51,912810UB2,TSRYS5810883,D,S,D,2024-06-21,94000.00,4.501943,101.6015625
14:36:52,912810UB2,TSRYS5810883,D,S,D,2024-06-21,399000.00,4.501943,101.6015625
14:36:52,912810UB2,TSRYS5810883,D,S,D,2024-06-21,66000.00,4.501943,101.6015625
14:36:53,912810UB2,TSRYS5810883,D,S,T,2024-06-21,399000.00,4.501943,101.6015625
14:36:58,912810UB2,TSRYS5810883,D,S,T,2024-06-21,66000.00,4.501943,101.6015625
14:37:04,912810UB2,TSRYS5810883,D,B,C,2024-06-21,1000000.00,4.502691,101.591696875
14:37:04,912810UB2,TSRYS5810883,D,S,D,2024-06-21,1000000.00,4.502684,101.591796875
14:37:05,912810UB2,TSRYS5810883,D,B,C,2024-06-21,1000000.00,4.502546,101.5936139
14:37:09,912810UB2,TSRYS5810883,D,B,C,2024-06-21,1000000.00,4.502239,101.59765625
14:37:09,912810UB2,TSRYS5810883,D,S,C,2024-06-21,1000000.00,4.502239,101.59765625
14:37:09,912810UB2,TSRYS5810883,D,B,C,2024-06-21,1000000.00,4.502247,101.59755625
14:37:09,912810UB2,TSRYS5810883,D,S,C,2024-06-21,1000000.00,4.502239,101.59765625
14:37:12,912810UB2,TSRYS5810883,D,B,C,2024-06-21,1000000.00,4.502549,101.593575
14:37:12,912810UB2,TSRYS5810883,D,S,D,2024-06-21,1000000.00,4.502536,101.59375
14:37:12,912810UB2,TSRYS5810883,D,B,C,2024-06-21,1000000.00,4.502536,101.59375
14:37:12,912810UB2,TSRYS5810883,D,B,C,2024-06-21,1000000.00,4.502536,101.59375
14:37:12,912810UB2,TSRYS5810883,D,S,D,2024-06-21,1000000.00,4.502536,101.59375
14:37:12,912810UB2,TSRYS5810883,D,S,D,2024-06-21,1000000.00,4.502536,101.59375
14:37:12,912810UB2,TSRYS5810883,D,S,D,2024-06-21,1000000.00,4.502536,101.59375
14:37:12,912810UB2,TSRYS5810883,D,S,D,2024-06-21,1000000.00,4.502536,101.59375
14:37:12,912810UB2,TSRYS5810883,D,B,C,2024-06-21,1000000.00,4.502549,101.593575
14:37:12,912810UB2,TSRYS5810883,D,S,D,2024-06-21,1000000.00,4.502536,101.59375
14:37:12,912810UB2,TSRYS5810883,D,B,C,2024-06-21,1000000.00,4.502549,101.593575
14:37:12,912810UB2,TSRYS5810883,D,B,C,2024-06-21,1000000.00,4.502551,101.59355
14:37:12,912810UB2,TSRYS5810883,D,S,T,2024-06-21,1000000.00,4.502536,101.59375
14:37:13,912810UB2,TSRYS5810883,D,S,D,2024-06-21,1000000.00,4.502528,101.59385
14:37:13,912810UB2,TSRYS5810883,D,B,C,2024-06-21,1000000.00,4.502536,101.59375
14:37:13,912810UB2,TSRYS5810883,D,S,D,2024-06-21,1000000.00,4.502528,101.59385
14:37:13,912810UB2,TSRYS5810883,D,B,C,2024-06-21,1000000.00,4.502536,101.59375
14:37:14,912810UB2,TSRYS5810883,D,B,C,2024-06-21,1000000.00,4.502536,101.593575
14:37:14,912810UB2,TSRYS5810883,D,S,D,2024-06-21,1000000.00,4.502536,101.59375
14:37:41,912810UB2,TSRYS5810883,D,S,D,2024-06-21,1000000.00,4.502528,101.59385
14:37:42,912810UB2,TSRYS5810883,D,S,T,2024-06-21,1000000.00,4.502536,101.59375
14:37:42,912810UB2,TSRYS5810883,D,S,D,2024-06-21,1000000.00,4.502536,101.59375
14:37:42,912810UB2,TSRYS5810883,D,B,C,2024-06-21,1000000.00,4.502549,101.593575
14:37:44,912810UB2,TSRYS5810883,D,S,D,2024-06-21,1000000.00,4.502528,101.59385
14:37:46,912810UB2,TSRYS5810883,D,B,C,2024-06-21,1000000.00,4.502247,101.59755625
14:37:46,912810UB2,TSRYS5810883,D,S,C,2024-06-21,1000000.00,4.502239,101.59765625
14:37:46,912810UB2,TSRYS5810883,D,S,C,2024-06-21,1000000.00,4.502388,101.595703125
14:37:46,912810UB2,TSRYS5810883,D,S,C,2024-06-21,1000000.00,4.502388,101.595703125
14:37:48,912810UB2,TSRYS5810883,D,S,C,2024-06-21,50MM+,4.501351,101.609375
14:37:50,912810UB2,TSRYS5810883,D,S,T,2024-06-21,1000000.00,4.502536,101.59375
14:37:57,912810UB2,TSRYS5810883,D,B,C,2024-06-21,1000000.00,4.502536,101.59375
14:37:57,912810UB2,TSRYS5810883,D,S,D,2024-06-21,1000000.00,4.502536,101.59375
14:37:57,912810UB2,TSRYS5810883,D,B,C,2024-06-21,1000000.00,4.502536,101.59375
14:37:57,912810UB2,TSRYS5810883,D,S,D,2024-06-21,1000000.00,4.502536,101.59375
14:37:57,912810UB2,TSRYS5810883,D,B,C,2024-06-21,1000000.00,4.502536,101.59375
14:37:57,912810UB2,TSRYS5810883,D,B,C,2024-06-21,1000000.00,4.502536,101.59375
14:37:57,912810UB2,TSRYS5810883,D,S,D,2024-06-21,1000000.00,4.502536,101.59375
14:37:57,912810UB2,TSRYS5810883,D,S,D,2024-06-21,1000000.00,4.502536,101.59375
14:37:57,912810UB2,TSRYS5810883,D,B,C,2024-06-21,1000000.00,4.502551,101.59355
14:37:57,912810UB2,TSRYS5810883,D,S,D,2024-06-21,1000000.00,4.502536,101.59375
14:37:57,912810UB2,TSRYS5810883,D,S,D,2024-06-21,1000000.00,4.502536,101.59375
14:37:57,912810UB2,TSRYS5810883,D,B,C,2024-06-21,1000000.00,4.502536,101.59375
14:37:57,912810UB2,TSRYS5810883,D,S,D,2024-06-21,1000000.00,4.502536,101.59375
14:37:57,912810UB2,TSRYS5810883,D,S,D,2024-06-21,1000000.00,4.502536,101.59375
14:37:57,912810UB2,TSRYS5810883,D,B,C,2024-06-21,1000000.00,4.502536,101.59375
14:37:58,912810UB2,TSRYS5810883,D,B,C,2024-06-21,1000000.00,4.502536,101.59375
14:37:58,912810UB2,TSRYS5810883,D,S,C,2024-06-21,1000000.00,4.502536,101.59375
14:37:58,912810UB2,TSRYS5810883,D,B,C,2024-06-21,8000000.00,4.502536,101.59375
14:37:58,912810UB2,TSRYS5810883,D,S,D,2024-06-21,8000000.00,4.502536,101.59375
14:37:58,912810UB2,TSRYS5810883,D,B,C,2024-06-21,1000000.00,4.502536,101.59375
14:37:58,912810UB2,TSRYS5810883,D,B,C,2024-06-21,1000000.00,4.502553,101.593525
14:37:58,912810UB2,TSRYS5810883,D,S,D,2024-06-21,1000000.00,4.502536,101.59375
14:37:58,912810UB2,TSRYS5810883,D,S,C,2024-06-21,1000000.00,4.502536,101.59375
14:38:03,912810UB2,TSRYS5810883,D,S,C,2024-06-21,1000000.00,4.502536,101.59375
14:38:03,912810UB2,TSRYS5810883,D,S,C,2024-06-21,1000000.00,4.502239,101.59765625
14:38:16,912810UB2,TSRYS5810883,D,S,C,2024-06-21,1000000.00,4.502388,101.59570312
14:38:16,912810UB2,TSRYS5810883,D,S,T,2024-06-21,2000000.00,4.502388,101.59570312
14:38:31,912810UB2,TSRYS5810883,D,S,T,2024-06-21,94000.00,4.501943,101.6015625
14:38:35,912810UB2,TSRYS5810883,D,S,D,2024-06-21,105000.00,4.503721,101.578125
14:38:40,912810UB2,TSRYS5810883,D,S,D,2024-06-21,875000.00,4.503721,101.578125
14:38:52,912810UB2,TSRYS5810883,D,S,D,2024-06-21,1000000.00,4.502239,101.59765625
14:38:52,912810UB2,TSRYS5810883,D,S,C,2024-06-21,2000000.00,4.502536,101.59375
14:38:52,912810UB2,TSRYS5810883,D,S,C,2024-06-21,11900000.00,4.52866,101.25
14:38:54,912810UB2,TSRYS5810883,D,S,D,2024-06-21,2000000.00,4.502536,101.59375
14:38:54,912810UB2,TSRYS5810883,D,S,T,2024-06-21,1000000.00,4.503869,101.576171875
14:38:54,912810UB2,TSRYS5810883,D,S,T,2024-06-21,1000000.00,4.503432,101.58193125
14:38:54,912810UB2,TSRYS5810883,D,S,T,2024-06-21,1000000.00,4.50358,101.579978125
14:38:54,912810UB2,TSRYS5810883,D,S,T,2024-06-21,1000000.00,4.502543,101.59365
14:38:54,912810UB2,TSRYS5810883,D,S,T,2024-06-21,1000000.00,4.502536,101.59375
14:38:54,912810UB2,TSRYS5810883,D,S,T,2024-06-21,3000000.00,4.502536,101.59375
14:38:54,912810UB2,TSRYS5810883,D,S,T,2024-06-21,2000000.00,4.502536,101.59375
14:38:54,912810UB2,TSRYS5810883,D,S,T,2024-06-21,1000000.00,4.502536,101.59375
14:38:54,912810UB2,TSRYS5810883,D,S,T,2024-06-21,4000000.00,4.502536,101.59375
14:38:54,912810UB2,TSRYS5810883,D,S,T,2024-06-21,1000000.00,4.502543,101.59365
14:38:54,912810UB2,TSRYS5810883,D,S,T,2024-06-21,1000000.00,4.502543,101.59365
14:38:54,912810UB2,TSRYS5810883,D,S,T,2024-06-21,1000000.00,4.502536,101.59375
14:38:54,912810UB2,TSRYS5810883,D,S,D,2024-06-21,1000000.00,4.502528,101.59385
14:38:54,912810UB2,TSRYS5810883,D,S,D,2024-06-21,1000000.00,4.502536,101.59375
14:38:54,912810UB2,TSRYS5810883,D,S,C,2024-06-21,1000000.00,4.502536,101.59375
14:38:54,912810UB2,TSRYS5810883,D,S,D,2024-06-21,3000000.00,4.502528,101.59385
14:38:55,912810UB2,TSRYS5810883,D,S,D,2024-06-21,2000000.00,4.502528,101.59385
14:38:55,912810UB2,TSRYS5810883,D,S,T,2024-06-21,2000000.00,4.502536,101.59375
14:38:55,912810UB2,TSRYS5810883,D,S,C,2024-06-21,1000000.00,4.503869,101.576171875
14:38:55,912810UB2,TSRYS5810883,D,S,T,2024-06-21,1000000.00,4.502536,101.59375
14:38:55,912810UB2,TSRYS5810883,D,S,T,2024-06-21,1000000.00,4.502536,101.59375
14:38:55,912810UB2,TSRYS5810883,D,S,C,2024-06-21,1000000.00,4.503424,101.58203125
14:38:55,912810UB2,TSRYS5810883,D,S,D,2024-06-21,1000000.00,4.502536,101.59375
14:38:55,912810UB2,TSRYS5810883,D,S,D,2024-06-21,1000000.00,4.503573,101.580078125
14:38:55,912810UB2,TSRYS5810883,D,S,D,2024-06-21,2000000.00,4.502536,101.59375
14:38:56,912810UB2,TSRYS5810883,D,S,D,2024-06-21,1000000.00,4.502528,101.59385
14:38:56,912810UB2,TSRYS5810883,D,S,D,2024-06-21,1000000.00,4.502528,101.59385
14:38:56,912810UB2,TSRYS5810883,D,S,D,2024-06-21,1000000.00,4.502528,101.59385
14:38:56,912810UB2,TSRYS5810883,D,S,D,2024-06-21,1000000.00,4.502528,101.59385
14:38:59,912810UB2,TSRYS5810883,D,S,D,2024-06-21,1000000.00,4.502536,101.59375
14:38:59,912810UB2,TSRYS5810883,D,S,D,2024-06-21,2000000.00,4.502832,101.58984375
14:38:59,912810UB2,TSRYS5810883,D,B,C,2024-06-21,1000000.00,4.502536,101.59375
14:38:59,912810UB2,TSRYS5810883,D,S,D,2024-06-21,1000000.00,4.502536,101.59375
14:38:59,912810UB2,TSRYS5810883,D,B,C,2024-06-21,1000000.00,4.502536,101.59375
14:38:59,912810UB2,TSRYS5810883,D,S,D,2024-06-21,1000000.00,4.502536,101.59375
14:38:59,912810UB2,TSRYS5810883,D,S,D,2024-06-21,2000000.00,4.502832,101.58984375
14:38:59,912810UB2,TSRYS5810883,D,S,D,2024-06-21,1000000.00,4.502536,101.59375
14:38:59,912810UB2,TSRYS5810883,D,S,D,2024-06-21,1000000.00,4.502536,101.59375
14:38:59,912810UB2,TSRYS5810883,D,S,D,2024-06-21,1000000.00,4.502536,101.59375
14:38:59,912810UB2,TSRYS5810883,D,S,D,2024-06-21,1000000.00,4.502536,101.59375
14:38:59,912810UB2,TSRYS5810883,D,S,C,2024-06-21,1000000.00,4.502536,101.59375
14:38:59,912810UB2,TSRYS5810883,D,S,D,2024-06-21,1000000.00,4.502536,101.59375
14:38:59,912810UB2,TSRYS5810883,D,S,D,2024-06-21,1000000.00,4.502536,101.59375
14:39:01,912810UB2,TSRYS5810883,D,S,D,2024-06-21,1000000.00,4.502832,101.58984375
14:39:01,912810UB2,TSRYS5810883,D,S,D,2024-06-21,2000000.00,4.503128,101.5859375
14:39:02,912810UB2,TSRYS5810883,D,S,D,2024-06-21,2000000.00,4.503128,101.5859375
14:39:09,912810UB2,TSRYS5810883,D,S,D,2024-06-21,1000000.00,4.502536,101.59375
14:39:10,912810UB2,TSRYS5810883,D,S,T,2024-06-21,1000000.00,4.502551,101.59355
14:39:14,912810UB2,TSRYS5810883,D,S,C,2024-06-21,1000000.00,4.502832,101.58984375
14:39:14,912810UB2,TSRYS5810883,D,S,C,2024-06-21,1000000.00,4.502832,101.58984375
14:39:14,912810UB2,TSRYS5810883,D,S,D,2024-06-21,1000000.00,4.502832,101.58984375
14:39:25,912810UB2,TSRYS5810883,D,S,D,2024-06-21,779000.00,4.501351,101.609375
14:39:29,912810UB2,TSRYS5810883,D,S,D,2024-06-21,1000000.00,4.502536,101.59375
14:39:29,912810UB2,TSRYS5810883,D,S,T,2024-06-21,1000000.00,4.502536,101.59375
14:39:38,912810UB2,TSRYS5810883,D,S,T,2024-06-21,2000000.00,4.502832,101.58984375
14:39:40,912810UB2,TSRYS5810883,D,S,T,2024-06-21,2000000.00,4.502832,101.58984375
14:39:42,912810UB2,TSRYS5810883,D,S,T,2024-06-21,1000000.00,4.502536,101.59375
14:39:42,912810UB2,TSRYS5810883,D,S,T,2024-06-21,2000000.00,4.502547,101.5936
14:39:44,912810UB2,TSRYS5810883,D,B,C,2024-06-21,1000000.00,4.502536,101.59375
14:39:44,912810UB2,TSRYS5810883,D,B,C,2024-06-21,1000000.00,4.502536,101.59375
14:39:44,912810UB2,TSRYS5810883,D,S,D,2024-06-21,1000000.00,4.502536,101.59375
14:39:44,912810UB2,TSRYS5810883,D,S,D,2024-06-21,2000000.00,4.502536,101.59375
14:39:44,912810UB2,TSRYS5810883,D,S,D,2024-06-21,1000000.00,4.502536,101.59375
14:39:44,912810UB2,TSRYS5810883,D,S,D,2024-06-21,4000000.00,4.502536,101.59375
14:39:44,912810UB2,TSRYS5810883,D,B,C,2024-06-21,1000000.00,4.502551,101.59355
14:39:44,912810UB2,TSRYS5810883,D,S,D,2024-06-21,2000000.00,4.502536,101.59375
14:39:44,912810UB2,TSRYS5810883,D,S,D,2024-06-21,1000000.00,4.502536,101.59375
14:39:44,912810UB2,TSRYS5810883,D,S,D,2024-06-21,1000000.00,4.502536,101.59375
14:39:44,912810UB2,TSRYS5810883,D,S,D,2024-06-21,1000000.00,4.502536,101.59375
14:39:44,912810UB2,TSRYS5810883,D,S,D,2024-06-21,1000000.00,4.502536,101.59375
14:39:44,912810UB2,TSRYS5810883,D,S,D,2024-06-21,1000000.00,4.502536,101.59375
14:39:44,912810UB2,TSRYS5810883,D,B,C,2024-06-21,1000000.00,4.502551,101.59355
14:39:45,912810UB2,TSRYS5810883,D,S,D,2024-06-21,1000000.00,4.502536,101.59375
14:39:58,912810UB2,TSRYS5810883,D,S,D,2024-06-21,1000000.00,4.502536,101.59375
14:39:58,912810UB2,TSRYS5810883,D,S,D,2024-06-21,2000000.00,4.502536,101.59375
14:40:03,912810UB2,TSRYS5810883,D,S,D,2024-06-21,2000000.00,4.502536,101.59375
14:40:16,912810UB2,TSRYS5810883,D,S,A,2024-06-21,610000.00,4.501647,101.60546875
14:40:20,912810UB2,TSRYS5810883,D,S,T,2024-06-21,2000000.00,4.502536,101.59375
14:40:20,912810UB2,TSRYS5810883,D,S,T,2024-06-21,1000000.00,4.502536,101.59375
14:40:23,912810UB2,TSRYS5810883,D,S,T,2024-06-21,1000000.00,4.502536,101.59375
14:40:23,912810UB2,TSRYS5810883,D,S,T,2024-06-21,1000000.00,4.502536,101.59375
14:40:31,912810UB2,TSRYS5810883,D,S,T,2024-06-21,1000000.00,4.502536,101.59375
14:40:34,912810UB2,TSRYS5810883,D,S,T,2024-06-21,1000000.00,4.502536,101.59375
14:40:34,912810UB2,TSRYS5810883,D,S,T,2024-06-21,1000000.00,4.502536,101.59375
14:40:36,912810UB2,TSRYS5810883,D,S,T,2024-06-21,2000000.00,4.502551,101.59355
14:40:36,912810UB2,TSRYS5810883,D,S,T,2024-06-21,1000000.00,4.502551,101.59355
14:40:36,912810UB2,TSRYS5810883,D,S,T,2024-06-21,1000000.00,4.502832,101.58984375
14:40:38,912810UB2,TSRYS5810883,D,S,D,2024-06-21,1000000.00,4.502536,101.59375
14:40:38,912810UB2,TSRYS5810883,D,S,D,2024-06-21,1000000.00,4.502832,101.58984375
14:40:38,912810UB2,TSRYS5810883,D,S,D,2024-06-21,3000000.00,4.502832,101.58984375
14:40:40,912810UB2,TSRYS5810883,D,S,D,2024-06-21,1000000.00,4.502684,101.59179687
14:40:40,912810UB2,TSRYS5810883,D,S,C,2024-06-21,1000000.00,4.502684,101.59179687
14:40:42,912810UB2,TSRYS5810883,D,S,D,2024-06-21,3000000.00,4.502536,101.59375
14:40:43,912810UB2,TSRYS5810883,D,S,T,2024-06-21,1000000.00,4.502551,101.59355
14:40:46,912810UB2,TSRYS5810883,D,S,D,2024-06-21,600000.00,4.501351,101.609375
14:40:59,912810UB2,TSRYS5810883,D,S,D,2024-06-21,1000000.00,4.501943,101.6015625
14:41:01,912810UB2,TSRYS5810883,D,S,C,2024-06-21,1000000.00,4.502536,101.59375
14:41:01,912810UB2,TSRYS5810883,D,S,C,2024-06-21,2000000.00,4.502536,101.59375
14:41:11,912810UB2,TSRYS5810883,D,S,C,2024-06-21,1000000.00,4.501647,101.60546875
14:41:11,912810UB2,TSRYS5810883,D,S,C,2024-06-21,1000000.00,4.501795,101.603515625
14:41:11,912810UB2,TSRYS5810883,D,B,C,2024-06-21,1000000.00,4.501795,101.603515625
14:41:16,912810UB2,TSRYS5810883,D,S,C,2024-06-21,1000000.00,4.502536,101.59375
14:41:16,912810UB2,TSRYS5810883,D,S,C,2024-06-21,1000000.00,4.501647,101.60546875
14:41:50,912810UB2,TSRYS5810883,D,S,D,2024-06-21,1000000.00,4.501647,101.60546875
14:41:50,912810UB2,TSRYS5810883,D,S,T,2024-06-21,1000000.00,4.501647,101.60546875
14:41:50,912810UB2,TSRYS5810883,D,S,D,2024-06-21,1000000.00,4.501647,101.60546875
14:41:50,912810UB2,TSRYS5810883,D,S,D,2024-06-21,1000000.00,4.501647,101.60546875
14:42:00,912810UB2,TSRYS5810883,D,B,C,2024-06-21,1000000.00,4.501364,101.6092
14:42:00,912810UB2,TSRYS5810883,D,S,C,2024-06-21,1000000.00,4.501351,101.609375
14:42:00,912810UB2,TSRYS5810883,D,B,C,2024-06-21,1000000.00,4.501351,101.609375
14:42:00,912810UB2,TSRYS5810883,D,S,C,2024-06-21,1000000.00,4.501351,101.609375
14:42:00,912810UB2,TSRYS5810883,D,S,C,2024-06-21,1000000.00,4.501499,101.607421875
14:42:18,912810UB2,TSRYS5810883,D,S,T,2024-06-21,1000000.00,4.501499,101.60742187
14:42:30,912810UB2,TSRYS5810883,D,B,C,2024-06-21,25000000.00,4.502696,101.59164
14:42:42,912810UB2,TSRYS5810883,D,S,C,2024-06-21,1265000.00,4.502536,101.59375
14:42:43,912810UB2,TSRYS5810883,D,S,D,2024-06-21,150000.00,4.501647,101.60546875
14:42:51,912810UB2,TSRYS5810883,D,S,D,2024-06-21,880000.00,4.501203,101.611328125
14:42:52,912810UB2,TSRYS5810883,D,S,D,2024-06-21,880000.00,4.500463,101.62109375
14:43:11,912810UB2,TSRYS5810883,D,S,D,2024-06-21,860000.00,4.501499,101.607421875
14:43:15,912810UB2,TSRYS5810883,D,B,C,2024-06-21,1000000.00,4.500914,101.615134375
14:43:15,912810UB2,TSRYS5810883,D,S,D,2024-06-21,1000000.00,4.500907,101.615234375
14:43:19,912810UB2,TSRYS5810883,D,S,D,2024-06-21,800000.00,4.500463,101.62109375
14:43:21,912810UB2,TSRYS5810883,D,S,D,2024-06-21,800000.00,4.501203,101.611328125
14:43:22,912810UB2,TSRYS5810883,D,S,D,2024-06-21,860000.00,4.500463,101.62109375
14:45:42,912810UB2,TSRYS5810883,D,S,C,2024-06-21,1650000.00,4.502536,101.59375
14:47:53,912810UB2,TSRYS5810883,D,S,C,2024-06-21,350000.00,4.501055,101.61328125
14:48:03,912810UB2,TSRYS5810883,D,S,D,2024-06-21,350000.00,,101.61328125
14:50:02,912810UB2,TSRYS5810883,D,S,C,2024-06-21,1000000.00,4.502388,101.595703125
14:50:02,912810UB2,TSRYS5810883,D,B,C,2024-06-21,1000000.00,4.502388,101.595703125
14:50:44,912810UB2,TSRYS5810883,D,S,C,2024-06-21,1000000.00,4.501351,101.609375
14:50:44,912810UB2,TSRYS5810883,D,B,C,2024-06-21,1000000.00,4.501366,101.609175
14:50:44,912810UB2,TSRYS5810883,D,S,C,2024-06-21,1000000.00,4.501351,101.609375
14:50:44,912810UB2,TSRYS5810883,D,B,C,2024-06-21,1000000.00,4.501351,101.609375
14:50:44,912810UB2,TSRYS5810883,D,S,C,2024-06-21,1000000.00,4.501351,101.609375
14:50:44,912810UB2,TSRYS5810883,D,B,C,2024-06-21,1000000.00,4.501351,101.609375
14:50:44,912810UB2,TSRYS5810883,D,S,C,2024-06-21,1000000.00,4.501351,101.609375
14:50:44,912810UB2,TSRYS5810883,D,B,C,2024-06-21,1000000.00,4.501351,101.609375
14:52:37,912810UB2,TSRYS5810883,D,S,D,2024-06-21,7000000.00,4.50284,101.58974
14:52:50,912810UB2,TSRYS5810883,D,S,C,2024-06-21,38000000.00,4.505779,101.55099
14:53:24,912810UB2,TSRYS5810883,D,S,D,2024-06-21,1000000.00,4.501647,101.60546875
14:53:29,912810UB2,TSRYS5810883,D,S,D,2024-06-21,1000000.00,4.501647,101.60546875
14:54:44,912810UB2,TSRYS5810883,D,S,C,2024-06-21,1000000.00,4.502388,101.595703125
14:54:44,912810UB2,TSRYS5810883,D,B,C,2024-06-21,1000000.00,4.502388,101.595703125
14:55:00,912810UB2,TSRYS5810883,D,S,D,2024-06-21,1000000.00,4.501647,101.60546875
14:55:01,912810UB2,TSRYS5810883,D,S,T,2024-06-21,1000000.00,4.501647,101.60546875
14:55:03,912810UB2,TSRYS5810883,D,S,D,2024-06-21,2000000.00,4.501647,101.60546875
14:55:03,912810UB2,TSRYS5810883,D,S,D,2024-06-21,1000000.00,4.501647,101.60546875
14:55:15,912810UB2,TSRYS5810883,D,S,D,2024-06-21,350000.00,4.500166,101.625
14:55:36,912810UB2,TSRYS5810883,D,S,D,2024-06-21,80000.00,4.501943,101.6015625
14:55:41,912810UB2,TSRYS5810883,D,B,C,2024-06-21,170000.00,4.500759,101.6171875
14:56:16,912810UB2,TSRYS5810883,D,B,C,2024-06-21,1000000.00,4.501351,101.609375
14:56:16,912810UB2,TSRYS5810883,D,S,D,2024-06-21,1000000.00,4.501351,101.609375
14:56:16,912810UB2,TSRYS5810883,D,S,D,2024-06-21,1000000.00,4.501351,101.609375
14:56:16,912810UB2,TSRYS5810883,D,B,C,2024-06-21,1000000.00,4.501351,101.609375
14:56:38,912810UB2,TSRYS5810883,D,B,C,2024-06-21,210000.00,4.500166,101.625
14:57:24,912810UB2,TSRYS5810883,D,S,D,2024-06-21,220000.00,4.501647,101.60546875
14:57:56,912810UB2,TSRYS5810883,D,B,C,2024-06-21,4140000.00,4.502832,101.58984375
14:58:02,912810UB2,TSRYS5810883,D,S,C,2024-06-21,1000000.00,4.502388,101.595703125
14:58:02,912810UB2,TSRYS5810883,D,B,C,2024-06-21,1000000.00,4.502388,101.595703125
14:58:03,912810UB2,TSRYS5810883,D,B,C,2024-06-21,1000000.00,4.501351,101.609375
14:58:18,912810UB2,TSRYS5810883,D,S,C,2024-06-21,1000000.00,4.501336,101.609575
14:58:42,912810UB2,TSRYS5810883,D,S,D,2024-06-21,1000000.00,4.501943,101.6015625
14:58:48,912810UB2,TSRYS5810883,D,S,D,2024-06-21,1000000.00,4.501351,101.609375
14:58:48,912810UB2,TSRYS5810883,D,B,C,2024-06-21,1000000.00,4.501351,101.609375
14:58:48,912810UB2,TSRYS5810883,D,B,C,2024-06-21,1000000.00,4.501351,101.609375
14:58:48,912810UB2,TSRYS5810883,D,S,C,2024-06-21,1000000.00,4.501351,101.609375
14:59:53,912810UB2,TSRYS5810883,D,S,D,2024-06-21,590000.00,4.499278,101.63671875
14:59:53,912810UB2,TSRYS5810883,D,S,D,2024-06-21,590000.00,4.499278,101.63671875
14:59:58,912810UB2,TSRYS5810883,D,S,D,2024-06-21,1180000.00,4.500166,101.625
15:00:00,912810UB2,TSRYS5810883,D,S,D,2024-06-21,230000.00,4.500759,101.6171875
15:00:01,912810UB2,TSRYS5810883,D,S,D,2024-06-21,85000.00,4.499574,101.6328125
15:00:01,912810UB2,TSRYS5810883,D,S,D,2024-06-21,145000.00,4.500439,101.62140377
15:00:03,912810UB2,TSRYS5810883,D,S,C,2024-06-21,1000000.00,4.500166,101.625
15:00:03,912810UB2,TSRYS5810883,D,B,C,2024-06-21,1000000.00,4.500166,101.625
15:00:16,912810UB2,TSRYS5810883,D,S,D,2024-06-21,170000.00,4.500439,101.62140377
15:00:19,912810UB2,TSRYS5810883,D,S,C,2024-06-21,1000000.00,4.500166,101.625
15:00:19,912810UB2,TSRYS5810883,D,B,C,2024-06-21,1000000.00,4.500182,101.6248
15:00:21,912810UB2,TSRYS5810883,D,S,T,2024-06-21,1000000.00,4.498982,101.640625
15:00:22,912810UB2,TSRYS5810883,D,S,D,2024-06-21,412000.00,4.498982,101.640625
15:00:24,912810UB2,TSRYS5810883,D,S,D,2024-06-21,412000.00,4.498982,101.640625
15:00:40,912810UB2,TSRYS5810883,D,S,D,2024-06-21,1000000.00,4.500166,101.625
15:00:41,912810UB2,TSRYS5810883,D,S,C,2024-06-21,2000000.00,4.500166,101.625
15:00:41,912810UB2,TSRYS5810883,D,S,D,2024-06-21,1000000.00,4.500166,101.625
15:00:45,912810UB2,TSRYS5810883,D,S,C,2024-06-21,1000000.00,4.499574,101.6328125
15:00:45,912810UB2,TSRYS5810883,D,S,C,2024-06-21,1000000.00,4.500759,101.6171875
15:00:46,912810UB2,TSRYS5810883,D,S,C,2024-06-21,1000000.00,4.500759,101.6171875
15:00:46,912810UB2,TSRYS5810883,D,S,D,2024-06-21,1000000.00,4.500759,101.6171875
15:00:46,912810UB2,TSRYS5810883,D,S,D,2024-06-21,1000000.00,4.500759,101.6171875
15:00:46,912810UB2,TSRYS5810883,D,S,C,2024-06-21,1000000.00,4.500759,101.6171875
15:00:46,912810UB2,TSRYS5810883,D,S,D,2024-06-21,1000000.00,4.500759,101.6171875
15:00:47,912810UB2,TSRYS5810883,D,S,C,2024-06-21,1000000.00,4.500759,101.6171875
15:00:48,912810UB2,TSRYS5810883,D,S,T,2024-06-21,4500000.00,4.52866,101.25
15:00:48,912810UB2,TSRYS5810883,D,S,T,2024-06-21,18100000.00,4.52866,101.25
15:00:49,912810UB2,TSRYS5810883,D,S,T,2024-06-21,1000000.00,4.500184,101.624775
15:00:49,912810UB2,TSRYS5810883,D,S,T,2024-06-21,1000000.00,4.500184,101.624775
15:00:49,912810UB2,TSRYS5810883,D,S,C,2024-06-21,1000000.00,4.500759,101.6171875
15:00:50,912810UB2,TSRYS5810883,D,S,C,2024-06-21,1000000.00,4.500759,101.6171875
15:01:03,912810UB2,TSRYS5810883,D,S,D,2024-06-21,1000000.00,4.498982,101.640625
15:01:03,912810UB2,TSRYS5810883,D,S,D,2024-06-21,1000000.00,4.498982,101.640625
15:01:03,912810UB2,TSRYS5810883,D,B,C,2024-06-21,1000000.00,4.498982,101.640625
15:01:04,912810UB2,TSRYS5810883,D,S,T,2024-06-21,1000000.00,4.500174,101.6249
15:01:04,912810UB2,TSRYS5810883,D,S,T,2024-06-21,1000000.00,4.500174,101.6249
15:01:04,912810UB2,TSRYS5810883,D,S,T,2024-06-21,1000000.00,4.500174,101.6249
15:01:04,912810UB2,TSRYS5810883,D,S,T,2024-06-21,1000000.00,4.500766,101.6170875
15:01:04,912810UB2,TSRYS5810883,D,S,T,2024-06-21,1000000.00,4.500766,101.6170875
15:01:04,912810UB2,TSRYS5810883,D,S,T,2024-06-21,1000000.00,4.500766,101.6170875
15:01:04,912810UB2,TSRYS5810883,D,S,T,2024-06-21,1000000.00,4.500766,101.6170875
15:01:04,912810UB2,TSRYS5810883,D,S,T,2024-06-21,1000000.00,4.500766,101.6170875
15:01:04,912810UB2,TSRYS5810883,D,S,T,2024-06-21,1000000.00,4.500766,101.6170875
15:01:04,912810UB2,TSRYS5810883,D,S,T,2024-06-21,1000000.00,4.500766,101.6170875
15:01:04,912810UB2,TSRYS5810883,D,S,T,2024-06-21,2000000.00,4.500759,101.6171875
15:01:18,912810UB2,TSRYS5810883,D,S,C,2024-06-21,1000000.00,4.500144,101.6253
15:01:18,912810UB2,TSRYS5810883,D,S,D,2024-06-21,1000000.00,4.500166,101.625
15:01:36,912810UB2,TSRYS5810883,D,S,C,2024-06-21,1000000.00,4.498982,101.640625
15:01:36,912810UB2,TSRYS5810883,D,B,C,2024-06-21,1000000.00,4.498982,101.640625
15:01:36,912810UB2,TSRYS5810883,D,B,C,2024-06-21,1000000.00,4.498982,101.640625
15:01:36,912810UB2,TSRYS5810883,D,S,C,2024-06-21,1000000.00,4.498982,101.640625
15:02:17,912810UB2,TSRYS5810883,D,S,D,2024-06-21,350000.00,4.500166,101.625
15:02:22,912810UB2,TSRYS5810883,D,B,C,2024-06-21,1000000.00,4.498982,101.640625
15:02:22,912810UB2,TSRYS5810883,D,S,D,2024-06-21,1000000.00,4.498982,101.640625
15:02:23,912810UB2,TSRYS5810883,D,S,D,2024-06-21,2200000.00,4.499278,101.63671875
15:02:24,912810UB2,TSRYS5810883,D,B,C,2024-06-21,1000000.00,4.497658,101.658103125
15:02:24,912810UB2,TSRYS5810883,D,S,C,2024-06-21,1000000.00,4.49765,101.658203125
15:02:26,912810UB2,TSRYS5810883,D,S,D,2024-06-21,1361000.00,4.499574,101.6328125
15:02:47,912810UB2,TSRYS5810883,D,S,D,2024-06-21,2000000.00,4.497798,101.65625
15:02:47,912810UB2,TSRYS5810883,D,S,C,2024-06-21,2000000.00,4.497798,101.65625
15:03:05,912810UB2,TSRYS5810883,D,S,C,2024-06-21,1000000.00,4.496614,101.671875
15:03:16,912810UB2,TSRYS5810883,D,S,T,2024-06-21,1000000.00,4.496614,101.671875
15:03:16,912810UB2,TSRYS5810883,D,S,D,2024-06-21,1000000.00,4.496755,101.670021875
15:03:21,912810UB2,TSRYS5810883,D,B,C,2024-06-21,1000000.00,4.496614,101.671875
15:03:21,912810UB2,TSRYS5810883,D,S,D,2024-06-21,1000000.00,4.496614,101.671875
15:03:21,912810UB2,TSRYS5810883,D,B,C,2024-06-21,2000000.00,4.496614,101.671875
15:03:21,912810UB2,TSRYS5810883,D,S,D,2024-06-21,2000000.00,4.496614,101.671875
15:03:21,912810UB2,TSRYS5810883,D,B,C,2024-06-21,2000000.00,4.496614,101.671875
15:03:21,912810UB2,TSRYS5810883,D,S,D,2024-06-21,2000000.00,4.496614,101.671875
15:03:21,912810UB2,TSRYS5810883,D,S,D,2024-06-21,1000000.00,4.496614,101.671875
15:03:22,912810UB2,TSRYS5810883,D,S,T,2024-06-21,1000000.00,4.496762,101.669921875
15:03:26,912810UB2,TSRYS5810883,D,S,T,2024-06-21,1000000.00,4.496614,101.671875
15:03:26,912810UB2,TSRYS5810883,D,S,T,2024-06-21,1000000.00,4.496614,101.671875
15:03:26,912810UB2,TSRYS5810883,D,S,D,2024-06-21,5000000.00,4.496614,101.671875
15:03:26,912810UB2,TSRYS5810883,D,S,D,2024-06-21,5000000.00,4.496614,101.671875
15:03:27,912810UB2,TSRYS5810883,D,S,T,2024-06-21,1000000.00,4.496614,101.671875
15:03:30,912810UB2,TSRYS5810883,D,S,D,2024-06-21,5000000.00,4.496614,101.671875
15:03:35,912810UB2,TSRYS5810883,D,S,D,2024-06-21,1000000.00,4.496614,101.671875
15:03:35,912810UB2,TSRYS5810883,D,B,C,2024-06-21,1000000.00,4.496614,101.671875
15:03:35,912810UB2,TSRYS5810883,D,S,D,2024-06-21,1000000.00,4.496614,101.671875
15:03:35,912810UB2,TSRYS5810883,D,B,C,2024-06-21,1000000.00,4.496614,101.671875
15:03:36,912810UB2,TSRYS5810883,D,B,C,2024-06-21,1000000.00,4.496614,101.671875
15:03:36,912810UB2,TSRYS5810883,D,B,C,2024-06-21,1000000.00,4.496614,101.671875
15:03:36,912810UB2,TSRYS5810883,D,B,C,2024-06-21,2000000.00,4.496614,101.671875
15:03:36,912810UB2,TSRYS5810883,D,S,D,2024-06-21,1000000.00,4.496614,101.671875
15:03:36,912810UB2,TSRYS5810883,D,S,D,2024-06-21,2000000.00,4.496614,101.671875
15:03:36,912810UB2,TSRYS5810883,D,B,C,2024-06-21,1000000.00,4.496614,101.671875
15:03:47,912810UB2,TSRYS5810883,D,S,D,2024-06-21,120000.00,4.498982,101.640625
15:03:47,912810UB2,TSRYS5810883,D,S,D,2024-06-21,50000.00,4.498982,101.640625
15:03:48,912810UB2,TSRYS5810883,D,S,D,2024-06-21,240000.00,4.498982,101.640625
15:03:48,912810UB2,TSRYS5810883,D,S,C,2024-06-21,1000000.00,4.496171,101.67773437
15:03:48,912810UB2,TSRYS5810883,D,S,C,2024-06-21,520000.00,4.498982,101.640625
15:03:48,912810UB2,TSRYS5810883,D,S,D,2024-06-21,20000.00,4.498982,101.640625
15:03:48,912810UB2,TSRYS5810883,D,S,D,2024-06-21,190000.00,4.498982,101.640625
15:03:49,912810UB2,TSRYS5810883,D,S,D,2024-06-21,20000.00,4.498982,101.640625
15:03:49,912810UB2,TSRYS5810883,D,S,D,2024-06-21,80000.00,4.498982,101.640625
15:03:49,912810UB2,TSRYS5810883,D,S,D,2024-06-21,220000.00,4.498982,101.640625
15:03:49,912810UB2,TSRYS5810883,D,S,D,2024-06-21,90000.00,4.498982,101.640625
15:03:49,912810UB2,TSRYS5810883,D,S,D,2024-06-21,10000.00,4.498982,101.640625
15:03:51,912810UB2,TSRYS5810883,D,S,D,2024-06-21,50000.00,4.498982,101.640625
15:03:53,912810UB2,TSRYS5810883,D,S,D,2024-06-21,80000.00,4.498982,101.640625
15:03:53,912810UB2,TSRYS5810883,D,S,C,2024-06-21,1000000.00,4.496607,101.671975
15:03:53,912810UB2,TSRYS5810883,D,B,C,2024-06-21,1000000.00,4.496614,101.671875
15:03:53,912810UB2,TSRYS5810883,D,B,C,2024-06-21,1000000.00,4.496614,101.671875
15:03:53,912810UB2,TSRYS5810883,D,S,D,2024-06-21,1000000.00,4.496614,101.671875
15:03:53,912810UB2,TSRYS5810883,D,S,D,2024-06-21,1000000.00,4.496614,101.671875
15:03:53,912810UB2,TSRYS5810883,D,S,D,2024-06-21,1000000.00,4.496614,101.671875
15:03:53,912810UB2,TSRYS5810883,D,B,C,2024-06-21,1000000.00,4.496614,101.671875
15:03:53,912810UB2,TSRYS5810883,D,S,D,2024-06-21,1000000.00,4.496614,101.671875
15:03:53,912810UB2,TSRYS5810883,D,S,D,2024-06-21,1000000.00,4.496614,101.671875
15:03:53,912810UB2,TSRYS5810883,D,B,C,2024-06-21,1000000.00,4.496622,101.671775
15:03:53,912810UB2,TSRYS5810883,D,S,D,2024-06-21,1000000.00,4.496614,101.671875
15:03:54,912810UB2,TSRYS5810883,D,S,D,2024-06-21,80000.00,4.498982,101.640625
15:04:02,912810UB2,TSRYS5810883,D,S,D,2024-06-21,120000.00,4.498982,101.640625
15:04:06,912810UB2,TSRYS5810883,D,S,D,2024-06-21,1000000.00,4.496614,101.671875
15:04:06,912810UB2,TSRYS5810883,D,S,D,2024-06-21,1000000.00,4.496614,101.671875
15:04:06,912810UB2,TSRYS5810883,D,B,C,2024-06-21,1000000.00,4.496614,101.671875
15:04:06,912810UB2,TSRYS5810883,D,S,D,2024-06-21,1000000.00,4.496614,101.671875
15:04:06,912810UB2,TSRYS5810883,D,B,C,2024-06-21,1000000.00,4.496614,101.671875
15:04:06,912810UB2,TSRYS5810883,D,S,D,2024-06-21,1000000.00,4.496614,101.671875
15:04:06,912810UB2,TSRYS5810883,D,B,C,2024-06-21,1000000.00,4.496614,101.671875
15:04:06,912810UB2,TSRYS5810883,D,S,D,2024-06-21,1000000.00,4.496614,101.671875
15:04:06,912810UB2,TSRYS5810883,D,S,D,2024-06-21,1000000.00,4.496614,101.671875
15:04:06,912810UB2,TSRYS5810883,D,B,C,2024-06-21,1000000.00,4.496614,101.671875
15:04:06,912810UB2,TSRYS5810883,D,S,D,2024-06-21,1000000.00,4.496614,101.671875
15:04:06,912810UB2,TSRYS5810883,D,B,C,2024-06-21,1000000.00,4.496614,101.671875
15:04:06,912810UB2,TSRYS5810883,D,S,C,2024-06-21,2000000.00,4.496171,101.67773437
15:04:06,912810UB2,TSRYS5810883,D,S,T,2024-06-21,5000000.00,4.496614,101.671875
15:04:11,912810UB2,TSRYS5810883,D,B,C,2024-06-21,25000000.00,4.497741,101.657
15:04:13,912810UB2,TSRYS5810883,D,S,D,2024-06-21,170000.00,4.498982,101.640625
15:04:14,912810UB2,TSRYS5810883,D,S,D,2024-06-21,1000000.00,4.495727,101.68359375
15:04:14,912810UB2,TSRYS5810883,D,S,C,2024-06-21,1000000.00,4.495727,101.68359375
15:04:14,912810UB2,TSRYS5810883,D,S,D,2024-06-21,1000000.00,4.495727,101.68359375
15:04:14,912810UB2,TSRYS5810883,D,S,D,2024-06-21,170000.00,4.498982,101.640625
15:04:18,912810UB2,TSRYS5810883,D,S,D,2024-06-21,90000.00,4.498982,101.640625
15:04:19,912810UB2,TSRYS5810883,D,S,D,2024-06-21,100000.00,4.498982,101.640625
15:04:25,912810UB2,TSRYS5810883,D,S,D,2024-06-21,5000000.00,4.496614,101.671875
15:04:28,912810UB2,TSRYS5810883,D,S,D,2024-06-21,1000000.00,4.496614,101.671875
15:04:28,912810UB2,TSRYS5810883,D,S,D,2024-06-21,1000000.00,4.496614,101.671875
15:04:29,912810UB2,TSRYS5810883,D,S,D,2024-06-21,140000.00,4.498982,101.640625
15:04:30,912810UB2,TSRYS5810883,D,S,T,2024-06-21,1000000.00,4.49663,101.671675
15:04:31,912810UB2,TSRYS5810883,D,S,D,2024-06-21,90000.00,4.498982,101.640625
15:04:32,912810UB2,TSRYS5810883,D,S,D,2024-06-21,140000.00,4.498982,101.640625
15:04:40,912810UB2,TSRYS5810883,D,S,D,2024-06-21,80000.00,4.498982,101.640625
15:04:52,912810UB2,TSRYS5810883,D,S,D,2024-06-21,170000.00,4.498982,101.640625
15:04:54,912810UB2,TSRYS5810883,D,S,D,2024-06-21,2300000.00,4.501943,101.6015625
15:04:54,912810UB2,TSRYS5810883,D,S,C,2024-06-21,2300000.00,4.501943,101.6015625
15:04:57,912810UB2,TSRYS5810883,D,S,D,2024-06-21,80000.00,4.498982,101.640625
15:04:59,912810UB2,TSRYS5810883,D,S,C,2024-06-21,1000000.00,4.495727,101.68359375
15:05:16,912810UB2,TSRYS5810883,D,S,D,2024-06-21,1000000.00,4.496614,101.671875
15:05:36,912810UB2,TSRYS5810883,D,S,D,2024-06-21,1000000.00,4.496466,101.673828125
15:05:36,912810UB2,TSRYS5810883,D,S,D,2024-06-21,1000000.00,4.496466,101.673828125
15:05:38,912810UB2,TSRYS5810883,D,S,C,2024-06-21,1000000.00,4.496466,101.673828125
15:05:40,912810UB2,TSRYS5810883,D,S,D,2024-06-21,1000000.00,4.496466,101.673828125
15:05:40,912810UB2,TSRYS5810883,D,S,T,2024-06-21,1000000.00,4.496466,101.673828125
15:05:45,912810UB2,TSRYS5810883,D,B,C,2024-06-21,19000000.00,4.502552,101.59354
15:05:48,912810UB2,TSRYS5810883,D,S,T,2024-06-21,1000000.00,4.496466,101.673828125
15:05:48,912810UB2,TSRYS5810883,D,S,T,2024-06-21,1000000.00,4.496466,101.673828125
15:06:07,912810UB2,TSRYS5810883,D,S,C,2024-06-21,1000000.00,4.495431,101.6875
15:06:07,912810UB2,TSRYS5810883,D,B,C,2024-06-21,1000000.00,4.495431,101.6875
15:06:07,912810UB2,TSRYS5810883,D,S,C,2024-06-21,1000000.00,4.495431,101.6875
15:06:07,912810UB2,TSRYS5810883,D,B,C,2024-06-21,1000000.00,4.495431,101.6875
15:06:13,912810UB2,TSRYS5810883,D,B,C,2024-06-21,5900000.00,4.496023,101.6796875
15:06:17,912810UB2,TSRYS5810883,D,S,T,2024-06-21,1000000.00,4.495431,101.6875
15:06:17,912810UB2,TSRYS5810883,D,S,T,2024-06-21,1000000.00,4.495579,101.685546875
15:06:17,912810UB2,TSRYS5810883,D,S,T,2024-06-21,1000000.00,4.495431,101.6875
15:06:17,912810UB2,TSRYS5810883,D,S,D,2024-06-21,1000000.00,4.495423,101.6876
15:06:17,912810UB2,TSRYS5810883,D,B,C,2024-06-21,1000000.00,4.495431,101.6875
15:06:17,912810UB2,TSRYS5810883,D,S,D,2024-06-21,1000000.00,4.495431,101.6875
15:06:18,912810UB2,TSRYS5810883,D,S,D,2024-06-21,1000000.00,4.495431,101.6875
15:06:18,912810UB2,TSRYS5810883,D,S,D,2024-06-21,1000000.00,4.495431,101.6875
15:06:18,912810UB2,TSRYS5810883,D,S,T,2024-06-21,1000000.00,4.495431,101.6875
15:06:18,912810UB2,TSRYS5810883,D,S,D,2024-06-21,1000000.00,4.495431,101.6875
15:06:18,912810UB2,TSRYS5810883,D,S,D,2024-06-21,2000000.00,4.495431,101.6875
15:06:19,912810UB2,TSRYS5810883,D,S,C,2024-06-21,100000.00,4.495348,101.688597
15:06:20,912810UB2,TSRYS5810883,D,S,C,2024-06-21,1000000.00,4.495431,101.6875
15:06:20,912810UB2,TSRYS5810883,D,S,T,2024-06-21,1000000.00,4.495431,101.6875
15:06:20,912810UB2,TSRYS5810883,D,S,T,2024-06-21,1000000.00,4.496466,101.673828125
15:06:22,912810UB2,TSRYS5810883,D,B,C,2024-06-21,1000000.00,4.495431,101.6875
15:06:22,912810UB2,TSRYS5810883,D,S,D,2024-06-21,1000000.00,4.495431,101.6875
15:06:22,912810UB2,TSRYS5810883,D,S,D,2024-06-21,1000000.00,4.495431,101.6875
15:06:22,912810UB2,TSRYS5810883,D,S,D,2024-06-21,1000000.00,4.495579,101.685546875
15:06:22,912810UB2,TSRYS5810883,D,S,D,2024-06-21,1000000.00,4.495431,101.6875
15:06:22,912810UB2,TSRYS5810883,D,B,C,2024-06-21,1000000.00,4.495431,101.6875
15:06:22,912810UB2,TSRYS5810883,D,S,D,2024-06-21,1000000.00,4.495431,101.6875
15:06:33,912810UB2,TSRYS5810883,D,S,D,2024-06-21,2000000.00,4.495431,101.6875
15:06:34,912810UB2,TSRYS5810883,D,S,T,2024-06-21,1000000.00,4.495438,101.6874
15:06:34,912810UB2,TSRYS5810883,D,S,T,2024-06-21,2000000.00,4.495448,101.687275
15:06:38,912810UB2,TSRYS5810883,D,S,D,2024-06-21,1000000.00,4.495431,101.6875
15:06:39,912810UB2,TSRYS5810883,D,S,D,2024-06-21,1000000.00,4.495431,101.6875
15:06:49,912810UB2,TSRYS5810883,D,S,T,2024-06-21,1000000.00,4.495438,101.6874
15:06:49,912810UB2,TSRYS5810883,D,S,T,2024-06-21,1000000.00,4.495438,101.6874
15:06:49,912810UB2,TSRYS5810883,D,S,T,2024-06-21,1000000.00,4.495448,101.687275
15:06:49,912810UB2,TSRYS5810883,D,S,T,2024-06-21,2000000.00,4.495448,101.687275
15:06:49,912810UB2,TSRYS5810883,D,S,T,2024-06-21,1000000.00,4.495448,101.687275
15:06:49,912810UB2,TSRYS5810883,D,S,T,2024-06-21,1000000.00,4.495448,101.687275
15:07:01,912810UB2,TSRYS5810883,D,S,C,2024-06-21,1000000.00,4.496023,101.6796875
15:07:01,912810UB2,TSRYS5810883,D,S,C,2024-06-21,1000000.00,4.495875,101.681640625
15:07:09,912810UB2,TSRYS5810883,D,B,C,2024-06-21,1000000.00,4.495431,101.6875
15:07:09,912810UB2,TSRYS5810883,D,B,C,2024-06-21,1000000.00,4.495431,101.6875
15:07:09,912810UB2,TSRYS5810883,D,S,D,2024-06-21,1000000.00,4.495431,101.6875
15:07:09,912810UB2,TSRYS5810883,D,S,D,2024-06-21,1000000.00,4.495431,101.6875
15:07:09,912810UB2,TSRYS5810883,D,S,D,2024-06-21,1000000.00,4.495431,101.6875
15:07:09,912810UB2,TSRYS5810883,D,B,C,2024-06-21,1000000.00,4.495431,101.6875
15:07:09,912810UB2,TSRYS5810883,D,B,C,2024-06-21,1000000.00,4.495431,101.6875
15:07:09,912810UB2,TSRYS5810883,D,S,D,2024-06-21,1000000.00,4.495431,101.6875
15:07:09,912810UB2,TSRYS5810883,D,S,D,2024-06-21,1000000.00,4.495431,101.6875
15:07:09,912810UB2,TSRYS5810883,D,S,D,2024-06-21,2000000.00,4.495431,101.6875
15:07:09,912810UB2,TSRYS5810883,D,S,T,2024-06-21,1000000.00,4.496023,101.6796875
15:07:09,912810UB2,TSRYS5810883,D,S,T,2024-06-21,1000000.00,4.495875,101.681640625
15:07:12,912810UB2,TSRYS5810883,D,S,T,2024-06-21,1000000.00,4.495431,101.6875
15:07:12,912810UB2,TSRYS5810883,D,S,T,2024-06-21,1000000.00,4.495431,101.6875
15:07:13,912810UB2,TSRYS5810883,D,S,D,2024-06-21,1000000.00,4.495431,101.6875
15:07:13,912810UB2,TSRYS5810883,D,S,T,2024-06-21,1000000.00,4.495431,101.6875
15:07:13,912810UB2,TSRYS5810883,D,S,D,2024-06-21,5000000.00,4.495431,101.6875
15:07:13,912810UB2,TSRYS5810883,D,S,D,2024-06-21,1000000.00,4.495431,101.6875
15:07:19,912810UB2,TSRYS5810883,D,S,T,2024-06-21,1000000.00,4.495431,101.6875
15:07:20,912810UB2,TSRYS5810883,D,S,T,2024-06-21,1000000.00,4.495431,101.6875
15:07:20,912810UB2,TSRYS5810883,D,S,T,2024-06-21,1000000.00,4.495431,101.6875
15:07:20,912810UB2,TSRYS5810883,D,S,T,2024-06-21,1000000.00,4.495431,101.6875
15:07:20,912810UB2,TSRYS5810883,D,S,T,2024-06-21,1000000.00,4.495431,101.6875
15:07:21,912810UB2,TSRYS5810883,D,S,T,2024-06-21,1000000.00,4.495431,101.6875
15:07:21,912810UB2,TSRYS5810883,D,S,T,2024-06-21,1000000.00,4.495431,101.6875
15:07:21,912810UB2,TSRYS5810883,D,S,T,2024-06-21,1000000.00,4.495431,101.6875
15:07:24,912810UB2,TSRYS5810883,D,S,D,2024-06-21,1000000.00,4.495431,101.6875
15:07:25,912810UB2,TSRYS5810883,D,S,D,2024-06-21,1000000.00,4.495431,101.6875
15:07:28,912810UB2,TSRYS5810883,D,S,D,2024-06-21,5000000.00,4.495431,101.6875
15:07:34,912810UB2,TSRYS5810883,D,S,T,2024-06-21,1000000.00,4.495438,101.6874
15:07:34,912810UB2,TSRYS5810883,D,S,T,2024-06-21,1000000.00,4.495438,101.6874
15:07:34,912810UB2,TSRYS5810883,D,S,T,2024-06-21,2000000.00,4.495448,101.687275
15:07:34,912810UB2,TSRYS5810883,D,S,T,2024-06-21,2000000.00,4.495448,101.687275
15:07:38,912810UB2,TSRYS5810883,D,S,D,2024-06-21,2000000.00,4.495431,101.6875
15:07:38,912810UB2,TSRYS5810883,D,B,C,2024-06-21,1000000.00,4.495431,101.6875
15:07:38,912810UB2,TSRYS5810883,D,S,D,2024-06-21,1000000.00,4.495431,101.6875
15:07:38,912810UB2,TSRYS5810883,D,B,C,2024-06-21,1000000.00,4.495431,101.6875
15:07:38,912810UB2,TSRYS5810883,D,S,D,2024-06-21,1000000.00,4.495431,101.6875
15:07:38,912810UB2,TSRYS5810883,D,S,D,2024-06-21,1000000.00,4.495431,101.6875
15:07:38,912810UB2,TSRYS5810883,D,S,D,2024-06-21,1000000.00,4.495431,101.6875
15:07:38,912810UB2,TSRYS5810883,D,S,D,2024-06-21,1000000.00,4.495431,101.6875
15:07:53,912810UB2,TSRYS5810883,D,S,D,2024-06-21,1000000.00,4.495431,101.6875
15:07:53,912810UB2,TSRYS5810883,D,B,C,2024-06-21,1000000.00,4.495431,101.6875
15:07:53,912810UB2,TSRYS5810883,D,B,C,2024-06-21,1000000.00,4.495431,101.6875
15:07:53,912810UB2,TSRYS5810883,D,B,C,2024-06-21,1000000.00,4.495431,101.6875
15:07:53,912810UB2,TSRYS5810883,D,S,D,2024-06-21,1000000.00,4.495431,101.6875
15:07:53,912810UB2,TSRYS5810883,D,S,D,2024-06-21,1000000.00,4.495431,101.6875
15:07:53,912810UB2,TSRYS5810883,D,S,D,2024-06-21,1000000.00,4.495431,101.6875
15:07:53,912810UB2,TSRYS5810883,D,S,D,2024-06-21,1000000.00,4.495431,101.6875
15:07:53,912810UB2,TSRYS5810883,D,B,C,2024-06-21,1000000.00,4.495431,101.6875
15:07:53,912810UB2,TSRYS5810883,D,B,C,2024-06-21,1000000.00,4.495431,101.6875
15:07:53,912810UB2,TSRYS5810883,D,S,D,2024-06-21,1000000.00,4.495431,101.6875
15:07:53,912810UB2,TSRYS5810883,D,S,D,2024-06-21,2000000.00,4.495431,101.6875
15:07:53,912810UB2,TSRYS5810883,D,S,D,2024-06-21,2000000.00,4.495431,101.6875
15:07:53,912810UB2,TSRYS5810883,D,S,D,2024-06-21,1000000.00,4.495431,101.6875
15:07:57,912810UB2,TSRYS5810883,D,S,D,2024-06-21,1000000.00,4.496466,101.673828125
15:08:00,912810UB2,TSRYS5810883,D,S,C,2024-06-21,10500.00,4.309369,104.18359375
15:08:08,912810UB2,TSRYS5810883,D,S,D,2024-06-21,1000000.00,4.495431,101.6875
15:08:08,912810UB2,TSRYS5810883,D,S,D,2024-06-21,1000000.00,4.495431,101.6875
15:08:08,912810UB2,TSRYS5810883,D,S,D,2024-06-21,1000000.00,4.495431,101.6875
15:08:08,912810UB2,TSRYS5810883,D,S,D,2024-06-21,1000000.00,4.495431,101.6875
15:08:08,912810UB2,TSRYS5810883,D,S,D,2024-06-21,1000000.00,4.495431,101.6875
15:08:08,912810UB2,TSRYS5810883,D,S,D,2024-06-21,1000000.00,4.495431,101.6875
15:08:08,912810UB2,TSRYS5810883,D,S,D,2024-06-21,1000000.00,4.495431,101.6875
15:08:26,912810UB2,TSRYS5810883,D,S,C,2024-06-21,1000000.00,4.496171,101.677734375
15:08:35,912810UB2,TSRYS5810883,D,S,C,2024-06-21,1000000.00,4.496614,101.671875
15:08:44,912810UB2,TSRYS5810883,D,S,T,2024-06-21,1000000.00,4.496171,101.677734375
15:08:54,912810UB2,TSRYS5810883,D,B,C,2024-06-21,1000000.00,4.496614,101.671875
15:08:55,912810UB2,TSRYS5810883,D,S,C,2024-06-21,1000000.00,4.496614,101.671875
15:09:00,912810UB2,TSRYS5810883,D,S,D,2024-06-21,10500.00,4.495727,101.68359375
15:09:00,912810UB2,TSRYS5810883,D,B,A,2024-06-21,10500.00,4.495727,101.68359375
15:09:26,912810UB2,TSRYS5810883,D,S,C,2024-06-21,1000000.00,4.496614,101.671875
15:09:26,912810UB2,TSRYS5810883,D,B,C,2024-06-21,1000000.00,4.496614,101.671875
15:10:11,912810UB2,TSRYS5810883,D,S,D,2024-06-21,1000000.00,4.496023,101.6796875
15:10:20,912810UB2,TSRYS5810883,D,B,C,2024-06-21,1000000.00,4.496614,101.671875
15:10:20,912810UB2,TSRYS5810883,D,S,D,2024-06-21,1000000.00,4.496614,101.671875
15:10:43,912810UB2,TSRYS5810883,D,S,C,2024-06-21,3675000.00,4.49691,101.66796875
15:12:05,912810UB2,TSRYS5810883,D,S,D,2024-06-21,1000000.00,4.496614,101.671875
15:12:09,912810UB2,TSRYS5810883,D,B,A,2024-06-21,76000.00,4.497206,101.6640625
15:12:23,912810UB2,TSRYS5810883,D,S,D,2024-06-21,1000000.00,4.496614,101.671875
15:12:24,912810UB2,TSRYS5810883,D,S,D,2024-06-21,1000000.00,4.496614,101.671875
15:12:24,912810UB2,TSRYS5810883,D,S,T,2024-06-21,2000000.00,4.496614,101.671875
15:12:28,912810UB2,TSRYS5810883,D,S,D,2024-06-21,2000000.00,4.496614,101.671875
15:12:46,912810UB2,TSRYS5810883,D,S,C,2024-06-21,590000.00,4.495431,101.6875
15:12:53,912810UB2,TSRYS5810883,D,B,C,2024-06-21,1000000.00,4.496614,101.671875
15:12:53,912810UB2,TSRYS5810883,D,S,D,2024-06-21,1000000.00,4.496577,101.672375
15:12:53,912810UB2,TSRYS5810883,D,S,D,2024-06-21,2000000.00,4.496577,101.672375
15:12:53,912810UB2,TSRYS5810883,D,B,C,2024-06-21,1000000.00,4.496614,101.671875
15:12:53,912810UB2,TSRYS5810883,D,S,D,2024-06-21,1000000.00,4.496577,101.672375
15:12:53,912810UB2,TSRYS5810883,D,B,C,2024-06-21,2000000.00,4.496614,101.671875
15:12:53,912810UB2,TSRYS5810883,D,S,D,2024-06-21,2000000.00,4.496577,101.672375
15:12:55,912810UB2,TSRYS5810883,D,S,D,2024-06-21,590000.00,4.495431,101.6875
15:13:07,912810UB2,TSRYS5810883,D,S,D,2024-06-21,1000000.00,4.496614,101.671875
15:13:07,912810UB2,TSRYS5810883,D,S,T,2024-06-21,2000000.00,4.496614,101.671875
15:13:13,912810UB2,TSRYS5810883,D,S,T,2024-06-21,1000000.00,4.496614,101.671875
15:13:35,912810UB2,TSRYS5810883,D,S,D,2024-06-21,590000.00,4.496319,101.67578125
15:13:51,912810UB2,TSRYS5810883,D,S,C,2024-06-21,1000000.00,4.496614,101.671875
15:13:51,912810UB2,TSRYS5810883,D,S,C,2024-06-21,1000000.00,4.496614,101.671875
15:13:51,912810UB2,TSRYS5810883,D,B,C,2024-06-21,1000000.00,4.496614,101.671875
15:14:10,912810UB2,TSRYS5810883,D,S,T,2024-06-21,1000000.00,4.496614,101.671875
15:14:13,912810UB2,TSRYS5810883,D,S,C,2024-06-21,6180000.00,4.49691,101.66796875
15:14:15,912810UB2,TSRYS5810883,D,S,D,2024-06-21,1000000.00,4.496614,101.671875
15:14:40,912810UB2,TSRYS5810883,D,S,T,2024-06-21,1000000.00,4.496614,101.671875
15:14:42,912810UB2,TSRYS5810883,D,S,T,2024-06-21,1000000.00,4.496614,101.671875
15:14:51,912810UB2,TSRYS5810883,D,S,C,2024-06-21,1000000.00,4.496614,101.671875
15:14:51,912810UB2,TSRYS5810883,D,S,D,2024-06-21,1000000.00,4.496614,101.671875
15:15:11,912810UB2,TSRYS5810883,D,S,C,2024-06-21,500000.00,4.497502,101.66015625
15:15:36,912810UB2,TSRYS5810883,D,S,T,2024-06-21,1000000.00,4.496614,101.671875
15:15:36,912810UB2,TSRYS5810883,D,S,T,2024-06-21,1000000.00,4.496614,101.671875
15:15:36,912810UB2,TSRYS5810883,D,S,T,2024-06-21,1000000.00,4.496614,101.671875
15:15:36,912810UB2,TSRYS5810883,D,S,T,2024-06-21,1000000.00,4.496614,101.671875
15:15:36,912810UB2,TSRYS5810883,D,S,T,2024-06-21,1000000.00,4.496614,101.671875
15:15:36,912810UB2,TSRYS5810883,D,S,T,2024-06-21,1000000.00,4.496614,101.671875
15:15:54,912810UB2,TSRYS5810883,D,S,D,2024-06-21,1000000.00,4.496614,101.671875
15:15:54,912810UB2,TSRYS5810883,D,S,D,2024-06-21,1000000.00,4.496614,101.671875
15:15:57,912810UB2,TSRYS5810883,D,S,T,2024-06-21,2000000.00,4.496614,101.671875
15:15:58,912810UB2,TSRYS5810883,D,S,T,2024-06-21,1000000.00,4.496614,101.671875
15:16:08,912810UB2,TSRYS5810883,D,S,D,2024-06-21,1000000.00,4.496614,101.671875
15:16:08,912810UB2,TSRYS5810883,D,S,C,2024-06-21,1000000.00,4.496614,101.671875
15:16:08,912810UB2,TSRYS5810883,D,S,C,2024-06-21,1000000.00,4.496614,101.671875
15:16:08,912810UB2,TSRYS5810883,D,S,C,2024-06-21,2000000.00,4.496614,101.671875
15:16:08,912810UB2,TSRYS5810883,D,S,D,2024-06-21,1000000.00,4.496614,101.671875
15:16:23,912810UB2,TSRYS5810883,D,S,C,2024-06-21,1000000.00,4.496614,101.671875
15:16:36,912810UB2,TSRYS5810883,D,S,T,2024-06-21,1000000.00,4.496762,101.669921875
15:16:36,912810UB2,TSRYS5810883,D,S,T,2024-06-21,1000000.00,4.496614,101.671875
15:16:40,912810UB2,TSRYS5810883,D,S,D,2024-06-21,4500000.00,4.52866,101.25
15:16:40,912810UB2,TSRYS5810883,D,S,D,2024-06-21,18100000.00,4.52866,101.25
