tradeTime,cusip,issueSymbolIdentifier,priceType,reportingSideCode,contraPartyTypeCode,tradeDate,reportedTradeVolume,lastSaleYield,lastSalePrice
08:00:02,912810UB2,TSRYS5810883,D,S,D,2024-08-15,1000000.00,4.220079,105.3828125
08:00:02,912810UB2,TSRYS5810883,D,S,D,2024-08-15,1000000.00,4.217953,105.412109375
08:00:02,912810UB2,TSRYS5810883,D,S,T,2024-08-15,1000000.00,4.217953,105.412109375
08:00:03,912810UB2,TSRYS5810883,D,S,T,2024-08-15,1000000.00,4.220079,105.3828125
08:00:03,912810UB2,TSRYS5810883,D,S,D,2024-08-15,1000000.00,4.213418,105.474609375
08:00:03,912810UB2,TSRYS5810883,D,S,D,2024-08-15,1000000.00,4.213418,105.474609375
08:00:03,912810UB2,TSRYS5810883,D,S,D,2024-08-15,1000000.00,4.22093,105.37109375
08:00:03,912810UB2,TSRYS5810883,D,S,D,2024-08-15,1000000.00,4.223767,105.33203125
08:00:03,912810UB2,TSRYS5810883,D,S,T,2024-08-15,1000000.00,4.223767,105.33203125
08:00:03,912810UB2,TSRYS5810883,D,S,D,2024-08-15,1000000.00,4.223767,105.33203125
08:00:03,912810UB2,TSRYS5810883,D,S,D,2024-08-15,1000000.00,4.224335,105.32421875
08:00:03,912810UB2,TSRYS5810883,D,S,D,2024-08-15,1000000.00,4.217669,105.416015625
08:00:03,912810UB2,TSRYS5810883,D,S,D,2024-08-15,1000000.00,4.217811,105.4140625
08:00:04,912810UB2,TSRYS5810883,D,S,D,2024-08-15,12000.00,4.225725,105.3050875
08:00:04,912810UB2,TSRYS5810883,D,S,A,2024-08-15,12000.00,4.225725,105.34675416667
08:00:09,912810UB2,TSRYS5810883,D,S,C,2024-08-15,10000.00,4.226322,105.346875
08:00:10,912810UB2,TSRYS5810883,D,S,C,2024-08-15,28000.00,4.221781,105.359375
08:00:11,912810UB2,TSRYS5810883,D,S,T,2024-08-15,1000000.00,4.210444,105.515625
08:00:11,912810UB2,TSRYS5810883,D,S,T,2024-08-15,1000000.00,4.226322,105.296875
08:00:11,912810UB2,TSRYS5810883,D,S,T,2024-08-15,1000000.00,4.227458,105.28125
08:00:17,912810UB2,TSRYS5810883,D,B,A,2024-08-15,5000000.00,4.225186,105.3125
08:00:19,912810UB2,TSRYS5810883,D,S,C,2024-08-15,1000000.00,4.224051,105.328125
08:00:19,912810UB2,TSRYS5810883,D,S,C,2024-08-15,1000000.00,4.224051,105.328125
08:00:20,912810UB2,TSRYS5810883,D,S,D,2024-08-15,1000000.00,4.210728,105.51171875
08:00:22,912810UB2,TSRYS5810883,D,S,D,2024-08-15,10000.00,4.226322,105.296875
08:00:23,912810UB2,TSRYS5810883,D,S,D,2024-08-15,1000000.00,4.213843,105.46875
08:00:24,912810UB2,TSRYS5810883,D,S,D,2024-08-15,1000000.00,4.223767,105.33203125
08:00:26,912810UB2,TSRYS5810883,D,S,D,2024-08-15,28000.00,4.221781,105.359375
08:00:26,912810UB2,TSRYS5810883,D,S,T,2024-08-15,1000000.00,4.214976,105.453125
08:00:26,912810UB2,TSRYS5810883,D,S,T,2024-08-15,1000000.00,4.214976,105.453125
08:00:26,912810UB2,TSRYS5810883,D,S,T,2024-08-15,1000000.00,4.214976,105.453125
08:00:26,912810UB2,TSRYS5810883,D,S,T,2024-08-15,1000000.00,4.21611,105.4375
08:00:27,912810UB2,TSRYS5810883,D,S,T,2024-08-15,1000000.00,4.224051,105.328125
08:00:27,912810UB2,TSRYS5810883,D,S,D,2024-08-15,1000000.00,4.210728,105.51171875
08:00:27,912810UB2,TSRYS5810883,D,S,D,2024-08-15,1000000.00,4.223767,105.33203125
08:00:27,912810UB2,TSRYS5810883,D,S,T,2024-08-15,1000000.00,4.22618,105.298828125
08:00:29,912810UB2,TSRYS5810883,D,S,D,2024-08-15,210000.00,4.225048,105.314404762
08:00:29,912810UB2,TSRYS5810883,D,S,D,2024-08-15,2240000.00,4.22973,105.25
08:00:30,912810UB2,TSRYS5810883,D,S,T,2024-08-15,1000000.00,4.217244,105.421875
08:00:30,912810UB2,TSRYS5810883,D,S,T,2024-08-15,1000000.00,4.217244,105.421875
08:00:30,912810UB2,TSRYS5810883,D,S,T,2024-08-15,1000000.00,4.218378,105.40625
08:00:30,912810UB2,TSRYS5810883,D,S,T,2024-08-15,1000000.00,4.222916,105.34375
08:00:30,912810UB2,TSRYS5810883,D,S,T,2024-08-15,1000000.00,4.222916,105.34375
08:00:30,912810UB2,TSRYS5810883,D,S,T,2024-08-15,1000000.00,4.222916,105.34375
08:00:30,912810UB2,TSRYS5810883,D,S,T,2024-08-15,1000000.00,4.226322,105.296875
08:00:30,912810UB2,TSRYS5810883,D,S,T,2024-08-15,1000000.00,4.226322,105.296875
08:00:30,912810UB2,TSRYS5810883,D,S,T,2024-08-15,1000000.00,4.225896,105.302734375
08:00:30,912810UB2,TSRYS5810883,D,S,D,2024-08-15,1000000.00,4.226038,105.30078125
08:00:30,912810UB2,TSRYS5810883,D,S,T,2024-08-15,1000000.00,4.22618,105.298828125
08:00:30,912810UB2,TSRYS5810883,D,S,T,2024-08-15,1000000.00,4.227032,105.287109375
08:00:30,912810UB2,TSRYS5810883,D,S,T,2024-08-15,1000000.00,4.219512,105.390625
08:00:30,912810UB2,TSRYS5810883,D,S,T,2024-08-15,1000000.00,4.219512,105.390625
08:00:30,912810UB2,TSRYS5810883,D,S,T,2024-08-15,1000000.00,4.213418,105.474609375
08:00:30,912810UB2,TSRYS5810883,D,S,T,2024-08-15,1000000.00,4.21611,105.4375
08:00:30,912810UB2,TSRYS5810883,D,S,T,2024-08-15,1000000.00,4.213843,105.46875
08:00:30,912810UB2,TSRYS5810883,D,S,T,2024-08-15,1000000.00,4.211577,105.5
08:00:30,912810UB2,TSRYS5810883,D,S,T,2024-08-15,1000000.00,4.210444,105.515625
08:00:30,912810UB2,TSRYS5810883,D,S,T,2024-08-15,1000000.00,4.21271,105.484375
08:00:30,912810UB2,TSRYS5810883,D,S,T,2024-08-15,1000000.00,4.21271,105.484375
08:00:30,912810UB2,TSRYS5810883,D,S,T,2024-08-15,1000000.00,4.21271,105.484375
08:00:30,912810UB2,TSRYS5810883,D,S,T,2024-08-15,1000000.00,4.214976,105.453125
08:00:30,912810UB2,TSRYS5810883,D,S,T,2024-08-15,1000000.00,4.220646,105.375
08:00:30,912810UB2,TSRYS5810883,D,S,T,2024-08-15,1000000.00,4.221781,105.359375
08:00:30,912810UB2,TSRYS5810883,D,S,T,2024-08-15,1000000.00,4.224761,105.318359375
08:00:30,912810UB2,TSRYS5810883,D,S,T,2024-08-15,1000000.00,4.22831,105.26953125
08:00:30,912810UB2,TSRYS5810883,D,S,T,2024-08-15,1000000.00,4.226322,105.296875
08:00:30,912810UB2,TSRYS5810883,D,S,T,2024-08-15,1000000.00,4.226322,105.296875
08:00:30,912810UB2,TSRYS5810883,D,S,T,2024-08-15,1000000.00,4.226322,105.296875
08:00:30,912810UB2,TSRYS5810883,D,S,T,2024-08-15,1000000.00,4.226322,105.296875
08:00:30,912810UB2,TSRYS5810883,D,S,T,2024-08-15,1000000.00,4.226322,105.296875
08:00:30,912810UB2,TSRYS5810883,D,S,T,2024-08-15,1000000.00,4.226322,105.296875
08:00:30,912810UB2,TSRYS5810883,D,S,T,2024-08-15,1000000.00,4.226322,105.296875
08:00:30,912810UB2,TSRYS5810883,D,S,T,2024-08-15,1000000.00,4.226322,105.296875
08:00:30,912810UB2,TSRYS5810883,D,S,T,2024-08-15,2000000.00,4.226322,105.296875
08:00:30,912810UB2,TSRYS5810883,D,S,T,2024-08-15,1000000.00,4.226322,105.296875
08:00:30,912810UB2,TSRYS5810883,D,S,T,2024-08-15,1000000.00,4.227458,105.28125
08:00:31,912810UB2,TSRYS5810883,D,S,T,2024-08-15,1000000.00,4.221781,105.359375
08:00:31,912810UB2,TSRYS5810883,D,S,T,2024-08-15,1000000.00,4.221781,105.359375
08:00:31,912810UB2,TSRYS5810883,D,S,T,2024-08-15,1000000.00,4.221781,105.359375
08:00:31,912810UB2,TSRYS5810883,D,S,T,2024-08-15,1000000.00,4.221781,105.359375
08:00:31,912810UB2,TSRYS5810883,D,S,T,2024-08-15,1000000.00,4.221781,105.359375
08:00:31,912810UB2,TSRYS5810883,D,S,T,2024-08-15,1000000.00,4.228594,105.265625
08:00:31,912810UB2,TSRYS5810883,D,S,T,2024-08-15,1000000.00,4.225612,105.306640625
08:00:31,912810UB2,TSRYS5810883,D,S,T,2024-08-15,3000000.00,4.22973,105.25
08:00:31,912810UB2,TSRYS5810883,D,S,T,2024-08-15,1000000.00,4.22973,105.25
08:00:31,912810UB2,TSRYS5810883,D,S,T,2024-08-15,1000000.00,4.22973,105.25
08:00:31,912810UB2,TSRYS5810883,D,S,D,2024-08-15,1000000.00,4.215827,105.44140625
08:00:31,912810UB2,TSRYS5810883,D,S,D,2024-08-15,1000000.00,4.21611,105.4375
08:00:31,912810UB2,TSRYS5810883,D,S,D,2024-08-15,1000000.00,4.215827,105.44140625
08:00:31,912810UB2,TSRYS5810883,D,S,D,2024-08-15,1000000.00,4.217811,105.4140625
08:00:31,912810UB2,TSRYS5810883,D,S,D,2024-08-15,1000000.00,4.217811,105.4140625
08:00:31,912810UB2,TSRYS5810883,D,S,D,2024-08-15,1000000.00,4.217811,105.4140625
08:00:31,912810UB2,TSRYS5810883,D,S,D,2024-08-15,1000000.00,4.217811,105.4140625
08:00:31,912810UB2,TSRYS5810883,D,S,D,2024-08-15,1000000.00,4.215543,105.4453125
08:00:31,912810UB2,TSRYS5810883,D,S,D,2024-08-15,1000000.00,4.215543,105.4453125
08:00:31,912810UB2,TSRYS5810883,D,S,D,2024-08-15,1000000.00,4.224051,105.328125
08:00:31,912810UB2,TSRYS5810883,D,S,D,2024-08-15,1000000.00,4.224051,105.328125
08:00:31,912810UB2,TSRYS5810883,D,S,D,2024-08-15,1000000.00,4.22689,105.2890625
08:00:31,912810UB2,TSRYS5810883,D,S,D,2024-08-15,1000000.00,4.213277,105.4765625
08:00:31,912810UB2,TSRYS5810883,D,S,D,2024-08-15,1000000.00,4.21356,105.47265625
08:00:31,912810UB2,TSRYS5810883,D,S,D,2024-08-15,1000000.00,4.21356,105.47265625
08:00:31,912810UB2,TSRYS5810883,D,S,D,2024-08-15,1000000.00,4.21356,105.47265625
08:00:31,912810UB2,TSRYS5810883,D,S,C,2024-08-15,350000.00,4.222246,105.3515625
08:00:31,912810UB2,TSRYS5810883,D,S,D,2024-08-15,1000000.00,4.223767,105.33203125
08:00:31,912810UB2,TSRYS5810883,D,S,D,2024-08-15,1000000.00,4.223767,105.33203125
08:00:31,912810UB2,TSRYS5810883,D,S,D,2024-08-15,1000000.00,4.223767,105.33203125
08:00:31,912810UB2,TSRYS5810883,D,S,D,2024-08-15,1000000.00,4.223767,105.33203125
08:00:31,912810UB2,TSRYS5810883,D,S,D,2024-08-15,1000000.00,4.227458,105.28125
08:00:31,912810UB2,TSRYS5810883,D,S,D,2024-08-15,1000000.00,4.221781,105.359375
08:00:31,912810UB2,TSRYS5810883,D,S,D,2024-08-15,1000000.00,4.222916,105.34375
08:00:31,912810UB2,TSRYS5810883,D,S,D,2024-08-15,1000000.00,4.222349,105.3515625
08:00:31,912810UB2,TSRYS5810883,D,S,D,2024-08-15,1000000.00,4.219512,105.390625
08:00:31,912810UB2,TSRYS5810883,D,S,D,2024-08-15,210000.00,4.225186,105.3125
08:00:31,912810UB2,TSRYS5810883,D,S,T,2024-08-15,1000000.00,4.217953,105.412109375
08:00:31,912810UB2,TSRYS5810883,D,S,T,2024-08-15,1000000.00,4.217953,105.412109375
08:00:31,912810UB2,TSRYS5810883,D,S,D,2024-08-15,1000000.00,4.215827,105.44140625
08:00:31,912810UB2,TSRYS5810883,D,S,D,2024-08-15,1000000.00,4.215827,105.44140625
08:00:31,912810UB2,TSRYS5810883,D,S,D,2024-08-15,1000000.00,4.217811,105.4140625
08:00:31,912810UB2,TSRYS5810883,D,S,D,2024-08-15,1000000.00,4.217811,105.4140625
08:00:31,912810UB2,TSRYS5810883,D,S,D,2024-08-15,1000000.00,4.217811,105.4140625
08:00:31,912810UB2,TSRYS5810883,D,S,D,2024-08-15,1000000.00,4.217811,105.4140625
08:00:31,912810UB2,TSRYS5810883,D,S,D,2024-08-15,1000000.00,4.215543,105.4453125
08:00:31,912810UB2,TSRYS5810883,D,S,D,2024-08-15,1000000.00,4.215543,105.4453125
08:00:31,912810UB2,TSRYS5810883,D,S,D,2024-08-15,1000000.00,4.226748,105.291015625
08:00:31,912810UB2,TSRYS5810883,D,S,D,2024-08-15,1000000.00,4.227032,105.287109375
08:00:31,912810UB2,TSRYS5810883,D,S,D,2024-08-15,1000000.00,4.220079,105.3828125
08:00:31,912810UB2,TSRYS5810883,D,S,D,2024-08-15,1000000.00,4.220079,105.3828125
08:00:31,912810UB2,TSRYS5810883,D,S,D,2024-08-15,1000000.00,4.21356,105.47265625
08:00:31,912810UB2,TSRYS5810883,D,S,D,2024-08-15,1000000.00,4.213277,105.4765625
08:00:31,912810UB2,TSRYS5810883,D,S,D,2024-08-15,1000000.00,4.213418,105.474609375
08:00:31,912810UB2,TSRYS5810883,D,S,D,2024-08-15,2000000.00,4.223767,105.33203125
08:00:31,912810UB2,TSRYS5810883,D,S,D,2024-08-15,1000000.00,4.223767,105.33203125
08:00:31,912810UB2,TSRYS5810883,D,S,D,2024-08-15,1000000.00,4.223767,105.33203125
08:00:31,912810UB2,TSRYS5810883,D,S,D,2024-08-15,2000000.00,4.223767,105.33203125
08:00:31,912810UB2,TSRYS5810883,D,S,D,2024-08-15,2000000.00,4.223767,105.33203125
08:00:31,912810UB2,TSRYS5810883,D,S,D,2024-08-15,1000000.00,4.223767,105.33203125
08:00:31,912810UB2,TSRYS5810883,D,S,D,2024-08-15,1000000.00,4.223767,105.33203125
08:00:31,912810UB2,TSRYS5810883,D,S,D,2024-08-15,1000000.00,4.223767,105.33203125
08:00:31,912810UB2,TSRYS5810883,D,S,D,2024-08-15,1000000.00,4.223767,105.33203125
08:00:31,912810UB2,TSRYS5810883,D,S,D,2024-08-15,1000000.00,4.223767,105.33203125
08:00:31,912810UB2,TSRYS5810883,D,S,D,2024-08-15,2000000.00,4.223767,105.33203125
08:00:31,912810UB2,TSRYS5810883,D,S,D,2024-08-15,1000000.00,4.223625,105.333984375
08:00:31,912810UB2,TSRYS5810883,D,S,D,2024-08-15,2000000.00,4.228878,105.26171875
08:00:31,912810UB2,TSRYS5810883,D,S,D,2024-08-15,1000000.00,4.222632,105.34765625
08:00:31,912810UB2,TSRYS5810883,D,S,D,2024-08-15,1000000.00,4.222207,105.353515625
08:00:31,912810UB2,TSRYS5810883,D,S,D,2024-08-15,1000000.00,4.219654,105.388671875
08:00:31,912810UB2,TSRYS5810883,D,S,T,2024-08-15,1000000.00,4.215827,105.44140625
08:00:31,912810UB2,TSRYS5810883,D,S,T,2024-08-15,1000000.00,4.215827,105.44140625
08:00:31,912810UB2,TSRYS5810883,D,S,T,2024-08-15,1000000.00,4.21611,105.4375
08:00:31,912810UB2,TSRYS5810883,D,S,T,2024-08-15,1000000.00,4.217811,105.4140625
08:00:31,912810UB2,TSRYS5810883,D,S,T,2024-08-15,1000000.00,4.217811,105.4140625
08:00:31,912810UB2,TSRYS5810883,D,B,A,2024-08-15,215000.00,4.223484,105.3359375
08:00:31,912810UB2,TSRYS5810883,D,B,A,2024-08-15,150000.00,4.224903,105.31640625
08:00:31,912810UB2,TSRYS5810883,D,S,T,2024-08-15,1000000.00,4.217811,105.4140625
08:00:31,912810UB2,TSRYS5810883,D,S,T,2024-08-15,1000000.00,4.22689,105.2890625
08:00:31,912810UB2,TSRYS5810883,D,S,T,2024-08-15,1000000.00,4.226748,105.291015625
08:00:31,912810UB2,TSRYS5810883,D,S,T,2024-08-15,1000000.00,4.220079,105.3828125
08:00:31,912810UB2,TSRYS5810883,D,S,T,2024-08-15,1000000.00,4.220079,105.3828125
08:00:31,912810UB2,TSRYS5810883,D,S,T,2024-08-15,1000000.00,4.21356,105.47265625
08:00:31,912810UB2,TSRYS5810883,D,S,T,2024-08-15,1000000.00,4.213418,105.474609375
08:00:31,912810UB2,TSRYS5810883,D,S,T,2024-08-15,1000000.00,4.213418,105.474609375
08:00:31,912810UB2,TSRYS5810883,D,S,A,2024-08-15,300000.00,4.222916,105.34375
08:00:31,912810UB2,TSRYS5810883,D,S,T,2024-08-15,1000000.00,4.221923,105.357421875
08:00:31,912810UB2,TSRYS5810883,D,S,T,2024-08-15,2000000.00,4.221923,105.357421875
08:00:31,912810UB2,TSRYS5810883,D,S,A,2024-08-15,200000.00,4.230014,105.24609375
08:00:31,912810UB2,TSRYS5810883,D,B,C,2024-08-15,7140000.00,4.223881,105.328125
08:00:31,912810UB2,TSRYS5810883,D,S,T,2024-08-15,1000000.00,4.223767,105.33203125
08:00:31,912810UB2,TSRYS5810883,D,S,T,2024-08-15,1000000.00,4.223767,105.33203125
08:00:31,912810UB2,TSRYS5810883,D,S,T,2024-08-15,1000000.00,4.223767,105.33203125
08:00:31,912810UB2,TSRYS5810883,D,B,C,2024-08-15,625000.00,4.230014,105.24609375
08:00:31,912810UB2,TSRYS5810883,D,S,T,2024-08-15,1000000.00,4.228594,105.265625
08:00:31,912810UB2,TSRYS5810883,D,S,T,2024-08-15,1000000.00,4.228594,105.265625
08:00:32,912810UB2,TSRYS5810883,D,S,T,2024-08-15,1000000.00,4.221781,105.359375
08:00:32,912810UB2,TSRYS5810883,D,S,T,2024-08-15,1000000.00,4.222207,105.353515625
08:00:32,912810UB2,TSRYS5810883,D,S,A,2024-08-15,10000000.00,4.21611,105.4375
08:00:39,912810UB2,TSRYS5810883,D,S,D,2024-08-15,200000.00,4.227742,105.27734375
08:00:39,912810UB2,TSRYS5810883,D,S,C,2024-08-15,10000.00,4.225186,105.3125
08:00:41,912810UB2,TSRYS5810883,D,S,D,2024-08-15,100000.00,4.211011,105.5078125
08:00:42,912810UB2,TSRYS5810883,D,B,A,2024-08-15,2098000.00,4.223484,105.335938
08:00:42,912810UB2,TSRYS5810883,D,S,D,2024-08-15,200000.00,4.218094,105.41015625
08:00:44,912810UB2,TSRYS5810883,D,S,D,2024-08-15,83000.00,4.227458,105.28125
08:00:44,912810UB2,TSRYS5810883,D,S,D,2024-08-15,10000.00,4.225186,105.3125
08:00:48,912810UB2,TSRYS5810883,D,S,D,2024-08-15,100000.00,4.216677,105.4296875
08:00:48,912810UB2,TSRYS5810883,D,S,D,2024-08-15,100000.00,4.212427,105.48828125
08:00:49,912810UB2,TSRYS5810883,D,S,A,2024-08-15,2500000.00,4.220079,105.3828125
08:00:50,912810UB2,TSRYS5810883,D,B,A,2024-08-15,1771000.00,4.225754,105.304688
08:00:51,912810UB2,TSRYS5810883,D,B,A,2024-08-15,5000000.00,4.214976,105.453125
08:00:52,912810UB2,TSRYS5810883,D,S,T,2024-08-15,1000000.00,4.225186,105.3125
08:00:52,912810UB2,TSRYS5810883,D,S,A,2024-08-15,1714000.00,4.219583,105.389648438
08:00:56,912810UB2,TSRYS5810883,D,B,A,2024-08-15,8000000.00,4.221781,105.359375
08:00:56,912810UB2,TSRYS5810883,D,S,A,2024-08-15,500000.00,4.214976,105.453125
08:01:01,912810UB2,TSRYS5810883,D,B,C,2024-08-15,1000000.00,4.215827,105.44140625
08:01:01,912810UB2,TSRYS5810883,D,S,D,2024-08-15,1000000.00,4.225186,105.3125
08:01:01,912810UB2,TSRYS5810883,D,S,D,2024-08-15,1000000.00,4.215827,105.44140625
08:01:01,912810UB2,TSRYS5810883,D,S,C,2024-08-15,1000000.00,4.226038,105.30078125
08:01:01,912810UB2,TSRYS5810883,D,S,D,2024-08-15,1000000.00,4.225186,105.3125
08:01:01,912810UB2,TSRYS5810883,D,S,D,2024-08-15,1000000.00,4.225186,105.3125
08:01:01,912810UB2,TSRYS5810883,D,S,D,2024-08-15,1000000.00,4.220079,105.3828125
08:01:01,912810UB2,TSRYS5810883,D,S,D,2024-08-15,1000000.00,4.225186,105.3125
08:01:01,912810UB2,TSRYS5810883,D,S,D,2024-08-15,1000000.00,4.210728,105.51171875
08:01:01,912810UB2,TSRYS5810883,D,B,C,2024-08-15,1000000.00,4.213843,105.46875
08:01:01,912810UB2,TSRYS5810883,D,S,D,2024-08-15,1000000.00,4.213843,105.46875
08:01:01,912810UB2,TSRYS5810883,D,B,C,2024-08-15,1000000.00,4.213843,105.46875
08:01:01,912810UB2,TSRYS5810883,D,S,D,2024-08-15,1000000.00,4.213843,105.46875
08:01:01,912810UB2,TSRYS5810883,D,B,C,2024-08-15,1000000.00,4.213843,105.46875
08:01:01,912810UB2,TSRYS5810883,D,B,C,2024-08-15,1000000.00,4.213843,105.46875
08:01:01,912810UB2,TSRYS5810883,D,S,D,2024-08-15,1000000.00,4.213843,105.46875
08:01:01,912810UB2,TSRYS5810883,D,S,D,2024-08-15,1000000.00,4.213843,105.46875
08:01:01,912810UB2,TSRYS5810883,D,B,C,2024-08-15,1000000.00,4.213843,105.46875
08:01:01,912810UB2,TSRYS5810883,D,S,D,2024-08-15,1000000.00,4.213843,105.46875
08:01:01,912810UB2,TSRYS5810883,D,S,D,2024-08-15,1000000.00,4.213843,105.46875
08:01:01,912810UB2,TSRYS5810883,D,B,C,2024-08-15,1000000.00,4.213843,105.46875
08:01:01,912810UB2,TSRYS5810883,D,B,C,2024-08-15,1000000.00,4.213843,105.46875
08:01:01,912810UB2,TSRYS5810883,D,B,C,2024-08-15,1000000.00,4.213843,105.46875
08:01:01,912810UB2,TSRYS5810883,D,S,D,2024-08-15,1000000.00,4.213843,105.46875
08:01:01,912810UB2,TSRYS5810883,D,S,D,2024-08-15,1000000.00,4.213843,105.46875
08:01:01,912810UB2,TSRYS5810883,D,B,C,2024-08-15,1000000.00,4.213843,105.46875
08:01:01,912810UB2,TSRYS5810883,D,B,C,2024-08-15,1000000.00,4.213843,105.46875
08:01:01,912810UB2,TSRYS5810883,D,S,D,2024-08-15,1000000.00,4.213843,105.46875
08:01:01,912810UB2,TSRYS5810883,D,B,C,2024-08-15,1000000.00,4.213843,105.46875
08:01:01,912810UB2,TSRYS5810883,D,B,C,2024-08-15,1000000.00,4.213843,105.46875
08:01:01,912810UB2,TSRYS5810883,D,S,D,2024-08-15,1000000.00,4.213843,105.46875
08:01:01,912810UB2,TSRYS5810883,D,S,D,2024-08-15,1000000.00,4.213843,105.46875
08:01:01,912810UB2,TSRYS5810883,D,B,C,2024-08-15,1000000.00,4.213843,105.46875
08:01:01,912810UB2,TSRYS5810883,D,B,C,2024-08-15,1000000.00,4.213843,105.46875
08:01:01,912810UB2,TSRYS5810883,D,S,D,2024-08-15,1000000.00,4.213843,105.46875
08:01:01,912810UB2,TSRYS5810883,D,B,C,2024-08-15,1000000.00,4.213843,105.46875
08:01:01,912810UB2,TSRYS5810883,D,S,D,2024-08-15,1000000.00,4.213843,105.46875
08:01:01,912810UB2,TSRYS5810883,D,B,C,2024-08-15,1000000.00,4.213843,105.46875
08:01:01,912810UB2,TSRYS5810883,D,S,D,2024-08-15,1000000.00,4.213843,105.46875
08:01:01,912810UB2,TSRYS5810883,D,B,C,2024-08-15,1000000.00,4.213843,105.46875
08:01:01,912810UB2,TSRYS5810883,D,S,D,2024-08-15,1000000.00,4.213843,105.46875
08:01:01,912810UB2,TSRYS5810883,D,B,C,2024-08-15,1000000.00,4.213843,105.46875
08:01:01,912810UB2,TSRYS5810883,D,S,D,2024-08-15,1000000.00,4.213843,105.46875
08:01:01,912810UB2,TSRYS5810883,D,S,D,2024-08-15,1000000.00,4.213843,105.46875
08:01:01,912810UB2,TSRYS5810883,D,S,D,2024-08-15,1000000.00,4.213843,105.46875
08:01:01,912810UB2,TSRYS5810883,D,S,D,2024-08-15,1000000.00,4.229162,105.2578125
08:01:02,912810UB2,TSRYS5810883,D,S,C,2024-08-15,1000000.00,4.229162,105.2578125
08:01:02,912810UB2,TSRYS5810883,D,S,D,2024-08-15,1000000.00,4.223767,105.33203125
08:01:02,912810UB2,TSRYS5810883,D,S,D,2024-08-15,1000000.00,4.227458,105.28125
08:01:02,912810UB2,TSRYS5810883,D,S,C,2024-08-15,2235000.00,4.227174,105.28515625
08:01:02,912810UB2,TSRYS5810883,D,S,D,2024-08-15,1000000.00,4.221781,105.359375
08:01:04,912810UB2,TSRYS5810883,D,S,C,2024-08-15,23500000.00,4.228878,105.26171875
08:01:06,912810UB2,TSRYS5810883,D,S,D,2024-08-15,2235000.00,,105.28515625
08:01:06,912810UB2,TSRYS5810883,D,S,A,2024-08-15,2000000.00,4.228594,105.265625
08:01:06,912810UB2,TSRYS5810883,D,S,C,2024-08-15,20000.00,4.228594,105.265625
08:01:06,912810UB2,TSRYS5810883,D,S,C,2024-08-15,200000.00,4.227145,105.28555625
08:01:07,912810UB2,TSRYS5810883,D,S,C,2024-08-15,55000.00,4.225754,105.3046875
08:01:07,912810UB2,TSRYS5810883,D,B,C,2024-08-15,55000.00,4.226322,105.296875
08:01:07,912810UB2,TSRYS5810883,D,S,D,2024-08-15,600000.00,4.225186,105.3125
08:01:07,912810UB2,TSRYS5810883,D,B,C,2024-08-15,50MM+,4.226038,105.30078125
08:01:09,912810UB2,TSRYS5810883,D,B,C,2024-08-15,5630000.00,4.221497,105.36328125
08:01:09,912810UB2,TSRYS5810883,D,S,D,2024-08-15,1000000.00,4.225186,105.3125
08:01:09,912810UB2,TSRYS5810883,D,S,D,2024-08-15,1000000.00,4.225186,105.3125
08:01:09,912810UB2,TSRYS5810883,D,S,D,2024-08-15,1000000.00,4.225186,105.3125
08:01:09,912810UB2,TSRYS5810883,D,S,D,2024-08-15,1000000.00,4.225186,105.3125
08:01:09,912810UB2,TSRYS5810883,D,S,D,2024-08-15,1000000.00,4.227458,105.28125
08:01:09,912810UB2,TSRYS5810883,D,S,T,2024-08-15,1000000.00,4.225194,105.3124
08:01:09,912810UB2,TSRYS5810883,D,S,T,2024-08-15,1000000.00,4.225194,105.3124
08:01:09,912810UB2,TSRYS5810883,D,S,T,2024-08-15,1000000.00,4.225194,105.3124
08:01:09,912810UB2,TSRYS5810883,D,S,T,2024-08-15,1000000.00,4.225194,105.3124
08:01:09,912810UB2,TSRYS5810883,D,S,T,2024-08-15,1000000.00,4.227749,105.27724375
08:01:09,912810UB2,TSRYS5810883,D,S,T,2024-08-15,2000000.00,4.227749,105.27724375
08:01:09,912810UB2,TSRYS5810883,D,S,T,2024-08-15,1000000.00,4.212717,105.484275
08:01:09,912810UB2,TSRYS5810883,D,S,T,2024-08-15,1000000.00,4.209319,105.53115
08:01:10,912810UB2,TSRYS5810883,D,S,T,2024-08-15,1000000.00,4.213567,105.47255625
08:01:10,912810UB2,TSRYS5810883,D,S,T,2024-08-15,2000000.00,4.213709,105.470603125
08:01:10,912810UB2,TSRYS5810883,D,S,T,2024-08-15,1000000.00,4.213709,105.470603125
08:01:10,912810UB2,TSRYS5810883,D,S,T,2024-08-15,1000000.00,4.226329,105.296775
08:01:10,912810UB2,TSRYS5810883,D,S,T,2024-08-15,1000000.00,4.227465,105.28115
08:01:10,912810UB2,TSRYS5810883,D,S,T,2024-08-15,2000000.00,4.227465,105.28115
08:01:10,912810UB2,TSRYS5810883,D,S,T,2024-08-15,1000000.00,4.218527,105.404196875
08:01:10,912810UB2,TSRYS5810883,D,S,T,2024-08-15,1000000.00,4.218669,105.40224375
08:01:10,912810UB2,TSRYS5810883,D,S,T,2024-08-15,1000000.00,4.227474,105.281025
08:01:11,912810UB2,TSRYS5810883,D,B,C,2024-08-15,1000000.00,4.212908,105.4816456
08:01:11,912810UB2,TSRYS5810883,D,B,C,2024-08-15,1000000.00,4.210287,105.517791
08:01:11,912810UB2,TSRYS5810883,D,B,C,2024-08-15,1000000.00,4.225202,105.3122845
08:01:11,912810UB2,TSRYS5810883,D,B,C,2024-08-15,2000000.00,4.218453,105.4052091
08:01:11,912810UB2,TSRYS5810883,D,S,D,2024-08-15,200000.00,,105.28555625
08:01:11,912810UB2,TSRYS5810883,D,S,D,2024-08-15,20000.00,,105.265625
08:01:11,912810UB2,TSRYS5810883,D,S,D,2024-08-15,55000.00,,105.3046875
08:01:11,912810UB2,TSRYS5810883,D,S,A,2024-08-15,1000000.00,4.214126,105.46484375
08:01:11,912810UB2,TSRYS5810883,D,S,C,2024-08-15,200000.00,4.226577,105.29336875
08:01:11,912810UB2,TSRYS5810883,D,S,A,2024-08-15,5000000.00,4.226038,105.30078125
08:01:12,912810UB2,TSRYS5810883,D,S,A,2024-08-15,5000000.00,4.228594,105.265625
08:01:12,912810UB2,TSRYS5810883,D,S,A,2024-08-15,100000.00,4.212888,105.48046875
08:01:12,912810UB2,TSRYS5810883,D,S,A,2024-08-15,2000.00,4.226322,105.296875
08:01:16,912810UB2,TSRYS5810883,D,B,C,2024-08-15,1000000.00,4.213418,105.47460937
08:01:16,912810UB2,TSRYS5810883,D,S,D,2024-08-15,200000.00,,105.29336875
08:01:16,912810UB2,TSRYS5810883,D,S,D,2024-08-15,1000000.00,4.210586,105.51367187
08:01:16,912810UB2,TSRYS5810883,D,S,T,2024-08-15,1000000.00,4.210586,105.51367187
08:01:16,912810UB2,TSRYS5810883,D,S,A,2024-08-15,8000000.00,4.221781,105.359375
08:01:17,912810UB2,TSRYS5810883,D,B,A,2024-08-15,450000.00,4.218661,105.402344
08:01:17,912810UB2,TSRYS5810883,D,S,D,2024-08-15,1000000.00,4.210586,105.51367187
08:01:17,912810UB2,TSRYS5810883,D,S,D,2024-08-15,1000000.00,4.210444,105.515625
08:01:17,912810UB2,TSRYS5810883,D,S,D,2024-08-15,2000000.00,4.210444,105.515625
08:01:17,912810UB2,TSRYS5810883,D,B,A,2024-08-15,150000.00,4.219512,105.390625
08:01:18,912810UB2,TSRYS5810883,D,B,C,2024-08-15,1000000.00,4.215543,105.4453125
08:01:18,912810UB2,TSRYS5810883,D,S,C,2024-08-15,50MM+,4.216793,105.42809
08:01:19,912810UB2,TSRYS5810883,D,S,D,2024-08-15,1000000.00,4.215827,105.44140625
08:01:19,912810UB2,TSRYS5810883,D,S,D,2024-08-15,1000000.00,4.215827,105.44140625
08:01:19,912810UB2,TSRYS5810883,D,S,T,2024-08-15,1000000.00,4.225186,105.3125
08:01:19,912810UB2,TSRYS5810883,D,S,T,2024-08-15,1000000.00,4.225186,105.3125
08:01:19,912810UB2,TSRYS5810883,D,S,T,2024-08-15,1000000.00,4.2276,105.279296875
08:01:19,912810UB2,TSRYS5810883,D,S,T,2024-08-15,1000000.00,4.227742,105.27734375
08:01:19,912810UB2,TSRYS5810883,D,S,T,2024-08-15,1000000.00,4.213701,105.470703125
08:01:20,912810UB2,TSRYS5810883,D,S,D,2024-08-15,1000000.00,4.21611,105.4375
08:01:20,912810UB2,TSRYS5810883,D,B,C,2024-08-15,1000000.00,4.215968,105.43945312
08:01:20,912810UB2,TSRYS5810883,D,B,C,2024-08-15,1000000.00,4.215827,105.44140625
08:01:20,912810UB2,TSRYS5810883,D,S,D,2024-08-15,1000000.00,4.216252,105.435546875
08:01:20,912810UB2,TSRYS5810883,D,S,D,2024-08-15,1000000.00,4.216252,105.435546875
08:01:20,912810UB2,TSRYS5810883,D,S,D,2024-08-15,1000000.00,4.216252,105.435546875
08:01:20,912810UB2,TSRYS5810883,D,B,C,2024-08-15,1000000.00,4.215685,105.44335937
08:01:20,912810UB2,TSRYS5810883,D,S,D,2024-08-15,1000000.00,4.216252,105.435546875
08:01:20,912810UB2,TSRYS5810883,D,S,D,2024-08-15,1000000.00,4.216252,105.435546875
08:01:20,912810UB2,TSRYS5810883,D,S,D,2024-08-15,1000000.00,4.217244,105.421875
08:01:20,912810UB2,TSRYS5810883,D,S,D,2024-08-15,1000000.00,4.217244,105.421875
08:01:20,912810UB2,TSRYS5810883,D,S,D,2024-08-15,1000000.00,4.217244,105.421875
08:01:20,912810UB2,TSRYS5810883,D,S,D,2024-08-15,1000000.00,4.217244,105.421875
08:01:20,912810UB2,TSRYS5810883,D,S,D,2024-08-15,1000000.00,4.217244,105.421875
08:01:20,912810UB2,TSRYS5810883,D,S,D,2024-08-15,1000000.00,4.217244,105.421875
08:01:20,912810UB2,TSRYS5810883,D,S,D,2024-08-15,1000000.00,4.217244,105.421875
08:01:20,912810UB2,TSRYS5810883,D,S,D,2024-08-15,1000000.00,4.217244,105.421875
08:01:21,912810UB2,TSRYS5810883,D,S,D,2024-08-15,1000000.00,4.217244,105.421875
08:01:21,912810UB2,TSRYS5810883,D,S,C,2024-08-15,1000000.00,4.21611,105.4375
08:01:21,912810UB2,TSRYS5810883,D,S,D,2024-08-15,1000000.00,4.218236,105.408203125
08:01:21,912810UB2,TSRYS5810883,D,B,C,2024-08-15,1000000.00,4.218236,105.408203125
08:01:21,912810UB2,TSRYS5810883,D,S,A,2024-08-15,1080000.00,4.22093,105.37109375
08:01:21,912810UB2,TSRYS5810883,D,B,A,2024-08-15,80000.00,4.222349,105.3515625
08:01:22,912810UB2,TSRYS5810883,D,S,A,2024-08-15,688000.00,4.223767,105.33203125
08:01:22,912810UB2,TSRYS5810883,D,S,D,2024-08-15,600000.00,4.224903,105.31640625
08:01:22,912810UB2,TSRYS5810883,D,S,D,2024-08-15,1000000.00,4.217811,105.4140625
08:01:22,912810UB2,TSRYS5810883,D,S,D,2024-08-15,1000000.00,4.217953,105.412109375
08:01:22,912810UB2,TSRYS5810883,D,S,D,2024-08-15,1000000.00,4.217953,105.412109375
08:01:22,912810UB2,TSRYS5810883,D,S,D,2024-08-15,1000000.00,4.217953,105.412109375
08:01:23,912810UB2,TSRYS5810883,D,S,D,2024-08-15,1000000.00,4.225839,105.3035183759
08:01:23,912810UB2,TSRYS5810883,D,S,D,2024-08-15,1000000.00,4.217811,105.4140625
08:01:23,912810UB2,TSRYS5810883,D,S,D,2024-08-15,1000000.00,4.217811,105.4140625
08:01:23,912810UB2,TSRYS5810883,D,S,T,2024-08-15,1000000.00,4.226322,105.296875
08:01:23,912810UB2,TSRYS5810883,D,S,T,2024-08-15,1000000.00,4.226322,105.296875
08:01:23,912810UB2,TSRYS5810883,D,S,T,2024-08-15,1000000.00,4.226322,105.296875
08:01:24,912810UB2,TSRYS5810883,D,S,A,2024-08-15,63000.00,4.217244,105.421875
08:01:24,912810UB2,TSRYS5810883,D,S,T,2024-08-15,4000000.00,4.226322,105.296875
08:01:24,912810UB2,TSRYS5810883,D,S,T,2024-08-15,3000000.00,4.226322,105.296875
08:01:25,912810UB2,TSRYS5810883,D,S,T,2024-08-15,1000000.00,4.217244,105.421875
08:01:25,912810UB2,TSRYS5810883,D,S,T,2024-08-15,1000000.00,4.217244,105.421875
08:01:25,912810UB2,TSRYS5810883,D,S,T,2024-08-15,1000000.00,4.226322,105.296875
08:01:26,912810UB2,TSRYS5810883,D,S,T,2024-08-15,1000000.00,4.228736,105.26367187
08:01:26,912810UB2,TSRYS5810883,D,S,T,2024-08-15,1000000.00,4.228878,105.26171875
08:01:26,912810UB2,TSRYS5810883,D,S,D,2024-08-15,1000000.00,4.228878,105.26171875
08:01:26,912810UB2,TSRYS5810883,D,S,T,2024-08-15,1000000.00,4.228878,105.26171875
08:01:26,912810UB2,TSRYS5810883,D,S,T,2024-08-15,1000000.00,4.228878,105.26171875
08:01:26,912810UB2,TSRYS5810883,D,S,D,2024-08-15,1000000.00,4.229162,105.2578125
08:01:26,912810UB2,TSRYS5810883,D,S,D,2024-08-15,1000000.00,4.228878,105.26171875
08:01:26,912810UB2,TSRYS5810883,D,S,D,2024-08-15,1000000.00,4.209624,105.52694375
08:01:26,912810UB2,TSRYS5810883,D,B,C,2024-08-15,1000000.00,4.209624,105.52494375
08:01:26,912810UB2,TSRYS5810883,D,S,T,2024-08-15,1000000.00,4.22902,105.25976562
08:01:26,912810UB2,TSRYS5810883,D,S,C,2024-08-15,100000.00,4.216677,105.4346875
08:01:26,912810UB2,TSRYS5810883,D,S,T,2024-08-15,1000000.00,4.229162,105.2578125
08:01:26,912810UB2,TSRYS5810883,D,S,T,2024-08-15,1000000.00,4.229162,105.2578125
08:01:26,912810UB2,TSRYS5810883,D,S,D,2024-08-15,1000000.00,4.229162,105.2578125
08:01:26,912810UB2,TSRYS5810883,D,S,D,2024-08-15,100000.00,4.212993,105.48046875
08:01:26,912810UB2,TSRYS5810883,D,B,C,2024-08-15,100000.00,4.212993,105.47546875
08:01:26,912810UB2,TSRYS5810883,D,S,T,2024-08-15,1000000.00,4.229162,105.2578125
08:01:26,912810UB2,TSRYS5810883,D,S,T,2024-08-15,1000000.00,4.229162,105.2578125
08:01:26,912810UB2,TSRYS5810883,D,S,D,2024-08-15,1000000.00,4.229162,105.2578125
08:01:26,912810UB2,TSRYS5810883,D,S,T,2024-08-15,1000000.00,4.229162,105.2578125
08:01:26,912810UB2,TSRYS5810883,D,S,T,2024-08-15,1000000.00,4.229162,105.2578125
08:01:26,912810UB2,TSRYS5810883,D,S,D,2024-08-15,1000000.00,4.229162,105.2578125
08:01:26,912810UB2,TSRYS5810883,D,S,T,2024-08-15,2000000.00,4.229162,105.2578125
08:01:26,912810UB2,TSRYS5810883,D,S,T,2024-08-15,1000000.00,4.229162,105.2578125
08:01:26,912810UB2,TSRYS5810883,D,S,D,2024-08-15,1000000.00,4.229162,105.2578125
08:01:26,912810UB2,TSRYS5810883,D,S,T,2024-08-15,1000000.00,4.228878,105.26171875
08:01:26,912810UB2,TSRYS5810883,D,S,T,2024-08-15,1000000.00,4.229162,105.2578125
08:01:26,912810UB2,TSRYS5810883,D,S,D,2024-08-15,688000.00,,105.33203125
08:01:26,912810UB2,TSRYS5810883,D,S,T,2024-08-15,2000000.00,4.229162,105.2578125
08:01:26,912810UB2,TSRYS5810883,D,S,D,2024-08-15,1000000.00,4.229162,105.2578125
08:01:26,912810UB2,TSRYS5810883,D,S,T,2024-08-15,1000000.00,4.229162,105.2578125
08:01:26,912810UB2,TSRYS5810883,D,S,T,2024-08-15,1000000.00,4.229162,105.2578125
08:01:26,912810UB2,TSRYS5810883,D,S,T,2024-08-15,1000000.00,4.229162,105.2578125
08:01:26,912810UB2,TSRYS5810883,D,S,D,2024-08-15,1000000.00,4.229162,105.2578125
08:01:26,912810UB2,TSRYS5810883,D,S,T,2024-08-15,1000000.00,4.228878,105.26171875
08:01:26,912810UB2,TSRYS5810883,D,S,T,2024-08-15,1000000.00,4.228878,105.26171875
08:01:26,912810UB2,TSRYS5810883,D,S,D,2024-08-15,1000000.00,4.229162,105.2578125
08:01:26,912810UB2,TSRYS5810883,D,S,T,2024-08-15,2000000.00,4.229162,105.2578125
08:01:26,912810UB2,TSRYS5810883,D,S,D,2024-08-15,1000000.00,4.229162,105.2578125
08:01:28,912810UB2,TSRYS5810883,D,S,T,2024-08-15,3000000.00,4.224051,105.328125
08:01:29,912810UB2,TSRYS5810883,D,S,D,2024-08-15,6000000.00,4.210552,105.51414
08:01:30,912810UB2,TSRYS5810883,D,S,C,2024-08-15,1000000.00,4.224051,105.328125
08:01:31,912810UB2,TSRYS5810883,D,S,T,2024-08-15,1000000.00,4.226322,105.296875
08:01:32,912810UB2,TSRYS5810883,D,S,T,2024-08-15,1000000.00,4.226322,105.296875
08:01:33,912810UB2,TSRYS5810883,D,S,D,2024-08-15,1000000.00,4.225839,105.3035183759
08:01:34,912810UB2,TSRYS5810883,D,B,C,2024-08-15,1000000.00,4.223909,105.33007812
08:01:35,912810UB2,TSRYS5810883,D,S,D,2024-08-15,1384000.00,4.211577,105.5
08:01:36,912810UB2,TSRYS5810883,D,S,A,2024-08-15,3000.00,4.223381,105.3359375
08:01:36,912810UB2,TSRYS5810883,D,B,C,2024-08-15,2000000.00,4.22618,105.29882812
08:01:36,912810UB2,TSRYS5810883,D,S,C,2024-08-15,36000000.00,4.224,105.32883
08:01:36,912810UB2,TSRYS5810883,D,S,C,2024-08-15,100000.00,4.211011,105.5128125
08:01:36,912810UB2,TSRYS5810883,D,S,C,2024-08-15,100000.00,4.212427,105.49328125
08:01:36,912810UB2,TSRYS5810883,D,S,C,2024-08-15,200000.00,4.218094,105.41265625
08:01:36,912810UB2,TSRYS5810883,D,S,A,2024-08-15,5000.00,4.226788,105.2890625
08:01:36,912810UB2,TSRYS5810883,D,S,A,2024-08-15,3900.00,4.224801,105.31640625
08:01:36,912810UB2,TSRYS5810883,D,S,T,2024-08-15,1000000.00,4.226322,105.296875
08:01:37,912810UB2,TSRYS5810883,D,S,T,2024-08-15,1000000.00,4.222774,105.34570312
08:01:37,912810UB2,TSRYS5810883,D,S,D,2024-08-15,4000000.00,4.223732,105.33252
08:01:38,912810UB2,TSRYS5810883,D,S,D,2024-08-15,55000.00,4.226322,105.296875
08:01:38,912810UB2,TSRYS5810883,D,S,A,2024-08-15,4500.00,4.210055,105.51953125
08:01:39,912810UB2,TSRYS5810883,D,S,A,2024-08-15,59300.00,4.227458,105.28125
08:01:40,912810UB2,TSRYS5810883,D,S,T,2024-08-15,2000000.00,4.228594,105.265625
08:01:40,912810UB2,TSRYS5810883,D,S,T,2024-08-15,3000000.00,4.228594,105.265625
08:01:41,912810UB2,TSRYS5810883,D,S,A,2024-08-15,70900.00,4.227072,105.28515625
08:01:41,912810UB2,TSRYS5810883,D,S,T,2024-08-15,1000000.00,4.22973,105.25
08:01:41,912810UB2,TSRYS5810883,D,B,A,2024-08-15,1385000.00,4.212321,105.48828125
08:01:42,912810UB2,TSRYS5810883,D,S,T,2024-08-15,1000000.00,4.22973,105.25
08:01:42,912810UB2,TSRYS5810883,D,S,T,2024-08-15,2000000.00,4.22973,105.25
08:01:42,912810UB2,TSRYS5810883,D,S,T,2024-08-15,2000000.00,4.22973,105.25
08:01:42,912810UB2,TSRYS5810883,D,S,T,2024-08-15,1000000.00,4.22973,105.25
08:01:42,912810UB2,TSRYS5810883,D,S,T,2024-08-15,2000000.00,4.22973,105.25
08:01:42,912810UB2,TSRYS5810883,D,S,T,2024-08-15,1000000.00,4.22973,105.25
08:01:42,912810UB2,TSRYS5810883,D,S,T,2024-08-15,2000000.00,4.22973,105.25
08:01:42,912810UB2,TSRYS5810883,D,S,T,2024-08-15,2000000.00,4.22973,105.25
08:01:42,912810UB2,TSRYS5810883,D,S,T,2024-08-15,1000000.00,4.22973,105.25
08:01:42,912810UB2,TSRYS5810883,D,S,T,2024-08-15,1000000.00,4.22973,105.25
08:01:42,912810UB2,TSRYS5810883,D,S,T,2024-08-15,1000000.00,4.22973,105.25
08:01:42,912810UB2,TSRYS5810883,D,S,T,2024-08-15,1000000.00,4.22973,105.25
08:01:42,912810UB2,TSRYS5810883,D,S,T,2024-08-15,2000000.00,4.22973,105.25
08:01:42,912810UB2,TSRYS5810883,D,S,T,2024-08-15,2000000.00,4.22973,105.25
08:01:42,912810UB2,TSRYS5810883,D,S,T,2024-08-15,1000000.00,4.22973,105.25
08:01:42,912810UB2,TSRYS5810883,D,S,T,2024-08-15,1000000.00,4.22973,105.25
08:01:42,912810UB2,TSRYS5810883,D,S,D,2024-08-15,1000000.00,4.225186,105.3125
08:01:43,912810UB2,TSRYS5810883,D,S,D,2024-08-15,2240000.00,4.22973,105.25
08:01:46,912810UB2,TSRYS5810883,D,S,T,2024-08-15,1000000.00,4.222774,105.34570312
08:01:46,912810UB2,TSRYS5810883,D,S,T,2024-08-15,1000000.00,4.222632,105.34765625
08:01:46,912810UB2,TSRYS5810883,D,S,D,2024-08-15,1000000.00,4.222632,105.34765625
08:01:46,912810UB2,TSRYS5810883,D,S,T,2024-08-15,1000000.00,4.222774,105.34570312
08:01:46,912810UB2,TSRYS5810883,D,S,D,2024-08-15,1000000.00,4.222632,105.34765625
08:01:46,912810UB2,TSRYS5810883,D,S,D,2024-08-15,1000000.00,4.222632,105.34765625
08:01:46,912810UB2,TSRYS5810883,D,S,D,2024-08-15,1000000.00,4.222632,105.34765625
08:01:46,912810UB2,TSRYS5810883,D,S,D,2024-08-15,1000000.00,4.222632,105.34765625
08:01:46,912810UB2,TSRYS5810883,D,S,T,2024-08-15,1000000.00,4.222774,105.34570312
08:01:46,912810UB2,TSRYS5810883,D,S,D,2024-08-15,1000000.00,4.225186,105.3125
08:01:47,912810UB2,TSRYS5810883,D,S,D,2024-08-15,1000000.00,4.225186,105.3125
08:01:47,912810UB2,TSRYS5810883,D,S,C,2024-08-15,10000000.00,4.228704,105.26411
08:01:48,912810UB2,TSRYS5810883,D,B,A,2024-08-15,5000000.00,4.219228,105.39453125
08:01:50,912810UB2,TSRYS5810883,D,S,C,2024-08-15,8000000.00,4.221262,105.36653
08:01:50,912810UB2,TSRYS5810883,D,S,C,2024-08-15,2000000.00,4.217607,105.41687
08:01:50,912810UB2,TSRYS5810883,D,S,D,2024-08-15,1000000.00,4.22689,105.2890625
08:01:50,912810UB2,TSRYS5810883,D,S,D,2024-08-15,1000000.00,4.226748,105.291015625
08:01:51,912810UB2,TSRYS5810883,D,S,T,2024-08-15,1000000.00,4.21611,105.4375
08:01:51,912810UB2,TSRYS5810883,D,S,T,2024-08-15,1000000.00,4.216252,105.435546875
08:01:51,912810UB2,TSRYS5810883,D,S,T,2024-08-15,1000000.00,4.216252,105.435546875
08:01:51,912810UB2,TSRYS5810883,D,S,T,2024-08-15,1000000.00,4.216252,105.435546875
08:01:51,912810UB2,TSRYS5810883,D,B,C,2024-08-15,200000.00,4.226351,105.296475
08:01:51,912810UB2,TSRYS5810883,D,S,T,2024-08-15,1000000.00,4.216252,105.435546875
08:01:51,912810UB2,TSRYS5810883,D,S,T,2024-08-15,1000000.00,4.216252,105.435546875
08:01:51,912810UB2,TSRYS5810883,D,S,T,2024-08-15,1000000.00,4.217244,105.421875
08:01:51,912810UB2,TSRYS5810883,D,S,T,2024-08-15,1000000.00,4.217244,105.421875
08:01:51,912810UB2,TSRYS5810883,D,S,D,2024-08-15,1000000.00,4.2276,105.279296875
08:01:51,912810UB2,TSRYS5810883,D,S,T,2024-08-15,1000000.00,4.217244,105.421875
08:01:51,912810UB2,TSRYS5810883,D,S,T,2024-08-15,1000000.00,4.228168,105.271484375
08:01:51,912810UB2,TSRYS5810883,D,S,D,2024-08-15,1000000.00,4.227742,105.27734375
08:01:51,912810UB2,TSRYS5810883,D,S,T,2024-08-15,1000000.00,4.217244,105.421875
08:01:51,912810UB2,TSRYS5810883,D,S,T,2024-08-15,1000000.00,4.217244,105.421875
08:01:52,912810UB2,TSRYS5810883,D,S,T,2024-08-15,1000000.00,4.217244,105.421875
08:01:52,912810UB2,TSRYS5810883,D,S,D,2024-08-15,1000000.00,4.220079,105.3828125
08:01:52,912810UB2,TSRYS5810883,D,S,D,2024-08-15,1000000.00,4.220079,105.3828125
08:01:52,912810UB2,TSRYS5810883,D,S,D,2024-08-15,1000000.00,4.220079,105.3828125
08:01:52,912810UB2,TSRYS5810883,D,S,T,2024-08-15,1000000.00,4.217244,105.421875
08:01:52,912810UB2,TSRYS5810883,D,S,T,2024-08-15,1000000.00,4.217244,105.421875
08:01:52,912810UB2,TSRYS5810883,D,S,T,2024-08-15,1000000.00,4.217244,105.421875
08:01:52,912810UB2,TSRYS5810883,D,S,D,2024-08-15,100000.00,4.22459,105.3207125
08:01:52,912810UB2,TSRYS5810883,D,S,D,2024-08-15,100000.00,4.230269,105.2425875
08:01:53,912810UB2,TSRYS5810883,D,S,A,2024-08-15,100000.00,4.217423,105.41796875
08:01:55,912810UB2,TSRYS5810883,D,S,T,2024-08-15,1000000.00,4.226322,105.296875
08:01:56,912810UB2,TSRYS5810883,D,S,C,2024-08-15,200000.00,4.227145,105.28805625
08:01:56,912810UB2,TSRYS5810883,D,B,C,2024-08-15,1000000.00,4.216125,105.4373
08:01:56,912810UB2,TSRYS5810883,D,S,D,2024-08-15,1000000.00,4.21611,105.4375
08:01:59,912810UB2,TSRYS5810883,D,S,A,2024-08-15,220000.00,4.221214,105.3671875
08:01:59,912810UB2,TSRYS5810883,D,S,T,2024-08-15,1000000.00,4.221791,105.359245
08:01:59,912810UB2,TSRYS5810883,D,S,T,2024-08-15,1000000.00,4.221791,105.359245
08:02:00,912810UB2,TSRYS5810883,D,S,D,2024-08-15,1000000.00,4.217244,105.421875
08:02:00,912810UB2,TSRYS5810883,D,S,A,2024-08-15,700000.00,4.225186,105.3125
08:02:01,912810UB2,TSRYS5810883,D,S,D,2024-08-15,1000000.00,4.216101,105.43763
08:02:01,912810UB2,TSRYS5810883,D,B,C,2024-08-15,1000000.00,4.21611,105.4375
08:02:01,912810UB2,TSRYS5810883,D,S,D,2024-08-15,1000000.00,4.21611,105.4375
08:02:01,912810UB2,TSRYS5810883,D,B,C,2024-08-15,1000000.00,4.216126,105.437275
08:02:01,912810UB2,TSRYS5810883,D,S,D,2024-08-15,1000000.00,4.21611,105.4375
08:02:01,912810UB2,TSRYS5810883,D,S,T,2024-08-15,1000000.00,4.217244,105.421875
08:02:01,912810UB2,TSRYS5810883,D,S,T,2024-08-15,1000000.00,4.21611,105.4375
08:02:01,912810UB2,TSRYS5810883,D,S,D,2024-08-15,1000000.00,4.215543,105.4453125
08:02:01,912810UB2,TSRYS5810883,D,S,D,2024-08-15,1000000.00,4.215543,105.4453125
08:02:01,912810UB2,TSRYS5810883,D,S,D,2024-08-15,1000000.00,4.215685,105.443359375
08:02:01,912810UB2,TSRYS5810883,D,S,T,2024-08-15,1000000.00,4.225186,105.3125
08:02:02,912810UB2,TSRYS5810883,D,S,T,2024-08-15,1000000.00,4.222916,105.34375
08:02:02,912810UB2,TSRYS5810883,D,S,D,2024-08-15,1000000.00,4.220079,105.3828125
08:02:02,912810UB2,TSRYS5810883,D,S,C,2024-08-15,1000000.00,4.218378,105.40625
08:02:02,912810UB2,TSRYS5810883,D,B,C,2024-08-15,1000000.00,4.218378,105.40625
08:02:02,912810UB2,TSRYS5810883,D,S,D,2024-08-15,1000000.00,4.213277,105.4765625
08:02:02,912810UB2,TSRYS5810883,D,S,T,2024-08-15,1000000.00,4.214976,105.453125
08:02:02,912810UB2,TSRYS5810883,D,S,T,2024-08-15,1000000.00,4.214976,105.453125
08:02:02,912810UB2,TSRYS5810883,D,S,T,2024-08-15,1000000.00,4.21611,105.4375
08:02:02,912810UB2,TSRYS5810883,D,S,D,2024-08-15,1000000.00,4.217234,105.422005
08:02:02,912810UB2,TSRYS5810883,D,B,C,2024-08-15,1000000.00,4.21726,105.42165
08:02:02,912810UB2,TSRYS5810883,D,S,T,2024-08-15,1000000.00,4.21611,105.4375
08:02:02,912810UB2,TSRYS5810883,D,S,D,2024-08-15,1000000.00,4.217244,105.421875
08:02:02,912810UB2,TSRYS5810883,D,S,D,2024-08-15,1000000.00,4.217244,105.421875
08:02:02,912810UB2,TSRYS5810883,D,S,T,2024-08-15,1000000.00,4.224051,105.328125
08:02:02,912810UB2,TSRYS5810883,D,S,D,2024-08-15,1000000.00,4.224193,105.326171875
08:02:02,912810UB2,TSRYS5810883,D,S,T,2024-08-15,1000000.00,4.225186,105.3125
08:02:02,912810UB2,TSRYS5810883,D,S,T,2024-08-15,1000000.00,4.225186,105.3125
08:02:02,912810UB2,TSRYS5810883,D,S,D,2024-08-15,1000000.00,4.227174,105.28515625
08:02:02,912810UB2,TSRYS5810883,D,S,T,2024-08-15,2000000.00,4.225328,105.310546875
08:02:02,912810UB2,TSRYS5810883,D,S,T,2024-08-15,1000000.00,4.224335,105.32421875
08:02:02,912810UB2,TSRYS5810883,D,S,D,2024-08-15,1000000.00,4.224477,105.322265625
08:02:02,912810UB2,TSRYS5810883,D,S,T,2024-08-15,1000000.00,4.226322,105.296875
08:02:02,912810UB2,TSRYS5810883,D,S,T,2024-08-15,1000000.00,4.224051,105.328125
08:02:02,912810UB2,TSRYS5810883,D,S,T,2024-08-15,1000000.00,4.226322,105.296875
08:02:02,912810UB2,TSRYS5810883,D,S,T,2024-08-15,2000000.00,4.2276,105.279296875
08:02:02,912810UB2,TSRYS5810883,D,S,T,2024-08-15,1000000.00,4.227458,105.28125
08:02:02,912810UB2,TSRYS5810883,D,S,T,2024-08-15,1000000.00,4.218378,105.40625
08:02:02,912810UB2,TSRYS5810883,D,S,T,2024-08-15,1000000.00,4.221781,105.359375
08:02:02,912810UB2,TSRYS5810883,D,S,D,2024-08-15,1000000.00,4.221923,105.357421875
08:02:02,912810UB2,TSRYS5810883,D,S,T,2024-08-15,2000000.00,4.22973,105.25
08:02:02,912810UB2,TSRYS5810883,D,S,T,2024-08-15,1000000.00,4.229588,105.251953125
08:02:02,912810UB2,TSRYS5810883,D,S,T,2024-08-15,1000000.00,4.230582,105.23828125
08:02:02,912810UB2,TSRYS5810883,D,S,T,2024-08-15,1000000.00,4.226322,105.296875
08:02:03,912810UB2,TSRYS5810883,D,S,T,2024-08-15,2000000.00,4.229744,105.2498
08:02:03,912810UB2,TSRYS5810883,D,S,T,2024-08-15,2000000.00,4.229744,105.2498
08:02:04,912810UB2,TSRYS5810883,D,B,C,2024-08-15,1000000.00,4.213277,105.4765625
08:02:04,912810UB2,TSRYS5810883,D,S,D,2024-08-15,1000000.00,4.213277,105.4765625
08:02:04,912810UB2,TSRYS5810883,D,S,A,2024-08-15,1000000.00,4.220646,105.375
08:02:05,912810UB2,TSRYS5810883,D,S,T,2024-08-15,1000000.00,4.213853,105.46862
08:02:06,912810UB2,TSRYS5810883,D,S,T,2024-08-15,1000000.00,4.213843,105.46875
08:02:06,912810UB2,TSRYS5810883,D,S,A,2024-08-15,200000.00,4.226577,105.29586875
08:02:07,912810UB2,TSRYS5810883,D,S,A,2024-08-15,500000.00,4.212427,105.48828125
08:02:07,912810UB2,TSRYS5810883,D,B,A,2024-08-15,500000.00,4.214976,105.453125
08:02:08,912810UB2,TSRYS5810883,D,B,C,2024-08-15,1000000.00,4.213277,105.4765625
08:02:08,912810UB2,TSRYS5810883,D,S,D,2024-08-15,1000000.00,4.213277,105.4765625
08:02:08,912810UB2,TSRYS5810883,D,S,D,2024-08-15,1000000.00,4.21356,105.47265625
08:02:08,912810UB2,TSRYS5810883,D,S,D,2024-08-15,1000000.00,4.213418,105.474609375
08:02:09,912810UB2,TSRYS5810883,D,S,D,2024-08-15,1000000.00,4.213418,105.474609375
08:02:11,912810UB2,TSRYS5810883,D,S,A,2024-08-15,215000.00,4.21186,105.49609375
08:02:11,912810UB2,TSRYS5810883,D,S,D,2024-08-15,1000000.00,4.219512,105.390625
08:02:12,912810UB2,TSRYS5810883,D,B,C,2024-08-15,1000000.00,4.219527,105.390425
08:02:12,912810UB2,TSRYS5810883,D,S,C,2024-08-15,2000000.00,4.220646,105.375
08:02:12,912810UB2,TSRYS5810883,D,S,D,2024-08-15,1000000.00,4.220646,105.375
08:02:12,912810UB2,TSRYS5810883,D,B,C,2024-08-15,1000000.00,4.220663,105.374773
08:02:12,912810UB2,TSRYS5810883,D,S,D,2024-08-15,1000000.00,4.220646,105.375
08:02:12,912810UB2,TSRYS5810883,D,B,C,2024-08-15,1000000.00,4.220663,105.374773
08:02:12,912810UB2,TSRYS5810883,D,B,C,2024-08-15,2000000.00,4.220663,105.374773
08:02:12,912810UB2,TSRYS5810883,D,B,C,2024-08-15,1000000.00,4.219529,105.390398
08:02:12,912810UB2,TSRYS5810883,D,S,D,2024-08-15,1000000.00,4.219512,105.390625
08:02:12,912810UB2,TSRYS5810883,D,B,C,2024-08-15,1000000.00,4.219529,105.390398
08:02:12,912810UB2,TSRYS5810883,D,S,C,2024-08-15,1000000.00,4.219498,105.390825
08:02:12,912810UB2,TSRYS5810883,D,S,C,2024-08-15,1000000.00,4.219512,105.390625
08:02:12,912810UB2,TSRYS5810883,D,S,C,2024-08-15,1000000.00,4.219498,105.390825
08:02:12,912810UB2,TSRYS5810883,D,B,C,2024-08-15,1000000.00,4.219529,105.390398
08:02:12,912810UB2,TSRYS5810883,D,B,C,2024-08-15,1000000.00,4.219529,105.390398
08:02:12,912810UB2,TSRYS5810883,D,B,C,2024-08-15,1000000.00,4.217255,105.421723
08:02:12,912810UB2,TSRYS5810883,D,S,D,2024-08-15,1000000.00,4.217244,105.421875
08:02:12,912810UB2,TSRYS5810883,D,S,D,2024-08-15,1000000.00,4.217244,105.421875
08:02:12,912810UB2,TSRYS5810883,D,S,D,2024-08-15,1000000.00,4.217244,105.421875
08:02:12,912810UB2,TSRYS5810883,D,B,C,2024-08-15,1000000.00,4.21726,105.421648
08:02:12,912810UB2,TSRYS5810883,D,S,D,2024-08-15,1000000.00,4.217244,105.421875
08:02:12,912810UB2,TSRYS5810883,D,B,C,2024-08-15,1000000.00,4.21726,105.421648
08:02:12,912810UB2,TSRYS5810883,D,B,C,2024-08-15,1000000.00,4.21726,105.421648
08:02:12,912810UB2,TSRYS5810883,D,B,C,2024-08-15,1000000.00,4.216125,105.4373
08:02:12,912810UB2,TSRYS5810883,D,S,D,2024-08-15,1000000.00,4.21611,105.4375
08:02:12,912810UB2,TSRYS5810883,D,S,D,2024-08-15,1000000.00,4.21611,105.4375
08:02:12,912810UB2,TSRYS5810883,D,B,C,2024-08-15,1000000.00,4.216121,105.437348
08:02:14,912810UB2,TSRYS5810883,D,B,C,2024-08-15,1000000.00,4.220654,105.3749
08:02:14,912810UB2,TSRYS5810883,D,S,C,2024-08-15,1000000.00,4.220634,105.375175
08:02:14,912810UB2,TSRYS5810883,D,B,C,2024-08-15,1000000.00,4.220654,105.3749
08:02:15,912810UB2,TSRYS5810883,D,B,C,2024-08-15,1000000.00,4.220654,105.3749
08:02:15,912810UB2,TSRYS5810883,D,S,C,2024-08-15,1000000.00,4.220634,105.375175
08:02:15,912810UB2,TSRYS5810883,D,S,C,2024-08-15,1000000.00,4.220632,105.3752
08:02:16,912810UB2,TSRYS5810883,D,S,D,2024-08-15,1000000.00,4.222916,105.34375
08:02:16,912810UB2,TSRYS5810883,D,B,C,2024-08-15,1000000.00,4.222927,105.343598
08:02:16,912810UB2,TSRYS5810883,D,S,D,2024-08-15,1000000.00,4.222916,105.34375
08:02:16,912810UB2,TSRYS5810883,D,S,C,2024-08-15,1000000.00,4.222901,105.343952
08:02:16,912810UB2,TSRYS5810883,D,S,C,2024-08-15,1000000.00,4.222901,105.343952
08:02:17,912810UB2,TSRYS5810883,D,S,C,2024-08-15,1000000.00,4.225175,105.312652
08:02:17,912810UB2,TSRYS5810883,D,S,A,2024-08-15,480000.00,4.224051,105.328125
08:02:19,912810UB2,TSRYS5810883,D,S,A,2024-08-15,320000.00,4.222632,105.34765625
08:02:22,912810UB2,TSRYS5810883,D,S,D,2024-08-15,1000000.00,4.210586,105.513671875
08:02:22,912810UB2,TSRYS5810883,D,S,D,2024-08-15,5000000.00,4.225237,105.3118
08:02:22,912810UB2,TSRYS5810883,D,S,D,2024-08-15,5000000.00,4.225237,105.3118
08:02:22,912810UB2,TSRYS5810883,D,S,T,2024-08-15,1000000.00,4.226322,105.296875
08:02:22,912810UB2,TSRYS5810883,D,S,D,2024-08-15,5000000.00,4.227764,105.2770344
08:02:22,912810UB2,TSRYS5810883,D,S,D,2024-08-15,5000000.00,4.213724,105.4703938
08:02:22,912810UB2,TSRYS5810883,D,S,T,2024-08-15,1000000.00,4.214976,105.453125
08:02:22,912810UB2,TSRYS5810883,D,S,T,2024-08-15,1000000.00,4.214976,105.453125
08:02:22,912810UB2,TSRYS5810883,D,S,T,2024-08-15,2000000.00,4.214976,105.453125
08:02:22,912810UB2,TSRYS5810883,D,S,T,2024-08-15,1000000.00,4.214976,105.453125
08:02:22,912810UB2,TSRYS5810883,D,B,A,2024-08-15,235000.00,4.223484,105.3359375
08:02:22,912810UB2,TSRYS5810883,D,S,D,2024-08-15,5000000.00,4.227509,105.28055
08:02:22,912810UB2,TSRYS5810883,D,S,A,2024-08-15,1000000.00,4.222065,105.35546875
08:02:24,912810UB2,TSRYS5810883,D,S,D,2024-08-15,400000.00,4.22973,105.25
08:02:26,912810UB2,TSRYS5810883,D,S,D,2024-08-15,1000000.00,4.224619,105.3203125
08:02:27,912810UB2,TSRYS5810883,D,S,D,2024-08-15,1000000.00,4.221781,105.359375
08:02:27,912810UB2,TSRYS5810883,D,S,C,2024-08-15,1000000.00,4.221781,105.359375
08:02:28,912810UB2,TSRYS5810883,D,S,C,2024-08-15,1000000.00,4.226309,105.29705
08:02:28,912810UB2,TSRYS5810883,D,S,C,2024-08-15,1000000.00,4.226309,105.29705
08:02:28,912810UB2,TSRYS5810883,D,S,C,2024-08-15,1000000.00,4.226307,105.297075
08:02:28,912810UB2,TSRYS5810883,D,S,C,2024-08-15,1000000.00,4.226309,105.29705
08:02:28,912810UB2,TSRYS5810883,D,S,C,2024-08-15,1000000.00,4.226309,105.29705
08:02:28,912810UB2,TSRYS5810883,D,S,C,2024-08-15,1000000.00,4.226309,105.29705
08:02:28,912810UB2,TSRYS5810883,D,S,C,2024-08-15,1000000.00,4.226309,105.29705
08:02:28,912810UB2,TSRYS5810883,D,S,C,2024-08-15,3000000.00,4.226322,105.296875
08:02:28,912810UB2,TSRYS5810883,D,S,C,2024-08-15,1000000.00,4.226309,105.29705
08:02:28,912810UB2,TSRYS5810883,D,S,C,2024-08-15,4000000.00,4.226322,105.296875
08:02:28,912810UB2,TSRYS5810883,D,S,D,2024-08-15,1000000.00,4.226322,105.296875
08:02:28,912810UB2,TSRYS5810883,D,S,D,2024-08-15,1000000.00,4.226322,105.296875
08:02:28,912810UB2,TSRYS5810883,D,B,C,2024-08-15,1000000.00,4.226337,105.296675
08:02:28,912810UB2,TSRYS5810883,D,B,C,2024-08-15,1000000.00,4.226333,105.296723
08:02:28,912810UB2,TSRYS5810883,D,B,C,2024-08-15,1000000.00,4.226333,105.296723
08:02:28,912810UB2,TSRYS5810883,D,S,D,2024-08-15,1000000.00,4.226322,105.296875
08:02:28,912810UB2,TSRYS5810883,D,S,C,2024-08-15,1000000.00,4.226311,105.297025
08:02:28,912810UB2,TSRYS5810883,D,B,C,2024-08-15,1000000.00,4.225197,105.312348
08:02:28,912810UB2,TSRYS5810883,D,S,C,2024-08-15,1000000.00,4.225186,105.3125
08:02:29,912810UB2,TSRYS5810883,D,S,D,2024-08-15,3000000.00,4.224051,105.328125
08:02:29,912810UB2,TSRYS5810883,D,B,C,2024-08-15,1000000.00,4.224062,105.327973
08:02:29,912810UB2,TSRYS5810883,D,S,C,2024-08-15,1000000.00,4.222916,105.34375
08:02:29,912810UB2,TSRYS5810883,D,S,D,2024-08-15,1000000.00,4.224051,105.328125
08:02:29,912810UB2,TSRYS5810883,D,B,C,2024-08-15,1000000.00,4.222931,105.34355
08:02:29,912810UB2,TSRYS5810883,D,S,D,2024-08-15,1000000.00,4.222907,105.34388
08:02:30,912810UB2,TSRYS5810883,D,S,C,2024-08-15,1000000.00,4.219512,105.390625
08:02:30,912810UB2,TSRYS5810883,D,S,C,2024-08-15,1000000.00,4.219498,105.390825
08:02:30,912810UB2,TSRYS5810883,D,B,C,2024-08-15,1000000.00,4.220657,105.37485
08:02:30,912810UB2,TSRYS5810883,D,S,C,2024-08-15,1000000.00,4.220646,105.375
08:02:31,912810UB2,TSRYS5810883,D,S,T,2024-08-15,1000000.00,4.22973,105.25
08:02:32,912810UB2,TSRYS5810883,D,S,A,2024-08-15,1000000.00,4.217244,105.421875
08:02:32,912810UB2,TSRYS5810883,D,S,A,2024-08-15,1000000.00,4.217244,105.421875
08:02:33,912810UB2,TSRYS5810883,D,S,A,2024-08-15,1000000.00,4.218378,105.40625
08:02:33,912810UB2,TSRYS5810883,D,B,C,2024-08-15,1000000.00,4.213858,105.46855
08:02:33,912810UB2,TSRYS5810883,D,S,D,2024-08-15,1000000.00,4.213843,105.46875
08:02:33,912810UB2,TSRYS5810883,D,S,D,2024-08-15,1000000.00,4.213843,105.46875
08:02:33,912810UB2,TSRYS5810883,D,S,A,2024-08-15,1000000.00,4.219512,105.390625
08:02:34,912810UB2,TSRYS5810883,D,S,D,2024-08-15,10000.00,4.221497,105.36328125
08:02:34,912810UB2,TSRYS5810883,D,S,D,2024-08-15,1000000.00,4.213829,105.46895
08:02:34,912810UB2,TSRYS5810883,D,S,D,2024-08-15,1000000.00,4.213701,105.470703125
08:02:36,912810UB2,TSRYS5810883,D,S,A,2024-08-15,1000000.00,4.222916,105.34375
08:02:40,912810UB2,TSRYS5810883,D,S,T,2024-08-15,1000000.00,4.229162,105.2578125
08:02:42,912810UB2,TSRYS5810883,D,S,D,2024-08-15,1000000.00,4.214976,105.453125
08:02:42,912810UB2,TSRYS5810883,D,S,D,2024-08-15,1000000.00,4.214976,105.453125
08:02:42,912810UB2,TSRYS5810883,D,S,D,2024-08-15,1000000.00,4.214976,105.453125
08:02:42,912810UB2,TSRYS5810883,D,S,D,2024-08-15,1000000.00,4.214976,105.453125
08:02:45,912810UB2,TSRYS5810883,D,S,D,2024-08-15,1000000.00,4.210435,105.515755
08:02:46,912810UB2,TSRYS5810883,D,S,D,2024-08-15,600000.00,4.218094,105.41015625
08:02:46,912810UB2,TSRYS5810883,D,B,C,2024-08-15,600000.00,4.218094,105.40815625
08:02:47,912810UB2,TSRYS5810883,D,S,D,2024-08-15,1000000.00,4.216099,105.437652
08:02:48,912810UB2,TSRYS5810883,D,S,D,2024-08-15,1000000.00,4.214976,105.453125
08:02:48,912810UB2,TSRYS5810883,D,S,D,2024-08-15,1000000.00,4.214976,105.453125
08:02:48,912810UB2,TSRYS5810883,D,S,D,2024-08-15,1000000.00,4.214976,105.453125
08:02:48,912810UB2,TSRYS5810883,D,B,C,2024-08-15,1000000.00,4.214991,105.452925
08:02:48,912810UB2,TSRYS5810883,D,B,C,2024-08-15,1000000.00,4.214976,105.453125
08:02:48,912810UB2,TSRYS5810883,D,S,D,2024-08-15,1000000.00,4.214976,105.453125
08:02:48,912810UB2,TSRYS5810883,D,B,C,2024-08-15,1000000.00,4.214976,105.453125
08:02:48,912810UB2,TSRYS5810883,D,S,D,2024-08-15,1000000.00,4.214976,105.453125
08:02:48,912810UB2,TSRYS5810883,D,S,D,2024-08-15,1000000.00,4.214976,105.453125
08:02:48,912810UB2,TSRYS5810883,D,B,C,2024-08-15,1000000.00,4.214976,105.453125
08:02:48,912810UB2,TSRYS5810883,D,B,C,2024-08-15,1000000.00,4.214976,105.453125
08:02:49,912810UB2,TSRYS5810883,D,S,D,2024-08-15,205000.00,4.229446,105.25390625
08:02:49,912810UB2,TSRYS5810883,D,S,C,2024-08-15,1000000.00,4.214976,105.453125
08:02:50,912810UB2,TSRYS5810883,D,B,C,2024-08-15,1000000.00,4.214993,105.4529
08:02:51,912810UB2,TSRYS5810883,D,B,C,2024-08-15,205000.00,4.229446,105.25390625
08:02:52,912810UB2,TSRYS5810883,D,S,C,2024-08-15,2000000.00,4.214976,105.453125
08:02:52,912810UB2,TSRYS5810883,D,S,D,2024-08-15,1000000.00,4.214976,105.453125
08:02:52,912810UB2,TSRYS5810883,D,S,D,2024-08-15,1000000.00,4.214976,105.453125
08:02:52,912810UB2,TSRYS5810883,D,S,D,2024-08-15,1000000.00,4.214976,105.453125
08:02:52,912810UB2,TSRYS5810883,D,S,D,2024-08-15,1000000.00,4.216101,105.43763
08:02:52,912810UB2,TSRYS5810883,D,S,D,2024-08-15,1000000.00,4.216101,105.43763
08:02:53,912810UB2,TSRYS5810883,D,S,D,2024-08-15,1000000.00,4.212701,105.484505
08:02:53,912810UB2,TSRYS5810883,D,B,C,2024-08-15,1000000.00,4.212721,105.484223
08:02:54,912810UB2,TSRYS5810883,D,S,C,2024-08-15,1000000.00,4.213843,105.46875
08:02:54,912810UB2,TSRYS5810883,D,B,C,2024-08-15,1000000.00,4.21386,105.468523
08:02:54,912810UB2,TSRYS5810883,D,B,C,2024-08-15,2000000.00,4.21386,105.468523
08:02:54,912810UB2,TSRYS5810883,D,B,C,2024-08-15,1000000.00,4.21386,105.468523
08:02:54,912810UB2,TSRYS5810883,D,B,C,2024-08-15,1000000.00,4.21386,105.468523
08:02:54,912810UB2,TSRYS5810883,D,B,C,2024-08-15,1000000.00,4.21386,105.468523
08:02:54,912810UB2,TSRYS5810883,D,S,C,2024-08-15,1000000.00,4.213843,105.46875
08:02:54,912810UB2,TSRYS5810883,D,B,C,2024-08-15,1000000.00,4.21386,105.468523
08:02:54,912810UB2,TSRYS5810883,D,S,C,2024-08-15,2000000.00,4.213836,105.46885
08:02:54,912810UB2,TSRYS5810883,D,S,C,2024-08-15,1000000.00,4.213843,105.46875
08:02:54,912810UB2,TSRYS5810883,D,S,D,2024-08-15,1000000.00,4.213843,105.46875
08:02:54,912810UB2,TSRYS5810883,D,S,C,2024-08-15,1000000.00,4.213843,105.46875
08:02:54,912810UB2,TSRYS5810883,D,S,C,2024-08-15,1000000.00,4.213843,105.46875
08:02:54,912810UB2,TSRYS5810883,D,B,C,2024-08-15,1000000.00,4.21386,105.468523
08:02:54,912810UB2,TSRYS5810883,D,B,C,2024-08-15,2000000.00,4.21386,105.468523
08:02:54,912810UB2,TSRYS5810883,D,B,C,2024-08-15,1000000.00,4.21386,105.468523
08:02:54,912810UB2,TSRYS5810883,D,S,C,2024-08-15,1000000.00,4.213843,105.46875
08:02:54,912810UB2,TSRYS5810883,D,S,C,2024-08-15,1000000.00,4.213843,105.46875
08:02:54,912810UB2,TSRYS5810883,D,S,D,2024-08-15,1000000.00,4.213843,105.46875
08:02:54,912810UB2,TSRYS5810883,D,B,C,2024-08-15,1000000.00,4.21386,105.468523
08:02:54,912810UB2,TSRYS5810883,D,S,C,2024-08-15,2000000.00,4.213843,105.46875
08:02:54,912810UB2,TSRYS5810883,D,S,C,2024-08-15,1000000.00,4.213836,105.46885
08:02:54,912810UB2,TSRYS5810883,D,B,C,2024-08-15,1000000.00,4.21386,105.468523
08:02:54,912810UB2,TSRYS5810883,D,B,C,2024-08-15,1000000.00,4.21386,105.468523
08:02:54,912810UB2,TSRYS5810883,D,B,C,2024-08-15,1000000.00,4.21386,105.468523
08:02:54,912810UB2,TSRYS5810883,D,S,C,2024-08-15,1000000.00,4.213843,105.46875
08:02:54,912810UB2,TSRYS5810883,D,S,D,2024-08-15,1000000.00,4.213843,105.46875
08:02:54,912810UB2,TSRYS5810883,D,S,D,2024-08-15,1000000.00,4.213843,105.46875
08:02:54,912810UB2,TSRYS5810883,D,B,C,2024-08-15,1000000.00,4.21386,105.468523
08:02:54,912810UB2,TSRYS5810883,D,B,C,2024-08-15,1000000.00,4.21386,105.468523
08:02:54,912810UB2,TSRYS5810883,D,B,C,2024-08-15,1000000.00,4.21386,105.468523
08:02:54,912810UB2,TSRYS5810883,D,S,D,2024-08-15,1000000.00,4.213843,105.46875
08:02:54,912810UB2,TSRYS5810883,D,S,C,2024-08-15,1000000.00,4.213843,105.46875
08:02:54,912810UB2,TSRYS5810883,D,B,C,2024-08-15,1000000.00,4.21386,105.468523
08:02:54,912810UB2,TSRYS5810883,D,S,D,2024-08-15,1000000.00,4.213843,105.46875
08:02:54,912810UB2,TSRYS5810883,D,S,D,2024-08-15,1000000.00,4.213843,105.46875
08:02:54,912810UB2,TSRYS5810883,D,B,C,2024-08-15,1000000.00,4.21386,105.468523
08:02:54,912810UB2,TSRYS5810883,D,S,D,2024-08-15,1000000.00,4.213843,105.46875
08:02:54,912810UB2,TSRYS5810883,D,B,C,2024-08-15,1000000.00,4.21386,105.468523
08:02:54,912810UB2,TSRYS5810883,D,B,C,2024-08-15,1000000.00,4.21386,105.468523
08:02:54,912810UB2,TSRYS5810883,D,B,C,2024-08-15,1000000.00,4.21386,105.468523
08:02:54,912810UB2,TSRYS5810883,D,B,C,2024-08-15,1000000.00,4.21386,105.468523
08:02:54,912810UB2,TSRYS5810883,D,S,D,2024-08-15,1000000.00,4.213843,105.46875
08:02:54,912810UB2,TSRYS5810883,D,B,C,2024-08-15,1000000.00,4.21386,105.468523
08:02:54,912810UB2,TSRYS5810883,D,S,C,2024-08-15,1000000.00,4.213829,105.46895
08:02:54,912810UB2,TSRYS5810883,D,S,C,2024-08-15,1000000.00,4.213843,105.46875
08:02:54,912810UB2,TSRYS5810883,D,S,C,2024-08-15,1000000.00,4.213843,105.46875
08:02:54,912810UB2,TSRYS5810883,D,B,C,2024-08-15,1000000.00,4.21386,105.468523
08:02:54,912810UB2,TSRYS5810883,D,B,C,2024-08-15,1000000.00,4.21386,105.468523
08:02:54,912810UB2,TSRYS5810883,D,B,C,2024-08-15,1000000.00,4.21386,105.468523
08:02:54,912810UB2,TSRYS5810883,D,B,C,2024-08-15,1000000.00,4.21386,105.468523
08:02:54,912810UB2,TSRYS5810883,D,S,D,2024-08-15,1000000.00,4.213843,105.46875
08:02:54,912810UB2,TSRYS5810883,D,S,D,2024-08-15,1000000.00,4.213843,105.46875
08:02:54,912810UB2,TSRYS5810883,D,S,D,2024-08-15,1000000.00,4.213843,105.46875
08:02:54,912810UB2,TSRYS5810883,D,B,C,2024-08-15,1000000.00,4.21386,105.468523
08:02:54,912810UB2,TSRYS5810883,D,S,C,2024-08-15,1000000.00,4.213843,105.46875
08:02:54,912810UB2,TSRYS5810883,D,B,C,2024-08-15,1000000.00,4.21386,105.468523
08:02:54,912810UB2,TSRYS5810883,D,S,D,2024-08-15,1000000.00,4.213843,105.46875
08:02:54,912810UB2,TSRYS5810883,D,S,D,2024-08-15,1000000.00,4.211568,105.50013
08:02:54,912810UB2,TSRYS5810883,D,S,D,2024-08-15,1000000.00,4.210444,105.515625
08:02:54,912810UB2,TSRYS5810883,D,S,C,2024-08-15,1000000.00,4.210444,105.515625
08:02:54,912810UB2,TSRYS5810883,D,B,C,2024-08-15,1000000.00,4.210455,105.515473
08:02:55,912810UB2,TSRYS5810883,D,S,C,2024-08-15,1000000.00,4.21271,105.484375
08:02:55,912810UB2,TSRYS5810883,D,S,D,2024-08-15,1000000.00,4.21271,105.484375
08:02:55,912810UB2,TSRYS5810883,D,S,D,2024-08-15,1000000.00,4.21271,105.484375
08:02:55,912810UB2,TSRYS5810883,D,B,C,2024-08-15,1000000.00,4.211577,105.5
08:02:55,912810UB2,TSRYS5810883,D,S,D,2024-08-15,1000000.00,4.211568,105.50013
08:02:56,912810UB2,TSRYS5810883,D,S,C,2024-08-15,1000000.00,4.214976,105.453125
08:02:56,912810UB2,TSRYS5810883,D,S,C,2024-08-15,100000.00,4.22459,105.3257125
08:02:58,912810UB2,TSRYS5810883,D,S,D,2024-08-15,1000000.00,4.220637,105.37513
08:02:58,912810UB2,TSRYS5810883,D,S,D,2024-08-15,1000000.00,4.221772,105.359505
08:03:01,912810UB2,TSRYS5810883,D,S,D,2024-08-15,1000000.00,4.224042,105.328255
08:03:01,912810UB2,TSRYS5810883,D,S,D,2024-08-15,1000000.00,4.225186,105.3125
08:03:01,912810UB2,TSRYS5810883,D,S,C,2024-08-15,1000000.00,4.225186,105.3125
08:03:03,912810UB2,TSRYS5810883,D,S,D,2024-08-15,1000000.00,4.223767,105.33203125
08:03:03,912810UB2,TSRYS5810883,D,S,D,2024-08-15,1000000.00,4.223767,105.33203125
08:03:03,912810UB2,TSRYS5810883,D,S,D,2024-08-15,1000000.00,4.223767,105.33203125
08:03:03,912810UB2,TSRYS5810883,D,B,C,2024-08-15,1000000.00,4.223767,105.33203125
08:03:03,912810UB2,TSRYS5810883,D,S,D,2024-08-15,1000000.00,4.223767,105.33203125
08:03:03,912810UB2,TSRYS5810883,D,B,C,2024-08-15,1000000.00,4.223767,105.33203125
08:03:03,912810UB2,TSRYS5810883,D,S,D,2024-08-15,1000000.00,4.223767,105.33203125
08:03:03,912810UB2,TSRYS5810883,D,S,D,2024-08-15,1000000.00,4.223767,105.33203125
08:03:04,912810UB2,TSRYS5810883,D,B,C,2024-08-15,1000000.00,4.225612,105.306640625
08:03:04,912810UB2,TSRYS5810883,D,S,D,2024-08-15,1000000.00,4.225612,105.306640625
08:03:04,912810UB2,TSRYS5810883,D,B,C,2024-08-15,1000000.00,4.225612,105.306640625
08:03:04,912810UB2,TSRYS5810883,D,S,D,2024-08-15,1000000.00,4.225612,105.306640625
08:03:04,912810UB2,TSRYS5810883,D,S,C,2024-08-15,1000000.00,4.2263,105.297175
08:03:05,912810UB2,TSRYS5810883,D,S,A,2024-08-15,1000000.00,4.21356,105.47265625
08:03:05,912810UB2,TSRYS5810883,D,S,D,2024-08-15,1000000.00,4.221767,105.359575
08:03:05,912810UB2,TSRYS5810883,D,B,C,2024-08-15,1000000.00,4.221792,105.359223
08:03:06,912810UB2,TSRYS5810883,D,S,C,2024-08-15,100000.00,4.230269,105.2475875
08:03:06,912810UB2,TSRYS5810883,D,S,D,2024-08-15,1000000.00,4.222916,105.34375
08:03:06,912810UB2,TSRYS5810883,D,B,C,2024-08-15,1000000.00,4.222929,105.343575
08:03:07,912810UB2,TSRYS5810883,D,S,C,2024-08-15,1000000.00,4.22404,105.328277
08:03:07,912810UB2,TSRYS5810883,D,B,C,2024-08-15,1000000.00,4.225186,105.3125
08:03:07,912810UB2,TSRYS5810883,D,S,C,2024-08-15,1000000.00,4.225175,105.312652
08:03:07,912810UB2,TSRYS5810883,D,B,C,2024-08-15,1000000.00,4.226337,105.296675
08:03:07,912810UB2,TSRYS5810883,D,S,C,2024-08-15,1000000.00,4.226311,105.297027
08:03:08,912810UB2,TSRYS5810883,D,B,C,2024-08-15,1000000.00,4.226337,105.296675
08:03:08,912810UB2,TSRYS5810883,D,S,D,2024-08-15,1000000.00,4.226322,105.296875
08:03:08,912810UB2,TSRYS5810883,D,S,D,2024-08-15,1000000.00,4.226322,105.296875
08:03:08,912810UB2,TSRYS5810883,D,B,C,2024-08-15,1000000.00,4.226322,105.296875
08:03:08,912810UB2,TSRYS5810883,D,S,D,2024-08-15,1000000.00,4.226322,105.296875
08:03:08,912810UB2,TSRYS5810883,D,S,D,2024-08-15,2000000.00,4.226322,105.296875
08:03:08,912810UB2,TSRYS5810883,D,B,C,2024-08-15,1000000.00,4.226337,105.296675
08:03:08,912810UB2,TSRYS5810883,D,B,C,2024-08-15,2000000.00,4.226337,105.296675
08:03:08,912810UB2,TSRYS5810883,D,B,C,2024-08-15,1000000.00,4.226322,105.296875
08:03:08,912810UB2,TSRYS5810883,D,S,D,2024-08-15,1000000.00,4.226322,105.296875
08:03:08,912810UB2,TSRYS5810883,D,S,D,2024-08-15,2000000.00,4.226322,105.296875
08:03:08,912810UB2,TSRYS5810883,D,B,C,2024-08-15,1000000.00,4.226337,105.296675
08:03:08,912810UB2,TSRYS5810883,D,S,D,2024-08-15,1000000.00,4.226322,105.296875
08:03:08,912810UB2,TSRYS5810883,D,S,D,2024-08-15,1000000.00,4.226322,105.296875
08:03:08,912810UB2,TSRYS5810883,D,S,D,2024-08-15,1000000.00,4.226322,105.296875
08:03:08,912810UB2,TSRYS5810883,D,B,C,2024-08-15,1000000.00,4.226337,105.296675
08:03:08,912810UB2,TSRYS5810883,D,S,D,2024-08-15,1000000.00,4.226322,105.296875
08:03:08,912810UB2,TSRYS5810883,D,B,C,2024-08-15,1000000.00,4.226337,105.296675
08:03:08,912810UB2,TSRYS5810883,D,B,C,2024-08-15,1000000.00,4.226337,105.296675
08:03:08,912810UB2,TSRYS5810883,D,S,D,2024-08-15,1000000.00,4.226322,105.296875
08:03:08,912810UB2,TSRYS5810883,D,S,D,2024-08-15,1000000.00,4.226322,105.296875
08:03:08,912810UB2,TSRYS5810883,D,S,D,2024-08-15,1000000.00,4.226322,105.296875
08:03:08,912810UB2,TSRYS5810883,D,S,D,2024-08-15,1000000.00,4.226322,105.296875
08:03:08,912810UB2,TSRYS5810883,D,S,C,2024-08-15,1000000.00,4.227447,105.281402
08:03:09,912810UB2,TSRYS5810883,D,S,D,2024-08-15,1000000.00,4.227458,105.28125
08:03:13,912810UB2,TSRYS5810883,D,B,C,2024-08-15,2000000.00,4.218385,105.40615
08:03:13,912810UB2,TSRYS5810883,D,S,C,2024-08-15,2000000.00,4.218342,105.40675
08:03:13,912810UB2,TSRYS5810883,D,S,D,2024-08-15,1000000.00,4.224335,105.32421875
08:03:13,912810UB2,TSRYS5810883,D,S,D,2024-08-15,1000000.00,4.222774,105.345703125
08:03:13,912810UB2,TSRYS5810883,D,B,C,2024-08-15,3000000.00,4.218378,105.40625
08:03:13,912810UB2,TSRYS5810883,D,S,C,2024-08-15,3000000.00,4.218342,105.40675
08:03:13,912810UB2,TSRYS5810883,D,S,D,2024-08-15,1000000.00,4.218378,105.40625
08:03:14,912810UB2,TSRYS5810883,D,S,D,2024-08-15,1000000.00,4.219512,105.390625
08:03:14,912810UB2,TSRYS5810883,D,B,C,2024-08-15,1000000.00,4.219528,105.3904
08:03:15,912810UB2,TSRYS5810883,D,S,C,2024-08-15,1000000.00,4.221765,105.3596
08:03:15,912810UB2,TSRYS5810883,D,S,C,2024-08-15,1000000.00,4.221765,105.3596
08:03:15,912810UB2,TSRYS5810883,D,S,C,2024-08-15,1000000.00,4.221765,105.3596
08:03:15,912810UB2,TSRYS5810883,D,S,C,2024-08-15,1000000.00,4.222901,105.34395
08:03:15,912810UB2,TSRYS5810883,D,B,C,2024-08-15,1000000.00,4.222929,105.343575
08:03:16,912810UB2,TSRYS5810883,D,S,C,2024-08-15,1000000.00,4.218363,105.40645
08:03:16,912810UB2,TSRYS5810883,D,B,C,2024-08-15,1000000.00,4.218394,105.406025
08:03:16,912810UB2,TSRYS5810883,D,S,C,2024-08-15,1000000.00,4.217233,105.422025
08:03:16,912810UB2,TSRYS5810883,D,B,C,2024-08-15,1000000.00,4.21726,105.42165
08:03:16,912810UB2,TSRYS5810883,D,S,C,2024-08-15,1000000.00,4.217233,105.422025
08:03:16,912810UB2,TSRYS5810883,D,B,C,2024-08-15,1000000.00,4.21726,105.42165
08:03:16,912810UB2,TSRYS5810883,D,S,D,2024-08-15,200000.00,4.226351,105.296475
08:03:16,912810UB2,TSRYS5810883,D,B,C,2024-08-15,200000.00,4.226351,105.293975
08:03:17,912810UB2,TSRYS5810883,D,S,D,2024-08-15,1000000.00,4.21611,105.4375
08:03:17,912810UB2,TSRYS5810883,D,S,D,2024-08-15,1000000.00,4.21611,105.4375
08:03:17,912810UB2,TSRYS5810883,D,B,C,2024-08-15,1000000.00,4.216126,105.437275
08:03:17,912810UB2,TSRYS5810883,D,B,C,2024-08-15,1000000.00,4.216126,105.437275
08:03:17,912810UB2,TSRYS5810883,D,S,D,2024-08-15,1000000.00,4.214976,105.453125
08:03:17,912810UB2,TSRYS5810883,D,B,C,2024-08-15,1000000.00,4.214993,105.4529
08:03:17,912810UB2,TSRYS5810883,D,B,C,2024-08-15,1000000.00,4.214993,105.4529
08:03:17,912810UB2,TSRYS5810883,D,S,D,2024-08-15,1000000.00,4.214976,105.453125
08:03:18,912810UB2,TSRYS5810883,D,S,D,2024-08-15,1000000.00,4.228736,105.263671875
08:03:18,912810UB2,TSRYS5810883,D,S,D,2024-08-15,1000000.00,4.228878,105.26171875
08:03:18,912810UB2,TSRYS5810883,D,S,D,2024-08-15,1000000.00,4.228878,105.26171875
08:03:18,912810UB2,TSRYS5810883,D,S,D,2024-08-15,1000000.00,4.228878,105.26171875
08:03:18,912810UB2,TSRYS5810883,D,S,D,2024-08-15,1000000.00,4.22902,105.259765625
08:03:18,912810UB2,TSRYS5810883,D,S,D,2024-08-15,1000000.00,4.229162,105.2578125
08:03:18,912810UB2,TSRYS5810883,D,S,D,2024-08-15,1000000.00,4.229162,105.2578125
08:03:18,912810UB2,TSRYS5810883,D,S,D,2024-08-15,1000000.00,4.229162,105.2578125
08:03:18,912810UB2,TSRYS5810883,D,S,D,2024-08-15,1000000.00,4.229162,105.2578125
08:03:18,912810UB2,TSRYS5810883,D,S,D,2024-08-15,1000000.00,4.229162,105.2578125
08:03:18,912810UB2,TSRYS5810883,D,S,D,2024-08-15,1000000.00,4.229162,105.2578125
08:03:19,912810UB2,TSRYS5810883,D,S,D,2024-08-15,2000000.00,4.229162,105.2578125
08:03:19,912810UB2,TSRYS5810883,D,S,D,2024-08-15,1000000.00,4.229162,105.2578125
08:03:19,912810UB2,TSRYS5810883,D,S,D,2024-08-15,1000000.00,4.228878,105.26171875
08:03:19,912810UB2,TSRYS5810883,D,S,D,2024-08-15,1000000.00,4.229162,105.2578125
08:03:19,912810UB2,TSRYS5810883,D,S,D,2024-08-15,2000000.00,4.229162,105.2578125
08:03:19,912810UB2,TSRYS5810883,D,S,D,2024-08-15,1000000.00,4.229162,105.2578125
08:03:19,912810UB2,TSRYS5810883,D,S,D,2024-08-15,1000000.00,4.229162,105.2578125
08:03:19,912810UB2,TSRYS5810883,D,S,D,2024-08-15,1000000.00,4.229162,105.2578125
08:03:19,912810UB2,TSRYS5810883,D,S,D,2024-08-15,1000000.00,4.228878,105.26171875
08:03:20,912810UB2,TSRYS5810883,D,S,D,2024-08-15,1000000.00,4.228878,105.26171875
08:03:20,912810UB2,TSRYS5810883,D,S,D,2024-08-15,2000000.00,4.229162,105.2578125
08:03:20,912810UB2,TSRYS5810883,D,S,D,2024-08-15,1000000.00,4.224051,105.328125
08:03:20,912810UB2,TSRYS5810883,D,B,C,2024-08-15,1000000.00,4.224064,105.32795
08:03:20,912810UB2,TSRYS5810883,D,S,D,2024-08-15,1000000.00,4.224051,105.328125
08:03:20,912810UB2,TSRYS5810883,D,B,C,2024-08-15,1000000.00,4.224064,105.32795
08:03:21,912810UB2,TSRYS5810883,D,S,C,2024-08-15,1000000.00,4.224051,105.328125
08:03:21,912810UB2,TSRYS5810883,D,B,C,2024-08-15,1000000.00,4.224064,105.32795
08:03:21,912810UB2,TSRYS5810883,D,S,C,2024-08-15,1000000.00,4.224051,105.328125
08:03:21,912810UB2,TSRYS5810883,D,B,C,2024-08-15,1000000.00,4.224064,105.32795
08:03:21,912810UB2,TSRYS5810883,D,S,C,2024-08-15,1000000.00,4.224051,105.328125
08:03:21,912810UB2,TSRYS5810883,D,B,C,2024-08-15,1000000.00,4.224064,105.32795
08:03:21,912810UB2,TSRYS5810883,D,S,D,2024-08-15,1000000.00,4.224051,105.328125
08:03:21,912810UB2,TSRYS5810883,D,B,C,2024-08-15,1000000.00,4.224064,105.32795
08:03:21,912810UB2,TSRYS5810883,D,B,C,2024-08-15,1000000.00,4.224064,105.32795
08:03:21,912810UB2,TSRYS5810883,D,S,C,2024-08-15,1000000.00,4.224051,105.328125
08:03:21,912810UB2,TSRYS5810883,D,S,C,2024-08-15,1000000.00,4.224051,105.328125
08:03:21,912810UB2,TSRYS5810883,D,B,C,2024-08-15,1000000.00,4.224064,105.32795
08:03:21,912810UB2,TSRYS5810883,D,B,C,2024-08-15,1000000.00,4.224064,105.32795
08:03:21,912810UB2,TSRYS5810883,D,S,C,2024-08-15,1000000.00,4.224051,105.328125
08:03:21,912810UB2,TSRYS5810883,D,S,C,2024-08-15,1000000.00,4.224051,105.328125
08:03:21,912810UB2,TSRYS5810883,D,B,C,2024-08-15,1000000.00,4.224064,105.32795
08:03:21,912810UB2,TSRYS5810883,D,S,D,2024-08-15,1000000.00,4.226322,105.296875
08:03:21,912810UB2,TSRYS5810883,D,S,C,2024-08-15,1000000.00,4.226322,105.296875
08:03:21,912810UB2,TSRYS5810883,D,S,D,2024-08-15,1000000.00,4.226322,105.296875
08:03:21,912810UB2,TSRYS5810883,D,S,D,2024-08-15,1000000.00,4.226322,105.296875
08:03:21,912810UB2,TSRYS5810883,D,S,D,2024-08-15,1000000.00,4.226322,105.296875
08:03:21,912810UB2,TSRYS5810883,D,S,D,2024-08-15,1000000.00,4.226322,105.296875
08:03:21,912810UB2,TSRYS5810883,D,S,D,2024-08-15,1000000.00,4.226322,105.296875
08:03:21,912810UB2,TSRYS5810883,D,B,C,2024-08-15,1000000.00,4.226322,105.296875
08:03:21,912810UB2,TSRYS5810883,D,S,D,2024-08-15,1000000.00,4.226322,105.296875
08:03:21,912810UB2,TSRYS5810883,D,B,C,2024-08-15,1000000.00,4.226322,105.296875
08:03:21,912810UB2,TSRYS5810883,D,S,D,2024-08-15,1000000.00,4.226322,105.296875
08:03:21,912810UB2,TSRYS5810883,D,B,C,2024-08-15,1000000.00,4.226322,105.296875
08:03:21,912810UB2,TSRYS5810883,D,S,D,2024-08-15,1000000.00,4.226322,105.296875
08:03:21,912810UB2,TSRYS5810883,D,B,C,2024-08-15,1000000.00,4.226322,105.296875
08:03:21,912810UB2,TSRYS5810883,D,S,D,2024-08-15,1000000.00,4.226322,105.296875
08:03:21,912810UB2,TSRYS5810883,D,B,C,2024-08-15,1000000.00,4.226322,105.296875
08:03:22,912810UB2,TSRYS5810883,D,S,D,2024-08-15,1000000.00,4.226322,105.296875
08:03:22,912810UB2,TSRYS5810883,D,B,C,2024-08-15,1000000.00,4.226338,105.29665
08:03:23,912810UB2,TSRYS5810883,D,S,C,2024-08-15,1000000.00,4.226322,105.296875
08:03:24,912810UB2,TSRYS5810883,D,S,D,2024-08-15,1000000.00,4.228594,105.265625
08:03:27,912810UB2,TSRYS5810883,D,B,C,2024-08-15,3000000.00,4.22973,105.25
08:03:27,912810UB2,TSRYS5810883,D,S,D,2024-08-15,3000000.00,4.229713,105.250227
08:03:27,912810UB2,TSRYS5810883,D,S,C,2024-08-15,1000000.00,4.22973,105.25
08:03:27,912810UB2,TSRYS5810883,D,S,D,2024-08-15,1000000.00,4.22973,105.25
08:03:27,912810UB2,TSRYS5810883,D,S,D,2024-08-15,2000000.00,4.22973,105.25
08:03:27,912810UB2,TSRYS5810883,D,S,D,2024-08-15,2000000.00,4.22973,105.25
08:03:27,912810UB2,TSRYS5810883,D,S,D,2024-08-15,2000000.00,4.22973,105.25
08:03:27,912810UB2,TSRYS5810883,D,S,D,2024-08-15,1000000.00,4.22973,105.25
08:03:27,912810UB2,TSRYS5810883,D,S,C,2024-08-15,1000000.00,4.229715,105.2502
08:03:27,912810UB2,TSRYS5810883,D,S,D,2024-08-15,1000000.00,4.22973,105.25
08:03:27,912810UB2,TSRYS5810883,D,S,D,2024-08-15,1000000.00,4.22973,105.25
08:03:27,912810UB2,TSRYS5810883,D,S,D,2024-08-15,1000000.00,4.22973,105.25
08:03:27,912810UB2,TSRYS5810883,D,S,D,2024-08-15,2000000.00,4.22973,105.25
08:03:27,912810UB2,TSRYS5810883,D,S,D,2024-08-15,2000000.00,4.22973,105.25
08:03:27,912810UB2,TSRYS5810883,D,S,D,2024-08-15,2000000.00,4.22973,105.25
08:03:27,912810UB2,TSRYS5810883,D,S,C,2024-08-15,2000000.00,4.22973,105.25
08:03:27,912810UB2,TSRYS5810883,D,S,C,2024-08-15,1000000.00,4.22973,105.25
08:03:27,912810UB2,TSRYS5810883,D,S,C,2024-08-15,1000000.00,4.22973,105.25
08:03:28,912810UB2,TSRYS5810883,D,S,C,2024-08-15,1000000.00,4.228594,105.265625
08:03:29,912810UB2,TSRYS5810883,D,S,C,2024-08-15,1000000.00,4.228594,105.265625
08:03:29,912810UB2,TSRYS5810883,D,S,C,2024-08-15,1000000.00,4.228594,105.265625
08:03:30,912810UB2,TSRYS5810883,D,B,C,2024-08-15,1000000.00,4.226329,105.296775
08:03:30,912810UB2,TSRYS5810883,D,S,D,2024-08-15,1000000.00,4.226322,105.296875
08:03:30,912810UB2,TSRYS5810883,D,B,C,2024-08-15,1000000.00,4.226337,105.296675
08:03:30,912810UB2,TSRYS5810883,D,S,D,2024-08-15,1000000.00,4.226322,105.296875
08:03:30,912810UB2,TSRYS5810883,D,B,C,2024-08-15,1000000.00,4.226333,105.296725
08:03:30,912810UB2,TSRYS5810883,D,S,D,2024-08-15,1000000.00,4.226305,105.297102
08:03:31,912810UB2,TSRYS5810883,D,S,C,2024-08-15,1000000.00,4.225186,105.3125
08:03:31,912810UB2,TSRYS5810883,D,B,C,2024-08-15,1000000.00,4.225186,105.3125
08:03:31,912810UB2,TSRYS5810883,D,S,C,2024-08-15,1000000.00,4.225186,105.3125
08:03:31,912810UB2,TSRYS5810883,D,S,C,2024-08-15,1000000.00,4.225186,105.3125
08:03:31,912810UB2,TSRYS5810883,D,B,C,2024-08-15,1000000.00,4.226322,105.296875
08:03:31,912810UB2,TSRYS5810883,D,S,D,2024-08-15,1000000.00,4.226305,105.297102
08:03:31,912810UB2,TSRYS5810883,D,S,D,2024-08-15,1000000.00,4.226305,105.297102
08:03:31,912810UB2,TSRYS5810883,D,S,D,2024-08-15,1000000.00,4.230014,105.24609375
08:03:31,912810UB2,TSRYS5810883,D,B,C,2024-08-15,1000000.00,4.22748,105.28095
08:03:31,912810UB2,TSRYS5810883,D,S,D,2024-08-15,1000000.00,4.227458,105.28125
08:03:31,912810UB2,TSRYS5810883,D,S,C,2024-08-15,2000000.00,4.228557,105.266125
08:03:31,912810UB2,TSRYS5810883,D,S,C,2024-08-15,3000000.00,4.228557,105.266125
08:03:32,912810UB2,TSRYS5810883,D,S,D,2024-08-15,1000000.00,4.230014,105.24609375
08:03:40,912810UB2,TSRYS5810883,D,S,D,2024-08-15,1000000.00,4.222774,105.345703125
08:03:42,912810UB2,TSRYS5810883,D,S,D,2024-08-15,1000000.00,4.222632,105.34765625
08:03:42,912810UB2,TSRYS5810883,D,S,D,2024-08-15,1000000.00,4.222774,105.345703125
08:03:42,912810UB2,TSRYS5810883,D,S,D,2024-08-15,1000000.00,4.222774,105.345703125
08:03:50,912810UB2,TSRYS5810883,D,S,D,2024-08-15,2000000.00,4.221923,105.357421875
08:03:50,912810UB2,TSRYS5810883,D,S,D,2024-08-15,1000000.00,4.221781,105.359375
08:03:52,912810UB2,TSRYS5810883,D,S,D,2024-08-15,1000000.00,4.222207,105.353515625
08:03:59,912810UB2,TSRYS5810883,D,S,C,2024-08-15,800000.00,4.22973,105.25
08:04:00,912810UB2,TSRYS5810883,D,B,A,2024-08-15,8000000.00,4.226606,105.29296875
08:04:01,912810UB2,TSRYS5810883,D,B,A,2024-08-15,2000000.00,4.224903,105.31640625
08:04:05,912810UB2,TSRYS5810883,D,S,D,2024-08-15,10000000.00,4.22287,105.34439
08:04:06,912810UB2,TSRYS5810883,D,B,A,2024-08-15,1800000.00,4.222632,105.34765625
08:04:10,912810UB2,TSRYS5810883,D,S,T,2024-08-15,1000000.00,4.226329,105.296775
08:04:10,912810UB2,TSRYS5810883,D,S,T,2024-08-15,1000000.00,4.226358,105.296375
08:04:16,912810UB2,TSRYS5810883,D,S,T,2024-08-15,400000.00,4.22973,105.25
08:04:23,912810UB2,TSRYS5810883,D,S,A,2024-08-15,1000000.00,4.227174,105.28515625
08:04:23,912810UB2,TSRYS5810883,D,S,C,2024-08-15,70000.00,4.210444,105.515625
08:04:24,912810UB2,TSRYS5810883,D,S,C,2024-08-15,70000.00,4.221781,105.359375
08:04:26,912810UB2,TSRYS5810883,D,S,D,2024-08-15,190000.00,4.216393,105.43359375
08:04:38,912810UB2,TSRYS5810883,D,S,A,2024-08-15,700000.00,4.220646,105.375
08:04:45,912810UB2,TSRYS5810883,D,S,D,2024-08-15,36000000.00,4.229227,105.25691
08:04:50,912810UB2,TSRYS5810883,D,S,D,2024-08-15,1000000.00,4.228168,105.271484375
08:04:51,912810UB2,TSRYS5810883,D,S,D,2024-08-15,1000000.00,4.22973,105.25
08:04:52,912810UB2,TSRYS5810883,D,S,T,2024-08-15,1000000.00,4.233289,105.201071875
08:04:55,912810UB2,TSRYS5810883,D,S,D,2024-08-15,1000000.00,4.232287,105.21484375
08:04:55,912810UB2,TSRYS5810883,D,S,D,2024-08-15,1000000.00,4.232287,105.21484375
08:04:55,912810UB2,TSRYS5810883,D,S,D,2024-08-15,1000000.00,4.232287,105.21484375
08:04:55,912810UB2,TSRYS5810883,D,S,D,2024-08-15,1000000.00,4.232287,105.21484375
08:04:55,912810UB2,TSRYS5810883,D,S,D,2024-08-15,1000000.00,4.232287,105.21484375
08:04:55,912810UB2,TSRYS5810883,D,S,D,2024-08-15,1000000.00,4.232287,105.21484375
08:04:57,912810UB2,TSRYS5810883,D,S,D,2024-08-15,1000000.00,4.233282,105.201171875
08:04:59,912810UB2,TSRYS5810883,D,S,D,2024-08-15,1000000.00,4.233282,105.201171875
08:04:59,912810UB2,TSRYS5810883,D,S,D,2024-08-15,1000000.00,4.233282,105.201171875
08:05:00,912810UB2,TSRYS5810883,D,S,D,2024-08-15,1000000.00,4.233282,105.201171875
08:05:03,912810UB2,TSRYS5810883,D,S,D,2024-08-15,1000000.00,4.232287,105.21484375
08:05:04,912810UB2,TSRYS5810883,D,S,T,2024-08-15,1000000.00,4.232287,105.21484375
08:05:04,912810UB2,TSRYS5810883,D,S,D,2024-08-15,1000000.00,4.232287,105.21484375
08:05:04,912810UB2,TSRYS5810883,D,S,T,2024-08-15,1000000.00,4.232287,105.21484375
08:05:06,912810UB2,TSRYS5810883,D,S,T,2024-08-15,1000000.00,4.232287,105.21484375
08:05:06,912810UB2,TSRYS5810883,D,S,T,2024-08-15,1000000.00,4.232287,105.21484375
08:05:06,912810UB2,TSRYS5810883,D,S,D,2024-08-15,1000000.00,4.232287,105.21484375
08:05:06,912810UB2,TSRYS5810883,D,S,T,2024-08-15,1000000.00,4.232287,105.21484375
08:05:08,912810UB2,TSRYS5810883,D,S,T,2024-08-15,1000000.00,4.232287,105.21484375
08:05:09,912810UB2,TSRYS5810883,D,S,A,2024-08-15,5000000.00,4.224233,105.32421875
08:05:17,912810UB2,TSRYS5810883,D,S,C,2024-08-15,1000000.00,4.217102,105.423828125
08:05:17,912810UB2,TSRYS5810883,D,B,C,2024-08-15,1000000.00,4.217102,105.423828125
08:05:18,912810UB2,TSRYS5810883,D,S,D,2024-08-15,1000000.00,4.217244,105.421875
08:05:18,912810UB2,TSRYS5810883,D,S,D,2024-08-15,1000000.00,4.217244,105.421875
08:05:18,912810UB2,TSRYS5810883,D,S,D,2024-08-15,1000000.00,4.217953,105.412109375
08:05:18,912810UB2,TSRYS5810883,D,B,C,2024-08-15,1000000.00,4.21796,105.412009375
08:05:18,912810UB2,TSRYS5810883,D,S,D,2024-08-15,1000000.00,4.218094,105.41015625
08:05:18,912810UB2,TSRYS5810883,D,B,C,2024-08-15,1000000.00,4.218102,105.41005625
08:05:18,912810UB2,TSRYS5810883,D,S,D,2024-08-15,1000000.00,4.218236,105.408203125
08:05:18,912810UB2,TSRYS5810883,D,B,C,2024-08-15,1000000.00,4.218243,105.408103125
08:05:18,912810UB2,TSRYS5810883,D,S,D,2024-08-15,1000000.00,4.218378,105.40625
08:05:18,912810UB2,TSRYS5810883,D,S,D,2024-08-15,1000000.00,4.220646,105.375
08:05:18,912810UB2,TSRYS5810883,D,B,C,2024-08-15,1000000.00,4.220654,105.3749
08:05:18,912810UB2,TSRYS5810883,D,S,D,2024-08-15,1000000.00,4.220646,105.375
08:05:18,912810UB2,TSRYS5810883,D,B,C,2024-08-15,1000000.00,4.220654,105.3749
08:05:18,912810UB2,TSRYS5810883,D,S,D,2024-08-15,1000000.00,4.218945,105.3984375
08:05:18,912810UB2,TSRYS5810883,D,B,C,2024-08-15,1000000.00,4.218952,105.3983375
08:05:18,912810UB2,TSRYS5810883,D,S,D,2024-08-15,1000000.00,4.219512,105.390625
08:05:18,912810UB2,TSRYS5810883,D,B,C,2024-08-15,1000000.00,4.219519,105.390525
08:05:18,912810UB2,TSRYS5810883,D,B,C,2024-08-15,2000000.00,4.219519,105.390525
08:05:18,912810UB2,TSRYS5810883,D,S,D,2024-08-15,2000000.00,4.219512,105.390625
08:05:18,912810UB2,TSRYS5810883,D,B,C,2024-08-15,1000000.00,4.219519,105.390525
08:05:18,912810UB2,TSRYS5810883,D,S,D,2024-08-15,1000000.00,4.219512,105.390625
08:05:18,912810UB2,TSRYS5810883,D,B,C,2024-08-15,1000000.00,4.219519,105.390525
08:05:18,912810UB2,TSRYS5810883,D,S,D,2024-08-15,1000000.00,4.219512,105.390625
08:05:19,912810UB2,TSRYS5810883,D,S,C,2024-08-15,3000000.00,4.217527,105.41796875
08:05:19,912810UB2,TSRYS5810883,D,B,C,2024-08-15,3000000.00,4.217535,105.41786875
08:05:19,912810UB2,TSRYS5810883,D,S,D,2024-08-15,1000000.00,4.217669,105.416015625
08:05:19,912810UB2,TSRYS5810883,D,B,C,2024-08-15,1000000.00,4.217676,105.415915625
08:05:19,912810UB2,TSRYS5810883,D,S,D,2024-08-15,1000000.00,4.217811,105.4140625
08:05:19,912810UB2,TSRYS5810883,D,B,C,2024-08-15,1000000.00,4.217818,105.4139625
08:05:19,912810UB2,TSRYS5810883,D,S,D,2024-08-15,1000000.00,4.217244,105.421875
08:05:19,912810UB2,TSRYS5810883,D,B,C,2024-08-15,1000000.00,4.217251,105.421775
08:05:24,912810UB2,TSRYS5810883,D,S,T,2024-08-15,1000000.00,4.233282,105.20117187
08:05:25,912810UB2,TSRYS5810883,D,S,T,2024-08-15,1000000.00,4.233282,105.20117187
08:05:25,912810UB2,TSRYS5810883,D,S,D,2024-08-15,1000000.00,4.23314,105.203125
08:05:26,912810UB2,TSRYS5810883,D,S,D,2024-08-15,1000000.00,4.233282,105.20117187
08:05:26,912810UB2,TSRYS5810883,D,S,D,2024-08-15,1000000.00,4.226322,105.296875
08:05:26,912810UB2,TSRYS5810883,D,S,D,2024-08-15,1000000.00,4.226322,105.296875
08:05:28,912810UB2,TSRYS5810883,D,S,D,2024-08-15,1000000.00,4.225186,105.3125
08:05:28,912810UB2,TSRYS5810883,D,S,D,2024-08-15,1000000.00,4.225186,105.3125
08:05:28,912810UB2,TSRYS5810883,D,S,D,2024-08-15,1000000.00,4.225186,105.3125
08:05:28,912810UB2,TSRYS5810883,D,S,D,2024-08-15,1000000.00,4.225186,105.3125
08:05:28,912810UB2,TSRYS5810883,D,S,C,2024-08-15,1000000.00,4.225889,105.302834375
08:05:28,912810UB2,TSRYS5810883,D,S,C,2024-08-15,1000000.00,4.226173,105.298928125
08:05:28,912810UB2,TSRYS5810883,D,S,C,2024-08-15,1000000.00,4.227025,105.287209375
08:05:28,912810UB2,TSRYS5810883,D,B,C,2024-08-15,1000000.00,4.226464,105.294921875
08:05:28,912810UB2,TSRYS5810883,D,S,D,2024-08-15,1000000.00,4.226457,105.295021875
08:05:29,912810UB2,TSRYS5810883,D,S,D,2024-08-15,1000000.00,4.227742,105.27734375
08:05:29,912810UB2,TSRYS5810883,D,S,D,2024-08-15,2000000.00,4.227742,105.27734375
08:05:31,912810UB2,TSRYS5810883,D,S,C,2024-08-15,1000000.00,4.213418,105.474609375
08:05:32,912810UB2,TSRYS5810883,D,S,D,2024-08-15,1000000.00,4.216103,105.4376
08:05:32,912810UB2,TSRYS5810883,D,S,C,2024-08-15,280000.00,4.23314,105.203125
08:05:36,912810UB2,TSRYS5810883,D,S,D,2024-08-15,1000000.00,4.213843,105.46875
08:05:36,912810UB2,TSRYS5810883,D,S,D,2024-08-15,1000000.00,4.21271,105.484375
08:05:37,912810UB2,TSRYS5810883,D,S,C,2024-08-15,1000000.00,4.209312,105.53125
08:05:37,912810UB2,TSRYS5810883,D,S,T,2024-08-15,1000000.00,4.233282,105.20117187
08:05:37,912810UB2,TSRYS5810883,D,S,T,2024-08-15,1000000.00,4.233282,105.20117187
08:05:38,912810UB2,TSRYS5810883,D,S,D,2024-08-15,1000000.00,4.233282,105.20117187
08:05:40,912810UB2,TSRYS5810883,D,B,C,2024-08-15,1000000.00,4.214551,105.458984375
08:05:40,912810UB2,TSRYS5810883,D,S,D,2024-08-15,1000000.00,4.214537,105.459184375
08:05:40,912810UB2,TSRYS5810883,D,S,D,2024-08-15,800000.00,4.22973,105.25
08:05:42,912810UB2,TSRYS5810883,D,S,C,2024-08-15,1000000.00,4.21356,105.47265625
08:05:43,912810UB2,TSRYS5810883,D,S,D,2024-08-15,2000000.00,4.213701,105.470703125
08:05:43,912810UB2,TSRYS5810883,D,S,D,2024-08-15,1000000.00,4.213701,105.470703125
08:05:45,912810UB2,TSRYS5810883,D,B,C,2024-08-15,1000000.00,4.213858,105.46855
08:05:45,912810UB2,TSRYS5810883,D,S,D,2024-08-15,1000000.00,4.213843,105.46875
08:05:45,912810UB2,TSRYS5810883,D,S,D,2024-08-15,100000.00,4.230837,105.234775
08:05:45,912810UB2,TSRYS5810883,D,S,D,2024-08-15,1000000.00,4.211577,105.5
08:05:45,912810UB2,TSRYS5810883,D,B,C,2024-08-15,1000000.00,4.211588,105.49985
08:05:45,912810UB2,TSRYS5810883,D,S,C,2024-08-15,100000.00,4.230837,105.239775
08:05:55,912810UB2,TSRYS5810883,D,S,C,2024-08-15,1000000.00,4.224761,105.318359375
08:05:55,912810UB2,TSRYS5810883,D,S,C,2024-08-15,2000000.00,4.225328,105.310546875
08:05:57,912810UB2,TSRYS5810883,D,S,C,2024-08-15,1000000.00,4.226322,105.296875
08:05:58,912810UB2,TSRYS5810883,D,S,C,2024-08-15,1000000.00,4.228302,105.26963125
08:05:58,912810UB2,TSRYS5810883,D,S,C,2024-08-15,1000000.00,4.226311,105.297025
08:05:58,912810UB2,TSRYS5810883,D,S,C,2024-08-15,1000000.00,4.227458,105.28125
08:05:58,912810UB2,TSRYS5810883,D,S,D,2024-08-15,2000000.00,4.227458,105.28125
08:05:59,912810UB2,TSRYS5810883,D,S,D,2024-08-15,2000000.00,4.2276,105.279296875
08:05:59,912810UB2,TSRYS5810883,D,S,D,2024-08-15,1000000.00,4.227458,105.28125
08:05:59,912810UB2,TSRYS5810883,D,B,C,2024-08-15,1000000.00,4.2276,105.279296875
08:05:59,912810UB2,TSRYS5810883,D,B,C,2024-08-15,1000000.00,4.2276,105.279296875
08:05:59,912810UB2,TSRYS5810883,D,S,D,2024-08-15,2000000.00,4.2276,105.279296875
08:05:59,912810UB2,TSRYS5810883,D,S,D,2024-08-15,1000000.00,4.227458,105.28125
08:06:03,912810UB2,TSRYS5810883,D,S,C,2024-08-15,1000000.00,4.21852,105.404296875
08:06:03,912810UB2,TSRYS5810883,D,S,D,2024-08-15,1000000.00,4.218661,105.40234375
08:06:04,912810UB2,TSRYS5810883,D,B,C,2024-08-15,3000000.00,4.219512,105.390625
08:06:04,912810UB2,TSRYS5810883,D,S,C,2024-08-15,3000000.00,4.219505,105.390725
08:06:04,912810UB2,TSRYS5810883,D,S,D,2024-08-15,1000000.00,4.221772,105.3595
08:06:04,912810UB2,TSRYS5810883,D,S,D,2024-08-15,1000000.00,4.221914,105.357546875
08:06:04,912810UB2,TSRYS5810883,D,S,D,2024-08-15,1000000.00,4.221772,105.3595
08:06:04,912810UB2,TSRYS5810883,D,S,D,2024-08-15,1000000.00,4.221772,105.3595
08:06:06,912810UB2,TSRYS5810883,D,S,C,2024-08-15,1330000.00,4.224903,105.31640625
08:06:06,912810UB2,TSRYS5810883,D,S,A,2024-08-15,553400.00,4.226322,105.296875
08:06:10,912810UB2,TSRYS5810883,D,S,D,2024-08-15,1000000.00,4.226322,105.296875
08:06:11,912810UB2,TSRYS5810883,D,B,C,2024-08-15,1000000.00,4.22973,105.25
08:06:11,912810UB2,TSRYS5810883,D,S,C,2024-08-15,1000000.00,4.225612,105.306640625
08:06:13,912810UB2,TSRYS5810883,D,S,D,2024-08-15,3000000.00,4.229721,105.250125
08:06:13,912810UB2,TSRYS5810883,D,S,D,2024-08-15,1000000.00,4.229721,105.250125
08:06:13,912810UB2,TSRYS5810883,D,B,C,2024-08-15,1000000.00,4.229737,105.2499
08:06:13,912810UB2,TSRYS5810883,D,S,D,2024-08-15,1000000.00,4.229721,105.250125
08:06:13,912810UB2,TSRYS5810883,D,B,C,2024-08-15,1000000.00,4.22973,105.25
08:06:13,912810UB2,TSRYS5810883,D,B,C,2024-08-15,1000000.00,4.229872,105.248046875
08:06:13,912810UB2,TSRYS5810883,D,S,D,2024-08-15,1000000.00,4.229863,105.248171875
08:06:13,912810UB2,TSRYS5810883,D,S,D,2024-08-15,1000000.00,4.229721,105.250125
08:06:13,912810UB2,TSRYS5810883,D,S,D,2024-08-15,2000000.00,4.229721,105.250125
08:06:13,912810UB2,TSRYS5810883,D,B,C,2024-08-15,1000000.00,4.229588,105.251953125
08:06:13,912810UB2,TSRYS5810883,D,B,C,2024-08-15,1000000.00,4.229588,105.251953125
08:06:13,912810UB2,TSRYS5810883,D,S,C,2024-08-15,3000000.00,4.229588,105.251953125
08:06:14,912810UB2,TSRYS5810883,D,S,D,2024-08-15,3000000.00,4.22973,105.25
08:06:14,912810UB2,TSRYS5810883,D,S,C,2024-08-15,1000000.00,4.230582,105.23828125
08:06:14,912810UB2,TSRYS5810883,D,S,C,2024-08-15,1000000.00,4.22973,105.25
08:06:19,912810UB2,TSRYS5810883,D,S,D,2024-08-15,1000000.00,4.22618,105.298828125
08:06:19,912810UB2,TSRYS5810883,D,B,C,2024-08-15,1000000.00,4.22618,105.298828125
08:06:19,912810UB2,TSRYS5810883,D,S,D,2024-08-15,1000000.00,4.22618,105.298828125
08:06:20,912810UB2,TSRYS5810883,D,S,D,2024-08-15,2000000.00,4.226313,105.297
08:06:20,912810UB2,TSRYS5810883,D,B,C,2024-08-15,2000000.00,4.226322,105.296875
08:06:21,912810UB2,TSRYS5810883,D,S,C,2024-08-15,1000000.00,4.229162,105.2578125
08:06:22,912810UB2,TSRYS5810883,D,S,D,2024-08-15,1000000.00,4.233282,105.201171875
08:06:22,912810UB2,TSRYS5810883,D,B,C,2024-08-15,1000000.00,4.232003,105.21875
08:06:22,912810UB2,TSRYS5810883,D,S,D,2024-08-15,1000000.00,4.232003,105.21875
08:06:28,912810UB2,TSRYS5810883,D,S,D,2024-08-15,1000000.00,4.22973,105.25
08:06:33,912810UB2,TSRYS5810883,D,S,D,2024-08-15,400000.00,4.231435,105.2265625
08:07:21,912810UB2,TSRYS5810883,D,S,D,2024-08-15,1000000.00,4.232003,105.21875
08:07:26,912810UB2,TSRYS5810883,D,S,D,2024-08-15,1000000.00,4.232003,105.21875
08:08:16,912810UB2,TSRYS5810883,D,S,C,2024-08-15,50000.00,4.232187,105.21484375
08:08:28,912810UB2,TSRYS5810883,D,S,D,2024-08-15,688000.00,4.229071,105.2590625
08:08:58,912810UB2,TSRYS5810883,D,S,D,2024-08-15,1000000.00,4.230014,105.24609375
08:08:58,912810UB2,TSRYS5810883,D,S,D,2024-08-15,1000000.00,4.230156,105.24414062
08:09:25,912810UB2,TSRYS5810883,D,S,D,2024-08-15,1000000.00,4.22973,105.25
08:09:25,912810UB2,TSRYS5810883,D,S,D,2024-08-15,1000000.00,4.22973,105.25
08:09:25,912810UB2,TSRYS5810883,D,S,D,2024-08-15,1000000.00,4.22973,105.25
08:09:25,912810UB2,TSRYS5810883,D,S,D,2024-08-15,1000000.00,4.22973,105.25
08:09:25,912810UB2,TSRYS5810883,D,S,D,2024-08-15,1000000.00,4.22973,105.25
08:09:25,912810UB2,TSRYS5810883,D,S,D,2024-08-15,1000000.00,4.229446,105.25390625
08:09:25,912810UB2,TSRYS5810883,D,S,D,2024-08-15,1000000.00,4.229446,105.25390625
08:09:32,912810UB2,TSRYS5810883,D,S,D,2024-08-15,1000000.00,4.229446,105.25390625
08:09:32,912810UB2,TSRYS5810883,D,S,D,2024-08-15,1000000.00,4.229446,105.25390625
08:09:38,912810UB2,TSRYS5810883,D,S,D,2024-08-15,1000000.00,4.229588,105.251953125
08:09:39,912810UB2,TSRYS5810883,D,S,T,2024-08-15,1000000.00,4.229588,105.251953125
08:09:39,912810UB2,TSRYS5810883,D,B,C,2024-08-15,1000000.00,4.229588,105.251953125
08:09:39,912810UB2,TSRYS5810883,D,S,D,2024-08-15,1000000.00,4.229581,105.252053125
08:09:43,912810UB2,TSRYS5810883,D,S,D,2024-08-15,1000000.00,4.229588,105.251953125
08:10:00,912810UB2,TSRYS5810883,D,S,C,2024-08-15,1000000.00,4.22973,105.25
08:10:00,912810UB2,TSRYS5810883,D,B,C,2024-08-15,1000000.00,4.229746,105.249775
08:10:39,912810UB2,TSRYS5810883,D,S,D,2024-08-15,688000.00,4.22689,105.2890625
08:11:07,912810UB2,TSRYS5810883,D,S,T,2024-08-15,1000000.00,4.22973,105.25
08:11:07,912810UB2,TSRYS5810883,D,S,T,2024-08-15,1000000.00,4.22973,105.25
08:11:44,912810UB2,TSRYS5810883,D,S,D,2024-08-15,1000000.00,4.22973,105.25
08:11:44,912810UB2,TSRYS5810883,D,S,D,2024-08-15,1000000.00,4.22973,105.25
08:12:14,912810UB2,TSRYS5810883,D,S,D,2024-08-15,1000000.00,4.230298,105.2421875
08:12:21,912810UB2,TSRYS5810883,D,S,D,2024-08-15,1000000.00,4.23115,105.23046875
08:12:22,912810UB2,TSRYS5810883,D,S,D,2024-08-15,1000000.00,4.231435,105.2265625
08:12:34,912810UB2,TSRYS5810883,D,S,D,2024-08-15,1000000.00,4.22973,105.25
08:12:57,912810UB2,TSRYS5810883,D,S,D,2024-08-15,15000000.00,4.232102,105.21739
08:13:06,912810UB2,TSRYS5810883,D,S,D,2024-08-15,1000000.00,4.229162,105.2578125
08:13:06,912810UB2,TSRYS5810883,D,B,C,2024-08-15,1000000.00,4.229162,105.2578125
08:13:06,912810UB2,TSRYS5810883,D,S,D,2024-08-15,1000000.00,4.229162,105.2578125
08:13:07,912810UB2,TSRYS5810883,D,S,T,2024-08-15,1000000.00,4.228878,105.26171875
08:13:07,912810UB2,TSRYS5810883,D,S,C,2024-08-15,1000000.00,4.228878,105.26171875
08:13:19,912810UB2,TSRYS5810883,D,S,D,2024-08-15,1000000.00,4.22973,105.25
08:13:19,912810UB2,TSRYS5810883,D,S,T,2024-08-15,1000000.00,4.22973,105.25
08:13:19,912810UB2,TSRYS5810883,D,S,D,2024-08-15,1000000.00,4.22973,105.25
08:13:24,912810UB2,TSRYS5810883,D,S,D,2024-08-15,1000000.00,4.22973,105.25
08:13:38,912810UB2,TSRYS5810883,D,S,T,2024-08-15,1000000.00,4.228594,105.265625
08:13:38,912810UB2,TSRYS5810883,D,S,C,2024-08-15,1000000.00,4.228594,105.265625
08:14:12,912810UB2,TSRYS5810883,D,S,D,2024-08-15,1000000.00,4.230866,105.234375
08:14:15,912810UB2,TSRYS5810883,D,S,C,2024-08-15,1000000.00,4.228594,105.265625
08:14:15,912810UB2,TSRYS5810883,D,B,C,2024-08-15,1000000.00,4.22861,105.2654
08:14:17,912810UB2,TSRYS5810883,D,S,T,2024-08-15,1000000.00,4.23115,105.23046875
08:14:22,912810UB2,TSRYS5810883,D,S,T,2024-08-15,1000000.00,4.231435,105.2265625
08:14:29,912810UB2,TSRYS5810883,D,S,C,2024-08-15,1000000.00,4.227458,105.28125
08:14:29,912810UB2,TSRYS5810883,D,B,C,2024-08-15,1000000.00,4.227474,105.281025
08:14:47,912810UB2,TSRYS5810883,D,S,A,2024-08-15,615000.00,4.226322,105.296875
08:15:10,912810UB2,TSRYS5810883,D,S,T,2024-08-15,1000000.00,4.226464,105.294921875
08:15:10,912810UB2,TSRYS5810883,D,S,C,2024-08-15,1000000.00,4.226464,105.294921875
08:15:23,912810UB2,TSRYS5810883,D,S,A,2024-08-15,80000.00,4.225754,105.3046875
08:15:45,912810UB2,TSRYS5810883,D,S,D,2024-08-15,1000000.00,4.224051,105.328125
08:15:45,912810UB2,TSRYS5810883,D,S,D,2024-08-15,965000.00,4.224903,105.31640625
08:15:46,912810UB2,TSRYS5810883,D,S,C,2024-08-15,1000000.00,4.226322,105.296875
08:15:46,912810UB2,TSRYS5810883,D,B,C,2024-08-15,1000000.00,4.226338,105.29665
08:15:49,912810UB2,TSRYS5810883,D,S,D,2024-08-15,965000.00,4.224975,105.315406
08:16:30,912810UB2,TSRYS5810883,D,S,D,2024-08-15,1000000.00,4.224051,105.328125
08:16:43,912810UB2,TSRYS5810883,D,S,D,2024-08-15,1000000.00,4.227458,105.28125
08:16:59,912810UB2,TSRYS5810883,D,S,T,2024-08-15,1000000.00,4.227458,105.28125
08:17:11,912810UB2,TSRYS5810883,D,S,C,2024-08-15,5000000.00,4.227458,105.28125
08:18:05,912810UB2,TSRYS5810883,D,B,C,2024-08-15,1300000.00,4.227458,105.28125
08:18:10,912810UB2,TSRYS5810883,D,S,T,2024-08-15,1000000.00,4.227032,105.287109375
08:18:10,912810UB2,TSRYS5810883,D,S,T,2024-08-15,1000000.00,4.227032,105.287109375
08:18:10,912810UB2,TSRYS5810883,D,S,C,2024-08-15,1000000.00,4.227032,105.287109375
08:18:11,912810UB2,TSRYS5810883,D,S,C,2024-08-15,1000000.00,4.227032,105.287109375
08:18:15,912810UB2,TSRYS5810883,D,S,T,2024-08-15,1000000.00,4.227458,105.28125
08:18:25,912810UB2,TSRYS5810883,D,S,T,2024-08-15,1000000.00,4.225186,105.3125
08:18:25,912810UB2,TSRYS5810883,D,S,T,2024-08-15,1000000.00,4.225328,105.310546875
08:18:25,912810UB2,TSRYS5810883,D,S,C,2024-08-15,1000000.00,4.225328,105.310546875
08:18:58,912810UB2,TSRYS5810883,D,S,T,2024-08-15,1000000.00,4.224062,105.327973
08:18:58,912810UB2,TSRYS5810883,D,S,T,2024-08-15,1000000.00,4.224051,105.328125
08:19:00,912810UB2,TSRYS5810883,D,S,D,2024-08-15,1000000.00,4.227458,105.28125
08:19:11,912810UB2,TSRYS5810883,D,S,D,2024-08-15,100000.00,4.227487,105.28085
08:19:11,912810UB2,TSRYS5810883,D,B,C,2024-08-15,100000.00,4.227487,105.27585
08:19:15,912810UB2,TSRYS5810883,D,S,D,2024-08-15,1000000.00,4.227742,105.27734375
08:19:17,912810UB2,TSRYS5810883,D,S,C,2024-08-15,1000000.00,4.225186,105.3125
08:19:31,912810UB2,TSRYS5810883,D,S,C,2024-08-15,1000000.00,4.226322,105.296875
08:19:46,912810UB2,TSRYS5810883,D,S,C,2024-08-15,1000000.00,4.227458,105.28125
08:19:46,912810UB2,TSRYS5810883,D,B,C,2024-08-15,1000000.00,4.227472,105.28105
08:19:48,912810UB2,TSRYS5810883,D,S,C,2024-08-15,232000.00,4.229133,105.2582125
08:19:51,912810UB2,TSRYS5810883,D,S,T,2024-08-15,1000000.00,4.227742,105.27734375
08:19:53,912810UB2,TSRYS5810883,D,S,D,2024-08-15,1000000.00,4.227742,105.27734375
08:20:09,912810UB2,TSRYS5810883,D,S,D,2024-08-15,1000000.00,4.228168,105.271484375
08:20:16,912810UB2,TSRYS5810883,D,S,T,2024-08-15,1000000.00,4.228168,105.271484375
08:20:21,912810UB2,TSRYS5810883,D,S,D,2024-08-15,1000000.00,4.229446,105.25390625
08:20:21,912810UB2,TSRYS5810883,D,B,C,2024-08-15,1000000.00,4.229446,105.25390625
08:20:22,912810UB2,TSRYS5810883,D,S,D,2024-08-15,1000000.00,4.228594,105.265625
08:20:22,912810UB2,TSRYS5810883,D,S,D,2024-08-15,1000000.00,4.228594,105.265625
08:20:25,912810UB2,TSRYS5810883,D,S,C,2024-08-15,100000.00,4.228026,105.2784375
08:20:26,912810UB2,TSRYS5810883,D,S,D,2024-08-15,1000000.00,4.229446,105.25390625
08:20:26,912810UB2,TSRYS5810883,D,S,D,2024-08-15,1000000.00,4.230298,105.2421875
08:20:29,912810UB2,TSRYS5810883,D,S,D,2024-08-15,100000.00,4.228026,105.2734375
08:20:31,912810UB2,TSRYS5810883,D,S,T,2024-08-15,1000000.00,4.230298,105.2421875
08:20:33,912810UB2,TSRYS5810883,D,S,T,2024-08-15,1000000.00,4.230866,105.234375
08:20:34,912810UB2,TSRYS5810883,D,S,D,2024-08-15,1000000.00,4.228543,105.266325
08:20:45,912810UB2,TSRYS5810883,D,B,C,2024-08-15,1000000.00,4.229588,105.25195312
08:20:49,912810UB2,TSRYS5810883,D,S,C,2024-08-15,1000000.00,4.232287,105.21484375
08:20:49,912810UB2,TSRYS5810883,D,S,D,2024-08-15,1000000.00,4.232571,105.2109375
08:20:50,912810UB2,TSRYS5810883,D,S,D,2024-08-15,1000000.00,4.232713,105.208984375
08:20:51,912810UB2,TSRYS5810883,D,S,T,2024-08-15,1000000.00,4.232571,105.2109375
08:20:54,912810UB2,TSRYS5810883,D,S,D,2024-08-15,1000000.00,4.232571,105.2109375
08:20:54,912810UB2,TSRYS5810883,D,S,D,2024-08-15,1000000.00,4.232429,105.212890625
08:20:56,912810UB2,TSRYS5810883,D,S,D,2024-08-15,1000000.00,4.232003,105.21875
08:20:56,912810UB2,TSRYS5810883,D,S,D,2024-08-15,1000000.00,4.232003,105.21875
08:20:56,912810UB2,TSRYS5810883,D,S,T,2024-08-15,1000000.00,4.232713,105.208984375
08:20:56,912810UB2,TSRYS5810883,D,S,T,2024-08-15,1000000.00,4.232429,105.212890625
08:20:56,912810UB2,TSRYS5810883,D,S,T,2024-08-15,1000000.00,4.232003,105.21875
08:20:56,912810UB2,TSRYS5810883,D,S,T,2024-08-15,1000000.00,4.232571,105.2109375
08:20:56,912810UB2,TSRYS5810883,D,S,D,2024-08-15,1000000.00,4.232003,105.21875
08:20:56,912810UB2,TSRYS5810883,D,S,D,2024-08-15,1000000.00,4.232003,105.21875
08:21:17,912810UB2,TSRYS5810883,D,S,C,2024-08-15,1000000.00,4.230852,105.234575
08:21:17,912810UB2,TSRYS5810883,D,B,C,2024-08-15,1000000.00,4.23201,105.21865
08:21:17,912810UB2,TSRYS5810883,D,S,C,2024-08-15,1000000.00,4.232003,105.21875
08:21:17,912810UB2,TSRYS5810883,D,S,D,2024-08-15,1000000.00,4.232003,105.21875
08:21:21,912810UB2,TSRYS5810883,D,S,D,2024-08-15,220000.00,4.233424,105.19921875
08:21:26,912810UB2,TSRYS5810883,D,S,D,2024-08-15,1000000.00,4.232287,105.21484375
08:21:28,912810UB2,TSRYS5810883,D,S,D,2024-08-15,1000000.00,4.232287,105.21484375
08:21:28,912810UB2,TSRYS5810883,D,S,T,2024-08-15,1000000.00,4.232018,105.21855
08:21:28,912810UB2,TSRYS5810883,D,S,T,2024-08-15,1000000.00,4.232018,105.21855
08:21:32,912810UB2,TSRYS5810883,D,S,D,2024-08-15,220000.00,4.233556,105.197400568
08:21:35,912810UB2,TSRYS5810883,D,S,C,2024-08-15,1000000.00,4.232003,105.21875
08:21:35,912810UB2,TSRYS5810883,D,S,C,2024-08-15,1000000.00,4.232003,105.21875
08:21:48,912810UB2,TSRYS5810883,D,S,C,2024-08-15,460000.00,4.234277,105.1875
08:21:52,912810UB2,TSRYS5810883,D,S,C,2024-08-15,100000.00,4.231435,105.2315625
08:21:55,912810UB2,TSRYS5810883,D,S,D,2024-08-15,100000.00,4.231435,105.2265625
08:22:01,912810UB2,TSRYS5810883,D,S,D,2024-08-15,2000000.00,4.232287,105.21484375
08:22:25,912810UB2,TSRYS5810883,D,S,D,2024-08-15,1000000.00,4.235414,105.171875
08:22:25,912810UB2,TSRYS5810883,D,S,D,2024-08-15,1000000.00,4.234277,105.1875
08:22:25,912810UB2,TSRYS5810883,D,S,D,2024-08-15,1000000.00,4.234277,105.1875
08:22:27,912810UB2,TSRYS5810883,D,S,T,2024-08-15,1000000.00,4.235414,105.171875
08:22:37,912810UB2,TSRYS5810883,D,S,T,2024-08-15,1000000.00,4.235414,105.171875
08:22:37,912810UB2,TSRYS5810883,D,S,D,2024-08-15,1000000.00,4.235414,105.171875
08:22:42,912810UB2,TSRYS5810883,D,S,T,2024-08-15,1000000.00,4.234277,105.1875
08:23:03,912810UB2,TSRYS5810883,D,S,D,2024-08-15,1000000.00,4.234277,105.1875
08:23:05,912810UB2,TSRYS5810883,D,S,C,2024-08-15,24000000.00,4.230066,105.24538
08:23:23,912810UB2,TSRYS5810883,D,S,T,2024-08-15,1000000.00,4.234277,105.1875
08:23:24,912810UB2,TSRYS5810883,D,S,T,2024-08-15,1000000.00,4.234277,105.1875
08:23:41,912810UB2,TSRYS5810883,D,S,D,2024-08-15,2000000.00,4.234419,105.18554687
08:23:41,912810UB2,TSRYS5810883,D,S,D,2024-08-15,1000000.00,4.234419,105.18554687
08:23:43,912810UB2,TSRYS5810883,D,S,C,2024-08-15,9000000.00,4.234224,105.18823
08:23:43,912810UB2,TSRYS5810883,D,S,D,2024-08-15,1000000.00,4.234419,105.18554687
08:23:43,912810UB2,TSRYS5810883,D,S,D,2024-08-15,1000000.00,4.234419,105.18554687
08:23:52,912810UB2,TSRYS5810883,D,S,D,2024-08-15,240000.00,4.234561,105.18359375
08:23:53,912810UB2,TSRYS5810883,D,S,T,2024-08-15,1000000.00,4.233708,105.1953125
08:23:54,912810UB2,TSRYS5810883,D,S,C,2024-08-15,1000000.00,4.233708,105.1953125
08:23:57,912810UB2,TSRYS5810883,D,B,C,2024-08-15,1820000.00,4.234277,105.1875
08:24:03,912810UB2,TSRYS5810883,D,S,C,2024-08-15,1000000.00,4.23314,105.203125
08:24:03,912810UB2,TSRYS5810883,D,B,C,2024-08-15,1000000.00,4.233147,105.203025
08:24:03,912810UB2,TSRYS5810883,D,B,C,2024-08-15,1000000.00,4.23314,105.203125
08:24:03,912810UB2,TSRYS5810883,D,S,C,2024-08-15,1000000.00,4.23314,105.203125
