tradeTime,cusip,issueSymbolIdentifier,priceType,reportingSideCode,contraPartyTypeCode,tradeDate,reportedTradeVolume,lastSaleYield,lastSalePrice
08:00:03,912810TZ1,TSRYS5752098,D,S,T,2024-04-04,1000000.00,4.607221,98.609375
08:00:03,912810TZ1,TSRYS5752098,D,S,T,2024-04-04,1000000.00,4.618214,98.46875
08:00:03,912810TZ1,TSRYS5752098,D,S,T,2024-04-04,1000000.00,4.618214,98.46875
08:00:07,912810TZ1,TSRYS5752098,D,S,T,2024-04-04,1000000.00,4.630757,98.30859375
08:00:07,912810TZ1,TSRYS5752098,D,S,D,2024-04-04,1000000.00,4.630757,98.30859375
08:00:07,912810TZ1,TSRYS5752098,D,S,T,2024-04-04,1000000.00,4.624023,98.39453125
08:00:07,912810TZ1,TSRYS5752098,D,S,T,2024-04-04,1000000.00,4.623411,98.40234375
08:00:07,912810TZ1,TSRYS5752098,D,S,T,2024-04-04,1000000.00,4.6147,98.513671875
08:00:07,912810TZ1,TSRYS5752098,D,S,D,2024-04-04,1000000.00,4.6147,98.513671875
08:00:07,912810TZ1,TSRYS5752098,D,S,D,2024-04-04,1000000.00,4.6147,98.513671875
08:00:07,912810TZ1,TSRYS5752098,D,S,T,2024-04-04,1000000.00,4.6147,98.513671875
08:00:07,912810TZ1,TSRYS5752098,D,S,D,2024-04-04,1000000.00,4.6147,98.513671875
08:00:07,912810TZ1,TSRYS5752098,D,S,D,2024-04-04,1000000.00,4.6147,98.513671875
08:00:07,912810TZ1,TSRYS5752098,D,S,D,2024-04-04,1000000.00,4.615769,98.5
08:00:09,912810TZ1,TSRYS5752098,D,S,T,2024-04-04,1000000.00,4.619436,98.453125
08:00:09,912810TZ1,TSRYS5752098,D,S,T,2024-04-04,2000000.00,4.619436,98.453125
08:00:10,912810TZ1,TSRYS5752098,D,B,C,2024-04-04,4900000.00,4.618825,98.4609375
08:00:14,912810TZ1,TSRYS5752098,D,S,D,2024-04-04,1000000.00,4.632902,98.28125
08:00:14,912810TZ1,TSRYS5752098,D,S,D,2024-04-04,1000000.00,4.632902,98.28125
08:00:19,912810TZ1,TSRYS5752098,D,S,C,2024-04-04,175000.00,4.626754,98.359675
08:00:24,912810TZ1,TSRYS5752098,D,S,A,2024-04-04,1360000.00,4.618825,98.4609375
08:00:27,912810TZ1,TSRYS5752098,D,S,T,2024-04-04,1000000.00,4.626777,98.359375
08:00:27,912810TZ1,TSRYS5752098,D,S,T,2024-04-04,1000000.00,4.630604,98.310546875
08:00:27,912810TZ1,TSRYS5752098,D,S,T,2024-04-04,1000000.00,4.627083,98.35546875
08:00:27,912810TZ1,TSRYS5752098,D,S,T,2024-04-04,1000000.00,4.624176,98.392578125
08:00:27,912810TZ1,TSRYS5752098,D,S,T,2024-04-04,1000000.00,4.623258,98.404296875
08:00:27,912810TZ1,TSRYS5752098,D,S,T,2024-04-04,1000000.00,4.6254,98.376953125
08:00:27,912810TZ1,TSRYS5752098,D,S,T,2024-04-04,1000000.00,4.623411,98.40234375
08:00:27,912810TZ1,TSRYS5752098,D,S,T,2024-04-04,1000000.00,4.623411,98.40234375
08:00:27,912810TZ1,TSRYS5752098,D,S,T,2024-04-04,1000000.00,4.623411,98.40234375
08:00:27,912810TZ1,TSRYS5752098,D,S,D,2024-04-04,1000000.00,4.615769,98.5
08:00:31,912810TZ1,TSRYS5752098,D,S,T,2024-04-04,1000000.00,4.606001,98.625
08:00:31,912810TZ1,TSRYS5752098,D,S,T,2024-04-04,1000000.00,4.608747,98.58984375
08:00:31,912810TZ1,TSRYS5752098,D,S,T,2024-04-04,1000000.00,4.613326,98.53125
08:00:31,912810TZ1,TSRYS5752098,D,S,T,2024-04-04,1000000.00,4.613326,98.53125
08:00:31,912810TZ1,TSRYS5752098,D,S,T,2024-04-04,1000000.00,4.619436,98.453125
08:00:31,912810TZ1,TSRYS5752098,D,S,T,2024-04-04,1000000.00,4.618214,98.46875
08:00:31,912810TZ1,TSRYS5752098,D,S,T,2024-04-04,1000000.00,4.628002,98.34375
08:00:31,912810TZ1,TSRYS5752098,D,S,T,2024-04-04,1000000.00,4.630451,98.3125
08:00:31,912810TZ1,TSRYS5752098,D,S,T,2024-04-04,1000000.00,4.630451,98.3125
08:00:31,912810TZ1,TSRYS5752098,D,S,T,2024-04-04,1000000.00,4.630451,98.3125
08:00:31,912810TZ1,TSRYS5752098,D,S,T,2024-04-04,1000000.00,4.631676,98.296875
08:00:31,912810TZ1,TSRYS5752098,D,S,T,2024-04-04,1000000.00,4.632902,98.28125
08:00:31,912810TZ1,TSRYS5752098,D,S,T,2024-04-04,1000000.00,4.630757,98.30859375
08:00:31,912810TZ1,TSRYS5752098,D,S,T,2024-04-04,1000000.00,4.630604,98.310546875
08:00:31,912810TZ1,TSRYS5752098,D,S,T,2024-04-04,1000000.00,4.630451,98.3125
08:00:31,912810TZ1,TSRYS5752098,D,S,T,2024-04-04,1000000.00,4.632902,98.28125
08:00:31,912810TZ1,TSRYS5752098,D,S,D,2024-04-04,1000000.00,4.626777,98.359375
08:00:31,912810TZ1,TSRYS5752098,D,S,T,2024-04-04,1000000.00,4.624329,98.390625
08:00:31,912810TZ1,TSRYS5752098,D,S,T,2024-04-04,1000000.00,4.624329,98.390625
08:00:31,912810TZ1,TSRYS5752098,D,S,T,2024-04-04,1000000.00,4.624329,98.390625
08:00:31,912810TZ1,TSRYS5752098,D,S,T,2024-04-04,1000000.00,4.624329,98.390625
08:00:31,912810TZ1,TSRYS5752098,D,S,T,2024-04-04,1000000.00,4.624329,98.390625
08:00:31,912810TZ1,TSRYS5752098,D,S,T,2024-04-04,1000000.00,4.62387,98.396484375
08:00:31,912810TZ1,TSRYS5752098,D,S,T,2024-04-04,1000000.00,4.623717,98.3984375
08:00:31,912810TZ1,TSRYS5752098,D,S,T,2024-04-04,1000000.00,4.623564,98.400390625
08:00:31,912810TZ1,TSRYS5752098,D,S,T,2024-04-04,1000000.00,4.623411,98.40234375
08:00:31,912810TZ1,TSRYS5752098,D,S,T,2024-04-04,1000000.00,4.623258,98.404296875
08:00:31,912810TZ1,TSRYS5752098,D,S,T,2024-04-04,1000000.00,4.624329,98.390625
08:00:31,912810TZ1,TSRYS5752098,D,S,T,2024-04-04,1000000.00,4.624329,98.390625
08:00:31,912810TZ1,TSRYS5752098,D,S,T,2024-04-04,1000000.00,4.624329,98.390625
08:00:31,912810TZ1,TSRYS5752098,D,S,T,2024-04-04,1000000.00,4.624329,98.390625
08:00:31,912810TZ1,TSRYS5752098,D,S,T,2024-04-04,1000000.00,4.613326,98.53125
08:00:31,912810TZ1,TSRYS5752098,D,S,D,2024-04-04,1000000.00,4.630451,98.3125
08:00:31,912810TZ1,TSRYS5752098,D,S,D,2024-04-04,1000000.00,4.621576,98.42578125
08:00:31,912810TZ1,TSRYS5752098,D,S,D,2024-04-04,1000000.00,4.615769,98.5
08:00:31,912810TZ1,TSRYS5752098,D,S,D,2024-04-04,1000000.00,4.615769,98.5
08:00:31,912810TZ1,TSRYS5752098,D,S,D,2024-04-04,1000000.00,4.625247,98.37890625
08:00:31,912810TZ1,TSRYS5752098,D,S,D,2024-04-04,175000.00,4.626777,98.359375
08:00:31,912810TZ1,TSRYS5752098,D,S,D,2024-04-04,1000000.00,4.615769,98.5
08:00:31,912810TZ1,TSRYS5752098,D,S,D,2024-04-04,1000000.00,4.615769,98.5
08:00:31,912810TZ1,TSRYS5752098,D,S,T,2024-04-04,2000000.00,4.618214,98.46875
08:00:31,912810TZ1,TSRYS5752098,D,S,T,2024-04-04,1000000.00,4.630451,98.3125
08:00:31,912810TZ1,TSRYS5752098,D,S,T,2024-04-04,1000000.00,4.630451,98.3125
08:00:31,912810TZ1,TSRYS5752098,D,S,T,2024-04-04,1000000.00,4.630451,98.3125
08:00:31,912810TZ1,TSRYS5752098,D,S,T,2024-04-04,1000000.00,4.630451,98.3125
08:00:31,912810TZ1,TSRYS5752098,D,S,T,2024-04-04,1000000.00,4.613326,98.53125
08:00:31,912810TZ1,TSRYS5752098,D,S,T,2024-04-04,1000000.00,4.617755,98.474609375
08:00:31,912810TZ1,TSRYS5752098,D,S,T,2024-04-04,1000000.00,4.617602,98.4765625
08:00:31,912810TZ1,TSRYS5752098,D,S,T,2024-04-04,1000000.00,4.615769,98.5
08:00:31,912810TZ1,TSRYS5752098,D,S,T,2024-04-04,1000000.00,4.615769,98.5
08:00:31,912810TZ1,TSRYS5752098,D,S,T,2024-04-04,1000000.00,4.615769,98.5
08:00:31,912810TZ1,TSRYS5752098,D,S,T,2024-04-04,1000000.00,4.622188,98.41796875
08:00:35,912810TZ1,TSRYS5752098,D,B,C,2024-04-04,100000.00,4.627083,98.35546875
08:00:35,912810TZ1,TSRYS5752098,D,S,T,2024-04-04,1000000.00,4.624329,98.390625
08:00:35,912810TZ1,TSRYS5752098,D,S,T,2024-04-04,1000000.00,4.623411,98.40234375
08:00:35,912810TZ1,TSRYS5752098,D,S,T,2024-04-04,1000000.00,4.624329,98.390625
08:00:35,912810TZ1,TSRYS5752098,D,S,T,2024-04-04,1000000.00,4.621882,98.421875
08:00:35,912810TZ1,TSRYS5752098,D,S,T,2024-04-04,1000000.00,4.626165,98.3671875
08:00:35,912810TZ1,TSRYS5752098,D,S,T,2024-04-04,1000000.00,4.623106,98.40625
08:00:35,912810TZ1,TSRYS5752098,D,S,T,2024-04-04,1000000.00,4.621882,98.421875
08:00:35,912810TZ1,TSRYS5752098,D,S,T,2024-04-04,1000000.00,4.621882,98.421875
08:00:35,912810TZ1,TSRYS5752098,D,S,T,2024-04-04,1000000.00,4.621882,98.421875
08:00:35,912810TZ1,TSRYS5752098,D,S,T,2024-04-04,1000000.00,4.621882,98.421875
08:00:35,912810TZ1,TSRYS5752098,D,S,T,2024-04-04,1000000.00,4.621882,98.421875
08:00:35,912810TZ1,TSRYS5752098,D,S,T,2024-04-04,1000000.00,4.621882,98.421875
08:00:35,912810TZ1,TSRYS5752098,D,S,T,2024-04-04,1000000.00,4.621882,98.421875
08:00:35,912810TZ1,TSRYS5752098,D,S,T,2024-04-04,1000000.00,4.615769,98.5
08:00:35,912810TZ1,TSRYS5752098,D,S,T,2024-04-04,1000000.00,4.614547,98.515625
08:00:35,912810TZ1,TSRYS5752098,D,S,T,2024-04-04,1000000.00,4.611494,98.5546875
08:00:35,912810TZ1,TSRYS5752098,D,S,T,2024-04-04,1000000.00,4.611494,98.5546875
08:00:35,912810TZ1,TSRYS5752098,D,S,T,2024-04-04,1000000.00,4.613326,98.53125
08:00:35,912810TZ1,TSRYS5752098,D,S,T,2024-04-04,1000000.00,4.613326,98.53125
08:00:35,912810TZ1,TSRYS5752098,D,S,T,2024-04-04,1000000.00,4.613326,98.53125
08:00:35,912810TZ1,TSRYS5752098,D,S,T,2024-04-04,1000000.00,4.615922,98.498046875
08:00:35,912810TZ1,TSRYS5752098,D,S,T,2024-04-04,1000000.00,4.627389,98.3515625
08:00:35,912810TZ1,TSRYS5752098,D,S,T,2024-04-04,1000000.00,4.627389,98.3515625
08:00:35,912810TZ1,TSRYS5752098,D,S,T,2024-04-04,1000000.00,4.620048,98.4453125
08:00:39,912810TZ1,TSRYS5752098,D,B,C,2024-04-04,10000000.00,4.624023,98.39453125
08:00:39,912810TZ1,TSRYS5752098,D,S,D,2024-04-04,10000000.00,4.624023,98.39453125
08:00:41,912810TZ1,TSRYS5752098,D,S,T,2024-04-04,1000000.00,4.629839,98.3203125
08:00:41,912810TZ1,TSRYS5752098,D,S,T,2024-04-04,1000000.00,4.629839,98.3203125
08:00:41,912810TZ1,TSRYS5752098,D,S,T,2024-04-04,1000000.00,4.629839,98.3203125
08:00:42,912810TZ1,TSRYS5752098,D,S,T,2024-04-04,2000000.00,4.618214,98.46875
08:00:42,912810TZ1,TSRYS5752098,D,S,T,2024-04-04,1000000.00,4.618214,98.46875
08:00:42,912810TZ1,TSRYS5752098,D,S,T,2024-04-04,1000000.00,4.625553,98.375
08:00:43,912810TZ1,TSRYS5752098,D,S,T,2024-04-04,1000000.00,4.630459,98.312398
08:00:51,912810TZ1,TSRYS5752098,D,S,D,2024-04-04,9000000.00,4.62903,98.33063
08:00:56,912810TZ1,TSRYS5752098,D,S,A,2024-04-04,3500000.00,4.617602,98.4765625
08:01:02,912810TZ1,TSRYS5752098,D,S,D,2024-04-04,1000000.00,4.630451,98.3125
08:01:02,912810TZ1,TSRYS5752098,D,S,D,2024-04-04,1000000.00,4.632902,98.28125
08:01:02,912810TZ1,TSRYS5752098,D,B,C,2024-04-04,1000000.00,4.630757,98.30859375
08:01:02,912810TZ1,TSRYS5752098,D,S,D,2024-04-04,1000000.00,4.630757,98.30859375
08:01:02,912810TZ1,TSRYS5752098,D,S,D,2024-04-04,1000000.00,4.632902,98.28125
08:01:02,912810TZ1,TSRYS5752098,D,B,C,2024-04-04,1000000.00,4.623411,98.40234375
08:01:02,912810TZ1,TSRYS5752098,D,S,D,2024-04-04,1000000.00,4.632902,98.28125
08:01:02,912810TZ1,TSRYS5752098,D,S,D,2024-04-04,1000000.00,4.630757,98.30859375
08:01:02,912810TZ1,TSRYS5752098,D,S,D,2024-04-04,1000000.00,4.626777,98.359375
08:01:02,912810TZ1,TSRYS5752098,D,S,C,2024-04-04,1000000.00,4.623411,98.40234375
08:01:02,912810TZ1,TSRYS5752098,D,S,D,2024-04-04,1000000.00,4.630451,98.3125
08:01:03,912810TZ1,TSRYS5752098,D,S,C,2024-04-04,1000000.00,4.614242,98.51953125
08:01:03,912810TZ1,TSRYS5752098,D,B,C,2024-04-04,1000000.00,4.614242,98.51953125
08:01:03,912810TZ1,TSRYS5752098,D,S,D,2024-04-04,1000000.00,4.621576,98.42578125
08:01:03,912810TZ1,TSRYS5752098,D,S,D,2024-04-04,1000000.00,4.615769,98.5
08:01:03,912810TZ1,TSRYS5752098,D,S,D,2024-04-04,1000000.00,4.615769,98.5
08:01:03,912810TZ1,TSRYS5752098,D,S,C,2024-04-04,1000000.00,4.62892,98.33203125
08:01:03,912810TZ1,TSRYS5752098,D,S,C,2024-04-04,1000000.00,4.62892,98.33203125
08:01:03,912810TZ1,TSRYS5752098,D,S,C,2024-04-04,1000000.00,4.62892,98.33203125
08:01:03,912810TZ1,TSRYS5752098,D,S,C,2024-04-04,1000000.00,4.62892,98.33203125
08:01:03,912810TZ1,TSRYS5752098,D,B,C,2024-04-04,1000000.00,4.615769,98.5
08:01:03,912810TZ1,TSRYS5752098,D,S,C,2024-04-04,1000000.00,4.62892,98.33203125
08:01:07,912810TZ1,TSRYS5752098,D,S,D,2024-04-04,1000000.00,4.625247,98.37890625
08:01:08,912810TZ1,TSRYS5752098,D,S,C,2024-04-04,1000000.00,4.627695,98.34765625
08:01:08,912810TZ1,TSRYS5752098,D,B,C,2024-04-04,1000000.00,4.627695,98.34765625
08:01:08,912810TZ1,TSRYS5752098,D,S,T,2024-04-04,1000000.00,4.625577,98.3747
08:01:08,912810TZ1,TSRYS5752098,D,B,C,2024-04-04,649000.00,4.623749,98.3980375
08:01:08,912810TZ1,TSRYS5752098,D,B,C,2024-04-04,982000.00,4.622831,98.40975625
08:01:08,912810TZ1,TSRYS5752098,D,B,C,2024-04-04,1000000.00,4.621882,98.421875
08:01:08,912810TZ1,TSRYS5752098,D,S,D,2024-04-04,1000000.00,4.621882,98.421875
08:01:08,912810TZ1,TSRYS5752098,D,B,C,2024-04-04,1000000.00,4.627389,98.3515625
08:01:08,912810TZ1,TSRYS5752098,D,S,D,2024-04-04,1000000.00,4.627389,98.3515625
08:01:09,912810TZ1,TSRYS5752098,D,S,C,2024-04-04,113000.00,4.626165,98.3671875
08:01:09,912810TZ1,TSRYS5752098,D,B,C,2024-04-04,23482000.00,4.621302,98.4292875
08:01:10,912810TZ1,TSRYS5752098,D,S,D,2024-04-04,8000000.00,4.629894,98.31953
08:01:10,912810TZ1,TSRYS5752098,D,S,C,2024-04-04,1000000.00,4.607221,98.609375
08:01:12,912810TZ1,TSRYS5752098,D,S,D,2024-04-04,9000000.00,4.626993,98.3566198
08:01:12,912810TZ1,TSRYS5752098,D,S,D,2024-04-04,2000000.00,4.617624,98.4762859
08:01:12,912810TZ1,TSRYS5752098,D,S,D,2024-04-04,1000000.00,4.621522,98.4264813
08:01:14,912810TZ1,TSRYS5752098,D,S,T,2024-04-04,1000000.00,4.624329,98.390625
08:01:14,912810TZ1,TSRYS5752098,D,S,T,2024-04-04,1000000.00,4.624337,98.390525
08:01:14,912810TZ1,TSRYS5752098,D,S,T,2024-04-04,1000000.00,4.624337,98.390525
08:01:14,912810TZ1,TSRYS5752098,D,S,T,2024-04-04,1000000.00,4.624337,98.390525
08:01:14,912810TZ1,TSRYS5752098,D,S,T,2024-04-04,1000000.00,4.624337,98.390525
08:01:15,912810TZ1,TSRYS5752098,D,B,A,2024-04-04,287000.00,4.628002,98.34375
08:01:15,912810TZ1,TSRYS5752098,D,S,D,2024-04-04,1000000.00,4.618214,98.46875
08:01:15,912810TZ1,TSRYS5752098,D,S,D,2024-04-04,1000000.00,4.618214,98.46875
08:01:15,912810TZ1,TSRYS5752098,D,S,D,2024-04-04,2000000.00,4.618214,98.46875
08:01:15,912810TZ1,TSRYS5752098,D,S,D,2024-04-04,1000000.00,4.619436,98.453125
08:01:17,912810TZ1,TSRYS5752098,D,S,T,2024-04-04,1000000.00,4.630463,98.31235
08:01:17,912810TZ1,TSRYS5752098,D,S,T,2024-04-04,1000000.00,4.632913,98.2811
08:01:17,912810TZ1,TSRYS5752098,D,S,D,2024-04-04,1000000.00,4.628002,98.34375
08:01:17,912810TZ1,TSRYS5752098,D,S,T,2024-04-04,1000000.00,4.630463,98.31235
08:01:17,912810TZ1,TSRYS5752098,D,S,D,2024-04-04,1000000.00,4.629532,98.32421875
08:01:17,912810TZ1,TSRYS5752098,D,S,D,2024-04-04,1000000.00,4.629839,98.3203125
08:01:17,912810TZ1,TSRYS5752098,D,S,D,2024-04-04,1000000.00,4.630451,98.3125
08:01:17,912810TZ1,TSRYS5752098,D,S,D,2024-04-04,1000000.00,4.632902,98.28125
08:01:17,912810TZ1,TSRYS5752098,D,S,D,2024-04-04,1000000.00,4.632902,98.28125
08:01:17,912810TZ1,TSRYS5752098,D,S,D,2024-04-04,1000000.00,4.632902,98.28125
08:01:17,912810TZ1,TSRYS5752098,D,S,T,2024-04-04,1000000.00,4.629686,98.32226562
08:01:17,912810TZ1,TSRYS5752098,D,S,T,2024-04-04,1000000.00,4.629839,98.3203125
08:01:18,912810TZ1,TSRYS5752098,D,S,T,2024-04-04,1000000.00,4.632289,98.2890625
08:01:18,912810TZ1,TSRYS5752098,D,S,T,2024-04-04,1000000.00,4.630451,98.3125
08:01:18,912810TZ1,TSRYS5752098,D,S,A,2024-04-04,10000000.00,4.628939,98.33203125
08:01:20,912810TZ1,TSRYS5752098,D,B,C,2024-04-04,10500000.00,4.631768,98.29571
08:01:21,912810TZ1,TSRYS5752098,D,B,C,2024-04-04,3500000.00,4.631768,98.29571
08:01:21,912810TZ1,TSRYS5752098,D,B,A,2024-04-04,2740000.00,4.621882,98.421875
08:01:21,912810TZ1,TSRYS5752098,D,S,C,2024-04-04,2740000.00,4.621882,98.421875
08:01:22,912810TZ1,TSRYS5752098,D,B,C,2024-04-04,10000000.00,4.626165,98.3671875
08:01:24,912810TZ1,TSRYS5752098,D,S,C,2024-04-04,1000000.00,4.624329,98.390625
08:01:26,912810TZ1,TSRYS5752098,D,S,T,2024-04-04,1000000.00,4.606001,98.625
08:01:26,912810TZ1,TSRYS5752098,D,S,T,2024-04-04,1000000.00,4.616991,98.484375
08:01:26,912810TZ1,TSRYS5752098,D,S,T,2024-04-04,1000000.00,4.621882,98.421875
08:01:26,912810TZ1,TSRYS5752098,D,S,T,2024-04-04,1000000.00,4.620659,98.4375
08:01:26,912810TZ1,TSRYS5752098,D,S,T,2024-04-04,1000000.00,4.618214,98.46875
08:01:26,912810TZ1,TSRYS5752098,D,S,T,2024-04-04,1000000.00,4.620659,98.4375
08:01:30,912810TZ1,TSRYS5752098,D,S,T,2024-04-04,1000000.00,4.631676,98.296875
08:01:30,912810TZ1,TSRYS5752098,D,S,T,2024-04-04,1000000.00,4.632902,98.28125
08:01:31,912810TZ1,TSRYS5752098,D,S,T,2024-04-04,1000000.00,4.632902,98.28125
08:01:32,912810TZ1,TSRYS5752098,D,S,T,2024-04-04,1000000.00,4.629226,98.328125
08:01:32,912810TZ1,TSRYS5752098,D,S,T,2024-04-04,1000000.00,4.629226,98.328125
08:01:32,912810TZ1,TSRYS5752098,D,S,A,2024-04-04,50000000.00,4.621905,98.421875
08:01:32,912810TZ1,TSRYS5752098,D,S,D,2024-04-04,1000000.00,4.629686,98.322265625
08:01:32,912810TZ1,TSRYS5752098,D,S,A,2024-04-04,370000.00,4.627389,98.3515625
08:01:32,912810TZ1,TSRYS5752098,D,S,D,2024-04-04,1000000.00,4.629839,98.3203125
08:01:33,912810TZ1,TSRYS5752098,D,S,T,2024-04-04,1000000.00,4.624329,98.390625
08:01:33,912810TZ1,TSRYS5752098,D,S,T,2024-04-04,1000000.00,4.625553,98.375
08:01:33,912810TZ1,TSRYS5752098,D,S,T,2024-04-04,1000000.00,4.628002,98.34375
08:01:34,912810TZ1,TSRYS5752098,D,S,D,2024-04-04,1000000.00,4.630451,98.3125
08:01:39,912810TZ1,TSRYS5752098,D,S,D,2024-04-04,2000.00,4.623106,98.40625
08:01:41,912810TZ1,TSRYS5752098,D,S,A,2024-04-04,1020000.00,4.623411,98.40234375
08:01:41,912810TZ1,TSRYS5752098,D,S,T,2024-04-04,1000000.00,4.619436,98.453125
08:01:41,912810TZ1,TSRYS5752098,D,S,T,2024-04-04,1000000.00,4.619436,98.453125
08:01:41,912810TZ1,TSRYS5752098,D,S,C,2024-04-04,1000000.00,4.630451,98.3125
08:01:41,912810TZ1,TSRYS5752098,D,S,D,2024-04-04,1000000.00,4.632289,98.2890625
08:01:41,912810TZ1,TSRYS5752098,D,S,C,2024-04-04,1000000.00,4.630451,98.3125
08:01:41,912810TZ1,TSRYS5752098,D,S,C,2024-04-04,1000000.00,4.630451,98.3125
08:01:41,912810TZ1,TSRYS5752098,D,B,C,2024-04-04,1000000.00,4.615769,98.5
08:01:42,912810TZ1,TSRYS5752098,D,S,C,2024-04-04,12000000.00,4.615409,98.5046
08:01:42,912810TZ1,TSRYS5752098,D,S,C,2024-04-04,6000000.00,4.615409,98.5046
08:01:42,912810TZ1,TSRYS5752098,D,S,D,2024-04-04,1000000.00,4.62892,98.33203125
08:01:42,912810TZ1,TSRYS5752098,D,S,T,2024-04-04,1000000.00,4.629226,98.328125
08:01:42,912810TZ1,TSRYS5752098,D,S,D,2024-04-04,1000000.00,4.629226,98.328125
08:01:42,912810TZ1,TSRYS5752098,D,S,D,2024-04-04,1000000.00,4.62892,98.33203125
08:01:42,912810TZ1,TSRYS5752098,D,S,D,2024-04-04,1000000.00,4.62892,98.33203125
08:01:42,912810TZ1,TSRYS5752098,D,B,C,2024-04-04,1000000.00,4.631064,98.3046875
08:01:42,912810TZ1,TSRYS5752098,D,S,D,2024-04-04,1000000.00,4.631064,98.3046875
08:01:42,912810TZ1,TSRYS5752098,D,S,D,2024-04-04,1000000.00,4.62892,98.33203125
08:01:42,912810TZ1,TSRYS5752098,D,S,D,2024-04-04,1000000.00,4.62892,98.33203125
08:01:42,912810TZ1,TSRYS5752098,D,S,D,2024-04-04,1000000.00,4.62892,98.33203125
08:01:42,912810TZ1,TSRYS5752098,D,S,D,2024-04-04,1000000.00,4.62892,98.33203125
08:01:42,912810TZ1,TSRYS5752098,D,B,A,2024-04-04,560000.00,4.627695,98.34765625
08:01:42,912810TZ1,TSRYS5752098,D,B,C,2024-04-04,1000000.00,4.630757,98.30859375
08:01:42,912810TZ1,TSRYS5752098,D,S,D,2024-04-04,1000000.00,4.630757,98.30859375
08:01:42,912810TZ1,TSRYS5752098,D,S,D,2024-04-04,1000000.00,4.630451,98.3125
08:01:43,912810TZ1,TSRYS5752098,D,S,D,2024-04-04,6500000.00,4.627389,98.3515625
08:01:46,912810TZ1,TSRYS5752098,D,S,T,2024-04-04,1000000.00,4.624329,98.390625
08:01:46,912810TZ1,TSRYS5752098,D,S,D,2024-04-04,649000.00,4.623749,98.3980375
08:01:46,912810TZ1,TSRYS5752098,D,S,D,2024-04-04,982000.00,4.622831,98.40975625
08:01:58,912810TZ1,TSRYS5752098,D,S,C,2024-04-04,380000.00,4.621271,98.4296875
08:02:00,912810TZ1,TSRYS5752098,D,B,C,2024-04-04,1000000.00,4.627542,98.349609375
08:02:00,912810TZ1,TSRYS5752098,D,S,D,2024-04-04,1000000.00,4.627542,98.349609375
08:02:04,912810TZ1,TSRYS5752098,D,S,D,2024-04-04,1000000.00,4.606001,98.625
08:02:05,912810TZ1,TSRYS5752098,D,S,D,2024-04-04,1000000.00,4.606001,98.625
08:02:05,912810TZ1,TSRYS5752098,D,S,D,2024-04-04,1000000.00,4.613326,98.53125
08:02:05,912810TZ1,TSRYS5752098,D,S,C,2024-04-04,1000000.00,4.61331,98.53145
08:02:06,912810TZ1,TSRYS5752098,D,S,C,2024-04-04,1000000.00,4.619419,98.45335
08:02:06,912810TZ1,TSRYS5752098,D,S,D,2024-04-04,1000000.00,4.616991,98.484375
08:02:06,912810TZ1,TSRYS5752098,D,S,D,2024-04-04,2000000.00,4.618214,98.46875
08:02:06,912810TZ1,TSRYS5752098,D,B,C,2024-04-04,1000000.00,4.618214,98.46875
08:02:06,912810TZ1,TSRYS5752098,D,S,D,2024-04-04,1000000.00,4.618214,98.46875
08:02:06,912810TZ1,TSRYS5752098,D,S,C,2024-04-04,2000000.00,4.619436,98.453125
08:02:07,912810TZ1,TSRYS5752098,D,S,D,2024-04-04,1000000.00,4.621882,98.421875
08:02:07,912810TZ1,TSRYS5752098,D,S,C,2024-04-04,1000000.00,4.620659,98.4375
08:02:08,912810TZ1,TSRYS5752098,D,S,D,2024-04-04,1000000.00,4.618214,98.46875
08:02:08,912810TZ1,TSRYS5752098,D,S,D,2024-04-04,1000000.00,4.618214,98.46875
08:02:08,912810TZ1,TSRYS5752098,D,S,D,2024-04-04,2000000.00,4.618214,98.46875
08:02:08,912810TZ1,TSRYS5752098,D,S,D,2024-04-04,1000000.00,4.618214,98.46875
08:02:08,912810TZ1,TSRYS5752098,D,S,D,2024-04-04,1000000.00,4.618214,98.46875
08:02:08,912810TZ1,TSRYS5752098,D,B,C,2024-04-04,1000000.00,4.618229,98.46855
08:02:08,912810TZ1,TSRYS5752098,D,S,T,2024-04-04,1000000.00,4.626777,98.359375
08:02:08,912810TZ1,TSRYS5752098,D,B,C,2024-04-04,2000000.00,4.618214,98.46875
08:02:08,912810TZ1,TSRYS5752098,D,B,C,2024-04-04,1000000.00,4.618214,98.46875
08:02:13,912810TZ1,TSRYS5752098,D,S,T,2024-04-04,1000000.00,4.625553,98.375
08:02:14,912810TZ1,TSRYS5752098,D,S,A,2024-04-04,2000.00,4.624329,98.640625
08:02:14,912810TZ1,TSRYS5752098,D,S,A,2024-04-04,2000.00,4.624378,98.64
08:02:15,912810TZ1,TSRYS5752098,D,S,A,2024-04-04,1000.00,4.624329,98.890625
08:02:20,912810TZ1,TSRYS5752098,D,S,C,2024-04-04,155000.00,4.620659,98.4375
08:02:20,912810TZ1,TSRYS5752098,D,B,C,2024-04-04,1000000.00,4.624329,98.39045
08:02:20,912810TZ1,TSRYS5752098,D,S,C,2024-04-04,1000000.00,4.624329,98.390625
08:02:21,912810TZ1,TSRYS5752098,D,S,C,2024-04-04,1338000.00,4.626165,98.3671875
08:02:21,912810TZ1,TSRYS5752098,D,S,A,2024-04-04,129700.00,4.621899,98.421875
08:02:22,912810TZ1,TSRYS5752098,D,S,A,2024-04-04,101600.00,4.622174,98.41836875
08:02:22,912810TZ1,TSRYS5752098,D,S,D,2024-04-04,1000000.00,4.620659,98.4375
08:02:22,912810TZ1,TSRYS5752098,D,S,C,2024-04-04,1000000.00,4.620647,98.437652
08:02:22,912810TZ1,TSRYS5752098,D,B,C,2024-04-04,1000000.00,4.620659,98.4375
08:02:26,912810TZ1,TSRYS5752098,D,S,C,2024-04-04,1000000.00,4.62799,98.343902
08:02:27,912810TZ1,TSRYS5752098,D,S,C,2024-04-04,1000000.00,4.630435,98.3127
08:02:27,912810TZ1,TSRYS5752098,D,S,C,2024-04-04,1000000.00,4.630439,98.312652
08:02:27,912810TZ1,TSRYS5752098,D,B,C,2024-04-04,1000000.00,4.631692,98.296675
08:02:27,912810TZ1,TSRYS5752098,D,S,C,2024-04-04,1000000.00,4.631664,98.297027
08:02:27,912810TZ1,TSRYS5752098,D,S,C,2024-04-04,1000000.00,4.63289,98.281402
08:02:29,912810TZ1,TSRYS5752098,D,S,C,2024-04-04,1000000.00,4.631676,98.296875
08:02:31,912810TZ1,TSRYS5752098,D,S,D,2024-04-04,1000000.00,4.630435,98.3127
08:02:32,912810TZ1,TSRYS5752098,D,S,C,2024-04-04,1000000.00,4.631664,98.297027
08:02:32,912810TZ1,TSRYS5752098,D,S,C,2024-04-04,1000000.00,4.63289,98.281402
08:02:32,912810TZ1,TSRYS5752098,D,S,D,2024-04-04,2000.00,4.624329,98.390625
08:02:34,912810TZ1,TSRYS5752098,D,S,D,2024-04-04,1000000.00,4.631666,98.297005
08:02:34,912810TZ1,TSRYS5752098,D,B,C,2024-04-04,1000000.00,4.631676,98.296875
08:02:35,912810TZ1,TSRYS5752098,D,S,C,2024-04-04,1000000.00,4.630451,98.3125
08:02:36,912810TZ1,TSRYS5752098,D,S,D,2024-04-04,1000.00,4.624329,98.390625
08:02:36,912810TZ1,TSRYS5752098,D,B,C,2024-04-04,1000000.00,4.632902,98.28125
08:02:36,912810TZ1,TSRYS5752098,D,S,D,2024-04-04,1000000.00,4.632902,98.28125
08:02:36,912810TZ1,TSRYS5752098,D,S,D,2024-04-04,1000000.00,4.632902,98.28125
08:02:36,912810TZ1,TSRYS5752098,D,B,C,2024-04-04,2000000.00,4.632902,98.28125
08:02:36,912810TZ1,TSRYS5752098,D,S,D,2024-04-04,2000000.00,4.632902,98.28125
08:02:36,912810TZ1,TSRYS5752098,D,B,C,2024-04-04,1000000.00,4.632902,98.28125
08:02:37,912810TZ1,TSRYS5752098,D,S,A,2024-04-04,29000.00,4.628977,98.3313
08:02:37,912810TZ1,TSRYS5752098,D,S,C,2024-04-04,1000000.00,4.634127,98.265625
08:02:38,912810TZ1,TSRYS5752098,D,B,C,2024-04-04,1000000.00,4.634139,98.265473
08:02:38,912810TZ1,TSRYS5752098,D,B,C,2024-04-04,1000000.00,4.634139,98.265473
08:02:38,912810TZ1,TSRYS5752098,D,S,C,2024-04-04,1000000.00,4.634127,98.265625
08:02:38,912810TZ1,TSRYS5752098,D,B,C,2024-04-04,1000000.00,4.634139,98.265473
08:02:38,912810TZ1,TSRYS5752098,D,B,C,2024-04-04,1000000.00,4.634139,98.265473
08:02:38,912810TZ1,TSRYS5752098,D,B,C,2024-04-04,1000000.00,4.634139,98.265473
08:02:38,912810TZ1,TSRYS5752098,D,S,C,2024-04-04,1000000.00,4.634127,98.265625
08:02:38,912810TZ1,TSRYS5752098,D,S,C,2024-04-04,1000000.00,4.634127,98.265625
08:02:38,912810TZ1,TSRYS5752098,D,S,C,2024-04-04,1000000.00,4.634127,98.265625
08:02:38,912810TZ1,TSRYS5752098,D,B,C,2024-04-04,1000000.00,4.634139,98.265473
08:02:38,912810TZ1,TSRYS5752098,D,S,D,2024-04-04,1000000.00,4.634127,98.265625
08:02:38,912810TZ1,TSRYS5752098,D,S,D,2024-04-04,1000000.00,4.632902,98.28125
08:02:39,912810TZ1,TSRYS5752098,D,S,D,2024-04-04,1000000.00,4.632902,98.28125
08:02:42,912810TZ1,TSRYS5752098,D,S,D,2024-04-04,1000000.00,4.626777,98.359375
08:02:42,912810TZ1,TSRYS5752098,D,S,D,2024-04-04,2000.00,4.624378,98.39
08:02:43,912810TZ1,TSRYS5752098,D,S,D,2024-04-04,1000000.00,4.625553,98.375
08:02:43,912810TZ1,TSRYS5752098,D,B,C,2024-04-04,1000000.00,4.626793,98.359175
08:02:43,912810TZ1,TSRYS5752098,D,S,C,2024-04-04,1000000.00,4.628002,98.34375
08:02:43,912810TZ1,TSRYS5752098,D,S,D,2024-04-04,1000000.00,4.62676,98.3596
08:02:43,912810TZ1,TSRYS5752098,D,B,C,2024-04-04,1000000.00,4.626793,98.359175
08:02:43,912810TZ1,TSRYS5752098,D,S,D,2024-04-04,1000000.00,4.62676,98.3596
08:02:43,912810TZ1,TSRYS5752098,D,S,D,2024-04-04,1000000.00,4.62676,98.3596
08:02:43,912810TZ1,TSRYS5752098,D,B,C,2024-04-04,1000000.00,4.628002,98.34375
08:02:43,912810TZ1,TSRYS5752098,D,S,D,2024-04-04,1000000.00,4.62676,98.3596
08:02:44,912810TZ1,TSRYS5752098,D,B,C,2024-04-04,1000000.00,4.629226,98.328125
08:02:44,912810TZ1,TSRYS5752098,D,S,C,2024-04-04,1000000.00,4.629214,98.328277
08:02:45,912810TZ1,TSRYS5752098,D,S,D,2024-04-04,1000000.00,4.613326,98.53125
08:02:46,912810TZ1,TSRYS5752098,D,B,C,2024-04-04,1000000.00,4.630451,98.3125
08:02:46,912810TZ1,TSRYS5752098,D,S,C,2024-04-04,1000000.00,4.630439,98.312652
08:02:46,912810TZ1,TSRYS5752098,D,S,C,2024-04-04,1000000.00,4.629226,98.328125
08:02:49,912810TZ1,TSRYS5752098,D,S,C,2024-04-04,1000000.00,4.629226,98.328125
08:02:49,912810TZ1,TSRYS5752098,D,S,D,2024-04-04,1000000.00,4.617755,98.474609375
08:02:49,912810TZ1,TSRYS5752098,D,S,D,2024-04-04,1000000.00,4.617602,98.4765625
08:02:52,912810TZ1,TSRYS5752098,D,S,D,2024-04-04,1000000.00,4.624329,98.390625
08:02:53,912810TZ1,TSRYS5752098,D,B,C,2024-04-04,1000000.00,4.621882,98.421875
08:02:53,912810TZ1,TSRYS5752098,D,S,D,2024-04-04,1000000.00,4.621872,98.422005
08:02:54,912810TZ1,TSRYS5752098,D,S,D,2024-04-04,1000000.00,4.623095,98.40638
08:02:54,912810TZ1,TSRYS5752098,D,B,C,2024-04-04,1000000.00,4.623106,98.40625
08:02:54,912810TZ1,TSRYS5752098,D,B,C,2024-04-04,1000000.00,4.623106,98.40625
08:02:54,912810TZ1,TSRYS5752098,D,S,D,2024-04-04,1000000.00,4.623095,98.40638
08:02:56,912810TZ1,TSRYS5752098,D,S,C,2024-04-04,2000000.00,4.624329,98.390625
08:02:56,912810TZ1,TSRYS5752098,D,B,C,2024-04-04,1000000.00,4.625553,98.375
08:02:56,912810TZ1,TSRYS5752098,D,S,C,2024-04-04,1000000.00,4.625537,98.3752
08:02:56,912810TZ1,TSRYS5752098,D,S,C,2024-04-04,1000000.00,4.625537,98.3752
08:02:56,912810TZ1,TSRYS5752098,D,B,C,2024-04-04,1000000.00,4.625567,98.374825
08:02:56,912810TZ1,TSRYS5752098,D,S,C,2024-04-04,1000000.00,4.625537,98.3752
08:02:56,912810TZ1,TSRYS5752098,D,B,C,2024-04-04,2000000.00,4.624329,98.390625
08:02:56,912810TZ1,TSRYS5752098,D,B,C,2024-04-04,1000000.00,4.624343,98.39045
08:02:56,912810TZ1,TSRYS5752098,D,S,C,2024-04-04,1000000.00,4.624329,98.390625
08:02:56,912810TZ1,TSRYS5752098,D,B,C,2024-04-04,1000000.00,4.625567,98.374825
08:02:56,912810TZ1,TSRYS5752098,D,S,C,2024-04-04,1000000.00,4.624329,98.390625
08:02:56,912810TZ1,TSRYS5752098,D,B,C,2024-04-04,1000000.00,4.625567,98.374825
08:02:56,912810TZ1,TSRYS5752098,D,S,D,2024-04-04,1000000.00,4.625553,98.375
08:02:56,912810TZ1,TSRYS5752098,D,S,D,2024-04-04,1000000.00,4.625553,98.375
08:02:56,912810TZ1,TSRYS5752098,D,S,C,2024-04-04,1000000.00,4.624329,98.390625
08:02:56,912810TZ1,TSRYS5752098,D,B,C,2024-04-04,1000000.00,4.625567,98.374825
08:02:56,912810TZ1,TSRYS5752098,D,S,D,2024-04-04,1000000.00,4.625553,98.375
08:02:56,912810TZ1,TSRYS5752098,D,B,C,2024-04-04,1000000.00,4.625567,98.374825
08:02:56,912810TZ1,TSRYS5752098,D,B,C,2024-04-04,1000000.00,4.624343,98.39045
08:02:56,912810TZ1,TSRYS5752098,D,S,C,2024-04-04,1000000.00,4.625553,98.375
08:02:56,912810TZ1,TSRYS5752098,D,S,D,2024-04-04,1000000.00,4.625553,98.375
08:02:56,912810TZ1,TSRYS5752098,D,S,D,2024-04-04,1000000.00,4.625553,98.375
08:02:56,912810TZ1,TSRYS5752098,D,B,C,2024-04-04,1000000.00,4.625567,98.374825
08:02:56,912810TZ1,TSRYS5752098,D,B,C,2024-04-04,1000000.00,4.625567,98.374825
08:02:56,912810TZ1,TSRYS5752098,D,S,C,2024-04-04,1000000.00,4.625553,98.375
08:02:56,912810TZ1,TSRYS5752098,D,B,C,2024-04-04,1000000.00,4.625571,98.374775
08:02:56,912810TZ1,TSRYS5752098,D,S,C,2024-04-04,1000000.00,4.625553,98.375
08:02:56,912810TZ1,TSRYS5752098,D,S,C,2024-04-04,1000000.00,4.625553,98.375
08:02:56,912810TZ1,TSRYS5752098,D,B,C,2024-04-04,1000000.00,4.625567,98.374825
08:02:56,912810TZ1,TSRYS5752098,D,B,C,2024-04-04,1000000.00,4.625571,98.374775
08:02:56,912810TZ1,TSRYS5752098,D,S,C,2024-04-04,1000000.00,4.625553,98.375
08:02:56,912810TZ1,TSRYS5752098,D,S,C,2024-04-04,1000000.00,4.625553,98.375
08:03:00,912810TZ1,TSRYS5752098,D,S,D,2024-04-04,2000000.00,4.624329,98.390625
08:03:00,912810TZ1,TSRYS5752098,D,B,C,2024-04-04,2000000.00,4.624329,98.390625
08:03:00,912810TZ1,TSRYS5752098,D,B,C,2024-04-04,1000000.00,4.624329,98.390625
08:03:00,912810TZ1,TSRYS5752098,D,S,D,2024-04-04,1000000.00,4.624329,98.390625
08:03:00,912810TZ1,TSRYS5752098,D,S,C,2024-04-04,1000000.00,4.627986,98.34395
08:03:04,912810TZ1,TSRYS5752098,D,S,D,2024-04-04,1000000.00,4.621872,98.422005
08:03:04,912810TZ1,TSRYS5752098,D,B,C,2024-04-04,1000000.00,4.621882,98.421875
08:03:04,912810TZ1,TSRYS5752098,D,B,C,2024-04-04,1000000.00,4.614547,98.515625
08:03:04,912810TZ1,TSRYS5752098,D,S,C,2024-04-04,1000000.00,4.614547,98.515625
08:03:04,912810TZ1,TSRYS5752098,D,S,C,2024-04-04,1000000.00,4.614547,98.515625
08:03:04,912810TZ1,TSRYS5752098,D,B,C,2024-04-04,1000000.00,4.614561,98.51545
08:03:04,912810TZ1,TSRYS5752098,D,S,C,2024-04-04,1000000.00,4.614547,98.515625
08:03:05,912810TZ1,TSRYS5752098,D,S,C,2024-04-04,1000000.00,4.612089,98.547075
08:03:05,912810TZ1,TSRYS5752098,D,B,C,2024-04-04,1000000.00,4.612104,98.546875
08:03:05,912810TZ1,TSRYS5752098,D,B,C,2024-04-04,1000000.00,4.613337,98.5311
08:03:05,912810TZ1,TSRYS5752098,D,S,C,2024-04-04,1000000.00,4.613326,98.53125
08:03:05,912810TZ1,TSRYS5752098,D,B,C,2024-04-04,1000000.00,4.613337,98.5311
08:03:05,912810TZ1,TSRYS5752098,D,S,C,2024-04-04,1000000.00,4.61331,98.53145
08:03:06,912810TZ1,TSRYS5752098,D,B,C,2024-04-04,1000000.00,4.614547,98.515625
08:03:06,912810TZ1,TSRYS5752098,D,S,C,2024-04-04,1000000.00,4.614547,98.515625
08:03:06,912810TZ1,TSRYS5752098,D,S,D,2024-04-04,1000000.00,4.614537,98.515755
08:03:06,912810TZ1,TSRYS5752098,D,B,C,2024-04-04,1000000.00,4.614561,98.51545
08:03:07,912810TZ1,TSRYS5752098,D,B,C,2024-04-04,1000000.00,4.620659,98.4375
08:03:07,912810TZ1,TSRYS5752098,D,S,D,2024-04-04,1000000.00,4.620659,98.4375
08:03:10,912810TZ1,TSRYS5752098,D,B,C,2024-04-04,1000000.00,4.623121,98.40605
08:03:10,912810TZ1,TSRYS5752098,D,S,C,2024-04-04,1000000.00,4.623094,98.406402
08:03:17,912810TZ1,TSRYS5752098,D,B,C,2024-04-04,1000000.00,4.631064,98.3046875
08:03:17,912810TZ1,TSRYS5752098,D,S,D,2024-04-04,1000000.00,4.631064,98.3046875
08:03:19,912810TZ1,TSRYS5752098,D,S,D,2024-04-04,1000000.00,4.6147,98.513671875
08:03:19,912810TZ1,TSRYS5752098,D,S,D,2024-04-04,1000000.00,4.6147,98.513671875
08:03:20,912810TZ1,TSRYS5752098,D,S,D,2024-04-04,1000000.00,4.615769,98.5
08:03:20,912810TZ1,TSRYS5752098,D,S,D,2024-04-04,1000000.00,4.615769,98.5
08:03:20,912810TZ1,TSRYS5752098,D,S,D,2024-04-04,1000000.00,4.615769,98.5
08:03:20,912810TZ1,TSRYS5752098,D,S,D,2024-04-04,1000000.00,4.615922,98.498046875
08:03:21,912810TZ1,TSRYS5752098,D,S,D,2024-04-04,1000000.00,4.622188,98.41796875
08:03:21,912810TZ1,TSRYS5752098,D,S,D,2024-04-04,1000000.00,4.622188,98.41796875
08:03:21,912810TZ1,TSRYS5752098,D,B,C,2024-04-04,1000000.00,4.622188,98.41796875
08:03:21,912810TZ1,TSRYS5752098,D,S,D,2024-04-04,1000000.00,4.622188,98.41796875
08:03:21,912810TZ1,TSRYS5752098,D,B,C,2024-04-04,1000000.00,4.622188,98.41796875
08:03:22,912810TZ1,TSRYS5752098,D,S,D,2024-04-04,1000000.00,4.623717,98.3984375
08:03:22,912810TZ1,TSRYS5752098,D,S,C,2024-04-04,1000000.00,4.62187,98.422025
08:03:22,912810TZ1,TSRYS5752098,D,B,C,2024-04-04,1000000.00,4.621898,98.421675
08:03:24,912810TZ1,TSRYS5752098,D,S,C,2024-04-04,1000000.00,4.618214,98.46875
08:03:24,912810TZ1,TSRYS5752098,D,B,C,2024-04-04,1000000.00,4.618214,98.46875
08:03:24,912810TZ1,TSRYS5752098,D,S,D,2024-04-04,1000000.00,4.629226,98.328125
08:03:26,912810TZ1,TSRYS5752098,D,S,C,2024-04-04,1000000.00,4.615769,98.5
08:03:26,912810TZ1,TSRYS5752098,D,B,C,2024-04-04,1000000.00,4.615769,98.5
08:03:27,912810TZ1,TSRYS5752098,D,S,C,2024-04-04,1000000.00,4.619436,98.453125
08:03:27,912810TZ1,TSRYS5752098,D,S,C,2024-04-04,1000000.00,4.619436,98.453125
08:03:30,912810TZ1,TSRYS5752098,D,S,T,2024-04-04,1000000.00,4.623717,98.3984375
08:03:31,912810TZ1,TSRYS5752098,D,S,D,2024-04-04,1000000.00,4.626777,98.359375
08:03:31,912810TZ1,TSRYS5752098,D,B,C,2024-04-04,1000000.00,4.626777,98.359375
08:03:32,912810TZ1,TSRYS5752098,D,S,C,2024-04-04,1000000.00,4.626777,98.359375
08:03:32,912810TZ1,TSRYS5752098,D,B,C,2024-04-04,1000000.00,4.626777,98.359375
08:03:33,912810TZ1,TSRYS5752098,D,B,C,2024-04-04,1000000.00,4.626793,98.359175
08:03:33,912810TZ1,TSRYS5752098,D,S,D,2024-04-04,1000000.00,4.626777,98.359375
08:03:33,912810TZ1,TSRYS5752098,D,S,T,2024-04-04,1000000.00,4.623411,98.40234375
08:03:34,912810TZ1,TSRYS5752098,D,B,C,2024-04-04,1000000.00,4.624345,98.390425
08:03:35,912810TZ1,TSRYS5752098,D,S,C,2024-04-04,1000000.00,4.624329,98.390625
08:03:37,912810TZ1,TSRYS5752098,D,S,C,2024-04-04,1000000.00,4.625553,98.375
08:03:40,912810TZ1,TSRYS5752098,D,S,C,2024-04-04,1000000.00,4.619436,98.453125
08:03:40,912810TZ1,TSRYS5752098,D,B,C,2024-04-04,1000000.00,4.619436,98.453125
08:04:23,912810TZ1,TSRYS5752098,D,S,C,2024-04-04,2000.00,4.626777,98.359375
08:04:26,912810TZ1,TSRYS5752098,D,S,D,2024-04-04,2000.00,4.626777,98.359375
08:05:26,912810TZ1,TSRYS5752098,D,S,C,2024-04-04,1000000.00,4.608731,98.59004375
08:05:27,912810TZ1,TSRYS5752098,D,S,D,2024-04-04,1000000.00,4.618214,98.46875
08:05:27,912810TZ1,TSRYS5752098,D,B,C,2024-04-04,1000000.00,4.618214,98.46875
08:05:27,912810TZ1,TSRYS5752098,D,S,D,2024-04-04,1000000.00,4.618214,98.46875
08:05:29,912810TZ1,TSRYS5752098,D,S,D,2024-04-04,1000000.00,4.624329,98.390625
08:05:29,912810TZ1,TSRYS5752098,D,S,C,2024-04-04,1000000.00,4.624329,98.390625
08:05:29,912810TZ1,TSRYS5752098,D,S,C,2024-04-04,1000000.00,4.624329,98.390625
08:05:29,912810TZ1,TSRYS5752098,D,S,D,2024-04-04,1000000.00,4.624329,98.390625
08:05:32,912810TZ1,TSRYS5752098,D,S,D,2024-04-04,1000000.00,4.630298,98.314453125
08:05:32,912810TZ1,TSRYS5752098,D,B,C,2024-04-04,1000000.00,4.630298,98.314453125
08:05:34,912810TZ1,TSRYS5752098,D,S,D,2024-04-04,1000000.00,4.630298,98.314453125
08:05:34,912810TZ1,TSRYS5752098,D,B,C,2024-04-04,1000000.00,4.630298,98.314453125
08:05:34,912810TZ1,TSRYS5752098,D,S,D,2024-04-04,1000000.00,4.630298,98.314453125
08:05:34,912810TZ1,TSRYS5752098,D,B,C,2024-04-04,1000000.00,4.630298,98.314453125
08:05:35,912810TZ1,TSRYS5752098,D,B,C,2024-04-04,1000000.00,4.630757,98.30859375
08:05:35,912810TZ1,TSRYS5752098,D,S,D,2024-04-04,1000000.00,4.630742,98.30879375
08:05:35,912810TZ1,TSRYS5752098,D,S,D,2024-04-04,1000000.00,4.630742,98.30879375
08:05:35,912810TZ1,TSRYS5752098,D,S,D,2024-04-04,1000000.00,4.630435,98.3127
08:05:35,912810TZ1,TSRYS5752098,D,S,D,2024-04-04,1000000.00,4.630435,98.3127
08:05:36,912810TZ1,TSRYS5752098,D,S,D,2024-04-04,1000000.00,4.63075,98.30869375
08:05:36,912810TZ1,TSRYS5752098,D,S,D,2024-04-04,1000000.00,4.630596,98.310646875
08:05:36,912810TZ1,TSRYS5752098,D,B,C,2024-04-04,1000000.00,4.630604,98.310546875
08:05:36,912810TZ1,TSRYS5752098,D,S,D,2024-04-04,1000000.00,4.630596,98.310646875
08:05:36,912810TZ1,TSRYS5752098,D,S,D,2024-04-04,1000000.00,4.630596,98.310646875
08:05:36,912810TZ1,TSRYS5752098,D,S,D,2024-04-04,1000000.00,4.630443,98.3126
08:05:37,912810TZ1,TSRYS5752098,D,S,D,2024-04-04,1000000.00,4.629839,98.3203125
08:05:37,912810TZ1,TSRYS5752098,D,S,C,2024-04-04,1000000.00,4.629831,98.3204125
08:05:37,912810TZ1,TSRYS5752098,D,S,D,2024-04-04,1000000.00,4.629839,98.3203125
08:05:38,912810TZ1,TSRYS5752098,D,S,D,2024-04-04,1000000.00,4.632894,98.28135
08:05:41,912810TZ1,TSRYS5752098,D,B,C,2024-04-04,1000000.00,4.627542,98.349609375
08:05:41,912810TZ1,TSRYS5752098,D,S,D,2024-04-04,1000000.00,4.627535,98.349709375
08:05:41,912810TZ1,TSRYS5752098,D,B,C,2024-04-04,1000000.00,4.627236,98.353515625
08:05:41,912810TZ1,TSRYS5752098,D,S,D,2024-04-04,1000000.00,4.627228,98.353615625
08:05:41,912810TZ1,TSRYS5752098,D,S,D,2024-04-04,1000000.00,4.627075,98.35556875
08:05:48,912810TZ1,TSRYS5752098,D,S,D,2024-04-04,1000000.00,4.624313,98.390825
08:05:49,912810TZ1,TSRYS5752098,D,S,D,2024-04-04,1000000.00,4.624313,98.390825
08:05:49,912810TZ1,TSRYS5752098,D,S,D,2024-04-04,1000000.00,4.624313,98.390825
08:05:49,912810TZ1,TSRYS5752098,D,B,C,2024-04-04,1000000.00,4.624337,98.390525
08:05:49,912810TZ1,TSRYS5752098,D,S,D,2024-04-04,1000000.00,4.624313,98.390825
08:05:49,912810TZ1,TSRYS5752098,D,B,C,2024-04-04,1000000.00,4.624337,98.390525
08:05:49,912810TZ1,TSRYS5752098,D,S,D,2024-04-04,1000000.00,4.624313,98.390825
08:05:49,912810TZ1,TSRYS5752098,D,S,D,2024-04-04,1000000.00,4.624313,98.390825
08:05:49,912810TZ1,TSRYS5752098,D,S,D,2024-04-04,1000000.00,4.624313,98.390825
08:05:49,912810TZ1,TSRYS5752098,D,B,C,2024-04-04,2000000.00,4.624176,98.392578125
08:05:49,912810TZ1,TSRYS5752098,D,S,D,2024-04-04,2000000.00,4.624161,98.392778125
08:05:49,912810TZ1,TSRYS5752098,D,S,D,2024-04-04,1000000.00,4.624161,98.392778125
08:05:49,912810TZ1,TSRYS5752098,D,S,D,2024-04-04,1000000.00,4.623855,98.396684375
08:05:49,912810TZ1,TSRYS5752098,D,S,D,2024-04-04,1000000.00,4.623702,98.3986375
08:05:49,912810TZ1,TSRYS5752098,D,S,D,2024-04-04,1000000.00,4.623549,98.400590625
08:05:49,912810TZ1,TSRYS5752098,D,B,C,2024-04-04,1000000.00,4.623572,98.400290625
08:05:49,912810TZ1,TSRYS5752098,D,S,D,2024-04-04,1000000.00,4.623549,98.400590625
08:05:49,912810TZ1,TSRYS5752098,D,S,D,2024-04-04,1000000.00,4.623396,98.40254375
08:05:49,912810TZ1,TSRYS5752098,D,S,D,2024-04-04,1000000.00,4.623243,98.404496875
08:05:49,912810TZ1,TSRYS5752098,D,B,C,2024-04-04,1000000.00,4.623258,98.404296875
08:05:49,912810TZ1,TSRYS5752098,D,S,D,2024-04-04,1000000.00,4.623243,98.404496875
08:05:49,912810TZ1,TSRYS5752098,D,B,C,2024-04-04,1000000.00,4.623258,98.404296875
08:05:49,912810TZ1,TSRYS5752098,D,S,D,2024-04-04,1000000.00,4.623243,98.404496875
08:05:49,912810TZ1,TSRYS5752098,D,S,D,2024-04-04,1000000.00,4.623243,98.404496875
08:05:49,912810TZ1,TSRYS5752098,D,S,D,2024-04-04,1000000.00,4.623243,98.404496875
08:05:49,912810TZ1,TSRYS5752098,D,B,C,2024-04-04,1000000.00,4.623258,98.404296875
08:05:50,912810TZ1,TSRYS5752098,D,S,D,2024-04-04,1000000.00,4.623396,98.40254375
08:05:50,912810TZ1,TSRYS5752098,D,B,C,2024-04-04,1000000.00,4.623411,98.40234375
08:05:50,912810TZ1,TSRYS5752098,D,S,D,2024-04-04,1000000.00,4.623396,98.40254375
08:05:50,912810TZ1,TSRYS5752098,D,B,C,2024-04-04,1000000.00,4.623411,98.40234375
08:05:50,912810TZ1,TSRYS5752098,D,S,D,2024-04-04,1000000.00,4.623396,98.40254375
08:05:50,912810TZ1,TSRYS5752098,D,S,D,2024-04-04,1000000.00,4.623396,98.40254375
08:05:50,912810TZ1,TSRYS5752098,D,S,D,2024-04-04,1000000.00,4.623396,98.40254375
08:05:50,912810TZ1,TSRYS5752098,D,S,D,2024-04-04,1000000.00,4.623396,98.40254375
08:05:50,912810TZ1,TSRYS5752098,D,B,C,2024-04-04,2000000.00,4.623411,98.40234375
08:05:50,912810TZ1,TSRYS5752098,D,S,D,2024-04-04,1000000.00,4.623396,98.40254375
08:05:50,912810TZ1,TSRYS5752098,D,S,D,2024-04-04,1000000.00,4.623396,98.40254375
08:05:50,912810TZ1,TSRYS5752098,D,B,C,2024-04-04,1000000.00,4.623419,98.40224375
08:05:50,912810TZ1,TSRYS5752098,D,S,D,2024-04-04,1000000.00,4.623396,98.40254375
08:05:50,912810TZ1,TSRYS5752098,D,S,D,2024-04-04,1000000.00,4.625384,98.377153125
08:05:50,912810TZ1,TSRYS5752098,D,B,C,2024-04-04,1000000.00,4.624482,98.388671875
08:05:50,912810TZ1,TSRYS5752098,D,S,D,2024-04-04,1000000.00,4.624466,98.388871875
08:05:50,912810TZ1,TSRYS5752098,D,B,C,2024-04-04,1000000.00,4.624482,98.388671875
08:05:50,912810TZ1,TSRYS5752098,D,S,D,2024-04-04,1000000.00,4.624466,98.388871875
08:05:50,912810TZ1,TSRYS5752098,D,S,D,2024-04-04,1000000.00,4.624313,98.390825
08:05:50,912810TZ1,TSRYS5752098,D,B,C,2024-04-04,1000000.00,4.624192,98.392378125
08:05:50,912810TZ1,TSRYS5752098,D,S,D,2024-04-04,1000000.00,4.624161,98.392778125
08:05:50,912810TZ1,TSRYS5752098,D,S,D,2024-04-04,1000000.00,4.624008,98.39473125
08:05:50,912810TZ1,TSRYS5752098,D,S,D,2024-04-04,1000000.00,4.623396,98.40254375
08:05:50,912810TZ1,TSRYS5752098,D,S,D,2024-04-04,1000000.00,4.623396,98.40254375
08:05:50,912810TZ1,TSRYS5752098,D,S,D,2024-04-04,1000000.00,4.623396,98.40254375
08:05:50,912810TZ1,TSRYS5752098,D,B,C,2024-04-04,1000000.00,4.623411,98.40234375
08:05:50,912810TZ1,TSRYS5752098,D,S,D,2024-04-04,1000000.00,4.623396,98.40254375
08:05:50,912810TZ1,TSRYS5752098,D,S,D,2024-04-04,1000000.00,4.623396,98.40254375
08:05:50,912810TZ1,TSRYS5752098,D,B,C,2024-04-04,2000000.00,4.623411,98.40234375
08:05:50,912810TZ1,TSRYS5752098,D,S,D,2024-04-04,1000000.00,4.624313,98.390825
08:05:50,912810TZ1,TSRYS5752098,D,S,D,2024-04-04,1000000.00,4.624313,98.390825
08:05:50,912810TZ1,TSRYS5752098,D,B,C,2024-04-04,1000000.00,4.624329,98.390625
08:05:50,912810TZ1,TSRYS5752098,D,S,D,2024-04-04,1000000.00,4.624313,98.390825
08:05:50,912810TZ1,TSRYS5752098,D,S,D,2024-04-04,1000000.00,4.624313,98.390825
08:05:50,912810TZ1,TSRYS5752098,D,B,C,2024-04-04,2000000.00,4.624329,98.390625
08:05:50,912810TZ1,TSRYS5752098,D,S,D,2024-04-04,1000000.00,4.624313,98.390825
08:05:50,912810TZ1,TSRYS5752098,D,S,D,2024-04-04,1000000.00,4.624313,98.390825
08:05:50,912810TZ1,TSRYS5752098,D,S,D,2024-04-04,1000000.00,4.624313,98.390825
08:05:50,912810TZ1,TSRYS5752098,D,S,D,2024-04-04,1000000.00,4.624313,98.390825
08:05:50,912810TZ1,TSRYS5752098,D,S,D,2024-04-04,1000000.00,4.624313,98.390825
08:05:50,912810TZ1,TSRYS5752098,D,B,C,2024-04-04,2000000.00,4.624329,98.390625
08:05:50,912810TZ1,TSRYS5752098,D,S,D,2024-04-04,1000000.00,4.624313,98.390825
08:05:51,912810TZ1,TSRYS5752098,D,S,D,2024-04-04,42000.00,4.626807,98.359
08:05:55,912810TZ1,TSRYS5752098,D,B,C,2024-04-04,1000000.00,4.624643,98.38661875
08:05:55,912810TZ1,TSRYS5752098,D,S,C,2024-04-04,1000000.00,4.624627,98.38681875
08:05:56,912810TZ1,TSRYS5752098,D,B,C,2024-04-04,1000000.00,4.621278,98.4295875
08:05:56,912810TZ1,TSRYS5752098,D,S,C,2024-04-04,1000000.00,4.621263,98.4297875
08:05:58,912810TZ1,TSRYS5752098,D,B,C,2024-04-04,1000000.00,4.61486,98.51161875
08:05:58,912810TZ1,TSRYS5752098,D,S,C,2024-04-04,1000000.00,4.614845,98.51181875
08:05:59,912810TZ1,TSRYS5752098,D,S,D,2024-04-04,1000000.00,4.61331,98.53145
08:06:04,912810TZ1,TSRYS5752098,D,S,D,2024-04-04,42000.00,4.626807,98.359
08:06:04,912810TZ1,TSRYS5752098,D,S,C,2024-04-04,42000.00,4.626807,98.359
08:06:06,912810TZ1,TSRYS5752098,D,S,D,2024-04-04,1000000.00,4.621882,98.421875
08:06:07,912810TZ1,TSRYS5752098,D,S,D,2024-04-04,1000000.00,4.626165,98.3671875
08:06:09,912810TZ1,TSRYS5752098,D,S,D,2024-04-04,1000000.00,4.623106,98.40625
08:06:09,912810TZ1,TSRYS5752098,D,S,D,2024-04-04,1000000.00,4.621882,98.421875
08:06:10,912810TZ1,TSRYS5752098,D,B,C,2024-04-04,1547000.00,4.630757,98.30859375
08:06:10,912810TZ1,TSRYS5752098,D,S,D,2024-04-04,1000000.00,4.621882,98.421875
08:06:10,912810TZ1,TSRYS5752098,D,S,D,2024-04-04,1000000.00,4.621882,98.421875
08:06:10,912810TZ1,TSRYS5752098,D,S,D,2024-04-04,1000000.00,4.621882,98.421875
08:06:10,912810TZ1,TSRYS5752098,D,S,D,2024-04-04,1000000.00,4.621882,98.421875
08:06:10,912810TZ1,TSRYS5752098,D,S,D,2024-04-04,1000000.00,4.621882,98.421875
08:06:11,912810TZ1,TSRYS5752098,D,S,D,2024-04-04,1000000.00,4.621882,98.421875
08:06:11,912810TZ1,TSRYS5752098,D,S,D,2024-04-04,1000000.00,4.615769,98.5
08:06:11,912810TZ1,TSRYS5752098,D,S,D,2024-04-04,1000000.00,4.614547,98.515625
08:06:12,912810TZ1,TSRYS5752098,D,S,C,2024-04-04,1000000.00,4.611494,98.5546875
08:06:12,912810TZ1,TSRYS5752098,D,S,C,2024-04-04,1000000.00,4.611494,98.5546875
08:06:12,912810TZ1,TSRYS5752098,D,S,D,2024-04-04,1000000.00,4.613326,98.53125
08:06:12,912810TZ1,TSRYS5752098,D,S,C,2024-04-04,1000000.00,4.613326,98.53125
08:06:12,912810TZ1,TSRYS5752098,D,B,C,2024-04-04,1000000.00,4.613326,98.53125
08:06:12,912810TZ1,TSRYS5752098,D,S,C,2024-04-04,1000000.00,4.613318,98.53135
08:06:12,912810TZ1,TSRYS5752098,D,S,C,2024-04-04,1000000.00,4.613326,98.53125
08:06:17,912810TZ1,TSRYS5752098,D,S,D,2024-04-04,1000000.00,4.627389,98.3515625
08:06:20,912810TZ1,TSRYS5752098,D,S,D,2024-04-04,1000000.00,4.627389,98.3515625
08:06:20,912810TZ1,TSRYS5752098,D,S,D,2024-04-04,1000000.00,4.624329,98.390625
08:06:25,912810TZ1,TSRYS5752098,D,S,D,2024-04-04,1000000.00,4.620048,98.4453125
08:06:26,912810TZ1,TSRYS5752098,D,S,D,2024-04-04,1000000.00,4.621423,98.427734375
08:06:26,912810TZ1,TSRYS5752098,D,B,C,2024-04-04,1000000.00,4.621435,98.427584375
08:06:33,912810TZ1,TSRYS5752098,D,B,C,2024-04-04,1000000.00,4.631983,98.29296875
08:06:33,912810TZ1,TSRYS5752098,D,S,D,2024-04-04,1000000.00,4.631983,98.29296875
08:08:03,912810TZ1,TSRYS5752098,D,S,C,2024-04-04,1000000.00,4.629211,98.328325
08:08:03,912810TZ1,TSRYS5752098,D,B,C,2024-04-04,1000000.00,4.629226,98.328125
08:10:03,912810TZ1,TSRYS5752098,D,S,C,2024-04-04,1000000.00,4.63137,98.30078125
08:10:03,912810TZ1,TSRYS5752098,D,B,C,2024-04-04,1000000.00,4.63137,98.30078125
08:10:42,912810TZ1,TSRYS5752098,D,B,C,2024-04-04,5430000.00,4.630451,98.3125
08:10:58,912810TZ1,TSRYS5752098,D,B,A,2024-04-04,6315000.00,4.632933,98.28085
08:11:28,912810TZ1,TSRYS5752098,D,S,D,2024-04-04,350000.00,4.631983,98.29296875
08:11:28,912810TZ1,TSRYS5752098,D,S,D,2024-04-04,350000.00,4.631893,98.294111607
08:13:44,912810TZ1,TSRYS5752098,D,S,D,2024-04-04,1000000.00,4.632136,98.291015625
08:13:44,912810TZ1,TSRYS5752098,D,B,C,2024-04-04,1000000.00,4.632148,98.290865625
08:14:22,912810TZ1,TSRYS5752098,D,B,C,2024-04-04,1000000.00,4.631676,98.296875
08:14:22,912810TZ1,TSRYS5752098,D,S,D,2024-04-04,1000000.00,4.631666,98.297005
08:14:53,912810TZ1,TSRYS5752098,D,S,D,2024-04-04,230000.00,4.629226,98.328125
08:15:00,912810TZ1,TSRYS5752098,D,S,D,2024-04-04,230000.00,4.629226,98.328125
08:17:23,912810TZ1,TSRYS5752098,D,S,T,2024-04-04,1000000.00,4.632289,98.2890625
08:17:26,912810TZ1,TSRYS5752098,D,S,D,2024-04-04,1000000.00,4.632289,98.2890625
08:18:12,912810TZ1,TSRYS5752098,D,B,A,2024-04-04,31400.00,4.632366,98.2880859375
08:20:39,912810TZ1,TSRYS5752098,D,B,C,2024-04-04,1000000.00,4.635966,98.2421875
08:20:39,912810TZ1,TSRYS5752098,D,S,D,2024-04-04,1000000.00,4.635966,98.2421875
08:21:11,912810TZ1,TSRYS5752098,D,S,D,2024-04-04,1000000.00,4.632289,98.2890625
08:21:11,912810TZ1,TSRYS5752098,D,B,C,2024-04-04,1000000.00,4.632289,98.2890625
08:24:01,912810TZ1,TSRYS5752098,D,S,T,2024-04-04,1000000.00,4.63474,98.2578125
08:24:01,912810TZ1,TSRYS5752098,D,S,D,2024-04-04,1000000.00,4.634731,98.2579375
08:24:01,912810TZ1,TSRYS5752098,D,B,C,2024-04-04,1000000.00,4.63474,98.2578125
08:24:02,912810TZ1,TSRYS5752098,D,S,D,2024-04-04,1000000.00,4.634731,98.2579375
08:24:02,912810TZ1,TSRYS5752098,D,B,C,2024-04-04,1000000.00,4.63474,98.2578125
08:24:02,912810TZ1,TSRYS5752098,D,S,D,2024-04-04,1000000.00,4.634731,98.2579375
08:25:43,912810TZ1,TSRYS5752098,D,S,D,2024-04-04,1000000.00,4.635353,98.25
08:25:43,912810TZ1,TSRYS5752098,D,B,C,2024-04-04,1000000.00,4.635365,98.24985
08:25:48,912810TZ1,TSRYS5752098,D,S,T,2024-04-04,1000000.00,4.634127,98.265625
08:26:11,912810TZ1,TSRYS5752098,D,S,D,2024-04-04,1000000.00,4.634114,98.265802
08:26:27,912810TZ1,TSRYS5752098,D,S,A,2024-04-04,100000.00,4.638419,98.2109375
08:26:27,912810TZ1,TSRYS5752098,D,S,C,2024-04-04,1400000.00,4.634127,98.265625
08:26:39,912810TZ1,TSRYS5752098,D,S,D,2024-04-04,1000000.00,4.63658,98.234375
08:26:39,912810TZ1,TSRYS5752098,D,S,D,2024-04-04,1000000.00,4.63658,98.234375
08:26:39,912810TZ1,TSRYS5752098,D,S,T,2024-04-04,1000000.00,4.63658,98.234375
08:26:40,912810TZ1,TSRYS5752098,D,S,T,2024-04-04,1000000.00,4.63658,98.234375
08:26:44,912810TZ1,TSRYS5752098,D,S,D,2024-04-04,1000000.00,4.63658,98.234375
08:26:47,912810TZ1,TSRYS5752098,D,S,T,2024-04-04,1000000.00,4.635353,98.25
08:26:50,912810TZ1,TSRYS5752098,D,S,T,2024-04-04,1000000.00,4.63658,98.234375
08:26:50,912810TZ1,TSRYS5752098,D,S,T,2024-04-04,1000000.00,4.63658,98.234375
08:27:05,912810TZ1,TSRYS5752098,D,S,T,2024-04-04,1000000.00,4.635353,98.25
08:27:05,912810TZ1,TSRYS5752098,D,S,T,2024-04-04,1000000.00,4.635353,98.25
08:27:07,912810TZ1,TSRYS5752098,D,S,T,2024-04-04,1000000.00,4.635353,98.25
08:27:12,912810TZ1,TSRYS5752098,D,S,D,2024-04-04,1000000.00,4.63658,98.234375
08:27:12,912810TZ1,TSRYS5752098,D,S,C,2024-04-04,1000000.00,4.636572,98.234475
08:27:12,912810TZ1,TSRYS5752098,D,S,D,2024-04-04,1000000.00,4.63658,98.234375
08:27:24,912810TZ1,TSRYS5752098,D,S,D,2024-04-04,1000000.00,4.635353,98.25
08:27:42,912810TZ1,TSRYS5752098,D,S,D,2024-04-04,1000000.00,4.635353,98.25
08:27:42,912810TZ1,TSRYS5752098,D,S,D,2024-04-04,1000000.00,4.635353,98.25
08:27:42,912810TZ1,TSRYS5752098,D,S,C,2024-04-04,1000000.00,4.63534,98.250175
08:29:56,912810TZ1,TSRYS5752098,D,S,T,2024-04-04,1000000.00,4.639033,98.203125
08:29:56,912810TZ1,TSRYS5752098,D,S,T,2024-04-04,1000000.00,4.639033,98.203125
08:29:56,912810TZ1,TSRYS5752098,D,S,T,2024-04-04,1000000.00,4.639033,98.203125
08:29:57,912810TZ1,TSRYS5752098,D,S,T,2024-04-04,1000000.00,4.637806,98.21875
08:30:00,912810TZ1,TSRYS5752098,D,S,T,2024-04-04,1000000.00,4.64026,98.1875
08:30:00,912810TZ1,TSRYS5752098,D,S,T,2024-04-04,1000000.00,4.637806,98.21875
08:30:00,912810TZ1,TSRYS5752098,D,S,C,2024-04-04,1000000.00,4.633361,98.275390625
08:30:00,912810TZ1,TSRYS5752098,D,B,C,2024-04-04,1000000.00,4.633377,98.275190625
08:30:02,912810TZ1,TSRYS5752098,D,S,T,2024-04-04,1000000.00,4.639033,98.203125
08:30:02,912810TZ1,TSRYS5752098,D,S,T,2024-04-04,1000000.00,4.632902,98.28125
08:30:02,912810TZ1,TSRYS5752098,D,S,T,2024-04-04,1000000.00,4.632902,98.28125
08:30:13,912810TZ1,TSRYS5752098,D,B,C,2024-04-04,10000000.00,4.625859,98.37109375
08:30:26,912810TZ1,TSRYS5752098,D,B,C,2024-04-04,1000000.00,4.63658,98.234375
08:30:26,912810TZ1,TSRYS5752098,D,S,D,2024-04-04,1000000.00,4.63658,98.234375
08:30:28,912810TZ1,TSRYS5752098,D,S,C,2024-04-04,1000000.00,4.639019,98.2033
08:30:36,912810TZ1,TSRYS5752098,D,S,T,2024-04-04,1000000.00,4.629226,98.328125
08:30:42,912810TZ1,TSRYS5752098,D,S,C,2024-04-04,1000000.00,4.639019,98.2033
08:30:42,912810TZ1,TSRYS5752098,D,S,C,2024-04-04,1000000.00,4.639019,98.2033
08:30:42,912810TZ1,TSRYS5752098,D,S,C,2024-04-04,1000000.00,4.639019,98.2033
08:30:42,912810TZ1,TSRYS5752098,D,S,C,2024-04-04,1000000.00,4.637792,98.218925
08:30:42,912810TZ1,TSRYS5752098,D,S,C,2024-04-04,1000000.00,4.640246,98.187675
08:30:42,912810TZ1,TSRYS5752098,D,S,C,2024-04-04,1000000.00,4.637792,98.218925
08:30:42,912810TZ1,TSRYS5752098,D,S,C,2024-04-04,1000000.00,4.632888,98.281425
08:30:42,912810TZ1,TSRYS5752098,D,S,C,2024-04-04,1000000.00,4.632888,98.281425
08:30:43,912810TZ1,TSRYS5752098,D,B,C,2024-04-04,1000000.00,4.630451,98.3125
08:30:43,912810TZ1,TSRYS5752098,D,S,C,2024-04-04,1000000.00,4.630451,98.3125
08:31:09,912810TZ1,TSRYS5752098,D,S,D,2024-04-04,890000.00,4.637193,98.2265625
08:31:11,912810TZ1,TSRYS5752098,D,B,C,2024-04-04,1000000.00,4.629226,98.328125
08:31:11,912810TZ1,TSRYS5752098,D,S,C,2024-04-04,1000000.00,4.629213,98.3283
08:31:11,912810TZ1,TSRYS5752098,D,B,C,2024-04-04,1000000.00,4.632902,98.28125
08:31:11,912810TZ1,TSRYS5752098,D,S,C,2024-04-04,1000000.00,4.632902,98.28125
08:31:29,912810TZ1,TSRYS5752098,D,B,C,2024-04-04,1000000.00,4.629226,98.328125
08:31:29,912810TZ1,TSRYS5752098,D,S,C,2024-04-04,1000000.00,4.629213,98.3283
08:31:34,912810TZ1,TSRYS5752098,D,S,D,2024-04-04,890000.00,4.63566,98.24609375
08:31:43,912810TZ1,TSRYS5752098,D,S,D,2024-04-04,565000.00,4.64517,98.125
08:31:43,912810TZ1,TSRYS5752098,D,S,D,2024-04-04,40000.00,4.642101,98.164062
08:31:43,912810TZ1,TSRYS5752098,D,S,D,2024-04-04,30000.00,4.64517,98.125
08:31:44,912810TZ1,TSRYS5752098,D,S,C,2024-04-04,1000000.00,4.629226,98.328125
08:31:47,912810TZ1,TSRYS5752098,D,S,D,2024-04-04,40000.00,4.64026,98.1875
08:31:48,912810TZ1,TSRYS5752098,D,S,D,2024-04-04,565000.00,4.64517,98.125
08:31:56,912810TZ1,TSRYS5752098,D,S,D,2024-04-04,30000.00,4.64517,98.125
08:32:01,912810TZ1,TSRYS5752098,D,S,D,2024-04-04,1000000.00,4.639033,98.203125
08:32:03,912810TZ1,TSRYS5752098,D,S,T,2024-04-04,1000000.00,4.639033,98.203125
08:32:03,912810TZ1,TSRYS5752098,D,S,T,2024-04-04,1000000.00,4.639033,98.203125
08:32:03,912810TZ1,TSRYS5752098,D,S,T,2024-04-04,2000000.00,4.639033,98.203125
08:32:55,912810TZ1,TSRYS5752098,D,S,C,2024-04-04,1410000.00,4.64243,98.16015625
08:33:00,912810TZ1,TSRYS5752098,D,S,D,2024-04-04,1000000.00,4.639033,98.203125
08:33:00,912810TZ1,TSRYS5752098,D,S,D,2024-04-04,2000000.00,4.639033,98.203125
08:33:22,912810TZ1,TSRYS5752098,D,S,C,2024-04-04,1000000.00,4.637653,98.220703125
08:33:22,912810TZ1,TSRYS5752098,D,B,C,2024-04-04,1000000.00,4.637664,98.220553125
08:33:23,912810TZ1,TSRYS5752098,D,S,T,2024-04-04,2000000.00,4.635353,98.25
08:34:09,912810TZ1,TSRYS5752098,D,S,C,2024-04-04,1000000.00,4.635353,98.25
08:34:14,912810TZ1,TSRYS5752098,D,S,C,2024-04-04,1000000.00,4.635507,98.248046875
08:34:14,912810TZ1,TSRYS5752098,D,S,D,2024-04-04,1000000.00,4.635507,98.248046875
08:34:14,912810TZ1,TSRYS5752098,D,S,D,2024-04-04,2000000.00,4.635353,98.25
08:34:38,912810TZ1,TSRYS5752098,D,S,T,2024-04-04,2000000.00,4.634127,98.265625
08:34:38,912810TZ1,TSRYS5752098,D,S,D,2024-04-04,1000000.00,4.635507,98.24804687
08:34:38,912810TZ1,TSRYS5752098,D,S,D,2024-04-04,1000000.00,4.635353,98.25
08:34:38,912810TZ1,TSRYS5752098,D,S,D,2024-04-04,1000000.00,4.635353,98.25
08:34:39,912810TZ1,TSRYS5752098,D,S,D,2024-04-04,1000000.00,4.635507,98.24804687
08:34:47,912810TZ1,TSRYS5752098,D,S,C,2024-04-04,1000000.00,4.635507,98.24804687
08:34:51,912810TZ1,TSRYS5752098,D,S,D,2024-04-04,1000000.00,4.630604,98.310546875
08:34:52,912810TZ1,TSRYS5752098,D,S,T,2024-04-04,1000000.00,4.630604,98.310546875
08:34:53,912810TZ1,TSRYS5752098,D,S,D,2024-04-04,1000000.00,4.635353,98.25
08:34:53,912810TZ1,TSRYS5752098,D,S,T,2024-04-04,1000000.00,4.635507,98.24804687
08:34:53,912810TZ1,TSRYS5752098,D,S,T,2024-04-04,1000000.00,4.635507,98.24804687
08:35:02,912810TZ1,TSRYS5752098,D,S,D,2024-04-04,1000000.00,4.630757,98.30859375
08:35:02,912810TZ1,TSRYS5752098,D,S,D,2024-04-04,1000000.00,4.630757,98.30859375
08:35:02,912810TZ1,TSRYS5752098,D,S,D,2024-04-04,1000000.00,4.630757,98.30859375
08:35:06,912810TZ1,TSRYS5752098,D,S,D,2024-04-04,1000000.00,4.632902,98.28125
08:35:06,912810TZ1,TSRYS5752098,D,S,D,2024-04-04,1000000.00,4.633208,98.27734375
08:35:09,912810TZ1,TSRYS5752098,D,S,D,2024-04-04,1000000.00,4.631676,98.296875
08:35:09,912810TZ1,TSRYS5752098,D,S,D,2024-04-04,1000000.00,4.631676,98.296875
08:35:10,912810TZ1,TSRYS5752098,D,S,D,2024-04-04,1000000.00,4.631676,98.296875
08:35:10,912810TZ1,TSRYS5752098,D,S,T,2024-04-04,1000000.00,4.631829,98.294921875
08:35:10,912810TZ1,TSRYS5752098,D,S,D,2024-04-04,1000000.00,4.631676,98.296875
08:35:11,912810TZ1,TSRYS5752098,D,S,T,2024-04-04,1000000.00,4.631676,98.296875
08:35:12,912810TZ1,TSRYS5752098,D,S,T,2024-04-04,1000000.00,4.631676,98.296875
08:35:12,912810TZ1,TSRYS5752098,D,S,T,2024-04-04,1000000.00,4.631676,98.296875
08:35:12,912810TZ1,TSRYS5752098,D,S,T,2024-04-04,1000000.00,4.631676,98.296875
08:35:12,912810TZ1,TSRYS5752098,D,S,T,2024-04-04,1000000.00,4.631676,98.296875
08:35:13,912810TZ1,TSRYS5752098,D,S,T,2024-04-04,1000000.00,4.631676,98.296875
08:35:13,912810TZ1,TSRYS5752098,D,S,T,2024-04-04,1000000.00,4.631676,98.296875
08:35:13,912810TZ1,TSRYS5752098,D,S,T,2024-04-04,1000000.00,4.631676,98.296875
08:35:14,912810TZ1,TSRYS5752098,D,S,T,2024-04-04,1000000.00,4.631676,98.296875
08:35:14,912810TZ1,TSRYS5752098,D,S,D,2024-04-04,1000000.00,4.631829,98.294921875
08:35:14,912810TZ1,TSRYS5752098,D,S,T,2024-04-04,1000000.00,4.631676,98.296875
08:35:15,912810TZ1,TSRYS5752098,D,S,D,2024-04-04,2000000.00,4.634127,98.265625
08:35:15,912810TZ1,TSRYS5752098,D,B,C,2024-04-04,1000000.00,4.634127,98.265625
08:35:15,912810TZ1,TSRYS5752098,D,S,C,2024-04-04,1000000.00,4.634127,98.265625
08:35:22,912810TZ1,TSRYS5752098,D,S,D,2024-04-04,2000000.00,4.630451,98.3125
08:35:22,912810TZ1,TSRYS5752098,D,S,D,2024-04-04,1000000.00,4.630451,98.3125
08:35:23,912810TZ1,TSRYS5752098,D,S,D,2024-04-04,2000000.00,4.630451,98.3125
08:35:25,912810TZ1,TSRYS5752098,D,S,D,2024-04-04,1000000.00,4.630451,98.3125
08:35:25,912810TZ1,TSRYS5752098,D,S,D,2024-04-04,1000000.00,4.630451,98.3125
08:35:27,912810TZ1,TSRYS5752098,D,S,D,2024-04-04,2000000.00,4.630604,98.310546875
08:35:32,912810TZ1,TSRYS5752098,D,S,T,2024-04-04,2000000.00,4.630604,98.310546875
08:35:32,912810TZ1,TSRYS5752098,D,S,D,2024-04-04,2000000.00,4.630451,98.3125
08:35:33,912810TZ1,TSRYS5752098,D,S,D,2024-04-04,1000000.00,4.631676,98.296875
08:35:47,912810TZ1,TSRYS5752098,D,S,D,2024-04-04,1000000.00,4.630145,98.31640625
08:35:48,912810TZ1,TSRYS5752098,D,S,D,2024-04-04,1000000.00,4.631676,98.296875
08:35:48,912810TZ1,TSRYS5752098,D,S,C,2024-04-04,1000000.00,4.631676,98.296875
08:35:48,912810TZ1,TSRYS5752098,D,S,C,2024-04-04,1000000.00,4.631659,98.2971
08:35:48,912810TZ1,TSRYS5752098,D,S,C,2024-04-04,1000000.00,4.631668,98.296975
08:35:53,912810TZ1,TSRYS5752098,D,S,T,2024-04-04,1000000.00,4.630145,98.31640625
08:35:55,912810TZ1,TSRYS5752098,D,S,T,2024-04-04,1000000.00,4.629226,98.328125
08:36:00,912810TZ1,TSRYS5752098,D,S,C,2024-04-04,1000000.00,4.631676,98.296875
08:36:00,912810TZ1,TSRYS5752098,D,B,C,2024-04-04,1000000.00,4.631692,98.296675
08:36:00,912810TZ1,TSRYS5752098,D,S,C,2024-04-04,1000000.00,4.631676,98.296875
08:36:00,912810TZ1,TSRYS5752098,D,S,C,2024-04-04,1000000.00,4.631676,98.296875
08:36:00,912810TZ1,TSRYS5752098,D,S,C,2024-04-04,1000000.00,4.631676,98.296875
08:36:00,912810TZ1,TSRYS5752098,D,S,C,2024-04-04,1000000.00,4.631661,98.297075
08:36:00,912810TZ1,TSRYS5752098,D,S,D,2024-04-04,1000000.00,4.631661,98.297075
08:36:00,912810TZ1,TSRYS5752098,D,S,D,2024-04-04,1000000.00,4.631661,98.297075
08:36:19,912810TZ1,TSRYS5752098,D,B,C,2024-04-04,1000000.00,4.628002,98.34375
08:36:20,912810TZ1,TSRYS5752098,D,S,D,2024-04-04,1000000.00,4.628002,98.34375
08:36:24,912810TZ1,TSRYS5752098,D,S,C,2024-04-04,1000000.00,4.627695,98.34765625
08:36:24,912810TZ1,TSRYS5752098,D,B,C,2024-04-04,1000000.00,4.627695,98.34765625
08:36:33,912810TZ1,TSRYS5752098,D,B,C,2024-04-04,1000000.00,4.630463,98.31235
08:36:33,912810TZ1,TSRYS5752098,D,S,C,2024-04-04,1000000.00,4.630437,98.312675
08:36:33,912810TZ1,TSRYS5752098,D,B,C,2024-04-04,1000000.00,4.630463,98.31235
08:36:33,912810TZ1,TSRYS5752098,D,S,C,2024-04-04,1000000.00,4.630451,98.3125
08:36:47,912810TZ1,TSRYS5752098,D,S,D,2024-04-04,1000000.00,4.629226,98.328125
08:37:20,912810TZ1,TSRYS5752098,D,B,C,2024-04-04,1000000.00,4.626793,98.359175
08:37:20,912810TZ1,TSRYS5752098,D,S,C,2024-04-04,1000000.00,4.626777,98.359375
08:37:20,912810TZ1,TSRYS5752098,D,B,C,2024-04-04,1000000.00,4.626793,98.359175
08:37:20,912810TZ1,TSRYS5752098,D,S,C,2024-04-04,1000000.00,4.626763,98.35955
08:37:35,912810TZ1,TSRYS5752098,D,S,T,2024-04-04,1000000.00,4.629226,98.328125
08:37:37,912810TZ1,TSRYS5752098,D,S,T,2024-04-04,1000000.00,4.629226,98.328125
08:37:39,912810TZ1,TSRYS5752098,D,S,T,2024-04-04,1000000.00,4.629073,98.330078125
08:37:43,912810TZ1,TSRYS5752098,D,S,C,2024-04-04,1000000.00,4.629226,98.328125
08:37:43,912810TZ1,TSRYS5752098,D,S,C,2024-04-04,1000000.00,4.629073,98.330078125
08:37:45,912810TZ1,TSRYS5752098,D,S,T,2024-04-04,1000000.00,4.629226,98.328125
08:37:48,912810TZ1,TSRYS5752098,D,S,T,2024-04-04,1000000.00,4.629226,98.328125
08:37:48,912810TZ1,TSRYS5752098,D,S,T,2024-04-04,1000000.00,4.629226,98.328125
08:37:48,912810TZ1,TSRYS5752098,D,S,T,2024-04-04,1000000.00,4.629226,98.328125
08:37:48,912810TZ1,TSRYS5752098,D,S,T,2024-04-04,1000000.00,4.629226,98.328125
08:37:48,912810TZ1,TSRYS5752098,D,S,T,2024-04-04,1000000.00,4.629226,98.328125
08:38:00,912810TZ1,TSRYS5752098,D,S,D,2024-04-04,15000000.00,4.630904,98.30673
08:38:02,912810TZ1,TSRYS5752098,D,S,T,2024-04-04,1000000.00,4.628002,98.34375
08:38:05,912810TZ1,TSRYS5752098,D,S,C,2024-04-04,1000000.00,4.629371,98.326271875
08:38:05,912810TZ1,TSRYS5752098,D,B,C,2024-04-04,1000000.00,4.629379,98.326171875
08:38:06,912810TZ1,TSRYS5752098,D,S,T,2024-04-04,1000000.00,4.628002,98.34375
08:38:08,912810TZ1,TSRYS5752098,D,S,T,2024-04-04,1000000.00,4.628002,98.34375
08:38:11,912810TZ1,TSRYS5752098,D,S,T,2024-04-04,1000000.00,4.628002,98.34375
08:38:15,912810TZ1,TSRYS5752098,D,S,D,2024-04-04,1000000.00,4.627083,98.35546875
08:38:15,912810TZ1,TSRYS5752098,D,S,C,2024-04-04,1000000.00,4.627083,98.35546875
08:38:19,912810TZ1,TSRYS5752098,D,S,C,2024-04-04,1000000.00,4.629226,98.328125
08:38:19,912810TZ1,TSRYS5752098,D,B,C,2024-04-04,1000000.00,4.629226,98.328125
08:38:19,912810TZ1,TSRYS5752098,D,S,C,2024-04-04,1000000.00,4.629226,98.328125
08:38:19,912810TZ1,TSRYS5752098,D,S,C,2024-04-04,1000000.00,4.629226,98.328125
08:38:19,912810TZ1,TSRYS5752098,D,S,C,2024-04-04,1000000.00,4.629226,98.328125
08:38:19,912810TZ1,TSRYS5752098,D,S,C,2024-04-04,1000000.00,4.629226,98.328125
08:38:19,912810TZ1,TSRYS5752098,D,B,C,2024-04-04,1000000.00,4.629238,98.327975
08:38:19,912810TZ1,TSRYS5752098,D,B,C,2024-04-04,1000000.00,4.629226,98.328125
08:38:19,912810TZ1,TSRYS5752098,D,S,C,2024-04-04,1000000.00,4.629226,98.328125
08:38:19,912810TZ1,TSRYS5752098,D,B,C,2024-04-04,1000000.00,4.629226,98.328125
08:38:20,912810TZ1,TSRYS5752098,D,S,T,2024-04-04,1000000.00,4.626777,98.359375
08:38:32,912810TZ1,TSRYS5752098,D,B,C,2024-04-04,10000000.00,4.625859,98.37109375
08:38:32,912810TZ1,TSRYS5752098,D,S,D,2024-04-04,10000000.00,4.625859,98.37109375
08:38:34,912810TZ1,TSRYS5752098,D,S,C,2024-04-04,1000000.00,4.629226,98.328125
08:38:34,912810TZ1,TSRYS5752098,D,S,C,2024-04-04,1000000.00,4.629214,98.328275
08:38:34,912810TZ1,TSRYS5752098,D,S,D,2024-04-04,1000000.00,4.628002,98.34375
08:38:34,912810TZ1,TSRYS5752098,D,S,D,2024-04-04,1000000.00,4.628002,98.34375
08:38:34,912810TZ1,TSRYS5752098,D,S,D,2024-04-04,1000000.00,4.628002,98.34375
08:38:34,912810TZ1,TSRYS5752098,D,B,C,2024-04-04,1000000.00,4.629226,98.328125
08:38:34,912810TZ1,TSRYS5752098,D,B,C,2024-04-04,1000000.00,4.629226,98.328125
08:38:34,912810TZ1,TSRYS5752098,D,S,C,2024-04-04,1000000.00,4.629226,98.328125
08:38:34,912810TZ1,TSRYS5752098,D,S,C,2024-04-04,1000000.00,4.629226,98.328125
08:38:34,912810TZ1,TSRYS5752098,D,B,C,2024-04-04,1000000.00,4.629226,98.328125
08:38:34,912810TZ1,TSRYS5752098,D,S,C,2024-04-04,1000000.00,4.629226,98.328125
08:38:34,912810TZ1,TSRYS5752098,D,S,C,2024-04-04,1000000.00,4.628002,98.34375
08:38:34,912810TZ1,TSRYS5752098,D,S,C,2024-04-04,1000000.00,4.626777,98.359375
08:38:48,912810TZ1,TSRYS5752098,D,S,C,2024-04-04,1000000.00,4.629214,98.328275
08:38:49,912810TZ1,TSRYS5752098,D,S,C,2024-04-04,1000000.00,4.629214,98.328275
08:38:49,912810TZ1,TSRYS5752098,D,S,C,2024-04-04,1000000.00,4.629214,98.328275
08:38:55,912810TZ1,TSRYS5752098,D,S,T,2024-04-04,1000000.00,4.624329,98.390625
08:38:55,912810TZ1,TSRYS5752098,D,S,T,2024-04-04,1000000.00,4.624329,98.390625
08:38:55,912810TZ1,TSRYS5752098,D,S,T,2024-04-04,1000000.00,4.624329,98.390625
08:38:55,912810TZ1,TSRYS5752098,D,S,T,2024-04-04,1000000.00,4.624329,98.390625
08:38:57,912810TZ1,TSRYS5752098,D,S,T,2024-04-04,1000000.00,4.624329,98.390625
08:38:58,912810TZ1,TSRYS5752098,D,S,D,2024-04-04,2000000.00,4.624635,98.38671875
08:39:20,912810TZ1,TSRYS5752098,D,S,C,2024-04-04,1000000.00,4.624317,98.390775
08:39:20,912810TZ1,TSRYS5752098,D,S,D,2024-04-04,1000000.00,4.624329,98.390625
08:39:20,912810TZ1,TSRYS5752098,D,S,C,2024-04-04,1000000.00,4.624317,98.390775
08:39:20,912810TZ1,TSRYS5752098,D,S,D,2024-04-04,1000000.00,4.624329,98.390625
08:39:21,912810TZ1,TSRYS5752098,D,S,D,2024-04-04,1000000.00,4.624329,98.390625
08:39:37,912810TZ1,TSRYS5752098,D,S,D,2024-04-04,1000000.00,4.625247,98.37890625
08:39:37,912810TZ1,TSRYS5752098,D,B,C,2024-04-04,1000000.00,4.625259,98.37875625
08:39:42,912810TZ1,TSRYS5752098,D,S,T,2024-04-04,1000000.00,4.624329,98.390625
08:39:50,912810TZ1,TSRYS5752098,D,B,C,2024-04-04,1000000.00,4.625553,98.375
08:39:50,912810TZ1,TSRYS5752098,D,S,C,2024-04-04,1000000.00,4.625553,98.375
08:39:50,912810TZ1,TSRYS5752098,D,B,C,2024-04-04,1000000.00,4.625553,98.375
08:39:50,912810TZ1,TSRYS5752098,D,S,C,2024-04-04,1000000.00,4.625553,98.375
08:39:50,912810TZ1,TSRYS5752098,D,S,C,2024-04-04,1000000.00,4.625553,98.375
08:39:50,912810TZ1,TSRYS5752098,D,B,C,2024-04-04,1000000.00,4.625553,98.375
08:40:11,912810TZ1,TSRYS5752098,D,S,T,2024-04-04,1000000.00,4.626777,98.359375
08:40:11,912810TZ1,TSRYS5752098,D,S,T,2024-04-04,1000000.00,4.625553,98.375
08:40:11,912810TZ1,TSRYS5752098,D,S,T,2024-04-04,1000000.00,4.624329,98.390625
08:40:11,912810TZ1,TSRYS5752098,D,S,T,2024-04-04,1000000.00,4.614547,98.515625
08:40:21,912810TZ1,TSRYS5752098,D,S,C,2024-04-04,1000000.00,4.624329,98.390625
08:40:28,912810TZ1,TSRYS5752098,D,S,T,2024-04-04,1000000.00,4.623106,98.40625
08:40:39,912810TZ1,TSRYS5752098,D,S,T,2024-04-04,1000000.00,4.622494,98.4140625
08:40:39,912810TZ1,TSRYS5752098,D,S,D,2024-04-04,1000000.00,4.622494,98.4140625
08:40:48,912810TZ1,TSRYS5752098,D,S,C,2024-04-04,1000000.00,4.623106,98.40625
08:40:57,912810TZ1,TSRYS5752098,D,S,T,2024-04-04,1000000.00,4.621882,98.421875
08:41:01,912810TZ1,TSRYS5752098,D,B,C,2024-04-04,1000000.00,4.621576,98.42578125
08:41:01,912810TZ1,TSRYS5752098,D,S,D,2024-04-04,1000000.00,4.621576,98.42578125
08:41:01,912810TZ1,TSRYS5752098,D,B,C,2024-04-04,1000000.00,4.621576,98.42578125
08:41:01,912810TZ1,TSRYS5752098,D,S,D,2024-04-04,1000000.00,4.621576,98.42578125
08:41:03,912810TZ1,TSRYS5752098,D,S,T,2024-04-04,1000000.00,4.620659,98.4375
08:41:20,912810TZ1,TSRYS5752098,D,S,C,2024-04-04,1000000.00,4.620659,98.4375
08:41:34,912810TZ1,TSRYS5752098,D,S,T,2024-04-04,1000000.00,4.620659,98.4375
08:41:35,912810TZ1,TSRYS5752098,D,S,C,2024-04-04,1000000.00,4.621882,98.421875
08:42:35,912810TZ1,TSRYS5752098,D,B,C,2024-04-04,1000000.00,4.620659,98.4375
08:42:35,912810TZ1,TSRYS5752098,D,S,C,2024-04-04,1000000.00,4.620659,98.4375
08:42:35,912810TZ1,TSRYS5752098,D,B,C,2024-04-04,1000000.00,4.620659,98.4375
08:42:35,912810TZ1,TSRYS5752098,D,S,C,2024-04-04,1000000.00,4.620659,98.4375
08:42:35,912810TZ1,TSRYS5752098,D,S,C,2024-04-04,1000000.00,4.620659,98.4375
08:42:41,912810TZ1,TSRYS5752098,D,S,D,2024-04-04,1000000.00,4.621423,98.427734375
08:42:41,912810TZ1,TSRYS5752098,D,B,C,2024-04-04,1000000.00,4.621435,98.427584375
08:43:24,912810TZ1,TSRYS5752098,D,S,T,2024-04-04,2000000.00,4.618061,98.470703125
08:43:24,912810TZ1,TSRYS5752098,D,S,C,2024-04-04,1000000.00,4.618061,98.470703125
08:43:24,912810TZ1,TSRYS5752098,D,B,C,2024-04-04,1000000.00,4.618061,98.470703125
08:43:25,912810TZ1,TSRYS5752098,D,S,C,2024-04-04,2000000.00,4.618061,98.470703125
08:43:25,912810TZ1,TSRYS5752098,D,S,C,2024-04-04,2000000.00,4.618519,98.46484375
08:43:25,912810TZ1,TSRYS5752098,D,B,A,2024-04-04,20251000.00,4.608473,98.59335
08:43:25,912810TZ1,TSRYS5752098,D,B,C,2024-04-04,2000000.00,4.618527,98.46474375
08:43:31,912810TZ1,TSRYS5752098,D,S,T,2024-04-04,1000000.00,4.618519,98.46484375
08:43:31,912810TZ1,TSRYS5752098,D,S,D,2024-04-04,1000000.00,4.618519,98.46484375
08:43:31,912810TZ1,TSRYS5752098,D,S,C,2024-04-04,1000000.00,4.618519,98.46484375
08:43:36,912810TZ1,TSRYS5752098,D,S,C,2024-04-04,1000000.00,4.618519,98.46484375
08:43:36,912810TZ1,TSRYS5752098,D,B,C,2024-04-04,1000000.00,4.618519,98.46484375
08:43:36,912810TZ1,TSRYS5752098,D,S,C,2024-04-04,1000000.00,4.618519,98.46484375
08:43:55,912810TZ1,TSRYS5752098,D,S,T,2024-04-04,1000000.00,4.618214,98.46875
08:44:01,912810TZ1,TSRYS5752098,D,S,C,2024-04-04,1000000.00,4.618519,98.46484375
08:44:03,912810TZ1,TSRYS5752098,D,S,T,2024-04-04,1000000.00,4.618214,98.46875
08:44:05,912810TZ1,TSRYS5752098,D,S,D,2024-04-04,1000000.00,4.618519,98.46484375
08:44:06,912810TZ1,TSRYS5752098,D,S,C,2024-04-04,1000000.00,4.618214,98.46875
08:44:06,912810TZ1,TSRYS5752098,D,B,C,2024-04-04,1000000.00,4.618214,98.46875
08:44:11,912810TZ1,TSRYS5752098,D,S,T,2024-04-04,1000000.00,4.618214,98.46875
08:44:23,912810TZ1,TSRYS5752098,D,B,C,2024-04-04,1000000.00,4.618225,98.4686
08:44:23,912810TZ1,TSRYS5752098,D,B,C,2024-04-04,1000000.00,4.618225,98.4686
08:44:23,912810TZ1,TSRYS5752098,D,S,C,2024-04-04,1000000.00,4.6182,98.468925
08:44:23,912810TZ1,TSRYS5752098,D,S,C,2024-04-04,1000000.00,4.618214,98.46875
08:44:26,912810TZ1,TSRYS5752098,D,S,C,2024-04-04,2000000.00,4.617602,98.4765625
08:44:26,912810TZ1,TSRYS5752098,D,S,T,2024-04-04,2000000.00,4.617602,98.4765625
08:44:31,912810TZ1,TSRYS5752098,D,S,T,2024-04-04,1000000.00,4.617015,98.484075
08:44:33,912810TZ1,TSRYS5752098,D,S,T,2024-04-04,1000000.00,4.616991,98.484375
08:44:37,912810TZ1,TSRYS5752098,D,S,D,2024-04-04,1000000.00,4.618214,98.46875
08:44:37,912810TZ1,TSRYS5752098,D,S,C,2024-04-04,1000000.00,4.618214,98.46875
08:44:38,912810TZ1,TSRYS5752098,D,S,D,2024-04-04,790000.00,4.618214,98.46875
08:44:41,912810TZ1,TSRYS5752098,D,S,T,2024-04-04,1000000.00,4.616991,98.484375
08:44:52,912810TZ1,TSRYS5752098,D,S,C,2024-04-04,1000000.00,4.618214,98.46875
08:44:55,912810TZ1,TSRYS5752098,D,S,T,2024-04-04,1000000.00,4.618214,98.46875
08:44:58,912810TZ1,TSRYS5752098,D,S,D,2024-04-04,790000.00,4.618214,98.46875
08:45:04,912810TZ1,TSRYS5752098,D,S,T,2024-04-04,1000000.00,4.616991,98.484375
08:45:07,912810TZ1,TSRYS5752098,D,S,C,2024-04-04,1000000.00,4.616979,98.484525
08:45:07,912810TZ1,TSRYS5752098,D,S,C,2024-04-04,1000000.00,4.616979,98.484525
08:45:10,912810TZ1,TSRYS5752098,D,S,C,2024-04-04,1000000.00,4.616075,98.49609375
08:45:13,912810TZ1,TSRYS5752098,D,S,T,2024-04-04,1000000.00,4.616991,98.484375
08:45:16,912810TZ1,TSRYS5752098,D,S,D,2024-04-04,1000000.00,4.616075,98.49609375
08:45:20,912810TZ1,TSRYS5752098,D,S,T,2024-04-04,1000000.00,4.614853,98.51171875
08:45:20,912810TZ1,TSRYS5752098,D,S,D,2024-04-04,1000000.00,4.614853,98.51171875
08:45:21,912810TZ1,TSRYS5752098,D,S,C,2024-04-04,1000000.00,4.616976,98.484575
08:45:21,912810TZ1,TSRYS5752098,D,S,C,2024-04-04,1000000.00,4.616991,98.484375
08:45:21,912810TZ1,TSRYS5752098,D,B,C,2024-04-04,1000000.00,4.616991,98.484375
08:45:33,912810TZ1,TSRYS5752098,D,S,T,2024-04-04,1000000.00,4.615769,98.5
08:45:38,912810TZ1,TSRYS5752098,D,S,C,2024-04-04,1000000.00,4.618214,98.46875
08:45:51,912810TZ1,TSRYS5752098,D,S,A,2024-04-04,1400000.00,4.615769,98.5
08:45:53,912810TZ1,TSRYS5752098,D,S,C,2024-04-04,1000000.00,4.616991,98.484375
08:45:56,912810TZ1,TSRYS5752098,D,S,T,2024-04-04,1000000.00,4.614547,98.515625
08:46:05,912810TZ1,TSRYS5752098,D,S,C,2024-04-04,1000000.00,4.616991,98.484375
08:46:06,912810TZ1,TSRYS5752098,D,S,T,2024-04-04,1000000.00,4.61486,98.51161875
08:46:06,912810TZ1,TSRYS5752098,D,S,D,2024-04-04,1000000.00,4.615769,98.5
08:46:06,912810TZ1,TSRYS5752098,D,S,D,2024-04-04,1000000.00,4.614853,98.51171875
08:46:08,912810TZ1,TSRYS5752098,D,S,T,2024-04-04,1000000.00,4.6147,98.513671875
08:46:08,912810TZ1,TSRYS5752098,D,S,T,2024-04-04,1000000.00,4.614547,98.515625
08:46:11,912810TZ1,TSRYS5752098,D,S,D,2024-04-04,1000000.00,4.6147,98.513671875
08:46:11,912810TZ1,TSRYS5752098,D,S,T,2024-04-04,2000000.00,4.614242,98.51953125
08:46:15,912810TZ1,TSRYS5752098,D,S,C,2024-04-04,2000000.00,4.614242,98.51953125
08:46:33,912810TZ1,TSRYS5752098,D,S,T,2024-04-04,1000000.00,4.613349,98.53095
08:46:38,912810TZ1,TSRYS5752098,D,S,D,2024-04-04,1000000.00,4.614547,98.515625
08:46:41,912810TZ1,TSRYS5752098,D,S,T,2024-04-04,1000000.00,4.613326,98.53125
08:46:42,912810TZ1,TSRYS5752098,D,S,T,2024-04-04,1000000.00,4.613326,98.53125
08:46:45,912810TZ1,TSRYS5752098,D,S,T,2024-04-04,1000000.00,4.613326,98.53125
08:46:49,912810TZ1,TSRYS5752098,D,S,C,2024-04-04,1000000.00,4.613326,98.53125
08:46:50,912810TZ1,TSRYS5752098,D,S,T,2024-04-04,1000000.00,4.613326,98.53125
08:46:51,912810TZ1,TSRYS5752098,D,S,T,2024-04-04,1000000.00,4.613326,98.53125
08:46:51,912810TZ1,TSRYS5752098,D,S,T,2024-04-04,1000000.00,4.613326,98.53125
08:46:51,912810TZ1,TSRYS5752098,D,S,T,2024-04-04,1000000.00,4.613326,98.53125
08:46:53,912810TZ1,TSRYS5752098,D,S,D,2024-04-04,1000000.00,4.614547,98.515625
08:46:55,912810TZ1,TSRYS5752098,D,S,T,2024-04-04,1000000.00,4.613326,98.53125
08:46:56,912810TZ1,TSRYS5752098,D,S,T,2024-04-04,1000000.00,4.613326,98.53125
08:47:01,912810TZ1,TSRYS5752098,D,S,C,2024-04-04,25000000.00,4.61241,98.54296875
08:47:05,912810TZ1,TSRYS5752098,D,S,A,2024-04-04,350000.00,4.61273,98.5390625
08:47:07,912810TZ1,TSRYS5752098,D,S,C,2024-04-04,350000.00,4.61273,98.5390625
08:47:10,912810TZ1,TSRYS5752098,D,S,T,2024-04-04,1000000.00,4.613326,98.53125
08:47:25,912810TZ1,TSRYS5752098,D,S,D,2024-04-04,1000000.00,4.613326,98.53125
08:47:35,912810TZ1,TSRYS5752098,D,S,D,2024-04-04,1000000.00,4.611188,98.55859375
08:47:35,912810TZ1,TSRYS5752098,D,S,D,2024-04-04,1000000.00,4.611188,98.55859375
08:47:38,912810TZ1,TSRYS5752098,D,S,T,2024-04-04,1000000.00,4.611188,98.55859375
08:47:38,912810TZ1,TSRYS5752098,D,S,T,2024-04-04,1000000.00,4.611188,98.55859375
08:47:40,912810TZ1,TSRYS5752098,D,S,C,2024-04-04,1000000.00,4.613326,98.53125
08:47:40,912810TZ1,TSRYS5752098,D,S,D,2024-04-04,1000000.00,4.613326,98.53125
08:47:40,912810TZ1,TSRYS5752098,D,S,D,2024-04-04,1000000.00,4.613326,98.53125
08:47:40,912810TZ1,TSRYS5752098,D,S,D,2024-04-04,1000000.00,4.613326,98.53125
08:47:40,912810TZ1,TSRYS5752098,D,S,D,2024-04-04,1000000.00,4.613326,98.53125
08:47:40,912810TZ1,TSRYS5752098,D,S,C,2024-04-04,1000000.00,4.613326,98.53125
08:47:40,912810TZ1,TSRYS5752098,D,S,D,2024-04-04,1000000.00,4.613326,98.53125
08:47:40,912810TZ1,TSRYS5752098,D,S,C,2024-04-04,1000000.00,4.613326,98.53125
08:47:45,912810TZ1,TSRYS5752098,D,S,D,2024-04-04,1000000.00,4.612104,98.546875
08:47:48,912810TZ1,TSRYS5752098,D,S,T,2024-04-04,1000000.00,4.612104,98.546875
08:47:53,912810TZ1,TSRYS5752098,D,S,T,2024-04-04,3450000.00,4.59625,98.75
08:47:59,912810TZ1,TSRYS5752098,D,S,T,2024-04-04,3350000.00,4.59625,98.75
08:47:59,912810TZ1,TSRYS5752098,D,B,A,2024-04-04,3350000.00,4.59625,98.75
08:48:06,912810TZ1,TSRYS5752098,D,S,T,2024-04-04,1000000.00,4.609662,98.578125
08:48:07,912810TZ1,TSRYS5752098,D,S,D,2024-04-04,1000000.00,4.613326,98.53125
08:48:07,912810TZ1,TSRYS5752098,D,S,T,2024-04-04,1000000.00,4.609662,98.578125
08:48:13,912810TZ1,TSRYS5752098,D,S,T,2024-04-04,1000000.00,4.609662,98.578125
08:48:18,912810TZ1,TSRYS5752098,D,S,D,2024-04-04,3450000.00,4.59625,98.75
08:48:21,912810TZ1,TSRYS5752098,D,S,D,2024-04-04,3350000.00,4.59625,98.75
08:48:25,912810TZ1,TSRYS5752098,D,B,C,2024-04-04,1000000.00,4.612104,98.546875
08:48:25,912810TZ1,TSRYS5752098,D,S,D,2024-04-04,1000000.00,4.612104,98.546875
08:48:28,912810TZ1,TSRYS5752098,D,S,T,2024-04-04,1000000.00,4.608442,98.59375
08:48:28,912810TZ1,TSRYS5752098,D,S,T,2024-04-04,1000000.00,4.607221,98.609375
08:48:28,912810TZ1,TSRYS5752098,D,S,T,2024-04-04,1000000.00,4.607221,98.609375
08:48:28,912810TZ1,TSRYS5752098,D,S,T,2024-04-04,1000000.00,4.607221,98.609375
08:48:28,912810TZ1,TSRYS5752098,D,S,T,2024-04-04,1000000.00,4.607221,98.609375
08:48:28,912810TZ1,TSRYS5752098,D,S,T,2024-04-04,1000000.00,4.607221,98.609375
08:48:28,912810TZ1,TSRYS5752098,D,S,T,2024-04-04,1000000.00,4.607221,98.609375
08:48:28,912810TZ1,TSRYS5752098,D,S,T,2024-04-04,1000000.00,4.607221,98.609375
08:48:28,912810TZ1,TSRYS5752098,D,S,T,2024-04-04,1000000.00,4.607221,98.609375
08:48:28,912810TZ1,TSRYS5752098,D,S,T,2024-04-04,1000000.00,4.607221,98.609375
08:48:28,912810TZ1,TSRYS5752098,D,S,T,2024-04-04,1000000.00,4.607221,98.609375
08:48:29,912810TZ1,TSRYS5752098,D,S,T,2024-04-04,1000000.00,4.607221,98.609375
08:48:29,912810TZ1,TSRYS5752098,D,S,T,2024-04-04,1000000.00,4.607221,98.609375
08:48:35,912810TZ1,TSRYS5752098,D,S,D,2024-04-04,1000000.00,4.607527,98.60546875
08:48:38,912810TZ1,TSRYS5752098,D,S,T,2024-04-04,1000000.00,4.607221,98.609375
08:48:38,912810TZ1,TSRYS5752098,D,S,T,2024-04-04,1000000.00,4.607221,98.609375
08:48:38,912810TZ1,TSRYS5752098,D,S,T,2024-04-04,1000000.00,4.607221,98.609375
08:48:38,912810TZ1,TSRYS5752098,D,S,T,2024-04-04,1000000.00,4.607527,98.60546875
08:48:38,912810TZ1,TSRYS5752098,D,S,T,2024-04-04,1000000.00,4.607221,98.609375
08:48:38,912810TZ1,TSRYS5752098,D,S,T,2024-04-04,1000000.00,4.607221,98.609375
08:48:39,912810TZ1,TSRYS5752098,D,S,T,2024-04-04,1000000.00,4.606924,98.61318125
08:48:39,912810TZ1,TSRYS5752098,D,S,D,2024-04-04,1000000.00,4.607679,98.603515625
08:48:39,912810TZ1,TSRYS5752098,D,S,T,2024-04-04,1000000.00,4.606764,98.615234375
08:48:40,912810TZ1,TSRYS5752098,D,S,D,2024-04-04,1000000.00,4.609662,98.578125
08:48:40,912810TZ1,TSRYS5752098,D,B,C,2024-04-04,1000000.00,4.609678,98.577925
08:48:40,912810TZ1,TSRYS5752098,D,S,D,2024-04-04,1000000.00,4.609662,98.578125
08:48:40,912810TZ1,TSRYS5752098,D,S,C,2024-04-04,1000000.00,4.606916,98.61328125
08:48:40,912810TZ1,TSRYS5752098,D,S,D,2024-04-04,1000000.00,4.607527,98.60546875
08:48:43,912810TZ1,TSRYS5752098,D,S,T,2024-04-04,1000000.00,4.607527,98.60546875
08:48:43,912810TZ1,TSRYS5752098,D,S,T,2024-04-04,1000000.00,4.607679,98.603515625
08:48:43,912810TZ1,TSRYS5752098,D,S,C,2024-04-04,20000000.00,4.607954,98.6
08:48:43,912810TZ1,TSRYS5752098,D,S,T,2024-04-04,2000000.00,4.606001,98.625
08:48:43,912810TZ1,TSRYS5752098,D,S,T,2024-04-04,1000000.00,4.606001,98.625
08:48:43,912810TZ1,TSRYS5752098,D,S,D,2024-04-04,3350000.00,4.59625,98.75
08:48:44,912810TZ1,TSRYS5752098,D,S,D,2024-04-04,1000000.00,4.606764,98.615234375
08:48:47,912810TZ1,TSRYS5752098,D,S,C,2024-04-04,1000000.00,4.606001,98.625
08:48:47,912810TZ1,TSRYS5752098,D,S,D,2024-04-04,3750000.00,4.59625,98.75
08:48:48,912810TZ1,TSRYS5752098,D,S,D,2024-04-04,11150000.00,4.59625,98.75
08:48:48,912810TZ1,TSRYS5752098,D,S,D,2024-04-04,3750000.00,4.59625,98.75
08:48:54,912810TZ1,TSRYS5752098,D,S,C,2024-04-04,1000000.00,4.609649,98.5783
08:48:54,912810TZ1,TSRYS5752098,D,B,C,2024-04-04,1000000.00,4.609662,98.578125
08:48:55,912810TZ1,TSRYS5752098,D,S,C,2024-04-04,1000000.00,4.608442,98.59375
08:49:09,912810TZ1,TSRYS5752098,D,S,C,2024-04-04,1000000.00,4.609649,98.5783
08:49:09,912810TZ1,TSRYS5752098,D,B,C,2024-04-04,1000000.00,4.609662,98.578125
08:49:09,912810TZ1,TSRYS5752098,D,B,C,2024-04-04,1000000.00,4.609662,98.578125
08:49:09,912810TZ1,TSRYS5752098,D,S,C,2024-04-04,1000000.00,4.609662,98.578125
08:49:09,912810TZ1,TSRYS5752098,D,S,D,2024-04-04,1000000.00,4.609662,98.578125
08:49:09,912810TZ1,TSRYS5752098,D,S,C,2024-04-04,1000000.00,4.609662,98.578125
08:49:09,912810TZ1,TSRYS5752098,D,B,C,2024-04-04,1000000.00,4.607221,98.609375
08:49:09,912810TZ1,TSRYS5752098,D,S,D,2024-04-04,1000000.00,4.607221,98.609375
08:49:09,912810TZ1,TSRYS5752098,D,B,C,2024-04-04,1000000.00,4.607221,98.609375
08:49:09,912810TZ1,TSRYS5752098,D,S,D,2024-04-04,1000000.00,4.607221,98.609375
08:49:09,912810TZ1,TSRYS5752098,D,B,C,2024-04-04,1000000.00,4.607221,98.609375
08:49:09,912810TZ1,TSRYS5752098,D,S,D,2024-04-04,1000000.00,4.607221,98.609375
08:49:09,912810TZ1,TSRYS5752098,D,S,D,2024-04-04,1000000.00,4.607221,98.609375
08:49:09,912810TZ1,TSRYS5752098,D,B,C,2024-04-04,1000000.00,4.607221,98.609375
08:49:09,912810TZ1,TSRYS5752098,D,S,D,2024-04-04,1000000.00,4.607221,98.609375
08:49:09,912810TZ1,TSRYS5752098,D,B,C,2024-04-04,1000000.00,4.607221,98.609375
08:49:09,912810TZ1,TSRYS5752098,D,B,C,2024-04-04,1000000.00,4.607221,98.609375
08:49:09,912810TZ1,TSRYS5752098,D,S,D,2024-04-04,1000000.00,4.607221,98.609375
08:49:09,912810TZ1,TSRYS5752098,D,S,D,2024-04-04,1000000.00,4.607221,98.609375
08:49:09,912810TZ1,TSRYS5752098,D,S,D,2024-04-04,1000000.00,4.607221,98.609375
08:49:09,912810TZ1,TSRYS5752098,D,S,D,2024-04-04,1000000.00,4.607221,98.609375
08:49:09,912810TZ1,TSRYS5752098,D,S,D,2024-04-04,1000000.00,4.607221,98.609375
08:49:09,912810TZ1,TSRYS5752098,D,S,D,2024-04-04,1000000.00,4.607221,98.609375
08:49:09,912810TZ1,TSRYS5752098,D,S,D,2024-04-04,1000000.00,4.607221,98.609375
08:49:09,912810TZ1,TSRYS5752098,D,S,D,2024-04-04,1000000.00,4.607221,98.609375
08:49:09,912810TZ1,TSRYS5752098,D,S,D,2024-04-04,1000000.00,4.607221,98.609375
08:49:09,912810TZ1,TSRYS5752098,D,S,D,2024-04-04,1000000.00,4.607221,98.609375
08:49:09,912810TZ1,TSRYS5752098,D,S,D,2024-04-04,1000000.00,4.607221,98.609375
08:49:09,912810TZ1,TSRYS5752098,D,S,D,2024-04-04,1000000.00,4.607221,98.609375
08:49:09,912810TZ1,TSRYS5752098,D,S,D,2024-04-04,1000000.00,4.607221,98.609375
08:49:09,912810TZ1,TSRYS5752098,D,S,D,2024-04-04,1000000.00,4.607221,98.609375
08:49:09,912810TZ1,TSRYS5752098,D,S,D,2024-04-04,1000000.00,4.607221,98.609375
08:49:09,912810TZ1,TSRYS5752098,D,S,D,2024-04-04,1000000.00,4.607221,98.609375
08:49:09,912810TZ1,TSRYS5752098,D,S,C,2024-04-04,1000000.00,4.607204,98.6096
08:49:10,912810TZ1,TSRYS5752098,D,S,D,2024-04-04,1000000.00,4.607221,98.609375
08:49:13,912810TZ1,TSRYS5752098,D,S,C,2024-04-04,500000.00,4.606611,98.6171875
08:49:26,912810TZ1,TSRYS5752098,D,B,C,2024-04-04,1000000.00,4.607233,98.609225
08:49:26,912810TZ1,TSRYS5752098,D,S,D,2024-04-04,1000000.00,4.607221,98.609375
08:49:27,912810TZ1,TSRYS5752098,D,S,C,2024-04-04,2000000.00,4.606001,98.625
08:49:27,912810TZ1,TSRYS5752098,D,S,D,2024-04-04,1000000.00,4.606001,98.625
08:49:28,912810TZ1,TSRYS5752098,D,S,D,2024-04-04,1000000.00,4.605993,98.625102
08:49:28,912810TZ1,TSRYS5752098,D,S,D,2024-04-04,1000000.00,4.606001,98.625
08:49:29,912810TZ1,TSRYS5752098,D,S,T,2024-04-04,1000000.00,4.606017,98.6248
08:49:40,912810TZ1,TSRYS5752098,D,B,C,2024-04-04,1000000.00,4.609662,98.578125
08:49:40,912810TZ1,TSRYS5752098,D,S,D,2024-04-04,1000000.00,4.609662,98.578125
08:49:40,912810TZ1,TSRYS5752098,D,B,C,2024-04-04,1000000.00,4.609662,98.578125
08:49:40,912810TZ1,TSRYS5752098,D,S,D,2024-04-04,1000000.00,4.609662,98.578125
08:49:40,912810TZ1,TSRYS5752098,D,S,D,2024-04-04,1000000.00,4.609662,98.578125
08:49:40,912810TZ1,TSRYS5752098,D,B,C,2024-04-04,1000000.00,4.609662,98.578125
08:49:40,912810TZ1,TSRYS5752098,D,B,C,2024-04-04,1000000.00,4.607221,98.609375
08:49:40,912810TZ1,TSRYS5752098,D,S,C,2024-04-04,1000000.00,4.607221,98.609375
08:50:02,912810TZ1,TSRYS5752098,D,S,T,2024-04-04,3750000.00,4.59625,98.75
08:50:02,912810TZ1,TSRYS5752098,D,S,T,2024-04-04,11150000.00,4.59625,98.75
08:50:02,912810TZ1,TSRYS5752098,D,S,T,2024-04-04,3750000.00,4.59625,98.75
08:50:02,912810TZ1,TSRYS5752098,D,S,T,2024-04-04,3350000.00,4.59625,98.75
08:50:22,912810TZ1,TSRYS5752098,D,B,C,2024-04-04,1000000.00,4.606013,98.62485
08:50:22,912810TZ1,TSRYS5752098,D,S,T,2024-04-04,1000000.00,4.606154,98.623046875
08:50:22,912810TZ1,TSRYS5752098,D,S,C,2024-04-04,1000000.00,4.605994,98.6251
08:50:24,912810TZ1,TSRYS5752098,D,S,T,2024-04-04,1000000.00,4.606001,98.625
08:50:27,912810TZ1,TSRYS5752098,D,S,C,2024-04-04,1000000.00,4.606154,98.623046875
08:50:47,912810TZ1,TSRYS5752098,D,S,T,2024-04-04,1000000.00,4.604782,98.640625
08:50:51,912810TZ1,TSRYS5752098,D,S,T,2024-04-04,1000000.00,4.604782,98.640625
08:50:51,912810TZ1,TSRYS5752098,D,S,T,2024-04-04,1000000.00,4.604782,98.640625
08:51:08,912810TZ1,TSRYS5752098,D,S,C,2024-04-04,1000000.00,4.606001,98.625
08:51:08,912810TZ1,TSRYS5752098,D,S,T,2024-04-04,1000000.00,4.603562,98.65625
08:51:08,912810TZ1,TSRYS5752098,D,S,D,2024-04-04,1000000.00,4.606001,98.625
08:51:08,912810TZ1,TSRYS5752098,D,S,D,2024-04-04,1000000.00,4.606001,98.625
08:51:10,912810TZ1,TSRYS5752098,D,S,C,2024-04-04,1000000.00,4.605988,98.625175
08:51:11,912810TZ1,TSRYS5752098,D,S,C,2024-04-04,1000000.00,4.604782,98.640625
08:51:11,912810TZ1,TSRYS5752098,D,S,C,2024-04-04,1000000.00,4.604782,98.640625
08:51:11,912810TZ1,TSRYS5752098,D,S,T,2024-04-04,1000000.00,4.601276,98.685546875
08:51:11,912810TZ1,TSRYS5752098,D,B,C,2024-04-04,1000000.00,4.601428,98.68359375
08:51:11,912810TZ1,TSRYS5752098,D,S,D,2024-04-04,1000000.00,4.601428,98.68359375
08:51:12,912810TZ1,TSRYS5752098,D,S,D,2024-04-04,220000.00,4.604477,98.64453125
08:51:13,912810TZ1,TSRYS5752098,D,S,D,2024-04-04,225000.00,4.604477,98.64453125
08:51:14,912810TZ1,TSRYS5752098,D,S,C,2024-04-04,170000.00,4.604477,98.64453125
08:51:15,912810TZ1,TSRYS5752098,D,S,D,2024-04-04,1000000.00,4.601276,98.685546875
08:51:16,912810TZ1,TSRYS5752098,D,S,D,2024-04-04,1000000.00,4.601276,98.685546875
08:51:16,912810TZ1,TSRYS5752098,D,B,C,2024-04-04,1000000.00,4.601276,98.685546875
08:51:16,912810TZ1,TSRYS5752098,D,S,D,2024-04-04,1000000.00,4.601276,98.685546875
08:51:19,912810TZ1,TSRYS5752098,D,S,C,2024-04-04,1000000.00,4.601581,98.681640625
08:51:37,912810TZ1,TSRYS5752098,D,S,D,2024-04-04,220000.00,4.604477,98.64453125
08:51:38,912810TZ1,TSRYS5752098,D,S,C,2024-04-04,30000.00,4.600831,98.69140625
08:51:40,912810TZ1,TSRYS5752098,D,S,C,2024-04-04,1000000.00,4.604782,98.640625
08:51:40,912810TZ1,TSRYS5752098,D,S,C,2024-04-04,1000000.00,4.603562,98.65625
08:51:43,912810TZ1,TSRYS5752098,D,S,D,2024-04-04,170000.00,4.604477,98.64453125
08:51:45,912810TZ1,TSRYS5752098,D,S,D,2024-04-04,225000.00,4.604477,98.64453125
08:51:46,912810TZ1,TSRYS5752098,D,S,D,2024-04-04,1000000.00,4.601733,98.6796875
08:51:46,912810TZ1,TSRYS5752098,D,S,D,2024-04-04,1000000.00,4.601886,98.67773437
08:51:48,912810TZ1,TSRYS5752098,D,S,C,2024-04-04,20000000.00,4.607724,98.60294369
08:52:11,912810TZ1,TSRYS5752098,D,B,C,2024-04-04,1000000.00,4.601276,98.68554687
08:52:22,912810TZ1,TSRYS5752098,D,S,D,2024-04-04,1000000.00,4.599296,98.7109375
08:52:24,912810TZ1,TSRYS5752098,D,S,D,2024-04-04,1000000.00,4.599753,98.705078125
08:52:27,912810TZ1,TSRYS5752098,D,B,C,2024-04-04,1000000.00,4.602343,98.671875
08:52:27,912810TZ1,TSRYS5752098,D,S,C,2024-04-04,1000000.00,4.602329,98.67205
08:52:28,912810TZ1,TSRYS5752098,D,S,T,2024-04-04,1000000.00,4.599905,98.703125
08:52:28,912810TZ1,TSRYS5752098,D,S,T,2024-04-04,1000000.00,4.598686,98.71875
08:52:28,912810TZ1,TSRYS5752098,D,S,T,2024-04-04,1000000.00,4.598686,98.71875
08:52:28,912810TZ1,TSRYS5752098,D,S,T,2024-04-04,1000000.00,4.598686,98.71875
08:52:28,912810TZ1,TSRYS5752098,D,S,T,2024-04-04,1000000.00,4.601581,98.68164062
08:52:33,912810TZ1,TSRYS5752098,D,S,T,2024-04-04,1000000.00,4.598686,98.71875
08:52:33,912810TZ1,TSRYS5752098,D,S,T,2024-04-04,1000000.00,4.598686,98.71875
08:52:43,912810TZ1,TSRYS5752098,D,S,C,2024-04-04,5000000.00,4.60125,98.68588
08:52:55,912810TZ1,TSRYS5752098,D,S,C,2024-04-04,1000000.00,4.599753,98.70507812
08:52:55,912810TZ1,TSRYS5752098,D,S,T,2024-04-04,1000000.00,4.599753,98.70507812
08:52:55,912810TZ1,TSRYS5752098,D,S,D,2024-04-04,1000000.00,4.599296,98.7109375
08:52:55,912810TZ1,TSRYS5752098,D,S,D,2024-04-04,1000000.00,4.599753,98.70507812
08:52:55,912810TZ1,TSRYS5752098,D,S,C,2024-04-04,1000000.00,4.599296,98.7109375
08:52:58,912810TZ1,TSRYS5752098,D,S,T,2024-04-04,1000000.00,4.597468,98.734375
08:52:58,912810TZ1,TSRYS5752098,D,S,D,2024-04-04,1000000.00,4.597468,98.734375
08:52:58,912810TZ1,TSRYS5752098,D,S,T,2024-04-04,1000000.00,4.597468,98.734375
08:53:00,912810TZ1,TSRYS5752098,D,S,D,2024-04-04,2000000.00,4.597468,98.734375
08:53:02,912810TZ1,TSRYS5752098,D,S,C,2024-04-04,1000000.00,4.597925,98.728515625
08:53:07,912810TZ1,TSRYS5752098,D,S,C,2024-04-04,1000000.00,4.596554,98.74609375
08:53:08,912810TZ1,TSRYS5752098,D,S,T,2024-04-04,1000000.00,4.597468,98.734375
08:53:08,912810TZ1,TSRYS5752098,D,S,D,2024-04-04,1000000.00,4.599296,98.7109375
08:53:10,912810TZ1,TSRYS5752098,D,S,D,2024-04-04,1000000.00,4.599296,98.7109375
08:53:10,912810TZ1,TSRYS5752098,D,S,C,2024-04-04,1000000.00,4.599296,98.7109375
08:53:13,912810TZ1,TSRYS5752098,D,S,T,2024-04-04,1000000.00,4.596106,98.751853125
08:53:13,912810TZ1,TSRYS5752098,D,S,C,2024-04-04,1000000.00,4.596098,98.751953125
08:53:16,912810TZ1,TSRYS5752098,D,S,D,2024-04-04,1000000.00,4.598077,98.7265625
08:53:17,912810TZ1,TSRYS5752098,D,S,D,2024-04-04,1000000.00,4.59762,98.73242187
08:53:17,912810TZ1,TSRYS5752098,D,S,D,2024-04-04,1000000.00,4.598077,98.7265625
08:53:18,912810TZ1,TSRYS5752098,D,S,T,2024-04-04,1000000.00,4.59625,98.75
08:53:18,912810TZ1,TSRYS5752098,D,S,T,2024-04-04,1000000.00,4.59625,98.75
08:53:18,912810TZ1,TSRYS5752098,D,S,D,2024-04-04,1000000.00,4.596402,98.748046875
08:53:26,912810TZ1,TSRYS5752098,D,S,T,2024-04-04,1000000.00,4.596258,98.749898
08:53:33,912810TZ1,TSRYS5752098,D,S,T,2024-04-04,1000000.00,4.597925,98.72851562
08:53:36,912810TZ1,TSRYS5752098,D,S,D,2024-04-04,1000000.00,4.597468,98.734375
08:53:41,912810TZ1,TSRYS5752098,D,S,C,2024-04-04,1000000.00,4.599905,98.703125
08:53:41,912810TZ1,TSRYS5752098,D,B,C,2024-04-04,1000000.00,4.597468,98.734375
08:53:41,912810TZ1,TSRYS5752098,D,S,C,2024-04-04,1000000.00,4.597454,98.73455
08:53:41,912810TZ1,TSRYS5752098,D,B,C,2024-04-04,1000000.00,4.597468,98.734375
08:53:41,912810TZ1,TSRYS5752098,D,S,D,2024-04-04,1000000.00,4.597468,98.734375
08:53:44,912810TZ1,TSRYS5752098,D,S,T,2024-04-04,1000000.00,4.596402,98.74804687
08:53:48,912810TZ1,TSRYS5752098,D,S,D,2024-04-04,1000000.00,4.597468,98.734375
08:53:48,912810TZ1,TSRYS5752098,D,S,D,2024-04-04,1000000.00,4.597468,98.734375
08:53:56,912810TZ1,TSRYS5752098,D,S,C,2024-04-04,1000000.00,4.597454,98.73455
08:53:56,912810TZ1,TSRYS5752098,D,B,C,2024-04-04,1000000.00,4.597468,98.734375
08:53:56,912810TZ1,TSRYS5752098,D,S,C,2024-04-04,1000000.00,4.597454,98.73455
08:53:56,912810TZ1,TSRYS5752098,D,S,C,2024-04-04,1000000.00,4.597454,98.73455
08:53:56,912810TZ1,TSRYS5752098,D,S,D,2024-04-04,1000000.00,4.597468,98.734375
08:53:56,912810TZ1,TSRYS5752098,D,B,C,2024-04-04,1000000.00,4.597476,98.734275
08:53:56,912810TZ1,TSRYS5752098,D,S,C,2024-04-04,1000000.00,4.597454,98.73455
08:53:56,912810TZ1,TSRYS5752098,D,S,C,2024-04-04,1000000.00,4.597454,98.73455
08:53:56,912810TZ1,TSRYS5752098,D,S,D,2024-04-04,1000000.00,4.59625,98.75
08:53:56,912810TZ1,TSRYS5752098,D,S,D,2024-04-04,1000000.00,4.59625,98.75
08:53:57,912810TZ1,TSRYS5752098,D,S,C,2024-04-04,1000000.00,4.59625,98.75
08:53:57,912810TZ1,TSRYS5752098,D,S,C,2024-04-04,1000000.00,4.596098,98.75195312
08:54:02,912810TZ1,TSRYS5752098,D,S,D,2024-04-04,2000000.00,4.597468,98.734375
08:54:03,912810TZ1,TSRYS5752098,D,S,D,2024-04-04,1000000.00,4.597468,98.734375
08:54:03,912810TZ1,TSRYS5752098,D,S,C,2024-04-04,1000000.00,4.597773,98.73046875
08:54:05,912810TZ1,TSRYS5752098,D,S,T,2024-04-04,1000000.00,4.597484,98.734175
08:54:14,912810TZ1,TSRYS5752098,D,S,C,2024-04-04,1000000.00,4.598686,98.71875
08:54:14,912810TZ1,TSRYS5752098,D,S,D,2024-04-04,1000000.00,4.598686,98.71875
08:54:14,912810TZ1,TSRYS5752098,D,S,D,2024-04-04,1000000.00,4.598686,98.71875
08:54:14,912810TZ1,TSRYS5752098,D,S,C,2024-04-04,1000000.00,4.598686,98.71875
08:54:14,912810TZ1,TSRYS5752098,D,S,D,2024-04-04,1000000.00,4.598686,98.71875
08:54:14,912810TZ1,TSRYS5752098,D,B,C,2024-04-04,1000000.00,4.597468,98.734375
08:54:14,912810TZ1,TSRYS5752098,D,S,D,2024-04-04,1000000.00,4.597468,98.734375
08:54:14,912810TZ1,TSRYS5752098,D,B,C,2024-04-04,1000000.00,4.597468,98.734375
08:54:14,912810TZ1,TSRYS5752098,D,S,C,2024-04-04,1000000.00,4.597454,98.73455
08:54:14,912810TZ1,TSRYS5752098,D,B,C,2024-04-04,1000000.00,4.597476,98.734275
08:54:14,912810TZ1,TSRYS5752098,D,S,C,2024-04-04,1000000.00,4.597454,98.73455
08:54:20,912810TZ1,TSRYS5752098,D,S,D,2024-04-04,1000000.00,4.596554,98.74609375
08:54:22,912810TZ1,TSRYS5752098,D,S,D,2024-04-04,1000000.00,4.59625,98.75
08:54:25,912810TZ1,TSRYS5752098,D,B,C,2024-04-04,20000000.00,4.607067,98.61135619
08:54:27,912810TZ1,TSRYS5752098,D,S,C,2024-04-04,1000000.00,4.59625,98.75
08:54:28,912810TZ1,TSRYS5752098,D,S,T,2024-04-04,1000000.00,4.597484,98.734175
08:54:28,912810TZ1,TSRYS5752098,D,S,T,2024-04-04,1000000.00,4.597484,98.734175
08:54:29,912810TZ1,TSRYS5752098,D,S,D,2024-04-04,1000000.00,4.597468,98.734375
08:54:41,912810TZ1,TSRYS5752098,D,S,D,2024-04-04,5000.00,4.592666,98.796
08:54:42,912810TZ1,TSRYS5752098,D,S,D,2024-04-04,1000000.00,4.597468,98.734375
08:54:42,912810TZ1,TSRYS5752098,D,S,C,2024-04-04,1000000.00,4.597454,98.73455
08:54:43,912810TZ1,TSRYS5752098,D,S,C,2024-04-04,275000.00,4.59625,98.75
08:54:43,912810TZ1,TSRYS5752098,D,S,T,2024-04-04,1000000.00,4.593815,98.78125
08:54:43,912810TZ1,TSRYS5752098,D,S,T,2024-04-04,1000000.00,4.593815,98.78125
08:54:46,912810TZ1,TSRYS5752098,D,S,T,2024-04-04,1000000.00,4.592597,98.796875
08:54:46,912810TZ1,TSRYS5752098,D,S,T,2024-04-04,1000000.00,4.592597,98.796875
08:54:47,912810TZ1,TSRYS5752098,D,S,T,2024-04-04,1000000.00,4.592597,98.796875
08:54:52,912810TZ1,TSRYS5752098,D,S,D,2024-04-04,1000000.00,4.592293,98.80078125
08:54:52,912810TZ1,TSRYS5752098,D,S,D,2024-04-04,1000000.00,4.592597,98.796875
08:54:52,912810TZ1,TSRYS5752098,D,B,C,2024-04-04,535000.00,4.592293,98.80078125
08:54:52,912810TZ1,TSRYS5752098,D,S,D,2024-04-04,2535000.00,4.592382,98.799640323
08:54:55,912810TZ1,TSRYS5752098,D,S,C,2024-04-04,5000.00,4.592666,98.796
08:54:55,912810TZ1,TSRYS5752098,D,S,D,2024-04-04,5000.00,4.592666,98.796
08:54:56,912810TZ1,TSRYS5752098,D,B,C,2024-04-04,1000000.00,4.597468,98.734375
08:54:56,912810TZ1,TSRYS5752098,D,S,C,2024-04-04,1000000.00,4.597454,98.73455
08:55:01,912810TZ1,TSRYS5752098,D,S,D,2024-04-04,1000000.00,4.593815,98.78125
08:55:01,912810TZ1,TSRYS5752098,D,B,C,2024-04-04,1000000.00,4.593815,98.78125
08:55:16,912810TZ1,TSRYS5752098,D,S,C,2024-04-04,1000000.00,4.593206,98.7890625
08:55:16,912810TZ1,TSRYS5752098,D,S,D,2024-04-04,1000000.00,4.593206,98.7890625
08:55:20,912810TZ1,TSRYS5752098,D,S,T,2024-04-04,1000000.00,4.597468,98.734375
08:55:20,912810TZ1,TSRYS5752098,D,S,T,2024-04-04,1000000.00,4.595056,98.765325
08:55:21,912810TZ1,TSRYS5752098,D,S,T,2024-04-04,1000000.00,4.595032,98.765625
08:55:21,912810TZ1,TSRYS5752098,D,S,D,2024-04-04,1000000.00,4.597468,98.734375
08:55:29,912810TZ1,TSRYS5752098,D,S,C,2024-04-04,1000000.00,4.593815,98.78125
08:55:29,912810TZ1,TSRYS5752098,D,S,C,2024-04-04,1000000.00,4.593815,98.78125
08:55:34,912810TZ1,TSRYS5752098,D,S,T,2024-04-04,1000000.00,4.593838,98.78095
08:55:44,912810TZ1,TSRYS5752098,D,S,D,2024-04-04,1000000.00,4.591076,98.81640625
08:55:44,912810TZ1,TSRYS5752098,D,B,C,2024-04-04,1000000.00,4.591076,98.81640625
08:55:44,912810TZ1,TSRYS5752098,D,B,C,2024-04-04,1000000.00,4.592597,98.796875
08:55:44,912810TZ1,TSRYS5752098,D,S,C,2024-04-04,1000000.00,4.592584,98.79705
08:55:57,912810TZ1,TSRYS5752098,D,S,C,2024-04-04,1000000.00,4.592584,98.79705
08:55:57,912810TZ1,TSRYS5752098,D,S,C,2024-04-04,1000000.00,4.592584,98.79705
08:55:57,912810TZ1,TSRYS5752098,D,B,C,2024-04-04,1000000.00,4.592597,98.796875
08:55:57,912810TZ1,TSRYS5752098,D,S,C,2024-04-04,1000000.00,4.592584,98.79705
08:55:57,912810TZ1,TSRYS5752098,D,S,C,2024-04-04,1000000.00,4.592584,98.79705
08:55:57,912810TZ1,TSRYS5752098,D,S,C,2024-04-04,1000000.00,4.592584,98.79705
08:55:57,912810TZ1,TSRYS5752098,D,B,C,2024-04-04,1000000.00,4.592597,98.796875
08:55:57,912810TZ1,TSRYS5752098,D,B,C,2024-04-04,1000000.00,4.592597,98.796875
08:55:57,912810TZ1,TSRYS5752098,D,S,C,2024-04-04,1000000.00,4.592584,98.79705
08:56:05,912810TZ1,TSRYS5752098,D,S,D,2024-04-04,2000000.00,4.593054,98.79101562
08:56:07,912810TZ1,TSRYS5752098,D,S,D,2024-04-04,1000000.00,4.591989,98.8046875
08:56:12,912810TZ1,TSRYS5752098,D,S,T,2024-04-04,1000000.00,4.593062,98.790915625
08:56:12,912810TZ1,TSRYS5752098,D,S,C,2024-04-04,1000000.00,4.593054,98.791015625
08:56:15,912810TZ1,TSRYS5752098,D,S,C,2024-04-04,1000000.00,4.595032,98.765625
08:56:15,912810TZ1,TSRYS5752098,D,S,C,2024-04-04,1000000.00,4.595009,98.765925
08:56:15,912810TZ1,TSRYS5752098,D,S,D,2024-04-04,1000000.00,4.593815,98.78125
08:56:17,912810TZ1,TSRYS5752098,D,S,C,2024-04-04,1000000.00,4.593054,98.791015625
08:56:17,912810TZ1,TSRYS5752098,D,S,C,2024-04-04,1000000.00,4.593054,98.791015625
08:56:17,912810TZ1,TSRYS5752098,D,S,D,2024-04-04,1000000.00,4.593054,98.791015625
08:56:17,912810TZ1,TSRYS5752098,D,S,D,2024-04-04,1000000.00,4.593206,98.7890625
08:56:43,912810TZ1,TSRYS5752098,D,S,C,2024-04-04,1000000.00,4.593054,98.79101562
08:56:43,912810TZ1,TSRYS5752098,D,S,T,2024-04-04,1000000.00,4.593054,98.79101562
08:56:43,912810TZ1,TSRYS5752098,D,S,T,2024-04-04,1000000.00,4.593054,98.79101562
08:56:43,912810TZ1,TSRYS5752098,D,S,T,2024-04-04,1000000.00,4.593054,98.79101562
08:56:43,912810TZ1,TSRYS5752098,D,S,T,2024-04-04,1000000.00,4.593206,98.7890625
08:56:43,912810TZ1,TSRYS5752098,D,S,D,2024-04-04,1000000.00,4.593206,98.7890625
08:56:43,912810TZ1,TSRYS5752098,D,S,D,2024-04-04,1000000.00,4.593206,98.7890625
08:56:51,912810TZ1,TSRYS5752098,D,S,D,2024-04-04,16000000.00,4.601472,98.68303
08:56:52,912810TZ1,TSRYS5752098,D,S,D,2024-04-04,100000.00,4.592597,98.796875
08:57:11,912810TZ1,TSRYS5752098,D,B,C,2024-04-04,20000000.00,4.607067,98.61135619
08:57:29,912810TZ1,TSRYS5752098,D,S,D,2024-04-04,1000000.00,4.590468,98.82421875
08:57:57,912810TZ1,TSRYS5752098,D,S,T,2024-04-04,1000000.00,4.589403,98.837890625
08:57:57,912810TZ1,TSRYS5752098,D,S,T,2024-04-04,1000000.00,4.589403,98.837890625
08:57:57,912810TZ1,TSRYS5752098,D,S,T,2024-04-04,1000000.00,4.589403,98.837890625
08:57:58,912810TZ1,TSRYS5752098,D,S,T,2024-04-04,1000000.00,4.588965,98.843523
08:58:02,912810TZ1,TSRYS5752098,D,S,D,2024-04-04,1000000.00,4.589403,98.837890625
08:58:02,912810TZ1,TSRYS5752098,D,S,D,2024-04-04,1000000.00,4.589403,98.837890625
08:58:02,912810TZ1,TSRYS5752098,D,S,D,2024-04-04,1000000.00,4.589403,98.837890625
08:58:04,912810TZ1,TSRYS5752098,D,S,D,2024-04-04,1000000.00,4.590468,98.82421875
08:58:17,912810TZ1,TSRYS5752098,D,S,T,2024-04-04,1000000.00,4.587587,98.861228125
08:58:17,912810TZ1,TSRYS5752098,D,S,T,2024-04-04,1000000.00,4.587739,98.859275
08:58:17,912810TZ1,TSRYS5752098,D,S,D,2024-04-04,1000000.00,4.587579,98.861328125
08:58:17,912810TZ1,TSRYS5752098,D,S,C,2024-04-04,1000000.00,4.587731,98.859375
08:58:17,912810TZ1,TSRYS5752098,D,S,D,2024-04-04,1000000.00,4.587731,98.859375
08:58:22,912810TZ1,TSRYS5752098,D,S,D,2024-04-04,1000000.00,4.587731,98.859375
08:58:22,912810TZ1,TSRYS5752098,D,S,D,2024-04-04,2000000.00,4.587731,98.859375
08:58:30,912810TZ1,TSRYS5752098,D,S,D,2024-04-04,1000000.00,4.588947,98.84375
08:58:45,912810TZ1,TSRYS5752098,D,S,A,2024-04-04,110000.00,4.588947,98.84375
08:58:57,912810TZ1,TSRYS5752098,D,S,T,2024-04-04,2000000.00,4.587731,98.859375
08:58:59,912810TZ1,TSRYS5752098,D,S,C,2024-04-04,1000000.00,4.587731,98.859375
08:59:03,912810TZ1,TSRYS5752098,D,S,D,2024-04-04,1000000.00,4.587731,98.859375
08:59:03,912810TZ1,TSRYS5752098,D,S,D,2024-04-04,1000000.00,4.587731,98.859375
08:59:03,912810TZ1,TSRYS5752098,D,S,T,2024-04-04,1000000.00,4.587746,98.859175
08:59:03,912810TZ1,TSRYS5752098,D,S,T,2024-04-04,2000000.00,4.587731,98.859375
08:59:03,912810TZ1,TSRYS5752098,D,S,T,2024-04-04,1000000.00,4.587731,98.859375
08:59:14,912810TZ1,TSRYS5752098,D,S,D,2024-04-04,1000000.00,4.589555,98.8359375
08:59:14,912810TZ1,TSRYS5752098,D,S,D,2024-04-04,1000000.00,4.589555,98.8359375
08:59:28,912810TZ1,TSRYS5752098,D,S,D,2024-04-04,20000.00,4.588947,98.84375
08:59:29,912810TZ1,TSRYS5752098,D,S,D,2024-04-04,20000.00,4.588947,98.84375
08:59:30,912810TZ1,TSRYS5752098,D,S,D,2024-04-04,20000.00,4.588947,98.84375
08:59:31,912810TZ1,TSRYS5752098,D,S,D,2024-04-04,50000.00,4.588947,98.84375
08:59:31,912810TZ1,TSRYS5752098,D,S,D,2024-04-04,20000.00,4.588947,98.84375
08:59:31,912810TZ1,TSRYS5752098,D,S,D,2024-04-04,2000000.00,4.587721,98.859505
08:59:33,912810TZ1,TSRYS5752098,D,S,D,2024-04-04,20000.00,4.588947,98.84375
08:59:34,912810TZ1,TSRYS5752098,D,S,C,2024-04-04,40000.00,4.588947,98.84375
08:59:34,912810TZ1,TSRYS5752098,D,S,D,2024-04-04,30000.00,4.588947,98.84375
08:59:34,912810TZ1,TSRYS5752098,D,S,D,2024-04-04,30000.00,4.588947,98.84375
08:59:35,912810TZ1,TSRYS5752098,D,S,D,2024-04-04,20000.00,4.588947,98.84375
08:59:35,912810TZ1,TSRYS5752098,D,S,D,2024-04-04,40000.00,4.588947,98.84375
08:59:37,912810TZ1,TSRYS5752098,D,S,D,2024-04-04,50000.00,4.588947,98.84375
08:59:46,912810TZ1,TSRYS5752098,D,S,D,2024-04-04,5000.00,4.586515,98.875
08:59:59,912810TZ1,TSRYS5752098,D,S,C,2024-04-04,5000.00,4.586515,98.875
