tradeTime,cusip,issueSymbolIdentifier,priceType,reportingSideCode,contraPartyTypeCode,tradeDate,reportedTradeVolume,lastSaleYield,lastSalePrice
08:00:03,912810UB2,TSRYS5810883,D,B,C,2024-07-11,1000000.00,4.591184,100.431640625
08:00:03,912810UB2,TSRYS5810883,D,B,C,2024-07-11,1000000.00,4.591184,100.431640625
08:00:03,912810UB2,TSRYS5810883,D,B,C,2024-07-11,1000000.00,4.591184,100.431640625
08:00:03,912810UB2,TSRYS5810883,D,B,C,2024-07-11,1000000.00,4.591184,100.431640625
08:00:03,912810UB2,TSRYS5810883,D,B,C,2024-07-11,1000000.00,4.591184,100.431640625
08:00:03,912810UB2,TSRYS5810883,D,S,D,2024-07-11,1000000.00,4.589227,100.45703125
08:00:03,912810UB2,TSRYS5810883,D,S,D,2024-07-11,1000000.00,4.585916,100.5
08:00:03,912810UB2,TSRYS5810883,D,S,D,2024-07-11,1000000.00,4.585916,100.5
08:00:03,912810UB2,TSRYS5810883,D,S,D,2024-07-11,1000000.00,4.580803,100.56640625
08:00:03,912810UB2,TSRYS5810883,D,S,T,2024-07-11,1000000.00,4.584712,100.515625
08:00:03,912810UB2,TSRYS5810883,D,S,T,2024-07-11,1000000.00,4.584712,100.515625
08:00:03,912810UB2,TSRYS5810883,D,B,C,2024-07-11,1000000.00,4.580502,100.5703125
08:00:03,912810UB2,TSRYS5810883,D,S,T,2024-07-11,1000000.00,4.579901,100.578125
08:00:03,912810UB2,TSRYS5810883,D,B,C,2024-07-11,1000000.00,4.580502,100.5703125
08:00:03,912810UB2,TSRYS5810883,D,B,C,2024-07-11,1000000.00,4.580502,100.5703125
08:00:03,912810UB2,TSRYS5810883,D,S,T,2024-07-11,1000000.00,4.579901,100.578125
08:00:03,912810UB2,TSRYS5810883,D,S,D,2024-07-11,1000000.00,4.578999,100.58984375
08:00:03,912810UB2,TSRYS5810883,D,S,D,2024-07-11,1000000.00,4.578999,100.58984375
08:00:03,912810UB2,TSRYS5810883,D,S,D,2024-07-11,1000000.00,4.578999,100.58984375
08:00:03,912810UB2,TSRYS5810883,D,S,D,2024-07-11,1000000.00,4.578999,100.58984375
08:00:03,912810UB2,TSRYS5810883,D,B,C,2024-07-11,1000000.00,4.578999,100.58984375
08:00:03,912810UB2,TSRYS5810883,D,B,C,2024-07-11,1000000.00,4.578548,100.595703125
08:00:03,912810UB2,TSRYS5810883,D,S,D,2024-07-11,1000000.00,4.5796,100.58203125
08:00:03,912810UB2,TSRYS5810883,D,B,C,2024-07-11,1000000.00,4.57975,100.580078125
08:00:03,912810UB2,TSRYS5810883,D,B,C,2024-07-11,1000000.00,4.580051,100.576171875
08:00:03,912810UB2,TSRYS5810883,D,B,C,2024-07-11,1000000.00,4.578849,100.591796875
08:00:03,912810UB2,TSRYS5810883,D,S,D,2024-07-11,1000000.00,4.5796,100.58203125
08:00:03,912810UB2,TSRYS5810883,D,S,D,2024-07-11,1000000.00,4.578999,100.58984375
08:00:03,912810UB2,TSRYS5810883,D,S,T,2024-07-11,1000000.00,4.573141,100.666015625
08:00:03,912810UB2,TSRYS5810883,D,S,D,2024-07-11,1000000.00,4.572841,100.669921875
08:00:03,912810UB2,TSRYS5810883,D,B,C,2024-07-11,1000000.00,4.57149,100.6875
08:00:03,912810UB2,TSRYS5810883,D,B,C,2024-07-11,1000000.00,4.57149,100.6875
08:00:03,912810UB2,TSRYS5810883,D,S,D,2024-07-11,1000000.00,4.57119,100.69140625
08:00:03,912810UB2,TSRYS5810883,D,S,D,2024-07-11,1000000.00,4.57119,100.69140625
08:00:03,912810UB2,TSRYS5810883,D,S,D,2024-07-11,1000000.00,4.57119,100.69140625
08:00:03,912810UB2,TSRYS5810883,D,S,D,2024-07-11,1000000.00,4.573592,100.66015625
08:00:03,912810UB2,TSRYS5810883,D,S,D,2024-07-11,1000000.00,4.573592,100.66015625
08:00:03,912810UB2,TSRYS5810883,D,B,C,2024-07-11,1000000.00,4.573892,100.65625
08:00:03,912810UB2,TSRYS5810883,D,S,D,2024-07-11,1000000.00,4.573592,100.66015625
08:00:03,912810UB2,TSRYS5810883,D,S,T,2024-07-11,1000000.00,4.577797,100.60546875
08:00:03,912810UB2,TSRYS5810883,D,S,D,2024-07-11,1000000.00,4.577797,100.60546875
08:00:03,912810UB2,TSRYS5810883,D,S,T,2024-07-11,1000000.00,4.577647,100.607421875
08:00:03,912810UB2,TSRYS5810883,D,S,D,2024-07-11,1000000.00,4.577647,100.607421875
08:00:03,912810UB2,TSRYS5810883,D,S,T,2024-07-11,1000000.00,4.577647,100.607421875
08:00:03,912810UB2,TSRYS5810883,D,B,C,2024-07-11,1000000.00,4.578698,100.59375
08:00:09,912810UB2,TSRYS5810883,D,S,C,2024-07-11,50000.00,4.586788,100.48868125
08:00:11,912810UB2,TSRYS5810883,D,S,D,2024-07-11,9300000.00,4.57987,100.578125
08:00:11,912810UB2,TSRYS5810883,D,S,C,2024-07-11,250000.00,4.578398,100.59765625
08:00:12,912810UB2,TSRYS5810883,D,S,T,2024-07-11,1000000.00,4.579901,100.578125
08:00:13,912810UB2,TSRYS5810883,D,B,A,2024-07-11,6800000.00,4.587721,100.476563
08:00:17,912810UB2,TSRYS5810883,D,S,D,2024-07-11,50000.00,,100.48868125
08:00:25,912810UB2,TSRYS5810883,D,S,T,2024-07-11,1000000.00,4.588323,100.46875
08:00:25,912810UB2,TSRYS5810883,D,S,T,2024-07-11,1000000.00,4.584712,100.515625
08:00:25,912810UB2,TSRYS5810883,D,S,T,2024-07-11,1000000.00,4.584712,100.515625
08:00:25,912810UB2,TSRYS5810883,D,S,T,2024-07-11,1000000.00,4.584712,100.515625
08:00:25,912810UB2,TSRYS5810883,D,S,T,2024-07-11,1000000.00,4.584712,100.515625
08:00:25,912810UB2,TSRYS5810883,D,S,T,2024-07-11,1000000.00,4.584712,100.515625
08:00:25,912810UB2,TSRYS5810883,D,S,T,2024-07-11,1000000.00,4.585916,100.5
08:00:25,912810UB2,TSRYS5810883,D,S,T,2024-07-11,1000000.00,4.579901,100.578125
08:00:25,912810UB2,TSRYS5810883,D,S,T,2024-07-11,1000000.00,4.577496,100.609375
08:00:25,912810UB2,TSRYS5810883,D,S,D,2024-07-11,1000000.00,4.588323,100.46875
08:00:25,912810UB2,TSRYS5810883,D,S,D,2024-07-11,1000000.00,4.590732,100.4375
08:00:25,912810UB2,TSRYS5810883,D,S,D,2024-07-11,1000000.00,4.590732,100.4375
08:00:25,912810UB2,TSRYS5810883,D,S,D,2024-07-11,1000000.00,4.590732,100.4375
08:00:26,912810UB2,TSRYS5810883,D,S,C,2024-07-11,50000.00,4.586788,100.49868125
08:00:26,912810UB2,TSRYS5810883,D,S,D,2024-07-11,1000000.00,4.581705,100.5546875
08:00:26,912810UB2,TSRYS5810883,D,S,D,2024-07-11,1000000.00,4.58381,100.52734375
08:00:30,912810UB2,TSRYS5810883,D,S,D,2024-07-11,2000000.00,4.578398,100.59765625
08:00:30,912810UB2,TSRYS5810883,D,S,D,2024-07-11,3000000.00,4.577496,100.609375
08:00:30,912810UB2,TSRYS5810883,D,S,D,2024-07-11,1000000.00,4.585314,100.5078125
08:00:30,912810UB2,TSRYS5810883,D,S,D,2024-07-11,1000000.00,4.583208,100.53515625
08:00:30,912810UB2,TSRYS5810883,D,S,D,2024-07-11,1000000.00,4.590431,100.44140625
08:00:34,912810UB2,TSRYS5810883,D,S,D,2024-07-11,1000000.00,4.588323,100.46875
08:00:34,912810UB2,TSRYS5810883,D,S,D,2024-07-11,1000000.00,4.578698,100.59375
08:00:34,912810UB2,TSRYS5810883,D,S,D,2024-07-11,1000000.00,4.576295,100.625
08:00:34,912810UB2,TSRYS5810883,D,S,D,2024-07-11,1000000.00,4.572691,100.671875
08:00:34,912810UB2,TSRYS5810883,D,S,D,2024-07-11,1000000.00,4.572691,100.671875
08:00:34,912810UB2,TSRYS5810883,D,S,D,2024-07-11,1000000.00,4.586668,100.490234375
08:00:34,912810UB2,TSRYS5810883,D,S,D,2024-07-11,1000000.00,4.576595,100.62109375
08:00:34,912810UB2,TSRYS5810883,D,S,D,2024-07-11,1000000.00,4.576595,100.62109375
08:00:34,912810UB2,TSRYS5810883,D,S,D,2024-07-11,1000000.00,4.577196,100.61328125
08:00:34,912810UB2,TSRYS5810883,D,S,D,2024-07-11,1000000.00,4.578097,100.6015625
08:00:34,912810UB2,TSRYS5810883,D,S,T,2024-07-11,1000000.00,4.578097,100.6015625
08:00:34,912810UB2,TSRYS5810883,D,S,D,2024-07-11,1000000.00,4.578097,100.6015625
08:00:34,912810UB2,TSRYS5810883,D,S,D,2024-07-11,1000000.00,4.578999,100.58984375
08:00:34,912810UB2,TSRYS5810883,D,S,T,2024-07-11,1000000.00,4.581103,100.5625
08:00:34,912810UB2,TSRYS5810883,D,S,T,2024-07-11,1000000.00,4.583509,100.53125
08:00:34,912810UB2,TSRYS5810883,D,S,T,2024-07-11,1000000.00,4.583509,100.53125
08:00:34,912810UB2,TSRYS5810883,D,S,T,2024-07-11,1000000.00,4.584712,100.515625
08:00:34,912810UB2,TSRYS5810883,D,S,T,2024-07-11,1000000.00,4.585916,100.5
08:00:34,912810UB2,TSRYS5810883,D,S,T,2024-07-11,1000000.00,4.583509,100.53125
08:00:34,912810UB2,TSRYS5810883,D,S,T,2024-07-11,1000000.00,4.583659,100.529296875
08:00:34,912810UB2,TSRYS5810883,D,S,T,2024-07-11,1000000.00,4.584712,100.515625
08:00:34,912810UB2,TSRYS5810883,D,S,T,2024-07-11,1000000.00,4.584712,100.515625
08:00:34,912810UB2,TSRYS5810883,D,S,T,2024-07-11,1000000.00,4.584712,100.515625
08:00:34,912810UB2,TSRYS5810883,D,S,T,2024-07-11,1000000.00,4.584712,100.515625
08:00:34,912810UB2,TSRYS5810883,D,S,T,2024-07-11,1000000.00,4.585916,100.5
08:00:34,912810UB2,TSRYS5810883,D,S,T,2024-07-11,1000000.00,4.587119,100.484375
08:00:34,912810UB2,TSRYS5810883,D,S,T,2024-07-11,1000000.00,4.584712,100.515625
08:00:34,912810UB2,TSRYS5810883,D,S,T,2024-07-11,1000000.00,4.585916,100.5
08:00:34,912810UB2,TSRYS5810883,D,S,T,2024-07-11,1000000.00,4.584261,100.521484375
08:00:34,912810UB2,TSRYS5810883,D,S,T,2024-07-11,1000000.00,4.584712,100.515625
08:00:34,912810UB2,TSRYS5810883,D,S,T,2024-07-11,1000000.00,4.584111,100.5234375
08:00:34,912810UB2,TSRYS5810883,D,S,T,2024-07-11,1000000.00,4.58396,100.525390625
08:00:34,912810UB2,TSRYS5810883,D,S,T,2024-07-11,1000000.00,4.58381,100.52734375
08:00:34,912810UB2,TSRYS5810883,D,S,T,2024-07-11,1000000.00,4.585916,100.5
08:00:34,912810UB2,TSRYS5810883,D,S,T,2024-07-11,1000000.00,4.585916,100.5
08:00:34,912810UB2,TSRYS5810883,D,S,T,2024-07-11,1000000.00,4.585916,100.5
08:00:34,912810UB2,TSRYS5810883,D,S,T,2024-07-11,1000000.00,4.584712,100.515625
08:00:34,912810UB2,TSRYS5810883,D,S,T,2024-07-11,1000000.00,4.585916,100.5
08:00:34,912810UB2,TSRYS5810883,D,S,T,2024-07-11,1000000.00,4.585916,100.5
08:00:34,912810UB2,TSRYS5810883,D,S,T,2024-07-11,1000000.00,4.583509,100.53125
08:00:34,912810UB2,TSRYS5810883,D,S,T,2024-07-11,1000000.00,4.581103,100.5625
08:00:34,912810UB2,TSRYS5810883,D,S,T,2024-07-11,1000000.00,4.577496,100.609375
08:00:34,912810UB2,TSRYS5810883,D,S,T,2024-07-11,1000000.00,4.578698,100.59375
08:00:34,912810UB2,TSRYS5810883,D,S,T,2024-07-11,1000000.00,4.578698,100.59375
08:00:34,912810UB2,TSRYS5810883,D,S,T,2024-07-11,1000000.00,4.581103,100.5625
08:00:34,912810UB2,TSRYS5810883,D,S,T,2024-07-11,1000000.00,4.575093,100.640625
08:00:34,912810UB2,TSRYS5810883,D,S,T,2024-07-11,2000000.00,4.577647,100.607421875
08:00:34,912810UB2,TSRYS5810883,D,S,T,2024-07-11,1000000.00,4.577647,100.607421875
08:00:34,912810UB2,TSRYS5810883,D,S,D,2024-07-11,1000000.00,4.578097,100.6015625
08:00:34,912810UB2,TSRYS5810883,D,S,T,2024-07-11,1000000.00,4.575093,100.640625
08:00:34,912810UB2,TSRYS5810883,D,S,T,2024-07-11,1000000.00,4.577496,100.609375
08:00:34,912810UB2,TSRYS5810883,D,S,D,2024-07-11,1000000.00,4.581103,100.5625
08:00:34,912810UB2,TSRYS5810883,D,S,D,2024-07-11,1000000.00,4.581103,100.5625
08:00:34,912810UB2,TSRYS5810883,D,S,D,2024-07-11,1000000.00,4.581103,100.5625
08:00:34,912810UB2,TSRYS5810883,D,S,D,2024-07-11,1000000.00,4.581103,100.5625
08:00:34,912810UB2,TSRYS5810883,D,S,D,2024-07-11,1000000.00,4.581103,100.5625
08:00:38,912810UB2,TSRYS5810883,D,B,A,2024-07-11,470000.00,4.570289,100.703125
08:00:38,912810UB2,TSRYS5810883,D,S,C,2024-07-11,770000.00,4.577196,100.61328125
08:00:38,912810UB2,TSRYS5810883,D,S,T,2024-07-11,1000000.00,4.578999,100.58984375
08:00:38,912810UB2,TSRYS5810883,D,S,T,2024-07-11,1000000.00,4.578999,100.58984375
08:00:38,912810UB2,TSRYS5810883,D,S,D,2024-07-11,1000000.00,4.578755,100.5930135226
08:00:38,912810UB2,TSRYS5810883,D,S,D,2024-07-11,1000000.00,4.579594,100.5821157446
08:00:38,912810UB2,TSRYS5810883,D,S,D,2024-07-11,2000000.00,4.579901,100.578125
08:00:38,912810UB2,TSRYS5810883,D,S,D,2024-07-11,1000000.00,4.579901,100.578125
08:00:38,912810UB2,TSRYS5810883,D,S,T,2024-07-11,1000000.00,4.577496,100.609375
08:00:38,912810UB2,TSRYS5810883,D,S,T,2024-07-11,1000000.00,4.577496,100.609375
08:00:38,912810UB2,TSRYS5810883,D,S,T,2024-07-11,1000000.00,4.577496,100.609375
08:00:38,912810UB2,TSRYS5810883,D,S,D,2024-07-11,1000000.00,4.577638,100.6075356177
08:00:38,912810UB2,TSRYS5810883,D,S,T,2024-07-11,1000000.00,4.581103,100.5625
08:00:38,912810UB2,TSRYS5810883,D,S,T,2024-07-11,1000000.00,4.581103,100.5625
08:00:38,912810UB2,TSRYS5810883,D,S,D,2024-07-11,1000000.00,4.581445,100.5580551806
08:00:38,912810UB2,TSRYS5810883,D,S,D,2024-07-11,1000000.00,4.581445,100.5580551806
08:00:38,912810UB2,TSRYS5810883,D,S,T,2024-07-11,1000000.00,4.582306,100.546875
08:00:38,912810UB2,TSRYS5810883,D,S,T,2024-07-11,1000000.00,4.582306,100.546875
08:00:38,912810UB2,TSRYS5810883,D,S,D,2024-07-11,1000000.00,4.582422,100.5453670965
08:00:38,912810UB2,TSRYS5810883,D,S,D,2024-07-11,1000000.00,4.581704,100.5546907444
08:00:38,912810UB2,TSRYS5810883,D,S,D,2024-07-11,1000000.00,4.581103,100.5625
08:00:38,912810UB2,TSRYS5810883,D,S,D,2024-07-11,1000000.00,4.5796,100.58203125
08:00:38,912810UB2,TSRYS5810883,D,S,D,2024-07-11,1000000.00,4.579901,100.578125
08:00:38,912810UB2,TSRYS5810883,D,S,D,2024-07-11,1000000.00,4.578999,100.58984375
08:00:38,912810UB2,TSRYS5810883,D,S,D,2024-07-11,1000000.00,4.578698,100.59375
08:00:38,912810UB2,TSRYS5810883,D,S,D,2024-07-11,1000000.00,4.5796,100.58203125
08:00:38,912810UB2,TSRYS5810883,D,S,D,2024-07-11,1000000.00,4.576295,100.625
08:00:39,912810UB2,TSRYS5810883,D,S,D,2024-07-11,1000000.00,4.5793,100.5859375
08:00:40,912810UB2,TSRYS5810883,D,S,D,2024-07-11,2000000.00,4.587119,100.484375
08:00:40,912810UB2,TSRYS5810883,D,S,D,2024-07-11,1000000.00,4.587119,100.484375
08:00:43,912810UB2,TSRYS5810883,D,S,T,2024-07-11,1000000.00,4.587119,100.484375
08:00:43,912810UB2,TSRYS5810883,D,S,A,2024-07-11,7050000.00,4.586186,100.49649375
08:00:46,912810UB2,TSRYS5810883,D,S,D,2024-07-11,1000000.00,4.57149,100.6875
08:00:47,912810UB2,TSRYS5810883,D,S,D,2024-07-11,1000000.00,4.573892,100.65625
08:00:51,912810UB2,TSRYS5810883,D,S,D,2024-07-11,9300000.00,4.579901,100.578125
08:00:52,912810UB2,TSRYS5810883,D,S,T,2024-07-11,1000000.00,4.589829,100.44921875
08:00:54,912810UB2,TSRYS5810883,D,S,T,2024-07-11,1000000.00,4.5796,100.58203125
08:00:54,912810UB2,TSRYS5810883,D,S,T,2024-07-11,1000000.00,4.579901,100.578125
08:00:56,912810UB2,TSRYS5810883,D,S,D,2024-07-11,2000000.00,4.578398,100.59765625
08:00:56,912810UB2,TSRYS5810883,D,S,D,2024-07-11,3000000.00,4.577496,100.609375
08:00:57,912810UB2,TSRYS5810883,D,S,D,2024-07-11,1000000.00,4.578999,100.58984375
08:01:00,912810UB2,TSRYS5810883,D,S,C,2024-07-11,1000000.00,4.581705,100.5546875
08:01:01,912810UB2,TSRYS5810883,D,S,T,2024-07-11,1000000.00,4.583519,100.53112
08:01:01,912810UB2,TSRYS5810883,D,S,T,2024-07-11,1000000.00,4.583519,100.53112
08:01:01,912810UB2,TSRYS5810883,D,S,T,2024-07-11,1000000.00,4.583519,100.53112
08:01:04,912810UB2,TSRYS5810883,D,S,A,2024-07-11,500000.00,4.582907,100.5390625
08:01:04,912810UB2,TSRYS5810883,D,S,A,2024-07-11,20000.00,4.583177,100.53555625
08:01:08,912810UB2,TSRYS5810883,D,S,C,2024-07-11,460000.00,4.577797,100.60546875
08:01:08,912810UB2,TSRYS5810883,D,S,D,2024-07-11,1000000.00,4.583208,100.53515625
08:01:10,912810UB2,TSRYS5810883,D,S,A,2024-07-11,100000.00,4.577271,100.612304688
08:01:10,912810UB2,TSRYS5810883,D,B,A,2024-07-11,1000000.00,4.578999,100.58984375
08:01:10,912810UB2,TSRYS5810883,D,S,A,2024-07-11,670000.00,4.576865,100.6175875
08:01:11,912810UB2,TSRYS5810883,D,B,A,2024-07-11,1000000.00,4.579901,100.578125
08:01:12,912810UB2,TSRYS5810883,D,S,D,2024-07-11,1000000.00,4.584111,100.5234375
08:01:12,912810UB2,TSRYS5810883,D,B,C,2024-07-11,1000000.00,4.584411,100.51953125
08:01:12,912810UB2,TSRYS5810883,D,B,C,2024-07-11,1000000.00,4.584111,100.5234375
08:01:12,912810UB2,TSRYS5810883,D,S,C,2024-07-11,1000000.00,4.58381,100.52734375
08:01:12,912810UB2,TSRYS5810883,D,S,D,2024-07-11,1000000.00,4.588323,100.46875
08:01:12,912810UB2,TSRYS5810883,D,B,C,2024-07-11,1000000.00,4.590732,100.4375
08:01:12,912810UB2,TSRYS5810883,D,S,D,2024-07-11,1000000.00,4.584411,100.51953125
08:01:12,912810UB2,TSRYS5810883,D,B,C,2024-07-11,1000000.00,4.590732,100.4375
08:01:12,912810UB2,TSRYS5810883,D,B,C,2024-07-11,1000000.00,4.590732,100.4375
08:01:12,912810UB2,TSRYS5810883,D,S,D,2024-07-11,1000000.00,4.590732,100.4375
08:01:12,912810UB2,TSRYS5810883,D,S,D,2024-07-11,1000000.00,4.590732,100.4375
08:01:12,912810UB2,TSRYS5810883,D,S,C,2024-07-11,1000000.00,4.590732,100.4375
08:01:12,912810UB2,TSRYS5810883,D,S,D,2024-07-11,1000000.00,4.590732,100.4375
08:01:12,912810UB2,TSRYS5810883,D,B,C,2024-07-11,1000000.00,4.590732,100.4375
08:01:12,912810UB2,TSRYS5810883,D,S,D,2024-07-11,1000000.00,4.590431,100.44140625
08:01:12,912810UB2,TSRYS5810883,D,B,C,2024-07-11,1000000.00,4.590431,100.44140625
08:01:12,912810UB2,TSRYS5810883,D,S,D,2024-07-11,1000000.00,4.585916,100.5
08:01:12,912810UB2,TSRYS5810883,D,S,D,2024-07-11,1000000.00,4.580803,100.56640625
08:01:12,912810UB2,TSRYS5810883,D,S,D,2024-07-11,1000000.00,4.589227,100.45703125
08:01:12,912810UB2,TSRYS5810883,D,B,C,2024-07-11,1000000.00,4.581103,100.5625
08:01:12,912810UB2,TSRYS5810883,D,B,C,2024-07-11,1000000.00,4.581103,100.5625
08:01:12,912810UB2,TSRYS5810883,D,B,C,2024-07-11,1000000.00,4.581103,100.5625
08:01:12,912810UB2,TSRYS5810883,D,B,C,2024-07-11,1000000.00,4.581103,100.5625
08:01:12,912810UB2,TSRYS5810883,D,B,C,2024-07-11,1000000.00,4.581103,100.5625
08:01:12,912810UB2,TSRYS5810883,D,S,D,2024-07-11,1000000.00,4.585916,100.5
08:01:12,912810UB2,TSRYS5810883,D,S,D,2024-07-11,1000000.00,4.581103,100.5625
08:01:12,912810UB2,TSRYS5810883,D,S,D,2024-07-11,1000000.00,4.581103,100.5625
08:01:12,912810UB2,TSRYS5810883,D,B,C,2024-07-11,1000000.00,4.581103,100.5625
08:01:12,912810UB2,TSRYS5810883,D,S,D,2024-07-11,1000000.00,4.581103,100.5625
08:01:12,912810UB2,TSRYS5810883,D,S,D,2024-07-11,1000000.00,4.581103,100.5625
08:01:12,912810UB2,TSRYS5810883,D,S,C,2024-07-11,1000000.00,4.581103,100.5625
08:01:12,912810UB2,TSRYS5810883,D,B,C,2024-07-11,1000000.00,4.581103,100.5625
08:01:12,912810UB2,TSRYS5810883,D,S,C,2024-07-11,1000000.00,4.581103,100.5625
08:01:12,912810UB2,TSRYS5810883,D,S,D,2024-07-11,1000000.00,4.581103,100.5625
08:01:12,912810UB2,TSRYS5810883,D,S,D,2024-07-11,1000000.00,4.581103,100.5625
08:01:12,912810UB2,TSRYS5810883,D,B,C,2024-07-11,1000000.00,4.581103,100.5625
08:01:12,912810UB2,TSRYS5810883,D,S,D,2024-07-11,1000000.00,4.581103,100.5625
08:01:12,912810UB2,TSRYS5810883,D,B,C,2024-07-11,1000000.00,4.581103,100.5625
08:01:13,912810UB2,TSRYS5810883,D,B,C,2024-07-11,1000000.00,4.581103,100.5625
08:01:13,912810UB2,TSRYS5810883,D,S,D,2024-07-11,1000000.00,4.581103,100.5625
08:01:13,912810UB2,TSRYS5810883,D,S,D,2024-07-11,1000000.00,4.581103,100.5625
08:01:13,912810UB2,TSRYS5810883,D,S,C,2024-07-11,1000000.00,4.581103,100.5625
08:01:13,912810UB2,TSRYS5810883,D,B,C,2024-07-11,1000000.00,4.581103,100.5625
08:01:13,912810UB2,TSRYS5810883,D,B,C,2024-07-11,1000000.00,4.581103,100.5625
08:01:13,912810UB2,TSRYS5810883,D,B,C,2024-07-11,1000000.00,4.579901,100.578125
08:01:13,912810UB2,TSRYS5810883,D,S,C,2024-07-11,1000000.00,4.579901,100.578125
08:01:13,912810UB2,TSRYS5810883,D,B,C,2024-07-11,1000000.00,4.5796,100.58203125
08:01:13,912810UB2,TSRYS5810883,D,S,D,2024-07-11,1000000.00,4.5796,100.58203125
08:01:13,912810UB2,TSRYS5810883,D,S,D,2024-07-11,1000000.00,4.579901,100.578125
08:01:13,912810UB2,TSRYS5810883,D,B,C,2024-07-11,1000000.00,4.579901,100.578125
08:01:13,912810UB2,TSRYS5810883,D,S,C,2024-07-11,1000000.00,4.580502,100.5703125
08:01:13,912810UB2,TSRYS5810883,D,B,C,2024-07-11,1000000.00,4.580502,100.5703125
08:01:13,912810UB2,TSRYS5810883,D,S,C,2024-07-11,1000000.00,4.580803,100.56640625
08:01:13,912810UB2,TSRYS5810883,D,B,C,2024-07-11,1000000.00,4.580803,100.56640625
08:01:13,912810UB2,TSRYS5810883,D,S,C,2024-07-11,1000000.00,4.580201,100.57421875
08:01:13,912810UB2,TSRYS5810883,D,B,C,2024-07-11,1000000.00,4.580201,100.57421875
08:01:13,912810UB2,TSRYS5810883,D,S,C,2024-07-11,1000000.00,4.580502,100.5703125
08:01:13,912810UB2,TSRYS5810883,D,B,C,2024-07-11,1000000.00,4.580502,100.5703125
08:01:13,912810UB2,TSRYS5810883,D,B,C,2024-07-11,1000000.00,4.5796,100.58203125
08:01:13,912810UB2,TSRYS5810883,D,S,D,2024-07-11,1000000.00,4.5796,100.58203125
08:01:13,912810UB2,TSRYS5810883,D,S,D,2024-07-11,1000000.00,4.578999,100.58984375
08:01:13,912810UB2,TSRYS5810883,D,S,D,2024-07-11,1000000.00,4.578999,100.58984375
08:01:13,912810UB2,TSRYS5810883,D,S,D,2024-07-11,1000000.00,4.5796,100.58203125
08:01:13,912810UB2,TSRYS5810883,D,B,C,2024-07-11,1000000.00,4.5796,100.58203125
08:01:13,912810UB2,TSRYS5810883,D,S,D,2024-07-11,1000000.00,4.576295,100.625
08:01:13,912810UB2,TSRYS5810883,D,S,C,2024-07-11,10000.00,4.584411,100.51953125
08:01:13,912810UB2,TSRYS5810883,D,S,D,2024-07-11,1000000.00,4.577196,100.61328125
08:01:13,912810UB2,TSRYS5810883,D,B,C,2024-07-11,1000000.00,4.577196,100.61328125
08:01:13,912810UB2,TSRYS5810883,D,S,D,2024-07-11,1000000.00,4.5793,100.5859375
08:01:13,912810UB2,TSRYS5810883,D,B,C,2024-07-11,1000000.00,4.5793,100.5859375
08:01:13,912810UB2,TSRYS5810883,D,B,C,2024-07-11,1000000.00,4.5796,100.58203125
08:01:13,912810UB2,TSRYS5810883,D,S,D,2024-07-11,1000000.00,4.5796,100.58203125
08:01:13,912810UB2,TSRYS5810883,D,S,C,2024-07-11,1000000.00,4.5796,100.58203125
08:01:13,912810UB2,TSRYS5810883,D,B,C,2024-07-11,1000000.00,4.5796,100.58203125
08:01:13,912810UB2,TSRYS5810883,D,B,C,2024-07-11,1000000.00,4.579901,100.578125
08:01:13,912810UB2,TSRYS5810883,D,B,C,2024-07-11,1000000.00,4.579901,100.578125
08:01:13,912810UB2,TSRYS5810883,D,S,D,2024-07-11,1000000.00,4.579901,100.578125
08:01:13,912810UB2,TSRYS5810883,D,S,D,2024-07-11,1000000.00,4.579901,100.578125
08:01:13,912810UB2,TSRYS5810883,D,B,C,2024-07-11,1000000.00,4.579901,100.578125
08:01:13,912810UB2,TSRYS5810883,D,S,D,2024-07-11,1000000.00,4.579901,100.578125
08:01:13,912810UB2,TSRYS5810883,D,B,C,2024-07-11,1000000.00,4.580201,100.57421875
08:01:13,912810UB2,TSRYS5810883,D,B,C,2024-07-11,1000000.00,4.579901,100.578125
08:01:13,912810UB2,TSRYS5810883,D,S,D,2024-07-11,1000000.00,4.579901,100.578125
08:01:13,912810UB2,TSRYS5810883,D,S,D,2024-07-11,1000000.00,4.580201,100.57421875
08:01:13,912810UB2,TSRYS5810883,D,S,A,2024-07-11,440000.00,4.581103,100.5625
08:01:13,912810UB2,TSRYS5810883,D,B,C,2024-07-11,1000000.00,4.580201,100.57421875
08:01:13,912810UB2,TSRYS5810883,D,S,D,2024-07-11,1000000.00,4.580201,100.57421875
08:01:13,912810UB2,TSRYS5810883,D,S,D,2024-07-11,1000000.00,4.5796,100.58203125
08:01:14,912810UB2,TSRYS5810883,D,S,D,2024-07-11,1000000.00,4.578999,100.58984375
08:01:14,912810UB2,TSRYS5810883,D,B,C,2024-07-11,1000000.00,4.578398,100.59765625
08:01:14,912810UB2,TSRYS5810883,D,S,D,2024-07-11,1000000.00,4.578398,100.59765625
08:01:15,912810UB2,TSRYS5810883,D,S,C,2024-07-11,1000000.00,4.57149,100.6875
08:01:15,912810UB2,TSRYS5810883,D,B,C,2024-07-11,1000000.00,4.57149,100.6875
08:01:15,912810UB2,TSRYS5810883,D,S,D,2024-07-11,1000000.00,4.57149,100.6875
08:01:15,912810UB2,TSRYS5810883,D,B,C,2024-07-11,1000000.00,4.57149,100.6875
08:01:15,912810UB2,TSRYS5810883,D,B,C,2024-07-11,1000000.00,4.57149,100.6875
08:01:15,912810UB2,TSRYS5810883,D,B,C,2024-07-11,1000000.00,4.57149,100.6875
08:01:15,912810UB2,TSRYS5810883,D,S,D,2024-07-11,1000000.00,4.57149,100.6875
08:01:15,912810UB2,TSRYS5810883,D,S,D,2024-07-11,1000000.00,4.57149,100.6875
08:01:15,912810UB2,TSRYS5810883,D,B,C,2024-07-11,1000000.00,4.57149,100.6875
08:01:15,912810UB2,TSRYS5810883,D,S,D,2024-07-11,1000000.00,4.57149,100.6875
08:01:15,912810UB2,TSRYS5810883,D,B,C,2024-07-11,1000000.00,4.57149,100.6875
08:01:15,912810UB2,TSRYS5810883,D,B,C,2024-07-11,1000000.00,4.57149,100.6875
08:01:15,912810UB2,TSRYS5810883,D,S,D,2024-07-11,1000000.00,4.57149,100.6875
08:01:15,912810UB2,TSRYS5810883,D,S,D,2024-07-11,1000000.00,4.57149,100.6875
08:01:15,912810UB2,TSRYS5810883,D,S,C,2024-07-11,1000000.00,4.573892,100.65625
08:01:15,912810UB2,TSRYS5810883,D,B,C,2024-07-11,1000000.00,4.573892,100.65625
08:01:15,912810UB2,TSRYS5810883,D,B,C,2024-07-11,1000000.00,4.573892,100.65625
08:01:15,912810UB2,TSRYS5810883,D,S,D,2024-07-11,1000000.00,4.573892,100.65625
08:01:15,912810UB2,TSRYS5810883,D,B,C,2024-07-11,1000000.00,4.573892,100.65625
08:01:15,912810UB2,TSRYS5810883,D,S,C,2024-07-11,1000000.00,4.573892,100.65625
08:01:15,912810UB2,TSRYS5810883,D,B,C,2024-07-11,1000000.00,4.573892,100.65625
08:01:15,912810UB2,TSRYS5810883,D,S,D,2024-07-11,1000000.00,4.573892,100.65625
08:01:15,912810UB2,TSRYS5810883,D,S,D,2024-07-11,1000000.00,4.573592,100.66015625
08:01:15,912810UB2,TSRYS5810883,D,S,D,2024-07-11,1000000.00,4.573892,100.65625
08:01:15,912810UB2,TSRYS5810883,D,B,C,2024-07-11,1000000.00,4.573892,100.65625
08:01:15,912810UB2,TSRYS5810883,D,B,C,2024-07-11,1000000.00,4.573892,100.65625
08:01:15,912810UB2,TSRYS5810883,D,S,D,2024-07-11,1000000.00,4.573892,100.65625
08:01:15,912810UB2,TSRYS5810883,D,S,D,2024-07-11,2000000.00,4.578398,100.59765625
08:01:15,912810UB2,TSRYS5810883,D,S,T,2024-07-11,1000000.00,4.581113,100.56237
08:01:17,912810UB2,TSRYS5810883,D,S,A,2024-07-11,20000.00,4.584712,100.540625
08:01:18,912810UB2,TSRYS5810883,D,S,A,2024-07-11,200000.00,4.583509,100.53125
08:01:18,912810UB2,TSRYS5810883,D,S,A,2024-07-11,580000.00,4.575093,100.640625
08:01:22,912810UB2,TSRYS5810883,D,S,C,2024-07-11,1000000.00,4.587119,100.484375
08:01:24,912810UB2,TSRYS5810883,D,B,C,2024-07-11,1000000.00,4.583509,100.53125
08:01:24,912810UB2,TSRYS5810883,D,S,D,2024-07-11,1000000.00,4.583509,100.53125
08:01:24,912810UB2,TSRYS5810883,D,S,D,2024-07-11,3000000.00,4.577496,100.609375
08:01:24,912810UB2,TSRYS5810883,D,B,C,2024-07-11,1000000.00,4.578698,100.59375
08:01:24,912810UB2,TSRYS5810883,D,S,D,2024-07-11,1000000.00,4.578698,100.59375
08:01:25,912810UB2,TSRYS5810883,D,B,C,2024-07-11,1000000.00,4.578999,100.58984375
08:01:25,912810UB2,TSRYS5810883,D,S,D,2024-07-11,1000000.00,4.578999,100.58984375
08:01:26,912810UB2,TSRYS5810883,D,B,A,2024-07-11,860000.00,4.575994,100.62890625
08:01:27,912810UB2,TSRYS5810883,D,B,A,2024-07-11,440000.00,4.575694,100.6328125
08:01:29,912810UB2,TSRYS5810883,D,S,C,2024-07-11,1000000.00,4.585314,100.5078125
08:01:30,912810UB2,TSRYS5810883,D,S,A,2024-07-11,15000.00,4.570564,100.69921875
08:01:30,912810UB2,TSRYS5810883,D,S,C,2024-07-11,1000000.00,4.583208,100.53515625
08:01:30,912810UB2,TSRYS5810883,D,S,D,2024-07-11,1000000.00,4.583208,100.53515625
08:01:31,912810UB2,TSRYS5810883,D,S,C,2024-07-11,1000000.00,4.585916,100.5
08:01:32,912810UB2,TSRYS5810883,D,S,D,2024-07-11,1000000.00,4.575093,100.640625
08:01:32,912810UB2,TSRYS5810883,D,S,D,2024-07-11,1000000.00,4.575093,100.640625
08:01:32,912810UB2,TSRYS5810883,D,S,D,2024-07-11,300000.00,4.575393,100.63671875
08:01:36,912810UB2,TSRYS5810883,D,B,C,2024-07-11,1000000.00,4.576595,100.62109375
08:01:36,912810UB2,TSRYS5810883,D,B,C,2024-07-11,1000000.00,4.578097,100.6015625
08:01:36,912810UB2,TSRYS5810883,D,B,C,2024-07-11,1000000.00,4.578097,100.6015625
08:01:36,912810UB2,TSRYS5810883,D,S,D,2024-07-11,1000000.00,4.576595,100.62109375
08:01:36,912810UB2,TSRYS5810883,D,S,D,2024-07-11,1000000.00,4.576595,100.62109375
08:01:36,912810UB2,TSRYS5810883,D,B,C,2024-07-11,1000000.00,4.578999,100.58984375
08:01:36,912810UB2,TSRYS5810883,D,B,C,2024-07-11,1000000.00,4.578999,100.58984375
08:01:36,912810UB2,TSRYS5810883,D,S,D,2024-07-11,1000000.00,4.577797,100.60546875
08:01:36,912810UB2,TSRYS5810883,D,S,T,2024-07-11,1000000.00,4.578398,100.59765625
08:01:36,912810UB2,TSRYS5810883,D,S,D,2024-07-11,1000000.00,4.576295,100.625
08:01:36,912810UB2,TSRYS5810883,D,S,D,2024-07-11,1000000.00,4.576295,100.625
08:01:36,912810UB2,TSRYS5810883,D,S,T,2024-07-11,1000000.00,4.576745,100.61914062
08:01:36,912810UB2,TSRYS5810883,D,S,D,2024-07-11,1000000.00,4.578097,100.6015625
08:01:36,912810UB2,TSRYS5810883,D,S,D,2024-07-11,1000000.00,4.578097,100.6015625
08:01:36,912810UB2,TSRYS5810883,D,S,D,2024-07-11,1000000.00,4.5796,100.58203125
08:01:36,912810UB2,TSRYS5810883,D,S,D,2024-07-11,1000000.00,4.578097,100.6015625
08:01:37,912810UB2,TSRYS5810883,D,S,A,2024-07-11,500000.00,4.578675,100.59375
08:01:37,912810UB2,TSRYS5810883,D,S,D,2024-07-11,1000000.00,4.582306,100.546875
08:01:37,912810UB2,TSRYS5810883,D,S,D,2024-07-11,1000000.00,4.581103,100.5625
08:01:37,912810UB2,TSRYS5810883,D,S,C,2024-07-11,1000000.00,4.581705,100.5546875
08:01:37,912810UB2,TSRYS5810883,D,S,C,2024-07-11,1000000.00,4.582607,100.54296875
08:01:38,912810UB2,TSRYS5810883,D,S,D,2024-07-11,1000000.00,4.581103,100.5625
08:01:38,912810UB2,TSRYS5810883,D,S,C,2024-07-11,1000000.00,4.581254,100.56054687
08:01:39,912810UB2,TSRYS5810883,D,S,C,2024-07-11,1000000.00,4.585916,100.5
08:01:39,912810UB2,TSRYS5810883,D,S,C,2024-07-11,1000000.00,4.583208,100.53515625
08:01:39,912810UB2,TSRYS5810883,D,S,T,2024-07-11,1000000.00,4.583208,100.53515625
08:01:39,912810UB2,TSRYS5810883,D,S,D,2024-07-11,1000000.00,4.583208,100.53515625
08:01:39,912810UB2,TSRYS5810883,D,S,T,2024-07-11,1000000.00,4.585916,100.5
08:01:41,912810UB2,TSRYS5810883,D,S,C,2024-07-11,5000000.00,4.586628,100.49076
08:01:42,912810UB2,TSRYS5810883,D,S,C,2024-07-11,1246000.00,4.583509,100.53125
08:01:43,912810UB2,TSRYS5810883,D,S,A,2024-07-11,1000.00,4.584681,101.016025
08:01:51,912810UB2,TSRYS5810883,D,S,T,2024-07-11,1000000.00,4.578706,100.593648
08:01:51,912810UB2,TSRYS5810883,D,S,T,2024-07-11,1000000.00,4.578706,100.593648
08:01:51,912810UB2,TSRYS5810883,D,S,T,2024-07-11,1000000.00,4.578706,100.593648
08:01:51,912810UB2,TSRYS5810883,D,S,T,2024-07-11,1000000.00,4.578706,100.593648
08:01:51,912810UB2,TSRYS5810883,D,S,T,2024-07-11,1000000.00,4.578706,100.593648
08:01:51,912810UB2,TSRYS5810883,D,S,T,2024-07-11,1000000.00,4.578706,100.593648
08:01:52,912810UB2,TSRYS5810883,D,S,T,2024-07-11,1000000.00,4.579909,100.578023
08:01:52,912810UB2,TSRYS5810883,D,B,C,2024-07-11,2000000.00,4.578548,100.59570312
08:01:52,912810UB2,TSRYS5810883,D,B,C,2024-07-11,26000000.00,4.582607,100.54296875
08:01:52,912810UB2,TSRYS5810883,D,S,T,2024-07-11,1000000.00,4.582306,100.546875
08:01:52,912810UB2,TSRYS5810883,D,S,T,2024-07-11,1000000.00,4.582306,100.546875
08:01:52,912810UB2,TSRYS5810883,D,S,T,2024-07-11,1000000.00,4.582314,100.546773
08:01:52,912810UB2,TSRYS5810883,D,S,T,2024-07-11,1000000.00,4.582314,100.546773
08:01:52,912810UB2,TSRYS5810883,D,S,T,2024-07-11,1000000.00,4.582314,100.546773
08:01:52,912810UB2,TSRYS5810883,D,S,T,2024-07-11,1000000.00,4.582314,100.546773
08:01:52,912810UB2,TSRYS5810883,D,S,T,2024-07-11,1000000.00,4.582314,100.546773
08:01:52,912810UB2,TSRYS5810883,D,S,T,2024-07-11,1000000.00,4.582314,100.546773
08:01:52,912810UB2,TSRYS5810883,D,S,T,2024-07-11,1000000.00,4.581404,100.55859375
08:01:52,912810UB2,TSRYS5810883,D,S,T,2024-07-11,1000000.00,4.581111,100.562398
08:01:52,912810UB2,TSRYS5810883,D,S,T,2024-07-11,1000000.00,4.581404,100.55859375
08:01:52,912810UB2,TSRYS5810883,D,S,T,2024-07-11,1000000.00,4.581111,100.562398
08:01:52,912810UB2,TSRYS5810883,D,S,T,2024-07-11,1000000.00,4.581404,100.55859375
08:01:53,912810UB2,TSRYS5810883,D,S,T,2024-07-11,1000000.00,4.581111,100.562398
08:01:53,912810UB2,TSRYS5810883,D,S,T,2024-07-11,1000000.00,4.581111,100.562398
08:01:53,912810UB2,TSRYS5810883,D,S,T,2024-07-11,2000000.00,4.581404,100.55859375
08:01:53,912810UB2,TSRYS5810883,D,S,T,2024-07-11,1000000.00,4.581111,100.562398
08:01:53,912810UB2,TSRYS5810883,D,S,T,2024-07-11,1000000.00,4.58472,100.515523
08:01:53,912810UB2,TSRYS5810883,D,S,T,2024-07-11,1000000.00,4.58472,100.515523
08:01:57,912810UB2,TSRYS5810883,D,B,C,2024-07-11,1000000.00,4.58381,100.52734375
08:01:57,912810UB2,TSRYS5810883,D,S,D,2024-07-11,1000000.00,4.58381,100.52734375
08:02:03,912810UB2,TSRYS5810883,D,B,C,2024-07-11,1000000.00,4.581103,100.5625
08:02:03,912810UB2,TSRYS5810883,D,S,D,2024-07-11,1000000.00,4.581103,100.5625
08:02:03,912810UB2,TSRYS5810883,D,S,D,2024-07-11,4000000.00,4.579901,100.578125
08:02:03,912810UB2,TSRYS5810883,D,S,D,2024-07-11,1000000.00,4.579901,100.578125
08:02:03,912810UB2,TSRYS5810883,D,S,D,2024-07-11,1000000.00,4.579901,100.578125
08:02:03,912810UB2,TSRYS5810883,D,B,C,2024-07-11,4000000.00,4.579901,100.578125
08:02:03,912810UB2,TSRYS5810883,D,S,D,2024-07-11,1000000.00,4.579901,100.578125
08:02:03,912810UB2,TSRYS5810883,D,S,D,2024-07-11,1000000.00,4.579901,100.578125
08:02:03,912810UB2,TSRYS5810883,D,B,C,2024-07-11,1000000.00,4.579901,100.578125
08:02:03,912810UB2,TSRYS5810883,D,B,C,2024-07-11,1000000.00,4.579916,100.577925
08:02:03,912810UB2,TSRYS5810883,D,S,D,2024-07-11,1000000.00,4.579901,100.578125
08:02:03,912810UB2,TSRYS5810883,D,B,C,2024-07-11,1000000.00,4.579916,100.577925
08:02:03,912810UB2,TSRYS5810883,D,S,D,2024-07-11,365000.00,4.584712,100.515625
08:02:03,912810UB2,TSRYS5810883,D,S,D,2024-07-11,220000.00,4.587119,100.484375
08:02:04,912810UB2,TSRYS5810883,D,S,C,2024-07-11,1000000.00,4.581088,100.5627
08:02:05,912810UB2,TSRYS5810883,D,S,C,2024-07-11,1000000.00,4.583494,100.53145
08:02:05,912810UB2,TSRYS5810883,D,S,D,2024-07-11,1000000.00,4.583499,100.53138
08:02:05,912810UB2,TSRYS5810883,D,S,D,2024-07-11,1000000.00,4.584702,100.515755
08:02:05,912810UB2,TSRYS5810883,D,S,D,2024-07-11,1000000.00,4.585916,100.5
08:02:05,912810UB2,TSRYS5810883,D,B,C,2024-07-11,1000000.00,4.585916,100.5
08:02:06,912810UB2,TSRYS5810883,D,S,D,2024-07-11,1000000.00,4.585906,100.50013
08:02:07,912810UB2,TSRYS5810883,D,S,D,2024-07-11,1000000.00,4.583509,100.53125
08:02:07,912810UB2,TSRYS5810883,D,B,C,2024-07-11,1000000.00,4.583509,100.53125
08:02:07,912810UB2,TSRYS5810883,D,S,D,2024-07-11,1000000.00,4.584712,100.515625
08:02:07,912810UB2,TSRYS5810883,D,S,D,2024-07-11,1000000.00,4.584712,100.515625
08:02:07,912810UB2,TSRYS5810883,D,S,C,2024-07-11,1000000.00,4.584712,100.515625
08:02:07,912810UB2,TSRYS5810883,D,S,D,2024-07-11,1000000.00,4.584712,100.515625
08:02:07,912810UB2,TSRYS5810883,D,S,D,2024-07-11,1000000.00,4.585906,100.50013
08:02:08,912810UB2,TSRYS5810883,D,S,D,2024-07-11,1000000.00,4.584702,100.515755
08:02:08,912810UB2,TSRYS5810883,D,S,D,2024-07-11,1000000.00,4.584702,100.515755
08:02:08,912810UB2,TSRYS5810883,D,B,C,2024-07-11,1000000.00,4.584724,100.515475
08:02:08,912810UB2,TSRYS5810883,D,B,C,2024-07-11,1000000.00,4.584724,100.515473
08:02:08,912810UB2,TSRYS5810883,D,S,D,2024-07-11,1000000.00,4.584702,100.515755
08:02:21,912810UB2,TSRYS5810883,D,S,A,2024-07-11,2885000.00,4.583509,100.53125
08:02:21,912810UB2,TSRYS5810883,D,S,C,2024-07-11,10000000.00,4.585996,100.49896
08:02:21,912810UB2,TSRYS5810883,D,S,A,2024-07-11,1000000.00,4.569389,100.71484375
08:02:21,912810UB2,TSRYS5810883,D,S,D,2024-07-11,540000.00,4.568789,100.72265625
08:02:22,912810UB2,TSRYS5810883,D,B,C,2024-07-11,19000000.00,4.57933,100.5855375
08:02:24,912810UB2,TSRYS5810883,D,S,A,2024-07-11,1000000.00,4.584411,100.51953125
08:02:26,912810UB2,TSRYS5810883,D,S,D,2024-07-11,1000000.00,4.582306,100.546875
08:02:27,912810UB2,TSRYS5810883,D,S,T,2024-07-11,1000000.00,4.581103,100.5625
08:02:28,912810UB2,TSRYS5810883,D,S,T,2024-07-11,1000000.00,4.583509,100.53125
08:02:30,912810UB2,TSRYS5810883,D,S,C,2024-07-11,1000000.00,4.583497,100.5314
08:02:30,912810UB2,TSRYS5810883,D,S,A,2024-07-11,500000.00,4.583509,100.53125
08:02:30,912810UB2,TSRYS5810883,D,B,C,2024-07-11,1000000.00,4.583521,100.531098
08:02:31,912810UB2,TSRYS5810883,D,S,C,2024-07-11,1000000.00,4.584701,100.515777
08:02:32,912810UB2,TSRYS5810883,D,B,C,2024-07-11,1000000.00,4.583524,100.53105
08:02:33,912810UB2,TSRYS5810883,D,S,C,2024-07-11,1000000.00,4.583497,100.531402
08:02:33,912810UB2,TSRYS5810883,D,S,D,2024-07-11,220000.00,4.580803,100.56640625
08:02:35,912810UB2,TSRYS5810883,D,B,A,2024-07-11,1000000.00,4.58381,100.52734375
08:02:35,912810UB2,TSRYS5810883,D,S,T,2024-07-11,1000000.00,4.576295,100.625
08:02:35,912810UB2,TSRYS5810883,D,S,D,2024-07-11,1000000.00,4.585906,100.50013
08:02:35,912810UB2,TSRYS5810883,D,S,D,2024-07-11,1000000.00,4.585916,100.5
08:02:35,912810UB2,TSRYS5810883,D,S,C,2024-07-11,1000000.00,4.585904,100.500152
08:02:36,912810UB2,TSRYS5810883,D,S,D,2024-07-11,1000000.00,4.588323,100.46875
08:02:39,912810UB2,TSRYS5810883,D,S,A,2024-07-11,1000000.00,4.583208,100.53515625
08:02:40,912810UB2,TSRYS5810883,D,B,C,2024-07-11,1000000.00,4.589528,100.453125
08:02:40,912810UB2,TSRYS5810883,D,S,D,2024-07-11,1000000.00,4.589528,100.453125
08:02:41,912810UB2,TSRYS5810883,D,S,A,2024-07-11,1000000.00,4.585916,100.5
08:02:43,912810UB2,TSRYS5810883,D,S,C,2024-07-11,1000000.00,4.583509,100.53125
08:02:43,912810UB2,TSRYS5810883,D,S,C,2024-07-11,1000000.00,4.583509,100.53125
08:02:43,912810UB2,TSRYS5810883,D,B,C,2024-07-11,1000000.00,4.582319,100.5467
08:02:43,912810UB2,TSRYS5810883,D,B,C,2024-07-11,1000000.00,4.583522,100.531075
08:02:43,912810UB2,TSRYS5810883,D,S,D,2024-07-11,1000000.00,4.582306,100.546875
08:02:45,912810UB2,TSRYS5810883,D,B,C,2024-07-11,1000000.00,4.581121,100.562273
08:02:45,912810UB2,TSRYS5810883,D,S,C,2024-07-11,1000000.00,4.581103,100.5625
08:02:49,912810UB2,TSRYS5810883,D,S,C,2024-07-11,1000000.00,4.582306,100.546875
08:02:49,912810UB2,TSRYS5810883,D,B,C,2024-07-11,1000000.00,4.582306,100.546875
08:02:50,912810UB2,TSRYS5810883,D,S,A,2024-07-11,500000.00,4.586518,100.4921875
08:02:50,912810UB2,TSRYS5810883,D,B,C,2024-07-11,1000000.00,4.582318,100.546723
08:02:50,912810UB2,TSRYS5810883,D,S,D,2024-07-11,1000000.00,4.582306,100.546875
08:02:51,912810UB2,TSRYS5810883,D,S,C,2024-07-11,1000000.00,4.581103,100.5625
08:02:51,912810UB2,TSRYS5810883,D,B,C,2024-07-11,1000000.00,4.581115,100.562348
08:02:51,912810UB2,TSRYS5810883,D,S,C,2024-07-11,20000.00,4.586487,100.5175875
08:02:55,912810UB2,TSRYS5810883,D,S,D,2024-07-11,1000000.00,4.581093,100.56263
08:02:55,912810UB2,TSRYS5810883,D,S,D,2024-07-11,1000000.00,4.581093,100.56263
08:02:55,912810UB2,TSRYS5810883,D,B,C,2024-07-11,1000000.00,4.581103,100.5625
08:02:57,912810UB2,TSRYS5810883,D,S,C,2024-07-11,1000000.00,4.583497,100.531402
08:02:57,912810UB2,TSRYS5810883,D,S,C,2024-07-11,1000000.00,4.583509,100.53125
08:02:57,912810UB2,TSRYS5810883,D,S,C,2024-07-11,1000000.00,4.583494,100.53145
08:02:57,912810UB2,TSRYS5810883,D,S,C,2024-07-11,1000000.00,4.583509,100.53125
08:02:57,912810UB2,TSRYS5810883,D,B,C,2024-07-11,1000000.00,4.584712,100.515625
08:02:57,912810UB2,TSRYS5810883,D,S,C,2024-07-11,1000000.00,4.584701,100.515777
08:02:59,912810UB2,TSRYS5810883,D,B,C,2024-07-11,1000000.00,4.585916,100.5
08:02:59,912810UB2,TSRYS5810883,D,S,D,2024-07-11,1000000.00,4.585906,100.50013
08:02:59,912810UB2,TSRYS5810883,D,B,C,2024-07-11,1000000.00,4.584712,100.515625
08:02:59,912810UB2,TSRYS5810883,D,S,D,2024-07-11,1000000.00,4.584712,100.515625
08:02:59,912810UB2,TSRYS5810883,D,S,D,2024-07-11,1000000.00,4.584712,100.515625
08:02:59,912810UB2,TSRYS5810883,D,S,D,2024-07-11,1000000.00,4.584712,100.515625
08:02:59,912810UB2,TSRYS5810883,D,S,D,2024-07-11,1000000.00,4.584712,100.515625
08:02:59,912810UB2,TSRYS5810883,D,S,D,2024-07-11,1000000.00,4.584712,100.515625
08:02:59,912810UB2,TSRYS5810883,D,S,D,2024-07-11,1000000.00,4.584712,100.515625
08:02:59,912810UB2,TSRYS5810883,D,S,D,2024-07-11,1000000.00,4.584712,100.515625
08:02:59,912810UB2,TSRYS5810883,D,S,D,2024-07-11,1000000.00,4.584712,100.515625
08:02:59,912810UB2,TSRYS5810883,D,S,D,2024-07-11,1000000.00,4.585906,100.50013
08:02:59,912810UB2,TSRYS5810883,D,S,D,2024-07-11,1000000.00,4.585906,100.50013
08:02:59,912810UB2,TSRYS5810883,D,S,D,2024-07-11,1000000.00,4.585906,100.50013
08:03:00,912810UB2,TSRYS5810883,D,S,D,2024-07-11,2000000.00,4.58727,100.482421875
08:03:00,912810UB2,TSRYS5810883,D,S,D,2024-07-11,1000000.00,4.58727,100.482421875
08:03:00,912810UB2,TSRYS5810883,D,S,C,2024-07-11,1000000.00,4.583509,100.53125
08:03:01,912810UB2,TSRYS5810883,D,S,C,2024-07-11,1000000.00,4.583509,100.53125
08:03:01,912810UB2,TSRYS5810883,D,B,C,2024-07-11,1000000.00,4.583522,100.531075
08:03:01,912810UB2,TSRYS5810883,D,S,C,2024-07-11,1000000.00,4.583494,100.53145
08:03:01,912810UB2,TSRYS5810883,D,B,C,2024-07-11,1000000.00,4.583524,100.53105
08:03:02,912810UB2,TSRYS5810883,D,B,C,2024-07-11,1000000.00,4.582306,100.546875
08:03:02,912810UB2,TSRYS5810883,D,S,D,2024-07-11,1000000.00,4.582296,100.547005
08:03:02,912810UB2,TSRYS5810883,D,S,D,2024-07-11,2000000.00,4.58742,100.48046875
08:03:02,912810UB2,TSRYS5810883,D,S,D,2024-07-11,1000000.00,4.58742,100.48046875
08:03:05,912810UB2,TSRYS5810883,D,S,D,2024-07-11,1000000.00,4.583499,100.53138
08:03:05,912810UB2,TSRYS5810883,D,B,C,2024-07-11,1000000.00,4.583509,100.531075
08:03:05,912810UB2,TSRYS5810883,D,S,D,2024-07-11,1000000.00,4.583509,100.53125
08:03:05,912810UB2,TSRYS5810883,D,S,D,2024-07-11,1000000.00,4.583509,100.53125
08:03:05,912810UB2,TSRYS5810883,D,B,C,2024-07-11,1000000.00,4.583509,100.53125
08:03:06,912810UB2,TSRYS5810883,D,B,C,2024-07-11,1000000.00,4.584261,100.521484375
08:03:06,912810UB2,TSRYS5810883,D,S,D,2024-07-11,1000000.00,4.584261,100.521484375
08:03:07,912810UB2,TSRYS5810883,D,S,C,2024-07-11,1000000.00,4.584712,100.515625
08:03:08,912810UB2,TSRYS5810883,D,B,C,2024-07-11,1000000.00,4.584111,100.5234375
08:03:09,912810UB2,TSRYS5810883,D,S,D,2024-07-11,1000000.00,4.584111,100.5234375
08:03:09,912810UB2,TSRYS5810883,D,S,D,2024-07-11,2000000.00,4.581103,100.5625
08:03:09,912810UB2,TSRYS5810883,D,B,C,2024-07-11,1000000.00,4.581103,100.5625
08:03:09,912810UB2,TSRYS5810883,D,S,D,2024-07-11,1000000.00,4.581103,100.5625
08:03:09,912810UB2,TSRYS5810883,D,B,C,2024-07-11,1000000.00,4.581103,100.5625
08:03:09,912810UB2,TSRYS5810883,D,S,D,2024-07-11,1000000.00,4.581103,100.5625
08:03:09,912810UB2,TSRYS5810883,D,B,C,2024-07-11,2000000.00,4.581103,100.5625
08:03:09,912810UB2,TSRYS5810883,D,S,D,2024-07-11,1000000.00,4.581103,100.5625
08:03:09,912810UB2,TSRYS5810883,D,B,C,2024-07-11,1000000.00,4.581103,100.5625
08:03:10,912810UB2,TSRYS5810883,D,B,C,2024-07-11,1000000.00,4.579901,100.578125
08:03:10,912810UB2,TSRYS5810883,D,B,C,2024-07-11,1000000.00,4.579914,100.57795
08:03:10,912810UB2,TSRYS5810883,D,S,C,2024-07-11,1000000.00,4.579889,100.578275
08:03:10,912810UB2,TSRYS5810883,D,B,C,2024-07-11,1000000.00,4.579916,100.577925
08:03:10,912810UB2,TSRYS5810883,D,S,C,2024-07-11,1000000.00,4.579889,100.578275
08:03:10,912810UB2,TSRYS5810883,D,S,C,2024-07-11,1000000.00,4.579889,100.578275
08:03:10,912810UB2,TSRYS5810883,D,S,C,2024-07-11,1000000.00,4.579889,100.578275
08:03:10,912810UB2,TSRYS5810883,D,S,C,2024-07-11,1000000.00,4.579889,100.578275
08:03:10,912810UB2,TSRYS5810883,D,B,C,2024-07-11,1000000.00,4.579916,100.577925
08:03:11,912810UB2,TSRYS5810883,D,B,C,2024-07-11,2000000.00,4.579901,100.578125
08:03:11,912810UB2,TSRYS5810883,D,S,D,2024-07-11,2000000.00,4.579901,100.578125
08:03:11,912810UB2,TSRYS5810883,D,S,D,2024-07-11,1000000.00,4.579901,100.578125
08:03:11,912810UB2,TSRYS5810883,D,S,D,2024-07-11,1000000.00,4.579901,100.578125
08:03:11,912810UB2,TSRYS5810883,D,B,C,2024-07-11,1000000.00,4.579918,100.577898
08:03:11,912810UB2,TSRYS5810883,D,S,C,2024-07-11,1000000.00,4.579885,100.578325
08:03:11,912810UB2,TSRYS5810883,D,S,C,2024-07-11,1000000.00,4.579901,100.578125
08:03:12,912810UB2,TSRYS5810883,D,S,C,2024-07-11,1000000.00,4.577496,100.609375
08:03:12,912810UB2,TSRYS5810883,D,B,C,2024-07-11,1000000.00,4.577496,100.609375
08:03:12,912810UB2,TSRYS5810883,D,S,A,2024-07-11,20000.00,4.582576,100.54336875
08:03:12,912810UB2,TSRYS5810883,D,S,D,2024-07-11,1000000.00,4.577496,100.609375
08:03:13,912810UB2,TSRYS5810883,D,S,C,2024-07-11,1050000.00,4.582718,100.541523
08:03:13,912810UB2,TSRYS5810883,D,S,D,2024-07-11,1000000.00,4.578698,100.59375
08:03:14,912810UB2,TSRYS5810883,D,B,C,2024-07-11,1000000.00,4.586668,100.490234375
08:03:14,912810UB2,TSRYS5810883,D,S,C,2024-07-11,1000000.00,4.586668,100.490234375
08:03:14,912810UB2,TSRYS5810883,D,B,C,2024-07-11,1000000.00,4.586668,100.490234375
08:03:14,912810UB2,TSRYS5810883,D,S,D,2024-07-11,1000000.00,4.586668,100.490234375
08:03:14,912810UB2,TSRYS5810883,D,B,C,2024-07-11,1000000.00,4.586668,100.490234375
08:03:14,912810UB2,TSRYS5810883,D,S,D,2024-07-11,1000000.00,4.586668,100.490234375
08:03:14,912810UB2,TSRYS5810883,D,B,C,2024-07-11,1000000.00,4.586668,100.490234375
08:03:14,912810UB2,TSRYS5810883,D,S,D,2024-07-11,1000000.00,4.586668,100.490234375
08:03:14,912810UB2,TSRYS5810883,D,B,C,2024-07-11,1000000.00,4.586668,100.490234375
08:03:14,912810UB2,TSRYS5810883,D,S,D,2024-07-11,1000000.00,4.586668,100.490234375
08:03:14,912810UB2,TSRYS5810883,D,B,C,2024-07-11,1000000.00,4.586668,100.490234375
08:03:14,912810UB2,TSRYS5810883,D,S,D,2024-07-11,1000000.00,4.586668,100.490234375
08:03:14,912810UB2,TSRYS5810883,D,S,A,2024-07-11,1000000.00,4.582306,100.546875
08:03:15,912810UB2,TSRYS5810883,D,S,A,2024-07-11,20000.00,4.583177,100.53555625
08:03:15,912810UB2,TSRYS5810883,D,S,C,2024-07-11,1000000.00,4.577496,100.609375
08:03:15,912810UB2,TSRYS5810883,D,B,C,2024-07-11,1000000.00,4.577512,100.609175
08:03:15,912810UB2,TSRYS5810883,D,S,C,2024-07-11,38500000.00,4.586186,100.49649375
08:03:16,912810UB2,TSRYS5810883,D,B,C,2024-07-11,1000000.00,4.578716,100.593523
08:03:16,912810UB2,TSRYS5810883,D,S,C,2024-07-11,1000000.00,4.578683,100.59395
08:03:17,912810UB2,TSRYS5810883,D,B,C,2024-07-11,1000000.00,4.579918,100.577898
08:03:17,912810UB2,TSRYS5810883,D,S,D,2024-07-11,1000000.00,4.579901,100.578125
08:03:17,912810UB2,TSRYS5810883,D,S,D,2024-07-11,1000000.00,4.579901,100.578125
08:03:17,912810UB2,TSRYS5810883,D,B,C,2024-07-11,1000000.00,4.579918,100.577898
08:03:17,912810UB2,TSRYS5810883,D,S,C,2024-07-11,1000000.00,4.579887,100.5783
08:03:18,912810UB2,TSRYS5810883,D,S,A,2024-07-11,650000.00,4.580502,100.5703125
08:03:18,912810UB2,TSRYS5810883,D,S,D,2024-07-11,1000000.00,4.578698,100.59375
08:03:18,912810UB2,TSRYS5810883,D,S,D,2024-07-11,2000000.00,4.58742,100.48046875
08:03:19,912810UB2,TSRYS5810883,D,S,D,2024-07-11,1000000.00,4.581103,100.5625
08:03:19,912810UB2,TSRYS5810883,D,S,D,2024-07-11,2000000.00,4.58742,100.48046875
08:03:19,912810UB2,TSRYS5810883,D,S,A,2024-07-11,2000000.00,4.577496,100.609375
08:03:19,912810UB2,TSRYS5810883,D,S,D,2024-07-11,2000000.00,4.58742,100.48046875
08:03:19,912810UB2,TSRYS5810883,D,S,A,2024-07-11,1000000.00,4.577797,100.60546875
08:03:20,912810UB2,TSRYS5810883,D,B,A,2024-07-11,1000000.00,4.577496,100.609375
08:03:20,912810UB2,TSRYS5810883,D,S,A,2024-07-11,1000000.00,4.569989,100.70703125
08:03:20,912810UB2,TSRYS5810883,D,S,D,2024-07-11,2000000.00,4.577496,100.609375
08:03:21,912810UB2,TSRYS5810883,D,S,T,2024-07-11,1000000.00,4.577496,100.609375
08:03:22,912810UB2,TSRYS5810883,D,B,C,2024-07-11,1000000.00,4.579901,100.57795
08:03:22,912810UB2,TSRYS5810883,D,S,C,2024-07-11,1000000.00,4.579901,100.578125
08:03:23,912810UB2,TSRYS5810883,D,S,T,2024-07-11,1000000.00,4.578698,100.59375
08:03:23,912810UB2,TSRYS5810883,D,B,A,2024-07-11,510000.00,4.57149,100.6875
08:03:23,912810UB2,TSRYS5810883,D,S,D,2024-07-11,1000000.00,4.581103,100.5625
08:03:25,912810UB2,TSRYS5810883,D,S,C,2024-07-11,1000000.00,4.576279,100.6252
08:03:25,912810UB2,TSRYS5810883,D,S,C,2024-07-11,1000000.00,4.576279,100.6252
08:03:25,912810UB2,TSRYS5810883,D,B,C,2024-07-11,1000000.00,4.576295,100.625
08:03:25,912810UB2,TSRYS5810883,D,S,C,2024-07-11,1000000.00,4.576295,100.625
08:03:28,912810UB2,TSRYS5810883,D,B,C,2024-07-11,1000000.00,4.575093,100.640625
08:03:28,912810UB2,TSRYS5810883,D,S,D,2024-07-11,2000000.00,4.575093,100.640625
08:03:28,912810UB2,TSRYS5810883,D,B,C,2024-07-11,2000000.00,4.575093,100.640625
08:03:28,912810UB2,TSRYS5810883,D,S,D,2024-07-11,1000000.00,4.575093,100.640625
08:03:28,912810UB2,TSRYS5810883,D,S,D,2024-07-11,1000000.00,4.575093,100.640625
08:03:28,912810UB2,TSRYS5810883,D,B,C,2024-07-11,1000000.00,4.575093,100.640625
08:03:28,912810UB2,TSRYS5810883,D,B,C,2024-07-11,2000000.00,4.575093,100.640625
08:03:28,912810UB2,TSRYS5810883,D,S,D,2024-07-11,2000000.00,4.575093,100.640625
08:03:28,912810UB2,TSRYS5810883,D,B,C,2024-07-11,1000000.00,4.587119,100.484375
08:03:28,912810UB2,TSRYS5810883,D,S,D,2024-07-11,1000000.00,4.587119,100.484375
08:03:29,912810UB2,TSRYS5810883,D,S,D,2024-07-11,1000000.00,4.587119,100.484375
08:03:30,912810UB2,TSRYS5810883,D,S,T,2024-07-11,1000000.00,4.577496,100.609375
08:03:35,912810UB2,TSRYS5810883,D,B,C,2024-07-11,3780000.00,4.584712,100.515625
08:03:38,912810UB2,TSRYS5810883,D,B,C,2024-07-11,1000000.00,4.571507,100.687273
08:03:38,912810UB2,TSRYS5810883,D,S,C,2024-07-11,1000000.00,4.57149,100.6875
08:03:38,912810UB2,TSRYS5810883,D,S,D,2024-07-11,2000000.00,4.587721,100.4765625
08:03:38,912810UB2,TSRYS5810883,D,S,D,2024-07-11,2000000.00,4.587721,100.4765625
08:03:38,912810UB2,TSRYS5810883,D,S,T,2024-07-11,2000000.00,4.588323,100.46875
08:03:38,912810UB2,TSRYS5810883,D,S,T,2024-07-11,1000000.00,4.588323,100.46875
08:03:38,912810UB2,TSRYS5810883,D,S,D,2024-07-11,1000000.00,4.588625,100.46484375
08:03:38,912810UB2,TSRYS5810883,D,S,D,2024-07-11,1000000.00,4.588625,100.46484375
08:03:38,912810UB2,TSRYS5810883,D,S,D,2024-07-11,2000000.00,4.587721,100.4765625
08:03:38,912810UB2,TSRYS5810883,D,S,D,2024-07-11,20000.00,4.586487,100.4925875
08:03:39,912810UB2,TSRYS5810883,D,S,C,2024-07-11,1000000.00,4.572691,100.671875
08:03:39,912810UB2,TSRYS5810883,D,B,C,2024-07-11,1000000.00,4.572691,100.671875
08:03:43,912810UB2,TSRYS5810883,D,S,D,2024-07-11,1000000.00,4.577496,100.609375
08:03:43,912810UB2,TSRYS5810883,D,S,D,2024-07-11,200000.00,4.581103,100.5625
08:03:50,912810UB2,TSRYS5810883,D,S,D,2024-07-11,1000000.00,4.576295,100.625
08:03:50,912810UB2,TSRYS5810883,D,S,D,2024-07-11,2000000.00,4.575093,100.640625
08:03:50,912810UB2,TSRYS5810883,D,S,D,2024-07-11,1000000.00,4.575093,100.640625
08:03:50,912810UB2,TSRYS5810883,D,B,C,2024-07-11,2000000.00,4.575093,100.640625
08:03:50,912810UB2,TSRYS5810883,D,S,C,2024-07-11,1000000.00,4.576295,100.625
08:03:50,912810UB2,TSRYS5810883,D,S,C,2024-07-11,1000000.00,4.578698,100.59375
08:03:50,912810UB2,TSRYS5810883,D,S,C,2024-07-11,1000000.00,4.578698,100.59375
08:03:50,912810UB2,TSRYS5810883,D,S,C,2024-07-11,1000000.00,4.578698,100.59375
08:03:50,912810UB2,TSRYS5810883,D,S,C,2024-07-11,1000000.00,4.578683,100.59395
08:03:50,912810UB2,TSRYS5810883,D,S,D,2024-07-11,1000000.00,4.578698,100.59375
08:03:50,912810UB2,TSRYS5810883,D,S,D,2024-07-11,1000000.00,4.578698,100.59375
08:03:51,912810UB2,TSRYS5810883,D,S,D,2024-07-11,1000.00,4.584681,100.516025
08:03:51,912810UB2,TSRYS5810883,D,S,C,2024-07-11,1000000.00,4.577481,100.609575
08:03:51,912810UB2,TSRYS5810883,D,S,D,2024-07-11,1000000.00,4.577496,100.609375
08:03:51,912810UB2,TSRYS5810883,D,S,T,2024-07-11,1000000.00,4.584726,100.515448
08:03:51,912810UB2,TSRYS5810883,D,S,D,2024-07-11,1000000.00,4.577496,100.609375
08:03:52,912810UB2,TSRYS5810883,D,S,D,2024-07-11,1000000.00,4.577496,100.609375
08:03:52,912810UB2,TSRYS5810883,D,B,A,2024-07-11,1000000.00,4.584712,100.515625
08:03:52,912810UB2,TSRYS5810883,D,B,C,2024-07-11,1000000.00,4.577496,100.609375
08:03:52,912810UB2,TSRYS5810883,D,S,D,2024-07-11,1000000.00,4.577496,100.609375
08:03:52,912810UB2,TSRYS5810883,D,B,C,2024-07-11,1000000.00,4.577496,100.609375
08:03:52,912810UB2,TSRYS5810883,D,B,C,2024-07-11,1000000.00,4.577496,100.609375
08:03:52,912810UB2,TSRYS5810883,D,S,T,2024-07-11,1000000.00,4.584726,100.515448
08:03:52,912810UB2,TSRYS5810883,D,S,D,2024-07-11,1000000.00,4.577496,100.609375
08:03:52,912810UB2,TSRYS5810883,D,S,D,2024-07-11,1000000.00,4.587119,100.484375
08:03:52,912810UB2,TSRYS5810883,D,S,T,2024-07-11,1000000.00,4.587131,100.484225
08:03:52,912810UB2,TSRYS5810883,D,S,T,2024-07-11,1000000.00,4.587131,100.484225
08:03:52,912810UB2,TSRYS5810883,D,S,T,2024-07-11,1000000.00,4.587131,100.484225
08:03:52,912810UB2,TSRYS5810883,D,S,T,2024-07-11,1000000.00,4.587131,100.484225
08:03:52,912810UB2,TSRYS5810883,D,S,D,2024-07-11,1000000.00,4.578698,100.59375
08:03:52,912810UB2,TSRYS5810883,D,S,T,2024-07-11,1000000.00,4.579149,100.58789063
08:03:52,912810UB2,TSRYS5810883,D,S,C,2024-07-11,1000000.00,4.578698,100.59375
08:03:52,912810UB2,TSRYS5810883,D,B,C,2024-07-11,1000000.00,4.578716,100.593523
08:03:52,912810UB2,TSRYS5810883,D,S,T,2024-07-11,1000000.00,4.578849,100.59179688
08:03:52,912810UB2,TSRYS5810883,D,S,D,2024-07-11,1000000.00,4.577496,100.609375
08:03:53,912810UB2,TSRYS5810883,D,S,D,2024-07-11,1000000.00,4.579901,100.578125
08:03:53,912810UB2,TSRYS5810883,D,S,C,2024-07-11,1000000.00,4.577485,100.609525
08:03:55,912810UB2,TSRYS5810883,D,S,C,2024-07-11,1000000.00,4.581103,100.5625
08:03:55,912810UB2,TSRYS5810883,D,S,C,2024-07-11,1000000.00,4.581103,100.5625
08:03:56,912810UB2,TSRYS5810883,D,S,D,2024-07-11,1000000.00,4.578849,100.591796875
08:03:56,912810UB2,TSRYS5810883,D,S,D,2024-07-11,1000000.00,4.582306,100.546875
08:03:56,912810UB2,TSRYS5810883,D,S,C,2024-07-11,1000000.00,4.582306,100.546875
08:03:56,912810UB2,TSRYS5810883,D,S,C,2024-07-11,1000000.00,4.582291,100.547075
08:03:56,912810UB2,TSRYS5810883,D,S,D,2024-07-11,1000000.00,4.582306,100.546875
08:03:56,912810UB2,TSRYS5810883,D,S,C,2024-07-11,1000000.00,4.582306,100.546875
08:03:56,912810UB2,TSRYS5810883,D,S,D,2024-07-11,1000000.00,4.582306,100.546875
08:03:56,912810UB2,TSRYS5810883,D,S,D,2024-07-11,1000000.00,4.579149,100.587890625
08:03:56,912810UB2,TSRYS5810883,D,B,C,2024-07-11,1000000.00,4.582306,100.546875
08:03:56,912810UB2,TSRYS5810883,D,S,C,2024-07-11,1000000.00,4.582306,100.546875
08:03:57,912810UB2,TSRYS5810883,D,S,C,2024-07-11,1000000.00,4.581103,100.5625
08:03:57,912810UB2,TSRYS5810883,D,S,C,2024-07-11,1000000.00,4.581103,100.5625
08:03:57,912810UB2,TSRYS5810883,D,S,C,2024-07-11,1000000.00,4.581103,100.5625
08:03:57,912810UB2,TSRYS5810883,D,S,C,2024-07-11,1000000.00,4.581103,100.5625
08:03:57,912810UB2,TSRYS5810883,D,S,C,2024-07-11,1000000.00,4.581103,100.5625
08:03:59,912810UB2,TSRYS5810883,D,S,C,2024-07-11,1000000.00,4.582306,100.546875
08:03:59,912810UB2,TSRYS5810883,D,S,C,2024-07-11,1000000.00,4.582306,100.546875
08:04:00,912810UB2,TSRYS5810883,D,B,C,2024-07-11,1000000.00,4.581103,100.5625
08:04:00,912810UB2,TSRYS5810883,D,S,D,2024-07-11,1000000.00,4.581103,100.5625
08:04:03,912810UB2,TSRYS5810883,D,S,C,2024-07-11,1000000.00,4.584697,100.515825
08:04:03,912810UB2,TSRYS5810883,D,S,C,2024-07-11,1000000.00,4.584712,100.515625
08:04:07,912810UB2,TSRYS5810883,D,B,C,2024-07-11,1000000.00,4.583509,100.53125
08:04:07,912810UB2,TSRYS5810883,D,S,D,2024-07-11,1000000.00,4.583509,100.53125
08:04:09,912810UB2,TSRYS5810883,D,B,C,2024-07-11,1000000.00,4.575093,100.640625
08:04:09,912810UB2,TSRYS5810883,D,S,D,2024-07-11,1000000.00,4.575093,100.640625
08:04:10,912810UB2,TSRYS5810883,D,S,D,2024-07-11,1000000.00,4.573141,100.666015625
08:04:11,912810UB2,TSRYS5810883,D,S,T,2024-07-11,1000000.00,4.586525,100.4920875
08:04:11,912810UB2,TSRYS5810883,D,S,T,2024-07-11,1000000.00,4.586375,100.494040625
08:04:11,912810UB2,TSRYS5810883,D,S,T,2024-07-11,1000000.00,4.586224,100.49599375
08:04:12,912810UB2,TSRYS5810883,D,S,C,2024-07-11,1000000.00,4.587119,100.484375
08:04:12,912810UB2,TSRYS5810883,D,S,D,2024-07-11,1000000.00,4.587119,100.484375
08:04:12,912810UB2,TSRYS5810883,D,S,D,2024-07-11,1000000.00,4.587119,100.484375
08:04:12,912810UB2,TSRYS5810883,D,S,C,2024-07-11,1000000.00,4.587104,100.484575
08:04:23,912810UB2,TSRYS5810883,D,S,D,2024-07-11,85000.00,4.57059,100.69921875
08:04:24,912810UB2,TSRYS5810883,D,S,D,2024-07-11,185000.00,4.575093,100.640625
08:04:24,912810UB2,TSRYS5810883,D,S,C,2024-07-11,2000000.00,4.588323,100.46875
08:04:24,912810UB2,TSRYS5810883,D,S,D,2024-07-11,1000000.00,4.588323,100.46875
08:04:25,912810UB2,TSRYS5810883,D,B,C,2024-07-11,4455000.00,4.585916,100.5
08:04:27,912810UB2,TSRYS5810883,D,S,D,2024-07-11,40000.00,4.57059,100.69921875
08:04:36,912810UB2,TSRYS5810883,D,S,D,2024-07-11,1000000.00,4.586819,100.48828125
08:04:36,912810UB2,TSRYS5810883,D,S,D,2024-07-11,1000000.00,4.586819,100.48828125
08:04:36,912810UB2,TSRYS5810883,D,B,C,2024-07-11,1000000.00,4.586819,100.48828125
08:04:40,912810UB2,TSRYS5810883,D,S,D,2024-07-11,1000000.00,4.588323,100.46875
08:04:40,912810UB2,TSRYS5810883,D,S,T,2024-07-11,1000000.00,4.588323,100.46875
08:04:45,912810UB2,TSRYS5810883,D,S,D,2024-07-11,20000.00,4.584712,100.515625
08:04:57,912810UB2,TSRYS5810883,D,S,D,2024-07-11,1000000.00,4.577797,100.60546875
08:04:57,912810UB2,TSRYS5810883,D,S,D,2024-07-11,1000000.00,4.577647,100.607421875
08:05:05,912810UB2,TSRYS5810883,D,B,C,2024-07-11,1000000.00,4.577647,100.607421875
08:05:05,912810UB2,TSRYS5810883,D,S,D,2024-07-11,1000000.00,4.577647,100.607421875
08:05:05,912810UB2,TSRYS5810883,D,S,D,2024-07-11,1000000.00,4.577647,100.607421875
08:05:08,912810UB2,TSRYS5810883,D,B,C,2024-07-11,1000000.00,4.587131,100.484225
08:05:08,912810UB2,TSRYS5810883,D,S,C,2024-07-11,1000000.00,4.587119,100.484375
08:05:08,912810UB2,TSRYS5810883,D,S,D,2024-07-11,1000000.00,4.588312,100.4689
08:05:13,912810UB2,TSRYS5810883,D,S,D,2024-07-11,1000000.00,4.578097,100.6015625
08:05:15,912810UB2,TSRYS5810883,D,S,T,2024-07-11,1000000.00,4.587119,100.484375
08:05:21,912810UB2,TSRYS5810883,D,S,D,2024-07-11,1000000.00,4.578999,100.58984375
08:05:21,912810UB2,TSRYS5810883,D,S,D,2024-07-11,1000000.00,4.578999,100.58984375
08:05:26,912810UB2,TSRYS5810883,D,S,C,2024-07-11,1000000.00,4.578398,100.59765625
08:05:27,912810UB2,TSRYS5810883,D,S,D,2024-07-11,1000000.00,4.576745,100.619140625
08:05:30,912810UB2,TSRYS5810883,D,S,A,2024-07-11,100000.00,4.587089,100.489775
08:05:35,912810UB2,TSRYS5810883,D,S,D,2024-07-11,1000000.00,4.586819,100.48828125
08:05:35,912810UB2,TSRYS5810883,D,S,D,2024-07-11,1000000.00,4.587119,100.484375
08:05:35,912810UB2,TSRYS5810883,D,S,D,2024-07-11,1000000.00,4.587119,100.484375
08:05:35,912810UB2,TSRYS5810883,D,S,D,2024-07-11,2000000.00,4.587119,100.484375
08:05:35,912810UB2,TSRYS5810883,D,S,D,2024-07-11,1000000.00,4.587119,100.484375
08:05:35,912810UB2,TSRYS5810883,D,S,D,2024-07-11,2000000.00,4.587119,100.484375
08:05:36,912810UB2,TSRYS5810883,D,S,D,2024-07-11,100000.00,4.587089,100.484775
08:05:36,912810UB2,TSRYS5810883,D,S,D,2024-07-11,1000000.00,4.587119,100.484375
08:05:36,912810UB2,TSRYS5810883,D,S,D,2024-07-11,1000000.00,4.587119,100.484375
08:05:37,912810UB2,TSRYS5810883,D,S,T,2024-07-11,1000000.00,4.586969,100.486328125
08:05:37,912810UB2,TSRYS5810883,D,S,D,2024-07-11,1000000.00,4.587119,100.484375
08:05:43,912810UB2,TSRYS5810883,D,S,D,2024-07-11,900000.00,4.58742,100.48046875
08:05:59,912810UB2,TSRYS5810883,D,S,C,2024-07-11,1000000.00,4.588022,100.47265625
08:05:59,912810UB2,TSRYS5810883,D,B,C,2024-07-11,1000000.00,4.588022,100.47265625
08:05:59,912810UB2,TSRYS5810883,D,S,D,2024-07-11,1000000.00,4.588323,100.46875
08:05:59,912810UB2,TSRYS5810883,D,B,C,2024-07-11,1000000.00,4.588323,100.46875
08:05:59,912810UB2,TSRYS5810883,D,S,D,2024-07-11,1000000.00,4.588323,100.46875
08:05:59,912810UB2,TSRYS5810883,D,B,C,2024-07-11,1000000.00,4.588323,100.46875
08:05:59,912810UB2,TSRYS5810883,D,B,C,2024-07-11,1000000.00,4.588323,100.46875
08:05:59,912810UB2,TSRYS5810883,D,S,D,2024-07-11,1000000.00,4.588022,100.47265625
08:05:59,912810UB2,TSRYS5810883,D,S,D,2024-07-11,1000000.00,4.588323,100.46875
08:05:59,912810UB2,TSRYS5810883,D,S,D,2024-07-11,1000000.00,4.588323,100.46875
08:05:59,912810UB2,TSRYS5810883,D,B,C,2024-07-11,1000000.00,4.588323,100.46875
08:05:59,912810UB2,TSRYS5810883,D,S,D,2024-07-11,1000000.00,4.588022,100.47265625
08:05:59,912810UB2,TSRYS5810883,D,B,C,2024-07-11,1000000.00,4.588323,100.46875
08:05:59,912810UB2,TSRYS5810883,D,S,D,2024-07-11,1000000.00,4.588323,100.46875
08:05:59,912810UB2,TSRYS5810883,D,S,D,2024-07-11,1000000.00,4.588022,100.47265625
08:05:59,912810UB2,TSRYS5810883,D,S,T,2024-07-11,1000000.00,4.586969,100.48632812
08:05:59,912810UB2,TSRYS5810883,D,S,D,2024-07-11,1000000.00,4.588323,100.46875
08:05:59,912810UB2,TSRYS5810883,D,B,C,2024-07-11,1000000.00,4.588323,100.46875
08:05:59,912810UB2,TSRYS5810883,D,S,D,2024-07-11,1000000.00,4.588323,100.46875
08:05:59,912810UB2,TSRYS5810883,D,S,T,2024-07-11,1000000.00,4.586969,100.48632812
08:05:59,912810UB2,TSRYS5810883,D,S,D,2024-07-11,1000000.00,4.587119,100.484375
08:06:00,912810UB2,TSRYS5810883,D,S,D,2024-07-11,1000000.00,4.588323,100.46875
08:06:01,912810UB2,TSRYS5810883,D,B,C,2024-07-11,1000000.00,4.588323,100.46875
08:06:01,912810UB2,TSRYS5810883,D,S,D,2024-07-11,1000000.00,4.588323,100.46875
08:06:01,912810UB2,TSRYS5810883,D,B,C,2024-07-11,1000000.00,4.588323,100.46875
08:06:01,912810UB2,TSRYS5810883,D,S,C,2024-07-11,1000000.00,4.588323,100.46875
08:06:02,912810UB2,TSRYS5810883,D,B,C,2024-07-11,1000000.00,4.588474,100.466796875
08:06:02,912810UB2,TSRYS5810883,D,S,D,2024-07-11,1000000.00,4.588022,100.47265625
08:06:03,912810UB2,TSRYS5810883,D,S,D,2024-07-11,1000000.00,4.588022,100.47265625
08:06:03,912810UB2,TSRYS5810883,D,S,D,2024-07-11,1000000.00,4.588022,100.47265625
08:06:03,912810UB2,TSRYS5810883,D,S,D,2024-07-11,1000000.00,4.588022,100.47265625
08:06:07,912810UB2,TSRYS5810883,D,S,C,2024-07-11,1000000.00,4.587119,100.484375
08:06:10,912810UB2,TSRYS5810883,D,S,T,2024-07-11,1000000.00,4.58742,100.48046875
08:06:10,912810UB2,TSRYS5810883,D,S,D,2024-07-11,1000000.00,4.58742,100.48046875
08:06:13,912810UB2,TSRYS5810883,D,S,C,2024-07-11,2000000.00,4.586969,100.48632812
08:06:13,912810UB2,TSRYS5810883,D,S,D,2024-07-11,1000000.00,4.586969,100.48632812
08:06:13,912810UB2,TSRYS5810883,D,S,T,2024-07-11,1000000.00,4.587119,100.484375
08:06:13,912810UB2,TSRYS5810883,D,S,D,2024-07-11,1000000.00,4.586969,100.48632812
08:06:13,912810UB2,TSRYS5810883,D,S,D,2024-07-11,1000000.00,4.586969,100.48632812
08:06:13,912810UB2,TSRYS5810883,D,S,D,2024-07-11,1000000.00,4.586969,100.48632812
08:06:13,912810UB2,TSRYS5810883,D,B,A,2024-07-11,700000.00,4.579901,100.578125
08:06:15,912810UB2,TSRYS5810883,D,S,D,2024-07-11,1000000.00,4.586969,100.48632812
08:06:15,912810UB2,TSRYS5810883,D,S,D,2024-07-11,1000000.00,4.587119,100.484375
08:06:17,912810UB2,TSRYS5810883,D,B,A,2024-07-11,260000.00,4.586525,100.4921875
08:06:18,912810UB2,TSRYS5810883,D,S,D,2024-07-11,1000000.00,4.588625,100.46484375
08:06:18,912810UB2,TSRYS5810883,D,S,D,2024-07-11,1000000.00,4.588625,100.46484375
08:06:18,912810UB2,TSRYS5810883,D,S,D,2024-07-11,1000000.00,4.588173,100.470703125
08:06:18,912810UB2,TSRYS5810883,D,S,D,2024-07-11,1000000.00,4.588173,100.470703125
08:06:18,912810UB2,TSRYS5810883,D,S,D,2024-07-11,1000000.00,4.587721,100.4765625
08:06:18,912810UB2,TSRYS5810883,D,S,D,2024-07-11,1000000.00,4.587721,100.4765625
08:06:18,912810UB2,TSRYS5810883,D,B,C,2024-07-11,1000000.00,4.588022,100.47265625
08:06:21,912810UB2,TSRYS5810883,D,S,C,2024-07-11,1000000.00,4.583208,100.53515625
08:06:23,912810UB2,TSRYS5810883,D,S,D,2024-07-11,1000000.00,4.587119,100.484375
08:06:27,912810UB2,TSRYS5810883,D,S,C,2024-07-11,1000000.00,4.585916,100.5
08:06:33,912810UB2,TSRYS5810883,D,S,D,2024-07-11,2000000.00,4.587119,100.484375
08:06:33,912810UB2,TSRYS5810883,D,S,T,2024-07-11,1000000.00,4.585916,100.5
08:06:33,912810UB2,TSRYS5810883,D,S,D,2024-07-11,1000000.00,4.585916,100.5
08:06:37,912810UB2,TSRYS5810883,D,S,C,2024-07-11,1000000.00,4.586969,100.486328125
08:06:37,912810UB2,TSRYS5810883,D,S,D,2024-07-11,1000000.00,4.586969,100.486328125
08:06:37,912810UB2,TSRYS5810883,D,S,D,2024-07-11,1000000.00,4.587119,100.484375
08:06:37,912810UB2,TSRYS5810883,D,S,D,2024-07-11,1000000.00,4.587119,100.484375
08:06:38,912810UB2,TSRYS5810883,D,S,D,2024-07-11,1000000.00,4.58742,100.48046875
08:06:39,912810UB2,TSRYS5810883,D,S,D,2024-07-11,1000000.00,4.583509,100.53125
08:06:39,912810UB2,TSRYS5810883,D,S,D,2024-07-11,1000000.00,4.583659,100.529296875
08:06:40,912810UB2,TSRYS5810883,D,B,C,2024-07-11,1000000.00,4.584261,100.521484375
08:06:40,912810UB2,TSRYS5810883,D,S,D,2024-07-11,1000000.00,4.584261,100.521484375
08:06:43,912810UB2,TSRYS5810883,D,S,D,2024-07-11,1000000.00,4.587119,100.484375
08:06:46,912810UB2,TSRYS5810883,D,B,C,2024-07-11,300000.00,4.575132,100.64012
08:06:46,912810UB2,TSRYS5810883,D,B,C,2024-07-11,2000000.00,4.575132,100.64012
08:06:47,912810UB2,TSRYS5810883,D,S,D,2024-07-11,1000000.00,4.584261,100.521484375
08:06:51,912810UB2,TSRYS5810883,D,S,D,2024-07-11,1000000.00,4.584111,100.5234375
08:06:51,912810UB2,TSRYS5810883,D,B,C,2024-07-11,1000000.00,4.584111,100.5234375
08:06:51,912810UB2,TSRYS5810883,D,S,D,2024-07-11,1000000.00,4.584111,100.5234375
08:06:51,912810UB2,TSRYS5810883,D,S,D,2024-07-11,1000000.00,4.58396,100.525390625
08:06:51,912810UB2,TSRYS5810883,D,B,C,2024-07-11,2000000.00,4.58396,100.525390625
08:06:51,912810UB2,TSRYS5810883,D,S,D,2024-07-11,2000000.00,4.58396,100.525390625
08:06:51,912810UB2,TSRYS5810883,D,S,D,2024-07-11,1000000.00,4.58381,100.52734375
08:06:52,912810UB2,TSRYS5810883,D,S,D,2024-07-11,1000000.00,4.587119,100.484375
08:06:53,912810UB2,TSRYS5810883,D,S,T,2024-07-11,1000000.00,4.587119,100.484375
08:06:56,912810UB2,TSRYS5810883,D,S,C,2024-07-11,1000000.00,4.589829,100.44921875
08:06:57,912810UB2,TSRYS5810883,D,B,C,2024-07-11,1000000.00,4.582765,100.540915625
08:06:57,912810UB2,TSRYS5810883,D,S,C,2024-07-11,1000000.00,4.582757,100.541015625
08:07:11,912810UB2,TSRYS5810883,D,S,D,2024-07-11,1000000.00,4.584705,100.515725
08:07:11,912810UB2,TSRYS5810883,D,S,D,2024-07-11,1000000.00,4.584705,100.515725
08:07:12,912810UB2,TSRYS5810883,D,B,C,2024-07-11,1000000.00,4.583667,100.529196875
08:07:12,912810UB2,TSRYS5810883,D,S,D,2024-07-11,1000000.00,4.583659,100.529296875
08:07:15,912810UB2,TSRYS5810883,D,S,C,2024-07-11,1000000.00,4.586668,100.490234375
08:07:15,912810UB2,TSRYS5810883,D,B,C,2024-07-11,1000000.00,4.586668,100.490234375
08:07:17,912810UB2,TSRYS5810883,D,S,D,2024-07-11,1000000.00,4.581103,100.5625
08:07:18,912810UB2,TSRYS5810883,D,B,C,2024-07-11,1000000.00,4.580059,100.576071875
08:07:18,912810UB2,TSRYS5810883,D,S,C,2024-07-11,1000000.00,4.580043,100.576271875
08:07:18,912810UB2,TSRYS5810883,D,S,D,2024-07-11,1000000.00,4.5793,100.5859375
08:07:18,912810UB2,TSRYS5810883,D,B,C,2024-07-11,1000000.00,4.579315,100.5857375
08:07:18,912810UB2,TSRYS5810883,D,S,C,2024-07-11,1000000.00,4.57945,100.583984375
08:07:18,912810UB2,TSRYS5810883,D,B,C,2024-07-11,1000000.00,4.579465,100.583784375
08:07:19,912810UB2,TSRYS5810883,D,S,D,2024-07-11,1000000.00,4.578698,100.59375
08:07:19,912810UB2,TSRYS5810883,D,B,C,2024-07-11,1000000.00,4.578714,100.59355
08:07:20,912810UB2,TSRYS5810883,D,S,D,2024-07-11,1000000.00,4.578698,100.59375
08:07:20,912810UB2,TSRYS5810883,D,B,C,2024-07-11,1000000.00,4.578714,100.59355
08:07:20,912810UB2,TSRYS5810883,D,S,D,2024-07-11,1000000.00,4.578097,100.6015625
08:07:20,912810UB2,TSRYS5810883,D,B,C,2024-07-11,1000000.00,4.578113,100.6013625
08:07:23,912810UB2,TSRYS5810883,D,S,D,2024-07-11,1000000.00,4.578698,100.59375
08:07:23,912810UB2,TSRYS5810883,D,B,C,2024-07-11,1000000.00,4.578714,100.59355
08:07:23,912810UB2,TSRYS5810883,D,S,C,2024-07-11,1000000.00,4.577797,100.60546875
08:07:24,912810UB2,TSRYS5810883,D,B,C,2024-07-11,1000000.00,4.577812,100.60526875
08:07:24,912810UB2,TSRYS5810883,D,S,C,2024-07-11,1000000.00,4.577947,100.603515625
08:07:24,912810UB2,TSRYS5810883,D,B,C,2024-07-11,1000000.00,4.577963,100.603315625
08:07:24,912810UB2,TSRYS5810883,D,S,C,2024-07-11,1000000.00,4.577947,100.603515625
08:07:24,912810UB2,TSRYS5810883,D,B,C,2024-07-11,1000000.00,4.577963,100.603315625
08:07:24,912810UB2,TSRYS5810883,D,S,C,2024-07-11,1000000.00,4.5796,100.58203125
08:07:33,912810UB2,TSRYS5810883,D,S,D,2024-07-11,1000000.00,4.575085,100.640725
08:07:33,912810UB2,TSRYS5810883,D,B,C,2024-07-11,2000000.00,4.575093,100.640625
08:07:33,912810UB2,TSRYS5810883,D,S,D,2024-07-11,2000000.00,4.575085,100.640725
08:07:39,912810UB2,TSRYS5810883,D,S,D,2024-07-11,1000000.00,4.585904,100.50015
08:07:43,912810UB2,TSRYS5810883,D,S,D,2024-07-11,1000000.00,4.585615,100.50390625
08:07:43,912810UB2,TSRYS5810883,D,S,D,2024-07-11,1000000.00,4.585615,100.50390625
08:07:43,912810UB2,TSRYS5810883,D,S,D,2024-07-11,1000000.00,4.585615,100.50390625
08:07:43,912810UB2,TSRYS5810883,D,S,D,2024-07-11,1000000.00,4.585615,100.50390625
08:07:48,912810UB2,TSRYS5810883,D,S,D,2024-07-11,2000000.00,4.577637,100.607546875
08:07:48,912810UB2,TSRYS5810883,D,S,D,2024-07-11,1000000.00,4.577637,100.607546875
08:07:49,912810UB2,TSRYS5810883,D,B,C,2024-07-11,1000000.00,4.577797,100.60546875
08:07:49,912810UB2,TSRYS5810883,D,S,D,2024-07-11,1000000.00,4.577787,100.60559375
08:07:51,912810UB2,TSRYS5810883,D,S,C,2024-07-11,1000000.00,4.586217,100.49609375
08:07:51,912810UB2,TSRYS5810883,D,S,D,2024-07-11,1000000.00,4.586217,100.49609375
08:07:52,912810UB2,TSRYS5810883,D,B,C,2024-07-11,1000000.00,4.588173,100.47070312
08:08:00,912810UB2,TSRYS5810883,D,S,D,2024-07-11,1000000.00,4.577496,100.609375
08:08:00,912810UB2,TSRYS5810883,D,B,C,2024-07-11,1000000.00,4.577496,100.609375
08:08:00,912810UB2,TSRYS5810883,D,S,D,2024-07-11,1000000.00,4.577496,100.609375
08:08:00,912810UB2,TSRYS5810883,D,S,D,2024-07-11,1000000.00,4.577496,100.609375
08:08:00,912810UB2,TSRYS5810883,D,B,C,2024-07-11,2000000.00,4.577496,100.609375
08:08:00,912810UB2,TSRYS5810883,D,S,D,2024-07-11,1000000.00,4.577496,100.609375
08:08:02,912810UB2,TSRYS5810883,D,S,C,2024-07-11,1000000.00,4.582306,100.546875
08:08:02,912810UB2,TSRYS5810883,D,S,D,2024-07-11,1000000.00,4.582306,100.546875
08:08:04,912810UB2,TSRYS5810883,D,S,C,2024-07-11,1000000.00,4.581404,100.55859375
08:08:04,912810UB2,TSRYS5810883,D,S,D,2024-07-11,1000000.00,4.581404,100.55859375
08:08:04,912810UB2,TSRYS5810883,D,S,D,2024-07-11,1000000.00,4.581404,100.55859375
08:08:04,912810UB2,TSRYS5810883,D,S,C,2024-07-11,2000000.00,4.581404,100.55859375
08:08:19,912810UB2,TSRYS5810883,D,S,D,2024-07-11,1000000.00,4.587119,100.484375
08:08:25,912810UB2,TSRYS5810883,D,S,D,2024-07-11,1000000.00,4.586518,100.4921875
08:08:25,912810UB2,TSRYS5810883,D,S,D,2024-07-11,1000000.00,4.586367,100.494140625
08:08:25,912810UB2,TSRYS5810883,D,S,D,2024-07-11,1000000.00,4.586217,100.49609375
08:08:28,912810UB2,TSRYS5810883,D,S,D,2024-07-11,1000000.00,4.587119,100.484375
08:08:28,912810UB2,TSRYS5810883,D,S,D,2024-07-11,1000000.00,4.586969,100.486328125
08:08:31,912810UB2,TSRYS5810883,D,B,C,2024-07-11,19000000.00,4.587102,100.4846
08:08:32,912810UB2,TSRYS5810883,D,S,C,2024-07-11,1000000.00,4.585916,100.5
08:08:32,912810UB2,TSRYS5810883,D,B,C,2024-07-11,1000000.00,4.585916,100.5
08:08:34,912810UB2,TSRYS5810883,D,S,D,2024-07-11,19000000.00,4.580496,100.57039
08:09:07,912810UB2,TSRYS5810883,D,B,C,2024-07-11,1000000.00,4.584712,100.515625
08:09:07,912810UB2,TSRYS5810883,D,S,D,2024-07-11,1000000.00,4.584712,100.515625
08:09:09,912810UB2,TSRYS5810883,D,S,A,2024-07-11,1000000.00,4.584712,100.515625
08:09:48,912810UB2,TSRYS5810883,D,S,D,2024-07-11,2000000.00,4.578028,100.60247
08:09:56,912810UB2,TSRYS5810883,D,B,C,2024-07-11,1000000.00,4.585314,100.5078125
08:10:19,912810UB2,TSRYS5810883,D,S,D,2024-07-11,1000000.00,4.585314,100.5078125
08:10:19,912810UB2,TSRYS5810883,D,S,D,2024-07-11,1000000.00,4.585314,100.5078125
08:10:22,912810UB2,TSRYS5810883,D,S,C,2024-07-11,1000000.00,4.585615,100.50390625
08:10:40,912810UB2,TSRYS5810883,D,S,T,2024-07-11,1000000.00,4.585314,100.5078125
08:10:40,912810UB2,TSRYS5810883,D,S,T,2024-07-11,1000000.00,4.585314,100.5078125
08:10:48,912810UB2,TSRYS5810883,D,S,C,2024-07-11,1000000.00,4.585615,100.50390625
08:11:06,912810UB2,TSRYS5810883,D,S,D,2024-07-11,100000.00,4.587119,100.484375
08:11:16,912810UB2,TSRYS5810883,D,S,D,2024-07-11,1000000.00,4.585615,100.50390625
08:11:21,912810UB2,TSRYS5810883,D,S,D,2024-07-11,1000000.00,4.585615,100.50390625
08:11:31,912810UB2,TSRYS5810883,D,S,D,2024-07-11,1000000.00,4.585916,100.5
08:11:31,912810UB2,TSRYS5810883,D,S,D,2024-07-11,1000000.00,4.585314,100.5078125
08:11:32,912810UB2,TSRYS5810883,D,S,T,2024-07-11,1000000.00,4.585927,100.49985
08:11:32,912810UB2,TSRYS5810883,D,S,D,2024-07-11,1000000.00,4.585314,100.5078125
08:11:35,912810UB2,TSRYS5810883,D,S,C,2024-07-11,2292100.00,4.585885,100.5004
08:11:39,912810UB2,TSRYS5810883,D,S,C,2024-07-11,5700000.00,4.584712,100.515625
08:11:43,912810UB2,TSRYS5810883,D,S,C,2024-07-11,1000000.00,4.585904,100.50015
08:11:44,912810UB2,TSRYS5810883,D,S,C,2024-07-11,100000.00,4.548721,100.984375
08:11:48,912810UB2,TSRYS5810883,D,S,D,2024-07-11,1000000.00,4.585314,100.5078125
08:11:48,912810UB2,TSRYS5810883,D,S,D,2024-07-11,1000000.00,4.585314,100.5078125
08:11:53,912810UB2,TSRYS5810883,D,S,D,2024-07-11,1000000.00,4.585314,100.5078125
08:11:58,912810UB2,TSRYS5810883,D,B,C,2024-07-11,1000000.00,4.584728,100.515425
08:11:58,912810UB2,TSRYS5810883,D,S,C,2024-07-11,1000000.00,4.584712,100.515625
08:12:16,912810UB2,TSRYS5810883,D,S,T,2024-07-11,1000000.00,4.585314,100.5078125
08:12:26,912810UB2,TSRYS5810883,D,S,D,2024-07-11,1000000.00,4.585314,100.5078125
08:12:28,912810UB2,TSRYS5810883,D,S,D,2024-07-11,1000000.00,4.585916,100.5
08:12:28,912810UB2,TSRYS5810883,D,S,D,2024-07-11,1050000.00,4.585314,100.5078125
08:12:33,912810UB2,TSRYS5810883,D,S,C,2024-07-11,2000.00,4.582908,100.539062
08:12:38,912810UB2,TSRYS5810883,D,B,C,2024-07-11,6000000.00,4.585477,100.50569
08:12:41,912810UB2,TSRYS5810883,D,S,D,2024-07-11,2000.00,4.582908,100.539062
08:12:51,912810UB2,TSRYS5810883,D,S,D,2024-07-11,1000000.00,4.584111,100.5234375
08:12:51,912810UB2,TSRYS5810883,D,S,D,2024-07-11,1000000.00,4.584111,100.5234375
08:12:59,912810UB2,TSRYS5810883,D,S,T,2024-07-11,1000000.00,4.583509,100.53125
08:13:09,912810UB2,TSRYS5810883,D,S,D,2024-07-11,285000.00,4.584411,100.51953125
08:13:10,912810UB2,TSRYS5810883,D,S,D,2024-07-11,285000.00,4.584519,100.518127741
08:13:11,912810UB2,TSRYS5810883,D,S,T,2024-07-11,1000000.00,4.583509,100.53125
08:13:11,912810UB2,TSRYS5810883,D,S,D,2024-07-11,1000000.00,4.583509,100.53125
08:13:12,912810UB2,TSRYS5810883,D,S,D,2024-07-11,1000000.00,4.583509,100.53125
08:13:15,912810UB2,TSRYS5810883,D,S,D,2024-07-11,1000000.00,4.582907,100.5390625
08:13:16,912810UB2,TSRYS5810883,D,B,C,2024-07-11,1000000.00,4.583509,100.53125
08:13:16,912810UB2,TSRYS5810883,D,S,D,2024-07-11,1000000.00,4.583509,100.53125
08:13:16,912810UB2,TSRYS5810883,D,B,C,2024-07-11,1000000.00,4.583509,100.53125
08:13:16,912810UB2,TSRYS5810883,D,S,D,2024-07-11,1000000.00,4.583509,100.53125
08:13:16,912810UB2,TSRYS5810883,D,S,D,2024-07-11,1000000.00,4.582907,100.5390625
08:13:19,912810UB2,TSRYS5810883,D,S,T,2024-07-11,1000000.00,4.583509,100.53125
08:13:19,912810UB2,TSRYS5810883,D,S,T,2024-07-11,1000000.00,4.583509,100.53125
08:13:20,912810UB2,TSRYS5810883,D,S,T,2024-07-11,1000000.00,4.583509,100.53125
08:13:20,912810UB2,TSRYS5810883,D,S,D,2024-07-11,1000000.00,4.583509,100.53125
08:13:27,912810UB2,TSRYS5810883,D,S,D,2024-07-11,3000000.00,4.584111,100.5234375
08:13:28,912810UB2,TSRYS5810883,D,S,D,2024-07-11,3000000.00,4.584111,100.5234375
08:13:28,912810UB2,TSRYS5810883,D,S,D,2024-07-11,1000000.00,4.584111,100.5234375
08:13:28,912810UB2,TSRYS5810883,D,S,D,2024-07-11,1000000.00,4.584111,100.5234375
08:13:29,912810UB2,TSRYS5810883,D,S,T,2024-07-11,1000000.00,4.583509,100.53125
08:13:32,912810UB2,TSRYS5810883,D,S,C,2024-07-11,1000000.00,4.584111,100.5234375
08:13:34,912810UB2,TSRYS5810883,D,S,T,2024-07-11,1000000.00,4.583517,100.53115
08:13:34,912810UB2,TSRYS5810883,D,S,T,2024-07-11,2000000.00,4.583526,100.531025
08:13:34,912810UB2,TSRYS5810883,D,S,T,2024-07-11,1000000.00,4.584118,100.5233375
08:13:34,912810UB2,TSRYS5810883,D,S,T,2024-07-11,1000000.00,4.583526,100.531025
08:13:34,912810UB2,TSRYS5810883,D,S,D,2024-07-11,3000000.00,4.584111,100.5234375
08:13:46,912810UB2,TSRYS5810883,D,S,D,2024-07-11,1000000.00,4.582907,100.5390625
08:13:46,912810UB2,TSRYS5810883,D,S,D,2024-07-11,1000000.00,4.582907,100.5390625
08:13:49,912810UB2,TSRYS5810883,D,S,D,2024-07-11,1000000.00,4.582907,100.5390625
08:13:57,912810UB2,TSRYS5810883,D,B,C,2024-07-11,1000000.00,4.583509,100.53125
08:13:57,912810UB2,TSRYS5810883,D,S,C,2024-07-11,1000000.00,4.583497,100.5314
08:13:57,912810UB2,TSRYS5810883,D,S,C,2024-07-11,1000000.00,4.583497,100.5314
08:13:57,912810UB2,TSRYS5810883,D,B,C,2024-07-11,1000000.00,4.583509,100.53125
08:14:11,912810UB2,TSRYS5810883,D,B,C,2024-07-11,1000000.00,4.583509,100.53125
08:14:11,912810UB2,TSRYS5810883,D,S,D,2024-07-11,1000000.00,4.583509,100.53125
08:14:11,912810UB2,TSRYS5810883,D,S,D,2024-07-11,1000000.00,4.583509,100.53125
08:14:11,912810UB2,TSRYS5810883,D,S,D,2024-07-11,1000000.00,4.583509,100.53125
08:14:11,912810UB2,TSRYS5810883,D,B,C,2024-07-11,1000000.00,4.583509,100.53125
08:14:11,912810UB2,TSRYS5810883,D,S,D,2024-07-11,1000000.00,4.583509,100.53125
08:14:11,912810UB2,TSRYS5810883,D,B,C,2024-07-11,1000000.00,4.583509,100.53125
08:14:11,912810UB2,TSRYS5810883,D,S,D,2024-07-11,2000000.00,4.583509,100.53125
08:14:11,912810UB2,TSRYS5810883,D,B,C,2024-07-11,2000000.00,4.583509,100.53125
08:14:12,912810UB2,TSRYS5810883,D,S,D,2024-07-11,1000000.00,4.583509,100.53125
08:14:12,912810UB2,TSRYS5810883,D,S,D,2024-07-11,2000000.00,4.583509,100.53125
08:14:12,912810UB2,TSRYS5810883,D,B,C,2024-07-11,1000000.00,4.583509,100.53125
08:14:12,912810UB2,TSRYS5810883,D,S,D,2024-07-11,1000000.00,4.583509,100.53125
08:14:12,912810UB2,TSRYS5810883,D,S,D,2024-07-11,1000000.00,4.583509,100.53125
08:14:12,912810UB2,TSRYS5810883,D,B,C,2024-07-11,1000000.00,4.583509,100.53125
08:14:12,912810UB2,TSRYS5810883,D,S,D,2024-07-11,1000000.00,4.583509,100.53125
08:14:12,912810UB2,TSRYS5810883,D,B,C,2024-07-11,1000000.00,4.583509,100.53125
08:14:12,912810UB2,TSRYS5810883,D,S,D,2024-07-11,1000000.00,4.583509,100.53125
08:14:12,912810UB2,TSRYS5810883,D,S,D,2024-07-11,1000000.00,4.583509,100.53125
08:14:12,912810UB2,TSRYS5810883,D,S,D,2024-07-11,1000000.00,4.583509,100.53125
08:14:12,912810UB2,TSRYS5810883,D,S,D,2024-07-11,1000000.00,4.583509,100.53125
08:14:12,912810UB2,TSRYS5810883,D,B,C,2024-07-11,1000000.00,4.583509,100.53125
08:14:12,912810UB2,TSRYS5810883,D,S,D,2024-07-11,1000000.00,4.583509,100.53125
08:14:12,912810UB2,TSRYS5810883,D,S,C,2024-07-11,1000000.00,4.583497,100.5314
08:14:38,912810UB2,TSRYS5810883,D,S,C,2024-07-11,450000.00,4.583208,100.535157
08:14:40,912810UB2,TSRYS5810883,D,S,D,2024-07-11,450000.00,4.583208,100.535157
08:14:49,912810UB2,TSRYS5810883,D,S,T,2024-07-11,1000000.00,4.583509,100.53125
08:14:49,912810UB2,TSRYS5810883,D,S,C,2024-07-11,1000000.00,4.583509,100.53125
08:15:14,912810UB2,TSRYS5810883,D,S,D,2024-07-11,700000.00,4.584712,100.515625
08:15:16,912810UB2,TSRYS5810883,D,S,D,2024-07-11,700000.00,4.584712,100.515625
08:15:32,912810UB2,TSRYS5810883,D,S,T,2024-07-11,1000000.00,4.583509,100.53125
08:15:34,912810UB2,TSRYS5810883,D,S,D,2024-07-11,1000000.00,4.58396,100.525390625
08:15:34,912810UB2,TSRYS5810883,D,B,C,2024-07-11,1000000.00,4.58396,100.525390625
08:15:59,912810UB2,TSRYS5810883,D,S,C,2024-07-11,1000000.00,4.583509,100.53125
08:16:10,912810UB2,TSRYS5810883,D,S,C,2024-07-11,1000000.00,4.583208,100.53515625
08:16:10,912810UB2,TSRYS5810883,D,S,D,2024-07-11,1000000.00,4.583208,100.53515625
08:16:10,912810UB2,TSRYS5810883,D,S,D,2024-07-11,1000000.00,4.583359,100.533203125
08:16:10,912810UB2,TSRYS5810883,D,S,D,2024-07-11,1000000.00,4.583359,100.533203125
08:16:11,912810UB2,TSRYS5810883,D,S,D,2024-07-11,2000000.00,4.58381,100.52734375
08:16:11,912810UB2,TSRYS5810883,D,S,D,2024-07-11,1000000.00,4.58381,100.52734375
08:16:15,912810UB2,TSRYS5810883,D,S,T,2024-07-11,1000000.00,4.583509,100.53125
08:16:15,912810UB2,TSRYS5810883,D,S,T,2024-07-11,1000000.00,4.583208,100.53515625
08:16:15,912810UB2,TSRYS5810883,D,S,T,2024-07-11,1000000.00,4.583208,100.53515625
08:16:19,912810UB2,TSRYS5810883,D,S,T,2024-07-11,1000000.00,4.583359,100.533203125
08:16:19,912810UB2,TSRYS5810883,D,S,T,2024-07-11,1000000.00,4.583359,100.533203125
08:16:22,912810UB2,TSRYS5810883,D,S,D,2024-07-11,1000000.00,4.584562,100.517578125
08:16:22,912810UB2,TSRYS5810883,D,S,D,2024-07-11,1000000.00,4.584712,100.515625
08:16:26,912810UB2,TSRYS5810883,D,S,T,2024-07-11,1000000.00,4.584562,100.517578125
08:16:29,912810UB2,TSRYS5810883,D,S,T,2024-07-11,1000000.00,4.584712,100.515625
08:16:37,912810UB2,TSRYS5810883,D,S,D,2024-07-11,1000000.00,4.584712,100.515625
08:16:37,912810UB2,TSRYS5810883,D,S,D,2024-07-11,1000000.00,4.584712,100.515625
08:16:42,912810UB2,TSRYS5810883,D,S,D,2024-07-11,1000000.00,4.584712,100.515625
08:16:42,912810UB2,TSRYS5810883,D,S,D,2024-07-11,1000000.00,4.584712,100.515625
08:16:46,912810UB2,TSRYS5810883,D,B,C,2024-07-11,2000000.00,4.583509,100.53125
08:16:46,912810UB2,TSRYS5810883,D,S,C,2024-07-11,2000000.00,4.583509,100.53125
08:16:49,912810UB2,TSRYS5810883,D,S,D,2024-07-11,1000000.00,4.584712,100.515625
08:16:49,912810UB2,TSRYS5810883,D,S,T,2024-07-11,1000000.00,4.584712,100.515625
08:16:49,912810UB2,TSRYS5810883,D,S,T,2024-07-11,1000000.00,4.584712,100.515625
08:16:59,912810UB2,TSRYS5810883,D,S,C,2024-07-11,500000.00,4.582907,100.5390625
08:17:00,912810UB2,TSRYS5810883,D,S,T,2024-07-11,1000000.00,4.584712,100.515625
08:17:01,912810UB2,TSRYS5810883,D,S,C,2024-07-11,1000000.00,4.583494,100.53145
08:17:14,912810UB2,TSRYS5810883,D,S,C,2024-07-11,1000000.00,4.582306,100.546875
08:17:18,912810UB2,TSRYS5810883,D,S,C,2024-07-11,1000000.00,4.582306,100.546875
08:17:18,912810UB2,TSRYS5810883,D,S,D,2024-07-11,500000.00,4.582931,100.538762
08:17:19,912810UB2,TSRYS5810883,D,S,T,2024-07-11,1000000.00,4.582323,100.54665
08:17:28,912810UB2,TSRYS5810883,D,S,D,2024-07-11,1000000.00,4.584712,100.515625
08:17:34,912810UB2,TSRYS5810883,D,S,T,2024-07-11,1000000.00,4.582314,100.546775
08:17:34,912810UB2,TSRYS5810883,D,S,T,2024-07-11,1000000.00,4.582314,100.546775
08:17:34,912810UB2,TSRYS5810883,D,S,T,2024-07-11,1000000.00,4.582323,100.54665
08:17:46,912810UB2,TSRYS5810883,D,S,C,2024-07-11,1000000.00,4.582306,100.546875
08:18:00,912810UB2,TSRYS5810883,D,S,C,2024-07-11,1000000.00,4.582306,100.546875
08:18:01,912810UB2,TSRYS5810883,D,S,D,2024-07-11,700000.00,4.582005,100.55078125
08:18:01,912810UB2,TSRYS5810883,D,S,D,2024-07-11,1000000.00,4.583621,100.5297965116
08:18:02,912810UB2,TSRYS5810883,D,S,D,2024-07-11,1000000.00,4.583509,100.53125
08:18:15,912810UB2,TSRYS5810883,D,B,C,2024-07-11,1000000.00,4.582306,100.546875
08:18:15,912810UB2,TSRYS5810883,D,S,C,2024-07-11,1000000.00,4.582306,100.546875
08:18:15,912810UB2,TSRYS5810883,D,B,C,2024-07-11,1000000.00,4.582306,100.546875
08:18:15,912810UB2,TSRYS5810883,D,S,C,2024-07-11,1000000.00,4.582306,100.546875
08:18:24,912810UB2,TSRYS5810883,D,S,D,2024-07-11,1000000.00,4.583865,100.5266234946
08:19:13,912810UB2,TSRYS5810883,D,S,T,2024-07-11,1000000.00,4.582306,100.546875
08:19:14,912810UB2,TSRYS5810883,D,S,D,2024-07-11,1000000.00,4.582306,100.546875
08:19:14,912810UB2,TSRYS5810883,D,S,D,2024-07-11,1000000.00,4.582306,100.546875
08:19:14,912810UB2,TSRYS5810883,D,S,D,2024-07-11,1000000.00,4.582298,100.546975
08:19:14,912810UB2,TSRYS5810883,D,S,D,2024-07-11,1000000.00,4.582306,100.546875
08:19:31,912810UB2,TSRYS5810883,D,S,D,2024-07-11,1000000.00,4.582306,100.546875
08:19:31,912810UB2,TSRYS5810883,D,B,C,2024-07-11,1000000.00,4.582306,100.546875
08:19:41,912810UB2,TSRYS5810883,D,S,C,2024-07-11,1000000.00,4.581103,100.5625
08:19:42,912810UB2,TSRYS5810883,D,S,D,2024-07-11,1000000.00,4.581103,100.5625
08:19:42,912810UB2,TSRYS5810883,D,S,D,2024-07-11,1000000.00,4.581103,100.5625
08:19:45,912810UB2,TSRYS5810883,D,S,A,2024-07-11,1230000.00,4.581329,100.5595703125
08:19:45,912810UB2,TSRYS5810883,D,B,C,2024-07-11,1000000.00,4.582321,100.546675
08:19:45,912810UB2,TSRYS5810883,D,S,C,2024-07-11,1000000.00,4.582306,100.546875
08:19:46,912810UB2,TSRYS5810883,D,S,T,2024-07-11,1000000.00,4.581103,100.5625
08:19:49,912810UB2,TSRYS5810883,D,S,T,2024-07-11,1000000.00,4.581121,100.562275
08:19:49,912810UB2,TSRYS5810883,D,S,T,2024-07-11,1000000.00,4.581121,100.562275
08:19:49,912810UB2,TSRYS5810883,D,S,T,2024-07-11,1000000.00,4.581121,100.562275
08:19:49,912810UB2,TSRYS5810883,D,S,T,2024-07-11,1000000.00,4.581111,100.5624
08:19:49,912810UB2,TSRYS5810883,D,S,T,2024-07-11,1000000.00,4.581111,100.5624
08:19:49,912810UB2,TSRYS5810883,D,S,T,2024-07-11,1000000.00,4.581111,100.5624
08:19:49,912810UB2,TSRYS5810883,D,S,T,2024-07-11,1000000.00,4.581121,100.562275
08:19:50,912810UB2,TSRYS5810883,D,S,A,2024-07-11,1230000.00,4.581329,100.559570313
08:20:03,912810UB2,TSRYS5810883,D,S,C,2024-07-11,1000000.00,4.581103,100.5625
08:20:03,912810UB2,TSRYS5810883,D,S,C,2024-07-11,1000000.00,4.581103,100.5625
08:20:03,912810UB2,TSRYS5810883,D,S,C,2024-07-11,1000000.00,4.581103,100.5625
08:20:03,912810UB2,TSRYS5810883,D,S,C,2024-07-11,1000000.00,4.581103,100.5625
08:20:17,912810UB2,TSRYS5810883,D,S,D,2024-07-11,1000000.00,4.581103,100.5625
08:20:30,912810UB2,TSRYS5810883,D,S,T,2024-07-11,5000000.00,4.581048,100.5632146
08:20:37,912810UB2,TSRYS5810883,D,S,C,2024-07-11,1000000.00,4.5793,100.5859375
08:20:38,912810UB2,TSRYS5810883,D,S,D,2024-07-11,1000000.00,4.5793,100.5859375
08:20:42,912810UB2,TSRYS5810883,D,S,D,2024-07-11,1000000.00,4.5793,100.5859375
08:20:49,912810UB2,TSRYS5810883,D,S,T,2024-07-11,1000000.00,4.579307,100.5858375
08:20:49,912810UB2,TSRYS5810883,D,S,T,2024-07-11,1000000.00,4.579307,100.5858375
08:20:49,912810UB2,TSRYS5810883,D,S,T,2024-07-11,1000000.00,4.5793,100.5859375
08:20:51,912810UB2,TSRYS5810883,D,S,C,2024-07-11,2000000.00,4.57975,100.580078125
08:20:52,912810UB2,TSRYS5810883,D,S,D,2024-07-11,1000000.00,4.579901,100.578125
08:20:54,912810UB2,TSRYS5810883,D,S,T,2024-07-11,1000000.00,4.579908,100.578025
08:20:56,912810UB2,TSRYS5810883,D,S,C,2024-07-11,1000000.00,4.5796,100.58203125
08:21:00,912810UB2,TSRYS5810883,D,S,C,2024-07-11,5000000.00,4.581027,100.5634946
08:21:04,912810UB2,TSRYS5810883,D,S,T,2024-07-11,2000000.00,4.579758,100.579978125
08:21:04,912810UB2,TSRYS5810883,D,S,T,2024-07-11,1000000.00,4.5796,100.58203125
08:21:26,912810UB2,TSRYS5810883,D,S,D,2024-07-11,1000000.00,4.5796,100.58203125
08:21:26,912810UB2,TSRYS5810883,D,S,T,2024-07-11,1000000.00,4.5796,100.58203125
08:21:32,912810UB2,TSRYS5810883,D,S,D,2024-07-11,1000000.00,4.584823,100.5141844892
08:21:32,912810UB2,TSRYS5810883,D,S,D,2024-07-11,1000000.00,4.584823,100.5141844892
08:21:49,912810UB2,TSRYS5810883,D,B,C,2024-07-11,28000000.00,4.582176,100.5485652
08:22:55,912810UB2,TSRYS5810883,D,S,D,2024-07-11,1000000.00,4.576445,100.623046875
08:22:55,912810UB2,TSRYS5810883,D,S,C,2024-07-11,1000000.00,4.576445,100.623046875
08:22:57,912810UB2,TSRYS5810883,D,S,T,2024-07-11,1000000.00,4.576453,100.622946875
08:22:57,912810UB2,TSRYS5810883,D,S,T,2024-07-11,1000000.00,4.576453,100.622946875
08:23:06,912810UB2,TSRYS5810883,D,S,T,2024-07-11,1000000.00,4.576308,100.624823
08:23:06,912810UB2,TSRYS5810883,D,S,T,2024-07-11,1000000.00,4.576308,100.624823
08:23:22,912810UB2,TSRYS5810883,D,S,D,2024-07-11,1000000.00,4.574192,100.65234375
08:23:22,912810UB2,TSRYS5810883,D,B,C,2024-07-11,1000000.00,4.574192,100.65234375
08:23:22,912810UB2,TSRYS5810883,D,S,D,2024-07-11,1000000.00,4.574192,100.65234375
08:23:23,912810UB2,TSRYS5810883,D,S,C,2024-07-11,1000000.00,4.574192,100.65234375
08:23:23,912810UB2,TSRYS5810883,D,B,C,2024-07-11,1000000.00,4.574192,100.65234375
08:23:23,912810UB2,TSRYS5810883,D,B,C,2024-07-11,1000000.00,4.574192,100.65234375
08:23:23,912810UB2,TSRYS5810883,D,S,D,2024-07-11,1000000.00,4.574192,100.65234375
08:23:23,912810UB2,TSRYS5810883,D,S,D,2024-07-11,1000000.00,4.574192,100.65234375
08:23:23,912810UB2,TSRYS5810883,D,S,D,2024-07-11,1000000.00,4.574492,100.6484375
08:23:23,912810UB2,TSRYS5810883,D,B,C,2024-07-11,1000000.00,4.574492,100.6484375
08:23:23,912810UB2,TSRYS5810883,D,B,C,2024-07-11,1000000.00,4.574192,100.65234375
08:23:23,912810UB2,TSRYS5810883,D,S,D,2024-07-11,1000000.00,4.574192,100.65234375
08:23:24,912810UB2,TSRYS5810883,D,S,D,2024-07-11,1000000.00,4.574192,100.65234375
08:23:24,912810UB2,TSRYS5810883,D,S,D,2024-07-11,1000000.00,4.574492,100.6484375
08:23:30,912810UB2,TSRYS5810883,D,S,D,2024-07-11,1000000.00,4.574793,100.64453125
08:23:30,912810UB2,TSRYS5810883,D,B,C,2024-07-11,1000000.00,4.574808,100.64433125
08:23:33,912810UB2,TSRYS5810883,D,B,C,2024-07-11,1000000.00,4.575994,100.62890625
08:23:33,912810UB2,TSRYS5810883,D,S,D,2024-07-11,1000000.00,4.575994,100.62890625
08:23:33,912810UB2,TSRYS5810883,D,S,C,2024-07-11,1000000.00,4.576144,100.626953125
08:23:33,912810UB2,TSRYS5810883,D,S,D,2024-07-11,1000000.00,4.575994,100.62890625
08:23:38,912810UB2,TSRYS5810883,D,S,C,2024-07-11,1000000.00,4.576279,100.6252
08:23:38,912810UB2,TSRYS5810883,D,S,C,2024-07-11,1000000.00,4.576281,100.625175
08:23:39,912810UB2,TSRYS5810883,D,S,C,2024-07-11,1000000.00,4.576745,100.619140625
08:23:39,912810UB2,TSRYS5810883,D,B,C,2024-07-11,1000000.00,4.576761,100.618940625
08:23:40,912810UB2,TSRYS5810883,D,S,C,2024-07-11,1000000.00,4.576445,100.623046875
08:23:40,912810UB2,TSRYS5810883,D,B,C,2024-07-11,1000000.00,4.57646,100.622846875
08:23:40,912810UB2,TSRYS5810883,D,B,C,2024-07-11,1000000.00,4.57646,100.622846875
08:23:40,912810UB2,TSRYS5810883,D,S,D,2024-07-11,1000000.00,4.576445,100.623046875
08:23:43,912810UB2,TSRYS5810883,D,S,T,2024-07-11,1000000.00,4.576144,100.626953125
08:24:00,912810UB2,TSRYS5810883,D,S,C,2024-07-11,1000000.00,4.574793,100.64453125
08:24:01,912810UB2,TSRYS5810883,D,S,A,2024-07-11,1300000.00,4.576295,100.625
08:24:02,912810UB2,TSRYS5810883,D,S,C,2024-07-11,1000000.00,4.574643,100.646484375
08:24:02,912810UB2,TSRYS5810883,D,S,C,2024-07-11,1000000.00,4.574635,100.646584375
08:24:03,912810UB2,TSRYS5810883,D,B,C,2024-07-11,1000000.00,4.573892,100.65625
08:24:03,912810UB2,TSRYS5810883,D,S,D,2024-07-11,1000000.00,4.573892,100.65625
08:24:04,912810UB2,TSRYS5810883,D,S,T,2024-07-11,2000000.00,4.57465,100.646384375
08:24:07,912810UB2,TSRYS5810883,D,S,T,2024-07-11,2000000.00,4.575093,100.640625
08:24:15,912810UB2,TSRYS5810883,D,S,T,2024-07-11,1000000.00,4.574793,100.64453125
08:24:17,912810UB2,TSRYS5810883,D,S,C,2024-07-11,1000000.00,4.574943,100.642578125
08:24:19,912810UB2,TSRYS5810883,D,S,D,2024-07-11,1000000.00,4.575093,100.640625
08:24:25,912810UB2,TSRYS5810883,D,S,C,2024-07-11,1000000.00,4.574793,100.64453125
08:24:25,912810UB2,TSRYS5810883,D,B,C,2024-07-11,1000000.00,4.574793,100.64453125
08:24:25,912810UB2,TSRYS5810883,D,S,T,2024-07-11,1000000.00,4.574943,100.642578125
08:24:25,912810UB2,TSRYS5810883,D,S,T,2024-07-11,1000000.00,4.575093,100.640625
08:24:26,912810UB2,TSRYS5810883,D,S,C,2024-07-11,1000000.00,4.574935,100.642678125
08:24:27,912810UB2,TSRYS5810883,D,S,T,2024-07-11,1000000.00,4.574943,100.642578125
08:24:27,912810UB2,TSRYS5810883,D,S,T,2024-07-11,1000000.00,4.575093,100.640625
08:24:39,912810UB2,TSRYS5810883,D,S,C,2024-07-11,2000000.00,4.575093,100.640625
08:24:51,912810UB2,TSRYS5810883,D,S,T,2024-07-11,1000000.00,4.575093,100.640625
08:24:51,912810UB2,TSRYS5810883,D,S,T,2024-07-11,1000000.00,4.575093,100.640625
08:24:52,912810UB2,TSRYS5810883,D,S,D,2024-07-11,1000000.00,4.575084,100.64075
08:24:52,912810UB2,TSRYS5810883,D,B,C,2024-07-11,1000000.00,4.575093,100.640625
08:24:52,912810UB2,TSRYS5810883,D,S,D,2024-07-11,1000000.00,4.575084,100.64075
08:24:56,912810UB2,TSRYS5810883,D,S,D,2024-07-11,1000000.00,4.575093,100.640625
08:24:56,912810UB2,TSRYS5810883,D,B,C,2024-07-11,1000000.00,4.575093,100.640625
08:24:56,912810UB2,TSRYS5810883,D,S,D,2024-07-11,1000000.00,4.575093,100.640625
08:24:57,912810UB2,TSRYS5810883,D,S,C,2024-07-11,1000000.00,4.575093,100.640625
08:24:57,912810UB2,TSRYS5810883,D,S,C,2024-07-11,1000000.00,4.575393,100.63671875
08:25:01,912810UB2,TSRYS5810883,D,S,T,2024-07-11,1000000.00,4.575393,100.63671875
08:25:07,912810UB2,TSRYS5810883,D,S,T,2024-07-11,1000000.00,4.577196,100.61328125
08:25:07,912810UB2,TSRYS5810883,D,S,D,2024-07-11,3000000.00,4.576745,100.619140625
08:25:07,912810UB2,TSRYS5810883,D,S,C,2024-07-11,1000000.00,4.577188,100.61338125
08:25:08,912810UB2,TSRYS5810883,D,S,D,2024-07-11,2000000.00,4.577196,100.61328125
08:25:08,912810UB2,TSRYS5810883,D,S,D,2024-07-11,1000000.00,4.577196,100.61328125
08:25:09,912810UB2,TSRYS5810883,D,S,D,2024-07-11,2000000.00,4.577196,100.61328125
08:25:09,912810UB2,TSRYS5810883,D,S,D,2024-07-11,1000000.00,4.577196,100.61328125
08:25:10,912810UB2,TSRYS5810883,D,S,T,2024-07-11,1000000.00,4.577496,100.609375
08:25:10,912810UB2,TSRYS5810883,D,S,T,2024-07-11,1000000.00,4.577496,100.609375
08:25:12,912810UB2,TSRYS5810883,D,B,C,2024-07-11,1000000.00,4.575093,100.640625
08:25:12,912810UB2,TSRYS5810883,D,S,C,2024-07-11,1000000.00,4.575093,100.640625
08:25:12,912810UB2,TSRYS5810883,D,S,C,2024-07-11,1000000.00,4.575093,100.640625
08:25:12,912810UB2,TSRYS5810883,D,B,C,2024-07-11,1000000.00,4.575093,100.640625
08:25:12,912810UB2,TSRYS5810883,D,S,D,2024-07-11,1000000.00,4.577496,100.609375
08:25:12,912810UB2,TSRYS5810883,D,S,D,2024-07-11,1000000.00,4.577496,100.609375
08:25:12,912810UB2,TSRYS5810883,D,S,D,2024-07-11,1000000.00,4.577496,100.609375
08:25:12,912810UB2,TSRYS5810883,D,S,D,2024-07-11,1000000.00,4.577496,100.609375
08:25:15,912810UB2,TSRYS5810883,D,S,T,2024-07-11,1000000.00,4.577496,100.609375
08:25:15,912810UB2,TSRYS5810883,D,S,T,2024-07-11,1000000.00,4.577496,100.609375
08:25:15,912810UB2,TSRYS5810883,D,S,T,2024-07-11,1000000.00,4.577496,100.609375
08:25:15,912810UB2,TSRYS5810883,D,S,T,2024-07-11,1000000.00,4.577496,100.609375
08:25:15,912810UB2,TSRYS5810883,D,S,T,2024-07-11,1000000.00,4.577496,100.609375
08:25:15,912810UB2,TSRYS5810883,D,S,T,2024-07-11,1000000.00,4.577496,100.609375
08:25:15,912810UB2,TSRYS5810883,D,S,T,2024-07-11,1000000.00,4.577496,100.609375
08:25:15,912810UB2,TSRYS5810883,D,S,T,2024-07-11,1000000.00,4.577496,100.609375
08:25:17,912810UB2,TSRYS5810883,D,S,T,2024-07-11,1000000.00,4.577496,100.609375
08:25:17,912810UB2,TSRYS5810883,D,S,T,2024-07-11,1000000.00,4.577496,100.609375
08:25:17,912810UB2,TSRYS5810883,D,S,T,2024-07-11,1000000.00,4.577496,100.609375
08:25:19,912810UB2,TSRYS5810883,D,S,T,2024-07-11,1000000.00,4.575844,100.630859375
08:25:19,912810UB2,TSRYS5810883,D,S,T,2024-07-11,1000000.00,4.575844,100.630859375
08:25:19,912810UB2,TSRYS5810883,D,S,T,2024-07-11,3000000.00,4.575844,100.630859375
08:25:22,912810UB2,TSRYS5810883,D,S,D,2024-07-11,1000000.00,4.575834,100.630984375
08:25:22,912810UB2,TSRYS5810883,D,S,D,2024-07-11,3000000.00,4.575834,100.630984375
08:25:23,912810UB2,TSRYS5810883,D,S,T,2024-07-11,1000000.00,4.577506,100.609245
08:25:23,912810UB2,TSRYS5810883,D,S,D,2024-07-11,1000000.00,4.577496,100.609375
08:25:23,912810UB2,TSRYS5810883,D,B,C,2024-07-11,1000000.00,4.577496,100.609375
08:25:23,912810UB2,TSRYS5810883,D,S,T,2024-07-11,1000000.00,4.577506,100.609245
08:25:24,912810UB2,TSRYS5810883,D,S,D,2024-07-11,1000000.00,4.575844,100.630859375
08:25:26,912810UB2,TSRYS5810883,D,S,D,2024-07-11,140000.00,4.576896,100.6171875
08:25:26,912810UB2,TSRYS5810883,D,S,T,2024-07-11,1000000.00,4.576295,100.625
08:25:26,912810UB2,TSRYS5810883,D,S,T,2024-07-11,1000000.00,4.576295,100.625
08:25:29,912810UB2,TSRYS5810883,D,S,D,2024-07-11,1000000.00,4.576285,100.625125
08:25:31,912810UB2,TSRYS5810883,D,S,D,2024-07-11,1000000.00,4.576295,100.625
08:25:31,912810UB2,TSRYS5810883,D,B,C,2024-07-11,140000.00,4.576896,100.6171875
08:25:31,912810UB2,TSRYS5810883,D,B,A,2024-07-11,500000.00,4.576896,100.6171875
08:25:41,912810UB2,TSRYS5810883,D,S,C,2024-07-11,1000000.00,4.577483,100.60955
08:25:41,912810UB2,TSRYS5810883,D,S,C,2024-07-11,1000000.00,4.577481,100.609575
08:25:41,912810UB2,TSRYS5810883,D,S,C,2024-07-11,1000000.00,4.577496,100.609375
08:25:41,912810UB2,TSRYS5810883,D,S,C,2024-07-11,1000000.00,4.577483,100.60955
08:25:41,912810UB2,TSRYS5810883,D,S,C,2024-07-11,1000000.00,4.577496,100.609375
08:25:41,912810UB2,TSRYS5810883,D,S,C,2024-07-11,1000000.00,4.577481,100.609575
08:25:41,912810UB2,TSRYS5810883,D,S,D,2024-07-11,1000000.00,4.577481,100.609575
08:25:41,912810UB2,TSRYS5810883,D,B,C,2024-07-11,1000000.00,4.577496,100.609375
08:25:41,912810UB2,TSRYS5810883,D,S,C,2024-07-11,1000000.00,4.577496,100.609375
08:25:41,912810UB2,TSRYS5810883,D,S,D,2024-07-11,1000000.00,4.577481,100.609575
08:25:41,912810UB2,TSRYS5810883,D,S,D,2024-07-11,1000000.00,4.577496,100.609375
08:25:56,912810UB2,TSRYS5810883,D,B,C,2024-07-11,1000000.00,4.577504,100.609275
08:25:56,912810UB2,TSRYS5810883,D,B,C,2024-07-11,1000000.00,4.578706,100.59365
08:25:56,912810UB2,TSRYS5810883,D,S,C,2024-07-11,1000000.00,4.578685,100.593925
08:25:59,912810UB2,TSRYS5810883,D,S,A,2024-07-11,60000.00,4.576595,100.62109375
08:26:10,912810UB2,TSRYS5810883,D,S,C,2024-07-11,1000000.00,4.577496,100.609375
08:26:10,912810UB2,TSRYS5810883,D,S,D,2024-07-11,1000000.00,4.577496,100.609375
08:26:10,912810UB2,TSRYS5810883,D,S,D,2024-07-11,1000000.00,4.577496,100.609375
08:26:22,912810UB2,TSRYS5810883,D,B,C,2024-07-11,1000000.00,4.576295,100.625
08:26:22,912810UB2,TSRYS5810883,D,S,D,2024-07-11,1000000.00,4.576295,100.625
08:26:22,912810UB2,TSRYS5810883,D,B,C,2024-07-11,1000000.00,4.576295,100.625
08:26:22,912810UB2,TSRYS5810883,D,B,C,2024-07-11,1000000.00,4.576295,100.625
08:26:22,912810UB2,TSRYS5810883,D,S,D,2024-07-11,1000000.00,4.576295,100.625
08:26:22,912810UB2,TSRYS5810883,D,S,D,2024-07-11,1000000.00,4.576295,100.625
08:26:23,912810UB2,TSRYS5810883,D,B,C,2024-07-11,1000000.00,4.576295,100.625
08:26:23,912810UB2,TSRYS5810883,D,S,D,2024-07-11,1000000.00,4.576295,100.625
08:26:23,912810UB2,TSRYS5810883,D,S,D,2024-07-11,1000000.00,4.576295,100.625
08:26:23,912810UB2,TSRYS5810883,D,S,D,2024-07-11,1000000.00,4.576295,100.625
08:26:32,912810UB2,TSRYS5810883,D,S,C,2024-07-11,374000.00,4.575062,100.641025
08:26:36,912810UB2,TSRYS5810883,D,B,C,2024-07-11,500000.00,4.575093,100.640625
08:26:41,912810UB2,TSRYS5810883,D,S,D,2024-07-11,150000.00,4.574492,100.6484375
08:26:42,912810UB2,TSRYS5810883,D,S,D,2024-07-11,1000000.00,4.575994,100.62890625
08:26:42,912810UB2,TSRYS5810883,D,B,C,2024-07-11,1000000.00,4.576295,100.625
08:26:42,912810UB2,TSRYS5810883,D,S,D,2024-07-11,1000000.00,4.576295,100.625
08:26:43,912810UB2,TSRYS5810883,D,B,C,2024-07-11,1000000.00,4.576295,100.625
08:26:43,912810UB2,TSRYS5810883,D,S,D,2024-07-11,1000000.00,4.576295,100.625
08:26:43,912810UB2,TSRYS5810883,D,S,D,2024-07-11,1000000.00,4.576295,100.625
08:26:45,912810UB2,TSRYS5810883,D,B,C,2024-07-11,1000000.00,4.575994,100.62890625
08:26:45,912810UB2,TSRYS5810883,D,S,D,2024-07-11,1000000.00,4.575994,100.62890625
08:26:45,912810UB2,TSRYS5810883,D,S,D,2024-07-11,1000000.00,4.575994,100.62890625
08:26:46,912810UB2,TSRYS5810883,D,B,C,2024-07-11,1000000.00,4.576295,100.625
08:26:46,912810UB2,TSRYS5810883,D,S,D,2024-07-11,1000000.00,4.576295,100.625
08:26:46,912810UB2,TSRYS5810883,D,S,D,2024-07-11,1000000.00,4.575994,100.62890625
08:26:46,912810UB2,TSRYS5810883,D,B,C,2024-07-11,1000000.00,4.575994,100.62890625
08:26:46,912810UB2,TSRYS5810883,D,S,D,2024-07-11,1000000.00,4.575994,100.62890625
08:26:54,912810UB2,TSRYS5810883,D,B,C,2024-07-11,1000000.00,4.576745,100.619140625
08:26:54,912810UB2,TSRYS5810883,D,S,D,2024-07-11,1000000.00,4.575694,100.6328125
08:27:03,912810UB2,TSRYS5810883,D,S,D,2024-07-11,1000000.00,4.575844,100.630859375
08:27:03,912810UB2,TSRYS5810883,D,S,D,2024-07-11,1000000.00,4.576144,100.626953125
08:27:06,912810UB2,TSRYS5810883,D,S,D,2024-07-11,3000000.00,4.575844,100.630859375
08:27:10,912810UB2,TSRYS5810883,D,S,T,2024-07-11,1000000.00,4.576144,100.626953125
08:27:10,912810UB2,TSRYS5810883,D,S,T,2024-07-11,1000000.00,4.576295,100.625
08:27:10,912810UB2,TSRYS5810883,D,S,T,2024-07-11,2000000.00,4.576295,100.625
08:27:16,912810UB2,TSRYS5810883,D,S,D,2024-07-11,2000000.00,4.576144,100.626953125
08:27:29,912810UB2,TSRYS5810883,D,S,D,2024-07-11,2000000.00,4.576745,100.619140625
08:27:30,912810UB2,TSRYS5810883,D,B,C,2024-07-11,1000000.00,4.575093,100.640625
08:27:30,912810UB2,TSRYS5810883,D,S,D,2024-07-11,1000000.00,4.575093,100.640625
08:27:30,912810UB2,TSRYS5810883,D,S,D,2024-07-11,2000000.00,4.576295,100.625
08:27:30,912810UB2,TSRYS5810883,D,S,C,2024-07-11,1000000.00,4.576295,100.625
08:27:36,912810UB2,TSRYS5810883,D,S,D,2024-07-11,410000.00,4.575018,100.64160061
08:27:36,912810UB2,TSRYS5810883,D,S,D,2024-07-11,410000.00,4.575093,100.640625
08:27:47,912810UB2,TSRYS5810883,D,B,C,2024-07-11,1000000.00,4.575093,100.640625
08:27:48,912810UB2,TSRYS5810883,D,S,D,2024-07-11,1000000.00,4.575093,100.640625
08:27:53,912810UB2,TSRYS5810883,D,S,T,2024-07-11,1000000.00,4.576295,100.625
08:27:53,912810UB2,TSRYS5810883,D,S,T,2024-07-11,1000000.00,4.576295,100.625
08:27:54,912810UB2,TSRYS5810883,D,S,T,2024-07-11,1000000.00,4.576295,100.625
08:27:54,912810UB2,TSRYS5810883,D,S,T,2024-07-11,1000000.00,4.576295,100.625
08:27:57,912810UB2,TSRYS5810883,D,S,T,2024-07-11,1000000.00,4.577496,100.609375
08:28:02,912810UB2,TSRYS5810883,D,B,C,2024-07-11,1000000.00,4.577504,100.609275
08:28:02,912810UB2,TSRYS5810883,D,S,C,2024-07-11,1000000.00,4.577483,100.60955
08:28:03,912810UB2,TSRYS5810883,D,S,T,2024-07-11,1000000.00,4.577496,100.609375
08:28:05,912810UB2,TSRYS5810883,D,S,T,2024-07-11,1000000.00,4.576295,100.625
08:28:07,912810UB2,TSRYS5810883,D,S,T,2024-07-11,1000000.00,4.576295,100.625
08:28:07,912810UB2,TSRYS5810883,D,S,T,2024-07-11,1000000.00,4.576295,100.625
08:28:34,912810UB2,TSRYS5810883,D,S,D,2024-07-11,1000000.00,4.576295,100.625
08:28:34,912810UB2,TSRYS5810883,D,S,D,2024-07-11,1000000.00,4.576295,100.625
08:28:34,912810UB2,TSRYS5810883,D,S,D,2024-07-11,1000000.00,4.576279,100.6252
08:28:34,912810UB2,TSRYS5810883,D,S,D,2024-07-11,1000000.00,4.576279,100.6252
08:28:34,912810UB2,TSRYS5810883,D,S,C,2024-07-11,1000000.00,4.577481,100.609575
08:28:34,912810UB2,TSRYS5810883,D,S,C,2024-07-11,1000000.00,4.577483,100.60955
08:28:34,912810UB2,TSRYS5810883,D,S,D,2024-07-11,1000000.00,4.576279,100.6252
