tradeTime,cusip,issueSymbolIdentifier,priceType,reportingSideCode,contraPartyTypeCode,tradeDate,reportedTradeVolume,lastSaleYield,lastSalePrice
08:00:07,912810TZ1,TSRYS5752098,D,S,D,2024-04-17,1000000.00,4.885879,95.12890625
08:00:07,912810TZ1,TSRYS5752098,D,S,D,2024-04-17,1000000.00,4.885559,95.1328125
08:00:07,912810TZ1,TSRYS5752098,D,S,D,2024-04-17,1000000.00,4.883318,95.16015625
08:00:07,912810TZ1,TSRYS5752098,D,S,T,2024-04-17,1000000.00,4.880118,95.19921875
08:00:07,912810TZ1,TSRYS5752098,D,S,T,2024-04-17,1000000.00,4.879798,95.203125
08:00:07,912810TZ1,TSRYS5752098,D,S,D,2024-04-17,1000000.00,4.881078,95.1875
08:00:07,912810TZ1,TSRYS5752098,D,S,T,2024-04-17,1000000.00,4.881238,95.185546875
08:00:07,912810TZ1,TSRYS5752098,D,S,T,2024-04-17,1000000.00,4.881238,95.185546875
08:00:07,912810TZ1,TSRYS5752098,D,S,T,2024-04-17,1000000.00,4.879798,95.203125
08:00:07,912810TZ1,TSRYS5752098,D,S,D,2024-04-17,1000000.00,4.888601,95.095703125
08:00:07,912810TZ1,TSRYS5752098,D,S,C,2024-04-17,2000000.00,4.873085,95.28515625
08:00:07,912810TZ1,TSRYS5752098,D,S,C,2024-04-17,1000000.00,4.873085,95.28515625
08:00:07,912810TZ1,TSRYS5752098,D,S,C,2024-04-17,1000000.00,4.873085,95.28515625
08:00:07,912810TZ1,TSRYS5752098,D,S,C,2024-04-17,1000000.00,4.873085,95.28515625
08:00:07,912810TZ1,TSRYS5752098,D,S,C,2024-04-17,1000000.00,4.872446,95.29296875
08:00:07,912810TZ1,TSRYS5752098,D,S,D,2024-04-17,1000000.00,4.87053,95.31640625
08:00:07,912810TZ1,TSRYS5752098,D,S,D,2024-04-17,1000000.00,4.87053,95.31640625
08:00:07,912810TZ1,TSRYS5752098,D,S,C,2024-04-17,1000000.00,4.879478,95.20703125
08:00:07,912810TZ1,TSRYS5752098,D,S,D,2024-04-17,1000000.00,4.879478,95.20703125
08:00:07,912810TZ1,TSRYS5752098,D,S,C,2024-04-17,1000000.00,4.879478,95.20703125
08:00:07,912810TZ1,TSRYS5752098,D,S,C,2024-04-17,1000000.00,4.879478,95.20703125
08:00:07,912810TZ1,TSRYS5752098,D,S,C,2024-04-17,1000000.00,4.879478,95.20703125
08:00:07,912810TZ1,TSRYS5752098,D,S,D,2024-04-17,1000000.00,4.879478,95.20703125
08:00:07,912810TZ1,TSRYS5752098,D,S,D,2024-04-17,1000000.00,4.87772,95.228515625
08:00:07,912810TZ1,TSRYS5752098,D,S,T,2024-04-17,1000000.00,4.87772,95.228515625
08:00:07,912810TZ1,TSRYS5752098,D,S,D,2024-04-17,1000000.00,4.87772,95.228515625
08:00:07,912810TZ1,TSRYS5752098,D,S,C,2024-04-17,1000000.00,4.882678,95.16796875
08:00:07,912810TZ1,TSRYS5752098,D,S,D,2024-04-17,1000000.00,4.880118,95.19921875
08:00:07,912810TZ1,TSRYS5752098,D,S,D,2024-04-17,1000000.00,4.881718,95.1796875
08:00:07,912810TZ1,TSRYS5752098,D,S,T,2024-04-17,1000000.00,4.881718,95.1796875
08:00:07,912810TZ1,TSRYS5752098,D,S,D,2024-04-17,1000000.00,4.881718,95.1796875
08:00:07,912810TZ1,TSRYS5752098,D,S,D,2024-04-17,1000000.00,4.881718,95.1796875
08:00:07,912810TZ1,TSRYS5752098,D,S,D,2024-04-17,1000000.00,4.881398,95.18359375
08:00:07,912810TZ1,TSRYS5752098,D,S,T,2024-04-17,1000000.00,4.881398,95.18359375
08:00:07,912810TZ1,TSRYS5752098,D,S,D,2024-04-17,1000000.00,4.881398,95.18359375
08:00:07,912810TZ1,TSRYS5752098,D,S,D,2024-04-17,1000000.00,4.878679,95.216796875
08:00:07,912810TZ1,TSRYS5752098,D,S,T,2024-04-17,1000000.00,4.878679,95.216796875
08:00:07,912810TZ1,TSRYS5752098,D,S,D,2024-04-17,1000000.00,4.878679,95.216796875
08:00:07,912810TZ1,TSRYS5752098,D,S,D,2024-04-17,1000000.00,4.882358,95.171875
08:00:07,912810TZ1,TSRYS5752098,D,S,D,2024-04-17,1000000.00,4.882358,95.171875
08:00:07,912810TZ1,TSRYS5752098,D,S,D,2024-04-17,1000000.00,4.886519,95.12109375
08:00:07,912810TZ1,TSRYS5752098,D,S,D,2024-04-17,1000000.00,4.886519,95.12109375
08:00:07,912810TZ1,TSRYS5752098,D,S,D,2024-04-17,1000000.00,4.884438,95.146484375
08:00:07,912810TZ1,TSRYS5752098,D,S,D,2024-04-17,1000000.00,4.884438,95.146484375
08:00:07,912810TZ1,TSRYS5752098,D,S,C,2024-04-17,1000000.00,4.886519,95.12109375
08:00:08,912810TZ1,TSRYS5752098,D,B,C,2024-04-17,1000000.00,4.891324,95.0625
08:00:08,912810TZ1,TSRYS5752098,D,B,C,2024-04-17,1000000.00,4.892606,95.046875
08:00:09,912810TZ1,TSRYS5752098,D,S,A,2024-04-17,1030000.00,4.879478,95.20703125
08:00:10,912810TZ1,TSRYS5752098,D,S,D,2024-04-17,725000.00,4.900274,94.953125
08:00:10,912810TZ1,TSRYS5752098,D,S,D,2024-04-17,4290000.00,4.898349,94.9765625
08:00:10,912810TZ1,TSRYS5752098,D,S,D,2024-04-17,1280000.00,4.888732,95.09375
08:00:12,912810TZ1,TSRYS5752098,D,S,D,2024-04-17,1000000.00,4.885879,95.12890625
08:00:12,912810TZ1,TSRYS5752098,D,S,D,2024-04-17,1000000.00,4.883318,95.16015625
08:00:18,912810TZ1,TSRYS5752098,D,S,A,2024-04-17,300000.00,4.884278,95.1484375
08:00:20,912810TZ1,TSRYS5752098,D,S,D,2024-04-17,1000.00,4.883605,95.15665
08:00:20,912810TZ1,TSRYS5752098,D,S,A,2024-04-17,1000.00,4.883605,95.65665
08:00:21,912810TZ1,TSRYS5752098,D,B,A,2024-04-17,16000000.00,4.896487,94.9996
08:00:23,912810TZ1,TSRYS5752098,D,B,C,2024-04-17,6000000.00,4.876601,95.2421875
08:00:23,912810TZ1,TSRYS5752098,D,S,D,2024-04-17,1000000.00,4.87724,95.234375
08:00:23,912810TZ1,TSRYS5752098,D,B,C,2024-04-17,1000000.00,4.87724,95.234375
08:00:28,912810TZ1,TSRYS5752098,D,B,C,2024-04-17,1000.00,4.882998,95.1640625
08:00:28,912810TZ1,TSRYS5752098,D,S,A,2024-04-17,210000.00,4.880904,95.19140625
08:00:28,912810TZ1,TSRYS5752098,D,S,T,2024-04-17,1000000.00,4.870849,95.3125
08:00:28,912810TZ1,TSRYS5752098,D,S,T,2024-04-17,1000000.00,4.872127,95.296875
08:00:28,912810TZ1,TSRYS5752098,D,S,T,2024-04-17,1000000.00,4.870849,95.3125
08:00:28,912810TZ1,TSRYS5752098,D,S,T,2024-04-17,1000000.00,4.88748,95.109375
08:00:28,912810TZ1,TSRYS5752098,D,S,T,2024-04-17,1000000.00,4.88748,95.109375
08:00:28,912810TZ1,TSRYS5752098,D,S,T,2024-04-17,1000000.00,4.88748,95.109375
08:00:28,912810TZ1,TSRYS5752098,D,S,T,2024-04-17,1000000.00,4.88748,95.109375
08:00:28,912810TZ1,TSRYS5752098,D,S,T,2024-04-17,1000000.00,4.88748,95.109375
08:00:29,912810TZ1,TSRYS5752098,D,S,T,2024-04-17,1000000.00,4.886519,95.12109375
08:00:29,912810TZ1,TSRYS5752098,D,S,T,2024-04-17,1000000.00,4.884438,95.146484375
08:00:29,912810TZ1,TSRYS5752098,D,S,T,2024-04-17,1000000.00,4.872925,95.287109375
08:00:29,912810TZ1,TSRYS5752098,D,S,T,2024-04-17,1000000.00,4.88748,95.109375
08:00:29,912810TZ1,TSRYS5752098,D,S,D,2024-04-17,1000000.00,4.886519,95.12109375
08:00:30,912810TZ1,TSRYS5752098,D,S,D,2024-04-17,1000000.00,4.896775,94.99609375
08:00:30,912810TZ1,TSRYS5752098,D,S,D,2024-04-17,1000000.00,4.896775,94.99609375
08:00:30,912810TZ1,TSRYS5752098,D,S,T,2024-04-17,1000000.00,4.895171,95.015625
08:00:30,912810TZ1,TSRYS5752098,D,S,D,2024-04-17,1000000.00,4.891645,95.05859375
08:00:30,912810TZ1,TSRYS5752098,D,S,T,2024-04-17,1000000.00,4.891324,95.0625
08:00:30,912810TZ1,TSRYS5752098,D,S,T,2024-04-17,1000000.00,4.891485,95.060546875
08:00:30,912810TZ1,TSRYS5752098,D,S,T,2024-04-17,1000000.00,4.892126,95.052734375
08:00:30,912810TZ1,TSRYS5752098,D,S,T,2024-04-17,1000000.00,4.892126,95.052734375
08:00:30,912810TZ1,TSRYS5752098,D,S,D,2024-04-17,1000000.00,4.893568,95.03515625
08:00:30,912810TZ1,TSRYS5752098,D,S,T,2024-04-17,1000000.00,4.891004,95.06640625
08:00:30,912810TZ1,TSRYS5752098,D,S,T,2024-04-17,1000000.00,4.891645,95.05859375
08:00:30,912810TZ1,TSRYS5752098,D,S,D,2024-04-17,1000000.00,4.891645,95.05859375
08:00:30,912810TZ1,TSRYS5752098,D,S,D,2024-04-17,1000000.00,4.890363,95.07421875
08:00:30,912810TZ1,TSRYS5752098,D,S,T,2024-04-17,1000000.00,4.890203,95.076171875
08:00:30,912810TZ1,TSRYS5752098,D,S,T,2024-04-17,1000000.00,4.890203,95.076171875
08:00:30,912810TZ1,TSRYS5752098,D,S,T,2024-04-17,1000000.00,4.890203,95.076171875
08:00:30,912810TZ1,TSRYS5752098,D,S,T,2024-04-17,1000000.00,4.890203,95.076171875
08:00:30,912810TZ1,TSRYS5752098,D,S,T,2024-04-17,1000000.00,4.890203,95.076171875
08:00:30,912810TZ1,TSRYS5752098,D,S,T,2024-04-17,1000000.00,4.888761,95.09375
08:00:30,912810TZ1,TSRYS5752098,D,S,D,2024-04-17,2000000.00,4.88812,95.1015625
08:00:30,912810TZ1,TSRYS5752098,D,S,D,2024-04-17,1000000.00,4.880118,95.19921875
08:00:30,912810TZ1,TSRYS5752098,D,S,T,2024-04-17,1000000.00,4.879798,95.203125
08:00:30,912810TZ1,TSRYS5752098,D,S,T,2024-04-17,1000000.00,4.883638,95.15625
08:00:30,912810TZ1,TSRYS5752098,D,S,T,2024-04-17,1000000.00,4.883638,95.15625
08:00:30,912810TZ1,TSRYS5752098,D,S,T,2024-04-17,1000000.00,4.884598,95.14453125
08:00:30,912810TZ1,TSRYS5752098,D,S,T,2024-04-17,1000000.00,4.884438,95.146484375
08:00:30,912810TZ1,TSRYS5752098,D,S,T,2024-04-17,1000000.00,4.884278,95.1484375
08:00:30,912810TZ1,TSRYS5752098,D,S,T,2024-04-17,1000000.00,4.884118,95.150390625
08:00:30,912810TZ1,TSRYS5752098,D,S,T,2024-04-17,2000000.00,4.883638,95.15625
08:00:30,912810TZ1,TSRYS5752098,D,S,T,2024-04-17,1000000.00,4.88748,95.109375
08:00:30,912810TZ1,TSRYS5752098,D,S,T,2024-04-17,1000000.00,4.883478,95.158203125
08:00:30,912810TZ1,TSRYS5752098,D,S,T,2024-04-17,1000000.00,4.883958,95.15234375
08:00:30,912810TZ1,TSRYS5752098,D,S,T,2024-04-17,1000000.00,4.88748,95.109375
08:00:30,912810TZ1,TSRYS5752098,D,S,D,2024-04-17,1000000.00,4.88812,95.1015625
08:00:30,912810TZ1,TSRYS5752098,D,S,D,2024-04-17,1000000.00,4.893889,95.03125
08:00:30,912810TZ1,TSRYS5752098,D,S,D,2024-04-17,1000000.00,4.894851,95.01953125
08:00:33,912810TZ1,TSRYS5752098,D,S,T,2024-04-17,1000000.00,4.879798,95.203125
08:00:33,912810TZ1,TSRYS5752098,D,S,T,2024-04-17,1000000.00,4.879798,95.203125
08:00:33,912810TZ1,TSRYS5752098,D,S,T,2024-04-17,1000000.00,4.87724,95.234375
08:00:33,912810TZ1,TSRYS5752098,D,S,T,2024-04-17,1000000.00,4.878519,95.21875
08:00:33,912810TZ1,TSRYS5752098,D,S,T,2024-04-17,1000000.00,4.878519,95.21875
08:00:33,912810TZ1,TSRYS5752098,D,S,T,2024-04-17,1000000.00,4.881238,95.185546875
08:00:33,912810TZ1,TSRYS5752098,D,S,T,2024-04-17,1000000.00,4.875162,95.259765625
08:00:33,912810TZ1,TSRYS5752098,D,S,T,2024-04-17,1000000.00,4.875162,95.259765625
08:00:33,912810TZ1,TSRYS5752098,D,S,T,2024-04-17,1000000.00,4.874683,95.265625
08:00:33,912810TZ1,TSRYS5752098,D,S,T,2024-04-17,1000000.00,4.875961,95.25
08:00:33,912810TZ1,TSRYS5752098,D,S,T,2024-04-17,1000000.00,4.875961,95.25
08:00:33,912810TZ1,TSRYS5752098,D,S,T,2024-04-17,1000000.00,4.875961,95.25
08:00:33,912810TZ1,TSRYS5752098,D,S,D,2024-04-17,1000000.00,4.879478,95.20703125
08:00:33,912810TZ1,TSRYS5752098,D,S,D,2024-04-17,1000000.00,4.879478,95.20703125
08:00:33,912810TZ1,TSRYS5752098,D,S,D,2024-04-17,1000000.00,4.872446,95.29296875
08:00:33,912810TZ1,TSRYS5752098,D,S,D,2024-04-17,2000000.00,4.870849,95.3125
08:00:33,912810TZ1,TSRYS5752098,D,S,T,2024-04-17,1000000.00,4.872127,95.296875
08:00:33,912810TZ1,TSRYS5752098,D,S,T,2024-04-17,1000000.00,4.872127,95.296875
08:00:33,912810TZ1,TSRYS5752098,D,S,D,2024-04-17,1000000.00,4.874683,95.265625
08:00:33,912810TZ1,TSRYS5752098,D,S,T,2024-04-17,1000000.00,4.87788,95.2265625
08:00:33,912810TZ1,TSRYS5752098,D,S,D,2024-04-17,1000000.00,4.879478,95.20703125
08:00:33,912810TZ1,TSRYS5752098,D,S,D,2024-04-17,1000000.00,4.879478,95.20703125
08:00:33,912810TZ1,TSRYS5752098,D,S,D,2024-04-17,1000000.00,4.879478,95.20703125
08:00:33,912810TZ1,TSRYS5752098,D,S,D,2024-04-17,1000000.00,4.879478,95.20703125
08:00:33,912810TZ1,TSRYS5752098,D,S,D,2024-04-17,1000000.00,4.879478,95.20703125
08:00:33,912810TZ1,TSRYS5752098,D,S,T,2024-04-17,1000000.00,4.878999,95.212890625
08:00:33,912810TZ1,TSRYS5752098,D,S,D,2024-04-17,2000000.00,4.879478,95.20703125
08:00:33,912810TZ1,TSRYS5752098,D,S,D,2024-04-17,1000000.00,4.879478,95.20703125
08:00:33,912810TZ1,TSRYS5752098,D,S,D,2024-04-17,1000000.00,4.879478,95.20703125
08:00:33,912810TZ1,TSRYS5752098,D,S,T,2024-04-17,1000000.00,4.874683,95.265625
08:00:33,912810TZ1,TSRYS5752098,D,S,T,2024-04-17,1000000.00,4.878199,95.22265625
08:00:33,912810TZ1,TSRYS5752098,D,S,T,2024-04-17,1000000.00,4.878519,95.21875
08:00:33,912810TZ1,TSRYS5752098,D,S,T,2024-04-17,1000000.00,4.873405,95.28125
08:00:33,912810TZ1,TSRYS5752098,D,S,T,2024-04-17,1000000.00,4.872127,95.296875
08:00:33,912810TZ1,TSRYS5752098,D,S,T,2024-04-17,1000000.00,4.873405,95.28125
08:00:33,912810TZ1,TSRYS5752098,D,S,T,2024-04-17,1000000.00,4.873405,95.28125
08:00:33,912810TZ1,TSRYS5752098,D,S,T,2024-04-17,1000000.00,4.870849,95.3125
08:00:33,912810TZ1,TSRYS5752098,D,S,T,2024-04-17,1000000.00,4.873245,95.283203125
08:00:33,912810TZ1,TSRYS5752098,D,S,T,2024-04-17,1000000.00,4.873405,95.28125
08:00:33,912810TZ1,TSRYS5752098,D,S,T,2024-04-17,1000000.00,4.873405,95.28125
08:00:33,912810TZ1,TSRYS5752098,D,S,T,2024-04-17,1000000.00,4.878839,95.21484375
08:00:33,912810TZ1,TSRYS5752098,D,S,T,2024-04-17,1000000.00,4.878519,95.21875
08:00:33,912810TZ1,TSRYS5752098,D,S,T,2024-04-17,1000000.00,4.881078,95.1875
08:00:33,912810TZ1,TSRYS5752098,D,S,T,2024-04-17,1000000.00,4.882358,95.171875
08:00:33,912810TZ1,TSRYS5752098,D,S,T,2024-04-17,1000000.00,4.88748,95.109375
08:00:33,912810TZ1,TSRYS5752098,D,S,T,2024-04-17,1000000.00,4.88748,95.109375
08:00:33,912810TZ1,TSRYS5752098,D,S,T,2024-04-17,1000000.00,4.88748,95.109375
08:00:33,912810TZ1,TSRYS5752098,D,S,T,2024-04-17,1000000.00,4.88748,95.109375
08:00:33,912810TZ1,TSRYS5752098,D,S,T,2024-04-17,1000000.00,4.88748,95.109375
08:00:33,912810TZ1,TSRYS5752098,D,S,T,2024-04-17,1000000.00,4.88748,95.109375
08:00:33,912810TZ1,TSRYS5752098,D,S,D,2024-04-17,1000000.00,4.891004,95.06640625
08:00:33,912810TZ1,TSRYS5752098,D,S,D,2024-04-17,1000000.00,4.879798,95.203125
08:00:33,912810TZ1,TSRYS5752098,D,S,D,2024-04-17,1000000.00,4.88716,95.11328125
08:00:33,912810TZ1,TSRYS5752098,D,S,D,2024-04-17,1000000.00,4.884278,95.1484375
08:00:33,912810TZ1,TSRYS5752098,D,S,D,2024-04-17,1000000.00,4.883958,95.15234375
08:00:33,912810TZ1,TSRYS5752098,D,S,D,2024-04-17,1000000.00,4.87788,95.2265625
08:00:33,912810TZ1,TSRYS5752098,D,S,D,2024-04-17,1000000.00,4.874683,95.265625
08:00:33,912810TZ1,TSRYS5752098,D,S,D,2024-04-17,1000000.00,4.87021,95.3203125
08:00:33,912810TZ1,TSRYS5752098,D,S,D,2024-04-17,1000000.00,4.874683,95.265625
08:00:33,912810TZ1,TSRYS5752098,D,S,D,2024-04-17,1000000.00,4.878839,95.21484375
08:00:33,912810TZ1,TSRYS5752098,D,S,D,2024-04-17,1000000.00,4.879478,95.20703125
08:00:33,912810TZ1,TSRYS5752098,D,S,D,2024-04-17,1000000.00,4.868295,95.34375
08:00:33,912810TZ1,TSRYS5752098,D,S,D,2024-04-17,1000000.00,4.880438,95.1953125
08:00:33,912810TZ1,TSRYS5752098,D,S,D,2024-04-17,1000000.00,4.886999,95.115234375
08:00:33,912810TZ1,TSRYS5752098,D,S,D,2024-04-17,1000000.00,4.880598,95.193359375
08:00:33,912810TZ1,TSRYS5752098,D,S,D,2024-04-17,1000000.00,4.878679,95.216796875
08:00:33,912810TZ1,TSRYS5752098,D,S,D,2024-04-17,2000000.00,4.880118,95.19921875
08:00:33,912810TZ1,TSRYS5752098,D,S,D,2024-04-17,1000000.00,4.880278,95.197265625
08:00:33,912810TZ1,TSRYS5752098,D,S,D,2024-04-17,1000000.00,4.882518,95.169921875
08:00:33,912810TZ1,TSRYS5752098,D,S,D,2024-04-17,1000000.00,4.882518,95.169921875
08:00:33,912810TZ1,TSRYS5752098,D,S,D,2024-04-17,1000000.00,4.882518,95.169921875
08:00:33,912810TZ1,TSRYS5752098,D,S,D,2024-04-17,1000000.00,4.882358,95.171875
08:00:33,912810TZ1,TSRYS5752098,D,S,D,2024-04-17,2000000.00,4.886679,95.119140625
08:00:33,912810TZ1,TSRYS5752098,D,S,D,2024-04-17,1000000.00,4.886679,95.119140625
08:00:33,912810TZ1,TSRYS5752098,D,S,D,2024-04-17,1000000.00,4.886679,95.119140625
08:00:33,912810TZ1,TSRYS5752098,D,S,D,2024-04-17,2000000.00,4.886839,95.1171875
08:00:33,912810TZ1,TSRYS5752098,D,S,D,2024-04-17,1000000.00,4.889242,95.087890625
08:00:33,912810TZ1,TSRYS5752098,D,S,D,2024-04-17,2000000.00,4.888761,95.09375
08:00:33,912810TZ1,TSRYS5752098,D,S,D,2024-04-17,2000000.00,4.888761,95.09375
08:00:33,912810TZ1,TSRYS5752098,D,S,D,2024-04-17,1000000.00,4.886519,95.12109375
08:00:33,912810TZ1,TSRYS5752098,D,S,D,2024-04-17,1000000.00,4.881718,95.1796875
08:00:33,912810TZ1,TSRYS5752098,D,S,D,2024-04-17,1000000.00,4.881718,95.1796875
08:00:33,912810TZ1,TSRYS5752098,D,S,D,2024-04-17,1000000.00,4.881718,95.1796875
08:00:33,912810TZ1,TSRYS5752098,D,S,T,2024-04-17,1000000.00,4.879958,95.201171875
08:00:33,912810TZ1,TSRYS5752098,D,S,T,2024-04-17,1000000.00,4.879798,95.203125
08:00:33,912810TZ1,TSRYS5752098,D,S,T,2024-04-17,1000000.00,4.879798,95.203125
08:00:33,912810TZ1,TSRYS5752098,D,S,T,2024-04-17,1000000.00,4.880118,95.19921875
08:00:33,912810TZ1,TSRYS5752098,D,S,T,2024-04-17,2000000.00,4.880118,95.19921875
08:00:33,912810TZ1,TSRYS5752098,D,S,T,2024-04-17,1000000.00,4.881398,95.18359375
08:00:33,912810TZ1,TSRYS5752098,D,S,T,2024-04-17,1000000.00,4.881398,95.18359375
08:00:33,912810TZ1,TSRYS5752098,D,S,T,2024-04-17,1000000.00,4.881398,95.18359375
08:00:33,912810TZ1,TSRYS5752098,D,S,T,2024-04-17,1000000.00,4.879798,95.203125
08:00:33,912810TZ1,TSRYS5752098,D,S,T,2024-04-17,1000000.00,4.880758,95.19140625
08:00:33,912810TZ1,TSRYS5752098,D,S,T,2024-04-17,1000000.00,4.880118,95.19921875
08:00:33,912810TZ1,TSRYS5752098,D,S,T,2024-04-17,1000000.00,4.879798,95.203125
08:00:33,912810TZ1,TSRYS5752098,D,S,T,2024-04-17,1000000.00,4.879798,95.203125
08:00:33,912810TZ1,TSRYS5752098,D,S,T,2024-04-17,1000000.00,4.886999,95.115234375
08:00:33,912810TZ1,TSRYS5752098,D,S,T,2024-04-17,1000000.00,4.886999,95.115234375
08:00:33,912810TZ1,TSRYS5752098,D,S,T,2024-04-17,1000000.00,4.883158,95.162109375
08:00:33,912810TZ1,TSRYS5752098,D,S,T,2024-04-17,1000000.00,4.880598,95.193359375
08:00:33,912810TZ1,TSRYS5752098,D,S,T,2024-04-17,1000000.00,4.882518,95.169921875
08:00:33,912810TZ1,TSRYS5752098,D,S,T,2024-04-17,1000000.00,4.882358,95.171875
08:00:33,912810TZ1,TSRYS5752098,D,S,T,2024-04-17,1000000.00,4.88764,95.107421875
08:00:33,912810TZ1,TSRYS5752098,D,S,T,2024-04-17,1000000.00,4.88748,95.109375
08:00:33,912810TZ1,TSRYS5752098,D,S,T,2024-04-17,1000000.00,4.88748,95.109375
08:00:33,912810TZ1,TSRYS5752098,D,S,T,2024-04-17,1000000.00,4.886519,95.12109375
08:00:33,912810TZ1,TSRYS5752098,D,S,T,2024-04-17,1000000.00,4.886679,95.119140625
08:00:33,912810TZ1,TSRYS5752098,D,S,D,2024-04-17,1000000.00,4.88812,95.1015625
08:00:33,912810TZ1,TSRYS5752098,D,S,D,2024-04-17,1000000.00,4.88748,95.109375
08:00:33,912810TZ1,TSRYS5752098,D,S,D,2024-04-17,1000000.00,4.88748,95.109375
08:00:33,912810TZ1,TSRYS5752098,D,S,D,2024-04-17,1000000.00,4.88716,95.11328125
08:00:33,912810TZ1,TSRYS5752098,D,S,D,2024-04-17,1000000.00,4.88748,95.109375
08:00:33,912810TZ1,TSRYS5752098,D,S,D,2024-04-17,1000000.00,4.88748,95.109375
08:00:33,912810TZ1,TSRYS5752098,D,S,D,2024-04-17,1000000.00,4.88748,95.109375
08:00:33,912810TZ1,TSRYS5752098,D,S,A,2024-04-17,1265200.00,4.874855,95.265625
08:00:37,912810TZ1,TSRYS5752098,D,S,D,2024-04-17,1000000.00,4.881078,95.1875
08:00:37,912810TZ1,TSRYS5752098,D,S,D,2024-04-17,1000000.00,4.881078,95.1875
08:00:37,912810TZ1,TSRYS5752098,D,S,D,2024-04-17,1000000.00,4.881078,95.1875
08:00:38,912810TZ1,TSRYS5752098,D,B,C,2024-04-17,1000.00,4.875322,95.2578125
08:00:38,912810TZ1,TSRYS5752098,D,B,C,2024-04-17,1998000.00,4.875322,95.2578125
08:00:38,912810TZ1,TSRYS5752098,D,B,C,2024-04-17,3000000.00,4.868966,95.3355375
08:00:38,912810TZ1,TSRYS5752098,D,B,C,2024-04-17,1998000.00,4.874044,95.2734375
08:00:38,912810TZ1,TSRYS5752098,D,B,C,2024-04-17,2000.00,4.874044,95.2734375
08:00:38,912810TZ1,TSRYS5752098,D,S,T,2024-04-17,1000000.00,4.899021,94.96875
08:00:38,912810TZ1,TSRYS5752098,D,S,T,2024-04-17,1000000.00,4.899021,94.96875
08:00:38,912810TZ1,TSRYS5752098,D,S,T,2024-04-17,1000000.00,4.896454,95.0
08:00:38,912810TZ1,TSRYS5752098,D,B,C,2024-04-17,4000000.00,4.898132,94.9795664063
08:00:38,912810TZ1,TSRYS5752098,D,S,D,2024-04-17,10000000.00,4.888818,95.09305
08:00:38,912810TZ1,TSRYS5752098,D,S,D,2024-04-17,10000000.00,4.885984,95.12762
08:00:38,912810TZ1,TSRYS5752098,D,S,D,2024-04-17,10000000.00,4.883695,95.15555
08:00:38,912810TZ1,TSRYS5752098,D,S,A,2024-04-17,200000.00,4.879798,95.203125
08:00:38,912810TZ1,TSRYS5752098,D,S,T,2024-04-17,1000000.00,4.882358,95.171875
08:00:38,912810TZ1,TSRYS5752098,D,S,T,2024-04-17,1000000.00,4.88748,95.109375
08:00:38,912810TZ1,TSRYS5752098,D,S,T,2024-04-17,1000000.00,4.88748,95.109375
08:00:38,912810TZ1,TSRYS5752098,D,S,T,2024-04-17,1000000.00,4.88764,95.107421875
08:00:38,912810TZ1,TSRYS5752098,D,S,T,2024-04-17,1000000.00,4.88748,95.109375
08:00:38,912810TZ1,TSRYS5752098,D,S,T,2024-04-17,1000000.00,4.88748,95.109375
08:00:39,912810TZ1,TSRYS5752098,D,S,T,2024-04-17,1000000.00,4.879798,95.203125
08:00:39,912810TZ1,TSRYS5752098,D,S,D,2024-04-17,10000000.00,4.878576,95.21805
08:00:39,912810TZ1,TSRYS5752098,D,B,C,2024-04-17,151000.00,4.875961,95.25
08:00:39,912810TZ1,TSRYS5752098,D,S,D,2024-04-17,10000000.00,4.876019,95.2493
08:00:39,912810TZ1,TSRYS5752098,D,S,T,2024-04-17,1000000.00,4.873085,95.28515625
08:00:39,912810TZ1,TSRYS5752098,D,S,D,2024-04-17,10000000.00,4.873462,95.28055
08:00:39,912810TZ1,TSRYS5752098,D,S,T,2024-04-17,2000000.00,4.8774,95.232421875
08:00:39,912810TZ1,TSRYS5752098,D,S,T,2024-04-17,1000000.00,4.8774,95.232421875
08:00:39,912810TZ1,TSRYS5752098,D,S,T,2024-04-17,1000000.00,4.8774,95.232421875
08:00:39,912810TZ1,TSRYS5752098,D,S,T,2024-04-17,1000000.00,4.879958,95.201171875
08:00:39,912810TZ1,TSRYS5752098,D,S,T,2024-04-17,2000000.00,4.879958,95.201171875
08:00:39,912810TZ1,TSRYS5752098,D,S,T,2024-04-17,2000000.00,4.879958,95.201171875
08:00:39,912810TZ1,TSRYS5752098,D,S,T,2024-04-17,1000000.00,4.882358,95.171875
08:00:39,912810TZ1,TSRYS5752098,D,S,T,2024-04-17,2000000.00,4.882358,95.171875
08:00:39,912810TZ1,TSRYS5752098,D,S,A,2024-04-17,25000.00,4.878199,95.22265625
08:00:40,912810TZ1,TSRYS5752098,D,S,A,2024-04-17,100000.00,4.871807,95.30078125
08:00:40,912810TZ1,TSRYS5752098,D,S,A,2024-04-17,100000.00,4.871169,95.30859375
08:00:41,912810TZ1,TSRYS5752098,D,B,A,2024-04-17,3800000.00,4.879798,95.203125
08:00:43,912810TZ1,TSRYS5752098,D,B,A,2024-04-17,200000.00,4.879798,95.203125
08:00:43,912810TZ1,TSRYS5752098,D,B,A,2024-04-17,170000.00,4.879159,95.2109375
08:00:43,912810TZ1,TSRYS5752098,D,B,A,2024-04-17,1240000.00,4.879478,95.20703125
08:00:44,912810TZ1,TSRYS5752098,D,S,D,2024-04-17,1000000.00,4.882358,95.171875
08:00:45,912810TZ1,TSRYS5752098,D,S,T,2024-04-17,2000000.00,4.888761,95.09375
08:00:45,912810TZ1,TSRYS5752098,D,S,T,2024-04-17,1000000.00,4.881078,95.1875
08:00:45,912810TZ1,TSRYS5752098,D,S,T,2024-04-17,1000000.00,4.882358,95.171875
08:00:45,912810TZ1,TSRYS5752098,D,S,T,2024-04-17,1000000.00,4.879798,95.203125
08:00:45,912810TZ1,TSRYS5752098,D,S,T,2024-04-17,1000000.00,4.870849,95.3125
08:00:46,912810TZ1,TSRYS5752098,D,S,T,2024-04-17,1000000.00,4.878519,95.21875
08:00:46,912810TZ1,TSRYS5752098,D,S,T,2024-04-17,1000000.00,4.882358,95.171875
08:00:46,912810TZ1,TSRYS5752098,D,S,T,2024-04-17,1000000.00,4.882358,95.171875
08:00:46,912810TZ1,TSRYS5752098,D,S,T,2024-04-17,1000000.00,4.882358,95.171875
08:00:46,912810TZ1,TSRYS5752098,D,S,T,2024-04-17,1000000.00,4.88748,95.109375
08:00:51,912810TZ1,TSRYS5752098,D,S,T,2024-04-17,1000000.00,4.882358,95.171875
08:00:51,912810TZ1,TSRYS5752098,D,S,T,2024-04-17,1000000.00,4.882358,95.171875
08:00:55,912810TZ1,TSRYS5752098,D,S,A,2024-04-17,200000.00,4.884598,95.14453125
08:01:02,912810TZ1,TSRYS5752098,D,S,C,2024-04-17,1000000.00,4.896775,94.99609375
08:01:02,912810TZ1,TSRYS5752098,D,S,C,2024-04-17,1000000.00,4.896775,94.99609375
08:01:02,912810TZ1,TSRYS5752098,D,S,C,2024-04-17,1000000.00,4.891645,95.05859375
08:01:02,912810TZ1,TSRYS5752098,D,S,C,2024-04-17,1000000.00,4.891645,95.05859375
08:01:02,912810TZ1,TSRYS5752098,D,S,C,2024-04-17,1000000.00,4.890683,95.0703125
08:01:02,912810TZ1,TSRYS5752098,D,S,C,2024-04-17,1000000.00,4.890683,95.0703125
08:01:02,912810TZ1,TSRYS5752098,D,S,C,2024-04-17,1000000.00,4.893568,95.03515625
08:01:02,912810TZ1,TSRYS5752098,D,S,C,2024-04-17,1000000.00,4.891004,95.06640625
08:01:02,912810TZ1,TSRYS5752098,D,S,C,2024-04-17,1000000.00,4.892286,95.05078125
08:01:02,912810TZ1,TSRYS5752098,D,S,C,2024-04-17,1000000.00,4.890363,95.07421875
08:01:02,912810TZ1,TSRYS5752098,D,B,C,2024-04-17,1000000.00,4.890683,95.0703125
08:01:02,912810TZ1,TSRYS5752098,D,S,D,2024-04-17,1000000.00,4.883318,95.16015625
08:01:02,912810TZ1,TSRYS5752098,D,S,C,2024-04-17,2000000.00,4.88812,95.1015625
08:01:02,912810TZ1,TSRYS5752098,D,S,C,2024-04-17,1000000.00,4.883638,95.15625
08:01:02,912810TZ1,TSRYS5752098,D,S,A,2024-04-17,409000.00,4.879159,95.2109375
08:01:02,912810TZ1,TSRYS5752098,D,S,C,2024-04-17,2000000.00,4.88812,95.1015625
08:01:02,912810TZ1,TSRYS5752098,D,S,D,2024-04-17,1000000.00,4.885879,95.12890625
08:01:02,912810TZ1,TSRYS5752098,D,S,D,2024-04-17,1000000.00,4.883638,95.15625
08:01:02,912810TZ1,TSRYS5752098,D,S,C,2024-04-17,48545200.00,4.884947,95.140625
08:01:02,912810TZ1,TSRYS5752098,D,S,C,2024-04-17,1000000.00,4.883638,95.15625
08:01:02,912810TZ1,TSRYS5752098,D,S,C,2024-04-17,1000000.00,4.883638,95.15625
08:01:02,912810TZ1,TSRYS5752098,D,S,C,2024-04-17,1000000.00,4.883638,95.15625
08:01:02,912810TZ1,TSRYS5752098,D,S,D,2024-04-17,1000000.00,4.883958,95.15234375
08:01:02,912810TZ1,TSRYS5752098,D,B,C,2024-04-17,1000000.00,4.8878,95.10546875
08:01:02,912810TZ1,TSRYS5752098,D,S,D,2024-04-17,1000000.00,4.884278,95.1484375
08:01:02,912810TZ1,TSRYS5752098,D,S,D,2024-04-17,1000000.00,4.8878,95.10546875
08:01:02,912810TZ1,TSRYS5752098,D,S,C,2024-04-17,1000000.00,4.893889,95.03125
08:01:02,912810TZ1,TSRYS5752098,D,S,C,2024-04-17,1000000.00,4.88812,95.1015625
08:01:03,912810TZ1,TSRYS5752098,D,S,D,2024-04-17,1000000.00,4.89453,95.0234375
08:01:03,912810TZ1,TSRYS5752098,D,B,C,2024-04-17,1000000.00,4.893568,95.03515625
08:01:03,912810TZ1,TSRYS5752098,D,S,D,2024-04-17,1000000.00,4.893568,95.03515625
08:01:03,912810TZ1,TSRYS5752098,D,S,C,2024-04-17,1000000.00,4.894851,95.01953125
08:01:03,912810TZ1,TSRYS5752098,D,B,C,2024-04-17,1000000.00,4.89453,95.0234375
08:01:03,912810TZ1,TSRYS5752098,D,S,C,2024-04-17,1000000.00,4.881398,95.18359375
08:01:03,912810TZ1,TSRYS5752098,D,B,C,2024-04-17,1000000.00,4.881398,95.18359375
08:01:03,912810TZ1,TSRYS5752098,D,S,A,2024-04-17,2250000.00,4.879159,95.2109375
08:01:03,912810TZ1,TSRYS5752098,D,S,C,2024-04-17,1000000.00,4.87788,95.2265625
08:01:03,912810TZ1,TSRYS5752098,D,S,D,2024-04-17,1000000.00,4.878519,95.21875
08:01:03,912810TZ1,TSRYS5752098,D,S,C,2024-04-17,1000000.00,4.874683,95.265625
08:01:03,912810TZ1,TSRYS5752098,D,S,C,2024-04-17,1000000.00,4.87788,95.2265625
08:01:03,912810TZ1,TSRYS5752098,D,S,C,2024-04-17,1000000.00,4.879478,95.20703125
08:01:03,912810TZ1,TSRYS5752098,D,S,C,2024-04-17,2000000.00,4.870849,95.3125
08:01:03,912810TZ1,TSRYS5752098,D,S,C,2024-04-17,1000000.00,4.872446,95.29296875
08:01:03,912810TZ1,TSRYS5752098,D,S,C,2024-04-17,1000000.00,4.87053,95.31640625
08:01:03,912810TZ1,TSRYS5752098,D,S,C,2024-04-17,1000000.00,4.879478,95.20703125
08:01:03,912810TZ1,TSRYS5752098,D,S,C,2024-04-17,1000000.00,4.873085,95.28515625
08:01:03,912810TZ1,TSRYS5752098,D,S,C,2024-04-17,1000000.00,4.874683,95.265625
08:01:03,912810TZ1,TSRYS5752098,D,S,C,2024-04-17,1000000.00,4.87021,95.3203125
08:01:03,912810TZ1,TSRYS5752098,D,S,A,2024-04-17,50000.00,4.879507,95.20703125
08:01:03,912810TZ1,TSRYS5752098,D,S,C,2024-04-17,1000000.00,4.87053,95.31640625
08:01:03,912810TZ1,TSRYS5752098,D,B,C,2024-04-17,1000000.00,4.873085,95.28515625
08:01:03,912810TZ1,TSRYS5752098,D,S,C,2024-04-17,1000000.00,4.874683,95.265625
08:01:04,912810TZ1,TSRYS5752098,D,S,C,2024-04-17,1000000.00,4.879478,95.20703125
08:01:04,912810TZ1,TSRYS5752098,D,S,C,2024-04-17,1000000.00,4.879478,95.20703125
08:01:04,912810TZ1,TSRYS5752098,D,S,C,2024-04-17,1000000.00,4.879478,95.20703125
08:01:04,912810TZ1,TSRYS5752098,D,S,C,2024-04-17,1000000.00,4.879478,95.20703125
08:01:04,912810TZ1,TSRYS5752098,D,S,C,2024-04-17,1000000.00,4.879478,95.20703125
08:01:04,912810TZ1,TSRYS5752098,D,S,D,2024-04-17,1000000.00,4.880758,95.19140625
08:01:04,912810TZ1,TSRYS5752098,D,S,C,2024-04-17,1000000.00,4.878839,95.21484375
08:01:04,912810TZ1,TSRYS5752098,D,S,C,2024-04-17,2000000.00,4.879478,95.20703125
08:01:04,912810TZ1,TSRYS5752098,D,S,C,2024-04-17,1000000.00,4.879478,95.20703125
08:01:04,912810TZ1,TSRYS5752098,D,S,C,2024-04-17,1000000.00,4.879478,95.20703125
08:01:04,912810TZ1,TSRYS5752098,D,B,C,2024-04-17,1000000.00,4.879478,95.20703125
08:01:04,912810TZ1,TSRYS5752098,D,S,C,2024-04-17,1000000.00,4.879478,95.20703125
08:01:04,912810TZ1,TSRYS5752098,D,S,C,2024-04-17,1000000.00,4.879478,95.20703125
08:01:04,912810TZ1,TSRYS5752098,D,S,C,2024-04-17,1000000.00,4.879478,95.20703125
08:01:04,912810TZ1,TSRYS5752098,D,B,C,2024-04-17,1000000.00,4.879478,95.20703125
08:01:04,912810TZ1,TSRYS5752098,D,S,C,2024-04-17,1000000.00,4.879478,95.20703125
08:01:04,912810TZ1,TSRYS5752098,D,S,C,2024-04-17,1000000.00,4.879478,95.20703125
08:01:05,912810TZ1,TSRYS5752098,D,S,C,2024-04-17,1000000.00,4.868295,95.34375
08:01:05,912810TZ1,TSRYS5752098,D,S,D,2024-04-17,1000000.00,4.875322,95.2578125
08:01:05,912810TZ1,TSRYS5752098,D,B,C,2024-04-17,1000000.00,4.875322,95.2578125
08:01:05,912810TZ1,TSRYS5752098,D,B,C,2024-04-17,1000000.00,4.875322,95.2578125
08:01:05,912810TZ1,TSRYS5752098,D,S,D,2024-04-17,1000000.00,4.875322,95.2578125
08:01:05,912810TZ1,TSRYS5752098,D,S,C,2024-04-17,1000000.00,4.868614,95.33984375
08:01:06,912810TZ1,TSRYS5752098,D,S,C,2024-04-17,1000000.00,4.880758,95.19140625
08:01:06,912810TZ1,TSRYS5752098,D,S,C,2024-04-17,1000000.00,4.882038,95.17578125
08:01:06,912810TZ1,TSRYS5752098,D,B,C,2024-04-17,1000000.00,4.882358,95.171875
08:01:06,912810TZ1,TSRYS5752098,D,S,D,2024-04-17,1000000.00,4.882358,95.171875
08:01:06,912810TZ1,TSRYS5752098,D,B,C,2024-04-17,1000000.00,4.881718,95.1796875
08:01:06,912810TZ1,TSRYS5752098,D,S,D,2024-04-17,1000000.00,4.881718,95.1796875
08:01:06,912810TZ1,TSRYS5752098,D,B,C,2024-04-17,1000000.00,4.878839,95.21484375
08:01:06,912810TZ1,TSRYS5752098,D,S,C,2024-04-17,1000000.00,4.87692,95.23828125
08:01:06,912810TZ1,TSRYS5752098,D,S,C,2024-04-17,1000000.00,4.878839,95.21484375
08:01:06,912810TZ1,TSRYS5752098,D,S,C,2024-04-17,1000000.00,4.87724,95.234375
08:01:06,912810TZ1,TSRYS5752098,D,S,C,2024-04-17,1000000.00,4.87692,95.23828125
08:01:06,912810TZ1,TSRYS5752098,D,S,D,2024-04-17,1000000.00,4.87724,95.234375
08:01:06,912810TZ1,TSRYS5752098,D,S,C,2024-04-17,1000000.00,4.881078,95.1875
08:01:06,912810TZ1,TSRYS5752098,D,S,D,2024-04-17,1000000.00,4.881078,95.1875
08:01:06,912810TZ1,TSRYS5752098,D,S,D,2024-04-17,1000000.00,4.879798,95.203125
08:01:06,912810TZ1,TSRYS5752098,D,B,C,2024-04-17,1000000.00,4.882358,95.171875
08:01:06,912810TZ1,TSRYS5752098,D,S,D,2024-04-17,1000000.00,4.882358,95.171875
08:01:06,912810TZ1,TSRYS5752098,D,S,D,2024-04-17,1000000.00,4.882358,95.171875
08:01:06,912810TZ1,TSRYS5752098,D,S,C,2024-04-17,1000000.00,4.883318,95.16015625
08:01:06,912810TZ1,TSRYS5752098,D,S,C,2024-04-17,1000000.00,4.88748,95.109375
08:01:06,912810TZ1,TSRYS5752098,D,S,C,2024-04-17,1000000.00,4.88812,95.1015625
08:01:06,912810TZ1,TSRYS5752098,D,S,C,2024-04-17,1000000.00,4.88716,95.11328125
08:01:07,912810TZ1,TSRYS5752098,D,S,D,2024-04-17,5000000.00,4.870906,95.3118
08:01:07,912810TZ1,TSRYS5752098,D,S,D,2024-04-17,5000000.00,4.892343,95.05008
08:01:07,912810TZ1,TSRYS5752098,D,S,D,2024-04-17,5000000.00,4.888178,95.10086
08:01:08,912810TZ1,TSRYS5752098,D,B,C,2024-04-17,5000000.00,4.874044,95.2734375
08:01:08,912810TZ1,TSRYS5752098,D,S,A,2024-04-17,3800000.00,4.880438,95.1953125
08:01:09,912810TZ1,TSRYS5752098,D,S,A,2024-04-17,200000.00,4.875002,95.26171875
08:01:09,912810TZ1,TSRYS5752098,D,S,D,2024-04-17,50000.00,4.888441,95.09765625
08:01:10,912810TZ1,TSRYS5752098,D,S,D,2024-04-17,1000000.00,4.878519,95.21875
08:01:10,912810TZ1,TSRYS5752098,D,S,D,2024-04-17,1000000.00,4.880758,95.19140625
08:01:11,912810TZ1,TSRYS5752098,D,S,T,2024-04-17,1000000.00,4.873415,95.28112
08:01:11,912810TZ1,TSRYS5752098,D,S,T,2024-04-17,1000000.00,4.873415,95.28112
08:01:11,912810TZ1,TSRYS5752098,D,S,T,2024-04-17,1000000.00,4.873415,95.28112
08:01:12,912810TZ1,TSRYS5752098,D,S,D,2024-04-17,6000000.00,4.884194,95.149463
08:01:12,912810TZ1,TSRYS5752098,D,S,D,2024-04-17,1000000.00,4.8831,95.1628094
08:01:12,912810TZ1,TSRYS5752098,D,B,C,2024-04-17,1000000.00,4.878576,95.21805
08:01:12,912810TZ1,TSRYS5752098,D,S,T,2024-04-17,1000000.00,4.88748,95.109375
08:01:12,912810TZ1,TSRYS5752098,D,B,C,2024-04-17,1000000.00,4.880815,95.1907063
08:01:12,912810TZ1,TSRYS5752098,D,S,T,2024-04-17,1000000.00,4.88748,95.109375
08:01:12,912810TZ1,TSRYS5752098,D,S,D,2024-04-17,5000000.00,4.887326,95.1112542
08:01:12,912810TZ1,TSRYS5752098,D,B,C,2024-04-17,5000000.00,4.887562,95.108375
08:01:12,912810TZ1,TSRYS5752098,D,S,T,2024-04-17,1000000.00,4.88748,95.109375
08:01:12,912810TZ1,TSRYS5752098,D,S,T,2024-04-17,1000000.00,4.88748,95.109375
08:01:12,912810TZ1,TSRYS5752098,D,S,T,2024-04-17,1000000.00,4.88748,95.109375
08:01:13,912810TZ1,TSRYS5752098,D,S,T,2024-04-17,1000000.00,4.88748,95.109375
08:01:13,912810TZ1,TSRYS5752098,D,S,T,2024-04-17,1000000.00,4.88748,95.109375
08:01:13,912810TZ1,TSRYS5752098,D,S,T,2024-04-17,1000000.00,4.88748,95.109375
08:01:13,912810TZ1,TSRYS5752098,D,S,T,2024-04-17,1000000.00,4.88748,95.109375
08:01:14,912810TZ1,TSRYS5752098,D,S,T,2024-04-17,1000000.00,4.88748,95.109375
08:01:14,912810TZ1,TSRYS5752098,D,B,C,2024-04-17,5000000.00,4.887562,95.108375
08:01:14,912810TZ1,TSRYS5752098,D,S,D,2024-04-17,2000000.00,4.883638,95.15625
08:01:15,912810TZ1,TSRYS5752098,D,S,A,2024-04-17,1000000.00,4.883638,95.15625
08:01:15,912810TZ1,TSRYS5752098,D,S,D,2024-04-17,1000000.00,4.883638,95.15625
08:01:15,912810TZ1,TSRYS5752098,D,S,D,2024-04-17,1000000.00,4.888761,95.09375
08:01:15,912810TZ1,TSRYS5752098,D,S,D,2024-04-17,1000000.00,4.886199,95.125
08:01:15,912810TZ1,TSRYS5752098,D,S,T,2024-04-17,1000000.00,4.886199,95.125
08:01:15,912810TZ1,TSRYS5752098,D,S,A,2024-04-17,5000.00,4.878228,95.22265625
08:01:15,912810TZ1,TSRYS5752098,D,S,T,2024-04-17,1000000.00,4.886199,95.125
08:01:15,912810TZ1,TSRYS5752098,D,B,C,2024-04-17,5000000.00,4.886281,95.124
08:01:15,912810TZ1,TSRYS5752098,D,S,T,2024-04-17,1000000.00,4.886199,95.125
08:01:15,912810TZ1,TSRYS5752098,D,S,D,2024-04-17,1000000.00,4.883638,95.15625
08:01:15,912810TZ1,TSRYS5752098,D,S,T,2024-04-17,1000000.00,4.886199,95.125
08:01:16,912810TZ1,TSRYS5752098,D,S,T,2024-04-17,1000000.00,4.886199,95.125
08:01:18,912810TZ1,TSRYS5752098,D,S,T,2024-04-17,1000000.00,4.885879,95.12890625
08:01:18,912810TZ1,TSRYS5752098,D,S,D,2024-04-17,1000000.00,4.892286,95.05078125
08:01:18,912810TZ1,TSRYS5752098,D,S,D,2024-04-17,1000000.00,4.888761,95.09375
08:01:18,912810TZ1,TSRYS5752098,D,S,T,2024-04-17,1000000.00,4.886199,95.125
08:01:18,912810TZ1,TSRYS5752098,D,S,T,2024-04-17,1000000.00,4.886199,95.125
08:01:18,912810TZ1,TSRYS5752098,D,S,D,2024-04-17,2000000.00,4.88812,95.1015625
08:01:18,912810TZ1,TSRYS5752098,D,B,C,2024-04-17,6000000.00,4.886281,95.124
08:01:18,912810TZ1,TSRYS5752098,D,S,T,2024-04-17,1000000.00,4.886199,95.125
08:01:18,912810TZ1,TSRYS5752098,D,S,T,2024-04-17,1000000.00,4.886199,95.125
08:01:18,912810TZ1,TSRYS5752098,D,S,D,2024-04-17,1000000.00,4.883638,95.15625
08:01:18,912810TZ1,TSRYS5752098,D,S,D,2024-04-17,32000000.00,4.880076,95.19973
08:01:18,912810TZ1,TSRYS5752098,D,S,T,2024-04-17,1000000.00,4.886199,95.125
08:01:18,912810TZ1,TSRYS5752098,D,S,T,2024-04-17,1000000.00,4.886199,95.125
08:01:18,912810TZ1,TSRYS5752098,D,S,D,2024-04-17,15000.00,4.88748,95.109375
08:01:18,912810TZ1,TSRYS5752098,D,S,D,2024-04-17,1000000.00,4.882678,95.16796875
08:01:19,912810TZ1,TSRYS5752098,D,S,D,2024-04-17,1000000.00,4.889242,95.08789062
08:01:19,912810TZ1,TSRYS5752098,D,S,D,2024-04-17,2000000.00,4.88812,95.1015625
08:01:20,912810TZ1,TSRYS5752098,D,S,T,2024-04-17,1000000.00,4.87724,95.234375
08:01:20,912810TZ1,TSRYS5752098,D,S,T,2024-04-17,1000000.00,4.878519,95.21875
08:01:20,912810TZ1,TSRYS5752098,D,S,T,2024-04-17,1000000.00,4.878519,95.21875
08:01:20,912810TZ1,TSRYS5752098,D,S,D,2024-04-17,1000000.00,4.878519,95.21875
08:01:20,912810TZ1,TSRYS5752098,D,S,D,2024-04-17,1000000.00,4.87788,95.2265625
08:01:20,912810TZ1,TSRYS5752098,D,S,T,2024-04-17,1000000.00,4.87788,95.2265625
08:01:20,912810TZ1,TSRYS5752098,D,S,T,2024-04-17,1000000.00,4.877252,95.234225
08:01:20,912810TZ1,TSRYS5752098,D,S,T,2024-04-17,1000000.00,4.878519,95.21875
08:01:20,912810TZ1,TSRYS5752098,D,S,T,2024-04-17,1000000.00,4.878531,95.2186
08:01:20,912810TZ1,TSRYS5752098,D,S,T,2024-04-17,1000000.00,4.878519,95.21875
08:01:20,912810TZ1,TSRYS5752098,D,S,T,2024-04-17,1000000.00,4.878531,95.2186
08:01:20,912810TZ1,TSRYS5752098,D,S,T,2024-04-17,1000000.00,4.87788,95.2265625
08:01:20,912810TZ1,TSRYS5752098,D,S,T,2024-04-17,1000000.00,4.878519,95.21875
08:01:20,912810TZ1,TSRYS5752098,D,S,T,2024-04-17,1000000.00,4.878531,95.2186
08:01:20,912810TZ1,TSRYS5752098,D,S,T,2024-04-17,1000000.00,4.878519,95.21875
08:01:20,912810TZ1,TSRYS5752098,D,S,T,2024-04-17,1000000.00,4.878519,95.21875
08:01:21,912810TZ1,TSRYS5752098,D,S,D,2024-04-17,1000000.00,4.883638,95.15625
08:01:21,912810TZ1,TSRYS5752098,D,B,C,2024-04-17,3000000.00,4.889647,95.08295
08:01:21,912810TZ1,TSRYS5752098,D,S,D,2024-04-17,1000000.00,4.883638,95.15625
08:01:21,912810TZ1,TSRYS5752098,D,S,A,2024-04-17,900000.00,4.871835,95.30078125
08:01:22,912810TZ1,TSRYS5752098,D,S,D,2024-04-17,140000.00,4.883958,95.15234375
08:01:22,912810TZ1,TSRYS5752098,D,S,D,2024-04-17,1000000.00,4.88812,95.1015625
08:01:22,912810TZ1,TSRYS5752098,D,S,D,2024-04-17,1000000.00,4.882038,95.17578125
08:01:22,912810TZ1,TSRYS5752098,D,S,T,2024-04-17,1000000.00,4.882358,95.171875
08:01:22,912810TZ1,TSRYS5752098,D,S,T,2024-04-17,1000000.00,4.882358,95.171875
08:01:22,912810TZ1,TSRYS5752098,D,S,T,2024-04-17,1000000.00,4.882038,95.17578125
08:01:22,912810TZ1,TSRYS5752098,D,S,T,2024-04-17,1000000.00,4.882038,95.17578125
08:01:22,912810TZ1,TSRYS5752098,D,S,T,2024-04-17,1000000.00,4.882038,95.17578125
08:01:22,912810TZ1,TSRYS5752098,D,S,T,2024-04-17,1000000.00,4.881398,95.18359375
08:01:22,912810TZ1,TSRYS5752098,D,S,T,2024-04-17,1000000.00,4.881718,95.1796875
08:01:22,912810TZ1,TSRYS5752098,D,S,T,2024-04-17,1000000.00,4.881878,95.17773437
08:01:22,912810TZ1,TSRYS5752098,D,S,T,2024-04-17,1000000.00,4.878039,95.22460937
08:01:22,912810TZ1,TSRYS5752098,D,S,T,2024-04-17,1000000.00,4.878359,95.22070312
08:01:22,912810TZ1,TSRYS5752098,D,S,T,2024-04-17,1000000.00,4.878519,95.21875
08:01:22,912810TZ1,TSRYS5752098,D,S,D,2024-04-17,1000000.00,4.881078,95.1875
08:01:22,912810TZ1,TSRYS5752098,D,S,T,2024-04-17,1000000.00,4.87724,95.234375
08:01:22,912810TZ1,TSRYS5752098,D,S,D,2024-04-17,1000000.00,4.87692,95.23828125
08:01:22,912810TZ1,TSRYS5752098,D,S,T,2024-04-17,1000000.00,4.876601,95.2421875
08:01:22,912810TZ1,TSRYS5752098,D,S,T,2024-04-17,1000000.00,4.87724,95.234375
08:01:22,912810TZ1,TSRYS5752098,D,S,D,2024-04-17,1000000.00,4.87692,95.23828125
08:01:22,912810TZ1,TSRYS5752098,D,S,T,2024-04-17,1000000.00,4.876601,95.2421875
08:01:22,912810TZ1,TSRYS5752098,D,S,D,2024-04-17,1000000.00,4.87724,95.234375
08:01:22,912810TZ1,TSRYS5752098,D,S,D,2024-04-17,1000000.00,4.87724,95.234375
08:01:22,912810TZ1,TSRYS5752098,D,S,D,2024-04-17,13000000.00,4.88639,95.12267
08:01:22,912810TZ1,TSRYS5752098,D,S,T,2024-04-17,1000000.00,4.87724,95.234375
08:01:22,912810TZ1,TSRYS5752098,D,S,D,2024-04-17,1000000.00,4.879798,95.203125
08:01:22,912810TZ1,TSRYS5752098,D,S,D,2024-04-17,1000000.00,4.879798,95.203125
08:01:22,912810TZ1,TSRYS5752098,D,S,T,2024-04-17,1000000.00,4.879798,95.203125
08:01:22,912810TZ1,TSRYS5752098,D,S,T,2024-04-17,1000000.00,4.881078,95.1875
08:01:22,912810TZ1,TSRYS5752098,D,S,T,2024-04-17,1000000.00,4.879798,95.203125
08:01:22,912810TZ1,TSRYS5752098,D,S,D,2024-04-17,1000000.00,4.881078,95.1875
08:01:22,912810TZ1,TSRYS5752098,D,S,T,2024-04-17,1000000.00,4.879798,95.203125
08:01:22,912810TZ1,TSRYS5752098,D,S,T,2024-04-17,1000000.00,4.879798,95.203125
08:01:22,912810TZ1,TSRYS5752098,D,S,D,2024-04-17,1000000.00,4.881078,95.1875
08:01:23,912810TZ1,TSRYS5752098,D,S,D,2024-04-17,1000000.00,4.881078,95.1875
08:01:23,912810TZ1,TSRYS5752098,D,S,D,2024-04-17,1000000.00,4.881078,95.1875
08:01:23,912810TZ1,TSRYS5752098,D,S,T,2024-04-17,1000000.00,4.881078,95.1875
08:01:23,912810TZ1,TSRYS5752098,D,B,C,2024-04-17,5000000.00,4.88116,95.1865
08:01:23,912810TZ1,TSRYS5752098,D,S,D,2024-04-17,1000000.00,4.886519,95.12109375
08:01:23,912810TZ1,TSRYS5752098,D,S,C,2024-04-17,1000000.00,4.88748,95.109375
08:01:23,912810TZ1,TSRYS5752098,D,S,C,2024-04-17,1000000.00,4.88748,95.109375
08:01:24,912810TZ1,TSRYS5752098,D,S,D,2024-04-17,1000000.00,4.886519,95.12109375
08:01:24,912810TZ1,TSRYS5752098,D,B,C,2024-04-17,1000000.00,4.886519,95.12109375
08:01:24,912810TZ1,TSRYS5752098,D,S,D,2024-04-17,140000.00,4.883958,95.15234375
08:01:24,912810TZ1,TSRYS5752098,D,S,D,2024-04-17,1000000.00,4.881078,95.1875
08:01:25,912810TZ1,TSRYS5752098,D,B,C,2024-04-17,1000000.00,4.882998,95.1640625
08:01:25,912810TZ1,TSRYS5752098,D,S,D,2024-04-17,1000000.00,4.882998,95.1640625
08:01:26,912810TZ1,TSRYS5752098,D,S,D,2024-04-17,1000000.00,4.888761,95.09375
08:01:26,912810TZ1,TSRYS5752098,D,S,D,2024-04-17,1000000.00,4.886199,95.125
08:01:27,912810TZ1,TSRYS5752098,D,S,D,2024-04-17,1000000.00,4.888761,95.09375
08:01:28,912810TZ1,TSRYS5752098,D,S,D,2024-04-17,1000000.00,4.886199,95.125
08:01:28,912810TZ1,TSRYS5752098,D,S,D,2024-04-17,1000000.00,4.891164,95.064453125
08:01:28,912810TZ1,TSRYS5752098,D,S,D,2024-04-17,1000000.00,4.891645,95.05859375
08:01:28,912810TZ1,TSRYS5752098,D,B,A,2024-04-17,10000000.00,4.881078,95.1875
08:01:28,912810TZ1,TSRYS5752098,D,S,C,2024-04-17,1000000.00,4.888761,95.09375
08:01:28,912810TZ1,TSRYS5752098,D,S,D,2024-04-17,1000000.00,4.883638,95.15625
08:01:29,912810TZ1,TSRYS5752098,D,S,T,2024-04-17,1000000.00,4.879809,95.202995
08:01:30,912810TZ1,TSRYS5752098,D,S,D,2024-04-17,1000000.00,4.888761,95.09375
08:01:30,912810TZ1,TSRYS5752098,D,S,A,2024-04-17,246000.00,4.879478,95.20703125
08:01:30,912810TZ1,TSRYS5752098,D,S,D,2024-04-17,1000000.00,4.883638,95.15625
08:01:30,912810TZ1,TSRYS5752098,D,S,D,2024-04-17,1000000.00,4.888761,95.09375
08:01:31,912810TZ1,TSRYS5752098,D,S,D,2024-04-17,1000000.00,4.875961,95.25
08:01:31,912810TZ1,TSRYS5752098,D,S,D,2024-04-17,1000000.00,4.875961,95.25
08:01:31,912810TZ1,TSRYS5752098,D,S,D,2024-04-17,1000000.00,4.875961,95.25
08:01:31,912810TZ1,TSRYS5752098,D,S,D,2024-04-17,1000000.00,4.875961,95.25
08:01:31,912810TZ1,TSRYS5752098,D,S,D,2024-04-17,1000000.00,4.890683,95.0703125
08:01:31,912810TZ1,TSRYS5752098,D,S,T,2024-04-17,1000000.00,4.879809,95.202995
08:01:31,912810TZ1,TSRYS5752098,D,S,D,2024-04-17,1000000.00,4.888761,95.09375
08:01:31,912810TZ1,TSRYS5752098,D,S,D,2024-04-17,1000000.00,4.886199,95.125
08:01:31,912810TZ1,TSRYS5752098,D,S,D,2024-04-17,1000000.00,4.888761,95.09375
08:01:31,912810TZ1,TSRYS5752098,D,S,D,2024-04-17,3000000.00,4.892286,95.05078125
08:01:31,912810TZ1,TSRYS5752098,D,S,T,2024-04-17,1000000.00,4.885559,95.1328125
08:01:32,912810TZ1,TSRYS5752098,D,S,D,2024-04-17,1000000.00,4.889242,95.08789062
08:01:32,912810TZ1,TSRYS5752098,D,S,T,2024-04-17,1000000.00,4.885719,95.13085937
08:01:32,912810TZ1,TSRYS5752098,D,S,T,2024-04-17,1000000.00,4.883638,95.15625
08:01:33,912810TZ1,TSRYS5752098,D,S,D,2024-04-17,1000000.00,4.890363,95.07421875
08:01:33,912810TZ1,TSRYS5752098,D,S,D,2024-04-17,1000000.00,4.891485,95.060546875
08:01:33,912810TZ1,TSRYS5752098,D,S,D,2024-04-17,1000000.00,4.888761,95.09375
08:01:33,912810TZ1,TSRYS5752098,D,S,C,2024-04-17,1000000.00,4.886199,95.125
08:01:33,912810TZ1,TSRYS5752098,D,S,D,2024-04-17,1000000.00,4.888761,95.09375
08:01:33,912810TZ1,TSRYS5752098,D,S,D,2024-04-17,1000000.00,4.892286,95.05078125
08:01:33,912810TZ1,TSRYS5752098,D,S,D,2024-04-17,1000000.00,4.885559,95.1328125
08:01:33,912810TZ1,TSRYS5752098,D,S,D,2024-04-17,3000000.00,4.875961,95.25
08:01:33,912810TZ1,TSRYS5752098,D,S,D,2024-04-17,1000000.00,4.875961,95.25
08:01:34,912810TZ1,TSRYS5752098,D,S,D,2024-04-17,1000000.00,4.875961,95.25
08:01:34,912810TZ1,TSRYS5752098,D,S,D,2024-04-17,1000000.00,4.875961,95.25
08:01:34,912810TZ1,TSRYS5752098,D,S,D,2024-04-17,1000000.00,4.878519,95.21875
08:01:34,912810TZ1,TSRYS5752098,D,S,D,2024-04-17,2000000.00,4.878519,95.21875
08:01:34,912810TZ1,TSRYS5752098,D,S,D,2024-04-17,1000000.00,4.878519,95.21875
08:01:34,912810TZ1,TSRYS5752098,D,S,C,2024-04-17,1000000.00,4.878519,95.21875
08:01:34,912810TZ1,TSRYS5752098,D,S,D,2024-04-17,1000000.00,4.878519,95.21875
08:01:34,912810TZ1,TSRYS5752098,D,S,D,2024-04-17,1000000.00,4.878519,95.21875
08:01:34,912810TZ1,TSRYS5752098,D,S,D,2024-04-17,1000000.00,4.878519,95.21875
08:01:34,912810TZ1,TSRYS5752098,D,S,D,2024-04-17,1000000.00,4.878519,95.21875
08:01:34,912810TZ1,TSRYS5752098,D,S,D,2024-04-17,1000000.00,4.878519,95.21875
08:01:34,912810TZ1,TSRYS5752098,D,S,D,2024-04-17,1000000.00,4.890523,95.072265625
08:01:35,912810TZ1,TSRYS5752098,D,S,C,2024-04-17,1000000.00,4.890043,95.078125
08:01:35,912810TZ1,TSRYS5752098,D,S,D,2024-04-17,2000000.00,4.890203,95.076171875
08:01:35,912810TZ1,TSRYS5752098,D,S,D,2024-04-17,1250000.00,4.881398,95.18359375
08:01:36,912810TZ1,TSRYS5752098,D,S,A,2024-04-17,327000.00,4.883318,95.16015625
08:01:37,912810TZ1,TSRYS5752098,D,S,D,2024-04-17,1000000.00,4.885559,95.1328125
08:01:37,912810TZ1,TSRYS5752098,D,S,D,2024-04-17,1000000.00,4.885719,95.130859375
08:01:38,912810TZ1,TSRYS5752098,D,S,D,2024-04-17,1000000.00,4.885879,95.12890625
08:01:39,912810TZ1,TSRYS5752098,D,S,D,2024-04-17,1000000.00,4.873405,95.28125
08:01:39,912810TZ1,TSRYS5752098,D,S,D,2024-04-17,1000000.00,4.873405,95.28125
08:01:39,912810TZ1,TSRYS5752098,D,S,D,2024-04-17,1000000.00,4.873405,95.28125
08:01:39,912810TZ1,TSRYS5752098,D,S,D,2024-04-17,2000000.00,4.873405,95.28125
08:01:39,912810TZ1,TSRYS5752098,D,S,D,2024-04-17,1000000.00,4.873405,95.28125
08:01:39,912810TZ1,TSRYS5752098,D,S,D,2024-04-17,1000000.00,4.873405,95.28125
08:01:39,912810TZ1,TSRYS5752098,D,S,D,2024-04-17,1000000.00,4.873405,95.28125
08:01:39,912810TZ1,TSRYS5752098,D,S,D,2024-04-17,1000000.00,4.873405,95.28125
08:01:39,912810TZ1,TSRYS5752098,D,S,D,2024-04-17,1000000.00,4.873405,95.28125
08:01:39,912810TZ1,TSRYS5752098,D,S,C,2024-04-17,1000000.00,4.883638,95.156425
08:01:40,912810TZ1,TSRYS5752098,D,S,D,2024-04-17,1000000.00,4.870849,95.3125
08:01:40,912810TZ1,TSRYS5752098,D,S,D,2024-04-17,1000000.00,4.870849,95.3125
08:01:40,912810TZ1,TSRYS5752098,D,S,D,2024-04-17,1000000.00,4.870849,95.3125
08:01:40,912810TZ1,TSRYS5752098,D,S,D,2024-04-17,1000000.00,4.870849,95.3125
08:01:40,912810TZ1,TSRYS5752098,D,S,D,2024-04-17,1000000.00,4.870849,95.3125
08:01:44,912810TZ1,TSRYS5752098,D,S,A,2024-04-17,34400.00,4.884627,95.14453125
08:01:46,912810TZ1,TSRYS5752098,D,S,D,2024-04-17,1000000.00,4.879958,95.201171875
08:01:46,912810TZ1,TSRYS5752098,D,S,D,2024-04-17,1000000.00,4.879798,95.203125
08:01:46,912810TZ1,TSRYS5752098,D,S,D,2024-04-17,1000000.00,4.879798,95.203125
08:01:46,912810TZ1,TSRYS5752098,D,S,D,2024-04-17,1000000.00,4.880118,95.19921875
08:01:46,912810TZ1,TSRYS5752098,D,S,D,2024-04-17,1000000.00,4.879798,95.203125
08:01:46,912810TZ1,TSRYS5752098,D,S,D,2024-04-17,1000000.00,4.880118,95.19921875
08:01:46,912810TZ1,TSRYS5752098,D,S,D,2024-04-17,2000000.00,4.880118,95.19921875
08:01:46,912810TZ1,TSRYS5752098,D,S,D,2024-04-17,1000000.00,4.881078,95.1875
08:01:46,912810TZ1,TSRYS5752098,D,B,C,2024-04-17,1000000.00,4.881078,95.1875
08:01:46,912810TZ1,TSRYS5752098,D,S,D,2024-04-17,1000000.00,4.881398,95.18359375
08:01:46,912810TZ1,TSRYS5752098,D,B,C,2024-04-17,1000000.00,4.881398,95.18359375
08:01:46,912810TZ1,TSRYS5752098,D,S,D,2024-04-17,1000000.00,4.881398,95.18359375
08:01:46,912810TZ1,TSRYS5752098,D,S,D,2024-04-17,1000000.00,4.881398,95.18359375
08:01:47,912810TZ1,TSRYS5752098,D,S,D,2024-04-17,1000000.00,4.881238,95.185546875
08:01:47,912810TZ1,TSRYS5752098,D,S,D,2024-04-17,4000000.00,4.881175,95.18632
08:01:47,912810TZ1,TSRYS5752098,D,S,D,2024-04-17,1000000.00,4.881398,95.18359375
08:01:47,912810TZ1,TSRYS5752098,D,S,D,2024-04-17,1000000.00,4.881238,95.185546875
08:01:49,912810TZ1,TSRYS5752098,D,S,A,2024-04-17,166000.00,4.87692,95.23828125
08:01:49,912810TZ1,TSRYS5752098,D,S,D,2024-04-17,1000000.00,4.879798,95.203125
08:01:49,912810TZ1,TSRYS5752098,D,S,D,2024-04-17,1000000.00,4.879798,95.203125
08:01:49,912810TZ1,TSRYS5752098,D,B,C,2024-04-17,1000000.00,4.879798,95.203125
08:01:49,912810TZ1,TSRYS5752098,D,S,D,2024-04-17,1000000.00,4.879798,95.203125
08:01:49,912810TZ1,TSRYS5752098,D,S,D,2024-04-17,1000000.00,4.880758,95.19140625
08:01:50,912810TZ1,TSRYS5752098,D,S,T,2024-04-17,1000000.00,4.883958,95.15234375
08:01:50,912810TZ1,TSRYS5752098,D,S,D,2024-04-17,1000000.00,4.880118,95.19921875
08:01:50,912810TZ1,TSRYS5752098,D,S,C,2024-04-17,2000000.00,4.879159,95.2109375
08:01:50,912810TZ1,TSRYS5752098,D,S,D,2024-04-17,1000000.00,4.879798,95.203125
08:01:50,912810TZ1,TSRYS5752098,D,S,T,2024-04-17,1000000.00,4.891164,95.064453125
08:01:50,912810TZ1,TSRYS5752098,D,S,D,2024-04-17,1000000.00,4.884438,95.146484375
08:01:50,912810TZ1,TSRYS5752098,D,S,A,2024-04-17,200000.00,4.883027,95.1640625
08:01:50,912810TZ1,TSRYS5752098,D,S,T,2024-04-17,1000000.00,4.891645,95.05859375
08:01:51,912810TZ1,TSRYS5752098,D,S,T,2024-04-17,1000000.00,4.888761,95.09375
08:01:51,912810TZ1,TSRYS5752098,D,S,T,2024-04-17,1000000.00,4.889252,95.087765625
08:01:53,912810TZ1,TSRYS5752098,D,S,C,2024-04-17,1000000.00,4.871009,95.31054687
08:01:53,912810TZ1,TSRYS5752098,D,S,A,2024-04-17,2400000.00,4.879023,95.2126
08:01:54,912810TZ1,TSRYS5752098,D,S,T,2024-04-17,1000000.00,4.890363,95.07421875
08:01:54,912810TZ1,TSRYS5752098,D,S,D,2024-04-17,1000000.00,4.879798,95.203125
08:01:54,912810TZ1,TSRYS5752098,D,S,D,2024-04-17,1000000.00,4.879798,95.203125
08:01:54,912810TZ1,TSRYS5752098,D,B,C,2024-04-17,1000000.00,4.879798,95.203125
08:01:54,912810TZ1,TSRYS5752098,D,S,D,2024-04-17,1000000.00,4.879798,95.203125
08:01:54,912810TZ1,TSRYS5752098,D,B,C,2024-04-17,1000000.00,4.879798,95.203125
08:01:54,912810TZ1,TSRYS5752098,D,S,D,2024-04-17,1000000.00,4.879798,95.203125
08:01:54,912810TZ1,TSRYS5752098,D,B,C,2024-04-17,1000000.00,4.879798,95.203125
08:01:54,912810TZ1,TSRYS5752098,D,S,T,2024-04-17,1000000.00,4.891485,95.060546875
08:01:54,912810TZ1,TSRYS5752098,D,B,C,2024-04-17,6000000.00,4.87788,95.2265625
08:01:54,912810TZ1,TSRYS5752098,D,S,D,2024-04-17,1000000.00,4.880278,95.197265625
08:01:55,912810TZ1,TSRYS5752098,D,S,D,2024-04-17,1000000.00,4.880758,95.19140625
08:01:55,912810TZ1,TSRYS5752098,D,S,D,2024-04-17,1000000.00,4.882358,95.171875
08:01:57,912810TZ1,TSRYS5752098,D,S,T,2024-04-17,1000000.00,4.886999,95.115234375
08:01:57,912810TZ1,TSRYS5752098,D,S,A,2024-04-17,500000.00,4.878519,95.21875
08:01:57,912810TZ1,TSRYS5752098,D,S,T,2024-04-17,1000000.00,4.887488,95.109273
08:01:57,912810TZ1,TSRYS5752098,D,S,T,2024-04-17,1000000.00,4.887488,95.109273
08:01:57,912810TZ1,TSRYS5752098,D,S,T,2024-04-17,1000000.00,4.890523,95.072265625
08:01:58,912810TZ1,TSRYS5752098,D,S,T,2024-04-17,2000000.00,4.890203,95.076171875
08:01:58,912810TZ1,TSRYS5752098,D,S,T,2024-04-17,1000000.00,4.890043,95.078125
08:02:00,912810TZ1,TSRYS5752098,D,S,T,2024-04-17,1000000.00,4.884928,95.1405
08:02:00,912810TZ1,TSRYS5752098,D,S,D,2024-04-17,1000000.00,4.870051,95.32226562
08:02:00,912810TZ1,TSRYS5752098,D,S,D,2024-04-17,1000000.00,4.868614,95.33984375
08:02:01,912810TZ1,TSRYS5752098,D,S,D,2024-04-17,1000000.00,4.869731,95.32617187
08:02:01,912810TZ1,TSRYS5752098,D,S,D,2024-04-17,1000000.00,4.870689,95.31445312
08:02:01,912810TZ1,TSRYS5752098,D,S,T,2024-04-17,1000000.00,4.869093,95.33398437
08:02:01,912810TZ1,TSRYS5752098,D,S,C,2024-04-17,1000000.00,4.872287,95.29492187
08:02:01,912810TZ1,TSRYS5752098,D,S,D,2024-04-17,1000000.00,4.872127,95.296875
08:02:01,912810TZ1,TSRYS5752098,D,S,D,2024-04-17,1000000.00,4.871967,95.29882812
08:02:02,912810TZ1,TSRYS5752098,D,S,D,2024-04-17,1000000.00,4.897737,94.984375
08:02:02,912810TZ1,TSRYS5752098,D,B,C,2024-04-17,1000000.00,4.897754,94.984175
08:02:02,912810TZ1,TSRYS5752098,D,S,C,2024-04-17,1000000.00,4.899007,94.968925
08:02:02,912810TZ1,TSRYS5752098,D,S,C,2024-04-17,1000000.00,4.899004,94.96895
08:02:02,912810TZ1,TSRYS5752098,D,S,C,2024-04-17,1000000.00,4.89644,95.000175
08:02:02,912810TZ1,TSRYS5752098,D,S,T,2024-04-17,1000000.00,4.879809,95.203
08:02:02,912810TZ1,TSRYS5752098,D,S,D,2024-04-17,1000000.00,4.886999,95.115234375
08:02:02,912810TZ1,TSRYS5752098,D,S,D,2024-04-17,1000000.00,4.88748,95.109375
08:02:02,912810TZ1,TSRYS5752098,D,S,D,2024-04-17,1000000.00,4.88748,95.109375
08:02:02,912810TZ1,TSRYS5752098,D,S,D,2024-04-17,1000000.00,4.88764,95.107421875
08:02:02,912810TZ1,TSRYS5752098,D,S,D,2024-04-17,1000000.00,4.88748,95.109375
08:02:02,912810TZ1,TSRYS5752098,D,S,D,2024-04-17,1000000.00,4.88748,95.109375
08:02:02,912810TZ1,TSRYS5752098,D,S,D,2024-04-17,1000000.00,4.886999,95.115234375
08:02:02,912810TZ1,TSRYS5752098,D,S,T,2024-04-17,1000000.00,4.879809,95.203
08:02:02,912810TZ1,TSRYS5752098,D,S,T,2024-04-17,1000000.00,4.879809,95.203
08:02:03,912810TZ1,TSRYS5752098,D,B,C,2024-04-17,1000000.00,4.895184,95.015473
08:02:03,912810TZ1,TSRYS5752098,D,S,D,2024-04-17,1000000.00,4.895171,95.015625
08:02:03,912810TZ1,TSRYS5752098,D,B,C,2024-04-17,1000000.00,4.895188,95.015425
08:02:03,912810TZ1,TSRYS5752098,D,S,D,2024-04-17,1000000.00,4.895171,95.015625
08:02:03,912810TZ1,TSRYS5752098,D,S,C,2024-04-17,1000000.00,4.895171,95.015625
08:02:03,912810TZ1,TSRYS5752098,D,S,D,2024-04-17,1000000.00,4.87676,95.24023437
08:02:03,912810TZ1,TSRYS5752098,D,S,D,2024-04-17,1000000.00,4.87676,95.24023437
08:02:03,912810TZ1,TSRYS5752098,D,S,D,2024-04-17,1000000.00,4.878039,95.22460937
08:02:03,912810TZ1,TSRYS5752098,D,B,C,2024-04-17,1000000.00,4.884598,95.14453125
08:02:03,912810TZ1,TSRYS5752098,D,S,D,2024-04-17,1000000.00,4.884598,95.14453125
08:02:04,912810TZ1,TSRYS5752098,D,B,C,2024-04-17,1000000.00,4.88878,95.093525
08:02:04,912810TZ1,TSRYS5752098,D,S,D,2024-04-17,1000000.00,4.888761,95.09375
08:02:05,912810TZ1,TSRYS5752098,D,S,T,2024-04-17,1000000.00,4.880918,95.18945312
08:02:05,912810TZ1,TSRYS5752098,D,B,C,2024-04-17,1000000.00,4.888761,95.09375
08:02:05,912810TZ1,TSRYS5752098,D,S,C,2024-04-17,2000000.00,4.888742,95.093977
08:02:05,912810TZ1,TSRYS5752098,D,S,C,2024-04-17,1000000.00,4.888742,95.093977
08:02:05,912810TZ1,TSRYS5752098,D,S,C,2024-04-17,1000000.00,4.89131,95.062675
08:02:06,912810TZ1,TSRYS5752098,D,S,D,2024-04-17,1000000.00,4.882998,95.1640625
08:02:06,912810TZ1,TSRYS5752098,D,S,C,2024-04-17,1000000.00,4.878839,95.21484375
08:02:06,912810TZ1,TSRYS5752098,D,B,C,2024-04-17,1000000.00,4.892619,95.046723
08:02:06,912810TZ1,TSRYS5752098,D,B,C,2024-04-17,1000000.00,4.892623,95.046675
08:02:06,912810TZ1,TSRYS5752098,D,S,C,2024-04-17,1000000.00,4.892606,95.046875
08:02:06,912810TZ1,TSRYS5752098,D,S,C,2024-04-17,1000000.00,4.892606,95.046875
08:02:06,912810TZ1,TSRYS5752098,D,S,D,2024-04-17,1000000.00,4.879319,95.20898437
08:02:06,912810TZ1,TSRYS5752098,D,S,D,2024-04-17,1000000.00,4.880758,95.19140625
08:02:06,912810TZ1,TSRYS5752098,D,S,D,2024-04-17,1000000.00,4.892606,95.046875
08:02:06,912810TZ1,TSRYS5752098,D,B,C,2024-04-17,1000000.00,4.891337,95.062348
08:02:06,912810TZ1,TSRYS5752098,D,S,C,2024-04-17,1000000.00,4.891324,95.0625
08:02:06,912810TZ1,TSRYS5752098,D,B,C,2024-04-17,1000000.00,4.892619,95.046723
08:02:06,912810TZ1,TSRYS5752098,D,B,C,2024-04-17,1000000.00,4.890055,95.077973
08:02:06,912810TZ1,TSRYS5752098,D,S,D,2024-04-17,1000000.00,4.890043,95.078125
08:02:07,912810TZ1,TSRYS5752098,D,S,D,2024-04-17,1000000.00,4.881878,95.17773437
08:02:07,912810TZ1,TSRYS5752098,D,S,T,2024-04-17,2000000.00,4.879159,95.2109375
08:02:07,912810TZ1,TSRYS5752098,D,B,C,2024-04-17,1000000.00,4.878839,95.21484375
08:02:07,912810TZ1,TSRYS5752098,D,S,T,2024-04-17,1000000.00,4.879478,95.20703125
08:02:08,912810TZ1,TSRYS5752098,D,S,T,2024-04-17,1000000.00,4.880288,95.197140625
08:02:08,912810TZ1,TSRYS5752098,D,S,T,2024-04-17,1000000.00,4.880278,95.197265625
08:02:08,912810TZ1,TSRYS5752098,D,S,T,2024-04-17,1000000.00,4.880758,95.19140625
08:02:08,912810TZ1,TSRYS5752098,D,S,D,2024-04-17,1000000.00,4.87724,95.234375
08:02:08,912810TZ1,TSRYS5752098,D,S,D,2024-04-17,1000000.00,4.87676,95.24023437
08:02:09,912810TZ1,TSRYS5752098,D,S,C,2024-04-17,50000000.00,4.878309,95.22132
08:02:09,912810TZ1,TSRYS5752098,D,S,T,2024-04-17,1000000.00,4.879638,95.20507812
08:02:09,912810TZ1,TSRYS5752098,D,S,T,2024-04-17,1000000.00,4.874683,95.265625
08:02:09,912810TZ1,TSRYS5752098,D,B,C,2024-04-17,1000000.00,4.882518,95.16992187
08:02:09,912810TZ1,TSRYS5752098,D,B,C,2024-04-17,1000000.00,4.882358,95.171875
08:02:09,912810TZ1,TSRYS5752098,D,S,D,2024-04-17,1000000.00,4.883158,95.16210937
08:02:10,912810TZ1,TSRYS5752098,D,S,D,2024-04-17,1000000.00,4.881238,95.18554687
08:02:10,912810TZ1,TSRYS5752098,D,S,D,2024-04-17,1000000.00,4.881078,95.1875
08:02:10,912810TZ1,TSRYS5752098,D,S,D,2024-04-17,1000000.00,4.881238,95.18554687
08:02:10,912810TZ1,TSRYS5752098,D,S,D,2024-04-17,1000000.00,4.883318,95.16015625
08:02:10,912810TZ1,TSRYS5752098,D,S,D,2024-04-17,1000000.00,4.884118,95.15039062
08:02:10,912810TZ1,TSRYS5752098,D,B,C,2024-04-17,1000000.00,4.886519,95.12109375
08:02:10,912810TZ1,TSRYS5752098,D,S,T,2024-04-17,1000000.00,4.886519,95.12109375
08:02:10,912810TZ1,TSRYS5752098,D,S,T,2024-04-17,1000000.00,4.887496,95.109175
08:02:10,912810TZ1,TSRYS5752098,D,S,T,2024-04-17,1000000.00,4.887496,95.109175
08:02:10,912810TZ1,TSRYS5752098,D,S,T,2024-04-17,1000000.00,4.887496,95.109175
08:02:10,912810TZ1,TSRYS5752098,D,S,T,2024-04-17,1000000.00,4.887496,95.109175
08:02:10,912810TZ1,TSRYS5752098,D,S,T,2024-04-17,1000000.00,4.887496,95.109175
08:02:10,912810TZ1,TSRYS5752098,D,S,T,2024-04-17,1000000.00,4.887496,95.109175
08:02:10,912810TZ1,TSRYS5752098,D,S,T,2024-04-17,1000000.00,4.887496,95.109175
08:02:10,912810TZ1,TSRYS5752098,D,S,T,2024-04-17,1000000.00,4.887496,95.109175
08:02:10,912810TZ1,TSRYS5752098,D,S,T,2024-04-17,1000000.00,4.887496,95.109175
08:02:10,912810TZ1,TSRYS5752098,D,S,T,2024-04-17,1000000.00,4.887496,95.109175
08:02:11,912810TZ1,TSRYS5752098,D,S,D,2024-04-17,1000000.00,4.88732,95.11132812
08:02:11,912810TZ1,TSRYS5752098,D,S,D,2024-04-17,1000000.00,4.886519,95.12109375
08:02:11,912810TZ1,TSRYS5752098,D,S,T,2024-04-17,1000000.00,4.884598,95.14453125
08:02:11,912810TZ1,TSRYS5752098,D,S,T,2024-04-17,1000000.00,4.886039,95.12695312
08:02:11,912810TZ1,TSRYS5752098,D,S,D,2024-04-17,1000000.00,4.886519,95.12109375
08:02:11,912810TZ1,TSRYS5752098,D,S,D,2024-04-17,1000000.00,4.88732,95.11132812
08:02:11,912810TZ1,TSRYS5752098,D,S,T,2024-04-17,1000000.00,4.87788,95.2265625
08:02:12,912810TZ1,TSRYS5752098,D,S,T,2024-04-17,1000000.00,4.877888,95.2264625
08:02:12,912810TZ1,TSRYS5752098,D,S,T,2024-04-17,1000000.00,4.878048,95.224509375
08:02:12,912810TZ1,TSRYS5752098,D,S,T,2024-04-17,1000000.00,4.878048,95.224509375
08:02:12,912810TZ1,TSRYS5752098,D,B,C,2024-04-17,1000000.00,4.884438,95.14648437
08:02:12,912810TZ1,TSRYS5752098,D,S,T,2024-04-17,1000000.00,4.878207,95.22255625
08:02:12,912810TZ1,TSRYS5752098,D,B,C,2024-04-17,50MM+,4.878574,95.21808
08:02:12,912810TZ1,TSRYS5752098,D,B,C,2024-04-17,1000000.00,4.886679,95.11914062
08:02:12,912810TZ1,TSRYS5752098,D,B,C,2024-04-17,1000000.00,4.886999,95.11523437
08:02:12,912810TZ1,TSRYS5752098,D,B,C,2024-04-17,1000000.00,4.886839,95.1171875
08:02:13,912810TZ1,TSRYS5752098,D,S,T,2024-04-17,1000000.00,4.881726,95.1795875
08:02:14,912810TZ1,TSRYS5752098,D,S,T,2024-04-17,1000000.00,4.88748,95.109375
08:02:14,912810TZ1,TSRYS5752098,D,S,T,2024-04-17,1000000.00,4.887496,95.109175
08:02:14,912810TZ1,TSRYS5752098,D,S,T,2024-04-17,1000000.00,4.887496,95.109175
08:02:14,912810TZ1,TSRYS5752098,D,S,D,2024-04-17,1000000.00,4.88716,95.11328125
08:02:14,912810TZ1,TSRYS5752098,D,S,D,2024-04-17,1000000.00,4.88748,95.109375
08:02:14,912810TZ1,TSRYS5752098,D,S,D,2024-04-17,1000000.00,4.88748,95.109375
08:02:14,912810TZ1,TSRYS5752098,D,S,T,2024-04-17,1000000.00,4.88748,95.109375
08:02:14,912810TZ1,TSRYS5752098,D,S,T,2024-04-17,1000000.00,4.88748,95.109375
08:02:14,912810TZ1,TSRYS5752098,D,S,T,2024-04-17,1000000.00,4.887496,95.109175
08:02:14,912810TZ1,TSRYS5752098,D,S,T,2024-04-17,1000000.00,4.887496,95.109175
08:02:15,912810TZ1,TSRYS5752098,D,S,D,2024-04-17,1000000.00,4.88748,95.109375
08:02:15,912810TZ1,TSRYS5752098,D,S,T,2024-04-17,1000000.00,4.88748,95.109375
08:02:15,912810TZ1,TSRYS5752098,D,S,T,2024-04-17,1000000.00,4.88748,95.109375
08:02:15,912810TZ1,TSRYS5752098,D,S,T,2024-04-17,1000000.00,4.887496,95.109175
08:02:15,912810TZ1,TSRYS5752098,D,S,T,2024-04-17,1000000.00,4.88748,95.109375
08:02:15,912810TZ1,TSRYS5752098,D,S,T,2024-04-17,1000000.00,4.887496,95.109175
08:02:15,912810TZ1,TSRYS5752098,D,S,D,2024-04-17,1000000.00,4.88748,95.109375
08:02:15,912810TZ1,TSRYS5752098,D,S,D,2024-04-17,1000000.00,4.88748,95.109375
08:02:15,912810TZ1,TSRYS5752098,D,S,T,2024-04-17,1000000.00,4.887496,95.109175
08:02:15,912810TZ1,TSRYS5752098,D,S,T,2024-04-17,1000000.00,4.887496,95.109175
08:02:15,912810TZ1,TSRYS5752098,D,S,D,2024-04-17,1000000.00,4.883158,95.162109375
08:02:16,912810TZ1,TSRYS5752098,D,S,D,2024-04-17,1400000.00,4.886199,95.125
08:02:16,912810TZ1,TSRYS5752098,D,S,C,2024-04-17,240000.00,4.900626,94.94921875
08:02:19,912810TZ1,TSRYS5752098,D,B,C,2024-04-17,1000000.00,4.890055,95.077973
08:02:20,912810TZ1,TSRYS5752098,D,S,D,2024-04-17,1000000.00,4.890043,95.078125
08:02:20,912810TZ1,TSRYS5752098,D,S,D,2024-04-17,1000000.00,4.885238,95.13671875
08:02:20,912810TZ1,TSRYS5752098,D,S,D,2024-04-17,1000000.00,4.885238,95.13671875
08:02:21,912810TZ1,TSRYS5752098,D,S,C,2024-04-17,1000000.00,4.890026,95.078325
08:02:21,912810TZ1,TSRYS5752098,D,B,C,2024-04-17,1000000.00,4.890055,95.077973
08:02:21,912810TZ1,TSRYS5752098,D,S,D,2024-04-17,1000000.00,4.888761,95.09375
08:02:21,912810TZ1,TSRYS5752098,D,B,C,2024-04-17,1000000.00,4.888774,95.093598
08:02:21,912810TZ1,TSRYS5752098,D,S,D,2024-04-17,1000000.00,4.888761,95.09375
08:02:21,912810TZ1,TSRYS5752098,D,S,T,2024-04-17,1000000.00,4.879798,95.203125
08:02:21,912810TZ1,TSRYS5752098,D,S,D,2024-04-17,335000.00,4.880118,95.19921875
08:02:21,912810TZ1,TSRYS5752098,D,S,C,2024-04-17,280000.00,4.87692,95.23828125
08:02:21,912810TZ1,TSRYS5752098,D,S,D,2024-04-17,308000.00,4.878839,95.21484375
08:02:21,912810TZ1,TSRYS5752098,D,S,T,2024-04-17,1000000.00,4.88748,95.109375
08:02:22,912810TZ1,TSRYS5752098,D,S,D,2024-04-17,80000.00,4.87692,95.23828125
08:02:22,912810TZ1,TSRYS5752098,D,S,D,2024-04-17,205000.00,4.87692,95.23828125
08:02:22,912810TZ1,TSRYS5752098,D,S,C,2024-04-17,5000000.00,4.89008,95.07767
08:02:22,912810TZ1,TSRYS5752098,D,B,C,2024-04-17,1000000.00,4.884937,95.1404
08:02:22,912810TZ1,TSRYS5752098,D,S,C,2024-04-17,1000000.00,4.874044,95.2734375
08:02:22,912810TZ1,TSRYS5752098,D,S,C,2024-04-17,1000000.00,4.884902,95.140825
08:02:22,912810TZ1,TSRYS5752098,D,S,T,2024-04-17,1000000.00,4.882358,95.171875
08:02:22,912810TZ1,TSRYS5752098,D,S,T,2024-04-17,1000000.00,4.881078,95.1875
08:02:24,912810TZ1,TSRYS5752098,D,S,T,2024-04-17,2000000.00,4.886519,95.12109375
08:02:26,912810TZ1,TSRYS5752098,D,S,D,2024-04-17,1000000.00,4.879786,95.203275
08:02:26,912810TZ1,TSRYS5752098,D,B,C,2024-04-17,1000000.00,4.879817,95.2029
08:02:26,912810TZ1,TSRYS5752098,D,S,D,2024-04-17,1000000.00,4.879798,95.203125
08:02:26,912810TZ1,TSRYS5752098,D,B,C,2024-04-17,1000000.00,4.879817,95.2029
08:02:26,912810TZ1,TSRYS5752098,D,S,D,2024-04-17,1000000.00,4.879786,95.203275
08:02:27,912810TZ1,TSRYS5752098,D,S,D,2024-04-17,1000000.00,4.881067,95.18763
08:02:27,912810TZ1,TSRYS5752098,D,B,C,2024-04-17,1000000.00,4.881078,95.1875
08:02:27,912810TZ1,TSRYS5752098,D,S,D,2024-04-17,1000000.00,4.879786,95.203275
08:02:27,912810TZ1,TSRYS5752098,D,S,D,2024-04-17,1000000.00,4.879786,95.203275
08:02:29,912810TZ1,TSRYS5752098,D,S,D,2024-04-17,1000000.00,4.881067,95.18763
08:02:29,912810TZ1,TSRYS5752098,D,S,C,2024-04-17,1000000.00,4.881065,95.187652
08:02:29,912810TZ1,TSRYS5752098,D,B,C,2024-04-17,1000000.00,4.881078,95.1875
08:02:29,912810TZ1,TSRYS5752098,D,S,C,2024-04-17,1000000.00,4.882345,95.172027
08:02:29,912810TZ1,TSRYS5752098,D,B,C,2024-04-17,1000000.00,4.886519,95.12109375
08:02:30,912810TZ1,TSRYS5752098,D,S,D,2024-04-17,1000000.00,4.883627,95.15638
08:02:30,912810TZ1,TSRYS5752098,D,S,C,2024-04-17,1000000.00,4.883625,95.156402
08:02:30,912810TZ1,TSRYS5752098,D,S,D,2024-04-17,1000000.00,4.883638,95.15625
08:02:31,912810TZ1,TSRYS5752098,D,S,D,2024-04-17,1000000.00,4.883638,95.15625
08:02:31,912810TZ1,TSRYS5752098,D,B,C,2024-04-17,1000000.00,4.883638,95.15625
08:02:31,912810TZ1,TSRYS5752098,D,B,C,2024-04-17,1000000.00,4.883654,95.15605
08:02:31,912810TZ1,TSRYS5752098,D,S,D,2024-04-17,1000000.00,4.883638,95.15625
08:02:31,912810TZ1,TSRYS5752098,D,S,D,2024-04-17,2000000.00,4.883638,95.15625
08:02:31,912810TZ1,TSRYS5752098,D,S,D,2024-04-17,1000000.00,4.883638,95.15625
08:02:31,912810TZ1,TSRYS5752098,D,S,D,2024-04-17,1000000.00,4.883638,95.15625
08:02:31,912810TZ1,TSRYS5752098,D,B,C,2024-04-17,1000000.00,4.883638,95.15625
08:02:31,912810TZ1,TSRYS5752098,D,B,C,2024-04-17,1000000.00,4.883654,95.15605
08:02:32,912810TZ1,TSRYS5752098,D,S,C,2024-04-17,1000000.00,4.887463,95.109575
08:02:32,912810TZ1,TSRYS5752098,D,S,T,2024-04-17,2000000.00,4.882358,95.171875
08:02:33,912810TZ1,TSRYS5752098,D,S,C,2024-04-17,1000000.00,4.887467,95.109527
08:02:33,912810TZ1,TSRYS5752098,D,B,C,2024-04-17,1000000.00,4.887492,95.109225
08:02:33,912810TZ1,TSRYS5752098,D,S,A,2024-04-17,32000000.00,4.880076,95.19973
08:02:34,912810TZ1,TSRYS5752098,D,S,D,2024-04-17,1000000.00,4.884598,95.14453125
08:02:34,912810TZ1,TSRYS5752098,D,S,T,2024-04-17,1000000.00,4.884278,95.1484375
08:02:34,912810TZ1,TSRYS5752098,D,S,D,2024-04-17,2000000.00,4.884758,95.142578125
08:02:34,912810TZ1,TSRYS5752098,D,B,C,2024-04-17,1000000.00,4.884598,95.14453125
08:02:34,912810TZ1,TSRYS5752098,D,S,D,2024-04-17,1000000.00,4.884598,95.14453125
08:02:35,912810TZ1,TSRYS5752098,D,B,C,2024-04-17,1800000.00,4.887513,95.108975
08:02:36,912810TZ1,TSRYS5752098,D,S,T,2024-04-17,1000000.00,4.886199,95.125
08:02:36,912810TZ1,TSRYS5752098,D,S,D,2024-04-17,1000000.00,4.88812,95.1015625
08:02:39,912810TZ1,TSRYS5752098,D,S,T,2024-04-17,1000000.00,4.88748,95.109375
08:02:41,912810TZ1,TSRYS5752098,D,S,D,2024-04-17,1000000.00,4.887469,95.109505
08:02:42,912810TZ1,TSRYS5752098,D,S,T,2024-04-17,1000000.00,4.885398,95.134765625
08:02:42,912810TZ1,TSRYS5752098,D,S,T,2024-04-17,2000000.00,4.882678,95.16796875
08:02:43,912810TZ1,TSRYS5752098,D,S,T,2024-04-17,1000000.00,4.885559,95.1328125
08:02:45,912810TZ1,TSRYS5752098,D,S,T,2024-04-17,1000000.00,4.885559,95.1328125
08:02:47,912810TZ1,TSRYS5752098,D,S,T,2024-04-17,1000000.00,4.885559,95.1328125
08:02:48,912810TZ1,TSRYS5752098,D,S,T,2024-04-17,1000000.00,4.885559,95.1328125
08:02:49,912810TZ1,TSRYS5752098,D,S,T,2024-04-17,1000000.00,4.885559,95.1328125
08:02:50,912810TZ1,TSRYS5752098,D,S,T,2024-04-17,1000000.00,4.885559,95.1328125
08:02:54,912810TZ1,TSRYS5752098,D,S,T,2024-04-17,1000000.00,4.884758,95.142578125
08:02:55,912810TZ1,TSRYS5752098,D,S,T,2024-04-17,1000000.00,4.885559,95.1328125
08:02:55,912810TZ1,TSRYS5752098,D,S,C,2024-04-17,1000000.00,4.896442,95.00015
08:02:55,912810TZ1,TSRYS5752098,D,B,C,2024-04-17,1000000.00,4.896454,95.0
08:02:55,912810TZ1,TSRYS5752098,D,S,C,2024-04-17,7000000.00,4.895171,95.015625
08:02:55,912810TZ1,TSRYS5752098,D,S,D,2024-04-17,1000000.00,4.895171,95.015625
08:02:55,912810TZ1,TSRYS5752098,D,S,C,2024-04-17,2000000.00,4.895171,95.015625
08:02:55,912810TZ1,TSRYS5752098,D,B,C,2024-04-17,1000000.00,4.895171,95.015625
08:02:55,912810TZ1,TSRYS5752098,D,B,C,2024-04-17,2000000.00,4.895171,95.015625
08:02:55,912810TZ1,TSRYS5752098,D,B,C,2024-04-17,7000000.00,4.895171,95.015625
08:02:56,912810TZ1,TSRYS5752098,D,S,T,2024-04-17,1000000.00,4.885559,95.1328125
08:02:57,912810TZ1,TSRYS5752098,D,S,T,2024-04-17,1000000.00,4.885559,95.1328125
08:03:00,912810TZ1,TSRYS5752098,D,B,C,2024-04-17,1000000.00,4.878519,95.21875
08:03:00,912810TZ1,TSRYS5752098,D,S,D,2024-04-17,1000000.00,4.878519,95.21875
08:03:01,912810TZ1,TSRYS5752098,D,B,C,2024-04-17,1000000.00,4.891324,95.0625
08:03:01,912810TZ1,TSRYS5752098,D,S,C,2024-04-17,1000000.00,4.891324,95.0625
08:03:06,912810TZ1,TSRYS5752098,D,S,D,2024-04-17,1400000.00,4.886199,95.125
08:03:06,912810TZ1,TSRYS5752098,D,S,C,2024-04-17,1000000.00,4.882358,95.171875
08:03:06,912810TZ1,TSRYS5752098,D,S,D,2024-04-17,1000000.00,4.882358,95.171875
08:03:06,912810TZ1,TSRYS5752098,D,B,C,2024-04-17,1000000.00,4.882358,95.171875
08:03:06,912810TZ1,TSRYS5752098,D,B,C,2024-04-17,1000000.00,4.882358,95.171875
08:03:06,912810TZ1,TSRYS5752098,D,B,C,2024-04-17,2000000.00,4.882358,95.171875
08:03:06,912810TZ1,TSRYS5752098,D,S,D,2024-04-17,1000000.00,4.882358,95.171875
08:03:06,912810TZ1,TSRYS5752098,D,S,D,2024-04-17,2000000.00,4.882358,95.171875
08:03:06,912810TZ1,TSRYS5752098,D,B,C,2024-04-17,1000000.00,4.882358,95.171875
08:03:07,912810TZ1,TSRYS5752098,D,S,C,2024-04-17,1000000.00,4.879798,95.203125
08:03:07,912810TZ1,TSRYS5752098,D,S,C,2024-04-17,1000000.00,4.879798,95.203125
08:03:07,912810TZ1,TSRYS5752098,D,B,C,2024-04-17,1000000.00,4.878519,95.21875
08:03:07,912810TZ1,TSRYS5752098,D,S,C,2024-04-17,1000000.00,4.878519,95.21875
08:03:08,912810TZ1,TSRYS5752098,D,S,C,2024-04-17,1000000.00,4.877226,95.23455
08:03:10,912810TZ1,TSRYS5752098,D,S,C,2024-04-17,1000000.00,4.884758,95.142578125
08:03:11,912810TZ1,TSRYS5752098,D,B,C,2024-04-17,1000000.00,4.884758,95.142578125
08:03:11,912810TZ1,TSRYS5752098,D,S,C,2024-04-17,1000000.00,4.878519,95.21875
08:03:11,912810TZ1,TSRYS5752098,D,S,C,2024-04-17,1000000.00,4.878519,95.21875
08:03:14,912810TZ1,TSRYS5752098,D,B,C,2024-04-17,1000000.00,4.879798,95.203125
08:03:14,912810TZ1,TSRYS5752098,D,S,C,2024-04-17,1000000.00,4.879798,95.203125
08:03:15,912810TZ1,TSRYS5752098,D,B,C,2024-04-17,1000000.00,4.881078,95.1875
08:03:15,912810TZ1,TSRYS5752098,D,S,C,2024-04-17,1000000.00,4.881078,95.1875
08:03:24,912810TZ1,TSRYS5752098,D,B,C,2024-04-17,1000000.00,4.882358,95.171875
08:03:24,912810TZ1,TSRYS5752098,D,S,D,2024-04-17,1000000.00,4.882358,95.171875
08:03:25,912810TZ1,TSRYS5752098,D,S,D,2024-04-17,1000000.00,4.879798,95.203125
08:03:25,912810TZ1,TSRYS5752098,D,B,C,2024-04-17,1000000.00,4.879798,95.203125
08:03:27,912810TZ1,TSRYS5752098,D,S,C,2024-04-17,1000000.00,4.875961,95.25
08:03:27,912810TZ1,TSRYS5752098,D,S,C,2024-04-17,1000000.00,4.875961,95.25
08:03:27,912810TZ1,TSRYS5752098,D,S,T,2024-04-17,1000000.00,4.88748,95.109375
08:03:28,912810TZ1,TSRYS5752098,D,S,D,2024-04-17,1000000.00,4.8878,95.10546875
08:03:28,912810TZ1,TSRYS5752098,D,S,D,2024-04-17,1000000.00,4.8878,95.10546875
08:03:28,912810TZ1,TSRYS5752098,D,S,C,2024-04-17,1000000.00,4.875961,95.25
08:03:29,912810TZ1,TSRYS5752098,D,S,D,2024-04-17,1000000.00,4.88796,95.103515625
08:03:29,912810TZ1,TSRYS5752098,D,S,D,2024-04-17,1000000.00,4.87724,95.234375
08:03:29,912810TZ1,TSRYS5752098,D,S,D,2024-04-17,1000000.00,4.878519,95.21875
08:03:29,912810TZ1,TSRYS5752098,D,S,D,2024-04-17,1000000.00,4.878519,95.21875
08:03:30,912810TZ1,TSRYS5752098,D,S,C,2024-04-17,1000000.00,4.879798,95.203125
08:03:32,912810TZ1,TSRYS5752098,D,S,C,2024-04-17,1000000.00,4.87724,95.234375
08:03:32,912810TZ1,TSRYS5752098,D,S,C,2024-04-17,1000000.00,4.878519,95.21875
08:03:32,912810TZ1,TSRYS5752098,D,S,C,2024-04-17,1000000.00,4.878519,95.21875
08:03:32,912810TZ1,TSRYS5752098,D,S,C,2024-04-17,1000000.00,4.878519,95.21875
08:03:32,912810TZ1,TSRYS5752098,D,B,C,2024-04-17,1000000.00,4.878519,95.21875
08:03:32,912810TZ1,TSRYS5752098,D,S,C,2024-04-17,1000000.00,4.878519,95.21875
08:03:32,912810TZ1,TSRYS5752098,D,S,C,2024-04-17,100000.00,4.888441,95.10265625
08:03:34,912810TZ1,TSRYS5752098,D,B,C,2024-04-17,6000000.00,4.876601,95.2421875
08:03:36,912810TZ1,TSRYS5752098,D,S,D,2024-04-17,1000000.00,4.870839,95.31263
08:03:36,912810TZ1,TSRYS5752098,D,S,C,2024-04-17,1000000.00,4.872127,95.296875
08:03:36,912810TZ1,TSRYS5752098,D,S,C,2024-04-17,1000000.00,4.872127,95.296875
08:03:37,912810TZ1,TSRYS5752098,D,S,C,2024-04-17,1000000.00,4.870849,95.3125
08:03:37,912810TZ1,TSRYS5752098,D,B,C,2024-04-17,1000000.00,4.870849,95.3125
08:03:37,912810TZ1,TSRYS5752098,D,B,C,2024-04-17,1000000.00,4.872127,95.296875
08:03:37,912810TZ1,TSRYS5752098,D,B,C,2024-04-17,1000000.00,4.872127,95.296875
08:03:37,912810TZ1,TSRYS5752098,D,S,C,2024-04-17,1000000.00,4.872127,95.296875
08:03:37,912810TZ1,TSRYS5752098,D,S,C,2024-04-17,1000000.00,4.872127,95.296875
08:03:37,912810TZ1,TSRYS5752098,D,B,C,2024-04-17,1000000.00,4.874683,95.265625
08:03:37,912810TZ1,TSRYS5752098,D,S,C,2024-04-17,1000000.00,4.874683,95.265625
08:03:38,912810TZ1,TSRYS5752098,D,S,D,2024-04-17,1000000.00,4.87788,95.2265625
08:03:38,912810TZ1,TSRYS5752098,D,S,D,2024-04-17,1000000.00,4.878519,95.21875
08:03:38,912810TZ1,TSRYS5752098,D,S,D,2024-04-17,1000000.00,4.878519,95.21875
08:03:39,912810TZ1,TSRYS5752098,D,S,C,2024-04-17,1000000.00,4.87788,95.2265625
08:03:39,912810TZ1,TSRYS5752098,D,S,D,2024-04-17,1000000.00,4.878519,95.21875
08:03:39,912810TZ1,TSRYS5752098,D,S,D,2024-04-17,1000000.00,4.878519,95.21875
08:03:39,912810TZ1,TSRYS5752098,D,S,C,2024-04-17,1000000.00,4.878519,95.21875
08:03:39,912810TZ1,TSRYS5752098,D,S,D,2024-04-17,16000000.00,4.878297,95.22146
08:03:40,912810TZ1,TSRYS5752098,D,B,C,2024-04-17,1000000.00,4.877257,95.234173
08:03:40,912810TZ1,TSRYS5752098,D,B,C,2024-04-17,2000000.00,4.877257,95.234173
08:03:40,912810TZ1,TSRYS5752098,D,S,C,2024-04-17,2000000.00,4.87724,95.234375
08:03:40,912810TZ1,TSRYS5752098,D,S,D,2024-04-17,1000000.00,4.87724,95.234375
08:03:41,912810TZ1,TSRYS5752098,D,S,C,2024-04-17,1000000.00,4.877215,95.234675
08:03:41,912810TZ1,TSRYS5752098,D,B,C,2024-04-17,1000000.00,4.87724,95.234375
08:03:41,912810TZ1,TSRYS5752098,D,S,D,2024-04-17,1000000.00,4.87724,95.234375
08:03:42,912810TZ1,TSRYS5752098,D,S,C,2024-04-17,1000000.00,4.879798,95.203125
08:03:42,912810TZ1,TSRYS5752098,D,B,C,2024-04-17,1000000.00,4.879798,95.203125
08:03:43,912810TZ1,TSRYS5752098,D,S,D,2024-04-17,1000000.00,4.879798,95.203125
08:03:44,912810TZ1,TSRYS5752098,D,B,C,2024-04-17,2000000.00,4.879815,95.202923
08:03:44,912810TZ1,TSRYS5752098,D,S,C,2024-04-17,2000000.00,4.879774,95.203425
08:03:44,912810TZ1,TSRYS5752098,D,B,C,2024-04-17,1000000.00,4.879815,95.202923
08:03:44,912810TZ1,TSRYS5752098,D,S,D,2024-04-17,1000000.00,4.878519,95.21875
08:03:44,912810TZ1,TSRYS5752098,D,S,C,2024-04-17,1000000.00,4.879782,95.203325
08:03:44,912810TZ1,TSRYS5752098,D,B,C,2024-04-17,1000000.00,4.878536,95.218548
08:03:44,912810TZ1,TSRYS5752098,D,S,D,2024-04-17,1000000.00,4.878519,95.21875
08:03:44,912810TZ1,TSRYS5752098,D,B,C,2024-04-17,1000000.00,4.878536,95.218548
08:03:44,912810TZ1,TSRYS5752098,D,S,D,2024-04-17,1000000.00,4.878519,95.21875
08:03:44,912810TZ1,TSRYS5752098,D,B,C,2024-04-17,1000000.00,4.878536,95.218548
08:03:44,912810TZ1,TSRYS5752098,D,B,C,2024-04-17,1000000.00,4.879815,95.202925
08:03:44,912810TZ1,TSRYS5752098,D,B,C,2024-04-17,1000000.00,4.879815,95.202925
08:03:44,912810TZ1,TSRYS5752098,D,S,C,2024-04-17,1000000.00,4.879798,95.203125
08:03:44,912810TZ1,TSRYS5752098,D,S,C,2024-04-17,1000000.00,4.879798,95.203125
08:03:45,912810TZ1,TSRYS5752098,D,S,C,2024-04-17,285000.00,4.876281,95.24609375
08:03:46,912810TZ1,TSRYS5752098,D,B,C,2024-04-17,1000000.00,4.881094,95.1873
08:03:46,912810TZ1,TSRYS5752098,D,S,C,2024-04-17,1000000.00,4.881078,95.1875
08:03:46,912810TZ1,TSRYS5752098,D,S,C,2024-04-17,1000000.00,4.883621,95.15645
08:03:50,912810TZ1,TSRYS5752098,D,S,D,2024-04-17,1000000.00,4.87724,95.234375
08:03:50,912810TZ1,TSRYS5752098,D,B,C,2024-04-17,1000000.00,4.87724,95.234375
08:03:50,912810TZ1,TSRYS5752098,D,S,D,2024-04-17,1000000.00,4.889081,95.08984375
08:03:55,912810TZ1,TSRYS5752098,D,S,C,2024-04-17,1000000.00,4.873405,95.28125
08:03:55,912810TZ1,TSRYS5752098,D,B,C,2024-04-17,1000000.00,4.873405,95.28125
08:03:55,912810TZ1,TSRYS5752098,D,B,C,2024-04-17,1000000.00,4.873421,95.28105
08:03:55,912810TZ1,TSRYS5752098,D,S,C,2024-04-17,1000000.00,4.873405,95.28125
08:03:56,912810TZ1,TSRYS5752098,D,B,C,2024-04-17,2000000.00,4.874683,95.265625
08:03:56,912810TZ1,TSRYS5752098,D,S,C,2024-04-17,2000000.00,4.874683,95.265625
08:03:57,912810TZ1,TSRYS5752098,D,S,C,2024-04-17,1000000.00,4.874683,95.265625
08:03:58,912810TZ1,TSRYS5752098,D,S,T,2024-04-17,1000000.00,4.889081,95.08984375
08:03:59,912810TZ1,TSRYS5752098,D,B,A,2024-04-17,1000000.00,4.888761,95.09375
08:03:59,912810TZ1,TSRYS5752098,D,S,T,2024-04-17,1000000.00,4.888761,95.09375
08:04:01,912810TZ1,TSRYS5752098,D,B,C,2024-04-17,1000000.00,4.878519,95.21875
08:04:01,912810TZ1,TSRYS5752098,D,S,C,2024-04-17,1000000.00,4.8785,95.218977
08:04:01,912810TZ1,TSRYS5752098,D,S,C,2024-04-17,1000000.00,4.8785,95.218977
08:04:01,912810TZ1,TSRYS5752098,D,B,C,2024-04-17,1000000.00,4.878519,95.21875
08:04:01,912810TZ1,TSRYS5752098,D,S,A,2024-04-17,2460000.00,4.883318,95.16015625
08:04:02,912810TZ1,TSRYS5752098,D,B,C,2024-04-17,1000000.00,4.878519,95.21875
08:04:02,912810TZ1,TSRYS5752098,D,S,D,2024-04-17,1000000.00,4.878511,95.218852
08:04:02,912810TZ1,TSRYS5752098,D,S,C,2024-04-17,1000000.00,4.878519,95.21875
08:04:02,912810TZ1,TSRYS5752098,D,B,C,2024-04-17,1000000.00,4.878519,95.21875
08:04:02,912810TZ1,TSRYS5752098,D,S,C,2024-04-17,1000000.00,4.878519,95.21875
08:04:02,912810TZ1,TSRYS5752098,D,B,C,2024-04-17,1000000.00,4.878519,95.21875
08:04:02,912810TZ1,TSRYS5752098,D,S,C,2024-04-17,1000000.00,4.878519,95.21875
08:04:02,912810TZ1,TSRYS5752098,D,S,D,2024-04-17,1000000.00,4.878511,95.218852
08:04:03,912810TZ1,TSRYS5752098,D,B,C,2024-04-17,1000000.00,4.878519,95.21875
08:04:03,912810TZ1,TSRYS5752098,D,S,C,2024-04-17,1000000.00,4.878519,95.21875
08:04:04,912810TZ1,TSRYS5752098,D,S,D,2024-04-17,1000000.00,4.882358,95.171875
08:04:04,912810TZ1,TSRYS5752098,D,S,D,2024-04-17,1000000.00,4.880598,95.193359375
08:04:04,912810TZ1,TSRYS5752098,D,S,D,2024-04-17,2000000.00,4.882358,95.171875
08:04:04,912810TZ1,TSRYS5752098,D,B,C,2024-04-17,1000000.00,4.875961,95.25
08:04:04,912810TZ1,TSRYS5752098,D,S,D,2024-04-17,1000000.00,4.875961,95.25
08:04:04,912810TZ1,TSRYS5752098,D,S,C,2024-04-17,1000000.00,4.878519,95.21875
08:04:04,912810TZ1,TSRYS5752098,D,B,C,2024-04-17,1000000.00,4.878519,95.21875
08:04:05,912810TZ1,TSRYS5752098,D,S,T,2024-04-17,1000000.00,4.888761,95.09375
08:04:06,912810TZ1,TSRYS5752098,D,S,C,2024-04-17,1000000.00,4.874683,95.265625
08:04:06,912810TZ1,TSRYS5752098,D,S,D,2024-04-17,1000000.00,4.874672,95.265755
08:04:06,912810TZ1,TSRYS5752098,D,B,C,2024-04-17,1000000.00,4.874683,95.265625
08:04:06,912810TZ1,TSRYS5752098,D,S,T,2024-04-17,1000000.00,4.879798,95.203125
08:04:07,912810TZ1,TSRYS5752098,D,B,C,2024-04-17,6000000.00,4.875961,95.25
08:04:12,912810TZ1,TSRYS5752098,D,B,C,2024-04-17,1000000.00,4.873405,95.28125
08:04:12,912810TZ1,TSRYS5752098,D,S,C,2024-04-17,1000000.00,4.873405,95.28125
08:04:13,912810TZ1,TSRYS5752098,D,S,C,2024-04-17,1000000.00,4.873405,95.28125
08:04:13,912810TZ1,TSRYS5752098,D,S,C,2024-04-17,1000000.00,4.872127,95.296875
08:04:13,912810TZ1,TSRYS5752098,D,B,C,2024-04-17,1000000.00,4.872143,95.296673
08:04:13,912810TZ1,TSRYS5752098,D,S,D,2024-04-17,1000000.00,4.872127,95.296875
08:04:13,912810TZ1,TSRYS5752098,D,B,C,2024-04-17,1000000.00,4.872143,95.296673
08:04:13,912810TZ1,TSRYS5752098,D,S,D,2024-04-17,1000000.00,4.872127,95.296875
08:04:13,912810TZ1,TSRYS5752098,D,B,C,2024-04-17,1000000.00,4.872143,95.296673
08:04:13,912810TZ1,TSRYS5752098,D,S,D,2024-04-17,1000000.00,4.872127,95.296875
08:04:13,912810TZ1,TSRYS5752098,D,B,C,2024-04-17,1000000.00,4.872143,95.296673
08:04:13,912810TZ1,TSRYS5752098,D,S,D,2024-04-17,1000000.00,4.872127,95.296875
08:04:13,912810TZ1,TSRYS5752098,D,B,C,2024-04-17,1000000.00,4.872143,95.296673
08:04:13,912810TZ1,TSRYS5752098,D,S,D,2024-04-17,1000000.00,4.870849,95.3125
08:04:13,912810TZ1,TSRYS5752098,D,B,C,2024-04-17,1000000.00,4.870866,95.312298
08:04:13,912810TZ1,TSRYS5752098,D,S,C,2024-04-17,1000000.00,4.872127,95.296875
08:04:13,912810TZ1,TSRYS5752098,D,B,C,2024-04-17,1000000.00,4.872127,95.296875
08:04:15,912810TZ1,TSRYS5752098,D,S,C,2024-04-17,1000000.00,4.87211,95.297075
08:04:15,912810TZ1,TSRYS5752098,D,B,C,2024-04-17,1000000.00,4.872127,95.296875
08:04:16,912810TZ1,TSRYS5752098,D,B,C,2024-04-17,1000000.00,4.873405,95.28125
08:04:16,912810TZ1,TSRYS5752098,D,S,D,2024-04-17,1000000.00,4.873405,95.28125
08:04:16,912810TZ1,TSRYS5752098,D,S,D,2024-04-17,1000000.00,4.873405,95.28125
08:04:16,912810TZ1,TSRYS5752098,D,B,C,2024-04-17,1000000.00,4.873405,95.28125
08:04:16,912810TZ1,TSRYS5752098,D,S,D,2024-04-17,1000000.00,4.873405,95.28125
08:04:16,912810TZ1,TSRYS5752098,D,B,C,2024-04-17,1000000.00,4.888761,95.09375
08:04:16,912810TZ1,TSRYS5752098,D,B,C,2024-04-17,1000000.00,4.873405,95.28125
08:04:16,912810TZ1,TSRYS5752098,D,S,D,2024-04-17,1000000.00,4.873405,95.28125
08:04:16,912810TZ1,TSRYS5752098,D,S,D,2024-04-17,1000000.00,4.873405,95.28125
08:04:16,912810TZ1,TSRYS5752098,D,B,C,2024-04-17,1000000.00,4.873405,95.28125
08:04:16,912810TZ1,TSRYS5752098,D,B,C,2024-04-17,1000000.00,4.873405,95.28125
08:04:16,912810TZ1,TSRYS5752098,D,S,D,2024-04-17,1000000.00,4.873405,95.28125
08:04:16,912810TZ1,TSRYS5752098,D,B,C,2024-04-17,1000000.00,4.873405,95.28125
08:04:16,912810TZ1,TSRYS5752098,D,B,C,2024-04-17,1000000.00,4.873405,95.28125
08:04:16,912810TZ1,TSRYS5752098,D,S,D,2024-04-17,1000000.00,4.873405,95.28125
08:04:16,912810TZ1,TSRYS5752098,D,S,D,2024-04-17,1000000.00,4.873405,95.28125
08:04:16,912810TZ1,TSRYS5752098,D,B,C,2024-04-17,1000000.00,4.873405,95.28125
08:04:16,912810TZ1,TSRYS5752098,D,S,D,2024-04-17,1000000.00,4.873405,95.28125
08:04:16,912810TZ1,TSRYS5752098,D,S,D,2024-04-17,3000000.00,4.874683,95.265625
08:04:16,912810TZ1,TSRYS5752098,D,B,C,2024-04-17,3000000.00,4.874695,95.265475
08:04:16,912810TZ1,TSRYS5752098,D,S,C,2024-04-17,1000000.00,4.872112,95.29705
08:04:16,912810TZ1,TSRYS5752098,D,B,C,2024-04-17,1000000.00,4.872143,95.296675
08:04:16,912810TZ1,TSRYS5752098,D,S,C,2024-04-17,1000000.00,4.872112,95.29705
08:04:16,912810TZ1,TSRYS5752098,D,B,C,2024-04-17,1000000.00,4.872143,95.296675
08:04:17,912810TZ1,TSRYS5752098,D,S,C,2024-04-17,1000000.00,4.870835,95.312675
08:04:17,912810TZ1,TSRYS5752098,D,B,C,2024-04-17,1000000.00,4.870863,95.312325
08:04:17,912810TZ1,TSRYS5752098,D,S,C,2024-04-17,1000000.00,4.870835,95.312675
08:04:17,912810TZ1,TSRYS5752098,D,B,C,2024-04-17,1000000.00,4.870866,95.3123
08:04:17,912810TZ1,TSRYS5752098,D,S,C,2024-04-17,1000000.00,4.872127,95.296875
08:04:18,912810TZ1,TSRYS5752098,D,S,C,2024-04-17,1000000.00,4.869572,95.328125
08:04:18,912810TZ1,TSRYS5752098,D,B,C,2024-04-17,1000000.00,4.869586,95.32795
08:04:19,912810TZ1,TSRYS5752098,D,S,C,2024-04-17,1000000.00,4.870833,95.3127
08:04:19,912810TZ1,TSRYS5752098,D,S,C,2024-04-17,1000000.00,4.872112,95.29705
08:04:19,912810TZ1,TSRYS5752098,D,S,C,2024-04-17,1000000.00,4.870849,95.3125
08:04:20,912810TZ1,TSRYS5752098,D,S,C,2024-04-17,1000000.00,4.870825,95.3128
08:04:20,912810TZ1,TSRYS5752098,D,B,C,2024-04-17,1000000.00,4.872143,95.296675
08:04:20,912810TZ1,TSRYS5752098,D,S,D,2024-04-17,1000000.00,4.872127,95.296875
08:04:21,912810TZ1,TSRYS5752098,D,S,C,2024-04-17,1000000.00,4.874669,95.2658
08:04:21,912810TZ1,TSRYS5752098,D,B,C,2024-04-17,1000000.00,4.874697,95.26545
08:04:21,912810TZ1,TSRYS5752098,D,B,C,2024-04-17,1000000.00,4.873405,95.28125
08:04:21,912810TZ1,TSRYS5752098,D,S,D,2024-04-17,1000000.00,4.874683,95.265625
08:04:22,912810TZ1,TSRYS5752098,D,S,D,2024-04-17,1000000.00,4.873405,95.28125
08:04:23,912810TZ1,TSRYS5752098,D,S,C,2024-04-17,1000000.00,4.87339,95.281425
08:04:23,912810TZ1,TSRYS5752098,D,B,C,2024-04-17,1000000.00,4.873419,95.281075
08:04:23,912810TZ1,TSRYS5752098,D,S,D,2024-04-17,1000000.00,4.873405,95.28125
08:04:23,912810TZ1,TSRYS5752098,D,B,C,2024-04-17,1000000.00,4.873419,95.281075
08:04:23,912810TZ1,TSRYS5752098,D,S,C,2024-04-17,1000000.00,4.875961,95.25
08:04:23,912810TZ1,TSRYS5752098,D,B,C,2024-04-17,1000000.00,4.875976,95.249825
08:04:24,912810TZ1,TSRYS5752098,D,S,C,2024-04-17,1000000.00,4.87338,95.28155
08:04:24,912810TZ1,TSRYS5752098,D,B,C,2024-04-17,1000000.00,4.874683,95.265625
08:04:24,912810TZ1,TSRYS5752098,D,S,D,2024-04-17,1000000.00,4.874683,95.265625
08:04:24,912810TZ1,TSRYS5752098,D,B,C,2024-04-17,1000000.00,4.874697,95.26545
08:04:24,912810TZ1,TSRYS5752098,D,B,C,2024-04-17,1000000.00,4.888761,95.09375
08:04:24,912810TZ1,TSRYS5752098,D,B,C,2024-04-17,1000000.00,4.875961,95.25
08:04:24,912810TZ1,TSRYS5752098,D,S,C,2024-04-17,1000000.00,4.875943,95.250225
08:04:24,912810TZ1,TSRYS5752098,D,S,D,2024-04-17,1000000.00,4.874683,95.265625
08:04:25,912810TZ1,TSRYS5752098,D,B,C,2024-04-17,1000000.00,4.874683,95.265625
08:04:25,912810TZ1,TSRYS5752098,D,S,C,2024-04-17,1000000.00,4.873388,95.28145
08:04:25,912810TZ1,TSRYS5752098,D,S,D,2024-04-17,1000000.00,4.874683,95.265625
08:04:25,912810TZ1,TSRYS5752098,D,B,C,2024-04-17,1000000.00,4.874697,95.26545
08:04:25,912810TZ1,TSRYS5752098,D,B,C,2024-04-17,1000000.00,4.888761,95.09375
08:04:25,912810TZ1,TSRYS5752098,D,B,C,2024-04-17,1000000.00,4.875961,95.25
08:04:25,912810TZ1,TSRYS5752098,D,S,C,2024-04-17,1000000.00,4.875961,95.25
08:04:26,912810TZ1,TSRYS5752098,D,S,C,2024-04-17,750000.00,4.880438,95.1953125
08:04:29,912810TZ1,TSRYS5752098,D,S,C,2024-04-17,1000000.00,4.873388,95.28145
08:04:32,912810TZ1,TSRYS5752098,D,B,C,2024-04-17,1000000.00,4.872766,95.2890625
08:04:32,912810TZ1,TSRYS5752098,D,S,D,2024-04-17,1000000.00,4.872766,95.2890625
08:04:32,912810TZ1,TSRYS5752098,D,B,C,2024-04-17,1000000.00,4.872446,95.29296875
08:04:32,912810TZ1,TSRYS5752098,D,S,D,2024-04-17,1000000.00,4.872446,95.29296875
08:04:32,912810TZ1,TSRYS5752098,D,B,C,2024-04-17,1000000.00,4.871488,95.3046875
08:04:32,912810TZ1,TSRYS5752098,D,S,D,2024-04-17,1000000.00,4.871488,95.3046875
08:04:33,912810TZ1,TSRYS5752098,D,B,C,2024-04-17,1000000.00,4.873417,95.2811
08:04:33,912810TZ1,TSRYS5752098,D,S,C,2024-04-17,1000000.00,4.873405,95.28125
08:04:34,912810TZ1,TSRYS5752098,D,B,C,2024-04-17,1000000.00,4.872287,95.294921875
08:04:34,912810TZ1,TSRYS5752098,D,S,C,2024-04-17,1000000.00,4.872287,95.294921875
08:04:34,912810TZ1,TSRYS5752098,D,B,C,2024-04-17,1000000.00,4.874683,95.265625
08:04:34,912810TZ1,TSRYS5752098,D,S,D,2024-04-17,1000000.00,4.874683,95.265625
08:04:34,912810TZ1,TSRYS5752098,D,S,C,2024-04-17,8000000.00,4.885342,95.13545
08:04:36,912810TZ1,TSRYS5752098,D,S,C,2024-04-17,1000000.00,4.874683,95.265625
08:04:37,912810TZ1,TSRYS5752098,D,B,C,2024-04-17,1000000.00,4.88812,95.1015625
08:04:37,912810TZ1,TSRYS5752098,D,S,A,2024-04-17,1000000.00,4.88812,95.1015625
08:04:37,912810TZ1,TSRYS5752098,D,S,D,2024-04-17,1000000.00,4.876601,95.2421875
08:04:37,912810TZ1,TSRYS5752098,D,B,C,2024-04-17,1000000.00,4.876601,95.2421875
08:04:39,912810TZ1,TSRYS5752098,D,S,C,2024-04-17,1000000.00,4.87339,95.281425
08:04:39,912810TZ1,TSRYS5752098,D,S,C,2024-04-17,1000000.00,4.873405,95.28125
08:04:39,912810TZ1,TSRYS5752098,D,S,D,2024-04-17,1000000.00,4.873405,95.28125
08:04:45,912810TZ1,TSRYS5752098,D,S,C,2024-04-17,1000000.00,4.87211,95.297075
08:04:45,912810TZ1,TSRYS5752098,D,B,C,2024-04-17,1000000.00,4.872135,95.296775
08:04:47,912810TZ1,TSRYS5752098,D,B,C,2024-04-17,10000000.00,4.872127,95.296875
08:04:48,912810TZ1,TSRYS5752098,D,S,T,2024-04-17,1000000.00,4.888921,95.091796875
08:04:49,912810TZ1,TSRYS5752098,D,S,D,2024-04-17,1000000.00,4.889081,95.08984375
08:04:50,912810TZ1,TSRYS5752098,D,S,D,2024-04-17,1000000.00,4.889081,95.08984375
08:04:55,912810TZ1,TSRYS5752098,D,S,D,2024-04-17,1000000.00,4.879798,95.203125
08:04:55,912810TZ1,TSRYS5752098,D,B,C,2024-04-17,1000000.00,4.879815,95.202925
08:04:55,912810TZ1,TSRYS5752098,D,S,D,2024-04-17,1000000.00,4.879786,95.203277
08:04:56,912810TZ1,TSRYS5752098,D,S,C,2024-04-17,1000000.00,4.881078,95.1875
08:04:57,912810TZ1,TSRYS5752098,D,S,C,2024-04-17,1000000.00,4.882333,95.172175
08:04:57,912810TZ1,TSRYS5752098,D,S,D,2024-04-17,1000000.00,4.882341,95.172075
08:04:58,912810TZ1,TSRYS5752098,D,B,C,2024-04-17,1000000.00,4.878533,95.218575
08:04:58,912810TZ1,TSRYS5752098,D,S,C,2024-04-17,1000000.00,4.878507,95.2189
08:04:58,912810TZ1,TSRYS5752098,D,B,C,2024-04-17,1000000.00,4.878519,95.21875
08:04:58,912810TZ1,TSRYS5752098,D,S,C,2024-04-17,1000000.00,4.878507,95.2189
08:04:59,912810TZ1,TSRYS5752098,D,S,C,2024-04-17,1000000.00,4.878494,95.21905
08:05:00,912810TZ1,TSRYS5752098,D,S,D,2024-04-17,1000000.00,4.881078,95.1875
08:05:00,912810TZ1,TSRYS5752098,D,S,C,2024-04-17,1000000.00,4.881078,95.1875
08:05:00,912810TZ1,TSRYS5752098,D,S,C,2024-04-17,1000000.00,4.882343,95.17205
08:05:00,912810TZ1,TSRYS5752098,D,S,C,2024-04-17,1000000.00,4.882343,95.17205
08:05:00,912810TZ1,TSRYS5752098,D,S,C,2024-04-17,1000000.00,4.882358,95.171875
08:05:00,912810TZ1,TSRYS5752098,D,S,D,2024-04-17,1000000.00,4.882341,95.172075
08:05:00,912810TZ1,TSRYS5752098,D,S,D,2024-04-17,1000000.00,4.882341,95.172075
08:05:00,912810TZ1,TSRYS5752098,D,S,D,2024-04-17,1000000.00,4.882341,95.172075
08:05:00,912810TZ1,TSRYS5752098,D,S,D,2024-04-17,1000000.00,4.882341,95.172075
08:05:00,912810TZ1,TSRYS5752098,D,S,D,2024-04-17,1000000.00,4.882341,95.172075
08:05:01,912810TZ1,TSRYS5752098,D,S,D,2024-04-17,1000000.00,4.882341,95.172075
08:05:01,912810TZ1,TSRYS5752098,D,S,D,2024-04-17,1000000.00,4.882341,95.172075
08:05:01,912810TZ1,TSRYS5752098,D,S,D,2024-04-17,1000000.00,4.882341,95.172075
08:05:01,912810TZ1,TSRYS5752098,D,S,C,2024-04-17,1000000.00,4.881078,95.1875
08:05:01,912810TZ1,TSRYS5752098,D,S,D,2024-04-17,1000000.00,4.881078,95.1875
08:05:01,912810TZ1,TSRYS5752098,D,S,C,2024-04-17,1000000.00,4.881078,95.1875
08:05:03,912810TZ1,TSRYS5752098,D,S,D,2024-04-17,1000000.00,4.88748,95.109375
08:05:03,912810TZ1,TSRYS5752098,D,S,D,2024-04-17,1000000.00,4.88748,95.109375
08:05:03,912810TZ1,TSRYS5752098,D,B,C,2024-04-17,1000000.00,4.88748,95.109375
08:05:03,912810TZ1,TSRYS5752098,D,S,D,2024-04-17,1000000.00,4.88748,95.109375
08:05:03,912810TZ1,TSRYS5752098,D,S,D,2024-04-17,1000000.00,4.88748,95.109375
08:05:03,912810TZ1,TSRYS5752098,D,B,C,2024-04-17,1000000.00,4.88748,95.109375
08:05:03,912810TZ1,TSRYS5752098,D,S,D,2024-04-17,1000000.00,4.88748,95.109375
08:05:03,912810TZ1,TSRYS5752098,D,S,D,2024-04-17,1000000.00,4.88748,95.109375
08:05:03,912810TZ1,TSRYS5752098,D,S,D,2024-04-17,1000000.00,4.88748,95.109375
08:05:03,912810TZ1,TSRYS5752098,D,B,C,2024-04-17,1000000.00,4.88748,95.109375
08:05:03,912810TZ1,TSRYS5752098,D,S,D,2024-04-17,1000000.00,4.88748,95.109375
08:05:03,912810TZ1,TSRYS5752098,D,B,C,2024-04-17,1000000.00,4.88748,95.109375
08:05:03,912810TZ1,TSRYS5752098,D,S,D,2024-04-17,1000000.00,4.88748,95.109375
08:05:03,912810TZ1,TSRYS5752098,D,B,C,2024-04-17,1000000.00,4.88748,95.109375
08:05:03,912810TZ1,TSRYS5752098,D,S,D,2024-04-17,1000000.00,4.88748,95.109375
08:05:03,912810TZ1,TSRYS5752098,D,B,C,2024-04-17,1000000.00,4.88748,95.109375
08:05:03,912810TZ1,TSRYS5752098,D,B,C,2024-04-17,2000000.00,4.887492,95.109225
08:05:03,912810TZ1,TSRYS5752098,D,S,D,2024-04-17,1000000.00,4.88748,95.109375
08:05:03,912810TZ1,TSRYS5752098,D,B,C,2024-04-17,1000000.00,4.887492,95.109225
08:05:03,912810TZ1,TSRYS5752098,D,S,D,2024-04-17,2000000.00,4.88748,95.109375
08:05:03,912810TZ1,TSRYS5752098,D,S,D,2024-04-17,1000000.00,4.88748,95.109375
08:05:03,912810TZ1,TSRYS5752098,D,B,C,2024-04-17,1000000.00,4.88748,95.109375
08:05:03,912810TZ1,TSRYS5752098,D,S,D,2024-04-17,1000000.00,4.88748,95.109375
08:05:03,912810TZ1,TSRYS5752098,D,S,D,2024-04-17,1000000.00,4.88748,95.109375
08:05:03,912810TZ1,TSRYS5752098,D,B,C,2024-04-17,1000000.00,4.88748,95.109375
08:05:03,912810TZ1,TSRYS5752098,D,B,C,2024-04-17,1000000.00,4.88748,95.109375
08:05:03,912810TZ1,TSRYS5752098,D,S,D,2024-04-17,1000000.00,4.88748,95.109375
08:05:03,912810TZ1,TSRYS5752098,D,B,C,2024-04-17,1000000.00,4.88748,95.109375
08:05:03,912810TZ1,TSRYS5752098,D,S,D,2024-04-17,1000000.00,4.88748,95.109375
08:05:03,912810TZ1,TSRYS5752098,D,S,D,2024-04-17,1000000.00,4.88748,95.109375
08:05:03,912810TZ1,TSRYS5752098,D,B,C,2024-04-17,1000000.00,4.887496,95.109175
08:05:03,912810TZ1,TSRYS5752098,D,S,D,2024-04-17,1000000.00,4.88748,95.109375
08:05:03,912810TZ1,TSRYS5752098,D,S,D,2024-04-17,1000000.00,4.88748,95.109375
08:05:03,912810TZ1,TSRYS5752098,D,S,D,2024-04-17,1000000.00,4.88748,95.109375
08:05:03,912810TZ1,TSRYS5752098,D,S,D,2024-04-17,1000000.00,4.88748,95.109375
08:05:03,912810TZ1,TSRYS5752098,D,S,D,2024-04-17,1000000.00,4.88748,95.109375
08:05:03,912810TZ1,TSRYS5752098,D,S,D,2024-04-17,1000000.00,4.88748,95.109375
08:05:03,912810TZ1,TSRYS5752098,D,B,C,2024-04-17,1000000.00,4.88748,95.109375
08:05:03,912810TZ1,TSRYS5752098,D,S,D,2024-04-17,1000000.00,4.88748,95.109375
08:05:03,912810TZ1,TSRYS5752098,D,S,D,2024-04-17,1000000.00,4.88748,95.109375
08:05:03,912810TZ1,TSRYS5752098,D,B,C,2024-04-17,1000000.00,4.887492,95.109225
08:05:03,912810TZ1,TSRYS5752098,D,B,C,2024-04-17,1000000.00,4.88748,95.109375
08:05:03,912810TZ1,TSRYS5752098,D,S,D,2024-04-17,1000000.00,4.88748,95.109375
08:05:03,912810TZ1,TSRYS5752098,D,B,C,2024-04-17,1000000.00,4.887492,95.109225
08:05:03,912810TZ1,TSRYS5752098,D,S,D,2024-04-17,1000000.00,4.88748,95.109375
08:05:04,912810TZ1,TSRYS5752098,D,S,D,2024-04-17,1000000.00,4.88748,95.109375
08:05:04,912810TZ1,TSRYS5752098,D,S,D,2024-04-17,1000000.00,4.88748,95.109375
08:05:04,912810TZ1,TSRYS5752098,D,S,D,2024-04-17,1000000.00,4.88748,95.109375
08:05:04,912810TZ1,TSRYS5752098,D,S,D,2024-04-17,1000000.00,4.88748,95.109375
08:05:04,912810TZ1,TSRYS5752098,D,S,D,2024-04-17,1000000.00,4.88748,95.109375
08:05:04,912810TZ1,TSRYS5752098,D,S,D,2024-04-17,1000000.00,4.88748,95.109375
08:05:04,912810TZ1,TSRYS5752098,D,S,D,2024-04-17,1000000.00,4.88748,95.109375
08:05:04,912810TZ1,TSRYS5752098,D,S,D,2024-04-17,1000000.00,4.88748,95.109375
08:05:04,912810TZ1,TSRYS5752098,D,S,D,2024-04-17,1000000.00,4.88748,95.109375
08:05:05,912810TZ1,TSRYS5752098,D,S,C,2024-04-17,1000000.00,4.887463,95.109575
08:05:05,912810TZ1,TSRYS5752098,D,S,C,2024-04-17,1000000.00,4.88748,95.109375
08:05:05,912810TZ1,TSRYS5752098,D,S,D,2024-04-17,1000000.00,4.887461,95.1096
08:05:05,912810TZ1,TSRYS5752098,D,S,C,2024-04-17,1000000.00,4.88748,95.109375
08:05:05,912810TZ1,TSRYS5752098,D,S,D,2024-04-17,1000000.00,4.887461,95.1096
08:05:07,912810TZ1,TSRYS5752098,D,S,D,2024-04-17,1000000.00,4.88748,95.109375
08:05:07,912810TZ1,TSRYS5752098,D,B,C,2024-04-17,1000000.00,4.88748,95.109375
08:05:07,912810TZ1,TSRYS5752098,D,S,C,2024-04-17,1000000.00,4.886199,95.125
08:05:07,912810TZ1,TSRYS5752098,D,S,D,2024-04-17,1000000.00,4.88748,95.109375
08:05:08,912810TZ1,TSRYS5752098,D,S,D,2024-04-17,1000000.00,4.88748,95.109375
08:05:08,912810TZ1,TSRYS5752098,D,S,D,2024-04-17,1000000.00,4.88748,95.109375
08:05:08,912810TZ1,TSRYS5752098,D,S,C,2024-04-17,1000000.00,4.88748,95.109375
08:05:09,912810TZ1,TSRYS5752098,D,S,C,2024-04-17,1000000.00,4.88748,95.109375
08:05:09,912810TZ1,TSRYS5752098,D,S,D,2024-04-17,1000000.00,4.88748,95.109375
08:05:10,912810TZ1,TSRYS5752098,D,S,C,2024-04-17,1000000.00,4.886199,95.125
08:05:10,912810TZ1,TSRYS5752098,D,S,C,2024-04-17,1000000.00,4.886199,95.125
08:05:10,912810TZ1,TSRYS5752098,D,S,C,2024-04-17,1000000.00,4.886199,95.125
08:05:10,912810TZ1,TSRYS5752098,D,S,D,2024-04-17,1000000.00,4.886199,95.125
08:05:10,912810TZ1,TSRYS5752098,D,S,C,2024-04-17,1000000.00,4.886199,95.125
08:05:11,912810TZ1,TSRYS5752098,D,S,D,2024-04-17,1000000.00,4.886199,95.125
08:05:11,912810TZ1,TSRYS5752098,D,S,C,2024-04-17,1000000.00,4.886199,95.125
08:05:11,912810TZ1,TSRYS5752098,D,S,D,2024-04-17,1000000.00,4.886199,95.125
08:05:11,912810TZ1,TSRYS5752098,D,S,D,2024-04-17,1000000.00,4.886199,95.125
08:05:11,912810TZ1,TSRYS5752098,D,S,C,2024-04-17,1000000.00,4.886199,95.125
08:05:11,912810TZ1,TSRYS5752098,D,S,D,2024-04-17,1000000.00,4.886199,95.125
08:05:13,912810TZ1,TSRYS5752098,D,S,D,2024-04-17,1000000.00,4.884918,95.140625
08:05:17,912810TZ1,TSRYS5752098,D,S,C,2024-04-17,1000000.00,4.884918,95.140625
08:05:17,912810TZ1,TSRYS5752098,D,S,C,2024-04-17,1000000.00,4.884902,95.140825
08:05:17,912810TZ1,TSRYS5752098,D,B,C,2024-04-17,1000000.00,4.884918,95.140625
08:05:17,912810TZ1,TSRYS5752098,D,B,C,2024-04-17,1000000.00,4.884918,95.140625
08:05:17,912810TZ1,TSRYS5752098,D,S,D,2024-04-17,1000000.00,4.883638,95.15625
08:05:17,912810TZ1,TSRYS5752098,D,B,C,2024-04-17,1000000.00,4.883638,95.15625
08:05:17,912810TZ1,TSRYS5752098,D,S,D,2024-04-17,1000000.00,4.869093,95.333984375
08:05:19,912810TZ1,TSRYS5752098,D,S,C,2024-04-17,1000000.00,4.887465,95.10955
08:05:19,912810TZ1,TSRYS5752098,D,S,C,2024-04-17,2000000.00,4.886199,95.125
08:05:19,912810TZ1,TSRYS5752098,D,B,C,2024-04-17,1000000.00,4.886211,95.12485
08:05:21,912810TZ1,TSRYS5752098,D,S,D,2024-04-17,1000000.00,4.886199,95.125
08:05:21,912810TZ1,TSRYS5752098,D,B,C,2024-04-17,2000000.00,4.886211,95.12485
08:05:21,912810TZ1,TSRYS5752098,D,B,C,2024-04-17,1000000.00,4.886211,95.12485
08:05:21,912810TZ1,TSRYS5752098,D,S,C,2024-04-17,1000000.00,4.886183,95.1252
08:05:21,912810TZ1,TSRYS5752098,D,S,C,2024-04-17,1000000.00,4.887465,95.10955
08:05:21,912810TZ1,TSRYS5752098,D,B,C,2024-04-17,1000000.00,4.88748,95.109375
08:05:21,912810TZ1,TSRYS5752098,D,B,C,2024-04-17,1000000.00,4.88748,95.109375
08:05:21,912810TZ1,TSRYS5752098,D,S,D,2024-04-17,1000000.00,4.888761,95.09375
08:05:22,912810TZ1,TSRYS5752098,D,S,C,2024-04-17,1000000.00,4.87788,95.2265625
08:05:22,912810TZ1,TSRYS5752098,D,S,D,2024-04-17,1000000.00,4.87772,95.228515625
08:05:22,912810TZ1,TSRYS5752098,D,B,C,2024-04-17,1000000.00,4.893889,95.03125
08:05:23,912810TZ1,TSRYS5752098,D,S,D,2024-04-17,1000000.00,4.893889,95.03125
08:05:24,912810TZ1,TSRYS5752098,D,S,D,2024-04-17,1000000.00,4.889242,95.087890625
08:05:24,912810TZ1,TSRYS5752098,D,S,D,2024-04-17,1000000.00,4.880918,95.189453125
08:05:24,912810TZ1,TSRYS5752098,D,S,C,2024-04-17,1000000.00,4.891476,95.060646875
08:05:25,912810TZ1,TSRYS5752098,D,B,C,2024-04-17,1000000.00,4.891965,95.0546875
08:05:25,912810TZ1,TSRYS5752098,D,S,D,2024-04-17,1000000.00,4.891965,95.0546875
08:05:25,912810TZ1,TSRYS5752098,D,S,C,2024-04-17,1000000.00,4.892126,95.052734375
08:05:25,912810TZ1,TSRYS5752098,D,B,C,2024-04-17,1000000.00,4.891965,95.0546875
08:05:25,912810TZ1,TSRYS5752098,D,S,D,2024-04-17,1000000.00,4.891965,95.0546875
08:05:25,912810TZ1,TSRYS5752098,D,S,C,2024-04-17,1000000.00,4.892126,95.052734375
08:05:25,912810TZ1,TSRYS5752098,D,B,C,2024-04-17,1000000.00,4.892126,95.052734375
08:05:25,912810TZ1,TSRYS5752098,D,S,D,2024-04-17,1000000.00,4.892126,95.052734375
08:05:25,912810TZ1,TSRYS5752098,D,S,C,2024-04-17,1000000.00,4.890987,95.06660625
08:05:25,912810TZ1,TSRYS5752098,D,B,C,2024-04-17,4000000.00,4.868966,95.3355375
08:05:25,912810TZ1,TSRYS5752098,D,S,C,2024-04-17,1000000.00,4.891637,95.05869375
08:05:26,912810TZ1,TSRYS5752098,D,S,D,2024-04-17,1000000.00,4.890203,95.076171875
08:05:26,912810TZ1,TSRYS5752098,D,S,D,2024-04-17,1000000.00,4.890203,95.076171875
08:05:26,912810TZ1,TSRYS5752098,D,S,D,2024-04-17,1000000.00,4.890203,95.076171875
08:05:26,912810TZ1,TSRYS5752098,D,S,D,2024-04-17,1000000.00,4.890203,95.076171875
08:05:26,912810TZ1,TSRYS5752098,D,S,D,2024-04-17,1000000.00,4.890203,95.076171875
08:05:26,912810TZ1,TSRYS5752098,D,S,C,2024-04-17,1000000.00,4.884918,95.140625
08:05:28,912810TZ1,TSRYS5752098,D,S,D,2024-04-17,1000000.00,4.882358,95.171875
08:05:28,912810TZ1,TSRYS5752098,D,B,C,2024-04-17,1000000.00,4.882366,95.171775
08:05:28,912810TZ1,TSRYS5752098,D,S,D,2024-04-17,1000000.00,4.881398,95.18359375
08:05:28,912810TZ1,TSRYS5752098,D,S,D,2024-04-17,1000000.00,4.881558,95.181640625
08:05:28,912810TZ1,TSRYS5752098,D,S,D,2024-04-17,1000000.00,4.881558,95.181640625
08:05:30,912810TZ1,TSRYS5752098,D,S,D,2024-04-17,1000000.00,4.882358,95.171875
08:05:30,912810TZ1,TSRYS5752098,D,S,C,2024-04-17,1000000.00,4.882358,95.171875
08:05:30,912810TZ1,TSRYS5752098,D,S,D,2024-04-17,1000000.00,4.881718,95.1796875
08:05:30,912810TZ1,TSRYS5752098,D,B,C,2024-04-17,1000000.00,4.882358,95.171875
08:05:30,912810TZ1,TSRYS5752098,D,S,D,2024-04-17,1000000.00,4.882358,95.171875
08:05:30,912810TZ1,TSRYS5752098,D,B,C,2024-04-17,1000000.00,4.882518,95.169921875
08:05:30,912810TZ1,TSRYS5752098,D,S,D,2024-04-17,1000000.00,4.882518,95.169921875
08:05:31,912810TZ1,TSRYS5752098,D,S,C,2024-04-17,1000000.00,4.879798,95.203125
08:05:31,912810TZ1,TSRYS5752098,D,S,D,2024-04-17,1000000.00,4.879798,95.203125
08:05:31,912810TZ1,TSRYS5752098,D,S,D,2024-04-17,1000000.00,4.879798,95.203125
08:05:35,912810TZ1,TSRYS5752098,D,S,D,2024-04-17,1000000.00,4.880278,95.197265625
08:05:35,912810TZ1,TSRYS5752098,D,S,D,2024-04-17,1000000.00,4.882038,95.17578125
08:05:35,912810TZ1,TSRYS5752098,D,S,D,2024-04-17,1000000.00,4.882038,95.17578125
08:05:35,912810TZ1,TSRYS5752098,D,S,C,2024-04-17,1000000.00,4.882038,95.17578125
08:05:35,912810TZ1,TSRYS5752098,D,S,D,2024-04-17,1000000.00,4.881398,95.18359375
08:05:35,912810TZ1,TSRYS5752098,D,S,D,2024-04-17,1000000.00,4.881398,95.18359375
