tradeTime,cusip,issueSymbolIdentifier,priceType,reportingSideCode,contraPartyTypeCode,tradeDate,reportedTradeVolume,lastSaleYield,lastSalePrice
08:00:03,912810UB2,TSRYS5810883,D,S,T,2024-08-12,1000000.00,4.326041,103.9375
08:00:03,912810UB2,TSRYS5810883,D,S,D,2024-08-12,1000000.00,4.326041,103.9375
08:00:03,912810UB2,TSRYS5810883,D,S,T,2024-08-12,1000000.00,4.326618,103.9296875
08:00:03,912810UB2,TSRYS5810883,D,S,T,2024-08-12,1000000.00,4.327773,103.9140625
08:00:03,912810UB2,TSRYS5810883,D,S,D,2024-08-12,1000000.00,4.327773,103.9140625
08:00:03,912810UB2,TSRYS5810883,D,S,T,2024-08-12,1000000.00,4.327918,103.912109375
08:00:03,912810UB2,TSRYS5810883,D,S,T,2024-08-12,1000000.00,4.325031,103.951171875
08:00:03,912810UB2,TSRYS5810883,D,S,T,2024-08-12,1000000.00,4.326185,103.935546875
08:00:03,912810UB2,TSRYS5810883,D,S,T,2024-08-12,1000000.00,4.325464,103.9453125
08:00:03,912810UB2,TSRYS5810883,D,S,T,2024-08-12,1000000.00,4.325464,103.9453125
08:00:03,912810UB2,TSRYS5810883,D,S,D,2024-08-12,1000000.00,4.325752,103.94140625
08:00:03,912810UB2,TSRYS5810883,D,S,D,2024-08-12,1000000.00,4.325752,103.94140625
08:00:04,912810UB2,TSRYS5810883,D,S,T,2024-08-12,1000000.00,4.322433,103.986328125
08:00:04,912810UB2,TSRYS5810883,D,S,D,2024-08-12,1000000.00,4.319981,104.01953125
08:00:11,912810UB2,TSRYS5810883,D,B,A,2024-08-12,1330000.00,4.320847,104.007812
08:00:12,912810UB2,TSRYS5810883,D,S,T,2024-08-12,1000000.00,4.31681,104.0625
08:00:13,912810UB2,TSRYS5810883,D,S,A,2024-08-12,5000000.00,4.322578,103.984375
08:00:22,912810UB2,TSRYS5810883,D,S,D,2024-08-12,1000000.00,4.326041,103.9375
08:00:27,912810UB2,TSRYS5810883,D,S,T,2024-08-12,1000000.00,4.326041,103.9375
08:00:27,912810UB2,TSRYS5810883,D,S,T,2024-08-12,1000000.00,4.321424,104.0
08:00:27,912810UB2,TSRYS5810883,D,S,T,2024-08-12,1000000.00,4.321424,104.0
08:00:27,912810UB2,TSRYS5810883,D,S,T,2024-08-12,1000000.00,4.321424,104.0
08:00:27,912810UB2,TSRYS5810883,D,S,T,2024-08-12,1000000.00,4.322578,103.984375
08:00:27,912810UB2,TSRYS5810883,D,S,T,2024-08-12,1000000.00,4.322578,103.984375
08:00:27,912810UB2,TSRYS5810883,D,S,T,2024-08-12,1000000.00,4.321424,104.0
08:00:28,912810UB2,TSRYS5810883,D,S,D,2024-08-12,1000000.00,4.327773,103.9140625
08:00:30,912810UB2,TSRYS5810883,D,S,D,2024-08-12,1000000.00,4.313352,104.109375
08:00:30,912810UB2,TSRYS5810883,D,S,D,2024-08-12,1000000.00,4.322578,103.984375
08:00:30,912810UB2,TSRYS5810883,D,S,D,2024-08-12,1000000.00,4.324309,103.9609375
08:00:30,912810UB2,TSRYS5810883,D,S,D,2024-08-12,1000000.00,4.324309,103.9609375
08:00:30,912810UB2,TSRYS5810883,D,S,D,2024-08-12,1000000.00,4.322578,103.984375
08:00:30,912810UB2,TSRYS5810883,D,S,D,2024-08-12,907000.00,4.318828,104.03515625
08:00:30,912810UB2,TSRYS5810883,D,S,D,2024-08-12,1000000.00,4.320847,104.0078125
08:00:30,912810UB2,TSRYS5810883,D,S,D,2024-08-12,1000000.00,4.324742,103.955078125
08:00:30,912810UB2,TSRYS5810883,D,S,D,2024-08-12,1000000.00,4.321424,104.0
08:00:30,912810UB2,TSRYS5810883,D,S,D,2024-08-12,1000000.00,4.322289,103.98828125
08:00:30,912810UB2,TSRYS5810883,D,S,T,2024-08-12,1000000.00,4.324886,103.953125
08:00:30,912810UB2,TSRYS5810883,D,S,T,2024-08-12,1000000.00,4.324886,103.953125
08:00:30,912810UB2,TSRYS5810883,D,S,T,2024-08-12,1000000.00,4.324886,103.953125
08:00:30,912810UB2,TSRYS5810883,D,S,T,2024-08-12,1000000.00,4.324886,103.953125
08:00:30,912810UB2,TSRYS5810883,D,S,T,2024-08-12,1000000.00,4.324886,103.953125
08:00:30,912810UB2,TSRYS5810883,D,S,T,2024-08-12,1000000.00,4.324886,103.953125
08:00:30,912810UB2,TSRYS5810883,D,S,T,2024-08-12,1000000.00,4.319693,104.0234375
08:00:30,912810UB2,TSRYS5810883,D,S,T,2024-08-12,1000000.00,4.320847,104.0078125
08:00:30,912810UB2,TSRYS5810883,D,S,T,2024-08-12,1000000.00,4.320847,104.0078125
08:00:30,912810UB2,TSRYS5810883,D,S,T,2024-08-12,2000000.00,4.320847,104.0078125
08:00:30,912810UB2,TSRYS5810883,D,S,T,2024-08-12,1000000.00,4.321424,104.0
08:00:30,912810UB2,TSRYS5810883,D,S,T,2024-08-12,1000000.00,4.323732,103.96875
08:00:30,912810UB2,TSRYS5810883,D,S,T,2024-08-12,1000000.00,4.319837,104.021484375
08:00:30,912810UB2,TSRYS5810883,D,S,T,2024-08-12,2000000.00,4.317386,104.0546875
08:00:30,912810UB2,TSRYS5810883,D,S,T,2024-08-12,1000000.00,4.320847,104.0078125
08:00:30,912810UB2,TSRYS5810883,D,S,T,2024-08-12,1000000.00,4.320126,104.017578125
08:00:30,912810UB2,TSRYS5810883,D,S,T,2024-08-12,1000000.00,4.313352,104.109375
08:00:30,912810UB2,TSRYS5810883,D,S,T,2024-08-12,1000000.00,4.322578,103.984375
08:00:30,912810UB2,TSRYS5810883,D,S,T,2024-08-12,1000000.00,4.322578,103.984375
08:00:30,912810UB2,TSRYS5810883,D,S,T,2024-08-12,1000000.00,4.322578,103.984375
08:00:30,912810UB2,TSRYS5810883,D,S,T,2024-08-12,1000000.00,4.322578,103.984375
08:00:30,912810UB2,TSRYS5810883,D,S,T,2024-08-12,1000000.00,4.321424,104.0
08:00:30,912810UB2,TSRYS5810883,D,S,T,2024-08-12,1000000.00,4.321279,104.001953125
08:00:30,912810UB2,TSRYS5810883,D,S,T,2024-08-12,1000000.00,4.322289,103.98828125
08:00:30,912810UB2,TSRYS5810883,D,S,T,2024-08-12,1000000.00,4.322578,103.984375
08:00:30,912810UB2,TSRYS5810883,D,B,A,2024-08-12,480200.00,4.323732,103.96875
08:00:30,912810UB2,TSRYS5810883,D,B,A,2024-08-12,150000.00,4.323155,103.9765625
08:00:30,912810UB2,TSRYS5810883,D,S,T,2024-08-12,1000000.00,4.322578,103.984375
08:00:30,912810UB2,TSRYS5810883,D,S,A,2024-08-12,10000.00,4.319116,104.03125
08:00:30,912810UB2,TSRYS5810883,D,S,T,2024-08-12,1000000.00,4.32027,104.015625
08:00:30,912810UB2,TSRYS5810883,D,S,T,2024-08-12,1000000.00,4.32027,104.015625
08:00:30,912810UB2,TSRYS5810883,D,S,T,2024-08-12,2000000.00,4.320847,104.0078125
08:00:30,912810UB2,TSRYS5810883,D,S,T,2024-08-12,1000000.00,4.321424,104.0
08:00:30,912810UB2,TSRYS5810883,D,S,A,2024-08-12,94000.00,4.321135,104.00390625
08:00:30,912810UB2,TSRYS5810883,D,S,A,2024-08-12,590000.00,4.322289,103.98828125
08:00:30,912810UB2,TSRYS5810883,D,S,T,2024-08-12,1000000.00,4.319837,104.021484375
08:00:30,912810UB2,TSRYS5810883,D,S,T,2024-08-12,1000000.00,4.319116,104.03125
08:00:30,912810UB2,TSRYS5810883,D,S,D,2024-08-12,750000.00,4.321424,104.0
08:00:30,912810UB2,TSRYS5810883,D,S,A,2024-08-12,235000.00,4.322578,103.984375
08:00:30,912810UB2,TSRYS5810883,D,S,T,2024-08-12,1000000.00,4.317963,104.046875
08:00:30,912810UB2,TSRYS5810883,D,S,T,2024-08-12,1000000.00,4.317963,104.046875
08:00:30,912810UB2,TSRYS5810883,D,S,T,2024-08-12,2000000.00,4.322145,103.990234375
08:00:30,912810UB2,TSRYS5810883,D,S,T,2024-08-12,1000000.00,4.321424,104.0
08:00:30,912810UB2,TSRYS5810883,D,S,T,2024-08-12,1000000.00,4.321424,104.0
08:00:30,912810UB2,TSRYS5810883,D,S,T,2024-08-12,1000000.00,4.32027,104.015625
08:00:30,912810UB2,TSRYS5810883,D,S,T,2024-08-12,1000000.00,4.32027,104.015625
08:00:30,912810UB2,TSRYS5810883,D,S,T,2024-08-12,1000000.00,4.321424,104.0
08:00:30,912810UB2,TSRYS5810883,D,S,T,2024-08-12,1000000.00,4.319116,104.03125
08:00:30,912810UB2,TSRYS5810883,D,S,T,2024-08-12,1000000.00,4.32027,104.015625
08:00:30,912810UB2,TSRYS5810883,D,S,T,2024-08-12,1000000.00,4.32027,104.015625
08:00:31,912810UB2,TSRYS5810883,D,S,T,2024-08-12,1000000.00,4.32027,104.015625
08:00:31,912810UB2,TSRYS5810883,D,S,T,2024-08-12,1000000.00,4.32027,104.015625
08:00:31,912810UB2,TSRYS5810883,D,S,T,2024-08-12,1000000.00,4.32027,104.015625
08:00:31,912810UB2,TSRYS5810883,D,S,T,2024-08-12,1000000.00,4.32027,104.015625
08:00:31,912810UB2,TSRYS5810883,D,S,T,2024-08-12,1000000.00,4.313352,104.109375
08:00:31,912810UB2,TSRYS5810883,D,S,T,2024-08-12,1000000.00,4.313352,104.109375
08:00:31,912810UB2,TSRYS5810883,D,S,T,2024-08-12,1000000.00,4.313352,104.109375
08:00:31,912810UB2,TSRYS5810883,D,S,T,2024-08-12,1000000.00,4.315081,104.0859375
08:00:31,912810UB2,TSRYS5810883,D,S,T,2024-08-12,1000000.00,4.315657,104.078125
08:00:31,912810UB2,TSRYS5810883,D,S,T,2024-08-12,1000000.00,4.319116,104.03125
08:00:31,912810UB2,TSRYS5810883,D,S,T,2024-08-12,1000000.00,4.319116,104.03125
08:00:31,912810UB2,TSRYS5810883,D,S,T,2024-08-12,1000000.00,4.319116,104.03125
08:00:31,912810UB2,TSRYS5810883,D,S,T,2024-08-12,1000000.00,4.32027,104.015625
08:00:31,912810UB2,TSRYS5810883,D,S,T,2024-08-12,1000000.00,4.319116,104.03125
08:00:31,912810UB2,TSRYS5810883,D,S,T,2024-08-12,1000000.00,4.319116,104.03125
08:00:31,912810UB2,TSRYS5810883,D,S,T,2024-08-12,1000000.00,4.321424,104.0
08:00:31,912810UB2,TSRYS5810883,D,S,T,2024-08-12,1000000.00,4.321424,104.0
08:00:31,912810UB2,TSRYS5810883,D,S,T,2024-08-12,1000000.00,4.321424,104.0
08:00:31,912810UB2,TSRYS5810883,D,S,T,2024-08-12,1000000.00,4.321424,104.0
08:00:31,912810UB2,TSRYS5810883,D,S,T,2024-08-12,2000000.00,4.322578,103.984375
08:00:31,912810UB2,TSRYS5810883,D,S,T,2024-08-12,2000000.00,4.322578,103.984375
08:00:31,912810UB2,TSRYS5810883,D,S,T,2024-08-12,1000000.00,4.322578,103.984375
08:00:31,912810UB2,TSRYS5810883,D,S,T,2024-08-12,1000000.00,4.322578,103.984375
08:00:31,912810UB2,TSRYS5810883,D,S,T,2024-08-12,1000000.00,4.322578,103.984375
08:00:31,912810UB2,TSRYS5810883,D,S,T,2024-08-12,1000000.00,4.322578,103.984375
08:00:31,912810UB2,TSRYS5810883,D,S,T,2024-08-12,1000000.00,4.322578,103.984375
08:00:31,912810UB2,TSRYS5810883,D,S,T,2024-08-12,1000000.00,4.322578,103.984375
08:00:31,912810UB2,TSRYS5810883,D,S,T,2024-08-12,1000000.00,4.324886,103.953125
08:00:31,912810UB2,TSRYS5810883,D,S,T,2024-08-12,1000000.00,4.324886,103.953125
08:00:31,912810UB2,TSRYS5810883,D,S,T,2024-08-12,1000000.00,4.324886,103.953125
08:00:31,912810UB2,TSRYS5810883,D,S,T,2024-08-12,1000000.00,4.323732,103.96875
08:00:31,912810UB2,TSRYS5810883,D,S,T,2024-08-12,1000000.00,4.32027,104.015625
08:00:31,912810UB2,TSRYS5810883,D,S,T,2024-08-12,1000000.00,4.32027,104.015625
08:00:31,912810UB2,TSRYS5810883,D,S,T,2024-08-12,1000000.00,4.32027,104.015625
08:00:31,912810UB2,TSRYS5810883,D,S,T,2024-08-12,1000000.00,4.32027,104.015625
08:00:31,912810UB2,TSRYS5810883,D,S,T,2024-08-12,1000000.00,4.32027,104.015625
08:00:31,912810UB2,TSRYS5810883,D,S,T,2024-08-12,1000000.00,4.32027,104.015625
08:00:31,912810UB2,TSRYS5810883,D,S,T,2024-08-12,1000000.00,4.32027,104.015625
08:00:31,912810UB2,TSRYS5810883,D,S,T,2024-08-12,2000000.00,4.321424,104.0
08:00:32,912810UB2,TSRYS5810883,D,S,D,2024-08-12,1000000.00,4.322578,103.984375
08:00:32,912810UB2,TSRYS5810883,D,S,D,2024-08-12,2000000.00,4.322578,103.984375
08:00:32,912810UB2,TSRYS5810883,D,S,D,2024-08-12,2000000.00,4.322578,103.984375
08:00:33,912810UB2,TSRYS5810883,D,S,D,2024-08-12,1000000.00,4.313352,104.109375
08:00:36,912810UB2,TSRYS5810883,D,S,D,2024-08-12,1000000.00,4.322578,103.984375
08:00:36,912810UB2,TSRYS5810883,D,S,D,2024-08-12,1000000.00,4.324309,103.9609375
08:00:36,912810UB2,TSRYS5810883,D,S,A,2024-08-12,30000.00,4.323732,103.96875
08:00:36,912810UB2,TSRYS5810883,D,S,A,2024-08-12,120000.00,4.323155,103.9765625
08:00:36,912810UB2,TSRYS5810883,D,S,A,2024-08-12,20000.00,4.323443,103.97265625
08:00:36,912810UB2,TSRYS5810883,D,B,A,2024-08-12,165000.00,4.324895,103.953
08:00:36,912810UB2,TSRYS5810883,D,B,A,2024-08-12,5000.00,4.326004,103.938
08:00:37,912810UB2,TSRYS5810883,D,S,D,2024-08-12,907000.00,4.318806,104.03545625
08:00:37,912810UB2,TSRYS5810883,D,S,D,2024-08-12,1000000.00,4.319405,104.02734375
08:00:37,912810UB2,TSRYS5810883,D,S,D,2024-08-12,1000000.00,4.319405,104.02734375
08:00:38,912810UB2,TSRYS5810883,D,S,A,2024-08-12,4000000.00,4.318828,104.03515625
08:00:38,912810UB2,TSRYS5810883,D,S,D,2024-08-12,1000000.00,4.32027,104.015625
08:00:39,912810UB2,TSRYS5810883,D,S,A,2024-08-12,1000000.00,4.320244,104.015625
08:00:40,912810UB2,TSRYS5810883,D,B,C,2024-08-12,5850000.00,4.320558,104.01171875
08:00:41,912810UB2,TSRYS5810883,D,S,D,2024-08-12,1000000.00,4.324309,103.9609375
08:00:41,912810UB2,TSRYS5810883,D,B,A,2024-08-12,2710000.00,4.31364,104.10546875
08:00:42,912810UB2,TSRYS5810883,D,S,C,2024-08-12,2673000.00,4.319981,104.01953125
08:00:42,912810UB2,TSRYS5810883,D,S,D,2024-08-12,5850000.00,4.320558,104.01171875
08:00:50,912810UB2,TSRYS5810883,D,S,D,2024-08-12,1967000.00,4.319693,104.0234375
08:00:52,912810UB2,TSRYS5810883,D,S,T,2024-08-12,1000000.00,4.324309,103.9609375
08:00:56,912810UB2,TSRYS5810883,D,S,D,2024-08-12,20000.00,4.320011,104.01913125
08:00:56,912810UB2,TSRYS5810883,D,B,C,2024-08-12,20000.00,4.320011,103.99413125
08:00:59,912810UB2,TSRYS5810883,D,S,A,2024-08-12,30000.00,4.322578,103.984375
08:01:03,912810UB2,TSRYS5810883,D,S,A,2024-08-12,1330000.00,4.321063,104.004882812
08:01:03,912810UB2,TSRYS5810883,D,S,D,2024-08-12,250000.00,4.324309,103.9609375
08:01:03,912810UB2,TSRYS5810883,D,B,C,2024-08-12,1000000.00,4.316233,104.0703125
08:01:03,912810UB2,TSRYS5810883,D,S,D,2024-08-12,1000000.00,4.316233,104.0703125
08:01:03,912810UB2,TSRYS5810883,D,B,C,2024-08-12,1000000.00,4.315945,104.07421875
08:01:03,912810UB2,TSRYS5810883,D,S,C,2024-08-12,1000000.00,4.315945,104.07421875
08:01:03,912810UB2,TSRYS5810883,D,S,C,2024-08-12,1000000.00,4.316233,104.0703125
08:01:03,912810UB2,TSRYS5810883,D,S,D,2024-08-12,1000000.00,4.316233,104.0703125
08:01:03,912810UB2,TSRYS5810883,D,B,C,2024-08-12,1000000.00,4.316233,104.0703125
08:01:03,912810UB2,TSRYS5810883,D,B,C,2024-08-12,1000000.00,4.316233,104.0703125
08:01:03,912810UB2,TSRYS5810883,D,B,C,2024-08-12,1000000.00,4.315657,104.078125
08:01:03,912810UB2,TSRYS5810883,D,S,D,2024-08-12,1000000.00,4.315657,104.078125
08:01:04,912810UB2,TSRYS5810883,D,S,D,2024-08-12,1000000.00,4.326041,103.9375
08:01:04,912810UB2,TSRYS5810883,D,S,C,2024-08-12,1000000.00,4.322866,103.98046875
08:01:04,912810UB2,TSRYS5810883,D,S,D,2024-08-12,1000000.00,4.327773,103.9140625
08:01:04,912810UB2,TSRYS5810883,D,S,D,2024-08-12,1000000.00,4.32864,103.90234375
08:01:04,912810UB2,TSRYS5810883,D,S,D,2024-08-12,1000000.00,4.326618,103.9296875
08:01:04,912810UB2,TSRYS5810883,D,B,C,2024-08-12,1000000.00,4.326618,103.9296875
08:01:04,912810UB2,TSRYS5810883,D,S,D,2024-08-12,1000000.00,4.325752,103.94140625
08:01:05,912810UB2,TSRYS5810883,D,B,C,2024-08-12,1000000.00,4.32402,103.96484375
08:01:05,912810UB2,TSRYS5810883,D,S,D,2024-08-12,1000000.00,4.32402,103.96484375
08:01:05,912810UB2,TSRYS5810883,D,S,D,2024-08-12,1000000.00,4.324309,103.9609375
08:01:05,912810UB2,TSRYS5810883,D,S,D,2024-08-12,186000.00,4.321424,104.0
08:01:06,912810UB2,TSRYS5810883,D,S,D,2024-08-12,1000000.00,4.319405,104.02734375
08:01:06,912810UB2,TSRYS5810883,D,S,T,2024-08-12,1000000.00,4.319405,104.02734375
08:01:06,912810UB2,TSRYS5810883,D,S,D,2024-08-12,1000000.00,4.319405,104.02734375
08:01:06,912810UB2,TSRYS5810883,D,S,T,2024-08-12,1000000.00,4.319405,104.02734375
08:01:08,912810UB2,TSRYS5810883,D,S,D,2024-08-12,1000000.00,4.32027,104.015625
08:01:10,912810UB2,TSRYS5810883,D,B,C,2024-08-12,1000000.00,4.325464,103.9453125
08:01:10,912810UB2,TSRYS5810883,D,S,D,2024-08-12,1000000.00,4.325464,103.9453125
08:01:10,912810UB2,TSRYS5810883,D,S,C,2024-08-12,1000000.00,4.321135,104.00390625
08:01:10,912810UB2,TSRYS5810883,D,S,T,2024-08-12,1000000.00,4.320292,104.015325
08:01:11,912810UB2,TSRYS5810883,D,S,D,2024-08-12,1000000.00,4.319405,104.02734375
08:01:11,912810UB2,TSRYS5810883,D,S,D,2024-08-12,1000000.00,4.319405,104.02734375
08:01:11,912810UB2,TSRYS5810883,D,S,T,2024-08-12,1000000.00,4.319138,104.03095
08:01:11,912810UB2,TSRYS5810883,D,S,D,2024-08-12,1000000.00,4.32027,104.015625
08:01:12,912810UB2,TSRYS5810883,D,S,A,2024-08-12,290000.00,4.3122,104.125
08:01:12,912810UB2,TSRYS5810883,D,S,A,2024-08-12,112500.00,4.31419,104.09765625
08:01:12,912810UB2,TSRYS5810883,D,S,A,2024-08-12,2500.00,4.313352,104.109375
08:01:12,912810UB2,TSRYS5810883,D,S,A,2024-08-12,6400.00,4.316495,104.06640625
08:01:12,912810UB2,TSRYS5810883,D,S,A,2024-08-12,3000.00,4.326881,103.92578125
08:01:12,912810UB2,TSRYS5810883,D,S,A,2024-08-12,30000.00,4.326881,103.92578125
08:01:12,912810UB2,TSRYS5810883,D,S,A,2024-08-12,5000.00,4.324572,103.95703125
08:01:12,912810UB2,TSRYS5810883,D,S,A,2024-08-12,10000.00,4.328037,103.91015625
08:01:15,912810UB2,TSRYS5810883,D,S,D,2024-08-12,1000000.00,4.331095,103.86914062
08:01:15,912810UB2,TSRYS5810883,D,S,T,2024-08-12,1000000.00,4.327051,103.92382812
08:01:16,912810UB2,TSRYS5810883,D,S,D,2024-08-12,1000000.00,4.327196,103.921875
08:01:16,912810UB2,TSRYS5810883,D,S,T,2024-08-12,2000000.00,4.328062,103.91015625
08:01:16,912810UB2,TSRYS5810883,D,S,D,2024-08-12,1000000.00,4.32864,103.90234375
08:01:16,912810UB2,TSRYS5810883,D,S,D,2024-08-12,1000000.00,4.32864,103.90234375
08:01:16,912810UB2,TSRYS5810883,D,S,T,2024-08-12,1000000.00,4.32864,103.90234375
08:01:16,912810UB2,TSRYS5810883,D,S,D,2024-08-12,1000000.00,4.326041,103.9375
08:01:16,912810UB2,TSRYS5810883,D,S,T,2024-08-12,1000000.00,4.328062,103.91015625
08:01:16,912810UB2,TSRYS5810883,D,S,D,2024-08-12,1000000.00,4.326041,103.9375
08:01:16,912810UB2,TSRYS5810883,D,S,D,2024-08-12,1000000.00,4.328207,103.90820312
08:01:17,912810UB2,TSRYS5810883,D,S,T,2024-08-12,2000000.00,4.326907,103.92578125
08:01:17,912810UB2,TSRYS5810883,D,B,C,2024-08-12,2000000.00,4.326474,103.93164062
08:01:17,912810UB2,TSRYS5810883,D,S,D,2024-08-12,1000000.00,4.32734,103.91992187
08:01:17,912810UB2,TSRYS5810883,D,B,C,2024-08-12,1000000.00,4.326041,103.9375
08:01:17,912810UB2,TSRYS5810883,D,S,T,2024-08-12,1000000.00,4.326056,103.9373
08:01:17,912810UB2,TSRYS5810883,D,S,D,2024-08-12,1000000.00,4.324165,103.96289062
08:01:17,912810UB2,TSRYS5810883,D,B,C,2024-08-12,50MM+,4.326946,103.92526
08:01:17,912810UB2,TSRYS5810883,D,S,D,2024-08-12,1000000.00,4.324598,103.95703125
08:01:17,912810UB2,TSRYS5810883,D,S,D,2024-08-12,1000000.00,4.324742,103.95507812
08:01:17,912810UB2,TSRYS5810883,D,S,D,2024-08-12,2000000.00,4.322433,103.98632812
08:01:17,912810UB2,TSRYS5810883,D,S,D,2024-08-12,1000000.00,4.321424,104.0
08:01:17,912810UB2,TSRYS5810883,D,S,T,2024-08-12,1000000.00,4.321424,104.0
08:01:17,912810UB2,TSRYS5810883,D,S,C,2024-08-12,1000000.00,4.32301,103.97851562
08:01:18,912810UB2,TSRYS5810883,D,S,T,2024-08-12,1000000.00,4.330662,103.875
08:01:18,912810UB2,TSRYS5810883,D,S,C,2024-08-12,1000000.00,4.323155,103.9765625
08:01:18,912810UB2,TSRYS5810883,D,S,C,2024-08-12,1000000.00,4.323732,103.96875
08:01:18,912810UB2,TSRYS5810883,D,S,D,2024-08-12,1000000.00,4.323732,103.96875
08:01:18,912810UB2,TSRYS5810883,D,S,D,2024-08-12,1000000.00,4.323732,103.96875
08:01:18,912810UB2,TSRYS5810883,D,S,D,2024-08-12,1000000.00,4.323732,103.96875
08:01:18,912810UB2,TSRYS5810883,D,S,D,2024-08-12,1000000.00,4.323732,103.96875
08:01:18,912810UB2,TSRYS5810883,D,S,T,2024-08-12,1000000.00,4.322578,103.984375
08:01:18,912810UB2,TSRYS5810883,D,S,T,2024-08-12,1000000.00,4.322578,103.984375
08:01:18,912810UB2,TSRYS5810883,D,S,D,2024-08-12,1000000.00,4.322578,103.984375
08:01:18,912810UB2,TSRYS5810883,D,S,D,2024-08-12,1000000.00,4.322722,103.98242187
08:01:18,912810UB2,TSRYS5810883,D,S,D,2024-08-12,1000000.00,4.322866,103.98046875
08:01:18,912810UB2,TSRYS5810883,D,S,T,2024-08-12,1000000.00,4.323299,103.97460937
08:01:18,912810UB2,TSRYS5810883,D,S,C,2024-08-12,1000000.00,4.32402,103.96484375
08:01:18,912810UB2,TSRYS5810883,D,S,T,2024-08-12,1000000.00,4.323155,103.9765625
08:01:18,912810UB2,TSRYS5810883,D,S,T,2024-08-12,1000000.00,4.324453,103.95898437
08:01:18,912810UB2,TSRYS5810883,D,S,T,2024-08-12,1000000.00,4.326041,103.9375
08:01:18,912810UB2,TSRYS5810883,D,S,T,2024-08-12,1000000.00,4.327211,103.921675
08:01:19,912810UB2,TSRYS5810883,D,S,T,2024-08-12,1000000.00,4.329506,103.890625
08:01:19,912810UB2,TSRYS5810883,D,S,T,2024-08-12,1000000.00,4.329521,103.890425
08:01:19,912810UB2,TSRYS5810883,D,S,T,2024-08-12,1000000.00,4.329521,103.890425
08:01:19,912810UB2,TSRYS5810883,D,S,T,2024-08-12,1000000.00,4.329521,103.890425
08:01:19,912810UB2,TSRYS5810883,D,S,T,2024-08-12,1000000.00,4.329506,103.890625
08:01:19,912810UB2,TSRYS5810883,D,S,T,2024-08-12,1000000.00,4.329521,103.890425
08:01:19,912810UB2,TSRYS5810883,D,S,T,2024-08-12,1000000.00,4.330677,103.8748
08:01:19,912810UB2,TSRYS5810883,D,S,T,2024-08-12,1000000.00,4.330677,103.8748
08:01:19,912810UB2,TSRYS5810883,D,S,T,2024-08-12,1000000.00,4.330677,103.8748
08:01:19,912810UB2,TSRYS5810883,D,S,T,2024-08-12,1000000.00,4.332989,103.84355
08:01:19,912810UB2,TSRYS5810883,D,S,T,2024-08-12,1000000.00,4.332974,103.84375
08:01:19,912810UB2,TSRYS5810883,D,S,T,2024-08-12,1000000.00,4.332989,103.84355
08:01:19,912810UB2,TSRYS5810883,D,S,T,2024-08-12,1000000.00,4.332989,103.84355
08:01:19,912810UB2,TSRYS5810883,D,S,T,2024-08-12,1000000.00,4.333841,103.83203125
08:01:19,912810UB2,TSRYS5810883,D,S,T,2024-08-12,2000000.00,4.333841,103.83203125
08:01:23,912810UB2,TSRYS5810883,D,S,A,2024-08-12,5000.00,4.315081,104.0859375
08:01:24,912810UB2,TSRYS5810883,D,S,A,2024-08-12,13900.00,4.32284,103.98046875
08:01:24,912810UB2,TSRYS5810883,D,S,C,2024-08-12,1600000.00,4.315081,104.0859375
08:01:24,912810UB2,TSRYS5810883,D,S,A,2024-08-12,15000.00,4.330059,103.8828125
08:01:24,912810UB2,TSRYS5810883,D,S,A,2024-08-12,17800.00,4.32977,103.88671875
08:01:27,912810UB2,TSRYS5810883,D,S,A,2024-08-12,100000.00,4.313352,104.109375
08:01:27,912810UB2,TSRYS5810883,D,S,T,2024-08-12,1000000.00,4.319981,104.01953125
08:01:28,912810UB2,TSRYS5810883,D,S,T,2024-08-12,2000000.00,4.319405,104.02734375
08:01:28,912810UB2,TSRYS5810883,D,S,T,2024-08-12,2000000.00,4.319405,104.02734375
08:01:28,912810UB2,TSRYS5810883,D,S,D,2024-08-12,1000000.00,4.32027,104.015625
08:01:28,912810UB2,TSRYS5810883,D,S,T,2024-08-12,2000000.00,4.319405,104.02734375
08:01:28,912810UB2,TSRYS5810883,D,S,T,2024-08-12,1000000.00,4.319116,104.03125
08:01:28,912810UB2,TSRYS5810883,D,S,T,2024-08-12,1000000.00,4.319405,104.02734375
08:01:28,912810UB2,TSRYS5810883,D,S,D,2024-08-12,1000000.00,4.319693,104.0234375
08:01:28,912810UB2,TSRYS5810883,D,S,T,2024-08-12,1000000.00,4.318251,104.04296875
08:01:28,912810UB2,TSRYS5810883,D,S,T,2024-08-12,1000000.00,4.318251,104.04296875
08:01:28,912810UB2,TSRYS5810883,D,S,T,2024-08-12,1000000.00,4.319127,104.0311
08:01:28,912810UB2,TSRYS5810883,D,S,T,2024-08-12,1000000.00,4.320281,104.015475
08:01:28,912810UB2,TSRYS5810883,D,S,D,2024-08-12,50000.00,4.321971,103.9925875
08:01:28,912810UB2,TSRYS5810883,D,S,A,2024-08-12,40000.00,4.321975,103.9921875
08:01:28,912810UB2,TSRYS5810883,D,S,A,2024-08-12,40000.00,4.320244,104.015625
08:01:29,912810UB2,TSRYS5810883,D,S,A,2024-08-12,830000.00,4.319981,104.01953125
08:01:29,912810UB2,TSRYS5810883,D,S,A,2024-08-12,10200.00,4.31909,104.03125
08:01:30,912810UB2,TSRYS5810883,D,S,D,2024-08-12,240000.00,4.318251,104.04296875
08:01:30,912810UB2,TSRYS5810883,D,B,A,2024-08-12,13900.00,4.323417,103.97265625
08:01:31,912810UB2,TSRYS5810883,D,S,D,2024-08-12,1000000.00,4.316954,104.060546875
08:01:32,912810UB2,TSRYS5810883,D,B,C,2024-08-12,1000000.00,4.320991,104.00585937
08:01:32,912810UB2,TSRYS5810883,D,B,C,2024-08-12,1000000.00,4.320847,104.0078125
08:01:33,912810UB2,TSRYS5810883,D,S,D,2024-08-12,3000000.00,4.320772,104.00883
08:01:34,912810UB2,TSRYS5810883,D,S,T,2024-08-12,1000000.00,4.321424,104.0
08:01:34,912810UB2,TSRYS5810883,D,S,T,2024-08-12,1000000.00,4.321424,104.0
08:01:34,912810UB2,TSRYS5810883,D,S,T,2024-08-12,1000000.00,4.321435,103.99985
08:01:34,912810UB2,TSRYS5810883,D,S,T,2024-08-12,1000000.00,4.321435,103.99985
08:01:34,912810UB2,TSRYS5810883,D,S,T,2024-08-12,1000000.00,4.321435,103.99985
08:01:34,912810UB2,TSRYS5810883,D,S,T,2024-08-12,1000000.00,4.321435,103.99985
08:01:34,912810UB2,TSRYS5810883,D,S,T,2024-08-12,1000000.00,4.321435,103.99985
08:01:34,912810UB2,TSRYS5810883,D,S,T,2024-08-12,1000000.00,4.321424,104.0
08:01:34,912810UB2,TSRYS5810883,D,S,T,2024-08-12,1000000.00,4.321435,103.99985
08:01:34,912810UB2,TSRYS5810883,D,S,T,2024-08-12,1000000.00,4.323443,103.97265625
08:01:34,912810UB2,TSRYS5810883,D,S,T,2024-08-12,1000000.00,4.323443,103.97265625
08:01:34,912810UB2,TSRYS5810883,D,S,T,2024-08-12,1000000.00,4.323443,103.97265625
08:01:34,912810UB2,TSRYS5810883,D,S,T,2024-08-12,1000000.00,4.323443,103.97265625
08:01:35,912810UB2,TSRYS5810883,D,S,T,2024-08-12,1000000.00,4.323443,103.97265625
08:01:35,912810UB2,TSRYS5810883,D,S,T,2024-08-12,1000000.00,4.323443,103.97265625
08:01:35,912810UB2,TSRYS5810883,D,S,T,2024-08-12,2000000.00,4.323443,103.97265625
08:01:35,912810UB2,TSRYS5810883,D,S,T,2024-08-12,2000000.00,4.323443,103.97265625
08:01:35,912810UB2,TSRYS5810883,D,S,T,2024-08-12,1000000.00,4.323443,103.97265625
08:01:36,912810UB2,TSRYS5810883,D,S,A,2024-08-12,97300.00,4.323706,103.96875
08:01:36,912810UB2,TSRYS5810883,D,S,T,2024-08-12,1000000.00,4.319693,104.0234375
08:01:36,912810UB2,TSRYS5810883,D,S,D,2024-08-12,1000000.00,4.319693,104.0234375
08:01:36,912810UB2,TSRYS5810883,D,S,C,2024-08-12,50000.00,4.321971,104.0025875
08:01:36,912810UB2,TSRYS5810883,D,S,D,2024-08-12,1000000.00,4.32027,104.015625
08:01:38,912810UB2,TSRYS5810883,D,S,D,2024-08-12,1000000.00,4.326041,103.9375
08:01:38,912810UB2,TSRYS5810883,D,S,D,2024-08-12,1000000.00,4.326618,103.9296875
08:01:38,912810UB2,TSRYS5810883,D,S,A,2024-08-12,500000.00,4.319405,104.02734375
08:01:40,912810UB2,TSRYS5810883,D,S,D,2024-08-12,1000000.00,4.321424,104.0
08:01:43,912810UB2,TSRYS5810883,D,S,A,2024-08-12,13000.00,4.318828,104.03515625
08:01:44,912810UB2,TSRYS5810883,D,S,D,2024-08-12,1000000.00,4.322578,103.984375
08:01:44,912810UB2,TSRYS5810883,D,S,A,2024-08-12,170000.00,4.317675,104.05078125
08:01:44,912810UB2,TSRYS5810883,D,S,D,2024-08-12,1000000.00,4.322578,103.984375
08:01:44,912810UB2,TSRYS5810883,D,S,D,2024-08-12,1000000.00,4.323299,103.974609375
08:01:44,912810UB2,TSRYS5810883,D,S,C,2024-08-12,1000000.00,4.323155,103.9765625
08:01:44,912810UB2,TSRYS5810883,D,S,D,2024-08-12,1000000.00,4.324453,103.958984375
08:01:45,912810UB2,TSRYS5810883,D,S,D,2024-08-12,1000000.00,4.326041,103.9375
08:01:45,912810UB2,TSRYS5810883,D,S,D,2024-08-12,1000000.00,4.329506,103.890625
08:01:45,912810UB2,TSRYS5810883,D,S,D,2024-08-12,1000000.00,4.329506,103.890625
08:01:45,912810UB2,TSRYS5810883,D,S,C,2024-08-12,11000000.00,4.322764,103.98185
08:01:45,912810UB2,TSRYS5810883,D,S,D,2024-08-12,1000000.00,4.321135,104.00390625
08:01:45,912810UB2,TSRYS5810883,D,S,C,2024-08-12,2000000.00,4.321135,104.00390625
08:01:45,912810UB2,TSRYS5810883,D,S,D,2024-08-12,1000000.00,4.321135,104.00390625
08:01:45,912810UB2,TSRYS5810883,D,S,D,2024-08-12,1000000.00,4.321135,104.00390625
08:01:45,912810UB2,TSRYS5810883,D,S,D,2024-08-12,3000000.00,4.32027,104.015625
08:01:45,912810UB2,TSRYS5810883,D,S,D,2024-08-12,1000000.00,4.330662,103.875
08:01:45,912810UB2,TSRYS5810883,D,S,D,2024-08-12,1000000.00,4.32027,104.015625
08:01:45,912810UB2,TSRYS5810883,D,S,T,2024-08-12,1000000.00,4.320414,104.01367187
08:01:45,912810UB2,TSRYS5810883,D,S,D,2024-08-12,1000000.00,4.320414,104.01367187
08:01:45,912810UB2,TSRYS5810883,D,S,D,2024-08-12,1000000.00,4.32027,104.015625
08:01:45,912810UB2,TSRYS5810883,D,S,D,2024-08-12,1000000.00,4.32027,104.015625
08:01:45,912810UB2,TSRYS5810883,D,S,D,2024-08-12,1000000.00,4.32027,104.015625
08:01:45,912810UB2,TSRYS5810883,D,S,D,2024-08-12,1000000.00,4.320414,104.01367187
08:01:46,912810UB2,TSRYS5810883,D,S,T,2024-08-12,1000000.00,4.32027,104.015625
08:01:46,912810UB2,TSRYS5810883,D,S,D,2024-08-12,1000000.00,4.320414,104.01367187
08:01:46,912810UB2,TSRYS5810883,D,S,D,2024-08-12,1000000.00,4.320414,104.01367187
08:01:46,912810UB2,TSRYS5810883,D,S,D,2024-08-12,1000000.00,4.320414,104.01367187
08:01:46,912810UB2,TSRYS5810883,D,S,D,2024-08-12,1000000.00,4.332974,103.84375
08:01:46,912810UB2,TSRYS5810883,D,S,C,2024-08-12,2000000.00,4.333841,103.83203125
08:01:46,912810UB2,TSRYS5810883,D,S,C,2024-08-12,1000000.00,4.333841,103.83203125
08:01:46,912810UB2,TSRYS5810883,D,S,C,2024-08-12,750000.00,4.321424,104.002
08:01:46,912810UB2,TSRYS5810883,D,S,T,2024-08-12,3000000.00,4.321712,103.99609375
08:01:47,912810UB2,TSRYS5810883,D,S,D,2024-08-12,1000000.00,4.32027,104.015625
08:01:47,912810UB2,TSRYS5810883,D,S,D,2024-08-12,1000000.00,4.32027,104.015625
08:01:47,912810UB2,TSRYS5810883,D,S,D,2024-08-12,1000000.00,4.32027,104.015625
08:01:47,912810UB2,TSRYS5810883,D,B,C,2024-08-12,10000000.00,4.320661,104.01033
08:01:47,912810UB2,TSRYS5810883,D,S,T,2024-08-12,1000000.00,4.315657,104.078125
08:01:47,912810UB2,TSRYS5810883,D,S,T,2024-08-12,1000000.00,4.320285,104.015425
08:01:47,912810UB2,TSRYS5810883,D,S,T,2024-08-12,1000000.00,4.320285,104.015425
08:01:47,912810UB2,TSRYS5810883,D,S,D,2024-08-12,1000000.00,4.320414,104.01367187
08:01:53,912810UB2,TSRYS5810883,D,S,D,2024-08-12,2000000.00,4.328062,103.91015625
08:01:53,912810UB2,TSRYS5810883,D,S,D,2024-08-12,1000000.00,4.327773,103.9140625
08:01:53,912810UB2,TSRYS5810883,D,S,D,2024-08-12,1000000.00,4.32864,103.90234375
08:01:53,912810UB2,TSRYS5810883,D,S,D,2024-08-12,1000000.00,4.327918,103.912109375
08:01:53,912810UB2,TSRYS5810883,D,S,D,2024-08-12,1000000.00,4.328062,103.91015625
08:01:53,912810UB2,TSRYS5810883,D,S,D,2024-08-12,2000000.00,4.326907,103.92578125
08:01:53,912810UB2,TSRYS5810883,D,S,D,2024-08-12,1000000.00,4.327051,103.923828125
08:01:53,912810UB2,TSRYS5810883,D,S,D,2024-08-12,1000000.00,4.325031,103.951171875
08:01:53,912810UB2,TSRYS5810883,D,S,D,2024-08-12,1000000.00,4.324886,103.953125
08:01:53,912810UB2,TSRYS5810883,D,S,D,2024-08-12,1000000.00,4.324886,103.953125
08:01:53,912810UB2,TSRYS5810883,D,S,D,2024-08-12,1000000.00,4.324886,103.953125
08:01:53,912810UB2,TSRYS5810883,D,S,D,2024-08-12,1000000.00,4.324886,103.953125
08:01:53,912810UB2,TSRYS5810883,D,S,D,2024-08-12,1000000.00,4.324886,103.953125
08:01:53,912810UB2,TSRYS5810883,D,B,C,2024-08-12,2000000.00,4.324886,103.953125
08:01:53,912810UB2,TSRYS5810883,D,S,D,2024-08-12,2000000.00,4.324886,103.953125
08:01:53,912810UB2,TSRYS5810883,D,S,D,2024-08-12,1000000.00,4.324886,103.953125
08:01:53,912810UB2,TSRYS5810883,D,S,D,2024-08-12,95000.00,4.322001,103.9921875
08:01:54,912810UB2,TSRYS5810883,D,S,D,2024-08-12,15000000.00,4.320421,104.01358
08:01:55,912810UB2,TSRYS5810883,D,S,D,2024-08-12,1000000.00,4.326185,103.935546875
08:01:55,912810UB2,TSRYS5810883,D,S,T,2024-08-12,1000000.00,4.321568,103.998046875
08:01:56,912810UB2,TSRYS5810883,D,S,D,2024-08-12,1000000.00,4.322578,103.984375
08:01:56,912810UB2,TSRYS5810883,D,B,C,2024-08-12,1000000.00,4.322578,103.982375
08:01:56,912810UB2,TSRYS5810883,D,S,D,2024-08-12,1000000.00,4.325464,103.9453125
08:01:56,912810UB2,TSRYS5810883,D,S,D,2024-08-12,1000000.00,4.325464,103.9453125
08:01:58,912810UB2,TSRYS5810883,D,S,D,2024-08-12,1000000.00,4.3122,104.125
08:01:58,912810UB2,TSRYS5810883,D,S,D,2024-08-12,1000000.00,4.314504,104.09375
08:01:58,912810UB2,TSRYS5810883,D,B,C,2024-08-12,1000000.00,4.314504,104.09375
08:01:58,912810UB2,TSRYS5810883,D,B,C,2024-08-12,1000000.00,4.314504,104.09375
08:01:58,912810UB2,TSRYS5810883,D,B,C,2024-08-12,1000000.00,4.314504,104.09375
08:01:58,912810UB2,TSRYS5810883,D,S,C,2024-08-12,1000000.00,4.31449,104.09395
08:01:58,912810UB2,TSRYS5810883,D,S,C,2024-08-12,1000000.00,4.31449,104.09395
08:01:59,912810UB2,TSRYS5810883,D,S,C,2024-08-12,1000000.00,4.316795,104.0627
08:01:59,912810UB2,TSRYS5810883,D,B,C,2024-08-12,1000000.00,4.316821,104.06235
08:01:59,912810UB2,TSRYS5810883,D,B,C,2024-08-12,1000000.00,4.316821,104.06235
08:01:59,912810UB2,TSRYS5810883,D,S,C,2024-08-12,1000000.00,4.316795,104.0627
08:01:59,912810UB2,TSRYS5810883,D,S,D,2024-08-12,1000000.00,4.31681,104.0625
08:01:59,912810UB2,TSRYS5810883,D,S,D,2024-08-12,1000000.00,4.31681,104.0625
08:01:59,912810UB2,TSRYS5810883,D,B,C,2024-08-12,1000000.00,4.316821,104.06235
08:01:59,912810UB2,TSRYS5810883,D,B,C,2024-08-12,1000000.00,4.316817,104.0624
08:01:59,912810UB2,TSRYS5810883,D,S,D,2024-08-12,1000000.00,4.316802,104.062602
08:01:59,912810UB2,TSRYS5810883,D,S,D,2024-08-12,1000000.00,4.316802,104.062602
08:01:59,912810UB2,TSRYS5810883,D,B,C,2024-08-12,1000000.00,4.316817,104.0624
08:01:59,912810UB2,TSRYS5810883,D,S,D,2024-08-12,1000000.00,4.316802,104.062602
08:01:59,912810UB2,TSRYS5810883,D,B,C,2024-08-12,1000000.00,4.316817,104.0624
08:01:59,912810UB2,TSRYS5810883,D,B,C,2024-08-12,1000000.00,4.31681,104.0625
08:01:59,912810UB2,TSRYS5810883,D,S,D,2024-08-12,1000000.00,4.316802,104.062602
08:01:59,912810UB2,TSRYS5810883,D,S,D,2024-08-12,1000000.00,4.316802,104.062602
08:01:59,912810UB2,TSRYS5810883,D,S,D,2024-08-12,1000000.00,4.316802,104.062602
08:01:59,912810UB2,TSRYS5810883,D,B,C,2024-08-12,1000000.00,4.316817,104.0624
08:01:59,912810UB2,TSRYS5810883,D,B,C,2024-08-12,1000000.00,4.31681,104.0625
08:02:00,912810UB2,TSRYS5810883,D,B,C,2024-08-12,1000000.00,4.314512,104.09365
08:02:00,912810UB2,TSRYS5810883,D,S,D,2024-08-12,1000000.00,4.314497,104.093852
08:02:00,912810UB2,TSRYS5810883,D,B,C,2024-08-12,1000000.00,4.314504,104.09375
08:02:00,912810UB2,TSRYS5810883,D,S,D,2024-08-12,1000000.00,4.314497,104.093852
08:02:00,912810UB2,TSRYS5810883,D,B,C,2024-08-12,1000000.00,4.314519,104.09355
08:02:00,912810UB2,TSRYS5810883,D,S,D,2024-08-12,1000000.00,4.314497,104.093852
08:02:00,912810UB2,TSRYS5810883,D,S,D,2024-08-12,1000000.00,4.313344,104.109477
08:02:00,912810UB2,TSRYS5810883,D,B,C,2024-08-12,1000000.00,4.313352,104.109375
08:02:00,912810UB2,TSRYS5810883,D,S,D,2024-08-12,1000000.00,4.313344,104.109477
08:02:00,912810UB2,TSRYS5810883,D,B,C,2024-08-12,1000000.00,4.313365,104.1092
08:02:00,912810UB2,TSRYS5810883,D,B,C,2024-08-12,1000000.00,4.313367,104.109175
08:02:00,912810UB2,TSRYS5810883,D,S,D,2024-08-12,1000000.00,4.313344,104.109477
08:02:00,912810UB2,TSRYS5810883,D,B,C,2024-08-12,1000000.00,4.314519,104.09355
08:02:00,912810UB2,TSRYS5810883,D,B,C,2024-08-12,1000000.00,4.314504,104.09375
08:02:00,912810UB2,TSRYS5810883,D,S,D,2024-08-12,1000000.00,4.314497,104.093852
08:02:00,912810UB2,TSRYS5810883,D,S,D,2024-08-12,1000000.00,4.314497,104.093852
08:02:00,912810UB2,TSRYS5810883,D,S,T,2024-08-12,1000000.00,4.322289,103.98828125
08:02:00,912810UB2,TSRYS5810883,D,S,D,2024-08-12,1000000.00,4.31565,104.078227
08:02:00,912810UB2,TSRYS5810883,D,S,D,2024-08-12,1000000.00,4.31681,104.0625
08:02:00,912810UB2,TSRYS5810883,D,B,C,2024-08-12,1000000.00,4.316821,104.06235
08:02:00,912810UB2,TSRYS5810883,D,S,D,2024-08-12,1000000.00,4.314504,104.09375
08:02:00,912810UB2,TSRYS5810883,D,B,C,2024-08-12,1000000.00,4.314504,104.09375
08:02:01,912810UB2,TSRYS5810883,D,S,D,2024-08-12,11080000.00,4.319693,104.0234375
08:02:03,912810UB2,TSRYS5810883,D,S,D,2024-08-12,1000000.00,4.326041,103.9375
08:02:03,912810UB2,TSRYS5810883,D,S,D,2024-08-12,1000000.00,4.326041,103.9375
08:02:03,912810UB2,TSRYS5810883,D,B,C,2024-08-12,1000000.00,4.326048,103.9374
08:02:03,912810UB2,TSRYS5810883,D,S,D,2024-08-12,1000000.00,4.326041,103.9375
08:02:03,912810UB2,TSRYS5810883,D,S,D,2024-08-12,1000000.00,4.326041,103.9375
08:02:03,912810UB2,TSRYS5810883,D,S,D,2024-08-12,1000000.00,4.326041,103.9375
08:02:03,912810UB2,TSRYS5810883,D,B,C,2024-08-12,1000000.00,4.326052,103.93735
08:02:03,912810UB2,TSRYS5810883,D,S,D,2024-08-12,250000.00,4.326907,103.925781
08:02:05,912810UB2,TSRYS5810883,D,S,T,2024-08-12,1000000.00,4.3122,104.125
08:02:05,912810UB2,TSRYS5810883,D,S,T,2024-08-12,1000000.00,4.316954,104.060546875
08:02:05,912810UB2,TSRYS5810883,D,S,T,2024-08-12,1000000.00,4.316954,104.060546875
08:02:05,912810UB2,TSRYS5810883,D,S,T,2024-08-12,1000000.00,4.314504,104.09375
08:02:05,912810UB2,TSRYS5810883,D,S,T,2024-08-12,1000000.00,4.326041,103.9375
08:02:05,912810UB2,TSRYS5810883,D,S,T,2024-08-12,1000000.00,4.326041,103.9375
08:02:05,912810UB2,TSRYS5810883,D,S,T,2024-08-12,1000000.00,4.322578,103.984375
08:02:05,912810UB2,TSRYS5810883,D,S,T,2024-08-12,1000000.00,4.326041,103.9375
08:02:05,912810UB2,TSRYS5810883,D,S,T,2024-08-12,1000000.00,4.326041,103.9375
08:02:05,912810UB2,TSRYS5810883,D,S,T,2024-08-12,1000000.00,4.324886,103.953125
08:02:05,912810UB2,TSRYS5810883,D,S,T,2024-08-12,1000000.00,4.326041,103.9375
08:02:05,912810UB2,TSRYS5810883,D,S,T,2024-08-12,1000000.00,4.324886,103.953125
08:02:05,912810UB2,TSRYS5810883,D,S,T,2024-08-12,1000000.00,4.323732,103.96875
08:02:05,912810UB2,TSRYS5810883,D,S,T,2024-08-12,1000000.00,4.323732,103.96875
08:02:05,912810UB2,TSRYS5810883,D,S,T,2024-08-12,1000000.00,4.322578,103.984375
08:02:05,912810UB2,TSRYS5810883,D,S,T,2024-08-12,1000000.00,4.329506,103.890625
08:02:05,912810UB2,TSRYS5810883,D,S,T,2024-08-12,1000000.00,4.322578,103.984375
08:02:05,912810UB2,TSRYS5810883,D,S,T,2024-08-12,2000000.00,4.320847,104.0078125
08:02:05,912810UB2,TSRYS5810883,D,S,T,2024-08-12,1000000.00,4.320847,104.0078125
08:02:05,912810UB2,TSRYS5810883,D,S,T,2024-08-12,1000000.00,4.32027,104.015625
08:02:05,912810UB2,TSRYS5810883,D,S,T,2024-08-12,1000000.00,4.317963,104.046875
08:02:05,912810UB2,TSRYS5810883,D,S,T,2024-08-12,1000000.00,4.313352,104.109375
08:02:05,912810UB2,TSRYS5810883,D,S,T,2024-08-12,1000000.00,4.32027,104.015625
08:02:06,912810UB2,TSRYS5810883,D,S,T,2024-08-12,1000000.00,4.322578,103.984375
08:02:06,912810UB2,TSRYS5810883,D,S,T,2024-08-12,1000000.00,4.321424,104.0
08:02:06,912810UB2,TSRYS5810883,D,S,T,2024-08-12,1000000.00,4.321424,104.0
08:02:06,912810UB2,TSRYS5810883,D,S,T,2024-08-12,1000000.00,4.323732,103.96875
08:02:06,912810UB2,TSRYS5810883,D,S,T,2024-08-12,1000000.00,4.32027,104.015625
08:02:06,912810UB2,TSRYS5810883,D,S,T,2024-08-12,1000000.00,4.31926,104.029296875
08:02:06,912810UB2,TSRYS5810883,D,S,T,2024-08-12,1000000.00,4.32027,104.015625
08:02:06,912810UB2,TSRYS5810883,D,S,D,2024-08-12,50000.00,4.319146,104.03085
08:02:06,912810UB2,TSRYS5810883,D,B,C,2024-08-12,50000.00,4.319146,104.02085
08:02:16,912810UB2,TSRYS5810883,D,S,D,2024-08-12,1000000.00,4.320847,104.0078125
08:02:16,912810UB2,TSRYS5810883,D,S,D,2024-08-12,1000000.00,4.319693,104.0234375
08:02:16,912810UB2,TSRYS5810883,D,S,D,2024-08-12,1000000.00,4.320847,104.0078125
08:02:16,912810UB2,TSRYS5810883,D,S,D,2024-08-12,1000000.00,4.320847,104.0078125
08:02:16,912810UB2,TSRYS5810883,D,S,D,2024-08-12,2000000.00,4.320847,104.0078125
08:02:17,912810UB2,TSRYS5810883,D,S,D,2024-08-12,1000000.00,4.321424,104.0
08:02:17,912810UB2,TSRYS5810883,D,S,D,2024-08-12,1000000.00,4.323732,103.96875
08:02:17,912810UB2,TSRYS5810883,D,S,D,2024-08-12,1000000.00,4.326041,103.9375
08:02:17,912810UB2,TSRYS5810883,D,B,C,2024-08-12,1000000.00,4.326063,103.9372
08:02:18,912810UB2,TSRYS5810883,D,S,D,2024-08-12,1000000.00,4.319837,104.021484375
08:02:19,912810UB2,TSRYS5810883,D,S,D,2024-08-12,1000000.00,4.322578,103.984375
08:02:19,912810UB2,TSRYS5810883,D,S,D,2024-08-12,1000000.00,4.322578,103.984375
08:02:21,912810UB2,TSRYS5810883,D,S,D,2024-08-12,1000000.00,4.327196,103.921875
08:02:22,912810UB2,TSRYS5810883,D,S,D,2024-08-12,1000000.00,4.329506,103.890625
08:02:22,912810UB2,TSRYS5810883,D,S,D,2024-08-12,1000000.00,4.329506,103.890625
08:02:22,912810UB2,TSRYS5810883,D,S,C,2024-08-12,1000000.00,4.329492,103.890825
08:02:22,912810UB2,TSRYS5810883,D,S,D,2024-08-12,1000000.00,4.329506,103.890625
08:02:22,912810UB2,TSRYS5810883,D,S,C,2024-08-12,1000000.00,4.330649,103.875175
08:02:22,912810UB2,TSRYS5810883,D,S,C,2024-08-12,1000000.00,4.330647,103.8752
08:02:22,912810UB2,TSRYS5810883,D,S,C,2024-08-12,1000000.00,4.330647,103.8752
08:02:22,912810UB2,TSRYS5810883,D,S,D,2024-08-12,1000000.00,4.332974,103.84375
08:02:22,912810UB2,TSRYS5810883,D,S,C,2024-08-12,1000000.00,4.332961,103.843925
08:02:23,912810UB2,TSRYS5810883,D,S,C,2024-08-12,1000000.00,4.332959,103.84395
08:02:24,912810UB2,TSRYS5810883,D,B,C,2024-08-12,1000000.00,4.329521,103.890425
08:02:24,912810UB2,TSRYS5810883,D,S,D,2024-08-12,1000000.00,4.329506,103.890625
08:02:25,912810UB2,TSRYS5810883,D,S,D,2024-08-12,1000000.00,4.328351,103.90625
08:02:25,912810UB2,TSRYS5810883,D,B,C,2024-08-12,1000000.00,4.328366,103.90605
08:02:25,912810UB2,TSRYS5810883,D,B,C,2024-08-12,1000000.00,4.328351,103.90625
08:02:25,912810UB2,TSRYS5810883,D,S,C,2024-08-12,1000000.00,4.328351,103.90625
08:02:25,912810UB2,TSRYS5810883,D,S,D,2024-08-12,2000000.00,4.317386,104.0546875
08:02:25,912810UB2,TSRYS5810883,D,S,D,2024-08-12,1000000.00,4.326041,103.9375
08:02:25,912810UB2,TSRYS5810883,D,S,D,2024-08-12,1000000.00,4.326026,103.9377
08:02:25,912810UB2,TSRYS5810883,D,S,D,2024-08-12,1000000.00,4.324886,103.953125
08:02:25,912810UB2,TSRYS5810883,D,B,C,2024-08-12,1000000.00,4.324901,103.952925
08:02:25,912810UB2,TSRYS5810883,D,S,D,2024-08-12,1000000.00,4.326026,103.9377
08:02:25,912810UB2,TSRYS5810883,D,S,D,2024-08-12,1000000.00,4.324886,103.953125
08:02:25,912810UB2,TSRYS5810883,D,S,D,2024-08-12,1000000.00,4.326041,103.9375
08:02:25,912810UB2,TSRYS5810883,D,S,D,2024-08-12,1000000.00,4.326041,103.9375
08:02:27,912810UB2,TSRYS5810883,D,S,D,2024-08-12,1000000.00,4.319981,104.01953125
08:02:27,912810UB2,TSRYS5810883,D,S,D,2024-08-12,2000000.00,4.319405,104.02734375
08:02:27,912810UB2,TSRYS5810883,D,S,D,2024-08-12,2000000.00,4.319405,104.02734375
08:02:27,912810UB2,TSRYS5810883,D,S,D,2024-08-12,2000000.00,4.319405,104.02734375
08:02:28,912810UB2,TSRYS5810883,D,S,D,2024-08-12,1000000.00,4.319116,104.03125
08:02:28,912810UB2,TSRYS5810883,D,S,D,2024-08-12,1000000.00,4.319405,104.02734375
08:02:28,912810UB2,TSRYS5810883,D,S,D,2024-08-12,1000000.00,4.318251,104.04296875
08:02:28,912810UB2,TSRYS5810883,D,S,D,2024-08-12,1000000.00,4.318251,104.04296875
08:02:28,912810UB2,TSRYS5810883,D,S,D,2024-08-12,1000000.00,4.326041,103.9375
08:02:28,912810UB2,TSRYS5810883,D,B,C,2024-08-12,1000000.00,4.326041,103.9375
08:02:28,912810UB2,TSRYS5810883,D,S,D,2024-08-12,1000000.00,4.326041,103.9375
08:02:28,912810UB2,TSRYS5810883,D,S,D,2024-08-12,1000000.00,4.326041,103.9375
08:02:28,912810UB2,TSRYS5810883,D,B,C,2024-08-12,1000000.00,4.326056,103.9373
08:02:28,912810UB2,TSRYS5810883,D,S,D,2024-08-12,1000000.00,4.324886,103.953125
08:02:28,912810UB2,TSRYS5810883,D,S,D,2024-08-12,1000000.00,4.324886,103.953125
08:02:28,912810UB2,TSRYS5810883,D,S,D,2024-08-12,1000000.00,4.324886,103.953125
08:02:28,912810UB2,TSRYS5810883,D,B,C,2024-08-12,1000000.00,4.324901,103.952925
08:02:28,912810UB2,TSRYS5810883,D,S,D,2024-08-12,1000000.00,4.324886,103.953125
08:02:28,912810UB2,TSRYS5810883,D,B,C,2024-08-12,1000000.00,4.324901,103.952925
08:02:29,912810UB2,TSRYS5810883,D,B,C,2024-08-12,1000000.00,4.324886,103.953125
08:02:29,912810UB2,TSRYS5810883,D,B,C,2024-08-12,225000.00,4.329217,103.89453125
08:02:29,912810UB2,TSRYS5810883,D,S,D,2024-08-12,1000000.00,4.323732,103.96875
08:02:29,912810UB2,TSRYS5810883,D,B,C,2024-08-12,1000000.00,4.323743,103.968598
08:02:30,912810UB2,TSRYS5810883,D,B,C,2024-08-12,1000000.00,4.323732,103.96875
08:02:30,912810UB2,TSRYS5810883,D,S,C,2024-08-12,1000000.00,4.323732,103.96875
08:02:30,912810UB2,TSRYS5810883,D,S,D,2024-08-12,1000000.00,4.323722,103.96888
08:02:30,912810UB2,TSRYS5810883,D,S,D,2024-08-12,1000000.00,4.323722,103.96888
08:02:32,912810UB2,TSRYS5810883,D,S,C,2024-08-12,1000000.00,4.322563,103.984575
08:02:32,912810UB2,TSRYS5810883,D,S,D,2024-08-12,1000000.00,4.322578,103.984375
08:02:32,912810UB2,TSRYS5810883,D,S,D,2024-08-12,1000000.00,4.326041,103.9375
08:02:32,912810UB2,TSRYS5810883,D,B,C,2024-08-12,1000000.00,4.326041,103.9375
08:02:34,912810UB2,TSRYS5810883,D,S,D,2024-08-12,1000000.00,4.323155,103.9765625
08:02:34,912810UB2,TSRYS5810883,D,S,D,2024-08-12,1000000.00,4.323155,103.9765625
08:02:34,912810UB2,TSRYS5810883,D,S,T,2024-08-12,1000000.00,4.326041,103.9375
08:02:34,912810UB2,TSRYS5810883,D,S,T,2024-08-12,1000000.00,4.326041,103.9375
08:02:34,912810UB2,TSRYS5810883,D,S,D,2024-08-12,1000000.00,4.323155,103.9765625
08:02:36,912810UB2,TSRYS5810883,D,S,D,2024-08-12,1000000.00,4.329497,103.890755
08:02:38,912810UB2,TSRYS5810883,D,S,C,2024-08-12,1000000.00,4.324886,103.953125
08:02:38,912810UB2,TSRYS5810883,D,B,C,2024-08-12,1000000.00,4.324897,103.952973
08:02:39,912810UB2,TSRYS5810883,D,S,C,2024-08-12,1000000.00,4.322578,103.984375
08:02:40,912810UB2,TSRYS5810883,D,S,C,2024-08-12,1000000.00,4.32027,104.015625
08:02:43,912810UB2,TSRYS5810883,D,S,C,2024-08-12,1000000.00,4.321407,104.000225
08:02:44,912810UB2,TSRYS5810883,D,S,D,2024-08-12,1000000.00,4.32027,104.015625
08:02:46,912810UB2,TSRYS5810883,D,S,D,2024-08-12,1000000.00,4.319116,104.03125
08:02:46,912810UB2,TSRYS5810883,D,S,D,2024-08-12,1000000.00,4.320847,104.0078125
08:02:47,912810UB2,TSRYS5810883,D,S,C,2024-08-12,1000000.00,4.317948,104.047075
08:02:47,912810UB2,TSRYS5810883,D,S,D,2024-08-12,1000000.00,4.317963,104.046875
08:02:47,912810UB2,TSRYS5810883,D,S,D,2024-08-12,1000000.00,4.319116,104.03125
08:02:47,912810UB2,TSRYS5810883,D,S,D,2024-08-12,2000000.00,4.323155,103.9765625
08:02:47,912810UB2,TSRYS5810883,D,S,D,2024-08-12,1000000.00,4.323155,103.9765625
08:02:49,912810UB2,TSRYS5810883,D,S,C,2024-08-12,150000.00,4.323155,103.9765625
08:02:49,912810UB2,TSRYS5810883,D,S,D,2024-08-12,1000000.00,4.319116,104.03125
08:02:49,912810UB2,TSRYS5810883,D,S,D,2024-08-12,1000000.00,4.32027,104.015625
08:02:51,912810UB2,TSRYS5810883,D,S,D,2024-08-12,1000000.00,4.320126,104.017578125
08:02:53,912810UB2,TSRYS5810883,D,B,C,2024-08-12,1000000.00,4.313352,104.109375
08:02:53,912810UB2,TSRYS5810883,D,S,D,2024-08-12,1000000.00,4.313352,104.109375
08:02:53,912810UB2,TSRYS5810883,D,S,D,2024-08-12,1000000.00,4.313352,104.109375
08:02:53,912810UB2,TSRYS5810883,D,S,A,2024-08-12,1500000.00,4.32633,103.93359375
08:02:55,912810UB2,TSRYS5810883,D,S,C,2024-08-12,1000000.00,4.317948,104.047075
08:02:55,912810UB2,TSRYS5810883,D,B,C,2024-08-12,1000000.00,4.317974,104.046723
08:02:55,912810UB2,TSRYS5810883,D,B,C,2024-08-12,2000000.00,4.317963,104.046875
08:02:55,912810UB2,TSRYS5810883,D,S,D,2024-08-12,2000000.00,4.317963,104.046875
08:02:55,912810UB2,TSRYS5810883,D,S,D,2024-08-12,1000000.00,4.317963,104.046875
08:02:56,912810UB2,TSRYS5810883,D,S,D,2024-08-12,1000000.00,4.31681,104.0625
08:02:56,912810UB2,TSRYS5810883,D,B,C,2024-08-12,1000000.00,4.316821,104.062348
08:03:02,912810UB2,TSRYS5810883,D,B,C,2024-08-12,2000000.00,4.313352,104.109375
08:03:02,912810UB2,TSRYS5810883,D,S,D,2024-08-12,2000000.00,4.313339,104.109552
08:03:02,912810UB2,TSRYS5810883,D,B,C,2024-08-12,1000000.00,4.313367,104.109175
08:03:02,912810UB2,TSRYS5810883,D,S,D,2024-08-12,1000000.00,4.313339,104.109552
08:03:02,912810UB2,TSRYS5810883,D,S,D,2024-08-12,1000000.00,4.313339,104.109552
08:03:02,912810UB2,TSRYS5810883,D,S,D,2024-08-12,1000000.00,4.313339,104.109552
08:03:02,912810UB2,TSRYS5810883,D,S,D,2024-08-12,1000000.00,4.313339,104.109552
08:03:03,912810UB2,TSRYS5810883,D,S,D,2024-08-12,1000000.00,4.315657,104.078125
08:03:07,912810UB2,TSRYS5810883,D,S,D,2024-08-12,1000000.00,4.319109,104.031352
08:03:07,912810UB2,TSRYS5810883,D,S,D,2024-08-12,2000000.00,4.322289,103.98828125
08:03:08,912810UB2,TSRYS5810883,D,S,D,2024-08-12,1000000.00,4.322289,103.98828125
08:03:08,912810UB2,TSRYS5810883,D,S,D,2024-08-12,15000000.00,4.319454,104.02667
08:03:09,912810UB2,TSRYS5810883,D,S,A,2024-08-12,1000000.00,4.32027,104.015625
08:03:11,912810UB2,TSRYS5810883,D,S,D,2024-08-12,1000000.00,4.322001,103.9921875
08:03:11,912810UB2,TSRYS5810883,D,S,D,2024-08-12,1000000.00,4.322001,103.9921875
08:03:11,912810UB2,TSRYS5810883,D,S,T,2024-08-12,1000000.00,4.322145,103.990234375
08:03:11,912810UB2,TSRYS5810883,D,S,D,2024-08-12,1000000.00,4.322001,103.9921875
08:03:11,912810UB2,TSRYS5810883,D,S,T,2024-08-12,1000000.00,4.322145,103.990234375
08:03:11,912810UB2,TSRYS5810883,D,S,D,2024-08-12,2000000.00,4.322289,103.98828125
08:03:11,912810UB2,TSRYS5810883,D,S,D,2024-08-12,1000000.00,4.322145,103.990234375
08:03:11,912810UB2,TSRYS5810883,D,S,D,2024-08-12,1000000.00,4.322289,103.98828125
08:03:12,912810UB2,TSRYS5810883,D,S,D,2024-08-12,1000000.00,4.319116,104.03125
08:03:12,912810UB2,TSRYS5810883,D,S,D,2024-08-12,1000000.00,4.319116,104.03125
08:03:12,912810UB2,TSRYS5810883,D,S,D,2024-08-12,1000000.00,4.32027,104.015625
08:03:12,912810UB2,TSRYS5810883,D,S,D,2024-08-12,1000000.00,4.32027,104.015625
08:03:12,912810UB2,TSRYS5810883,D,S,D,2024-08-12,1000000.00,4.32027,104.015625
08:03:13,912810UB2,TSRYS5810883,D,S,D,2024-08-12,1000000.00,4.319116,104.03125
08:03:13,912810UB2,TSRYS5810883,D,S,D,2024-08-12,1000000.00,4.319116,104.03125
08:03:13,912810UB2,TSRYS5810883,D,B,C,2024-08-12,1000000.00,4.32027,104.015625
08:03:13,912810UB2,TSRYS5810883,D,S,D,2024-08-12,1000000.00,4.32027,104.015625
08:03:13,912810UB2,TSRYS5810883,D,B,C,2024-08-12,1000000.00,4.321424,104.0
08:03:13,912810UB2,TSRYS5810883,D,S,D,2024-08-12,1000000.00,4.321424,104.0
08:03:13,912810UB2,TSRYS5810883,D,S,D,2024-08-12,1000000.00,4.321424,104.0
08:03:13,912810UB2,TSRYS5810883,D,S,D,2024-08-12,1000000.00,4.321424,104.0
08:03:13,912810UB2,TSRYS5810883,D,B,C,2024-08-12,1000000.00,4.320283,104.01545
08:03:13,912810UB2,TSRYS5810883,D,S,D,2024-08-12,1000000.00,4.321424,104.0
08:03:13,912810UB2,TSRYS5810883,D,S,D,2024-08-12,1000000.00,4.32027,104.015625
08:03:14,912810UB2,TSRYS5810883,D,S,D,2024-08-12,1000000.00,4.321424,104.0
08:03:14,912810UB2,TSRYS5810883,D,S,D,2024-08-12,1000000.00,4.321424,104.0
08:03:14,912810UB2,TSRYS5810883,D,B,C,2024-08-12,1000000.00,4.321424,104.0
08:03:14,912810UB2,TSRYS5810883,D,S,D,2024-08-12,1000000.00,4.321424,104.0
08:03:14,912810UB2,TSRYS5810883,D,S,D,2024-08-12,1000000.00,4.321424,104.0
08:03:14,912810UB2,TSRYS5810883,D,S,D,2024-08-12,1000000.00,4.321424,104.0
08:03:14,912810UB2,TSRYS5810883,D,B,C,2024-08-12,1000000.00,4.321424,104.0
08:03:14,912810UB2,TSRYS5810883,D,S,D,2024-08-12,1000000.00,4.321424,104.0
08:03:14,912810UB2,TSRYS5810883,D,S,D,2024-08-12,1000000.00,4.322578,103.984375
08:03:15,912810UB2,TSRYS5810883,D,S,D,2024-08-12,1000000.00,4.322578,103.984375
08:03:15,912810UB2,TSRYS5810883,D,B,C,2024-08-12,1000000.00,4.322578,103.984375
08:03:15,912810UB2,TSRYS5810883,D,S,D,2024-08-12,1000000.00,4.322578,103.984375
08:03:15,912810UB2,TSRYS5810883,D,S,D,2024-08-12,1000000.00,4.322578,103.984375
08:03:15,912810UB2,TSRYS5810883,D,B,C,2024-08-12,1000000.00,4.322589,103.984225
08:03:15,912810UB2,TSRYS5810883,D,S,D,2024-08-12,1000000.00,4.322578,103.984375
08:03:16,912810UB2,TSRYS5810883,D,S,D,2024-08-12,2000000.00,4.322578,103.984375
08:03:16,912810UB2,TSRYS5810883,D,S,D,2024-08-12,2000000.00,4.322578,103.984375
08:03:16,912810UB2,TSRYS5810883,D,B,C,2024-08-12,1000000.00,4.322578,103.984375
08:03:16,912810UB2,TSRYS5810883,D,S,D,2024-08-12,1000000.00,4.322578,103.984375
08:03:16,912810UB2,TSRYS5810883,D,B,C,2024-08-12,1000000.00,4.322578,103.984375
08:03:16,912810UB2,TSRYS5810883,D,S,D,2024-08-12,1000000.00,4.322578,103.984375
08:03:17,912810UB2,TSRYS5810883,D,S,C,2024-08-12,5275000.00,4.318828,104.03515625
08:03:17,912810UB2,TSRYS5810883,D,S,D,2024-08-12,1000000.00,4.322145,103.990234375
08:03:17,912810UB2,TSRYS5810883,D,S,T,2024-08-12,1000000.00,4.322145,103.990234375
08:03:17,912810UB2,TSRYS5810883,D,S,D,2024-08-12,1000000.00,4.322145,103.990234375
08:03:17,912810UB2,TSRYS5810883,D,S,T,2024-08-12,1000000.00,4.322001,103.9921875
08:03:17,912810UB2,TSRYS5810883,D,S,T,2024-08-12,1000000.00,4.322001,103.9921875
08:03:17,912810UB2,TSRYS5810883,D,S,D,2024-08-12,1000000.00,4.322001,103.9921875
08:03:18,912810UB2,TSRYS5810883,D,B,C,2024-08-12,1000000.00,4.321424,104.0
08:03:18,912810UB2,TSRYS5810883,D,S,C,2024-08-12,1000000.00,4.321407,104.000225
08:03:18,912810UB2,TSRYS5810883,D,S,C,2024-08-12,1000000.00,4.321407,104.000225
08:03:18,912810UB2,TSRYS5810883,D,B,C,2024-08-12,1000000.00,4.321438,103.9998
08:03:18,912810UB2,TSRYS5810883,D,S,C,2024-08-12,1000000.00,4.321407,104.000225
08:03:18,912810UB2,TSRYS5810883,D,B,C,2024-08-12,1000000.00,4.321438,103.9998
08:03:18,912810UB2,TSRYS5810883,D,S,C,2024-08-12,1000000.00,4.321407,104.000225
08:03:19,912810UB2,TSRYS5810883,D,S,D,2024-08-12,1000000.00,4.322001,103.9921875
08:03:19,912810UB2,TSRYS5810883,D,S,C,2024-08-12,1000000.00,4.322561,103.9846
08:03:19,912810UB2,TSRYS5810883,D,B,C,2024-08-12,1000000.00,4.322578,103.984375
08:03:19,912810UB2,TSRYS5810883,D,B,C,2024-08-12,1000000.00,4.322592,103.984175
08:03:19,912810UB2,TSRYS5810883,D,S,C,2024-08-12,1000000.00,4.322561,103.9846
08:03:19,912810UB2,TSRYS5810883,D,S,C,2024-08-12,1000000.00,4.322561,103.9846
08:03:19,912810UB2,TSRYS5810883,D,B,C,2024-08-12,1000000.00,4.322591,103.9842
08:03:19,912810UB2,TSRYS5810883,D,S,D,2024-08-12,1000000.00,4.321424,104.0
08:03:19,912810UB2,TSRYS5810883,D,S,D,2024-08-12,1000000.00,4.321424,104.0
08:03:20,912810UB2,TSRYS5810883,D,S,D,2024-08-12,1000000.00,4.321424,104.0
08:03:20,912810UB2,TSRYS5810883,D,S,D,2024-08-12,1000000.00,4.321424,104.0
08:03:20,912810UB2,TSRYS5810883,D,S,D,2024-08-12,1000000.00,4.321424,104.0
08:03:20,912810UB2,TSRYS5810883,D,S,C,2024-08-12,2000000.00,4.322561,103.9846
08:03:20,912810UB2,TSRYS5810883,D,B,C,2024-08-12,2000000.00,4.322589,103.984225
08:03:20,912810UB2,TSRYS5810883,D,S,D,2024-08-12,1000000.00,4.321424,104.0
08:03:20,912810UB2,TSRYS5810883,D,S,D,2024-08-12,1000000.00,4.321424,104.0
08:03:20,912810UB2,TSRYS5810883,D,S,D,2024-08-12,1000000.00,4.321424,104.0
08:03:20,912810UB2,TSRYS5810883,D,S,D,2024-08-12,1000000.00,4.322578,103.984375
08:03:20,912810UB2,TSRYS5810883,D,S,D,2024-08-12,1000000.00,4.322578,103.984375
08:03:20,912810UB2,TSRYS5810883,D,S,D,2024-08-12,1000000.00,4.322578,103.984375
08:03:20,912810UB2,TSRYS5810883,D,S,D,2024-08-12,2000000.00,4.322578,103.984375
08:03:20,912810UB2,TSRYS5810883,D,B,C,2024-08-12,2000000.00,4.322589,103.984225
08:03:20,912810UB2,TSRYS5810883,D,B,C,2024-08-12,1000000.00,4.322592,103.984175
08:03:20,912810UB2,TSRYS5810883,D,S,D,2024-08-12,1000000.00,4.322578,103.984375
08:03:21,912810UB2,TSRYS5810883,D,B,C,2024-08-12,1000000.00,4.322578,103.984375
08:03:21,912810UB2,TSRYS5810883,D,S,D,2024-08-12,1000000.00,4.322578,103.984375
08:03:23,912810UB2,TSRYS5810883,D,S,D,2024-08-12,1000000.00,4.324886,103.953125
08:03:23,912810UB2,TSRYS5810883,D,S,D,2024-08-12,1000000.00,4.324886,103.953125
08:03:23,912810UB2,TSRYS5810883,D,S,D,2024-08-12,1000000.00,4.324886,103.953125
08:03:27,912810UB2,TSRYS5810883,D,S,C,2024-08-12,1000000.00,4.317072,104.05859375
08:03:27,912810UB2,TSRYS5810883,D,S,D,2024-08-12,1000000.00,4.321424,104.0
08:03:27,912810UB2,TSRYS5810883,D,B,C,2024-08-12,1000000.00,4.321424,104.0
08:03:27,912810UB2,TSRYS5810883,D,S,D,2024-08-12,1000000.00,4.322578,103.984375
08:03:27,912810UB2,TSRYS5810883,D,S,D,2024-08-12,1000000.00,4.322578,103.984375
08:03:27,912810UB2,TSRYS5810883,D,S,D,2024-08-12,1000000.00,4.321424,104.0
08:03:27,912810UB2,TSRYS5810883,D,S,D,2024-08-12,1000000.00,4.321424,104.0
08:03:27,912810UB2,TSRYS5810883,D,S,D,2024-08-12,1000000.00,4.322578,103.984375
08:03:27,912810UB2,TSRYS5810883,D,S,D,2024-08-12,1000000.00,4.322578,103.984375
08:03:27,912810UB2,TSRYS5810883,D,S,D,2024-08-12,1000000.00,4.321424,104.0
08:03:27,912810UB2,TSRYS5810883,D,S,D,2024-08-12,1000000.00,4.322578,103.984375
08:03:27,912810UB2,TSRYS5810883,D,S,D,2024-08-12,1000000.00,4.322578,103.984375
08:03:27,912810UB2,TSRYS5810883,D,S,D,2024-08-12,1000000.00,4.323443,103.97265625
08:03:27,912810UB2,TSRYS5810883,D,S,D,2024-08-12,1000000.00,4.323732,103.96875
08:03:28,912810UB2,TSRYS5810883,D,S,D,2024-08-12,1000000.00,4.323443,103.97265625
08:03:28,912810UB2,TSRYS5810883,D,S,C,2024-08-12,1000000.00,4.321413,104.00015
08:03:29,912810UB2,TSRYS5810883,D,S,C,2024-08-12,1000000.00,4.321413,104.00015
08:03:30,912810UB2,TSRYS5810883,D,S,D,2024-08-12,1000000.00,4.32027,104.015625
08:03:30,912810UB2,TSRYS5810883,D,S,D,2024-08-12,1000000.00,4.32027,104.015625
08:03:30,912810UB2,TSRYS5810883,D,S,D,2024-08-12,1000000.00,4.32027,104.015625
08:03:30,912810UB2,TSRYS5810883,D,B,C,2024-08-12,1000000.00,4.32027,104.015625
08:03:30,912810UB2,TSRYS5810883,D,S,C,2024-08-12,370000.00,4.315369,104.08203125
08:03:30,912810UB2,TSRYS5810883,D,S,T,2024-08-12,1000000.00,4.321424,104.0
08:03:30,912810UB2,TSRYS5810883,D,S,A,2024-08-12,500000.00,4.315081,104.0859375
08:03:30,912810UB2,TSRYS5810883,D,S,D,2024-08-12,1000000.00,4.32027,104.015625
08:03:30,912810UB2,TSRYS5810883,D,B,C,2024-08-12,1000000.00,4.32027,104.015625
08:03:30,912810UB2,TSRYS5810883,D,B,C,2024-08-12,1000000.00,4.320285,104.015425
08:03:30,912810UB2,TSRYS5810883,D,S,D,2024-08-12,1000000.00,4.32027,104.015625
08:03:30,912810UB2,TSRYS5810883,D,S,D,2024-08-12,1000000.00,4.32027,104.015625
08:03:30,912810UB2,TSRYS5810883,D,S,D,2024-08-12,1000000.00,4.32027,104.015625
08:03:30,912810UB2,TSRYS5810883,D,B,C,2024-08-12,1000000.00,4.320285,104.015425
08:03:30,912810UB2,TSRYS5810883,D,S,D,2024-08-12,1000000.00,4.32027,104.015625
08:03:30,912810UB2,TSRYS5810883,D,B,C,2024-08-12,1000000.00,4.320285,104.015425
08:03:31,912810UB2,TSRYS5810883,D,S,T,2024-08-12,1000000.00,4.321424,104.0
08:03:31,912810UB2,TSRYS5810883,D,S,D,2024-08-12,1000000.00,4.32027,104.015625
08:03:31,912810UB2,TSRYS5810883,D,S,D,2024-08-12,1000000.00,4.32027,104.015625
08:03:31,912810UB2,TSRYS5810883,D,B,C,2024-08-12,1000000.00,4.32027,104.015625
08:03:31,912810UB2,TSRYS5810883,D,S,D,2024-08-12,1000000.00,4.32027,104.015625
08:03:31,912810UB2,TSRYS5810883,D,S,D,2024-08-12,1000000.00,4.32027,104.015625
08:03:31,912810UB2,TSRYS5810883,D,S,D,2024-08-12,1000000.00,4.32027,104.015625
08:03:31,912810UB2,TSRYS5810883,D,S,D,2024-08-12,1000000.00,4.32027,104.015625
08:03:31,912810UB2,TSRYS5810883,D,B,C,2024-08-12,1000000.00,4.32027,104.015625
08:03:31,912810UB2,TSRYS5810883,D,S,D,2024-08-12,1000000.00,4.32027,104.015625
08:03:31,912810UB2,TSRYS5810883,D,S,D,2024-08-12,1000000.00,4.32027,104.015625
08:03:31,912810UB2,TSRYS5810883,D,S,C,2024-08-12,1000000.00,4.320255,104.015825
08:03:31,912810UB2,TSRYS5810883,D,S,C,2024-08-12,1000000.00,4.320259,104.015775
08:03:31,912810UB2,TSRYS5810883,D,S,C,2024-08-12,1000000.00,4.321409,104.0002
08:03:31,912810UB2,TSRYS5810883,D,S,D,2024-08-12,2000000.00,4.321424,104.0
08:03:31,912810UB2,TSRYS5810883,D,S,D,2024-08-12,1000000.00,4.32027,104.015625
08:03:31,912810UB2,TSRYS5810883,D,S,D,2024-08-12,1000000.00,4.32027,104.015625
08:03:31,912810UB2,TSRYS5810883,D,B,C,2024-08-12,1000000.00,4.320285,104.015425
08:03:31,912810UB2,TSRYS5810883,D,B,C,2024-08-12,1000000.00,4.320285,104.015425
08:03:31,912810UB2,TSRYS5810883,D,S,D,2024-08-12,1000000.00,4.32027,104.015625
08:03:31,912810UB2,TSRYS5810883,D,B,C,2024-08-12,1000000.00,4.32027,104.015625
08:03:31,912810UB2,TSRYS5810883,D,B,C,2024-08-12,3000000.00,4.32027,104.015625
08:03:31,912810UB2,TSRYS5810883,D,S,D,2024-08-12,3000000.00,4.32027,104.015625
08:03:32,912810UB2,TSRYS5810883,D,S,D,2024-08-12,1000000.00,4.319116,104.03125
08:03:32,912810UB2,TSRYS5810883,D,S,D,2024-08-12,1000000.00,4.323443,103.97265625
08:03:32,912810UB2,TSRYS5810883,D,B,C,2024-08-12,1000000.00,4.32027,104.015625
08:03:32,912810UB2,TSRYS5810883,D,B,C,2024-08-12,1000000.00,4.32027,104.015625
08:03:32,912810UB2,TSRYS5810883,D,S,D,2024-08-12,1000000.00,4.32027,104.015625
08:03:32,912810UB2,TSRYS5810883,D,S,C,2024-08-12,1000000.00,4.320255,104.015825
08:03:32,912810UB2,TSRYS5810883,D,S,D,2024-08-12,1000000.00,4.32027,104.015625
08:03:32,912810UB2,TSRYS5810883,D,S,D,2024-08-12,1000000.00,4.32027,104.015625
08:03:32,912810UB2,TSRYS5810883,D,S,D,2024-08-12,1000000.00,4.32027,104.015625
08:03:32,912810UB2,TSRYS5810883,D,S,D,2024-08-12,1000000.00,4.32027,104.015625
08:03:32,912810UB2,TSRYS5810883,D,S,D,2024-08-12,1000000.00,4.32027,104.015625
08:03:32,912810UB2,TSRYS5810883,D,B,C,2024-08-12,1000000.00,4.32027,104.015625
08:03:33,912810UB2,TSRYS5810883,D,S,D,2024-08-12,1000000.00,4.319116,104.03125
08:03:33,912810UB2,TSRYS5810883,D,S,D,2024-08-12,1000000.00,4.323443,103.97265625
08:03:33,912810UB2,TSRYS5810883,D,S,A,2024-08-12,6000000.00,4.313352,104.109375
08:03:33,912810UB2,TSRYS5810883,D,S,D,2024-08-12,1000000.00,4.323443,103.97265625
08:03:33,912810UB2,TSRYS5810883,D,S,D,2024-08-12,1000000.00,4.323443,103.97265625
08:03:33,912810UB2,TSRYS5810883,D,S,A,2024-08-12,1000000.00,4.313352,104.109375
08:03:33,912810UB2,TSRYS5810883,D,S,A,2024-08-12,2000000.00,4.313352,104.109375
08:03:33,912810UB2,TSRYS5810883,D,S,A,2024-08-12,1000000.00,4.313352,104.109375
08:03:33,912810UB2,TSRYS5810883,D,S,D,2024-08-12,2000000.00,4.323443,103.97265625
08:03:33,912810UB2,TSRYS5810883,D,S,D,2024-08-12,2000000.00,4.323443,103.97265625
08:03:33,912810UB2,TSRYS5810883,D,S,D,2024-08-12,1000000.00,4.32027,104.015625
08:03:33,912810UB2,TSRYS5810883,D,S,D,2024-08-12,1000000.00,4.320255,104.015825
08:03:33,912810UB2,TSRYS5810883,D,S,D,2024-08-12,1000000.00,4.320255,104.015825
08:03:33,912810UB2,TSRYS5810883,D,S,D,2024-08-12,1000000.00,4.320255,104.015825
08:03:33,912810UB2,TSRYS5810883,D,S,A,2024-08-12,200000.00,4.314216,104.09765625
08:03:34,912810UB2,TSRYS5810883,D,S,D,2024-08-12,1000000.00,4.32027,104.015625
08:03:34,912810UB2,TSRYS5810883,D,S,D,2024-08-12,1000000.00,4.32027,104.015625
08:03:34,912810UB2,TSRYS5810883,D,B,C,2024-08-12,1000000.00,4.32027,104.015625
08:03:34,912810UB2,TSRYS5810883,D,S,D,2024-08-12,1000000.00,4.322001,103.9921875
08:03:34,912810UB2,TSRYS5810883,D,S,D,2024-08-12,1000000.00,4.322001,103.9921875
08:03:34,912810UB2,TSRYS5810883,D,S,D,2024-08-12,1000000.00,4.322001,103.9921875
08:03:38,912810UB2,TSRYS5810883,D,S,D,2024-08-12,1000000.00,4.323732,103.96875
08:03:38,912810UB2,TSRYS5810883,D,S,D,2024-08-12,1000000.00,4.323443,103.97265625
08:03:41,912810UB2,TSRYS5810883,D,S,T,2024-08-12,1000000.00,4.321446,103.9997
08:03:43,912810UB2,TSRYS5810883,D,S,D,2024-08-12,1000000.00,4.322563,103.984575
08:03:43,912810UB2,TSRYS5810883,D,S,D,2024-08-12,1000000.00,4.322563,103.984575
08:03:43,912810UB2,TSRYS5810883,D,S,T,2024-08-12,1000000.00,4.322589,103.984225
08:03:44,912810UB2,TSRYS5810883,D,S,D,2024-08-12,1000000.00,4.324309,103.9609375
08:03:46,912810UB2,TSRYS5810883,D,S,T,2024-08-12,1000000.00,4.322589,103.984225
08:03:46,912810UB2,TSRYS5810883,D,S,D,2024-08-12,1000000.00,4.321424,104.0
08:03:47,912810UB2,TSRYS5810883,D,S,D,2024-08-12,1000000.00,4.321279,104.001953125
08:03:47,912810UB2,TSRYS5810883,D,S,D,2024-08-12,1000000.00,4.322289,103.98828125
08:03:47,912810UB2,TSRYS5810883,D,S,D,2024-08-12,1000000.00,4.322433,103.986328125
08:03:53,912810UB2,TSRYS5810883,D,S,D,2024-08-12,1000000.00,4.322289,103.98828125
08:03:53,912810UB2,TSRYS5810883,D,S,D,2024-08-12,2000000.00,4.322145,103.990234375
08:03:56,912810UB2,TSRYS5810883,D,S,D,2024-08-12,1000000.00,4.320414,104.013671875
08:03:57,912810UB2,TSRYS5810883,D,S,D,2024-08-12,1000000.00,4.32027,104.015625
08:03:58,912810UB2,TSRYS5810883,D,S,D,2024-08-12,1000000.00,4.319693,104.0234375
08:03:59,912810UB2,TSRYS5810883,D,S,D,2024-08-12,1000000.00,4.319405,104.02734375
08:03:59,912810UB2,TSRYS5810883,D,S,D,2024-08-12,1000000.00,4.31926,104.029296875
08:03:59,912810UB2,TSRYS5810883,D,S,D,2024-08-12,1000000.00,4.319405,104.02734375
08:04:11,912810UB2,TSRYS5810883,D,S,C,2024-08-12,4600000.00,4.323732,103.96875
08:04:13,912810UB2,TSRYS5810883,D,S,D,2024-08-12,3000000.00,4.321712,103.99609375
08:04:13,912810UB2,TSRYS5810883,D,S,D,2024-08-12,1000000.00,4.321568,103.998046875
08:04:14,912810UB2,TSRYS5810883,D,S,D,2024-08-12,1000000.00,4.322145,103.990234375
08:04:14,912810UB2,TSRYS5810883,D,S,D,2024-08-12,1000000.00,4.322145,103.990234375
08:04:14,912810UB2,TSRYS5810883,D,S,D,2024-08-12,1000000.00,4.322145,103.990234375
08:04:14,912810UB2,TSRYS5810883,D,S,D,2024-08-12,1000000.00,4.322001,103.9921875
08:04:14,912810UB2,TSRYS5810883,D,S,D,2024-08-12,1000000.00,4.322001,103.9921875
08:04:26,912810UB2,TSRYS5810883,D,B,C,2024-08-12,1600000.00,4.315081,104.0859375
08:04:29,912810UB2,TSRYS5810883,D,S,D,2024-08-12,1000000.00,4.321424,104.0
08:04:36,912810UB2,TSRYS5810883,D,S,T,2024-08-12,1000000.00,4.32027,104.015625
08:04:43,912810UB2,TSRYS5810883,D,B,C,2024-08-12,2000000.00,4.321424,104.0
08:04:43,912810UB2,TSRYS5810883,D,S,D,2024-08-12,2000000.00,4.321409,104.0002
08:05:00,912810UB2,TSRYS5810883,D,S,T,2024-08-12,1000000.00,4.321424,104.0
08:05:00,912810UB2,TSRYS5810883,D,S,T,2024-08-12,1000000.00,4.321424,104.0
08:05:05,912810UB2,TSRYS5810883,D,S,C,2024-08-12,50000000.00,4.321789,103.99505
08:05:06,912810UB2,TSRYS5810883,D,S,T,2024-08-12,1000000.00,4.320292,104.015325
08:05:13,912810UB2,TSRYS5810883,D,S,D,2024-08-12,1000000.00,4.32027,104.015625
08:05:31,912810UB2,TSRYS5810883,D,B,C,2024-08-12,1000000.00,4.321437,103.999825
08:05:31,912810UB2,TSRYS5810883,D,S,D,2024-08-12,1000000.00,4.321412,104.000152
08:05:36,912810UB2,TSRYS5810883,D,S,T,2024-08-12,1000000.00,4.319116,104.03125
08:05:45,912810UB2,TSRYS5810883,D,S,D,2024-08-12,1000000.00,4.321424,104.0
08:05:45,912810UB2,TSRYS5810883,D,S,D,2024-08-12,1000000.00,4.321424,104.0
08:06:00,912810UB2,TSRYS5810883,D,S,D,2024-08-12,1000000.00,4.32027,104.015625
08:06:01,912810UB2,TSRYS5810883,D,B,A,2024-08-12,388000.00,4.323732,103.96875
08:06:14,912810UB2,TSRYS5810883,D,S,D,2024-08-12,1000000.00,4.319116,104.03125
08:06:14,912810UB2,TSRYS5810883,D,S,D,2024-08-12,1000000.00,4.319116,104.03125
08:06:14,912810UB2,TSRYS5810883,D,B,C,2024-08-12,1000000.00,4.319129,104.031075
08:06:41,912810UB2,TSRYS5810883,D,S,C,2024-08-12,4400000.00,4.319981,104.01953125
08:07:07,912810UB2,TSRYS5810883,D,S,T,2024-08-12,1000000.00,4.32027,104.015625
08:07:07,912810UB2,TSRYS5810883,D,S,T,2024-08-12,1000000.00,4.32027,104.015625
08:07:15,912810UB2,TSRYS5810883,D,S,D,2024-08-12,1000000.00,4.320257,104.015802
08:07:29,912810UB2,TSRYS5810883,D,S,D,2024-08-12,1000000.00,4.32027,104.015625
08:07:29,912810UB2,TSRYS5810883,D,S,D,2024-08-12,1000000.00,4.32027,104.015625
08:07:46,912810UB2,TSRYS5810883,D,S,T,2024-08-12,1000000.00,4.32027,104.015625
08:07:50,912810UB2,TSRYS5810883,D,S,T,2024-08-12,1000000.00,4.320292,104.015325
08:07:56,912810UB2,TSRYS5810883,D,B,C,2024-08-12,1000000.00,4.319116,104.03125
08:07:56,912810UB2,TSRYS5810883,D,S,D,2024-08-12,1000000.00,4.319116,104.03125
08:07:57,912810UB2,TSRYS5810883,D,S,D,2024-08-12,1000000.00,4.317386,104.0546875
08:07:57,912810UB2,TSRYS5810883,D,B,C,2024-08-12,1000000.00,4.317386,104.0546875
08:07:57,912810UB2,TSRYS5810883,D,S,D,2024-08-12,1000000.00,4.317098,104.05859375
08:07:57,912810UB2,TSRYS5810883,D,B,C,2024-08-12,1000000.00,4.317098,104.05859375
08:07:57,912810UB2,TSRYS5810883,D,S,D,2024-08-12,1000000.00,4.317386,104.0546875
08:07:57,912810UB2,TSRYS5810883,D,B,C,2024-08-12,1000000.00,4.317386,104.0546875
08:07:57,912810UB2,TSRYS5810883,D,S,T,2024-08-12,1000000.00,4.32027,104.015625
08:07:59,912810UB2,TSRYS5810883,D,S,A,2024-08-12,3000000.00,4.319405,104.02734375
08:08:01,912810UB2,TSRYS5810883,D,S,D,2024-08-12,1000000.00,4.317675,104.05078125
08:08:25,912810UB2,TSRYS5810883,D,S,T,2024-08-12,1000000.00,4.317675,104.05078125
08:08:29,912810UB2,TSRYS5810883,D,S,D,2024-08-12,1000000.00,4.317098,104.05859375
08:08:30,912810UB2,TSRYS5810883,D,S,D,2024-08-12,1000000.00,4.32027,104.015625
08:08:30,912810UB2,TSRYS5810883,D,S,C,2024-08-12,1000000.00,4.320259,104.015775
08:08:47,912810UB2,TSRYS5810883,D,S,C,2024-08-12,1000000.00,4.319116,104.03125
08:08:47,912810UB2,TSRYS5810883,D,B,C,2024-08-12,1000000.00,4.319129,104.031075
08:08:47,912810UB2,TSRYS5810883,D,S,T,2024-08-12,1000000.00,4.315657,104.078125
08:08:47,912810UB2,TSRYS5810883,D,B,C,2024-08-12,1000000.00,4.319129,104.031075
08:08:47,912810UB2,TSRYS5810883,D,S,C,2024-08-12,1000000.00,4.319116,104.03125
08:08:47,912810UB2,TSRYS5810883,D,S,D,2024-08-12,1000000.00,4.31681,104.0625
08:08:47,912810UB2,TSRYS5810883,D,B,C,2024-08-12,1000000.00,4.316823,104.062325
08:08:48,912810UB2,TSRYS5810883,D,B,C,2024-08-12,6000000.00,4.31936,104.02794583333
08:08:48,912810UB2,TSRYS5810883,D,S,T,2024-08-12,1000000.00,4.314527,104.09345
08:08:57,912810UB2,TSRYS5810883,D,S,T,2024-08-12,1000000.00,4.315657,104.078125
08:08:57,912810UB2,TSRYS5810883,D,S,T,2024-08-12,1000000.00,4.314504,104.09375
08:08:57,912810UB2,TSRYS5810883,D,S,T,2024-08-12,1000000.00,4.314504,104.09375
08:08:57,912810UB2,TSRYS5810883,D,S,D,2024-08-12,1000000.00,4.316954,104.060546875
08:08:58,912810UB2,TSRYS5810883,D,B,C,2024-08-12,1000000.00,4.314504,104.09375
08:08:58,912810UB2,TSRYS5810883,D,S,D,2024-08-12,1000000.00,4.314504,104.09375
08:08:58,912810UB2,TSRYS5810883,D,S,D,2024-08-12,1000000.00,4.314504,104.09375
08:08:58,912810UB2,TSRYS5810883,D,B,C,2024-08-12,1000000.00,4.314504,104.09375
08:08:58,912810UB2,TSRYS5810883,D,S,D,2024-08-12,1000000.00,4.314504,104.09375
08:09:11,912810UB2,TSRYS5810883,D,S,D,2024-08-12,2000000.00,4.320837,104.0079375
08:09:11,912810UB2,TSRYS5810883,D,S,D,2024-08-12,1000000.00,4.320261,104.01575
08:09:11,912810UB2,TSRYS5810883,D,S,D,2024-08-12,2000000.00,4.320837,104.0079375
08:09:12,912810UB2,TSRYS5810883,D,S,D,2024-08-12,1000000.00,4.319828,104.021609375
08:09:16,912810UB2,TSRYS5810883,D,S,D,2024-08-12,1000000.00,4.315657,104.078125
08:09:16,912810UB2,TSRYS5810883,D,S,D,2024-08-12,1000000.00,4.315657,104.078125
08:09:16,912810UB2,TSRYS5810883,D,B,C,2024-08-12,1000000.00,4.31567,104.07795
08:09:16,912810UB2,TSRYS5810883,D,S,D,2024-08-12,1000000.00,4.315657,104.078125
08:09:21,912810UB2,TSRYS5810883,D,S,D,2024-08-12,1000000.00,4.313352,104.109375
08:09:21,912810UB2,TSRYS5810883,D,S,C,2024-08-12,1000000.00,4.315081,104.0859375
08:09:28,912810UB2,TSRYS5810883,D,S,D,2024-08-12,1000000.00,4.321414,104.000125
08:09:28,912810UB2,TSRYS5810883,D,B,C,2024-08-12,1000000.00,4.321424,104.0
08:09:28,912810UB2,TSRYS5810883,D,S,D,2024-08-12,1000000.00,4.321414,104.000125
08:09:28,912810UB2,TSRYS5810883,D,S,D,2024-08-12,1000000.00,4.322568,103.9845
08:09:31,912810UB2,TSRYS5810883,D,S,D,2024-08-12,1000000.00,4.314504,104.09375
08:09:31,912810UB2,TSRYS5810883,D,S,D,2024-08-12,1000000.00,4.314504,104.09375
08:09:31,912810UB2,TSRYS5810883,D,S,D,2024-08-12,1000000.00,4.314504,104.09375
08:09:35,912810UB2,TSRYS5810883,D,S,C,2024-08-12,1000000.00,4.324598,103.95703125
08:09:35,912810UB2,TSRYS5810883,D,B,C,2024-08-12,1000000.00,4.324609,103.95688125
08:09:36,912810UB2,TSRYS5810883,D,S,C,2024-08-12,1000000.00,4.325897,103.939453125
08:09:36,912810UB2,TSRYS5810883,D,B,C,2024-08-12,1000000.00,4.325908,103.939303125
08:09:42,912810UB2,TSRYS5810883,D,B,A,2024-08-12,12400000.00,4.315945,104.07421875
08:09:42,912810UB2,TSRYS5810883,D,B,C,2024-08-12,1000000.00,4.320414,104.013671875
08:09:42,912810UB2,TSRYS5810883,D,S,D,2024-08-12,1000000.00,4.320414,104.013671875
08:09:42,912810UB2,TSRYS5810883,D,B,C,2024-08-12,1000000.00,4.320281,104.015475
08:09:42,912810UB2,TSRYS5810883,D,S,D,2024-08-12,2000000.00,4.32027,104.015625
08:09:42,912810UB2,TSRYS5810883,D,B,C,2024-08-12,1000000.00,4.319845,104.021384375
08:09:42,912810UB2,TSRYS5810883,D,S,D,2024-08-12,1000000.00,4.319837,104.021484375
08:09:42,912810UB2,TSRYS5810883,D,S,D,2024-08-12,1000000.00,4.319693,104.0234375
08:09:43,912810UB2,TSRYS5810883,D,S,D,2024-08-12,1000000.00,4.319116,104.03125
08:09:43,912810UB2,TSRYS5810883,D,B,C,2024-08-12,1000000.00,4.320281,104.015475
08:09:43,912810UB2,TSRYS5810883,D,S,D,2024-08-12,1000000.00,4.32027,104.015625
08:09:44,912810UB2,TSRYS5810883,D,S,D,2024-08-12,1000000.00,4.320991,104.005859375
08:09:44,912810UB2,TSRYS5810883,D,B,C,2024-08-12,1000000.00,4.321002,104.005709375
08:09:45,912810UB2,TSRYS5810883,D,S,D,2024-08-12,1000000.00,4.321424,104.0
08:09:45,912810UB2,TSRYS5810883,D,S,C,2024-08-12,1000000.00,4.321424,104.0
08:09:45,912810UB2,TSRYS5810883,D,B,C,2024-08-12,1000000.00,4.322589,103.984225
08:09:45,912810UB2,TSRYS5810883,D,S,D,2024-08-12,1000000.00,4.322578,103.984375
08:09:47,912810UB2,TSRYS5810883,D,S,D,2024-08-12,1000000.00,4.320126,104.017578125
08:09:47,912810UB2,TSRYS5810883,D,B,C,2024-08-12,1000000.00,4.320137,104.017428125
08:09:47,912810UB2,TSRYS5810883,D,B,C,2024-08-12,1000000.00,4.319268,104.029196875
08:09:47,912810UB2,TSRYS5810883,D,S,C,2024-08-12,1000000.00,4.31926,104.029296875
08:09:48,912810UB2,TSRYS5810883,D,B,C,2024-08-12,1000000.00,4.315376,104.08193125
08:09:48,912810UB2,TSRYS5810883,D,S,D,2024-08-12,1000000.00,4.315369,104.08203125
08:09:55,912810UB2,TSRYS5810883,D,S,T,2024-08-12,1000000.00,4.315667,104.077995
08:10:18,912810UB2,TSRYS5810883,D,S,D,2024-08-12,1000000.00,4.315657,104.078125
08:10:53,912810UB2,TSRYS5810883,D,S,T,2024-08-12,2000000.00,4.313784,104.103515625
08:10:53,912810UB2,TSRYS5810883,D,S,C,2024-08-12,2000000.00,4.313784,104.103515625
08:10:58,912810UB2,TSRYS5810883,D,S,T,2024-08-12,1000000.00,4.314504,104.09375
08:11:18,912810UB2,TSRYS5810883,D,S,D,2024-08-12,1000000.00,4.314504,104.09375
08:12:19,912810UB2,TSRYS5810883,D,S,T,2024-08-12,1000000.00,4.311048,104.140625
08:12:29,912810UB2,TSRYS5810883,D,S,T,2024-08-12,1000000.00,4.311048,104.140625
08:12:32,912810UB2,TSRYS5810883,D,S,C,2024-08-12,1000000.00,4.311037,104.140775
08:12:55,912810UB2,TSRYS5810883,D,S,C,2024-08-12,1000000.00,4.310904,104.142578125
08:12:55,912810UB2,TSRYS5810883,D,S,D,2024-08-12,1000000.00,4.310904,104.142578125
08:12:58,912810UB2,TSRYS5810883,D,S,D,2024-08-12,1000000.00,4.311048,104.140625
08:13:06,912810UB2,TSRYS5810883,D,S,D,2024-08-12,1000000.00,4.311048,104.140625
08:13:09,912810UB2,TSRYS5810883,D,S,T,2024-08-12,2000000.00,4.310904,104.142578125
08:13:10,912810UB2,TSRYS5810883,D,S,T,2024-08-12,1000000.00,4.311048,104.140625
08:13:19,912810UB2,TSRYS5810883,D,S,D,2024-08-12,1000000.00,4.311035,104.140802
08:13:29,912810UB2,TSRYS5810883,D,S,T,2024-08-12,1000000.00,4.311048,104.140625
08:13:39,912810UB2,TSRYS5810883,D,S,T,2024-08-12,1000000.00,4.311048,104.140625
08:14:03,912810UB2,TSRYS5810883,D,B,A,2024-08-12,12400000.00,4.31076,104.14453125
08:14:18,912810UB2,TSRYS5810883,D,S,C,2024-08-12,1000000.00,4.311048,104.140625
08:14:50,912810UB2,TSRYS5810883,D,S,T,2024-08-12,1000000.00,4.310616,104.146484375
08:14:53,912810UB2,TSRYS5810883,D,S,D,2024-08-12,1000000.00,4.310616,104.146484375
08:15:24,912810UB2,TSRYS5810883,D,B,C,2024-08-12,1000000.00,4.311192,104.138671875
08:15:24,912810UB2,TSRYS5810883,D,B,C,2024-08-12,1000000.00,4.311192,104.138671875
08:16:31,912810UB2,TSRYS5810883,D,B,C,2024-08-12,1000000.00,4.315081,104.0859375
08:16:31,912810UB2,TSRYS5810883,D,S,D,2024-08-12,1000000.00,4.315081,104.0859375
08:17:04,912810UB2,TSRYS5810883,D,B,C,2024-08-12,1000000.00,4.315081,104.0859375
08:17:04,912810UB2,TSRYS5810883,D,S,D,2024-08-12,1000000.00,4.315081,104.0859375
08:17:19,912810UB2,TSRYS5810883,D,S,D,2024-08-12,1000000.00,4.31511,104.0855375
08:17:19,912810UB2,TSRYS5810883,D,B,C,2024-08-12,1000000.00,4.31511,104.0835375
08:18:04,912810UB2,TSRYS5810883,D,B,C,2024-08-12,1000000.00,4.315081,104.0859375
08:18:04,912810UB2,TSRYS5810883,D,S,D,2024-08-12,1000000.00,4.315081,104.0859375
08:18:04,912810UB2,TSRYS5810883,D,B,C,2024-08-12,1000000.00,4.315081,104.0859375
08:18:04,912810UB2,TSRYS5810883,D,S,D,2024-08-12,1000000.00,4.315081,104.0859375
08:19:56,912810UB2,TSRYS5810883,D,B,C,2024-08-12,1000000.00,4.313223,104.111128125
08:19:56,912810UB2,TSRYS5810883,D,S,D,2024-08-12,1000000.00,4.313208,104.111328125
08:19:56,912810UB2,TSRYS5810883,D,B,C,2024-08-12,1000000.00,4.313223,104.111128125
08:19:56,912810UB2,TSRYS5810883,D,S,C,2024-08-12,1000000.00,4.313208,104.111328125
08:20:01,912810UB2,TSRYS5810883,D,B,C,2024-08-12,750000.00,4.314504,104.09375
08:20:07,912810UB2,TSRYS5810883,D,S,T,2024-08-12,1000000.00,4.313352,104.109375
08:20:35,912810UB2,TSRYS5810883,D,S,D,2024-08-12,1000000.00,4.313352,104.109375
08:21:18,912810UB2,TSRYS5810883,D,B,C,2024-08-12,1000000.00,4.311207,104.138471875
08:21:18,912810UB2,TSRYS5810883,D,S,D,2024-08-12,1000000.00,4.311192,104.138671875
08:21:20,912810UB2,TSRYS5810883,D,S,T,2024-08-12,2000000.00,4.311057,104.140495
08:21:32,912810UB2,TSRYS5810883,D,S,T,2024-08-12,7650000.00,4.321424,104.0
08:21:32,912810UB2,TSRYS5810883,D,S,T,2024-08-12,11450000.00,4.321424,104.0
08:21:45,912810UB2,TSRYS5810883,D,B,C,2024-08-12,1000000.00,4.30932,104.1640625
08:21:45,912810UB2,TSRYS5810883,D,S,D,2024-08-12,1000000.00,4.30932,104.1640625
08:21:45,912810UB2,TSRYS5810883,D,B,C,2024-08-12,1000000.00,4.30932,104.1640625
08:21:45,912810UB2,TSRYS5810883,D,B,C,2024-08-12,1000000.00,4.30932,104.1640625
08:21:45,912810UB2,TSRYS5810883,D,S,D,2024-08-12,1000000.00,4.30932,104.1640625
08:21:45,912810UB2,TSRYS5810883,D,B,C,2024-08-12,1000000.00,4.30932,104.1640625
08:21:45,912810UB2,TSRYS5810883,D,S,D,2024-08-12,1000000.00,4.30932,104.1640625
08:21:45,912810UB2,TSRYS5810883,D,S,D,2024-08-12,1000000.00,4.30932,104.1640625
08:22:03,912810UB2,TSRYS5810883,D,S,D,2024-08-12,7650000.00,4.321424,104.0
08:22:03,912810UB2,TSRYS5810883,D,S,D,2024-08-12,11450000.00,4.321424,104.0
08:22:04,912810UB2,TSRYS5810883,D,S,D,2024-08-12,2000000.00,4.311048,104.140625
08:22:50,912810UB2,TSRYS5810883,D,S,D,2024-08-12,7650000.00,4.321424,104.0
08:22:50,912810UB2,TSRYS5810883,D,S,D,2024-08-12,2000000.00,4.30932,104.1640625
08:22:50,912810UB2,TSRYS5810883,D,B,C,2024-08-12,2000000.00,4.30932,104.1640625
08:22:51,912810UB2,TSRYS5810883,D,B,C,2024-08-12,1000000.00,4.311122,104.13962
08:22:51,912810UB2,TSRYS5810883,D,B,C,2024-08-12,1000000.00,4.307306,104.19140625
08:22:51,912810UB2,TSRYS5810883,D,S,D,2024-08-12,1000000.00,4.307306,104.19140625
08:22:51,912810UB2,TSRYS5810883,D,B,C,2024-08-12,1000000.00,4.307306,104.19140625
08:22:51,912810UB2,TSRYS5810883,D,S,D,2024-08-12,1000000.00,4.307306,104.19140625
08:22:51,912810UB2,TSRYS5810883,D,B,C,2024-08-12,1000000.00,4.307306,104.19140625
08:22:51,912810UB2,TSRYS5810883,D,S,D,2024-08-12,1000000.00,4.307306,104.19140625
08:23:06,912810UB2,TSRYS5810883,D,B,C,2024-08-12,200000.00,4.307881,104.18359375
08:23:22,912810UB2,TSRYS5810883,D,B,C,2024-08-12,13600000.00,4.307881,104.18359375
08:23:32,912810UB2,TSRYS5810883,D,B,C,2024-08-12,1000000.00,4.307306,104.19140625
08:23:32,912810UB2,TSRYS5810883,D,S,D,2024-08-12,1000000.00,4.307306,104.19140625
08:23:32,912810UB2,TSRYS5810883,D,B,C,2024-08-12,1000000.00,4.307306,104.19140625
08:23:32,912810UB2,TSRYS5810883,D,S,D,2024-08-12,1000000.00,4.307306,104.19140625
08:23:38,912810UB2,TSRYS5810883,D,B,C,2024-08-12,1000000.00,4.307306,104.19140625
08:23:38,912810UB2,TSRYS5810883,D,S,D,2024-08-12,1000000.00,4.307306,104.19140625
08:23:40,912810UB2,TSRYS5810883,D,B,C,2024-08-12,1000000.00,4.30732,104.19120625
08:23:40,912810UB2,TSRYS5810883,D,S,D,2024-08-12,1000000.00,4.307306,104.19140625
08:23:40,912810UB2,TSRYS5810883,D,S,C,2024-08-12,1000000.00,4.307162,104.193359375
08:23:41,912810UB2,TSRYS5810883,D,B,C,2024-08-12,1000000.00,4.307176,104.193159375
08:23:41,912810UB2,TSRYS5810883,D,S,C,2024-08-12,1000000.00,4.307306,104.19140625
08:23:41,912810UB2,TSRYS5810883,D,B,C,2024-08-12,1000000.00,4.30732,104.19120625
08:24:03,912810UB2,TSRYS5810883,D,S,D,2024-08-12,7650000.00,4.321424,104.0
08:24:03,912810UB2,TSRYS5810883,D,S,D,2024-08-12,3800000.00,4.321424,104.0
08:24:36,912810UB2,TSRYS5810883,D,S,D,2024-08-12,1000000.00,4.307593,104.1875
08:24:36,912810UB2,TSRYS5810883,D,S,T,2024-08-12,1000000.00,4.307604,104.18735
08:24:36,912810UB2,TSRYS5810883,D,S,T,2024-08-12,1000000.00,4.307604,104.18735
08:24:36,912810UB2,TSRYS5810883,D,S,T,2024-08-12,1000000.00,4.307604,104.18735
08:24:36,912810UB2,TSRYS5810883,D,S,T,2024-08-12,1000000.00,4.307604,104.18735
08:24:36,912810UB2,TSRYS5810883,D,S,T,2024-08-12,1000000.00,4.307604,104.18735
08:24:37,912810UB2,TSRYS5810883,D,S,T,2024-08-12,1000000.00,4.307604,104.18735
08:24:37,912810UB2,TSRYS5810883,D,S,T,2024-08-12,1000000.00,4.307604,104.18735
08:24:50,912810UB2,TSRYS5810883,D,S,T,2024-08-12,1000000.00,4.307604,104.18735
08:24:50,912810UB2,TSRYS5810883,D,S,T,2024-08-12,1000000.00,4.307604,104.18735
08:24:50,912810UB2,TSRYS5810883,D,S,T,2024-08-12,1000000.00,4.307604,104.18735
08:24:50,912810UB2,TSRYS5810883,D,S,T,2024-08-12,1000000.00,4.307604,104.18735
08:24:52,912810UB2,TSRYS5810883,D,S,T,2024-08-12,7650000.00,4.321424,104.0
08:24:52,912810UB2,TSRYS5810883,D,S,T,2024-08-12,7650000.00,4.321424,104.0
08:24:52,912810UB2,TSRYS5810883,D,S,T,2024-08-12,3800000.00,4.321424,104.0
08:24:55,912810UB2,TSRYS5810883,D,S,C,2024-08-12,5000.00,4.302991,104.25
08:24:58,912810UB2,TSRYS5810883,D,S,D,2024-08-12,5000.00,4.302991,104.25
08:25:03,912810UB2,TSRYS5810883,D,S,T,2024-08-12,1000000.00,4.307593,104.1875
08:25:07,912810UB2,TSRYS5810883,D,S,D,2024-08-12,1000000.00,4.307593,104.1875
08:25:07,912810UB2,TSRYS5810883,D,S,D,2024-08-12,1000000.00,4.307593,104.1875
08:25:07,912810UB2,TSRYS5810883,D,S,D,2024-08-12,1000000.00,4.307593,104.1875
08:25:07,912810UB2,TSRYS5810883,D,S,D,2024-08-12,1000000.00,4.307593,104.1875
08:25:07,912810UB2,TSRYS5810883,D,S,D,2024-08-12,1000000.00,4.307593,104.1875
08:25:07,912810UB2,TSRYS5810883,D,S,C,2024-08-12,1000000.00,4.307582,104.18765
08:25:07,912810UB2,TSRYS5810883,D,S,D,2024-08-12,1000000.00,4.307593,104.1875
08:25:21,912810UB2,TSRYS5810883,D,S,C,2024-08-12,20000.00,4.307593,104.2125
08:25:25,912810UB2,TSRYS5810883,D,S,D,2024-08-12,1000000.00,4.307593,104.1875
08:25:25,912810UB2,TSRYS5810883,D,S,C,2024-08-12,1000000.00,4.307582,104.18765
08:25:25,912810UB2,TSRYS5810883,D,S,C,2024-08-12,1000000.00,4.307582,104.18765
08:25:25,912810UB2,TSRYS5810883,D,S,D,2024-08-12,1000000.00,4.307593,104.1875
08:25:25,912810UB2,TSRYS5810883,D,S,D,2024-08-12,20000.00,4.307593,104.1875
08:25:53,912810UB2,TSRYS5810883,D,S,T,2024-08-12,1000000.00,4.307604,104.18735
08:26:06,912810UB2,TSRYS5810883,D,S,C,2024-08-12,1000000.00,4.307579,104.1877
08:26:16,912810UB2,TSRYS5810883,D,B,C,2024-08-12,500000.00,4.307911,104.18319375
08:26:30,912810UB2,TSRYS5810883,D,S,D,2024-08-12,1000000.00,4.307593,104.1875
08:27:29,912810UB2,TSRYS5810883,D,S,T,2024-08-12,1000000.00,4.308025,104.181640625
08:27:31,912810UB2,TSRYS5810883,D,S,D,2024-08-12,1000000.00,4.308016,104.181765625
08:27:44,912810UB2,TSRYS5810883,D,B,C,2024-08-12,1000000.00,4.30545,104.216596875
08:27:44,912810UB2,TSRYS5810883,D,S,D,2024-08-12,1000000.00,4.305435,104.216796875
08:27:44,912810UB2,TSRYS5810883,D,B,C,2024-08-12,1000000.00,4.30545,104.216596875
08:27:44,912810UB2,TSRYS5810883,D,S,D,2024-08-12,1000000.00,4.305435,104.216796875
08:27:49,912810UB2,TSRYS5810883,D,S,T,2024-08-12,1000000.00,4.306442,104.203125
08:28:08,912810UB2,TSRYS5810883,D,S,D,2024-08-12,1000000.00,4.306442,104.203125
08:28:29,912810UB2,TSRYS5810883,D,B,A,2024-08-12,1000.00,4.307306,104.19140625
08:28:40,912810UB2,TSRYS5810883,D,S,C,2024-08-12,1000000.00,4.307593,104.1875
08:28:46,912810UB2,TSRYS5810883,D,S,T,2024-08-12,1000000.00,4.307604,104.18735
08:29:20,912810UB2,TSRYS5810883,D,S,T,2024-08-12,1000000.00,4.309896,104.15625
08:29:20,912810UB2,TSRYS5810883,D,S,T,2024-08-12,1000000.00,4.309896,104.15625
08:29:20,912810UB2,TSRYS5810883,D,S,T,2024-08-12,1000000.00,4.309896,104.15625
08:29:20,912810UB2,TSRYS5810883,D,S,T,2024-08-12,1000000.00,4.309896,104.15625
08:29:20,912810UB2,TSRYS5810883,D,S,T,2024-08-12,1000000.00,4.309896,104.15625
08:29:22,912810UB2,TSRYS5810883,D,S,A,2024-08-12,50000.00,4.309033,104.16796875
08:29:25,912810UB2,TSRYS5810883,D,S,C,2024-08-12,1000000.00,4.309896,104.15625
08:30:07,912810UB2,TSRYS5810883,D,S,D,2024-08-12,1000000.00,4.309896,104.15625
08:30:07,912810UB2,TSRYS5810883,D,S,C,2024-08-12,1000000.00,4.309881,104.15645
08:30:07,912810UB2,TSRYS5810883,D,S,C,2024-08-12,1000000.00,4.309883,104.156425
08:30:07,912810UB2,TSRYS5810883,D,S,D,2024-08-12,1000000.00,4.309896,104.15625
08:30:16,912810UB2,TSRYS5810883,D,S,T,2024-08-12,2000000.00,4.306442,104.203125
08:31:08,912810UB2,TSRYS5810883,D,S,C,2024-08-12,2000000.00,4.306442,104.203125
08:31:23,912810UB2,TSRYS5810883,D,S,D,2024-08-12,1000000.00,4.305292,104.21875
08:31:40,912810UB2,TSRYS5810883,D,B,C,2024-08-12,1000000.00,4.305292,104.21875
08:32:31,912810UB2,TSRYS5810883,D,S,D,2024-08-12,1000000.00,4.309608,104.16015625
08:32:31,912810UB2,TSRYS5810883,D,S,D,2024-08-12,1000000.00,4.309608,104.16015625
08:32:31,912810UB2,TSRYS5810883,D,S,C,2024-08-12,1000000.00,4.309608,104.16015625
08:32:31,912810UB2,TSRYS5810883,D,S,C,2024-08-12,1000000.00,4.309608,104.16015625
08:32:36,912810UB2,TSRYS5810883,D,S,D,2024-08-12,1000000.00,4.311048,104.140625
08:32:40,912810UB2,TSRYS5810883,D,S,D,2024-08-12,1000000.00,4.310184,104.15234375
08:32:40,912810UB2,TSRYS5810883,D,S,D,2024-08-12,1000000.00,4.309896,104.15625
08:32:40,912810UB2,TSRYS5810883,D,S,C,2024-08-12,1000000.00,4.310184,104.15234375
08:32:40,912810UB2,TSRYS5810883,D,S,C,2024-08-12,1000000.00,4.309896,104.15625
08:32:49,912810UB2,TSRYS5810883,D,B,A,2024-08-12,2000000.00,4.30932,104.1640625
08:33:00,912810UB2,TSRYS5810883,D,B,C,2024-08-12,33300000.00,4.319116,104.03125
08:33:01,912810UB2,TSRYS5810883,D,S,T,2024-08-12,1000000.00,4.311048,104.140625
08:33:16,912810UB2,TSRYS5810883,D,S,T,2024-08-12,1000000.00,4.309896,104.15625
08:33:57,912810UB2,TSRYS5810883,D,S,D,2024-08-12,1000000.00,4.309896,104.15625
08:35:34,912810UB2,TSRYS5810883,D,S,T,2024-08-12,1000000.00,4.314504,104.09375
08:35:39,912810UB2,TSRYS5810883,D,S,A,2024-08-12,1371000.00,4.3122,104.125
08:35:47,912810UB2,TSRYS5810883,D,S,D,2024-08-12,5000.00,4.314504,104.09375
08:35:56,912810UB2,TSRYS5810883,D,S,T,2024-08-12,1000000.00,4.312488,104.12109375
08:35:56,912810UB2,TSRYS5810883,D,S,T,2024-08-12,1000000.00,4.3122,104.125
08:35:57,912810UB2,TSRYS5810883,D,S,T,2024-08-12,1000000.00,4.312207,104.1249
08:35:57,912810UB2,TSRYS5810883,D,S,T,2024-08-12,1000000.00,4.312207,104.1249
08:35:57,912810UB2,TSRYS5810883,D,S,D,2024-08-12,1000000.00,4.312488,104.12109375
08:35:57,912810UB2,TSRYS5810883,D,S,T,2024-08-12,1000000.00,4.3122,104.125
08:35:57,912810UB2,TSRYS5810883,D,S,T,2024-08-12,1000000.00,4.3122,104.125
08:35:58,912810UB2,TSRYS5810883,D,S,T,2024-08-12,1000000.00,4.3122,104.125
08:35:58,912810UB2,TSRYS5810883,D,S,D,2024-08-12,1000000.00,4.3122,104.125
08:35:59,912810UB2,TSRYS5810883,D,S,D,2024-08-12,1000000.00,4.3122,104.125
08:35:59,912810UB2,TSRYS5810883,D,S,D,2024-08-12,1000000.00,4.3122,104.125
08:36:02,912810UB2,TSRYS5810883,D,S,D,2024-08-12,1000000.00,4.311912,104.12890625
08:36:02,912810UB2,TSRYS5810883,D,S,D,2024-08-12,1000000.00,4.311912,104.12890625
08:36:02,912810UB2,TSRYS5810883,D,S,T,2024-08-12,1000000.00,4.3122,104.125
08:36:02,912810UB2,TSRYS5810883,D,S,C,2024-08-12,1000000.00,4.311912,104.12890625
08:36:02,912810UB2,TSRYS5810883,D,S,C,2024-08-12,1000000.00,4.311912,104.12890625
08:36:06,912810UB2,TSRYS5810883,D,S,D,2024-08-12,1000000.00,4.312056,104.126953125
08:36:06,912810UB2,TSRYS5810883,D,S,D,2024-08-12,1000000.00,4.312056,104.126953125
08:36:07,912810UB2,TSRYS5810883,D,S,D,2024-08-12,1000000.00,4.312056,104.126953125
08:36:10,912810UB2,TSRYS5810883,D,B,A,2024-08-12,2000000.00,4.311336,104.13671875
08:36:11,912810UB2,TSRYS5810883,D,S,C,2024-08-12,1000000.00,4.314504,104.09375
08:36:25,912810UB2,TSRYS5810883,D,B,C,2024-08-12,13400000.00,4.313064,104.11328125
08:36:28,912810UB2,TSRYS5810883,D,S,D,2024-08-12,1000000.00,4.3122,104.125
08:36:35,912810UB2,TSRYS5810883,D,B,C,2024-08-12,18400000.00,4.312517,104.12069375
08:36:36,912810UB2,TSRYS5810883,D,S,D,2024-08-12,1000000.00,4.311768,104.13085937
08:36:36,912810UB2,TSRYS5810883,D,S,T,2024-08-12,1000000.00,4.312056,104.12695312
08:36:36,912810UB2,TSRYS5810883,D,S,T,2024-08-12,1000000.00,4.312056,104.12695312
08:36:37,912810UB2,TSRYS5810883,D,S,D,2024-08-12,1000000.00,4.312056,104.12695312
08:36:39,912810UB2,TSRYS5810883,D,S,D,2024-08-12,1000000.00,4.312056,104.12695312
08:36:40,912810UB2,TSRYS5810883,D,S,T,2024-08-12,1000000.00,4.312056,104.12695312
08:36:42,912810UB2,TSRYS5810883,D,S,D,2024-08-12,1000000.00,4.3122,104.125
08:36:42,912810UB2,TSRYS5810883,D,S,C,2024-08-12,1000000.00,4.3122,104.125
08:36:42,912810UB2,TSRYS5810883,D,S,D,2024-08-12,1000000.00,4.3122,104.125
08:36:45,912810UB2,TSRYS5810883,D,S,D,2024-08-12,1000000.00,4.312056,104.12695312
08:37:03,912810UB2,TSRYS5810883,D,S,T,2024-08-12,1000000.00,4.312207,104.1249
08:37:03,912810UB2,TSRYS5810883,D,S,T,2024-08-12,1000000.00,4.312207,104.1249
08:37:03,912810UB2,TSRYS5810883,D,S,D,2024-08-12,1000000.00,4.3122,104.125
08:37:04,912810UB2,TSRYS5810883,D,S,D,2024-08-12,1000000.00,4.3122,104.125
08:37:04,912810UB2,TSRYS5810883,D,S,T,2024-08-12,1000000.00,4.3122,104.125
08:37:04,912810UB2,TSRYS5810883,D,S,T,2024-08-12,1000000.00,4.3122,104.125
08:37:04,912810UB2,TSRYS5810883,D,S,T,2024-08-12,1000000.00,4.3122,104.125
08:37:04,912810UB2,TSRYS5810883,D,S,T,2024-08-12,1000000.00,4.312217,104.124773
08:37:33,912810UB2,TSRYS5810883,D,S,T,2024-08-12,1000000.00,4.312217,104.124773
08:37:33,912810UB2,TSRYS5810883,D,S,T,2024-08-12,1000000.00,4.312217,104.124773
08:37:33,912810UB2,TSRYS5810883,D,S,T,2024-08-12,1000000.00,4.312217,104.124773
08:37:41,912810UB2,TSRYS5810883,D,S,D,2024-08-12,1000000.00,4.3122,104.125
08:37:41,912810UB2,TSRYS5810883,D,S,D,2024-08-12,1000000.00,4.3122,104.125
08:37:41,912810UB2,TSRYS5810883,D,S,D,2024-08-12,1000000.00,4.3122,104.125
08:37:41,912810UB2,TSRYS5810883,D,S,D,2024-08-12,1000000.00,4.3122,104.125
08:38:27,912810UB2,TSRYS5810883,D,S,T,2024-08-12,1000000.00,4.312211,104.12485
08:38:27,912810UB2,TSRYS5810883,D,S,C,2024-08-12,1000000.00,4.312185,104.1252
08:38:27,912810UB2,TSRYS5810883,D,S,C,2024-08-12,1000000.00,4.312185,104.1252
08:38:27,912810UB2,TSRYS5810883,D,S,C,2024-08-12,1000000.00,4.312185,104.1252
08:38:45,912810UB2,TSRYS5810883,D,S,T,2024-08-12,1000000.00,4.312211,104.12485
08:38:57,912810UB2,TSRYS5810883,D,S,C,2024-08-12,1000000.00,4.3122,104.125
08:39:11,912810UB2,TSRYS5810883,D,S,D,2024-08-12,1000000.00,4.3122,104.125
08:39:13,912810UB2,TSRYS5810883,D,S,D,2024-08-12,1000000.00,4.313928,104.1015625
08:39:17,912810UB2,TSRYS5810883,D,S,D,2024-08-12,1000000.00,4.314504,104.09375
08:39:30,912810UB2,TSRYS5810883,D,S,D,2024-08-12,1000000.00,4.313928,104.1015625
08:39:30,912810UB2,TSRYS5810883,D,S,D,2024-08-12,1000000.00,4.313928,104.1015625
08:39:37,912810UB2,TSRYS5810883,D,S,D,2024-08-12,1000000.00,4.312776,104.1171875
08:39:57,912810UB2,TSRYS5810883,D,S,D,2024-08-12,1000000.00,4.31364,104.10546875
08:39:58,912810UB2,TSRYS5810883,D,S,T,2024-08-12,1000000.00,4.313928,104.1015625
08:39:58,912810UB2,TSRYS5810883,D,S,T,2024-08-12,1000000.00,4.314504,104.09375
08:40:02,912810UB2,TSRYS5810883,D,S,T,2024-08-12,1000000.00,4.313928,104.1015625
08:40:02,912810UB2,TSRYS5810883,D,S,T,2024-08-12,1000000.00,4.313928,104.1015625
08:40:10,912810UB2,TSRYS5810883,D,S,T,2024-08-12,1000000.00,4.319116,104.03125
08:40:11,912810UB2,TSRYS5810883,D,S,T,2024-08-12,1000000.00,4.32027,104.015625
08:40:11,912810UB2,TSRYS5810883,D,S,T,2024-08-12,1000000.00,4.321424,104.0
08:40:11,912810UB2,TSRYS5810883,D,S,T,2024-08-12,1000000.00,4.32027,104.015625
08:40:15,912810UB2,TSRYS5810883,D,S,D,2024-08-12,1000000.00,4.311624,104.1328125
08:40:15,912810UB2,TSRYS5810883,D,S,T,2024-08-12,1000000.00,4.311336,104.13671875
08:40:15,912810UB2,TSRYS5810883,D,S,T,2024-08-12,1000000.00,4.311336,104.13671875
08:40:15,912810UB2,TSRYS5810883,D,S,D,2024-08-12,1000000.00,4.311336,104.13671875
08:40:15,912810UB2,TSRYS5810883,D,S,T,2024-08-12,1000000.00,4.311336,104.13671875
08:40:16,912810UB2,TSRYS5810883,D,S,D,2024-08-12,1000000.00,4.311336,104.13671875
08:40:16,912810UB2,TSRYS5810883,D,S,D,2024-08-12,1000000.00,4.311336,104.13671875
08:40:16,912810UB2,TSRYS5810883,D,S,T,2024-08-12,1000000.00,4.311192,104.138671875
08:40:16,912810UB2,TSRYS5810883,D,S,T,2024-08-12,1000000.00,4.311192,104.138671875
08:40:16,912810UB2,TSRYS5810883,D,S,D,2024-08-12,1000000.00,4.311192,104.138671875
08:40:16,912810UB2,TSRYS5810883,D,S,D,2024-08-12,1000000.00,4.311192,104.138671875
08:40:16,912810UB2,TSRYS5810883,D,S,T,2024-08-12,1000000.00,4.311192,104.138671875
08:40:16,912810UB2,TSRYS5810883,D,S,D,2024-08-12,1000000.00,4.311192,104.138671875
08:40:16,912810UB2,TSRYS5810883,D,S,D,2024-08-12,1000000.00,4.311048,104.140625
08:40:16,912810UB2,TSRYS5810883,D,S,T,2024-08-12,1000000.00,4.311048,104.140625
08:40:16,912810UB2,TSRYS5810883,D,S,T,2024-08-12,1000000.00,4.311048,104.140625
08:40:16,912810UB2,TSRYS5810883,D,S,D,2024-08-12,1000000.00,4.311048,104.140625
08:40:16,912810UB2,TSRYS5810883,D,S,D,2024-08-12,1000000.00,4.311184,104.138771875
08:40:17,912810UB2,TSRYS5810883,D,S,T,2024-08-12,1000000.00,4.311048,104.140625
08:40:17,912810UB2,TSRYS5810883,D,S,T,2024-08-12,1000000.00,4.311048,104.140625
08:40:18,912810UB2,TSRYS5810883,D,S,T,2024-08-12,1000000.00,4.311065,104.140398
08:40:18,912810UB2,TSRYS5810883,D,S,T,2024-08-12,1000000.00,4.311065,104.140398
08:40:18,912810UB2,TSRYS5810883,D,S,D,2024-08-12,1000000.00,4.311048,104.140625
08:40:18,912810UB2,TSRYS5810883,D,S,T,2024-08-12,1000000.00,4.311065,104.140398
08:40:19,912810UB2,TSRYS5810883,D,S,T,2024-08-12,1000000.00,4.311065,104.140398
08:40:19,912810UB2,TSRYS5810883,D,S,T,2024-08-12,1000000.00,4.311065,104.140398
08:40:20,912810UB2,TSRYS5810883,D,S,D,2024-08-12,1000000.00,4.311336,104.13671875
08:40:20,912810UB2,TSRYS5810883,D,S,D,2024-08-12,1000000.00,4.311336,104.13671875
08:40:20,912810UB2,TSRYS5810883,D,S,D,2024-08-12,1000000.00,4.311336,104.13671875
08:40:20,912810UB2,TSRYS5810883,D,S,D,2024-08-12,1000000.00,4.311192,104.138671875
08:40:20,912810UB2,TSRYS5810883,D,S,D,2024-08-12,1000000.00,4.311192,104.138671875
08:40:21,912810UB2,TSRYS5810883,D,S,D,2024-08-12,1000000.00,4.311048,104.140625
08:40:21,912810UB2,TSRYS5810883,D,S,D,2024-08-12,1000000.00,4.311048,104.140625
08:40:21,912810UB2,TSRYS5810883,D,S,D,2024-08-12,1000000.00,4.311048,104.140625
08:40:21,912810UB2,TSRYS5810883,D,S,D,2024-08-12,1000000.00,4.311048,104.140625
08:40:42,912810UB2,TSRYS5810883,D,S,C,2024-08-12,1000000.00,4.3122,104.125
08:40:49,912810UB2,TSRYS5810883,D,S,D,2024-08-12,1000000.00,4.311048,104.140625
08:40:49,912810UB2,TSRYS5810883,D,S,D,2024-08-12,1000000.00,4.311048,104.140625
08:40:51,912810UB2,TSRYS5810883,D,S,T,2024-08-12,1000000.00,4.311048,104.140625
08:40:54,912810UB2,TSRYS5810883,D,B,C,2024-08-12,1000000.00,4.311048,104.140625
08:40:56,912810UB2,TSRYS5810883,D,S,T,2024-08-12,1000000.00,4.312211,104.12485
08:40:56,912810UB2,TSRYS5810883,D,S,T,2024-08-12,1000000.00,4.311059,104.140475
08:40:59,912810UB2,TSRYS5810883,D,S,C,2024-08-12,1000000.00,4.311048,104.140625
08:40:59,912810UB2,TSRYS5810883,D,S,T,2024-08-12,1000000.00,4.311059,104.140475
08:40:59,912810UB2,TSRYS5810883,D,S,C,2024-08-12,1000000.00,4.311048,104.140625
08:40:59,912810UB2,TSRYS5810883,D,S,T,2024-08-12,1000000.00,4.311059,104.140475
08:40:59,912810UB2,TSRYS5810883,D,S,T,2024-08-12,1000000.00,4.311059,104.140475
08:40:59,912810UB2,TSRYS5810883,D,S,C,2024-08-12,1000000.00,4.311048,104.140625
08:40:59,912810UB2,TSRYS5810883,D,S,C,2024-08-12,1000000.00,4.311048,104.140625
08:40:59,912810UB2,TSRYS5810883,D,S,D,2024-08-12,1000000.00,4.311033,104.140825
08:41:00,912810UB2,TSRYS5810883,D,S,T,2024-08-12,1000000.00,4.311059,104.140475
08:41:04,912810UB2,TSRYS5810883,D,S,T,2024-08-12,1000000.00,4.311059,104.140475
08:41:04,912810UB2,TSRYS5810883,D,S,T,2024-08-12,1000000.00,4.311059,104.140475
08:41:11,912810UB2,TSRYS5810883,D,S,D,2024-08-12,1000000.00,4.310184,104.15234375
08:41:11,912810UB2,TSRYS5810883,D,S,D,2024-08-12,3000000.00,4.310184,104.15234375
08:41:11,912810UB2,TSRYS5810883,D,S,D,2024-08-12,1000000.00,4.310472,104.1484375
08:41:11,912810UB2,TSRYS5810883,D,S,D,2024-08-12,1000000.00,4.311048,104.140625
08:41:14,912810UB2,TSRYS5810883,D,S,C,2024-08-12,1000000.00,4.311048,104.140625
08:41:14,912810UB2,TSRYS5810883,D,S,D,2024-08-12,1000000.00,4.311033,104.140825
08:41:14,912810UB2,TSRYS5810883,D,S,D,2024-08-12,1000000.00,4.311033,104.140825
08:41:14,912810UB2,TSRYS5810883,D,S,C,2024-08-12,1000000.00,4.311048,104.140625
08:41:14,912810UB2,TSRYS5810883,D,S,D,2024-08-12,1000000.00,4.311033,104.140825
08:41:14,912810UB2,TSRYS5810883,D,S,C,2024-08-12,1000000.00,4.311048,104.140625
08:41:14,912810UB2,TSRYS5810883,D,S,D,2024-08-12,1000000.00,4.311033,104.140825
08:41:15,912810UB2,TSRYS5810883,D,S,D,2024-08-12,1000000.00,4.311048,104.140625
08:41:17,912810UB2,TSRYS5810883,D,S,T,2024-08-12,1000000.00,4.311059,104.140475
08:41:17,912810UB2,TSRYS5810883,D,S,T,2024-08-12,1000000.00,4.311059,104.140475
08:41:17,912810UB2,TSRYS5810883,D,S,T,2024-08-12,1000000.00,4.311059,104.140475
08:41:17,912810UB2,TSRYS5810883,D,S,T,2024-08-12,1000000.00,4.311059,104.140475
08:41:18,912810UB2,TSRYS5810883,D,S,C,2024-08-12,1000000.00,4.310904,104.142578125
08:41:18,912810UB2,TSRYS5810883,D,S,D,2024-08-12,1000000.00,4.311048,104.140625
08:41:18,912810UB2,TSRYS5810883,D,S,D,2024-08-12,1000000.00,4.3122,104.125
08:41:21,912810UB2,TSRYS5810883,D,S,D,2024-08-12,1000000.00,4.311624,104.1328125
08:41:26,912810UB2,TSRYS5810883,D,S,C,2024-08-12,25000000.00,4.311201,104.13855
08:41:28,912810UB2,TSRYS5810883,D,S,C,2024-08-12,1000000.00,4.311037,104.140775
08:41:28,912810UB2,TSRYS5810883,D,S,D,2024-08-12,1000000.00,4.311048,104.140625
08:41:28,912810UB2,TSRYS5810883,D,S,D,2024-08-12,1000000.00,4.311048,104.140625
08:41:28,912810UB2,TSRYS5810883,D,S,C,2024-08-12,1000000.00,4.311048,104.140625
08:41:35,912810UB2,TSRYS5810883,D,S,D,2024-08-12,1000000.00,4.311048,104.140625
08:41:36,912810UB2,TSRYS5810883,D,S,T,2024-08-12,1000000.00,4.311059,104.140475
08:41:36,912810UB2,TSRYS5810883,D,S,T,2024-08-12,1000000.00,4.311059,104.140475
08:41:37,912810UB2,TSRYS5810883,D,S,T,2024-08-12,1000000.00,4.310184,104.15234375
08:41:39,912810UB2,TSRYS5810883,D,S,T,2024-08-12,3000000.00,4.310184,104.15234375
08:41:39,912810UB2,TSRYS5810883,D,S,T,2024-08-12,1000000.00,4.310472,104.1484375
08:41:43,912810UB2,TSRYS5810883,D,S,D,2024-08-12,1000000.00,4.311048,104.140625
08:41:43,912810UB2,TSRYS5810883,D,S,D,2024-08-12,1000000.00,4.311048,104.140625
08:41:50,912810UB2,TSRYS5810883,D,S,T,2024-08-12,1000000.00,4.310904,104.14257812
08:41:50,912810UB2,TSRYS5810883,D,S,T,2024-08-12,1000000.00,4.311048,104.140625
08:41:54,912810UB2,TSRYS5810883,D,S,T,2024-08-12,1000000.00,4.3122,104.125
08:41:54,912810UB2,TSRYS5810883,D,S,T,2024-08-12,1000000.00,4.311059,104.140475
08:41:58,912810UB2,TSRYS5810883,D,S,C,2024-08-12,1000000.00,4.311048,104.140625
08:42:20,912810UB2,TSRYS5810883,D,S,C,2024-08-12,10000000.00,4.326221,103.93506
08:44:21,912810UB2,TSRYS5810883,D,B,A,2024-08-12,25000000.00,4.314216,104.09765625
08:45:14,912810UB2,TSRYS5810883,D,B,C,2024-08-12,1000000.00,4.314216,104.09765625
08:45:14,912810UB2,TSRYS5810883,D,S,D,2024-08-12,1000000.00,4.314216,104.09765625
08:45:45,912810UB2,TSRYS5810883,D,S,T,2024-08-12,1000000.00,4.314504,104.09375
08:45:45,912810UB2,TSRYS5810883,D,S,T,2024-08-12,1000000.00,4.314504,104.09375
08:45:49,912810UB2,TSRYS5810883,D,S,D,2024-08-12,1000000.00,4.315369,104.08203125
08:45:49,912810UB2,TSRYS5810883,D,S,D,2024-08-12,1000000.00,4.315369,104.08203125
08:45:49,912810UB2,TSRYS5810883,D,S,C,2024-08-12,1000000.00,4.315369,104.08203125
08:45:49,912810UB2,TSRYS5810883,D,S,C,2024-08-12,1000000.00,4.315369,104.08203125
08:45:53,912810UB2,TSRYS5810883,D,B,A,2024-08-12,2000000.00,4.314504,104.09375
08:46:00,912810UB2,TSRYS5810883,D,S,C,2024-08-12,1000000.00,4.31681,104.0625
08:46:00,912810UB2,TSRYS5810883,D,S,C,2024-08-12,1000000.00,4.316522,104.06640625
08:46:00,912810UB2,TSRYS5810883,D,S,D,2024-08-12,1000000.00,4.31681,104.0625
08:46:00,912810UB2,TSRYS5810883,D,S,D,2024-08-12,1000000.00,4.316522,104.06640625
08:46:01,912810UB2,TSRYS5810883,D,B,A,2024-08-12,2000000.00,4.315945,104.07421875
08:46:08,912810UB2,TSRYS5810883,D,S,T,2024-08-12,1000000.00,4.319126,104.03112
08:46:14,912810UB2,TSRYS5810883,D,S,D,2024-08-12,1000000.00,4.31854,104.0390625
08:46:14,912810UB2,TSRYS5810883,D,S,C,2024-08-12,1000000.00,4.31854,104.0390625
08:46:14,912810UB2,TSRYS5810883,D,S,C,2024-08-12,1000000.00,4.31854,104.0390625
08:46:14,912810UB2,TSRYS5810883,D,S,D,2024-08-12,1000000.00,4.31854,104.0390625
08:46:14,912810UB2,TSRYS5810883,D,S,D,2024-08-12,1000000.00,4.314497,104.093852
08:46:14,912810UB2,TSRYS5810883,D,S,D,2024-08-12,1000000.00,4.314504,104.09375
08:46:15,912810UB2,TSRYS5810883,D,B,A,2024-08-12,2000000.00,4.317963,104.046875
08:46:16,912810UB2,TSRYS5810883,D,S,T,2024-08-12,1000000.00,4.319693,104.0234375
08:46:16,912810UB2,TSRYS5810883,D,S,T,2024-08-12,1000000.00,4.319549,104.025390625
08:46:16,912810UB2,TSRYS5810883,D,S,D,2024-08-12,1000000.00,4.319686,104.0235375
08:46:17,912810UB2,TSRYS5810883,D,S,D,2024-08-12,37000000.00,4.311472,104.13487
08:46:17,912810UB2,TSRYS5810883,D,B,A,2024-08-12,37000000.00,4.311472,104.13487
08:46:21,912810UB2,TSRYS5810883,D,S,D,2024-08-12,1000000.00,4.319549,104.025390625
08:46:21,912810UB2,TSRYS5810883,D,S,D,2024-08-12,15000000.00,4.30786,104.18388
08:47:02,912810UB2,TSRYS5810883,D,S,C,2024-08-12,1000000.00,4.319102,104.03145
08:47:30,912810UB2,TSRYS5810883,D,B,C,2024-08-12,1000000.00,4.31681,104.0625
08:47:30,912810UB2,TSRYS5810883,D,S,D,2024-08-12,1000000.00,4.31681,104.0625
08:47:38,912810UB2,TSRYS5810883,D,S,T,2024-08-12,1000000.00,4.317963,104.046875
08:48:16,912810UB2,TSRYS5810883,D,S,D,2024-08-12,1000000.00,4.317963,104.046875
08:48:19,912810UB2,TSRYS5810883,D,S,D,2024-08-12,13680000.00,4.31681,104.0625
08:49:46,912810UB2,TSRYS5810883,D,S,D,2024-08-12,1000000.00,4.320558,104.01171875
08:49:57,912810UB2,TSRYS5810883,D,S,T,2024-08-12,1000000.00,4.321424,104.0
08:49:57,912810UB2,TSRYS5810883,D,S,T,2024-08-12,1000000.00,4.321568,103.998046875
08:49:57,912810UB2,TSRYS5810883,D,S,T,2024-08-12,1000000.00,4.321424,104.0
