tradeTime,cusip,issueSymbolIdentifier,priceType,reportingSideCode,contraPartyTypeCode,tradeDate,reportedTradeVolume,lastSaleYield,lastSalePrice
08:00:00,912810TZ1,TSRYS5752098,D,S,D,2024-04-23,4700000.00,4.862746,95.4140625
08:00:00,912810TZ1,TSRYS5752098,D,B,C,2024-04-23,4700000.00,4.862746,95.4140625
08:00:05,912810TZ1,TSRYS5752098,D,S,D,2024-04-23,1000000.00,4.848376,95.58984375
08:00:05,912810TZ1,TSRYS5752098,D,S,D,2024-04-23,1000000.00,4.843922,95.64453125
08:00:05,912810TZ1,TSRYS5752098,D,S,T,2024-04-23,1000000.00,4.843763,95.646484375
08:00:05,912810TZ1,TSRYS5752098,D,S,T,2024-04-23,1000000.00,4.853471,95.52734375
08:00:05,912810TZ1,TSRYS5752098,D,S,T,2024-04-23,1000000.00,4.853471,95.52734375
08:00:05,912810TZ1,TSRYS5752098,D,S,T,2024-04-23,1000000.00,4.852038,95.544921875
08:00:05,912810TZ1,TSRYS5752098,D,S,D,2024-04-23,1000000.00,4.83947,95.69921875
08:00:05,912810TZ1,TSRYS5752098,D,S,D,2024-04-23,1000000.00,4.839629,95.697265625
08:00:05,912810TZ1,TSRYS5752098,D,S,D,2024-04-23,1000000.00,4.859209,95.45703125
08:00:05,912810TZ1,TSRYS5752098,D,S,D,2024-04-23,1000000.00,4.86176,95.42578125
08:00:05,912810TZ1,TSRYS5752098,D,S,D,2024-04-23,1000000.00,4.866069,95.373046875
08:00:05,912810TZ1,TSRYS5752098,D,S,D,2024-04-23,1000000.00,4.866228,95.37109375
08:00:05,912810TZ1,TSRYS5752098,D,S,T,2024-04-23,1000000.00,4.869582,95.330078125
08:00:05,912810TZ1,TSRYS5752098,D,S,D,2024-04-23,1000000.00,4.869582,95.330078125
08:00:05,912810TZ1,TSRYS5752098,D,S,T,2024-04-23,1000000.00,4.869582,95.330078125
08:00:05,912810TZ1,TSRYS5752098,D,S,D,2024-04-23,1000000.00,4.869582,95.330078125
08:00:05,912810TZ1,TSRYS5752098,D,S,D,2024-04-23,1000000.00,4.879013,95.21484375
08:00:05,912810TZ1,TSRYS5752098,D,S,D,2024-04-23,1000000.00,4.881093,95.189453125
08:00:05,912810TZ1,TSRYS5752098,D,S,D,2024-04-23,1000000.00,4.881093,95.189453125
08:00:10,912810TZ1,TSRYS5752098,D,S,A,2024-04-23,200000.00,4.841378,95.67578125
08:00:12,912810TZ1,TSRYS5752098,D,S,D,2024-04-23,3000.00,4.883782,95.15665
08:00:12,912810TZ1,TSRYS5752098,D,S,A,2024-04-23,3000.00,4.883782,95.32331666667
08:00:19,912810TZ1,TSRYS5752098,D,B,A,2024-04-23,500000.00,4.847421,95.6015625
08:00:20,912810TZ1,TSRYS5752098,D,S,C,2024-04-23,1000000.00,4.858252,95.46875
08:00:24,912810TZ1,TSRYS5752098,D,S,A,2024-04-23,120000.00,4.860193,95.4453125
08:00:30,912810TZ1,TSRYS5752098,D,S,D,2024-04-23,1000000.00,4.842649,95.66015625
08:00:30,912810TZ1,TSRYS5752098,D,S,D,2024-04-23,1000000.00,4.842967,95.65625
08:00:30,912810TZ1,TSRYS5752098,D,S,D,2024-04-23,1000000.00,4.842967,95.65625
08:00:33,912810TZ1,TSRYS5752098,D,S,D,2024-04-23,1000000.00,4.869422,95.33203125
08:00:33,912810TZ1,TSRYS5752098,D,S,D,2024-04-23,1000000.00,4.878693,95.21875
08:00:33,912810TZ1,TSRYS5752098,D,S,D,2024-04-23,1000000.00,4.881253,95.1875
08:00:33,912810TZ1,TSRYS5752098,D,S,D,2024-04-23,1000000.00,4.83947,95.69921875
08:00:33,912810TZ1,TSRYS5752098,D,S,D,2024-04-23,1000000.00,4.83947,95.69921875
08:00:33,912810TZ1,TSRYS5752098,D,S,D,2024-04-23,1000000.00,4.83947,95.69921875
08:00:33,912810TZ1,TSRYS5752098,D,S,D,2024-04-23,1000000.00,4.83947,95.69921875
08:00:33,912810TZ1,TSRYS5752098,D,S,D,2024-04-23,1000000.00,4.83947,95.69921875
08:00:33,912810TZ1,TSRYS5752098,D,S,D,2024-04-23,1000000.00,4.83947,95.69921875
08:00:33,912810TZ1,TSRYS5752098,D,S,D,2024-04-23,1000000.00,4.839629,95.697265625
08:00:33,912810TZ1,TSRYS5752098,D,S,D,2024-04-23,1000000.00,4.839629,95.697265625
08:00:33,912810TZ1,TSRYS5752098,D,S,D,2024-04-23,1000000.00,4.839629,95.697265625
08:00:33,912810TZ1,TSRYS5752098,D,S,D,2024-04-23,1000000.00,4.839629,95.697265625
08:00:33,912810TZ1,TSRYS5752098,D,S,D,2024-04-23,1000000.00,4.839629,95.697265625
08:00:33,912810TZ1,TSRYS5752098,D,S,D,2024-04-23,1000000.00,4.849809,95.572265625
08:00:33,912810TZ1,TSRYS5752098,D,S,D,2024-04-23,1000000.00,4.849809,95.572265625
08:00:33,912810TZ1,TSRYS5752098,D,S,D,2024-04-23,1000000.00,4.852516,95.5390625
08:00:33,912810TZ1,TSRYS5752098,D,S,D,2024-04-23,1000000.00,4.853949,95.521484375
08:00:33,912810TZ1,TSRYS5752098,D,S,D,2024-04-23,1000000.00,4.853949,95.521484375
08:00:33,912810TZ1,TSRYS5752098,D,S,D,2024-04-23,1000000.00,4.85379,95.5234375
08:00:33,912810TZ1,TSRYS5752098,D,S,D,2024-04-23,1000000.00,4.855383,95.50390625
08:00:33,912810TZ1,TSRYS5752098,D,S,D,2024-04-23,1000000.00,4.865909,95.375
08:00:33,912810TZ1,TSRYS5752098,D,S,D,2024-04-23,1000000.00,4.873097,95.287109375
08:00:33,912810TZ1,TSRYS5752098,D,S,D,2024-04-23,1000000.00,4.874535,95.26953125
08:00:33,912810TZ1,TSRYS5752098,D,S,D,2024-04-23,1000000.00,4.874535,95.26953125
08:00:33,912810TZ1,TSRYS5752098,D,S,D,2024-04-23,1000000.00,4.878693,95.21875
08:00:33,912810TZ1,TSRYS5752098,D,S,D,2024-04-23,1000000.00,4.878853,95.216796875
08:00:33,912810TZ1,TSRYS5752098,D,S,D,2024-04-23,1000000.00,4.878853,95.216796875
08:00:33,912810TZ1,TSRYS5752098,D,S,D,2024-04-23,1000000.00,4.878693,95.21875
08:00:33,912810TZ1,TSRYS5752098,D,S,D,2024-04-23,1000000.00,4.880773,95.193359375
08:00:33,912810TZ1,TSRYS5752098,D,S,D,2024-04-23,1000000.00,4.880933,95.19140625
08:00:33,912810TZ1,TSRYS5752098,D,S,D,2024-04-23,1000000.00,4.880773,95.193359375
08:00:33,912810TZ1,TSRYS5752098,D,S,D,2024-04-23,1000000.00,4.881253,95.1875
08:00:33,912810TZ1,TSRYS5752098,D,S,D,2024-04-23,1000000.00,4.881093,95.189453125
08:00:33,912810TZ1,TSRYS5752098,D,S,T,2024-04-23,1000000.00,4.843922,95.64453125
08:00:33,912810TZ1,TSRYS5752098,D,S,T,2024-04-23,1000000.00,4.842967,95.65625
08:00:33,912810TZ1,TSRYS5752098,D,S,T,2024-04-23,1000000.00,4.842808,95.658203125
08:00:33,912810TZ1,TSRYS5752098,D,S,T,2024-04-23,1000000.00,4.842649,95.66015625
08:00:33,912810TZ1,TSRYS5752098,D,S,T,2024-04-23,1000000.00,4.835975,95.7421875
08:00:33,912810TZ1,TSRYS5752098,D,S,T,2024-04-23,1000000.00,4.836611,95.734375
08:00:33,912810TZ1,TSRYS5752098,D,S,T,2024-04-23,1000000.00,4.836611,95.734375
08:00:33,912810TZ1,TSRYS5752098,D,S,T,2024-04-23,1000000.00,4.836134,95.740234375
08:00:33,912810TZ1,TSRYS5752098,D,S,T,2024-04-23,1000000.00,4.836452,95.736328125
08:00:33,912810TZ1,TSRYS5752098,D,S,T,2024-04-23,2000000.00,4.836611,95.734375
08:00:33,912810TZ1,TSRYS5752098,D,S,T,2024-04-23,1000000.00,4.84106,95.6796875
08:00:33,912810TZ1,TSRYS5752098,D,S,T,2024-04-23,1000000.00,4.845194,95.62890625
08:00:33,912810TZ1,TSRYS5752098,D,S,T,2024-04-23,1000000.00,4.852516,95.5390625
08:00:33,912810TZ1,TSRYS5752098,D,S,T,2024-04-23,1000000.00,4.852516,95.5390625
08:00:33,912810TZ1,TSRYS5752098,D,S,T,2024-04-23,1000000.00,4.853153,95.53125
08:00:33,912810TZ1,TSRYS5752098,D,S,T,2024-04-23,2000000.00,4.858252,95.46875
08:00:33,912810TZ1,TSRYS5752098,D,S,T,2024-04-23,1000000.00,4.859527,95.453125
08:00:33,912810TZ1,TSRYS5752098,D,S,T,2024-04-23,1000000.00,4.86176,95.42578125
08:00:33,912810TZ1,TSRYS5752098,D,S,T,2024-04-23,1000000.00,4.865909,95.375
08:00:33,912810TZ1,TSRYS5752098,D,S,T,2024-04-23,1000000.00,4.869422,95.33203125
08:00:33,912810TZ1,TSRYS5752098,D,S,T,2024-04-23,1000000.00,4.878693,95.21875
08:00:33,912810TZ1,TSRYS5752098,D,S,T,2024-04-23,1000000.00,4.878693,95.21875
08:00:33,912810TZ1,TSRYS5752098,D,S,T,2024-04-23,1000000.00,4.881253,95.1875
08:00:33,912810TZ1,TSRYS5752098,D,S,T,2024-04-23,1000000.00,4.881253,95.1875
08:00:33,912810TZ1,TSRYS5752098,D,S,T,2024-04-23,1000000.00,4.845194,95.62890625
08:00:33,912810TZ1,TSRYS5752098,D,S,T,2024-04-23,1000000.00,4.845194,95.62890625
08:00:33,912810TZ1,TSRYS5752098,D,S,T,2024-04-23,1000000.00,4.846785,95.609375
08:00:33,912810TZ1,TSRYS5752098,D,S,T,2024-04-23,1000000.00,4.846785,95.609375
08:00:33,912810TZ1,TSRYS5752098,D,S,T,2024-04-23,1000000.00,4.846785,95.609375
08:00:33,912810TZ1,TSRYS5752098,D,S,T,2024-04-23,1000000.00,4.846785,95.609375
08:00:33,912810TZ1,TSRYS5752098,D,S,T,2024-04-23,1000000.00,4.846785,95.609375
08:00:33,912810TZ1,TSRYS5752098,D,S,T,2024-04-23,1000000.00,4.848058,95.59375
08:00:33,912810TZ1,TSRYS5752098,D,S,T,2024-04-23,1000000.00,4.84949,95.576171875
08:00:33,912810TZ1,TSRYS5752098,D,S,T,2024-04-23,1000000.00,4.849809,95.572265625
08:00:33,912810TZ1,TSRYS5752098,D,S,T,2024-04-23,1000000.00,4.84965,95.57421875
08:00:33,912810TZ1,TSRYS5752098,D,S,T,2024-04-23,1000000.00,4.849809,95.572265625
08:00:33,912810TZ1,TSRYS5752098,D,S,T,2024-04-23,1000000.00,4.849809,95.572265625
08:00:33,912810TZ1,TSRYS5752098,D,S,T,2024-04-23,1000000.00,4.84965,95.57421875
08:00:33,912810TZ1,TSRYS5752098,D,S,T,2024-04-23,1000000.00,4.84965,95.57421875
08:00:33,912810TZ1,TSRYS5752098,D,S,T,2024-04-23,1000000.00,4.851082,95.556640625
08:00:33,912810TZ1,TSRYS5752098,D,S,T,2024-04-23,1000000.00,4.851879,95.546875
08:00:33,912810TZ1,TSRYS5752098,D,S,T,2024-04-23,1000000.00,4.849809,95.572265625
08:00:33,912810TZ1,TSRYS5752098,D,S,T,2024-04-23,1000000.00,4.84965,95.57421875
08:00:33,912810TZ1,TSRYS5752098,D,S,T,2024-04-23,1000000.00,4.848854,95.583984375
08:00:33,912810TZ1,TSRYS5752098,D,S,T,2024-04-23,1000000.00,4.848058,95.59375
08:00:33,912810TZ1,TSRYS5752098,D,S,T,2024-04-23,1000000.00,4.851879,95.546875
08:00:33,912810TZ1,TSRYS5752098,D,S,T,2024-04-23,1000000.00,4.846785,95.609375
08:00:33,912810TZ1,TSRYS5752098,D,S,T,2024-04-23,1000000.00,4.846785,95.609375
08:00:33,912810TZ1,TSRYS5752098,D,S,T,2024-04-23,1000000.00,4.846785,95.609375
08:00:33,912810TZ1,TSRYS5752098,D,S,T,2024-04-23,1000000.00,4.841696,95.671875
08:00:33,912810TZ1,TSRYS5752098,D,S,T,2024-04-23,1000000.00,4.840424,95.6875
08:00:33,912810TZ1,TSRYS5752098,D,S,T,2024-04-23,1000000.00,4.844399,95.638671875
08:00:33,912810TZ1,TSRYS5752098,D,S,T,2024-04-23,1000000.00,4.839947,95.693359375
08:00:33,912810TZ1,TSRYS5752098,D,S,T,2024-04-23,1000000.00,4.841696,95.671875
08:00:33,912810TZ1,TSRYS5752098,D,S,T,2024-04-23,1000000.00,4.841696,95.671875
08:00:33,912810TZ1,TSRYS5752098,D,S,T,2024-04-23,1000000.00,4.845512,95.625
08:00:33,912810TZ1,TSRYS5752098,D,S,T,2024-04-23,1000000.00,4.846785,95.609375
08:00:33,912810TZ1,TSRYS5752098,D,S,T,2024-04-23,1000000.00,4.835975,95.7421875
08:00:33,912810TZ1,TSRYS5752098,D,S,T,2024-04-23,1000000.00,4.836293,95.73828125
08:00:33,912810TZ1,TSRYS5752098,D,S,T,2024-04-23,2000000.00,4.836611,95.734375
08:00:33,912810TZ1,TSRYS5752098,D,S,T,2024-04-23,1000000.00,4.83407,95.765625
08:00:33,912810TZ1,TSRYS5752098,D,S,T,2024-04-23,1000000.00,4.83407,95.765625
08:00:33,912810TZ1,TSRYS5752098,D,S,T,2024-04-23,1000000.00,4.83407,95.765625
08:00:33,912810TZ1,TSRYS5752098,D,S,T,2024-04-23,1000000.00,4.83407,95.765625
08:00:33,912810TZ1,TSRYS5752098,D,S,T,2024-04-23,1000000.00,4.83407,95.765625
08:00:33,912810TZ1,TSRYS5752098,D,S,T,2024-04-23,1000000.00,4.840424,95.6875
08:00:33,912810TZ1,TSRYS5752098,D,S,T,2024-04-23,1000000.00,4.840424,95.6875
08:00:33,912810TZ1,TSRYS5752098,D,S,T,2024-04-23,1000000.00,4.846785,95.609375
08:00:33,912810TZ1,TSRYS5752098,D,S,T,2024-04-23,1000000.00,4.846785,95.609375
08:00:33,912810TZ1,TSRYS5752098,D,S,T,2024-04-23,1000000.00,4.846785,95.609375
08:00:33,912810TZ1,TSRYS5752098,D,S,T,2024-04-23,1000000.00,4.846785,95.609375
08:00:33,912810TZ1,TSRYS5752098,D,S,T,2024-04-23,1000000.00,4.856977,95.484375
08:00:33,912810TZ1,TSRYS5752098,D,S,T,2024-04-23,1000000.00,4.849331,95.578125
08:00:33,912810TZ1,TSRYS5752098,D,S,T,2024-04-23,1000000.00,4.849331,95.578125
08:00:33,912810TZ1,TSRYS5752098,D,S,T,2024-04-23,1000000.00,4.849331,95.578125
08:00:33,912810TZ1,TSRYS5752098,D,S,T,2024-04-23,1000000.00,4.859527,95.453125
08:00:33,912810TZ1,TSRYS5752098,D,S,T,2024-04-23,1000000.00,4.853153,95.53125
08:00:33,912810TZ1,TSRYS5752098,D,S,T,2024-04-23,1000000.00,4.853153,95.53125
08:00:33,912810TZ1,TSRYS5752098,D,S,T,2024-04-23,1000000.00,4.853153,95.53125
08:00:33,912810TZ1,TSRYS5752098,D,S,T,2024-04-23,1000000.00,4.840424,95.6875
08:00:33,912810TZ1,TSRYS5752098,D,S,T,2024-04-23,1000000.00,4.840424,95.6875
08:00:33,912810TZ1,TSRYS5752098,D,S,T,2024-04-23,1000000.00,4.840424,95.6875
08:00:33,912810TZ1,TSRYS5752098,D,S,D,2024-04-23,1000000.00,4.839788,95.6953125
08:00:33,912810TZ1,TSRYS5752098,D,S,T,2024-04-23,1000000.00,4.842649,95.66015625
08:00:33,912810TZ1,TSRYS5752098,D,S,T,2024-04-23,1000000.00,4.848376,95.58984375
08:00:33,912810TZ1,TSRYS5752098,D,S,T,2024-04-23,1000000.00,4.848376,95.58984375
08:00:33,912810TZ1,TSRYS5752098,D,S,T,2024-04-23,1000000.00,4.848535,95.587890625
08:00:33,912810TZ1,TSRYS5752098,D,S,T,2024-04-23,1000000.00,4.849172,95.580078125
08:00:33,912810TZ1,TSRYS5752098,D,S,T,2024-04-23,1000000.00,4.851082,95.556640625
08:00:33,912810TZ1,TSRYS5752098,D,S,T,2024-04-23,1000000.00,4.851879,95.546875
08:00:33,912810TZ1,TSRYS5752098,D,S,T,2024-04-23,1000000.00,4.851879,95.546875
08:00:33,912810TZ1,TSRYS5752098,D,S,T,2024-04-23,1000000.00,4.856977,95.484375
08:00:33,912810TZ1,TSRYS5752098,D,S,T,2024-04-23,1000000.00,4.856977,95.484375
08:00:33,912810TZ1,TSRYS5752098,D,S,T,2024-04-23,1000000.00,4.85889,95.4609375
08:00:33,912810TZ1,TSRYS5752098,D,S,T,2024-04-23,1000000.00,4.859527,95.453125
08:00:33,912810TZ1,TSRYS5752098,D,S,T,2024-04-23,1000000.00,4.855224,95.505859375
08:00:33,912810TZ1,TSRYS5752098,D,S,T,2024-04-23,1000000.00,4.855702,95.5
08:00:33,912810TZ1,TSRYS5752098,D,S,T,2024-04-23,1000000.00,4.855702,95.5
08:00:33,912810TZ1,TSRYS5752098,D,S,T,2024-04-23,1000000.00,4.855702,95.5
08:00:33,912810TZ1,TSRYS5752098,D,S,T,2024-04-23,1000000.00,4.855702,95.5
08:00:33,912810TZ1,TSRYS5752098,D,S,T,2024-04-23,1000000.00,4.858252,95.46875
08:00:33,912810TZ1,TSRYS5752098,D,S,T,2024-04-23,2000000.00,4.858252,95.46875
08:00:33,912810TZ1,TSRYS5752098,D,S,T,2024-04-23,1000000.00,4.858252,95.46875
08:00:33,912810TZ1,TSRYS5752098,D,S,D,2024-04-23,1000000.00,4.842649,95.66015625
08:00:33,912810TZ1,TSRYS5752098,D,S,D,2024-04-23,1000000.00,4.842967,95.65625
08:00:33,912810TZ1,TSRYS5752098,D,S,T,2024-04-23,1000000.00,4.865909,95.375
08:00:33,912810TZ1,TSRYS5752098,D,S,T,2024-04-23,1000000.00,4.865909,95.375
08:00:33,912810TZ1,TSRYS5752098,D,S,T,2024-04-23,1000000.00,4.867186,95.359375
08:00:33,912810TZ1,TSRYS5752098,D,S,T,2024-04-23,1000000.00,4.867985,95.349609375
08:00:33,912810TZ1,TSRYS5752098,D,S,T,2024-04-23,1000000.00,4.873576,95.28125
08:00:33,912810TZ1,TSRYS5752098,D,S,T,2024-04-23,1000000.00,4.874695,95.267578125
08:00:33,912810TZ1,TSRYS5752098,D,S,T,2024-04-23,1000000.00,4.876134,95.25
08:00:33,912810TZ1,TSRYS5752098,D,S,T,2024-04-23,1000000.00,4.876134,95.25
08:00:33,912810TZ1,TSRYS5752098,D,S,T,2024-04-23,1000000.00,4.876134,95.25
08:00:33,912810TZ1,TSRYS5752098,D,S,T,2024-04-23,1000000.00,4.879973,95.203125
08:00:33,912810TZ1,TSRYS5752098,D,S,T,2024-04-23,1000000.00,4.879973,95.203125
08:00:33,912810TZ1,TSRYS5752098,D,S,T,2024-04-23,1000000.00,4.879973,95.203125
08:00:33,912810TZ1,TSRYS5752098,D,S,T,2024-04-23,1000000.00,4.879973,95.203125
08:00:33,912810TZ1,TSRYS5752098,D,S,T,2024-04-23,1000000.00,4.879973,95.203125
08:00:33,912810TZ1,TSRYS5752098,D,S,T,2024-04-23,1000000.00,4.879973,95.203125
08:00:33,912810TZ1,TSRYS5752098,D,S,T,2024-04-23,1000000.00,4.879973,95.203125
08:00:33,912810TZ1,TSRYS5752098,D,S,T,2024-04-23,1000000.00,4.879973,95.203125
08:00:33,912810TZ1,TSRYS5752098,D,S,T,2024-04-23,1000000.00,4.879973,95.203125
08:00:33,912810TZ1,TSRYS5752098,D,S,T,2024-04-23,1000000.00,4.882534,95.171875
08:00:33,912810TZ1,TSRYS5752098,D,S,T,2024-04-23,1000000.00,4.849331,95.578125
08:00:33,912810TZ1,TSRYS5752098,D,S,T,2024-04-23,1000000.00,4.879973,95.203125
08:00:33,912810TZ1,TSRYS5752098,D,S,T,2024-04-23,1000000.00,4.879973,95.203125
08:00:33,912810TZ1,TSRYS5752098,D,S,T,2024-04-23,1000000.00,4.843285,95.65234375
08:00:33,912810TZ1,TSRYS5752098,D,S,D,2024-04-23,1000000.00,4.842967,95.65625
08:00:33,912810TZ1,TSRYS5752098,D,S,T,2024-04-23,1000000.00,4.866707,95.365234375
08:00:37,912810TZ1,TSRYS5752098,D,B,A,2024-04-23,2000000.00,4.848376,95.58984375
08:00:37,912810TZ1,TSRYS5752098,D,S,A,2024-04-23,790000.00,4.842649,95.66015625
08:00:37,912810TZ1,TSRYS5752098,D,S,T,2024-04-23,1000000.00,4.848066,95.593648
08:00:37,912810TZ1,TSRYS5752098,D,S,T,2024-04-23,1000000.00,4.848066,95.593648
08:00:37,912810TZ1,TSRYS5752098,D,S,T,2024-04-23,1000000.00,4.846467,95.61328125
08:00:37,912810TZ1,TSRYS5752098,D,S,T,2024-04-23,1000000.00,4.84949,95.576171875
08:00:37,912810TZ1,TSRYS5752098,D,S,T,2024-04-23,1000000.00,4.84949,95.576171875
08:00:37,912810TZ1,TSRYS5752098,D,S,T,2024-04-23,1000000.00,4.836769,95.732421875
08:00:37,912810TZ1,TSRYS5752098,D,S,T,2024-04-23,1000000.00,4.836769,95.732421875
08:00:37,912810TZ1,TSRYS5752098,D,S,T,2024-04-23,1000000.00,4.833911,95.767578125
08:00:37,912810TZ1,TSRYS5752098,D,S,T,2024-04-23,1000000.00,4.833911,95.767578125
08:00:37,912810TZ1,TSRYS5752098,D,S,T,2024-04-23,1000000.00,4.853312,95.529296875
08:00:37,912810TZ1,TSRYS5752098,D,S,T,2024-04-23,1000000.00,4.853312,95.529296875
08:00:37,912810TZ1,TSRYS5752098,D,S,T,2024-04-23,1000000.00,4.853312,95.529296875
08:00:37,912810TZ1,TSRYS5752098,D,S,T,2024-04-23,1000000.00,4.853312,95.529296875
08:00:37,912810TZ1,TSRYS5752098,D,S,T,2024-04-23,1000000.00,4.859368,95.455078125
08:00:37,912810TZ1,TSRYS5752098,D,S,T,2024-04-23,1000000.00,4.841696,95.671875
08:00:37,912810TZ1,TSRYS5752098,D,S,T,2024-04-23,1000000.00,4.841696,95.671875
08:00:37,912810TZ1,TSRYS5752098,D,S,T,2024-04-23,1000000.00,4.841696,95.671875
08:00:37,912810TZ1,TSRYS5752098,D,S,T,2024-04-23,1000000.00,4.841696,95.671875
08:00:37,912810TZ1,TSRYS5752098,D,S,T,2024-04-23,1000000.00,4.841696,95.671875
08:00:37,912810TZ1,TSRYS5752098,D,S,T,2024-04-23,1000000.00,4.841696,95.671875
08:00:37,912810TZ1,TSRYS5752098,D,S,T,2024-04-23,1000000.00,4.841696,95.671875
08:00:37,912810TZ1,TSRYS5752098,D,S,T,2024-04-23,1000000.00,4.841696,95.671875
08:00:37,912810TZ1,TSRYS5752098,D,S,T,2024-04-23,1000000.00,4.840424,95.6875
08:00:37,912810TZ1,TSRYS5752098,D,S,T,2024-04-23,1000000.00,4.840424,95.6875
08:00:37,912810TZ1,TSRYS5752098,D,S,T,2024-04-23,1000000.00,4.840424,95.6875
08:00:37,912810TZ1,TSRYS5752098,D,S,T,2024-04-23,1000000.00,4.840106,95.69140625
08:00:37,912810TZ1,TSRYS5752098,D,S,T,2024-04-23,1000000.00,4.840424,95.6875
08:00:37,912810TZ1,TSRYS5752098,D,S,T,2024-04-23,1000000.00,4.839629,95.697265625
08:00:37,912810TZ1,TSRYS5752098,D,S,T,2024-04-23,1000000.00,4.840424,95.6875
08:00:37,912810TZ1,TSRYS5752098,D,S,T,2024-04-23,1000000.00,4.842967,95.65625
08:00:37,912810TZ1,TSRYS5752098,D,S,T,2024-04-23,1000000.00,4.842967,95.65625
08:00:37,912810TZ1,TSRYS5752098,D,S,T,2024-04-23,1000000.00,4.842967,95.65625
08:00:37,912810TZ1,TSRYS5752098,D,S,T,2024-04-23,1000000.00,4.842967,95.65625
08:00:37,912810TZ1,TSRYS5752098,D,S,T,2024-04-23,1000000.00,4.842967,95.65625
08:00:37,912810TZ1,TSRYS5752098,D,S,T,2024-04-23,1000000.00,4.849331,95.578125
08:00:37,912810TZ1,TSRYS5752098,D,S,T,2024-04-23,1000000.00,4.849331,95.578125
08:00:37,912810TZ1,TSRYS5752098,D,S,T,2024-04-23,1000000.00,4.849331,95.578125
08:00:37,912810TZ1,TSRYS5752098,D,S,D,2024-04-23,125000.00,4.857614,95.4765625
08:00:37,912810TZ1,TSRYS5752098,D,S,T,2024-04-23,1000000.00,4.859846,95.44921875
08:00:37,912810TZ1,TSRYS5752098,D,S,T,2024-04-23,1000000.00,4.860165,95.4453125
08:00:37,912810TZ1,TSRYS5752098,D,S,T,2024-04-23,1000000.00,4.859527,95.453125
08:00:37,912810TZ1,TSRYS5752098,D,S,T,2024-04-23,1000000.00,4.859527,95.453125
08:00:37,912810TZ1,TSRYS5752098,D,S,T,2024-04-23,1000000.00,4.859527,95.453125
08:00:37,912810TZ1,TSRYS5752098,D,S,T,2024-04-23,1000000.00,4.856977,95.484375
08:00:37,912810TZ1,TSRYS5752098,D,S,T,2024-04-23,1000000.00,4.860803,95.4375
08:00:37,912810TZ1,TSRYS5752098,D,S,T,2024-04-23,1000000.00,4.860803,95.4375
08:00:37,912810TZ1,TSRYS5752098,D,S,T,2024-04-23,1000000.00,4.865909,95.375
08:00:37,912810TZ1,TSRYS5752098,D,S,T,2024-04-23,1000000.00,4.865909,95.375
08:00:37,912810TZ1,TSRYS5752098,D,S,T,2024-04-23,1000000.00,4.865909,95.375
08:00:37,912810TZ1,TSRYS5752098,D,S,T,2024-04-23,1000000.00,4.865909,95.375
08:00:37,912810TZ1,TSRYS5752098,D,S,T,2024-04-23,1000000.00,4.865909,95.375
08:00:37,912810TZ1,TSRYS5752098,D,S,T,2024-04-23,1000000.00,4.865909,95.375
08:00:37,912810TZ1,TSRYS5752098,D,S,T,2024-04-23,1000000.00,4.870061,95.32421875
08:00:37,912810TZ1,TSRYS5752098,D,S,T,2024-04-23,1000000.00,4.871019,95.3125
08:00:37,912810TZ1,TSRYS5752098,D,S,T,2024-04-23,1000000.00,4.871019,95.3125
08:00:37,912810TZ1,TSRYS5752098,D,S,T,2024-04-23,1000000.00,4.873576,95.28125
08:00:37,912810TZ1,TSRYS5752098,D,S,T,2024-04-23,1000000.00,4.874855,95.265625
08:00:37,912810TZ1,TSRYS5752098,D,S,T,2024-04-23,1000000.00,4.874535,95.26953125
08:00:37,912810TZ1,TSRYS5752098,D,S,T,2024-04-23,1000000.00,4.874855,95.265625
08:00:37,912810TZ1,TSRYS5752098,D,S,T,2024-04-23,1000000.00,4.875494,95.2578125
08:00:37,912810TZ1,TSRYS5752098,D,S,T,2024-04-23,1000000.00,4.874855,95.265625
08:00:37,912810TZ1,TSRYS5752098,D,S,T,2024-04-23,1000000.00,4.874855,95.265625
08:00:37,912810TZ1,TSRYS5752098,D,S,T,2024-04-23,1000000.00,4.874855,95.265625
08:00:37,912810TZ1,TSRYS5752098,D,S,T,2024-04-23,1000000.00,4.874855,95.265625
08:00:37,912810TZ1,TSRYS5752098,D,S,T,2024-04-23,1000000.00,4.877413,95.234375
08:00:37,912810TZ1,TSRYS5752098,D,S,T,2024-04-23,1000000.00,4.876134,95.25
08:00:37,912810TZ1,TSRYS5752098,D,S,T,2024-04-23,1000000.00,4.877413,95.234375
08:00:37,912810TZ1,TSRYS5752098,D,S,T,2024-04-23,1000000.00,4.878853,95.216796875
08:00:37,912810TZ1,TSRYS5752098,D,S,T,2024-04-23,1000000.00,4.878853,95.216796875
08:00:37,912810TZ1,TSRYS5752098,D,S,T,2024-04-23,1000000.00,4.878853,95.216796875
08:00:37,912810TZ1,TSRYS5752098,D,S,T,2024-04-23,1000000.00,4.881253,95.1875
08:00:37,912810TZ1,TSRYS5752098,D,S,T,2024-04-23,1000000.00,4.881253,95.1875
08:00:37,912810TZ1,TSRYS5752098,D,S,T,2024-04-23,1000000.00,4.881253,95.1875
08:00:38,912810TZ1,TSRYS5752098,D,S,T,2024-04-23,1000000.00,4.881253,95.1875
08:00:38,912810TZ1,TSRYS5752098,D,S,D,2024-04-23,1000000.00,4.882854,95.16796875
08:00:40,912810TZ1,TSRYS5752098,D,S,T,2024-04-23,1000000.00,4.84424,95.640625
08:00:40,912810TZ1,TSRYS5752098,D,S,T,2024-04-23,1000000.00,4.84424,95.640625
08:00:40,912810TZ1,TSRYS5752098,D,S,T,2024-04-23,1000000.00,4.84424,95.640625
08:00:40,912810TZ1,TSRYS5752098,D,S,T,2024-04-23,1000000.00,4.84424,95.640625
08:00:40,912810TZ1,TSRYS5752098,D,S,T,2024-04-23,1000000.00,4.84424,95.640625
08:00:40,912810TZ1,TSRYS5752098,D,S,T,2024-04-23,1000000.00,4.841696,95.671875
08:00:41,912810TZ1,TSRYS5752098,D,S,T,2024-04-23,1000000.00,4.84424,95.640625
08:00:41,912810TZ1,TSRYS5752098,D,S,T,2024-04-23,1000000.00,4.845512,95.625
08:00:41,912810TZ1,TSRYS5752098,D,S,T,2024-04-23,1000000.00,4.849331,95.578125
08:00:41,912810TZ1,TSRYS5752098,D,S,T,2024-04-23,1000000.00,4.851879,95.546875
08:00:41,912810TZ1,TSRYS5752098,D,S,T,2024-04-23,1000000.00,4.876134,95.25
08:00:41,912810TZ1,TSRYS5752098,D,S,T,2024-04-23,1000000.00,4.878693,95.21875
08:00:41,912810TZ1,TSRYS5752098,D,S,T,2024-04-23,1000000.00,4.879973,95.203125
08:00:42,912810TZ1,TSRYS5752098,D,S,D,2024-04-23,330000.00,4.848058,95.59375
08:00:43,912810TZ1,TSRYS5752098,D,S,T,2024-04-23,1000000.00,4.84424,95.640625
08:00:43,912810TZ1,TSRYS5752098,D,S,T,2024-04-23,1000000.00,4.84424,95.640625
08:00:43,912810TZ1,TSRYS5752098,D,S,T,2024-04-23,1000000.00,4.84424,95.640625
08:00:43,912810TZ1,TSRYS5752098,D,S,T,2024-04-23,1000000.00,4.84424,95.640625
08:00:46,912810TZ1,TSRYS5752098,D,S,D,2024-04-23,1000000.00,4.880933,95.19140625
08:00:46,912810TZ1,TSRYS5752098,D,S,D,2024-04-23,1000000.00,4.850923,95.55859375
08:00:46,912810TZ1,TSRYS5752098,D,S,D,2024-04-23,1000000.00,4.850605,95.5625
08:00:47,912810TZ1,TSRYS5752098,D,S,D,2024-04-23,2000000.00,4.880613,95.1953125
08:00:51,912810TZ1,TSRYS5752098,D,S,T,2024-04-23,1000000.00,4.850605,95.5625
08:00:51,912810TZ1,TSRYS5752098,D,S,T,2024-04-23,1000000.00,4.849331,95.578125
08:00:53,912810TZ1,TSRYS5752098,D,S,D,2024-04-23,790000.00,4.871019,95.3125
08:00:53,912810TZ1,TSRYS5752098,D,B,A,2024-04-23,250000.00,4.849331,95.578125
08:00:53,912810TZ1,TSRYS5752098,D,B,A,2024-04-23,430000.00,4.850605,95.5625
08:00:53,912810TZ1,TSRYS5752098,D,S,A,2024-04-23,50000.00,4.84965,95.57421875
08:00:55,912810TZ1,TSRYS5752098,D,S,D,2024-04-23,1000000.00,4.869102,95.3359375
08:00:55,912810TZ1,TSRYS5752098,D,S,T,2024-04-23,1000000.00,4.850613,95.5624
08:00:55,912810TZ1,TSRYS5752098,D,S,T,2024-04-23,1000000.00,4.876942,95.240134375
08:00:56,912810TZ1,TSRYS5752098,D,S,T,2024-04-23,1000000.00,4.881742,95.181540625
08:00:56,912810TZ1,TSRYS5752098,D,S,T,2024-04-23,1000000.00,4.881742,95.181540625
08:00:56,912810TZ1,TSRYS5752098,D,S,T,2024-04-23,1000000.00,4.881902,95.1795875
08:00:56,912810TZ1,TSRYS5752098,D,S,T,2024-04-23,1000000.00,4.882062,95.177634375
08:00:58,912810TZ1,TSRYS5752098,D,S,D,2024-04-23,1000000.00,4.882214,95.17578125
08:00:58,912810TZ1,TSRYS5752098,D,S,D,2024-04-23,1000000.00,4.882214,95.17578125
08:00:58,912810TZ1,TSRYS5752098,D,S,D,2024-04-23,1000000.00,4.882214,95.17578125
08:00:59,912810TZ1,TSRYS5752098,D,S,D,2024-04-23,1000000.00,4.882214,95.17578125
08:01:01,912810TZ1,TSRYS5752098,D,S,D,2024-04-23,1000000.00,4.848376,95.58984375
08:01:01,912810TZ1,TSRYS5752098,D,S,D,2024-04-23,1000000.00,4.843922,95.64453125
08:01:01,912810TZ1,TSRYS5752098,D,S,D,2024-04-23,1000000.00,4.842967,95.65625
08:01:01,912810TZ1,TSRYS5752098,D,S,D,2024-04-23,1000000.00,4.842649,95.66015625
08:01:01,912810TZ1,TSRYS5752098,D,S,C,2024-04-23,1000000.00,4.842967,95.65625
08:01:02,912810TZ1,TSRYS5752098,D,S,C,2024-04-23,1000000.00,4.85379,95.5234375
08:01:02,912810TZ1,TSRYS5752098,D,B,C,2024-04-23,1000000.00,4.85379,95.5234375
08:01:02,912810TZ1,TSRYS5752098,D,S,C,2024-04-23,1000000.00,4.863036,95.41015625
08:01:02,912810TZ1,TSRYS5752098,D,S,T,2024-04-23,1000000.00,4.850764,95.560546875
08:01:02,912810TZ1,TSRYS5752098,D,B,C,2024-04-23,1000000.00,4.83947,95.69921875
08:01:02,912810TZ1,TSRYS5752098,D,S,D,2024-04-23,1000000.00,4.83947,95.69921875
08:01:02,912810TZ1,TSRYS5752098,D,S,C,2024-04-23,1000000.00,4.84965,95.57421875
08:01:02,912810TZ1,TSRYS5752098,D,B,C,2024-04-23,1000000.00,4.84965,95.57421875
08:01:02,912810TZ1,TSRYS5752098,D,S,C,2024-04-23,1000000.00,4.859209,95.45703125
08:01:03,912810TZ1,TSRYS5752098,D,S,T,2024-04-23,5000000.00,4.849331,95.578125
08:01:03,912810TZ1,TSRYS5752098,D,S,T,2024-04-23,1000000.00,4.853153,95.53125
08:01:03,912810TZ1,TSRYS5752098,D,S,T,2024-04-23,1000000.00,4.853153,95.53125
08:01:03,912810TZ1,TSRYS5752098,D,S,T,2024-04-23,1000000.00,4.853161,95.531148
08:01:04,912810TZ1,TSRYS5752098,D,S,A,2024-04-23,5000000.00,4.848,95.594461
08:01:04,912810TZ1,TSRYS5752098,D,S,A,2024-04-23,5000000.00,4.857,95.48409
08:01:04,912810TZ1,TSRYS5752098,D,B,C,2024-04-23,1000000.00,4.863966,95.3984375
08:01:05,912810TZ1,TSRYS5752098,D,S,T,2024-04-23,1000000.00,4.873584,95.281148
08:01:11,912810TZ1,TSRYS5752098,D,S,D,2024-04-23,1000000.00,4.848319,95.5905438
08:01:11,912810TZ1,TSRYS5752098,D,S,D,2024-04-23,10000000.00,4.842927,95.65675
08:01:12,912810TZ1,TSRYS5752098,D,S,D,2024-04-23,1000000.00,4.850605,95.5625
08:01:13,912810TZ1,TSRYS5752098,D,S,T,2024-04-23,1000000.00,4.879973,95.203125
08:01:14,912810TZ1,TSRYS5752098,D,S,T,2024-04-23,1000000.00,4.850764,95.560546875
08:01:17,912810TZ1,TSRYS5752098,D,S,T,2024-04-23,1000000.00,4.850923,95.55859375
08:01:18,912810TZ1,TSRYS5752098,D,S,C,2024-04-23,1000000.00,4.846785,95.609375
08:01:18,912810TZ1,TSRYS5752098,D,S,T,2024-04-23,1000000.00,4.849331,95.578125
08:01:18,912810TZ1,TSRYS5752098,D,S,T,2024-04-23,1000000.00,4.854268,95.517578125
08:01:18,912810TZ1,TSRYS5752098,D,S,D,2024-04-23,1000000.00,4.846467,95.61328125
08:01:18,912810TZ1,TSRYS5752098,D,S,C,2024-04-23,2200000.00,4.867489,95.35566875
08:01:19,912810TZ1,TSRYS5752098,D,S,D,2024-04-23,1000000.00,4.84949,95.576171875
08:01:19,912810TZ1,TSRYS5752098,D,S,D,2024-04-23,1000000.00,4.84949,95.576171875
08:01:19,912810TZ1,TSRYS5752098,D,S,T,2024-04-23,1000000.00,4.850764,95.560546875
08:01:19,912810TZ1,TSRYS5752098,D,S,D,2024-04-23,1000000.00,4.848058,95.59375
08:01:20,912810TZ1,TSRYS5752098,D,S,T,2024-04-23,1000000.00,4.849331,95.578125
08:01:20,912810TZ1,TSRYS5752098,D,S,A,2024-04-23,3700000.00,4.875494,95.2578125
08:01:20,912810TZ1,TSRYS5752098,D,B,C,2024-04-23,3700000.00,4.875494,95.2578125
08:01:21,912810TZ1,TSRYS5752098,D,S,D,2024-04-23,1000000.00,4.86176,95.42578125
08:01:21,912810TZ1,TSRYS5752098,D,B,C,2024-04-23,1000000.00,4.86176,95.42578125
08:01:21,912810TZ1,TSRYS5752098,D,B,C,2024-04-23,1000000.00,4.86176,95.42578125
08:01:21,912810TZ1,TSRYS5752098,D,S,D,2024-04-23,1000000.00,4.86176,95.42578125
08:01:21,912810TZ1,TSRYS5752098,D,S,D,2024-04-23,1000000.00,4.86176,95.42578125
08:01:21,912810TZ1,TSRYS5752098,D,B,C,2024-04-23,1000000.00,4.86176,95.42578125
08:01:21,912810TZ1,TSRYS5752098,D,S,C,2024-04-23,1000000.00,4.863994,95.3984375
08:01:21,912810TZ1,TSRYS5752098,D,B,C,2024-04-23,1000000.00,4.863994,95.3984375
08:01:21,912810TZ1,TSRYS5752098,D,S,D,2024-04-23,1000000.00,4.866228,95.37109375
08:01:21,912810TZ1,TSRYS5752098,D,B,C,2024-04-23,1000000.00,4.866228,95.37109375
08:01:22,912810TZ1,TSRYS5752098,D,S,C,2024-04-23,1000000.00,4.869102,95.3359375
08:01:22,912810TZ1,TSRYS5752098,D,S,D,2024-04-23,790000.00,4.870061,95.32421875
08:01:22,912810TZ1,TSRYS5752098,D,S,C,2024-04-23,1000000.00,4.874855,95.265625
08:01:22,912810TZ1,TSRYS5752098,D,B,C,2024-04-23,1000000.00,4.874855,95.265625
08:01:22,912810TZ1,TSRYS5752098,D,S,D,2024-04-23,1000000.00,4.850923,95.55859375
08:01:22,912810TZ1,TSRYS5752098,D,S,C,2024-04-23,1000000.00,4.877094,95.23828125
08:01:23,912810TZ1,TSRYS5752098,D,S,C,2024-04-23,1000000.00,4.879653,95.20703125
08:01:23,912810TZ1,TSRYS5752098,D,S,D,2024-04-23,1000000.00,4.881253,95.1875
08:01:23,912810TZ1,TSRYS5752098,D,S,D,2024-04-23,1000000.00,4.881253,95.1875
08:01:23,912810TZ1,TSRYS5752098,D,S,D,2024-04-23,1000000.00,4.882214,95.17578125
08:01:23,912810TZ1,TSRYS5752098,D,S,D,2024-04-23,1000000.00,4.882214,95.17578125
08:01:23,912810TZ1,TSRYS5752098,D,S,D,2024-04-23,1000000.00,4.882214,95.17578125
08:01:23,912810TZ1,TSRYS5752098,D,S,D,2024-04-23,1000000.00,4.882214,95.17578125
08:01:23,912810TZ1,TSRYS5752098,D,S,C,2024-04-23,1000000.00,4.882214,95.17578125
08:01:23,912810TZ1,TSRYS5752098,D,B,C,2024-04-23,1000000.00,4.882214,95.17578125
08:01:23,912810TZ1,TSRYS5752098,D,S,D,2024-04-23,1000000.00,4.882854,95.16796875
08:01:23,912810TZ1,TSRYS5752098,D,B,C,2024-04-23,1000000.00,4.882854,95.16796875
08:01:23,912810TZ1,TSRYS5752098,D,S,C,2024-04-23,1000000.00,4.882214,95.17578125
08:01:24,912810TZ1,TSRYS5752098,D,S,A,2024-04-23,10000000.00,4.840477,95.6875
08:01:25,912810TZ1,TSRYS5752098,D,S,T,2024-04-23,2000000.00,4.854427,95.515625
08:01:26,912810TZ1,TSRYS5752098,D,S,A,2024-04-23,26000.00,4.855092,95.5078125
08:01:27,912810TZ1,TSRYS5752098,D,S,T,2024-04-23,1000000.00,4.838994,95.70507812
08:01:29,912810TZ1,TSRYS5752098,D,S,D,2024-04-23,1000000.00,4.856021,95.49609375
08:01:29,912810TZ1,TSRYS5752098,D,S,D,2024-04-23,1000000.00,4.856021,95.49609375
08:01:29,912810TZ1,TSRYS5752098,D,S,T,2024-04-23,1000000.00,4.855714,95.49985
08:01:29,912810TZ1,TSRYS5752098,D,S,D,2024-04-23,1000000.00,4.855702,95.5
08:01:29,912810TZ1,TSRYS5752098,D,S,T,2024-04-23,1000000.00,4.855714,95.49985
08:01:29,912810TZ1,TSRYS5752098,D,S,C,2024-04-23,1000000.00,4.855064,95.5078125
08:01:29,912810TZ1,TSRYS5752098,D,B,A,2024-04-23,6790000.00,4.862079,95.421875
08:01:29,912810TZ1,TSRYS5752098,D,S,T,2024-04-23,1000000.00,4.86192,95.423828125
08:01:29,912810TZ1,TSRYS5752098,D,S,T,2024-04-23,1000000.00,4.862079,95.421875
08:01:29,912810TZ1,TSRYS5752098,D,S,T,2024-04-23,1000000.00,4.861768,95.42568125
08:01:29,912810TZ1,TSRYS5752098,D,S,T,2024-04-23,1000000.00,4.861768,95.42568125
08:01:29,912810TZ1,TSRYS5752098,D,S,D,2024-04-23,1000000.00,4.855064,95.5078125
08:01:29,912810TZ1,TSRYS5752098,D,S,T,2024-04-23,1000000.00,4.861928,95.423728125
08:01:29,912810TZ1,TSRYS5752098,D,S,T,2024-04-23,1000000.00,4.862079,95.421875
08:01:29,912810TZ1,TSRYS5752098,D,S,D,2024-04-23,1000000.00,4.855064,95.5078125
08:01:29,912810TZ1,TSRYS5752098,D,S,D,2024-04-23,1000000.00,4.854746,95.51171875
08:01:29,912810TZ1,TSRYS5752098,D,S,D,2024-04-23,1000000.00,4.854746,95.51171875
08:01:29,912810TZ1,TSRYS5752098,D,S,D,2024-04-23,1000000.00,4.858252,95.46875
08:01:29,912810TZ1,TSRYS5752098,D,S,D,2024-04-23,1000000.00,4.858252,95.46875
08:01:29,912810TZ1,TSRYS5752098,D,S,D,2024-04-23,1000000.00,4.858252,95.46875
08:01:29,912810TZ1,TSRYS5752098,D,S,D,2024-04-23,1000000.00,4.858252,95.46875
08:01:29,912810TZ1,TSRYS5752098,D,S,T,2024-04-23,1000000.00,4.858264,95.4686
08:01:29,912810TZ1,TSRYS5752098,D,B,C,2024-04-23,11500000.00,4.856421,95.49119
08:01:29,912810TZ1,TSRYS5752098,D,B,C,2024-04-23,800000.00,4.856421,95.49119
08:01:29,912810TZ1,TSRYS5752098,D,B,C,2024-04-23,900000.00,4.856421,95.49119
08:01:29,912810TZ1,TSRYS5752098,D,B,C,2024-04-23,1100000.00,4.856421,95.49119
08:01:29,912810TZ1,TSRYS5752098,D,B,C,2024-04-23,700000.00,4.856421,95.49119
08:01:30,912810TZ1,TSRYS5752098,D,S,T,2024-04-23,1000000.00,4.850605,95.5625
08:01:30,912810TZ1,TSRYS5752098,D,S,A,2024-04-23,48500.00,4.848722,95.5859375
08:01:31,912810TZ1,TSRYS5752098,D,S,D,2024-04-23,1000000.00,4.837246,95.7265625
08:01:33,912810TZ1,TSRYS5752098,D,S,A,2024-04-23,122100.00,4.84424,95.640625
08:01:33,912810TZ1,TSRYS5752098,D,S,A,2024-04-23,13000.00,4.842358,95.6640625
08:01:33,912810TZ1,TSRYS5752098,D,S,A,2024-04-23,200000.00,4.841696,95.671875
08:01:33,912810TZ1,TSRYS5752098,D,S,T,2024-04-23,1000000.00,4.850764,95.560546875
08:01:34,912810TZ1,TSRYS5752098,D,S,T,2024-04-23,1000000.00,4.849331,95.578125
08:01:34,912810TZ1,TSRYS5752098,D,S,A,2024-04-23,358100.00,4.84106,95.6796875
08:01:34,912810TZ1,TSRYS5752098,D,B,A,2024-04-23,300000.00,4.838517,95.7109375
08:01:36,912810TZ1,TSRYS5752098,D,B,C,2024-04-23,1000000.00,4.846785,95.609375
08:01:36,912810TZ1,TSRYS5752098,D,S,T,2024-04-23,1000000.00,4.849331,95.578125
08:01:36,912810TZ1,TSRYS5752098,D,S,A,2024-04-23,850000.00,4.837246,95.7265625
08:01:37,912810TZ1,TSRYS5752098,D,S,D,2024-04-23,10000000.00,4.838025,95.71698
08:01:38,912810TZ1,TSRYS5752098,D,S,T,2024-04-23,2000000.00,4.854268,95.517578125
08:01:38,912810TZ1,TSRYS5752098,D,S,A,2024-04-23,300000.00,4.838517,95.7109375
08:01:39,912810TZ1,TSRYS5752098,D,B,A,2024-04-23,11000.00,4.84363,95.6484375
08:01:40,912810TZ1,TSRYS5752098,D,S,A,2024-04-23,370000.00,4.850684,95.561523438
08:01:41,912810TZ1,TSRYS5752098,D,S,C,2024-04-23,1000000.00,4.839311,95.70117187
08:01:41,912810TZ1,TSRYS5752098,D,S,D,2024-04-23,1000000.00,4.839311,95.70117187
08:01:41,912810TZ1,TSRYS5752098,D,S,D,2024-04-23,1000000.00,4.839311,95.70117187
08:01:42,912810TZ1,TSRYS5752098,D,B,A,2024-04-23,10000000.00,4.849331,95.578125
08:01:42,912810TZ1,TSRYS5752098,D,S,C,2024-04-23,1000000.00,4.837246,95.7265625
08:01:43,912810TZ1,TSRYS5752098,D,B,A,2024-04-23,395000.00,4.840424,95.6875
08:01:43,912810TZ1,TSRYS5752098,D,S,C,2024-04-23,1000000.00,4.838994,95.705078125
08:01:43,912810TZ1,TSRYS5752098,D,S,C,2024-04-23,1000000.00,4.836928,95.73046875
08:01:43,912810TZ1,TSRYS5752098,D,S,C,2024-04-23,1000000.00,4.837087,95.72851562
08:01:44,912810TZ1,TSRYS5752098,D,S,T,2024-04-23,1000000.00,4.837405,95.72460937
08:01:44,912810TZ1,TSRYS5752098,D,S,D,2024-04-23,1000000.00,4.837405,95.72460937
08:01:44,912810TZ1,TSRYS5752098,D,S,C,2024-04-23,1000000.00,4.835499,95.74804687
08:01:45,912810TZ1,TSRYS5752098,D,S,T,2024-04-23,1000000.00,4.842984,95.65605
08:01:45,912810TZ1,TSRYS5752098,D,S,T,2024-04-23,1000000.00,4.842984,95.65605
08:01:45,912810TZ1,TSRYS5752098,D,S,T,2024-04-23,1000000.00,4.842984,95.65605
08:01:45,912810TZ1,TSRYS5752098,D,S,T,2024-04-23,1000000.00,4.842984,95.65605
08:01:45,912810TZ1,TSRYS5752098,D,S,D,2024-04-23,1000000.00,4.843285,95.65234375
08:01:46,912810TZ1,TSRYS5752098,D,B,C,2024-04-23,5000000.00,4.84331,95.65204
08:01:46,912810TZ1,TSRYS5752098,D,S,A,2024-04-23,20000.00,4.85828,95.46875
08:01:47,912810TZ1,TSRYS5752098,D,S,A,2024-04-23,814800.00,4.847421,95.6015625
08:01:50,912810TZ1,TSRYS5752098,D,S,D,2024-04-23,2780000.00,4.836611,95.734375
08:01:51,912810TZ1,TSRYS5752098,D,S,A,2024-04-23,815700.00,4.855064,95.5078125
08:01:53,912810TZ1,TSRYS5752098,D,S,T,2024-04-23,1000000.00,4.849172,95.58007812
08:01:53,912810TZ1,TSRYS5752098,D,S,T,2024-04-23,1000000.00,4.849172,95.58007812
08:01:54,912810TZ1,TSRYS5752098,D,S,A,2024-04-23,236700.00,4.85889,95.4609375
08:01:56,912810TZ1,TSRYS5752098,D,S,D,2024-04-23,1000000.00,4.843922,95.64453125
08:01:56,912810TZ1,TSRYS5752098,D,S,D,2024-04-23,1000000.00,4.843763,95.646484375
08:01:56,912810TZ1,TSRYS5752098,D,B,C,2024-04-23,1000000.00,4.843285,95.65234375
08:01:56,912810TZ1,TSRYS5752098,D,S,D,2024-04-23,1000000.00,4.843285,95.65234375
08:01:56,912810TZ1,TSRYS5752098,D,B,C,2024-04-23,1000000.00,4.842967,95.65625
08:01:56,912810TZ1,TSRYS5752098,D,S,D,2024-04-23,1000000.00,4.842967,95.656425
08:01:56,912810TZ1,TSRYS5752098,D,S,D,2024-04-23,1000000.00,4.842967,95.65625
08:01:56,912810TZ1,TSRYS5752098,D,S,D,2024-04-23,1000000.00,4.842808,95.658203125
08:01:56,912810TZ1,TSRYS5752098,D,S,C,2024-04-23,1000000.00,4.851862,95.547075
08:01:56,912810TZ1,TSRYS5752098,D,S,D,2024-04-23,1000000.00,4.842649,95.66015625
08:01:56,912810TZ1,TSRYS5752098,D,B,C,2024-04-23,1000000.00,4.848074,95.59355
08:01:56,912810TZ1,TSRYS5752098,D,S,D,2024-04-23,1000000.00,4.848058,95.59375
08:01:57,912810TZ1,TSRYS5752098,D,S,D,2024-04-23,1000000.00,4.859527,95.453125
08:01:57,912810TZ1,TSRYS5752098,D,S,T,2024-04-23,2000000.00,4.859368,95.45507812
08:01:57,912810TZ1,TSRYS5752098,D,S,D,2024-04-23,1000000.00,4.863036,95.41015625
08:01:57,912810TZ1,TSRYS5752098,D,S,D,2024-04-23,1000000.00,4.861282,95.43164062
08:01:57,912810TZ1,TSRYS5752098,D,S,T,2024-04-23,1000000.00,4.861441,95.4296875
08:01:57,912810TZ1,TSRYS5752098,D,S,T,2024-04-23,1000000.00,4.861441,95.4296875
08:01:58,912810TZ1,TSRYS5752098,D,S,D,2024-04-23,1000000.00,4.859846,95.44921875
08:01:58,912810TZ1,TSRYS5752098,D,S,T,2024-04-23,1000000.00,4.860165,95.4453125
08:01:58,912810TZ1,TSRYS5752098,D,S,D,2024-04-23,1000000.00,4.860165,95.4453125
08:01:58,912810TZ1,TSRYS5752098,D,B,C,2024-04-23,10000000.00,4.86081,95.43742
08:02:00,912810TZ1,TSRYS5752098,D,S,T,2024-04-23,1000000.00,4.851719,95.54882812
08:02:00,912810TZ1,TSRYS5752098,D,S,T,2024-04-23,1000000.00,4.852197,95.54296875
08:02:01,912810TZ1,TSRYS5752098,D,B,C,2024-04-23,3000000.00,4.877094,95.23828125
08:02:01,912810TZ1,TSRYS5752098,D,S,D,2024-04-23,3000000.00,4.845314,95.62743
08:02:02,912810TZ1,TSRYS5752098,D,S,D,2024-04-23,2000000.00,4.852048,95.5448
08:02:04,912810TZ1,TSRYS5752098,D,S,D,2024-04-23,3800000.00,4.862079,95.421875
08:02:05,912810TZ1,TSRYS5752098,D,S,T,2024-04-23,1000000.00,4.860803,95.4375
08:02:05,912810TZ1,TSRYS5752098,D,S,T,2024-04-23,1000000.00,4.860803,95.4375
08:02:05,912810TZ1,TSRYS5752098,D,S,T,2024-04-23,1000000.00,4.862239,95.41992187
08:02:05,912810TZ1,TSRYS5752098,D,S,T,2024-04-23,1000000.00,4.862398,95.41796875
08:02:05,912810TZ1,TSRYS5752098,D,B,A,2024-04-23,200000.00,4.851242,95.5546875
08:02:05,912810TZ1,TSRYS5752098,D,S,D,2024-04-23,1000000.00,4.869102,95.3359375
08:02:06,912810TZ1,TSRYS5752098,D,S,T,2024-04-23,1000000.00,4.876934,95.24023437
08:02:07,912810TZ1,TSRYS5752098,D,B,C,2024-04-23,1000000.00,4.840424,95.6875
08:02:08,912810TZ1,TSRYS5752098,D,S,A,2024-04-23,3300000.00,4.874855,95.265625
08:02:08,912810TZ1,TSRYS5752098,D,B,C,2024-04-23,1000000.00,4.839629,95.69726562
08:02:08,912810TZ1,TSRYS5752098,D,B,C,2024-04-23,2000000.00,4.83947,95.69921875
08:02:08,912810TZ1,TSRYS5752098,D,S,T,2024-04-23,1000000.00,4.839153,95.703125
08:02:10,912810TZ1,TSRYS5752098,D,B,C,2024-04-23,1000000.00,4.85379,95.5234375
08:02:11,912810TZ1,TSRYS5752098,D,S,C,2024-04-23,5000000.00,4.853599,95.52578
08:02:12,912810TZ1,TSRYS5752098,D,S,C,2024-04-23,5000000.00,4.858658,95.46378
08:02:14,912810TZ1,TSRYS5752098,D,B,C,2024-04-23,1000000.00,4.86176,95.42578125
08:02:14,912810TZ1,TSRYS5752098,D,S,D,2024-04-23,1000000.00,4.848058,95.59375
08:02:15,912810TZ1,TSRYS5752098,D,B,C,2024-04-23,1000000.00,4.86176,95.42578125
08:02:15,912810TZ1,TSRYS5752098,D,B,C,2024-04-23,1000000.00,4.865909,95.375
08:02:16,912810TZ1,TSRYS5752098,D,B,C,2024-04-23,1000000.00,4.865909,95.375
08:02:16,912810TZ1,TSRYS5752098,D,B,C,2024-04-23,1000000.00,4.865909,95.375
08:02:16,912810TZ1,TSRYS5752098,D,S,D,2024-04-23,1000000.00,4.835975,95.7421875
08:02:16,912810TZ1,TSRYS5752098,D,S,D,2024-04-23,1000000.00,4.836611,95.734375
08:02:16,912810TZ1,TSRYS5752098,D,S,D,2024-04-23,1000000.00,4.836611,95.734375
08:02:16,912810TZ1,TSRYS5752098,D,S,D,2024-04-23,1000000.00,4.836134,95.740234375
08:02:16,912810TZ1,TSRYS5752098,D,S,D,2024-04-23,1000000.00,4.836452,95.736328125
08:02:16,912810TZ1,TSRYS5752098,D,S,D,2024-04-23,2000000.00,4.836611,95.734375
08:02:16,912810TZ1,TSRYS5752098,D,S,D,2024-04-23,1000000.00,4.836769,95.732421875
08:02:16,912810TZ1,TSRYS5752098,D,S,D,2024-04-23,1000000.00,4.836769,95.732421875
08:02:16,912810TZ1,TSRYS5752098,D,S,D,2024-04-23,1000000.00,4.837405,95.724609375
08:02:17,912810TZ1,TSRYS5752098,D,B,C,2024-04-23,1000000.00,4.865909,95.375
08:02:18,912810TZ1,TSRYS5752098,D,S,D,2024-04-23,1000000.00,4.848058,95.59375
08:02:18,912810TZ1,TSRYS5752098,D,S,D,2024-04-23,1000000.00,4.848058,95.59375
08:02:18,912810TZ1,TSRYS5752098,D,B,C,2024-04-23,1000000.00,4.848058,95.59375
08:02:18,912810TZ1,TSRYS5752098,D,S,D,2024-04-23,1000000.00,4.848058,95.59375
08:02:19,912810TZ1,TSRYS5752098,D,B,C,2024-04-23,1000000.00,4.846785,95.609375
08:02:19,912810TZ1,TSRYS5752098,D,S,C,2024-04-23,1000000.00,4.846785,95.609375
08:02:19,912810TZ1,TSRYS5752098,D,S,D,2024-04-23,1000000.00,4.846785,95.609375
08:02:19,912810TZ1,TSRYS5752098,D,B,C,2024-04-23,1000000.00,4.846785,95.609375
08:02:19,912810TZ1,TSRYS5752098,D,S,D,2024-04-23,1000000.00,4.846785,95.609375
08:02:19,912810TZ1,TSRYS5752098,D,S,D,2024-04-23,1000000.00,4.846785,95.609375
08:02:19,912810TZ1,TSRYS5752098,D,S,D,2024-04-23,1000000.00,4.846785,95.609375
08:02:19,912810TZ1,TSRYS5752098,D,S,D,2024-04-23,700000.00,4.882534,95.171875
08:02:19,912810TZ1,TSRYS5752098,D,B,C,2024-04-23,1000000.00,4.845528,95.6248
08:02:19,912810TZ1,TSRYS5752098,D,B,C,2024-04-23,1000000.00,4.845528,95.6248
08:02:19,912810TZ1,TSRYS5752098,D,S,D,2024-04-23,1000000.00,4.845512,95.625
08:02:19,912810TZ1,TSRYS5752098,D,S,D,2024-04-23,1000000.00,4.845512,95.625
08:02:19,912810TZ1,TSRYS5752098,D,S,D,2024-04-23,1000000.00,4.845512,95.625
08:02:19,912810TZ1,TSRYS5752098,D,B,C,2024-04-23,1000000.00,4.845528,95.6248
08:02:19,912810TZ1,TSRYS5752098,D,B,C,2024-04-23,1000000.00,4.845512,95.625
08:02:19,912810TZ1,TSRYS5752098,D,S,D,2024-04-23,1000000.00,4.845512,95.625
08:02:19,912810TZ1,TSRYS5752098,D,S,D,2024-04-23,1000000.00,4.845512,95.625
08:02:19,912810TZ1,TSRYS5752098,D,B,C,2024-04-23,1000000.00,4.868304,95.34570312
08:02:20,912810TZ1,TSRYS5752098,D,B,C,2024-04-23,1000000.00,4.84171,95.6717
08:02:20,912810TZ1,TSRYS5752098,D,S,C,2024-04-23,1000000.00,4.841679,95.672075
08:02:20,912810TZ1,TSRYS5752098,D,B,C,2024-04-23,1000000.00,4.874695,95.26757812
08:02:20,912810TZ1,TSRYS5752098,D,S,D,2024-04-23,1000000.00,4.833911,95.767578125
08:02:20,912810TZ1,TSRYS5752098,D,S,C,2024-04-23,7000000.00,4.870142,95.32323
08:02:21,912810TZ1,TSRYS5752098,D,S,D,2024-04-23,1000000.00,4.841685,95.672005
08:02:21,912810TZ1,TSRYS5752098,D,S,T,2024-04-23,1000000.00,4.845353,95.626953125
08:02:21,912810TZ1,TSRYS5752098,D,S,T,2024-04-23,2000000.00,4.844081,95.642578125
08:02:21,912810TZ1,TSRYS5752098,D,S,C,2024-04-23,1000000.00,4.841696,95.671875
08:02:21,912810TZ1,TSRYS5752098,D,B,C,2024-04-23,1000000.00,4.841696,95.671875
08:02:21,912810TZ1,TSRYS5752098,D,S,T,2024-04-23,2000000.00,4.845353,95.626953125
08:02:21,912810TZ1,TSRYS5752098,D,S,C,2024-04-23,1000000.00,4.841696,95.671875
08:02:21,912810TZ1,TSRYS5752098,D,S,T,2024-04-23,1000000.00,4.849968,95.5703125
08:02:21,912810TZ1,TSRYS5752098,D,S,T,2024-04-23,1000000.00,4.848058,95.59375
08:02:21,912810TZ1,TSRYS5752098,D,S,T,2024-04-23,1000000.00,4.850127,95.568359375
08:02:21,912810TZ1,TSRYS5752098,D,S,T,2024-04-23,2000000.00,4.850127,95.568359375
08:02:21,912810TZ1,TSRYS5752098,D,S,T,2024-04-23,2000000.00,4.836928,95.73046875
08:02:21,912810TZ1,TSRYS5752098,D,S,T,2024-04-23,1000000.00,4.836928,95.73046875
08:02:21,912810TZ1,TSRYS5752098,D,S,T,2024-04-23,1000000.00,4.835022,95.75390625
08:02:21,912810TZ1,TSRYS5752098,D,S,T,2024-04-23,1000000.00,4.844558,95.63671875
08:02:21,912810TZ1,TSRYS5752098,D,B,C,2024-04-23,1000000.00,4.874535,95.26953125
08:02:21,912810TZ1,TSRYS5752098,D,S,D,2024-04-23,1000000.00,4.875015,95.26367187
08:02:21,912810TZ1,TSRYS5752098,D,S,C,2024-04-23,1000000.00,4.874855,95.265625
08:02:22,912810TZ1,TSRYS5752098,D,S,C,2024-04-23,1000000.00,4.874855,95.265625
08:02:22,912810TZ1,TSRYS5752098,D,B,C,2024-04-23,1000000.00,4.874535,95.26953125
08:02:22,912810TZ1,TSRYS5752098,D,S,T,2024-04-23,1000000.00,4.875175,95.26171875
08:02:22,912810TZ1,TSRYS5752098,D,S,T,2024-04-23,1000000.00,4.875175,95.26171875
08:02:22,912810TZ1,TSRYS5752098,D,S,C,2024-04-23,1000000.00,4.875175,95.26171875
08:02:22,912810TZ1,TSRYS5752098,D,S,C,2024-04-23,1000000.00,4.875175,95.26171875
08:02:22,912810TZ1,TSRYS5752098,D,S,T,2024-04-23,1000000.00,4.875175,95.26171875
08:02:22,912810TZ1,TSRYS5752098,D,S,T,2024-04-23,1000000.00,4.839788,95.6953125
08:02:22,912810TZ1,TSRYS5752098,D,S,C,2024-04-23,1000000.00,4.839136,95.703325
08:02:22,912810TZ1,TSRYS5752098,D,S,C,2024-04-23,1000000.00,4.875175,95.26171875
08:02:22,912810TZ1,TSRYS5752098,D,S,T,2024-04-23,2000000.00,4.843763,95.646484375
08:02:22,912810TZ1,TSRYS5752098,D,S,T,2024-04-23,1000000.00,4.835022,95.75390625
08:02:22,912810TZ1,TSRYS5752098,D,S,D,2024-04-23,1000000.00,4.876774,95.2421875
08:02:22,912810TZ1,TSRYS5752098,D,S,T,2024-04-23,1000000.00,4.839788,95.6953125
08:02:22,912810TZ1,TSRYS5752098,D,S,D,2024-04-23,1000000.00,4.876614,95.24414062
08:02:22,912810TZ1,TSRYS5752098,D,S,A,2024-04-23,5000000.00,4.717146,97.21875
08:02:22,912810TZ1,TSRYS5752098,D,S,A,2024-04-23,1750000.00,4.857933,95.47265625
08:02:22,912810TZ1,TSRYS5752098,D,S,T,2024-04-23,1000000.00,4.876774,95.2421875
08:02:22,912810TZ1,TSRYS5752098,D,S,D,2024-04-23,1000000.00,4.877253,95.23632812
08:02:23,912810TZ1,TSRYS5752098,D,S,A,2024-04-23,515000.00,4.859209,95.45703125
08:02:23,912810TZ1,TSRYS5752098,D,S,D,2024-04-23,1000000.00,4.877094,95.23828125
08:02:23,912810TZ1,TSRYS5752098,D,S,D,2024-04-23,1000000.00,4.877413,95.234375
08:02:23,912810TZ1,TSRYS5752098,D,S,A,2024-04-23,160000.00,4.854427,95.515625
08:02:23,912810TZ1,TSRYS5752098,D,S,D,2024-04-23,1000000.00,4.840413,95.68763
08:02:23,912810TZ1,TSRYS5752098,D,S,T,2024-04-23,1000000.00,4.879653,95.20703125
08:02:23,912810TZ1,TSRYS5752098,D,S,D,2024-04-23,1000000.00,4.879493,95.20898437
08:02:24,912810TZ1,TSRYS5752098,D,S,C,2024-04-23,255000.00,4.837564,95.72265625
08:02:24,912810TZ1,TSRYS5752098,D,B,A,2024-04-23,250000.00,4.850313,95.56640625
08:02:24,912810TZ1,TSRYS5752098,D,S,C,2024-04-23,37000000.00,4.848385,95.58973
08:02:24,912810TZ1,TSRYS5752098,D,B,C,2024-04-23,1000000.00,4.878693,95.21875
08:02:25,912810TZ1,TSRYS5752098,D,S,D,2024-04-23,1000000.00,4.84106,95.6796875
08:02:26,912810TZ1,TSRYS5752098,D,S,T,2024-04-23,1000000.00,4.879653,95.20703125
08:02:26,912810TZ1,TSRYS5752098,D,S,D,2024-04-23,1000000.00,4.881733,95.18164062
08:02:27,912810TZ1,TSRYS5752098,D,S,D,2024-04-23,1000000.00,4.881253,95.1875
08:02:27,912810TZ1,TSRYS5752098,D,S,C,2024-04-23,1000000.00,4.881733,95.18164062
08:02:27,912810TZ1,TSRYS5752098,D,S,D,2024-04-23,1000000.00,4.881253,95.1875
08:02:27,912810TZ1,TSRYS5752098,D,S,D,2024-04-23,1000000.00,4.881253,95.1875
08:02:27,912810TZ1,TSRYS5752098,D,S,T,2024-04-23,1000000.00,4.881733,95.18164062
08:02:27,912810TZ1,TSRYS5752098,D,S,T,2024-04-23,1000000.00,4.881893,95.1796875
08:02:27,912810TZ1,TSRYS5752098,D,S,T,2024-04-23,1000000.00,4.881733,95.18164062
08:02:27,912810TZ1,TSRYS5752098,D,S,T,2024-04-23,1000000.00,4.881733,95.18164062
08:02:27,912810TZ1,TSRYS5752098,D,S,D,2024-04-23,1000000.00,4.881893,95.1796875
08:02:27,912810TZ1,TSRYS5752098,D,S,D,2024-04-23,1000000.00,4.881893,95.1796875
08:02:27,912810TZ1,TSRYS5752098,D,S,T,2024-04-23,1000000.00,4.88127,95.1873
08:02:27,912810TZ1,TSRYS5752098,D,S,T,2024-04-23,1000000.00,4.88127,95.1873
08:02:27,912810TZ1,TSRYS5752098,D,S,T,2024-04-23,1000000.00,4.882053,95.17773437
08:02:27,912810TZ1,TSRYS5752098,D,S,T,2024-04-23,1000000.00,4.88127,95.1873
08:02:27,912810TZ1,TSRYS5752098,D,S,T,2024-04-23,1000000.00,4.88127,95.1873
08:02:27,912810TZ1,TSRYS5752098,D,S,T,2024-04-23,1000000.00,4.88127,95.1873
08:02:27,912810TZ1,TSRYS5752098,D,S,D,2024-04-23,1000000.00,4.882214,95.17578125
08:02:27,912810TZ1,TSRYS5752098,D,S,T,2024-04-23,1000000.00,4.882214,95.17578125
08:02:27,912810TZ1,TSRYS5752098,D,S,D,2024-04-23,1000000.00,4.882214,95.17578125
08:02:27,912810TZ1,TSRYS5752098,D,S,D,2024-04-23,1000000.00,4.882214,95.17578125
08:02:27,912810TZ1,TSRYS5752098,D,S,T,2024-04-23,1000000.00,4.882214,95.17578125
08:02:27,912810TZ1,TSRYS5752098,D,S,D,2024-04-23,1000000.00,4.882214,95.17578125
08:02:27,912810TZ1,TSRYS5752098,D,S,D,2024-04-23,1000000.00,4.881253,95.1875
08:02:27,912810TZ1,TSRYS5752098,D,S,D,2024-04-23,1000000.00,4.881413,95.18554687
08:02:27,912810TZ1,TSRYS5752098,D,S,T,2024-04-23,1000000.00,4.84424,95.640625
08:02:27,912810TZ1,TSRYS5752098,D,S,T,2024-04-23,1000000.00,4.84424,95.640625
08:02:27,912810TZ1,TSRYS5752098,D,S,T,2024-04-23,1000000.00,4.84424,95.640625
08:02:28,912810TZ1,TSRYS5752098,D,S,D,2024-04-23,1000000.00,4.882214,95.17578125
08:02:28,912810TZ1,TSRYS5752098,D,S,T,2024-04-23,1000000.00,4.882214,95.17578125
08:02:28,912810TZ1,TSRYS5752098,D,S,D,2024-04-23,1000000.00,4.882214,95.17578125
08:02:28,912810TZ1,TSRYS5752098,D,S,D,2024-04-23,1000000.00,4.881253,95.1875
08:02:28,912810TZ1,TSRYS5752098,D,S,T,2024-04-23,1000000.00,4.881253,95.1875
08:02:28,912810TZ1,TSRYS5752098,D,S,D,2024-04-23,1000000.00,4.881253,95.1875
08:02:28,912810TZ1,TSRYS5752098,D,S,D,2024-04-23,1000000.00,4.882214,95.17578125
08:02:29,912810TZ1,TSRYS5752098,D,S,C,2024-04-23,1000000.00,4.845496,95.6252
08:02:29,912810TZ1,TSRYS5752098,D,B,C,2024-04-23,1000000.00,4.84552,95.6249
08:02:29,912810TZ1,TSRYS5752098,D,S,C,2024-04-23,1000000.00,4.845496,95.6252
08:02:29,912810TZ1,TSRYS5752098,D,B,C,2024-04-23,1000000.00,4.84552,95.6249
08:02:29,912810TZ1,TSRYS5752098,D,S,C,2024-04-23,1000000.00,4.84424,95.640625
08:02:29,912810TZ1,TSRYS5752098,D,S,T,2024-04-23,1000000.00,4.881573,95.18359375
08:02:29,912810TZ1,TSRYS5752098,D,S,C,2024-04-23,1000000.00,4.84424,95.640625
08:02:29,912810TZ1,TSRYS5752098,D,S,C,2024-04-23,1000000.00,4.84424,95.640625
08:02:29,912810TZ1,TSRYS5752098,D,S,C,2024-04-23,1000000.00,4.84424,95.640625
08:02:29,912810TZ1,TSRYS5752098,D,S,D,2024-04-23,1000000.00,4.881413,95.18554687
08:02:29,912810TZ1,TSRYS5752098,D,S,D,2024-04-23,1000000.00,4.84424,95.640625
08:02:29,912810TZ1,TSRYS5752098,D,S,T,2024-04-23,1000000.00,4.881253,95.1875
08:02:29,912810TZ1,TSRYS5752098,D,S,D,2024-04-23,1000000.00,4.84424,95.640625
08:02:29,912810TZ1,TSRYS5752098,D,S,D,2024-04-23,1000000.00,4.84424,95.640625
08:02:29,912810TZ1,TSRYS5752098,D,S,D,2024-04-23,1000000.00,4.881253,95.1875
08:02:29,912810TZ1,TSRYS5752098,D,S,D,2024-04-23,1000000.00,4.84424,95.640625
08:02:29,912810TZ1,TSRYS5752098,D,B,C,2024-04-23,1000000.00,4.881253,95.1875
08:02:29,912810TZ1,TSRYS5752098,D,S,D,2024-04-23,1000000.00,4.882053,95.17773437
08:02:29,912810TZ1,TSRYS5752098,D,S,T,2024-04-23,1000000.00,4.882053,95.17773437
08:02:29,912810TZ1,TSRYS5752098,D,S,C,2024-04-23,1000000.00,4.84424,95.640625
08:02:29,912810TZ1,TSRYS5752098,D,S,C,2024-04-23,1000000.00,4.882214,95.17578125
08:02:29,912810TZ1,TSRYS5752098,D,S,T,2024-04-23,1000000.00,4.882214,95.17578125
08:02:29,912810TZ1,TSRYS5752098,D,S,D,2024-04-23,1000000.00,4.84424,95.640625
08:02:29,912810TZ1,TSRYS5752098,D,S,C,2024-04-23,1000000.00,4.84424,95.640625
08:02:29,912810TZ1,TSRYS5752098,D,S,T,2024-04-23,1000000.00,4.879653,95.20703125
08:02:29,912810TZ1,TSRYS5752098,D,S,D,2024-04-23,1000000.00,4.84424,95.640625
08:02:29,912810TZ1,TSRYS5752098,D,S,D,2024-04-23,1000000.00,4.882053,95.17773437
08:02:29,912810TZ1,TSRYS5752098,D,S,T,2024-04-23,1000000.00,4.882053,95.17773437
08:02:29,912810TZ1,TSRYS5752098,D,S,T,2024-04-23,1000000.00,4.882214,95.17578125
08:02:29,912810TZ1,TSRYS5752098,D,S,T,2024-04-23,1000000.00,4.882214,95.17578125
08:02:30,912810TZ1,TSRYS5752098,D,S,T,2024-04-23,1000000.00,4.881413,95.18554687
08:02:30,912810TZ1,TSRYS5752098,D,S,D,2024-04-23,1000000.00,4.881733,95.18164062
08:02:30,912810TZ1,TSRYS5752098,D,S,D,2024-04-23,1000000.00,4.881573,95.18359375
08:02:30,912810TZ1,TSRYS5752098,D,S,D,2024-04-23,1000000.00,4.881733,95.18164062
08:02:30,912810TZ1,TSRYS5752098,D,S,T,2024-04-23,1000000.00,4.883975,95.15429687
08:02:30,912810TZ1,TSRYS5752098,D,S,C,2024-04-23,1000000.00,4.883975,95.15429687
08:02:30,912810TZ1,TSRYS5752098,D,S,D,2024-04-23,1000000.00,4.883975,95.15429687
08:02:30,912810TZ1,TSRYS5752098,D,S,C,2024-04-23,1000000.00,4.883814,95.15625
08:02:30,912810TZ1,TSRYS5752098,D,S,T,2024-04-23,1000000.00,4.881733,95.18164062
08:02:30,912810TZ1,TSRYS5752098,D,S,T,2024-04-23,1000000.00,4.881733,95.18164062
08:02:30,912810TZ1,TSRYS5752098,D,S,D,2024-04-23,1000000.00,4.881733,95.18164062
08:02:30,912810TZ1,TSRYS5752098,D,S,D,2024-04-23,1000000.00,4.879653,95.20703125
08:02:30,912810TZ1,TSRYS5752098,D,S,D,2024-04-23,1000000.00,4.841696,95.671875
08:02:30,912810TZ1,TSRYS5752098,D,S,D,2024-04-23,1000000.00,4.841685,95.672005
08:02:31,912810TZ1,TSRYS5752098,D,S,D,2024-04-23,1000000.00,4.882214,95.17578125
08:02:31,912810TZ1,TSRYS5752098,D,S,D,2024-04-23,1000000.00,4.881733,95.18164062
08:02:31,912810TZ1,TSRYS5752098,D,S,T,2024-04-23,1000000.00,4.879493,95.20898437
08:02:33,912810TZ1,TSRYS5752098,D,S,D,2024-04-23,1000000.00,4.845502,95.62513
08:02:33,912810TZ1,TSRYS5752098,D,S,D,2024-04-23,1000000.00,4.846785,95.609375
08:02:34,912810TZ1,TSRYS5752098,D,S,C,2024-04-23,1000000.00,4.839153,95.703125
08:02:37,912810TZ1,TSRYS5752098,D,S,D,2024-04-23,1000000.00,4.846785,95.609375
08:02:37,912810TZ1,TSRYS5752098,D,B,C,2024-04-23,1000000.00,4.846785,95.609375
08:02:37,912810TZ1,TSRYS5752098,D,S,D,2024-04-23,1000000.00,4.845194,95.62890625
08:02:37,912810TZ1,TSRYS5752098,D,B,C,2024-04-23,1000000.00,4.837894,95.7186
08:02:37,912810TZ1,TSRYS5752098,D,S,C,2024-04-23,1000000.00,4.837865,95.71895
08:02:37,912810TZ1,TSRYS5752098,D,B,C,2024-04-23,1000000.00,4.837881,95.71875
08:02:37,912810TZ1,TSRYS5752098,D,S,D,2024-04-23,1000000.00,4.837881,95.71875
08:02:40,912810TZ1,TSRYS5752098,D,S,D,2024-04-23,1000000.00,4.83534,95.75
08:02:40,912810TZ1,TSRYS5752098,D,B,C,2024-04-23,1000000.00,4.83534,95.75
08:02:40,912810TZ1,TSRYS5752098,D,B,C,2024-04-23,1000000.00,4.864632,95.390625
08:02:40,912810TZ1,TSRYS5752098,D,B,C,2024-04-23,1000000.00,4.881253,95.1875
08:02:44,912810TZ1,TSRYS5752098,D,S,D,2024-04-23,1637400.00,4.876134,95.25
08:02:44,912810TZ1,TSRYS5752098,D,B,C,2024-04-23,1000000.00,4.875814,95.25390625
08:02:44,912810TZ1,TSRYS5752098,D,S,D,2024-04-23,1000000.00,4.83407,95.765625
08:02:44,912810TZ1,TSRYS5752098,D,S,D,2024-04-23,1000000.00,4.83407,95.765625
08:02:44,912810TZ1,TSRYS5752098,D,S,D,2024-04-23,1000000.00,4.83407,95.765625
08:02:44,912810TZ1,TSRYS5752098,D,S,D,2024-04-23,1000000.00,4.83407,95.765625
08:02:44,912810TZ1,TSRYS5752098,D,S,D,2024-04-23,1000000.00,4.83407,95.765625
08:02:44,912810TZ1,TSRYS5752098,D,S,C,2024-04-23,1000000.00,4.842967,95.65625
08:02:44,912810TZ1,TSRYS5752098,D,S,C,2024-04-23,1000000.00,4.842967,95.65625
08:02:44,912810TZ1,TSRYS5752098,D,S,C,2024-04-23,1000000.00,4.842967,95.65625
08:02:44,912810TZ1,TSRYS5752098,D,S,D,2024-04-23,1000000.00,4.842967,95.65625
08:02:44,912810TZ1,TSRYS5752098,D,S,C,2024-04-23,1000000.00,4.840424,95.6875
08:02:44,912810TZ1,TSRYS5752098,D,S,C,2024-04-23,1000000.00,4.840408,95.6877
08:02:44,912810TZ1,TSRYS5752098,D,B,C,2024-04-23,1000000.00,4.876134,95.25
08:02:45,912810TZ1,TSRYS5752098,D,S,D,2024-04-23,2000000.00,4.84424,95.640625
08:02:45,912810TZ1,TSRYS5752098,D,B,C,2024-04-23,1000000.00,4.84424,95.640625
08:02:45,912810TZ1,TSRYS5752098,D,S,D,2024-04-23,1000000.00,4.84424,95.640625
08:02:45,912810TZ1,TSRYS5752098,D,S,D,2024-04-23,1000000.00,4.84424,95.640625
08:02:45,912810TZ1,TSRYS5752098,D,B,C,2024-04-23,1000000.00,4.84424,95.640625
08:02:45,912810TZ1,TSRYS5752098,D,S,D,2024-04-23,1000000.00,4.84424,95.640625
08:02:45,912810TZ1,TSRYS5752098,D,B,C,2024-04-23,2000000.00,4.84424,95.640625
08:02:45,912810TZ1,TSRYS5752098,D,S,D,2024-04-23,1000000.00,4.846785,95.609375
08:02:45,912810TZ1,TSRYS5752098,D,B,C,2024-04-23,1000000.00,4.846801,95.609175
08:02:45,912810TZ1,TSRYS5752098,D,S,D,2024-04-23,1000000.00,4.846785,95.609375
08:02:45,912810TZ1,TSRYS5752098,D,S,D,2024-04-23,1000000.00,4.846785,95.609375
08:02:45,912810TZ1,TSRYS5752098,D,S,D,2024-04-23,1000000.00,4.846785,95.609375
08:02:45,912810TZ1,TSRYS5752098,D,S,D,2024-04-23,1000000.00,4.846785,95.609375
08:02:46,912810TZ1,TSRYS5752098,D,S,D,2024-04-23,1000000.00,4.845512,95.625
08:02:50,912810TZ1,TSRYS5752098,D,B,C,2024-04-23,1000000.00,4.848074,95.59355
08:02:50,912810TZ1,TSRYS5752098,D,B,C,2024-04-23,1000000.00,4.846801,95.609175
08:02:50,912810TZ1,TSRYS5752098,D,S,D,2024-04-23,1000000.00,4.846774,95.609505
08:02:50,912810TZ1,TSRYS5752098,D,S,D,2024-04-23,1000000.00,4.848058,95.59375
08:02:50,912810TZ1,TSRYS5752098,D,S,D,2024-04-23,1000000.00,4.846785,95.609375
08:02:50,912810TZ1,TSRYS5752098,D,B,C,2024-04-23,1000000.00,4.846801,95.609175
08:02:51,912810TZ1,TSRYS5752098,D,S,D,2024-04-23,1000000.00,4.846785,95.609375
08:02:51,912810TZ1,TSRYS5752098,D,B,C,2024-04-23,1000000.00,4.846801,95.609175
08:02:52,912810TZ1,TSRYS5752098,D,S,C,2024-04-23,1000000.00,4.844223,95.640825
08:02:52,912810TZ1,TSRYS5752098,D,B,C,2024-04-23,1000000.00,4.84424,95.640625
08:02:52,912810TZ1,TSRYS5752098,D,S,C,2024-04-23,1000000.00,4.844223,95.640825
08:02:53,912810TZ1,TSRYS5752098,D,S,D,2024-04-23,1000000.00,4.846774,95.609505
08:02:53,912810TZ1,TSRYS5752098,D,B,C,2024-04-23,1000000.00,4.846785,95.609375
08:02:54,912810TZ1,TSRYS5752098,D,S,C,2024-04-23,1000000.00,4.846785,95.609375
08:02:55,912810TZ1,TSRYS5752098,D,B,C,2024-04-23,1000000.00,4.849331,95.578125
08:02:55,912810TZ1,TSRYS5752098,D,B,C,2024-04-23,1000000.00,4.850621,95.5623
08:02:56,912810TZ1,TSRYS5752098,D,S,D,2024-04-23,1000000.00,4.849331,95.578125
08:02:57,912810TZ1,TSRYS5752098,D,S,D,2024-04-23,1000000.00,4.850605,95.5625
08:02:58,912810TZ1,TSRYS5752098,D,S,C,2024-04-23,1000000.00,4.856977,95.484375
08:03:02,912810TZ1,TSRYS5752098,D,S,D,2024-04-23,1000000.00,4.849172,95.580078125
08:03:02,912810TZ1,TSRYS5752098,D,S,D,2024-04-23,1000000.00,4.849172,95.580078125
08:03:03,912810TZ1,TSRYS5752098,D,S,C,2024-04-23,1000000.00,4.855702,95.5
08:03:06,912810TZ1,TSRYS5752098,D,S,C,2024-04-23,1000000.00,4.851879,95.546875
08:03:06,912810TZ1,TSRYS5752098,D,B,C,2024-04-23,1000000.00,4.851895,95.546675
08:03:06,912810TZ1,TSRYS5752098,D,S,C,2024-04-23,1000000.00,4.851879,95.546875
08:03:06,912810TZ1,TSRYS5752098,D,S,C,2024-04-23,1000000.00,4.851879,95.546875
08:03:07,912810TZ1,TSRYS5752098,D,B,C,2024-04-23,1000000.00,4.851895,95.546675
08:03:07,912810TZ1,TSRYS5752098,D,B,C,2024-04-23,1000000.00,4.851893,95.5467
08:03:07,912810TZ1,TSRYS5752098,D,B,C,2024-04-23,1000000.00,4.849345,95.57795
08:03:07,912810TZ1,TSRYS5752098,D,B,C,2024-04-23,1000000.00,4.849345,95.57795
08:03:07,912810TZ1,TSRYS5752098,D,S,C,2024-04-23,1000000.00,4.849315,95.578325
08:03:07,912810TZ1,TSRYS5752098,D,S,C,2024-04-23,1000000.00,4.849319,95.578275
08:03:07,912810TZ1,TSRYS5752098,D,B,C,2024-04-23,1000000.00,4.849347,95.577925
08:03:08,912810TZ1,TSRYS5752098,D,S,C,2024-04-23,1000000.00,4.849319,95.578275
08:03:08,912810TZ1,TSRYS5752098,D,S,C,2024-04-23,1000000.00,4.849319,95.578275
08:03:08,912810TZ1,TSRYS5752098,D,B,C,2024-04-23,1000000.00,4.849345,95.57795
08:03:08,912810TZ1,TSRYS5752098,D,B,C,2024-04-23,1000000.00,4.849347,95.577925
08:03:08,912810TZ1,TSRYS5752098,D,S,C,2024-04-23,1000000.00,4.849319,95.578275
08:03:08,912810TZ1,TSRYS5752098,D,S,C,2024-04-23,1000000.00,4.849331,95.578125
08:03:08,912810TZ1,TSRYS5752098,D,S,C,2024-04-23,1000000.00,4.849319,95.578275
08:03:08,912810TZ1,TSRYS5752098,D,S,D,2024-04-23,1000000.00,4.852516,95.5390625
08:03:08,912810TZ1,TSRYS5752098,D,S,D,2024-04-23,1000000.00,4.852516,95.5390625
08:03:08,912810TZ1,TSRYS5752098,D,S,D,2024-04-23,1000000.00,4.853153,95.53125
08:03:08,912810TZ1,TSRYS5752098,D,S,D,2024-04-23,1000000.00,4.853471,95.52734375
08:03:08,912810TZ1,TSRYS5752098,D,S,D,2024-04-23,1000000.00,4.853471,95.52734375
08:03:09,912810TZ1,TSRYS5752098,D,S,D,2024-04-23,1000000.00,4.852038,95.544921875
08:03:09,912810TZ1,TSRYS5752098,D,S,D,2024-04-23,1000000.00,4.853312,95.529296875
08:03:09,912810TZ1,TSRYS5752098,D,S,D,2024-04-23,1000000.00,4.853312,95.529296875
08:03:10,912810TZ1,TSRYS5752098,D,B,C,2024-04-23,1000000.00,4.848058,95.59375
08:03:10,912810TZ1,TSRYS5752098,D,S,C,2024-04-23,1000000.00,4.848042,95.59395
08:03:10,912810TZ1,TSRYS5752098,D,B,C,2024-04-23,1000000.00,4.851879,95.546875
08:03:10,912810TZ1,TSRYS5752098,D,S,D,2024-04-23,1000000.00,4.851868,95.547005
08:03:10,912810TZ1,TSRYS5752098,D,S,D,2024-04-23,2000000.00,4.858252,95.46875
08:03:11,912810TZ1,TSRYS5752098,D,S,D,2024-04-23,2000000.00,4.859368,95.455078125
08:03:11,912810TZ1,TSRYS5752098,D,S,D,2024-04-23,1000000.00,4.859368,95.455078125
08:03:11,912810TZ1,TSRYS5752098,D,S,C,2024-04-23,1000000.00,4.849315,95.578325
08:03:11,912810TZ1,TSRYS5752098,D,S,D,2024-04-23,2000000.00,4.878373,95.22265625
08:03:12,912810TZ1,TSRYS5752098,D,S,D,2024-04-23,1000000.00,4.878373,95.22265625
08:03:12,912810TZ1,TSRYS5752098,D,B,C,2024-04-23,1000000.00,4.878373,95.22265625
08:03:12,912810TZ1,TSRYS5752098,D,S,D,2024-04-23,1000000.00,4.849321,95.578255
08:03:12,912810TZ1,TSRYS5752098,D,S,D,2024-04-23,1000000.00,4.849321,95.578255
08:03:14,912810TZ1,TSRYS5752098,D,B,C,2024-04-23,1000000.00,4.854427,95.515625
08:03:14,912810TZ1,TSRYS5752098,D,S,D,2024-04-23,1000000.00,4.854417,95.515755
08:03:14,912810TZ1,TSRYS5752098,D,S,C,2024-04-23,1000000.00,4.854427,95.515625
08:03:14,912810TZ1,TSRYS5752098,D,S,C,2024-04-23,1000000.00,4.854427,95.515625
08:03:15,912810TZ1,TSRYS5752098,D,S,A,2024-04-23,3500000.00,4.875494,95.2578125
08:03:17,912810TZ1,TSRYS5752098,D,B,C,2024-04-23,1000000.00,4.855702,95.5
08:03:17,912810TZ1,TSRYS5752098,D,S,D,2024-04-23,1000000.00,4.855691,95.50013
08:03:17,912810TZ1,TSRYS5752098,D,B,C,2024-04-23,1000000.00,4.855716,95.499825
08:03:17,912810TZ1,TSRYS5752098,D,S,C,2024-04-23,1000000.00,4.855702,95.5
08:03:21,912810TZ1,TSRYS5752098,D,S,D,2024-04-23,1000000.00,4.861441,95.4296875
08:03:21,912810TZ1,TSRYS5752098,D,S,D,2024-04-23,1000000.00,4.861441,95.4296875
08:03:21,912810TZ1,TSRYS5752098,D,S,C,2024-04-23,1000000.00,4.858252,95.46875
08:03:21,912810TZ1,TSRYS5752098,D,B,C,2024-04-23,1000000.00,4.858252,95.46875
08:03:21,912810TZ1,TSRYS5752098,D,S,D,2024-04-23,1000000.00,4.860165,95.4453125
08:03:21,912810TZ1,TSRYS5752098,D,S,D,2024-04-23,1000000.00,4.859517,95.453255
08:03:27,912810TZ1,TSRYS5752098,D,S,D,2024-04-23,1000000.00,4.851879,95.546875
08:03:30,912810TZ1,TSRYS5752098,D,S,C,2024-04-23,1000000.00,4.85314,95.531402
08:03:30,912810TZ1,TSRYS5752098,D,B,C,2024-04-23,1000000.00,4.853153,95.53125
08:03:30,912810TZ1,TSRYS5752098,D,S,C,2024-04-23,1000000.00,4.85314,95.531402
08:03:30,912810TZ1,TSRYS5752098,D,S,C,2024-04-23,1000000.00,4.85314,95.531402
08:03:30,912810TZ1,TSRYS5752098,D,S,C,2024-04-23,1000000.00,4.85314,95.531402
08:03:32,912810TZ1,TSRYS5752098,D,S,D,2024-04-23,1000000.00,4.851719,95.548828125
08:03:32,912810TZ1,TSRYS5752098,D,S,D,2024-04-23,1000000.00,4.852197,95.54296875
08:03:34,912810TZ1,TSRYS5752098,D,B,C,2024-04-23,1000000.00,4.842967,95.65625
08:03:34,912810TZ1,TSRYS5752098,D,S,D,2024-04-23,1000000.00,4.842967,95.65625
08:03:34,912810TZ1,TSRYS5752098,D,S,D,2024-04-23,1000000.00,4.84424,95.640625
08:03:34,912810TZ1,TSRYS5752098,D,B,C,2024-04-23,1000000.00,4.84424,95.640625
08:03:34,912810TZ1,TSRYS5752098,D,S,D,2024-04-23,1000000.00,4.84424,95.640625
08:03:34,912810TZ1,TSRYS5752098,D,B,C,2024-04-23,1000000.00,4.84424,95.640625
08:03:34,912810TZ1,TSRYS5752098,D,B,C,2024-04-23,1000000.00,4.845512,95.625
08:03:34,912810TZ1,TSRYS5752098,D,S,D,2024-04-23,1000000.00,4.845512,95.625
08:03:34,912810TZ1,TSRYS5752098,D,B,C,2024-04-23,1000000.00,4.846785,95.609375
08:03:34,912810TZ1,TSRYS5752098,D,S,D,2024-04-23,1000000.00,4.846785,95.609375
08:03:35,912810TZ1,TSRYS5752098,D,B,C,2024-04-23,1000000.00,4.846785,95.609375
08:03:35,912810TZ1,TSRYS5752098,D,S,C,2024-04-23,1000000.00,4.846772,95.609527
08:03:35,912810TZ1,TSRYS5752098,D,B,C,2024-04-23,1000000.00,4.846785,95.609375
08:03:35,912810TZ1,TSRYS5752098,D,S,C,2024-04-23,1000000.00,4.846772,95.609527
08:03:35,912810TZ1,TSRYS5752098,D,B,C,2024-04-23,1000000.00,4.841696,95.671875
08:03:35,912810TZ1,TSRYS5752098,D,S,D,2024-04-23,1000000.00,4.841696,95.671875
08:03:36,912810TZ1,TSRYS5752098,D,S,C,2024-04-23,1000000.00,4.839153,95.703125
08:03:36,912810TZ1,TSRYS5752098,D,B,C,2024-04-23,1000000.00,4.839169,95.702925
08:03:36,912810TZ1,TSRYS5752098,D,B,C,2024-04-23,1000000.00,4.839169,95.702925
08:03:36,912810TZ1,TSRYS5752098,D,S,C,2024-04-23,1000000.00,4.839153,95.703125
08:03:37,912810TZ1,TSRYS5752098,D,S,D,2024-04-23,1000000.00,4.837881,95.71875
08:03:37,912810TZ1,TSRYS5752098,D,B,C,2024-04-23,1000000.00,4.837896,95.718575
08:03:37,912810TZ1,TSRYS5752098,D,S,D,2024-04-23,1000000.00,4.837881,95.71875
08:03:37,912810TZ1,TSRYS5752098,D,B,C,2024-04-23,1000000.00,4.837896,95.718575
08:03:37,912810TZ1,TSRYS5752098,D,S,D,2024-04-23,1000000.00,4.837881,95.71875
08:03:37,912810TZ1,TSRYS5752098,D,S,C,2024-04-23,1000000.00,4.837881,95.71875
08:03:37,912810TZ1,TSRYS5752098,D,B,C,2024-04-23,1000000.00,4.837881,95.71875
08:03:37,912810TZ1,TSRYS5752098,D,S,C,2024-04-23,1000000.00,4.837865,95.71895
08:03:37,912810TZ1,TSRYS5752098,D,B,C,2024-04-23,1000000.00,4.837881,95.71875
08:03:38,912810TZ1,TSRYS5752098,D,S,C,2024-04-23,1000000.00,4.837881,95.71875
08:03:38,912810TZ1,TSRYS5752098,D,B,C,2024-04-23,1000000.00,4.837881,95.71875
08:03:38,912810TZ1,TSRYS5752098,D,B,C,2024-04-23,1000000.00,4.839153,95.703125
08:03:38,912810TZ1,TSRYS5752098,D,S,D,2024-04-23,1000000.00,4.839153,95.703125
08:03:38,912810TZ1,TSRYS5752098,D,S,D,2024-04-23,1000000.00,4.839153,95.703125
08:03:38,912810TZ1,TSRYS5752098,D,B,C,2024-04-23,1000000.00,4.839153,95.703125
08:03:38,912810TZ1,TSRYS5752098,D,S,D,2024-04-23,1000000.00,4.840424,95.6875
08:03:38,912810TZ1,TSRYS5752098,D,B,C,2024-04-23,1000000.00,4.841696,95.671875
08:03:38,912810TZ1,TSRYS5752098,D,S,C,2024-04-23,1000000.00,4.841696,95.671875
08:03:38,912810TZ1,TSRYS5752098,D,S,C,2024-04-23,1000000.00,4.841696,95.671875
08:03:38,912810TZ1,TSRYS5752098,D,B,C,2024-04-23,1000000.00,4.841696,95.671875
08:03:38,912810TZ1,TSRYS5752098,D,B,C,2024-04-23,1000000.00,4.841696,95.671875
08:03:38,912810TZ1,TSRYS5752098,D,S,C,2024-04-23,1000000.00,4.841681,95.67205
08:03:38,912810TZ1,TSRYS5752098,D,B,C,2024-04-23,1000000.00,4.841696,95.671875
08:03:38,912810TZ1,TSRYS5752098,D,S,C,2024-04-23,1000000.00,4.841696,95.671875
08:03:38,912810TZ1,TSRYS5752098,D,S,D,2024-04-23,1000000.00,4.841696,95.671875
08:03:38,912810TZ1,TSRYS5752098,D,S,C,2024-04-23,1000000.00,4.841696,95.671875
08:03:38,912810TZ1,TSRYS5752098,D,S,D,2024-04-23,1000000.00,4.841696,95.671875
08:03:38,912810TZ1,TSRYS5752098,D,S,C,2024-04-23,1000000.00,4.841679,95.672075
08:03:38,912810TZ1,TSRYS5752098,D,S,C,2024-04-23,1000000.00,4.841696,95.671875
08:03:38,912810TZ1,TSRYS5752098,D,S,C,2024-04-23,1000000.00,4.841696,95.671875
08:03:38,912810TZ1,TSRYS5752098,D,S,C,2024-04-23,1000000.00,4.841696,95.671875
08:03:38,912810TZ1,TSRYS5752098,D,B,C,2024-04-23,1000000.00,4.841696,95.671875
08:03:38,912810TZ1,TSRYS5752098,D,S,D,2024-04-23,1000000.00,4.841696,95.671875
08:03:38,912810TZ1,TSRYS5752098,D,S,D,2024-04-23,1000000.00,4.841696,95.671875
08:03:38,912810TZ1,TSRYS5752098,D,B,C,2024-04-23,1000000.00,4.841696,95.671875
08:03:38,912810TZ1,TSRYS5752098,D,S,D,2024-04-23,1000000.00,4.841696,95.671875
08:03:38,912810TZ1,TSRYS5752098,D,S,D,2024-04-23,1000000.00,4.841696,95.671875
08:03:38,912810TZ1,TSRYS5752098,D,B,C,2024-04-23,1000000.00,4.841696,95.671875
08:03:38,912810TZ1,TSRYS5752098,D,B,C,2024-04-23,1000000.00,4.841696,95.671875
08:03:38,912810TZ1,TSRYS5752098,D,S,D,2024-04-23,1000000.00,4.841696,95.671875
08:03:38,912810TZ1,TSRYS5752098,D,S,C,2024-04-23,1000000.00,4.841696,95.671875
08:03:38,912810TZ1,TSRYS5752098,D,B,C,2024-04-23,1000000.00,4.841696,95.671875
08:03:39,912810TZ1,TSRYS5752098,D,B,C,2024-04-23,1000000.00,4.841696,95.671875
08:03:39,912810TZ1,TSRYS5752098,D,S,D,2024-04-23,1000000.00,4.841696,95.671875
08:03:39,912810TZ1,TSRYS5752098,D,S,C,2024-04-23,1000000.00,4.840424,95.6875
08:03:39,912810TZ1,TSRYS5752098,D,S,C,2024-04-23,1000000.00,4.84041,95.687675
08:03:39,912810TZ1,TSRYS5752098,D,S,C,2024-04-23,1000000.00,4.840424,95.6875
08:03:39,912810TZ1,TSRYS5752098,D,S,C,2024-04-23,1000000.00,4.840408,95.6877
08:03:39,912810TZ1,TSRYS5752098,D,S,D,2024-04-23,1000000.00,4.840424,95.6875
08:03:39,912810TZ1,TSRYS5752098,D,S,D,2024-04-23,1000000.00,4.840424,95.6875
08:03:39,912810TZ1,TSRYS5752098,D,B,C,2024-04-23,1000000.00,4.840424,95.6875
08:03:39,912810TZ1,TSRYS5752098,D,S,D,2024-04-23,1000000.00,4.840424,95.6875
08:03:39,912810TZ1,TSRYS5752098,D,S,D,2024-04-23,1000000.00,4.840424,95.6875
08:03:40,912810TZ1,TSRYS5752098,D,S,D,2024-04-23,1000000.00,4.841696,95.671875
08:03:40,912810TZ1,TSRYS5752098,D,B,C,2024-04-23,1000000.00,4.841712,95.671675
08:03:40,912810TZ1,TSRYS5752098,D,S,C,2024-04-23,1000000.00,4.841681,95.67205
08:03:40,912810TZ1,TSRYS5752098,D,B,C,2024-04-23,1000000.00,4.841712,95.671675
08:03:40,912810TZ1,TSRYS5752098,D,S,D,2024-04-23,1000000.00,4.842967,95.65625
08:03:40,912810TZ1,TSRYS5752098,D,S,C,2024-04-23,1000000.00,4.842967,95.65625
08:03:40,912810TZ1,TSRYS5752098,D,S,D,2024-04-23,1000000.00,4.842967,95.65625
08:03:40,912810TZ1,TSRYS5752098,D,S,C,2024-04-23,1000000.00,4.842951,95.65645
08:03:40,912810TZ1,TSRYS5752098,D,S,D,2024-04-23,1000000.00,4.842967,95.65625
08:03:42,912810TZ1,TSRYS5752098,D,B,C,2024-04-23,1000000.00,4.849331,95.578125
08:03:42,912810TZ1,TSRYS5752098,D,S,C,2024-04-23,1000000.00,4.849319,95.578277
08:03:42,912810TZ1,TSRYS5752098,D,B,C,2024-04-23,1000000.00,4.849331,95.578125
08:03:42,912810TZ1,TSRYS5752098,D,S,C,2024-04-23,1000000.00,4.849317,95.5783
08:03:42,912810TZ1,TSRYS5752098,D,B,C,2024-04-23,1000000.00,4.849331,95.578125
08:03:42,912810TZ1,TSRYS5752098,D,S,C,2024-04-23,1000000.00,4.849319,95.578277
08:03:42,912810TZ1,TSRYS5752098,D,B,C,2024-04-23,1000000.00,4.849331,95.578125
08:03:42,912810TZ1,TSRYS5752098,D,S,C,2024-04-23,1000000.00,4.849319,95.578277
08:03:42,912810TZ1,TSRYS5752098,D,B,C,2024-04-23,1000000.00,4.849331,95.578125
08:03:42,912810TZ1,TSRYS5752098,D,S,C,2024-04-23,1000000.00,4.849319,95.578277
08:03:42,912810TZ1,TSRYS5752098,D,B,C,2024-04-23,1000000.00,4.849331,95.578125
08:03:42,912810TZ1,TSRYS5752098,D,S,C,2024-04-23,1000000.00,4.849319,95.578277
08:03:43,912810TZ1,TSRYS5752098,D,S,C,2024-04-23,1000000.00,4.849317,95.5783
08:03:43,912810TZ1,TSRYS5752098,D,S,C,2024-04-23,5000000.00,4.849331,95.578125
08:03:43,912810TZ1,TSRYS5752098,D,S,C,2024-04-23,1000000.00,4.849331,95.578125
08:03:43,912810TZ1,TSRYS5752098,D,S,C,2024-04-23,1000000.00,4.849331,95.578125
08:03:43,912810TZ1,TSRYS5752098,D,S,D,2024-04-23,1000000.00,4.849331,95.578125
08:03:43,912810TZ1,TSRYS5752098,D,S,C,2024-04-23,1000000.00,4.849331,95.578125
08:03:43,912810TZ1,TSRYS5752098,D,B,C,2024-04-23,1000000.00,4.849331,95.578125
08:03:43,912810TZ1,TSRYS5752098,D,B,C,2024-04-23,1000000.00,4.849331,95.578125
08:03:43,912810TZ1,TSRYS5752098,D,S,C,2024-04-23,1000000.00,4.849317,95.5783
08:03:43,912810TZ1,TSRYS5752098,D,B,C,2024-04-23,1000000.00,4.849331,95.578125
08:03:43,912810TZ1,TSRYS5752098,D,S,C,2024-04-23,1000000.00,4.849317,95.5783
08:03:43,912810TZ1,TSRYS5752098,D,B,C,2024-04-23,1000000.00,4.849331,95.578125
08:03:43,912810TZ1,TSRYS5752098,D,S,C,2024-04-23,1000000.00,4.849317,95.5783
08:03:43,912810TZ1,TSRYS5752098,D,B,C,2024-04-23,1000000.00,4.849331,95.578125
08:03:43,912810TZ1,TSRYS5752098,D,S,C,2024-04-23,1000000.00,4.849331,95.578125
08:03:43,912810TZ1,TSRYS5752098,D,S,C,2024-04-23,1000000.00,4.849317,95.5783
08:03:43,912810TZ1,TSRYS5752098,D,B,C,2024-04-23,1000000.00,4.850605,95.5625
08:03:43,912810TZ1,TSRYS5752098,D,S,C,2024-04-23,1000000.00,4.850605,95.5625
08:03:43,912810TZ1,TSRYS5752098,D,S,D,2024-04-23,1000000.00,4.849331,95.578125
08:03:43,912810TZ1,TSRYS5752098,D,B,C,2024-04-23,1000000.00,4.850605,95.5625
08:03:43,912810TZ1,TSRYS5752098,D,S,C,2024-04-23,1000000.00,4.850605,95.5625
08:03:43,912810TZ1,TSRYS5752098,D,B,C,2024-04-23,1000000.00,4.850605,95.5625
08:03:43,912810TZ1,TSRYS5752098,D,S,C,2024-04-23,1000000.00,4.850605,95.5625
08:03:43,912810TZ1,TSRYS5752098,D,S,C,2024-04-23,1000000.00,4.851879,95.546875
08:03:43,912810TZ1,TSRYS5752098,D,B,C,2024-04-23,1000000.00,4.851879,95.546875
08:03:44,912810TZ1,TSRYS5752098,D,B,C,2024-04-23,1000000.00,4.851879,95.546875
08:03:44,912810TZ1,TSRYS5752098,D,S,C,2024-04-23,1000000.00,4.851864,95.54705
08:03:44,912810TZ1,TSRYS5752098,D,B,C,2024-04-23,1000000.00,4.851879,95.546875
08:03:44,912810TZ1,TSRYS5752098,D,S,C,2024-04-23,1000000.00,4.851864,95.54705
08:03:44,912810TZ1,TSRYS5752098,D,B,C,2024-04-23,1000000.00,4.851879,95.546875
08:03:44,912810TZ1,TSRYS5752098,D,S,C,2024-04-23,1000000.00,4.851864,95.54705
08:03:44,912810TZ1,TSRYS5752098,D,B,C,2024-04-23,1000000.00,4.851879,95.546875
08:03:44,912810TZ1,TSRYS5752098,D,S,C,2024-04-23,1000000.00,4.851864,95.54705
08:03:44,912810TZ1,TSRYS5752098,D,S,D,2024-04-23,1000000.00,4.854427,95.515625
08:03:44,912810TZ1,TSRYS5752098,D,B,C,2024-04-23,1000000.00,4.854439,95.515475
08:03:44,912810TZ1,TSRYS5752098,D,S,C,2024-04-23,1000000.00,4.854413,95.5158
08:03:44,912810TZ1,TSRYS5752098,D,B,C,2024-04-23,1000000.00,4.854439,95.515475
08:03:44,912810TZ1,TSRYS5752098,D,S,C,2024-04-23,1000000.00,4.854413,95.5158
08:03:44,912810TZ1,TSRYS5752098,D,B,C,2024-04-23,1000000.00,4.854439,95.515475
08:03:44,912810TZ1,TSRYS5752098,D,S,C,2024-04-23,1000000.00,4.854411,95.515825
08:03:44,912810TZ1,TSRYS5752098,D,B,C,2024-04-23,1000000.00,4.854439,95.515475
08:03:44,912810TZ1,TSRYS5752098,D,B,C,2024-04-23,1000000.00,4.854439,95.515475
08:03:44,912810TZ1,TSRYS5752098,D,S,C,2024-04-23,1000000.00,4.854411,95.515825
08:03:44,912810TZ1,TSRYS5752098,D,B,C,2024-04-23,1000000.00,4.854439,95.515475
08:03:44,912810TZ1,TSRYS5752098,D,S,C,2024-04-23,1000000.00,4.854411,95.515825
08:03:46,912810TZ1,TSRYS5752098,D,B,C,2024-04-23,1000000.00,4.848058,95.59375
08:03:46,912810TZ1,TSRYS5752098,D,S,C,2024-04-23,1000000.00,4.848058,95.59375
08:03:46,912810TZ1,TSRYS5752098,D,S,C,2024-04-23,1000000.00,4.848058,95.59375
08:03:46,912810TZ1,TSRYS5752098,D,B,C,2024-04-23,1000000.00,4.848058,95.59375
08:03:46,912810TZ1,TSRYS5752098,D,B,C,2024-04-23,1000000.00,4.851879,95.546875
08:03:46,912810TZ1,TSRYS5752098,D,S,D,2024-04-23,1000000.00,4.85187,95.546977
08:03:46,912810TZ1,TSRYS5752098,D,B,C,2024-04-23,1000000.00,4.851879,95.546875
08:03:46,912810TZ1,TSRYS5752098,D,S,D,2024-04-23,1000000.00,4.85187,95.546977
08:03:46,912810TZ1,TSRYS5752098,D,B,C,2024-04-23,1000000.00,4.851879,95.546875
08:03:46,912810TZ1,TSRYS5752098,D,S,D,2024-04-23,1000000.00,4.85187,95.546977
08:03:46,912810TZ1,TSRYS5752098,D,B,C,2024-04-23,1000000.00,4.851879,95.546875
08:03:46,912810TZ1,TSRYS5752098,D,S,D,2024-04-23,1000000.00,4.85187,95.546977
08:03:46,912810TZ1,TSRYS5752098,D,B,C,2024-04-23,1000000.00,4.851879,95.546875
08:03:46,912810TZ1,TSRYS5752098,D,S,D,2024-04-23,1000000.00,4.85187,95.546977
08:03:47,912810TZ1,TSRYS5752098,D,S,D,2024-04-23,1000000.00,4.85187,95.546977
08:03:47,912810TZ1,TSRYS5752098,D,B,C,2024-04-23,1000000.00,4.851879,95.546875
08:03:47,912810TZ1,TSRYS5752098,D,S,D,2024-04-23,1000000.00,4.85187,95.546977
08:03:47,912810TZ1,TSRYS5752098,D,S,D,2024-04-23,1000000.00,4.85187,95.546977
08:03:47,912810TZ1,TSRYS5752098,D,S,D,2024-04-23,1000000.00,4.85187,95.546977
08:03:47,912810TZ1,TSRYS5752098,D,B,C,2024-04-23,1000000.00,4.851879,95.546875
08:03:47,912810TZ1,TSRYS5752098,D,S,D,2024-04-23,1000000.00,4.85187,95.546977
08:03:47,912810TZ1,TSRYS5752098,D,S,D,2024-04-23,2000000.00,4.878853,95.216796875
08:03:47,912810TZ1,TSRYS5752098,D,S,C,2024-04-23,1000000.00,4.853153,95.53125
08:03:47,912810TZ1,TSRYS5752098,D,B,C,2024-04-23,1000000.00,4.854427,95.515625
08:03:47,912810TZ1,TSRYS5752098,D,S,C,2024-04-23,1000000.00,4.854427,95.515625
08:03:47,912810TZ1,TSRYS5752098,D,B,C,2024-04-23,1000000.00,4.854427,95.515625
08:03:47,912810TZ1,TSRYS5752098,D,S,C,2024-04-23,1000000.00,4.854413,95.5158
08:03:47,912810TZ1,TSRYS5752098,D,B,C,2024-04-23,1000000.00,4.856977,95.484375
08:03:47,912810TZ1,TSRYS5752098,D,S,C,2024-04-23,1000000.00,4.856977,95.484375
08:03:47,912810TZ1,TSRYS5752098,D,S,C,2024-04-23,1000000.00,4.855702,95.5
08:03:47,912810TZ1,TSRYS5752098,D,S,C,2024-04-23,1000000.00,4.855702,95.5
08:03:47,912810TZ1,TSRYS5752098,D,B,C,2024-04-23,1000000.00,4.855718,95.4998
08:03:47,912810TZ1,TSRYS5752098,D,S,D,2024-04-23,1000000.00,4.855702,95.5
08:03:48,912810TZ1,TSRYS5752098,D,S,C,2024-04-23,1000000.00,4.856977,95.484375
08:03:48,912810TZ1,TSRYS5752098,D,S,C,2024-04-23,1000000.00,4.856977,95.484375
08:03:48,912810TZ1,TSRYS5752098,D,S,D,2024-04-23,1000000.00,4.879013,95.21484375
08:03:48,912810TZ1,TSRYS5752098,D,B,C,2024-04-23,2000000.00,4.879013,95.21484375
08:03:48,912810TZ1,TSRYS5752098,D,B,C,2024-04-23,1000000.00,4.858252,95.46875
08:03:48,912810TZ1,TSRYS5752098,D,S,C,2024-04-23,1000000.00,4.858252,95.46875
08:03:48,912810TZ1,TSRYS5752098,D,S,D,2024-04-23,2000000.00,4.879013,95.21484375
08:03:48,912810TZ1,TSRYS5752098,D,S,D,2024-04-23,1000000.00,4.858252,95.46875
08:03:48,912810TZ1,TSRYS5752098,D,B,C,2024-04-23,1000000.00,4.858252,95.46875
08:03:48,912810TZ1,TSRYS5752098,D,B,C,2024-04-23,1000000.00,4.858252,95.46875
08:03:48,912810TZ1,TSRYS5752098,D,S,C,2024-04-23,1000000.00,4.858238,95.468925
08:03:49,912810TZ1,TSRYS5752098,D,S,C,2024-04-23,1000000.00,4.858252,95.46875
08:03:49,912810TZ1,TSRYS5752098,D,B,C,2024-04-23,1000000.00,4.859527,95.453125
08:03:49,912810TZ1,TSRYS5752098,D,S,C,2024-04-23,1000000.00,4.859513,95.4533
08:03:49,912810TZ1,TSRYS5752098,D,S,D,2024-04-23,1000000.00,4.859527,95.453125
08:03:49,912810TZ1,TSRYS5752098,D,B,C,2024-04-23,1000000.00,4.859527,95.453125
08:03:49,912810TZ1,TSRYS5752098,D,S,C,2024-04-23,1000000.00,4.859513,95.4533
08:03:49,912810TZ1,TSRYS5752098,D,B,C,2024-04-23,1000000.00,4.859527,95.453125
08:03:49,912810TZ1,TSRYS5752098,D,S,C,2024-04-23,1000000.00,4.859513,95.4533
08:03:49,912810TZ1,TSRYS5752098,D,S,D,2024-04-23,1000000.00,4.859511,95.453325
08:03:49,912810TZ1,TSRYS5752098,D,S,D,2024-04-23,1000000.00,4.859511,95.453325
08:03:49,912810TZ1,TSRYS5752098,D,S,C,2024-04-23,1000000.00,4.859509,95.45335
08:03:49,912810TZ1,TSRYS5752098,D,B,C,2024-04-23,1000000.00,4.859527,95.453125
08:03:49,912810TZ1,TSRYS5752098,D,B,C,2024-04-23,1000000.00,4.859527,95.453125
08:03:49,912810TZ1,TSRYS5752098,D,S,D,2024-04-23,1000000.00,4.859519,95.453227
08:03:49,912810TZ1,TSRYS5752098,D,B,C,2024-04-23,1000000.00,4.859527,95.453125
08:03:49,912810TZ1,TSRYS5752098,D,S,D,2024-04-23,1000000.00,4.859519,95.453227
08:03:49,912810TZ1,TSRYS5752098,D,B,C,2024-04-23,1000000.00,4.859527,95.453125
08:03:49,912810TZ1,TSRYS5752098,D,S,D,2024-04-23,1000000.00,4.859519,95.453227
08:03:49,912810TZ1,TSRYS5752098,D,S,D,2024-04-23,1000000.00,4.859511,95.453325
08:03:50,912810TZ1,TSRYS5752098,D,S,C,2024-04-23,100000.00,4.848058,95.59375
08:03:50,912810TZ1,TSRYS5752098,D,S,D,2024-04-23,2000000.00,4.878853,95.216796875
08:03:51,912810TZ1,TSRYS5752098,D,B,C,2024-04-23,26900000.00,4.880293,95.19921875
08:03:51,912810TZ1,TSRYS5752098,D,S,T,2024-04-23,1000000.00,4.878853,95.216796875
08:03:51,912810TZ1,TSRYS5752098,D,S,C,2024-04-23,1000000.00,4.855702,95.5
08:03:51,912810TZ1,TSRYS5752098,D,S,C,2024-04-23,1000000.00,4.855702,95.5
08:03:51,912810TZ1,TSRYS5752098,D,B,C,2024-04-23,1000000.00,4.855702,95.5
08:03:51,912810TZ1,TSRYS5752098,D,S,C,2024-04-23,1000000.00,4.85696,95.484575
08:03:51,912810TZ1,TSRYS5752098,D,S,C,2024-04-23,1000000.00,4.855688,95.500175
08:03:51,912810TZ1,TSRYS5752098,D,S,C,2024-04-23,1000000.00,4.855688,95.500175
08:03:51,912810TZ1,TSRYS5752098,D,S,D,2024-04-23,1000000.00,4.855702,95.5
08:03:52,912810TZ1,TSRYS5752098,D,S,D,2024-04-23,1000000.00,4.858252,95.46875
08:03:52,912810TZ1,TSRYS5752098,D,B,C,2024-04-23,1000000.00,4.858252,95.46875
08:03:52,912810TZ1,TSRYS5752098,D,S,D,2024-04-23,1000000.00,4.858252,95.46875
08:03:52,912810TZ1,TSRYS5752098,D,S,D,2024-04-23,2000000.00,4.858252,95.46875
08:03:52,912810TZ1,TSRYS5752098,D,S,C,2024-04-23,1000000.00,4.860803,95.4375
08:03:52,912810TZ1,TSRYS5752098,D,S,C,2024-04-23,1000000.00,4.860803,95.4375
08:03:53,912810TZ1,TSRYS5752098,D,S,C,2024-04-23,1000000.00,4.862065,95.42205
08:03:53,912810TZ1,TSRYS5752098,D,B,C,2024-04-23,1000000.00,4.862079,95.421875
08:03:54,912810TZ1,TSRYS5752098,D,S,C,2024-04-23,1000000.00,4.862079,95.421875
08:03:54,912810TZ1,TSRYS5752098,D,S,C,2024-04-23,1000000.00,4.860803,95.4375
08:03:54,912810TZ1,TSRYS5752098,D,S,D,2024-04-23,1000000.00,4.860803,95.4375
08:03:55,912810TZ1,TSRYS5752098,D,S,C,2024-04-23,1000000.00,4.865895,95.375175
08:03:55,912810TZ1,TSRYS5752098,D,B,C,2024-04-23,1000000.00,4.865909,95.375
08:03:55,912810TZ1,TSRYS5752098,D,S,D,2024-04-23,1000000.00,4.864632,95.390625
08:03:55,912810TZ1,TSRYS5752098,D,B,C,2024-04-23,1000000.00,4.864644,95.390475
08:03:55,912810TZ1,TSRYS5752098,D,B,C,2024-04-23,1000000.00,4.864644,95.390475
08:03:55,912810TZ1,TSRYS5752098,D,S,C,2024-04-23,1000000.00,4.864616,95.390825
08:03:55,912810TZ1,TSRYS5752098,D,S,C,2024-04-23,1000000.00,4.864616,95.390825
08:03:55,912810TZ1,TSRYS5752098,D,S,C,2024-04-23,1000000.00,4.865895,95.375175
08:03:55,912810TZ1,TSRYS5752098,D,B,C,2024-04-23,1000000.00,4.837881,95.718575
08:03:55,912810TZ1,TSRYS5752098,D,S,C,2024-04-23,1000000.00,4.837881,95.71875
08:03:55,912810TZ1,TSRYS5752098,D,S,C,2024-04-23,1000000.00,4.864616,95.390825
08:03:55,912810TZ1,TSRYS5752098,D,S,C,2024-04-23,1000000.00,4.864632,95.390625
08:03:55,912810TZ1,TSRYS5752098,D,B,C,2024-04-23,1000000.00,4.864644,95.390475
08:03:55,912810TZ1,TSRYS5752098,D,B,C,2024-04-23,1000000.00,4.864644,95.390475
08:03:55,912810TZ1,TSRYS5752098,D,S,D,2024-04-23,1000000.00,4.865909,95.375
08:03:55,912810TZ1,TSRYS5752098,D,S,D,2024-04-23,1000000.00,4.865909,95.375
08:03:55,912810TZ1,TSRYS5752098,D,B,C,2024-04-23,1000000.00,4.865909,95.375
08:03:55,912810TZ1,TSRYS5752098,D,S,D,2024-04-23,1000000.00,4.865909,95.375
08:03:56,912810TZ1,TSRYS5752098,D,S,C,2024-04-23,1000000.00,4.864618,95.3908
08:03:56,912810TZ1,TSRYS5752098,D,B,C,2024-04-23,1000000.00,4.865909,95.375
08:03:56,912810TZ1,TSRYS5752098,D,B,C,2024-04-23,1000000.00,4.864644,95.390475
08:03:56,912810TZ1,TSRYS5752098,D,B,C,2024-04-23,1000000.00,4.864644,95.390475
08:03:56,912810TZ1,TSRYS5752098,D,S,C,2024-04-23,1000000.00,4.865909,95.375
08:03:56,912810TZ1,TSRYS5752098,D,B,C,2024-04-23,1000000.00,4.865925,95.3748
08:03:56,912810TZ1,TSRYS5752098,D,B,C,2024-04-23,1000000.00,4.865925,95.3748
08:03:56,912810TZ1,TSRYS5752098,D,S,D,2024-04-23,1000000.00,4.865909,95.375
08:03:56,912810TZ1,TSRYS5752098,D,S,C,2024-04-23,1000000.00,4.865909,95.375
08:03:58,912810TZ1,TSRYS5752098,D,S,D,2024-04-23,1000000.00,4.865909,95.375
08:03:58,912810TZ1,TSRYS5752098,D,S,D,2024-04-23,1000000.00,4.865909,95.375
08:03:58,912810TZ1,TSRYS5752098,D,B,C,2024-04-23,1000000.00,4.865909,95.375
08:03:58,912810TZ1,TSRYS5752098,D,S,D,2024-04-23,1000000.00,4.865893,95.3752
08:03:58,912810TZ1,TSRYS5752098,D,B,C,2024-04-23,1000000.00,4.865909,95.375
08:03:58,912810TZ1,TSRYS5752098,D,S,D,2024-04-23,1000000.00,4.865893,95.3752
08:03:58,912810TZ1,TSRYS5752098,D,S,C,2024-04-23,1000000.00,4.865909,95.375
08:03:58,912810TZ1,TSRYS5752098,D,S,C,2024-04-23,1000000.00,4.865909,95.375
08:03:58,912810TZ1,TSRYS5752098,D,S,D,2024-04-23,1000000.00,4.865909,95.375
08:03:59,912810TZ1,TSRYS5752098,D,B,C,2024-04-23,1000000.00,4.83947,95.69921875
08:03:59,912810TZ1,TSRYS5752098,D,S,D,2024-04-23,1000000.00,4.83947,95.69921875
08:03:59,912810TZ1,TSRYS5752098,D,S,D,2024-04-23,1000000.00,4.840106,95.69140625
08:03:59,912810TZ1,TSRYS5752098,D,S,D,2024-04-23,1000000.00,4.839629,95.697265625
08:03:59,912810TZ1,TSRYS5752098,D,B,C,2024-04-23,1000000.00,4.868464,95.34375
08:03:59,912810TZ1,TSRYS5752098,D,S,C,2024-04-23,1000000.00,4.868447,95.34395
08:04:00,912810TZ1,TSRYS5752098,D,S,C,2024-04-23,1000000.00,4.841696,95.67205
08:04:00,912810TZ1,TSRYS5752098,D,S,C,2024-04-23,1000000.00,4.871019,95.3125
08:04:00,912810TZ1,TSRYS5752098,D,S,C,2024-04-23,1000000.00,4.871019,95.3125
08:04:00,912810TZ1,TSRYS5752098,D,B,C,2024-04-23,1000000.00,4.841696,95.671875
08:04:00,912810TZ1,TSRYS5752098,D,B,A,2024-04-23,94000.00,4.865533,95.3796
08:04:00,912810TZ1,TSRYS5752098,D,S,C,2024-04-23,1000000.00,4.873576,95.28125
08:04:00,912810TZ1,TSRYS5752098,D,B,C,2024-04-23,1000000.00,4.874871,95.265425
08:04:00,912810TZ1,TSRYS5752098,D,S,C,2024-04-23,1000000.00,4.874841,95.2658
08:04:00,912810TZ1,TSRYS5752098,D,S,C,2024-04-23,1000000.00,4.874855,95.265625
08:04:01,912810TZ1,TSRYS5752098,D,B,C,2024-04-23,1000000.00,4.874871,95.265425
08:04:01,912810TZ1,TSRYS5752098,D,S,D,2024-04-23,1000000.00,4.873576,95.28125
08:04:01,912810TZ1,TSRYS5752098,D,S,D,2024-04-23,1000000.00,4.874855,95.265625
08:04:01,912810TZ1,TSRYS5752098,D,S,T,2024-04-23,1000000.00,4.878853,95.216796875
08:04:01,912810TZ1,TSRYS5752098,D,S,D,2024-04-23,1000000.00,4.873568,95.281352
08:04:01,912810TZ1,TSRYS5752098,D,B,C,2024-04-23,1000000.00,4.873576,95.28125
08:04:01,912810TZ1,TSRYS5752098,D,B,C,2024-04-23,1000000.00,4.873576,95.28125
08:04:01,912810TZ1,TSRYS5752098,D,S,C,2024-04-23,1000000.00,4.873576,95.28125
08:04:02,912810TZ1,TSRYS5752098,D,S,C,2024-04-23,1385000.00,4.869741,95.328125
08:04:02,912810TZ1,TSRYS5752098,D,S,C,2024-04-23,1000000.00,4.872298,95.296875
08:04:02,912810TZ1,TSRYS5752098,D,B,C,2024-04-23,1000000.00,4.872314,95.296675
08:04:02,912810TZ1,TSRYS5752098,D,S,C,2024-04-23,1000000.00,4.872298,95.296875
08:04:02,912810TZ1,TSRYS5752098,D,S,D,2024-04-23,1000000.00,4.874855,95.265625
08:04:02,912810TZ1,TSRYS5752098,D,S,D,2024-04-23,1000000.00,4.874855,95.265625
08:04:03,912810TZ1,TSRYS5752098,D,S,D,2024-04-23,1000000.00,4.874855,95.265625
08:04:03,912810TZ1,TSRYS5752098,D,S,D,2024-04-23,1000000.00,4.874855,95.265625
08:04:03,912810TZ1,TSRYS5752098,D,B,C,2024-04-23,1000000.00,4.876134,95.25
08:04:03,912810TZ1,TSRYS5752098,D,S,C,2024-04-23,1000000.00,4.876134,95.25
08:04:03,912810TZ1,TSRYS5752098,D,S,C,2024-04-23,1000000.00,4.876134,95.25
08:04:03,912810TZ1,TSRYS5752098,D,S,D,2024-04-23,1000000.00,4.876134,95.25
08:04:03,912810TZ1,TSRYS5752098,D,S,D,2024-04-23,1000000.00,4.876134,95.25
08:04:03,912810TZ1,TSRYS5752098,D,S,D,2024-04-23,1000000.00,4.876134,95.25
08:04:03,912810TZ1,TSRYS5752098,D,B,C,2024-04-23,1000000.00,4.876134,95.25
08:04:03,912810TZ1,TSRYS5752098,D,S,D,2024-04-23,1000000.00,4.876134,95.25
08:04:03,912810TZ1,TSRYS5752098,D,S,D,2024-04-23,1000000.00,4.876134,95.25
08:04:03,912810TZ1,TSRYS5752098,D,B,C,2024-04-23,1000000.00,4.876146,95.24985
08:04:03,912810TZ1,TSRYS5752098,D,B,C,2024-04-23,1000000.00,4.876146,95.24985
08:04:03,912810TZ1,TSRYS5752098,D,S,D,2024-04-23,1000000.00,4.876134,95.25
08:04:03,912810TZ1,TSRYS5752098,D,B,C,2024-04-23,1000000.00,4.876146,95.24985
08:04:03,912810TZ1,TSRYS5752098,D,B,C,2024-04-23,1000000.00,4.876146,95.24985
08:04:03,912810TZ1,TSRYS5752098,D,S,D,2024-04-23,1000000.00,4.876134,95.25
08:04:03,912810TZ1,TSRYS5752098,D,S,D,2024-04-23,1000000.00,4.876134,95.25
08:04:03,912810TZ1,TSRYS5752098,D,B,C,2024-04-23,1000000.00,4.876134,95.25
08:04:03,912810TZ1,TSRYS5752098,D,S,D,2024-04-23,1000000.00,4.876134,95.25
08:04:03,912810TZ1,TSRYS5752098,D,B,C,2024-04-23,1000000.00,4.876134,95.25
08:04:03,912810TZ1,TSRYS5752098,D,S,D,2024-04-23,1000000.00,4.876134,95.25
08:04:03,912810TZ1,TSRYS5752098,D,B,C,2024-04-23,1000000.00,4.876134,95.25
08:04:03,912810TZ1,TSRYS5752098,D,S,D,2024-04-23,1000000.00,4.876134,95.25
08:04:03,912810TZ1,TSRYS5752098,D,S,D,2024-04-23,1000000.00,4.876134,95.25
08:04:03,912810TZ1,TSRYS5752098,D,S,C,2024-04-23,1000000.00,4.877397,95.234575
08:04:03,912810TZ1,TSRYS5752098,D,S,D,2024-04-23,1000000.00,4.878677,95.21895
08:04:03,912810TZ1,TSRYS5752098,D,B,C,2024-04-23,1000000.00,4.879973,95.203125
08:04:03,912810TZ1,TSRYS5752098,D,S,D,2024-04-23,1000000.00,4.879973,95.203125
08:04:04,912810TZ1,TSRYS5752098,D,B,C,2024-04-23,1000000.00,4.879973,95.203125
08:04:04,912810TZ1,TSRYS5752098,D,S,D,2024-04-23,1000000.00,4.879973,95.203125
08:04:04,912810TZ1,TSRYS5752098,D,B,C,2024-04-23,1000000.00,4.879973,95.203125
08:04:04,912810TZ1,TSRYS5752098,D,S,D,2024-04-23,1000000.00,4.879973,95.203125
08:04:04,912810TZ1,TSRYS5752098,D,B,C,2024-04-23,1000000.00,4.879973,95.203125
08:04:04,912810TZ1,TSRYS5752098,D,B,C,2024-04-23,1000000.00,4.879973,95.203125
08:04:04,912810TZ1,TSRYS5752098,D,S,D,2024-04-23,1000000.00,4.879973,95.203125
08:04:04,912810TZ1,TSRYS5752098,D,S,D,2024-04-23,1000000.00,4.879973,95.203125
08:04:04,912810TZ1,TSRYS5752098,D,B,C,2024-04-23,1000000.00,4.879973,95.203125
08:04:04,912810TZ1,TSRYS5752098,D,S,D,2024-04-23,1000000.00,4.879973,95.203125
08:04:04,912810TZ1,TSRYS5752098,D,S,D,2024-04-23,1000000.00,4.879973,95.203125
08:04:04,912810TZ1,TSRYS5752098,D,B,C,2024-04-23,1000000.00,4.879973,95.203125
08:04:04,912810TZ1,TSRYS5752098,D,B,C,2024-04-23,1000000.00,4.879973,95.203125
08:04:04,912810TZ1,TSRYS5752098,D,S,D,2024-04-23,1000000.00,4.879973,95.203125
08:04:04,912810TZ1,TSRYS5752098,D,S,D,2024-04-23,1000000.00,4.879973,95.203125
08:04:04,912810TZ1,TSRYS5752098,D,S,C,2024-04-23,1000000.00,4.879973,95.203125
08:04:04,912810TZ1,TSRYS5752098,D,B,C,2024-04-23,1000000.00,4.879973,95.203125
08:04:04,912810TZ1,TSRYS5752098,D,B,C,2024-04-23,1000000.00,4.879973,95.203125
08:04:04,912810TZ1,TSRYS5752098,D,S,D,2024-04-23,1000000.00,4.879973,95.203125
08:04:04,912810TZ1,TSRYS5752098,D,S,D,2024-04-23,1000000.00,4.881253,95.1875
08:04:04,912810TZ1,TSRYS5752098,D,S,C,2024-04-23,1000000.00,4.881253,95.1875
08:04:04,912810TZ1,TSRYS5752098,D,S,D,2024-04-23,1000000.00,4.881253,95.1875
08:04:04,912810TZ1,TSRYS5752098,D,S,D,2024-04-23,1000000.00,4.881253,95.1875
08:04:04,912810TZ1,TSRYS5752098,D,S,D,2024-04-23,1000000.00,4.881253,95.1875
08:04:04,912810TZ1,TSRYS5752098,D,S,D,2024-04-23,1000000.00,4.881253,95.1875
08:04:04,912810TZ1,TSRYS5752098,D,S,D,2024-04-23,1000000.00,4.881253,95.1875
08:04:04,912810TZ1,TSRYS5752098,D,S,D,2024-04-23,1000000.00,4.881253,95.1875
08:04:04,912810TZ1,TSRYS5752098,D,S,D,2024-04-23,1000000.00,4.881253,95.1875
08:04:04,912810TZ1,TSRYS5752098,D,B,C,2024-04-23,1000000.00,4.881253,95.1875
08:04:04,912810TZ1,TSRYS5752098,D,S,D,2024-04-23,1000000.00,4.881253,95.1875
08:04:05,912810TZ1,TSRYS5752098,D,S,D,2024-04-23,1000000.00,4.879973,95.203125
08:04:05,912810TZ1,TSRYS5752098,D,S,D,2024-04-23,1000000.00,4.879973,95.203125
08:04:05,912810TZ1,TSRYS5752098,D,S,D,2024-04-23,1000000.00,4.879973,95.203125
08:04:05,912810TZ1,TSRYS5752098,D,B,C,2024-04-23,2000000.00,4.879973,95.203125
08:04:05,912810TZ1,TSRYS5752098,D,S,D,2024-04-23,2000000.00,4.879973,95.203125
08:04:05,912810TZ1,TSRYS5752098,D,B,C,2024-04-23,1000000.00,4.879973,95.203125
08:04:05,912810TZ1,TSRYS5752098,D,S,D,2024-04-23,1000000.00,4.879973,95.203125
08:04:05,912810TZ1,TSRYS5752098,D,S,D,2024-04-23,1000000.00,4.879973,95.203125
08:04:05,912810TZ1,TSRYS5752098,D,B,C,2024-04-23,1000000.00,4.879973,95.203125
08:04:05,912810TZ1,TSRYS5752098,D,B,C,2024-04-23,1000000.00,4.879981,95.203025
08:04:05,912810TZ1,TSRYS5752098,D,S,D,2024-04-23,1000000.00,4.879973,95.203125
08:04:05,912810TZ1,TSRYS5752098,D,S,D,2024-04-23,1000000.00,4.879973,95.203125
08:04:05,912810TZ1,TSRYS5752098,D,S,D,2024-04-23,1000000.00,4.879973,95.203125
08:04:05,912810TZ1,TSRYS5752098,D,B,C,2024-04-23,1000000.00,4.879973,95.203125
08:04:05,912810TZ1,TSRYS5752098,D,S,D,2024-04-23,1000000.00,4.879973,95.203125
08:04:05,912810TZ1,TSRYS5752098,D,S,D,2024-04-23,1000000.00,4.879973,95.203125
08:04:05,912810TZ1,TSRYS5752098,D,B,C,2024-04-23,1000000.00,4.879973,95.203125
08:04:05,912810TZ1,TSRYS5752098,D,B,C,2024-04-23,1000000.00,4.879981,95.203025
08:04:05,912810TZ1,TSRYS5752098,D,S,D,2024-04-23,1000000.00,4.879973,95.203125
08:04:05,912810TZ1,TSRYS5752098,D,S,D,2024-04-23,1000000.00,4.879973,95.203125
08:04:05,912810TZ1,TSRYS5752098,D,S,D,2024-04-23,1000000.00,4.879973,95.203125
08:04:05,912810TZ1,TSRYS5752098,D,S,D,2024-04-23,1000000.00,4.879973,95.203125
08:04:05,912810TZ1,TSRYS5752098,D,S,D,2024-04-23,1000000.00,4.879973,95.203125
08:04:05,912810TZ1,TSRYS5752098,D,S,D,2024-04-23,1000000.00,4.879973,95.203125
08:04:05,912810TZ1,TSRYS5752098,D,S,D,2024-04-23,1000000.00,4.879973,95.203125
08:04:05,912810TZ1,TSRYS5752098,D,S,C,2024-04-23,1000000.00,4.882519,95.17205
08:04:06,912810TZ1,TSRYS5752098,D,B,C,2024-04-23,1000000.00,4.88255,95.171675
08:04:06,912810TZ1,TSRYS5752098,D,B,C,2024-04-23,1000000.00,4.881253,95.1875
08:04:06,912810TZ1,TSRYS5752098,D,S,D,2024-04-23,1000000.00,4.881253,95.1875
08:04:06,912810TZ1,TSRYS5752098,D,B,C,2024-04-23,1000000.00,4.88127,95.1873
08:04:06,912810TZ1,TSRYS5752098,D,S,D,2024-04-23,1000000.00,4.881253,95.1875
08:04:06,912810TZ1,TSRYS5752098,D,B,C,2024-04-23,1000000.00,4.881265,95.18735
08:04:06,912810TZ1,TSRYS5752098,D,S,D,2024-04-23,1000000.00,4.881253,95.1875
08:04:06,912810TZ1,TSRYS5752098,D,B,C,2024-04-23,3000000.00,4.881265,95.18735
08:04:06,912810TZ1,TSRYS5752098,D,S,D,2024-04-23,3000000.00,4.881253,95.1875
08:04:06,912810TZ1,TSRYS5752098,D,B,C,2024-04-23,2000000.00,4.881265,95.18735
08:04:06,912810TZ1,TSRYS5752098,D,S,D,2024-04-23,2000000.00,4.881253,95.1875
08:04:06,912810TZ1,TSRYS5752098,D,S,D,2024-04-23,1000000.00,4.882534,95.171875
08:04:06,912810TZ1,TSRYS5752098,D,B,C,2024-04-23,6000000.00,4.881265,95.18735
08:04:06,912810TZ1,TSRYS5752098,D,S,D,2024-04-23,6000000.00,4.881253,95.1875
08:04:07,912810TZ1,TSRYS5752098,D,S,D,2024-04-23,1634800.00,4.867186,95.359375
08:04:07,912810TZ1,TSRYS5752098,D,S,C,2024-04-23,1000000.00,4.850764,95.560546875
08:04:08,912810TZ1,TSRYS5752098,D,S,D,2024-04-23,1000000.00,4.850764,95.560546875
08:04:08,912810TZ1,TSRYS5752098,D,S,C,2024-04-23,1000000.00,4.850605,95.5625
08:04:08,912810TZ1,TSRYS5752098,D,S,C,2024-04-23,1000000.00,4.850764,95.560546875
08:04:08,912810TZ1,TSRYS5752098,D,S,D,2024-04-23,1000000.00,4.850605,95.5625
08:04:08,912810TZ1,TSRYS5752098,D,S,D,2024-04-23,1000000.00,4.850764,95.560546875
08:04:08,912810TZ1,TSRYS5752098,D,S,D,2024-04-23,1000000.00,4.850923,95.55859375
08:04:08,912810TZ1,TSRYS5752098,D,S,C,2024-04-23,1000000.00,4.874855,95.265625
08:04:08,912810TZ1,TSRYS5752098,D,B,C,2024-04-23,1000000.00,4.874871,95.265425
08:04:08,912810TZ1,TSRYS5752098,D,S,C,2024-04-23,1000000.00,4.874855,95.265625
08:04:08,912810TZ1,TSRYS5752098,D,S,C,2024-04-23,1000000.00,4.874843,95.265775
08:04:08,912810TZ1,TSRYS5752098,D,B,C,2024-04-23,1000000.00,4.874871,95.265425
08:04:09,912810TZ1,TSRYS5752098,D,S,C,2024-04-23,1000000.00,4.849331,95.578125
08:04:09,912810TZ1,TSRYS5752098,D,S,D,2024-04-23,1000000.00,4.849331,95.578125
08:04:11,912810TZ1,TSRYS5752098,D,S,D,2024-04-23,2000000.00,4.854268,95.517578125
08:04:11,912810TZ1,TSRYS5752098,D,S,D,2024-04-23,1000000.00,4.854268,95.517578125
08:04:11,912810TZ1,TSRYS5752098,D,S,D,2024-04-23,2000000.00,4.854427,95.515625
08:04:11,912810TZ1,TSRYS5752098,D,S,D,2024-04-23,1000000.00,4.879333,95.2109375
08:04:16,912810TZ1,TSRYS5752098,D,S,C,2024-04-23,1000000.00,4.853153,95.53125
08:04:20,912810TZ1,TSRYS5752098,D,B,C,2024-04-23,1000000.00,4.859527,95.453125
08:04:20,912810TZ1,TSRYS5752098,D,S,D,2024-04-23,1000000.00,4.859527,95.453125
08:04:20,912810TZ1,TSRYS5752098,D,B,C,2024-04-23,1000000.00,4.859527,95.453125
08:04:20,912810TZ1,TSRYS5752098,D,S,D,2024-04-23,1000000.00,4.859527,95.453125
08:04:20,912810TZ1,TSRYS5752098,D,S,D,2024-04-23,1000000.00,4.859527,95.453125
08:04:21,912810TZ1,TSRYS5752098,D,S,T,2024-04-23,2000000.00,4.878853,95.216796875
08:04:22,912810TZ1,TSRYS5752098,D,S,C,2024-04-23,1000000.00,4.855702,95.500175
08:04:22,912810TZ1,TSRYS5752098,D,B,C,2024-04-23,1000000.00,4.855702,95.5
08:04:23,912810TZ1,TSRYS5752098,D,S,C,2024-04-23,1000000.00,4.858252,95.46875
08:04:23,912810TZ1,TSRYS5752098,D,B,C,2024-04-23,1000000.00,4.858252,95.46875
08:04:24,912810TZ1,TSRYS5752098,D,S,T,2024-04-23,1000000.00,4.85444,95.515473
08:04:24,912810TZ1,TSRYS5752098,D,S,C,2024-04-23,100000.00,4.845512,95.625
08:04:24,912810TZ1,TSRYS5752098,D,S,D,2024-04-23,85000.00,4.848058,95.59375
08:04:24,912810TZ1,TSRYS5752098,D,S,T,2024-04-23,1000000.00,4.85444,95.515473
08:04:25,912810TZ1,TSRYS5752098,D,S,D,2024-04-23,180000.00,4.851242,95.5546875
08:04:26,912810TZ1,TSRYS5752098,D,S,C,2024-04-23,100000.00,4.85379,95.5234375
08:04:27,912810TZ1,TSRYS5752098,D,S,T,2024-04-23,1000000.00,4.879333,95.2109375
08:04:28,912810TZ1,TSRYS5752098,D,S,D,2024-04-23,1000000.00,4.879333,95.2109375
08:04:30,912810TZ1,TSRYS5752098,D,S,C,2024-04-23,1000000.00,4.86192,95.423828125
08:04:30,912810TZ1,TSRYS5752098,D,S,D,2024-04-23,1000000.00,4.862079,95.421875
08:04:30,912810TZ1,TSRYS5752098,D,S,D,2024-04-23,1000000.00,4.86176,95.42578125
08:04:30,912810TZ1,TSRYS5752098,D,B,C,2024-04-23,1000000.00,4.86176,95.42578125
08:04:30,912810TZ1,TSRYS5752098,D,S,D,2024-04-23,1000000.00,4.86176,95.42578125
08:04:32,912810TZ1,TSRYS5752098,D,S,D,2024-04-23,1000000.00,4.862239,95.419921875
08:04:32,912810TZ1,TSRYS5752098,D,S,D,2024-04-23,1000000.00,4.862398,95.41796875
08:04:35,912810TZ1,TSRYS5752098,D,S,D,2024-04-23,1000000.00,4.865909,95.375
08:04:35,912810TZ1,TSRYS5752098,D,S,D,2024-04-23,1000000.00,4.879333,95.2109375
08:04:35,912810TZ1,TSRYS5752098,D,S,D,2024-04-23,1000000.00,4.879333,95.2109375
08:04:40,912810TZ1,TSRYS5752098,D,S,C,2024-04-23,25000000.00,4.842001,95.66812
08:04:42,912810TZ1,TSRYS5752098,D,S,C,2024-04-23,1000000.00,4.867186,95.359375
08:04:43,912810TZ1,TSRYS5752098,D,S,D,2024-04-23,1000000.00,4.846944,95.607421875
08:04:43,912810TZ1,TSRYS5752098,D,B,C,2024-04-23,1000000.00,4.846952,95.607321875
08:04:44,912810TZ1,TSRYS5752098,D,B,C,2024-04-23,1000000.00,4.841712,95.671675
08:04:44,912810TZ1,TSRYS5752098,D,S,D,2024-04-23,1000000.00,4.841696,95.671875
08:04:45,912810TZ1,TSRYS5752098,D,S,D,2024-04-23,1000000.00,4.869422,95.33203125
08:04:45,912810TZ1,TSRYS5752098,D,S,D,2024-04-23,1000000.00,4.869582,95.330078125
08:04:45,912810TZ1,TSRYS5752098,D,S,D,2024-04-23,1000000.00,4.869582,95.330078125
08:04:45,912810TZ1,TSRYS5752098,D,S,D,2024-04-23,1000000.00,4.845353,95.626953125
08:04:45,912810TZ1,TSRYS5752098,D,S,D,2024-04-23,2000000.00,4.844081,95.642578125
08:04:45,912810TZ1,TSRYS5752098,D,S,D,2024-04-23,1000000.00,4.845194,95.62890625
08:04:45,912810TZ1,TSRYS5752098,D,S,D,2024-04-23,1000000.00,4.845194,95.62890625
08:04:45,912810TZ1,TSRYS5752098,D,S,D,2024-04-23,2000000.00,4.845353,95.626953125
08:04:45,912810TZ1,TSRYS5752098,D,S,D,2024-04-23,1000000.00,4.846785,95.609375
08:04:45,912810TZ1,TSRYS5752098,D,S,D,2024-04-23,1000000.00,4.846785,95.609375
08:04:45,912810TZ1,TSRYS5752098,D,S,D,2024-04-23,1000000.00,4.846785,95.609375
08:04:45,912810TZ1,TSRYS5752098,D,S,D,2024-04-23,1000000.00,4.846785,95.609375
08:04:45,912810TZ1,TSRYS5752098,D,S,D,2024-04-23,1000000.00,4.848058,95.59375
08:04:45,912810TZ1,TSRYS5752098,D,S,D,2024-04-23,1000000.00,4.84949,95.576171875
08:04:45,912810TZ1,TSRYS5752098,D,S,D,2024-04-23,1000000.00,4.849809,95.572265625
08:04:46,912810TZ1,TSRYS5752098,D,S,D,2024-04-23,1000000.00,4.84965,95.57421875
08:04:46,912810TZ1,TSRYS5752098,D,S,D,2024-04-23,1000000.00,4.849809,95.572265625
08:04:46,912810TZ1,TSRYS5752098,D,S,D,2024-04-23,1000000.00,4.849809,95.572265625
08:04:46,912810TZ1,TSRYS5752098,D,S,D,2024-04-23,1000000.00,4.850127,95.568359375
08:04:46,912810TZ1,TSRYS5752098,D,S,D,2024-04-23,1000000.00,4.84965,95.57421875
08:04:46,912810TZ1,TSRYS5752098,D,S,D,2024-04-23,1000000.00,4.84965,95.57421875
08:04:46,912810TZ1,TSRYS5752098,D,S,D,2024-04-23,1000000.00,4.851082,95.556640625
08:04:46,912810TZ1,TSRYS5752098,D,S,D,2024-04-23,2000000.00,4.850127,95.568359375
08:04:46,912810TZ1,TSRYS5752098,D,S,D,2024-04-23,1000000.00,4.849968,95.5703125
08:04:46,912810TZ1,TSRYS5752098,D,S,D,2024-04-23,1000000.00,4.849809,95.572265625
08:04:47,912810TZ1,TSRYS5752098,D,S,D,2024-04-23,1000000.00,4.873576,95.28125
