tradeTime,cusip,issueSymbolIdentifier,priceType,reportingSideCode,contraPartyTypeCode,tradeDate,reportedTradeVolume,lastSaleYield,lastSalePrice
08:00:02,912810UB2,TSRYS5810883,D,S,D,2024-05-31,1000000.00,4.760733,98.26171875
08:00:02,912810UB2,TSRYS5810883,D,S,T,2024-05-31,1000000.00,4.760733,98.26171875
08:00:14,912810UB2,TSRYS5810883,D,S,T,2024-05-31,1000000.00,4.768153,98.16796875
08:00:14,912810UB2,TSRYS5810883,D,S,D,2024-05-31,1000000.00,4.766607,98.1875
08:00:14,912810UB2,TSRYS5810883,D,S,T,2024-05-31,1000000.00,4.766607,98.1875
08:00:14,912810UB2,TSRYS5810883,D,S,T,2024-05-31,1000000.00,4.771558,98.125
08:00:14,912810UB2,TSRYS5810883,D,S,D,2024-05-31,1000000.00,4.767225,98.1796875
08:00:14,912810UB2,TSRYS5810883,D,S,D,2024-05-31,1000000.00,4.767225,98.1796875
08:00:14,912810UB2,TSRYS5810883,D,S,D,2024-05-31,1000000.00,4.767225,98.1796875
08:00:14,912810UB2,TSRYS5810883,D,S,T,2024-05-31,1000000.00,4.766761,98.185546875
08:00:14,912810UB2,TSRYS5810883,D,S,T,2024-05-31,1000000.00,4.76166,98.25
08:00:14,912810UB2,TSRYS5810883,D,S,T,2024-05-31,1000000.00,4.766607,98.1875
08:00:14,912810UB2,TSRYS5810883,D,S,T,2024-05-31,1000000.00,4.764133,98.21875
08:00:14,912810UB2,TSRYS5810883,D,S,T,2024-05-31,1000000.00,4.76537,98.203125
08:00:19,912810UB2,TSRYS5810883,D,B,A,2024-05-31,10000.00,4.757026,98.308594
08:00:20,912810UB2,TSRYS5810883,D,B,A,2024-05-31,1000000.00,4.769082,98.15625
08:00:20,912810UB2,TSRYS5810883,D,S,A,2024-05-31,1000000.00,4.769082,98.15625
08:00:20,912810UB2,TSRYS5810883,D,B,A,2024-05-31,2000000.00,4.769082,98.15625
08:00:20,912810UB2,TSRYS5810883,D,S,A,2024-05-31,2000000.00,4.769082,98.15625
08:00:24,912810UB2,TSRYS5810883,D,S,A,2024-05-31,2000000.00,4.751471,98.37890625
08:00:29,912810UB2,TSRYS5810883,D,S,D,2024-05-31,1000000.00,4.76537,98.203125
08:00:30,912810UB2,TSRYS5810883,D,S,T,2024-05-31,1000000.00,4.762896,98.234375
08:00:30,912810UB2,TSRYS5810883,D,S,T,2024-05-31,1000000.00,4.760424,98.265625
08:00:30,912810UB2,TSRYS5810883,D,S,T,2024-05-31,1000000.00,4.754247,98.34375
08:00:30,912810UB2,TSRYS5810883,D,S,T,2024-05-31,1000000.00,4.751778,98.375
08:00:30,912810UB2,TSRYS5810883,D,S,T,2024-05-31,1000000.00,4.753784,98.349609375
08:00:30,912810UB2,TSRYS5810883,D,S,T,2024-05-31,1000000.00,4.754247,98.34375
08:00:30,912810UB2,TSRYS5810883,D,S,T,2024-05-31,1000000.00,4.757952,98.296875
08:00:30,912810UB2,TSRYS5810883,D,S,T,2024-05-31,1000000.00,4.76166,98.25
08:00:30,912810UB2,TSRYS5810883,D,S,T,2024-05-31,1000000.00,4.762896,98.234375
08:00:30,912810UB2,TSRYS5810883,D,S,T,2024-05-31,1000000.00,4.76166,98.25
08:00:30,912810UB2,TSRYS5810883,D,S,T,2024-05-31,1000000.00,4.76166,98.25
08:00:30,912810UB2,TSRYS5810883,D,S,T,2024-05-31,1000000.00,4.760424,98.265625
08:00:30,912810UB2,TSRYS5810883,D,S,T,2024-05-31,1000000.00,4.760424,98.265625
08:00:30,912810UB2,TSRYS5810883,D,S,T,2024-05-31,1000000.00,4.76166,98.25
08:00:30,912810UB2,TSRYS5810883,D,S,T,2024-05-31,1000000.00,4.76166,98.25
08:00:30,912810UB2,TSRYS5810883,D,S,T,2024-05-31,1000000.00,4.766607,98.1875
08:00:30,912810UB2,TSRYS5810883,D,S,T,2024-05-31,1000000.00,4.76166,98.25
08:00:34,912810UB2,TSRYS5810883,D,S,T,2024-05-31,1000000.00,4.772796,98.109375
08:00:34,912810UB2,TSRYS5810883,D,S,T,2024-05-31,1000000.00,4.772796,98.109375
08:00:34,912810UB2,TSRYS5810883,D,S,T,2024-05-31,1000000.00,4.772796,98.109375
08:00:34,912810UB2,TSRYS5810883,D,S,T,2024-05-31,1000000.00,4.772796,98.109375
08:00:34,912810UB2,TSRYS5810883,D,S,T,2024-05-31,1000000.00,4.775274,98.078125
08:00:34,912810UB2,TSRYS5810883,D,S,T,2024-05-31,1000000.00,4.774035,98.09375
08:00:34,912810UB2,TSRYS5810883,D,S,T,2024-05-31,1000000.00,4.766607,98.1875
08:00:34,912810UB2,TSRYS5810883,D,S,T,2024-05-31,1000000.00,4.766607,98.1875
08:00:34,912810UB2,TSRYS5810883,D,S,T,2024-05-31,1000000.00,4.77032,98.140625
08:00:34,912810UB2,TSRYS5810883,D,S,T,2024-05-31,1000000.00,4.774035,98.09375
08:00:34,912810UB2,TSRYS5810883,D,S,T,2024-05-31,1000000.00,4.774035,98.09375
08:00:34,912810UB2,TSRYS5810883,D,S,T,2024-05-31,1000000.00,4.774035,98.09375
08:00:34,912810UB2,TSRYS5810883,D,S,D,2024-05-31,1000000.00,4.759188,98.28125
08:00:34,912810UB2,TSRYS5810883,D,S,D,2024-05-31,1000000.00,4.759188,98.28125
08:00:34,912810UB2,TSRYS5810883,D,S,D,2024-05-31,1000000.00,4.76537,98.203125
08:00:34,912810UB2,TSRYS5810883,D,S,D,2024-05-31,1000000.00,4.769082,98.15625
08:00:34,912810UB2,TSRYS5810883,D,S,D,2024-05-31,1000000.00,4.760115,98.26953125
08:00:34,912810UB2,TSRYS5810883,D,S,D,2024-05-31,1000000.00,4.759651,98.275390625
08:00:34,912810UB2,TSRYS5810883,D,S,D,2024-05-31,1000000.00,4.759497,98.27734375
08:00:34,912810UB2,TSRYS5810883,D,S,D,2024-05-31,2000000.00,4.778217,98.041015625
08:00:34,912810UB2,TSRYS5810883,D,S,D,2024-05-31,1000000.00,4.778682,98.03515625
08:00:34,912810UB2,TSRYS5810883,D,S,D,2024-05-31,2000000.00,4.780077,98.017578125
08:00:34,912810UB2,TSRYS5810883,D,S,D,2024-05-31,1000000.00,4.779922,98.01953125
08:00:34,912810UB2,TSRYS5810883,D,S,D,2024-05-31,2000000.00,4.780232,98.015625
08:00:34,912810UB2,TSRYS5810883,D,S,D,2024-05-31,2000000.00,4.780232,98.015625
08:00:34,912810UB2,TSRYS5810883,D,S,D,2024-05-31,2000000.00,4.778527,98.037109375
08:00:34,912810UB2,TSRYS5810883,D,S,D,2024-05-31,1000000.00,4.77032,98.140625
08:00:34,912810UB2,TSRYS5810883,D,S,D,2024-05-31,1000000.00,4.769701,98.1484375
08:00:34,912810UB2,TSRYS5810883,D,S,D,2024-05-31,1000000.00,4.765215,98.205078125
08:00:34,912810UB2,TSRYS5810883,D,S,D,2024-05-31,1000000.00,4.76738,98.177734375
08:00:34,912810UB2,TSRYS5810883,D,S,D,2024-05-31,1000000.00,4.76738,98.177734375
08:00:34,912810UB2,TSRYS5810883,D,S,D,2024-05-31,1000000.00,4.76738,98.177734375
08:00:34,912810UB2,TSRYS5810883,D,S,D,2024-05-31,1000000.00,4.767225,98.1796875
08:00:34,912810UB2,TSRYS5810883,D,S,D,2024-05-31,1000000.00,4.764751,98.2109375
08:00:34,912810UB2,TSRYS5810883,D,S,T,2024-05-31,1000000.00,4.759651,98.275390625
08:00:34,912810UB2,TSRYS5810883,D,S,T,2024-05-31,1000000.00,4.759497,98.27734375
08:00:34,912810UB2,TSRYS5810883,D,S,T,2024-05-31,1000000.00,4.759188,98.28125
08:00:34,912810UB2,TSRYS5810883,D,S,T,2024-05-31,1000000.00,4.759188,98.28125
08:00:34,912810UB2,TSRYS5810883,D,S,T,2024-05-31,1000000.00,4.766607,98.1875
08:00:34,912810UB2,TSRYS5810883,D,S,T,2024-05-31,1000000.00,4.766607,98.1875
08:00:34,912810UB2,TSRYS5810883,D,S,T,2024-05-31,1000000.00,4.769082,98.15625
08:00:34,912810UB2,TSRYS5810883,D,S,T,2024-05-31,1000000.00,4.766607,98.1875
08:00:34,912810UB2,TSRYS5810883,D,S,T,2024-05-31,1000000.00,4.766607,98.1875
08:00:34,912810UB2,TSRYS5810883,D,S,T,2024-05-31,1000000.00,4.766607,98.1875
08:00:34,912810UB2,TSRYS5810883,D,S,T,2024-05-31,1000000.00,4.767071,98.181640625
08:00:34,912810UB2,TSRYS5810883,D,S,D,2024-05-31,1000000.00,4.769082,98.15625
08:00:38,912810UB2,TSRYS5810883,D,S,T,2024-05-31,1000000.00,4.772796,98.109375
08:00:38,912810UB2,TSRYS5810883,D,S,T,2024-05-31,1000000.00,4.772796,98.109375
08:00:38,912810UB2,TSRYS5810883,D,S,T,2024-05-31,1000000.00,4.764133,98.21875
08:00:38,912810UB2,TSRYS5810883,D,S,T,2024-05-31,1000000.00,4.756254,98.318359375
08:00:38,912810UB2,TSRYS5810883,D,S,D,2024-05-31,1000000.00,4.767225,98.1796875
08:00:39,912810UB2,TSRYS5810883,D,S,T,2024-05-31,1000000.00,4.766916,98.18359375
08:00:39,912810UB2,TSRYS5810883,D,S,T,2024-05-31,1000000.00,4.75935,98.279196875
08:00:39,912810UB2,TSRYS5810883,D,S,T,2024-05-31,1000000.00,4.75935,98.279196875
08:00:39,912810UB2,TSRYS5810883,D,S,T,2024-05-31,1000000.00,4.75935,98.279196875
08:00:39,912810UB2,TSRYS5810883,D,S,T,2024-05-31,1000000.00,4.75935,98.279196875
08:00:39,912810UB2,TSRYS5810883,D,S,D,2024-05-31,1700000.00,4.767228,98.1796875
08:00:40,912810UB2,TSRYS5810883,D,B,A,2024-05-31,4000000.00,4.773728,98.09765625
08:00:40,912810UB2,TSRYS5810883,D,S,A,2024-05-31,350000.00,4.765988,98.1953125
08:00:42,912810UB2,TSRYS5810883,D,S,D,2024-05-31,1000000.00,4.762587,98.23828125
08:00:42,912810UB2,TSRYS5810883,D,S,D,2024-05-31,1000000.00,4.762587,98.23828125
08:00:45,912810UB2,TSRYS5810883,D,S,D,2024-05-31,1000000.00,4.774035,98.09375
08:00:45,912810UB2,TSRYS5810883,D,S,D,2024-05-31,1000000.00,4.774035,98.09375
08:00:45,912810UB2,TSRYS5810883,D,S,D,2024-05-31,1000000.00,4.774035,98.09375
08:00:46,912810UB2,TSRYS5810883,D,S,T,2024-05-31,1000000.00,4.759188,98.28125
08:00:46,912810UB2,TSRYS5810883,D,S,D,2024-05-31,1000000.00,4.762587,98.23828125
08:00:46,912810UB2,TSRYS5810883,D,S,D,2024-05-31,1000000.00,4.762587,98.23828125
08:00:46,912810UB2,TSRYS5810883,D,S,D,2024-05-31,1000000.00,4.762587,98.23828125
08:00:49,912810UB2,TSRYS5810883,D,S,D,2024-05-31,1000000.00,4.774035,98.09375
08:00:49,912810UB2,TSRYS5810883,D,S,D,2024-05-31,1000000.00,4.762587,98.23828125
08:00:49,912810UB2,TSRYS5810883,D,S,D,2024-05-31,400000.00,4.770629,98.13671875
08:00:51,912810UB2,TSRYS5810883,D,S,A,2024-05-31,1800000.00,4.764751,98.2109375
08:00:51,912810UB2,TSRYS5810883,D,S,D,2024-05-31,1000000.00,4.766916,98.18359375
08:00:51,912810UB2,TSRYS5810883,D,S,D,2024-05-31,1000000.00,4.766916,98.18359375
08:00:52,912810UB2,TSRYS5810883,D,S,D,2024-05-31,1000000.00,4.766916,98.18359375
08:00:53,912810UB2,TSRYS5810883,D,S,D,2024-05-31,1000000.00,4.766916,98.18359375
08:00:54,912810UB2,TSRYS5810883,D,S,D,2024-05-31,1000000.00,4.766916,98.18359375
08:00:54,912810UB2,TSRYS5810883,D,S,D,2024-05-31,1000000.00,4.766916,98.18359375
08:01:06,912810UB2,TSRYS5810883,D,S,T,2024-05-31,1000000.00,4.766761,98.185546875
08:01:07,912810UB2,TSRYS5810883,D,S,T,2024-05-31,1000000.00,4.767535,98.17578125
08:01:07,912810UB2,TSRYS5810883,D,S,T,2024-05-31,1000000.00,4.76739,98.177609375
08:01:08,912810UB2,TSRYS5810883,D,S,T,2024-05-31,3000000.00,4.767689,98.173828125
08:01:08,912810UB2,TSRYS5810883,D,S,T,2024-05-31,1000000.00,4.76738,98.177734375
08:01:08,912810UB2,TSRYS5810883,D,S,T,2024-05-31,2000000.00,4.767225,98.1796875
08:01:09,912810UB2,TSRYS5810883,D,B,A,2024-05-31,5100000.00,4.771899,98.12069375
08:01:09,912810UB2,TSRYS5810883,D,S,T,2024-05-31,1000000.00,4.767689,98.173828125
08:01:10,912810UB2,TSRYS5810883,D,S,T,2024-05-31,1000000.00,4.772807,98.109245
08:01:10,912810UB2,TSRYS5810883,D,S,T,2024-05-31,1000000.00,4.774045,98.09362
08:01:10,912810UB2,TSRYS5810883,D,S,T,2024-05-31,1000000.00,4.772807,98.109245
08:01:11,912810UB2,TSRYS5810883,D,S,T,2024-05-31,1000000.00,4.766761,98.185546875
08:01:11,912810UB2,TSRYS5810883,D,S,D,2024-05-31,350000.00,4.766916,98.18359375
08:01:11,912810UB2,TSRYS5810883,D,S,A,2024-05-31,5000000.00,4.773112,98.10546875
08:01:11,912810UB2,TSRYS5810883,D,S,T,2024-05-31,2000000.00,4.767844,98.171875
08:01:12,912810UB2,TSRYS5810883,D,S,D,2024-05-31,1000000.00,4.765314,98.203825
08:01:12,912810UB2,TSRYS5810883,D,S,T,2024-05-31,1000000.00,4.767535,98.17578125
08:01:13,912810UB2,TSRYS5810883,D,S,T,2024-05-31,1000000.00,4.767699,98.173703125
08:01:13,912810UB2,TSRYS5810883,D,S,T,2024-05-31,1000000.00,4.76738,98.177734375
08:01:13,912810UB2,TSRYS5810883,D,S,T,2024-05-31,1000000.00,4.76738,98.177734375
08:01:13,912810UB2,TSRYS5810883,D,S,T,2024-05-31,1000000.00,4.76738,98.177734375
08:01:14,912810UB2,TSRYS5810883,D,S,A,2024-05-31,500000.00,4.76537,98.203125
08:01:15,912810UB2,TSRYS5810883,D,S,A,2024-05-31,1529000.00,4.767535,98.17578125
08:01:15,912810UB2,TSRYS5810883,D,S,T,2024-05-31,1000000.00,4.764145,98.2186
08:01:15,912810UB2,TSRYS5810883,D,B,A,2024-05-31,1000000.00,4.764145,98.2186
08:01:15,912810UB2,TSRYS5810883,D,S,D,2024-05-31,1000000.00,4.763824,98.22265625
08:01:15,912810UB2,TSRYS5810883,D,S,T,2024-05-31,1000000.00,4.764145,98.218598
08:01:15,912810UB2,TSRYS5810883,D,B,A,2024-05-31,1000000.00,4.764145,98.218598
08:01:15,912810UB2,TSRYS5810883,D,B,A,2024-05-31,2000000.00,4.764145,98.218598
08:01:15,912810UB2,TSRYS5810883,D,S,T,2024-05-31,2000000.00,4.764145,98.218598
08:01:15,912810UB2,TSRYS5810883,D,S,D,2024-05-31,4900000.00,4.781473,98.0
08:01:15,912810UB2,TSRYS5810883,D,S,D,2024-05-31,13700000.00,4.781473,98.0
08:01:15,912810UB2,TSRYS5810883,D,S,D,2024-05-31,19550000.00,4.781473,98.0
08:01:18,912810UB2,TSRYS5810883,D,S,A,2024-05-31,3000000.00,4.77528,98.078125
08:01:18,912810UB2,TSRYS5810883,D,S,A,2024-05-31,460000.00,4.775893,98.0703125
08:01:19,912810UB2,TSRYS5810883,D,B,C,2024-05-31,700000.00,4.758261,98.29296875
08:01:22,912810UB2,TSRYS5810883,D,B,C,2024-05-31,1000000.00,4.755173,98.33203125
08:01:22,912810UB2,TSRYS5810883,D,S,C,2024-05-31,1000000.00,4.755173,98.33203125
08:01:23,912810UB2,TSRYS5810883,D,S,C,2024-05-31,1000000.00,4.76537,98.203125
08:01:23,912810UB2,TSRYS5810883,D,S,C,2024-05-31,1000000.00,4.770939,98.1328125
08:01:23,912810UB2,TSRYS5810883,D,S,D,2024-05-31,15000.00,4.75984,98.273
08:01:23,912810UB2,TSRYS5810883,D,S,C,2024-05-31,1000000.00,4.769701,98.1484375
08:01:23,912810UB2,TSRYS5810883,D,S,D,2024-05-31,1000000.00,4.774035,98.09375
08:01:23,912810UB2,TSRYS5810883,D,S,C,2024-05-31,894000.00,4.759156,98.28165
08:01:23,912810UB2,TSRYS5810883,D,S,D,2024-05-31,1000000.00,4.774035,98.09375
08:01:23,912810UB2,TSRYS5810883,D,S,D,2024-05-31,1000000.00,4.774035,98.09375
08:01:24,912810UB2,TSRYS5810883,D,S,D,2024-05-31,1000000.00,4.77032,98.140625
08:01:24,912810UB2,TSRYS5810883,D,S,D,2024-05-31,1000000.00,4.762587,98.23828125
08:01:24,912810UB2,TSRYS5810883,D,S,D,2024-05-31,1000000.00,4.762587,98.23828125
08:01:24,912810UB2,TSRYS5810883,D,S,D,2024-05-31,894000.00,4.759156,98.28165
08:01:24,912810UB2,TSRYS5810883,D,S,D,2024-05-31,1000000.00,4.762587,98.23828125
08:01:24,912810UB2,TSRYS5810883,D,B,C,2024-05-31,1000000.00,4.773725,98.09765625
08:01:24,912810UB2,TSRYS5810883,D,S,C,2024-05-31,1000000.00,4.773725,98.09765625
08:01:24,912810UB2,TSRYS5810883,D,S,D,2024-05-31,1000000.00,4.774035,98.09375
08:01:24,912810UB2,TSRYS5810883,D,S,C,2024-05-31,1000000.00,4.766916,98.18359375
08:01:24,912810UB2,TSRYS5810883,D,S,D,2024-05-31,1000000.00,4.766916,98.18359375
08:01:24,912810UB2,TSRYS5810883,D,S,D,2024-05-31,1000000.00,4.766916,98.18359375
08:01:24,912810UB2,TSRYS5810883,D,S,A,2024-05-31,1000000.00,4.756717,98.3125
08:01:25,912810UB2,TSRYS5810883,D,S,D,2024-05-31,1000000.00,4.763205,98.23046875
08:01:25,912810UB2,TSRYS5810883,D,B,A,2024-05-31,490000.00,4.766607,98.1875
08:01:25,912810UB2,TSRYS5810883,D,S,D,2024-05-31,1000000.00,4.763205,98.23046875
08:01:26,912810UB2,TSRYS5810883,D,S,D,2024-05-31,1000000.00,4.763205,98.23046875
08:01:26,912810UB2,TSRYS5810883,D,S,D,2024-05-31,1000000.00,4.763205,98.23046875
08:01:26,912810UB2,TSRYS5810883,D,S,D,2024-05-31,1000000.00,4.763205,98.23046875
08:01:26,912810UB2,TSRYS5810883,D,S,D,2024-05-31,1000000.00,4.763205,98.23046875
08:01:26,912810UB2,TSRYS5810883,D,S,D,2024-05-31,1000000.00,4.763205,98.23046875
08:01:26,912810UB2,TSRYS5810883,D,S,C,2024-05-31,1000000.00,4.766916,98.18359375
08:01:26,912810UB2,TSRYS5810883,D,S,D,2024-05-31,1000000.00,4.763205,98.23046875
08:01:26,912810UB2,TSRYS5810883,D,S,C,2024-05-31,15000.00,4.75984,98.273
08:01:26,912810UB2,TSRYS5810883,D,S,C,2024-05-31,1000000.00,4.766916,98.18359375
08:01:26,912810UB2,TSRYS5810883,D,B,C,2024-05-31,8000000.00,4.76323,98.23016
08:01:26,912810UB2,TSRYS5810883,D,S,C,2024-05-31,1000000.00,4.767225,98.1796875
08:01:27,912810UB2,TSRYS5810883,D,S,C,2024-05-31,1000000.00,4.766916,98.18359375
08:01:27,912810UB2,TSRYS5810883,D,S,C,2024-05-31,1000000.00,4.766916,98.18359375
08:01:27,912810UB2,TSRYS5810883,D,S,C,2024-05-31,1000000.00,4.763824,98.22265625
08:01:27,912810UB2,TSRYS5810883,D,S,C,2024-05-31,1000000.00,4.762587,98.23828125
08:01:27,912810UB2,TSRYS5810883,D,B,C,2024-05-31,1000000.00,4.762587,98.23828125
08:01:27,912810UB2,TSRYS5810883,D,S,D,2024-05-31,135000.00,4.766607,98.1875
08:01:29,912810UB2,TSRYS5810883,D,S,D,2024-05-31,1000000.00,4.760733,98.26171875
08:01:30,912810UB2,TSRYS5810883,D,S,A,2024-05-31,1810000.00,4.77187,98.12109375
08:01:30,912810UB2,TSRYS5810883,D,S,T,2024-05-31,50000.00,4.760733,98.261719
08:01:31,912810UB2,TSRYS5810883,D,S,C,2024-05-31,1000000.00,4.760424,98.265625
08:01:31,912810UB2,TSRYS5810883,D,S,D,2024-05-31,1000000.00,4.759651,98.275390625
08:01:31,912810UB2,TSRYS5810883,D,S,D,2024-05-31,1000000.00,4.759497,98.27734375
08:01:32,912810UB2,TSRYS5810883,D,B,C,2024-05-31,1000000.00,4.755482,98.328125
08:01:32,912810UB2,TSRYS5810883,D,S,C,2024-05-31,1000000.00,4.755482,98.328125
08:01:32,912810UB2,TSRYS5810883,D,S,D,2024-05-31,1000000.00,4.770939,98.1328125
08:01:32,912810UB2,TSRYS5810883,D,S,D,2024-05-31,1000000.00,4.771558,98.125
08:01:32,912810UB2,TSRYS5810883,D,S,D,2024-05-31,1000000.00,4.771558,98.125
08:01:32,912810UB2,TSRYS5810883,D,S,D,2024-05-31,1000000.00,4.771558,98.125
08:01:32,912810UB2,TSRYS5810883,D,S,D,2024-05-31,1000000.00,4.771558,98.125
08:01:32,912810UB2,TSRYS5810883,D,S,D,2024-05-31,11000.00,4.762896,98.234375
08:01:33,912810UB2,TSRYS5810883,D,S,D,2024-05-31,1000000.00,4.771558,98.125
08:01:33,912810UB2,TSRYS5810883,D,S,D,2024-05-31,1000000.00,4.771558,98.125
08:01:33,912810UB2,TSRYS5810883,D,S,C,2024-05-31,50000.00,4.760733,98.261719
08:01:33,912810UB2,TSRYS5810883,D,S,C,2024-05-31,3000000.00,4.760472,98.26502
08:01:33,912810UB2,TSRYS5810883,D,S,C,2024-05-31,4000000.00,4.759574,98.27637
08:01:33,912810UB2,TSRYS5810883,D,S,D,2024-05-31,1000000.00,4.769701,98.1484375
08:01:33,912810UB2,TSRYS5810883,D,S,D,2024-05-31,1000000.00,4.769855,98.14648437
08:01:33,912810UB2,TSRYS5810883,D,S,D,2024-05-31,1000000.00,4.769855,98.14648437
08:01:34,912810UB2,TSRYS5810883,D,S,C,2024-05-31,1000000.00,4.769082,98.15625
08:01:34,912810UB2,TSRYS5810883,D,S,D,2024-05-31,1000000.00,4.769082,98.15625
08:01:34,912810UB2,TSRYS5810883,D,S,D,2024-05-31,1000000.00,4.767844,98.171875
08:01:34,912810UB2,TSRYS5810883,D,S,D,2024-05-31,1000000.00,4.767844,98.171875
08:01:34,912810UB2,TSRYS5810883,D,S,D,2024-05-31,1000000.00,4.767844,98.171875
08:01:34,912810UB2,TSRYS5810883,D,S,C,2024-05-31,1000000.00,4.767844,98.171875
08:01:34,912810UB2,TSRYS5810883,D,S,D,2024-05-31,1000000.00,4.767844,98.171875
08:01:34,912810UB2,TSRYS5810883,D,S,D,2024-05-31,1000000.00,4.767844,98.171875
08:01:34,912810UB2,TSRYS5810883,D,S,D,2024-05-31,1000000.00,4.767844,98.171875
08:01:34,912810UB2,TSRYS5810883,D,S,D,2024-05-31,1000000.00,4.769701,98.1484375
08:01:34,912810UB2,TSRYS5810883,D,S,D,2024-05-31,1000000.00,4.77032,98.140625
08:01:34,912810UB2,TSRYS5810883,D,S,D,2024-05-31,1000000.00,4.774035,98.09375
08:01:34,912810UB2,TSRYS5810883,D,S,D,2024-05-31,1000000.00,4.774035,98.09375
08:01:34,912810UB2,TSRYS5810883,D,S,D,2024-05-31,1000000.00,4.774035,98.09375
08:01:34,912810UB2,TSRYS5810883,D,S,T,2024-05-31,1000000.00,4.774047,98.0936
08:01:34,912810UB2,TSRYS5810883,D,S,D,2024-05-31,1000000.00,4.774035,98.09375
08:01:34,912810UB2,TSRYS5810883,D,S,D,2024-05-31,1000000.00,4.774035,98.09375
08:01:34,912810UB2,TSRYS5810883,D,S,D,2024-05-31,1000000.00,4.775584,98.07421875
08:01:34,912810UB2,TSRYS5810883,D,S,D,2024-05-31,1000000.00,4.776513,98.0625
08:01:34,912810UB2,TSRYS5810883,D,S,D,2024-05-31,1000000.00,4.777753,98.046875
08:01:34,912810UB2,TSRYS5810883,D,S,D,2024-05-31,1000000.00,4.777753,98.046875
08:01:35,912810UB2,TSRYS5810883,D,S,D,2024-05-31,1000000.00,4.772796,98.109375
08:01:35,912810UB2,TSRYS5810883,D,S,D,2024-05-31,1000000.00,4.771248,98.12890625
08:01:35,912810UB2,TSRYS5810883,D,S,D,2024-05-31,1000000.00,4.771248,98.12890625
08:01:35,912810UB2,TSRYS5810883,D,S,D,2024-05-31,1000000.00,4.771248,98.12890625
08:01:35,912810UB2,TSRYS5810883,D,S,D,2024-05-31,1000000.00,4.771248,98.12890625
08:01:35,912810UB2,TSRYS5810883,D,S,C,2024-05-31,1000000.00,4.766607,98.1875
08:01:36,912810UB2,TSRYS5810883,D,S,D,2024-05-31,1000000.00,4.767225,98.1796875
08:01:36,912810UB2,TSRYS5810883,D,S,D,2024-05-31,1000000.00,4.766607,98.1875
08:01:36,912810UB2,TSRYS5810883,D,S,D,2024-05-31,1000000.00,4.767071,98.18164062
08:01:36,912810UB2,TSRYS5810883,D,S,D,2024-05-31,1000000.00,4.769082,98.15625
08:01:36,912810UB2,TSRYS5810883,D,S,D,2024-05-31,1000000.00,4.77032,98.140625
08:01:36,912810UB2,TSRYS5810883,D,S,D,2024-05-31,1000000.00,4.77032,98.140625
08:01:36,912810UB2,TSRYS5810883,D,S,C,2024-05-31,1000000.00,4.767844,98.171875
08:01:36,912810UB2,TSRYS5810883,D,S,D,2024-05-31,1000000.00,4.767071,98.18164062
08:01:36,912810UB2,TSRYS5810883,D,S,D,2024-05-31,1000000.00,4.76537,98.203125
08:01:36,912810UB2,TSRYS5810883,D,S,D,2024-05-31,1000000.00,4.76537,98.203125
08:01:36,912810UB2,TSRYS5810883,D,S,D,2024-05-31,1000000.00,4.76537,98.203125
08:01:36,912810UB2,TSRYS5810883,D,S,D,2024-05-31,1000000.00,4.763824,98.22265625
08:01:36,912810UB2,TSRYS5810883,D,S,D,2024-05-31,1000000.00,4.764133,98.21875
08:01:36,912810UB2,TSRYS5810883,D,S,D,2024-05-31,1000000.00,4.762896,98.234375
08:01:36,912810UB2,TSRYS5810883,D,S,C,2024-05-31,1000000.00,4.762587,98.23828125
08:01:36,912810UB2,TSRYS5810883,D,S,D,2024-05-31,1000000.00,4.76166,98.25
08:01:36,912810UB2,TSRYS5810883,D,S,C,2024-05-31,1000000.00,4.762278,98.2421875
08:01:36,912810UB2,TSRYS5810883,D,S,C,2024-05-31,1000000.00,4.762896,98.234375
08:01:36,912810UB2,TSRYS5810883,D,S,T,2024-05-31,1000000.00,4.762742,98.23632812
08:01:36,912810UB2,TSRYS5810883,D,S,T,2024-05-31,1000000.00,4.762742,98.23632812
08:01:36,912810UB2,TSRYS5810883,D,S,T,2024-05-31,1000000.00,4.762742,98.23632812
08:01:36,912810UB2,TSRYS5810883,D,S,C,2024-05-31,1000000.00,4.762742,98.23632812
08:01:36,912810UB2,TSRYS5810883,D,S,T,2024-05-31,1000000.00,4.762908,98.234225
08:01:36,912810UB2,TSRYS5810883,D,S,T,2024-05-31,1000000.00,4.762908,98.234225
08:01:36,912810UB2,TSRYS5810883,D,S,D,2024-05-31,1000000.00,4.76537,98.203125
08:01:36,912810UB2,TSRYS5810883,D,S,C,2024-05-31,1000000.00,4.76537,98.203125
08:01:36,912810UB2,TSRYS5810883,D,S,T,2024-05-31,1000000.00,4.766619,98.18735
08:01:36,912810UB2,TSRYS5810883,D,S,D,2024-05-31,1000000.00,4.769082,98.15625
08:01:37,912810UB2,TSRYS5810883,D,S,D,2024-05-31,1000000.00,4.765679,98.19921875
08:01:37,912810UB2,TSRYS5810883,D,S,D,2024-05-31,1000000.00,4.766297,98.19140625
08:01:37,912810UB2,TSRYS5810883,D,S,C,2024-05-31,1000000.00,4.766297,98.19140625
08:01:37,912810UB2,TSRYS5810883,D,S,C,2024-05-31,1000000.00,4.766297,98.19140625
08:01:37,912810UB2,TSRYS5810883,D,S,D,2024-05-31,1000000.00,4.774035,98.09375
08:01:37,912810UB2,TSRYS5810883,D,S,D,2024-05-31,1000000.00,4.763824,98.22265625
08:01:37,912810UB2,TSRYS5810883,D,S,D,2024-05-31,1000000.00,4.76537,98.203125
08:01:39,912810UB2,TSRYS5810883,D,S,D,2024-05-31,1000000.00,4.764133,98.21875
08:01:39,912810UB2,TSRYS5810883,D,B,C,2024-05-31,1077000.00,4.76166,98.25
08:01:39,912810UB2,TSRYS5810883,D,B,C,2024-05-31,9300000.00,4.759188,98.28125
08:01:39,912810UB2,TSRYS5810883,D,S,D,2024-05-31,1000000.00,4.763824,98.22265625
08:01:39,912810UB2,TSRYS5810883,D,S,C,2024-05-31,1000000.00,4.754247,98.34375
08:01:40,912810UB2,TSRYS5810883,D,S,D,2024-05-31,1000000.00,4.757952,98.296875
08:01:40,912810UB2,TSRYS5810883,D,S,D,2024-05-31,1000000.00,4.757952,98.296875
08:01:41,912810UB2,TSRYS5810883,D,S,D,2024-05-31,1000000.00,4.760424,98.265625
08:01:41,912810UB2,TSRYS5810883,D,S,D,2024-05-31,1000000.00,4.759188,98.28125
08:01:42,912810UB2,TSRYS5810883,D,S,A,2024-05-31,1000000.00,4.75857,98.2890625
08:01:52,912810UB2,TSRYS5810883,D,S,D,2024-05-31,1700000.00,4.767228,98.1796875
08:01:56,912810UB2,TSRYS5810883,D,B,C,2024-05-31,1000000.00,4.769391,98.15234375
08:02:00,912810UB2,TSRYS5810883,D,S,D,2024-05-31,350000.00,4.766916,98.18359375
08:02:02,912810UB2,TSRYS5810883,D,S,C,2024-05-31,13000000.00,4.778538,98.03697
08:02:03,912810UB2,TSRYS5810883,D,B,C,2024-05-31,1000000.00,4.76166,98.25
08:02:03,912810UB2,TSRYS5810883,D,S,C,2024-05-31,1000000.00,4.761644,98.2502
08:02:03,912810UB2,TSRYS5810883,D,S,C,2024-05-31,1000000.00,4.76288,98.234575
08:02:03,912810UB2,TSRYS5810883,D,S,D,2024-05-31,135000.00,4.766607,98.1875
08:02:05,912810UB2,TSRYS5810883,D,B,C,2024-05-31,1000000.00,4.767999,98.16992187
08:02:09,912810UB2,TSRYS5810883,D,S,C,2024-05-31,1000000.00,4.756705,98.31265
08:02:09,912810UB2,TSRYS5810883,D,S,C,2024-05-31,1000000.00,4.755482,98.328125
08:02:09,912810UB2,TSRYS5810883,D,B,C,2024-05-31,1000000.00,4.754261,98.343575
08:02:09,912810UB2,TSRYS5810883,D,B,C,2024-05-31,1000000.00,4.755496,98.32795
08:02:09,912810UB2,TSRYS5810883,D,S,C,2024-05-31,1000000.00,4.754247,98.34375
08:02:09,912810UB2,TSRYS5810883,D,B,C,2024-05-31,1000000.00,4.756733,98.3123
08:02:09,912810UB2,TSRYS5810883,D,S,C,2024-05-31,1000000.00,4.755482,98.328125
08:02:10,912810UB2,TSRYS5810883,D,S,D,2024-05-31,1000000.00,4.77032,98.140625
08:02:10,912810UB2,TSRYS5810883,D,S,D,2024-05-31,1000000.00,4.77032,98.140625
08:02:10,912810UB2,TSRYS5810883,D,S,C,2024-05-31,19550000.00,4.781473,98.0
08:02:10,912810UB2,TSRYS5810883,D,B,C,2024-05-31,1000000.00,4.765215,98.20507812
08:02:11,912810UB2,TSRYS5810883,D,S,C,2024-05-31,1000000.00,4.764133,98.21875
08:02:11,912810UB2,TSRYS5810883,D,S,C,2024-05-31,1000000.00,4.765524,98.20117187
08:02:11,912810UB2,TSRYS5810883,D,S,C,2024-05-31,1000000.00,4.765524,98.20117187
08:02:11,912810UB2,TSRYS5810883,D,S,D,2024-05-31,1000000.00,4.766916,98.18359375
08:02:12,912810UB2,TSRYS5810883,D,S,C,2024-05-31,1000000.00,4.766916,98.18359375
08:02:12,912810UB2,TSRYS5810883,D,S,D,2024-05-31,1000000.00,4.766916,98.18359375
08:02:12,912810UB2,TSRYS5810883,D,S,D,2024-05-31,1000000.00,4.766916,98.18359375
08:02:12,912810UB2,TSRYS5810883,D,S,D,2024-05-31,1000000.00,4.766916,98.18359375
08:02:12,912810UB2,TSRYS5810883,D,S,T,2024-05-31,1000000.00,4.767071,98.18164062
08:02:15,912810UB2,TSRYS5810883,D,S,A,2024-05-31,200000.00,4.758261,98.29296875
08:02:16,912810UB2,TSRYS5810883,D,S,D,2024-05-31,12000000.00,4.76698,98.18278
08:02:16,912810UB2,TSRYS5810883,D,S,C,2024-05-31,1000000.00,4.764133,98.21875
08:02:18,912810UB2,TSRYS5810883,D,S,D,2024-05-31,1000000.00,4.760115,98.26953125
08:02:18,912810UB2,TSRYS5810883,D,S,C,2024-05-31,1000000.00,4.759497,98.27734375
08:02:18,912810UB2,TSRYS5810883,D,S,T,2024-05-31,1000000.00,4.759497,98.27734375
08:02:18,912810UB2,TSRYS5810883,D,S,D,2024-05-31,1000000.00,4.760424,98.265625
08:02:18,912810UB2,TSRYS5810883,D,S,T,2024-05-31,1000000.00,4.759342,98.27929687
08:02:18,912810UB2,TSRYS5810883,D,S,D,2024-05-31,1000000.00,4.759497,98.27734375
08:02:18,912810UB2,TSRYS5810883,D,S,D,2024-05-31,1000000.00,4.759497,98.27734375
08:02:18,912810UB2,TSRYS5810883,D,S,T,2024-05-31,1000000.00,4.759497,98.27734375
08:02:18,912810UB2,TSRYS5810883,D,S,T,2024-05-31,1000000.00,4.759497,98.27734375
08:02:18,912810UB2,TSRYS5810883,D,S,D,2024-05-31,1000000.00,4.759497,98.27734375
08:02:19,912810UB2,TSRYS5810883,D,S,D,2024-05-31,1000000.00,4.759497,98.27734375
08:02:19,912810UB2,TSRYS5810883,D,S,C,2024-05-31,1000000.00,4.759497,98.27734375
08:02:19,912810UB2,TSRYS5810883,D,S,T,2024-05-31,1000000.00,4.759497,98.27734375
08:02:19,912810UB2,TSRYS5810883,D,S,T,2024-05-31,1000000.00,4.759497,98.27734375
08:02:19,912810UB2,TSRYS5810883,D,S,T,2024-05-31,1000000.00,4.759497,98.27734375
08:02:19,912810UB2,TSRYS5810883,D,S,T,2024-05-31,1000000.00,4.759497,98.27734375
08:02:20,912810UB2,TSRYS5810883,D,S,D,2024-05-31,1000000.00,4.759188,98.28125
08:02:21,912810UB2,TSRYS5810883,D,S,D,2024-05-31,1000000.00,4.759188,98.28125
08:02:21,912810UB2,TSRYS5810883,D,B,C,2024-05-31,1000000.00,4.759188,98.28125
08:02:21,912810UB2,TSRYS5810883,D,S,D,2024-05-31,1000000.00,4.759188,98.28125
08:02:21,912810UB2,TSRYS5810883,D,S,D,2024-05-31,1000000.00,4.759188,98.28125
08:02:21,912810UB2,TSRYS5810883,D,B,C,2024-05-31,1000000.00,4.759188,98.28125
08:02:21,912810UB2,TSRYS5810883,D,S,D,2024-05-31,1000000.00,4.759188,98.28125
08:02:25,912810UB2,TSRYS5810883,D,S,C,2024-05-31,1000000.00,4.750532,98.390775
08:02:25,912810UB2,TSRYS5810883,D,B,C,2024-05-31,1000000.00,4.75056,98.390425
08:02:26,912810UB2,TSRYS5810883,D,S,C,2024-05-31,1000000.00,4.751763,98.3752
08:02:26,912810UB2,TSRYS5810883,D,S,C,2024-05-31,1000000.00,4.752999,98.35955
08:02:26,912810UB2,TSRYS5810883,D,S,C,2024-05-31,1000000.00,4.752997,98.359575
08:02:27,912810UB2,TSRYS5810883,D,S,C,2024-05-31,1000000.00,4.754231,98.34395
08:02:28,912810UB2,TSRYS5810883,D,S,D,2024-05-31,1000000.00,4.76537,98.203125
08:02:29,912810UB2,TSRYS5810883,D,S,D,2024-05-31,1000000.00,4.756707,98.31263
08:02:29,912810UB2,TSRYS5810883,D,S,D,2024-05-31,1000000.00,4.766607,98.1875
08:02:29,912810UB2,TSRYS5810883,D,B,C,2024-05-31,1000000.00,4.756717,98.3125
08:02:29,912810UB2,TSRYS5810883,D,S,D,2024-05-31,1000000.00,4.766607,98.1875
08:02:29,912810UB2,TSRYS5810883,D,S,D,2024-05-31,1000000.00,4.754237,98.34388
08:02:29,912810UB2,TSRYS5810883,D,B,C,2024-05-31,1000000.00,4.754263,98.34355
08:02:33,912810UB2,TSRYS5810883,D,S,D,2024-05-31,1000000.00,4.769082,98.15625
08:02:33,912810UB2,TSRYS5810883,D,S,D,2024-05-31,1000000.00,4.768153,98.16796875
08:02:34,912810UB2,TSRYS5810883,D,S,D,2024-05-31,1000000.00,4.766607,98.1875
08:02:34,912810UB2,TSRYS5810883,D,S,D,2024-05-31,1000000.00,4.766607,98.1875
08:02:35,912810UB2,TSRYS5810883,D,S,D,2024-05-31,1000000.00,4.757952,98.296875
08:02:35,912810UB2,TSRYS5810883,D,B,A,2024-05-31,1000000.00,4.754247,98.34375
08:02:35,912810UB2,TSRYS5810883,D,B,A,2024-05-31,1000000.00,4.751778,98.375
08:02:35,912810UB2,TSRYS5810883,D,S,C,2024-05-31,1000000.00,4.756705,98.31265
08:02:35,912810UB2,TSRYS5810883,D,B,C,2024-05-31,1000000.00,4.756717,98.3125
08:02:36,912810UB2,TSRYS5810883,D,S,D,2024-05-31,50000.00,4.760733,98.261719
08:02:36,912810UB2,TSRYS5810883,D,B,A,2024-05-31,1000000.00,4.753013,98.359375
08:02:36,912810UB2,TSRYS5810883,D,S,A,2024-05-31,200000.00,4.751778,98.375
08:02:36,912810UB2,TSRYS5810883,D,S,T,2024-05-31,1000000.00,4.753023,98.359245
08:02:36,912810UB2,TSRYS5810883,D,S,T,2024-05-31,1000000.00,4.753023,98.359245
08:02:36,912810UB2,TSRYS5810883,D,S,T,2024-05-31,1000000.00,4.75858,98.2889375
08:02:36,912810UB2,TSRYS5810883,D,S,A,2024-05-31,2000000.00,4.755175,98.33203125
08:02:37,912810UB2,TSRYS5810883,D,S,A,2024-05-31,1000000.00,4.755792,98.32421875
08:02:39,912810UB2,TSRYS5810883,D,S,A,2024-05-31,300000.00,4.756717,98.3125
08:02:39,912810UB2,TSRYS5810883,D,B,C,2024-05-31,1000000.00,4.759188,98.28125
08:02:39,912810UB2,TSRYS5810883,D,S,D,2024-05-31,1000000.00,4.759176,98.2814
08:02:39,912810UB2,TSRYS5810883,D,B,C,2024-05-31,1000000.00,4.759202,98.281075
08:02:39,912810UB2,TSRYS5810883,D,S,D,2024-05-31,1000000.00,4.759176,98.2814
08:02:39,912810UB2,TSRYS5810883,D,S,D,2024-05-31,1000000.00,4.759176,98.2814
08:02:39,912810UB2,TSRYS5810883,D,B,C,2024-05-31,1000000.00,4.759188,98.28125
08:02:41,912810UB2,TSRYS5810883,D,S,D,2024-05-31,1000000.00,4.762896,98.234375
08:02:41,912810UB2,TSRYS5810883,D,S,D,2024-05-31,1000000.00,4.76166,98.25
08:02:41,912810UB2,TSRYS5810883,D,S,D,2024-05-31,1000000.00,4.76166,98.25
08:02:41,912810UB2,TSRYS5810883,D,S,D,2024-05-31,1000000.00,4.76166,98.25
08:02:42,912810UB2,TSRYS5810883,D,S,T,2024-05-31,2000000.00,4.765379,98.203
08:02:42,912810UB2,TSRYS5810883,D,S,T,2024-05-31,1000000.00,4.765379,98.203
08:02:42,912810UB2,TSRYS5810883,D,S,T,2024-05-31,1000000.00,4.765225,98.204953125
08:02:42,912810UB2,TSRYS5810883,D,S,T,2024-05-31,1000000.00,4.76537,98.203125
08:02:42,912810UB2,TSRYS5810883,D,S,T,2024-05-31,1000000.00,4.765379,98.203
08:02:42,912810UB2,TSRYS5810883,D,S,T,2024-05-31,2000000.00,4.765379,98.203
08:02:42,912810UB2,TSRYS5810883,D,S,T,2024-05-31,2000000.00,4.765379,98.203
08:02:42,912810UB2,TSRYS5810883,D,S,T,2024-05-31,1000000.00,4.765379,98.203
08:02:43,912810UB2,TSRYS5810883,D,B,C,2024-05-31,1000000.00,4.762912,98.234175
08:02:43,912810UB2,TSRYS5810883,D,S,D,2024-05-31,1000000.00,4.762896,98.234375
08:02:43,912810UB2,TSRYS5810883,D,B,C,2024-05-31,1000000.00,4.762912,98.234175
08:02:43,912810UB2,TSRYS5810883,D,S,D,2024-05-31,1000000.00,4.762886,98.234505
08:02:43,912810UB2,TSRYS5810883,D,S,C,2024-05-31,1000000.00,4.76537,98.203125
08:02:43,912810UB2,TSRYS5810883,D,S,D,2024-05-31,2000000.00,4.76537,98.203125
08:02:43,912810UB2,TSRYS5810883,D,S,C,2024-05-31,2000000.00,4.76537,98.203125
08:02:43,912810UB2,TSRYS5810883,D,S,C,2024-05-31,1000000.00,4.76537,98.203125
08:02:43,912810UB2,TSRYS5810883,D,S,C,2024-05-31,1000000.00,4.76537,98.203125
08:02:43,912810UB2,TSRYS5810883,D,B,C,2024-05-31,2000000.00,4.765387,98.2029
08:02:43,912810UB2,TSRYS5810883,D,S,D,2024-05-31,1000000.00,4.76537,98.203125
08:02:43,912810UB2,TSRYS5810883,D,B,C,2024-05-31,1000000.00,4.765387,98.2029
08:02:43,912810UB2,TSRYS5810883,D,B,C,2024-05-31,1000000.00,4.765387,98.2029
08:02:43,912810UB2,TSRYS5810883,D,B,C,2024-05-31,1000000.00,4.765387,98.2029
08:02:43,912810UB2,TSRYS5810883,D,B,C,2024-05-31,2000000.00,4.765387,98.2029
08:02:43,912810UB2,TSRYS5810883,D,B,C,2024-05-31,1000000.00,4.765387,98.2029
08:02:45,912810UB2,TSRYS5810883,D,S,A,2024-05-31,440000.00,4.76166,98.25
08:02:45,912810UB2,TSRYS5810883,D,S,D,2024-05-31,1000000.00,4.766607,98.1875
08:02:48,912810UB2,TSRYS5810883,D,S,D,2024-05-31,1000000.00,4.764122,98.21888
08:02:49,912810UB2,TSRYS5810883,D,S,D,2024-05-31,1000000.00,4.761649,98.25013
08:02:49,912810UB2,TSRYS5810883,D,B,C,2024-05-31,1000000.00,4.76166,98.25
08:02:49,912810UB2,TSRYS5810883,D,B,C,2024-05-31,1000000.00,4.761676,98.2498
08:02:49,912810UB2,TSRYS5810883,D,S,D,2024-05-31,1000000.00,4.761649,98.25013
08:02:50,912810UB2,TSRYS5810883,D,S,C,2024-05-31,1000000.00,4.760406,98.26585
08:02:50,912810UB2,TSRYS5810883,D,B,C,2024-05-31,2000000.00,4.759202,98.281075
08:02:50,912810UB2,TSRYS5810883,D,B,C,2024-05-31,1000000.00,4.759188,98.28125
08:02:50,912810UB2,TSRYS5810883,D,B,C,2024-05-31,1000000.00,4.759202,98.281075
08:02:50,912810UB2,TSRYS5810883,D,S,C,2024-05-31,1000000.00,4.759188,98.28125
08:02:50,912810UB2,TSRYS5810883,D,S,C,2024-05-31,1000000.00,4.759188,98.28125
08:02:50,912810UB2,TSRYS5810883,D,S,D,2024-05-31,2000000.00,4.759188,98.28125
08:02:50,912810UB2,TSRYS5810883,D,B,C,2024-05-31,1000000.00,4.759204,98.28105
08:02:50,912810UB2,TSRYS5810883,D,S,D,2024-05-31,1000000.00,4.759188,98.28125
08:02:51,912810UB2,TSRYS5810883,D,S,C,2024-05-31,1000000.00,4.761644,98.2502
08:02:51,912810UB2,TSRYS5810883,D,S,A,2024-05-31,400000.00,4.771248,98.12890625
08:02:51,912810UB2,TSRYS5810883,D,S,A,2024-05-31,1000000.00,4.762589,98.23828125
08:02:54,912810UB2,TSRYS5810883,D,S,C,2024-05-31,1000000.00,4.76166,98.25
08:02:56,912810UB2,TSRYS5810883,D,S,C,2024-05-31,1000000.00,4.766591,98.1877
08:02:57,912810UB2,TSRYS5810883,D,B,C,2024-05-31,1000000.00,4.76166,98.25
08:02:57,912810UB2,TSRYS5810883,D,S,D,2024-05-31,1000000.00,4.761649,98.25013
08:02:57,912810UB2,TSRYS5810883,D,S,D,2024-05-31,1000000.00,4.761649,98.25013
08:02:58,912810UB2,TSRYS5810883,D,B,C,2024-05-31,1000000.00,4.76537,98.203125
08:02:58,912810UB2,TSRYS5810883,D,S,D,2024-05-31,1000000.00,4.765359,98.203255
08:02:58,912810UB2,TSRYS5810883,D,B,C,2024-05-31,1000000.00,4.763824,98.22265625
08:02:58,912810UB2,TSRYS5810883,D,S,C,2024-05-31,1000000.00,4.763824,98.22265625
08:03:00,912810UB2,TSRYS5810883,D,S,D,2024-05-31,2000000.00,4.769082,98.15625
08:03:00,912810UB2,TSRYS5810883,D,B,C,2024-05-31,2000000.00,4.769082,98.15625
08:03:01,912810UB2,TSRYS5810883,D,B,A,2024-05-31,1012000.00,4.76537,98.203125
08:03:03,912810UB2,TSRYS5810883,D,S,C,2024-05-31,1000000.00,4.772796,98.109375
08:03:03,912810UB2,TSRYS5810883,D,B,C,2024-05-31,1000000.00,4.772808,98.109223
08:03:03,912810UB2,TSRYS5810883,D,B,C,2024-05-31,1000000.00,4.772796,98.109375
08:03:03,912810UB2,TSRYS5810883,D,B,C,2024-05-31,1000000.00,4.772796,98.109375
08:03:03,912810UB2,TSRYS5810883,D,B,C,2024-05-31,1000000.00,4.772796,98.109375
08:03:03,912810UB2,TSRYS5810883,D,S,C,2024-05-31,1000000.00,4.77278,98.109577
08:03:03,912810UB2,TSRYS5810883,D,B,C,2024-05-31,1000000.00,4.772796,98.109375
08:03:04,912810UB2,TSRYS5810883,D,S,C,2024-05-31,1000000.00,4.77278,98.109577
08:03:04,912810UB2,TSRYS5810883,D,S,C,2024-05-31,1000000.00,4.77278,98.109577
08:03:04,912810UB2,TSRYS5810883,D,B,C,2024-05-31,1000000.00,4.772796,98.109375
08:03:04,912810UB2,TSRYS5810883,D,S,C,2024-05-31,1000000.00,4.77278,98.109577
08:03:04,912810UB2,TSRYS5810883,D,S,C,2024-05-31,1000000.00,4.77278,98.109577
08:03:04,912810UB2,TSRYS5810883,D,S,C,2024-05-31,1000000.00,4.77278,98.109577
08:03:04,912810UB2,TSRYS5810883,D,S,C,2024-05-31,1000000.00,4.77278,98.109577
08:03:04,912810UB2,TSRYS5810883,D,S,C,2024-05-31,1000000.00,4.77278,98.109577
08:03:04,912810UB2,TSRYS5810883,D,B,C,2024-05-31,1000000.00,4.772796,98.109375
08:03:04,912810UB2,TSRYS5810883,D,S,C,2024-05-31,1000000.00,4.77278,98.109577
08:03:04,912810UB2,TSRYS5810883,D,B,C,2024-05-31,1000000.00,4.772796,98.109375
08:03:04,912810UB2,TSRYS5810883,D,S,C,2024-05-31,1000000.00,4.77278,98.109577
08:03:04,912810UB2,TSRYS5810883,D,S,C,2024-05-31,1000000.00,4.77278,98.109577
08:03:04,912810UB2,TSRYS5810883,D,B,C,2024-05-31,1000000.00,4.772796,98.109375
08:03:04,912810UB2,TSRYS5810883,D,S,C,2024-05-31,1000000.00,4.77278,98.109577
08:03:04,912810UB2,TSRYS5810883,D,B,C,2024-05-31,1000000.00,4.77157,98.124848
08:03:04,912810UB2,TSRYS5810883,D,S,C,2024-05-31,1000000.00,4.771558,98.125
08:03:04,912810UB2,TSRYS5810883,D,B,C,2024-05-31,1000000.00,4.770332,98.140473
08:03:05,912810UB2,TSRYS5810883,D,S,C,2024-05-31,1000000.00,4.77032,98.140625
08:03:06,912810UB2,TSRYS5810883,D,B,C,2024-05-31,1000000.00,4.771572,98.124825
08:03:07,912810UB2,TSRYS5810883,D,S,C,2024-05-31,1000000.00,4.771558,98.125
08:03:07,912810UB2,TSRYS5810883,D,S,C,2024-05-31,1000000.00,4.771558,98.125
08:03:15,912810UB2,TSRYS5810883,D,S,D,2024-05-31,1000000.00,4.769082,98.15625
08:03:15,912810UB2,TSRYS5810883,D,S,D,2024-05-31,150000.00,4.763514,98.2265625
08:03:15,912810UB2,TSRYS5810883,D,S,D,2024-05-31,150000.00,4.763514,98.2265625
08:03:15,912810UB2,TSRYS5810883,D,S,D,2024-05-31,1000000.00,4.766916,98.18359375
08:03:15,912810UB2,TSRYS5810883,D,S,D,2024-05-31,1000000.00,4.766916,98.18359375
08:03:16,912810UB2,TSRYS5810883,D,S,C,2024-05-31,1000000.00,4.766607,98.1875
08:03:16,912810UB2,TSRYS5810883,D,B,C,2024-05-31,1000000.00,4.766623,98.1873
08:03:19,912810UB2,TSRYS5810883,D,S,C,2024-05-31,1000000.00,4.76907,98.156402
08:03:19,912810UB2,TSRYS5810883,D,B,C,2024-05-31,1000000.00,4.769082,98.15625
08:03:21,912810UB2,TSRYS5810883,D,S,D,2024-05-31,1000000.00,4.765359,98.203255
08:03:21,912810UB2,TSRYS5810883,D,B,C,2024-05-31,1000000.00,4.76537,98.203125
08:03:21,912810UB2,TSRYS5810883,D,S,D,2024-05-31,1000000.00,4.765359,98.203255
08:03:21,912810UB2,TSRYS5810883,D,B,C,2024-05-31,1000000.00,4.76537,98.203125
08:03:21,912810UB2,TSRYS5810883,D,B,C,2024-05-31,1000000.00,4.76537,98.203125
08:03:21,912810UB2,TSRYS5810883,D,S,D,2024-05-31,1000000.00,4.76537,98.203125
08:03:21,912810UB2,TSRYS5810883,D,S,D,2024-05-31,1000000.00,4.765359,98.203255
08:03:21,912810UB2,TSRYS5810883,D,S,D,2024-05-31,1000000.00,4.766596,98.18763
08:03:21,912810UB2,TSRYS5810883,D,B,C,2024-05-31,1000000.00,4.766607,98.1875
08:03:22,912810UB2,TSRYS5810883,D,B,C,2024-05-31,1000000.00,4.767844,98.171875
08:03:22,912810UB2,TSRYS5810883,D,S,D,2024-05-31,1000000.00,4.767834,98.172005
08:03:22,912810UB2,TSRYS5810883,D,S,C,2024-05-31,680000.00,4.764133,98.21875
08:03:25,912810UB2,TSRYS5810883,D,S,D,2024-05-31,1000000.00,4.766916,98.18359375
08:03:27,912810UB2,TSRYS5810883,D,S,D,2024-05-31,1000000.00,4.766607,98.1875
08:03:27,912810UB2,TSRYS5810883,D,S,D,2024-05-31,1000000.00,4.766607,98.1875
08:03:28,912810UB2,TSRYS5810883,D,S,C,2024-05-31,1000000.00,4.769082,98.15625
08:03:28,912810UB2,TSRYS5810883,D,S,D,2024-05-31,1000000.00,4.769082,98.15625
08:03:28,912810UB2,TSRYS5810883,D,B,C,2024-05-31,1000000.00,4.769098,98.15605
08:03:28,912810UB2,TSRYS5810883,D,B,C,2024-05-31,1000000.00,4.769098,98.15605
08:03:28,912810UB2,TSRYS5810883,D,B,C,2024-05-31,1000000.00,4.769098,98.15605
08:03:28,912810UB2,TSRYS5810883,D,S,C,2024-05-31,1000000.00,4.769068,98.156425
08:03:30,912810UB2,TSRYS5810883,D,S,D,2024-05-31,28000000.00,4.762863,98.23479
08:03:31,912810UB2,TSRYS5810883,D,S,D,2024-05-31,1700000.00,4.767528,98.17578125
08:03:32,912810UB2,TSRYS5810883,D,S,C,2024-05-31,1000000.00,4.774019,98.09395
08:03:32,912810UB2,TSRYS5810883,D,S,C,2024-05-31,1000000.00,4.772796,98.109375
08:03:32,912810UB2,TSRYS5810883,D,S,C,2024-05-31,1000000.00,4.772784,98.109527
08:03:32,912810UB2,TSRYS5810883,D,S,C,2024-05-31,1000000.00,4.774035,98.09375
08:03:32,912810UB2,TSRYS5810883,D,S,D,2024-05-31,1000000.00,4.772786,98.109505
08:03:32,912810UB2,TSRYS5810883,D,B,C,2024-05-31,1000000.00,4.772812,98.109175
08:03:32,912810UB2,TSRYS5810883,D,S,D,2024-05-31,1000000.00,4.772786,98.109505
08:03:32,912810UB2,TSRYS5810883,D,S,C,2024-05-31,1000000.00,4.772796,98.109375
08:03:32,912810UB2,TSRYS5810883,D,B,C,2024-05-31,1000000.00,4.772796,98.109375
08:03:32,912810UB2,TSRYS5810883,D,S,D,2024-05-31,1000000.00,4.772786,98.109505
08:03:35,912810UB2,TSRYS5810883,D,S,D,2024-05-31,1000000.00,4.775264,98.078255
08:03:39,912810UB2,TSRYS5810883,D,S,D,2024-05-31,1000000.00,4.766916,98.18359375
08:03:39,912810UB2,TSRYS5810883,D,B,C,2024-05-31,1000000.00,4.775274,98.078125
08:03:39,912810UB2,TSRYS5810883,D,S,D,2024-05-31,1000000.00,4.775274,98.078125
08:03:40,912810UB2,TSRYS5810883,D,S,D,2024-05-31,1000000.00,4.774025,98.09388
08:03:40,912810UB2,TSRYS5810883,D,S,D,2024-05-31,1000000.00,4.774025,98.09388
08:03:40,912810UB2,TSRYS5810883,D,B,C,2024-05-31,1000000.00,4.774035,98.09375
08:03:40,912810UB2,TSRYS5810883,D,S,D,2024-05-31,1000000.00,4.774025,98.09388
08:03:40,912810UB2,TSRYS5810883,D,B,C,2024-05-31,1000000.00,4.774051,98.09355
08:03:41,912810UB2,TSRYS5810883,D,S,D,2024-05-31,150000.00,4.767225,98.1796875
08:03:42,912810UB2,TSRYS5810883,D,B,C,2024-05-31,1000000.00,4.767844,98.171875
08:03:42,912810UB2,TSRYS5810883,D,S,C,2024-05-31,1000000.00,4.767844,98.171875
08:03:42,912810UB2,TSRYS5810883,D,S,A,2024-05-31,16000000.00,4.771558,98.125
08:03:42,912810UB2,TSRYS5810883,D,S,C,2024-05-31,1000000.00,4.767844,98.171875
08:03:44,912810UB2,TSRYS5810883,D,S,C,2024-05-31,1000000.00,4.762896,98.234375
08:03:44,912810UB2,TSRYS5810883,D,S,C,2024-05-31,1000000.00,4.76288,98.234575
08:03:45,912810UB2,TSRYS5810883,D,S,D,2024-05-31,1000000.00,4.766607,98.1875
08:03:45,912810UB2,TSRYS5810883,D,S,D,2024-05-31,1000000.00,4.766607,98.1875
08:03:45,912810UB2,TSRYS5810883,D,S,D,2024-05-31,1529000.00,4.767535,98.17578125
08:03:45,912810UB2,TSRYS5810883,D,B,A,2024-05-31,1529000.00,4.767535,98.17578125
08:03:46,912810UB2,TSRYS5810883,D,S,D,2024-05-31,1000000.00,4.766607,98.1875
08:03:46,912810UB2,TSRYS5810883,D,S,C,2024-05-31,3000000.00,4.759497,98.27734375
08:03:48,912810UB2,TSRYS5810883,D,S,D,2024-05-31,300000.00,4.764751,98.2109375
08:03:49,912810UB2,TSRYS5810883,D,S,D,2024-05-31,300000.00,4.764751,98.2109375
08:03:50,912810UB2,TSRYS5810883,D,B,C,2024-05-31,1000000.00,4.775274,98.078125
08:03:50,912810UB2,TSRYS5810883,D,S,C,2024-05-31,1000000.00,4.775258,98.078325
08:03:51,912810UB2,TSRYS5810883,D,B,C,2024-05-31,1000000.00,4.774047,98.0936
08:03:51,912810UB2,TSRYS5810883,D,S,C,2024-05-31,1000000.00,4.774019,98.09395
08:03:51,912810UB2,TSRYS5810883,D,B,C,2024-05-31,1000000.00,4.774047,98.0936
08:03:51,912810UB2,TSRYS5810883,D,S,C,2024-05-31,1000000.00,4.774021,98.093925
08:03:51,912810UB2,TSRYS5810883,D,B,C,2024-05-31,1000000.00,4.774047,98.0936
08:03:51,912810UB2,TSRYS5810883,D,S,C,2024-05-31,1000000.00,4.774021,98.093925
08:03:51,912810UB2,TSRYS5810883,D,S,C,2024-05-31,1000000.00,4.774021,98.093925
08:03:51,912810UB2,TSRYS5810883,D,B,C,2024-05-31,1000000.00,4.774047,98.0936
08:03:51,912810UB2,TSRYS5810883,D,S,D,2024-05-31,1000000.00,4.774035,98.09375
08:03:51,912810UB2,TSRYS5810883,D,B,C,2024-05-31,1000000.00,4.774047,98.0936
08:03:51,912810UB2,TSRYS5810883,D,B,C,2024-05-31,1000000.00,4.774047,98.0936
08:03:51,912810UB2,TSRYS5810883,D,S,C,2024-05-31,1000000.00,4.774023,98.0939
08:03:52,912810UB2,TSRYS5810883,D,S,C,2024-05-31,1000000.00,4.774021,98.093925
08:03:53,912810UB2,TSRYS5810883,D,S,C,2024-05-31,1000000.00,4.769082,98.15625
08:03:53,912810UB2,TSRYS5810883,D,B,C,2024-05-31,1000000.00,4.769082,98.15625
08:03:55,912810UB2,TSRYS5810883,D,B,C,2024-05-31,2000000.00,4.76537,98.203125
08:03:55,912810UB2,TSRYS5810883,D,S,D,2024-05-31,2000000.00,4.76537,98.203125
08:03:55,912810UB2,TSRYS5810883,D,B,C,2024-05-31,2000000.00,4.764133,98.21875
08:03:55,912810UB2,TSRYS5810883,D,S,D,2024-05-31,2000000.00,4.764133,98.21875
08:03:55,912810UB2,TSRYS5810883,D,S,D,2024-05-31,1000000.00,4.764133,98.21875
08:03:55,912810UB2,TSRYS5810883,D,B,C,2024-05-31,1000000.00,4.764133,98.21875
08:03:55,912810UB2,TSRYS5810883,D,S,D,2024-05-31,1000000.00,4.764133,98.21875
08:04:00,912810UB2,TSRYS5810883,D,S,D,2024-05-31,1000000.00,4.764133,98.21875
08:04:00,912810UB2,TSRYS5810883,D,S,D,2024-05-31,2000000.00,4.764133,98.21875
08:04:01,912810UB2,TSRYS5810883,D,S,D,2024-05-31,1000000.00,4.762896,98.234375
08:04:03,912810UB2,TSRYS5810883,D,S,D,2024-05-31,1000000.00,4.760424,98.265625
08:04:04,912810UB2,TSRYS5810883,D,B,C,2024-05-31,1000000.00,4.760424,98.265625
08:04:04,912810UB2,TSRYS5810883,D,S,D,2024-05-31,1000000.00,4.760424,98.265625
08:04:08,912810UB2,TSRYS5810883,D,S,D,2024-05-31,1000000.00,4.762742,98.236328125
08:04:08,912810UB2,TSRYS5810883,D,S,D,2024-05-31,1000000.00,4.762742,98.236328125
08:04:08,912810UB2,TSRYS5810883,D,S,D,2024-05-31,1000000.00,4.762742,98.236328125
08:04:10,912810UB2,TSRYS5810883,D,S,D,2024-05-31,680000.00,4.764179,98.218161765
08:04:13,912810UB2,TSRYS5810883,D,S,C,2024-05-31,1000000.00,4.77032,98.140625
08:04:22,912810UB2,TSRYS5810883,D,S,C,2024-05-31,1000000.00,4.774035,98.09375
08:04:22,912810UB2,TSRYS5810883,D,S,C,2024-05-31,1000000.00,4.774035,98.09375
08:04:35,912810UB2,TSRYS5810883,D,B,C,2024-05-31,1000000.00,4.76537,98.203125
08:04:35,912810UB2,TSRYS5810883,D,S,D,2024-05-31,1000000.00,4.76537,98.203125
08:04:39,912810UB2,TSRYS5810883,D,S,D,2024-05-31,1000000.00,4.767071,98.181640625
08:04:44,912810UB2,TSRYS5810883,D,S,D,2024-05-31,1000000.00,4.766761,98.185546875
08:04:44,912810UB2,TSRYS5810883,D,S,D,2024-05-31,1000000.00,4.767535,98.17578125
08:04:45,912810UB2,TSRYS5810883,D,S,D,2024-05-31,3000000.00,4.767689,98.173828125
08:04:45,912810UB2,TSRYS5810883,D,S,D,2024-05-31,2000000.00,4.767225,98.1796875
08:04:45,912810UB2,TSRYS5810883,D,S,C,2024-05-31,1000000.00,4.76738,98.177734375
08:04:46,912810UB2,TSRYS5810883,D,S,D,2024-05-31,1000000.00,4.767689,98.173828125
08:04:46,912810UB2,TSRYS5810883,D,S,C,2024-05-31,1000000.00,4.766761,98.185546875
08:04:46,912810UB2,TSRYS5810883,D,S,D,2024-05-31,2000000.00,4.767844,98.171875
08:04:48,912810UB2,TSRYS5810883,D,B,C,2024-05-31,1000000.00,4.755181,98.33193125
08:04:48,912810UB2,TSRYS5810883,D,S,C,2024-05-31,1000000.00,4.755165,98.33213125
08:04:51,912810UB2,TSRYS5810883,D,S,D,2024-05-31,1000000.00,4.767535,98.17578125
08:04:51,912810UB2,TSRYS5810883,D,S,D,2024-05-31,1000000.00,4.76738,98.177734375
08:04:52,912810UB2,TSRYS5810883,D,S,C,2024-05-31,1000000.00,4.766761,98.185546875
08:04:52,912810UB2,TSRYS5810883,D,S,C,2024-05-31,1000000.00,4.767071,98.181640625
08:04:53,912810UB2,TSRYS5810883,D,S,C,2024-05-31,1000000.00,4.766916,98.18359375
08:04:53,912810UB2,TSRYS5810883,D,S,D,2024-05-31,1000000.00,4.76738,98.177734375
08:04:53,912810UB2,TSRYS5810883,D,S,C,2024-05-31,1000000.00,4.76738,98.177734375
08:04:53,912810UB2,TSRYS5810883,D,B,C,2024-05-31,1000000.00,4.76537,98.203125
08:04:53,912810UB2,TSRYS5810883,D,S,C,2024-05-31,1000000.00,4.76537,98.203125
08:04:53,912810UB2,TSRYS5810883,D,B,C,2024-05-31,1000000.00,4.764906,98.208984375
08:04:53,912810UB2,TSRYS5810883,D,S,D,2024-05-31,1000000.00,4.764906,98.208984375
08:04:58,912810UB2,TSRYS5810883,D,S,C,2024-05-31,1000000.00,4.753768,98.349809375
08:04:59,912810UB2,TSRYS5810883,D,S,C,2024-05-31,1000000.00,4.756238,98.318559375
08:05:06,912810UB2,TSRYS5810883,D,B,C,2024-05-31,1000000.00,4.757952,98.296875
08:05:06,912810UB2,TSRYS5810883,D,S,D,2024-05-31,1000000.00,4.757952,98.296875
08:05:07,912810UB2,TSRYS5810883,D,S,D,2024-05-31,1000000.00,4.759497,98.27734375
08:05:08,912810UB2,TSRYS5810883,D,S,D,2024-05-31,1000000.00,4.759342,98.279296875
08:05:08,912810UB2,TSRYS5810883,D,S,D,2024-05-31,1000000.00,4.759497,98.27734375
08:05:08,912810UB2,TSRYS5810883,D,S,D,2024-05-31,1000000.00,4.759497,98.27734375
08:05:08,912810UB2,TSRYS5810883,D,S,D,2024-05-31,1000000.00,4.759497,98.27734375
08:05:08,912810UB2,TSRYS5810883,D,S,D,2024-05-31,1000000.00,4.759497,98.27734375
08:05:08,912810UB2,TSRYS5810883,D,S,D,2024-05-31,1000000.00,4.759497,98.27734375
08:05:08,912810UB2,TSRYS5810883,D,S,C,2024-05-31,1000000.00,4.759497,98.27734375
08:05:10,912810UB2,TSRYS5810883,D,S,D,2024-05-31,1000000.00,4.75857,98.2890625
08:05:11,912810UB2,TSRYS5810883,D,B,C,2024-05-31,1000000.00,4.75935,98.279196875
08:05:11,912810UB2,TSRYS5810883,D,S,D,2024-05-31,1000000.00,4.759342,98.279296875
08:05:11,912810UB2,TSRYS5810883,D,S,D,2024-05-31,1000000.00,4.76166,98.25
08:05:14,912810UB2,TSRYS5810883,D,S,C,2024-05-31,1000000.00,4.765199,98.205278125
08:05:14,912810UB2,TSRYS5810883,D,S,D,2024-05-31,2000000.00,4.76537,98.203125
08:05:14,912810UB2,TSRYS5810883,D,S,C,2024-05-31,1000000.00,4.765362,98.203225
08:05:14,912810UB2,TSRYS5810883,D,S,D,2024-05-31,1000000.00,4.76537,98.203125
08:05:14,912810UB2,TSRYS5810883,D,S,C,2024-05-31,2000000.00,4.76537,98.203125
08:05:14,912810UB2,TSRYS5810883,D,S,C,2024-05-31,3000000.00,4.76537,98.203125
08:05:22,912810UB2,TSRYS5810883,D,B,C,2024-05-31,1000000.00,4.762131,98.244040625
08:05:22,912810UB2,TSRYS5810883,D,S,D,2024-05-31,1000000.00,4.762123,98.244140625
08:05:23,912810UB2,TSRYS5810883,D,S,D,2024-05-31,1000000.00,4.760414,98.26575
08:05:45,912810UB2,TSRYS5810883,D,B,C,2024-05-31,1000000.00,4.767087,98.181440625
08:05:45,912810UB2,TSRYS5810883,D,S,C,2024-05-31,1000000.00,4.767071,98.181640625
08:05:59,912810UB2,TSRYS5810883,D,S,C,2024-05-31,1000000.00,4.771558,98.125
08:06:02,912810UB2,TSRYS5810883,D,B,A,2024-05-31,1250000.00,4.767535,98.17578125
08:06:02,912810UB2,TSRYS5810883,D,B,A,2024-05-31,1000000.00,4.767535,98.17578125
08:06:03,912810UB2,TSRYS5810883,D,S,T,2024-05-31,1000000.00,4.762896,98.234375
08:06:03,912810UB2,TSRYS5810883,D,S,T,2024-05-31,1000000.00,4.760424,98.265625
08:06:05,912810UB2,TSRYS5810883,D,S,T,2024-05-31,1000000.00,4.769082,98.15625
08:06:14,912810UB2,TSRYS5810883,D,S,C,2024-05-31,1000000.00,4.773717,98.09775625
08:06:14,912810UB2,TSRYS5810883,D,B,C,2024-05-31,1000000.00,4.773733,98.09755625
08:06:17,912810UB2,TSRYS5810883,D,B,C,2024-05-31,1000000.00,4.764133,98.21875
08:06:17,912810UB2,TSRYS5810883,D,S,D,2024-05-31,1000000.00,4.764133,98.21875
08:06:20,912810UB2,TSRYS5810883,D,S,C,2024-05-31,1000000.00,4.767225,98.1796875
08:06:20,912810UB2,TSRYS5810883,D,B,C,2024-05-31,1000000.00,4.767225,98.1796875
08:06:21,912810UB2,TSRYS5810883,D,S,C,2024-05-31,1000000.00,4.76738,98.177734375
08:06:24,912810UB2,TSRYS5810883,D,S,C,2024-05-31,1000000.00,4.767689,98.173828125
08:06:24,912810UB2,TSRYS5810883,D,B,C,2024-05-31,1000000.00,4.767087,98.181440625
08:06:24,912810UB2,TSRYS5810883,D,S,D,2024-05-31,1000000.00,4.767063,98.181740625
08:06:24,912810UB2,TSRYS5810883,D,B,C,2024-05-31,1000000.00,4.766916,98.18359375
08:06:24,912810UB2,TSRYS5810883,D,S,C,2024-05-31,1000000.00,4.766916,98.18359375
08:06:24,912810UB2,TSRYS5810883,D,B,C,2024-05-31,1000000.00,4.767087,98.181440625
08:06:24,912810UB2,TSRYS5810883,D,S,C,2024-05-31,1000000.00,4.767071,98.181640625
08:06:26,912810UB2,TSRYS5810883,D,S,D,2024-05-31,1000000.00,4.764133,98.21875
08:06:30,912810UB2,TSRYS5810883,D,B,C,2024-05-31,1000000.00,4.759033,98.283203125
08:06:30,912810UB2,TSRYS5810883,D,S,D,2024-05-31,1000000.00,4.759033,98.283203125
08:06:31,912810UB2,TSRYS5810883,D,S,D,2024-05-31,1000000.00,4.75996,98.271484375
08:06:31,912810UB2,TSRYS5810883,D,B,C,2024-05-31,1000000.00,4.759972,98.271334375
08:06:32,912810UB2,TSRYS5810883,D,S,C,2024-05-31,1000000.00,4.759326,98.279496875
08:06:32,912810UB2,TSRYS5810883,D,S,C,2024-05-31,1000000.00,4.759326,98.279496875
08:06:32,912810UB2,TSRYS5810883,D,S,C,2024-05-31,1000000.00,4.759326,98.279496875
08:06:33,912810UB2,TSRYS5810883,D,S,C,2024-05-31,1000000.00,4.759326,98.279496875
08:06:37,912810UB2,TSRYS5810883,D,B,C,2024-05-31,1000000.00,4.764133,98.21875
08:06:37,912810UB2,TSRYS5810883,D,S,D,2024-05-31,1000000.00,4.764133,98.21875
08:07:24,912810UB2,TSRYS5810883,D,S,T,2024-05-31,1000000.00,4.764133,98.21875
08:08:07,912810UB2,TSRYS5810883,D,B,C,2024-05-31,1000000.00,4.764133,98.21875
08:08:07,912810UB2,TSRYS5810883,D,B,C,2024-05-31,1000000.00,4.764133,98.21875
08:08:07,912810UB2,TSRYS5810883,D,B,C,2024-05-31,1000000.00,4.764133,98.21875
08:08:07,912810UB2,TSRYS5810883,D,S,D,2024-05-31,1000000.00,4.764125,98.218852
08:08:07,912810UB2,TSRYS5810883,D,S,D,2024-05-31,1000000.00,4.764125,98.218852
08:08:07,912810UB2,TSRYS5810883,D,S,D,2024-05-31,1000000.00,4.764125,98.218852
08:08:08,912810UB2,TSRYS5810883,D,B,C,2024-05-31,100000.00,4.76506,98.20703125
08:08:21,912810UB2,TSRYS5810883,D,S,D,2024-05-31,1000000.00,4.764125,98.218852
08:08:21,912810UB2,TSRYS5810883,D,S,D,2024-05-31,1000000.00,4.764125,98.218852
08:08:21,912810UB2,TSRYS5810883,D,B,C,2024-05-31,1000000.00,4.764133,98.21875
08:09:21,912810UB2,TSRYS5810883,D,S,C,2024-05-31,1000000.00,4.764133,98.21875
08:09:21,912810UB2,TSRYS5810883,D,B,C,2024-05-31,1000000.00,4.764156,98.21845
08:09:58,912810UB2,TSRYS5810883,D,B,C,2024-05-31,9000000.00,4.764442,98.21484375
08:10:15,912810UB2,TSRYS5810883,D,B,C,2024-05-31,695000.00,4.764442,98.21484375
08:10:15,912810UB2,TSRYS5810883,D,S,D,2024-05-31,695000.00,4.764396,98.21541929
08:10:53,912810UB2,TSRYS5810883,D,B,C,2024-05-31,1000000.00,4.763978,98.220703125
08:10:53,912810UB2,TSRYS5810883,D,S,D,2024-05-31,1000000.00,4.763978,98.220703125
08:12:44,912810UB2,TSRYS5810883,D,S,C,2024-05-31,1000000.00,4.762123,98.24414062
08:12:53,912810UB2,TSRYS5810883,D,S,D,2024-05-31,1321000.00,4.764133,98.21875
08:12:53,912810UB2,TSRYS5810883,D,S,D,2024-05-31,1000000.00,4.762278,98.2421875
08:12:56,912810UB2,TSRYS5810883,D,S,D,2024-05-31,1000000.00,4.762278,98.2421875
08:12:56,912810UB2,TSRYS5810883,D,S,D,2024-05-31,1000000.00,4.762278,98.2421875
08:13:12,912810UB2,TSRYS5810883,D,S,T,2024-05-31,1000000.00,4.762278,98.2421875
08:13:23,912810UB2,TSRYS5810883,D,B,C,2024-05-31,1000000.00,4.760439,98.265425
08:13:23,912810UB2,TSRYS5810883,D,S,D,2024-05-31,1000000.00,4.760424,98.265625
08:14:12,912810UB2,TSRYS5810883,D,S,C,2024-05-31,1000000.00,4.760733,98.26171875
08:14:37,912810UB2,TSRYS5810883,D,S,C,2024-05-31,1000000.00,4.760733,98.26171875
08:14:37,912810UB2,TSRYS5810883,D,S,C,2024-05-31,1000000.00,4.760733,98.26171875
08:14:39,912810UB2,TSRYS5810883,D,B,C,2024-05-31,855000.00,4.760424,98.265625
08:14:39,912810UB2,TSRYS5810883,D,S,C,2024-05-31,1000000.00,4.760887,98.25976562
08:14:39,912810UB2,TSRYS5810883,D,S,C,2024-05-31,95000.00,4.760091,98.269835526
08:14:40,912810UB2,TSRYS5810883,D,S,D,2024-05-31,760000.00,4.760382,98.266151316
08:14:43,912810UB2,TSRYS5810883,D,S,D,2024-05-31,1000000.00,4.760733,98.26171875
08:14:44,912810UB2,TSRYS5810883,D,S,D,2024-05-31,1000000.00,4.760733,98.26171875
08:14:53,912810UB2,TSRYS5810883,D,S,D,2024-05-31,1000000.00,4.761042,98.2578125
08:15:00,912810UB2,TSRYS5810883,D,S,C,2024-05-31,1000000.00,4.760578,98.26367187
08:15:01,912810UB2,TSRYS5810883,D,S,C,2024-05-31,6000000.00,4.760733,98.26171875
08:15:01,912810UB2,TSRYS5810883,D,S,D,2024-05-31,1000000.00,4.761042,98.2578125
08:15:02,912810UB2,TSRYS5810883,D,S,T,2024-05-31,1000000.00,4.761042,98.2578125
08:15:03,912810UB2,TSRYS5810883,D,S,C,2024-05-31,1000000.00,4.760733,98.26171875
08:15:15,912810UB2,TSRYS5810883,D,S,T,2024-05-31,1000000.00,4.761042,98.2578125
08:15:16,912810UB2,TSRYS5810883,D,S,D,2024-05-31,1000000.00,4.760733,98.26171875
08:15:45,912810UB2,TSRYS5810883,D,S,C,2024-05-31,1000000.00,4.760733,98.26171875
08:16:04,912810UB2,TSRYS5810883,D,S,D,2024-05-31,1000000.00,4.761042,98.2578125
08:16:04,912810UB2,TSRYS5810883,D,S,D,2024-05-31,1000000.00,4.761042,98.2578125
08:16:05,912810UB2,TSRYS5810883,D,S,D,2024-05-31,1000000.00,4.761042,98.2578125
08:16:05,912810UB2,TSRYS5810883,D,S,D,2024-05-31,1000000.00,4.761042,98.2578125
08:16:06,912810UB2,TSRYS5810883,D,S,D,2024-05-31,1000000.00,4.761042,98.2578125
08:16:06,912810UB2,TSRYS5810883,D,S,T,2024-05-31,1000000.00,4.760895,98.259665625
08:16:06,912810UB2,TSRYS5810883,D,S,D,2024-05-31,1000000.00,4.761042,98.2578125
08:16:06,912810UB2,TSRYS5810883,D,S,C,2024-05-31,1000000.00,4.761042,98.2578125
08:16:07,912810UB2,TSRYS5810883,D,S,D,2024-05-31,1000000.00,4.760887,98.259765625
08:16:07,912810UB2,TSRYS5810883,D,S,C,2024-05-31,1000000.00,4.761042,98.2578125
08:16:08,912810UB2,TSRYS5810883,D,S,D,2024-05-31,1000000.00,4.761042,98.2578125
08:16:08,912810UB2,TSRYS5810883,D,S,D,2024-05-31,1000000.00,4.761042,98.2578125
08:16:10,912810UB2,TSRYS5810883,D,S,D,2024-05-31,1000000.00,4.760733,98.26171875
08:16:10,912810UB2,TSRYS5810883,D,S,D,2024-05-31,1000000.00,4.761042,98.2578125
08:16:10,912810UB2,TSRYS5810883,D,S,D,2024-05-31,1000000.00,4.761042,98.2578125
08:16:11,912810UB2,TSRYS5810883,D,S,D,2024-05-31,1000000.00,4.761042,98.2578125
08:16:11,912810UB2,TSRYS5810883,D,S,D,2024-05-31,1000000.00,4.761042,98.2578125
08:16:19,912810UB2,TSRYS5810883,D,S,T,2024-05-31,1000000.00,4.761196,98.255859375
08:16:19,912810UB2,TSRYS5810883,D,S,D,2024-05-31,1000000.00,4.761196,98.255859375
08:16:29,912810UB2,TSRYS5810883,D,S,D,2024-05-31,1000000.00,4.761042,98.2578125
08:16:29,912810UB2,TSRYS5810883,D,S,T,2024-05-31,1000000.00,4.761042,98.2578125
08:16:29,912810UB2,TSRYS5810883,D,S,T,2024-05-31,1000000.00,4.761042,98.2578125
08:16:29,912810UB2,TSRYS5810883,D,S,T,2024-05-31,1000000.00,4.761042,98.2578125
08:16:30,912810UB2,TSRYS5810883,D,B,C,2024-05-31,1000000.00,4.761196,98.255859375
08:16:31,912810UB2,TSRYS5810883,D,S,D,2024-05-31,1000000.00,4.761196,98.255859375
08:16:31,912810UB2,TSRYS5810883,D,B,C,2024-05-31,1000000.00,4.76105,98.2577125
08:16:31,912810UB2,TSRYS5810883,D,S,D,2024-05-31,1000000.00,4.761042,98.2578125
08:16:36,912810UB2,TSRYS5810883,D,S,D,2024-05-31,855000.00,4.76166,98.25
08:16:36,912810UB2,TSRYS5810883,D,S,D,2024-05-31,855000.00,4.761623,98.250467836
08:16:38,912810UB2,TSRYS5810883,D,S,D,2024-05-31,1300000.00,4.764133,98.21875
08:16:41,912810UB2,TSRYS5810883,D,S,D,2024-05-31,1000000.00,4.761042,98.2578125
08:16:41,912810UB2,TSRYS5810883,D,S,C,2024-05-31,1000000.00,4.761042,98.2578125
08:16:41,912810UB2,TSRYS5810883,D,S,C,2024-05-31,1000000.00,4.761042,98.2578125
08:16:41,912810UB2,TSRYS5810883,D,S,T,2024-05-31,1000000.00,4.761042,98.2578125
08:16:41,912810UB2,TSRYS5810883,D,S,T,2024-05-31,1000000.00,4.761042,98.2578125
08:16:44,912810UB2,TSRYS5810883,D,S,D,2024-05-31,1000000.00,4.762432,98.24023437
08:16:52,912810UB2,TSRYS5810883,D,S,D,2024-05-31,1000000.00,4.761042,98.2578125
08:17:04,912810UB2,TSRYS5810883,D,S,C,2024-05-31,1000000.00,4.761042,98.2578125
08:17:04,912810UB2,TSRYS5810883,D,S,D,2024-05-31,1000000.00,4.761042,98.2578125
08:17:04,912810UB2,TSRYS5810883,D,S,T,2024-05-31,1000000.00,4.761042,98.2578125
08:17:04,912810UB2,TSRYS5810883,D,S,D,2024-05-31,1000000.00,4.761042,98.2578125
08:17:04,912810UB2,TSRYS5810883,D,S,T,2024-05-31,1000000.00,4.761042,98.2578125
08:17:16,912810UB2,TSRYS5810883,D,S,D,2024-05-31,1000000.00,4.761042,98.2578125
08:17:18,912810UB2,TSRYS5810883,D,S,D,2024-05-31,1300000.00,4.764133,98.21875
08:17:24,912810UB2,TSRYS5810883,D,S,D,2024-05-31,1000000.00,4.760733,98.26171875
08:17:52,912810UB2,TSRYS5810883,D,S,D,2024-05-31,130000.00,4.759806,98.2734375
08:17:52,912810UB2,TSRYS5810883,D,S,C,2024-05-31,130000.00,4.759562,98.276514423
08:17:56,912810UB2,TSRYS5810883,D,S,T,2024-05-31,1000000.00,4.760424,98.265625
08:17:56,912810UB2,TSRYS5810883,D,S,D,2024-05-31,1000000.00,4.760424,98.265625
08:18:31,912810UB2,TSRYS5810883,D,S,D,2024-05-31,185000.00,4.761042,98.2578125
08:18:42,912810UB2,TSRYS5810883,D,S,D,2024-05-31,1000000.00,4.760424,98.265625
08:18:42,912810UB2,TSRYS5810883,D,S,T,2024-05-31,1000000.00,4.760424,98.265625
08:18:56,912810UB2,TSRYS5810883,D,S,D,2024-05-31,1000000.00,4.761351,98.25390625
08:18:56,912810UB2,TSRYS5810883,D,S,D,2024-05-31,1000000.00,4.760887,98.259765625
08:18:56,912810UB2,TSRYS5810883,D,S,D,2024-05-31,1000000.00,4.761351,98.25390625
08:18:56,912810UB2,TSRYS5810883,D,S,D,2024-05-31,24000000.00,4.761189,98.25595
08:18:56,912810UB2,TSRYS5810883,D,S,T,2024-05-31,1000000.00,4.760887,98.259765625
08:19:01,912810UB2,TSRYS5810883,D,S,D,2024-05-31,1000000.00,4.761351,98.25390625
08:19:06,912810UB2,TSRYS5810883,D,S,D,2024-05-31,1000000.00,4.761351,98.25390625
08:19:07,912810UB2,TSRYS5810883,D,S,D,2024-05-31,1000000.00,4.761351,98.25390625
08:19:07,912810UB2,TSRYS5810883,D,S,D,2024-05-31,1000000.00,4.761042,98.2578125
08:19:07,912810UB2,TSRYS5810883,D,S,D,2024-05-31,1000000.00,4.761042,98.2578125
08:19:07,912810UB2,TSRYS5810883,D,S,D,2024-05-31,1000000.00,4.761042,98.2578125
08:19:08,912810UB2,TSRYS5810883,D,S,D,2024-05-31,1000000.00,4.761042,98.2578125
08:19:11,912810UB2,TSRYS5810883,D,S,D,2024-05-31,1000000.00,4.761351,98.25390625
08:19:11,912810UB2,TSRYS5810883,D,S,D,2024-05-31,1000000.00,4.761505,98.251953125
08:19:11,912810UB2,TSRYS5810883,D,S,D,2024-05-31,1000000.00,4.761505,98.251953125
08:19:11,912810UB2,TSRYS5810883,D,S,D,2024-05-31,1000000.00,4.761505,98.251953125
08:19:11,912810UB2,TSRYS5810883,D,S,D,2024-05-31,1000000.00,4.761505,98.251953125
08:19:11,912810UB2,TSRYS5810883,D,S,D,2024-05-31,1000000.00,4.761505,98.251953125
08:19:11,912810UB2,TSRYS5810883,D,S,D,2024-05-31,1000000.00,4.761505,98.251953125
08:19:11,912810UB2,TSRYS5810883,D,S,D,2024-05-31,1000000.00,4.761505,98.251953125
08:19:11,912810UB2,TSRYS5810883,D,S,D,2024-05-31,1000000.00,4.761505,98.251953125
08:19:11,912810UB2,TSRYS5810883,D,S,D,2024-05-31,1000000.00,4.761505,98.251953125
08:19:12,912810UB2,TSRYS5810883,D,S,D,2024-05-31,1000000.00,4.761351,98.25390625
08:19:12,912810UB2,TSRYS5810883,D,S,D,2024-05-31,1000000.00,4.761505,98.251953125
08:19:12,912810UB2,TSRYS5810883,D,S,D,2024-05-31,1000000.00,4.761042,98.2578125
08:19:13,912810UB2,TSRYS5810883,D,S,T,2024-05-31,1000000.00,4.761351,98.25390625
08:19:30,912810UB2,TSRYS5810883,D,S,D,2024-05-31,1000000.00,4.761351,98.25390625
08:19:30,912810UB2,TSRYS5810883,D,S,D,2024-05-31,1000000.00,4.761351,98.25390625
08:19:38,912810UB2,TSRYS5810883,D,S,D,2024-05-31,1000000.00,4.76166,98.25
08:19:39,912810UB2,TSRYS5810883,D,S,D,2024-05-31,1000000.00,4.76166,98.25
08:19:40,912810UB2,TSRYS5810883,D,S,D,2024-05-31,1000000.00,4.761351,98.25390625
08:19:40,912810UB2,TSRYS5810883,D,S,D,2024-05-31,1000000.00,4.761351,98.25390625
08:19:43,912810UB2,TSRYS5810883,D,S,A,2024-05-31,50000.00,4.760424,98.265625
08:20:00,912810UB2,TSRYS5810883,D,S,D,2024-05-31,1000000.00,4.761351,98.25390625
08:20:00,912810UB2,TSRYS5810883,D,S,T,2024-05-31,1000000.00,4.761351,98.25390625
08:20:00,912810UB2,TSRYS5810883,D,S,T,2024-05-31,1000000.00,4.761505,98.25195312
08:20:00,912810UB2,TSRYS5810883,D,S,T,2024-05-31,1000000.00,4.761505,98.25195312
08:20:00,912810UB2,TSRYS5810883,D,S,T,2024-05-31,1000000.00,4.761505,98.25195312
08:20:01,912810UB2,TSRYS5810883,D,S,T,2024-05-31,1000000.00,4.761505,98.25195312
08:20:01,912810UB2,TSRYS5810883,D,S,T,2024-05-31,1000000.00,4.761505,98.25195312
08:20:01,912810UB2,TSRYS5810883,D,S,T,2024-05-31,1000000.00,4.761505,98.25195312
08:20:01,912810UB2,TSRYS5810883,D,S,T,2024-05-31,1000000.00,4.761505,98.25195312
08:20:03,912810UB2,TSRYS5810883,D,S,T,2024-05-31,1000000.00,4.761505,98.25195312
08:20:05,912810UB2,TSRYS5810883,D,S,T,2024-05-31,1000000.00,4.761505,98.25195312
08:20:05,912810UB2,TSRYS5810883,D,S,D,2024-05-31,1000000.00,4.761196,98.25585937
08:20:07,912810UB2,TSRYS5810883,D,S,T,2024-05-31,1000000.00,4.761977,98.24599375
08:20:07,912810UB2,TSRYS5810883,D,S,D,2024-05-31,1000000.00,4.762587,98.23828125
08:20:07,912810UB2,TSRYS5810883,D,S,D,2024-05-31,1000000.00,4.762587,98.23828125
08:20:08,912810UB2,TSRYS5810883,D,S,D,2024-05-31,1000000.00,4.76166,98.25
08:20:10,912810UB2,TSRYS5810883,D,S,C,2024-05-31,1000000.00,4.762123,98.244140625
08:20:11,912810UB2,TSRYS5810883,D,S,D,2024-05-31,1000000.00,4.761969,98.24609375
08:20:12,912810UB2,TSRYS5810883,D,S,D,2024-05-31,1000000.00,4.762587,98.23828125
08:20:13,912810UB2,TSRYS5810883,D,S,D,2024-05-31,1000000.00,4.761969,98.24609375
08:20:18,912810UB2,TSRYS5810883,D,S,D,2024-05-31,1000000.00,4.761351,98.25390625
08:20:19,912810UB2,TSRYS5810883,D,S,D,2024-05-31,1000000.00,4.761042,98.2578125
08:20:20,912810UB2,TSRYS5810883,D,S,T,2024-05-31,1000000.00,4.761351,98.25390625
08:20:34,912810UB2,TSRYS5810883,D,S,A,2024-05-31,240000.00,4.761351,98.25390625
08:20:35,912810UB2,TSRYS5810883,D,S,D,2024-05-31,1000000.00,4.761042,98.2578125
08:20:35,912810UB2,TSRYS5810883,D,S,T,2024-05-31,1000000.00,4.761676,98.2498
08:20:35,912810UB2,TSRYS5810883,D,S,T,2024-05-31,1000000.00,4.761505,98.25195312
08:20:40,912810UB2,TSRYS5810883,D,S,D,2024-05-31,1000000.00,4.76166,98.25
08:20:43,912810UB2,TSRYS5810883,D,S,T,2024-05-31,1000000.00,4.762123,98.24414062
08:20:47,912810UB2,TSRYS5810883,D,S,T,2024-05-31,1000000.00,4.761969,98.24609375
08:20:47,912810UB2,TSRYS5810883,D,S,T,2024-05-31,1000000.00,4.762587,98.23828125
08:20:56,912810UB2,TSRYS5810883,D,B,C,2024-05-31,1000000.00,4.761367,98.25370625
08:20:56,912810UB2,TSRYS5810883,D,S,C,2024-05-31,1000000.00,4.761343,98.25400625
08:21:00,912810UB2,TSRYS5810883,D,S,D,2024-05-31,1000000.00,4.762587,98.23828125
08:21:04,912810UB2,TSRYS5810883,D,S,D,2024-05-31,1000000.00,4.760424,98.265625
08:21:04,912810UB2,TSRYS5810883,D,S,D,2024-05-31,1000000.00,4.760424,98.265625
08:21:04,912810UB2,TSRYS5810883,D,S,D,2024-05-31,1000000.00,4.760424,98.265625
08:21:05,912810UB2,TSRYS5810883,D,S,D,2024-05-31,1000000.00,4.760424,98.265625
08:21:05,912810UB2,TSRYS5810883,D,S,D,2024-05-31,1000000.00,4.760424,98.265625
08:21:06,912810UB2,TSRYS5810883,D,S,D,2024-05-31,1000000.00,4.760424,98.265625
08:21:06,912810UB2,TSRYS5810883,D,S,D,2024-05-31,1000000.00,4.761505,98.251953125
08:21:09,912810UB2,TSRYS5810883,D,S,D,2024-05-31,1000000.00,4.760424,98.265625
08:21:21,912810UB2,TSRYS5810883,D,S,C,2024-05-31,1000000.00,4.75857,98.2890625
08:21:25,912810UB2,TSRYS5810883,D,B,C,2024-05-31,1000000.00,4.760447,98.265325
08:21:25,912810UB2,TSRYS5810883,D,S,C,2024-05-31,1000000.00,4.760408,98.265825
08:21:28,912810UB2,TSRYS5810883,D,S,T,2024-05-31,1000000.00,4.761505,98.25195312
08:21:30,912810UB2,TSRYS5810883,D,S,T,2024-05-31,1000000.00,4.760424,98.265625
08:21:31,912810UB2,TSRYS5810883,D,S,D,2024-05-31,1000000.00,4.760115,98.26953125
08:21:42,912810UB2,TSRYS5810883,D,S,D,2024-05-31,1000000.00,4.759497,98.27734375
08:21:42,912810UB2,TSRYS5810883,D,S,C,2024-05-31,1000000.00,4.76041,98.2658
08:21:43,912810UB2,TSRYS5810883,D,S,D,2024-05-31,1000000.00,4.760424,98.265625
08:21:47,912810UB2,TSRYS5810883,D,S,D,2024-05-31,22000000.00,4.76097,98.25872
08:21:58,912810UB2,TSRYS5810883,D,S,D,2024-05-31,1000000.00,4.760424,98.265625
08:21:58,912810UB2,TSRYS5810883,D,S,T,2024-05-31,1000000.00,4.759204,98.28105
08:22:04,912810UB2,TSRYS5810883,D,S,D,2024-05-31,1000000.00,4.75857,98.2890625
08:22:10,912810UB2,TSRYS5810883,D,S,C,2024-05-31,1000000.00,4.759188,98.28125
08:22:11,912810UB2,TSRYS5810883,D,S,D,2024-05-31,1000000.00,4.760424,98.265625
08:22:13,912810UB2,TSRYS5810883,D,S,T,2024-05-31,1000000.00,4.760439,98.265425
08:22:55,912810UB2,TSRYS5810883,D,S,T,2024-05-31,1000000.00,4.758879,98.28515625
08:22:55,912810UB2,TSRYS5810883,D,S,D,2024-05-31,1000000.00,4.758879,98.28515625
08:23:00,912810UB2,TSRYS5810883,D,S,D,2024-05-31,1000000.00,4.758879,98.28515625
08:23:09,912810UB2,TSRYS5810883,D,S,T,2024-05-31,1000000.00,4.760115,98.26953125
08:23:35,912810UB2,TSRYS5810883,D,S,T,2024-05-31,1000000.00,4.757489,98.302734375
08:23:35,912810UB2,TSRYS5810883,D,S,D,2024-05-31,1000000.00,4.757489,98.302734375
08:23:35,912810UB2,TSRYS5810883,D,S,D,2024-05-31,1000000.00,4.757489,98.302734375
08:23:40,912810UB2,TSRYS5810883,D,S,D,2024-05-31,1000000.00,4.757489,98.302734375
08:24:01,912810UB2,TSRYS5810883,D,S,D,2024-05-31,1000000.00,4.756099,98.3203125
08:24:01,912810UB2,TSRYS5810883,D,S,D,2024-05-31,1000000.00,4.756099,98.3203125
08:24:01,912810UB2,TSRYS5810883,D,B,C,2024-05-31,1000000.00,4.756717,98.3125
08:24:01,912810UB2,TSRYS5810883,D,S,C,2024-05-31,1000000.00,4.756717,98.3125
08:24:09,912810UB2,TSRYS5810883,D,S,D,2024-05-31,800000.00,4.756717,98.3125
08:24:13,912810UB2,TSRYS5810883,D,S,D,2024-05-31,1000000.00,4.756717,98.3125
08:24:14,912810UB2,TSRYS5810883,D,S,D,2024-05-31,1000000.00,4.756099,98.3203125
08:24:16,912810UB2,TSRYS5810883,D,S,T,2024-05-31,1000000.00,4.756717,98.3125
08:24:17,912810UB2,TSRYS5810883,D,S,T,2024-05-31,1000000.00,4.756717,98.3125
08:24:17,912810UB2,TSRYS5810883,D,S,T,2024-05-31,1000000.00,4.756717,98.3125
08:24:18,912810UB2,TSRYS5810883,D,S,T,2024-05-31,1000000.00,4.757489,98.302734375
08:24:19,912810UB2,TSRYS5810883,D,S,T,2024-05-31,1000000.00,4.757489,98.302734375
08:24:20,912810UB2,TSRYS5810883,D,S,C,2024-05-31,1000000.00,4.756863,98.310646875
08:24:20,912810UB2,TSRYS5810883,D,B,C,2024-05-31,1000000.00,4.756879,98.310446875
08:24:22,912810UB2,TSRYS5810883,D,S,D,2024-05-31,1000000.00,4.757489,98.302734375
08:24:22,912810UB2,TSRYS5810883,D,S,D,2024-05-31,1000000.00,4.757489,98.302734375
08:24:34,912810UB2,TSRYS5810883,D,S,D,2024-05-31,800000.00,4.756741,98.3122
08:24:50,912810UB2,TSRYS5810883,D,S,T,2024-05-31,1000000.00,4.758879,98.28515625
08:24:50,912810UB2,TSRYS5810883,D,S,T,2024-05-31,1000000.00,4.759188,98.28125
08:24:50,912810UB2,TSRYS5810883,D,S,C,2024-05-31,1000000.00,4.758871,98.28525625
08:24:56,912810UB2,TSRYS5810883,D,S,C,2024-05-31,1000000.00,4.756703,98.312675
08:24:56,912810UB2,TSRYS5810883,D,S,D,2024-05-31,1000000.00,4.756717,98.3125
08:24:56,912810UB2,TSRYS5810883,D,B,C,2024-05-31,1000000.00,4.756717,98.3125
08:24:56,912810UB2,TSRYS5810883,D,S,C,2024-05-31,1000000.00,4.756703,98.312675
08:24:56,912810UB2,TSRYS5810883,D,S,D,2024-05-31,1000000.00,4.761351,98.25390625
08:24:56,912810UB2,TSRYS5810883,D,S,D,2024-05-31,2000000.00,4.761351,98.25390625
08:24:56,912810UB2,TSRYS5810883,D,S,D,2024-05-31,1000000.00,4.761351,98.25390625
08:25:08,912810UB2,TSRYS5810883,D,S,D,2024-05-31,5000.00,4.762555,98.23868125
08:25:09,912810UB2,TSRYS5810883,D,S,C,2024-05-31,5000.00,4.762555,98.33868125
08:25:09,912810UB2,TSRYS5810883,D,B,C,2024-05-31,12000000.00,4.762896,98.234375
08:25:16,912810UB2,TSRYS5810883,D,B,C,2024-05-31,2000000.00,4.759188,98.28125
08:25:19,912810UB2,TSRYS5810883,D,B,C,2024-05-31,1000000.00,4.761351,98.25390625
08:25:42,912810UB2,TSRYS5810883,D,S,C,2024-05-31,1000000.00,4.759174,98.281425
08:25:42,912810UB2,TSRYS5810883,D,B,C,2024-05-31,1000000.00,4.759188,98.28125
08:25:42,912810UB2,TSRYS5810883,D,S,C,2024-05-31,1000000.00,4.759174,98.281425
08:25:43,912810UB2,TSRYS5810883,D,S,C,2024-05-31,1000000.00,4.762896,98.234375
08:25:45,912810UB2,TSRYS5810883,D,S,C,2024-05-31,1000000.00,4.761351,98.25390625
08:25:47,912810UB2,TSRYS5810883,D,S,T,2024-05-31,1000000.00,4.762912,98.234175
08:25:47,912810UB2,TSRYS5810883,D,S,T,2024-05-31,1000000.00,4.762912,98.234175
08:25:57,912810UB2,TSRYS5810883,D,B,C,2024-05-31,1000000.00,4.759188,98.28125
08:25:57,912810UB2,TSRYS5810883,D,S,C,2024-05-31,1000000.00,4.759174,98.281425
08:25:58,912810UB2,TSRYS5810883,D,S,C,2024-05-31,1000000.00,4.762896,98.234375
08:26:31,912810UB2,TSRYS5810883,D,S,D,2024-05-31,1000000.00,4.761351,98.25390625
08:26:49,912810UB2,TSRYS5810883,D,S,D,2024-05-31,1000000.00,4.761042,98.2578125
08:26:49,912810UB2,TSRYS5810883,D,S,D,2024-05-31,1000000.00,4.761351,98.25390625
08:26:49,912810UB2,TSRYS5810883,D,S,C,2024-05-31,1000000.00,4.761196,98.25585937
08:26:49,912810UB2,TSRYS5810883,D,S,D,2024-05-31,1000000.00,4.761042,98.2578125
08:27:13,912810UB2,TSRYS5810883,D,S,C,2024-05-31,1000000.00,4.760424,98.265625
08:27:13,912810UB2,TSRYS5810883,D,B,C,2024-05-31,1000000.00,4.760447,98.265325
08:28:43,912810UB2,TSRYS5810883,D,S,D,2024-05-31,21000000.00,4.761528,98.25167
08:28:59,912810UB2,TSRYS5810883,D,S,C,2024-05-31,1000000.00,4.760424,98.265625
08:28:59,912810UB2,TSRYS5810883,D,B,C,2024-05-31,1000000.00,4.760424,98.265625
08:29:45,912810UB2,TSRYS5810883,D,S,C,2024-05-31,1000000.00,4.760424,98.265625
08:29:45,912810UB2,TSRYS5810883,D,B,C,2024-05-31,1000000.00,4.760424,98.265625
08:30:00,912810UB2,TSRYS5810883,D,S,C,2024-05-31,1000000.00,4.760424,98.265625
08:30:00,912810UB2,TSRYS5810883,D,B,C,2024-05-31,1000000.00,4.760424,98.265625
08:30:17,912810UB2,TSRYS5810883,D,S,C,2024-05-31,1000000.00,4.758261,98.29296875
08:30:17,912810UB2,TSRYS5810883,D,B,C,2024-05-31,1000000.00,4.758261,98.29296875
08:30:17,912810UB2,TSRYS5810883,D,S,C,2024-05-31,1000000.00,4.758261,98.29296875
08:30:17,912810UB2,TSRYS5810883,D,B,C,2024-05-31,1000000.00,4.758261,98.29296875
08:30:31,912810UB2,TSRYS5810883,D,S,C,2024-05-31,1000000.00,4.746844,98.4375
08:30:37,912810UB2,TSRYS5810883,D,S,D,2024-05-31,10000000.00,4.759109,98.28225
08:30:43,912810UB2,TSRYS5810883,D,S,D,2024-05-31,1000000.00,4.741914,98.5
08:30:43,912810UB2,TSRYS5810883,D,S,D,2024-05-31,1000000.00,4.741914,98.5
08:30:43,912810UB2,TSRYS5810883,D,S,T,2024-05-31,1000000.00,4.743146,98.484375
08:30:44,912810UB2,TSRYS5810883,D,S,T,2024-05-31,1000000.00,4.744224,98.470703125
08:30:44,912810UB2,TSRYS5810883,D,S,D,2024-05-31,1000000.00,4.744224,98.470703125
08:30:44,912810UB2,TSRYS5810883,D,S,D,2024-05-31,1000000.00,4.744378,98.46875
08:30:44,912810UB2,TSRYS5810883,D,S,D,2024-05-31,1000000.00,4.744378,98.46875
08:30:48,912810UB2,TSRYS5810883,D,S,D,2024-05-31,1000000.00,4.743146,98.484375
08:30:49,912810UB2,TSRYS5810883,D,S,D,2024-05-31,1000000.00,4.744224,98.470703125
08:31:34,912810UB2,TSRYS5810883,D,S,D,2024-05-31,12000000.00,4.749399,98.40513
08:31:58,912810UB2,TSRYS5810883,D,S,T,2024-05-31,1000000.00,4.744378,98.46875
08:32:02,912810UB2,TSRYS5810883,D,B,C,2024-05-31,1000000.00,4.743454,98.48046875
08:32:02,912810UB2,TSRYS5810883,D,S,C,2024-05-31,1000000.00,4.743454,98.48046875
08:32:02,912810UB2,TSRYS5810883,D,S,C,2024-05-31,1000000.00,4.740668,98.5158
08:32:02,912810UB2,TSRYS5810883,D,S,C,2024-05-31,1000000.00,4.740668,98.5158
08:32:02,912810UB2,TSRYS5810883,D,S,C,2024-05-31,1000000.00,4.740666,98.515825
08:32:02,912810UB2,TSRYS5810883,D,B,C,2024-05-31,1000000.00,4.740693,98.515475
08:32:03,912810UB2,TSRYS5810883,D,S,T,2024-05-31,1000000.00,4.744378,98.46875
08:32:18,912810UB2,TSRYS5810883,D,B,C,2024-05-31,1000000.00,4.740693,98.515475
08:32:18,912810UB2,TSRYS5810883,D,S,C,2024-05-31,1000000.00,4.74067,98.515775
08:32:18,912810UB2,TSRYS5810883,D,B,C,2024-05-31,1000000.00,4.740693,98.515475
08:32:19,912810UB2,TSRYS5810883,D,S,C,2024-05-31,1000000.00,4.740668,98.5158
08:32:19,912810UB2,TSRYS5810883,D,B,C,2024-05-31,1000000.00,4.740693,98.515475
08:32:19,912810UB2,TSRYS5810883,D,B,C,2024-05-31,1000000.00,4.740693,98.515475
08:32:19,912810UB2,TSRYS5810883,D,S,C,2024-05-31,1000000.00,4.740666,98.515825
08:32:19,912810UB2,TSRYS5810883,D,B,C,2024-05-31,1000000.00,4.740693,98.515475
08:32:19,912810UB2,TSRYS5810883,D,B,C,2024-05-31,1000000.00,4.740693,98.515475
08:32:19,912810UB2,TSRYS5810883,D,S,C,2024-05-31,1000000.00,4.740666,98.515825
08:32:19,912810UB2,TSRYS5810883,D,S,T,2024-05-31,1000000.00,4.744995,98.4609375
08:32:20,912810UB2,TSRYS5810883,D,S,C,2024-05-31,1000000.00,4.744979,98.4611375
08:32:50,912810UB2,TSRYS5810883,D,S,C,2024-05-31,1000000.00,4.745595,98.453325
08:32:50,912810UB2,TSRYS5810883,D,B,C,2024-05-31,1000000.00,4.745623,98.452975
08:32:50,912810UB2,TSRYS5810883,D,S,C,2024-05-31,1000000.00,4.745597,98.4533
08:32:50,912810UB2,TSRYS5810883,D,S,C,2024-05-31,1000000.00,4.745597,98.4533
08:32:50,912810UB2,TSRYS5810883,D,B,C,2024-05-31,1000000.00,4.745623,98.452975
08:32:50,912810UB2,TSRYS5810883,D,S,C,2024-05-31,1000000.00,4.745595,98.453325
08:32:50,912810UB2,TSRYS5810883,D,B,C,2024-05-31,1000000.00,4.745623,98.452975
08:32:50,912810UB2,TSRYS5810883,D,B,C,2024-05-31,1000000.00,4.745623,98.452975
08:32:50,912810UB2,TSRYS5810883,D,B,C,2024-05-31,1000000.00,4.745623,98.452975
08:32:50,912810UB2,TSRYS5810883,D,S,C,2024-05-31,1000000.00,4.745597,98.4533
08:33:06,912810UB2,TSRYS5810883,D,S,C,2024-05-31,1000000.00,4.74436,98.468975
08:33:06,912810UB2,TSRYS5810883,D,S,C,2024-05-31,1000000.00,4.744378,98.46875
08:33:06,912810UB2,TSRYS5810883,D,S,C,2024-05-31,1000000.00,4.744378,98.46875
08:33:06,912810UB2,TSRYS5810883,D,B,C,2024-05-31,1000000.00,4.744394,98.46855
08:33:25,912810UB2,TSRYS5810883,D,S,T,2024-05-31,1000000.00,4.740997,98.51161875
08:33:26,912810UB2,TSRYS5810883,D,S,D,2024-05-31,1000000.00,4.74099,98.51171875
08:33:34,912810UB2,TSRYS5810883,D,B,C,2024-05-31,1000000.00,4.744402,98.46845
08:33:34,912810UB2,TSRYS5810883,D,S,C,2024-05-31,1000000.00,4.744364,98.468925
08:33:38,912810UB2,TSRYS5810883,D,S,D,2024-05-31,1000000.00,4.740374,98.51953125
08:33:38,912810UB2,TSRYS5810883,D,S,C,2024-05-31,1000000.00,4.740066,98.5234375
08:33:38,912810UB2,TSRYS5810883,D,S,D,2024-05-31,1000000.00,4.740066,98.5234375
08:33:38,912810UB2,TSRYS5810883,D,S,D,2024-05-31,1000000.00,4.740066,98.5234375
08:33:38,912810UB2,TSRYS5810883,D,S,D,2024-05-31,1000000.00,4.740066,98.5234375
08:33:53,912810UB2,TSRYS5810883,D,S,D,2024-05-31,1000000.00,4.741914,98.5
08:33:53,912810UB2,TSRYS5810883,D,S,D,2024-05-31,1000000.00,4.743454,98.48046875
08:33:53,912810UB2,TSRYS5810883,D,S,D,2024-05-31,1000000.00,4.741606,98.50390625
08:33:53,912810UB2,TSRYS5810883,D,S,C,2024-05-31,1000000.00,4.744364,98.468925
08:33:53,912810UB2,TSRYS5810883,D,B,C,2024-05-31,1000000.00,4.74439,98.4686
08:33:53,912810UB2,TSRYS5810883,D,S,D,2024-05-31,1000000.00,4.740374,98.51953125
08:33:53,912810UB2,TSRYS5810883,D,S,C,2024-05-31,1000000.00,4.741606,98.50390625
08:33:53,912810UB2,TSRYS5810883,D,S,C,2024-05-31,1000000.00,4.742838,98.48828125
08:33:54,912810UB2,TSRYS5810883,D,S,D,2024-05-31,1000000.00,4.740066,98.5234375
08:34:01,912810UB2,TSRYS5810883,D,S,D,2024-05-31,1000000.00,4.743454,98.48046875
08:34:01,912810UB2,TSRYS5810883,D,B,C,2024-05-31,1000000.00,4.743466,98.48031875
08:34:28,912810UB2,TSRYS5810883,D,S,A,2024-05-31,1750000.00,4.74253,98.4921875
08:34:32,912810UB2,TSRYS5810883,D,S,C,2024-05-31,1000000.00,4.743454,98.48046875
08:34:37,912810UB2,TSRYS5810883,D,S,C,2024-05-31,1000000.00,4.743762,98.4765625
08:34:37,912810UB2,TSRYS5810883,D,B,C,2024-05-31,1000000.00,4.743762,98.4765625
08:34:46,912810UB2,TSRYS5810883,D,S,T,2024-05-31,3000000.00,4.744378,98.46875
08:35:23,912810UB2,TSRYS5810883,D,S,D,2024-05-31,200000.00,4.739758,98.52734375
08:35:25,912810UB2,TSRYS5810883,D,S,C,2024-05-31,1000000.00,4.743762,98.4765625
08:35:25,912810UB2,TSRYS5810883,D,S,D,2024-05-31,1000000.00,4.742222,98.49609375
08:35:25,912810UB2,TSRYS5810883,D,S,C,2024-05-31,1000000.00,4.740066,98.5234375
08:35:26,912810UB2,TSRYS5810883,D,S,C,2024-05-31,1000000.00,4.739758,98.52734375
08:35:38,912810UB2,TSRYS5810883,D,B,C,2024-05-31,1000000.00,4.744378,98.46875
08:35:38,912810UB2,TSRYS5810883,D,S,D,2024-05-31,1000000.00,4.744378,98.46875
08:35:38,912810UB2,TSRYS5810883,D,B,C,2024-05-31,1000000.00,4.744378,98.46875
08:35:38,912810UB2,TSRYS5810883,D,S,D,2024-05-31,1000000.00,4.744378,98.46875
08:35:38,912810UB2,TSRYS5810883,D,S,D,2024-05-31,3000000.00,4.744378,98.46875
08:35:42,912810UB2,TSRYS5810883,D,S,D,2024-05-31,2000000.00,4.741606,98.50390625
08:35:42,912810UB2,TSRYS5810883,D,S,D,2024-05-31,2000000.00,4.741606,98.50390625
08:35:44,912810UB2,TSRYS5810883,D,S,T,2024-05-31,1000000.00,4.741914,98.5
08:35:44,912810UB2,TSRYS5810883,D,S,T,2024-05-31,1000000.00,4.741914,98.5
08:35:44,912810UB2,TSRYS5810883,D,S,T,2024-05-31,1000000.00,4.741914,98.5
08:35:44,912810UB2,TSRYS5810883,D,S,T,2024-05-31,1000000.00,4.741914,98.5
08:35:44,912810UB2,TSRYS5810883,D,S,T,2024-05-31,1000000.00,4.741914,98.5
08:35:44,912810UB2,TSRYS5810883,D,S,T,2024-05-31,1000000.00,4.741914,98.5
08:35:44,912810UB2,TSRYS5810883,D,S,T,2024-05-31,1000000.00,4.741914,98.5
08:35:44,912810UB2,TSRYS5810883,D,S,T,2024-05-31,1000000.00,4.741914,98.5
08:35:45,912810UB2,TSRYS5810883,D,S,T,2024-05-31,1000000.00,4.741914,98.5
08:35:56,912810UB2,TSRYS5810883,D,B,C,2024-05-31,1000000.00,4.744394,98.46855
08:35:56,912810UB2,TSRYS5810883,D,S,C,2024-05-31,1000000.00,4.744364,98.468925
08:35:56,912810UB2,TSRYS5810883,D,B,C,2024-05-31,1000000.00,4.744394,98.46855
08:35:56,912810UB2,TSRYS5810883,D,S,C,2024-05-31,1000000.00,4.744364,98.468925
08:35:58,912810UB2,TSRYS5810883,D,B,C,2024-05-31,1000000.00,4.740693,98.515475
08:35:58,912810UB2,TSRYS5810883,D,S,C,2024-05-31,1000000.00,4.740682,98.515625
08:36:10,912810UB2,TSRYS5810883,D,S,D,2024-05-31,1000000.00,4.741914,98.5
08:36:10,912810UB2,TSRYS5810883,D,S,C,2024-05-31,1000000.00,4.741914,98.5
08:36:24,912810UB2,TSRYS5810883,D,S,D,2024-05-31,1000000.00,4.741903,98.50013
08:36:24,912810UB2,TSRYS5810883,D,S,D,2024-05-31,1000000.00,4.741903,98.50013
08:36:24,912810UB2,TSRYS5810883,D,S,D,2024-05-31,1000000.00,4.741903,98.50013
08:36:24,912810UB2,TSRYS5810883,D,S,D,2024-05-31,1000000.00,4.741903,98.50013
08:36:39,912810UB2,TSRYS5810883,D,S,D,2024-05-31,1000000.00,4.741903,98.50013
08:36:39,912810UB2,TSRYS5810883,D,S,D,2024-05-31,1000000.00,4.741903,98.50013
08:36:39,912810UB2,TSRYS5810883,D,S,D,2024-05-31,1000000.00,4.741903,98.50013
08:36:39,912810UB2,TSRYS5810883,D,B,C,2024-05-31,1000000.00,4.741914,98.5
08:36:39,912810UB2,TSRYS5810883,D,S,D,2024-05-31,1000000.00,4.741903,98.50013
08:36:39,912810UB2,TSRYS5810883,D,S,D,2024-05-31,1000000.00,4.741903,98.50013
08:36:39,912810UB2,TSRYS5810883,D,S,D,2024-05-31,1000000.00,4.741903,98.50013
08:36:41,912810UB2,TSRYS5810883,D,S,D,2024-05-31,1000000.00,4.739758,98.52734375
08:36:48,912810UB2,TSRYS5810883,D,S,C,2024-05-31,4000000.00,4.741587,98.50414
08:36:48,912810UB2,TSRYS5810883,D,S,C,2024-05-31,1000000.00,4.741914,98.5
08:36:49,912810UB2,TSRYS5810883,D,S,T,2024-05-31,1000000.00,4.741929,98.4998
08:37:18,912810UB2,TSRYS5810883,D,S,D,2024-05-31,1000000.00,4.74099,98.51171875
08:37:19,912810UB2,TSRYS5810883,D,S,T,2024-05-31,1000000.00,4.741005,98.51151875
08:37:32,912810UB2,TSRYS5810883,D,S,D,2024-05-31,315000.00,4.741914,98.5
08:37:32,912810UB2,TSRYS5810883,D,S,D,2024-05-31,315000.00,4.741813,98.501269841
08:37:48,912810UB2,TSRYS5810883,D,S,A,2024-05-31,4380000.00,4.743146,98.484375
08:37:57,912810UB2,TSRYS5810883,D,S,C,2024-05-31,1000000.00,4.739438,98.5314
08:37:57,912810UB2,TSRYS5810883,D,B,C,2024-05-31,1000000.00,4.739466,98.53105
08:37:57,912810UB2,TSRYS5810883,D,B,C,2024-05-31,1000000.00,4.739466,98.53105
08:37:57,912810UB2,TSRYS5810883,D,B,C,2024-05-31,1000000.00,4.73945,98.53125
08:37:57,912810UB2,TSRYS5810883,D,S,C,2024-05-31,1000000.00,4.739438,98.5314
08:37:57,912810UB2,TSRYS5810883,D,S,C,2024-05-31,1000000.00,4.739438,98.5314
08:37:57,912810UB2,TSRYS5810883,D,S,C,2024-05-31,1000000.00,4.739438,98.5314
08:37:57,912810UB2,TSRYS5810883,D,B,C,2024-05-31,1000000.00,4.739466,98.53105
08:37:57,912810UB2,TSRYS5810883,D,B,C,2024-05-31,1000000.00,4.73945,98.53125
08:37:57,912810UB2,TSRYS5810883,D,S,C,2024-05-31,1000000.00,4.739438,98.5314
08:38:02,912810UB2,TSRYS5810883,D,S,C,2024-05-31,1000000.00,4.748077,98.421875
08:38:04,912810UB2,TSRYS5810883,D,S,T,2024-05-31,1000000.00,4.748087,98.42175
08:38:04,912810UB2,TSRYS5810883,D,S,T,2024-05-31,1000000.00,4.748077,98.421875
08:38:06,912810UB2,TSRYS5810883,D,B,C,2024-05-31,1000000.00,4.747014,98.435346875
08:38:06,912810UB2,TSRYS5810883,D,S,C,2024-05-31,1000000.00,4.746998,98.435546875
08:38:06,912810UB2,TSRYS5810883,D,S,D,2024-05-31,1000000.00,4.748077,98.421875
08:38:15,912810UB2,TSRYS5810883,D,B,C,2024-05-31,1000000.00,4.746706,98.439253125
08:38:15,912810UB2,TSRYS5810883,D,S,C,2024-05-31,1000000.00,4.746682,98.439553125
08:38:18,912810UB2,TSRYS5810883,D,S,T,2024-05-31,1000000.00,4.746844,98.4375
08:38:19,912810UB2,TSRYS5810883,D,S,T,2024-05-31,1000000.00,4.746844,98.4375
08:38:19,912810UB2,TSRYS5810883,D,S,D,2024-05-31,100000.00,4.746567,98.44100625
08:38:20,912810UB2,TSRYS5810883,D,S,D,2024-05-31,1000000.00,4.746844,98.4375
08:38:20,912810UB2,TSRYS5810883,D,S,D,2024-05-31,1000000.00,4.746844,98.4375
08:38:55,912810UB2,TSRYS5810883,D,S,C,2024-05-31,1000000.00,4.745595,98.453325
08:38:55,912810UB2,TSRYS5810883,D,B,C,2024-05-31,1000000.00,4.745635,98.452825
08:39:07,912810UB2,TSRYS5810883,D,S,C,2024-05-31,1000000.00,4.740374,98.51953125
08:39:20,912810UB2,TSRYS5810883,D,S,T,2024-05-31,1000000.00,4.740066,98.5234375
08:39:20,912810UB2,TSRYS5810883,D,S,T,2024-05-31,1000000.00,4.740066,98.5234375
08:39:22,912810UB2,TSRYS5810883,D,S,D,2024-05-31,1000000.00,4.740066,98.5234375
08:39:22,912810UB2,TSRYS5810883,D,S,D,2024-05-31,1000000.00,4.740066,98.5234375
08:39:39,912810UB2,TSRYS5810883,D,S,D,2024-05-31,1000000.00,4.741298,98.5078125
08:39:39,912810UB2,TSRYS5810883,D,S,D,2024-05-31,1000000.00,4.741298,98.5078125
08:39:40,912810UB2,TSRYS5810883,D,S,D,2024-05-31,1000000.00,4.740374,98.51953125
08:39:43,912810UB2,TSRYS5810883,D,S,D,2024-05-31,1000000.00,4.740374,98.51953125
08:39:55,912810UB2,TSRYS5810883,D,S,D,2024-05-31,1000000.00,4.741298,98.5078125
08:40:01,912810UB2,TSRYS5810883,D,S,T,2024-05-31,1000000.00,4.74022,98.521484375
08:40:01,912810UB2,TSRYS5810883,D,S,C,2024-05-31,1000000.00,4.740212,98.521584375
08:40:15,912810UB2,TSRYS5810883,D,S,T,2024-05-31,1000000.00,4.755482,98.328125
08:40:15,912810UB2,TSRYS5810883,D,S,T,2024-05-31,1000000.00,4.771558,98.125
08:40:16,912810UB2,TSRYS5810883,D,S,T,2024-05-31,1000000.00,4.767844,98.171875
08:40:19,912810UB2,TSRYS5810883,D,S,T,2024-05-31,1000000.00,4.737141,98.560546875
08:40:20,912810UB2,TSRYS5810883,D,S,D,2024-05-31,1000000.00,4.737141,98.560546875
08:40:22,912810UB2,TSRYS5810883,D,S,T,2024-05-31,1000000.00,4.736987,98.5625
08:40:23,912810UB2,TSRYS5810883,D,S,D,2024-05-31,1000000.00,4.738526,98.54296875
08:40:23,912810UB2,TSRYS5810883,D,S,C,2024-05-31,1000000.00,4.736979,98.5626
08:40:34,912810UB2,TSRYS5810883,D,S,T,2024-05-31,1000000.00,4.739758,98.52734375
08:40:35,912810UB2,TSRYS5810883,D,S,C,2024-05-31,1000000.00,4.73975,98.52744375
08:40:40,912810UB2,TSRYS5810883,D,S,D,2024-05-31,1000000.00,4.738526,98.54296875
08:40:41,912810UB2,TSRYS5810883,D,S,D,2024-05-31,1000000.00,4.73668,98.56640625
08:40:55,912810UB2,TSRYS5810883,D,S,D,2024-05-31,1000000.00,4.738526,98.54296875
08:41:27,912810UB2,TSRYS5810883,D,S,D,2024-05-31,1000000.00,4.740374,98.51953125
08:41:27,912810UB2,TSRYS5810883,D,S,D,2024-05-31,1000000.00,4.740066,98.5234375
08:41:45,912810UB2,TSRYS5810883,D,S,D,2024-05-31,1000000.00,4.738526,98.54296875
08:41:45,912810UB2,TSRYS5810883,D,S,C,2024-05-31,1000000.00,4.738526,98.54296875
08:41:45,912810UB2,TSRYS5810883,D,S,C,2024-05-31,1000000.00,4.73945,98.53125
08:41:45,912810UB2,TSRYS5810883,D,B,C,2024-05-31,1000000.00,4.739474,98.53095
08:41:52,912810UB2,TSRYS5810883,D,S,D,2024-05-31,1000000.00,4.73668,98.56640625
08:41:52,912810UB2,TSRYS5810883,D,B,C,2024-05-31,1000000.00,4.73668,98.56640625
08:41:59,912810UB2,TSRYS5810883,D,S,D,2024-05-31,1000000.00,4.737295,98.55859375
08:42:00,912810UB2,TSRYS5810883,D,S,C,2024-05-31,1000000.00,4.73668,98.56640625
08:42:00,912810UB2,TSRYS5810883,D,S,D,2024-05-31,1000000.00,4.737295,98.55859375
08:42:08,912810UB2,TSRYS5810883,D,S,C,2024-05-31,1000000.00,4.73668,98.56640625
08:43:03,912810UB2,TSRYS5810883,D,S,A,2024-05-31,1500000.00,4.734218,98.59765625
08:43:23,912810UB2,TSRYS5810883,D,S,D,2024-05-31,1000000.00,4.735756,98.578125
08:43:23,912810UB2,TSRYS5810883,D,S,D,2024-05-31,1000000.00,4.735141,98.5859375
08:43:26,912810UB2,TSRYS5810883,D,B,C,2024-05-31,10000000.00,4.735756,98.578125
08:43:57,912810UB2,TSRYS5810883,D,S,T,2024-05-31,1000000.00,4.731758,98.62890625
08:43:57,912810UB2,TSRYS5810883,D,S,C,2024-05-31,1000000.00,4.73175,98.62900625
08:44:01,912810UB2,TSRYS5810883,D,S,C,2024-05-31,1000000.00,4.732065,98.625
08:44:01,912810UB2,TSRYS5810883,D,S,D,2024-05-31,1000000.00,4.733911,98.6015625
08:44:01,912810UB2,TSRYS5810883,D,S,C,2024-05-31,1000000.00,4.732065,98.625
08:44:01,912810UB2,TSRYS5810883,D,S,D,2024-05-31,1000000.00,4.732065,98.625
08:44:02,912810UB2,TSRYS5810883,D,S,D,2024-05-31,1000000.00,4.732065,98.625
08:44:04,912810UB2,TSRYS5810883,D,S,D,2024-05-31,1000000.00,4.733295,98.609375
08:44:04,912810UB2,TSRYS5810883,D,S,D,2024-05-31,1000000.00,4.733295,98.609375
08:44:08,912810UB2,TSRYS5810883,D,S,D,2024-05-31,1000000.00,4.731143,98.63671875
08:44:26,912810UB2,TSRYS5810883,D,S,D,2024-05-31,1000000.00,4.733295,98.609375
08:44:26,912810UB2,TSRYS5810883,D,S,D,2024-05-31,1000000.00,4.733295,98.609375
08:44:44,912810UB2,TSRYS5810883,D,S,C,2024-05-31,10000000.00,4.759364,98.27902
08:45:00,912810UB2,TSRYS5810883,D,S,D,2024-05-31,1000000.00,4.734372,98.59570312
08:45:01,912810UB2,TSRYS5810883,D,S,D,2024-05-31,1000000.00,4.734526,98.59375
08:45:02,912810UB2,TSRYS5810883,D,S,D,2024-05-31,1000000.00,4.734526,98.59375
08:45:02,912810UB2,TSRYS5810883,D,S,C,2024-05-31,1000000.00,4.733911,98.6015625
08:45:02,912810UB2,TSRYS5810883,D,B,C,2024-05-31,1000000.00,4.733911,98.6015625
08:45:04,912810UB2,TSRYS5810883,D,S,C,2024-05-31,1000000.00,4.734372,98.59570312
08:45:13,912810UB2,TSRYS5810883,D,S,T,2024-05-31,1000000.00,4.734526,98.59375
08:45:25,912810UB2,TSRYS5810883,D,S,D,2024-05-31,1000000.00,4.733911,98.6015625
08:45:26,912810UB2,TSRYS5810883,D,S,C,2024-05-31,1000000.00,4.736218,98.57226562
08:45:41,912810UB2,TSRYS5810883,D,S,C,2024-05-31,1000000.00,4.734833,98.58984375
08:45:41,912810UB2,TSRYS5810883,D,S,C,2024-05-31,1000000.00,4.734833,98.58984375
08:45:41,912810UB2,TSRYS5810883,D,S,D,2024-05-31,1000000.00,4.733603,98.60546875
08:45:54,912810UB2,TSRYS5810883,D,S,D,2024-05-31,1000000.00,4.736064,98.57421875
08:45:56,912810UB2,TSRYS5810883,D,S,D,2024-05-31,1000000.00,4.733295,98.609375
08:46:00,912810UB2,TSRYS5810883,D,S,D,2024-05-31,1000000.00,4.733295,98.609375
08:46:01,912810UB2,TSRYS5810883,D,B,C,2024-05-31,1000000.00,4.734526,98.59375
08:46:01,912810UB2,TSRYS5810883,D,S,C,2024-05-31,1000000.00,4.734512,98.593925
08:46:01,912810UB2,TSRYS5810883,D,S,C,2024-05-31,1000000.00,4.73451,98.59395
08:46:01,912810UB2,TSRYS5810883,D,B,C,2024-05-31,1000000.00,4.733319,98.609075
08:46:01,912810UB2,TSRYS5810883,D,S,C,2024-05-31,1000000.00,4.733295,98.609375
08:46:01,912810UB2,TSRYS5810883,D,S,D,2024-05-31,1000000.00,4.733295,98.609375
08:46:04,912810UB2,TSRYS5810883,D,S,D,2024-05-31,1000000.00,4.732834,98.61523437
08:46:18,912810UB2,TSRYS5810883,D,S,T,2024-05-31,1000000.00,4.732065,98.625
08:46:20,912810UB2,TSRYS5810883,D,S,T,2024-05-31,1000000.00,4.731766,98.62880625
08:46:20,912810UB2,TSRYS5810883,D,S,C,2024-05-31,1000000.00,4.731742,98.62910625
08:46:25,912810UB2,TSRYS5810883,D,S,D,2024-05-31,1000000.00,4.731912,98.626953125
08:46:27,912810UB2,TSRYS5810883,D,S,C,2024-05-31,1000000.00,4.732065,98.625
08:46:27,912810UB2,TSRYS5810883,D,S,D,2024-05-31,1000000.00,4.732065,98.625
08:46:32,912810UB2,TSRYS5810883,D,S,C,2024-05-31,1000000.00,4.731912,98.62695312
08:46:35,912810UB2,TSRYS5810883,D,S,T,2024-05-31,1000000.00,4.731919,98.626853125
08:46:36,912810UB2,TSRYS5810883,D,S,D,2024-05-31,1000000.00,4.731912,98.626953125
08:46:37,912810UB2,TSRYS5810883,D,S,C,2024-05-31,1000000.00,4.732065,98.625
08:46:38,912810UB2,TSRYS5810883,D,S,D,2024-05-31,1000000.00,4.731912,98.62695312
08:46:38,912810UB2,TSRYS5810883,D,S,T,2024-05-31,1000000.00,4.732227,98.622946875
08:46:39,912810UB2,TSRYS5810883,D,S,D,2024-05-31,1000000.00,4.732219,98.623046875
08:46:40,912810UB2,TSRYS5810883,D,S,D,2024-05-31,1000000.00,4.732065,98.625
08:46:42,912810UB2,TSRYS5810883,D,S,T,2024-05-31,1000000.00,4.731912,98.62695312
08:46:43,912810UB2,TSRYS5810883,D,S,T,2024-05-31,1000000.00,4.732081,98.6248
08:46:43,912810UB2,TSRYS5810883,D,S,D,2024-05-31,1000000.00,4.73145,98.6328125
08:46:43,912810UB2,TSRYS5810883,D,S,D,2024-05-31,1000000.00,4.732373,98.62109375
08:46:48,912810UB2,TSRYS5810883,D,S,T,2024-05-31,1000000.00,4.731758,98.62890625
08:46:48,912810UB2,TSRYS5810883,D,S,D,2024-05-31,1000000.00,4.731758,98.62890625
08:46:48,912810UB2,TSRYS5810883,D,S,C,2024-05-31,1000000.00,4.73175,98.62900625
08:46:59,912810UB2,TSRYS5810883,D,S,T,2024-05-31,1000000.00,4.732065,98.625
08:47:00,912810UB2,TSRYS5810883,D,B,C,2024-05-31,4942000.00,4.731143,98.63671875
08:47:03,912810UB2,TSRYS5810883,D,S,C,2024-05-31,1000000.00,4.732051,98.625175
08:47:03,912810UB2,TSRYS5810883,D,S,C,2024-05-31,1000000.00,4.732065,98.625
08:47:06,912810UB2,TSRYS5810883,D,S,D,2024-05-31,1000000.00,4.730528,98.64453125
08:47:07,912810UB2,TSRYS5810883,D,S,D,2024-05-31,1000000.00,4.730528,98.64453125
08:47:08,912810UB2,TSRYS5810883,D,S,D,2024-05-31,1000000.00,4.730528,98.64453125
08:47:08,912810UB2,TSRYS5810883,D,S,D,2024-05-31,1000000.00,4.730528,98.64453125
08:47:09,912810UB2,TSRYS5810883,D,S,D,2024-05-31,1000000.00,4.730528,98.64453125
08:47:09,912810UB2,TSRYS5810883,D,S,D,2024-05-31,1000000.00,4.730528,98.64453125
08:47:15,912810UB2,TSRYS5810883,D,S,D,2024-05-31,1000000.00,4.732065,98.625
08:47:15,912810UB2,TSRYS5810883,D,S,T,2024-05-31,1000000.00,4.732373,98.62109375
08:47:16,912810UB2,TSRYS5810883,D,S,D,2024-05-31,1000000.00,4.730682,98.642578125
08:47:17,912810UB2,TSRYS5810883,D,S,D,2024-05-31,1000000.00,4.729298,98.66015625
08:47:17,912810UB2,TSRYS5810883,D,S,D,2024-05-31,1000000.00,4.728991,98.6640625
08:47:18,912810UB2,TSRYS5810883,D,S,D,2024-05-31,1000000.00,4.728991,98.6640625
08:47:18,912810UB2,TSRYS5810883,D,S,D,2024-05-31,1000000.00,4.729298,98.66015625
08:47:19,912810UB2,TSRYS5810883,D,S,D,2024-05-31,1000000.00,4.731758,98.62890625
08:47:22,912810UB2,TSRYS5810883,D,S,D,2024-05-31,1000000.00,4.728991,98.6640625
08:47:22,912810UB2,TSRYS5810883,D,S,D,2024-05-31,1000000.00,4.728991,98.6640625
08:47:22,912810UB2,TSRYS5810883,D,S,D,2024-05-31,1000000.00,4.728991,98.6640625
08:47:22,912810UB2,TSRYS5810883,D,S,D,2024-05-31,1000000.00,4.729298,98.66015625
08:47:22,912810UB2,TSRYS5810883,D,S,D,2024-05-31,1000000.00,4.73145,98.6328125
08:47:26,912810UB2,TSRYS5810883,D,S,T,2024-05-31,1000000.00,4.729606,98.65625
08:47:26,912810UB2,TSRYS5810883,D,S,T,2024-05-31,1000000.00,4.729606,98.65625
08:47:30,912810UB2,TSRYS5810883,D,S,D,2024-05-31,1000000.00,4.731758,98.62890625
08:47:32,912810UB2,TSRYS5810883,D,S,C,2024-05-31,1000000.00,4.730528,98.64453125
08:47:32,912810UB2,TSRYS5810883,D,S,D,2024-05-31,1000000.00,4.730528,98.64453125
08:47:32,912810UB2,TSRYS5810883,D,S,D,2024-05-31,1000000.00,4.730835,98.640625
08:47:32,912810UB2,TSRYS5810883,D,S,D,2024-05-31,1000000.00,4.730528,98.64453125
08:47:32,912810UB2,TSRYS5810883,D,S,D,2024-05-31,1000000.00,4.730528,98.64453125
08:47:32,912810UB2,TSRYS5810883,D,S,C,2024-05-31,1000000.00,4.730835,98.640625
08:47:38,912810UB2,TSRYS5810883,D,S,D,2024-05-31,1000000.00,4.730528,98.64453125
08:47:38,912810UB2,TSRYS5810883,D,S,C,2024-05-31,1000000.00,4.730528,98.64453125
08:47:39,912810UB2,TSRYS5810883,D,S,C,2024-05-31,1000000.00,4.73145,98.6328125
08:47:39,912810UB2,TSRYS5810883,D,S,C,2024-05-31,1000000.00,4.730835,98.640625
08:47:42,912810UB2,TSRYS5810883,D,S,T,2024-05-31,1000000.00,4.728991,98.6640625
08:47:42,912810UB2,TSRYS5810883,D,S,T,2024-05-31,1000000.00,4.728991,98.6640625
08:47:42,912810UB2,TSRYS5810883,D,S,D,2024-05-31,1000000.00,4.728991,98.6640625
08:47:42,912810UB2,TSRYS5810883,D,S,T,2024-05-31,1000000.00,4.728991,98.6640625
08:47:44,912810UB2,TSRYS5810883,D,S,T,2024-05-31,1000000.00,4.729298,98.66015625
08:47:45,912810UB2,TSRYS5810883,D,S,D,2024-05-31,1000000.00,4.729298,98.66015625
08:47:55,912810UB2,TSRYS5810883,D,S,T,2024-05-31,1000000.00,4.730682,98.64257812
08:47:56,912810UB2,TSRYS5810883,D,S,D,2024-05-31,2000000.00,4.730835,98.640625
08:48:03,912810UB2,TSRYS5810883,D,S,C,2024-05-31,1000000.00,4.729606,98.65625
08:48:03,912810UB2,TSRYS5810883,D,B,C,2024-05-31,1000000.00,4.729606,98.65625
08:48:13,912810UB2,TSRYS5810883,D,S,T,2024-05-31,2000000.00,4.730835,98.640625
08:48:18,912810UB2,TSRYS5810883,D,B,C,2024-05-31,1000000.00,4.729606,98.65625
08:48:18,912810UB2,TSRYS5810883,D,S,C,2024-05-31,1000000.00,4.729594,98.6564
08:48:18,912810UB2,TSRYS5810883,D,S,C,2024-05-31,1000000.00,4.729594,98.6564
08:48:19,912810UB2,TSRYS5810883,D,S,C,2024-05-31,1000000.00,4.72959,98.65645
08:48:37,912810UB2,TSRYS5810883,D,B,C,2024-05-31,1000000.00,4.729622,98.65605
08:48:37,912810UB2,TSRYS5810883,D,B,C,2024-05-31,1000000.00,4.729606,98.65625
08:48:37,912810UB2,TSRYS5810883,D,S,C,2024-05-31,1000000.00,4.729606,98.65625
08:48:37,912810UB2,TSRYS5810883,D,S,C,2024-05-31,1000000.00,4.729592,98.656425
08:48:39,912810UB2,TSRYS5810883,D,S,T,2024-05-31,1000000.00,4.725918,98.703125
08:48:41,912810UB2,TSRYS5810883,D,S,D,2024-05-31,1000000.00,4.725918,98.703125
08:48:41,912810UB2,TSRYS5810883,D,S,D,2024-05-31,1000000.00,4.725918,98.703125
08:48:42,912810UB2,TSRYS5810883,D,S,T,2024-05-31,1000000.00,4.725918,98.703125
08:48:42,912810UB2,TSRYS5810883,D,S,D,2024-05-31,1000000.00,4.728991,98.6640625
08:48:42,912810UB2,TSRYS5810883,D,S,D,2024-05-31,1000000.00,4.725918,98.703125
08:48:42,912810UB2,TSRYS5810883,D,S,D,2024-05-31,1000000.00,4.725918,98.703125
08:48:43,912810UB2,TSRYS5810883,D,S,D,2024-05-31,1000000.00,4.725918,98.703125
08:48:43,912810UB2,TSRYS5810883,D,S,D,2024-05-31,1000000.00,4.725918,98.703125
08:48:44,912810UB2,TSRYS5810883,D,S,T,2024-05-31,1000000.00,4.725918,98.703125
08:48:45,912810UB2,TSRYS5810883,D,S,D,2024-05-31,1000000.00,4.729452,98.65820312
08:48:47,912810UB2,TSRYS5810883,D,B,C,2024-05-31,1000000.00,4.726533,98.6953125
08:48:47,912810UB2,TSRYS5810883,D,S,C,2024-05-31,1000000.00,4.726533,98.6953125
08:48:50,912810UB2,TSRYS5810883,D,S,C,2024-05-31,1000000.00,4.729606,98.65625
08:48:50,912810UB2,TSRYS5810883,D,B,C,2024-05-31,1000000.00,4.729629,98.65595
08:48:52,912810UB2,TSRYS5810883,D,S,C,2024-05-31,1000000.00,4.727147,98.6875
08:49:03,912810UB2,TSRYS5810883,D,S,D,2024-05-31,1000000.00,4.725918,98.703125
08:49:03,912810UB2,TSRYS5810883,D,S,D,2024-05-31,1000000.00,4.727147,98.6875
08:49:03,912810UB2,TSRYS5810883,D,S,D,2024-05-31,1000000.00,4.725918,98.703125
08:49:03,912810UB2,TSRYS5810883,D,S,T,2024-05-31,1000000.00,4.72593,98.702975
08:49:03,912810UB2,TSRYS5810883,D,S,D,2024-05-31,1000000.00,4.725918,98.703125
08:49:03,912810UB2,TSRYS5810883,D,S,D,2024-05-31,1000000.00,4.725918,98.703125
08:49:03,912810UB2,TSRYS5810883,D,S,T,2024-05-31,1000000.00,4.72593,98.702975
08:49:11,912810UB2,TSRYS5810883,D,S,C,2024-05-31,1000000.00,4.727762,98.6796875
08:49:12,912810UB2,TSRYS5810883,D,S,T,2024-05-31,1000000.00,4.727147,98.6875
08:49:19,912810UB2,TSRYS5810883,D,S,C,2024-05-31,1000000.00,4.726994,98.689453125
08:49:20,912810UB2,TSRYS5810883,D,S,C,2024-05-31,1000000.00,4.725918,98.703125
08:49:21,912810UB2,TSRYS5810883,D,S,C,2024-05-31,1000000.00,4.725918,98.703125
08:49:21,912810UB2,TSRYS5810883,D,S,C,2024-05-31,1000000.00,4.725905,98.7033
08:49:21,912810UB2,TSRYS5810883,D,S,C,2024-05-31,1000000.00,4.725918,98.703125
08:49:38,912810UB2,TSRYS5810883,D,S,C,2024-05-31,1000000.00,4.725905,98.7033
08:49:38,912810UB2,TSRYS5810883,D,S,C,2024-05-31,1000000.00,4.725905,98.7033
08:49:38,912810UB2,TSRYS5810883,D,B,C,2024-05-31,1000000.00,4.725918,98.703125
08:49:38,912810UB2,TSRYS5810883,D,B,C,2024-05-31,1000000.00,4.725918,98.703125
08:49:38,912810UB2,TSRYS5810883,D,S,C,2024-05-31,1000000.00,4.725918,98.703125
08:49:38,912810UB2,TSRYS5810883,D,B,C,2024-05-31,1000000.00,4.725918,98.703125
08:49:38,912810UB2,TSRYS5810883,D,S,C,2024-05-31,1000000.00,4.725905,98.7033
08:49:39,912810UB2,TSRYS5810883,D,S,T,2024-05-31,1000000.00,4.727147,98.6875
08:49:39,912810UB2,TSRYS5810883,D,S,T,2024-05-31,1000000.00,4.727147,98.6875
08:49:40,912810UB2,TSRYS5810883,D,S,D,2024-05-31,1000000.00,4.727762,98.6796875
08:49:44,912810UB2,TSRYS5810883,D,S,D,2024-05-31,1000000.00,4.729606,98.65625
08:49:44,912810UB2,TSRYS5810883,D,S,D,2024-05-31,1000000.00,4.729606,98.65625
08:49:44,912810UB2,TSRYS5810883,D,S,C,2024-05-31,1000000.00,4.729452,98.658203125
08:49:46,912810UB2,TSRYS5810883,D,S,T,2024-05-31,1000000.00,4.729452,98.658203125
08:49:49,912810UB2,TSRYS5810883,D,S,T,2024-05-31,1000000.00,4.726994,98.68945312
08:49:55,912810UB2,TSRYS5810883,D,S,C,2024-05-31,1000000.00,4.729444,98.658303125
08:49:56,912810UB2,TSRYS5810883,D,S,T,2024-05-31,1000000.00,4.729452,98.658203125
08:49:59,912810UB2,TSRYS5810883,D,S,T,2024-05-31,1000000.00,4.729606,98.65625
08:50:08,912810UB2,TSRYS5810883,D,S,D,2024-05-31,1000000.00,4.729606,98.65625
08:50:08,912810UB2,TSRYS5810883,D,S,C,2024-05-31,1000000.00,4.727147,98.6875
08:50:11,912810UB2,TSRYS5810883,D,S,C,2024-05-31,1000000.00,4.729905,98.65244375
08:50:11,912810UB2,TSRYS5810883,D,B,C,2024-05-31,1000000.00,4.729921,98.65224375
08:50:13,912810UB2,TSRYS5810883,D,S,D,2024-05-31,1000000.00,4.728376,98.671875
08:50:15,912810UB2,TSRYS5810883,D,S,C,2024-05-31,1000000.00,4.730366,98.646584375
08:50:15,912810UB2,TSRYS5810883,D,B,C,2024-05-31,1000000.00,4.730374,98.646484375
08:50:20,912810UB2,TSRYS5810883,D,S,C,2024-05-31,1000000.00,4.727147,98.6875
