tradeTime,cusip,issueSymbolIdentifier,priceType,reportingSideCode,contraPartyTypeCode,tradeDate,reportedTradeVolume,lastSaleYield,lastSalePrice
08:00:02,912810UB2,TSRYS5810883,D,S,D,2024-08-20,1000000.00,4.235391,105.169921875
08:00:02,912810UB2,TSRYS5810883,D,S,D,2024-08-20,1000000.00,4.235391,105.169921875
08:00:02,912810UB2,TSRYS5810883,D,S,D,2024-08-20,1000000.00,4.235391,105.169921875
08:00:02,912810UB2,TSRYS5810883,D,S,C,2024-08-20,1000000.00,4.23966,105.111328125
08:00:02,912810UB2,TSRYS5810883,D,S,C,2024-08-20,1000000.00,4.23966,105.111328125
08:00:02,912810UB2,TSRYS5810883,D,S,C,2024-08-20,1000000.00,4.23966,105.111328125
08:00:02,912810UB2,TSRYS5810883,D,S,D,2024-08-20,1000000.00,4.240087,105.10546875
08:00:02,912810UB2,TSRYS5810883,D,S,C,2024-08-20,1000000.00,4.243505,105.05859375
08:00:02,912810UB2,TSRYS5810883,D,S,D,2024-08-20,1000000.00,4.234965,105.17578125
08:00:02,912810UB2,TSRYS5810883,D,S,D,2024-08-20,1000000.00,4.232689,105.20703125
08:00:02,912810UB2,TSRYS5810883,D,S,T,2024-08-20,1000000.00,4.232121,105.21484375
08:00:02,912810UB2,TSRYS5810883,D,S,T,2024-08-20,1000000.00,4.232121,105.21484375
08:00:02,912810UB2,TSRYS5810883,D,S,T,2024-08-20,1000000.00,4.232121,105.21484375
08:00:02,912810UB2,TSRYS5810883,D,S,T,2024-08-20,1000000.00,4.232121,105.21484375
08:00:02,912810UB2,TSRYS5810883,D,S,T,2024-08-20,1000000.00,4.233258,105.19921875
08:00:02,912810UB2,TSRYS5810883,D,S,D,2024-08-20,1000000.00,4.233258,105.19921875
08:00:02,912810UB2,TSRYS5810883,D,S,D,2024-08-20,1000000.00,4.232832,105.205078125
08:00:02,912810UB2,TSRYS5810883,D,S,D,2024-08-20,1000000.00,4.232832,105.205078125
08:00:02,912810UB2,TSRYS5810883,D,S,T,2024-08-20,1000000.00,4.233258,105.19921875
08:00:02,912810UB2,TSRYS5810883,D,S,D,2024-08-20,1000000.00,4.233258,105.19921875
08:00:02,912810UB2,TSRYS5810883,D,S,T,2024-08-20,1000000.00,4.223313,105.3359375
08:00:02,912810UB2,TSRYS5810883,D,B,C,2024-08-20,1000000.00,4.231694,105.220703125
08:00:02,912810UB2,TSRYS5810883,D,B,C,2024-08-20,1000000.00,4.231694,105.220703125
08:00:02,912810UB2,TSRYS5810883,D,B,C,2024-08-20,1000000.00,4.231694,105.220703125
08:00:02,912810UB2,TSRYS5810883,D,B,C,2024-08-20,1000000.00,4.231694,105.220703125
08:00:02,912810UB2,TSRYS5810883,D,B,C,2024-08-20,1000000.00,4.231694,105.220703125
08:00:02,912810UB2,TSRYS5810883,D,S,T,2024-08-20,1000000.00,4.23141,105.224609375
08:00:02,912810UB2,TSRYS5810883,D,B,C,2024-08-20,1000000.00,4.231694,105.220703125
08:00:02,912810UB2,TSRYS5810883,D,S,T,2024-08-20,1000000.00,4.23141,105.224609375
08:00:02,912810UB2,TSRYS5810883,D,S,D,2024-08-20,1000000.00,4.238095,105.1328125
08:00:02,912810UB2,TSRYS5810883,D,S,D,2024-08-20,1000000.00,4.238095,105.1328125
08:00:02,912810UB2,TSRYS5810883,D,S,D,2024-08-20,1000000.00,4.237525,105.140625
08:00:02,912810UB2,TSRYS5810883,D,S,T,2024-08-20,1000000.00,4.241511,105.0859375
08:00:02,912810UB2,TSRYS5810883,D,S,D,2024-08-20,1000000.00,4.241511,105.0859375
08:00:02,912810UB2,TSRYS5810883,D,S,D,2024-08-20,500000.00,4.235249,105.171875
08:00:02,912810UB2,TSRYS5810883,D,S,D,2024-08-20,700000.00,4.236956,105.1484375
08:00:02,912810UB2,TSRYS5810883,D,S,D,2024-08-20,515000.00,4.233543,105.1953125
08:00:05,912810UB2,TSRYS5810883,D,S,C,2024-08-20,97000.00,4.232974,105.20827963918
08:00:12,912810UB2,TSRYS5810883,D,S,T,2024-08-20,1000000.00,4.246639,105.015625
08:00:12,912810UB2,TSRYS5810883,D,S,T,2024-08-20,1000000.00,4.245499,105.03125
08:00:12,912810UB2,TSRYS5810883,D,S,T,2024-08-20,1000000.00,4.245499,105.03125
08:00:12,912810UB2,TSRYS5810883,D,S,T,2024-08-20,1000000.00,4.223881,105.328125
08:00:12,912810UB2,TSRYS5810883,D,S,T,2024-08-20,1000000.00,4.237525,105.140625
08:00:16,912810UB2,TSRYS5810883,D,S,T,2024-08-20,1000000.00,4.239803,105.109375
08:00:17,912810UB2,TSRYS5810883,D,S,T,2024-08-20,2000000.00,4.240087,105.10546875
08:00:17,912810UB2,TSRYS5810883,D,S,T,2024-08-20,1000000.00,4.240087,105.10546875
08:00:17,912810UB2,TSRYS5810883,D,S,T,2024-08-20,2000000.00,4.239945,105.107421875
08:00:17,912810UB2,TSRYS5810883,D,S,T,2024-08-20,1000000.00,4.240372,105.1015625
08:00:17,912810UB2,TSRYS5810883,D,S,T,2024-08-20,1000000.00,4.240372,105.1015625
08:00:17,912810UB2,TSRYS5810883,D,S,T,2024-08-20,1000000.00,4.239945,105.107421875
08:00:17,912810UB2,TSRYS5810883,D,S,T,2024-08-20,1000000.00,4.240372,105.1015625
08:00:17,912810UB2,TSRYS5810883,D,S,T,2024-08-20,1000000.00,4.240372,105.1015625
08:00:17,912810UB2,TSRYS5810883,D,S,T,2024-08-20,1000000.00,4.239945,105.107421875
08:00:17,912810UB2,TSRYS5810883,D,S,T,2024-08-20,1000000.00,4.239945,105.107421875
08:00:17,912810UB2,TSRYS5810883,D,S,T,2024-08-20,1000000.00,4.240087,105.10546875
08:00:17,912810UB2,TSRYS5810883,D,S,C,2024-08-20,2000000.00,4.245499,105.03125
08:00:18,912810UB2,TSRYS5810883,D,S,D,2024-08-20,1000000.00,4.245499,105.03125
08:00:18,912810UB2,TSRYS5810883,D,S,D,2024-08-20,2000000.00,4.245499,105.03125
08:00:21,912810UB2,TSRYS5810883,D,S,D,2024-08-20,2000000.00,,105.03125
08:00:22,912810UB2,TSRYS5810883,D,B,A,2024-08-20,4000000.00,4.240941,105.09375
08:00:22,912810UB2,TSRYS5810883,D,B,A,2024-08-20,200000.00,4.24322,105.0625
08:00:25,912810UB2,TSRYS5810883,D,S,D,2024-08-20,1000000.00,4.234965,105.17578125
08:00:25,912810UB2,TSRYS5810883,D,S,D,2024-08-20,1000000.00,4.235249,105.171875
08:00:25,912810UB2,TSRYS5810883,D,S,D,2024-08-20,1000000.00,4.235249,105.171875
08:00:28,912810UB2,TSRYS5810883,D,S,D,2024-08-20,1000000.00,4.232974,105.203125
08:00:29,912810UB2,TSRYS5810883,D,S,T,2024-08-20,1000000.00,4.231836,105.21875
08:00:29,912810UB2,TSRYS5810883,D,S,T,2024-08-20,1000000.00,4.231836,105.21875
08:00:29,912810UB2,TSRYS5810883,D,S,T,2024-08-20,1000000.00,4.231836,105.21875
08:00:29,912810UB2,TSRYS5810883,D,S,T,2024-08-20,1000000.00,4.238664,105.125
08:00:29,912810UB2,TSRYS5810883,D,S,T,2024-08-20,1000000.00,4.238664,105.125
08:00:29,912810UB2,TSRYS5810883,D,S,T,2024-08-20,1000000.00,4.238664,105.125
08:00:29,912810UB2,TSRYS5810883,D,S,T,2024-08-20,1000000.00,4.238664,105.125
08:00:29,912810UB2,TSRYS5810883,D,S,T,2024-08-20,1000000.00,4.238664,105.125
08:00:29,912810UB2,TSRYS5810883,D,S,D,2024-08-20,1000000.00,4.246639,105.015625
08:00:29,912810UB2,TSRYS5810883,D,S,T,2024-08-20,1000000.00,4.230699,105.234375
08:00:29,912810UB2,TSRYS5810883,D,S,T,2024-08-20,1000000.00,4.230699,105.234375
08:00:30,912810UB2,TSRYS5810883,D,S,T,2024-08-20,1000000.00,4.231979,105.216796875
08:00:30,912810UB2,TSRYS5810883,D,S,T,2024-08-20,1000000.00,4.231836,105.21875
08:00:30,912810UB2,TSRYS5810883,D,S,T,2024-08-20,1000000.00,4.240514,105.099609375
08:00:30,912810UB2,TSRYS5810883,D,S,T,2024-08-20,1000000.00,4.240372,105.1015625
08:00:30,912810UB2,TSRYS5810883,D,S,T,2024-08-20,1000000.00,4.240372,105.1015625
08:00:30,912810UB2,TSRYS5810883,D,S,D,2024-08-20,1000000.00,4.243505,105.05859375
08:00:30,912810UB2,TSRYS5810883,D,S,D,2024-08-20,1000000.00,4.243505,105.05859375
08:00:30,912810UB2,TSRYS5810883,D,S,D,2024-08-20,2000000.00,4.247494,105.00390625
08:00:30,912810UB2,TSRYS5810883,D,S,D,2024-08-20,2000000.00,4.247494,105.00390625
08:00:30,912810UB2,TSRYS5810883,D,S,T,2024-08-20,1000000.00,4.246639,105.015625
08:00:30,912810UB2,TSRYS5810883,D,S,T,2024-08-20,1000000.00,4.246639,105.015625
08:00:30,912810UB2,TSRYS5810883,D,S,T,2024-08-20,1000000.00,4.246639,105.015625
08:00:30,912810UB2,TSRYS5810883,D,S,T,2024-08-20,1000000.00,4.246782,105.013671875
08:00:30,912810UB2,TSRYS5810883,D,S,T,2024-08-20,1000000.00,4.246639,105.015625
08:00:30,912810UB2,TSRYS5810883,D,S,T,2024-08-20,1000000.00,4.246639,105.015625
08:00:30,912810UB2,TSRYS5810883,D,S,T,2024-08-20,1000000.00,4.246639,105.015625
08:00:30,912810UB2,TSRYS5810883,D,S,T,2024-08-20,1000000.00,4.246639,105.015625
08:00:30,912810UB2,TSRYS5810883,D,S,T,2024-08-20,1000000.00,4.246639,105.015625
08:00:30,912810UB2,TSRYS5810883,D,S,T,2024-08-20,1000000.00,4.246639,105.015625
08:00:30,912810UB2,TSRYS5810883,D,S,T,2024-08-20,1000000.00,4.24322,105.0625
08:00:30,912810UB2,TSRYS5810883,D,S,T,2024-08-20,1000000.00,4.24322,105.0625
08:00:30,912810UB2,TSRYS5810883,D,S,T,2024-08-20,1000000.00,4.240799,105.095703125
08:00:30,912810UB2,TSRYS5810883,D,S,T,2024-08-20,1000000.00,4.240941,105.09375
08:00:30,912810UB2,TSRYS5810883,D,S,T,2024-08-20,1000000.00,4.239803,105.109375
08:00:30,912810UB2,TSRYS5810883,D,S,T,2024-08-20,1000000.00,4.240941,105.09375
08:00:30,912810UB2,TSRYS5810883,D,S,T,2024-08-20,1000000.00,4.240941,105.09375
08:00:30,912810UB2,TSRYS5810883,D,S,T,2024-08-20,1000000.00,4.237525,105.140625
08:00:30,912810UB2,TSRYS5810883,D,S,T,2024-08-20,1000000.00,4.231836,105.21875
08:00:30,912810UB2,TSRYS5810883,D,S,T,2024-08-20,1000000.00,4.231836,105.21875
08:00:30,912810UB2,TSRYS5810883,D,S,T,2024-08-20,1000000.00,4.231836,105.21875
08:00:30,912810UB2,TSRYS5810883,D,S,T,2024-08-20,1000000.00,4.231836,105.21875
08:00:30,912810UB2,TSRYS5810883,D,S,T,2024-08-20,1000000.00,4.231836,105.21875
08:00:30,912810UB2,TSRYS5810883,D,S,T,2024-08-20,1000000.00,4.231836,105.21875
08:00:30,912810UB2,TSRYS5810883,D,S,T,2024-08-20,1000000.00,4.231836,105.21875
08:00:30,912810UB2,TSRYS5810883,D,S,T,2024-08-20,1000000.00,4.231836,105.21875
08:00:30,912810UB2,TSRYS5810883,D,S,T,2024-08-20,1000000.00,4.231836,105.21875
08:00:30,912810UB2,TSRYS5810883,D,S,T,2024-08-20,1000000.00,4.231836,105.21875
08:00:30,912810UB2,TSRYS5810883,D,S,T,2024-08-20,1000000.00,4.231836,105.21875
08:00:30,912810UB2,TSRYS5810883,D,S,T,2024-08-20,1000000.00,4.231836,105.21875
08:00:30,912810UB2,TSRYS5810883,D,S,T,2024-08-20,1000000.00,4.232974,105.203125
08:00:30,912810UB2,TSRYS5810883,D,S,T,2024-08-20,1000000.00,4.232974,105.203125
08:00:30,912810UB2,TSRYS5810883,D,S,T,2024-08-20,1000000.00,4.232974,105.203125
08:00:30,912810UB2,TSRYS5810883,D,S,T,2024-08-20,1000000.00,4.232974,105.203125
08:00:30,912810UB2,TSRYS5810883,D,S,T,2024-08-20,1000000.00,4.232974,105.203125
08:00:30,912810UB2,TSRYS5810883,D,S,T,2024-08-20,1000000.00,4.228426,105.265625
08:00:30,912810UB2,TSRYS5810883,D,S,T,2024-08-20,1000000.00,4.228426,105.265625
08:00:30,912810UB2,TSRYS5810883,D,S,T,2024-08-20,1000000.00,4.228426,105.265625
08:00:30,912810UB2,TSRYS5810883,D,S,T,2024-08-20,1000000.00,4.228426,105.265625
08:00:30,912810UB2,TSRYS5810883,D,S,T,2024-08-20,1000000.00,4.228426,105.265625
08:00:30,912810UB2,TSRYS5810883,D,S,T,2024-08-20,1000000.00,4.232121,105.21484375
08:00:30,912810UB2,TSRYS5810883,D,S,T,2024-08-20,1000000.00,4.232121,105.21484375
08:00:30,912810UB2,TSRYS5810883,D,S,T,2024-08-20,1000000.00,4.231836,105.21875
08:00:30,912810UB2,TSRYS5810883,D,S,T,2024-08-20,1000000.00,4.232974,105.203125
08:00:30,912810UB2,TSRYS5810883,D,S,T,2024-08-20,1000000.00,4.234111,105.1875
08:00:30,912810UB2,TSRYS5810883,D,S,T,2024-08-20,1000000.00,4.229562,105.25
08:00:31,912810UB2,TSRYS5810883,D,S,T,2024-08-20,1000000.00,4.223313,105.3359375
08:00:31,912810UB2,TSRYS5810883,D,S,T,2024-08-20,1000000.00,4.223881,105.328125
08:00:31,912810UB2,TSRYS5810883,D,S,D,2024-08-20,1000000.00,4.223313,105.3359375
08:00:31,912810UB2,TSRYS5810883,D,S,T,2024-08-20,1000000.00,4.226153,105.296875
08:00:31,912810UB2,TSRYS5810883,D,S,T,2024-08-20,1000000.00,4.228426,105.265625
08:00:31,912810UB2,TSRYS5810883,D,S,T,2024-08-20,1000000.00,4.231126,105.228515625
08:00:31,912810UB2,TSRYS5810883,D,S,T,2024-08-20,1000000.00,4.230984,105.23046875
08:00:31,912810UB2,TSRYS5810883,D,S,T,2024-08-20,1000000.00,4.230841,105.232421875
08:00:31,912810UB2,TSRYS5810883,D,S,T,2024-08-20,1000000.00,4.230841,105.232421875
08:00:31,912810UB2,TSRYS5810883,D,S,T,2024-08-20,1000000.00,4.230841,105.232421875
08:00:31,912810UB2,TSRYS5810883,D,S,T,2024-08-20,1000000.00,4.234111,105.1875
08:00:31,912810UB2,TSRYS5810883,D,S,T,2024-08-20,1000000.00,4.238664,105.125
08:00:31,912810UB2,TSRYS5810883,D,S,T,2024-08-20,1000000.00,4.238664,105.125
08:00:31,912810UB2,TSRYS5810883,D,S,T,2024-08-20,1000000.00,4.238664,105.125
08:00:31,912810UB2,TSRYS5810883,D,S,T,2024-08-20,1000000.00,4.239803,105.109375
08:00:31,912810UB2,TSRYS5810883,D,S,T,2024-08-20,1000000.00,4.239803,105.109375
08:00:31,912810UB2,TSRYS5810883,D,S,T,2024-08-20,1000000.00,4.240514,105.099609375
08:00:31,912810UB2,TSRYS5810883,D,S,T,2024-08-20,1000000.00,4.235249,105.171875
08:00:31,912810UB2,TSRYS5810883,D,S,T,2024-08-20,1000000.00,4.234111,105.1875
08:00:31,912810UB2,TSRYS5810883,D,S,T,2024-08-20,1000000.00,4.230699,105.234375
08:00:31,912810UB2,TSRYS5810883,D,S,T,2024-08-20,1000000.00,4.234111,105.1875
08:00:31,912810UB2,TSRYS5810883,D,S,T,2024-08-20,1000000.00,4.234111,105.1875
08:00:31,912810UB2,TSRYS5810883,D,S,T,2024-08-20,1000000.00,4.234538,105.181640625
08:00:31,912810UB2,TSRYS5810883,D,S,T,2024-08-20,1000000.00,4.237668,105.138671875
08:00:31,912810UB2,TSRYS5810883,D,S,T,2024-08-20,1000000.00,4.234111,105.1875
08:00:31,912810UB2,TSRYS5810883,D,S,D,2024-08-20,1000000.00,4.241511,105.0859375
08:00:31,912810UB2,TSRYS5810883,D,S,D,2024-08-20,1000000.00,4.24322,105.0625
08:00:31,912810UB2,TSRYS5810883,D,S,D,2024-08-20,1000000.00,4.247494,105.00390625
08:00:31,912810UB2,TSRYS5810883,D,S,D,2024-08-20,1000000.00,4.247494,105.00390625
08:00:31,912810UB2,TSRYS5810883,D,S,D,2024-08-20,1000000.00,4.245499,105.03125
08:00:31,912810UB2,TSRYS5810883,D,S,D,2024-08-20,1000000.00,4.246354,105.01953125
08:00:31,912810UB2,TSRYS5810883,D,S,D,2024-08-20,1000000.00,4.245784,105.02734375
08:00:31,912810UB2,TSRYS5810883,D,S,D,2024-08-20,1000000.00,4.245499,105.03125
08:00:31,912810UB2,TSRYS5810883,D,S,D,2024-08-20,1000000.00,4.246069,105.0234375
08:00:31,912810UB2,TSRYS5810883,D,S,D,2024-08-20,1000000.00,4.234965,105.17578125
08:00:31,912810UB2,TSRYS5810883,D,S,D,2024-08-20,1000000.00,4.235249,105.171875
08:00:31,912810UB2,TSRYS5810883,D,S,D,2024-08-20,1000000.00,4.235249,105.171875
08:00:31,912810UB2,TSRYS5810883,D,S,D,2024-08-20,1000000.00,4.232974,105.203125
08:00:31,912810UB2,TSRYS5810883,D,S,D,2024-08-20,1000000.00,4.232121,105.21484375
08:00:31,912810UB2,TSRYS5810883,D,S,D,2024-08-20,1000000.00,4.223313,105.3359375
08:00:31,912810UB2,TSRYS5810883,D,S,T,2024-08-20,1000000.00,4.24322,105.0625
08:00:31,912810UB2,TSRYS5810883,D,S,D,2024-08-20,1000000.00,4.238664,105.125
08:00:31,912810UB2,TSRYS5810883,D,S,D,2024-08-20,1000000.00,4.240941,105.09375
08:00:31,912810UB2,TSRYS5810883,D,S,C,2024-08-20,630000.00,4.245784,105.02734375
08:00:31,912810UB2,TSRYS5810883,D,S,D,2024-08-20,1000000.00,4.24322,105.0625
08:00:31,912810UB2,TSRYS5810883,D,S,D,2024-08-20,1000000.00,4.24322,105.0625
08:00:31,912810UB2,TSRYS5810883,D,S,D,2024-08-20,1000000.00,4.24322,105.0625
08:00:31,912810UB2,TSRYS5810883,D,S,D,2024-08-20,1000000.00,4.24322,105.0625
08:00:31,912810UB2,TSRYS5810883,D,S,C,2024-08-20,100000.00,4.241796,105.08203125
08:00:31,912810UB2,TSRYS5810883,D,S,D,2024-08-20,1000000.00,4.232263,105.212890625
08:00:31,912810UB2,TSRYS5810883,D,S,D,2024-08-20,1000000.00,4.232121,105.21484375
08:00:31,912810UB2,TSRYS5810883,D,S,A,2024-08-20,301000.00,4.238664,105.125
08:00:31,912810UB2,TSRYS5810883,D,S,A,2024-08-20,190000.00,4.231268,105.2265625
08:00:31,912810UB2,TSRYS5810883,D,S,C,2024-08-20,2200000.00,4.228994,105.2578125
08:00:31,912810UB2,TSRYS5810883,D,S,D,2024-08-20,1000000.00,4.238522,105.126953125
08:00:31,912810UB2,TSRYS5810883,D,S,D,2024-08-20,1000000.00,4.238379,105.12890625
08:00:31,912810UB2,TSRYS5810883,D,S,D,2024-08-20,1000000.00,4.238095,105.1328125
08:00:31,912810UB2,TSRYS5810883,D,S,D,2024-08-20,1000000.00,4.240799,105.095703125
08:00:31,912810UB2,TSRYS5810883,D,S,D,2024-08-20,1000000.00,4.240087,105.10546875
08:00:31,912810UB2,TSRYS5810883,D,S,C,2024-08-20,1620000.00,4.227857,105.2734375
08:00:31,912810UB2,TSRYS5810883,D,S,D,2024-08-20,1000000.00,4.230273,105.240234375
08:00:31,912810UB2,TSRYS5810883,D,S,D,2024-08-20,1000000.00,4.230273,105.240234375
08:00:31,912810UB2,TSRYS5810883,D,S,D,2024-08-20,1000000.00,4.232547,105.208984375
08:00:31,912810UB2,TSRYS5810883,D,S,D,2024-08-20,1000000.00,4.232547,105.208984375
08:00:32,912810UB2,TSRYS5810883,D,S,C,2024-08-20,12000000.00,4.238949,105.12109375
08:00:32,912810UB2,TSRYS5810883,D,S,T,2024-08-20,1000000.00,4.240372,105.1015625
08:00:32,912810UB2,TSRYS5810883,D,S,T,2024-08-20,1000000.00,4.240372,105.1015625
08:00:32,912810UB2,TSRYS5810883,D,S,T,2024-08-20,1000000.00,4.24322,105.0625
08:00:32,912810UB2,TSRYS5810883,D,S,T,2024-08-20,1000000.00,4.24322,105.0625
08:00:32,912810UB2,TSRYS5810883,D,S,C,2024-08-20,2523000.00,4.230699,105.234375
08:00:32,912810UB2,TSRYS5810883,D,S,T,2024-08-20,1000000.00,4.235391,105.169921875
08:00:32,912810UB2,TSRYS5810883,D,S,T,2024-08-20,2000000.00,4.235818,105.1640625
08:00:32,912810UB2,TSRYS5810883,D,S,T,2024-08-20,1000000.00,4.236387,105.15625
08:00:32,912810UB2,TSRYS5810883,D,S,T,2024-08-20,1000000.00,4.235249,105.171875
08:00:32,912810UB2,TSRYS5810883,D,S,T,2024-08-20,1000000.00,4.235107,105.173828125
08:00:32,912810UB2,TSRYS5810883,D,S,T,2024-08-20,1000000.00,4.235107,105.173828125
08:00:32,912810UB2,TSRYS5810883,D,S,T,2024-08-20,1000000.00,4.245499,105.03125
08:00:32,912810UB2,TSRYS5810883,D,S,T,2024-08-20,1000000.00,4.246497,105.017578125
08:00:32,912810UB2,TSRYS5810883,D,S,T,2024-08-20,1000000.00,4.246354,105.01953125
08:00:32,912810UB2,TSRYS5810883,D,S,T,2024-08-20,1000000.00,4.246212,105.021484375
08:00:32,912810UB2,TSRYS5810883,D,S,T,2024-08-20,1000000.00,4.246069,105.0234375
08:00:32,912810UB2,TSRYS5810883,D,S,T,2024-08-20,1000000.00,4.245927,105.025390625
08:00:32,912810UB2,TSRYS5810883,D,S,T,2024-08-20,1000000.00,4.240799,105.095703125
08:00:32,912810UB2,TSRYS5810883,D,S,T,2024-08-20,1000000.00,4.232974,105.203125
08:00:32,912810UB2,TSRYS5810883,D,S,T,2024-08-20,1000000.00,4.230699,105.234375
08:00:32,912810UB2,TSRYS5810883,D,S,T,2024-08-20,1000000.00,4.232263,105.212890625
08:00:32,912810UB2,TSRYS5810883,D,S,T,2024-08-20,1000000.00,4.223313,105.3359375
08:00:32,912810UB2,TSRYS5810883,D,S,T,2024-08-20,1000000.00,4.226295,105.294921875
08:00:32,912810UB2,TSRYS5810883,D,S,T,2024-08-20,1000000.00,4.238522,105.126953125
08:00:32,912810UB2,TSRYS5810883,D,S,T,2024-08-20,1000000.00,4.237952,105.134765625
08:00:32,912810UB2,TSRYS5810883,D,S,T,2024-08-20,1000000.00,4.240087,105.10546875
08:00:32,912810UB2,TSRYS5810883,D,S,T,2024-08-20,1000000.00,4.232405,105.2109375
08:00:32,912810UB2,TSRYS5810883,D,S,T,2024-08-20,1000000.00,4.232405,105.2109375
08:00:32,912810UB2,TSRYS5810883,D,S,T,2024-08-20,1000000.00,4.232547,105.208984375
08:00:32,912810UB2,TSRYS5810883,D,S,T,2024-08-20,1000000.00,4.232405,105.2109375
08:00:32,912810UB2,TSRYS5810883,D,S,T,2024-08-20,1000000.00,4.232405,105.2109375
08:00:32,912810UB2,TSRYS5810883,D,S,T,2024-08-20,1000000.00,4.232405,105.2109375
08:00:32,912810UB2,TSRYS5810883,D,S,T,2024-08-20,1000000.00,4.232405,105.2109375
08:00:32,912810UB2,TSRYS5810883,D,S,T,2024-08-20,2000000.00,4.233116,105.201171875
08:00:32,912810UB2,TSRYS5810883,D,S,T,2024-08-20,2000000.00,4.234538,105.181640625
08:00:32,912810UB2,TSRYS5810883,D,S,T,2024-08-20,2000000.00,4.234538,105.181640625
08:00:32,912810UB2,TSRYS5810883,D,S,T,2024-08-20,2000000.00,4.234538,105.181640625
08:00:32,912810UB2,TSRYS5810883,D,S,T,2024-08-20,2000000.00,4.234538,105.181640625
08:00:32,912810UB2,TSRYS5810883,D,S,T,2024-08-20,1000000.00,4.234822,105.177734375
08:00:32,912810UB2,TSRYS5810883,D,S,T,2024-08-20,1000000.00,4.234111,105.1875
08:00:32,912810UB2,TSRYS5810883,D,S,T,2024-08-20,1000000.00,4.233827,105.19140625
08:00:32,912810UB2,TSRYS5810883,D,S,T,2024-08-20,1000000.00,4.234111,105.1875
08:00:35,912810UB2,TSRYS5810883,D,S,D,2024-08-20,1000000.00,4.233827,105.19140625
08:00:35,912810UB2,TSRYS5810883,D,S,D,2024-08-20,1000000.00,4.234965,105.17578125
08:00:36,912810UB2,TSRYS5810883,D,S,A,2024-08-20,4000000.00,4.240941,105.09375
08:00:37,912810UB2,TSRYS5810883,D,B,A,2024-08-20,20000.00,4.242935,105.06640625
08:00:42,912810UB2,TSRYS5810883,D,S,C,2024-08-20,195000.00,4.234111,105.1875
08:00:43,912810UB2,TSRYS5810883,D,S,D,2024-08-20,1000000.00,4.236387,105.15625
08:00:43,912810UB2,TSRYS5810883,D,S,T,2024-08-20,1000000.00,4.236387,105.15625
08:00:46,912810UB2,TSRYS5810883,D,S,D,2024-08-20,195000.00,,105.1875
08:00:47,912810UB2,TSRYS5810883,D,S,D,2024-08-20,15000.00,4.243505,105.05859375
08:00:48,912810UB2,TSRYS5810883,D,S,D,2024-08-20,4000000.00,4.235569,105.16748
08:00:49,912810UB2,TSRYS5810883,D,S,D,2024-08-20,97000.00,4.232974,105.203125
08:00:50,912810UB2,TSRYS5810883,D,B,C,2024-08-20,7300000.00,4.231297,105.2261625
08:00:53,912810UB2,TSRYS5810883,D,S,T,2024-08-20,1000000.00,4.236387,105.15625
08:00:53,912810UB2,TSRYS5810883,D,S,T,2024-08-20,1000000.00,4.236245,105.158203125
08:00:57,912810UB2,TSRYS5810883,D,B,A,2024-08-20,5000000.00,4.236387,105.15625
08:01:00,912810UB2,TSRYS5810883,D,S,C,2024-08-20,1000000.00,4.243505,105.05859375
08:01:00,912810UB2,TSRYS5810883,D,S,C,2024-08-20,1000000.00,4.241511,105.0859375
08:01:00,912810UB2,TSRYS5810883,D,S,D,2024-08-20,1000000.00,4.244359,105.046875
08:01:00,912810UB2,TSRYS5810883,D,S,C,2024-08-20,1000000.00,4.243505,105.05859375
08:01:00,912810UB2,TSRYS5810883,D,S,T,2024-08-20,1000000.00,4.233552,105.1951875
08:01:00,912810UB2,TSRYS5810883,D,S,T,2024-08-20,2000000.00,4.233543,105.1953125
08:01:00,912810UB2,TSRYS5810883,D,S,C,2024-08-20,1000000.00,4.247494,105.00390625
08:01:00,912810UB2,TSRYS5810883,D,S,C,2024-08-20,2000000.00,4.247494,105.00390625
08:01:00,912810UB2,TSRYS5810883,D,S,C,2024-08-20,1000000.00,4.247494,105.00390625
08:01:00,912810UB2,TSRYS5810883,D,S,C,2024-08-20,2000000.00,4.247494,105.00390625
08:01:00,912810UB2,TSRYS5810883,D,S,D,2024-08-20,1000000.00,4.246639,105.015625
08:01:00,912810UB2,TSRYS5810883,D,S,T,2024-08-20,1000000.00,4.232121,105.21484375
08:01:00,912810UB2,TSRYS5810883,D,S,T,2024-08-20,1000000.00,4.232841,105.204953125
08:01:00,912810UB2,TSRYS5810883,D,S,T,2024-08-20,1000000.00,4.233685,105.193359375
08:01:00,912810UB2,TSRYS5810883,D,S,D,2024-08-20,1000000.00,4.245784,105.02734375
08:01:00,912810UB2,TSRYS5810883,D,S,T,2024-08-20,2000000.00,4.233543,105.1953125
08:01:00,912810UB2,TSRYS5810883,D,S,D,2024-08-20,1000000.00,4.246354,105.01953125
08:01:00,912810UB2,TSRYS5810883,D,S,D,2024-08-20,1000000.00,4.246069,105.0234375
08:01:00,912810UB2,TSRYS5810883,D,S,D,2024-08-20,1000000.00,4.245784,105.02734375
08:01:01,912810UB2,TSRYS5810883,D,S,D,2024-08-20,1000000.00,4.245499,105.03125
08:01:01,912810UB2,TSRYS5810883,D,B,C,2024-08-20,1000000.00,4.241796,105.08203125
08:01:01,912810UB2,TSRYS5810883,D,S,D,2024-08-20,1000000.00,4.241796,105.08203125
08:01:01,912810UB2,TSRYS5810883,D,S,D,2024-08-20,1000000.00,4.24265,105.0703125
08:01:01,912810UB2,TSRYS5810883,D,S,T,2024-08-20,1000000.00,4.233552,105.1951875
08:01:01,912810UB2,TSRYS5810883,D,S,C,2024-08-20,1000000.00,4.24322,105.0625
08:01:01,912810UB2,TSRYS5810883,D,S,D,2024-08-20,1000000.00,4.242935,105.06640625
08:01:01,912810UB2,TSRYS5810883,D,B,C,2024-08-20,1000000.00,4.242935,105.06640625
08:01:01,912810UB2,TSRYS5810883,D,S,D,2024-08-20,1000000.00,4.240372,105.1015625
08:01:01,912810UB2,TSRYS5810883,D,S,C,2024-08-20,1000000.00,4.240941,105.09375
08:01:01,912810UB2,TSRYS5810883,D,S,D,2024-08-20,1000000.00,4.237525,105.140625
08:01:01,912810UB2,TSRYS5810883,D,S,T,2024-08-20,1000000.00,4.233552,105.1951875
08:01:01,912810UB2,TSRYS5810883,D,S,D,2024-08-20,1000000.00,4.236387,105.15625
08:01:01,912810UB2,TSRYS5810883,D,S,D,2024-08-20,1000000.00,4.236956,105.1484375
08:01:01,912810UB2,TSRYS5810883,D,S,T,2024-08-20,1000000.00,4.245499,105.03125
08:01:01,912810UB2,TSRYS5810883,D,S,T,2024-08-20,1000000.00,4.245499,105.03125
08:01:01,912810UB2,TSRYS5810883,D,S,T,2024-08-20,1000000.00,4.245499,105.03125
08:01:01,912810UB2,TSRYS5810883,D,S,T,2024-08-20,1000000.00,4.245507,105.031148
08:01:01,912810UB2,TSRYS5810883,D,S,T,2024-08-20,1000000.00,4.245507,105.031148
08:01:01,912810UB2,TSRYS5810883,D,S,T,2024-08-20,1000000.00,4.245507,105.031148
08:01:01,912810UB2,TSRYS5810883,D,S,T,2024-08-20,1000000.00,4.245507,105.031148
08:01:01,912810UB2,TSRYS5810883,D,S,T,2024-08-20,1000000.00,4.245507,105.031148
08:01:01,912810UB2,TSRYS5810883,D,S,T,2024-08-20,1000000.00,4.245507,105.031148
08:01:01,912810UB2,TSRYS5810883,D,S,T,2024-08-20,1000000.00,4.245507,105.031148
08:01:01,912810UB2,TSRYS5810883,D,B,C,2024-08-20,1000000.00,4.231552,105.22265625
08:01:01,912810UB2,TSRYS5810883,D,S,D,2024-08-20,1000000.00,4.231552,105.22265625
08:01:01,912810UB2,TSRYS5810883,D,S,D,2024-08-20,1000000.00,4.231552,105.22265625
08:01:01,912810UB2,TSRYS5810883,D,B,A,2024-08-20,3650000.00,4.234425,105.18319375
08:01:01,912810UB2,TSRYS5810883,D,B,C,2024-08-20,1000000.00,4.231552,105.22265625
08:01:01,912810UB2,TSRYS5810883,D,B,C,2024-08-20,1000000.00,4.231552,105.22265625
08:01:01,912810UB2,TSRYS5810883,D,S,D,2024-08-20,1000000.00,4.231552,105.22265625
08:01:01,912810UB2,TSRYS5810883,D,S,C,2024-08-20,1000000.00,4.238095,105.1328125
08:01:01,912810UB2,TSRYS5810883,D,S,T,2024-08-20,5000000.00,4.245507,105.031148
08:01:01,912810UB2,TSRYS5810883,D,S,C,2024-08-20,1000000.00,4.237525,105.140625
08:01:01,912810UB2,TSRYS5810883,D,S,T,2024-08-20,1000000.00,4.246069,105.0234375
08:01:03,912810UB2,TSRYS5810883,D,S,T,2024-08-20,1000000.00,4.234254,105.185546875
08:01:03,912810UB2,TSRYS5810883,D,S,D,2024-08-20,1000000.00,4.234111,105.1875
08:01:03,912810UB2,TSRYS5810883,D,S,T,2024-08-20,1000000.00,4.234254,105.185546875
08:01:03,912810UB2,TSRYS5810883,D,S,T,2024-08-20,1000000.00,4.234254,105.185546875
08:01:03,912810UB2,TSRYS5810883,D,S,T,2024-08-20,1000000.00,4.234254,105.185546875
08:01:03,912810UB2,TSRYS5810883,D,S,T,2024-08-20,1000000.00,4.23468,105.1796875
08:01:03,912810UB2,TSRYS5810883,D,S,T,2024-08-20,1000000.00,4.23468,105.1796875
08:01:03,912810UB2,TSRYS5810883,D,S,T,2024-08-20,1000000.00,4.23468,105.1796875
08:01:03,912810UB2,TSRYS5810883,D,S,T,2024-08-20,1000000.00,4.23468,105.1796875
08:01:03,912810UB2,TSRYS5810883,D,S,T,2024-08-20,1000000.00,4.23468,105.1796875
08:01:04,912810UB2,TSRYS5810883,D,S,T,2024-08-20,1000000.00,4.235818,105.1640625
08:01:04,912810UB2,TSRYS5810883,D,S,D,2024-08-20,1000000.00,4.235818,105.1640625
08:01:04,912810UB2,TSRYS5810883,D,S,T,2024-08-20,1000000.00,4.235818,105.1640625
08:01:04,912810UB2,TSRYS5810883,D,S,T,2024-08-20,2000000.00,4.235818,105.1640625
08:01:05,912810UB2,TSRYS5810883,D,S,A,2024-08-20,1000000.00,4.238664,105.125
08:01:05,912810UB2,TSRYS5810883,D,S,A,2024-08-20,1000000.00,4.238664,105.125
08:01:05,912810UB2,TSRYS5810883,D,B,A,2024-08-20,1000000.00,4.238664,105.125
08:01:06,912810UB2,TSRYS5810883,D,B,A,2024-08-20,1000000.00,4.238664,105.125
08:01:08,912810UB2,TSRYS5810883,D,S,A,2024-08-20,1000000.00,4.238664,105.125
08:01:08,912810UB2,TSRYS5810883,D,S,A,2024-08-20,1000000.00,4.238664,105.125
08:01:08,912810UB2,TSRYS5810883,D,B,A,2024-08-20,1000000.00,4.238664,105.125
08:01:08,912810UB2,TSRYS5810883,D,B,A,2024-08-20,1000000.00,4.238664,105.125
08:01:11,912810UB2,TSRYS5810883,D,S,T,2024-08-20,1000000.00,4.240237,105.103415625
08:01:11,912810UB2,TSRYS5810883,D,S,T,2024-08-20,1000000.00,4.240514,105.099609375
08:01:11,912810UB2,TSRYS5810883,D,S,T,2024-08-20,1000000.00,4.240514,105.099609375
08:01:12,912810UB2,TSRYS5810883,D,S,T,2024-08-20,1000000.00,4.234119,105.1874
08:01:12,912810UB2,TSRYS5810883,D,S,T,2024-08-20,1000000.00,4.235825,105.1639625
08:01:12,912810UB2,TSRYS5810883,D,S,T,2024-08-20,1000000.00,4.234822,105.177734375
08:01:12,912810UB2,TSRYS5810883,D,S,T,2024-08-20,1000000.00,4.234822,105.177734375
08:01:12,912810UB2,TSRYS5810883,D,S,T,2024-08-20,1000000.00,4.234822,105.177734375
08:01:12,912810UB2,TSRYS5810883,D,S,D,2024-08-20,1000000.00,4.244359,105.046875
08:01:12,912810UB2,TSRYS5810883,D,S,D,2024-08-20,1000000.00,4.245784,105.02734375
08:01:13,912810UB2,TSRYS5810883,D,S,T,2024-08-20,1000000.00,4.240379,105.1014625
08:01:13,912810UB2,TSRYS5810883,D,S,T,2024-08-20,1000000.00,4.240379,105.1014625
08:01:13,912810UB2,TSRYS5810883,D,S,T,2024-08-20,1000000.00,4.244367,105.046775
08:01:13,912810UB2,TSRYS5810883,D,S,T,2024-08-20,1000000.00,4.24337,105.060446875
08:01:13,912810UB2,TSRYS5810883,D,S,T,2024-08-20,1000000.00,4.245791,105.02724375
08:01:13,912810UB2,TSRYS5810883,D,S,T,2024-08-20,1000000.00,4.23781,105.13671875
08:01:13,912810UB2,TSRYS5810883,D,S,T,2024-08-20,1000000.00,4.23781,105.13671875
08:01:13,912810UB2,TSRYS5810883,D,S,T,2024-08-20,1000000.00,4.23781,105.13671875
08:01:13,912810UB2,TSRYS5810883,D,S,T,2024-08-20,1000000.00,4.23781,105.13671875
08:01:13,912810UB2,TSRYS5810883,D,S,A,2024-08-20,1000000.00,4.238664,105.125
08:01:13,912810UB2,TSRYS5810883,D,S,T,2024-08-20,1000000.00,4.238671,105.124898
08:01:13,912810UB2,TSRYS5810883,D,B,A,2024-08-20,1000000.00,4.238664,105.125
08:01:14,912810UB2,TSRYS5810883,D,S,A,2024-08-20,1000000.00,4.238664,105.125
08:01:14,912810UB2,TSRYS5810883,D,S,T,2024-08-20,1000000.00,4.240949,105.093648
08:01:14,912810UB2,TSRYS5810883,D,S,T,2024-08-20,1000000.00,4.240949,105.093648
08:01:14,912810UB2,TSRYS5810883,D,S,T,2024-08-20,1000000.00,4.240949,105.093648
08:01:14,912810UB2,TSRYS5810883,D,S,T,2024-08-20,1000000.00,4.241226,105.08984375
08:01:14,912810UB2,TSRYS5810883,D,S,T,2024-08-20,1000000.00,4.241226,105.08984375
08:01:14,912810UB2,TSRYS5810883,D,S,T,2024-08-20,1000000.00,4.241226,105.08984375
08:01:14,912810UB2,TSRYS5810883,D,S,T,2024-08-20,1000000.00,4.240949,105.093648
08:01:14,912810UB2,TSRYS5810883,D,S,T,2024-08-20,1000000.00,4.240949,105.093648
08:01:14,912810UB2,TSRYS5810883,D,S,T,2024-08-20,1000000.00,4.241226,105.08984375
08:01:14,912810UB2,TSRYS5810883,D,S,T,2024-08-20,1000000.00,4.241226,105.08984375
08:01:14,912810UB2,TSRYS5810883,D,S,D,2024-08-20,1000000.00,4.234111,105.1875
08:01:15,912810UB2,TSRYS5810883,D,S,D,2024-08-20,1000000.00,4.235818,105.1640625
08:01:15,912810UB2,TSRYS5810883,D,B,A,2024-08-20,3140000.00,4.244644,105.04296875
08:01:15,912810UB2,TSRYS5810883,D,S,D,2024-08-20,20000000.00,4.245812,105.0269648
08:01:15,912810UB2,TSRYS5810883,D,S,D,2024-08-20,2000000.00,4.240748,105.0964031
08:01:16,912810UB2,TSRYS5810883,D,B,C,2024-08-20,1000000.00,4.233827,105.19140625
08:01:16,912810UB2,TSRYS5810883,D,S,D,2024-08-20,1000000.00,4.233827,105.19140625
08:01:16,912810UB2,TSRYS5810883,D,B,C,2024-08-20,1000000.00,4.234965,105.17578125
08:01:16,912810UB2,TSRYS5810883,D,S,D,2024-08-20,1000000.00,4.234965,105.17578125
08:01:17,912810UB2,TSRYS5810883,D,S,T,2024-08-20,1000000.00,4.236103,105.16015625
08:01:17,912810UB2,TSRYS5810883,D,S,T,2024-08-20,1000000.00,4.236103,105.16015625
08:01:17,912810UB2,TSRYS5810883,D,S,T,2024-08-20,1000000.00,4.232981,105.203023
08:01:17,912810UB2,TSRYS5810883,D,B,C,2024-08-20,1000000.00,4.233543,105.1953125
08:01:17,912810UB2,TSRYS5810883,D,B,C,2024-08-20,1000000.00,4.233543,105.1953125
08:01:17,912810UB2,TSRYS5810883,D,B,C,2024-08-20,1000000.00,4.233543,105.1953125
08:01:17,912810UB2,TSRYS5810883,D,S,T,2024-08-20,1000000.00,4.232981,105.203023
08:01:17,912810UB2,TSRYS5810883,D,S,T,2024-08-20,1000000.00,4.232981,105.203023
08:01:17,912810UB2,TSRYS5810883,D,S,T,2024-08-20,1000000.00,4.232981,105.203023
08:01:17,912810UB2,TSRYS5810883,D,S,T,2024-08-20,1000000.00,4.232981,105.203023
08:01:17,912810UB2,TSRYS5810883,D,S,T,2024-08-20,1000000.00,4.231844,105.218648
08:01:17,912810UB2,TSRYS5810883,D,S,A,2024-08-20,3650000.00,4.233827,105.19140625
08:01:17,912810UB2,TSRYS5810883,D,B,C,2024-08-20,3650000.00,4.233827,105.19140625
08:01:17,912810UB2,TSRYS5810883,D,S,T,2024-08-20,1000000.00,4.222462,105.34765625
08:01:18,912810UB2,TSRYS5810883,D,S,T,2024-08-20,1000000.00,4.222462,105.34765625
08:01:18,912810UB2,TSRYS5810883,D,S,A,2024-08-20,3000.00,4.230699,105.234375
08:01:18,912810UB2,TSRYS5810883,D,S,A,2024-08-20,11000.00,4.230098,105.2421875
08:01:18,912810UB2,TSRYS5810883,D,S,A,2024-08-20,4100.00,4.233258,105.19921875
08:01:18,912810UB2,TSRYS5810883,D,S,A,2024-08-20,30000.00,4.232941,105.203125
08:01:19,912810UB2,TSRYS5810883,D,S,C,2024-08-20,15000000.00,4.239293,105.11636
08:01:19,912810UB2,TSRYS5810883,D,S,A,2024-08-20,6800.00,4.23351,105.1953125
08:01:19,912810UB2,TSRYS5810883,D,S,D,2024-08-20,1000000.00,4.224023,105.32617187
08:01:20,912810UB2,TSRYS5810883,D,S,T,2024-08-20,1000000.00,4.234111,105.1875
08:01:20,912810UB2,TSRYS5810883,D,S,A,2024-08-20,2600000.00,4.234111,105.1875
08:01:20,912810UB2,TSRYS5810883,D,S,A,2024-08-20,29500.00,4.242333,105.07421875
08:01:20,912810UB2,TSRYS5810883,D,S,A,2024-08-20,2000.00,4.243473,105.05859375
08:01:20,912810UB2,TSRYS5810883,D,S,A,2024-08-20,30000.00,4.244612,105.04296875
08:01:20,912810UB2,TSRYS5810883,D,S,A,2024-08-20,30000.00,4.247178,105.0078125
08:01:20,912810UB2,TSRYS5810883,D,S,A,2024-08-20,19000.00,4.245182,105.03515625
08:01:21,912810UB2,TSRYS5810883,D,S,T,2024-08-20,1000000.00,4.242223,105.07617187
08:01:21,912810UB2,TSRYS5810883,D,S,A,2024-08-20,12200.00,4.242903,105.06640625
08:01:21,912810UB2,TSRYS5810883,D,S,A,2024-08-20,80000.00,4.241764,105.08203125
08:01:21,912810UB2,TSRYS5810883,D,S,D,2024-08-20,1000000.00,4.242223,105.07617187
08:01:22,912810UB2,TSRYS5810883,D,S,C,2024-08-20,1000000.00,4.242223,105.07617187
08:01:22,912810UB2,TSRYS5810883,D,S,D,2024-08-20,195000.00,4.232405,105.2109375
08:01:22,912810UB2,TSRYS5810883,D,S,D,2024-08-20,1000000.00,4.242223,105.07617187
08:01:22,912810UB2,TSRYS5810883,D,S,T,2024-08-20,1000000.00,4.242223,105.07617187
08:01:22,912810UB2,TSRYS5810883,D,S,T,2024-08-20,1000000.00,4.244359,105.046875
08:01:22,912810UB2,TSRYS5810883,D,S,T,2024-08-20,1000000.00,4.243362,105.060546875
08:01:22,912810UB2,TSRYS5810883,D,S,D,2024-08-20,1000000.00,4.242223,105.07617187
08:01:22,912810UB2,TSRYS5810883,D,S,D,2024-08-20,1000000.00,4.242223,105.07617187
08:01:22,912810UB2,TSRYS5810883,D,S,T,2024-08-20,1000000.00,4.242223,105.07617187
08:01:22,912810UB2,TSRYS5810883,D,S,T,2024-08-20,1000000.00,4.242223,105.07617187
08:01:22,912810UB2,TSRYS5810883,D,S,T,2024-08-20,1000000.00,4.245784,105.02734375
08:01:22,912810UB2,TSRYS5810883,D,S,D,2024-08-20,1000000.00,4.242223,105.07617187
08:01:22,912810UB2,TSRYS5810883,D,S,T,2024-08-20,1000000.00,4.242223,105.07617187
08:01:22,912810UB2,TSRYS5810883,D,S,D,2024-08-20,1000000.00,4.242081,105.078125
08:01:22,912810UB2,TSRYS5810883,D,S,D,2024-08-20,1000000.00,4.242081,105.078125
08:01:22,912810UB2,TSRYS5810883,D,S,T,2024-08-20,1000000.00,4.242223,105.07617187
08:01:22,912810UB2,TSRYS5810883,D,S,T,2024-08-20,1000000.00,4.242223,105.07617187
08:01:23,912810UB2,TSRYS5810883,D,S,D,2024-08-20,1000000.00,4.242081,105.078125
08:01:23,912810UB2,TSRYS5810883,D,S,D,2024-08-20,1000000.00,4.242081,105.078125
08:01:23,912810UB2,TSRYS5810883,D,S,D,2024-08-20,1000000.00,4.242081,105.078125
08:01:23,912810UB2,TSRYS5810883,D,S,T,2024-08-20,1000000.00,4.239817,105.109175
08:01:23,912810UB2,TSRYS5810883,D,S,D,2024-08-20,1000000.00,4.24023,105.10351562
08:01:23,912810UB2,TSRYS5810883,D,S,A,2024-08-20,10000.00,4.232656,105.20703125
08:01:23,912810UB2,TSRYS5810883,D,S,T,2024-08-20,1000000.00,4.242223,105.07617187
08:01:23,912810UB2,TSRYS5810883,D,S,D,2024-08-20,1000000.00,4.242223,105.07617187
08:01:23,912810UB2,TSRYS5810883,D,S,T,2024-08-20,1000000.00,4.242095,105.077925
08:01:23,912810UB2,TSRYS5810883,D,S,T,2024-08-20,1000000.00,4.242223,105.07617187
08:01:23,912810UB2,TSRYS5810883,D,S,T,2024-08-20,1000000.00,4.242223,105.07617187
08:01:23,912810UB2,TSRYS5810883,D,S,T,2024-08-20,1000000.00,4.243077,105.06445312
08:01:23,912810UB2,TSRYS5810883,D,S,D,2024-08-20,1000000.00,4.242935,105.06640625
08:01:23,912810UB2,TSRYS5810883,D,S,T,2024-08-20,1000000.00,4.242935,105.06640625
08:01:23,912810UB2,TSRYS5810883,D,S,D,2024-08-20,1000000.00,4.24265,105.0703125
08:01:23,912810UB2,TSRYS5810883,D,S,D,2024-08-20,1000000.00,4.24322,105.0625
08:01:23,912810UB2,TSRYS5810883,D,S,T,2024-08-20,1000000.00,4.243077,105.06445312
08:01:23,912810UB2,TSRYS5810883,D,S,T,2024-08-20,1000000.00,4.243231,105.06235
08:01:23,912810UB2,TSRYS5810883,D,S,T,2024-08-20,1000000.00,4.243231,105.06235
08:01:23,912810UB2,TSRYS5810883,D,S,T,2024-08-20,1000000.00,4.239813,105.109225
08:01:23,912810UB2,TSRYS5810883,D,S,T,2024-08-20,1000000.00,4.239813,105.109225
08:01:23,912810UB2,TSRYS5810883,D,S,T,2024-08-20,1000000.00,4.239813,105.109225
08:01:23,912810UB2,TSRYS5810883,D,S,D,2024-08-20,1000000.00,4.240372,105.1015625
08:01:23,912810UB2,TSRYS5810883,D,S,D,2024-08-20,1000000.00,4.240941,105.09375
08:01:24,912810UB2,TSRYS5810883,D,S,T,2024-08-20,1000000.00,4.238095,105.1328125
08:01:24,912810UB2,TSRYS5810883,D,S,D,2024-08-20,1000000.00,4.222746,105.34375
08:01:24,912810UB2,TSRYS5810883,D,S,D,2024-08-20,1000000.00,4.222888,105.34179687
08:01:24,912810UB2,TSRYS5810883,D,S,T,2024-08-20,1000000.00,4.222888,105.34179687
08:01:24,912810UB2,TSRYS5810883,D,S,T,2024-08-20,1000000.00,4.222462,105.34765625
08:01:24,912810UB2,TSRYS5810883,D,S,T,2024-08-20,1000000.00,4.222462,105.34765625
08:01:24,912810UB2,TSRYS5810883,D,S,D,2024-08-20,1000000.00,4.222746,105.34375
08:01:24,912810UB2,TSRYS5810883,D,S,T,2024-08-20,1000000.00,4.237241,105.14453125
08:01:24,912810UB2,TSRYS5810883,D,S,D,2024-08-20,1000000.00,4.222888,105.34179687
08:01:24,912810UB2,TSRYS5810883,D,S,D,2024-08-20,1000000.00,4.237525,105.140625
08:01:24,912810UB2,TSRYS5810883,D,S,T,2024-08-20,1000000.00,4.222888,105.34179687
08:01:24,912810UB2,TSRYS5810883,D,S,T,2024-08-20,1000000.00,4.236245,105.15820312
08:01:24,912810UB2,TSRYS5810883,D,S,T,2024-08-20,1000000.00,4.236529,105.15429687
08:01:24,912810UB2,TSRYS5810883,D,S,T,2024-08-20,1000000.00,4.236529,105.15429687
08:01:24,912810UB2,TSRYS5810883,D,S,T,2024-08-20,1000000.00,4.236387,105.15625
08:01:24,912810UB2,TSRYS5810883,D,S,D,2024-08-20,1000000.00,4.236956,105.1484375
08:01:24,912810UB2,TSRYS5810883,D,S,T,2024-08-20,1000000.00,4.236529,105.15429687
08:01:24,912810UB2,TSRYS5810883,D,S,D,2024-08-20,1000000.00,4.24322,105.0625
08:01:25,912810UB2,TSRYS5810883,D,B,A,2024-08-20,5000.00,4.230098,105.2421875
08:01:26,912810UB2,TSRYS5810883,D,S,D,2024-08-20,1000000.00,4.237668,105.138671875
08:01:27,912810UB2,TSRYS5810883,D,S,C,2024-08-20,170000.00,4.229562,105.25
08:01:27,912810UB2,TSRYS5810883,D,S,D,2024-08-20,170000.00,4.229562,105.25
08:01:27,912810UB2,TSRYS5810883,D,S,T,2024-08-20,1000000.00,4.242095,105.077925
08:01:29,912810UB2,TSRYS5810883,D,B,C,2024-08-20,24000000.00,4.240688,105.09722
08:01:30,912810UB2,TSRYS5810883,D,S,T,2024-08-20,1000000.00,4.236387,105.15625
08:01:30,912810UB2,TSRYS5810883,D,S,T,2024-08-20,1000000.00,4.236103,105.16015625
08:01:32,912810UB2,TSRYS5810883,D,S,D,2024-08-20,1000000.00,4.222888,105.341796875
08:01:32,912810UB2,TSRYS5810883,D,S,D,2024-08-20,1000000.00,4.222462,105.34765625
08:01:32,912810UB2,TSRYS5810883,D,S,D,2024-08-20,1000000.00,4.222462,105.34765625
08:01:32,912810UB2,TSRYS5810883,D,S,D,2024-08-20,1000000.00,4.222462,105.34765625
08:01:32,912810UB2,TSRYS5810883,D,S,D,2024-08-20,1000000.00,4.222462,105.34765625
08:01:32,912810UB2,TSRYS5810883,D,S,D,2024-08-20,1000000.00,4.222888,105.341796875
08:01:33,912810UB2,TSRYS5810883,D,S,A,2024-08-20,5600.00,4.238916,105.12109375
08:01:33,912810UB2,TSRYS5810883,D,S,A,2024-08-20,301200.00,4.23607,105.16015625
08:01:33,912810UB2,TSRYS5810883,D,B,A,2024-08-20,301000.00,4.238664,105.125
08:01:33,912810UB2,TSRYS5810883,D,S,A,2024-08-20,9500.00,4.23351,105.1953125
08:01:33,912810UB2,TSRYS5810883,D,S,A,2024-08-20,5000.00,4.231519,105.22265625
08:01:35,912810UB2,TSRYS5810883,D,S,A,2024-08-20,1000000.00,4.238664,105.125
08:01:35,912810UB2,TSRYS5810883,D,B,A,2024-08-20,1000000.00,4.238664,105.125
08:01:35,912810UB2,TSRYS5810883,D,B,A,2024-08-20,1000000.00,4.238664,105.125
08:01:35,912810UB2,TSRYS5810883,D,S,A,2024-08-20,1000000.00,4.238664,105.125
08:01:36,912810UB2,TSRYS5810883,D,B,A,2024-08-20,1000000.00,4.238664,105.125
08:01:36,912810UB2,TSRYS5810883,D,S,A,2024-08-20,1000000.00,4.238664,105.125
08:01:36,912810UB2,TSRYS5810883,D,S,A,2024-08-20,1000000.00,4.238664,105.125
08:01:36,912810UB2,TSRYS5810883,D,B,A,2024-08-20,1000000.00,4.238664,105.125
08:01:36,912810UB2,TSRYS5810883,D,S,A,2024-08-20,1000000.00,4.238664,105.125
08:01:36,912810UB2,TSRYS5810883,D,B,A,2024-08-20,1000000.00,4.238664,105.125
08:01:36,912810UB2,TSRYS5810883,D,S,A,2024-08-20,1000000.00,4.238664,105.125
08:01:36,912810UB2,TSRYS5810883,D,S,T,2024-08-20,1000000.00,4.231979,105.21679687
08:01:37,912810UB2,TSRYS5810883,D,S,T,2024-08-20,1000000.00,4.231979,105.21679687
08:01:37,912810UB2,TSRYS5810883,D,B,A,2024-08-20,1000000.00,4.238664,105.125
08:01:37,912810UB2,TSRYS5810883,D,S,A,2024-08-20,1000000.00,4.238664,105.125
08:01:37,912810UB2,TSRYS5810883,D,S,D,2024-08-20,1000000.00,4.232405,105.2109375
08:01:37,912810UB2,TSRYS5810883,D,S,D,2024-08-20,1000000.00,4.232405,105.2109375
08:01:37,912810UB2,TSRYS5810883,D,S,D,2024-08-20,1000000.00,4.232405,105.2109375
08:01:37,912810UB2,TSRYS5810883,D,S,D,2024-08-20,1000000.00,4.232405,105.2109375
08:01:37,912810UB2,TSRYS5810883,D,B,A,2024-08-20,1000000.00,4.238664,105.125
08:01:37,912810UB2,TSRYS5810883,D,S,D,2024-08-20,2000000.00,4.232974,105.203125
08:01:37,912810UB2,TSRYS5810883,D,B,A,2024-08-20,1000000.00,4.238664,105.125
08:01:37,912810UB2,TSRYS5810883,D,S,A,2024-08-20,1000000.00,4.238664,105.125
08:01:38,912810UB2,TSRYS5810883,D,B,A,2024-08-20,1000000.00,4.238664,105.125
08:01:38,912810UB2,TSRYS5810883,D,B,A,2024-08-20,1000000.00,4.238664,105.125
08:01:38,912810UB2,TSRYS5810883,D,S,A,2024-08-20,1000000.00,4.238664,105.125
08:01:38,912810UB2,TSRYS5810883,D,S,T,2024-08-20,1000000.00,4.232547,105.20898437
08:01:38,912810UB2,TSRYS5810883,D,S,T,2024-08-20,1000000.00,4.232547,105.20898437
08:01:38,912810UB2,TSRYS5810883,D,S,T,2024-08-20,1000000.00,4.232547,105.20898437
08:01:38,912810UB2,TSRYS5810883,D,B,A,2024-08-20,1000000.00,4.238664,105.125
08:01:38,912810UB2,TSRYS5810883,D,B,C,2024-08-20,2000000.00,4.232832,105.20507812
08:01:39,912810UB2,TSRYS5810883,D,B,A,2024-08-20,1000000.00,4.238664,105.125
08:01:39,912810UB2,TSRYS5810883,D,S,A,2024-08-20,1000000.00,4.238664,105.125
08:01:39,912810UB2,TSRYS5810883,D,S,T,2024-08-20,1000000.00,4.229136,105.25585937
08:01:39,912810UB2,TSRYS5810883,D,S,D,2024-08-20,1000000.00,4.229136,105.25585937
08:01:39,912810UB2,TSRYS5810883,D,S,C,2024-08-20,1000000.00,4.235249,105.171875
08:01:39,912810UB2,TSRYS5810883,D,B,C,2024-08-20,1000000.00,4.235249,105.171875
08:01:39,912810UB2,TSRYS5810883,D,S,D,2024-08-20,1000000.00,4.229847,105.24609375
08:01:39,912810UB2,TSRYS5810883,D,S,T,2024-08-20,1000000.00,4.234111,105.1875
08:01:40,912810UB2,TSRYS5810883,D,S,D,2024-08-20,1000000.00,4.231836,105.21875
08:01:40,912810UB2,TSRYS5810883,D,B,C,2024-08-20,18000000.00,4.235466,105.1689
08:01:43,912810UB2,TSRYS5810883,D,S,A,2024-08-20,10000.00,4.228108,105.26953125
08:01:48,912810UB2,TSRYS5810883,D,S,D,2024-08-20,1000000.00,4.239945,105.107421875
08:01:48,912810UB2,TSRYS5810883,D,S,D,2024-08-20,1000000.00,4.239945,105.107421875
08:01:48,912810UB2,TSRYS5810883,D,S,D,2024-08-20,1000000.00,4.240087,105.10546875
08:01:48,912810UB2,TSRYS5810883,D,S,D,2024-08-20,1000000.00,4.240372,105.1015625
08:01:48,912810UB2,TSRYS5810883,D,S,D,2024-08-20,1000000.00,4.240372,105.1015625
08:01:48,912810UB2,TSRYS5810883,D,S,D,2024-08-20,1000000.00,4.24322,105.0625
08:01:48,912810UB2,TSRYS5810883,D,S,D,2024-08-20,1000000.00,4.24322,105.0625
08:01:49,912810UB2,TSRYS5810883,D,S,D,2024-08-20,1000000.00,4.24322,105.0625
08:01:49,912810UB2,TSRYS5810883,D,S,D,2024-08-20,1000000.00,4.244359,105.046875
08:01:49,912810UB2,TSRYS5810883,D,S,T,2024-08-20,1000000.00,4.238949,105.12109375
08:01:50,912810UB2,TSRYS5810883,D,S,T,2024-08-20,1000000.00,4.236397,105.15612
08:01:50,912810UB2,TSRYS5810883,D,S,D,2024-08-20,1000000.00,4.243362,105.060546875
08:01:50,912810UB2,TSRYS5810883,D,S,T,2024-08-20,1000000.00,4.235534,105.16796875
08:01:50,912810UB2,TSRYS5810883,D,S,T,2024-08-20,1000000.00,4.235534,105.16796875
08:01:50,912810UB2,TSRYS5810883,D,S,T,2024-08-20,1000000.00,4.234822,105.17773437
08:01:51,912810UB2,TSRYS5810883,D,S,A,2024-08-20,1000000.00,4.238664,105.125
08:01:51,912810UB2,TSRYS5810883,D,B,A,2024-08-20,1000000.00,4.238664,105.125
08:01:51,912810UB2,TSRYS5810883,D,S,C,2024-08-20,1000000.00,4.234111,105.1875
08:01:51,912810UB2,TSRYS5810883,D,B,C,2024-08-20,1000000.00,4.234126,105.1873
08:01:51,912810UB2,TSRYS5810883,D,S,D,2024-08-20,1000000.00,4.234111,105.1875
08:01:51,912810UB2,TSRYS5810883,D,S,D,2024-08-20,1000000.00,4.234111,105.1875
08:01:51,912810UB2,TSRYS5810883,D,B,C,2024-08-20,1000000.00,4.234133,105.1872
08:01:52,912810UB2,TSRYS5810883,D,S,D,2024-08-20,1000000.00,4.230699,105.234375
08:01:52,912810UB2,TSRYS5810883,D,S,D,2024-08-20,1000000.00,4.230699,105.234375
08:01:52,912810UB2,TSRYS5810883,D,S,A,2024-08-20,1000000.00,4.238664,105.125
08:01:52,912810UB2,TSRYS5810883,D,S,C,2024-08-20,11000000.00,4.235857,105.16353
08:01:52,912810UB2,TSRYS5810883,D,S,T,2024-08-20,1000000.00,4.238678,105.1248
08:01:52,912810UB2,TSRYS5810883,D,S,T,2024-08-20,1000000.00,4.238678,105.1248
08:01:52,912810UB2,TSRYS5810883,D,S,T,2024-08-20,1000000.00,4.238678,105.1248
08:01:52,912810UB2,TSRYS5810883,D,S,T,2024-08-20,1000000.00,4.238678,105.1248
08:01:52,912810UB2,TSRYS5810883,D,S,T,2024-08-20,1000000.00,4.238678,105.1248
08:01:52,912810UB2,TSRYS5810883,D,S,T,2024-08-20,1000000.00,4.238678,105.1248
08:01:52,912810UB2,TSRYS5810883,D,S,T,2024-08-20,1000000.00,4.238678,105.1248
08:01:52,912810UB2,TSRYS5810883,D,S,T,2024-08-20,1000000.00,4.238678,105.1248
08:01:52,912810UB2,TSRYS5810883,D,S,T,2024-08-20,1000000.00,4.239817,105.109175
08:01:52,912810UB2,TSRYS5810883,D,S,D,2024-08-20,1000000.00,4.240372,105.1015625
08:01:52,912810UB2,TSRYS5810883,D,S,T,2024-08-20,1000000.00,4.240372,105.1015625
08:01:53,912810UB2,TSRYS5810883,D,S,T,2024-08-20,1000000.00,4.244359,105.046875
08:01:53,912810UB2,TSRYS5810883,D,S,T,2024-08-20,1000000.00,4.244359,105.046875
08:01:53,912810UB2,TSRYS5810883,D,S,T,2024-08-20,1000000.00,4.244359,105.046875
08:01:53,912810UB2,TSRYS5810883,D,S,T,2024-08-20,1000000.00,4.244359,105.046875
08:01:53,912810UB2,TSRYS5810883,D,S,T,2024-08-20,1000000.00,4.245079,105.037009375
08:01:53,912810UB2,TSRYS5810883,D,S,T,2024-08-20,1000000.00,4.245222,105.03505625
08:01:53,912810UB2,TSRYS5810883,D,S,T,2024-08-20,1000000.00,4.245364,105.033103125
08:01:53,912810UB2,TSRYS5810883,D,S,T,2024-08-20,1000000.00,4.245507,105.03115
08:01:53,912810UB2,TSRYS5810883,D,S,T,2024-08-20,1000000.00,4.245507,105.03115
08:01:53,912810UB2,TSRYS5810883,D,S,T,2024-08-20,1000000.00,4.245222,105.03505625
08:01:54,912810UB2,TSRYS5810883,D,B,C,2024-08-20,2000000.00,4.235249,105.171875
08:01:54,912810UB2,TSRYS5810883,D,S,D,2024-08-20,2000000.00,4.235249,105.171875
08:01:54,912810UB2,TSRYS5810883,D,S,T,2024-08-20,1000000.00,4.238949,105.12109375
08:01:55,912810UB2,TSRYS5810883,D,S,D,2024-08-20,1000000.00,4.231836,105.21875
08:01:55,912810UB2,TSRYS5810883,D,B,C,2024-08-20,1000000.00,4.231848,105.218598
08:01:55,912810UB2,TSRYS5810883,D,B,C,2024-08-20,1000000.00,4.231851,105.21855
08:01:55,912810UB2,TSRYS5810883,D,S,D,2024-08-20,1000000.00,4.231836,105.21875
08:01:55,912810UB2,TSRYS5810883,D,B,C,2024-08-20,1000000.00,4.246639,105.015625
08:01:55,912810UB2,TSRYS5810883,D,S,D,2024-08-20,1000000.00,4.246639,105.015625
08:01:55,912810UB2,TSRYS5810883,D,S,D,2024-08-20,1000000.00,4.246639,105.015625
08:01:55,912810UB2,TSRYS5810883,D,B,C,2024-08-20,1000000.00,4.246639,105.015625
08:01:55,912810UB2,TSRYS5810883,D,S,D,2024-08-20,1000000.00,4.246639,105.015625
08:01:55,912810UB2,TSRYS5810883,D,B,C,2024-08-20,1000000.00,4.246639,105.015625
08:01:55,912810UB2,TSRYS5810883,D,S,D,2024-08-20,1000000.00,4.246639,105.015625
08:01:55,912810UB2,TSRYS5810883,D,B,C,2024-08-20,1000000.00,4.246639,105.015625
08:01:55,912810UB2,TSRYS5810883,D,B,C,2024-08-20,1000000.00,4.245499,105.03125
08:01:55,912810UB2,TSRYS5810883,D,S,D,2024-08-20,1000000.00,4.245499,105.03125
08:01:55,912810UB2,TSRYS5810883,D,S,D,2024-08-20,1000000.00,4.245499,105.03125
08:01:56,912810UB2,TSRYS5810883,D,S,A,2024-08-20,500000.00,4.245784,105.02734375
08:01:56,912810UB2,TSRYS5810883,D,S,T,2024-08-20,1000000.00,4.247787,104.9999
08:01:57,912810UB2,TSRYS5810883,D,S,D,2024-08-20,2000000.00,4.239945,105.10742187
08:01:58,912810UB2,TSRYS5810883,D,S,A,2024-08-20,3140000.00,4.244644,105.04296875
08:01:58,912810UB2,TSRYS5810883,D,S,T,2024-08-20,1000000.00,4.229562,105.25
08:01:58,912810UB2,TSRYS5810883,D,S,D,2024-08-20,10000000.00,4.240186,105.10412
08:01:58,912810UB2,TSRYS5810883,D,S,T,2024-08-20,1000000.00,4.229572,105.249875
08:01:58,912810UB2,TSRYS5810883,D,S,T,2024-08-20,1000000.00,4.229562,105.25
08:01:59,912810UB2,TSRYS5810883,D,B,A,2024-08-20,11000.00,4.23781,105.136719
08:01:59,912810UB2,TSRYS5810883,D,B,A,2024-08-20,7190000.00,4.225017,105.3125
08:02:01,912810UB2,TSRYS5810883,D,S,T,2024-08-20,1000000.00,4.243227,105.0624
08:02:01,912810UB2,TSRYS5810883,D,S,D,2024-08-20,1000000.00,4.24322,105.0625
08:02:01,912810UB2,TSRYS5810883,D,S,T,2024-08-20,1000000.00,4.24322,105.0625
08:02:01,912810UB2,TSRYS5810883,D,S,D,2024-08-20,1000000.00,4.234254,105.18554687
08:02:01,912810UB2,TSRYS5810883,D,S,D,2024-08-20,1000000.00,4.234254,105.18554687
08:02:01,912810UB2,TSRYS5810883,D,S,D,2024-08-20,1000000.00,4.234254,105.18554687
08:02:02,912810UB2,TSRYS5810883,D,S,T,2024-08-20,1000000.00,4.234254,105.18554687
08:02:02,912810UB2,TSRYS5810883,D,S,D,2024-08-20,1000000.00,4.234254,105.18554687
08:02:02,912810UB2,TSRYS5810883,D,S,D,2024-08-20,1000000.00,4.234254,105.18554687
08:02:02,912810UB2,TSRYS5810883,D,S,D,2024-08-20,1000000.00,4.245784,105.02734375
08:02:03,912810UB2,TSRYS5810883,D,B,C,2024-08-20,3650000.00,4.236701,105.15194375
08:02:03,912810UB2,TSRYS5810883,D,S,T,2024-08-20,1000000.00,4.235534,105.16796875
08:02:03,912810UB2,TSRYS5810883,D,S,T,2024-08-20,2000000.00,4.235249,105.171875
08:02:03,912810UB2,TSRYS5810883,D,S,T,2024-08-20,1000000.00,4.236387,105.15625
08:02:03,912810UB2,TSRYS5810883,D,S,A,2024-08-20,180000.00,4.239233,105.1171875
08:02:03,912810UB2,TSRYS5810883,D,S,T,2024-08-20,1000000.00,4.244359,105.046875
08:02:03,912810UB2,TSRYS5810883,D,S,T,2024-08-20,1000000.00,4.246639,105.015625
08:02:03,912810UB2,TSRYS5810883,D,S,T,2024-08-20,1000000.00,4.246639,105.015625
08:02:03,912810UB2,TSRYS5810883,D,S,T,2024-08-20,1000000.00,4.246639,105.015625
08:02:03,912810UB2,TSRYS5810883,D,S,T,2024-08-20,1000000.00,4.245499,105.03125
08:02:03,912810UB2,TSRYS5810883,D,S,T,2024-08-20,1000000.00,4.245499,105.03125
08:02:03,912810UB2,TSRYS5810883,D,S,T,2024-08-20,1000000.00,4.246639,105.015625
08:02:03,912810UB2,TSRYS5810883,D,S,T,2024-08-20,1000000.00,4.245499,105.03125
08:02:03,912810UB2,TSRYS5810883,D,S,T,2024-08-20,1000000.00,4.246639,105.015625
08:02:03,912810UB2,TSRYS5810883,D,S,T,2024-08-20,1000000.00,4.246639,105.015625
08:02:03,912810UB2,TSRYS5810883,D,S,T,2024-08-20,1000000.00,4.245499,105.03125
08:02:03,912810UB2,TSRYS5810883,D,S,T,2024-08-20,1000000.00,4.245642,105.029296875
08:02:03,912810UB2,TSRYS5810883,D,S,T,2024-08-20,1000000.00,4.245499,105.03125
08:02:03,912810UB2,TSRYS5810883,D,S,T,2024-08-20,1000000.00,4.245499,105.03125
08:02:03,912810UB2,TSRYS5810883,D,S,T,2024-08-20,1000000.00,4.243362,105.060546875
08:02:03,912810UB2,TSRYS5810883,D,S,T,2024-08-20,1000000.00,4.242081,105.078125
08:02:03,912810UB2,TSRYS5810883,D,S,T,2024-08-20,1000000.00,4.240941,105.09375
08:02:03,912810UB2,TSRYS5810883,D,B,A,2024-08-20,3650000.00,4.227887,105.2730375
08:02:03,912810UB2,TSRYS5810883,D,S,T,2024-08-20,1000000.00,4.237525,105.140625
08:02:03,912810UB2,TSRYS5810883,D,S,T,2024-08-20,2000000.00,4.231836,105.21875
08:02:03,912810UB2,TSRYS5810883,D,S,T,2024-08-20,1000000.00,4.231836,105.21875
08:02:03,912810UB2,TSRYS5810883,D,S,T,2024-08-20,1000000.00,4.231836,105.21875
08:02:03,912810UB2,TSRYS5810883,D,S,T,2024-08-20,2000000.00,4.231979,105.216796875
08:02:03,912810UB2,TSRYS5810883,D,S,T,2024-08-20,1000000.00,4.231836,105.21875
08:02:03,912810UB2,TSRYS5810883,D,S,T,2024-08-20,1000000.00,4.228426,105.265625
08:02:04,912810UB2,TSRYS5810883,D,S,T,2024-08-20,1000000.00,4.232121,105.21484375
08:02:04,912810UB2,TSRYS5810883,D,S,T,2024-08-20,1000000.00,4.232689,105.20703125
08:02:04,912810UB2,TSRYS5810883,D,S,T,2024-08-20,1000000.00,4.230699,105.234375
08:02:04,912810UB2,TSRYS5810883,D,S,D,2024-08-20,1000000.00,4.223455,105.333984375
08:02:04,912810UB2,TSRYS5810883,D,S,T,2024-08-20,2000000.00,4.223455,105.333984375
08:02:04,912810UB2,TSRYS5810883,D,S,T,2024-08-20,1000000.00,4.223313,105.3359375
08:02:04,912810UB2,TSRYS5810883,D,S,C,2024-08-20,515000.00,4.233258,105.199218
08:02:04,912810UB2,TSRYS5810883,D,S,T,2024-08-20,1000000.00,4.231126,105.228515625
08:02:04,912810UB2,TSRYS5810883,D,S,T,2024-08-20,1000000.00,4.230841,105.232421875
08:02:04,912810UB2,TSRYS5810883,D,S,T,2024-08-20,1000000.00,4.238522,105.126953125
08:02:04,912810UB2,TSRYS5810883,D,S,T,2024-08-20,1000000.00,4.237952,105.134765625
08:02:04,912810UB2,TSRYS5810883,D,S,T,2024-08-20,1000000.00,4.238664,105.125
08:02:04,912810UB2,TSRYS5810883,D,S,T,2024-08-20,1000000.00,4.242081,105.078125
08:02:04,912810UB2,TSRYS5810883,D,S,T,2024-08-20,1000000.00,4.240514,105.099609375
08:02:04,912810UB2,TSRYS5810883,D,S,T,2024-08-20,1000000.00,4.239803,105.109375
08:02:04,912810UB2,TSRYS5810883,D,S,T,2024-08-20,1000000.00,4.237525,105.140625
08:02:04,912810UB2,TSRYS5810883,D,S,T,2024-08-20,1000000.00,4.235249,105.171875
08:02:04,912810UB2,TSRYS5810883,D,S,T,2024-08-20,2000000.00,4.236387,105.15625
08:02:04,912810UB2,TSRYS5810883,D,S,T,2024-08-20,1000000.00,4.235391,105.16992187
08:02:04,912810UB2,TSRYS5810883,D,S,T,2024-08-20,1000000.00,4.235249,105.171875
08:02:04,912810UB2,TSRYS5810883,D,S,T,2024-08-20,1000000.00,4.234822,105.177734375
08:02:04,912810UB2,TSRYS5810883,D,S,T,2024-08-20,1000000.00,4.234111,105.1875
08:02:04,912810UB2,TSRYS5810883,D,S,T,2024-08-20,1000000.00,4.23468,105.1796875
08:02:04,912810UB2,TSRYS5810883,D,S,T,2024-08-20,1000000.00,4.234965,105.17578125
08:02:05,912810UB2,TSRYS5810883,D,S,T,2024-08-20,1000000.00,4.236103,105.16015625
08:02:05,912810UB2,TSRYS5810883,D,S,D,2024-08-20,1000000.00,4.236103,105.16015625
08:02:05,912810UB2,TSRYS5810883,D,S,D,2024-08-20,1000000.00,4.23468,105.1796875
08:02:05,912810UB2,TSRYS5810883,D,S,T,2024-08-20,1000000.00,4.232974,105.203125
08:02:05,912810UB2,TSRYS5810883,D,S,D,2024-08-20,1000000.00,4.231126,105.22851562
08:02:05,912810UB2,TSRYS5810883,D,S,D,2024-08-20,1000000.00,4.231126,105.22851562
08:02:07,912810UB2,TSRYS5810883,D,S,A,2024-08-20,600000.00,4.236956,105.1484375
08:02:08,912810UB2,TSRYS5810883,D,B,A,2024-08-20,185000.00,4.230415,105.23828125
08:02:09,912810UB2,TSRYS5810883,D,S,D,2024-08-20,1000000.00,4.245499,105.03125
08:02:09,912810UB2,TSRYS5810883,D,S,T,2024-08-20,2000000.00,4.230699,105.234375
08:02:09,912810UB2,TSRYS5810883,D,S,T,2024-08-20,2000000.00,4.232974,105.203125
08:02:09,912810UB2,TSRYS5810883,D,S,T,2024-08-20,1000000.00,4.228426,105.265625
08:02:10,912810UB2,TSRYS5810883,D,B,C,2024-08-20,1000000.00,4.245499,105.03125
08:02:10,912810UB2,TSRYS5810883,D,S,D,2024-08-20,1000000.00,4.245499,105.031425
08:02:10,912810UB2,TSRYS5810883,D,S,D,2024-08-20,1000000.00,4.246497,105.017578125
08:02:10,912810UB2,TSRYS5810883,D,S,D,2024-08-20,1000000.00,4.246354,105.01953125
08:02:10,912810UB2,TSRYS5810883,D,S,D,2024-08-20,1000000.00,4.246212,105.021484375
08:02:10,912810UB2,TSRYS5810883,D,S,D,2024-08-20,1000000.00,4.246069,105.0234375
08:02:10,912810UB2,TSRYS5810883,D,S,D,2024-08-20,1000000.00,4.245927,105.025390625
08:02:10,912810UB2,TSRYS5810883,D,S,D,2024-08-20,1000000.00,4.245499,105.03125
08:02:10,912810UB2,TSRYS5810883,D,B,C,2024-08-20,1000000.00,4.245499,105.03125
08:02:10,912810UB2,TSRYS5810883,D,S,T,2024-08-20,1000000.00,4.228426,105.265625
08:02:10,912810UB2,TSRYS5810883,D,S,T,2024-08-20,1000000.00,4.231836,105.21875
08:02:11,912810UB2,TSRYS5810883,D,S,T,2024-08-20,1000000.00,4.231836,105.21875
08:02:11,912810UB2,TSRYS5810883,D,S,D,2024-08-20,2000000.00,4.234111,105.1875
08:02:11,912810UB2,TSRYS5810883,D,S,D,2024-08-20,1000000.00,4.234111,105.1875
08:02:11,912810UB2,TSRYS5810883,D,B,A,2024-08-20,13739000.00,4.244217,105.048828125
08:02:13,912810UB2,TSRYS5810883,D,S,D,2024-08-20,1000000.00,4.243362,105.060546875
08:02:14,912810UB2,TSRYS5810883,D,S,A,2024-08-20,730000.00,4.227289,105.28125
08:02:14,912810UB2,TSRYS5810883,D,B,A,2024-08-20,1214000.00,4.240941,105.09375
08:02:15,912810UB2,TSRYS5810883,D,S,T,2024-08-20,1000000.00,4.237241,105.14453125
08:02:16,912810UB2,TSRYS5810883,D,S,T,2024-08-20,1000000.00,4.237525,105.140625
08:02:16,912810UB2,TSRYS5810883,D,S,D,2024-08-20,1000000.00,4.235249,105.171875
08:02:16,912810UB2,TSRYS5810883,D,B,C,2024-08-20,1000000.00,4.235249,105.171875
08:02:16,912810UB2,TSRYS5810883,D,S,T,2024-08-20,1000000.00,4.236965,105.1483125
08:02:16,912810UB2,TSRYS5810883,D,S,T,2024-08-20,1000000.00,4.236965,105.1483125
08:02:16,912810UB2,TSRYS5810883,D,S,T,2024-08-20,1000000.00,4.236529,105.154296875
08:02:16,912810UB2,TSRYS5810883,D,S,T,2024-08-20,1000000.00,4.236539,105.154171875
08:02:16,912810UB2,TSRYS5810883,D,S,T,2024-08-20,1000000.00,4.237525,105.140625
08:02:16,912810UB2,TSRYS5810883,D,S,T,2024-08-20,1000000.00,4.237525,105.140625
08:02:17,912810UB2,TSRYS5810883,D,S,T,2024-08-20,1000000.00,4.235969,105.161984375
08:02:17,912810UB2,TSRYS5810883,D,S,T,2024-08-20,1000000.00,4.235969,105.161984375
08:02:17,912810UB2,TSRYS5810883,D,S,T,2024-08-20,1000000.00,4.235258,105.17175
08:02:17,912810UB2,TSRYS5810883,D,S,T,2024-08-20,1000000.00,4.237525,105.140625
08:02:17,912810UB2,TSRYS5810883,D,S,T,2024-08-20,1000000.00,4.235249,105.171875
08:02:17,912810UB2,TSRYS5810883,D,S,A,2024-08-20,500000.00,4.233258,105.19921875
08:02:17,912810UB2,TSRYS5810883,D,B,C,2024-08-20,1000000.00,4.232974,105.203125
08:02:17,912810UB2,TSRYS5810883,D,S,D,2024-08-20,1000000.00,4.232974,105.203125
08:02:17,912810UB2,TSRYS5810883,D,S,T,2024-08-20,2000000.00,4.233543,105.1953125
08:02:18,912810UB2,TSRYS5810883,D,S,T,2024-08-20,1000000.00,4.234405,105.18346875
08:02:18,912810UB2,TSRYS5810883,D,S,T,2024-08-20,1000000.00,4.234254,105.185546875
08:02:18,912810UB2,TSRYS5810883,D,S,D,2024-08-20,1000000.00,4.242223,105.076171875
08:02:19,912810UB2,TSRYS5810883,D,S,D,2024-08-20,1000000.00,4.242223,105.076171875
08:02:19,912810UB2,TSRYS5810883,D,S,D,2024-08-20,1000000.00,4.242223,105.076171875
08:02:19,912810UB2,TSRYS5810883,D,S,D,2024-08-20,1000000.00,4.242223,105.076171875
08:02:19,912810UB2,TSRYS5810883,D,S,D,2024-08-20,1000000.00,4.242223,105.076171875
08:02:19,912810UB2,TSRYS5810883,D,S,A,2024-08-20,87000.00,4.228142,105.26953125
08:02:20,912810UB2,TSRYS5810883,D,S,A,2024-08-20,1100000.00,4.229847,105.24609375
08:02:20,912810UB2,TSRYS5810883,D,S,D,2024-08-20,1000000.00,4.240799,105.095703125
08:02:20,912810UB2,TSRYS5810883,D,B,C,2024-08-20,1000000.00,4.235264,105.171675
08:02:20,912810UB2,TSRYS5810883,D,S,C,2024-08-20,1000000.00,4.235238,105.172027
08:02:20,912810UB2,TSRYS5810883,D,S,A,2024-08-20,15000000.00,4.230699,105.234375
08:02:20,912810UB2,TSRYS5810883,D,S,D,2024-08-20,1000000.00,4.236378,105.15638
08:02:20,912810UB2,TSRYS5810883,D,S,D,2024-08-20,1000000.00,4.236378,105.15638
08:02:20,912810UB2,TSRYS5810883,D,B,C,2024-08-20,1000000.00,4.236402,105.15605
08:02:21,912810UB2,TSRYS5810883,D,S,D,2024-08-20,1000000.00,4.242223,105.076171875
08:02:21,912810UB2,TSRYS5810883,D,S,D,2024-08-20,1000000.00,4.242223,105.076171875
08:02:21,912810UB2,TSRYS5810883,D,S,D,2024-08-20,1000000.00,4.242223,105.076171875
08:02:21,912810UB2,TSRYS5810883,D,S,D,2024-08-20,1000000.00,4.242223,105.076171875
08:02:21,912810UB2,TSRYS5810883,D,S,D,2024-08-20,1000000.00,4.242223,105.076171875
08:02:21,912810UB2,TSRYS5810883,D,S,D,2024-08-20,1000000.00,4.240423,105.1008625
08:02:21,912810UB2,TSRYS5810883,D,S,C,2024-08-20,1000000.00,4.24322,105.0625
08:02:21,912810UB2,TSRYS5810883,D,B,C,2024-08-20,1000000.00,4.24322,105.0625
08:02:21,912810UB2,TSRYS5810883,D,S,D,2024-08-20,3000000.00,4.245835,105.0266438
08:02:21,912810UB2,TSRYS5810883,D,S,D,2024-08-20,1000000.00,4.236387,105.15625
08:02:21,912810UB2,TSRYS5810883,D,S,C,2024-08-20,185000.00,4.230415,105.23828125
08:02:21,912810UB2,TSRYS5810883,D,S,D,2024-08-20,1000000.00,4.240423,105.1008625
08:02:21,912810UB2,TSRYS5810883,D,S,D,2024-08-20,1000000.00,4.243077,105.064453125
08:02:21,912810UB2,TSRYS5810883,D,S,D,2024-08-20,3000000.00,4.24441,105.046175
08:02:21,912810UB2,TSRYS5810883,D,S,D,2024-08-20,2000000.00,4.243413,105.0598469
08:02:21,912810UB2,TSRYS5810883,D,S,A,2024-08-20,105000.00,4.232405,105.2109375
08:02:21,912810UB2,TSRYS5810883,D,S,D,2024-08-20,1000000.00,4.242935,105.06640625
08:02:21,912810UB2,TSRYS5810883,D,S,A,2024-08-20,39000.00,4.232121,105.21484375
08:02:22,912810UB2,TSRYS5810883,D,S,D,2024-08-20,1000000.00,4.243077,105.064453125
08:02:22,912810UB2,TSRYS5810883,D,S,A,2024-08-20,400000.00,4.231836,105.21875
08:02:22,912810UB2,TSRYS5810883,D,S,T,2024-08-20,1000000.00,4.232263,105.212890625
08:02:22,912810UB2,TSRYS5810883,D,S,C,2024-08-20,1000000.00,4.237525,105.140625
08:02:22,912810UB2,TSRYS5810883,D,S,T,2024-08-20,1000000.00,4.236387,105.15625
08:02:22,912810UB2,TSRYS5810883,D,B,C,2024-08-20,2000000.00,4.233462,105.19642
08:02:22,912810UB2,TSRYS5810883,D,B,A,2024-08-20,3650000.00,4.239262,105.1167875
08:02:22,912810UB2,TSRYS5810883,D,S,C,2024-08-20,1000000.00,4.239788,105.109575
08:02:22,912810UB2,TSRYS5810883,D,B,C,2024-08-20,1000000.00,4.239803,105.109375
08:02:22,912810UB2,TSRYS5810883,D,S,D,2024-08-20,1000000.00,4.239803,105.109375
08:02:23,912810UB2,TSRYS5810883,D,B,C,2024-08-20,1000000.00,4.240941,105.09375
08:02:23,912810UB2,TSRYS5810883,D,S,D,2024-08-20,1000000.00,4.240941,105.09375
08:02:23,912810UB2,TSRYS5810883,D,B,C,2024-08-20,2000000.00,4.240941,105.09375
08:02:23,912810UB2,TSRYS5810883,D,S,C,2024-08-20,1000000.00,4.240927,105.09395
08:02:24,912810UB2,TSRYS5810883,D,B,C,2024-08-20,1000000.00,4.240952,105.0936
08:02:24,912810UB2,TSRYS5810883,D,S,D,2024-08-20,2000000.00,4.240941,105.09375
08:02:24,912810UB2,TSRYS5810883,D,S,D,2024-08-20,223000.00,4.236956,105.1484375
08:02:24,912810UB2,TSRYS5810883,D,S,C,2024-08-20,1000000.00,4.244343,105.047102
08:02:24,912810UB2,TSRYS5810883,D,S,D,2024-08-20,223000.00,4.227857,105.2734375
08:02:25,912810UB2,TSRYS5810883,D,S,A,2024-08-20,1000000.00,4.246639,105.015625
08:02:25,912810UB2,TSRYS5810883,D,S,D,2024-08-20,1000000.00,4.244359,105.046875
08:02:25,912810UB2,TSRYS5810883,D,S,C,2024-08-20,1000000.00,4.244359,105.046875
08:02:25,912810UB2,TSRYS5810883,D,S,D,2024-08-20,1000000.00,4.244359,105.046875
08:02:25,912810UB2,TSRYS5810883,D,S,C,2024-08-20,1000000.00,4.244359,105.046875
08:02:25,912810UB2,TSRYS5810883,D,S,A,2024-08-20,1000000.00,4.245499,105.03125
08:02:25,912810UB2,TSRYS5810883,D,S,A,2024-08-20,1000000.00,4.236103,105.16015625
08:02:26,912810UB2,TSRYS5810883,D,S,D,2024-08-20,1000000.00,4.246639,105.015625
08:02:26,912810UB2,TSRYS5810883,D,S,D,2024-08-20,1000000.00,4.246639,105.015625
08:02:26,912810UB2,TSRYS5810883,D,S,D,2024-08-20,1000000.00,4.246639,105.015625
08:02:26,912810UB2,TSRYS5810883,D,S,D,2024-08-20,1000000.00,4.246639,105.015625
08:02:26,912810UB2,TSRYS5810883,D,S,D,2024-08-20,1000000.00,4.246639,105.015625
08:02:26,912810UB2,TSRYS5810883,D,S,D,2024-08-20,2000000.00,4.246639,105.015625
08:02:26,912810UB2,TSRYS5810883,D,S,D,2024-08-20,1000000.00,4.246639,105.015625
08:02:26,912810UB2,TSRYS5810883,D,B,C,2024-08-20,1000000.00,4.246654,105.015425
08:02:26,912810UB2,TSRYS5810883,D,B,C,2024-08-20,1000000.00,4.246654,105.015425
08:02:26,912810UB2,TSRYS5810883,D,B,C,2024-08-20,2000000.00,4.246639,105.015625
08:02:26,912810UB2,TSRYS5810883,D,B,C,2024-08-20,1000000.00,4.246654,105.015425
08:02:26,912810UB2,TSRYS5810883,D,B,C,2024-08-20,2000000.00,4.24665,105.015475
08:02:26,912810UB2,TSRYS5810883,D,S,D,2024-08-20,1000000.00,4.246639,105.015625
08:02:26,912810UB2,TSRYS5810883,D,B,C,2024-08-20,2000000.00,4.246639,105.015625
08:02:26,912810UB2,TSRYS5810883,D,S,D,2024-08-20,2000000.00,4.246639,105.015625
08:02:26,912810UB2,TSRYS5810883,D,S,D,2024-08-20,1000000.00,4.246639,105.015625
08:02:26,912810UB2,TSRYS5810883,D,S,D,2024-08-20,2000000.00,4.246639,105.015625
08:02:26,912810UB2,TSRYS5810883,D,S,D,2024-08-20,2000000.00,4.245499,105.03125
08:02:26,912810UB2,TSRYS5810883,D,S,D,2024-08-20,1000000.00,4.245499,105.03125
08:02:26,912810UB2,TSRYS5810883,D,B,C,2024-08-20,1000000.00,4.245514,105.03105
08:02:26,912810UB2,TSRYS5810883,D,S,D,2024-08-20,1000000.00,4.245499,105.03125
08:02:26,912810UB2,TSRYS5810883,D,S,D,2024-08-20,1000000.00,4.245499,105.03125
08:02:26,912810UB2,TSRYS5810883,D,B,C,2024-08-20,2000000.00,4.245499,105.03125
08:02:26,912810UB2,TSRYS5810883,D,B,C,2024-08-20,1000000.00,4.24551,105.0311
08:02:27,912810UB2,TSRYS5810883,D,S,D,2024-08-20,1000000.00,4.245499,105.03125
08:02:27,912810UB2,TSRYS5810883,D,S,D,2024-08-20,1000000.00,4.245499,105.03125
08:02:27,912810UB2,TSRYS5810883,D,B,C,2024-08-20,1000000.00,4.24551,105.0311
08:02:27,912810UB2,TSRYS5810883,D,B,C,2024-08-20,1000000.00,4.245514,105.03105
08:02:27,912810UB2,TSRYS5810883,D,B,C,2024-08-20,1000000.00,4.245514,105.03105
08:02:27,912810UB2,TSRYS5810883,D,S,D,2024-08-20,1000000.00,4.245499,105.03125
08:02:27,912810UB2,TSRYS5810883,D,S,D,2024-08-20,1000000.00,4.245499,105.03125
08:02:27,912810UB2,TSRYS5810883,D,S,C,2024-08-20,1000000.00,4.245485,105.03145
08:02:27,912810UB2,TSRYS5810883,D,S,C,2024-08-20,1000000.00,4.245499,105.03125
08:02:27,912810UB2,TSRYS5810883,D,S,C,2024-08-20,1000000.00,4.245499,105.03125
08:02:27,912810UB2,TSRYS5810883,D,S,D,2024-08-20,1000000.00,4.245499,105.03125
08:02:27,912810UB2,TSRYS5810883,D,S,D,2024-08-20,1000000.00,4.245499,105.03125
08:02:27,912810UB2,TSRYS5810883,D,S,D,2024-08-20,1000000.00,4.245499,105.03125
08:02:27,912810UB2,TSRYS5810883,D,S,D,2024-08-20,1000000.00,4.245499,105.03125
08:02:27,912810UB2,TSRYS5810883,D,S,D,2024-08-20,1000000.00,4.24663,105.015755
08:02:27,912810UB2,TSRYS5810883,D,S,C,2024-08-20,1000000.00,4.246625,105.015825
08:02:27,912810UB2,TSRYS5810883,D,S,D,2024-08-20,5000000.00,4.245499,105.03125
08:02:29,912810UB2,TSRYS5810883,D,S,D,2024-08-20,1000000.00,4.245499,105.03125
08:02:29,912810UB2,TSRYS5810883,D,S,D,2024-08-20,1000000.00,4.245499,105.03125
08:02:29,912810UB2,TSRYS5810883,D,S,D,2024-08-20,1000000.00,4.245499,105.03125
08:02:29,912810UB2,TSRYS5810883,D,S,D,2024-08-20,1000000.00,4.245499,105.03125
08:02:29,912810UB2,TSRYS5810883,D,B,C,2024-08-20,1000000.00,4.245499,105.03125
08:02:29,912810UB2,TSRYS5810883,D,B,C,2024-08-20,1000000.00,4.246639,105.015625
08:02:29,912810UB2,TSRYS5810883,D,S,D,2024-08-20,1000000.00,4.246626,105.015802
08:02:29,912810UB2,TSRYS5810883,D,S,D,2024-08-20,1000000.00,4.246626,105.015802
08:02:29,912810UB2,TSRYS5810883,D,S,D,2024-08-20,1000000.00,4.246626,105.015802
08:02:29,912810UB2,TSRYS5810883,D,S,D,2024-08-20,1000000.00,4.246626,105.015802
08:02:29,912810UB2,TSRYS5810883,D,S,D,2024-08-20,1000000.00,4.246626,105.015802
08:02:29,912810UB2,TSRYS5810883,D,S,D,2024-08-20,1000000.00,4.246626,105.015802
08:02:29,912810UB2,TSRYS5810883,D,B,C,2024-08-20,1000000.00,4.246639,105.015625
08:02:29,912810UB2,TSRYS5810883,D,S,D,2024-08-20,1000000.00,4.246626,105.015802
08:02:29,912810UB2,TSRYS5810883,D,S,D,2024-08-20,1000000.00,4.246626,105.015802
08:02:29,912810UB2,TSRYS5810883,D,S,D,2024-08-20,1000000.00,4.246626,105.015802
08:02:29,912810UB2,TSRYS5810883,D,B,C,2024-08-20,1000000.00,4.24665,105.015475
08:02:29,912810UB2,TSRYS5810883,D,S,D,2024-08-20,1000000.00,4.246626,105.015802
08:02:29,912810UB2,TSRYS5810883,D,B,C,2024-08-20,1000000.00,4.246654,105.015425
08:02:29,912810UB2,TSRYS5810883,D,S,D,2024-08-20,1000000.00,4.246626,105.015802
08:02:29,912810UB2,TSRYS5810883,D,B,C,2024-08-20,1000000.00,4.24665,105.015475
08:02:29,912810UB2,TSRYS5810883,D,S,D,2024-08-20,1000000.00,4.246626,105.015802
08:02:29,912810UB2,TSRYS5810883,D,B,C,2024-08-20,1000000.00,4.246639,105.015625
08:02:29,912810UB2,TSRYS5810883,D,S,D,2024-08-20,1000000.00,4.246626,105.015802
08:02:29,912810UB2,TSRYS5810883,D,B,C,2024-08-20,1000000.00,4.246639,105.015625
08:02:29,912810UB2,TSRYS5810883,D,S,D,2024-08-20,1000000.00,4.246626,105.015802
08:02:29,912810UB2,TSRYS5810883,D,S,D,2024-08-20,1000000.00,4.246626,105.015802
08:02:29,912810UB2,TSRYS5810883,D,S,C,2024-08-20,1000000.00,4.236387,105.15625
08:02:29,912810UB2,TSRYS5810883,D,B,C,2024-08-20,1000000.00,4.246639,105.015625
08:02:29,912810UB2,TSRYS5810883,D,S,D,2024-08-20,1000000.00,4.246626,105.015802
08:02:29,912810UB2,TSRYS5810883,D,B,C,2024-08-20,1000000.00,4.246647,105.015525
08:02:29,912810UB2,TSRYS5810883,D,B,C,2024-08-20,1000000.00,4.246639,105.015625
08:02:29,912810UB2,TSRYS5810883,D,B,C,2024-08-20,1000000.00,4.24665,105.015475
08:02:29,912810UB2,TSRYS5810883,D,S,D,2024-08-20,1000000.00,4.246626,105.015802
08:02:29,912810UB2,TSRYS5810883,D,B,C,2024-08-20,1000000.00,4.246647,105.015525
08:02:29,912810UB2,TSRYS5810883,D,S,D,2024-08-20,1000000.00,4.246626,105.015802
08:02:29,912810UB2,TSRYS5810883,D,B,C,2024-08-20,1000000.00,4.246647,105.015525
08:02:29,912810UB2,TSRYS5810883,D,S,D,2024-08-20,1000000.00,4.246626,105.015802
08:02:29,912810UB2,TSRYS5810883,D,S,D,2024-08-20,1000000.00,4.246639,105.015625
08:02:29,912810UB2,TSRYS5810883,D,B,C,2024-08-20,1000000.00,4.246639,105.015625
08:02:29,912810UB2,TSRYS5810883,D,S,D,2024-08-20,1000000.00,4.245483,105.031475
08:02:29,912810UB2,TSRYS5810883,D,S,D,2024-08-20,1000000.00,4.245483,105.031475
08:02:29,912810UB2,TSRYS5810883,D,S,D,2024-08-20,1000000.00,4.245483,105.031475
08:02:29,912810UB2,TSRYS5810883,D,S,D,2024-08-20,1000000.00,4.245483,105.031475
08:02:29,912810UB2,TSRYS5810883,D,B,C,2024-08-20,1000000.00,4.245514,105.03105
08:02:29,912810UB2,TSRYS5810883,D,B,C,2024-08-20,1000000.00,4.245514,105.03105
08:02:29,912810UB2,TSRYS5810883,D,B,C,2024-08-20,1000000.00,4.245514,105.03105
08:02:29,912810UB2,TSRYS5810883,D,S,D,2024-08-20,1000000.00,4.245483,105.031475
08:02:29,912810UB2,TSRYS5810883,D,B,C,2024-08-20,1000000.00,4.24551,105.0311
08:02:29,912810UB2,TSRYS5810883,D,S,D,2024-08-20,1000000.00,4.245486,105.031427
08:02:29,912810UB2,TSRYS5810883,D,B,C,2024-08-20,1000000.00,4.24551,105.0311
08:02:29,912810UB2,TSRYS5810883,D,B,C,2024-08-20,1000000.00,4.245507,105.03115
08:02:29,912810UB2,TSRYS5810883,D,S,D,2024-08-20,1000000.00,4.245486,105.031427
08:02:29,912810UB2,TSRYS5810883,D,S,D,2024-08-20,1000000.00,4.245486,105.031427
08:02:29,912810UB2,TSRYS5810883,D,S,T,2024-08-20,1000000.00,4.242081,105.078125
08:02:29,912810UB2,TSRYS5810883,D,S,D,2024-08-20,1000000.00,4.245499,105.03125
08:02:29,912810UB2,TSRYS5810883,D,B,C,2024-08-20,1000000.00,4.245507,105.03115
08:02:29,912810UB2,TSRYS5810883,D,S,D,2024-08-20,1000000.00,4.245486,105.031427
08:02:29,912810UB2,TSRYS5810883,D,S,D,2024-08-20,1000000.00,4.245486,105.031427
08:02:29,912810UB2,TSRYS5810883,D,B,C,2024-08-20,1000000.00,4.245514,105.03105
08:02:29,912810UB2,TSRYS5810883,D,B,C,2024-08-20,1000000.00,4.245507,105.03115
08:02:29,912810UB2,TSRYS5810883,D,S,D,2024-08-20,1000000.00,4.245486,105.031427
08:02:29,912810UB2,TSRYS5810883,D,S,D,2024-08-20,1000000.00,4.245486,105.031427
08:02:29,912810UB2,TSRYS5810883,D,B,C,2024-08-20,1000000.00,4.245499,105.03125
08:02:29,912810UB2,TSRYS5810883,D,B,C,2024-08-20,1000000.00,4.245499,105.03125
08:02:29,912810UB2,TSRYS5810883,D,B,A,2024-08-20,1000000.00,4.242081,105.078125
08:02:30,912810UB2,TSRYS5810883,D,S,D,2024-08-20,1000000.00,4.245486,105.031427
08:02:30,912810UB2,TSRYS5810883,D,S,D,2024-08-20,1000000.00,4.245486,105.031427
08:02:30,912810UB2,TSRYS5810883,D,B,C,2024-08-20,1000000.00,4.245514,105.03105
08:02:30,912810UB2,TSRYS5810883,D,S,D,2024-08-20,1000000.00,4.245486,105.031427
08:02:30,912810UB2,TSRYS5810883,D,S,D,2024-08-20,1000000.00,4.245499,105.03125
08:02:30,912810UB2,TSRYS5810883,D,B,C,2024-08-20,1000000.00,4.244372,105.0467
08:02:30,912810UB2,TSRYS5810883,D,S,D,2024-08-20,1000000.00,4.244359,105.046875
08:02:30,912810UB2,TSRYS5810883,D,S,D,2024-08-20,1000000.00,4.236103,105.16015625
08:02:30,912810UB2,TSRYS5810883,D,B,C,2024-08-20,1000000.00,4.246639,105.015625
08:02:30,912810UB2,TSRYS5810883,D,B,C,2024-08-20,1000000.00,4.246639,105.015625
08:02:30,912810UB2,TSRYS5810883,D,S,D,2024-08-20,1000000.00,4.246639,105.015625
08:02:30,912810UB2,TSRYS5810883,D,S,C,2024-08-20,1000000.00,4.246625,105.015825
08:02:30,912810UB2,TSRYS5810883,D,S,D,2024-08-20,1000000.00,4.24322,105.0625
08:02:31,912810UB2,TSRYS5810883,D,B,C,2024-08-20,1000000.00,4.242081,105.078125
08:02:31,912810UB2,TSRYS5810883,D,S,D,2024-08-20,1000000.00,4.242081,105.078125
08:02:31,912810UB2,TSRYS5810883,D,S,D,2024-08-20,1000000.00,4.242081,105.078125
08:02:31,912810UB2,TSRYS5810883,D,B,C,2024-08-20,1000000.00,4.242093,105.07795
08:02:31,912810UB2,TSRYS5810883,D,S,D,2024-08-20,1000000.00,4.236103,105.16015625
08:02:31,912810UB2,TSRYS5810883,D,S,D,2024-08-20,1000000.00,4.236103,105.16015625
08:02:31,912810UB2,TSRYS5810883,D,S,D,2024-08-20,1000000.00,4.242081,105.078125
08:02:31,912810UB2,TSRYS5810883,D,S,D,2024-08-20,1000000.00,4.242081,105.078125
08:02:31,912810UB2,TSRYS5810883,D,S,C,2024-08-20,1000000.00,4.237241,105.14453125
08:02:32,912810UB2,TSRYS5810883,D,S,D,2024-08-20,1000000.00,4.242081,105.078125
08:02:32,912810UB2,TSRYS5810883,D,S,A,2024-08-20,621100.00,4.230698,105.2344
08:02:32,912810UB2,TSRYS5810883,D,S,C,2024-08-20,1000000.00,4.236245,105.158203125
08:02:32,912810UB2,TSRYS5810883,D,S,D,2024-08-20,1000000.00,4.236529,105.154296875
08:02:32,912810UB2,TSRYS5810883,D,S,D,2024-08-20,1000000.00,4.236529,105.154296875
08:02:32,912810UB2,TSRYS5810883,D,S,D,2024-08-20,1000000.00,4.236387,105.15625
08:02:32,912810UB2,TSRYS5810883,D,S,D,2024-08-20,1000000.00,4.236529,105.154296875
08:02:33,912810UB2,TSRYS5810883,D,S,D,2024-08-20,1000000.00,4.231268,105.2265625
08:02:33,912810UB2,TSRYS5810883,D,S,D,2024-08-20,1000000.00,4.231268,105.2265625
08:02:34,912810UB2,TSRYS5810883,D,B,C,2024-08-20,1595000.00,4.231836,105.21875
08:02:34,912810UB2,TSRYS5810883,D,S,D,2024-08-20,224000.00,4.239518,105.11328125
08:02:34,912810UB2,TSRYS5810883,D,S,C,2024-08-20,1000000.00,4.24322,105.0625
08:02:36,912810UB2,TSRYS5810883,D,B,C,2024-08-20,1000000.00,4.239814,105.109223
08:02:36,912810UB2,TSRYS5810883,D,S,D,2024-08-20,1000000.00,4.239803,105.109375
08:02:37,912810UB2,TSRYS5810883,D,S,D,2024-08-20,1000000.00,4.24322,105.0625
08:02:37,912810UB2,TSRYS5810883,D,S,C,2024-08-20,1000000.00,4.243205,105.0627
08:02:37,912810UB2,TSRYS5810883,D,S,D,2024-08-20,1000000.00,4.239803,105.109375
08:02:37,912810UB2,TSRYS5810883,D,B,C,2024-08-20,1000000.00,4.239803,105.109375
08:02:37,912810UB2,TSRYS5810883,D,S,D,2024-08-20,1000000.00,4.239803,105.109375
08:02:37,912810UB2,TSRYS5810883,D,B,C,2024-08-20,1000000.00,4.239814,105.109223
08:02:37,912810UB2,TSRYS5810883,D,S,D,2024-08-20,1000000.00,4.239803,105.109375
08:02:37,912810UB2,TSRYS5810883,D,S,D,2024-08-20,1000000.00,4.240929,105.093927
08:02:37,912810UB2,TSRYS5810883,D,S,C,2024-08-20,4400000.00,4.232656,105.20703125
08:02:37,912810UB2,TSRYS5810883,D,S,D,2024-08-20,1000000.00,4.240929,105.093927
08:02:38,912810UB2,TSRYS5810883,D,S,D,2024-08-20,1000000.00,4.242068,105.078302
08:02:38,912810UB2,TSRYS5810883,D,S,D,2024-08-20,1000000.00,4.242068,105.078302
08:02:38,912810UB2,TSRYS5810883,D,S,D,2024-08-20,1000000.00,4.242068,105.078302
08:02:38,912810UB2,TSRYS5810883,D,B,C,2024-08-20,1000000.00,4.242081,105.078125
08:02:38,912810UB2,TSRYS5810883,D,S,D,2024-08-20,1000000.00,4.23979,105.109552
08:02:38,912810UB2,TSRYS5810883,D,S,D,2024-08-20,1000000.00,4.23979,105.109552
08:02:38,912810UB2,TSRYS5810883,D,S,D,2024-08-20,1000000.00,4.23979,105.109552
08:02:38,912810UB2,TSRYS5810883,D,S,D,2024-08-20,1000000.00,4.240941,105.09375
08:02:38,912810UB2,TSRYS5810883,D,B,C,2024-08-20,1000000.00,4.240954,105.093575
08:02:39,912810UB2,TSRYS5810883,D,B,C,2024-08-20,1000000.00,4.240941,105.09375
08:02:39,912810UB2,TSRYS5810883,D,S,D,2024-08-20,1000000.00,4.240941,105.09375
08:02:44,912810UB2,TSRYS5810883,D,S,D,2024-08-20,1000000.00,4.237525,105.140625
08:02:45,912810UB2,TSRYS5810883,D,S,D,2024-08-20,1000000.00,4.238664,105.125
08:02:45,912810UB2,TSRYS5810883,D,S,D,2024-08-20,1000000.00,4.240941,105.09375
08:02:45,912810UB2,TSRYS5810883,D,S,D,2024-08-20,1000000.00,4.240941,105.09375
08:02:45,912810UB2,TSRYS5810883,D,S,D,2024-08-20,1000000.00,4.240941,105.09375
08:02:45,912810UB2,TSRYS5810883,D,S,C,2024-08-20,1000000.00,4.240941,105.09375
08:02:45,912810UB2,TSRYS5810883,D,S,C,2024-08-20,1000000.00,4.240941,105.09375
08:02:45,912810UB2,TSRYS5810883,D,S,C,2024-08-20,1000000.00,4.240941,105.09375
08:02:46,912810UB2,TSRYS5810883,D,S,D,2024-08-20,1000000.00,4.240932,105.09388
08:02:48,912810UB2,TSRYS5810883,D,S,D,2024-08-20,1000000.00,4.237525,105.140625
08:02:50,912810UB2,TSRYS5810883,D,S,C,2024-08-20,1000000.00,4.232974,105.203125
08:02:50,912810UB2,TSRYS5810883,D,S,D,2024-08-20,1000000.00,4.232974,105.203125
08:02:51,912810UB2,TSRYS5810883,D,S,D,2024-08-20,1000000.00,4.231836,105.21875
08:02:51,912810UB2,TSRYS5810883,D,S,D,2024-08-20,1000000.00,4.231836,105.21875
08:02:51,912810UB2,TSRYS5810883,D,S,D,2024-08-20,1000000.00,4.231836,105.21875
08:02:51,912810UB2,TSRYS5810883,D,S,D,2024-08-20,1000000.00,4.231836,105.21875
08:02:51,912810UB2,TSRYS5810883,D,S,D,2024-08-20,1000000.00,4.231836,105.21875
08:02:51,912810UB2,TSRYS5810883,D,S,D,2024-08-20,1000000.00,4.231836,105.21875
08:02:51,912810UB2,TSRYS5810883,D,S,D,2024-08-20,1000000.00,4.231836,105.21875
08:02:51,912810UB2,TSRYS5810883,D,B,C,2024-08-20,1000000.00,4.231836,105.21875
08:02:51,912810UB2,TSRYS5810883,D,S,D,2024-08-20,1000000.00,4.231836,105.21875
08:02:51,912810UB2,TSRYS5810883,D,S,D,2024-08-20,1000000.00,4.231836,105.21875
08:02:51,912810UB2,TSRYS5810883,D,S,D,2024-08-20,1000000.00,4.231836,105.21875
08:02:51,912810UB2,TSRYS5810883,D,S,D,2024-08-20,1000000.00,4.231836,105.21875
08:02:51,912810UB2,TSRYS5810883,D,S,D,2024-08-20,1000000.00,4.231836,105.21875
08:02:51,912810UB2,TSRYS5810883,D,B,C,2024-08-20,1000000.00,4.231836,105.21875
08:02:52,912810UB2,TSRYS5810883,D,S,D,2024-08-20,1000000.00,4.231836,105.21875
08:02:52,912810UB2,TSRYS5810883,D,S,D,2024-08-20,1000000.00,4.231836,105.21875
08:02:52,912810UB2,TSRYS5810883,D,S,D,2024-08-20,1000000.00,4.231836,105.21875
08:02:52,912810UB2,TSRYS5810883,D,S,D,2024-08-20,1000000.00,4.231836,105.21875
08:02:52,912810UB2,TSRYS5810883,D,B,C,2024-08-20,1000000.00,4.231836,105.21875
08:02:52,912810UB2,TSRYS5810883,D,S,D,2024-08-20,1000000.00,4.231836,105.21875
08:02:52,912810UB2,TSRYS5810883,D,S,D,2024-08-20,1000000.00,4.231836,105.21875
08:02:52,912810UB2,TSRYS5810883,D,B,C,2024-08-20,1000000.00,4.231836,105.21875
08:02:52,912810UB2,TSRYS5810883,D,S,D,2024-08-20,1000000.00,4.231836,105.21875
08:02:52,912810UB2,TSRYS5810883,D,S,D,2024-08-20,1000000.00,4.231836,105.21875
08:02:52,912810UB2,TSRYS5810883,D,S,C,2024-08-20,2000000.00,4.230699,105.234375
08:02:52,912810UB2,TSRYS5810883,D,S,D,2024-08-20,1000000.00,4.231836,105.21875
08:02:52,912810UB2,TSRYS5810883,D,S,D,2024-08-20,1000000.00,4.232974,105.203125
08:02:52,912810UB2,TSRYS5810883,D,S,D,2024-08-20,1000000.00,4.232974,105.203125
08:02:52,912810UB2,TSRYS5810883,D,S,D,2024-08-20,1000000.00,4.232974,105.203125
08:02:52,912810UB2,TSRYS5810883,D,S,D,2024-08-20,1000000.00,4.232974,105.203125
08:02:53,912810UB2,TSRYS5810883,D,S,C,2024-08-20,1000000.00,4.228426,105.265625
08:02:54,912810UB2,TSRYS5810883,D,S,D,2024-08-20,1000000.00,4.228426,105.265625
08:02:54,912810UB2,TSRYS5810883,D,S,D,2024-08-20,1000000.00,4.228426,105.265625
08:02:54,912810UB2,TSRYS5810883,D,S,D,2024-08-20,1000000.00,4.228426,105.265625
08:02:54,912810UB2,TSRYS5810883,D,B,C,2024-08-20,1000000.00,4.22844,105.265425
08:02:54,912810UB2,TSRYS5810883,D,S,D,2024-08-20,1000000.00,4.228426,105.265625
08:02:54,912810UB2,TSRYS5810883,D,S,D,2024-08-20,1000000.00,4.228426,105.265625
08:02:54,912810UB2,TSRYS5810883,D,S,D,2024-08-20,1000000.00,4.228426,105.265625
08:02:54,912810UB2,TSRYS5810883,D,S,D,2024-08-20,1000000.00,4.228426,105.265625
08:02:54,912810UB2,TSRYS5810883,D,S,D,2024-08-20,1000000.00,4.228426,105.265625
08:02:54,912810UB2,TSRYS5810883,D,B,C,2024-08-20,1000000.00,4.22844,105.265425
08:02:54,912810UB2,TSRYS5810883,D,S,D,2024-08-20,1000000.00,4.228426,105.265625
08:02:57,912810UB2,TSRYS5810883,D,S,D,2024-08-20,1000000.00,4.231836,105.21875
08:02:57,912810UB2,TSRYS5810883,D,S,D,2024-08-20,1000000.00,4.231836,105.21875
08:02:57,912810UB2,TSRYS5810883,D,S,C,2024-08-20,1000000.00,4.231825,105.218902
08:02:57,912810UB2,TSRYS5810883,D,S,C,2024-08-20,1000000.00,4.231979,105.216796875
08:02:57,912810UB2,TSRYS5810883,D,S,C,2024-08-20,1000000.00,4.232963,105.203277
08:02:57,912810UB2,TSRYS5810883,D,S,D,2024-08-20,1000000.00,4.232974,105.203125
08:02:57,912810UB2,TSRYS5810883,D,S,D,2024-08-20,1000000.00,4.232974,105.203125
08:02:57,912810UB2,TSRYS5810883,D,S,D,2024-08-20,1000000.00,4.232974,105.203125
08:02:57,912810UB2,TSRYS5810883,D,S,C,2024-08-20,1000000.00,4.231979,105.216796875
08:02:57,912810UB2,TSRYS5810883,D,S,D,2024-08-20,1000000.00,4.232974,105.203125
08:02:57,912810UB2,TSRYS5810883,D,S,D,2024-08-20,1000000.00,4.231836,105.21875
08:02:58,912810UB2,TSRYS5810883,D,S,D,2024-08-20,1000000.00,4.231836,105.21875
08:02:58,912810UB2,TSRYS5810883,D,S,C,2024-08-20,664000.00,4.234111,105.1875
08:02:58,912810UB2,TSRYS5810883,D,B,A,2024-08-20,254000.00,4.233827,105.19140625
08:02:58,912810UB2,TSRYS5810883,D,S,C,2024-08-20,1000000.00,4.232963,105.203277
08:02:58,912810UB2,TSRYS5810883,D,S,C,2024-08-20,1000000.00,4.2341,105.187652
08:02:59,912810UB2,TSRYS5810883,D,S,D,2024-08-20,1000000.00,4.229555,105.250102
08:03:01,912810UB2,TSRYS5810883,D,S,D,2024-08-20,1000000.00,4.23069,105.234505
08:03:03,912810UB2,TSRYS5810883,D,S,D,2024-08-20,1000000.00,4.223868,105.328302
08:03:03,912810UB2,TSRYS5810883,D,S,D,2024-08-20,1000000.00,4.223868,105.328302
08:03:03,912810UB2,TSRYS5810883,D,S,D,2024-08-20,1000000.00,4.225017,105.3125
08:03:03,912810UB2,TSRYS5810883,D,S,D,2024-08-20,1000000.00,4.225017,105.3125
08:03:03,912810UB2,TSRYS5810883,D,S,D,2024-08-20,1000000.00,4.225017,105.3125
08:03:04,912810UB2,TSRYS5810883,D,B,C,2024-08-20,1000000.00,4.227289,105.28125
08:03:04,912810UB2,TSRYS5810883,D,S,C,2024-08-20,1000000.00,4.227278,105.281402
08:03:04,912810UB2,TSRYS5810883,D,S,C,2024-08-20,1000000.00,4.228415,105.265777
08:03:04,912810UB2,TSRYS5810883,D,S,D,2024-08-20,1000000.00,4.228416,105.265755
08:03:04,912810UB2,TSRYS5810883,D,S,D,2024-08-20,1000000.00,4.230699,105.234375
08:03:04,912810UB2,TSRYS5810883,D,B,C,2024-08-20,1000000.00,4.229562,105.25
08:03:04,912810UB2,TSRYS5810883,D,S,C,2024-08-20,1000000.00,4.229551,105.250152
08:03:04,912810UB2,TSRYS5810883,D,S,D,2024-08-20,1000000.00,4.232547,105.208984375
08:03:04,912810UB2,TSRYS5810883,D,S,D,2024-08-20,1000000.00,4.232547,105.208984375
08:03:04,912810UB2,TSRYS5810883,D,S,D,2024-08-20,1000000.00,4.232547,105.208984375
08:03:04,912810UB2,TSRYS5810883,D,S,D,2024-08-20,1000000.00,4.233258,105.19921875
08:03:05,912810UB2,TSRYS5810883,D,B,C,2024-08-20,1000000.00,4.231836,105.21875
08:03:05,912810UB2,TSRYS5810883,D,S,D,2024-08-20,1000000.00,4.231836,105.21875
08:03:06,912810UB2,TSRYS5810883,D,S,D,2024-08-20,1000000.00,4.233258,105.19921875
08:03:06,912810UB2,TSRYS5810883,D,S,D,2024-08-20,1000000.00,4.232263,105.212890625
08:03:06,912810UB2,TSRYS5810883,D,S,D,2024-08-20,1000000.00,4.232121,105.21484375
08:03:07,912810UB2,TSRYS5810883,D,S,C,2024-08-20,15000.00,4.243505,105.09192708333
08:03:07,912810UB2,TSRYS5810883,D,S,D,2024-08-20,1000000.00,4.232689,105.20703125
08:03:07,912810UB2,TSRYS5810883,D,B,C,2024-08-20,1000000.00,4.229579,105.249775
08:03:07,912810UB2,TSRYS5810883,D,B,C,2024-08-20,1000000.00,4.229579,105.249775
08:03:07,912810UB2,TSRYS5810883,D,S,D,2024-08-20,1000000.00,4.229562,105.25
08:03:07,912810UB2,TSRYS5810883,D,S,D,2024-08-20,1000000.00,4.229562,105.25
08:03:07,912810UB2,TSRYS5810883,D,S,D,2024-08-20,1000000.00,4.229136,105.255859375
08:03:09,912810UB2,TSRYS5810883,D,S,D,2024-08-20,1000000.00,4.232974,105.203125
08:03:09,912810UB2,TSRYS5810883,D,S,D,2024-08-20,1000000.00,4.232974,105.203125
08:03:09,912810UB2,TSRYS5810883,D,S,D,2024-08-20,1000000.00,4.232974,105.203125
08:03:09,912810UB2,TSRYS5810883,D,S,D,2024-08-20,1000000.00,4.232974,105.203125
08:03:09,912810UB2,TSRYS5810883,D,S,D,2024-08-20,1000000.00,4.232974,105.203125
08:03:09,912810UB2,TSRYS5810883,D,S,D,2024-08-20,1000000.00,4.234102,105.18763
08:03:11,912810UB2,TSRYS5810883,D,S,D,2024-08-20,1000000.00,4.234111,105.1875
08:03:12,912810UB2,TSRYS5810883,D,B,C,2024-08-20,1000000.00,4.230699,105.234375
08:03:12,912810UB2,TSRYS5810883,D,S,D,2024-08-20,1000000.00,4.230699,105.234375
08:03:13,912810UB2,TSRYS5810883,D,B,C,2024-08-20,1000000.00,4.227289,105.28125
08:03:13,912810UB2,TSRYS5810883,D,S,D,2024-08-20,1000000.00,4.227289,105.28125
08:03:13,912810UB2,TSRYS5810883,D,S,D,2024-08-20,1000000.00,4.237525,105.140625
08:03:13,912810UB2,TSRYS5810883,D,S,D,2024-08-20,1000000.00,4.237525,105.140625
08:03:14,912810UB2,TSRYS5810883,D,S,D,2024-08-20,1000000.00,4.238664,105.125
08:03:14,912810UB2,TSRYS5810883,D,S,D,2024-08-20,1000000.00,4.238664,105.125
08:03:14,912810UB2,TSRYS5810883,D,S,D,2024-08-20,1000000.00,4.238664,105.125
08:03:14,912810UB2,TSRYS5810883,D,S,D,2024-08-20,1000000.00,4.238664,105.125
08:03:14,912810UB2,TSRYS5810883,D,S,C,2024-08-20,1000000.00,4.237525,105.140625
08:03:14,912810UB2,TSRYS5810883,D,S,D,2024-08-20,1000000.00,4.237525,105.140625
08:03:14,912810UB2,TSRYS5810883,D,S,D,2024-08-20,1000000.00,4.223313,105.3359375
08:03:14,912810UB2,TSRYS5810883,D,S,D,2024-08-20,1000000.00,4.223313,105.3359375
08:03:15,912810UB2,TSRYS5810883,D,S,D,2024-08-20,1000000.00,4.238664,105.125
08:03:15,912810UB2,TSRYS5810883,D,S,D,2024-08-20,1000000.00,4.238664,105.125
08:03:15,912810UB2,TSRYS5810883,D,S,D,2024-08-20,1000000.00,4.238664,105.125
08:03:15,912810UB2,TSRYS5810883,D,S,D,2024-08-20,1000000.00,4.238664,105.125
08:03:15,912810UB2,TSRYS5810883,D,S,D,2024-08-20,1000000.00,4.238664,105.125
08:03:15,912810UB2,TSRYS5810883,D,B,C,2024-08-20,1000000.00,4.238664,105.125
08:03:15,912810UB2,TSRYS5810883,D,S,D,2024-08-20,1000000.00,4.238664,105.125
08:03:15,912810UB2,TSRYS5810883,D,S,D,2024-08-20,1000000.00,4.238664,105.125
08:03:15,912810UB2,TSRYS5810883,D,S,D,2024-08-20,1000000.00,4.238664,105.125
08:03:15,912810UB2,TSRYS5810883,D,S,D,2024-08-20,1000000.00,4.238664,105.125
08:03:15,912810UB2,TSRYS5810883,D,S,D,2024-08-20,1000000.00,4.238664,105.125
08:03:15,912810UB2,TSRYS5810883,D,S,D,2024-08-20,1000000.00,4.238664,105.125
08:03:15,912810UB2,TSRYS5810883,D,S,D,2024-08-20,1000000.00,4.238664,105.125
08:03:15,912810UB2,TSRYS5810883,D,S,D,2024-08-20,1000000.00,4.238664,105.125
08:03:15,912810UB2,TSRYS5810883,D,S,D,2024-08-20,1000000.00,4.238664,105.125
08:03:15,912810UB2,TSRYS5810883,D,S,D,2024-08-20,1000000.00,4.239803,105.109375
08:03:15,912810UB2,TSRYS5810883,D,S,D,2024-08-20,1000000.00,4.239803,105.109375
08:03:15,912810UB2,TSRYS5810883,D,S,D,2024-08-20,1000000.00,4.239803,105.109375
08:03:18,912810UB2,TSRYS5810883,D,B,A,2024-08-20,700000.00,4.235534,105.16796875
08:03:18,912810UB2,TSRYS5810883,D,B,C,2024-08-20,70800.00,4.240971,105.09335
08:03:20,912810UB2,TSRYS5810883,D,S,C,2024-08-20,1000000.00,4.226153,105.296875
08:03:20,912810UB2,TSRYS5810883,D,S,D,2024-08-20,1000000.00,4.226295,105.294921875
08:03:20,912810UB2,TSRYS5810883,D,B,C,2024-08-20,1000000.00,4.24322,105.0625
08:03:20,912810UB2,TSRYS5810883,D,S,D,2024-08-20,1000000.00,4.24322,105.0625
08:03:20,912810UB2,TSRYS5810883,D,B,C,2024-08-20,1000000.00,4.24322,105.0625
08:03:20,912810UB2,TSRYS5810883,D,S,D,2024-08-20,1000000.00,4.24322,105.0625
08:03:21,912810UB2,TSRYS5810883,D,S,D,2024-08-20,1000000.00,4.242081,105.078125
08:03:21,912810UB2,TSRYS5810883,D,S,D,2024-08-20,1000000.00,4.242081,105.078125
08:03:21,912810UB2,TSRYS5810883,D,S,C,2024-08-20,3000000.00,4.242081,105.078125
08:03:21,912810UB2,TSRYS5810883,D,B,C,2024-08-20,1000000.00,4.242081,105.078125
08:03:21,912810UB2,TSRYS5810883,D,B,C,2024-08-20,1000000.00,4.239803,105.109375
08:03:21,912810UB2,TSRYS5810883,D,S,D,2024-08-20,1000000.00,4.239803,105.109375
08:03:21,912810UB2,TSRYS5810883,D,S,D,2024-08-20,1000000.00,4.238664,105.125
08:03:21,912810UB2,TSRYS5810883,D,B,C,2024-08-20,1000000.00,4.238678,105.1248
08:03:21,912810UB2,TSRYS5810883,D,S,D,2024-08-20,1000000.00,4.237514,105.140777
08:03:21,912810UB2,TSRYS5810883,D,S,D,2024-08-20,1000000.00,4.237514,105.140777
08:03:21,912810UB2,TSRYS5810883,D,B,C,2024-08-20,1000000.00,4.237525,105.140625
08:03:21,912810UB2,TSRYS5810883,D,S,D,2024-08-20,1000000.00,4.237514,105.140777
08:03:22,912810UB2,TSRYS5810883,D,B,C,2024-08-20,1000000.00,4.235249,105.171875
08:03:22,912810UB2,TSRYS5810883,D,S,D,2024-08-20,1000000.00,4.235238,105.172027
08:03:22,912810UB2,TSRYS5810883,D,S,D,2024-08-20,1000000.00,4.235238,105.172027
08:03:22,912810UB2,TSRYS5810883,D,S,D,2024-08-20,1000000.00,4.235238,105.172027
08:03:24,912810UB2,TSRYS5810883,D,S,C,2024-08-20,1000000.00,4.232963,105.203275
08:03:24,912810UB2,TSRYS5810883,D,B,C,2024-08-20,1000000.00,4.232988,105.202925
08:03:24,912810UB2,TSRYS5810883,D,S,C,2024-08-20,1000000.00,4.232963,105.203275
08:03:24,912810UB2,TSRYS5810883,D,S,C,2024-08-20,1000000.00,4.232963,105.203275
08:03:24,912810UB2,TSRYS5810883,D,B,C,2024-08-20,1000000.00,4.232974,105.203125
08:03:24,912810UB2,TSRYS5810883,D,B,C,2024-08-20,1000000.00,4.232987,105.20295
08:03:26,912810UB2,TSRYS5810883,D,S,C,2024-08-20,1000000.00,4.235235,105.172075
08:03:27,912810UB2,TSRYS5810883,D,S,A,2024-08-20,1000000.00,4.232689,105.20703125
08:03:27,912810UB2,TSRYS5810883,D,S,D,2024-08-20,1000000.00,4.230699,105.234375
08:03:28,912810UB2,TSRYS5810883,D,B,C,2024-08-20,1000000.00,4.230712,105.2342
08:03:28,912810UB2,TSRYS5810883,D,S,C,2024-08-20,1000000.00,4.231822,105.21895
08:03:28,912810UB2,TSRYS5810883,D,B,C,2024-08-20,1000000.00,4.231836,105.21875
08:03:28,912810UB2,TSRYS5810883,D,S,D,2024-08-20,1000000.00,4.229562,105.25
08:03:28,912810UB2,TSRYS5810883,D,S,C,2024-08-20,1000000.00,4.229562,105.25
08:03:28,912810UB2,TSRYS5810883,D,S,D,2024-08-20,1000000.00,4.231836,105.21875
08:03:28,912810UB2,TSRYS5810883,D,B,C,2024-08-20,1000000.00,4.231849,105.218575
08:03:29,912810UB2,TSRYS5810883,D,S,D,2024-08-20,1000000.00,4.230699,105.234375
08:03:29,912810UB2,TSRYS5810883,D,B,C,2024-08-20,1000000.00,4.230714,105.234175
08:03:30,912810UB2,TSRYS5810883,D,S,D,2024-08-20,1000000.00,4.232547,105.208984375
08:03:31,912810UB2,TSRYS5810883,D,S,D,2024-08-20,1000000.00,4.234111,105.1875
08:03:31,912810UB2,TSRYS5810883,D,S,C,2024-08-20,1000000.00,4.234097,105.1877
08:03:31,912810UB2,TSRYS5810883,D,S,C,2024-08-20,1000000.00,4.236373,105.15645
08:03:31,912810UB2,TSRYS5810883,D,S,D,2024-08-20,1000000.00,4.235249,105.171875
08:03:31,912810UB2,TSRYS5810883,D,S,D,2024-08-20,1000000.00,4.234111,105.1875
08:03:31,912810UB2,TSRYS5810883,D,S,D,2024-08-20,1000000.00,4.232547,105.208984375
08:03:33,912810UB2,TSRYS5810883,D,S,C,2024-08-20,1000000.00,4.234111,105.1875
08:03:33,912810UB2,TSRYS5810883,D,S,D,2024-08-20,1000000.00,4.234111,105.1875
08:03:33,912810UB2,TSRYS5810883,D,S,D,2024-08-20,1000000.00,4.234111,105.1875
08:03:34,912810UB2,TSRYS5810883,D,S,D,2024-08-20,1000000.00,4.232974,105.203125
08:03:34,912810UB2,TSRYS5810883,D,S,C,2024-08-20,1000000.00,4.232974,105.203125
08:03:34,912810UB2,TSRYS5810883,D,B,C,2024-08-20,1000000.00,4.232996,105.202825
08:03:35,912810UB2,TSRYS5810883,D,S,D,2024-08-20,1000000.00,4.238095,105.1328125
08:03:37,912810UB2,TSRYS5810883,D,S,C,2024-08-20,75000.00,4.229847,105.24609375
08:03:38,912810UB2,TSRYS5810883,D,S,D,2024-08-20,1000000.00,4.235534,105.16796875
08:03:38,912810UB2,TSRYS5810883,D,S,D,2024-08-20,1000000.00,4.235534,105.16796875
08:03:38,912810UB2,TSRYS5810883,D,S,D,2024-08-20,1000000.00,4.234822,105.177734375
08:03:40,912810UB2,TSRYS5810883,D,B,C,2024-08-20,1860000.00,4.225017,105.3125
08:03:42,912810UB2,TSRYS5810883,D,S,D,2024-08-20,1000000.00,4.238522,105.126953125
08:03:42,912810UB2,TSRYS5810883,D,S,D,2024-08-20,1000000.00,4.238522,105.126953125
08:03:42,912810UB2,TSRYS5810883,D,S,D,2024-08-20,1000000.00,4.237952,105.134765625
08:03:42,912810UB2,TSRYS5810883,D,S,D,2024-08-20,1000000.00,4.237952,105.134765625
08:03:42,912810UB2,TSRYS5810883,D,S,A,2024-08-20,2000000.00,4.223313,105.3359375
08:03:42,912810UB2,TSRYS5810883,D,S,A,2024-08-20,1000000.00,4.223313,105.3359375
08:03:42,912810UB2,TSRYS5810883,D,S,A,2024-08-20,1000000.00,4.223313,105.3359375
08:03:42,912810UB2,TSRYS5810883,D,S,A,2024-08-20,1000000.00,4.223313,105.3359375
08:03:42,912810UB2,TSRYS5810883,D,S,A,2024-08-20,2000000.00,4.223313,105.3359375
08:03:42,912810UB2,TSRYS5810883,D,S,A,2024-08-20,1000000.00,4.223881,105.328125
08:03:42,912810UB2,TSRYS5810883,D,S,A,2024-08-20,1000000.00,4.223313,105.3359375
08:03:43,912810UB2,TSRYS5810883,D,S,A,2024-08-20,1000000.00,4.223881,105.328125
08:03:43,912810UB2,TSRYS5810883,D,S,D,2024-08-20,1000000.00,4.240372,105.1015625
08:03:43,912810UB2,TSRYS5810883,D,B,A,2024-08-20,4000000.00,4.232974,105.203125
08:03:43,912810UB2,TSRYS5810883,D,B,A,2024-08-20,1000000.00,4.232974,105.203125
08:03:43,912810UB2,TSRYS5810883,D,S,T,2024-08-20,1000000.00,4.232987,105.202948
08:03:43,912810UB2,TSRYS5810883,D,S,T,2024-08-20,1000000.00,4.232987,105.202948
08:03:43,912810UB2,TSRYS5810883,D,S,T,2024-08-20,1000000.00,4.232987,105.202948
08:03:43,912810UB2,TSRYS5810883,D,S,T,2024-08-20,1000000.00,4.232987,105.202948
08:03:43,912810UB2,TSRYS5810883,D,S,T,2024-08-20,1000000.00,4.232987,105.202948
08:03:43,912810UB2,TSRYS5810883,D,S,D,2024-08-20,14000000.00,4.238285,105.1302
08:03:45,912810UB2,TSRYS5810883,D,S,D,2024-08-20,1000000.00,4.241511,105.0859375
08:03:50,912810UB2,TSRYS5810883,D,S,D,2024-08-20,2000000.00,4.231836,105.21875
08:03:50,912810UB2,TSRYS5810883,D,S,D,2024-08-20,2000000.00,4.231836,105.21875
08:03:51,912810UB2,TSRYS5810883,D,S,D,2024-08-20,1000000.00,4.245214,105.03515625
08:03:53,912810UB2,TSRYS5810883,D,S,C,2024-08-20,2000000.00,4.242081,105.078125
08:03:53,912810UB2,TSRYS5810883,D,S,D,2024-08-20,1000000.00,4.240514,105.099609375
08:03:53,912810UB2,TSRYS5810883,D,S,D,2024-08-20,1000000.00,4.240514,105.099609375
08:03:53,912810UB2,TSRYS5810883,D,S,D,2024-08-20,1000000.00,4.240514,105.099609375
08:03:53,912810UB2,TSRYS5810883,D,B,C,2024-08-20,1000000.00,4.240941,105.09375
08:03:53,912810UB2,TSRYS5810883,D,S,D,2024-08-20,1000000.00,4.240941,105.09375
08:03:53,912810UB2,TSRYS5810883,D,S,D,2024-08-20,1000000.00,4.240087,105.10546875
08:03:53,912810UB2,TSRYS5810883,D,S,D,2024-08-20,1000000.00,4.238949,105.12109375
08:03:53,912810UB2,TSRYS5810883,D,S,D,2024-08-20,1000000.00,4.238949,105.12109375
08:03:56,912810UB2,TSRYS5810883,D,S,C,2024-08-20,95000.00,4.224449,105.3203125
08:03:57,912810UB2,TSRYS5810883,D,S,D,2024-08-20,1000000.00,4.237241,105.14453125
08:03:57,912810UB2,TSRYS5810883,D,S,D,2024-08-20,1000000.00,4.236529,105.154296875
08:03:59,912810UB2,TSRYS5810883,D,S,D,2024-08-20,1000000.00,4.235249,105.171875
08:04:00,912810UB2,TSRYS5810883,D,S,D,2024-08-20,2000000.00,4.233543,105.1953125
08:04:01,912810UB2,TSRYS5810883,D,S,D,2024-08-20,1000000.00,4.234254,105.185546875
08:04:06,912810UB2,TSRYS5810883,D,S,C,2024-08-20,1000000.00,4.234111,105.1875
08:04:06,912810UB2,TSRYS5810883,D,S,D,2024-08-20,1000000.00,4.234111,105.1875
08:04:06,912810UB2,TSRYS5810883,D,B,C,2024-08-20,1000000.00,4.234111,105.1875
08:04:06,912810UB2,TSRYS5810883,D,S,D,2024-08-20,1000000.00,4.234254,105.185546875
08:04:06,912810UB2,TSRYS5810883,D,S,D,2024-08-20,1000000.00,4.234254,105.185546875
08:04:06,912810UB2,TSRYS5810883,D,S,D,2024-08-20,1000000.00,4.234254,105.185546875
08:04:08,912810UB2,TSRYS5810883,D,S,D,2024-08-20,1000000.00,4.23468,105.1796875
08:04:08,912810UB2,TSRYS5810883,D,S,D,2024-08-20,1000000.00,4.23468,105.1796875
08:04:08,912810UB2,TSRYS5810883,D,S,D,2024-08-20,1000000.00,4.23468,105.1796875
08:04:08,912810UB2,TSRYS5810883,D,S,D,2024-08-20,1000000.00,4.23468,105.1796875
08:04:09,912810UB2,TSRYS5810883,D,S,D,2024-08-20,1000000.00,4.235818,105.1640625
08:04:09,912810UB2,TSRYS5810883,D,S,D,2024-08-20,2000000.00,4.235818,105.1640625
08:04:10,912810UB2,TSRYS5810883,D,S,D,2024-08-20,1000000.00,4.235391,105.169921875
08:04:11,912810UB2,TSRYS5810883,D,S,D,2024-08-20,1000000.00,4.236103,105.16015625
08:04:12,912810UB2,TSRYS5810883,D,S,A,2024-08-20,1500000.00,4.233543,105.1953125
08:04:13,912810UB2,TSRYS5810883,D,S,T,2024-08-20,1000000.00,4.234111,105.1875
08:04:15,912810UB2,TSRYS5810883,D,B,C,2024-08-20,60000.00,4.23781,105.13671875
08:04:16,912810UB2,TSRYS5810883,D,B,C,2024-08-20,1000000.00,4.231836,105.21875
08:04:16,912810UB2,TSRYS5810883,D,S,C,2024-08-20,1000000.00,4.231836,105.21875
08:04:16,912810UB2,TSRYS5810883,D,S,C,2024-08-20,1000000.00,4.230699,105.234375
08:04:21,912810UB2,TSRYS5810883,D,S,D,2024-08-20,1000000.00,4.232405,105.2109375
08:04:21,912810UB2,TSRYS5810883,D,S,D,2024-08-20,1000000.00,4.232405,105.2109375
08:04:21,912810UB2,TSRYS5810883,D,S,D,2024-08-20,1000000.00,4.232547,105.208984375
08:04:21,912810UB2,TSRYS5810883,D,S,D,2024-08-20,1000000.00,4.232405,105.2109375
08:04:21,912810UB2,TSRYS5810883,D,S,D,2024-08-20,1000000.00,4.232405,105.2109375
08:04:21,912810UB2,TSRYS5810883,D,S,D,2024-08-20,1000000.00,4.232405,105.2109375
08:04:21,912810UB2,TSRYS5810883,D,S,D,2024-08-20,1000000.00,4.232405,105.2109375
08:04:22,912810UB2,TSRYS5810883,D,S,D,2024-08-20,2000000.00,4.233116,105.201171875
08:04:26,912810UB2,TSRYS5810883,D,B,C,2024-08-20,18000000.00,4.242679,105.0699125
08:04:26,912810UB2,TSRYS5810883,D,S,T,2024-08-20,1000000.00,4.242081,105.078125
08:04:26,912810UB2,TSRYS5810883,D,S,T,2024-08-20,1000000.00,4.242081,105.078125
08:04:26,912810UB2,TSRYS5810883,D,S,T,2024-08-20,1000000.00,4.242081,105.078125
08:04:26,912810UB2,TSRYS5810883,D,S,T,2024-08-20,2000000.00,4.242081,105.078125
08:04:26,912810UB2,TSRYS5810883,D,S,T,2024-08-20,1000000.00,4.242081,105.078125
08:04:26,912810UB2,TSRYS5810883,D,S,T,2024-08-20,3000000.00,4.242081,105.078125
08:04:26,912810UB2,TSRYS5810883,D,S,T,2024-08-20,1000000.00,4.242081,105.078125
08:04:27,912810UB2,TSRYS5810883,D,S,D,2024-08-20,2000000.00,4.234538,105.181640625
08:04:27,912810UB2,TSRYS5810883,D,S,D,2024-08-20,2000000.00,4.234538,105.181640625
08:04:27,912810UB2,TSRYS5810883,D,S,D,2024-08-20,2000000.00,4.234538,105.181640625
08:04:27,912810UB2,TSRYS5810883,D,S,D,2024-08-20,2000000.00,4.234538,105.181640625
08:04:27,912810UB2,TSRYS5810883,D,S,D,2024-08-20,1000000.00,4.234822,105.177734375
08:04:27,912810UB2,TSRYS5810883,D,S,D,2024-08-20,1000000.00,4.234822,105.177734375
08:04:27,912810UB2,TSRYS5810883,D,S,D,2024-08-20,1000000.00,4.234111,105.1875
08:04:27,912810UB2,TSRYS5810883,D,S,D,2024-08-20,1000000.00,4.234822,105.177734375
08:04:27,912810UB2,TSRYS5810883,D,S,D,2024-08-20,1000000.00,4.234822,105.177734375
08:04:27,912810UB2,TSRYS5810883,D,S,D,2024-08-20,1000000.00,4.234822,105.177734375
08:04:27,912810UB2,TSRYS5810883,D,S,D,2024-08-20,1000000.00,4.23468,105.1796875
08:04:27,912810UB2,TSRYS5810883,D,S,D,2024-08-20,1000000.00,4.234965,105.17578125
08:04:28,912810UB2,TSRYS5810883,D,S,T,2024-08-20,1000000.00,4.240799,105.095703125
08:04:28,912810UB2,TSRYS5810883,D,S,T,2024-08-20,2000000.00,4.240799,105.095703125
08:04:29,912810UB2,TSRYS5810883,D,S,T,2024-08-20,1000000.00,4.240799,105.095703125
08:04:29,912810UB2,TSRYS5810883,D,S,D,2024-08-20,2000000.00,4.233543,105.1953125
08:04:29,912810UB2,TSRYS5810883,D,S,D,2024-08-20,1000000.00,4.232121,105.21484375
08:04:29,912810UB2,TSRYS5810883,D,S,T,2024-08-20,1000000.00,4.240799,105.095703125
08:04:30,912810UB2,TSRYS5810883,D,S,D,2024-08-20,1000000.00,4.233685,105.193359375
08:04:30,912810UB2,TSRYS5810883,D,S,D,2024-08-20,2000000.00,4.233543,105.1953125
08:04:31,912810UB2,TSRYS5810883,D,S,T,2024-08-20,1000000.00,4.240657,105.09765625
08:04:31,912810UB2,TSRYS5810883,D,S,T,2024-08-20,1000000.00,4.240657,105.09765625
08:04:31,912810UB2,TSRYS5810883,D,S,D,2024-08-20,1000000.00,4.233827,105.19140625
08:04:33,912810UB2,TSRYS5810883,D,S,D,2024-08-20,1000000.00,4.234111,105.1875
08:04:35,912810UB2,TSRYS5810883,D,B,C,2024-08-20,1000000.00,4.231836,105.21875
08:04:35,912810UB2,TSRYS5810883,D,S,C,2024-08-20,1000000.00,4.231836,105.21875
08:04:39,912810UB2,TSRYS5810883,D,S,D,2024-08-20,25000000.00,4.240069,105.10572
08:05:02,912810UB2,TSRYS5810883,D,S,T,2024-08-20,3000000.00,4.234254,105.185546875
08:05:02,912810UB2,TSRYS5810883,D,S,T,2024-08-20,3000000.00,4.234254,105.185546875
08:05:07,912810UB2,TSRYS5810883,D,S,D,2024-08-20,3000000.00,4.234254,105.185546875
08:05:07,912810UB2,TSRYS5810883,D,S,D,2024-08-20,3000000.00,4.234254,105.185546875
08:05:09,912810UB2,TSRYS5810883,D,S,T,2024-08-20,1000000.00,4.234111,105.1875
08:05:09,912810UB2,TSRYS5810883,D,S,T,2024-08-20,1000000.00,4.233258,105.19921875
