tradeTime,cusip,issueSymbolIdentifier,priceType,reportingSideCode,contraPartyTypeCode,tradeDate,reportedTradeVolume,lastSaleYield,lastSalePrice
08:00:03,912810UB2,TSRYS5810883,D,S,D,2024-07-12,1000000.00,4.527196,101.265625
08:00:03,912810UB2,TSRYS5810883,D,S,D,2024-07-12,1000000.00,4.528388,101.25
08:00:06,912810UB2,TSRYS5810883,D,S,T,2024-07-12,1000000.00,4.530773,101.21875
08:00:06,912810UB2,TSRYS5810883,D,S,T,2024-07-12,1000000.00,4.531071,101.21484375
08:00:06,912810UB2,TSRYS5810883,D,S,D,2024-07-12,1000000.00,4.519156,101.37109375
08:00:06,912810UB2,TSRYS5810883,D,S,D,2024-07-12,1000000.00,4.519305,101.369140625
08:00:06,912810UB2,TSRYS5810883,D,S,D,2024-07-12,1000000.00,4.535247,101.16015625
08:00:06,912810UB2,TSRYS5810883,D,S,D,2024-07-12,1000000.00,4.535247,101.16015625
08:00:06,912810UB2,TSRYS5810883,D,S,D,2024-07-12,1000000.00,4.535098,101.162109375
08:00:06,912810UB2,TSRYS5810883,D,S,D,2024-07-12,1000000.00,4.535098,101.162109375
08:00:06,912810UB2,TSRYS5810883,D,S,D,2024-07-12,1000000.00,4.538083,101.123046875
08:00:06,912810UB2,TSRYS5810883,D,S,D,2024-07-12,1000000.00,4.538083,101.123046875
08:00:06,912810UB2,TSRYS5810883,D,S,D,2024-07-12,1000000.00,4.538232,101.12109375
08:00:06,912810UB2,TSRYS5810883,D,S,D,2024-07-12,1000000.00,4.538232,101.12109375
08:00:06,912810UB2,TSRYS5810883,D,S,D,2024-07-12,1000000.00,4.538531,101.1171875
08:00:06,912810UB2,TSRYS5810883,D,S,D,2024-07-12,1000000.00,4.538381,101.119140625
08:00:06,912810UB2,TSRYS5810883,D,S,D,2024-07-12,1000000.00,4.537934,101.125
08:00:06,912810UB2,TSRYS5810883,D,S,D,2024-07-12,1000000.00,4.537934,101.125
08:00:06,912810UB2,TSRYS5810883,D,S,D,2024-07-12,1000000.00,4.537934,101.125
08:00:06,912810UB2,TSRYS5810883,D,S,D,2024-07-12,1000000.00,4.538083,101.123046875
08:00:06,912810UB2,TSRYS5810883,D,S,D,2024-07-12,1000000.00,4.535695,101.154296875
08:00:06,912810UB2,TSRYS5810883,D,S,D,2024-07-12,1000000.00,4.535695,101.154296875
08:00:06,912810UB2,TSRYS5810883,D,S,D,2024-07-12,1000000.00,4.537784,101.126953125
08:00:06,912810UB2,TSRYS5810883,D,S,D,2024-07-12,1000000.00,4.536441,101.14453125
08:00:06,912810UB2,TSRYS5810883,D,S,T,2024-07-12,1000000.00,4.538083,101.123046875
08:00:06,912810UB2,TSRYS5810883,D,S,T,2024-07-12,1000000.00,4.538083,101.123046875
08:00:10,912810UB2,TSRYS5810883,D,B,C,2024-07-12,100000.00,4.508168,101.516
08:00:10,912810UB2,TSRYS5810883,D,S,D,2024-07-12,100000.00,4.508168,101.516
08:00:12,912810UB2,TSRYS5810883,D,S,D,2024-07-12,1000000.00,4.516478,101.40625
08:00:14,912810UB2,TSRYS5810883,D,S,D,2024-07-12,1000000.00,4.526898,101.26953125
08:00:14,912810UB2,TSRYS5810883,D,S,D,2024-07-12,1000000.00,4.527792,101.2578125
08:00:14,912810UB2,TSRYS5810883,D,S,D,2024-07-12,1000000.00,4.52958,101.234375
08:00:14,912810UB2,TSRYS5810883,D,S,D,2024-07-12,1000000.00,4.52958,101.234375
08:00:14,912810UB2,TSRYS5810883,D,S,D,2024-07-12,1000000.00,4.52958,101.234375
08:00:14,912810UB2,TSRYS5810883,D,S,D,2024-07-12,1000000.00,4.52958,101.234375
08:00:14,912810UB2,TSRYS5810883,D,S,T,2024-07-12,1000000.00,4.52958,101.234375
08:00:15,912810UB2,TSRYS5810883,D,S,T,2024-07-12,1000000.00,4.530773,101.21875
08:00:16,912810UB2,TSRYS5810883,D,S,T,2024-07-12,1000000.00,4.524813,101.296875
08:00:16,912810UB2,TSRYS5810883,D,S,T,2024-07-12,1000000.00,4.523621,101.3125
08:00:17,912810UB2,TSRYS5810883,D,S,D,2024-07-12,1000000.00,4.52958,101.234375
08:00:19,912810UB2,TSRYS5810883,D,S,T,2024-07-12,1000000.00,4.531966,101.203125
08:00:19,912810UB2,TSRYS5810883,D,S,T,2024-07-12,1000000.00,4.532562,101.1953125
08:00:19,912810UB2,TSRYS5810883,D,S,T,2024-07-12,1000000.00,4.528388,101.25
08:00:19,912810UB2,TSRYS5810883,D,S,T,2024-07-12,1000000.00,4.528388,101.25
08:00:20,912810UB2,TSRYS5810883,D,S,T,2024-07-12,1000000.00,4.532562,101.1953125
08:00:20,912810UB2,TSRYS5810883,D,S,T,2024-07-12,3000000.00,4.528388,101.25
08:00:20,912810UB2,TSRYS5810883,D,S,T,2024-07-12,1000000.00,4.528388,101.25
08:00:21,912810UB2,TSRYS5810883,D,S,D,2024-07-12,1000000.00,4.528388,101.25
08:00:21,912810UB2,TSRYS5810883,D,S,D,2024-07-12,1000000.00,4.532562,101.1953125
08:00:21,912810UB2,TSRYS5810883,D,S,T,2024-07-12,1000000.00,4.528388,101.25
08:00:21,912810UB2,TSRYS5810883,D,S,T,2024-07-12,1000000.00,4.531966,101.203125
08:00:21,912810UB2,TSRYS5810883,D,S,T,2024-07-12,1000000.00,4.528388,101.25
08:00:22,912810UB2,TSRYS5810883,D,S,T,2024-07-12,1000000.00,4.531966,101.203125
08:00:22,912810UB2,TSRYS5810883,D,S,T,2024-07-12,1000000.00,4.532413,101.197265625
08:00:22,912810UB2,TSRYS5810883,D,S,T,2024-07-12,1000000.00,4.532562,101.1953125
08:00:22,912810UB2,TSRYS5810883,D,S,T,2024-07-12,1000000.00,4.531966,101.203125
08:00:22,912810UB2,TSRYS5810883,D,S,T,2024-07-12,1000000.00,4.531966,101.203125
08:00:22,912810UB2,TSRYS5810883,D,S,T,2024-07-12,1000000.00,4.531966,101.203125
08:00:22,912810UB2,TSRYS5810883,D,S,T,2024-07-12,1000000.00,4.532711,101.193359375
08:00:22,912810UB2,TSRYS5810883,D,S,A,2024-07-12,1000000.00,4.52958,101.234375
08:00:23,912810UB2,TSRYS5810883,D,S,D,2024-07-12,1000000.00,4.532562,101.1953125
08:00:23,912810UB2,TSRYS5810883,D,S,T,2024-07-12,3000000.00,4.528388,101.25
08:00:23,912810UB2,TSRYS5810883,D,S,T,2024-07-12,1000000.00,4.532711,101.193359375
08:00:23,912810UB2,TSRYS5810883,D,S,T,2024-07-12,2000000.00,4.531966,101.203125
08:00:23,912810UB2,TSRYS5810883,D,S,T,2024-07-12,2000000.00,4.531966,101.203125
08:00:23,912810UB2,TSRYS5810883,D,S,A,2024-07-12,1000000.00,4.534352,101.171875
08:00:24,912810UB2,TSRYS5810883,D,S,T,2024-07-12,1000000.00,4.528388,101.25
08:00:24,912810UB2,TSRYS5810883,D,S,T,2024-07-12,2000000.00,4.528388,101.25
08:00:26,912810UB2,TSRYS5810883,D,S,D,2024-07-12,1000000.00,4.532562,101.1953125
08:00:26,912810UB2,TSRYS5810883,D,S,D,2024-07-12,1000000.00,4.532562,101.1953125
08:00:26,912810UB2,TSRYS5810883,D,S,D,2024-07-12,1000000.00,4.531966,101.203125
08:00:26,912810UB2,TSRYS5810883,D,S,T,2024-07-12,1000000.00,4.523621,101.3125
08:00:26,912810UB2,TSRYS5810883,D,S,T,2024-07-12,1000000.00,4.523621,101.3125
08:00:27,912810UB2,TSRYS5810883,D,S,T,2024-07-12,1000000.00,4.527047,101.267578125
08:00:27,912810UB2,TSRYS5810883,D,S,D,2024-07-12,1000000.00,4.519156,101.37109375
08:00:27,912810UB2,TSRYS5810883,D,S,T,2024-07-12,1000000.00,4.519305,101.369140625
08:00:27,912810UB2,TSRYS5810883,D,S,D,2024-07-12,1000000.00,4.537934,101.125
08:00:27,912810UB2,TSRYS5810883,D,S,D,2024-07-12,1000000.00,4.538531,101.1171875
08:00:27,912810UB2,TSRYS5810883,D,S,D,2024-07-12,1000000.00,4.538531,101.1171875
08:00:27,912810UB2,TSRYS5810883,D,S,D,2024-07-12,1000000.00,4.538531,101.1171875
08:00:27,912810UB2,TSRYS5810883,D,S,D,2024-07-12,1000000.00,4.536441,101.14453125
08:00:27,912810UB2,TSRYS5810883,D,S,D,2024-07-12,1000000.00,4.534949,101.1640625
08:00:27,912810UB2,TSRYS5810883,D,S,D,2024-07-12,1000000.00,4.532861,101.19140625
08:00:27,912810UB2,TSRYS5810883,D,S,D,2024-07-12,1000000.00,4.532861,101.19140625
08:00:33,912810UB2,TSRYS5810883,D,S,T,2024-07-12,1000000.00,4.520049,101.359375
08:00:33,912810UB2,TSRYS5810883,D,S,T,2024-07-12,1000000.00,4.520049,101.359375
08:00:33,912810UB2,TSRYS5810883,D,S,T,2024-07-12,1000000.00,4.52243,101.328125
08:00:33,912810UB2,TSRYS5810883,D,S,T,2024-07-12,1000000.00,4.52958,101.234375
08:00:33,912810UB2,TSRYS5810883,D,S,T,2024-07-12,1000000.00,4.530773,101.21875
08:00:33,912810UB2,TSRYS5810883,D,S,T,2024-07-12,1000000.00,4.530773,101.21875
08:00:33,912810UB2,TSRYS5810883,D,S,T,2024-07-12,1000000.00,4.530773,101.21875
08:00:33,912810UB2,TSRYS5810883,D,S,T,2024-07-12,1000000.00,4.529431,101.236328125
08:00:33,912810UB2,TSRYS5810883,D,S,T,2024-07-12,1000000.00,4.530773,101.21875
08:00:33,912810UB2,TSRYS5810883,D,S,T,2024-07-12,1000000.00,4.530773,101.21875
08:00:33,912810UB2,TSRYS5810883,D,S,T,2024-07-12,1000000.00,4.533159,101.1875
08:00:33,912810UB2,TSRYS5810883,D,S,T,2024-07-12,1000000.00,4.530773,101.21875
08:00:33,912810UB2,TSRYS5810883,D,S,T,2024-07-12,1000000.00,4.530773,101.21875
08:00:33,912810UB2,TSRYS5810883,D,S,T,2024-07-12,1000000.00,4.528537,101.248046875
08:00:33,912810UB2,TSRYS5810883,D,S,T,2024-07-12,1000000.00,4.526749,101.271484375
08:00:33,912810UB2,TSRYS5810883,D,S,T,2024-07-12,1000000.00,4.528388,101.25
08:00:33,912810UB2,TSRYS5810883,D,S,T,2024-07-12,1000000.00,4.529133,101.240234375
08:00:33,912810UB2,TSRYS5810883,D,S,T,2024-07-12,1000000.00,4.523621,101.3125
08:00:33,912810UB2,TSRYS5810883,D,S,T,2024-07-12,1000000.00,4.523472,101.314453125
08:00:33,912810UB2,TSRYS5810883,D,S,T,2024-07-12,1000000.00,4.521239,101.34375
08:00:33,912810UB2,TSRYS5810883,D,S,T,2024-07-12,1000000.00,4.52109,101.345703125
08:00:33,912810UB2,TSRYS5810883,D,S,T,2024-07-12,1000000.00,4.521239,101.34375
08:00:33,912810UB2,TSRYS5810883,D,S,T,2024-07-12,1000000.00,4.521239,101.34375
08:00:33,912810UB2,TSRYS5810883,D,S,T,2024-07-12,1000000.00,4.517073,101.3984375
08:00:33,912810UB2,TSRYS5810883,D,S,T,2024-07-12,1000000.00,4.521239,101.34375
08:00:33,912810UB2,TSRYS5810883,D,S,T,2024-07-12,1000000.00,4.521239,101.34375
08:00:33,912810UB2,TSRYS5810883,D,S,T,2024-07-12,2000000.00,4.521239,101.34375
08:00:33,912810UB2,TSRYS5810883,D,S,T,2024-07-12,1000000.00,4.525408,101.2890625
08:00:33,912810UB2,TSRYS5810883,D,S,T,2024-07-12,1000000.00,4.525408,101.2890625
08:00:33,912810UB2,TSRYS5810883,D,S,T,2024-07-12,1000000.00,4.526004,101.28125
08:00:33,912810UB2,TSRYS5810883,D,S,T,2024-07-12,1000000.00,4.524813,101.296875
08:00:33,912810UB2,TSRYS5810883,D,S,T,2024-07-12,1000000.00,4.52958,101.234375
08:00:33,912810UB2,TSRYS5810883,D,S,T,2024-07-12,1000000.00,4.530773,101.21875
08:00:33,912810UB2,TSRYS5810883,D,S,T,2024-07-12,1000000.00,4.533159,101.1875
08:00:33,912810UB2,TSRYS5810883,D,S,T,2024-07-12,1000000.00,4.53674,101.140625
08:00:33,912810UB2,TSRYS5810883,D,S,T,2024-07-12,1000000.00,4.52958,101.234375
08:00:33,912810UB2,TSRYS5810883,D,S,T,2024-07-12,1000000.00,4.526004,101.28125
08:00:33,912810UB2,TSRYS5810883,D,S,T,2024-07-12,1000000.00,4.526004,101.28125
08:00:33,912810UB2,TSRYS5810883,D,S,T,2024-07-12,1000000.00,4.526004,101.28125
08:00:33,912810UB2,TSRYS5810883,D,S,T,2024-07-12,1000000.00,4.523175,101.318359375
08:00:33,912810UB2,TSRYS5810883,D,S,T,2024-07-12,1000000.00,4.523621,101.3125
08:00:33,912810UB2,TSRYS5810883,D,S,T,2024-07-12,1000000.00,4.523621,101.3125
08:00:33,912810UB2,TSRYS5810883,D,S,T,2024-07-12,1000000.00,4.523621,101.3125
08:00:33,912810UB2,TSRYS5810883,D,S,T,2024-07-12,1000000.00,4.523621,101.3125
08:00:33,912810UB2,TSRYS5810883,D,S,D,2024-07-12,1000000.00,4.516478,101.40625
08:00:33,912810UB2,TSRYS5810883,D,S,D,2024-07-12,1000000.00,4.526898,101.26953125
08:00:33,912810UB2,TSRYS5810883,D,S,D,2024-07-12,1000000.00,4.527792,101.2578125
08:00:33,912810UB2,TSRYS5810883,D,S,D,2024-07-12,1000000.00,4.528388,101.25
08:00:33,912810UB2,TSRYS5810883,D,S,D,2024-07-12,1000000.00,4.531966,101.203125
08:00:33,912810UB2,TSRYS5810883,D,S,D,2024-07-12,1000000.00,4.523621,101.3125
08:00:33,912810UB2,TSRYS5810883,D,S,D,2024-07-12,1000000.00,4.526004,101.28125
08:00:33,912810UB2,TSRYS5810883,D,S,D,2024-07-12,1000000.00,4.528388,101.25
08:00:33,912810UB2,TSRYS5810883,D,S,D,2024-07-12,1000000.00,4.528388,101.25
08:00:33,912810UB2,TSRYS5810883,D,S,D,2024-07-12,1000000.00,4.517371,101.39453125
08:00:33,912810UB2,TSRYS5810883,D,S,D,2024-07-12,1000000.00,4.530922,101.216796875
08:00:33,912810UB2,TSRYS5810883,D,S,D,2024-07-12,1000000.00,4.527345,101.263671875
08:00:33,912810UB2,TSRYS5810883,D,S,D,2024-07-12,2000000.00,4.532264,101.19921875
08:00:33,912810UB2,TSRYS5810883,D,S,D,2024-07-12,2000000.00,4.530922,101.216796875
08:00:33,912810UB2,TSRYS5810883,D,S,D,2024-07-12,2000000.00,4.533905,101.177734375
08:00:33,912810UB2,TSRYS5810883,D,S,D,2024-07-12,2000000.00,4.533905,101.177734375
08:00:33,912810UB2,TSRYS5810883,D,S,D,2024-07-12,1000000.00,4.533756,101.1796875
08:00:33,912810UB2,TSRYS5810883,D,S,D,2024-07-12,1000000.00,4.533756,101.1796875
08:00:33,912810UB2,TSRYS5810883,D,S,D,2024-07-12,1000000.00,4.532264,101.19921875
08:00:33,912810UB2,TSRYS5810883,D,S,D,2024-07-12,1000000.00,4.535098,101.162109375
08:00:33,912810UB2,TSRYS5810883,D,S,D,2024-07-12,1000000.00,4.535098,101.162109375
08:00:33,912810UB2,TSRYS5810883,D,S,D,2024-07-12,2000000.00,4.535098,101.162109375
08:00:33,912810UB2,TSRYS5810883,D,S,D,2024-07-12,2000000.00,4.534949,101.1640625
08:00:33,912810UB2,TSRYS5810883,D,S,D,2024-07-12,1000000.00,4.539576,101.103515625
08:00:33,912810UB2,TSRYS5810883,D,S,D,2024-07-12,1000000.00,4.536441,101.14453125
08:00:33,912810UB2,TSRYS5810883,D,S,D,2024-07-12,1000000.00,4.536441,101.14453125
08:00:33,912810UB2,TSRYS5810883,D,S,D,2024-07-12,1000000.00,4.537934,101.125
08:00:33,912810UB2,TSRYS5810883,D,S,D,2024-07-12,1000000.00,4.537934,101.125
08:00:33,912810UB2,TSRYS5810883,D,S,D,2024-07-12,2000000.00,4.531668,101.20703125
08:00:33,912810UB2,TSRYS5810883,D,S,D,2024-07-12,1000000.00,4.52377,101.310546875
08:00:33,912810UB2,TSRYS5810883,D,S,D,2024-07-12,2000000.00,4.524515,101.30078125
08:00:33,912810UB2,TSRYS5810883,D,S,D,2024-07-12,2000000.00,4.524515,101.30078125
08:00:33,912810UB2,TSRYS5810883,D,S,D,2024-07-12,1000000.00,4.524515,101.30078125
08:00:33,912810UB2,TSRYS5810883,D,S,D,2024-07-12,1000000.00,4.524515,101.30078125
08:00:33,912810UB2,TSRYS5810883,D,S,D,2024-07-12,1000000.00,4.523621,101.3125
08:00:33,912810UB2,TSRYS5810883,D,S,D,2024-07-12,1000000.00,4.524813,101.296875
08:00:33,912810UB2,TSRYS5810883,D,S,D,2024-07-12,1000000.00,4.524813,101.296875
08:00:33,912810UB2,TSRYS5810883,D,S,T,2024-07-12,1000000.00,4.528388,101.25
08:00:33,912810UB2,TSRYS5810883,D,S,T,2024-07-12,1000000.00,4.529431,101.236328125
08:00:34,912810UB2,TSRYS5810883,D,S,T,2024-07-12,1000000.00,4.517371,101.39453125
08:00:34,912810UB2,TSRYS5810883,D,S,T,2024-07-12,1000000.00,4.525408,101.2890625
08:00:34,912810UB2,TSRYS5810883,D,S,T,2024-07-12,1000000.00,4.525408,101.2890625
08:00:34,912810UB2,TSRYS5810883,D,S,T,2024-07-12,1000000.00,4.525408,101.2890625
08:00:34,912810UB2,TSRYS5810883,D,S,T,2024-07-12,1000000.00,4.525408,101.2890625
08:00:34,912810UB2,TSRYS5810883,D,S,T,2024-07-12,1000000.00,4.526004,101.28125
08:00:34,912810UB2,TSRYS5810883,D,S,T,2024-07-12,1000000.00,4.52377,101.310546875
08:00:34,912810UB2,TSRYS5810883,D,B,A,2024-07-12,50000000.00,4.52958,101.234375
08:00:34,912810UB2,TSRYS5810883,D,S,D,2024-07-12,1000000.00,4.528388,101.25
08:00:34,912810UB2,TSRYS5810883,D,S,D,2024-07-12,1000000.00,4.526302,101.27734375
08:00:37,912810UB2,TSRYS5810883,D,S,D,2024-07-12,2000000.00,4.526302,101.27734375
08:00:37,912810UB2,TSRYS5810883,D,S,D,2024-07-12,1000000.00,4.523621,101.3125
08:00:37,912810UB2,TSRYS5810883,D,S,C,2024-07-12,260000.00,4.528984,101.2421875
08:00:37,912810UB2,TSRYS5810883,D,S,T,2024-07-12,1000000.00,4.523919,101.30859375
08:00:40,912810UB2,TSRYS5810883,D,B,C,2024-07-12,50000000.00,4.528388,101.25
08:00:40,912810UB2,TSRYS5810883,D,B,C,2024-07-12,3000000.00,4.523621,101.3125
08:00:40,912810UB2,TSRYS5810883,D,S,T,2024-07-12,1000000.00,4.527196,101.265625
08:00:40,912810UB2,TSRYS5810883,D,S,T,2024-07-12,1000000.00,4.527196,101.265625
08:00:40,912810UB2,TSRYS5810883,D,S,T,2024-07-12,1000000.00,4.527196,101.265625
08:00:40,912810UB2,TSRYS5810883,D,S,T,2024-07-12,2000000.00,4.527196,101.265625
08:00:40,912810UB2,TSRYS5810883,D,S,T,2024-07-12,1000000.00,4.527196,101.265625
08:00:40,912810UB2,TSRYS5810883,D,S,T,2024-07-12,1000000.00,4.527196,101.265625
08:00:40,912810UB2,TSRYS5810883,D,S,T,2024-07-12,1000000.00,4.527196,101.265625
08:00:40,912810UB2,TSRYS5810883,D,S,T,2024-07-12,1000000.00,4.527196,101.265625
08:00:40,912810UB2,TSRYS5810883,D,S,T,2024-07-12,1000000.00,4.527196,101.265625
08:00:40,912810UB2,TSRYS5810883,D,S,T,2024-07-12,1000000.00,4.527643,101.259765625
08:00:40,912810UB2,TSRYS5810883,D,S,T,2024-07-12,1000000.00,4.527196,101.265625
08:00:40,912810UB2,TSRYS5810883,D,S,T,2024-07-12,1000000.00,4.527792,101.2578125
08:00:40,912810UB2,TSRYS5810883,D,S,T,2024-07-12,1000000.00,4.527196,101.265625
08:00:40,912810UB2,TSRYS5810883,D,S,T,2024-07-12,1000000.00,4.527196,101.265625
08:00:40,912810UB2,TSRYS5810883,D,S,T,2024-07-12,1000000.00,4.527196,101.265625
08:00:40,912810UB2,TSRYS5810883,D,S,T,2024-07-12,1000000.00,4.527196,101.265625
08:00:40,912810UB2,TSRYS5810883,D,S,T,2024-07-12,1000000.00,4.527196,101.265625
08:00:40,912810UB2,TSRYS5810883,D,S,T,2024-07-12,2000000.00,4.527792,101.2578125
08:00:40,912810UB2,TSRYS5810883,D,S,T,2024-07-12,1000000.00,4.527196,101.265625
08:00:40,912810UB2,TSRYS5810883,D,S,T,2024-07-12,1000000.00,4.527196,101.265625
08:00:40,912810UB2,TSRYS5810883,D,S,T,2024-07-12,1000000.00,4.528388,101.25
08:00:40,912810UB2,TSRYS5810883,D,S,T,2024-07-12,1000000.00,4.528388,101.25
08:00:40,912810UB2,TSRYS5810883,D,S,T,2024-07-12,1000000.00,4.528388,101.25
08:00:40,912810UB2,TSRYS5810883,D,S,T,2024-07-12,1000000.00,4.528388,101.25
08:00:40,912810UB2,TSRYS5810883,D,S,T,2024-07-12,1000000.00,4.528388,101.25
08:00:40,912810UB2,TSRYS5810883,D,S,T,2024-07-12,2000000.00,4.528388,101.25
08:00:40,912810UB2,TSRYS5810883,D,S,T,2024-07-12,1000000.00,4.52958,101.234375
08:00:40,912810UB2,TSRYS5810883,D,S,T,2024-07-12,1000000.00,4.52958,101.234375
08:00:40,912810UB2,TSRYS5810883,D,S,T,2024-07-12,1000000.00,4.52958,101.234375
08:00:40,912810UB2,TSRYS5810883,D,S,T,2024-07-12,1000000.00,4.52958,101.234375
08:00:40,912810UB2,TSRYS5810883,D,S,T,2024-07-12,1000000.00,4.52958,101.234375
08:00:40,912810UB2,TSRYS5810883,D,S,T,2024-07-12,1000000.00,4.528388,101.25
08:00:40,912810UB2,TSRYS5810883,D,S,T,2024-07-12,1000000.00,4.528388,101.25
08:00:40,912810UB2,TSRYS5810883,D,S,T,2024-07-12,1000000.00,4.528388,101.25
08:00:40,912810UB2,TSRYS5810883,D,S,T,2024-07-12,1000000.00,4.528388,101.25
08:00:40,912810UB2,TSRYS5810883,D,S,T,2024-07-12,1000000.00,4.530326,101.22460938
08:00:40,912810UB2,TSRYS5810883,D,S,T,2024-07-12,1000000.00,4.52958,101.234375
08:00:40,912810UB2,TSRYS5810883,D,S,T,2024-07-12,1000000.00,4.52958,101.234375
08:00:40,912810UB2,TSRYS5810883,D,S,T,2024-07-12,1000000.00,4.52958,101.234375
08:00:40,912810UB2,TSRYS5810883,D,B,A,2024-07-12,500000.00,4.530475,101.22265625
08:00:40,912810UB2,TSRYS5810883,D,S,T,2024-07-12,1000000.00,4.52958,101.234375
08:00:40,912810UB2,TSRYS5810883,D,S,T,2024-07-12,1000000.00,4.528388,101.25
08:00:40,912810UB2,TSRYS5810883,D,S,A,2024-07-12,200000.00,4.524813,101.296875
08:00:40,912810UB2,TSRYS5810883,D,S,T,2024-07-12,1000000.00,4.530177,101.2265625
08:00:40,912810UB2,TSRYS5810883,D,B,A,2024-07-12,260000.00,4.517966,101.38671875
08:00:40,912810UB2,TSRYS5810883,D,B,A,2024-07-12,1200000.00,4.520632,101.3515625
08:00:41,912810UB2,TSRYS5810883,D,B,C,2024-07-12,50000000.00,4.52958,101.234375
08:00:41,912810UB2,TSRYS5810883,D,B,C,2024-07-12,3000000.00,4.532861,101.19140625
08:00:41,912810UB2,TSRYS5810883,D,S,C,2024-07-12,940000.00,4.525111,101.29296875
08:00:43,912810UB2,TSRYS5810883,D,S,T,2024-07-12,3000000.00,4.528388,101.25
08:00:47,912810UB2,TSRYS5810883,D,S,T,2024-07-12,1000000.00,4.52377,101.310546875
08:00:48,912810UB2,TSRYS5810883,D,S,D,2024-07-12,1000000.00,4.526004,101.28125
08:00:50,912810UB2,TSRYS5810883,D,S,T,2024-07-12,1000000.00,4.527196,101.265625
08:00:52,912810UB2,TSRYS5810883,D,S,D,2024-07-12,260000.00,,101.2421875
08:00:54,912810UB2,TSRYS5810883,D,S,T,2024-07-12,1000000.00,4.520049,101.359375
08:00:55,912810UB2,TSRYS5810883,D,S,T,2024-07-12,3000000.00,4.520049,101.359375
08:00:55,912810UB2,TSRYS5810883,D,S,T,2024-07-12,1000000.00,4.520049,101.359375
08:00:56,912810UB2,TSRYS5810883,D,S,T,2024-07-12,1000000.00,4.520049,101.359375
08:00:56,912810UB2,TSRYS5810883,D,S,T,2024-07-12,1000000.00,4.520049,101.359375
08:00:56,912810UB2,TSRYS5810883,D,S,A,2024-07-12,470000.00,4.524217,101.3046875
08:00:56,912810UB2,TSRYS5810883,D,S,T,2024-07-12,2000000.00,4.520049,101.359375
08:00:58,912810UB2,TSRYS5810883,D,S,A,2024-07-12,490000.00,4.527196,101.265625
08:01:00,912810UB2,TSRYS5810883,D,S,A,2024-07-12,500000.00,4.517643,101.390625
08:01:00,912810UB2,TSRYS5810883,D,S,A,2024-07-12,500000.00,4.527482,101.26171875
08:01:00,912810UB2,TSRYS5810883,D,S,D,2024-07-12,1000000.00,4.527196,101.265625
08:01:00,912810UB2,TSRYS5810883,D,S,C,2024-07-12,1000000.00,4.516478,101.40625
08:01:00,912810UB2,TSRYS5810883,D,S,A,2024-07-12,900000.00,4.520049,101.359375
08:01:00,912810UB2,TSRYS5810883,D,S,D,2024-07-12,1000000.00,4.52958,101.234375
08:01:00,912810UB2,TSRYS5810883,D,S,D,2024-07-12,1000000.00,4.52958,101.234375
08:01:00,912810UB2,TSRYS5810883,D,S,D,2024-07-12,3000000.00,4.529282,101.23828125
08:01:00,912810UB2,TSRYS5810883,D,S,D,2024-07-12,1000000.00,4.52958,101.234375
08:01:00,912810UB2,TSRYS5810883,D,S,D,2024-07-12,1000000.00,4.52958,101.234375
08:01:00,912810UB2,TSRYS5810883,D,S,D,2024-07-12,1000000.00,4.531966,101.203125
08:01:00,912810UB2,TSRYS5810883,D,S,D,2024-07-12,1000000.00,4.526302,101.27734375
08:01:00,912810UB2,TSRYS5810883,D,S,D,2024-07-12,1000000.00,4.52958,101.234375
08:01:00,912810UB2,TSRYS5810883,D,S,C,2024-07-12,1000000.00,4.531071,101.21484375
08:01:00,912810UB2,TSRYS5810883,D,S,D,2024-07-12,2000000.00,4.526302,101.27734375
08:01:00,912810UB2,TSRYS5810883,D,S,D,2024-07-12,1000000.00,4.523621,101.3125
08:01:00,912810UB2,TSRYS5810883,D,B,C,2024-07-12,1000000.00,4.531071,101.21484375
08:01:00,912810UB2,TSRYS5810883,D,S,C,2024-07-12,1000000.00,4.518858,101.375
08:01:01,912810UB2,TSRYS5810883,D,B,C,2024-07-12,1000000.00,4.518858,101.375
08:01:01,912810UB2,TSRYS5810883,D,S,C,2024-07-12,1000000.00,4.519156,101.37109375
08:01:01,912810UB2,TSRYS5810883,D,S,C,2024-07-12,1000000.00,4.519453,101.3671875
08:01:01,912810UB2,TSRYS5810883,D,S,D,2024-07-12,1000000.00,4.526004,101.28125
08:01:01,912810UB2,TSRYS5810883,D,S,D,2024-07-12,19000000.00,4.52302,101.32039
08:01:01,912810UB2,TSRYS5810883,D,S,T,2024-07-12,1000000.00,4.518866,101.374898
08:01:01,912810UB2,TSRYS5810883,D,S,T,2024-07-12,1000000.00,4.518866,101.374898
08:01:01,912810UB2,TSRYS5810883,D,S,T,2024-07-12,1000000.00,4.518866,101.374898
08:01:01,912810UB2,TSRYS5810883,D,S,T,2024-07-12,1000000.00,4.518866,101.374898
08:01:01,912810UB2,TSRYS5810883,D,S,T,2024-07-12,1000000.00,4.518866,101.374898
08:01:01,912810UB2,TSRYS5810883,D,S,D,2024-07-12,1000000.00,4.538531,101.1171875
08:01:01,912810UB2,TSRYS5810883,D,S,D,2024-07-12,1000000.00,4.537934,101.125
08:01:01,912810UB2,TSRYS5810883,D,S,D,2024-07-12,1000000.00,4.538531,101.1171875
08:01:01,912810UB2,TSRYS5810883,D,S,D,2024-07-12,1000000.00,4.538531,101.1171875
08:01:01,912810UB2,TSRYS5810883,D,S,D,2024-07-12,1000000.00,4.536441,101.14453125
08:01:02,912810UB2,TSRYS5810883,D,S,C,2024-07-12,1000000.00,4.534949,101.1640625
08:01:02,912810UB2,TSRYS5810883,D,S,D,2024-07-12,1000000.00,4.532861,101.19140625
08:01:02,912810UB2,TSRYS5810883,D,S,D,2024-07-12,1000000.00,4.532861,101.19140625
08:01:02,912810UB2,TSRYS5810883,D,B,C,2024-07-12,1000000.00,4.525706,101.28515625
08:01:02,912810UB2,TSRYS5810883,D,S,D,2024-07-12,1000000.00,4.525706,101.28515625
08:01:02,912810UB2,TSRYS5810883,D,S,D,2024-07-12,15000.00,4.521835,101.3359375
08:01:03,912810UB2,TSRYS5810883,D,B,A,2024-07-12,5000000.00,4.52,101.359851
08:01:04,912810UB2,TSRYS5810883,D,S,T,2024-07-12,1000000.00,4.529431,101.23632813
08:01:04,912810UB2,TSRYS5810883,D,S,T,2024-07-12,1000000.00,4.52958,101.234375
08:01:05,912810UB2,TSRYS5810883,D,S,T,2024-07-12,1000000.00,4.52958,101.234375
08:01:05,912810UB2,TSRYS5810883,D,S,T,2024-07-12,1000000.00,4.52958,101.234375
08:01:05,912810UB2,TSRYS5810883,D,S,T,2024-07-12,1000000.00,4.52958,101.234375
08:01:07,912810UB2,TSRYS5810883,D,S,A,2024-07-12,395000.00,4.53674,101.140625
08:01:09,912810UB2,TSRYS5810883,D,S,D,2024-07-12,1000000.00,4.52958,101.234375
08:01:09,912810UB2,TSRYS5810883,D,S,D,2024-07-12,1000000.00,4.52958,101.234375
08:01:09,912810UB2,TSRYS5810883,D,S,D,2024-07-12,1000000.00,4.52958,101.234375
08:01:09,912810UB2,TSRYS5810883,D,S,D,2024-07-12,1000000.00,4.52958,101.234375
08:01:09,912810UB2,TSRYS5810883,D,S,D,2024-07-12,3000000.00,4.529282,101.23828125
08:01:10,912810UB2,TSRYS5810883,D,S,D,2024-07-12,1000000.00,4.526302,101.27734375
08:01:10,912810UB2,TSRYS5810883,D,S,D,2024-07-12,2000000.00,4.526302,101.27734375
08:01:10,912810UB2,TSRYS5810883,D,S,T,2024-07-12,2000000.00,4.52929,101.23818125
08:01:10,912810UB2,TSRYS5810883,D,S,T,2024-07-12,1000000.00,4.529588,101.234275
08:01:10,912810UB2,TSRYS5810883,D,S,T,2024-07-12,2000000.00,4.52631,101.27724375
08:01:11,912810UB2,TSRYS5810883,D,S,D,2024-07-12,4000000.00,4.525951,101.28195
08:01:11,912810UB2,TSRYS5810883,D,S,D,2024-07-12,4000000.00,4.528484,101.2487469
08:01:12,912810UB2,TSRYS5810883,D,S,A,2024-07-12,2900000.00,4.524813,101.296875
08:01:13,912810UB2,TSRYS5810883,D,S,A,2024-07-12,15000.00,4.526302,101.27734375
08:01:13,912810UB2,TSRYS5810883,D,S,A,2024-07-12,610000.00,4.524813,101.296875
08:01:17,912810UB2,TSRYS5810883,D,S,A,2024-07-12,300000.00,4.527792,101.2578125
08:01:19,912810UB2,TSRYS5810883,D,S,A,2024-07-12,350000.00,4.525111,101.29296875
08:01:20,912810UB2,TSRYS5810883,D,S,A,2024-07-12,900000.00,4.525111,101.29296875
08:01:21,912810UB2,TSRYS5810883,D,S,C,2024-07-12,1000000.00,4.51871,101.376953125
08:01:22,912810UB2,TSRYS5810883,D,B,A,2024-07-12,250000.00,4.529879,101.23046875
08:01:22,912810UB2,TSRYS5810883,D,S,T,2024-07-12,1000000.00,4.524366,101.30273437
08:01:22,912810UB2,TSRYS5810883,D,S,T,2024-07-12,1000000.00,4.526004,101.28125
08:01:22,912810UB2,TSRYS5810883,D,S,T,2024-07-12,1000000.00,4.526004,101.28125
08:01:22,912810UB2,TSRYS5810883,D,S,T,2024-07-12,1000000.00,4.526004,101.28125
08:01:22,912810UB2,TSRYS5810883,D,S,T,2024-07-12,1000000.00,4.526004,101.28125
08:01:22,912810UB2,TSRYS5810883,D,S,T,2024-07-12,1000000.00,4.526004,101.28125
08:01:22,912810UB2,TSRYS5810883,D,S,C,2024-07-12,1000000.00,4.53122,101.21289062
08:01:22,912810UB2,TSRYS5810883,D,S,C,2024-07-12,1000000.00,4.531071,101.21484375
08:01:22,912810UB2,TSRYS5810883,D,S,C,2024-07-12,1000000.00,4.530922,101.21679687
08:01:23,912810UB2,TSRYS5810883,D,S,T,2024-07-12,1000000.00,4.523621,101.3125
08:01:23,912810UB2,TSRYS5810883,D,S,T,2024-07-12,4000000.00,4.523621,101.3125
08:01:23,912810UB2,TSRYS5810883,D,S,C,2024-07-12,1000000.00,4.531369,101.2109375
08:01:23,912810UB2,TSRYS5810883,D,S,T,2024-07-12,2000000.00,4.52809,101.25390625
08:01:25,912810UB2,TSRYS5810883,D,B,C,2024-07-12,1000000.00,4.524515,101.30078125
08:01:25,912810UB2,TSRYS5810883,D,S,D,2024-07-12,1000000.00,4.524515,101.30078125
08:01:25,912810UB2,TSRYS5810883,D,S,C,2024-07-12,1000000.00,4.523621,101.3125
08:01:25,912810UB2,TSRYS5810883,D,S,D,2024-07-12,1000000.00,4.52243,101.328125
08:01:25,912810UB2,TSRYS5810883,D,S,D,2024-07-12,1000000.00,4.526004,101.28125
08:01:25,912810UB2,TSRYS5810883,D,S,C,2024-07-12,1000000.00,4.526004,101.28125
08:01:25,912810UB2,TSRYS5810883,D,S,D,2024-07-12,1000000.00,4.5266,101.2734375
08:01:25,912810UB2,TSRYS5810883,D,S,D,2024-07-12,1000000.00,4.527792,101.2578125
08:01:25,912810UB2,TSRYS5810883,D,S,D,2024-07-12,1000000.00,4.531966,101.203125
08:01:25,912810UB2,TSRYS5810883,D,S,D,2024-07-12,1000000.00,4.524217,101.3046875
08:01:25,912810UB2,TSRYS5810883,D,S,D,2024-07-12,1000000.00,4.531966,101.203125
08:01:25,912810UB2,TSRYS5810883,D,S,C,2024-07-12,1000000.00,4.531966,101.203125
08:01:26,912810UB2,TSRYS5810883,D,S,A,2024-07-12,3000.00,4.52778,101.2578125
08:01:26,912810UB2,TSRYS5810883,D,S,D,2024-07-12,1000000.00,4.531966,101.203125
08:01:26,912810UB2,TSRYS5810883,D,S,C,2024-07-12,1000000.00,4.534352,101.171875
08:01:27,912810UB2,TSRYS5810883,D,S,C,2024-07-12,1000000.00,4.535546,101.15625
08:01:27,912810UB2,TSRYS5810883,D,S,D,2024-07-12,1000000.00,4.53674,101.140625
08:01:27,912810UB2,TSRYS5810883,D,S,A,2024-07-12,1000000.00,4.524217,101.3046875
08:01:27,912810UB2,TSRYS5810883,D,S,D,2024-07-12,1000000.00,4.52958,101.234375
08:01:27,912810UB2,TSRYS5810883,D,S,T,2024-07-12,1000000.00,4.529596,101.234175
08:01:27,912810UB2,TSRYS5810883,D,S,C,2024-07-12,1000000.00,4.537934,101.125
08:01:27,912810UB2,TSRYS5810883,D,S,D,2024-07-12,1000000.00,4.53674,101.140625
08:01:28,912810UB2,TSRYS5810883,D,S,D,2024-07-12,1000000.00,4.540322,101.09375
08:01:28,912810UB2,TSRYS5810883,D,S,D,2024-07-12,1000000.00,4.537934,101.125
08:01:28,912810UB2,TSRYS5810883,D,S,T,2024-07-12,1000000.00,4.529596,101.234175
08:01:28,912810UB2,TSRYS5810883,D,S,T,2024-07-12,1000000.00,4.529596,101.234175
08:01:28,912810UB2,TSRYS5810883,D,S,D,2024-07-12,1000000.00,4.540322,101.09375
08:01:28,912810UB2,TSRYS5810883,D,S,D,2024-07-12,1000000.00,4.530773,101.21875
08:01:28,912810UB2,TSRYS5810883,D,S,D,2024-07-12,1000000.00,4.52958,101.234375
08:01:28,912810UB2,TSRYS5810883,D,S,D,2024-07-12,1000000.00,4.531966,101.203125
08:01:29,912810UB2,TSRYS5810883,D,S,D,2024-07-12,1000000.00,4.528388,101.25
08:01:29,912810UB2,TSRYS5810883,D,S,C,2024-07-12,1000000.00,4.527196,101.265625
08:01:29,912810UB2,TSRYS5810883,D,S,C,2024-07-12,1000000.00,4.526004,101.28125
08:01:29,912810UB2,TSRYS5810883,D,S,D,2024-07-12,1000000.00,4.523621,101.3125
08:01:29,912810UB2,TSRYS5810883,D,S,C,2024-07-12,1000000.00,4.524813,101.296875
08:01:29,912810UB2,TSRYS5810883,D,S,C,2024-07-12,1000000.00,4.523621,101.3125
08:01:29,912810UB2,TSRYS5810883,D,S,D,2024-07-12,1000000.00,4.526004,101.28125
08:01:29,912810UB2,TSRYS5810883,D,S,D,2024-07-12,1000000.00,4.526004,101.28125
08:01:29,912810UB2,TSRYS5810883,D,S,D,2024-07-12,1000000.00,4.524813,101.296875
08:01:29,912810UB2,TSRYS5810883,D,S,D,2024-07-12,1000000.00,4.524813,101.296875
08:01:30,912810UB2,TSRYS5810883,D,S,A,2024-07-12,37000.00,4.529282,101.23828125
08:01:33,912810UB2,TSRYS5810883,D,S,C,2024-07-12,1000000.00,4.520049,101.359375
08:01:33,912810UB2,TSRYS5810883,D,S,D,2024-07-12,1000000.00,4.518858,101.375
08:01:33,912810UB2,TSRYS5810883,D,S,C,2024-07-12,2000000.00,4.518263,101.3828125
08:01:34,912810UB2,TSRYS5810883,D,S,C,2024-07-12,1000000.00,4.52243,101.328125
08:01:34,912810UB2,TSRYS5810883,D,S,A,2024-07-12,1000000.00,4.533457,101.18359375
08:01:35,912810UB2,TSRYS5810883,D,S,T,2024-07-12,1000000.00,4.521239,101.34375
08:01:35,912810UB2,TSRYS5810883,D,S,C,2024-07-12,1000000.00,4.519007,101.37304687
08:01:36,912810UB2,TSRYS5810883,D,S,C,2024-07-12,1000000.00,4.519156,101.37109375
08:01:36,912810UB2,TSRYS5810883,D,S,C,2024-07-12,1000000.00,4.521239,101.34375
08:01:37,912810UB2,TSRYS5810883,D,S,T,2024-07-12,1000000.00,4.526302,101.27734375
08:01:38,912810UB2,TSRYS5810883,D,S,D,2024-07-12,1000000.00,4.526302,101.27734375
08:01:38,912810UB2,TSRYS5810883,D,S,D,2024-07-12,1000000.00,4.526302,101.27734375
08:01:38,912810UB2,TSRYS5810883,D,S,D,2024-07-12,1000000.00,4.526302,101.27734375
08:01:38,912810UB2,TSRYS5810883,D,S,D,2024-07-12,1000000.00,4.526153,101.27929687
08:01:38,912810UB2,TSRYS5810883,D,S,C,2024-07-12,1000000.00,4.526153,101.27929687
08:01:38,912810UB2,TSRYS5810883,D,S,D,2024-07-12,1000000.00,4.528388,101.25
08:01:39,912810UB2,TSRYS5810883,D,S,D,2024-07-12,1000000.00,4.519453,101.3671875
08:01:39,912810UB2,TSRYS5810883,D,B,C,2024-07-12,1000000.00,4.51514,101.42382812
08:01:39,912810UB2,TSRYS5810883,D,B,C,2024-07-12,1000000.00,4.514842,101.42773437
08:01:39,912810UB2,TSRYS5810883,D,B,C,2024-07-12,1000000.00,4.514991,101.42578125
08:01:40,912810UB2,TSRYS5810883,D,S,A,2024-07-12,70000.00,4.525706,101.28515625
08:01:40,912810UB2,TSRYS5810883,D,S,D,2024-07-12,1000000.00,4.524813,101.296875
08:01:40,912810UB2,TSRYS5810883,D,S,D,2024-07-12,1000000.00,4.524813,101.296875
08:01:41,912810UB2,TSRYS5810883,D,S,C,2024-07-12,13000000.00,4.528382,101.25008
08:01:41,912810UB2,TSRYS5810883,D,S,C,2024-07-12,1000000.00,4.52958,101.234375
08:01:41,912810UB2,TSRYS5810883,D,S,D,2024-07-12,1000000.00,4.523323,101.31640625
08:01:41,912810UB2,TSRYS5810883,D,S,D,2024-07-12,1000000.00,4.521388,101.34179687
08:01:41,912810UB2,TSRYS5810883,D,S,T,2024-07-12,1000000.00,4.521388,101.34179687
08:01:42,912810UB2,TSRYS5810883,D,S,D,2024-07-12,1000000.00,4.523175,101.31835937
08:01:42,912810UB2,TSRYS5810883,D,S,C,2024-07-12,1000000.00,4.522579,101.32617187
08:01:43,912810UB2,TSRYS5810883,D,S,C,2024-07-12,1000000.00,4.526004,101.28125
08:01:43,912810UB2,TSRYS5810883,D,S,D,2024-07-12,7000000.00,4.53395,101.17714
08:01:43,912810UB2,TSRYS5810883,D,S,C,2024-07-12,1000000.00,4.526153,101.27929687
08:01:43,912810UB2,TSRYS5810883,D,S,T,2024-07-12,1000000.00,4.519602,101.36523437
08:01:44,912810UB2,TSRYS5810883,D,S,C,2024-07-12,1000000.00,4.526153,101.27929687
08:01:45,912810UB2,TSRYS5810883,D,S,D,2024-07-12,1000000.00,4.526153,101.27929687
08:01:45,912810UB2,TSRYS5810883,D,B,C,2024-07-12,1000000.00,4.528388,101.25
08:01:45,912810UB2,TSRYS5810883,D,B,C,2024-07-12,1000000.00,4.528388,101.25
08:01:45,912810UB2,TSRYS5810883,D,B,C,2024-07-12,1000000.00,4.528388,101.25
08:01:45,912810UB2,TSRYS5810883,D,B,C,2024-07-12,1000000.00,4.528388,101.25
08:01:45,912810UB2,TSRYS5810883,D,S,D,2024-07-12,4000000.00,4.535645,101.15495
08:01:45,912810UB2,TSRYS5810883,D,B,A,2024-07-12,1000000.00,4.532861,101.19140625
08:01:45,912810UB2,TSRYS5810883,D,B,A,2024-07-12,1000000.00,4.529879,101.23046875
08:01:46,912810UB2,TSRYS5810883,D,B,C,2024-07-12,1000000.00,4.530624,101.220703125
08:01:46,912810UB2,TSRYS5810883,D,S,D,2024-07-12,1000000.00,4.530624,101.220703125
08:01:46,912810UB2,TSRYS5810883,D,B,C,2024-07-12,1000000.00,4.530326,101.224609375
08:01:46,912810UB2,TSRYS5810883,D,S,D,2024-07-12,1000000.00,4.530326,101.224609375
08:01:46,912810UB2,TSRYS5810883,D,B,C,2024-07-12,1000000.00,4.530326,101.224609375
08:01:46,912810UB2,TSRYS5810883,D,S,D,2024-07-12,1000000.00,4.530326,101.224609375
08:01:46,912810UB2,TSRYS5810883,D,S,C,2024-07-12,25000.00,4.526302,101.27734375
08:01:46,912810UB2,TSRYS5810883,D,B,A,2024-07-12,1000000.00,4.523026,101.3203125
08:01:47,912810UB2,TSRYS5810883,D,B,C,2024-07-12,12000000.00,4.523146,101.31874
08:01:47,912810UB2,TSRYS5810883,D,S,T,2024-07-12,2000000.00,4.518561,101.37890625
08:01:47,912810UB2,TSRYS5810883,D,S,D,2024-07-12,1000000.00,4.529431,101.236328125
08:01:50,912810UB2,TSRYS5810883,D,B,A,2024-07-12,593000.00,4.539426,101.10546875
08:01:51,912810UB2,TSRYS5810883,D,S,D,2024-07-12,50000.00,4.524813,101.296875
08:01:51,912810UB2,TSRYS5810883,D,S,C,2024-07-12,3000000.00,4.529879,101.23046875
08:01:54,912810UB2,TSRYS5810883,D,S,T,2024-07-12,1000000.00,4.51871,101.376953125
08:01:56,912810UB2,TSRYS5810883,D,B,A,2024-07-12,1000000.00,4.517916,101.38671875
08:01:56,912810UB2,TSRYS5810883,D,S,D,2024-07-12,1000000.00,4.510532,101.484375
08:01:56,912810UB2,TSRYS5810883,D,B,C,2024-07-12,1000000.00,4.510532,101.484375
08:01:56,912810UB2,TSRYS5810883,D,B,C,2024-07-12,1000000.00,4.510532,101.484375
08:01:56,912810UB2,TSRYS5810883,D,B,C,2024-07-12,1000000.00,4.510532,101.484375
08:01:56,912810UB2,TSRYS5810883,D,S,C,2024-07-12,1000000.00,4.510517,101.484575
08:01:56,912810UB2,TSRYS5810883,D,S,C,2024-07-12,1000000.00,4.510517,101.484575
08:01:56,912810UB2,TSRYS5810883,D,B,C,2024-07-12,1000000.00,4.510532,101.484375
08:01:56,912810UB2,TSRYS5810883,D,S,C,2024-07-12,1000000.00,4.510519,101.48455
08:01:56,912810UB2,TSRYS5810883,D,B,C,2024-07-12,1000000.00,4.51291,101.453125
08:01:56,912810UB2,TSRYS5810883,D,S,C,2024-07-12,1000000.00,4.51291,101.453125
08:01:56,912810UB2,TSRYS5810883,D,S,C,2024-07-12,1000000.00,4.51291,101.453125
08:01:56,912810UB2,TSRYS5810883,D,B,C,2024-07-12,1000000.00,4.51291,101.453125
08:01:57,912810UB2,TSRYS5810883,D,S,C,2024-07-12,1000000.00,4.514099,101.4375
08:01:57,912810UB2,TSRYS5810883,D,B,C,2024-07-12,1000000.00,4.514099,101.4375
08:01:57,912810UB2,TSRYS5810883,D,S,C,2024-07-12,1000000.00,4.515289,101.421875
08:01:57,912810UB2,TSRYS5810883,D,B,C,2024-07-12,1000000.00,4.515289,101.421875
08:01:58,912810UB2,TSRYS5810883,D,S,D,2024-07-12,1000000.00,4.517668,101.390625
08:01:58,912810UB2,TSRYS5810883,D,B,C,2024-07-12,1000000.00,4.517668,101.390625
08:01:59,912810UB2,TSRYS5810883,D,S,C,2024-07-12,1000000.00,4.532413,101.19726562
08:01:59,912810UB2,TSRYS5810883,D,S,C,2024-07-12,1000000.00,4.532562,101.1953125
08:01:59,912810UB2,TSRYS5810883,D,S,C,2024-07-12,1000000.00,4.533159,101.1875
08:01:59,912810UB2,TSRYS5810883,D,B,C,2024-07-12,1000000.00,4.517668,101.390625
08:01:59,912810UB2,TSRYS5810883,D,S,C,2024-07-12,1000000.00,4.517651,101.390852
08:02:00,912810UB2,TSRYS5810883,D,S,C,2024-07-12,1000000.00,4.531966,101.203125
08:02:00,912810UB2,TSRYS5810883,D,S,T,2024-07-12,1000000.00,4.533457,101.18359375
08:02:01,912810UB2,TSRYS5810883,D,S,D,2024-07-12,1000000.00,4.532711,101.193359375
08:02:01,912810UB2,TSRYS5810883,D,B,A,2024-07-12,25000000.00,4.523621,101.3125
08:02:01,912810UB2,TSRYS5810883,D,S,T,2024-07-12,3000000.00,4.522447,101.327898
08:02:01,912810UB2,TSRYS5810883,D,S,T,2024-07-12,1000000.00,4.52244,101.328
08:02:02,912810UB2,TSRYS5810883,D,B,C,2024-07-12,1000000.00,4.534949,101.1640625
08:02:02,912810UB2,TSRYS5810883,D,S,D,2024-07-12,1000000.00,4.535397,101.15820312
08:02:02,912810UB2,TSRYS5810883,D,S,T,2024-07-12,1000000.00,4.52244,101.328
08:02:02,912810UB2,TSRYS5810883,D,S,T,2024-07-12,1000000.00,4.522447,101.327898
08:02:02,912810UB2,TSRYS5810883,D,S,T,2024-07-12,2000000.00,4.522447,101.327898
08:02:02,912810UB2,TSRYS5810883,D,S,T,2024-07-12,1000000.00,4.522447,101.327898
08:02:03,912810UB2,TSRYS5810883,D,S,T,2024-07-12,1000000.00,4.52244,101.328
08:02:03,912810UB2,TSRYS5810883,D,S,T,2024-07-12,1000000.00,4.522447,101.327898
08:02:03,912810UB2,TSRYS5810883,D,S,T,2024-07-12,1000000.00,4.522447,101.327898
08:02:03,912810UB2,TSRYS5810883,D,S,T,2024-07-12,2000000.00,4.522447,101.327898
08:02:03,912810UB2,TSRYS5810883,D,S,D,2024-07-12,1000000.00,4.532711,101.193359375
08:02:03,912810UB2,TSRYS5810883,D,S,T,2024-07-12,1000000.00,4.523631,101.312375
08:02:03,912810UB2,TSRYS5810883,D,S,T,2024-07-12,1000000.00,4.523631,101.312375
08:02:04,912810UB2,TSRYS5810883,D,S,T,2024-07-12,1000000.00,4.523639,101.312273
08:02:04,912810UB2,TSRYS5810883,D,S,T,2024-07-12,1000000.00,4.523639,101.312273
08:02:04,912810UB2,TSRYS5810883,D,S,A,2024-07-12,1000000.00,4.517656,101.390625
08:02:04,912810UB2,TSRYS5810883,D,B,A,2024-07-12,1287500.00,4.520049,101.359375
08:02:05,912810UB2,TSRYS5810883,D,S,T,2024-07-12,1000000.00,4.523631,101.312375
08:02:06,912810UB2,TSRYS5810883,D,S,C,2024-07-12,2000000.00,4.531966,101.203125
08:02:07,912810UB2,TSRYS5810883,D,S,D,2024-07-12,1000000.00,4.532562,101.1953125
08:02:07,912810UB2,TSRYS5810883,D,S,D,2024-07-12,1000000.00,4.532562,101.1953125
08:02:08,912810UB2,TSRYS5810883,D,S,A,2024-07-12,1000000.00,4.52958,101.234375
08:02:08,912810UB2,TSRYS5810883,D,B,C,2024-07-12,20000000.00,4.525111,101.29296875
08:02:08,912810UB2,TSRYS5810883,D,B,C,2024-07-12,2000000.00,4.539277,101.10742187
08:02:09,912810UB2,TSRYS5810883,D,S,D,2024-07-12,1000000.00,4.53301,101.18945312
08:02:09,912810UB2,TSRYS5810883,D,S,D,2024-07-12,1000000.00,4.53301,101.18945312
08:02:17,912810UB2,TSRYS5810883,D,B,C,2024-07-12,1000000.00,4.516478,101.40625
08:02:17,912810UB2,TSRYS5810883,D,S,D,2024-07-12,1000000.00,4.516478,101.40625
08:02:18,912810UB2,TSRYS5810883,D,S,D,2024-07-12,1000000.00,4.516468,101.40638
08:02:18,912810UB2,TSRYS5810883,D,B,C,2024-07-12,1000000.00,4.516478,101.40625
08:02:18,912810UB2,TSRYS5810883,D,B,C,2024-07-12,1000000.00,4.516478,101.40625
08:02:18,912810UB2,TSRYS5810883,D,S,D,2024-07-12,1000000.00,4.516468,101.40638
08:02:18,912810UB2,TSRYS5810883,D,B,C,2024-07-12,2000000.00,4.53498,101.1636625
08:02:19,912810UB2,TSRYS5810883,D,B,A,2024-07-12,4904000.00,4.535546,101.15625
08:02:19,912810UB2,TSRYS5810883,D,B,A,2024-07-12,9553000.00,4.535546,101.15625
08:02:19,912810UB2,TSRYS5810883,D,S,C,2024-07-12,1000000.00,4.520033,101.359575
08:02:21,912810UB2,TSRYS5810883,D,B,C,2024-07-12,1000000.00,4.524813,101.296875
08:02:21,912810UB2,TSRYS5810883,D,S,C,2024-07-12,1000000.00,4.524813,101.296875
08:02:22,912810UB2,TSRYS5810883,D,S,D,2024-07-12,1000000.00,4.527196,101.265625
08:02:22,912810UB2,TSRYS5810883,D,S,D,2024-07-12,1000000.00,4.527196,101.265625
08:02:22,912810UB2,TSRYS5810883,D,S,C,2024-07-12,1000000.00,4.527181,101.265825
08:02:22,912810UB2,TSRYS5810883,D,S,C,2024-07-12,1000000.00,4.527196,101.265625
08:02:22,912810UB2,TSRYS5810883,D,S,C,2024-07-12,2000000.00,4.527196,101.265625
08:02:22,912810UB2,TSRYS5810883,D,S,C,2024-07-12,1000000.00,4.527196,101.265625
08:02:22,912810UB2,TSRYS5810883,D,S,C,2024-07-12,1000000.00,4.527183,101.2658
08:02:22,912810UB2,TSRYS5810883,D,S,D,2024-07-12,1000000.00,4.527196,101.265625
08:02:22,912810UB2,TSRYS5810883,D,S,D,2024-07-12,1000000.00,4.527196,101.265625
08:02:22,912810UB2,TSRYS5810883,D,B,C,2024-07-12,1000000.00,4.527196,101.265625
08:02:22,912810UB2,TSRYS5810883,D,S,D,2024-07-12,1000000.00,4.527196,101.265625
08:02:22,912810UB2,TSRYS5810883,D,S,D,2024-07-12,1000000.00,4.527196,101.265625
08:02:22,912810UB2,TSRYS5810883,D,S,D,2024-07-12,1000000.00,4.527196,101.265625
08:02:22,912810UB2,TSRYS5810883,D,S,C,2024-07-12,1000000.00,4.527181,101.265825
08:02:22,912810UB2,TSRYS5810883,D,S,D,2024-07-12,1000000.00,4.527196,101.265625
08:02:22,912810UB2,TSRYS5810883,D,S,C,2024-07-12,1000000.00,4.527196,101.265625
08:02:22,912810UB2,TSRYS5810883,D,S,T,2024-07-12,1000000.00,4.528239,101.251953125
08:02:22,912810UB2,TSRYS5810883,D,S,T,2024-07-12,1000000.00,4.528388,101.25
08:02:22,912810UB2,TSRYS5810883,D,S,D,2024-07-12,1000000.00,4.529634,101.233675
08:02:22,912810UB2,TSRYS5810883,D,B,C,2024-07-12,50000000.00,4.52958,101.234375
08:02:22,912810UB2,TSRYS5810883,D,S,T,2024-07-12,1000000.00,4.528388,101.25
08:02:22,912810UB2,TSRYS5810883,D,S,D,2024-07-12,4000000.00,4.531658,101.20716
08:02:22,912810UB2,TSRYS5810883,D,S,D,2024-07-12,5000000.00,4.529336,101.2375813
08:02:22,912810UB2,TSRYS5810883,D,S,D,2024-07-12,1000000.00,4.529634,101.233675
08:02:22,912810UB2,TSRYS5810883,D,S,D,2024-07-12,1000000.00,4.529634,101.233675
08:02:22,912810UB2,TSRYS5810883,D,S,T,2024-07-12,1000000.00,4.528388,101.25
08:02:22,912810UB2,TSRYS5810883,D,S,T,2024-07-12,1000000.00,4.528388,101.25
08:02:22,912810UB2,TSRYS5810883,D,S,D,2024-07-12,1000000.00,4.529634,101.233675
08:02:22,912810UB2,TSRYS5810883,D,S,D,2024-07-12,1000000.00,4.529634,101.233675
08:02:22,912810UB2,TSRYS5810883,D,S,D,2024-07-12,4000000.00,4.529711,101.23266
08:02:22,912810UB2,TSRYS5810883,D,S,D,2024-07-12,5000000.00,4.526356,101.2766438
08:02:22,912810UB2,TSRYS5810883,D,S,D,2024-07-12,1000000.00,4.527196,101.265625
08:02:22,912810UB2,TSRYS5810883,D,S,C,2024-07-12,3000000.00,4.530425,101.22331
08:02:22,912810UB2,TSRYS5810883,D,S,C,2024-07-12,1000000.00,4.526749,101.27148
08:02:22,912810UB2,TSRYS5810883,D,S,C,2024-07-12,7000000.00,4.529456,101.236
08:02:22,912810UB2,TSRYS5810883,D,B,C,2024-07-12,1000000.00,4.527196,101.265625
08:02:22,912810UB2,TSRYS5810883,D,S,C,2024-07-12,1000000.00,4.527196,101.265625
08:02:22,912810UB2,TSRYS5810883,D,S,D,2024-07-12,1000000.00,4.527196,101.265625
08:02:22,912810UB2,TSRYS5810883,D,S,D,2024-07-12,1000000.00,4.527196,101.265625
08:02:22,912810UB2,TSRYS5810883,D,S,D,2024-07-12,1000000.00,4.528388,101.25
08:02:22,912810UB2,TSRYS5810883,D,S,D,2024-07-12,1000000.00,4.528388,101.25
08:02:22,912810UB2,TSRYS5810883,D,S,C,2024-07-12,1000000.00,4.528388,101.25
08:02:22,912810UB2,TSRYS5810883,D,S,D,2024-07-12,1000000.00,4.528373,101.2502
08:02:22,912810UB2,TSRYS5810883,D,S,D,2024-07-12,1000000.00,4.528373,101.2502
08:02:22,912810UB2,TSRYS5810883,D,S,D,2024-07-12,1000000.00,4.528373,101.2502
08:02:22,912810UB2,TSRYS5810883,D,S,C,2024-07-12,1000000.00,4.528388,101.25
08:02:22,912810UB2,TSRYS5810883,D,S,C,2024-07-12,1000000.00,4.528388,101.25
08:02:22,912810UB2,TSRYS5810883,D,S,C,2024-07-12,2000000.00,4.528377,101.25015
08:02:23,912810UB2,TSRYS5810883,D,B,C,2024-07-12,1000000.00,4.52958,101.234375
08:02:23,912810UB2,TSRYS5810883,D,S,D,2024-07-12,1000000.00,4.52958,101.234375
08:02:23,912810UB2,TSRYS5810883,D,B,C,2024-07-12,1000000.00,4.522877,101.32226562
08:02:24,912810UB2,TSRYS5810883,D,B,A,2024-07-12,1287500.00,4.529879,101.23046875
08:02:24,912810UB2,TSRYS5810883,D,S,D,2024-07-12,1000000.00,4.52958,101.234375
08:02:24,912810UB2,TSRYS5810883,D,B,C,2024-07-12,1000000.00,4.523621,101.3125
08:02:24,912810UB2,TSRYS5810883,D,S,D,2024-07-12,1000000.00,4.52958,101.234375
08:02:24,912810UB2,TSRYS5810883,D,S,D,2024-07-12,1000000.00,4.52958,101.234375
08:02:24,912810UB2,TSRYS5810883,D,S,D,2024-07-12,1000000.00,4.52958,101.234375
08:02:24,912810UB2,TSRYS5810883,D,S,D,2024-07-12,1000000.00,4.52958,101.234375
08:02:24,912810UB2,TSRYS5810883,D,S,D,2024-07-12,1000000.00,4.528388,101.25
08:02:24,912810UB2,TSRYS5810883,D,S,D,2024-07-12,1000000.00,4.528388,101.25
08:02:24,912810UB2,TSRYS5810883,D,S,C,2024-07-12,1000000.00,4.528388,101.25
08:02:24,912810UB2,TSRYS5810883,D,S,D,2024-07-12,1000000.00,4.528388,101.25
08:02:25,912810UB2,TSRYS5810883,D,B,C,2024-07-12,1000000.00,4.524813,101.296875
08:02:25,912810UB2,TSRYS5810883,D,B,C,2024-07-12,1000000.00,4.524813,101.296875
08:02:25,912810UB2,TSRYS5810883,D,B,C,2024-07-12,1000000.00,4.524813,101.296875
08:02:25,912810UB2,TSRYS5810883,D,B,C,2024-07-12,1000000.00,4.524813,101.296875
08:02:25,912810UB2,TSRYS5810883,D,B,C,2024-07-12,1000000.00,4.524664,101.29882812
08:02:25,912810UB2,TSRYS5810883,D,S,C,2024-07-12,1000000.00,4.53076,101.218925
08:02:25,912810UB2,TSRYS5810883,D,S,D,2024-07-12,1000000.00,4.530773,101.21875
08:02:25,912810UB2,TSRYS5810883,D,S,C,2024-07-12,1000000.00,4.530773,101.218925
08:02:25,912810UB2,TSRYS5810883,D,S,C,2024-07-12,1000000.00,4.530756,101.218975
08:02:26,912810UB2,TSRYS5810883,D,B,C,2024-07-12,1000000.00,4.534681,101.16756875
08:02:27,912810UB2,TSRYS5810883,D,S,C,2024-07-12,19000000.00,4.53204,101.20216
08:02:27,912810UB2,TSRYS5810883,D,S,C,2024-07-12,38000000.00,4.53204,101.20216
08:02:27,912810UB2,TSRYS5810883,D,S,C,2024-07-12,19000000.00,4.53204,101.20216
08:02:28,912810UB2,TSRYS5810883,D,B,C,2024-07-12,1000000.00,4.52958,101.234375
08:02:28,912810UB2,TSRYS5810883,D,S,D,2024-07-12,1000000.00,4.52958,101.234375
08:02:28,912810UB2,TSRYS5810883,D,S,D,2024-07-12,1000000.00,4.52958,101.234375
08:02:28,912810UB2,TSRYS5810883,D,S,D,2024-07-12,1000000.00,4.52958,101.234375
08:02:28,912810UB2,TSRYS5810883,D,S,D,2024-07-12,1000000.00,4.52958,101.234375
08:02:28,912810UB2,TSRYS5810883,D,S,D,2024-07-12,1000000.00,4.52958,101.234375
08:02:28,912810UB2,TSRYS5810883,D,S,C,2024-07-12,1000000.00,4.52958,101.234375
08:02:28,912810UB2,TSRYS5810883,D,S,D,2024-07-12,1000000.00,4.52958,101.234375
08:02:28,912810UB2,TSRYS5810883,D,S,D,2024-07-12,1000000.00,4.52958,101.234375
08:02:29,912810UB2,TSRYS5810883,D,B,C,2024-07-12,1000000.00,4.530773,101.21875
08:02:29,912810UB2,TSRYS5810883,D,S,D,2024-07-12,1000000.00,4.530773,101.21875
08:02:30,912810UB2,TSRYS5810883,D,S,C,2024-07-12,2000000.00,4.531966,101.203125
08:02:30,912810UB2,TSRYS5810883,D,S,D,2024-07-12,1000000.00,4.531966,101.203125
08:02:30,912810UB2,TSRYS5810883,D,S,C,2024-07-12,1000000.00,4.531951,101.203325
08:02:31,912810UB2,TSRYS5810883,D,S,D,2024-07-12,1000000.00,4.528388,101.25
08:02:31,912810UB2,TSRYS5810883,D,S,D,2024-07-12,1000000.00,4.528388,101.25
08:02:31,912810UB2,TSRYS5810883,D,S,C,2024-07-12,1000000.00,4.533159,101.1875
08:02:31,912810UB2,TSRYS5810883,D,S,D,2024-07-12,1000000.00,4.531966,101.203125
08:02:31,912810UB2,TSRYS5810883,D,S,C,2024-07-12,1000000.00,4.531966,101.203125
08:02:31,912810UB2,TSRYS5810883,D,S,C,2024-07-12,1000000.00,4.531966,101.203125
08:02:33,912810UB2,TSRYS5810883,D,S,C,2024-07-12,2000000.00,4.531954,101.203275
08:02:33,912810UB2,TSRYS5810883,D,S,C,2024-07-12,2000000.00,4.531954,101.203275
08:02:34,912810UB2,TSRYS5810883,D,B,C,2024-07-12,1000000.00,4.530786,101.218575
08:02:34,912810UB2,TSRYS5810883,D,S,C,2024-07-12,1000000.00,4.530758,101.21895
08:02:34,912810UB2,TSRYS5810883,D,S,C,2024-07-12,1000000.00,4.531951,101.203325
08:02:34,912810UB2,TSRYS5810883,D,B,C,2024-07-12,3000000.00,4.525737,101.28475625
08:02:34,912810UB2,TSRYS5810883,D,S,A,2024-07-12,3000000.00,4.525737,101.28475625
08:02:34,912810UB2,TSRYS5810883,D,B,C,2024-07-12,1000000.00,4.531966,101.203125
08:02:35,912810UB2,TSRYS5810883,D,S,C,2024-07-12,1000000.00,4.529567,101.23455
08:02:36,912810UB2,TSRYS5810883,D,B,C,2024-07-12,1000000.00,4.52958,101.234375
08:02:36,912810UB2,TSRYS5810883,D,S,D,2024-07-12,1000000.00,4.529571,101.234505
08:02:37,912810UB2,TSRYS5810883,D,S,D,2024-07-12,1000000.00,4.526302,101.27734375
08:02:37,912810UB2,TSRYS5810883,D,S,A,2024-07-12,1068000.00,4.521835,101.3359375
08:02:38,912810UB2,TSRYS5810883,D,S,C,2024-07-12,3000000.00,4.528373,101.2502
08:02:38,912810UB2,TSRYS5810883,D,S,C,2024-07-12,3000000.00,4.528388,101.25
08:02:38,912810UB2,TSRYS5810883,D,S,C,2024-07-12,1000000.00,4.528388,101.25
08:02:38,912810UB2,TSRYS5810883,D,S,D,2024-07-12,3000000.00,4.528388,101.25
08:02:38,912810UB2,TSRYS5810883,D,S,C,2024-07-12,1000000.00,4.528388,101.25
08:02:38,912810UB2,TSRYS5810883,D,S,C,2024-07-12,1000000.00,4.528388,101.25
08:02:38,912810UB2,TSRYS5810883,D,S,C,2024-07-12,1000000.00,4.528388,101.25
08:02:38,912810UB2,TSRYS5810883,D,S,C,2024-07-12,2000000.00,4.528388,101.25
08:02:38,912810UB2,TSRYS5810883,D,S,C,2024-07-12,1000000.00,4.528388,101.25
08:02:41,912810UB2,TSRYS5810883,D,S,T,2024-07-12,1000000.00,4.533159,101.1875
08:02:41,912810UB2,TSRYS5810883,D,S,T,2024-07-12,1000000.00,4.533159,101.1875
08:02:41,912810UB2,TSRYS5810883,D,S,D,2024-07-12,1000000.00,4.524813,101.296875
08:02:41,912810UB2,TSRYS5810883,D,B,C,2024-07-12,1000000.00,4.524813,101.296875
08:02:41,912810UB2,TSRYS5810883,D,S,D,2024-07-12,1000000.00,4.524813,101.296875
08:02:41,912810UB2,TSRYS5810883,D,S,D,2024-07-12,1000000.00,4.524813,101.296875
08:02:41,912810UB2,TSRYS5810883,D,B,C,2024-07-12,1000000.00,4.524828,101.296675
08:02:41,912810UB2,TSRYS5810883,D,B,C,2024-07-12,1000000.00,4.524813,101.296875
08:02:41,912810UB2,TSRYS5810883,D,B,C,2024-07-12,2000000.00,4.524813,101.296875
08:02:41,912810UB2,TSRYS5810883,D,S,D,2024-07-12,2000000.00,4.524813,101.296875
08:02:42,912810UB2,TSRYS5810883,D,B,C,2024-07-12,1000000.00,4.527211,101.265425
08:02:42,912810UB2,TSRYS5810883,D,B,C,2024-07-12,1000000.00,4.527211,101.265425
08:02:42,912810UB2,TSRYS5810883,D,S,C,2024-07-12,1000000.00,4.527196,101.265625
08:02:42,912810UB2,TSRYS5810883,D,S,C,2024-07-12,1000000.00,4.527183,101.2658
08:02:43,912810UB2,TSRYS5810883,D,B,A,2024-07-12,1000000.00,4.519751,101.36328125
08:02:43,912810UB2,TSRYS5810883,D,S,C,2024-07-12,1000000.00,4.527196,101.265625
08:02:43,912810UB2,TSRYS5810883,D,B,C,2024-07-12,1000000.00,4.527196,101.265625
08:02:43,912810UB2,TSRYS5810883,D,S,D,2024-07-12,1000000.00,4.528378,101.25013
08:02:44,912810UB2,TSRYS5810883,D,S,C,2024-07-12,1000000.00,4.531953,101.2033
08:02:44,912810UB2,TSRYS5810883,D,B,C,2024-07-12,1000000.00,4.531981,101.202925
08:02:44,912810UB2,TSRYS5810883,D,S,T,2024-07-12,1000000.00,4.533159,101.1875
08:02:44,912810UB2,TSRYS5810883,D,S,T,2024-07-12,1000000.00,4.531966,101.203125
08:02:45,912810UB2,TSRYS5810883,D,S,C,2024-07-12,100000.00,4.532264,101.19921875
08:02:45,912810UB2,TSRYS5810883,D,S,T,2024-07-12,1000000.00,4.533159,101.1875
08:02:46,912810UB2,TSRYS5810883,D,S,C,2024-07-12,1000000.00,4.528388,101.250175
08:02:46,912810UB2,TSRYS5810883,D,B,C,2024-07-12,1000000.00,4.528388,101.25
08:02:47,912810UB2,TSRYS5810883,D,B,C,2024-07-12,1000000.00,4.527196,101.265625
08:02:47,912810UB2,TSRYS5810883,D,B,C,2024-07-12,1000000.00,4.527211,101.265425
08:02:47,912810UB2,TSRYS5810883,D,B,C,2024-07-12,1000000.00,4.527196,101.265625
08:02:47,912810UB2,TSRYS5810883,D,S,D,2024-07-12,1000000.00,4.527196,101.265625
08:02:47,912810UB2,TSRYS5810883,D,S,D,2024-07-12,1000000.00,4.527196,101.265625
08:02:47,912810UB2,TSRYS5810883,D,S,D,2024-07-12,1000000.00,4.527196,101.265625
08:02:47,912810UB2,TSRYS5810883,D,S,D,2024-07-12,2000000.00,4.52809,101.25390625
08:02:47,912810UB2,TSRYS5810883,D,S,C,2024-07-12,1000000.00,4.527196,101.265625
08:02:48,912810UB2,TSRYS5810883,D,B,C,2024-07-12,1000000.00,4.530922,101.216796875
08:02:48,912810UB2,TSRYS5810883,D,S,D,2024-07-12,1000000.00,4.530922,101.216796875
08:02:48,912810UB2,TSRYS5810883,D,B,C,2024-07-12,1000000.00,4.53122,101.212890625
08:02:48,912810UB2,TSRYS5810883,D,S,D,2024-07-12,1000000.00,4.53122,101.212890625
08:02:48,912810UB2,TSRYS5810883,D,B,C,2024-07-12,1000000.00,4.531071,101.21484375
08:02:48,912810UB2,TSRYS5810883,D,S,D,2024-07-12,1000000.00,4.531071,101.21484375
08:02:50,912810UB2,TSRYS5810883,D,S,C,2024-07-12,1000000.00,4.520049,101.359375
08:02:50,912810UB2,TSRYS5810883,D,S,C,2024-07-12,1000000.00,4.520049,101.359375
08:02:50,912810UB2,TSRYS5810883,D,S,C,2024-07-12,3000000.00,4.520049,101.359375
08:02:50,912810UB2,TSRYS5810883,D,B,C,2024-07-12,1000000.00,4.521251,101.3436
08:02:51,912810UB2,TSRYS5810883,D,B,C,2024-07-12,1000000.00,4.521251,101.3436
08:02:51,912810UB2,TSRYS5810883,D,S,C,2024-07-12,1000000.00,4.521226,101.343925
08:02:51,912810UB2,TSRYS5810883,D,S,C,2024-07-12,1000000.00,4.521224,101.34395
08:02:51,912810UB2,TSRYS5810883,D,B,C,2024-07-12,1000000.00,4.521251,101.3436
08:02:51,912810UB2,TSRYS5810883,D,S,C,2024-07-12,1000000.00,4.521224,101.34395
08:02:51,912810UB2,TSRYS5810883,D,S,C,2024-07-12,1000000.00,4.521226,101.343925
08:02:51,912810UB2,TSRYS5810883,D,S,C,2024-07-12,1000000.00,4.521224,101.34395
08:02:51,912810UB2,TSRYS5810883,D,S,A,2024-07-12,1000000.00,4.530773,101.21875
08:02:52,912810UB2,TSRYS5810883,D,B,C,2024-07-12,1000000.00,4.527196,101.265625
08:02:52,912810UB2,TSRYS5810883,D,S,T,2024-07-12,1000000.00,4.531966,101.203125
08:02:52,912810UB2,TSRYS5810883,D,S,D,2024-07-12,1000000.00,4.527196,101.265625
08:02:52,912810UB2,TSRYS5810883,D,S,D,2024-07-12,1000000.00,4.518858,101.375
08:02:53,912810UB2,TSRYS5810883,D,S,T,2024-07-12,1000000.00,4.52958,101.234375
08:02:53,912810UB2,TSRYS5810883,D,S,C,2024-07-12,1000000.00,4.518858,101.375
08:02:53,912810UB2,TSRYS5810883,D,S,D,2024-07-12,1000000.00,4.518858,101.375
08:02:53,912810UB2,TSRYS5810883,D,S,C,2024-07-12,1000000.00,4.518845,101.375175
08:02:53,912810UB2,TSRYS5810883,D,S,C,2024-07-12,1000000.00,4.518858,101.375
08:02:53,912810UB2,TSRYS5810883,D,B,C,2024-07-12,1000000.00,4.51887,101.37485
08:02:53,912810UB2,TSRYS5810883,D,S,C,2024-07-12,1000000.00,4.518845,101.375175
08:02:53,912810UB2,TSRYS5810883,D,S,C,2024-07-12,1000000.00,4.518843,101.3752
08:02:54,912810UB2,TSRYS5810883,D,S,C,2024-07-12,1000000.00,4.518843,101.3752
08:02:54,912810UB2,TSRYS5810883,D,S,T,2024-07-12,1000000.00,4.531966,101.203125
08:02:54,912810UB2,TSRYS5810883,D,B,C,2024-07-12,1000000.00,4.51887,101.37485
08:02:54,912810UB2,TSRYS5810883,D,B,C,2024-07-12,1000000.00,4.520064,101.359175
08:02:54,912810UB2,TSRYS5810883,D,B,C,2024-07-12,1000000.00,4.51887,101.37485
08:02:54,912810UB2,TSRYS5810883,D,S,C,2024-07-12,1000000.00,4.520035,101.35955
08:02:55,912810UB2,TSRYS5810883,D,S,T,2024-07-12,1000000.00,4.531966,101.203125
08:02:55,912810UB2,TSRYS5810883,D,S,T,2024-07-12,1000000.00,4.52958,101.234375
08:02:55,912810UB2,TSRYS5810883,D,S,T,2024-07-12,1000000.00,4.533159,101.1875
08:02:55,912810UB2,TSRYS5810883,D,S,T,2024-07-12,1000000.00,4.533159,101.1875
08:02:56,912810UB2,TSRYS5810883,D,S,C,2024-07-12,1000000.00,4.527196,101.265625
08:02:57,912810UB2,TSRYS5810883,D,B,C,2024-07-12,1000000.00,4.527196,101.265625
08:02:57,912810UB2,TSRYS5810883,D,B,C,2024-07-12,1000000.00,4.527196,101.265625
08:02:57,912810UB2,TSRYS5810883,D,S,D,2024-07-12,1000000.00,4.527196,101.265625
08:02:57,912810UB2,TSRYS5810883,D,B,C,2024-07-12,1000000.00,4.523621,101.3125
08:02:57,912810UB2,TSRYS5810883,D,S,D,2024-07-12,1000000.00,4.523621,101.3125
08:02:57,912810UB2,TSRYS5810883,D,S,C,2024-07-12,1000000.00,4.524366,101.302734375
08:02:58,912810UB2,TSRYS5810883,D,S,T,2024-07-12,1000000.00,4.533159,101.1875
08:02:58,912810UB2,TSRYS5810883,D,S,T,2024-07-12,1000000.00,4.52958,101.234375
08:02:58,912810UB2,TSRYS5810883,D,S,T,2024-07-12,1000000.00,4.531966,101.203125
08:02:58,912810UB2,TSRYS5810883,D,S,T,2024-07-12,1000000.00,4.52958,101.234375
08:02:58,912810UB2,TSRYS5810883,D,S,T,2024-07-12,1000000.00,4.533159,101.1875
08:02:59,912810UB2,TSRYS5810883,D,S,C,2024-07-12,1000000.00,4.520049,101.359375
08:02:59,912810UB2,TSRYS5810883,D,S,T,2024-07-12,1000000.00,4.52958,101.234375
08:02:59,912810UB2,TSRYS5810883,D,S,C,2024-07-12,2000000.00,4.520049,101.359375
08:02:59,912810UB2,TSRYS5810883,D,S,C,2024-07-12,1000000.00,4.521239,101.343925
08:03:00,912810UB2,TSRYS5810883,D,S,D,2024-07-12,1000000.00,4.521239,101.34375
08:03:00,912810UB2,TSRYS5810883,D,B,C,2024-07-12,1000000.00,4.518858,101.375
08:03:00,912810UB2,TSRYS5810883,D,S,D,2024-07-12,1000000.00,4.518848,101.37513
08:03:01,912810UB2,TSRYS5810883,D,B,C,2024-07-12,1000000.00,4.520049,101.359375
08:03:01,912810UB2,TSRYS5810883,D,S,C,2024-07-12,1000000.00,4.520026,101.359675
08:03:01,912810UB2,TSRYS5810883,D,S,D,2024-07-12,1000000.00,4.521388,101.341796875
08:03:01,912810UB2,TSRYS5810883,D,S,T,2024-07-12,1000000.00,4.52958,101.234375
08:03:02,912810UB2,TSRYS5810883,D,B,C,2024-07-12,1000000.00,4.518858,101.375
08:03:02,912810UB2,TSRYS5810883,D,S,D,2024-07-12,1000000.00,4.518858,101.375
08:03:03,912810UB2,TSRYS5810883,D,S,C,2024-07-12,1000000.00,4.519602,101.365234375
08:03:03,912810UB2,TSRYS5810883,D,B,C,2024-07-12,1000000.00,4.518858,101.375
08:03:03,912810UB2,TSRYS5810883,D,S,C,2024-07-12,1000000.00,4.518858,101.375
08:03:06,912810UB2,TSRYS5810883,D,S,T,2024-07-12,1000000.00,4.531966,101.203125
08:03:06,912810UB2,TSRYS5810883,D,S,D,2024-07-12,1000000.00,4.516468,101.40638
08:03:06,912810UB2,TSRYS5810883,D,S,T,2024-07-12,1000000.00,4.531966,101.203125
08:03:06,912810UB2,TSRYS5810883,D,B,C,2024-07-12,1000000.00,4.516478,101.40625
08:03:06,912810UB2,TSRYS5810883,D,S,T,2024-07-12,1000000.00,4.531966,101.203125
08:03:07,912810UB2,TSRYS5810883,D,S,T,2024-07-12,1000000.00,4.531966,101.203125
08:03:07,912810UB2,TSRYS5810883,D,S,T,2024-07-12,1000000.00,4.528388,101.25
08:03:07,912810UB2,TSRYS5810883,D,S,C,2024-07-12,1000000.00,4.518858,101.375175
08:03:07,912810UB2,TSRYS5810883,D,B,C,2024-07-12,1000000.00,4.518858,101.375
08:03:08,912810UB2,TSRYS5810883,D,B,A,2024-07-12,4000000.00,4.520001,101.36
08:03:08,912810UB2,TSRYS5810883,D,S,D,2024-07-12,2000000.00,4.518561,101.37890625
08:03:09,912810UB2,TSRYS5810883,D,S,T,2024-07-12,1000000.00,4.531966,101.203125
08:03:10,912810UB2,TSRYS5810883,D,S,C,2024-07-12,1000000.00,4.515277,101.422027
08:03:10,912810UB2,TSRYS5810883,D,B,C,2024-07-12,1000000.00,4.515289,101.421875
08:03:11,912810UB2,TSRYS5810883,D,S,C,2024-07-12,1000000.00,4.517668,101.390625
08:03:11,912810UB2,TSRYS5810883,D,B,C,2024-07-12,1000000.00,4.517683,101.390425
08:03:11,912810UB2,TSRYS5810883,D,S,C,2024-07-12,1000000.00,4.517655,101.3908
08:03:11,912810UB2,TSRYS5810883,D,B,C,2024-07-12,1000000.00,4.517683,101.390425
08:03:14,912810UB2,TSRYS5810883,D,S,D,2024-07-12,322000.00,4.528388,101.25
08:03:14,912810UB2,TSRYS5810883,D,B,C,2024-07-12,1000000.00,4.520062,101.3592
08:03:14,912810UB2,TSRYS5810883,D,S,D,2024-07-12,1000000.00,4.520049,101.359375
08:03:14,912810UB2,TSRYS5810883,D,S,A,2024-07-12,1000000.00,4.523621,101.3125
08:03:14,912810UB2,TSRYS5810883,D,S,A,2024-07-12,1000000.00,4.523621,101.3125
08:03:14,912810UB2,TSRYS5810883,D,S,A,2024-07-12,1000000.00,4.523621,101.3125
08:03:14,912810UB2,TSRYS5810883,D,S,A,2024-07-12,1000000.00,4.523621,101.3125
08:03:14,912810UB2,TSRYS5810883,D,S,A,2024-07-12,7000000.00,4.523621,101.3125
08:03:14,912810UB2,TSRYS5810883,D,S,A,2024-07-12,532000.00,4.523621,101.3125
08:03:14,912810UB2,TSRYS5810883,D,S,A,2024-07-12,2000000.00,4.523621,101.3125
08:03:14,912810UB2,TSRYS5810883,D,S,A,2024-07-12,1000000.00,4.523621,101.3125
08:03:14,912810UB2,TSRYS5810883,D,S,A,2024-07-12,468000.00,4.523621,101.3125
08:03:14,912810UB2,TSRYS5810883,D,S,A,2024-07-12,1000000.00,4.523621,101.3125
08:03:14,912810UB2,TSRYS5810883,D,S,A,2024-07-12,1000000.00,4.523621,101.3125
08:03:14,912810UB2,TSRYS5810883,D,S,A,2024-07-12,1000000.00,4.523621,101.3125
08:03:14,912810UB2,TSRYS5810883,D,S,A,2024-07-12,1000000.00,4.523621,101.3125
08:03:14,912810UB2,TSRYS5810883,D,S,A,2024-07-12,1000000.00,4.523621,101.3125
08:03:16,912810UB2,TSRYS5810883,D,S,C,2024-07-12,2000000.00,4.521239,101.34375
08:03:16,912810UB2,TSRYS5810883,D,S,C,2024-07-12,1000000.00,4.521226,101.343925
08:03:16,912810UB2,TSRYS5810883,D,S,A,2024-07-12,176200.00,4.525408,101.2890625
08:03:18,912810UB2,TSRYS5810883,D,S,A,2024-07-12,200000.00,4.527494,101.26171875
08:03:20,912810UB2,TSRYS5810883,D,B,A,2024-07-12,460000.00,4.531966,101.203125
08:03:22,912810UB2,TSRYS5810883,D,B,C,2024-07-12,1000000.00,4.526004,101.28125
08:03:22,912810UB2,TSRYS5810883,D,S,D,2024-07-12,1000000.00,4.525987,101.281475
08:03:25,912810UB2,TSRYS5810883,D,S,C,2024-07-12,1000000.00,4.524813,101.296875
08:03:25,912810UB2,TSRYS5810883,D,B,C,2024-07-12,1000000.00,4.524828,101.296675
08:03:25,912810UB2,TSRYS5810883,D,B,C,2024-07-12,1000000.00,4.524826,101.2967
08:03:25,912810UB2,TSRYS5810883,D,S,C,2024-07-12,1000000.00,4.524813,101.296875
08:03:28,912810UB2,TSRYS5810883,D,S,C,2024-07-12,1000000.00,4.529569,101.234527
08:03:28,912810UB2,TSRYS5810883,D,S,C,2024-07-12,1000000.00,4.52958,101.234375
08:03:28,912810UB2,TSRYS5810883,D,S,D,2024-07-12,1000000.00,4.52958,101.234375
08:03:29,912810UB2,TSRYS5810883,D,S,D,2024-07-12,1000000.00,4.528378,101.25013
08:03:29,912810UB2,TSRYS5810883,D,B,C,2024-07-12,1000000.00,4.528403,101.2498
08:03:33,912810UB2,TSRYS5810883,D,S,D,2024-07-12,1000000.00,4.517371,101.39453125
08:03:34,912810UB2,TSRYS5810883,D,S,D,2024-07-12,1000000.00,4.524803,101.297005
08:03:34,912810UB2,TSRYS5810883,D,B,C,2024-07-12,1000000.00,4.524826,101.2967
08:03:35,912810UB2,TSRYS5810883,D,S,D,2024-07-12,1000000.00,4.524803,101.297005
08:03:36,912810UB2,TSRYS5810883,D,B,C,2024-07-12,1000000.00,4.528388,101.25
08:03:36,912810UB2,TSRYS5810883,D,S,C,2024-07-12,1000000.00,4.528373,101.2502
08:03:36,912810UB2,TSRYS5810883,D,B,C,2024-07-12,1000000.00,4.528388,101.25
08:03:36,912810UB2,TSRYS5810883,D,S,C,2024-07-12,1000000.00,4.528373,101.2502
08:03:37,912810UB2,TSRYS5810883,D,S,C,2024-07-12,1000000.00,4.52958,101.234375
08:03:39,912810UB2,TSRYS5810883,D,S,D,2024-07-12,1000000.00,4.530763,101.21888
08:03:39,912810UB2,TSRYS5810883,D,S,T,2024-07-12,2000000.00,4.531979,101.202948
08:03:40,912810UB2,TSRYS5810883,D,S,A,2024-07-12,1000000.00,4.531071,101.21484375
08:03:41,912810UB2,TSRYS5810883,D,S,D,2024-07-12,1000000.00,4.531956,101.203255
08:03:42,912810UB2,TSRYS5810883,D,S,A,2024-07-12,2000000.00,4.528686,101.24609375
08:03:42,912810UB2,TSRYS5810883,D,S,D,2024-07-12,1000000.00,4.530765,101.218852
08:03:44,912810UB2,TSRYS5810883,D,B,A,2024-07-12,1000000.00,4.524217,101.3046875
08:03:45,912810UB2,TSRYS5810883,D,S,C,2024-07-12,1000000.00,4.52958,101.234375
08:03:45,912810UB2,TSRYS5810883,D,S,C,2024-07-12,1000000.00,4.52958,101.234375
08:03:45,912810UB2,TSRYS5810883,D,S,C,2024-07-12,1000000.00,4.52958,101.234375
08:03:45,912810UB2,TSRYS5810883,D,S,C,2024-07-12,1000000.00,4.52958,101.234375
08:03:45,912810UB2,TSRYS5810883,D,S,C,2024-07-12,1000000.00,4.52958,101.234375
08:03:45,912810UB2,TSRYS5810883,D,S,D,2024-07-12,1000000.00,4.52958,101.234375
08:03:45,912810UB2,TSRYS5810883,D,S,A,2024-07-12,1000000.00,4.528984,101.2421875
08:03:45,912810UB2,TSRYS5810883,D,S,D,2024-07-12,1000000.00,4.531966,101.203125
08:03:45,912810UB2,TSRYS5810883,D,S,D,2024-07-12,1000000.00,4.531966,101.203125
08:03:46,912810UB2,TSRYS5810883,D,S,D,2024-07-12,1000000.00,4.533159,101.1875
08:03:46,912810UB2,TSRYS5810883,D,S,C,2024-07-12,1000000.00,4.533159,101.1875
08:03:47,912810UB2,TSRYS5810883,D,S,D,2024-07-12,1000000.00,4.533159,101.1875
08:03:47,912810UB2,TSRYS5810883,D,S,C,2024-07-12,1000000.00,4.533159,101.1875
08:03:47,912810UB2,TSRYS5810883,D,S,D,2024-07-12,1000000.00,4.533159,101.1875
08:03:47,912810UB2,TSRYS5810883,D,S,D,2024-07-12,1000000.00,4.533159,101.1875
08:03:47,912810UB2,TSRYS5810883,D,S,C,2024-07-12,1000000.00,4.533147,101.18765
08:03:47,912810UB2,TSRYS5810883,D,S,D,2024-07-12,1000000.00,4.533159,101.1875
08:03:47,912810UB2,TSRYS5810883,D,S,D,2024-07-12,1000000.00,4.531956,101.203255
08:03:47,912810UB2,TSRYS5810883,D,B,C,2024-07-12,1000000.00,4.531966,101.203125
08:03:47,912810UB2,TSRYS5810883,D,S,D,2024-07-12,1000000.00,4.531956,101.203255
08:03:47,912810UB2,TSRYS5810883,D,S,D,2024-07-12,1000000.00,4.531956,101.203255
08:03:47,912810UB2,TSRYS5810883,D,S,D,2024-07-12,1000000.00,4.531956,101.203255
08:03:47,912810UB2,TSRYS5810883,D,B,C,2024-07-12,1000000.00,4.531966,101.203125
08:03:47,912810UB2,TSRYS5810883,D,S,C,2024-07-12,1000000.00,4.531966,101.203125
08:03:49,912810UB2,TSRYS5810883,D,B,C,2024-07-12,1000000.00,4.535546,101.15625
08:03:49,912810UB2,TSRYS5810883,D,S,D,2024-07-12,1000000.00,4.535546,101.15625
08:03:50,912810UB2,TSRYS5810883,D,S,D,2024-07-12,1000000.00,4.533149,101.18763
08:03:50,912810UB2,TSRYS5810883,D,B,C,2024-07-12,1000000.00,4.533174,101.1873
08:03:51,912810UB2,TSRYS5810883,D,S,C,2024-07-12,1000000.00,4.517668,101.3908
08:03:51,912810UB2,TSRYS5810883,D,B,C,2024-07-12,1000000.00,4.517668,101.390625
08:03:55,912810UB2,TSRYS5810883,D,S,A,2024-07-12,500000.00,4.531369,101.2109375
08:03:56,912810UB2,TSRYS5810883,D,S,D,2024-07-12,270000.00,4.524813,101.296875
08:03:59,912810UB2,TSRYS5810883,D,B,C,2024-07-12,1000000.00,4.53674,101.140625
08:03:59,912810UB2,TSRYS5810883,D,S,C,2024-07-12,1000000.00,4.536717,101.140925
08:04:02,912810UB2,TSRYS5810883,D,B,C,2024-07-12,270000.00,4.524813,101.296875
08:04:03,912810UB2,TSRYS5810883,D,S,A,2024-07-12,3500000.00,4.517073,101.3984375
08:04:03,912810UB2,TSRYS5810883,D,S,D,2024-07-12,1000000.00,4.525408,101.2890625
08:04:04,912810UB2,TSRYS5810883,D,S,D,2024-07-12,1000000.00,4.525408,101.2890625
08:04:04,912810UB2,TSRYS5810883,D,S,D,2024-07-12,1000000.00,4.525408,101.2890625
08:04:04,912810UB2,TSRYS5810883,D,S,D,2024-07-12,1000000.00,4.525408,101.2890625
08:04:09,912810UB2,TSRYS5810883,D,S,T,2024-07-12,1000000.00,4.524813,101.296875
08:04:10,912810UB2,TSRYS5810883,D,S,C,2024-07-12,1000000.00,4.531966,101.203125
08:04:11,912810UB2,TSRYS5810883,D,S,T,2024-07-12,1000000.00,4.524813,101.296875
08:04:11,912810UB2,TSRYS5810883,D,S,D,2024-07-12,1000000.00,4.526004,101.28125
08:04:11,912810UB2,TSRYS5810883,D,S,C,2024-07-12,1000000.00,4.533147,101.18765
08:04:11,912810UB2,TSRYS5810883,D,B,C,2024-07-12,1000000.00,4.533174,101.1873
08:04:12,912810UB2,TSRYS5810883,D,S,D,2024-07-12,1000000.00,4.531966,101.203125
08:04:12,912810UB2,TSRYS5810883,D,S,D,2024-07-12,1000000.00,4.531966,101.203125
08:04:12,912810UB2,TSRYS5810883,D,B,C,2024-07-12,1000000.00,4.531979,101.20295
08:04:12,912810UB2,TSRYS5810883,D,S,T,2024-07-12,1000000.00,4.524813,101.296875
08:04:14,912810UB2,TSRYS5810883,D,S,T,2024-07-12,1000000.00,4.524813,101.296875
08:04:16,912810UB2,TSRYS5810883,D,S,C,2024-07-12,1000000.00,4.528377,101.25015
08:04:16,912810UB2,TSRYS5810883,D,S,C,2024-07-12,1000000.00,4.528377,101.25015
08:04:16,912810UB2,TSRYS5810883,D,B,C,2024-07-12,1000000.00,4.528403,101.2498
08:04:16,912810UB2,TSRYS5810883,D,B,C,2024-07-12,1000000.00,4.528388,101.25
08:04:16,912810UB2,TSRYS5810883,D,S,C,2024-07-12,1000000.00,4.528377,101.25015
08:04:16,912810UB2,TSRYS5810883,D,B,C,2024-07-12,1000000.00,4.528403,101.2498
08:04:18,912810UB2,TSRYS5810883,D,S,C,2024-07-12,1000000.00,4.528373,101.2502
08:04:18,912810UB2,TSRYS5810883,D,S,C,2024-07-12,1000000.00,4.528373,101.2502
08:04:18,912810UB2,TSRYS5810883,D,B,C,2024-07-12,1000000.00,4.528402,101.249825
08:04:18,912810UB2,TSRYS5810883,D,B,C,2024-07-12,1000000.00,4.528402,101.249825
08:04:18,912810UB2,TSRYS5810883,D,S,D,2024-07-12,1000000.00,4.52958,101.234375
08:04:18,912810UB2,TSRYS5810883,D,B,C,2024-07-12,1000000.00,4.529596,101.234175
08:04:19,912810UB2,TSRYS5810883,D,S,D,2024-07-12,1000000.00,4.52958,101.234375
08:04:19,912810UB2,TSRYS5810883,D,S,D,2024-07-12,1000000.00,4.531966,101.203125
08:04:20,912810UB2,TSRYS5810883,D,S,C,2024-07-12,1000000.00,4.531966,101.203125
08:04:23,912810UB2,TSRYS5810883,D,S,C,2024-07-12,1000000.00,4.531966,101.203125
08:04:23,912810UB2,TSRYS5810883,D,S,D,2024-07-12,1000000.00,4.531966,101.203125
08:04:23,912810UB2,TSRYS5810883,D,S,D,2024-07-12,1000000.00,4.531966,101.203125
08:04:23,912810UB2,TSRYS5810883,D,S,C,2024-07-12,1000000.00,4.528388,101.25
08:04:23,912810UB2,TSRYS5810883,D,S,D,2024-07-12,234000.00,4.529282,101.23828125
08:04:25,912810UB2,TSRYS5810883,D,S,D,2024-07-12,225000.00,4.525706,101.28515625
08:04:26,912810UB2,TSRYS5810883,D,S,D,2024-07-12,1000000.00,4.526004,101.28125
08:04:26,912810UB2,TSRYS5810883,D,S,D,2024-07-12,1000000.00,4.526004,101.28125
08:04:27,912810UB2,TSRYS5810883,D,B,C,2024-07-12,1000000.00,4.528537,101.248046875
08:04:27,912810UB2,TSRYS5810883,D,S,D,2024-07-12,1000000.00,4.528537,101.248046875
08:04:27,912810UB2,TSRYS5810883,D,B,C,2024-07-12,1000000.00,4.524813,101.296875
08:04:27,912810UB2,TSRYS5810883,D,S,D,2024-07-12,1000000.00,4.524813,101.296875
08:04:27,912810UB2,TSRYS5810883,D,S,D,2024-07-12,1000000.00,4.523621,101.3125
08:04:27,912810UB2,TSRYS5810883,D,S,D,2024-07-12,4000000.00,4.523621,101.3125
08:04:28,912810UB2,TSRYS5810883,D,S,D,2024-07-12,3000000.00,4.52243,101.328125
08:04:28,912810UB2,TSRYS5810883,D,S,D,2024-07-12,2000000.00,4.52243,101.328125
08:04:28,912810UB2,TSRYS5810883,D,S,D,2024-07-12,1000000.00,4.52243,101.328125
08:04:28,912810UB2,TSRYS5810883,D,S,D,2024-07-12,1000000.00,4.52243,101.328125
08:04:28,912810UB2,TSRYS5810883,D,S,D,2024-07-12,1000000.00,4.52243,101.328125
08:04:28,912810UB2,TSRYS5810883,D,S,D,2024-07-12,1000000.00,4.52243,101.328125
08:04:28,912810UB2,TSRYS5810883,D,S,D,2024-07-12,2000000.00,4.52243,101.328125
08:04:28,912810UB2,TSRYS5810883,D,S,D,2024-07-12,1000000.00,4.524813,101.296875
08:04:28,912810UB2,TSRYS5810883,D,B,C,2024-07-12,1000000.00,4.524813,101.296875
08:04:28,912810UB2,TSRYS5810883,D,S,D,2024-07-12,1000000.00,4.524813,101.296875
08:04:28,912810UB2,TSRYS5810883,D,B,C,2024-07-12,1000000.00,4.524828,101.296675
08:04:29,912810UB2,TSRYS5810883,D,S,D,2024-07-12,1000000.00,4.524813,101.296875
08:04:29,912810UB2,TSRYS5810883,D,S,C,2024-07-12,1000000.00,4.52479,101.297175
08:04:29,912810UB2,TSRYS5810883,D,B,C,2024-07-12,1000000.00,4.524828,101.296675
08:04:29,912810UB2,TSRYS5810883,D,S,C,2024-07-12,1000000.00,4.523621,101.3125
08:04:29,912810UB2,TSRYS5810883,D,S,D,2024-07-12,1000000.00,4.523621,101.3125
08:04:30,912810UB2,TSRYS5810883,D,B,C,2024-07-12,1000000.00,4.524813,101.296875
08:04:30,912810UB2,TSRYS5810883,D,S,C,2024-07-12,1000000.00,4.524799,101.29705
08:04:30,912810UB2,TSRYS5810883,D,B,C,2024-07-12,1000000.00,4.524813,101.296875
08:04:30,912810UB2,TSRYS5810883,D,S,D,2024-07-12,1000000.00,4.524813,101.296875
08:04:30,912810UB2,TSRYS5810883,D,B,C,2024-07-12,1000000.00,4.52602,101.28105
08:04:30,912810UB2,TSRYS5810883,D,S,D,2024-07-12,1000000.00,4.526004,101.28125
08:04:32,912810UB2,TSRYS5810883,D,S,D,2024-07-12,1000000.00,4.523621,101.3125
08:04:33,912810UB2,TSRYS5810883,D,B,C,2024-07-12,2000000.00,4.523621,101.3125
08:04:33,912810UB2,TSRYS5810883,D,S,D,2024-07-12,2000000.00,4.523608,101.312677
08:04:33,912810UB2,TSRYS5810883,D,B,C,2024-07-12,1000000.00,4.523621,101.3125
08:04:33,912810UB2,TSRYS5810883,D,S,D,2024-07-12,1000000.00,4.523608,101.312677
08:04:33,912810UB2,TSRYS5810883,D,S,D,2024-07-12,1000000.00,4.523608,101.312677
08:04:33,912810UB2,TSRYS5810883,D,S,D,2024-07-12,1000000.00,4.523608,101.312677
08:04:33,912810UB2,TSRYS5810883,D,B,C,2024-07-12,2000000.00,4.523621,101.3125
08:04:33,912810UB2,TSRYS5810883,D,S,D,2024-07-12,2000000.00,4.523608,101.312677
08:04:33,912810UB2,TSRYS5810883,D,S,D,2024-07-12,1000000.00,4.523608,101.312677
08:04:33,912810UB2,TSRYS5810883,D,S,D,2024-07-12,1000000.00,4.523608,101.312677
08:04:33,912810UB2,TSRYS5810883,D,S,D,2024-07-12,1000000.00,4.523608,101.312677
08:04:33,912810UB2,TSRYS5810883,D,S,D,2024-07-12,1000000.00,4.523608,101.312677
08:04:33,912810UB2,TSRYS5810883,D,S,D,2024-07-12,1000000.00,4.523608,101.312677
08:04:33,912810UB2,TSRYS5810883,D,B,C,2024-07-12,1000000.00,4.523633,101.31235
08:04:33,912810UB2,TSRYS5810883,D,S,D,2024-07-12,1000000.00,4.523608,101.312677
08:04:33,912810UB2,TSRYS5810883,D,B,C,2024-07-12,1000000.00,4.523633,101.31235
08:04:33,912810UB2,TSRYS5810883,D,S,D,2024-07-12,1000000.00,4.523608,101.312677
08:04:33,912810UB2,TSRYS5810883,D,B,C,2024-07-12,1000000.00,4.523621,101.3125
08:04:33,912810UB2,TSRYS5810883,D,S,D,2024-07-12,1000000.00,4.523608,101.312677
08:04:33,912810UB2,TSRYS5810883,D,B,C,2024-07-12,1000000.00,4.523621,101.3125
08:04:33,912810UB2,TSRYS5810883,D,S,D,2024-07-12,1000000.00,4.523608,101.312677
08:04:34,912810UB2,TSRYS5810883,D,S,D,2024-07-12,1000000.00,4.524813,101.296875
08:04:38,912810UB2,TSRYS5810883,D,S,D,2024-07-12,1000000.00,4.524813,101.296875
08:04:38,912810UB2,TSRYS5810883,D,B,C,2024-07-12,1000000.00,4.524813,101.296875
08:04:38,912810UB2,TSRYS5810883,D,S,D,2024-07-12,1000000.00,4.524813,101.296875
08:04:38,912810UB2,TSRYS5810883,D,B,C,2024-07-12,1000000.00,4.524828,101.296675
08:04:38,912810UB2,TSRYS5810883,D,S,D,2024-07-12,1000000.00,4.524813,101.296875
08:04:38,912810UB2,TSRYS5810883,D,S,T,2024-07-12,2000000.00,4.531979,101.202948
08:04:48,912810UB2,TSRYS5810883,D,S,C,2024-07-12,1000000.00,4.533159,101.1875
08:04:49,912810UB2,TSRYS5810883,D,S,D,2024-07-12,1000000.00,4.523621,101.3125
08:04:56,912810UB2,TSRYS5810883,D,S,C,2024-07-12,1000000.00,4.533457,101.18359375
08:05:14,912810UB2,TSRYS5810883,D,S,D,2024-07-12,1000000.00,4.538083,101.123046875
08:05:14,912810UB2,TSRYS5810883,D,B,C,2024-07-12,1000000.00,4.538083,101.123046875
08:05:14,912810UB2,TSRYS5810883,D,S,D,2024-07-12,1000000.00,4.538083,101.123046875
08:05:14,912810UB2,TSRYS5810883,D,B,C,2024-07-12,1000000.00,4.538083,101.123046875
08:05:27,912810UB2,TSRYS5810883,D,S,D,2024-07-12,1000000.00,4.538083,101.123046875
08:05:27,912810UB2,TSRYS5810883,D,S,D,2024-07-12,1000000.00,4.538083,101.123046875
08:05:50,912810UB2,TSRYS5810883,D,S,D,2024-07-12,230000.00,4.525111,101.29296875
08:05:50,912810UB2,TSRYS5810883,D,S,D,2024-07-12,50000.00,4.525706,101.28515625
08:06:02,912810UB2,TSRYS5810883,D,S,D,2024-07-12,180000.00,4.525706,101.28515625
08:06:05,912810UB2,TSRYS5810883,D,B,A,2024-07-12,470000.00,4.524217,101.3046875
08:06:08,912810UB2,TSRYS5810883,D,S,A,2024-07-12,470000.00,4.525111,101.29296875
08:06:09,912810UB2,TSRYS5810883,D,B,A,2024-07-12,200000.00,4.534949,101.1640625
08:06:12,912810UB2,TSRYS5810883,D,S,D,2024-07-12,1000000.00,4.526004,101.28125
08:06:12,912810UB2,TSRYS5810883,D,S,D,2024-07-12,1000000.00,4.526004,101.28125
08:06:12,912810UB2,TSRYS5810883,D,S,A,2024-07-12,5843000.00,4.523621,101.3125
08:06:18,912810UB2,TSRYS5810883,D,S,D,2024-07-12,1000000.00,4.52377,101.310546875
08:06:18,912810UB2,TSRYS5810883,D,S,D,2024-07-12,1000000.00,4.523621,101.3125
08:06:18,912810UB2,TSRYS5810883,D,B,C,2024-07-12,1000000.00,4.523621,101.3125
08:06:19,912810UB2,TSRYS5810883,D,S,D,2024-07-12,1000000.00,4.524813,101.296875
08:06:35,912810UB2,TSRYS5810883,D,S,C,2024-07-12,1000000.00,4.523621,101.3125
08:06:41,912810UB2,TSRYS5810883,D,S,T,2024-07-12,1000000.00,4.52244,101.328
08:07:00,912810UB2,TSRYS5810883,D,S,T,2024-07-12,1000000.00,4.523621,101.3125
08:07:04,912810UB2,TSRYS5810883,D,S,C,2024-07-12,1000000.00,4.527643,101.259765625
08:07:04,912810UB2,TSRYS5810883,D,S,C,2024-07-12,1000000.00,4.527792,101.2578125
08:07:05,912810UB2,TSRYS5810883,D,S,C,2024-07-12,1000000.00,4.527792,101.2578125
08:07:05,912810UB2,TSRYS5810883,D,S,C,2024-07-12,1000000.00,4.527792,101.2578125
08:07:05,912810UB2,TSRYS5810883,D,S,D,2024-07-12,1000000.00,4.528239,101.251953125
08:07:05,912810UB2,TSRYS5810883,D,S,T,2024-07-12,1000000.00,4.52243,101.328125
08:07:05,912810UB2,TSRYS5810883,D,S,T,2024-07-12,1000000.00,4.52243,101.328125
08:07:05,912810UB2,TSRYS5810883,D,S,T,2024-07-12,1000000.00,4.52243,101.328125
08:07:05,912810UB2,TSRYS5810883,D,S,D,2024-07-12,1000000.00,4.528388,101.25
08:07:06,912810UB2,TSRYS5810883,D,S,C,2024-07-12,2000000.00,4.529282,101.23828125
08:07:06,912810UB2,TSRYS5810883,D,S,D,2024-07-12,1000000.00,4.530177,101.2265625
08:07:06,912810UB2,TSRYS5810883,D,S,D,2024-07-12,1000000.00,4.530326,101.224609375
08:07:06,912810UB2,TSRYS5810883,D,S,C,2024-07-12,1000000.00,4.52958,101.234375
08:07:08,912810UB2,TSRYS5810883,D,S,D,2024-07-12,1000000.00,4.529431,101.236328125
08:07:10,912810UB2,TSRYS5810883,D,S,D,2024-07-12,1000000.00,4.530765,101.21885
08:07:10,912810UB2,TSRYS5810883,D,S,D,2024-07-12,1000000.00,4.530765,101.21885
08:07:11,912810UB2,TSRYS5810883,D,S,D,2024-07-12,1000000.00,4.531064,101.21494375
08:07:11,912810UB2,TSRYS5810883,D,S,D,2024-07-12,1000000.00,4.530765,101.21885
08:07:11,912810UB2,TSRYS5810883,D,B,C,2024-07-12,1000000.00,4.530773,101.21875
08:07:11,912810UB2,TSRYS5810883,D,S,D,2024-07-12,1000000.00,4.530765,101.21885
08:07:12,912810UB2,TSRYS5810883,D,S,C,2024-07-12,1000000.00,4.532413,101.197265625
08:07:12,912810UB2,TSRYS5810883,D,S,C,2024-07-12,1000000.00,4.532555,101.1954125
08:07:17,912810UB2,TSRYS5810883,D,S,C,2024-07-12,1000000.00,4.530765,101.21885
08:07:17,912810UB2,TSRYS5810883,D,S,C,2024-07-12,1000000.00,4.528537,101.248046875
08:07:18,912810UB2,TSRYS5810883,D,S,D,2024-07-12,1000000.00,4.526749,101.271484375
08:07:23,912810UB2,TSRYS5810883,D,S,C,2024-07-12,2000000.00,4.526295,101.27744375
08:07:27,912810UB2,TSRYS5810883,D,B,C,2024-07-12,1000000.00,4.524962,101.294921875
08:07:27,912810UB2,TSRYS5810883,D,S,D,2024-07-12,1000000.00,4.524962,101.294921875
08:07:27,912810UB2,TSRYS5810883,D,S,C,2024-07-12,1000000.00,4.527047,101.267578125
08:07:29,912810UB2,TSRYS5810883,D,S,C,2024-07-12,1000000.00,4.529126,101.240334375
08:07:29,912810UB2,TSRYS5810883,D,S,C,2024-07-12,1000000.00,4.530915,101.216896875
08:07:29,912810UB2,TSRYS5810883,D,B,C,2024-07-12,1000000.00,4.53093,101.216696875
08:07:30,912810UB2,TSRYS5810883,D,S,C,2024-07-12,1000000.00,4.531519,101.208984375
08:07:30,912810UB2,TSRYS5810883,D,B,C,2024-07-12,1000000.00,4.531519,101.208984375
08:07:32,912810UB2,TSRYS5810883,D,S,C,2024-07-12,1000000.00,4.527196,101.265625
08:07:32,912810UB2,TSRYS5810883,D,B,C,2024-07-12,1000000.00,4.527196,101.265625
08:07:34,912810UB2,TSRYS5810883,D,B,C,2024-07-12,2000000.00,4.52377,101.310546875
08:07:34,912810UB2,TSRYS5810883,D,S,D,2024-07-12,2000000.00,4.52377,101.310546875
08:07:34,912810UB2,TSRYS5810883,D,S,D,2024-07-12,1000000.00,4.523621,101.3125
08:07:34,912810UB2,TSRYS5810883,D,B,C,2024-07-12,1000000.00,4.523621,101.3125
08:07:34,912810UB2,TSRYS5810883,D,S,D,2024-07-12,1000000.00,4.523621,101.3125
08:07:34,912810UB2,TSRYS5810883,D,S,D,2024-07-12,1000000.00,4.523472,101.314453125
08:07:35,912810UB2,TSRYS5810883,D,S,C,2024-07-12,1000000.00,4.521083,101.345803125
08:07:37,912810UB2,TSRYS5810883,D,S,C,2024-07-12,1000000.00,4.518851,101.3751
08:07:37,912810UB2,TSRYS5810883,D,B,C,2024-07-12,1000000.00,4.518866,101.3749
08:07:43,912810UB2,TSRYS5810883,D,S,D,2024-07-12,1000000.00,4.52243,101.328125
08:07:43,912810UB2,TSRYS5810883,D,B,C,2024-07-12,1000000.00,4.52243,101.328125
08:07:43,912810UB2,TSRYS5810883,D,S,D,2024-07-12,1000000.00,4.52243,101.328125
08:07:43,912810UB2,TSRYS5810883,D,S,D,2024-07-12,1000000.00,4.52243,101.328125
08:07:43,912810UB2,TSRYS5810883,D,S,D,2024-07-12,1000000.00,4.52243,101.328125
08:07:43,912810UB2,TSRYS5810883,D,S,D,2024-07-12,1000000.00,4.520049,101.359375
08:07:52,912810UB2,TSRYS5810883,D,S,C,2024-07-12,1000000.00,4.517066,101.3985375
08:07:52,912810UB2,TSRYS5810883,D,S,D,2024-07-12,1000000.00,4.519289,101.369340625
08:07:52,912810UB2,TSRYS5810883,D,B,C,2024-07-12,1000000.00,4.519305,101.369140625
08:07:52,912810UB2,TSRYS5810883,D,S,D,2024-07-12,1000000.00,4.519289,101.369340625
08:07:56,912810UB2,TSRYS5810883,D,S,C,2024-07-12,1000000.00,4.521232,101.34385
08:08:01,912810UB2,TSRYS5810883,D,S,D,2024-07-12,1000000.00,4.525399,101.2891875
08:08:01,912810UB2,TSRYS5810883,D,S,D,2024-07-12,1000000.00,4.525399,101.2891875
08:08:02,912810UB2,TSRYS5810883,D,S,C,2024-07-12,1000000.00,4.5266,101.2734375
08:08:02,912810UB2,TSRYS5810883,D,B,C,2024-07-12,1000000.00,4.5266,101.2734375
08:08:03,912810UB2,TSRYS5810883,D,S,D,2024-07-12,1000000.00,4.525997,101.28135
08:08:07,912810UB2,TSRYS5810883,D,S,T,2024-07-12,1000000.00,4.521249,101.343625
08:08:09,912810UB2,TSRYS5810883,D,S,C,2024-07-12,4000000.00,4.521239,101.34375
08:08:10,912810UB2,TSRYS5810883,D,S,D,2024-07-12,1000000.00,4.521239,101.34375
08:08:12,912810UB2,TSRYS5810883,D,S,D,2024-07-12,1000000.00,4.529431,101.236328125
08:08:12,912810UB2,TSRYS5810883,D,S,D,2024-07-12,1000000.00,4.52958,101.234375
08:08:17,912810UB2,TSRYS5810883,D,B,C,2024-07-12,2000000.00,4.528537,101.248046875
08:08:17,912810UB2,TSRYS5810883,D,S,D,2024-07-12,2000000.00,4.52853,101.248146875
08:08:17,912810UB2,TSRYS5810883,D,S,D,2024-07-12,1000000.00,4.52853,101.248146875
08:08:17,912810UB2,TSRYS5810883,D,B,C,2024-07-12,1000000.00,4.528537,101.248046875
08:08:17,912810UB2,TSRYS5810883,D,B,C,2024-07-12,1000000.00,4.52736,101.263471875
08:08:17,912810UB2,TSRYS5810883,D,S,D,2024-07-12,1000000.00,4.527345,101.263671875
08:08:19,912810UB2,TSRYS5810883,D,S,C,2024-07-12,598000.00,4.520644,101.3515625
08:08:30,912810UB2,TSRYS5810883,D,S,T,2024-07-12,1000000.00,4.521239,101.34375
08:08:37,912810UB2,TSRYS5810883,D,S,D,2024-07-12,1000000.00,4.536724,101.140825
08:08:57,912810UB2,TSRYS5810883,D,B,C,2024-07-12,1000000.00,4.528992,101.2420875
08:08:57,912810UB2,TSRYS5810883,D,S,D,2024-07-12,1000000.00,4.528984,101.2421875
08:08:57,912810UB2,TSRYS5810883,D,S,C,2024-07-12,1000000.00,4.52958,101.234375
08:08:57,912810UB2,TSRYS5810883,D,B,C,2024-07-12,1000000.00,4.52958,101.234375
08:08:57,912810UB2,TSRYS5810883,D,S,C,2024-07-12,1000000.00,4.521239,101.34375
08:08:57,912810UB2,TSRYS5810883,D,B,C,2024-07-12,1000000.00,4.521239,101.34375
08:08:57,912810UB2,TSRYS5810883,D,S,C,2024-07-12,1000000.00,4.521239,101.34375
08:09:10,912810UB2,TSRYS5810883,D,S,D,2024-07-12,1000000.00,4.526004,101.28125
08:09:12,912810UB2,TSRYS5810883,D,B,A,2024-07-12,1000000.00,4.520942,101.34765625
08:09:14,912810UB2,TSRYS5810883,D,S,D,2024-07-12,1000000.00,4.52243,101.328125
08:09:14,912810UB2,TSRYS5810883,D,S,D,2024-07-12,250000.00,4.520049,101.359375
08:09:15,912810UB2,TSRYS5810883,D,S,D,2024-07-12,1000000.00,4.52243,101.328125
08:09:15,912810UB2,TSRYS5810883,D,S,D,2024-07-12,1000000.00,4.52243,101.328125
08:09:15,912810UB2,TSRYS5810883,D,S,D,2024-07-12,1000000.00,4.524813,101.296875
08:09:15,912810UB2,TSRYS5810883,D,S,D,2024-07-12,1000000.00,4.524813,101.296875
08:09:15,912810UB2,TSRYS5810883,D,S,D,2024-07-12,1000000.00,4.524813,101.296875
08:09:15,912810UB2,TSRYS5810883,D,S,D,2024-07-12,1000000.00,4.524813,101.296875
08:09:15,912810UB2,TSRYS5810883,D,S,D,2024-07-12,1000000.00,4.523621,101.3125
08:09:15,912810UB2,TSRYS5810883,D,S,D,2024-07-12,1000000.00,4.523621,101.3125
08:09:17,912810UB2,TSRYS5810883,D,S,D,2024-07-12,1000000.00,4.526004,101.28125
08:09:17,912810UB2,TSRYS5810883,D,S,D,2024-07-12,1000000.00,4.526004,101.28125
08:09:17,912810UB2,TSRYS5810883,D,S,D,2024-07-12,1000000.00,4.526004,101.28125
08:09:18,912810UB2,TSRYS5810883,D,B,C,2024-07-12,1000000.00,4.524217,101.3046875
08:09:18,912810UB2,TSRYS5810883,D,S,D,2024-07-12,1000000.00,4.524217,101.3046875
08:09:18,912810UB2,TSRYS5810883,D,S,D,2024-07-12,1000000.00,4.523621,101.3125
08:09:18,912810UB2,TSRYS5810883,D,S,D,2024-07-12,1000000.00,4.523175,101.318359375
08:09:19,912810UB2,TSRYS5810883,D,B,C,2024-07-12,2000000.00,4.523621,101.3125
08:09:19,912810UB2,TSRYS5810883,D,S,D,2024-07-12,2000000.00,4.523621,101.3125
08:09:19,912810UB2,TSRYS5810883,D,B,C,2024-07-12,1000000.00,4.523621,101.3125
08:09:19,912810UB2,TSRYS5810883,D,S,D,2024-07-12,1000000.00,4.523621,101.3125
08:09:21,912810UB2,TSRYS5810883,D,S,T,2024-07-12,1000000.00,4.52243,101.328125
08:09:25,912810UB2,TSRYS5810883,D,S,C,2024-07-12,1000000.00,4.523919,101.30859375
08:09:25,912810UB2,TSRYS5810883,D,B,C,2024-07-12,1000000.00,4.523919,101.30859375
08:09:25,912810UB2,TSRYS5810883,D,S,C,2024-07-12,1000000.00,4.523919,101.30859375
08:09:25,912810UB2,TSRYS5810883,D,S,C,2024-07-12,1000000.00,4.52377,101.310546875
08:09:27,912810UB2,TSRYS5810883,D,S,D,2024-07-12,1000000.00,4.52243,101.328125
08:09:27,912810UB2,TSRYS5810883,D,B,C,2024-07-12,1000000.00,4.521388,101.341796875
08:09:27,912810UB2,TSRYS5810883,D,S,D,2024-07-12,1000000.00,4.521388,101.341796875
08:09:28,912810UB2,TSRYS5810883,D,S,D,2024-07-12,1000000.00,4.521239,101.34375
08:09:35,912810UB2,TSRYS5810883,D,S,D,2024-07-12,250000.00,4.523026,101.3203125
08:09:59,912810UB2,TSRYS5810883,D,S,C,2024-07-12,1000000.00,4.52243,101.328125
08:10:05,912810UB2,TSRYS5810883,D,B,C,2024-07-12,470000.00,4.523026,101.3203125
08:10:15,912810UB2,TSRYS5810883,D,B,C,2024-07-12,3700000.00,4.522728,101.32421875
08:10:30,912810UB2,TSRYS5810883,D,S,D,2024-07-12,1000000.00,4.523621,101.3125
08:12:37,912810UB2,TSRYS5810883,D,B,C,2024-07-12,1000000.00,4.520064,101.359175
08:12:37,912810UB2,TSRYS5810883,D,S,D,2024-07-12,1000000.00,4.520049,101.359375
08:13:11,912810UB2,TSRYS5810883,D,S,T,2024-07-12,1000000.00,4.517817,101.388671875
08:13:11,912810UB2,TSRYS5810883,D,S,C,2024-07-12,1000000.00,4.517817,101.388671875
08:13:36,912810UB2,TSRYS5810883,D,S,C,2024-07-12,1000000.00,4.518858,101.375
08:13:36,912810UB2,TSRYS5810883,D,B,C,2024-07-12,1000000.00,4.518858,101.375
08:14:15,912810UB2,TSRYS5810883,D,S,C,2024-07-12,5000.00,4.518233,101.4832125
08:14:18,912810UB2,TSRYS5810883,D,S,D,2024-07-12,5000.00,4.518233,101.3832125
08:15:06,912810UB2,TSRYS5810883,D,S,C,2024-07-12,10000000.00,4.518263,101.3828125
08:15:35,912810UB2,TSRYS5810883,D,S,D,2024-07-12,1000000.00,4.518858,101.375
08:15:45,912810UB2,TSRYS5810883,D,S,D,2024-07-12,250000.00,4.518263,101.382812
08:18:27,912810UB2,TSRYS5810883,D,S,T,2024-07-12,1000000.00,4.51633,101.408203125
08:18:27,912810UB2,TSRYS5810883,D,B,C,2024-07-12,1000000.00,4.51633,101.408203125
08:18:27,912810UB2,TSRYS5810883,D,S,C,2024-07-12,1000000.00,4.51633,101.408203125
08:18:27,912810UB2,TSRYS5810883,D,S,C,2024-07-12,1000000.00,4.51633,101.408203125
08:18:50,912810UB2,TSRYS5810883,D,S,D,2024-07-12,5000000.00,4.515289,101.421875
08:19:00,912810UB2,TSRYS5810883,D,S,T,2024-07-12,5000000.00,4.515289,101.421875
08:19:45,912810UB2,TSRYS5810883,D,B,C,2024-07-12,1000000.00,4.515302,101.4217
08:19:45,912810UB2,TSRYS5810883,D,S,D,2024-07-12,1000000.00,4.515289,101.421875
08:19:45,912810UB2,TSRYS5810883,D,S,C,2024-07-12,2000000.00,4.515289,101.421875
08:19:46,912810UB2,TSRYS5810883,D,B,C,2024-07-12,2000000.00,4.515289,101.421875
08:19:46,912810UB2,TSRYS5810883,D,S,D,2024-07-12,1000000.00,4.515277,101.422027
08:19:46,912810UB2,TSRYS5810883,D,B,C,2024-07-12,1000000.00,4.515289,101.421875
08:19:46,912810UB2,TSRYS5810883,D,B,C,2024-07-12,1000000.00,4.515289,101.421875
08:19:46,912810UB2,TSRYS5810883,D,S,D,2024-07-12,1000000.00,4.515277,101.422027
08:19:59,912810UB2,TSRYS5810883,D,S,T,2024-07-12,1000000.00,4.514099,101.4375
08:20:03,912810UB2,TSRYS5810883,D,S,C,2024-07-12,1000000.00,4.514099,101.4375
08:20:03,912810UB2,TSRYS5810883,D,B,C,2024-07-12,1000000.00,4.514099,101.4375
08:20:03,912810UB2,TSRYS5810883,D,S,C,2024-07-12,1000000.00,4.514099,101.4375
08:20:03,912810UB2,TSRYS5810883,D,B,C,2024-07-12,1000000.00,4.514099,101.4375
08:20:28,912810UB2,TSRYS5810883,D,S,C,2024-07-12,1000000.00,4.514099,101.4375
08:20:30,912810UB2,TSRYS5810883,D,S,D,2024-07-12,1000000.00,4.514991,101.42578125
08:20:30,912810UB2,TSRYS5810883,D,B,C,2024-07-12,1000000.00,4.514991,101.42578125
08:20:32,912810UB2,TSRYS5810883,D,B,C,2024-07-12,2000000.00,4.514248,101.435546875
08:20:32,912810UB2,TSRYS5810883,D,S,C,2024-07-12,2000000.00,4.514248,101.435546875
08:20:33,912810UB2,TSRYS5810883,D,S,D,2024-07-12,1000000.00,4.51291,101.453125
08:20:33,912810UB2,TSRYS5810883,D,B,C,2024-07-12,1000000.00,4.51291,101.453125
08:20:33,912810UB2,TSRYS5810883,D,S,D,2024-07-12,1000000.00,4.514099,101.4375
08:20:33,912810UB2,TSRYS5810883,D,S,D,2024-07-12,1000000.00,4.514099,101.4375
08:20:33,912810UB2,TSRYS5810883,D,B,C,2024-07-12,1000000.00,4.514099,101.4375
08:20:33,912810UB2,TSRYS5810883,D,S,D,2024-07-12,1000000.00,4.514099,101.4375
08:20:47,912810UB2,TSRYS5810883,D,B,C,2024-07-12,1000000.00,4.514099,101.4375
08:21:05,912810UB2,TSRYS5810883,D,B,C,2024-07-12,1000000.00,4.514099,101.4375
08:21:05,912810UB2,TSRYS5810883,D,B,C,2024-07-12,1000000.00,4.515304,101.421675
08:21:19,912810UB2,TSRYS5810883,D,S,D,2024-07-12,1000000.00,4.514099,101.4375
08:21:19,912810UB2,TSRYS5810883,D,S,D,2024-07-12,1000000.00,4.515277,101.422027
08:21:35,912810UB2,TSRYS5810883,D,S,D,2024-07-12,1000000.00,4.514099,101.4375
08:21:35,912810UB2,TSRYS5810883,D,B,C,2024-07-12,1000000.00,4.514099,101.4375
08:22:39,912810UB2,TSRYS5810883,D,S,C,2024-07-12,510000.00,4.512018,101.46484375
08:22:39,912810UB2,TSRYS5810883,D,S,D,2024-07-12,510000.00,4.512018,101.46484375
08:22:40,912810UB2,TSRYS5810883,D,S,D,2024-07-12,1000000.00,4.513207,101.44921875
08:22:42,912810UB2,TSRYS5810883,D,S,D,2024-07-12,1000000.00,4.513207,101.44921875
08:22:42,912810UB2,TSRYS5810883,D,S,D,2024-07-12,1000000.00,4.513207,101.44921875
08:22:49,912810UB2,TSRYS5810883,D,B,C,2024-07-12,115000.00,4.511721,101.46875
08:23:06,912810UB2,TSRYS5810883,D,S,C,2024-07-12,1000000.00,4.511721,101.46875
08:23:06,912810UB2,TSRYS5810883,D,B,C,2024-07-12,2000000.00,4.511721,101.46875
08:23:06,912810UB2,TSRYS5810883,D,S,C,2024-07-12,2000000.00,4.511721,101.46875
08:23:24,912810UB2,TSRYS5810883,D,B,C,2024-07-12,1000000.00,4.51291,101.453125
08:23:24,912810UB2,TSRYS5810883,D,S,D,2024-07-12,1000000.00,4.51291,101.453125
08:23:38,912810UB2,TSRYS5810883,D,B,C,2024-07-12,1000000.00,4.51291,101.453125
08:23:38,912810UB2,TSRYS5810883,D,S,D,2024-07-12,1000000.00,4.51291,101.453125
08:23:39,912810UB2,TSRYS5810883,D,S,D,2024-07-12,1000000.00,4.51291,101.453125
08:23:39,912810UB2,TSRYS5810883,D,S,C,2024-07-12,1000000.00,4.512895,101.453325
08:23:39,912810UB2,TSRYS5810883,D,B,C,2024-07-12,1000000.00,4.51291,101.453125
08:23:39,912810UB2,TSRYS5810883,D,B,C,2024-07-12,1000000.00,4.51291,101.453125
08:23:39,912810UB2,TSRYS5810883,D,B,C,2024-07-12,1000000.00,4.51291,101.453125
08:23:39,912810UB2,TSRYS5810883,D,S,C,2024-07-12,1000000.00,4.51291,101.453125
08:23:39,912810UB2,TSRYS5810883,D,S,C,2024-07-12,1000000.00,4.512895,101.453325
08:23:39,912810UB2,TSRYS5810883,D,B,C,2024-07-12,1000000.00,4.51291,101.453125
08:23:39,912810UB2,TSRYS5810883,D,S,D,2024-07-12,1000000.00,4.51291,101.453125
08:24:08,912810UB2,TSRYS5810883,D,S,A,2024-07-12,50000.00,4.503108,101.58203125
08:24:54,912810UB2,TSRYS5810883,D,S,D,2024-07-12,1000000.00,4.509641,101.49609375
08:24:54,912810UB2,TSRYS5810883,D,S,D,2024-07-12,1000000.00,4.509641,101.49609375
08:24:54,912810UB2,TSRYS5810883,D,S,D,2024-07-12,1000000.00,4.509641,101.49609375
08:24:59,912810UB2,TSRYS5810883,D,B,A,2024-07-12,1000000.00,4.509344,101.5
08:25:02,912810UB2,TSRYS5810883,D,B,C,2024-07-12,1000000.00,4.509938,101.4921875
08:25:02,912810UB2,TSRYS5810883,D,S,C,2024-07-12,1000000.00,4.509938,101.4921875
08:25:26,912810UB2,TSRYS5810883,D,S,T,2024-07-12,1000000.00,4.510532,101.484375
08:25:26,912810UB2,TSRYS5810883,D,S,T,2024-07-12,1000000.00,4.510532,101.484375
08:25:34,912810UB2,TSRYS5810883,D,S,C,2024-07-12,1000000.00,4.510532,101.484375
08:25:50,912810UB2,TSRYS5810883,D,S,D,2024-07-12,1000000.00,4.509344,101.5
08:25:50,912810UB2,TSRYS5810883,D,B,C,2024-07-12,1000000.00,4.509344,101.5
08:25:54,912810UB2,TSRYS5810883,D,S,C,2024-07-12,20000000.00,4.513207,101.44921875
08:26:09,912810UB2,TSRYS5810883,D,S,T,2024-07-12,1000000.00,4.51291,101.453125
08:26:09,912810UB2,TSRYS5810883,D,S,T,2024-07-12,1000000.00,4.51291,101.453125
08:26:15,912810UB2,TSRYS5810883,D,S,T,2024-07-12,1000000.00,4.51291,101.453125
08:26:15,912810UB2,TSRYS5810883,D,S,T,2024-07-12,1000000.00,4.51291,101.453125
08:26:16,912810UB2,TSRYS5810883,D,S,T,2024-07-12,1000000.00,4.51291,101.453125
08:26:16,912810UB2,TSRYS5810883,D,S,T,2024-07-12,1000000.00,4.51291,101.453125
08:26:17,912810UB2,TSRYS5810883,D,S,T,2024-07-12,2000000.00,4.512927,101.452898
08:26:18,912810UB2,TSRYS5810883,D,S,T,2024-07-12,1000000.00,4.512927,101.452898
08:26:20,912810UB2,TSRYS5810883,D,S,C,2024-07-12,1000000.00,4.510532,101.484375
08:26:20,912810UB2,TSRYS5810883,D,S,C,2024-07-12,1000000.00,4.510532,101.484375
08:26:20,912810UB2,TSRYS5810883,D,B,C,2024-07-12,1000000.00,4.51291,101.453125
08:26:20,912810UB2,TSRYS5810883,D,S,C,2024-07-12,1000000.00,4.51291,101.453125
08:26:34,912810UB2,TSRYS5810883,D,S,T,2024-07-12,1000000.00,4.51395,101.439453125
08:26:34,912810UB2,TSRYS5810883,D,S,T,2024-07-12,1000000.00,4.513802,101.44140625
08:26:34,912810UB2,TSRYS5810883,D,S,T,2024-07-12,1000000.00,4.513653,101.443359375
08:26:34,912810UB2,TSRYS5810883,D,S,T,2024-07-12,1000000.00,4.513505,101.4453125
08:26:34,912810UB2,TSRYS5810883,D,S,T,2024-07-12,1000000.00,4.513356,101.447265625
08:26:34,912810UB2,TSRYS5810883,D,S,D,2024-07-12,1000000.00,4.513941,101.439578125
08:26:34,912810UB2,TSRYS5810883,D,S,D,2024-07-12,1000000.00,4.513792,101.44153125
08:26:34,912810UB2,TSRYS5810883,D,S,T,2024-07-12,1000000.00,4.51291,101.453125
08:26:34,912810UB2,TSRYS5810883,D,S,T,2024-07-12,1000000.00,4.51291,101.453125
08:26:34,912810UB2,TSRYS5810883,D,S,D,2024-07-12,1000000.00,4.513644,101.443484375
08:26:35,912810UB2,TSRYS5810883,D,S,D,2024-07-12,1000000.00,4.513495,101.4454375
08:26:35,912810UB2,TSRYS5810883,D,S,D,2024-07-12,1000000.00,4.513346,101.447390625
08:26:35,912810UB2,TSRYS5810883,D,S,D,2024-07-12,1000000.00,4.5129,101.45325
08:26:35,912810UB2,TSRYS5810883,D,S,T,2024-07-12,1000000.00,4.51291,101.453125
08:26:35,912810UB2,TSRYS5810883,D,S,T,2024-07-12,1000000.00,4.51291,101.453125
08:26:35,912810UB2,TSRYS5810883,D,S,D,2024-07-12,1000000.00,4.5129,101.45325
08:26:35,912810UB2,TSRYS5810883,D,B,C,2024-07-12,1000000.00,4.512769,101.454978125
08:26:35,912810UB2,TSRYS5810883,D,S,C,2024-07-12,1000000.00,4.512761,101.455078125
08:26:36,912810UB2,TSRYS5810883,D,B,C,2024-07-12,1000000.00,4.513059,101.451171875
08:26:36,912810UB2,TSRYS5810883,D,S,D,2024-07-12,1000000.00,4.513049,101.451296875
08:26:36,912810UB2,TSRYS5810883,D,B,C,2024-07-12,1000000.00,4.51291,101.453125
08:26:36,912810UB2,TSRYS5810883,D,B,C,2024-07-12,1000000.00,4.51291,101.453125
08:26:36,912810UB2,TSRYS5810883,D,S,D,2024-07-12,2000000.00,4.5129,101.45325
08:26:36,912810UB2,TSRYS5810883,D,B,C,2024-07-12,1000000.00,4.51291,101.453125
08:26:36,912810UB2,TSRYS5810883,D,S,D,2024-07-12,1000000.00,4.5129,101.45325
08:26:37,912810UB2,TSRYS5810883,D,S,D,2024-07-12,1000000.00,4.5129,101.45325
08:26:37,912810UB2,TSRYS5810883,D,S,D,2024-07-12,1000000.00,4.5129,101.45325
08:26:37,912810UB2,TSRYS5810883,D,S,D,2024-07-12,1000000.00,4.5129,101.45325
08:26:38,912810UB2,TSRYS5810883,D,S,T,2024-07-12,1000000.00,4.51291,101.453125
08:26:39,912810UB2,TSRYS5810883,D,S,T,2024-07-12,1000000.00,4.51291,101.453125
08:26:46,912810UB2,TSRYS5810883,D,S,T,2024-07-12,1000000.00,4.511733,101.468598
08:26:52,912810UB2,TSRYS5810883,D,B,C,2024-07-12,13000000.00,4.512315,101.4609375
08:26:52,912810UB2,TSRYS5810883,D,S,D,2024-07-12,1000000.00,4.51291,101.453125
08:26:52,912810UB2,TSRYS5810883,D,S,D,2024-07-12,1000000.00,4.51291,101.453125
08:26:52,912810UB2,TSRYS5810883,D,B,C,2024-07-12,1000000.00,4.51291,101.453125
08:26:52,912810UB2,TSRYS5810883,D,S,D,2024-07-12,1000000.00,4.51291,101.453125
08:26:52,912810UB2,TSRYS5810883,D,S,D,2024-07-12,1000000.00,4.51291,101.453125
08:26:52,912810UB2,TSRYS5810883,D,S,D,2024-07-12,1000000.00,4.51291,101.453125
08:26:52,912810UB2,TSRYS5810883,D,B,C,2024-07-12,1000000.00,4.512925,101.452925
08:26:52,912810UB2,TSRYS5810883,D,S,D,2024-07-12,1000000.00,4.51291,101.453125
08:26:52,912810UB2,TSRYS5810883,D,S,D,2024-07-12,1000000.00,4.51291,101.453125
08:26:52,912810UB2,TSRYS5810883,D,S,D,2024-07-12,1000000.00,4.51291,101.453125
08:26:52,912810UB2,TSRYS5810883,D,S,D,2024-07-12,2000000.00,4.51291,101.453125
08:26:52,912810UB2,TSRYS5810883,D,S,C,2024-07-12,1000000.00,4.51291,101.453125
08:26:57,912810UB2,TSRYS5810883,D,S,T,2024-07-12,1000000.00,4.510532,101.484375
08:26:57,912810UB2,TSRYS5810883,D,S,T,2024-07-12,1000000.00,4.511721,101.46875
08:26:57,912810UB2,TSRYS5810883,D,S,D,2024-07-12,1000000.00,4.511721,101.46875
08:26:57,912810UB2,TSRYS5810883,D,S,T,2024-07-12,1000000.00,4.511729,101.468648
08:26:57,912810UB2,TSRYS5810883,D,S,T,2024-07-12,1000000.00,4.511729,101.468648
08:26:57,912810UB2,TSRYS5810883,D,S,T,2024-07-12,1000000.00,4.511729,101.468648
08:26:57,912810UB2,TSRYS5810883,D,S,T,2024-07-12,1000000.00,4.511729,101.468648
08:26:57,912810UB2,TSRYS5810883,D,S,D,2024-07-12,1000000.00,4.510532,101.484375
08:27:02,912810UB2,TSRYS5810883,D,S,T,2024-07-12,1000000.00,4.511721,101.46875
08:27:02,912810UB2,TSRYS5810883,D,B,C,2024-07-12,13000000.00,4.511721,101.46875
08:27:02,912810UB2,TSRYS5810883,D,B,C,2024-07-12,13000000.00,4.511127,101.4765625
08:27:07,912810UB2,TSRYS5810883,D,B,C,2024-07-12,1000000.00,4.512925,101.452925
08:27:07,912810UB2,TSRYS5810883,D,S,D,2024-07-12,1000000.00,4.512893,101.453352
08:27:07,912810UB2,TSRYS5810883,D,S,D,2024-07-12,1000000.00,4.512893,101.453352
08:27:07,912810UB2,TSRYS5810883,D,B,C,2024-07-12,1000000.00,4.512925,101.452925
08:27:07,912810UB2,TSRYS5810883,D,S,D,2024-07-12,1000000.00,4.512893,101.453352
08:27:07,912810UB2,TSRYS5810883,D,B,C,2024-07-12,1000000.00,4.512925,101.452925
08:27:07,912810UB2,TSRYS5810883,D,B,C,2024-07-12,2000000.00,4.51291,101.453125
08:27:07,912810UB2,TSRYS5810883,D,S,D,2024-07-12,2000000.00,4.512893,101.453352
08:27:07,912810UB2,TSRYS5810883,D,S,D,2024-07-12,1000000.00,4.512893,101.453352
08:27:07,912810UB2,TSRYS5810883,D,S,D,2024-07-12,2000000.00,4.511721,101.46875
08:27:07,912810UB2,TSRYS5810883,D,B,C,2024-07-12,13000000.00,4.512315,101.4609375
08:27:13,912810UB2,TSRYS5810883,D,B,C,2024-07-12,13000000.00,4.511721,101.46875
08:27:14,912810UB2,TSRYS5810883,D,S,C,2024-07-12,8645000.00,4.512315,101.4609375
08:27:18,912810UB2,TSRYS5810883,D,B,C,2024-07-12,13000000.00,4.514248,101.435546875
08:27:22,912810UB2,TSRYS5810883,D,B,C,2024-07-12,2000000.00,4.511721,101.46875
08:27:22,912810UB2,TSRYS5810883,D,S,D,2024-07-12,1000000.00,4.511721,101.46875
08:27:22,912810UB2,TSRYS5810883,D,S,D,2024-07-12,1000000.00,4.511721,101.46875
08:27:35,912810UB2,TSRYS5810883,D,S,D,2024-07-12,1000000.00,4.51291,101.453125
08:27:35,912810UB2,TSRYS5810883,D,S,D,2024-07-12,1000000.00,4.51291,101.453125
08:27:35,912810UB2,TSRYS5810883,D,S,D,2024-07-12,1000000.00,4.51291,101.453125
08:27:35,912810UB2,TSRYS5810883,D,S,D,2024-07-12,1000000.00,4.51291,101.453125
08:27:36,912810UB2,TSRYS5810883,D,S,D,2024-07-12,1000000.00,4.51291,101.453125
08:27:36,912810UB2,TSRYS5810883,D,S,D,2024-07-12,1000000.00,4.51291,101.453125
08:27:36,912810UB2,TSRYS5810883,D,S,D,2024-07-12,1000000.00,4.51291,101.453125
08:27:36,912810UB2,TSRYS5810883,D,S,T,2024-07-12,1000000.00,4.512919,101.453
08:27:36,912810UB2,TSRYS5810883,D,S,T,2024-07-12,1000000.00,4.512919,101.453
08:27:37,912810UB2,TSRYS5810883,D,S,T,2024-07-12,1000000.00,4.512919,101.453
08:27:37,912810UB2,TSRYS5810883,D,S,T,2024-07-12,1000000.00,4.512919,101.453
08:27:37,912810UB2,TSRYS5810883,D,S,T,2024-07-12,1000000.00,4.512919,101.453
08:27:37,912810UB2,TSRYS5810883,D,S,T,2024-07-12,1000000.00,4.512919,101.453
08:27:38,912810UB2,TSRYS5810883,D,S,T,2024-07-12,1000000.00,4.512919,101.453
08:27:38,912810UB2,TSRYS5810883,D,S,T,2024-07-12,1000000.00,4.512927,101.452898
08:27:38,912810UB2,TSRYS5810883,D,S,T,2024-07-12,1000000.00,4.512927,101.452898
08:27:38,912810UB2,TSRYS5810883,D,S,T,2024-07-12,2000000.00,4.51292,101.452995
08:27:38,912810UB2,TSRYS5810883,D,S,T,2024-07-12,1000000.00,4.512927,101.452898
08:27:38,912810UB2,TSRYS5810883,D,S,T,2024-07-12,1000000.00,4.51292,101.452995
08:27:38,912810UB2,TSRYS5810883,D,S,T,2024-07-12,1000000.00,4.512927,101.452898
08:27:39,912810UB2,TSRYS5810883,D,S,D,2024-07-12,1000000.00,4.511721,101.46875
08:27:39,912810UB2,TSRYS5810883,D,S,C,2024-07-12,1000000.00,4.511721,101.46875
08:27:51,912810UB2,TSRYS5810883,D,B,C,2024-07-12,13000000.00,4.512464,101.45898437
08:27:54,912810UB2,TSRYS5810883,D,S,C,2024-07-12,1000000.00,4.511721,101.46875
08:27:58,912810UB2,TSRYS5810883,D,S,T,2024-07-12,2000000.00,4.51292,101.452995
08:27:58,912810UB2,TSRYS5810883,D,S,C,2024-07-12,1000000.00,4.514099,101.4375
08:27:59,912810UB2,TSRYS5810883,D,S,D,2024-07-12,1000000.00,4.514099,101.4375
08:27:59,912810UB2,TSRYS5810883,D,S,D,2024-07-12,1000000.00,4.514099,101.4375
08:28:00,912810UB2,TSRYS5810883,D,S,T,2024-07-12,1000000.00,4.514107,101.4374
08:28:00,912810UB2,TSRYS5810883,D,S,T,2024-07-12,1000000.00,4.514107,101.4374
08:28:01,912810UB2,TSRYS5810883,D,S,T,2024-07-12,1000000.00,4.514107,101.4374
08:28:01,912810UB2,TSRYS5810883,D,S,T,2024-07-12,1000000.00,4.514099,101.4375
08:28:02,912810UB2,TSRYS5810883,D,S,C,2024-07-12,1000000.00,4.514099,101.4375
