tradeTime,cusip,issueSymbolIdentifier,priceType,reportingSideCode,contraPartyTypeCode,tradeDate,reportedTradeVolume,lastSaleYield,lastSalePrice
08:00:05,912810UB2,TSRYS5810883,D,S,T,2024-07-15,1000000.00,4.556163,100.88671875
08:00:05,912810UB2,TSRYS5810883,D,S,D,2024-07-15,1000000.00,4.557062,100.875
08:00:05,912810UB2,TSRYS5810883,D,S,D,2024-07-15,1000000.00,4.560657,100.828125
08:00:05,912810UB2,TSRYS5810883,D,S,D,2024-07-15,1000000.00,4.560657,100.828125
08:00:05,912810UB2,TSRYS5810883,D,S,D,2024-07-15,1000000.00,4.560207,100.833984375
08:00:05,912810UB2,TSRYS5810883,D,S,T,2024-07-15,1000000.00,4.555864,100.890625
08:00:05,912810UB2,TSRYS5810883,D,S,D,2024-07-15,1000000.00,4.554067,100.9140625
08:00:05,912810UB2,TSRYS5810883,D,S,D,2024-07-15,1000000.00,4.554067,100.9140625
08:00:05,912810UB2,TSRYS5810883,D,S,T,2024-07-15,1000000.00,4.550176,100.96484375
08:00:05,912810UB2,TSRYS5810883,D,S,D,2024-07-15,1000000.00,4.550176,100.96484375
08:00:05,912810UB2,TSRYS5810883,D,S,D,2024-07-15,1000000.00,4.550176,100.96484375
08:00:05,912810UB2,TSRYS5810883,D,S,D,2024-07-15,1000000.00,4.550176,100.96484375
08:00:09,912810UB2,TSRYS5810883,D,S,D,2024-07-15,1000000.00,4.539117,101.109375
08:00:09,912810UB2,TSRYS5810883,D,S,T,2024-07-15,1000000.00,4.557361,100.87109375
08:00:09,912810UB2,TSRYS5810883,D,S,T,2024-07-15,1000000.00,4.557511,100.869140625
08:00:09,912810UB2,TSRYS5810883,D,S,T,2024-07-15,1000000.00,4.557661,100.8671875
08:00:09,912810UB2,TSRYS5810883,D,S,T,2024-07-15,1000000.00,4.557361,100.87109375
08:00:09,912810UB2,TSRYS5810883,D,S,T,2024-07-15,1000000.00,4.557511,100.869140625
08:00:09,912810UB2,TSRYS5810883,D,S,T,2024-07-15,1000000.00,4.557361,100.87109375
08:00:09,912810UB2,TSRYS5810883,D,S,T,2024-07-15,1000000.00,4.557361,100.87109375
08:00:09,912810UB2,TSRYS5810883,D,S,C,2024-07-15,25000.00,4.560642,100.828325
08:00:09,912810UB2,TSRYS5810883,D,S,D,2024-07-15,1000000.00,4.572958,100.66796875
08:00:09,912810UB2,TSRYS5810883,D,S,D,2024-07-15,1000000.00,4.575211,100.638671875
08:00:09,912810UB2,TSRYS5810883,D,S,D,2024-07-15,1000000.00,4.575211,100.638671875
08:00:09,912810UB2,TSRYS5810883,D,S,D,2024-07-15,1000000.00,4.575211,100.638671875
08:00:09,912810UB2,TSRYS5810883,D,S,D,2024-07-15,1000000.00,4.575061,100.640625
08:00:09,912810UB2,TSRYS5810883,D,B,A,2024-07-15,390000.00,4.541506,101.078125
08:00:10,912810UB2,TSRYS5810883,D,S,D,2024-07-15,115000.00,4.579269,100.5859375
08:00:14,912810UB2,TSRYS5810883,D,S,T,2024-07-15,1000000.00,4.557062,100.875
08:00:14,912810UB2,TSRYS5810883,D,S,T,2024-07-15,1000000.00,4.547484,101.0
08:00:14,912810UB2,TSRYS5810883,D,S,T,2024-07-15,1000000.00,4.540312,101.09375
08:00:18,912810UB2,TSRYS5810883,D,S,T,2024-07-15,1000000.00,4.535535,101.15625
08:00:18,912810UB2,TSRYS5810883,D,S,T,2024-07-15,1000000.00,4.540312,101.09375
08:00:18,912810UB2,TSRYS5810883,D,S,T,2024-07-15,1000000.00,4.560657,100.828125
08:00:18,912810UB2,TSRYS5810883,D,S,T,2024-07-15,2000000.00,4.57987,100.578125
08:00:22,912810UB2,TSRYS5810883,D,S,A,2024-07-15,50000.00,4.561257,100.8203125
08:00:22,912810UB2,TSRYS5810883,D,S,A,2024-07-15,2000000.00,4.546577,101.01171875
08:00:26,912810UB2,TSRYS5810883,D,S,A,2024-07-15,85000.00,4.577434,100.61565735294
08:00:26,912810UB2,TSRYS5810883,D,S,D,2024-07-15,100000.00,4.55287,100.9296875
08:00:26,912810UB2,TSRYS5810883,D,B,A,2024-07-15,100000.00,4.55287,100.9246875
08:00:27,912810UB2,TSRYS5810883,D,S,A,2024-07-15,10000.00,4.577434,100.659775
08:00:28,912810UB2,TSRYS5810883,D,S,D,2024-07-15,1000000.00,4.542403,101.06640625
08:00:28,912810UB2,TSRYS5810883,D,S,D,2024-07-15,1000000.00,4.542403,101.06640625
08:00:28,912810UB2,TSRYS5810883,D,S,D,2024-07-15,1000000.00,4.542403,101.06640625
08:00:29,912810UB2,TSRYS5810883,D,S,T,2024-07-15,1000000.00,4.537923,101.125
08:00:29,912810UB2,TSRYS5810883,D,S,T,2024-07-15,1000000.00,4.567855,100.734375
08:00:29,912810UB2,TSRYS5810883,D,S,T,2024-07-15,1000000.00,4.578668,100.59375
08:00:29,912810UB2,TSRYS5810883,D,S,D,2024-07-15,1000000.00,4.562156,100.80859375
08:00:29,912810UB2,TSRYS5810883,D,S,D,2024-07-15,1000000.00,4.562156,100.80859375
08:00:29,912810UB2,TSRYS5810883,D,S,D,2024-07-15,1000000.00,4.562156,100.80859375
08:00:29,912810UB2,TSRYS5810883,D,S,D,2024-07-15,1000000.00,4.562156,100.80859375
08:00:29,912810UB2,TSRYS5810883,D,S,D,2024-07-15,1000000.00,4.562156,100.80859375
08:00:29,912810UB2,TSRYS5810883,D,S,D,2024-07-15,1000000.00,4.562156,100.80859375
08:00:29,912810UB2,TSRYS5810883,D,S,D,2024-07-15,1000000.00,4.562156,100.80859375
08:00:29,912810UB2,TSRYS5810883,D,S,D,2024-07-15,1000000.00,4.542104,101.0703125
08:00:29,912810UB2,TSRYS5810883,D,S,D,2024-07-15,1000000.00,4.541805,101.07421875
08:00:29,912810UB2,TSRYS5810883,D,S,D,2024-07-15,1000000.00,4.537624,101.12890625
08:00:29,912810UB2,TSRYS5810883,D,S,D,2024-07-15,1000000.00,4.537624,101.12890625
08:00:29,912810UB2,TSRYS5810883,D,S,D,2024-07-15,1000000.00,4.537624,101.12890625
08:00:29,912810UB2,TSRYS5810883,D,S,D,2024-07-15,1000000.00,4.537923,101.125
08:00:29,912810UB2,TSRYS5810883,D,S,D,2024-07-15,1000000.00,4.535833,101.15234375
08:00:33,912810UB2,TSRYS5810883,D,S,D,2024-07-15,1000000.00,4.559758,100.83984375
08:00:33,912810UB2,TSRYS5810883,D,S,D,2024-07-15,1000000.00,4.572057,100.6796875
08:00:33,912810UB2,TSRYS5810883,D,S,D,2024-07-15,3000000.00,4.572658,100.671875
08:00:33,912810UB2,TSRYS5810883,D,S,D,2024-07-15,1000000.00,4.540013,101.09765625
08:00:33,912810UB2,TSRYS5810883,D,S,D,2024-07-15,1000000.00,4.540013,101.09765625
08:00:33,912810UB2,TSRYS5810883,D,S,D,2024-07-15,1000000.00,4.542104,101.0703125
08:00:33,912810UB2,TSRYS5810883,D,S,D,2024-07-15,1000000.00,4.542104,101.0703125
08:00:37,912810UB2,TSRYS5810883,D,S,T,2024-07-15,1000000.00,4.542403,101.06640625
08:00:37,912810UB2,TSRYS5810883,D,S,T,2024-07-15,1000000.00,4.537773,101.126953125
08:00:37,912810UB2,TSRYS5810883,D,S,T,2024-07-15,1000000.00,4.537773,101.126953125
08:00:37,912810UB2,TSRYS5810883,D,S,T,2024-07-15,1000000.00,4.539117,101.109375
08:00:37,912810UB2,TSRYS5810883,D,S,T,2024-07-15,1000000.00,4.540909,101.0859375
08:00:37,912810UB2,TSRYS5810883,D,S,T,2024-07-15,1000000.00,4.537923,101.125
08:00:37,912810UB2,TSRYS5810883,D,S,T,2024-07-15,1000000.00,4.553019,100.927734375
08:00:37,912810UB2,TSRYS5810883,D,S,T,2024-07-15,1000000.00,4.55272,100.931640625
08:00:37,912810UB2,TSRYS5810883,D,S,T,2024-07-15,1000000.00,4.554666,100.90625
08:00:37,912810UB2,TSRYS5810883,D,S,T,2024-07-15,1000000.00,4.559458,100.84375
08:00:37,912810UB2,TSRYS5810883,D,S,T,2024-07-15,1000000.00,4.560058,100.8359375
08:00:37,912810UB2,TSRYS5810883,D,S,T,2024-07-15,1000000.00,4.560058,100.8359375
08:00:37,912810UB2,TSRYS5810883,D,S,T,2024-07-15,1000000.00,4.556313,100.884765625
08:00:37,912810UB2,TSRYS5810883,D,S,T,2024-07-15,1000000.00,4.556912,100.876953125
08:00:37,912810UB2,TSRYS5810883,D,S,T,2024-07-15,1000000.00,4.55826,100.859375
08:00:37,912810UB2,TSRYS5810883,D,S,T,2024-07-15,2000000.00,4.560657,100.828125
08:00:37,912810UB2,TSRYS5810883,D,S,T,2024-07-15,1000000.00,4.559458,100.84375
08:00:37,912810UB2,TSRYS5810883,D,S,T,2024-07-15,2000000.00,4.559458,100.84375
08:00:37,912810UB2,TSRYS5810883,D,S,T,2024-07-15,2000000.00,4.559458,100.84375
08:00:37,912810UB2,TSRYS5810883,D,S,T,2024-07-15,1000000.00,4.559608,100.841796875
08:00:37,912810UB2,TSRYS5810883,D,S,T,2024-07-15,1000000.00,4.564255,100.78125
08:00:37,912810UB2,TSRYS5810883,D,S,T,2024-07-15,1000000.00,4.564255,100.78125
08:00:37,912810UB2,TSRYS5810883,D,S,T,2024-07-15,1000000.00,4.564255,100.78125
08:00:37,912810UB2,TSRYS5810883,D,S,T,2024-07-15,1000000.00,4.564255,100.78125
08:00:37,912810UB2,TSRYS5810883,D,S,T,2024-07-15,1000000.00,4.569055,100.71875
08:00:37,912810UB2,TSRYS5810883,D,S,T,2024-07-15,1000000.00,4.572057,100.6796875
08:00:37,912810UB2,TSRYS5810883,D,S,T,2024-07-15,1000000.00,4.572658,100.671875
08:00:37,912810UB2,TSRYS5810883,D,S,T,2024-07-15,1000000.00,4.572658,100.671875
08:00:37,912810UB2,TSRYS5810883,D,S,T,2024-07-15,1000000.00,4.572658,100.671875
08:00:37,912810UB2,TSRYS5810883,D,S,T,2024-07-15,1000000.00,4.575061,100.640625
08:00:37,912810UB2,TSRYS5810883,D,S,T,2024-07-15,1000000.00,4.575061,100.640625
08:00:37,912810UB2,TSRYS5810883,D,S,T,2024-07-15,1000000.00,4.576263,100.625
08:00:37,912810UB2,TSRYS5810883,D,S,T,2024-07-15,1000000.00,4.576263,100.625
08:00:37,912810UB2,TSRYS5810883,D,S,T,2024-07-15,2000000.00,4.578668,100.59375
08:00:37,912810UB2,TSRYS5810883,D,S,T,2024-07-15,1000000.00,4.578668,100.59375
08:00:37,912810UB2,TSRYS5810883,D,S,T,2024-07-15,2000000.00,4.578668,100.59375
08:00:37,912810UB2,TSRYS5810883,D,S,T,2024-07-15,1000000.00,4.57987,100.578125
08:00:37,912810UB2,TSRYS5810883,D,S,T,2024-07-15,1000000.00,4.580321,100.572265625
08:00:37,912810UB2,TSRYS5810883,D,S,T,2024-07-15,1000000.00,4.580472,100.5703125
08:00:37,912810UB2,TSRYS5810883,D,S,T,2024-07-15,1000000.00,4.57987,100.578125
08:00:37,912810UB2,TSRYS5810883,D,S,T,2024-07-15,1000000.00,4.579419,100.583984375
08:00:37,912810UB2,TSRYS5810883,D,S,T,2024-07-15,1000000.00,4.578367,100.59765625
08:00:37,912810UB2,TSRYS5810883,D,S,T,2024-07-15,1000000.00,4.577165,100.61328125
08:00:37,912810UB2,TSRYS5810883,D,S,D,2024-07-15,1000000.00,4.540013,101.09765625
08:00:37,912810UB2,TSRYS5810883,D,S,D,2024-07-15,1000000.00,4.540013,101.09765625
08:00:37,912810UB2,TSRYS5810883,D,S,D,2024-07-15,1000000.00,4.542104,101.0703125
08:00:37,912810UB2,TSRYS5810883,D,S,D,2024-07-15,1000000.00,4.542403,101.06640625
08:00:37,912810UB2,TSRYS5810883,D,S,D,2024-07-15,1000000.00,4.542403,101.06640625
08:00:37,912810UB2,TSRYS5810883,D,S,D,2024-07-15,1000000.00,4.542403,101.06640625
08:00:37,912810UB2,TSRYS5810883,D,S,D,2024-07-15,1000000.00,4.534341,101.171875
08:00:37,912810UB2,TSRYS5810883,D,S,D,2024-07-15,1000000.00,4.539416,101.10546875
08:00:37,912810UB2,TSRYS5810883,D,S,D,2024-07-15,1000000.00,4.546587,101.01171875
08:00:37,912810UB2,TSRYS5810883,D,S,D,2024-07-15,1000000.00,4.546587,101.01171875
08:00:37,912810UB2,TSRYS5810883,D,S,D,2024-07-15,155000.00,4.578066,100.6015625
08:00:37,912810UB2,TSRYS5810883,D,S,D,2024-07-15,2000000.00,4.541955,101.072265625
08:00:37,912810UB2,TSRYS5810883,D,S,D,2024-07-15,1000000.00,4.540013,101.09765625
08:00:37,912810UB2,TSRYS5810883,D,S,D,2024-07-15,1000000.00,4.540013,101.09765625
08:00:37,912810UB2,TSRYS5810883,D,S,D,2024-07-15,1000000.00,4.540013,101.09765625
08:00:37,912810UB2,TSRYS5810883,D,S,D,2024-07-15,1000000.00,4.540013,101.09765625
08:00:37,912810UB2,TSRYS5810883,D,S,D,2024-07-15,1000000.00,4.546139,101.017578125
08:00:37,912810UB2,TSRYS5810883,D,S,D,2024-07-15,1000000.00,4.546139,101.017578125
08:00:37,912810UB2,TSRYS5810883,D,S,D,2024-07-15,1000000.00,4.546139,101.017578125
08:00:37,912810UB2,TSRYS5810883,D,S,D,2024-07-15,2000000.00,4.546139,101.017578125
08:00:37,912810UB2,TSRYS5810883,D,S,D,2024-07-15,1000000.00,4.546139,101.017578125
08:00:37,912810UB2,TSRYS5810883,D,S,D,2024-07-15,1000000.00,4.540461,101.091796875
08:00:37,912810UB2,TSRYS5810883,D,S,D,2024-07-15,1000000.00,4.540312,101.09375
08:00:37,912810UB2,TSRYS5810883,D,S,D,2024-07-15,1000000.00,4.540162,101.095703125
08:00:37,912810UB2,TSRYS5810883,D,S,D,2024-07-15,1000000.00,4.540162,101.095703125
08:00:37,912810UB2,TSRYS5810883,D,S,D,2024-07-15,1000000.00,4.540162,101.095703125
08:00:37,912810UB2,TSRYS5810883,D,S,D,2024-07-15,1000000.00,4.540162,101.095703125
08:00:37,912810UB2,TSRYS5810883,D,S,D,2024-07-15,1000000.00,4.540162,101.095703125
08:00:37,912810UB2,TSRYS5810883,D,S,D,2024-07-15,1000000.00,4.540162,101.095703125
08:00:37,912810UB2,TSRYS5810883,D,S,D,2024-07-15,1000000.00,4.540013,101.09765625
08:00:37,912810UB2,TSRYS5810883,D,S,D,2024-07-15,1000000.00,4.540162,101.095703125
08:00:37,912810UB2,TSRYS5810883,D,S,D,2024-07-15,2000000.00,4.538072,101.123046875
08:00:37,912810UB2,TSRYS5810883,D,S,D,2024-07-15,1000000.00,4.540162,101.095703125
08:00:37,912810UB2,TSRYS5810883,D,S,D,2024-07-15,1000000.00,4.540162,101.095703125
08:00:37,912810UB2,TSRYS5810883,D,S,D,2024-07-15,1000000.00,4.540162,101.095703125
08:00:37,912810UB2,TSRYS5810883,D,S,D,2024-07-15,1000000.00,4.540162,101.095703125
08:00:37,912810UB2,TSRYS5810883,D,S,D,2024-07-15,1000000.00,4.542104,101.0703125
08:00:37,912810UB2,TSRYS5810883,D,S,D,2024-07-15,1000000.00,4.540162,101.095703125
08:00:37,912810UB2,TSRYS5810883,D,S,D,2024-07-15,1000000.00,4.538072,101.123046875
08:00:37,912810UB2,TSRYS5810883,D,S,D,2024-07-15,2000000.00,4.538072,101.123046875
08:00:37,912810UB2,TSRYS5810883,D,S,D,2024-07-15,2000000.00,4.538072,101.123046875
08:00:37,912810UB2,TSRYS5810883,D,S,D,2024-07-15,2000000.00,4.538072,101.123046875
08:00:37,912810UB2,TSRYS5810883,D,S,D,2024-07-15,1000000.00,4.538072,101.123046875
08:00:37,912810UB2,TSRYS5810883,D,S,D,2024-07-15,2000000.00,4.538221,101.12109375
08:00:37,912810UB2,TSRYS5810883,D,S,D,2024-07-15,1000000.00,4.538221,101.12109375
08:00:37,912810UB2,TSRYS5810883,D,S,D,2024-07-15,1000000.00,4.538221,101.12109375
08:00:37,912810UB2,TSRYS5810883,D,S,D,2024-07-15,2000000.00,4.538221,101.12109375
08:00:37,912810UB2,TSRYS5810883,D,S,D,2024-07-15,1000000.00,4.538221,101.12109375
08:00:37,912810UB2,TSRYS5810883,D,S,D,2024-07-15,1000000.00,4.540162,101.095703125
08:00:37,912810UB2,TSRYS5810883,D,S,D,2024-07-15,1000000.00,4.540162,101.095703125
08:00:37,912810UB2,TSRYS5810883,D,S,D,2024-07-15,1000000.00,4.540162,101.095703125
08:00:37,912810UB2,TSRYS5810883,D,S,D,2024-07-15,1000000.00,4.544345,101.041015625
08:00:37,912810UB2,TSRYS5810883,D,S,D,2024-07-15,1000000.00,4.560507,100.830078125
08:00:37,912810UB2,TSRYS5810883,D,S,D,2024-07-15,1000000.00,4.560507,100.830078125
08:00:37,912810UB2,TSRYS5810883,D,S,D,2024-07-15,2000000.00,4.562606,100.802734375
08:00:37,912810UB2,TSRYS5810883,D,S,D,2024-07-15,2000000.00,4.562606,100.802734375
08:00:37,912810UB2,TSRYS5810883,D,S,D,2024-07-15,1000000.00,4.564855,100.7734375
08:00:37,912810UB2,TSRYS5810883,D,S,D,2024-07-15,1000000.00,4.566804,100.748046875
08:00:37,912810UB2,TSRYS5810883,D,S,D,2024-07-15,1000000.00,4.566804,100.748046875
08:00:37,912810UB2,TSRYS5810883,D,S,D,2024-07-15,1000000.00,4.566804,100.748046875
08:00:37,912810UB2,TSRYS5810883,D,S,D,2024-07-15,1000000.00,4.566804,100.748046875
08:00:37,912810UB2,TSRYS5810883,D,S,D,2024-07-15,2000000.00,4.576864,100.6171875
08:00:37,912810UB2,TSRYS5810883,D,S,D,2024-07-15,2000000.00,4.577014,100.615234375
08:00:37,912810UB2,TSRYS5810883,D,S,D,2024-07-15,2000000.00,4.577014,100.615234375
08:00:37,912810UB2,TSRYS5810883,D,S,D,2024-07-15,2000000.00,4.577014,100.615234375
08:00:37,912810UB2,TSRYS5810883,D,S,D,2024-07-15,2000000.00,4.577014,100.615234375
08:00:37,912810UB2,TSRYS5810883,D,S,D,2024-07-15,1000000.00,4.576864,100.6171875
08:00:37,912810UB2,TSRYS5810883,D,S,D,2024-07-15,1000000.00,4.576864,100.6171875
08:00:37,912810UB2,TSRYS5810883,D,S,T,2024-07-15,1000000.00,4.544046,101.044921875
08:00:37,912810UB2,TSRYS5810883,D,S,T,2024-07-15,1000000.00,4.544046,101.044921875
08:00:37,912810UB2,TSRYS5810883,D,S,T,2024-07-15,1000000.00,4.544046,101.044921875
08:00:37,912810UB2,TSRYS5810883,D,S,T,2024-07-15,1000000.00,4.544046,101.044921875
08:00:37,912810UB2,TSRYS5810883,D,S,T,2024-07-15,1000000.00,4.544046,101.044921875
08:00:37,912810UB2,TSRYS5810883,D,S,T,2024-07-15,1000000.00,4.544046,101.044921875
08:00:37,912810UB2,TSRYS5810883,D,S,T,2024-07-15,1000000.00,4.544046,101.044921875
08:00:37,912810UB2,TSRYS5810883,D,S,T,2024-07-15,1000000.00,4.544046,101.044921875
08:00:37,912810UB2,TSRYS5810883,D,S,T,2024-07-15,1000000.00,4.544046,101.044921875
08:00:37,912810UB2,TSRYS5810883,D,S,T,2024-07-15,1000000.00,4.544046,101.044921875
08:00:37,912810UB2,TSRYS5810883,D,S,T,2024-07-15,1000000.00,4.540013,101.09765625
08:00:37,912810UB2,TSRYS5810883,D,S,T,2024-07-15,1000000.00,4.540312,101.09375
08:00:37,912810UB2,TSRYS5810883,D,S,T,2024-07-15,1000000.00,4.540312,101.09375
08:00:37,912810UB2,TSRYS5810883,D,S,T,2024-07-15,1000000.00,4.540013,101.09765625
08:00:37,912810UB2,TSRYS5810883,D,S,T,2024-07-15,1000000.00,4.542552,101.064453125
08:00:37,912810UB2,TSRYS5810883,D,S,T,2024-07-15,1000000.00,4.542104,101.0703125
08:00:37,912810UB2,TSRYS5810883,D,S,T,2024-07-15,1000000.00,4.539565,101.103515625
08:00:37,912810UB2,TSRYS5810883,D,S,T,2024-07-15,1000000.00,4.539416,101.10546875
08:00:37,912810UB2,TSRYS5810883,D,S,D,2024-07-15,1000000.00,4.539117,101.109375
08:00:37,912810UB2,TSRYS5810883,D,S,D,2024-07-15,1000000.00,4.539117,101.109375
08:00:37,912810UB2,TSRYS5810883,D,S,T,2024-07-15,1000000.00,4.537027,101.13671875
08:00:37,912810UB2,TSRYS5810883,D,S,T,2024-07-15,1000000.00,4.540312,101.09375
08:00:37,912810UB2,TSRYS5810883,D,S,T,2024-07-15,1000000.00,4.539714,101.1015625
08:00:37,912810UB2,TSRYS5810883,D,S,T,2024-07-15,1000000.00,4.540162,101.095703125
08:00:37,912810UB2,TSRYS5810883,D,S,T,2024-07-15,1000000.00,4.553618,100.919921875
08:00:37,912810UB2,TSRYS5810883,D,S,T,2024-07-15,1000000.00,4.560058,100.8359375
08:00:37,912810UB2,TSRYS5810883,D,S,T,2024-07-15,1000000.00,4.557062,100.875
08:00:37,912810UB2,TSRYS5810883,D,S,T,2024-07-15,1000000.00,4.559009,100.849609375
08:00:37,912810UB2,TSRYS5810883,D,S,T,2024-07-15,1000000.00,4.559458,100.84375
08:00:37,912810UB2,TSRYS5810883,D,S,T,2024-07-15,1000000.00,4.559458,100.84375
08:00:37,912810UB2,TSRYS5810883,D,S,T,2024-07-15,1000000.00,4.576864,100.6171875
08:00:37,912810UB2,TSRYS5810883,D,S,T,2024-07-15,1000000.00,4.576864,100.6171875
08:00:37,912810UB2,TSRYS5810883,D,S,T,2024-07-15,2000000.00,4.575061,100.640625
08:00:37,912810UB2,TSRYS5810883,D,S,A,2024-07-15,100000.00,4.577134,100.61868125
08:00:37,912810UB2,TSRYS5810883,D,S,T,2024-07-15,1000000.00,4.555864,100.890625
08:00:37,912810UB2,TSRYS5810883,D,S,T,2024-07-15,1000000.00,4.555864,100.890625
08:00:37,912810UB2,TSRYS5810883,D,S,T,2024-07-15,1000000.00,4.555864,100.890625
08:00:37,912810UB2,TSRYS5810883,D,S,T,2024-07-15,1000000.00,4.555864,100.890625
08:00:37,912810UB2,TSRYS5810883,D,S,T,2024-07-15,1000000.00,4.555864,100.890625
08:00:37,912810UB2,TSRYS5810883,D,S,T,2024-07-15,1000000.00,4.555864,100.890625
08:00:37,912810UB2,TSRYS5810883,D,S,T,2024-07-15,1000000.00,4.555864,100.890625
08:00:37,912810UB2,TSRYS5810883,D,S,T,2024-07-15,1000000.00,4.555864,100.890625
08:00:37,912810UB2,TSRYS5810883,D,S,T,2024-07-15,1000000.00,4.555864,100.890625
08:00:37,912810UB2,TSRYS5810883,D,S,T,2024-07-15,1000000.00,4.555864,100.890625
08:00:37,912810UB2,TSRYS5810883,D,S,T,2024-07-15,1000000.00,4.555864,100.890625
08:00:37,912810UB2,TSRYS5810883,D,S,T,2024-07-15,1000000.00,4.555864,100.890625
08:00:37,912810UB2,TSRYS5810883,D,B,A,2024-07-15,1750000.00,4.559159,100.84765625
08:00:37,912810UB2,TSRYS5810883,D,S,A,2024-07-15,263000.00,4.537326,101.1328125
08:00:37,912810UB2,TSRYS5810883,D,S,C,2024-07-15,335000.00,4.534341,101.171875
08:00:37,912810UB2,TSRYS5810883,D,B,A,2024-07-15,190000.00,4.535236,101.16015625
08:00:37,912810UB2,TSRYS5810883,D,B,C,2024-07-15,19257000.00,4.55826,100.859375
08:00:37,912810UB2,TSRYS5810883,D,S,A,2024-07-15,1000000.00,4.581073,100.5625
08:00:37,912810UB2,TSRYS5810883,D,S,D,2024-07-15,1000000.00,4.57987,100.578125
08:00:37,912810UB2,TSRYS5810883,D,S,D,2024-07-15,1000000.00,4.57987,100.578125
08:00:37,912810UB2,TSRYS5810883,D,S,D,2024-07-15,1000000.00,4.57987,100.578125
08:00:37,912810UB2,TSRYS5810883,D,S,A,2024-07-15,50000.00,4.554666,100.90625
08:00:37,912810UB2,TSRYS5810883,D,B,A,2024-07-15,580000.00,4.55257,100.93359375
08:00:41,912810UB2,TSRYS5810883,D,S,D,2024-07-15,1000000.00,4.537624,101.12890625
08:00:41,912810UB2,TSRYS5810883,D,S,D,2024-07-15,1000000.00,4.537624,101.12890625
08:00:41,912810UB2,TSRYS5810883,D,S,D,2024-07-15,1000000.00,4.537624,101.12890625
08:00:41,912810UB2,TSRYS5810883,D,S,D,2024-07-15,1000000.00,4.537624,101.12890625
08:00:41,912810UB2,TSRYS5810883,D,S,D,2024-07-15,1000000.00,4.537624,101.12890625
08:00:41,912810UB2,TSRYS5810883,D,S,D,2024-07-15,1000000.00,4.539117,101.109375
08:00:41,912810UB2,TSRYS5810883,D,B,A,2024-07-15,30000.00,4.552271,100.9375
08:00:41,912810UB2,TSRYS5810883,D,B,A,2024-07-15,390000.00,4.554965,100.90234375
08:00:42,912810UB2,TSRYS5810883,D,S,T,2024-07-15,1000000.00,4.540312,101.09375
08:00:42,912810UB2,TSRYS5810883,D,S,T,2024-07-15,1000000.00,4.540312,101.09375
08:00:42,912810UB2,TSRYS5810883,D,S,T,2024-07-15,1000000.00,4.540312,101.09375
08:00:42,912810UB2,TSRYS5810883,D,S,D,2024-07-15,1000000.00,4.535833,101.15234375
08:00:43,912810UB2,TSRYS5810883,D,S,D,2024-07-15,1000000.00,4.542104,101.0703125
08:00:43,912810UB2,TSRYS5810883,D,S,D,2024-07-15,1000000.00,4.534341,101.171875
08:00:43,912810UB2,TSRYS5810883,D,S,D,2024-07-15,1000.00,4.537923,101.125
08:00:44,912810UB2,TSRYS5810883,D,S,D,2024-07-15,1000000.00,4.539416,101.10546875
08:00:46,912810UB2,TSRYS5810883,D,S,A,2024-07-15,950000.00,4.559439,100.844
08:00:47,912810UB2,TSRYS5810883,D,S,T,2024-07-15,2000000.00,4.552271,100.9375
08:00:49,912810UB2,TSRYS5810883,D,S,T,2024-07-15,1000000.00,4.561856,100.8125
08:00:49,912810UB2,TSRYS5810883,D,S,T,2024-07-15,1000000.00,4.561706,100.814453125
08:00:49,912810UB2,TSRYS5810883,D,S,T,2024-07-15,1000000.00,4.561856,100.8125
08:00:49,912810UB2,TSRYS5810883,D,S,D,2024-07-15,150000.00,4.561257,100.8203125
08:00:49,912810UB2,TSRYS5810883,D,S,D,2024-07-15,30000.00,4.562456,100.8046875
08:00:49,912810UB2,TSRYS5810883,D,S,T,2024-07-15,1000000.00,4.562905,100.798828125
08:00:51,912810UB2,TSRYS5810883,D,S,T,2024-07-15,1000000.00,4.540312,101.09375
08:00:51,912810UB2,TSRYS5810883,D,S,T,2024-07-15,1000000.00,4.540312,101.09375
08:00:52,912810UB2,TSRYS5810883,D,S,D,2024-07-15,1000000.00,4.542104,101.0703125
08:00:52,912810UB2,TSRYS5810883,D,S,D,2024-07-15,1000000.00,4.542104,101.0703125
08:00:53,912810UB2,TSRYS5810883,D,S,D,2024-07-15,1000000.00,4.539117,101.109375
08:00:54,912810UB2,TSRYS5810883,D,S,T,2024-07-15,1000000.00,4.539266,101.107421875
08:00:54,912810UB2,TSRYS5810883,D,S,D,2024-07-15,2000000.00,4.546564,101.01201875
08:00:55,912810UB2,TSRYS5810883,D,S,D,2024-07-15,490000.00,4.544793,101.03515625
08:00:56,912810UB2,TSRYS5810883,D,S,D,2024-07-15,19000000.00,4.559111,100.84828
08:00:57,912810UB2,TSRYS5810883,D,S,T,2024-07-15,1000000.00,4.552271,100.9375
08:00:58,912810UB2,TSRYS5810883,D,S,D,2024-07-15,100000.00,4.560657,100.828125
08:00:58,912810UB2,TSRYS5810883,D,S,T,2024-07-15,1000000.00,4.561706,100.814453125
08:01:00,912810UB2,TSRYS5810883,D,S,T,2024-07-15,1000000.00,4.559468,100.84362
08:01:01,912810UB2,TSRYS5810883,D,S,A,2024-07-15,693000.00,4.555864,100.890625
08:01:01,912810UB2,TSRYS5810883,D,B,C,2024-07-15,601000.00,4.57446,100.6484375
08:01:02,912810UB2,TSRYS5810883,D,S,D,2024-07-15,3000000.00,4.559458,100.84375
08:01:02,912810UB2,TSRYS5810883,D,S,A,2024-07-15,137000.00,4.549877,100.96875
08:01:02,912810UB2,TSRYS5810883,D,B,A,2024-07-15,1953000.00,4.556463,100.8828125
08:01:02,912810UB2,TSRYS5810883,D,S,T,2024-07-15,1000000.00,4.554666,100.90625
08:01:03,912810UB2,TSRYS5810883,D,S,T,2024-07-15,1000000.00,4.552271,100.9375
08:01:03,912810UB2,TSRYS5810883,D,S,D,2024-07-15,2000000.00,4.554666,100.90625
08:01:04,912810UB2,TSRYS5810883,D,S,D,2024-07-15,3600000.00,4.55287,100.9296875
08:01:04,912810UB2,TSRYS5810883,D,S,D,2024-07-15,2200000.00,4.559159,100.84765625
08:01:05,912810UB2,TSRYS5810883,D,S,D,2024-07-15,3000000.00,4.57416,100.65234375
08:01:06,912810UB2,TSRYS5810883,D,S,D,2024-07-15,250000.00,4.560657,100.828125
08:01:06,912810UB2,TSRYS5810883,D,B,C,2024-07-15,3850000.00,4.578698,100.59335
08:01:06,912810UB2,TSRYS5810883,D,S,C,2024-07-15,10000.00,4.577434,100.609775
08:01:06,912810UB2,TSRYS5810883,D,S,C,2024-07-15,100000.00,4.577134,100.61368125
08:01:06,912810UB2,TSRYS5810883,D,S,C,2024-07-15,1000.00,4.537923,101.625
08:01:09,912810UB2,TSRYS5810883,D,S,D,2024-07-15,2000000.00,4.554666,100.90625
08:01:11,912810UB2,TSRYS5810883,D,S,D,2024-07-15,1000000.00,4.555864,100.890625
08:01:11,912810UB2,TSRYS5810883,D,S,D,2024-07-15,1000000.00,4.555864,100.890625
08:01:11,912810UB2,TSRYS5810883,D,S,D,2024-07-15,1000000.00,4.555864,100.890625
08:01:11,912810UB2,TSRYS5810883,D,S,D,2024-07-15,1000000.00,4.555864,100.890625
08:01:11,912810UB2,TSRYS5810883,D,S,D,2024-07-15,1000000.00,4.555864,100.890625
08:01:11,912810UB2,TSRYS5810883,D,S,D,2024-07-15,1000000.00,4.555864,100.890625
08:01:11,912810UB2,TSRYS5810883,D,S,D,2024-07-15,1000000.00,4.555864,100.890625
08:01:11,912810UB2,TSRYS5810883,D,S,D,2024-07-15,1000000.00,4.555864,100.890625
08:01:11,912810UB2,TSRYS5810883,D,S,D,2024-07-15,1000000.00,4.555864,100.890625
08:01:11,912810UB2,TSRYS5810883,D,S,D,2024-07-15,1000000.00,4.555864,100.890625
08:01:11,912810UB2,TSRYS5810883,D,S,D,2024-07-15,1000000.00,4.555864,100.890625
08:01:11,912810UB2,TSRYS5810883,D,S,D,2024-07-15,1000000.00,4.555864,100.890625
08:01:11,912810UB2,TSRYS5810883,D,S,D,2024-07-15,1000000.00,4.556163,100.88671875
08:01:12,912810UB2,TSRYS5810883,D,S,A,2024-07-15,2000.00,4.541506,101.078125
08:01:12,912810UB2,TSRYS5810883,D,B,C,2024-07-15,1000000.00,4.55796,100.86328125
08:01:12,912810UB2,TSRYS5810883,D,S,C,2024-07-15,1000000.00,4.55796,100.86328125
08:01:12,912810UB2,TSRYS5810883,D,S,T,2024-07-15,2000000.00,4.553169,100.92578125
08:01:13,912810UB2,TSRYS5810883,D,S,D,2024-07-15,3000000.00,4.559458,100.84375
08:01:14,912810UB2,TSRYS5810883,D,S,C,2024-07-15,1000000.00,4.562156,100.80859375
08:01:14,912810UB2,TSRYS5810883,D,B,C,2024-07-15,1000000.00,4.560207,100.833984375
08:01:14,912810UB2,TSRYS5810883,D,S,D,2024-07-15,1000000.00,4.560207,100.833984375
08:01:14,912810UB2,TSRYS5810883,D,S,D,2024-07-15,1000000.00,4.561406,100.818359375
08:01:15,912810UB2,TSRYS5810883,D,S,C,2024-07-15,1000000.00,4.561856,100.8125
08:01:15,912810UB2,TSRYS5810883,D,S,D,2024-07-15,1000000.00,4.562456,100.8046875
08:01:15,912810UB2,TSRYS5810883,D,S,C,2024-07-15,1000000.00,4.562456,100.8046875
08:01:15,912810UB2,TSRYS5810883,D,B,C,2024-07-15,1000000.00,4.560058,100.8359375
08:01:15,912810UB2,TSRYS5810883,D,S,C,2024-07-15,1000000.00,4.560058,100.8359375
08:01:15,912810UB2,TSRYS5810883,D,S,D,2024-07-15,3000000.00,4.556463,100.8828125
08:01:15,912810UB2,TSRYS5810883,D,S,C,2024-07-15,1000000.00,4.562006,100.810546875
08:01:15,912810UB2,TSRYS5810883,D,B,C,2024-07-15,1000000.00,4.562006,100.810546875
08:01:16,912810UB2,TSRYS5810883,D,S,T,2024-07-15,1000000.00,4.563055,100.796875
08:01:16,912810UB2,TSRYS5810883,D,S,T,2024-07-15,1000000.00,4.563055,100.796875
08:01:16,912810UB2,TSRYS5810883,D,S,T,2024-07-15,1000000.00,4.563063,100.796773
08:01:16,912810UB2,TSRYS5810883,D,B,A,2024-07-15,25000000.00,4.560357,100.83203125
08:01:16,912810UB2,TSRYS5810883,D,S,T,2024-07-15,1000000.00,4.55797,100.86315625
08:01:16,912810UB2,TSRYS5810883,D,S,T,2024-07-15,1000000.00,4.55797,100.86315625
08:01:16,912810UB2,TSRYS5810883,D,S,T,2024-07-15,1000000.00,4.55797,100.86315625
08:01:16,912810UB2,TSRYS5810883,D,S,T,2024-07-15,1000000.00,4.55812,100.861203125
08:01:16,912810UB2,TSRYS5810883,D,S,T,2024-07-15,1000000.00,4.55812,100.861203125
08:01:16,912810UB2,TSRYS5810883,D,S,T,2024-07-15,1000000.00,4.55797,100.86315625
08:01:16,912810UB2,TSRYS5810883,D,S,T,2024-07-15,1000000.00,4.558269,100.85925
08:01:17,912810UB2,TSRYS5810883,D,S,T,2024-07-15,1000000.00,4.558269,100.85925
08:01:17,912810UB2,TSRYS5810883,D,S,T,2024-07-15,1000000.00,4.55812,100.861203125
08:01:17,912810UB2,TSRYS5810883,D,S,T,2024-07-15,1000000.00,4.558277,100.859148
08:01:17,912810UB2,TSRYS5810883,D,S,T,2024-07-15,1000000.00,4.55812,100.861203125
08:01:17,912810UB2,TSRYS5810883,D,S,T,2024-07-15,1000000.00,4.558269,100.85925
08:01:17,912810UB2,TSRYS5810883,D,S,C,2024-07-15,1000000.00,4.562156,100.80859375
08:01:17,912810UB2,TSRYS5810883,D,S,C,2024-07-15,1000000.00,4.562156,100.80859375
08:01:17,912810UB2,TSRYS5810883,D,S,C,2024-07-15,1000000.00,4.562156,100.80859375
08:01:17,912810UB2,TSRYS5810883,D,S,T,2024-07-15,1000000.00,4.55812,100.861203125
08:01:17,912810UB2,TSRYS5810883,D,S,T,2024-07-15,1000000.00,4.558269,100.85925
08:01:17,912810UB2,TSRYS5810883,D,S,T,2024-07-15,2000000.00,4.558269,100.85925
08:01:17,912810UB2,TSRYS5810883,D,S,C,2024-07-15,1000000.00,4.562156,100.80859375
08:01:17,912810UB2,TSRYS5810883,D,S,C,2024-07-15,1000000.00,4.562156,100.80859375
08:01:17,912810UB2,TSRYS5810883,D,S,C,2024-07-15,1000000.00,4.562156,100.80859375
08:01:17,912810UB2,TSRYS5810883,D,S,C,2024-07-15,1000000.00,4.562156,100.80859375
08:01:17,912810UB2,TSRYS5810883,D,S,T,2024-07-15,1000000.00,4.558269,100.85925
08:01:17,912810UB2,TSRYS5810883,D,S,T,2024-07-15,1000000.00,4.558269,100.85925
08:01:17,912810UB2,TSRYS5810883,D,S,T,2024-07-15,1000000.00,4.559468,100.843625
08:01:17,912810UB2,TSRYS5810883,D,S,C,2024-07-15,1000000.00,4.559458,100.84375
08:01:17,912810UB2,TSRYS5810883,D,S,T,2024-07-15,1000000.00,4.559468,100.843625
08:01:17,912810UB2,TSRYS5810883,D,S,T,2024-07-15,1000000.00,4.559468,100.843625
08:01:17,912810UB2,TSRYS5810883,D,S,T,2024-07-15,2000000.00,4.559468,100.843625
08:01:17,912810UB2,TSRYS5810883,D,S,C,2024-07-15,1000000.00,4.554067,100.9140625
08:01:17,912810UB2,TSRYS5810883,D,S,C,2024-07-15,1000000.00,4.557062,100.875
08:01:17,912810UB2,TSRYS5810883,D,B,C,2024-07-15,3000000.00,4.555864,100.890625
08:01:17,912810UB2,TSRYS5810883,D,S,D,2024-07-15,3000000.00,4.555864,100.890625
08:01:17,912810UB2,TSRYS5810883,D,S,C,2024-07-15,18000.00,4.572658,100.69965277778
08:01:17,912810UB2,TSRYS5810883,D,S,T,2024-07-15,1000000.00,4.559468,100.843625
08:01:17,912810UB2,TSRYS5810883,D,S,C,2024-07-15,1000000.00,4.554067,100.9140625
08:01:17,912810UB2,TSRYS5810883,D,S,C,2024-07-15,1000000.00,4.554067,100.9140625
08:01:17,912810UB2,TSRYS5810883,D,B,C,2024-07-15,19257000.00,4.558859,100.8515625
08:01:17,912810UB2,TSRYS5810883,D,S,C,2024-07-15,1000000.00,4.550176,100.96484375
08:01:17,912810UB2,TSRYS5810883,D,S,C,2024-07-15,1000000.00,4.550176,100.96484375
08:01:17,912810UB2,TSRYS5810883,D,S,C,2024-07-15,1000000.00,4.550176,100.96484375
08:01:18,912810UB2,TSRYS5810883,D,S,T,2024-07-15,1000000.00,4.559458,100.84375
08:01:18,912810UB2,TSRYS5810883,D,S,T,2024-07-15,1000000.00,4.559458,100.84375
08:01:18,912810UB2,TSRYS5810883,D,B,C,2024-07-15,1000000.00,4.548082,100.9921875
08:01:18,912810UB2,TSRYS5810883,D,S,C,2024-07-15,1000000.00,4.548082,100.9921875
08:01:18,912810UB2,TSRYS5810883,D,S,C,2024-07-15,1000000.00,4.542104,101.0703125
08:01:18,912810UB2,TSRYS5810883,D,S,C,2024-07-15,1000000.00,4.541805,101.07421875
08:01:18,912810UB2,TSRYS5810883,D,B,C,2024-07-15,1000000.00,4.542104,101.0703125
08:01:18,912810UB2,TSRYS5810883,D,S,D,2024-07-15,1000000.00,4.542104,101.0703125
08:01:18,912810UB2,TSRYS5810883,D,S,D,2024-07-15,1000000.00,4.542104,101.0703125
08:01:18,912810UB2,TSRYS5810883,D,S,D,2024-07-15,1000000.00,4.542403,101.06640625
08:01:18,912810UB2,TSRYS5810883,D,S,D,2024-07-15,1000000.00,4.542104,101.0703125
08:01:18,912810UB2,TSRYS5810883,D,S,D,2024-07-15,1000000.00,4.557062,100.875
08:01:18,912810UB2,TSRYS5810883,D,S,C,2024-07-15,1000000.00,4.557062,100.875
08:01:18,912810UB2,TSRYS5810883,D,S,D,2024-07-15,1000000.00,4.542403,101.06640625
08:01:18,912810UB2,TSRYS5810883,D,S,D,2024-07-15,1000000.00,4.542104,101.0703125
08:01:18,912810UB2,TSRYS5810883,D,S,D,2024-07-15,1000000.00,4.542403,101.06640625
08:01:18,912810UB2,TSRYS5810883,D,S,C,2024-07-15,1000000.00,4.557062,100.875
08:01:19,912810UB2,TSRYS5810883,D,S,C,2024-07-15,1000000.00,4.555864,100.890625
08:01:19,912810UB2,TSRYS5810883,D,S,D,2024-07-15,1000000.00,4.537624,101.12890625
08:01:19,912810UB2,TSRYS5810883,D,B,C,2024-07-15,1000000.00,4.537624,101.12890625
08:01:19,912810UB2,TSRYS5810883,D,S,D,2024-07-15,1000000.00,4.537624,101.12890625
08:01:19,912810UB2,TSRYS5810883,D,B,C,2024-07-15,1000000.00,4.537624,101.12890625
08:01:19,912810UB2,TSRYS5810883,D,S,D,2024-07-15,1000000.00,4.537624,101.12890625
08:01:19,912810UB2,TSRYS5810883,D,S,D,2024-07-15,1000000.00,4.537624,101.12890625
08:01:19,912810UB2,TSRYS5810883,D,S,D,2024-07-15,1000000.00,4.537624,101.12890625
08:01:19,912810UB2,TSRYS5810883,D,S,D,2024-07-15,1000000.00,4.537923,101.125
08:01:19,912810UB2,TSRYS5810883,D,S,D,2024-07-15,1000000.00,4.539117,101.109375
08:01:19,912810UB2,TSRYS5810883,D,S,D,2024-07-15,460000.00,4.561556,100.81640625
08:01:19,912810UB2,TSRYS5810883,D,S,D,2024-07-15,460000.00,4.561556,100.81640625
08:01:19,912810UB2,TSRYS5810883,D,S,D,2024-07-15,1000000.00,4.534341,101.171875
08:01:19,912810UB2,TSRYS5810883,D,S,D,2024-07-15,1000000.00,4.535833,101.15234375
08:01:19,912810UB2,TSRYS5810883,D,S,T,2024-07-15,1000000.00,4.562156,100.80859375
08:01:19,912810UB2,TSRYS5810883,D,S,T,2024-07-15,1000000.00,4.561406,100.81835937
08:01:19,912810UB2,TSRYS5810883,D,S,T,2024-07-15,1000000.00,4.561856,100.8125
08:01:19,912810UB2,TSRYS5810883,D,S,T,2024-07-15,1000000.00,4.562456,100.8046875
08:01:19,912810UB2,TSRYS5810883,D,S,T,2024-07-15,1000000.00,4.562456,100.8046875
08:01:20,912810UB2,TSRYS5810883,D,S,D,2024-07-15,1000000.00,4.559458,100.84375
08:01:20,912810UB2,TSRYS5810883,D,S,D,2024-07-15,1000000.00,4.539416,101.10546875
08:01:20,912810UB2,TSRYS5810883,D,S,T,2024-07-15,1000000.00,4.55947,100.8436
08:01:20,912810UB2,TSRYS5810883,D,S,T,2024-07-15,2000000.00,4.55947,100.8436
08:01:20,912810UB2,TSRYS5810883,D,S,T,2024-07-15,1000000.00,4.557062,100.875
08:01:20,912810UB2,TSRYS5810883,D,S,T,2024-07-15,1000000.00,4.557073,100.87485
08:01:20,912810UB2,TSRYS5810883,D,S,T,2024-07-15,1000000.00,4.557073,100.87485
08:01:20,912810UB2,TSRYS5810883,D,S,T,2024-07-15,1000000.00,4.557073,100.87485
08:01:20,912810UB2,TSRYS5810883,D,S,T,2024-07-15,1000000.00,4.557062,100.875
08:01:20,912810UB2,TSRYS5810883,D,S,D,2024-07-15,1000000.00,4.557062,100.875
08:01:20,912810UB2,TSRYS5810883,D,S,T,2024-07-15,1000000.00,4.557073,100.87485
08:01:20,912810UB2,TSRYS5810883,D,S,D,2024-07-15,1000000.00,4.539117,101.109375
08:01:20,912810UB2,TSRYS5810883,D,B,C,2024-07-15,1000000.00,4.539117,101.109375
08:01:20,912810UB2,TSRYS5810883,D,S,T,2024-07-15,1000000.00,4.557062,100.875
08:01:20,912810UB2,TSRYS5810883,D,S,T,2024-07-15,1000000.00,4.557073,100.87485
08:01:20,912810UB2,TSRYS5810883,D,S,D,2024-07-15,1000000.00,4.554067,100.9140625
08:01:20,912810UB2,TSRYS5810883,D,B,C,2024-07-15,1000000.00,4.547484,101.0
08:01:20,912810UB2,TSRYS5810883,D,S,T,2024-07-15,1000000.00,4.566654,100.75
08:01:21,912810UB2,TSRYS5810883,D,S,T,2024-07-15,1000000.00,4.569055,100.71875
08:01:21,912810UB2,TSRYS5810883,D,S,C,2024-07-15,2000000.00,4.554666,100.90625
08:01:21,912810UB2,TSRYS5810883,D,S,D,2024-07-15,3000000.00,4.559458,100.84375
08:01:21,912810UB2,TSRYS5810883,D,B,C,2024-07-15,1000000.00,4.560357,100.83203125
08:01:21,912810UB2,TSRYS5810883,D,S,D,2024-07-15,1000000.00,4.560357,100.83203125
08:01:21,912810UB2,TSRYS5810883,D,S,C,2024-07-15,1000000.00,4.559758,100.83984375
08:01:21,912810UB2,TSRYS5810883,D,S,D,2024-07-15,3000000.00,4.556463,100.8828125
08:01:21,912810UB2,TSRYS5810883,D,S,T,2024-07-15,1000000.00,4.548681,100.984375
08:01:22,912810UB2,TSRYS5810883,D,S,A,2024-07-15,263400.00,4.536419,101.14453125
08:01:22,912810UB2,TSRYS5810883,D,S,A,2024-07-15,18000.00,4.536121,101.1484375
08:01:22,912810UB2,TSRYS5810883,D,B,A,2024-07-15,263000.00,4.537326,101.1328125
08:01:22,912810UB2,TSRYS5810883,D,S,D,2024-07-15,1000000.00,4.569956,100.70703125
08:01:22,912810UB2,TSRYS5810883,D,S,C,2024-07-15,1000000.00,4.550176,100.96484375
08:01:23,912810UB2,TSRYS5810883,D,S,T,2024-07-15,1000000.00,4.552271,100.9375
08:01:23,912810UB2,TSRYS5810883,D,S,D,2024-07-15,3000000.00,4.572658,100.671875
08:01:24,912810UB2,TSRYS5810883,D,S,D,2024-07-15,3000000.00,4.556463,100.8828125
08:01:24,912810UB2,TSRYS5810883,D,S,D,2024-07-15,23000000.00,4.556345,100.88434
08:01:24,912810UB2,TSRYS5810883,D,S,D,2024-07-15,10000000.00,4.577465,100.609375
08:01:25,912810UB2,TSRYS5810883,D,S,D,2024-07-15,115000.00,4.579269,100.5859375
08:01:25,912810UB2,TSRYS5810883,D,S,C,2024-07-15,28000000.00,4.543324,101.05436
08:01:25,912810UB2,TSRYS5810883,D,S,D,2024-07-15,155000.00,4.577868,100.604143145
08:01:26,912810UB2,TSRYS5810883,D,B,C,2024-07-15,1000000.00,4.549428,100.974609375
08:01:26,912810UB2,TSRYS5810883,D,S,C,2024-07-15,1000000.00,4.549428,100.974609375
08:01:26,912810UB2,TSRYS5810883,D,B,C,2024-07-15,1000000.00,4.550027,100.966796875
08:01:26,912810UB2,TSRYS5810883,D,S,D,2024-07-15,1000000.00,4.550027,100.966796875
08:01:26,912810UB2,TSRYS5810883,D,S,A,2024-07-15,2700000.00,4.560357,100.83203125
08:01:26,912810UB2,TSRYS5810883,D,S,A,2024-07-15,1000000.00,4.560657,100.828125
08:01:27,912810UB2,TSRYS5810883,D,S,A,2024-07-15,100000.00,4.560657,100.828125
08:01:27,912810UB2,TSRYS5810883,D,S,A,2024-07-15,150000.00,4.561257,100.8203125
08:01:27,912810UB2,TSRYS5810883,D,S,A,2024-07-15,30000.00,4.562456,100.8046875
08:01:27,912810UB2,TSRYS5810883,D,S,C,2024-07-15,1000000.00,4.544046,101.044921875
08:01:27,912810UB2,TSRYS5810883,D,S,C,2024-07-15,1000000.00,4.544046,101.044921875
08:01:27,912810UB2,TSRYS5810883,D,S,C,2024-07-15,1000000.00,4.544046,101.044921875
08:01:27,912810UB2,TSRYS5810883,D,S,C,2024-07-15,1000000.00,4.544046,101.044921875
08:01:27,912810UB2,TSRYS5810883,D,S,C,2024-07-15,1000000.00,4.544046,101.044921875
08:01:27,912810UB2,TSRYS5810883,D,S,C,2024-07-15,1000000.00,4.544046,101.044921875
08:01:27,912810UB2,TSRYS5810883,D,S,C,2024-07-15,1000000.00,4.544046,101.044921875
08:01:27,912810UB2,TSRYS5810883,D,S,C,2024-07-15,1000000.00,4.544046,101.044921875
08:01:27,912810UB2,TSRYS5810883,D,S,C,2024-07-15,1000000.00,4.544046,101.044921875
08:01:27,912810UB2,TSRYS5810883,D,S,T,2024-07-15,1000000.00,4.540312,101.09375
08:01:27,912810UB2,TSRYS5810883,D,S,C,2024-07-15,1000000.00,4.544046,101.044921875
08:01:28,912810UB2,TSRYS5810883,D,S,T,2024-07-15,1000000.00,4.540312,101.09375
08:01:29,912810UB2,TSRYS5810883,D,S,T,2024-07-15,1000000.00,4.540312,101.09375
08:01:30,912810UB2,TSRYS5810883,D,S,T,2024-07-15,1000000.00,4.540312,101.09375
08:01:30,912810UB2,TSRYS5810883,D,B,C,2024-07-15,1000000.00,4.540312,101.09375
08:01:30,912810UB2,TSRYS5810883,D,S,T,2024-07-15,1000000.00,4.557511,100.869140625
08:01:31,912810UB2,TSRYS5810883,D,S,T,2024-07-15,1000000.00,4.540312,101.09375
08:01:31,912810UB2,TSRYS5810883,D,S,T,2024-07-15,1000000.00,4.540312,101.09375
08:01:31,912810UB2,TSRYS5810883,D,B,C,2024-07-15,1000000.00,4.540162,101.09570312
08:01:31,912810UB2,TSRYS5810883,D,B,C,2024-07-15,1000000.00,4.540162,101.09570312
08:01:32,912810UB2,TSRYS5810883,D,B,A,2024-07-15,1000000.00,4.558271,100.859223
08:01:32,912810UB2,TSRYS5810883,D,S,T,2024-07-15,1000000.00,4.558271,100.859223
08:01:32,912810UB2,TSRYS5810883,D,S,T,2024-07-15,1000000.00,4.558271,100.859223
08:01:32,912810UB2,TSRYS5810883,D,B,A,2024-07-15,1000000.00,4.558271,100.859223
08:01:32,912810UB2,TSRYS5810883,D,S,T,2024-07-15,1000000.00,4.558271,100.859223
08:01:32,912810UB2,TSRYS5810883,D,B,A,2024-07-15,1000000.00,4.558271,100.859223
08:01:32,912810UB2,TSRYS5810883,D,S,T,2024-07-15,1000000.00,4.558271,100.859223
08:01:32,912810UB2,TSRYS5810883,D,B,A,2024-07-15,1000000.00,4.558271,100.859223
08:01:32,912810UB2,TSRYS5810883,D,B,A,2024-07-15,1000000.00,4.558271,100.859223
08:01:32,912810UB2,TSRYS5810883,D,S,T,2024-07-15,1000000.00,4.558271,100.859223
08:01:32,912810UB2,TSRYS5810883,D,B,A,2024-07-15,1000000.00,4.561868,100.812348
08:01:32,912810UB2,TSRYS5810883,D,S,T,2024-07-15,1000000.00,4.561868,100.812348
08:01:32,912810UB2,TSRYS5810883,D,B,A,2024-07-15,1000000.00,4.561868,100.81235
08:01:32,912810UB2,TSRYS5810883,D,S,T,2024-07-15,1000000.00,4.561868,100.81235
08:01:32,912810UB2,TSRYS5810883,D,S,T,2024-07-15,1000000.00,4.561868,100.812348
08:01:32,912810UB2,TSRYS5810883,D,B,A,2024-07-15,1000000.00,4.561868,100.812348
08:01:32,912810UB2,TSRYS5810883,D,B,C,2024-07-15,20000000.00,4.563355,100.79296875
08:01:32,912810UB2,TSRYS5810883,D,B,A,2024-07-15,5000000.00,4.567855,100.734375
08:01:32,912810UB2,TSRYS5810883,D,S,D,2024-07-15,5000000.00,4.567855,100.734375
08:01:32,912810UB2,TSRYS5810883,D,S,T,2024-07-15,1000000.00,4.567866,100.734225
08:01:32,912810UB2,TSRYS5810883,D,B,A,2024-07-15,1000000.00,4.567866,100.734225
08:01:32,912810UB2,TSRYS5810883,D,S,T,2024-07-15,1000000.00,4.567866,100.734225
08:01:32,912810UB2,TSRYS5810883,D,B,A,2024-07-15,1000000.00,4.567866,100.734225
08:01:32,912810UB2,TSRYS5810883,D,B,A,2024-07-15,1000000.00,4.567866,100.734223
08:01:32,912810UB2,TSRYS5810883,D,S,T,2024-07-15,1000000.00,4.567866,100.734223
08:01:32,912810UB2,TSRYS5810883,D,S,T,2024-07-15,1000000.00,4.567855,100.734375
08:01:32,912810UB2,TSRYS5810883,D,B,A,2024-07-15,1000000.00,4.567855,100.734375
08:01:32,912810UB2,TSRYS5810883,D,S,T,2024-07-15,1000000.00,4.567866,100.734223
08:01:32,912810UB2,TSRYS5810883,D,B,A,2024-07-15,1000000.00,4.567866,100.734223
08:01:34,912810UB2,TSRYS5810883,D,S,T,2024-07-15,1000000.00,4.548681,100.984375
08:01:35,912810UB2,TSRYS5810883,D,B,C,2024-07-15,1000000.00,4.538072,101.12304687
08:01:37,912810UB2,TSRYS5810883,D,S,D,2024-07-15,1000000.00,4.540013,101.09765625
08:01:37,912810UB2,TSRYS5810883,D,B,C,2024-07-15,1000000.00,4.540013,101.09765625
08:01:37,912810UB2,TSRYS5810883,D,S,D,2024-07-15,1000000.00,4.540013,101.09765625
08:01:37,912810UB2,TSRYS5810883,D,S,C,2024-07-15,1000000.00,4.569956,100.70703125
08:01:38,912810UB2,TSRYS5810883,D,B,C,2024-07-15,1000000.00,4.538072,101.12304687
08:01:38,912810UB2,TSRYS5810883,D,S,T,2024-07-15,1000000.00,4.540312,101.09375
08:01:38,912810UB2,TSRYS5810883,D,S,C,2024-07-15,1000000.00,4.572057,100.6796875
08:01:38,912810UB2,TSRYS5810883,D,S,D,2024-07-15,3000000.00,4.572658,100.671875
08:01:39,912810UB2,TSRYS5810883,D,S,T,2024-07-15,1000000.00,4.548681,100.984375
08:01:39,912810UB2,TSRYS5810883,D,S,D,2024-07-15,1000000.00,4.576864,100.6171875
08:01:39,912810UB2,TSRYS5810883,D,B,C,2024-07-15,1000000.00,4.576864,100.6171875
08:01:39,912810UB2,TSRYS5810883,D,B,C,2024-07-15,1000000.00,4.578968,100.58984375
08:01:39,912810UB2,TSRYS5810883,D,B,C,2024-07-15,1000000.00,4.578968,100.58984375
08:01:39,912810UB2,TSRYS5810883,D,B,C,2024-07-15,1000000.00,4.578968,100.58984375
08:01:39,912810UB2,TSRYS5810883,D,S,D,2024-07-15,1000000.00,4.578968,100.58984375
08:01:39,912810UB2,TSRYS5810883,D,S,D,2024-07-15,1000000.00,4.578968,100.58984375
08:01:39,912810UB2,TSRYS5810883,D,S,D,2024-07-15,1000000.00,4.578968,100.58984375
08:01:40,912810UB2,TSRYS5810883,D,S,T,2024-07-15,1000000.00,4.540312,101.09375
08:01:40,912810UB2,TSRYS5810883,D,S,T,2024-07-15,1000000.00,4.542702,101.0625
08:01:41,912810UB2,TSRYS5810883,D,S,C,2024-07-15,3625000.00,4.54061,101.08984375
08:01:41,912810UB2,TSRYS5810883,D,S,T,2024-07-15,1000000.00,4.542702,101.0625
08:01:41,912810UB2,TSRYS5810883,D,S,T,2024-07-15,1000000.00,4.542702,101.0625
08:01:41,912810UB2,TSRYS5810883,D,S,T,2024-07-15,1000000.00,4.547484,101.0
08:01:41,912810UB2,TSRYS5810883,D,S,T,2024-07-15,1000000.00,4.540312,101.09375
08:01:41,912810UB2,TSRYS5810883,D,S,T,2024-07-15,1000000.00,4.540312,101.09375
08:01:41,912810UB2,TSRYS5810883,D,S,T,2024-07-15,1000000.00,4.540312,101.09375
08:01:42,912810UB2,TSRYS5810883,D,S,T,2024-07-15,1000000.00,4.540312,101.09375
08:01:43,912810UB2,TSRYS5810883,D,S,T,2024-07-15,1000000.00,4.541506,101.078125
08:01:44,912810UB2,TSRYS5810883,D,S,C,2024-07-15,2000000.00,4.560657,100.828125
08:01:44,912810UB2,TSRYS5810883,D,B,C,2024-07-15,1000000.00,4.542702,101.0625
08:01:44,912810UB2,TSRYS5810883,D,S,D,2024-07-15,1000000.00,4.542702,101.0625
08:01:44,912810UB2,TSRYS5810883,D,S,T,2024-07-15,1000000.00,4.560657,100.828125
08:01:44,912810UB2,TSRYS5810883,D,S,T,2024-07-15,1000000.00,4.555864,100.890625
08:01:45,912810UB2,TSRYS5810883,D,B,C,2024-07-15,1000000.00,4.542104,101.0703125
08:01:45,912810UB2,TSRYS5810883,D,S,D,2024-07-15,1000000.00,4.542104,101.0703125
08:01:46,912810UB2,TSRYS5810883,D,S,D,2024-07-15,1000000.00,4.540312,101.09375
08:01:46,912810UB2,TSRYS5810883,D,S,D,2024-07-15,1000000.00,4.540312,101.09375
08:01:47,912810UB2,TSRYS5810883,D,S,T,2024-07-15,1000000.00,4.542702,101.0625
08:01:47,912810UB2,TSRYS5810883,D,S,A,2024-07-15,1000000.00,4.555864,100.890625
08:01:47,912810UB2,TSRYS5810883,D,S,A,2024-07-15,1000000.00,4.556762,100.87890625
08:01:48,912810UB2,TSRYS5810883,D,S,T,2024-07-15,1000000.00,4.540312,101.09375
08:01:48,912810UB2,TSRYS5810883,D,S,T,2024-07-15,1000000.00,4.540312,101.09375
08:01:49,912810UB2,TSRYS5810883,D,S,T,2024-07-15,1000000.00,4.543897,101.046875
08:01:51,912810UB2,TSRYS5810883,D,S,T,2024-07-15,1000000.00,4.540312,101.09375
08:01:51,912810UB2,TSRYS5810883,D,S,T,2024-07-15,1000000.00,4.573877,100.656023
08:01:52,912810UB2,TSRYS5810883,D,S,D,2024-07-15,1000000.00,4.540013,101.09765625
08:01:52,912810UB2,TSRYS5810883,D,S,T,2024-07-15,1000000.00,4.563055,100.796875
08:01:53,912810UB2,TSRYS5810883,D,S,D,2024-07-15,1000000.00,4.540312,101.09375
08:01:53,912810UB2,TSRYS5810883,D,B,C,2024-07-15,1000000.00,4.540312,101.09375
08:01:54,912810UB2,TSRYS5810883,D,S,A,2024-07-15,1700000.00,4.534938,101.1640625
08:01:55,912810UB2,TSRYS5810883,D,S,T,2024-07-15,1000000.00,4.555864,100.890625
08:01:55,912810UB2,TSRYS5810883,D,B,A,2024-07-15,1000000.00,4.550176,100.96484375
08:01:55,912810UB2,TSRYS5810883,D,B,A,2024-07-15,20000000.00,4.540312,101.09375
08:01:55,912810UB2,TSRYS5810883,D,B,A,2024-07-15,1000000.00,4.549578,100.97265625
08:01:55,912810UB2,TSRYS5810883,D,S,D,2024-07-15,85000.00,4.577434,100.609775
08:01:56,912810UB2,TSRYS5810883,D,S,T,2024-07-15,1000000.00,4.537923,101.125
08:01:56,912810UB2,TSRYS5810883,D,S,T,2024-07-15,1000000.00,4.560657,100.828125
08:01:56,912810UB2,TSRYS5810883,D,S,T,2024-07-15,1000000.00,4.543897,101.046875
08:01:56,912810UB2,TSRYS5810883,D,S,T,2024-07-15,1000000.00,4.563055,100.796875
08:01:56,912810UB2,TSRYS5810883,D,S,T,2024-07-15,1000000.00,4.563055,100.796875
08:01:57,912810UB2,TSRYS5810883,D,S,T,2024-07-15,1000000.00,4.539117,101.109375
08:01:57,912810UB2,TSRYS5810883,D,B,C,2024-07-15,2000000.00,4.556463,100.8828125
08:01:58,912810UB2,TSRYS5810883,D,S,T,2024-07-15,1000000.00,4.563055,100.796875
08:01:58,912810UB2,TSRYS5810883,D,S,T,2024-07-15,1000000.00,4.563055,100.796875
08:01:58,912810UB2,TSRYS5810883,D,B,C,2024-07-15,1000000.00,4.558709,100.85351562
08:01:58,912810UB2,TSRYS5810883,D,S,A,2024-07-15,1000000.00,4.540013,101.09765625
08:01:59,912810UB2,TSRYS5810883,D,S,T,2024-07-15,1000000.00,4.541506,101.078125
08:01:59,912810UB2,TSRYS5810883,D,S,T,2024-07-15,1000000.00,4.555864,100.890625
08:02:00,912810UB2,TSRYS5810883,D,S,T,2024-07-15,1000000.00,4.563055,100.796875
08:02:00,912810UB2,TSRYS5810883,D,S,T,2024-07-15,1000000.00,4.563055,100.796875
08:02:00,912810UB2,TSRYS5810883,D,S,T,2024-07-15,1000000.00,4.563055,100.796875
08:02:01,912810UB2,TSRYS5810883,D,S,T,2024-07-15,1000000.00,4.539117,101.109375
08:02:01,912810UB2,TSRYS5810883,D,S,T,2024-07-15,1000000.00,4.55826,100.859375
08:02:02,912810UB2,TSRYS5810883,D,B,C,2024-07-15,29720000.00,4.575362,100.63671875
08:02:03,912810UB2,TSRYS5810883,D,S,T,2024-07-15,1000000.00,4.560657,100.828125
08:02:03,912810UB2,TSRYS5810883,D,S,D,2024-07-15,200000.00,4.557062,100.875
08:02:04,912810UB2,TSRYS5810883,D,S,D,2024-07-15,1000000.00,4.555848,100.890825
08:02:04,912810UB2,TSRYS5810883,D,B,C,2024-07-15,1000000.00,4.555879,100.890425
08:02:04,912810UB2,TSRYS5810883,D,B,C,2024-07-15,1000000.00,4.557077,100.8748
08:02:04,912810UB2,TSRYS5810883,D,S,D,2024-07-15,1000000.00,4.557046,100.8752
08:02:04,912810UB2,TSRYS5810883,D,S,D,2024-07-15,1000000.00,4.557046,100.8752
08:02:04,912810UB2,TSRYS5810883,D,S,C,2024-07-15,1000000.00,4.560644,100.8283
08:02:04,912810UB2,TSRYS5810883,D,B,C,2024-07-15,1000000.00,4.557062,100.875
08:02:04,912810UB2,TSRYS5810883,D,S,D,2024-07-15,1000000.00,4.557046,100.8752
08:02:04,912810UB2,TSRYS5810883,D,B,C,2024-07-15,1000000.00,4.560657,100.828125
08:02:04,912810UB2,TSRYS5810883,D,B,C,2024-07-15,1000000.00,4.557077,100.8748
08:02:04,912810UB2,TSRYS5810883,D,S,D,2024-07-15,1000000.00,4.557046,100.8752
08:02:04,912810UB2,TSRYS5810883,D,S,D,2024-07-15,1000000.00,4.557046,100.8752
08:02:04,912810UB2,TSRYS5810883,D,B,C,2024-07-15,1000000.00,4.557075,100.874825
08:02:04,912810UB2,TSRYS5810883,D,S,D,2024-07-15,1000000.00,4.557046,100.8752
08:02:04,912810UB2,TSRYS5810883,D,B,C,2024-07-15,1000000.00,4.557075,100.874825
08:02:05,912810UB2,TSRYS5810883,D,S,D,2024-07-15,1000000.00,4.557046,100.8752
08:02:05,912810UB2,TSRYS5810883,D,S,D,2024-07-15,1000000.00,4.557046,100.8752
08:02:07,912810UB2,TSRYS5810883,D,S,D,2024-07-15,1000000.00,4.542552,101.064453125
08:02:08,912810UB2,TSRYS5810883,D,S,D,2024-07-15,1000000.00,4.542851,101.060546875
08:02:08,912810UB2,TSRYS5810883,D,B,C,2024-07-15,1000000.00,4.542851,101.060546875
08:02:08,912810UB2,TSRYS5810883,D,S,D,2024-07-15,1000000.00,4.542104,101.0703125
08:02:08,912810UB2,TSRYS5810883,D,S,T,2024-07-15,1000000.00,4.560657,100.828125
08:02:09,912810UB2,TSRYS5810883,D,S,C,2024-07-15,2000000.00,4.559458,100.84375
08:02:09,912810UB2,TSRYS5810883,D,S,D,2024-07-15,1000000.00,4.559458,100.84375
08:02:09,912810UB2,TSRYS5810883,D,S,C,2024-07-15,1000000.00,4.557062,100.875
08:02:09,912810UB2,TSRYS5810883,D,B,C,2024-07-15,1000000.00,4.557062,100.875
08:02:12,912810UB2,TSRYS5810883,D,S,T,2024-07-15,1000000.00,4.563055,100.796875
08:02:12,912810UB2,TSRYS5810883,D,S,A,2024-07-15,5000.00,4.567883,100.834
08:02:13,912810UB2,TSRYS5810883,D,S,T,2024-07-15,1000000.00,4.563055,100.796875
08:02:13,912810UB2,TSRYS5810883,D,S,T,2024-07-15,1000000.00,4.563055,100.796875
08:02:14,912810UB2,TSRYS5810883,D,S,T,2024-07-15,1000000.00,4.563055,100.796875
08:02:14,912810UB2,TSRYS5810883,D,S,T,2024-07-15,1000000.00,4.563055,100.796875
08:02:14,912810UB2,TSRYS5810883,D,S,T,2024-07-15,1000000.00,4.563055,100.796875
08:02:14,912810UB2,TSRYS5810883,D,S,T,2024-07-15,1000000.00,4.563055,100.796875
08:02:14,912810UB2,TSRYS5810883,D,S,T,2024-07-15,1000000.00,4.563055,100.796875
08:02:15,912810UB2,TSRYS5810883,D,S,D,2024-07-15,1000000.00,4.55781,100.86523437
08:02:15,912810UB2,TSRYS5810883,D,S,D,2024-07-15,1000000.00,4.55781,100.86523437
08:02:15,912810UB2,TSRYS5810883,D,S,D,2024-07-15,1000000.00,4.557211,100.87304687
08:02:15,912810UB2,TSRYS5810883,D,S,C,2024-07-15,2000000.00,4.557211,100.87304687
08:02:15,912810UB2,TSRYS5810883,D,B,A,2024-07-15,1000000.00,4.539117,101.109375
08:02:15,912810UB2,TSRYS5810883,D,S,T,2024-07-15,1000000.00,4.556612,100.88085937
08:02:15,912810UB2,TSRYS5810883,D,S,T,2024-07-15,1000000.00,4.556612,100.88085937
08:02:15,912810UB2,TSRYS5810883,D,S,T,2024-07-15,1000000.00,4.563055,100.796875
08:02:15,912810UB2,TSRYS5810883,D,S,T,2024-07-15,1000000.00,4.556762,100.87890625
08:02:16,912810UB2,TSRYS5810883,D,S,T,2024-07-15,1000000.00,4.557062,100.875
08:02:16,912810UB2,TSRYS5810883,D,S,C,2024-07-15,1000000.00,4.557062,100.875
08:02:16,912810UB2,TSRYS5810883,D,S,T,2024-07-15,1000000.00,4.573859,100.65625
08:02:16,912810UB2,TSRYS5810883,D,B,C,2024-07-15,5000000.00,4.571757,100.68359375
08:02:16,912810UB2,TSRYS5810883,D,S,D,2024-07-15,2000000.00,4.557211,100.87304687
08:02:16,912810UB2,TSRYS5810883,D,S,T,2024-07-15,1000000.00,4.578668,100.59375
08:02:16,912810UB2,TSRYS5810883,D,S,T,2024-07-15,1000000.00,4.55826,100.859375
08:02:16,912810UB2,TSRYS5810883,D,S,T,2024-07-15,1000000.00,4.559009,100.84960937
08:02:16,912810UB2,TSRYS5810883,D,S,T,2024-07-15,1000000.00,4.559009,100.84960937
08:02:17,912810UB2,TSRYS5810883,D,B,C,2024-07-15,15000000.00,4.557544,100.86871
08:02:18,912810UB2,TSRYS5810883,D,S,D,2024-07-15,1000000.00,4.560507,100.83007812
08:02:18,912810UB2,TSRYS5810883,D,B,C,2024-07-15,1000000.00,4.560545,100.82958
08:02:18,912810UB2,TSRYS5810883,D,S,T,2024-07-15,1000000.00,4.543907,101.046745
08:02:19,912810UB2,TSRYS5810883,D,B,C,2024-07-15,1000000.00,4.564855,100.7734375
08:02:19,912810UB2,TSRYS5810883,D,S,A,2024-07-15,230000.00,4.541208,101.08203125
08:02:19,912810UB2,TSRYS5810883,D,S,D,2024-07-15,1000000.00,4.564705,100.77539062
08:02:19,912810UB2,TSRYS5810883,D,S,D,2024-07-15,175000.00,4.536728,101.140625
08:02:19,912810UB2,TSRYS5810883,D,S,D,2024-07-15,1000000.00,4.564705,100.77539062
08:02:19,912810UB2,TSRYS5810883,D,S,D,2024-07-15,1000000.00,4.566654,100.75
08:02:19,912810UB2,TSRYS5810883,D,S,C,2024-07-15,1000000.00,4.566654,100.75
08:02:19,912810UB2,TSRYS5810883,D,S,T,2024-07-15,1000000.00,4.566654,100.75
08:02:22,912810UB2,TSRYS5810883,D,S,D,2024-07-15,205000.00,4.537027,101.13671875
08:02:22,912810UB2,TSRYS5810883,D,S,D,2024-07-15,115000.00,4.537624,101.12890625
08:02:22,912810UB2,TSRYS5810883,D,S,D,2024-07-15,100000.00,4.540312,101.09375
08:02:23,912810UB2,TSRYS5810883,D,B,C,2024-07-15,8000000.00,4.556492,100.882433
08:02:23,912810UB2,TSRYS5810883,D,S,D,2024-07-15,250000.00,4.561556,100.81640625
08:02:23,912810UB2,TSRYS5810883,D,S,T,2024-07-15,2000000.00,4.564705,100.775390625
08:02:23,912810UB2,TSRYS5810883,D,S,T,2024-07-15,2000000.00,4.564705,100.775390625
08:02:23,912810UB2,TSRYS5810883,D,S,T,2024-07-15,1000000.00,4.566654,100.75
08:02:23,912810UB2,TSRYS5810883,D,S,T,2024-07-15,1000000.00,4.566654,100.75
08:02:23,912810UB2,TSRYS5810883,D,S,T,2024-07-15,1000000.00,4.566654,100.75
08:02:23,912810UB2,TSRYS5810883,D,S,T,2024-07-15,2000000.00,4.566654,100.75
08:02:23,912810UB2,TSRYS5810883,D,S,T,2024-07-15,1000000.00,4.566654,100.75
08:02:23,912810UB2,TSRYS5810883,D,S,T,2024-07-15,2000000.00,4.566654,100.75
08:02:23,912810UB2,TSRYS5810883,D,S,T,2024-07-15,2000000.00,4.569355,100.71484375
08:02:23,912810UB2,TSRYS5810883,D,S,T,2024-07-15,1000000.00,4.570556,100.69921875
08:02:23,912810UB2,TSRYS5810883,D,S,T,2024-07-15,2000000.00,4.570556,100.69921875
08:02:23,912810UB2,TSRYS5810883,D,S,T,2024-07-15,1000000.00,4.573108,100.666015625
08:02:23,912810UB2,TSRYS5810883,D,S,T,2024-07-15,1000000.00,4.577465,100.609375
08:02:23,912810UB2,TSRYS5810883,D,S,T,2024-07-15,2000000.00,4.581224,100.560546875
08:02:23,912810UB2,TSRYS5810883,D,S,T,2024-07-15,1000000.00,4.580021,100.576171875
08:02:23,912810UB2,TSRYS5810883,D,S,T,2024-07-15,1000000.00,4.57987,100.578125
08:02:23,912810UB2,TSRYS5810883,D,S,T,2024-07-15,1000000.00,4.579269,100.5859375
08:02:23,912810UB2,TSRYS5810883,D,S,T,2024-07-15,1000000.00,4.577465,100.609375
08:02:23,912810UB2,TSRYS5810883,D,S,T,2024-07-15,1000000.00,4.577465,100.609375
08:02:23,912810UB2,TSRYS5810883,D,S,T,2024-07-15,1000000.00,4.577465,100.609375
08:02:23,912810UB2,TSRYS5810883,D,S,D,2024-07-15,1000000.00,4.570556,100.69921875
08:02:24,912810UB2,TSRYS5810883,D,S,T,2024-07-15,1000000.00,4.560507,100.830078125
08:02:25,912810UB2,TSRYS5810883,D,S,D,2024-07-15,1000000.00,4.557062,100.875
08:02:25,912810UB2,TSRYS5810883,D,S,C,2024-07-15,1000000.00,4.557062,100.875
08:02:25,912810UB2,TSRYS5810883,D,S,C,2024-07-15,1000000.00,4.557062,100.875
08:02:25,912810UB2,TSRYS5810883,D,S,C,2024-07-15,1000000.00,4.557062,100.875
08:02:25,912810UB2,TSRYS5810883,D,S,C,2024-07-15,1000000.00,4.557062,100.875
08:02:25,912810UB2,TSRYS5810883,D,S,C,2024-07-15,1000000.00,4.577766,100.60546875
08:02:25,912810UB2,TSRYS5810883,D,S,C,2024-07-15,1000000.00,4.554666,100.90625
08:02:25,912810UB2,TSRYS5810883,D,S,C,2024-07-15,1000000.00,4.548082,100.9921875
08:02:25,912810UB2,TSRYS5810883,D,B,C,2024-07-15,1000000.00,4.548082,100.9921875
08:02:25,912810UB2,TSRYS5810883,D,S,D,2024-07-15,1000000.00,4.553458,100.922005
08:02:25,912810UB2,TSRYS5810883,D,B,C,2024-07-15,1000000.00,4.553468,100.921875
08:02:27,912810UB2,TSRYS5810883,D,S,C,2024-07-15,1000000.00,4.554654,100.906402
08:02:27,912810UB2,TSRYS5810883,D,B,C,2024-07-15,1000000.00,4.554666,100.90625
08:02:28,912810UB2,TSRYS5810883,D,S,C,2024-07-15,1000000.00,4.552271,100.9375
08:02:28,912810UB2,TSRYS5810883,D,S,C,2024-07-15,1000000.00,4.552271,100.9375
08:02:29,912810UB2,TSRYS5810883,D,B,C,2024-07-15,1000000.00,4.575061,100.640625
08:02:30,912810UB2,TSRYS5810883,D,S,C,2024-07-15,1000000.00,4.548681,100.984375
08:02:30,912810UB2,TSRYS5810883,D,S,D,2024-07-15,1000000.00,4.548681,100.984375
08:02:30,912810UB2,TSRYS5810883,D,B,C,2024-07-15,1000000.00,4.547484,101.0
08:02:30,912810UB2,TSRYS5810883,D,S,D,2024-07-15,1000000.00,4.547473,101.00015
08:02:30,912810UB2,TSRYS5810883,D,S,D,2024-07-15,1000000.00,4.547473,101.00015
08:02:30,912810UB2,TSRYS5810883,D,S,D,2024-07-15,1000000.00,4.547473,101.00015
08:02:30,912810UB2,TSRYS5810883,D,B,C,2024-07-15,1000000.00,4.547484,101.0
08:02:30,912810UB2,TSRYS5810883,D,B,C,2024-07-15,1000000.00,4.5475,100.9998
08:02:30,912810UB2,TSRYS5810883,D,B,C,2024-07-15,1000000.00,4.547484,101.0
08:02:30,912810UB2,TSRYS5810883,D,B,C,2024-07-15,1000000.00,4.547484,101.0
08:02:30,912810UB2,TSRYS5810883,D,S,D,2024-07-15,1000000.00,4.547473,101.00015
08:02:30,912810UB2,TSRYS5810883,D,B,C,2024-07-15,1000000.00,4.547484,101.0
08:02:30,912810UB2,TSRYS5810883,D,S,D,2024-07-15,1000000.00,4.547473,101.00015
08:02:30,912810UB2,TSRYS5810883,D,B,C,2024-07-15,1000000.00,4.547484,101.0
08:02:31,912810UB2,TSRYS5810883,D,S,D,2024-07-15,1000000.00,4.547473,101.00015
08:02:31,912810UB2,TSRYS5810883,D,B,C,2024-07-15,1000000.00,4.547484,101.0
08:02:31,912810UB2,TSRYS5810883,D,S,D,2024-07-15,1000000.00,4.547473,101.00015
08:02:31,912810UB2,TSRYS5810883,D,S,D,2024-07-15,1000000.00,4.547473,101.00015
08:02:31,912810UB2,TSRYS5810883,D,S,D,2024-07-15,1000000.00,4.547473,101.00015
08:02:31,912810UB2,TSRYS5810883,D,S,D,2024-07-15,1000000.00,4.575812,100.63085937
08:02:31,912810UB2,TSRYS5810883,D,S,D,2024-07-15,1000000.00,4.547473,101.00015
08:02:31,912810UB2,TSRYS5810883,D,B,C,2024-07-15,1000000.00,4.547484,101.0
08:02:31,912810UB2,TSRYS5810883,D,S,D,2024-07-15,1000000.00,4.547473,101.00015
08:02:31,912810UB2,TSRYS5810883,D,B,C,2024-07-15,1000000.00,4.547484,101.0
08:02:31,912810UB2,TSRYS5810883,D,S,D,2024-07-15,1000000.00,4.547473,101.00015
08:02:31,912810UB2,TSRYS5810883,D,B,C,2024-07-15,1000000.00,4.5475,100.9998
08:02:31,912810UB2,TSRYS5810883,D,S,D,2024-07-15,1000000.00,4.575962,100.62890625
08:02:31,912810UB2,TSRYS5810883,D,S,D,2024-07-15,1000000.00,4.547473,101.00015
08:02:31,912810UB2,TSRYS5810883,D,B,C,2024-07-15,1000000.00,4.547484,101.0
08:02:31,912810UB2,TSRYS5810883,D,S,D,2024-07-15,1000000.00,4.547473,101.00015
08:02:31,912810UB2,TSRYS5810883,D,S,D,2024-07-15,1000000.00,4.575512,100.63476562
08:02:31,912810UB2,TSRYS5810883,D,S,C,2024-07-15,1000000.00,4.575962,100.62890625
08:02:31,912810UB2,TSRYS5810883,D,S,D,2024-07-15,1000000.00,4.577766,100.60546875
08:02:31,912810UB2,TSRYS5810883,D,S,C,2024-07-15,1000000.00,4.575962,100.62890625
08:02:31,912810UB2,TSRYS5810883,D,S,D,2024-07-15,1000000.00,4.576113,100.62695312
08:02:31,912810UB2,TSRYS5810883,D,S,T,2024-07-15,1000000.00,4.578217,100.59960937
08:02:31,912810UB2,TSRYS5810883,D,S,D,2024-07-15,1000000.00,4.578217,100.59960937
08:02:31,912810UB2,TSRYS5810883,D,S,D,2024-07-15,1000000.00,4.576113,100.62695312
08:02:31,912810UB2,TSRYS5810883,D,S,D,2024-07-15,1000000.00,4.576113,100.62695312
08:02:31,912810UB2,TSRYS5810883,D,S,T,2024-07-15,1000000.00,4.576113,100.62695312
08:02:31,912810UB2,TSRYS5810883,D,S,D,2024-07-15,1000000.00,4.576113,100.62695312
08:02:31,912810UB2,TSRYS5810883,D,S,D,2024-07-15,1000000.00,4.577766,100.60546875
08:02:32,912810UB2,TSRYS5810883,D,S,D,2024-07-15,1000000.00,4.57972,100.58007812
08:02:32,912810UB2,TSRYS5810883,D,S,D,2024-07-15,1000000.00,4.57972,100.58007812
08:02:32,912810UB2,TSRYS5810883,D,S,D,2024-07-15,1000000.00,4.577766,100.60546875
08:02:32,912810UB2,TSRYS5810883,D,S,T,2024-07-15,1000000.00,4.57972,100.58007812
08:02:32,912810UB2,TSRYS5810883,D,S,D,2024-07-15,2000000.00,4.57972,100.58007812
08:02:33,912810UB2,TSRYS5810883,D,S,C,2024-07-15,1000000.00,4.57957,100.58203125
08:02:33,912810UB2,TSRYS5810883,D,S,D,2024-07-15,1000000.00,4.57972,100.58007812
08:02:33,912810UB2,TSRYS5810883,D,S,D,2024-07-15,1000000.00,4.57972,100.58007812
08:02:33,912810UB2,TSRYS5810883,D,S,D,2024-07-15,1000000.00,4.57972,100.58007812
08:02:33,912810UB2,TSRYS5810883,D,S,D,2024-07-15,1000000.00,4.57972,100.58007812
08:02:33,912810UB2,TSRYS5810883,D,S,D,2024-07-15,1000000.00,4.57972,100.58007812
08:02:33,912810UB2,TSRYS5810883,D,S,D,2024-07-15,1000000.00,4.57972,100.58007812
08:02:33,912810UB2,TSRYS5810883,D,S,C,2024-07-15,1000000.00,4.548681,100.984375
08:02:33,912810UB2,TSRYS5810883,D,S,D,2024-07-15,1000000.00,4.57972,100.58007812
08:02:33,912810UB2,TSRYS5810883,D,S,D,2024-07-15,1000000.00,4.57972,100.58007812
08:02:33,912810UB2,TSRYS5810883,D,S,C,2024-07-15,50MM+,4.549976,100.96746
08:02:34,912810UB2,TSRYS5810883,D,S,C,2024-07-15,50000000.00,4.549976,100.96746
08:02:34,912810UB2,TSRYS5810883,D,S,D,2024-07-15,1000000.00,4.57972,100.58007812
08:02:34,912810UB2,TSRYS5810883,D,S,D,2024-07-15,2000000.00,4.581675,100.5546875
08:02:34,912810UB2,TSRYS5810883,D,S,D,2024-07-15,1000000.00,4.57972,100.58007812
08:02:34,912810UB2,TSRYS5810883,D,S,D,2024-07-15,1000000.00,4.581524,100.55664062
08:02:34,912810UB2,TSRYS5810883,D,S,D,2024-07-15,1000000.00,4.581524,100.55664062
08:02:34,912810UB2,TSRYS5810883,D,S,D,2024-07-15,1000000.00,4.581524,100.55664062
08:02:34,912810UB2,TSRYS5810883,D,S,D,2024-07-15,1000000.00,4.57972,100.58007812
08:02:34,912810UB2,TSRYS5810883,D,S,D,2024-07-15,1000000.00,4.57972,100.58007812
08:02:34,912810UB2,TSRYS5810883,D,S,C,2024-07-15,1000000.00,4.577766,100.60546875
08:02:34,912810UB2,TSRYS5810883,D,S,C,2024-07-15,1000000.00,4.577766,100.60546875
08:02:34,912810UB2,TSRYS5810883,D,S,T,2024-07-15,1000000.00,4.577766,100.60546875
08:02:34,912810UB2,TSRYS5810883,D,S,C,2024-07-15,1000000.00,4.577766,100.60546875
08:02:36,912810UB2,TSRYS5810883,D,S,T,2024-07-15,1000000.00,4.537923,101.125
08:02:36,912810UB2,TSRYS5810883,D,S,T,2024-07-15,1000000.00,4.537923,101.125
08:02:36,912810UB2,TSRYS5810883,D,S,T,2024-07-15,1000000.00,4.537773,101.126953125
08:02:37,912810UB2,TSRYS5810883,D,S,T,2024-07-15,1000000.00,4.537932,101.124875
08:02:37,912810UB2,TSRYS5810883,D,S,T,2024-07-15,2000000.00,4.537783,101.126828125
08:02:37,912810UB2,TSRYS5810883,D,S,T,2024-07-15,1000000.00,4.537932,101.124875
08:02:37,912810UB2,TSRYS5810883,D,S,T,2024-07-15,1000000.00,4.537932,101.124875
08:02:37,912810UB2,TSRYS5810883,D,S,T,2024-07-15,2000000.00,4.537923,101.125
08:02:38,912810UB2,TSRYS5810883,D,B,A,2024-07-15,2197800.00,4.536728,101.140625
08:02:38,912810UB2,TSRYS5810883,D,S,T,2024-07-15,1000000.00,4.536728,101.140625
08:02:40,912810UB2,TSRYS5810883,D,B,C,2024-07-15,1000000.00,4.536728,101.140625
08:02:40,912810UB2,TSRYS5810883,D,S,C,2024-07-15,1000000.00,4.536728,101.140625
08:02:41,912810UB2,TSRYS5810883,D,S,A,2024-07-15,2000000.00,4.53643,101.14453125
08:02:41,912810UB2,TSRYS5810883,D,B,A,2024-07-15,500000.00,4.537326,101.1328125
08:02:41,912810UB2,TSRYS5810883,D,S,T,2024-07-15,2000000.00,4.536728,101.140625
08:02:41,912810UB2,TSRYS5810883,D,S,T,2024-07-15,1000000.00,4.536728,101.140625
08:02:42,912810UB2,TSRYS5810883,D,S,T,2024-07-15,2000000.00,4.536728,101.140625
08:02:42,912810UB2,TSRYS5810883,D,S,T,2024-07-15,1000000.00,4.536738,101.1405
08:02:42,912810UB2,TSRYS5810883,D,S,C,2024-07-15,1000000.00,4.540312,101.09375
08:02:42,912810UB2,TSRYS5810883,D,S,T,2024-07-15,1000000.00,4.536738,101.1405
08:02:42,912810UB2,TSRYS5810883,D,S,T,2024-07-15,1000000.00,4.536738,101.1405
08:02:42,912810UB2,TSRYS5810883,D,S,D,2024-07-15,1000000.00,4.540312,101.09375
08:02:42,912810UB2,TSRYS5810883,D,S,D,2024-07-15,1000000.00,4.540312,101.09375
08:02:43,912810UB2,TSRYS5810883,D,S,D,2024-07-15,1000000.00,4.540312,101.09375
08:02:43,912810UB2,TSRYS5810883,D,S,C,2024-07-15,1000000.00,4.540312,101.09375
08:02:43,912810UB2,TSRYS5810883,D,S,C,2024-07-15,1000000.00,4.541491,101.078325
08:02:43,912810UB2,TSRYS5810883,D,S,C,2024-07-15,1000000.00,4.541506,101.078125
08:02:43,912810UB2,TSRYS5810883,D,B,C,2024-07-15,1000000.00,4.541518,101.077975
08:02:43,912810UB2,TSRYS5810883,D,B,C,2024-07-15,1000000.00,4.541506,101.078125
08:02:43,912810UB2,TSRYS5810883,D,B,C,2024-07-15,1000000.00,4.541506,101.078125
08:02:43,912810UB2,TSRYS5810883,D,S,C,2024-07-15,1000000.00,4.541506,101.078125
08:02:43,912810UB2,TSRYS5810883,D,B,C,2024-07-15,1000000.00,4.541506,101.078125
08:02:43,912810UB2,TSRYS5810883,D,S,C,2024-07-15,1000000.00,4.541491,101.078325
08:02:43,912810UB2,TSRYS5810883,D,B,C,2024-07-15,1000000.00,4.543897,101.046875
08:02:43,912810UB2,TSRYS5810883,D,B,C,2024-07-15,1000000.00,4.543897,101.046875
08:02:43,912810UB2,TSRYS5810883,D,B,C,2024-07-15,1000000.00,4.545108,101.03105
08:02:43,912810UB2,TSRYS5810883,D,S,C,2024-07-15,1000000.00,4.545079,101.031425
08:02:43,912810UB2,TSRYS5810883,D,B,C,2024-07-15,1750000.00,4.537326,101.1328125
08:02:43,912810UB2,TSRYS5810883,D,S,C,2024-07-15,1000000.00,4.543897,101.046875
08:02:43,912810UB2,TSRYS5810883,D,S,C,2024-07-15,1000000.00,4.543897,101.046875
08:02:44,912810UB2,TSRYS5810883,D,B,C,2024-07-15,1000000.00,4.543897,101.046875
08:02:44,912810UB2,TSRYS5810883,D,B,C,2024-07-15,1000000.00,4.543897,101.046875
08:02:44,912810UB2,TSRYS5810883,D,S,C,2024-07-15,1000000.00,4.543882,101.047075
08:02:44,912810UB2,TSRYS5810883,D,S,C,2024-07-15,1000000.00,4.543897,101.046875
08:02:45,912810UB2,TSRYS5810883,D,S,D,2024-07-15,1000000.00,4.542702,101.0625
08:02:46,912810UB2,TSRYS5810883,D,S,C,2024-07-15,1000000.00,4.542702,101.0625
08:02:46,912810UB2,TSRYS5810883,D,S,C,2024-07-15,1000000.00,4.542702,101.0625
08:02:46,912810UB2,TSRYS5810883,D,S,D,2024-07-15,1000000.00,4.542702,101.0625
08:02:46,912810UB2,TSRYS5810883,D,S,C,2024-07-15,1000000.00,4.540294,101.093975
08:02:47,912810UB2,TSRYS5810883,D,B,C,2024-07-15,1000000.00,4.540312,101.09375
08:02:47,912810UB2,TSRYS5810883,D,S,D,2024-07-15,1000000.00,4.540312,101.09375
08:02:47,912810UB2,TSRYS5810883,D,B,C,2024-07-15,1000000.00,4.540327,101.09355
08:02:47,912810UB2,TSRYS5810883,D,S,C,2024-07-15,1000000.00,4.540312,101.09375
08:02:47,912810UB2,TSRYS5810883,D,S,D,2024-07-15,2000000.00,4.540296,101.09395
08:02:47,912810UB2,TSRYS5810883,D,S,D,2024-07-15,1000000.00,4.540296,101.09395
08:02:47,912810UB2,TSRYS5810883,D,B,C,2024-07-15,1000000.00,4.540312,101.09375
08:02:47,912810UB2,TSRYS5810883,D,S,D,2024-07-15,1000000.00,4.540296,101.09395
08:02:47,912810UB2,TSRYS5810883,D,B,C,2024-07-15,2000000.00,4.540312,101.09375
08:02:48,912810UB2,TSRYS5810883,D,B,C,2024-07-15,1000000.00,4.540312,101.09375
08:02:48,912810UB2,TSRYS5810883,D,S,D,2024-07-15,1000000.00,4.540296,101.09395
08:02:48,912810UB2,TSRYS5810883,D,S,D,2024-07-15,1000000.00,4.540312,101.09375
08:02:48,912810UB2,TSRYS5810883,D,S,D,2024-07-15,1000000.00,4.540312,101.09375
08:02:49,912810UB2,TSRYS5810883,D,S,D,2024-07-15,10000000.00,4.576158,100.62636
08:02:49,912810UB2,TSRYS5810883,D,S,D,2024-07-15,2000000.00,4.578535,100.59547
08:02:49,912810UB2,TSRYS5810883,D,S,C,2024-07-15,1000000.00,4.540312,101.09375
08:02:51,912810UB2,TSRYS5810883,D,S,D,2024-07-15,10000.00,,100.609775
08:02:51,912810UB2,TSRYS5810883,D,S,C,2024-07-15,1000000.00,4.540312,101.09375
08:02:52,912810UB2,TSRYS5810883,D,B,C,2024-07-15,1000000.00,4.540312,101.09375
08:02:52,912810UB2,TSRYS5810883,D,B,C,2024-07-15,1000000.00,4.540312,101.09375
08:02:52,912810UB2,TSRYS5810883,D,S,D,2024-07-15,1000000.00,4.540296,101.09395
08:02:52,912810UB2,TSRYS5810883,D,S,D,2024-07-15,1000000.00,4.540296,101.09395
08:02:52,912810UB2,TSRYS5810883,D,S,D,2024-07-15,1000000.00,4.540296,101.09395
08:02:52,912810UB2,TSRYS5810883,D,S,D,2024-07-15,1000000.00,4.540296,101.09395
08:02:52,912810UB2,TSRYS5810883,D,B,C,2024-07-15,1000000.00,4.540312,101.09375
08:02:52,912810UB2,TSRYS5810883,D,S,D,2024-07-15,1000000.00,4.540296,101.09395
08:02:52,912810UB2,TSRYS5810883,D,B,C,2024-07-15,1000000.00,4.540312,101.09375
08:02:52,912810UB2,TSRYS5810883,D,S,D,2024-07-15,1000000.00,4.540296,101.09395
08:02:52,912810UB2,TSRYS5810883,D,S,D,2024-07-15,1000000.00,4.540296,101.09395
08:02:52,912810UB2,TSRYS5810883,D,S,D,2024-07-15,1000000.00,4.540312,101.09375
08:02:52,912810UB2,TSRYS5810883,D,S,D,2024-07-15,1000000.00,4.540296,101.09395
08:02:52,912810UB2,TSRYS5810883,D,B,C,2024-07-15,1000000.00,4.540312,101.09375
08:02:52,912810UB2,TSRYS5810883,D,S,D,2024-07-15,1000000.00,4.540296,101.09395
08:02:52,912810UB2,TSRYS5810883,D,S,D,2024-07-15,1000000.00,4.540296,101.09395
08:02:52,912810UB2,TSRYS5810883,D,S,D,2024-07-15,1000000.00,4.540296,101.09395
08:02:52,912810UB2,TSRYS5810883,D,B,C,2024-07-15,1000000.00,4.540312,101.09375
08:02:53,912810UB2,TSRYS5810883,D,S,D,2024-07-15,1000000.00,4.540296,101.09395
08:02:53,912810UB2,TSRYS5810883,D,S,D,2024-07-15,48000.00,4.561856,100.8125
08:02:53,912810UB2,TSRYS5810883,D,B,C,2024-07-15,1000000.00,4.540312,101.09375
08:02:53,912810UB2,TSRYS5810883,D,B,C,2024-07-15,1000000.00,4.540312,101.09375
08:02:53,912810UB2,TSRYS5810883,D,S,D,2024-07-15,1000000.00,4.540296,101.09395
08:02:53,912810UB2,TSRYS5810883,D,S,D,2024-07-15,1000000.00,4.539266,101.107421875
08:02:53,912810UB2,TSRYS5810883,D,B,C,2024-07-15,1000000.00,4.539266,101.107421875
08:02:53,912810UB2,TSRYS5810883,D,S,D,2024-07-15,1000000.00,4.539416,101.10546875
08:02:53,912810UB2,TSRYS5810883,D,B,C,2024-07-15,1000000.00,4.539416,101.10546875
08:02:53,912810UB2,TSRYS5810883,D,B,C,2024-07-15,3000000.00,4.539416,101.10546875
08:02:53,912810UB2,TSRYS5810883,D,S,D,2024-07-15,3000000.00,4.539416,101.10546875
08:02:53,912810UB2,TSRYS5810883,D,S,D,2024-07-15,1000000.00,4.540296,101.09395
08:02:53,912810UB2,TSRYS5810883,D,S,C,2024-07-15,1000000.00,4.540312,101.09375
08:02:53,912810UB2,TSRYS5810883,D,B,C,2024-07-15,1000000.00,4.540312,101.09375
08:02:53,912810UB2,TSRYS5810883,D,S,D,2024-07-15,1000000.00,4.540296,101.09395
08:02:53,912810UB2,TSRYS5810883,D,B,C,2024-07-15,1000000.00,4.540312,101.09375
08:02:53,912810UB2,TSRYS5810883,D,S,C,2024-07-15,1000000.00,4.540312,101.09375
08:02:54,912810UB2,TSRYS5810883,D,B,A,2024-07-15,3850000.00,4.574491,100.6480375
08:02:54,912810UB2,TSRYS5810883,D,S,D,2024-07-15,1000000.00,4.539565,101.103515625
08:02:54,912810UB2,TSRYS5810883,D,S,D,2024-07-15,1000000.00,4.539416,101.10546875
08:02:54,912810UB2,TSRYS5810883,D,S,D,2024-07-15,1000000.00,4.539266,101.107421875
08:02:54,912810UB2,TSRYS5810883,D,S,D,2024-07-15,1000000.00,4.540296,101.09395
08:02:54,912810UB2,TSRYS5810883,D,B,C,2024-07-15,1000000.00,4.540312,101.09375
08:02:54,912810UB2,TSRYS5810883,D,S,C,2024-07-15,1000000.00,4.540312,101.09375
08:02:54,912810UB2,TSRYS5810883,D,S,D,2024-07-15,1000000.00,4.540312,101.09375
08:02:55,912810UB2,TSRYS5810883,D,S,D,2024-07-15,1000000.00,4.539117,101.109375
08:02:56,912810UB2,TSRYS5810883,D,B,C,2024-07-15,1000000.00,4.53913,101.1092
08:02:56,912810UB2,TSRYS5810883,D,S,D,2024-07-15,1000000.00,4.539117,101.109375
08:02:58,912810UB2,TSRYS5810883,D,S,D,2024-07-15,1000000.00,4.541496,101.078255
08:02:58,912810UB2,TSRYS5810883,D,B,C,2024-07-15,1000000.00,4.541522,101.077925
08:02:58,912810UB2,TSRYS5810883,D,S,C,2024-07-15,1000000.00,4.543897,101.046875
08:02:59,912810UB2,TSRYS5810883,D,B,A,2024-07-15,2600000.00,4.531656,101.20703125
08:03:00,912810UB2,TSRYS5810883,D,S,D,2024-07-15,5000.00,4.567883,100.734
08:03:00,912810UB2,TSRYS5810883,D,B,C,2024-07-15,1000000.00,4.541506,101.078125
08:03:00,912810UB2,TSRYS5810883,D,S,C,2024-07-15,1000000.00,4.541506,101.078125
08:03:01,912810UB2,TSRYS5810883,D,S,D,2024-07-15,1000000.00,4.540296,101.09395
08:03:01,912810UB2,TSRYS5810883,D,S,D,2024-07-15,1000000.00,4.540296,101.09395
08:03:01,912810UB2,TSRYS5810883,D,B,C,2024-07-15,1000000.00,4.540312,101.09375
08:03:01,912810UB2,TSRYS5810883,D,S,D,2024-07-15,1000000.00,4.540296,101.09395
08:03:01,912810UB2,TSRYS5810883,D,B,C,2024-07-15,1000000.00,4.540312,101.09375
08:03:01,912810UB2,TSRYS5810883,D,S,C,2024-07-15,1000000.00,4.541506,101.078125
08:03:01,912810UB2,TSRYS5810883,D,B,C,2024-07-15,1000000.00,4.541522,101.077925
08:03:01,912810UB2,TSRYS5810883,D,B,C,2024-07-15,1000000.00,4.541522,101.077925
08:03:01,912810UB2,TSRYS5810883,D,S,C,2024-07-15,1000000.00,4.541506,101.078125
08:03:01,912810UB2,TSRYS5810883,D,S,C,2024-07-15,1000000.00,4.537923,101.125
08:03:01,912810UB2,TSRYS5810883,D,S,C,2024-07-15,1000000.00,4.537773,101.126953125
08:03:01,912810UB2,TSRYS5810883,D,S,D,2024-07-15,1000000.00,4.537923,101.125
08:03:01,912810UB2,TSRYS5810883,D,S,D,2024-07-15,2000000.00,4.537923,101.125
08:03:01,912810UB2,TSRYS5810883,D,B,C,2024-07-15,1000000.00,4.536728,101.140625
08:03:01,912810UB2,TSRYS5810883,D,S,D,2024-07-15,1000000.00,4.536728,101.140625
08:03:01,912810UB2,TSRYS5810883,D,S,D,2024-07-15,1000000.00,4.536728,101.140625
08:03:01,912810UB2,TSRYS5810883,D,S,C,2024-07-15,1000000.00,4.537027,101.13671875
08:03:02,912810UB2,TSRYS5810883,D,S,D,2024-07-15,1000000.00,4.541506,101.078125
08:03:02,912810UB2,TSRYS5810883,D,S,D,2024-07-15,1000000.00,4.537923,101.125
08:03:02,912810UB2,TSRYS5810883,D,B,C,2024-07-15,1000000.00,4.537936,101.124825
08:03:02,912810UB2,TSRYS5810883,D,S,C,2024-07-15,1000000.00,4.540312,101.09375
08:03:02,912810UB2,TSRYS5810883,D,B,C,2024-07-15,1000000.00,4.54076,101.087890625
08:03:02,912810UB2,TSRYS5810883,D,S,C,2024-07-15,1000000.00,4.54076,101.087890625
08:03:03,912810UB2,TSRYS5810883,D,S,C,2024-07-15,1000000.00,4.540312,101.09375
08:03:03,912810UB2,TSRYS5810883,D,B,C,2024-07-15,1000000.00,4.540323,101.0936
08:03:04,912810UB2,TSRYS5810883,D,S,C,2024-07-15,1000000.00,4.540312,101.09375
08:03:04,912810UB2,TSRYS5810883,D,B,C,2024-07-15,1000000.00,4.540323,101.0936
08:03:04,912810UB2,TSRYS5810883,D,B,C,2024-07-15,1000000.00,4.540335,101.09345
08:03:04,912810UB2,TSRYS5810883,D,S,C,2024-07-15,1000000.00,4.540312,101.09375
08:03:04,912810UB2,TSRYS5810883,D,S,D,2024-07-15,2000000.00,4.536728,101.140625
08:03:04,912810UB2,TSRYS5810883,D,S,D,2024-07-15,2000000.00,4.536728,101.140625
08:03:04,912810UB2,TSRYS5810883,D,S,D,2024-07-15,1000000.00,4.536728,101.140625
08:03:05,912810UB2,TSRYS5810883,D,S,C,2024-07-15,1000000.00,4.537923,101.125
08:03:05,912810UB2,TSRYS5810883,D,S,D,2024-07-15,1000000.00,4.539117,101.109375
08:03:05,912810UB2,TSRYS5810883,D,B,C,2024-07-15,1000000.00,4.539117,101.109375
08:03:05,912810UB2,TSRYS5810883,D,S,C,2024-07-15,1000000.00,4.539094,101.109675
08:03:05,912810UB2,TSRYS5810883,D,B,C,2024-07-15,1000000.00,4.537923,101.125
08:03:05,912810UB2,TSRYS5810883,D,S,D,2024-07-15,1000000.00,4.537923,101.125
08:03:05,912810UB2,TSRYS5810883,D,S,D,2024-07-15,1000000.00,4.537923,101.125
08:03:05,912810UB2,TSRYS5810883,D,S,C,2024-07-15,1000000.00,4.539117,101.109375
08:03:05,912810UB2,TSRYS5810883,D,S,C,2024-07-15,1000000.00,4.539117,101.109375
08:03:05,912810UB2,TSRYS5810883,D,B,C,2024-07-15,1000000.00,4.539132,101.109175
08:03:05,912810UB2,TSRYS5810883,D,B,C,2024-07-15,1000000.00,4.539132,101.109175
08:03:07,912810UB2,TSRYS5810883,D,S,A,2024-07-15,500000.00,4.53852,101.1171875
08:03:09,912810UB2,TSRYS5810883,D,S,C,2024-07-15,1000000.00,4.539714,101.1015625
08:03:12,912810UB2,TSRYS5810883,D,S,D,2024-07-15,1000000.00,4.536728,101.140625
08:03:12,912810UB2,TSRYS5810883,D,S,D,2024-07-15,1000000.00,4.540162,101.095703125
08:03:12,912810UB2,TSRYS5810883,D,S,D,2024-07-15,1000000.00,4.542702,101.0625
08:03:12,912810UB2,TSRYS5810883,D,B,C,2024-07-15,1000000.00,4.542702,101.0625
08:03:12,912810UB2,TSRYS5810883,D,S,C,2024-07-15,1000000.00,4.542702,101.0625
08:03:12,912810UB2,TSRYS5810883,D,B,C,2024-07-15,1000000.00,4.542702,101.0625
08:03:12,912810UB2,TSRYS5810883,D,S,D,2024-07-15,1000000.00,4.542702,101.0625
08:03:12,912810UB2,TSRYS5810883,D,B,C,2024-07-15,1000000.00,4.542702,101.0625
08:03:12,912810UB2,TSRYS5810883,D,S,D,2024-07-15,1000000.00,4.542702,101.0625
08:03:12,912810UB2,TSRYS5810883,D,B,C,2024-07-15,1000000.00,4.542702,101.0625
08:03:12,912810UB2,TSRYS5810883,D,S,D,2024-07-15,1000000.00,4.542702,101.0625
08:03:12,912810UB2,TSRYS5810883,D,B,C,2024-07-15,1000000.00,4.542702,101.0625
08:03:12,912810UB2,TSRYS5810883,D,S,D,2024-07-15,1000000.00,4.542702,101.0625
08:03:12,912810UB2,TSRYS5810883,D,B,C,2024-07-15,1000000.00,4.542702,101.0625
08:03:13,912810UB2,TSRYS5810883,D,B,C,2024-07-15,1000000.00,4.537923,101.125
08:03:14,912810UB2,TSRYS5810883,D,S,D,2024-07-15,1000000.00,4.537913,101.12513
08:03:14,912810UB2,TSRYS5810883,D,S,D,2024-07-15,1000000.00,4.537923,101.125
08:03:15,912810UB2,TSRYS5810883,D,S,C,2024-07-15,1000000.00,4.536728,101.140625
08:03:15,912810UB2,TSRYS5810883,D,B,C,2024-07-15,1000000.00,4.536742,101.14045
08:03:19,912810UB2,TSRYS5810883,D,S,D,2024-07-15,1000000.00,4.535535,101.15625
08:03:20,912810UB2,TSRYS5810883,D,B,C,2024-07-15,1000000.00,4.534356,101.171675
08:03:20,912810UB2,TSRYS5810883,D,S,D,2024-07-15,1000000.00,4.534341,101.171875
08:03:22,912810UB2,TSRYS5810883,D,S,C,2024-07-15,1000000.00,4.534326,101.172075
08:03:23,912810UB2,TSRYS5810883,D,S,D,2024-07-15,1000000.00,4.533138,101.18763
08:03:23,912810UB2,TSRYS5810883,D,B,C,2024-07-15,1000000.00,4.533159,101.18735
08:03:25,912810UB2,TSRYS5810883,D,S,T,2024-07-15,1000000.00,4.572675,100.671648
08:03:25,912810UB2,TSRYS5810883,D,S,C,2024-07-15,1000000.00,4.536728,101.140625
08:03:25,912810UB2,TSRYS5810883,D,S,D,2024-07-15,2000000.00,4.539106,101.109525
08:03:25,912810UB2,TSRYS5810883,D,B,C,2024-07-15,2000000.00,4.539134,101.109148
08:03:25,912810UB2,TSRYS5810883,D,S,D,2024-07-15,1000000.00,4.539106,101.109525
08:03:26,912810UB2,TSRYS5810883,D,B,C,2024-07-15,1000000.00,4.539125,101.109275
08:03:26,912810UB2,TSRYS5810883,D,B,C,2024-07-15,1000000.00,4.539125,101.109275
08:03:26,912810UB2,TSRYS5810883,D,S,D,2024-07-15,1000000.00,4.539106,101.109525
08:03:26,912810UB2,TSRYS5810883,D,S,D,2024-07-15,1000000.00,4.539106,101.109525
08:03:26,912810UB2,TSRYS5810883,D,B,C,2024-07-15,1000000.00,4.539125,101.109275
08:03:26,912810UB2,TSRYS5810883,D,S,D,2024-07-15,1000000.00,4.539106,101.109525
08:03:26,912810UB2,TSRYS5810883,D,S,D,2024-07-15,100000.00,,100.61368125
08:03:27,912810UB2,TSRYS5810883,D,B,C,2024-07-15,1000000.00,4.53794,101.124775
08:03:27,912810UB2,TSRYS5810883,D,S,D,2024-07-15,1000000.00,4.537923,101.125
08:03:27,912810UB2,TSRYS5810883,D,S,C,2024-07-15,2000000.00,4.537923,101.125
08:03:27,912810UB2,TSRYS5810883,D,B,C,2024-07-15,2000000.00,4.53794,101.124775
08:03:27,912810UB2,TSRYS5810883,D,S,D,2024-07-15,2000000.00,4.537923,101.125
08:03:27,912810UB2,TSRYS5810883,D,B,C,2024-07-15,2000000.00,4.53794,101.124775
08:03:27,912810UB2,TSRYS5810883,D,S,D,2024-07-15,2000000.00,4.536728,101.140625
08:03:27,912810UB2,TSRYS5810883,D,B,C,2024-07-15,2000000.00,4.536746,101.1404
08:03:27,912810UB2,TSRYS5810883,D,S,D,2024-07-15,2000000.00,4.536728,101.140625
08:03:27,912810UB2,TSRYS5810883,D,B,C,2024-07-15,2000000.00,4.536746,101.1404
08:03:27,912810UB2,TSRYS5810883,D,B,C,2024-07-15,1000000.00,4.537923,101.125
08:03:27,912810UB2,TSRYS5810883,D,S,D,2024-07-15,1000000.00,4.537923,101.125
08:03:27,912810UB2,TSRYS5810883,D,B,C,2024-07-15,1000000.00,4.539117,101.109375
08:03:27,912810UB2,TSRYS5810883,D,S,C,2024-07-15,1000000.00,4.5391,101.109602
08:03:28,912810UB2,TSRYS5810883,D,B,C,2024-07-15,1000000.00,4.540327,101.09355
08:03:28,912810UB2,TSRYS5810883,D,S,D,2024-07-15,1000000.00,4.540312,101.09375
08:03:29,912810UB2,TSRYS5810883,D,B,C,2024-07-15,1000000.00,4.540312,101.09375
08:03:29,912810UB2,TSRYS5810883,D,S,C,2024-07-15,1000000.00,4.540294,101.093977
08:03:29,912810UB2,TSRYS5810883,D,S,C,2024-07-15,1000000.00,4.537907,101.1252
08:03:29,912810UB2,TSRYS5810883,D,B,C,2024-07-15,1000000.00,4.540312,101.09375
08:03:29,912810UB2,TSRYS5810883,D,S,D,2024-07-15,1000000.00,4.540312,101.09375
08:03:29,912810UB2,TSRYS5810883,D,S,D,2024-07-15,1000000.00,4.540312,101.09375
08:03:29,912810UB2,TSRYS5810883,D,B,C,2024-07-15,1000000.00,4.540319,101.09365
08:03:29,912810UB2,TSRYS5810883,D,S,D,2024-07-15,1000000.00,4.540312,101.09375
08:03:29,912810UB2,TSRYS5810883,D,B,C,2024-07-15,1000000.00,4.540312,101.09375
08:03:29,912810UB2,TSRYS5810883,D,S,D,2024-07-15,1000000.00,4.540312,101.09375
08:03:29,912810UB2,TSRYS5810883,D,B,C,2024-07-15,1000000.00,4.540312,101.09375
08:03:29,912810UB2,TSRYS5810883,D,S,C,2024-07-15,1000000.00,4.540294,101.093977
08:03:30,912810UB2,TSRYS5810883,D,S,D,2024-07-15,1000000.00,4.539117,101.109375
08:03:30,912810UB2,TSRYS5810883,D,S,D,2024-07-15,1000000.00,4.539117,101.109375
08:03:30,912810UB2,TSRYS5810883,D,B,C,2024-07-15,1000000.00,4.536746,101.1404
08:03:30,912810UB2,TSRYS5810883,D,S,D,2024-07-15,1000000.00,4.536728,101.140625
08:03:30,912810UB2,TSRYS5810883,D,B,C,2024-07-15,1000000.00,4.536746,101.1404
08:03:30,912810UB2,TSRYS5810883,D,S,D,2024-07-15,1000000.00,4.536728,101.140625
08:03:30,912810UB2,TSRYS5810883,D,B,C,2024-07-15,1000000.00,4.536746,101.1404
08:03:30,912810UB2,TSRYS5810883,D,B,C,2024-07-15,1000000.00,4.536746,101.1404
08:03:30,912810UB2,TSRYS5810883,D,S,D,2024-07-15,1000000.00,4.536728,101.140625
08:03:30,912810UB2,TSRYS5810883,D,B,C,2024-07-15,2000000.00,4.536746,101.1404
08:03:30,912810UB2,TSRYS5810883,D,S,D,2024-07-15,2000000.00,4.536728,101.140625
08:03:30,912810UB2,TSRYS5810883,D,S,D,2024-07-15,1000000.00,4.536728,101.140625
08:03:31,912810UB2,TSRYS5810883,D,B,C,2024-07-15,1000000.00,4.536746,101.1404
08:03:31,912810UB2,TSRYS5810883,D,S,D,2024-07-15,1000000.00,4.536728,101.140625
08:03:32,912810UB2,TSRYS5810883,D,S,C,2024-07-15,1000.00,4.573528,101.16055625
08:03:32,912810UB2,TSRYS5810883,D,B,C,2024-07-15,1000000.00,4.540327,101.09355
08:03:32,912810UB2,TSRYS5810883,D,S,D,2024-07-15,1000000.00,4.540296,101.09395
08:03:32,912810UB2,TSRYS5810883,D,S,D,2024-07-15,2000000.00,4.540296,101.09395
08:03:32,912810UB2,TSRYS5810883,D,B,C,2024-07-15,2000000.00,4.540312,101.09375
08:03:32,912810UB2,TSRYS5810883,D,S,C,2024-07-15,1000000.00,4.541506,101.078125
08:03:32,912810UB2,TSRYS5810883,D,S,C,2024-07-15,1000000.00,4.541506,101.078125
08:03:32,912810UB2,TSRYS5810883,D,S,D,2024-07-15,1000000.00,4.558559,100.85546875
08:03:32,912810UB2,TSRYS5810883,D,B,C,2024-07-15,1000000.00,4.558559,100.85546875
08:03:33,912810UB2,TSRYS5810883,D,S,D,2024-07-15,1000000.00,4.543897,101.046875
08:03:33,912810UB2,TSRYS5810883,D,S,C,2024-07-15,1000000.00,4.543897,101.046875
08:03:35,912810UB2,TSRYS5810883,D,S,C,2024-07-15,1000000.00,4.548681,100.984375
08:03:35,912810UB2,TSRYS5810883,D,B,C,2024-07-15,1000000.00,4.548681,100.984375
08:03:35,912810UB2,TSRYS5810883,D,S,C,2024-07-15,1000000.00,4.560507,100.830078125
08:03:36,912810UB2,TSRYS5810883,D,B,C,2024-07-15,1000000.00,4.559458,100.84375
08:03:36,912810UB2,TSRYS5810883,D,S,C,2024-07-15,1000000.00,4.559458,100.84375
08:03:36,912810UB2,TSRYS5810883,D,S,C,2024-07-15,1000.00,4.573528,100.66055625
08:03:36,912810UB2,TSRYS5810883,D,S,C,2024-07-15,1000000.00,4.547484,101.0
08:03:36,912810UB2,TSRYS5810883,D,B,C,2024-07-15,1000000.00,4.547498,100.999825
08:03:36,912810UB2,TSRYS5810883,D,S,C,2024-07-15,1000000.00,4.547469,101.0002
08:03:37,912810UB2,TSRYS5810883,D,S,C,2024-07-15,1000000.00,4.548681,100.984375
08:03:37,912810UB2,TSRYS5810883,D,B,C,2024-07-15,1000000.00,4.548681,100.984375
08:03:41,912810UB2,TSRYS5810883,D,B,C,2024-07-15,1000000.00,4.552271,100.9375
08:03:41,912810UB2,TSRYS5810883,D,S,C,2024-07-15,1000000.00,4.552271,100.9375
08:03:43,912810UB2,TSRYS5810883,D,S,D,2024-07-15,1000000.00,4.552271,100.9375
08:03:43,912810UB2,TSRYS5810883,D,B,C,2024-07-15,1000000.00,4.552284,100.937325
08:03:48,912810UB2,TSRYS5810883,D,B,C,2024-07-15,1000000.00,4.554666,100.90625
08:03:48,912810UB2,TSRYS5810883,D,S,C,2024-07-15,1000000.00,4.554666,100.90625
08:03:50,912810UB2,TSRYS5810883,D,S,C,2024-07-15,1000000.00,4.55826,100.859375
08:03:51,912810UB2,TSRYS5810883,D,S,C,2024-07-15,1000000.00,4.560657,100.828125
08:03:51,912810UB2,TSRYS5810883,D,S,D,2024-07-15,1000000.00,4.560657,100.828125
08:03:51,912810UB2,TSRYS5810883,D,S,D,2024-07-15,2000000.00,4.553169,100.92578125
08:03:51,912810UB2,TSRYS5810883,D,B,C,2024-07-15,1000000.00,4.552271,100.9375
08:03:51,912810UB2,TSRYS5810883,D,S,D,2024-07-15,1000000.00,4.552271,100.9375
08:03:52,912810UB2,TSRYS5810883,D,S,C,2024-07-15,1000000.00,4.553618,100.919921875
08:03:52,912810UB2,TSRYS5810883,D,S,C,2024-07-15,1000000.00,4.554666,100.90625
08:03:53,912810UB2,TSRYS5810883,D,B,C,2024-07-15,1000000.00,4.555864,100.890625
08:03:53,912810UB2,TSRYS5810883,D,S,C,2024-07-15,1000000.00,4.555841,100.890925
08:03:53,912810UB2,TSRYS5810883,D,S,D,2024-07-15,1000000.00,4.555864,100.890625
08:03:53,912810UB2,TSRYS5810883,D,B,C,2024-07-15,1000000.00,4.555887,100.890325
08:03:56,912810UB2,TSRYS5810883,D,S,D,2024-07-15,1000000.00,4.569956,100.70703125
08:03:56,912810UB2,TSRYS5810883,D,S,C,2024-07-15,1000000.00,4.555864,100.890625
08:03:56,912810UB2,TSRYS5810883,D,S,C,2024-07-15,1000000.00,4.555864,100.890625
08:03:56,912810UB2,TSRYS5810883,D,S,D,2024-07-15,1000000.00,4.555864,100.890625
08:03:56,912810UB2,TSRYS5810883,D,S,T,2024-07-15,1000000.00,4.578217,100.59960938
08:03:58,912810UB2,TSRYS5810883,D,B,C,2024-07-15,1000000.00,4.553468,100.921875
08:03:58,912810UB2,TSRYS5810883,D,S,D,2024-07-15,1000000.00,4.553451,100.922102
08:03:58,912810UB2,TSRYS5810883,D,S,D,2024-07-15,1000000.00,4.554666,100.90625
08:04:00,912810UB2,TSRYS5810883,D,S,C,2024-07-15,1000000.00,4.553468,100.921875
08:04:00,912810UB2,TSRYS5810883,D,B,C,2024-07-15,1000000.00,4.553482,100.9217
08:04:05,912810UB2,TSRYS5810883,D,S,D,2024-07-15,2000000.00,4.552271,100.9375
08:04:05,912810UB2,TSRYS5810883,D,S,D,2024-07-15,1000000.00,4.552271,100.9375
08:04:08,912810UB2,TSRYS5810883,D,B,A,2024-07-15,4700000.00,4.566954,100.74609375
08:04:08,912810UB2,TSRYS5810883,D,S,C,2024-07-15,1000000.00,4.559458,100.84375
08:04:09,912810UB2,TSRYS5810883,D,S,C,2024-07-15,1000000.00,4.560642,100.828325
08:04:09,912810UB2,TSRYS5810883,D,B,C,2024-07-15,1000000.00,4.560657,100.828125
08:04:10,912810UB2,TSRYS5810883,D,S,D,2024-07-15,1000000.00,4.560058,100.8359375
08:04:12,912810UB2,TSRYS5810883,D,B,C,2024-07-15,1000000.00,4.559481,100.84345
08:04:12,912810UB2,TSRYS5810883,D,S,C,2024-07-15,1000000.00,4.559458,100.84375
08:04:12,912810UB2,TSRYS5810883,D,S,C,2024-07-15,1000000.00,4.559458,100.84375
08:04:12,912810UB2,TSRYS5810883,D,B,C,2024-07-15,1000000.00,4.559481,100.84345
08:04:12,912810UB2,TSRYS5810883,D,S,D,2024-07-15,1000000.00,4.559458,100.84375
08:04:12,912810UB2,TSRYS5810883,D,S,C,2024-07-15,1000000.00,4.559458,100.84375
08:04:13,912810UB2,TSRYS5810883,D,B,C,2024-07-15,1000000.00,4.56068,100.827825
08:04:13,912810UB2,TSRYS5810883,D,S,D,2024-07-15,1000000.00,4.560657,100.828125
08:04:13,912810UB2,TSRYS5810883,D,S,D,2024-07-15,1000000.00,4.559441,100.843977
08:04:13,912810UB2,TSRYS5810883,D,B,C,2024-07-15,1000000.00,4.559474,100.84355
08:04:13,912810UB2,TSRYS5810883,D,B,C,2024-07-15,1000000.00,4.559458,100.84375
08:04:13,912810UB2,TSRYS5810883,D,S,D,2024-07-15,1000000.00,4.559441,100.843977
08:04:13,912810UB2,TSRYS5810883,D,B,C,2024-07-15,1000000.00,4.559458,100.84375
08:04:13,912810UB2,TSRYS5810883,D,S,D,2024-07-15,1000000.00,4.559441,100.843977
08:04:14,912810UB2,TSRYS5810883,D,S,C,2024-07-15,1000000.00,4.55826,100.859375
08:04:14,912810UB2,TSRYS5810883,D,S,D,2024-07-15,1000000.00,4.559458,100.84375
08:04:17,912810UB2,TSRYS5810883,D,S,D,2024-07-15,1000000.00,4.55826,100.859375
08:04:17,912810UB2,TSRYS5810883,D,S,D,2024-07-15,1000000.00,4.55826,100.859375
08:04:18,912810UB2,TSRYS5810883,D,S,D,2024-07-15,1000000.00,4.55826,100.859375
08:04:18,912810UB2,TSRYS5810883,D,S,D,2024-07-15,1000000.00,4.55826,100.859375
08:04:18,912810UB2,TSRYS5810883,D,S,C,2024-07-15,1000000.00,4.55826,100.859375
08:04:18,912810UB2,TSRYS5810883,D,S,C,2024-07-15,1000000.00,4.558244,100.859575
08:04:18,912810UB2,TSRYS5810883,D,S,D,2024-07-15,1000000.00,4.560657,100.828125
08:04:18,912810UB2,TSRYS5810883,D,B,C,2024-07-15,1000000.00,4.560674,100.8279
08:04:18,912810UB2,TSRYS5810883,D,B,C,2024-07-15,1000000.00,4.560674,100.8279
08:04:18,912810UB2,TSRYS5810883,D,S,C,2024-07-15,1000000.00,4.560657,100.828125
08:04:18,912810UB2,TSRYS5810883,D,S,D,2024-07-15,2000000.00,4.560657,100.828125
08:04:18,912810UB2,TSRYS5810883,D,S,D,2024-07-15,1000000.00,4.560657,100.828125
08:04:18,912810UB2,TSRYS5810883,D,B,C,2024-07-15,1000000.00,4.560672,100.827925
08:04:18,912810UB2,TSRYS5810883,D,B,C,2024-07-15,1000000.00,4.560657,100.828125
08:04:18,912810UB2,TSRYS5810883,D,S,D,2024-07-15,1000000.00,4.560657,100.828125
08:04:18,912810UB2,TSRYS5810883,D,S,D,2024-07-15,1000000.00,4.560657,100.828125
08:04:18,912810UB2,TSRYS5810883,D,S,D,2024-07-15,1000000.00,4.560657,100.828125
08:04:18,912810UB2,TSRYS5810883,D,B,C,2024-07-15,1000000.00,4.560657,100.828125
08:04:18,912810UB2,TSRYS5810883,D,B,C,2024-07-15,1000000.00,4.560657,100.828125
08:04:18,912810UB2,TSRYS5810883,D,S,D,2024-07-15,1000000.00,4.560657,100.828125
08:04:19,912810UB2,TSRYS5810883,D,B,C,2024-07-15,1000000.00,4.559458,100.84375
08:04:19,912810UB2,TSRYS5810883,D,S,D,2024-07-15,1000000.00,4.559458,100.84375
08:04:20,912810UB2,TSRYS5810883,D,S,D,2024-07-15,2000000.00,4.559458,100.84375
08:04:20,912810UB2,TSRYS5810883,D,B,C,2024-07-15,2000000.00,4.559458,100.84375
08:04:20,912810UB2,TSRYS5810883,D,S,D,2024-07-15,2000000.00,4.559458,100.84375
08:04:20,912810UB2,TSRYS5810883,D,S,D,2024-07-15,1000000.00,4.557062,100.875
08:04:20,912810UB2,TSRYS5810883,D,S,D,2024-07-15,1000000.00,4.557361,100.87109375
08:04:20,912810UB2,TSRYS5810883,D,S,D,2024-07-15,1000000.00,4.557511,100.869140625
08:04:20,912810UB2,TSRYS5810883,D,B,C,2024-07-15,1000000.00,4.560672,100.827925
08:04:20,912810UB2,TSRYS5810883,D,S,C,2024-07-15,1000000.00,4.560657,100.828125
08:04:20,912810UB2,TSRYS5810883,D,S,C,2024-07-15,1000000.00,4.560657,100.828125
08:04:20,912810UB2,TSRYS5810883,D,B,C,2024-07-15,1000000.00,4.560672,100.827925
08:04:20,912810UB2,TSRYS5810883,D,S,D,2024-07-15,1000000.00,4.557661,100.8671875
08:04:20,912810UB2,TSRYS5810883,D,S,D,2024-07-15,1000000.00,4.557361,100.87109375
08:04:20,912810UB2,TSRYS5810883,D,S,D,2024-07-15,1000000.00,4.557511,100.869140625
08:04:20,912810UB2,TSRYS5810883,D,B,C,2024-07-15,1000000.00,4.557361,100.87109375
08:04:20,912810UB2,TSRYS5810883,D,S,D,2024-07-15,1000000.00,4.557361,100.87109375
08:04:20,912810UB2,TSRYS5810883,D,B,C,2024-07-15,1000000.00,4.55826,100.859375
08:04:20,912810UB2,TSRYS5810883,D,S,D,2024-07-15,1000000.00,4.55826,100.859375
08:04:20,912810UB2,TSRYS5810883,D,B,C,2024-07-15,1000000.00,4.55826,100.859375
08:04:20,912810UB2,TSRYS5810883,D,S,D,2024-07-15,1000000.00,4.55826,100.859375
08:04:21,912810UB2,TSRYS5810883,D,S,D,2024-07-15,1000000.00,4.560657,100.828125
08:04:21,912810UB2,TSRYS5810883,D,S,D,2024-07-15,1000000.00,4.560657,100.828125
08:04:21,912810UB2,TSRYS5810883,D,B,C,2024-07-15,1000000.00,4.561871,100.8123
08:04:21,912810UB2,TSRYS5810883,D,S,C,2024-07-15,1000000.00,4.561856,100.8125
08:04:21,912810UB2,TSRYS5810883,D,B,C,2024-07-15,1000000.00,4.55796,100.86328125
08:04:21,912810UB2,TSRYS5810883,D,S,D,2024-07-15,1000000.00,4.55796,100.86328125
08:04:21,912810UB2,TSRYS5810883,D,S,D,2024-07-15,1000000.00,4.561856,100.8125
08:04:21,912810UB2,TSRYS5810883,D,S,D,2024-07-15,1000000.00,4.561856,100.8125
08:04:21,912810UB2,TSRYS5810883,D,S,D,2024-07-15,1000000.00,4.561856,100.8125
08:04:21,912810UB2,TSRYS5810883,D,S,C,2024-07-15,1000000.00,4.561856,100.8125
08:04:21,912810UB2,TSRYS5810883,D,B,C,2024-07-15,1000000.00,4.561856,100.8125
08:04:21,912810UB2,TSRYS5810883,D,S,C,2024-07-15,1000000.00,4.561856,100.8125
08:04:21,912810UB2,TSRYS5810883,D,B,C,2024-07-15,1000000.00,4.557511,100.869140625
08:04:21,912810UB2,TSRYS5810883,D,S,D,2024-07-15,1000000.00,4.557511,100.869140625
08:04:21,912810UB2,TSRYS5810883,D,S,D,2024-07-15,1000000.00,4.557511,100.869140625
08:04:21,912810UB2,TSRYS5810883,D,B,C,2024-07-15,1000000.00,4.557511,100.869140625
08:04:21,912810UB2,TSRYS5810883,D,S,D,2024-07-15,1000000.00,4.557511,100.869140625
08:04:21,912810UB2,TSRYS5810883,D,S,C,2024-07-15,1000000.00,4.563055,100.796875
08:04:21,912810UB2,TSRYS5810883,D,S,C,2024-07-15,1000000.00,4.563055,100.796875
08:04:22,912810UB2,TSRYS5810883,D,S,D,2024-07-15,1000000.00,4.563055,100.796875
08:04:22,912810UB2,TSRYS5810883,D,S,D,2024-07-15,1000000.00,4.563055,100.796875
08:04:22,912810UB2,TSRYS5810883,D,S,D,2024-07-15,1000000.00,4.563055,100.796875
08:04:22,912810UB2,TSRYS5810883,D,S,D,2024-07-15,1000000.00,4.563055,100.796875
08:04:22,912810UB2,TSRYS5810883,D,S,D,2024-07-15,1000000.00,4.563055,100.796875
08:04:22,912810UB2,TSRYS5810883,D,S,D,2024-07-15,1000000.00,4.563055,100.796875
08:04:22,912810UB2,TSRYS5810883,D,S,D,2024-07-15,1000000.00,4.563055,100.796875
08:04:22,912810UB2,TSRYS5810883,D,S,D,2024-07-15,1000000.00,4.563055,100.796875
08:04:22,912810UB2,TSRYS5810883,D,S,D,2024-07-15,1000000.00,4.563055,100.796875
08:04:22,912810UB2,TSRYS5810883,D,S,C,2024-07-15,1000000.00,4.563055,100.796875
08:04:22,912810UB2,TSRYS5810883,D,S,D,2024-07-15,1000000.00,4.563055,100.796875
08:04:22,912810UB2,TSRYS5810883,D,S,D,2024-07-15,1000000.00,4.563055,100.796875
08:04:22,912810UB2,TSRYS5810883,D,S,D,2024-07-15,1000000.00,4.563055,100.796875
08:04:22,912810UB2,TSRYS5810883,D,S,D,2024-07-15,1000000.00,4.563055,100.796875
08:04:22,912810UB2,TSRYS5810883,D,S,D,2024-07-15,1000000.00,4.563055,100.796875
08:04:22,912810UB2,TSRYS5810883,D,S,D,2024-07-15,1000000.00,4.563055,100.796875
08:04:22,912810UB2,TSRYS5810883,D,S,C,2024-07-15,1000000.00,4.564239,100.78145
08:04:22,912810UB2,TSRYS5810883,D,S,D,2024-07-15,1000000.00,4.564255,100.78125
08:04:22,912810UB2,TSRYS5810883,D,S,C,2024-07-15,1000000.00,4.564255,100.78125
08:04:22,912810UB2,TSRYS5810883,D,S,C,2024-07-15,1000000.00,4.564255,100.78125
08:04:22,912810UB2,TSRYS5810883,D,S,D,2024-07-15,1000000.00,4.564255,100.78125
08:04:22,912810UB2,TSRYS5810883,D,B,C,2024-07-15,1000000.00,4.564268,100.781075
08:04:24,912810UB2,TSRYS5810883,D,S,D,2024-07-15,1000000.00,4.567855,100.734375
08:04:24,912810UB2,TSRYS5810883,D,S,C,2024-07-15,1000000.00,4.567855,100.734375
08:04:24,912810UB2,TSRYS5810883,D,S,D,2024-07-15,1000000.00,4.567855,100.734375
08:04:25,912810UB2,TSRYS5810883,D,S,D,2024-07-15,1000000.00,4.569055,100.71875
08:04:27,912810UB2,TSRYS5810883,D,S,D,2024-07-15,1000000.00,4.557361,100.87109375
08:04:27,912810UB2,TSRYS5810883,D,S,D,2024-07-15,1000000.00,4.557361,100.87109375
08:04:27,912810UB2,TSRYS5810883,D,S,C,2024-07-15,1000000.00,4.556612,100.880859375
08:04:27,912810UB2,TSRYS5810883,D,S,C,2024-07-15,1000000.00,4.556612,100.880859375
08:04:27,912810UB2,TSRYS5810883,D,S,C,2024-07-15,1000000.00,4.556762,100.87890625
08:04:27,912810UB2,TSRYS5810883,D,S,D,2024-07-15,1000000.00,4.557062,100.875
08:04:27,912810UB2,TSRYS5810883,D,B,C,2024-07-15,1000000.00,4.557062,100.875
08:04:27,912810UB2,TSRYS5810883,D,S,D,2024-07-15,1000000.00,4.557062,100.875
08:04:27,912810UB2,TSRYS5810883,D,B,C,2024-07-15,1000000.00,4.557361,100.87109375
08:04:27,912810UB2,TSRYS5810883,D,S,D,2024-07-15,1000000.00,4.557361,100.87109375
08:04:27,912810UB2,TSRYS5810883,D,S,C,2024-07-15,1000000.00,4.55826,100.859375
08:04:27,912810UB2,TSRYS5810883,D,S,D,2024-07-15,1000000.00,4.559009,100.849609375
08:04:27,912810UB2,TSRYS5810883,D,S,D,2024-07-15,1000000.00,4.559009,100.849609375
08:04:27,912810UB2,TSRYS5810883,D,B,C,2024-07-15,1000000.00,4.559458,100.84375
08:04:27,912810UB2,TSRYS5810883,D,S,D,2024-07-15,1000000.00,4.559458,100.84375
08:04:27,912810UB2,TSRYS5810883,D,S,D,2024-07-15,1000000.00,4.559009,100.849609375
08:04:27,912810UB2,TSRYS5810883,D,S,D,2024-07-15,2000000.00,4.560657,100.828125
08:04:28,912810UB2,TSRYS5810883,D,B,C,2024-07-15,2000000.00,4.560657,100.828125
08:04:28,912810UB2,TSRYS5810883,D,S,C,2024-07-15,1000000.00,4.572658,100.671875
08:04:28,912810UB2,TSRYS5810883,D,B,C,2024-07-15,1000000.00,4.572658,100.671875
08:04:28,912810UB2,TSRYS5810883,D,S,D,2024-07-15,1000000.00,4.572658,100.671875
08:04:28,912810UB2,TSRYS5810883,D,S,C,2024-07-15,1000000.00,4.572658,100.671875
08:04:28,912810UB2,TSRYS5810883,D,S,D,2024-07-15,1000000.00,4.573859,100.65625
08:04:28,912810UB2,TSRYS5810883,D,B,C,2024-07-15,1000000.00,4.573859,100.65625
08:04:29,912810UB2,TSRYS5810883,D,S,D,2024-07-15,1000000.00,4.559458,100.84375
08:04:30,912810UB2,TSRYS5810883,D,S,D,2024-07-15,1000000.00,4.573859,100.65625
08:04:30,912810UB2,TSRYS5810883,D,B,C,2024-07-15,1000000.00,4.573875,100.65605
08:04:30,912810UB2,TSRYS5810883,D,S,D,2024-07-15,1000000.00,4.573859,100.65625
08:04:30,912810UB2,TSRYS5810883,D,S,C,2024-07-15,1000000.00,4.575061,100.640625
08:04:31,912810UB2,TSRYS5810883,D,S,C,2024-07-15,1000000.00,4.575061,100.640625
08:04:31,912810UB2,TSRYS5810883,D,S,D,2024-07-15,3000000.00,4.559458,100.84375
08:04:31,912810UB2,TSRYS5810883,D,B,C,2024-07-15,3000000.00,4.559458,100.84375
08:04:31,912810UB2,TSRYS5810883,D,S,D,2024-07-15,1000000.00,4.559458,100.84375
08:04:31,912810UB2,TSRYS5810883,D,B,C,2024-07-15,1000000.00,4.559458,100.84375
08:04:31,912810UB2,TSRYS5810883,D,S,C,2024-07-15,1000000.00,4.576263,100.625
08:04:31,912810UB2,TSRYS5810883,D,S,C,2024-07-15,1000000.00,4.576263,100.625
08:04:31,912810UB2,TSRYS5810883,D,S,D,2024-07-15,1000000.00,4.559458,100.84375
08:04:32,912810UB2,TSRYS5810883,D,S,D,2024-07-15,1000000.00,4.578668,100.59375
08:04:32,912810UB2,TSRYS5810883,D,S,C,2024-07-15,1000000.00,4.578668,100.59375
08:04:32,912810UB2,TSRYS5810883,D,B,C,2024-07-15,1000000.00,4.578668,100.59375
08:04:33,912810UB2,TSRYS5810883,D,S,C,2024-07-15,1000000.00,4.578668,100.59375
08:04:33,912810UB2,TSRYS5810883,D,S,D,2024-07-15,18000.00,4.572658,100.671875
08:04:33,912810UB2,TSRYS5810883,D,S,D,2024-07-15,1000000.00,4.577465,100.609375
08:04:33,912810UB2,TSRYS5810883,D,B,C,2024-07-15,1000000.00,4.578668,100.59375
08:04:33,912810UB2,TSRYS5810883,D,S,D,2024-07-15,2000000.00,4.57865,100.593977
08:04:33,912810UB2,TSRYS5810883,D,S,D,2024-07-15,1000000.00,4.57865,100.593977
08:04:34,912810UB2,TSRYS5810883,D,B,C,2024-07-15,1000000.00,4.57987,100.578125
08:04:34,912810UB2,TSRYS5810883,D,S,D,2024-07-15,1000000.00,4.57987,100.578125
08:04:34,912810UB2,TSRYS5810883,D,B,C,2024-07-15,1000000.00,4.57987,100.578125
08:04:34,912810UB2,TSRYS5810883,D,S,D,2024-07-15,1000000.00,4.57987,100.578125
08:04:34,912810UB2,TSRYS5810883,D,S,D,2024-07-15,1000000.00,4.57987,100.578125
08:04:35,912810UB2,TSRYS5810883,D,S,D,2024-07-15,2000000.00,4.57987,100.578125
08:04:35,912810UB2,TSRYS5810883,D,S,D,2024-07-15,1000000.00,4.57987,100.578125
08:04:35,912810UB2,TSRYS5810883,D,S,C,2024-07-15,1000000.00,4.57987,100.578125
08:04:35,912810UB2,TSRYS5810883,D,B,C,2024-07-15,1000000.00,4.57987,100.578125
08:04:35,912810UB2,TSRYS5810883,D,S,D,2024-07-15,1000000.00,4.57987,100.578125
08:04:36,912810UB2,TSRYS5810883,D,S,C,2024-07-15,1000000.00,4.577465,100.609375
08:04:36,912810UB2,TSRYS5810883,D,S,D,2024-07-15,115000.00,4.537923,101.125
08:04:36,912810UB2,TSRYS5810883,D,B,C,2024-07-15,1000000.00,4.561556,100.81640625
08:04:36,912810UB2,TSRYS5810883,D,S,D,2024-07-15,1000000.00,4.561556,100.81640625
08:04:36,912810UB2,TSRYS5810883,D,S,D,2024-07-15,130000.00,4.539117,101.109375
08:04:37,912810UB2,TSRYS5810883,D,B,C,2024-07-15,3625000.00,4.54061,101.08984375
08:04:37,912810UB2,TSRYS5810883,D,S,D,2024-07-15,2000000.00,4.575061,100.640625
08:04:37,912810UB2,TSRYS5810883,D,S,T,2024-07-15,1000000.00,4.534341,101.171875
08:04:38,912810UB2,TSRYS5810883,D,S,C,2024-07-15,1000000.00,4.566654,100.75
08:04:38,912810UB2,TSRYS5810883,D,S,D,2024-07-15,1000000.00,4.566654,100.75
08:04:38,912810UB2,TSRYS5810883,D,S,D,2024-07-15,1000000.00,4.573859,100.65625
08:04:40,912810UB2,TSRYS5810883,D,S,D,2024-07-15,1000000.00,4.567855,100.734375
08:04:40,912810UB2,TSRYS5810883,D,S,C,2024-07-15,1000000.00,4.572658,100.671875
08:04:40,912810UB2,TSRYS5810883,D,S,C,2024-07-15,1000000.00,4.572646,100.672025
08:04:40,912810UB2,TSRYS5810883,D,B,C,2024-07-15,1000000.00,4.572658,100.671875
08:04:40,912810UB2,TSRYS5810883,D,B,C,2024-07-15,2000000.00,4.572666,100.671775
08:04:40,912810UB2,TSRYS5810883,D,S,C,2024-07-15,2000000.00,4.572646,100.672025
08:04:45,912810UB2,TSRYS5810883,D,S,C,2024-07-15,1000000.00,4.569055,100.71875
08:04:51,912810UB2,TSRYS5810883,D,S,C,2024-07-15,1000000.00,4.572658,100.671875
08:04:54,912810UB2,TSRYS5810883,D,B,C,2024-07-15,1000000.00,4.575061,100.640625
08:04:54,912810UB2,TSRYS5810883,D,S,D,2024-07-15,1000000.00,4.575061,100.640625
08:04:59,912810UB2,TSRYS5810883,D,B,C,2024-07-15,1000000.00,4.573859,100.65625
08:04:59,912810UB2,TSRYS5810883,D,S,D,2024-07-15,1000000.00,4.573859,100.65625
08:04:59,912810UB2,TSRYS5810883,D,S,D,2024-07-15,1000000.00,4.576113,100.626953125
08:04:59,912810UB2,TSRYS5810883,D,B,C,2024-07-15,1000000.00,4.576864,100.6171875
08:04:59,912810UB2,TSRYS5810883,D,S,D,2024-07-15,1000000.00,4.576864,100.6171875
08:05:00,912810UB2,TSRYS5810883,D,B,C,2024-07-15,1000000.00,4.577014,100.615234375
08:05:00,912810UB2,TSRYS5810883,D,S,D,2024-07-15,1000000.00,4.577014,100.615234375
08:05:00,912810UB2,TSRYS5810883,D,S,D,2024-07-15,1000000.00,4.576864,100.6171875
08:05:00,912810UB2,TSRYS5810883,D,S,D,2024-07-15,1000000.00,4.576864,100.6171875
08:05:00,912810UB2,TSRYS5810883,D,S,C,2024-07-15,1000000.00,4.578217,100.599609375
08:05:01,912810UB2,TSRYS5810883,D,S,D,2024-07-15,1000000.00,4.57972,100.580078125
08:05:05,912810UB2,TSRYS5810883,D,S,C,2024-07-15,1000000.00,4.577766,100.60546875
