tradeTime,cusip,issueSymbolIdentifier,priceType,reportingSideCode,contraPartyTypeCode,tradeDate,reportedTradeVolume,lastSaleYield,lastSalePrice
08:00:02,912810TZ1,TSRYS5752098,D,S,D,2024-05-03,11000.00,4.801772,96.16756875
08:00:02,912810TZ1,TSRYS5752098,D,B,A,2024-05-03,11000.00,4.801772,96.12211420455
08:00:05,912810TZ1,TSRYS5752098,D,S,T,2024-05-03,1000000.00,4.810122,96.064453125
08:00:10,912810TZ1,TSRYS5752098,D,S,T,2024-05-03,1000000.00,4.816615,95.984375
08:00:10,912810TZ1,TSRYS5752098,D,S,T,2024-05-03,1000000.00,4.830575,95.8125
08:00:10,912810TZ1,TSRYS5752098,D,S,T,2024-05-03,1000000.00,4.824226,95.890625
08:00:10,912810TZ1,TSRYS5752098,D,S,T,2024-05-03,1000000.00,4.817883,95.96875
08:00:10,912810TZ1,TSRYS5752098,D,B,A,2024-05-03,1570000.00,4.830575,95.8125
08:00:10,912810TZ1,TSRYS5752098,D,S,T,2024-05-03,1000000.00,4.801423,96.171875
08:00:15,912810TZ1,TSRYS5752098,D,S,D,2024-05-03,1000000.00,4.82867,95.8359375
08:00:19,912810TZ1,TSRYS5752098,D,S,A,2024-05-03,50000.00,4.823591,95.8984375
08:00:20,912810TZ1,TSRYS5752098,D,S,D,2024-05-03,1000000.00,4.820102,95.94140625
08:00:27,912810TZ1,TSRYS5752098,D,S,D,2024-05-03,1000000.00,4.814714,96.0078125
08:00:29,912810TZ1,TSRYS5752098,D,S,D,2024-05-03,1000000.00,4.811547,96.046875
08:00:29,912810TZ1,TSRYS5752098,D,S,D,2024-05-03,1000000.00,4.810913,96.0546875
08:00:29,912810TZ1,TSRYS5752098,D,S,D,2024-05-03,1000000.00,4.808381,96.0859375
08:00:33,912810TZ1,TSRYS5752098,D,S,D,2024-05-03,1000000.00,4.820102,95.94140625
08:00:33,912810TZ1,TSRYS5752098,D,S,D,2024-05-03,1000000.00,4.814714,96.0078125
08:00:33,912810TZ1,TSRYS5752098,D,S,D,2024-05-03,1000000.00,4.811547,96.046875
08:00:33,912810TZ1,TSRYS5752098,D,S,D,2024-05-03,1000000.00,4.806483,96.109375
08:00:33,912810TZ1,TSRYS5752098,D,S,T,2024-05-03,1000000.00,4.820102,95.94140625
08:00:33,912810TZ1,TSRYS5752098,D,S,T,2024-05-03,1000000.00,4.817407,95.974609375
08:00:33,912810TZ1,TSRYS5752098,D,S,T,2024-05-03,1000000.00,4.817407,95.974609375
08:00:33,912810TZ1,TSRYS5752098,D,S,T,2024-05-03,1000000.00,4.817407,95.974609375
08:00:33,912810TZ1,TSRYS5752098,D,S,T,2024-05-03,1000000.00,4.817407,95.974609375
08:00:33,912810TZ1,TSRYS5752098,D,S,T,2024-05-03,1000000.00,4.817407,95.974609375
08:00:33,912810TZ1,TSRYS5752098,D,S,T,2024-05-03,1000000.00,4.812497,96.03515625
08:00:33,912810TZ1,TSRYS5752098,D,S,T,2024-05-03,1000000.00,4.812655,96.033203125
08:00:33,912810TZ1,TSRYS5752098,D,S,T,2024-05-03,1000000.00,4.807116,96.1015625
08:00:33,912810TZ1,TSRYS5752098,D,S,T,2024-05-03,1000000.00,4.806483,96.109375
08:00:33,912810TZ1,TSRYS5752098,D,S,T,2024-05-03,1000000.00,4.806483,96.109375
08:00:33,912810TZ1,TSRYS5752098,D,S,T,2024-05-03,2000000.00,4.806483,96.109375
08:00:33,912810TZ1,TSRYS5752098,D,S,T,2024-05-03,2000000.00,4.806483,96.109375
08:00:33,912810TZ1,TSRYS5752098,D,S,T,2024-05-03,1000000.00,4.806166,96.11328125
08:00:33,912810TZ1,TSRYS5752098,D,S,T,2024-05-03,2000000.00,4.806166,96.11328125
08:00:33,912810TZ1,TSRYS5752098,D,S,T,2024-05-03,1000000.00,4.81408,96.015625
08:00:33,912810TZ1,TSRYS5752098,D,S,T,2024-05-03,1000000.00,4.817883,95.96875
08:00:33,912810TZ1,TSRYS5752098,D,S,T,2024-05-03,1000000.00,4.817883,95.96875
08:00:33,912810TZ1,TSRYS5752098,D,S,T,2024-05-03,1000000.00,4.817883,95.96875
08:00:33,912810TZ1,TSRYS5752098,D,S,T,2024-05-03,1000000.00,4.817883,95.96875
08:00:33,912810TZ1,TSRYS5752098,D,S,T,2024-05-03,1000000.00,4.81709,95.978515625
08:00:33,912810TZ1,TSRYS5752098,D,S,T,2024-05-03,1000000.00,4.817249,95.9765625
08:00:33,912810TZ1,TSRYS5752098,D,S,T,2024-05-03,1000000.00,4.810755,96.056640625
08:00:33,912810TZ1,TSRYS5752098,D,S,T,2024-05-03,1000000.00,4.806483,96.109375
08:00:33,912810TZ1,TSRYS5752098,D,S,T,2024-05-03,1000000.00,4.806483,96.109375
08:00:33,912810TZ1,TSRYS5752098,D,S,T,2024-05-03,1000000.00,4.810597,96.05859375
08:00:33,912810TZ1,TSRYS5752098,D,S,T,2024-05-03,1000000.00,4.817883,95.96875
08:00:33,912810TZ1,TSRYS5752098,D,S,T,2024-05-03,1000000.00,4.817883,95.96875
08:00:33,912810TZ1,TSRYS5752098,D,B,C,2024-05-03,20000.00,4.807148,96.1011625
08:00:37,912810TZ1,TSRYS5752098,D,S,D,2024-05-03,1000000.00,4.803004,96.15234375
08:00:37,912810TZ1,TSRYS5752098,D,S,D,2024-05-03,1000000.00,4.804269,96.13671875
08:00:37,912810TZ1,TSRYS5752098,D,S,D,2024-05-03,1000000.00,4.804269,96.13671875
08:00:37,912810TZ1,TSRYS5752098,D,S,A,2024-05-03,250000.00,4.821053,95.9296875
08:00:37,912810TZ1,TSRYS5752098,D,S,T,2024-05-03,1000000.00,4.828034,95.84375
08:00:37,912810TZ1,TSRYS5752098,D,S,T,2024-05-03,1000000.00,4.828034,95.84375
08:00:37,912810TZ1,TSRYS5752098,D,S,T,2024-05-03,1000000.00,4.828034,95.84375
08:00:37,912810TZ1,TSRYS5752098,D,S,T,2024-05-03,1000000.00,4.828034,95.84375
08:00:37,912810TZ1,TSRYS5752098,D,S,T,2024-05-03,1000000.00,4.828034,95.84375
08:00:37,912810TZ1,TSRYS5752098,D,S,A,2024-05-03,100000.00,4.82613,95.8671875
08:00:37,912810TZ1,TSRYS5752098,D,S,A,2024-05-03,200000.00,4.828696,95.8359375
08:00:37,912810TZ1,TSRYS5752098,D,S,A,2024-05-03,150000.00,4.816298,95.98828125
08:00:37,912810TZ1,TSRYS5752098,D,S,C,2024-05-03,800000.00,4.830575,95.8125
08:00:43,912810TZ1,TSRYS5752098,D,B,A,2024-05-03,150000.00,4.820102,95.94140625
08:00:43,912810TZ1,TSRYS5752098,D,B,A,2024-05-03,100000.00,4.820419,95.9375
08:00:44,912810TZ1,TSRYS5752098,D,S,C,2024-05-03,25300000.00,4.876403,95.25
08:00:45,912810TZ1,TSRYS5752098,D,B,A,2024-05-03,1541000.00,4.819785,95.945312
08:00:48,912810TZ1,TSRYS5752098,D,S,T,2024-05-03,1000000.00,4.816465,95.986228125
08:00:49,912810TZ1,TSRYS5752098,D,S,T,2024-05-03,1000000.00,4.805067,96.126853125
08:00:54,912810TZ1,TSRYS5752098,D,S,D,2024-05-03,25300000.00,4.876403,95.25
08:01:01,912810TZ1,TSRYS5752098,D,S,C,2024-05-03,1000000.00,4.823274,95.90234375
08:01:01,912810TZ1,TSRYS5752098,D,B,C,2024-05-03,1000000.00,4.823274,95.90234375
08:01:01,912810TZ1,TSRYS5752098,D,B,C,2024-05-03,2000000.00,4.825495,95.875
08:01:01,912810TZ1,TSRYS5752098,D,S,D,2024-05-03,2000000.00,4.825495,95.875
08:01:01,912810TZ1,TSRYS5752098,D,B,C,2024-05-03,1000000.00,4.82867,95.8359375
08:01:01,912810TZ1,TSRYS5752098,D,S,D,2024-05-03,1000000.00,4.82867,95.8359375
08:01:01,912810TZ1,TSRYS5752098,D,S,D,2024-05-03,1000000.00,4.820102,95.94140625
08:01:02,912810TZ1,TSRYS5752098,D,S,C,2024-05-03,1000000.00,4.818834,95.95703125
08:01:02,912810TZ1,TSRYS5752098,D,S,D,2024-05-03,1000000.00,4.817249,95.9765625
08:01:02,912810TZ1,TSRYS5752098,D,B,C,2024-05-03,1000000.00,4.816932,95.98046875
08:01:02,912810TZ1,TSRYS5752098,D,S,C,2024-05-03,1000000.00,4.818834,95.95703125
08:01:02,912810TZ1,TSRYS5752098,D,S,D,2024-05-03,1000000.00,4.816932,95.98046875
08:01:02,912810TZ1,TSRYS5752098,D,B,C,2024-05-03,1000000.00,4.817249,95.9765625
08:01:02,912810TZ1,TSRYS5752098,D,B,C,2024-05-03,1000000.00,4.81408,96.015625
08:01:02,912810TZ1,TSRYS5752098,D,S,C,2024-05-03,1000000.00,4.81408,96.015625
08:01:02,912810TZ1,TSRYS5752098,D,S,D,2024-05-03,1000000.00,4.814714,96.0078125
08:01:03,912810TZ1,TSRYS5752098,D,S,C,2024-05-03,1000000.00,4.815031,96.00390625
08:01:03,912810TZ1,TSRYS5752098,D,S,C,2024-05-03,1000000.00,4.815031,96.00390625
08:01:03,912810TZ1,TSRYS5752098,D,S,C,2024-05-03,1000000.00,4.811863,96.04296875
08:01:03,912810TZ1,TSRYS5752098,D,S,C,2024-05-03,1000000.00,4.813447,96.0234375
08:01:03,912810TZ1,TSRYS5752098,D,S,D,2024-05-03,1000000.00,4.808381,96.0859375
08:01:03,912810TZ1,TSRYS5752098,D,S,D,2024-05-03,1000000.00,4.809014,96.078125
08:01:03,912810TZ1,TSRYS5752098,D,S,C,2024-05-03,1000000.00,4.810913,96.0546875
08:01:03,912810TZ1,TSRYS5752098,D,S,C,2024-05-03,1000000.00,4.813764,96.01953125
08:01:03,912810TZ1,TSRYS5752098,D,S,C,2024-05-03,1000000.00,4.816615,95.984375
08:01:03,912810TZ1,TSRYS5752098,D,B,C,2024-05-03,1000000.00,4.816615,95.984375
08:01:03,912810TZ1,TSRYS5752098,D,S,A,2024-05-03,1000000.00,4.821688,95.921875
08:01:04,912810TZ1,TSRYS5752098,D,B,C,2024-05-03,516000.00,4.809014,96.078125
08:01:11,912810TZ1,TSRYS5752098,D,S,D,2024-05-03,1000000.00,4.808381,96.0859375
08:01:11,912810TZ1,TSRYS5752098,D,S,D,2024-05-03,1000000.00,4.809014,96.078125
08:01:12,912810TZ1,TSRYS5752098,D,S,T,2024-05-03,1000000.00,4.809339,96.07411875
08:01:12,912810TZ1,TSRYS5752098,D,S,T,2024-05-03,1000000.00,4.809339,96.07411875
08:01:12,912810TZ1,TSRYS5752098,D,S,T,2024-05-03,1000000.00,4.809339,96.07411875
08:01:12,912810TZ1,TSRYS5752098,D,S,T,2024-05-03,1000000.00,4.808864,96.079978125
08:01:12,912810TZ1,TSRYS5752098,D,S,D,2024-05-03,1000000.00,4.803004,96.15234375
08:01:12,912810TZ1,TSRYS5752098,D,B,C,2024-05-03,1000000.00,4.803004,96.15234375
08:01:12,912810TZ1,TSRYS5752098,D,S,D,2024-05-03,1000000.00,4.804269,96.13671875
08:01:12,912810TZ1,TSRYS5752098,D,B,C,2024-05-03,1000000.00,4.804269,96.13671875
08:01:12,912810TZ1,TSRYS5752098,D,S,D,2024-05-03,1000000.00,4.804269,96.13671875
08:01:12,912810TZ1,TSRYS5752098,D,B,C,2024-05-03,1000000.00,4.804269,96.13671875
08:01:12,912810TZ1,TSRYS5752098,D,S,T,2024-05-03,1000000.00,4.809032,96.0779
08:01:13,912810TZ1,TSRYS5752098,D,S,D,2024-05-03,3000000.00,4.820045,95.9421063
08:01:13,912810TZ1,TSRYS5752098,D,S,D,2024-05-03,2000000.00,4.825438,95.8757
08:01:13,912810TZ1,TSRYS5752098,D,S,D,2024-05-03,1000000.00,4.816875,95.9811688
08:01:13,912810TZ1,TSRYS5752098,D,S,D,2024-05-03,1000000.00,4.817034,95.9792156
08:01:13,912810TZ1,TSRYS5752098,D,S,D,2024-05-03,1000000.00,4.81735,95.9753094
08:01:13,912810TZ1,TSRYS5752098,D,S,D,2024-05-03,2000000.00,4.817192,95.9772625
08:01:13,912810TZ1,TSRYS5752098,D,S,D,2024-05-03,1000000.00,4.81735,95.9753094
08:01:13,912810TZ1,TSRYS5752098,D,S,D,2024-05-03,1000000.00,4.81735,95.9753094
08:01:13,912810TZ1,TSRYS5752098,D,S,D,2024-05-03,1000000.00,4.81735,95.9753094
08:01:13,912810TZ1,TSRYS5752098,D,S,D,2024-05-03,1000000.00,4.81735,95.9753094
08:01:13,912810TZ1,TSRYS5752098,D,S,D,2024-05-03,1000000.00,4.814657,96.0085125
08:01:14,912810TZ1,TSRYS5752098,D,S,T,2024-05-03,1000000.00,4.803952,96.140625
08:01:14,912810TZ1,TSRYS5752098,D,S,T,2024-05-03,1000000.00,4.803952,96.140625
08:01:16,912810TZ1,TSRYS5752098,D,S,D,2024-05-03,1000000.00,4.825336,95.876953125
08:01:16,912810TZ1,TSRYS5752098,D,B,C,2024-05-03,1000000.00,4.825336,95.876953125
08:01:16,912810TZ1,TSRYS5752098,D,S,D,2024-05-03,1000000.00,4.825336,95.876953125
08:01:16,912810TZ1,TSRYS5752098,D,B,C,2024-05-03,1000000.00,4.825336,95.876953125
08:01:16,912810TZ1,TSRYS5752098,D,S,D,2024-05-03,1000000.00,4.826447,95.86328125
08:01:16,912810TZ1,TSRYS5752098,D,B,C,2024-05-03,1000000.00,4.826447,95.86328125
08:01:18,912810TZ1,TSRYS5752098,D,B,C,2024-05-03,310000.00,4.827399,95.8515625
08:01:19,912810TZ1,TSRYS5752098,D,S,A,2024-05-03,98500.00,4.835051,95.7578125
08:01:20,912810TZ1,TSRYS5752098,D,B,A,2024-05-03,2537000.00,4.81313,96.027344
08:01:22,912810TZ1,TSRYS5752098,D,B,C,2024-05-03,1072000.00,4.803952,96.140625
08:01:22,912810TZ1,TSRYS5752098,D,S,A,2024-05-03,30000000.00,4.807748,96.09375
08:01:24,912810TZ1,TSRYS5752098,D,S,D,2024-05-03,1000000.00,4.82867,95.8359375
08:01:24,912810TZ1,TSRYS5752098,D,B,C,2024-05-03,1000000.00,4.82867,95.8359375
08:01:24,912810TZ1,TSRYS5752098,D,S,D,2024-05-03,1000000.00,4.826923,95.857421875
08:01:24,912810TZ1,TSRYS5752098,D,B,C,2024-05-03,1000000.00,4.826923,95.857421875
08:01:26,912810TZ1,TSRYS5752098,D,S,D,2024-05-03,1000000.00,4.818834,95.95703125
08:01:26,912810TZ1,TSRYS5752098,D,S,D,2024-05-03,1000000.00,4.818358,95.96289062
08:01:26,912810TZ1,TSRYS5752098,D,S,D,2024-05-03,1000000.00,4.819151,95.953125
08:01:26,912810TZ1,TSRYS5752098,D,S,T,2024-05-03,1000000.00,4.818675,95.95898437
08:01:26,912810TZ1,TSRYS5752098,D,S,T,2024-05-03,1000000.00,4.818675,95.95898437
08:01:27,912810TZ1,TSRYS5752098,D,S,D,2024-05-03,1000000.00,4.819151,95.953125
08:01:28,912810TZ1,TSRYS5752098,D,S,D,2024-05-03,1000000.00,4.818834,95.95703125
08:01:28,912810TZ1,TSRYS5752098,D,S,T,2024-05-03,1000000.00,4.818517,95.9609375
08:01:28,912810TZ1,TSRYS5752098,D,S,D,2024-05-03,19000000.00,4.806514,96.10899
08:01:28,912810TZ1,TSRYS5752098,D,S,D,2024-05-03,1000000.00,4.816615,95.984375
08:01:28,912810TZ1,TSRYS5752098,D,S,T,2024-05-03,1000000.00,4.805218,96.125
08:01:28,912810TZ1,TSRYS5752098,D,S,T,2024-05-03,1000000.00,4.803636,96.14453125
08:01:29,912810TZ1,TSRYS5752098,D,S,T,2024-05-03,1000000.00,4.803952,96.140625
08:01:29,912810TZ1,TSRYS5752098,D,S,D,2024-05-03,1000000.00,4.815664,95.99609375
08:01:29,912810TZ1,TSRYS5752098,D,S,D,2024-05-03,1000000.00,4.815664,95.99609375
08:01:29,912810TZ1,TSRYS5752098,D,S,T,2024-05-03,1000000.00,4.815823,95.99414062
08:01:29,912810TZ1,TSRYS5752098,D,S,D,2024-05-03,1000000.00,4.815823,95.99414062
08:01:29,912810TZ1,TSRYS5752098,D,S,D,2024-05-03,1000000.00,4.815981,95.9921875
08:01:29,912810TZ1,TSRYS5752098,D,S,D,2024-05-03,1000000.00,4.815981,95.9921875
08:01:29,912810TZ1,TSRYS5752098,D,S,T,2024-05-03,1000000.00,4.814714,96.0078125
08:01:29,912810TZ1,TSRYS5752098,D,S,D,2024-05-03,1000000.00,4.814714,96.0078125
08:01:29,912810TZ1,TSRYS5752098,D,S,T,2024-05-03,1000000.00,4.814714,96.0078125
08:01:29,912810TZ1,TSRYS5752098,D,S,D,2024-05-03,1000000.00,4.814714,96.0078125
08:01:29,912810TZ1,TSRYS5752098,D,S,T,2024-05-03,1000000.00,4.814555,96.00976562
08:01:29,912810TZ1,TSRYS5752098,D,S,D,2024-05-03,1000000.00,4.815031,96.00390625
08:01:29,912810TZ1,TSRYS5752098,D,S,D,2024-05-03,1000000.00,4.815031,96.00390625
08:01:29,912810TZ1,TSRYS5752098,D,S,D,2024-05-03,1000000.00,4.815189,96.00195312
08:01:29,912810TZ1,TSRYS5752098,D,S,D,2024-05-03,1000000.00,4.812497,96.03515625
08:01:29,912810TZ1,TSRYS5752098,D,S,D,2024-05-03,1000000.00,4.812497,96.03515625
08:01:29,912810TZ1,TSRYS5752098,D,S,D,2024-05-03,1000000.00,4.811863,96.04296875
08:01:29,912810TZ1,TSRYS5752098,D,S,T,2024-05-03,1000000.00,4.811563,96.046675
08:01:29,912810TZ1,TSRYS5752098,D,S,T,2024-05-03,1000000.00,4.811563,96.046675
08:01:29,912810TZ1,TSRYS5752098,D,S,T,2024-05-03,1000000.00,4.811563,96.046675
08:01:29,912810TZ1,TSRYS5752098,D,S,T,2024-05-03,1000000.00,4.812655,96.03320312
08:01:29,912810TZ1,TSRYS5752098,D,S,D,2024-05-03,1000000.00,4.813447,96.0234375
08:01:29,912810TZ1,TSRYS5752098,D,S,D,2024-05-03,1000000.00,4.813447,96.0234375
08:01:30,912810TZ1,TSRYS5752098,D,S,T,2024-05-03,1000000.00,4.803965,96.140475
08:01:30,912810TZ1,TSRYS5752098,D,S,T,2024-05-03,1000000.00,4.803965,96.140475
08:01:30,912810TZ1,TSRYS5752098,D,S,T,2024-05-03,1000000.00,4.803952,96.140625
08:01:31,912810TZ1,TSRYS5752098,D,S,D,2024-05-03,1000000.00,4.813288,96.02539062
08:01:31,912810TZ1,TSRYS5752098,D,S,D,2024-05-03,1000000.00,4.813288,96.02539062
08:01:31,912810TZ1,TSRYS5752098,D,S,D,2024-05-03,1000000.00,4.813288,96.02539062
08:01:31,912810TZ1,TSRYS5752098,D,S,T,2024-05-03,1000000.00,4.812655,96.03320312
08:01:31,912810TZ1,TSRYS5752098,D,S,T,2024-05-03,1000000.00,4.812655,96.03320312
08:01:31,912810TZ1,TSRYS5752098,D,S,T,2024-05-03,1000000.00,4.811563,96.046675
08:01:31,912810TZ1,TSRYS5752098,D,S,D,2024-05-03,1000000.00,4.811863,96.04296875
08:01:31,912810TZ1,TSRYS5752098,D,S,T,2024-05-03,1000000.00,4.811563,96.046675
08:01:31,912810TZ1,TSRYS5752098,D,S,T,2024-05-03,1000000.00,4.810122,96.06445312
08:01:31,912810TZ1,TSRYS5752098,D,S,T,2024-05-03,1000000.00,4.81028,96.0625
08:01:31,912810TZ1,TSRYS5752098,D,B,C,2024-05-03,42000000.00,4.814571,96.00958
08:01:34,912810TZ1,TSRYS5752098,D,S,D,2024-05-03,500000.00,4.815664,95.99609375
08:01:34,912810TZ1,TSRYS5752098,D,S,T,2024-05-03,1000000.00,4.807765,96.09355
08:01:34,912810TZ1,TSRYS5752098,D,S,T,2024-05-03,1000000.00,4.807765,96.09355
08:01:34,912810TZ1,TSRYS5752098,D,S,T,2024-05-03,1000000.00,4.807765,96.09355
08:01:34,912810TZ1,TSRYS5752098,D,S,T,2024-05-03,1000000.00,4.807765,96.09355
08:01:34,912810TZ1,TSRYS5752098,D,S,T,2024-05-03,1000000.00,4.807765,96.09355
08:01:34,912810TZ1,TSRYS5752098,D,S,T,2024-05-03,1000000.00,4.807765,96.09355
08:01:34,912810TZ1,TSRYS5752098,D,S,T,2024-05-03,1000000.00,4.80903,96.077925
08:01:34,912810TZ1,TSRYS5752098,D,S,T,2024-05-03,1000000.00,4.809172,96.07617187
08:01:35,912810TZ1,TSRYS5752098,D,S,D,2024-05-03,1000000.00,4.809172,96.07617187
08:01:35,912810TZ1,TSRYS5752098,D,S,T,2024-05-03,1000000.00,4.809172,96.07617187
08:01:35,912810TZ1,TSRYS5752098,D,S,D,2024-05-03,1000000.00,4.809172,96.07617187
08:01:35,912810TZ1,TSRYS5752098,D,S,D,2024-05-03,1000000.00,4.809172,96.07617187
08:01:35,912810TZ1,TSRYS5752098,D,S,T,2024-05-03,1000000.00,4.809172,96.07617187
08:01:35,912810TZ1,TSRYS5752098,D,S,D,2024-05-03,1000000.00,4.809331,96.07421875
08:01:35,912810TZ1,TSRYS5752098,D,S,D,2024-05-03,1000000.00,4.809964,96.06640625
08:01:35,912810TZ1,TSRYS5752098,D,S,D,2024-05-03,1000000.00,4.811863,96.04296875
08:01:35,912810TZ1,TSRYS5752098,D,S,D,2024-05-03,1000000.00,4.811863,96.04296875
08:01:35,912810TZ1,TSRYS5752098,D,S,D,2024-05-03,1000000.00,4.811072,96.05273437
08:01:35,912810TZ1,TSRYS5752098,D,S,T,2024-05-03,1000000.00,4.812813,96.03125
08:01:35,912810TZ1,TSRYS5752098,D,S,C,2024-05-03,1000000.00,4.812338,96.03710937
08:01:36,912810TZ1,TSRYS5752098,D,S,D,2024-05-03,1000000.00,4.812655,96.03320312
08:01:36,912810TZ1,TSRYS5752098,D,S,D,2024-05-03,1000000.00,4.812655,96.03320312
08:01:36,912810TZ1,TSRYS5752098,D,S,D,2024-05-03,1000000.00,4.812655,96.03320312
08:01:36,912810TZ1,TSRYS5752098,D,S,D,2024-05-03,1000000.00,4.813764,96.01953125
08:01:36,912810TZ1,TSRYS5752098,D,S,T,2024-05-03,1000000.00,4.816615,95.984375
08:01:36,912810TZ1,TSRYS5752098,D,S,D,2024-05-03,1000000.00,4.816615,95.984375
08:01:36,912810TZ1,TSRYS5752098,D,S,T,2024-05-03,1000000.00,4.816615,95.984375
08:01:36,912810TZ1,TSRYS5752098,D,S,T,2024-05-03,1000000.00,4.816615,95.984375
08:01:36,912810TZ1,TSRYS5752098,D,S,C,2024-05-03,1000000.00,4.816615,95.984375
08:01:36,912810TZ1,TSRYS5752098,D,S,T,2024-05-03,1000000.00,4.816615,95.984375
08:01:36,912810TZ1,TSRYS5752098,D,B,C,2024-05-03,25000000.00,4.811587,96.04638
08:01:40,912810TZ1,TSRYS5752098,D,S,C,2024-05-03,1000000.00,4.811547,96.046875
08:01:40,912810TZ1,TSRYS5752098,D,S,D,2024-05-03,1000000.00,4.809964,96.06640625
08:01:41,912810TZ1,TSRYS5752098,D,S,D,2024-05-03,1000000.00,4.810122,96.06445312
08:01:43,912810TZ1,TSRYS5752098,D,S,A,2024-05-03,4288000.00,4.818358,95.962890625
08:01:47,912810TZ1,TSRYS5752098,D,S,C,2024-05-03,10000000.00,4.826328,95.86475
08:01:47,912810TZ1,TSRYS5752098,D,S,D,2024-05-03,10000000.00,4.826328,95.86475
08:01:48,912810TZ1,TSRYS5752098,D,B,A,2024-05-03,854000.00,4.83566,95.75
08:01:50,912810TZ1,TSRYS5752098,D,S,T,2024-05-03,1000000.00,4.803952,96.140625
08:01:50,912810TZ1,TSRYS5752098,D,S,T,2024-05-03,1000000.00,4.803952,96.140625
08:01:50,912810TZ1,TSRYS5752098,D,S,T,2024-05-03,1000000.00,4.803952,96.140625
08:01:50,912810TZ1,TSRYS5752098,D,S,T,2024-05-03,1000000.00,4.803965,96.140475
08:01:50,912810TZ1,TSRYS5752098,D,S,T,2024-05-03,1000000.00,4.803952,96.140625
08:01:51,912810TZ1,TSRYS5752098,D,S,D,2024-05-03,175000.00,4.825495,95.875
08:01:51,912810TZ1,TSRYS5752098,D,S,T,2024-05-03,2000000.00,4.803952,96.140625
08:01:55,912810TZ1,TSRYS5752098,D,S,A,2024-05-03,30000000.00,4.876526,95.25
08:01:56,912810TZ1,TSRYS5752098,D,B,C,2024-05-03,1000000.00,4.820102,95.94140625
08:01:56,912810TZ1,TSRYS5752098,D,S,D,2024-05-03,1000000.00,4.820102,95.94140625
08:01:56,912810TZ1,TSRYS5752098,D,S,D,2024-05-03,1000000.00,4.820102,95.94140625
08:01:59,912810TZ1,TSRYS5752098,D,S,D,2024-05-03,72200.00,4.816615,95.984375
08:02:02,912810TZ1,TSRYS5752098,D,S,C,2024-05-03,6000000.00,4.805954,96.1159
08:02:02,912810TZ1,TSRYS5752098,D,S,D,2024-05-03,6000000.00,4.805954,96.1159
08:02:03,912810TZ1,TSRYS5752098,D,S,D,2024-05-03,178200.00,4.809014,96.078125
08:02:04,912810TZ1,TSRYS5752098,D,S,T,2024-05-03,1000000.00,4.826765,95.859375
08:02:04,912810TZ1,TSRYS5752098,D,S,D,2024-05-03,1000000.00,4.816604,95.984505
08:02:04,912810TZ1,TSRYS5752098,D,S,D,2024-05-03,1000000.00,4.816604,95.984505
08:02:04,912810TZ1,TSRYS5752098,D,S,D,2024-05-03,1000000.00,4.816604,95.984505
08:02:04,912810TZ1,TSRYS5752098,D,B,C,2024-05-03,1000000.00,4.816615,95.984375
08:02:04,912810TZ1,TSRYS5752098,D,B,C,2024-05-03,1000000.00,4.816615,95.984375
08:02:04,912810TZ1,TSRYS5752098,D,S,D,2024-05-03,1000000.00,4.816604,95.984505
08:02:04,912810TZ1,TSRYS5752098,D,B,C,2024-05-03,1000000.00,4.816629,95.9842
08:02:05,912810TZ1,TSRYS5752098,D,S,A,2024-05-03,1000000.00,4.82613,95.8671875
08:02:05,912810TZ1,TSRYS5752098,D,B,C,2024-05-03,1000000.00,4.822956,95.90625
08:02:05,912810TZ1,TSRYS5752098,D,S,C,2024-05-03,1000000.00,4.822956,95.90625
08:02:05,912810TZ1,TSRYS5752098,D,S,D,2024-05-03,1000000.00,4.826765,95.859375
08:02:05,912810TZ1,TSRYS5752098,D,B,C,2024-05-03,1000000.00,4.826765,95.859375
08:02:05,912810TZ1,TSRYS5752098,D,S,C,2024-05-03,1000000.00,4.828034,95.84375
08:02:05,912810TZ1,TSRYS5752098,D,S,C,2024-05-03,1000000.00,4.828018,95.84395
08:02:06,912810TZ1,TSRYS5752098,D,S,C,2024-05-03,1000000.00,4.828034,95.84375
08:02:06,912810TZ1,TSRYS5752098,D,S,D,2024-05-03,1000000.00,4.828034,95.84375
08:02:06,912810TZ1,TSRYS5752098,D,S,C,2024-05-03,1000000.00,4.828018,95.84395
08:02:06,912810TZ1,TSRYS5752098,D,B,C,2024-05-03,1000000.00,4.828047,95.843598
08:02:06,912810TZ1,TSRYS5752098,D,B,C,2024-05-03,1000000.00,4.828034,95.84375
08:02:06,912810TZ1,TSRYS5752098,D,S,D,2024-05-03,1000000.00,4.828024,95.84388
08:02:06,912810TZ1,TSRYS5752098,D,B,C,2024-05-03,1000000.00,4.828034,95.84375
08:02:06,912810TZ1,TSRYS5752098,D,S,D,2024-05-03,1000000.00,4.828024,95.84388
08:02:06,912810TZ1,TSRYS5752098,D,S,C,2024-05-03,1000000.00,4.826765,95.859375
08:02:06,912810TZ1,TSRYS5752098,D,B,C,2024-05-03,1000000.00,4.826777,95.859223
08:02:06,912810TZ1,TSRYS5752098,D,S,C,2024-05-03,5000000.00,4.807432,96.09765625
08:02:06,912810TZ1,TSRYS5752098,D,S,C,2024-05-03,1000000.00,4.826765,95.859375
08:02:06,912810TZ1,TSRYS5752098,D,S,C,2024-05-03,1000000.00,4.825495,95.875
08:02:10,912810TZ1,TSRYS5752098,D,S,A,2024-05-03,25000.00,4.816925,95.98086875
08:02:10,912810TZ1,TSRYS5752098,D,S,T,2024-05-03,1000000.00,4.811547,96.046875
08:02:10,912810TZ1,TSRYS5752098,D,S,C,2024-05-03,1000000.00,4.810913,96.0546875
08:02:14,912810TZ1,TSRYS5752098,D,S,T,2024-05-03,1000000.00,4.812813,96.03125
08:02:17,912810TZ1,TSRYS5752098,D,S,D,2024-05-03,1000000.00,4.810913,96.0546875
08:02:18,912810TZ1,TSRYS5752098,D,S,T,2024-05-03,1000000.00,4.81028,96.0625
08:02:18,912810TZ1,TSRYS5752098,D,S,T,2024-05-03,1000000.00,4.81028,96.0625
08:02:20,912810TZ1,TSRYS5752098,D,S,T,2024-05-03,1000000.00,4.812813,96.03125
08:02:21,912810TZ1,TSRYS5752098,D,B,C,2024-05-03,1000000.00,4.830575,95.8125
08:02:21,912810TZ1,TSRYS5752098,D,S,D,2024-05-03,1400000.00,4.830575,95.8125
08:02:21,912810TZ1,TSRYS5752098,D,S,D,2024-05-03,360000.00,4.824543,95.88671875
08:02:21,912810TZ1,TSRYS5752098,D,S,C,2024-05-03,200000.00,4.82613,95.8671875
08:02:21,912810TZ1,TSRYS5752098,D,S,D,2024-05-03,75000.00,4.824226,95.890625
08:02:22,912810TZ1,TSRYS5752098,D,B,C,2024-05-03,8000000.00,4.811235,96.05072
08:02:22,912810TZ1,TSRYS5752098,D,S,D,2024-05-03,500000.00,4.808698,96.08203125
08:02:22,912810TZ1,TSRYS5752098,D,S,D,2024-05-03,1000000.00,4.808438,96.0852375
08:02:22,912810TZ1,TSRYS5752098,D,S,D,2024-05-03,2000000.00,4.809071,96.077425
08:02:22,912810TZ1,TSRYS5752098,D,S,D,2024-05-03,2000000.00,4.809387,96.0735188
08:02:22,912810TZ1,TSRYS5752098,D,S,D,2024-05-03,1000000.00,4.809387,96.0735188
08:02:22,912810TZ1,TSRYS5752098,D,S,D,2024-05-03,1000000.00,4.808913,96.0793781
08:02:27,912810TZ1,TSRYS5752098,D,S,D,2024-05-03,1000000.00,4.828024,95.84388
08:02:27,912810TZ1,TSRYS5752098,D,B,C,2024-05-03,1000000.00,4.828034,95.84375
08:02:28,912810TZ1,TSRYS5752098,D,S,D,2024-05-03,1000000.00,4.818675,95.958984375
08:02:28,912810TZ1,TSRYS5752098,D,S,D,2024-05-03,1000000.00,4.818675,95.958984375
08:02:29,912810TZ1,TSRYS5752098,D,S,C,2024-05-03,1000000.00,4.829305,95.828125
08:02:29,912810TZ1,TSRYS5752098,D,B,C,2024-05-03,1000000.00,4.829317,95.827973
08:02:29,912810TZ1,TSRYS5752098,D,S,D,2024-05-03,1000000.00,4.830575,95.8125
08:02:29,912810TZ1,TSRYS5752098,D,B,C,2024-05-03,1000000.00,4.830587,95.812348
08:02:30,912810TZ1,TSRYS5752098,D,S,D,2024-05-03,1000000.00,4.830575,95.8125
08:02:30,912810TZ1,TSRYS5752098,D,B,C,2024-05-03,1000000.00,4.830587,95.812348
08:02:30,912810TZ1,TSRYS5752098,D,B,C,2024-05-03,1000000.00,4.833117,95.78125
08:02:30,912810TZ1,TSRYS5752098,D,S,D,2024-05-03,1000000.00,4.833106,95.78138
08:02:30,912810TZ1,TSRYS5752098,D,S,C,2024-05-03,1000000.00,4.834372,95.765825
08:02:31,912810TZ1,TSRYS5752098,D,B,C,2024-05-03,1000000.00,4.834388,95.765625
08:02:31,912810TZ1,TSRYS5752098,D,S,C,2024-05-03,1000000.00,4.834388,95.765625
08:02:31,912810TZ1,TSRYS5752098,D,B,C,2024-05-03,1000000.00,4.834388,95.765625
08:02:34,912810TZ1,TSRYS5752098,D,S,C,2024-05-03,1000000.00,4.834388,95.765625
08:02:34,912810TZ1,TSRYS5752098,D,B,C,2024-05-03,1000000.00,4.834401,95.765473
08:02:34,912810TZ1,TSRYS5752098,D,S,C,2024-05-03,1000000.00,4.834388,95.765625
08:02:34,912810TZ1,TSRYS5752098,D,B,C,2024-05-03,1000000.00,4.834404,95.765425
08:02:35,912810TZ1,TSRYS5752098,D,S,D,2024-05-03,1000000.00,4.833117,95.78125
08:02:35,912810TZ1,TSRYS5752098,D,B,C,2024-05-03,1000000.00,4.833129,95.781098
08:02:35,912810TZ1,TSRYS5752098,D,B,C,2024-05-03,1000000.00,4.833117,95.78125
08:02:35,912810TZ1,TSRYS5752098,D,S,D,2024-05-03,1000000.00,4.833117,95.78125
08:02:36,912810TZ1,TSRYS5752098,D,B,C,2024-05-03,1000000.00,4.830587,95.812348
08:02:36,912810TZ1,TSRYS5752098,D,S,D,2024-05-03,1000000.00,4.830565,95.81263
08:02:36,912810TZ1,TSRYS5752098,D,S,D,2024-05-03,1000000.00,4.830565,95.81263
08:02:36,912810TZ1,TSRYS5752098,D,B,C,2024-05-03,1000000.00,4.830575,95.8125
08:02:36,912810TZ1,TSRYS5752098,D,S,C,2024-05-03,1000000.00,4.830575,95.8125
08:02:36,912810TZ1,TSRYS5752098,D,B,C,2024-05-03,1000000.00,4.829317,95.827973
08:02:36,912810TZ1,TSRYS5752098,D,S,C,2024-05-03,1000000.00,4.829305,95.828125
08:02:38,912810TZ1,TSRYS5752098,D,S,C,2024-05-03,1000000.00,4.828022,95.8439
08:02:39,912810TZ1,TSRYS5752098,D,B,C,2024-05-03,1000000.00,4.828051,95.84355
08:02:40,912810TZ1,TSRYS5752098,D,S,D,2024-05-03,1000000.00,4.817407,95.974609375
08:02:40,912810TZ1,TSRYS5752098,D,S,D,2024-05-03,1000000.00,4.817407,95.974609375
08:02:40,912810TZ1,TSRYS5752098,D,S,D,2024-05-03,1000000.00,4.817407,95.974609375
08:02:41,912810TZ1,TSRYS5752098,D,S,D,2024-05-03,1000000.00,4.817407,95.974609375
08:02:41,912810TZ1,TSRYS5752098,D,S,D,2024-05-03,1000000.00,4.817407,95.974609375
08:02:41,912810TZ1,TSRYS5752098,D,S,D,2024-05-03,1000000.00,4.818517,95.9609375
08:02:41,912810TZ1,TSRYS5752098,D,S,D,2024-05-03,1000000.00,4.826765,95.859375
08:02:41,912810TZ1,TSRYS5752098,D,S,D,2024-05-03,1000000.00,4.828034,95.84375
08:02:41,912810TZ1,TSRYS5752098,D,S,D,2024-05-03,2000000.00,4.828034,95.84375
08:02:41,912810TZ1,TSRYS5752098,D,S,C,2024-05-03,1000000.00,4.828018,95.84395
08:02:41,912810TZ1,TSRYS5752098,D,S,C,2024-05-03,1000000.00,4.828034,95.84375
08:02:41,912810TZ1,TSRYS5752098,D,S,C,2024-05-03,2000000.00,4.828018,95.84395
08:02:41,912810TZ1,TSRYS5752098,D,S,D,2024-05-03,2000000.00,4.828034,95.84375
08:02:41,912810TZ1,TSRYS5752098,D,S,C,2024-05-03,1000000.00,4.828034,95.84375
08:02:41,912810TZ1,TSRYS5752098,D,S,C,2024-05-03,1000000.00,4.828034,95.84375
08:02:41,912810TZ1,TSRYS5752098,D,S,C,2024-05-03,1000000.00,4.828034,95.84375
08:02:42,912810TZ1,TSRYS5752098,D,B,C,2024-05-03,10000000.00,4.801739,96.16796875
08:02:42,912810TZ1,TSRYS5752098,D,S,T,2024-05-03,1000000.00,4.802688,96.15625
08:02:44,912810TZ1,TSRYS5752098,D,S,D,2024-05-03,1000000.00,4.815823,95.994140625
08:02:44,912810TZ1,TSRYS5752098,D,S,D,2024-05-03,1000000.00,4.814555,96.009765625
08:02:44,912810TZ1,TSRYS5752098,D,S,D,2024-05-03,1000000.00,4.814714,96.0078125
08:02:44,912810TZ1,TSRYS5752098,D,S,C,2024-05-03,1000000.00,4.814714,96.0078125
08:02:44,912810TZ1,TSRYS5752098,D,B,C,2024-05-03,1000000.00,4.820419,95.9375
08:02:44,912810TZ1,TSRYS5752098,D,S,D,2024-05-03,1000000.00,4.820419,95.9375
08:02:45,912810TZ1,TSRYS5752098,D,S,D,2024-05-03,1000000.00,4.820419,95.9375
08:02:45,912810TZ1,TSRYS5752098,D,B,C,2024-05-03,1000000.00,4.820419,95.9375
08:02:45,912810TZ1,TSRYS5752098,D,S,D,2024-05-03,1000000.00,4.821677,95.922005
08:02:45,912810TZ1,TSRYS5752098,D,B,C,2024-05-03,1000000.00,4.821688,95.921875
08:02:46,912810TZ1,TSRYS5752098,D,S,C,2024-05-03,1000000.00,4.812497,96.03515625
08:02:47,912810TZ1,TSRYS5752098,D,S,C,2024-05-03,500000.00,4.823274,95.90234375
08:02:49,912810TZ1,TSRYS5752098,D,S,D,2024-05-03,1000000.00,4.824215,95.890755
08:02:49,912810TZ1,TSRYS5752098,D,S,C,2024-05-03,1000000.00,4.812655,96.033203125
08:02:51,912810TZ1,TSRYS5752098,D,B,A,2024-05-03,12000000.00,4.828696,95.8359375
08:02:51,912810TZ1,TSRYS5752098,D,S,T,2024-05-03,1000000.00,4.828034,95.84375
08:02:51,912810TZ1,TSRYS5752098,D,S,T,2024-05-03,2000000.00,4.828034,95.84375
08:02:51,912810TZ1,TSRYS5752098,D,S,T,2024-05-03,2000000.00,4.828034,95.84375
08:02:51,912810TZ1,TSRYS5752098,D,S,T,2024-05-03,1000000.00,4.828034,95.84375
08:02:51,912810TZ1,TSRYS5752098,D,S,C,2024-05-03,1000000.00,4.812655,96.033203125
08:02:51,912810TZ1,TSRYS5752098,D,S,C,2024-05-03,1000000.00,4.812655,96.033203125
08:02:51,912810TZ1,TSRYS5752098,D,S,T,2024-05-03,1000000.00,4.828034,95.84375
08:02:51,912810TZ1,TSRYS5752098,D,S,T,2024-05-03,1000000.00,4.828034,95.84375
08:02:51,912810TZ1,TSRYS5752098,D,S,T,2024-05-03,1000000.00,4.828034,95.84375
08:02:51,912810TZ1,TSRYS5752098,D,S,T,2024-05-03,2000000.00,4.828034,95.84375
08:02:51,912810TZ1,TSRYS5752098,D,S,T,2024-05-03,1000000.00,4.828034,95.84375
08:02:53,912810TZ1,TSRYS5752098,D,S,C,2024-05-03,1000000.00,4.812655,96.033203125
08:02:53,912810TZ1,TSRYS5752098,D,S,D,2024-05-03,1000000.00,4.810122,96.064453125
08:02:53,912810TZ1,TSRYS5752098,D,S,D,2024-05-03,1000000.00,4.81028,96.0625
08:02:53,912810TZ1,TSRYS5752098,D,S,C,2024-05-03,1000000.00,4.825495,95.875
08:02:53,912810TZ1,TSRYS5752098,D,S,C,2024-05-03,1000000.00,4.825495,95.875
08:02:53,912810TZ1,TSRYS5752098,D,S,D,2024-05-03,1000000.00,4.825495,95.875
08:02:53,912810TZ1,TSRYS5752098,D,S,C,2024-05-03,1000000.00,4.825479,95.8752
08:02:53,912810TZ1,TSRYS5752098,D,S,C,2024-05-03,1000000.00,4.825495,95.875
08:02:53,912810TZ1,TSRYS5752098,D,S,C,2024-05-03,1000000.00,4.810122,96.064453125
08:02:54,912810TZ1,TSRYS5752098,D,S,D,2024-05-03,1000000.00,4.824226,95.890625
08:02:54,912810TZ1,TSRYS5752098,D,B,C,2024-05-03,1000000.00,4.824238,95.890473
08:02:57,912810TZ1,TSRYS5752098,D,S,D,2024-05-03,1000000.00,4.825495,95.875
08:02:57,912810TZ1,TSRYS5752098,D,S,D,2024-05-03,1000000.00,4.825495,95.875
08:02:57,912810TZ1,TSRYS5752098,D,S,D,2024-05-03,2000000.00,4.825477,95.875225
08:02:57,912810TZ1,TSRYS5752098,D,S,C,2024-05-03,1000000.00,4.825495,95.875
08:02:57,912810TZ1,TSRYS5752098,D,S,C,2024-05-03,1000000.00,4.825479,95.8752
08:02:57,912810TZ1,TSRYS5752098,D,S,C,2024-05-03,1000000.00,4.825495,95.875
08:02:57,912810TZ1,TSRYS5752098,D,S,C,2024-05-03,1000000.00,4.825495,95.875
08:02:57,912810TZ1,TSRYS5752098,D,S,D,2024-05-03,1000000.00,4.825495,95.875
08:02:57,912810TZ1,TSRYS5752098,D,S,C,2024-05-03,1000000.00,4.825495,95.875
08:02:57,912810TZ1,TSRYS5752098,D,S,D,2024-05-03,1000000.00,4.825495,95.875
08:02:57,912810TZ1,TSRYS5752098,D,S,C,2024-05-03,1000000.00,4.825487,95.8751
08:02:57,912810TZ1,TSRYS5752098,D,S,D,2024-05-03,1000000.00,4.825495,95.875
08:02:57,912810TZ1,TSRYS5752098,D,S,C,2024-05-03,1000000.00,4.825495,95.875
08:02:57,912810TZ1,TSRYS5752098,D,S,C,2024-05-03,1000000.00,4.825479,95.8752
08:02:57,912810TZ1,TSRYS5752098,D,S,C,2024-05-03,1000000.00,4.825479,95.8752
08:02:57,912810TZ1,TSRYS5752098,D,S,C,2024-05-03,1000000.00,4.825495,95.875
08:02:57,912810TZ1,TSRYS5752098,D,S,C,2024-05-03,1000000.00,4.825483,95.87515
08:02:57,912810TZ1,TSRYS5752098,D,S,C,2024-05-03,1000000.00,4.825483,95.87515
08:02:57,912810TZ1,TSRYS5752098,D,S,C,2024-05-03,1000000.00,4.825495,95.875
08:02:57,912810TZ1,TSRYS5752098,D,S,C,2024-05-03,1000000.00,4.824217,95.890725
08:02:57,912810TZ1,TSRYS5752098,D,S,C,2024-05-03,1000000.00,4.824209,95.890825
08:02:57,912810TZ1,TSRYS5752098,D,S,C,2024-05-03,1000000.00,4.824226,95.890625
08:02:57,912810TZ1,TSRYS5752098,D,S,C,2024-05-03,1000000.00,4.824213,95.890775
08:02:57,912810TZ1,TSRYS5752098,D,S,C,2024-05-03,1000000.00,4.824226,95.890625
08:02:57,912810TZ1,TSRYS5752098,D,S,C,2024-05-03,1000000.00,4.821679,95.921975
08:02:57,912810TZ1,TSRYS5752098,D,B,C,2024-05-03,1000000.00,4.8217,95.921723
08:02:57,912810TZ1,TSRYS5752098,D,S,C,2024-05-03,2000000.00,4.821688,95.921875
08:02:58,912810TZ1,TSRYS5752098,D,S,C,2024-05-03,1000000.00,4.821679,95.921975
08:02:58,912810TZ1,TSRYS5752098,D,S,C,2024-05-03,1000000.00,4.821679,95.921975
08:02:58,912810TZ1,TSRYS5752098,D,S,C,2024-05-03,1000000.00,4.82294,95.90645
08:02:59,912810TZ1,TSRYS5752098,D,S,C,2024-05-03,1000000.00,4.82294,95.90645
08:02:59,912810TZ1,TSRYS5752098,D,S,C,2024-05-03,1000000.00,4.822956,95.90625
08:02:59,912810TZ1,TSRYS5752098,D,B,C,2024-05-03,1000000.00,4.822969,95.906098
08:02:59,912810TZ1,TSRYS5752098,D,S,C,2024-05-03,1000000.00,4.822956,95.90625
08:02:59,912810TZ1,TSRYS5752098,D,S,A,2024-05-03,100000.00,4.82486,95.8828125
08:03:00,912810TZ1,TSRYS5752098,D,B,C,2024-05-03,1000000.00,4.817883,95.96875
08:03:00,912810TZ1,TSRYS5752098,D,S,D,2024-05-03,1000000.00,4.817883,95.96875
08:03:00,912810TZ1,TSRYS5752098,D,S,D,2024-05-03,1000000.00,4.817883,95.96875
08:03:00,912810TZ1,TSRYS5752098,D,B,C,2024-05-03,1000000.00,4.817883,95.96875
08:03:00,912810TZ1,TSRYS5752098,D,S,D,2024-05-03,1000000.00,4.817883,95.96875
08:03:00,912810TZ1,TSRYS5752098,D,B,C,2024-05-03,1000000.00,4.817899,95.96855
08:03:00,912810TZ1,TSRYS5752098,D,B,C,2024-05-03,1000000.00,4.817883,95.96875
08:03:00,912810TZ1,TSRYS5752098,D,S,D,2024-05-03,1000000.00,4.817883,95.96875
08:03:00,912810TZ1,TSRYS5752098,D,S,D,2024-05-03,1000000.00,4.817883,95.96875
08:03:00,912810TZ1,TSRYS5752098,D,B,C,2024-05-03,1000000.00,4.817899,95.96855
08:03:00,912810TZ1,TSRYS5752098,D,S,D,2024-05-03,1000000.00,4.817883,95.96875
08:03:00,912810TZ1,TSRYS5752098,D,B,C,2024-05-03,1000000.00,4.817883,95.96875
08:03:00,912810TZ1,TSRYS5752098,D,S,D,2024-05-03,1000000.00,4.817883,95.96875
08:03:00,912810TZ1,TSRYS5752098,D,S,D,2024-05-03,1000000.00,4.817883,95.96875
08:03:00,912810TZ1,TSRYS5752098,D,B,C,2024-05-03,1000000.00,4.817883,95.96875
08:03:00,912810TZ1,TSRYS5752098,D,S,D,2024-05-03,1000000.00,4.817883,95.96875
08:03:00,912810TZ1,TSRYS5752098,D,B,C,2024-05-03,1000000.00,4.817883,95.96875
08:03:00,912810TZ1,TSRYS5752098,D,S,D,2024-05-03,1000000.00,4.817883,95.96875
08:03:01,912810TZ1,TSRYS5752098,D,S,T,2024-05-03,1000000.00,4.825505,95.87487
08:03:01,912810TZ1,TSRYS5752098,D,S,T,2024-05-03,1000000.00,4.825505,95.87487
08:03:01,912810TZ1,TSRYS5752098,D,S,T,2024-05-03,1000000.00,4.825505,95.87487
08:03:01,912810TZ1,TSRYS5752098,D,S,T,2024-05-03,1000000.00,4.825505,95.87487
08:03:01,912810TZ1,TSRYS5752098,D,S,T,2024-05-03,1000000.00,4.825505,95.87487
08:03:01,912810TZ1,TSRYS5752098,D,B,C,2024-05-03,770000.00,4.80585,96.1171875
08:03:02,912810TZ1,TSRYS5752098,D,S,A,2024-05-03,200000.00,4.82486,95.8828125
08:03:03,912810TZ1,TSRYS5752098,D,S,T,2024-05-03,1000000.00,4.825505,95.87487
08:03:03,912810TZ1,TSRYS5752098,D,S,T,2024-05-03,1000000.00,4.825505,95.87487
08:03:03,912810TZ1,TSRYS5752098,D,S,T,2024-05-03,2000000.00,4.825505,95.87487
08:03:03,912810TZ1,TSRYS5752098,D,S,T,2024-05-03,1000000.00,4.825505,95.87487
08:03:03,912810TZ1,TSRYS5752098,D,S,T,2024-05-03,1000000.00,4.825505,95.87487
08:03:03,912810TZ1,TSRYS5752098,D,S,T,2024-05-03,1000000.00,4.825505,95.87487
08:03:03,912810TZ1,TSRYS5752098,D,S,T,2024-05-03,1000000.00,4.825505,95.87487
08:03:03,912810TZ1,TSRYS5752098,D,S,T,2024-05-03,1000000.00,4.825505,95.87487
08:03:03,912810TZ1,TSRYS5752098,D,S,T,2024-05-03,1000000.00,4.825505,95.87487
08:03:03,912810TZ1,TSRYS5752098,D,S,T,2024-05-03,1000000.00,4.825505,95.87487
08:03:03,912810TZ1,TSRYS5752098,D,S,T,2024-05-03,1000000.00,4.825505,95.87487
08:03:03,912810TZ1,TSRYS5752098,D,S,T,2024-05-03,1000000.00,4.825505,95.87487
08:03:03,912810TZ1,TSRYS5752098,D,S,T,2024-05-03,1000000.00,4.825505,95.87487
08:03:04,912810TZ1,TSRYS5752098,D,S,T,2024-05-03,1000000.00,4.825505,95.87487
08:03:04,912810TZ1,TSRYS5752098,D,S,T,2024-05-03,1000000.00,4.825505,95.87487
08:03:04,912810TZ1,TSRYS5752098,D,S,T,2024-05-03,1000000.00,4.825505,95.87487
08:03:04,912810TZ1,TSRYS5752098,D,S,T,2024-05-03,1000000.00,4.825505,95.87487
08:03:04,912810TZ1,TSRYS5752098,D,S,T,2024-05-03,1000000.00,4.825505,95.87487
08:03:04,912810TZ1,TSRYS5752098,D,B,C,2024-05-03,1000000.00,4.817883,95.96875
08:03:04,912810TZ1,TSRYS5752098,D,S,D,2024-05-03,1000000.00,4.817872,95.96888
08:03:04,912810TZ1,TSRYS5752098,D,S,T,2024-05-03,1000000.00,4.825505,95.87487
08:03:04,912810TZ1,TSRYS5752098,D,S,D,2024-05-03,1000000.00,4.807116,96.1015625
08:03:04,912810TZ1,TSRYS5752098,D,S,D,2024-05-03,1000000.00,4.806483,96.109375
08:03:04,912810TZ1,TSRYS5752098,D,S,D,2024-05-03,1000000.00,4.806483,96.109375
08:03:04,912810TZ1,TSRYS5752098,D,S,D,2024-05-03,2000000.00,4.806483,96.109375
08:03:04,912810TZ1,TSRYS5752098,D,S,D,2024-05-03,2000000.00,4.806483,96.109375
08:03:04,912810TZ1,TSRYS5752098,D,S,D,2024-05-03,1000000.00,4.806483,96.109375
08:03:04,912810TZ1,TSRYS5752098,D,B,C,2024-05-03,1000000.00,4.806483,96.109375
08:03:04,912810TZ1,TSRYS5752098,D,S,D,2024-05-03,2000000.00,4.806166,96.11328125
08:03:04,912810TZ1,TSRYS5752098,D,S,T,2024-05-03,1000000.00,4.824236,95.890495
08:03:04,912810TZ1,TSRYS5752098,D,S,T,2024-05-03,1000000.00,4.824236,95.890495
08:03:04,912810TZ1,TSRYS5752098,D,B,C,2024-05-03,2000000.00,4.806166,96.11328125
08:03:04,912810TZ1,TSRYS5752098,D,S,D,2024-05-03,1000000.00,4.806166,96.11328125
08:03:04,912810TZ1,TSRYS5752098,D,S,D,2024-05-03,1000000.00,4.806166,96.11328125
08:03:04,912810TZ1,TSRYS5752098,D,S,T,2024-05-03,1000000.00,4.824236,95.890495
08:03:04,912810TZ1,TSRYS5752098,D,B,C,2024-05-03,1000000.00,4.806166,96.11328125
08:03:04,912810TZ1,TSRYS5752098,D,S,D,2024-05-03,2000000.00,4.806166,96.11328125
08:03:04,912810TZ1,TSRYS5752098,D,S,T,2024-05-03,1000000.00,4.824236,95.890495
08:03:04,912810TZ1,TSRYS5752098,D,S,T,2024-05-03,1000000.00,4.824236,95.890495
08:03:04,912810TZ1,TSRYS5752098,D,S,T,2024-05-03,2000000.00,4.821698,95.921745
08:03:04,912810TZ1,TSRYS5752098,D,S,T,2024-05-03,1000000.00,4.821698,95.921745
08:03:04,912810TZ1,TSRYS5752098,D,S,T,2024-05-03,1000000.00,4.821698,95.921745
08:03:05,912810TZ1,TSRYS5752098,D,S,T,2024-05-03,1000000.00,4.822967,95.90612
08:03:05,912810TZ1,TSRYS5752098,D,S,T,2024-05-03,1000000.00,4.822967,95.90612
08:03:05,912810TZ1,TSRYS5752098,D,S,T,2024-05-03,1000000.00,4.822967,95.90612
08:03:07,912810TZ1,TSRYS5752098,D,S,C,2024-05-03,1000000.00,4.817883,95.96875
08:03:08,912810TZ1,TSRYS5752098,D,B,C,2024-05-03,1000000.00,4.814094,96.01545
08:03:08,912810TZ1,TSRYS5752098,D,S,C,2024-05-03,1000000.00,4.81408,96.015625
08:03:11,912810TZ1,TSRYS5752098,D,S,D,2024-05-03,1000000.00,4.811547,96.046875
08:03:11,912810TZ1,TSRYS5752098,D,B,C,2024-05-03,1000000.00,4.811547,96.046875
08:03:12,912810TZ1,TSRYS5752098,D,S,C,2024-05-03,1000000.00,4.811547,96.046875
08:03:12,912810TZ1,TSRYS5752098,D,S,C,2024-05-03,1000000.00,4.811547,96.046875
08:03:12,912810TZ1,TSRYS5752098,D,S,C,2024-05-03,1000000.00,4.811547,96.046875
08:03:12,912810TZ1,TSRYS5752098,D,S,D,2024-05-03,1000000.00,4.809172,96.076171875
08:03:12,912810TZ1,TSRYS5752098,D,S,D,2024-05-03,1000000.00,4.809172,96.076171875
08:03:12,912810TZ1,TSRYS5752098,D,S,D,2024-05-03,1000000.00,4.809172,96.076171875
08:03:12,912810TZ1,TSRYS5752098,D,S,D,2024-05-03,1000000.00,4.812813,96.03125
08:03:15,912810TZ1,TSRYS5752098,D,S,C,2024-05-03,1000000.00,4.811547,96.046875
08:03:15,912810TZ1,TSRYS5752098,D,S,C,2024-05-03,1000000.00,4.811531,96.047075
08:03:16,912810TZ1,TSRYS5752098,D,S,C,2024-05-03,1000000.00,4.812801,96.0314
08:03:16,912810TZ1,TSRYS5752098,D,S,C,2024-05-03,1000000.00,4.810268,96.06265
08:03:17,912810TZ1,TSRYS5752098,D,B,C,2024-05-03,1000000.00,4.812813,96.03125
08:03:17,912810TZ1,TSRYS5752098,D,S,C,2024-05-03,1000000.00,4.812799,96.031425
08:03:17,912810TZ1,TSRYS5752098,D,S,C,2024-05-03,1000000.00,4.812799,96.031425
08:03:17,912810TZ1,TSRYS5752098,D,B,C,2024-05-03,1000000.00,4.812813,96.03125
08:03:17,912810TZ1,TSRYS5752098,D,S,C,2024-05-03,1000000.00,4.816615,95.984375
08:03:17,912810TZ1,TSRYS5752098,D,S,D,2024-05-03,1000000.00,4.816615,95.984375
08:03:17,912810TZ1,TSRYS5752098,D,S,C,2024-05-03,1000000.00,4.812813,96.03125
08:03:17,912810TZ1,TSRYS5752098,D,S,D,2024-05-03,1000000.00,4.816615,95.984375
08:03:17,912810TZ1,TSRYS5752098,D,S,D,2024-05-03,1000000.00,4.816615,95.984375
08:03:18,912810TZ1,TSRYS5752098,D,S,C,2024-05-03,1000000.00,4.811531,96.047075
08:03:18,912810TZ1,TSRYS5752098,D,S,C,2024-05-03,1000000.00,4.81028,96.0625
08:03:18,912810TZ1,TSRYS5752098,D,S,C,2024-05-03,1000000.00,4.817883,95.96875
08:03:18,912810TZ1,TSRYS5752098,D,B,C,2024-05-03,1000000.00,4.817883,95.96875
08:03:20,912810TZ1,TSRYS5752098,D,S,C,2024-05-03,1000000.00,4.809014,96.078125
08:03:20,912810TZ1,TSRYS5752098,D,S,D,2024-05-03,1000000.00,4.809002,96.078275
08:03:20,912810TZ1,TSRYS5752098,D,B,C,2024-05-03,1000000.00,4.809014,96.078125
08:03:20,912810TZ1,TSRYS5752098,D,S,D,2024-05-03,1000000.00,4.809002,96.078275
08:03:20,912810TZ1,TSRYS5752098,D,B,C,2024-05-03,1000000.00,4.809014,96.078125
08:03:20,912810TZ1,TSRYS5752098,D,B,C,2024-05-03,344000.00,4.803004,96.15234375
08:03:20,912810TZ1,TSRYS5752098,D,S,D,2024-05-03,1000000.00,4.806471,96.109525
08:03:20,912810TZ1,TSRYS5752098,D,S,D,2024-05-03,1000000.00,4.806471,96.109525
08:03:21,912810TZ1,TSRYS5752098,D,B,C,2024-05-03,1000000.00,4.807765,96.09355
08:03:21,912810TZ1,TSRYS5752098,D,S,D,2024-05-03,1000000.00,4.807748,96.09375
08:03:21,912810TZ1,TSRYS5752098,D,S,D,2024-05-03,1000000.00,4.807748,96.09375
08:03:21,912810TZ1,TSRYS5752098,D,S,D,2024-05-03,1000000.00,4.807748,96.09375
08:03:21,912810TZ1,TSRYS5752098,D,S,D,2024-05-03,1000000.00,4.807748,96.09375
08:03:21,912810TZ1,TSRYS5752098,D,S,D,2024-05-03,1000000.00,4.807748,96.09375
08:03:21,912810TZ1,TSRYS5752098,D,S,D,2024-05-03,1000000.00,4.807748,96.09375
08:03:21,912810TZ1,TSRYS5752098,D,S,D,2024-05-03,1000000.00,4.807748,96.09375
08:03:21,912810TZ1,TSRYS5752098,D,S,C,2024-05-03,1000000.00,4.809002,96.078277
08:03:22,912810TZ1,TSRYS5752098,D,S,D,2024-05-03,344000.00,4.803004,96.15234375
08:03:28,912810TZ1,TSRYS5752098,D,B,C,2024-05-03,1000000.00,4.816615,95.984375
08:03:28,912810TZ1,TSRYS5752098,D,B,C,2024-05-03,1000000.00,4.816615,95.984375
08:03:28,912810TZ1,TSRYS5752098,D,S,C,2024-05-03,1000000.00,4.816601,95.98455
08:03:28,912810TZ1,TSRYS5752098,D,S,C,2024-05-03,1000000.00,4.816601,95.98455
08:03:28,912810TZ1,TSRYS5752098,D,S,C,2024-05-03,1000000.00,4.817883,95.96875
08:03:28,912810TZ1,TSRYS5752098,D,S,C,2024-05-03,1000000.00,4.817883,95.96875
08:03:31,912810TZ1,TSRYS5752098,D,B,C,2024-05-03,1000000.00,4.819163,95.952973
08:03:32,912810TZ1,TSRYS5752098,D,S,C,2024-05-03,1000000.00,4.819151,95.953125
08:03:32,912810TZ1,TSRYS5752098,D,B,C,2024-05-03,1000000.00,4.819163,95.952973
08:03:32,912810TZ1,TSRYS5752098,D,S,C,2024-05-03,1000000.00,4.819134,95.953325
08:03:32,912810TZ1,TSRYS5752098,D,S,C,2024-05-03,1000000.00,4.819151,95.953125
08:03:32,912810TZ1,TSRYS5752098,D,B,C,2024-05-03,1000000.00,4.819163,95.952973
08:03:32,912810TZ1,TSRYS5752098,D,S,C,2024-05-03,1000000.00,4.819139,95.953275
08:03:32,912810TZ1,TSRYS5752098,D,B,C,2024-05-03,1000000.00,4.819167,95.952925
08:03:32,912810TZ1,TSRYS5752098,D,S,C,2024-05-03,1000000.00,4.819139,95.953275
08:03:32,912810TZ1,TSRYS5752098,D,S,C,2024-05-03,1000000.00,4.819139,95.953275
08:03:32,912810TZ1,TSRYS5752098,D,S,C,2024-05-03,1000000.00,4.819139,95.953275
08:03:32,912810TZ1,TSRYS5752098,D,B,C,2024-05-03,1000000.00,4.819151,95.953125
08:03:32,912810TZ1,TSRYS5752098,D,B,C,2024-05-03,1000000.00,4.819167,95.952925
08:03:32,912810TZ1,TSRYS5752098,D,S,C,2024-05-03,1000000.00,4.819139,95.953275
08:03:32,912810TZ1,TSRYS5752098,D,B,C,2024-05-03,2000000.00,4.819163,95.952973
08:03:32,912810TZ1,TSRYS5752098,D,B,C,2024-05-03,1000000.00,4.819167,95.952925
08:03:32,912810TZ1,TSRYS5752098,D,S,C,2024-05-03,2000000.00,4.819139,95.953275
08:03:32,912810TZ1,TSRYS5752098,D,S,C,2024-05-03,1000000.00,4.819139,95.953275
08:03:32,912810TZ1,TSRYS5752098,D,B,C,2024-05-03,1000000.00,4.819151,95.953125
08:03:32,912810TZ1,TSRYS5752098,D,S,C,2024-05-03,1000000.00,4.817866,95.96895
08:03:32,912810TZ1,TSRYS5752098,D,B,C,2024-05-03,1000000.00,4.817895,95.968598
08:03:33,912810TZ1,TSRYS5752098,D,S,T,2024-05-03,1000000.00,4.802688,96.15625
08:03:34,912810TZ1,TSRYS5752098,D,S,D,2024-05-03,1000000.00,4.813922,96.017578125
08:03:34,912810TZ1,TSRYS5752098,D,B,C,2024-05-03,1000000.00,4.813922,96.017578125
08:03:34,912810TZ1,TSRYS5752098,D,S,D,2024-05-03,1000000.00,4.81408,96.015625
08:03:42,912810TZ1,TSRYS5752098,D,B,C,2024-05-03,1000000.00,4.807748,96.09375
08:03:42,912810TZ1,TSRYS5752098,D,S,C,2024-05-03,1000000.00,4.80773,96.093975
08:03:45,912810TZ1,TSRYS5752098,D,S,D,2024-05-03,1000000.00,4.801415,96.171977
08:03:47,912810TZ1,TSRYS5752098,D,B,C,2024-05-03,1000000.00,4.803952,96.140625
08:03:47,912810TZ1,TSRYS5752098,D,S,D,2024-05-03,1000000.00,4.803952,96.140625
08:03:48,912810TZ1,TSRYS5752098,D,B,C,2024-05-03,1000000.00,4.803162,96.150390625
08:03:48,912810TZ1,TSRYS5752098,D,S,D,2024-05-03,1000000.00,4.803162,96.150390625
08:03:49,912810TZ1,TSRYS5752098,D,B,C,2024-05-03,1000000.00,4.803162,96.150390625
08:03:49,912810TZ1,TSRYS5752098,D,S,D,2024-05-03,1000000.00,4.803162,96.150390625
08:03:58,912810TZ1,TSRYS5752098,D,S,C,2024-05-03,1000000.00,4.806483,96.109375
08:04:01,912810TZ1,TSRYS5752098,D,S,C,2024-05-03,1000000.00,4.805218,96.125
08:04:01,912810TZ1,TSRYS5752098,D,B,C,2024-05-03,1000000.00,4.805218,96.125
08:04:01,912810TZ1,TSRYS5752098,D,S,A,2024-05-03,9000.00,4.811918,96.0423
08:04:05,912810TZ1,TSRYS5752098,D,S,C,2024-05-03,1000000.00,4.803952,96.140625
08:04:05,912810TZ1,TSRYS5752098,D,S,C,2024-05-03,1000000.00,4.803952,96.140625
08:04:05,912810TZ1,TSRYS5752098,D,S,C,2024-05-03,1000000.00,4.803952,96.140625
08:04:05,912810TZ1,TSRYS5752098,D,S,C,2024-05-03,1000000.00,4.803952,96.140625
08:04:05,912810TZ1,TSRYS5752098,D,B,C,2024-05-03,1000000.00,4.803952,96.140625
08:04:05,912810TZ1,TSRYS5752098,D,S,D,2024-05-03,1000000.00,4.803952,96.140625
08:04:05,912810TZ1,TSRYS5752098,D,S,D,2024-05-03,1000000.00,4.803952,96.140625
08:04:07,912810TZ1,TSRYS5752098,D,S,D,2024-05-03,1000000.00,4.802688,96.15625
08:04:08,912810TZ1,TSRYS5752098,D,S,D,2024-05-03,1000000.00,4.802688,96.15625
08:04:16,912810TZ1,TSRYS5752098,D,S,C,2024-05-03,1000000.00,4.82294,95.90645
08:04:16,912810TZ1,TSRYS5752098,D,B,C,2024-05-03,1000000.00,4.822956,95.90625
08:04:16,912810TZ1,TSRYS5752098,D,S,C,2024-05-03,1000000.00,4.828026,95.84385
08:04:19,912810TZ1,TSRYS5752098,D,S,D,2024-05-03,1000000.00,4.805218,96.125
08:04:19,912810TZ1,TSRYS5752098,D,S,C,2024-05-03,1000000.00,4.803636,96.14453125
08:04:19,912810TZ1,TSRYS5752098,D,S,C,2024-05-03,1000000.00,4.803952,96.140625
08:04:19,912810TZ1,TSRYS5752098,D,S,C,2024-05-03,1000000.00,4.803952,96.140625
08:04:20,912810TZ1,TSRYS5752098,D,S,C,2024-05-03,1000000.00,4.803952,96.140625
08:04:20,912810TZ1,TSRYS5752098,D,S,C,2024-05-03,1000000.00,4.803952,96.140625
08:04:20,912810TZ1,TSRYS5752098,D,S,D,2024-05-03,1000000.00,4.803952,96.140625
08:04:20,912810TZ1,TSRYS5752098,D,S,D,2024-05-03,1000000.00,4.803952,96.140625
08:04:20,912810TZ1,TSRYS5752098,D,S,D,2024-05-03,2000000.00,4.803952,96.140625
08:04:23,912810TZ1,TSRYS5752098,D,S,C,2024-05-03,770000.00,4.836296,95.7421875
08:04:23,912810TZ1,TSRYS5752098,D,S,D,2024-05-03,1000000.00,4.826288,95.865234375
08:04:23,912810TZ1,TSRYS5752098,D,B,C,2024-05-03,1000000.00,4.826288,95.865234375
08:04:25,912810TZ1,TSRYS5752098,D,S,D,2024-05-03,28000.00,4.803952,96.140625
08:04:39,912810TZ1,TSRYS5752098,D,S,D,2024-05-03,1000000.00,4.822956,95.90625
08:04:39,912810TZ1,TSRYS5752098,D,B,C,2024-05-03,1000000.00,4.822969,95.9061
08:04:39,912810TZ1,TSRYS5752098,D,S,D,2024-05-03,1000000.00,4.822956,95.90625
08:04:39,912810TZ1,TSRYS5752098,D,B,C,2024-05-03,1000000.00,4.822969,95.9061
08:04:40,912810TZ1,TSRYS5752098,D,S,D,2024-05-03,1000000.00,4.821688,95.921875
08:04:40,912810TZ1,TSRYS5752098,D,B,C,2024-05-03,1000000.00,4.8217,95.921725
08:04:40,912810TZ1,TSRYS5752098,D,S,D,2024-05-03,1000000.00,4.817883,95.96875
08:04:40,912810TZ1,TSRYS5752098,D,S,D,2024-05-03,1000000.00,4.817883,95.96875
08:04:43,912810TZ1,TSRYS5752098,D,S,D,2024-05-03,1000000.00,4.8182,95.96484375
08:04:43,912810TZ1,TSRYS5752098,D,B,C,2024-05-03,1000000.00,4.8182,95.96484375
08:04:44,912810TZ1,TSRYS5752098,D,S,D,2024-05-03,1000000.00,4.817082,95.978615625
08:04:44,912810TZ1,TSRYS5752098,D,S,D,2024-05-03,1000000.00,4.817241,95.9766625
08:04:45,912810TZ1,TSRYS5752098,D,B,C,2024-05-03,1000000.00,4.814088,96.015525
08:04:45,912810TZ1,TSRYS5752098,D,S,D,2024-05-03,1000000.00,4.81408,96.015625
08:04:47,912810TZ1,TSRYS5752098,D,B,C,2024-05-03,1000000.00,4.810755,96.056640625
08:04:47,912810TZ1,TSRYS5752098,D,S,C,2024-05-03,2000000.00,4.810755,96.056640625
08:04:52,912810TZ1,TSRYS5752098,D,S,C,2024-05-03,1000000.00,4.809331,96.07421875
08:04:52,912810TZ1,TSRYS5752098,D,S,C,2024-05-03,1000000.00,4.809331,96.07421875
08:04:52,912810TZ1,TSRYS5752098,D,S,C,2024-05-03,1000000.00,4.809331,96.07421875
08:04:52,912810TZ1,TSRYS5752098,D,S,C,2024-05-03,1000000.00,4.808856,96.080078125
08:04:55,912810TZ1,TSRYS5752098,D,S,C,2024-05-03,1000000.00,4.810589,96.05869375
08:04:57,912810TZ1,TSRYS5752098,D,S,C,2024-05-03,1000000.00,4.816457,95.986328125
08:04:58,912810TZ1,TSRYS5752098,D,S,C,2024-05-03,1000000.00,4.816448,95.986428125
08:04:58,912810TZ1,TSRYS5752098,D,B,C,2024-05-03,1000000.00,4.816465,95.986228125
08:05:00,912810TZ1,TSRYS5752098,D,B,C,2024-05-03,1000000.00,4.814239,96.013671875
08:05:00,912810TZ1,TSRYS5752098,D,S,D,2024-05-03,1000000.00,4.814229,96.013796875
08:05:00,912810TZ1,TSRYS5752098,D,B,C,2024-05-03,1000000.00,4.814239,96.013671875
08:05:00,912810TZ1,TSRYS5752098,D,S,D,2024-05-03,1000000.00,4.814229,96.013796875
08:05:00,912810TZ1,TSRYS5752098,D,B,C,2024-05-03,1000000.00,4.81408,96.015625
08:05:00,912810TZ1,TSRYS5752098,D,S,D,2024-05-03,1000000.00,4.81407,96.01575
08:05:02,912810TZ1,TSRYS5752098,D,B,C,2024-05-03,1000000.00,4.81408,96.015625
08:05:02,912810TZ1,TSRYS5752098,D,S,D,2024-05-03,1000000.00,4.81408,96.015625
08:05:17,912810TZ1,TSRYS5752098,D,B,C,2024-05-03,1000000.00,4.808223,96.087890625
08:05:17,912810TZ1,TSRYS5752098,D,S,D,2024-05-03,1000000.00,4.808213,96.088015625
08:05:26,912810TZ1,TSRYS5752098,D,S,D,2024-05-03,1000000.00,4.805059,96.126953125
08:06:54,912810TZ1,TSRYS5752098,D,S,D,2024-05-03,5000.00,4.798927,96.202725
08:06:54,912810TZ1,TSRYS5752098,D,B,C,2024-05-03,5000.00,4.798927,96.102725
08:07:15,912810TZ1,TSRYS5752098,D,S,D,2024-05-03,1000000.00,4.799843,96.19140625
08:07:19,912810TZ1,TSRYS5752098,D,S,D,2024-05-03,1000000.00,4.798895,96.203125
08:07:50,912810TZ1,TSRYS5752098,D,S,T,2024-05-03,1000000.00,4.799843,96.19140625
08:07:50,912810TZ1,TSRYS5752098,D,S,T,2024-05-03,1000000.00,4.798895,96.203125
08:08:03,912810TZ1,TSRYS5752098,D,S,C,2024-05-03,7520000.00,4.801739,96.16796875
08:08:11,912810TZ1,TSRYS5752098,D,S,T,2024-05-03,1000000.00,4.802688,96.15625
08:08:11,912810TZ1,TSRYS5752098,D,S,T,2024-05-03,1000000.00,4.802688,96.15625
08:08:18,912810TZ1,TSRYS5752098,D,S,A,2024-05-03,18700000.00,4.801848,96.166623
08:08:57,912810TZ1,TSRYS5752098,D,S,C,2024-05-03,1000000.00,4.802675,96.156402
08:08:57,912810TZ1,TSRYS5752098,D,S,D,2024-05-03,1000000.00,4.802679,96.156352
08:09:33,912810TZ1,TSRYS5752098,D,S,D,2024-05-03,20000.00,4.807148,96.1011625
08:09:33,912810TZ1,TSRYS5752098,D,B,C,2024-05-03,20000.00,4.807148,96.0761625
08:12:18,912810TZ1,TSRYS5752098,D,S,D,2024-05-03,15000000.00,4.803566,96.1454
08:12:18,912810TZ1,TSRYS5752098,D,B,A,2024-05-03,15000000.00,4.803566,96.1454
08:14:00,912810TZ1,TSRYS5752098,D,B,C,2024-05-03,1000000.00,4.802688,96.15625
08:14:00,912810TZ1,TSRYS5752098,D,S,C,2024-05-03,1000000.00,4.802675,96.156402
08:14:25,912810TZ1,TSRYS5752098,D,S,C,2024-05-03,1000000.00,4.803952,96.140625
08:14:33,912810TZ1,TSRYS5752098,D,S,D,2024-05-03,1000000.00,4.803952,96.140625
08:14:34,912810TZ1,TSRYS5752098,D,S,T,2024-05-03,1000000.00,4.803952,96.140625
08:15:32,912810TZ1,TSRYS5752098,D,S,D,2024-05-03,1000000.00,4.804743,96.130859375
08:15:32,912810TZ1,TSRYS5752098,D,B,C,2024-05-03,1000000.00,4.804743,96.130859375
08:15:32,912810TZ1,TSRYS5752098,D,S,C,2024-05-03,1000000.00,4.804743,96.130859375
08:15:33,912810TZ1,TSRYS5752098,D,B,C,2024-05-03,1000000.00,4.804743,96.130859375
08:17:03,912810TZ1,TSRYS5752098,D,S,D,2024-05-03,125000.00,4.802055,96.1640625
08:17:03,912810TZ1,TSRYS5752098,D,B,C,2024-05-03,1000000.00,4.802055,96.1640625
08:17:03,912810TZ1,TSRYS5752098,D,S,C,2024-05-03,1000000.00,4.802055,96.1640625
08:17:32,912810TZ1,TSRYS5752098,D,S,D,2024-05-03,1000000.00,4.800949,96.177734375
08:17:42,912810TZ1,TSRYS5752098,D,S,D,2024-05-03,1000000.00,4.800949,96.17773437
08:17:42,912810TZ1,TSRYS5752098,D,S,T,2024-05-03,1000000.00,4.800949,96.17773437
08:17:58,912810TZ1,TSRYS5752098,D,S,C,2024-05-03,1000000.00,4.797631,96.21875
08:17:58,912810TZ1,TSRYS5752098,D,S,T,2024-05-03,1000000.00,4.79764,96.21865
08:17:58,912810TZ1,TSRYS5752098,D,S,D,2024-05-03,1000000.00,4.797631,96.21875
08:18:03,912810TZ1,TSRYS5752098,D,S,D,2024-05-03,1000000.00,4.797631,96.21875
08:18:16,912810TZ1,TSRYS5752098,D,S,D,2024-05-03,1000000.00,4.798885,96.203255
08:18:16,912810TZ1,TSRYS5752098,D,B,C,2024-05-03,1000000.00,4.798911,96.202925
08:19:17,912810TZ1,TSRYS5752098,D,S,C,2024-05-03,1000000.00,4.796842,96.228515625
08:19:17,912810TZ1,TSRYS5752098,D,B,C,2024-05-03,1000000.00,4.796842,96.228515625
08:19:19,912810TZ1,TSRYS5752098,D,S,D,2024-05-03,500000.00,4.797947,96.21484375
08:19:20,912810TZ1,TSRYS5752098,D,S,D,2024-05-03,500000.00,4.797923,96.21514375
08:19:30,912810TZ1,TSRYS5752098,D,B,C,2024-05-03,5000.00,4.800159,96.1875
08:19:30,912810TZ1,TSRYS5752098,D,S,D,2024-05-03,5000.00,4.800159,96.1875
08:19:59,912810TZ1,TSRYS5752098,D,B,A,2024-05-03,15000.00,4.79884,96.2038
08:20:08,912810TZ1,TSRYS5752098,D,B,C,2024-05-03,5000000.00,4.798263,96.2109375
08:20:24,912810TZ1,TSRYS5752098,D,S,T,2024-05-03,1000000.00,4.797631,96.21875
08:20:38,912810TZ1,TSRYS5752098,D,S,D,2024-05-03,1000000.00,4.797631,96.21875
08:20:44,912810TZ1,TSRYS5752098,D,S,A,2024-05-03,12000.00,4.798547,96.24909791667
08:20:46,912810TZ1,TSRYS5752098,D,S,D,2024-05-03,12000.00,4.798547,96.20743125
08:21:04,912810TZ1,TSRYS5752098,D,S,C,2024-05-03,1000000.00,4.79635,96.2346
08:21:04,912810TZ1,TSRYS5752098,D,B,C,2024-05-03,1000000.00,4.798895,96.203125
08:21:04,912810TZ1,TSRYS5752098,D,S,C,2024-05-03,1000000.00,4.798879,96.203325
08:21:12,912810TZ1,TSRYS5752098,D,S,D,2024-05-03,1000000.00,4.797631,96.21875
08:21:12,912810TZ1,TSRYS5752098,D,S,D,2024-05-03,1000000.00,4.797631,96.21875
08:21:19,912810TZ1,TSRYS5752098,D,S,C,2024-05-03,1000000.00,4.797631,96.21875
08:21:22,912810TZ1,TSRYS5752098,D,S,T,2024-05-03,1000000.00,4.797631,96.21875
08:21:22,912810TZ1,TSRYS5752098,D,S,T,2024-05-03,1000000.00,4.797631,96.21875
08:21:22,912810TZ1,TSRYS5752098,D,S,T,2024-05-03,1000000.00,4.797631,96.21875
08:21:26,912810TZ1,TSRYS5752098,D,S,T,2024-05-03,1000000.00,4.797631,96.21875
08:21:48,912810TZ1,TSRYS5752098,D,S,C,2024-05-03,1000000.00,4.797631,96.21875
08:21:48,912810TZ1,TSRYS5752098,D,S,C,2024-05-03,1000000.00,4.797631,96.21875
08:21:48,912810TZ1,TSRYS5752098,D,S,C,2024-05-03,1000000.00,4.797631,96.21875
08:22:07,912810TZ1,TSRYS5752098,D,S,A,2024-05-03,360000.00,4.795105,96.25
08:22:14,912810TZ1,TSRYS5752098,D,S,T,2024-05-03,1000000.00,4.792579,96.28125
08:22:14,912810TZ1,TSRYS5752098,D,S,D,2024-05-03,1000000.00,4.792579,96.28125
08:22:15,912810TZ1,TSRYS5752098,D,S,T,2024-05-03,1000000.00,4.792579,96.28125
08:22:19,912810TZ1,TSRYS5752098,D,S,D,2024-05-03,1000000.00,4.792579,96.28125
08:22:21,912810TZ1,TSRYS5752098,D,S,D,2024-05-03,1000000.00,4.792569,96.281375
08:22:21,912810TZ1,TSRYS5752098,D,B,C,2024-05-03,1000000.00,4.792579,96.28125
08:22:21,912810TZ1,TSRYS5752098,D,S,D,2024-05-03,1000000.00,4.792569,96.281375
08:22:22,912810TZ1,TSRYS5752098,D,B,C,2024-05-03,1000000.00,4.792596,96.28105
08:22:22,912810TZ1,TSRYS5752098,D,S,D,2024-05-03,1000000.00,4.792569,96.281375
08:22:22,912810TZ1,TSRYS5752098,D,S,D,2024-05-03,1000000.00,4.792569,96.281375
08:22:22,912810TZ1,TSRYS5752098,D,B,C,2024-05-03,1000000.00,4.792579,96.28125
08:22:24,912810TZ1,TSRYS5752098,D,B,C,2024-05-03,4000000.00,4.807099,96.10177
08:23:01,912810TZ1,TSRYS5752098,D,S,C,2024-05-03,1000000.00,4.794307,96.259865625
08:23:02,912810TZ1,TSRYS5752098,D,B,C,2024-05-03,1000000.00,4.794316,96.259765625
08:23:06,912810TZ1,TSRYS5752098,D,B,C,2024-05-03,1000000.00,4.79385,96.265525
08:23:06,912810TZ1,TSRYS5752098,D,S,C,2024-05-03,1000000.00,4.793828,96.2658
08:24:21,912810TZ1,TSRYS5752098,D,S,C,2024-05-03,1000000.00,4.796368,96.234375
08:24:21,912810TZ1,TSRYS5752098,D,B,C,2024-05-03,1000000.00,4.796376,96.234275
08:24:21,912810TZ1,TSRYS5752098,D,S,C,2024-05-03,1000000.00,4.797617,96.218925
08:24:21,912810TZ1,TSRYS5752098,D,B,C,2024-05-03,1000000.00,4.797631,96.21875
08:24:27,912810TZ1,TSRYS5752098,D,S,C,2024-05-03,1000000.00,4.798255,96.2110375
08:24:27,912810TZ1,TSRYS5752098,D,B,C,2024-05-03,1000000.00,4.798263,96.2109375
08:24:38,912810TZ1,TSRYS5752098,D,S,D,2024-05-03,1000000.00,4.809963,96.06641
08:25:23,912810TZ1,TSRYS5752098,D,B,C,2024-05-03,1000000.00,4.796376,96.234275
08:25:23,912810TZ1,TSRYS5752098,D,S,C,2024-05-03,1000000.00,4.79635,96.234602
08:25:48,912810TZ1,TSRYS5752098,D,S,T,2024-05-03,1000000.00,4.796368,96.234375
08:26:51,912810TZ1,TSRYS5752098,D,S,C,2024-05-03,1000000.00,4.796368,96.234375
08:26:51,912810TZ1,TSRYS5752098,D,S,C,2024-05-03,1000000.00,4.796368,96.234375
08:26:51,912810TZ1,TSRYS5752098,D,B,C,2024-05-03,1000000.00,4.796368,96.234375
08:26:51,912810TZ1,TSRYS5752098,D,B,C,2024-05-03,1000000.00,4.79638,96.234225
08:26:55,912810TZ1,TSRYS5752098,D,S,D,2024-05-03,40000.00,4.797,96.2265625
08:26:55,912810TZ1,TSRYS5752098,D,B,C,2024-05-03,40000.00,4.797,96.2140625
08:27:08,912810TZ1,TSRYS5752098,D,B,C,2024-05-03,1000000.00,4.794473,96.2578125
08:27:09,912810TZ1,TSRYS5752098,D,B,C,2024-05-03,1000000.00,4.796368,96.234375
08:27:09,912810TZ1,TSRYS5752098,D,S,C,2024-05-03,1000000.00,4.796368,96.234375
08:27:09,912810TZ1,TSRYS5752098,D,B,C,2024-05-03,1000000.00,4.79638,96.234225
08:27:27,912810TZ1,TSRYS5752098,D,S,A,2024-05-03,250000.00,4.792288,96.28515625
08:27:28,912810TZ1,TSRYS5752098,D,S,C,2024-05-03,1000000.00,4.791002,96.30078125
08:27:31,912810TZ1,TSRYS5752098,D,S,C,2024-05-03,1000000.00,4.792579,96.28125
08:27:31,912810TZ1,TSRYS5752098,D,B,C,2024-05-03,1000000.00,4.792579,96.28125
08:27:37,912810TZ1,TSRYS5752098,D,S,C,2024-05-03,1000000.00,4.796368,96.234375
08:27:37,912810TZ1,TSRYS5752098,D,S,C,2024-05-03,1000000.00,4.796368,96.234375
08:27:37,912810TZ1,TSRYS5752098,D,B,C,2024-05-03,1000000.00,4.79638,96.234225
08:27:37,912810TZ1,TSRYS5752098,D,S,C,2024-05-03,1000000.00,4.796368,96.234375
08:27:37,912810TZ1,TSRYS5752098,D,B,C,2024-05-03,1000000.00,4.79638,96.234225
08:27:51,912810TZ1,TSRYS5752098,D,S,C,2024-05-03,1000000.00,4.793842,96.265625
08:27:51,912810TZ1,TSRYS5752098,D,B,C,2024-05-03,1000000.00,4.793842,96.265625
08:27:51,912810TZ1,TSRYS5752098,D,S,C,2024-05-03,1000000.00,4.793842,96.265625
08:27:51,912810TZ1,TSRYS5752098,D,B,C,2024-05-03,1000000.00,4.793842,96.265625
08:27:52,912810TZ1,TSRYS5752098,D,S,C,2024-05-03,1000000.00,4.793842,96.265625
08:27:52,912810TZ1,TSRYS5752098,D,B,C,2024-05-03,1000000.00,4.793842,96.265625
08:27:55,912810TZ1,TSRYS5752098,D,S,C,2024-05-03,1000000.00,4.792579,96.28125
08:27:55,912810TZ1,TSRYS5752098,D,B,C,2024-05-03,1000000.00,4.792579,96.28125
08:27:56,912810TZ1,TSRYS5752098,D,S,D,2024-05-03,770000.00,4.788793,96.328125
08:27:57,912810TZ1,TSRYS5752098,D,S,D,2024-05-03,1000000.00,4.793526,96.26953125
08:27:57,912810TZ1,TSRYS5752098,D,S,D,2024-05-03,1000000.00,4.793526,96.26953125
08:28:01,912810TZ1,TSRYS5752098,D,S,D,2024-05-03,1000000.00,4.793211,96.2734375
08:28:08,912810TZ1,TSRYS5752098,D,S,C,2024-05-03,130000.00,4.791285,96.297275
08:28:08,912810TZ1,TSRYS5752098,D,S,D,2024-05-03,130000.00,4.791285,96.297275
08:28:10,912810TZ1,TSRYS5752098,D,B,C,2024-05-03,1000000.00,4.793842,96.265625
08:28:10,912810TZ1,TSRYS5752098,D,S,C,2024-05-03,1000000.00,4.793826,96.265825
08:28:24,912810TZ1,TSRYS5752098,D,B,C,2024-05-03,1000000.00,4.791317,96.296875
08:28:24,912810TZ1,TSRYS5752098,D,S,C,2024-05-03,1000000.00,4.791301,96.297075
08:28:25,912810TZ1,TSRYS5752098,D,S,C,2024-05-03,1000000.00,4.791317,96.296875
08:28:25,912810TZ1,TSRYS5752098,D,S,T,2024-05-03,1000000.00,4.793211,96.2734375
08:28:39,912810TZ1,TSRYS5752098,D,S,A,2024-05-03,1000000.00,4.792264,96.28515625
08:28:41,912810TZ1,TSRYS5752098,D,S,D,2024-05-03,1000000.00,4.793526,96.26953125
08:28:49,912810TZ1,TSRYS5752098,D,S,T,2024-05-03,1000000.00,4.795105,96.25
08:28:51,912810TZ1,TSRYS5752098,D,S,D,2024-05-03,1000000.00,4.794473,96.2578125
08:28:51,912810TZ1,TSRYS5752098,D,B,C,2024-05-03,1000000.00,4.794473,96.2578125
08:28:53,912810TZ1,TSRYS5752098,D,S,C,2024-05-03,1000000.00,4.793045,96.275490625
08:28:53,912810TZ1,TSRYS5752098,D,B,C,2024-05-03,1000000.00,4.793053,96.275390625
08:28:57,912810TZ1,TSRYS5752098,D,S,C,2024-05-03,1000000.00,4.793842,96.265625
08:28:57,912810TZ1,TSRYS5752098,D,B,C,2024-05-03,1000000.00,4.793842,96.265625
08:29:09,912810TZ1,TSRYS5752098,D,B,C,2024-05-03,1000000.00,4.791317,96.296875
08:29:09,912810TZ1,TSRYS5752098,D,B,C,2024-05-03,1000000.00,4.791317,96.296875
08:29:09,912810TZ1,TSRYS5752098,D,S,D,2024-05-03,1000000.00,4.791317,96.296875
08:29:09,912810TZ1,TSRYS5752098,D,S,D,2024-05-03,1000000.00,4.791317,96.296875
08:29:09,912810TZ1,TSRYS5752098,D,B,C,2024-05-03,1000000.00,4.791317,96.296875
08:29:12,912810TZ1,TSRYS5752098,D,S,C,2024-05-03,228200.00,4.793526,96.26953125
08:29:32,912810TZ1,TSRYS5752098,D,S,D,2024-05-03,1000000.00,4.794473,96.2578125
08:29:32,912810TZ1,TSRYS5752098,D,B,C,2024-05-03,1000000.00,4.794473,96.2578125
08:29:39,912810TZ1,TSRYS5752098,D,S,D,2024-05-03,1000000.00,4.793842,96.265625
08:29:39,912810TZ1,TSRYS5752098,D,B,C,2024-05-03,1000000.00,4.793842,96.265625
08:29:39,912810TZ1,TSRYS5752098,D,S,C,2024-05-03,1000000.00,4.795087,96.250225
08:30:05,912810TZ1,TSRYS5752098,D,S,T,2024-05-03,1000000.00,4.7448,96.875
08:30:19,912810TZ1,TSRYS5752098,D,S,T,2024-05-03,1000000.00,4.728863,97.07411875
08:30:19,912810TZ1,TSRYS5752098,D,S,C,2024-05-03,1000000.00,4.728847,97.07431875
08:30:19,912810TZ1,TSRYS5752098,D,S,T,2024-05-03,1000000.00,4.728543,97.078125
08:30:21,912810TZ1,TSRYS5752098,D,S,D,2024-05-03,1000000.00,4.726046,97.109375
08:30:22,912810TZ1,TSRYS5752098,D,S,T,2024-05-03,1000000.00,4.72355,97.140625
08:30:22,912810TZ1,TSRYS5752098,D,S,D,2024-05-03,1000000.00,4.726046,97.109375
08:30:24,912810TZ1,TSRYS5752098,D,S,D,2024-05-03,1000000.00,4.729011,97.072265625
08:30:25,912810TZ1,TSRYS5752098,D,S,C,2024-05-03,1000000.00,4.724946,97.123146875
08:30:25,912810TZ1,TSRYS5752098,D,B,C,2024-05-03,1000000.00,4.724962,97.122946875
08:30:26,912810TZ1,TSRYS5752098,D,S,D,2024-05-03,1000000.00,4.726046,97.109375
08:30:26,912810TZ1,TSRYS5752098,D,S,D,2024-05-03,1000000.00,4.726358,97.10546875
08:30:26,912810TZ1,TSRYS5752098,D,S,C,2024-05-03,1000000.00,4.798881,96.2033
08:30:26,912810TZ1,TSRYS5752098,D,B,C,2024-05-03,1000000.00,4.798895,96.203125
08:30:28,912810TZ1,TSRYS5752098,D,S,C,2024-05-03,1000000.00,4.720423,97.1797875
08:30:28,912810TZ1,TSRYS5752098,D,B,C,2024-05-03,1000000.00,4.720439,97.1795875
08:30:41,912810TZ1,TSRYS5752098,D,S,T,2024-05-03,1000000.00,4.721055,97.171875
08:30:41,912810TZ1,TSRYS5752098,D,S,T,2024-05-03,1000000.00,4.718561,97.203125
08:30:41,912810TZ1,TSRYS5752098,D,S,T,2024-05-03,1000000.00,4.718561,97.203125
08:30:44,912810TZ1,TSRYS5752098,D,S,D,2024-05-03,20000.00,4.717158,97.220703125
08:30:44,912810TZ1,TSRYS5752098,D,B,C,2024-05-03,20000.00,4.717158,97.195703125
08:30:46,912810TZ1,TSRYS5752098,D,S,T,2024-05-03,1000000.00,4.729011,97.07226562
08:30:48,912810TZ1,TSRYS5752098,D,S,D,2024-05-03,1000000.00,4.729167,97.0703125
08:30:56,912810TZ1,TSRYS5752098,D,S,C,2024-05-03,1000000.00,4.737291,96.96875
08:30:56,912810TZ1,TSRYS5752098,D,B,C,2024-05-03,1000000.00,4.737305,96.968575
08:30:56,912810TZ1,TSRYS5752098,D,B,C,2024-05-03,1000000.00,4.731041,97.046875
08:30:56,912810TZ1,TSRYS5752098,D,S,C,2024-05-03,1000000.00,4.731025,97.047075
08:31:03,912810TZ1,TSRYS5752098,D,S,T,2024-05-03,1000000.00,4.723706,97.138671875
08:31:06,912810TZ1,TSRYS5752098,D,S,D,2024-05-03,1000000.00,4.726046,97.109375
08:31:06,912810TZ1,TSRYS5752098,D,S,T,2024-05-03,1000000.00,4.726046,97.109375
08:31:06,912810TZ1,TSRYS5752098,D,S,T,2024-05-03,1000000.00,4.726358,97.10546875
08:31:11,912810TZ1,TSRYS5752098,D,S,C,2024-05-03,1000000.00,4.718561,97.203125
08:31:11,912810TZ1,TSRYS5752098,D,S,C,2024-05-03,1000000.00,4.718561,97.203125
08:31:11,912810TZ1,TSRYS5752098,D,B,C,2024-05-03,1000000.00,4.746067,96.8592
08:31:11,912810TZ1,TSRYS5752098,D,S,C,2024-05-03,1000000.00,4.746052,96.859375
08:31:11,912810TZ1,TSRYS5752098,D,S,C,2024-05-03,1000000.00,4.744782,96.875225
08:31:11,912810TZ1,TSRYS5752098,D,S,C,2024-05-03,1000000.00,4.737277,96.968925
08:31:11,912810TZ1,TSRYS5752098,D,B,C,2024-05-03,1000000.00,4.737291,96.96875
08:31:11,912810TZ1,TSRYS5752098,D,S,C,2024-05-03,1000000.00,4.736041,96.984375
08:31:11,912810TZ1,TSRYS5752098,D,B,C,2024-05-03,1000000.00,4.736055,96.9842
08:31:11,912810TZ1,TSRYS5752098,D,B,C,2024-05-03,1000000.00,4.736055,96.9842
08:31:11,912810TZ1,TSRYS5752098,D,S,C,2024-05-03,1000000.00,4.736041,96.984375
08:31:12,912810TZ1,TSRYS5752098,D,B,C,2024-05-03,1000000.00,4.733552,97.015475
08:31:12,912810TZ1,TSRYS5752098,D,S,C,2024-05-03,1000000.00,4.733524,97.015825
08:31:12,912810TZ1,TSRYS5752098,D,S,C,2024-05-03,1000000.00,4.739779,96.937675
08:31:12,912810TZ1,TSRYS5752098,D,B,C,2024-05-03,1000000.00,4.724814,97.1248
08:31:12,912810TZ1,TSRYS5752098,D,S,C,2024-05-03,1000000.00,4.724786,97.12515
08:31:12,912810TZ1,TSRYS5752098,D,S,C,2024-05-03,1000000.00,4.723536,97.1408
08:31:13,912810TZ1,TSRYS5752098,D,B,C,2024-05-03,1000000.00,4.726054,97.109275
08:31:13,912810TZ1,TSRYS5752098,D,S,C,2024-05-03,1000000.00,4.73354,97.015625
08:31:13,912810TZ1,TSRYS5752098,D,S,C,2024-05-03,1000000.00,4.73354,97.015625
08:31:13,912810TZ1,TSRYS5752098,D,B,C,2024-05-03,1000000.00,4.73354,97.015625
08:31:13,912810TZ1,TSRYS5752098,D,B,C,2024-05-03,1000000.00,4.73354,97.015625
08:31:13,912810TZ1,TSRYS5752098,D,S,C,2024-05-03,1000000.00,4.731041,97.046875
08:31:13,912810TZ1,TSRYS5752098,D,B,C,2024-05-03,1000000.00,4.731041,97.046875
08:31:18,912810TZ1,TSRYS5752098,D,S,C,2024-05-03,1000000.00,4.726982,97.09765625
08:31:18,912810TZ1,TSRYS5752098,D,B,C,2024-05-03,1000000.00,4.726982,97.09765625
08:31:18,912810TZ1,TSRYS5752098,D,S,C,2024-05-03,1000000.00,4.726358,97.10546875
08:31:18,912810TZ1,TSRYS5752098,D,B,C,2024-05-03,1000000.00,4.726358,97.10546875
08:31:18,912810TZ1,TSRYS5752098,D,S,C,2024-05-03,1000000.00,4.726046,97.109375
08:31:18,912810TZ1,TSRYS5752098,D,B,C,2024-05-03,1000000.00,4.726046,97.109375
08:31:18,912810TZ1,TSRYS5752098,D,B,C,2024-05-03,1000000.00,4.725422,97.1171875
08:31:18,912810TZ1,TSRYS5752098,D,S,C,2024-05-03,1000000.00,4.725422,97.1171875
08:31:18,912810TZ1,TSRYS5752098,D,S,T,2024-05-03,2000000.00,4.725422,97.1171875
08:31:18,912810TZ1,TSRYS5752098,D,S,T,2024-05-03,1000000.00,4.725422,97.1171875
08:31:19,912810TZ1,TSRYS5752098,D,B,C,2024-05-03,1000000.00,4.723238,97.14453125
08:31:19,912810TZ1,TSRYS5752098,D,S,D,2024-05-03,1000000.00,4.723238,97.14453125
08:31:26,912810TZ1,TSRYS5752098,D,B,C,2024-05-03,1000000.00,4.731666,97.0390625
08:31:26,912810TZ1,TSRYS5752098,D,S,D,2024-05-03,1000000.00,4.731666,97.0390625
08:31:26,912810TZ1,TSRYS5752098,D,B,C,2024-05-03,1000000.00,4.731666,97.0390625
08:31:26,912810TZ1,TSRYS5752098,D,S,D,2024-05-03,1000000.00,4.731666,97.0390625
08:31:26,912810TZ1,TSRYS5752098,D,B,C,2024-05-03,1000000.00,4.731353,97.04296875
08:31:26,912810TZ1,TSRYS5752098,D,B,C,2024-05-03,1000000.00,4.730729,97.05078125
08:31:26,912810TZ1,TSRYS5752098,D,S,D,2024-05-03,1000000.00,4.731353,97.04296875
08:31:27,912810TZ1,TSRYS5752098,D,S,D,2024-05-03,1000000.00,4.730729,97.05078125
08:31:28,912810TZ1,TSRYS5752098,D,B,C,2024-05-03,1000000.00,4.738542,96.953125
08:31:28,912810TZ1,TSRYS5752098,D,S,C,2024-05-03,1000000.00,4.738528,96.9533
08:31:28,912810TZ1,TSRYS5752098,D,S,C,2024-05-03,1000000.00,4.738528,96.9533
08:31:29,912810TZ1,TSRYS5752098,D,B,C,2024-05-03,1000000.00,4.733556,97.015425
08:31:29,912810TZ1,TSRYS5752098,D,B,C,2024-05-03,1000000.00,4.731065,97.046575
08:31:29,912810TZ1,TSRYS5752098,D,S,C,2024-05-03,1000000.00,4.731027,97.04705
08:31:30,912810TZ1,TSRYS5752098,D,B,C,2024-05-03,1000000.00,4.719816,97.1874
08:31:30,912810TZ1,TSRYS5752098,D,S,C,2024-05-03,1000000.00,4.719794,97.187675
08:31:30,912810TZ1,TSRYS5752098,D,S,C,2024-05-03,2000000.00,4.72728,97.093925
08:31:30,912810TZ1,TSRYS5752098,D,B,C,2024-05-03,2000000.00,4.727294,97.09375
08:31:31,912810TZ1,TSRYS5752098,D,B,C,2024-05-03,1000000.00,4.717328,97.218575
08:31:31,912810TZ1,TSRYS5752098,D,S,D,2024-05-03,1000000.00,4.717314,97.21875
08:31:31,912810TZ1,TSRYS5752098,D,B,C,2024-05-03,1000000.00,4.717328,97.218575
08:31:36,912810TZ1,TSRYS5752098,D,S,D,2024-05-03,1000000.00,4.72511,97.12109375
08:31:36,912810TZ1,TSRYS5752098,D,B,C,2024-05-03,1000000.00,4.72511,97.12109375
08:31:38,912810TZ1,TSRYS5752098,D,S,T,2024-05-03,1000000.00,4.728387,97.080078125
08:31:38,912810TZ1,TSRYS5752098,D,S,T,2024-05-03,1000000.00,4.728387,97.080078125
08:31:38,912810TZ1,TSRYS5752098,D,S,T,2024-05-03,1000000.00,4.728387,97.080078125
08:31:42,912810TZ1,TSRYS5752098,D,S,T,2024-05-03,3000000.00,4.731041,97.046875
08:31:44,912810TZ1,TSRYS5752098,D,B,C,2024-05-03,1000000.00,4.731041,97.046875
08:31:44,912810TZ1,TSRYS5752098,D,S,C,2024-05-03,1000000.00,4.731041,97.046875
08:31:44,912810TZ1,TSRYS5752098,D,S,C,2024-05-03,1000000.00,4.73354,97.015625
08:31:44,912810TZ1,TSRYS5752098,D,B,C,2024-05-03,1000000.00,4.73479,97.0
08:31:44,912810TZ1,TSRYS5752098,D,S,C,2024-05-03,1000000.00,4.734774,97.0002
08:31:44,912810TZ1,TSRYS5752098,D,B,C,2024-05-03,1000000.00,4.732315,97.03095
08:31:44,912810TZ1,TSRYS5752098,D,S,C,2024-05-03,1000000.00,4.732277,97.031425
08:31:44,912810TZ1,TSRYS5752098,D,B,C,2024-05-03,1000000.00,4.731065,97.046575
08:31:44,912810TZ1,TSRYS5752098,D,S,C,2024-05-03,1000000.00,4.731041,97.046875
08:31:45,912810TZ1,TSRYS5752098,D,S,C,2024-05-03,1000000.00,4.726032,97.10955
08:31:45,912810TZ1,TSRYS5752098,D,B,C,2024-05-03,1000000.00,4.726054,97.109275
08:31:45,912810TZ1,TSRYS5752098,D,S,C,2024-05-03,1000000.00,4.726032,97.10955
08:31:46,912810TZ1,TSRYS5752098,D,S,C,2024-05-03,1000000.00,4.717296,97.218975
08:31:46,912810TZ1,TSRYS5752098,D,B,C,2024-05-03,1000000.00,4.717328,97.218575
08:31:46,912810TZ1,TSRYS5752098,D,S,D,2024-05-03,1000000.00,4.717314,97.21875
08:31:46,912810TZ1,TSRYS5752098,D,S,D,2024-05-03,1000000.00,4.717314,97.21875
08:31:47,912810TZ1,TSRYS5752098,D,B,C,2024-05-03,1000000.00,4.724798,97.125
08:31:48,912810TZ1,TSRYS5752098,D,S,C,2024-05-03,1000000.00,4.721055,97.171875
08:31:48,912810TZ1,TSRYS5752098,D,S,C,2024-05-03,1000000.00,4.726032,97.10955
08:31:48,912810TZ1,TSRYS5752098,D,S,C,2024-05-03,1000000.00,4.724642,97.126953125
08:31:48,912810TZ1,TSRYS5752098,D,S,C,2024-05-03,1000000.00,4.724642,97.126953125
08:31:48,912810TZ1,TSRYS5752098,D,B,C,2024-05-03,2000000.00,4.72465,97.126853125
08:31:56,912810TZ1,TSRYS5752098,D,S,C,2024-05-03,1000000.00,4.723706,97.138671875
08:31:57,912810TZ1,TSRYS5752098,D,S,T,2024-05-03,1000000.00,4.733697,97.013671875
08:32:00,912810TZ1,TSRYS5752098,D,S,C,2024-05-03,1000000.00,4.748544,96.8283
08:32:00,912810TZ1,TSRYS5752098,D,B,C,2024-05-03,1000000.00,4.748558,96.828125
08:32:01,912810TZ1,TSRYS5752098,D,S,C,2024-05-03,1000000.00,4.728529,97.0783
08:32:02,912810TZ1,TSRYS5752098,D,B,C,2024-05-03,1000000.00,4.72606,97.1092
08:32:02,912810TZ1,TSRYS5752098,D,S,C,2024-05-03,1000000.00,4.726046,97.109375
08:32:02,912810TZ1,TSRYS5752098,D,S,C,2024-05-03,1000000.00,4.71605,97.2346
08:32:02,912810TZ1,TSRYS5752098,D,B,C,2024-05-03,1000000.00,4.716082,97.2342
08:32:03,912810TZ1,TSRYS5752098,D,S,D,2024-05-03,10000.00,4.721678,97.1640625
08:32:04,912810TZ1,TSRYS5752098,D,B,C,2024-05-03,1000000.00,4.72355,97.140625
08:32:04,912810TZ1,TSRYS5752098,D,B,C,2024-05-03,3000000.00,4.723562,97.140475
08:32:04,912810TZ1,TSRYS5752098,D,B,C,2024-05-03,1000000.00,4.726062,97.109175
08:32:04,912810TZ1,TSRYS5752098,D,S,C,2024-05-03,1000000.00,4.724784,97.125175
08:32:04,912810TZ1,TSRYS5752098,D,S,C,2024-05-03,1000000.00,4.723534,97.140825
08:32:04,912810TZ1,TSRYS5752098,D,B,C,2024-05-03,1000000.00,4.721069,97.1717
08:32:04,912810TZ1,TSRYS5752098,D,S,D,2024-05-03,1000000.00,4.722302,97.15625
08:32:07,912810TZ1,TSRYS5752098,D,S,C,2024-05-03,10000.00,4.721678,97.1640625
08:32:12,912810TZ1,TSRYS5752098,D,S,T,2024-05-03,1000000.00,4.727294,97.09375
08:32:12,912810TZ1,TSRYS5752098,D,S,T,2024-05-03,1000000.00,4.727294,97.09375
08:32:17,912810TZ1,TSRYS5752098,D,B,C,2024-05-03,1000000.00,4.728557,97.07795
08:32:17,912810TZ1,TSRYS5752098,D,S,C,2024-05-03,1000000.00,4.728543,97.078125
08:32:18,912810TZ1,TSRYS5752098,D,B,C,2024-05-03,1000000.00,4.727294,97.09375
08:32:18,912810TZ1,TSRYS5752098,D,S,C,2024-05-03,1000000.00,4.72728,97.093925
08:32:18,912810TZ1,TSRYS5752098,D,S,C,2024-05-03,1000000.00,4.725422,97.1171875
08:32:18,912810TZ1,TSRYS5752098,D,S,C,2024-05-03,1000000.00,4.725422,97.1171875
08:32:18,912810TZ1,TSRYS5752098,D,B,A,2024-05-03,1000000.00,4.730104,97.05859375
08:32:18,912810TZ1,TSRYS5752098,D,S,C,2024-05-03,1000000.00,4.725422,97.1171875
08:32:19,912810TZ1,TSRYS5752098,D,S,C,2024-05-03,1000000.00,4.72355,97.140625
08:32:19,912810TZ1,TSRYS5752098,D,B,C,2024-05-03,1000000.00,4.723564,97.14045
08:32:19,912810TZ1,TSRYS5752098,D,S,C,2024-05-03,1000000.00,4.721039,97.172075
08:32:19,912810TZ1,TSRYS5752098,D,S,D,2024-05-03,1000000.00,4.716068,97.234375
08:32:19,912810TZ1,TSRYS5752098,D,B,C,2024-05-03,1000000.00,4.726046,97.109375
08:32:19,912810TZ1,TSRYS5752098,D,S,C,2024-05-03,1000000.00,4.726046,97.109375
08:32:20,912810TZ1,TSRYS5752098,D,B,C,2024-05-03,1000000.00,4.726064,97.10915
08:32:20,912810TZ1,TSRYS5752098,D,S,C,2024-05-03,1000000.00,4.726032,97.10955
08:32:20,912810TZ1,TSRYS5752098,D,S,C,2024-05-03,1000000.00,4.72728,97.093925
08:32:20,912810TZ1,TSRYS5752098,D,B,C,2024-05-03,1000000.00,4.72731,97.09355
08:32:21,912810TZ1,TSRYS5752098,D,B,C,2024-05-03,2000000.00,4.72355,97.140625
08:32:21,912810TZ1,TSRYS5752098,D,S,C,2024-05-03,2000000.00,4.72355,97.140625
08:32:21,912810TZ1,TSRYS5752098,D,B,C,2024-05-03,1000000.00,4.72355,97.140625
08:32:21,912810TZ1,TSRYS5752098,D,S,C,2024-05-03,1000000.00,4.72355,97.140625
08:32:21,912810TZ1,TSRYS5752098,D,B,C,2024-05-03,1000000.00,4.722302,97.15625
08:32:22,912810TZ1,TSRYS5752098,D,B,C,2024-05-03,1000000.00,4.729792,97.0625
08:32:22,912810TZ1,TSRYS5752098,D,S,C,2024-05-03,1000000.00,4.729792,97.0625
08:32:22,912810TZ1,TSRYS5752098,D,S,C,2024-05-03,1000000.00,4.728543,97.078125
08:32:22,912810TZ1,TSRYS5752098,D,B,C,2024-05-03,1000000.00,4.728557,97.07795
08:32:23,912810TZ1,TSRYS5752098,D,S,T,2024-05-03,1000000.00,4.729792,97.0625
08:32:23,912810TZ1,TSRYS5752098,D,S,D,2024-05-03,1000000.00,4.729167,97.0703125
08:32:23,912810TZ1,TSRYS5752098,D,S,C,2024-05-03,1000000.00,4.728855,97.07421875
08:32:25,912810TZ1,TSRYS5752098,D,S,T,2024-05-03,1000000.00,4.730112,97.05849375
08:32:25,912810TZ1,TSRYS5752098,D,S,C,2024-05-03,1000000.00,4.730416,97.0546875
08:32:29,912810TZ1,TSRYS5752098,D,S,C,2024-05-03,1000000.00,4.730729,97.05078125
08:32:29,912810TZ1,TSRYS5752098,D,S,C,2024-05-03,1000000.00,4.728855,97.07421875
08:32:29,912810TZ1,TSRYS5752098,D,S,C,2024-05-03,1000000.00,4.728855,97.07421875
08:32:29,912810TZ1,TSRYS5752098,D,S,C,2024-05-03,1000000.00,4.729324,97.068359375
08:32:30,912810TZ1,TSRYS5752098,D,S,D,2024-05-03,1000000.00,4.730729,97.05078125
08:32:30,912810TZ1,TSRYS5752098,D,S,C,2024-05-03,1000000.00,4.730573,97.052734375
08:32:30,912810TZ1,TSRYS5752098,D,S,C,2024-05-03,1000000.00,4.730416,97.0546875
08:32:30,912810TZ1,TSRYS5752098,D,S,C,2024-05-03,1000000.00,4.73026,97.056640625
08:32:30,912810TZ1,TSRYS5752098,D,S,D,2024-05-03,1000000.00,4.730729,97.05078125
08:32:30,912810TZ1,TSRYS5752098,D,S,D,2024-05-03,1000000.00,4.73026,97.056640625
08:32:30,912810TZ1,TSRYS5752098,D,S,C,2024-05-03,1000000.00,4.730104,97.05859375
08:32:31,912810TZ1,TSRYS5752098,D,S,D,2024-05-03,1000000.00,4.73026,97.056640625
08:32:34,912810TZ1,TSRYS5752098,D,S,D,2024-05-03,1000000.00,4.730729,97.05078125
08:32:34,912810TZ1,TSRYS5752098,D,S,C,2024-05-03,1000000.00,4.730416,97.0546875
08:32:34,912810TZ1,TSRYS5752098,D,B,C,2024-05-03,1000000.00,4.72606,97.1092
08:32:34,912810TZ1,TSRYS5752098,D,S,C,2024-05-03,1000000.00,4.73026,97.056640625
08:32:34,912810TZ1,TSRYS5752098,D,S,C,2024-05-03,1000000.00,4.726034,97.109525
08:32:35,912810TZ1,TSRYS5752098,D,S,D,2024-05-03,1000000.00,4.730729,97.05078125
08:32:36,912810TZ1,TSRYS5752098,D,B,C,2024-05-03,1000000.00,4.716082,97.2342
08:32:38,912810TZ1,TSRYS5752098,D,B,C,2024-05-03,1000000.00,4.727294,97.09375
08:32:38,912810TZ1,TSRYS5752098,D,S,C,2024-05-03,1000000.00,4.72728,97.093925
08:32:38,912810TZ1,TSRYS5752098,D,S,C,2024-05-03,1000000.00,4.727278,97.09395
08:32:38,912810TZ1,TSRYS5752098,D,B,C,2024-05-03,1000000.00,4.727294,97.09375
08:32:39,912810TZ1,TSRYS5752098,D,S,D,2024-05-03,1000000.00,4.729792,97.0625
08:32:39,912810TZ1,TSRYS5752098,D,B,C,2024-05-03,1000000.00,4.729806,97.062325
08:32:39,912810TZ1,TSRYS5752098,D,S,C,2024-05-03,1000000.00,4.731041,97.046875
08:32:39,912810TZ1,TSRYS5752098,D,B,C,2024-05-03,1000000.00,4.731055,97.0467
08:32:39,912810TZ1,TSRYS5752098,D,S,D,2024-05-03,1000000.00,4.729792,97.0625
08:32:39,912810TZ1,TSRYS5752098,D,B,C,2024-05-03,1000000.00,4.729806,97.062325
08:32:39,912810TZ1,TSRYS5752098,D,B,C,2024-05-03,1000000.00,4.729806,97.062325
08:32:39,912810TZ1,TSRYS5752098,D,S,C,2024-05-03,1000000.00,4.729792,97.0625
08:32:39,912810TZ1,TSRYS5752098,D,B,C,2024-05-03,1000000.00,4.729806,97.062325
08:32:39,912810TZ1,TSRYS5752098,D,S,C,2024-05-03,1000000.00,4.729792,97.0625
08:32:40,912810TZ1,TSRYS5752098,D,S,C,2024-05-03,1000000.00,4.73354,97.015625
08:32:40,912810TZ1,TSRYS5752098,D,B,C,2024-05-03,1000000.00,4.733554,97.01545
08:32:40,912810TZ1,TSRYS5752098,D,S,C,2024-05-03,1000000.00,4.732291,97.03125
08:32:40,912810TZ1,TSRYS5752098,D,B,C,2024-05-03,1000000.00,4.732305,97.031075
08:32:41,912810TZ1,TSRYS5752098,D,S,T,2024-05-03,1000000.00,4.730416,97.0546875
08:32:42,912810TZ1,TSRYS5752098,D,S,T,2024-05-03,1000000.00,4.73026,97.05664062
08:32:45,912810TZ1,TSRYS5752098,D,S,T,2024-05-03,1000000.00,4.73026,97.05664062
08:32:47,912810TZ1,TSRYS5752098,D,S,T,2024-05-03,1000000.00,4.730104,97.05859375
08:32:48,912810TZ1,TSRYS5752098,D,S,D,2024-05-03,1000000.00,4.730416,97.0546875
08:32:50,912810TZ1,TSRYS5752098,D,B,C,2024-05-03,1000000.00,4.728543,97.078125
08:32:50,912810TZ1,TSRYS5752098,D,S,C,2024-05-03,1000000.00,4.728529,97.0783
08:32:50,912810TZ1,TSRYS5752098,D,S,C,2024-05-03,1000000.00,4.731027,97.04705
08:32:50,912810TZ1,TSRYS5752098,D,B,C,2024-05-03,1000000.00,4.731041,97.046875
08:32:50,912810TZ1,TSRYS5752098,D,B,C,2024-05-03,2000000.00,4.732291,97.03125
08:32:50,912810TZ1,TSRYS5752098,D,S,C,2024-05-03,2000000.00,4.732277,97.031425
08:32:50,912810TZ1,TSRYS5752098,D,B,C,2024-05-03,1000000.00,4.72606,97.1092
08:32:50,912810TZ1,TSRYS5752098,D,S,C,2024-05-03,1000000.00,4.726046,97.109375
08:32:50,912810TZ1,TSRYS5752098,D,B,C,2024-05-03,1000000.00,4.73354,97.015625
08:32:52,912810TZ1,TSRYS5752098,D,S,T,2024-05-03,1000000.00,4.73479,97.0
08:32:52,912810TZ1,TSRYS5752098,D,S,D,2024-05-03,1000000.00,4.730729,97.05078125
08:32:53,912810TZ1,TSRYS5752098,D,S,C,2024-05-03,1000000.00,4.72355,97.140625
08:32:53,912810TZ1,TSRYS5752098,D,B,C,2024-05-03,1000000.00,4.72355,97.140625
08:32:54,912810TZ1,TSRYS5752098,D,B,C,2024-05-03,1000000.00,4.727294,97.09375
08:32:54,912810TZ1,TSRYS5752098,D,S,C,2024-05-03,1000000.00,4.72728,97.093925
08:32:54,912810TZ1,TSRYS5752098,D,S,D,2024-05-03,1000000.00,4.729011,97.07226562
08:32:55,912810TZ1,TSRYS5752098,D,S,D,2024-05-03,1000000.00,4.729636,97.06445312
08:32:55,912810TZ1,TSRYS5752098,D,S,T,2024-05-03,1000000.00,4.730729,97.05078125
08:32:56,912810TZ1,TSRYS5752098,D,S,D,2024-05-03,1000000.00,4.732291,97.03125
08:32:56,912810TZ1,TSRYS5752098,D,B,C,2024-05-03,1000000.00,4.732305,97.031075
08:32:56,912810TZ1,TSRYS5752098,D,S,C,2024-05-03,1000000.00,4.732291,97.03125
08:32:56,912810TZ1,TSRYS5752098,D,B,C,2024-05-03,1000000.00,4.732305,97.031075
08:32:56,912810TZ1,TSRYS5752098,D,S,C,2024-05-03,1000000.00,4.73479,97.0
08:32:56,912810TZ1,TSRYS5752098,D,B,C,2024-05-03,1000000.00,4.734804,96.999825
08:32:56,912810TZ1,TSRYS5752098,D,B,C,2024-05-03,1000000.00,4.73479,97.0
08:32:56,912810TZ1,TSRYS5752098,D,S,C,2024-05-03,1000000.00,4.73479,97.0
08:32:56,912810TZ1,TSRYS5752098,D,B,C,2024-05-03,1000000.00,4.736041,96.984375
08:32:56,912810TZ1,TSRYS5752098,D,S,C,2024-05-03,1000000.00,4.736041,96.984375
08:32:56,912810TZ1,TSRYS5752098,D,S,T,2024-05-03,1000000.00,4.730416,97.0546875
08:32:56,912810TZ1,TSRYS5752098,D,B,C,2024-05-03,1000000.00,4.732305,97.031075
08:32:56,912810TZ1,TSRYS5752098,D,S,C,2024-05-03,1000000.00,4.732291,97.03125
08:32:56,912810TZ1,TSRYS5752098,D,S,C,2024-05-03,1000000.00,4.728387,97.080078125
08:32:56,912810TZ1,TSRYS5752098,D,S,D,2024-05-03,1000000.00,4.728543,97.078125
08:32:56,912810TZ1,TSRYS5752098,D,B,C,2024-05-03,1000000.00,4.728557,97.07795
08:32:56,912810TZ1,TSRYS5752098,D,S,D,2024-05-03,1000000.00,4.728543,97.078125
08:32:56,912810TZ1,TSRYS5752098,D,B,C,2024-05-03,1000000.00,4.728557,97.07795
08:32:56,912810TZ1,TSRYS5752098,D,S,C,2024-05-03,1000000.00,4.72728,97.093925
08:32:56,912810TZ1,TSRYS5752098,D,S,D,2024-05-03,1000000.00,4.728543,97.078125
08:32:56,912810TZ1,TSRYS5752098,D,B,C,2024-05-03,1000000.00,4.728557,97.07795
08:32:56,912810TZ1,TSRYS5752098,D,S,C,2024-05-03,1000000.00,4.72728,97.093925
08:32:56,912810TZ1,TSRYS5752098,D,S,C,2024-05-03,1000000.00,4.728387,97.080078125
08:32:56,912810TZ1,TSRYS5752098,D,B,A,2024-05-03,9113000.00,4.736041,96.984375
08:32:57,912810TZ1,TSRYS5752098,D,S,C,2024-05-03,1000000.00,4.729792,97.0625
08:32:57,912810TZ1,TSRYS5752098,D,S,C,2024-05-03,1000000.00,4.729792,97.0625
08:32:57,912810TZ1,TSRYS5752098,D,B,C,2024-05-03,1000000.00,4.729806,97.062325
08:32:57,912810TZ1,TSRYS5752098,D,S,C,2024-05-03,1000000.00,4.728387,97.080078125
08:32:58,912810TZ1,TSRYS5752098,D,S,T,2024-05-03,1000000.00,4.73026,97.05664062
08:33:00,912810TZ1,TSRYS5752098,D,S,D,2024-05-03,1000000.00,4.730729,97.05078125
08:33:02,912810TZ1,TSRYS5752098,D,S,T,2024-05-03,1000000.00,4.730729,97.05078125
08:33:10,912810TZ1,TSRYS5752098,D,S,T,2024-05-03,1000000.00,4.728543,97.078125
08:33:11,912810TZ1,TSRYS5752098,D,S,D,2024-05-03,1000000.00,4.729324,97.06835937
08:33:12,912810TZ1,TSRYS5752098,D,S,D,2024-05-03,1000000.00,4.729324,97.06835937
08:33:12,912810TZ1,TSRYS5752098,D,S,T,2024-05-03,1000000.00,4.731041,97.046875
08:33:14,912810TZ1,TSRYS5752098,D,B,C,2024-05-03,1000000.00,4.731041,97.046875
08:33:14,912810TZ1,TSRYS5752098,D,S,C,2024-05-03,1000000.00,4.731041,97.046875
08:33:20,912810TZ1,TSRYS5752098,D,B,C,2024-05-03,1000000.00,4.73354,97.015625
08:33:20,912810TZ1,TSRYS5752098,D,S,C,2024-05-03,1000000.00,4.733524,97.015825
08:33:20,912810TZ1,TSRYS5752098,D,S,C,2024-05-03,1000000.00,4.733524,97.015825
08:33:21,912810TZ1,TSRYS5752098,D,B,C,2024-05-03,1000000.00,4.717328,97.218575
08:33:21,912810TZ1,TSRYS5752098,D,S,T,2024-05-03,1000000.00,4.730573,97.052734375
08:33:21,912810TZ1,TSRYS5752098,D,S,C,2024-05-03,5000000.00,4.717296,97.218975
08:33:21,912810TZ1,TSRYS5752098,D,B,C,2024-05-03,5000000.00,4.717326,97.2186
08:33:21,912810TZ1,TSRYS5752098,D,S,D,2024-05-03,1000000.00,4.730573,97.052734375
08:33:21,912810TZ1,TSRYS5752098,D,S,D,2024-05-03,1000000.00,4.730729,97.05078125
08:33:21,912810TZ1,TSRYS5752098,D,S,D,2024-05-03,1000000.00,4.730729,97.05078125
08:33:21,912810TZ1,TSRYS5752098,D,S,D,2024-05-03,1000000.00,4.730729,97.05078125
08:33:21,912810TZ1,TSRYS5752098,D,S,D,2024-05-03,1000000.00,4.730416,97.0546875
08:33:22,912810TZ1,TSRYS5752098,D,S,D,2024-05-03,1000000.00,4.730416,97.0546875
08:33:22,912810TZ1,TSRYS5752098,D,S,C,2024-05-03,3000000.00,4.723536,97.1408
08:33:22,912810TZ1,TSRYS5752098,D,S,C,2024-05-03,1000000.00,4.719808,97.1875
08:33:22,912810TZ1,TSRYS5752098,D,B,C,2024-05-03,1000000.00,4.730416,97.0546875
08:33:22,912810TZ1,TSRYS5752098,D,B,C,2024-05-03,1000000.00,4.719824,97.1873
08:33:22,912810TZ1,TSRYS5752098,D,S,D,2024-05-03,1000000.00,4.730416,97.0546875
08:33:23,912810TZ1,TSRYS5752098,D,S,C,2024-05-03,2000000.00,4.721055,97.171875
08:33:23,912810TZ1,TSRYS5752098,D,S,D,2024-05-03,1000000.00,4.72355,97.140625
08:33:23,912810TZ1,TSRYS5752098,D,B,C,2024-05-03,1000000.00,4.723566,97.140425
08:33:23,912810TZ1,TSRYS5752098,D,B,C,2024-05-03,1000000.00,4.726046,97.109375
08:33:23,912810TZ1,TSRYS5752098,D,S,C,2024-05-03,1000000.00,4.726046,97.109375
08:33:24,912810TZ1,TSRYS5752098,D,S,D,2024-05-03,1000000.00,4.732291,97.03125
08:33:24,912810TZ1,TSRYS5752098,D,B,C,2024-05-03,1000000.00,4.732305,97.031075
08:33:24,912810TZ1,TSRYS5752098,D,S,C,2024-05-03,3000000.00,4.731027,97.04705
08:33:24,912810TZ1,TSRYS5752098,D,S,C,2024-05-03,1000000.00,4.732291,97.03125
08:33:24,912810TZ1,TSRYS5752098,D,B,C,2024-05-03,1000000.00,4.732305,97.031075
08:33:25,912810TZ1,TSRYS5752098,D,S,T,2024-05-03,1000000.00,4.731041,97.046875
08:33:25,912810TZ1,TSRYS5752098,D,S,T,2024-05-03,1000000.00,4.731041,97.046875
08:33:25,912810TZ1,TSRYS5752098,D,S,C,2024-05-03,2000000.00,4.732291,97.03125
08:33:25,912810TZ1,TSRYS5752098,D,S,D,2024-05-03,1000000.00,4.736041,96.984375
08:33:25,912810TZ1,TSRYS5752098,D,B,C,2024-05-03,1000000.00,4.736055,96.9842
08:33:25,912810TZ1,TSRYS5752098,D,S,C,2024-05-03,1000000.00,4.731041,97.046875
08:33:25,912810TZ1,TSRYS5752098,D,B,C,2024-05-03,1000000.00,4.731065,97.046575
08:33:25,912810TZ1,TSRYS5752098,D,B,C,2024-05-03,1000000.00,4.728557,97.07795
08:33:25,912810TZ1,TSRYS5752098,D,S,C,2024-05-03,1000000.00,4.728543,97.078125
08:33:25,912810TZ1,TSRYS5752098,D,S,C,2024-05-03,1000000.00,4.728543,97.078125
08:33:25,912810TZ1,TSRYS5752098,D,B,C,2024-05-03,1000000.00,4.728557,97.07795
08:33:25,912810TZ1,TSRYS5752098,D,S,C,2024-05-03,1000000.00,4.729792,97.0625
08:33:25,912810TZ1,TSRYS5752098,D,B,C,2024-05-03,1000000.00,4.729806,97.062325
08:33:25,912810TZ1,TSRYS5752098,D,B,C,2024-05-03,1000000.00,4.732305,97.031075
08:33:25,912810TZ1,TSRYS5752098,D,S,C,2024-05-03,1000000.00,4.732291,97.03125
08:33:25,912810TZ1,TSRYS5752098,D,S,D,2024-05-03,1000000.00,4.732291,97.03125
08:33:25,912810TZ1,TSRYS5752098,D,B,C,2024-05-03,1000000.00,4.732305,97.031075
08:33:25,912810TZ1,TSRYS5752098,D,S,C,2024-05-03,1000000.00,4.731041,97.046875
08:33:26,912810TZ1,TSRYS5752098,D,S,C,2024-05-03,1000000.00,4.729778,97.062675
08:33:26,912810TZ1,TSRYS5752098,D,B,C,2024-05-03,1000000.00,4.729792,97.0625
08:33:26,912810TZ1,TSRYS5752098,D,S,C,2024-05-03,1000000.00,4.733697,97.013671875
08:33:26,912810TZ1,TSRYS5752098,D,B,C,2024-05-03,1000000.00,4.733697,97.013671875
08:33:26,912810TZ1,TSRYS5752098,D,S,C,2024-05-03,1000000.00,4.733697,97.013671875
08:33:26,912810TZ1,TSRYS5752098,D,S,D,2024-05-03,1000000.00,4.730573,97.052734375
08:33:30,912810TZ1,TSRYS5752098,D,B,C,2024-05-03,1000000.00,4.734322,97.005859375
08:33:30,912810TZ1,TSRYS5752098,D,S,D,2024-05-03,1000000.00,4.727919,97.0859375
08:33:30,912810TZ1,TSRYS5752098,D,S,D,2024-05-03,1000000.00,4.727762,97.087890625
08:33:30,912810TZ1,TSRYS5752098,D,S,C,2024-05-03,1000000.00,4.734322,97.005859375
08:33:30,912810TZ1,TSRYS5752098,D,S,D,2024-05-03,1000000.00,4.727919,97.0859375
08:33:30,912810TZ1,TSRYS5752098,D,S,D,2024-05-03,1000000.00,4.727919,97.0859375
08:33:30,912810TZ1,TSRYS5752098,D,S,D,2024-05-03,1000000.00,4.728543,97.078125
08:33:30,912810TZ1,TSRYS5752098,D,S,D,2024-05-03,1000000.00,4.729167,97.0703125
08:33:31,912810TZ1,TSRYS5752098,D,S,T,2024-05-03,1000000.00,4.728231,97.08203125
08:33:32,912810TZ1,TSRYS5752098,D,S,C,2024-05-03,1000000.00,4.728231,97.08203125
08:33:32,912810TZ1,TSRYS5752098,D,S,T,2024-05-03,1000000.00,4.728543,97.078125
08:33:32,912810TZ1,TSRYS5752098,D,S,D,2024-05-03,1000000.00,4.728231,97.08203125
08:33:32,912810TZ1,TSRYS5752098,D,S,T,2024-05-03,1000000.00,4.728231,97.08203125
08:33:34,912810TZ1,TSRYS5752098,D,S,D,2024-05-03,1000000.00,4.729167,97.0703125
08:33:34,912810TZ1,TSRYS5752098,D,S,D,2024-05-03,1000000.00,4.729011,97.07226562
08:33:34,912810TZ1,TSRYS5752098,D,S,D,2024-05-03,1000000.00,4.728231,97.08203125
08:33:34,912810TZ1,TSRYS5752098,D,B,C,2024-05-03,1000000.00,4.728231,97.08203125
08:33:34,912810TZ1,TSRYS5752098,D,S,D,2024-05-03,1000000.00,4.728231,97.08203125
08:33:34,912810TZ1,TSRYS5752098,D,S,T,2024-05-03,1000000.00,4.728231,97.08203125
08:33:34,912810TZ1,TSRYS5752098,D,S,D,2024-05-03,1000000.00,4.727919,97.0859375
08:33:39,912810TZ1,TSRYS5752098,D,S,D,2024-05-03,1000000.00,4.728231,97.08203125
08:33:39,912810TZ1,TSRYS5752098,D,B,C,2024-05-03,1000000.00,4.727919,97.0859375
08:33:39,912810TZ1,TSRYS5752098,D,S,D,2024-05-03,1000000.00,4.727919,97.0859375
08:33:40,912810TZ1,TSRYS5752098,D,B,C,2024-05-03,1000000.00,4.726678,97.1014625
08:33:41,912810TZ1,TSRYS5752098,D,S,D,2024-05-03,1000000.00,4.717314,97.21875
08:33:41,912810TZ1,TSRYS5752098,D,B,C,2024-05-03,1000000.00,4.717328,97.218575
08:33:41,912810TZ1,TSRYS5752098,D,S,C,2024-05-03,1000000.00,4.726662,97.1016625
08:33:41,912810TZ1,TSRYS5752098,D,B,C,2024-05-03,1000000.00,4.724798,97.125
08:33:41,912810TZ1,TSRYS5752098,D,S,C,2024-05-03,1000000.00,4.718561,97.203125
08:33:41,912810TZ1,TSRYS5752098,D,S,C,2024-05-03,1000000.00,4.724782,97.1252
08:33:41,912810TZ1,TSRYS5752098,D,B,C,2024-05-03,1000000.00,4.718575,97.20295
08:33:42,912810TZ1,TSRYS5752098,D,B,C,2024-05-03,1000000.00,4.732309,97.031025
08:33:42,912810TZ1,TSRYS5752098,D,S,C,2024-05-03,1000000.00,4.732277,97.031425
08:33:42,912810TZ1,TSRYS5752098,D,S,T,2024-05-03,1000000.00,4.728543,97.078125
08:33:42,912810TZ1,TSRYS5752098,D,S,C,2024-05-03,1000000.00,4.731041,97.046875
08:33:42,912810TZ1,TSRYS5752098,D,B,C,2024-05-03,1000000.00,4.731055,97.0467
08:33:43,912810TZ1,TSRYS5752098,D,S,C,2024-05-03,1000000.00,4.732291,97.03125
08:33:43,912810TZ1,TSRYS5752098,D,B,C,2024-05-03,1000000.00,4.732305,97.031075
08:33:43,912810TZ1,TSRYS5752098,D,B,C,2024-05-03,2000000.00,4.732305,97.031075
08:33:43,912810TZ1,TSRYS5752098,D,B,C,2024-05-03,1000000.00,4.732305,97.031075
08:33:43,912810TZ1,TSRYS5752098,D,S,C,2024-05-03,1000000.00,4.732291,97.03125
08:33:43,912810TZ1,TSRYS5752098,D,B,C,2024-05-03,1000000.00,4.733554,97.01545
08:33:43,912810TZ1,TSRYS5752098,D,S,C,2024-05-03,1000000.00,4.73354,97.015625
08:33:43,912810TZ1,TSRYS5752098,D,B,C,2024-05-03,1000000.00,4.73479,97.0
08:33:43,912810TZ1,TSRYS5752098,D,S,C,2024-05-03,1000000.00,4.73479,97.0
08:33:43,912810TZ1,TSRYS5752098,D,S,C,2024-05-03,1000000.00,4.73479,97.0
08:33:43,912810TZ1,TSRYS5752098,D,B,C,2024-05-03,1000000.00,4.73479,97.0
08:33:43,912810TZ1,TSRYS5752098,D,S,C,2024-05-03,1000000.00,4.731041,97.046875
08:33:43,912810TZ1,TSRYS5752098,D,B,C,2024-05-03,1000000.00,4.731057,97.046675
08:33:43,912810TZ1,TSRYS5752098,D,B,C,2024-05-03,1000000.00,4.731055,97.0467
08:33:43,912810TZ1,TSRYS5752098,D,B,C,2024-05-03,1000000.00,4.729806,97.062325
08:33:43,912810TZ1,TSRYS5752098,D,S,C,2024-05-03,1000000.00,4.729792,97.0625
08:33:44,912810TZ1,TSRYS5752098,D,B,C,2024-05-03,1000000.00,4.727308,97.093575
08:33:44,912810TZ1,TSRYS5752098,D,S,C,2024-05-03,1000000.00,4.727294,97.09375
08:33:44,912810TZ1,TSRYS5752098,D,B,C,2024-05-03,1000000.00,4.729792,97.0625
08:33:44,912810TZ1,TSRYS5752098,D,S,C,2024-05-03,1000000.00,4.729778,97.062675
08:33:44,912810TZ1,TSRYS5752098,D,B,C,2024-05-03,1000000.00,4.728231,97.08203125
08:33:44,912810TZ1,TSRYS5752098,D,S,D,2024-05-03,1000000.00,4.728231,97.08203125
08:33:45,912810TZ1,TSRYS5752098,D,S,D,2024-05-03,1000000.00,4.729011,97.07226562
08:33:48,912810TZ1,TSRYS5752098,D,S,T,2024-05-03,1000000.00,4.733384,97.017578125
08:33:53,912810TZ1,TSRYS5752098,D,S,D,2024-05-03,1000000.00,4.730416,97.0546875
08:33:53,912810TZ1,TSRYS5752098,D,B,C,2024-05-03,1000000.00,4.730416,97.0546875
08:33:55,912810TZ1,TSRYS5752098,D,S,C,2024-05-03,2000000.00,4.732603,97.02734375
08:33:55,912810TZ1,TSRYS5752098,D,B,C,2024-05-03,1000000.00,4.730416,97.0546875
08:33:55,912810TZ1,TSRYS5752098,D,S,D,2024-05-03,1000000.00,4.730416,97.0546875
08:33:55,912810TZ1,TSRYS5752098,D,S,C,2024-05-03,1000000.00,4.731666,97.0390625
08:33:56,912810TZ1,TSRYS5752098,D,S,T,2024-05-03,2000000.00,4.732603,97.02734375
08:33:56,912810TZ1,TSRYS5752098,D,B,C,2024-05-03,2000000.00,4.721055,97.171875
08:33:57,912810TZ1,TSRYS5752098,D,S,D,2024-05-03,1000000.00,4.732291,97.03125
08:33:57,912810TZ1,TSRYS5752098,D,S,D,2024-05-03,1000000.00,4.732291,97.03125
08:33:57,912810TZ1,TSRYS5752098,D,B,C,2024-05-03,1000000.00,4.732305,97.031075
08:33:57,912810TZ1,TSRYS5752098,D,B,C,2024-05-03,1000000.00,4.732305,97.031075
08:33:57,912810TZ1,TSRYS5752098,D,B,C,2024-05-03,1000000.00,4.732305,97.031075
08:33:57,912810TZ1,TSRYS5752098,D,S,C,2024-05-03,1000000.00,4.732291,97.03125
08:33:57,912810TZ1,TSRYS5752098,D,S,T,2024-05-03,1000000.00,4.731041,97.046875
08:33:57,912810TZ1,TSRYS5752098,D,S,T,2024-05-03,1000000.00,4.731666,97.0390625
08:33:57,912810TZ1,TSRYS5752098,D,S,T,2024-05-03,1000000.00,4.731041,97.046875
08:33:57,912810TZ1,TSRYS5752098,D,S,T,2024-05-03,1000000.00,4.731041,97.046875
08:33:57,912810TZ1,TSRYS5752098,D,S,T,2024-05-03,1000000.00,4.731666,97.0390625
08:33:59,912810TZ1,TSRYS5752098,D,S,C,2024-05-03,2000000.00,4.738528,96.9533
08:33:59,912810TZ1,TSRYS5752098,D,S,C,2024-05-03,1000000.00,4.738528,96.9533
08:33:59,912810TZ1,TSRYS5752098,D,S,D,2024-05-03,1000000.00,4.728855,97.07421875
08:33:59,912810TZ1,TSRYS5752098,D,B,C,2024-05-03,1000000.00,4.738542,96.953125
08:33:59,912810TZ1,TSRYS5752098,D,B,C,2024-05-03,2000000.00,4.738542,96.953125
08:33:59,912810TZ1,TSRYS5752098,D,B,C,2024-05-03,1000000.00,4.728543,97.078125
08:33:59,912810TZ1,TSRYS5752098,D,B,C,2024-05-03,2000000.00,4.728543,97.078125
08:33:59,912810TZ1,TSRYS5752098,D,S,C,2024-05-03,2000000.00,4.728529,97.0783
08:34:03,912810TZ1,TSRYS5752098,D,S,D,2024-05-03,1000000.00,4.730104,97.05859375
08:34:06,912810TZ1,TSRYS5752098,D,S,T,2024-05-03,1000000.00,4.728855,97.07421875
08:34:08,912810TZ1,TSRYS5752098,D,S,C,2024-05-03,12609500.00,4.729792,97.0625
08:34:08,912810TZ1,TSRYS5752098,D,S,T,2024-05-03,1000000.00,4.728855,97.07421875
08:34:12,912810TZ1,TSRYS5752098,D,B,C,2024-05-03,1000000.00,4.734806,96.9998
08:34:12,912810TZ1,TSRYS5752098,D,S,C,2024-05-03,1000000.00,4.734776,97.000175
08:34:12,912810TZ1,TSRYS5752098,D,B,C,2024-05-03,1000000.00,4.738542,96.953125
08:34:13,912810TZ1,TSRYS5752098,D,S,T,2024-05-03,1000000.00,4.729324,97.06835937
08:34:13,912810TZ1,TSRYS5752098,D,S,C,2024-05-03,1000000.00,4.728529,97.0783
08:34:13,912810TZ1,TSRYS5752098,D,B,C,2024-05-03,1000000.00,4.728543,97.078125
08:34:13,912810TZ1,TSRYS5752098,D,S,C,2024-05-03,1000000.00,4.728529,97.0783
08:34:13,912810TZ1,TSRYS5752098,D,S,C,2024-05-03,1000000.00,4.731027,97.04705
08:34:13,912810TZ1,TSRYS5752098,D,S,C,2024-05-03,1000000.00,4.731027,97.04705
08:34:13,912810TZ1,TSRYS5752098,D,B,C,2024-05-03,1000000.00,4.731055,97.0467
08:34:13,912810TZ1,TSRYS5752098,D,S,C,2024-05-03,1000000.00,4.731029,97.047025
08:34:13,912810TZ1,TSRYS5752098,D,S,C,2024-05-03,1000000.00,4.731027,97.04705
08:34:13,912810TZ1,TSRYS5752098,D,B,C,2024-05-03,1000000.00,4.731041,97.046875
08:34:13,912810TZ1,TSRYS5752098,D,S,C,2024-05-03,1000000.00,4.731027,97.04705
08:34:13,912810TZ1,TSRYS5752098,D,B,C,2024-05-03,2000000.00,4.731041,97.046875
08:34:13,912810TZ1,TSRYS5752098,D,S,C,2024-05-03,2000000.00,4.731027,97.04705
08:34:14,912810TZ1,TSRYS5752098,D,S,D,2024-05-03,1000000.00,4.730416,97.0546875
08:34:14,912810TZ1,TSRYS5752098,D,B,C,2024-05-03,1000000.00,4.730416,97.0546875
08:34:14,912810TZ1,TSRYS5752098,D,S,T,2024-05-03,1000000.00,4.738542,96.953125
08:34:14,912810TZ1,TSRYS5752098,D,S,T,2024-05-03,1000000.00,4.739793,96.9375
08:34:14,912810TZ1,TSRYS5752098,D,S,D,2024-05-03,1000000.00,4.729011,97.07226562
08:34:14,912810TZ1,TSRYS5752098,D,S,T,2024-05-03,1000000.00,4.730573,97.05273437
08:34:19,912810TZ1,TSRYS5752098,D,S,C,2024-05-03,1000000.00,4.72948,97.06640625
08:34:31,912810TZ1,TSRYS5752098,D,B,C,2024-05-03,1000000.00,4.728557,97.07795
08:34:31,912810TZ1,TSRYS5752098,D,S,C,2024-05-03,1000000.00,4.728543,97.078125
08:34:31,912810TZ1,TSRYS5752098,D,B,C,2024-05-03,1000000.00,4.728557,97.07795
08:34:31,912810TZ1,TSRYS5752098,D,S,C,2024-05-03,1000000.00,4.728543,97.078125
08:34:31,912810TZ1,TSRYS5752098,D,S,C,2024-05-03,1000000.00,4.729792,97.0625
08:34:31,912810TZ1,TSRYS5752098,D,B,C,2024-05-03,1000000.00,4.729806,97.062325
08:34:31,912810TZ1,TSRYS5752098,D,S,C,2024-05-03,1000000.00,4.73479,97.0
08:34:31,912810TZ1,TSRYS5752098,D,S,C,2024-05-03,1000000.00,4.73479,97.0
08:34:32,912810TZ1,TSRYS5752098,D,S,C,2024-05-03,1000000.00,4.738542,96.953125
08:34:32,912810TZ1,TSRYS5752098,D,S,C,2024-05-03,1000000.00,4.738542,96.953125
08:34:32,912810TZ1,TSRYS5752098,D,B,C,2024-05-03,1000000.00,4.738542,96.953125
08:34:32,912810TZ1,TSRYS5752098,D,S,C,2024-05-03,1000000.00,4.73479,97.0
08:34:32,912810TZ1,TSRYS5752098,D,B,C,2024-05-03,1000000.00,4.734804,96.999825
08:34:32,912810TZ1,TSRYS5752098,D,S,C,2024-05-03,1000000.00,4.731027,97.04705
08:34:32,912810TZ1,TSRYS5752098,D,B,C,2024-05-03,1000000.00,4.731041,97.046875
08:34:33,912810TZ1,TSRYS5752098,D,S,D,2024-05-03,1000000.00,4.728543,97.078125
08:34:41,912810TZ1,TSRYS5752098,D,B,C,2024-05-03,1000000.00,4.728231,97.08203125
08:34:42,912810TZ1,TSRYS5752098,D,B,C,2024-05-03,1000000.00,4.734642,97.001853125
08:34:42,912810TZ1,TSRYS5752098,D,S,C,2024-05-03,1000000.00,4.734634,97.001953125
08:34:42,912810TZ1,TSRYS5752098,D,B,C,2024-05-03,1000000.00,4.728543,97.078125
08:34:46,912810TZ1,TSRYS5752098,D,B,C,2024-05-03,1000000.00,4.734804,96.999825
08:34:46,912810TZ1,TSRYS5752098,D,S,C,2024-05-03,1000000.00,4.728531,97.078275
08:34:55,912810TZ1,TSRYS5752098,D,S,T,2024-05-03,1000000.00,4.729324,97.068359375
08:34:55,912810TZ1,TSRYS5752098,D,S,T,2024-05-03,1000000.00,4.729324,97.068359375
08:34:56,912810TZ1,TSRYS5752098,D,S,T,2024-05-03,1000000.00,4.732759,97.025390625
08:34:56,912810TZ1,TSRYS5752098,D,S,T,2024-05-03,1000000.00,4.729792,97.0625
08:34:57,912810TZ1,TSRYS5752098,D,B,C,2024-05-03,1000000.00,4.730112,97.05849375
08:34:57,912810TZ1,TSRYS5752098,D,S,T,2024-05-03,1000000.00,4.732759,97.025390625
08:34:57,912810TZ1,TSRYS5752098,D,S,C,2024-05-03,1000000.00,4.730104,97.05859375
08:35:00,912810TZ1,TSRYS5752098,D,B,C,2024-05-03,1000000.00,4.729806,97.062325
08:35:00,912810TZ1,TSRYS5752098,D,S,D,2024-05-03,1000000.00,4.729792,97.0625
08:35:00,912810TZ1,TSRYS5752098,D,S,T,2024-05-03,1000000.00,4.729792,97.0625
08:35:00,912810TZ1,TSRYS5752098,D,S,C,2024-05-03,1000000.00,4.728531,97.078275
08:35:00,912810TZ1,TSRYS5752098,D,B,C,2024-05-03,1000000.00,4.728557,97.07795
08:35:00,912810TZ1,TSRYS5752098,D,B,C,2024-05-03,1000000.00,4.728559,97.077925
08:35:01,912810TZ1,TSRYS5752098,D,S,C,2024-05-03,1000000.00,4.728529,97.0783
08:35:01,912810TZ1,TSRYS5752098,D,S,C,2024-05-03,1000000.00,4.728543,97.078125
08:35:01,912810TZ1,TSRYS5752098,D,S,D,2024-05-03,1000000.00,4.728527,97.078325
08:35:01,912810TZ1,TSRYS5752098,D,B,C,2024-05-03,1000000.00,4.728543,97.078125
08:35:01,912810TZ1,TSRYS5752098,D,S,C,2024-05-03,1000000.00,4.732291,97.03125
08:35:01,912810TZ1,TSRYS5752098,D,S,C,2024-05-03,1000000.00,4.731027,97.04705
08:35:02,912810TZ1,TSRYS5752098,D,B,C,2024-05-03,1000000.00,4.73026,97.05664062
08:35:15,912810TZ1,TSRYS5752098,D,B,C,2024-05-03,1000000.00,4.728707,97.076071875
08:35:15,912810TZ1,TSRYS5752098,D,S,C,2024-05-03,1000000.00,4.728699,97.076171875
08:35:17,912810TZ1,TSRYS5752098,D,B,C,2024-05-03,1000000.00,4.730729,97.05078125
08:35:18,912810TZ1,TSRYS5752098,D,B,C,2024-05-03,1000000.00,4.731041,97.046875
08:35:19,912810TZ1,TSRYS5752098,D,B,C,2024-05-03,1000000.00,4.731978,97.03515625
08:35:19,912810TZ1,TSRYS5752098,D,S,A,2024-05-03,1000000.00,4.731978,97.03515625
08:35:24,912810TZ1,TSRYS5752098,D,S,D,2024-05-03,1000000.00,4.729792,97.0625
08:35:26,912810TZ1,TSRYS5752098,D,B,C,2024-05-03,1000000.00,4.734165,97.0078125
