tradeTime,cusip,issueSymbolIdentifier,priceType,reportingSideCode,contraPartyTypeCode,tradeDate,reportedTradeVolume,lastSaleYield,lastSalePrice
08:00:03,912810TZ1,TSRYS5752098,D,S,T,2024-04-25,1000000.00,4.894774,95.0234375
08:00:03,912810TZ1,TSRYS5752098,D,S,T,2024-04-25,1000000.00,4.904408,94.90625
08:00:03,912810TZ1,TSRYS5752098,D,S,T,2024-04-25,1000000.00,4.904408,94.90625
08:00:03,912810TZ1,TSRYS5752098,D,S,D,2024-04-25,1000000.00,4.904408,94.90625
08:00:03,912810TZ1,TSRYS5752098,D,S,T,2024-04-25,1000000.00,4.904408,94.90625
08:00:03,912810TZ1,TSRYS5752098,D,S,D,2024-04-25,1000000.00,4.904408,94.90625
08:00:03,912810TZ1,TSRYS5752098,D,S,D,2024-04-25,1000000.00,4.904408,94.90625
08:00:03,912810TZ1,TSRYS5752098,D,S,D,2024-04-25,1000000.00,4.904408,94.90625
08:00:05,912810TZ1,TSRYS5752098,D,S,D,2024-04-25,5000.00,4.903089,94.922275
08:00:05,912810TZ1,TSRYS5752098,D,S,D,2024-04-25,50000.00,4.902126,94.93399375
08:00:05,912810TZ1,TSRYS5752098,D,S,C,2024-04-25,5000.00,4.903089,95.022275
08:00:05,912810TZ1,TSRYS5752098,D,S,C,2024-04-25,50000.00,4.902126,94.94399375
08:00:08,912810TZ1,TSRYS5752098,D,S,D,2024-04-25,1000.00,4.903089,94.922275
08:00:08,912810TZ1,TSRYS5752098,D,S,A,2024-04-25,1000.00,4.903089,95.422275
08:00:30,912810TZ1,TSRYS5752098,D,S,T,2024-04-25,1000000.00,4.900552,94.953125
08:00:30,912810TZ1,TSRYS5752098,D,S,T,2024-04-25,1000000.00,4.900552,94.953125
08:00:30,912810TZ1,TSRYS5752098,D,S,T,2024-04-25,1000000.00,4.900552,94.953125
08:00:30,912810TZ1,TSRYS5752098,D,S,T,2024-04-25,1000000.00,4.900552,94.953125
08:00:30,912810TZ1,TSRYS5752098,D,S,T,2024-04-25,1000000.00,4.900552,94.953125
08:00:30,912810TZ1,TSRYS5752098,D,S,T,2024-04-25,1000000.00,4.903122,94.921875
08:00:30,912810TZ1,TSRYS5752098,D,S,T,2024-04-25,1000000.00,4.903122,94.921875
08:00:30,912810TZ1,TSRYS5752098,D,S,T,2024-04-25,1000000.00,4.903122,94.921875
08:00:30,912810TZ1,TSRYS5752098,D,S,T,2024-04-25,1000000.00,4.903122,94.921875
08:00:30,912810TZ1,TSRYS5752098,D,S,T,2024-04-25,1000000.00,4.895416,95.015625
08:00:30,912810TZ1,TSRYS5752098,D,S,T,2024-04-25,1000000.00,4.897983,94.984375
08:00:30,912810TZ1,TSRYS5752098,D,S,T,2024-04-25,1000000.00,4.890283,95.078125
08:00:30,912810TZ1,TSRYS5752098,D,S,T,2024-04-25,1000000.00,4.891566,95.0625
08:00:30,912810TZ1,TSRYS5752098,D,S,T,2024-04-25,1000000.00,4.894293,95.029296875
08:00:30,912810TZ1,TSRYS5752098,D,S,T,2024-04-25,1000000.00,4.894132,95.03125
08:00:30,912810TZ1,TSRYS5752098,D,S,T,2024-04-25,1000000.00,4.895416,95.015625
08:00:30,912810TZ1,TSRYS5752098,D,S,T,2024-04-25,1000000.00,4.900552,94.953125
08:00:30,912810TZ1,TSRYS5752098,D,S,T,2024-04-25,1000000.00,4.901837,94.9375
08:00:30,912810TZ1,TSRYS5752098,D,S,T,2024-04-25,1000000.00,4.897983,94.984375
08:00:30,912810TZ1,TSRYS5752098,D,S,T,2024-04-25,1000000.00,4.894132,95.03125
08:00:30,912810TZ1,TSRYS5752098,D,S,T,2024-04-25,1000000.00,4.890283,95.078125
08:00:30,912810TZ1,TSRYS5752098,D,S,T,2024-04-25,1000000.00,4.901837,94.9375
08:00:30,912810TZ1,TSRYS5752098,D,S,T,2024-04-25,1000000.00,4.897983,94.984375
08:00:30,912810TZ1,TSRYS5752098,D,S,T,2024-04-25,1000000.00,4.899268,94.96875
08:00:30,912810TZ1,TSRYS5752098,D,S,T,2024-04-25,1000000.00,4.899268,94.96875
08:00:30,912810TZ1,TSRYS5752098,D,S,T,2024-04-25,1000000.00,4.899268,94.96875
08:00:30,912810TZ1,TSRYS5752098,D,S,T,2024-04-25,1000000.00,4.904408,94.90625
08:00:30,912810TZ1,TSRYS5752098,D,S,T,2024-04-25,1000000.00,4.895416,95.015625
08:00:34,912810TZ1,TSRYS5752098,D,S,T,2024-04-25,2000000.00,4.895416,95.015625
08:00:34,912810TZ1,TSRYS5752098,D,S,T,2024-04-25,1000000.00,4.895416,95.015625
08:00:34,912810TZ1,TSRYS5752098,D,S,T,2024-04-25,1000000.00,4.895416,95.015625
08:00:34,912810TZ1,TSRYS5752098,D,S,T,2024-04-25,1000000.00,4.895416,95.015625
08:00:34,912810TZ1,TSRYS5752098,D,S,T,2024-04-25,1000000.00,4.895416,95.015625
08:00:34,912810TZ1,TSRYS5752098,D,S,T,2024-04-25,1000000.00,4.895416,95.015625
08:00:34,912810TZ1,TSRYS5752098,D,S,T,2024-04-25,1000000.00,4.895416,95.015625
08:00:34,912810TZ1,TSRYS5752098,D,S,T,2024-04-25,1000000.00,4.895416,95.015625
08:00:34,912810TZ1,TSRYS5752098,D,S,T,2024-04-25,1000000.00,4.894132,95.03125
08:00:34,912810TZ1,TSRYS5752098,D,S,T,2024-04-25,1000000.00,4.902158,94.93359375
08:00:34,912810TZ1,TSRYS5752098,D,S,T,2024-04-25,1000000.00,4.899268,94.96875
08:00:34,912810TZ1,TSRYS5752098,D,S,T,2024-04-25,1000000.00,4.899268,94.96875
08:00:34,912810TZ1,TSRYS5752098,D,S,D,2024-04-25,1000000.00,4.897983,94.984375
08:00:34,912810TZ1,TSRYS5752098,D,S,D,2024-04-25,1000000.00,4.897983,94.984375
08:00:34,912810TZ1,TSRYS5752098,D,S,D,2024-04-25,1000000.00,4.896699,95.0
08:00:34,912810TZ1,TSRYS5752098,D,S,D,2024-04-25,1000000.00,4.903122,94.921875
08:00:34,912810TZ1,TSRYS5752098,D,S,D,2024-04-25,1000000.00,4.903122,94.921875
08:00:34,912810TZ1,TSRYS5752098,D,S,D,2024-04-25,1000000.00,4.903122,94.921875
08:00:34,912810TZ1,TSRYS5752098,D,S,D,2024-04-25,4000000.00,4.897983,94.984375
08:00:34,912810TZ1,TSRYS5752098,D,S,D,2024-04-25,1000000.00,4.897983,94.984375
08:00:34,912810TZ1,TSRYS5752098,D,S,D,2024-04-25,1000000.00,4.897983,94.984375
08:00:34,912810TZ1,TSRYS5752098,D,S,D,2024-04-25,1000000.00,4.897983,94.984375
08:00:34,912810TZ1,TSRYS5752098,D,S,D,2024-04-25,1000000.00,4.897983,94.984375
08:00:34,912810TZ1,TSRYS5752098,D,S,D,2024-04-25,1000000.00,4.897983,94.984375
08:00:34,912810TZ1,TSRYS5752098,D,S,T,2024-04-25,1000000.00,4.897983,94.984375
08:00:34,912810TZ1,TSRYS5752098,D,S,T,2024-04-25,1000000.00,4.897983,94.984375
08:00:34,912810TZ1,TSRYS5752098,D,S,T,2024-04-25,1000000.00,4.896699,95.0
08:00:34,912810TZ1,TSRYS5752098,D,S,T,2024-04-25,1000000.00,4.899268,94.96875
08:00:34,912810TZ1,TSRYS5752098,D,S,T,2024-04-25,1000000.00,4.899268,94.96875
08:00:34,912810TZ1,TSRYS5752098,D,S,T,2024-04-25,1000000.00,4.903122,94.921875
08:00:34,912810TZ1,TSRYS5752098,D,S,T,2024-04-25,1000000.00,4.903122,94.921875
08:00:34,912810TZ1,TSRYS5752098,D,S,T,2024-04-25,1000000.00,4.903122,94.921875
08:00:34,912810TZ1,TSRYS5752098,D,S,T,2024-04-25,1000000.00,4.895416,95.015625
08:00:34,912810TZ1,TSRYS5752098,D,S,T,2024-04-25,1000000.00,4.895416,95.015625
08:00:34,912810TZ1,TSRYS5752098,D,S,T,2024-04-25,1000000.00,4.895416,95.015625
08:00:34,912810TZ1,TSRYS5752098,D,S,T,2024-04-25,1000000.00,4.895416,95.015625
08:00:34,912810TZ1,TSRYS5752098,D,S,T,2024-04-25,1000000.00,4.895416,95.015625
08:00:34,912810TZ1,TSRYS5752098,D,B,A,2024-04-25,650000.00,4.889001,95.09375
08:00:38,912810TZ1,TSRYS5752098,D,S,C,2024-04-25,200000.00,4.897662,94.98828125
08:00:38,912810TZ1,TSRYS5752098,D,S,C,2024-04-25,300000.00,4.89991,94.9609375
08:00:38,912810TZ1,TSRYS5752098,D,S,A,2024-04-25,5000.00,4.892528,95.05078125
08:00:38,912810TZ1,TSRYS5752098,D,B,C,2024-04-25,153000.00,4.891887,95.05859375
08:00:38,912810TZ1,TSRYS5752098,D,S,A,2024-04-25,200000.00,4.898947,94.97265625
08:00:38,912810TZ1,TSRYS5752098,D,B,C,2024-04-25,1936000.00,4.896057,95.0078125
08:00:38,912810TZ1,TSRYS5752098,D,S,A,2024-04-25,204000.00,4.892207,95.0546875
08:00:38,912810TZ1,TSRYS5752098,D,B,C,2024-04-25,500000.00,4.902158,94.93359375
08:00:38,912810TZ1,TSRYS5752098,D,S,T,2024-04-25,1000000.00,4.903122,94.921875
08:00:38,912810TZ1,TSRYS5752098,D,S,T,2024-04-25,1000000.00,4.903122,94.921875
08:00:38,912810TZ1,TSRYS5752098,D,S,T,2024-04-25,1000000.00,4.903122,94.921875
08:00:38,912810TZ1,TSRYS5752098,D,S,T,2024-04-25,1000000.00,4.903122,94.921875
08:00:38,912810TZ1,TSRYS5752098,D,S,T,2024-04-25,1000000.00,4.903122,94.921875
08:00:38,912810TZ1,TSRYS5752098,D,S,T,2024-04-25,1000000.00,4.903122,94.921875
08:00:38,912810TZ1,TSRYS5752098,D,B,C,2024-04-25,2844000.00,4.90248,94.9296875
08:00:38,912810TZ1,TSRYS5752098,D,B,A,2024-04-25,1855000.00,4.892207,95.054688
08:00:38,912810TZ1,TSRYS5752098,D,S,D,2024-04-25,1000000.00,4.896699,95.0
08:00:40,912810TZ1,TSRYS5752098,D,B,A,2024-04-25,760000.00,4.892207,95.054688
08:00:40,912810TZ1,TSRYS5752098,D,S,T,2024-04-25,1000000.00,4.891566,95.0625
08:00:40,912810TZ1,TSRYS5752098,D,S,T,2024-04-25,1000000.00,4.895416,95.015625
08:00:42,912810TZ1,TSRYS5752098,D,B,A,2024-04-25,1855000.00,4.892528,95.050781
08:00:42,912810TZ1,TSRYS5752098,D,S,C,2024-04-25,1000000.00,4.904408,94.90625
08:00:42,912810TZ1,TSRYS5752098,D,S,C,2024-04-25,1000000.00,4.904408,94.90625
08:00:42,912810TZ1,TSRYS5752098,D,S,C,2024-04-25,1000000.00,4.904408,94.90625
08:00:42,912810TZ1,TSRYS5752098,D,S,C,2024-04-25,1000000.00,4.904408,94.90625
08:00:42,912810TZ1,TSRYS5752098,D,S,C,2024-04-25,1000000.00,4.904408,94.90625
08:00:42,912810TZ1,TSRYS5752098,D,S,C,2024-04-25,1000000.00,4.903122,94.921875
08:00:42,912810TZ1,TSRYS5752098,D,S,C,2024-04-25,1000000.00,4.903122,94.921875
08:00:42,912810TZ1,TSRYS5752098,D,S,C,2024-04-25,1000000.00,4.903122,94.921875
08:00:42,912810TZ1,TSRYS5752098,D,S,C,2024-04-25,1000000.00,4.903122,94.921875
08:00:43,912810TZ1,TSRYS5752098,D,S,T,2024-04-25,1000000.00,4.894453,95.02734375
08:00:43,912810TZ1,TSRYS5752098,D,S,T,2024-04-25,1000000.00,4.894453,95.02734375
08:00:47,912810TZ1,TSRYS5752098,D,S,T,2024-04-25,1000000.00,4.900552,94.953125
08:00:47,912810TZ1,TSRYS5752098,D,S,A,2024-04-25,85000.00,4.902897,94.92578125
08:00:51,912810TZ1,TSRYS5752098,D,S,D,2024-04-25,500000.00,4.89317,95.04296875
08:00:51,912810TZ1,TSRYS5752098,D,S,D,2024-04-25,500000.00,4.89317,95.04296875
08:00:53,912810TZ1,TSRYS5752098,D,S,D,2024-04-25,1000000.00,4.894132,95.03125
08:00:53,912810TZ1,TSRYS5752098,D,S,D,2024-04-25,1000000.00,4.894132,95.03125
08:00:56,912810TZ1,TSRYS5752098,D,S,D,2024-04-25,1000000.00,4.894132,95.03125
08:00:56,912810TZ1,TSRYS5752098,D,S,D,2024-04-25,1000000.00,4.894132,95.03125
08:01:01,912810TZ1,TSRYS5752098,D,S,D,2024-04-25,505000.00,4.901837,94.9375
08:01:01,912810TZ1,TSRYS5752098,D,S,T,2024-04-25,1000000.00,4.893972,95.033203125
08:01:01,912810TZ1,TSRYS5752098,D,S,T,2024-04-25,1000000.00,4.894132,95.03125
08:01:01,912810TZ1,TSRYS5752098,D,B,C,2024-04-25,1000000.00,4.894132,95.03125
08:01:01,912810TZ1,TSRYS5752098,D,B,C,2024-04-25,1000000.00,4.897983,94.984375
08:01:01,912810TZ1,TSRYS5752098,D,S,D,2024-04-25,1000000.00,4.897983,94.984375
08:01:01,912810TZ1,TSRYS5752098,D,S,C,2024-04-25,1000000.00,4.894132,95.03125
08:01:01,912810TZ1,TSRYS5752098,D,S,D,2024-04-25,1000000.00,4.896699,95.0
08:01:01,912810TZ1,TSRYS5752098,D,S,D,2024-04-25,1000000.00,4.896699,95.0
08:01:01,912810TZ1,TSRYS5752098,D,S,C,2024-04-25,1000000.00,4.89317,95.04296875
08:01:01,912810TZ1,TSRYS5752098,D,B,C,2024-04-25,1000000.00,4.896699,95.0
08:01:01,912810TZ1,TSRYS5752098,D,B,C,2024-04-25,1000000.00,4.895095,95.01953125
08:01:01,912810TZ1,TSRYS5752098,D,S,C,2024-04-25,1000000.00,4.895095,95.01953125
08:01:01,912810TZ1,TSRYS5752098,D,S,D,2024-04-25,1000000.00,4.903122,94.921875
08:01:01,912810TZ1,TSRYS5752098,D,S,D,2024-04-25,1000000.00,4.904408,94.90625
08:01:02,912810TZ1,TSRYS5752098,D,B,C,2024-04-25,1000000.00,4.904408,94.90625
08:01:02,912810TZ1,TSRYS5752098,D,S,D,2024-04-25,1000000.00,4.904408,94.90625
08:01:02,912810TZ1,TSRYS5752098,D,S,D,2024-04-25,1000000.00,4.904408,94.90625
08:01:02,912810TZ1,TSRYS5752098,D,B,C,2024-04-25,1000000.00,4.903122,94.921875
08:01:02,912810TZ1,TSRYS5752098,D,S,D,2024-04-25,1000000.00,4.904408,94.90625
08:01:02,912810TZ1,TSRYS5752098,D,S,D,2024-04-25,1000000.00,4.90248,94.9296875
08:01:02,912810TZ1,TSRYS5752098,D,S,D,2024-04-25,1000000.00,4.904408,94.90625
08:01:02,912810TZ1,TSRYS5752098,D,B,C,2024-04-25,1000000.00,4.896057,95.0078125
08:01:02,912810TZ1,TSRYS5752098,D,S,C,2024-04-25,1000000.00,4.896057,95.0078125
08:01:02,912810TZ1,TSRYS5752098,D,S,C,2024-04-25,1000000.00,4.895416,95.015625
08:01:02,912810TZ1,TSRYS5752098,D,B,C,2024-04-25,1000000.00,4.895416,95.015625
08:01:02,912810TZ1,TSRYS5752098,D,S,T,2024-04-25,1000000.00,4.895095,95.01953125
08:01:03,912810TZ1,TSRYS5752098,D,B,C,2024-04-25,1000000.00,4.89317,95.04296875
08:01:03,912810TZ1,TSRYS5752098,D,S,C,2024-04-25,1000000.00,4.89317,95.04296875
08:01:03,912810TZ1,TSRYS5752098,D,S,C,2024-04-25,1000000.00,4.894132,95.03125
08:01:09,912810TZ1,TSRYS5752098,D,B,A,2024-04-25,1690000.00,4.898626,94.9765625
08:01:13,912810TZ1,TSRYS5752098,D,S,D,2024-04-25,3000000.00,4.896642,95.0007
08:01:14,912810TZ1,TSRYS5752098,D,S,A,2024-04-25,200000.00,4.889001,95.09375
08:01:15,912810TZ1,TSRYS5752098,D,B,A,2024-04-25,505000.00,4.901837,94.9375
08:01:15,912810TZ1,TSRYS5752098,D,S,D,2024-04-25,505000.00,4.901837,94.9375
08:01:15,912810TZ1,TSRYS5752098,D,B,A,2024-04-25,1700000.00,4.89317,95.04296875
08:01:17,912810TZ1,TSRYS5752098,D,S,A,2024-04-25,56800.00,4.895831,95.01171875
08:01:17,912810TZ1,TSRYS5752098,D,S,C,2024-04-25,1000000.00,4.900231,94.95703125
08:01:17,912810TZ1,TSRYS5752098,D,S,T,2024-04-25,1000000.00,4.894132,95.03125
08:01:18,912810TZ1,TSRYS5752098,D,S,C,2024-04-25,1000000.00,4.902158,94.93359375
08:01:18,912810TZ1,TSRYS5752098,D,S,C,2024-04-25,1000000.00,4.902158,94.93359375
08:01:18,912810TZ1,TSRYS5752098,D,S,C,2024-04-25,1000000.00,4.902158,94.93359375
08:01:18,912810TZ1,TSRYS5752098,D,S,D,2024-04-25,1300000.00,4.903122,94.921875
08:01:18,912810TZ1,TSRYS5752098,D,S,D,2024-04-25,1000000.00,4.90248,94.9296875
08:01:18,912810TZ1,TSRYS5752098,D,S,C,2024-04-25,1000000.00,4.901195,94.9453125
08:01:18,912810TZ1,TSRYS5752098,D,S,C,2024-04-25,1000000.00,4.901195,94.9453125
08:01:19,912810TZ1,TSRYS5752098,D,S,C,2024-04-25,1000000.00,4.897983,94.984375
08:01:19,912810TZ1,TSRYS5752098,D,S,A,2024-04-25,411000.00,4.894774,95.0234375
08:01:20,912810TZ1,TSRYS5752098,D,S,A,2024-04-25,590000.00,4.899395,94.96875
08:01:20,912810TZ1,TSRYS5752098,D,S,A,2024-04-25,500000.00,4.898626,94.9765625
08:01:25,912810TZ1,TSRYS5752098,D,S,T,2024-04-25,1000000.00,4.904408,94.90625
08:01:25,912810TZ1,TSRYS5752098,D,S,T,2024-04-25,1000000.00,4.90442,94.9061
08:01:25,912810TZ1,TSRYS5752098,D,S,T,2024-04-25,1000000.00,4.904408,94.90625
08:01:25,912810TZ1,TSRYS5752098,D,S,T,2024-04-25,1000000.00,4.904408,94.90625
08:01:25,912810TZ1,TSRYS5752098,D,S,T,2024-04-25,1000000.00,4.90442,94.9061
08:01:25,912810TZ1,TSRYS5752098,D,S,T,2024-04-25,1000000.00,4.90442,94.9061
08:01:25,912810TZ1,TSRYS5752098,D,S,T,2024-04-25,1000000.00,4.90442,94.9061
08:01:25,912810TZ1,TSRYS5752098,D,S,T,2024-04-25,1000000.00,4.90442,94.9061
08:01:25,912810TZ1,TSRYS5752098,D,S,T,2024-04-25,1000000.00,4.90442,94.9061
08:01:25,912810TZ1,TSRYS5752098,D,S,T,2024-04-25,1000000.00,4.90442,94.9061
08:01:25,912810TZ1,TSRYS5752098,D,S,T,2024-04-25,1000000.00,4.90442,94.9061
08:01:25,912810TZ1,TSRYS5752098,D,S,D,2024-04-25,15000000.00,4.897925,94.98508
08:01:26,912810TZ1,TSRYS5752098,D,S,T,2024-04-25,1000000.00,4.893811,95.03515625
08:01:26,912810TZ1,TSRYS5752098,D,S,T,2024-04-25,1000000.00,4.894293,95.029296875
08:01:27,912810TZ1,TSRYS5752098,D,S,C,2024-04-25,1000000.00,4.902158,94.93359375
08:01:27,912810TZ1,TSRYS5752098,D,S,D,2024-04-25,1000000.00,4.902158,94.93359375
08:01:27,912810TZ1,TSRYS5752098,D,S,D,2024-04-25,1000000.00,4.902158,94.93359375
08:01:27,912810TZ1,TSRYS5752098,D,S,D,2024-04-25,1000000.00,4.902158,94.93359375
08:01:27,912810TZ1,TSRYS5752098,D,S,C,2024-04-25,1000000.00,4.902158,94.93359375
08:01:27,912810TZ1,TSRYS5752098,D,S,D,2024-04-25,1000000.00,4.902158,94.93359375
08:01:27,912810TZ1,TSRYS5752098,D,S,T,2024-04-25,1000000.00,4.90185,94.93735
08:01:27,912810TZ1,TSRYS5752098,D,S,T,2024-04-25,1000000.00,4.90185,94.93735
08:01:27,912810TZ1,TSRYS5752098,D,S,T,2024-04-25,1000000.00,4.90185,94.93735
08:01:27,912810TZ1,TSRYS5752098,D,S,D,2024-04-25,1000000.00,4.902158,94.93359375
08:01:27,912810TZ1,TSRYS5752098,D,S,D,2024-04-25,1000000.00,4.902158,94.93359375
08:01:27,912810TZ1,TSRYS5752098,D,S,T,2024-04-25,1000000.00,4.90185,94.93735
08:01:27,912810TZ1,TSRYS5752098,D,S,D,2024-04-25,1000000.00,4.90248,94.9296875
08:01:27,912810TZ1,TSRYS5752098,D,S,C,2024-04-25,1000000.00,4.90248,94.9296875
08:01:27,912810TZ1,TSRYS5752098,D,S,T,2024-04-25,1000000.00,4.903122,94.921875
08:01:27,912810TZ1,TSRYS5752098,D,S,D,2024-04-25,1000000.00,4.901195,94.9453125
08:01:27,912810TZ1,TSRYS5752098,D,S,C,2024-04-25,1000000.00,4.901195,94.9453125
08:01:27,912810TZ1,TSRYS5752098,D,S,C,2024-04-25,1000000.00,4.901195,94.9453125
08:01:27,912810TZ1,TSRYS5752098,D,S,C,2024-04-25,1000000.00,4.901195,94.9453125
08:01:27,912810TZ1,TSRYS5752098,D,S,D,2024-04-25,1000000.00,4.901195,94.9453125
08:01:27,912810TZ1,TSRYS5752098,D,S,D,2024-04-25,1000000.00,4.901195,94.9453125
08:01:27,912810TZ1,TSRYS5752098,D,S,T,2024-04-25,1000000.00,4.900565,94.952975
08:01:30,912810TZ1,TSRYS5752098,D,S,A,2024-04-25,120000.00,4.899268,94.96875
08:01:33,912810TZ1,TSRYS5752098,D,S,A,2024-04-25,4776000.00,4.901034,94.947265625
08:01:35,912810TZ1,TSRYS5752098,D,S,A,2024-04-25,100000.00,4.897115,94.99609375
08:01:35,912810TZ1,TSRYS5752098,D,S,D,2024-04-25,4638000.00,4.896699,95.0
08:01:39,912810TZ1,TSRYS5752098,D,B,C,2024-04-25,350000.00,4.89702,94.99609375
08:01:44,912810TZ1,TSRYS5752098,D,S,A,2024-04-25,20720000.00,4.896699,95.0
08:01:45,912810TZ1,TSRYS5752098,D,S,D,2024-04-25,1000000.00,4.897983,94.984375
08:01:45,912810TZ1,TSRYS5752098,D,S,D,2024-04-25,1000000.00,4.897983,94.984375
08:01:46,912810TZ1,TSRYS5752098,D,S,D,2024-04-25,1000000.00,4.897983,94.984375
08:01:46,912810TZ1,TSRYS5752098,D,B,C,2024-04-25,1000000.00,4.897983,94.984375
08:01:47,912810TZ1,TSRYS5752098,D,S,T,2024-04-25,1000000.00,4.893009,95.04492187
08:01:47,912810TZ1,TSRYS5752098,D,S,D,2024-04-25,1000000.00,4.893009,95.04492187
08:01:47,912810TZ1,TSRYS5752098,D,S,D,2024-04-25,1000000.00,4.893009,95.04492187
08:01:47,912810TZ1,TSRYS5752098,D,S,D,2024-04-25,1000000.00,4.893009,95.04492187
08:01:47,912810TZ1,TSRYS5752098,D,S,T,2024-04-25,1000000.00,4.89317,95.04296875
08:01:47,912810TZ1,TSRYS5752098,D,S,D,2024-04-25,1000000.00,4.89317,95.04296875
08:01:47,912810TZ1,TSRYS5752098,D,S,T,2024-04-25,1000000.00,4.892849,95.046875
08:01:52,912810TZ1,TSRYS5752098,D,S,D,2024-04-25,1000000.00,4.896699,95.0
08:01:52,912810TZ1,TSRYS5752098,D,S,T,2024-04-25,1000000.00,4.896699,95.0
08:01:52,912810TZ1,TSRYS5752098,D,S,T,2024-04-25,1000000.00,4.896699,95.0
08:01:52,912810TZ1,TSRYS5752098,D,S,T,2024-04-25,1000000.00,4.89686,94.99804687
08:01:52,912810TZ1,TSRYS5752098,D,S,D,2024-04-25,1000000.00,4.896699,95.0
08:01:54,912810TZ1,TSRYS5752098,D,S,D,2024-04-25,1300000.00,4.903122,94.921875
08:01:55,912810TZ1,TSRYS5752098,D,S,D,2024-04-25,12000000.00,4.894594,95.02563
08:01:55,912810TZ1,TSRYS5752098,D,S,D,2024-04-25,1000000.00,4.903122,94.921875
08:01:55,912810TZ1,TSRYS5752098,D,S,D,2024-04-25,1000000.00,4.90248,94.9296875
08:01:56,912810TZ1,TSRYS5752098,D,S,A,2024-04-25,1000000.00,4.895095,95.01953125
08:01:57,912810TZ1,TSRYS5752098,D,B,C,2024-04-25,1000000.00,4.894132,95.031075
08:01:57,912810TZ1,TSRYS5752098,D,S,C,2024-04-25,1000000.00,4.894132,95.03125
08:01:59,912810TZ1,TSRYS5752098,D,S,A,2024-04-25,2000000.00,4.895095,95.01953125
08:01:59,912810TZ1,TSRYS5752098,D,S,T,2024-04-25,1000000.00,4.895095,95.01953125
08:01:59,912810TZ1,TSRYS5752098,D,S,T,2024-04-25,1000000.00,4.895416,95.015625
08:01:59,912810TZ1,TSRYS5752098,D,S,D,2024-04-25,1000000.00,4.895416,95.015625
08:01:59,912810TZ1,TSRYS5752098,D,S,T,2024-04-25,1000000.00,4.895416,95.015625
08:01:59,912810TZ1,TSRYS5752098,D,S,D,2024-04-25,1000000.00,4.895416,95.015625
08:01:59,912810TZ1,TSRYS5752098,D,B,C,2024-04-25,5000000.00,4.895392,95.01591
08:02:00,912810TZ1,TSRYS5752098,D,S,T,2024-04-25,1000000.00,4.894149,95.03105
08:02:01,912810TZ1,TSRYS5752098,D,S,A,2024-04-25,500.00,4.893491,95.0390625
08:02:01,912810TZ1,TSRYS5752098,D,B,A,2024-04-25,500.00,4.893491,95.0390625
08:02:01,912810TZ1,TSRYS5752098,D,S,A,2024-04-25,500000.00,4.893491,95.0390625
08:02:01,912810TZ1,TSRYS5752098,D,B,A,2024-04-25,500000.00,4.893491,95.0390625
08:02:02,912810TZ1,TSRYS5752098,D,S,D,2024-04-25,1000000.00,4.890273,95.078255
08:02:02,912810TZ1,TSRYS5752098,D,B,C,2024-04-25,1000000.00,4.890283,95.078125
08:02:02,912810TZ1,TSRYS5752098,D,S,D,2024-04-25,1000000.00,4.890283,95.078125
08:02:03,912810TZ1,TSRYS5752098,D,B,A,2024-04-25,204000.00,4.892207,95.0546875
08:02:03,912810TZ1,TSRYS5752098,D,B,C,2024-04-25,1000000.00,4.887731,95.109223
08:02:03,912810TZ1,TSRYS5752098,D,S,C,2024-04-25,1000000.00,4.887703,95.109575
08:02:03,912810TZ1,TSRYS5752098,D,S,C,2024-04-25,1000000.00,4.901998,94.93554687
08:02:05,912810TZ1,TSRYS5752098,D,S,D,2024-04-25,1000000.00,4.901516,94.94140625
08:02:05,912810TZ1,TSRYS5752098,D,S,T,2024-04-25,1000000.00,4.901516,94.94140625
08:02:05,912810TZ1,TSRYS5752098,D,S,D,2024-04-25,1000000.00,4.901516,94.94140625
08:02:05,912810TZ1,TSRYS5752098,D,S,D,2024-04-25,2000000.00,4.89991,94.9609375
08:02:05,912810TZ1,TSRYS5752098,D,S,C,2024-04-25,1000000.00,4.89991,94.9609375
08:02:06,912810TZ1,TSRYS5752098,D,S,D,2024-04-25,1000000.00,4.900392,94.95507812
08:02:06,912810TZ1,TSRYS5752098,D,S,T,2024-04-25,1000000.00,4.900392,94.95507812
08:02:07,912810TZ1,TSRYS5752098,D,S,D,2024-04-25,1000000.00,4.900231,94.95703125
08:02:07,912810TZ1,TSRYS5752098,D,S,D,2024-04-25,1000000.00,4.900231,94.95703125
08:02:08,912810TZ1,TSRYS5752098,D,S,T,2024-04-25,2000000.00,4.899107,94.97070312
08:02:11,912810TZ1,TSRYS5752098,D,S,C,2024-04-25,3900000.00,4.903122,94.921875
08:02:13,912810TZ1,TSRYS5752098,D,B,C,2024-04-25,1000000.00,4.89991,94.9609375
08:02:15,912810TZ1,TSRYS5752098,D,S,T,2024-04-25,2000000.00,4.903122,94.921875
08:02:20,912810TZ1,TSRYS5752098,D,S,D,2024-04-25,1000000.00,4.891566,95.0625
08:02:20,912810TZ1,TSRYS5752098,D,S,D,2024-04-25,1000000.00,4.891566,95.0625
08:02:20,912810TZ1,TSRYS5752098,D,B,C,2024-04-25,1000000.00,4.891566,95.0625
08:02:20,912810TZ1,TSRYS5752098,D,B,C,2024-04-25,1000000.00,4.901837,94.9375
08:02:20,912810TZ1,TSRYS5752098,D,S,D,2024-04-25,1000000.00,4.901837,94.9375
08:02:20,912810TZ1,TSRYS5752098,D,B,C,2024-04-25,1000000.00,4.901837,94.937325
08:02:20,912810TZ1,TSRYS5752098,D,S,D,2024-04-25,1000000.00,4.901837,94.9375
08:02:21,912810TZ1,TSRYS5752098,D,S,C,2024-04-25,1500000.00,4.890925,95.0703125
08:02:21,912810TZ1,TSRYS5752098,D,S,A,2024-04-25,755000.00,4.898304,94.98046875
08:02:21,912810TZ1,TSRYS5752098,D,S,C,2024-04-25,268100.00,4.900552,94.953125
08:02:21,912810TZ1,TSRYS5752098,D,S,A,2024-04-25,255000.00,4.900874,94.94921875
08:02:21,912810TZ1,TSRYS5752098,D,S,D,2024-04-25,1265000.00,4.904086,94.91015625
08:02:21,912810TZ1,TSRYS5752098,D,S,C,2024-04-25,200000.00,4.898626,94.9765625
08:02:22,912810TZ1,TSRYS5752098,D,S,A,2024-04-25,300000.00,4.896057,95.0078125
08:02:22,912810TZ1,TSRYS5752098,D,B,C,2024-04-25,1000000.00,4.896712,94.999848
08:02:22,912810TZ1,TSRYS5752098,D,S,C,2024-04-25,1000000.00,4.896699,95.0
08:02:22,912810TZ1,TSRYS5752098,D,S,A,2024-04-25,54900.00,4.894547,95.02734375
08:02:22,912810TZ1,TSRYS5752098,D,S,C,2024-04-25,1000000.00,4.896699,95.0
08:02:22,912810TZ1,TSRYS5752098,D,S,C,2024-04-25,1000000.00,4.895399,95.015825
08:02:23,912810TZ1,TSRYS5752098,D,B,C,2024-04-25,1000000.00,4.895428,95.015473
08:02:24,912810TZ1,TSRYS5752098,D,S,A,2024-04-25,12000.00,4.901837,94.97916666667
08:02:24,912810TZ1,TSRYS5752098,D,S,D,2024-04-25,1000000.00,4.894124,95.031352
08:02:24,912810TZ1,TSRYS5752098,D,S,D,2024-04-25,1000000.00,4.895407,95.015727
08:02:24,912810TZ1,TSRYS5752098,D,B,C,2024-04-25,1000000.00,4.895416,95.015625
08:02:24,912810TZ1,TSRYS5752098,D,S,D,2024-04-25,1000000.00,4.895407,95.015727
08:02:24,912810TZ1,TSRYS5752098,D,B,C,2024-04-25,1000000.00,4.895416,95.015625
08:02:24,912810TZ1,TSRYS5752098,D,S,D,2024-04-25,1000000.00,4.895407,95.015727
08:02:26,912810TZ1,TSRYS5752098,D,S,D,2024-04-25,375000.00,4.894132,95.03125
08:02:26,912810TZ1,TSRYS5752098,D,S,C,2024-04-25,1000000.00,4.895416,95.015625
08:02:27,912810TZ1,TSRYS5752098,D,S,D,2024-04-25,1000000.00,4.895416,95.015625
08:02:27,912810TZ1,TSRYS5752098,D,B,C,2024-04-25,1000000.00,4.895416,95.015625
08:02:27,912810TZ1,TSRYS5752098,D,S,T,2024-04-25,1000000.00,4.903122,94.921875
08:02:27,912810TZ1,TSRYS5752098,D,S,T,2024-04-25,1000000.00,4.903122,94.921875
08:02:27,912810TZ1,TSRYS5752098,D,S,T,2024-04-25,1000000.00,4.903122,94.921875
08:02:27,912810TZ1,TSRYS5752098,D,S,T,2024-04-25,1000000.00,4.903122,94.921875
08:02:27,912810TZ1,TSRYS5752098,D,S,T,2024-04-25,1000000.00,4.903122,94.921875
08:02:27,912810TZ1,TSRYS5752098,D,S,C,2024-04-25,1000000.00,4.89412,95.0314
08:02:27,912810TZ1,TSRYS5752098,D,B,C,2024-04-25,1000000.00,4.894147,95.031075
08:02:27,912810TZ1,TSRYS5752098,D,S,C,2024-04-25,1000000.00,4.89412,95.0314
08:02:28,912810TZ1,TSRYS5752098,D,B,C,2024-04-25,1000000.00,4.894149,95.03105
08:02:28,912810TZ1,TSRYS5752098,D,S,C,2024-04-25,1000000.00,4.89412,95.0314
08:02:28,912810TZ1,TSRYS5752098,D,B,C,2024-04-25,1000000.00,4.894149,95.03105
08:02:28,912810TZ1,TSRYS5752098,D,B,C,2024-04-25,1000000.00,4.894132,95.03125
08:02:28,912810TZ1,TSRYS5752098,D,S,C,2024-04-25,1000000.00,4.894132,95.03125
08:02:28,912810TZ1,TSRYS5752098,D,B,C,2024-04-25,1000000.00,4.894132,95.03125
08:02:28,912810TZ1,TSRYS5752098,D,S,C,2024-04-25,1000000.00,4.894114,95.031477
08:02:28,912810TZ1,TSRYS5752098,D,S,D,2024-04-25,1000000.00,4.896699,95.0
08:02:29,912810TZ1,TSRYS5752098,D,S,C,2024-04-25,1000000.00,4.897983,94.984375
08:02:29,912810TZ1,TSRYS5752098,D,S,D,2024-04-25,1000000.00,4.897973,94.984505
08:02:29,912810TZ1,TSRYS5752098,D,B,C,2024-04-25,1000000.00,4.897983,94.984375
08:02:29,912810TZ1,TSRYS5752098,D,B,C,2024-04-25,1000000.00,4.897983,94.984375
08:02:33,912810TZ1,TSRYS5752098,D,B,C,2024-04-25,1000000.00,4.900552,94.953125
08:02:33,912810TZ1,TSRYS5752098,D,S,D,2024-04-25,1000000.00,4.900552,94.953125
08:02:33,912810TZ1,TSRYS5752098,D,S,D,2024-04-25,1000000.00,4.896699,95.0
08:02:34,912810TZ1,TSRYS5752098,D,S,D,2024-04-25,1000000.00,4.899268,94.96875
08:02:34,912810TZ1,TSRYS5752098,D,B,C,2024-04-25,1000000.00,4.899282,94.968575
08:02:34,912810TZ1,TSRYS5752098,D,S,D,2024-04-25,1000000.00,4.899268,94.96875
08:02:36,912810TZ1,TSRYS5752098,D,S,D,2024-04-25,1000000.00,4.895416,95.015625
08:02:36,912810TZ1,TSRYS5752098,D,B,C,2024-04-25,1000000.00,4.89543,95.01545
08:02:36,912810TZ1,TSRYS5752098,D,S,D,2024-04-25,15000.00,4.900552,94.953125
08:02:37,912810TZ1,TSRYS5752098,D,S,C,2024-04-25,1000000.00,4.90054,94.953277
08:02:37,912810TZ1,TSRYS5752098,D,S,C,2024-04-25,1000000.00,4.901825,94.937652
08:02:37,912810TZ1,TSRYS5752098,D,S,C,2024-04-25,1000000.00,4.901837,94.9375
08:02:38,912810TZ1,TSRYS5752098,D,B,C,2024-04-25,1000000.00,4.901852,94.937325
08:02:39,912810TZ1,TSRYS5752098,D,B,C,2024-04-25,1000000.00,4.900552,94.953125
08:02:39,912810TZ1,TSRYS5752098,D,S,C,2024-04-25,1000000.00,4.900536,94.953325
08:02:39,912810TZ1,TSRYS5752098,D,S,D,2024-04-25,11000000.00,4.904506,94.90506
08:02:43,912810TZ1,TSRYS5752098,D,S,D,2024-04-25,1000000.00,4.897983,94.984375
08:02:44,912810TZ1,TSRYS5752098,D,S,D,2024-04-25,1000000.00,4.893009,95.044921875
08:02:44,912810TZ1,TSRYS5752098,D,S,D,2024-04-25,1000000.00,4.89317,95.04296875
08:02:45,912810TZ1,TSRYS5752098,D,S,D,2024-04-25,1000000.00,4.892849,95.046875
08:02:45,912810TZ1,TSRYS5752098,D,S,C,2024-04-25,1000000.00,4.895416,95.015625
08:02:45,912810TZ1,TSRYS5752098,D,B,C,2024-04-25,1000000.00,4.895416,95.015625
08:02:45,912810TZ1,TSRYS5752098,D,S,C,2024-04-25,1000000.00,4.895416,95.015625
08:02:45,912810TZ1,TSRYS5752098,D,B,C,2024-04-25,1000000.00,4.895416,95.015625
08:02:49,912810TZ1,TSRYS5752098,D,B,C,2024-04-25,1000000.00,4.894132,95.03125
08:02:50,912810TZ1,TSRYS5752098,D,S,D,2024-04-25,1000000.00,4.894132,95.03125
08:02:50,912810TZ1,TSRYS5752098,D,S,D,2024-04-25,1000000.00,4.894132,95.03125
08:02:50,912810TZ1,TSRYS5752098,D,B,C,2024-04-25,1000000.00,4.894149,95.03105
08:02:50,912810TZ1,TSRYS5752098,D,S,D,2024-04-25,1000000.00,4.894132,95.03125
08:02:50,912810TZ1,TSRYS5752098,D,B,A,2024-04-25,1637800.00,4.903765,94.9140625
08:02:53,912810TZ1,TSRYS5752098,D,S,D,2024-04-25,1000000.00,4.899268,94.96875
08:02:53,912810TZ1,TSRYS5752098,D,B,C,2024-04-25,1000000.00,4.899268,94.96875
08:02:53,912810TZ1,TSRYS5752098,D,S,D,2024-04-25,1000000.00,4.899268,94.96875
08:02:53,912810TZ1,TSRYS5752098,D,S,D,2024-04-25,1000000.00,4.899268,94.96875
08:02:53,912810TZ1,TSRYS5752098,D,S,D,2024-04-25,1000000.00,4.899268,94.96875
08:02:53,912810TZ1,TSRYS5752098,D,B,C,2024-04-25,1000000.00,4.899268,94.96875
08:02:53,912810TZ1,TSRYS5752098,D,S,D,2024-04-25,1000000.00,4.899268,94.96875
08:02:53,912810TZ1,TSRYS5752098,D,S,C,2024-04-25,1000000.00,4.900552,94.953125
08:02:53,912810TZ1,TSRYS5752098,D,B,C,2024-04-25,1000000.00,4.900552,94.953125
08:02:53,912810TZ1,TSRYS5752098,D,S,D,2024-04-25,1000000.00,4.900552,94.953125
08:02:53,912810TZ1,TSRYS5752098,D,B,C,2024-04-25,1000000.00,4.900552,94.953125
08:02:54,912810TZ1,TSRYS5752098,D,S,D,2024-04-25,1000000.00,4.895416,95.015625
08:02:54,912810TZ1,TSRYS5752098,D,B,C,2024-04-25,1000000.00,4.895416,95.015625
08:02:54,912810TZ1,TSRYS5752098,D,S,D,2024-04-25,1000000.00,4.900552,94.953125
08:02:54,912810TZ1,TSRYS5752098,D,B,C,2024-04-25,1000000.00,4.900552,94.953125
08:02:56,912810TZ1,TSRYS5752098,D,S,A,2024-04-25,141000.00,4.899971,94.9602
08:02:56,912810TZ1,TSRYS5752098,D,S,D,2024-04-25,1000000.00,4.904408,94.90625
08:02:57,912810TZ1,TSRYS5752098,D,S,D,2024-04-25,1000000.00,4.904408,94.90625
08:02:57,912810TZ1,TSRYS5752098,D,S,C,2024-04-25,1000000.00,4.904408,94.90625
08:02:57,912810TZ1,TSRYS5752098,D,S,C,2024-04-25,1000000.00,4.904408,94.90625
08:02:57,912810TZ1,TSRYS5752098,D,S,C,2024-04-25,1000000.00,4.904408,94.90625
08:02:57,912810TZ1,TSRYS5752098,D,S,C,2024-04-25,1000000.00,4.904408,94.90625
08:02:58,912810TZ1,TSRYS5752098,D,S,C,2024-04-25,1000000.00,4.903122,94.921875
08:02:58,912810TZ1,TSRYS5752098,D,B,C,2024-04-25,1000000.00,4.892849,95.046875
08:02:58,912810TZ1,TSRYS5752098,D,S,D,2024-04-25,1000000.00,4.892849,95.046875
08:03:00,912810TZ1,TSRYS5752098,D,S,D,2024-04-25,1000000.00,4.890283,95.078125
08:03:01,912810TZ1,TSRYS5752098,D,S,C,2024-04-25,1000000.00,4.903122,94.921875
08:03:01,912810TZ1,TSRYS5752098,D,B,C,2024-04-25,1000000.00,4.903122,94.921875
08:03:01,912810TZ1,TSRYS5752098,D,S,C,2024-04-25,1000000.00,4.903122,94.921875
08:03:01,912810TZ1,TSRYS5752098,D,S,C,2024-04-25,1000000.00,4.903122,94.921875
08:03:02,912810TZ1,TSRYS5752098,D,B,C,2024-04-25,1000000.00,4.895416,95.015625
08:03:02,912810TZ1,TSRYS5752098,D,S,C,2024-04-25,1000000.00,4.895403,95.015777
08:03:02,912810TZ1,TSRYS5752098,D,S,C,2024-04-25,1000000.00,4.897971,94.984527
08:03:03,912810TZ1,TSRYS5752098,D,S,D,2024-04-25,1000000.00,4.896699,95.0
08:03:03,912810TZ1,TSRYS5752098,D,S,D,2024-04-25,1000000.00,4.896699,95.0
08:03:03,912810TZ1,TSRYS5752098,D,S,D,2024-04-25,1000000.00,4.89686,94.998046875
08:03:04,912810TZ1,TSRYS5752098,D,S,C,2024-04-25,1000000.00,4.899249,94.968975
08:03:04,912810TZ1,TSRYS5752098,D,B,C,2024-04-25,1000000.00,4.899268,94.96875
08:03:04,912810TZ1,TSRYS5752098,D,S,C,2024-04-25,1000000.00,4.899249,94.968975
08:03:04,912810TZ1,TSRYS5752098,D,S,C,2024-04-25,1000000.00,4.899249,94.968975
08:03:04,912810TZ1,TSRYS5752098,D,B,C,2024-04-25,1000000.00,4.899284,94.96855
08:03:04,912810TZ1,TSRYS5752098,D,S,C,2024-04-25,1000000.00,4.899249,94.968975
08:03:04,912810TZ1,TSRYS5752098,D,B,C,2024-04-25,1000000.00,4.899268,94.96875
08:03:04,912810TZ1,TSRYS5752098,D,S,C,2024-04-25,1000000.00,4.899249,94.968975
08:03:04,912810TZ1,TSRYS5752098,D,B,C,2024-04-25,1000000.00,4.899268,94.96875
08:03:04,912810TZ1,TSRYS5752098,D,S,C,2024-04-25,1000000.00,4.899249,94.968975
08:03:06,912810TZ1,TSRYS5752098,D,B,C,2024-04-25,1000000.00,4.900552,94.953125
08:03:06,912810TZ1,TSRYS5752098,D,S,C,2024-04-25,1000000.00,4.900534,94.95335
08:03:06,912810TZ1,TSRYS5752098,D,S,C,2024-04-25,1000000.00,4.900534,94.95335
08:03:06,912810TZ1,TSRYS5752098,D,B,C,2024-04-25,1000000.00,4.900552,94.953125
08:03:06,912810TZ1,TSRYS5752098,D,S,C,2024-04-25,1000000.00,4.900534,94.95335
08:03:06,912810TZ1,TSRYS5752098,D,S,C,2024-04-25,1000000.00,4.900534,94.95335
08:03:06,912810TZ1,TSRYS5752098,D,S,C,2024-04-25,1000000.00,4.900534,94.95335
08:03:06,912810TZ1,TSRYS5752098,D,B,C,2024-04-25,1000000.00,4.900569,94.952925
08:03:06,912810TZ1,TSRYS5752098,D,S,C,2024-04-25,1000000.00,4.900534,94.95335
08:03:06,912810TZ1,TSRYS5752098,D,S,C,2024-04-25,1000000.00,4.900534,94.95335
08:03:06,912810TZ1,TSRYS5752098,D,S,C,2024-04-25,1000000.00,4.900534,94.95335
08:03:07,912810TZ1,TSRYS5752098,D,S,C,2024-04-25,1000000.00,4.901819,94.937725
08:03:07,912810TZ1,TSRYS5752098,D,B,C,2024-04-25,1000000.00,4.901837,94.9375
08:03:07,912810TZ1,TSRYS5752098,D,S,C,2024-04-25,1000000.00,4.904389,94.906475
08:03:07,912810TZ1,TSRYS5752098,D,S,C,2024-04-25,1000000.00,4.904391,94.906452
08:03:07,912810TZ1,TSRYS5752098,D,S,C,2024-04-25,1000000.00,4.904391,94.906452
08:03:07,912810TZ1,TSRYS5752098,D,S,C,2024-04-25,1000000.00,4.904391,94.906452
08:03:07,912810TZ1,TSRYS5752098,D,S,C,2024-04-25,1000000.00,4.904391,94.906452
08:03:07,912810TZ1,TSRYS5752098,D,S,C,2024-04-25,1000000.00,4.904391,94.906452
08:03:07,912810TZ1,TSRYS5752098,D,S,C,2024-04-25,1000000.00,4.904391,94.906452
08:03:07,912810TZ1,TSRYS5752098,D,S,C,2024-04-25,1000000.00,4.904391,94.906452
08:03:07,912810TZ1,TSRYS5752098,D,S,C,2024-04-25,1000000.00,4.904391,94.906452
08:03:07,912810TZ1,TSRYS5752098,D,B,C,2024-04-25,1000000.00,4.904408,94.90625
08:03:07,912810TZ1,TSRYS5752098,D,S,C,2024-04-25,1000000.00,4.904391,94.906452
08:03:07,912810TZ1,TSRYS5752098,D,B,C,2024-04-25,1000000.00,4.904422,94.906075
08:03:07,912810TZ1,TSRYS5752098,D,S,C,2024-04-25,1000000.00,4.904391,94.906452
08:03:07,912810TZ1,TSRYS5752098,D,B,C,2024-04-25,1000000.00,4.904424,94.90605
08:03:07,912810TZ1,TSRYS5752098,D,S,C,2024-04-25,1000000.00,4.904391,94.906452
08:03:07,912810TZ1,TSRYS5752098,D,S,C,2024-04-25,1000000.00,4.903106,94.922077
08:03:07,912810TZ1,TSRYS5752098,D,S,C,2024-04-25,1000000.00,4.903106,94.922077
08:03:07,912810TZ1,TSRYS5752098,D,B,C,2024-04-25,1000000.00,4.903122,94.921875
08:03:07,912810TZ1,TSRYS5752098,D,B,C,2024-04-25,1000000.00,4.903137,94.9217
08:03:07,912810TZ1,TSRYS5752098,D,S,C,2024-04-25,1000000.00,4.903106,94.922077
08:03:07,912810TZ1,TSRYS5752098,D,S,C,2024-04-25,1000000.00,4.903106,94.922077
08:03:07,912810TZ1,TSRYS5752098,D,S,C,2024-04-25,1000000.00,4.903106,94.922077
08:03:07,912810TZ1,TSRYS5752098,D,B,C,2024-04-25,1000000.00,4.903139,94.921675
08:03:07,912810TZ1,TSRYS5752098,D,B,C,2024-04-25,1000000.00,4.903139,94.921675
08:03:07,912810TZ1,TSRYS5752098,D,S,C,2024-04-25,1000000.00,4.903106,94.922077
08:03:07,912810TZ1,TSRYS5752098,D,B,C,2024-04-25,1000000.00,4.903137,94.9217
08:03:07,912810TZ1,TSRYS5752098,D,B,C,2024-04-25,2000000.00,4.903122,94.921875
08:03:07,912810TZ1,TSRYS5752098,D,S,C,2024-04-25,1000000.00,4.903106,94.922077
08:03:08,912810TZ1,TSRYS5752098,D,S,C,2024-04-25,1000000.00,4.903106,94.922077
08:03:08,912810TZ1,TSRYS5752098,D,S,C,2024-04-25,2000000.00,4.903106,94.922077
08:03:08,912810TZ1,TSRYS5752098,D,S,C,2024-04-25,1000000.00,4.903106,94.922077
08:03:08,912810TZ1,TSRYS5752098,D,S,C,2024-04-25,1000000.00,4.903106,94.922077
08:03:08,912810TZ1,TSRYS5752098,D,S,C,2024-04-25,1000000.00,4.901837,94.9375
08:03:08,912810TZ1,TSRYS5752098,D,B,C,2024-04-25,1000000.00,4.901852,94.937325
08:03:08,912810TZ1,TSRYS5752098,D,S,C,2024-04-25,1000000.00,4.897983,94.984375
08:03:09,912810TZ1,TSRYS5752098,D,B,C,2024-04-25,1000000.00,4.897983,94.984375
08:03:09,912810TZ1,TSRYS5752098,D,S,C,2024-04-25,1000000.00,4.897983,94.984375
08:03:09,912810TZ1,TSRYS5752098,D,B,C,2024-04-25,1000000.00,4.89543,95.01545
08:03:09,912810TZ1,TSRYS5752098,D,S,C,2024-04-25,1000000.00,4.895399,95.015825
08:03:10,912810TZ1,TSRYS5752098,D,B,C,2024-04-25,1000000.00,4.895416,95.015625
08:03:10,912810TZ1,TSRYS5752098,D,B,C,2024-04-25,1000000.00,4.89543,95.01545
08:03:10,912810TZ1,TSRYS5752098,D,S,D,2024-04-25,1000000.00,4.895416,95.015625
08:03:10,912810TZ1,TSRYS5752098,D,S,D,2024-04-25,1000000.00,4.895416,95.015625
08:03:11,912810TZ1,TSRYS5752098,D,S,C,2024-04-25,1000000.00,4.895399,95.015825
08:03:11,912810TZ1,TSRYS5752098,D,B,C,2024-04-25,1000000.00,4.895416,95.015625
08:03:14,912810TZ1,TSRYS5752098,D,S,C,2024-04-25,1000000.00,4.895416,95.015625
08:03:14,912810TZ1,TSRYS5752098,D,B,C,2024-04-25,1000000.00,4.895416,95.015625
08:03:14,912810TZ1,TSRYS5752098,D,S,D,2024-04-25,12000.00,4.901837,94.9375
08:03:15,912810TZ1,TSRYS5752098,D,B,C,2024-04-25,1000000.00,4.894132,95.03125
08:03:15,912810TZ1,TSRYS5752098,D,S,C,2024-04-25,1000000.00,4.894132,95.03125
08:03:15,912810TZ1,TSRYS5752098,D,B,C,2024-04-25,1000000.00,4.895416,95.015625
08:03:15,912810TZ1,TSRYS5752098,D,S,C,2024-04-25,1000000.00,4.895397,95.01585
08:03:19,912810TZ1,TSRYS5752098,D,B,C,2024-04-25,1000000.00,4.895416,95.015625
08:03:19,912810TZ1,TSRYS5752098,D,S,D,2024-04-25,1000000.00,4.895405,95.015755
08:03:19,912810TZ1,TSRYS5752098,D,B,C,2024-04-25,1000000.00,4.895416,95.015625
08:03:19,912810TZ1,TSRYS5752098,D,S,D,2024-04-25,1000000.00,4.895405,95.015755
08:03:19,912810TZ1,TSRYS5752098,D,S,D,2024-04-25,1000000.00,4.895405,95.015755
08:03:21,912810TZ1,TSRYS5752098,D,S,D,2024-04-25,1000000.00,4.891555,95.06263
08:03:21,912810TZ1,TSRYS5752098,D,B,C,2024-04-25,1000000.00,4.89158,95.062325
08:03:22,912810TZ1,TSRYS5752098,D,B,C,2024-04-25,1000000.00,4.892863,95.0467
08:03:22,912810TZ1,TSRYS5752098,D,S,C,2024-04-25,1000000.00,4.892849,95.046875
08:03:23,912810TZ1,TSRYS5752098,D,S,C,2024-04-25,1000000.00,4.894132,95.03125
08:03:23,912810TZ1,TSRYS5752098,D,B,C,2024-04-25,1000000.00,4.894132,95.03125
08:03:23,912810TZ1,TSRYS5752098,D,S,D,2024-04-25,1000000.00,4.892849,95.046875
08:03:23,912810TZ1,TSRYS5752098,D,B,C,2024-04-25,1000000.00,4.892849,95.046875
08:03:24,912810TZ1,TSRYS5752098,D,B,C,2024-04-25,1000000.00,4.895416,95.015625
08:03:24,912810TZ1,TSRYS5752098,D,S,C,2024-04-25,1000000.00,4.895397,95.01585
08:03:24,912810TZ1,TSRYS5752098,D,S,C,2024-04-25,1000000.00,4.895397,95.01585
08:03:24,912810TZ1,TSRYS5752098,D,B,C,2024-04-25,1000000.00,4.895416,95.015625
08:03:24,912810TZ1,TSRYS5752098,D,S,C,2024-04-25,1000000.00,4.895397,95.01585
08:03:24,912810TZ1,TSRYS5752098,D,S,C,2024-04-25,1000000.00,4.895397,95.01585
08:03:24,912810TZ1,TSRYS5752098,D,S,C,2024-04-25,1000000.00,4.895397,95.01585
08:03:24,912810TZ1,TSRYS5752098,D,B,C,2024-04-25,1000000.00,4.895432,95.015425
08:03:24,912810TZ1,TSRYS5752098,D,B,C,2024-04-25,1000000.00,4.89543,95.01545
08:03:24,912810TZ1,TSRYS5752098,D,S,C,2024-04-25,1000000.00,4.895397,95.01585
08:03:24,912810TZ1,TSRYS5752098,D,B,C,2024-04-25,1000000.00,4.895432,95.015425
08:03:24,912810TZ1,TSRYS5752098,D,S,C,2024-04-25,1000000.00,4.895397,95.01585
08:03:24,912810TZ1,TSRYS5752098,D,S,C,2024-04-25,1000000.00,4.895397,95.01585
08:03:25,912810TZ1,TSRYS5752098,D,S,D,2024-04-25,1000000.00,4.894132,95.03125
08:03:25,912810TZ1,TSRYS5752098,D,S,D,2024-04-25,1000000.00,4.892849,95.046875
08:03:25,912810TZ1,TSRYS5752098,D,B,C,2024-04-25,1000000.00,4.892849,95.046875
08:03:25,912810TZ1,TSRYS5752098,D,S,D,2024-04-25,1000000.00,4.891566,95.0625
08:03:25,912810TZ1,TSRYS5752098,D,B,C,2024-04-25,1000000.00,4.89158,95.062325
08:03:25,912810TZ1,TSRYS5752098,D,S,D,2024-04-25,1000000.00,4.891566,95.0625
08:03:25,912810TZ1,TSRYS5752098,D,S,D,2024-04-25,1000000.00,4.891566,95.0625
08:03:25,912810TZ1,TSRYS5752098,D,B,C,2024-04-25,1000000.00,4.891582,95.0623
08:03:25,912810TZ1,TSRYS5752098,D,B,C,2024-04-25,1000000.00,4.891582,95.0623
08:03:26,912810TZ1,TSRYS5752098,D,S,C,2024-04-25,1000000.00,4.894116,95.03145
08:03:26,912810TZ1,TSRYS5752098,D,B,C,2024-04-25,1000000.00,4.895416,95.015625
08:03:26,912810TZ1,TSRYS5752098,D,S,C,2024-04-25,1000000.00,4.895397,95.01585
08:03:26,912810TZ1,TSRYS5752098,D,S,D,2024-04-25,1000000.00,4.894132,95.03125
08:03:26,912810TZ1,TSRYS5752098,D,B,C,2024-04-25,1000000.00,4.894132,95.03125
08:03:26,912810TZ1,TSRYS5752098,D,S,D,2024-04-25,1000000.00,4.894132,95.03125
08:03:26,912810TZ1,TSRYS5752098,D,S,D,2024-04-25,1000000.00,4.894132,95.03125
08:03:27,912810TZ1,TSRYS5752098,D,S,C,2024-04-25,1000000.00,4.896699,95.0
08:03:27,912810TZ1,TSRYS5752098,D,B,C,2024-04-25,1000000.00,4.896699,95.0
08:03:27,912810TZ1,TSRYS5752098,D,B,C,2024-04-25,1000000.00,4.896699,95.0
08:03:27,912810TZ1,TSRYS5752098,D,S,C,2024-04-25,1000000.00,4.896699,95.0
08:03:30,912810TZ1,TSRYS5752098,D,S,C,2024-04-25,1000000.00,4.904391,94.90645
08:03:30,912810TZ1,TSRYS5752098,D,B,C,2024-04-25,1000000.00,4.904422,94.906075
08:03:30,912810TZ1,TSRYS5752098,D,B,C,2024-04-25,1000000.00,4.904422,94.906075
08:03:30,912810TZ1,TSRYS5752098,D,S,D,2024-04-25,1000000.00,4.904408,94.90625
08:03:30,912810TZ1,TSRYS5752098,D,S,D,2024-04-25,1000000.00,4.904408,94.90625
08:03:30,912810TZ1,TSRYS5752098,D,S,C,2024-04-25,1000000.00,4.904408,94.90625
08:03:30,912810TZ1,TSRYS5752098,D,B,C,2024-04-25,1000000.00,4.904422,94.906075
08:03:30,912810TZ1,TSRYS5752098,D,B,C,2024-04-25,1000000.00,4.904422,94.906075
08:03:31,912810TZ1,TSRYS5752098,D,S,D,2024-04-25,1000000.00,4.901837,94.9375
08:03:31,912810TZ1,TSRYS5752098,D,B,C,2024-04-25,1000000.00,4.901837,94.9375
08:03:32,912810TZ1,TSRYS5752098,D,S,D,2024-04-25,1000000.00,4.900552,94.953125
08:03:32,912810TZ1,TSRYS5752098,D,B,C,2024-04-25,1000000.00,4.900567,94.95295
08:03:32,912810TZ1,TSRYS5752098,D,S,D,2024-04-25,1000000.00,4.899268,94.96875
08:03:32,912810TZ1,TSRYS5752098,D,B,C,2024-04-25,1000000.00,4.899282,94.968575
08:03:32,912810TZ1,TSRYS5752098,D,S,D,2024-04-25,1000000.00,4.899268,94.96875
08:03:32,912810TZ1,TSRYS5752098,D,B,C,2024-04-25,1000000.00,4.899282,94.968575
08:03:35,912810TZ1,TSRYS5752098,D,S,D,2024-04-25,1000000.00,4.899268,94.96875
08:03:35,912810TZ1,TSRYS5752098,D,S,D,2024-04-25,1000000.00,4.899268,94.96875
08:03:38,912810TZ1,TSRYS5752098,D,S,D,2024-04-25,1000000.00,4.895416,95.015625
08:03:38,912810TZ1,TSRYS5752098,D,S,D,2024-04-25,1000000.00,4.895095,95.01953125
08:03:38,912810TZ1,TSRYS5752098,D,S,D,2024-04-25,1000000.00,4.895416,95.015625
08:03:38,912810TZ1,TSRYS5752098,D,S,C,2024-04-25,1000000.00,4.901837,94.9375
08:03:38,912810TZ1,TSRYS5752098,D,S,C,2024-04-25,1000000.00,4.901837,94.9375
08:03:39,912810TZ1,TSRYS5752098,D,S,D,2024-04-25,1000000.00,4.901837,94.9375
08:03:40,912810TZ1,TSRYS5752098,D,S,D,2024-04-25,1000000.00,4.895416,95.015625
08:03:40,912810TZ1,TSRYS5752098,D,B,C,2024-04-25,1000000.00,4.895416,95.015625
08:03:40,912810TZ1,TSRYS5752098,D,S,D,2024-04-25,1000000.00,4.895416,95.015625
08:03:40,912810TZ1,TSRYS5752098,D,S,C,2024-04-25,1000000.00,4.901837,94.9375
08:03:40,912810TZ1,TSRYS5752098,D,S,D,2024-04-25,1000000.00,4.895416,95.015625
08:03:40,912810TZ1,TSRYS5752098,D,S,C,2024-04-25,1000000.00,4.903122,94.921875
08:03:40,912810TZ1,TSRYS5752098,D,S,C,2024-04-25,1000000.00,4.903122,94.921875
08:03:40,912810TZ1,TSRYS5752098,D,S,C,2024-04-25,1000000.00,4.903122,94.921875
08:03:40,912810TZ1,TSRYS5752098,D,S,D,2024-04-25,1000000.00,4.895416,95.015625
08:03:40,912810TZ1,TSRYS5752098,D,S,D,2024-04-25,1000000.00,4.903122,94.921875
08:03:40,912810TZ1,TSRYS5752098,D,S,C,2024-04-25,1000000.00,4.903122,94.921875
08:03:40,912810TZ1,TSRYS5752098,D,S,C,2024-04-25,1000000.00,4.903122,94.921875
08:03:40,912810TZ1,TSRYS5752098,D,S,D,2024-04-25,1000000.00,4.901827,94.93763
08:03:40,912810TZ1,TSRYS5752098,D,B,C,2024-04-25,1000000.00,4.901837,94.9375
08:03:40,912810TZ1,TSRYS5752098,D,S,D,2024-04-25,1000000.00,4.895416,95.015625
08:03:40,912810TZ1,TSRYS5752098,D,S,D,2024-04-25,1000000.00,4.895416,95.015625
08:03:41,912810TZ1,TSRYS5752098,D,S,C,2024-04-25,1000000.00,4.900552,94.953125
08:03:41,912810TZ1,TSRYS5752098,D,S,D,2024-04-25,1000000.00,4.900552,94.953125
08:03:41,912810TZ1,TSRYS5752098,D,S,D,2024-04-25,1000000.00,4.901837,94.9375
08:03:41,912810TZ1,TSRYS5752098,D,B,C,2024-04-25,1000000.00,4.901837,94.9375
08:03:43,912810TZ1,TSRYS5752098,D,S,D,2024-04-25,1000000.00,4.893811,95.03515625
08:03:43,912810TZ1,TSRYS5752098,D,B,C,2024-04-25,1000000.00,4.903122,94.921875
08:03:43,912810TZ1,TSRYS5752098,D,S,D,2024-04-25,1000000.00,4.903122,94.921875
08:03:43,912810TZ1,TSRYS5752098,D,S,D,2024-04-25,1000000.00,4.903122,94.921875
08:03:43,912810TZ1,TSRYS5752098,D,S,D,2024-04-25,1000000.00,4.893972,95.033203125
08:03:43,912810TZ1,TSRYS5752098,D,S,D,2024-04-25,1000000.00,4.894132,95.03125
08:03:43,912810TZ1,TSRYS5752098,D,B,C,2024-04-25,1000000.00,4.903122,94.921875
08:03:43,912810TZ1,TSRYS5752098,D,B,C,2024-04-25,1000000.00,4.903122,94.921875
08:03:43,912810TZ1,TSRYS5752098,D,S,D,2024-04-25,1000000.00,4.903122,94.921875
08:03:43,912810TZ1,TSRYS5752098,D,S,D,2024-04-25,1000000.00,4.903122,94.921875
08:03:43,912810TZ1,TSRYS5752098,D,S,D,2024-04-25,1000000.00,4.903122,94.921875
08:03:43,912810TZ1,TSRYS5752098,D,S,D,2024-04-25,1000000.00,4.894293,95.029296875
08:03:43,912810TZ1,TSRYS5752098,D,S,C,2024-04-25,1000000.00,4.895095,95.01953125
08:03:44,912810TZ1,TSRYS5752098,D,S,A,2024-04-25,1124700.00,4.895416,95.015625
08:04:04,912810TZ1,TSRYS5752098,D,B,C,2024-04-25,1000000.00,4.900713,94.951171875
08:04:04,912810TZ1,TSRYS5752098,D,S,D,2024-04-25,1000000.00,4.900713,94.951171875
08:04:04,912810TZ1,TSRYS5752098,D,S,D,2024-04-25,1000000.00,4.901516,94.94140625
08:04:09,912810TZ1,TSRYS5752098,D,S,D,2024-04-25,1000000.00,4.900392,94.955078125
08:04:14,912810TZ1,TSRYS5752098,D,S,D,2024-04-25,2000000.00,4.899107,94.970703125
08:04:15,912810TZ1,TSRYS5752098,D,B,A,2024-04-25,20720000.00,4.896699,95.0
08:04:24,912810TZ1,TSRYS5752098,D,S,T,2024-04-25,1000000.00,4.891566,95.0625
08:04:29,912810TZ1,TSRYS5752098,D,S,T,2024-04-25,1000000.00,4.895432,95.015425
08:04:29,912810TZ1,TSRYS5752098,D,S,C,2024-04-25,182000.00,4.894132,95.03125
08:04:33,912810TZ1,TSRYS5752098,D,S,D,2024-04-25,1000000.00,4.903122,94.921875
08:04:33,912810TZ1,TSRYS5752098,D,S,D,2024-04-25,2000000.00,4.903122,94.921875
08:04:36,912810TZ1,TSRYS5752098,D,S,D,2024-04-25,1000000.00,4.903122,94.921875
08:04:36,912810TZ1,TSRYS5752098,D,B,C,2024-04-25,1000000.00,4.903122,94.921875
08:04:36,912810TZ1,TSRYS5752098,D,S,D,2024-04-25,1000000.00,4.903122,94.921875
08:04:36,912810TZ1,TSRYS5752098,D,B,C,2024-04-25,1000000.00,4.903122,94.921875
08:04:36,912810TZ1,TSRYS5752098,D,S,D,2024-04-25,1000000.00,4.903122,94.921875
08:04:36,912810TZ1,TSRYS5752098,D,S,D,2024-04-25,1000000.00,4.903122,94.921875
08:04:36,912810TZ1,TSRYS5752098,D,S,D,2024-04-25,1000000.00,4.903122,94.921875
08:05:14,912810TZ1,TSRYS5752098,D,S,D,2024-04-25,1000000.00,4.903122,94.921875
08:05:16,912810TZ1,TSRYS5752098,D,S,T,2024-04-25,1000000.00,4.901837,94.9375
08:05:16,912810TZ1,TSRYS5752098,D,S,T,2024-04-25,1000000.00,4.901837,94.9375
08:05:22,912810TZ1,TSRYS5752098,D,S,T,2024-04-25,2000000.00,4.903133,94.921745
08:05:26,912810TZ1,TSRYS5752098,D,S,D,2024-04-25,2000000.00,4.902319,94.931640625
08:05:26,912810TZ1,TSRYS5752098,D,S,T,2024-04-25,1000000.00,4.903122,94.921875
08:05:30,912810TZ1,TSRYS5752098,D,S,C,2024-04-25,1000000.00,4.901837,94.9375
08:05:30,912810TZ1,TSRYS5752098,D,S,C,2024-04-25,1000000.00,4.901821,94.9377
08:05:46,912810TZ1,TSRYS5752098,D,S,T,2024-04-25,2000000.00,4.902319,94.93164062
08:05:55,912810TZ1,TSRYS5752098,D,S,T,2024-04-25,1000000.00,4.903131,94.921773
08:05:56,912810TZ1,TSRYS5752098,D,S,T,2024-04-25,1000000.00,4.903131,94.921773
08:05:56,912810TZ1,TSRYS5752098,D,S,T,2024-04-25,1000000.00,4.903131,94.921773
08:05:56,912810TZ1,TSRYS5752098,D,S,T,2024-04-25,1000000.00,4.903131,94.921773
08:05:56,912810TZ1,TSRYS5752098,D,S,T,2024-04-25,1000000.00,4.903131,94.921773
08:05:57,912810TZ1,TSRYS5752098,D,B,C,2024-04-25,1000000.00,4.889811,95.083884375
08:05:57,912810TZ1,TSRYS5752098,D,S,D,2024-04-25,1000000.00,4.889803,95.083984375
08:05:58,912810TZ1,TSRYS5752098,D,S,T,2024-04-25,1000000.00,4.904408,94.90625
08:05:58,912810TZ1,TSRYS5752098,D,S,T,2024-04-25,1000000.00,4.904408,94.90625
08:05:58,912810TZ1,TSRYS5752098,D,S,T,2024-04-25,1000000.00,4.904408,94.90625
08:06:02,912810TZ1,TSRYS5752098,D,S,C,2024-04-25,1000000.00,4.89155,95.0627
08:06:02,912810TZ1,TSRYS5752098,D,S,D,2024-04-25,1000000.00,4.903122,94.921875
08:06:02,912810TZ1,TSRYS5752098,D,S,D,2024-04-25,2000000.00,4.903122,94.921875
08:06:03,912810TZ1,TSRYS5752098,D,S,D,2024-04-25,1000000.00,4.904408,94.90625
08:06:03,912810TZ1,TSRYS5752098,D,S,D,2024-04-25,1000000.00,4.904408,94.90625
08:06:03,912810TZ1,TSRYS5752098,D,S,D,2024-04-25,625000.00,4.903122,94.921875
08:06:03,912810TZ1,TSRYS5752098,D,S,D,2024-04-25,1000000.00,4.896699,95.0
08:06:03,912810TZ1,TSRYS5752098,D,B,C,2024-04-25,1000000.00,4.896712,94.99985
08:06:05,912810TZ1,TSRYS5752098,D,S,D,2024-04-25,1000000.00,4.894293,95.029296875
08:06:05,912810TZ1,TSRYS5752098,D,S,D,2024-04-25,1000000.00,4.894132,95.03125
08:06:05,912810TZ1,TSRYS5752098,D,S,D,2024-04-25,1000000.00,4.894774,95.0234375
08:06:05,912810TZ1,TSRYS5752098,D,S,D,2024-04-25,1000000.00,4.894774,95.0234375
08:06:05,912810TZ1,TSRYS5752098,D,B,C,2024-04-25,1000000.00,4.894774,95.0234375
08:06:07,912810TZ1,TSRYS5752098,D,S,C,2024-04-25,1000000.00,4.894445,95.02744375
08:06:07,912810TZ1,TSRYS5752098,D,S,D,2024-04-25,1000000.00,4.894453,95.02734375
08:06:08,912810TZ1,TSRYS5752098,D,B,C,2024-04-25,1000000.00,4.89414,95.03115
08:06:08,912810TZ1,TSRYS5752098,D,S,D,2024-04-25,1000000.00,4.894132,95.03125
08:06:09,912810TZ1,TSRYS5752098,D,S,C,2024-04-25,1700000.00,4.896699,95.0
08:06:10,912810TZ1,TSRYS5752098,D,B,C,2024-04-25,600000.00,4.898947,94.97265625
08:06:11,912810TZ1,TSRYS5752098,D,S,D,2024-04-25,1000.00,4.900563,94.953
08:06:13,912810TZ1,TSRYS5752098,D,S,D,2024-04-25,625000.00,4.903122,94.921875
08:06:13,912810TZ1,TSRYS5752098,D,B,A,2024-04-25,625000.00,4.903122,94.921875
08:06:13,912810TZ1,TSRYS5752098,D,B,C,2024-04-25,1000000.00,4.896547,95.001853125
08:06:13,912810TZ1,TSRYS5752098,D,S,D,2024-04-25,1000000.00,4.896539,95.001953125
08:06:13,912810TZ1,TSRYS5752098,D,B,C,2024-04-25,1000000.00,4.895905,95.009665625
08:06:13,912810TZ1,TSRYS5752098,D,S,D,2024-04-25,1000000.00,4.895897,95.009765625
08:06:15,912810TZ1,TSRYS5752098,D,B,C,2024-04-25,1000000.00,4.895584,95.013571875
08:06:15,912810TZ1,TSRYS5752098,D,S,D,2024-04-25,1000000.00,4.895576,95.013671875
08:06:16,912810TZ1,TSRYS5752098,D,S,C,2024-04-25,1000.00,4.900563,94.953
08:06:16,912810TZ1,TSRYS5752098,D,S,D,2024-04-25,1000.00,4.900563,94.953
08:06:17,912810TZ1,TSRYS5752098,D,B,C,2024-04-25,1000000.00,4.902006,94.935446875
08:06:17,912810TZ1,TSRYS5752098,D,S,D,2024-04-25,1000000.00,4.901998,94.935546875
08:06:17,912810TZ1,TSRYS5752098,D,B,C,2024-04-25,1000000.00,4.901524,94.94130625
08:06:17,912810TZ1,TSRYS5752098,D,S,D,2024-04-25,1000000.00,4.901516,94.94140625
08:06:18,912810TZ1,TSRYS5752098,D,S,T,2024-04-25,1000000.00,4.904408,94.90625
08:06:18,912810TZ1,TSRYS5752098,D,S,T,2024-04-25,1000000.00,4.904408,94.90625
08:06:18,912810TZ1,TSRYS5752098,D,S,T,2024-04-25,1000000.00,4.904408,94.90625
08:06:18,912810TZ1,TSRYS5752098,D,S,T,2024-04-25,1000000.00,4.904408,94.90625
08:06:18,912810TZ1,TSRYS5752098,D,S,T,2024-04-25,1000000.00,4.904408,94.90625
08:06:18,912810TZ1,TSRYS5752098,D,S,T,2024-04-25,1000000.00,4.904408,94.90625
08:06:18,912810TZ1,TSRYS5752098,D,S,T,2024-04-25,1000000.00,4.904408,94.90625
08:06:23,912810TZ1,TSRYS5752098,D,B,C,2024-04-25,1000000.00,4.895263,95.017478125
08:06:23,912810TZ1,TSRYS5752098,D,S,D,2024-04-25,1000000.00,4.895255,95.017578125
08:06:23,912810TZ1,TSRYS5752098,D,S,D,2024-04-25,1000000.00,4.904408,94.90625
08:06:23,912810TZ1,TSRYS5752098,D,S,D,2024-04-25,1000000.00,4.904408,94.90625
08:06:23,912810TZ1,TSRYS5752098,D,S,D,2024-04-25,1000000.00,4.904408,94.90625
08:06:23,912810TZ1,TSRYS5752098,D,S,D,2024-04-25,1000000.00,4.904408,94.90625
08:06:23,912810TZ1,TSRYS5752098,D,S,D,2024-04-25,1000000.00,4.904408,94.90625
08:06:25,912810TZ1,TSRYS5752098,D,B,C,2024-04-25,1000000.00,4.897992,94.984275
08:06:25,912810TZ1,TSRYS5752098,D,S,D,2024-04-25,1000000.00,4.897983,94.984375
08:06:25,912810TZ1,TSRYS5752098,D,S,T,2024-04-25,1000000.00,4.905694,94.890625
08:06:27,912810TZ1,TSRYS5752098,D,B,C,2024-04-25,1000000.00,4.895263,95.017478125
08:06:27,912810TZ1,TSRYS5752098,D,S,D,2024-04-25,1000000.00,4.895255,95.017578125
08:06:27,912810TZ1,TSRYS5752098,D,S,D,2024-04-25,1000000.00,4.895416,95.015625
08:06:27,912810TZ1,TSRYS5752098,D,B,C,2024-04-25,1000000.00,4.892536,95.05068125
08:06:27,912810TZ1,TSRYS5752098,D,S,C,2024-04-25,1000000.00,4.892528,95.05078125
08:06:33,912810TZ1,TSRYS5752098,D,S,D,2024-04-25,1000000.00,4.891566,95.0625
08:06:39,912810TZ1,TSRYS5752098,D,S,D,2024-04-25,1000000.00,4.901827,94.937625
08:06:39,912810TZ1,TSRYS5752098,D,B,C,2024-04-25,1000000.00,4.901837,94.9375
08:06:39,912810TZ1,TSRYS5752098,D,S,D,2024-04-25,1000000.00,4.901827,94.937625
08:06:39,912810TZ1,TSRYS5752098,D,S,D,2024-04-25,2000000.00,4.904398,94.906375
08:06:39,912810TZ1,TSRYS5752098,D,B,C,2024-04-25,2000000.00,4.904408,94.90625
08:06:41,912810TZ1,TSRYS5752098,D,B,C,2024-04-25,1000000.00,4.902006,94.935446875
08:06:41,912810TZ1,TSRYS5752098,D,S,C,2024-04-25,1000000.00,4.901998,94.935546875
08:06:41,912810TZ1,TSRYS5752098,D,B,C,2024-04-25,1000000.00,4.897992,94.984275
08:06:41,912810TZ1,TSRYS5752098,D,S,D,2024-04-25,1000000.00,4.897983,94.984375
08:06:45,912810TZ1,TSRYS5752098,D,B,C,2024-04-25,1000000.00,4.895745,95.01161875
08:06:45,912810TZ1,TSRYS5752098,D,S,C,2024-04-25,1000000.00,4.895728,95.01181875
08:06:46,912810TZ1,TSRYS5752098,D,S,C,2024-04-25,1000000.00,4.903122,94.921875
08:06:46,912810TZ1,TSRYS5752098,D,S,C,2024-04-25,1000000.00,4.903106,94.922075
08:06:46,912810TZ1,TSRYS5752098,D,S,C,2024-04-25,1000000.00,4.903122,94.921875
08:06:46,912810TZ1,TSRYS5752098,D,S,C,2024-04-25,1000000.00,4.903122,94.921875
08:06:46,912810TZ1,TSRYS5752098,D,S,C,2024-04-25,1000000.00,4.903122,94.921875
08:06:53,912810TZ1,TSRYS5752098,D,S,D,2024-04-25,2000000.00,4.895405,95.01575
08:07:04,912810TZ1,TSRYS5752098,D,S,D,2024-04-25,1000000.00,4.904408,94.90625
08:07:04,912810TZ1,TSRYS5752098,D,B,C,2024-04-25,1000000.00,4.904408,94.90625
08:07:04,912810TZ1,TSRYS5752098,D,S,D,2024-04-25,1000000.00,4.904408,94.90625
08:07:04,912810TZ1,TSRYS5752098,D,S,D,2024-04-25,1000000.00,4.904408,94.90625
08:07:08,912810TZ1,TSRYS5752098,D,B,C,2024-04-25,1000000.00,4.893338,95.040915625
08:07:08,912810TZ1,TSRYS5752098,D,S,D,2024-04-25,1000000.00,4.89333,95.041015625
08:07:10,912810TZ1,TSRYS5752098,D,S,D,2024-04-25,1000000.00,4.895405,95.01575
08:07:10,912810TZ1,TSRYS5752098,D,S,D,2024-04-25,1000000.00,4.895405,95.01575
08:07:10,912810TZ1,TSRYS5752098,D,S,D,2024-04-25,1000000.00,4.895405,95.01575
08:07:10,912810TZ1,TSRYS5752098,D,S,D,2024-04-25,1000000.00,4.895405,95.01575
08:07:10,912810TZ1,TSRYS5752098,D,S,C,2024-04-25,1000000.00,4.895416,95.015625
08:07:10,912810TZ1,TSRYS5752098,D,B,C,2024-04-25,1000000.00,4.895263,95.017478125
08:07:10,912810TZ1,TSRYS5752098,D,S,D,2024-04-25,1000000.00,4.895255,95.017578125
08:07:15,912810TZ1,TSRYS5752098,D,B,C,2024-04-25,1000000.00,4.897671,94.98818125
08:07:15,912810TZ1,TSRYS5752098,D,S,D,2024-04-25,1000000.00,4.897662,94.98828125
08:07:16,912810TZ1,TSRYS5752098,D,B,C,2024-04-25,1000000.00,4.897671,94.98818125
08:07:16,912810TZ1,TSRYS5752098,D,S,D,2024-04-25,1000000.00,4.897662,94.98828125
08:07:18,912810TZ1,TSRYS5752098,D,S,D,2024-04-25,1000000.00,4.905694,94.890625
08:07:20,912810TZ1,TSRYS5752098,D,B,C,2024-04-25,1000000.00,4.902158,94.93359375
08:07:20,912810TZ1,TSRYS5752098,D,S,D,2024-04-25,1000000.00,4.902158,94.93359375
08:07:20,912810TZ1,TSRYS5752098,D,S,D,2024-04-25,1000000.00,4.902158,94.93359375
08:07:21,912810TZ1,TSRYS5752098,D,B,C,2024-04-25,1000000.00,4.901203,94.9452125
08:07:21,912810TZ1,TSRYS5752098,D,S,D,2024-04-25,1000000.00,4.901195,94.9453125
08:07:28,912810TZ1,TSRYS5752098,D,S,D,2024-04-25,1000000.00,4.900231,94.95703125
08:07:28,912810TZ1,TSRYS5752098,D,B,C,2024-04-25,1000000.00,4.900231,94.95703125
08:07:36,912810TZ1,TSRYS5752098,D,S,D,2024-04-25,1000000.00,4.903122,94.921875
08:07:36,912810TZ1,TSRYS5752098,D,B,C,2024-04-25,1000000.00,4.903131,94.921775
08:07:37,912810TZ1,TSRYS5752098,D,S,C,2024-04-25,1000000.00,4.901508,94.94150625
08:07:38,912810TZ1,TSRYS5752098,D,S,D,2024-04-25,1000000.00,4.904408,94.90625
08:07:56,912810TZ1,TSRYS5752098,D,S,D,2024-04-25,9000.00,4.900563,94.953
08:08:03,912810TZ1,TSRYS5752098,D,S,C,2024-04-25,9000.00,4.900563,94.953
08:08:03,912810TZ1,TSRYS5752098,D,S,D,2024-04-25,9000.00,4.900563,94.953
08:08:09,912810TZ1,TSRYS5752098,D,S,D,2024-04-25,1630000.00,4.903765,94.9140625
08:09:08,912810TZ1,TSRYS5752098,D,S,T,2024-04-25,2000000.00,4.904408,94.90625
08:09:47,912810TZ1,TSRYS5752098,D,B,C,2024-04-25,1000000.00,4.904408,94.90625
08:09:47,912810TZ1,TSRYS5752098,D,S,D,2024-04-25,1000000.00,4.904408,94.90625
08:09:47,912810TZ1,TSRYS5752098,D,S,C,2024-04-25,2000000.00,4.904408,94.90625
08:10:35,912810TZ1,TSRYS5752098,D,S,D,2024-04-25,333000.00,4.903122,94.921875
08:11:03,912810TZ1,TSRYS5752098,D,S,D,2024-04-25,3000000.00,4.902801,94.92578125
08:11:09,912810TZ1,TSRYS5752098,D,S,T,2024-04-25,1000000.00,4.901837,94.9375
08:11:19,912810TZ1,TSRYS5752098,D,S,T,2024-04-25,1000000.00,4.901837,94.9375
08:11:38,912810TZ1,TSRYS5752098,D,S,T,2024-04-25,3000000.00,4.902801,94.92578125
08:11:48,912810TZ1,TSRYS5752098,D,S,C,2024-04-25,1000000.00,4.901837,94.9375
08:12:03,912810TZ1,TSRYS5752098,D,S,D,2024-04-25,1000000.00,4.901837,94.9375
08:12:03,912810TZ1,TSRYS5752098,D,S,D,2024-04-25,1000000.00,4.902158,94.93359375
08:12:03,912810TZ1,TSRYS5752098,D,S,T,2024-04-25,1000000.00,4.902319,94.931640625
08:12:08,912810TZ1,TSRYS5752098,D,S,D,2024-04-25,1000000.00,4.902319,94.931640625
08:12:09,912810TZ1,TSRYS5752098,D,S,D,2024-04-25,1000000.00,4.902319,94.931640625
08:12:09,912810TZ1,TSRYS5752098,D,S,D,2024-04-25,1000000.00,4.902319,94.931640625
08:12:09,912810TZ1,TSRYS5752098,D,S,D,2024-04-25,1000000.00,4.90248,94.9296875
08:12:09,912810TZ1,TSRYS5752098,D,S,T,2024-04-25,1000000.00,4.902319,94.931640625
08:12:10,912810TZ1,TSRYS5752098,D,S,C,2024-04-25,9000000.00,4.903122,94.921875
08:12:14,912810TZ1,TSRYS5752098,D,S,D,2024-04-25,1000000.00,4.902319,94.931640625
08:12:17,912810TZ1,TSRYS5752098,D,B,C,2024-04-25,1000000.00,4.903122,94.921875
08:12:17,912810TZ1,TSRYS5752098,D,S,D,2024-04-25,1000000.00,4.903122,94.921875
08:12:27,912810TZ1,TSRYS5752098,D,S,D,2024-04-25,1000000.00,4.902962,94.923828125
08:12:28,912810TZ1,TSRYS5752098,D,B,C,2024-04-25,1000000.00,4.902962,94.92382812
08:12:33,912810TZ1,TSRYS5752098,D,B,C,2024-04-25,1000000.00,4.901998,94.93554687
08:12:49,912810TZ1,TSRYS5752098,D,B,C,2024-04-25,1000000.00,4.902962,94.92382812
08:12:49,912810TZ1,TSRYS5752098,D,S,D,2024-04-25,1000000.00,4.902962,94.923828125
08:13:07,912810TZ1,TSRYS5752098,D,S,D,2024-04-25,200000.00,4.903444,94.917968
08:15:15,912810TZ1,TSRYS5752098,D,S,T,2024-04-25,1000000.00,4.904408,94.90625
08:15:26,912810TZ1,TSRYS5752098,D,S,C,2024-04-25,50000.00,4.906015,94.89671875
08:15:31,912810TZ1,TSRYS5752098,D,S,C,2024-04-25,1000000.00,4.906979,94.875
08:15:31,912810TZ1,TSRYS5752098,D,B,C,2024-04-25,1000000.00,4.906979,94.875
08:15:34,912810TZ1,TSRYS5752098,D,S,D,2024-04-25,50000.00,4.906015,94.88671875
08:15:40,912810TZ1,TSRYS5752098,D,S,T,2024-04-25,1000000.00,4.906979,94.875
08:15:40,912810TZ1,TSRYS5752098,D,S,T,2024-04-25,1000000.00,4.906979,94.875
08:16:00,912810TZ1,TSRYS5752098,D,S,T,2024-04-25,1000000.00,4.906979,94.875
08:16:00,912810TZ1,TSRYS5752098,D,S,T,2024-04-25,1000000.00,4.906979,94.875
08:16:00,912810TZ1,TSRYS5752098,D,S,T,2024-04-25,1000000.00,4.906979,94.875
08:16:03,912810TZ1,TSRYS5752098,D,S,D,2024-04-25,1000000.00,4.904408,94.90625
08:16:18,912810TZ1,TSRYS5752098,D,S,D,2024-04-25,1000000.00,4.906979,94.875
08:16:18,912810TZ1,TSRYS5752098,D,S,D,2024-04-25,1000000.00,4.906979,94.875
08:16:20,912810TZ1,TSRYS5752098,D,S,T,2024-04-25,1000000.00,4.906979,94.875
08:16:20,912810TZ1,TSRYS5752098,D,S,T,2024-04-25,1000000.00,4.906979,94.875
08:16:30,912810TZ1,TSRYS5752098,D,S,T,2024-04-25,1000000.00,4.906979,94.875
08:16:30,912810TZ1,TSRYS5752098,D,S,T,2024-04-25,1000000.00,4.906979,94.875
08:16:32,912810TZ1,TSRYS5752098,D,S,D,2024-04-25,1000000.00,4.906979,94.875
08:16:38,912810TZ1,TSRYS5752098,D,B,C,2024-04-25,500000.00,4.906979,94.875
08:16:38,912810TZ1,TSRYS5752098,D,S,D,2024-04-25,500000.00,4.906955,94.8753
08:16:41,912810TZ1,TSRYS5752098,D,S,T,2024-04-25,1000000.00,4.906658,94.87890625
08:16:41,912810TZ1,TSRYS5752098,D,S,C,2024-04-25,1000000.00,4.90681,94.877053125
08:16:41,912810TZ1,TSRYS5752098,D,S,D,2024-04-25,1000000.00,4.906819,94.876953125
08:16:42,912810TZ1,TSRYS5752098,D,S,D,2024-04-25,1000000.00,4.906819,94.876953125
08:16:44,912810TZ1,TSRYS5752098,D,S,T,2024-04-25,1000000.00,4.90714,94.873046875
08:16:45,912810TZ1,TSRYS5752098,D,S,D,2024-04-25,1000000.00,4.906819,94.876953125
08:16:46,912810TZ1,TSRYS5752098,D,S,D,2024-04-25,1000000.00,4.906658,94.87890625
08:16:47,912810TZ1,TSRYS5752098,D,S,D,2024-04-25,1000000.00,4.90714,94.873046875
08:16:50,912810TZ1,TSRYS5752098,D,S,C,2024-04-25,1000000.00,4.906979,94.875
08:16:50,912810TZ1,TSRYS5752098,D,S,D,2024-04-25,1000000.00,4.906979,94.875
08:16:50,912810TZ1,TSRYS5752098,D,S,D,2024-04-25,1000000.00,4.906979,94.875
08:16:50,912810TZ1,TSRYS5752098,D,S,D,2024-04-25,1000000.00,4.906979,94.875
08:16:50,912810TZ1,TSRYS5752098,D,S,D,2024-04-25,10000.00,4.904346,94.907
08:17:04,912810TZ1,TSRYS5752098,D,S,C,2024-04-25,1000000.00,4.906967,94.87515
08:17:04,912810TZ1,TSRYS5752098,D,S,C,2024-04-25,1000000.00,4.906979,94.875
08:17:09,912810TZ1,TSRYS5752098,D,S,C,2024-04-25,10000.00,4.904346,94.907
08:17:09,912810TZ1,TSRYS5752098,D,S,D,2024-04-25,10000.00,4.904346,94.907
08:17:10,912810TZ1,TSRYS5752098,D,S,T,2024-04-25,1000000.00,4.906979,94.875
08:17:10,912810TZ1,TSRYS5752098,D,S,T,2024-04-25,1000000.00,4.906979,94.875
08:17:10,912810TZ1,TSRYS5752098,D,S,T,2024-04-25,1000000.00,4.906979,94.875
08:17:10,912810TZ1,TSRYS5752098,D,S,T,2024-04-25,1000000.00,4.906979,94.875
08:17:18,912810TZ1,TSRYS5752098,D,S,D,2024-04-25,1000000.00,4.906819,94.876953125
08:17:19,912810TZ1,TSRYS5752098,D,S,C,2024-04-25,1000000.00,4.906658,94.87890625
08:17:20,912810TZ1,TSRYS5752098,D,S,D,2024-04-25,1000000.00,4.906658,94.87890625
08:17:33,912810TZ1,TSRYS5752098,D,S,C,2024-04-25,1000000.00,4.906979,94.875
08:17:50,912810TZ1,TSRYS5752098,D,S,C,2024-04-25,1000000.00,4.906979,94.875
08:17:51,912810TZ1,TSRYS5752098,D,S,C,2024-04-25,1000000.00,4.906979,94.875
08:17:51,912810TZ1,TSRYS5752098,D,S,D,2024-04-25,1000000.00,4.906979,94.875
08:18:26,912810TZ1,TSRYS5752098,D,S,D,2024-04-25,1000000.00,4.906819,94.876953125
08:18:26,912810TZ1,TSRYS5752098,D,S,D,2024-04-25,1000000.00,4.906819,94.876953125
08:19:11,912810TZ1,TSRYS5752098,D,S,C,2024-04-25,1000000.00,4.906336,94.8828125
08:19:12,912810TZ1,TSRYS5752098,D,S,C,2024-04-25,1000000.00,4.90681,94.877053125
08:19:12,912810TZ1,TSRYS5752098,D,S,D,2024-04-25,1000000.00,4.906336,94.8828125
08:19:12,912810TZ1,TSRYS5752098,D,B,C,2024-04-25,1000000.00,4.906361,94.8825125
08:19:13,912810TZ1,TSRYS5752098,D,S,D,2024-04-25,1000000.00,4.906819,94.876953125
08:19:18,912810TZ1,TSRYS5752098,D,S,C,2024-04-25,1000000.00,4.907462,94.869140625
08:19:18,912810TZ1,TSRYS5752098,D,S,D,2024-04-25,12000000.00,4.902438,94.9302
08:19:22,912810TZ1,TSRYS5752098,D,B,C,2024-04-25,5000000.00,4.907334,94.87069375
08:19:56,912810TZ1,TSRYS5752098,D,S,D,2024-04-25,10000.00,4.906979,94.875
08:20:12,912810TZ1,TSRYS5752098,D,S,D,2024-04-25,1000000.00,4.907301,94.871093
08:20:33,912810TZ1,TSRYS5752098,D,S,D,2024-04-25,500000.00,4.907301,94.871093
08:20:34,912810TZ1,TSRYS5752098,D,S,D,2024-04-25,500000.00,4.907301,94.87109375
08:20:34,912810TZ1,TSRYS5752098,D,S,T,2024-04-25,1000000.00,4.906979,94.875
08:20:35,912810TZ1,TSRYS5752098,D,S,D,2024-04-25,1000000.00,4.906963,94.8752
08:20:42,912810TZ1,TSRYS5752098,D,S,T,2024-04-25,1000000.00,4.906979,94.875
08:20:42,912810TZ1,TSRYS5752098,D,S,T,2024-04-25,1000000.00,4.906979,94.875
08:20:42,912810TZ1,TSRYS5752098,D,S,T,2024-04-25,1000000.00,4.906979,94.875
08:20:47,912810TZ1,TSRYS5752098,D,S,D,2024-04-25,1000000.00,4.909231,94.84765625
08:20:48,912810TZ1,TSRYS5752098,D,S,D,2024-04-25,1000000.00,4.909231,94.84765625
08:20:48,912810TZ1,TSRYS5752098,D,S,T,2024-04-25,1000000.00,4.909231,94.84765625
08:20:48,912810TZ1,TSRYS5752098,D,S,D,2024-04-25,1000000.00,4.909231,94.84765625
08:20:50,912810TZ1,TSRYS5752098,D,S,C,2024-04-25,1000000.00,4.906979,94.875
08:20:51,912810TZ1,TSRYS5752098,D,S,C,2024-04-25,1000000.00,4.909231,94.84765625
08:21:05,912810TZ1,TSRYS5752098,D,S,C,2024-04-25,1000000.00,4.906979,94.875
08:21:05,912810TZ1,TSRYS5752098,D,S,C,2024-04-25,1000000.00,4.906979,94.875
08:21:07,912810TZ1,TSRYS5752098,D,S,T,2024-04-25,1000000.00,4.910196,94.8359375
08:21:08,912810TZ1,TSRYS5752098,D,S,C,2024-04-25,4195000.00,4.905694,94.890625
08:21:10,912810TZ1,TSRYS5752098,D,S,D,2024-04-25,445000.00,4.908266,94.859375
08:21:11,912810TZ1,TSRYS5752098,D,S,D,2024-04-25,1000000.00,4.910196,94.8359375
08:21:14,912810TZ1,TSRYS5752098,D,S,C,2024-04-25,25000.00,4.907227,94.871994
08:21:18,912810TZ1,TSRYS5752098,D,S,D,2024-04-25,445000.00,4.908266,94.859375
08:21:27,912810TZ1,TSRYS5752098,D,S,C,2024-04-25,1000000.00,4.909231,94.84765625
08:21:29,912810TZ1,TSRYS5752098,D,S,C,2024-04-25,1000000.00,4.909231,94.84765625
08:21:30,912810TZ1,TSRYS5752098,D,S,D,2024-04-25,1000000.00,4.909231,94.84765625
08:21:30,912810TZ1,TSRYS5752098,D,S,D,2024-04-25,1000000.00,4.909231,94.84765625
08:21:30,912810TZ1,TSRYS5752098,D,S,D,2024-04-25,1000000.00,4.909231,94.84765625
08:21:30,912810TZ1,TSRYS5752098,D,S,D,2024-04-25,1000000.00,4.909231,94.84765625
08:21:30,912810TZ1,TSRYS5752098,D,S,D,2024-04-25,1000000.00,4.909231,94.84765625
08:21:30,912810TZ1,TSRYS5752098,D,S,D,2024-04-25,1000000.00,4.909231,94.84765625
08:21:30,912810TZ1,TSRYS5752098,D,S,T,2024-04-25,1000000.00,4.909231,94.84765625
08:21:31,912810TZ1,TSRYS5752098,D,S,D,2024-04-25,1000000.00,4.909231,94.84765625
08:21:31,912810TZ1,TSRYS5752098,D,S,T,2024-04-25,1000000.00,4.909231,94.84765625
08:21:31,912810TZ1,TSRYS5752098,D,S,D,2024-04-25,1000000.00,4.909231,94.84765625
08:21:34,912810TZ1,TSRYS5752098,D,S,D,2024-04-25,1000000.00,4.909231,94.84765625
08:21:34,912810TZ1,TSRYS5752098,D,S,D,2024-04-25,1000000.00,4.909231,94.84765625
08:21:39,912810TZ1,TSRYS5752098,D,S,C,2024-04-25,1000000.00,4.909231,94.84765625
08:21:40,912810TZ1,TSRYS5752098,D,S,D,2024-04-25,1000000.00,4.909231,94.84765625
08:21:43,912810TZ1,TSRYS5752098,D,S,D,2024-04-25,610000.00,4.910839,94.828125
08:21:43,912810TZ1,TSRYS5752098,D,B,C,2024-04-25,610000.00,4.910839,94.828125
08:22:11,912810TZ1,TSRYS5752098,D,S,T,2024-04-25,5050000.00,4.876193,95.25
08:22:15,912810TZ1,TSRYS5752098,D,S,D,2024-04-25,5050000.00,4.876193,95.25
08:22:17,912810TZ1,TSRYS5752098,D,S,C,2024-04-25,1000000.00,4.909231,94.84765625
08:22:17,912810TZ1,TSRYS5752098,D,S,C,2024-04-25,1000000.00,4.909222,94.84775625
08:22:20,912810TZ1,TSRYS5752098,D,S,T,2024-04-25,1000000.00,4.909874,94.83984375
08:22:23,912810TZ1,TSRYS5752098,D,S,T,2024-04-25,20250000.00,4.876193,95.25
08:22:24,912810TZ1,TSRYS5752098,D,S,D,2024-04-25,1000000.00,4.909874,94.83984375
08:22:27,912810TZ1,TSRYS5752098,D,S,D,2024-04-25,20250000.00,4.876193,95.25
08:22:36,912810TZ1,TSRYS5752098,D,S,C,2024-04-25,1000000.00,4.909231,94.84765625
08:22:58,912810TZ1,TSRYS5752098,D,S,T,2024-04-25,1000000.00,4.910839,94.828125
08:23:09,912810TZ1,TSRYS5752098,D,S,T,2024-04-25,35500000.00,4.876193,95.25
08:23:10,912810TZ1,TSRYS5752098,D,S,T,2024-04-25,11150000.00,4.876193,95.25
08:23:21,912810TZ1,TSRYS5752098,D,S,C,2024-04-25,1000000.00,4.909222,94.84775625
08:23:33,912810TZ1,TSRYS5752098,D,S,D,2024-04-25,15200000.00,4.876193,95.25
08:23:36,912810TZ1,TSRYS5752098,D,S,D,2024-04-25,1000000.00,4.909231,94.84765625
08:23:36,912810TZ1,TSRYS5752098,D,S,D,2024-04-25,1000000.00,4.909231,94.84765625
08:23:36,912810TZ1,TSRYS5752098,D,S,D,2024-04-25,1000000.00,4.909231,94.84765625
08:23:36,912810TZ1,TSRYS5752098,D,S,D,2024-04-25,1000000.00,4.910839,94.828125
08:23:36,912810TZ1,TSRYS5752098,D,S,D,2024-04-25,5050000.00,4.876193,95.25
08:23:36,912810TZ1,TSRYS5752098,D,S,D,2024-04-25,1000000.00,4.909231,94.84765625
08:23:37,912810TZ1,TSRYS5752098,D,S,T,2024-04-25,1000000.00,4.909231,94.84765625
08:23:37,912810TZ1,TSRYS5752098,D,S,D,2024-04-25,1000000.00,4.909231,94.84765625
08:23:37,912810TZ1,TSRYS5752098,D,S,D,2024-04-25,35550000.00,4.876193,95.25
08:23:40,912810TZ1,TSRYS5752098,D,S,D,2024-04-25,5050000.00,4.876193,95.25
08:23:40,912810TZ1,TSRYS5752098,D,S,D,2024-04-25,15200000.00,4.876193,95.25
08:23:41,912810TZ1,TSRYS5752098,D,S,D,2024-04-25,1000000.00,4.909231,94.84765625
08:23:49,912810TZ1,TSRYS5752098,D,B,C,2024-04-25,5050000.00,4.876193,95.25
08:23:51,912810TZ1,TSRYS5752098,D,S,C,2024-04-25,1000000.00,4.909231,94.84765625
08:23:51,912810TZ1,TSRYS5752098,D,S,T,2024-04-25,1000000.00,4.909231,94.84765625
08:23:51,912810TZ1,TSRYS5752098,D,S,T,2024-04-25,1000000.00,4.909231,94.84765625
08:23:53,912810TZ1,TSRYS5752098,D,B,C,2024-04-25,5050000.00,4.876193,95.25
08:23:53,912810TZ1,TSRYS5752098,D,B,C,2024-04-25,15200000.00,4.876193,95.25
08:23:53,912810TZ1,TSRYS5752098,D,B,C,2024-04-25,15250000.00,4.876193,95.25
08:23:54,912810TZ1,TSRYS5752098,D,S,D,2024-04-25,11150000.00,4.876193,95.25
08:23:55,912810TZ1,TSRYS5752098,D,S,D,2024-04-25,1000000.00,4.909231,94.84765625
08:23:55,912810TZ1,TSRYS5752098,D,S,D,2024-04-25,1000000.00,4.909231,94.84765625
08:24:54,912810TZ1,TSRYS5752098,D,S,C,2024-04-25,1000000.00,4.908266,94.859375
08:24:58,912810TZ1,TSRYS5752098,D,S,T,2024-04-25,1000000.00,4.908266,94.859375
08:25:02,912810TZ1,TSRYS5752098,D,S,T,2024-04-25,1000000.00,4.908266,94.859375
08:25:02,912810TZ1,TSRYS5752098,D,S,T,2024-04-25,1000000.00,4.908266,94.859375
08:25:03,912810TZ1,TSRYS5752098,D,S,A,2024-04-25,1200000.00,4.908909,94.8515625
08:25:12,912810TZ1,TSRYS5752098,D,S,T,2024-04-25,2000000.00,4.909552,94.84375
08:25:36,912810TZ1,TSRYS5752098,D,S,C,2024-04-25,1000000.00,4.908266,94.859375
08:25:36,912810TZ1,TSRYS5752098,D,S,C,2024-04-25,1000000.00,4.908266,94.859375
08:25:36,912810TZ1,TSRYS5752098,D,S,C,2024-04-25,2000000.00,4.909552,94.84375
08:25:52,912810TZ1,TSRYS5752098,D,S,T,2024-04-25,1000000.00,4.909552,94.84375
08:25:52,912810TZ1,TSRYS5752098,D,S,T,2024-04-25,2000000.00,4.909552,94.84375
08:25:52,912810TZ1,TSRYS5752098,D,S,T,2024-04-25,1000000.00,4.909552,94.84375
08:25:52,912810TZ1,TSRYS5752098,D,S,T,2024-04-25,1000000.00,4.909552,94.84375
08:25:52,912810TZ1,TSRYS5752098,D,S,T,2024-04-25,1000000.00,4.909552,94.84375
08:25:52,912810TZ1,TSRYS5752098,D,S,T,2024-04-25,1000000.00,4.909552,94.84375
08:26:05,912810TZ1,TSRYS5752098,D,S,D,2024-04-25,550000.00,4.906336,94.8828125
08:26:12,912810TZ1,TSRYS5752098,D,S,A,2024-04-25,550000.00,4.912126,94.8125
08:26:22,912810TZ1,TSRYS5752098,D,S,C,2024-04-25,2000000.00,4.909552,94.84375
08:26:22,912810TZ1,TSRYS5752098,D,S,C,2024-04-25,1000000.00,4.909552,94.84375
08:26:22,912810TZ1,TSRYS5752098,D,S,C,2024-04-25,1000000.00,4.909544,94.84385
08:26:22,912810TZ1,TSRYS5752098,D,S,C,2024-04-25,1000000.00,4.909536,94.84395
08:26:22,912810TZ1,TSRYS5752098,D,S,C,2024-04-25,1000000.00,4.909552,94.84375
08:26:22,912810TZ1,TSRYS5752098,D,S,C,2024-04-25,1000000.00,4.909544,94.84385
08:26:23,912810TZ1,TSRYS5752098,D,S,T,2024-04-25,1000000.00,4.906979,94.875
08:26:26,912810TZ1,TSRYS5752098,D,S,T,2024-04-25,1000000.00,4.906979,94.875
08:26:26,912810TZ1,TSRYS5752098,D,S,T,2024-04-25,1000000.00,4.906979,94.875
08:26:38,912810TZ1,TSRYS5752098,D,B,A,2024-04-25,550000.00,4.912126,94.8125
08:27:08,912810TZ1,TSRYS5752098,D,S,D,2024-04-25,1000000.00,4.906979,94.875
08:27:08,912810TZ1,TSRYS5752098,D,B,C,2024-04-25,1000000.00,4.906979,94.875
08:27:08,912810TZ1,TSRYS5752098,D,B,C,2024-04-25,1000000.00,4.906979,94.875
08:27:08,912810TZ1,TSRYS5752098,D,S,D,2024-04-25,1000000.00,4.906979,94.875
08:27:08,912810TZ1,TSRYS5752098,D,S,D,2024-04-25,1000000.00,4.906979,94.875
08:27:09,912810TZ1,TSRYS5752098,D,S,D,2024-04-25,1000000.00,4.906979,94.875
08:27:09,912810TZ1,TSRYS5752098,D,B,C,2024-04-25,1000000.00,4.906979,94.875
08:27:09,912810TZ1,TSRYS5752098,D,S,D,2024-04-25,1000000.00,4.906979,94.875
08:27:09,912810TZ1,TSRYS5752098,D,S,D,2024-04-25,1000000.00,4.906979,94.875
08:27:49,912810TZ1,TSRYS5752098,D,S,T,2024-04-25,1000000.00,4.908266,94.859375
08:27:49,912810TZ1,TSRYS5752098,D,S,T,2024-04-25,1000000.00,4.908266,94.859375
08:27:49,912810TZ1,TSRYS5752098,D,S,T,2024-04-25,1000000.00,4.908266,94.859375
08:27:49,912810TZ1,TSRYS5752098,D,S,T,2024-04-25,1000000.00,4.908266,94.859375
08:27:50,912810TZ1,TSRYS5752098,D,S,D,2024-04-25,1000000.00,4.907944,94.86328125
08:27:50,912810TZ1,TSRYS5752098,D,S,D,2024-04-25,1000000.00,4.907944,94.86328125
08:27:55,912810TZ1,TSRYS5752098,D,S,D,2024-04-25,1000000.00,4.907944,94.86328125
08:27:55,912810TZ1,TSRYS5752098,D,S,D,2024-04-25,1000000.00,4.908105,94.861328125
08:27:58,912810TZ1,TSRYS5752098,D,S,T,2024-04-25,1000000.00,4.907301,94.87109375
08:28:03,912810TZ1,TSRYS5752098,D,S,D,2024-04-25,1000000.00,4.907301,94.87109375
08:28:10,912810TZ1,TSRYS5752098,D,S,D,2024-04-25,1000000.00,4.906658,94.87890625
08:28:23,912810TZ1,TSRYS5752098,D,S,D,2024-04-25,1000000.00,4.907944,94.86328125
08:28:23,912810TZ1,TSRYS5752098,D,S,T,2024-04-25,1000000.00,4.908105,94.86132812
08:28:23,912810TZ1,TSRYS5752098,D,S,T,2024-04-25,1000000.00,4.907944,94.86328125
08:28:24,912810TZ1,TSRYS5752098,D,S,D,2024-04-25,1000000.00,4.908266,94.859375
08:28:30,912810TZ1,TSRYS5752098,D,S,D,2024-04-25,200000.00,4.907944,94.86328125
08:28:38,912810TZ1,TSRYS5752098,D,S,D,2024-04-25,1000000.00,4.908266,94.859375
08:28:38,912810TZ1,TSRYS5752098,D,S,D,2024-04-25,1000000.00,4.908266,94.859375
08:28:38,912810TZ1,TSRYS5752098,D,S,C,2024-04-25,1000000.00,4.908266,94.859375
08:28:39,912810TZ1,TSRYS5752098,D,B,C,2024-04-25,1000000.00,4.908282,94.859175
08:28:39,912810TZ1,TSRYS5752098,D,S,D,2024-04-25,1000000.00,4.908266,94.859375
08:28:39,912810TZ1,TSRYS5752098,D,B,C,2024-04-25,1000000.00,4.908266,94.859375
08:28:39,912810TZ1,TSRYS5752098,D,S,D,2024-04-25,1000000.00,4.908266,94.859375
08:28:56,912810TZ1,TSRYS5752098,D,S,T,2024-04-25,1000000.00,4.908266,94.859375
08:28:56,912810TZ1,TSRYS5752098,D,S,T,2024-04-25,1000000.00,4.908266,94.859375
08:28:56,912810TZ1,TSRYS5752098,D,S,T,2024-04-25,1000000.00,4.908266,94.859375
08:29:25,912810TZ1,TSRYS5752098,D,S,D,2024-04-25,1000000.00,4.906979,94.875
08:29:25,912810TZ1,TSRYS5752098,D,B,C,2024-04-25,1000000.00,4.906979,94.875
08:29:25,912810TZ1,TSRYS5752098,D,S,C,2024-04-25,1000000.00,4.908249,94.859575
08:29:25,912810TZ1,TSRYS5752098,D,B,C,2024-04-25,1000000.00,4.908266,94.859375
08:29:25,912810TZ1,TSRYS5752098,D,S,C,2024-04-25,1000000.00,4.908258,94.859475
08:29:35,912810TZ1,TSRYS5752098,D,S,D,2024-04-25,68200.00,4.905436,94.89493125
08:29:39,912810TZ1,TSRYS5752098,D,S,C,2024-04-25,1000000.00,4.908266,94.859375
08:29:39,912810TZ1,TSRYS5752098,D,S,C,2024-04-25,1000000.00,4.908258,94.859475
08:29:39,912810TZ1,TSRYS5752098,D,S,C,2024-04-25,1000000.00,4.908258,94.859475
08:29:39,912810TZ1,TSRYS5752098,D,B,C,2024-04-25,1000000.00,4.908266,94.859375
08:30:01,912810TZ1,TSRYS5752098,D,S,D,2024-04-25,500000.00,4.906336,94.8828125
08:30:09,912810TZ1,TSRYS5752098,D,S,C,2024-04-25,1000000.00,4.904408,94.90625
08:30:09,912810TZ1,TSRYS5752098,D,B,C,2024-04-25,1000000.00,4.904408,94.90625
08:30:11,912810TZ1,TSRYS5752098,D,B,C,2024-04-25,1000000.00,4.856873,95.486328125
08:30:11,912810TZ1,TSRYS5752098,D,S,T,2024-04-25,1000000.00,4.837934,95.71875
08:30:12,912810TZ1,TSRYS5752098,D,S,C,2024-04-25,1000000.00,4.878752,95.21875
08:30:12,912810TZ1,TSRYS5752098,D,B,C,2024-04-25,1000000.00,4.891566,95.0625
08:30:12,912810TZ1,TSRYS5752098,D,S,D,2024-04-25,1000000.00,4.891566,95.0625
08:30:12,912810TZ1,TSRYS5752098,D,S,D,2024-04-25,1000000.00,4.891566,95.0625
08:30:12,912810TZ1,TSRYS5752098,D,B,C,2024-04-25,1000000.00,4.891566,95.0625
08:30:12,912810TZ1,TSRYS5752098,D,B,C,2024-04-25,1000000.00,4.891566,95.0625
08:30:12,912810TZ1,TSRYS5752098,D,S,D,2024-04-25,1000000.00,4.891566,95.0625
08:30:12,912810TZ1,TSRYS5752098,D,S,D,2024-04-25,1000000.00,4.878752,95.21875
08:30:12,912810TZ1,TSRYS5752098,D,S,D,2024-04-25,1000000.00,4.891566,95.0625
08:30:13,912810TZ1,TSRYS5752098,D,S,D,2024-04-25,1000000.00,4.891566,95.0625
08:30:13,912810TZ1,TSRYS5752098,D,S,D,2024-04-25,1000000.00,4.891566,95.0625
08:30:14,912810TZ1,TSRYS5752098,D,S,D,2024-04-25,1000000.00,4.878752,95.21875
08:30:14,912810TZ1,TSRYS5752098,D,S,C,2024-04-25,1000000.00,4.838076,95.716996875
08:30:15,912810TZ1,TSRYS5752098,D,S,C,2024-04-25,1000000.00,4.837917,95.71895
08:30:15,912810TZ1,TSRYS5752098,D,S,C,2024-04-25,1000000.00,4.883234,95.1640625
08:30:15,912810TZ1,TSRYS5752098,D,B,C,2024-04-25,1000000.00,4.88325,95.1638625
08:30:16,912810TZ1,TSRYS5752098,D,S,T,2024-04-25,1000000.00,4.892849,95.046875
08:30:16,912810TZ1,TSRYS5752098,D,S,T,2024-04-25,1000000.00,4.881313,95.1875
08:30:17,912810TZ1,TSRYS5752098,D,B,C,2024-04-25,1000000.00,4.886133,95.12870625
08:30:17,912810TZ1,TSRYS5752098,D,S,C,2024-04-25,1000000.00,4.8861,95.12910625
08:30:24,912810TZ1,TSRYS5752098,D,S,D,2024-04-25,1000000.00,4.904399,94.906352
08:30:24,912810TZ1,TSRYS5752098,D,B,C,2024-04-25,1000000.00,4.904426,94.906025
08:30:25,912810TZ1,TSRYS5752098,D,S,T,2024-04-25,1000000.00,4.838093,95.716796875
08:30:38,912810TZ1,TSRYS5752098,D,B,C,2024-04-25,1000000.00,4.90571,94.890425
08:30:38,912810TZ1,TSRYS5752098,D,S,D,2024-04-25,1000000.00,4.905694,94.890625
08:30:46,912810TZ1,TSRYS5752098,D,S,D,2024-04-25,2000000.00,4.895095,95.019531
08:30:51,912810TZ1,TSRYS5752098,D,S,D,2024-04-25,2000000.00,4.896058,95.007812
08:31:09,912810TZ1,TSRYS5752098,D,S,D,2024-04-25,1000000.00,4.915184,94.775390625
08:31:10,912810TZ1,TSRYS5752098,D,S,D,2024-04-25,1000000.00,4.9176,94.74609375
08:31:11,912810TZ1,TSRYS5752098,D,S,D,2024-04-25,1000000.00,4.892849,95.046875
08:31:13,912810TZ1,TSRYS5752098,D,S,C,2024-04-25,1000000.00,4.917277,94.75
08:31:13,912810TZ1,TSRYS5752098,D,B,C,2024-04-25,1000000.00,4.917277,94.75
08:31:13,912810TZ1,TSRYS5752098,D,S,D,2024-04-25,1000000.00,4.915184,94.775390625
08:31:17,912810TZ1,TSRYS5752098,D,S,D,2024-04-25,1000000.00,4.9176,94.74609375
08:31:17,912810TZ1,TSRYS5752098,D,S,D,2024-04-25,1000000.00,4.9176,94.74609375
08:31:19,912810TZ1,TSRYS5752098,D,S,C,2024-04-25,1000000.00,4.920177,94.71484375
08:31:22,912810TZ1,TSRYS5752098,D,S,D,2024-04-25,1000000.00,4.920177,94.71484375
08:31:24,912810TZ1,TSRYS5752098,D,S,A,2024-04-25,10000.00,4.920144,94.76524375
08:31:35,912810TZ1,TSRYS5752098,D,S,D,2024-04-25,10000.00,4.920177,94.71484375
08:31:40,912810TZ1,TSRYS5752098,D,B,C,2024-04-25,1000000.00,4.837952,95.718525
08:31:40,912810TZ1,TSRYS5752098,D,S,C,2024-04-25,1000000.00,4.837915,95.718977
08:31:40,912810TZ1,TSRYS5752098,D,S,C,2024-04-25,1000000.00,4.836644,95.734602
08:31:40,912810TZ1,TSRYS5752098,D,B,C,2024-04-25,1000000.00,4.836681,95.73415
08:31:40,912810TZ1,TSRYS5752098,D,B,C,2024-04-25,1000000.00,4.894151,95.031023
08:31:40,912810TZ1,TSRYS5752098,D,S,C,2024-04-25,1000000.00,4.894132,95.03125
08:31:41,912810TZ1,TSRYS5752098,D,S,C,2024-04-25,1000000.00,4.900538,94.9533
08:31:41,912810TZ1,TSRYS5752098,D,B,C,2024-04-25,1000000.00,4.900552,94.953125
08:31:41,912810TZ1,TSRYS5752098,D,B,C,2024-04-25,1000000.00,4.909552,94.84375
08:31:41,912810TZ1,TSRYS5752098,D,S,C,2024-04-25,1000000.00,4.909552,94.84375
08:31:42,912810TZ1,TSRYS5752098,D,S,C,2024-04-25,1000000.00,4.915989,94.765625
08:31:42,912810TZ1,TSRYS5752098,D,B,C,2024-04-25,1000000.00,4.915989,94.765625
08:31:43,912810TZ1,TSRYS5752098,D,S,C,2024-04-25,1000000.00,4.924529,94.662109375
08:31:49,912810TZ1,TSRYS5752098,D,S,T,2024-04-25,1000000.00,4.921144,94.703125
08:31:49,912810TZ1,TSRYS5752098,D,S,C,2024-04-25,1000000.00,4.920822,94.70703125
08:31:49,912810TZ1,TSRYS5752098,D,B,C,2024-04-25,1000000.00,4.920822,94.70703125
08:31:57,912810TZ1,TSRYS5752098,D,S,C,2024-04-25,1000000.00,4.894132,95.03125
08:31:57,912810TZ1,TSRYS5752098,D,B,C,2024-04-25,1000000.00,4.894151,95.031023
08:31:57,912810TZ1,TSRYS5752098,D,S,C,2024-04-25,1000000.00,4.839187,95.703352
08:31:57,912810TZ1,TSRYS5752098,D,B,C,2024-04-25,1000000.00,4.839205,95.703125
08:31:57,912810TZ1,TSRYS5752098,D,S,C,2024-04-25,1000000.00,4.881298,95.187675
08:31:57,912810TZ1,TSRYS5752098,D,S,T,2024-04-25,1000000.00,4.922433,94.6875
08:31:58,912810TZ1,TSRYS5752098,D,S,T,2024-04-25,1000000.00,4.927593,94.625
08:31:59,912810TZ1,TSRYS5752098,D,S,C,2024-04-25,1000000.00,4.928884,94.609375
08:32:00,912810TZ1,TSRYS5752098,D,B,C,2024-04-25,1000000.00,4.921144,94.703125
08:32:00,912810TZ1,TSRYS5752098,D,S,C,2024-04-25,1000000.00,4.921144,94.703125
08:32:00,912810TZ1,TSRYS5752098,D,B,C,2024-04-25,1000000.00,4.922433,94.6875
08:32:00,912810TZ1,TSRYS5752098,D,S,C,2024-04-25,1000000.00,4.922433,94.6875
08:32:01,912810TZ1,TSRYS5752098,D,S,T,2024-04-25,1000000.00,4.922433,94.6875
08:32:02,912810TZ1,TSRYS5752098,D,S,D,2024-04-25,1000000.00,4.928239,94.6171875
08:32:02,912810TZ1,TSRYS5752098,D,S,C,2024-04-25,1000000.00,4.928239,94.6171875
08:32:03,912810TZ1,TSRYS5752098,D,S,D,2024-04-25,1000000.00,4.928884,94.609375
08:32:03,912810TZ1,TSRYS5752098,D,S,C,2024-04-25,1000000.00,4.927916,94.62109375
08:32:03,912810TZ1,TSRYS5752098,D,S,T,2024-04-25,1000000.00,4.924529,94.662109375
08:32:03,912810TZ1,TSRYS5752098,D,S,T,2024-04-25,1000000.00,4.927916,94.62109375
08:32:04,912810TZ1,TSRYS5752098,D,S,C,2024-04-25,1000000.00,4.927916,94.62109375
08:32:05,912810TZ1,TSRYS5752098,D,S,D,2024-04-25,1000000.00,4.927916,94.62109375
08:32:09,912810TZ1,TSRYS5752098,D,S,C,2024-04-25,1000000.00,4.927593,94.625
08:32:09,912810TZ1,TSRYS5752098,D,S,C,2024-04-25,1000000.00,4.927916,94.62109375
08:32:09,912810TZ1,TSRYS5752098,D,S,C,2024-04-25,1000000.00,4.927593,94.625
08:32:09,912810TZ1,TSRYS5752098,D,S,C,2024-04-25,1000000.00,4.927916,94.62109375
08:32:09,912810TZ1,TSRYS5752098,D,S,D,2024-04-25,1000000.00,4.927593,94.625
08:32:10,912810TZ1,TSRYS5752098,D,S,C,2024-04-25,1000000.00,4.927916,94.62109375
08:32:10,912810TZ1,TSRYS5752098,D,S,D,2024-04-25,1000000.00,4.927916,94.62109375
08:32:11,912810TZ1,TSRYS5752098,D,S,D,2024-04-25,1000000.00,4.927916,94.62109375
08:32:11,912810TZ1,TSRYS5752098,D,S,D,2024-04-25,1000000.00,4.927916,94.62109375
08:32:12,912810TZ1,TSRYS5752098,D,B,C,2024-04-25,1000000.00,4.860878,95.437275
08:32:12,912810TZ1,TSRYS5752098,D,S,D,2024-04-25,1000000.00,4.860859,95.4375
08:32:12,912810TZ1,TSRYS5752098,D,S,D,2024-04-25,1000000.00,4.927593,94.625
08:32:12,912810TZ1,TSRYS5752098,D,S,D,2024-04-25,1000000.00,4.927916,94.62109375
08:32:13,912810TZ1,TSRYS5752098,D,S,D,2024-04-25,1000000.00,4.927916,94.62109375
08:32:13,912810TZ1,TSRYS5752098,D,S,D,2024-04-25,1000000.00,4.927916,94.62109375
08:32:13,912810TZ1,TSRYS5752098,D,S,D,2024-04-25,1000000.00,4.921627,94.697265625
08:32:14,912810TZ1,TSRYS5752098,D,S,D,2024-04-25,1000000.00,4.930175,94.59375
08:32:14,912810TZ1,TSRYS5752098,D,B,C,2024-04-25,1000000.00,4.906979,94.875
08:32:14,912810TZ1,TSRYS5752098,D,S,C,2024-04-25,1000000.00,4.906979,94.875
08:32:14,912810TZ1,TSRYS5752098,D,S,D,2024-04-25,1000000.00,4.930175,94.59375
08:32:15,912810TZ1,TSRYS5752098,D,S,T,2024-04-25,1000000.00,4.931305,94.580078125
08:32:15,912810TZ1,TSRYS5752098,D,S,C,2024-04-25,1000000.00,4.924682,94.66025625
08:32:15,912810TZ1,TSRYS5752098,D,B,C,2024-04-25,1000000.00,4.924699,94.66005625
08:32:16,912810TZ1,TSRYS5752098,D,B,C,2024-04-25,1000000.00,4.917277,94.75
08:32:16,912810TZ1,TSRYS5752098,D,S,C,2024-04-25,1000000.00,4.917259,94.750225
08:32:16,912810TZ1,TSRYS5752098,D,S,D,2024-04-25,1000000.00,4.930175,94.59375
08:32:17,912810TZ1,TSRYS5752098,D,S,T,2024-04-25,1000000.00,4.930175,94.59375
08:32:18,912810TZ1,TSRYS5752098,D,S,D,2024-04-25,1000000.00,4.925335,94.65234375
08:32:18,912810TZ1,TSRYS5752098,D,S,C,2024-04-25,25000.00,4.931434,94.598525
08:32:19,912810TZ1,TSRYS5752098,D,S,T,2024-04-25,1000000.00,4.930175,94.59375
08:32:19,912810TZ1,TSRYS5752098,D,S,T,2024-04-25,1000000.00,4.930337,94.591796875
08:32:20,912810TZ1,TSRYS5752098,D,S,T,2024-04-25,1000000.00,4.930175,94.59375
08:32:20,912810TZ1,TSRYS5752098,D,S,D,2024-04-25,25000.00,4.931434,94.578525
08:32:20,912810TZ1,TSRYS5752098,D,S,D,2024-04-25,1000000.00,4.930821,94.5859375
08:32:21,912810TZ1,TSRYS5752098,D,S,D,2024-04-25,1000000.00,4.930821,94.5859375
08:32:21,912810TZ1,TSRYS5752098,D,S,T,2024-04-25,1000000.00,4.930175,94.59375
08:32:21,912810TZ1,TSRYS5752098,D,S,D,2024-04-25,1000000.00,4.930821,94.5859375
08:32:22,912810TZ1,TSRYS5752098,D,S,D,2024-04-25,1000000.00,4.930175,94.59375
08:32:22,912810TZ1,TSRYS5752098,D,S,D,2024-04-25,1000000.00,4.930175,94.59375
08:32:23,912810TZ1,TSRYS5752098,D,S,D,2024-04-25,1000000.00,4.930337,94.591796875
08:32:23,912810TZ1,TSRYS5752098,D,S,D,2024-04-25,1000000.00,4.930175,94.59375
08:32:23,912810TZ1,TSRYS5752098,D,S,A,2024-04-25,300000.00,4.927916,94.62109375
08:32:24,912810TZ1,TSRYS5752098,D,S,C,2024-04-25,1000000.00,4.927585,94.6251
08:32:25,912810TZ1,TSRYS5752098,D,S,D,2024-04-25,1000000.00,4.930175,94.59375
08:32:25,912810TZ1,TSRYS5752098,D,S,D,2024-04-25,400000.00,4.92953,94.6015625
08:32:26,912810TZ1,TSRYS5752098,D,S,D,2024-04-25,1000000.00,4.927916,94.62109375
08:32:28,912810TZ1,TSRYS5752098,D,S,C,2024-04-25,1000000.00,4.927916,94.62109375
08:32:30,912810TZ1,TSRYS5752098,D,S,D,2024-04-25,1000000.00,4.927755,94.623046875
08:32:30,912810TZ1,TSRYS5752098,D,S,D,2024-04-25,1000000.00,4.927755,94.623046875
08:32:33,912810TZ1,TSRYS5752098,D,S,T,2024-04-25,1000000.00,4.928884,94.609375
08:32:33,912810TZ1,TSRYS5752098,D,B,C,2024-04-25,1000000.00,4.896699,95.0
08:32:33,912810TZ1,TSRYS5752098,D,S,C,2024-04-25,1000000.00,4.896681,95.000225
08:32:34,912810TZ1,TSRYS5752098,D,S,C,2024-04-25,1000000.00,4.927908,94.62119375
08:32:35,912810TZ1,TSRYS5752098,D,S,D,2024-04-25,60000.00,4.927593,94.625
08:32:35,912810TZ1,TSRYS5752098,D,S,D,2024-04-25,1000000.00,4.927755,94.623046875
08:32:36,912810TZ1,TSRYS5752098,D,S,C,2024-04-25,1000000.00,4.919855,94.71875
08:32:36,912810TZ1,TSRYS5752098,D,B,C,2024-04-25,1000000.00,4.919855,94.71875
08:32:36,912810TZ1,TSRYS5752098,D,B,C,2024-04-25,1000000.00,4.921144,94.703125
08:32:36,912810TZ1,TSRYS5752098,D,S,D,2024-04-25,1000000.00,4.921144,94.703125
08:32:37,912810TZ1,TSRYS5752098,D,S,C,2024-04-25,1000000.00,4.928876,94.609475
08:32:37,912810TZ1,TSRYS5752098,D,B,C,2024-04-25,1000000.00,4.928892,94.609275
08:32:38,912810TZ1,TSRYS5752098,D,B,A,2024-04-25,200000.00,4.930821,94.5859375
08:32:38,912810TZ1,TSRYS5752098,D,S,C,2024-04-25,1000000.00,4.931297,94.580178125
08:32:38,912810TZ1,TSRYS5752098,D,S,C,2024-04-25,200000.00,4.92953,94.6015625
08:32:45,912810TZ1,TSRYS5752098,D,S,D,2024-04-25,1000000.00,4.930337,94.591796875
08:32:53,912810TZ1,TSRYS5752098,D,S,C,2024-04-25,1000000.00,4.922433,94.6875
08:32:53,912810TZ1,TSRYS5752098,D,S,C,2024-04-25,1000000.00,4.922433,94.6875
08:32:53,912810TZ1,TSRYS5752098,D,B,C,2024-04-25,1000000.00,4.921144,94.703125
08:33:11,912810TZ1,TSRYS5752098,D,S,C,2024-04-25,1000000.00,4.921144,94.703125
08:33:11,912810TZ1,TSRYS5752098,D,B,C,2024-04-25,1000000.00,4.922433,94.6875
08:33:11,912810TZ1,TSRYS5752098,D,S,C,2024-04-25,1000000.00,4.922433,94.6875
08:33:27,912810TZ1,TSRYS5752098,D,S,D,2024-04-25,1000000.00,4.933243,94.556640625
08:33:27,912810TZ1,TSRYS5752098,D,B,C,2024-04-25,1000000.00,4.933243,94.556640625
08:33:28,912810TZ1,TSRYS5752098,D,S,T,2024-04-25,1000000.00,4.922433,94.6875
08:33:28,912810TZ1,TSRYS5752098,D,S,C,2024-04-25,1000000.00,4.921129,94.7033
08:33:28,912810TZ1,TSRYS5752098,D,S,C,2024-04-25,1000000.00,4.921144,94.703125
08:33:30,912810TZ1,TSRYS5752098,D,S,C,2024-04-25,1000000.00,4.92887,94.60955
08:34:00,912810TZ1,TSRYS5752098,D,B,C,2024-04-25,1000000.00,4.92116,94.702925
08:34:00,912810TZ1,TSRYS5752098,D,B,C,2024-04-25,1000000.00,4.92116,94.702925
08:34:10,912810TZ1,TSRYS5752098,D,S,T,2024-04-25,1000000.00,4.922433,94.6875
08:34:15,912810TZ1,TSRYS5752098,D,S,C,2024-04-25,1000000.00,4.921129,94.7033
08:34:18,912810TZ1,TSRYS5752098,D,S,C,2024-04-25,1000000.00,4.922417,94.6877
08:34:18,912810TZ1,TSRYS5752098,D,S,D,2024-04-25,1000000.00,4.922433,94.6875
08:34:28,912810TZ1,TSRYS5752098,D,B,C,2024-04-25,1000000.00,4.926303,94.640625
08:34:32,912810TZ1,TSRYS5752098,D,B,C,2024-04-25,1000000.00,4.922433,94.6875
08:34:40,912810TZ1,TSRYS5752098,D,S,C,2024-04-25,1000000.00,4.921466,94.69921875
08:34:48,912810TZ1,TSRYS5752098,D,S,T,2024-04-25,1000000.00,4.927432,94.626953125
08:34:49,912810TZ1,TSRYS5752098,D,S,T,2024-04-25,1000000.00,4.926303,94.640625
08:34:52,912810TZ1,TSRYS5752098,D,S,D,2024-04-25,1000000.00,4.922433,94.6875
08:34:52,912810TZ1,TSRYS5752098,D,B,C,2024-04-25,1000000.00,4.922433,94.6875
08:34:52,912810TZ1,TSRYS5752098,D,S,D,2024-04-25,1000000.00,4.921144,94.703125
08:34:52,912810TZ1,TSRYS5752098,D,B,C,2024-04-25,1000000.00,4.921152,94.703025
08:35:17,912810TZ1,TSRYS5752098,D,S,D,2024-04-25,1000000.00,4.922433,94.6875
08:35:17,912810TZ1,TSRYS5752098,D,B,C,2024-04-25,1000000.00,4.922441,94.6874
08:35:17,912810TZ1,TSRYS5752098,D,S,D,2024-04-25,1000000.00,4.922433,94.6875
08:35:17,912810TZ1,TSRYS5752098,D,S,D,2024-04-25,1000000.00,4.922433,94.6875
08:35:17,912810TZ1,TSRYS5752098,D,B,C,2024-04-25,1000000.00,4.922441,94.6874
08:35:17,912810TZ1,TSRYS5752098,D,S,D,2024-04-25,1000000.00,4.922433,94.6875
08:35:17,912810TZ1,TSRYS5752098,D,B,C,2024-04-25,1000000.00,4.922446,94.68735
08:35:36,912810TZ1,TSRYS5752098,D,B,C,2024-04-25,1000000.00,4.922433,94.6875
08:35:36,912810TZ1,TSRYS5752098,D,S,D,2024-04-25,1000000.00,4.922433,94.6875
08:35:41,912810TZ1,TSRYS5752098,D,S,C,2024-04-25,1000000.00,4.927424,94.627053125
08:35:49,912810TZ1,TSRYS5752098,D,B,C,2024-04-25,1000000.00,4.925013,94.65625
08:35:49,912810TZ1,TSRYS5752098,D,S,C,2024-04-25,1000000.00,4.924996,94.65645
08:36:21,912810TZ1,TSRYS5752098,D,S,T,2024-04-25,1000000.00,4.917277,94.75
08:36:28,912810TZ1,TSRYS5752098,D,B,C,2024-04-25,8000.00,4.922271,94.689463
08:36:38,912810TZ1,TSRYS5752098,D,S,C,2024-04-25,1000000.00,4.927579,94.625175
08:36:38,912810TZ1,TSRYS5752098,D,B,C,2024-04-25,1000000.00,4.927606,94.62485
08:36:55,912810TZ1,TSRYS5752098,D,B,C,2024-04-25,1000000.00,4.919863,94.71865
08:36:55,912810TZ1,TSRYS5752098,D,S,C,2024-04-25,1000000.00,4.919855,94.71875
08:36:55,912810TZ1,TSRYS5752098,D,S,C,2024-04-25,1000000.00,4.919842,94.7189
08:36:55,912810TZ1,TSRYS5752098,D,S,C,2024-04-25,1000000.00,4.919855,94.71875
08:36:55,912810TZ1,TSRYS5752098,D,B,C,2024-04-25,1000000.00,4.919869,94.718575
08:36:55,912810TZ1,TSRYS5752098,D,B,C,2024-04-25,1000000.00,4.919869,94.718575
08:36:56,912810TZ1,TSRYS5752098,D,S,C,2024-04-25,1000000.00,4.918547,94.7346
08:36:56,912810TZ1,TSRYS5752098,D,B,C,2024-04-25,1000000.00,4.91858,94.7342
08:37:08,912810TZ1,TSRYS5752098,D,S,C,2024-04-25,1000000.00,4.926289,94.6408
08:37:08,912810TZ1,TSRYS5752098,D,B,C,2024-04-25,1000000.00,4.921156,94.702975
08:37:09,912810TZ1,TSRYS5752098,D,S,C,2024-04-25,1000000.00,4.917277,94.75
08:37:18,912810TZ1,TSRYS5752098,D,S,T,2024-04-25,1000000.00,4.922433,94.6875
08:37:27,912810TZ1,TSRYS5752098,D,S,D,2024-04-25,1000000.00,4.921144,94.703125
08:37:28,912810TZ1,TSRYS5752098,D,S,D,2024-04-25,1000000.00,4.918566,94.734375
08:37:28,912810TZ1,TSRYS5752098,D,B,C,2024-04-25,1000000.00,4.918566,94.734375
08:37:28,912810TZ1,TSRYS5752098,D,B,C,2024-04-25,1000000.00,4.918566,94.734375
08:37:28,912810TZ1,TSRYS5752098,D,S,D,2024-04-25,1000000.00,4.918566,94.734375
08:37:28,912810TZ1,TSRYS5752098,D,B,C,2024-04-25,1000000.00,4.918566,94.734375
08:37:28,912810TZ1,TSRYS5752098,D,S,D,2024-04-25,1000000.00,4.918566,94.734375
08:37:28,912810TZ1,TSRYS5752098,D,S,D,2024-04-25,1000000.00,4.918566,94.734375
08:37:28,912810TZ1,TSRYS5752098,D,S,T,2024-04-25,1000000.00,4.923723,94.671875
08:37:37,912810TZ1,TSRYS5752098,D,S,T,2024-04-25,1000000.00,4.925013,94.65625
08:37:37,912810TZ1,TSRYS5752098,D,S,T,2024-04-25,1000000.00,4.925013,94.65625
08:37:37,912810TZ1,TSRYS5752098,D,S,T,2024-04-25,1000000.00,4.925013,94.65625
08:37:39,912810TZ1,TSRYS5752098,D,S,T,2024-04-25,1000000.00,4.925013,94.65625
08:37:40,912810TZ1,TSRYS5752098,D,S,D,2024-04-25,1000000.00,4.917277,94.75
08:37:40,912810TZ1,TSRYS5752098,D,B,C,2024-04-25,1000000.00,4.91729,94.74985
08:37:40,912810TZ1,TSRYS5752098,D,S,D,2024-04-25,1000000.00,4.917277,94.75
08:37:40,912810TZ1,TSRYS5752098,D,B,C,2024-04-25,1000000.00,4.917286,94.7499
08:37:40,912810TZ1,TSRYS5752098,D,B,C,2024-04-25,1000000.00,4.918566,94.734375
08:37:41,912810TZ1,TSRYS5752098,D,B,C,2024-04-25,1000000.00,4.923737,94.6717
08:37:41,912810TZ1,TSRYS5752098,D,S,C,2024-04-25,1000000.00,4.923723,94.671875
08:37:41,912810TZ1,TSRYS5752098,D,S,D,2024-04-25,150000.00,4.925013,94.65625
08:37:50,912810TZ1,TSRYS5752098,D,S,T,2024-04-25,1000000.00,4.927432,94.626953125
08:38:01,912810TZ1,TSRYS5752098,D,B,C,2024-04-25,1000000.00,4.927271,94.62890625
08:38:01,912810TZ1,TSRYS5752098,D,S,C,2024-04-25,1000000.00,4.927271,94.62890625
08:38:01,912810TZ1,TSRYS5752098,D,S,C,2024-04-25,6300000.00,4.927271,94.62890625
08:38:04,912810TZ1,TSRYS5752098,D,S,C,2024-04-25,1000000.00,4.927424,94.627053125
08:38:10,912810TZ1,TSRYS5752098,D,S,C,2024-04-25,1000000.00,4.927424,94.627053125
08:38:11,912810TZ1,TSRYS5752098,D,B,C,2024-04-25,1000000.00,4.927432,94.626953125
08:38:11,912810TZ1,TSRYS5752098,D,B,C,2024-04-25,1000000.00,4.922433,94.6875
08:38:11,912810TZ1,TSRYS5752098,D,S,D,2024-04-25,1000000.00,4.922433,94.6875
08:38:12,912810TZ1,TSRYS5752098,D,S,D,2024-04-25,1000000.00,4.923723,94.671875
08:38:12,912810TZ1,TSRYS5752098,D,B,C,2024-04-25,1000000.00,4.923737,94.6717
08:38:12,912810TZ1,TSRYS5752098,D,S,D,2024-04-25,1000000.00,4.925013,94.65625
08:38:12,912810TZ1,TSRYS5752098,D,S,D,2024-04-25,1000000.00,4.925013,94.65625
08:38:27,912810TZ1,TSRYS5752098,D,S,D,2024-04-25,1000000.00,4.922433,94.6875
08:38:27,912810TZ1,TSRYS5752098,D,S,C,2024-04-25,1000000.00,4.923708,94.67205
08:38:27,912810TZ1,TSRYS5752098,D,S,C,2024-04-25,1000000.00,4.925013,94.65625
08:38:27,912810TZ1,TSRYS5752098,D,S,C,2024-04-25,1000000.00,4.925013,94.65625
08:38:28,912810TZ1,TSRYS5752098,D,B,C,2024-04-25,1000000.00,4.928884,94.609375
08:38:28,912810TZ1,TSRYS5752098,D,S,C,2024-04-25,1000000.00,4.92887,94.60955
08:38:36,912810TZ1,TSRYS5752098,D,S,T,2024-04-25,5000.00,4.922433,94.6875
08:38:40,912810TZ1,TSRYS5752098,D,S,C,2024-04-25,5000.00,4.922433,94.6875
08:38:43,912810TZ1,TSRYS5752098,D,B,C,2024-04-25,1000000.00,4.925013,94.65625
08:38:43,912810TZ1,TSRYS5752098,D,S,D,2024-04-25,1000000.00,4.925013,94.65625
08:38:43,912810TZ1,TSRYS5752098,D,S,C,2024-04-25,1000000.00,4.927579,94.625175
08:38:44,912810TZ1,TSRYS5752098,D,S,C,2024-04-25,1000000.00,4.929683,94.599709375
08:38:44,912810TZ1,TSRYS5752098,D,B,C,2024-04-25,1000000.00,4.929691,94.599609375
08:38:55,912810TZ1,TSRYS5752098,D,S,D,2024-04-25,5000.00,4.922433,94.6875
08:38:58,912810TZ1,TSRYS5752098,D,B,C,2024-04-25,2000000.00,4.926626,94.63671875
08:38:58,912810TZ1,TSRYS5752098,D,S,A,2024-04-25,2000000.00,4.926626,94.63671875
08:39:00,912810TZ1,TSRYS5752098,D,B,C,2024-04-25,1000000.00,4.92953,94.6015625
08:39:00,912810TZ1,TSRYS5752098,D,S,C,2024-04-25,1000000.00,4.92953,94.6015625
08:39:19,912810TZ1,TSRYS5752098,D,S,D,2024-04-25,1000000.00,4.930175,94.59375
08:39:19,912810TZ1,TSRYS5752098,D,B,C,2024-04-25,1000000.00,4.930175,94.59375
08:39:27,912810TZ1,TSRYS5752098,D,S,D,2024-04-25,5000.00,4.922433,94.6875
08:39:28,912810TZ1,TSRYS5752098,D,B,C,2024-04-25,1000000.00,4.930175,94.59375
08:39:28,912810TZ1,TSRYS5752098,D,S,C,2024-04-25,1000000.00,4.930161,94.593925
08:39:43,912810TZ1,TSRYS5752098,D,B,C,2024-04-25,1000000.00,4.927606,94.62485
08:39:43,912810TZ1,TSRYS5752098,D,S,D,2024-04-25,1000.00,4.932725,94.5629
08:39:44,912810TZ1,TSRYS5752098,D,S,C,2024-04-25,1000.00,4.932725,95.0629
08:39:53,912810TZ1,TSRYS5752098,D,S,T,2024-04-25,1000000.00,4.934212,94.544921875
08:39:59,912810TZ1,TSRYS5752098,D,B,C,2024-04-25,1000000.00,4.930175,94.59375
08:39:59,912810TZ1,TSRYS5752098,D,S,C,2024-04-25,1000000.00,4.930159,94.59395
08:40:00,912810TZ1,TSRYS5752098,D,S,C,2024-04-25,1000000.00,4.931467,94.578125
08:40:00,912810TZ1,TSRYS5752098,D,S,C,2024-04-25,1000000.00,4.934203,94.545021875
08:40:01,912810TZ1,TSRYS5752098,D,S,T,2024-04-25,1000000.00,4.93405,94.546875
08:40:04,912810TZ1,TSRYS5752098,D,S,D,2024-04-25,10000.00,4.935309,94.53165
08:40:04,912810TZ1,TSRYS5752098,D,S,A,2024-04-25,10000.00,4.935309,94.58165
08:40:05,912810TZ1,TSRYS5752098,D,B,C,2024-04-25,1439000.00,4.934083,94.546475
08:40:06,912810TZ1,TSRYS5752098,D,S,T,2024-04-25,1000000.00,4.932758,94.5625
08:40:06,912810TZ1,TSRYS5752098,D,S,D,2024-04-25,1439000.00,4.934083,94.546475
08:40:07,912810TZ1,TSRYS5752098,D,S,D,2024-04-25,1000000.00,4.932758,94.5625
08:40:10,912810TZ1,TSRYS5752098,D,S,T,2024-04-25,1000000.00,4.896699,95.0
08:40:10,912810TZ1,TSRYS5752098,D,S,T,2024-04-25,1000000.00,4.894132,95.03125
08:40:10,912810TZ1,TSRYS5752098,D,S,T,2024-04-25,1000000.00,4.896699,95.0
08:40:10,912810TZ1,TSRYS5752098,D,S,T,2024-04-25,1000000.00,4.899268,94.96875
08:40:10,912810TZ1,TSRYS5752098,D,S,T,2024-04-25,1000000.00,4.903122,94.921875
08:40:10,912810TZ1,TSRYS5752098,D,S,T,2024-04-25,1000000.00,4.897983,94.984375
08:40:10,912810TZ1,TSRYS5752098,D,S,T,2024-04-25,1000000.00,4.894132,95.03125
08:40:11,912810TZ1,TSRYS5752098,D,S,T,2024-04-25,1000000.00,4.932758,94.5625
08:40:12,912810TZ1,TSRYS5752098,D,S,T,2024-04-25,1000000.00,4.932758,94.5625
08:40:12,912810TZ1,TSRYS5752098,D,S,T,2024-04-25,1000000.00,4.932766,94.5624
08:40:13,912810TZ1,TSRYS5752098,D,S,T,2024-04-25,1000000.00,4.932758,94.5625
08:40:15,912810TZ1,TSRYS5752098,D,S,C,2024-04-25,1000000.00,4.931452,94.5783
08:40:15,912810TZ1,TSRYS5752098,D,B,C,2024-04-25,1000000.00,4.931467,94.578125
08:40:15,912810TZ1,TSRYS5752098,D,S,C,2024-04-25,1000000.00,4.931467,94.578125
08:40:15,912810TZ1,TSRYS5752098,D,B,C,2024-04-25,1000000.00,4.931481,94.57795
08:40:15,912810TZ1,TSRYS5752098,D,B,C,2024-04-25,1000000.00,4.931483,94.577925
08:40:15,912810TZ1,TSRYS5752098,D,S,C,2024-04-25,1000000.00,4.931467,94.578125
08:40:15,912810TZ1,TSRYS5752098,D,B,C,2024-04-25,1000000.00,4.931481,94.57795
08:40:27,912810TZ1,TSRYS5752098,D,S,C,2024-04-25,1000000.00,4.931467,94.578125
08:40:27,912810TZ1,TSRYS5752098,D,B,C,2024-04-25,1000000.00,4.931481,94.57795
08:40:28,912810TZ1,TSRYS5752098,D,S,C,2024-04-25,1000000.00,4.93405,94.546875
08:40:29,912810TZ1,TSRYS5752098,D,S,T,2024-04-25,1000000.00,4.930175,94.59375
08:40:30,912810TZ1,TSRYS5752098,D,S,D,2024-04-25,50MM+,4.916798,94.7558126683
08:40:34,912810TZ1,TSRYS5752098,D,B,A,2024-04-25,1000000.00,4.930175,94.59375
08:40:45,912810TZ1,TSRYS5752098,D,S,T,2024-04-25,1000000.00,4.930175,94.59375
08:40:45,912810TZ1,TSRYS5752098,D,S,T,2024-04-25,1000000.00,4.930175,94.59375
08:40:45,912810TZ1,TSRYS5752098,D,S,T,2024-04-25,1000000.00,4.930175,94.59375
08:40:46,912810TZ1,TSRYS5752098,D,B,A,2024-04-25,1000000.00,4.930175,94.59375
08:40:46,912810TZ1,TSRYS5752098,D,S,T,2024-04-25,1000000.00,4.930175,94.59375
08:40:46,912810TZ1,TSRYS5752098,D,S,C,2024-04-25,1000000.00,4.932758,94.5625
08:40:46,912810TZ1,TSRYS5752098,D,B,C,2024-04-25,1000000.00,4.934065,94.5467
08:40:46,912810TZ1,TSRYS5752098,D,B,C,2024-04-25,1000000.00,4.934065,94.5467
08:40:46,912810TZ1,TSRYS5752098,D,S,C,2024-04-25,1000000.00,4.93405,94.546875
08:40:46,912810TZ1,TSRYS5752098,D,S,C,2024-04-25,1000000.00,4.93405,94.546875
08:40:46,912810TZ1,TSRYS5752098,D,B,C,2024-04-25,1000000.00,4.934065,94.5467
08:40:46,912810TZ1,TSRYS5752098,D,B,A,2024-04-25,1000000.00,4.930175,94.59375
08:40:47,912810TZ1,TSRYS5752098,D,B,A,2024-04-25,1000000.00,4.930175,94.59375
08:40:47,912810TZ1,TSRYS5752098,D,B,A,2024-04-25,1000000.00,4.930175,94.59375
08:40:49,912810TZ1,TSRYS5752098,D,S,C,2024-04-25,1000000.00,4.930175,94.59375
08:41:01,912810TZ1,TSRYS5752098,D,S,C,2024-04-25,1000000.00,4.934042,94.546975
08:41:01,912810TZ1,TSRYS5752098,D,B,C,2024-04-25,1000000.00,4.934065,94.5467
08:41:01,912810TZ1,TSRYS5752098,D,S,C,2024-04-25,1000000.00,4.934042,94.546975
08:41:01,912810TZ1,TSRYS5752098,D,S,D,2024-04-25,1000000.00,4.932758,94.5625
08:41:01,912810TZ1,TSRYS5752098,D,S,C,2024-04-25,1000000.00,4.932758,94.5625
08:41:01,912810TZ1,TSRYS5752098,D,S,D,2024-04-25,1000000.00,4.932758,94.5625
08:41:02,912810TZ1,TSRYS5752098,D,S,C,2024-04-25,1000000.00,4.931467,94.578125
08:41:02,912810TZ1,TSRYS5752098,D,B,C,2024-04-25,1000000.00,4.931481,94.57795
08:41:02,912810TZ1,TSRYS5752098,D,S,C,2024-04-25,1000000.00,4.930175,94.59375
08:41:16,912810TZ1,TSRYS5752098,D,S,C,2024-04-25,1000000.00,4.93405,94.546875
08:41:16,912810TZ1,TSRYS5752098,D,S,C,2024-04-25,1000000.00,4.93405,94.546875
08:41:16,912810TZ1,TSRYS5752098,D,B,C,2024-04-25,1000000.00,4.934065,94.5467
08:41:16,912810TZ1,TSRYS5752098,D,B,C,2024-04-25,1000000.00,4.934065,94.5467
08:41:17,912810TZ1,TSRYS5752098,D,B,C,2024-04-25,1000000.00,4.931467,94.578125
08:41:17,912810TZ1,TSRYS5752098,D,S,C,2024-04-25,1000000.00,4.931452,94.5783
08:41:24,912810TZ1,TSRYS5752098,D,S,T,2024-04-25,1000000.00,4.930175,94.59375
