tradeTime,cusip,issueSymbolIdentifier,priceType,reportingSideCode,contraPartyTypeCode,tradeDate,reportedTradeVolume,lastSaleYield,lastSalePrice
08:00:02,912810UB2,TSRYS5810883,D,S,T,2024-08-21,1000000.00,4.179718,105.9375
08:00:02,912810UB2,TSRYS5810883,D,S,T,2024-08-21,1000000.00,4.177886,105.962890625
08:00:02,912810UB2,TSRYS5810883,D,S,D,2024-08-21,1000000.00,4.177886,105.962890625
08:00:02,912810UB2,TSRYS5810883,D,S,D,2024-08-21,1000000.00,4.177182,105.97265625
08:00:02,912810UB2,TSRYS5810883,D,S,D,2024-08-21,1000000.00,4.177182,105.97265625
08:00:02,912810UB2,TSRYS5810883,D,S,D,2024-08-21,1000000.00,4.177604,105.966796875
08:00:02,912810UB2,TSRYS5810883,D,S,D,2024-08-21,1000000.00,4.176618,105.98046875
08:00:02,912810UB2,TSRYS5810883,D,S,D,2024-08-21,1000000.00,4.176478,105.982421875
08:00:02,912810UB2,TSRYS5810883,D,S,D,2024-08-21,1000000.00,4.178872,105.94921875
08:00:02,912810UB2,TSRYS5810883,D,S,T,2024-08-21,1000000.00,4.18437,105.873046875
08:00:02,912810UB2,TSRYS5810883,D,S,T,2024-08-21,1000000.00,4.185357,105.859375
08:00:02,912810UB2,TSRYS5810883,D,S,T,2024-08-21,1000000.00,4.185498,105.857421875
08:00:03,912810UB2,TSRYS5810883,D,S,D,2024-08-21,1000000.00,4.1831,105.890625
08:00:03,912810UB2,TSRYS5810883,D,S,D,2024-08-21,1000000.00,4.1831,105.890625
08:00:03,912810UB2,TSRYS5810883,D,S,T,2024-08-21,1000000.00,4.1831,105.890625
08:00:03,912810UB2,TSRYS5810883,D,S,D,2024-08-21,1000000.00,4.1831,105.890625
08:00:12,912810UB2,TSRYS5810883,D,S,T,2024-08-21,1000000.00,4.176337,105.984375
08:00:12,912810UB2,TSRYS5810883,D,S,C,2024-08-21,5000000.00,4.171832,106.046875
08:00:12,912810UB2,TSRYS5810883,D,S,D,2024-08-21,1000000.00,4.176337,105.984375
08:00:12,912810UB2,TSRYS5810883,D,S,D,2024-08-21,1000000.00,4.176337,105.984375
08:00:13,912810UB2,TSRYS5810883,D,S,T,2024-08-21,1000000.00,4.17859,105.953125
08:00:13,912810UB2,TSRYS5810883,D,S,T,2024-08-21,1000000.00,4.181973,105.90625
08:00:13,912810UB2,TSRYS5810883,D,S,T,2024-08-21,1000000.00,4.1831,105.890625
08:00:15,912810UB2,TSRYS5810883,D,S,D,2024-08-21,1000000.00,4.17521,106.0
08:00:15,912810UB2,TSRYS5810883,D,S,D,2024-08-21,1000000.00,4.17521,106.0
08:00:15,912810UB2,TSRYS5810883,D,S,D,2024-08-21,1000000.00,4.17521,106.0
08:00:25,912810UB2,TSRYS5810883,D,S,D,2024-08-21,1000000.00,4.179999,105.93359375
08:00:30,912810UB2,TSRYS5810883,D,S,T,2024-08-21,1000000.00,4.177463,105.96875
08:00:30,912810UB2,TSRYS5810883,D,S,T,2024-08-21,2000000.00,4.1769,105.9765625
08:00:30,912810UB2,TSRYS5810883,D,S,T,2024-08-21,1000000.00,4.177463,105.96875
08:00:30,912810UB2,TSRYS5810883,D,S,T,2024-08-21,1000000.00,4.179718,105.9375
08:00:30,912810UB2,TSRYS5810883,D,S,T,2024-08-21,1000000.00,4.179718,105.9375
08:00:30,912810UB2,TSRYS5810883,D,S,T,2024-08-21,1000000.00,4.179718,105.9375
08:00:30,912810UB2,TSRYS5810883,D,S,T,2024-08-21,1000000.00,4.178027,105.9609375
08:00:30,912810UB2,TSRYS5810883,D,S,T,2024-08-21,1000000.00,4.179718,105.9375
08:00:30,912810UB2,TSRYS5810883,D,S,T,2024-08-21,1000000.00,4.177463,105.96875
08:00:30,912810UB2,TSRYS5810883,D,S,T,2024-08-21,2000000.00,4.177886,105.962890625
08:00:30,912810UB2,TSRYS5810883,D,S,T,2024-08-21,1000000.00,4.179436,105.94140625
08:00:30,912810UB2,TSRYS5810883,D,S,T,2024-08-21,1000000.00,4.179436,105.94140625
08:00:30,912810UB2,TSRYS5810883,D,S,T,2024-08-21,1000000.00,4.179436,105.94140625
08:00:30,912810UB2,TSRYS5810883,D,S,T,2024-08-21,1000000.00,4.188743,105.8125
08:00:30,912810UB2,TSRYS5810883,D,S,T,2024-08-21,1000000.00,4.188602,105.814453125
08:00:30,912810UB2,TSRYS5810883,D,S,T,2024-08-21,1000000.00,4.188461,105.81640625
08:00:30,912810UB2,TSRYS5810883,D,S,T,2024-08-21,1000000.00,4.188319,105.818359375
08:00:30,912810UB2,TSRYS5810883,D,S,T,2024-08-21,1000000.00,4.184652,105.869140625
08:00:30,912810UB2,TSRYS5810883,D,S,T,2024-08-21,1000000.00,4.183523,105.884765625
08:00:30,912810UB2,TSRYS5810883,D,S,T,2024-08-21,1000000.00,4.182677,105.896484375
08:00:30,912810UB2,TSRYS5810883,D,S,T,2024-08-21,1000000.00,4.183664,105.8828125
08:00:30,912810UB2,TSRYS5810883,D,S,T,2024-08-21,1000000.00,4.181691,105.91015625
08:00:30,912810UB2,TSRYS5810883,D,S,T,2024-08-21,1000000.00,4.182537,105.8984375
08:00:30,912810UB2,TSRYS5810883,D,S,T,2024-08-21,1000000.00,4.17155,106.05078125
08:00:30,912810UB2,TSRYS5810883,D,S,T,2024-08-21,1000000.00,4.176759,105.978515625
08:00:30,912810UB2,TSRYS5810883,D,S,T,2024-08-21,1000000.00,4.177463,105.96875
08:00:30,912810UB2,TSRYS5810883,D,S,T,2024-08-21,1000000.00,4.176337,105.984375
08:00:30,912810UB2,TSRYS5810883,D,S,T,2024-08-21,1000000.00,4.17521,106.0
08:00:30,912810UB2,TSRYS5810883,D,S,T,2024-08-21,2000000.00,4.17521,106.0
08:00:30,912810UB2,TSRYS5810883,D,S,T,2024-08-21,1000000.00,4.17859,105.953125
08:00:30,912810UB2,TSRYS5810883,D,S,T,2024-08-21,1000000.00,4.179718,105.9375
08:00:30,912810UB2,TSRYS5810883,D,S,T,2024-08-21,1000000.00,4.179718,105.9375
08:00:30,912810UB2,TSRYS5810883,D,S,T,2024-08-21,1000000.00,4.179718,105.9375
08:00:30,912810UB2,TSRYS5810883,D,S,T,2024-08-21,1000000.00,4.179718,105.9375
08:00:30,912810UB2,TSRYS5810883,D,S,T,2024-08-21,1000000.00,4.180986,105.919921875
08:00:30,912810UB2,TSRYS5810883,D,S,T,2024-08-21,1000000.00,4.179718,105.9375
08:00:30,912810UB2,TSRYS5810883,D,S,T,2024-08-21,1000000.00,4.172958,106.03125
08:00:30,912810UB2,TSRYS5810883,D,S,T,2024-08-21,1000000.00,4.172958,106.03125
08:00:30,912810UB2,TSRYS5810883,D,S,T,2024-08-21,1000000.00,4.172958,106.03125
08:00:30,912810UB2,TSRYS5810883,D,S,T,2024-08-21,1000000.00,4.172958,106.03125
08:00:30,912810UB2,TSRYS5810883,D,S,T,2024-08-21,1000000.00,4.171832,106.046875
08:00:30,912810UB2,TSRYS5810883,D,S,T,2024-08-21,1000000.00,4.177463,105.96875
08:00:30,912810UB2,TSRYS5810883,D,S,T,2024-08-21,1000000.00,4.177463,105.96875
08:00:30,912810UB2,TSRYS5810883,D,S,T,2024-08-21,1000000.00,4.177463,105.96875
08:00:30,912810UB2,TSRYS5810883,D,S,T,2024-08-21,1000000.00,4.176618,105.98046875
08:00:31,912810UB2,TSRYS5810883,D,S,D,2024-08-21,1000000.00,4.184229,105.875
08:00:31,912810UB2,TSRYS5810883,D,S,T,2024-08-21,1000000.00,4.179718,105.9375
08:00:31,912810UB2,TSRYS5810883,D,S,T,2024-08-21,1000000.00,4.181973,105.90625
08:00:31,912810UB2,TSRYS5810883,D,S,T,2024-08-21,1000000.00,4.177182,105.97265625
08:00:31,912810UB2,TSRYS5810883,D,S,T,2024-08-21,1000000.00,4.186062,105.849609375
08:00:31,912810UB2,TSRYS5810883,D,S,T,2024-08-21,1000000.00,4.185921,105.8515625
08:00:31,912810UB2,TSRYS5810883,D,S,T,2024-08-21,1000000.00,4.179718,105.9375
08:00:31,912810UB2,TSRYS5810883,D,S,T,2024-08-21,1000000.00,4.1831,105.890625
08:00:31,912810UB2,TSRYS5810883,D,S,T,2024-08-21,1000000.00,4.184229,105.875
08:00:31,912810UB2,TSRYS5810883,D,S,T,2024-08-21,1000000.00,4.185357,105.859375
08:00:31,912810UB2,TSRYS5810883,D,S,T,2024-08-21,1000000.00,4.185357,105.859375
08:00:31,912810UB2,TSRYS5810883,D,S,T,2024-08-21,1000000.00,4.187614,105.828125
08:00:31,912810UB2,TSRYS5810883,D,S,T,2024-08-21,1000000.00,4.1831,105.890625
08:00:31,912810UB2,TSRYS5810883,D,S,T,2024-08-21,1000000.00,4.185357,105.859375
08:00:31,912810UB2,TSRYS5810883,D,S,T,2024-08-21,1000000.00,4.180845,105.921875
08:00:31,912810UB2,TSRYS5810883,D,S,T,2024-08-21,1000000.00,4.180845,105.921875
08:00:31,912810UB2,TSRYS5810883,D,S,T,2024-08-21,1000000.00,4.180845,105.921875
08:00:31,912810UB2,TSRYS5810883,D,S,T,2024-08-21,1000000.00,4.180845,105.921875
08:00:31,912810UB2,TSRYS5810883,D,S,T,2024-08-21,1000000.00,4.180563,105.92578125
08:00:31,912810UB2,TSRYS5810883,D,S,T,2024-08-21,1000000.00,4.184511,105.87109375
08:00:31,912810UB2,TSRYS5810883,D,S,T,2024-08-21,4000000.00,4.184511,105.87109375
08:00:31,912810UB2,TSRYS5810883,D,S,T,2024-08-21,1000000.00,4.1831,105.890625
08:00:31,912810UB2,TSRYS5810883,D,S,T,2024-08-21,1000000.00,4.1831,105.890625
08:00:31,912810UB2,TSRYS5810883,D,S,T,2024-08-21,1000000.00,4.181973,105.90625
08:00:31,912810UB2,TSRYS5810883,D,S,D,2024-08-21,1000000.00,4.180563,105.92578125
08:00:31,912810UB2,TSRYS5810883,D,S,T,2024-08-21,1000000.00,4.176618,105.98046875
08:00:31,912810UB2,TSRYS5810883,D,S,D,2024-08-21,1000000.00,4.182537,105.8984375
08:00:31,912810UB2,TSRYS5810883,D,S,D,2024-08-21,1000000.00,4.185639,105.85546875
08:00:31,912810UB2,TSRYS5810883,D,S,D,2024-08-21,1000000.00,4.181127,105.91796875
08:00:31,912810UB2,TSRYS5810883,D,S,T,2024-08-21,1000000.00,4.185357,105.859375
08:00:31,912810UB2,TSRYS5810883,D,S,T,2024-08-21,1000000.00,4.185357,105.859375
08:00:31,912810UB2,TSRYS5810883,D,S,T,2024-08-21,1000000.00,4.185357,105.859375
08:00:31,912810UB2,TSRYS5810883,D,S,T,2024-08-21,1000000.00,4.185357,105.859375
08:00:31,912810UB2,TSRYS5810883,D,S,T,2024-08-21,1000000.00,4.184652,105.869140625
08:00:31,912810UB2,TSRYS5810883,D,S,T,2024-08-21,1000000.00,4.184511,105.87109375
08:00:31,912810UB2,TSRYS5810883,D,S,T,2024-08-21,1000000.00,4.18437,105.873046875
08:00:31,912810UB2,TSRYS5810883,D,S,T,2024-08-21,1000000.00,4.184229,105.875
08:00:31,912810UB2,TSRYS5810883,D,S,T,2024-08-21,1000000.00,4.184229,105.875
08:00:31,912810UB2,TSRYS5810883,D,S,T,2024-08-21,1000000.00,4.184229,105.875
08:00:31,912810UB2,TSRYS5810883,D,S,T,2024-08-21,1000000.00,4.184229,105.875
08:00:31,912810UB2,TSRYS5810883,D,S,T,2024-08-21,1000000.00,4.184229,105.875
08:00:31,912810UB2,TSRYS5810883,D,S,T,2024-08-21,1000000.00,4.184229,105.875
08:00:31,912810UB2,TSRYS5810883,D,S,T,2024-08-21,1000000.00,4.184229,105.875
08:00:31,912810UB2,TSRYS5810883,D,S,T,2024-08-21,1000000.00,4.184229,105.875
08:00:31,912810UB2,TSRYS5810883,D,S,T,2024-08-21,1000000.00,4.184229,105.875
08:00:31,912810UB2,TSRYS5810883,D,S,T,2024-08-21,1000000.00,4.184229,105.875
08:00:31,912810UB2,TSRYS5810883,D,S,T,2024-08-21,1000000.00,4.184229,105.875
08:00:31,912810UB2,TSRYS5810883,D,S,T,2024-08-21,1000000.00,4.184229,105.875
08:00:31,912810UB2,TSRYS5810883,D,S,T,2024-08-21,1000000.00,4.184229,105.875
08:00:31,912810UB2,TSRYS5810883,D,S,T,2024-08-21,1000000.00,4.184229,105.875
08:00:31,912810UB2,TSRYS5810883,D,S,T,2024-08-21,1000000.00,4.184229,105.875
08:00:31,912810UB2,TSRYS5810883,D,S,T,2024-08-21,1000000.00,4.184229,105.875
08:00:31,912810UB2,TSRYS5810883,D,S,T,2024-08-21,1000000.00,4.184229,105.875
08:00:31,912810UB2,TSRYS5810883,D,S,T,2024-08-21,1000000.00,4.184229,105.875
08:00:31,912810UB2,TSRYS5810883,D,S,T,2024-08-21,1000000.00,4.184229,105.875
08:00:31,912810UB2,TSRYS5810883,D,S,T,2024-08-21,1000000.00,4.184229,105.875
08:00:31,912810UB2,TSRYS5810883,D,S,T,2024-08-21,1000000.00,4.185639,105.85546875
08:00:31,912810UB2,TSRYS5810883,D,S,T,2024-08-21,1000000.00,4.185357,105.859375
08:00:31,912810UB2,TSRYS5810883,D,S,T,2024-08-21,2000000.00,4.185357,105.859375
08:00:31,912810UB2,TSRYS5810883,D,S,T,2024-08-21,1000000.00,4.185498,105.857421875
08:00:31,912810UB2,TSRYS5810883,D,S,T,2024-08-21,1000000.00,4.185357,105.859375
08:00:31,912810UB2,TSRYS5810883,D,S,T,2024-08-21,1000000.00,4.187614,105.828125
08:00:31,912810UB2,TSRYS5810883,D,S,T,2024-08-21,1000000.00,4.187614,105.828125
08:00:31,912810UB2,TSRYS5810883,D,S,T,2024-08-21,1000000.00,4.187614,105.828125
08:00:31,912810UB2,TSRYS5810883,D,S,T,2024-08-21,1000000.00,4.187614,105.828125
08:00:31,912810UB2,TSRYS5810883,D,S,T,2024-08-21,3000000.00,4.187614,105.828125
08:00:31,912810UB2,TSRYS5810883,D,S,T,2024-08-21,1000000.00,4.186344,105.845703125
08:00:31,912810UB2,TSRYS5810883,D,S,T,2024-08-21,1000000.00,4.186203,105.84765625
08:00:32,912810UB2,TSRYS5810883,D,S,T,2024-08-21,3000000.00,4.1831,105.890625
08:00:32,912810UB2,TSRYS5810883,D,S,T,2024-08-21,4000000.00,4.1831,105.890625
08:00:32,912810UB2,TSRYS5810883,D,S,T,2024-08-21,1000000.00,4.183523,105.884765625
08:00:32,912810UB2,TSRYS5810883,D,S,T,2024-08-21,1000000.00,4.183523,105.884765625
08:00:32,912810UB2,TSRYS5810883,D,S,T,2024-08-21,1000000.00,4.181973,105.90625
08:00:32,912810UB2,TSRYS5810883,D,S,D,2024-08-21,1000000.00,4.177463,105.96875
08:00:32,912810UB2,TSRYS5810883,D,S,D,2024-08-21,1000000.00,4.177463,105.96875
08:00:32,912810UB2,TSRYS5810883,D,S,D,2024-08-21,1000000.00,4.177463,105.96875
08:00:32,912810UB2,TSRYS5810883,D,S,D,2024-08-21,1000000.00,4.180563,105.92578125
08:00:32,912810UB2,TSRYS5810883,D,S,D,2024-08-21,1000000.00,4.178872,105.94921875
08:00:32,912810UB2,TSRYS5810883,D,S,D,2024-08-21,1000000.00,4.188743,105.8125
08:00:32,912810UB2,TSRYS5810883,D,S,D,2024-08-21,1000000.00,4.188461,105.81640625
08:00:32,912810UB2,TSRYS5810883,D,S,D,2024-08-21,1000000.00,4.180845,105.921875
08:00:32,912810UB2,TSRYS5810883,D,S,D,2024-08-21,1000000.00,4.182818,105.89453125
08:00:32,912810UB2,TSRYS5810883,D,S,D,2024-08-21,1000000.00,4.183946,105.87890625
08:00:32,912810UB2,TSRYS5810883,D,S,D,2024-08-21,1000000.00,4.183664,105.8828125
08:00:32,912810UB2,TSRYS5810883,D,S,D,2024-08-21,1000000.00,4.185921,105.8515625
08:00:32,912810UB2,TSRYS5810883,D,S,D,2024-08-21,1000000.00,4.177463,105.96875
08:00:32,912810UB2,TSRYS5810883,D,S,D,2024-08-21,1000000.00,4.177323,105.970703125
08:00:32,912810UB2,TSRYS5810883,D,S,D,2024-08-21,1000000.00,4.180563,105.92578125
08:00:32,912810UB2,TSRYS5810883,D,S,D,2024-08-21,1000000.00,4.178872,105.94921875
08:00:32,912810UB2,TSRYS5810883,D,S,D,2024-08-21,1000000.00,4.184652,105.869140625
08:00:32,912810UB2,TSRYS5810883,D,S,D,2024-08-21,1000000.00,4.182677,105.896484375
08:00:32,912810UB2,TSRYS5810883,D,S,D,2024-08-21,1000000.00,4.1831,105.890625
08:00:32,912810UB2,TSRYS5810883,D,S,D,2024-08-21,1000000.00,4.183946,105.87890625
08:00:32,912810UB2,TSRYS5810883,D,S,D,2024-08-21,2000000.00,4.183946,105.87890625
08:00:32,912810UB2,TSRYS5810883,D,S,D,2024-08-21,2000000.00,4.183946,105.87890625
08:00:35,912810UB2,TSRYS5810883,D,S,D,2024-08-21,1000000.00,4.183664,105.8828125
08:00:35,912810UB2,TSRYS5810883,D,S,D,2024-08-21,185000.00,4.180845,105.921875
08:00:37,912810UB2,TSRYS5810883,D,S,A,2024-08-21,20000.00,4.174929,106.00390625
08:00:37,912810UB2,TSRYS5810883,D,B,A,2024-08-21,12500.00,4.187614,105.828125
08:00:40,912810UB2,TSRYS5810883,D,B,A,2024-08-21,12500.00,4.180281,105.9296875
08:00:41,912810UB2,TSRYS5810883,D,S,T,2024-08-21,1000000.00,4.177745,105.96484375
08:00:41,912810UB2,TSRYS5810883,D,S,T,2024-08-21,1000000.00,4.177745,105.96484375
08:00:41,912810UB2,TSRYS5810883,D,S,T,2024-08-21,1000000.00,4.177745,105.96484375
08:00:41,912810UB2,TSRYS5810883,D,S,T,2024-08-21,1000000.00,4.177745,105.96484375
08:00:41,912810UB2,TSRYS5810883,D,S,C,2024-08-21,57000.00,4.179116,105.9453125
08:00:41,912810UB2,TSRYS5810883,D,S,A,2024-08-21,10000.00,4.184511,105.87109375
08:00:41,912810UB2,TSRYS5810883,D,S,T,2024-08-21,1000000.00,4.185357,105.859375
08:00:41,912810UB2,TSRYS5810883,D,S,T,2024-08-21,1000000.00,4.186485,105.84375
08:00:41,912810UB2,TSRYS5810883,D,S,T,2024-08-21,1000000.00,4.186485,105.84375
08:00:41,912810UB2,TSRYS5810883,D,S,T,2024-08-21,1000000.00,4.185357,105.859375
08:00:41,912810UB2,TSRYS5810883,D,S,T,2024-08-21,1000000.00,4.187191,105.833984375
08:00:41,912810UB2,TSRYS5810883,D,S,T,2024-08-21,2000000.00,4.186626,105.841796875
08:00:41,912810UB2,TSRYS5810883,D,S,T,2024-08-21,1000000.00,4.186203,105.84765625
08:00:41,912810UB2,TSRYS5810883,D,S,T,2024-08-21,1000000.00,4.185357,105.859375
08:00:41,912810UB2,TSRYS5810883,D,S,T,2024-08-21,1000000.00,4.184229,105.875
08:00:41,912810UB2,TSRYS5810883,D,S,T,2024-08-21,1000000.00,4.185216,105.861328125
08:00:41,912810UB2,TSRYS5810883,D,S,T,2024-08-21,1000000.00,4.184229,105.875
08:00:41,912810UB2,TSRYS5810883,D,S,T,2024-08-21,1000000.00,4.184229,105.875
08:00:41,912810UB2,TSRYS5810883,D,S,T,2024-08-21,1000000.00,4.184229,105.875
08:00:41,912810UB2,TSRYS5810883,D,B,C,2024-08-21,10000000.00,4.183664,105.8828125
08:00:41,912810UB2,TSRYS5810883,D,S,T,2024-08-21,1000000.00,4.1831,105.890625
08:00:41,912810UB2,TSRYS5810883,D,B,C,2024-08-21,10000000.00,4.183664,105.8828125
08:00:41,912810UB2,TSRYS5810883,D,S,T,2024-08-21,1000000.00,4.183382,105.88671875
08:00:41,912810UB2,TSRYS5810883,D,S,T,2024-08-21,1000000.00,4.183382,105.88671875
08:00:41,912810UB2,TSRYS5810883,D,S,T,2024-08-21,1000000.00,4.183382,105.88671875
08:00:41,912810UB2,TSRYS5810883,D,S,T,2024-08-21,2000000.00,4.186626,105.841796875
08:00:41,912810UB2,TSRYS5810883,D,S,T,2024-08-21,1000000.00,4.185357,105.859375
08:00:41,912810UB2,TSRYS5810883,D,S,T,2024-08-21,1000000.00,4.185357,105.859375
08:00:41,912810UB2,TSRYS5810883,D,S,T,2024-08-21,1000000.00,4.185357,105.859375
08:00:41,912810UB2,TSRYS5810883,D,S,T,2024-08-21,1000000.00,4.185357,105.859375
08:00:41,912810UB2,TSRYS5810883,D,S,C,2024-08-21,3400000.00,4.186767,105.83984375
08:00:41,912810UB2,TSRYS5810883,D,S,T,2024-08-21,1000000.00,4.188743,105.8125
08:00:41,912810UB2,TSRYS5810883,D,S,T,2024-08-21,1000000.00,4.188743,105.8125
08:00:41,912810UB2,TSRYS5810883,D,S,T,2024-08-21,1000000.00,4.188743,105.8125
08:00:41,912810UB2,TSRYS5810883,D,S,T,2024-08-21,1000000.00,4.187896,105.82421875
08:00:41,912810UB2,TSRYS5810883,D,S,T,2024-08-21,1000000.00,4.186485,105.84375
08:00:41,912810UB2,TSRYS5810883,D,S,T,2024-08-21,1000000.00,4.186485,105.84375
08:00:41,912810UB2,TSRYS5810883,D,S,T,2024-08-21,1000000.00,4.186908,105.837890625
08:00:41,912810UB2,TSRYS5810883,D,S,T,2024-08-21,1000000.00,4.185357,105.859375
08:00:41,912810UB2,TSRYS5810883,D,S,T,2024-08-21,1000000.00,4.185357,105.859375
08:00:41,912810UB2,TSRYS5810883,D,S,T,2024-08-21,1000000.00,4.186485,105.84375
08:00:41,912810UB2,TSRYS5810883,D,S,T,2024-08-21,1000000.00,4.186767,105.83984375
08:00:41,912810UB2,TSRYS5810883,D,S,T,2024-08-21,2000000.00,4.186767,105.83984375
08:00:41,912810UB2,TSRYS5810883,D,S,T,2024-08-21,2000000.00,4.187614,105.828125
08:00:41,912810UB2,TSRYS5810883,D,S,T,2024-08-21,2000000.00,4.183241,105.888671875
08:00:41,912810UB2,TSRYS5810883,D,S,T,2024-08-21,2000000.00,4.183523,105.884765625
08:00:41,912810UB2,TSRYS5810883,D,S,T,2024-08-21,1000000.00,4.184511,105.87109375
08:00:41,912810UB2,TSRYS5810883,D,S,T,2024-08-21,2000000.00,4.183382,105.88671875
08:00:41,912810UB2,TSRYS5810883,D,S,T,2024-08-21,1000000.00,4.183382,105.88671875
08:00:41,912810UB2,TSRYS5810883,D,S,T,2024-08-21,1000000.00,4.183382,105.88671875
08:00:41,912810UB2,TSRYS5810883,D,S,T,2024-08-21,1000000.00,4.183382,105.88671875
08:00:41,912810UB2,TSRYS5810883,D,S,T,2024-08-21,1000000.00,4.183382,105.88671875
08:00:41,912810UB2,TSRYS5810883,D,S,T,2024-08-21,1000000.00,4.183382,105.88671875
08:00:41,912810UB2,TSRYS5810883,D,S,T,2024-08-21,1000000.00,4.185639,105.85546875
08:00:41,912810UB2,TSRYS5810883,D,S,T,2024-08-21,1000000.00,4.185639,105.85546875
08:00:41,912810UB2,TSRYS5810883,D,S,T,2024-08-21,1000000.00,4.185639,105.85546875
08:00:41,912810UB2,TSRYS5810883,D,S,T,2024-08-21,1000000.00,4.184229,105.875
08:00:41,912810UB2,TSRYS5810883,D,S,T,2024-08-21,1000000.00,4.184229,105.875
08:00:41,912810UB2,TSRYS5810883,D,S,T,2024-08-21,1000000.00,4.184229,105.875
08:00:41,912810UB2,TSRYS5810883,D,S,T,2024-08-21,1000000.00,4.184087,105.876953125
08:00:42,912810UB2,TSRYS5810883,D,S,D,2024-08-21,20000000.00,4.184793,105.8671875
08:00:45,912810UB2,TSRYS5810883,D,S,T,2024-08-21,5000000.00,4.184229,105.875
08:00:45,912810UB2,TSRYS5810883,D,S,T,2024-08-21,2000000.00,4.184229,105.875
08:00:46,912810UB2,TSRYS5810883,D,S,T,2024-08-21,1000000.00,4.184229,105.875
08:00:46,912810UB2,TSRYS5810883,D,S,T,2024-08-21,2000000.00,4.1831,105.890625
08:00:46,912810UB2,TSRYS5810883,D,S,T,2024-08-21,1000000.00,4.1831,105.890625
08:00:46,912810UB2,TSRYS5810883,D,S,T,2024-08-21,2000000.00,4.184087,105.876953125
08:00:46,912810UB2,TSRYS5810883,D,S,T,2024-08-21,2000000.00,4.184087,105.876953125
08:00:46,912810UB2,TSRYS5810883,D,B,C,2024-08-21,20000000.00,4.184793,105.8671875
08:00:46,912810UB2,TSRYS5810883,D,S,D,2024-08-21,145000.00,4.181774,105.909008621
08:00:47,912810UB2,TSRYS5810883,D,B,A,2024-08-21,51000.00,4.182537,105.8984375
08:00:49,912810UB2,TSRYS5810883,D,S,D,2024-08-21,310000.00,4.170143,106.0703125
08:00:51,912810UB2,TSRYS5810883,D,S,T,2024-08-21,1000000.00,4.182537,105.8984375
08:00:52,912810UB2,TSRYS5810883,D,S,T,2024-08-21,1000000.00,4.177471,105.968648
08:00:52,912810UB2,TSRYS5810883,D,S,T,2024-08-21,1000000.00,4.177471,105.968648
08:00:52,912810UB2,TSRYS5810883,D,S,T,2024-08-21,1000000.00,4.177471,105.968648
08:00:52,912810UB2,TSRYS5810883,D,S,T,2024-08-21,1000000.00,4.177471,105.968648
08:00:52,912810UB2,TSRYS5810883,D,S,T,2024-08-21,1000000.00,4.177471,105.968648
08:00:52,912810UB2,TSRYS5810883,D,S,T,2024-08-21,1000000.00,4.177471,105.968648
08:00:52,912810UB2,TSRYS5810883,D,S,T,2024-08-21,1000000.00,4.177471,105.968648
08:00:52,912810UB2,TSRYS5810883,D,S,T,2024-08-21,1000000.00,4.177471,105.968648
08:00:52,912810UB2,TSRYS5810883,D,S,T,2024-08-21,1000000.00,4.177471,105.968648
08:00:52,912810UB2,TSRYS5810883,D,S,T,2024-08-21,1000000.00,4.177471,105.968648
08:00:52,912810UB2,TSRYS5810883,D,S,C,2024-08-21,250000.00,4.182508,105.8988375
08:00:52,912810UB2,TSRYS5810883,D,S,A,2024-08-21,148000.00,4.1831,105.890625
08:00:52,912810UB2,TSRYS5810883,D,S,A,2024-08-21,720000.00,4.183946,105.87890625
08:00:54,912810UB2,TSRYS5810883,D,S,T,2024-08-21,1000000.00,4.184229,105.875
08:00:54,912810UB2,TSRYS5810883,D,S,T,2024-08-21,1000000.00,4.184229,105.875
08:00:54,912810UB2,TSRYS5810883,D,S,T,2024-08-21,1000000.00,4.1831,105.890625
08:00:54,912810UB2,TSRYS5810883,D,S,T,2024-08-21,1000000.00,4.184229,105.875
08:00:54,912810UB2,TSRYS5810883,D,S,T,2024-08-21,5000000.00,4.184229,105.875
08:00:57,912810UB2,TSRYS5810883,D,S,D,2024-08-21,250000.00,,105.8988375
08:00:57,912810UB2,TSRYS5810883,D,S,C,2024-08-21,36115000.00,4.183664,105.8828125
08:00:58,912810UB2,TSRYS5810883,D,B,A,2024-08-21,220000.00,4.185075,105.86328125
08:01:02,912810UB2,TSRYS5810883,D,B,A,2024-08-21,3400000.00,4.186485,105.84375
08:01:02,912810UB2,TSRYS5810883,D,S,D,2024-08-21,1000000.00,4.176337,105.984375
08:01:02,912810UB2,TSRYS5810883,D,S,D,2024-08-21,1000000.00,4.174929,106.00390625
08:01:02,912810UB2,TSRYS5810883,D,B,C,2024-08-21,1000000.00,4.17521,106.0
08:01:02,912810UB2,TSRYS5810883,D,B,C,2024-08-21,1000000.00,4.174929,106.00390625
08:01:02,912810UB2,TSRYS5810883,D,B,C,2024-08-21,1000000.00,4.17521,106.0
08:01:02,912810UB2,TSRYS5810883,D,S,D,2024-08-21,1000000.00,4.17521,106.0
08:01:02,912810UB2,TSRYS5810883,D,S,D,2024-08-21,1000000.00,4.17521,106.0
08:01:02,912810UB2,TSRYS5810883,D,S,D,2024-08-21,1000000.00,4.17521,106.0
08:01:02,912810UB2,TSRYS5810883,D,S,D,2024-08-21,1000000.00,4.17521,106.0
08:01:02,912810UB2,TSRYS5810883,D,B,C,2024-08-21,1000000.00,4.17521,106.0
08:01:02,912810UB2,TSRYS5810883,D,B,C,2024-08-21,1000000.00,4.17521,106.0
08:01:02,912810UB2,TSRYS5810883,D,S,C,2024-08-21,1000000.00,4.17521,106.0
08:01:02,912810UB2,TSRYS5810883,D,B,C,2024-08-21,1000000.00,4.17521,106.0
08:01:02,912810UB2,TSRYS5810883,D,B,C,2024-08-21,1000000.00,4.17521,106.0
08:01:02,912810UB2,TSRYS5810883,D,B,C,2024-08-21,1000000.00,4.17521,106.0
08:01:02,912810UB2,TSRYS5810883,D,S,D,2024-08-21,1000000.00,4.17521,106.0
08:01:02,912810UB2,TSRYS5810883,D,S,D,2024-08-21,1000000.00,4.17521,106.0
08:01:02,912810UB2,TSRYS5810883,D,S,D,2024-08-21,1000000.00,4.17521,106.0
08:01:02,912810UB2,TSRYS5810883,D,B,C,2024-08-21,1000000.00,4.17521,106.0
08:01:02,912810UB2,TSRYS5810883,D,B,C,2024-08-21,1000000.00,4.179436,105.94140625
08:01:02,912810UB2,TSRYS5810883,D,B,C,2024-08-21,1000000.00,4.17521,106.0
08:01:02,912810UB2,TSRYS5810883,D,S,D,2024-08-21,1000000.00,4.17521,106.0
08:01:02,912810UB2,TSRYS5810883,D,S,D,2024-08-21,1000000.00,4.178309,105.95703125
08:01:02,912810UB2,TSRYS5810883,D,B,C,2024-08-21,1000000.00,4.17521,106.0
08:01:02,912810UB2,TSRYS5810883,D,S,C,2024-08-21,1000000.00,4.17521,106.0
08:01:02,912810UB2,TSRYS5810883,D,S,C,2024-08-21,1000000.00,4.179436,105.94140625
08:01:02,912810UB2,TSRYS5810883,D,S,C,2024-08-21,1000000.00,4.179154,105.9453125
08:01:02,912810UB2,TSRYS5810883,D,S,C,2024-08-21,1000000.00,4.180563,105.92578125
08:01:02,912810UB2,TSRYS5810883,D,B,C,2024-08-21,1000000.00,4.177463,105.96875
08:01:02,912810UB2,TSRYS5810883,D,S,C,2024-08-21,1000000.00,4.177463,105.96875
08:01:02,912810UB2,TSRYS5810883,D,B,C,2024-08-21,1000000.00,4.170988,106.05859375
08:01:02,912810UB2,TSRYS5810883,D,S,C,2024-08-21,1000000.00,4.170988,106.05859375
08:01:02,912810UB2,TSRYS5810883,D,B,C,2024-08-21,1000000.00,4.173239,106.02734375
08:01:02,912810UB2,TSRYS5810883,D,S,C,2024-08-21,1000000.00,4.173239,106.02734375
08:01:03,912810UB2,TSRYS5810883,D,B,C,2024-08-21,1035000.00,4.183382,105.88671875
08:01:03,912810UB2,TSRYS5810883,D,S,D,2024-08-21,1000000.00,4.185639,105.85546875
08:01:03,912810UB2,TSRYS5810883,D,S,D,2024-08-21,1000000.00,4.182537,105.8984375
08:01:03,912810UB2,TSRYS5810883,D,S,D,2024-08-21,1000000.00,4.188461,105.81640625
08:01:03,912810UB2,TSRYS5810883,D,S,C,2024-08-21,1000000.00,4.179999,105.93359375
08:01:03,912810UB2,TSRYS5810883,D,S,D,2024-08-21,1000000.00,4.180845,105.921875
08:01:03,912810UB2,TSRYS5810883,D,S,D,2024-08-21,1000000.00,4.188743,105.8125
08:01:03,912810UB2,TSRYS5810883,D,S,D,2024-08-21,1000000.00,4.181127,105.91796875
08:01:03,912810UB2,TSRYS5810883,D,S,D,2024-08-21,1000000.00,4.185075,105.86328125
08:01:03,912810UB2,TSRYS5810883,D,S,D,2024-08-21,1000000.00,4.183946,105.87890625
08:01:03,912810UB2,TSRYS5810883,D,S,D,2024-08-21,1000000.00,4.184793,105.8671875
08:01:03,912810UB2,TSRYS5810883,D,S,C,2024-08-21,1000000.00,4.185639,105.85546875
08:01:03,912810UB2,TSRYS5810883,D,B,C,2024-08-21,1000000.00,4.185639,105.85546875
08:01:05,912810UB2,TSRYS5810883,D,S,T,2024-08-21,1000000.00,4.187623,105.828
08:01:05,912810UB2,TSRYS5810883,D,S,T,2024-08-21,1000000.00,4.18763,105.827898
08:01:05,912810UB2,TSRYS5810883,D,S,T,2024-08-21,1000000.00,4.18763,105.827898
08:01:07,912810UB2,TSRYS5810883,D,S,T,2024-08-21,1000000.00,4.184229,105.875
08:01:07,912810UB2,TSRYS5810883,D,S,T,2024-08-21,1000000.00,4.184229,105.875
08:01:07,912810UB2,TSRYS5810883,D,S,A,2024-08-21,5000000.00,4.181691,105.91015625
08:01:08,912810UB2,TSRYS5810883,D,B,C,2024-08-21,1000000.00,4.17521,106.0
08:01:08,912810UB2,TSRYS5810883,D,S,D,2024-08-21,1000000.00,4.17521,106.0
08:01:08,912810UB2,TSRYS5810883,D,B,A,2024-08-21,527000.00,4.1831,105.890625
08:01:09,912810UB2,TSRYS5810883,D,S,T,2024-08-21,1000000.00,4.184229,105.875
08:01:09,912810UB2,TSRYS5810883,D,S,T,2024-08-21,1000000.00,4.184229,105.875
08:01:09,912810UB2,TSRYS5810883,D,S,D,2024-08-21,2000000.00,4.182537,105.8984375
08:01:10,912810UB2,TSRYS5810883,D,S,C,2024-08-21,1000000.00,4.177745,105.96484375
08:01:11,912810UB2,TSRYS5810883,D,S,T,2024-08-21,1000000.00,4.185357,105.859375
08:01:11,912810UB2,TSRYS5810883,D,S,T,2024-08-21,1000000.00,4.184229,105.875
08:01:11,912810UB2,TSRYS5810883,D,S,T,2024-08-21,1000000.00,4.18578,105.853515625
08:01:11,912810UB2,TSRYS5810883,D,S,T,2024-08-21,1000000.00,4.185357,105.859375
08:01:11,912810UB2,TSRYS5810883,D,S,T,2024-08-21,2000000.00,4.187621,105.828025
08:01:11,912810UB2,TSRYS5810883,D,S,T,2024-08-21,2000000.00,4.187614,105.828125
08:01:11,912810UB2,TSRYS5810883,D,S,T,2024-08-21,2000000.00,4.187903,105.82411875
08:01:11,912810UB2,TSRYS5810883,D,S,T,2024-08-21,1000000.00,4.187755,105.826171875
08:01:11,912810UB2,TSRYS5810883,D,S,T,2024-08-21,1000000.00,4.183523,105.884765625
08:01:11,912810UB2,TSRYS5810883,D,S,T,2024-08-21,1000000.00,4.183523,105.884765625
08:01:11,912810UB2,TSRYS5810883,D,S,T,2024-08-21,1000000.00,4.183523,105.884765625
08:01:11,912810UB2,TSRYS5810883,D,S,T,2024-08-21,1000000.00,4.184229,105.875
08:01:11,912810UB2,TSRYS5810883,D,S,T,2024-08-21,1000000.00,4.184229,105.875
08:01:12,912810UB2,TSRYS5810883,D,S,T,2024-08-21,1000000.00,4.184229,105.875
08:01:12,912810UB2,TSRYS5810883,D,S,D,2024-08-21,500000.00,4.182255,105.90234375
08:01:12,912810UB2,TSRYS5810883,D,S,D,2024-08-21,15000000.00,4.188566,105.8149531
08:01:12,912810UB2,TSRYS5810883,D,S,A,2024-08-21,14700.00,4.181653,105.91015625
08:01:12,912810UB2,TSRYS5810883,D,S,A,2024-08-21,3800.00,4.185038,105.86328125
08:01:12,912810UB2,TSRYS5810883,D,S,A,2024-08-21,100000.00,4.185602,105.85546875
08:01:12,912810UB2,TSRYS5810883,D,S,C,2024-08-21,20000000.00,4.181809,105.9085219
08:01:13,912810UB2,TSRYS5810883,D,S,C,2024-08-21,15000000.00,4.177311,105.97086
08:01:13,912810UB2,TSRYS5810883,D,S,C,2024-08-21,1000000.00,4.185921,105.8515625
08:01:14,912810UB2,TSRYS5810883,D,S,C,2024-08-21,1000000.00,4.182537,105.8984375
08:01:14,912810UB2,TSRYS5810883,D,S,D,2024-08-21,1000000.00,4.1831,105.890625
08:01:14,912810UB2,TSRYS5810883,D,S,C,2024-08-21,1000000.00,4.183664,105.8828125
08:01:15,912810UB2,TSRYS5810883,D,S,A,2024-08-21,100000.00,4.181973,105.90625
08:01:15,912810UB2,TSRYS5810883,D,S,T,2024-08-21,1000000.00,4.178309,105.95703125
08:01:15,912810UB2,TSRYS5810883,D,S,T,2024-08-21,1000000.00,4.184229,105.875
08:01:16,912810UB2,TSRYS5810883,D,S,D,2024-08-21,18000000.00,4.178627,105.95262
08:01:17,912810UB2,TSRYS5810883,D,S,D,2024-08-21,1000000.00,4.176196,105.986328125
08:01:17,912810UB2,TSRYS5810883,D,S,D,2024-08-21,1000000.00,4.17845,105.95507812
08:01:19,912810UB2,TSRYS5810883,D,S,D,2024-08-21,1000000.00,4.178309,105.95703125
08:01:19,912810UB2,TSRYS5810883,D,S,D,2024-08-21,1000000.00,4.174225,106.01367187
08:01:19,912810UB2,TSRYS5810883,D,S,D,2024-08-21,1000000.00,4.177745,105.96484375
08:01:19,912810UB2,TSRYS5810883,D,S,T,2024-08-21,1000000.00,4.184229,105.875
08:01:20,912810UB2,TSRYS5810883,D,S,T,2024-08-21,1000000.00,4.184229,105.875
08:01:21,912810UB2,TSRYS5810883,D,S,T,2024-08-21,1000000.00,4.184229,105.875
08:01:21,912810UB2,TSRYS5810883,D,S,D,2024-08-21,1000000.00,4.178309,105.95703125
08:01:21,912810UB2,TSRYS5810883,D,B,A,2024-08-21,5000000.00,4.1769,105.9765625
08:01:21,912810UB2,TSRYS5810883,D,S,T,2024-08-21,1000000.00,4.184229,105.875
08:01:22,912810UB2,TSRYS5810883,D,S,T,2024-08-21,1000000.00,4.184229,105.875
08:01:22,912810UB2,TSRYS5810883,D,S,A,2024-08-21,100000.00,4.175736,105.9921875
08:01:22,912810UB2,TSRYS5810883,D,S,A,2024-08-21,2000.00,4.178553,105.953125
08:01:22,912810UB2,TSRYS5810883,D,S,A,2024-08-21,11900.00,4.179116,105.9453125
08:01:22,912810UB2,TSRYS5810883,D,S,T,2024-08-21,1000000.00,4.184229,105.875
08:01:23,912810UB2,TSRYS5810883,D,S,A,2024-08-21,4000.00,4.173483,106.0234375
08:01:23,912810UB2,TSRYS5810883,D,S,D,2024-08-21,1000000.00,4.177182,105.97265625
08:01:23,912810UB2,TSRYS5810883,D,S,D,2024-08-21,2000000.00,4.174084,106.015625
08:01:23,912810UB2,TSRYS5810883,D,S,A,2024-08-21,19100.00,4.171794,106.046875
08:01:24,912810UB2,TSRYS5810883,D,S,T,2024-08-21,1000000.00,4.184229,105.875
08:01:24,912810UB2,TSRYS5810883,D,S,T,2024-08-21,1000000.00,4.184229,105.875
08:01:24,912810UB2,TSRYS5810883,D,S,A,2024-08-21,100000.00,4.177144,105.97265625
08:01:24,912810UB2,TSRYS5810883,D,S,A,2024-08-21,19000.00,4.178553,105.953125
08:01:25,912810UB2,TSRYS5810883,D,S,D,2024-08-21,10000000.00,4.178783,105.95046
08:01:25,912810UB2,TSRYS5810883,D,S,A,2024-08-21,106500.00,4.178835,105.94921875
08:01:25,912810UB2,TSRYS5810883,D,S,A,2024-08-21,100000.00,4.179116,105.9453125
08:01:25,912810UB2,TSRYS5810883,D,S,A,2024-08-21,61000.00,4.179398,105.94140625
08:01:26,912810UB2,TSRYS5810883,D,S,D,2024-08-21,1000000.00,4.184229,105.875
08:01:26,912810UB2,TSRYS5810883,D,S,C,2024-08-21,2000000.00,4.179154,105.9453125
08:01:26,912810UB2,TSRYS5810883,D,S,T,2024-08-21,1000000.00,4.184229,105.875
08:01:26,912810UB2,TSRYS5810883,D,S,T,2024-08-21,1000000.00,4.184229,105.875
08:01:26,912810UB2,TSRYS5810883,D,S,T,2024-08-21,1000000.00,4.184229,105.875
08:01:26,912810UB2,TSRYS5810883,D,S,T,2024-08-21,1000000.00,4.184229,105.875
08:01:27,912810UB2,TSRYS5810883,D,S,A,2024-08-21,2000000.00,4.184229,105.875
08:01:27,912810UB2,TSRYS5810883,D,S,D,2024-08-21,1000000.00,4.177745,105.96484375
08:01:27,912810UB2,TSRYS5810883,D,S,T,2024-08-21,1000000.00,4.184229,105.875
08:01:28,912810UB2,TSRYS5810883,D,S,A,2024-08-21,1000.00,4.177182,105.97265625
08:01:28,912810UB2,TSRYS5810883,D,S,A,2024-08-21,2300.00,4.172357,106.0390625
08:01:28,912810UB2,TSRYS5810883,D,S,T,2024-08-21,1000000.00,4.183664,105.8828125
08:01:28,912810UB2,TSRYS5810883,D,S,A,2024-08-21,2000000.00,4.1831,105.890625
08:01:28,912810UB2,TSRYS5810883,D,B,A,2024-08-21,50000.00,4.182537,105.8984375
08:01:28,912810UB2,TSRYS5810883,D,S,T,2024-08-21,1000000.00,4.185368,105.859225
08:01:28,912810UB2,TSRYS5810883,D,S,T,2024-08-21,1000000.00,4.185357,105.859375
08:01:28,912810UB2,TSRYS5810883,D,S,T,2024-08-21,2000000.00,4.185921,105.8515625
08:01:28,912810UB2,TSRYS5810883,D,S,T,2024-08-21,1000000.00,4.185357,105.859375
08:01:28,912810UB2,TSRYS5810883,D,S,T,2024-08-21,2000000.00,4.185921,105.8515625
08:01:28,912810UB2,TSRYS5810883,D,S,T,2024-08-21,1000000.00,4.185368,105.859225
08:01:28,912810UB2,TSRYS5810883,D,S,T,2024-08-21,1000000.00,4.187614,105.828125
08:01:28,912810UB2,TSRYS5810883,D,S,T,2024-08-21,2000000.00,4.187614,105.828125
08:01:28,912810UB2,TSRYS5810883,D,S,T,2024-08-21,1000000.00,4.187614,105.828125
08:01:28,912810UB2,TSRYS5810883,D,S,T,2024-08-21,2000000.00,4.187625,105.827975
08:01:29,912810UB2,TSRYS5810883,D,S,A,2024-08-21,2000.00,4.180244,105.9296875
08:01:29,912810UB2,TSRYS5810883,D,S,T,2024-08-21,2000000.00,4.188461,105.81640625
08:01:29,912810UB2,TSRYS5810883,D,S,T,2024-08-21,2000000.00,4.187896,105.82421875
08:01:29,912810UB2,TSRYS5810883,D,S,T,2024-08-21,2000000.00,4.187896,105.82421875
08:01:29,912810UB2,TSRYS5810883,D,S,D,2024-08-21,1000000.00,4.187896,105.82421875
08:01:29,912810UB2,TSRYS5810883,D,S,T,2024-08-21,2000000.00,4.187896,105.82421875
08:01:29,912810UB2,TSRYS5810883,D,S,T,2024-08-21,2000000.00,4.187896,105.82421875
08:01:29,912810UB2,TSRYS5810883,D,S,T,2024-08-21,2000000.00,4.187896,105.82421875
08:01:29,912810UB2,TSRYS5810883,D,S,T,2024-08-21,1000000.00,4.187896,105.82421875
08:01:29,912810UB2,TSRYS5810883,D,S,D,2024-08-21,500000.00,4.181973,105.90625
08:01:30,912810UB2,TSRYS5810883,D,S,A,2024-08-21,2000.00,4.186448,105.84375
08:01:30,912810UB2,TSRYS5810883,D,S,D,2024-08-21,185000.00,4.180845,105.921875
08:01:30,912810UB2,TSRYS5810883,D,S,T,2024-08-21,2000000.00,4.184229,105.875
08:01:30,912810UB2,TSRYS5810883,D,S,T,2024-08-21,1000000.00,4.184229,105.875
08:01:31,912810UB2,TSRYS5810883,D,S,D,2024-08-21,1000000.00,4.178309,105.95703125
08:01:33,912810UB2,TSRYS5810883,D,S,T,2024-08-21,1000000.00,4.178168,105.95898437
08:01:33,912810UB2,TSRYS5810883,D,S,D,2024-08-21,1000000.00,4.185921,105.8515625
08:01:33,912810UB2,TSRYS5810883,D,S,D,2024-08-21,1000000.00,4.178309,105.95703125
08:01:34,912810UB2,TSRYS5810883,D,S,T,2024-08-21,1000000.00,4.185075,105.86328125
08:01:34,912810UB2,TSRYS5810883,D,B,A,2024-08-21,10000000.00,4.184229,105.875
08:01:34,912810UB2,TSRYS5810883,D,S,T,2024-08-21,1000000.00,4.177745,105.96484375
08:01:35,912810UB2,TSRYS5810883,D,S,D,2024-08-21,1000000.00,4.177745,105.96484375
08:01:35,912810UB2,TSRYS5810883,D,S,D,2024-08-21,1000000.00,4.179154,105.9453125
08:01:35,912810UB2,TSRYS5810883,D,S,D,2024-08-21,2000000.00,4.177745,105.96484375
08:01:36,912810UB2,TSRYS5810883,D,S,D,2024-08-21,2000000.00,4.17845,105.95507812
08:01:36,912810UB2,TSRYS5810883,D,S,D,2024-08-21,1000000.00,4.177745,105.96484375
08:01:37,912810UB2,TSRYS5810883,D,S,D,2024-08-21,1000000.00,4.178309,105.95703125
08:01:37,912810UB2,TSRYS5810883,D,S,D,2024-08-21,1000000.00,4.177745,105.96484375
08:01:37,912810UB2,TSRYS5810883,D,S,T,2024-08-21,1000000.00,4.178309,105.95703125
08:01:37,912810UB2,TSRYS5810883,D,S,D,2024-08-21,1000000.00,4.178168,105.95898437
08:01:38,912810UB2,TSRYS5810883,D,S,D,2024-08-21,1000000.00,4.178309,105.95703125
08:01:38,912810UB2,TSRYS5810883,D,S,T,2024-08-21,1000000.00,4.178309,105.95703125
08:01:40,912810UB2,TSRYS5810883,D,S,A,2024-08-21,8400000.00,4.1831,105.890625
08:01:40,912810UB2,TSRYS5810883,D,S,T,2024-08-21,1000000.00,4.183664,105.8828125
08:01:41,912810UB2,TSRYS5810883,D,S,D,2024-08-21,1000000.00,4.176337,105.984375
08:01:41,912810UB2,TSRYS5810883,D,S,D,2024-08-21,1000000.00,4.176337,105.984375
08:01:41,912810UB2,TSRYS5810883,D,S,T,2024-08-21,1000000.00,4.176196,105.986328125
08:01:46,912810UB2,TSRYS5810883,D,S,D,2024-08-21,1000000.00,4.177463,105.96875
08:01:46,912810UB2,TSRYS5810883,D,S,D,2024-08-21,2000000.00,4.1769,105.9765625
08:01:46,912810UB2,TSRYS5810883,D,S,D,2024-08-21,1000000.00,4.177463,105.96875
08:01:46,912810UB2,TSRYS5810883,D,S,C,2024-08-21,1000000.00,4.17859,105.953125
08:01:46,912810UB2,TSRYS5810883,D,S,D,2024-08-21,1000000.00,4.179718,105.9375
08:01:46,912810UB2,TSRYS5810883,D,S,D,2024-08-21,1000000.00,4.179718,105.9375
08:01:46,912810UB2,TSRYS5810883,D,S,D,2024-08-21,1000000.00,4.179718,105.9375
08:01:46,912810UB2,TSRYS5810883,D,S,D,2024-08-21,1000000.00,4.178027,105.9609375
08:01:46,912810UB2,TSRYS5810883,D,S,D,2024-08-21,1000000.00,4.179718,105.9375
08:01:46,912810UB2,TSRYS5810883,D,B,C,2024-08-21,1000000.00,4.179718,105.9375
08:01:46,912810UB2,TSRYS5810883,D,S,D,2024-08-21,1000000.00,4.179718,105.9375
08:01:46,912810UB2,TSRYS5810883,D,S,D,2024-08-21,1000000.00,4.179718,105.9375
08:01:47,912810UB2,TSRYS5810883,D,S,T,2024-08-21,1000000.00,4.177473,105.96862
08:01:47,912810UB2,TSRYS5810883,D,S,T,2024-08-21,1000000.00,4.177473,105.96862
08:01:51,912810UB2,TSRYS5810883,D,S,D,2024-08-21,10000.00,4.182001,105.90585
08:01:51,912810UB2,TSRYS5810883,D,B,C,2024-08-21,10000.00,4.182001,105.85585
08:01:52,912810UB2,TSRYS5810883,D,S,T,2024-08-21,1000000.00,4.174084,106.015625
08:01:54,912810UB2,TSRYS5810883,D,S,T,2024-08-21,1000000.00,4.182255,105.90234375
08:01:56,912810UB2,TSRYS5810883,D,S,T,2024-08-21,1000000.00,4.184087,105.876953125
08:01:56,912810UB2,TSRYS5810883,D,S,T,2024-08-21,1000000.00,4.184229,105.875
08:01:56,912810UB2,TSRYS5810883,D,S,T,2024-08-21,1000000.00,4.184236,105.874898
08:01:56,912810UB2,TSRYS5810883,D,S,T,2024-08-21,1000000.00,4.185364,105.859273
08:01:57,912810UB2,TSRYS5810883,D,S,A,2024-08-21,1000000.00,4.180845,105.921875
08:01:58,912810UB2,TSRYS5810883,D,S,T,2024-08-21,5000000.00,4.185075,105.86328125
08:01:58,912810UB2,TSRYS5810883,D,S,T,2024-08-21,1000000.00,4.185075,105.86328125
08:01:58,912810UB2,TSRYS5810883,D,S,D,2024-08-21,1000000.00,4.177886,105.962890625
08:01:58,912810UB2,TSRYS5810883,D,S,D,2024-08-21,1000000.00,4.177463,105.96875
08:01:58,912810UB2,TSRYS5810883,D,S,D,2024-08-21,1000000.00,4.177745,105.96484375
08:01:58,912810UB2,TSRYS5810883,D,B,C,2024-08-21,1000000.00,4.177041,105.974609375
08:01:58,912810UB2,TSRYS5810883,D,S,D,2024-08-21,1000000.00,4.177041,105.974609375
08:01:58,912810UB2,TSRYS5810883,D,B,C,2024-08-21,1000000.00,4.177041,105.974609375
08:01:58,912810UB2,TSRYS5810883,D,S,D,2024-08-21,1000000.00,4.177041,105.974609375
08:01:59,912810UB2,TSRYS5810883,D,S,D,2024-08-21,1000000.00,4.178168,105.958984375
08:01:59,912810UB2,TSRYS5810883,D,S,D,2024-08-21,1000000.00,4.178309,105.95703125
08:01:59,912810UB2,TSRYS5810883,D,S,D,2024-08-21,1000000.00,4.178309,105.95703125
08:01:59,912810UB2,TSRYS5810883,D,S,D,2024-08-21,30000000.00,4.177787,105.96426
08:01:59,912810UB2,TSRYS5810883,D,S,D,2024-08-21,1000000.00,4.178309,105.95703125
08:02:01,912810UB2,TSRYS5810883,D,S,T,2024-08-21,2000000.00,4.183664,105.8828125
08:02:01,912810UB2,TSRYS5810883,D,S,D,2024-08-21,1000000.00,4.183664,105.8828125
08:02:01,912810UB2,TSRYS5810883,D,S,T,2024-08-21,1000000.00,4.183664,105.8828125
08:02:02,912810UB2,TSRYS5810883,D,B,C,2024-08-21,1000000.00,4.169595,106.077925
08:02:02,912810UB2,TSRYS5810883,D,B,C,2024-08-21,1000000.00,4.169592,106.077975
08:02:02,912810UB2,TSRYS5810883,D,S,T,2024-08-21,1000000.00,4.183664,105.8828125
08:02:02,912810UB2,TSRYS5810883,D,S,C,2024-08-21,1000000.00,4.169581,106.078125
08:02:02,912810UB2,TSRYS5810883,D,S,T,2024-08-21,1000000.00,4.183805,105.880859375
08:02:02,912810UB2,TSRYS5810883,D,S,T,2024-08-21,1000000.00,4.183805,105.880859375
08:02:02,912810UB2,TSRYS5810883,D,S,A,2024-08-21,1000000.00,4.176055,105.98828125
08:02:02,912810UB2,TSRYS5810883,D,S,C,2024-08-21,1000000.00,4.169568,106.0783
08:02:03,912810UB2,TSRYS5810883,D,S,C,2024-08-21,1000000.00,4.169566,106.078325
08:02:03,912810UB2,TSRYS5810883,D,S,T,2024-08-21,1000000.00,4.181691,105.91015625
08:02:03,912810UB2,TSRYS5810883,D,S,T,2024-08-21,1000000.00,4.172958,106.03125
08:02:03,912810UB2,TSRYS5810883,D,S,T,2024-08-21,1000000.00,4.176337,105.984375
08:02:03,912810UB2,TSRYS5810883,D,S,T,2024-08-21,1000000.00,4.17521,106.0
08:02:03,912810UB2,TSRYS5810883,D,S,T,2024-08-21,1000000.00,4.17521,106.0
08:02:03,912810UB2,TSRYS5810883,D,S,T,2024-08-21,1000000.00,4.174084,106.015625
08:02:03,912810UB2,TSRYS5810883,D,S,T,2024-08-21,1000000.00,4.183664,105.8828125
08:02:03,912810UB2,TSRYS5810883,D,S,T,2024-08-21,1000000.00,4.174084,106.015625
08:02:03,912810UB2,TSRYS5810883,D,S,T,2024-08-21,1000000.00,4.172958,106.03125
08:02:03,912810UB2,TSRYS5810883,D,S,T,2024-08-21,1000000.00,4.177463,105.96875
08:02:03,912810UB2,TSRYS5810883,D,S,T,2024-08-21,1000000.00,4.179718,105.9375
08:02:03,912810UB2,TSRYS5810883,D,S,T,2024-08-21,2000000.00,4.179718,105.9375
08:02:03,912810UB2,TSRYS5810883,D,S,D,2024-08-21,2000000.00,4.177182,105.97265625
08:02:03,912810UB2,TSRYS5810883,D,S,D,2024-08-21,1000000.00,4.177182,105.97265625
08:02:03,912810UB2,TSRYS5810883,D,S,T,2024-08-21,1000000.00,4.177463,105.96875
08:02:03,912810UB2,TSRYS5810883,D,S,D,2024-08-21,1000000.00,4.177182,105.97265625
08:02:03,912810UB2,TSRYS5810883,D,S,T,2024-08-21,1000000.00,4.17859,105.953125
08:02:03,912810UB2,TSRYS5810883,D,S,T,2024-08-21,1000000.00,4.176337,105.984375
08:02:03,912810UB2,TSRYS5810883,D,S,T,2024-08-21,1000000.00,4.176337,105.984375
08:02:03,912810UB2,TSRYS5810883,D,S,T,2024-08-21,1000000.00,4.183664,105.8828125
08:02:03,912810UB2,TSRYS5810883,D,B,C,2024-08-21,1000000.00,4.169592,106.077975
08:02:03,912810UB2,TSRYS5810883,D,S,T,2024-08-21,1000000.00,4.17521,106.0
08:02:03,912810UB2,TSRYS5810883,D,S,T,2024-08-21,1000000.00,4.177463,105.96875
08:02:03,912810UB2,TSRYS5810883,D,S,T,2024-08-21,1000000.00,4.180845,105.921875
08:02:03,912810UB2,TSRYS5810883,D,S,T,2024-08-21,1000000.00,4.179718,105.9375
08:02:03,912810UB2,TSRYS5810883,D,S,T,2024-08-21,2000000.00,4.179859,105.935546875
08:02:03,912810UB2,TSRYS5810883,D,S,T,2024-08-21,2000000.00,4.175914,105.990234375
08:02:03,912810UB2,TSRYS5810883,D,S,T,2024-08-21,1000000.00,4.175773,105.9921875
08:02:03,912810UB2,TSRYS5810883,D,S,T,2024-08-21,1000000.00,4.176337,105.984375
08:02:03,912810UB2,TSRYS5810883,D,S,T,2024-08-21,1000000.00,4.181973,105.90625
08:02:03,912810UB2,TSRYS5810883,D,S,T,2024-08-21,1000000.00,4.183382,105.88671875
08:02:03,912810UB2,TSRYS5810883,D,S,T,2024-08-21,1000000.00,4.188602,105.814453125
08:02:03,912810UB2,TSRYS5810883,D,S,T,2024-08-21,2000000.00,4.188602,105.814453125
08:02:03,912810UB2,TSRYS5810883,D,S,T,2024-08-21,1000000.00,4.188461,105.81640625
08:02:03,912810UB2,TSRYS5810883,D,S,T,2024-08-21,1000000.00,4.188461,105.81640625
08:02:03,912810UB2,TSRYS5810883,D,S,T,2024-08-21,1000000.00,4.186767,105.83984375
08:02:03,912810UB2,TSRYS5810883,D,S,T,2024-08-21,1000000.00,4.187614,105.828125
08:02:03,912810UB2,TSRYS5810883,D,S,T,2024-08-21,1000000.00,4.188743,105.8125
08:02:03,912810UB2,TSRYS5810883,D,S,C,2024-08-21,1000000.00,4.169566,106.078325
08:02:03,912810UB2,TSRYS5810883,D,S,T,2024-08-21,1000000.00,4.187614,105.828125
08:02:03,912810UB2,TSRYS5810883,D,S,T,2024-08-21,1000000.00,4.186485,105.84375
08:02:03,912810UB2,TSRYS5810883,D,S,T,2024-08-21,1000000.00,4.185357,105.859375
08:02:03,912810UB2,TSRYS5810883,D,S,T,2024-08-21,2000000.00,4.184652,105.869140625
08:02:03,912810UB2,TSRYS5810883,D,S,T,2024-08-21,1000000.00,4.184511,105.87109375
08:02:03,912810UB2,TSRYS5810883,D,S,T,2024-08-21,1000000.00,4.180845,105.921875
08:02:03,912810UB2,TSRYS5810883,D,S,T,2024-08-21,1000000.00,4.179718,105.9375
08:02:03,912810UB2,TSRYS5810883,D,S,T,2024-08-21,1000000.00,4.180845,105.921875
08:02:03,912810UB2,TSRYS5810883,D,S,T,2024-08-21,1000000.00,4.179718,105.9375
08:02:03,912810UB2,TSRYS5810883,D,S,T,2024-08-21,1000000.00,4.1831,105.890625
08:02:03,912810UB2,TSRYS5810883,D,S,T,2024-08-21,1000000.00,4.1831,105.890625
08:02:03,912810UB2,TSRYS5810883,D,S,T,2024-08-21,1000000.00,4.183382,105.88671875
08:02:03,912810UB2,TSRYS5810883,D,S,T,2024-08-21,1000000.00,4.183241,105.888671875
08:02:03,912810UB2,TSRYS5810883,D,S,T,2024-08-21,1000000.00,4.1831,105.890625
08:02:03,912810UB2,TSRYS5810883,D,S,T,2024-08-21,1000000.00,4.186485,105.84375
08:02:03,912810UB2,TSRYS5810883,D,S,T,2024-08-21,1000000.00,4.185357,105.859375
08:02:03,912810UB2,TSRYS5810883,D,S,T,2024-08-21,1000000.00,4.185498,105.857421875
08:02:03,912810UB2,TSRYS5810883,D,S,D,2024-08-21,1000000.00,4.185075,105.86328125
08:02:03,912810UB2,TSRYS5810883,D,S,T,2024-08-21,1000000.00,4.185357,105.859375
08:02:03,912810UB2,TSRYS5810883,D,S,T,2024-08-21,1000000.00,4.184229,105.875
08:02:03,912810UB2,TSRYS5810883,D,S,D,2024-08-21,1000000.00,4.183946,105.87890625
08:02:03,912810UB2,TSRYS5810883,D,S,T,2024-08-21,2000000.00,4.184229,105.875
08:02:03,912810UB2,TSRYS5810883,D,S,T,2024-08-21,1000000.00,4.184229,105.875
08:02:03,912810UB2,TSRYS5810883,D,S,T,2024-08-21,1000000.00,4.184229,105.875
08:02:03,912810UB2,TSRYS5810883,D,S,D,2024-08-21,1000000.00,4.184793,105.8671875
08:02:03,912810UB2,TSRYS5810883,D,S,T,2024-08-21,1000000.00,4.184229,105.875
08:02:03,912810UB2,TSRYS5810883,D,S,T,2024-08-21,1000000.00,4.184229,105.875
08:02:03,912810UB2,TSRYS5810883,D,S,T,2024-08-21,1000000.00,4.18578,105.853515625
08:02:03,912810UB2,TSRYS5810883,D,S,T,2024-08-21,1000000.00,4.185921,105.8515625
08:02:03,912810UB2,TSRYS5810883,D,B,C,2024-08-21,1000000.00,4.169592,106.077975
08:02:03,912810UB2,TSRYS5810883,D,B,C,2024-08-21,1000000.00,4.169592,106.077975
08:02:03,912810UB2,TSRYS5810883,D,S,C,2024-08-21,1000000.00,4.169565,106.07835
08:02:03,912810UB2,TSRYS5810883,D,S,C,2024-08-21,1000000.00,4.169566,106.078325
08:02:03,912810UB2,TSRYS5810883,D,B,C,2024-08-21,1000000.00,4.169592,106.077975
08:02:03,912810UB2,TSRYS5810883,D,S,T,2024-08-21,1000000.00,4.187614,105.828125
08:02:03,912810UB2,TSRYS5810883,D,S,T,2024-08-21,1000000.00,4.187755,105.826171875
08:02:03,912810UB2,TSRYS5810883,D,S,T,2024-08-21,1000000.00,4.187755,105.826171875
08:02:03,912810UB2,TSRYS5810883,D,S,T,2024-08-21,1000000.00,4.181973,105.90625
08:02:03,912810UB2,TSRYS5810883,D,S,T,2024-08-21,1000000.00,4.1831,105.890625
08:02:03,912810UB2,TSRYS5810883,D,S,T,2024-08-21,1000000.00,4.1831,105.890625
08:02:03,912810UB2,TSRYS5810883,D,S,D,2024-08-21,1000000.00,4.183523,105.884765625
08:02:03,912810UB2,TSRYS5810883,D,S,T,2024-08-21,1000000.00,4.185216,105.861328125
08:02:03,912810UB2,TSRYS5810883,D,S,D,2024-08-21,1000000.00,4.185216,105.861328125
08:02:03,912810UB2,TSRYS5810883,D,S,D,2024-08-21,2000000.00,4.185216,105.861328125
08:02:03,912810UB2,TSRYS5810883,D,S,D,2024-08-21,145000.00,4.181973,105.90625
08:02:04,912810UB2,TSRYS5810883,D,B,C,2024-08-21,1000000.00,4.16622,106.1248
08:02:04,912810UB2,TSRYS5810883,D,S,C,2024-08-21,1000000.00,4.166206,106.125
08:02:04,912810UB2,TSRYS5810883,D,S,C,2024-08-21,1000000.00,4.165074,106.140725
08:02:04,912810UB2,TSRYS5810883,D,B,C,2024-08-21,1000000.00,4.165096,106.140425
08:02:05,912810UB2,TSRYS5810883,D,S,C,2024-08-21,1000000.00,4.176337,105.984375
08:02:05,912810UB2,TSRYS5810883,D,S,D,2024-08-21,1000000.00,4.1769,105.9765625
08:02:05,912810UB2,TSRYS5810883,D,B,C,2024-08-21,1000000.00,4.1769,105.9765625
08:02:05,912810UB2,TSRYS5810883,D,S,C,2024-08-21,1000000.00,4.177463,105.968925
08:02:05,912810UB2,TSRYS5810883,D,B,C,2024-08-21,1000000.00,4.177463,105.96875
08:02:06,912810UB2,TSRYS5810883,D,S,C,2024-08-21,1000000.00,4.172958,106.03125
08:02:06,912810UB2,TSRYS5810883,D,S,C,2024-08-21,250000.00,4.182508,105.9008375
08:02:07,912810UB2,TSRYS5810883,D,S,C,2024-08-21,1000000.00,4.167331,106.109375
08:02:07,912810UB2,TSRYS5810883,D,B,C,2024-08-21,1000000.00,4.167331,106.109375
08:02:09,912810UB2,TSRYS5810883,D,B,A,2024-08-21,1534000.00,4.177182,105.97265625
08:02:11,912810UB2,TSRYS5810883,D,B,C,2024-08-21,4000000.00,4.17521,106.0
08:02:11,912810UB2,TSRYS5810883,D,S,C,2024-08-21,3000000.00,4.18334,105.8873
08:02:12,912810UB2,TSRYS5810883,D,S,A,2024-08-21,500000.00,4.180563,105.92578125
08:02:12,912810UB2,TSRYS5810883,D,S,T,2024-08-21,1000000.00,4.17845,105.955078125
08:02:12,912810UB2,TSRYS5810883,D,S,T,2024-08-21,1000000.00,4.178731,105.951171875
08:02:12,912810UB2,TSRYS5810883,D,S,T,2024-08-21,1000000.00,4.17859,105.953125
08:02:13,912810UB2,TSRYS5810883,D,S,T,2024-08-21,1000000.00,4.17859,105.953125
08:02:13,912810UB2,TSRYS5810883,D,S,T,2024-08-21,1000000.00,4.178731,105.951171875
08:02:15,912810UB2,TSRYS5810883,D,S,T,2024-08-21,1000000.00,4.187621,105.828025
08:02:16,912810UB2,TSRYS5810883,D,B,C,2024-08-21,1000000.00,4.176337,105.984375
08:02:16,912810UB2,TSRYS5810883,D,S,C,2024-08-21,1000000.00,4.176337,105.984375
08:02:21,912810UB2,TSRYS5810883,D,B,C,2024-08-21,4000000.00,4.177463,105.96875
08:02:21,912810UB2,TSRYS5810883,D,S,D,2024-08-21,1000000.00,4.182537,105.8984375
08:02:21,912810UB2,TSRYS5810883,D,S,C,2024-08-21,1000000.00,4.182537,105.8984375
08:02:21,912810UB2,TSRYS5810883,D,S,T,2024-08-21,1000000.00,4.180845,105.921875
08:02:21,912810UB2,TSRYS5810883,D,S,D,2024-08-21,1000000.00,4.182818,105.89453125
08:02:22,912810UB2,TSRYS5810883,D,S,T,2024-08-21,1000000.00,4.186485,105.84375
08:02:22,912810UB2,TSRYS5810883,D,S,T,2024-08-21,1000000.00,4.186485,105.84375
08:02:22,912810UB2,TSRYS5810883,D,S,T,2024-08-21,1000000.00,4.186485,105.84375
08:02:22,912810UB2,TSRYS5810883,D,S,C,2024-08-21,900000.00,4.174891,106.00390625
08:02:22,912810UB2,TSRYS5810883,D,S,T,2024-08-21,1000000.00,4.186485,105.84375
08:02:22,912810UB2,TSRYS5810883,D,S,T,2024-08-21,1000000.00,4.186485,105.84375
08:02:22,912810UB2,TSRYS5810883,D,S,T,2024-08-21,1000000.00,4.186485,105.84375
08:02:22,912810UB2,TSRYS5810883,D,S,T,2024-08-21,1000000.00,4.186485,105.84375
08:02:22,912810UB2,TSRYS5810883,D,S,T,2024-08-21,1000000.00,4.186485,105.84375
08:02:22,912810UB2,TSRYS5810883,D,S,T,2024-08-21,1000000.00,4.186485,105.84375
08:02:22,912810UB2,TSRYS5810883,D,S,T,2024-08-21,1000000.00,4.186485,105.84375
08:02:22,912810UB2,TSRYS5810883,D,S,T,2024-08-21,1000000.00,4.186485,105.84375
08:02:22,912810UB2,TSRYS5810883,D,S,T,2024-08-21,1000000.00,4.186485,105.84375
08:02:22,912810UB2,TSRYS5810883,D,S,T,2024-08-21,1000000.00,4.186485,105.84375
08:02:22,912810UB2,TSRYS5810883,D,S,T,2024-08-21,1000000.00,4.184229,105.875
08:02:22,912810UB2,TSRYS5810883,D,S,T,2024-08-21,1000000.00,4.184229,105.875
08:02:22,912810UB2,TSRYS5810883,D,S,T,2024-08-21,1000000.00,4.184229,105.875
08:02:22,912810UB2,TSRYS5810883,D,S,T,2024-08-21,1000000.00,4.184229,105.875
08:02:22,912810UB2,TSRYS5810883,D,S,T,2024-08-21,1000000.00,4.184229,105.875
08:02:22,912810UB2,TSRYS5810883,D,S,D,2024-08-21,1000000.00,4.185921,105.8515625
08:02:22,912810UB2,TSRYS5810883,D,S,D,2024-08-21,1000000.00,4.185639,105.85546875
08:02:22,912810UB2,TSRYS5810883,D,S,D,2024-08-21,3000000.00,4.18578,105.85351562
08:02:22,912810UB2,TSRYS5810883,D,S,D,2024-08-21,185000.00,4.181691,105.91015625
08:02:22,912810UB2,TSRYS5810883,D,S,T,2024-08-21,1000000.00,4.185498,105.85742187
08:02:22,912810UB2,TSRYS5810883,D,S,D,2024-08-21,1000000.00,4.185639,105.85546875
08:02:22,912810UB2,TSRYS5810883,D,S,D,2024-08-21,1000000.00,4.185639,105.85546875
08:02:22,912810UB2,TSRYS5810883,D,S,D,2024-08-21,1000000.00,4.185639,105.85546875
08:02:22,912810UB2,TSRYS5810883,D,S,D,2024-08-21,1000000.00,4.185639,105.85546875
08:02:22,912810UB2,TSRYS5810883,D,S,D,2024-08-21,1000000.00,4.185639,105.85546875
08:02:23,912810UB2,TSRYS5810883,D,S,D,2024-08-21,1000000.00,4.184934,105.86523437
08:02:23,912810UB2,TSRYS5810883,D,B,A,2024-08-21,3000000.00,4.183664,105.8828125
08:02:23,912810UB2,TSRYS5810883,D,B,A,2024-08-21,210000.00,4.183382,105.88671875
08:02:23,912810UB2,TSRYS5810883,D,S,D,2024-08-21,1000000.00,4.177886,105.962890625
08:02:23,912810UB2,TSRYS5810883,D,S,C,2024-08-21,5000000.00,4.183946,105.87890625
08:02:23,912810UB2,TSRYS5810883,D,S,D,2024-08-21,1000000.00,4.177886,105.962890625
08:02:23,912810UB2,TSRYS5810883,D,B,C,2024-08-21,909000.00,4.184257,105.8746
08:02:23,912810UB2,TSRYS5810883,D,B,C,2024-08-21,2800000.00,4.1831,105.890625
08:02:23,912810UB2,TSRYS5810883,D,S,D,2024-08-21,900000.00,4.187614,105.828125
08:02:23,912810UB2,TSRYS5810883,D,S,C,2024-08-21,2790000.00,4.225017,105.3125
08:02:23,912810UB2,TSRYS5810883,D,S,D,2024-08-21,2000000.00,4.184652,105.86914062
08:02:23,912810UB2,TSRYS5810883,D,S,D,2024-08-21,1000000.00,4.184652,105.86914062
08:02:23,912810UB2,TSRYS5810883,D,S,D,2024-08-21,1000000.00,4.183805,105.88085937
08:02:23,912810UB2,TSRYS5810883,D,S,D,2024-08-21,1000000.00,4.183805,105.88085937
08:02:23,912810UB2,TSRYS5810883,D,S,D,2024-08-21,3000000.00,4.185639,105.85546875
08:02:23,912810UB2,TSRYS5810883,D,S,D,2024-08-21,1000000.00,4.183805,105.88085937
08:02:24,912810UB2,TSRYS5810883,D,S,C,2024-08-21,1000000.00,4.176324,105.98455
08:02:24,912810UB2,TSRYS5810883,D,S,T,2024-08-21,1000000.00,4.184087,105.87695312
08:02:24,912810UB2,TSRYS5810883,D,S,D,2024-08-21,1000000.00,4.185357,105.859375
08:02:24,912810UB2,TSRYS5810883,D,S,D,2024-08-21,1000000.00,4.185357,105.859375
08:02:24,912810UB2,TSRYS5810883,D,B,C,2024-08-21,36000000.00,4.185031,105.86389
08:02:25,912810UB2,TSRYS5810883,D,B,A,2024-08-21,1100000.00,4.185075,105.86328125
08:02:25,912810UB2,TSRYS5810883,D,S,C,2024-08-21,1000000.00,4.177451,105.968925
08:02:26,912810UB2,TSRYS5810883,D,S,D,2024-08-21,1000000.00,4.179436,105.94140625
08:02:26,912810UB2,TSRYS5810883,D,S,D,2024-08-21,1000000.00,4.179436,105.94140625
08:02:28,912810UB2,TSRYS5810883,D,S,D,2024-08-21,1000000.00,4.177463,105.96875
08:02:28,912810UB2,TSRYS5810883,D,S,C,2024-08-21,1000000.00,4.177452,105.968902
08:02:29,912810UB2,TSRYS5810883,D,B,C,2024-08-21,1000000.00,4.179729,105.937348
08:02:29,912810UB2,TSRYS5810883,D,S,D,2024-08-21,1000000.00,4.179718,105.9375
08:02:29,912810UB2,TSRYS5810883,D,S,A,2024-08-21,867000.00,4.185075,105.86328125
08:02:30,912810UB2,TSRYS5810883,D,S,C,2024-08-21,1000000.00,4.17859,105.953125
08:02:30,912810UB2,TSRYS5810883,D,B,C,2024-08-21,1000000.00,4.178601,105.952973
08:02:30,912810UB2,TSRYS5810883,D,S,D,2024-08-21,1000000.00,4.177463,105.96875
08:02:30,912810UB2,TSRYS5810883,D,B,C,2024-08-21,1000000.00,4.177474,105.968598
08:02:30,912810UB2,TSRYS5810883,D,S,D,2024-08-21,1000000.00,4.176337,105.984375
08:02:30,912810UB2,TSRYS5810883,D,B,C,2024-08-21,1000000.00,4.176348,105.984223
08:02:31,912810UB2,TSRYS5810883,D,S,D,2024-08-21,1000000.00,4.17521,106.0
08:02:31,912810UB2,TSRYS5810883,D,B,C,2024-08-21,1000000.00,4.175221,105.999848
08:02:31,912810UB2,TSRYS5810883,D,S,D,2024-08-21,1000000.00,4.17521,106.0
08:02:31,912810UB2,TSRYS5810883,D,S,D,2024-08-21,1000000.00,4.17521,106.0
08:02:32,912810UB2,TSRYS5810883,D,S,A,2024-08-21,1000000.00,4.179999,105.93359375
08:02:32,912810UB2,TSRYS5810883,D,S,T,2024-08-21,1000000.00,4.18621,105.84755625
08:02:32,912810UB2,TSRYS5810883,D,S,T,2024-08-21,1000000.00,4.186492,105.84365
08:02:32,912810UB2,TSRYS5810883,D,B,C,2024-08-21,1000000.00,4.172969,106.031098
08:02:32,912810UB2,TSRYS5810883,D,S,D,2024-08-21,1000000.00,4.172958,106.03125
08:02:33,912810UB2,TSRYS5810883,D,S,C,2024-08-21,1000000.00,4.175196,106.0002
08:02:33,912810UB2,TSRYS5810883,D,B,C,2024-08-21,1000000.00,4.175227,105.999773
08:02:33,912810UB2,TSRYS5810883,D,S,C,2024-08-21,1000000.00,4.175196,106.0002
08:02:33,912810UB2,TSRYS5810883,D,B,C,2024-08-21,1000000.00,4.175227,105.999773
08:02:33,912810UB2,TSRYS5810883,D,B,C,2024-08-21,1000000.00,4.175227,105.999773
08:02:33,912810UB2,TSRYS5810883,D,S,C,2024-08-21,1000000.00,4.175198,106.000175
08:02:34,912810UB2,TSRYS5810883,D,S,D,2024-08-21,1000000.00,4.174084,106.015625
08:02:34,912810UB2,TSRYS5810883,D,S,D,2024-08-21,1000000.00,4.174084,106.015625
08:02:34,912810UB2,TSRYS5810883,D,B,C,2024-08-21,1000000.00,4.1741,106.015398
08:02:34,912810UB2,TSRYS5810883,D,S,C,2024-08-21,1000000.00,4.174071,106.0158
08:02:34,912810UB2,TSRYS5810883,D,S,C,2024-08-21,1000000.00,4.174069,106.015825
08:02:34,912810UB2,TSRYS5810883,D,S,D,2024-08-21,1000000.00,4.172958,106.03125
08:02:34,912810UB2,TSRYS5810883,D,S,C,2024-08-21,1000000.00,4.172958,106.03125
08:02:34,912810UB2,TSRYS5810883,D,B,C,2024-08-21,1000000.00,4.172974,106.031023
08:02:36,912810UB2,TSRYS5810883,D,S,C,2024-08-21,1000000.00,4.177463,105.96875
08:02:36,912810UB2,TSRYS5810883,D,S,C,2024-08-21,1000000.00,4.177463,105.96875
08:02:36,912810UB2,TSRYS5810883,D,S,C,2024-08-21,1000000.00,4.177463,105.96875
08:02:36,912810UB2,TSRYS5810883,D,S,C,2024-08-21,1000000.00,4.177451,105.968925
08:02:36,912810UB2,TSRYS5810883,D,S,D,2024-08-21,1000000.00,4.177453,105.9689
08:02:36,912810UB2,TSRYS5810883,D,S,C,2024-08-21,1000000.00,4.177463,105.96875
08:02:36,912810UB2,TSRYS5810883,D,S,C,2024-08-21,1000000.00,4.177463,105.96875
08:02:36,912810UB2,TSRYS5810883,D,S,C,2024-08-21,1000000.00,4.177463,105.96875
08:02:36,912810UB2,TSRYS5810883,D,S,C,2024-08-21,1000000.00,4.177463,105.96875
08:02:36,912810UB2,TSRYS5810883,D,S,C,2024-08-21,1000000.00,4.177451,105.968925
08:02:37,912810UB2,TSRYS5810883,D,S,A,2024-08-21,200000.00,4.181409,105.9140625
08:02:37,912810UB2,TSRYS5810883,D,S,C,2024-08-21,1000000.00,4.179718,105.9375
08:02:37,912810UB2,TSRYS5810883,D,S,D,2024-08-21,1000000.00,4.179707,105.93765
08:02:37,912810UB2,TSRYS5810883,D,B,C,2024-08-21,1000000.00,4.179732,105.9373
08:02:37,912810UB2,TSRYS5810883,D,S,D,2024-08-21,1000000.00,4.179707,105.93765
08:02:37,912810UB2,TSRYS5810883,D,S,D,2024-08-21,1000000.00,4.179707,105.93765
08:02:37,912810UB2,TSRYS5810883,D,S,D,2024-08-21,1000000.00,4.17859,105.953125
08:02:37,912810UB2,TSRYS5810883,D,S,D,2024-08-21,1000000.00,4.17859,105.953125
08:02:37,912810UB2,TSRYS5810883,D,S,D,2024-08-21,1000000.00,4.177454,105.96888
08:02:37,912810UB2,TSRYS5810883,D,S,D,2024-08-21,1000000.00,4.179707,105.93765
08:02:37,912810UB2,TSRYS5810883,D,S,D,2024-08-21,1000000.00,4.178731,105.951171875
08:02:37,912810UB2,TSRYS5810883,D,S,D,2024-08-21,1000000.00,4.17845,105.955078125
08:02:37,912810UB2,TSRYS5810883,D,S,C,2024-08-21,1000000.00,4.179718,105.9375
08:02:37,912810UB2,TSRYS5810883,D,S,D,2024-08-21,1000000.00,4.178731,105.951171875
08:02:37,912810UB2,TSRYS5810883,D,S,D,2024-08-21,1000000.00,4.179707,105.93765
08:02:38,912810UB2,TSRYS5810883,D,S,D,2024-08-21,1000000.00,4.179436,105.94140625
08:02:38,912810UB2,TSRYS5810883,D,B,C,2024-08-21,1000000.00,4.179732,105.9373
08:02:38,912810UB2,TSRYS5810883,D,S,C,2024-08-21,1000000.00,4.179705,105.937675
08:02:39,912810UB2,TSRYS5810883,D,S,D,2024-08-21,1000000.00,4.179718,105.9375
08:02:40,912810UB2,TSRYS5810883,D,B,C,2024-08-21,1000000.00,4.179729,105.937348
08:02:40,912810UB2,TSRYS5810883,D,S,D,2024-08-21,1000000.00,4.179718,105.9375
08:02:40,912810UB2,TSRYS5810883,D,S,D,2024-08-21,1000000.00,4.177745,105.96484375
08:02:40,912810UB2,TSRYS5810883,D,S,D,2024-08-21,1000000.00,4.177745,105.96484375
08:02:40,912810UB2,TSRYS5810883,D,S,D,2024-08-21,900000.00,4.187614,105.828125
08:02:40,912810UB2,TSRYS5810883,D,S,D,2024-08-21,1000000.00,4.177745,105.96484375
08:02:40,912810UB2,TSRYS5810883,D,S,D,2024-08-21,1000000.00,4.177745,105.96484375
08:02:41,912810UB2,TSRYS5810883,D,S,D,2024-08-21,4600000.00,4.181973,105.90625
08:02:41,912810UB2,TSRYS5810883,D,S,D,2024-08-21,1000000.00,4.180845,105.921875
08:02:41,912810UB2,TSRYS5810883,D,B,C,2024-08-21,1000000.00,4.180856,105.921723
08:02:41,912810UB2,TSRYS5810883,D,S,D,2024-08-21,1000000.00,4.179718,105.9375
08:02:41,912810UB2,TSRYS5810883,D,B,C,2024-08-21,1000000.00,4.179729,105.937348
08:02:42,912810UB2,TSRYS5810883,D,S,A,2024-08-21,1000000.00,4.176337,105.984375
08:02:42,912810UB2,TSRYS5810883,D,S,A,2024-08-21,1000000.00,4.176337,105.984375
08:02:43,912810UB2,TSRYS5810883,D,B,A,2024-08-21,3000000.00,4.176337,105.984375
08:02:43,912810UB2,TSRYS5810883,D,B,C,2024-08-21,1000000.00,4.177463,105.96875
08:02:43,912810UB2,TSRYS5810883,D,S,D,2024-08-21,1000000.00,4.177463,105.96875
08:02:43,912810UB2,TSRYS5810883,D,S,D,2024-08-21,1000000.00,4.177463,105.96875
08:02:43,912810UB2,TSRYS5810883,D,S,D,2024-08-21,4600000.00,4.181973,105.90625
08:02:44,912810UB2,TSRYS5810883,D,S,C,2024-08-21,1000000.00,4.178583,105.953225
08:02:44,912810UB2,TSRYS5810883,D,S,C,2024-08-21,1000000.00,4.179718,105.9375
08:02:44,912810UB2,TSRYS5810883,D,S,D,2024-08-21,150000.00,4.181691,105.91015625
08:02:44,912810UB2,TSRYS5810883,D,S,D,2024-08-21,1000000.00,4.17859,105.953125
08:02:44,912810UB2,TSRYS5810883,D,B,C,2024-08-21,1000000.00,4.178601,105.952973
08:02:44,912810UB2,TSRYS5810883,D,S,C,2024-08-21,1000000.00,4.177449,105.96895
08:02:44,912810UB2,TSRYS5810883,D,B,C,2024-08-21,1000000.00,4.177474,105.968598
08:02:44,912810UB2,TSRYS5810883,D,S,D,2024-08-21,1000000.00,4.176337,105.984375
08:02:44,912810UB2,TSRYS5810883,D,B,C,2024-08-21,1000000.00,4.176348,105.984223
08:02:45,912810UB2,TSRYS5810883,D,S,A,2024-08-21,1000000.00,4.172958,106.03125
08:02:45,912810UB2,TSRYS5810883,D,S,D,2024-08-21,1000000.00,4.176337,105.984375
08:02:45,912810UB2,TSRYS5810883,D,S,D,2024-08-21,1000000.00,4.176337,105.984375
08:02:45,912810UB2,TSRYS5810883,D,S,C,2024-08-21,1000000.00,4.17521,106.0
08:02:45,912810UB2,TSRYS5810883,D,S,C,2024-08-21,1000000.00,4.177463,105.96875
08:02:46,912810UB2,TSRYS5810883,D,S,A,2024-08-21,1000000.00,4.172958,106.03125
08:02:46,912810UB2,TSRYS5810883,D,B,C,2024-08-21,1000000.00,4.177478,105.96855
08:02:46,912810UB2,TSRYS5810883,D,S,C,2024-08-21,1000000.00,4.177463,105.96875
08:02:46,912810UB2,TSRYS5810883,D,B,C,2024-08-21,1000000.00,4.177474,105.9686
08:02:46,912810UB2,TSRYS5810883,D,S,C,2024-08-21,1000000.00,4.177463,105.96875
08:02:46,912810UB2,TSRYS5810883,D,S,C,2024-08-21,1000000.00,4.177451,105.968925
08:02:46,912810UB2,TSRYS5810883,D,B,C,2024-08-21,1000000.00,4.177478,105.96855
08:02:46,912810UB2,TSRYS5810883,D,B,C,2024-08-21,1000000.00,4.177474,105.9686
08:02:46,912810UB2,TSRYS5810883,D,S,C,2024-08-21,1000000.00,4.177449,105.96895
08:02:47,912810UB2,TSRYS5810883,D,S,D,2024-08-21,5000000.00,4.172067,106.0436144
08:02:47,912810UB2,TSRYS5810883,D,B,C,2024-08-21,5000000.00,4.17209,106.0432874
08:02:47,912810UB2,TSRYS5810883,D,S,D,2024-08-21,1000000.00,4.172958,106.03125
08:02:47,912810UB2,TSRYS5810883,D,S,C,2024-08-21,1000000.00,4.172958,106.03125
08:02:47,912810UB2,TSRYS5810883,D,S,C,2024-08-21,1000000.00,4.172958,106.03125
08:02:47,912810UB2,TSRYS5810883,D,S,D,2024-08-21,1000000.00,4.172958,106.03125
08:02:48,912810UB2,TSRYS5810883,D,S,C,2024-08-21,1000000.00,4.171832,106.046875
08:02:49,912810UB2,TSRYS5810883,D,S,D,2024-08-21,1000000.00,4.177463,105.96875
08:02:49,912810UB2,TSRYS5810883,D,S,D,2024-08-21,1000000.00,4.177463,105.96875
08:02:50,912810UB2,TSRYS5810883,D,B,C,2024-08-21,1000000.00,4.17859,105.953125
08:02:50,912810UB2,TSRYS5810883,D,S,D,2024-08-21,2000000.00,4.184229,105.875
08:02:50,912810UB2,TSRYS5810883,D,S,D,2024-08-21,2000000.00,4.185357,105.859375
08:02:50,912810UB2,TSRYS5810883,D,S,D,2024-08-21,1000000.00,4.17859,105.953125
08:02:50,912810UB2,TSRYS5810883,D,S,D,2024-08-21,2000000.00,4.177451,105.968927
08:02:50,912810UB2,TSRYS5810883,D,B,C,2024-08-21,2000000.00,4.177463,105.96875
08:02:53,912810UB2,TSRYS5810883,D,S,C,2024-08-21,1000000.00,4.180845,105.921875
08:02:55,912810UB2,TSRYS5810883,D,S,D,2024-08-21,1000000.00,4.178581,105.953255
08:02:55,912810UB2,TSRYS5810883,D,S,D,2024-08-21,1000000.00,4.188461,105.81640625
08:02:55,912810UB2,TSRYS5810883,D,S,D,2024-08-21,1000000.00,4.188743,105.8125
08:02:55,912810UB2,TSRYS5810883,D,S,D,2024-08-21,1000000.00,4.188602,105.814453125
08:02:55,912810UB2,TSRYS5810883,D,S,D,2024-08-21,1000000.00,4.188461,105.81640625
08:02:55,912810UB2,TSRYS5810883,D,S,D,2024-08-21,1000000.00,4.188319,105.818359375
08:02:56,912810UB2,TSRYS5810883,D,S,C,2024-08-21,1000000.00,4.17859,105.953125
08:02:56,912810UB2,TSRYS5810883,D,B,C,2024-08-21,1000000.00,4.178603,105.95295
08:02:57,912810UB2,TSRYS5810883,D,B,C,2024-08-21,2000000.00,4.181973,105.90625
08:02:57,912810UB2,TSRYS5810883,D,S,D,2024-08-21,2000000.00,4.181965,105.906352
08:02:57,912810UB2,TSRYS5810883,D,S,D,2024-08-21,1000000.00,4.181965,105.906352
08:02:59,912810UB2,TSRYS5810883,D,S,D,2024-08-21,1000000.00,4.179701,105.937725
08:03:01,912810UB2,TSRYS5810883,D,S,D,2024-08-21,1000000.00,4.17859,105.953125
08:03:01,912810UB2,TSRYS5810883,D,B,C,2024-08-21,1000000.00,4.178601,105.952973
08:03:01,912810UB2,TSRYS5810883,D,S,D,2024-08-21,2000000.00,4.185357,105.859375
08:03:02,912810UB2,TSRYS5810883,D,B,C,2024-08-21,1000000.00,4.178601,105.952973
08:03:02,912810UB2,TSRYS5810883,D,S,D,2024-08-21,1000000.00,4.17859,105.953125
08:03:03,912810UB2,TSRYS5810883,D,S,T,2024-08-21,1000000.00,4.182537,105.8984375
08:03:03,912810UB2,TSRYS5810883,D,S,D,2024-08-21,6000000.00,4.185357,105.859375
08:03:04,912810UB2,TSRYS5810883,D,S,C,2024-08-21,50MM+,4.187614,105.828125
08:03:05,912810UB2,TSRYS5810883,D,S,D,2024-08-21,1000000.00,4.17859,105.953125
08:03:05,912810UB2,TSRYS5810883,D,B,C,2024-08-21,1000000.00,4.178603,105.95295
08:03:05,912810UB2,TSRYS5810883,D,S,D,2024-08-21,1000000.00,4.17859,105.953125
08:03:07,912810UB2,TSRYS5810883,D,S,D,2024-08-21,1000000.00,4.17521,106.0
08:03:07,912810UB2,TSRYS5810883,D,S,D,2024-08-21,1000000.00,4.17521,106.0
08:03:08,912810UB2,TSRYS5810883,D,S,D,2024-08-21,1000000.00,4.176327,105.984505
08:03:10,912810UB2,TSRYS5810883,D,B,C,2024-08-21,1000000.00,4.179728,105.93735
08:03:10,912810UB2,TSRYS5810883,D,S,D,2024-08-21,1000000.00,4.179718,105.9375
08:03:10,912810UB2,TSRYS5810883,D,S,D,2024-08-21,4600000.00,4.181973,105.90625
08:03:10,912810UB2,TSRYS5810883,D,S,C,2024-08-21,1000000.00,4.181962,105.906402
08:03:11,912810UB2,TSRYS5810883,D,S,C,2024-08-21,1000000.00,4.183089,105.890777
08:03:11,912810UB2,TSRYS5810883,D,B,C,2024-08-21,1000000.00,4.1831,105.890625
08:03:11,912810UB2,TSRYS5810883,D,S,C,2024-08-21,1000000.00,4.183089,105.890777
08:03:11,912810UB2,TSRYS5810883,D,S,C,2024-08-21,1000000.00,4.184218,105.875152
08:03:12,912810UB2,TSRYS5810883,D,S,T,2024-08-21,1000000.00,4.182537,105.8984375
08:03:13,912810UB2,TSRYS5810883,D,B,C,2024-08-21,1000000.00,4.185368,105.859225
08:03:13,912810UB2,TSRYS5810883,D,S,C,2024-08-21,1000000.00,4.185346,105.859527
08:03:16,912810UB2,TSRYS5810883,D,S,D,2024-08-21,1000000.00,4.187614,105.828125
08:03:16,912810UB2,TSRYS5810883,D,B,C,2024-08-21,1000000.00,4.187625,105.827975
08:03:16,912810UB2,TSRYS5810883,D,S,C,2024-08-21,1000000.00,4.187603,105.828277
08:03:16,912810UB2,TSRYS5810883,D,S,C,2024-08-21,1000000.00,4.188732,105.812652
08:03:17,912810UB2,TSRYS5810883,D,B,C,2024-08-21,1000000.00,4.187627,105.82795
08:03:17,912810UB2,TSRYS5810883,D,S,D,2024-08-21,1000000.00,4.187614,105.828125
08:03:17,912810UB2,TSRYS5810883,D,S,D,2024-08-21,1000000.00,4.187614,105.828125
08:03:17,912810UB2,TSRYS5810883,D,B,C,2024-08-21,1000000.00,4.187614,105.828125
08:03:17,912810UB2,TSRYS5810883,D,B,C,2024-08-21,1000000.00,4.187614,105.828125
08:03:17,912810UB2,TSRYS5810883,D,S,D,2024-08-21,1000000.00,4.187614,105.828125
08:03:17,912810UB2,TSRYS5810883,D,S,D,2024-08-21,2000000.00,4.187614,105.828125
08:03:17,912810UB2,TSRYS5810883,D,B,C,2024-08-21,2000000.00,4.187614,105.828125
08:03:18,912810UB2,TSRYS5810883,D,B,C,2024-08-21,1000000.00,4.17859,105.953125
08:03:18,912810UB2,TSRYS5810883,D,S,D,2024-08-21,1000000.00,4.186485,105.84375
08:03:18,912810UB2,TSRYS5810883,D,S,D,2024-08-21,1000000.00,4.17859,105.953125
08:03:18,912810UB2,TSRYS5810883,D,S,D,2024-08-21,1000000.00,4.186485,105.84375
08:03:18,912810UB2,TSRYS5810883,D,S,D,2024-08-21,1000000.00,4.186485,105.84375
08:03:18,912810UB2,TSRYS5810883,D,S,D,2024-08-21,1000000.00,4.186485,105.84375
08:03:18,912810UB2,TSRYS5810883,D,S,C,2024-08-21,1000000.00,4.186485,105.84375
08:03:18,912810UB2,TSRYS5810883,D,S,D,2024-08-21,1000000.00,4.186485,105.84375
08:03:18,912810UB2,TSRYS5810883,D,S,D,2024-08-21,1000000.00,4.186485,105.84375
08:03:18,912810UB2,TSRYS5810883,D,S,D,2024-08-21,1000000.00,4.186485,105.84375
08:03:18,912810UB2,TSRYS5810883,D,S,D,2024-08-21,1000000.00,4.186485,105.84375
08:03:18,912810UB2,TSRYS5810883,D,S,D,2024-08-21,1000000.00,4.186485,105.84375
08:03:18,912810UB2,TSRYS5810883,D,S,D,2024-08-21,1000000.00,4.186485,105.84375
08:03:18,912810UB2,TSRYS5810883,D,S,D,2024-08-21,1000000.00,4.186485,105.84375
08:03:18,912810UB2,TSRYS5810883,D,S,D,2024-08-21,1000000.00,4.186485,105.84375
08:03:18,912810UB2,TSRYS5810883,D,B,C,2024-08-21,1000000.00,4.184229,105.875
08:03:18,912810UB2,TSRYS5810883,D,S,D,2024-08-21,1000000.00,4.184229,105.875
08:03:19,912810UB2,TSRYS5810883,D,B,C,2024-08-21,1000000.00,4.1831,105.890625
08:03:19,912810UB2,TSRYS5810883,D,S,D,2024-08-21,1000000.00,4.183093,105.890727
08:03:19,912810UB2,TSRYS5810883,D,S,D,2024-08-21,1000000.00,4.184229,105.875
08:03:19,912810UB2,TSRYS5810883,D,S,D,2024-08-21,1000000.00,4.184229,105.875
08:03:19,912810UB2,TSRYS5810883,D,S,D,2024-08-21,1000000.00,4.184229,105.875
08:03:19,912810UB2,TSRYS5810883,D,S,D,2024-08-21,1000000.00,4.184229,105.875
08:03:19,912810UB2,TSRYS5810883,D,S,D,2024-08-21,1000000.00,4.184229,105.875
08:03:21,912810UB2,TSRYS5810883,D,S,D,2024-08-21,1000000.00,4.187605,105.828255
08:03:22,912810UB2,TSRYS5810883,D,S,D,2024-08-21,1000000.00,4.186469,105.843975
08:03:22,912810UB2,TSRYS5810883,D,S,D,2024-08-21,1000000.00,4.185341,105.8596
08:03:22,912810UB2,TSRYS5810883,D,S,D,2024-08-21,1000000.00,4.185341,105.8596
08:03:22,912810UB2,TSRYS5810883,D,S,D,2024-08-21,1000000.00,4.185341,105.8596
08:03:23,912810UB2,TSRYS5810883,D,S,D,2024-08-21,1000000.00,4.181973,105.90625
08:03:23,912810UB2,TSRYS5810883,D,S,D,2024-08-21,1000000.00,4.181973,105.90625
08:03:23,912810UB2,TSRYS5810883,D,B,C,2024-08-21,1000000.00,4.181985,105.906075
08:03:23,912810UB2,TSRYS5810883,D,B,C,2024-08-21,1000000.00,4.181987,105.90605
08:03:23,912810UB2,TSRYS5810883,D,S,D,2024-08-21,1000000.00,4.181973,105.90625
08:03:23,912810UB2,TSRYS5810883,D,S,D,2024-08-21,1000000.00,4.181973,105.90625
08:03:23,912810UB2,TSRYS5810883,D,B,C,2024-08-21,1000000.00,4.179734,105.937275
08:03:23,912810UB2,TSRYS5810883,D,S,D,2024-08-21,1000000.00,4.179718,105.9375
08:03:23,912810UB2,TSRYS5810883,D,S,D,2024-08-21,1000000.00,4.180845,105.921875
08:03:23,912810UB2,TSRYS5810883,D,S,D,2024-08-21,1000000.00,4.179718,105.9375
08:03:24,912810UB2,TSRYS5810883,D,S,D,2024-08-21,1000000.00,4.180845,105.921875
08:03:24,912810UB2,TSRYS5810883,D,S,D,2024-08-21,1000000.00,4.180845,105.921875
08:03:24,912810UB2,TSRYS5810883,D,S,D,2024-08-21,1000000.00,4.180845,105.921875
08:03:24,912810UB2,TSRYS5810883,D,B,C,2024-08-21,1000000.00,4.180845,105.921875
08:03:24,912810UB2,TSRYS5810883,D,S,D,2024-08-21,1000000.00,4.180845,105.921875
08:03:24,912810UB2,TSRYS5810883,D,S,C,2024-08-21,2000000.00,4.184229,105.875
08:03:24,912810UB2,TSRYS5810883,D,S,D,2024-08-21,2000000.00,4.184229,105.875
08:03:25,912810UB2,TSRYS5810883,D,S,D,2024-08-21,1000000.00,4.179718,105.9375
08:03:25,912810UB2,TSRYS5810883,D,S,D,2024-08-21,1000000.00,4.179718,105.9375
08:03:30,912810UB2,TSRYS5810883,D,S,D,2024-08-21,1000000.00,4.184229,105.875
08:03:30,912810UB2,TSRYS5810883,D,S,D,2024-08-21,1000000.00,4.184229,105.875
08:03:30,912810UB2,TSRYS5810883,D,S,C,2024-08-21,2000000.00,4.184229,105.875
08:03:35,912810UB2,TSRYS5810883,D,S,D,2024-08-21,1000000.00,4.183093,105.890727
08:03:35,912810UB2,TSRYS5810883,D,S,D,2024-08-21,1000000.00,4.183093,105.890727
08:03:35,912810UB2,TSRYS5810883,D,S,D,2024-08-21,2000000.00,4.183093,105.890727
08:03:35,912810UB2,TSRYS5810883,D,B,C,2024-08-21,2000000.00,4.1831,105.890625
08:03:35,912810UB2,TSRYS5810883,D,S,D,2024-08-21,1000000.00,4.183093,105.890727
08:03:35,912810UB2,TSRYS5810883,D,S,D,2024-08-21,1000000.00,4.183093,105.890727
08:03:35,912810UB2,TSRYS5810883,D,S,D,2024-08-21,1000000.00,4.181973,105.90625
08:03:36,912810UB2,TSRYS5810883,D,S,D,2024-08-21,1000000.00,4.183093,105.890727
08:03:36,912810UB2,TSRYS5810883,D,S,C,2024-08-21,1534000.00,4.177182,105.97265625
08:03:37,912810UB2,TSRYS5810883,D,S,D,2024-08-21,1000000.00,4.181973,105.90625
08:03:37,912810UB2,TSRYS5810883,D,B,A,2024-08-21,310000.00,4.170143,106.0703125
08:03:37,912810UB2,TSRYS5810883,D,B,C,2024-08-21,1000000.00,4.181973,105.90625
08:03:37,912810UB2,TSRYS5810883,D,S,D,2024-08-21,1000000.00,4.181973,105.90625
08:03:38,912810UB2,TSRYS5810883,D,S,D,2024-08-21,1000000.00,4.179999,105.93359375
08:03:39,912810UB2,TSRYS5810883,D,S,D,2024-08-21,1000000.00,4.183241,105.888671875
08:03:42,912810UB2,TSRYS5810883,D,B,C,2024-08-21,1000000.00,4.183113,105.89045
08:03:42,912810UB2,TSRYS5810883,D,S,D,2024-08-21,1000000.00,4.1831,105.890625
08:03:42,912810UB2,TSRYS5810883,D,S,D,2024-08-21,1000000.00,4.1831,105.890625
08:03:42,912810UB2,TSRYS5810883,D,B,C,2024-08-21,1000000.00,4.183113,105.89045
08:03:42,912810UB2,TSRYS5810883,D,S,D,2024-08-21,1000000.00,4.1831,105.890625
08:03:42,912810UB2,TSRYS5810883,D,B,C,2024-08-21,1000000.00,4.183113,105.89045
08:03:42,912810UB2,TSRYS5810883,D,S,D,2024-08-21,1000000.00,4.184229,105.875
08:03:43,912810UB2,TSRYS5810883,D,S,C,2024-08-21,1000000.00,4.1831,105.890625
08:03:43,912810UB2,TSRYS5810883,D,S,D,2024-08-21,1000000.00,4.185357,105.859375
08:03:43,912810UB2,TSRYS5810883,D,S,D,2024-08-21,1000000.00,4.186485,105.84375
08:03:44,912810UB2,TSRYS5810883,D,S,D,2024-08-21,1000000.00,4.186485,105.84375
08:03:44,912810UB2,TSRYS5810883,D,S,D,2024-08-21,1000000.00,4.186485,105.84375
08:03:44,912810UB2,TSRYS5810883,D,B,C,2024-08-21,1000000.00,4.186498,105.843575
08:03:44,912810UB2,TSRYS5810883,D,S,D,2024-08-21,1000000.00,4.185357,105.859375
08:03:45,912810UB2,TSRYS5810883,D,S,D,2024-08-21,1000000.00,4.187614,105.828125
08:03:45,912810UB2,TSRYS5810883,D,S,D,2024-08-21,1000000.00,4.187614,105.828125
08:03:46,912810UB2,TSRYS5810883,D,S,D,2024-08-21,1000000.00,4.185357,105.859375
08:03:46,912810UB2,TSRYS5810883,D,S,D,2024-08-21,1000000.00,4.185357,105.859375
08:03:46,912810UB2,TSRYS5810883,D,S,D,2024-08-21,1000000.00,4.185357,105.859375
08:03:46,912810UB2,TSRYS5810883,D,S,D,2024-08-21,1000000.00,4.185357,105.859375
08:03:46,912810UB2,TSRYS5810883,D,S,D,2024-08-21,1000000.00,4.185357,105.859375
08:03:46,912810UB2,TSRYS5810883,D,S,D,2024-08-21,1000000.00,4.185357,105.859375
08:03:46,912810UB2,TSRYS5810883,D,S,D,2024-08-21,1000000.00,4.184229,105.875
08:03:46,912810UB2,TSRYS5810883,D,S,D,2024-08-21,1000000.00,4.184229,105.875
08:03:46,912810UB2,TSRYS5810883,D,B,C,2024-08-21,1000000.00,4.184229,105.875
08:03:46,912810UB2,TSRYS5810883,D,S,D,2024-08-21,1000000.00,4.184229,105.875
08:03:46,912810UB2,TSRYS5810883,D,S,D,2024-08-21,1000000.00,4.184229,105.875
08:03:46,912810UB2,TSRYS5810883,D,S,D,2024-08-21,1000000.00,4.184229,105.875
08:03:46,912810UB2,TSRYS5810883,D,S,D,2024-08-21,1000000.00,4.184229,105.875
08:03:46,912810UB2,TSRYS5810883,D,S,D,2024-08-21,1000000.00,4.184229,105.875
08:03:46,912810UB2,TSRYS5810883,D,B,C,2024-08-21,1000000.00,4.184243,105.8748
08:03:46,912810UB2,TSRYS5810883,D,S,D,2024-08-21,1000000.00,4.184229,105.875
08:03:46,912810UB2,TSRYS5810883,D,S,D,2024-08-21,1000000.00,4.184229,105.875
08:03:46,912810UB2,TSRYS5810883,D,S,D,2024-08-21,1000000.00,4.184229,105.875
08:03:46,912810UB2,TSRYS5810883,D,S,D,2024-08-21,1000000.00,4.184229,105.875
08:03:46,912810UB2,TSRYS5810883,D,B,C,2024-08-21,1000000.00,4.184229,105.875
08:03:46,912810UB2,TSRYS5810883,D,B,C,2024-08-21,1000000.00,4.184229,105.875
08:03:46,912810UB2,TSRYS5810883,D,S,D,2024-08-21,1000000.00,4.184229,105.875
08:03:46,912810UB2,TSRYS5810883,D,S,D,2024-08-21,1000000.00,4.184229,105.875
08:03:46,912810UB2,TSRYS5810883,D,S,D,2024-08-21,1000000.00,4.184229,105.875
08:03:46,912810UB2,TSRYS5810883,D,B,C,2024-08-21,1000000.00,4.184229,105.875
08:03:46,912810UB2,TSRYS5810883,D,S,D,2024-08-21,1000000.00,4.184229,105.875
08:03:46,912810UB2,TSRYS5810883,D,S,D,2024-08-21,1000000.00,4.184229,105.875
08:03:46,912810UB2,TSRYS5810883,D,B,C,2024-08-21,1000000.00,4.184243,105.8748
08:03:46,912810UB2,TSRYS5810883,D,S,D,2024-08-21,1000000.00,4.184229,105.875
08:03:46,912810UB2,TSRYS5810883,D,B,C,2024-08-21,1000000.00,4.184239,105.87485
08:03:46,912810UB2,TSRYS5810883,D,S,D,2024-08-21,1000000.00,4.184229,105.875
08:03:46,912810UB2,TSRYS5810883,D,S,D,2024-08-21,2000000.00,4.184229,105.875
08:03:46,912810UB2,TSRYS5810883,D,B,C,2024-08-21,2000000.00,4.184229,105.875
08:03:46,912810UB2,TSRYS5810883,D,S,D,2024-08-21,1000000.00,4.184229,105.875
08:03:46,912810UB2,TSRYS5810883,D,B,C,2024-08-21,1000000.00,4.184229,105.875
08:03:46,912810UB2,TSRYS5810883,D,B,C,2024-08-21,1000000.00,4.184229,105.875
08:03:46,912810UB2,TSRYS5810883,D,S,D,2024-08-21,1000000.00,4.184229,105.875
08:03:46,912810UB2,TSRYS5810883,D,S,D,2024-08-21,1000000.00,4.184229,105.875
08:03:46,912810UB2,TSRYS5810883,D,S,D,2024-08-21,1000000.00,4.184229,105.875
08:03:46,912810UB2,TSRYS5810883,D,B,C,2024-08-21,3000000.00,4.184229,105.875
08:03:46,912810UB2,TSRYS5810883,D,S,D,2024-08-21,3000000.00,4.184229,105.875
08:03:46,912810UB2,TSRYS5810883,D,S,D,2024-08-21,5000000.00,4.184229,105.875
08:03:46,912810UB2,TSRYS5810883,D,S,D,2024-08-21,2000000.00,4.184229,105.875
08:03:46,912810UB2,TSRYS5810883,D,S,D,2024-08-21,1000000.00,4.184229,105.875
08:03:46,912810UB2,TSRYS5810883,D,S,D,2024-08-21,1000000.00,4.184229,105.875
08:03:46,912810UB2,TSRYS5810883,D,S,D,2024-08-21,1000000.00,4.184229,105.875
08:03:46,912810UB2,TSRYS5810883,D,S,C,2024-08-21,1000000.00,4.184214,105.8752
08:03:46,912810UB2,TSRYS5810883,D,S,C,2024-08-21,1000000.00,4.184229,105.875
08:03:46,912810UB2,TSRYS5810883,D,S,C,2024-08-21,1000000.00,4.184229,105.875
08:03:46,912810UB2,TSRYS5810883,D,S,D,2024-08-21,1000000.00,4.184229,105.875
08:03:46,912810UB2,TSRYS5810883,D,S,C,2024-08-21,1000000.00,4.184229,105.875
08:03:46,912810UB2,TSRYS5810883,D,S,C,2024-08-21,1000000.00,4.184229,105.875
08:03:46,912810UB2,TSRYS5810883,D,S,D,2024-08-21,1000000.00,4.184229,105.875
08:03:46,912810UB2,TSRYS5810883,D,S,D,2024-08-21,1000000.00,4.184229,105.875
08:03:46,912810UB2,TSRYS5810883,D,S,D,2024-08-21,1000000.00,4.184229,105.875
08:03:46,912810UB2,TSRYS5810883,D,S,D,2024-08-21,1000000.00,4.184229,105.875
08:03:46,912810UB2,TSRYS5810883,D,S,C,2024-08-21,1000000.00,4.184229,105.875
08:03:46,912810UB2,TSRYS5810883,D,S,C,2024-08-21,1000000.00,4.184229,105.875
08:03:46,912810UB2,TSRYS5810883,D,S,D,2024-08-21,1000000.00,4.184229,105.875
08:03:46,912810UB2,TSRYS5810883,D,S,C,2024-08-21,1000000.00,4.184229,105.875
08:03:46,912810UB2,TSRYS5810883,D,S,D,2024-08-21,1000000.00,4.184229,105.875
08:03:46,912810UB2,TSRYS5810883,D,S,C,2024-08-21,2000000.00,4.184229,105.875
08:03:46,912810UB2,TSRYS5810883,D,S,C,2024-08-21,1000000.00,4.184229,105.875
08:03:46,912810UB2,TSRYS5810883,D,S,C,2024-08-21,1000000.00,4.184229,105.875
08:03:47,912810UB2,TSRYS5810883,D,S,C,2024-08-21,1000000.00,4.184214,105.8752
08:03:47,912810UB2,TSRYS5810883,D,S,D,2024-08-21,1000000.00,4.184229,105.875
08:03:47,912810UB2,TSRYS5810883,D,S,D,2024-08-21,1000000.00,4.184229,105.875
08:03:47,912810UB2,TSRYS5810883,D,S,D,2024-08-21,1000000.00,4.184229,105.875
08:03:47,912810UB2,TSRYS5810883,D,S,C,2024-08-21,2000000.00,4.1831,105.890625
08:03:47,912810UB2,TSRYS5810883,D,S,D,2024-08-21,1000000.00,4.1831,105.890625
08:03:47,912810UB2,TSRYS5810883,D,S,D,2024-08-21,1000000.00,4.1831,105.890625
08:03:47,912810UB2,TSRYS5810883,D,S,D,2024-08-21,1000000.00,4.1831,105.890625
08:03:47,912810UB2,TSRYS5810883,D,S,D,2024-08-21,1000000.00,4.184229,105.875
08:03:47,912810UB2,TSRYS5810883,D,S,D,2024-08-21,1000000.00,4.184229,105.875
08:03:47,912810UB2,TSRYS5810883,D,S,D,2024-08-21,1000000.00,4.184229,105.875
08:03:47,912810UB2,TSRYS5810883,D,S,D,2024-08-21,1000000.00,4.184229,105.875
08:03:47,912810UB2,TSRYS5810883,D,B,C,2024-08-21,1000000.00,4.184229,105.875
08:03:47,912810UB2,TSRYS5810883,D,S,D,2024-08-21,2000000.00,4.184229,105.875
08:03:47,912810UB2,TSRYS5810883,D,B,C,2024-08-21,1000000.00,4.184229,105.875
08:03:47,912810UB2,TSRYS5810883,D,S,D,2024-08-21,1000000.00,4.184229,105.875
08:03:47,912810UB2,TSRYS5810883,D,S,D,2024-08-21,5000000.00,4.184229,105.875
08:03:47,912810UB2,TSRYS5810883,D,B,C,2024-08-21,3000000.00,4.184229,105.875
08:03:47,912810UB2,TSRYS5810883,D,S,D,2024-08-21,3000000.00,4.184229,105.875
08:03:47,912810UB2,TSRYS5810883,D,S,D,2024-08-21,1000000.00,4.184229,105.875
08:03:47,912810UB2,TSRYS5810883,D,S,D,2024-08-21,1000000.00,4.184229,105.875
08:03:47,912810UB2,TSRYS5810883,D,S,D,2024-08-21,1000000.00,4.184229,105.875
08:03:47,912810UB2,TSRYS5810883,D,S,D,2024-08-21,1000000.00,4.184229,105.875
08:03:47,912810UB2,TSRYS5810883,D,S,D,2024-08-21,1000000.00,4.184229,105.875
08:03:47,912810UB2,TSRYS5810883,D,S,D,2024-08-21,1000000.00,4.184229,105.875
08:03:47,912810UB2,TSRYS5810883,D,S,D,2024-08-21,1000000.00,4.184229,105.875
08:03:47,912810UB2,TSRYS5810883,D,S,D,2024-08-21,1000000.00,4.184229,105.875
08:03:47,912810UB2,TSRYS5810883,D,S,D,2024-08-21,1000000.00,4.184229,105.875
08:03:47,912810UB2,TSRYS5810883,D,S,D,2024-08-21,1000000.00,4.184229,105.875
08:03:47,912810UB2,TSRYS5810883,D,S,D,2024-08-21,1000000.00,4.184229,105.875
08:03:47,912810UB2,TSRYS5810883,D,S,D,2024-08-21,1000000.00,4.184229,105.875
08:03:47,912810UB2,TSRYS5810883,D,B,C,2024-08-21,1000000.00,4.184229,105.875
08:03:47,912810UB2,TSRYS5810883,D,S,D,2024-08-21,1000000.00,4.184229,105.875
08:03:47,912810UB2,TSRYS5810883,D,B,C,2024-08-21,1000000.00,4.184229,105.875
08:03:47,912810UB2,TSRYS5810883,D,S,D,2024-08-21,1000000.00,4.184229,105.875
08:03:48,912810UB2,TSRYS5810883,D,B,C,2024-08-21,1000000.00,4.184229,105.875
08:03:48,912810UB2,TSRYS5810883,D,S,D,2024-08-21,1000000.00,4.184229,105.875
08:03:48,912810UB2,TSRYS5810883,D,B,C,2024-08-21,2000000.00,4.184229,105.875
08:03:48,912810UB2,TSRYS5810883,D,S,D,2024-08-21,2000000.00,4.184229,105.875
08:03:48,912810UB2,TSRYS5810883,D,B,C,2024-08-21,2000000.00,4.184229,105.875
08:03:48,912810UB2,TSRYS5810883,D,S,D,2024-08-21,2000000.00,4.184229,105.875
08:03:48,912810UB2,TSRYS5810883,D,B,C,2024-08-21,2000000.00,4.185357,105.859375
08:03:48,912810UB2,TSRYS5810883,D,S,D,2024-08-21,2000000.00,4.185357,105.859375
08:03:48,912810UB2,TSRYS5810883,D,B,C,2024-08-21,1000000.00,4.185371,105.859175
08:03:48,912810UB2,TSRYS5810883,D,S,D,2024-08-21,1000000.00,4.185357,105.859375
08:03:48,912810UB2,TSRYS5810883,D,S,D,2024-08-21,1000000.00,4.185357,105.859375
08:03:48,912810UB2,TSRYS5810883,D,B,C,2024-08-21,1000000.00,4.185357,105.859375
08:03:48,912810UB2,TSRYS5810883,D,S,D,2024-08-21,1000000.00,4.185357,105.859375
08:03:48,912810UB2,TSRYS5810883,D,B,C,2024-08-21,1000000.00,4.185357,105.859375
08:03:48,912810UB2,TSRYS5810883,D,B,C,2024-08-21,1000000.00,4.185357,105.859375
08:03:48,912810UB2,TSRYS5810883,D,S,D,2024-08-21,1000000.00,4.185357,105.859375
08:03:48,912810UB2,TSRYS5810883,D,S,D,2024-08-21,1000000.00,4.185357,105.859375
08:03:48,912810UB2,TSRYS5810883,D,S,D,2024-08-21,1000000.00,4.185357,105.859375
08:03:49,912810UB2,TSRYS5810883,D,S,D,2024-08-21,1000000.00,4.185357,105.859375
08:03:49,912810UB2,TSRYS5810883,D,S,D,2024-08-21,1000000.00,4.185357,105.859375
08:03:49,912810UB2,TSRYS5810883,D,S,D,2024-08-21,1000000.00,4.185357,105.859375
08:03:49,912810UB2,TSRYS5810883,D,B,C,2024-08-21,1000000.00,4.185371,105.859175
08:03:49,912810UB2,TSRYS5810883,D,S,D,2024-08-21,1000000.00,4.185357,105.859375
08:03:49,912810UB2,TSRYS5810883,D,S,D,2024-08-21,1000000.00,4.185357,105.859375
08:03:49,912810UB2,TSRYS5810883,D,S,D,2024-08-21,1000000.00,4.185357,105.859375
08:03:49,912810UB2,TSRYS5810883,D,S,D,2024-08-21,1000000.00,4.185357,105.859375
08:03:49,912810UB2,TSRYS5810883,D,S,D,2024-08-21,1000000.00,4.185357,105.859375
08:03:49,912810UB2,TSRYS5810883,D,S,D,2024-08-21,1000000.00,4.185357,105.859375
08:03:49,912810UB2,TSRYS5810883,D,S,D,2024-08-21,1000000.00,4.185357,105.859375
08:03:49,912810UB2,TSRYS5810883,D,S,D,2024-08-21,2000000.00,4.185357,105.859375
08:03:51,912810UB2,TSRYS5810883,D,S,T,2024-08-21,1000000.00,4.181127,105.91796875
08:03:51,912810UB2,TSRYS5810883,D,S,D,2024-08-21,2000000.00,4.187614,105.828125
08:03:51,912810UB2,TSRYS5810883,D,S,D,2024-08-21,2000000.00,4.187614,105.828125
08:03:51,912810UB2,TSRYS5810883,D,B,C,2024-08-21,1000000.00,4.187614,105.828125
08:03:51,912810UB2,TSRYS5810883,D,S,D,2024-08-21,1000000.00,4.187614,105.828125
08:03:51,912810UB2,TSRYS5810883,D,S,D,2024-08-21,1000000.00,4.188743,105.8125
08:03:51,912810UB2,TSRYS5810883,D,S,D,2024-08-21,1000000.00,4.188743,105.8125
08:03:51,912810UB2,TSRYS5810883,D,B,C,2024-08-21,1000000.00,4.188743,105.8125
08:03:51,912810UB2,TSRYS5810883,D,S,D,2024-08-21,1000000.00,4.188743,105.8125
08:03:51,912810UB2,TSRYS5810883,D,S,D,2024-08-21,2000000.00,4.187614,105.828125
08:03:51,912810UB2,TSRYS5810883,D,B,C,2024-08-21,2000000.00,4.187614,105.828125
08:03:51,912810UB2,TSRYS5810883,D,B,C,2024-08-21,1000000.00,4.187614,105.828125
08:03:51,912810UB2,TSRYS5810883,D,S,D,2024-08-21,1000000.00,4.187614,105.828125
08:03:51,912810UB2,TSRYS5810883,D,S,D,2024-08-21,1000000.00,4.187614,105.828125
08:03:51,912810UB2,TSRYS5810883,D,B,C,2024-08-21,1000000.00,4.187614,105.828125
08:03:51,912810UB2,TSRYS5810883,D,S,D,2024-08-21,1000000.00,4.187614,105.828125
08:03:51,912810UB2,TSRYS5810883,D,B,C,2024-08-21,1000000.00,4.187614,105.828125
08:03:51,912810UB2,TSRYS5810883,D,S,D,2024-08-21,1000000.00,4.187614,105.828125
08:03:51,912810UB2,TSRYS5810883,D,S,D,2024-08-21,1000000.00,4.187614,105.828125
08:03:51,912810UB2,TSRYS5810883,D,S,D,2024-08-21,1000000.00,4.187614,105.828125
08:03:51,912810UB2,TSRYS5810883,D,S,D,2024-08-21,1000000.00,4.187614,105.828125
08:03:51,912810UB2,TSRYS5810883,D,S,D,2024-08-21,1000000.00,4.187614,105.828125
08:03:51,912810UB2,TSRYS5810883,D,S,D,2024-08-21,1000000.00,4.186485,105.84375
08:03:52,912810UB2,TSRYS5810883,D,S,A,2024-08-21,2000000.00,4.187896,105.82421875
08:03:53,912810UB2,TSRYS5810883,D,S,D,2024-08-21,1000000.00,4.186485,105.84375
08:03:53,912810UB2,TSRYS5810883,D,S,D,2024-08-21,1000000.00,4.186485,105.84375
08:03:53,912810UB2,TSRYS5810883,D,S,D,2024-08-21,1000000.00,4.186485,105.84375
08:03:53,912810UB2,TSRYS5810883,D,S,D,2024-08-21,1000000.00,4.185357,105.859375
08:03:53,912810UB2,TSRYS5810883,D,S,D,2024-08-21,1000000.00,4.185357,105.859375
08:03:54,912810UB2,TSRYS5810883,D,S,D,2024-08-21,2000000.00,4.181973,105.90625
08:03:54,912810UB2,TSRYS5810883,D,S,D,2024-08-21,1000000.00,4.181973,105.90625
08:03:54,912810UB2,TSRYS5810883,D,S,C,2024-08-21,1000000.00,4.181962,105.9064
08:03:54,912810UB2,TSRYS5810883,D,S,D,2024-08-21,1000000.00,4.1831,105.890625
08:03:54,912810UB2,TSRYS5810883,D,S,D,2024-08-21,1000000.00,4.1831,105.890625
08:03:55,912810UB2,TSRYS5810883,D,S,D,2024-08-21,1000000.00,4.1831,105.890625
08:03:55,912810UB2,TSRYS5810883,D,B,C,2024-08-21,2000000.00,4.1831,105.890625
08:03:55,912810UB2,TSRYS5810883,D,S,D,2024-08-21,2000000.00,4.1831,105.890625
08:03:55,912810UB2,TSRYS5810883,D,B,C,2024-08-21,1000000.00,4.1831,105.890625
08:03:55,912810UB2,TSRYS5810883,D,S,D,2024-08-21,1000000.00,4.1831,105.890625
08:03:55,912810UB2,TSRYS5810883,D,B,C,2024-08-21,1000000.00,4.183115,105.890425
08:03:55,912810UB2,TSRYS5810883,D,S,D,2024-08-21,1000000.00,4.1831,105.890625
08:03:56,912810UB2,TSRYS5810883,D,S,D,2024-08-21,1000000.00,4.181973,105.90625
08:03:56,912810UB2,TSRYS5810883,D,S,D,2024-08-21,1000000.00,4.181973,105.90625
08:03:57,912810UB2,TSRYS5810883,D,S,D,2024-08-21,1000000.00,4.184229,105.875
08:03:57,912810UB2,TSRYS5810883,D,S,D,2024-08-21,1000000.00,4.184229,105.875
08:03:57,912810UB2,TSRYS5810883,D,B,C,2024-08-21,1000000.00,4.184229,105.875
08:03:57,912810UB2,TSRYS5810883,D,S,D,2024-08-21,1000000.00,4.184229,105.875
08:03:57,912810UB2,TSRYS5810883,D,S,D,2024-08-21,1000000.00,4.184229,105.875
08:03:58,912810UB2,TSRYS5810883,D,B,C,2024-08-21,1000000.00,4.183113,105.89045
08:03:58,912810UB2,TSRYS5810883,D,S,D,2024-08-21,1000000.00,4.1831,105.890625
08:03:59,912810UB2,TSRYS5810883,D,S,A,2024-08-21,1000000.00,4.181691,105.91015625
08:04:02,912810UB2,TSRYS5810883,D,S,D,2024-08-21,1000000.00,4.18705,105.8359375
08:04:02,912810UB2,TSRYS5810883,D,B,C,2024-08-21,1000000.00,4.18705,105.8359375
08:04:02,912810UB2,TSRYS5810883,D,B,C,2024-08-21,1000000.00,4.186767,105.83984375
08:04:02,912810UB2,TSRYS5810883,D,S,D,2024-08-21,1000000.00,4.186767,105.83984375
08:04:06,912810UB2,TSRYS5810883,D,B,C,2024-08-21,100000.00,4.180845,105.921875
08:04:07,912810UB2,TSRYS5810883,D,S,C,2024-08-21,1000000.00,4.181127,105.91796875
08:04:07,912810UB2,TSRYS5810883,D,S,D,2024-08-21,1000000.00,4.181127,105.91796875
08:04:07,912810UB2,TSRYS5810883,D,S,T,2024-08-21,3000000.00,4.181268,105.916015625
08:04:07,912810UB2,TSRYS5810883,D,S,T,2024-08-21,2000000.00,4.181268,105.916015625
08:04:07,912810UB2,TSRYS5810883,D,S,D,2024-08-21,1000000.00,4.181127,105.91796875
08:04:11,912810UB2,TSRYS5810883,D,S,D,2024-08-21,1000000.00,4.187191,105.833984375
08:04:11,912810UB2,TSRYS5810883,D,S,D,2024-08-21,2000000.00,4.186626,105.841796875
08:04:11,912810UB2,TSRYS5810883,D,S,D,2024-08-21,1000000.00,4.186203,105.84765625
08:04:11,912810UB2,TSRYS5810883,D,S,D,2024-08-21,1000000.00,4.185357,105.859375
08:04:11,912810UB2,TSRYS5810883,D,S,D,2024-08-21,1000000.00,4.18437,105.873046875
08:04:11,912810UB2,TSRYS5810883,D,S,D,2024-08-21,1000000.00,4.184229,105.875
08:04:11,912810UB2,TSRYS5810883,D,S,C,2024-08-21,1000000.00,4.183664,105.8828125
08:04:11,912810UB2,TSRYS5810883,D,S,D,2024-08-21,1000000.00,4.184229,105.875
08:04:12,912810UB2,TSRYS5810883,D,S,D,2024-08-21,1000000.00,4.183382,105.88671875
08:04:12,912810UB2,TSRYS5810883,D,S,D,2024-08-21,1000000.00,4.183382,105.88671875
08:04:12,912810UB2,TSRYS5810883,D,S,D,2024-08-21,1000000.00,4.183382,105.88671875
08:04:13,912810UB2,TSRYS5810883,D,S,D,2024-08-21,1000000.00,4.185357,105.859375
08:04:13,912810UB2,TSRYS5810883,D,S,D,2024-08-21,1000000.00,4.185357,105.859375
08:04:14,912810UB2,TSRYS5810883,D,S,D,2024-08-21,1000000.00,4.18578,105.853515625
08:04:14,912810UB2,TSRYS5810883,D,B,C,2024-08-21,1000000.00,4.185357,105.859375
08:04:14,912810UB2,TSRYS5810883,D,S,D,2024-08-21,1000000.00,4.185357,105.859375
08:04:14,912810UB2,TSRYS5810883,D,S,D,2024-08-21,1000000.00,4.185498,105.857421875
08:04:14,912810UB2,TSRYS5810883,D,S,D,2024-08-21,1000000.00,4.185357,105.859375
08:04:14,912810UB2,TSRYS5810883,D,S,D,2024-08-21,1000000.00,4.185357,105.859375
08:04:15,912810UB2,TSRYS5810883,D,S,D,2024-08-21,2000000.00,4.185921,105.8515625
08:04:15,912810UB2,TSRYS5810883,D,S,D,2024-08-21,1000000.00,4.185357,105.859375
08:04:15,912810UB2,TSRYS5810883,D,S,D,2024-08-21,1000000.00,4.185357,105.859375
08:04:15,912810UB2,TSRYS5810883,D,S,D,2024-08-21,2000000.00,4.185921,105.8515625
08:04:15,912810UB2,TSRYS5810883,D,S,D,2024-08-21,1000000.00,4.185357,105.859375
08:04:15,912810UB2,TSRYS5810883,D,S,C,2024-08-21,1000000.00,4.186485,105.84375
08:04:15,912810UB2,TSRYS5810883,D,B,C,2024-08-21,1000000.00,4.186485,105.84375
08:04:16,912810UB2,TSRYS5810883,D,S,T,2024-08-21,1000000.00,4.179999,105.93359375
08:04:16,912810UB2,TSRYS5810883,D,S,D,2024-08-21,2000000.00,4.187614,105.828125
08:04:16,912810UB2,TSRYS5810883,D,B,C,2024-08-21,2000000.00,4.187614,105.828125
08:04:16,912810UB2,TSRYS5810883,D,S,D,2024-08-21,1000000.00,4.187614,105.828125
08:04:16,912810UB2,TSRYS5810883,D,B,C,2024-08-21,1000000.00,4.187614,105.828125
08:04:16,912810UB2,TSRYS5810883,D,S,D,2024-08-21,1000000.00,4.187614,105.828125
08:04:16,912810UB2,TSRYS5810883,D,S,D,2024-08-21,1000000.00,4.187614,105.828125
08:04:17,912810UB2,TSRYS5810883,D,S,D,2024-08-21,2000000.00,4.187614,105.828125
08:04:17,912810UB2,TSRYS5810883,D,S,D,2024-08-21,1000000.00,4.187614,105.828125
08:04:17,912810UB2,TSRYS5810883,D,B,C,2024-08-21,1000000.00,4.187614,105.828125
08:04:17,912810UB2,TSRYS5810883,D,S,D,2024-08-21,1000000.00,4.188743,105.8125
08:04:17,912810UB2,TSRYS5810883,D,S,T,2024-08-21,1000000.00,4.179999,105.93359375
08:04:17,912810UB2,TSRYS5810883,D,S,D,2024-08-21,1000000.00,4.188743,105.8125
08:04:17,912810UB2,TSRYS5810883,D,B,C,2024-08-21,1000000.00,4.188743,105.8125
08:04:17,912810UB2,TSRYS5810883,D,S,D,2024-08-21,2000000.00,4.188743,105.8125
08:04:17,912810UB2,TSRYS5810883,D,S,T,2024-08-21,1000000.00,4.179999,105.93359375
08:04:17,912810UB2,TSRYS5810883,D,B,C,2024-08-21,2000000.00,4.188743,105.8125
08:04:17,912810UB2,TSRYS5810883,D,S,D,2024-08-21,2000000.00,4.188461,105.81640625
08:04:17,912810UB2,TSRYS5810883,D,S,T,2024-08-21,1000000.00,4.179999,105.93359375
08:04:17,912810UB2,TSRYS5810883,D,B,C,2024-08-21,1000000.00,4.187614,105.828125
08:04:17,912810UB2,TSRYS5810883,D,S,D,2024-08-21,1000000.00,4.187614,105.828125
08:04:17,912810UB2,TSRYS5810883,D,S,D,2024-08-21,2000000.00,4.187896,105.82421875
08:04:18,912810UB2,TSRYS5810883,D,S,D,2024-08-21,2000000.00,4.187896,105.82421875
08:04:18,912810UB2,TSRYS5810883,D,S,D,2024-08-21,2000000.00,4.187896,105.82421875
08:04:18,912810UB2,TSRYS5810883,D,S,D,2024-08-21,2000000.00,4.187896,105.82421875
08:04:18,912810UB2,TSRYS5810883,D,S,D,2024-08-21,2000000.00,4.187896,105.82421875
08:04:18,912810UB2,TSRYS5810883,D,S,D,2024-08-21,1000000.00,4.187755,105.826171875
08:04:18,912810UB2,TSRYS5810883,D,S,D,2024-08-21,1000000.00,4.187896,105.82421875
08:04:20,912810UB2,TSRYS5810883,D,S,T,2024-08-21,1000000.00,4.179718,105.9375
08:04:21,912810UB2,TSRYS5810883,D,S,T,2024-08-21,2000000.00,4.179718,105.9375
08:04:22,912810UB2,TSRYS5810883,D,S,T,2024-08-21,3000000.00,4.179718,105.9375
08:04:23,912810UB2,TSRYS5810883,D,S,T,2024-08-21,1000000.00,4.184229,105.875
08:04:23,912810UB2,TSRYS5810883,D,S,T,2024-08-21,2000000.00,4.184229,105.875
08:04:24,912810UB2,TSRYS5810883,D,S,T,2024-08-21,1000000.00,4.184229,105.875
08:04:24,912810UB2,TSRYS5810883,D,S,T,2024-08-21,1000000.00,4.179718,105.9375
08:04:25,912810UB2,TSRYS5810883,D,S,T,2024-08-21,2000000.00,4.184229,105.875
08:04:25,912810UB2,TSRYS5810883,D,S,T,2024-08-21,2000000.00,4.184229,105.875
08:04:25,912810UB2,TSRYS5810883,D,S,T,2024-08-21,2000000.00,4.184229,105.875
08:04:26,912810UB2,TSRYS5810883,D,S,T,2024-08-21,3000000.00,4.179718,105.9375
08:04:26,912810UB2,TSRYS5810883,D,S,D,2024-08-21,4600000.00,4.181973,105.90625
08:04:27,912810UB2,TSRYS5810883,D,S,D,2024-08-21,2000000.00,4.186767,105.83984375
08:04:29,912810UB2,TSRYS5810883,D,S,D,2024-08-21,2000000.00,4.187614,105.828125
08:04:31,912810UB2,TSRYS5810883,D,S,D,2024-08-21,1000000.00,4.184652,105.869140625
08:04:32,912810UB2,TSRYS5810883,D,S,T,2024-08-21,1000000.00,4.181973,105.90625
08:04:32,912810UB2,TSRYS5810883,D,S,T,2024-08-21,1000000.00,4.179718,105.9375
08:04:32,912810UB2,TSRYS5810883,D,S,T,2024-08-21,1000000.00,4.179999,105.93359375
08:04:32,912810UB2,TSRYS5810883,D,S,T,2024-08-21,2000000.00,4.179999,105.93359375
08:04:32,912810UB2,TSRYS5810883,D,S,T,2024-08-21,1000000.00,4.179999,105.93359375
08:04:32,912810UB2,TSRYS5810883,D,S,T,2024-08-21,3000000.00,4.179999,105.93359375
08:04:32,912810UB2,TSRYS5810883,D,S,D,2024-08-21,1000000.00,4.179999,105.93359375
08:04:32,912810UB2,TSRYS5810883,D,S,D,2024-08-21,1000000.00,4.179999,105.93359375
08:04:33,912810UB2,TSRYS5810883,D,S,T,2024-08-21,1000000.00,4.182396,105.900390625
08:04:33,912810UB2,TSRYS5810883,D,S,T,2024-08-21,1000000.00,4.185368,105.859223
08:04:33,912810UB2,TSRYS5810883,D,S,T,2024-08-21,1000000.00,4.1831,105.890625
08:04:34,912810UB2,TSRYS5810883,D,S,D,2024-08-21,250000.00,4.179718,105.9375
08:04:35,912810UB2,TSRYS5810883,D,S,D,2024-08-21,1000000.00,4.184229,105.875
08:04:36,912810UB2,TSRYS5810883,D,S,T,2024-08-21,1000000.00,4.188884,105.810546875
08:04:36,912810UB2,TSRYS5810883,D,S,T,2024-08-21,1000000.00,4.17859,105.953125
08:04:36,912810UB2,TSRYS5810883,D,S,T,2024-08-21,1000000.00,4.181973,105.90625
08:04:36,912810UB2,TSRYS5810883,D,S,T,2024-08-21,1000000.00,4.175221,105.999848
08:04:36,912810UB2,TSRYS5810883,D,S,T,2024-08-21,1000000.00,4.181984,105.906098
08:04:37,912810UB2,TSRYS5810883,D,S,T,2024-08-21,2000000.00,4.181984,105.906098
08:04:37,912810UB2,TSRYS5810883,D,S,D,2024-08-21,1000000.00,4.183523,105.884765625
08:04:37,912810UB2,TSRYS5810883,D,S,T,2024-08-21,1000000.00,4.185357,105.859375
08:04:37,912810UB2,TSRYS5810883,D,S,D,2024-08-21,1000000.00,4.183523,105.884765625
08:04:37,912810UB2,TSRYS5810883,D,S,D,2024-08-21,1000000.00,4.183664,105.8828125
08:04:37,912810UB2,TSRYS5810883,D,S,D,2024-08-21,2000000.00,4.183241,105.888671875
08:04:37,912810UB2,TSRYS5810883,D,S,D,2024-08-21,1000000.00,4.182677,105.896484375
08:04:37,912810UB2,TSRYS5810883,D,S,D,2024-08-21,2000000.00,4.183523,105.884765625
08:04:37,912810UB2,TSRYS5810883,D,S,D,2024-08-21,1000000.00,4.184511,105.87109375
08:04:37,912810UB2,TSRYS5810883,D,S,D,2024-08-21,1000000.00,4.183664,105.8828125
08:04:37,912810UB2,TSRYS5810883,D,S,D,2024-08-21,1000000.00,4.183523,105.884765625
08:04:37,912810UB2,TSRYS5810883,D,S,D,2024-08-21,1000000.00,4.183523,105.884765625
08:04:38,912810UB2,TSRYS5810883,D,S,T,2024-08-21,1000000.00,4.182537,105.8984375
08:04:38,912810UB2,TSRYS5810883,D,S,T,2024-08-21,1000000.00,4.181973,105.90625
08:04:38,912810UB2,TSRYS5810883,D,S,T,2024-08-21,1000000.00,4.178601,105.952973
08:04:38,912810UB2,TSRYS5810883,D,S,T,2024-08-21,1000000.00,4.175221,105.999848
08:04:38,912810UB2,TSRYS5810883,D,S,T,2024-08-21,1000000.00,4.179999,105.93359375
08:04:39,912810UB2,TSRYS5810883,D,S,D,2024-08-21,1000000.00,4.184229,105.875
08:04:39,912810UB2,TSRYS5810883,D,S,T,2024-08-21,1000000.00,4.189025,105.80859375
08:04:40,912810UB2,TSRYS5810883,D,S,D,2024-08-21,2000000.00,4.183382,105.88671875
08:04:40,912810UB2,TSRYS5810883,D,S,D,2024-08-21,1000000.00,4.183382,105.88671875
08:04:40,912810UB2,TSRYS5810883,D,S,T,2024-08-21,1000000.00,4.182537,105.8984375
08:04:40,912810UB2,TSRYS5810883,D,S,T,2024-08-21,1000000.00,4.178309,105.95703125
08:04:40,912810UB2,TSRYS5810883,D,S,T,2024-08-21,1000000.00,4.182677,105.896484375
08:04:40,912810UB2,TSRYS5810883,D,S,D,2024-08-21,1000000.00,4.183382,105.88671875
08:04:40,912810UB2,TSRYS5810883,D,S,T,2024-08-21,1000000.00,4.18705,105.8359375
08:04:40,912810UB2,TSRYS5810883,D,S,T,2024-08-21,1000000.00,4.181984,105.906098
08:04:40,912810UB2,TSRYS5810883,D,S,D,2024-08-21,1000000.00,4.183382,105.88671875
08:04:40,912810UB2,TSRYS5810883,D,S,D,2024-08-21,1000000.00,4.183382,105.88671875
08:04:40,912810UB2,TSRYS5810883,D,S,T,2024-08-21,1000000.00,4.17521,106.0
08:04:41,912810UB2,TSRYS5810883,D,S,T,2024-08-21,1000000.00,4.181691,105.91015625
08:04:41,912810UB2,TSRYS5810883,D,S,T,2024-08-21,1000000.00,4.181984,105.906098
08:04:41,912810UB2,TSRYS5810883,D,S,T,2024-08-21,1000000.00,4.180704,105.923828125
08:04:41,912810UB2,TSRYS5810883,D,S,T,2024-08-21,1000000.00,4.182677,105.896484375
08:04:42,912810UB2,TSRYS5810883,D,S,T,2024-08-21,1000000.00,4.181973,105.90625
08:04:42,912810UB2,TSRYS5810883,D,S,D,2024-08-21,1000000.00,4.183382,105.88671875
08:04:43,912810UB2,TSRYS5810883,D,S,T,2024-08-21,1000000.00,4.182677,105.896484375
08:04:43,912810UB2,TSRYS5810883,D,S,T,2024-08-21,1000000.00,4.185368,105.859223
08:04:43,912810UB2,TSRYS5810883,D,S,T,2024-08-21,1000000.00,4.189025,105.80859375
08:04:45,912810UB2,TSRYS5810883,D,S,T,2024-08-21,1000000.00,4.181691,105.91015625
08:04:45,912810UB2,TSRYS5810883,D,S,A,2024-08-21,1500000.00,4.181127,105.91796875
08:04:46,912810UB2,TSRYS5810883,D,S,T,2024-08-21,1000000.00,4.180845,105.921875
08:04:46,912810UB2,TSRYS5810883,D,S,D,2024-08-21,1000000.00,4.182255,105.90234375
08:04:46,912810UB2,TSRYS5810883,D,S,D,2024-08-21,1000000.00,4.1831,105.890625
08:04:46,912810UB2,TSRYS5810883,D,S,C,2024-08-21,1000000.00,4.184229,105.875
08:04:46,912810UB2,TSRYS5810883,D,B,C,2024-08-21,1000000.00,4.184229,105.875
08:04:46,912810UB2,TSRYS5810883,D,S,D,2024-08-21,1000000.00,4.185216,105.861328125
08:04:46,912810UB2,TSRYS5810883,D,S,D,2024-08-21,1000000.00,4.185639,105.85546875
08:04:47,912810UB2,TSRYS5810883,D,S,D,2024-08-21,1000000.00,4.185498,105.857421875
08:04:47,912810UB2,TSRYS5810883,D,S,D,2024-08-21,1000000.00,4.185639,105.85546875
08:04:47,912810UB2,TSRYS5810883,D,S,D,2024-08-21,1000000.00,4.185639,105.85546875
08:04:47,912810UB2,TSRYS5810883,D,S,D,2024-08-21,1000000.00,4.184087,105.876953125
08:04:48,912810UB2,TSRYS5810883,D,S,T,2024-08-21,1000000.00,4.179999,105.93359375
08:04:48,912810UB2,TSRYS5810883,D,S,T,2024-08-21,1000000.00,4.179999,105.93359375
08:04:48,912810UB2,TSRYS5810883,D,S,D,2024-08-21,1000000.00,4.184087,105.876953125
08:04:49,912810UB2,TSRYS5810883,D,S,D,2024-08-21,2000000.00,4.183664,105.8828125
08:04:49,912810UB2,TSRYS5810883,D,S,D,2024-08-21,1000000.00,4.183664,105.8828125
08:04:49,912810UB2,TSRYS5810883,D,S,D,2024-08-21,1000000.00,4.183805,105.880859375
08:04:49,912810UB2,TSRYS5810883,D,S,D,2024-08-21,1000000.00,4.183805,105.880859375
08:04:50,912810UB2,TSRYS5810883,D,S,D,2024-08-21,1000000.00,4.181691,105.91015625
08:04:51,912810UB2,TSRYS5810883,D,S,D,2024-08-21,100000.00,4.180281,105.9296875
08:04:51,912810UB2,TSRYS5810883,D,S,D,2024-08-21,1000000.00,4.182537,105.8984375
08:04:52,912810UB2,TSRYS5810883,D,S,D,2024-08-21,1000000.00,4.182537,105.8984375
