tradeTime,cusip,issueSymbolIdentifier,priceType,reportingSideCode,contraPartyTypeCode,tradeDate,reportedTradeVolume,lastSaleYield,lastSalePrice
08:00:04,912810UB2,TSRYS5810883,D,S,T,2024-06-20,1000000.00,4.484253,101.8359375
08:00:04,912810UB2,TSRYS5810883,D,S,T,2024-06-20,1000000.00,4.484253,101.8359375
08:00:04,912810UB2,TSRYS5810883,D,S,T,2024-06-20,1000000.00,4.487206,101.796875
08:00:04,912810UB2,TSRYS5810883,D,S,D,2024-06-20,1000000.00,4.492377,101.728515625
08:00:04,912810UB2,TSRYS5810883,D,S,D,2024-06-20,1000000.00,4.492525,101.7265625
08:00:04,912810UB2,TSRYS5810883,D,S,D,2024-06-20,1000000.00,4.494447,101.701171875
08:00:04,912810UB2,TSRYS5810883,D,S,D,2024-06-20,1000000.00,4.494447,101.701171875
08:00:04,912810UB2,TSRYS5810883,D,S,D,2024-06-20,1000000.00,4.494447,101.701171875
08:00:04,912810UB2,TSRYS5810883,D,S,D,2024-06-20,1000000.00,4.494447,101.701171875
08:00:04,912810UB2,TSRYS5810883,D,S,D,2024-06-20,1000000.00,4.492377,101.728515625
08:00:04,912810UB2,TSRYS5810883,D,S,D,2024-06-20,1000000.00,4.492377,101.728515625
08:00:07,912810UB2,TSRYS5810883,D,S,D,2024-06-20,1000000.00,4.498145,101.65234375
08:00:07,912810UB2,TSRYS5810883,D,S,T,2024-06-20,1000000.00,4.497849,101.65625
08:00:07,912810UB2,TSRYS5810883,D,S,D,2024-06-20,1000000.00,4.497849,101.65625
08:00:07,912810UB2,TSRYS5810883,D,S,D,2024-06-20,1000000.00,4.497849,101.65625
08:00:07,912810UB2,TSRYS5810883,D,S,D,2024-06-20,1000000.00,4.497849,101.65625
08:00:07,912810UB2,TSRYS5810883,D,S,D,2024-06-20,1000000.00,4.497849,101.65625
08:00:07,912810UB2,TSRYS5810883,D,S,D,2024-06-20,1000000.00,4.487797,101.7890625
08:00:07,912810UB2,TSRYS5810883,D,S,D,2024-06-20,1000000.00,4.488683,101.77734375
08:00:07,912810UB2,TSRYS5810883,D,S,D,2024-06-20,1000000.00,4.488683,101.77734375
08:00:07,912810UB2,TSRYS5810883,D,S,D,2024-06-20,1000000.00,4.488683,101.77734375
08:00:07,912810UB2,TSRYS5810883,D,S,D,2024-06-20,1000000.00,4.488683,101.77734375
08:00:07,912810UB2,TSRYS5810883,D,S,D,2024-06-20,1000000.00,4.488683,101.77734375
08:00:07,912810UB2,TSRYS5810883,D,S,D,2024-06-20,1000000.00,4.490751,101.75
08:00:07,912810UB2,TSRYS5810883,D,S,D,2024-06-20,1000000.00,4.490751,101.75
08:00:07,912810UB2,TSRYS5810883,D,S,D,2024-06-20,1000000.00,4.490751,101.75
08:00:07,912810UB2,TSRYS5810883,D,S,D,2024-06-20,1000000.00,4.490751,101.75
08:00:07,912810UB2,TSRYS5810883,D,S,D,2024-06-20,1000000.00,4.49016,101.7578125
08:00:07,912810UB2,TSRYS5810883,D,S,D,2024-06-20,1000000.00,4.490751,101.75
08:00:07,912810UB2,TSRYS5810883,D,S,D,2024-06-20,1000000.00,4.490751,101.75
08:00:07,912810UB2,TSRYS5810883,D,S,D,2024-06-20,1000000.00,4.490751,101.75
08:00:07,912810UB2,TSRYS5810883,D,B,C,2024-06-20,1000000.00,4.490751,101.75
08:00:07,912810UB2,TSRYS5810883,D,S,D,2024-06-20,1000000.00,4.491343,101.7421875
08:00:07,912810UB2,TSRYS5810883,D,S,D,2024-06-20,1000000.00,4.491343,101.7421875
08:00:07,912810UB2,TSRYS5810883,D,S,D,2024-06-20,1000000.00,4.491343,101.7421875
08:00:07,912810UB2,TSRYS5810883,D,S,D,2024-06-20,1000000.00,4.491343,101.7421875
08:00:10,912810UB2,TSRYS5810883,D,S,T,2024-06-20,1000000.00,4.486025,101.8125
08:00:10,912810UB2,TSRYS5810883,D,S,T,2024-06-20,1000000.00,4.494299,101.703125
08:00:10,912810UB2,TSRYS5810883,D,S,T,2024-06-20,1000000.00,4.493116,101.71875
08:00:10,912810UB2,TSRYS5810883,D,S,T,2024-06-20,1000000.00,4.497849,101.65625
08:00:10,912810UB2,TSRYS5810883,D,S,T,2024-06-20,1000000.00,4.497849,101.65625
08:00:11,912810UB2,TSRYS5810883,D,S,T,2024-06-20,1000000.00,4.489569,101.765625
08:00:18,912810UB2,TSRYS5810883,D,S,D,2024-06-20,1000000.00,4.494299,101.703125
08:00:18,912810UB2,TSRYS5810883,D,S,C,2024-06-20,2000000.00,4.490426,101.75430625
08:00:18,912810UB2,TSRYS5810883,D,S,T,2024-06-20,1000000.00,4.490456,101.75390625
08:00:18,912810UB2,TSRYS5810883,D,S,T,2024-06-20,1000000.00,4.490751,101.75
08:00:19,912810UB2,TSRYS5810883,D,S,D,2024-06-20,1000000.00,4.488388,101.78125
08:00:20,912810UB2,TSRYS5810883,D,S,D,2024-06-20,1000000.00,4.493116,101.71875
08:00:25,912810UB2,TSRYS5810883,D,S,D,2024-06-20,1000000.00,4.493116,101.71875
08:00:27,912810UB2,TSRYS5810883,D,S,T,2024-06-20,1000000.00,4.489569,101.765625
08:00:27,912810UB2,TSRYS5810883,D,S,T,2024-06-20,1000000.00,4.489569,101.765625
08:00:27,912810UB2,TSRYS5810883,D,S,T,2024-06-20,1000000.00,4.488388,101.78125
08:00:27,912810UB2,TSRYS5810883,D,S,T,2024-06-20,1000000.00,4.497849,101.65625
08:00:27,912810UB2,TSRYS5810883,D,S,T,2024-06-20,1000000.00,4.487206,101.796875
08:00:27,912810UB2,TSRYS5810883,D,S,T,2024-06-20,1000000.00,4.492968,101.720703125
08:00:27,912810UB2,TSRYS5810883,D,S,T,2024-06-20,1000000.00,4.491195,101.744140625
08:00:27,912810UB2,TSRYS5810883,D,S,T,2024-06-20,1000000.00,4.488535,101.779296875
08:00:27,912810UB2,TSRYS5810883,D,S,T,2024-06-20,1000000.00,4.491343,101.7421875
08:00:27,912810UB2,TSRYS5810883,D,S,T,2024-06-20,1000000.00,4.496074,101.6796875
08:00:27,912810UB2,TSRYS5810883,D,S,D,2024-06-20,1000000.00,4.494299,101.703125
08:00:28,912810UB2,TSRYS5810883,D,S,D,2024-06-20,1000000.00,4.497849,101.65625
08:00:28,912810UB2,TSRYS5810883,D,S,A,2024-06-20,200000.00,4.498145,101.65234375
08:00:30,912810UB2,TSRYS5810883,D,S,D,2024-06-20,1000000.00,4.492525,101.7265625
08:00:30,912810UB2,TSRYS5810883,D,S,D,2024-06-20,1000000.00,4.492525,101.7265625
08:00:30,912810UB2,TSRYS5810883,D,S,D,2024-06-20,1000000.00,4.494299,101.703125
08:00:30,912810UB2,TSRYS5810883,D,S,D,2024-06-20,1000000.00,4.494299,101.703125
08:00:30,912810UB2,TSRYS5810883,D,S,D,2024-06-20,1000000.00,4.497849,101.65625
08:00:30,912810UB2,TSRYS5810883,D,S,D,2024-06-20,1000000.00,4.497849,101.65625
08:00:30,912810UB2,TSRYS5810883,D,S,D,2024-06-20,1000000.00,4.497849,101.65625
08:00:30,912810UB2,TSRYS5810883,D,S,D,2024-06-20,1000000.00,4.49992,101.62890625
08:00:30,912810UB2,TSRYS5810883,D,S,D,2024-06-20,1000000.00,4.497849,101.65625
08:00:30,912810UB2,TSRYS5810883,D,S,D,2024-06-20,1000000.00,4.498145,101.65234375
08:00:30,912810UB2,TSRYS5810883,D,S,D,2024-06-20,1000000.00,4.494299,101.703125
08:00:30,912810UB2,TSRYS5810883,D,S,D,2024-06-20,1000000.00,4.49016,101.7578125
08:00:30,912810UB2,TSRYS5810883,D,S,D,2024-06-20,1000000.00,4.489569,101.765625
08:00:30,912810UB2,TSRYS5810883,D,S,D,2024-06-20,1000000.00,4.489569,101.765625
08:00:30,912810UB2,TSRYS5810883,D,S,D,2024-06-20,1000000.00,4.491343,101.7421875
08:00:30,912810UB2,TSRYS5810883,D,S,D,2024-06-20,1000000.00,4.491343,101.7421875
08:00:30,912810UB2,TSRYS5810883,D,S,D,2024-06-20,1000000.00,4.496665,101.671875
08:00:30,912810UB2,TSRYS5810883,D,S,D,2024-06-20,1000000.00,4.495482,101.6875
08:00:30,912810UB2,TSRYS5810883,D,S,D,2024-06-20,1000000.00,4.492377,101.728515625
08:00:30,912810UB2,TSRYS5810883,D,S,D,2024-06-20,1000000.00,4.492377,101.728515625
08:00:30,912810UB2,TSRYS5810883,D,S,D,2024-06-20,1000000.00,4.492525,101.7265625
08:00:30,912810UB2,TSRYS5810883,D,S,D,2024-06-20,1000000.00,4.492673,101.724609375
08:00:30,912810UB2,TSRYS5810883,D,S,D,2024-06-20,1000000.00,4.492525,101.7265625
08:00:30,912810UB2,TSRYS5810883,D,S,D,2024-06-20,1000000.00,4.494299,101.703125
08:00:30,912810UB2,TSRYS5810883,D,S,D,2024-06-20,1000000.00,4.498145,101.65234375
08:00:30,912810UB2,TSRYS5810883,D,S,D,2024-06-20,1000000.00,4.498145,101.65234375
08:00:30,912810UB2,TSRYS5810883,D,S,D,2024-06-20,1000000.00,4.498589,101.646484375
08:00:30,912810UB2,TSRYS5810883,D,S,D,2024-06-20,1000000.00,4.498145,101.65234375
08:00:30,912810UB2,TSRYS5810883,D,S,D,2024-06-20,1000000.00,4.496222,101.677734375
08:00:30,912810UB2,TSRYS5810883,D,S,D,2024-06-20,1000000.00,4.496222,101.677734375
08:00:30,912810UB2,TSRYS5810883,D,S,D,2024-06-20,1000000.00,4.497849,101.65625
08:00:30,912810UB2,TSRYS5810883,D,S,D,2024-06-20,1000000.00,4.497849,101.65625
08:00:30,912810UB2,TSRYS5810883,D,S,D,2024-06-20,1000000.00,4.49992,101.62890625
08:00:30,912810UB2,TSRYS5810883,D,S,D,2024-06-20,2000000.00,4.490751,101.75
08:00:30,912810UB2,TSRYS5810883,D,S,D,2024-06-20,1000000.00,4.49016,101.7578125
08:00:30,912810UB2,TSRYS5810883,D,S,D,2024-06-20,1000000.00,4.49016,101.7578125
08:00:30,912810UB2,TSRYS5810883,D,S,D,2024-06-20,1000000.00,4.49016,101.7578125
08:00:30,912810UB2,TSRYS5810883,D,S,D,2024-06-20,1000000.00,4.49016,101.7578125
08:00:30,912810UB2,TSRYS5810883,D,S,D,2024-06-20,2000000.00,4.490308,101.755859375
08:00:30,912810UB2,TSRYS5810883,D,S,D,2024-06-20,1000000.00,4.490308,101.755859375
08:00:30,912810UB2,TSRYS5810883,D,S,D,2024-06-20,1000000.00,4.489569,101.765625
08:00:30,912810UB2,TSRYS5810883,D,S,D,2024-06-20,1000000.00,4.489422,101.767578125
08:00:30,912810UB2,TSRYS5810883,D,S,D,2024-06-20,1000000.00,4.489865,101.76171875
08:00:30,912810UB2,TSRYS5810883,D,S,D,2024-06-20,1000000.00,4.49149,101.740234375
08:00:30,912810UB2,TSRYS5810883,D,S,D,2024-06-20,1000000.00,4.491343,101.7421875
08:00:30,912810UB2,TSRYS5810883,D,S,D,2024-06-20,1000000.00,4.491343,101.7421875
08:00:30,912810UB2,TSRYS5810883,D,S,D,2024-06-20,1000000.00,4.491343,101.7421875
08:00:30,912810UB2,TSRYS5810883,D,S,D,2024-06-20,1000000.00,4.491343,101.7421875
08:00:30,912810UB2,TSRYS5810883,D,S,D,2024-06-20,1000000.00,4.493116,101.71875
08:00:30,912810UB2,TSRYS5810883,D,S,D,2024-06-20,1000000.00,4.497997,101.654296875
08:00:30,912810UB2,TSRYS5810883,D,S,T,2024-06-20,1000000.00,4.487206,101.796875
08:00:30,912810UB2,TSRYS5810883,D,S,T,2024-06-20,1000000.00,4.493116,101.71875
08:00:30,912810UB2,TSRYS5810883,D,S,T,2024-06-20,1000000.00,4.492377,101.728515625
08:00:30,912810UB2,TSRYS5810883,D,S,T,2024-06-20,1000000.00,4.492525,101.7265625
08:00:30,912810UB2,TSRYS5810883,D,S,T,2024-06-20,1000000.00,4.492377,101.728515625
08:00:30,912810UB2,TSRYS5810883,D,S,T,2024-06-20,1000000.00,4.492525,101.7265625
08:00:30,912810UB2,TSRYS5810883,D,S,T,2024-06-20,1000000.00,4.492377,101.728515625
08:00:30,912810UB2,TSRYS5810883,D,S,T,2024-06-20,1000000.00,4.492377,101.728515625
08:00:30,912810UB2,TSRYS5810883,D,S,T,2024-06-20,1000000.00,4.495186,101.69140625
08:00:30,912810UB2,TSRYS5810883,D,S,T,2024-06-20,1000000.00,4.494595,101.69921875
08:00:30,912810UB2,TSRYS5810883,D,S,T,2024-06-20,1000000.00,4.497849,101.65625
08:00:30,912810UB2,TSRYS5810883,D,S,T,2024-06-20,1000000.00,4.497849,101.65625
08:00:30,912810UB2,TSRYS5810883,D,S,T,2024-06-20,1000000.00,4.499772,101.630859375
08:00:30,912810UB2,TSRYS5810883,D,S,T,2024-06-20,2000000.00,4.497849,101.65625
08:00:30,912810UB2,TSRYS5810883,D,S,T,2024-06-20,1000000.00,4.497849,101.65625
08:00:30,912810UB2,TSRYS5810883,D,S,T,2024-06-20,1000000.00,4.498737,101.64453125
08:00:30,912810UB2,TSRYS5810883,D,S,T,2024-06-20,1000000.00,4.494299,101.703125
08:00:30,912810UB2,TSRYS5810883,D,S,D,2024-06-20,1000000.00,4.490751,101.75
08:00:30,912810UB2,TSRYS5810883,D,S,T,2024-06-20,1000000.00,4.49016,101.7578125
08:00:30,912810UB2,TSRYS5810883,D,S,T,2024-06-20,1000000.00,4.49016,101.7578125
08:00:30,912810UB2,TSRYS5810883,D,S,T,2024-06-20,1000000.00,4.49016,101.7578125
08:00:30,912810UB2,TSRYS5810883,D,S,T,2024-06-20,1000000.00,4.49016,101.7578125
08:00:30,912810UB2,TSRYS5810883,D,S,T,2024-06-20,1000000.00,4.49016,101.7578125
08:00:30,912810UB2,TSRYS5810883,D,S,T,2024-06-20,1000000.00,4.49016,101.7578125
08:00:30,912810UB2,TSRYS5810883,D,S,T,2024-06-20,1000000.00,4.489422,101.767578125
08:00:30,912810UB2,TSRYS5810883,D,S,T,2024-06-20,1000000.00,4.489422,101.767578125
08:00:30,912810UB2,TSRYS5810883,D,S,T,2024-06-20,1000000.00,4.488388,101.78125
08:00:30,912810UB2,TSRYS5810883,D,S,T,2024-06-20,1000000.00,4.488388,101.78125
08:00:30,912810UB2,TSRYS5810883,D,S,T,2024-06-20,1000000.00,4.491343,101.7421875
08:00:30,912810UB2,TSRYS5810883,D,S,T,2024-06-20,1000000.00,4.49149,101.740234375
08:00:30,912810UB2,TSRYS5810883,D,S,T,2024-06-20,1000000.00,4.491343,101.7421875
08:00:30,912810UB2,TSRYS5810883,D,S,D,2024-06-20,1000000.00,4.496665,101.671875
08:00:30,912810UB2,TSRYS5810883,D,S,T,2024-06-20,1000000.00,4.496369,101.67578125
08:00:30,912810UB2,TSRYS5810883,D,S,T,2024-06-20,1000000.00,4.496369,101.67578125
08:00:30,912810UB2,TSRYS5810883,D,S,T,2024-06-20,1000000.00,4.498145,101.65234375
08:00:30,912810UB2,TSRYS5810883,D,S,T,2024-06-20,1000000.00,4.497997,101.654296875
08:00:30,912810UB2,TSRYS5810883,D,S,D,2024-06-20,1000000.00,4.496961,101.66796875
08:00:30,912810UB2,TSRYS5810883,D,S,T,2024-06-20,1000000.00,4.496665,101.671875
08:00:30,912810UB2,TSRYS5810883,D,S,D,2024-06-20,1000000.00,4.496961,101.66796875
08:00:30,912810UB2,TSRYS5810883,D,S,T,2024-06-20,1000000.00,4.496665,101.671875
08:00:30,912810UB2,TSRYS5810883,D,S,T,2024-06-20,1000000.00,4.496961,101.66796875
08:00:30,912810UB2,TSRYS5810883,D,S,D,2024-06-20,1000000.00,4.496961,101.66796875
08:00:30,912810UB2,TSRYS5810883,D,S,T,2024-06-20,1000000.00,4.495482,101.6875
08:00:30,912810UB2,TSRYS5810883,D,S,T,2024-06-20,1000000.00,4.496665,101.671875
08:00:30,912810UB2,TSRYS5810883,D,S,T,2024-06-20,1000000.00,4.496665,101.671875
08:00:30,912810UB2,TSRYS5810883,D,S,T,2024-06-20,1000000.00,4.496665,101.671875
08:00:30,912810UB2,TSRYS5810883,D,S,D,2024-06-20,1000000.00,4.499032,101.640625
08:00:30,912810UB2,TSRYS5810883,D,S,D,2024-06-20,1000000.00,4.496961,101.66796875
08:00:30,912810UB2,TSRYS5810883,D,S,T,2024-06-20,1000000.00,4.474224,101.96875
08:00:30,912810UB2,TSRYS5810883,D,S,T,2024-06-20,1000000.00,4.474224,101.96875
08:00:30,912810UB2,TSRYS5810883,D,S,T,2024-06-20,1000000.00,4.474224,101.96875
08:00:30,912810UB2,TSRYS5810883,D,S,T,2024-06-20,1000000.00,4.474224,101.96875
08:00:31,912810UB2,TSRYS5810883,D,S,T,2024-06-20,1000000.00,4.478942,101.90625
08:00:31,912810UB2,TSRYS5810883,D,S,T,2024-06-20,1000000.00,4.478942,101.90625
08:00:31,912810UB2,TSRYS5810883,D,S,T,2024-06-20,1000000.00,4.478942,101.90625
08:00:31,912810UB2,TSRYS5810883,D,S,T,2024-06-20,1000000.00,4.481892,101.8671875
08:00:31,912810UB2,TSRYS5810883,D,S,T,2024-06-20,1000000.00,4.487206,101.796875
08:00:31,912810UB2,TSRYS5810883,D,S,T,2024-06-20,1000000.00,4.484253,101.8359375
08:00:31,912810UB2,TSRYS5810883,D,S,T,2024-06-20,1000000.00,4.484253,101.8359375
08:00:31,912810UB2,TSRYS5810883,D,S,T,2024-06-20,1000000.00,4.484253,101.8359375
08:00:31,912810UB2,TSRYS5810883,D,S,T,2024-06-20,1000000.00,4.484253,101.8359375
08:00:31,912810UB2,TSRYS5810883,D,S,T,2024-06-20,1000000.00,4.484253,101.8359375
08:00:31,912810UB2,TSRYS5810883,D,S,T,2024-06-20,1000000.00,4.484253,101.8359375
08:00:31,912810UB2,TSRYS5810883,D,S,T,2024-06-20,1000000.00,4.484253,101.8359375
08:00:31,912810UB2,TSRYS5810883,D,S,T,2024-06-20,1000000.00,4.484253,101.8359375
08:00:31,912810UB2,TSRYS5810883,D,S,T,2024-06-20,1000000.00,4.484253,101.8359375
08:00:31,912810UB2,TSRYS5810883,D,S,T,2024-06-20,1000000.00,4.484253,101.8359375
08:00:31,912810UB2,TSRYS5810883,D,S,T,2024-06-20,1000000.00,4.487206,101.796875
08:00:31,912810UB2,TSRYS5810883,D,S,T,2024-06-20,1000000.00,4.487206,101.796875
08:00:31,912810UB2,TSRYS5810883,D,S,T,2024-06-20,1000000.00,4.487206,101.796875
08:00:31,912810UB2,TSRYS5810883,D,S,T,2024-06-20,1000000.00,4.487206,101.796875
08:00:31,912810UB2,TSRYS5810883,D,S,T,2024-06-20,1000000.00,4.487206,101.796875
08:00:31,912810UB2,TSRYS5810883,D,S,T,2024-06-20,1000000.00,4.487206,101.796875
08:00:31,912810UB2,TSRYS5810883,D,S,T,2024-06-20,1000000.00,4.487206,101.796875
08:00:31,912810UB2,TSRYS5810883,D,S,T,2024-06-20,1000000.00,4.487206,101.796875
08:00:31,912810UB2,TSRYS5810883,D,S,T,2024-06-20,1000000.00,4.487206,101.796875
08:00:31,912810UB2,TSRYS5810883,D,S,T,2024-06-20,1000000.00,4.488978,101.7734375
08:00:31,912810UB2,TSRYS5810883,D,S,T,2024-06-20,1000000.00,4.488978,101.7734375
08:00:31,912810UB2,TSRYS5810883,D,S,T,2024-06-20,1000000.00,4.488978,101.7734375
08:00:31,912810UB2,TSRYS5810883,D,S,T,2024-06-20,1000000.00,4.491934,101.734375
08:00:31,912810UB2,TSRYS5810883,D,S,T,2024-06-20,1000000.00,4.494003,101.70703125
08:00:31,912810UB2,TSRYS5810883,D,S,T,2024-06-20,1000000.00,4.494299,101.703125
08:00:31,912810UB2,TSRYS5810883,D,S,T,2024-06-20,1000000.00,4.494299,101.703125
08:00:31,912810UB2,TSRYS5810883,D,S,T,2024-06-20,1000000.00,4.494299,101.703125
08:00:31,912810UB2,TSRYS5810883,D,S,T,2024-06-20,1000000.00,4.494299,101.703125
08:00:31,912810UB2,TSRYS5810883,D,S,T,2024-06-20,1000000.00,4.495186,101.69140625
08:00:31,912810UB2,TSRYS5810883,D,S,T,2024-06-20,1000000.00,4.491934,101.734375
08:00:31,912810UB2,TSRYS5810883,D,S,T,2024-06-20,1000000.00,4.494447,101.701171875
08:00:31,912810UB2,TSRYS5810883,D,S,T,2024-06-20,1000000.00,4.494299,101.703125
08:00:31,912810UB2,TSRYS5810883,D,S,T,2024-06-20,1000000.00,4.492673,101.724609375
08:00:31,912810UB2,TSRYS5810883,D,S,T,2024-06-20,1000000.00,4.493116,101.71875
08:00:31,912810UB2,TSRYS5810883,D,S,T,2024-06-20,1000000.00,4.493264,101.716796875
08:00:31,912810UB2,TSRYS5810883,D,S,T,2024-06-20,1000000.00,4.494299,101.703125
08:00:31,912810UB2,TSRYS5810883,D,S,T,2024-06-20,1000000.00,4.493116,101.71875
08:00:31,912810UB2,TSRYS5810883,D,S,T,2024-06-20,1000000.00,4.490604,101.751953125
08:00:31,912810UB2,TSRYS5810883,D,S,T,2024-06-20,1000000.00,4.490604,101.751953125
08:00:31,912810UB2,TSRYS5810883,D,S,T,2024-06-20,1000000.00,4.490604,101.751953125
08:00:31,912810UB2,TSRYS5810883,D,S,T,2024-06-20,1000000.00,4.491047,101.74609375
08:00:31,912810UB2,TSRYS5810883,D,S,T,2024-06-20,1000000.00,4.493116,101.71875
08:00:31,912810UB2,TSRYS5810883,D,S,T,2024-06-20,1000000.00,4.493116,101.71875
08:00:31,912810UB2,TSRYS5810883,D,S,T,2024-06-20,1000000.00,4.491934,101.734375
08:00:31,912810UB2,TSRYS5810883,D,S,T,2024-06-20,1000000.00,4.489865,101.76171875
08:00:31,912810UB2,TSRYS5810883,D,S,T,2024-06-20,1000000.00,4.490751,101.75
08:00:31,912810UB2,TSRYS5810883,D,S,T,2024-06-20,1000000.00,4.494299,101.703125
08:00:31,912810UB2,TSRYS5810883,D,S,T,2024-06-20,1000000.00,4.494299,101.703125
08:00:31,912810UB2,TSRYS5810883,D,S,T,2024-06-20,1000000.00,4.496665,101.671875
08:00:31,912810UB2,TSRYS5810883,D,S,T,2024-06-20,1000000.00,4.496813,101.669921875
08:00:31,912810UB2,TSRYS5810883,D,S,T,2024-06-20,1000000.00,4.490604,101.751953125
08:00:31,912810UB2,TSRYS5810883,D,S,T,2024-06-20,1000000.00,4.490751,101.75
08:00:31,912810UB2,TSRYS5810883,D,S,T,2024-06-20,1000000.00,4.490751,101.75
08:00:31,912810UB2,TSRYS5810883,D,S,T,2024-06-20,1000000.00,4.490751,101.75
08:00:31,912810UB2,TSRYS5810883,D,S,T,2024-06-20,1000000.00,4.490751,101.75
08:00:31,912810UB2,TSRYS5810883,D,S,T,2024-06-20,1000000.00,4.490604,101.751953125
08:00:31,912810UB2,TSRYS5810883,D,S,T,2024-06-20,1000000.00,4.491934,101.734375
08:00:31,912810UB2,TSRYS5810883,D,S,T,2024-06-20,1000000.00,4.496665,101.671875
08:00:31,912810UB2,TSRYS5810883,D,S,T,2024-06-20,1000000.00,4.496665,101.671875
08:00:31,912810UB2,TSRYS5810883,D,S,T,2024-06-20,1000000.00,4.496665,101.671875
08:00:31,912810UB2,TSRYS5810883,D,S,T,2024-06-20,1000000.00,4.497849,101.65625
08:00:31,912810UB2,TSRYS5810883,D,S,T,2024-06-20,1000000.00,4.497849,101.65625
08:00:31,912810UB2,TSRYS5810883,D,S,T,2024-06-20,1000000.00,4.493412,101.71484375
08:00:31,912810UB2,TSRYS5810883,D,S,T,2024-06-20,1000000.00,4.494447,101.701171875
08:00:31,912810UB2,TSRYS5810883,D,S,T,2024-06-20,1000000.00,4.493116,101.71875
08:00:31,912810UB2,TSRYS5810883,D,S,T,2024-06-20,1000000.00,4.494299,101.703125
08:00:31,912810UB2,TSRYS5810883,D,S,T,2024-06-20,1000000.00,4.488388,101.78125
08:00:31,912810UB2,TSRYS5810883,D,S,T,2024-06-20,1000000.00,4.489274,101.76953125
08:00:31,912810UB2,TSRYS5810883,D,S,T,2024-06-20,1000000.00,4.489569,101.765625
08:00:31,912810UB2,TSRYS5810883,D,S,T,2024-06-20,2000000.00,4.487354,101.794921875
08:00:31,912810UB2,TSRYS5810883,D,S,T,2024-06-20,2000000.00,4.489422,101.767578125
08:00:31,912810UB2,TSRYS5810883,D,S,T,2024-06-20,1000000.00,4.49016,101.7578125
08:00:31,912810UB2,TSRYS5810883,D,S,T,2024-06-20,1000000.00,4.49016,101.7578125
08:00:31,912810UB2,TSRYS5810883,D,S,T,2024-06-20,1000000.00,4.489569,101.765625
08:00:31,912810UB2,TSRYS5810883,D,S,T,2024-06-20,1000000.00,4.489569,101.765625
08:00:31,912810UB2,TSRYS5810883,D,S,T,2024-06-20,1000000.00,4.489569,101.765625
08:00:31,912810UB2,TSRYS5810883,D,S,T,2024-06-20,2000000.00,4.489569,101.765625
08:00:31,912810UB2,TSRYS5810883,D,S,T,2024-06-20,1000000.00,4.489569,101.765625
08:00:31,912810UB2,TSRYS5810883,D,S,T,2024-06-20,1000000.00,4.488388,101.78125
08:00:31,912810UB2,TSRYS5810883,D,S,T,2024-06-20,1000000.00,4.488388,101.78125
08:00:31,912810UB2,TSRYS5810883,D,S,T,2024-06-20,1000000.00,4.488388,101.78125
08:00:31,912810UB2,TSRYS5810883,D,S,T,2024-06-20,1000000.00,4.488388,101.78125
08:00:31,912810UB2,TSRYS5810883,D,S,T,2024-06-20,1000000.00,4.488388,101.78125
08:00:31,912810UB2,TSRYS5810883,D,S,T,2024-06-20,1000000.00,4.488388,101.78125
08:00:31,912810UB2,TSRYS5810883,D,S,T,2024-06-20,1000000.00,4.488388,101.78125
08:00:31,912810UB2,TSRYS5810883,D,S,T,2024-06-20,1000000.00,4.49149,101.740234375
08:00:31,912810UB2,TSRYS5810883,D,S,T,2024-06-20,1000000.00,4.496665,101.671875
08:00:31,912810UB2,TSRYS5810883,D,S,T,2024-06-20,1000000.00,4.498441,101.6484375
08:00:31,912810UB2,TSRYS5810883,D,S,T,2024-06-20,1000000.00,4.498441,101.6484375
08:00:31,912810UB2,TSRYS5810883,D,S,T,2024-06-20,1000000.00,4.497257,101.6640625
08:00:31,912810UB2,TSRYS5810883,D,B,A,2024-06-20,1700000.00,4.483663,101.84375
08:00:31,912810UB2,TSRYS5810883,D,B,A,2024-06-20,1000000.00,4.486562,101.8046875
08:00:34,912810UB2,TSRYS5810883,D,S,D,2024-06-20,1000000.00,4.494299,101.703125
08:00:34,912810UB2,TSRYS5810883,D,S,T,2024-06-20,1000000.00,4.491934,101.734375
08:00:34,912810UB2,TSRYS5810883,D,B,C,2024-06-20,1000000.00,4.497849,101.65625
08:00:34,912810UB2,TSRYS5810883,D,S,T,2024-06-20,1000000.00,4.493855,101.708984375
08:00:34,912810UB2,TSRYS5810883,D,S,T,2024-06-20,1000000.00,4.494299,101.703125
08:00:34,912810UB2,TSRYS5810883,D,S,T,2024-06-20,1000000.00,4.491934,101.734375
08:00:34,912810UB2,TSRYS5810883,D,S,T,2024-06-20,1000000.00,4.490751,101.75
08:00:34,912810UB2,TSRYS5810883,D,S,T,2024-06-20,1000000.00,4.491934,101.734375
08:00:34,912810UB2,TSRYS5810883,D,S,T,2024-06-20,1000000.00,4.491934,101.734375
08:00:34,912810UB2,TSRYS5810883,D,S,T,2024-06-20,1000000.00,4.491934,101.734375
08:00:34,912810UB2,TSRYS5810883,D,S,T,2024-06-20,1000000.00,4.491934,101.734375
08:00:34,912810UB2,TSRYS5810883,D,S,T,2024-06-20,2000000.00,4.49356,101.712890625
08:00:34,912810UB2,TSRYS5810883,D,S,T,2024-06-20,1000000.00,4.490751,101.75
08:00:35,912810UB2,TSRYS5810883,D,S,T,2024-06-20,1000000.00,4.494299,101.703125
08:00:36,912810UB2,TSRYS5810883,D,S,T,2024-06-20,1000000.00,4.491934,101.734375
08:00:37,912810UB2,TSRYS5810883,D,S,T,2024-06-20,1000000.00,4.491934,101.734375
08:00:37,912810UB2,TSRYS5810883,D,S,T,2024-06-20,1000000.00,4.494299,101.703125
08:00:37,912810UB2,TSRYS5810883,D,S,T,2024-06-20,1000000.00,4.490751,101.75
08:00:38,912810UB2,TSRYS5810883,D,B,A,2024-06-20,1000000.00,4.492525,101.7265625
08:00:38,912810UB2,TSRYS5810883,D,B,C,2024-06-20,25084000.00,4.492229,101.73046875
08:00:38,912810UB2,TSRYS5810883,D,S,A,2024-06-20,7000000.00,4.494003,101.70703125
08:00:38,912810UB2,TSRYS5810883,D,B,A,2024-06-20,285000.00,4.493116,101.71875
08:00:38,912810UB2,TSRYS5810883,D,B,C,2024-06-20,24787000.00,4.495482,101.6875
08:00:38,912810UB2,TSRYS5810883,D,S,T,2024-06-20,1000000.00,4.492525,101.7265625
08:00:38,912810UB2,TSRYS5810883,D,S,T,2024-06-20,1000000.00,4.494595,101.69921875
08:00:38,912810UB2,TSRYS5810883,D,B,C,2024-06-20,1000000.00,4.491934,101.734375
08:00:38,912810UB2,TSRYS5810883,D,S,D,2024-06-20,1000000.00,4.489569,101.765625
08:00:38,912810UB2,TSRYS5810883,D,S,A,2024-06-20,250000.00,4.491047,101.74609375
08:00:38,912810UB2,TSRYS5810883,D,S,T,2024-06-20,1000000.00,4.490751,101.75
08:00:39,912810UB2,TSRYS5810883,D,S,C,2024-06-20,4880000.00,4.493116,101.71875
08:00:39,912810UB2,TSRYS5810883,D,S,A,2024-06-20,510000.00,4.49016,101.7578125
08:00:39,912810UB2,TSRYS5810883,D,S,T,2024-06-20,1000000.00,4.489569,101.765625
08:00:39,912810UB2,TSRYS5810883,D,S,T,2024-06-20,2000000.00,4.499772,101.630859375
08:00:42,912810UB2,TSRYS5810883,D,S,T,2024-06-20,1000000.00,4.495778,101.68359375
08:00:42,912810UB2,TSRYS5810883,D,S,D,2024-06-20,200000.00,4.496369,101.67578125
08:00:42,912810UB2,TSRYS5810883,D,S,C,2024-06-20,50000000.00,4.485732,101.816375
08:00:42,912810UB2,TSRYS5810883,D,S,A,2024-06-20,300000.00,4.490751,101.75
08:00:42,912810UB2,TSRYS5810883,D,S,C,2024-06-20,3025400.00,4.488978,101.7734375
08:00:42,912810UB2,TSRYS5810883,D,S,T,2024-06-20,3300000.00,4.528703,101.25
08:00:42,912810UB2,TSRYS5810883,D,S,T,2024-06-20,1000000.00,4.491343,101.7421875
08:00:42,912810UB2,TSRYS5810883,D,S,T,2024-06-20,2000000.00,4.493412,101.71484375
08:00:42,912810UB2,TSRYS5810883,D,S,T,2024-06-20,1000000.00,4.494299,101.703125
08:00:42,912810UB2,TSRYS5810883,D,S,C,2024-06-20,1626000.00,4.496961,101.66796875
08:00:42,912810UB2,TSRYS5810883,D,S,T,2024-06-20,2000000.00,4.499772,101.630859375
08:00:42,912810UB2,TSRYS5810883,D,S,T,2024-06-20,1000000.00,4.489569,101.765625
08:00:42,912810UB2,TSRYS5810883,D,S,T,2024-06-20,1000000.00,4.497849,101.65625
08:00:42,912810UB2,TSRYS5810883,D,S,T,2024-06-20,1000000.00,4.490751,101.75
08:00:42,912810UB2,TSRYS5810883,D,S,T,2024-06-20,1000000.00,4.489569,101.765625
08:00:42,912810UB2,TSRYS5810883,D,S,T,2024-06-20,1000000.00,4.500216,101.625
08:00:42,912810UB2,TSRYS5810883,D,S,T,2024-06-20,1000000.00,4.489569,101.765625
08:00:42,912810UB2,TSRYS5810883,D,S,T,2024-06-20,1000000.00,4.489569,101.765625
08:00:42,912810UB2,TSRYS5810883,D,S,T,2024-06-20,1000000.00,4.491934,101.734375
08:00:42,912810UB2,TSRYS5810883,D,S,T,2024-06-20,1000000.00,4.489569,101.765625
08:00:42,912810UB2,TSRYS5810883,D,S,T,2024-06-20,1000000.00,4.486763,101.802734375
08:00:43,912810UB2,TSRYS5810883,D,S,D,2024-06-20,1000000.00,4.489569,101.765625
08:00:43,912810UB2,TSRYS5810883,D,S,T,2024-06-20,1000000.00,4.488388,101.78125
08:00:43,912810UB2,TSRYS5810883,D,S,T,2024-06-20,1000000.00,4.488388,101.78125
08:00:43,912810UB2,TSRYS5810883,D,S,T,2024-06-20,1000000.00,4.488388,101.78125
08:00:43,912810UB2,TSRYS5810883,D,S,T,2024-06-20,1000000.00,4.488388,101.78125
08:00:43,912810UB2,TSRYS5810883,D,S,T,2024-06-20,1000000.00,4.483072,101.8515625
08:00:43,912810UB2,TSRYS5810883,D,S,A,2024-06-20,20000.00,4.489865,101.76171875
08:00:43,912810UB2,TSRYS5810883,D,B,A,2024-06-20,160000.00,4.488978,101.7734375
08:00:44,912810UB2,TSRYS5810883,D,S,T,2024-06-20,2000000.00,4.489569,101.765625
08:00:46,912810UB2,TSRYS5810883,D,S,D,2024-06-20,1000000.00,4.497849,101.65625
08:00:47,912810UB2,TSRYS5810883,D,B,A,2024-06-20,80000.00,4.489274,101.76953125
08:00:47,912810UB2,TSRYS5810883,D,S,A,2024-06-20,110000.00,4.489569,101.765625
08:00:47,912810UB2,TSRYS5810883,D,B,A,2024-06-20,150000.00,4.488683,101.77734375
08:00:48,912810UB2,TSRYS5810883,D,S,A,2024-06-20,260000.00,4.490146,101.758
08:00:48,912810UB2,TSRYS5810883,D,S,A,2024-06-20,770000.00,4.494003,101.70703125
08:00:49,912810UB2,TSRYS5810883,D,S,T,2024-06-20,1000000.00,4.499476,101.634765625
08:00:49,912810UB2,TSRYS5810883,D,S,T,2024-06-20,1000000.00,4.499328,101.63671875
08:00:50,912810UB2,TSRYS5810883,D,S,D,2024-06-20,1000000.00,4.497849,101.65625
08:00:50,912810UB2,TSRYS5810883,D,S,D,2024-06-20,1000000.00,4.498145,101.65234375
08:00:50,912810UB2,TSRYS5810883,D,S,D,2024-06-20,1000000.00,4.499328,101.63671875
08:00:50,912810UB2,TSRYS5810883,D,S,D,2024-06-20,1000000.00,4.496961,101.66796875
08:00:50,912810UB2,TSRYS5810883,D,S,D,2024-06-20,1000000.00,4.496961,101.66796875
08:00:50,912810UB2,TSRYS5810883,D,S,D,2024-06-20,1000000.00,4.494299,101.703125
08:00:51,912810UB2,TSRYS5810883,D,S,T,2024-06-20,1000000.00,4.499476,101.634765625
08:00:51,912810UB2,TSRYS5810883,D,S,T,2024-06-20,1000000.00,4.491934,101.734375
08:00:52,912810UB2,TSRYS5810883,D,S,D,2024-06-20,1000000.00,4.489569,101.765625
08:00:52,912810UB2,TSRYS5810883,D,S,D,2024-06-20,1000000.00,4.487797,101.7890625
08:00:52,912810UB2,TSRYS5810883,D,S,D,2024-06-20,1000000.00,4.488683,101.77734375
08:00:52,912810UB2,TSRYS5810883,D,S,D,2024-06-20,1000000.00,4.488683,101.77734375
08:00:52,912810UB2,TSRYS5810883,D,S,D,2024-06-20,1000000.00,4.488683,101.77734375
08:00:52,912810UB2,TSRYS5810883,D,S,D,2024-06-20,1000000.00,4.488683,101.77734375
08:00:52,912810UB2,TSRYS5810883,D,S,D,2024-06-20,1000000.00,4.488683,101.77734375
08:00:52,912810UB2,TSRYS5810883,D,B,C,2024-06-20,1000000.00,4.488683,101.77734375
08:00:52,912810UB2,TSRYS5810883,D,S,T,2024-06-20,1000000.00,4.496665,101.671875
08:00:52,912810UB2,TSRYS5810883,D,S,T,2024-06-20,1000000.00,4.496665,101.671875
08:00:52,912810UB2,TSRYS5810883,D,S,T,2024-06-20,1000000.00,4.496665,101.671875
08:00:52,912810UB2,TSRYS5810883,D,S,T,2024-06-20,1000000.00,4.496369,101.67578125
08:00:53,912810UB2,TSRYS5810883,D,B,C,2024-06-20,2000000.00,4.490991,101.74569375
08:00:53,912810UB2,TSRYS5810883,D,B,C,2024-06-20,1000000.00,4.488683,101.77734375
08:00:53,912810UB2,TSRYS5810883,D,B,C,2024-06-20,1000000.00,4.488683,101.77734375
08:00:53,912810UB2,TSRYS5810883,D,S,D,2024-06-20,3000000.00,4.48866,101.77764375
08:00:53,912810UB2,TSRYS5810883,D,S,D,2024-06-20,1000000.00,4.491638,101.73828125
08:00:53,912810UB2,TSRYS5810883,D,S,D,2024-06-20,1000000.00,4.491047,101.74609375
08:00:53,912810UB2,TSRYS5810883,D,S,D,2024-06-20,1000000.00,4.491047,101.74609375
08:00:53,912810UB2,TSRYS5810883,D,S,D,2024-06-20,1000000.00,4.491047,101.74609375
08:00:53,912810UB2,TSRYS5810883,D,S,D,2024-06-20,1000000.00,4.491047,101.74609375
08:00:53,912810UB2,TSRYS5810883,D,S,D,2024-06-20,1000000.00,4.491047,101.74609375
08:00:53,912810UB2,TSRYS5810883,D,S,D,2024-06-20,1000000.00,4.491047,101.74609375
08:00:53,912810UB2,TSRYS5810883,D,S,D,2024-06-20,1000000.00,4.491047,101.74609375
08:00:53,912810UB2,TSRYS5810883,D,S,T,2024-06-20,1000000.00,4.487206,101.796875
08:00:53,912810UB2,TSRYS5810883,D,S,D,2024-06-20,1000000.00,4.491047,101.74609375
08:00:53,912810UB2,TSRYS5810883,D,S,D,2024-06-20,1000000.00,4.491047,101.74609375
08:00:53,912810UB2,TSRYS5810883,D,S,D,2024-06-20,1000000.00,4.491047,101.74609375
08:00:53,912810UB2,TSRYS5810883,D,S,T,2024-06-20,1000000.00,4.499476,101.634765625
08:00:54,912810UB2,TSRYS5810883,D,S,T,2024-06-20,1000000.00,4.488388,101.78125
08:00:54,912810UB2,TSRYS5810883,D,S,T,2024-06-20,1000000.00,4.489725,101.763571875
08:00:54,912810UB2,TSRYS5810883,D,S,T,2024-06-20,1000000.00,4.490611,101.751853125
08:00:54,912810UB2,TSRYS5810883,D,S,T,2024-06-20,1000000.00,4.490907,101.747946875
08:00:54,912810UB2,TSRYS5810883,D,S,T,2024-06-20,2000000.00,4.488388,101.78125
08:00:54,912810UB2,TSRYS5810883,D,S,T,2024-06-20,1000000.00,4.490907,101.747946875
08:00:54,912810UB2,TSRYS5810883,D,S,T,2024-06-20,1000000.00,4.491343,101.7421875
08:00:54,912810UB2,TSRYS5810883,D,S,T,2024-06-20,1000000.00,4.488388,101.78125
08:00:54,912810UB2,TSRYS5810883,D,S,T,2024-06-20,1000000.00,4.488388,101.78125
08:00:54,912810UB2,TSRYS5810883,D,S,T,2024-06-20,1000000.00,4.488388,101.78125
08:00:54,912810UB2,TSRYS5810883,D,S,T,2024-06-20,1000000.00,4.500224,101.6249
08:00:54,912810UB2,TSRYS5810883,D,S,T,2024-06-20,1000000.00,4.497109,101.666015625
08:00:54,912810UB2,TSRYS5810883,D,S,T,2024-06-20,1000000.00,4.497109,101.666015625
08:00:54,912810UB2,TSRYS5810883,D,S,T,2024-06-20,1000000.00,4.489569,101.765625
08:00:55,912810UB2,TSRYS5810883,D,S,T,2024-06-20,1000000.00,4.491047,101.74609375
08:00:55,912810UB2,TSRYS5810883,D,S,D,2024-06-20,1000000.00,4.491047,101.74609375
08:00:55,912810UB2,TSRYS5810883,D,S,T,2024-06-20,1000000.00,4.488683,101.77734375
08:00:55,912810UB2,TSRYS5810883,D,S,T,2024-06-20,1000000.00,4.491047,101.74609375
08:00:55,912810UB2,TSRYS5810883,D,S,D,2024-06-20,1000000.00,4.491047,101.74609375
08:00:55,912810UB2,TSRYS5810883,D,S,T,2024-06-20,1000000.00,4.489569,101.765625
08:00:55,912810UB2,TSRYS5810883,D,S,T,2024-06-20,1000000.00,4.491047,101.74609375
08:00:55,912810UB2,TSRYS5810883,D,S,T,2024-06-20,1000000.00,4.494891,101.6953125
08:00:56,912810UB2,TSRYS5810883,D,S,T,2024-06-20,1000000.00,4.493116,101.71875
08:00:56,912810UB2,TSRYS5810883,D,S,T,2024-06-20,1000000.00,4.491047,101.74609375
08:00:56,912810UB2,TSRYS5810883,D,S,T,2024-06-20,1000000.00,4.491195,101.744140625
08:00:56,912810UB2,TSRYS5810883,D,S,T,2024-06-20,1000000.00,4.491047,101.74609375
08:00:56,912810UB2,TSRYS5810883,D,S,T,2024-06-20,1000000.00,4.490013,101.759765625
08:00:56,912810UB2,TSRYS5810883,D,S,D,2024-06-20,1000000.00,4.491047,101.74609375
08:00:56,912810UB2,TSRYS5810883,D,S,T,2024-06-20,1000000.00,4.491047,101.74609375
08:00:56,912810UB2,TSRYS5810883,D,S,T,2024-06-20,1000000.00,4.491047,101.74609375
08:00:56,912810UB2,TSRYS5810883,D,S,T,2024-06-20,1000000.00,4.491047,101.74609375
08:00:56,912810UB2,TSRYS5810883,D,S,T,2024-06-20,1000000.00,4.491047,101.74609375
08:00:56,912810UB2,TSRYS5810883,D,S,T,2024-06-20,1000000.00,4.490899,101.748046875
08:00:56,912810UB2,TSRYS5810883,D,S,T,2024-06-20,1000000.00,4.491047,101.74609375
08:00:56,912810UB2,TSRYS5810883,D,S,T,2024-06-20,1000000.00,4.499476,101.634765625
08:00:56,912810UB2,TSRYS5810883,D,S,D,2024-06-20,1000000.00,4.491047,101.74609375
08:00:56,912810UB2,TSRYS5810883,D,S,T,2024-06-20,1000000.00,4.490899,101.748046875
08:00:56,912810UB2,TSRYS5810883,D,S,D,2024-06-20,1000000.00,4.491047,101.74609375
08:00:56,912810UB2,TSRYS5810883,D,S,D,2024-06-20,1000000.00,4.491047,101.74609375
08:00:56,912810UB2,TSRYS5810883,D,S,D,2024-06-20,1000000.00,4.491047,101.74609375
08:00:56,912810UB2,TSRYS5810883,D,S,D,2024-06-20,1000000.00,4.491047,101.74609375
08:00:56,912810UB2,TSRYS5810883,D,S,D,2024-06-20,1000000.00,4.491047,101.74609375
08:00:56,912810UB2,TSRYS5810883,D,S,D,2024-06-20,1000000.00,4.491638,101.73828125
08:00:57,912810UB2,TSRYS5810883,D,S,D,2024-06-20,1000000.00,4.491047,101.74609375
08:00:57,912810UB2,TSRYS5810883,D,S,D,2024-06-20,1000000.00,4.491047,101.74609375
08:00:57,912810UB2,TSRYS5810883,D,S,D,2024-06-20,1000000.00,4.490751,101.75
08:00:57,912810UB2,TSRYS5810883,D,S,D,2024-06-20,2000000.00,4.490751,101.75
08:00:57,912810UB2,TSRYS5810883,D,S,D,2024-06-20,1000000.00,4.490751,101.75
08:00:57,912810UB2,TSRYS5810883,D,S,D,2024-06-20,2000000.00,4.490751,101.75
08:00:57,912810UB2,TSRYS5810883,D,S,D,2024-06-20,1000000.00,4.496961,101.66796875
08:00:57,912810UB2,TSRYS5810883,D,S,D,2024-06-20,1000000.00,4.491047,101.74609375
08:00:57,912810UB2,TSRYS5810883,D,S,T,2024-06-20,1000000.00,4.490751,101.75
08:00:57,912810UB2,TSRYS5810883,D,S,D,2024-06-20,2000000.00,4.490751,101.75
08:00:57,912810UB2,TSRYS5810883,D,S,D,2024-06-20,1000000.00,4.491047,101.74609375
08:00:58,912810UB2,TSRYS5810883,D,S,T,2024-06-20,1000000.00,4.490899,101.748046875
08:00:58,912810UB2,TSRYS5810883,D,S,T,2024-06-20,1000000.00,4.490899,101.748046875
08:00:58,912810UB2,TSRYS5810883,D,S,T,2024-06-20,1000000.00,4.491047,101.74609375
08:00:58,912810UB2,TSRYS5810883,D,S,T,2024-06-20,1000000.00,4.491047,101.74609375
08:00:58,912810UB2,TSRYS5810883,D,S,D,2024-06-20,1000000.00,4.492229,101.73046875
08:00:58,912810UB2,TSRYS5810883,D,S,D,2024-06-20,1000000.00,4.492229,101.73046875
08:00:58,912810UB2,TSRYS5810883,D,S,D,2024-06-20,1000000.00,4.492229,101.73046875
08:00:58,912810UB2,TSRYS5810883,D,S,D,2024-06-20,1000000.00,4.492229,101.73046875
08:00:58,912810UB2,TSRYS5810883,D,S,D,2024-06-20,1000000.00,4.493708,101.7109375
08:00:58,912810UB2,TSRYS5810883,D,S,D,2024-06-20,1000000.00,4.494595,101.69921875
08:00:58,912810UB2,TSRYS5810883,D,S,D,2024-06-20,1000000.00,4.494595,101.69921875
08:00:58,912810UB2,TSRYS5810883,D,S,D,2024-06-20,1000000.00,4.497849,101.65625
08:00:58,912810UB2,TSRYS5810883,D,S,T,2024-06-20,1000000.00,4.490751,101.75
08:00:58,912810UB2,TSRYS5810883,D,S,T,2024-06-20,1000000.00,4.490751,101.75
08:00:58,912810UB2,TSRYS5810883,D,S,D,2024-06-20,1000000.00,4.497553,101.66015625
08:00:58,912810UB2,TSRYS5810883,D,S,T,2024-06-20,1000000.00,4.491638,101.73828125
08:00:59,912810UB2,TSRYS5810883,D,S,D,2024-06-20,1000000.00,4.491047,101.74609375
08:00:59,912810UB2,TSRYS5810883,D,S,D,2024-06-20,1000000.00,4.491047,101.74609375
08:00:59,912810UB2,TSRYS5810883,D,S,T,2024-06-20,1000000.00,4.49016,101.7578125
08:00:59,912810UB2,TSRYS5810883,D,S,T,2024-06-20,1000000.00,4.490899,101.748046875
08:00:59,912810UB2,TSRYS5810883,D,S,T,2024-06-20,1000000.00,4.490751,101.75
08:00:59,912810UB2,TSRYS5810883,D,S,D,2024-06-20,1000000.00,4.497553,101.66015625
08:00:59,912810UB2,TSRYS5810883,D,S,D,2024-06-20,1000000.00,4.499328,101.63671875
08:00:59,912810UB2,TSRYS5810883,D,S,D,2024-06-20,1000000.00,4.499328,101.63671875
08:00:59,912810UB2,TSRYS5810883,D,S,T,2024-06-20,1000000.00,4.497849,101.65625
08:00:59,912810UB2,TSRYS5810883,D,S,D,2024-06-20,1000000.00,4.491047,101.74609375
08:00:59,912810UB2,TSRYS5810883,D,S,D,2024-06-20,1000000.00,4.491047,101.74609375
08:01:00,912810UB2,TSRYS5810883,D,S,D,2024-06-20,1000000.00,4.499328,101.63671875
08:01:00,912810UB2,TSRYS5810883,D,S,D,2024-06-20,1000000.00,4.499328,101.63671875
08:01:00,912810UB2,TSRYS5810883,D,S,D,2024-06-20,1000000.00,4.499624,101.6328125
08:01:00,912810UB2,TSRYS5810883,D,S,D,2024-06-20,1000000.00,4.499328,101.63671875
08:01:00,912810UB2,TSRYS5810883,D,S,D,2024-06-20,1000000.00,4.499328,101.63671875
08:01:00,912810UB2,TSRYS5810883,D,S,A,2024-06-20,10000.00,4.496961,101.71796875
08:01:00,912810UB2,TSRYS5810883,D,S,T,2024-06-20,1000000.00,4.491047,101.74609375
08:01:00,912810UB2,TSRYS5810883,D,S,T,2024-06-20,1000000.00,4.489422,101.767578125
08:01:00,912810UB2,TSRYS5810883,D,S,T,2024-06-20,1000000.00,4.491047,101.74609375
08:01:00,912810UB2,TSRYS5810883,D,S,T,2024-06-20,1000000.00,4.491047,101.74609375
08:01:00,912810UB2,TSRYS5810883,D,S,T,2024-06-20,1000000.00,4.491047,101.74609375
08:01:00,912810UB2,TSRYS5810883,D,B,C,2024-06-20,3800000.00,4.4964,101.67538125
08:01:01,912810UB2,TSRYS5810883,D,S,T,2024-06-20,1000000.00,4.497997,101.654296875
08:01:01,912810UB2,TSRYS5810883,D,S,T,2024-06-20,1000000.00,4.497997,101.654296875
08:01:01,912810UB2,TSRYS5810883,D,S,T,2024-06-20,1000000.00,4.491047,101.74609375
08:01:01,912810UB2,TSRYS5810883,D,S,T,2024-06-20,1000000.00,4.497849,101.65625
08:01:01,912810UB2,TSRYS5810883,D,S,D,2024-06-20,1000000.00,4.491047,101.74609375
08:01:01,912810UB2,TSRYS5810883,D,S,T,2024-06-20,1000000.00,4.491047,101.74609375
08:01:01,912810UB2,TSRYS5810883,D,S,T,2024-06-20,1000000.00,4.491047,101.74609375
08:01:01,912810UB2,TSRYS5810883,D,S,T,2024-06-20,1000000.00,4.490899,101.748046875
08:01:02,912810UB2,TSRYS5810883,D,S,T,2024-06-20,1000000.00,4.491047,101.74609375
08:01:02,912810UB2,TSRYS5810883,D,S,T,2024-06-20,1000000.00,4.490751,101.75
08:01:02,912810UB2,TSRYS5810883,D,S,D,2024-06-20,1000000.00,4.491047,101.74609375
08:01:02,912810UB2,TSRYS5810883,D,S,T,2024-06-20,1000000.00,4.491047,101.74609375
08:01:02,912810UB2,TSRYS5810883,D,S,T,2024-06-20,1000000.00,4.490899,101.748046875
08:01:02,912810UB2,TSRYS5810883,D,S,D,2024-06-20,1000000.00,4.499328,101.63671875
08:01:02,912810UB2,TSRYS5810883,D,S,T,2024-06-20,1000000.00,4.491047,101.74609375
08:01:02,912810UB2,TSRYS5810883,D,S,T,2024-06-20,1000000.00,4.491638,101.73828125
08:01:02,912810UB2,TSRYS5810883,D,S,D,2024-06-20,2000000.00,4.490751,101.75
08:01:02,912810UB2,TSRYS5810883,D,S,T,2024-06-20,1000000.00,4.490899,101.748046875
08:01:02,912810UB2,TSRYS5810883,D,S,D,2024-06-20,1000000.00,4.496665,101.671875
08:01:02,912810UB2,TSRYS5810883,D,S,D,2024-06-20,1000000.00,4.496665,101.671875
08:01:02,912810UB2,TSRYS5810883,D,S,D,2024-06-20,1000000.00,4.496961,101.66796875
08:01:02,912810UB2,TSRYS5810883,D,S,D,2024-06-20,1000000.00,4.496665,101.671875
08:01:02,912810UB2,TSRYS5810883,D,S,D,2024-06-20,1000000.00,4.496665,101.671875
08:01:02,912810UB2,TSRYS5810883,D,S,D,2024-06-20,1000000.00,4.495482,101.6875
08:01:02,912810UB2,TSRYS5810883,D,S,D,2024-06-20,1000000.00,4.499032,101.640625
08:01:02,912810UB2,TSRYS5810883,D,S,D,2024-06-20,1000000.00,4.497849,101.65625
08:01:03,912810UB2,TSRYS5810883,D,S,T,2024-06-20,1000000.00,4.490456,101.75390625
08:01:03,912810UB2,TSRYS5810883,D,S,D,2024-06-20,1000000.00,4.497553,101.66015625
08:01:03,912810UB2,TSRYS5810883,D,S,D,2024-06-20,1000000.00,4.490751,101.75
08:01:03,912810UB2,TSRYS5810883,D,S,T,2024-06-20,1000000.00,4.490751,101.75
08:01:03,912810UB2,TSRYS5810883,D,S,T,2024-06-20,1000000.00,4.491047,101.74609375
08:01:03,912810UB2,TSRYS5810883,D,S,T,2024-06-20,1000000.00,4.491047,101.74609375
08:01:03,912810UB2,TSRYS5810883,D,S,T,2024-06-20,1000000.00,4.490751,101.75
08:01:03,912810UB2,TSRYS5810883,D,S,T,2024-06-20,1000000.00,4.491047,101.74609375
08:01:03,912810UB2,TSRYS5810883,D,S,T,2024-06-20,1000000.00,4.490751,101.75
08:01:03,912810UB2,TSRYS5810883,D,S,T,2024-06-20,1000000.00,4.496665,101.671875
08:01:03,912810UB2,TSRYS5810883,D,S,T,2024-06-20,1000000.00,4.496517,101.673828125
08:01:03,912810UB2,TSRYS5810883,D,S,T,2024-06-20,2000000.00,4.496665,101.671875
08:01:03,912810UB2,TSRYS5810883,D,S,T,2024-06-20,1000000.00,4.496665,101.671875
08:01:03,912810UB2,TSRYS5810883,D,S,D,2024-06-20,10000.00,4.499002,101.641025
08:01:03,912810UB2,TSRYS5810883,D,S,T,2024-06-20,1000000.00,4.496665,101.671875
08:01:03,912810UB2,TSRYS5810883,D,S,A,2024-06-20,10000.00,4.499002,101.691025
08:01:05,912810UB2,TSRYS5810883,D,B,A,2024-06-20,1000.00,4.494595,101.699219
08:01:05,912810UB2,TSRYS5810883,D,S,D,2024-06-20,1000000.00,4.493116,101.71875
08:01:05,912810UB2,TSRYS5810883,D,S,D,2024-06-20,1000000.00,4.488388,101.78125
08:01:05,912810UB2,TSRYS5810883,D,B,C,2024-06-20,1000000.00,4.492821,101.72265625
08:01:05,912810UB2,TSRYS5810883,D,S,C,2024-06-20,1000000.00,4.493116,101.71875
08:01:05,912810UB2,TSRYS5810883,D,S,D,2024-06-20,1000000.00,4.493116,101.71875
08:01:05,912810UB2,TSRYS5810883,D,S,C,2024-06-20,1000000.00,4.492821,101.72265625
08:01:05,912810UB2,TSRYS5810883,D,S,D,2024-06-20,1000000.00,4.499328,101.63671875
08:01:05,912810UB2,TSRYS5810883,D,S,T,2024-06-20,1000000.00,4.497553,101.66015625
08:01:06,912810UB2,TSRYS5810883,D,S,D,2024-06-20,1000000.00,4.494299,101.703125
08:01:06,912810UB2,TSRYS5810883,D,S,C,2024-06-20,1000000.00,4.495778,101.68359375
08:01:06,912810UB2,TSRYS5810883,D,B,C,2024-06-20,1000000.00,4.49992,101.62890625
08:01:06,912810UB2,TSRYS5810883,D,S,D,2024-06-20,1000000.00,4.497849,101.65625
08:01:06,912810UB2,TSRYS5810883,D,S,D,2024-06-20,1000000.00,4.496961,101.66796875
08:01:06,912810UB2,TSRYS5810883,D,S,T,2024-06-20,1000000.00,4.48824,101.783203125
08:01:06,912810UB2,TSRYS5810883,D,B,C,2024-06-20,1000000.00,4.495778,101.68359375
08:01:06,912810UB2,TSRYS5810883,D,S,D,2024-06-20,1000000.00,4.49992,101.62890625
08:01:06,912810UB2,TSRYS5810883,D,S,T,2024-06-20,1000000.00,4.488388,101.78125
08:01:06,912810UB2,TSRYS5810883,D,S,T,2024-06-20,1000000.00,4.488092,101.78515625
08:01:06,912810UB2,TSRYS5810883,D,S,C,2024-06-20,1000000.00,4.496665,101.671875
08:01:06,912810UB2,TSRYS5810883,D,B,C,2024-06-20,1000000.00,4.496665,101.671875
08:01:06,912810UB2,TSRYS5810883,D,S,T,2024-06-20,1000000.00,4.488388,101.78125
08:01:06,912810UB2,TSRYS5810883,D,S,D,2024-06-20,1000000.00,4.497849,101.65625
08:01:06,912810UB2,TSRYS5810883,D,S,D,2024-06-20,1000000.00,4.498145,101.65234375
08:01:06,912810UB2,TSRYS5810883,D,S,C,2024-06-20,1000000.00,4.499328,101.63671875
08:01:06,912810UB2,TSRYS5810883,D,S,C,2024-06-20,1000000.00,4.496961,101.66796875
08:01:06,912810UB2,TSRYS5810883,D,S,C,2024-06-20,1000000.00,4.496961,101.66796875
08:01:06,912810UB2,TSRYS5810883,D,S,D,2024-06-20,1000000.00,4.494299,101.703125
08:01:06,912810UB2,TSRYS5810883,D,B,C,2024-06-20,1000000.00,4.494299,101.703125
08:01:06,912810UB2,TSRYS5810883,D,S,D,2024-06-20,1000000.00,4.494299,101.703125
08:01:07,912810UB2,TSRYS5810883,D,S,D,2024-06-20,1000000.00,4.489569,101.765625
08:01:07,912810UB2,TSRYS5810883,D,S,D,2024-06-20,1000000.00,4.487797,101.7890625
08:01:07,912810UB2,TSRYS5810883,D,S,D,2024-06-20,1000000.00,4.488683,101.77734375
08:01:07,912810UB2,TSRYS5810883,D,S,D,2024-06-20,1000000.00,4.488683,101.77734375
08:01:07,912810UB2,TSRYS5810883,D,S,D,2024-06-20,1000000.00,4.488683,101.77734375
08:01:07,912810UB2,TSRYS5810883,D,S,D,2024-06-20,1000000.00,4.488683,101.77734375
08:01:07,912810UB2,TSRYS5810883,D,S,D,2024-06-20,1000000.00,4.488683,101.77734375
08:01:07,912810UB2,TSRYS5810883,D,S,C,2024-06-20,1000000.00,4.491638,101.73828125
08:01:07,912810UB2,TSRYS5810883,D,S,D,2024-06-20,1000000.00,4.491047,101.74609375
08:01:07,912810UB2,TSRYS5810883,D,S,D,2024-06-20,1000000.00,4.491047,101.74609375
08:01:07,912810UB2,TSRYS5810883,D,S,D,2024-06-20,1000000.00,4.491047,101.74609375
08:01:07,912810UB2,TSRYS5810883,D,S,D,2024-06-20,1000000.00,4.491047,101.74609375
08:01:07,912810UB2,TSRYS5810883,D,S,D,2024-06-20,1000000.00,4.491047,101.74609375
08:01:07,912810UB2,TSRYS5810883,D,S,D,2024-06-20,1000000.00,4.491047,101.74609375
08:01:07,912810UB2,TSRYS5810883,D,S,D,2024-06-20,1000000.00,4.491047,101.74609375
08:01:07,912810UB2,TSRYS5810883,D,S,D,2024-06-20,1000000.00,4.491047,101.74609375
08:01:07,912810UB2,TSRYS5810883,D,B,C,2024-06-20,1000000.00,4.491047,101.74609375
08:01:07,912810UB2,TSRYS5810883,D,B,C,2024-06-20,1000000.00,4.491047,101.74609375
08:01:07,912810UB2,TSRYS5810883,D,S,C,2024-06-20,1000000.00,4.491047,101.74609375
08:01:07,912810UB2,TSRYS5810883,D,S,D,2024-06-20,1000000.00,4.491047,101.74609375
08:01:07,912810UB2,TSRYS5810883,D,S,D,2024-06-20,1000000.00,4.491047,101.74609375
08:01:07,912810UB2,TSRYS5810883,D,S,C,2024-06-20,1000000.00,4.491047,101.74609375
08:01:07,912810UB2,TSRYS5810883,D,S,D,2024-06-20,1000000.00,4.491047,101.74609375
08:01:07,912810UB2,TSRYS5810883,D,S,D,2024-06-20,1000000.00,4.491047,101.74609375
08:01:07,912810UB2,TSRYS5810883,D,S,D,2024-06-20,1000000.00,4.491047,101.74609375
08:01:07,912810UB2,TSRYS5810883,D,S,T,2024-06-20,1000000.00,4.490751,101.75
08:01:07,912810UB2,TSRYS5810883,D,S,T,2024-06-20,1000000.00,4.491195,101.744140625
08:01:07,912810UB2,TSRYS5810883,D,S,T,2024-06-20,1000000.00,4.491343,101.7421875
08:01:07,912810UB2,TSRYS5810883,D,S,D,2024-06-20,1000000.00,4.491047,101.74609375
08:01:07,912810UB2,TSRYS5810883,D,S,T,2024-06-20,1000000.00,4.490899,101.748046875
08:01:07,912810UB2,TSRYS5810883,D,S,D,2024-06-20,1000000.00,4.490751,101.75
08:01:07,912810UB2,TSRYS5810883,D,S,T,2024-06-20,1000000.00,4.490751,101.75
08:01:07,912810UB2,TSRYS5810883,D,S,A,2024-06-20,370000.00,4.495186,101.69140625
08:01:08,912810UB2,TSRYS5810883,D,S,T,2024-06-20,1000000.00,4.488388,101.78125
08:01:08,912810UB2,TSRYS5810883,D,S,T,2024-06-20,1000000.00,4.490456,101.75390625
08:01:08,912810UB2,TSRYS5810883,D,S,T,2024-06-20,2000000.00,4.490456,101.75390625
08:01:08,912810UB2,TSRYS5810883,D,S,T,2024-06-20,1000000.00,4.490751,101.75
08:01:08,912810UB2,TSRYS5810883,D,S,T,2024-06-20,1000000.00,4.49016,101.7578125
08:01:09,912810UB2,TSRYS5810883,D,S,A,2024-06-20,1300000.00,4.496961,101.66796875
08:01:09,912810UB2,TSRYS5810883,D,S,T,2024-06-20,1000000.00,4.492673,101.724609375
08:01:09,912810UB2,TSRYS5810883,D,S,T,2024-06-20,1000000.00,4.492525,101.7265625
08:01:09,912810UB2,TSRYS5810883,D,S,C,2024-06-20,17000000.00,4.496757,101.67067
08:01:09,912810UB2,TSRYS5810883,D,S,A,2024-06-20,30000.00,4.499032,101.640625
08:01:09,912810UB2,TSRYS5810883,D,S,A,2024-06-20,400000.00,4.497553,101.66015625
08:01:09,912810UB2,TSRYS5810883,D,S,D,2024-06-20,1000000.00,4.493116,101.71875
08:01:09,912810UB2,TSRYS5810883,D,S,D,2024-06-20,1000000.00,4.493116,101.71875
08:01:09,912810UB2,TSRYS5810883,D,S,D,2024-06-20,1000000.00,4.493116,101.71875
08:01:10,912810UB2,TSRYS5810883,D,S,T,2024-06-20,1000000.00,4.496675,101.671745
08:01:10,912810UB2,TSRYS5810883,D,S,T,2024-06-20,1000000.00,4.496675,101.671745
08:01:10,912810UB2,TSRYS5810883,D,S,D,2024-06-20,1000000.00,4.489569,101.765625
08:01:10,912810UB2,TSRYS5810883,D,S,T,2024-06-20,1000000.00,4.493124,101.71865
08:01:10,912810UB2,TSRYS5810883,D,S,T,2024-06-20,2000000.00,4.493124,101.71865
08:01:10,912810UB2,TSRYS5810883,D,S,T,2024-06-20,1000000.00,4.492976,101.720603125
08:01:10,912810UB2,TSRYS5810883,D,S,T,2024-06-20,1000000.00,4.492976,101.720603125
08:01:10,912810UB2,TSRYS5810883,D,S,T,2024-06-20,1000000.00,4.493124,101.71865
08:01:10,912810UB2,TSRYS5810883,D,S,T,2024-06-20,1000000.00,4.493133,101.718525
08:01:10,912810UB2,TSRYS5810883,D,S,T,2024-06-20,2000000.00,4.493133,101.718525
08:01:10,912810UB2,TSRYS5810883,D,S,T,2024-06-20,2000000.00,4.493133,101.718525
08:01:10,912810UB2,TSRYS5810883,D,S,T,2024-06-20,1000000.00,4.493133,101.718525
08:01:11,912810UB2,TSRYS5810883,D,S,T,2024-06-20,1000000.00,4.492525,101.7265625
08:01:11,912810UB2,TSRYS5810883,D,S,T,2024-06-20,1000000.00,4.492673,101.724609375
08:01:11,912810UB2,TSRYS5810883,D,S,C,2024-06-20,5000000.00,4.494246,101.703825
08:01:11,912810UB2,TSRYS5810883,D,B,C,2024-06-20,1000000.00,4.489496,101.7665889
08:01:11,912810UB2,TSRYS5810883,D,S,D,2024-06-20,5000000.00,4.496783,101.6703264
08:01:11,912810UB2,TSRYS5810883,D,S,D,2024-06-20,5000000.00,4.495981,101.6809163
08:01:11,912810UB2,TSRYS5810883,D,S,D,2024-06-20,1000000.00,4.492229,101.73046875
08:01:11,912810UB2,TSRYS5810883,D,S,D,2024-06-20,1000000.00,4.492229,101.73046875
08:01:11,912810UB2,TSRYS5810883,D,S,T,2024-06-20,1000000.00,4.492673,101.724609375
08:01:11,912810UB2,TSRYS5810883,D,S,T,2024-06-20,1000000.00,4.492673,101.724609375
08:01:11,912810UB2,TSRYS5810883,D,S,A,2024-06-20,1000000.00,4.489558,101.765777
08:01:12,912810UB2,TSRYS5810883,D,S,T,2024-06-20,1000000.00,4.494309,101.702995
08:01:12,912810UB2,TSRYS5810883,D,S,T,2024-06-20,1000000.00,4.494309,101.702995
08:01:12,912810UB2,TSRYS5810883,D,S,T,2024-06-20,1000000.00,4.493126,101.71862
08:01:12,912810UB2,TSRYS5810883,D,B,A,2024-06-20,4279000.00,4.492525,101.7265625
08:01:12,912810UB2,TSRYS5810883,D,S,T,2024-06-20,1000000.00,4.493126,101.71862
08:01:12,912810UB2,TSRYS5810883,D,S,T,2024-06-20,1000000.00,4.493126,101.71862
08:01:14,912810UB2,TSRYS5810883,D,S,C,2024-06-20,2000000.00,4.497227,101.6644625
08:01:14,912810UB2,TSRYS5810883,D,B,A,2024-06-20,2000000.00,4.497227,101.6644625
08:01:15,912810UB2,TSRYS5810883,D,S,T,2024-06-20,1000000.00,4.493264,101.716796875
08:01:15,912810UB2,TSRYS5810883,D,S,T,2024-06-20,1000000.00,4.495186,101.69140625
08:01:16,912810UB2,TSRYS5810883,D,B,C,2024-06-20,1000000.00,4.489865,101.76171875
08:01:16,912810UB2,TSRYS5810883,D,S,D,2024-06-20,1000000.00,4.489865,101.76171875
08:01:16,912810UB2,TSRYS5810883,D,S,D,2024-06-20,1000000.00,4.489865,101.76171875
08:01:16,912810UB2,TSRYS5810883,D,B,C,2024-06-20,1000000.00,4.489865,101.76171875
08:01:16,912810UB2,TSRYS5810883,D,B,C,2024-06-20,1000000.00,4.489865,101.76171875
08:01:16,912810UB2,TSRYS5810883,D,B,C,2024-06-20,1000000.00,4.489865,101.76171875
08:01:16,912810UB2,TSRYS5810883,D,S,D,2024-06-20,1000000.00,4.489865,101.76171875
08:01:16,912810UB2,TSRYS5810883,D,S,D,2024-06-20,1000000.00,4.489865,101.76171875
08:01:16,912810UB2,TSRYS5810883,D,S,T,2024-06-20,1000000.00,4.496813,101.669921875
08:01:16,912810UB2,TSRYS5810883,D,B,C,2024-06-20,1000000.00,4.489569,101.765625
08:01:16,912810UB2,TSRYS5810883,D,S,D,2024-06-20,1000000.00,4.489865,101.76171875
08:01:16,912810UB2,TSRYS5810883,D,S,D,2024-06-20,1000000.00,4.489569,101.765625
08:01:16,912810UB2,TSRYS5810883,D,B,C,2024-06-20,1000000.00,4.489569,101.765625
08:01:16,912810UB2,TSRYS5810883,D,S,D,2024-06-20,1000000.00,4.489569,101.765625
08:01:16,912810UB2,TSRYS5810883,D,B,C,2024-06-20,1000000.00,4.489865,101.76171875
08:01:16,912810UB2,TSRYS5810883,D,S,T,2024-06-20,1000000.00,4.497109,101.666015625
08:01:16,912810UB2,TSRYS5810883,D,S,T,2024-06-20,1000000.00,4.497109,101.666015625
08:01:16,912810UB2,TSRYS5810883,D,S,T,2024-06-20,1000000.00,4.497257,101.6640625
08:01:16,912810UB2,TSRYS5810883,D,S,T,2024-06-20,1000000.00,4.495482,101.6875
08:01:16,912810UB2,TSRYS5810883,D,S,D,2024-06-20,1000000.00,4.492229,101.73046875
08:01:17,912810UB2,TSRYS5810883,D,S,D,2024-06-20,1000000.00,4.492229,101.73046875
08:01:17,912810UB2,TSRYS5810883,D,B,C,2024-06-20,1000000.00,4.492229,101.73046875
08:01:17,912810UB2,TSRYS5810883,D,S,C,2024-06-20,1000000.00,4.492229,101.73046875
08:01:17,912810UB2,TSRYS5810883,D,S,D,2024-06-20,1000000.00,4.492229,101.73046875
08:01:17,912810UB2,TSRYS5810883,D,B,C,2024-06-20,1000000.00,4.492229,101.73046875
08:01:17,912810UB2,TSRYS5810883,D,B,C,2024-06-20,1000000.00,4.492229,101.73046875
08:01:17,912810UB2,TSRYS5810883,D,S,C,2024-06-20,1000000.00,4.492229,101.73046875
08:01:17,912810UB2,TSRYS5810883,D,S,D,2024-06-20,1000000.00,4.492229,101.73046875
08:01:17,912810UB2,TSRYS5810883,D,B,C,2024-06-20,1000000.00,4.492229,101.73046875
08:01:17,912810UB2,TSRYS5810883,D,B,C,2024-06-20,1000000.00,4.492229,101.73046875
08:01:17,912810UB2,TSRYS5810883,D,S,D,2024-06-20,1000000.00,4.492229,101.73046875
08:01:17,912810UB2,TSRYS5810883,D,B,C,2024-06-20,1000000.00,4.492821,101.72265625
08:01:17,912810UB2,TSRYS5810883,D,S,C,2024-06-20,1000000.00,4.492821,101.72265625
08:01:17,912810UB2,TSRYS5810883,D,S,C,2024-06-20,1000000.00,4.492821,101.72265625
08:01:17,912810UB2,TSRYS5810883,D,B,C,2024-06-20,1000000.00,4.492821,101.72265625
08:01:17,912810UB2,TSRYS5810883,D,B,C,2024-06-20,1000000.00,4.493708,101.7109375
08:01:17,912810UB2,TSRYS5810883,D,S,D,2024-06-20,1000000.00,4.493708,101.7109375
08:01:17,912810UB2,TSRYS5810883,D,B,C,2024-06-20,1880000.00,4.498404,101.6480375
08:01:17,912810UB2,TSRYS5810883,D,S,C,2024-06-20,1000000.00,4.494595,101.69921875
08:01:17,912810UB2,TSRYS5810883,D,B,C,2024-06-20,1000000.00,4.494595,101.69921875
08:01:17,912810UB2,TSRYS5810883,D,S,D,2024-06-20,1000000.00,4.494595,101.69921875
08:01:17,912810UB2,TSRYS5810883,D,B,C,2024-06-20,1000000.00,4.494595,101.69921875
08:01:17,912810UB2,TSRYS5810883,D,S,D,2024-06-20,1000000.00,4.494595,101.69921875
08:01:17,912810UB2,TSRYS5810883,D,B,C,2024-06-20,1000000.00,4.494595,101.69921875
08:01:17,912810UB2,TSRYS5810883,D,B,C,2024-06-20,1000000.00,4.494299,101.703125
08:01:17,912810UB2,TSRYS5810883,D,S,D,2024-06-20,1000000.00,4.494299,101.703125
08:01:17,912810UB2,TSRYS5810883,D,B,C,2024-06-20,1000000.00,4.494595,101.69921875
08:01:17,912810UB2,TSRYS5810883,D,S,D,2024-06-20,1000000.00,4.494595,101.69921875
08:01:17,912810UB2,TSRYS5810883,D,S,D,2024-06-20,1000000.00,4.497849,101.65625
08:01:17,912810UB2,TSRYS5810883,D,B,C,2024-06-20,1000000.00,4.497849,101.65625
08:01:17,912810UB2,TSRYS5810883,D,B,C,2024-06-20,1000000.00,4.497553,101.66015625
08:01:17,912810UB2,TSRYS5810883,D,S,D,2024-06-20,1000000.00,4.497553,101.66015625
08:01:17,912810UB2,TSRYS5810883,D,B,C,2024-06-20,1000000.00,4.497553,101.66015625
08:01:17,912810UB2,TSRYS5810883,D,S,D,2024-06-20,1000000.00,4.497553,101.66015625
08:01:17,912810UB2,TSRYS5810883,D,S,C,2024-06-20,1000000.00,4.497257,101.6640625
08:01:17,912810UB2,TSRYS5810883,D,B,C,2024-06-20,1000000.00,4.497257,101.6640625
08:01:17,912810UB2,TSRYS5810883,D,B,C,2024-06-20,1000000.00,4.499328,101.63671875
08:01:17,912810UB2,TSRYS5810883,D,S,D,2024-06-20,1000000.00,4.499328,101.63671875
08:01:17,912810UB2,TSRYS5810883,D,S,C,2024-06-20,1000000.00,4.499328,101.63671875
08:01:17,912810UB2,TSRYS5810883,D,B,C,2024-06-20,1000000.00,4.499328,101.63671875
08:01:17,912810UB2,TSRYS5810883,D,B,C,2024-06-20,1000000.00,4.499328,101.63671875
08:01:17,912810UB2,TSRYS5810883,D,S,C,2024-06-20,1000000.00,4.499328,101.63671875
08:01:17,912810UB2,TSRYS5810883,D,S,C,2024-06-20,1000000.00,4.499328,101.63671875
08:01:17,912810UB2,TSRYS5810883,D,S,D,2024-06-20,1000000.00,4.499328,101.63671875
08:01:17,912810UB2,TSRYS5810883,D,B,C,2024-06-20,1000000.00,4.499328,101.63671875
08:01:17,912810UB2,TSRYS5810883,D,B,C,2024-06-20,1000000.00,4.499328,101.63671875
08:01:17,912810UB2,TSRYS5810883,D,S,C,2024-06-20,2160000.00,4.498639,101.64493125
08:01:17,912810UB2,TSRYS5810883,D,S,C,2024-06-20,1000000.00,4.497849,101.65625
08:01:18,912810UB2,TSRYS5810883,D,B,C,2024-06-20,1000000.00,4.497849,101.65625
08:01:18,912810UB2,TSRYS5810883,D,B,C,2024-06-20,1000000.00,4.499032,101.640625
08:01:18,912810UB2,TSRYS5810883,D,S,D,2024-06-20,1000000.00,4.499032,101.640625
08:01:18,912810UB2,TSRYS5810883,D,B,C,2024-06-20,1000000.00,4.499328,101.63671875
08:01:18,912810UB2,TSRYS5810883,D,S,D,2024-06-20,1000000.00,4.499328,101.63671875
08:01:18,912810UB2,TSRYS5810883,D,B,C,2024-06-20,1000000.00,4.499328,101.63671875
08:01:18,912810UB2,TSRYS5810883,D,S,C,2024-06-20,1000000.00,4.499328,101.63671875
08:01:18,912810UB2,TSRYS5810883,D,S,D,2024-06-20,1000000.00,4.499328,101.63671875
08:01:18,912810UB2,TSRYS5810883,D,S,C,2024-06-20,1000000.00,4.499328,101.63671875
08:01:18,912810UB2,TSRYS5810883,D,B,C,2024-06-20,1000000.00,4.499328,101.63671875
08:01:18,912810UB2,TSRYS5810883,D,B,C,2024-06-20,1000000.00,4.499328,101.63671875
08:01:18,912810UB2,TSRYS5810883,D,S,C,2024-06-20,1000000.00,4.499328,101.63671875
08:01:18,912810UB2,TSRYS5810883,D,B,C,2024-06-20,1000000.00,4.499328,101.63671875
08:01:18,912810UB2,TSRYS5810883,D,B,C,2024-06-20,1000000.00,4.499328,101.63671875
08:01:18,912810UB2,TSRYS5810883,D,S,D,2024-06-20,1000000.00,4.499328,101.63671875
08:01:18,912810UB2,TSRYS5810883,D,B,C,2024-06-20,1000000.00,4.499328,101.63671875
08:01:18,912810UB2,TSRYS5810883,D,S,D,2024-06-20,1000000.00,4.499328,101.63671875
08:01:18,912810UB2,TSRYS5810883,D,B,C,2024-06-20,1000000.00,4.499328,101.63671875
08:01:18,912810UB2,TSRYS5810883,D,S,C,2024-06-20,1000000.00,4.499328,101.63671875
08:01:18,912810UB2,TSRYS5810883,D,B,C,2024-06-20,1000000.00,4.499328,101.63671875
08:01:18,912810UB2,TSRYS5810883,D,S,D,2024-06-20,1000000.00,4.499328,101.63671875
08:01:18,912810UB2,TSRYS5810883,D,B,C,2024-06-20,1000000.00,4.499328,101.63671875
08:01:18,912810UB2,TSRYS5810883,D,S,D,2024-06-20,1000000.00,4.499328,101.63671875
08:01:18,912810UB2,TSRYS5810883,D,B,C,2024-06-20,1000000.00,4.499328,101.63671875
08:01:18,912810UB2,TSRYS5810883,D,S,D,2024-06-20,1000000.00,4.499328,101.63671875
08:01:18,912810UB2,TSRYS5810883,D,S,C,2024-06-20,1000000.00,4.499328,101.63671875
08:01:18,912810UB2,TSRYS5810883,D,B,C,2024-06-20,1000000.00,4.499032,101.640625
08:01:18,912810UB2,TSRYS5810883,D,S,C,2024-06-20,1000000.00,4.499032,101.640625
08:01:18,912810UB2,TSRYS5810883,D,B,C,2024-06-20,1000000.00,4.499032,101.640625
08:01:18,912810UB2,TSRYS5810883,D,B,C,2024-06-20,1000000.00,4.499328,101.63671875
08:01:18,912810UB2,TSRYS5810883,D,S,C,2024-06-20,1000000.00,4.499328,101.63671875
08:01:18,912810UB2,TSRYS5810883,D,S,C,2024-06-20,1000000.00,4.499032,101.640625
08:01:18,912810UB2,TSRYS5810883,D,B,C,2024-06-20,1000000.00,4.499328,101.63671875
08:01:18,912810UB2,TSRYS5810883,D,S,D,2024-06-20,1000000.00,4.499328,101.63671875
08:01:18,912810UB2,TSRYS5810883,D,B,C,2024-06-20,1000000.00,4.499328,101.63671875
08:01:18,912810UB2,TSRYS5810883,D,B,C,2024-06-20,1000000.00,4.499032,101.640625
08:01:18,912810UB2,TSRYS5810883,D,S,D,2024-06-20,1000000.00,4.499032,101.640625
08:01:18,912810UB2,TSRYS5810883,D,S,C,2024-06-20,1000000.00,4.487354,101.79492187
08:01:18,912810UB2,TSRYS5810883,D,B,C,2024-06-20,1000000.00,4.499328,101.63671875
08:01:18,912810UB2,TSRYS5810883,D,S,C,2024-06-20,1000000.00,4.499328,101.63671875
08:01:18,912810UB2,TSRYS5810883,D,B,C,2024-06-20,1000000.00,4.499328,101.63671875
08:01:18,912810UB2,TSRYS5810883,D,S,D,2024-06-20,1000000.00,4.499328,101.63671875
08:01:18,912810UB2,TSRYS5810883,D,S,C,2024-06-20,1000000.00,4.499328,101.63671875
08:01:18,912810UB2,TSRYS5810883,D,B,C,2024-06-20,1000000.00,4.499328,101.63671875
08:01:18,912810UB2,TSRYS5810883,D,S,D,2024-06-20,1000000.00,4.488388,101.78125
08:01:18,912810UB2,TSRYS5810883,D,B,C,2024-06-20,1000000.00,4.499032,101.640625
08:01:18,912810UB2,TSRYS5810883,D,S,D,2024-06-20,1000000.00,4.499032,101.640625
08:01:18,912810UB2,TSRYS5810883,D,S,T,2024-06-20,1000000.00,4.488403,101.78105
08:01:18,912810UB2,TSRYS5810883,D,S,D,2024-06-20,1000000.00,4.499328,101.63671875
08:01:18,912810UB2,TSRYS5810883,D,S,T,2024-06-20,1000000.00,4.488403,101.78105
08:01:18,912810UB2,TSRYS5810883,D,B,C,2024-06-20,1000000.00,4.492377,101.72851562
08:01:18,912810UB2,TSRYS5810883,D,B,C,2024-06-20,1000000.00,4.492377,101.72851562
08:01:18,912810UB2,TSRYS5810883,D,S,T,2024-06-20,1000000.00,4.499032,101.640625
08:01:18,912810UB2,TSRYS5810883,D,S,D,2024-06-20,1000000.00,4.496665,101.671875
08:01:18,912810UB2,TSRYS5810883,D,S,D,2024-06-20,1000000.00,4.496665,101.671875
08:01:18,912810UB2,TSRYS5810883,D,S,D,2024-06-20,1000000.00,4.496665,101.671875
08:01:18,912810UB2,TSRYS5810883,D,B,C,2024-06-20,1000000.00,4.496665,101.671875
08:01:19,912810UB2,TSRYS5810883,D,S,D,2024-06-20,1000000.00,4.496961,101.66796875
08:01:19,912810UB2,TSRYS5810883,D,S,D,2024-06-20,1000000.00,4.495482,101.6875
08:01:19,912810UB2,TSRYS5810883,D,B,C,2024-06-20,1000000.00,4.499624,101.6328125
08:01:19,912810UB2,TSRYS5810883,D,S,C,2024-06-20,1000000.00,4.499624,101.6328125
08:01:19,912810UB2,TSRYS5810883,D,S,D,2024-06-20,5000000.00,4.483663,101.84375
08:01:19,912810UB2,TSRYS5810883,D,B,C,2024-06-20,2000000.00,4.499328,101.63671875
08:01:19,912810UB2,TSRYS5810883,D,S,C,2024-06-20,2000000.00,4.499328,101.63671875
08:01:19,912810UB2,TSRYS5810883,D,S,D,2024-06-20,3000000.00,4.483663,101.84375
08:01:19,912810UB2,TSRYS5810883,D,B,C,2024-06-20,1000000.00,4.498737,101.64453125
08:01:19,912810UB2,TSRYS5810883,D,S,C,2024-06-20,1000000.00,4.498737,101.64453125
08:01:19,912810UB2,TSRYS5810883,D,B,C,2024-06-20,1000000.00,4.499032,101.640625
08:01:19,912810UB2,TSRYS5810883,D,S,D,2024-06-20,1000000.00,4.484548,101.83203125
08:01:19,912810UB2,TSRYS5810883,D,S,C,2024-06-20,1000000.00,4.499032,101.640625
08:01:19,912810UB2,TSRYS5810883,D,S,C,2024-06-20,1000000.00,4.498737,101.64453125
08:01:19,912810UB2,TSRYS5810883,D,B,C,2024-06-20,1000000.00,4.498737,101.64453125
08:01:19,912810UB2,TSRYS5810883,D,S,D,2024-06-20,1000000.00,4.499032,101.640625
08:01:19,912810UB2,TSRYS5810883,D,B,C,2024-06-20,1000000.00,4.499032,101.640625
08:01:19,912810UB2,TSRYS5810883,D,S,C,2024-06-20,1000000.00,4.498737,101.64453125
08:01:19,912810UB2,TSRYS5810883,D,B,C,2024-06-20,1000000.00,4.498737,101.64453125
08:01:19,912810UB2,TSRYS5810883,D,S,T,2024-06-20,3300000.00,4.528703,101.25
08:01:19,912810UB2,TSRYS5810883,D,S,D,2024-06-20,1000000.00,4.484548,101.83203125
08:01:19,912810UB2,TSRYS5810883,D,B,C,2024-06-20,1000000.00,4.497849,101.65625
08:01:19,912810UB2,TSRYS5810883,D,S,D,2024-06-20,1000000.00,4.497849,101.65625
08:01:19,912810UB2,TSRYS5810883,D,S,D,2024-06-20,1000000.00,4.497553,101.66015625
08:01:19,912810UB2,TSRYS5810883,D,S,C,2024-06-20,1000000.00,4.497553,101.66015625
08:01:19,912810UB2,TSRYS5810883,D,B,C,2024-06-20,1000000.00,4.497553,101.66015625
08:01:19,912810UB2,TSRYS5810883,D,B,C,2024-06-20,1000000.00,4.497553,101.66015625
08:01:19,912810UB2,TSRYS5810883,D,B,C,2024-06-20,1000000.00,4.496961,101.66796875
08:01:19,912810UB2,TSRYS5810883,D,S,D,2024-06-20,1000000.00,4.496961,101.66796875
08:01:19,912810UB2,TSRYS5810883,D,S,C,2024-06-20,1000000.00,4.487354,101.79492187
08:01:19,912810UB2,TSRYS5810883,D,S,D,2024-06-20,1000000.00,4.485139,101.82421875
08:01:19,912810UB2,TSRYS5810883,D,B,C,2024-06-20,1000000.00,4.492525,101.7265625
08:01:19,912810UB2,TSRYS5810883,D,S,T,2024-06-20,1000000.00,4.492968,101.720703125
08:01:19,912810UB2,TSRYS5810883,D,S,T,2024-06-20,1000000.00,4.493116,101.71875
08:01:19,912810UB2,TSRYS5810883,D,S,T,2024-06-20,1000000.00,4.492968,101.720703125
08:01:19,912810UB2,TSRYS5810883,D,S,T,2024-06-20,1000000.00,4.492968,101.720703125
08:01:19,912810UB2,TSRYS5810883,D,S,T,2024-06-20,1000000.00,4.493116,101.71875
08:01:20,912810UB2,TSRYS5810883,D,S,D,2024-06-20,2000000.00,4.491934,101.734375
08:01:20,912810UB2,TSRYS5810883,D,S,D,2024-06-20,2000000.00,4.491934,101.734375
08:01:20,912810UB2,TSRYS5810883,D,B,C,2024-06-20,4000000.00,4.491986,101.73368
08:01:20,912810UB2,TSRYS5810883,D,S,T,2024-06-20,1000000.00,4.497849,101.65625
08:01:20,912810UB2,TSRYS5810883,D,S,C,2024-06-20,1000000.00,4.487797,101.7890625
08:01:20,912810UB2,TSRYS5810883,D,B,C,2024-06-20,1000000.00,4.492525,101.7265625
08:01:20,912810UB2,TSRYS5810883,D,B,C,2024-06-20,1000000.00,4.492377,101.72851562
08:01:20,912810UB2,TSRYS5810883,D,S,T,2024-06-20,1000000.00,4.497257,101.6640625
08:01:20,912810UB2,TSRYS5810883,D,S,T,2024-06-20,1000000.00,4.497257,101.6640625
08:01:20,912810UB2,TSRYS5810883,D,S,D,2024-06-20,1000000.00,4.487797,101.7890625
08:01:20,912810UB2,TSRYS5810883,D,B,C,2024-06-20,1000000.00,4.492377,101.72851562
08:01:20,912810UB2,TSRYS5810883,D,S,T,2024-06-20,1000000.00,4.499032,101.640625
08:01:20,912810UB2,TSRYS5810883,D,S,T,2024-06-20,1000000.00,4.499032,101.640625
08:01:21,912810UB2,TSRYS5810883,D,S,T,2024-06-20,1000000.00,4.499476,101.634765625
08:01:21,912810UB2,TSRYS5810883,D,S,D,2024-06-20,1000000.00,4.499624,101.6328125
08:01:21,912810UB2,TSRYS5810883,D,S,T,2024-06-20,1000000.00,4.499624,101.6328125
08:01:21,912810UB2,TSRYS5810883,D,B,C,2024-06-20,1000000.00,4.494595,101.69921875
08:01:21,912810UB2,TSRYS5810883,D,S,T,2024-06-20,1000000.00,4.499624,101.6328125
08:01:21,912810UB2,TSRYS5810883,D,S,C,2024-06-20,1000000.00,4.487354,101.79492187
08:01:21,912810UB2,TSRYS5810883,D,B,C,2024-06-20,1000000.00,4.494595,101.69921875
08:01:21,912810UB2,TSRYS5810883,D,B,C,2024-06-20,1000000.00,4.494447,101.70117187
08:01:21,912810UB2,TSRYS5810883,D,B,C,2024-06-20,1000000.00,4.494299,101.703125
08:01:21,912810UB2,TSRYS5810883,D,B,C,2024-06-20,1000000.00,4.494299,101.703125
08:01:22,912810UB2,TSRYS5810883,D,S,D,2024-06-20,150000.00,4.500512,101.62109375
08:01:22,912810UB2,TSRYS5810883,D,S,T,2024-06-20,1000000.00,4.499032,101.640625
08:01:22,912810UB2,TSRYS5810883,D,S,C,2024-06-20,5000000.00,4.493063,101.71945
08:01:23,912810UB2,TSRYS5810883,D,S,T,2024-06-20,1000000.00,4.500216,101.625
08:01:23,912810UB2,TSRYS5810883,D,B,C,2024-06-20,1000000.00,4.492525,101.7265625
08:01:23,912810UB2,TSRYS5810883,D,S,C,2024-06-20,50000000.00,4.493221,101.71737
08:01:23,912810UB2,TSRYS5810883,D,S,T,2024-06-20,1000000.00,4.499624,101.6328125
08:01:24,912810UB2,TSRYS5810883,D,S,T,2024-06-20,1000000.00,4.499624,101.6328125
08:01:24,912810UB2,TSRYS5810883,D,S,T,2024-06-20,1000000.00,4.499032,101.640625
08:01:24,912810UB2,TSRYS5810883,D,S,T,2024-06-20,1000000.00,4.500216,101.625
08:01:25,912810UB2,TSRYS5810883,D,S,D,2024-06-20,1000000.00,4.499328,101.63671875
08:01:25,912810UB2,TSRYS5810883,D,S,T,2024-06-20,1000000.00,4.499032,101.640625
08:01:25,912810UB2,TSRYS5810883,D,S,C,2024-06-20,10000000.00,4.493796,101.70977
08:01:25,912810UB2,TSRYS5810883,D,S,T,2024-06-20,1000000.00,4.497849,101.65625
08:01:25,912810UB2,TSRYS5810883,D,S,T,2024-06-20,1000000.00,4.497553,101.66015625
08:01:25,912810UB2,TSRYS5810883,D,S,T,2024-06-20,1000000.00,4.496665,101.671875
08:01:26,912810UB2,TSRYS5810883,D,S,T,2024-06-20,1000000.00,4.496665,101.671875
08:01:26,912810UB2,TSRYS5810883,D,S,C,2024-06-20,1880000.00,4.497455,101.66055625
08:01:26,912810UB2,TSRYS5810883,D,S,D,2024-06-20,1000000.00,4.496665,101.671875
08:01:26,912810UB2,TSRYS5810883,D,S,D,2024-06-20,1000000.00,4.496665,101.671875
08:01:26,912810UB2,TSRYS5810883,D,S,T,2024-06-20,1000000.00,4.496665,101.671875
08:01:27,912810UB2,TSRYS5810883,D,S,T,2024-06-20,1000000.00,4.497405,101.662109375
08:01:27,912810UB2,TSRYS5810883,D,S,T,2024-06-20,1000000.00,4.497553,101.66015625
08:01:27,912810UB2,TSRYS5810883,D,S,D,2024-06-20,80000.00,4.488388,101.78125
08:01:27,912810UB2,TSRYS5810883,D,S,D,2024-06-20,80000.00,4.488388,101.78125
08:01:27,912810UB2,TSRYS5810883,D,S,C,2024-06-20,1000000.00,4.487501,101.79296875
08:01:27,912810UB2,TSRYS5810883,D,S,D,2024-06-20,1000000.00,4.487501,101.79296875
08:01:27,912810UB2,TSRYS5810883,D,S,T,2024-06-20,1000000.00,4.497257,101.6640625
08:01:27,912810UB2,TSRYS5810883,D,S,D,2024-06-20,3300000.00,4.528703,101.25
08:01:27,912810UB2,TSRYS5810883,D,S,D,2024-06-20,24450000.00,4.528703,101.25
08:01:27,912810UB2,TSRYS5810883,D,S,D,2024-06-20,19600000.00,4.528703,101.25
08:01:27,912810UB2,TSRYS5810883,D,S,D,2024-06-20,1000000.00,4.496961,101.66796875
08:01:27,912810UB2,TSRYS5810883,D,S,D,2024-06-20,4900000.00,4.528703,101.25
08:01:28,912810UB2,TSRYS5810883,D,S,D,2024-06-20,1000000.00,4.496665,101.671875
08:01:28,912810UB2,TSRYS5810883,D,S,T,2024-06-20,1000000.00,4.496665,101.671875
08:01:28,912810UB2,TSRYS5810883,D,S,T,2024-06-20,1000000.00,4.496665,101.671875
08:01:28,912810UB2,TSRYS5810883,D,S,A,2024-06-20,62100.00,4.493656,101.7109375
08:01:29,912810UB2,TSRYS5810883,D,S,D,2024-06-20,1000000.00,4.496665,101.671875
08:01:29,912810UB2,TSRYS5810883,D,S,T,2024-06-20,1000000.00,4.496665,101.671875
08:01:29,912810UB2,TSRYS5810883,D,S,T,2024-06-20,1000000.00,4.496665,101.671875
08:01:29,912810UB2,TSRYS5810883,D,S,T,2024-06-20,2000000.00,4.496665,101.671875
08:01:30,912810UB2,TSRYS5810883,D,S,D,2024-06-20,783000.00,4.497849,101.65625
08:01:30,912810UB2,TSRYS5810883,D,S,T,2024-06-20,1000000.00,4.497257,101.6640625
08:01:30,912810UB2,TSRYS5810883,D,S,T,2024-06-20,1000000.00,4.497257,101.6640625
08:01:30,912810UB2,TSRYS5810883,D,S,T,2024-06-20,1000000.00,4.497257,101.6640625
08:01:30,912810UB2,TSRYS5810883,D,S,T,2024-06-20,1000000.00,4.499772,101.630859375
08:01:30,912810UB2,TSRYS5810883,D,S,T,2024-06-20,1000000.00,4.499476,101.634765625
08:01:30,912810UB2,TSRYS5810883,D,S,T,2024-06-20,1000000.00,4.499772,101.630859375
08:01:31,912810UB2,TSRYS5810883,D,S,T,2024-06-20,1000000.00,4.499624,101.6328125
08:01:32,912810UB2,TSRYS5810883,D,S,D,2024-06-20,2000000.00,4.483663,101.84375
08:01:32,912810UB2,TSRYS5810883,D,B,C,2024-06-20,1000000.00,4.486025,101.8125
08:01:32,912810UB2,TSRYS5810883,D,S,D,2024-06-20,1000000.00,4.486025,101.8125
08:01:32,912810UB2,TSRYS5810883,D,S,T,2024-06-20,1000000.00,4.497553,101.66015625
08:01:32,912810UB2,TSRYS5810883,D,S,T,2024-06-20,1000000.00,4.496961,101.66796875
08:01:32,912810UB2,TSRYS5810883,D,B,C,2024-06-20,1000000.00,4.484844,101.828125
08:01:32,912810UB2,TSRYS5810883,D,S,D,2024-06-20,1000000.00,4.484844,101.828125
08:01:33,912810UB2,TSRYS5810883,D,B,C,2024-06-20,1000000.00,4.492377,101.72851562
08:01:33,912810UB2,TSRYS5810883,D,S,T,2024-06-20,1000000.00,4.497257,101.6640625
08:01:33,912810UB2,TSRYS5810883,D,S,T,2024-06-20,1000000.00,4.497257,101.6640625
08:01:33,912810UB2,TSRYS5810883,D,S,T,2024-06-20,1000000.00,4.497257,101.6640625
08:01:33,912810UB2,TSRYS5810883,D,S,T,2024-06-20,1000000.00,4.497257,101.6640625
08:01:33,912810UB2,TSRYS5810883,D,S,T,2024-06-20,1000000.00,4.497257,101.6640625
08:01:33,912810UB2,TSRYS5810883,D,S,D,2024-06-20,1000000.00,4.483958,101.83984375
08:01:33,912810UB2,TSRYS5810883,D,S,D,2024-06-20,1000000.00,4.483958,101.83984375
08:01:33,912810UB2,TSRYS5810883,D,S,T,2024-06-20,1000000.00,4.497257,101.6640625
08:01:33,912810UB2,TSRYS5810883,D,S,T,2024-06-20,1000000.00,4.497257,101.6640625
08:01:33,912810UB2,TSRYS5810883,D,S,D,2024-06-20,1000000.00,4.484253,101.8359375
08:01:34,912810UB2,TSRYS5810883,D,B,A,2024-06-20,3800000.00,4.498175,101.65194375
08:01:34,912810UB2,TSRYS5810883,D,S,A,2024-06-20,841000.00,4.487797,101.7890625
08:01:34,912810UB2,TSRYS5810883,D,S,D,2024-06-20,50MM+,4.497758,101.65745
08:01:34,912810UB2,TSRYS5810883,D,S,T,2024-06-20,1000000.00,4.497849,101.65625
08:01:34,912810UB2,TSRYS5810883,D,S,T,2024-06-20,1000000.00,4.497849,101.65625
08:01:34,912810UB2,TSRYS5810883,D,S,T,2024-06-20,1000000.00,4.496665,101.671875
08:01:35,912810UB2,TSRYS5810883,D,S,T,2024-06-20,1000000.00,4.496673,101.671775
08:01:36,912810UB2,TSRYS5810883,D,S,C,2024-06-20,1000000.00,4.487206,101.796875
08:01:36,912810UB2,TSRYS5810883,D,B,C,2024-06-20,1000000.00,4.490751,101.75
08:01:36,912810UB2,TSRYS5810883,D,B,C,2024-06-20,1000000.00,4.490751,101.75
08:01:36,912810UB2,TSRYS5810883,D,B,C,2024-06-20,1000000.00,4.490751,101.75
08:01:36,912810UB2,TSRYS5810883,D,S,T,2024-06-20,1000000.00,4.483958,101.83984375
08:01:36,912810UB2,TSRYS5810883,D,S,D,2024-06-20,1000000.00,4.483958,101.83984375
08:01:36,912810UB2,TSRYS5810883,D,S,T,2024-06-20,1000000.00,4.483958,101.83984375
08:01:36,912810UB2,TSRYS5810883,D,S,D,2024-06-20,1000000.00,4.483958,101.83984375
08:01:36,912810UB2,TSRYS5810883,D,S,D,2024-06-20,1000000.00,4.484253,101.8359375
08:01:36,912810UB2,TSRYS5810883,D,S,D,2024-06-20,1000000.00,4.484401,101.83398437
08:01:36,912810UB2,TSRYS5810883,D,S,C,2024-06-20,1000000.00,4.484401,101.83398437
08:01:37,912810UB2,TSRYS5810883,D,B,C,2024-06-20,1000000.00,4.499032,101.640625
08:01:37,912810UB2,TSRYS5810883,D,S,T,2024-06-20,1000000.00,4.484253,101.8359375
08:01:37,912810UB2,TSRYS5810883,D,B,C,2024-06-20,1000000.00,4.496665,101.671875
08:01:37,912810UB2,TSRYS5810883,D,B,C,2024-06-20,1000000.00,4.495482,101.6875
08:01:37,912810UB2,TSRYS5810883,D,B,C,2024-06-20,1000000.00,4.496665,101.671875
08:01:37,912810UB2,TSRYS5810883,D,B,C,2024-06-20,1000000.00,4.499032,101.640625
08:01:37,912810UB2,TSRYS5810883,D,B,C,2024-06-20,1000000.00,4.498737,101.64453125
08:01:37,912810UB2,TSRYS5810883,D,B,C,2024-06-20,1000000.00,4.499032,101.640625
08:01:37,912810UB2,TSRYS5810883,D,B,C,2024-06-20,1000000.00,4.499032,101.640625
08:01:37,912810UB2,TSRYS5810883,D,B,C,2024-06-20,1000000.00,4.498737,101.64453125
08:01:37,912810UB2,TSRYS5810883,D,B,C,2024-06-20,1000000.00,4.499032,101.640625
08:01:37,912810UB2,TSRYS5810883,D,B,A,2024-06-20,3390000.00,4.497849,101.65625
08:01:38,912810UB2,TSRYS5810883,D,B,C,2024-06-20,1000000.00,4.496961,101.66796875
08:01:38,912810UB2,TSRYS5810883,D,B,C,2024-06-20,1000000.00,4.496961,101.66796875
08:01:38,912810UB2,TSRYS5810883,D,B,C,2024-06-20,1000000.00,4.496961,101.66796875
08:01:38,912810UB2,TSRYS5810883,D,S,T,2024-06-20,1000000.00,4.497405,101.66210937
08:01:38,912810UB2,TSRYS5810883,D,B,C,2024-06-20,1000000.00,4.499032,101.640625
08:01:38,912810UB2,TSRYS5810883,D,S,D,2024-06-20,39000000.00,4.495596,101.686
08:01:38,912810UB2,TSRYS5810883,D,S,D,2024-06-20,1000000.00,4.487206,101.796875
08:01:40,912810UB2,TSRYS5810883,D,B,C,2024-06-20,1000000.00,4.487058,101.798828125
08:01:40,912810UB2,TSRYS5810883,D,S,C,2024-06-20,1000000.00,4.487058,101.798828125
08:01:41,912810UB2,TSRYS5810883,D,S,D,2024-06-20,1000000.00,4.487206,101.796875
08:01:42,912810UB2,TSRYS5810883,D,S,D,2024-06-20,1000000.00,4.494299,101.703125
08:01:45,912810UB2,TSRYS5810883,D,S,C,2024-06-20,1000000.00,4.488388,101.78125
08:01:45,912810UB2,TSRYS5810883,D,S,A,2024-06-20,510000.00,4.493708,101.7109375
08:01:45,912810UB2,TSRYS5810883,D,S,A,2024-06-20,450000.00,4.493708,101.7109375
08:01:46,912810UB2,TSRYS5810883,D,B,C,2024-06-20,1000000.00,4.498145,101.65234375
08:01:47,912810UB2,TSRYS5810883,D,B,C,2024-06-20,1000000.00,4.497701,101.65820312
08:01:48,912810UB2,TSRYS5810883,D,S,A,2024-06-20,500000.00,4.493708,101.7109375
08:01:48,912810UB2,TSRYS5810883,D,S,D,2024-06-20,3300000.00,4.528703,101.25
08:01:49,912810UB2,TSRYS5810883,D,S,A,2024-06-20,400000.00,4.492821,101.72265625
08:01:50,912810UB2,TSRYS5810883,D,S,D,2024-06-20,1000000.00,4.492968,101.720703125
08:01:50,912810UB2,TSRYS5810883,D,S,D,2024-06-20,1000000.00,4.493116,101.71875
08:01:50,912810UB2,TSRYS5810883,D,S,A,2024-06-20,351000.00,4.492821,101.72265625
08:01:51,912810UB2,TSRYS5810883,D,S,D,2024-06-20,1000000.00,4.499624,101.6328125
08:01:51,912810UB2,TSRYS5810883,D,S,D,2024-06-20,1000000.00,4.499624,101.6328125
08:01:51,912810UB2,TSRYS5810883,D,S,C,2024-06-20,1000000.00,4.499328,101.63671875
08:01:51,912810UB2,TSRYS5810883,D,B,C,2024-06-20,1000000.00,4.499624,101.6328125
08:01:51,912810UB2,TSRYS5810883,D,B,C,2024-06-20,1000000.00,4.499328,101.63671875
08:01:51,912810UB2,TSRYS5810883,D,B,C,2024-06-20,1000000.00,4.499624,101.6328125
08:01:51,912810UB2,TSRYS5810883,D,S,D,2024-06-20,4000000.00,4.492821,101.72265625
08:01:51,912810UB2,TSRYS5810883,D,S,D,2024-06-20,1000000.00,4.499624,101.6328125
08:01:51,912810UB2,TSRYS5810883,D,S,C,2024-06-20,1000000.00,4.492968,101.720703125
08:01:52,912810UB2,TSRYS5810883,D,S,D,2024-06-20,1000000.00,4.492968,101.720703125
08:01:52,912810UB2,TSRYS5810883,D,S,D,2024-06-20,1000000.00,4.493116,101.71875
08:01:52,912810UB2,TSRYS5810883,D,S,D,2024-06-20,1000000.00,4.499624,101.6328125
08:01:53,912810UB2,TSRYS5810883,D,B,C,2024-06-20,1000000.00,4.499032,101.640625
08:01:53,912810UB2,TSRYS5810883,D,S,D,2024-06-20,1000000.00,4.499032,101.640625
08:01:53,912810UB2,TSRYS5810883,D,B,C,2024-06-20,1000000.00,4.499032,101.640625
08:01:53,912810UB2,TSRYS5810883,D,S,C,2024-06-20,1000000.00,4.499032,101.640625
08:01:53,912810UB2,TSRYS5810883,D,S,C,2024-06-20,1000000.00,4.498737,101.64453125
08:01:53,912810UB2,TSRYS5810883,D,B,C,2024-06-20,1000000.00,4.498737,101.64453125
08:01:53,912810UB2,TSRYS5810883,D,S,C,2024-06-20,1000000.00,4.499032,101.640625
08:01:53,912810UB2,TSRYS5810883,D,B,C,2024-06-20,1000000.00,4.499032,101.640625
08:01:53,912810UB2,TSRYS5810883,D,B,C,2024-06-20,1000000.00,4.498737,101.64453125
08:01:53,912810UB2,TSRYS5810883,D,S,C,2024-06-20,1000000.00,4.498737,101.64453125
08:01:53,912810UB2,TSRYS5810883,D,B,C,2024-06-20,1000000.00,4.497849,101.65625
08:01:53,912810UB2,TSRYS5810883,D,S,D,2024-06-20,1000000.00,4.497849,101.65625
08:01:53,912810UB2,TSRYS5810883,D,S,C,2024-06-20,1000000.00,4.498737,101.64453125
08:01:53,912810UB2,TSRYS5810883,D,B,C,2024-06-20,1000000.00,4.498737,101.64453125
08:01:53,912810UB2,TSRYS5810883,D,S,C,2024-06-20,1000000.00,4.498737,101.64453125
08:01:53,912810UB2,TSRYS5810883,D,B,C,2024-06-20,1000000.00,4.498737,101.64453125
08:01:53,912810UB2,TSRYS5810883,D,S,D,2024-06-20,1000000.00,4.498737,101.64453125
08:01:53,912810UB2,TSRYS5810883,D,B,C,2024-06-20,1000000.00,4.498737,101.64453125
08:01:53,912810UB2,TSRYS5810883,D,S,D,2024-06-20,1000000.00,4.499032,101.640625
08:01:53,912810UB2,TSRYS5810883,D,S,D,2024-06-20,1000000.00,4.493855,101.708984375
08:01:53,912810UB2,TSRYS5810883,D,S,C,2024-06-20,1000000.00,4.494299,101.7033
08:01:53,912810UB2,TSRYS5810883,D,S,D,2024-06-20,3000000.00,4.493855,101.708984375
08:01:54,912810UB2,TSRYS5810883,D,S,D,2024-06-20,1000000.00,4.497849,101.65625
08:01:54,912810UB2,TSRYS5810883,D,S,C,2024-06-20,285000.00,4.493116,101.71875
08:01:54,912810UB2,TSRYS5810883,D,S,D,2024-06-20,1000000.00,4.498737,101.64453125
08:01:55,912810UB2,TSRYS5810883,D,S,T,2024-06-20,1000000.00,4.497849,101.65625
08:01:56,912810UB2,TSRYS5810883,D,S,A,2024-06-20,510000.00,4.494299,101.703125
08:01:56,912810UB2,TSRYS5810883,D,S,D,2024-06-20,1000000.00,4.493116,101.71875
08:02:02,912810UB2,TSRYS5810883,D,S,D,2024-06-20,1000000.00,4.492377,101.728515625
08:02:02,912810UB2,TSRYS5810883,D,S,D,2024-06-20,1000000.00,4.492525,101.7265625
08:02:03,912810UB2,TSRYS5810883,D,B,C,2024-06-20,1000000.00,4.493116,101.71875
08:02:03,912810UB2,TSRYS5810883,D,S,D,2024-06-20,1000000.00,4.493116,101.71875
08:02:03,912810UB2,TSRYS5810883,D,S,D,2024-06-20,1000000.00,4.492377,101.728515625
08:02:03,912810UB2,TSRYS5810883,D,S,D,2024-06-20,1000000.00,4.492525,101.7265625
08:02:03,912810UB2,TSRYS5810883,D,B,C,2024-06-20,1000000.00,4.492377,101.728515625
08:02:03,912810UB2,TSRYS5810883,D,S,D,2024-06-20,1000000.00,4.492377,101.728515625
08:02:03,912810UB2,TSRYS5810883,D,S,D,2024-06-20,1000000.00,4.492525,101.7265625
08:02:03,912810UB2,TSRYS5810883,D,B,C,2024-06-20,1000000.00,4.489569,101.765625
08:02:03,912810UB2,TSRYS5810883,D,B,C,2024-06-20,1000000.00,4.490456,101.75390625
08:02:03,912810UB2,TSRYS5810883,D,S,C,2024-06-20,1000000.00,4.489569,101.765625
08:02:04,912810UB2,TSRYS5810883,D,B,C,2024-06-20,1000000.00,4.491934,101.734375
08:02:04,912810UB2,TSRYS5810883,D,S,D,2024-06-20,1000000.00,4.491934,101.734375
08:02:04,912810UB2,TSRYS5810883,D,S,D,2024-06-20,7000000.00,4.497411,101.66203
08:02:04,912810UB2,TSRYS5810883,D,B,C,2024-06-20,1000000.00,4.484844,101.828125
08:02:04,912810UB2,TSRYS5810883,D,S,D,2024-06-20,1000000.00,4.484844,101.828125
08:02:04,912810UB2,TSRYS5810883,D,S,D,2024-06-20,1000000.00,4.484844,101.828125
08:02:04,912810UB2,TSRYS5810883,D,B,C,2024-06-20,1000000.00,4.484859,101.827925
08:02:04,912810UB2,TSRYS5810883,D,S,D,2024-06-20,1000000.00,4.492377,101.728515625
08:02:05,912810UB2,TSRYS5810883,D,B,C,2024-06-20,1000000.00,4.492377,101.728515625
08:02:05,912810UB2,TSRYS5810883,D,S,D,2024-06-20,1000000.00,4.492377,101.728515625
08:02:05,912810UB2,TSRYS5810883,D,S,D,2024-06-20,1000000.00,4.492377,101.728515625
08:02:05,912810UB2,TSRYS5810883,D,S,C,2024-06-20,1000000.00,4.493116,101.718925
08:02:05,912810UB2,TSRYS5810883,D,B,C,2024-06-20,1000000.00,4.494743,101.697265625
08:02:05,912810UB2,TSRYS5810883,D,S,D,2024-06-20,1000000.00,4.494743,101.697265625
08:02:05,912810UB2,TSRYS5810883,D,B,A,2024-06-20,2200000.00,4.496665,101.671875
08:02:06,912810UB2,TSRYS5810883,D,B,C,2024-06-20,1000000.00,4.494299,101.703125
08:02:06,912810UB2,TSRYS5810883,D,S,D,2024-06-20,1000000.00,4.494299,101.703125
08:02:06,912810UB2,TSRYS5810883,D,S,D,2024-06-20,1000000.00,4.494595,101.69921875
08:02:06,912810UB2,TSRYS5810883,D,S,C,2024-06-20,1000000.00,4.493116,101.71875
08:02:06,912810UB2,TSRYS5810883,D,S,C,2024-06-20,10000000.00,4.490839,101.74884
08:02:08,912810UB2,TSRYS5810883,D,B,C,2024-06-20,1000000.00,4.49016,101.7578125
08:02:08,912810UB2,TSRYS5810883,D,B,C,2024-06-20,1000000.00,4.49016,101.7578125
08:02:08,912810UB2,TSRYS5810883,D,B,C,2024-06-20,1000000.00,4.490308,101.75585937
08:02:08,912810UB2,TSRYS5810883,D,B,C,2024-06-20,1000000.00,4.49016,101.7578125
08:02:08,912810UB2,TSRYS5810883,D,B,C,2024-06-20,1000000.00,4.49016,101.7578125
08:02:08,912810UB2,TSRYS5810883,D,S,D,2024-06-20,19000000.00,4.490089,101.75875
08:02:09,912810UB2,TSRYS5810883,D,S,T,2024-06-20,1000000.00,4.497849,101.65625
08:02:10,912810UB2,TSRYS5810883,D,S,T,2024-06-20,1000000.00,4.494299,101.703125
08:02:10,912810UB2,TSRYS5810883,D,S,T,2024-06-20,1000000.00,4.494299,101.703125
08:02:11,912810UB2,TSRYS5810883,D,S,C,2024-06-20,1000000.00,4.495482,101.687675
08:02:11,912810UB2,TSRYS5810883,D,B,C,2024-06-20,1000000.00,4.495482,101.6875
08:02:11,912810UB2,TSRYS5810883,D,S,C,2024-06-20,10000000.00,4.489316,101.76897
08:02:11,912810UB2,TSRYS5810883,D,S,T,2024-06-20,1000000.00,4.494308,101.703
08:02:12,912810UB2,TSRYS5810883,D,B,C,2024-06-20,1000000.00,4.489569,101.765625
08:02:12,912810UB2,TSRYS5810883,D,S,T,2024-06-20,1000000.00,4.494308,101.703
08:02:12,912810UB2,TSRYS5810883,D,S,T,2024-06-20,1000000.00,4.494299,101.703125
08:02:12,912810UB2,TSRYS5810883,D,S,T,2024-06-20,1000000.00,4.494299,101.703125
08:02:12,912810UB2,TSRYS5810883,D,S,T,2024-06-20,1000000.00,4.494299,101.703125
08:02:12,912810UB2,TSRYS5810883,D,S,T,2024-06-20,1000000.00,4.494299,101.703125
08:02:13,912810UB2,TSRYS5810883,D,S,T,2024-06-20,1000000.00,4.494299,101.703125
08:02:13,912810UB2,TSRYS5810883,D,S,T,2024-06-20,1000000.00,4.494299,101.703125
08:02:13,912810UB2,TSRYS5810883,D,S,D,2024-06-20,1000000.00,4.494299,101.703125
08:02:13,912810UB2,TSRYS5810883,D,S,D,2024-06-20,1000000.00,4.494299,101.703125
08:02:14,912810UB2,TSRYS5810883,D,B,C,2024-06-20,1000000.00,4.490013,101.75976562
08:02:14,912810UB2,TSRYS5810883,D,S,T,2024-06-20,1000000.00,4.497257,101.6640625
08:02:15,912810UB2,TSRYS5810883,D,B,C,2024-06-20,1000000.00,4.498737,101.64453125
08:02:15,912810UB2,TSRYS5810883,D,B,A,2024-06-20,3800000.00,4.496991,101.66756875
08:02:16,912810UB2,TSRYS5810883,D,S,C,2024-06-20,200000.00,4.496339,101.67868125
08:02:16,912810UB2,TSRYS5810883,D,S,T,2024-06-20,1000000.00,4.497849,101.65625
08:02:16,912810UB2,TSRYS5810883,D,S,T,2024-06-20,1000000.00,4.497849,101.65625
08:02:16,912810UB2,TSRYS5810883,D,S,T,2024-06-20,1000000.00,4.497849,101.65625
08:02:16,912810UB2,TSRYS5810883,D,S,T,2024-06-20,1000000.00,4.497849,101.65625
08:02:17,912810UB2,TSRYS5810883,D,S,T,2024-06-20,1000000.00,4.497849,101.65625
08:02:19,912810UB2,TSRYS5810883,D,B,C,2024-06-20,1000000.00,4.49149,101.74023437
08:02:19,912810UB2,TSRYS5810883,D,S,C,2024-06-20,1000000.00,4.488388,101.78125
08:02:19,912810UB2,TSRYS5810883,D,S,D,2024-06-20,1000000.00,4.488388,101.78125
08:02:19,912810UB2,TSRYS5810883,D,S,C,2024-06-20,10000000.00,4.490195,101.75736
08:02:19,912810UB2,TSRYS5810883,D,B,C,2024-06-20,1000000.00,4.49149,101.74023437
08:02:19,912810UB2,TSRYS5810883,D,B,C,2024-06-20,1000000.00,4.49149,101.74023437
08:02:19,912810UB2,TSRYS5810883,D,S,D,2024-06-20,1000000.00,4.486017,101.812602
08:02:19,912810UB2,TSRYS5810883,D,B,C,2024-06-20,1000000.00,4.487217,101.796725
08:02:19,912810UB2,TSRYS5810883,D,B,C,2024-06-20,1000000.00,4.493116,101.71875
08:02:19,912810UB2,TSRYS5810883,D,S,C,2024-06-20,1000000.00,4.487191,101.797075
08:02:19,912810UB2,TSRYS5810883,D,S,C,2024-06-20,1000000.00,4.487206,101.796875
08:02:20,912810UB2,TSRYS5810883,D,S,C,2024-06-20,2000000.00,4.488388,101.78125
08:02:20,912810UB2,TSRYS5810883,D,S,D,2024-06-20,1000000.00,4.488388,101.78125
08:02:20,912810UB2,TSRYS5810883,D,S,C,2024-06-20,1000000.00,4.488388,101.78125
08:02:20,912810UB2,TSRYS5810883,D,S,D,2024-06-20,1000000.00,4.488388,101.78125
08:02:20,912810UB2,TSRYS5810883,D,S,D,2024-06-20,1000000.00,4.488388,101.78125
08:02:20,912810UB2,TSRYS5810883,D,S,D,2024-06-20,1000000.00,4.488388,101.78125
08:02:20,912810UB2,TSRYS5810883,D,S,D,2024-06-20,1000000.00,4.488388,101.78125
08:02:20,912810UB2,TSRYS5810883,D,B,C,2024-06-20,1000000.00,4.494595,101.69921875
08:02:21,912810UB2,TSRYS5810883,D,S,D,2024-06-20,5000000.00,4.493051,101.7196125
08:02:21,912810UB2,TSRYS5810883,D,S,D,2024-06-20,10000000.00,4.493139,101.7184453
08:02:21,912810UB2,TSRYS5810883,D,S,D,2024-06-20,5000000.00,4.493169,101.71805
08:02:21,912810UB2,TSRYS5810883,D,S,T,2024-06-20,1000000.00,4.494299,101.703125
08:02:21,912810UB2,TSRYS5810883,D,B,A,2024-06-20,4880000.00,4.492821,101.72265625
08:02:21,912810UB2,TSRYS5810883,D,S,C,2024-06-20,39000000.00,4.491968,101.73392
08:02:21,912810UB2,TSRYS5810883,D,S,D,2024-06-20,1000000.00,4.493116,101.71875
08:02:21,912810UB2,TSRYS5810883,D,S,D,2024-06-20,2000000.00,4.493116,101.71875
08:02:21,912810UB2,TSRYS5810883,D,S,D,2024-06-20,90000.00,4.498145,101.65234375
08:02:22,912810UB2,TSRYS5810883,D,B,C,2024-06-20,240100.00,4.495186,101.69140625
08:02:22,912810UB2,TSRYS5810883,D,S,T,2024-06-20,19600000.00,4.528703,101.25
08:02:22,912810UB2,TSRYS5810883,D,S,T,2024-06-20,4900000.00,4.528703,101.25
08:02:22,912810UB2,TSRYS5810883,D,S,D,2024-06-20,2000000.00,4.493116,101.71875
08:02:22,912810UB2,TSRYS5810883,D,S,D,2024-06-20,1000000.00,4.493116,101.71875
08:02:23,912810UB2,TSRYS5810883,D,S,C,2024-06-20,1000000.00,4.494286,101.7033
08:02:23,912810UB2,TSRYS5810883,D,S,D,2024-06-20,1000000.00,4.494289,101.703255
08:02:25,912810UB2,TSRYS5810883,D,B,C,2024-06-20,1000000.00,4.500068,101.62695312
08:02:25,912810UB2,TSRYS5810883,D,S,C,2024-06-20,1000000.00,4.491917,101.7346
08:02:26,912810UB2,TSRYS5810883,D,B,C,2024-06-20,1000000.00,4.496961,101.66796875
08:02:27,912810UB2,TSRYS5810883,D,S,C,2024-06-20,2000000.00,4.493063,101.71945
08:02:27,912810UB2,TSRYS5810883,D,S,D,2024-06-20,12000000.00,4.496092,101.67944
08:02:27,912810UB2,TSRYS5810883,D,S,A,2024-06-20,500000.00,4.489865,101.76171875
08:02:27,912810UB2,TSRYS5810883,D,S,C,2024-06-20,1000000.00,4.494286,101.7033
08:02:28,912810UB2,TSRYS5810883,D,B,C,2024-06-20,1000000.00,4.493131,101.71855
08:02:28,912810UB2,TSRYS5810883,D,B,C,2024-06-20,1000000.00,4.489569,101.765625
08:02:28,912810UB2,TSRYS5810883,D,S,D,2024-06-20,1000000.00,4.489569,101.765625
08:02:28,912810UB2,TSRYS5810883,D,S,D,2024-06-20,1000000.00,4.493116,101.71875
08:02:29,912810UB2,TSRYS5810883,D,S,D,2024-06-20,1000000.00,4.491934,101.734375
08:02:29,912810UB2,TSRYS5810883,D,S,D,2024-06-20,3000000.00,4.491934,101.734375
08:02:29,912810UB2,TSRYS5810883,D,B,C,2024-06-20,1000000.00,4.491949,101.734175
08:02:29,912810UB2,TSRYS5810883,D,S,T,2024-06-20,1000000.00,4.500226,101.62487
08:02:29,912810UB2,TSRYS5810883,D,S,C,2024-06-20,1000000.00,4.494299,101.703125
08:02:29,912810UB2,TSRYS5810883,D,B,C,2024-06-20,1000000.00,4.494314,101.702925
08:02:29,912810UB2,TSRYS5810883,D,S,D,2024-06-20,1000000.00,4.494284,101.703325
08:02:29,912810UB2,TSRYS5810883,D,B,C,2024-06-20,1000000.00,4.494299,101.703125
08:02:29,912810UB2,TSRYS5810883,D,S,D,2024-06-20,1000000.00,4.494284,101.703325
08:02:29,912810UB2,TSRYS5810883,D,S,D,2024-06-20,1000000.00,4.494284,101.703325
08:02:29,912810UB2,TSRYS5810883,D,B,C,2024-06-20,1000000.00,4.494299,101.703125
08:02:29,912810UB2,TSRYS5810883,D,S,D,2024-06-20,1000000.00,4.494284,101.703325
08:02:29,912810UB2,TSRYS5810883,D,B,C,2024-06-20,1000000.00,4.494314,101.702925
08:02:29,912810UB2,TSRYS5810883,D,S,D,2024-06-20,1000000.00,4.494284,101.703325
08:02:29,912810UB2,TSRYS5810883,D,B,C,2024-06-20,1000000.00,4.494299,101.703125
08:02:29,912810UB2,TSRYS5810883,D,S,D,2024-06-20,1000000.00,4.494284,101.703325
08:02:29,912810UB2,TSRYS5810883,D,S,D,2024-06-20,1000000.00,4.494284,101.703325
08:02:29,912810UB2,TSRYS5810883,D,B,C,2024-06-20,1000000.00,4.494299,101.703125
08:02:29,912810UB2,TSRYS5810883,D,B,C,2024-06-20,1000000.00,4.494299,101.703125
08:02:30,912810UB2,TSRYS5810883,D,S,D,2024-06-20,1000000.00,4.494289,101.703255
08:02:30,912810UB2,TSRYS5810883,D,B,C,2024-06-20,1000000.00,4.494314,101.702925
08:02:30,912810UB2,TSRYS5810883,D,S,D,2024-06-20,1000000.00,4.494284,101.703325
08:02:30,912810UB2,TSRYS5810883,D,S,D,2024-06-20,1000000.00,4.494284,101.703325
08:02:30,912810UB2,TSRYS5810883,D,B,C,2024-06-20,1000000.00,4.491945,101.734223
08:02:30,912810UB2,TSRYS5810883,D,S,C,2024-06-20,1000000.00,4.491934,101.734375
08:02:30,912810UB2,TSRYS5810883,D,S,D,2024-06-20,1000000.00,4.493106,101.71888
08:02:30,912810UB2,TSRYS5810883,D,B,C,2024-06-20,1000000.00,4.494314,101.702925
08:02:30,912810UB2,TSRYS5810883,D,S,T,2024-06-20,1000000.00,4.498441,101.6484375
08:02:30,912810UB2,TSRYS5810883,D,B,C,2024-06-20,1000000.00,4.495497,101.6873
08:02:31,912810UB2,TSRYS5810883,D,B,C,2024-06-20,1000000.00,4.495497,101.6873
08:02:31,912810UB2,TSRYS5810883,D,B,C,2024-06-20,1000000.00,4.495497,101.6873
08:02:31,912810UB2,TSRYS5810883,D,B,C,2024-06-20,1000000.00,4.495482,101.6875
08:02:31,912810UB2,TSRYS5810883,D,S,C,2024-06-20,1000000.00,4.495482,101.6875
08:02:31,912810UB2,TSRYS5810883,D,S,C,2024-06-20,1000000.00,4.495469,101.687675
08:02:31,912810UB2,TSRYS5810883,D,S,C,2024-06-20,1000000.00,4.495469,101.687675
08:02:31,912810UB2,TSRYS5810883,D,S,D,2024-06-20,1000000.00,4.495482,101.6875
08:02:31,912810UB2,TSRYS5810883,D,S,C,2024-06-20,1000000.00,4.494299,101.703125
08:02:31,912810UB2,TSRYS5810883,D,S,C,2024-06-20,1000000.00,4.493105,101.7189
08:02:31,912810UB2,TSRYS5810883,D,S,C,2024-06-20,1000000.00,4.493105,101.7189
08:02:31,912810UB2,TSRYS5810883,D,B,C,2024-06-20,1000000.00,4.493116,101.71875
08:02:31,912810UB2,TSRYS5810883,D,B,C,2024-06-20,1000000.00,4.493116,101.71875
08:02:31,912810UB2,TSRYS5810883,D,S,C,2024-06-20,1000000.00,4.493105,101.7189
08:02:31,912810UB2,TSRYS5810883,D,S,T,2024-06-20,24450000.00,4.528703,101.25
08:02:31,912810UB2,TSRYS5810883,D,S,C,2024-06-20,1000000.00,4.493105,101.7189
08:02:32,912810UB2,TSRYS5810883,D,B,C,2024-06-20,1000000.00,4.493131,101.71855
08:02:32,912810UB2,TSRYS5810883,D,B,C,2024-06-20,1000000.00,4.493131,101.71855
08:02:32,912810UB2,TSRYS5810883,D,S,C,2024-06-20,1000000.00,4.493105,101.7189
08:02:32,912810UB2,TSRYS5810883,D,B,C,2024-06-20,1000000.00,4.493131,101.71855
08:02:33,912810UB2,TSRYS5810883,D,S,D,2024-06-20,1000000.00,4.494284,101.703325
08:02:33,912810UB2,TSRYS5810883,D,S,D,2024-06-20,1000000.00,4.494284,101.703325
08:02:33,912810UB2,TSRYS5810883,D,S,D,2024-06-20,1000000.00,4.494284,101.703325
08:02:33,912810UB2,TSRYS5810883,D,S,D,2024-06-20,1000000.00,4.494284,101.703325
08:02:33,912810UB2,TSRYS5810883,D,S,D,2024-06-20,1000000.00,4.494284,101.703325
08:02:33,912810UB2,TSRYS5810883,D,B,C,2024-06-20,1000000.00,4.494299,101.703125
08:02:33,912810UB2,TSRYS5810883,D,S,D,2024-06-20,1000000.00,4.494289,101.703255
08:02:33,912810UB2,TSRYS5810883,D,S,C,2024-06-20,1000000.00,4.494284,101.703325
08:02:33,912810UB2,TSRYS5810883,D,B,C,2024-06-20,1000000.00,4.494299,101.703125
08:02:33,912810UB2,TSRYS5810883,D,B,C,2024-06-20,1000000.00,4.49431,101.702975
08:02:33,912810UB2,TSRYS5810883,D,S,D,2024-06-20,1000000.00,4.494299,101.703125
08:02:33,912810UB2,TSRYS5810883,D,S,D,2024-06-20,1000000.00,4.494299,101.703125
08:02:33,912810UB2,TSRYS5810883,D,B,C,2024-06-20,2000000.00,4.49431,101.702975
08:02:33,912810UB2,TSRYS5810883,D,B,C,2024-06-20,1000000.00,4.494299,101.703125
08:02:33,912810UB2,TSRYS5810883,D,S,D,2024-06-20,1000000.00,4.494299,101.703125
08:02:33,912810UB2,TSRYS5810883,D,S,D,2024-06-20,1000000.00,4.494299,101.703125
08:02:33,912810UB2,TSRYS5810883,D,B,C,2024-06-20,1000000.00,4.49431,101.702975
08:02:33,912810UB2,TSRYS5810883,D,B,C,2024-06-20,1000000.00,4.494299,101.703125
08:02:33,912810UB2,TSRYS5810883,D,S,D,2024-06-20,2000000.00,4.494299,101.703125
08:02:34,912810UB2,TSRYS5810883,D,S,D,2024-06-20,1000000.00,4.496665,101.671875
08:02:34,912810UB2,TSRYS5810883,D,B,C,2024-06-20,1000000.00,4.496665,101.671875
08:02:34,912810UB2,TSRYS5810883,D,S,D,2024-06-20,1000000.00,4.496665,101.671875
08:02:34,912810UB2,TSRYS5810883,D,B,C,2024-06-20,1000000.00,4.496665,101.671875
08:02:35,912810UB2,TSRYS5810883,D,S,C,2024-06-20,1000000.00,4.491919,101.734575
08:02:35,912810UB2,TSRYS5810883,D,B,C,2024-06-20,1000000.00,4.491934,101.734375
08:02:36,912810UB2,TSRYS5810883,D,S,D,2024-06-20,1000000.00,4.490751,101.75
08:02:36,912810UB2,TSRYS5810883,D,B,C,2024-06-20,1000000.00,4.490763,101.749848
08:02:36,912810UB2,TSRYS5810883,D,S,C,2024-06-20,1000000.00,4.490751,101.75
08:02:36,912810UB2,TSRYS5810883,D,S,C,2024-06-20,1000000.00,4.490751,101.75
08:02:36,912810UB2,TSRYS5810883,D,S,C,2024-06-20,1000000.00,4.490751,101.75
08:02:36,912810UB2,TSRYS5810883,D,S,D,2024-06-20,1000000.00,4.490751,101.75
08:02:37,912810UB2,TSRYS5810883,D,S,C,2024-06-20,1000000.00,4.491934,101.734375
08:02:37,912810UB2,TSRYS5810883,D,B,C,2024-06-20,1000000.00,4.491949,101.734175
08:02:37,912810UB2,TSRYS5810883,D,B,C,2024-06-20,1000000.00,4.493116,101.71875
08:02:37,912810UB2,TSRYS5810883,D,S,C,2024-06-20,1000000.00,4.493116,101.71875
08:02:37,912810UB2,TSRYS5810883,D,S,D,2024-06-20,1000000.00,4.493116,101.71875
08:02:37,912810UB2,TSRYS5810883,D,B,C,2024-06-20,1000000.00,4.493116,101.71875
08:02:37,912810UB2,TSRYS5810883,D,B,C,2024-06-20,1000000.00,4.490751,101.75
08:02:37,912810UB2,TSRYS5810883,D,S,C,2024-06-20,1000000.00,4.490729,101.7503
08:02:38,912810UB2,TSRYS5810883,D,S,D,2024-06-20,1000000.00,4.489569,101.765625
08:02:38,912810UB2,TSRYS5810883,D,B,C,2024-06-20,1000000.00,4.489581,101.765473
08:02:38,912810UB2,TSRYS5810883,D,B,C,2024-06-20,1000000.00,4.490751,101.75
08:02:38,912810UB2,TSRYS5810883,D,B,C,2024-06-20,1000000.00,4.490763,101.74985
08:02:38,912810UB2,TSRYS5810883,D,S,C,2024-06-20,1000000.00,4.490736,101.7502
08:02:38,912810UB2,TSRYS5810883,D,S,C,2024-06-20,1000000.00,4.490751,101.75
08:02:40,912810UB2,TSRYS5810883,D,S,D,2024-06-20,1000000.00,4.494289,101.703255
08:02:40,912810UB2,TSRYS5810883,D,B,C,2024-06-20,1000000.00,4.494299,101.703125
08:02:40,912810UB2,TSRYS5810883,D,B,C,2024-06-20,200000.00,4.496665,101.671875
08:02:43,912810UB2,TSRYS5810883,D,S,C,2024-06-20,1000000.00,4.495186,101.69140625
08:02:43,912810UB2,TSRYS5810883,D,B,C,2024-06-20,1000000.00,4.491934,101.734375
08:02:43,912810UB2,TSRYS5810883,D,S,D,2024-06-20,1000000.00,4.491934,101.734375
08:02:43,912810UB2,TSRYS5810883,D,S,D,2024-06-20,1000000.00,4.491934,101.734375
08:02:43,912810UB2,TSRYS5810883,D,S,D,2024-06-20,1000000.00,4.491934,101.734375
08:02:43,912810UB2,TSRYS5810883,D,S,D,2024-06-20,1000000.00,4.491934,101.734375
08:02:44,912810UB2,TSRYS5810883,D,S,C,2024-06-20,1000000.00,4.491934,101.734375
08:02:44,912810UB2,TSRYS5810883,D,S,C,2024-06-20,1000000.00,4.494284,101.703325
08:02:44,912810UB2,TSRYS5810883,D,B,C,2024-06-20,1000000.00,4.495497,101.6873
08:02:44,912810UB2,TSRYS5810883,D,S,C,2024-06-20,1000000.00,4.495482,101.6875
08:02:44,912810UB2,TSRYS5810883,D,B,C,2024-06-20,1000000.00,4.495482,101.6875
08:02:44,912810UB2,TSRYS5810883,D,B,C,2024-06-20,1000000.00,4.495038,101.693359375
08:02:44,912810UB2,TSRYS5810883,D,S,C,2024-06-20,1000000.00,4.494284,101.703325
08:02:44,912810UB2,TSRYS5810883,D,B,C,2024-06-20,1000000.00,4.494299,101.703125
08:02:44,912810UB2,TSRYS5810883,D,S,C,2024-06-20,1000000.00,4.494284,101.703325
08:02:44,912810UB2,TSRYS5810883,D,S,C,2024-06-20,1000000.00,4.494299,101.703125
08:02:44,912810UB2,TSRYS5810883,D,S,D,2024-06-20,1000000.00,4.495038,101.693359375
08:02:44,912810UB2,TSRYS5810883,D,B,C,2024-06-20,1000000.00,4.496665,101.671875
08:02:44,912810UB2,TSRYS5810883,D,S,D,2024-06-20,1000000.00,4.495482,101.6875
08:02:44,912810UB2,TSRYS5810883,D,S,D,2024-06-20,1000000.00,4.496665,101.671875
08:02:44,912810UB2,TSRYS5810883,D,B,C,2024-06-20,1000000.00,4.495482,101.6875
08:02:44,912810UB2,TSRYS5810883,D,S,C,2024-06-20,1000000.00,4.495467,101.6877
08:02:44,912810UB2,TSRYS5810883,D,S,T,2024-06-20,1000000.00,4.497553,101.66015625
08:02:45,912810UB2,TSRYS5810883,D,S,C,2024-06-20,1000000.00,4.493116,101.71875
08:02:45,912810UB2,TSRYS5810883,D,B,C,2024-06-20,1000000.00,4.493116,101.71875
08:02:45,912810UB2,TSRYS5810883,D,S,C,2024-06-20,1000000.00,4.493094,101.71905
08:02:45,912810UB2,TSRYS5810883,D,S,D,2024-06-20,1000000.00,4.491934,101.734375
08:02:45,912810UB2,TSRYS5810883,D,B,C,2024-06-20,1000000.00,4.491934,101.734375
08:02:45,912810UB2,TSRYS5810883,D,S,D,2024-06-20,1000000.00,4.491934,101.734375
08:02:45,912810UB2,TSRYS5810883,D,S,D,2024-06-20,1000000.00,4.491934,101.734375
08:02:45,912810UB2,TSRYS5810883,D,S,C,2024-06-20,1000000.00,4.491934,101.734375
08:02:45,912810UB2,TSRYS5810883,D,S,C,2024-06-20,1000000.00,4.491934,101.734375
08:02:45,912810UB2,TSRYS5810883,D,S,C,2024-06-20,1000000.00,4.491934,101.734375
08:02:45,912810UB2,TSRYS5810883,D,S,D,2024-06-20,1000000.00,4.490742,101.75013
08:02:45,912810UB2,TSRYS5810883,D,S,D,2024-06-20,1000000.00,4.490751,101.75
08:02:45,912810UB2,TSRYS5810883,D,S,C,2024-06-20,1000000.00,4.490751,101.75
08:02:45,912810UB2,TSRYS5810883,D,S,D,2024-06-20,1000000.00,4.490751,101.75
08:02:45,912810UB2,TSRYS5810883,D,S,D,2024-06-20,1000000.00,4.490751,101.75
08:02:46,912810UB2,TSRYS5810883,D,S,D,2024-06-20,1000000.00,4.490751,101.75
08:02:46,912810UB2,TSRYS5810883,D,B,C,2024-06-20,1000000.00,4.490751,101.75
08:02:46,912810UB2,TSRYS5810883,D,S,D,2024-06-20,1000000.00,4.490751,101.75
08:02:46,912810UB2,TSRYS5810883,D,B,C,2024-06-20,1000000.00,4.490751,101.75
08:02:46,912810UB2,TSRYS5810883,D,S,D,2024-06-20,1000000.00,4.491924,101.734505
08:02:46,912810UB2,TSRYS5810883,D,B,C,2024-06-20,1000000.00,4.491949,101.734175
08:02:46,912810UB2,TSRYS5810883,D,S,D,2024-06-20,1000000.00,4.491926,101.734477
08:02:46,912810UB2,TSRYS5810883,D,S,D,2024-06-20,1000000.00,4.491926,101.734477
08:02:46,912810UB2,TSRYS5810883,D,B,C,2024-06-20,1000000.00,4.491934,101.734375
08:02:46,912810UB2,TSRYS5810883,D,B,C,2024-06-20,1000000.00,4.491934,101.734375
08:02:46,912810UB2,TSRYS5810883,D,S,D,2024-06-20,1000000.00,4.493106,101.71888
08:02:46,912810UB2,TSRYS5810883,D,B,C,2024-06-20,1000000.00,4.493131,101.71855
08:02:47,912810UB2,TSRYS5810883,D,B,C,2024-06-20,1000000.00,4.493116,101.71875
08:02:47,912810UB2,TSRYS5810883,D,S,D,2024-06-20,1000000.00,4.493116,101.71875
08:02:47,912810UB2,TSRYS5810883,D,S,D,2024-06-20,1000000.00,4.494289,101.703255
08:02:49,912810UB2,TSRYS5810883,D,B,C,2024-06-20,1000000.00,4.493131,101.71855
08:02:49,912810UB2,TSRYS5810883,D,S,C,2024-06-20,1000000.00,4.493103,101.718925
08:02:49,912810UB2,TSRYS5810883,D,S,D,2024-06-20,1000000.00,4.493116,101.71875
08:02:49,912810UB2,TSRYS5810883,D,B,C,2024-06-20,1000000.00,4.493116,101.71875
08:02:50,912810UB2,TSRYS5810883,D,S,T,2024-06-20,1000000.00,4.492968,101.720703125
08:02:50,912810UB2,TSRYS5810883,D,S,T,2024-06-20,1000000.00,4.492968,101.720703125
08:02:50,912810UB2,TSRYS5810883,D,S,T,2024-06-20,1000000.00,4.492525,101.7265625
08:02:50,912810UB2,TSRYS5810883,D,B,C,2024-06-20,1000000.00,4.495482,101.6875
08:02:50,912810UB2,TSRYS5810883,D,S,D,2024-06-20,1000000.00,4.495482,101.6875
08:02:51,912810UB2,TSRYS5810883,D,S,T,2024-06-20,1000000.00,4.492968,101.720703125
08:02:51,912810UB2,TSRYS5810883,D,S,T,2024-06-20,1000000.00,4.493264,101.716796875
08:02:51,912810UB2,TSRYS5810883,D,S,T,2024-06-20,1000000.00,4.492968,101.720703125
08:02:55,912810UB2,TSRYS5810883,D,S,T,2024-06-20,1000000.00,4.492968,101.720703125
08:02:55,912810UB2,TSRYS5810883,D,B,A,2024-06-20,1000000.00,4.49992,101.62890625
08:02:55,912810UB2,TSRYS5810883,D,S,D,2024-06-20,1000000.00,4.496665,101.671875
08:02:55,912810UB2,TSRYS5810883,D,S,D,2024-06-20,1000000.00,4.496665,101.671875
08:02:55,912810UB2,TSRYS5810883,D,B,C,2024-06-20,1000000.00,4.496665,101.671875
08:02:55,912810UB2,TSRYS5810883,D,B,C,2024-06-20,1000000.00,4.496665,101.671875
08:02:55,912810UB2,TSRYS5810883,D,S,D,2024-06-20,1000000.00,4.496665,101.671875
08:02:55,912810UB2,TSRYS5810883,D,S,T,2024-06-20,1000000.00,4.492821,101.72265625
08:02:55,912810UB2,TSRYS5810883,D,S,T,2024-06-20,1000000.00,4.492821,101.72265625
08:02:55,912810UB2,TSRYS5810883,D,S,T,2024-06-20,1000000.00,4.492082,101.732421875
