tradeTime,cusip,issueSymbolIdentifier,priceType,reportingSideCode,contraPartyTypeCode,tradeDate,reportedTradeVolume,lastSaleYield,lastSalePrice
08:00:05,912810UB2,TSRYS5810883,D,S,D,2024-06-13,1000000.00,4.553386,100.927734375
08:00:05,912810UB2,TSRYS5810883,D,S,D,2024-06-13,1000000.00,4.553386,100.927734375
08:00:05,912810UB2,TSRYS5810883,D,B,C,2024-06-13,1000000.00,4.556372,100.888671875
08:00:05,912810UB2,TSRYS5810883,D,B,C,2024-06-13,1000000.00,4.556372,100.888671875
08:00:05,912810UB2,TSRYS5810883,D,B,C,2024-06-13,1000000.00,4.556372,100.888671875
08:00:05,912810UB2,TSRYS5810883,D,B,C,2024-06-13,1000000.00,4.556372,100.888671875
08:00:05,912810UB2,TSRYS5810883,D,B,C,2024-06-13,1000000.00,4.550401,100.966796875
08:00:05,912810UB2,TSRYS5810883,D,B,C,2024-06-13,1000000.00,4.550401,100.966796875
08:00:05,912810UB2,TSRYS5810883,D,B,C,2024-06-13,1000000.00,4.554431,100.9140625
08:00:05,912810UB2,TSRYS5810883,D,B,C,2024-06-13,1000000.00,4.556372,100.888671875
08:00:05,912810UB2,TSRYS5810883,D,S,T,2024-06-13,1000000.00,4.556073,100.892578125
08:00:05,912810UB2,TSRYS5810883,D,S,D,2024-06-13,1000000.00,4.565489,100.76953125
08:00:05,912810UB2,TSRYS5810883,D,S,D,2024-06-13,1000000.00,4.565489,100.76953125
08:00:05,912810UB2,TSRYS5810883,D,S,D,2024-06-13,1000000.00,4.563395,100.796875
08:00:05,912810UB2,TSRYS5810883,D,S,D,2024-06-13,1000000.00,4.563395,100.796875
08:00:05,912810UB2,TSRYS5810883,D,S,D,2024-06-13,1000000.00,4.563395,100.796875
08:00:05,912810UB2,TSRYS5810883,D,S,D,2024-06-13,1000000.00,4.563395,100.796875
08:00:05,912810UB2,TSRYS5810883,D,S,D,2024-06-13,1000000.00,4.565788,100.765625
08:00:05,912810UB2,TSRYS5810883,D,S,D,2024-06-13,1000000.00,4.565788,100.765625
08:00:05,912810UB2,TSRYS5810883,D,S,C,2024-06-13,4500000.00,4.563664,100.79336875
08:00:05,912810UB2,TSRYS5810883,D,S,D,2024-06-13,1000000.00,4.566087,100.76171875
08:00:05,912810UB2,TSRYS5810883,D,S,D,2024-06-13,1000000.00,4.566087,100.76171875
08:00:05,912810UB2,TSRYS5810883,D,S,D,2024-06-13,1000000.00,4.566087,100.76171875
08:00:05,912810UB2,TSRYS5810883,D,S,D,2024-06-13,1000000.00,4.563694,100.79296875
08:00:05,912810UB2,TSRYS5810883,D,S,D,2024-06-13,1000000.00,4.563694,100.79296875
08:00:05,912810UB2,TSRYS5810883,D,S,D,2024-06-13,1000000.00,4.563694,100.79296875
08:00:05,912810UB2,TSRYS5810883,D,S,D,2024-06-13,1000000.00,4.563694,100.79296875
08:00:10,912810UB2,TSRYS5810883,D,S,T,2024-06-13,1000000.00,4.568182,100.734375
08:00:10,912810UB2,TSRYS5810883,D,S,T,2024-06-13,1000000.00,4.570577,100.703125
08:00:10,912810UB2,TSRYS5810883,D,S,T,2024-06-13,1000000.00,4.565788,100.765625
08:00:13,912810UB2,TSRYS5810883,D,B,A,2024-06-13,1400000.00,4.557716,100.87109375
08:00:14,912810UB2,TSRYS5810883,D,S,D,2024-06-13,1000000.00,4.551445,100.953125
08:00:14,912810UB2,TSRYS5810883,D,S,D,2024-06-13,1000000.00,4.552938,100.93359375
08:00:14,912810UB2,TSRYS5810883,D,S,D,2024-06-13,1000000.00,4.554132,100.91796875
08:00:15,912810UB2,TSRYS5810883,D,S,D,2024-06-13,1000000.00,4.553833,100.921875
08:00:15,912810UB2,TSRYS5810883,D,S,D,2024-06-13,1000000.00,4.551744,100.94921875
08:00:17,912810UB2,TSRYS5810883,D,S,D,2024-06-13,1000000.00,4.552341,100.94140625
08:00:17,912810UB2,TSRYS5810883,D,S,D,2024-06-13,1000000.00,4.554431,100.9140625
08:00:17,912810UB2,TSRYS5810883,D,S,D,2024-06-13,1000000.00,4.555028,100.90625
08:00:19,912810UB2,TSRYS5810883,D,S,A,2024-06-13,5000000.00,4.552639,100.9375
08:00:29,912810UB2,TSRYS5810883,D,S,C,2024-06-13,1000000.00,4.563395,100.796875
08:00:29,912810UB2,TSRYS5810883,D,S,C,2024-06-13,1000000.00,4.563395,100.796875
08:00:29,912810UB2,TSRYS5810883,D,S,C,2024-06-13,1000000.00,4.563395,100.796875
08:00:30,912810UB2,TSRYS5810883,D,S,T,2024-06-13,1000000.00,4.555028,100.90625
08:00:30,912810UB2,TSRYS5810883,D,S,T,2024-06-13,1000000.00,4.555028,100.90625
08:00:30,912810UB2,TSRYS5810883,D,S,T,2024-06-13,1000000.00,4.552639,100.9375
08:00:30,912810UB2,TSRYS5810883,D,S,T,2024-06-13,1000000.00,4.552639,100.9375
08:00:30,912810UB2,TSRYS5810883,D,S,T,2024-06-13,1000000.00,4.552639,100.9375
08:00:30,912810UB2,TSRYS5810883,D,S,T,2024-06-13,1000000.00,4.553833,100.921875
08:00:30,912810UB2,TSRYS5810883,D,S,T,2024-06-13,1000000.00,4.558612,100.859375
08:00:30,912810UB2,TSRYS5810883,D,S,T,2024-06-13,1000000.00,4.565788,100.765625
08:00:30,912810UB2,TSRYS5810883,D,S,T,2024-06-13,1000000.00,4.564592,100.78125
08:00:30,912810UB2,TSRYS5810883,D,S,T,2024-06-13,1000000.00,4.559808,100.84375
08:00:30,912810UB2,TSRYS5810883,D,S,T,2024-06-13,1000000.00,4.559808,100.84375
08:00:30,912810UB2,TSRYS5810883,D,S,T,2024-06-13,1000000.00,4.564592,100.78125
08:00:30,912810UB2,TSRYS5810883,D,S,T,2024-06-13,1000000.00,4.564592,100.78125
08:00:30,912810UB2,TSRYS5810883,D,S,T,2024-06-13,1000000.00,4.564592,100.78125
08:00:30,912810UB2,TSRYS5810883,D,S,T,2024-06-13,1000000.00,4.564592,100.78125
08:00:30,912810UB2,TSRYS5810883,D,S,T,2024-06-13,1000000.00,4.566985,100.75
08:00:30,912810UB2,TSRYS5810883,D,S,T,2024-06-13,1000000.00,4.566985,100.75
08:00:30,912810UB2,TSRYS5810883,D,S,T,2024-06-13,1000000.00,4.568182,100.734375
08:00:30,912810UB2,TSRYS5810883,D,S,T,2024-06-13,1000000.00,4.566985,100.75
08:00:34,912810UB2,TSRYS5810883,D,S,T,2024-06-13,1000000.00,4.569379,100.71875
08:00:34,912810UB2,TSRYS5810883,D,S,T,2024-06-13,1000000.00,4.569379,100.71875
08:00:34,912810UB2,TSRYS5810883,D,S,T,2024-06-13,1000000.00,4.564592,100.78125
08:00:34,912810UB2,TSRYS5810883,D,S,T,2024-06-13,1000000.00,4.564592,100.78125
08:00:34,912810UB2,TSRYS5810883,D,S,T,2024-06-13,1000000.00,4.565788,100.765625
08:00:34,912810UB2,TSRYS5810883,D,S,T,2024-06-13,2000000.00,4.56534,100.771484375
08:00:34,912810UB2,TSRYS5810883,D,S,T,2024-06-13,1000000.00,4.555028,100.90625
08:00:34,912810UB2,TSRYS5810883,D,S,T,2024-06-13,1000000.00,4.555028,100.90625
08:00:34,912810UB2,TSRYS5810883,D,S,T,2024-06-13,1000000.00,4.555028,100.90625
08:00:34,912810UB2,TSRYS5810883,D,S,T,2024-06-13,1000000.00,4.555028,100.90625
08:00:34,912810UB2,TSRYS5810883,D,S,T,2024-06-13,1000000.00,4.555028,100.90625
08:00:34,912810UB2,TSRYS5810883,D,S,T,2024-06-13,1000000.00,4.555028,100.90625
08:00:34,912810UB2,TSRYS5810883,D,S,D,2024-06-13,1000000.00,4.553535,100.92578125
08:00:34,912810UB2,TSRYS5810883,D,S,D,2024-06-13,1000000.00,4.553535,100.92578125
08:00:34,912810UB2,TSRYS5810883,D,S,D,2024-06-13,1000000.00,4.563395,100.796875
08:00:34,912810UB2,TSRYS5810883,D,S,D,2024-06-13,1000000.00,4.563395,100.796875
08:00:34,912810UB2,TSRYS5810883,D,S,D,2024-06-13,1000000.00,4.565788,100.765625
08:00:34,912810UB2,TSRYS5810883,D,S,D,2024-06-13,1000000.00,4.565788,100.765625
08:00:34,912810UB2,TSRYS5810883,D,S,D,2024-06-13,1000000.00,4.565788,100.765625
08:00:34,912810UB2,TSRYS5810883,D,S,D,2024-06-13,1000000.00,4.555028,100.90625
08:00:34,912810UB2,TSRYS5810883,D,S,D,2024-06-13,1000000.00,4.555028,100.90625
08:00:34,912810UB2,TSRYS5810883,D,S,D,2024-06-13,1000000.00,4.552639,100.9375
08:00:34,912810UB2,TSRYS5810883,D,S,D,2024-06-13,1000000.00,4.552639,100.9375
08:00:34,912810UB2,TSRYS5810883,D,S,D,2024-06-13,1000000.00,4.553535,100.92578125
08:00:34,912810UB2,TSRYS5810883,D,S,D,2024-06-13,1000000.00,4.553535,100.92578125
08:00:34,912810UB2,TSRYS5810883,D,S,D,2024-06-13,1000000.00,4.553684,100.923828125
08:00:34,912810UB2,TSRYS5810883,D,S,D,2024-06-13,1000000.00,4.553535,100.92578125
08:00:34,912810UB2,TSRYS5810883,D,S,D,2024-06-13,1000000.00,4.563694,100.79296875
08:00:34,912810UB2,TSRYS5810883,D,S,D,2024-06-13,1000000.00,4.561302,100.82421875
08:00:34,912810UB2,TSRYS5810883,D,S,T,2024-06-13,1000000.00,4.553535,100.92578125
08:00:34,912810UB2,TSRYS5810883,D,S,T,2024-06-13,1000000.00,4.553684,100.923828125
08:00:34,912810UB2,TSRYS5810883,D,S,T,2024-06-13,1000000.00,4.563395,100.796875
08:00:34,912810UB2,TSRYS5810883,D,S,T,2024-06-13,1000000.00,4.563395,100.796875
08:00:34,912810UB2,TSRYS5810883,D,S,T,2024-06-13,1000000.00,4.565788,100.765625
08:00:34,912810UB2,TSRYS5810883,D,S,T,2024-06-13,1000000.00,4.565788,100.765625
08:00:34,912810UB2,TSRYS5810883,D,S,T,2024-06-13,1000000.00,4.565788,100.765625
08:00:34,912810UB2,TSRYS5810883,D,S,T,2024-06-13,1000000.00,4.555028,100.90625
08:00:34,912810UB2,TSRYS5810883,D,S,C,2024-06-13,1000000.00,4.563395,100.796875
08:00:34,912810UB2,TSRYS5810883,D,S,C,2024-06-13,1000000.00,4.563395,100.796875
08:00:34,912810UB2,TSRYS5810883,D,S,C,2024-06-13,1000000.00,4.563395,100.796875
08:00:34,912810UB2,TSRYS5810883,D,B,A,2024-06-13,5000000.00,4.562199,100.8125
08:00:38,912810UB2,TSRYS5810883,D,S,T,2024-06-13,1000000.00,4.565788,100.765625
08:00:38,912810UB2,TSRYS5810883,D,S,T,2024-06-13,1000000.00,4.568182,100.734375
08:00:38,912810UB2,TSRYS5810883,D,S,T,2024-06-13,1000000.00,4.566835,100.751953125
08:00:38,912810UB2,TSRYS5810883,D,S,A,2024-06-13,3000.00,4.560076,101.17357708333
08:00:38,912810UB2,TSRYS5810883,D,S,A,2024-06-13,2000000.00,4.572973,100.671875
08:00:42,912810UB2,TSRYS5810883,D,B,A,2024-06-13,1400000.00,4.567584,100.7421875
08:00:42,912810UB2,TSRYS5810883,D,S,A,2024-06-13,200000.00,4.549655,100.9765625
08:00:42,912810UB2,TSRYS5810883,D,S,C,2024-06-13,3826700.00,4.561302,100.82421875
08:00:42,912810UB2,TSRYS5810883,D,S,T,2024-06-13,1000000.00,4.565788,100.765625
08:00:42,912810UB2,TSRYS5810883,D,S,T,2024-06-13,2000000.00,4.565788,100.765625
08:00:42,912810UB2,TSRYS5810883,D,S,A,2024-06-13,10000.00,4.560107,100.88984375
08:00:44,912810UB2,TSRYS5810883,D,S,C,2024-06-13,1000000.00,4.565788,100.765625
08:00:44,912810UB2,TSRYS5810883,D,S,C,2024-06-13,1000000.00,4.565788,100.765625
08:00:44,912810UB2,TSRYS5810883,D,S,C,2024-06-13,1000000.00,4.565788,100.765625
08:00:44,912810UB2,TSRYS5810883,D,S,C,2024-06-13,1000000.00,4.565788,100.765625
08:00:44,912810UB2,TSRYS5810883,D,S,C,2024-06-13,1000000.00,4.565788,100.765625
08:00:52,912810UB2,TSRYS5810883,D,S,T,2024-06-13,21600000.00,4.557417,100.875
08:00:55,912810UB2,TSRYS5810883,D,S,D,2024-06-13,1000000.00,4.560406,100.8359375
08:00:56,912810UB2,TSRYS5810883,D,S,D,2024-06-13,1000000.00,4.555028,100.90625
08:00:56,912810UB2,TSRYS5810883,D,S,D,2024-06-13,1000000.00,4.555028,100.90625
08:01:00,912810UB2,TSRYS5810883,D,S,D,2024-06-13,1000000.00,4.55682,100.8828125
08:01:00,912810UB2,TSRYS5810883,D,B,C,2024-06-13,1000000.00,4.55682,100.8828125
08:01:00,912810UB2,TSRYS5810883,D,S,D,2024-06-13,1000000.00,4.556521,100.88671875
08:01:00,912810UB2,TSRYS5810883,D,B,C,2024-06-13,1000000.00,4.556521,100.88671875
08:01:00,912810UB2,TSRYS5810883,D,B,C,2024-06-13,19128000.00,4.559509,100.84765625
08:01:00,912810UB2,TSRYS5810883,D,S,D,2024-06-13,105000.00,4.551445,100.953125
08:01:00,912810UB2,TSRYS5810883,D,S,D,2024-06-13,270000.00,4.555327,100.90234375
08:01:01,912810UB2,TSRYS5810883,D,S,A,2024-06-13,380000.00,4.564293,100.78515625
08:01:02,912810UB2,TSRYS5810883,D,S,A,2024-06-13,330000.00,4.563993,100.7890625
08:01:03,912810UB2,TSRYS5810883,D,S,A,2024-06-13,14682000.00,4.567852,100.73868125
08:01:03,912810UB2,TSRYS5810883,D,S,D,2024-06-13,1000000.00,4.552341,100.94140625
08:01:03,912810UB2,TSRYS5810883,D,B,C,2024-06-13,1000000.00,4.553236,100.9296875
08:01:03,912810UB2,TSRYS5810883,D,S,C,2024-06-13,1000000.00,4.553236,100.9296875
08:01:03,912810UB2,TSRYS5810883,D,B,C,2024-06-13,1000000.00,4.552341,100.94140625
08:01:03,912810UB2,TSRYS5810883,D,S,D,2024-06-13,1000000.00,4.551445,100.953125
08:01:03,912810UB2,TSRYS5810883,D,B,C,2024-06-13,1000000.00,4.552938,100.93359375
08:01:03,912810UB2,TSRYS5810883,D,B,C,2024-06-13,1000000.00,4.551445,100.953125
08:01:03,912810UB2,TSRYS5810883,D,S,D,2024-06-13,1000000.00,4.552938,100.93359375
08:01:03,912810UB2,TSRYS5810883,D,B,C,2024-06-13,1000000.00,4.555625,100.8984375
08:01:03,912810UB2,TSRYS5810883,D,S,C,2024-06-13,1000000.00,4.555625,100.8984375
08:01:03,912810UB2,TSRYS5810883,D,S,C,2024-06-13,1000000.00,4.554132,100.91796875
08:01:03,912810UB2,TSRYS5810883,D,B,C,2024-06-13,1000000.00,4.554132,100.91796875
08:01:03,912810UB2,TSRYS5810883,D,S,D,2024-06-13,1000000.00,4.554132,100.91796875
08:01:03,912810UB2,TSRYS5810883,D,B,C,2024-06-13,1000000.00,4.554132,100.91796875
08:01:03,912810UB2,TSRYS5810883,D,B,C,2024-06-13,1000000.00,4.554132,100.91796875
08:01:03,912810UB2,TSRYS5810883,D,S,D,2024-06-13,1000000.00,4.553833,100.921875
08:01:03,912810UB2,TSRYS5810883,D,S,C,2024-06-13,1000000.00,4.552341,100.94140625
08:01:03,912810UB2,TSRYS5810883,D,B,C,2024-06-13,1000000.00,4.554132,100.91796875
08:01:03,912810UB2,TSRYS5810883,D,S,C,2024-06-13,1000000.00,4.554132,100.91796875
08:01:03,912810UB2,TSRYS5810883,D,S,C,2024-06-13,1000000.00,4.554132,100.91796875
08:01:03,912810UB2,TSRYS5810883,D,S,D,2024-06-13,1000000.00,4.551744,100.94921875
08:01:03,912810UB2,TSRYS5810883,D,S,D,2024-06-13,1000000.00,4.554431,100.9140625
08:01:03,912810UB2,TSRYS5810883,D,B,C,2024-06-13,1000000.00,4.553833,100.921875
08:01:03,912810UB2,TSRYS5810883,D,S,C,2024-06-13,1000000.00,4.554132,100.91796875
08:01:03,912810UB2,TSRYS5810883,D,B,C,2024-06-13,1000000.00,4.554132,100.91796875
08:01:03,912810UB2,TSRYS5810883,D,B,C,2024-06-13,1000000.00,4.555028,100.90625
08:01:03,912810UB2,TSRYS5810883,D,B,C,2024-06-13,1000000.00,4.551744,100.94921875
08:01:03,912810UB2,TSRYS5810883,D,S,D,2024-06-13,1000000.00,4.552341,100.94140625
08:01:03,912810UB2,TSRYS5810883,D,B,C,2024-06-13,1000000.00,4.552341,100.94140625
08:01:03,912810UB2,TSRYS5810883,D,B,C,2024-06-13,1000000.00,4.552341,100.94140625
08:01:03,912810UB2,TSRYS5810883,D,S,D,2024-06-13,1000000.00,4.555028,100.90625
08:01:03,912810UB2,TSRYS5810883,D,B,C,2024-06-13,1000000.00,4.554431,100.9140625
08:01:03,912810UB2,TSRYS5810883,D,S,D,2024-06-13,1000000.00,4.563395,100.796875
08:01:03,912810UB2,TSRYS5810883,D,S,D,2024-06-13,1000000.00,4.563395,100.796875
08:01:03,912810UB2,TSRYS5810883,D,S,D,2024-06-13,1000000.00,4.563395,100.796875
08:01:03,912810UB2,TSRYS5810883,D,S,D,2024-06-13,1000000.00,4.563395,100.796875
08:01:03,912810UB2,TSRYS5810883,D,S,D,2024-06-13,10000.00,4.560107,100.83984375
08:01:03,912810UB2,TSRYS5810883,D,S,A,2024-06-13,820000.00,4.558314,100.86328125
08:01:03,912810UB2,TSRYS5810883,D,S,D,2024-06-13,1000000.00,4.565788,100.765625
08:01:03,912810UB2,TSRYS5810883,D,B,A,2024-06-13,50000.00,4.558911,100.85546875
08:01:04,912810UB2,TSRYS5810883,D,S,D,2024-06-13,1000000.00,4.565788,100.765625
08:01:04,912810UB2,TSRYS5810883,D,B,A,2024-06-13,770000.00,4.565223,100.773
08:01:05,912810UB2,TSRYS5810883,D,S,D,2024-06-13,1700000.00,4.555288,100.90234375
08:01:05,912810UB2,TSRYS5810883,D,S,D,2024-06-13,1000000.00,4.560406,100.8359375
08:01:09,912810UB2,TSRYS5810883,D,B,C,2024-06-13,500000.00,4.561931,100.81600625
08:01:12,912810UB2,TSRYS5810883,D,B,C,2024-06-13,1000000.00,4.554281,100.91601562
08:01:13,912810UB2,TSRYS5810883,D,S,D,2024-06-13,1000000.00,4.56379,100.7917156
08:01:13,912810UB2,TSRYS5810883,D,S,C,2024-06-13,1000000.00,4.569829,100.71289062
08:01:13,912810UB2,TSRYS5810883,D,S,D,2024-06-13,5000000.00,4.565286,100.7721844
08:01:13,912810UB2,TSRYS5810883,D,S,D,2024-06-13,40000000.00,4.553229,100.92979
08:01:13,912810UB2,TSRYS5810883,D,S,D,2024-06-13,9000000.00,4.553423,100.92725
08:01:14,912810UB2,TSRYS5810883,D,B,C,2024-06-13,1000000.00,4.563694,100.79296875
08:01:14,912810UB2,TSRYS5810883,D,S,D,2024-06-13,1000000.00,4.563694,100.79296875
08:01:14,912810UB2,TSRYS5810883,D,B,C,2024-06-13,4250000.00,4.566985,100.75
08:01:14,912810UB2,TSRYS5810883,D,S,D,2024-06-13,50MM+,4.557417,100.875
08:01:14,912810UB2,TSRYS5810883,D,S,D,2024-06-13,1000000.00,4.566087,100.76171875
08:01:14,912810UB2,TSRYS5810883,D,B,C,2024-06-13,1000000.00,4.566087,100.76171875
08:01:14,912810UB2,TSRYS5810883,D,S,D,2024-06-13,1000000.00,4.566087,100.76171875
08:01:14,912810UB2,TSRYS5810883,D,S,A,2024-06-13,500000.00,4.563993,100.7890625
08:01:14,912810UB2,TSRYS5810883,D,S,D,2024-06-13,4250000.00,4.566985,100.75
08:01:14,912810UB2,TSRYS5810883,D,B,C,2024-06-13,1000000.00,4.556222,100.890625
08:01:15,912810UB2,TSRYS5810883,D,S,A,2024-06-13,460000.00,4.566387,100.7578125
08:01:15,912810UB2,TSRYS5810883,D,B,C,2024-06-13,1000000.00,4.560705,100.83203125
08:01:15,912810UB2,TSRYS5810883,D,S,C,2024-06-13,1000000.00,4.560705,100.83203125
08:01:16,912810UB2,TSRYS5810883,D,B,C,2024-06-13,1000000.00,4.555625,100.8984375
08:01:16,912810UB2,TSRYS5810883,D,S,T,2024-06-13,1000000.00,4.561003,100.828125
08:01:16,912810UB2,TSRYS5810883,D,S,A,2024-06-13,500000.00,4.559808,100.84375
08:01:16,912810UB2,TSRYS5810883,D,B,C,2024-06-13,1000000.00,4.555476,100.90039062
08:01:17,912810UB2,TSRYS5810883,D,B,C,2024-06-13,1000000.00,4.552938,100.93359375
08:01:17,912810UB2,TSRYS5810883,D,B,C,2024-06-13,1000000.00,4.552639,100.9375
08:01:17,912810UB2,TSRYS5810883,D,B,C,2024-06-13,1000000.00,4.556521,100.88671875
08:01:19,912810UB2,TSRYS5810883,D,B,C,2024-06-13,20000000.00,4.568781,100.7265625
08:01:19,912810UB2,TSRYS5810883,D,S,T,2024-06-13,1000000.00,4.566985,100.75
08:01:19,912810UB2,TSRYS5810883,D,B,C,2024-06-13,1000000.00,4.555327,100.90234375
08:01:19,912810UB2,TSRYS5810883,D,B,C,2024-06-13,1000000.00,4.554132,100.91796875
08:01:19,912810UB2,TSRYS5810883,D,B,C,2024-06-13,1000000.00,4.552192,100.94335937
08:01:19,912810UB2,TSRYS5810883,D,S,D,2024-06-13,375000.00,4.564293,100.78515625
08:01:19,912810UB2,TSRYS5810883,D,S,T,2024-06-13,2000000.00,4.566985,100.75
08:01:20,912810UB2,TSRYS5810883,D,B,A,2024-06-13,1550000.00,4.555327,100.90234375
08:01:20,912810UB2,TSRYS5810883,D,S,T,2024-06-13,1000000.00,4.566985,100.75
08:01:20,912810UB2,TSRYS5810883,D,S,T,2024-06-13,1000000.00,4.566985,100.75
08:01:20,912810UB2,TSRYS5810883,D,B,C,2024-06-13,3687000.00,4.560717,100.83203125
08:01:20,912810UB2,TSRYS5810883,D,S,T,2024-06-13,1000000.00,4.566985,100.75
08:01:20,912810UB2,TSRYS5810883,D,S,T,2024-06-13,1000000.00,4.555036,100.906148
08:01:20,912810UB2,TSRYS5810883,D,S,T,2024-06-13,1000000.00,4.566985,100.75
08:01:21,912810UB2,TSRYS5810883,D,S,T,2024-06-13,1000000.00,4.566985,100.75
08:01:21,912810UB2,TSRYS5810883,D,B,C,2024-06-13,1000000.00,4.552042,100.9453125
08:01:21,912810UB2,TSRYS5810883,D,S,T,2024-06-13,1000000.00,4.566985,100.75
08:01:22,912810UB2,TSRYS5810883,D,B,C,2024-06-13,1000000.00,4.552042,100.9453125
08:01:22,912810UB2,TSRYS5810883,D,B,C,2024-06-13,1000000.00,4.552938,100.93359375
08:01:22,912810UB2,TSRYS5810883,D,S,T,2024-06-13,1000000.00,4.566985,100.75
08:01:22,912810UB2,TSRYS5810883,D,B,C,2024-06-13,1000000.00,4.555028,100.90625
08:01:22,912810UB2,TSRYS5810883,D,S,D,2024-06-13,1000000.00,4.555028,100.90625
08:01:22,912810UB2,TSRYS5810883,D,B,C,2024-06-13,1000000.00,4.555028,100.90625
08:01:22,912810UB2,TSRYS5810883,D,S,D,2024-06-13,1000000.00,4.555028,100.90625
08:01:22,912810UB2,TSRYS5810883,D,B,C,2024-06-13,2000000.00,4.569807,100.71317
08:01:23,912810UB2,TSRYS5810883,D,B,C,2024-06-13,1000000.00,4.555028,100.90625
08:01:23,912810UB2,TSRYS5810883,D,S,D,2024-06-13,1000000.00,4.555028,100.90625
08:01:23,912810UB2,TSRYS5810883,D,S,T,2024-06-13,1000000.00,4.566993,100.7499
08:01:23,912810UB2,TSRYS5810883,D,S,T,2024-06-13,1000000.00,4.564592,100.78125
08:01:23,912810UB2,TSRYS5810883,D,S,D,2024-06-13,3000.00,4.560076,100.84024375
08:01:24,912810UB2,TSRYS5810883,D,S,A,2024-06-13,765000.00,4.560406,100.8359375
08:01:24,912810UB2,TSRYS5810883,D,S,D,2024-06-13,1700000.00,4.55534,100.90234375
08:01:24,912810UB2,TSRYS5810883,D,B,C,2024-06-13,1000000.00,4.552192,100.94335937
08:01:24,912810UB2,TSRYS5810883,D,S,A,2024-06-13,36200.00,4.57083,100.69921875
08:01:24,912810UB2,TSRYS5810883,D,S,C,2024-06-13,1000000.00,4.569679,100.71484375
08:01:24,912810UB2,TSRYS5810883,D,B,C,2024-06-13,1000000.00,4.555028,100.90625
08:01:26,912810UB2,TSRYS5810883,D,S,D,2024-06-13,1000000.00,4.553535,100.92578125
08:01:26,912810UB2,TSRYS5810883,D,S,D,2024-06-13,1000000.00,4.553684,100.923828125
08:01:26,912810UB2,TSRYS5810883,D,S,C,2024-06-13,1000000.00,4.555028,100.90625
08:01:26,912810UB2,TSRYS5810883,D,S,A,2024-06-13,885000.00,4.564592,100.78125
08:01:27,912810UB2,TSRYS5810883,D,B,C,2024-06-13,1000000.00,4.552789,100.93554687
08:01:28,912810UB2,TSRYS5810883,D,B,C,2024-06-13,1000000.00,4.554132,100.91796875
08:01:31,912810UB2,TSRYS5810883,D,B,A,2024-06-13,1000000.00,4.553756,100.921875
08:01:32,912810UB2,TSRYS5810883,D,S,A,2024-06-13,460000.00,4.558015,100.8671875
08:01:33,912810UB2,TSRYS5810883,D,B,C,2024-06-13,1000000.00,4.552789,100.93554687
08:01:35,912810UB2,TSRYS5810883,D,B,C,2024-06-13,1000000.00,4.553983,100.91992187
08:01:36,912810UB2,TSRYS5810883,D,S,A,2024-06-13,26000.00,4.553781,100.921875
08:01:39,912810UB2,TSRYS5810883,D,B,C,2024-06-13,1000000.00,4.555177,100.90429687
08:01:39,912810UB2,TSRYS5810883,D,B,C,2024-06-13,1000000.00,4.552192,100.94335937
08:01:40,912810UB2,TSRYS5810883,D,B,C,2024-06-13,1000000.00,4.556372,100.88867187
08:01:40,912810UB2,TSRYS5810883,D,B,C,2024-06-13,1000000.00,4.554281,100.91601562
08:01:40,912810UB2,TSRYS5810883,D,B,C,2024-06-13,1000000.00,4.554431,100.9140625
08:01:40,912810UB2,TSRYS5810883,D,B,C,2024-06-13,1000000.00,4.55458,100.91210937
08:01:41,912810UB2,TSRYS5810883,D,B,C,2024-06-13,1000000.00,4.552789,100.93554687
08:01:42,912810UB2,TSRYS5810883,D,S,A,2024-06-13,230000.00,4.552042,100.9453125
08:01:47,912810UB2,TSRYS5810883,D,B,C,2024-06-13,1000000.00,4.552639,100.9375
08:01:47,912810UB2,TSRYS5810883,D,S,D,2024-06-13,1000000.00,4.552639,100.9375
08:01:49,912810UB2,TSRYS5810883,D,B,C,2024-06-13,25000.00,4.557119,100.87890625
08:01:51,912810UB2,TSRYS5810883,D,S,D,2024-06-13,1000000.00,4.554879,100.90820312
08:01:51,912810UB2,TSRYS5810883,D,S,T,2024-06-13,1000000.00,4.555028,100.90625
08:01:51,912810UB2,TSRYS5810883,D,S,T,2024-06-13,1000000.00,4.555028,100.90625
08:01:51,912810UB2,TSRYS5810883,D,S,T,2024-06-13,1000000.00,4.555028,100.90625
08:01:51,912810UB2,TSRYS5810883,D,S,D,2024-06-13,1000000.00,4.555028,100.90625
08:01:51,912810UB2,TSRYS5810883,D,S,T,2024-06-13,1000000.00,4.554729,100.91015625
08:01:51,912810UB2,TSRYS5810883,D,S,T,2024-06-13,1000000.00,4.554729,100.91015625
08:01:52,912810UB2,TSRYS5810883,D,S,C,2024-06-13,1000000.00,4.552938,100.93359375
08:01:52,912810UB2,TSRYS5810883,D,S,C,2024-06-13,1000000.00,4.552789,100.93554687
08:01:52,912810UB2,TSRYS5810883,D,S,D,2024-06-13,1000000.00,4.553087,100.93164062
08:01:52,912810UB2,TSRYS5810883,D,S,D,2024-06-13,1000000.00,4.553087,100.93164062
08:01:52,912810UB2,TSRYS5810883,D,S,T,2024-06-13,1000000.00,4.553087,100.93164062
08:01:52,912810UB2,TSRYS5810883,D,B,C,2024-06-13,12000000.00,4.554262,100.91627
08:01:57,912810UB2,TSRYS5810883,D,B,C,2024-06-13,1000000.00,4.556222,100.890625
08:01:57,912810UB2,TSRYS5810883,D,B,C,2024-06-13,1000000.00,4.556222,100.890625
08:01:57,912810UB2,TSRYS5810883,D,S,C,2024-06-13,1000000.00,4.556222,100.890625
08:01:57,912810UB2,TSRYS5810883,D,S,D,2024-06-13,1000000.00,4.556207,100.890825
08:01:57,912810UB2,TSRYS5810883,D,S,C,2024-06-13,1000000.00,4.553833,100.921875
08:01:57,912810UB2,TSRYS5810883,D,B,C,2024-06-13,1000000.00,4.553849,100.921675
08:01:57,912810UB2,TSRYS5810883,D,S,D,2024-06-13,1000000.00,4.552624,100.9377
08:01:57,912810UB2,TSRYS5810883,D,B,C,2024-06-13,1000000.00,4.552655,100.9373
08:01:57,912810UB2,TSRYS5810883,D,B,C,2024-06-13,1000000.00,4.552639,100.9375
08:01:57,912810UB2,TSRYS5810883,D,S,D,2024-06-13,1000000.00,4.552624,100.9377
08:01:57,912810UB2,TSRYS5810883,D,S,D,2024-06-13,1000000.00,4.552624,100.9377
08:01:57,912810UB2,TSRYS5810883,D,B,C,2024-06-13,1000000.00,4.552639,100.9375
08:01:57,912810UB2,TSRYS5810883,D,B,C,2024-06-13,1000000.00,4.552655,100.9373
08:01:57,912810UB2,TSRYS5810883,D,S,D,2024-06-13,1000000.00,4.552624,100.9377
08:01:58,912810UB2,TSRYS5810883,D,S,C,2024-06-13,1000000.00,4.555013,100.90645
08:01:58,912810UB2,TSRYS5810883,D,S,C,2024-06-13,1000000.00,4.555028,100.90625
08:01:58,912810UB2,TSRYS5810883,D,B,C,2024-06-13,1000000.00,4.555043,100.90605
08:01:58,912810UB2,TSRYS5810883,D,B,C,2024-06-13,1000000.00,4.555043,100.90605
08:01:58,912810UB2,TSRYS5810883,D,S,C,2024-06-13,1000000.00,4.555011,100.906477
08:01:58,912810UB2,TSRYS5810883,D,S,C,2024-06-13,1000000.00,4.555013,100.90645
08:01:58,912810UB2,TSRYS5810883,D,S,C,2024-06-13,1000000.00,4.555028,100.90625
08:01:59,912810UB2,TSRYS5810883,D,S,T,2024-06-13,1000000.00,4.574171,100.65625
08:01:59,912810UB2,TSRYS5810883,D,S,T,2024-06-13,1000000.00,4.572973,100.671875
08:02:00,912810UB2,TSRYS5810883,D,B,C,2024-06-13,1000000.00,4.556238,100.890425
08:02:00,912810UB2,TSRYS5810883,D,S,C,2024-06-13,1000000.00,4.556222,100.890625
08:02:01,912810UB2,TSRYS5810883,D,S,D,2024-06-13,1000000.00,4.551445,100.953125
08:02:01,912810UB2,TSRYS5810883,D,S,D,2024-06-13,1000000.00,4.550252,100.96875
08:02:01,912810UB2,TSRYS5810883,D,B,C,2024-06-13,1000000.00,4.551463,100.952898
08:02:01,912810UB2,TSRYS5810883,D,B,C,2024-06-13,1000000.00,4.551445,100.953125
08:02:01,912810UB2,TSRYS5810883,D,S,A,2024-06-13,1000000.00,4.562797,100.8046875
08:02:01,912810UB2,TSRYS5810883,D,S,C,2024-06-13,1000000.00,4.55143,100.953325
08:02:01,912810UB2,TSRYS5810883,D,S,C,2024-06-13,1000000.00,4.551445,100.953125
08:02:01,912810UB2,TSRYS5810883,D,B,C,2024-06-13,1000000.00,4.551445,100.953125
08:02:02,912810UB2,TSRYS5810883,D,S,C,2024-06-13,1000000.00,4.555028,100.90625
08:02:02,912810UB2,TSRYS5810883,D,B,C,2024-06-13,1000000.00,4.555045,100.906023
08:02:02,912810UB2,TSRYS5810883,D,S,D,2024-06-13,1000000.00,4.555028,100.90625
08:02:03,912810UB2,TSRYS5810883,D,S,D,2024-06-13,105000.00,4.559808,100.84375
08:02:03,912810UB2,TSRYS5810883,D,S,D,2024-06-13,270000.00,4.558612,100.859375
08:02:03,912810UB2,TSRYS5810883,D,S,C,2024-06-13,1000000.00,4.555028,100.90625
08:02:03,912810UB2,TSRYS5810883,D,B,C,2024-06-13,1000000.00,4.555028,100.90625
08:02:03,912810UB2,TSRYS5810883,D,S,C,2024-06-13,1000000.00,4.553822,100.922025
08:02:04,912810UB2,TSRYS5810883,D,S,C,2024-06-13,1000000.00,4.552624,100.9377
08:02:04,912810UB2,TSRYS5810883,D,S,C,2024-06-13,1000000.00,4.553822,100.922025
08:02:04,912810UB2,TSRYS5810883,D,B,C,2024-06-13,1000000.00,4.553847,100.9217
08:02:04,912810UB2,TSRYS5810883,D,B,C,2024-06-13,1000000.00,4.553849,100.921675
08:02:04,912810UB2,TSRYS5810883,D,B,C,2024-06-13,1000000.00,4.552639,100.9375
08:02:04,912810UB2,TSRYS5810883,D,S,C,2024-06-13,1000000.00,4.552624,100.9377
08:02:06,912810UB2,TSRYS5810883,D,B,C,2024-06-13,1000000.00,4.564143,100.78710937
08:02:09,912810UB2,TSRYS5810883,D,B,C,2024-06-13,1000000.00,4.564442,100.78320312
08:02:10,912810UB2,TSRYS5810883,D,S,D,2024-06-13,1000000.00,4.562797,100.8046875
08:02:11,912810UB2,TSRYS5810883,D,B,C,2024-06-13,1000000.00,4.561302,100.82421875
08:02:16,912810UB2,TSRYS5810883,D,S,D,2024-06-13,105000.00,4.559808,100.84375
08:02:16,912810UB2,TSRYS5810883,D,S,D,2024-06-13,270000.00,4.558612,100.859375
08:02:19,912810UB2,TSRYS5810883,D,S,C,2024-06-13,1000000.00,4.553822,100.922025
08:02:19,912810UB2,TSRYS5810883,D,B,C,2024-06-13,1000000.00,4.552653,100.937325
08:02:19,912810UB2,TSRYS5810883,D,B,C,2024-06-13,1000000.00,4.553847,100.9217
08:02:20,912810UB2,TSRYS5810883,D,S,C,2024-06-13,1000000.00,4.552626,100.937675
08:02:20,912810UB2,TSRYS5810883,D,S,C,2024-06-13,1000000.00,4.552639,100.9375
08:02:20,912810UB2,TSRYS5810883,D,S,C,2024-06-13,1000000.00,4.552626,100.937675
08:02:22,912810UB2,TSRYS5810883,D,S,T,2024-06-13,1000000.00,4.555028,100.90625
08:02:22,912810UB2,TSRYS5810883,D,S,T,2024-06-13,1000000.00,4.555028,100.90625
08:02:22,912810UB2,TSRYS5810883,D,S,C,2024-06-13,1000000.00,4.553833,100.921875
08:02:22,912810UB2,TSRYS5810883,D,B,C,2024-06-13,1000000.00,4.555045,100.906023
08:02:22,912810UB2,TSRYS5810883,D,S,C,2024-06-13,1000000.00,4.555028,100.90625
08:02:22,912810UB2,TSRYS5810883,D,B,C,2024-06-13,1000000.00,4.555045,100.906023
08:02:22,912810UB2,TSRYS5810883,D,B,C,2024-06-13,1000000.00,4.555045,100.906023
08:02:22,912810UB2,TSRYS5810883,D,S,D,2024-06-13,1000000.00,4.555028,100.90625
08:02:22,912810UB2,TSRYS5810883,D,S,C,2024-06-13,1000000.00,4.555028,100.90625
08:02:23,912810UB2,TSRYS5810883,D,S,C,2024-06-13,1000000.00,4.558612,100.859375
08:02:23,912810UB2,TSRYS5810883,D,S,C,2024-06-13,2000000.00,4.559793,100.84395
08:02:23,912810UB2,TSRYS5810883,D,B,C,2024-06-13,1000000.00,4.559815,100.84365
08:02:23,912810UB2,TSRYS5810883,D,S,D,2024-06-13,1000000.00,4.559808,100.84375
08:02:23,912810UB2,TSRYS5810883,D,B,C,2024-06-13,2000000.00,4.559815,100.84365
08:02:26,912810UB2,TSRYS5810883,D,S,C,2024-06-13,1000000.00,4.565788,100.765625
08:02:29,912810UB2,TSRYS5810883,D,S,C,2024-06-13,100000.00,4.553236,100.9296875
08:02:31,912810UB2,TSRYS5810883,D,S,D,2024-06-13,1000000.00,4.564592,100.78125
08:02:32,912810UB2,TSRYS5810883,D,S,C,2024-06-13,1000000.00,4.564592,100.78125
08:02:34,912810UB2,TSRYS5810883,D,S,C,2024-06-13,1000000.00,4.559808,100.84375
08:02:34,912810UB2,TSRYS5810883,D,B,C,2024-06-13,1000000.00,4.559808,100.84375
08:02:34,912810UB2,TSRYS5810883,D,S,C,2024-06-13,1000000.00,4.559792,100.843952
08:02:34,912810UB2,TSRYS5810883,D,B,C,2024-06-13,1000000.00,4.559808,100.84375
08:02:34,912810UB2,TSRYS5810883,D,S,D,2024-06-13,1000000.00,4.559808,100.84375
08:02:34,912810UB2,TSRYS5810883,D,B,C,2024-06-13,1000000.00,4.559819,100.8436
08:02:34,912810UB2,TSRYS5810883,D,S,C,2024-06-13,1000000.00,4.559808,100.84375
08:02:34,912810UB2,TSRYS5810883,D,B,C,2024-06-13,1000000.00,4.559819,100.8436
08:02:34,912810UB2,TSRYS5810883,D,S,C,2024-06-13,1000000.00,4.559808,100.84375
08:02:34,912810UB2,TSRYS5810883,D,S,C,2024-06-13,1000000.00,4.559792,100.843952
08:02:36,912810UB2,TSRYS5810883,D,B,C,2024-06-13,220000.00,4.572973,100.671875
08:02:37,912810UB2,TSRYS5810883,D,S,A,2024-06-13,1600000.00,4.571775,100.6875
08:02:37,912810UB2,TSRYS5810883,D,S,C,2024-06-13,1000000.00,4.564592,100.78125
08:02:37,912810UB2,TSRYS5810883,D,S,C,2024-06-13,1000000.00,4.564592,100.78125
08:02:37,912810UB2,TSRYS5810883,D,B,C,2024-06-13,1000000.00,4.564607,100.78105
08:02:37,912810UB2,TSRYS5810883,D,S,C,2024-06-13,1000000.00,4.564592,100.78125
08:02:38,912810UB2,TSRYS5810883,D,S,C,2024-06-13,1000000.00,4.564592,100.78125
08:02:38,912810UB2,TSRYS5810883,D,B,C,2024-06-13,1000000.00,4.564607,100.78105
08:02:38,912810UB2,TSRYS5810883,D,S,C,2024-06-13,1000000.00,4.564592,100.78125
08:02:38,912810UB2,TSRYS5810883,D,S,C,2024-06-13,1000000.00,4.564592,100.78125
08:02:38,912810UB2,TSRYS5810883,D,S,C,2024-06-13,1000000.00,4.566985,100.75
08:02:40,912810UB2,TSRYS5810883,D,S,C,2024-06-13,1000000.00,4.563395,100.796875
08:02:40,912810UB2,TSRYS5810883,D,S,C,2024-06-13,1000000.00,4.563395,100.796875
08:02:44,912810UB2,TSRYS5810883,D,S,C,2024-06-13,1000000.00,4.565788,100.765625
08:02:44,912810UB2,TSRYS5810883,D,S,C,2024-06-13,1000000.00,4.566985,100.75
08:02:44,912810UB2,TSRYS5810883,D,S,T,2024-06-13,1000000.00,4.566387,100.7578125
08:02:44,912810UB2,TSRYS5810883,D,S,D,2024-06-13,1000000.00,4.568182,100.734375
08:02:44,912810UB2,TSRYS5810883,D,S,D,2024-06-13,1000000.00,4.568182,100.734375
08:02:44,912810UB2,TSRYS5810883,D,S,D,2024-06-13,1000000.00,4.568182,100.734375
08:02:44,912810UB2,TSRYS5810883,D,B,C,2024-06-13,1000000.00,4.567,100.7498
08:02:44,912810UB2,TSRYS5810883,D,S,C,2024-06-13,1000000.00,4.566977,100.7501
08:02:44,912810UB2,TSRYS5810883,D,S,D,2024-06-13,1000000.00,4.568182,100.734375
08:02:44,912810UB2,TSRYS5810883,D,B,C,2024-06-13,1000000.00,4.568182,100.734375
08:02:45,912810UB2,TSRYS5810883,D,S,C,2024-06-13,1000000.00,4.574158,100.656425
08:02:45,912810UB2,TSRYS5810883,D,S,C,2024-06-13,1000000.00,4.574156,100.65645
08:02:49,912810UB2,TSRYS5810883,D,S,D,2024-06-13,1000000.00,4.574161,100.65638
08:02:49,912810UB2,TSRYS5810883,D,S,C,2024-06-13,1000000.00,4.572973,100.671875
08:02:50,912810UB2,TSRYS5810883,D,S,D,2024-06-13,1000000.00,4.570567,100.703255
08:02:50,912810UB2,TSRYS5810883,D,B,C,2024-06-13,1000000.00,4.570577,100.703125
08:02:50,912810UB2,TSRYS5810883,D,B,C,2024-06-13,1000000.00,4.570592,100.702925
08:02:50,912810UB2,TSRYS5810883,D,S,D,2024-06-13,1000000.00,4.570567,100.703255
08:02:51,912810UB2,TSRYS5810883,D,S,D,2024-06-13,1000000.00,4.570567,100.703255
08:02:51,912810UB2,TSRYS5810883,D,B,C,2024-06-13,1000000.00,4.568182,100.734375
08:02:51,912810UB2,TSRYS5810883,D,S,C,2024-06-13,1000000.00,4.568182,100.734375
08:02:51,912810UB2,TSRYS5810883,D,S,C,2024-06-13,2000000.00,4.566974,100.75015
08:02:51,912810UB2,TSRYS5810883,D,S,C,2024-06-13,1000000.00,4.566985,100.75
08:02:51,912810UB2,TSRYS5810883,D,S,D,2024-06-13,1000000.00,4.566985,100.75
08:02:51,912810UB2,TSRYS5810883,D,S,C,2024-06-13,1000000.00,4.566985,100.75
08:02:51,912810UB2,TSRYS5810883,D,S,D,2024-06-13,1000000.00,4.566985,100.75
08:02:51,912810UB2,TSRYS5810883,D,S,C,2024-06-13,1000000.00,4.566974,100.75015
08:02:51,912810UB2,TSRYS5810883,D,S,C,2024-06-13,1000000.00,4.566985,100.75
08:02:51,912810UB2,TSRYS5810883,D,S,C,2024-06-13,1000000.00,4.56697,100.7502
08:02:51,912810UB2,TSRYS5810883,D,S,C,2024-06-13,1000000.00,4.566985,100.75
08:02:53,912810UB2,TSRYS5810883,D,B,C,2024-06-13,1000000.00,4.565788,100.765625
08:02:53,912810UB2,TSRYS5810883,D,S,C,2024-06-13,1000000.00,4.565788,100.765625
08:02:57,912810UB2,TSRYS5810883,D,B,C,2024-06-13,1000000.00,4.564592,100.78125
08:02:57,912810UB2,TSRYS5810883,D,S,C,2024-06-13,1000000.00,4.564592,100.78125
08:03:00,912810UB2,TSRYS5810883,D,S,T,2024-06-13,1000000.00,4.558612,100.859375
08:03:03,912810UB2,TSRYS5810883,D,B,C,2024-06-13,1000000.00,4.570577,100.703125
08:03:03,912810UB2,TSRYS5810883,D,S,C,2024-06-13,1000000.00,4.570577,100.703125
08:03:04,912810UB2,TSRYS5810883,D,S,A,2024-06-13,75000.00,4.555028,100.90625
08:03:09,912810UB2,TSRYS5810883,D,S,C,2024-06-13,1000000.00,4.562199,100.8125
08:03:09,912810UB2,TSRYS5810883,D,B,C,2024-06-13,1000000.00,4.562215,100.8123
08:03:11,912810UB2,TSRYS5810883,D,S,D,2024-06-13,1000000.00,4.566387,100.7578125
08:03:11,912810UB2,TSRYS5810883,D,S,C,2024-06-13,1000000.00,4.566985,100.75
08:03:13,912810UB2,TSRYS5810883,D,S,C,2024-06-13,1000000.00,4.569379,100.71875
08:03:13,912810UB2,TSRYS5810883,D,S,C,2024-06-13,1000000.00,4.569379,100.71875
08:03:14,912810UB2,TSRYS5810883,D,B,C,2024-06-13,1000000.00,4.564592,100.78125
08:03:14,912810UB2,TSRYS5810883,D,S,D,2024-06-13,1000000.00,4.564582,100.78138
08:03:16,912810UB2,TSRYS5810883,D,S,C,2024-06-13,1000000.00,4.564592,100.78125
08:03:16,912810UB2,TSRYS5810883,D,S,C,2024-06-13,1000000.00,4.564592,100.78125
08:03:19,912810UB2,TSRYS5810883,D,S,C,2024-06-13,1000000.00,4.565773,100.765827
08:03:25,912810UB2,TSRYS5810883,D,B,C,2024-06-13,1000000.00,4.561003,100.828125
08:03:25,912810UB2,TSRYS5810883,D,S,D,2024-06-13,1000000.00,4.560993,100.828255
08:03:27,912810UB2,TSRYS5810883,D,S,C,2024-06-13,1000000.00,4.559808,100.84375
08:03:27,912810UB2,TSRYS5810883,D,B,C,2024-06-13,1000000.00,4.559819,100.843598
08:03:28,912810UB2,TSRYS5810883,D,B,C,2024-06-13,1000000.00,4.563395,100.796875
08:03:28,912810UB2,TSRYS5810883,D,S,D,2024-06-13,1000000.00,4.563385,100.797005
08:03:35,912810UB2,TSRYS5810883,D,S,C,2024-06-13,1000000.00,4.556211,100.890775
08:03:35,912810UB2,TSRYS5810883,D,B,C,2024-06-13,1000000.00,4.55623,100.890525
08:03:35,912810UB2,TSRYS5810883,D,S,C,2024-06-13,1000000.00,4.556211,100.890775
08:03:35,912810UB2,TSRYS5810883,D,S,C,2024-06-13,1000000.00,4.556211,100.890775
08:03:35,912810UB2,TSRYS5810883,D,B,C,2024-06-13,1000000.00,4.556238,100.890425
08:03:35,912810UB2,TSRYS5810883,D,B,C,2024-06-13,1000000.00,4.556238,100.890425
08:03:35,912810UB2,TSRYS5810883,D,B,C,2024-06-13,1000000.00,4.556236,100.89045
08:03:35,912810UB2,TSRYS5810883,D,S,C,2024-06-13,1000000.00,4.556211,100.890775
08:03:38,912810UB2,TSRYS5810883,D,S,A,2024-06-13,770000.00,4.557716,100.87109375
08:03:39,912810UB2,TSRYS5810883,D,S,D,2024-06-13,1000000.00,4.553824,100.922005
08:03:39,912810UB2,TSRYS5810883,D,B,C,2024-06-13,1000000.00,4.553833,100.921875
08:03:42,912810UB2,TSRYS5810883,D,S,C,2024-06-13,99000.00,4.561601,100.8203125
08:03:45,912810UB2,TSRYS5810883,D,B,A,2024-06-13,3000000.00,4.572673,100.67578125
08:03:47,912810UB2,TSRYS5810883,D,S,D,2024-06-13,1000000.00,4.553824,100.922005
08:03:47,912810UB2,TSRYS5810883,D,B,C,2024-06-13,1000000.00,4.553849,100.921675
08:03:48,912810UB2,TSRYS5810883,D,B,C,2024-06-13,1000000.00,4.553833,100.921875
08:03:48,912810UB2,TSRYS5810883,D,S,D,2024-06-13,1000000.00,4.553824,100.922005
08:03:48,912810UB2,TSRYS5810883,D,S,D,2024-06-13,1000000.00,4.553824,100.922005
08:03:48,912810UB2,TSRYS5810883,D,B,C,2024-06-13,1000000.00,4.553849,100.921675
08:03:48,912810UB2,TSRYS5810883,D,B,C,2024-06-13,1000000.00,4.553847,100.9217
08:03:48,912810UB2,TSRYS5810883,D,S,D,2024-06-13,1000000.00,4.553824,100.922005
08:03:51,912810UB2,TSRYS5810883,D,S,D,2024-06-13,1000000.00,4.555028,100.90625
08:03:51,912810UB2,TSRYS5810883,D,B,C,2024-06-13,1000000.00,4.555028,100.90625
08:03:51,912810UB2,TSRYS5810883,D,S,D,2024-06-13,1000000.00,4.555028,100.90625
08:03:51,912810UB2,TSRYS5810883,D,B,C,2024-06-13,1000000.00,4.555028,100.90625
08:03:51,912810UB2,TSRYS5810883,D,S,D,2024-06-13,1000000.00,4.555028,100.90625
08:03:51,912810UB2,TSRYS5810883,D,S,D,2024-06-13,1000000.00,4.555028,100.90625
08:03:51,912810UB2,TSRYS5810883,D,S,D,2024-06-13,1000000.00,4.555028,100.90625
08:03:51,912810UB2,TSRYS5810883,D,B,C,2024-06-13,1000000.00,4.555028,100.90625
08:03:51,912810UB2,TSRYS5810883,D,B,C,2024-06-13,1000000.00,4.555028,100.90625
08:03:51,912810UB2,TSRYS5810883,D,S,D,2024-06-13,1000000.00,4.555028,100.90625
08:03:51,912810UB2,TSRYS5810883,D,S,D,2024-06-13,1000000.00,4.555028,100.90625
08:03:51,912810UB2,TSRYS5810883,D,B,C,2024-06-13,1000000.00,4.555028,100.90625
08:03:51,912810UB2,TSRYS5810883,D,S,D,2024-06-13,1000000.00,4.555028,100.90625
08:03:51,912810UB2,TSRYS5810883,D,B,C,2024-06-13,1000000.00,4.555028,100.90625
08:03:51,912810UB2,TSRYS5810883,D,S,D,2024-06-13,1000000.00,4.555028,100.90625
08:03:51,912810UB2,TSRYS5810883,D,B,C,2024-06-13,1000000.00,4.555028,100.90625
08:03:51,912810UB2,TSRYS5810883,D,B,C,2024-06-13,1000000.00,4.555028,100.90625
08:03:51,912810UB2,TSRYS5810883,D,S,D,2024-06-13,1000000.00,4.555028,100.90625
08:03:51,912810UB2,TSRYS5810883,D,B,C,2024-06-13,1000000.00,4.555043,100.90605
08:03:51,912810UB2,TSRYS5810883,D,S,D,2024-06-13,1000000.00,4.555028,100.90625
08:03:51,912810UB2,TSRYS5810883,D,B,C,2024-06-13,1000000.00,4.555028,100.90625
08:03:51,912810UB2,TSRYS5810883,D,S,D,2024-06-13,1000000.00,4.555028,100.90625
08:03:51,912810UB2,TSRYS5810883,D,S,D,2024-06-13,1000000.00,4.555028,100.90625
08:03:51,912810UB2,TSRYS5810883,D,B,C,2024-06-13,1000000.00,4.555028,100.90625
08:03:51,912810UB2,TSRYS5810883,D,S,D,2024-06-13,1000000.00,4.555028,100.90625
08:03:51,912810UB2,TSRYS5810883,D,S,D,2024-06-13,1000000.00,4.555028,100.90625
08:03:51,912810UB2,TSRYS5810883,D,S,D,2024-06-13,1000000.00,4.555028,100.90625
08:03:51,912810UB2,TSRYS5810883,D,S,D,2024-06-13,1000000.00,4.555028,100.90625
08:03:52,912810UB2,TSRYS5810883,D,B,C,2024-06-13,1000000.00,4.561302,100.82421875
08:03:52,912810UB2,TSRYS5810883,D,S,D,2024-06-13,1000000.00,4.561302,100.82421875
08:03:52,912810UB2,TSRYS5810883,D,B,C,2024-06-13,1000000.00,4.561302,100.82421875
08:03:52,912810UB2,TSRYS5810883,D,S,D,2024-06-13,1000000.00,4.561302,100.82421875
08:03:52,912810UB2,TSRYS5810883,D,S,D,2024-06-13,1000000.00,4.561302,100.82421875
08:03:52,912810UB2,TSRYS5810883,D,B,C,2024-06-13,1000000.00,4.561302,100.82421875
08:03:52,912810UB2,TSRYS5810883,D,S,C,2024-06-13,1000000.00,4.555028,100.90625
08:03:53,912810UB2,TSRYS5810883,D,S,C,2024-06-13,1000000.00,4.565788,100.765625
08:03:53,912810UB2,TSRYS5810883,D,S,C,2024-06-13,1000000.00,4.565788,100.765625
08:03:53,912810UB2,TSRYS5810883,D,S,C,2024-06-13,1000000.00,4.565788,100.765625
08:03:53,912810UB2,TSRYS5810883,D,B,C,2024-06-13,1000000.00,4.565788,100.765625
08:03:53,912810UB2,TSRYS5810883,D,S,D,2024-06-13,1000000.00,4.565788,100.7659
08:03:53,912810UB2,TSRYS5810883,D,S,C,2024-06-13,1000000.00,4.566835,100.751953125
08:04:00,912810UB2,TSRYS5810883,D,S,C,2024-06-13,1000000.00,4.558612,100.859375
08:04:00,912810UB2,TSRYS5810883,D,S,C,2024-06-13,1000000.00,4.558612,100.859375
08:04:00,912810UB2,TSRYS5810883,D,S,C,2024-06-13,1000000.00,4.558612,100.859375
08:04:01,912810UB2,TSRYS5810883,D,B,C,2024-06-13,1000000.00,4.559808,100.84375
08:04:01,912810UB2,TSRYS5810883,D,S,C,2024-06-13,1000000.00,4.559808,100.84375
08:04:01,912810UB2,TSRYS5810883,D,B,C,2024-06-13,1000000.00,4.561019,100.827925
08:04:01,912810UB2,TSRYS5810883,D,S,C,2024-06-13,1000000.00,4.561003,100.828125
08:04:01,912810UB2,TSRYS5810883,D,S,D,2024-06-13,1000000.00,4.562199,100.8125
08:04:01,912810UB2,TSRYS5810883,D,S,C,2024-06-13,1000000.00,4.562199,100.8125
08:04:01,912810UB2,TSRYS5810883,D,S,C,2024-06-13,2000000.00,4.562199,100.8125
08:04:01,912810UB2,TSRYS5810883,D,S,D,2024-06-13,1000000.00,4.562199,100.8125
08:04:01,912810UB2,TSRYS5810883,D,S,D,2024-06-13,2000000.00,4.562199,100.8125
08:04:01,912810UB2,TSRYS5810883,D,S,C,2024-06-13,1000000.00,4.562184,100.8127
08:04:01,912810UB2,TSRYS5810883,D,S,C,2024-06-13,1000000.00,4.562184,100.8127
08:04:03,912810UB2,TSRYS5810883,D,S,C,2024-06-13,1000000.00,4.563395,100.796875
08:04:04,912810UB2,TSRYS5810883,D,S,C,2024-06-13,1000000.00,4.563395,100.796875
08:04:04,912810UB2,TSRYS5810883,D,B,C,2024-06-13,1000000.00,4.563409,100.7967
08:04:04,912810UB2,TSRYS5810883,D,B,C,2024-06-13,1000000.00,4.563411,100.796675
08:04:04,912810UB2,TSRYS5810883,D,S,C,2024-06-13,1000000.00,4.563395,100.796875
08:04:04,912810UB2,TSRYS5810883,D,B,C,2024-06-13,1000000.00,4.563395,100.796725
08:04:04,912810UB2,TSRYS5810883,D,S,C,2024-06-13,1000000.00,4.563384,100.797025
08:04:04,912810UB2,TSRYS5810883,D,B,C,2024-06-13,1000000.00,4.563411,100.796675
08:04:04,912810UB2,TSRYS5810883,D,S,C,2024-06-13,1000000.00,4.563384,100.797025
08:04:04,912810UB2,TSRYS5810883,D,B,C,2024-06-13,1000000.00,4.563395,100.796875
08:04:04,912810UB2,TSRYS5810883,D,S,C,2024-06-13,1000000.00,4.563384,100.797025
08:04:04,912810UB2,TSRYS5810883,D,B,C,2024-06-13,1000000.00,4.563409,100.7967
08:04:05,912810UB2,TSRYS5810883,D,S,T,2024-06-13,1000000.00,4.5619,100.81640625
08:04:05,912810UB2,TSRYS5810883,D,S,T,2024-06-13,1000000.00,4.56205,100.81445313
08:04:06,912810UB2,TSRYS5810883,D,S,C,2024-06-13,1000000.00,4.562199,100.8125
08:04:06,912810UB2,TSRYS5810883,D,B,C,2024-06-13,1000000.00,4.562213,100.812325
08:04:09,912810UB2,TSRYS5810883,D,B,C,2024-06-13,1000000.00,4.558612,100.859375
08:04:09,912810UB2,TSRYS5810883,D,S,C,2024-06-13,1000000.00,4.558597,100.859575
08:04:11,912810UB2,TSRYS5810883,D,B,C,2024-06-13,1000000.00,4.561019,100.827925
08:04:11,912810UB2,TSRYS5810883,D,S,C,2024-06-13,1000000.00,4.561003,100.828125
08:04:12,912810UB2,TSRYS5810883,D,S,C,2024-06-13,1000000.00,4.562199,100.8125
08:04:12,912810UB2,TSRYS5810883,D,B,C,2024-06-13,1000000.00,4.562199,100.8125
08:04:12,912810UB2,TSRYS5810883,D,S,C,2024-06-13,1000000.00,4.562184,100.8127
08:04:12,912810UB2,TSRYS5810883,D,S,C,2024-06-13,1000000.00,4.562199,100.8125
08:04:16,912810UB2,TSRYS5810883,D,S,D,2024-06-13,1000000.00,4.565788,100.765625
08:04:16,912810UB2,TSRYS5810883,D,S,D,2024-06-13,1000000.00,4.565788,100.765625
08:04:20,912810UB2,TSRYS5810883,D,B,C,2024-06-13,4000000.00,4.565788,100.765625
08:04:20,912810UB2,TSRYS5810883,D,S,D,2024-06-13,4000000.00,4.565771,100.765852
08:04:20,912810UB2,TSRYS5810883,D,S,D,2024-06-13,1000000.00,4.565771,100.765852
08:04:20,912810UB2,TSRYS5810883,D,B,C,2024-06-13,1000000.00,4.565788,100.765625
08:04:20,912810UB2,TSRYS5810883,D,S,D,2024-06-13,2000000.00,4.565771,100.765852
08:04:20,912810UB2,TSRYS5810883,D,B,C,2024-06-13,2000000.00,4.565796,100.765525
08:04:20,912810UB2,TSRYS5810883,D,S,D,2024-06-13,1000000.00,4.565771,100.765852
08:04:20,912810UB2,TSRYS5810883,D,B,C,2024-06-13,1000000.00,4.561003,100.828125
08:04:20,912810UB2,TSRYS5810883,D,S,D,2024-06-13,1000000.00,4.561003,100.828125
08:04:20,912810UB2,TSRYS5810883,D,B,C,2024-06-13,1000000.00,4.561017,100.82795
08:04:20,912810UB2,TSRYS5810883,D,S,D,2024-06-13,1000000.00,4.561003,100.828125
08:04:20,912810UB2,TSRYS5810883,D,B,C,2024-06-13,1000000.00,4.561017,100.82795
08:04:20,912810UB2,TSRYS5810883,D,S,D,2024-06-13,1000000.00,4.561003,100.828125
08:04:20,912810UB2,TSRYS5810883,D,B,C,2024-06-13,1000000.00,4.561017,100.82795
08:04:20,912810UB2,TSRYS5810883,D,S,D,2024-06-13,1000000.00,4.561003,100.828125
08:04:20,912810UB2,TSRYS5810883,D,S,D,2024-06-13,1000000.00,4.559808,100.84375
08:04:20,912810UB2,TSRYS5810883,D,B,C,2024-06-13,1000000.00,4.559821,100.843575
08:04:20,912810UB2,TSRYS5810883,D,S,D,2024-06-13,1000000.00,4.561003,100.828125
08:04:20,912810UB2,TSRYS5810883,D,S,D,2024-06-13,1000000.00,4.561003,100.828125
08:04:20,912810UB2,TSRYS5810883,D,B,C,2024-06-13,1000000.00,4.561015,100.827975
08:04:25,912810UB2,TSRYS5810883,D,S,D,2024-06-13,1000000.00,4.555028,100.90625
08:04:25,912810UB2,TSRYS5810883,D,S,D,2024-06-13,1000000.00,4.555028,100.90625
08:04:25,912810UB2,TSRYS5810883,D,S,D,2024-06-13,1000000.00,4.555028,100.90625
08:04:25,912810UB2,TSRYS5810883,D,S,D,2024-06-13,1000000.00,4.554729,100.91015625
08:04:25,912810UB2,TSRYS5810883,D,S,D,2024-06-13,1000000.00,4.554729,100.91015625
08:04:27,912810UB2,TSRYS5810883,D,B,C,2024-06-13,1400000.00,4.570278,100.70703125
08:04:28,912810UB2,TSRYS5810883,D,S,D,2024-06-13,445000.00,4.557417,100.875
08:04:29,912810UB2,TSRYS5810883,D,S,T,2024-06-13,50MM+,4.557417,100.875
08:04:32,912810UB2,TSRYS5810883,D,S,D,2024-06-13,1000000.00,4.553087,100.931640625
08:04:34,912810UB2,TSRYS5810883,D,S,T,2024-06-13,1000000.00,4.562199,100.8125
08:04:34,912810UB2,TSRYS5810883,D,S,T,2024-06-13,2000000.00,4.562199,100.8125
08:04:34,912810UB2,TSRYS5810883,D,S,T,2024-06-13,1000000.00,4.562199,100.8125
08:04:46,912810UB2,TSRYS5810883,D,S,D,2024-06-13,500000.00,4.561003,100.828125
08:04:58,912810UB2,TSRYS5810883,D,B,C,2024-06-13,1000000.00,4.553833,100.921875
08:04:58,912810UB2,TSRYS5810883,D,S,C,2024-06-13,1000000.00,4.553833,100.921875
08:04:58,912810UB2,TSRYS5810883,D,B,C,2024-06-13,1000000.00,4.553833,100.9217
08:04:58,912810UB2,TSRYS5810883,D,S,C,2024-06-13,1000000.00,4.553833,100.921875
08:05:00,912810UB2,TSRYS5810883,D,S,D,2024-06-13,1000000.00,4.555028,100.90625
08:05:34,912810UB2,TSRYS5810883,D,S,D,2024-06-13,1000000.00,4.5619,100.81640625
08:05:34,912810UB2,TSRYS5810883,D,S,D,2024-06-13,1000000.00,4.56205,100.814453125
08:05:42,912810UB2,TSRYS5810883,D,S,C,2024-06-13,2000.00,4.55921,100.851562
08:05:51,912810UB2,TSRYS5810883,D,S,D,2024-06-13,2000.00,4.55921,100.851562
08:05:51,912810UB2,TSRYS5810883,D,B,A,2024-06-13,6075000.00,4.555327,100.90234375
08:05:52,912810UB2,TSRYS5810883,D,B,C,2024-06-13,1000000.00,4.563694,100.79296875
08:05:52,912810UB2,TSRYS5810883,D,S,D,2024-06-13,1000000.00,4.563694,100.79296875
08:05:52,912810UB2,TSRYS5810883,D,B,C,2024-06-13,1000000.00,4.563694,100.79296875
08:05:52,912810UB2,TSRYS5810883,D,S,D,2024-06-13,1000000.00,4.563694,100.79296875
08:05:52,912810UB2,TSRYS5810883,D,S,D,2024-06-13,1000000.00,4.563694,100.79296875
08:05:53,912810UB2,TSRYS5810883,D,S,D,2024-06-13,1000000.00,4.5619,100.81640625
08:05:53,912810UB2,TSRYS5810883,D,B,C,2024-06-13,1000000.00,4.561601,100.8203125
08:05:53,912810UB2,TSRYS5810883,D,S,C,2024-06-13,1000000.00,4.561601,100.8203125
08:05:53,912810UB2,TSRYS5810883,D,B,C,2024-06-13,1000000.00,4.5619,100.81640625
08:05:53,912810UB2,TSRYS5810883,D,S,T,2024-06-13,1000000.00,4.562199,100.8125
08:05:54,912810UB2,TSRYS5810883,D,S,T,2024-06-13,1000000.00,4.562199,100.8125
08:05:54,912810UB2,TSRYS5810883,D,B,A,2024-06-13,1025000.00,4.557716,100.87109375
08:05:55,912810UB2,TSRYS5810883,D,S,T,2024-06-13,1000000.00,4.558612,100.859375
08:05:55,912810UB2,TSRYS5810883,D,S,T,2024-06-13,1000000.00,4.565788,100.765625
08:05:55,912810UB2,TSRYS5810883,D,S,T,2024-06-13,1000000.00,4.562199,100.8125
08:05:56,912810UB2,TSRYS5810883,D,S,T,2024-06-13,1000000.00,4.558612,100.859375
08:05:56,912810UB2,TSRYS5810883,D,S,T,2024-06-13,1000000.00,4.558612,100.859375
08:05:56,912810UB2,TSRYS5810883,D,S,T,2024-06-13,1000000.00,4.563694,100.79296875
08:05:56,912810UB2,TSRYS5810883,D,S,T,2024-06-13,1000000.00,4.562199,100.8125
08:05:57,912810UB2,TSRYS5810883,D,S,T,2024-06-13,2000000.00,4.562199,100.8125
08:05:57,912810UB2,TSRYS5810883,D,S,T,2024-06-13,2000000.00,4.562199,100.8125
08:05:57,912810UB2,TSRYS5810883,D,S,T,2024-06-13,1000000.00,4.562199,100.8125
08:05:57,912810UB2,TSRYS5810883,D,S,D,2024-06-13,2395000.00,4.551147,100.95703125
08:05:57,912810UB2,TSRYS5810883,D,S,D,2024-06-13,2000000.00,4.565788,100.765625
08:05:57,912810UB2,TSRYS5810883,D,B,C,2024-06-13,2000000.00,4.565788,100.765625
08:05:58,912810UB2,TSRYS5810883,D,B,C,2024-06-13,22953000.00,4.560107,100.83984375
08:05:58,912810UB2,TSRYS5810883,D,B,C,2024-06-13,1000000.00,4.559808,100.843575
08:05:58,912810UB2,TSRYS5810883,D,S,C,2024-06-13,1000000.00,4.559808,100.84375
08:06:00,912810UB2,TSRYS5810883,D,S,T,2024-06-13,1000000.00,4.561302,100.82421875
08:06:01,912810UB2,TSRYS5810883,D,S,D,2024-06-13,1000000.00,4.561302,100.82421875
08:06:08,912810UB2,TSRYS5810883,D,S,T,2024-06-13,1000000.00,4.562199,100.8125
08:06:09,912810UB2,TSRYS5810883,D,S,A,2024-06-13,1665000.00,4.560705,100.83203125
08:06:09,912810UB2,TSRYS5810883,D,S,T,2024-06-13,1000000.00,4.562199,100.8125
08:06:09,912810UB2,TSRYS5810883,D,S,T,2024-06-13,1000000.00,4.574171,100.65625
08:06:09,912810UB2,TSRYS5810883,D,S,T,2024-06-13,1000000.00,4.574171,100.65625
08:06:18,912810UB2,TSRYS5810883,D,S,C,2024-06-13,1000000.00,4.556073,100.892578125
08:06:18,912810UB2,TSRYS5810883,D,B,C,2024-06-13,1000000.00,4.553841,100.921775
08:06:18,912810UB2,TSRYS5810883,D,S,D,2024-06-13,1000000.00,4.553833,100.921875
08:06:32,912810UB2,TSRYS5810883,D,S,D,2024-06-13,1000000.00,4.566985,100.75
08:06:40,912810UB2,TSRYS5810883,D,S,D,2024-06-13,1000000.00,4.568182,100.734375
08:06:40,912810UB2,TSRYS5810883,D,B,C,2024-06-13,1000000.00,4.568182,100.734375
08:06:46,912810UB2,TSRYS5810883,D,S,D,2024-06-13,1000000.00,4.561302,100.82421875
08:06:47,912810UB2,TSRYS5810883,D,B,C,2024-06-13,1000000.00,4.563844,100.791015625
08:06:47,912810UB2,TSRYS5810883,D,S,D,2024-06-13,1000000.00,4.563836,100.791115625
08:06:50,912810UB2,TSRYS5810883,D,S,D,2024-06-13,170000.00,4.561601,100.8203125
08:06:54,912810UB2,TSRYS5810883,D,S,D,2024-06-13,1000000.00,4.561302,100.82421875
08:06:54,912810UB2,TSRYS5810883,D,B,C,2024-06-13,1000000.00,4.561302,100.82421875
08:06:55,912810UB2,TSRYS5810883,D,B,C,2024-06-13,1000000.00,4.562199,100.8125
08:06:55,912810UB2,TSRYS5810883,D,S,D,2024-06-13,1000000.00,4.562199,100.8125
08:06:55,912810UB2,TSRYS5810883,D,S,D,2024-06-13,1000000.00,4.562199,100.8125
08:06:58,912810UB2,TSRYS5810883,D,S,D,2024-06-13,1000000.00,4.561302,100.82421875
08:06:58,912810UB2,TSRYS5810883,D,B,C,2024-06-13,1000000.00,4.561302,100.82421875
08:07:10,912810UB2,TSRYS5810883,D,B,C,2024-06-13,1000000.00,4.562215,100.8123
08:07:10,912810UB2,TSRYS5810883,D,S,D,2024-06-13,1000000.00,4.562199,100.8125
08:07:10,912810UB2,TSRYS5810883,D,S,D,2024-06-13,1000000.00,4.562199,100.8125
08:07:10,912810UB2,TSRYS5810883,D,B,C,2024-06-13,1000000.00,4.562199,100.8125
08:07:10,912810UB2,TSRYS5810883,D,S,D,2024-06-13,1000000.00,4.562199,100.8125
08:07:10,912810UB2,TSRYS5810883,D,S,D,2024-06-13,2000000.00,4.565332,100.771584375
08:07:10,912810UB2,TSRYS5810883,D,B,C,2024-06-13,1000000.00,4.56534,100.771484375
08:07:10,912810UB2,TSRYS5810883,D,S,D,2024-06-13,1000000.00,4.565332,100.771584375
08:07:10,912810UB2,TSRYS5810883,D,B,C,2024-06-13,1000000.00,4.56534,100.771484375
08:07:10,912810UB2,TSRYS5810883,D,S,D,2024-06-13,1000000.00,4.565332,100.771584375
08:07:10,912810UB2,TSRYS5810883,D,S,D,2024-06-13,1000000.00,4.565332,100.771584375
08:07:10,912810UB2,TSRYS5810883,D,B,C,2024-06-13,1000000.00,4.56534,100.771484375
08:07:40,912810UB2,TSRYS5810883,D,S,D,2024-06-13,110000.00,4.563096,100.80078125
08:07:47,912810UB2,TSRYS5810883,D,S,C,2024-06-13,1000000.00,4.558612,100.859375
08:07:50,912810UB2,TSRYS5810883,D,B,C,2024-06-13,1000000.00,4.563403,100.796775
08:07:50,912810UB2,TSRYS5810883,D,S,C,2024-06-13,1000000.00,4.563388,100.796975
08:08:00,912810UB2,TSRYS5810883,D,B,C,2024-06-13,1000000.00,4.5619,100.81640625
08:08:00,912810UB2,TSRYS5810883,D,S,D,2024-06-13,1000000.00,4.5619,100.81640625
08:08:00,912810UB2,TSRYS5810883,D,B,C,2024-06-13,1000000.00,4.559957,100.841796875
08:08:00,912810UB2,TSRYS5810883,D,S,D,2024-06-13,1000000.00,4.559957,100.841796875
08:08:00,912810UB2,TSRYS5810883,D,S,C,2024-06-13,2000000.00,4.562184,100.8127
08:08:05,912810UB2,TSRYS5810883,D,S,D,2024-06-13,2000000.00,4.565779,100.76575
08:08:05,912810UB2,TSRYS5810883,D,S,D,2024-06-13,9000000.00,4.565779,100.76575
08:08:05,912810UB2,TSRYS5810883,D,B,C,2024-06-13,9000000.00,4.565788,100.765625
08:08:06,912810UB2,TSRYS5810883,D,S,D,2024-06-13,1000000.00,4.562199,100.8125
08:08:06,912810UB2,TSRYS5810883,D,B,C,2024-06-13,1000000.00,4.562199,100.8125
08:08:07,912810UB2,TSRYS5810883,D,B,C,2024-06-13,1000000.00,4.560114,100.83974375
08:08:07,912810UB2,TSRYS5810883,D,S,D,2024-06-13,1000000.00,4.560107,100.83984375
08:08:08,912810UB2,TSRYS5810883,D,S,C,2024-06-13,1000000.00,4.561751,100.818359375
08:08:08,912810UB2,TSRYS5810883,D,B,C,2024-06-13,1000000.00,4.561751,100.818359375
08:08:21,912810UB2,TSRYS5810883,D,S,C,2024-06-13,110000.00,4.563096,100.80078125
08:08:33,912810UB2,TSRYS5810883,D,S,A,2024-06-13,10000.00,4.562498,100.85859375
08:08:37,912810UB2,TSRYS5810883,D,S,D,2024-06-13,10000.00,4.562498,100.80859375
08:08:38,912810UB2,TSRYS5810883,D,S,C,2024-06-13,1000000.00,4.563395,100.796875
08:08:38,912810UB2,TSRYS5810883,D,B,C,2024-06-13,1000000.00,4.563395,100.796875
08:08:46,912810UB2,TSRYS5810883,D,B,C,2024-06-13,1000000.00,4.565938,100.763671875
08:08:46,912810UB2,TSRYS5810883,D,B,C,2024-06-13,1000000.00,4.565938,100.763671875
08:08:46,912810UB2,TSRYS5810883,D,B,C,2024-06-13,1000000.00,4.565938,100.763671875
08:08:46,912810UB2,TSRYS5810883,D,B,C,2024-06-13,1000000.00,4.565938,100.763671875
08:08:49,912810UB2,TSRYS5810883,D,S,C,2024-06-13,1000000.00,4.565474,100.76973125
08:08:49,912810UB2,TSRYS5810883,D,B,C,2024-06-13,1000000.00,4.565497,100.76943125
08:08:49,912810UB2,TSRYS5810883,D,S,C,2024-06-13,1000000.00,4.565788,100.765625
08:08:49,912810UB2,TSRYS5810883,D,B,C,2024-06-13,1000000.00,4.565804,100.765425
08:08:49,912810UB2,TSRYS5810883,D,S,C,2024-06-13,1000000.00,4.565788,100.765625
08:08:50,912810UB2,TSRYS5810883,D,B,C,2024-06-13,1000000.00,4.565804,100.765425
08:08:50,912810UB2,TSRYS5810883,D,S,C,2024-06-13,1000000.00,4.565639,100.767578125
08:08:50,912810UB2,TSRYS5810883,D,B,C,2024-06-13,1000000.00,4.565654,100.767378125
08:08:50,912810UB2,TSRYS5810883,D,S,D,2024-06-13,1000000.00,4.565639,100.767578125
08:08:50,912810UB2,TSRYS5810883,D,B,C,2024-06-13,1000000.00,4.565654,100.767378125
08:11:20,912810UB2,TSRYS5810883,D,S,D,2024-06-13,1000000.00,4.563993,100.7890625
08:11:20,912810UB2,TSRYS5810883,D,B,C,2024-06-13,1000000.00,4.563993,100.7890625
08:11:20,912810UB2,TSRYS5810883,D,B,C,2024-06-13,1000000.00,4.563993,100.7890625
08:11:20,912810UB2,TSRYS5810883,D,S,C,2024-06-13,1000000.00,4.563993,100.7890625
08:11:21,912810UB2,TSRYS5810883,D,S,D,2024-06-13,1000000.00,4.563993,100.7890625
08:11:26,912810UB2,TSRYS5810883,D,S,T,2024-06-13,1000000.00,4.563395,100.796875
08:11:26,912810UB2,TSRYS5810883,D,S,T,2024-06-13,3000000.00,4.563395,100.796875
08:12:08,912810UB2,TSRYS5810883,D,S,D,2024-06-13,200000.00,4.564891,100.77734375
08:12:09,912810UB2,TSRYS5810883,D,S,C,2024-06-13,3000000.00,4.563395,100.796875
08:12:09,912810UB2,TSRYS5810883,D,S,C,2024-06-13,1000000.00,4.563395,100.796875
08:13:23,912810UB2,TSRYS5810883,D,B,C,2024-06-13,1000000.00,4.564592,100.78125
08:13:23,912810UB2,TSRYS5810883,D,S,D,2024-06-13,1000000.00,4.564592,100.78125
08:13:23,912810UB2,TSRYS5810883,D,S,D,2024-06-13,1000000.00,4.564592,100.78125
08:14:02,912810UB2,TSRYS5810883,D,S,C,2024-06-13,1000000.00,4.564592,100.78125
08:14:02,912810UB2,TSRYS5810883,D,B,C,2024-06-13,1000000.00,4.564592,100.78125
08:14:47,912810UB2,TSRYS5810883,D,S,D,2024-06-13,3000000.00,4.564891,100.77734375
08:14:53,912810UB2,TSRYS5810883,D,S,C,2024-06-13,2000000.00,4.564726,100.779496875
08:14:53,912810UB2,TSRYS5810883,D,S,C,2024-06-13,1000000.00,4.564876,100.77754375
08:14:54,912810UB2,TSRYS5810883,D,S,T,2024-06-13,2000000.00,4.564757,100.779096875
08:14:54,912810UB2,TSRYS5810883,D,S,T,2024-06-13,1000000.00,4.564906,100.77714375
08:15:47,912810UB2,TSRYS5810883,D,S,D,2024-06-13,1000000.00,4.561302,100.82421875
08:15:47,912810UB2,TSRYS5810883,D,S,D,2024-06-13,1000000.00,4.561302,100.82421875
08:15:47,912810UB2,TSRYS5810883,D,B,C,2024-06-13,1000000.00,4.561302,100.82421875
08:15:47,912810UB2,TSRYS5810883,D,S,D,2024-06-13,1000000.00,4.561302,100.82421875
08:15:47,912810UB2,TSRYS5810883,D,B,C,2024-06-13,1000000.00,4.561302,100.82421875
08:15:47,912810UB2,TSRYS5810883,D,S,D,2024-06-13,1000000.00,4.561302,100.82421875
08:16:03,912810UB2,TSRYS5810883,D,S,D,2024-06-13,5000000.00,4.5619,100.81640625
08:16:03,912810UB2,TSRYS5810883,D,S,C,2024-06-13,5000000.00,4.5619,100.81640625
08:16:18,912810UB2,TSRYS5810883,D,S,D,2024-06-13,1000000.00,4.561302,100.82421875
08:16:18,912810UB2,TSRYS5810883,D,B,C,2024-06-13,1000000.00,4.561302,100.82421875
08:16:28,912810UB2,TSRYS5810883,D,B,C,2024-06-13,1000000.00,4.561302,100.82421875
08:16:28,912810UB2,TSRYS5810883,D,S,C,2024-06-13,1000000.00,4.561302,100.82421875
08:16:31,912810UB2,TSRYS5810883,D,B,C,2024-06-13,1000000.00,4.561302,100.82421875
08:16:31,912810UB2,TSRYS5810883,D,S,C,2024-06-13,1000000.00,4.561302,100.82421875
08:16:42,912810UB2,TSRYS5810883,D,B,C,2024-06-13,1000000.00,4.561302,100.82421875
08:16:42,912810UB2,TSRYS5810883,D,S,D,2024-06-13,1000000.00,4.561302,100.82421875
08:17:15,912810UB2,TSRYS5810883,D,S,A,2024-06-13,276000.00,4.561003,100.828125
08:17:43,912810UB2,TSRYS5810883,D,S,D,2024-06-13,1000000.00,4.560107,100.83984375
08:17:45,912810UB2,TSRYS5810883,D,S,T,2024-06-13,1000000.00,4.560114,100.83974375
08:18:20,912810UB2,TSRYS5810883,D,S,T,2024-06-13,1000000.00,4.557417,100.875
08:18:21,912810UB2,TSRYS5810883,D,S,T,2024-06-13,3000000.00,4.557417,100.875
08:19:13,912810UB2,TSRYS5810883,D,S,D,2024-06-13,1000000.00,4.557417,100.875
08:19:42,912810UB2,TSRYS5810883,D,S,D,2024-06-13,3000000.00,4.557417,100.875
08:20:10,912810UB2,TSRYS5810883,D,B,C,2024-06-13,1000000.00,4.558023,100.8670875
08:20:10,912810UB2,TSRYS5810883,D,S,D,2024-06-13,1000000.00,4.558015,100.8671875
08:20:12,912810UB2,TSRYS5810883,D,S,D,2024-06-13,30000000.00,4.562839,100.80414
08:20:19,912810UB2,TSRYS5810883,D,B,C,2024-06-13,1000000.00,4.557425,100.8749
08:20:19,912810UB2,TSRYS5810883,D,S,D,2024-06-13,1000000.00,4.557417,100.875
08:21:03,912810UB2,TSRYS5810883,D,S,D,2024-06-13,1000000.00,4.556222,100.890625
08:21:03,912810UB2,TSRYS5810883,D,S,D,2024-06-13,1000000.00,4.556222,100.890625
08:21:08,912810UB2,TSRYS5810883,D,B,C,2024-06-13,2000000.00,4.554729,100.91015625
08:21:08,912810UB2,TSRYS5810883,D,S,C,2024-06-13,2000000.00,4.554729,100.91015625
08:21:16,912810UB2,TSRYS5810883,D,S,C,2024-06-13,1000000.00,4.557417,100.875
08:21:16,912810UB2,TSRYS5810883,D,B,C,2024-06-13,1000000.00,4.557431,100.874825
08:22:15,912810UB2,TSRYS5810883,D,B,C,2024-06-13,6000000.00,4.552341,100.94140625
08:22:37,912810UB2,TSRYS5810883,D,S,C,2024-06-13,2000000.00,4.551445,100.953125
08:22:39,912810UB2,TSRYS5810883,D,B,C,2024-06-13,200000.00,4.550849,100.9609375
08:22:39,912810UB2,TSRYS5810883,D,S,D,2024-06-13,200000.00,4.550696,100.9629375
08:22:39,912810UB2,TSRYS5810883,D,S,T,2024-06-13,2000000.00,4.551453,100.953025
08:23:09,912810UB2,TSRYS5810883,D,S,T,2024-06-13,1000000.00,4.552639,100.9375
08:23:16,912810UB2,TSRYS5810883,D,S,D,2024-06-13,1000000.00,4.552341,100.94140625
08:23:17,912810UB2,TSRYS5810883,D,S,T,2024-06-13,1000000.00,4.552341,100.94140625
08:24:00,912810UB2,TSRYS5810883,D,S,D,2024-06-13,1000000.00,4.552639,100.9375
08:24:20,912810UB2,TSRYS5810883,D,S,D,2024-06-13,385000.00,4.552639,100.9375
08:24:20,912810UB2,TSRYS5810883,D,B,C,2024-06-13,385000.00,4.552719,100.936461039
08:24:30,912810UB2,TSRYS5810883,D,S,C,2024-06-13,1000000.00,4.551744,100.94921875
08:24:37,912810UB2,TSRYS5810883,D,S,D,2024-06-13,265000.00,4.550849,100.9609375
08:24:38,912810UB2,TSRYS5810883,D,S,D,2024-06-13,275000.00,4.550849,100.9609375
08:24:40,912810UB2,TSRYS5810883,D,S,D,2024-06-13,1000000.00,4.550252,100.96875
08:24:40,912810UB2,TSRYS5810883,D,S,T,2024-06-13,2000000.00,4.550252,100.96875
08:24:41,912810UB2,TSRYS5810883,D,S,C,2024-06-13,1000000.00,4.550252,100.96875
08:24:43,912810UB2,TSRYS5810883,D,S,T,2024-06-13,1000000.00,4.550259,100.96865
08:24:43,912810UB2,TSRYS5810883,D,S,T,2024-06-13,1000000.00,4.550259,100.96865
08:25:16,912810UB2,TSRYS5810883,D,S,D,2024-06-13,1000000.00,4.551445,100.953125
08:25:16,912810UB2,TSRYS5810883,D,B,C,2024-06-13,1000000.00,4.551445,100.953125
08:25:16,912810UB2,TSRYS5810883,D,S,D,2024-06-13,2000000.00,4.550252,100.96875
08:25:48,912810UB2,TSRYS5810883,D,S,C,2024-06-13,1000000.00,4.550252,100.96875
08:25:48,912810UB2,TSRYS5810883,D,B,C,2024-06-13,1000000.00,4.550252,100.96875
08:26:04,912810UB2,TSRYS5810883,D,B,C,2024-06-13,1000000.00,4.55055,100.96484375
08:26:04,912810UB2,TSRYS5810883,D,S,T,2024-06-13,1000000.00,4.550252,100.96875
08:26:09,912810UB2,TSRYS5810883,D,S,T,2024-06-13,1000000.00,4.549058,100.984375
08:26:09,912810UB2,TSRYS5810883,D,S,D,2024-06-13,520000.00,4.549058,100.984375
08:26:13,912810UB2,TSRYS5810883,D,S,C,2024-06-13,50MM+,4.547835,101.0004
08:26:17,912810UB2,TSRYS5810883,D,S,T,2024-06-13,1000000.00,4.549058,100.984375
08:26:17,912810UB2,TSRYS5810883,D,S,T,2024-06-13,1000000.00,4.549058,100.984375
08:26:17,912810UB2,TSRYS5810883,D,S,T,2024-06-13,1000000.00,4.549058,100.984375
08:26:17,912810UB2,TSRYS5810883,D,S,T,2024-06-13,1000000.00,4.549058,100.984375
08:26:17,912810UB2,TSRYS5810883,D,S,T,2024-06-13,1000000.00,4.549058,100.984375
08:26:17,912810UB2,TSRYS5810883,D,S,T,2024-06-13,1000000.00,4.549058,100.984375
08:26:17,912810UB2,TSRYS5810883,D,S,T,2024-06-13,1000000.00,4.549058,100.984375
08:26:17,912810UB2,TSRYS5810883,D,S,T,2024-06-13,1000000.00,4.549058,100.984375
08:26:17,912810UB2,TSRYS5810883,D,S,T,2024-06-13,1000000.00,4.549058,100.984375
08:26:17,912810UB2,TSRYS5810883,D,S,T,2024-06-13,1000000.00,4.549058,100.984375
08:26:17,912810UB2,TSRYS5810883,D,S,T,2024-06-13,1000000.00,4.549058,100.984375
08:26:17,912810UB2,TSRYS5810883,D,S,T,2024-06-13,1000000.00,4.549058,100.984375
08:26:17,912810UB2,TSRYS5810883,D,S,D,2024-06-13,1000000.00,4.549058,100.984375
08:26:17,912810UB2,TSRYS5810883,D,S,D,2024-06-13,1000000.00,4.549058,100.984375
08:26:19,912810UB2,TSRYS5810883,D,S,T,2024-06-13,1000000.00,4.549058,100.984375
08:26:20,912810UB2,TSRYS5810883,D,S,T,2024-06-13,1000000.00,4.549058,100.984375
08:26:20,912810UB2,TSRYS5810883,D,S,T,2024-06-13,1000000.00,4.549058,100.984375
08:26:20,912810UB2,TSRYS5810883,D,S,T,2024-06-13,1000000.00,4.549058,100.984375
08:26:20,912810UB2,TSRYS5810883,D,S,D,2024-06-13,1000000.00,4.549058,100.984375
08:26:21,912810UB2,TSRYS5810883,D,S,T,2024-06-13,1000000.00,4.549058,100.984375
08:26:22,912810UB2,TSRYS5810883,D,S,D,2024-06-13,1000000.00,4.549058,100.984375
08:26:22,912810UB2,TSRYS5810883,D,S,D,2024-06-13,1000000.00,4.549058,100.984375
08:26:25,912810UB2,TSRYS5810883,D,S,D,2024-06-13,1000000.00,4.549058,100.984375
08:26:30,912810UB2,TSRYS5810883,D,S,D,2024-06-13,1000000.00,4.550849,100.9609375
08:26:30,912810UB2,TSRYS5810883,D,B,C,2024-06-13,1000000.00,4.550849,100.9609375
08:26:31,912810UB2,TSRYS5810883,D,S,D,2024-06-13,1000000.00,4.550849,100.9609375
08:26:40,912810UB2,TSRYS5810883,D,B,C,2024-06-13,50MM+,4.566985,100.75
08:26:47,912810UB2,TSRYS5810883,D,S,C,2024-06-13,1000000.00,4.550252,100.96875
08:26:47,912810UB2,TSRYS5810883,D,S,D,2024-06-13,1000000.00,4.549058,100.984375
08:26:56,912810UB2,TSRYS5810883,D,B,C,2024-06-13,1000000.00,4.549058,100.984375
08:26:56,912810UB2,TSRYS5810883,D,S,D,2024-06-13,1000000.00,4.549058,100.984375
08:27:02,912810UB2,TSRYS5810883,D,B,C,2024-06-13,1000000.00,4.54907,100.984225
08:27:02,912810UB2,TSRYS5810883,D,S,D,2024-06-13,1000000.00,4.549058,100.984375
08:27:02,912810UB2,TSRYS5810883,D,B,C,2024-06-13,2000000.00,4.54907,100.984225
08:27:11,912810UB2,TSRYS5810883,D,S,D,2024-06-13,1000000.00,4.550252,100.96875
08:27:11,912810UB2,TSRYS5810883,D,B,C,2024-06-13,1000000.00,4.550252,100.96875
08:27:11,912810UB2,TSRYS5810883,D,S,T,2024-06-13,1000000.00,4.549058,100.984375
08:27:11,912810UB2,TSRYS5810883,D,S,T,2024-06-13,1000000.00,4.549058,100.984375
08:27:11,912810UB2,TSRYS5810883,D,B,C,2024-06-13,1000000.00,4.549506,100.978515625
08:27:12,912810UB2,TSRYS5810883,D,S,D,2024-06-13,1000000.00,4.549506,100.978515625
08:27:12,912810UB2,TSRYS5810883,D,S,D,2024-06-13,1000000.00,4.549058,100.984375
08:27:12,912810UB2,TSRYS5810883,D,S,D,2024-06-13,1000000.00,4.549058,100.984375
08:27:16,912810UB2,TSRYS5810883,D,S,D,2024-06-13,1000000.00,4.549058,100.984375
08:27:16,912810UB2,TSRYS5810883,D,S,D,2024-06-13,1000000.00,4.549058,100.984375
08:27:16,912810UB2,TSRYS5810883,D,S,D,2024-06-13,1000000.00,4.549058,100.984375
08:27:16,912810UB2,TSRYS5810883,D,S,D,2024-06-13,1000000.00,4.549058,100.984375
08:27:16,912810UB2,TSRYS5810883,D,B,C,2024-06-13,1000000.00,4.54907,100.984225
08:27:16,912810UB2,TSRYS5810883,D,S,D,2024-06-13,1000000.00,4.549058,100.984375
08:27:16,912810UB2,TSRYS5810883,D,S,D,2024-06-13,1000000.00,4.549058,100.984375
08:27:16,912810UB2,TSRYS5810883,D,B,C,2024-06-13,1000000.00,4.549058,100.984375
08:27:23,912810UB2,TSRYS5810883,D,S,D,2024-06-13,1000000.00,4.550252,100.96875
08:27:23,912810UB2,TSRYS5810883,D,S,D,2024-06-13,1000000.00,4.550252,100.96875
08:27:25,912810UB2,TSRYS5810883,D,S,D,2024-06-13,1000000.00,4.550252,100.96875
08:27:26,912810UB2,TSRYS5810883,D,S,T,2024-06-13,1000000.00,4.550252,100.96875
08:27:30,912810UB2,TSRYS5810883,D,S,T,2024-06-13,2000000.00,4.550252,100.96875
08:27:30,912810UB2,TSRYS5810883,D,B,C,2024-06-13,1000000.00,4.549655,100.9765625
08:27:30,912810UB2,TSRYS5810883,D,S,D,2024-06-13,1000000.00,4.549646,100.9766875
08:27:31,912810UB2,TSRYS5810883,D,S,T,2024-06-13,1000000.00,4.550252,100.96875
08:27:31,912810UB2,TSRYS5810883,D,S,D,2024-06-13,1000000.00,4.549058,100.984375
08:27:31,912810UB2,TSRYS5810883,D,S,D,2024-06-13,1000000.00,4.549058,100.984375
08:27:31,912810UB2,TSRYS5810883,D,S,D,2024-06-13,1000000.00,4.549058,100.984375
08:27:31,912810UB2,TSRYS5810883,D,S,D,2024-06-13,1000000.00,4.549058,100.984375
08:27:31,912810UB2,TSRYS5810883,D,S,D,2024-06-13,1000000.00,4.549058,100.984375
08:27:31,912810UB2,TSRYS5810883,D,S,D,2024-06-13,1000000.00,4.549058,100.984375
08:27:31,912810UB2,TSRYS5810883,D,S,D,2024-06-13,1000000.00,4.549058,100.984375
08:27:31,912810UB2,TSRYS5810883,D,S,D,2024-06-13,2000000.00,4.549058,100.984375
08:27:32,912810UB2,TSRYS5810883,D,S,T,2024-06-13,1000000.00,4.549208,100.982421875
08:27:32,912810UB2,TSRYS5810883,D,S,T,2024-06-13,1000000.00,4.549357,100.98046875
08:27:32,912810UB2,TSRYS5810883,D,B,C,2024-06-13,1000000.00,4.549364,100.98036875
08:27:32,912810UB2,TSRYS5810883,D,S,D,2024-06-13,1000000.00,4.549357,100.98046875
08:27:32,912810UB2,TSRYS5810883,D,S,D,2024-06-13,1000000.00,4.549357,100.98046875
08:27:32,912810UB2,TSRYS5810883,D,S,D,2024-06-13,1000000.00,4.549357,100.98046875
08:27:32,912810UB2,TSRYS5810883,D,S,D,2024-06-13,1000000.00,4.549357,100.98046875
08:27:32,912810UB2,TSRYS5810883,D,B,C,2024-06-13,1000000.00,4.549357,100.98046875
08:27:32,912810UB2,TSRYS5810883,D,S,D,2024-06-13,1000000.00,4.549357,100.98046875
08:27:32,912810UB2,TSRYS5810883,D,S,D,2024-06-13,1000000.00,4.549357,100.98046875
08:27:33,912810UB2,TSRYS5810883,D,S,D,2024-06-13,1000000.00,4.549051,100.984475
08:27:36,912810UB2,TSRYS5810883,D,S,T,2024-06-13,1000000.00,4.550252,100.96875
08:27:36,912810UB2,TSRYS5810883,D,S,T,2024-06-13,1000000.00,4.549058,100.984375
08:27:37,912810UB2,TSRYS5810883,D,S,D,2024-06-13,1000000.00,4.549208,100.982421875
08:27:38,912810UB2,TSRYS5810883,D,S,D,2024-06-13,1010000.00,4.551445,100.953125
08:27:40,912810UB2,TSRYS5810883,D,S,D,2024-06-13,1010000.00,4.551445,100.953125
08:27:44,912810UB2,TSRYS5810883,D,S,D,2024-06-13,1000000.00,4.550252,100.96875
08:27:44,912810UB2,TSRYS5810883,D,S,T,2024-06-13,1000000.00,4.550252,100.96875
08:27:44,912810UB2,TSRYS5810883,D,S,D,2024-06-13,1000000.00,4.550252,100.96875
08:27:44,912810UB2,TSRYS5810883,D,S,T,2024-06-13,1000000.00,4.550252,100.96875
08:27:44,912810UB2,TSRYS5810883,D,S,D,2024-06-13,1000000.00,4.550252,100.96875
08:27:45,912810UB2,TSRYS5810883,D,S,D,2024-06-13,1000000.00,4.550252,100.96875
08:27:49,912810UB2,TSRYS5810883,D,S,D,2024-06-13,1000000.00,4.549058,100.984375
08:27:49,912810UB2,TSRYS5810883,D,S,D,2024-06-13,1000000.00,4.549058,100.984375
08:27:49,912810UB2,TSRYS5810883,D,S,D,2024-06-13,1000000.00,4.549058,100.984375
08:27:49,912810UB2,TSRYS5810883,D,S,D,2024-06-13,1000000.00,4.550252,100.96875
08:27:56,912810UB2,TSRYS5810883,D,S,D,2024-06-13,1000000.00,4.549058,100.984375
08:27:56,912810UB2,TSRYS5810883,D,B,C,2024-06-13,1000000.00,4.549058,100.984375
08:28:03,912810UB2,TSRYS5810883,D,B,C,2024-06-13,1000000.00,4.550252,100.96875
08:28:03,912810UB2,TSRYS5810883,D,B,C,2024-06-13,1000000.00,4.550252,100.96875
08:28:03,912810UB2,TSRYS5810883,D,S,D,2024-06-13,1000000.00,4.550252,100.96875
08:28:03,912810UB2,TSRYS5810883,D,S,D,2024-06-13,1000000.00,4.550252,100.96875
08:28:18,912810UB2,TSRYS5810883,D,S,D,2024-06-13,1000000.00,4.549058,100.984375
08:28:18,912810UB2,TSRYS5810883,D,B,C,2024-06-13,1000000.00,4.549074,100.984175
08:28:18,912810UB2,TSRYS5810883,D,S,D,2024-06-13,1000000.00,4.549058,100.984375
08:28:18,912810UB2,TSRYS5810883,D,S,D,2024-06-13,2000000.00,4.550252,100.96875
08:28:25,912810UB2,TSRYS5810883,D,S,D,2024-06-13,1000000.00,4.549058,100.984375
08:28:25,912810UB2,TSRYS5810883,D,B,C,2024-06-13,1000000.00,4.549058,100.984375
08:28:25,912810UB2,TSRYS5810883,D,S,D,2024-06-13,1000000.00,4.549058,100.984375
08:28:26,912810UB2,TSRYS5810883,D,B,C,2024-06-13,1000000.00,4.549066,100.984275
08:28:33,912810UB2,TSRYS5810883,D,S,D,2024-06-13,1000000.00,4.550252,100.96875
08:28:33,912810UB2,TSRYS5810883,D,B,C,2024-06-13,1000000.00,4.550252,100.96875
08:28:35,912810UB2,TSRYS5810883,D,S,D,2024-06-13,1000000.00,4.550849,100.9609375
08:28:35,912810UB2,TSRYS5810883,D,S,T,2024-06-13,1000000.00,4.55055,100.96484375
08:28:36,912810UB2,TSRYS5810883,D,B,C,2024-06-13,1000000.00,4.550849,100.9609375
08:28:36,912810UB2,TSRYS5810883,D,B,C,2024-06-13,1000000.00,4.551147,100.95703125
08:28:36,912810UB2,TSRYS5810883,D,S,D,2024-06-13,1000000.00,4.551147,100.95703125
08:28:36,912810UB2,TSRYS5810883,D,S,D,2024-06-13,1000000.00,4.550841,100.9610375
08:28:36,912810UB2,TSRYS5810883,D,B,C,2024-06-13,1000000.00,4.550699,100.962890625
08:28:36,912810UB2,TSRYS5810883,D,S,D,2024-06-13,1000000.00,4.550699,100.962890625
08:28:36,912810UB2,TSRYS5810883,D,B,C,2024-06-13,1000000.00,4.55055,100.96484375
08:28:36,912810UB2,TSRYS5810883,D,S,D,2024-06-13,1000000.00,4.55055,100.96484375
08:28:40,912810UB2,TSRYS5810883,D,S,D,2024-06-13,1000000.00,4.55055,100.96484375
08:28:47,912810UB2,TSRYS5810883,D,S,C,2024-06-13,8000000.00,4.550221,100.96915
08:28:55,912810UB2,TSRYS5810883,D,S,T,2024-06-13,1000000.00,4.549357,100.98046875
08:28:55,912810UB2,TSRYS5810883,D,B,C,2024-06-13,1000000.00,4.549357,100.98046875
08:28:55,912810UB2,TSRYS5810883,D,S,D,2024-06-13,1000000.00,4.549357,100.98046875
08:28:55,912810UB2,TSRYS5810883,D,B,C,2024-06-13,1000000.00,4.549364,100.98036875
08:28:55,912810UB2,TSRYS5810883,D,S,D,2024-06-13,1000000.00,4.549349,100.98056875
08:29:00,912810UB2,TSRYS5810883,D,S,D,2024-06-13,1000000.00,4.549357,100.98046875
08:29:03,912810UB2,TSRYS5810883,D,B,C,2024-06-13,2000000.00,4.549058,100.984375
08:29:03,912810UB2,TSRYS5810883,D,S,D,2024-06-13,2000000.00,4.549058,100.984375
08:29:17,912810UB2,TSRYS5810883,D,B,C,2024-06-13,1000000.00,4.54907,100.984225
08:29:17,912810UB2,TSRYS5810883,D,S,D,2024-06-13,1000000.00,4.549058,100.984375
08:29:21,912810UB2,TSRYS5810883,D,S,C,2024-06-13,2000000.00,4.551445,100.953125
08:29:21,912810UB2,TSRYS5810883,D,S,D,2024-06-13,300000.00,4.551445,100.953125
08:30:16,912810UB2,TSRYS5810883,D,B,C,2024-06-13,1000000.00,4.551445,100.953125
08:30:16,912810UB2,TSRYS5810883,D,S,C,2024-06-13,1000000.00,4.551445,100.953125
08:30:25,912810UB2,TSRYS5810883,D,S,C,2024-06-13,1000000.00,4.529997,101.234375
08:30:31,912810UB2,TSRYS5810883,D,B,C,2024-06-13,1000000.00,4.525397,101.294821875
08:30:31,912810UB2,TSRYS5810883,D,S,D,2024-06-13,1000000.00,4.52539,101.294921875
08:30:41,912810UB2,TSRYS5810883,D,S,D,2024-06-13,1000000.00,4.527619,101.265625
08:30:41,912810UB2,TSRYS5810883,D,B,C,2024-06-13,1000000.00,4.527619,101.265625
08:30:48,912810UB2,TSRYS5810883,D,B,C,2024-06-13,1000000.00,4.522122,101.337890625
08:30:48,912810UB2,TSRYS5810883,D,S,C,2024-06-13,1000000.00,4.522122,101.337890625
08:30:49,912810UB2,TSRYS5810883,D,S,D,2024-06-13,1000000.00,4.523459,101.3203125
08:30:49,912810UB2,TSRYS5810883,D,S,T,2024-06-13,1000000.00,4.523459,101.3203125
08:30:49,912810UB2,TSRYS5810883,D,S,D,2024-06-13,1000000.00,4.52331,101.322265625
08:30:49,912810UB2,TSRYS5810883,D,S,T,2024-06-13,1000000.00,4.523756,101.31640625
08:30:49,912810UB2,TSRYS5810883,D,S,D,2024-06-13,1000000.00,4.523459,101.3203125
08:30:49,912810UB2,TSRYS5810883,D,S,D,2024-06-13,1000000.00,4.523459,101.3203125
08:30:51,912810UB2,TSRYS5810883,D,S,D,2024-06-13,1000000.00,4.523756,101.31640625
08:30:54,912810UB2,TSRYS5810883,D,S,D,2024-06-13,1000000.00,4.523459,101.3203125
08:30:56,912810UB2,TSRYS5810883,D,B,C,2024-06-13,1000000.00,4.523459,101.3203125
08:30:56,912810UB2,TSRYS5810883,D,S,D,2024-06-13,1000000.00,4.523459,101.3203125
08:30:58,912810UB2,TSRYS5810883,D,B,C,2024-06-13,1000000.00,4.521974,101.33984375
08:30:58,912810UB2,TSRYS5810883,D,S,C,2024-06-13,1000000.00,4.521974,101.33984375
08:30:58,912810UB2,TSRYS5810883,D,S,T,2024-06-13,1000000.00,4.528808,101.25
08:31:01,912810UB2,TSRYS5810883,D,S,D,2024-06-13,1000000.00,4.523748,101.31650625
08:31:03,912810UB2,TSRYS5810883,D,B,C,2024-06-13,1000000.00,4.528808,101.25
08:31:03,912810UB2,TSRYS5810883,D,S,D,2024-06-13,1000000.00,4.528808,101.25
08:31:03,912810UB2,TSRYS5810883,D,B,C,2024-06-13,1000000.00,4.528821,101.249825
08:31:03,912810UB2,TSRYS5810883,D,S,D,2024-06-13,1000000.00,4.528808,101.25
08:31:04,912810UB2,TSRYS5810883,D,S,D,2024-06-13,1000000.00,4.535947,101.15625
08:31:04,912810UB2,TSRYS5810883,D,B,C,2024-06-13,1000000.00,4.53596,101.156075
08:31:05,912810UB2,TSRYS5810883,D,S,T,2024-06-13,1000000.00,4.521083,101.3515625
08:31:05,912810UB2,TSRYS5810883,D,S,T,2024-06-13,1000000.00,4.521083,101.3515625
08:31:05,912810UB2,TSRYS5810883,D,S,T,2024-06-13,1000000.00,4.521083,101.3515625
08:31:05,912810UB2,TSRYS5810883,D,S,D,2024-06-13,1000000.00,4.521083,101.3515625
08:31:06,912810UB2,TSRYS5810883,D,S,T,2024-06-13,1000000.00,4.521232,101.349609375
08:31:06,912810UB2,TSRYS5810883,D,S,T,2024-06-13,1000000.00,4.521232,101.349609375
08:31:06,912810UB2,TSRYS5810883,D,S,D,2024-06-13,1000000.00,4.521083,101.3515625
08:31:06,912810UB2,TSRYS5810883,D,S,D,2024-06-13,1000000.00,4.521083,101.3515625
08:31:06,912810UB2,TSRYS5810883,D,S,T,2024-06-13,1000000.00,4.521232,101.349609375
08:31:06,912810UB2,TSRYS5810883,D,S,D,2024-06-13,1000000.00,4.521083,101.3515625
08:31:06,912810UB2,TSRYS5810883,D,S,D,2024-06-13,1000000.00,4.521083,101.3515625
08:31:06,912810UB2,TSRYS5810883,D,S,D,2024-06-13,1000000.00,4.521083,101.3515625
08:31:06,912810UB2,TSRYS5810883,D,B,C,2024-06-13,1000000.00,4.521083,101.3515625
08:31:06,912810UB2,TSRYS5810883,D,S,D,2024-06-13,1000000.00,4.521083,101.3515625
08:31:06,912810UB2,TSRYS5810883,D,S,D,2024-06-13,1000000.00,4.521083,101.3515625
08:31:06,912810UB2,TSRYS5810883,D,S,D,2024-06-13,1000000.00,4.521083,101.3515625
08:31:06,912810UB2,TSRYS5810883,D,S,D,2024-06-13,1000000.00,4.521083,101.3515625
08:31:06,912810UB2,TSRYS5810883,D,B,C,2024-06-13,1000000.00,4.52138,101.34765625
08:31:06,912810UB2,TSRYS5810883,D,S,D,2024-06-13,1000000.00,4.521083,101.3515625
08:31:07,912810UB2,TSRYS5810883,D,S,D,2024-06-13,1000000.00,4.521083,101.3515625
08:31:07,912810UB2,TSRYS5810883,D,S,D,2024-06-13,1000000.00,4.521083,101.3515625
08:31:07,912810UB2,TSRYS5810883,D,S,D,2024-06-13,1000000.00,4.52138,101.34765625
08:31:07,912810UB2,TSRYS5810883,D,S,D,2024-06-13,1000000.00,4.521083,101.3515625
08:31:07,912810UB2,TSRYS5810883,D,S,D,2024-06-13,1000000.00,4.521083,101.3515625
08:31:08,912810UB2,TSRYS5810883,D,S,D,2024-06-13,1000000.00,4.521083,101.3515625
08:31:08,912810UB2,TSRYS5810883,D,B,C,2024-06-13,3000000.00,4.52435,101.30859375
08:31:08,912810UB2,TSRYS5810883,D,S,D,2024-06-13,1000000.00,4.521083,101.3515625
08:31:08,912810UB2,TSRYS5810883,D,S,D,2024-06-13,1000000.00,4.521083,101.3515625
08:31:09,912810UB2,TSRYS5810883,D,S,D,2024-06-13,1000000.00,4.521083,101.3515625
08:31:10,912810UB2,TSRYS5810883,D,S,D,2024-06-13,1000000.00,4.521083,101.3515625
08:31:10,912810UB2,TSRYS5810883,D,S,D,2024-06-13,1000000.00,4.521083,101.3515625
08:31:10,912810UB2,TSRYS5810883,D,S,D,2024-06-13,1000000.00,4.521083,101.3515625
08:31:10,912810UB2,TSRYS5810883,D,S,D,2024-06-13,1000000.00,4.521232,101.349609375
08:31:10,912810UB2,TSRYS5810883,D,S,D,2024-06-13,1000000.00,4.521232,101.349609375
08:31:10,912810UB2,TSRYS5810883,D,S,D,2024-06-13,1000000.00,4.521232,101.349609375
08:31:20,912810UB2,TSRYS5810883,D,B,C,2024-06-13,1000000.00,4.524076,101.3122
08:31:20,912810UB2,TSRYS5810883,D,S,D,2024-06-13,1000000.00,4.524053,101.3125
08:31:30,912810UB2,TSRYS5810883,D,B,C,2024-06-13,2000000.00,4.529997,101.234375
08:31:32,912810UB2,TSRYS5810883,D,S,D,2024-06-13,1000000.00,4.521083,101.3515625
08:31:33,912810UB2,TSRYS5810883,D,S,C,2024-06-13,1000000.00,4.520192,101.36328125
08:31:33,912810UB2,TSRYS5810883,D,S,C,2024-06-13,1000000.00,4.520192,101.36328125
08:31:33,912810UB2,TSRYS5810883,D,S,C,2024-06-13,1000000.00,4.520192,101.36328125
08:31:33,912810UB2,TSRYS5810883,D,B,C,2024-06-13,1000000.00,4.519599,101.37109375
08:31:33,912810UB2,TSRYS5810883,D,S,C,2024-06-13,1000000.00,4.520489,101.359375
08:31:33,912810UB2,TSRYS5810883,D,S,D,2024-06-13,1000000.00,4.519599,101.37109375
08:31:34,912810UB2,TSRYS5810883,D,S,C,2024-06-13,1000000.00,4.519599,101.37109375
08:31:34,912810UB2,TSRYS5810883,D,S,T,2024-06-13,1000000.00,4.519606,101.37099375
08:31:34,912810UB2,TSRYS5810883,D,B,C,2024-06-13,1000000.00,4.519599,101.37109375
08:31:34,912810UB2,TSRYS5810883,D,S,D,2024-06-13,1000000.00,4.519599,101.37109375
08:31:34,912810UB2,TSRYS5810883,D,B,C,2024-06-13,1000000.00,4.519599,101.37109375
08:31:34,912810UB2,TSRYS5810883,D,S,D,2024-06-13,1000000.00,4.519599,101.37109375
08:31:34,912810UB2,TSRYS5810883,D,B,C,2024-06-13,1000000.00,4.519599,101.37109375
08:31:34,912810UB2,TSRYS5810883,D,S,D,2024-06-13,1000000.00,4.519599,101.37109375
08:31:34,912810UB2,TSRYS5810883,D,B,C,2024-06-13,1000000.00,4.519599,101.37109375
08:31:34,912810UB2,TSRYS5810883,D,S,D,2024-06-13,1000000.00,4.519599,101.37109375
08:31:34,912810UB2,TSRYS5810883,D,S,C,2024-06-13,157000.00,4.521974,101.33984375
08:31:35,912810UB2,TSRYS5810883,D,B,C,2024-06-13,1000000.00,4.5312,101.218575
08:31:36,912810UB2,TSRYS5810883,D,S,D,2024-06-13,1000000.00,4.532376,101.203125
08:31:36,912810UB2,TSRYS5810883,D,B,C,2024-06-13,1000000.00,4.532389,101.20295
08:31:36,912810UB2,TSRYS5810883,D,S,C,2024-06-13,2000000.00,4.529985,101.234525
08:31:36,912810UB2,TSRYS5810883,D,B,C,2024-06-13,2000000.00,4.53001,101.2342
08:31:36,912810UB2,TSRYS5810883,D,B,C,2024-06-13,1000000.00,4.53001,101.2342
08:31:36,912810UB2,TSRYS5810883,D,S,C,2024-06-13,1000000.00,4.529985,101.234525
08:31:36,912810UB2,TSRYS5810883,D,B,C,2024-06-13,1000000.00,4.526443,101.281075
08:31:36,912810UB2,TSRYS5810883,D,S,C,2024-06-13,1000000.00,4.526418,101.2814
08:31:37,912810UB2,TSRYS5810883,D,S,D,2024-06-13,1000000.00,4.520489,101.359375
08:31:37,912810UB2,TSRYS5810883,D,B,C,2024-06-13,1000000.00,4.520503,101.3592
08:31:37,912810UB2,TSRYS5810883,D,B,C,2024-06-13,1000000.00,4.521677,101.34375
08:31:38,912810UB2,TSRYS5810883,D,S,D,2024-06-13,1000000.00,4.520489,101.359375
08:31:38,912810UB2,TSRYS5810883,D,S,C,2024-06-13,1000000.00,4.520489,101.359375
08:31:38,912810UB2,TSRYS5810883,D,S,C,2024-06-13,1000000.00,4.520489,101.359375
08:31:38,912810UB2,TSRYS5810883,D,S,C,2024-06-13,1000000.00,4.520489,101.359375
08:31:38,912810UB2,TSRYS5810883,D,S,C,2024-06-13,1000000.00,4.520489,101.359375
08:31:39,912810UB2,TSRYS5810883,D,S,D,2024-06-13,1000000.00,4.520489,101.359375
08:31:39,912810UB2,TSRYS5810883,D,S,D,2024-06-13,1000000.00,4.520489,101.359375
08:31:39,912810UB2,TSRYS5810883,D,S,D,2024-06-13,1000000.00,4.520489,101.359375
08:31:39,912810UB2,TSRYS5810883,D,B,C,2024-06-13,1000000.00,4.520489,101.359375
08:31:39,912810UB2,TSRYS5810883,D,S,D,2024-06-13,1000000.00,4.520489,101.359375
08:31:39,912810UB2,TSRYS5810883,D,S,D,2024-06-13,1000000.00,4.520489,101.359375
08:31:39,912810UB2,TSRYS5810883,D,S,D,2024-06-13,1000000.00,4.520489,101.359375
08:31:39,912810UB2,TSRYS5810883,D,S,D,2024-06-13,1000000.00,4.520489,101.359375
08:31:39,912810UB2,TSRYS5810883,D,S,D,2024-06-13,1000000.00,4.520489,101.359375
08:31:39,912810UB2,TSRYS5810883,D,S,D,2024-06-13,1000000.00,4.520489,101.359375
08:31:39,912810UB2,TSRYS5810883,D,S,D,2024-06-13,1000000.00,4.520489,101.359375
08:31:39,912810UB2,TSRYS5810883,D,S,D,2024-06-13,1000000.00,4.520489,101.359375
08:31:39,912810UB2,TSRYS5810883,D,S,D,2024-06-13,1000000.00,4.520489,101.359375
08:31:39,912810UB2,TSRYS5810883,D,S,C,2024-06-13,1000000.00,4.520341,101.361328125
08:31:39,912810UB2,TSRYS5810883,D,S,D,2024-06-13,1000000.00,4.520192,101.36328125
08:31:41,912810UB2,TSRYS5810883,D,S,C,2024-06-13,1000000.00,4.520935,101.353515625
08:31:41,912810UB2,TSRYS5810883,D,B,C,2024-06-13,1000000.00,4.520935,101.353515625
08:31:42,912810UB2,TSRYS5810883,D,B,C,2024-06-13,1000000.00,4.515741,101.421875
08:31:42,912810UB2,TSRYS5810883,D,S,D,2024-06-13,1000000.00,4.515741,101.421875
08:31:42,912810UB2,TSRYS5810883,D,S,D,2024-06-13,1000000.00,4.515741,101.421875
08:31:42,912810UB2,TSRYS5810883,D,S,D,2024-06-13,1000000.00,4.515593,101.423828125
08:31:42,912810UB2,TSRYS5810883,D,B,C,2024-06-13,1000000.00,4.515741,101.421875
08:31:43,912810UB2,TSRYS5810883,D,S,T,2024-06-13,1000000.00,4.515741,101.421875
08:31:43,912810UB2,TSRYS5810883,D,S,T,2024-06-13,1000000.00,4.515593,101.423828125
08:31:43,912810UB2,TSRYS5810883,D,S,D,2024-06-13,1000000.00,4.515593,101.423828125
08:31:47,912810UB2,TSRYS5810883,D,B,C,2024-06-13,1000000.00,4.515741,101.421875
08:31:47,912810UB2,TSRYS5810883,D,S,D,2024-06-13,1000000.00,4.515741,101.421875
08:31:48,912810UB2,TSRYS5810883,D,S,D,2024-06-13,1000000.00,4.515741,101.421875
08:31:48,912810UB2,TSRYS5810883,D,S,T,2024-06-13,1000000.00,4.519896,101.3671875
08:31:48,912810UB2,TSRYS5810883,D,S,D,2024-06-13,1000000.00,4.515593,101.423828125
08:31:48,912810UB2,TSRYS5810883,D,S,T,2024-06-13,1000000.00,4.519896,101.3671875
08:31:48,912810UB2,TSRYS5810883,D,S,T,2024-06-13,1000000.00,4.519896,101.3671875
08:31:48,912810UB2,TSRYS5810883,D,S,T,2024-06-13,1000000.00,4.516928,101.40625
08:31:48,912810UB2,TSRYS5810883,D,S,T,2024-06-13,1000000.00,4.516928,101.40625
08:31:48,912810UB2,TSRYS5810883,D,S,C,2024-06-13,1000000.00,4.519599,101.37109375
08:31:52,912810UB2,TSRYS5810883,D,B,C,2024-06-13,1000000.00,4.528821,101.249825
08:31:52,912810UB2,TSRYS5810883,D,S,C,2024-06-13,1000000.00,4.52879,101.250225
08:31:52,912810UB2,TSRYS5810883,D,B,C,2024-06-13,1000000.00,4.525254,101.2967
08:31:52,912810UB2,TSRYS5810883,D,S,D,2024-06-13,1000000.00,4.525241,101.296875
08:31:52,912810UB2,TSRYS5810883,D,S,D,2024-06-13,1000000.00,4.525241,101.296875
08:31:52,912810UB2,TSRYS5810883,D,B,C,2024-06-13,1000000.00,4.525254,101.2967
08:31:52,912810UB2,TSRYS5810883,D,S,C,2024-06-13,1000000.00,4.519896,101.3671875
08:31:52,912810UB2,TSRYS5810883,D,S,C,2024-06-13,1000000.00,4.519896,101.3671875
08:31:53,912810UB2,TSRYS5810883,D,S,D,2024-06-13,1000000.00,4.531186,101.21875
08:31:53,912810UB2,TSRYS5810883,D,B,C,2024-06-13,1000000.00,4.5312,101.218575
08:31:53,912810UB2,TSRYS5810883,D,S,C,2024-06-13,1000000.00,4.519888,101.3672875
08:31:53,912810UB2,TSRYS5810883,D,S,C,2024-06-13,1000000.00,4.521665,101.3439
08:31:53,912810UB2,TSRYS5810883,D,B,C,2024-06-13,1000000.00,4.5217,101.34345
08:31:53,912810UB2,TSRYS5810883,D,S,C,2024-06-13,1000000.00,4.520489,101.359375
08:31:53,912810UB2,TSRYS5810883,D,B,C,2024-06-13,1000000.00,4.520503,101.3592
08:31:53,912810UB2,TSRYS5810883,D,B,C,2024-06-13,1000000.00,4.521677,101.34375
08:31:53,912810UB2,TSRYS5810883,D,S,C,2024-06-13,1000000.00,4.521662,101.34395
08:31:53,912810UB2,TSRYS5810883,D,S,C,2024-06-13,1000000.00,4.521662,101.34395
08:31:53,912810UB2,TSRYS5810883,D,B,C,2024-06-13,1000000.00,4.521677,101.34375
08:31:53,912810UB2,TSRYS5810883,D,S,C,2024-06-13,1000000.00,4.521677,101.34375
08:31:54,912810UB2,TSRYS5810883,D,S,C,2024-06-13,1000000.00,4.525226,101.297075
08:31:54,912810UB2,TSRYS5810883,D,B,C,2024-06-13,1000000.00,4.525241,101.296875
08:31:54,912810UB2,TSRYS5810883,D,S,C,2024-06-13,1000000.00,4.528794,101.250175
08:31:55,912810UB2,TSRYS5810883,D,S,C,2024-06-13,1000000.00,4.51692,101.40635
08:31:56,912810UB2,TSRYS5810883,D,S,C,2024-06-13,1000000.00,4.516928,101.40625
08:31:57,912810UB2,TSRYS5810883,D,B,C,2024-06-13,2000000.00,4.518412,101.38671875
08:31:57,912810UB2,TSRYS5810883,D,S,D,2024-06-13,2000000.00,4.518412,101.38671875
08:31:57,912810UB2,TSRYS5810883,D,S,C,2024-06-13,1000000.00,4.515741,101.421875
08:31:57,912810UB2,TSRYS5810883,D,S,C,2024-06-13,1000000.00,4.515445,101.42578125
08:31:57,912810UB2,TSRYS5810883,D,S,D,2024-06-13,1000000.00,4.515445,101.42578125
08:31:57,912810UB2,TSRYS5810883,D,S,D,2024-06-13,1000000.00,4.515445,101.42578125
08:31:58,912810UB2,TSRYS5810883,D,S,C,2024-06-13,1000000.00,4.515741,101.421875
08:31:58,912810UB2,TSRYS5810883,D,S,T,2024-06-13,1000000.00,4.515741,101.421875
08:31:58,912810UB2,TSRYS5810883,D,S,T,2024-06-13,1000000.00,4.515445,101.42578125
08:31:58,912810UB2,TSRYS5810883,D,S,T,2024-06-13,1000000.00,4.515741,101.421875
08:31:58,912810UB2,TSRYS5810883,D,S,T,2024-06-13,1000000.00,4.515445,101.42578125
08:31:58,912810UB2,TSRYS5810883,D,S,T,2024-06-13,1000000.00,4.515445,101.42578125
08:31:58,912810UB2,TSRYS5810883,D,S,T,2024-06-13,1000000.00,4.515741,101.421875
08:31:58,912810UB2,TSRYS5810883,D,S,D,2024-06-13,1000000.00,4.515741,101.421875
08:31:58,912810UB2,TSRYS5810883,D,S,T,2024-06-13,1000000.00,4.515445,101.42578125
08:31:58,912810UB2,TSRYS5810883,D,S,T,2024-06-13,1000000.00,4.515741,101.421875
08:31:58,912810UB2,TSRYS5810883,D,S,T,2024-06-13,1000000.00,4.515741,101.421875
08:31:58,912810UB2,TSRYS5810883,D,S,T,2024-06-13,1000000.00,4.515741,101.421875
08:31:58,912810UB2,TSRYS5810883,D,S,T,2024-06-13,1000000.00,4.516928,101.40625
08:31:58,912810UB2,TSRYS5810883,D,S,T,2024-06-13,2000000.00,4.516631,101.41015625
08:31:59,912810UB2,TSRYS5810883,D,B,C,2024-06-13,1000000.00,4.520935,101.35351562
08:31:59,912810UB2,TSRYS5810883,D,S,T,2024-06-13,1000000.00,4.517818,101.39453125
08:31:59,912810UB2,TSRYS5810883,D,S,T,2024-06-13,1000000.00,4.516928,101.40625
08:31:59,912810UB2,TSRYS5810883,D,S,T,2024-06-13,2000000.00,4.516928,101.40625
08:31:59,912810UB2,TSRYS5810883,D,S,T,2024-06-13,1000000.00,4.516928,101.40625
08:32:00,912810UB2,TSRYS5810883,D,S,D,2024-06-13,1000000.00,4.515445,101.42578125
08:32:01,912810UB2,TSRYS5810883,D,S,D,2024-06-13,1000000.00,4.515741,101.421875
08:32:01,912810UB2,TSRYS5810883,D,S,D,2024-06-13,1000000.00,4.515741,101.421875
08:32:01,912810UB2,TSRYS5810883,D,S,D,2024-06-13,1000000.00,4.515741,101.421875
08:32:03,912810UB2,TSRYS5810883,D,S,C,2024-06-13,1000000.00,4.516928,101.40625
08:32:04,912810UB2,TSRYS5810883,D,S,D,2024-06-13,2000000.00,4.516631,101.41015625
08:32:06,912810UB2,TSRYS5810883,D,S,D,2024-06-13,1000000.00,4.532376,101.203125
08:32:06,912810UB2,TSRYS5810883,D,B,C,2024-06-13,1000000.00,4.532389,101.20295
08:32:06,912810UB2,TSRYS5810883,D,S,D,2024-06-13,1000000.00,4.531186,101.21875
08:32:06,912810UB2,TSRYS5810883,D,B,C,2024-06-13,1000000.00,4.5312,101.218575
08:32:06,912810UB2,TSRYS5810883,D,S,D,2024-06-13,1000000.00,4.531186,101.21875
08:32:06,912810UB2,TSRYS5810883,D,B,C,2024-06-13,1000000.00,4.5312,101.218575
08:32:07,912810UB2,TSRYS5810883,D,S,C,2024-06-13,1000000.00,4.51781,101.39463125
08:32:07,912810UB2,TSRYS5810883,D,S,C,2024-06-13,1000000.00,4.522865,101.328125
08:32:07,912810UB2,TSRYS5810883,D,B,C,2024-06-13,1000000.00,4.522878,101.32795
08:32:07,912810UB2,TSRYS5810883,D,S,C,2024-06-13,1000000.00,4.522865,101.328125
08:32:07,912810UB2,TSRYS5810883,D,B,C,2024-06-13,1000000.00,4.522888,101.327825
08:32:08,912810UB2,TSRYS5810883,D,S,C,2024-06-13,2000000.00,4.51692,101.40635
08:32:08,912810UB2,TSRYS5810883,D,S,T,2024-06-13,1000000.00,4.516335,101.4140625
08:32:08,912810UB2,TSRYS5810883,D,S,C,2024-06-13,1000000.00,4.516928,101.40625
08:32:09,912810UB2,TSRYS5810883,D,S,D,2024-06-13,1000000.00,4.516928,101.40625
08:32:09,912810UB2,TSRYS5810883,D,S,D,2024-06-13,1000000.00,4.514851,101.43359375
08:32:15,912810UB2,TSRYS5810883,D,S,D,2024-06-13,2000000.00,4.516928,101.40625
08:32:15,912810UB2,TSRYS5810883,D,S,C,2024-06-13,1000000.00,4.516928,101.40625
08:32:18,912810UB2,TSRYS5810883,D,S,T,2024-06-13,1000000.00,4.516928,101.40625
08:32:18,912810UB2,TSRYS5810883,D,S,T,2024-06-13,1000000.00,4.516928,101.40625
08:32:18,912810UB2,TSRYS5810883,D,S,T,2024-06-13,1000000.00,4.516928,101.40625
08:32:18,912810UB2,TSRYS5810883,D,S,T,2024-06-13,1000000.00,4.515148,101.4296875
08:32:18,912810UB2,TSRYS5810883,D,S,T,2024-06-13,1000000.00,4.515148,101.4296875
08:32:21,912810UB2,TSRYS5810883,D,S,D,2024-06-13,1000000.00,4.531186,101.21875
08:32:22,912810UB2,TSRYS5810883,D,S,D,2024-06-13,1000000.00,4.522865,101.328125
08:32:22,912810UB2,TSRYS5810883,D,B,C,2024-06-13,1000000.00,4.522878,101.32795
08:32:22,912810UB2,TSRYS5810883,D,B,C,2024-06-13,1000000.00,4.514703,101.435546875
08:32:22,912810UB2,TSRYS5810883,D,S,D,2024-06-13,1000000.00,4.514703,101.435546875
08:32:24,912810UB2,TSRYS5810883,D,B,C,2024-06-13,1000000.00,4.515741,101.421875
08:32:24,912810UB2,TSRYS5810883,D,B,C,2024-06-13,1000000.00,4.515593,101.42382812
08:32:28,912810UB2,TSRYS5810883,D,S,D,2024-06-13,1000000.00,4.516335,101.4140625
08:32:28,912810UB2,TSRYS5810883,D,S,T,2024-06-13,1000000.00,4.515148,101.4296875
08:32:28,912810UB2,TSRYS5810883,D,S,T,2024-06-13,1000000.00,4.515148,101.4296875
08:32:28,912810UB2,TSRYS5810883,D,S,T,2024-06-13,1000000.00,4.513369,101.453125
08:32:34,912810UB2,TSRYS5810883,D,B,C,2024-06-13,1000000.00,4.521083,101.3515625
08:32:34,912810UB2,TSRYS5810883,D,S,D,2024-06-13,3500000.00,4.509812,101.5
08:32:35,912810UB2,TSRYS5810883,D,B,C,2024-06-13,1000000.00,4.521232,101.34960937
08:32:36,912810UB2,TSRYS5810883,D,S,D,2024-06-13,1000000.00,4.510108,101.49609375
08:32:37,912810UB2,TSRYS5810883,D,B,C,2024-06-13,1000000.00,4.521083,101.3515625
08:32:37,912810UB2,TSRYS5810883,D,S,D,2024-06-13,1000000.00,4.515148,101.4296875
08:32:38,912810UB2,TSRYS5810883,D,S,D,2024-06-13,1000000.00,4.515148,101.4296875
08:32:38,912810UB2,TSRYS5810883,D,S,T,2024-06-13,1000000.00,4.512183,101.46875
08:32:39,912810UB2,TSRYS5810883,D,S,T,2024-06-13,1000000.00,4.512183,101.46875
08:32:39,912810UB2,TSRYS5810883,D,S,T,2024-06-13,1000000.00,4.512183,101.46875
08:32:39,912810UB2,TSRYS5810883,D,S,T,2024-06-13,1000000.00,4.510404,101.4921875
08:32:39,912810UB2,TSRYS5810883,D,S,C,2024-06-13,1000000.00,4.524038,101.3127
08:32:39,912810UB2,TSRYS5810883,D,B,C,2024-06-13,1000000.00,4.524066,101.312325
08:32:39,912810UB2,TSRYS5810883,D,B,C,2024-06-13,1000000.00,4.519154,101.37695312
08:32:39,912810UB2,TSRYS5810883,D,B,C,2024-06-13,1000000.00,4.519154,101.37695312
08:32:41,912810UB2,TSRYS5810883,D,S,D,2024-06-13,1000000.00,4.515741,101.421875
08:32:41,912810UB2,TSRYS5810883,D,B,C,2024-06-13,1000000.00,4.515755,101.4217
08:32:41,912810UB2,TSRYS5810883,D,B,C,2024-06-13,1000000.00,4.519302,101.375
08:32:46,912810UB2,TSRYS5810883,D,S,D,2024-06-13,1000000.00,4.515148,101.4296875
08:32:47,912810UB2,TSRYS5810883,D,S,D,2024-06-13,1000000.00,4.515148,101.4296875
08:32:48,912810UB2,TSRYS5810883,D,B,C,2024-06-13,1000000.00,4.519302,101.375
08:32:48,912810UB2,TSRYS5810883,D,S,T,2024-06-13,1000000.00,4.510404,101.4921875
08:32:49,912810UB2,TSRYS5810883,D,S,D,2024-06-13,1000000.00,4.520192,101.36328125
08:32:49,912810UB2,TSRYS5810883,D,S,D,2024-06-13,1000000.00,4.520192,101.36328125
08:32:49,912810UB2,TSRYS5810883,D,S,D,2024-06-13,1000000.00,4.520192,101.36328125
08:32:50,912810UB2,TSRYS5810883,D,B,C,2024-06-13,1000000.00,4.510108,101.49609375
08:32:50,912810UB2,TSRYS5810883,D,S,D,2024-06-13,1000000.00,4.510108,101.49609375
08:32:51,912810UB2,TSRYS5810883,D,S,D,2024-06-13,1000000.00,4.520489,101.359375
08:32:53,912810UB2,TSRYS5810883,D,S,T,2024-06-13,1000000.00,4.520489,101.359375
08:32:53,912810UB2,TSRYS5810883,D,S,D,2024-06-13,1000000.00,4.520489,101.359375
08:32:53,912810UB2,TSRYS5810883,D,S,T,2024-06-13,1000000.00,4.520489,101.359375
08:32:55,912810UB2,TSRYS5810883,D,S,T,2024-06-13,1000000.00,4.520489,101.359375
08:32:55,912810UB2,TSRYS5810883,D,S,T,2024-06-13,1000000.00,4.520489,101.359375
08:32:56,912810UB2,TSRYS5810883,D,B,C,2024-06-13,1000000.00,4.522878,101.32795
08:32:56,912810UB2,TSRYS5810883,D,S,C,2024-06-13,1000000.00,4.522865,101.328125
08:32:56,912810UB2,TSRYS5810883,D,B,C,2024-06-13,1000000.00,4.519302,101.375
08:32:56,912810UB2,TSRYS5810883,D,B,C,2024-06-13,1000000.00,4.519154,101.37695312
08:32:57,912810UB2,TSRYS5810883,D,S,T,2024-06-13,1000000.00,4.520489,101.359375
08:32:57,912810UB2,TSRYS5810883,D,S,T,2024-06-13,1000000.00,4.520489,101.359375
08:32:58,912810UB2,TSRYS5810883,D,S,D,2024-06-13,1000000.00,4.514555,101.4375
08:32:58,912810UB2,TSRYS5810883,D,B,C,2024-06-13,1000000.00,4.514568,101.437325
08:32:58,912810UB2,TSRYS5810883,D,S,T,2024-06-13,2000000.00,4.509812,101.5
08:32:58,912810UB2,TSRYS5810883,D,S,T,2024-06-13,2000000.00,4.509812,101.5
08:32:58,912810UB2,TSRYS5810883,D,S,T,2024-06-13,1000000.00,4.509812,101.5
08:32:59,912810UB2,TSRYS5810883,D,S,T,2024-06-13,1000000.00,4.509812,101.5
08:32:59,912810UB2,TSRYS5810883,D,S,D,2024-06-13,1000000.00,4.513369,101.453125
08:32:59,912810UB2,TSRYS5810883,D,S,T,2024-06-13,1000000.00,4.520489,101.359375
08:33:00,912810UB2,TSRYS5810883,D,B,C,2024-06-13,1000000.00,4.515741,101.421875
08:33:01,912810UB2,TSRYS5810883,D,B,C,2024-06-13,1000000.00,4.507738,101.52734375
08:33:01,912810UB2,TSRYS5810883,D,S,D,2024-06-13,1000000.00,4.507738,101.52734375
08:33:01,912810UB2,TSRYS5810883,D,S,T,2024-06-13,1000000.00,4.520489,101.359375
08:33:01,912810UB2,TSRYS5810883,D,S,T,2024-06-13,1000000.00,4.520489,101.359375
08:33:02,912810UB2,TSRYS5810883,D,B,C,2024-06-13,1000000.00,4.515741,101.421875
08:33:03,912810UB2,TSRYS5810883,D,S,T,2024-06-13,1000000.00,4.520489,101.359375
08:33:03,912810UB2,TSRYS5810883,D,S,T,2024-06-13,1000000.00,4.520489,101.359375
08:33:03,912810UB2,TSRYS5810883,D,S,T,2024-06-13,1000000.00,4.520489,101.359375
08:33:05,912810UB2,TSRYS5810883,D,S,T,2024-06-13,1000000.00,4.520489,101.359375
08:33:05,912810UB2,TSRYS5810883,D,S,T,2024-06-13,1000000.00,4.520489,101.359375
08:33:06,912810UB2,TSRYS5810883,D,S,T,2024-06-13,1000000.00,4.520489,101.359375
08:33:08,912810UB2,TSRYS5810883,D,S,T,2024-06-13,2000000.00,4.509812,101.5
08:33:08,912810UB2,TSRYS5810883,D,S,T,2024-06-13,1000000.00,4.508627,101.515625
08:33:09,912810UB2,TSRYS5810883,D,S,T,2024-06-13,1000000.00,4.520489,101.359375
08:33:09,912810UB2,TSRYS5810883,D,S,T,2024-06-13,1000000.00,4.520341,101.36132812
08:33:09,912810UB2,TSRYS5810883,D,S,D,2024-06-13,1000000.00,4.519599,101.37109375
08:33:09,912810UB2,TSRYS5810883,D,S,T,2024-06-13,1000000.00,4.520192,101.36328125
08:33:11,912810UB2,TSRYS5810883,D,S,C,2024-06-13,1000000.00,4.520489,101.359375
08:33:11,912810UB2,TSRYS5810883,D,B,C,2024-06-13,1000000.00,4.520503,101.3592
08:33:12,912810UB2,TSRYS5810883,D,S,C,2024-06-13,1000000.00,4.515741,101.421875
08:33:12,912810UB2,TSRYS5810883,D,B,C,2024-06-13,1000000.00,4.515755,101.4217
08:33:13,912810UB2,TSRYS5810883,D,S,D,2024-06-13,1000000.00,4.512183,101.46875
08:33:19,912810UB2,TSRYS5810883,D,S,T,2024-06-13,1000000.00,4.506849,101.5390625
08:33:19,912810UB2,TSRYS5810883,D,S,T,2024-06-13,1000000.00,4.506849,101.5390625
08:33:20,912810UB2,TSRYS5810883,D,S,C,2024-06-13,1000000.00,4.512175,101.46885
08:33:21,912810UB2,TSRYS5810883,D,S,C,2024-06-13,1000000.00,4.512175,101.46885
08:33:22,912810UB2,TSRYS5810883,D,S,C,2024-06-13,1000000.00,4.510404,101.4921875
08:33:26,912810UB2,TSRYS5810883,D,S,C,2024-06-13,4000000.00,4.506502,101.54296875
08:33:27,912810UB2,TSRYS5810883,D,S,C,2024-06-13,1000000.00,4.525218,101.297175
08:33:27,912810UB2,TSRYS5810883,D,B,C,2024-06-13,1000000.00,4.525254,101.2967
08:33:37,912810UB2,TSRYS5810883,D,S,C,2024-06-13,1000000.00,4.510397,101.4922875
08:33:38,912810UB2,TSRYS5810883,D,S,C,2024-06-13,2000000.00,4.509812,101.5
08:33:38,912810UB2,TSRYS5810883,D,S,C,2024-06-13,2000000.00,4.509812,101.5
08:33:38,912810UB2,TSRYS5810883,D,S,T,2024-06-13,1000000.00,4.508627,101.515625
08:33:41,912810UB2,TSRYS5810883,D,S,C,2024-06-13,1000000.00,4.509812,101.5
08:33:43,912810UB2,TSRYS5810883,D,S,C,2024-06-13,1000000.00,4.54427,101.0471
08:33:44,912810UB2,TSRYS5810883,D,B,C,2024-06-13,1000000.00,4.544301,101.0467
08:33:44,912810UB2,TSRYS5810883,D,S,C,2024-06-13,1000000.00,4.525218,101.297175
08:33:44,912810UB2,TSRYS5810883,D,B,C,2024-06-13,1000000.00,4.525254,101.2967
08:33:44,912810UB2,TSRYS5810883,D,B,C,2024-06-13,1000000.00,4.510997,101.484375
08:33:44,912810UB2,TSRYS5810883,D,S,C,2024-06-13,1000000.00,4.510982,101.484575
08:33:46,912810UB2,TSRYS5810883,D,S,D,2024-06-13,1000000.00,4.509812,101.5
08:33:46,912810UB2,TSRYS5810883,D,S,C,2024-06-13,2000000.00,4.509812,101.5
08:33:47,912810UB2,TSRYS5810883,D,S,D,2024-06-13,1000000.00,4.508627,101.515625
08:33:48,912810UB2,TSRYS5810883,D,B,C,2024-06-13,1000000.00,4.510404,101.4921875
08:33:49,912810UB2,TSRYS5810883,D,S,T,2024-06-13,2000000.00,4.507442,101.53125
08:33:49,912810UB2,TSRYS5810883,D,S,T,2024-06-13,2000000.00,4.507442,101.53125
08:33:49,912810UB2,TSRYS5810883,D,S,T,2024-06-13,1000000.00,4.507442,101.53125
08:33:58,912810UB2,TSRYS5810883,D,S,C,2024-06-13,1000000.00,4.525218,101.297175
08:33:58,912810UB2,TSRYS5810883,D,B,C,2024-06-13,1000000.00,4.525254,101.2967
08:33:58,912810UB2,TSRYS5810883,D,B,C,2024-06-13,1000000.00,4.511012,101.484175
08:33:58,912810UB2,TSRYS5810883,D,S,C,2024-06-13,1000000.00,4.510997,101.484375
08:33:58,912810UB2,TSRYS5810883,D,B,C,2024-06-13,1000000.00,4.509827,101.4998
08:33:58,912810UB2,TSRYS5810883,D,S,C,2024-06-13,1000000.00,4.5098,101.50015
08:33:58,912810UB2,TSRYS5810883,D,B,C,2024-06-13,1000000.00,4.509825,101.499825
08:33:59,912810UB2,TSRYS5810883,D,S,C,2024-06-13,1000000.00,4.508627,101.515625
08:33:59,912810UB2,TSRYS5810883,D,B,C,2024-06-13,1000000.00,4.508642,101.515425
08:34:00,912810UB2,TSRYS5810883,D,S,D,2024-06-13,1000000.00,4.506849,101.5390625
08:34:00,912810UB2,TSRYS5810883,D,S,C,2024-06-13,1000000.00,4.506849,101.5390625
08:34:07,912810UB2,TSRYS5810883,D,S,C,2024-06-13,1000000.00,4.508627,101.515625
08:34:09,912810UB2,TSRYS5810883,D,B,C,2024-06-13,1000000.00,4.504628,101.568359375
08:34:09,912810UB2,TSRYS5810883,D,B,C,2024-06-13,1000000.00,4.504628,101.568359375
08:34:11,912810UB2,TSRYS5810883,D,S,C,2024-06-13,2000000.00,4.507442,101.53125
08:34:12,912810UB2,TSRYS5810883,D,S,C,2024-06-13,1000000.00,4.509812,101.5
08:34:12,912810UB2,TSRYS5810883,D,S,C,2024-06-13,2000000.00,4.507442,101.53125
08:34:14,912810UB2,TSRYS5810883,D,S,C,2024-06-13,2000000.00,4.508627,101.515625
08:34:14,912810UB2,TSRYS5810883,D,B,C,2024-06-13,2000000.00,4.508627,101.515625
08:34:14,912810UB2,TSRYS5810883,D,B,C,2024-06-13,1000000.00,4.508627,101.515625
08:34:14,912810UB2,TSRYS5810883,D,B,C,2024-06-13,1000000.00,4.508627,101.515625
08:34:14,912810UB2,TSRYS5810883,D,S,C,2024-06-13,1000000.00,4.508611,101.515825
08:34:14,912810UB2,TSRYS5810883,D,S,C,2024-06-13,1000000.00,4.508611,101.515825
08:34:14,912810UB2,TSRYS5810883,D,S,C,2024-06-13,1000000.00,4.507442,101.53125
08:34:16,912810UB2,TSRYS5810883,D,S,C,2024-06-13,1000000.00,4.508627,101.515625
08:34:17,912810UB2,TSRYS5810883,D,B,C,2024-06-13,1000000.00,4.508627,101.515625
08:34:24,912810UB2,TSRYS5810883,D,S,C,2024-06-13,1000000.00,4.504776,101.56640625
08:34:24,912810UB2,TSRYS5810883,D,B,C,2024-06-13,1000000.00,4.504776,101.56640625
08:34:26,912810UB2,TSRYS5810883,D,S,T,2024-06-13,1000000.00,4.503888,101.578125
08:34:26,912810UB2,TSRYS5810883,D,S,T,2024-06-13,1000000.00,4.503888,101.578125
08:34:30,912810UB2,TSRYS5810883,D,S,T,2024-06-13,1000000.00,4.50448,101.5703125
08:34:32,912810UB2,TSRYS5810883,D,S,C,2024-06-13,1000000.00,4.507426,101.53145
08:34:32,912810UB2,TSRYS5810883,D,B,C,2024-06-13,1000000.00,4.507455,101.531075
