tradeTime,cusip,issueSymbolIdentifier,priceType,reportingSideCode,contraPartyTypeCode,tradeDate,reportedTradeVolume,lastSaleYield,lastSalePrice
08:00:03,912810UD8,TSRYS5870973,D,S,T,2024-09-10,1000000.00,4.089751,100.474609375
08:00:03,912810UD8,TSRYS5870973,D,S,T,2024-09-10,1000000.00,4.094211,100.4140625
08:00:03,912810UD8,TSRYS5870973,D,S,D,2024-09-10,1000000.00,4.092484,100.4375
08:00:03,912810UD8,TSRYS5870973,D,S,D,2024-09-10,1000000.00,4.081128,100.591796875
08:00:03,912810UD8,TSRYS5870973,D,S,T,2024-09-10,1000000.00,4.081272,100.58984375
08:00:03,912810UD8,TSRYS5870973,D,S,D,2024-09-10,1000000.00,4.08357,100.55859375
08:00:03,912810UD8,TSRYS5870973,D,S,T,2024-09-10,1000000.00,4.082708,100.5703125
08:00:03,912810UD8,TSRYS5870973,D,S,T,2024-09-10,1000000.00,4.083139,100.564453125
08:00:03,912810UD8,TSRYS5870973,D,S,T,2024-09-10,1000000.00,4.080123,100.60546875
08:00:03,912810UD8,TSRYS5870973,D,S,T,2024-09-10,1000000.00,4.079979,100.607421875
08:00:03,912810UD8,TSRYS5870973,D,S,T,2024-09-10,1000000.00,4.078257,100.630859375
08:00:03,912810UD8,TSRYS5870973,D,S,T,2024-09-10,1000000.00,4.078257,100.630859375
08:00:03,912810UD8,TSRYS5870973,D,S,T,2024-09-10,1000000.00,4.078257,100.630859375
08:00:03,912810UD8,TSRYS5870973,D,S,T,2024-09-10,1000000.00,4.078257,100.630859375
08:00:03,912810UD8,TSRYS5870973,D,S,T,2024-09-10,1000000.00,4.078544,100.626953125
08:00:03,912810UD8,TSRYS5870973,D,S,T,2024-09-10,1000000.00,4.078544,100.626953125
08:00:03,912810UD8,TSRYS5870973,D,S,T,2024-09-10,1000000.00,4.078974,100.62109375
08:00:03,912810UD8,TSRYS5870973,D,S,T,2024-09-10,1000000.00,4.079118,100.619140625
08:00:03,912810UD8,TSRYS5870973,D,S,T,2024-09-10,1000000.00,4.079118,100.619140625
08:00:03,912810UD8,TSRYS5870973,D,S,T,2024-09-10,1000000.00,4.078831,100.623046875
08:00:03,912810UD8,TSRYS5870973,D,S,T,2024-09-10,1000000.00,4.078831,100.623046875
08:00:03,912810UD8,TSRYS5870973,D,S,T,2024-09-10,1000000.00,4.078831,100.623046875
08:00:03,912810UD8,TSRYS5870973,D,S,T,2024-09-10,1000000.00,4.078831,100.623046875
08:00:03,912810UD8,TSRYS5870973,D,S,T,2024-09-10,1000000.00,4.085869,100.52734375
08:00:03,912810UD8,TSRYS5870973,D,S,T,2024-09-10,1000000.00,4.086156,100.5234375
08:00:03,912810UD8,TSRYS5870973,D,S,D,2024-09-10,1000000.00,4.088169,100.49609375
08:00:03,912810UD8,TSRYS5870973,D,S,D,2024-09-10,1000000.00,4.088025,100.498046875
08:00:03,912810UD8,TSRYS5870973,D,S,D,2024-09-10,1000000.00,4.088025,100.498046875
08:00:03,912810UD8,TSRYS5870973,D,S,T,2024-09-10,1000000.00,4.093347,100.42578125
08:00:03,912810UD8,TSRYS5870973,D,S,T,2024-09-10,1000000.00,4.096226,100.38671875
08:00:03,912810UD8,TSRYS5870973,D,S,T,2024-09-10,1000000.00,4.095074,100.40234375
08:00:03,912810UD8,TSRYS5870973,D,S,D,2024-09-10,1000000.00,4.095074,100.40234375
08:00:03,912810UD8,TSRYS5870973,D,S,D,2024-09-10,1000000.00,4.095074,100.40234375
08:00:03,912810UD8,TSRYS5870973,D,S,D,2024-09-10,1000000.00,4.095074,100.40234375
08:00:03,912810UD8,TSRYS5870973,D,S,D,2024-09-10,1000000.00,4.095074,100.40234375
08:00:09,912810UD8,TSRYS5870973,D,S,A,2024-09-10,189000.00,4.082133,100.578125
08:00:14,912810UD8,TSRYS5870973,D,S,T,2024-09-10,1000000.00,4.080985,100.59375
08:00:14,912810UD8,TSRYS5870973,D,S,D,2024-09-10,1000000.00,4.078687,100.625
08:00:14,912810UD8,TSRYS5870973,D,S,D,2024-09-10,1000000.00,4.078974,100.62109375
08:00:14,912810UD8,TSRYS5870973,D,S,D,2024-09-10,1000000.00,4.079262,100.6171875
08:00:15,912810UD8,TSRYS5870973,D,S,T,2024-09-10,1000000.00,4.092484,100.4375
08:00:15,912810UD8,TSRYS5870973,D,S,T,2024-09-10,1000000.00,4.093635,100.421875
08:00:15,912810UD8,TSRYS5870973,D,S,T,2024-09-10,1000000.00,4.091333,100.453125
08:00:15,912810UD8,TSRYS5870973,D,S,T,2024-09-10,1000000.00,4.085582,100.53125
08:00:17,912810UD8,TSRYS5870973,D,B,A,2024-09-10,2550000.00,4.078974,100.62109375
08:00:19,912810UD8,TSRYS5870973,D,S,T,2024-09-10,1000000.00,4.078687,100.625
08:00:21,912810UD8,TSRYS5870973,D,S,D,2024-09-10,1000000.00,4.083283,100.5625
08:00:22,912810UD8,TSRYS5870973,D,S,D,2024-09-10,1175000.00,4.094571,100.409174468
08:00:22,912810UD8,TSRYS5870973,D,S,A,2024-09-10,1148000.00,4.080985,100.59375
08:00:22,912810UD8,TSRYS5870973,D,S,A,2024-09-10,1148000.00,4.080985,100.59375
08:00:22,912810UD8,TSRYS5870973,D,S,A,2024-09-10,888000.00,4.082133,100.578125
08:00:23,912810UD8,TSRYS5870973,D,S,A,2024-09-10,1269000.00,4.079836,100.609375
08:00:27,912810UD8,TSRYS5870973,D,S,T,2024-09-10,1000000.00,4.079836,100.609375
08:00:28,912810UD8,TSRYS5870973,D,S,T,2024-09-10,1000000.00,4.092484,100.4375
08:00:28,912810UD8,TSRYS5870973,D,S,T,2024-09-10,1000000.00,4.091333,100.453125
08:00:28,912810UD8,TSRYS5870973,D,S,T,2024-09-10,1000000.00,4.091333,100.453125
08:00:28,912810UD8,TSRYS5870973,D,S,T,2024-09-10,1000000.00,4.091333,100.453125
08:00:28,912810UD8,TSRYS5870973,D,S,T,2024-09-10,1000000.00,4.091333,100.453125
08:00:28,912810UD8,TSRYS5870973,D,S,T,2024-09-10,1000000.00,4.080985,100.59375
08:00:28,912810UD8,TSRYS5870973,D,S,T,2024-09-10,1000000.00,4.080985,100.59375
08:00:28,912810UD8,TSRYS5870973,D,S,T,2024-09-10,1000000.00,4.091621,100.44921875
08:00:28,912810UD8,TSRYS5870973,D,S,T,2024-09-10,1000000.00,4.078257,100.630859375
08:00:30,912810UD8,TSRYS5870973,D,S,T,2024-09-10,1000000.00,4.079836,100.609375
08:00:30,912810UD8,TSRYS5870973,D,S,T,2024-09-10,1000000.00,4.079836,100.609375
08:00:30,912810UD8,TSRYS5870973,D,S,T,2024-09-10,1000000.00,4.079836,100.609375
08:00:30,912810UD8,TSRYS5870973,D,S,T,2024-09-10,1000000.00,4.079549,100.61328125
08:00:30,912810UD8,TSRYS5870973,D,S,T,2024-09-10,2000000.00,4.079549,100.61328125
08:00:30,912810UD8,TSRYS5870973,D,S,T,2024-09-10,1000000.00,4.085869,100.52734375
08:00:30,912810UD8,TSRYS5870973,D,S,T,2024-09-10,1000000.00,4.086156,100.5234375
08:00:30,912810UD8,TSRYS5870973,D,S,T,2024-09-10,1000000.00,4.086588,100.517578125
08:00:30,912810UD8,TSRYS5870973,D,S,T,2024-09-10,1000000.00,4.086588,100.517578125
08:00:30,912810UD8,TSRYS5870973,D,S,T,2024-09-10,1000000.00,4.086588,100.517578125
08:00:30,912810UD8,TSRYS5870973,D,S,T,2024-09-10,1000000.00,4.086588,100.517578125
08:00:30,912810UD8,TSRYS5870973,D,S,T,2024-09-10,1000000.00,4.086588,100.517578125
08:00:30,912810UD8,TSRYS5870973,D,S,T,2024-09-10,1000000.00,4.086588,100.517578125
08:00:30,912810UD8,TSRYS5870973,D,S,T,2024-09-10,1000000.00,4.086588,100.517578125
08:00:30,912810UD8,TSRYS5870973,D,S,T,2024-09-10,1000000.00,4.086588,100.517578125
08:00:30,912810UD8,TSRYS5870973,D,S,T,2024-09-10,1000000.00,4.079836,100.609375
08:00:30,912810UD8,TSRYS5870973,D,S,T,2024-09-10,1000000.00,4.075243,100.671875
08:00:30,912810UD8,TSRYS5870973,D,S,T,2024-09-10,1000000.00,4.076391,100.65625
08:00:30,912810UD8,TSRYS5870973,D,S,D,2024-09-10,1000000.00,4.077826,100.63671875
08:00:30,912810UD8,TSRYS5870973,D,S,T,2024-09-10,1000000.00,4.078687,100.625
08:00:30,912810UD8,TSRYS5870973,D,S,T,2024-09-10,1000000.00,4.077539,100.640625
08:00:30,912810UD8,TSRYS5870973,D,S,T,2024-09-10,1000000.00,4.077539,100.640625
08:00:30,912810UD8,TSRYS5870973,D,S,T,2024-09-10,1000000.00,4.077539,100.640625
08:00:30,912810UD8,TSRYS5870973,D,S,T,2024-09-10,1000000.00,4.077539,100.640625
08:00:30,912810UD8,TSRYS5870973,D,S,T,2024-09-10,1000000.00,4.077539,100.640625
08:00:30,912810UD8,TSRYS5870973,D,S,T,2024-09-10,1000000.00,4.079836,100.609375
08:00:30,912810UD8,TSRYS5870973,D,S,T,2024-09-10,1000000.00,4.082133,100.578125
08:00:30,912810UD8,TSRYS5870973,D,S,T,2024-09-10,1000000.00,4.080985,100.59375
08:00:30,912810UD8,TSRYS5870973,D,S,T,2024-09-10,1000000.00,4.080985,100.59375
08:00:30,912810UD8,TSRYS5870973,D,S,T,2024-09-10,1000000.00,4.078687,100.625
08:00:30,912810UD8,TSRYS5870973,D,S,T,2024-09-10,1000000.00,4.078687,100.625
08:00:30,912810UD8,TSRYS5870973,D,S,T,2024-09-10,1000000.00,4.078687,100.625
08:00:30,912810UD8,TSRYS5870973,D,S,T,2024-09-10,1000000.00,4.078687,100.625
08:00:30,912810UD8,TSRYS5870973,D,S,T,2024-09-10,1000000.00,4.078687,100.625
08:00:30,912810UD8,TSRYS5870973,D,S,T,2024-09-10,1000000.00,4.078687,100.625
08:00:30,912810UD8,TSRYS5870973,D,S,T,2024-09-10,1000000.00,4.082133,100.578125
08:00:30,912810UD8,TSRYS5870973,D,S,T,2024-09-10,1000000.00,4.082133,100.578125
08:00:30,912810UD8,TSRYS5870973,D,S,T,2024-09-10,1000000.00,4.089032,100.484375
08:00:30,912810UD8,TSRYS5870973,D,S,T,2024-09-10,1000000.00,4.089032,100.484375
08:00:30,912810UD8,TSRYS5870973,D,S,T,2024-09-10,1000000.00,4.089032,100.484375
08:00:30,912810UD8,TSRYS5870973,D,S,T,2024-09-10,1000000.00,4.089032,100.484375
08:00:30,912810UD8,TSRYS5870973,D,S,T,2024-09-10,1000000.00,4.089032,100.484375
08:00:30,912810UD8,TSRYS5870973,D,S,T,2024-09-10,1000000.00,4.090182,100.46875
08:00:30,912810UD8,TSRYS5870973,D,S,T,2024-09-10,1000000.00,4.087881,100.5
08:00:30,912810UD8,TSRYS5870973,D,S,T,2024-09-10,1000000.00,4.087881,100.5
08:00:30,912810UD8,TSRYS5870973,D,S,T,2024-09-10,1000000.00,4.087881,100.5
08:00:30,912810UD8,TSRYS5870973,D,S,T,2024-09-10,1000000.00,4.087881,100.5
08:00:30,912810UD8,TSRYS5870973,D,S,T,2024-09-10,1000000.00,4.087881,100.5
08:00:30,912810UD8,TSRYS5870973,D,S,T,2024-09-10,1000000.00,4.087881,100.5
08:00:30,912810UD8,TSRYS5870973,D,S,T,2024-09-10,1000000.00,4.087881,100.5
08:00:30,912810UD8,TSRYS5870973,D,S,T,2024-09-10,1000000.00,4.082133,100.578125
08:00:30,912810UD8,TSRYS5870973,D,S,T,2024-09-10,1000000.00,4.083283,100.5625
08:00:31,912810UD8,TSRYS5870973,D,S,T,2024-09-10,1000000.00,4.082133,100.578125
08:00:31,912810UD8,TSRYS5870973,D,S,T,2024-09-10,1000000.00,4.082133,100.578125
08:00:31,912810UD8,TSRYS5870973,D,S,T,2024-09-10,2000000.00,4.082133,100.578125
08:00:31,912810UD8,TSRYS5870973,D,S,T,2024-09-10,1000000.00,4.084432,100.546875
08:00:31,912810UD8,TSRYS5870973,D,S,T,2024-09-10,1000000.00,4.084432,100.546875
08:00:31,912810UD8,TSRYS5870973,D,S,T,2024-09-10,1000000.00,4.084432,100.546875
08:00:31,912810UD8,TSRYS5870973,D,S,T,2024-09-10,2000000.00,4.084432,100.546875
08:00:31,912810UD8,TSRYS5870973,D,S,T,2024-09-10,1000000.00,4.084432,100.546875
08:00:31,912810UD8,TSRYS5870973,D,S,T,2024-09-10,1000000.00,4.087881,100.5
08:00:31,912810UD8,TSRYS5870973,D,S,T,2024-09-10,1000000.00,4.092484,100.4375
08:00:31,912810UD8,TSRYS5870973,D,S,T,2024-09-10,1000000.00,4.092484,100.4375
08:00:31,912810UD8,TSRYS5870973,D,S,T,2024-09-10,1000000.00,4.092484,100.4375
08:00:31,912810UD8,TSRYS5870973,D,S,T,2024-09-10,1000000.00,4.092484,100.4375
08:00:31,912810UD8,TSRYS5870973,D,S,T,2024-09-10,1000000.00,4.093635,100.421875
08:00:31,912810UD8,TSRYS5870973,D,S,T,2024-09-10,1000000.00,4.093635,100.421875
08:00:31,912810UD8,TSRYS5870973,D,S,T,2024-09-10,1000000.00,4.093635,100.421875
08:00:31,912810UD8,TSRYS5870973,D,S,A,2024-09-10,1000000.00,4.084432,100.546875
08:00:31,912810UD8,TSRYS5870973,D,B,A,2024-09-10,6000000.00,4.094499,100.41015625
08:00:31,912810UD8,TSRYS5870973,D,B,C,2024-09-10,826000.00,4.094211,100.4140625
08:00:31,912810UD8,TSRYS5870973,D,S,T,2024-09-10,1000000.00,4.091765,100.447265625
08:00:31,912810UD8,TSRYS5870973,D,S,T,2024-09-10,1000000.00,4.091621,100.44921875
08:00:31,912810UD8,TSRYS5870973,D,S,T,2024-09-10,1000000.00,4.091477,100.451171875
08:00:31,912810UD8,TSRYS5870973,D,S,T,2024-09-10,1000000.00,4.091333,100.453125
08:00:31,912810UD8,TSRYS5870973,D,S,T,2024-09-10,1000000.00,4.091333,100.453125
08:00:31,912810UD8,TSRYS5870973,D,S,T,2024-09-10,1000000.00,4.091333,100.453125
08:00:31,912810UD8,TSRYS5870973,D,S,T,2024-09-10,1000000.00,4.091333,100.453125
08:00:31,912810UD8,TSRYS5870973,D,S,T,2024-09-10,1000000.00,4.091333,100.453125
08:00:31,912810UD8,TSRYS5870973,D,S,T,2024-09-10,1000000.00,4.091333,100.453125
08:00:31,912810UD8,TSRYS5870973,D,S,T,2024-09-10,1000000.00,4.091333,100.453125
08:00:31,912810UD8,TSRYS5870973,D,S,T,2024-09-10,1000000.00,4.091333,100.453125
08:00:31,912810UD8,TSRYS5870973,D,S,T,2024-09-10,1000000.00,4.08745,100.505859375
08:00:31,912810UD8,TSRYS5870973,D,S,T,2024-09-10,1000000.00,4.087163,100.509765625
08:00:31,912810UD8,TSRYS5870973,D,S,T,2024-09-10,1000000.00,4.087306,100.5078125
08:00:31,912810UD8,TSRYS5870973,D,S,T,2024-09-10,1000000.00,4.087019,100.51171875
08:00:31,912810UD8,TSRYS5870973,D,S,T,2024-09-10,1000000.00,4.086875,100.513671875
08:00:31,912810UD8,TSRYS5870973,D,S,T,2024-09-10,1000000.00,4.086731,100.515625
08:00:31,912810UD8,TSRYS5870973,D,S,T,2024-09-10,1000000.00,4.086588,100.517578125
08:00:31,912810UD8,TSRYS5870973,D,S,T,2024-09-10,1000000.00,4.086444,100.51953125
08:00:31,912810UD8,TSRYS5870973,D,S,T,2024-09-10,1000000.00,4.085582,100.53125
08:00:31,912810UD8,TSRYS5870973,D,S,T,2024-09-10,1000000.00,4.085582,100.53125
08:00:31,912810UD8,TSRYS5870973,D,S,T,2024-09-10,1000000.00,4.085582,100.53125
08:00:31,912810UD8,TSRYS5870973,D,S,T,2024-09-10,1000000.00,4.085582,100.53125
08:00:31,912810UD8,TSRYS5870973,D,S,T,2024-09-10,1000000.00,4.086444,100.51953125
08:00:31,912810UD8,TSRYS5870973,D,S,T,2024-09-10,1000000.00,4.086444,100.51953125
08:00:31,912810UD8,TSRYS5870973,D,S,T,2024-09-10,1000000.00,4.085582,100.53125
08:00:31,912810UD8,TSRYS5870973,D,S,T,2024-09-10,1000000.00,4.079836,100.609375
08:00:31,912810UD8,TSRYS5870973,D,B,C,2024-09-10,1000000.00,4.087306,100.5078125
08:00:31,912810UD8,TSRYS5870973,D,S,T,2024-09-10,2000000.00,4.095938,100.390625
08:00:32,912810UD8,TSRYS5870973,D,S,C,2024-09-10,2300000.00,4.093059,100.4296875
08:00:32,912810UD8,TSRYS5870973,D,S,T,2024-09-10,1000000.00,4.080985,100.59375
08:00:32,912810UD8,TSRYS5870973,D,S,T,2024-09-10,1000000.00,4.080985,100.59375
08:00:32,912810UD8,TSRYS5870973,D,S,T,2024-09-10,1000000.00,4.080985,100.59375
08:00:32,912810UD8,TSRYS5870973,D,S,T,2024-09-10,1000000.00,4.080985,100.59375
08:00:32,912810UD8,TSRYS5870973,D,S,T,2024-09-10,1000000.00,4.080985,100.59375
08:00:32,912810UD8,TSRYS5870973,D,S,T,2024-09-10,1000000.00,4.080985,100.59375
08:00:32,912810UD8,TSRYS5870973,D,S,T,2024-09-10,1000000.00,4.080985,100.59375
08:00:32,912810UD8,TSRYS5870973,D,S,T,2024-09-10,1000000.00,4.080985,100.59375
08:00:32,912810UD8,TSRYS5870973,D,S,T,2024-09-10,1000000.00,4.080985,100.59375
08:00:32,912810UD8,TSRYS5870973,D,S,T,2024-09-10,1000000.00,4.079836,100.609375
08:00:32,912810UD8,TSRYS5870973,D,S,T,2024-09-10,1000000.00,4.079836,100.609375
08:00:32,912810UD8,TSRYS5870973,D,S,T,2024-09-10,1000000.00,4.079836,100.609375
08:00:32,912810UD8,TSRYS5870973,D,S,T,2024-09-10,1000000.00,4.079836,100.609375
08:00:32,912810UD8,TSRYS5870973,D,S,T,2024-09-10,1000000.00,4.079836,100.609375
08:00:32,912810UD8,TSRYS5870973,D,S,T,2024-09-10,1000000.00,4.079836,100.609375
08:00:32,912810UD8,TSRYS5870973,D,S,T,2024-09-10,1000000.00,4.079836,100.609375
08:00:32,912810UD8,TSRYS5870973,D,S,T,2024-09-10,1000000.00,4.086731,100.515625
08:00:32,912810UD8,TSRYS5870973,D,S,T,2024-09-10,1000000.00,4.094787,100.40625
08:00:32,912810UD8,TSRYS5870973,D,S,T,2024-09-10,1000000.00,4.093635,100.421875
08:00:32,912810UD8,TSRYS5870973,D,S,A,2024-09-10,189000.00,4.087881,100.5
08:00:32,912810UD8,TSRYS5870973,D,S,D,2024-09-10,980000.00,4.093923,100.41796875
08:00:32,912810UD8,TSRYS5870973,D,S,D,2024-09-10,1000000.00,4.086875,100.513671875
08:00:32,912810UD8,TSRYS5870973,D,S,D,2024-09-10,1000000.00,4.086875,100.513671875
08:00:32,912810UD8,TSRYS5870973,D,S,D,2024-09-10,1000000.00,4.08745,100.505859375
08:00:32,912810UD8,TSRYS5870973,D,S,D,2024-09-10,1000000.00,4.08745,100.505859375
08:00:32,912810UD8,TSRYS5870973,D,S,D,2024-09-10,1000000.00,4.08745,100.505859375
08:00:32,912810UD8,TSRYS5870973,D,S,D,2024-09-10,1000000.00,4.088025,100.498046875
08:00:32,912810UD8,TSRYS5870973,D,S,A,2024-09-10,1000000.00,4.092484,100.4375
08:00:33,912810UD8,TSRYS5870973,D,S,D,2024-09-10,1000000.00,4.091333,100.453125
08:00:33,912810UD8,TSRYS5870973,D,S,D,2024-09-10,2000000.00,4.085582,100.53125
08:00:33,912810UD8,TSRYS5870973,D,S,D,2024-09-10,1000000.00,4.085582,100.53125
08:00:35,912810UD8,TSRYS5870973,D,S,D,2024-09-10,1000000.00,4.08357,100.55859375
08:00:37,912810UD8,TSRYS5870973,D,S,A,2024-09-10,261000.00,4.093635,100.421875
08:00:37,912810UD8,TSRYS5870973,D,B,C,2024-09-10,10000000.00,4.094211,100.4140625
08:00:44,912810UD8,TSRYS5870973,D,S,D,2024-09-10,980000.00,4.093893,100.418376913
08:00:47,912810UD8,TSRYS5870973,D,S,A,2024-09-10,855000.00,4.093635,100.421875
08:00:47,912810UD8,TSRYS5870973,D,B,A,2024-09-10,464000.00,4.089032,100.484375
08:00:48,912810UD8,TSRYS5870973,D,S,A,2024-09-10,1056000.00,4.077539,100.640625
08:00:48,912810UD8,TSRYS5870973,D,S,D,2024-09-10,1000000.00,4.092484,100.4375
08:00:49,912810UD8,TSRYS5870973,D,S,D,2024-09-10,1000000.00,4.094499,100.41015625
08:00:49,912810UD8,TSRYS5870973,D,S,D,2024-09-10,175000.00,4.094787,100.40625
08:00:50,912810UD8,TSRYS5870973,D,S,D,2024-09-10,1000.00,4.080985,100.59375
08:00:58,912810UD8,TSRYS5870973,D,S,D,2024-09-10,30000.00,4.092484,100.4375
08:01:00,912810UD8,TSRYS5870973,D,S,T,2024-09-10,1000000.00,4.08329,100.562398
08:01:02,912810UD8,TSRYS5870973,D,S,T,2024-09-10,1000000.00,4.092493,100.43737
08:01:02,912810UD8,TSRYS5870973,D,B,A,2024-09-10,700000.00,4.091908,100.4453125
08:01:02,912810UD8,TSRYS5870973,D,B,A,2024-09-10,4860000.00,4.091045,100.45703125
08:01:02,912810UD8,TSRYS5870973,D,S,T,2024-09-10,1000000.00,4.092493,100.43737
08:01:02,912810UD8,TSRYS5870973,D,S,C,2024-09-10,1000000.00,4.089319,100.48046875
08:01:02,912810UD8,TSRYS5870973,D,S,C,2024-09-10,1000000.00,4.077826,100.63671875
08:01:02,912810UD8,TSRYS5870973,D,S,D,2024-09-10,1000000.00,4.088169,100.49609375
08:01:03,912810UD8,TSRYS5870973,D,S,C,2024-09-10,1000000.00,4.083857,100.5546875
08:01:03,912810UD8,TSRYS5870973,D,B,C,2024-09-10,1000000.00,4.083857,100.5546875
08:01:03,912810UD8,TSRYS5870973,D,S,C,2024-09-10,1000000.00,4.083857,100.5546875
08:01:03,912810UD8,TSRYS5870973,D,B,C,2024-09-10,1000000.00,4.083857,100.5546875
08:01:03,912810UD8,TSRYS5870973,D,S,D,2024-09-10,1000000.00,4.08357,100.55859375
08:01:03,912810UD8,TSRYS5870973,D,S,C,2024-09-10,1000000.00,4.086444,100.51953125
08:01:03,912810UD8,TSRYS5870973,D,S,C,2024-09-10,1000000.00,4.088744,100.48828125
08:01:03,912810UD8,TSRYS5870973,D,B,C,2024-09-10,1000000.00,4.086444,100.51953125
08:01:03,912810UD8,TSRYS5870973,D,B,C,2024-09-10,1000000.00,4.088744,100.48828125
08:01:03,912810UD8,TSRYS5870973,D,B,C,2024-09-10,1000000.00,4.096514,100.3828125
08:01:03,912810UD8,TSRYS5870973,D,S,C,2024-09-10,1000000.00,4.096514,100.3828125
08:01:03,912810UD8,TSRYS5870973,D,B,C,2024-09-10,1000000.00,4.096802,100.37890625
08:01:03,912810UD8,TSRYS5870973,D,S,C,2024-09-10,1000000.00,4.096802,100.37890625
08:01:03,912810UD8,TSRYS5870973,D,S,C,2024-09-10,1000000.00,4.092484,100.4375
08:01:03,912810UD8,TSRYS5870973,D,S,D,2024-09-10,1000000.00,4.091333,100.453125
08:01:03,912810UD8,TSRYS5870973,D,S,D,2024-09-10,1000000.00,4.091908,100.4453125
08:01:03,912810UD8,TSRYS5870973,D,B,C,2024-09-10,1000000.00,4.085294,100.53515625
08:01:03,912810UD8,TSRYS5870973,D,S,D,2024-09-10,2000000.00,4.085582,100.53125
08:01:03,912810UD8,TSRYS5870973,D,S,D,2024-09-10,1000000.00,4.085294,100.53515625
08:01:03,912810UD8,TSRYS5870973,D,S,D,2024-09-10,1000000.00,4.085869,100.52734375
08:01:03,912810UD8,TSRYS5870973,D,S,D,2024-09-10,1000000.00,4.085582,100.53125
08:01:04,912810UD8,TSRYS5870973,D,S,C,2024-09-10,1000000.00,4.081272,100.58984375
08:01:04,912810UD8,TSRYS5870973,D,S,C,2024-09-10,1000000.00,4.077826,100.63671875
08:01:04,912810UD8,TSRYS5870973,D,S,C,2024-09-10,1000000.00,4.08041,100.6015625
08:01:04,912810UD8,TSRYS5870973,D,S,C,2024-09-10,1000000.00,4.082708,100.5703125
08:01:04,912810UD8,TSRYS5870973,D,S,C,2024-09-10,1000000.00,4.081559,100.5859375
08:01:04,912810UD8,TSRYS5870973,D,S,C,2024-09-10,1000000.00,4.08357,100.55859375
08:01:04,912810UD8,TSRYS5870973,D,S,C,2024-09-10,1000000.00,4.085869,100.52734375
08:01:04,912810UD8,TSRYS5870973,D,S,D,2024-09-10,1000000.00,4.08357,100.55859375
08:01:04,912810UD8,TSRYS5870973,D,S,D,2024-09-10,1000000.00,4.08357,100.55859375
08:01:04,912810UD8,TSRYS5870973,D,S,D,2024-09-10,1000000.00,4.084145,100.55078125
08:01:04,912810UD8,TSRYS5870973,D,B,C,2024-09-10,1000000.00,4.084145,100.55078125
08:01:04,912810UD8,TSRYS5870973,D,B,C,2024-09-10,1000000.00,4.08357,100.55859375
08:01:04,912810UD8,TSRYS5870973,D,B,C,2024-09-10,1000000.00,4.084145,100.55078125
08:01:04,912810UD8,TSRYS5870973,D,S,D,2024-09-10,1000000.00,4.084145,100.55078125
08:01:04,912810UD8,TSRYS5870973,D,B,C,2024-09-10,1000000.00,4.08357,100.55859375
08:01:04,912810UD8,TSRYS5870973,D,S,D,2024-09-10,1000000.00,4.079549,100.61328125
08:01:04,912810UD8,TSRYS5870973,D,S,C,2024-09-10,1000000.00,4.081272,100.58984375
08:01:04,912810UD8,TSRYS5870973,D,S,D,2024-09-10,1000000.00,4.08357,100.55859375
08:01:04,912810UD8,TSRYS5870973,D,B,C,2024-09-10,1000000.00,4.080985,100.59375
08:01:04,912810UD8,TSRYS5870973,D,S,D,2024-09-10,1000000.00,4.080985,100.59375
08:01:04,912810UD8,TSRYS5870973,D,S,C,2024-09-10,1000000.00,4.082421,100.57421875
08:01:04,912810UD8,TSRYS5870973,D,B,C,2024-09-10,1000000.00,4.082133,100.578125
08:01:04,912810UD8,TSRYS5870973,D,B,C,2024-09-10,1000000.00,4.082421,100.57421875
08:01:04,912810UD8,TSRYS5870973,D,S,D,2024-09-10,1000000.00,4.082133,100.578125
08:01:04,912810UD8,TSRYS5870973,D,B,C,2024-09-10,1000000.00,4.080985,100.59375
08:01:04,912810UD8,TSRYS5870973,D,S,D,2024-09-10,1000000.00,4.080985,100.59375
08:01:04,912810UD8,TSRYS5870973,D,B,C,2024-09-10,1000000.00,4.079836,100.609375
08:01:04,912810UD8,TSRYS5870973,D,S,C,2024-09-10,1000000.00,4.079836,100.609375
08:01:04,912810UD8,TSRYS5870973,D,S,C,2024-09-10,1000000.00,4.077826,100.63671875
08:01:04,912810UD8,TSRYS5870973,D,S,C,2024-09-10,1000000.00,4.081272,100.58984375
08:01:04,912810UD8,TSRYS5870973,D,S,C,2024-09-10,1000000.00,4.089319,100.48046875
08:01:04,912810UD8,TSRYS5870973,D,B,C,2024-09-10,1000000.00,4.089319,100.48046875
08:01:04,912810UD8,TSRYS5870973,D,S,C,2024-09-10,1000000.00,4.095074,100.40234375
08:01:04,912810UD8,TSRYS5870973,D,S,C,2024-09-10,1000000.00,4.092772,100.43359375
08:01:04,912810UD8,TSRYS5870973,D,S,C,2024-09-10,1000000.00,4.095074,100.40234375
08:01:07,912810UD8,TSRYS5870973,D,S,A,2024-09-10,169000.00,4.094805,100.406
08:01:08,912810UD8,TSRYS5870973,D,B,C,2024-09-10,4300000.00,4.092916,100.431640625
08:01:09,912810UD8,TSRYS5870973,D,S,A,2024-09-10,500000.00,4.092772,100.43359375
08:01:09,912810UD8,TSRYS5870973,D,S,D,2024-09-10,1000000.00,4.096802,100.37890625
08:01:10,912810UD8,TSRYS5870973,D,B,A,2024-09-10,995000.00,4.094507,100.41015625
08:01:10,912810UD8,TSRYS5870973,D,S,D,2024-09-10,1000000.00,4.091908,100.4453125
08:01:10,912810UD8,TSRYS5870973,D,S,T,2024-09-10,1000000.00,4.080992,100.59365
08:01:10,912810UD8,TSRYS5870973,D,S,T,2024-09-10,1000000.00,4.091916,100.4452125
08:01:10,912810UD8,TSRYS5870973,D,S,T,2024-09-10,1000000.00,4.091916,100.4452125
08:01:10,912810UD8,TSRYS5870973,D,S,D,2024-09-10,1000000.00,4.079836,100.609375
08:01:10,912810UD8,TSRYS5870973,D,B,C,2024-09-10,1000000.00,4.078687,100.625
08:01:10,912810UD8,TSRYS5870973,D,S,C,2024-09-10,1000000.00,4.078687,100.625
08:01:10,912810UD8,TSRYS5870973,D,S,D,2024-09-10,1000000.00,4.078687,100.625
08:01:10,912810UD8,TSRYS5870973,D,S,D,2024-09-10,1000000.00,4.078113,100.6328125
08:01:10,912810UD8,TSRYS5870973,D,S,D,2024-09-10,1000000.00,4.078257,100.630859375
08:01:10,912810UD8,TSRYS5870973,D,S,D,2024-09-10,1000000.00,4.078687,100.625
08:01:10,912810UD8,TSRYS5870973,D,S,D,2024-09-10,1000000.00,4.078831,100.623046875
08:01:10,912810UD8,TSRYS5870973,D,S,D,2024-09-10,1000000.00,4.078974,100.62109375
08:01:11,912810UD8,TSRYS5870973,D,B,C,2024-09-10,1000000.00,4.08196,100.5804837
08:01:11,912810UD8,TSRYS5870973,D,B,C,2024-09-10,3000000.00,4.091674,100.448498
08:01:12,912810UD8,TSRYS5870973,D,B,C,2024-09-10,11000000.00,4.092196,100.44140625
08:01:12,912810UD8,TSRYS5870973,D,S,D,2024-09-10,1000000.00,4.088025,100.498046875
08:01:12,912810UD8,TSRYS5870973,D,S,D,2024-09-10,1000000.00,4.088169,100.49609375
08:01:12,912810UD8,TSRYS5870973,D,S,D,2024-09-10,1000000.00,4.088313,100.494140625
08:01:14,912810UD8,TSRYS5870973,D,S,T,2024-09-10,1000000.00,4.093635,100.421875
08:01:14,912810UD8,TSRYS5870973,D,S,T,2024-09-10,1000000.00,4.093635,100.421875
08:01:14,912810UD8,TSRYS5870973,D,S,T,2024-09-10,1000000.00,4.093635,100.421875
08:01:14,912810UD8,TSRYS5870973,D,S,T,2024-09-10,1000000.00,4.093635,100.421875
08:01:14,912810UD8,TSRYS5870973,D,S,T,2024-09-10,1000000.00,4.093643,100.421773
08:01:14,912810UD8,TSRYS5870973,D,S,T,2024-09-10,1000000.00,4.094794,100.406148
08:01:20,912810UD8,TSRYS5870973,D,S,D,2024-09-10,1000000.00,4.096751,100.3796063
08:01:21,912810UD8,TSRYS5870973,D,S,A,2024-09-10,1000000.00,4.078687,100.625
08:01:21,912810UD8,TSRYS5870973,D,S,C,2024-09-10,1000000.00,4.091908,100.4453125
08:01:21,912810UD8,TSRYS5870973,D,S,T,2024-09-10,1000000.00,4.095946,100.390523
08:01:22,912810UD8,TSRYS5870973,D,S,T,2024-09-10,1000000.00,4.095946,100.390523
08:01:23,912810UD8,TSRYS5870973,D,S,D,2024-09-10,1000000.00,4.092484,100.4375
08:01:23,912810UD8,TSRYS5870973,D,S,D,2024-09-10,1000000.00,4.093635,100.421875
08:01:23,912810UD8,TSRYS5870973,D,S,D,2024-09-10,1000000.00,4.096802,100.37890625
08:01:25,912810UD8,TSRYS5870973,D,S,C,2024-09-10,1000000.00,4.082133,100.578125
08:01:25,912810UD8,TSRYS5870973,D,S,C,2024-09-10,1000000.00,4.084432,100.546875
08:01:26,912810UD8,TSRYS5870973,D,S,D,2024-09-10,1000000.00,4.085438,100.53320312
08:01:26,912810UD8,TSRYS5870973,D,S,D,2024-09-10,1000000.00,4.085582,100.53125
08:01:26,912810UD8,TSRYS5870973,D,S,D,2024-09-10,1000000.00,4.085294,100.53515625
08:01:26,912810UD8,TSRYS5870973,D,S,D,2024-09-10,1000000.00,4.083857,100.5546875
08:01:27,912810UD8,TSRYS5870973,D,S,T,2024-09-10,1000000.00,4.084447,100.546675
08:01:27,912810UD8,TSRYS5870973,D,S,D,2024-09-10,1000000.00,4.078687,100.625
08:01:27,912810UD8,TSRYS5870973,D,S,D,2024-09-10,1000000.00,4.078687,100.625
08:01:27,912810UD8,TSRYS5870973,D,S,D,2024-09-10,3000000.00,4.078687,100.625
08:01:27,912810UD8,TSRYS5870973,D,S,D,2024-09-10,1000000.00,4.078687,100.625
08:01:27,912810UD8,TSRYS5870973,D,S,D,2024-09-10,1000000.00,4.078687,100.625
08:01:27,912810UD8,TSRYS5870973,D,S,D,2024-09-10,1000000.00,4.078687,100.625
08:01:27,912810UD8,TSRYS5870973,D,S,D,2024-09-10,1000000.00,4.078687,100.625
08:01:27,912810UD8,TSRYS5870973,D,S,T,2024-09-10,1000000.00,4.078687,100.625
08:01:27,912810UD8,TSRYS5870973,D,S,D,2024-09-10,1000000.00,4.085007,100.5390625
08:01:27,912810UD8,TSRYS5870973,D,B,A,2024-09-10,2000000.00,4.080975,100.59375
08:01:27,912810UD8,TSRYS5870973,D,S,T,2024-09-10,1000000.00,4.079836,100.609375
08:01:27,912810UD8,TSRYS5870973,D,S,T,2024-09-10,1000000.00,4.079836,100.609375
08:01:27,912810UD8,TSRYS5870973,D,S,C,2024-09-10,1000000.00,4.090614,100.46289062
08:01:28,912810UD8,TSRYS5870973,D,S,D,2024-09-10,1000000.00,4.085294,100.53515625
08:01:28,912810UD8,TSRYS5870973,D,S,D,2024-09-10,1000000.00,4.085294,100.53515625
08:01:29,912810UD8,TSRYS5870973,D,S,D,2024-09-10,1000000.00,4.088169,100.49609375
08:01:29,912810UD8,TSRYS5870973,D,S,D,2024-09-10,1000000.00,4.088169,100.49609375
08:01:29,912810UD8,TSRYS5870973,D,S,D,2024-09-10,1000000.00,4.088169,100.49609375
08:01:29,912810UD8,TSRYS5870973,D,S,T,2024-09-10,1000000.00,4.088025,100.49804687
08:01:29,912810UD8,TSRYS5870973,D,S,D,2024-09-10,1000000.00,4.085007,100.5390625
08:01:29,912810UD8,TSRYS5870973,D,S,T,2024-09-10,1000000.00,4.088169,100.49609375
08:01:29,912810UD8,TSRYS5870973,D,S,D,2024-09-10,1000000.00,4.088169,100.49609375
08:01:29,912810UD8,TSRYS5870973,D,S,D,2024-09-10,1000000.00,4.085007,100.5390625
08:01:29,912810UD8,TSRYS5870973,D,S,D,2024-09-10,1000000.00,4.084145,100.55078125
08:01:29,912810UD8,TSRYS5870973,D,S,C,2024-09-10,10000.00,4.095938,100.390625
08:01:29,912810UD8,TSRYS5870973,D,S,D,2024-09-10,1000000.00,4.084288,100.54882812
08:01:29,912810UD8,TSRYS5870973,D,S,D,2024-09-10,1000000.00,4.088169,100.49609375
08:01:29,912810UD8,TSRYS5870973,D,S,T,2024-09-10,1000000.00,4.088313,100.49414062
08:01:30,912810UD8,TSRYS5870973,D,S,D,2024-09-10,1000000.00,4.090182,100.46875
08:01:31,912810UD8,TSRYS5870973,D,S,D,2024-09-10,1000000.00,4.08357,100.55859375
08:01:31,912810UD8,TSRYS5870973,D,S,C,2024-09-10,1000000.00,4.089175,100.48242187
08:01:31,912810UD8,TSRYS5870973,D,S,C,2024-09-10,1000000.00,4.089175,100.48242187
08:01:31,912810UD8,TSRYS5870973,D,S,D,2024-09-10,1000000.00,4.07797,100.634765625
08:01:32,912810UD8,TSRYS5870973,D,S,T,2024-09-10,1000000.00,4.09365,100.421675
08:01:32,912810UD8,TSRYS5870973,D,S,T,2024-09-10,1000000.00,4.093635,100.421875
08:01:32,912810UD8,TSRYS5870973,D,S,T,2024-09-10,1000000.00,4.091343,100.452995
08:01:32,912810UD8,TSRYS5870973,D,S,D,2024-09-10,1000000.00,4.083714,100.55664062
08:01:32,912810UD8,TSRYS5870973,D,S,D,2024-09-10,1000000.00,4.083714,100.55664062
08:01:33,912810UD8,TSRYS5870973,D,S,D,2024-09-10,1000000.00,4.084288,100.54882812
08:01:33,912810UD8,TSRYS5870973,D,S,D,2024-09-10,1000000.00,4.084288,100.54882812
08:01:35,912810UD8,TSRYS5870973,D,S,C,2024-09-10,1000000.00,4.088457,100.4921875
08:01:35,912810UD8,TSRYS5870973,D,S,T,2024-09-10,1000000.00,4.092772,100.43359375
08:01:35,912810UD8,TSRYS5870973,D,S,T,2024-09-10,1000000.00,4.092196,100.44140625
08:01:35,912810UD8,TSRYS5870973,D,S,T,2024-09-10,1000000.00,4.092196,100.44140625
08:01:35,912810UD8,TSRYS5870973,D,S,T,2024-09-10,1000000.00,4.092196,100.44140625
08:01:35,912810UD8,TSRYS5870973,D,S,T,2024-09-10,1000000.00,4.091621,100.44921875
08:01:36,912810UD8,TSRYS5870973,D,S,D,2024-09-10,1000000.00,4.089319,100.48046875
08:01:37,912810UD8,TSRYS5870973,D,S,D,2024-09-10,1000000.00,4.089751,100.474609375
08:01:37,912810UD8,TSRYS5870973,D,S,C,2024-09-10,1000000.00,4.093635,100.421875
08:01:37,912810UD8,TSRYS5870973,D,S,T,2024-09-10,1000000.00,4.082148,100.577925
08:01:37,912810UD8,TSRYS5870973,D,S,T,2024-09-10,1000000.00,4.090197,100.46855
08:01:37,912810UD8,TSRYS5870973,D,S,T,2024-09-10,1000000.00,4.082133,100.578125
08:01:37,912810UD8,TSRYS5870973,D,S,D,2024-09-10,1000000.00,4.082133,100.578125
08:01:38,912810UD8,TSRYS5870973,D,S,A,2024-09-10,566000.00,4.083283,100.5625
08:01:38,912810UD8,TSRYS5870973,D,B,C,2024-09-10,10000000.00,4.078739,100.6243
08:01:38,912810UD8,TSRYS5870973,D,B,C,2024-09-10,9000000.00,4.088323,100.494
08:01:38,912810UD8,TSRYS5870973,D,S,D,2024-09-10,5000000.00,4.0852,100.53643
08:01:38,912810UD8,TSRYS5870973,D,S,T,2024-09-10,1000000.00,4.095949,100.390473
08:01:38,912810UD8,TSRYS5870973,D,S,D,2024-09-10,1000000.00,4.093923,100.41796875
08:01:38,912810UD8,TSRYS5870973,D,B,C,2024-09-10,10000000.00,4.090126,100.46951
08:01:38,912810UD8,TSRYS5870973,D,S,T,2024-09-10,1000000.00,4.092495,100.437348
08:01:38,912810UD8,TSRYS5870973,D,S,T,2024-09-10,1000000.00,4.093347,100.42578125
08:01:38,912810UD8,TSRYS5870973,D,S,T,2024-09-10,1000000.00,4.093347,100.42578125
08:01:39,912810UD8,TSRYS5870973,D,S,T,2024-09-10,1000000.00,4.093347,100.42578125
08:01:39,912810UD8,TSRYS5870973,D,S,T,2024-09-10,1000000.00,4.093347,100.42578125
08:01:39,912810UD8,TSRYS5870973,D,S,T,2024-09-10,1000000.00,4.094798,100.406098
08:01:39,912810UD8,TSRYS5870973,D,S,T,2024-09-10,1000000.00,4.091621,100.44921875
08:01:39,912810UD8,TSRYS5870973,D,S,T,2024-09-10,1000000.00,4.093646,100.421723
08:01:39,912810UD8,TSRYS5870973,D,S,T,2024-09-10,1000000.00,4.093347,100.42578125
08:01:39,912810UD8,TSRYS5870973,D,S,D,2024-09-10,1000000.00,4.09709,100.375
08:01:39,912810UD8,TSRYS5870973,D,B,C,2024-09-10,24000000.00,4.085161,100.53697
08:01:39,912810UD8,TSRYS5870973,D,S,D,2024-09-10,2000000.00,4.080985,100.59375
08:01:39,912810UD8,TSRYS5870973,D,S,D,2024-09-10,2000000.00,4.080985,100.59375
08:01:39,912810UD8,TSRYS5870973,D,B,C,2024-09-10,4000000.00,4.081036,100.59305
08:01:41,912810UD8,TSRYS5870973,D,S,T,2024-09-10,1000000.00,4.089046,100.484175
08:01:41,912810UD8,TSRYS5870973,D,S,T,2024-09-10,1000000.00,4.092493,100.43737
08:01:43,912810UD8,TSRYS5870973,D,S,C,2024-09-10,1000000.00,4.090182,100.46875
08:01:43,912810UD8,TSRYS5870973,D,S,T,2024-09-10,1000000.00,4.090197,100.46855
08:01:43,912810UD8,TSRYS5870973,D,S,T,2024-09-10,1000000.00,4.090197,100.46855
08:01:43,912810UD8,TSRYS5870973,D,S,T,2024-09-10,1000000.00,4.090197,100.46855
08:01:43,912810UD8,TSRYS5870973,D,S,T,2024-09-10,1000000.00,4.090197,100.46855
08:01:43,912810UD8,TSRYS5870973,D,S,T,2024-09-10,1000000.00,4.090197,100.46855
08:01:43,912810UD8,TSRYS5870973,D,S,T,2024-09-10,1000000.00,4.090197,100.46855
08:01:43,912810UD8,TSRYS5870973,D,S,T,2024-09-10,1000000.00,4.090197,100.46855
08:01:46,912810UD8,TSRYS5870973,D,S,D,2024-09-10,1000000.00,4.094211,100.4140625
08:01:47,912810UD8,TSRYS5870973,D,S,C,2024-09-10,1000000.00,4.094211,100.4140625
08:01:47,912810UD8,TSRYS5870973,D,S,C,2024-09-10,1000000.00,4.094211,100.4140625
08:01:48,912810UD8,TSRYS5870973,D,S,D,2024-09-10,1000000.00,4.091333,100.453125
08:01:48,912810UD8,TSRYS5870973,D,S,D,2024-09-10,1000000.00,4.091333,100.453125
08:01:49,912810UD8,TSRYS5870973,D,S,D,2024-09-10,800000.00,4.096802,100.37890625
08:01:50,912810UD8,TSRYS5870973,D,B,C,2024-09-10,1000000.00,4.086731,100.515625
08:01:50,912810UD8,TSRYS5870973,D,S,D,2024-09-10,1000000.00,4.086731,100.515625
08:01:50,912810UD8,TSRYS5870973,D,S,D,2024-09-10,1000000.00,4.086444,100.51953125
08:01:50,912810UD8,TSRYS5870973,D,S,D,2024-09-10,1000000.00,4.085869,100.52734375
08:01:50,912810UD8,TSRYS5870973,D,S,D,2024-09-10,1000000.00,4.085582,100.53125
08:01:50,912810UD8,TSRYS5870973,D,S,D,2024-09-10,1000000.00,4.085869,100.52734375
08:01:50,912810UD8,TSRYS5870973,D,S,D,2024-09-10,1000000.00,4.085869,100.52734375
08:01:50,912810UD8,TSRYS5870973,D,S,D,2024-09-10,1000000.00,4.085725,100.529296875
08:01:50,912810UD8,TSRYS5870973,D,S,C,2024-09-10,3000000.00,4.081415,100.587890625
08:01:50,912810UD8,TSRYS5870973,D,S,C,2024-09-10,1000000.00,4.081128,100.591796875
08:01:50,912810UD8,TSRYS5870973,D,S,D,2024-09-10,1000000.00,4.081272,100.58984375
08:01:50,912810UD8,TSRYS5870973,D,S,C,2024-09-10,1000000.00,4.080985,100.59375
08:01:51,912810UD8,TSRYS5870973,D,S,C,2024-09-10,3000000.00,4.0784,100.62890625
08:01:51,912810UD8,TSRYS5870973,D,S,D,2024-09-10,1000000.00,4.078687,100.625
08:01:51,912810UD8,TSRYS5870973,D,S,C,2024-09-10,1000000.00,4.079692,100.611328125
08:01:51,912810UD8,TSRYS5870973,D,S,C,2024-09-10,2000000.00,4.079692,100.611328125
08:01:51,912810UD8,TSRYS5870973,D,S,D,2024-09-10,1000000.00,4.081272,100.58984375
08:01:52,912810UD8,TSRYS5870973,D,S,C,2024-09-10,1000000.00,4.083283,100.5625
08:01:52,912810UD8,TSRYS5870973,D,B,C,2024-09-10,1000000.00,4.083283,100.5625
08:01:53,912810UD8,TSRYS5870973,D,S,T,2024-09-10,1000000.00,4.094211,100.4140625
08:01:53,912810UD8,TSRYS5870973,D,S,T,2024-09-10,1000000.00,4.094211,100.4140625
08:01:53,912810UD8,TSRYS5870973,D,B,C,2024-09-10,1000000.00,4.084001,100.552734375
08:01:53,912810UD8,TSRYS5870973,D,S,D,2024-09-10,1000000.00,4.084001,100.552734375
08:01:53,912810UD8,TSRYS5870973,D,B,C,2024-09-10,1000000.00,4.084001,100.552734375
08:01:53,912810UD8,TSRYS5870973,D,S,D,2024-09-10,1000000.00,4.084001,100.552734375
08:01:53,912810UD8,TSRYS5870973,D,S,D,2024-09-10,1000000.00,4.083139,100.564453125
08:01:53,912810UD8,TSRYS5870973,D,S,D,2024-09-10,1000000.00,4.082708,100.5703125
08:01:53,912810UD8,TSRYS5870973,D,B,C,2024-09-10,1000000.00,4.082564,100.572265625
08:01:53,912810UD8,TSRYS5870973,D,S,D,2024-09-10,1000000.00,4.082564,100.572265625
08:01:53,912810UD8,TSRYS5870973,D,B,C,2024-09-10,1000000.00,4.082564,100.572265625
08:01:53,912810UD8,TSRYS5870973,D,S,D,2024-09-10,1000000.00,4.082564,100.572265625
08:01:53,912810UD8,TSRYS5870973,D,S,D,2024-09-10,1000000.00,4.082277,100.576171875
08:01:53,912810UD8,TSRYS5870973,D,B,C,2024-09-10,1000000.00,4.082277,100.576171875
08:01:54,912810UD8,TSRYS5870973,D,S,D,2024-09-10,1000000.00,4.079836,100.609375
08:01:54,912810UD8,TSRYS5870973,D,S,D,2024-09-10,1000000.00,4.080123,100.60546875
08:01:54,912810UD8,TSRYS5870973,D,S,D,2024-09-10,1000000.00,4.079979,100.607421875
08:01:54,912810UD8,TSRYS5870973,D,S,D,2024-09-10,1000000.00,4.079836,100.609375
08:01:54,912810UD8,TSRYS5870973,D,S,D,2024-09-10,1000000.00,4.079836,100.609375
08:01:54,912810UD8,TSRYS5870973,D,B,C,2024-09-10,1000000.00,4.079979,100.607421875
08:01:54,912810UD8,TSRYS5870973,D,S,D,2024-09-10,1000000.00,4.079979,100.607421875
08:01:54,912810UD8,TSRYS5870973,D,S,D,2024-09-10,1000000.00,4.079836,100.609375
08:01:54,912810UD8,TSRYS5870973,D,S,D,2024-09-10,1000000.00,4.079836,100.609375
08:01:54,912810UD8,TSRYS5870973,D,B,C,2024-09-10,1000000.00,4.079979,100.607421875
08:01:54,912810UD8,TSRYS5870973,D,S,D,2024-09-10,1000000.00,4.079979,100.607421875
08:01:54,912810UD8,TSRYS5870973,D,B,C,2024-09-10,1000000.00,4.080841,100.595703125
08:01:54,912810UD8,TSRYS5870973,D,S,D,2024-09-10,1000000.00,4.080841,100.595703125
08:01:54,912810UD8,TSRYS5870973,D,B,C,2024-09-10,1000000.00,4.080841,100.595703125
08:01:54,912810UD8,TSRYS5870973,D,S,D,2024-09-10,1000000.00,4.080841,100.595703125
08:01:55,912810UD8,TSRYS5870973,D,B,C,2024-09-10,1000000.00,4.081128,100.591796875
08:01:55,912810UD8,TSRYS5870973,D,B,C,2024-09-10,1000000.00,4.080841,100.595703125
08:01:55,912810UD8,TSRYS5870973,D,S,D,2024-09-10,1000000.00,4.080841,100.595703125
08:01:55,912810UD8,TSRYS5870973,D,S,D,2024-09-10,1000000.00,4.091333,100.453125
08:01:55,912810UD8,TSRYS5870973,D,S,D,2024-09-10,1000000.00,4.081128,100.591796875
08:01:55,912810UD8,TSRYS5870973,D,S,T,2024-09-10,1000000.00,4.091348,100.452925
08:01:55,912810UD8,TSRYS5870973,D,S,T,2024-09-10,1000000.00,4.091348,100.452925
08:01:55,912810UD8,TSRYS5870973,D,S,T,2024-09-10,1000000.00,4.091348,100.452925
08:01:55,912810UD8,TSRYS5870973,D,S,T,2024-09-10,1000000.00,4.091348,100.452925
08:01:55,912810UD8,TSRYS5870973,D,S,T,2024-09-10,1000000.00,4.091348,100.452925
08:01:55,912810UD8,TSRYS5870973,D,S,T,2024-09-10,1000000.00,4.091348,100.452925
08:01:55,912810UD8,TSRYS5870973,D,S,T,2024-09-10,1000000.00,4.091348,100.452925
08:01:55,912810UD8,TSRYS5870973,D,B,C,2024-09-10,1000000.00,4.079836,100.609375
08:01:55,912810UD8,TSRYS5870973,D,S,D,2024-09-10,1000000.00,4.079836,100.609375
08:01:55,912810UD8,TSRYS5870973,D,S,D,2024-09-10,1000000.00,4.078257,100.630859375
08:01:55,912810UD8,TSRYS5870973,D,S,D,2024-09-10,1000000.00,4.078257,100.630859375
08:01:55,912810UD8,TSRYS5870973,D,S,D,2024-09-10,2000000.00,4.078257,100.630859375
08:01:55,912810UD8,TSRYS5870973,D,S,D,2024-09-10,1000000.00,4.077683,100.638671875
08:01:55,912810UD8,TSRYS5870973,D,S,T,2024-09-10,1000000.00,4.091333,100.453125
08:01:55,912810UD8,TSRYS5870973,D,S,D,2024-09-10,1000000.00,4.077683,100.638671875
08:01:55,912810UD8,TSRYS5870973,D,S,D,2024-09-10,1000000.00,4.091333,100.453125
08:01:55,912810UD8,TSRYS5870973,D,S,D,2024-09-10,1000000.00,4.077683,100.638671875
08:01:55,912810UD8,TSRYS5870973,D,S,C,2024-09-10,1000000.00,4.078113,100.6328125
08:01:55,912810UD8,TSRYS5870973,D,S,C,2024-09-10,1000000.00,4.078113,100.6328125
08:01:55,912810UD8,TSRYS5870973,D,S,D,2024-09-10,2000000.00,4.079118,100.619140625
08:01:56,912810UD8,TSRYS5870973,D,S,D,2024-09-10,1000000.00,4.078544,100.626953125
08:01:56,912810UD8,TSRYS5870973,D,S,D,2024-09-10,1000000.00,4.078544,100.626953125
08:01:56,912810UD8,TSRYS5870973,D,S,D,2024-09-10,1000000.00,4.078974,100.62109375
08:01:56,912810UD8,TSRYS5870973,D,S,D,2024-09-10,1000000.00,4.079118,100.619140625
08:01:56,912810UD8,TSRYS5870973,D,S,D,2024-09-10,1000000.00,4.079118,100.619140625
08:01:56,912810UD8,TSRYS5870973,D,S,C,2024-09-10,1000.00,4.080985,101.09375
08:01:56,912810UD8,TSRYS5870973,D,S,D,2024-09-10,1000000.00,4.078831,100.623046875
08:01:56,912810UD8,TSRYS5870973,D,S,D,2024-09-10,2000000.00,4.078831,100.623046875
08:01:56,912810UD8,TSRYS5870973,D,S,T,2024-09-10,1000000.00,4.091348,100.452925
08:01:56,912810UD8,TSRYS5870973,D,S,D,2024-09-10,1000000.00,4.078831,100.623046875
08:01:56,912810UD8,TSRYS5870973,D,S,D,2024-09-10,1000000.00,4.079549,100.61328125
08:01:56,912810UD8,TSRYS5870973,D,S,D,2024-09-10,2000000.00,4.079549,100.61328125
08:01:56,912810UD8,TSRYS5870973,D,S,D,2024-09-10,1000000.00,4.091045,100.45703125
08:01:56,912810UD8,TSRYS5870973,D,S,D,2024-09-10,1000000.00,4.090614,100.46289062
08:01:56,912810UD8,TSRYS5870973,D,S,T,2024-09-10,1000000.00,4.085596,100.53105
08:01:56,912810UD8,TSRYS5870973,D,S,T,2024-09-10,1000000.00,4.085596,100.53105
08:01:56,912810UD8,TSRYS5870973,D,S,T,2024-09-10,1000000.00,4.085596,100.53105
08:01:56,912810UD8,TSRYS5870973,D,S,T,2024-09-10,1000000.00,4.085596,100.53105
08:01:56,912810UD8,TSRYS5870973,D,S,D,2024-09-10,2000000.00,4.085582,100.53125
08:01:56,912810UD8,TSRYS5870973,D,S,T,2024-09-10,1000000.00,4.085596,100.53105
08:01:56,912810UD8,TSRYS5870973,D,S,T,2024-09-10,1000000.00,4.085596,100.53105
08:01:56,912810UD8,TSRYS5870973,D,S,T,2024-09-10,1000000.00,4.085596,100.53105
08:01:56,912810UD8,TSRYS5870973,D,S,T,2024-09-10,1000000.00,4.085596,100.53105
08:01:56,912810UD8,TSRYS5870973,D,S,T,2024-09-10,1000000.00,4.085596,100.53105
08:01:56,912810UD8,TSRYS5870973,D,S,D,2024-09-10,1000000.00,4.086444,100.51953125
08:01:56,912810UD8,TSRYS5870973,D,S,D,2024-09-10,1000000.00,4.0863,100.52148437
08:01:56,912810UD8,TSRYS5870973,D,S,T,2024-09-10,1000000.00,4.085596,100.53105
08:01:56,912810UD8,TSRYS5870973,D,S,T,2024-09-10,1000000.00,4.085596,100.53105
08:01:56,912810UD8,TSRYS5870973,D,B,C,2024-09-10,10000000.00,4.087032,100.51154
08:01:56,912810UD8,TSRYS5870973,D,S,D,2024-09-10,1000000.00,4.085438,100.53320312
08:01:56,912810UD8,TSRYS5870973,D,S,D,2024-09-10,1000000.00,4.085582,100.53125
08:01:57,912810UD8,TSRYS5870973,D,S,T,2024-09-10,1000000.00,4.085596,100.53105
08:01:57,912810UD8,TSRYS5870973,D,S,D,2024-09-10,1000000.00,4.085582,100.53125
08:01:57,912810UD8,TSRYS5870973,D,S,D,2024-09-10,1000000.00,4.085582,100.53125
08:01:57,912810UD8,TSRYS5870973,D,S,T,2024-09-10,1000000.00,4.085596,100.53105
08:01:57,912810UD8,TSRYS5870973,D,S,T,2024-09-10,1000000.00,4.085596,100.53105
08:01:57,912810UD8,TSRYS5870973,D,S,D,2024-09-10,1000000.00,4.085725,100.52929687
08:01:57,912810UD8,TSRYS5870973,D,S,D,2024-09-10,1000000.00,4.086013,100.52539062
08:01:57,912810UD8,TSRYS5870973,D,S,D,2024-09-10,1000000.00,4.085869,100.52734375
08:01:57,912810UD8,TSRYS5870973,D,S,D,2024-09-10,1000000.00,4.085582,100.53125
08:01:57,912810UD8,TSRYS5870973,D,S,T,2024-09-10,1000000.00,4.085869,100.52734375
08:01:57,912810UD8,TSRYS5870973,D,S,D,2024-09-10,1000000.00,4.085582,100.53125
08:01:57,912810UD8,TSRYS5870973,D,S,D,2024-09-10,1000000.00,4.085582,100.53125
08:01:57,912810UD8,TSRYS5870973,D,S,D,2024-09-10,1000000.00,4.085582,100.53125
08:01:57,912810UD8,TSRYS5870973,D,S,T,2024-09-10,1000000.00,4.085596,100.53105
08:01:57,912810UD8,TSRYS5870973,D,S,D,2024-09-10,1000000.00,4.085582,100.53125
08:01:57,912810UD8,TSRYS5870973,D,S,T,2024-09-10,1000000.00,4.085596,100.53105
08:01:57,912810UD8,TSRYS5870973,D,S,T,2024-09-10,1000000.00,4.085596,100.53105
08:01:57,912810UD8,TSRYS5870973,D,S,T,2024-09-10,1000000.00,4.085596,100.53105
08:01:57,912810UD8,TSRYS5870973,D,S,T,2024-09-10,1000000.00,4.085596,100.53105
08:01:57,912810UD8,TSRYS5870973,D,S,D,2024-09-10,1000000.00,4.085869,100.52734375
08:01:57,912810UD8,TSRYS5870973,D,S,D,2024-09-10,1000000.00,4.085869,100.52734375
08:01:57,912810UD8,TSRYS5870973,D,S,T,2024-09-10,1000000.00,4.085725,100.52929687
08:01:57,912810UD8,TSRYS5870973,D,S,D,2024-09-10,1000000.00,4.085725,100.52929687
08:01:57,912810UD8,TSRYS5870973,D,S,D,2024-09-10,1000000.00,4.085725,100.52929687
08:01:57,912810UD8,TSRYS5870973,D,S,C,2024-09-10,1000000.00,4.085582,100.53125
08:01:57,912810UD8,TSRYS5870973,D,S,D,2024-09-10,1000000.00,4.085869,100.52734375
08:01:57,912810UD8,TSRYS5870973,D,S,D,2024-09-10,1000000.00,4.086156,100.5234375
08:01:57,912810UD8,TSRYS5870973,D,S,D,2024-09-10,1000000.00,4.085869,100.52734375
08:01:57,912810UD8,TSRYS5870973,D,S,D,2024-09-10,1000000.00,4.086156,100.5234375
08:01:57,912810UD8,TSRYS5870973,D,S,D,2024-09-10,1000000.00,4.086588,100.517578125
08:01:57,912810UD8,TSRYS5870973,D,S,D,2024-09-10,1000000.00,4.086588,100.517578125
08:01:57,912810UD8,TSRYS5870973,D,S,D,2024-09-10,1000000.00,4.086588,100.517578125
08:01:57,912810UD8,TSRYS5870973,D,S,D,2024-09-10,1000000.00,4.086588,100.517578125
08:01:57,912810UD8,TSRYS5870973,D,S,D,2024-09-10,1000000.00,4.086588,100.517578125
08:01:57,912810UD8,TSRYS5870973,D,S,D,2024-09-10,1000000.00,4.086588,100.517578125
08:01:57,912810UD8,TSRYS5870973,D,S,D,2024-09-10,1000000.00,4.086588,100.517578125
08:01:57,912810UD8,TSRYS5870973,D,S,D,2024-09-10,1000000.00,4.086588,100.517578125
08:01:57,912810UD8,TSRYS5870973,D,S,D,2024-09-10,1000000.00,4.086588,100.517578125
08:01:57,912810UD8,TSRYS5870973,D,S,D,2024-09-10,1000000.00,4.086588,100.517578125
08:01:57,912810UD8,TSRYS5870973,D,S,D,2024-09-10,1000000.00,4.086588,100.517578125
08:01:57,912810UD8,TSRYS5870973,D,S,D,2024-09-10,1000000.00,4.085869,100.52734375
08:01:57,912810UD8,TSRYS5870973,D,S,T,2024-09-10,1000000.00,4.085869,100.52734375
08:01:57,912810UD8,TSRYS5870973,D,S,D,2024-09-10,2000000.00,4.085582,100.53125
08:01:57,912810UD8,TSRYS5870973,D,S,D,2024-09-10,2000000.00,4.085582,100.53125
08:01:58,912810UD8,TSRYS5870973,D,S,T,2024-09-10,1000000.00,4.085596,100.53105
08:01:58,912810UD8,TSRYS5870973,D,S,T,2024-09-10,1000000.00,4.085596,100.53105
08:01:58,912810UD8,TSRYS5870973,D,S,D,2024-09-10,2000000.00,4.085582,100.53125
08:01:58,912810UD8,TSRYS5870973,D,S,D,2024-09-10,2000000.00,4.085582,100.53125
08:01:58,912810UD8,TSRYS5870973,D,S,T,2024-09-10,1000000.00,4.085596,100.53105
08:01:58,912810UD8,TSRYS5870973,D,S,D,2024-09-10,1000000.00,4.085582,100.53125
08:01:58,912810UD8,TSRYS5870973,D,S,T,2024-09-10,1000000.00,4.085596,100.53105
08:01:58,912810UD8,TSRYS5870973,D,S,T,2024-09-10,1000000.00,4.085596,100.53105
08:01:58,912810UD8,TSRYS5870973,D,S,T,2024-09-10,1000000.00,4.085596,100.53105
08:01:58,912810UD8,TSRYS5870973,D,S,T,2024-09-10,1000000.00,4.085596,100.53105
08:01:58,912810UD8,TSRYS5870973,D,S,D,2024-09-10,1000000.00,4.085869,100.52734375
08:01:58,912810UD8,TSRYS5870973,D,S,T,2024-09-10,3000000.00,4.081415,100.58789062
08:01:59,912810UD8,TSRYS5870973,D,S,T,2024-09-10,1000000.00,4.081128,100.59179687
08:01:59,912810UD8,TSRYS5870973,D,S,D,2024-09-10,1000000.00,4.081272,100.58984375
08:01:59,912810UD8,TSRYS5870973,D,S,T,2024-09-10,1000000.00,4.081272,100.58984375
08:01:59,912810UD8,TSRYS5870973,D,S,D,2024-09-10,1000000.00,4.081272,100.58984375
08:01:59,912810UD8,TSRYS5870973,D,S,D,2024-09-10,1000000.00,4.081272,100.58984375
08:01:59,912810UD8,TSRYS5870973,D,S,C,2024-09-10,1000000.00,4.081272,100.58984375
08:01:59,912810UD8,TSRYS5870973,D,S,T,2024-09-10,1000000.00,4.080985,100.59375
08:01:59,912810UD8,TSRYS5870973,D,S,T,2024-09-10,3000000.00,4.0784,100.62890625
08:01:59,912810UD8,TSRYS5870973,D,S,D,2024-09-10,1000000.00,4.077826,100.63671875
08:01:59,912810UD8,TSRYS5870973,D,S,C,2024-09-10,1000000.00,4.077683,100.63867187
08:01:59,912810UD8,TSRYS5870973,D,S,D,2024-09-10,1000000.00,4.0784,100.62890625
08:01:59,912810UD8,TSRYS5870973,D,S,T,2024-09-10,1000000.00,4.078687,100.625
08:01:59,912810UD8,TSRYS5870973,D,S,D,2024-09-10,2000000.00,4.078687,100.625
08:01:59,912810UD8,TSRYS5870973,D,S,D,2024-09-10,1000000.00,4.078687,100.625
08:01:59,912810UD8,TSRYS5870973,D,S,T,2024-09-10,1000000.00,4.078702,100.6248
08:01:59,912810UD8,TSRYS5870973,D,S,T,2024-09-10,1000000.00,4.078702,100.6248
08:01:59,912810UD8,TSRYS5870973,D,S,T,2024-09-10,2000000.00,4.079692,100.61132812
08:01:59,912810UD8,TSRYS5870973,D,S,T,2024-09-10,1000000.00,4.079692,100.61132812
08:01:59,912810UD8,TSRYS5870973,D,S,C,2024-09-10,1000000.00,4.080267,100.60351562
08:01:59,912810UD8,TSRYS5870973,D,S,D,2024-09-10,1000000.00,4.08041,100.6015625
08:01:59,912810UD8,TSRYS5870973,D,S,D,2024-09-10,1000000.00,4.080985,100.59375
08:01:59,912810UD8,TSRYS5870973,D,S,D,2024-09-10,1000000.00,4.081559,100.5859375
08:02:00,912810UD8,TSRYS5870973,D,S,C,2024-09-10,1000000.00,4.079821,100.609575
08:02:00,912810UD8,TSRYS5870973,D,S,T,2024-09-10,1000000.00,4.089463,100.478515625
08:02:00,912810UD8,TSRYS5870973,D,S,T,2024-09-10,1000000.00,4.080985,100.59375
08:02:00,912810UD8,TSRYS5870973,D,S,T,2024-09-10,1000000.00,4.07797,100.634765625
08:02:01,912810UD8,TSRYS5870973,D,S,T,2024-09-10,1000000.00,4.093923,100.41796875
08:02:01,912810UD8,TSRYS5870973,D,S,T,2024-09-10,1000000.00,4.092484,100.4375
08:02:01,912810UD8,TSRYS5870973,D,S,D,2024-09-10,1000000.00,4.082133,100.578125
08:02:01,912810UD8,TSRYS5870973,D,B,C,2024-09-10,1000000.00,4.082133,100.578125
08:02:01,912810UD8,TSRYS5870973,D,B,C,2024-09-10,1000000.00,4.08215,100.5779
08:02:01,912810UD8,TSRYS5870973,D,S,D,2024-09-10,1000000.00,4.082133,100.578125
08:02:01,912810UD8,TSRYS5870973,D,S,T,2024-09-10,1000000.00,4.091908,100.4453125
08:02:01,912810UD8,TSRYS5870973,D,S,T,2024-09-10,1000000.00,4.091333,100.453125
08:02:01,912810UD8,TSRYS5870973,D,S,T,2024-09-10,1000000.00,4.087163,100.509765625
08:02:01,912810UD8,TSRYS5870973,D,S,T,2024-09-10,1000000.00,4.085725,100.529296875
08:02:01,912810UD8,TSRYS5870973,D,S,T,2024-09-10,1000000.00,4.085869,100.52734375
08:02:01,912810UD8,TSRYS5870973,D,S,D,2024-09-10,1000000.00,4.08357,100.55859375
08:02:01,912810UD8,TSRYS5870973,D,S,T,2024-09-10,1000000.00,4.085582,100.53125
08:02:01,912810UD8,TSRYS5870973,D,S,T,2024-09-10,1000000.00,4.085582,100.53125
08:02:01,912810UD8,TSRYS5870973,D,S,T,2024-09-10,2000000.00,4.082708,100.5703125
08:02:01,912810UD8,TSRYS5870973,D,S,T,2024-09-10,1000000.00,4.082708,100.5703125
08:02:01,912810UD8,TSRYS5870973,D,S,T,2024-09-10,1000000.00,4.079836,100.609375
08:02:01,912810UD8,TSRYS5870973,D,S,T,2024-09-10,1000000.00,4.079979,100.607421875
08:02:01,912810UD8,TSRYS5870973,D,S,T,2024-09-10,2000000.00,4.079979,100.607421875
08:02:01,912810UD8,TSRYS5870973,D,S,T,2024-09-10,2000000.00,4.080985,100.59375
08:02:01,912810UD8,TSRYS5870973,D,S,D,2024-09-10,1000000.00,4.080985,100.59375
08:02:01,912810UD8,TSRYS5870973,D,S,T,2024-09-10,1000000.00,4.076391,100.65625
08:02:01,912810UD8,TSRYS5870973,D,S,T,2024-09-10,1000000.00,4.080985,100.59375
08:02:01,912810UD8,TSRYS5870973,D,S,T,2024-09-10,2000000.00,4.080985,100.59375
08:02:01,912810UD8,TSRYS5870973,D,S,T,2024-09-10,1000000.00,4.089032,100.484375
08:02:01,912810UD8,TSRYS5870973,D,S,T,2024-09-10,1000000.00,4.089032,100.484375
08:02:01,912810UD8,TSRYS5870973,D,S,T,2024-09-10,1000000.00,4.089032,100.484375
08:02:01,912810UD8,TSRYS5870973,D,S,T,2024-09-10,1000000.00,4.083283,100.5625
08:02:01,912810UD8,TSRYS5870973,D,S,T,2024-09-10,1000000.00,4.083283,100.5625
08:02:01,912810UD8,TSRYS5870973,D,S,T,2024-09-10,1000000.00,4.080985,100.59375
08:02:01,912810UD8,TSRYS5870973,D,S,T,2024-09-10,1000000.00,4.080985,100.59375
08:02:01,912810UD8,TSRYS5870973,D,S,D,2024-09-10,1000000.00,4.082708,100.5703125
08:02:01,912810UD8,TSRYS5870973,D,S,T,2024-09-10,1000000.00,4.082133,100.578125
08:02:01,912810UD8,TSRYS5870973,D,S,T,2024-09-10,1000000.00,4.082133,100.578125
08:02:01,912810UD8,TSRYS5870973,D,S,D,2024-09-10,1000000.00,4.085869,100.52734375
08:02:01,912810UD8,TSRYS5870973,D,S,D,2024-09-10,1000000.00,4.086156,100.5234375
08:02:01,912810UD8,TSRYS5870973,D,S,C,2024-09-10,1000000.00,4.086013,100.52539062
08:02:01,912810UD8,TSRYS5870973,D,S,T,2024-09-10,1000000.00,4.091333,100.453125
08:02:01,912810UD8,TSRYS5870973,D,S,T,2024-09-10,1000000.00,4.095938,100.390625
08:02:01,912810UD8,TSRYS5870973,D,S,T,2024-09-10,1000000.00,4.092484,100.4375
08:02:01,912810UD8,TSRYS5870973,D,S,T,2024-09-10,1000000.00,4.092484,100.4375
08:02:01,912810UD8,TSRYS5870973,D,S,T,2024-09-10,1000000.00,4.093635,100.421875
08:02:01,912810UD8,TSRYS5870973,D,S,T,2024-09-10,1000000.00,4.093635,100.421875
08:02:01,912810UD8,TSRYS5870973,D,S,D,2024-09-10,1000000.00,4.080985,100.59375
08:02:01,912810UD8,TSRYS5870973,D,S,D,2024-09-10,1000000.00,4.080985,100.59375
08:02:02,912810UD8,TSRYS5870973,D,S,T,2024-09-10,1000000.00,4.080999,100.59355
08:02:02,912810UD8,TSRYS5870973,D,S,D,2024-09-10,1000000.00,4.080985,100.59375
08:02:02,912810UD8,TSRYS5870973,D,S,T,2024-09-10,1000000.00,4.092484,100.4375
08:02:02,912810UD8,TSRYS5870973,D,S,T,2024-09-10,1000000.00,4.091333,100.453125
08:02:02,912810UD8,TSRYS5870973,D,S,D,2024-09-10,1000000.00,4.093347,100.42578125
08:02:02,912810UD8,TSRYS5870973,D,S,T,2024-09-10,1000000.00,4.091333,100.453125
08:02:02,912810UD8,TSRYS5870973,D,S,T,2024-09-10,1000000.00,4.086731,100.515625
08:02:02,912810UD8,TSRYS5870973,D,S,T,2024-09-10,1000000.00,4.086731,100.515625
08:02:02,912810UD8,TSRYS5870973,D,S,T,2024-09-10,1000000.00,4.085582,100.53125
08:02:02,912810UD8,TSRYS5870973,D,S,T,2024-09-10,1000000.00,4.084432,100.546875
08:02:02,912810UD8,TSRYS5870973,D,S,T,2024-09-10,1000000.00,4.085582,100.53125
08:02:02,912810UD8,TSRYS5870973,D,S,T,2024-09-10,1000000.00,4.080999,100.59355
08:02:02,912810UD8,TSRYS5870973,D,S,T,2024-09-10,1000000.00,4.078687,100.625
08:02:02,912810UD8,TSRYS5870973,D,S,T,2024-09-10,1000000.00,4.079836,100.609375
08:02:02,912810UD8,TSRYS5870973,D,S,D,2024-09-10,1000000.00,4.080985,100.59375
08:02:02,912810UD8,TSRYS5870973,D,S,T,2024-09-10,1000000.00,4.080999,100.59355
08:02:02,912810UD8,TSRYS5870973,D,S,D,2024-09-10,1000000.00,4.080985,100.59375
08:02:02,912810UD8,TSRYS5870973,D,S,T,2024-09-10,1000000.00,4.080985,100.59375
08:02:02,912810UD8,TSRYS5870973,D,S,T,2024-09-10,1000000.00,4.080999,100.59355
08:02:02,912810UD8,TSRYS5870973,D,S,T,2024-09-10,1000000.00,4.080999,100.59355
08:02:02,912810UD8,TSRYS5870973,D,S,D,2024-09-10,1000000.00,4.075243,100.671875
08:02:02,912810UD8,TSRYS5870973,D,S,T,2024-09-10,1000000.00,4.080985,100.59375
08:02:02,912810UD8,TSRYS5870973,D,S,T,2024-09-10,1000000.00,4.080985,100.59375
08:02:02,912810UD8,TSRYS5870973,D,S,T,2024-09-10,1000000.00,4.079836,100.609375
08:02:02,912810UD8,TSRYS5870973,D,S,T,2024-09-10,1000000.00,4.080999,100.59355
08:02:02,912810UD8,TSRYS5870973,D,S,T,2024-09-10,1000000.00,4.087881,100.5
08:02:02,912810UD8,TSRYS5870973,D,S,T,2024-09-10,1000000.00,4.080999,100.59355
08:02:02,912810UD8,TSRYS5870973,D,S,T,2024-09-10,1000000.00,4.089032,100.484375
08:02:02,912810UD8,TSRYS5870973,D,S,T,2024-09-10,2000000.00,4.094787,100.40625
08:02:02,912810UD8,TSRYS5870973,D,S,T,2024-09-10,1000000.00,4.094787,100.40625
08:02:02,912810UD8,TSRYS5870973,D,S,T,2024-09-10,1000000.00,4.080999,100.59355
08:02:02,912810UD8,TSRYS5870973,D,S,T,2024-09-10,1000000.00,4.080999,100.59355
08:02:02,912810UD8,TSRYS5870973,D,S,T,2024-09-10,1000000.00,4.080999,100.59355
08:02:02,912810UD8,TSRYS5870973,D,S,T,2024-09-10,1000000.00,4.080999,100.59355
08:02:02,912810UD8,TSRYS5870973,D,S,D,2024-09-10,1000000.00,4.076391,100.65625
08:02:02,912810UD8,TSRYS5870973,D,S,T,2024-09-10,1000000.00,4.092484,100.4375
08:02:02,912810UD8,TSRYS5870973,D,S,T,2024-09-10,1000000.00,4.095938,100.390625
08:02:02,912810UD8,TSRYS5870973,D,S,T,2024-09-10,1000000.00,4.095938,100.390625
08:02:02,912810UD8,TSRYS5870973,D,S,T,2024-09-10,1000000.00,4.094787,100.40625
08:02:02,912810UD8,TSRYS5870973,D,S,T,2024-09-10,1000000.00,4.093635,100.421875
08:02:02,912810UD8,TSRYS5870973,D,S,D,2024-09-10,1000000.00,4.079549,100.61328125
08:02:02,912810UD8,TSRYS5870973,D,S,D,2024-09-10,2000000.00,4.079549,100.61328125
08:02:02,912810UD8,TSRYS5870973,D,S,T,2024-09-10,1000000.00,4.079836,100.609375
08:02:02,912810UD8,TSRYS5870973,D,S,D,2024-09-10,2000000.00,4.079836,100.609375
08:02:02,912810UD8,TSRYS5870973,D,S,T,2024-09-10,1000000.00,4.079851,100.609175
08:02:02,912810UD8,TSRYS5870973,D,S,C,2024-09-10,1000000.00,4.076375,100.656477
08:02:02,912810UD8,TSRYS5870973,D,S,C,2024-09-10,1000000.00,4.081128,100.59179687
08:02:02,912810UD8,TSRYS5870973,D,S,D,2024-09-10,1000000.00,4.081128,100.59179687
08:02:02,912810UD8,TSRYS5870973,D,S,D,2024-09-10,1000000.00,4.081128,100.59179687
08:02:03,912810UD8,TSRYS5870973,D,S,D,2024-09-10,1000000.00,4.081272,100.58984375
08:02:03,912810UD8,TSRYS5870973,D,S,C,2024-09-10,2000000.00,4.080985,100.59375
08:02:03,912810UD8,TSRYS5870973,D,S,T,2024-09-10,1000000.00,4.080999,100.59355
08:02:03,912810UD8,TSRYS5870973,D,S,T,2024-09-10,1000000.00,4.080999,100.59355
08:02:03,912810UD8,TSRYS5870973,D,S,T,2024-09-10,1000000.00,4.080999,100.59355
08:02:03,912810UD8,TSRYS5870973,D,S,C,2024-09-10,1000000.00,4.078671,100.625227
08:02:03,912810UD8,TSRYS5870973,D,S,D,2024-09-10,1000000.00,4.078687,100.625
08:02:03,912810UD8,TSRYS5870973,D,S,D,2024-09-10,1000000.00,4.079836,100.609375
08:02:03,912810UD8,TSRYS5870973,D,S,D,2024-09-10,1000000.00,4.079836,100.609375
08:02:03,912810UD8,TSRYS5870973,D,S,D,2024-09-10,1000000.00,4.079836,100.609375
08:02:03,912810UD8,TSRYS5870973,D,S,D,2024-09-10,1000000.00,4.079836,100.609375
08:02:03,912810UD8,TSRYS5870973,D,S,D,2024-09-10,1000000.00,4.079836,100.609375
08:02:03,912810UD8,TSRYS5870973,D,B,C,2024-09-10,2000000.00,4.078687,100.625
08:02:03,912810UD8,TSRYS5870973,D,S,T,2024-09-10,2000000.00,4.078257,100.63085937
08:02:03,912810UD8,TSRYS5870973,D,S,D,2024-09-10,2000000.00,4.078687,100.625
08:02:03,912810UD8,TSRYS5870973,D,S,C,2024-09-10,1000000.00,4.078687,100.625
08:02:03,912810UD8,TSRYS5870973,D,B,C,2024-09-10,1000000.00,4.078687,100.625
08:02:04,912810UD8,TSRYS5870973,D,S,D,2024-09-10,1000000.00,4.081559,100.5859375
08:02:04,912810UD8,TSRYS5870973,D,S,D,2024-09-10,1000000.00,4.081559,100.5859375
08:02:04,912810UD8,TSRYS5870973,D,S,T,2024-09-10,1000000.00,4.077683,100.63867187
08:02:04,912810UD8,TSRYS5870973,D,S,C,2024-09-10,1000000.00,4.079819,100.609602
08:02:04,912810UD8,TSRYS5870973,D,S,D,2024-09-10,1000000.00,4.077683,100.63867187
08:02:04,912810UD8,TSRYS5870973,D,S,T,2024-09-10,1000000.00,4.077683,100.63867187
08:02:04,912810UD8,TSRYS5870973,D,S,D,2024-09-10,2000000.00,4.077683,100.63867187
08:02:04,912810UD8,TSRYS5870973,D,S,T,2024-09-10,1000000.00,4.077683,100.63867187
08:02:04,912810UD8,TSRYS5870973,D,S,D,2024-09-10,1000000.00,4.077683,100.63867187
08:02:04,912810UD8,TSRYS5870973,D,S,D,2024-09-10,1000000.00,4.077826,100.63671875
08:02:04,912810UD8,TSRYS5870973,D,S,D,2024-09-10,1000000.00,4.077826,100.63671875
08:02:04,912810UD8,TSRYS5870973,D,S,D,2024-09-10,1000000.00,4.07797,100.63476562
08:02:04,912810UD8,TSRYS5870973,D,S,D,2024-09-10,1000000.00,4.077826,100.63671875
08:02:04,912810UD8,TSRYS5870973,D,S,D,2024-09-10,1000000.00,4.078113,100.6328125
08:02:04,912810UD8,TSRYS5870973,D,S,T,2024-09-10,1000000.00,4.078113,100.6328125
08:02:04,912810UD8,TSRYS5870973,D,S,T,2024-09-10,1000000.00,4.078113,100.6328125
08:02:04,912810UD8,TSRYS5870973,D,S,T,2024-09-10,1000000.00,4.078702,100.6248
08:02:04,912810UD8,TSRYS5870973,D,S,D,2024-09-10,1000000.00,4.082133,100.578125
08:02:04,912810UD8,TSRYS5870973,D,S,T,2024-09-10,2000000.00,4.079118,100.61914062
08:02:04,912810UD8,TSRYS5870973,D,S,D,2024-09-10,1000000.00,4.096226,100.38671875
08:02:04,912810UD8,TSRYS5870973,D,S,D,2024-09-10,1000000.00,4.079836,100.609375
08:02:04,912810UD8,TSRYS5870973,D,S,D,2024-09-10,1000000.00,4.095074,100.40234375
08:02:04,912810UD8,TSRYS5870973,D,S,D,2024-09-10,1000000.00,4.080985,100.59375
08:02:04,912810UD8,TSRYS5870973,D,S,D,2024-09-10,2000000.00,4.094787,100.40625
08:02:04,912810UD8,TSRYS5870973,D,S,D,2024-09-10,1000000.00,4.080985,100.59375
08:02:04,912810UD8,TSRYS5870973,D,B,C,2024-09-10,1000000.00,4.079836,100.609375
08:02:04,912810UD8,TSRYS5870973,D,S,D,2024-09-10,2000000.00,4.080985,100.59375
08:02:04,912810UD8,TSRYS5870973,D,B,C,2024-09-10,1000000.00,4.079836,100.609375
08:02:04,912810UD8,TSRYS5870973,D,S,D,2024-09-10,1000000.00,4.079836,100.609375
08:02:05,912810UD8,TSRYS5870973,D,S,D,2024-09-10,1000000.00,4.093347,100.42578125
08:02:05,912810UD8,TSRYS5870973,D,S,D,2024-09-10,1000000.00,4.093491,100.423828125
08:02:05,912810UD8,TSRYS5870973,D,S,D,2024-09-10,1000000.00,4.081272,100.58984375
08:02:05,912810UD8,TSRYS5870973,D,S,C,2024-09-10,1000000.00,4.078671,100.625227
08:02:05,912810UD8,TSRYS5870973,D,S,D,2024-09-10,1000000.00,4.078687,100.625
08:02:05,912810UD8,TSRYS5870973,D,S,D,2024-09-10,1000000.00,4.078687,100.625
08:02:05,912810UD8,TSRYS5870973,D,S,D,2024-09-10,1000000.00,4.078687,100.625
08:02:05,912810UD8,TSRYS5870973,D,S,D,2024-09-10,1000000.00,4.078687,100.625
08:02:05,912810UD8,TSRYS5870973,D,S,T,2024-09-10,1000000.00,4.085582,100.53125
08:02:06,912810UD8,TSRYS5870973,D,S,D,2024-09-10,1000000.00,4.092772,100.43359375
08:02:06,912810UD8,TSRYS5870973,D,S,D,2024-09-10,1000000.00,4.092196,100.44140625
08:02:06,912810UD8,TSRYS5870973,D,S,C,2024-09-10,1000000.00,4.092196,100.44140625
08:02:06,912810UD8,TSRYS5870973,D,S,D,2024-09-10,1000000.00,4.092196,100.44140625
08:02:06,912810UD8,TSRYS5870973,D,S,T,2024-09-10,1000000.00,4.086588,100.51757812
08:02:06,912810UD8,TSRYS5870973,D,S,T,2024-09-10,1000000.00,4.086588,100.51757812
08:02:06,912810UD8,TSRYS5870973,D,S,T,2024-09-10,1000000.00,4.086588,100.51757812
08:02:06,912810UD8,TSRYS5870973,D,S,D,2024-09-10,1000000.00,4.091621,100.44921875
08:02:06,912810UD8,TSRYS5870973,D,S,D,2024-09-10,1000000.00,4.091908,100.4453125
08:02:06,912810UD8,TSRYS5870973,D,S,D,2024-09-10,1000000.00,4.08684,100.51415
08:02:08,912810UD8,TSRYS5870973,D,S,D,2024-09-10,4000000.00,4.087373,100.5069
08:02:09,912810UD8,TSRYS5870973,D,S,D,2024-09-10,4000000.00,4.087895,100.49982
08:02:10,912810UD8,TSRYS5870973,D,S,D,2024-09-10,1000000.00,4.095074,100.40234375
08:02:10,912810UD8,TSRYS5870973,D,S,D,2024-09-10,2000000.00,4.094787,100.40625
08:02:10,912810UD8,TSRYS5870973,D,S,D,2024-09-10,1000000.00,4.094787,100.40625
08:02:10,912810UD8,TSRYS5870973,D,S,D,2024-09-10,1000000.00,4.094787,100.40625
08:02:10,912810UD8,TSRYS5870973,D,S,T,2024-09-10,1000000.00,4.087881,100.5
08:02:10,912810UD8,TSRYS5870973,D,S,T,2024-09-10,1000000.00,4.087881,100.5
08:02:10,912810UD8,TSRYS5870973,D,B,A,2024-09-10,1000000.00,4.087881,100.5
08:02:10,912810UD8,TSRYS5870973,D,B,A,2024-09-10,1000000.00,4.087881,100.5
08:02:11,912810UD8,TSRYS5870973,D,S,C,2024-09-10,1000000.00,4.092916,100.43164062
08:02:11,912810UD8,TSRYS5870973,D,B,C,2024-09-10,50MM+,4.08214,100.57803
08:02:11,912810UD8,TSRYS5870973,D,S,C,2024-09-10,1000000.00,4.093059,100.4296875
08:02:11,912810UD8,TSRYS5870973,D,S,D,2024-09-10,1000000.00,4.092772,100.43359375
08:02:12,912810UD8,TSRYS5870973,D,S,D,2024-09-10,1000000.00,4.093347,100.42578125
08:02:12,912810UD8,TSRYS5870973,D,S,D,2024-09-10,1000000.00,4.093347,100.42578125
08:02:12,912810UD8,TSRYS5870973,D,S,D,2024-09-10,1000000.00,4.093347,100.42578125
08:02:12,912810UD8,TSRYS5870973,D,S,C,2024-09-10,1000000.00,4.093347,100.42578125
08:02:12,912810UD8,TSRYS5870973,D,S,D,2024-09-10,1000000.00,4.094499,100.41015625
08:02:13,912810UD8,TSRYS5870973,D,S,D,2024-09-10,2000000.00,4.092628,100.435546875
08:02:13,912810UD8,TSRYS5870973,D,S,C,2024-09-10,1000000.00,4.091621,100.44921875
08:02:13,912810UD8,TSRYS5870973,D,S,T,2024-09-10,1000000.00,4.079836,100.609375
08:02:13,912810UD8,TSRYS5870973,D,S,D,2024-09-10,1000000.00,4.093347,100.42578125
08:02:13,912810UD8,TSRYS5870973,D,S,D,2024-09-10,1000000.00,4.093635,100.421875
08:02:14,912810UD8,TSRYS5870973,D,S,D,2024-09-10,1000000.00,4.095074,100.40234375
08:02:14,912810UD8,TSRYS5870973,D,S,D,2024-09-10,1000000.00,4.095218,100.40039062
08:02:16,912810UD8,TSRYS5870973,D,S,T,2024-09-10,1000000.00,4.093347,100.42578125
08:02:16,912810UD8,TSRYS5870973,D,S,D,2024-09-10,1000000.00,4.093347,100.42578125
08:02:16,912810UD8,TSRYS5870973,D,S,T,2024-09-10,1000000.00,4.093491,100.42382812
08:02:16,912810UD8,TSRYS5870973,D,S,D,2024-09-10,1000000.00,4.093491,100.42382812
08:02:16,912810UD8,TSRYS5870973,D,S,C,2024-09-10,1000000.00,4.092628,100.43554687
08:02:16,912810UD8,TSRYS5870973,D,S,D,2024-09-10,1000000.00,4.092628,100.43554687
08:02:18,912810UD8,TSRYS5870973,D,S,C,2024-09-10,1000000.00,4.082119,100.578325
08:02:18,912810UD8,TSRYS5870973,D,S,D,2024-09-10,1000000.00,4.091908,100.4453125
08:02:18,912810UD8,TSRYS5870973,D,S,T,2024-09-10,1000000.00,4.091908,100.4453125
08:02:18,912810UD8,TSRYS5870973,D,B,A,2024-09-10,1000000.00,4.096226,100.38671875
08:02:18,912810UD8,TSRYS5870973,D,B,C,2024-09-10,1000000.00,4.082144,100.577975
08:02:18,912810UD8,TSRYS5870973,D,S,D,2024-09-10,1000000.00,4.082133,100.578125
08:02:18,912810UD8,TSRYS5870973,D,S,C,2024-09-10,1000000.00,4.082133,100.578125
08:02:18,912810UD8,TSRYS5870973,D,B,C,2024-09-10,1000000.00,4.082133,100.578125
08:02:18,912810UD8,TSRYS5870973,D,S,C,2024-09-10,1000000.00,4.082133,100.578125
08:02:21,912810UD8,TSRYS5870973,D,B,C,2024-09-10,1000000.00,4.089043,100.484225
08:02:21,912810UD8,TSRYS5870973,D,S,T,2024-09-10,1000000.00,4.094499,100.41015625
08:02:21,912810UD8,TSRYS5870973,D,S,D,2024-09-10,1000000.00,4.089032,100.484375
08:02:21,912810UD8,TSRYS5870973,D,S,C,2024-09-10,1000000.00,4.089017,100.484575
08:02:21,912810UD8,TSRYS5870973,D,S,C,2024-09-10,1000000.00,4.089017,100.484575
08:02:21,912810UD8,TSRYS5870973,D,S,T,2024-09-10,2000000.00,4.092628,100.43554687
08:02:21,912810UD8,TSRYS5870973,D,S,D,2024-09-10,1000000.00,4.089032,100.484375
08:02:21,912810UD8,TSRYS5870973,D,B,C,2024-09-10,1000000.00,4.089043,100.484225
08:02:21,912810UD8,TSRYS5870973,D,S,D,2024-09-10,1000000.00,4.092484,100.4375
08:02:21,912810UD8,TSRYS5870973,D,S,T,2024-09-10,1000000.00,4.092499,100.4373
08:02:21,912810UD8,TSRYS5870973,D,B,C,2024-09-10,1000000.00,4.089043,100.484225
08:02:22,912810UD8,TSRYS5870973,D,B,C,2024-09-10,1000000.00,4.089043,100.484225
08:02:22,912810UD8,TSRYS5870973,D,S,C,2024-09-10,1000000.00,4.089017,100.484575
08:02:22,912810UD8,TSRYS5870973,D,B,C,2024-09-10,1000000.00,4.089043,100.484225
08:02:22,912810UD8,TSRYS5870973,D,S,D,2024-09-10,1000000.00,4.092484,100.4375
08:02:22,912810UD8,TSRYS5870973,D,S,T,2024-09-10,1000000.00,4.094787,100.40625
08:02:22,912810UD8,TSRYS5870973,D,B,C,2024-09-10,1000000.00,4.082133,100.578125
08:02:23,912810UD8,TSRYS5870973,D,S,D,2024-09-10,505000.00,4.093923,100.41796875
08:02:23,912810UD8,TSRYS5870973,D,S,T,2024-09-10,1000000.00,4.093635,100.421875
08:02:23,912810UD8,TSRYS5870973,D,S,D,2024-09-10,1000000.00,4.093635,100.421875
08:02:23,912810UD8,TSRYS5870973,D,S,A,2024-09-10,160000.00,4.093635,100.421875
08:02:23,912810UD8,TSRYS5870973,D,S,D,2024-09-10,150000.00,4.091908,100.4453125
08:02:23,912810UD8,TSRYS5870973,D,S,D,2024-09-10,110000.00,4.091621,100.44921875
08:02:23,912810UD8,TSRYS5870973,D,S,T,2024-09-10,1000000.00,4.085582,100.53125
08:02:23,912810UD8,TSRYS5870973,D,S,T,2024-09-10,1000000.00,4.085582,100.53125
08:02:23,912810UD8,TSRYS5870973,D,S,A,2024-09-10,85000.00,4.085007,100.5390625
08:02:23,912810UD8,TSRYS5870973,D,S,D,2024-09-10,1000000.00,4.093635,100.421875
08:02:23,912810UD8,TSRYS5870973,D,S,T,2024-09-10,1000000.00,4.085582,100.53125
08:02:23,912810UD8,TSRYS5870973,D,S,T,2024-09-10,1000000.00,4.085582,100.53125
08:02:23,912810UD8,TSRYS5870973,D,S,T,2024-09-10,1000000.00,4.085582,100.53125
08:02:23,912810UD8,TSRYS5870973,D,S,T,2024-09-10,1000000.00,4.085582,100.53125
08:02:23,912810UD8,TSRYS5870973,D,S,T,2024-09-10,1000000.00,4.085582,100.53125
08:02:23,912810UD8,TSRYS5870973,D,S,T,2024-09-10,1000000.00,4.085582,100.53125
08:02:23,912810UD8,TSRYS5870973,D,S,T,2024-09-10,1000000.00,4.085582,100.53125
08:02:23,912810UD8,TSRYS5870973,D,S,T,2024-09-10,1000000.00,4.085582,100.53125
08:02:23,912810UD8,TSRYS5870973,D,S,T,2024-09-10,1000000.00,4.085582,100.53125
08:02:23,912810UD8,TSRYS5870973,D,S,T,2024-09-10,1000000.00,4.085725,100.529296875
08:02:23,912810UD8,TSRYS5870973,D,S,T,2024-09-10,1000000.00,4.085582,100.53125
08:02:23,912810UD8,TSRYS5870973,D,S,T,2024-09-10,1000000.00,4.085582,100.53125
08:02:23,912810UD8,TSRYS5870973,D,S,T,2024-09-10,1000000.00,4.085582,100.53125
08:02:23,912810UD8,TSRYS5870973,D,S,T,2024-09-10,1000000.00,4.085582,100.53125
08:02:23,912810UD8,TSRYS5870973,D,S,T,2024-09-10,1000000.00,4.085582,100.53125
08:02:23,912810UD8,TSRYS5870973,D,S,T,2024-09-10,1000000.00,4.085582,100.53125
08:02:23,912810UD8,TSRYS5870973,D,S,T,2024-09-10,1000000.00,4.085582,100.53125
08:02:23,912810UD8,TSRYS5870973,D,S,T,2024-09-10,1000000.00,4.085582,100.53125
08:02:23,912810UD8,TSRYS5870973,D,S,T,2024-09-10,1000000.00,4.085582,100.53125
08:02:23,912810UD8,TSRYS5870973,D,S,T,2024-09-10,1000000.00,4.085582,100.53125
08:02:23,912810UD8,TSRYS5870973,D,S,T,2024-09-10,1000000.00,4.085582,100.53125
08:02:23,912810UD8,TSRYS5870973,D,B,C,2024-09-10,23000000.00,4.085724,100.52931
08:02:24,912810UD8,TSRYS5870973,D,S,A,2024-09-10,25000.00,4.080697,100.59765625
08:02:24,912810UD8,TSRYS5870973,D,S,C,2024-09-10,11000000.00,4.083214,100.563432
08:02:24,912810UD8,TSRYS5870973,D,S,C,2024-09-10,15000000.00,4.081181,100.59108
08:02:24,912810UD8,TSRYS5870973,D,S,T,2024-09-10,1000000.00,4.085582,100.53125
08:02:24,912810UD8,TSRYS5870973,D,S,T,2024-09-10,1000000.00,4.085582,100.53125
08:02:24,912810UD8,TSRYS5870973,D,S,D,2024-09-10,1000000.00,4.087881,100.5
08:02:26,912810UD8,TSRYS5870973,D,S,T,2024-09-10,1000000.00,4.09709,100.375
08:02:26,912810UD8,TSRYS5870973,D,S,C,2024-09-10,30000.00,4.092484,100.45416666667
08:02:26,912810UD8,TSRYS5870973,D,S,T,2024-09-10,1000000.00,4.095938,100.390625
08:02:28,912810UD8,TSRYS5870973,D,S,C,2024-09-10,1000000.00,4.087869,100.500175
08:02:29,912810UD8,TSRYS5870973,D,S,D,2024-09-10,1000000.00,4.089032,100.484375
08:02:29,912810UD8,TSRYS5870973,D,B,C,2024-09-10,1000000.00,4.087881,100.5
08:02:29,912810UD8,TSRYS5870973,D,S,C,2024-09-10,1000000.00,4.087867,100.5002
08:02:29,912810UD8,TSRYS5870973,D,B,C,2024-09-10,1000000.00,4.087881,100.5
08:02:30,912810UD8,TSRYS5870973,D,S,C,2024-09-10,1000000.00,4.090167,100.46895
08:02:30,912810UD8,TSRYS5870973,D,B,C,2024-09-10,1000000.00,4.090193,100.4686
08:02:30,912810UD8,TSRYS5870973,D,S,D,2024-09-10,1000000.00,4.089032,100.484375
08:02:32,912810UD8,TSRYS5870973,D,B,C,2024-09-10,1000000.00,4.086746,100.515425
08:02:32,912810UD8,TSRYS5870973,D,S,D,2024-09-10,1000000.00,4.086731,100.515625
08:02:32,912810UD8,TSRYS5870973,D,B,C,2024-09-10,1000000.00,4.090197,100.46855
08:02:32,912810UD8,TSRYS5870973,D,S,C,2024-09-10,1000000.00,4.090169,100.468925
08:02:33,912810UD8,TSRYS5870973,D,S,D,2024-09-10,10000.00,4.095938,100.390625
08:02:33,912810UD8,TSRYS5870973,D,S,D,2024-09-10,100000.00,4.094499,100.41015625
08:02:34,912810UD8,TSRYS5870973,D,B,A,2024-09-10,2000000.00,4.097378,100.37109375
08:02:34,912810UD8,TSRYS5870973,D,B,C,2024-09-10,1000000.00,4.089046,100.484175
08:02:34,912810UD8,TSRYS5870973,D,S,C,2024-09-10,1000000.00,4.089032,100.484375
08:02:34,912810UD8,TSRYS5870973,D,S,D,2024-09-10,1000000.00,4.089032,100.484375
08:02:34,912810UD8,TSRYS5870973,D,S,D,2024-09-10,1000000.00,4.089032,100.484375
08:02:34,912810UD8,TSRYS5870973,D,S,D,2024-09-10,1000000.00,4.089032,100.484375
08:02:34,912810UD8,TSRYS5870973,D,S,D,2024-09-10,1000000.00,4.089032,100.484375
08:02:34,912810UD8,TSRYS5870973,D,S,D,2024-09-10,1000000.00,4.089032,100.484375
08:02:34,912810UD8,TSRYS5870973,D,S,D,2024-09-10,1000000.00,4.089032,100.484375
08:02:34,912810UD8,TSRYS5870973,D,S,D,2024-09-10,1000000.00,4.089032,100.484375
08:02:34,912810UD8,TSRYS5870973,D,S,D,2024-09-10,1000000.00,4.089032,100.484375
08:02:35,912810UD8,TSRYS5870973,D,B,C,2024-09-10,1000000.00,4.087896,100.4998
08:02:35,912810UD8,TSRYS5870973,D,S,D,2024-09-10,1000000.00,4.087881,100.5
08:02:35,912810UD8,TSRYS5870973,D,S,D,2024-09-10,1000000.00,4.087881,100.5
08:02:35,912810UD8,TSRYS5870973,D,S,D,2024-09-10,1000000.00,4.087881,100.5
08:02:35,912810UD8,TSRYS5870973,D,S,D,2024-09-10,1000000.00,4.090182,100.46875
08:02:35,912810UD8,TSRYS5870973,D,S,D,2024-09-10,1000000.00,4.090182,100.46875
08:02:35,912810UD8,TSRYS5870973,D,S,D,2024-09-10,1000000.00,4.090182,100.46875
08:02:35,912810UD8,TSRYS5870973,D,S,D,2024-09-10,1000000.00,4.090182,100.46875
08:02:35,912810UD8,TSRYS5870973,D,S,D,2024-09-10,1000000.00,4.090182,100.46875
08:02:35,912810UD8,TSRYS5870973,D,S,D,2024-09-10,1000000.00,4.090182,100.46875
08:02:35,912810UD8,TSRYS5870973,D,S,D,2024-09-10,1000000.00,4.090182,100.46875
08:02:35,912810UD8,TSRYS5870973,D,S,D,2024-09-10,1000000.00,4.090182,100.46875
08:02:35,912810UD8,TSRYS5870973,D,S,D,2024-09-10,1000000.00,4.090182,100.46875
08:02:36,912810UD8,TSRYS5870973,D,S,D,2024-09-10,1000000.00,4.087881,100.5
08:02:36,912810UD8,TSRYS5870973,D,B,C,2024-09-10,1000000.00,4.087881,100.5
08:02:36,912810UD8,TSRYS5870973,D,S,D,2024-09-10,1000000.00,4.087881,100.5
08:02:37,912810UD8,TSRYS5870973,D,S,D,2024-09-10,1000000.00,4.087881,100.5
08:02:37,912810UD8,TSRYS5870973,D,B,C,2024-09-10,1000000.00,4.087881,100.5
08:02:37,912810UD8,TSRYS5870973,D,S,D,2024-09-10,1000000.00,4.087881,100.5
08:02:37,912810UD8,TSRYS5870973,D,B,C,2024-09-10,2000000.00,4.087881,100.5
08:02:37,912810UD8,TSRYS5870973,D,S,D,2024-09-10,2000000.00,4.087881,100.5
08:02:37,912810UD8,TSRYS5870973,D,S,D,2024-09-10,1000000.00,4.087881,100.5
08:02:37,912810UD8,TSRYS5870973,D,S,D,2024-09-10,1000000.00,4.087881,100.5
08:02:37,912810UD8,TSRYS5870973,D,S,D,2024-09-10,1000000.00,4.087881,100.5
08:02:37,912810UD8,TSRYS5870973,D,S,D,2024-09-10,1000000.00,4.087881,100.5
08:02:37,912810UD8,TSRYS5870973,D,S,D,2024-09-10,1000000.00,4.087881,100.5
08:02:37,912810UD8,TSRYS5870973,D,S,D,2024-09-10,1000000.00,4.087881,100.5
08:02:38,912810UD8,TSRYS5870973,D,S,C,2024-09-10,1000000.00,4.085567,100.53145
08:02:40,912810UD8,TSRYS5870973,D,S,C,2024-09-10,1000000.00,4.083272,100.56265
08:02:40,912810UD8,TSRYS5870973,D,S,C,2024-09-10,1000000.00,4.083272,100.56265
08:02:40,912810UD8,TSRYS5870973,D,S,C,2024-09-10,1000000.00,4.083272,100.56265
08:02:40,912810UD8,TSRYS5870973,D,B,C,2024-09-10,1000000.00,4.083297,100.5623
08:02:40,912810UD8,TSRYS5870973,D,B,C,2024-09-10,1000000.00,4.083297,100.5623
08:02:40,912810UD8,TSRYS5870973,D,S,C,2024-09-10,1000000.00,4.083272,100.56265
08:02:40,912810UD8,TSRYS5870973,D,B,C,2024-09-10,1000000.00,4.083297,100.5623
08:02:40,912810UD8,TSRYS5870973,D,S,C,2024-09-10,1000000.00,4.083272,100.56265
08:02:41,912810UD8,TSRYS5870973,D,S,D,2024-09-10,1000000.00,4.083283,100.5625
08:02:42,912810UD8,TSRYS5870973,D,B,A,2024-09-10,1000000.00,4.078907,100.62109375
08:02:43,912810UD8,TSRYS5870973,D,S,T,2024-09-10,1000000.00,4.078257,100.630859375
08:02:43,912810UD8,TSRYS5870973,D,S,D,2024-09-10,1000000.00,4.078687,100.625
08:02:43,912810UD8,TSRYS5870973,D,S,T,2024-09-10,1000000.00,4.078113,100.6328125
08:02:43,912810UD8,TSRYS5870973,D,S,T,2024-09-10,1000000.00,4.078687,100.625
08:02:43,912810UD8,TSRYS5870973,D,S,T,2024-09-10,1000000.00,4.078831,100.623046875
08:02:44,912810UD8,TSRYS5870973,D,S,D,2024-09-10,1000000.00,4.078974,100.62109375
08:02:44,912810UD8,TSRYS5870973,D,S,T,2024-09-10,1000000.00,4.078271,100.630659375
08:02:44,912810UD8,TSRYS5870973,D,S,T,2024-09-10,1000000.00,4.078702,100.6248
08:02:44,912810UD8,TSRYS5870973,D,S,D,2024-09-10,1000000.00,4.079262,100.6171875
08:02:44,912810UD8,TSRYS5870973,D,S,T,2024-09-10,2000000.00,4.078415,100.62870625
08:02:44,912810UD8,TSRYS5870973,D,S,T,2024-09-10,1000000.00,4.078415,100.62870625
08:02:44,912810UD8,TSRYS5870973,D,S,T,2024-09-10,1000000.00,4.078989,100.62089375
08:02:44,912810UD8,TSRYS5870973,D,B,C,2024-09-10,1000000.00,4.082148,100.577925
08:02:44,912810UD8,TSRYS5870973,D,S,T,2024-09-10,1000000.00,4.078974,100.62109375
08:02:44,912810UD8,TSRYS5870973,D,S,D,2024-09-10,1000000.00,4.082124,100.578255
08:02:44,912810UD8,TSRYS5870973,D,S,D,2024-09-10,1000000.00,4.082124,100.578255
08:02:44,912810UD8,TSRYS5870973,D,S,T,2024-09-10,1000000.00,4.078846,100.622846875
08:02:46,912810UD8,TSRYS5870973,D,S,C,2024-09-10,1000000.00,4.084417,100.547075
08:02:48,912810UD8,TSRYS5870973,D,S,D,2024-09-10,1000000.00,4.083283,100.5625
08:02:50,912810UD8,TSRYS5870973,D,S,T,2024-09-10,2000000.00,4.094787,100.40625
08:02:50,912810UD8,TSRYS5870973,D,S,T,2024-09-10,2000000.00,4.094787,100.40625
08:02:50,912810UD8,TSRYS5870973,D,S,T,2024-09-10,4000000.00,4.094787,100.40625
08:02:50,912810UD8,TSRYS5870973,D,S,T,2024-09-10,2000000.00,4.094787,100.40625
08:02:50,912810UD8,TSRYS5870973,D,B,A,2024-09-10,2000000.00,4.094787,100.40625
08:02:50,912810UD8,TSRYS5870973,D,B,A,2024-09-10,4000000.00,4.094787,100.40625
08:02:50,912810UD8,TSRYS5870973,D,B,A,2024-09-10,2000000.00,4.094787,100.40625
08:02:50,912810UD8,TSRYS5870973,D,B,A,2024-09-10,2000000.00,4.094787,100.40625
08:02:51,912810UD8,TSRYS5870973,D,S,A,2024-09-10,200000.00,4.093923,100.41796875
08:02:52,912810UD8,TSRYS5870973,D,S,D,2024-09-10,1000000.00,4.082133,100.578125
08:02:53,912810UD8,TSRYS5870973,D,S,C,2024-09-10,1000000.00,4.082133,100.578125
08:02:53,912810UD8,TSRYS5870973,D,S,C,2024-09-10,2000000.00,4.082133,100.578125
08:02:53,912810UD8,TSRYS5870973,D,S,C,2024-09-10,1000000.00,4.084417,100.547075
08:02:53,912810UD8,TSRYS5870973,D,S,C,2024-09-10,2000000.00,4.084432,100.546875
08:02:53,912810UD8,TSRYS5870973,D,S,C,2024-09-10,1000000.00,4.084432,100.546875
08:02:53,912810UD8,TSRYS5870973,D,S,D,2024-09-10,1000000.00,4.083283,100.5625
08:02:53,912810UD8,TSRYS5870973,D,S,D,2024-09-10,1000000.00,4.083283,100.5625
08:02:54,912810UD8,TSRYS5870973,D,S,D,2024-09-10,1000000.00,4.080985,100.59375
08:02:55,912810UD8,TSRYS5870973,D,S,D,2024-09-10,1000000.00,4.080985,100.59375
08:02:56,912810UD8,TSRYS5870973,D,S,T,2024-09-10,1000000.00,4.089041,100.484245
08:02:57,912810UD8,TSRYS5870973,D,S,C,2024-09-10,1000000.00,4.083283,100.5625
08:02:57,912810UD8,TSRYS5870973,D,S,C,2024-09-10,1000000.00,4.082119,100.578325
08:02:57,912810UD8,TSRYS5870973,D,S,C,2024-09-10,1000000.00,4.082133,100.578125
08:02:57,912810UD8,TSRYS5870973,D,B,C,2024-09-10,1000000.00,4.082144,100.577975
08:02:57,912810UD8,TSRYS5870973,D,B,C,2024-09-10,1000000.00,4.083297,100.5623
08:02:57,912810UD8,TSRYS5870973,D,B,C,2024-09-10,1000000.00,4.082144,100.577975
08:02:58,912810UD8,TSRYS5870973,D,S,D,2024-09-10,235000.00,4.095362,100.3984375
08:02:59,912810UD8,TSRYS5870973,D,S,T,2024-09-10,1000000.00,4.087891,100.49987
08:02:59,912810UD8,TSRYS5870973,D,S,T,2024-09-10,1000000.00,4.087891,100.49987
08:02:59,912810UD8,TSRYS5870973,D,S,D,2024-09-10,1000000.00,4.080985,100.59375
08:02:59,912810UD8,TSRYS5870973,D,S,D,2024-09-10,1000000.00,4.080985,100.59375
08:02:59,912810UD8,TSRYS5870973,D,S,D,2024-09-10,1000000.00,4.080985,100.59375
08:02:59,912810UD8,TSRYS5870973,D,S,D,2024-09-10,1000000.00,4.080985,100.59375
08:02:59,912810UD8,TSRYS5870973,D,S,C,2024-09-10,1000000.00,4.082133,100.578125
08:02:59,912810UD8,TSRYS5870973,D,S,D,2024-09-10,1000000.00,4.079836,100.609375
08:02:59,912810UD8,TSRYS5870973,D,S,T,2024-09-10,1000000.00,4.087891,100.49987
08:02:59,912810UD8,TSRYS5870973,D,S,D,2024-09-10,1000000.00,4.079836,100.609375
08:02:59,912810UD8,TSRYS5870973,D,S,D,2024-09-10,235000.00,4.095362,100.3984375
08:03:00,912810UD8,TSRYS5870973,D,S,D,2024-09-10,1000000.00,4.079836,100.609375
08:03:00,912810UD8,TSRYS5870973,D,S,C,2024-09-10,1000000.00,4.079821,100.609575
08:03:00,912810UD8,TSRYS5870973,D,S,C,2024-09-10,1000000.00,4.079836,100.609375
08:03:00,912810UD8,TSRYS5870973,D,S,D,2024-09-10,1000000.00,4.079836,100.609375
08:03:02,912810UD8,TSRYS5870973,D,S,C,2024-09-10,1000000.00,4.079821,100.609575
08:03:03,912810UD8,TSRYS5870973,D,S,C,2024-09-10,1000000.00,4.082133,100.578125
08:03:08,912810UD8,TSRYS5870973,D,S,T,2024-09-10,10000.00,4.095938,100.390625
08:03:08,912810UD8,TSRYS5870973,D,B,C,2024-09-10,1000000.00,4.086731,100.515625
08:03:09,912810UD8,TSRYS5870973,D,S,C,2024-09-10,1000000.00,4.086717,100.515825
08:03:09,912810UD8,TSRYS5870973,D,B,C,2024-09-10,1000000.00,4.086742,100.515475
08:03:09,912810UD8,TSRYS5870973,D,S,C,2024-09-10,1000000.00,4.086731,100.515625
08:03:09,912810UD8,TSRYS5870973,D,S,C,2024-09-10,1000000.00,4.087867,100.5002
08:03:10,912810UD8,TSRYS5870973,D,B,C,2024-09-10,1000000.00,4.087896,100.4998
08:03:10,912810UD8,TSRYS5870973,D,S,D,2024-09-10,1000000.00,4.087867,100.5002
08:03:11,912810UD8,TSRYS5870973,D,S,D,2024-09-10,1000000.00,4.082564,100.57226562
08:03:11,912810UD8,TSRYS5870973,D,B,C,2024-09-10,1000000.00,4.082564,100.57226562
08:03:11,912810UD8,TSRYS5870973,D,S,D,2024-09-10,1000000.00,4.083283,100.5625
08:03:13,912810UD8,TSRYS5870973,D,S,A,2024-09-10,376000.00,4.082995,100.56640625
08:03:14,912810UD8,TSRYS5870973,D,S,T,2024-09-10,1000000.00,4.080992,100.59365
08:03:14,912810UD8,TSRYS5870973,D,S,T,2024-09-10,1000000.00,4.080985,100.59375
08:03:14,912810UD8,TSRYS5870973,D,S,T,2024-09-10,1000000.00,4.080985,100.59375
08:03:14,912810UD8,TSRYS5870973,D,S,T,2024-09-10,1000000.00,4.080985,100.59375
08:03:14,912810UD8,TSRYS5870973,D,S,T,2024-09-10,1000000.00,4.080985,100.59375
08:03:14,912810UD8,TSRYS5870973,D,S,T,2024-09-10,1000000.00,4.080992,100.59365
08:03:14,912810UD8,TSRYS5870973,D,S,D,2024-09-10,1000000.00,4.091333,100.453125
08:03:15,912810UD8,TSRYS5870973,D,S,D,2024-09-10,3000.00,4.095395,100.398
08:03:15,912810UD8,TSRYS5870973,D,S,D,2024-09-10,1000000.00,4.093635,100.421875
08:03:16,912810UD8,TSRYS5870973,D,S,T,2024-09-10,1000000.00,4.079836,100.609375
08:03:16,912810UD8,TSRYS5870973,D,S,T,2024-09-10,1000000.00,4.079836,100.609375
08:03:16,912810UD8,TSRYS5870973,D,S,T,2024-09-10,1000000.00,4.079836,100.609375
08:03:16,912810UD8,TSRYS5870973,D,S,T,2024-09-10,1000000.00,4.079836,100.609375
08:03:21,912810UD8,TSRYS5870973,D,S,D,2024-09-10,1000000.00,4.092484,100.4375
08:03:21,912810UD8,TSRYS5870973,D,S,D,2024-09-10,1000000.00,4.092484,100.4375
08:03:22,912810UD8,TSRYS5870973,D,S,C,2024-09-10,1000000.00,4.095923,100.390825
08:03:22,912810UD8,TSRYS5870973,D,S,D,2024-09-10,1000000.00,4.094787,100.40625
08:03:22,912810UD8,TSRYS5870973,D,B,C,2024-09-10,1000000.00,4.094801,100.40605
08:03:23,912810UD8,TSRYS5870973,D,S,T,2024-09-10,1000000.00,4.097098,100.374898
08:03:23,912810UD8,TSRYS5870973,D,S,T,2024-09-10,1000000.00,4.088457,100.4921875
08:03:24,912810UD8,TSRYS5870973,D,B,A,2024-09-10,1000000.00,4.083273,100.5625
08:03:25,912810UD8,TSRYS5870973,D,S,D,2024-09-10,1000000.00,4.093635,100.421875
08:03:25,912810UD8,TSRYS5870973,D,S,D,2024-09-10,1000000.00,4.093635,100.421875
08:03:26,912810UD8,TSRYS5870973,D,S,D,2024-09-10,1000000.00,4.095938,100.390625
08:03:26,912810UD8,TSRYS5870973,D,S,D,2024-09-10,1000000.00,4.094787,100.40625
08:03:26,912810UD8,TSRYS5870973,D,S,D,2024-09-10,1000000.00,4.092484,100.4375
08:03:27,912810UD8,TSRYS5870973,D,S,C,2024-09-10,1000000.00,4.092467,100.437725
08:03:27,912810UD8,TSRYS5870973,D,S,C,2024-09-10,2000000.00,4.092467,100.437725
08:03:27,912810UD8,TSRYS5870973,D,S,C,2024-09-10,1000000.00,4.092467,100.437725
08:03:27,912810UD8,TSRYS5870973,D,S,C,2024-09-10,1000000.00,4.092467,100.437725
08:03:27,912810UD8,TSRYS5870973,D,B,C,2024-09-10,2000000.00,4.092495,100.43735
08:03:27,912810UD8,TSRYS5870973,D,B,C,2024-09-10,1000000.00,4.092495,100.43735
08:03:27,912810UD8,TSRYS5870973,D,S,C,2024-09-10,1000000.00,4.093619,100.4221
08:03:27,912810UD8,TSRYS5870973,D,S,C,2024-09-10,1000000.00,4.093619,100.4221
08:03:27,912810UD8,TSRYS5870973,D,S,C,2024-09-10,1000000.00,4.093619,100.4221
08:03:27,912810UD8,TSRYS5870973,D,B,C,2024-09-10,1000000.00,4.093635,100.421875
08:03:27,912810UD8,TSRYS5870973,D,S,D,2024-09-10,1000000.00,4.093626,100.422005
08:03:27,912810UD8,TSRYS5870973,D,S,D,2024-09-10,1000000.00,4.093626,100.422005
08:03:27,912810UD8,TSRYS5870973,D,B,C,2024-09-10,1000000.00,4.093635,100.421875
08:03:28,912810UD8,TSRYS5870973,D,S,D,2024-09-10,1000000.00,4.092474,100.43763
08:03:28,912810UD8,TSRYS5870973,D,S,D,2024-09-10,1000000.00,4.092474,100.43763
08:03:29,912810UD8,TSRYS5870973,D,S,D,2024-09-10,15000000.00,4.092075,100.44305
08:03:31,912810UD8,TSRYS5870973,D,S,D,2024-09-10,1000000.00,4.093635,100.421875
08:03:31,912810UD8,TSRYS5870973,D,S,D,2024-09-10,1000000.00,4.093635,100.421875
08:03:31,912810UD8,TSRYS5870973,D,S,D,2024-09-10,1000000.00,4.093635,100.421875
08:03:31,912810UD8,TSRYS5870973,D,B,C,2024-09-10,1000000.00,4.093635,100.421875
08:03:31,912810UD8,TSRYS5870973,D,S,D,2024-09-10,1000000.00,4.095938,100.390625
08:03:31,912810UD8,TSRYS5870973,D,S,D,2024-09-10,1000000.00,4.095938,100.390625
08:03:33,912810UD8,TSRYS5870973,D,S,C,2024-09-10,3000.00,4.095395,100.398
08:03:33,912810UD8,TSRYS5870973,D,S,D,2024-09-10,3000.00,4.095395,100.398
08:03:37,912810UD8,TSRYS5870973,D,S,T,2024-09-10,40000.00,4.09709,100.375
08:03:37,912810UD8,TSRYS5870973,D,S,C,2024-09-10,40000.00,4.09709,100.375
08:03:41,912810UD8,TSRYS5870973,D,S,D,2024-09-10,1000000.00,4.094787,100.40625
08:03:44,912810UD8,TSRYS5870973,D,B,C,2024-09-10,1000000.00,4.092499,100.4373
08:03:44,912810UD8,TSRYS5870973,D,S,C,2024-09-10,1000000.00,4.092473,100.43765
08:03:50,912810UD8,TSRYS5870973,D,B,C,2024-09-10,1000000.00,4.092491,100.4374
08:03:50,912810UD8,TSRYS5870973,D,S,D,2024-09-10,1000000.00,4.092474,100.43763
08:03:50,912810UD8,TSRYS5870973,D,S,D,2024-09-10,1000000.00,4.092474,100.43763
08:03:50,912810UD8,TSRYS5870973,D,S,D,2024-09-10,1000000.00,4.091325,100.453227
08:03:50,912810UD8,TSRYS5870973,D,B,C,2024-09-10,1000000.00,4.09134,100.453025
08:03:50,912810UD8,TSRYS5870973,D,S,D,2024-09-10,1000000.00,4.091325,100.453227
08:03:50,912810UD8,TSRYS5870973,D,S,D,2024-09-10,1000000.00,4.091325,100.453227
08:03:50,912810UD8,TSRYS5870973,D,B,C,2024-09-10,1000000.00,4.091348,100.452925
08:03:50,912810UD8,TSRYS5870973,D,B,C,2024-09-10,1000000.00,4.091333,100.453125
08:03:50,912810UD8,TSRYS5870973,D,S,D,2024-09-10,1000000.00,4.091325,100.453227
08:03:50,912810UD8,TSRYS5870973,D,S,D,2024-09-10,1000000.00,4.091325,100.453227
08:03:50,912810UD8,TSRYS5870973,D,S,D,2024-09-10,1000000.00,4.091325,100.453227
08:03:50,912810UD8,TSRYS5870973,D,S,D,2024-09-10,1000000.00,4.091325,100.453227
08:03:50,912810UD8,TSRYS5870973,D,B,C,2024-09-10,1000000.00,4.091348,100.452925
08:03:50,912810UD8,TSRYS5870973,D,B,C,2024-09-10,1000000.00,4.091348,100.452925
08:03:50,912810UD8,TSRYS5870973,D,S,D,2024-09-10,1000000.00,4.091325,100.453227
08:03:50,912810UD8,TSRYS5870973,D,S,D,2024-09-10,1000000.00,4.091325,100.453227
08:03:50,912810UD8,TSRYS5870973,D,S,D,2024-09-10,1000000.00,4.091325,100.453227
08:03:50,912810UD8,TSRYS5870973,D,S,D,2024-09-10,1000000.00,4.091325,100.453227
08:03:50,912810UD8,TSRYS5870973,D,S,D,2024-09-10,1000000.00,4.091325,100.453227
08:03:50,912810UD8,TSRYS5870973,D,S,D,2024-09-10,1000000.00,4.091325,100.453227
08:03:50,912810UD8,TSRYS5870973,D,B,C,2024-09-10,1000000.00,4.091348,100.452925
08:03:50,912810UD8,TSRYS5870973,D,S,D,2024-09-10,1000000.00,4.091325,100.453227
08:03:50,912810UD8,TSRYS5870973,D,S,D,2024-09-10,1000000.00,4.091325,100.453227
08:03:50,912810UD8,TSRYS5870973,D,S,D,2024-09-10,1000000.00,4.091325,100.453227
08:03:50,912810UD8,TSRYS5870973,D,B,C,2024-09-10,1000000.00,4.091333,100.453125
08:03:50,912810UD8,TSRYS5870973,D,B,C,2024-09-10,1000000.00,4.091348,100.452925
08:03:50,912810UD8,TSRYS5870973,D,S,D,2024-09-10,1000000.00,4.091325,100.453227
08:03:50,912810UD8,TSRYS5870973,D,S,D,2024-09-10,1000000.00,4.091325,100.453227
08:03:50,912810UD8,TSRYS5870973,D,S,D,2024-09-10,1000000.00,4.091325,100.453227
08:03:50,912810UD8,TSRYS5870973,D,B,C,2024-09-10,1000000.00,4.091333,100.453125
08:03:50,912810UD8,TSRYS5870973,D,S,D,2024-09-10,1000000.00,4.091325,100.453227
08:03:50,912810UD8,TSRYS5870973,D,S,D,2024-09-10,1000000.00,4.091325,100.453227
08:03:50,912810UD8,TSRYS5870973,D,S,D,2024-09-10,1000000.00,4.091325,100.453227
08:03:50,912810UD8,TSRYS5870973,D,S,D,2024-09-10,1000000.00,4.091325,100.453227
08:03:50,912810UD8,TSRYS5870973,D,B,C,2024-09-10,1000000.00,4.091333,100.453125
08:03:50,912810UD8,TSRYS5870973,D,S,C,2024-09-10,1000000.00,4.091333,100.453125
08:03:51,912810UD8,TSRYS5870973,D,B,C,2024-09-10,1000000.00,4.091333,100.453125
08:03:51,912810UD8,TSRYS5870973,D,S,D,2024-09-10,1000000.00,4.091325,100.453227
08:03:51,912810UD8,TSRYS5870973,D,S,D,2024-09-10,1000000.00,4.091325,100.453227
08:03:51,912810UD8,TSRYS5870973,D,S,D,2024-09-10,1000000.00,4.091325,100.453227
08:03:51,912810UD8,TSRYS5870973,D,S,D,2024-09-10,1000000.00,4.091325,100.453227
08:03:51,912810UD8,TSRYS5870973,D,S,D,2024-09-10,11000000.00,4.092196,100.44140625
08:03:51,912810UD8,TSRYS5870973,D,B,C,2024-09-10,1000000.00,4.091333,100.453125
08:03:51,912810UD8,TSRYS5870973,D,S,D,2024-09-10,1000000.00,4.091325,100.453227
08:03:51,912810UD8,TSRYS5870973,D,S,D,2024-09-10,2000000.00,4.091325,100.453227
08:03:51,912810UD8,TSRYS5870973,D,B,C,2024-09-10,2000000.00,4.091333,100.453125
08:03:51,912810UD8,TSRYS5870973,D,S,D,2024-09-10,1000000.00,4.091325,100.453227
08:03:51,912810UD8,TSRYS5870973,D,B,C,2024-09-10,1000000.00,4.091333,100.453125
08:03:51,912810UD8,TSRYS5870973,D,S,D,2024-09-10,1000000.00,4.091325,100.453227
08:03:51,912810UD8,TSRYS5870973,D,S,D,2024-09-10,1000000.00,4.091325,100.453227
08:03:51,912810UD8,TSRYS5870973,D,S,D,2024-09-10,1000000.00,4.091325,100.453227
08:03:51,912810UD8,TSRYS5870973,D,B,C,2024-09-10,1000000.00,4.091333,100.453125
08:03:51,912810UD8,TSRYS5870973,D,B,C,2024-09-10,1000000.00,4.091333,100.453125
08:03:51,912810UD8,TSRYS5870973,D,S,D,2024-09-10,1000000.00,4.091325,100.453227
08:03:51,912810UD8,TSRYS5870973,D,S,D,2024-09-10,1000000.00,4.091325,100.453227
08:03:51,912810UD8,TSRYS5870973,D,S,D,2024-09-10,1000000.00,4.091325,100.453227
08:03:51,912810UD8,TSRYS5870973,D,S,D,2024-09-10,2000000.00,4.091325,100.453227
08:03:51,912810UD8,TSRYS5870973,D,B,C,2024-09-10,2000000.00,4.091333,100.453125
08:03:51,912810UD8,TSRYS5870973,D,S,D,2024-09-10,1000000.00,4.091325,100.453227
08:03:51,912810UD8,TSRYS5870973,D,B,C,2024-09-10,1000000.00,4.091333,100.453125
08:03:51,912810UD8,TSRYS5870973,D,S,D,2024-09-10,1000000.00,4.091325,100.453227
08:03:51,912810UD8,TSRYS5870973,D,S,D,2024-09-10,1000000.00,4.091325,100.453227
08:03:51,912810UD8,TSRYS5870973,D,S,D,2024-09-10,1000000.00,4.091325,100.453227
08:03:51,912810UD8,TSRYS5870973,D,S,D,2024-09-10,1000000.00,4.090182,100.46875
08:03:51,912810UD8,TSRYS5870973,D,S,D,2024-09-10,1000000.00,4.090182,100.46875
08:03:51,912810UD8,TSRYS5870973,D,S,D,2024-09-10,1000000.00,4.090182,100.46875
08:03:51,912810UD8,TSRYS5870973,D,B,C,2024-09-10,1000000.00,4.090182,100.46875
08:03:51,912810UD8,TSRYS5870973,D,B,C,2024-09-10,1000000.00,4.090182,100.46875
08:03:52,912810UD8,TSRYS5870973,D,B,C,2024-09-10,1000000.00,4.086746,100.515425
08:03:52,912810UD8,TSRYS5870973,D,S,D,2024-09-10,1000000.00,4.086724,100.515727
08:03:52,912810UD8,TSRYS5870973,D,S,D,2024-09-10,1000000.00,4.086724,100.515727
08:03:52,912810UD8,TSRYS5870973,D,S,D,2024-09-10,1000000.00,4.086724,100.515727
08:03:52,912810UD8,TSRYS5870973,D,B,C,2024-09-10,1000000.00,4.086744,100.51545
08:03:52,912810UD8,TSRYS5870973,D,S,D,2024-09-10,1000000.00,4.086724,100.515727
08:03:52,912810UD8,TSRYS5870973,D,S,D,2024-09-10,2000000.00,4.085574,100.531352
08:03:52,912810UD8,TSRYS5870973,D,S,D,2024-09-10,1000000.00,4.086724,100.515727
08:03:52,912810UD8,TSRYS5870973,D,S,D,2024-09-10,1000000.00,4.086724,100.515727
08:03:52,912810UD8,TSRYS5870973,D,S,D,2024-09-10,1000000.00,4.086724,100.515727
08:03:52,912810UD8,TSRYS5870973,D,B,C,2024-09-10,2000000.00,4.085593,100.5311
08:03:52,912810UD8,TSRYS5870973,D,B,C,2024-09-10,1000000.00,4.086746,100.515425
08:03:52,912810UD8,TSRYS5870973,D,B,C,2024-09-10,1000000.00,4.086746,100.515425
08:03:52,912810UD8,TSRYS5870973,D,S,D,2024-09-10,2000000.00,4.085574,100.531352
08:03:52,912810UD8,TSRYS5870973,D,S,D,2024-09-10,1000000.00,4.085574,100.531352
08:03:52,912810UD8,TSRYS5870973,D,B,C,2024-09-10,2000000.00,4.085593,100.5311
08:03:52,912810UD8,TSRYS5870973,D,B,C,2024-09-10,1000000.00,4.085589,100.53115
08:03:52,912810UD8,TSRYS5870973,D,S,D,2024-09-10,1000000.00,4.085574,100.531352
08:03:52,912810UD8,TSRYS5870973,D,B,C,2024-09-10,3000000.00,4.085593,100.5311
08:03:52,912810UD8,TSRYS5870973,D,S,D,2024-09-10,3000000.00,4.085574,100.531352
08:03:52,912810UD8,TSRYS5870973,D,S,D,2024-09-10,1000000.00,4.084432,100.546875
08:03:52,912810UD8,TSRYS5870973,D,S,D,2024-09-10,1000000.00,4.084432,100.546875
08:03:52,912810UD8,TSRYS5870973,D,B,C,2024-09-10,1000000.00,4.084432,100.546875
08:03:52,912810UD8,TSRYS5870973,D,S,D,2024-09-10,1000000.00,4.085574,100.531352
08:03:52,912810UD8,TSRYS5870973,D,S,D,2024-09-10,5000000.00,4.085574,100.531352
08:03:52,912810UD8,TSRYS5870973,D,B,C,2024-09-10,5000000.00,4.085593,100.5311
08:03:52,912810UD8,TSRYS5870973,D,B,C,2024-09-10,1000000.00,4.085582,100.53125
08:03:52,912810UD8,TSRYS5870973,D,S,D,2024-09-10,1000000.00,4.085574,100.531352
08:03:52,912810UD8,TSRYS5870973,D,S,D,2024-09-10,1000000.00,4.085574,100.531352
08:03:52,912810UD8,TSRYS5870973,D,B,C,2024-09-10,1000000.00,4.085593,100.5311
08:03:52,912810UD8,TSRYS5870973,D,B,C,2024-09-10,1000000.00,4.085594,100.531075
08:03:52,912810UD8,TSRYS5870973,D,S,D,2024-09-10,1000000.00,4.085574,100.531352
08:03:52,912810UD8,TSRYS5870973,D,S,D,2024-09-10,1000000.00,4.085574,100.531352
08:03:52,912810UD8,TSRYS5870973,D,B,C,2024-09-10,2000000.00,4.085582,100.53125
08:03:52,912810UD8,TSRYS5870973,D,S,D,2024-09-10,2000000.00,4.085574,100.531352
08:03:52,912810UD8,TSRYS5870973,D,B,C,2024-09-10,1000000.00,4.085596,100.53105
08:03:52,912810UD8,TSRYS5870973,D,B,C,2024-09-10,1000000.00,4.085596,100.53105
08:03:52,912810UD8,TSRYS5870973,D,B,C,2024-09-10,5000000.00,4.085593,100.5311
08:03:53,912810UD8,TSRYS5870973,D,S,D,2024-09-10,5000000.00,4.085574,100.531352
08:03:53,912810UD8,TSRYS5870973,D,B,C,2024-09-10,5000000.00,4.085593,100.5311
08:03:53,912810UD8,TSRYS5870973,D,S,D,2024-09-10,1000000.00,4.085574,100.531352
08:03:53,912810UD8,TSRYS5870973,D,B,C,2024-09-10,1000000.00,4.085594,100.531075
08:03:53,912810UD8,TSRYS5870973,D,S,D,2024-09-10,3000000.00,4.085574,100.531352
08:03:53,912810UD8,TSRYS5870973,D,S,D,2024-09-10,2000000.00,4.085574,100.531352
08:03:53,912810UD8,TSRYS5870973,D,B,C,2024-09-10,2000000.00,4.085593,100.5311
08:03:53,912810UD8,TSRYS5870973,D,S,D,2024-09-10,1000000.00,4.085574,100.531352
08:03:53,912810UD8,TSRYS5870973,D,B,C,2024-09-10,3000000.00,4.085593,100.5311
08:03:53,912810UD8,TSRYS5870973,D,B,C,2024-09-10,1000000.00,4.085593,100.5311
08:03:53,912810UD8,TSRYS5870973,D,B,C,2024-09-10,1000000.00,4.086742,100.515475
08:03:53,912810UD8,TSRYS5870973,D,S,D,2024-09-10,1000000.00,4.086724,100.515727
08:03:53,912810UD8,TSRYS5870973,D,S,D,2024-09-10,5000000.00,4.085574,100.531352
08:03:53,912810UD8,TSRYS5870973,D,S,D,2024-09-10,9000000.00,4.085574,100.531352
08:03:53,912810UD8,TSRYS5870973,D,B,C,2024-09-10,12000000.00,4.085593,100.5311
08:03:53,912810UD8,TSRYS5870973,D,B,C,2024-09-10,9000000.00,4.085593,100.5311
08:03:53,912810UD8,TSRYS5870973,D,S,D,2024-09-10,12000000.00,4.085574,100.531352
08:03:53,912810UD8,TSRYS5870973,D,S,D,2024-09-10,1000000.00,4.085582,100.53125
08:03:53,912810UD8,TSRYS5870973,D,S,D,2024-09-10,1000000.00,4.085574,100.531352
08:03:53,912810UD8,TSRYS5870973,D,S,D,2024-09-10,1000000.00,4.085574,100.531352
08:03:53,912810UD8,TSRYS5870973,D,S,D,2024-09-10,1000000.00,4.085574,100.531352
08:03:53,912810UD8,TSRYS5870973,D,B,C,2024-09-10,1000000.00,4.085582,100.53125
08:03:53,912810UD8,TSRYS5870973,D,S,D,2024-09-10,1000000.00,4.085574,100.531352
08:03:53,912810UD8,TSRYS5870973,D,S,D,2024-09-10,1000000.00,4.085574,100.531352
08:03:54,912810UD8,TSRYS5870973,D,S,D,2024-09-10,1000000.00,4.085574,100.531352
08:03:54,912810UD8,TSRYS5870973,D,B,C,2024-09-10,1000000.00,4.085582,100.53125
08:03:54,912810UD8,TSRYS5870973,D,S,D,2024-09-10,1000000.00,4.085574,100.531352
08:03:54,912810UD8,TSRYS5870973,D,S,D,2024-09-10,1000000.00,4.085574,100.531352
08:03:54,912810UD8,TSRYS5870973,D,B,C,2024-09-10,1000000.00,4.085596,100.53105
08:03:54,912810UD8,TSRYS5870973,D,S,D,2024-09-10,1000000.00,4.085574,100.531352
08:03:54,912810UD8,TSRYS5870973,D,S,D,2024-09-10,1000000.00,4.085574,100.531352
08:03:54,912810UD8,TSRYS5870973,D,S,D,2024-09-10,1000000.00,4.085574,100.531352
08:03:54,912810UD8,TSRYS5870973,D,S,D,2024-09-10,1000000.00,4.085574,100.531352
08:03:54,912810UD8,TSRYS5870973,D,S,D,2024-09-10,1000000.00,4.085574,100.531352
08:03:54,912810UD8,TSRYS5870973,D,B,C,2024-09-10,1000000.00,4.085582,100.53125
08:03:54,912810UD8,TSRYS5870973,D,S,D,2024-09-10,1000000.00,4.085574,100.531352
08:03:54,912810UD8,TSRYS5870973,D,B,C,2024-09-10,1000000.00,4.085589,100.53115
08:03:54,912810UD8,TSRYS5870973,D,S,D,2024-09-10,1000000.00,4.085574,100.531352
08:03:54,912810UD8,TSRYS5870973,D,S,D,2024-09-10,1000000.00,4.085574,100.531352
08:03:54,912810UD8,TSRYS5870973,D,S,D,2024-09-10,1000000.00,4.085574,100.531352
08:03:54,912810UD8,TSRYS5870973,D,B,C,2024-09-10,1000000.00,4.085593,100.5311
08:03:54,912810UD8,TSRYS5870973,D,B,C,2024-09-10,1000000.00,4.085582,100.53125
08:03:54,912810UD8,TSRYS5870973,D,S,D,2024-09-10,1000000.00,4.085574,100.531352
08:03:54,912810UD8,TSRYS5870973,D,S,D,2024-09-10,1000000.00,4.085574,100.531352
08:03:54,912810UD8,TSRYS5870973,D,S,D,2024-09-10,1000000.00,4.085574,100.531352
08:03:54,912810UD8,TSRYS5870973,D,S,D,2024-09-10,1000000.00,4.085574,100.531352
08:03:54,912810UD8,TSRYS5870973,D,S,D,2024-09-10,1000000.00,4.085574,100.531352
08:03:54,912810UD8,TSRYS5870973,D,S,D,2024-09-10,1000000.00,4.085574,100.531352
08:03:54,912810UD8,TSRYS5870973,D,S,D,2024-09-10,1000000.00,4.085574,100.531352
08:03:54,912810UD8,TSRYS5870973,D,B,C,2024-09-10,1000000.00,4.085593,100.5311
08:03:54,912810UD8,TSRYS5870973,D,S,D,2024-09-10,1000000.00,4.085574,100.531352
08:03:54,912810UD8,TSRYS5870973,D,S,C,2024-09-10,1000000.00,4.085567,100.53145
08:03:54,912810UD8,TSRYS5870973,D,S,D,2024-09-10,1000000.00,4.085574,100.531352
08:03:54,912810UD8,TSRYS5870973,D,S,D,2024-09-10,1000000.00,4.085574,100.531352
08:03:54,912810UD8,TSRYS5870973,D,S,D,2024-09-10,1000000.00,4.085574,100.531352
08:03:54,912810UD8,TSRYS5870973,D,B,C,2024-09-10,1000000.00,4.085593,100.5311
08:03:54,912810UD8,TSRYS5870973,D,S,D,2024-09-10,1000000.00,4.085574,100.531352
08:03:54,912810UD8,TSRYS5870973,D,B,C,2024-09-10,1000000.00,4.085582,100.53125
08:03:54,912810UD8,TSRYS5870973,D,S,D,2024-09-10,1000000.00,4.085574,100.531352
08:03:54,912810UD8,TSRYS5870973,D,S,D,2024-09-10,1000000.00,4.085574,100.531352
08:03:54,912810UD8,TSRYS5870973,D,S,D,2024-09-10,1000000.00,4.085574,100.531352
08:03:54,912810UD8,TSRYS5870973,D,S,D,2024-09-10,1000000.00,4.085574,100.531352
08:03:54,912810UD8,TSRYS5870973,D,S,D,2024-09-10,1000000.00,4.085574,100.531352
08:03:54,912810UD8,TSRYS5870973,D,S,D,2024-09-10,1000000.00,4.085574,100.531352
08:03:54,912810UD8,TSRYS5870973,D,S,D,2024-09-10,1000000.00,4.085574,100.531352
08:03:54,912810UD8,TSRYS5870973,D,B,C,2024-09-10,1000000.00,4.085582,100.53125
08:03:54,912810UD8,TSRYS5870973,D,S,D,2024-09-10,1000000.00,4.085574,100.531352
08:03:54,912810UD8,TSRYS5870973,D,B,C,2024-09-10,1000000.00,4.085593,100.5311
08:03:54,912810UD8,TSRYS5870973,D,S,D,2024-09-10,1000000.00,4.085574,100.531352
08:03:54,912810UD8,TSRYS5870973,D,S,D,2024-09-10,1000000.00,4.085574,100.531352
08:03:54,912810UD8,TSRYS5870973,D,S,D,2024-09-10,1000000.00,4.085574,100.531352
08:03:54,912810UD8,TSRYS5870973,D,S,D,2024-09-10,1000000.00,4.085574,100.531352
08:03:54,912810UD8,TSRYS5870973,D,S,D,2024-09-10,1000000.00,4.085574,100.531352
08:03:54,912810UD8,TSRYS5870973,D,S,D,2024-09-10,1000000.00,4.085574,100.531352
08:03:54,912810UD8,TSRYS5870973,D,S,D,2024-09-10,1000000.00,4.085574,100.531352
08:03:54,912810UD8,TSRYS5870973,D,S,D,2024-09-10,1000000.00,4.085574,100.531352
08:03:54,912810UD8,TSRYS5870973,D,S,D,2024-09-10,1000000.00,4.085574,100.531352
08:03:54,912810UD8,TSRYS5870973,D,B,C,2024-09-10,1000000.00,4.085582,100.53125
08:03:54,912810UD8,TSRYS5870973,D,S,D,2024-09-10,1000000.00,4.085574,100.531352
08:03:54,912810UD8,TSRYS5870973,D,S,D,2024-09-10,1000000.00,4.085574,100.531352
08:03:54,912810UD8,TSRYS5870973,D,S,D,2024-09-10,1000000.00,4.085574,100.531352
08:03:54,912810UD8,TSRYS5870973,D,B,C,2024-09-10,1000000.00,4.085582,100.53125
08:03:54,912810UD8,TSRYS5870973,D,S,D,2024-09-10,1000000.00,4.085574,100.531352
08:03:54,912810UD8,TSRYS5870973,D,S,D,2024-09-10,1000000.00,4.085574,100.531352
08:03:54,912810UD8,TSRYS5870973,D,S,D,2024-09-10,1000000.00,4.085574,100.531352
08:03:54,912810UD8,TSRYS5870973,D,S,D,2024-09-10,1000000.00,4.085574,100.531352
08:03:54,912810UD8,TSRYS5870973,D,S,D,2024-09-10,1000000.00,4.085574,100.531352
08:03:54,912810UD8,TSRYS5870973,D,S,D,2024-09-10,1000000.00,4.085574,100.531352
08:03:54,912810UD8,TSRYS5870973,D,B,C,2024-09-10,1000000.00,4.085598,100.531025
08:03:54,912810UD8,TSRYS5870973,D,S,D,2024-09-10,1000000.00,4.085574,100.531352
08:03:54,912810UD8,TSRYS5870973,D,S,D,2024-09-10,1000000.00,4.085574,100.531352
08:03:54,912810UD8,TSRYS5870973,D,S,D,2024-09-10,1000000.00,4.085574,100.531352
08:03:54,912810UD8,TSRYS5870973,D,S,D,2024-09-10,1000000.00,4.085574,100.531352
08:03:54,912810UD8,TSRYS5870973,D,B,C,2024-09-10,1000000.00,4.085582,100.53125
08:03:54,912810UD8,TSRYS5870973,D,S,D,2024-09-10,1000000.00,4.085574,100.531352
08:03:54,912810UD8,TSRYS5870973,D,S,D,2024-09-10,1000000.00,4.085574,100.531352
08:03:54,912810UD8,TSRYS5870973,D,S,C,2024-09-10,1000000.00,4.085567,100.53145
08:03:54,912810UD8,TSRYS5870973,D,S,D,2024-09-10,1000000.00,4.085574,100.531352
