tradeTime,cusip,issueSymbolIdentifier,priceType,reportingSideCode,contraPartyTypeCode,tradeDate,reportedTradeVolume,lastSaleYield,lastSalePrice
08:00:06,912810TZ1,TSRYS5752098,D,S,T,2024-05-02,1000000.00,4.851014,95.560546875
08:00:06,912810TZ1,TSRYS5752098,D,S,T,2024-05-02,1000000.00,4.851014,95.560546875
08:00:06,912810TZ1,TSRYS5752098,D,S,T,2024-05-02,1000000.00,4.841143,95.681640625
08:00:06,912810TZ1,TSRYS5752098,D,S,D,2024-05-02,1000000.00,4.842097,95.669921875
08:00:06,912810TZ1,TSRYS5752098,D,S,D,2024-05-02,1000000.00,4.841938,95.671875
08:00:06,912810TZ1,TSRYS5752098,D,S,D,2024-05-02,1000000.00,4.841779,95.673828125
08:00:06,912810TZ1,TSRYS5752098,D,S,D,2024-05-02,1000000.00,4.841779,95.673828125
08:00:06,912810TZ1,TSRYS5752098,D,S,T,2024-05-02,1000000.00,4.843529,95.65234375
08:00:06,912810TZ1,TSRYS5752098,D,S,T,2024-05-02,1000000.00,4.843211,95.65625
08:00:06,912810TZ1,TSRYS5752098,D,S,T,2024-05-02,1000000.00,4.846554,95.615234375
08:00:06,912810TZ1,TSRYS5752098,D,S,D,2024-05-02,1000000.00,4.845758,95.625
08:00:06,912810TZ1,TSRYS5752098,D,S,T,2024-05-02,1000000.00,4.845758,95.625
08:00:06,912810TZ1,TSRYS5752098,D,S,T,2024-05-02,1000000.00,4.840984,95.68359375
08:00:06,912810TZ1,TSRYS5752098,D,S,D,2024-05-02,1000000.00,4.849898,95.57421875
08:00:06,912810TZ1,TSRYS5752098,D,S,D,2024-05-02,1000000.00,4.849898,95.57421875
08:00:06,912810TZ1,TSRYS5752098,D,S,C,2024-05-02,1000000.00,4.84942,95.580078125
08:00:06,912810TZ1,TSRYS5752098,D,S,C,2024-05-02,1000000.00,4.844643,95.638671875
08:00:06,912810TZ1,TSRYS5752098,D,S,C,2024-05-02,1000000.00,4.844643,95.638671875
08:00:06,912810TZ1,TSRYS5752098,D,S,C,2024-05-02,1000000.00,4.847191,95.607421875
08:00:06,912810TZ1,TSRYS5752098,D,S,C,2024-05-02,1000000.00,4.847191,95.607421875
08:00:06,912810TZ1,TSRYS5752098,D,S,C,2024-05-02,1000000.00,4.846713,95.61328125
08:00:06,912810TZ1,TSRYS5752098,D,S,D,2024-05-02,1000000.00,4.839075,95.70703125
08:00:06,912810TZ1,TSRYS5752098,D,S,D,2024-05-02,1000000.00,4.839075,95.70703125
08:00:08,912810TZ1,TSRYS5752098,D,B,A,2024-05-02,330000.00,4.867129,95.363281
08:00:10,912810TZ1,TSRYS5752098,D,S,T,2024-05-02,1000000.00,4.858507,95.46875
08:00:10,912810TZ1,TSRYS5752098,D,S,T,2024-05-02,1000000.00,4.855955,95.5
08:00:10,912810TZ1,TSRYS5752098,D,S,T,2024-05-02,1000000.00,4.845758,95.625
08:00:10,912810TZ1,TSRYS5752098,D,S,T,2024-05-02,1000000.00,4.844484,95.640625
08:00:10,912810TZ1,TSRYS5752098,D,S,T,2024-05-02,1000000.00,4.847031,95.609375
08:00:10,912810TZ1,TSRYS5752098,D,S,T,2024-05-02,1000000.00,4.848305,95.59375
08:00:10,912810TZ1,TSRYS5752098,D,S,A,2024-05-02,1931000.00,4.853085,95.53515625
08:00:11,912810TZ1,TSRYS5752098,D,B,C,2024-05-02,4400000.00,4.849931,95.57381875
08:00:13,912810TZ1,TSRYS5752098,D,B,C,2024-05-02,7430000.00,4.846713,95.61328125
08:00:16,912810TZ1,TSRYS5752098,D,S,D,2024-05-02,1000000.00,4.867129,95.36328125
08:00:16,912810TZ1,TSRYS5752098,D,S,D,2024-05-02,1000000.00,4.862976,95.4140625
08:00:19,912810TZ1,TSRYS5752098,D,S,D,2024-05-02,1000000.00,4.86106,95.4375
08:00:19,912810TZ1,TSRYS5752098,D,S,D,2024-05-02,1000000.00,4.86106,95.4375
08:00:19,912810TZ1,TSRYS5752098,D,S,D,2024-05-02,1000000.00,4.86106,95.4375
08:00:19,912810TZ1,TSRYS5752098,D,S,D,2024-05-02,1000000.00,4.86106,95.4375
08:00:28,912810TZ1,TSRYS5752098,D,S,D,2024-05-02,1000000.00,4.84958,95.578125
08:00:28,912810TZ1,TSRYS5752098,D,S,A,2024-05-02,1050000.00,4.843848,95.6484375
08:00:29,912810TZ1,TSRYS5752098,D,S,D,2024-05-02,1000000.00,4.851492,95.5546875
08:00:29,912810TZ1,TSRYS5752098,D,S,D,2024-05-02,1000000.00,4.850854,95.5625
08:00:29,912810TZ1,TSRYS5752098,D,S,D,2024-05-02,1000000.00,4.850217,95.5703125
08:00:29,912810TZ1,TSRYS5752098,D,S,D,2024-05-02,1000000.00,4.846395,95.6171875
08:00:30,912810TZ1,TSRYS5752098,D,S,T,2024-05-02,1000000.00,4.853404,95.53125
08:00:30,912810TZ1,TSRYS5752098,D,S,T,2024-05-02,1000000.00,4.862337,95.421875
08:00:30,912810TZ1,TSRYS5752098,D,S,T,2024-05-02,1000000.00,4.862337,95.421875
08:00:30,912810TZ1,TSRYS5752098,D,S,T,2024-05-02,1000000.00,4.862337,95.421875
08:00:30,912810TZ1,TSRYS5752098,D,S,T,2024-05-02,1000000.00,4.863136,95.412109375
08:00:30,912810TZ1,TSRYS5752098,D,S,D,2024-05-02,1000000.00,4.86106,95.4375
08:00:30,912810TZ1,TSRYS5752098,D,S,T,2024-05-02,1000000.00,4.86106,95.4375
08:00:30,912810TZ1,TSRYS5752098,D,S,T,2024-05-02,1000000.00,4.855955,95.5
08:00:30,912810TZ1,TSRYS5752098,D,S,T,2024-05-02,1000000.00,4.85181,95.55078125
08:00:30,912810TZ1,TSRYS5752098,D,S,T,2024-05-02,1000000.00,4.847031,95.609375
08:00:30,912810TZ1,TSRYS5752098,D,S,T,2024-05-02,1000000.00,4.846872,95.611328125
08:00:30,912810TZ1,TSRYS5752098,D,S,T,2024-05-02,1000000.00,4.846554,95.615234375
08:00:30,912810TZ1,TSRYS5752098,D,S,T,2024-05-02,1000000.00,4.845758,95.625
08:00:30,912810TZ1,TSRYS5752098,D,S,T,2024-05-02,1000000.00,4.845758,95.625
08:00:30,912810TZ1,TSRYS5752098,D,S,T,2024-05-02,1000000.00,4.841938,95.671875
08:00:30,912810TZ1,TSRYS5752098,D,S,T,2024-05-02,1000000.00,4.843211,95.65625
08:00:30,912810TZ1,TSRYS5752098,D,S,T,2024-05-02,1000000.00,4.843211,95.65625
08:00:30,912810TZ1,TSRYS5752098,D,S,T,2024-05-02,2000000.00,4.847031,95.609375
08:00:30,912810TZ1,TSRYS5752098,D,S,T,2024-05-02,1000000.00,4.846872,95.611328125
08:00:30,912810TZ1,TSRYS5752098,D,S,T,2024-05-02,1000000.00,4.846554,95.615234375
08:00:30,912810TZ1,TSRYS5752098,D,S,T,2024-05-02,1000000.00,4.846713,95.61328125
08:00:30,912810TZ1,TSRYS5752098,D,S,T,2024-05-02,1000000.00,4.846395,95.6171875
08:00:30,912810TZ1,TSRYS5752098,D,S,T,2024-05-02,1000000.00,4.846235,95.619140625
08:00:30,912810TZ1,TSRYS5752098,D,S,T,2024-05-02,1000000.00,4.840666,95.6875
08:00:30,912810TZ1,TSRYS5752098,D,S,T,2024-05-02,1000000.00,4.840666,95.6875
08:00:30,912810TZ1,TSRYS5752098,D,S,T,2024-05-02,1000000.00,4.847031,95.609375
08:00:30,912810TZ1,TSRYS5752098,D,S,T,2024-05-02,1000000.00,4.848305,95.59375
08:00:30,912810TZ1,TSRYS5752098,D,S,T,2024-05-02,1000000.00,4.848305,95.59375
08:00:30,912810TZ1,TSRYS5752098,D,S,T,2024-05-02,1000000.00,4.848305,95.59375
08:00:30,912810TZ1,TSRYS5752098,D,S,T,2024-05-02,1000000.00,4.84958,95.578125
08:00:30,912810TZ1,TSRYS5752098,D,S,T,2024-05-02,1000000.00,4.847031,95.609375
08:00:30,912810TZ1,TSRYS5752098,D,S,T,2024-05-02,1000000.00,4.846554,95.615234375
08:00:30,912810TZ1,TSRYS5752098,D,S,T,2024-05-02,1000000.00,4.84958,95.578125
08:00:30,912810TZ1,TSRYS5752098,D,S,T,2024-05-02,1000000.00,4.850854,95.5625
08:00:30,912810TZ1,TSRYS5752098,D,S,T,2024-05-02,1000000.00,4.843211,95.65625
08:00:33,912810TZ1,TSRYS5752098,D,S,T,2024-05-02,1000000.00,4.829542,95.82421875
08:00:33,912810TZ1,TSRYS5752098,D,S,T,2024-05-02,1000000.00,4.829383,95.826171875
08:00:33,912810TZ1,TSRYS5752098,D,S,T,2024-05-02,1000000.00,4.829224,95.828125
08:00:33,912810TZ1,TSRYS5752098,D,S,T,2024-05-02,5000000.00,4.829224,95.828125
08:00:33,912810TZ1,TSRYS5752098,D,S,T,2024-05-02,1000000.00,4.835578,95.75
08:00:33,912810TZ1,TSRYS5752098,D,S,T,2024-05-02,1000000.00,4.843211,95.65625
08:00:33,912810TZ1,TSRYS5752098,D,S,T,2024-05-02,1000000.00,4.843211,95.65625
08:00:33,912810TZ1,TSRYS5752098,D,S,T,2024-05-02,1000000.00,4.845599,95.626953125
08:00:33,912810TZ1,TSRYS5752098,D,S,T,2024-05-02,1000000.00,4.849898,95.57421875
08:00:33,912810TZ1,TSRYS5752098,D,S,T,2024-05-02,1000000.00,4.84942,95.580078125
08:00:33,912810TZ1,TSRYS5752098,D,S,T,2024-05-02,1000000.00,4.849102,95.583984375
08:00:33,912810TZ1,TSRYS5752098,D,S,T,2024-05-02,1000000.00,4.84942,95.580078125
08:00:33,912810TZ1,TSRYS5752098,D,S,T,2024-05-02,1000000.00,4.843211,95.65625
08:00:33,912810TZ1,TSRYS5752098,D,S,T,2024-05-02,1000000.00,4.847668,95.6015625
08:00:33,912810TZ1,TSRYS5752098,D,S,T,2024-05-02,1000000.00,4.847668,95.6015625
08:00:33,912810TZ1,TSRYS5752098,D,S,T,2024-05-02,1000000.00,4.847668,95.6015625
08:00:33,912810TZ1,TSRYS5752098,D,S,T,2024-05-02,1000000.00,4.847668,95.6015625
08:00:33,912810TZ1,TSRYS5752098,D,S,T,2024-05-02,3000000.00,4.854361,95.51953125
08:00:33,912810TZ1,TSRYS5752098,D,S,T,2024-05-02,1000000.00,4.838916,95.708984375
08:00:33,912810TZ1,TSRYS5752098,D,S,T,2024-05-02,1000000.00,4.836849,95.734375
08:00:33,912810TZ1,TSRYS5752098,D,S,T,2024-05-02,1000000.00,4.836849,95.734375
08:00:33,912810TZ1,TSRYS5752098,D,S,T,2024-05-02,1000000.00,4.836849,95.734375
08:00:33,912810TZ1,TSRYS5752098,D,S,T,2024-05-02,1000000.00,4.836849,95.734375
08:00:33,912810TZ1,TSRYS5752098,D,S,T,2024-05-02,2000000.00,4.836849,95.734375
08:00:33,912810TZ1,TSRYS5752098,D,S,T,2024-05-02,1000000.00,4.836849,95.734375
08:00:33,912810TZ1,TSRYS5752098,D,S,T,2024-05-02,1000000.00,4.839393,95.703125
08:00:33,912810TZ1,TSRYS5752098,D,S,T,2024-05-02,1000000.00,4.839075,95.70703125
08:00:33,912810TZ1,TSRYS5752098,D,S,T,2024-05-02,1000000.00,4.838121,95.71875
08:00:33,912810TZ1,TSRYS5752098,D,S,T,2024-05-02,1000000.00,4.838121,95.71875
08:00:33,912810TZ1,TSRYS5752098,D,S,T,2024-05-02,1000000.00,4.839393,95.703125
08:00:33,912810TZ1,TSRYS5752098,D,S,T,2024-05-02,1000000.00,4.838121,95.71875
08:00:33,912810TZ1,TSRYS5752098,D,S,T,2024-05-02,1000000.00,4.835578,95.75
08:00:33,912810TZ1,TSRYS5752098,D,S,T,2024-05-02,1000000.00,4.833036,95.78125
08:00:33,912810TZ1,TSRYS5752098,D,S,T,2024-05-02,1000000.00,4.833036,95.78125
08:00:33,912810TZ1,TSRYS5752098,D,S,T,2024-05-02,1000000.00,4.833036,95.78125
08:00:33,912810TZ1,TSRYS5752098,D,S,T,2024-05-02,1000000.00,4.833036,95.78125
08:00:33,912810TZ1,TSRYS5752098,D,S,T,2024-05-02,1000000.00,4.833036,95.78125
08:00:33,912810TZ1,TSRYS5752098,D,S,T,2024-05-02,1000000.00,4.833036,95.78125
08:00:33,912810TZ1,TSRYS5752098,D,S,T,2024-05-02,1000000.00,4.835578,95.75
08:00:33,912810TZ1,TSRYS5752098,D,S,T,2024-05-02,1000000.00,4.840666,95.6875
08:00:33,912810TZ1,TSRYS5752098,D,S,T,2024-05-02,1000000.00,4.840666,95.6875
08:00:33,912810TZ1,TSRYS5752098,D,S,T,2024-05-02,1000000.00,4.840666,95.6875
08:00:33,912810TZ1,TSRYS5752098,D,S,T,2024-05-02,1000000.00,4.840666,95.6875
08:00:33,912810TZ1,TSRYS5752098,D,S,T,2024-05-02,1000000.00,4.840666,95.6875
08:00:33,912810TZ1,TSRYS5752098,D,S,T,2024-05-02,1000000.00,4.840666,95.6875
08:00:33,912810TZ1,TSRYS5752098,D,S,T,2024-05-02,1000000.00,4.840666,95.6875
08:00:33,912810TZ1,TSRYS5752098,D,S,T,2024-05-02,2000000.00,4.838121,95.71875
08:00:33,912810TZ1,TSRYS5752098,D,S,T,2024-05-02,1000000.00,4.840666,95.6875
08:00:33,912810TZ1,TSRYS5752098,D,S,T,2024-05-02,1000000.00,4.840666,95.6875
08:00:33,912810TZ1,TSRYS5752098,D,S,T,2024-05-02,1000000.00,4.843211,95.65625
08:00:33,912810TZ1,TSRYS5752098,D,S,T,2024-05-02,1000000.00,4.843211,95.65625
08:00:33,912810TZ1,TSRYS5752098,D,S,T,2024-05-02,1000000.00,4.843211,95.65625
08:00:33,912810TZ1,TSRYS5752098,D,S,T,2024-05-02,1000000.00,4.843211,95.65625
08:00:33,912810TZ1,TSRYS5752098,D,S,T,2024-05-02,1000000.00,4.843211,95.65625
08:00:33,912810TZ1,TSRYS5752098,D,S,T,2024-05-02,1000000.00,4.843211,95.65625
08:00:33,912810TZ1,TSRYS5752098,D,S,T,2024-05-02,1000000.00,4.839393,95.703125
08:00:33,912810TZ1,TSRYS5752098,D,S,T,2024-05-02,1000000.00,4.840666,95.6875
08:00:33,912810TZ1,TSRYS5752098,D,S,T,2024-05-02,1000000.00,4.841938,95.671875
08:00:33,912810TZ1,TSRYS5752098,D,S,T,2024-05-02,1000000.00,4.841938,95.671875
08:00:33,912810TZ1,TSRYS5752098,D,S,T,2024-05-02,1000000.00,4.841938,95.671875
08:00:33,912810TZ1,TSRYS5752098,D,S,T,2024-05-02,1000000.00,4.841938,95.671875
08:00:33,912810TZ1,TSRYS5752098,D,S,T,2024-05-02,1000000.00,4.841938,95.671875
08:00:33,912810TZ1,TSRYS5752098,D,S,T,2024-05-02,1000000.00,4.841938,95.671875
08:00:33,912810TZ1,TSRYS5752098,D,S,T,2024-05-02,1000000.00,4.841938,95.671875
08:00:33,912810TZ1,TSRYS5752098,D,S,T,2024-05-02,1000000.00,4.841938,95.671875
08:00:33,912810TZ1,TSRYS5752098,D,S,D,2024-05-02,1000000.00,4.867129,95.36328125
08:00:33,912810TZ1,TSRYS5752098,D,S,D,2024-05-02,1000000.00,4.862976,95.4140625
08:00:33,912810TZ1,TSRYS5752098,D,S,D,2024-05-02,1000000.00,4.86106,95.4375
08:00:33,912810TZ1,TSRYS5752098,D,S,D,2024-05-02,1000000.00,4.86106,95.4375
08:00:33,912810TZ1,TSRYS5752098,D,S,D,2024-05-02,1000000.00,4.86106,95.4375
08:00:33,912810TZ1,TSRYS5752098,D,S,D,2024-05-02,1000000.00,4.86106,95.4375
08:00:33,912810TZ1,TSRYS5752098,D,S,D,2024-05-02,1000000.00,4.858507,95.46875
08:00:33,912810TZ1,TSRYS5752098,D,S,D,2024-05-02,1000000.00,4.84958,95.578125
08:00:33,912810TZ1,TSRYS5752098,D,S,D,2024-05-02,1000000.00,4.851492,95.5546875
08:00:33,912810TZ1,TSRYS5752098,D,S,D,2024-05-02,1000000.00,4.850854,95.5625
08:00:33,912810TZ1,TSRYS5752098,D,S,D,2024-05-02,1000000.00,4.850854,95.5625
08:00:33,912810TZ1,TSRYS5752098,D,S,D,2024-05-02,1000000.00,4.846395,95.6171875
08:00:33,912810TZ1,TSRYS5752098,D,S,D,2024-05-02,1000000.00,4.844484,95.640625
08:00:33,912810TZ1,TSRYS5752098,D,S,D,2024-05-02,1000000.00,4.839393,95.703125
08:00:33,912810TZ1,TSRYS5752098,D,S,D,2024-05-02,1000000.00,4.838121,95.71875
08:00:33,912810TZ1,TSRYS5752098,D,S,D,2024-05-02,1000000.00,4.845439,95.62890625
08:00:33,912810TZ1,TSRYS5752098,D,S,D,2024-05-02,1000000.00,4.847668,95.6015625
08:00:33,912810TZ1,TSRYS5752098,D,S,D,2024-05-02,1000000.00,4.847668,95.6015625
08:00:33,912810TZ1,TSRYS5752098,D,S,D,2024-05-02,1000000.00,4.847668,95.6015625
08:00:33,912810TZ1,TSRYS5752098,D,S,D,2024-05-02,1000000.00,4.847668,95.6015625
08:00:33,912810TZ1,TSRYS5752098,D,S,D,2024-05-02,1000000.00,4.844325,95.642578125
08:00:33,912810TZ1,TSRYS5752098,D,S,D,2024-05-02,1000000.00,4.844325,95.642578125
08:00:33,912810TZ1,TSRYS5752098,D,S,D,2024-05-02,1000000.00,4.844325,95.642578125
08:00:33,912810TZ1,TSRYS5752098,D,S,D,2024-05-02,1000000.00,4.839234,95.705078125
08:00:33,912810TZ1,TSRYS5752098,D,S,D,2024-05-02,1000000.00,4.845121,95.6328125
08:00:33,912810TZ1,TSRYS5752098,D,S,D,2024-05-02,1000000.00,4.86106,95.4375
08:00:33,912810TZ1,TSRYS5752098,D,S,T,2024-05-02,1000000.00,4.86106,95.4375
08:00:33,912810TZ1,TSRYS5752098,D,S,T,2024-05-02,1000000.00,4.86106,95.4375
08:00:33,912810TZ1,TSRYS5752098,D,S,T,2024-05-02,1000000.00,4.86106,95.4375
08:00:33,912810TZ1,TSRYS5752098,D,S,T,2024-05-02,1000000.00,4.86106,95.4375
08:00:33,912810TZ1,TSRYS5752098,D,S,D,2024-05-02,1000000.00,4.858507,95.46875
08:00:33,912810TZ1,TSRYS5752098,D,S,T,2024-05-02,1000000.00,4.858507,95.46875
08:00:33,912810TZ1,TSRYS5752098,D,S,D,2024-05-02,1000000.00,4.858507,95.46875
08:00:33,912810TZ1,TSRYS5752098,D,S,T,2024-05-02,1000000.00,4.851014,95.560546875
08:00:33,912810TZ1,TSRYS5752098,D,S,T,2024-05-02,1000000.00,4.850854,95.5625
08:00:33,912810TZ1,TSRYS5752098,D,S,T,2024-05-02,1000000.00,4.850854,95.5625
08:00:33,912810TZ1,TSRYS5752098,D,S,T,2024-05-02,1000000.00,4.850058,95.572265625
08:00:33,912810TZ1,TSRYS5752098,D,S,T,2024-05-02,1000000.00,4.844325,95.642578125
08:00:33,912810TZ1,TSRYS5752098,D,S,T,2024-05-02,1000000.00,4.841779,95.673828125
08:00:33,912810TZ1,TSRYS5752098,D,S,T,2024-05-02,1000000.00,4.839234,95.705078125
08:00:33,912810TZ1,TSRYS5752098,D,S,T,2024-05-02,1000000.00,4.840666,95.6875
08:00:33,912810TZ1,TSRYS5752098,D,S,T,2024-05-02,1000000.00,4.847987,95.59765625
08:00:33,912810TZ1,TSRYS5752098,D,S,T,2024-05-02,1000000.00,4.847987,95.59765625
08:00:33,912810TZ1,TSRYS5752098,D,S,D,2024-05-02,1000000.00,4.846076,95.62109375
08:00:37,912810TZ1,TSRYS5752098,D,S,T,2024-05-02,1000000.00,4.840984,95.68359375
08:00:37,912810TZ1,TSRYS5752098,D,S,T,2024-05-02,1000000.00,4.84337,95.654296875
08:00:37,912810TZ1,TSRYS5752098,D,S,T,2024-05-02,1000000.00,4.845758,95.625
08:00:37,912810TZ1,TSRYS5752098,D,S,T,2024-05-02,1000000.00,4.841143,95.681640625
08:00:37,912810TZ1,TSRYS5752098,D,S,T,2024-05-02,1000000.00,4.833195,95.779296875
08:00:41,912810TZ1,TSRYS5752098,D,S,D,2024-05-02,1000000.00,4.838121,95.71875
08:00:41,912810TZ1,TSRYS5752098,D,S,D,2024-05-02,1000000.00,4.845439,95.62890625
08:00:42,912810TZ1,TSRYS5752098,D,S,T,2024-05-02,1000000.00,4.839393,95.703125
08:00:42,912810TZ1,TSRYS5752098,D,S,T,2024-05-02,1000000.00,4.839393,95.703125
08:00:42,912810TZ1,TSRYS5752098,D,S,D,2024-05-02,1000000.00,4.847668,95.6015625
08:00:43,912810TZ1,TSRYS5752098,D,S,T,2024-05-02,1000000.00,4.868727,95.34375
08:00:43,912810TZ1,TSRYS5752098,D,S,T,2024-05-02,1000000.00,4.868727,95.34375
08:00:43,912810TZ1,TSRYS5752098,D,S,T,2024-05-02,1000000.00,4.868727,95.34375
08:00:43,912810TZ1,TSRYS5752098,D,S,T,2024-05-02,1000000.00,4.868727,95.34375
08:00:43,912810TZ1,TSRYS5752098,D,S,T,2024-05-02,1000000.00,4.868727,95.34375
08:00:43,912810TZ1,TSRYS5752098,D,S,T,2024-05-02,1000000.00,4.867448,95.359375
08:00:43,912810TZ1,TSRYS5752098,D,S,T,2024-05-02,1000000.00,4.867448,95.359375
08:00:43,912810TZ1,TSRYS5752098,D,S,T,2024-05-02,1000000.00,4.867448,95.359375
08:00:44,912810TZ1,TSRYS5752098,D,S,C,2024-05-02,650000.00,4.844166,95.64453125
08:00:44,912810TZ1,TSRYS5752098,D,S,T,2024-05-02,1000000.00,4.843211,95.65625
08:00:44,912810TZ1,TSRYS5752098,D,S,T,2024-05-02,1000000.00,4.840666,95.6875
08:00:44,912810TZ1,TSRYS5752098,D,S,A,2024-05-02,10000.00,4.839711,95.69921875
08:00:44,912810TZ1,TSRYS5752098,D,S,A,2024-05-02,22000.00,4.845758,95.625
08:00:45,912810TZ1,TSRYS5752098,D,S,D,2024-05-02,1000000.00,4.847668,95.6015625
08:00:45,912810TZ1,TSRYS5752098,D,S,D,2024-05-02,1000000.00,4.847668,95.6015625
08:00:45,912810TZ1,TSRYS5752098,D,S,D,2024-05-02,1000000.00,4.847668,95.6015625
08:00:46,912810TZ1,TSRYS5752098,D,S,D,2024-05-02,1000000.00,4.841938,95.671875
08:00:46,912810TZ1,TSRYS5752098,D,S,D,2024-05-02,1000000.00,4.841938,95.671875
08:00:48,912810TZ1,TSRYS5752098,D,S,T,2024-05-02,1000000.00,4.840197,95.693259375
08:00:48,912810TZ1,TSRYS5752098,D,S,A,2024-05-02,3000000.00,4.845121,95.6328125
08:00:49,912810TZ1,TSRYS5752098,D,S,A,2024-05-02,525000.00,4.847668,95.6015625
08:00:49,912810TZ1,TSRYS5752098,D,S,A,2024-05-02,220000.00,4.837969,95.72265625
08:00:50,912810TZ1,TSRYS5752098,D,S,T,2024-05-02,1000000.00,4.839393,95.703125
08:00:52,912810TZ1,TSRYS5752098,D,S,C,2024-05-02,500000.00,4.828907,95.83203125
08:00:54,912810TZ1,TSRYS5752098,D,S,D,2024-05-02,2000000.00,4.842271,95.66779
08:00:56,912810TZ1,TSRYS5752098,D,S,A,2024-05-02,1050000.00,4.843529,95.65234375
08:01:00,912810TZ1,TSRYS5752098,D,S,A,2024-05-02,525000.00,4.847031,95.609375
08:01:01,912810TZ1,TSRYS5752098,D,B,C,2024-05-02,1000000.00,4.864892,95.390625
08:01:01,912810TZ1,TSRYS5752098,D,S,C,2024-05-02,1000000.00,4.864892,95.390625
08:01:01,912810TZ1,TSRYS5752098,D,B,C,2024-05-02,1000000.00,4.867129,95.36328125
08:01:01,912810TZ1,TSRYS5752098,D,S,C,2024-05-02,1000000.00,4.867129,95.36328125
08:01:02,912810TZ1,TSRYS5752098,D,S,C,2024-05-02,1000000.00,4.862976,95.4140625
08:01:02,912810TZ1,TSRYS5752098,D,S,C,2024-05-02,1000000.00,4.867129,95.36328125
08:01:02,912810TZ1,TSRYS5752098,D,S,C,2024-05-02,1000000.00,4.856274,95.49609375
08:01:02,912810TZ1,TSRYS5752098,D,B,C,2024-05-02,1000000.00,4.856274,95.49609375
08:01:02,912810TZ1,TSRYS5752098,D,B,C,2024-05-02,1000000.00,4.84958,95.578125
08:01:02,912810TZ1,TSRYS5752098,D,S,C,2024-05-02,1000000.00,4.850536,95.56640625
08:01:02,912810TZ1,TSRYS5752098,D,S,C,2024-05-02,1000000.00,4.84958,95.578125
08:01:02,912810TZ1,TSRYS5752098,D,S,C,2024-05-02,1000000.00,4.84958,95.578125
08:01:03,912810TZ1,TSRYS5752098,D,S,C,2024-05-02,1000000.00,4.851492,95.5546875
08:01:03,912810TZ1,TSRYS5752098,D,B,C,2024-05-02,1000000.00,4.850854,95.5625
08:01:03,912810TZ1,TSRYS5752098,D,S,D,2024-05-02,1000000.00,4.850854,95.5625
08:01:03,912810TZ1,TSRYS5752098,D,B,C,2024-05-02,1000000.00,4.846076,95.62109375
08:01:03,912810TZ1,TSRYS5752098,D,S,D,2024-05-02,1000000.00,4.850217,95.5703125
08:01:03,912810TZ1,TSRYS5752098,D,S,D,2024-05-02,1000000.00,4.850854,95.5625
08:01:03,912810TZ1,TSRYS5752098,D,S,C,2024-05-02,1000000.00,4.846076,95.62109375
08:01:03,912810TZ1,TSRYS5752098,D,B,C,2024-05-02,1000000.00,4.846076,95.62109375
08:01:03,912810TZ1,TSRYS5752098,D,B,C,2024-05-02,1000000.00,4.850217,95.5703125
08:01:03,912810TZ1,TSRYS5752098,D,B,C,2024-05-02,1000000.00,4.846076,95.62109375
08:01:03,912810TZ1,TSRYS5752098,D,B,C,2024-05-02,1000000.00,4.846076,95.62109375
08:01:03,912810TZ1,TSRYS5752098,D,B,C,2024-05-02,1000000.00,4.842893,95.66015625
08:01:03,912810TZ1,TSRYS5752098,D,S,D,2024-05-02,1000000.00,4.846076,95.62109375
08:01:03,912810TZ1,TSRYS5752098,D,S,C,2024-05-02,1000000.00,4.846076,95.62109375
08:01:03,912810TZ1,TSRYS5752098,D,S,C,2024-05-02,1000000.00,4.845758,95.625
08:01:03,912810TZ1,TSRYS5752098,D,S,C,2024-05-02,1000000.00,4.846076,95.62109375
08:01:03,912810TZ1,TSRYS5752098,D,B,C,2024-05-02,1000000.00,4.846076,95.62109375
08:01:03,912810TZ1,TSRYS5752098,D,S,C,2024-05-02,1000000.00,4.846076,95.62109375
08:01:03,912810TZ1,TSRYS5752098,D,S,C,2024-05-02,1000000.00,4.842893,95.66015625
08:01:04,912810TZ1,TSRYS5752098,D,S,C,2024-05-02,1000000.00,4.838121,95.71875
08:01:04,912810TZ1,TSRYS5752098,D,S,C,2024-05-02,1000000.00,4.838121,95.71875
08:01:04,912810TZ1,TSRYS5752098,D,B,C,2024-05-02,1000000.00,4.838121,95.71875
08:01:04,912810TZ1,TSRYS5752098,D,S,C,2024-05-02,1000000.00,4.845439,95.62890625
08:01:04,912810TZ1,TSRYS5752098,D,S,C,2024-05-02,1000000.00,4.847668,95.6015625
08:01:04,912810TZ1,TSRYS5752098,D,B,C,2024-05-02,1000000.00,4.847668,95.6015625
08:01:04,912810TZ1,TSRYS5752098,D,S,C,2024-05-02,1000000.00,4.847668,95.6015625
08:01:04,912810TZ1,TSRYS5752098,D,B,C,2024-05-02,1000000.00,4.847668,95.6015625
08:01:04,912810TZ1,TSRYS5752098,D,S,C,2024-05-02,1000000.00,4.847668,95.6015625
08:01:04,912810TZ1,TSRYS5752098,D,B,C,2024-05-02,1000000.00,4.847668,95.6015625
08:01:04,912810TZ1,TSRYS5752098,D,S,C,2024-05-02,1000000.00,4.847668,95.6015625
08:01:04,912810TZ1,TSRYS5752098,D,S,C,2024-05-02,1000000.00,4.849898,95.57421875
08:01:04,912810TZ1,TSRYS5752098,D,S,C,2024-05-02,1000000.00,4.849898,95.57421875
08:01:04,912810TZ1,TSRYS5752098,D,B,C,2024-05-02,1000000.00,4.847668,95.6015625
08:01:04,912810TZ1,TSRYS5752098,D,S,C,2024-05-02,1000000.00,4.847668,95.6015625
08:01:04,912810TZ1,TSRYS5752098,D,S,C,2024-05-02,1000000.00,4.847668,95.6015625
08:01:04,912810TZ1,TSRYS5752098,D,B,C,2024-05-02,1000000.00,4.847668,95.6015625
08:01:04,912810TZ1,TSRYS5752098,D,S,C,2024-05-02,1000000.00,4.847668,95.6015625
08:01:04,912810TZ1,TSRYS5752098,D,S,C,2024-05-02,1000000.00,4.847668,95.6015625
08:01:04,912810TZ1,TSRYS5752098,D,S,C,2024-05-02,1000000.00,4.84735,95.60546875
08:01:04,912810TZ1,TSRYS5752098,D,B,C,2024-05-02,1000000.00,4.84735,95.60546875
08:01:04,912810TZ1,TSRYS5752098,D,S,C,2024-05-02,1000000.00,4.847668,95.6015625
08:01:04,912810TZ1,TSRYS5752098,D,B,C,2024-05-02,1000000.00,4.847668,95.6015625
08:01:04,912810TZ1,TSRYS5752098,D,S,C,2024-05-02,1000000.00,4.847668,95.6015625
08:01:04,912810TZ1,TSRYS5752098,D,B,C,2024-05-02,1000000.00,4.847668,95.6015625
08:01:04,912810TZ1,TSRYS5752098,D,S,C,2024-05-02,1000000.00,4.847668,95.6015625
08:01:04,912810TZ1,TSRYS5752098,D,B,C,2024-05-02,1000000.00,4.847668,95.6015625
08:01:04,912810TZ1,TSRYS5752098,D,S,C,2024-05-02,1000000.00,4.847668,95.6015625
08:01:04,912810TZ1,TSRYS5752098,D,S,C,2024-05-02,1000000.00,4.839075,95.70703125
08:01:04,912810TZ1,TSRYS5752098,D,B,C,2024-05-02,1000000.00,4.839075,95.70703125
08:01:04,912810TZ1,TSRYS5752098,D,B,C,2024-05-02,1000000.00,4.839075,95.70703125
08:01:04,912810TZ1,TSRYS5752098,D,S,C,2024-05-02,1000000.00,4.839075,95.70703125
08:01:04,912810TZ1,TSRYS5752098,D,S,C,2024-05-02,1000000.00,4.839075,95.70703125
08:01:04,912810TZ1,TSRYS5752098,D,B,C,2024-05-02,1000000.00,4.837803,95.72265625
08:01:04,912810TZ1,TSRYS5752098,D,S,C,2024-05-02,1000000.00,4.837803,95.72265625
08:01:04,912810TZ1,TSRYS5752098,D,S,C,2024-05-02,1000000.00,4.839075,95.70703125
08:01:05,912810TZ1,TSRYS5752098,D,S,D,2024-05-02,252000.00,4.84958,95.578125
08:01:06,912810TZ1,TSRYS5752098,D,B,A,2024-05-02,444000.00,4.848305,95.59375
08:01:12,912810TZ1,TSRYS5752098,D,S,A,2024-05-02,320200.00,4.838231,95.71875
08:01:12,912810TZ1,TSRYS5752098,D,S,D,2024-05-02,5000000.00,4.850797,95.5632
08:01:12,912810TZ1,TSRYS5752098,D,S,D,2024-05-02,1000000.00,4.850797,95.5632
08:01:12,912810TZ1,TSRYS5752098,D,S,D,2024-05-02,1000000.00,4.850797,95.5632
08:01:12,912810TZ1,TSRYS5752098,D,S,D,2024-05-02,1000000.00,4.85,95.5729656
08:01:13,912810TZ1,TSRYS5752098,D,S,D,2024-05-02,5000000.00,4.854303,95.5202313
08:01:14,912810TZ1,TSRYS5752098,D,S,D,2024-05-02,1265000.00,4.838121,95.71875
08:01:15,912810TZ1,TSRYS5752098,D,S,D,2024-05-02,5000.00,4.846999,95.609775
08:01:15,912810TZ1,TSRYS5752098,D,S,C,2024-05-02,5000.00,4.846999,95.709775
08:01:18,912810TZ1,TSRYS5752098,D,B,A,2024-05-02,480000.00,4.837485,95.7265625
08:01:18,912810TZ1,TSRYS5752098,D,S,D,2024-05-02,101000.00,4.838121,95.71875
08:01:19,912810TZ1,TSRYS5752098,D,S,T,2024-05-02,1000000.00,4.843211,95.65625
08:01:20,912810TZ1,TSRYS5752098,D,S,D,2024-05-02,1000000.00,4.84337,95.65429687
08:01:20,912810TZ1,TSRYS5752098,D,S,D,2024-05-02,1000000.00,4.84337,95.65429687
08:01:20,912810TZ1,TSRYS5752098,D,S,T,2024-05-02,1000000.00,4.84337,95.65429687
08:01:20,912810TZ1,TSRYS5752098,D,B,C,2024-05-02,4000000.00,4.843371,95.65429
08:01:20,912810TZ1,TSRYS5752098,D,S,D,2024-05-02,1000000.00,4.845917,95.62304687
08:01:21,912810TZ1,TSRYS5752098,D,S,T,2024-05-02,1000000.00,4.846235,95.61914062
08:01:22,912810TZ1,TSRYS5752098,D,B,C,2024-05-02,1000000.00,4.835896,95.74609375
08:01:22,912810TZ1,TSRYS5752098,D,S,C,2024-05-02,1000000.00,4.835896,95.74609375
08:01:22,912810TZ1,TSRYS5752098,D,S,D,2024-05-02,1000000.00,4.835896,95.74609375
08:01:22,912810TZ1,TSRYS5752098,D,S,C,2024-05-02,1000000.00,4.839075,95.70703125
08:01:22,912810TZ1,TSRYS5752098,D,B,C,2024-05-02,1000000.00,4.839075,95.70703125
08:01:22,912810TZ1,TSRYS5752098,D,B,C,2024-05-02,1000000.00,4.839075,95.70703125
08:01:22,912810TZ1,TSRYS5752098,D,S,C,2024-05-02,1000000.00,4.839075,95.70703125
08:01:22,912810TZ1,TSRYS5752098,D,S,C,2024-05-02,1000000.00,4.842256,95.66796875
08:01:23,912810TZ1,TSRYS5752098,D,S,C,2024-05-02,1000000.00,4.842893,95.66015625
08:01:23,912810TZ1,TSRYS5752098,D,B,C,2024-05-02,1000000.00,4.842893,95.66015625
08:01:26,912810TZ1,TSRYS5752098,D,S,C,2024-05-02,15000000.00,4.856311,95.49564
08:01:27,912810TZ1,TSRYS5752098,D,S,D,2024-05-02,1000000.00,4.843052,95.65820312
08:01:27,912810TZ1,TSRYS5752098,D,S,T,2024-05-02,1000000.00,4.843052,95.65820312
08:01:28,912810TZ1,TSRYS5752098,D,S,D,2024-05-02,1000000.00,4.843211,95.65625
08:01:28,912810TZ1,TSRYS5752098,D,S,D,2024-05-02,1000000.00,4.843211,95.65625
08:01:29,912810TZ1,TSRYS5752098,D,S,T,2024-05-02,1000000.00,4.843211,95.65625
08:01:29,912810TZ1,TSRYS5752098,D,S,D,2024-05-02,1000000.00,4.843211,95.65625
08:01:29,912810TZ1,TSRYS5752098,D,S,D,2024-05-02,1000000.00,4.844484,95.640625
08:01:29,912810TZ1,TSRYS5752098,D,S,D,2024-05-02,1000000.00,4.844484,95.640625
08:01:31,912810TZ1,TSRYS5752098,D,S,A,2024-05-02,8300000.00,4.846076,95.62109375
08:01:33,912810TZ1,TSRYS5752098,D,B,A,2024-05-02,2450000.00,4.848305,95.59375
08:01:34,912810TZ1,TSRYS5752098,D,S,T,2024-05-02,1000000.00,4.845758,95.625
08:01:35,912810TZ1,TSRYS5752098,D,S,D,2024-05-02,1000000.00,4.842575,95.6640625
08:01:35,912810TZ1,TSRYS5752098,D,S,D,2024-05-02,1000000.00,4.842416,95.66601562
08:01:37,912810TZ1,TSRYS5752098,D,S,D,2024-05-02,100000.00,4.838757,95.7109375
08:01:37,912810TZ1,TSRYS5752098,D,S,T,2024-05-02,1000000.00,4.848305,95.59375
08:01:38,912810TZ1,TSRYS5752098,D,S,T,2024-05-02,1000000.00,4.844484,95.640625
08:01:38,912810TZ1,TSRYS5752098,D,S,D,2024-05-02,1000000.00,4.843848,95.6484375
08:01:39,912810TZ1,TSRYS5752098,D,S,D,2024-05-02,1000000.00,4.842256,95.66796875
08:01:39,912810TZ1,TSRYS5752098,D,S,C,2024-05-02,3000000.00,4.843497,95.65274375
08:01:39,912810TZ1,TSRYS5752098,D,S,D,2024-05-02,1000000.00,4.842575,95.6640625
08:01:39,912810TZ1,TSRYS5752098,D,S,D,2024-05-02,1000000.00,4.842416,95.66601562
08:01:39,912810TZ1,TSRYS5752098,D,S,C,2024-05-02,19000000.00,4.842764,95.66174
08:01:40,912810TZ1,TSRYS5752098,D,S,D,2024-05-02,1000000.00,4.850536,95.56640625
08:01:40,912810TZ1,TSRYS5752098,D,S,D,2024-05-02,1000000.00,4.850854,95.5625
08:01:40,912810TZ1,TSRYS5752098,D,S,D,2024-05-02,1000000.00,4.850854,95.5625
08:01:40,912810TZ1,TSRYS5752098,D,S,T,2024-05-02,1000000.00,4.850854,95.5625
08:01:40,912810TZ1,TSRYS5752098,D,B,C,2024-05-02,1000000.00,4.85181,95.55078125
08:01:42,912810TZ1,TSRYS5752098,D,S,T,2024-05-02,1000000.00,4.843848,95.6484375
08:01:42,912810TZ1,TSRYS5752098,D,S,T,2024-05-02,1000000.00,4.844007,95.64648437
08:01:42,912810TZ1,TSRYS5752098,D,S,D,2024-05-02,1000000.00,4.844007,95.64648437
08:01:42,912810TZ1,TSRYS5752098,D,S,D,2024-05-02,1000000.00,4.844007,95.64648437
08:01:43,912810TZ1,TSRYS5752098,D,S,D,2024-05-02,1000000.00,4.840666,95.6875
08:01:43,912810TZ1,TSRYS5752098,D,S,D,2024-05-02,1000000.00,4.839075,95.70703125
08:01:43,912810TZ1,TSRYS5752098,D,S,D,2024-05-02,1000000.00,4.839075,95.70703125
08:01:43,912810TZ1,TSRYS5752098,D,S,D,2024-05-02,1000000.00,4.839075,95.70703125
08:01:44,912810TZ1,TSRYS5752098,D,S,T,2024-05-02,1000000.00,4.847031,95.609375
08:01:45,912810TZ1,TSRYS5752098,D,S,D,2024-05-02,1000000.00,4.834307,95.765625
08:01:45,912810TZ1,TSRYS5752098,D,S,D,2024-05-02,1000000.00,4.834307,95.765625
08:01:45,912810TZ1,TSRYS5752098,D,S,D,2024-05-02,1000000.00,4.833036,95.78125
08:01:45,912810TZ1,TSRYS5752098,D,S,D,2024-05-02,1000000.00,4.832241,95.79101562
08:01:46,912810TZ1,TSRYS5752098,D,B,C,2024-05-02,8000000.00,4.838563,95.71332
08:01:47,912810TZ1,TSRYS5752098,D,B,A,2024-05-02,480000.00,4.837883,95.721679688
08:01:54,912810TZ1,TSRYS5752098,D,B,C,2024-05-02,10000000.00,4.842954,95.65941
08:01:55,912810TZ1,TSRYS5752098,D,B,C,2024-05-02,1000000.00,4.86106,95.4375
08:01:55,912810TZ1,TSRYS5752098,D,S,D,2024-05-02,1000000.00,4.86106,95.4375
08:01:55,912810TZ1,TSRYS5752098,D,S,D,2024-05-02,1000000.00,4.86106,95.4375
08:01:55,912810TZ1,TSRYS5752098,D,S,D,2024-05-02,1000000.00,4.86106,95.4375
08:01:55,912810TZ1,TSRYS5752098,D,S,D,2024-05-02,1000000.00,4.86106,95.4375
08:01:55,912810TZ1,TSRYS5752098,D,S,D,2024-05-02,1000000.00,4.86106,95.4375
08:01:55,912810TZ1,TSRYS5752098,D,B,C,2024-05-02,1000000.00,4.86106,95.4375
08:01:55,912810TZ1,TSRYS5752098,D,S,D,2024-05-02,1000000.00,4.86106,95.4375
08:01:58,912810TZ1,TSRYS5752098,D,S,D,2024-05-02,1000000.00,4.858507,95.46875
08:01:58,912810TZ1,TSRYS5752098,D,S,D,2024-05-02,1000000.00,4.858507,95.46875
08:01:58,912810TZ1,TSRYS5752098,D,B,C,2024-05-02,1000000.00,4.858507,95.46875
08:01:58,912810TZ1,TSRYS5752098,D,B,C,2024-05-02,1000000.00,4.854679,95.515625
08:01:58,912810TZ1,TSRYS5752098,D,S,D,2024-05-02,1000000.00,4.854679,95.515625
08:01:58,912810TZ1,TSRYS5752098,D,B,C,2024-05-02,1000000.00,4.854679,95.515625
08:01:58,912810TZ1,TSRYS5752098,D,S,C,2024-05-02,1000000.00,4.854663,95.515825
08:01:58,912810TZ1,TSRYS5752098,D,S,T,2024-05-02,1000000.00,4.852139,95.54675
08:01:59,912810TZ1,TSRYS5752098,D,S,T,2024-05-02,1000000.00,4.852139,95.54675
08:01:59,912810TZ1,TSRYS5752098,D,S,T,2024-05-02,1000000.00,4.852139,95.54675
08:01:59,912810TZ1,TSRYS5752098,D,S,T,2024-05-02,1000000.00,4.850864,95.562375
08:02:00,912810TZ1,TSRYS5752098,D,S,T,2024-05-02,2000000.00,4.850864,95.562375
08:02:00,912810TZ1,TSRYS5752098,D,S,T,2024-05-02,1000000.00,4.850864,95.562375
08:02:00,912810TZ1,TSRYS5752098,D,S,C,2024-05-02,1000000.00,4.862319,95.422102
08:02:00,912810TZ1,TSRYS5752098,D,S,C,2024-05-02,1000000.00,4.862319,95.422102
08:02:00,912810TZ1,TSRYS5752098,D,B,C,2024-05-02,1000000.00,4.862337,95.421875
08:02:00,912810TZ1,TSRYS5752098,D,S,C,2024-05-02,1000000.00,4.862319,95.422102
08:02:00,912810TZ1,TSRYS5752098,D,S,C,2024-05-02,1000000.00,4.862319,95.422102
08:02:01,912810TZ1,TSRYS5752098,D,S,D,2024-05-02,2000000.00,4.840188,95.69335937
08:02:01,912810TZ1,TSRYS5752098,D,S,D,2024-05-02,1000000.00,4.839552,95.70117187
08:02:01,912810TZ1,TSRYS5752098,D,S,D,2024-05-02,1000000.00,4.839552,95.70117187
08:02:01,912810TZ1,TSRYS5752098,D,S,D,2024-05-02,2000000.00,4.839393,95.703125
08:02:01,912810TZ1,TSRYS5752098,D,S,D,2024-05-02,2000000.00,4.839393,95.703125
08:02:01,912810TZ1,TSRYS5752098,D,S,D,2024-05-02,1000000.00,4.839393,95.703125
08:02:01,912810TZ1,TSRYS5752098,D,S,D,2024-05-02,1000000.00,4.839393,95.703125
08:02:01,912810TZ1,TSRYS5752098,D,S,C,2024-05-02,1000000.00,4.839393,95.703125
08:02:01,912810TZ1,TSRYS5752098,D,S,D,2024-05-02,1000000.00,4.839393,95.703125
08:02:01,912810TZ1,TSRYS5752098,D,S,D,2024-05-02,1000000.00,4.839234,95.70507812
08:02:01,912810TZ1,TSRYS5752098,D,S,D,2024-05-02,1000000.00,4.839234,95.70507812
08:02:02,912810TZ1,TSRYS5752098,D,S,D,2024-05-02,1000000.00,4.840188,95.69335937
08:02:02,912810TZ1,TSRYS5752098,D,S,C,2024-05-02,1000000.00,4.839393,95.703125
08:02:02,912810TZ1,TSRYS5752098,D,S,D,2024-05-02,1000000.00,4.839552,95.70117187
08:02:02,912810TZ1,TSRYS5752098,D,S,D,2024-05-02,1000000.00,4.839552,95.70117187
08:02:02,912810TZ1,TSRYS5752098,D,S,C,2024-05-02,1000000.00,4.839393,95.703125
08:02:03,912810TZ1,TSRYS5752098,D,S,D,2024-05-02,2000000.00,4.836214,95.7421875
08:02:04,912810TZ1,TSRYS5752098,D,S,D,2024-05-02,2000000.00,4.836373,95.74023437
08:02:05,912810TZ1,TSRYS5752098,D,S,D,2024-05-02,2000000.00,4.838757,95.7109375
08:02:05,912810TZ1,TSRYS5752098,D,S,C,2024-05-02,1000000.00,4.840188,95.69335937
08:02:05,912810TZ1,TSRYS5752098,D,S,T,2024-05-02,1000000.00,4.840188,95.69335937
08:02:05,912810TZ1,TSRYS5752098,D,S,T,2024-05-02,1000000.00,4.840348,95.69140625
08:02:05,912810TZ1,TSRYS5752098,D,S,T,2024-05-02,1000000.00,4.840348,95.69140625
08:02:05,912810TZ1,TSRYS5752098,D,S,T,2024-05-02,1000000.00,4.840348,95.69140625
08:02:05,912810TZ1,TSRYS5752098,D,S,D,2024-05-02,1000000.00,4.840188,95.69335937
08:02:05,912810TZ1,TSRYS5752098,D,S,T,2024-05-02,1000000.00,4.840348,95.69140625
08:02:06,912810TZ1,TSRYS5752098,D,S,D,2024-05-02,1000000.00,4.838757,95.7109375
08:02:06,912810TZ1,TSRYS5752098,D,S,D,2024-05-02,1000000.00,4.838757,95.7109375
08:02:06,912810TZ1,TSRYS5752098,D,S,D,2024-05-02,2000000.00,4.838598,95.71289062
08:02:06,912810TZ1,TSRYS5752098,D,S,C,2024-05-02,1000000.00,4.838439,95.71484375
08:02:06,912810TZ1,TSRYS5752098,D,S,D,2024-05-02,1000000.00,4.838439,95.71484375
08:02:07,912810TZ1,TSRYS5752098,D,S,D,2024-05-02,1000000.00,4.838121,95.71875
08:02:08,912810TZ1,TSRYS5752098,D,S,C,2024-05-02,2000000.00,4.837644,95.72460937
08:02:08,912810TZ1,TSRYS5752098,D,S,C,2024-05-02,1000000.00,4.837167,95.73046875
08:02:08,912810TZ1,TSRYS5752098,D,S,C,2024-05-02,1000000.00,4.837008,95.73242187
08:02:08,912810TZ1,TSRYS5752098,D,S,D,2024-05-02,1000000.00,4.837167,95.73046875
08:02:08,912810TZ1,TSRYS5752098,D,S,C,2024-05-02,1000000.00,4.836849,95.734375
08:02:10,912810TZ1,TSRYS5752098,D,S,D,2024-05-02,1000000.00,4.839234,95.70507812
08:02:10,912810TZ1,TSRYS5752098,D,S,D,2024-05-02,1000000.00,4.839234,95.70507812
08:02:10,912810TZ1,TSRYS5752098,D,S,T,2024-05-02,1000000.00,4.83669,95.73632812
08:02:10,912810TZ1,TSRYS5752098,D,S,T,2024-05-02,1000000.00,4.836849,95.734375
08:02:10,912810TZ1,TSRYS5752098,D,S,D,2024-05-02,1000000.00,4.836849,95.734375
08:02:10,912810TZ1,TSRYS5752098,D,S,D,2024-05-02,1000000.00,4.833195,95.77929687
08:02:10,912810TZ1,TSRYS5752098,D,S,D,2024-05-02,1000000.00,4.83383,95.77148437
08:02:11,912810TZ1,TSRYS5752098,D,S,D,2024-05-02,2000000.00,4.836214,95.7421875
08:02:11,912810TZ1,TSRYS5752098,D,S,D,2024-05-02,1000000.00,4.835896,95.74609375
08:02:11,912810TZ1,TSRYS5752098,D,S,C,2024-05-02,1000000.00,4.835896,95.74609375
08:02:11,912810TZ1,TSRYS5752098,D,B,C,2024-05-02,5000000.00,4.836254,95.74169
08:02:13,912810TZ1,TSRYS5752098,D,S,D,2024-05-02,1000000.00,4.842256,95.66796875
08:02:13,912810TZ1,TSRYS5752098,D,S,D,2024-05-02,1000000.00,4.842256,95.66796875
08:02:13,912810TZ1,TSRYS5752098,D,S,D,2024-05-02,2000000.00,4.841461,95.67773437
08:02:13,912810TZ1,TSRYS5752098,D,S,D,2024-05-02,2000000.00,4.840984,95.68359375
08:02:14,912810TZ1,TSRYS5752098,D,S,D,2024-05-02,2000000.00,4.839711,95.69921875
08:02:14,912810TZ1,TSRYS5752098,D,S,C,2024-05-02,1000000.00,4.838439,95.71484375
08:02:14,912810TZ1,TSRYS5752098,D,S,A,2024-05-02,1000000.00,4.853404,95.53125
08:02:14,912810TZ1,TSRYS5752098,D,S,D,2024-05-02,2000000.00,4.83987,95.69726562
08:02:14,912810TZ1,TSRYS5752098,D,S,D,2024-05-02,2000000.00,4.83987,95.69726562
08:02:14,912810TZ1,TSRYS5752098,D,S,T,2024-05-02,1000000.00,4.83987,95.69726562
08:02:14,912810TZ1,TSRYS5752098,D,S,D,2024-05-02,1000000.00,4.83987,95.69726562
08:02:14,912810TZ1,TSRYS5752098,D,S,D,2024-05-02,1000000.00,4.83987,95.69726562
08:02:14,912810TZ1,TSRYS5752098,D,S,D,2024-05-02,1000000.00,4.83987,95.69726562
08:02:14,912810TZ1,TSRYS5752098,D,S,D,2024-05-02,2000000.00,4.83987,95.69726562
08:02:14,912810TZ1,TSRYS5752098,D,S,T,2024-05-02,1000000.00,4.83987,95.69726562
08:02:14,912810TZ1,TSRYS5752098,D,S,D,2024-05-02,2000000.00,4.841779,95.67382812
08:02:15,912810TZ1,TSRYS5752098,D,S,D,2024-05-02,2000000.00,4.84162,95.67578125
08:02:16,912810TZ1,TSRYS5752098,D,S,D,2024-05-02,2000000.00,4.838916,95.70898437
08:02:16,912810TZ1,TSRYS5752098,D,S,D,2024-05-02,2000000.00,4.840348,95.69140625
08:02:16,912810TZ1,TSRYS5752098,D,S,A,2024-05-02,146000.00,4.849984,95.57421875
08:02:17,912810TZ1,TSRYS5752098,D,S,D,2024-05-02,1000000.00,4.867448,95.359375
08:02:17,912810TZ1,TSRYS5752098,D,S,C,2024-05-02,1000000.00,4.867448,95.359375
08:02:17,912810TZ1,TSRYS5752098,D,S,C,2024-05-02,1000000.00,4.867448,95.359375
08:02:17,912810TZ1,TSRYS5752098,D,S,D,2024-05-02,1000000.00,4.868727,95.34375
08:02:17,912810TZ1,TSRYS5752098,D,S,C,2024-05-02,1000000.00,4.868727,95.34375
08:02:17,912810TZ1,TSRYS5752098,D,S,C,2024-05-02,1000000.00,4.868727,95.34375
08:02:17,912810TZ1,TSRYS5752098,D,S,C,2024-05-02,1000000.00,4.868727,95.34375
08:02:18,912810TZ1,TSRYS5752098,D,S,D,2024-05-02,2000000.00,4.843848,95.6484375
08:02:18,912810TZ1,TSRYS5752098,D,S,D,2024-05-02,2000000.00,4.842256,95.66796875
08:02:18,912810TZ1,TSRYS5752098,D,S,D,2024-05-02,1000000.00,4.86617,95.375
08:02:18,912810TZ1,TSRYS5752098,D,B,C,2024-05-02,1000000.00,4.866184,95.374825
08:02:19,912810TZ1,TSRYS5752098,D,S,D,2024-05-02,2000000.00,4.843689,95.65039062
08:02:19,912810TZ1,TSRYS5752098,D,B,C,2024-05-02,1000000.00,4.867465,95.359175
08:02:19,912810TZ1,TSRYS5752098,D,S,C,2024-05-02,1000000.00,4.867436,95.359525
08:02:19,912810TZ1,TSRYS5752098,D,B,C,2024-05-02,1000000.00,4.867465,95.359175
08:02:19,912810TZ1,TSRYS5752098,D,S,C,2024-05-02,1000000.00,4.867436,95.359525
08:02:20,912810TZ1,TSRYS5752098,D,S,C,2024-05-02,1000000.00,4.866154,95.3752
08:02:20,912810TZ1,TSRYS5752098,D,B,C,2024-05-02,1000000.00,4.866183,95.374848
08:02:22,912810TZ1,TSRYS5752098,D,S,D,2024-05-02,1000000.00,4.840666,95.6875
08:02:22,912810TZ1,TSRYS5752098,D,S,C,2024-05-02,91000.00,4.846713,95.61328125
08:02:22,912810TZ1,TSRYS5752098,D,S,C,2024-05-02,8000000.00,4.846508,95.6171875
08:02:22,912810TZ1,TSRYS5752098,D,S,C,2024-05-02,1050000.00,4.844166,95.64453125
08:02:22,912810TZ1,TSRYS5752098,D,S,C,2024-05-02,4730000.00,4.839711,95.69921875
08:02:22,912810TZ1,TSRYS5752098,D,S,D,2024-05-02,1000000.00,4.861048,95.43765
08:02:22,912810TZ1,TSRYS5752098,D,S,D,2024-05-02,210000.00,4.836532,95.73828125
08:02:23,912810TZ1,TSRYS5752098,D,S,D,2024-05-02,200000.00,4.849261,95.58203125
08:02:23,912810TZ1,TSRYS5752098,D,S,A,2024-05-02,20300000.00,4.848273,95.59415
08:02:23,912810TZ1,TSRYS5752098,D,S,C,2024-05-02,1000000.00,4.862337,95.421875
08:02:23,912810TZ1,TSRYS5752098,D,B,C,2024-05-02,1000000.00,4.862337,95.421875
08:02:23,912810TZ1,TSRYS5752098,D,S,C,2024-05-02,1000000.00,4.862337,95.421875
08:02:23,912810TZ1,TSRYS5752098,D,B,C,2024-05-02,1000000.00,4.862337,95.421875
08:02:23,912810TZ1,TSRYS5752098,D,S,D,2024-05-02,7000000.00,4.840439,95.69028
08:02:23,912810TZ1,TSRYS5752098,D,B,A,2024-05-02,650000.00,4.843211,95.65625
08:02:24,912810TZ1,TSRYS5752098,D,S,A,2024-05-02,814900.00,4.845121,95.6328125
08:02:24,912810TZ1,TSRYS5752098,D,B,C,2024-05-02,1000000.00,4.858507,95.46875
08:02:24,912810TZ1,TSRYS5752098,D,S,D,2024-05-02,1000000.00,4.858495,95.4689
08:02:24,912810TZ1,TSRYS5752098,D,S,C,2024-05-02,1000000.00,4.858507,95.46875
08:02:24,912810TZ1,TSRYS5752098,D,S,D,2024-05-02,1000000.00,4.858495,95.4689
08:02:25,912810TZ1,TSRYS5752098,D,S,D,2024-05-02,10000000.00,4.844115,95.64516
08:02:25,912810TZ1,TSRYS5752098,D,S,D,2024-05-02,1000000.00,4.855944,95.50013
08:02:26,912810TZ1,TSRYS5752098,D,S,D,2024-05-02,1000000.00,4.855944,95.50013
08:02:27,912810TZ1,TSRYS5752098,D,S,D,2024-05-02,1000000.00,4.850854,95.5625
08:02:27,912810TZ1,TSRYS5752098,D,S,C,2024-05-02,1000000.00,4.854679,95.515625
08:02:28,912810TZ1,TSRYS5752098,D,S,D,2024-05-02,1000000.00,4.851014,95.560546875
08:02:28,912810TZ1,TSRYS5752098,D,S,D,2024-05-02,1000000.00,4.851014,95.560546875
08:02:28,912810TZ1,TSRYS5752098,D,S,D,2024-05-02,1000000.00,4.851014,95.560546875
08:02:28,912810TZ1,TSRYS5752098,D,S,D,2024-05-02,1000000.00,4.850854,95.5625
08:02:28,912810TZ1,TSRYS5752098,D,S,D,2024-05-02,1000000.00,4.850854,95.5625
08:02:29,912810TZ1,TSRYS5752098,D,B,C,2024-05-02,1000000.00,4.855955,95.5
08:02:29,912810TZ1,TSRYS5752098,D,B,C,2024-05-02,1000000.00,4.855971,95.4998
08:02:29,912810TZ1,TSRYS5752098,D,S,C,2024-05-02,1000000.00,4.855943,95.50015
08:02:29,912810TZ1,TSRYS5752098,D,B,C,2024-05-02,1000000.00,4.855955,95.5
08:02:29,912810TZ1,TSRYS5752098,D,S,C,2024-05-02,1000000.00,4.855939,95.5002
08:02:29,912810TZ1,TSRYS5752098,D,S,C,2024-05-02,1000000.00,4.855943,95.50015
08:02:29,912810TZ1,TSRYS5752098,D,S,D,2024-05-02,1000000.00,4.850058,95.572265625
08:02:29,912810TZ1,TSRYS5752098,D,B,C,2024-05-02,1000000.00,4.850536,95.56640625
08:02:29,912810TZ1,TSRYS5752098,D,S,D,2024-05-02,1000000.00,4.850536,95.56640625
08:02:29,912810TZ1,TSRYS5752098,D,B,C,2024-05-02,1000000.00,4.850536,95.56640625
08:02:29,912810TZ1,TSRYS5752098,D,S,D,2024-05-02,1000000.00,4.850536,95.56640625
08:02:31,912810TZ1,TSRYS5752098,D,B,C,2024-05-02,1000000.00,4.846395,95.6171875
08:02:31,912810TZ1,TSRYS5752098,D,S,D,2024-05-02,2000000.00,4.847031,95.609375
08:02:31,912810TZ1,TSRYS5752098,D,S,D,2024-05-02,1000000.00,4.846395,95.6171875
08:02:31,912810TZ1,TSRYS5752098,D,S,D,2024-05-02,1000000.00,4.846235,95.619140625
08:02:33,912810TZ1,TSRYS5752098,D,B,C,2024-05-02,1000000.00,4.850867,95.562348
08:02:33,912810TZ1,TSRYS5752098,D,S,D,2024-05-02,1000000.00,4.850854,95.5625
08:02:34,912810TZ1,TSRYS5752098,D,B,C,2024-05-02,1000000.00,4.852147,95.54665
08:02:34,912810TZ1,TSRYS5752098,D,S,C,2024-05-02,1000000.00,4.852129,95.546875
08:02:34,912810TZ1,TSRYS5752098,D,B,C,2024-05-02,1000000.00,4.852141,95.546723
08:02:34,912810TZ1,TSRYS5752098,D,S,D,2024-05-02,1000000.00,4.852129,95.546875
08:02:34,912810TZ1,TSRYS5752098,D,S,C,2024-05-02,1000000.00,4.852129,95.546875
08:02:34,912810TZ1,TSRYS5752098,D,B,C,2024-05-02,1000000.00,4.852147,95.54665
08:02:34,912810TZ1,TSRYS5752098,D,S,C,2024-05-02,1000000.00,4.850842,95.56265
08:02:34,912810TZ1,TSRYS5752098,D,S,C,2024-05-02,1000000.00,4.850842,95.56265
08:02:34,912810TZ1,TSRYS5752098,D,B,C,2024-05-02,1000000.00,4.850867,95.562348
08:02:34,912810TZ1,TSRYS5752098,D,B,C,2024-05-02,1000000.00,4.850873,95.562275
08:02:35,912810TZ1,TSRYS5752098,D,B,C,2024-05-02,1000000.00,4.849592,95.577973
08:02:35,912810TZ1,TSRYS5752098,D,S,D,2024-05-02,1000000.00,4.84958,95.578125
08:02:35,912810TZ1,TSRYS5752098,D,S,A,2024-05-02,4400000.00,4.849931,95.57381875
08:02:35,912810TZ1,TSRYS5752098,D,S,D,2024-05-02,1000000.00,4.847031,95.609375
08:02:35,912810TZ1,TSRYS5752098,D,B,C,2024-05-02,1000000.00,4.847031,95.609375
08:02:36,912810TZ1,TSRYS5752098,D,S,D,2024-05-02,2000000.00,4.845758,95.625
08:02:36,912810TZ1,TSRYS5752098,D,B,C,2024-05-02,1000000.00,4.845774,95.6248
08:02:36,912810TZ1,TSRYS5752098,D,S,D,2024-05-02,1000000.00,4.845758,95.625
08:02:36,912810TZ1,TSRYS5752098,D,S,D,2024-05-02,1000000.00,4.845758,95.625
08:02:36,912810TZ1,TSRYS5752098,D,S,D,2024-05-02,1000000.00,4.845758,95.625
08:02:36,912810TZ1,TSRYS5752098,D,B,C,2024-05-02,1000000.00,4.845758,95.625
08:02:36,912810TZ1,TSRYS5752098,D,B,C,2024-05-02,2000000.00,4.845758,95.625
08:02:36,912810TZ1,TSRYS5752098,D,B,C,2024-05-02,1000000.00,4.845758,95.625
08:02:36,912810TZ1,TSRYS5752098,D,B,C,2024-05-02,2000000.00,4.845758,95.625
08:02:36,912810TZ1,TSRYS5752098,D,S,D,2024-05-02,2000000.00,4.845758,95.625
08:02:36,912810TZ1,TSRYS5752098,D,S,D,2024-05-02,1000000.00,4.845758,95.625
08:02:36,912810TZ1,TSRYS5752098,D,S,D,2024-05-02,1000000.00,4.845758,95.625
08:02:36,912810TZ1,TSRYS5752098,D,S,D,2024-05-02,1000000.00,4.845758,95.625
08:02:37,912810TZ1,TSRYS5752098,D,S,A,2024-05-02,300000.00,4.84958,95.578125
08:02:37,912810TZ1,TSRYS5752098,D,S,C,2024-05-02,1000000.00,4.841938,95.671875
08:02:37,912810TZ1,TSRYS5752098,D,S,A,2024-05-02,366900.00,4.848305,95.59375
08:02:38,912810TZ1,TSRYS5752098,D,S,D,2024-05-02,4000000.00,4.839607,95.7005
08:02:38,912810TZ1,TSRYS5752098,D,S,A,2024-05-02,10000.00,4.836932,95.734375
08:02:38,912810TZ1,TSRYS5752098,D,B,A,2024-05-02,406900.00,4.836214,95.7421875
08:02:39,912810TZ1,TSRYS5752098,D,S,D,2024-05-02,1000000.00,4.844474,95.640755
08:02:41,912810TZ1,TSRYS5752098,D,S,C,2024-05-02,1000000.00,4.843052,95.658203125
08:02:41,912810TZ1,TSRYS5752098,D,S,D,2024-05-02,1000000.00,4.843211,95.65625
08:02:42,912810TZ1,TSRYS5752098,D,S,D,2024-05-02,1000000.00,4.843211,95.65625
08:02:42,912810TZ1,TSRYS5752098,D,S,D,2024-05-02,2000000.00,4.843211,95.65625
08:02:42,912810TZ1,TSRYS5752098,D,B,C,2024-05-02,2000000.00,4.843211,95.65625
08:02:42,912810TZ1,TSRYS5752098,D,B,C,2024-05-02,1000000.00,4.843211,95.65625
08:02:42,912810TZ1,TSRYS5752098,D,B,C,2024-05-02,1000000.00,4.843227,95.65605
08:02:42,912810TZ1,TSRYS5752098,D,S,D,2024-05-02,1000000.00,4.843211,95.65625
08:02:42,912810TZ1,TSRYS5752098,D,S,C,2024-05-02,1000000.00,4.843193,95.656477
08:02:43,912810TZ1,TSRYS5752098,D,S,D,2024-05-02,1000000.00,4.844325,95.642578125
08:02:44,912810TZ1,TSRYS5752098,D,S,C,2024-05-02,1000000.00,4.848289,95.59395
08:02:44,912810TZ1,TSRYS5752098,D,B,C,2024-05-02,1000000.00,4.848318,95.5936
08:02:45,912810TZ1,TSRYS5752098,D,B,A,2024-05-02,1000000.00,4.846076,95.62109375
08:02:45,912810TZ1,TSRYS5752098,D,S,A,2024-05-02,10000.00,4.847668,95.6015625
08:02:45,912810TZ1,TSRYS5752098,D,B,C,2024-05-02,3000000.00,4.847048,95.609175
08:02:45,912810TZ1,TSRYS5752098,D,S,C,2024-05-02,3000000.00,4.847013,95.609602
08:02:45,912810TZ1,TSRYS5752098,D,S,C,2024-05-02,2000000.00,4.847013,95.609602
08:02:45,912810TZ1,TSRYS5752098,D,S,D,2024-05-02,1000000.00,4.845758,95.625
08:02:45,912810TZ1,TSRYS5752098,D,B,C,2024-05-02,1000000.00,4.845772,95.624825
08:02:45,912810TZ1,TSRYS5752098,D,B,C,2024-05-02,1000000.00,4.845774,95.6248
08:02:45,912810TZ1,TSRYS5752098,D,B,C,2024-05-02,1000000.00,4.845774,95.6248
08:02:45,912810TZ1,TSRYS5752098,D,B,C,2024-05-02,1000000.00,4.845772,95.624825
08:02:45,912810TZ1,TSRYS5752098,D,S,D,2024-05-02,1000000.00,4.845758,95.625
08:02:45,912810TZ1,TSRYS5752098,D,S,D,2024-05-02,1000000.00,4.845758,95.625
08:02:45,912810TZ1,TSRYS5752098,D,B,C,2024-05-02,1000000.00,4.845772,95.624825
08:02:45,912810TZ1,TSRYS5752098,D,B,C,2024-05-02,1000000.00,4.845774,95.6248
08:02:45,912810TZ1,TSRYS5752098,D,S,D,2024-05-02,1000000.00,4.845758,95.625
08:02:45,912810TZ1,TSRYS5752098,D,S,D,2024-05-02,1000000.00,4.845758,95.625
08:02:45,912810TZ1,TSRYS5752098,D,S,D,2024-05-02,1000000.00,4.845758,95.625
08:02:45,912810TZ1,TSRYS5752098,D,B,C,2024-05-02,1000000.00,4.845758,95.625
08:02:45,912810TZ1,TSRYS5752098,D,S,D,2024-05-02,1000000.00,4.845758,95.625
08:02:46,912810TZ1,TSRYS5752098,D,B,C,2024-05-02,1000000.00,4.845776,95.624773
08:02:46,912810TZ1,TSRYS5752098,D,S,D,2024-05-02,1000000.00,4.845758,95.625
08:02:46,912810TZ1,TSRYS5752098,D,S,D,2024-05-02,1000000.00,4.840666,95.6875
08:02:46,912810TZ1,TSRYS5752098,D,S,D,2024-05-02,1000000.00,4.840666,95.6875
08:02:46,912810TZ1,TSRYS5752098,D,B,C,2024-05-02,1000000.00,4.840682,95.6873
08:02:46,912810TZ1,TSRYS5752098,D,B,C,2024-05-02,1000000.00,4.840678,95.68735
08:02:48,912810TZ1,TSRYS5752098,D,S,C,2024-05-02,1000000.00,4.840666,95.6875
08:02:48,912810TZ1,TSRYS5752098,D,S,D,2024-05-02,1000000.00,4.840655,95.68763
08:02:49,912810TZ1,TSRYS5752098,D,B,C,2024-05-02,2000000.00,4.843211,95.65625
08:02:49,912810TZ1,TSRYS5752098,D,S,D,2024-05-02,2000000.00,4.843203,95.656352
08:02:49,912810TZ1,TSRYS5752098,D,S,C,2024-05-02,1050000.00,4.845121,95.6328125
08:02:50,912810TZ1,TSRYS5752098,D,S,A,2024-05-02,25000000.00,4.839552,95.701171875
08:02:50,912810TZ1,TSRYS5752098,D,B,C,2024-05-02,1000000.00,4.843211,95.65625
08:02:50,912810TZ1,TSRYS5752098,D,S,D,2024-05-02,1000000.00,4.843201,95.65638
08:02:51,912810TZ1,TSRYS5752098,D,S,C,2024-05-02,1000000.00,4.847019,95.609527
08:02:52,912810TZ1,TSRYS5752098,D,S,D,2024-05-02,1000000.00,4.847031,95.609375
08:02:52,912810TZ1,TSRYS5752098,D,S,D,2024-05-02,1000000.00,4.848305,95.59375
08:02:52,912810TZ1,TSRYS5752098,D,S,D,2024-05-02,1000000.00,4.848305,95.59375
08:02:52,912810TZ1,TSRYS5752098,D,B,C,2024-05-02,1000000.00,4.848324,95.593525
08:02:52,912810TZ1,TSRYS5752098,D,S,D,2024-05-02,1000000.00,4.848305,95.59375
08:02:52,912810TZ1,TSRYS5752098,D,B,C,2024-05-02,1000000.00,4.84832,95.593575
08:02:52,912810TZ1,TSRYS5752098,D,S,D,2024-05-02,1000000.00,4.848305,95.59375
08:02:53,912810TZ1,TSRYS5752098,D,S,C,2024-05-02,1000000.00,4.848293,95.593902
08:02:53,912810TZ1,TSRYS5752098,D,B,C,2024-05-02,1000000.00,4.846076,95.62109375
08:02:53,912810TZ1,TSRYS5752098,D,S,D,2024-05-02,1000000.00,4.846076,95.62109375
08:02:53,912810TZ1,TSRYS5752098,D,S,D,2024-05-02,1000000.00,4.845758,95.625
08:02:53,912810TZ1,TSRYS5752098,D,S,D,2024-05-02,1000000.00,4.845758,95.625
08:02:53,912810TZ1,TSRYS5752098,D,B,C,2024-05-02,1000000.00,4.845772,95.624825
08:02:53,912810TZ1,TSRYS5752098,D,B,C,2024-05-02,1000000.00,4.845772,95.624825
08:02:54,912810TZ1,TSRYS5752098,D,S,D,2024-05-02,1000000.00,4.841779,95.673828125
08:02:54,912810TZ1,TSRYS5752098,D,S,D,2024-05-02,1000000.00,4.848305,95.59375
08:02:54,912810TZ1,TSRYS5752098,D,B,C,2024-05-02,1000000.00,4.848305,95.59375
08:02:55,912810TZ1,TSRYS5752098,D,S,C,2024-05-02,1000000.00,4.849567,95.578277
08:02:56,912810TZ1,TSRYS5752098,D,S,C,2024-05-02,1000000.00,4.847019,95.609527
08:02:57,912810TZ1,TSRYS5752098,D,S,A,2024-05-02,1265000.00,4.838121,95.71875
08:02:57,912810TZ1,TSRYS5752098,D,B,C,2024-05-02,1000000.00,4.843225,95.656075
08:02:57,912810TZ1,TSRYS5752098,D,S,C,2024-05-02,1000000.00,4.843211,95.65625
08:02:57,912810TZ1,TSRYS5752098,D,B,C,2024-05-02,1000000.00,4.840984,95.68359375
08:02:57,912810TZ1,TSRYS5752098,D,S,D,2024-05-02,1000000.00,4.840984,95.68359375
08:02:57,912810TZ1,TSRYS5752098,D,S,D,2024-05-02,1000000.00,4.843211,95.65625
08:02:58,912810TZ1,TSRYS5752098,D,S,D,2024-05-02,1000000.00,4.84337,95.654296875
08:02:58,912810TZ1,TSRYS5752098,D,B,C,2024-05-02,1000000.00,4.839393,95.703125
08:02:58,912810TZ1,TSRYS5752098,D,S,C,2024-05-02,1000000.00,4.839393,95.703125
08:02:58,912810TZ1,TSRYS5752098,D,S,D,2024-05-02,1000000.00,4.839234,95.705078125
08:02:58,912810TZ1,TSRYS5752098,D,B,C,2024-05-02,1000000.00,4.841952,95.6717
08:02:58,912810TZ1,TSRYS5752098,D,S,D,2024-05-02,1000000.00,4.841938,95.671875
08:02:58,912810TZ1,TSRYS5752098,D,S,D,2024-05-02,1000000.00,4.841938,95.671875
08:02:58,912810TZ1,TSRYS5752098,D,S,D,2024-05-02,1000000.00,4.841938,95.671875
08:02:58,912810TZ1,TSRYS5752098,D,B,C,2024-05-02,1000000.00,4.841938,95.671875
08:02:58,912810TZ1,TSRYS5752098,D,B,C,2024-05-02,1000000.00,4.841952,95.6717
08:03:00,912810TZ1,TSRYS5752098,D,B,C,2024-05-02,1000000.00,4.848305,95.59375
08:03:00,912810TZ1,TSRYS5752098,D,S,C,2024-05-02,1000000.00,4.848305,95.59375
08:03:00,912810TZ1,TSRYS5752098,D,B,C,2024-05-02,1000000.00,4.848305,95.59375
08:03:00,912810TZ1,TSRYS5752098,D,S,C,2024-05-02,1000000.00,4.848293,95.593902
08:03:00,912810TZ1,TSRYS5752098,D,B,C,2024-05-02,1000000.00,4.84832,95.593575
08:03:00,912810TZ1,TSRYS5752098,D,S,D,2024-05-02,1000000.00,4.848305,95.59375
08:03:00,912810TZ1,TSRYS5752098,D,S,D,2024-05-02,1000000.00,4.848305,95.59375
08:03:00,912810TZ1,TSRYS5752098,D,S,D,2024-05-02,1000000.00,4.848305,95.59375
08:03:00,912810TZ1,TSRYS5752098,D,S,D,2024-05-02,1000000.00,4.848305,95.59375
08:03:00,912810TZ1,TSRYS5752098,D,B,C,2024-05-02,1000000.00,4.84832,95.593575
08:03:00,912810TZ1,TSRYS5752098,D,B,C,2024-05-02,1000000.00,4.84832,95.593575
08:03:00,912810TZ1,TSRYS5752098,D,B,C,2024-05-02,1000000.00,4.84832,95.593575
08:03:00,912810TZ1,TSRYS5752098,D,S,D,2024-05-02,1000000.00,4.848305,95.59375
08:03:00,912810TZ1,TSRYS5752098,D,B,C,2024-05-02,1000000.00,4.84832,95.593575
08:03:00,912810TZ1,TSRYS5752098,D,S,D,2024-05-02,1000000.00,4.844325,95.64257812
08:03:00,912810TZ1,TSRYS5752098,D,S,D,2024-05-02,1000000.00,4.844325,95.64257812
08:03:00,912810TZ1,TSRYS5752098,D,S,D,2024-05-02,1000000.00,4.844325,95.64257812
08:03:00,912810TZ1,TSRYS5752098,D,S,D,2024-05-02,1000000.00,4.844325,95.64257812
08:03:01,912810TZ1,TSRYS5752098,D,S,C,2024-05-02,1000000.00,4.849567,95.578277
08:03:01,912810TZ1,TSRYS5752098,D,S,D,2024-05-02,1000000.00,4.844325,95.64257812
08:03:01,912810TZ1,TSRYS5752098,D,S,D,2024-05-02,1000000.00,4.844325,95.64257812
08:03:05,912810TZ1,TSRYS5752098,D,S,C,2024-05-02,1000000.00,4.844468,95.640825
08:03:05,912810TZ1,TSRYS5752098,D,B,C,2024-05-02,1000000.00,4.844484,95.640625
08:03:06,912810TZ1,TSRYS5752098,D,S,D,2024-05-02,1000000.00,4.844484,95.640625
08:03:06,912810TZ1,TSRYS5752098,D,S,D,2024-05-02,1000000.00,4.843203,95.656352
08:03:09,912810TZ1,TSRYS5752098,D,S,D,2024-05-02,1000000.00,4.839393,95.703125
08:03:09,912810TZ1,TSRYS5752098,D,B,C,2024-05-02,1000000.00,4.839393,95.703125
08:03:10,912810TZ1,TSRYS5752098,D,B,C,2024-05-02,1000000.00,4.845758,95.624825
08:03:10,912810TZ1,TSRYS5752098,D,S,D,2024-05-02,1000000.00,4.845758,95.625
08:03:11,912810TZ1,TSRYS5752098,D,S,C,2024-05-02,1000000.00,4.833036,95.78125
08:03:11,912810TZ1,TSRYS5752098,D,B,C,2024-05-02,1000000.00,4.833036,95.78125
08:03:13,912810TZ1,TSRYS5752098,D,S,D,2024-05-02,1000000.00,4.829224,95.828125
08:03:13,912810TZ1,TSRYS5752098,D,B,C,2024-05-02,1000000.00,4.829239,95.82795
08:03:13,912810TZ1,TSRYS5752098,D,B,C,2024-05-02,1000000.00,4.841938,95.6717
08:03:13,912810TZ1,TSRYS5752098,D,S,D,2024-05-02,1000000.00,4.829224,95.828125
08:03:13,912810TZ1,TSRYS5752098,D,S,D,2024-05-02,5000000.00,4.829224,95.828125
08:03:13,912810TZ1,TSRYS5752098,D,B,C,2024-05-02,1000000.00,4.829239,95.82795
08:03:13,912810TZ1,TSRYS5752098,D,S,D,2024-05-02,1000000.00,4.841938,95.671875
08:03:14,912810TZ1,TSRYS5752098,D,S,C,2024-05-02,1000000.00,4.829212,95.828275
08:03:14,912810TZ1,TSRYS5752098,D,B,C,2024-05-02,1000000.00,4.829224,95.828125
08:03:16,912810TZ1,TSRYS5752098,D,S,C,2024-05-02,1000000.00,4.830495,95.8125
08:03:16,912810TZ1,TSRYS5752098,D,S,C,2024-05-02,1000000.00,4.830495,95.8125
08:03:16,912810TZ1,TSRYS5752098,D,S,C,2024-05-02,1000000.00,4.830478,95.8127
08:03:17,912810TZ1,TSRYS5752098,D,S,C,2024-05-02,1000000.00,4.83429,95.765825
08:03:17,912810TZ1,TSRYS5752098,D,B,C,2024-05-02,1000000.00,4.834307,95.765625
08:03:18,912810TZ1,TSRYS5752098,D,B,C,2024-05-02,1000000.00,4.838121,95.71875
08:03:18,912810TZ1,TSRYS5752098,D,S,C,2024-05-02,1000000.00,4.838105,95.71895
08:03:18,912810TZ1,TSRYS5752098,D,S,C,2024-05-02,1000000.00,4.838105,95.71895
08:03:18,912810TZ1,TSRYS5752098,D,B,C,2024-05-02,1000000.00,4.838121,95.71875
08:03:18,912810TZ1,TSRYS5752098,D,B,C,2024-05-02,1000000.00,4.838121,95.71875
08:03:18,912810TZ1,TSRYS5752098,D,S,D,2024-05-02,1000000.00,4.838111,95.71888
08:03:18,912810TZ1,TSRYS5752098,D,B,C,2024-05-02,1000000.00,4.848305,95.593575
08:03:18,912810TZ1,TSRYS5752098,D,S,D,2024-05-02,1000000.00,4.848305,95.59375
08:03:22,912810TZ1,TSRYS5752098,D,S,C,2024-05-02,1000000.00,4.839393,95.703125
08:03:22,912810TZ1,TSRYS5752098,D,S,D,2024-05-02,1000000.00,4.839393,95.703125
08:03:22,912810TZ1,TSRYS5752098,D,B,C,2024-05-02,1000000.00,4.839406,95.702975
08:03:22,912810TZ1,TSRYS5752098,D,S,D,2024-05-02,1000000.00,4.839393,95.703125
08:03:22,912810TZ1,TSRYS5752098,D,S,C,2024-05-02,1000000.00,4.839393,95.703125
08:03:22,912810TZ1,TSRYS5752098,D,B,C,2024-05-02,1000000.00,4.839406,95.702975
08:03:22,912810TZ1,TSRYS5752098,D,S,C,2024-05-02,1000000.00,4.839393,95.703125
08:03:22,912810TZ1,TSRYS5752098,D,S,C,2024-05-02,1000000.00,4.850854,95.5625
08:03:22,912810TZ1,TSRYS5752098,D,S,C,2024-05-02,1000000.00,4.850058,95.572265625
08:03:25,912810TZ1,TSRYS5752098,D,B,C,2024-05-02,1000000.00,4.843211,95.65625
08:03:26,912810TZ1,TSRYS5752098,D,S,D,2024-05-02,1000000.00,4.843211,95.65625
08:03:29,912810TZ1,TSRYS5752098,D,S,C,2024-05-02,1000000.00,4.843848,95.6484375
08:03:29,912810TZ1,TSRYS5752098,D,S,D,2024-05-02,1000000.00,4.844007,95.646484375
08:03:30,912810TZ1,TSRYS5752098,D,S,D,2024-05-02,1000000.00,4.840666,95.6875
08:03:32,912810TZ1,TSRYS5752098,D,S,D,2024-05-02,1000000.00,4.848305,95.59375
08:03:32,912810TZ1,TSRYS5752098,D,B,C,2024-05-02,1000000.00,4.848305,95.59375
08:03:32,912810TZ1,TSRYS5752098,D,B,C,2024-05-02,1000000.00,4.849588,95.578025
08:03:32,912810TZ1,TSRYS5752098,D,S,D,2024-05-02,1000000.00,4.84958,95.578125
08:03:32,912810TZ1,TSRYS5752098,D,B,C,2024-05-02,2000000.00,4.848305,95.59375
08:03:32,912810TZ1,TSRYS5752098,D,S,D,2024-05-02,2000000.00,4.848305,95.59375
08:03:32,912810TZ1,TSRYS5752098,D,B,C,2024-05-02,5000000.00,4.848314,95.59365
08:03:32,912810TZ1,TSRYS5752098,D,S,D,2024-05-02,5000000.00,4.848305,95.59375
08:03:32,912810TZ1,TSRYS5752098,D,B,C,2024-05-02,3000000.00,4.848305,95.59375
08:03:32,912810TZ1,TSRYS5752098,D,S,D,2024-05-02,1000000.00,4.848305,95.59375
08:03:32,912810TZ1,TSRYS5752098,D,S,D,2024-05-02,3000000.00,4.848305,95.59375
08:03:32,912810TZ1,TSRYS5752098,D,B,C,2024-05-02,1000000.00,4.848322,95.59355
08:03:33,912810TZ1,TSRYS5752098,D,S,D,2024-05-02,2000000.00,4.847031,95.609375
08:03:33,912810TZ1,TSRYS5752098,D,S,C,2024-05-02,3000000.00,4.847031,95.609375
08:03:33,912810TZ1,TSRYS5752098,D,S,C,2024-05-02,2000000.00,4.847031,95.609375
08:03:33,912810TZ1,TSRYS5752098,D,S,D,2024-05-02,1000000.00,4.847031,95.609375
08:03:33,912810TZ1,TSRYS5752098,D,S,C,2024-05-02,2000000.00,4.847031,95.609375
08:03:33,912810TZ1,TSRYS5752098,D,S,C,2024-05-02,1000000.00,4.847031,95.609375
08:03:33,912810TZ1,TSRYS5752098,D,S,D,2024-05-02,2000000.00,4.847031,95.609375
08:03:33,912810TZ1,TSRYS5752098,D,S,D,2024-05-02,1000000.00,4.848295,95.59388
08:03:33,912810TZ1,TSRYS5752098,D,B,C,2024-05-02,1000000.00,4.848305,95.59375
08:03:35,912810TZ1,TSRYS5752098,D,S,D,2024-05-02,1000000.00,4.843201,95.65638
08:03:36,912810TZ1,TSRYS5752098,D,S,D,2024-05-02,1000000.00,4.847031,95.609375
08:03:36,912810TZ1,TSRYS5752098,D,S,D,2024-05-02,1000000.00,4.848305,95.59375
08:03:37,912810TZ1,TSRYS5752098,D,B,C,2024-05-02,1000000.00,4.847031,95.609375
08:03:37,912810TZ1,TSRYS5752098,D,S,C,2024-05-02,1000000.00,4.847013,95.609602
08:03:43,912810TZ1,TSRYS5752098,D,B,C,2024-05-02,1000000.00,4.853404,95.53125
08:03:43,912810TZ1,TSRYS5752098,D,S,C,2024-05-02,1000000.00,4.853404,95.53125
08:03:43,912810TZ1,TSRYS5752098,D,S,C,2024-05-02,1000000.00,4.853404,95.53125
08:03:43,912810TZ1,TSRYS5752098,D,B,C,2024-05-02,1000000.00,4.853416,95.5311
08:03:43,912810TZ1,TSRYS5752098,D,B,C,2024-05-02,1000000.00,4.850854,95.5625
08:03:43,912810TZ1,TSRYS5752098,D,S,C,2024-05-02,1000000.00,4.850836,95.562727
08:03:45,912810TZ1,TSRYS5752098,D,B,C,2024-05-02,1000000.00,4.850854,95.5625
08:03:45,912810TZ1,TSRYS5752098,D,S,C,2024-05-02,1000000.00,4.850854,95.5625
08:03:48,912810TZ1,TSRYS5752098,D,S,C,2024-05-02,1000000.00,4.848305,95.59375
08:03:49,912810TZ1,TSRYS5752098,D,S,D,2024-05-02,1000000.00,4.844484,95.640625
08:03:49,912810TZ1,TSRYS5752098,D,S,D,2024-05-02,1000000.00,4.844484,95.640625
08:03:49,912810TZ1,TSRYS5752098,D,B,C,2024-05-02,1000000.00,4.844484,95.640625
08:03:53,912810TZ1,TSRYS5752098,D,S,D,2024-05-02,1000000.00,4.840666,95.6875
08:03:53,912810TZ1,TSRYS5752098,D,B,C,2024-05-02,1000000.00,4.84068,95.687325
08:03:53,912810TZ1,TSRYS5752098,D,B,C,2024-05-02,1000000.00,4.840666,95.6875
08:03:53,912810TZ1,TSRYS5752098,D,S,D,2024-05-02,1000000.00,4.840666,95.6875
08:03:55,912810TZ1,TSRYS5752098,D,B,C,2024-05-02,1000000.00,4.840678,95.68735
08:03:55,912810TZ1,TSRYS5752098,D,S,D,2024-05-02,1000000.00,4.840666,95.6875
08:03:55,912810TZ1,TSRYS5752098,D,S,C,2024-05-02,1000000.00,4.840649,95.6877
08:03:55,912810TZ1,TSRYS5752098,D,B,C,2024-05-02,1000000.00,4.840678,95.68735
08:03:56,912810TZ1,TSRYS5752098,D,B,C,2024-05-02,1000000.00,4.838121,95.71875
08:03:56,912810TZ1,TSRYS5752098,D,S,D,2024-05-02,1000000.00,4.838121,95.71875
08:03:56,912810TZ1,TSRYS5752098,D,S,D,2024-05-02,1000000.00,4.836849,95.734375
08:03:56,912810TZ1,TSRYS5752098,D,S,D,2024-05-02,1000000.00,4.836849,95.734375
08:03:56,912810TZ1,TSRYS5752098,D,S,D,2024-05-02,1000000.00,4.836849,95.734375
08:03:56,912810TZ1,TSRYS5752098,D,S,D,2024-05-02,1000000.00,4.836849,95.734375
08:03:58,912810TZ1,TSRYS5752098,D,S,D,2024-05-02,2000000.00,4.836849,95.734375
08:03:58,912810TZ1,TSRYS5752098,D,S,D,2024-05-02,1000000.00,4.836849,95.734375
08:03:58,912810TZ1,TSRYS5752098,D,S,C,2024-05-02,1000000.00,4.835578,95.75
08:04:01,912810TZ1,TSRYS5752098,D,S,C,2024-05-02,1000000.00,4.846076,95.62109375
08:04:01,912810TZ1,TSRYS5752098,D,B,C,2024-05-02,1000000.00,4.838138,95.71855
08:04:01,912810TZ1,TSRYS5752098,D,S,C,2024-05-02,1000000.00,4.838121,95.71875
08:04:01,912810TZ1,TSRYS5752098,D,S,T,2024-05-02,1000000.00,4.841938,95.671875
08:04:01,912810TZ1,TSRYS5752098,D,S,D,2024-05-02,1000000.00,4.841938,95.671875
08:04:01,912810TZ1,TSRYS5752098,D,S,D,2024-05-02,1000000.00,4.841938,95.671875
08:04:01,912810TZ1,TSRYS5752098,D,S,T,2024-05-02,1000000.00,4.842256,95.66796875
08:04:01,912810TZ1,TSRYS5752098,D,S,D,2024-05-02,1000000.00,4.839393,95.703125
08:04:01,912810TZ1,TSRYS5752098,D,B,C,2024-05-02,1000000.00,4.839406,95.702975
08:04:01,912810TZ1,TSRYS5752098,D,S,D,2024-05-02,1000000.00,4.839393,95.703125
08:04:01,912810TZ1,TSRYS5752098,D,S,C,2024-05-02,1000000.00,4.839393,95.703125
08:04:01,912810TZ1,TSRYS5752098,D,B,C,2024-05-02,1000000.00,4.839406,95.702975
08:04:01,912810TZ1,TSRYS5752098,D,S,C,2024-05-02,1000000.00,4.838121,95.71875
08:04:01,912810TZ1,TSRYS5752098,D,S,D,2024-05-02,1000000.00,4.836831,95.734602
08:04:01,912810TZ1,TSRYS5752098,D,B,C,2024-05-02,1000000.00,4.836864,95.7342
08:04:01,912810TZ1,TSRYS5752098,D,S,D,2024-05-02,1000000.00,4.838103,95.718977
08:04:01,912810TZ1,TSRYS5752098,D,B,C,2024-05-02,1000000.00,4.839393,95.703125
08:04:01,912810TZ1,TSRYS5752098,D,B,C,2024-05-02,1000000.00,4.839393,95.703125
08:04:01,912810TZ1,TSRYS5752098,D,S,C,2024-05-02,1000000.00,4.839393,95.703125
08:04:01,912810TZ1,TSRYS5752098,D,B,C,2024-05-02,1000000.00,4.839393,95.703125
08:04:01,912810TZ1,TSRYS5752098,D,S,D,2024-05-02,1000000.00,4.839393,95.703125
08:04:01,912810TZ1,TSRYS5752098,D,S,D,2024-05-02,1000000.00,4.839375,95.703352
08:04:01,912810TZ1,TSRYS5752098,D,S,T,2024-05-02,1000000.00,4.850058,95.57226563
08:04:01,912810TZ1,TSRYS5752098,D,S,C,2024-05-02,1000000.00,4.838121,95.71875
08:04:01,912810TZ1,TSRYS5752098,D,B,C,2024-05-02,1000000.00,4.838121,95.71875
08:04:01,912810TZ1,TSRYS5752098,D,S,C,2024-05-02,1000000.00,4.836849,95.734375
08:04:01,912810TZ1,TSRYS5752098,D,B,C,2024-05-02,1000000.00,4.836864,95.7342
08:04:01,912810TZ1,TSRYS5752098,D,S,C,2024-05-02,1000000.00,4.836849,95.734375
08:04:01,912810TZ1,TSRYS5752098,D,B,C,2024-05-02,1000000.00,4.836864,95.7342
08:04:01,912810TZ1,TSRYS5752098,D,S,C,2024-05-02,1000000.00,4.836849,95.734375
08:04:01,912810TZ1,TSRYS5752098,D,B,C,2024-05-02,1000000.00,4.836864,95.7342
08:04:01,912810TZ1,TSRYS5752098,D,S,C,2024-05-02,1000000.00,4.836849,95.734375
08:04:01,912810TZ1,TSRYS5752098,D,B,C,2024-05-02,1000000.00,4.836864,95.7342
08:04:01,912810TZ1,TSRYS5752098,D,B,C,2024-05-02,1000000.00,4.836849,95.734375
08:04:01,912810TZ1,TSRYS5752098,D,S,D,2024-05-02,1000000.00,4.836849,95.734375
08:04:01,912810TZ1,TSRYS5752098,D,B,C,2024-05-02,1000000.00,4.839393,95.703125
08:04:01,912810TZ1,TSRYS5752098,D,S,D,2024-05-02,1000000.00,4.839393,95.703125
08:04:02,912810TZ1,TSRYS5752098,D,B,C,2024-05-02,1000000.00,4.839406,95.702975
08:04:02,912810TZ1,TSRYS5752098,D,S,D,2024-05-02,1000000.00,4.839393,95.703125
08:04:02,912810TZ1,TSRYS5752098,D,S,D,2024-05-02,1000000.00,4.838103,95.718977
08:04:02,912810TZ1,TSRYS5752098,D,B,C,2024-05-02,1000000.00,4.838121,95.71875
08:04:02,912810TZ1,TSRYS5752098,D,S,D,2024-05-02,1000000.00,4.838103,95.718977
08:04:03,912810TZ1,TSRYS5752098,D,S,D,2024-05-02,1000000.00,4.835559,95.750227
08:04:04,912810TZ1,TSRYS5752098,D,B,C,2024-05-02,1000000.00,4.833036,95.78125
08:04:04,912810TZ1,TSRYS5752098,D,S,D,2024-05-02,1000000.00,4.833017,95.781477
08:04:04,912810TZ1,TSRYS5752098,D,B,C,2024-05-02,1000000.00,4.833036,95.78125
08:04:04,912810TZ1,TSRYS5752098,D,S,D,2024-05-02,1000000.00,4.833017,95.781477
08:04:04,912810TZ1,TSRYS5752098,D,S,D,2024-05-02,1000000.00,4.833017,95.781477
08:04:04,912810TZ1,TSRYS5752098,D,B,C,2024-05-02,1000000.00,4.833048,95.7811
08:04:04,912810TZ1,TSRYS5752098,D,B,C,2024-05-02,1000000.00,4.833036,95.78125
08:04:04,912810TZ1,TSRYS5752098,D,S,D,2024-05-02,1000000.00,4.833017,95.781477
08:04:05,912810TZ1,TSRYS5752098,D,S,D,2024-05-02,1000000.00,4.835578,95.75
08:04:05,912810TZ1,TSRYS5752098,D,S,C,2024-05-02,1000000.00,4.835578,95.75
08:04:05,912810TZ1,TSRYS5752098,D,B,C,2024-05-02,1000000.00,4.835592,95.749825
08:04:05,912810TZ1,TSRYS5752098,D,S,C,2024-05-02,1000000.00,4.835578,95.75
08:04:05,912810TZ1,TSRYS5752098,D,B,C,2024-05-02,1000000.00,4.835592,95.749825
08:04:05,912810TZ1,TSRYS5752098,D,S,C,2024-05-02,1000000.00,4.835578,95.75
08:04:05,912810TZ1,TSRYS5752098,D,B,C,2024-05-02,1000000.00,4.835592,95.749825
08:04:05,912810TZ1,TSRYS5752098,D,B,C,2024-05-02,1000000.00,4.835592,95.749825
08:04:05,912810TZ1,TSRYS5752098,D,S,C,2024-05-02,1000000.00,4.835578,95.75
08:04:05,912810TZ1,TSRYS5752098,D,S,D,2024-05-02,1000000.00,4.835578,95.75
08:04:05,912810TZ1,TSRYS5752098,D,B,C,2024-05-02,1000000.00,4.835592,95.749825
08:04:05,912810TZ1,TSRYS5752098,D,B,C,2024-05-02,1000000.00,4.83559,95.74985
08:04:06,912810TZ1,TSRYS5752098,D,S,D,2024-05-02,1000000.00,4.835578,95.75
08:04:08,912810TZ1,TSRYS5752098,D,B,C,2024-05-02,1000000.00,4.83941,95.702925
08:04:08,912810TZ1,TSRYS5752098,D,S,D,2024-05-02,1000000.00,4.839393,95.703125
08:04:08,912810TZ1,TSRYS5752098,D,S,D,2024-05-02,1000000.00,4.839393,95.703125
08:04:08,912810TZ1,TSRYS5752098,D,B,C,2024-05-02,1000000.00,4.83941,95.702925
08:04:08,912810TZ1,TSRYS5752098,D,S,D,2024-05-02,1000000.00,4.839393,95.703125
08:04:08,912810TZ1,TSRYS5752098,D,B,C,2024-05-02,1000000.00,4.839393,95.703125
08:04:09,912810TZ1,TSRYS5752098,D,S,D,2024-05-02,1000000.00,4.843211,95.65625
08:04:09,912810TZ1,TSRYS5752098,D,S,D,2024-05-02,1000000.00,4.843211,95.65625
08:04:09,912810TZ1,TSRYS5752098,D,B,C,2024-05-02,1000000.00,4.843225,95.656075
08:04:09,912810TZ1,TSRYS5752098,D,B,C,2024-05-02,1000000.00,4.843225,95.656075
08:04:10,912810TZ1,TSRYS5752098,D,B,C,2024-05-02,1000000.00,4.840666,95.6875
08:04:10,912810TZ1,TSRYS5752098,D,S,D,2024-05-02,1000000.00,4.840666,95.6875
08:04:10,912810TZ1,TSRYS5752098,D,S,D,2024-05-02,1000000.00,4.840666,95.6875
08:04:10,912810TZ1,TSRYS5752098,D,B,C,2024-05-02,1000000.00,4.840666,95.6875
08:04:10,912810TZ1,TSRYS5752098,D,S,D,2024-05-02,1000000.00,4.840666,95.6875
08:04:10,912810TZ1,TSRYS5752098,D,S,D,2024-05-02,1000000.00,4.840666,95.6875
08:04:10,912810TZ1,TSRYS5752098,D,S,D,2024-05-02,1000000.00,4.840666,95.6875
08:04:10,912810TZ1,TSRYS5752098,D,S,D,2024-05-02,1000000.00,4.840666,95.6875
08:04:10,912810TZ1,TSRYS5752098,D,S,D,2024-05-02,1000000.00,4.840666,95.6875
08:04:10,912810TZ1,TSRYS5752098,D,S,D,2024-05-02,1000000.00,4.840666,95.6875
08:04:11,912810TZ1,TSRYS5752098,D,S,C,2024-05-02,2000000.00,4.839393,95.703125
08:04:11,912810TZ1,TSRYS5752098,D,B,C,2024-05-02,2000000.00,4.839393,95.703125
08:04:11,912810TZ1,TSRYS5752098,D,S,C,2024-05-02,1000000.00,4.838121,95.71875
08:04:11,912810TZ1,TSRYS5752098,D,B,C,2024-05-02,1000000.00,4.838135,95.718575
08:04:11,912810TZ1,TSRYS5752098,D,S,C,2024-05-02,1000000.00,4.838121,95.71875
08:04:11,912810TZ1,TSRYS5752098,D,B,C,2024-05-02,1000000.00,4.838135,95.718575
08:04:11,912810TZ1,TSRYS5752098,D,S,D,2024-05-02,2000000.00,4.838111,95.71888
08:04:11,912810TZ1,TSRYS5752098,D,B,C,2024-05-02,1000000.00,4.839393,95.703125
08:04:11,912810TZ1,TSRYS5752098,D,S,D,2024-05-02,1000000.00,4.839383,95.703255
08:04:11,912810TZ1,TSRYS5752098,D,B,C,2024-05-02,1000000.00,4.839393,95.703125
08:04:11,912810TZ1,TSRYS5752098,D,S,C,2024-05-02,1000000.00,4.839377,95.703325
08:04:11,912810TZ1,TSRYS5752098,D,S,D,2024-05-02,1000000.00,4.840666,95.6875
08:04:12,912810TZ1,TSRYS5752098,D,S,D,2024-05-02,1000000.00,4.843211,95.65625
08:04:12,912810TZ1,TSRYS5752098,D,B,C,2024-05-02,1000000.00,4.843211,95.65625
08:04:12,912810TZ1,TSRYS5752098,D,S,D,2024-05-02,1000000.00,4.843211,95.65625
08:04:12,912810TZ1,TSRYS5752098,D,S,D,2024-05-02,1000000.00,4.843211,95.65625
08:04:12,912810TZ1,TSRYS5752098,D,S,D,2024-05-02,1000000.00,4.843211,95.65625
08:04:12,912810TZ1,TSRYS5752098,D,S,C,2024-05-02,1000000.00,4.843195,95.65645
08:04:12,912810TZ1,TSRYS5752098,D,S,D,2024-05-02,1000000.00,4.843211,95.65625
08:04:12,912810TZ1,TSRYS5752098,D,B,C,2024-05-02,9100000.00,4.842925,95.65975625
08:04:13,912810TZ1,TSRYS5752098,D,B,C,2024-05-02,1000000.00,4.839393,95.703125
08:04:13,912810TZ1,TSRYS5752098,D,S,D,2024-05-02,1000000.00,4.839393,95.703125
08:04:13,912810TZ1,TSRYS5752098,D,B,C,2024-05-02,1000000.00,4.839393,95.703125
08:04:13,912810TZ1,TSRYS5752098,D,B,C,2024-05-02,1000000.00,4.839393,95.703125
08:04:13,912810TZ1,TSRYS5752098,D,S,D,2024-05-02,1000000.00,4.839393,95.703125
08:04:13,912810TZ1,TSRYS5752098,D,S,D,2024-05-02,1000000.00,4.839393,95.703125
08:04:13,912810TZ1,TSRYS5752098,D,S,C,2024-05-02,1000000.00,4.843211,95.65625
08:04:13,912810TZ1,TSRYS5752098,D,S,C,2024-05-02,1000000.00,4.843211,95.65625
08:04:13,912810TZ1,TSRYS5752098,D,S,D,2024-05-02,2000000.00,4.836849,95.734375
08:04:13,912810TZ1,TSRYS5752098,D,B,C,2024-05-02,2000000.00,4.836849,95.734375
08:04:13,912810TZ1,TSRYS5752098,D,B,C,2024-05-02,1000000.00,4.836849,95.734375
08:04:13,912810TZ1,TSRYS5752098,D,S,D,2024-05-02,1000000.00,4.836849,95.734375
08:04:14,912810TZ1,TSRYS5752098,D,S,D,2024-05-02,1000000.00,4.839393,95.703125
08:04:14,912810TZ1,TSRYS5752098,D,S,D,2024-05-02,1000000.00,4.840666,95.6875
08:04:14,912810TZ1,TSRYS5752098,D,S,D,2024-05-02,1000000.00,4.841938,95.671875
08:04:14,912810TZ1,TSRYS5752098,D,S,D,2024-05-02,1000000.00,4.841938,95.671875
08:04:14,912810TZ1,TSRYS5752098,D,B,C,2024-05-02,1000000.00,4.841938,95.671875
08:04:14,912810TZ1,TSRYS5752098,D,S,D,2024-05-02,1000000.00,4.841938,95.671875
08:04:14,912810TZ1,TSRYS5752098,D,S,D,2024-05-02,1000000.00,4.841938,95.671875
08:04:14,912810TZ1,TSRYS5752098,D,S,D,2024-05-02,1000000.00,4.841938,95.671875
08:04:14,912810TZ1,TSRYS5752098,D,S,D,2024-05-02,1000000.00,4.841938,95.671875
08:04:14,912810TZ1,TSRYS5752098,D,B,C,2024-05-02,1000000.00,4.841952,95.6717
08:04:14,912810TZ1,TSRYS5752098,D,S,D,2024-05-02,1000000.00,4.841938,95.671875
08:04:14,912810TZ1,TSRYS5752098,D,S,D,2024-05-02,1000000.00,4.841938,95.671875
08:04:14,912810TZ1,TSRYS5752098,D,S,D,2024-05-02,1000000.00,4.841938,95.671875
08:04:17,912810TZ1,TSRYS5752098,D,S,D,2024-05-02,1000000.00,4.841938,95.671875
08:04:17,912810TZ1,TSRYS5752098,D,B,C,2024-05-02,1000000.00,4.841952,95.6717
08:04:17,912810TZ1,TSRYS5752098,D,B,C,2024-05-02,1000000.00,4.841938,95.671875
08:04:17,912810TZ1,TSRYS5752098,D,S,D,2024-05-02,1000000.00,4.841938,95.671875
08:04:17,912810TZ1,TSRYS5752098,D,S,D,2024-05-02,1000000.00,4.841938,95.671875
08:04:17,912810TZ1,TSRYS5752098,D,B,C,2024-05-02,1000000.00,4.841938,95.671875
08:04:18,912810TZ1,TSRYS5752098,D,S,D,2024-05-02,1000000.00,4.847031,95.609375
08:04:18,912810TZ1,TSRYS5752098,D,S,C,2024-05-02,2000000.00,4.847031,95.609375
08:04:18,912810TZ1,TSRYS5752098,D,B,C,2024-05-02,2000000.00,4.847046,95.6092
08:04:20,912810TZ1,TSRYS5752098,D,B,C,2024-05-02,1000000.00,4.847987,95.59765625
08:04:20,912810TZ1,TSRYS5752098,D,S,D,2024-05-02,1000000.00,4.847987,95.59765625
08:04:21,912810TZ1,TSRYS5752098,D,S,D,2024-05-02,1000000.00,4.847987,95.59765625
08:04:28,912810TZ1,TSRYS5752098,D,S,A,2024-05-02,60000.00,4.839476,95.703125
08:04:29,912810TZ1,TSRYS5752098,D,S,C,2024-05-02,100000.00,4.843211,95.65625
08:04:31,912810TZ1,TSRYS5752098,D,S,A,2024-05-02,10000.00,4.84958,95.578125
08:04:31,912810TZ1,TSRYS5752098,D,S,A,2024-05-02,1500000.00,4.861318,95.43399375
08:04:31,912810TZ1,TSRYS5752098,D,B,A,2024-05-02,9260000.00,4.829542,95.82421875
08:04:33,912810TZ1,TSRYS5752098,D,S,C,2024-05-02,2000000.00,4.848305,95.59375
08:04:33,912810TZ1,TSRYS5752098,D,B,C,2024-05-02,2000000.00,4.848305,95.59375
08:04:33,912810TZ1,TSRYS5752098,D,B,C,2024-05-02,2000000.00,4.847031,95.609375
08:04:33,912810TZ1,TSRYS5752098,D,S,D,2024-05-02,2000000.00,4.847031,95.609375
08:04:35,912810TZ1,TSRYS5752098,D,S,T,2024-05-02,1000000.00,4.830495,95.8125
08:04:35,912810TZ1,TSRYS5752098,D,S,T,2024-05-02,1000000.00,4.830495,95.8125
08:04:35,912810TZ1,TSRYS5752098,D,S,T,2024-05-02,1000000.00,4.830495,95.8125
08:04:39,912810TZ1,TSRYS5752098,D,S,D,2024-05-02,5000.00,4.845758,95.625
08:04:40,912810TZ1,TSRYS5752098,D,S,C,2024-05-02,1000000.00,4.847031,95.609375
08:04:40,912810TZ1,TSRYS5752098,D,B,C,2024-05-02,1000000.00,4.847031,95.609375
08:04:40,912810TZ1,TSRYS5752098,D,S,C,2024-05-02,1000000.00,4.847031,95.609375
08:04:40,912810TZ1,TSRYS5752098,D,B,C,2024-05-02,1000000.00,4.847031,95.609375
08:04:40,912810TZ1,TSRYS5752098,D,S,D,2024-05-02,1000000.00,4.847031,95.609375
08:04:40,912810TZ1,TSRYS5752098,D,S,T,2024-05-02,1000000.00,4.847031,95.609375
08:04:40,912810TZ1,TSRYS5752098,D,S,C,2024-05-02,1000000.00,4.847031,95.609375
08:04:42,912810TZ1,TSRYS5752098,D,S,D,2024-05-02,1000000.00,4.847031,95.609375
08:04:43,912810TZ1,TSRYS5752098,D,S,A,2024-05-02,2000000.00,4.840029,95.6953125
08:04:43,912810TZ1,TSRYS5752098,D,S,C,2024-05-02,5000.00,4.845758,95.625
08:04:44,912810TZ1,TSRYS5752098,D,S,C,2024-05-02,1000000.00,4.847987,95.59765625
08:04:44,912810TZ1,TSRYS5752098,D,S,C,2024-05-02,1000000.00,4.847987,95.59765625
08:05:03,912810TZ1,TSRYS5752098,D,B,C,2024-05-02,1000000.00,4.847031,95.609375
08:05:03,912810TZ1,TSRYS5752098,D,S,D,2024-05-02,1000000.00,4.847031,95.609375
08:05:04,912810TZ1,TSRYS5752098,D,B,C,2024-05-02,1000000.00,4.840666,95.687325
08:05:04,912810TZ1,TSRYS5752098,D,S,D,2024-05-02,1000000.00,4.840666,95.6875
08:05:04,912810TZ1,TSRYS5752098,D,B,C,2024-05-02,1000000.00,4.840666,95.6875
08:05:04,912810TZ1,TSRYS5752098,D,S,D,2024-05-02,1000000.00,4.840666,95.6875
08:05:17,912810TZ1,TSRYS5752098,D,S,D,2024-05-02,1000000.00,4.840188,95.693359375
08:05:17,912810TZ1,TSRYS5752098,D,S,D,2024-05-02,1000000.00,4.840348,95.69140625
08:05:17,912810TZ1,TSRYS5752098,D,S,C,2024-05-02,1000000.00,4.840348,95.69140625
08:05:17,912810TZ1,TSRYS5752098,D,S,D,2024-05-02,1000000.00,4.840348,95.69140625
08:05:17,912810TZ1,TSRYS5752098,D,S,C,2024-05-02,1000000.00,4.840348,95.69140625
08:05:21,912810TZ1,TSRYS5752098,D,S,C,2024-05-02,1000000.00,4.848305,95.59375
08:05:21,912810TZ1,TSRYS5752098,D,B,C,2024-05-02,1000000.00,4.848305,95.59375
08:05:25,912810TZ1,TSRYS5752098,D,B,C,2024-05-02,1000000.00,4.838121,95.71875
08:05:25,912810TZ1,TSRYS5752098,D,S,D,2024-05-02,1000000.00,4.838121,95.71875
08:05:26,912810TZ1,TSRYS5752098,D,S,C,2024-05-02,1000000.00,4.839393,95.703125
08:05:35,912810TZ1,TSRYS5752098,D,S,C,2024-05-02,1000000.00,4.836849,95.734375
08:05:35,912810TZ1,TSRYS5752098,D,S,C,2024-05-02,1000000.00,4.83669,95.736328125
08:05:35,912810TZ1,TSRYS5752098,D,B,C,2024-05-02,1000000.00,4.833036,95.78125
08:05:35,912810TZ1,TSRYS5752098,D,S,D,2024-05-02,1000000.00,4.833036,95.78125
08:05:35,912810TZ1,TSRYS5752098,D,B,C,2024-05-02,1000000.00,4.833036,95.781075
08:05:35,912810TZ1,TSRYS5752098,D,S,D,2024-05-02,1000000.00,4.833036,95.78125
08:05:36,912810TZ1,TSRYS5752098,D,B,C,2024-05-02,1000000.00,4.835578,95.749825
08:05:36,912810TZ1,TSRYS5752098,D,S,C,2024-05-02,1000000.00,4.835578,95.75
08:05:43,912810TZ1,TSRYS5752098,D,S,D,2024-05-02,7000.00,4.852096,95.547275
08:05:46,912810TZ1,TSRYS5752098,D,S,D,2024-05-02,1000000.00,4.840666,95.6875
08:05:47,912810TZ1,TSRYS5752098,D,S,C,2024-05-02,1000000.00,4.83987,95.697265625
08:05:47,912810TZ1,TSRYS5752098,D,S,C,2024-05-02,1000000.00,4.83987,95.697265625
08:05:47,912810TZ1,TSRYS5752098,D,S,C,2024-05-02,1000000.00,4.840666,95.6875
08:05:49,912810TZ1,TSRYS5752098,D,S,C,2024-05-02,1000000.00,4.843211,95.65625
08:05:52,912810TZ1,TSRYS5752098,D,B,C,2024-05-02,1000000.00,4.839393,95.703125
08:05:52,912810TZ1,TSRYS5752098,D,S,D,2024-05-02,1000000.00,4.839393,95.703125
08:05:56,912810TZ1,TSRYS5752098,D,S,D,2024-05-02,1000000.00,4.853404,95.53125
08:05:57,912810TZ1,TSRYS5752098,D,S,D,2024-05-02,1000000.00,4.841938,95.671875
08:06:01,912810TZ1,TSRYS5752098,D,S,C,2024-05-02,1000000.00,4.848783,95.587890625
08:06:01,912810TZ1,TSRYS5752098,D,S,C,2024-05-02,1000000.00,4.848783,95.587890625
08:06:01,912810TZ1,TSRYS5752098,D,S,C,2024-05-02,1000000.00,4.848783,95.587890625
08:06:01,912810TZ1,TSRYS5752098,D,S,T,2024-05-02,1000000.00,4.848783,95.587890625
08:06:04,912810TZ1,TSRYS5752098,D,S,C,2024-05-02,1000000.00,4.868718,95.34385
08:06:04,912810TZ1,TSRYS5752098,D,S,C,2024-05-02,1000000.00,4.845758,95.625
08:06:04,912810TZ1,TSRYS5752098,D,S,T,2024-05-02,1000000.00,4.847031,95.609375
08:06:04,912810TZ1,TSRYS5752098,D,S,T,2024-05-02,1000000.00,4.847031,95.609375
08:06:04,912810TZ1,TSRYS5752098,D,S,T,2024-05-02,2000000.00,4.847031,95.609375
08:06:05,912810TZ1,TSRYS5752098,D,S,T,2024-05-02,2000000.00,4.847031,95.609375
08:06:05,912810TZ1,TSRYS5752098,D,S,T,2024-05-02,3000000.00,4.847031,95.609375
08:06:07,912810TZ1,TSRYS5752098,D,S,C,2024-05-02,1000000.00,4.863119,95.412309375
08:06:08,912810TZ1,TSRYS5752098,D,S,T,2024-05-02,2000000.00,4.847031,95.609375
08:06:08,912810TZ1,TSRYS5752098,D,S,T,2024-05-02,2000000.00,4.847031,95.609375
08:06:09,912810TZ1,TSRYS5752098,D,S,T,2024-05-02,1000000.00,4.854679,95.515625
08:06:10,912810TZ1,TSRYS5752098,D,B,A,2024-05-02,63000.00,4.837425,95.7273
08:06:19,912810TZ1,TSRYS5752098,D,S,C,2024-05-02,5250000.00,4.842893,95.66015625
08:06:20,912810TZ1,TSRYS5752098,D,S,D,2024-05-02,1000000.00,4.852129,95.546875
08:06:20,912810TZ1,TSRYS5752098,D,S,C,2024-05-02,1000000.00,4.852129,95.546875
08:06:20,912810TZ1,TSRYS5752098,D,S,D,2024-05-02,1000000.00,4.852129,95.546875
08:06:20,912810TZ1,TSRYS5752098,D,S,C,2024-05-02,1000000.00,4.851794,95.55098125
08:06:21,912810TZ1,TSRYS5752098,D,S,D,2024-05-02,2000000.00,4.850846,95.5626
08:06:21,912810TZ1,TSRYS5752098,D,S,D,2024-05-02,1000000.00,4.850846,95.5626
08:06:21,912810TZ1,TSRYS5752098,D,S,D,2024-05-02,1000000.00,4.850846,95.5626
08:06:22,912810TZ1,TSRYS5752098,D,S,D,2024-05-02,1000000.00,4.847021,95.6095
08:06:22,912810TZ1,TSRYS5752098,D,S,D,2024-05-02,1000000.00,4.846872,95.611328125
08:06:22,912810TZ1,TSRYS5752098,D,S,D,2024-05-02,1000000.00,4.846554,95.615234375
08:06:22,912810TZ1,TSRYS5752098,D,S,D,2024-05-02,1000000.00,4.841135,95.681740625
08:06:22,912810TZ1,TSRYS5752098,D,B,C,2024-05-02,1000000.00,4.840992,95.68349375
08:06:23,912810TZ1,TSRYS5752098,D,S,D,2024-05-02,1000000.00,4.840976,95.68369375
08:06:23,912810TZ1,TSRYS5752098,D,S,D,2024-05-02,1000000.00,4.840976,95.68369375
08:06:23,912810TZ1,TSRYS5752098,D,B,C,2024-05-02,1000000.00,4.840984,95.68359375
08:06:23,912810TZ1,TSRYS5752098,D,S,D,2024-05-02,1000000.00,4.840976,95.68369375
08:06:23,912810TZ1,TSRYS5752098,D,B,C,2024-05-02,1000000.00,4.840992,95.68349375
08:06:23,912810TZ1,TSRYS5752098,D,S,D,2024-05-02,1000000.00,4.840976,95.68369375
08:06:26,912810TZ1,TSRYS5752098,D,S,D,2024-05-02,1000000.00,4.843521,95.65244375
08:06:26,912810TZ1,TSRYS5752098,D,B,C,2024-05-02,1000000.00,4.84337,95.654296875
08:06:26,912810TZ1,TSRYS5752098,D,S,D,2024-05-02,1000000.00,4.843362,95.654396875
08:06:26,912810TZ1,TSRYS5752098,D,B,C,2024-05-02,1000000.00,4.84337,95.654296875
08:06:26,912810TZ1,TSRYS5752098,D,S,D,2024-05-02,1000000.00,4.843362,95.654396875
08:06:26,912810TZ1,TSRYS5752098,D,S,D,2024-05-02,1000000.00,4.843362,95.654396875
08:06:26,912810TZ1,TSRYS5752098,D,S,D,2024-05-02,1000000.00,4.843203,95.65635
08:06:26,912810TZ1,TSRYS5752098,D,S,D,2024-05-02,1000000.00,4.843203,95.65635
08:06:26,912810TZ1,TSRYS5752098,D,S,D,2024-05-02,1000000.00,4.843203,95.65635
08:06:29,912810TZ1,TSRYS5752098,D,S,D,2024-05-02,1000000.00,4.846864,95.611428125
08:06:29,912810TZ1,TSRYS5752098,D,S,D,2024-05-02,1000000.00,4.846705,95.61338125
08:06:29,912810TZ1,TSRYS5752098,D,S,D,2024-05-02,1000000.00,4.846546,95.615334375
08:06:29,912810TZ1,TSRYS5752098,D,S,D,2024-05-02,1000000.00,4.846546,95.615334375
08:06:29,912810TZ1,TSRYS5752098,D,S,D,2024-05-02,1000000.00,4.846386,95.6172875
08:06:29,912810TZ1,TSRYS5752098,D,S,D,2024-05-02,1000000.00,4.846227,95.619240625
08:06:29,912810TZ1,TSRYS5752098,D,S,D,2024-05-02,1000000.00,4.84575,95.6251
08:06:29,912810TZ1,TSRYS5752098,D,S,D,2024-05-02,1000000.00,4.845758,95.625
08:06:29,912810TZ1,TSRYS5752098,D,B,C,2024-05-02,1000000.00,4.845758,95.625
08:06:29,912810TZ1,TSRYS5752098,D,S,D,2024-05-02,1000000.00,4.845917,95.623046875
08:06:29,912810TZ1,TSRYS5752098,D,B,C,2024-05-02,1000000.00,4.845917,95.623046875
08:06:29,912810TZ1,TSRYS5752098,D,S,D,2024-05-02,1000000.00,4.84575,95.6251
08:06:29,912810TZ1,TSRYS5752098,D,B,C,2024-05-02,1000000.00,4.841143,95.681640625
08:06:29,912810TZ1,TSRYS5752098,D,S,D,2024-05-02,1000000.00,4.841135,95.681740625
08:06:29,912810TZ1,TSRYS5752098,D,B,C,2024-05-02,1000000.00,4.841143,95.681640625
08:06:30,912810TZ1,TSRYS5752098,D,S,D,2024-05-02,1000000.00,4.841135,95.681740625
08:06:30,912810TZ1,TSRYS5752098,D,S,D,2024-05-02,1000000.00,4.841135,95.681740625
08:06:30,912810TZ1,TSRYS5752098,D,S,D,2024-05-02,1000000.00,4.840976,95.68369375
08:06:30,912810TZ1,TSRYS5752098,D,S,D,2024-05-02,1000000.00,4.840657,95.6876
08:06:30,912810TZ1,TSRYS5752098,D,B,C,2024-05-02,1000000.00,4.851492,95.5546875
08:06:30,912810TZ1,TSRYS5752098,D,S,C,2024-05-02,1000000.00,4.851492,95.5546875
08:06:32,912810TZ1,TSRYS5752098,D,S,D,2024-05-02,1000000.00,4.851492,95.5546875
08:06:32,912810TZ1,TSRYS5752098,D,S,C,2024-05-02,1000000.00,4.851492,95.5546875
08:06:32,912810TZ1,TSRYS5752098,D,S,D,2024-05-02,1000000.00,4.851492,95.5546875
08:06:32,912810TZ1,TSRYS5752098,D,S,C,2024-05-02,1000000.00,4.851492,95.5546875
08:06:33,912810TZ1,TSRYS5752098,D,S,D,2024-05-02,1000000.00,4.851492,95.5546875
08:06:33,912810TZ1,TSRYS5752098,D,S,C,2024-05-02,1000000.00,4.851492,95.5546875
08:06:34,912810TZ1,TSRYS5752098,D,B,C,2024-05-02,1000000.00,4.845129,95.6327125
08:06:34,912810TZ1,TSRYS5752098,D,S,D,2024-05-02,1000000.00,4.845121,95.6328125
08:06:34,912810TZ1,TSRYS5752098,D,B,C,2024-05-02,1000000.00,4.84688,95.611228125
08:06:34,912810TZ1,TSRYS5752098,D,S,D,2024-05-02,1000000.00,4.846872,95.611328125
08:06:35,912810TZ1,TSRYS5752098,D,B,C,2024-05-02,1000000.00,4.845766,95.6249
08:06:35,912810TZ1,TSRYS5752098,D,S,D,2024-05-02,1000000.00,4.845758,95.625
08:06:37,912810TZ1,TSRYS5752098,D,S,C,2024-05-02,1000000.00,4.846537,95.615434375
08:06:45,912810TZ1,TSRYS5752098,D,S,D,2024-05-02,1000000.00,4.829542,95.82421875
08:06:45,912810TZ1,TSRYS5752098,D,S,D,2024-05-02,1000000.00,4.829383,95.826171875
08:06:45,912810TZ1,TSRYS5752098,D,S,D,2024-05-02,1000000.00,4.829224,95.828125
08:07:02,912810TZ1,TSRYS5752098,D,S,C,2024-05-02,1000000.00,4.845582,95.627153125
08:07:03,912810TZ1,TSRYS5752098,D,S,C,2024-05-02,1000000.00,4.849882,95.57441875
08:07:03,912810TZ1,TSRYS5752098,D,S,C,2024-05-02,1000000.00,4.849404,95.580278125
08:07:03,912810TZ1,TSRYS5752098,D,S,C,2024-05-02,1000000.00,4.849085,95.584184375
08:07:03,912810TZ1,TSRYS5752098,D,S,C,2024-05-02,1000000.00,4.849404,95.580278125
08:07:04,912810TZ1,TSRYS5752098,D,S,C,2024-05-02,4000000.00,4.848305,95.59375
08:07:04,912810TZ1,TSRYS5752098,D,B,C,2024-05-02,4000000.00,4.848305,95.59375
08:07:04,912810TZ1,TSRYS5752098,D,S,C,2024-05-02,1000000.00,4.846872,95.611328125
08:07:04,912810TZ1,TSRYS5752098,D,B,C,2024-05-02,1000000.00,4.846872,95.611328125
08:07:04,912810TZ1,TSRYS5752098,D,B,C,2024-05-02,4000000.00,4.847031,95.609375
08:07:04,912810TZ1,TSRYS5752098,D,S,D,2024-05-02,4000000.00,4.847031,95.609375
08:07:09,912810TZ1,TSRYS5752098,D,S,C,2024-05-02,1000000.00,4.847652,95.6017625
08:07:10,912810TZ1,TSRYS5752098,D,S,D,2024-05-02,1000000.00,4.849898,95.57421875
08:07:10,912810TZ1,TSRYS5752098,D,B,C,2024-05-02,1000000.00,4.849898,95.57421875
08:07:10,912810TZ1,TSRYS5752098,D,S,C,2024-05-02,1000000.00,4.847652,95.6017625
08:07:10,912810TZ1,TSRYS5752098,D,S,C,2024-05-02,1000000.00,4.847652,95.6017625
08:07:10,912810TZ1,TSRYS5752098,D,S,C,2024-05-02,1000000.00,4.847652,95.6017625
08:07:14,912810TZ1,TSRYS5752098,D,B,C,2024-05-02,1000000.00,4.852607,95.541015625
08:07:14,912810TZ1,TSRYS5752098,D,S,C,2024-05-02,1000000.00,4.852607,95.541015625
08:07:14,912810TZ1,TSRYS5752098,D,S,D,2024-05-02,3000000.00,4.854352,95.51963125
08:07:14,912810TZ1,TSRYS5752098,D,S,D,2024-05-02,2000000.00,4.854352,95.51963125
08:07:14,912810TZ1,TSRYS5752098,D,B,C,2024-05-02,2000000.00,4.854369,95.51943125
08:07:15,912810TZ1,TSRYS5752098,D,B,C,2024-05-02,1000000.00,4.84942,95.580078125
08:07:15,912810TZ1,TSRYS5752098,D,S,C,2024-05-02,1000000.00,4.849404,95.580278125
08:07:16,912810TZ1,TSRYS5752098,D,S,D,2024-05-02,2000000.00,4.851173,95.55859375
08:07:20,912810TZ1,TSRYS5752098,D,B,C,2024-05-02,1000000.00,4.846872,95.611328125
08:07:20,912810TZ1,TSRYS5752098,D,S,C,2024-05-02,1000000.00,4.846856,95.611528125
08:07:22,912810TZ1,TSRYS5752098,D,S,D,2024-05-02,1000000.00,4.841938,95.671875
08:07:23,912810TZ1,TSRYS5752098,D,S,D,2024-05-02,1000000.00,4.842256,95.66796875
08:07:23,912810TZ1,TSRYS5752098,D,B,C,2024-05-02,1000000.00,4.840833,95.685446875
08:07:23,912810TZ1,TSRYS5752098,D,S,D,2024-05-02,1000000.00,4.840825,95.685546875
08:07:23,912810TZ1,TSRYS5752098,D,B,C,2024-05-02,1000000.00,4.840348,95.69140625
08:07:23,912810TZ1,TSRYS5752098,D,S,D,2024-05-02,1000000.00,4.840348,95.69140625
08:07:24,912810TZ1,TSRYS5752098,D,S,D,2024-05-02,1000000.00,4.838916,95.708984375
08:07:28,912810TZ1,TSRYS5752098,D,S,D,2024-05-02,1000000.00,4.840188,95.693359375
08:07:28,912810TZ1,TSRYS5752098,D,S,C,2024-05-02,1000000.00,4.839059,95.70723125
08:07:28,912810TZ1,TSRYS5752098,D,B,C,2024-05-02,1000000.00,4.837167,95.73046875
08:07:28,912810TZ1,TSRYS5752098,D,S,D,2024-05-02,1000000.00,4.837157,95.73059375
08:07:29,912810TZ1,TSRYS5752098,D,S,D,2024-05-02,1000000.00,4.838111,95.718875
08:07:29,912810TZ1,TSRYS5752098,D,B,C,2024-05-02,1000000.00,4.838121,95.71875
08:07:29,912810TZ1,TSRYS5752098,D,S,D,2024-05-02,1000000.00,4.838111,95.718875
08:07:30,912810TZ1,TSRYS5752098,D,B,C,2024-05-02,1000000.00,4.837652,95.724509375
08:07:30,912810TZ1,TSRYS5752098,D,S,C,2024-05-02,1000000.00,4.837636,95.724709375
08:07:30,912810TZ1,TSRYS5752098,D,B,C,2024-05-02,1000000.00,4.838121,95.71875
08:07:30,912810TZ1,TSRYS5752098,D,S,D,2024-05-02,1000000.00,4.838111,95.718875
08:07:32,912810TZ1,TSRYS5752098,D,B,C,2024-05-02,1000000.00,4.837803,95.72265625
08:07:32,912810TZ1,TSRYS5752098,D,S,D,2024-05-02,1000000.00,4.837793,95.72278125
08:07:32,912810TZ1,TSRYS5752098,D,B,C,2024-05-02,1000000.00,4.836699,95.736228125
08:07:32,912810TZ1,TSRYS5752098,D,S,D,2024-05-02,1000000.00,4.83669,95.736328125
08:07:32,912810TZ1,TSRYS5752098,D,S,C,2024-05-02,5460000.00,4.848277,95.59375
08:07:34,912810TZ1,TSRYS5752098,D,S,D,2024-05-02,1000000.00,4.833026,95.781375
08:07:34,912810TZ1,TSRYS5752098,D,S,D,2024-05-02,1000000.00,4.833026,95.781375
08:07:35,912810TZ1,TSRYS5752098,D,B,C,2024-05-02,1000000.00,4.833036,95.78125
08:07:35,912810TZ1,TSRYS5752098,D,S,D,2024-05-02,1000000.00,4.833026,95.781375
08:07:35,912810TZ1,TSRYS5752098,D,S,D,2024-05-02,1000000.00,4.833026,95.781375
08:07:35,912810TZ1,TSRYS5752098,D,S,D,2024-05-02,1000000.00,4.833026,95.781375
08:07:35,912810TZ1,TSRYS5752098,D,S,D,2024-05-02,1000000.00,4.833184,95.779421875
08:07:35,912810TZ1,TSRYS5752098,D,S,D,2024-05-02,1000000.00,4.833026,95.781375
08:07:35,912810TZ1,TSRYS5752098,D,B,C,2024-05-02,1000000.00,4.833044,95.78115
08:07:35,912810TZ1,TSRYS5752098,D,S,D,2024-05-02,1000000.00,4.833026,95.781375
08:07:35,912810TZ1,TSRYS5752098,D,B,C,2024-05-02,1000000.00,4.833036,95.78125
08:07:35,912810TZ1,TSRYS5752098,D,S,D,2024-05-02,1000000.00,4.833026,95.781375
08:07:35,912810TZ1,TSRYS5752098,D,S,D,2024-05-02,1000000.00,4.833026,95.781375
08:07:35,912810TZ1,TSRYS5752098,D,B,C,2024-05-02,1000000.00,4.833036,95.78125
08:07:35,912810TZ1,TSRYS5752098,D,S,D,2024-05-02,1000000.00,4.833026,95.781375
08:07:35,912810TZ1,TSRYS5752098,D,B,C,2024-05-02,1000000.00,4.832726,95.78505625
08:07:35,912810TZ1,TSRYS5752098,D,S,D,2024-05-02,1000000.00,4.832718,95.78515625
08:07:35,912810TZ1,TSRYS5752098,D,B,C,2024-05-02,1000000.00,4.832567,95.787009375
08:07:35,912810TZ1,TSRYS5752098,D,S,D,2024-05-02,1000000.00,4.832559,95.787109375
08:07:35,912810TZ1,TSRYS5752098,D,B,C,2024-05-02,1000000.00,4.835586,95.7499
08:07:35,912810TZ1,TSRYS5752098,D,S,D,2024-05-02,1000000.00,4.835578,95.75
08:07:37,912810TZ1,TSRYS5752098,D,B,C,2024-05-02,1000000.00,4.839552,95.701171875
08:07:37,912810TZ1,TSRYS5752098,D,S,D,2024-05-02,1000000.00,4.839552,95.701171875
08:07:42,912810TZ1,TSRYS5752098,D,B,C,2024-05-02,1000000.00,4.83987,95.697265625
08:07:42,912810TZ1,TSRYS5752098,D,S,D,2024-05-02,1000000.00,4.83987,95.697265625
08:07:42,912810TZ1,TSRYS5752098,D,B,C,2024-05-02,1000000.00,4.836849,95.734375
08:07:42,912810TZ1,TSRYS5752098,D,S,D,2024-05-02,1000000.00,4.836849,95.734375
08:07:45,912810TZ1,TSRYS5752098,D,B,C,2024-05-02,1000000.00,4.842265,95.66786875
08:07:45,912810TZ1,TSRYS5752098,D,S,D,2024-05-02,1000000.00,4.842256,95.66796875
08:07:47,912810TZ1,TSRYS5752098,D,B,C,2024-05-02,1000000.00,4.847031,95.609375
08:07:47,912810TZ1,TSRYS5752098,D,S,C,2024-05-02,1000000.00,4.847015,95.609575
08:07:47,912810TZ1,TSRYS5752098,D,S,C,2024-05-02,1000000.00,4.847015,95.609575
08:07:48,912810TZ1,TSRYS5752098,D,S,C,2024-05-02,1000000.00,4.848767,95.588090625
08:07:49,912810TZ1,TSRYS5752098,D,S,T,2024-05-02,1000000.00,4.849739,95.576171875
08:07:54,912810TZ1,TSRYS5752098,D,S,C,2024-05-02,1000000.00,4.849739,95.576171875
08:08:36,912810TZ1,TSRYS5752098,D,S,T,2024-05-02,1000000.00,4.850854,95.5625
08:08:41,912810TZ1,TSRYS5752098,D,S,D,2024-05-02,1000000.00,4.850854,95.5625
08:09:00,912810TZ1,TSRYS5752098,D,S,T,2024-05-02,1000000.00,4.84942,95.580078125
08:09:00,912810TZ1,TSRYS5752098,D,S,D,2024-05-02,1000000.00,4.848943,95.5859375
08:09:00,912810TZ1,TSRYS5752098,D,S,C,2024-05-02,1000000.00,4.848943,95.5859375
08:09:00,912810TZ1,TSRYS5752098,D,S,C,2024-05-02,1000000.00,4.848943,95.5859375
08:09:00,912810TZ1,TSRYS5752098,D,B,C,2024-05-02,1000000.00,4.848943,95.5859375
08:09:00,912810TZ1,TSRYS5752098,D,S,D,2024-05-02,1000000.00,4.848943,95.5859375
08:09:05,912810TZ1,TSRYS5752098,D,S,C,2024-05-02,1000000.00,4.84942,95.580078125
08:09:44,912810TZ1,TSRYS5752098,D,S,D,2024-05-02,2000000.00,4.849898,95.57421875
08:10:05,912810TZ1,TSRYS5752098,D,S,D,2024-05-02,1000000.00,4.850854,95.5625
08:10:05,912810TZ1,TSRYS5752098,D,S,T,2024-05-02,1000000.00,4.850854,95.5625
08:10:05,912810TZ1,TSRYS5752098,D,S,C,2024-05-02,1330000.00,4.850822,95.5629
08:10:17,912810TZ1,TSRYS5752098,D,S,T,2024-05-02,1000000.00,4.850058,95.572265625
08:10:17,912810TZ1,TSRYS5752098,D,S,C,2024-05-02,1000000.00,4.850058,95.572265625
08:10:49,912810TZ1,TSRYS5752098,D,S,D,2024-05-02,1000000.00,4.850842,95.56265
08:11:14,912810TZ1,TSRYS5752098,D,S,D,2024-05-02,2000000.00,4.849898,95.57421875
08:11:18,912810TZ1,TSRYS5752098,D,S,D,2024-05-02,145000.00,4.847668,95.6015625
08:11:36,912810TZ1,TSRYS5752098,D,S,T,2024-05-02,1000000.00,4.847828,95.599609375
08:11:36,912810TZ1,TSRYS5752098,D,S,T,2024-05-02,1000000.00,4.847828,95.599609375
08:11:36,912810TZ1,TSRYS5752098,D,S,D,2024-05-02,1000000.00,4.847987,95.59765625
08:11:36,912810TZ1,TSRYS5752098,D,S,C,2024-05-02,1000000.00,4.847987,95.59765625
08:11:36,912810TZ1,TSRYS5752098,D,S,C,2024-05-02,1000000.00,4.847987,95.59765625
08:11:36,912810TZ1,TSRYS5752098,D,S,C,2024-05-02,1000000.00,4.848305,95.59375
08:11:36,912810TZ1,TSRYS5752098,D,S,D,2024-05-02,1000000.00,4.847987,95.59765625
08:11:36,912810TZ1,TSRYS5752098,D,S,D,2024-05-02,1000000.00,4.848305,95.59375
08:11:36,912810TZ1,TSRYS5752098,D,S,D,2024-05-02,1000000.00,4.847987,95.59765625
08:11:37,912810TZ1,TSRYS5752098,D,S,D,2024-05-02,1000000.00,4.848305,95.59375
08:11:41,912810TZ1,TSRYS5752098,D,S,C,2024-05-02,1000000.00,4.847828,95.599609375
08:11:41,912810TZ1,TSRYS5752098,D,S,C,2024-05-02,1000000.00,4.847828,95.599609375
08:11:41,912810TZ1,TSRYS5752098,D,S,T,2024-05-02,1000000.00,4.849739,95.576171875
08:11:45,912810TZ1,TSRYS5752098,D,S,D,2024-05-02,200000.00,4.849898,95.57421875
08:11:46,912810TZ1,TSRYS5752098,D,S,C,2024-05-02,1000000.00,4.849739,95.576171875
08:11:54,912810TZ1,TSRYS5752098,D,S,C,2024-05-02,1000000.00,4.84958,95.578125
08:11:54,912810TZ1,TSRYS5752098,D,B,C,2024-05-02,1000000.00,4.84958,95.578125
08:11:54,912810TZ1,TSRYS5752098,D,B,C,2024-05-02,1000000.00,4.84958,95.578125
08:11:54,912810TZ1,TSRYS5752098,D,S,C,2024-05-02,1000000.00,4.849563,95.578325
08:12:17,912810TZ1,TSRYS5752098,D,S,C,2024-05-02,1000000.00,4.847987,95.59765625
08:12:17,912810TZ1,TSRYS5752098,D,S,T,2024-05-02,2000000.00,4.848305,95.59375
08:12:17,912810TZ1,TSRYS5752098,D,S,T,2024-05-02,1000000.00,4.847987,95.59765625
08:12:17,912810TZ1,TSRYS5752098,D,S,C,2024-05-02,1000000.00,4.847987,95.59765625
08:12:17,912810TZ1,TSRYS5752098,D,B,C,2024-05-02,1000000.00,4.847987,95.59765625
08:12:17,912810TZ1,TSRYS5752098,D,S,C,2024-05-02,1000000.00,4.847987,95.59765625
08:12:17,912810TZ1,TSRYS5752098,D,S,D,2024-05-02,1000000.00,4.847987,95.59765625
08:12:17,912810TZ1,TSRYS5752098,D,S,C,2024-05-02,1000000.00,4.847971,95.59785625
08:12:17,912810TZ1,TSRYS5752098,D,S,T,2024-05-02,1000000.00,4.847987,95.59765625
08:12:17,912810TZ1,TSRYS5752098,D,B,C,2024-05-02,1000000.00,4.847987,95.59765625
08:12:17,912810TZ1,TSRYS5752098,D,S,C,2024-05-02,1000000.00,4.847971,95.59785625
08:12:17,912810TZ1,TSRYS5752098,D,B,C,2024-05-02,1000000.00,4.847987,95.59765625
08:12:17,912810TZ1,TSRYS5752098,D,S,D,2024-05-02,1000000.00,4.847987,95.59765625
08:12:17,912810TZ1,TSRYS5752098,D,S,C,2024-05-02,1000000.00,4.847971,95.59785625
08:12:18,912810TZ1,TSRYS5752098,D,S,C,2024-05-02,1000000.00,4.847971,95.59785625
08:12:19,912810TZ1,TSRYS5752098,D,S,D,2024-05-02,1000000.00,4.849261,95.58203125
08:12:19,912810TZ1,TSRYS5752098,D,B,C,2024-05-02,1000000.00,4.849261,95.58203125
08:12:22,912810TZ1,TSRYS5752098,D,S,D,2024-05-02,2000000.00,4.848305,95.59375
08:12:29,912810TZ1,TSRYS5752098,D,B,C,2024-05-02,1000000.00,4.848943,95.5859375
08:12:29,912810TZ1,TSRYS5752098,D,S,D,2024-05-02,1000000.00,4.848943,95.5859375
08:12:29,912810TZ1,TSRYS5752098,D,S,D,2024-05-02,1000000.00,4.848943,95.5859375
08:12:51,912810TZ1,TSRYS5752098,D,B,C,2024-05-02,1000000.00,4.848305,95.59375
08:12:51,912810TZ1,TSRYS5752098,D,S,C,2024-05-02,1000000.00,4.848305,95.59375
08:12:51,912810TZ1,TSRYS5752098,D,B,C,2024-05-02,1000000.00,4.84832,95.593575
08:12:51,912810TZ1,TSRYS5752098,D,S,D,2024-05-02,1000000.00,4.848305,95.59375
08:12:54,912810TZ1,TSRYS5752098,D,S,D,2024-05-02,1000000.00,4.848943,95.5859375
08:12:54,912810TZ1,TSRYS5752098,D,B,C,2024-05-02,1000000.00,4.848943,95.5859375
08:12:54,912810TZ1,TSRYS5752098,D,S,D,2024-05-02,1000000.00,4.848943,95.5859375
08:12:59,912810TZ1,TSRYS5752098,D,S,T,2024-05-02,2000000.00,4.848465,95.591796875
08:13:04,912810TZ1,TSRYS5752098,D,S,D,2024-05-02,2000000.00,4.848465,95.591796875
08:13:11,912810TZ1,TSRYS5752098,D,S,T,2024-05-02,1000000.00,4.847828,95.599609375
08:13:11,912810TZ1,TSRYS5752098,D,S,C,2024-05-02,1000000.00,4.847987,95.59765625
08:13:11,912810TZ1,TSRYS5752098,D,S,C,2024-05-02,1000000.00,4.847987,95.59765625
08:13:11,912810TZ1,TSRYS5752098,D,S,D,2024-05-02,1000000.00,4.848305,95.59375
08:13:11,912810TZ1,TSRYS5752098,D,S,D,2024-05-02,1000000.00,4.847987,95.59765625
08:13:11,912810TZ1,TSRYS5752098,D,S,T,2024-05-02,1000000.00,4.848146,95.595703125
08:13:12,912810TZ1,TSRYS5752098,D,S,D,2024-05-02,1000000.00,4.847987,95.59765625
08:13:12,912810TZ1,TSRYS5752098,D,S,D,2024-05-02,1000000.00,4.847987,95.59765625
08:13:12,912810TZ1,TSRYS5752098,D,S,T,2024-05-02,1000000.00,4.848146,95.595703125
08:13:12,912810TZ1,TSRYS5752098,D,S,D,2024-05-02,1000000.00,4.847987,95.59765625
08:13:12,912810TZ1,TSRYS5752098,D,S,C,2024-05-02,1000000.00,4.84813,95.595903125
08:13:12,912810TZ1,TSRYS5752098,D,S,C,2024-05-02,1000000.00,4.84813,95.595903125
08:13:16,912810TZ1,TSRYS5752098,D,S,C,2024-05-02,1000000.00,4.847828,95.599609375
08:13:17,912810TZ1,TSRYS5752098,D,B,C,2024-05-02,1000000.00,4.848624,95.58984375
08:13:28,912810TZ1,TSRYS5752098,D,S,D,2024-05-02,1000000.00,4.848305,95.59375
08:13:29,912810TZ1,TSRYS5752098,D,B,C,2024-05-02,1000000.00,4.848305,95.59375
08:13:29,912810TZ1,TSRYS5752098,D,B,C,2024-05-02,1000000.00,4.847987,95.59765625
08:13:31,912810TZ1,TSRYS5752098,D,B,C,2024-05-02,1000000.00,4.84735,95.60546875
08:13:31,912810TZ1,TSRYS5752098,D,S,D,2024-05-02,1000000.00,4.84735,95.60546875
08:13:31,912810TZ1,TSRYS5752098,D,S,C,2024-05-02,1000000.00,4.847987,95.59765625
08:13:31,912810TZ1,TSRYS5752098,D,S,C,2024-05-02,1000000.00,4.847987,95.59765625
08:13:31,912810TZ1,TSRYS5752098,D,S,C,2024-05-02,1000000.00,4.847668,95.6015625
08:13:31,912810TZ1,TSRYS5752098,D,B,C,2024-05-02,1000000.00,4.847668,95.6015625
08:13:33,912810TZ1,TSRYS5752098,D,S,D,2024-05-02,1000000.00,4.847031,95.609375
08:13:48,912810TZ1,TSRYS5752098,D,S,C,2024-05-02,4000000.00,4.848305,95.59375
08:13:53,912810TZ1,TSRYS5752098,D,S,D,2024-05-02,2000000.00,4.848305,95.59375
08:13:53,912810TZ1,TSRYS5752098,D,B,C,2024-05-02,2000000.00,4.84832,95.593575
08:14:22,912810TZ1,TSRYS5752098,D,S,D,2024-05-02,1000000.00,4.846554,95.61523437
08:14:22,912810TZ1,TSRYS5752098,D,S,D,2024-05-02,2000000.00,4.846554,95.61523437
08:14:22,912810TZ1,TSRYS5752098,D,S,D,2024-05-02,1000000.00,4.846554,95.61523437
08:14:26,912810TZ1,TSRYS5752098,D,S,D,2024-05-02,375000.00,4.844397,95.641691667
08:14:26,912810TZ1,TSRYS5752098,D,S,D,2024-05-02,1000000.00,4.844643,95.638671875
08:14:27,912810TZ1,TSRYS5752098,D,S,D,2024-05-02,1000000.00,4.845439,95.62890625
08:14:27,912810TZ1,TSRYS5752098,D,S,D,2024-05-02,1000000.00,4.845439,95.62890625
08:14:32,912810TZ1,TSRYS5752098,D,S,T,2024-05-02,1000000.00,4.844643,95.638671875
08:14:33,912810TZ1,TSRYS5752098,D,S,D,2024-05-02,1000000.00,4.844803,95.63671875
08:14:33,912810TZ1,TSRYS5752098,D,S,D,2024-05-02,1000000.00,4.844803,95.63671875
08:14:33,912810TZ1,TSRYS5752098,D,S,D,2024-05-02,1000000.00,4.844803,95.63671875
08:14:34,912810TZ1,TSRYS5752098,D,S,T,2024-05-02,1000000.00,4.844484,95.640625
08:14:34,912810TZ1,TSRYS5752098,D,S,T,2024-05-02,1000000.00,4.844484,95.640625
08:14:37,912810TZ1,TSRYS5752098,D,S,D,2024-05-02,1000000.00,4.844643,95.638671875
08:14:37,912810TZ1,TSRYS5752098,D,B,C,2024-05-02,1000000.00,4.844643,95.638671875
08:14:37,912810TZ1,TSRYS5752098,D,S,D,2024-05-02,1000000.00,4.844643,95.638671875
08:14:39,912810TZ1,TSRYS5752098,D,S,D,2024-05-02,1000000.00,4.844484,95.640625
08:14:39,912810TZ1,TSRYS5752098,D,S,D,2024-05-02,1000000.00,4.844484,95.640625
08:14:51,912810TZ1,TSRYS5752098,D,S,D,2024-05-02,1000000.00,4.843211,95.65625
08:14:57,912810TZ1,TSRYS5752098,D,S,D,2024-05-02,1000000.00,4.844803,95.63671875
08:14:57,912810TZ1,TSRYS5752098,D,S,D,2024-05-02,1000000.00,4.844803,95.63671875
08:14:58,912810TZ1,TSRYS5752098,D,S,D,2024-05-02,1000000.00,4.844803,95.63671875
08:15:09,912810TZ1,TSRYS5752098,D,B,C,2024-05-02,1000000.00,4.844492,95.640525
08:15:09,912810TZ1,TSRYS5752098,D,S,D,2024-05-02,1000000.00,4.844472,95.640775
08:15:15,912810TZ1,TSRYS5752098,D,B,C,2024-05-02,1000000.00,4.843211,95.65625
08:15:16,912810TZ1,TSRYS5752098,D,S,D,2024-05-02,1000000.00,4.842893,95.66015625
08:15:16,912810TZ1,TSRYS5752098,D,B,C,2024-05-02,625000.00,4.842893,95.66015625
08:15:17,912810TZ1,TSRYS5752098,D,S,D,2024-05-02,1625000.00,4.842873,95.660402404
08:15:21,912810TZ1,TSRYS5752098,D,B,C,2024-05-02,1000000.00,4.843211,95.65625
08:15:21,912810TZ1,TSRYS5752098,D,S,D,2024-05-02,1000000.00,4.843211,95.65625
08:15:38,912810TZ1,TSRYS5752098,D,B,C,2024-05-02,1000000.00,4.844484,95.640625
08:15:38,912810TZ1,TSRYS5752098,D,S,D,2024-05-02,1000000.00,4.844472,95.640775
08:15:48,912810TZ1,TSRYS5752098,D,B,C,2024-05-02,1000000.00,4.843848,95.6484375
08:15:51,912810TZ1,TSRYS5752098,D,B,C,2024-05-02,1000000.00,4.842742,95.662009375
08:15:51,912810TZ1,TSRYS5752098,D,S,D,2024-05-02,1000000.00,4.842734,95.662109375
08:15:55,912810TZ1,TSRYS5752098,D,S,D,2024-05-02,495000.00,4.844484,95.640625
08:15:56,912810TZ1,TSRYS5752098,D,S,D,2024-05-02,495000.00,4.844484,95.640625
