tradeTime,cusip,issueSymbolIdentifier,priceType,reportingSideCode,contraPartyTypeCode,tradeDate,reportedTradeVolume,lastSaleYield,lastSalePrice
08:00:12,912810UB2,TSRYS5810883,D,S,T,2024-07-29,1000000.00,4.533001,101.1875
08:00:12,912810UB2,TSRYS5810883,D,S,T,2024-07-29,1000000.00,4.530612,101.21875
08:00:12,912810UB2,TSRYS5810883,D,S,T,2024-07-29,1000000.00,4.512727,101.453125
08:00:14,912810UB2,TSRYS5810883,D,S,D,2024-07-29,1000000.00,4.531806,101.203125
08:00:15,912810UB2,TSRYS5810883,D,S,C,2024-07-29,100000.00,4.521334,101.34524375
08:00:15,912810UB2,TSRYS5810883,D,S,C,2024-07-29,100000.00,4.524315,101.30618125
08:00:26,912810UB2,TSRYS5810883,D,S,D,2024-07-29,200000.00,4.523153,101.31640625
08:00:26,912810UB2,TSRYS5810883,D,B,C,2024-07-29,200000.00,4.523153,101.31390625
08:00:26,912810UB2,TSRYS5810883,D,S,C,2024-07-29,100000.00,4.522825,101.3257125
08:00:26,912810UB2,TSRYS5810883,D,S,C,2024-07-29,200000.00,4.528194,101.2529
08:00:27,912810UB2,TSRYS5810883,D,S,T,2024-07-29,1000000.00,4.534196,101.171875
08:00:27,912810UB2,TSRYS5810883,D,S,T,2024-07-29,1000000.00,4.534196,101.171875
08:00:27,912810UB2,TSRYS5810883,D,S,T,2024-07-29,1000000.00,4.531806,101.203125
08:00:27,912810UB2,TSRYS5810883,D,S,T,2024-07-29,1000000.00,4.531806,101.203125
08:00:27,912810UB2,TSRYS5810883,D,S,T,2024-07-29,1000000.00,4.531806,101.203125
08:00:27,912810UB2,TSRYS5810883,D,S,T,2024-07-29,1000000.00,4.513917,101.4375
08:00:27,912810UB2,TSRYS5810883,D,S,T,2024-07-29,1000000.00,4.505588,101.546875
08:00:27,912810UB2,TSRYS5810883,D,S,T,2024-07-29,1000000.00,4.500833,101.609375
08:00:27,912810UB2,TSRYS5810883,D,S,T,2024-07-29,1000000.00,4.500833,101.609375
08:00:27,912810UB2,TSRYS5810883,D,S,T,2024-07-29,1000000.00,4.532105,101.19921875
08:00:27,912810UB2,TSRYS5810883,D,S,T,2024-07-29,1000000.00,4.516002,101.41015625
08:00:28,912810UB2,TSRYS5810883,D,S,D,2024-07-29,1000000.00,4.529717,101.23046875
08:00:30,912810UB2,TSRYS5810883,D,S,T,2024-07-29,1000000.00,4.531806,101.203125
08:00:30,912810UB2,TSRYS5810883,D,S,T,2024-07-29,1000000.00,4.528224,101.25
08:00:30,912810UB2,TSRYS5810883,D,S,T,2024-07-29,1000000.00,4.528224,101.25
08:00:30,912810UB2,TSRYS5810883,D,S,T,2024-07-29,1000000.00,4.528224,101.25
08:00:30,912810UB2,TSRYS5810883,D,S,T,2024-07-29,1000000.00,4.524793,101.294921875
08:00:30,912810UB2,TSRYS5810883,D,S,T,2024-07-29,1000000.00,4.521066,101.34375
08:00:30,912810UB2,TSRYS5810883,D,S,T,2024-07-29,1000000.00,4.522259,101.328125
08:00:30,912810UB2,TSRYS5810883,D,S,T,2024-07-29,1000000.00,4.527627,101.2578125
08:00:30,912810UB2,TSRYS5810883,D,S,T,2024-07-29,1000000.00,4.529269,101.236328125
08:00:30,912810UB2,TSRYS5810883,D,S,T,2024-07-29,1000000.00,4.529418,101.234375
08:00:30,912810UB2,TSRYS5810883,D,S,T,2024-07-29,1000000.00,4.529866,101.228515625
08:00:30,912810UB2,TSRYS5810883,D,S,T,2024-07-29,1000000.00,4.529418,101.234375
08:00:30,912810UB2,TSRYS5810883,D,S,T,2024-07-29,1000000.00,4.529717,101.23046875
08:00:30,912810UB2,TSRYS5810883,D,S,T,2024-07-29,1000000.00,4.531209,101.2109375
08:00:30,912810UB2,TSRYS5810883,D,S,T,2024-07-29,1000000.00,4.531806,101.203125
08:00:30,912810UB2,TSRYS5810883,D,S,T,2024-07-29,1000000.00,4.531806,101.203125
08:00:30,912810UB2,TSRYS5810883,D,S,T,2024-07-29,1000000.00,4.533001,101.1875
08:00:30,912810UB2,TSRYS5810883,D,S,T,2024-07-29,1000000.00,4.529717,101.23046875
08:00:30,912810UB2,TSRYS5810883,D,S,T,2024-07-29,1000000.00,4.529567,101.232421875
08:00:30,912810UB2,TSRYS5810883,D,S,T,2024-07-29,2000000.00,4.531806,101.203125
08:00:30,912810UB2,TSRYS5810883,D,S,T,2024-07-29,1000000.00,4.534196,101.171875
08:00:30,912810UB2,TSRYS5810883,D,S,T,2024-07-29,1000000.00,4.525837,101.28125
08:00:30,912810UB2,TSRYS5810883,D,S,T,2024-07-29,1000000.00,4.525837,101.28125
08:00:30,912810UB2,TSRYS5810883,D,S,T,2024-07-29,1000000.00,4.522259,101.328125
08:00:30,912810UB2,TSRYS5810883,D,S,T,2024-07-29,1000000.00,4.522259,101.328125
08:00:30,912810UB2,TSRYS5810883,D,S,T,2024-07-29,1000000.00,4.513917,101.4375
08:00:31,912810UB2,TSRYS5810883,D,S,T,2024-07-29,1000000.00,4.512727,101.453125
08:00:31,912810UB2,TSRYS5810883,D,S,T,2024-07-29,1000000.00,4.510346,101.484375
08:00:31,912810UB2,TSRYS5810883,D,S,T,2024-07-29,1000000.00,4.510346,101.484375
08:00:31,912810UB2,TSRYS5810883,D,S,T,2024-07-29,1000000.00,4.510346,101.484375
08:00:31,912810UB2,TSRYS5810883,D,S,T,2024-07-29,1000000.00,4.510346,101.484375
08:00:31,912810UB2,TSRYS5810883,D,S,T,2024-07-29,1000000.00,4.513917,101.4375
08:00:31,912810UB2,TSRYS5810883,D,S,T,2024-07-29,1000000.00,4.513917,101.4375
08:00:31,912810UB2,TSRYS5810883,D,S,T,2024-07-29,1000000.00,4.513917,101.4375
08:00:31,912810UB2,TSRYS5810883,D,S,T,2024-07-29,1000000.00,4.512727,101.453125
08:00:31,912810UB2,TSRYS5810883,D,S,T,2024-07-29,1000000.00,4.499942,101.62109375
08:00:31,912810UB2,TSRYS5810883,D,S,T,2024-07-29,1000000.00,4.499793,101.623046875
08:00:31,912810UB2,TSRYS5810883,D,S,D,2024-07-29,1000000.00,4.531806,101.203125
08:00:31,912810UB2,TSRYS5810883,D,S,D,2024-07-29,1000000.00,4.529418,101.234375
08:00:31,912810UB2,TSRYS5810883,D,S,D,2024-07-29,1000000.00,4.529418,101.234375
08:00:31,912810UB2,TSRYS5810883,D,S,D,2024-07-29,1000000.00,4.529717,101.23046875
08:00:31,912810UB2,TSRYS5810883,D,S,D,2024-07-29,1000000.00,4.512727,101.453125
08:00:31,912810UB2,TSRYS5810883,D,B,A,2024-07-29,50000.00,4.531209,101.210938
08:00:31,912810UB2,TSRYS5810883,D,S,D,2024-07-29,1000000.00,4.502616,101.5859375
08:00:31,912810UB2,TSRYS5810883,D,S,D,2024-07-29,1000000.00,4.525092,101.291015625
08:00:31,912810UB2,TSRYS5810883,D,S,D,2024-07-29,1000000.00,4.529418,101.234375
08:00:31,912810UB2,TSRYS5810883,D,S,D,2024-07-29,1000000.00,4.513471,101.443359375
08:00:31,912810UB2,TSRYS5810883,D,S,D,2024-07-29,1000000.00,4.513471,101.443359375
08:00:31,912810UB2,TSRYS5810883,D,S,D,2024-07-29,1000000.00,4.502913,101.58203125
08:00:31,912810UB2,TSRYS5810883,D,S,T,2024-07-29,1000000.00,4.531806,101.203125
08:00:31,912810UB2,TSRYS5810883,D,S,T,2024-07-29,1000000.00,4.529418,101.234375
08:00:31,912810UB2,TSRYS5810883,D,S,T,2024-07-29,1000000.00,4.529418,101.234375
08:00:31,912810UB2,TSRYS5810883,D,S,T,2024-07-29,1000000.00,4.529866,101.228515625
08:00:31,912810UB2,TSRYS5810883,D,S,T,2024-07-29,1000000.00,4.529717,101.23046875
08:00:31,912810UB2,TSRYS5810883,D,S,T,2024-07-29,1000000.00,4.529567,101.232421875
08:00:31,912810UB2,TSRYS5810883,D,S,T,2024-07-29,3000000.00,4.534345,101.169921875
08:00:31,912810UB2,TSRYS5810883,D,S,T,2024-07-29,1000000.00,4.534196,101.171875
08:00:31,912810UB2,TSRYS5810883,D,S,T,2024-07-29,1000000.00,4.513471,101.443359375
08:00:32,912810UB2,TSRYS5810883,D,S,T,2024-07-29,1000000.00,4.512727,101.453125
08:00:32,912810UB2,TSRYS5810883,D,S,T,2024-07-29,1000000.00,4.512727,101.453125
08:00:32,912810UB2,TSRYS5810883,D,S,T,2024-07-29,1000000.00,4.502467,101.587890625
08:00:32,912810UB2,TSRYS5810883,D,S,T,2024-07-29,1000000.00,4.50009,101.619140625
08:00:32,912810UB2,TSRYS5810883,D,S,T,2024-07-29,2000000.00,4.502764,101.583984375
08:00:32,912810UB2,TSRYS5810883,D,S,T,2024-07-29,1000000.00,4.502764,101.583984375
08:00:32,912810UB2,TSRYS5810883,D,S,T,2024-07-29,2000000.00,4.502764,101.583984375
08:00:32,912810UB2,TSRYS5810883,D,S,T,2024-07-29,2000000.00,4.502764,101.583984375
08:00:32,912810UB2,TSRYS5810883,D,S,T,2024-07-29,1000000.00,4.502764,101.583984375
08:00:32,912810UB2,TSRYS5810883,D,S,T,2024-07-29,3000000.00,4.502764,101.583984375
08:00:32,912810UB2,TSRYS5810883,D,S,T,2024-07-29,1000000.00,4.502913,101.58203125
08:00:35,912810UB2,TSRYS5810883,D,S,A,2024-07-29,1500000.00,4.526125,101.27734375
08:00:35,912810UB2,TSRYS5810883,D,S,D,2024-07-29,100000.00,4.524346,101.30078125
08:00:35,912810UB2,TSRYS5810883,D,S,D,2024-07-29,200000.00,4.528224,101.25
08:00:35,912810UB2,TSRYS5810883,D,S,C,2024-07-29,10000000.00,4.531498,101.20703125
08:00:35,912810UB2,TSRYS5810883,D,S,C,2024-07-29,100000.00,4.534196,101.171875
08:00:35,912810UB2,TSRYS5810883,D,S,A,2024-07-29,1000000.00,4.523441,101.3125
08:00:35,912810UB2,TSRYS5810883,D,S,A,2024-07-29,1865000.00,4.526434,101.2734375
08:00:35,912810UB2,TSRYS5810883,D,S,A,2024-07-29,550000.00,4.525539,101.28515625
08:00:35,912810UB2,TSRYS5810883,D,S,D,2024-07-29,300000.00,4.522855,101.3203125
08:00:35,912810UB2,TSRYS5810883,D,S,A,2024-07-29,500000.00,4.515108,101.421875
08:00:35,912810UB2,TSRYS5810883,D,S,A,2024-07-29,5000.00,4.516002,101.41015625
08:00:36,912810UB2,TSRYS5810883,D,S,D,2024-07-29,102000.00,4.517491,101.390625
08:00:36,912810UB2,TSRYS5810883,D,S,A,2024-07-29,200000.00,4.512715,101.453125
08:00:36,912810UB2,TSRYS5810883,D,S,C,2024-07-29,200000.00,4.511239,101.47265625
08:00:36,912810UB2,TSRYS5810883,D,S,C,2024-07-29,100000.00,4.511536,101.46875
08:00:36,912810UB2,TSRYS5810883,D,S,D,2024-07-29,6000.00,4.513322,101.4453125
08:00:36,912810UB2,TSRYS5810883,D,S,A,2024-07-29,125000.00,4.510643,101.48046875
08:00:36,912810UB2,TSRYS5810883,D,S,A,2024-07-29,1500000.00,4.505576,101.546875
08:00:36,912810UB2,TSRYS5810883,D,S,C,2024-07-29,3500000.00,4.504696,101.55859375
08:00:36,912810UB2,TSRYS5810883,D,S,T,2024-07-29,1000000.00,4.499645,101.625
08:00:38,912810UB2,TSRYS5810883,D,S,D,2024-07-29,1000000.00,4.512727,101.453125
08:00:41,912810UB2,TSRYS5810883,D,S,A,2024-07-29,170000.00,4.537782,101.125
08:00:42,912810UB2,TSRYS5810883,D,S,D,2024-07-29,1000000.00,4.502616,101.5859375
08:00:43,912810UB2,TSRYS5810883,D,S,D,2024-07-29,3000000.00,4.499645,101.625
08:00:43,912810UB2,TSRYS5810883,D,S,D,2024-07-29,2000000.00,4.499645,101.625
08:00:44,912810UB2,TSRYS5810883,D,S,T,2024-07-29,1000000.00,4.50009,101.619140625
08:00:45,912810UB2,TSRYS5810883,D,S,T,2024-07-29,2000000.00,4.50009,101.619140625
08:00:45,912810UB2,TSRYS5810883,D,S,D,2024-07-29,2000000.00,4.500833,101.609375
08:00:45,912810UB2,TSRYS5810883,D,S,T,2024-07-29,1000000.00,4.50009,101.619140625
08:00:45,912810UB2,TSRYS5810883,D,S,T,2024-07-29,1000000.00,4.50009,101.619140625
08:00:46,912810UB2,TSRYS5810883,D,S,T,2024-07-29,1000000.00,4.516299,101.40625
08:00:46,912810UB2,TSRYS5810883,D,S,T,2024-07-29,1000000.00,4.516299,101.40625
08:00:46,912810UB2,TSRYS5810883,D,S,T,2024-07-29,1000000.00,4.516299,101.40625
08:00:46,912810UB2,TSRYS5810883,D,S,T,2024-07-29,1000000.00,4.516597,101.40234375
08:00:46,912810UB2,TSRYS5810883,D,S,T,2024-07-29,1000000.00,4.516746,101.400390625
08:00:46,912810UB2,TSRYS5810883,D,S,T,2024-07-29,1000000.00,4.515108,101.421875
08:00:46,912810UB2,TSRYS5810883,D,S,T,2024-07-29,1000000.00,4.513322,101.4453125
08:00:47,912810UB2,TSRYS5810883,D,S,T,2024-07-29,1000000.00,4.513322,101.4453125
08:00:47,912810UB2,TSRYS5810883,D,S,T,2024-07-29,1000000.00,4.511834,101.46484375
08:00:47,912810UB2,TSRYS5810883,D,S,T,2024-07-29,1000000.00,4.512429,101.45703125
08:00:47,912810UB2,TSRYS5810883,D,S,T,2024-07-29,1000000.00,4.512429,101.45703125
08:00:47,912810UB2,TSRYS5810883,D,S,T,2024-07-29,1000000.00,4.512429,101.45703125
08:00:47,912810UB2,TSRYS5810883,D,S,T,2024-07-29,1000000.00,4.512131,101.4609375
08:00:47,912810UB2,TSRYS5810883,D,S,T,2024-07-29,1000000.00,4.512429,101.45703125
08:00:47,912810UB2,TSRYS5810883,D,S,T,2024-07-29,1000000.00,4.512131,101.4609375
08:00:47,912810UB2,TSRYS5810883,D,S,T,2024-07-29,1000000.00,4.512429,101.45703125
08:00:47,912810UB2,TSRYS5810883,D,S,D,2024-07-29,1000000.00,4.50321,101.578125
08:00:47,912810UB2,TSRYS5810883,D,B,A,2024-07-29,12900000.00,4.501427,101.6015625
08:00:48,912810UB2,TSRYS5810883,D,B,C,2024-07-29,936000.00,4.502913,101.58203125
08:00:48,912810UB2,TSRYS5810883,D,S,D,2024-07-29,936000.00,4.50289,101.58233125
08:00:49,912810UB2,TSRYS5810883,D,S,D,2024-07-29,1000000.00,4.524346,101.30078125
08:00:57,912810UB2,TSRYS5810883,D,B,C,2024-07-29,125000.00,4.506807,101.53085
08:01:04,912810UB2,TSRYS5810883,D,S,T,2024-07-29,1000000.00,4.499793,101.623046875
08:01:06,912810UB2,TSRYS5810883,D,S,C,2024-07-29,300000.00,4.522825,101.3227125
08:01:06,912810UB2,TSRYS5810883,D,S,D,2024-07-29,600000.00,4.522259,101.328125
08:01:06,912810UB2,TSRYS5810883,D,B,C,2024-07-29,600000.00,4.522259,101.326125
08:01:06,912810UB2,TSRYS5810883,D,S,D,2024-07-29,3000000.00,4.499645,101.625
08:01:06,912810UB2,TSRYS5810883,D,S,D,2024-07-29,2000000.00,4.499645,101.625
08:01:06,912810UB2,TSRYS5810883,D,B,A,2024-07-29,2460000.00,4.500833,101.609375
08:01:06,912810UB2,TSRYS5810883,D,S,A,2024-07-29,2460000.00,4.499645,101.625
08:01:06,912810UB2,TSRYS5810883,D,S,D,2024-07-29,2000000.00,4.500833,101.609375
08:01:08,912810UB2,TSRYS5810883,D,S,D,2024-07-29,150000.00,4.500833,101.609375
08:01:08,912810UB2,TSRYS5810883,D,B,A,2024-07-29,350000.00,4.502987,101.581054688
08:01:08,912810UB2,TSRYS5810883,D,S,T,2024-07-29,1000000.00,4.499793,101.623046875
08:01:08,912810UB2,TSRYS5810883,D,S,T,2024-07-29,1000000.00,4.499645,101.625
08:01:10,912810UB2,TSRYS5810883,D,S,T,2024-07-29,1000000.00,4.534502,101.16786875
08:01:11,912810UB2,TSRYS5810883,D,S,T,2024-07-29,1000000.00,4.534213,101.17165
08:01:11,912810UB2,TSRYS5810883,D,S,T,2024-07-29,1000000.00,4.534494,101.16796875
08:01:11,912810UB2,TSRYS5810883,D,S,T,2024-07-29,1000000.00,4.534494,101.16796875
08:01:11,912810UB2,TSRYS5810883,D,S,T,2024-07-29,1000000.00,4.531956,101.201171875
08:01:11,912810UB2,TSRYS5810883,D,S,D,2024-07-29,5000000.00,4.531753,101.203825
08:01:11,912810UB2,TSRYS5810883,D,S,D,2024-07-29,10000000.00,4.529648,101.2313594
08:01:11,912810UB2,TSRYS5810883,D,S,D,2024-07-29,2000000.00,4.515799,101.4128094
08:01:11,912810UB2,TSRYS5810883,D,B,C,2024-07-29,3463000.00,4.500536,101.61328125
08:01:11,912810UB2,TSRYS5810883,D,S,T,2024-07-29,1000000.00,4.50113,101.60546875
08:01:11,912810UB2,TSRYS5810883,D,S,T,2024-07-29,1000000.00,4.50113,101.60546875
08:01:12,912810UB2,TSRYS5810883,D,S,T,2024-07-29,1000000.00,4.50113,101.60546875
08:01:12,912810UB2,TSRYS5810883,D,B,A,2024-07-29,2000000.00,4.523153,101.31640625
08:01:12,912810UB2,TSRYS5810883,D,S,D,2024-07-29,2000000.00,4.522855,101.3203125
08:01:12,912810UB2,TSRYS5810883,D,S,A,2024-07-29,20000.00,4.533888,101.17578125
08:01:15,912810UB2,TSRYS5810883,D,B,C,2024-07-29,1000000.00,4.537782,101.125
08:01:15,912810UB2,TSRYS5810883,D,S,D,2024-07-29,1000000.00,4.537782,101.125
08:01:15,912810UB2,TSRYS5810883,D,S,D,2024-07-29,1000000.00,4.531806,101.203125
08:01:15,912810UB2,TSRYS5810883,D,S,D,2024-07-29,1000000.00,4.531806,101.203125
08:01:15,912810UB2,TSRYS5810883,D,S,C,2024-07-29,1000000.00,4.524346,101.30078125
08:01:15,912810UB2,TSRYS5810883,D,S,D,2024-07-29,1000000.00,4.529717,101.23046875
08:01:15,912810UB2,TSRYS5810883,D,S,D,2024-07-29,1000000.00,4.529717,101.23046875
08:01:15,912810UB2,TSRYS5810883,D,S,D,2024-07-29,1000000.00,4.512727,101.453125
08:01:16,912810UB2,TSRYS5810883,D,S,C,2024-07-29,102000.00,4.51746,101.39592696078
08:01:16,912810UB2,TSRYS5810883,D,S,T,2024-07-29,1000000.00,4.504421,101.5622
08:01:16,912810UB2,TSRYS5810883,D,B,C,2024-07-29,1000000.00,4.50321,101.578125
08:01:16,912810UB2,TSRYS5810883,D,S,D,2024-07-29,1000000.00,4.50321,101.578125
08:01:16,912810UB2,TSRYS5810883,D,S,C,2024-07-29,4000000.00,,100.41015625
08:01:16,912810UB2,TSRYS5810883,D,B,A,2024-07-29,4000000.00,,100.41015625
08:01:16,912810UB2,TSRYS5810883,D,S,T,2024-07-29,1000000.00,4.502044,101.59345
08:01:16,912810UB2,TSRYS5810883,D,S,C,2024-07-29,1000000.00,4.500833,101.609375
08:01:17,912810UB2,TSRYS5810883,D,S,T,2024-07-29,1000000.00,4.499668,101.6247
08:01:17,912810UB2,TSRYS5810883,D,S,C,2024-07-29,1000000.00,4.592738,100.41015625
08:01:17,912810UB2,TSRYS5810883,D,B,A,2024-07-29,1000000.00,4.592738,100.41015625
08:01:19,912810UB2,TSRYS5810883,D,S,D,2024-07-29,1000000.00,4.523451,101.3125
08:01:19,912810UB2,TSRYS5810883,D,S,C,2024-07-29,1000000.00,4.52602,101.27886
08:01:19,912810UB2,TSRYS5810883,D,S,T,2024-07-29,1000000.00,4.523451,101.3125
08:01:19,912810UB2,TSRYS5810883,D,S,D,2024-07-29,1000000.00,4.523451,101.3125
08:01:19,912810UB2,TSRYS5810883,D,S,D,2024-07-29,2000000.00,4.523451,101.3125
08:01:19,912810UB2,TSRYS5810883,D,B,C,2024-07-29,5000000.00,4.523505,101.3118
08:01:21,912810UB2,TSRYS5810883,D,B,C,2024-07-29,1000000.00,4.526136,101.27734375
08:01:21,912810UB2,TSRYS5810883,D,B,C,2024-07-29,1000000.00,4.524793,101.29492187
08:01:21,912810UB2,TSRYS5810883,D,B,C,2024-07-29,1000000.00,4.530612,101.21875
08:01:21,912810UB2,TSRYS5810883,D,B,C,2024-07-29,1000000.00,4.530463,101.22070312
08:01:21,912810UB2,TSRYS5810883,D,B,C,2024-07-29,1000000.00,4.530314,101.22265625
08:01:21,912810UB2,TSRYS5810883,D,B,C,2024-07-29,1000000.00,4.530164,101.22460937
08:01:22,912810UB2,TSRYS5810883,D,S,A,2024-07-29,65700.00,4.525529,101.28515625
08:01:22,912810UB2,TSRYS5810883,D,S,A,2024-07-29,10000.00,4.515693,101.4140625
08:01:22,912810UB2,TSRYS5810883,D,S,A,2024-07-29,4000.00,4.513013,101.44921875
08:01:22,912810UB2,TSRYS5810883,D,S,A,2024-07-29,4600.00,4.522845,101.3203125
08:01:23,912810UB2,TSRYS5810883,D,S,T,2024-07-29,6800000.00,4.528224,101.25
08:01:23,912810UB2,TSRYS5810883,D,S,C,2024-07-29,9000000.00,4.528224,101.25
08:01:23,912810UB2,TSRYS5810883,D,S,C,2024-07-29,27100000.00,4.528224,101.25
08:01:23,912810UB2,TSRYS5810883,D,B,A,2024-07-29,3000000.00,4.499645,101.625
08:01:23,912810UB2,TSRYS5810883,D,S,D,2024-07-29,6600000.00,4.528224,101.25
08:01:23,912810UB2,TSRYS5810883,D,S,D,2024-07-29,6600000.00,4.528224,101.25
08:01:23,912810UB2,TSRYS5810883,D,S,D,2024-07-29,6800000.00,4.528224,101.25
08:01:23,912810UB2,TSRYS5810883,D,S,A,2024-07-29,10000.00,4.527617,101.2578125
08:01:26,912810UB2,TSRYS5810883,D,S,A,2024-07-29,10000.00,4.532095,101.19921875
08:01:27,912810UB2,TSRYS5810883,D,B,A,2024-07-29,4300000.00,4.534793,101.1640625
08:01:28,912810UB2,TSRYS5810883,D,S,D,2024-07-29,1000000.00,4.531806,101.203125
08:01:30,912810UB2,TSRYS5810883,D,S,D,2024-07-29,232000.00,4.522259,101.328125
08:01:30,912810UB2,TSRYS5810883,D,S,A,2024-07-29,30700.00,4.532394,101.1953125
08:01:31,912810UB2,TSRYS5810883,D,S,T,2024-07-29,1000000.00,4.534203,101.171775
08:01:31,912810UB2,TSRYS5810883,D,S,T,2024-07-29,1000000.00,4.525837,101.28125
08:01:31,912810UB2,TSRYS5810883,D,S,T,2024-07-29,1000000.00,4.522259,101.328125
08:01:32,912810UB2,TSRYS5810883,D,B,C,2024-07-29,1000000.00,4.524644,101.296875
08:01:32,912810UB2,TSRYS5810883,D,B,C,2024-07-29,1000000.00,4.524644,101.296875
08:01:32,912810UB2,TSRYS5810883,D,B,C,2024-07-29,1000000.00,4.524644,101.296875
08:01:32,912810UB2,TSRYS5810883,D,S,T,2024-07-29,1000000.00,4.524503,101.298728125
08:01:32,912810UB2,TSRYS5810883,D,S,T,2024-07-29,1000000.00,4.519882,101.359275
08:01:34,912810UB2,TSRYS5810883,D,S,A,2024-07-29,1000000.00,4.509442,101.49609375
08:01:36,912810UB2,TSRYS5810883,D,S,A,2024-07-29,6000.00,4.513291,101.52904583333
08:01:36,912810UB2,TSRYS5810883,D,S,T,2024-07-29,1000000.00,4.524644,101.296875
08:01:36,912810UB2,TSRYS5810883,D,S,C,2024-07-29,10000000.00,4.520039,101.35722
08:01:38,912810UB2,TSRYS5810883,D,S,D,2024-07-29,1000000.00,4.523451,101.3125
08:01:40,912810UB2,TSRYS5810883,D,S,T,2024-07-29,1000000.00,4.524644,101.296875
08:01:40,912810UB2,TSRYS5810883,D,S,D,2024-07-29,1000000.00,4.504696,101.55859375
08:01:40,912810UB2,TSRYS5810883,D,S,D,2024-07-29,1000000.00,4.504696,101.55859375
08:01:40,912810UB2,TSRYS5810883,D,S,D,2024-07-29,1000000.00,4.502616,101.5859375
08:01:40,912810UB2,TSRYS5810883,D,S,D,2024-07-29,1000000.00,4.502616,101.5859375
08:01:40,912810UB2,TSRYS5810883,D,S,D,2024-07-29,1000000.00,4.502616,101.5859375
08:01:41,912810UB2,TSRYS5810883,D,S,C,2024-07-29,1000000.00,4.502616,101.5859375
08:01:41,912810UB2,TSRYS5810883,D,S,D,2024-07-29,1000000.00,4.502616,101.5859375
08:01:41,912810UB2,TSRYS5810883,D,S,D,2024-07-29,1000000.00,4.502616,101.5859375
08:01:41,912810UB2,TSRYS5810883,D,S,D,2024-07-29,1000000.00,4.502616,101.5859375
08:01:41,912810UB2,TSRYS5810883,D,S,D,2024-07-29,1000000.00,4.500833,101.609375
08:01:41,912810UB2,TSRYS5810883,D,S,T,2024-07-29,1000000.00,4.500833,101.609375
08:01:41,912810UB2,TSRYS5810883,D,S,D,2024-07-29,1000000.00,4.500833,101.609375
08:01:41,912810UB2,TSRYS5810883,D,S,D,2024-07-29,1000000.00,4.500833,101.609375
08:01:41,912810UB2,TSRYS5810883,D,S,T,2024-07-29,1000000.00,4.500844,101.609225
08:01:41,912810UB2,TSRYS5810883,D,S,T,2024-07-29,1000000.00,4.500844,101.609225
08:01:41,912810UB2,TSRYS5810883,D,S,T,2024-07-29,1000000.00,4.500684,101.61132812
08:01:41,912810UB2,TSRYS5810883,D,S,T,2024-07-29,1000000.00,4.500844,101.609225
08:01:41,912810UB2,TSRYS5810883,D,S,T,2024-07-29,1000000.00,4.500844,101.609225
08:01:41,912810UB2,TSRYS5810883,D,S,C,2024-07-29,1000000.00,4.500833,101.609375
08:01:41,912810UB2,TSRYS5810883,D,S,T,2024-07-29,1000000.00,4.500844,101.609225
08:01:41,912810UB2,TSRYS5810883,D,S,T,2024-07-29,1000000.00,4.500844,101.609225
08:01:41,912810UB2,TSRYS5810883,D,S,T,2024-07-29,1000000.00,4.500844,101.609225
08:01:41,912810UB2,TSRYS5810883,D,S,T,2024-07-29,1000000.00,4.500844,101.609225
08:01:41,912810UB2,TSRYS5810883,D,S,T,2024-07-29,1000000.00,4.500844,101.609225
08:01:41,912810UB2,TSRYS5810883,D,S,C,2024-07-29,1000000.00,4.500833,101.609375
08:01:41,912810UB2,TSRYS5810883,D,S,C,2024-07-29,1000000.00,4.498754,101.63671875
08:01:41,912810UB2,TSRYS5810883,D,S,T,2024-07-29,1000000.00,4.500844,101.609225
08:01:41,912810UB2,TSRYS5810883,D,S,T,2024-07-29,1000000.00,4.500844,101.609225
08:01:42,912810UB2,TSRYS5810883,D,S,T,2024-07-29,2000000.00,4.525837,101.28125
08:01:42,912810UB2,TSRYS5810883,D,S,T,2024-07-29,1000000.00,4.524644,101.296875
08:01:42,912810UB2,TSRYS5810883,D,S,T,2024-07-29,1000000.00,4.524644,101.296875
08:01:42,912810UB2,TSRYS5810883,D,S,T,2024-07-29,1000000.00,4.524644,101.296875
08:01:42,912810UB2,TSRYS5810883,D,S,T,2024-07-29,1000000.00,4.524644,101.296875
08:01:42,912810UB2,TSRYS5810883,D,S,D,2024-07-29,1210000.00,4.510048,101.48828125
08:01:44,912810UB2,TSRYS5810883,D,S,T,2024-07-29,1000000.00,4.525837,101.28125
08:01:44,912810UB2,TSRYS5810883,D,S,T,2024-07-29,1000000.00,4.524644,101.296875
08:01:44,912810UB2,TSRYS5810883,D,S,T,2024-07-29,1000000.00,4.524644,101.296875
08:01:44,912810UB2,TSRYS5810883,D,S,T,2024-07-29,1000000.00,4.523451,101.3125
08:01:44,912810UB2,TSRYS5810883,D,S,T,2024-07-29,1000000.00,4.524644,101.296875
08:01:44,912810UB2,TSRYS5810883,D,S,D,2024-07-29,6000000.00,4.529184,101.23744
08:01:45,912810UB2,TSRYS5810883,D,S,T,2024-07-29,1000000.00,4.524644,101.296875
08:01:45,912810UB2,TSRYS5810883,D,S,T,2024-07-29,1000000.00,4.524644,101.296875
08:01:46,912810UB2,TSRYS5810883,D,S,T,2024-07-29,1000000.00,4.524644,101.296875
08:01:46,912810UB2,TSRYS5810883,D,S,T,2024-07-29,1000000.00,4.524644,101.296875
08:01:46,912810UB2,TSRYS5810883,D,S,T,2024-07-29,2000000.00,4.524644,101.296875
08:01:46,912810UB2,TSRYS5810883,D,S,T,2024-07-29,2000000.00,4.524644,101.296875
08:01:46,912810UB2,TSRYS5810883,D,S,T,2024-07-29,1000000.00,4.524644,101.296875
08:01:46,912810UB2,TSRYS5810883,D,S,T,2024-07-29,1000000.00,4.524644,101.296875
08:01:46,912810UB2,TSRYS5810883,D,S,T,2024-07-29,1000000.00,4.523451,101.3125
08:01:46,912810UB2,TSRYS5810883,D,S,C,2024-07-29,1000000.00,4.524644,101.296875
08:01:46,912810UB2,TSRYS5810883,D,S,D,2024-07-29,1000000.00,4.524644,101.296875
08:01:46,912810UB2,TSRYS5810883,D,S,T,2024-07-29,1000000.00,4.524644,101.296875
08:01:47,912810UB2,TSRYS5810883,D,B,A,2024-07-29,1500000.00,4.524634,101.296875
08:01:48,912810UB2,TSRYS5810883,D,S,T,2024-07-29,1000000.00,4.534196,101.171875
08:01:48,912810UB2,TSRYS5810883,D,B,C,2024-07-29,1000000.00,4.502913,101.58203125
08:01:48,912810UB2,TSRYS5810883,D,B,C,2024-07-29,1000000.00,4.503061,101.58007812
08:01:52,912810UB2,TSRYS5810883,D,S,T,2024-07-29,1000000.00,4.524644,101.296875
08:01:52,912810UB2,TSRYS5810883,D,S,T,2024-07-29,1000000.00,4.524644,101.296875
08:01:52,912810UB2,TSRYS5810883,D,S,T,2024-07-29,1000000.00,4.524644,101.296875
08:01:53,912810UB2,TSRYS5810883,D,S,T,2024-07-29,1000000.00,4.524644,101.296875
08:01:53,912810UB2,TSRYS5810883,D,S,T,2024-07-29,1000000.00,4.524644,101.296875
08:01:54,912810UB2,TSRYS5810883,D,S,T,2024-07-29,1000000.00,4.533001,101.1875
08:01:54,912810UB2,TSRYS5810883,D,S,T,2024-07-29,1000000.00,4.537791,101.124875
08:01:55,912810UB2,TSRYS5810883,D,S,T,2024-07-29,1000000.00,4.534196,101.171875
08:01:55,912810UB2,TSRYS5810883,D,S,T,2024-07-29,1000000.00,4.533001,101.1875
08:01:55,912810UB2,TSRYS5810883,D,S,C,2024-07-29,1000000.00,4.502467,101.58789062
08:01:55,912810UB2,TSRYS5810883,D,S,T,2024-07-29,1000000.00,4.502318,101.58984375
08:01:56,912810UB2,TSRYS5810883,D,S,C,2024-07-29,4000000.00,4.530377,101.22182
08:01:56,912810UB2,TSRYS5810883,D,S,D,2024-07-29,125000.00,4.506807,101.53085
08:01:56,912810UB2,TSRYS5810883,D,B,A,2024-07-29,125000.00,4.506807,101.52685
08:01:56,912810UB2,TSRYS5810883,D,S,T,2024-07-29,1000000.00,4.534196,101.171875
08:01:56,912810UB2,TSRYS5810883,D,S,T,2024-07-29,1000000.00,4.533001,101.1875
08:01:56,912810UB2,TSRYS5810883,D,S,T,2024-07-29,1000000.00,4.534196,101.171875
08:01:57,912810UB2,TSRYS5810883,D,S,T,2024-07-29,1000000.00,4.525837,101.28125
08:01:57,912810UB2,TSRYS5810883,D,S,T,2024-07-29,1000000.00,4.524644,101.296875
08:01:58,912810UB2,TSRYS5810883,D,S,T,2024-07-29,1000000.00,4.524644,101.296875
08:01:58,912810UB2,TSRYS5810883,D,S,T,2024-07-29,1000000.00,4.524644,101.296875
08:01:58,912810UB2,TSRYS5810883,D,B,C,2024-07-29,1000000.00,4.503061,101.58007812
08:01:58,912810UB2,TSRYS5810883,D,B,C,2024-07-29,1000000.00,4.502913,101.58203125
08:01:59,912810UB2,TSRYS5810883,D,S,T,2024-07-29,1000000.00,4.534196,101.171875
08:02:00,912810UB2,TSRYS5810883,D,S,D,2024-07-29,1000000.00,4.523451,101.3125
08:02:00,912810UB2,TSRYS5810883,D,S,C,2024-07-29,1000000.00,4.523451,101.3125
08:02:01,912810UB2,TSRYS5810883,D,S,T,2024-07-29,1000000.00,4.524644,101.296875
08:02:02,912810UB2,TSRYS5810883,D,S,T,2024-07-29,2000000.00,4.533001,101.1875
08:02:02,912810UB2,TSRYS5810883,D,S,T,2024-07-29,1000000.00,4.524644,101.296875
08:02:03,912810UB2,TSRYS5810883,D,S,C,2024-07-29,1000000.00,4.498754,101.63671875
08:02:05,912810UB2,TSRYS5810883,D,S,T,2024-07-29,1000000.00,4.524644,101.296875
08:02:06,912810UB2,TSRYS5810883,D,S,T,2024-07-29,1000000.00,4.524644,101.296875
08:02:06,912810UB2,TSRYS5810883,D,S,A,2024-07-29,6000.00,4.501397,101.68529583333
08:02:06,912810UB2,TSRYS5810883,D,S,T,2024-07-29,2000000.00,4.523451,101.3125
08:02:06,912810UB2,TSRYS5810883,D,S,T,2024-07-29,1000000.00,4.523451,101.3125
08:02:07,912810UB2,TSRYS5810883,D,S,D,2024-07-29,1000000.00,4.529418,101.234375
08:02:07,912810UB2,TSRYS5810883,D,S,D,2024-07-29,1000000.00,4.529418,101.234375
08:02:07,912810UB2,TSRYS5810883,D,S,T,2024-07-29,1000000.00,4.534196,101.171875
08:02:11,912810UB2,TSRYS5810883,D,S,T,2024-07-29,1000000.00,4.533001,101.1875
08:02:12,912810UB2,TSRYS5810883,D,S,T,2024-07-29,1000000.00,4.524644,101.296875
08:02:12,912810UB2,TSRYS5810883,D,S,T,2024-07-29,1000000.00,4.524644,101.296875
08:02:12,912810UB2,TSRYS5810883,D,S,T,2024-07-29,1000000.00,4.524644,101.296875
08:02:12,912810UB2,TSRYS5810883,D,S,T,2024-07-29,1000000.00,4.524644,101.296875
08:02:15,912810UB2,TSRYS5810883,D,S,T,2024-07-29,2000000.00,4.533001,101.1875
08:02:16,912810UB2,TSRYS5810883,D,S,D,2024-07-29,1000000.00,4.534494,101.16796875
08:02:16,912810UB2,TSRYS5810883,D,S,D,2024-07-29,1000000.00,4.534494,101.16796875
08:02:16,912810UB2,TSRYS5810883,D,S,A,2024-07-29,1400000.00,4.516299,101.40625
08:02:17,912810UB2,TSRYS5810883,D,S,A,2024-07-29,267000.00,4.513024,101.44921875
08:02:18,912810UB2,TSRYS5810883,D,S,T,2024-07-29,6600000.00,4.528224,101.25
08:02:19,912810UB2,TSRYS5810883,D,S,C,2024-07-29,1000000.00,4.498754,101.63671875
08:02:19,912810UB2,TSRYS5810883,D,S,A,2024-07-29,1000000.00,4.530612,101.21875
08:02:20,912810UB2,TSRYS5810883,D,S,T,2024-07-29,1000000.00,4.524644,101.296875
08:02:20,912810UB2,TSRYS5810883,D,S,T,2024-07-29,1000000.00,4.534196,101.171875
08:02:20,912810UB2,TSRYS5810883,D,S,D,2024-07-29,4000000.00,4.499645,101.625
08:02:21,912810UB2,TSRYS5810883,D,S,D,2024-07-29,4000000.00,4.534473,101.1682453
08:02:21,912810UB2,TSRYS5810883,D,S,D,2024-07-29,1000000.00,4.532009,101.2004719
08:02:22,912810UB2,TSRYS5810883,D,S,T,2024-07-29,1000000.00,4.501279,101.603515625
08:02:22,912810UB2,TSRYS5810883,D,S,T,2024-07-29,1000000.00,4.501279,101.603515625
08:02:22,912810UB2,TSRYS5810883,D,S,T,2024-07-29,1000000.00,4.501279,101.603515625
08:02:22,912810UB2,TSRYS5810883,D,S,T,2024-07-29,1000000.00,4.501279,101.603515625
08:02:22,912810UB2,TSRYS5810883,D,S,T,2024-07-29,1000000.00,4.501279,101.603515625
08:02:22,912810UB2,TSRYS5810883,D,S,T,2024-07-29,1000000.00,4.501279,101.603515625
08:02:22,912810UB2,TSRYS5810883,D,S,T,2024-07-29,1000000.00,4.501279,101.603515625
08:02:22,912810UB2,TSRYS5810883,D,S,T,2024-07-29,1000000.00,4.501279,101.603515625
08:02:22,912810UB2,TSRYS5810883,D,S,T,2024-07-29,1000000.00,4.501279,101.603515625
08:02:22,912810UB2,TSRYS5810883,D,S,T,2024-07-29,1000000.00,4.501427,101.6015625
08:02:22,912810UB2,TSRYS5810883,D,S,T,2024-07-29,1000000.00,4.501427,101.6015625
08:02:22,912810UB2,TSRYS5810883,D,S,T,2024-07-29,1000000.00,4.501427,101.6015625
08:02:22,912810UB2,TSRYS5810883,D,S,T,2024-07-29,1000000.00,4.501427,101.6015625
08:02:22,912810UB2,TSRYS5810883,D,S,T,2024-07-29,1000000.00,4.501427,101.6015625
08:02:22,912810UB2,TSRYS5810883,D,S,T,2024-07-29,1000000.00,4.501427,101.6015625
08:02:22,912810UB2,TSRYS5810883,D,S,T,2024-07-29,1000000.00,4.501427,101.6015625
08:02:22,912810UB2,TSRYS5810883,D,S,T,2024-07-29,1000000.00,4.501427,101.6015625
08:02:22,912810UB2,TSRYS5810883,D,S,T,2024-07-29,1000000.00,4.501427,101.6015625
08:02:22,912810UB2,TSRYS5810883,D,S,T,2024-07-29,1000000.00,4.501279,101.603515625
08:02:22,912810UB2,TSRYS5810883,D,S,T,2024-07-29,1000000.00,4.501427,101.6015625
08:02:22,912810UB2,TSRYS5810883,D,S,T,2024-07-29,1000000.00,4.501427,101.6015625
08:02:22,912810UB2,TSRYS5810883,D,S,T,2024-07-29,1000000.00,4.501427,101.6015625
08:02:22,912810UB2,TSRYS5810883,D,S,T,2024-07-29,1000000.00,4.501279,101.603515625
08:02:22,912810UB2,TSRYS5810883,D,S,T,2024-07-29,1000000.00,4.501279,101.603515625
08:02:22,912810UB2,TSRYS5810883,D,S,T,2024-07-29,1000000.00,4.501279,101.603515625
08:02:22,912810UB2,TSRYS5810883,D,S,T,2024-07-29,1000000.00,4.502616,101.5859375
08:02:22,912810UB2,TSRYS5810883,D,S,T,2024-07-29,1000000.00,4.502021,101.59375
08:02:24,912810UB2,TSRYS5810883,D,S,A,2024-07-29,1000000.00,4.531806,101.203125
08:02:26,912810UB2,TSRYS5810883,D,S,D,2024-07-29,1000000.00,4.531956,101.201171875
08:02:28,912810UB2,TSRYS5810883,D,S,T,2024-07-29,1000000.00,4.524644,101.296875
08:02:28,912810UB2,TSRYS5810883,D,S,T,2024-07-29,1000000.00,4.533001,101.1875
08:02:29,912810UB2,TSRYS5810883,D,S,D,2024-07-29,1000000.00,4.529717,101.23046875
08:02:29,912810UB2,TSRYS5810883,D,S,D,2024-07-29,1000000.00,4.529866,101.228515625
08:02:29,912810UB2,TSRYS5810883,D,S,D,2024-07-29,1000000.00,4.529717,101.23046875
08:02:29,912810UB2,TSRYS5810883,D,S,D,2024-07-29,1000000.00,4.529567,101.232421875
08:02:33,912810UB2,TSRYS5810883,D,S,A,2024-07-29,3456000.00,4.498457,101.640625
08:02:40,912810UB2,TSRYS5810883,D,S,D,2024-07-29,3000000.00,4.534345,101.169921875
08:02:40,912810UB2,TSRYS5810883,D,S,D,2024-07-29,1000000.00,4.498754,101.63671875
08:02:40,912810UB2,TSRYS5810883,D,S,D,2024-07-29,1000000.00,4.498754,101.63671875
08:02:41,912810UB2,TSRYS5810883,D,S,D,2024-07-29,1000000.00,4.534196,101.171875
08:02:41,912810UB2,TSRYS5810883,D,S,C,2024-07-29,1000000.00,4.498457,101.640625
08:02:44,912810UB2,TSRYS5810883,D,B,A,2024-07-29,500000.00,4.505885,101.54296875
08:02:49,912810UB2,TSRYS5810883,D,S,D,2024-07-29,1000000.00,4.498754,101.63671875
08:02:49,912810UB2,TSRYS5810883,D,S,D,2024-07-29,1000000.00,4.498754,101.63671875
08:02:49,912810UB2,TSRYS5810883,D,S,D,2024-07-29,1000000.00,4.498754,101.63671875
08:02:49,912810UB2,TSRYS5810883,D,S,C,2024-07-29,1000000.00,4.534196,101.171875
08:02:50,912810UB2,TSRYS5810883,D,S,A,2024-07-29,160000.00,4.530314,101.22265625
08:02:53,912810UB2,TSRYS5810883,D,S,C,2024-07-29,1000000.00,4.525837,101.28125
08:02:55,912810UB2,TSRYS5810883,D,S,A,2024-07-29,1000000.00,4.530612,101.21875
08:02:56,912810UB2,TSRYS5810883,D,S,A,2024-07-29,1000000.00,4.531806,101.203125
08:02:59,912810UB2,TSRYS5810883,D,S,A,2024-07-29,1000000.00,4.531806,101.203125
08:03:08,912810UB2,TSRYS5810883,D,S,D,2024-07-29,1000000.00,4.496676,101.6640625
08:03:08,912810UB2,TSRYS5810883,D,S,C,2024-07-29,1000000.00,4.496676,101.6640625
08:03:20,912810UB2,TSRYS5810883,D,B,C,2024-07-29,1000000.00,4.516299,101.40625
08:03:20,912810UB2,TSRYS5810883,D,S,C,2024-07-29,1000000.00,4.516299,101.40625
08:03:20,912810UB2,TSRYS5810883,D,S,D,2024-07-29,1000000.00,4.513471,101.443359375
08:03:20,912810UB2,TSRYS5810883,D,S,D,2024-07-29,1000000.00,4.513471,101.443359375
08:03:22,912810UB2,TSRYS5810883,D,S,T,2024-07-29,6600000.00,4.528224,101.25
08:03:31,912810UB2,TSRYS5810883,D,S,D,2024-07-29,1000000.00,4.516299,101.40625
08:03:31,912810UB2,TSRYS5810883,D,S,D,2024-07-29,1000000.00,4.516299,101.40625
08:03:31,912810UB2,TSRYS5810883,D,S,D,2024-07-29,1000000.00,4.516299,101.40625
08:03:31,912810UB2,TSRYS5810883,D,S,C,2024-07-29,1000000.00,4.516597,101.40234375
08:03:31,912810UB2,TSRYS5810883,D,S,C,2024-07-29,1000000.00,4.516746,101.400390625
08:03:32,912810UB2,TSRYS5810883,D,B,C,2024-07-29,1000000.00,4.515108,101.421875
08:03:32,912810UB2,TSRYS5810883,D,S,D,2024-07-29,1000000.00,4.515108,101.421875
08:03:36,912810UB2,TSRYS5810883,D,S,D,2024-07-29,1000000.00,4.513322,101.4453125
08:03:36,912810UB2,TSRYS5810883,D,S,C,2024-07-29,1000000.00,4.513322,101.4453125
08:03:37,912810UB2,TSRYS5810883,D,S,D,2024-07-29,1000000.00,4.511834,101.46484375
08:03:37,912810UB2,TSRYS5810883,D,S,D,2024-07-29,1000000.00,4.512429,101.45703125
08:03:37,912810UB2,TSRYS5810883,D,S,D,2024-07-29,1000000.00,4.512429,101.45703125
08:03:37,912810UB2,TSRYS5810883,D,S,C,2024-07-29,1000000.00,4.512131,101.4609375
08:03:37,912810UB2,TSRYS5810883,D,S,D,2024-07-29,1000000.00,4.512429,101.45703125
08:03:37,912810UB2,TSRYS5810883,D,S,D,2024-07-29,1000000.00,4.512429,101.45703125
08:03:39,912810UB2,TSRYS5810883,D,S,C,2024-07-29,1000000.00,4.510346,101.484375
08:03:41,912810UB2,TSRYS5810883,D,B,C,2024-07-29,1000000.00,4.514502,101.4296875
08:03:45,912810UB2,TSRYS5810883,D,S,C,2024-07-29,1000000.00,4.513917,101.4375
08:03:45,912810UB2,TSRYS5810883,D,B,C,2024-07-29,1000000.00,4.513917,101.4375
08:03:51,912810UB2,TSRYS5810883,D,S,D,2024-07-29,1000000.00,4.512727,101.453125
08:03:51,912810UB2,TSRYS5810883,D,S,D,2024-07-29,1000000.00,4.512727,101.453125
08:03:51,912810UB2,TSRYS5810883,D,S,A,2024-07-29,31000.00,4.512727,101.453125
08:03:51,912810UB2,TSRYS5810883,D,B,A,2024-07-29,31000.00,4.512727,101.453125
08:03:51,912810UB2,TSRYS5810883,D,S,D,2024-07-29,1000000.00,4.512727,101.453125
08:03:51,912810UB2,TSRYS5810883,D,S,C,2024-07-29,31000.00,4.512727,101.453125
08:04:18,912810UB2,TSRYS5810883,D,B,C,2024-07-29,1000000.00,4.506925,101.529296875
08:04:18,912810UB2,TSRYS5810883,D,S,D,2024-07-29,1000000.00,4.506925,101.529296875
08:04:18,912810UB2,TSRYS5810883,D,S,A,2024-07-29,1000000.00,4.510941,101.4765625
08:04:21,912810UB2,TSRYS5810883,D,S,D,2024-07-29,100000.00,4.521334,101.34024375
08:04:22,912810UB2,TSRYS5810883,D,S,T,2024-07-29,1000000.00,4.531359,101.208984375
08:04:22,912810UB2,TSRYS5810883,D,S,D,2024-07-29,1000000.00,4.530612,101.21875
08:04:22,912810UB2,TSRYS5810883,D,S,T,2024-07-29,1000000.00,4.530612,101.21875
08:04:22,912810UB2,TSRYS5810883,D,S,T,2024-07-29,1000000.00,4.530612,101.21875
08:04:22,912810UB2,TSRYS5810883,D,S,T,2024-07-29,1000000.00,4.530612,101.21875
08:04:22,912810UB2,TSRYS5810883,D,S,T,2024-07-29,1000000.00,4.530624,101.218598
08:04:23,912810UB2,TSRYS5810883,D,S,T,2024-07-29,1000000.00,4.530624,101.218598
08:04:23,912810UB2,TSRYS5810883,D,S,D,2024-07-29,1000000.00,4.530612,101.21875
08:04:23,912810UB2,TSRYS5810883,D,S,T,2024-07-29,1000000.00,4.530612,101.21875
08:04:24,912810UB2,TSRYS5810883,D,S,D,2024-07-29,3000000.00,4.530314,101.22265625
08:04:24,912810UB2,TSRYS5810883,D,S,T,2024-07-29,1000000.00,4.530624,101.218598
08:04:24,912810UB2,TSRYS5810883,D,S,D,2024-07-29,175000.00,4.516299,101.40625
08:04:24,912810UB2,TSRYS5810883,D,S,T,2024-07-29,1000000.00,4.530612,101.21875
08:04:24,912810UB2,TSRYS5810883,D,S,D,2024-07-29,100000.00,4.522825,101.3207125
08:04:24,912810UB2,TSRYS5810883,D,S,T,2024-07-29,1000000.00,4.529418,101.234375
08:04:24,912810UB2,TSRYS5810883,D,S,D,2024-07-29,1000000.00,4.530612,101.21875
08:04:24,912810UB2,TSRYS5810883,D,S,D,2024-07-29,1680000.00,4.498457,101.640625
08:04:24,912810UB2,TSRYS5810883,D,S,T,2024-07-29,1000000.00,4.530612,101.21875
08:04:24,912810UB2,TSRYS5810883,D,S,T,2024-07-29,1000000.00,4.531508,101.20703125
08:04:25,912810UB2,TSRYS5810883,D,S,D,2024-07-29,1680000.00,4.498457,101.640625
08:04:27,912810UB2,TSRYS5810883,D,B,C,2024-07-29,1000000.00,4.50321,101.578125
08:04:27,912810UB2,TSRYS5810883,D,S,D,2024-07-29,1000000.00,4.50321,101.578125
08:04:27,912810UB2,TSRYS5810883,D,S,D,2024-07-29,1000000.00,4.502467,101.587890625
08:04:30,912810UB2,TSRYS5810883,D,B,C,2024-07-29,300000.00,4.510941,101.4765625
08:04:32,912810UB2,TSRYS5810883,D,S,D,2024-07-29,1000000.00,4.50009,101.619140625
08:04:33,912810UB2,TSRYS5810883,D,S,C,2024-07-29,1000000.00,4.500833,101.609375
08:04:33,912810UB2,TSRYS5810883,D,B,C,2024-07-29,1000000.00,4.500833,101.609375
08:04:34,912810UB2,TSRYS5810883,D,S,D,2024-07-29,1000000.00,4.499645,101.625
08:04:34,912810UB2,TSRYS5810883,D,S,D,2024-07-29,1000000.00,4.499942,101.62109375
08:04:34,912810UB2,TSRYS5810883,D,B,C,2024-07-29,1000000.00,4.500536,101.61328125
08:04:34,912810UB2,TSRYS5810883,D,S,D,2024-07-29,1000000.00,4.500536,101.61328125
08:04:34,912810UB2,TSRYS5810883,D,B,C,2024-07-29,1000000.00,4.500387,101.615234375
08:04:34,912810UB2,TSRYS5810883,D,S,D,2024-07-29,1000000.00,4.500387,101.615234375
08:04:34,912810UB2,TSRYS5810883,D,S,D,2024-07-29,1000000.00,4.50009,101.619140625
08:04:34,912810UB2,TSRYS5810883,D,S,D,2024-07-29,1000000.00,4.50009,101.619140625
08:04:34,912810UB2,TSRYS5810883,D,S,D,2024-07-29,2000000.00,4.50009,101.619140625
08:04:35,912810UB2,TSRYS5810883,D,S,D,2024-07-29,1000000.00,4.50009,101.619140625
08:04:35,912810UB2,TSRYS5810883,D,B,C,2024-07-29,1000000.00,4.499793,101.623046875
08:04:35,912810UB2,TSRYS5810883,D,S,D,2024-07-29,1000000.00,4.499793,101.623046875
08:04:35,912810UB2,TSRYS5810883,D,S,D,2024-07-29,1000000.00,4.499793,101.623046875
08:04:35,912810UB2,TSRYS5810883,D,S,D,2024-07-29,1000000.00,4.499793,101.623046875
08:04:35,912810UB2,TSRYS5810883,D,S,D,2024-07-29,1000000.00,4.499793,101.623046875
08:04:35,912810UB2,TSRYS5810883,D,S,D,2024-07-29,1000000.00,4.499793,101.623046875
08:04:35,912810UB2,TSRYS5810883,D,S,D,2024-07-29,1000000.00,4.499793,101.623046875
08:04:35,912810UB2,TSRYS5810883,D,S,D,2024-07-29,1000000.00,4.499793,101.623046875
08:04:35,912810UB2,TSRYS5810883,D,S,D,2024-07-29,1000000.00,4.499793,101.623046875
08:04:35,912810UB2,TSRYS5810883,D,S,D,2024-07-29,1000000.00,4.499645,101.625
08:04:39,912810UB2,TSRYS5810883,D,B,C,2024-07-29,1000000.00,4.500387,101.615234375
08:04:39,912810UB2,TSRYS5810883,D,S,D,2024-07-29,1000000.00,4.500387,101.615234375
08:04:40,912810UB2,TSRYS5810883,D,S,D,2024-07-29,1000000.00,4.499348,101.62890625
08:04:47,912810UB2,TSRYS5810883,D,B,C,2024-07-29,1000000.00,4.500833,101.609375
08:04:48,912810UB2,TSRYS5810883,D,S,D,2024-07-29,1000000.00,4.500833,101.609375
08:04:54,912810UB2,TSRYS5810883,D,S,D,2024-07-29,2000000.00,4.502764,101.583984375
08:04:54,912810UB2,TSRYS5810883,D,S,D,2024-07-29,1000000.00,4.502764,101.583984375
08:04:54,912810UB2,TSRYS5810883,D,S,D,2024-07-29,2000000.00,4.502764,101.583984375
08:04:54,912810UB2,TSRYS5810883,D,S,D,2024-07-29,2000000.00,4.502764,101.583984375
08:04:54,912810UB2,TSRYS5810883,D,S,D,2024-07-29,1000000.00,4.502764,101.583984375
08:04:54,912810UB2,TSRYS5810883,D,S,D,2024-07-29,3000000.00,4.502764,101.583984375
08:04:55,912810UB2,TSRYS5810883,D,S,D,2024-07-29,6000.00,4.501397,101.6019625
08:04:55,912810UB2,TSRYS5810883,D,S,C,2024-07-29,1000000.00,4.502318,101.58984375
08:04:55,912810UB2,TSRYS5810883,D,S,T,2024-07-29,27100000.00,4.528224,101.25
08:04:55,912810UB2,TSRYS5810883,D,S,T,2024-07-29,9000000.00,4.528224,101.25
08:05:05,912810UB2,TSRYS5810883,D,B,C,2024-07-29,1000000.00,4.503061,101.580078125
08:05:05,912810UB2,TSRYS5810883,D,S,D,2024-07-29,1000000.00,4.503061,101.580078125
08:05:05,912810UB2,TSRYS5810883,D,S,D,2024-07-29,1000000.00,4.502913,101.58203125
08:05:06,912810UB2,TSRYS5810883,D,S,D,2024-07-29,1000000.00,4.500833,101.609375
08:05:06,912810UB2,TSRYS5810883,D,S,D,2024-07-29,1000000.00,4.500684,101.611328125
08:05:11,912810UB2,TSRYS5810883,D,S,C,2024-07-29,1000000.00,4.50113,101.60546875
08:05:11,912810UB2,TSRYS5810883,D,S,C,2024-07-29,1000000.00,4.50113,101.60546875
08:05:11,912810UB2,TSRYS5810883,D,S,C,2024-07-29,1000000.00,4.50113,101.60546875
08:05:15,912810UB2,TSRYS5810883,D,B,C,2024-07-29,1000000.00,4.500833,101.609375
08:05:15,912810UB2,TSRYS5810883,D,S,D,2024-07-29,1000000.00,4.500833,101.609375
08:05:15,912810UB2,TSRYS5810883,D,B,C,2024-07-29,1000000.00,4.500833,101.609375
08:05:15,912810UB2,TSRYS5810883,D,S,D,2024-07-29,1000000.00,4.500833,101.609375
08:05:27,912810UB2,TSRYS5810883,D,S,D,2024-07-29,175000.00,4.497566,101.65234375
08:05:31,912810UB2,TSRYS5810883,D,B,C,2024-07-29,175000.00,4.497566,101.65234375
08:06:06,912810UB2,TSRYS5810883,D,B,A,2024-07-29,4660000.00,4.504399,101.5625
08:06:08,912810UB2,TSRYS5810883,D,S,T,2024-07-29,1000000.00,4.511536,101.46875
08:06:10,912810UB2,TSRYS5810883,D,S,T,2024-07-29,1000000.00,4.528224,101.25
08:06:14,912810UB2,TSRYS5810883,D,B,C,2024-07-29,3000000.00,4.502075,101.59305
08:06:14,912810UB2,TSRYS5810883,D,S,T,2024-07-29,1000000.00,4.502021,101.59375
08:06:14,912810UB2,TSRYS5810883,D,S,T,2024-07-29,1000000.00,4.500833,101.609375
08:06:23,912810UB2,TSRYS5810883,D,B,C,2024-07-29,9000000.00,4.497566,101.65234375
08:06:34,912810UB2,TSRYS5810883,D,S,T,2024-07-29,1000000.00,4.497418,101.654296875
08:06:34,912810UB2,TSRYS5810883,D,S,D,2024-07-29,1000000.00,4.497418,101.654296875
08:06:41,912810UB2,TSRYS5810883,D,S,A,2024-07-29,132000.00,4.497329,101.65546875
08:06:43,912810UB2,TSRYS5810883,D,B,C,2024-07-29,1000000.00,4.497566,101.65234375
08:06:43,912810UB2,TSRYS5810883,D,S,D,2024-07-29,1000000.00,4.497566,101.65234375
08:06:43,912810UB2,TSRYS5810883,D,S,D,2024-07-29,1000000.00,4.497566,101.65234375
08:07:10,912810UB2,TSRYS5810883,D,S,T,2024-07-29,1000000.00,4.499645,101.625
08:07:15,912810UB2,TSRYS5810883,D,S,C,2024-07-29,1000000.00,4.499645,101.625
08:07:15,912810UB2,TSRYS5810883,D,B,C,2024-07-29,1000000.00,4.4992,101.630859375
08:07:15,912810UB2,TSRYS5810883,D,S,D,2024-07-29,1000000.00,4.4992,101.630859375
08:07:15,912810UB2,TSRYS5810883,D,B,C,2024-07-29,1000000.00,4.4992,101.630859375
08:07:15,912810UB2,TSRYS5810883,D,S,D,2024-07-29,1000000.00,4.4992,101.630859375
08:07:15,912810UB2,TSRYS5810883,D,B,C,2024-07-29,1000000.00,4.4992,101.630859375
08:07:15,912810UB2,TSRYS5810883,D,S,D,2024-07-29,1000000.00,4.4992,101.630859375
08:07:23,912810UB2,TSRYS5810883,D,S,C,2024-07-29,1000000.00,4.54137,101.078125
08:07:23,912810UB2,TSRYS5810883,D,B,C,2024-07-29,1000000.00,4.54137,101.078125
08:07:24,912810UB2,TSRYS5810883,D,S,C,2024-07-29,1000000.00,4.536575,101.140775
08:07:24,912810UB2,TSRYS5810883,D,S,C,2024-07-29,1000000.00,4.536575,101.140775
08:07:24,912810UB2,TSRYS5810883,D,B,C,2024-07-29,1000000.00,4.536598,101.140475
08:07:24,912810UB2,TSRYS5810883,D,S,C,2024-07-29,1000000.00,4.536575,101.140775
08:07:24,912810UB2,TSRYS5810883,D,B,C,2024-07-29,1000000.00,4.536601,101.140425
08:07:24,912810UB2,TSRYS5810883,D,B,C,2024-07-29,1000000.00,4.536586,101.140625
08:07:24,912810UB2,TSRYS5810883,D,S,C,2024-07-29,1000000.00,4.536575,101.140775
08:07:24,912810UB2,TSRYS5810883,D,B,C,2024-07-29,1000000.00,4.536601,101.140425
08:07:24,912810UB2,TSRYS5810883,D,S,C,2024-07-29,1000000.00,4.536575,101.140775
08:07:25,912810UB2,TSRYS5810883,D,S,C,2024-07-29,1000000.00,4.536586,101.140625
08:07:25,912810UB2,TSRYS5810883,D,B,C,2024-07-29,1000000.00,4.536603,101.140398
08:07:25,912810UB2,TSRYS5810883,D,S,C,2024-07-29,1000000.00,4.534196,101.171875
08:07:25,912810UB2,TSRYS5810883,D,B,C,2024-07-29,1000000.00,4.534213,101.171648
08:07:27,912810UB2,TSRYS5810883,D,B,C,2024-07-29,1000000.00,4.529435,101.234148
08:07:27,912810UB2,TSRYS5810883,D,S,D,2024-07-29,1000000.00,4.529418,101.234375
08:07:32,912810UB2,TSRYS5810883,D,B,C,2024-07-29,1000000.00,4.524662,101.296648
08:07:32,912810UB2,TSRYS5810883,D,S,D,2024-07-29,1000000.00,4.524644,101.296875
08:07:32,912810UB2,TSRYS5810883,D,S,C,2024-07-29,1000000.00,4.528211,101.250175
08:07:33,912810UB2,TSRYS5810883,D,S,D,2024-07-29,1000000.00,4.528224,101.25
08:07:33,912810UB2,TSRYS5810883,D,S,C,2024-07-29,1000000.00,4.528211,101.250175
08:07:33,912810UB2,TSRYS5810883,D,S,C,2024-07-29,1000000.00,4.528211,101.250175
08:07:33,912810UB2,TSRYS5810883,D,S,C,2024-07-29,1000000.00,4.525837,101.28125
08:07:35,912810UB2,TSRYS5810883,D,S,D,2024-07-29,2000000.00,4.525837,101.28125
08:07:35,912810UB2,TSRYS5810883,D,S,C,2024-07-29,1000000.00,4.525824,101.281425
08:07:35,912810UB2,TSRYS5810883,D,S,C,2024-07-29,1000000.00,4.525824,101.281425
08:07:35,912810UB2,TSRYS5810883,D,S,C,2024-07-29,1000000.00,4.524631,101.29705
08:07:35,912810UB2,TSRYS5810883,D,S,C,2024-07-29,1000000.00,4.524631,101.29705
08:07:35,912810UB2,TSRYS5810883,D,S,C,2024-07-29,2000000.00,4.524644,101.296875
08:07:35,912810UB2,TSRYS5810883,D,S,C,2024-07-29,1000000.00,4.524629,101.297075
08:07:35,912810UB2,TSRYS5810883,D,S,C,2024-07-29,1000000.00,4.524629,101.297075
08:07:35,912810UB2,TSRYS5810883,D,S,C,2024-07-29,1000000.00,4.524629,101.297075
08:07:35,912810UB2,TSRYS5810883,D,S,C,2024-07-29,1000000.00,4.524629,101.297075
08:07:35,912810UB2,TSRYS5810883,D,S,C,2024-07-29,1000000.00,4.524631,101.29705
08:07:35,912810UB2,TSRYS5810883,D,S,D,2024-07-29,1000000.00,4.524644,101.296875
08:07:35,912810UB2,TSRYS5810883,D,S,C,2024-07-29,1000000.00,4.524629,101.297075
08:07:35,912810UB2,TSRYS5810883,D,S,C,2024-07-29,1000000.00,4.524631,101.29705
08:07:35,912810UB2,TSRYS5810883,D,S,C,2024-07-29,1000000.00,4.524631,101.29705
08:07:35,912810UB2,TSRYS5810883,D,S,D,2024-07-29,1000000.00,4.524644,101.296875
08:07:35,912810UB2,TSRYS5810883,D,S,C,2024-07-29,2000000.00,4.524644,101.296875
08:07:35,912810UB2,TSRYS5810883,D,S,D,2024-07-29,1000000.00,4.524644,101.296875
08:07:35,912810UB2,TSRYS5810883,D,S,C,2024-07-29,1000000.00,4.524629,101.297075
08:07:35,912810UB2,TSRYS5810883,D,S,C,2024-07-29,1000000.00,4.524644,101.296875
08:07:35,912810UB2,TSRYS5810883,D,S,C,2024-07-29,1000000.00,4.524629,101.297075
08:07:35,912810UB2,TSRYS5810883,D,S,C,2024-07-29,1000000.00,4.524629,101.297075
08:07:36,912810UB2,TSRYS5810883,D,S,D,2024-07-29,1000000.00,4.531799,101.203225
08:07:36,912810UB2,TSRYS5810883,D,S,C,2024-07-29,1000000.00,4.522259,101.328125
08:07:36,912810UB2,TSRYS5810883,D,B,C,2024-07-29,1000000.00,4.531806,101.203125
08:07:36,912810UB2,TSRYS5810883,D,S,D,2024-07-29,1000000.00,4.531799,101.203225
08:07:39,912810UB2,TSRYS5810883,D,B,C,2024-07-29,1000000.00,4.528224,101.25
08:07:39,912810UB2,TSRYS5810883,D,S,C,2024-07-29,1000000.00,4.528224,101.25
08:07:40,912810UB2,TSRYS5810883,D,S,D,2024-07-29,1000000.00,4.521066,101.34375
08:07:40,912810UB2,TSRYS5810883,D,S,C,2024-07-29,1000000.00,4.522247,101.328277
08:07:41,912810UB2,TSRYS5810883,D,S,C,2024-07-29,2000000.00,4.523451,101.3125
08:07:41,912810UB2,TSRYS5810883,D,S,C,2024-07-29,1000000.00,4.524631,101.29705
08:07:41,912810UB2,TSRYS5810883,D,S,D,2024-07-29,1000000.00,4.524644,101.296875
08:07:41,912810UB2,TSRYS5810883,D,S,C,2024-07-29,1000000.00,4.524629,101.297075
08:07:41,912810UB2,TSRYS5810883,D,S,C,2024-07-29,1000000.00,4.524629,101.297075
08:07:41,912810UB2,TSRYS5810883,D,S,C,2024-07-29,1000000.00,4.524629,101.297075
08:07:41,912810UB2,TSRYS5810883,D,S,C,2024-07-29,1000000.00,4.524631,101.29705
08:07:41,912810UB2,TSRYS5810883,D,S,C,2024-07-29,1000000.00,4.524644,101.296875
08:07:41,912810UB2,TSRYS5810883,D,S,C,2024-07-29,1000000.00,4.524631,101.29705
08:07:41,912810UB2,TSRYS5810883,D,S,C,2024-07-29,1000000.00,4.524631,101.29705
08:07:41,912810UB2,TSRYS5810883,D,S,C,2024-07-29,1000000.00,4.524631,101.29705
08:07:41,912810UB2,TSRYS5810883,D,S,C,2024-07-29,1000000.00,4.524631,101.29705
08:07:41,912810UB2,TSRYS5810883,D,S,D,2024-07-29,1000000.00,4.524644,101.296875
08:07:41,912810UB2,TSRYS5810883,D,S,D,2024-07-29,1000000.00,4.524629,101.297075
08:07:41,912810UB2,TSRYS5810883,D,S,C,2024-07-29,1000000.00,4.524631,101.29705
08:07:41,912810UB2,TSRYS5810883,D,S,D,2024-07-29,1000000.00,4.524644,101.296875
08:07:41,912810UB2,TSRYS5810883,D,S,D,2024-07-29,1000000.00,4.523451,101.3125
08:07:43,912810UB2,TSRYS5810883,D,S,C,2024-07-29,1000000.00,4.524786,101.295021875
08:07:43,912810UB2,TSRYS5810883,D,S,C,2024-07-29,1000000.00,4.529418,101.234375
08:07:44,912810UB2,TSRYS5810883,D,S,C,2024-07-29,1000000.00,4.529418,101.234375
08:07:44,912810UB2,TSRYS5810883,D,B,C,2024-07-29,1000000.00,4.530612,101.21875
08:07:44,912810UB2,TSRYS5810883,D,S,C,2024-07-29,1000000.00,4.530612,101.21875
08:07:44,912810UB2,TSRYS5810883,D,S,D,2024-07-29,1000000.00,4.530612,101.21875
08:07:44,912810UB2,TSRYS5810883,D,B,C,2024-07-29,1000000.00,4.530612,101.21875
08:07:44,912810UB2,TSRYS5810883,D,S,C,2024-07-29,1000000.00,4.533001,101.1875
08:07:44,912810UB2,TSRYS5810883,D,B,C,2024-07-29,1000000.00,4.533016,101.1873
08:07:46,912810UB2,TSRYS5810883,D,B,C,2024-07-29,1000000.00,4.535402,101.1561
08:07:46,912810UB2,TSRYS5810883,D,B,C,2024-07-29,1000000.00,4.535402,101.1561
08:07:46,912810UB2,TSRYS5810883,D,S,C,2024-07-29,1000000.00,4.535377,101.156425
08:07:46,912810UB2,TSRYS5810883,D,S,C,2024-07-29,1000000.00,4.535377,101.156425
08:07:47,912810UB2,TSRYS5810883,D,S,D,2024-07-29,1000000.00,4.534186,101.172005
08:07:47,912810UB2,TSRYS5810883,D,S,D,2024-07-29,1000000.00,4.534186,101.172005
08:07:47,912810UB2,TSRYS5810883,D,S,D,2024-07-29,1000000.00,4.534186,101.172005
08:07:47,912810UB2,TSRYS5810883,D,B,C,2024-07-29,1000000.00,4.534196,101.171875
08:07:47,912810UB2,TSRYS5810883,D,S,D,2024-07-29,1000000.00,4.534196,101.171875
08:07:48,912810UB2,TSRYS5810883,D,S,D,2024-07-29,1000000.00,4.532993,101.187602
08:07:48,912810UB2,TSRYS5810883,D,B,C,2024-07-29,1000000.00,4.533016,101.1873
08:07:48,912810UB2,TSRYS5810883,D,S,D,2024-07-29,1000000.00,4.532993,101.187602
08:07:48,912810UB2,TSRYS5810883,D,S,D,2024-07-29,2000000.00,4.532993,101.187602
08:07:48,912810UB2,TSRYS5810883,D,B,C,2024-07-29,2000000.00,4.533001,101.1875
08:07:49,912810UB2,TSRYS5810883,D,S,D,2024-07-29,1000000.00,4.531799,101.203227
08:07:49,912810UB2,TSRYS5810883,D,S,C,2024-07-29,1000000.00,4.523891,101.306740625
08:07:49,912810UB2,TSRYS5810883,D,B,C,2024-07-29,1000000.00,4.523899,101.306640625
08:07:50,912810UB2,TSRYS5810883,D,S,D,2024-07-29,1000000.00,4.530612,101.21875
08:07:50,912810UB2,TSRYS5810883,D,S,D,2024-07-29,1000000.00,4.531806,101.203125
08:07:50,912810UB2,TSRYS5810883,D,B,C,2024-07-29,1000000.00,4.531806,101.203125
08:07:50,912810UB2,TSRYS5810883,D,B,C,2024-07-29,1000000.00,4.531806,101.203125
08:07:50,912810UB2,TSRYS5810883,D,S,D,2024-07-29,1000000.00,4.531806,101.203125
08:07:50,912810UB2,TSRYS5810883,D,B,C,2024-07-29,1000000.00,4.531806,101.203125
08:07:50,912810UB2,TSRYS5810883,D,S,C,2024-07-29,1000000.00,4.531806,101.203125
08:07:50,912810UB2,TSRYS5810883,D,S,C,2024-07-29,1000000.00,4.52762,101.2579125
08:07:50,912810UB2,TSRYS5810883,D,S,D,2024-07-29,1000000.00,4.531806,101.203125
08:07:51,912810UB2,TSRYS5810883,D,B,C,2024-07-29,1000000.00,4.531806,101.203125
08:07:51,912810UB2,TSRYS5810883,D,S,D,2024-07-29,1000000.00,4.531799,101.203227
08:07:52,912810UB2,TSRYS5810883,D,S,C,2024-07-29,1000000.00,4.530612,101.21875
08:07:52,912810UB2,TSRYS5810883,D,S,C,2024-07-29,1000000.00,4.530612,101.21875
08:07:52,912810UB2,TSRYS5810883,D,S,C,2024-07-29,1000000.00,4.529261,101.236428125
08:07:52,912810UB2,TSRYS5810883,D,S,C,2024-07-29,1000000.00,4.530612,101.21875
08:07:52,912810UB2,TSRYS5810883,D,S,C,2024-07-29,1000000.00,4.529858,101.228615625
08:07:53,912810UB2,TSRYS5810883,D,S,C,2024-07-29,1000000.00,4.529709,101.23056875
08:07:53,912810UB2,TSRYS5810883,D,S,C,2024-07-29,1000000.00,4.531202,101.2110375
08:07:53,912810UB2,TSRYS5810883,D,S,C,2024-07-29,1000000.00,4.531799,101.203225
08:07:54,912810UB2,TSRYS5810883,D,S,D,2024-07-29,1000000.00,4.531806,101.203125
08:07:55,912810UB2,TSRYS5810883,D,S,C,2024-07-29,2000000.00,4.531783,101.203425
08:07:55,912810UB2,TSRYS5810883,D,S,C,2024-07-29,1000000.00,4.531783,101.203425
08:07:55,912810UB2,TSRYS5810883,D,B,C,2024-07-29,1000000.00,4.531806,101.203125
08:07:55,912810UB2,TSRYS5810883,D,S,C,2024-07-29,1000000.00,4.531783,101.203425
08:07:55,912810UB2,TSRYS5810883,D,S,C,2024-07-29,1000000.00,4.535084,101.16025625
08:07:55,912810UB2,TSRYS5810883,D,B,C,2024-07-29,1000000.00,4.5351,101.16005625
08:07:55,912810UB2,TSRYS5810883,D,S,D,2024-07-29,1000000.00,4.534494,101.16796875
08:07:55,912810UB2,TSRYS5810883,D,B,C,2024-07-29,1000000.00,4.533001,101.1875
08:07:56,912810UB2,TSRYS5810883,D,B,C,2024-07-29,1000000.00,4.533001,101.1875
08:07:56,912810UB2,TSRYS5810883,D,S,C,2024-07-29,1000000.00,4.533001,101.1875
08:07:56,912810UB2,TSRYS5810883,D,S,C,2024-07-29,1000000.00,4.532989,101.187652
08:07:57,912810UB2,TSRYS5810883,D,B,C,2024-07-29,1000000.00,4.5333,101.18359375
08:07:57,912810UB2,TSRYS5810883,D,S,D,2024-07-29,1000000.00,4.5333,101.18359375
08:07:57,912810UB2,TSRYS5810883,D,S,D,2024-07-29,1000000.00,4.533001,101.1875
08:07:57,912810UB2,TSRYS5810883,D,B,C,2024-07-29,1000000.00,4.533001,101.1875
08:07:57,912810UB2,TSRYS5810883,D,S,D,2024-07-29,1000000.00,4.533001,101.1875
08:07:57,912810UB2,TSRYS5810883,D,B,C,2024-07-29,1000000.00,4.533001,101.1875
08:07:57,912810UB2,TSRYS5810883,D,S,D,2024-07-29,1000000.00,4.533001,101.1875
08:07:58,912810UB2,TSRYS5810883,D,B,C,2024-07-29,1000000.00,4.531806,101.203125
08:07:58,912810UB2,TSRYS5810883,D,S,D,2024-07-29,1000000.00,4.531806,101.203125
08:07:59,912810UB2,TSRYS5810883,D,S,D,2024-07-29,1000000.00,4.532105,101.19921875
08:07:59,912810UB2,TSRYS5810883,D,B,C,2024-07-29,1000000.00,4.532105,101.19921875
08:07:59,912810UB2,TSRYS5810883,D,S,D,2024-07-29,1000000.00,4.532105,101.19921875
08:08:00,912810UB2,TSRYS5810883,D,S,D,2024-07-29,1000000.00,4.531359,101.208984375
08:08:00,912810UB2,TSRYS5810883,D,S,D,2024-07-29,1000000.00,4.531508,101.20703125
08:08:00,912810UB2,TSRYS5810883,D,S,C,2024-07-29,1000000.00,4.530612,101.21875
08:08:00,912810UB2,TSRYS5810883,D,S,D,2024-07-29,1000000.00,4.530612,101.21875
08:08:00,912810UB2,TSRYS5810883,D,S,D,2024-07-29,1000000.00,4.530612,101.21875
08:08:01,912810UB2,TSRYS5810883,D,S,D,2024-07-29,1000000.00,4.529709,101.23056875
08:08:01,912810UB2,TSRYS5810883,D,S,D,2024-07-29,1000000.00,4.529709,101.23056875
08:08:01,912810UB2,TSRYS5810883,D,S,D,2024-07-29,1000000.00,4.52956,101.232521875
08:08:01,912810UB2,TSRYS5810883,D,B,C,2024-07-29,1000000.00,4.529567,101.232421875
08:08:01,912810UB2,TSRYS5810883,D,S,D,2024-07-29,1000000.00,4.52956,101.232521875
08:08:01,912810UB2,TSRYS5810883,D,S,D,2024-07-29,1000000.00,4.530612,101.21875
08:08:01,912810UB2,TSRYS5810883,D,S,D,2024-07-29,1000000.00,4.530612,101.21875
08:08:01,912810UB2,TSRYS5810883,D,S,C,2024-07-29,1000000.00,4.530612,101.21875
08:08:02,912810UB2,TSRYS5810883,D,S,D,2024-07-29,1000000.00,4.529418,101.234375
08:08:02,912810UB2,TSRYS5810883,D,S,C,2024-07-29,1000000.00,4.534196,101.171875
08:08:02,912810UB2,TSRYS5810883,D,S,D,2024-07-29,1000000.00,4.534196,101.171875
08:08:02,912810UB2,TSRYS5810883,D,S,D,2024-07-29,1000000.00,4.534196,101.171875
08:08:02,912810UB2,TSRYS5810883,D,S,D,2024-07-29,1000000.00,4.534196,101.171875
08:08:02,912810UB2,TSRYS5810883,D,S,C,2024-07-29,1000000.00,4.534196,101.171875
08:08:02,912810UB2,TSRYS5810883,D,S,D,2024-07-29,1000000.00,4.534196,101.171875
08:08:02,912810UB2,TSRYS5810883,D,S,D,2024-07-29,1000000.00,4.533001,101.1875
08:08:02,912810UB2,TSRYS5810883,D,S,D,2024-07-29,1000000.00,4.533001,101.1875
08:08:02,912810UB2,TSRYS5810883,D,S,C,2024-07-29,2000000.00,4.533001,101.1875
08:08:02,912810UB2,TSRYS5810883,D,S,D,2024-07-29,1000000.00,4.533001,101.1875
08:08:02,912810UB2,TSRYS5810883,D,S,D,2024-07-29,1000000.00,4.533001,101.1875
08:08:02,912810UB2,TSRYS5810883,D,S,C,2024-07-29,2000000.00,4.533001,101.1875
08:08:02,912810UB2,TSRYS5810883,D,S,D,2024-07-29,1000000.00,4.533001,101.1875
08:08:03,912810UB2,TSRYS5810883,D,S,C,2024-07-29,1000000.00,4.534196,101.171875
08:08:04,912810UB2,TSRYS5810883,D,B,C,2024-07-29,1000000.00,4.529418,101.234375
08:08:04,912810UB2,TSRYS5810883,D,S,C,2024-07-29,1000000.00,4.529395,101.234675
08:08:04,912810UB2,TSRYS5810883,D,B,C,2024-07-29,1000000.00,4.534345,101.169921875
08:08:04,912810UB2,TSRYS5810883,D,S,D,2024-07-29,1000000.00,4.534337,101.170021875
08:08:04,912810UB2,TSRYS5810883,D,S,D,2024-07-29,1000000.00,4.534188,101.171975
08:08:04,912810UB2,TSRYS5810883,D,S,C,2024-07-29,1000000.00,4.524644,101.296875
08:08:04,912810UB2,TSRYS5810883,D,B,C,2024-07-29,1000000.00,4.524644,101.296875
08:08:06,912810UB2,TSRYS5810883,D,S,C,2024-07-29,1000000.00,4.525826,101.281402
08:08:07,912810UB2,TSRYS5810883,D,S,C,2024-07-29,1000000.00,4.522259,101.328125
08:08:07,912810UB2,TSRYS5810883,D,S,C,2024-07-29,1000000.00,4.522259,101.328125
08:08:07,912810UB2,TSRYS5810883,D,S,C,2024-07-29,1000000.00,4.537782,101.125
08:08:09,912810UB2,TSRYS5810883,D,B,C,2024-07-29,1000000.00,4.517506,101.390425
08:08:09,912810UB2,TSRYS5810883,D,B,C,2024-07-29,1000000.00,4.517491,101.390625
08:08:09,912810UB2,TSRYS5810883,D,S,D,2024-07-29,1000000.00,4.517481,101.390755
08:08:09,912810UB2,TSRYS5810883,D,S,D,2024-07-29,1000000.00,4.517481,101.390755
08:08:10,912810UB2,TSRYS5810883,D,S,C,2024-07-29,1000000.00,4.524495,101.298828125
08:08:14,912810UB2,TSRYS5810883,D,S,C,2024-07-29,1000000.00,4.519874,101.359375
08:08:16,912810UB2,TSRYS5810883,D,S,C,2024-07-29,1000000.00,4.498754,101.63671875
08:08:17,912810UB2,TSRYS5810883,D,S,C,2024-07-29,1000000.00,4.513904,101.437675
08:08:17,912810UB2,TSRYS5810883,D,S,D,2024-07-29,1000000.00,4.513909,101.437602
08:08:22,912810UB2,TSRYS5810883,D,S,D,2024-07-29,1000000.00,4.515406,101.41796875
08:08:23,912810UB2,TSRYS5810883,D,B,C,2024-07-29,1000000.00,4.515414,101.41786875
08:08:23,912810UB2,TSRYS5810883,D,S,D,2024-07-29,1000000.00,4.516002,101.41015625
08:08:23,912810UB2,TSRYS5810883,D,B,C,2024-07-29,1000000.00,4.515853,101.412109375
08:08:23,912810UB2,TSRYS5810883,D,S,D,2024-07-29,1000000.00,4.515845,101.412209375
08:08:23,912810UB2,TSRYS5810883,D,S,D,2024-07-29,1000000.00,4.515845,101.412209375
08:08:23,912810UB2,TSRYS5810883,D,B,C,2024-07-29,1000000.00,4.515853,101.412109375
08:08:26,912810UB2,TSRYS5810883,D,B,C,2024-07-29,1000000.00,4.511536,101.46875
08:08:26,912810UB2,TSRYS5810883,D,S,D,2024-07-29,1000000.00,4.511536,101.46875
08:08:26,912810UB2,TSRYS5810883,D,S,D,2024-07-29,1000000.00,4.512429,101.45703125
08:08:26,912810UB2,TSRYS5810883,D,S,D,2024-07-29,1000000.00,4.512131,101.4609375
08:08:28,912810UB2,TSRYS5810883,D,S,C,2024-07-29,1000000.00,4.513917,101.4375
08:08:28,912810UB2,TSRYS5810883,D,S,C,2024-07-29,1000000.00,4.513917,101.4375
08:08:31,912810UB2,TSRYS5810883,D,S,D,2024-07-29,1000000.00,4.512727,101.453125
08:08:41,912810UB2,TSRYS5810883,D,B,A,2024-07-29,150000.00,4.498754,101.63671875
08:08:45,912810UB2,TSRYS5810883,D,B,C,2024-07-29,1000000.00,4.50009,101.619140625
08:08:45,912810UB2,TSRYS5810883,D,S,D,2024-07-29,1000000.00,4.50009,101.619140625
08:08:45,912810UB2,TSRYS5810883,D,S,D,2024-07-29,1000000.00,4.499942,101.62109375
08:08:45,912810UB2,TSRYS5810883,D,B,C,2024-07-29,1000000.00,4.50009,101.619140625
08:08:45,912810UB2,TSRYS5810883,D,S,D,2024-07-29,1000000.00,4.500083,101.619240625
08:08:45,912810UB2,TSRYS5810883,D,S,D,2024-07-29,1000000.00,4.499793,101.623046875
08:08:45,912810UB2,TSRYS5810883,D,B,C,2024-07-29,1000000.00,4.499793,101.623046875
08:08:45,912810UB2,TSRYS5810883,D,S,D,2024-07-29,1000000.00,4.499793,101.623046875
08:08:45,912810UB2,TSRYS5810883,D,S,D,2024-07-29,1000000.00,4.499637,101.6251
08:08:46,912810UB2,TSRYS5810883,D,S,C,2024-07-29,1000000.00,4.498754,101.63671875
08:08:48,912810UB2,TSRYS5810883,D,S,D,2024-07-29,1000000.00,4.500982,101.607421875
08:08:48,912810UB2,TSRYS5810883,D,B,C,2024-07-29,1000000.00,4.500982,101.607421875
08:08:49,912810UB2,TSRYS5810883,D,S,C,2024-07-29,1000000.00,4.501279,101.603515625
08:08:49,912810UB2,TSRYS5810883,D,S,D,2024-07-29,1000000.00,4.501279,101.603515625
08:08:49,912810UB2,TSRYS5810883,D,S,D,2024-07-29,1000000.00,4.501279,101.603515625
08:08:49,912810UB2,TSRYS5810883,D,S,D,2024-07-29,1000000.00,4.501279,101.603515625
08:08:49,912810UB2,TSRYS5810883,D,S,C,2024-07-29,1000000.00,4.501279,101.603515625
08:08:49,912810UB2,TSRYS5810883,D,S,D,2024-07-29,1000000.00,4.501279,101.603515625
08:08:49,912810UB2,TSRYS5810883,D,S,D,2024-07-29,1000000.00,4.501279,101.603515625
08:08:49,912810UB2,TSRYS5810883,D,S,C,2024-07-29,1000000.00,4.501279,101.603515625
08:08:49,912810UB2,TSRYS5810883,D,S,D,2024-07-29,1000000.00,4.501279,101.603515625
08:08:49,912810UB2,TSRYS5810883,D,S,D,2024-07-29,1000000.00,4.501427,101.6015625
08:08:49,912810UB2,TSRYS5810883,D,S,D,2024-07-29,1000000.00,4.501427,101.6015625
08:08:49,912810UB2,TSRYS5810883,D,S,D,2024-07-29,1000000.00,4.501427,101.6015625
08:08:49,912810UB2,TSRYS5810883,D,S,D,2024-07-29,1000000.00,4.501427,101.6015625
08:08:49,912810UB2,TSRYS5810883,D,S,D,2024-07-29,1000000.00,4.501427,101.6015625
08:08:49,912810UB2,TSRYS5810883,D,S,D,2024-07-29,1000000.00,4.501427,101.6015625
08:08:49,912810UB2,TSRYS5810883,D,S,D,2024-07-29,1000000.00,4.501427,101.6015625
08:08:49,912810UB2,TSRYS5810883,D,S,D,2024-07-29,1000000.00,4.501427,101.6015625
08:08:49,912810UB2,TSRYS5810883,D,S,D,2024-07-29,1000000.00,4.501427,101.6015625
08:08:49,912810UB2,TSRYS5810883,D,S,D,2024-07-29,1000000.00,4.501427,101.6015625
08:08:49,912810UB2,TSRYS5810883,D,S,D,2024-07-29,1000000.00,4.501427,101.6015625
08:08:50,912810UB2,TSRYS5810883,D,S,D,2024-07-29,1000000.00,4.501427,101.6015625
08:08:50,912810UB2,TSRYS5810883,D,S,D,2024-07-29,1000000.00,4.501279,101.603515625
08:08:50,912810UB2,TSRYS5810883,D,S,D,2024-07-29,1000000.00,4.501279,101.603515625
08:08:50,912810UB2,TSRYS5810883,D,S,D,2024-07-29,1000000.00,4.501279,101.603515625
08:08:50,912810UB2,TSRYS5810883,D,S,D,2024-07-29,1000000.00,4.501279,101.603515625
08:08:50,912810UB2,TSRYS5810883,D,S,D,2024-07-29,1000000.00,4.502616,101.5859375
08:08:50,912810UB2,TSRYS5810883,D,S,D,2024-07-29,1000000.00,4.502021,101.59375
08:08:51,912810UB2,TSRYS5810883,D,S,C,2024-07-29,1000000.00,4.505439,101.548828125
08:08:51,912810UB2,TSRYS5810883,D,B,C,2024-07-29,1000000.00,4.50545,101.548678125
08:09:03,912810UB2,TSRYS5810883,D,S,D,2024-07-29,1000000.00,4.497566,101.65234375
08:09:10,912810UB2,TSRYS5810883,D,S,C,2024-07-29,1000000.00,4.498754,101.63671875
08:09:21,912810UB2,TSRYS5810883,D,S,T,2024-07-29,1000000.00,4.499645,101.625
08:09:21,912810UB2,TSRYS5810883,D,S,T,2024-07-29,1000000.00,4.499645,101.625
08:09:26,912810UB2,TSRYS5810883,D,B,C,2024-07-29,1000000.00,4.498309,101.64257812
08:09:27,912810UB2,TSRYS5810883,D,S,D,2024-07-29,1000000.00,4.496676,101.6640625
08:09:31,912810UB2,TSRYS5810883,D,B,C,2024-07-29,1000000.00,4.513917,101.4375
08:09:31,912810UB2,TSRYS5810883,D,S,C,2024-07-29,1000000.00,4.513906,101.43765
08:09:31,912810UB2,TSRYS5810883,D,S,C,2024-07-29,1000000.00,4.515108,101.421875
08:09:32,912810UB2,TSRYS5810883,D,S,C,2024-07-29,1000000.00,4.512727,101.453125
08:09:32,912810UB2,TSRYS5810883,D,S,C,2024-07-29,1000000.00,4.512727,101.453125
08:09:32,912810UB2,TSRYS5810883,D,B,C,2024-07-29,1000000.00,4.512727,101.453125
08:09:32,912810UB2,TSRYS5810883,D,B,C,2024-07-29,1000000.00,4.512727,101.453125
08:09:32,912810UB2,TSRYS5810883,D,S,C,2024-07-29,1000000.00,4.512727,101.453125
08:09:32,912810UB2,TSRYS5810883,D,S,C,2024-07-29,1000000.00,4.512727,101.453125
08:09:32,912810UB2,TSRYS5810883,D,S,C,2024-07-29,1000000.00,4.511536,101.46875
08:09:33,912810UB2,TSRYS5810883,D,B,C,2024-07-29,1000000.00,4.507966,101.515625
08:09:33,912810UB2,TSRYS5810883,D,S,C,2024-07-29,1000000.00,4.507953,101.5158
08:09:34,912810UB2,TSRYS5810883,D,S,C,2024-07-29,1000000.00,4.510333,101.48455
08:09:34,912810UB2,TSRYS5810883,D,B,C,2024-07-29,1000000.00,4.510346,101.484375
08:09:34,912810UB2,TSRYS5810883,D,S,C,2024-07-29,1000000.00,4.510333,101.48455
08:09:34,912810UB2,TSRYS5810883,D,S,C,2024-07-29,1000000.00,4.510333,101.48455
08:09:34,912810UB2,TSRYS5810883,D,S,C,2024-07-29,1000000.00,4.510333,101.48455
08:09:36,912810UB2,TSRYS5810883,D,S,D,2024-07-29,1000000.00,4.513917,101.4375
08:09:36,912810UB2,TSRYS5810883,D,B,C,2024-07-29,1000000.00,4.513917,101.4375
08:09:36,912810UB2,TSRYS5810883,D,S,D,2024-07-29,3000000.00,4.513917,101.4375
08:09:36,912810UB2,TSRYS5810883,D,B,C,2024-07-29,3000000.00,4.513932,101.4373
08:09:36,912810UB2,TSRYS5810883,D,S,D,2024-07-29,2000000.00,4.513917,101.4375
08:09:36,912810UB2,TSRYS5810883,D,S,D,2024-07-29,1000000.00,4.513917,101.4375
08:09:36,912810UB2,TSRYS5810883,D,B,C,2024-07-29,2000000.00,4.513917,101.4375
08:09:37,912810UB2,TSRYS5810883,D,B,C,2024-07-29,1000000.00,4.512727,101.453125
08:09:37,912810UB2,TSRYS5810883,D,S,C,2024-07-29,1000000.00,4.512713,101.4533
08:09:37,912810UB2,TSRYS5810883,D,B,C,2024-07-29,1000000.00,4.512727,101.453125
08:09:37,912810UB2,TSRYS5810883,D,S,C,2024-07-29,1000000.00,4.511536,101.46875
08:09:37,912810UB2,TSRYS5810883,D,S,C,2024-07-29,1000000.00,4.512713,101.4533
08:09:39,912810UB2,TSRYS5810883,D,S,C,2024-07-29,1000000.00,4.510346,101.484375
08:09:43,912810UB2,TSRYS5810883,D,S,C,2024-07-29,1000000.00,4.509156,101.5
08:09:44,912810UB2,TSRYS5810883,D,S,D,2024-07-29,1000000.00,4.511536,101.46875
08:09:44,912810UB2,TSRYS5810883,D,B,C,2024-07-29,1000000.00,4.511536,101.46875
08:09:45,912810UB2,TSRYS5810883,D,S,D,2024-07-29,1000000.00,4.499051,101.6328125
08:09:45,912810UB2,TSRYS5810883,D,S,T,2024-07-29,2000000.00,4.498754,101.63671875
08:09:45,912810UB2,TSRYS5810883,D,S,T,2024-07-29,1000000.00,4.498606,101.638671875
08:09:45,912810UB2,TSRYS5810883,D,S,D,2024-07-29,1000000.00,4.498606,101.638671875
08:09:45,912810UB2,TSRYS5810883,D,B,C,2024-07-29,1000000.00,4.499051,101.6328125
08:09:45,912810UB2,TSRYS5810883,D,S,D,2024-07-29,1000000.00,4.499051,101.6328125
08:09:50,912810UB2,TSRYS5810883,D,S,D,2024-07-29,2000000.00,4.498754,101.63671875
08:09:50,912810UB2,TSRYS5810883,D,S,D,2024-07-29,1000000.00,4.498606,101.638671875
08:09:50,912810UB2,TSRYS5810883,D,B,C,2024-07-29,1000000.00,4.498606,101.638671875
08:09:50,912810UB2,TSRYS5810883,D,S,D,2024-07-29,1000000.00,4.498606,101.638671875
08:09:54,912810UB2,TSRYS5810883,D,S,D,2024-07-29,1000000.00,4.4992,101.630859375
08:09:56,912810UB2,TSRYS5810883,D,S,C,2024-07-29,1000000.00,4.505576,101.547027
08:09:56,912810UB2,TSRYS5810883,D,B,C,2024-07-29,1000000.00,4.499645,101.625
08:09:59,912810UB2,TSRYS5810883,D,B,C,2024-07-29,1000000.00,4.4992,101.630859375
08:09:59,912810UB2,TSRYS5810883,D,S,D,2024-07-29,1000000.00,4.4992,101.630859375
08:10:03,912810UB2,TSRYS5810883,D,B,C,2024-07-29,1000000.00,4.503227,101.5779
08:10:03,912810UB2,TSRYS5810883,D,S,D,2024-07-29,1000000.00,4.50321,101.578125
08:10:03,912810UB2,TSRYS5810883,D,B,C,2024-07-29,1000000.00,4.502035,101.593575
08:10:03,912810UB2,TSRYS5810883,D,S,C,2024-07-29,1000000.00,4.502014,101.59385
08:10:03,912810UB2,TSRYS5810883,D,S,C,2024-07-29,1000000.00,4.502014,101.59385
08:10:03,912810UB2,TSRYS5810883,D,B,C,2024-07-29,1000000.00,4.502036,101.59355
08:10:04,912810UB2,TSRYS5810883,D,S,D,2024-07-29,1000000.00,4.498457,101.640625
08:10:05,912810UB2,TSRYS5810883,D,S,D,2024-07-29,1000000.00,4.499645,101.625
08:10:05,912810UB2,TSRYS5810883,D,B,C,2024-07-29,1000000.00,4.499645,101.625
08:10:05,912810UB2,TSRYS5810883,D,S,D,2024-07-29,1000000.00,4.500833,101.609375
08:10:05,912810UB2,TSRYS5810883,D,B,C,2024-07-29,1000000.00,4.500833,101.609375
08:10:05,912810UB2,TSRYS5810883,D,S,D,2024-07-29,1000000.00,4.500833,101.609375
08:10:05,912810UB2,TSRYS5810883,D,B,C,2024-07-29,1000000.00,4.500833,101.609375
08:10:05,912810UB2,TSRYS5810883,D,S,D,2024-07-29,1000000.00,4.500833,101.609375
08:10:05,912810UB2,TSRYS5810883,D,S,D,2024-07-29,1000000.00,4.500833,101.609375
08:10:05,912810UB2,TSRYS5810883,D,S,D,2024-07-29,1000000.00,4.500833,101.609375
08:10:05,912810UB2,TSRYS5810883,D,B,C,2024-07-29,1000000.00,4.500848,101.609175
08:10:05,912810UB2,TSRYS5810883,D,S,D,2024-07-29,1000000.00,4.500833,101.609375
08:10:05,912810UB2,TSRYS5810883,D,B,C,2024-07-29,1000000.00,4.500833,101.609375
08:10:05,912810UB2,TSRYS5810883,D,S,D,2024-07-29,1000000.00,4.500833,101.609375
08:10:05,912810UB2,TSRYS5810883,D,B,C,2024-07-29,1000000.00,4.500833,101.609375
08:10:05,912810UB2,TSRYS5810883,D,B,C,2024-07-29,1000000.00,4.500833,101.609375
08:10:05,912810UB2,TSRYS5810883,D,B,C,2024-07-29,1000000.00,4.49966,101.6248
08:10:05,912810UB2,TSRYS5810883,D,S,D,2024-07-29,1000000.00,4.499645,101.625
08:10:05,912810UB2,TSRYS5810883,D,B,C,2024-07-29,2000000.00,4.499645,101.625
08:10:05,912810UB2,TSRYS5810883,D,S,D,2024-07-29,2000000.00,4.499645,101.625
08:10:05,912810UB2,TSRYS5810883,D,S,D,2024-07-29,1000000.00,4.499645,101.625
08:10:05,912810UB2,TSRYS5810883,D,B,C,2024-07-29,1000000.00,4.49966,101.6248
08:10:05,912810UB2,TSRYS5810883,D,B,C,2024-07-29,1000000.00,4.499645,101.625
08:10:05,912810UB2,TSRYS5810883,D,S,D,2024-07-29,1000000.00,4.499645,101.625
08:10:05,912810UB2,TSRYS5810883,D,S,D,2024-07-29,1000000.00,4.499645,101.625
08:10:05,912810UB2,TSRYS5810883,D,B,C,2024-07-29,1000000.00,4.499645,101.625
08:10:05,912810UB2,TSRYS5810883,D,S,D,2024-07-29,1000000.00,4.499645,101.625
08:10:05,912810UB2,TSRYS5810883,D,S,D,2024-07-29,1000000.00,4.499645,101.625
08:10:05,912810UB2,TSRYS5810883,D,B,C,2024-07-29,1000000.00,4.49966,101.6248
08:10:05,912810UB2,TSRYS5810883,D,B,C,2024-07-29,2000000.00,4.499645,101.625
08:10:05,912810UB2,TSRYS5810883,D,S,D,2024-07-29,2000000.00,4.499645,101.625
08:10:05,912810UB2,TSRYS5810883,D,S,D,2024-07-29,1000000.00,4.499645,101.625
08:10:05,912810UB2,TSRYS5810883,D,B,C,2024-07-29,1000000.00,4.499645,101.625
08:10:07,912810UB2,TSRYS5810883,D,S,D,2024-07-29,1000000.00,4.500833,101.609375
08:10:07,912810UB2,TSRYS5810883,D,B,C,2024-07-29,1000000.00,4.500846,101.6092
08:10:07,912810UB2,TSRYS5810883,D,B,C,2024-07-29,1000000.00,4.500833,101.609375
08:10:07,912810UB2,TSRYS5810883,D,S,D,2024-07-29,1000000.00,4.500833,101.609375
08:10:08,912810UB2,TSRYS5810883,D,S,D,2024-07-29,1000000.00,4.500833,101.609375
08:10:08,912810UB2,TSRYS5810883,D,S,D,2024-07-29,1000000.00,4.500833,101.609375
08:10:09,912810UB2,TSRYS5810883,D,B,C,2024-07-29,1000000.00,4.500833,101.609375
08:10:09,912810UB2,TSRYS5810883,D,S,D,2024-07-29,1000000.00,4.500833,101.609375
08:10:09,912810UB2,TSRYS5810883,D,B,C,2024-07-29,1000000.00,4.500841,101.609275
08:10:09,912810UB2,TSRYS5810883,D,S,D,2024-07-29,1000000.00,4.500833,101.609375
08:10:09,912810UB2,TSRYS5810883,D,B,C,2024-07-29,3000000.00,4.500841,101.609275
08:10:09,912810UB2,TSRYS5810883,D,B,C,2024-07-29,1000000.00,4.500833,101.609375
08:10:09,912810UB2,TSRYS5810883,D,S,D,2024-07-29,3000000.00,4.500833,101.609375
08:10:09,912810UB2,TSRYS5810883,D,S,D,2024-07-29,1000000.00,4.500833,101.609375
08:10:09,912810UB2,TSRYS5810883,D,B,C,2024-07-29,1000000.00,4.500833,101.609375
08:10:09,912810UB2,TSRYS5810883,D,S,D,2024-07-29,1000000.00,4.500833,101.609375
08:10:09,912810UB2,TSRYS5810883,D,B,C,2024-07-29,1000000.00,4.50085,101.60915
08:10:09,912810UB2,TSRYS5810883,D,S,D,2024-07-29,1000000.00,4.500833,101.609375
08:10:09,912810UB2,TSRYS5810883,D,B,C,2024-07-29,2000000.00,4.500833,101.609375
08:10:09,912810UB2,TSRYS5810883,D,S,D,2024-07-29,2000000.00,4.500833,101.609375
08:10:10,912810UB2,TSRYS5810883,D,S,D,2024-07-29,1000000.00,4.500833,101.609375
08:10:10,912810UB2,TSRYS5810883,D,S,D,2024-07-29,1000000.00,4.500833,101.609375
08:10:10,912810UB2,TSRYS5810883,D,B,C,2024-07-29,1000000.00,4.500833,101.609375
08:10:10,912810UB2,TSRYS5810883,D,B,C,2024-07-29,1000000.00,4.500833,101.609375
08:10:11,912810UB2,TSRYS5810883,D,B,C,2024-07-29,1000000.00,4.502021,101.59375
08:10:11,912810UB2,TSRYS5810883,D,S,D,2024-07-29,1000000.00,4.502021,101.59375
08:10:11,912810UB2,TSRYS5810883,D,B,C,2024-07-29,1000000.00,4.502021,101.59375
08:10:11,912810UB2,TSRYS5810883,D,S,D,2024-07-29,1000000.00,4.502021,101.59375
08:10:11,912810UB2,TSRYS5810883,D,S,D,2024-07-29,1000000.00,4.499645,101.625
08:10:12,912810UB2,TSRYS5810883,D,S,D,2024-07-29,1000000.00,4.499645,101.625
08:10:12,912810UB2,TSRYS5810883,D,S,D,2024-07-29,1000000.00,4.499645,101.625
08:10:12,912810UB2,TSRYS5810883,D,S,C,2024-07-29,9000000.00,4.499645,101.625
08:10:12,912810UB2,TSRYS5810883,D,S,D,2024-07-29,1000000.00,4.499645,101.625
08:10:12,912810UB2,TSRYS5810883,D,S,C,2024-07-29,1000000.00,4.499645,101.625
08:10:13,912810UB2,TSRYS5810883,D,S,D,2024-07-29,1000000.00,4.504399,101.5625
08:10:15,912810UB2,TSRYS5810883,D,S,T,2024-07-29,1000000.00,4.500833,101.609375
08:10:15,912810UB2,TSRYS5810883,D,S,T,2024-07-29,1000000.00,4.500833,101.609375
08:10:16,912810UB2,TSRYS5810883,D,S,D,2024-07-29,1000000.00,4.502021,101.59375
08:10:16,912810UB2,TSRYS5810883,D,S,D,2024-07-29,1000000.00,4.502021,101.59375
08:10:16,912810UB2,TSRYS5810883,D,S,D,2024-07-29,1000000.00,4.500833,101.609375
08:10:16,912810UB2,TSRYS5810883,D,S,D,2024-07-29,1000000.00,4.500833,101.609375
08:10:16,912810UB2,TSRYS5810883,D,S,D,2024-07-29,1000000.00,4.500833,101.609375
08:10:16,912810UB2,TSRYS5810883,D,B,C,2024-07-29,1000000.00,4.500848,101.609175
08:10:16,912810UB2,TSRYS5810883,D,S,C,2024-07-29,1000000.00,4.500833,101.609375
08:10:16,912810UB2,TSRYS5810883,D,S,C,2024-07-29,1000000.00,4.500833,101.609375
08:10:16,912810UB2,TSRYS5810883,D,S,C,2024-07-29,1000000.00,4.500833,101.609375
08:10:16,912810UB2,TSRYS5810883,D,S,C,2024-07-29,1000000.00,4.500833,101.609375
08:10:16,912810UB2,TSRYS5810883,D,S,C,2024-07-29,1000000.00,4.500833,101.609375
08:10:16,912810UB2,TSRYS5810883,D,S,C,2024-07-29,1000000.00,4.500833,101.609375
08:10:16,912810UB2,TSRYS5810883,D,S,C,2024-07-29,1000000.00,4.500833,101.609375
08:10:16,912810UB2,TSRYS5810883,D,S,C,2024-07-29,1000000.00,4.500833,101.609375
08:10:17,912810UB2,TSRYS5810883,D,S,C,2024-07-29,1000000.00,4.499645,101.625
08:10:17,912810UB2,TSRYS5810883,D,S,D,2024-07-29,1000000.00,4.500833,101.609375
08:10:21,912810UB2,TSRYS5810883,D,S,C,2024-07-29,1000000.00,4.500833,101.609375
08:10:21,912810UB2,TSRYS5810883,D,S,D,2024-07-29,1000000.00,4.500833,101.609375
08:10:23,912810UB2,TSRYS5810883,D,B,C,2024-07-29,1000000.00,4.4992,101.63085937
08:10:23,912810UB2,TSRYS5810883,D,B,C,2024-07-29,1000000.00,4.498457,101.640625
08:10:23,912810UB2,TSRYS5810883,D,S,D,2024-07-29,1000000.00,4.498457,101.640625
08:10:24,912810UB2,TSRYS5810883,D,S,T,2024-07-29,1000000.00,4.499645,101.625
08:10:24,912810UB2,TSRYS5810883,D,S,T,2024-07-29,1000000.00,4.499645,101.625
08:10:25,912810UB2,TSRYS5810883,D,S,T,2024-07-29,1000000.00,4.499645,101.625
08:10:25,912810UB2,TSRYS5810883,D,S,T,2024-07-29,1000000.00,4.499645,101.625
08:10:26,912810UB2,TSRYS5810883,D,S,T,2024-07-29,1000000.00,4.499645,101.625
08:10:26,912810UB2,TSRYS5810883,D,S,D,2024-07-29,1000000.00,4.498754,101.63671875
08:10:30,912810UB2,TSRYS5810883,D,B,C,2024-07-29,1000000.00,4.500239,101.6171875
08:10:30,912810UB2,TSRYS5810883,D,B,C,2024-07-29,1000000.00,4.49727,101.65625
08:10:30,912810UB2,TSRYS5810883,D,B,C,2024-07-29,1000000.00,4.49727,101.65625
08:10:30,912810UB2,TSRYS5810883,D,S,C,2024-07-29,1000000.00,4.497256,101.656425
08:10:30,912810UB2,TSRYS5810883,D,S,C,2024-07-29,1000000.00,4.497256,101.656425
08:10:30,912810UB2,TSRYS5810883,D,S,D,2024-07-29,1000000.00,4.499645,101.625
08:10:30,912810UB2,TSRYS5810883,D,B,C,2024-07-29,1000000.00,4.499645,101.625
08:10:31,912810UB2,TSRYS5810883,D,B,C,2024-07-29,1000000.00,4.49727,101.65625
08:10:31,912810UB2,TSRYS5810883,D,S,C,2024-07-29,1000000.00,4.497254,101.65645
08:10:31,912810UB2,TSRYS5810883,D,S,D,2024-07-29,1000000.00,4.499645,101.625
08:10:31,912810UB2,TSRYS5810883,D,S,C,2024-07-29,1000000.00,4.499632,101.625175
08:10:31,912810UB2,TSRYS5810883,D,S,T,2024-07-29,1000000.00,4.500844,101.609225
08:10:33,912810UB2,TSRYS5810883,D,B,C,2024-07-29,1000000.00,4.500536,101.61328125
08:10:33,912810UB2,TSRYS5810883,D,B,C,2024-07-29,1000000.00,4.500387,101.61523437
08:10:37,912810UB2,TSRYS5810883,D,S,T,2024-07-29,1000000.00,4.500844,101.609225
08:10:40,912810UB2,TSRYS5810883,D,S,C,2024-07-29,1000000.00,4.500833,101.609375
08:10:55,912810UB2,TSRYS5810883,D,B,C,2024-07-29,1000000.00,4.499645,101.625
08:10:55,912810UB2,TSRYS5810883,D,B,C,2024-07-29,1000000.00,4.499645,101.625
08:10:55,912810UB2,TSRYS5810883,D,S,C,2024-07-29,1000000.00,4.49963,101.6252
08:10:55,912810UB2,TSRYS5810883,D,S,C,2024-07-29,1000000.00,4.499645,101.625
08:10:58,912810UB2,TSRYS5810883,D,S,C,2024-07-29,1000000.00,4.499645,101.625
08:10:58,912810UB2,TSRYS5810883,D,S,D,2024-07-29,1000000.00,4.499645,101.625
08:10:59,912810UB2,TSRYS5810883,D,S,C,2024-07-29,1000000.00,4.499645,101.625
08:11:06,912810UB2,TSRYS5810883,D,S,T,2024-07-29,1000000.00,4.499645,101.625
08:11:06,912810UB2,TSRYS5810883,D,S,T,2024-07-29,1000000.00,4.499645,101.625
08:11:06,912810UB2,TSRYS5810883,D,S,T,2024-07-29,1000000.00,4.499645,101.625
08:11:11,912810UB2,TSRYS5810883,D,B,C,2024-07-29,1000000.00,4.49966,101.6248
08:11:11,912810UB2,TSRYS5810883,D,S,D,2024-07-29,1000000.00,4.499645,101.625
08:11:40,912810UB2,TSRYS5810883,D,S,T,2024-07-29,1000000.00,4.497715,101.650390625
08:11:40,912810UB2,TSRYS5810883,D,S,C,2024-07-29,1000000.00,4.497715,101.650390625
08:11:43,912810UB2,TSRYS5810883,D,S,D,2024-07-29,1000000.00,4.500833,101.609375
08:11:58,912810UB2,TSRYS5810883,D,S,T,2024-07-29,1000000.00,4.499645,101.625
08:12:20,912810UB2,TSRYS5810883,D,B,C,2024-07-29,1000000.00,4.499496,101.62695312
08:12:28,912810UB2,TSRYS5810883,D,S,D,2024-07-29,1000000.00,4.499645,101.625
08:12:37,912810UB2,TSRYS5810883,D,S,T,2024-07-29,1000000.00,4.500833,101.609375
08:12:39,912810UB2,TSRYS5810883,D,S,D,2024-07-29,1000000.00,4.500833,101.609375
08:12:42,912810UB2,TSRYS5810883,D,S,C,2024-07-29,1000000.00,4.500833,101.609375
08:13:00,912810UB2,TSRYS5810883,D,S,T,2024-07-29,1000000.00,4.500833,101.609375
08:13:03,912810UB2,TSRYS5810883,D,B,C,2024-07-29,1000000.00,4.500833,101.609375
08:13:17,912810UB2,TSRYS5810883,D,S,A,2024-07-29,50000.00,4.50113,101.61546875
08:13:23,912810UB2,TSRYS5810883,D,S,D,2024-07-29,50000.00,4.50113,101.60546875
08:13:27,912810UB2,TSRYS5810883,D,S,D,2024-07-29,1000000.00,4.500833,101.609375
08:13:33,912810UB2,TSRYS5810883,D,S,D,2024-07-29,1000000.00,4.500833,101.609375
08:15:54,912810UB2,TSRYS5810883,D,S,T,2024-07-29,1000000.00,4.500844,101.609225
08:15:57,912810UB2,TSRYS5810883,D,S,C,2024-07-29,1000000.00,4.500833,101.609375
08:16:07,912810UB2,TSRYS5810883,D,S,C,2024-07-29,25000000.00,4.49892,101.63453
08:16:36,912810UB2,TSRYS5810883,D,S,C,2024-07-29,1000000.00,4.50321,101.578125
08:16:40,912810UB2,TSRYS5810883,D,S,D,2024-07-29,800000.00,4.504399,101.5625
08:16:40,912810UB2,TSRYS5810883,D,S,D,2024-07-29,800000.00,4.504399,101.5625
08:16:47,912810UB2,TSRYS5810883,D,S,T,2024-07-29,1000000.00,4.50321,101.578125
08:16:53,912810UB2,TSRYS5810883,D,S,C,2024-07-29,1000000.00,4.50321,101.578125
08:17:27,912810UB2,TSRYS5810883,D,S,T,2024-07-29,1000000.00,4.50321,101.578125
08:18:09,912810UB2,TSRYS5810883,D,B,A,2024-07-29,1500000.00,4.503198,101.578125
08:19:00,912810UB2,TSRYS5810883,D,S,T,2024-07-29,1000000.00,4.504844,101.556640625
08:19:01,912810UB2,TSRYS5810883,D,S,D,2024-07-29,1000000.00,4.504993,101.5546875
08:19:01,912810UB2,TSRYS5810883,D,S,D,2024-07-29,1000000.00,4.504993,101.5546875
08:19:05,912810UB2,TSRYS5810883,D,B,C,2024-07-29,1000000.00,4.504844,101.556640625
08:19:05,912810UB2,TSRYS5810883,D,S,D,2024-07-29,1000000.00,4.504844,101.556640625
08:19:05,912810UB2,TSRYS5810883,D,S,D,2024-07-29,1000000.00,4.504844,101.556640625
08:19:38,912810UB2,TSRYS5810883,D,B,C,2024-07-29,1000000.00,4.504844,101.55664062
08:20:35,912810UB2,TSRYS5810883,D,B,C,2024-07-29,9360000.00,4.504411,101.5625
08:20:54,912810UB2,TSRYS5810883,D,B,C,2024-07-29,1000000.00,4.504844,101.55664062
08:22:08,912810UB2,TSRYS5810883,D,S,A,2024-07-29,20300000.00,4.50321,101.578125
08:22:43,912810UB2,TSRYS5810883,D,B,C,2024-07-29,1000000.00,4.503495,101.57421875
08:22:43,912810UB2,TSRYS5810883,D,S,A,2024-07-29,1000000.00,4.503495,101.57421875
08:22:52,912810UB2,TSRYS5810883,D,S,D,2024-07-29,1000000.00,4.504844,101.556640625
08:22:52,912810UB2,TSRYS5810883,D,S,T,2024-07-29,1000000.00,4.504844,101.556640625
08:22:52,912810UB2,TSRYS5810883,D,S,T,2024-07-29,1000000.00,4.504844,101.556640625
08:22:54,912810UB2,TSRYS5810883,D,S,D,2024-07-29,875000.00,4.505588,101.546875
08:22:55,912810UB2,TSRYS5810883,D,S,D,2024-07-29,875000.00,4.505588,101.546875
08:22:57,912810UB2,TSRYS5810883,D,S,D,2024-07-29,1000000.00,4.504844,101.556640625
08:22:57,912810UB2,TSRYS5810883,D,S,D,2024-07-29,1000000.00,4.504844,101.556640625
08:23:00,912810UB2,TSRYS5810883,D,S,D,2024-07-29,1000000.00,4.50529,101.55078125
08:23:00,912810UB2,TSRYS5810883,D,S,C,2024-07-29,1000000.00,4.50529,101.55078125
08:23:00,912810UB2,TSRYS5810883,D,S,D,2024-07-29,1000000.00,4.50529,101.55078125
08:23:01,912810UB2,TSRYS5810883,D,S,T,2024-07-29,1000000.00,4.50529,101.55078125
08:23:01,912810UB2,TSRYS5810883,D,S,T,2024-07-29,1000000.00,4.50529,101.55078125
08:23:01,912810UB2,TSRYS5810883,D,S,T,2024-07-29,1000000.00,4.50529,101.55078125
08:23:11,912810UB2,TSRYS5810883,D,S,T,2024-07-29,1000000.00,4.504399,101.5625
08:23:30,912810UB2,TSRYS5810883,D,B,C,2024-07-29,1000000.00,4.504844,101.55664062
08:23:31,912810UB2,TSRYS5810883,D,B,C,2024-07-29,1000000.00,4.504844,101.55664062
08:23:31,912810UB2,TSRYS5810883,D,B,C,2024-07-29,1000000.00,4.505588,101.546875
08:23:31,912810UB2,TSRYS5810883,D,S,C,2024-07-29,1000000.00,4.505574,101.54705
08:23:31,912810UB2,TSRYS5810883,D,S,C,2024-07-29,1000000.00,4.504399,101.5625
08:23:34,912810UB2,TSRYS5810883,D,S,D,2024-07-29,1000000.00,4.504993,101.5546875
08:23:40,912810UB2,TSRYS5810883,D,S,D,2024-07-29,1000000.00,4.504844,101.556640625
08:23:46,912810UB2,TSRYS5810883,D,S,T,2024-07-29,1000000.00,4.504696,101.55859375
08:23:47,912810UB2,TSRYS5810883,D,S,C,2024-07-29,1000000.00,4.504696,101.55859375
08:23:51,912810UB2,TSRYS5810883,D,S,T,2024-07-29,1000000.00,4.504399,101.5625
08:23:57,912810UB2,TSRYS5810883,D,B,A,2024-07-29,25000000.00,4.504399,101.5625
08:23:59,912810UB2,TSRYS5810883,D,B,C,2024-07-29,1000000.00,4.504993,101.5546875
08:24:06,912810UB2,TSRYS5810883,D,B,C,2024-07-29,1000000.00,4.504844,101.55664062
08:24:18,912810UB2,TSRYS5810883,D,S,D,2024-07-29,1000000.00,4.531806,101.203125
08:24:18,912810UB2,TSRYS5810883,D,S,T,2024-07-29,1000000.00,4.529717,101.23046875
08:24:18,912810UB2,TSRYS5810883,D,S,T,2024-07-29,1000000.00,4.529717,101.23046875
08:24:18,912810UB2,TSRYS5810883,D,S,D,2024-07-29,1000000.00,4.529717,101.23046875
08:24:18,912810UB2,TSRYS5810883,D,S,T,2024-07-29,1000000.00,4.513471,101.443359375
08:24:18,912810UB2,TSRYS5810883,D,S,D,2024-07-29,1000000.00,4.512727,101.453125
08:24:18,912810UB2,TSRYS5810883,D,S,T,2024-07-29,1000000.00,4.512727,101.453125
08:24:18,912810UB2,TSRYS5810883,D,S,T,2024-07-29,1000000.00,4.499645,101.625
08:24:18,912810UB2,TSRYS5810883,D,S,T,2024-07-29,1000000.00,4.499942,101.62109375
08:24:18,912810UB2,TSRYS5810883,D,S,T,2024-07-29,1000000.00,4.499793,101.623046875
08:24:18,912810UB2,TSRYS5810883,D,S,T,2024-07-29,1000000.00,4.499793,101.623046875
08:24:18,912810UB2,TSRYS5810883,D,S,T,2024-07-29,1000000.00,4.499793,101.623046875
08:24:18,912810UB2,TSRYS5810883,D,S,T,2024-07-29,1000000.00,4.499793,101.623046875
08:24:18,912810UB2,TSRYS5810883,D,S,T,2024-07-29,1000000.00,4.499793,101.623046875
08:24:18,912810UB2,TSRYS5810883,D,S,T,2024-07-29,1000000.00,4.499348,101.62890625
08:24:18,912810UB2,TSRYS5810883,D,S,D,2024-07-29,1000000.00,4.497715,101.650390625
08:24:18,912810UB2,TSRYS5810883,D,S,D,2024-07-29,1000000.00,4.498606,101.638671875
08:24:18,912810UB2,TSRYS5810883,D,S,D,2024-07-29,1000000.00,4.500239,101.6171875
08:24:18,912810UB2,TSRYS5810883,D,S,D,2024-07-29,1000000.00,4.500239,101.6171875
08:24:18,912810UB2,TSRYS5810883,D,S,D,2024-07-29,1000000.00,4.504399,101.5625
08:24:35,912810UB2,TSRYS5810883,D,B,A,2024-07-29,2500000.00,4.50529,101.55078125
08:24:42,912810UB2,TSRYS5810883,D,S,T,2024-07-29,1000000.00,4.504993,101.5546875
08:24:42,912810UB2,TSRYS5810883,D,S,T,2024-07-29,1000000.00,4.504993,101.5546875
08:24:42,912810UB2,TSRYS5810883,D,S,D,2024-07-29,1000000.00,4.505588,101.546875
08:24:42,912810UB2,TSRYS5810883,D,S,D,2024-07-29,1000000.00,4.504993,101.5546875
08:24:42,912810UB2,TSRYS5810883,D,S,D,2024-07-29,1000000.00,4.504844,101.556640625
08:24:42,912810UB2,TSRYS5810883,D,S,T,2024-07-29,1000000.00,4.504844,101.556640625
08:24:42,912810UB2,TSRYS5810883,D,S,T,2024-07-29,1000000.00,4.504844,101.556640625
08:24:42,912810UB2,TSRYS5810883,D,S,C,2024-07-29,1000000.00,4.505588,101.546875
08:24:42,912810UB2,TSRYS5810883,D,S,C,2024-07-29,1000000.00,4.505588,101.546875
08:24:42,912810UB2,TSRYS5810883,D,S,D,2024-07-29,1000000.00,4.504837,101.556740625
08:24:45,912810UB2,TSRYS5810883,D,S,T,2024-07-29,1000000.00,4.505588,101.546875
08:24:45,912810UB2,TSRYS5810883,D,S,T,2024-07-29,1000000.00,4.505588,101.546875
08:24:46,912810UB2,TSRYS5810883,D,S,T,2024-07-29,1000000.00,4.505588,101.546875
08:24:47,912810UB2,TSRYS5810883,D,S,D,2024-07-29,1000000.00,4.504993,101.5546875
08:24:47,912810UB2,TSRYS5810883,D,S,D,2024-07-29,1000000.00,4.504993,101.5546875
08:24:47,912810UB2,TSRYS5810883,D,S,D,2024-07-29,1000000.00,4.504844,101.556640625
08:24:47,912810UB2,TSRYS5810883,D,B,C,2024-07-29,1000000.00,4.504993,101.5546875
08:24:47,912810UB2,TSRYS5810883,D,S,D,2024-07-29,1000000.00,4.504993,101.5546875
08:24:47,912810UB2,TSRYS5810883,D,S,D,2024-07-29,1000000.00,4.505588,101.546875
08:24:49,912810UB2,TSRYS5810883,D,S,T,2024-07-29,1000000.00,4.505588,101.546875
08:24:49,912810UB2,TSRYS5810883,D,S,T,2024-07-29,1000000.00,4.505588,101.546875
08:24:51,912810UB2,TSRYS5810883,D,S,C,2024-07-29,1000000.00,4.504399,101.5625
08:24:51,912810UB2,TSRYS5810883,D,S,T,2024-07-29,1000000.00,4.504399,101.5625
08:24:54,912810UB2,TSRYS5810883,D,S,T,2024-07-29,1000000.00,4.504399,101.5625
08:25:01,912810UB2,TSRYS5810883,D,S,T,2024-07-29,1000000.00,4.504399,101.5625
08:25:01,912810UB2,TSRYS5810883,D,S,T,2024-07-29,1000000.00,4.504399,101.5625
08:25:07,912810UB2,TSRYS5810883,D,B,C,2024-07-29,1000000.00,4.504993,101.5546875
08:25:09,912810UB2,TSRYS5810883,D,S,T,2024-07-29,1000000.00,4.504399,101.5625
08:25:09,912810UB2,TSRYS5810883,D,S,T,2024-07-29,1000000.00,4.504399,101.5625
08:25:17,912810UB2,TSRYS5810883,D,B,C,2024-07-29,1000000.00,4.504844,101.55664062
08:25:19,912810UB2,TSRYS5810883,D,S,D,2024-07-29,1000000.00,4.505142,101.552734375
08:25:19,912810UB2,TSRYS5810883,D,S,D,2024-07-29,1000000.00,4.505142,101.552734375
08:25:19,912810UB2,TSRYS5810883,D,S,T,2024-07-29,1000000.00,4.505142,101.552734375
08:25:19,912810UB2,TSRYS5810883,D,S,T,2024-07-29,1000000.00,4.505142,101.552734375
08:25:27,912810UB2,TSRYS5810883,D,S,T,2024-07-29,1000000.00,4.504844,101.556640625
08:25:27,912810UB2,TSRYS5810883,D,S,T,2024-07-29,1000000.00,4.504844,101.556640625
08:25:29,912810UB2,TSRYS5810883,D,S,T,2024-07-29,1000000.00,4.504993,101.5546875
08:25:29,912810UB2,TSRYS5810883,D,S,D,2024-07-29,1000000.00,4.504844,101.556640625
08:25:29,912810UB2,TSRYS5810883,D,S,D,2024-07-29,1000000.00,4.504844,101.556640625
08:25:31,912810UB2,TSRYS5810883,D,S,C,2024-07-29,1000000.00,4.505574,101.54705
08:25:31,912810UB2,TSRYS5810883,D,S,D,2024-07-29,1000000.00,4.504399,101.5625
08:25:31,912810UB2,TSRYS5810883,D,B,C,2024-07-29,1000000.00,4.504399,101.5625
08:25:31,912810UB2,TSRYS5810883,D,S,D,2024-07-29,1000000.00,4.504399,101.5625
08:25:31,912810UB2,TSRYS5810883,D,S,D,2024-07-29,1000000.00,4.504399,101.5625
08:25:31,912810UB2,TSRYS5810883,D,S,D,2024-07-29,1000000.00,4.504399,101.5625
08:25:32,912810UB2,TSRYS5810883,D,S,D,2024-07-29,1000000.00,4.504993,101.5546875
08:25:32,912810UB2,TSRYS5810883,D,S,D,2024-07-29,1000000.00,4.504844,101.556640625
08:25:32,912810UB2,TSRYS5810883,D,S,D,2024-07-29,1000000.00,4.504844,101.556640625
08:25:34,912810UB2,TSRYS5810883,D,S,D,2024-07-29,1000000.00,4.504993,101.5546875
08:25:34,912810UB2,TSRYS5810883,D,S,T,2024-07-29,1000000.00,4.505142,101.552734375
08:25:34,912810UB2,TSRYS5810883,D,S,D,2024-07-29,1000000.00,4.505142,101.552734375
08:25:34,912810UB2,TSRYS5810883,D,S,D,2024-07-29,1000000.00,4.504993,101.5546875
08:25:41,912810UB2,TSRYS5810883,D,S,D,2024-07-29,1000000.00,4.504993,101.5546875
08:25:46,912810UB2,TSRYS5810883,D,S,D,2024-07-29,1000000.00,4.504399,101.5625
08:25:46,912810UB2,TSRYS5810883,D,B,C,2024-07-29,1000000.00,4.504399,101.5625
08:25:46,912810UB2,TSRYS5810883,D,S,D,2024-07-29,1000000.00,4.504399,101.5625
08:25:46,912810UB2,TSRYS5810883,D,S,D,2024-07-29,1000000.00,4.504399,101.5625
08:25:49,912810UB2,TSRYS5810883,D,S,T,2024-07-29,1000000.00,4.505142,101.552734375
08:25:49,912810UB2,TSRYS5810883,D,S,T,2024-07-29,1000000.00,4.505142,101.552734375
08:25:50,912810UB2,TSRYS5810883,D,S,D,2024-07-29,1000000.00,4.505142,101.552734375
08:25:50,912810UB2,TSRYS5810883,D,S,D,2024-07-29,1000000.00,4.505142,101.552734375
08:26:31,912810UB2,TSRYS5810883,D,S,D,2024-07-29,1000000.00,4.504547,101.560546875
08:26:36,912810UB2,TSRYS5810883,D,S,T,2024-07-29,1000000.00,4.504547,101.560546875
08:27:10,912810UB2,TSRYS5810883,D,S,D,2024-07-29,1000000.00,4.504547,101.560546875
08:27:11,912810UB2,TSRYS5810883,D,S,T,2024-07-29,1000000.00,4.504547,101.560546875
08:27:21,912810UB2,TSRYS5810883,D,B,C,2024-07-29,12000000.00,4.504399,101.5625
08:27:35,912810UB2,TSRYS5810883,D,S,T,2024-07-29,1000000.00,4.50321,101.578125
08:28:05,912810UB2,TSRYS5810883,D,S,D,2024-07-29,1000000.00,4.50321,101.578125
08:28:31,912810UB2,TSRYS5810883,D,S,T,2024-07-29,1000000.00,4.502021,101.59375
08:28:35,912810UB2,TSRYS5810883,D,S,D,2024-07-29,1000000.00,4.50113,101.60546875
08:28:35,912810UB2,TSRYS5810883,D,S,D,2024-07-29,1000000.00,4.500982,101.607421875
08:28:36,912810UB2,TSRYS5810883,D,S,T,2024-07-29,1000000.00,4.502021,101.59375
08:28:41,912810UB2,TSRYS5810883,D,S,C,2024-07-29,115000.00,4.502616,101.5859375
08:29:03,912810UB2,TSRYS5810883,D,S,D,2024-07-29,1000000.00,4.502021,101.59375
08:29:03,912810UB2,TSRYS5810883,D,S,D,2024-07-29,1000000.00,4.502021,101.59375
08:29:13,912810UB2,TSRYS5810883,D,S,T,2024-07-29,1000000.00,4.500844,101.609225
08:29:14,912810UB2,TSRYS5810883,D,S,D,2024-07-29,1000000.00,4.50113,101.60546875
08:29:14,912810UB2,TSRYS5810883,D,S,C,2024-07-29,1000000.00,4.50113,101.60546875
08:29:14,912810UB2,TSRYS5810883,D,B,C,2024-07-29,1000000.00,4.50113,101.60546875
08:29:16,912810UB2,TSRYS5810883,D,S,T,2024-07-29,1000000.00,4.50113,101.60546875
08:29:16,912810UB2,TSRYS5810883,D,S,T,2024-07-29,1000000.00,4.50113,101.60546875
08:29:21,912810UB2,TSRYS5810883,D,S,D,2024-07-29,1000000.00,4.500833,101.609375
08:29:41,912810UB2,TSRYS5810883,D,S,T,2024-07-29,1000000.00,4.500844,101.609225
08:29:41,912810UB2,TSRYS5810883,D,S,T,2024-07-29,1000000.00,4.500844,101.609225
08:29:49,912810UB2,TSRYS5810883,D,S,T,2024-07-29,1000000.00,4.501427,101.6015625
08:29:49,912810UB2,TSRYS5810883,D,S,D,2024-07-29,1000000.00,4.501427,101.6015625
08:29:51,912810UB2,TSRYS5810883,D,S,D,2024-07-29,1000000.00,4.500833,101.609375
08:29:51,912810UB2,TSRYS5810883,D,S,D,2024-07-29,1000000.00,4.500833,101.609375
08:30:06,912810UB2,TSRYS5810883,D,S,D,2024-07-29,735000.00,4.502021,101.59375
08:30:07,912810UB2,TSRYS5810883,D,S,D,2024-07-29,735000.00,4.502021,101.59375
08:30:10,912810UB2,TSRYS5810883,D,S,C,2024-07-29,1000000.00,4.502021,101.59375
08:30:10,912810UB2,TSRYS5810883,D,S,C,2024-07-29,1000000.00,4.502021,101.59375
08:30:10,912810UB2,TSRYS5810883,D,S,C,2024-07-29,1000000.00,4.502021,101.59375
08:30:10,912810UB2,TSRYS5810883,D,S,C,2024-07-29,1000000.00,4.502021,101.59375
08:30:11,912810UB2,TSRYS5810883,D,S,C,2024-07-29,1000000.00,4.502021,101.59375
08:30:11,912810UB2,TSRYS5810883,D,S,D,2024-07-29,1000000.00,4.502021,101.59375
08:30:11,912810UB2,TSRYS5810883,D,S,C,2024-07-29,1000000.00,4.502021,101.59375
08:30:11,912810UB2,TSRYS5810883,D,S,C,2024-07-29,1000000.00,4.502021,101.59375
08:30:11,912810UB2,TSRYS5810883,D,S,C,2024-07-29,1000000.00,4.502021,101.59375
08:30:23,912810UB2,TSRYS5810883,D,S,T,2024-07-29,1000000.00,4.502021,101.59375
08:30:23,912810UB2,TSRYS5810883,D,S,T,2024-07-29,1000000.00,4.502021,101.59375
08:30:23,912810UB2,TSRYS5810883,D,S,T,2024-07-29,1000000.00,4.502021,101.59375
08:30:23,912810UB2,TSRYS5810883,D,S,T,2024-07-29,1000000.00,4.502021,101.59375
08:30:23,912810UB2,TSRYS5810883,D,S,T,2024-07-29,1000000.00,4.502021,101.59375
08:30:23,912810UB2,TSRYS5810883,D,S,T,2024-07-29,2000000.00,4.502021,101.59375
08:30:24,912810UB2,TSRYS5810883,D,S,T,2024-07-29,1000000.00,4.502021,101.59375
08:30:24,912810UB2,TSRYS5810883,D,S,T,2024-07-29,1000000.00,4.502021,101.59375
08:30:26,912810UB2,TSRYS5810883,D,S,D,2024-07-29,1000000.00,4.500833,101.609375
08:30:29,912810UB2,TSRYS5810883,D,S,D,2024-07-29,1000000.00,4.500833,101.609375
08:30:29,912810UB2,TSRYS5810883,D,S,D,2024-07-29,1000000.00,4.500833,101.609375
08:30:29,912810UB2,TSRYS5810883,D,S,D,2024-07-29,1000000.00,4.500833,101.609375
08:30:32,912810UB2,TSRYS5810883,D,S,T,2024-07-29,1000000.00,4.500844,101.609225
08:30:35,912810UB2,TSRYS5810883,D,S,C,2024-07-29,1000000.00,4.500822,101.609525
08:30:52,912810UB2,TSRYS5810883,D,S,T,2024-07-29,1000000.00,4.500844,101.609225
08:30:52,912810UB2,TSRYS5810883,D,S,T,2024-07-29,1000000.00,4.500844,101.609225
08:31:05,912810UB2,TSRYS5810883,D,S,C,2024-07-29,1000000.00,4.500822,101.609525
08:31:05,912810UB2,TSRYS5810883,D,S,D,2024-07-29,500000.00,4.501724,101.59765625
08:31:05,912810UB2,TSRYS5810883,D,S,C,2024-07-29,1000000.00,4.500822,101.609525
08:31:05,912810UB2,TSRYS5810883,D,B,C,2024-07-29,1000000.00,4.500833,101.609375
08:31:05,912810UB2,TSRYS5810883,D,B,C,2024-07-29,1000000.00,4.500833,101.609375
08:31:08,912810UB2,TSRYS5810883,D,B,C,2024-07-29,1000000.00,4.500833,101.609375
08:31:09,912810UB2,TSRYS5810883,D,B,C,2024-07-29,1000000.00,4.500833,101.609375
08:31:09,912810UB2,TSRYS5810883,D,B,C,2024-07-29,1000000.00,4.500833,101.609375
08:31:29,912810UB2,TSRYS5810883,D,S,T,2024-07-29,1000000.00,4.500844,101.609225
08:31:29,912810UB2,TSRYS5810883,D,S,T,2024-07-29,1000000.00,4.500844,101.609225
08:31:29,912810UB2,TSRYS5810883,D,S,T,2024-07-29,1000000.00,4.500844,101.609225
08:31:34,912810UB2,TSRYS5810883,D,S,D,2024-07-29,1000000.00,4.500833,101.609375
08:31:34,912810UB2,TSRYS5810883,D,S,D,2024-07-29,1000000.00,4.500833,101.609375
08:31:34,912810UB2,TSRYS5810883,D,S,C,2024-07-29,1000000.00,4.500833,101.609375
08:32:45,912810UB2,TSRYS5810883,D,S,C,2024-07-29,1000000.00,4.498754,101.63671875
08:33:11,912810UB2,TSRYS5810883,D,S,D,2024-07-29,1000000.00,4.498754,101.63671875
08:33:13,912810UB2,TSRYS5810883,D,S,C,2024-07-29,1000000.00,4.498754,101.63671875
08:33:13,912810UB2,TSRYS5810883,D,S,D,2024-07-29,1000000.00,4.498754,101.63671875
08:33:13,912810UB2,TSRYS5810883,D,S,D,2024-07-29,1000000.00,4.498754,101.63671875
08:33:13,912810UB2,TSRYS5810883,D,S,D,2024-07-29,1000000.00,4.498754,101.63671875
08:33:15,912810UB2,TSRYS5810883,D,S,D,2024-07-29,1000000.00,4.498754,101.63671875
08:33:15,912810UB2,TSRYS5810883,D,S,D,2024-07-29,1000000.00,4.498754,101.63671875
08:33:15,912810UB2,TSRYS5810883,D,S,D,2024-07-29,1000000.00,4.498754,101.63671875
08:33:28,912810UB2,TSRYS5810883,D,S,C,2024-07-29,100000.00,4.498427,101.646025
08:33:34,912810UB2,TSRYS5810883,D,S,D,2024-07-29,100000.00,4.498427,101.641025
08:34:15,912810UB2,TSRYS5810883,D,S,C,2024-07-29,1000000.00,4.498754,101.63671875
08:34:21,912810UB2,TSRYS5810883,D,S,T,2024-07-29,1000000.00,4.498457,101.640625
08:34:27,912810UB2,TSRYS5810883,D,S,D,2024-07-29,1000000.00,4.498754,101.63671875
08:34:28,912810UB2,TSRYS5810883,D,S,D,2024-07-29,1000000.00,4.498754,101.63671875
08:34:28,912810UB2,TSRYS5810883,D,S,D,2024-07-29,1000000.00,4.498754,101.63671875
08:34:35,912810UB2,TSRYS5810883,D,S,D,2024-07-29,1600000.00,4.498457,101.640625
08:34:48,912810UB2,TSRYS5810883,D,S,C,2024-07-29,1000000.00,4.498754,101.63671875
08:35:04,912810UB2,TSRYS5810883,D,S,C,2024-07-29,1000000.00,4.498457,101.640625
08:35:04,912810UB2,TSRYS5810883,D,B,C,2024-07-29,1000000.00,4.498472,101.640425
08:35:04,912810UB2,TSRYS5810883,D,S,C,2024-07-29,1000000.00,4.498457,101.640625
08:35:04,912810UB2,TSRYS5810883,D,S,C,2024-07-29,1000000.00,4.498457,101.640625
08:35:04,912810UB2,TSRYS5810883,D,B,C,2024-07-29,1000000.00,4.498472,101.640425
08:35:19,912810UB2,TSRYS5810883,D,S,D,2024-07-29,1000000.00,4.499645,101.625
08:35:19,912810UB2,TSRYS5810883,D,S,D,2024-07-29,1000000.00,4.499645,101.625
08:36:28,912810UB2,TSRYS5810883,D,S,D,2024-07-29,1000000.00,4.498457,101.640625
08:36:28,912810UB2,TSRYS5810883,D,S,D,2024-07-29,1000000.00,4.498457,101.640625
08:36:40,912810UB2,TSRYS5810883,D,S,C,2024-07-29,1000000.00,4.498754,101.63671875
08:36:40,912810UB2,TSRYS5810883,D,S,C,2024-07-29,1000000.00,4.498754,101.63671875
08:36:48,912810UB2,TSRYS5810883,D,S,D,2024-07-29,1150000.00,4.498457,101.640625
08:37:06,912810UB2,TSRYS5810883,D,S,D,2024-07-29,1000000.00,4.498754,101.63671875
08:37:08,912810UB2,TSRYS5810883,D,S,D,2024-07-29,1000000.00,4.498754,101.63671875
08:37:08,912810UB2,TSRYS5810883,D,S,D,2024-07-29,1000000.00,4.498754,101.63671875
08:37:08,912810UB2,TSRYS5810883,D,S,D,2024-07-29,1000000.00,4.498754,101.63671875
08:37:08,912810UB2,TSRYS5810883,D,S,C,2024-07-29,1000000.00,4.498754,101.63671875
08:37:12,912810UB2,TSRYS5810883,D,S,C,2024-07-29,1000000.00,4.498606,101.638671875
08:37:23,912810UB2,TSRYS5810883,D,S,C,2024-07-29,1000000.00,4.498754,101.63671875
08:37:23,912810UB2,TSRYS5810883,D,S,D,2024-07-29,1000000.00,4.498754,101.63671875
08:37:31,912810UB2,TSRYS5810883,D,S,D,2024-07-29,450000.00,4.498457,101.640625
08:37:35,912810UB2,TSRYS5810883,D,S,C,2024-07-29,1000000.00,4.498754,101.63671875
08:37:35,912810UB2,TSRYS5810883,D,S,T,2024-07-29,1000000.00,4.498606,101.63867187
08:37:35,912810UB2,TSRYS5810883,D,S,C,2024-07-29,1000000.00,4.498754,101.63671875
08:38:19,912810UB2,TSRYS5810883,D,S,D,2024-07-29,1000000.00,4.498754,101.63671875
08:38:21,912810UB2,TSRYS5810883,D,S,T,2024-07-29,1000000.00,4.49727,101.65625
08:38:42,912810UB2,TSRYS5810883,D,S,D,2024-07-29,1000000.00,4.498754,101.63671875
08:38:48,912810UB2,TSRYS5810883,D,S,C,2024-07-29,1000000.00,4.496676,101.6640625
08:39:07,912810UB2,TSRYS5810883,D,B,C,2024-07-29,1000000.00,4.497285,101.65605
08:39:07,912810UB2,TSRYS5810883,D,S,C,2024-07-29,1000000.00,4.49727,101.65625
08:39:07,912810UB2,TSRYS5810883,D,S,C,2024-07-29,1000000.00,4.49727,101.65625
08:39:07,912810UB2,TSRYS5810883,D,S,C,2024-07-29,1000000.00,4.49727,101.65625
08:39:07,912810UB2,TSRYS5810883,D,B,C,2024-07-29,1000000.00,4.497285,101.65605
08:39:07,912810UB2,TSRYS5810883,D,S,C,2024-07-29,1000000.00,4.49727,101.65625
08:39:07,912810UB2,TSRYS5810883,D,B,C,2024-07-29,1000000.00,4.49727,101.65625
08:39:22,912810UB2,TSRYS5810883,D,B,C,2024-07-29,1000000.00,4.49727,101.65625
08:39:22,912810UB2,TSRYS5810883,D,S,D,2024-07-29,1000000.00,4.49727,101.65625
08:39:32,912810UB2,TSRYS5810883,D,B,C,2024-07-29,1000000.00,4.49727,101.65625
08:39:32,912810UB2,TSRYS5810883,D,S,D,2024-07-29,1000000.00,4.49727,101.65625
08:39:32,912810UB2,TSRYS5810883,D,B,C,2024-07-29,1000000.00,4.49727,101.65625
08:39:33,912810UB2,TSRYS5810883,D,S,D,2024-07-29,1000000.00,4.49727,101.65625
08:39:44,912810UB2,TSRYS5810883,D,S,D,2024-07-29,1000000.00,4.496528,101.666015625
08:39:45,912810UB2,TSRYS5810883,D,S,T,2024-07-29,1000000.00,4.496528,101.666015625
08:39:48,912810UB2,TSRYS5810883,D,S,D,2024-07-29,1000000.00,4.496676,101.6640625
08:39:49,912810UB2,TSRYS5810883,D,S,T,2024-07-29,1000000.00,4.496535,101.665915625
08:39:49,912810UB2,TSRYS5810883,D,S,C,2024-07-29,1000000.00,4.496528,101.666015625
08:39:49,912810UB2,TSRYS5810883,D,S,C,2024-07-29,1000000.00,4.496676,101.6640625
08:39:54,912810UB2,TSRYS5810883,D,S,D,2024-07-29,1000000.00,4.496676,101.6640625
08:40:05,912810UB2,TSRYS5810883,D,S,C,2024-07-29,1000000.00,4.496676,101.6640625
08:40:05,912810UB2,TSRYS5810883,D,S,D,2024-07-29,1000000.00,4.496676,101.6640625
08:40:05,912810UB2,TSRYS5810883,D,S,D,2024-07-29,1000000.00,4.496676,101.6640625
08:40:05,912810UB2,TSRYS5810883,D,S,T,2024-07-29,1000000.00,4.496676,101.6640625
08:40:05,912810UB2,TSRYS5810883,D,S,C,2024-07-29,1000000.00,4.496676,101.6640625
08:40:07,912810UB2,TSRYS5810883,D,S,C,2024-07-29,1000000.00,4.496676,101.6640625
08:40:07,912810UB2,TSRYS5810883,D,S,D,2024-07-29,1000000.00,4.496676,101.6640625
