tradeTime,cusip,issueSymbolIdentifier,priceType,reportingSideCode,contraPartyTypeCode,tradeDate,reportedTradeVolume,lastSaleYield,lastSalePrice
08:00:02,912810UD8,TSRYS5870973,D,S,T,2024-10-23,1000000.00,4.573848,94.1875
08:00:02,912810UD8,TSRYS5870973,D,S,D,2024-10-23,1000000.00,4.573848,94.1875
08:00:02,912810UD8,TSRYS5870973,D,S,D,2024-10-23,1000000.00,4.573848,94.1875
08:00:02,912810UD8,TSRYS5870973,D,S,D,2024-10-23,1000000.00,4.573848,94.1875
08:00:02,912810UD8,TSRYS5870973,D,S,D,2024-10-23,1000000.00,4.573848,94.1875
08:00:02,912810UD8,TSRYS5870973,D,S,T,2024-10-23,1000000.00,4.579972,94.111328125
08:00:02,912810UD8,TSRYS5870973,D,S,D,2024-10-23,1000000.00,4.585316,94.044921875
08:00:02,912810UD8,TSRYS5870973,D,S,D,2024-10-23,1000000.00,4.581386,94.09375
08:00:02,912810UD8,TSRYS5870973,D,S,D,2024-10-23,1000000.00,4.581386,94.09375
08:00:02,912810UD8,TSRYS5870973,D,S,D,2024-10-23,1000000.00,4.583901,94.0625
08:00:02,912810UD8,TSRYS5870973,D,S,T,2024-10-23,1000000.00,4.58453,94.0546875
08:00:02,912810UD8,TSRYS5870973,D,S,T,2024-10-23,1000000.00,4.584687,94.052734375
08:00:02,912810UD8,TSRYS5870973,D,S,T,2024-10-23,1000000.00,4.582643,94.078125
08:00:02,912810UD8,TSRYS5870973,D,S,T,2024-10-23,1000000.00,4.580915,94.099609375
08:00:02,912810UD8,TSRYS5870973,D,S,T,2024-10-23,1000000.00,4.581386,94.09375
08:00:02,912810UD8,TSRYS5870973,D,S,T,2024-10-23,1000000.00,4.581386,94.09375
08:00:02,912810UD8,TSRYS5870973,D,S,T,2024-10-23,1000000.00,4.580129,94.109375
08:00:02,912810UD8,TSRYS5870973,D,S,T,2024-10-23,1000000.00,4.578872,94.125
08:00:02,912810UD8,TSRYS5870973,D,S,T,2024-10-23,1000000.00,4.572907,94.19921875
08:00:02,912810UD8,TSRYS5870973,D,S,T,2024-10-23,1000000.00,4.575104,94.171875
08:00:02,912810UD8,TSRYS5870973,D,S,T,2024-10-23,1000000.00,4.576046,94.16015625
08:00:02,912810UD8,TSRYS5870973,D,S,T,2024-10-23,1000000.00,4.573848,94.1875
08:00:02,912810UD8,TSRYS5870973,D,S,T,2024-10-23,1000000.00,4.575104,94.171875
08:00:02,912810UD8,TSRYS5870973,D,S,T,2024-10-23,1000000.00,4.575104,94.171875
08:00:02,912810UD8,TSRYS5870973,D,S,D,2024-10-23,1000000.00,4.583901,94.0625
08:00:02,912810UD8,TSRYS5870973,D,S,T,2024-10-23,1000000.00,4.585159,94.046875
08:00:02,912810UD8,TSRYS5870973,D,S,D,2024-10-23,1000000.00,4.586417,94.03125
08:00:02,912810UD8,TSRYS5870973,D,S,D,2024-10-23,1000000.00,4.586417,94.03125
08:00:02,912810UD8,TSRYS5870973,D,S,D,2024-10-23,1000000.00,4.586417,94.03125
08:00:02,912810UD8,TSRYS5870973,D,S,T,2024-10-23,1000000.00,4.581386,94.09375
08:00:02,912810UD8,TSRYS5870973,D,S,D,2024-10-23,500000.00,4.582643,94.078125
08:00:03,912810UD8,TSRYS5870973,D,S,C,2024-10-23,15000.00,4.583554,94.10013958333
08:00:04,912810UD8,TSRYS5870973,D,S,A,2024-10-23,12000.00,4.583554,94.10847291667
08:00:07,912810UD8,TSRYS5870973,D,S,A,2024-10-23,1000000.00,4.57636,94.15625
08:00:07,912810UD8,TSRYS5870973,D,S,A,2024-10-23,300000.00,4.581072,94.09765625
08:00:07,912810UD8,TSRYS5870973,D,S,T,2024-10-23,1000000.00,4.578872,94.125
08:00:07,912810UD8,TSRYS5870973,D,S,A,2024-10-23,200000.00,4.582015,94.0859375
08:00:07,912810UD8,TSRYS5870973,D,S,C,2024-10-23,210000.00,4.5817,94.08984375
08:00:07,912810UD8,TSRYS5870973,D,B,C,2024-10-23,11000.00,4.578872,94.125
08:00:07,912810UD8,TSRYS5870973,D,S,A,2024-10-23,1000000.00,4.585788,94.0390625
08:00:07,912810UD8,TSRYS5870973,D,S,A,2024-10-23,400000.00,4.580129,94.109375
08:00:07,912810UD8,TSRYS5870973,D,S,A,2024-10-23,450000.00,4.578244,94.1328125
08:00:07,912810UD8,TSRYS5870973,D,S,D,2024-10-23,50000000.00,4.574812,94.17551
08:00:11,912810UD8,TSRYS5870973,D,B,A,2024-10-23,4150000.00,4.579501,94.1171875
08:00:11,912810UD8,TSRYS5870973,D,S,T,2024-10-23,1000000.00,4.57636,94.15625
08:00:11,912810UD8,TSRYS5870973,D,S,T,2024-10-23,1000000.00,4.57636,94.15625
08:00:11,912810UD8,TSRYS5870973,D,S,T,2024-10-23,1000000.00,4.568828,94.25
08:00:11,912810UD8,TSRYS5870973,D,S,T,2024-10-23,1000000.00,4.568828,94.25
08:00:12,912810UD8,TSRYS5870973,D,S,T,2024-10-23,1000000.00,4.573848,94.1875
08:00:18,912810UD8,TSRYS5870973,D,S,A,2024-10-23,1300000.00,4.571965,94.2109375
08:00:21,912810UD8,TSRYS5870973,D,B,A,2024-10-23,150000.00,4.575418,94.16796875
08:00:29,912810UD8,TSRYS5870973,D,S,T,2024-10-23,1000000.00,4.568828,94.25
08:00:29,912810UD8,TSRYS5870973,D,S,T,2024-10-23,1000000.00,4.578872,94.125
08:00:29,912810UD8,TSRYS5870973,D,S,T,2024-10-23,1000000.00,4.581386,94.09375
08:00:29,912810UD8,TSRYS5870973,D,S,T,2024-10-23,2000000.00,4.577616,94.140625
08:00:29,912810UD8,TSRYS5870973,D,S,T,2024-10-23,1000000.00,4.570083,94.234375
08:00:29,912810UD8,TSRYS5870973,D,S,T,2024-10-23,1000000.00,4.571338,94.21875
08:00:29,912810UD8,TSRYS5870973,D,S,T,2024-10-23,1000000.00,4.580129,94.109375
08:00:29,912810UD8,TSRYS5870973,D,S,T,2024-10-23,3000000.00,4.583901,94.0625
08:00:29,912810UD8,TSRYS5870973,D,S,T,2024-10-23,1000000.00,4.586417,94.03125
08:00:30,912810UD8,TSRYS5870973,D,S,T,2024-10-23,1000000.00,4.57275,94.201171875
08:00:30,912810UD8,TSRYS5870973,D,S,T,2024-10-23,1000000.00,4.575104,94.171875
08:00:30,912810UD8,TSRYS5870973,D,S,T,2024-10-23,1000000.00,4.56632,94.28125
08:00:30,912810UD8,TSRYS5870973,D,S,T,2024-10-23,1000000.00,4.56632,94.28125
08:00:30,912810UD8,TSRYS5870973,D,S,T,2024-10-23,1000000.00,4.567574,94.265625
08:00:30,912810UD8,TSRYS5870973,D,S,T,2024-10-23,1000000.00,4.570083,94.234375
08:00:30,912810UD8,TSRYS5870973,D,S,T,2024-10-23,1000000.00,4.575104,94.171875
08:00:31,912810UD8,TSRYS5870973,D,S,T,2024-10-23,1000000.00,4.577616,94.140625
08:00:31,912810UD8,TSRYS5870973,D,S,T,2024-10-23,1000000.00,4.581386,94.09375
08:00:31,912810UD8,TSRYS5870973,D,S,T,2024-10-23,1000000.00,4.579972,94.111328125
08:00:31,912810UD8,TSRYS5870973,D,S,T,2024-10-23,1000000.00,4.579815,94.11328125
08:00:31,912810UD8,TSRYS5870973,D,S,T,2024-10-23,1000000.00,4.579658,94.115234375
08:00:31,912810UD8,TSRYS5870973,D,S,T,2024-10-23,1000000.00,4.579501,94.1171875
08:00:31,912810UD8,TSRYS5870973,D,S,T,2024-10-23,1000000.00,4.579501,94.1171875
08:00:31,912810UD8,TSRYS5870973,D,S,T,2024-10-23,1000000.00,4.579501,94.1171875
08:00:31,912810UD8,TSRYS5870973,D,S,T,2024-10-23,1000000.00,4.581543,94.091796875
08:00:31,912810UD8,TSRYS5870973,D,S,T,2024-10-23,1000000.00,4.581386,94.09375
08:00:31,912810UD8,TSRYS5870973,D,S,T,2024-10-23,1000000.00,4.581386,94.09375
08:00:31,912810UD8,TSRYS5870973,D,S,T,2024-10-23,1000000.00,4.581386,94.09375
08:00:32,912810UD8,TSRYS5870973,D,S,T,2024-10-23,1000000.00,4.582643,94.078125
08:00:32,912810UD8,TSRYS5870973,D,S,T,2024-10-23,1000000.00,4.57636,94.15625
08:00:32,912810UD8,TSRYS5870973,D,S,T,2024-10-23,1000000.00,4.573848,94.1875
08:00:32,912810UD8,TSRYS5870973,D,S,T,2024-10-23,1000000.00,4.581386,94.09375
08:00:32,912810UD8,TSRYS5870973,D,S,T,2024-10-23,1000000.00,4.583901,94.0625
08:00:32,912810UD8,TSRYS5870973,D,S,T,2024-10-23,1000000.00,4.585159,94.046875
08:00:32,912810UD8,TSRYS5870973,D,S,T,2024-10-23,1000000.00,4.582643,94.078125
08:00:32,912810UD8,TSRYS5870973,D,S,T,2024-10-23,1000000.00,4.582643,94.078125
08:00:32,912810UD8,TSRYS5870973,D,S,T,2024-10-23,1000000.00,4.581858,94.087890625
08:00:32,912810UD8,TSRYS5870973,D,S,T,2024-10-23,1000000.00,4.57636,94.15625
08:00:32,912810UD8,TSRYS5870973,D,S,T,2024-10-23,1000000.00,4.573848,94.1875
08:00:32,912810UD8,TSRYS5870973,D,S,T,2024-10-23,1000000.00,4.573848,94.1875
08:00:32,912810UD8,TSRYS5870973,D,S,T,2024-10-23,1000000.00,4.570083,94.234375
08:00:32,912810UD8,TSRYS5870973,D,S,T,2024-10-23,1000000.00,4.575104,94.171875
08:00:32,912810UD8,TSRYS5870973,D,S,T,2024-10-23,1000000.00,4.573848,94.1875
08:00:32,912810UD8,TSRYS5870973,D,S,T,2024-10-23,1000000.00,4.572593,94.203125
08:00:32,912810UD8,TSRYS5870973,D,S,T,2024-10-23,1000000.00,4.572593,94.203125
08:00:32,912810UD8,TSRYS5870973,D,S,T,2024-10-23,2000000.00,4.572593,94.203125
08:00:32,912810UD8,TSRYS5870973,D,S,T,2024-10-23,2000000.00,4.575104,94.171875
08:00:32,912810UD8,TSRYS5870973,D,S,T,2024-10-23,1000000.00,4.580129,94.109375
08:00:32,912810UD8,TSRYS5870973,D,S,T,2024-10-23,1000000.00,4.580129,94.109375
08:00:32,912810UD8,TSRYS5870973,D,S,T,2024-10-23,2000000.00,4.583901,94.0625
08:00:32,912810UD8,TSRYS5870973,D,S,T,2024-10-23,2000000.00,4.583901,94.0625
08:00:32,912810UD8,TSRYS5870973,D,S,T,2024-10-23,2000000.00,4.583901,94.0625
08:00:32,912810UD8,TSRYS5870973,D,S,T,2024-10-23,2000000.00,4.583901,94.0625
08:00:32,912810UD8,TSRYS5870973,D,S,T,2024-10-23,2000000.00,4.583901,94.0625
08:00:32,912810UD8,TSRYS5870973,D,S,T,2024-10-23,1000000.00,4.583901,94.0625
08:00:32,912810UD8,TSRYS5870973,D,S,T,2024-10-23,1000000.00,4.583901,94.0625
08:00:32,912810UD8,TSRYS5870973,D,S,T,2024-10-23,1000000.00,4.583901,94.0625
08:00:32,912810UD8,TSRYS5870973,D,S,T,2024-10-23,1000000.00,4.583901,94.0625
08:00:32,912810UD8,TSRYS5870973,D,S,T,2024-10-23,1000000.00,4.585159,94.046875
08:00:33,912810UD8,TSRYS5870973,D,S,T,2024-10-23,1000000.00,4.586417,94.03125
08:00:33,912810UD8,TSRYS5870973,D,S,T,2024-10-23,1000000.00,4.586417,94.03125
08:00:33,912810UD8,TSRYS5870973,D,S,D,2024-10-23,1000000.00,4.573848,94.1875
08:00:33,912810UD8,TSRYS5870973,D,S,D,2024-10-23,1000000.00,4.579186,94.12109375
08:00:33,912810UD8,TSRYS5870973,D,S,D,2024-10-23,1000000.00,4.579815,94.11328125
08:00:33,912810UD8,TSRYS5870973,D,S,D,2024-10-23,1000000.00,4.579501,94.1171875
08:00:33,912810UD8,TSRYS5870973,D,S,D,2024-10-23,1000000.00,4.577302,94.14453125
08:00:33,912810UD8,TSRYS5870973,D,S,D,2024-10-23,1000000.00,4.57636,94.15625
08:00:33,912810UD8,TSRYS5870973,D,S,D,2024-10-23,1000000.00,4.573848,94.1875
08:00:33,912810UD8,TSRYS5870973,D,S,D,2024-10-23,1000000.00,4.573848,94.1875
08:00:33,912810UD8,TSRYS5870973,D,S,D,2024-10-23,1000000.00,4.573848,94.1875
08:00:33,912810UD8,TSRYS5870973,D,S,D,2024-10-23,1000000.00,4.573848,94.1875
08:00:33,912810UD8,TSRYS5870973,D,S,D,2024-10-23,1000000.00,4.5806,94.103515625
08:00:34,912810UD8,TSRYS5870973,D,S,D,2024-10-23,1000000.00,4.580286,94.107421875
08:00:34,912810UD8,TSRYS5870973,D,S,D,2024-10-23,1000000.00,4.578715,94.126953125
08:00:34,912810UD8,TSRYS5870973,D,S,D,2024-10-23,1000000.00,4.577145,94.146484375
08:00:34,912810UD8,TSRYS5870973,D,S,D,2024-10-23,1000000.00,4.577302,94.14453125
08:00:34,912810UD8,TSRYS5870973,D,S,D,2024-10-23,1000000.00,4.578558,94.12890625
08:00:34,912810UD8,TSRYS5870973,D,S,D,2024-10-23,1000000.00,4.578715,94.126953125
08:00:34,912810UD8,TSRYS5870973,D,S,D,2024-10-23,1000000.00,4.5806,94.103515625
08:00:34,912810UD8,TSRYS5870973,D,S,D,2024-10-23,1000000.00,4.580286,94.107421875
08:00:34,912810UD8,TSRYS5870973,D,S,T,2024-10-23,1000000.00,4.573848,94.1875
08:00:34,912810UD8,TSRYS5870973,D,S,T,2024-10-23,1000000.00,4.573848,94.1875
08:00:34,912810UD8,TSRYS5870973,D,S,T,2024-10-23,1000000.00,4.573691,94.189453125
08:00:34,912810UD8,TSRYS5870973,D,S,T,2024-10-23,1000000.00,4.580129,94.109375
08:00:34,912810UD8,TSRYS5870973,D,S,T,2024-10-23,1000000.00,4.580129,94.109375
08:00:34,912810UD8,TSRYS5870973,D,S,T,2024-10-23,1000000.00,4.579972,94.111328125
08:00:34,912810UD8,TSRYS5870973,D,S,T,2024-10-23,1000000.00,4.577145,94.146484375
08:00:34,912810UD8,TSRYS5870973,D,S,T,2024-10-23,1000000.00,4.581386,94.09375
08:00:34,912810UD8,TSRYS5870973,D,S,T,2024-10-23,1000000.00,4.575261,94.169921875
08:00:34,912810UD8,TSRYS5870973,D,S,T,2024-10-23,1000000.00,4.57275,94.201171875
08:00:34,912810UD8,TSRYS5870973,D,S,T,2024-10-23,1000000.00,4.57275,94.201171875
08:00:34,912810UD8,TSRYS5870973,D,S,T,2024-10-23,1000000.00,4.573063,94.197265625
08:00:34,912810UD8,TSRYS5870973,D,S,T,2024-10-23,1000000.00,4.574162,94.18359375
08:00:34,912810UD8,TSRYS5870973,D,S,T,2024-10-23,1000000.00,4.573691,94.189453125
08:00:34,912810UD8,TSRYS5870973,D,S,T,2024-10-23,1000000.00,4.582643,94.078125
08:00:34,912810UD8,TSRYS5870973,D,S,T,2024-10-23,1000000.00,4.57636,94.15625
08:00:34,912810UD8,TSRYS5870973,D,S,T,2024-10-23,2000000.00,4.574476,94.1796875
08:00:34,912810UD8,TSRYS5870973,D,S,T,2024-10-23,1000000.00,4.571024,94.22265625
08:00:34,912810UD8,TSRYS5870973,D,S,T,2024-10-23,1000000.00,4.582329,94.08203125
08:00:34,912810UD8,TSRYS5870973,D,S,T,2024-10-23,1000000.00,4.583901,94.0625
08:00:36,912810UD8,TSRYS5870973,D,S,D,2024-10-23,1000000.00,4.578872,94.125
08:00:36,912810UD8,TSRYS5870973,D,B,A,2024-10-23,200000.00,4.580443,94.10546875
08:00:37,912810UD8,TSRYS5870973,D,S,A,2024-10-23,835000.00,4.577616,94.140625
08:00:37,912810UD8,TSRYS5870973,D,S,T,2024-10-23,1000000.00,4.582329,94.08203125
08:00:37,912810UD8,TSRYS5870973,D,S,T,2024-10-23,1000000.00,4.582329,94.08203125
08:00:37,912810UD8,TSRYS5870973,D,S,T,2024-10-23,1000000.00,4.582329,94.08203125
08:00:37,912810UD8,TSRYS5870973,D,S,T,2024-10-23,1000000.00,4.581858,94.087890625
08:00:37,912810UD8,TSRYS5870973,D,S,T,2024-10-23,1000000.00,4.581858,94.087890625
08:00:37,912810UD8,TSRYS5870973,D,S,T,2024-10-23,1000000.00,4.582015,94.0859375
08:00:42,912810UD8,TSRYS5870973,D,S,D,2024-10-23,1000000.00,4.571024,94.22265625
08:00:43,912810UD8,TSRYS5870973,D,S,D,2024-10-23,1000000.00,4.571024,94.22265625
08:00:44,912810UD8,TSRYS5870973,D,S,D,2024-10-23,500000.00,4.582329,94.08203125
08:00:44,912810UD8,TSRYS5870973,D,S,D,2024-10-23,500000.00,4.583586,94.06640625
08:00:45,912810UD8,TSRYS5870973,D,S,D,2024-10-23,1000000.00,4.579815,94.11328125
08:00:45,912810UD8,TSRYS5870973,D,S,D,2024-10-23,1000000.00,4.579501,94.1171875
08:00:45,912810UD8,TSRYS5870973,D,S,D,2024-10-23,1000000.00,4.579186,94.12109375
08:00:45,912810UD8,TSRYS5870973,D,S,D,2024-10-23,1000000.00,4.578872,94.125
08:00:46,912810UD8,TSRYS5870973,D,S,D,2024-10-23,1000000.00,4.5817,94.08984375
08:00:46,912810UD8,TSRYS5870973,D,S,D,2024-10-23,1000000.00,4.5817,94.08984375
08:00:51,912810UD8,TSRYS5870973,D,S,D,2024-10-23,671000.00,4.588934,94.0
08:00:51,912810UD8,TSRYS5870973,D,S,D,2024-10-23,671000.00,4.584215,94.05859375
08:00:51,912810UD8,TSRYS5870973,D,S,D,2024-10-23,671000.00,4.583901,94.0625
08:00:51,912810UD8,TSRYS5870973,D,S,D,2024-10-23,671000.00,4.583901,94.0625
08:00:51,912810UD8,TSRYS5870973,D,S,D,2024-10-23,342000.00,4.583901,94.0625
08:00:51,912810UD8,TSRYS5870973,D,S,D,2024-10-23,329000.00,4.583901,94.0625
08:00:51,912810UD8,TSRYS5870973,D,S,D,2024-10-23,671000.00,4.584215,94.05859375
08:00:51,912810UD8,TSRYS5870973,D,S,D,2024-10-23,671000.00,4.584215,94.05859375
08:00:51,912810UD8,TSRYS5870973,D,S,D,2024-10-23,671000.00,4.583901,94.0625
08:00:51,912810UD8,TSRYS5870973,D,S,D,2024-10-23,671000.00,4.58453,94.0546875
08:00:51,912810UD8,TSRYS5870973,D,S,D,2024-10-23,671000.00,4.585473,94.04296875
08:00:51,912810UD8,TSRYS5870973,D,S,D,2024-10-23,671000.00,4.586417,94.03125
08:00:51,912810UD8,TSRYS5870973,D,S,D,2024-10-23,671000.00,4.586731,94.02734375
08:00:51,912810UD8,TSRYS5870973,D,S,D,2024-10-23,671000.00,4.58799,94.01171875
08:00:51,912810UD8,TSRYS5870973,D,S,D,2024-10-23,671000.00,4.587675,94.015625
08:00:51,912810UD8,TSRYS5870973,D,S,D,2024-10-23,671000.00,4.585159,94.046875
08:00:51,912810UD8,TSRYS5870973,D,S,D,2024-10-23,1000000.00,4.582015,94.0859375
08:00:51,912810UD8,TSRYS5870973,D,S,A,2024-10-23,3000000.00,4.578558,94.12890625
08:00:52,912810UD8,TSRYS5870973,D,S,D,2024-10-23,671000.00,4.582958,94.07421875
08:00:52,912810UD8,TSRYS5870973,D,S,D,2024-10-23,671000.00,4.582329,94.08203125
08:00:52,912810UD8,TSRYS5870973,D,S,D,2024-10-23,671000.00,4.581386,94.09375
08:00:52,912810UD8,TSRYS5870973,D,S,D,2024-10-23,671000.00,4.583586,94.06640625
08:00:52,912810UD8,TSRYS5870973,D,S,D,2024-10-23,671000.00,4.5817,94.08984375
08:00:52,912810UD8,TSRYS5870973,D,S,D,2024-10-23,671000.00,4.582643,94.078125
08:00:52,912810UD8,TSRYS5870973,D,S,D,2024-10-23,671000.00,4.583586,94.06640625
08:00:52,912810UD8,TSRYS5870973,D,S,D,2024-10-23,671000.00,4.583901,94.0625
08:00:52,912810UD8,TSRYS5870973,D,S,D,2024-10-23,671000.00,4.583901,94.0625
08:00:52,912810UD8,TSRYS5870973,D,S,D,2024-10-23,671000.00,4.582958,94.07421875
08:00:52,912810UD8,TSRYS5870973,D,S,D,2024-10-23,671000.00,4.5817,94.08984375
08:00:52,912810UD8,TSRYS5870973,D,S,D,2024-10-23,671000.00,4.580129,94.109375
08:00:52,912810UD8,TSRYS5870973,D,S,D,2024-10-23,671000.00,4.579815,94.11328125
08:00:52,912810UD8,TSRYS5870973,D,S,D,2024-10-23,671000.00,4.580443,94.10546875
08:00:52,912810UD8,TSRYS5870973,D,S,D,2024-10-23,671000.00,4.579186,94.12109375
08:00:52,912810UD8,TSRYS5870973,D,S,D,2024-10-23,671000.00,4.579501,94.1171875
08:00:52,912810UD8,TSRYS5870973,D,S,D,2024-10-23,671000.00,4.579186,94.12109375
08:00:52,912810UD8,TSRYS5870973,D,S,D,2024-10-23,671000.00,4.577616,94.140625
08:00:52,912810UD8,TSRYS5870973,D,S,D,2024-10-23,671000.00,4.578244,94.1328125
08:00:52,912810UD8,TSRYS5870973,D,S,D,2024-10-23,671000.00,4.57793,94.13671875
08:00:52,912810UD8,TSRYS5870973,D,S,D,2024-10-23,671000.00,4.578558,94.12890625
08:00:52,912810UD8,TSRYS5870973,D,S,D,2024-10-23,671000.00,4.57636,94.15625
08:00:52,912810UD8,TSRYS5870973,D,S,D,2024-10-23,671000.00,4.575418,94.16796875
08:00:52,912810UD8,TSRYS5870973,D,S,D,2024-10-23,671000.00,4.575104,94.171875
08:00:52,912810UD8,TSRYS5870973,D,S,D,2024-10-23,671000.00,4.573848,94.1875
08:00:52,912810UD8,TSRYS5870973,D,S,D,2024-10-23,671000.00,4.574162,94.18359375
08:00:52,912810UD8,TSRYS5870973,D,S,D,2024-10-23,671000.00,4.573848,94.1875
08:00:52,912810UD8,TSRYS5870973,D,S,D,2024-10-23,671000.00,4.572907,94.19921875
08:00:52,912810UD8,TSRYS5870973,D,S,D,2024-10-23,671000.00,4.573534,94.19140625
08:00:52,912810UD8,TSRYS5870973,D,S,D,2024-10-23,671000.00,4.572907,94.19921875
08:00:53,912810UD8,TSRYS5870973,D,S,D,2024-10-23,671000.00,4.57322,94.1953125
08:00:53,912810UD8,TSRYS5870973,D,S,D,2024-10-23,671000.00,4.572907,94.19921875
08:00:53,912810UD8,TSRYS5870973,D,S,D,2024-10-23,671000.00,4.57322,94.1953125
08:00:53,912810UD8,TSRYS5870973,D,S,D,2024-10-23,671000.00,4.573848,94.1875
08:00:53,912810UD8,TSRYS5870973,D,S,D,2024-10-23,671000.00,4.575104,94.171875
08:00:53,912810UD8,TSRYS5870973,D,S,D,2024-10-23,671000.00,4.57479,94.17578125
08:00:53,912810UD8,TSRYS5870973,D,S,D,2024-10-23,671000.00,4.574476,94.1796875
08:00:53,912810UD8,TSRYS5870973,D,S,D,2024-10-23,671000.00,4.575104,94.171875
08:00:53,912810UD8,TSRYS5870973,D,S,D,2024-10-23,671000.00,4.575418,94.16796875
08:00:53,912810UD8,TSRYS5870973,D,S,D,2024-10-23,671000.00,4.57636,94.15625
08:00:53,912810UD8,TSRYS5870973,D,S,D,2024-10-23,671000.00,4.577302,94.14453125
08:00:53,912810UD8,TSRYS5870973,D,S,D,2024-10-23,671000.00,4.57636,94.15625
08:00:53,912810UD8,TSRYS5870973,D,S,D,2024-10-23,671000.00,4.574162,94.18359375
08:00:53,912810UD8,TSRYS5870973,D,S,D,2024-10-23,671000.00,4.575732,94.1640625
08:00:53,912810UD8,TSRYS5870973,D,S,C,2024-10-23,671000.00,4.575104,94.171875
08:00:54,912810UD8,TSRYS5870973,D,S,C,2024-10-23,671000.00,4.572907,94.19921875
08:00:55,912810UD8,TSRYS5870973,D,S,T,2024-10-23,1000000.00,4.573381,94.193309375
08:00:55,912810UD8,TSRYS5870973,D,S,T,2024-10-23,1000000.00,4.57448,94.1796375
08:00:55,912810UD8,TSRYS5870973,D,S,T,2024-10-23,1000000.00,4.57448,94.1796375
08:00:55,912810UD8,TSRYS5870973,D,S,D,2024-10-23,1000000.00,4.571024,94.22265625
08:00:55,912810UD8,TSRYS5870973,D,S,D,2024-10-23,1000000.00,4.571024,94.22265625
08:00:55,912810UD8,TSRYS5870973,D,S,C,2024-10-23,671000.00,4.571024,94.22265625
08:00:56,912810UD8,TSRYS5870973,D,S,C,2024-10-23,671000.00,4.569769,94.23828125
08:00:56,912810UD8,TSRYS5870973,D,S,D,2024-10-23,671000.00,4.575418,94.16796875
08:00:56,912810UD8,TSRYS5870973,D,S,C,2024-10-23,671000.00,4.575418,94.16796875
08:00:56,912810UD8,TSRYS5870973,D,S,C,2024-10-23,671000.00,4.575732,94.1640625
08:00:56,912810UD8,TSRYS5870973,D,S,C,2024-10-23,671000.00,4.57636,94.15625
08:00:57,912810UD8,TSRYS5870973,D,S,D,2024-10-23,671000.00,4.574162,94.18359375
08:00:58,912810UD8,TSRYS5870973,D,S,D,2024-10-23,671000.00,4.57479,94.17578125
08:00:58,912810UD8,TSRYS5870973,D,S,D,2024-10-23,671000.00,4.57479,94.17578125
08:00:58,912810UD8,TSRYS5870973,D,S,D,2024-10-23,671000.00,4.572593,94.203125
08:00:59,912810UD8,TSRYS5870973,D,S,D,2024-10-23,672000.00,4.573848,94.1875
08:00:59,912810UD8,TSRYS5870973,D,S,D,2024-10-23,671000.00,4.575418,94.16796875
08:00:59,912810UD8,TSRYS5870973,D,S,D,2024-10-23,672000.00,4.577302,94.14453125
08:00:59,912810UD8,TSRYS5870973,D,S,D,2024-10-23,935000.00,4.580758,94.1015625
08:00:59,912810UD8,TSRYS5870973,D,S,D,2024-10-23,671000.00,4.580443,94.10546875
08:00:59,912810UD8,TSRYS5870973,D,S,D,2024-10-23,672000.00,4.580443,94.10546875
08:01:00,912810UD8,TSRYS5870973,D,S,T,2024-10-23,1000000.00,4.583913,94.06235
08:01:00,912810UD8,TSRYS5870973,D,S,T,2024-10-23,1000000.00,4.583913,94.06235
08:01:00,912810UD8,TSRYS5870973,D,S,T,2024-10-23,1000000.00,4.583901,94.0625
08:01:00,912810UD8,TSRYS5870973,D,S,T,2024-10-23,1000000.00,4.583901,94.0625
08:01:00,912810UD8,TSRYS5870973,D,S,T,2024-10-23,1000000.00,4.583756,94.064303125
08:01:00,912810UD8,TSRYS5870973,D,S,D,2024-10-23,671000.00,4.583586,94.06640625
08:01:00,912810UD8,TSRYS5870973,D,S,T,2024-10-23,1000000.00,4.583913,94.06235
08:01:00,912810UD8,TSRYS5870973,D,S,D,2024-10-23,672000.00,4.585159,94.046875
08:01:00,912810UD8,TSRYS5870973,D,S,D,2024-10-23,671000.00,4.583901,94.0625
08:01:00,912810UD8,TSRYS5870973,D,B,A,2024-10-23,1000000.00,4.567094,94.2734375
08:01:00,912810UD8,TSRYS5870973,D,S,T,2024-10-23,1000000.00,4.583913,94.06235
08:01:00,912810UD8,TSRYS5870973,D,S,T,2024-10-23,1000000.00,4.583913,94.06235
08:01:01,912810UD8,TSRYS5870973,D,B,C,2024-10-23,1000000.00,4.573534,94.19140625
08:01:01,912810UD8,TSRYS5870973,D,S,D,2024-10-23,1000000.00,4.573848,94.1875
08:01:01,912810UD8,TSRYS5870973,D,S,D,2024-10-23,1000000.00,4.573534,94.19140625
08:01:01,912810UD8,TSRYS5870973,D,S,C,2024-10-23,1000000.00,4.5817,94.08984375
08:01:02,912810UD8,TSRYS5870973,D,S,D,2024-10-23,1000000.00,4.5817,94.08984375
08:01:02,912810UD8,TSRYS5870973,D,B,C,2024-10-23,1000000.00,4.578558,94.12890625
08:01:02,912810UD8,TSRYS5870973,D,B,C,2024-10-23,1000000.00,4.581072,94.09765625
08:01:02,912810UD8,TSRYS5870973,D,S,D,2024-10-23,1000000.00,4.579186,94.12109375
08:01:02,912810UD8,TSRYS5870973,D,S,D,2024-10-23,1000000.00,4.578558,94.12890625
08:01:02,912810UD8,TSRYS5870973,D,S,D,2024-10-23,1000000.00,4.581072,94.09765625
08:01:02,912810UD8,TSRYS5870973,D,S,C,2024-10-23,1000000.00,4.579186,94.12109375
08:01:02,912810UD8,TSRYS5870973,D,S,C,2024-10-23,1000000.00,4.583901,94.0625
08:01:02,912810UD8,TSRYS5870973,D,S,D,2024-10-23,672000.00,4.583586,94.06640625
08:01:03,912810UD8,TSRYS5870973,D,S,D,2024-10-23,1000000.00,4.57636,94.15625
08:01:03,912810UD8,TSRYS5870973,D,S,D,2024-10-23,1000000.00,4.573848,94.1875
08:01:03,912810UD8,TSRYS5870973,D,S,D,2024-10-23,1000000.00,4.573534,94.19140625
08:01:03,912810UD8,TSRYS5870973,D,S,D,2024-10-23,1000000.00,4.571024,94.22265625
08:01:03,912810UD8,TSRYS5870973,D,S,D,2024-10-23,1000000.00,4.571024,94.22265625
08:01:03,912810UD8,TSRYS5870973,D,S,C,2024-10-23,1000000.00,4.569455,94.2421875
08:01:03,912810UD8,TSRYS5870973,D,S,C,2024-10-23,1000000.00,4.571965,94.2109375
08:01:03,912810UD8,TSRYS5870973,D,S,D,2024-10-23,1000000.00,4.574476,94.1796875
08:01:03,912810UD8,TSRYS5870973,D,S,D,2024-10-23,1000000.00,4.574476,94.1796875
08:01:03,912810UD8,TSRYS5870973,D,S,C,2024-10-23,1000000.00,4.579186,94.12109375
08:01:03,912810UD8,TSRYS5870973,D,S,D,2024-10-23,1000000.00,4.579501,94.1171875
08:01:03,912810UD8,TSRYS5870973,D,S,D,2024-10-23,1000000.00,4.583901,94.0625
08:01:04,912810UD8,TSRYS5870973,D,S,D,2024-10-23,671000.00,4.585473,94.04296875
08:01:05,912810UD8,TSRYS5870973,D,S,A,2024-10-23,2000000.00,4.581072,94.09765625
08:01:05,912810UD8,TSRYS5870973,D,S,T,2024-10-23,1000000.00,4.586417,94.03125
08:01:05,912810UD8,TSRYS5870973,D,S,C,2024-10-23,672000.00,4.586417,94.03125
08:01:06,912810UD8,TSRYS5870973,D,S,D,2024-10-23,671000.00,4.587675,94.015625
08:01:06,912810UD8,TSRYS5870973,D,S,T,2024-10-23,1000000.00,4.587675,94.015625
08:01:06,912810UD8,TSRYS5870973,D,S,C,2024-10-23,672000.00,4.582958,94.07421875
08:01:06,912810UD8,TSRYS5870973,D,S,D,2024-10-23,671000.00,4.581072,94.09765625
08:01:06,912810UD8,TSRYS5870973,D,S,D,2024-10-23,672000.00,4.5817,94.08984375
08:01:06,912810UD8,TSRYS5870973,D,S,A,2024-10-23,542000.00,4.571338,94.21875
08:01:07,912810UD8,TSRYS5870973,D,S,D,2024-10-23,1000000.00,4.581386,94.09375
08:01:07,912810UD8,TSRYS5870973,D,S,D,2024-10-23,1000000.00,4.581386,94.09375
08:01:07,912810UD8,TSRYS5870973,D,S,D,2024-10-23,1000000.00,4.581386,94.09375
08:01:07,912810UD8,TSRYS5870973,D,S,D,2024-10-23,1000000.00,4.581386,94.09375
08:01:07,912810UD8,TSRYS5870973,D,S,D,2024-10-23,671000.00,4.582329,94.08203125
08:01:07,912810UD8,TSRYS5870973,D,S,D,2024-10-23,672000.00,4.582643,94.078125
08:01:07,912810UD8,TSRYS5870973,D,S,D,2024-10-23,671000.00,4.584844,94.05078125
08:01:07,912810UD8,TSRYS5870973,D,B,C,2024-10-23,50MM+,4.579459,94.117707295
08:01:07,912810UD8,TSRYS5870973,D,S,D,2024-10-23,672000.00,4.583901,94.0625
08:01:09,912810UD8,TSRYS5870973,D,S,A,2024-10-23,800000.00,4.578872,94.125
08:01:10,912810UD8,TSRYS5870973,D,S,A,2024-10-23,20739000.00,4.568828,94.25
08:01:11,912810UD8,TSRYS5870973,D,S,A,2024-10-23,800000.00,4.57322,94.1953125
08:01:12,912810UD8,TSRYS5870973,D,S,A,2024-10-23,192000.00,4.582643,94.078125
08:01:12,912810UD8,TSRYS5870973,D,S,T,2024-10-23,1000000.00,4.57636,94.15625
08:01:12,912810UD8,TSRYS5870973,D,S,A,2024-10-23,2000000.00,4.579501,94.1171875
08:01:12,912810UD8,TSRYS5870973,D,S,T,2024-10-23,1000000.00,4.580129,94.109375
08:01:16,912810UD8,TSRYS5870973,D,S,C,2024-10-23,16000000.00,4.573646,94.19001
08:01:17,912810UD8,TSRYS5870973,D,S,D,2024-10-23,1000000.00,4.578872,94.125
08:01:17,912810UD8,TSRYS5870973,D,S,T,2024-10-23,1000000.00,4.583901,94.0625
08:01:19,912810UD8,TSRYS5870973,D,S,D,2024-10-23,1000000.00,4.583901,94.0625
08:01:20,912810UD8,TSRYS5870973,D,S,T,2024-10-23,1000000.00,4.578872,94.125
08:01:21,912810UD8,TSRYS5870973,D,S,C,2024-10-23,16000000.00,4.574162,94.18359375
08:01:21,912810UD8,TSRYS5870973,D,S,A,2024-10-23,2000000.00,4.57258,94.203277
08:01:21,912810UD8,TSRYS5870973,D,S,A,2024-10-23,2000000.00,4.576347,94.156402
08:01:21,912810UD8,TSRYS5870973,D,S,A,2024-10-23,2000000.00,4.583889,94.062652
08:01:21,912810UD8,TSRYS5870973,D,S,A,2024-10-23,2000000.00,4.583889,94.062652
08:01:21,912810UD8,TSRYS5870973,D,S,A,2024-10-23,2000000.00,4.583889,94.062652
08:01:21,912810UD8,TSRYS5870973,D,S,A,2024-10-23,2000000.00,4.583889,94.062652
08:01:21,912810UD8,TSRYS5870973,D,S,A,2024-10-23,2000000.00,4.583889,94.062652
08:01:21,912810UD8,TSRYS5870973,D,B,C,2024-10-23,1000000.00,4.581386,94.09375
08:01:21,912810UD8,TSRYS5870973,D,S,D,2024-10-23,1000000.00,4.581386,94.09375
08:01:21,912810UD8,TSRYS5870973,D,B,C,2024-10-23,1000000.00,4.581386,94.09375
08:01:21,912810UD8,TSRYS5870973,D,S,C,2024-10-23,1000000.00,4.581386,94.09375
08:01:21,912810UD8,TSRYS5870973,D,B,A,2024-10-23,29000.00,4.57638,94.156
08:01:21,912810UD8,TSRYS5870973,D,B,A,2024-10-23,1610000.00,4.575104,94.171875
08:01:21,912810UD8,TSRYS5870973,D,S,D,2024-10-23,1000000.00,4.581386,94.09375
08:01:21,912810UD8,TSRYS5870973,D,S,D,2024-10-23,1000000.00,4.581386,94.09375
08:01:21,912810UD8,TSRYS5870973,D,B,C,2024-10-23,1000000.00,4.581386,94.09375
08:01:21,912810UD8,TSRYS5870973,D,B,C,2024-10-23,1000000.00,4.581386,94.09375
08:01:21,912810UD8,TSRYS5870973,D,S,A,2024-10-23,70000.00,4.575418,94.16796875
08:01:21,912810UD8,TSRYS5870973,D,S,D,2024-10-23,1000000.00,4.581386,94.09375
08:01:21,912810UD8,TSRYS5870973,D,B,C,2024-10-23,1000000.00,4.581386,94.09375
08:01:21,912810UD8,TSRYS5870973,D,B,C,2024-10-23,1000000.00,4.581386,94.09375
08:01:21,912810UD8,TSRYS5870973,D,S,D,2024-10-23,1000000.00,4.581386,94.09375
08:01:22,912810UD8,TSRYS5870973,D,S,C,2024-10-23,1000000.00,4.582015,94.0859375
08:01:23,912810UD8,TSRYS5870973,D,B,C,2024-10-23,2000000.00,4.573691,94.18945312
08:01:27,912810UD8,TSRYS5870973,D,S,C,2024-10-23,26000.00,4.582893,94.075025
08:01:28,912810UD8,TSRYS5870973,D,S,D,2024-10-23,3000000.00,4.578872,94.125
08:01:29,912810UD8,TSRYS5870973,D,S,A,2024-10-23,587000.00,4.57793,94.13671875
08:01:29,912810UD8,TSRYS5870973,D,S,D,2024-10-23,1000000.00,4.578872,94.125
08:01:29,912810UD8,TSRYS5870973,D,S,D,2024-10-23,1000000.00,4.578872,94.125
08:01:29,912810UD8,TSRYS5870973,D,S,C,2024-10-23,400000.00,4.581072,94.09765625
08:01:29,912810UD8,TSRYS5870973,D,S,T,2024-10-23,1000000.00,4.579186,94.12109375
08:01:30,912810UD8,TSRYS5870973,D,S,T,2024-10-23,1000000.00,4.586427,94.03112
08:01:30,912810UD8,TSRYS5870973,D,S,T,2024-10-23,1000000.00,4.586427,94.03112
08:01:30,912810UD8,TSRYS5870973,D,S,T,2024-10-23,2000000.00,4.586427,94.03112
08:01:30,912810UD8,TSRYS5870973,D,S,T,2024-10-23,1000000.00,4.586427,94.03112
08:01:31,912810UD8,TSRYS5870973,D,S,T,2024-10-23,1000000.00,4.586427,94.03112
08:01:31,912810UD8,TSRYS5870973,D,S,T,2024-10-23,1000000.00,4.586427,94.03112
08:01:31,912810UD8,TSRYS5870973,D,S,T,2024-10-23,1000000.00,4.586427,94.03112
08:01:31,912810UD8,TSRYS5870973,D,S,T,2024-10-23,2000000.00,4.586427,94.03112
08:01:31,912810UD8,TSRYS5870973,D,S,T,2024-10-23,1000000.00,4.586427,94.03112
08:01:31,912810UD8,TSRYS5870973,D,S,T,2024-10-23,1000000.00,4.586427,94.03112
08:01:31,912810UD8,TSRYS5870973,D,S,T,2024-10-23,2000000.00,4.586427,94.03112
08:01:31,912810UD8,TSRYS5870973,D,S,D,2024-10-23,1000000.00,4.573848,94.1875
08:01:31,912810UD8,TSRYS5870973,D,S,D,2024-10-23,1000000.00,4.573848,94.1875
08:01:31,912810UD8,TSRYS5870973,D,S,T,2024-10-23,1000000.00,4.586427,94.03112
08:01:31,912810UD8,TSRYS5870973,D,S,T,2024-10-23,1000000.00,4.586427,94.03112
08:01:31,912810UD8,TSRYS5870973,D,S,T,2024-10-23,1000000.00,4.586427,94.03112
08:01:31,912810UD8,TSRYS5870973,D,S,T,2024-10-23,1000000.00,4.586427,94.03112
08:01:31,912810UD8,TSRYS5870973,D,S,D,2024-10-23,1000000.00,4.573848,94.1875
08:01:31,912810UD8,TSRYS5870973,D,S,D,2024-10-23,1000000.00,4.573691,94.189453125
08:01:31,912810UD8,TSRYS5870973,D,S,T,2024-10-23,1000000.00,4.586427,94.03112
08:01:31,912810UD8,TSRYS5870973,D,S,T,2024-10-23,2000000.00,4.586427,94.03112
08:01:31,912810UD8,TSRYS5870973,D,S,T,2024-10-23,2000000.00,4.586427,94.03112
08:01:31,912810UD8,TSRYS5870973,D,S,T,2024-10-23,3000000.00,4.586427,94.03112
08:01:31,912810UD8,TSRYS5870973,D,S,T,2024-10-23,3000000.00,4.586427,94.03112
08:01:31,912810UD8,TSRYS5870973,D,S,T,2024-10-23,1000000.00,4.586427,94.03112
08:01:31,912810UD8,TSRYS5870973,D,S,D,2024-10-23,1000000.00,4.579186,94.12109375
08:01:32,912810UD8,TSRYS5870973,D,S,D,2024-10-23,1000000.00,4.579186,94.12109375
08:01:32,912810UD8,TSRYS5870973,D,S,C,2024-10-23,5000.00,4.582611,94.078525
08:01:32,912810UD8,TSRYS5870973,D,B,A,2024-10-23,4276000.00,4.568828,94.25
08:01:33,912810UD8,TSRYS5870973,D,S,A,2024-10-23,518000.00,4.575418,94.16796875
08:01:33,912810UD8,TSRYS5870973,D,S,D,2024-10-23,1000000.00,4.579186,94.12109375
08:01:33,912810UD8,TSRYS5870973,D,S,D,2024-10-23,1000000.00,4.578872,94.125
08:01:33,912810UD8,TSRYS5870973,D,S,D,2024-10-23,1000000.00,4.579186,94.12109375
08:01:33,912810UD8,TSRYS5870973,D,S,T,2024-10-23,1000000.00,4.579186,94.12109375
08:01:33,912810UD8,TSRYS5870973,D,S,D,2024-10-23,1000000.00,4.579186,94.12109375
08:01:33,912810UD8,TSRYS5870973,D,S,D,2024-10-23,1000000.00,4.579186,94.12109375
08:01:33,912810UD8,TSRYS5870973,D,S,D,2024-10-23,935000.00,4.580758,94.1015625
08:01:33,912810UD8,TSRYS5870973,D,S,D,2024-10-23,1000000.00,4.579186,94.12109375
08:01:33,912810UD8,TSRYS5870973,D,S,D,2024-10-23,1000000.00,4.579029,94.12304687
08:01:33,912810UD8,TSRYS5870973,D,S,D,2024-10-23,1000000.00,4.579029,94.12304687
08:01:34,912810UD8,TSRYS5870973,D,S,C,2024-10-23,1000000.00,4.579186,94.12109375
08:01:35,912810UD8,TSRYS5870973,D,S,T,2024-10-23,1000000.00,4.581386,94.09375
08:01:35,912810UD8,TSRYS5870973,D,S,T,2024-10-23,1000000.00,4.581386,94.09375
08:01:35,912810UD8,TSRYS5870973,D,S,T,2024-10-23,1000000.00,4.581229,94.095703125
08:01:36,912810UD8,TSRYS5870973,D,S,D,2024-10-23,5000.00,,94.078525
08:01:36,912810UD8,TSRYS5870973,D,S,C,2024-10-23,15000.00,4.583554,94.06680625
08:01:36,912810UD8,TSRYS5870973,D,S,C,2024-10-23,12000.00,4.583554,94.06680625
08:01:36,912810UD8,TSRYS5870973,D,S,D,2024-10-23,1000000.00,4.580129,94.109375
08:01:37,912810UD8,TSRYS5870973,D,S,D,2024-10-23,1000000.00,4.580915,94.09960937
08:01:37,912810UD8,TSRYS5870973,D,B,C,2024-10-23,15000000.00,4.579432,94.11804
08:01:37,912810UD8,TSRYS5870973,D,S,A,2024-10-23,500000.00,4.580129,94.109375
08:01:38,912810UD8,TSRYS5870973,D,S,A,2024-10-23,50300.00,4.581738,94.08984375
08:01:38,912810UD8,TSRYS5870973,D,S,C,2024-10-23,3000000.00,4.578391,94.13099
08:01:39,912810UD8,TSRYS5870973,D,S,C,2024-10-23,6000000.00,4.578381,94.13111
08:01:39,912810UD8,TSRYS5870973,D,S,C,2024-10-23,3000000.00,4.578384,94.13107
08:01:39,912810UD8,TSRYS5870973,D,S,D,2024-10-23,1000000.00,4.580129,94.109375
08:01:39,912810UD8,TSRYS5870973,D,B,C,2024-10-23,3000000.00,4.580443,94.10546875
08:01:39,912810UD8,TSRYS5870973,D,S,D,2024-10-23,3000000.00,4.580443,94.10546875
08:01:39,912810UD8,TSRYS5870973,D,S,D,2024-10-23,1000000.00,4.580129,94.109375
08:01:39,912810UD8,TSRYS5870973,D,S,D,2024-10-23,1000000.00,4.580129,94.109375
08:01:39,912810UD8,TSRYS5870973,D,S,D,2024-10-23,1000000.00,4.580129,94.109375
08:01:39,912810UD8,TSRYS5870973,D,B,C,2024-10-23,1000000.00,4.580129,94.109375
08:01:39,912810UD8,TSRYS5870973,D,S,D,2024-10-23,1000000.00,4.579972,94.111328125
08:01:39,912810UD8,TSRYS5870973,D,S,D,2024-10-23,1000000.00,4.579658,94.115234375
08:01:39,912810UD8,TSRYS5870973,D,S,D,2024-10-23,1000000.00,4.579658,94.115234375
08:01:39,912810UD8,TSRYS5870973,D,S,D,2024-10-23,1000000.00,4.579658,94.115234375
08:01:39,912810UD8,TSRYS5870973,D,S,D,2024-10-23,1000000.00,4.579186,94.12109375
08:01:39,912810UD8,TSRYS5870973,D,S,A,2024-10-23,1000000.00,4.573534,94.19140625
08:01:39,912810UD8,TSRYS5870973,D,B,A,2024-10-23,518000.00,4.575418,94.16796875
08:01:40,912810UD8,TSRYS5870973,D,S,D,2024-10-23,1000000.00,4.581543,94.091796875
08:01:41,912810UD8,TSRYS5870973,D,S,A,2024-10-23,1000000.00,4.575418,94.16796875
08:01:41,912810UD8,TSRYS5870973,D,S,A,2024-10-23,10000.00,4.582681,94.078125
08:01:41,912810UD8,TSRYS5870973,D,S,D,2024-10-23,12000.00,,94.06680625
08:01:41,912810UD8,TSRYS5870973,D,S,D,2024-10-23,15000.00,,94.06680625
08:01:42,912810UD8,TSRYS5870973,D,S,T,2024-10-23,1000000.00,4.572603,94.202995
08:01:43,912810UD8,TSRYS5870973,D,S,T,2024-10-23,1000000.00,4.572603,94.202995
08:01:47,912810UD8,TSRYS5870973,D,S,T,2024-10-23,1000000.00,4.580129,94.109375
08:01:47,912810UD8,TSRYS5870973,D,S,T,2024-10-23,1000000.00,4.580129,94.109375
08:01:47,912810UD8,TSRYS5870973,D,S,D,2024-10-23,1000000.00,4.582329,94.08203125
08:01:47,912810UD8,TSRYS5870973,D,S,D,2024-10-23,1000000.00,4.582329,94.08203125
08:01:47,912810UD8,TSRYS5870973,D,S,D,2024-10-23,1000000.00,4.581858,94.087890625
08:01:47,912810UD8,TSRYS5870973,D,S,D,2024-10-23,1000000.00,4.582015,94.0859375
08:01:47,912810UD8,TSRYS5870973,D,S,T,2024-10-23,1000000.00,4.580129,94.109375
08:01:47,912810UD8,TSRYS5870973,D,S,T,2024-10-23,1000000.00,4.580129,94.109375
08:01:48,912810UD8,TSRYS5870973,D,S,T,2024-10-23,1000000.00,4.580129,94.109375
08:01:48,912810UD8,TSRYS5870973,D,S,T,2024-10-23,1000000.00,4.580129,94.109375
08:01:48,912810UD8,TSRYS5870973,D,S,T,2024-10-23,1000000.00,4.580129,94.109375
08:01:48,912810UD8,TSRYS5870973,D,S,T,2024-10-23,1000000.00,4.580129,94.109375
08:01:48,912810UD8,TSRYS5870973,D,S,D,2024-10-23,1000000.00,4.580129,94.109375
08:01:48,912810UD8,TSRYS5870973,D,S,D,2024-10-23,1000000.00,4.579972,94.111328125
08:01:48,912810UD8,TSRYS5870973,D,S,T,2024-10-23,1000000.00,4.580129,94.109375
08:01:49,912810UD8,TSRYS5870973,D,S,D,2024-10-23,1000000.00,4.577145,94.146484375
08:01:49,912810UD8,TSRYS5870973,D,S,T,2024-10-23,1000000.00,4.580129,94.109375
08:01:50,912810UD8,TSRYS5870973,D,S,D,2024-10-23,1000000.00,4.579186,94.12109375
08:01:50,912810UD8,TSRYS5870973,D,S,D,2024-10-23,1000000.00,4.579186,94.12109375
08:01:50,912810UD8,TSRYS5870973,D,S,C,2024-10-23,1000000.00,4.581386,94.09375
08:01:50,912810UD8,TSRYS5870973,D,S,C,2024-10-23,1000000.00,4.581229,94.095703125
08:01:51,912810UD8,TSRYS5870973,D,S,C,2024-10-23,1000000.00,4.575575,94.166015625
08:01:52,912810UD8,TSRYS5870973,D,S,D,2024-10-23,1000000.00,4.575418,94.16796875
08:01:52,912810UD8,TSRYS5870973,D,S,C,2024-10-23,1000000.00,4.577145,94.14648437
08:01:52,912810UD8,TSRYS5870973,D,S,C,2024-10-23,1000000.00,4.577459,94.14257812
08:01:52,912810UD8,TSRYS5870973,D,S,C,2024-10-23,1000000.00,4.577459,94.14257812
08:01:52,912810UD8,TSRYS5870973,D,S,T,2024-10-23,1000000.00,4.577632,94.140425
08:01:52,912810UD8,TSRYS5870973,D,S,T,2024-10-23,1000000.00,4.577632,94.140425
08:01:52,912810UD8,TSRYS5870973,D,S,C,2024-10-23,10000000.00,4.581276,94.09512
08:01:53,912810UD8,TSRYS5870973,D,S,D,2024-10-23,1000000.00,4.580286,94.10742187
08:01:53,912810UD8,TSRYS5870973,D,S,D,2024-10-23,1000000.00,4.580286,94.10742187
08:01:53,912810UD8,TSRYS5870973,D,S,D,2024-10-23,1000000.00,4.580286,94.10742187
08:01:53,912810UD8,TSRYS5870973,D,S,C,2024-10-23,1000000.00,4.575261,94.169921875
08:01:53,912810UD8,TSRYS5870973,D,S,D,2024-10-23,1000000.00,4.580286,94.10742187
08:01:53,912810UD8,TSRYS5870973,D,S,D,2024-10-23,1000000.00,4.580286,94.10742187
08:01:53,912810UD8,TSRYS5870973,D,S,D,2024-10-23,1000000.00,4.580286,94.10742187
08:01:53,912810UD8,TSRYS5870973,D,S,D,2024-10-23,1000000.00,4.580286,94.10742187
08:01:53,912810UD8,TSRYS5870973,D,S,D,2024-10-23,1000000.00,4.580286,94.10742187
08:01:53,912810UD8,TSRYS5870973,D,S,D,2024-10-23,1000000.00,4.568828,94.25
08:01:54,912810UD8,TSRYS5870973,D,S,D,2024-10-23,1000000.00,4.57275,94.201171875
08:01:54,912810UD8,TSRYS5870973,D,S,D,2024-10-23,1000000.00,4.57275,94.201171875
08:01:54,912810UD8,TSRYS5870973,D,S,D,2024-10-23,1000000.00,4.57275,94.201171875
08:01:55,912810UD8,TSRYS5870973,D,S,D,2024-10-23,1000000.00,4.573063,94.197265625
08:01:56,912810UD8,TSRYS5870973,D,S,C,2024-10-23,5000.00,4.582611,94.178525
08:01:56,912810UD8,TSRYS5870973,D,S,D,2024-10-23,1000000.00,4.574162,94.18359375
08:01:56,912810UD8,TSRYS5870973,D,S,D,2024-10-23,1000000.00,4.573691,94.189453125
08:01:56,912810UD8,TSRYS5870973,D,B,C,2024-10-23,1000000.00,4.561322,94.34355
08:01:56,912810UD8,TSRYS5870973,D,S,C,2024-10-23,1000000.00,4.561306,94.34375
08:01:56,912810UD8,TSRYS5870973,D,S,C,2024-10-23,1000000.00,4.561306,94.34375
08:01:56,912810UD8,TSRYS5870973,D,B,C,2024-10-23,1000000.00,4.561322,94.34355
08:01:56,912810UD8,TSRYS5870973,D,S,C,2024-10-23,1000000.00,4.582643,94.078125
08:01:57,912810UD8,TSRYS5870973,D,S,D,2024-10-23,2000000.00,4.586102,94.03515625
08:01:57,912810UD8,TSRYS5870973,D,B,C,2024-10-23,2000000.00,4.586102,94.03515625
08:01:57,912810UD8,TSRYS5870973,D,S,D,2024-10-23,1000000.00,4.58453,94.0546875
08:01:57,912810UD8,TSRYS5870973,D,S,C,2024-10-23,1000000.00,4.563813,94.3125
08:01:58,912810UD8,TSRYS5870973,D,S,C,2024-10-23,1000000.00,4.56632,94.28125
08:01:58,912810UD8,TSRYS5870973,D,S,C,2024-10-23,1000000.00,4.56632,94.28125
08:01:59,912810UD8,TSRYS5870973,D,S,A,2024-10-23,36400000.00,4.579186,94.12109375
08:02:00,912810UD8,TSRYS5870973,D,S,D,2024-10-23,1000000.00,4.580286,94.107421875
08:02:00,912810UD8,TSRYS5870973,D,B,C,2024-10-23,1000000.00,4.580286,94.107421875
08:02:00,912810UD8,TSRYS5870973,D,S,D,2024-10-23,1000000.00,4.579501,94.1171875
08:02:00,912810UD8,TSRYS5870973,D,B,C,2024-10-23,1000000.00,4.579501,94.1171875
08:02:00,912810UD8,TSRYS5870973,D,B,C,2024-10-23,1000000.00,4.56508,94.2967
08:02:00,912810UD8,TSRYS5870973,D,S,C,2024-10-23,1000000.00,4.568812,94.2502
08:02:00,912810UD8,TSRYS5870973,D,S,C,2024-10-23,1000000.00,4.568812,94.2502
08:02:00,912810UD8,TSRYS5870973,D,S,D,2024-10-23,1000000.00,4.565066,94.296875
08:02:00,912810UD8,TSRYS5870973,D,S,D,2024-10-23,1000000.00,4.57636,94.15625
08:02:01,912810UD8,TSRYS5870973,D,S,T,2024-10-23,1000000.00,4.580129,94.109375
08:02:01,912810UD8,TSRYS5870973,D,S,T,2024-10-23,1000000.00,4.580129,94.109375
08:02:01,912810UD8,TSRYS5870973,D,S,T,2024-10-23,1000000.00,4.580129,94.109375
08:02:01,912810UD8,TSRYS5870973,D,S,T,2024-10-23,1000000.00,4.579658,94.115234375
08:02:01,912810UD8,TSRYS5870973,D,S,T,2024-10-23,1000000.00,4.579658,94.115234375
08:02:01,912810UD8,TSRYS5870973,D,S,T,2024-10-23,1000000.00,4.579658,94.115234375
08:02:01,912810UD8,TSRYS5870973,D,S,T,2024-10-23,1000000.00,4.579501,94.1171875
08:02:01,912810UD8,TSRYS5870973,D,S,T,2024-10-23,1000000.00,4.579186,94.12109375
08:02:01,912810UD8,TSRYS5870973,D,S,T,2024-10-23,1000000.00,4.581229,94.095703125
08:02:01,912810UD8,TSRYS5870973,D,S,T,2024-10-23,1000000.00,4.575575,94.166015625
08:02:01,912810UD8,TSRYS5870973,D,S,T,2024-10-23,1000000.00,4.575575,94.166015625
08:02:01,912810UD8,TSRYS5870973,D,S,T,2024-10-23,1000000.00,4.578401,94.130859375
08:02:01,912810UD8,TSRYS5870973,D,S,T,2024-10-23,1000000.00,4.572593,94.203125
08:02:01,912810UD8,TSRYS5870973,D,S,D,2024-10-23,1000000.00,4.572593,94.203125
08:02:01,912810UD8,TSRYS5870973,D,S,D,2024-10-23,500000.00,4.578244,94.1328125
08:02:01,912810UD8,TSRYS5870973,D,S,T,2024-10-23,1000000.00,4.572907,94.19921875
08:02:01,912810UD8,TSRYS5870973,D,S,T,2024-10-23,1000000.00,4.563813,94.3125
08:02:02,912810UD8,TSRYS5870973,D,S,T,2024-10-23,1000000.00,4.577616,94.140625
08:02:02,912810UD8,TSRYS5870973,D,S,T,2024-10-23,1000000.00,4.577616,94.140625
08:02:02,912810UD8,TSRYS5870973,D,S,T,2024-10-23,1000000.00,4.582643,94.078125
08:02:02,912810UD8,TSRYS5870973,D,S,D,2024-10-23,1000000.00,4.573377,94.193359375
08:02:02,912810UD8,TSRYS5870973,D,S,D,2024-10-23,1000000.00,4.573534,94.19140625
08:02:02,912810UD8,TSRYS5870973,D,S,D,2024-10-23,1000000.00,4.573377,94.193359375
08:02:02,912810UD8,TSRYS5870973,D,S,D,2024-10-23,1000000.00,4.573534,94.19140625
08:02:02,912810UD8,TSRYS5870973,D,S,D,2024-10-23,1000000.00,4.573691,94.189453125
08:02:02,912810UD8,TSRYS5870973,D,S,D,2024-10-23,2000000.00,4.573377,94.193359375
08:02:02,912810UD8,TSRYS5870973,D,B,C,2024-10-23,2000000.00,4.573377,94.193359375
08:02:02,912810UD8,TSRYS5870973,D,S,T,2024-10-23,1000000.00,4.582643,94.078125
08:02:02,912810UD8,TSRYS5870973,D,S,T,2024-10-23,1000000.00,4.581386,94.09375
08:02:02,912810UD8,TSRYS5870973,D,S,T,2024-10-23,1000000.00,4.57636,94.15625
08:02:02,912810UD8,TSRYS5870973,D,S,T,2024-10-23,1000000.00,4.57636,94.15625
08:02:02,912810UD8,TSRYS5870973,D,S,T,2024-10-23,1000000.00,4.572593,94.203125
08:02:02,912810UD8,TSRYS5870973,D,S,T,2024-10-23,1000000.00,4.572593,94.203125
08:02:02,912810UD8,TSRYS5870973,D,S,T,2024-10-23,1000000.00,4.573848,94.1875
08:02:02,912810UD8,TSRYS5870973,D,S,T,2024-10-23,1000000.00,4.573848,94.1875
08:02:02,912810UD8,TSRYS5870973,D,S,T,2024-10-23,1000000.00,4.57636,94.15625
08:02:02,912810UD8,TSRYS5870973,D,S,T,2024-10-23,1000000.00,4.583901,94.0625
08:02:02,912810UD8,TSRYS5870973,D,S,T,2024-10-23,1000000.00,4.57636,94.15625
08:02:02,912810UD8,TSRYS5870973,D,S,T,2024-10-23,1000000.00,4.577616,94.140625
08:02:02,912810UD8,TSRYS5870973,D,S,T,2024-10-23,1000000.00,4.577616,94.140625
08:02:03,912810UD8,TSRYS5870973,D,S,T,2024-10-23,1000000.00,4.573848,94.1875
08:02:03,912810UD8,TSRYS5870973,D,S,T,2024-10-23,1000000.00,4.573848,94.1875
08:02:03,912810UD8,TSRYS5870973,D,S,T,2024-10-23,1000000.00,4.570083,94.234375
08:02:03,912810UD8,TSRYS5870973,D,S,T,2024-10-23,1000000.00,4.573848,94.1875
08:02:03,912810UD8,TSRYS5870973,D,S,T,2024-10-23,1000000.00,4.571338,94.21875
08:02:03,912810UD8,TSRYS5870973,D,S,T,2024-10-23,1000000.00,4.585159,94.046875
08:02:03,912810UD8,TSRYS5870973,D,S,T,2024-10-23,1000000.00,4.586417,94.03125
08:02:03,912810UD8,TSRYS5870973,D,S,T,2024-10-23,1000000.00,4.582643,94.078125
08:02:03,912810UD8,TSRYS5870973,D,S,T,2024-10-23,1000000.00,4.581386,94.09375
08:02:03,912810UD8,TSRYS5870973,D,S,T,2024-10-23,1000000.00,4.582643,94.078125
08:02:03,912810UD8,TSRYS5870973,D,S,T,2024-10-23,1000000.00,4.582643,94.078125
08:02:03,912810UD8,TSRYS5870973,D,S,T,2024-10-23,1000000.00,4.582643,94.078125
08:02:04,912810UD8,TSRYS5870973,D,S,D,2024-10-23,295000.00,4.583587,94.066406
08:02:04,912810UD8,TSRYS5870973,D,S,D,2024-10-23,2000000.00,4.574476,94.1796875
08:02:06,912810UD8,TSRYS5870973,D,S,D,2024-10-23,1000000.00,4.571024,94.22265625
08:02:06,912810UD8,TSRYS5870973,D,B,C,2024-10-23,1000000.00,4.571338,94.21875
08:02:06,912810UD8,TSRYS5870973,D,S,C,2024-10-23,5000000.00,4.572928,94.19895
08:02:07,912810UD8,TSRYS5870973,D,S,C,2024-10-23,1000000.00,4.569769,94.23828125
08:02:07,912810UD8,TSRYS5870973,D,S,C,2024-10-23,1000000.00,4.569299,94.24414062
08:02:07,912810UD8,TSRYS5870973,D,S,C,2024-10-23,1000000.00,4.569299,94.24414062
08:02:07,912810UD8,TSRYS5870973,D,S,C,2024-10-23,1000000.00,4.569299,94.24414062
08:02:07,912810UD8,TSRYS5870973,D,S,C,2024-10-23,1000000.00,4.569455,94.2421875
08:02:07,912810UD8,TSRYS5870973,D,S,D,2024-10-23,1000000.00,4.569455,94.2421875
08:02:07,912810UD8,TSRYS5870973,D,S,D,2024-10-23,1000000.00,4.569769,94.23828125
08:02:07,912810UD8,TSRYS5870973,D,S,D,2024-10-23,1000000.00,4.569769,94.23828125
08:02:07,912810UD8,TSRYS5870973,D,S,D,2024-10-23,1000000.00,4.569769,94.23828125
08:02:07,912810UD8,TSRYS5870973,D,S,C,2024-10-23,1000000.00,4.569769,94.23828125
08:02:07,912810UD8,TSRYS5870973,D,S,C,2024-10-23,1000000.00,4.569769,94.23828125
08:02:07,912810UD8,TSRYS5870973,D,S,D,2024-10-23,1000000.00,4.574633,94.177734375
08:02:07,912810UD8,TSRYS5870973,D,S,D,2024-10-23,1000000.00,4.571965,94.2109375
08:02:08,912810UD8,TSRYS5870973,D,S,D,2024-10-23,1000000.00,4.574319,94.18164062
08:02:08,912810UD8,TSRYS5870973,D,S,D,2024-10-23,1000000.00,4.574476,94.1796875
08:02:08,912810UD8,TSRYS5870973,D,S,D,2024-10-23,1000000.00,4.575104,94.172175
08:02:08,912810UD8,TSRYS5870973,D,S,D,2024-10-23,1000000.00,4.574633,94.177734375
08:02:08,912810UD8,TSRYS5870973,D,S,D,2024-10-23,1000000.00,4.574633,94.177734375
08:02:08,912810UD8,TSRYS5870973,D,S,D,2024-10-23,1000000.00,4.574633,94.17773437
08:02:08,912810UD8,TSRYS5870973,D,S,D,2024-10-23,1000000.00,4.574633,94.17773437
08:02:08,912810UD8,TSRYS5870973,D,S,D,2024-10-23,1000000.00,4.574633,94.17773437
08:02:08,912810UD8,TSRYS5870973,D,S,D,2024-10-23,1000000.00,4.574633,94.17773437
08:02:08,912810UD8,TSRYS5870973,D,S,D,2024-10-23,1000000.00,4.571338,94.21875
08:02:08,912810UD8,TSRYS5870973,D,S,D,2024-10-23,1000000.00,4.574633,94.17773437
08:02:08,912810UD8,TSRYS5870973,D,S,T,2024-10-23,1000000.00,4.574633,94.17773437
08:02:08,912810UD8,TSRYS5870973,D,S,D,2024-10-23,1000000.00,4.574633,94.17773437
08:02:08,912810UD8,TSRYS5870973,D,S,D,2024-10-23,1000000.00,4.574633,94.17773437
08:02:09,912810UD8,TSRYS5870973,D,S,D,2024-10-23,1000000.00,4.574476,94.1796875
08:02:09,912810UD8,TSRYS5870973,D,S,D,2024-10-23,1000000.00,4.574633,94.17773437
08:02:09,912810UD8,TSRYS5870973,D,S,D,2024-10-23,1000000.00,4.574476,94.1796875
08:02:09,912810UD8,TSRYS5870973,D,S,D,2024-10-23,1000000.00,4.574633,94.17773437
08:02:09,912810UD8,TSRYS5870973,D,S,D,2024-10-23,1000000.00,4.574476,94.1796875
08:02:10,912810UD8,TSRYS5870973,D,S,D,2024-10-23,1000000.00,4.574633,94.17773437
08:02:10,912810UD8,TSRYS5870973,D,S,D,2024-10-23,1000000.00,4.574633,94.17773437
08:02:10,912810UD8,TSRYS5870973,D,S,D,2024-10-23,1000000.00,4.574476,94.1796875
08:02:10,912810UD8,TSRYS5870973,D,S,T,2024-10-23,1000000.00,4.574633,94.17773437
08:02:10,912810UD8,TSRYS5870973,D,S,T,2024-10-23,1000000.00,4.574633,94.17773437
08:02:10,912810UD8,TSRYS5870973,D,S,D,2024-10-23,1000000.00,4.572279,94.20703125
08:02:10,912810UD8,TSRYS5870973,D,S,D,2024-10-23,1000000.00,4.572279,94.20703125
08:02:10,912810UD8,TSRYS5870973,D,S,D,2024-10-23,1000000.00,4.572279,94.20703125
08:02:10,912810UD8,TSRYS5870973,D,S,D,2024-10-23,1000000.00,4.574476,94.1796875
08:02:10,912810UD8,TSRYS5870973,D,S,D,2024-10-23,1000000.00,4.574633,94.17773437
08:02:11,912810UD8,TSRYS5870973,D,S,C,2024-10-23,1000000.00,4.579344,94.11914062
08:02:11,912810UD8,TSRYS5870973,D,S,D,2024-10-23,1000000.00,4.579501,94.1171875
08:02:11,912810UD8,TSRYS5870973,D,S,C,2024-10-23,1000000.00,4.579344,94.11914062
08:02:11,912810UD8,TSRYS5870973,D,S,D,2024-10-23,1000000.00,4.579501,94.1171875
08:02:11,912810UD8,TSRYS5870973,D,S,C,2024-10-23,1000000.00,4.579186,94.12109375
08:02:11,912810UD8,TSRYS5870973,D,S,C,2024-10-23,1000000.00,4.579186,94.12109375
08:02:11,912810UD8,TSRYS5870973,D,S,D,2024-10-23,1000000.00,4.579186,94.12109375
08:02:11,912810UD8,TSRYS5870973,D,S,D,2024-10-23,1000000.00,4.579501,94.1171875
08:02:11,912810UD8,TSRYS5870973,D,S,D,2024-10-23,1000000.00,4.579186,94.12109375
08:02:11,912810UD8,TSRYS5870973,D,S,D,2024-10-23,1000000.00,4.579186,94.12109375
08:02:11,912810UD8,TSRYS5870973,D,S,D,2024-10-23,1000000.00,4.579501,94.1171875
08:02:11,912810UD8,TSRYS5870973,D,S,D,2024-10-23,1000000.00,4.579501,94.1171875
08:02:11,912810UD8,TSRYS5870973,D,S,D,2024-10-23,1000000.00,4.579501,94.1171875
08:02:11,912810UD8,TSRYS5870973,D,S,D,2024-10-23,1000000.00,4.582329,94.08203125
08:02:12,912810UD8,TSRYS5870973,D,S,D,2024-10-23,1000000.00,4.583901,94.0625
08:02:12,912810UD8,TSRYS5870973,D,S,D,2024-10-23,1000000.00,4.583901,94.0625
08:02:12,912810UD8,TSRYS5870973,D,S,D,2024-10-23,1000000.00,4.583901,94.0625
08:02:12,912810UD8,TSRYS5870973,D,S,D,2024-10-23,1000000.00,4.585159,94.047175
08:02:12,912810UD8,TSRYS5870973,D,S,D,2024-10-23,1000000.00,4.583272,94.0703125
08:02:12,912810UD8,TSRYS5870973,D,S,D,2024-10-23,1000000.00,4.583272,94.0703125
08:02:12,912810UD8,TSRYS5870973,D,S,D,2024-10-23,1000000.00,4.583272,94.0703125
08:02:12,912810UD8,TSRYS5870973,D,S,D,2024-10-23,1000000.00,4.583272,94.0703125
08:02:12,912810UD8,TSRYS5870973,D,S,D,2024-10-23,1000000.00,4.583272,94.0703125
08:02:14,912810UD8,TSRYS5870973,D,B,C,2024-10-23,1000000.00,4.586417,94.03125
08:02:14,912810UD8,TSRYS5870973,D,B,C,2024-10-23,1000000.00,4.586417,94.03125
08:02:14,912810UD8,TSRYS5870973,D,S,D,2024-10-23,1000000.00,4.5817,94.08984375
08:02:16,912810UD8,TSRYS5870973,D,S,D,2024-10-23,1000000.00,4.581543,94.091796875
08:02:16,912810UD8,TSRYS5870973,D,B,C,2024-10-23,1000000.00,4.581543,94.091796875
08:02:16,912810UD8,TSRYS5870973,D,S,D,2024-10-23,1000000.00,4.585788,94.0390625
08:02:16,912810UD8,TSRYS5870973,D,S,D,2024-10-23,1000000.00,4.58563,94.04101562
08:02:17,912810UD8,TSRYS5870973,D,S,D,2024-10-23,1000000.00,4.582643,94.078125
08:02:20,912810UD8,TSRYS5870973,D,S,D,2024-10-23,1000000.00,4.567562,94.265777
08:02:21,912810UD8,TSRYS5870973,D,S,A,2024-10-23,50000.00,4.577616,94.140625
08:02:21,912810UD8,TSRYS5870973,D,S,D,2024-10-23,95000.00,4.580443,94.10546875
08:02:22,912810UD8,TSRYS5870973,D,S,D,2024-10-23,260000.00,4.582643,94.078125
08:02:22,912810UD8,TSRYS5870973,D,S,C,2024-10-23,500000.00,4.586102,94.03515625
08:02:22,912810UD8,TSRYS5870973,D,S,C,2024-10-23,250000.00,4.588304,94.0078125
08:02:22,912810UD8,TSRYS5870973,D,S,D,2024-10-23,100000.00,4.585473,94.04296875
08:02:26,912810UD8,TSRYS5870973,D,S,A,2024-10-23,800000.00,4.581072,94.09765625
08:02:27,912810UD8,TSRYS5870973,D,S,D,2024-10-23,1000000.00,4.5817,94.08984375
08:02:28,912810UD8,TSRYS5870973,D,B,C,2024-10-23,1000000.00,4.578872,94.125
08:02:28,912810UD8,TSRYS5870973,D,S,D,2024-10-23,1000000.00,4.578872,94.125
08:02:29,912810UD8,TSRYS5870973,D,S,C,2024-10-23,1000000.00,4.582643,94.078125
08:02:30,912810UD8,TSRYS5870973,D,B,C,2024-10-23,1000000.00,4.573848,94.1875
08:02:30,912810UD8,TSRYS5870973,D,S,D,2024-10-23,1000000.00,4.573848,94.1875
08:02:30,912810UD8,TSRYS5870973,D,S,C,2024-10-23,1000000.00,4.57636,94.15625
08:02:31,912810UD8,TSRYS5870973,D,S,T,2024-10-23,1000000.00,4.581543,94.091796875
08:02:31,912810UD8,TSRYS5870973,D,B,C,2024-10-23,1000000.00,4.573848,94.1875
08:02:31,912810UD8,TSRYS5870973,D,S,D,2024-10-23,1000000.00,4.573848,94.1875
08:02:32,912810UD8,TSRYS5870973,D,S,T,2024-10-23,1000000.00,4.580129,94.109375
08:02:32,912810UD8,TSRYS5870973,D,S,D,2024-10-23,1000000.00,4.573848,94.1875
08:02:32,912810UD8,TSRYS5870973,D,B,C,2024-10-23,1000000.00,4.573848,94.1875
08:02:32,912810UD8,TSRYS5870973,D,S,C,2024-10-23,1000000.00,4.573848,94.1875
08:02:32,912810UD8,TSRYS5870973,D,B,C,2024-10-23,1000000.00,4.573848,94.1875
08:02:32,912810UD8,TSRYS5870973,D,S,T,2024-10-23,1000000.00,4.580129,94.109375
08:02:33,912810UD8,TSRYS5870973,D,S,C,2024-10-23,1000000.00,4.582643,94.078125
08:02:34,912810UD8,TSRYS5870973,D,B,C,2024-10-23,1000000.00,4.577616,94.140625
08:02:34,912810UD8,TSRYS5870973,D,S,C,2024-10-23,1000000.00,4.577616,94.140625
08:02:35,912810UD8,TSRYS5870973,D,S,A,2024-10-23,450000.00,4.571338,94.21875
08:02:36,912810UD8,TSRYS5870973,D,B,C,2024-10-23,1000000.00,4.568828,94.25
08:02:36,912810UD8,TSRYS5870973,D,S,D,2024-10-23,1000000.00,4.568828,94.25
08:02:36,912810UD8,TSRYS5870973,D,S,C,2024-10-23,1000000.00,4.575104,94.171875
08:02:37,912810UD8,TSRYS5870973,D,S,C,2024-10-23,1000000.00,4.572593,94.203125
08:02:37,912810UD8,TSRYS5870973,D,B,C,2024-10-23,1000000.00,4.578872,94.125
08:02:37,912810UD8,TSRYS5870973,D,S,C,2024-10-23,1000000.00,4.578872,94.125
08:02:38,912810UD8,TSRYS5870973,D,S,C,2024-10-23,1000000.00,4.585159,94.046875
08:02:38,912810UD8,TSRYS5870973,D,S,C,2024-10-23,1000000.00,4.586417,94.03125
08:02:40,912810UD8,TSRYS5870973,D,S,T,2024-10-23,1000000.00,4.575104,94.171875
08:02:40,912810UD8,TSRYS5870973,D,S,T,2024-10-23,1000000.00,4.57636,94.15625
08:02:40,912810UD8,TSRYS5870973,D,S,D,2024-10-23,1000000.00,4.572593,94.203125
08:02:40,912810UD8,TSRYS5870973,D,S,D,2024-10-23,1000000.00,4.572593,94.203125
08:02:40,912810UD8,TSRYS5870973,D,B,C,2024-10-23,1000000.00,4.572605,94.202973
08:02:41,912810UD8,TSRYS5870973,D,S,D,2024-10-23,1000000.00,4.572577,94.203325
08:02:42,912810UD8,TSRYS5870973,D,S,A,2024-10-23,17000.00,4.580481,94.10546875
08:02:42,912810UD8,TSRYS5870973,D,S,D,2024-10-23,1000000.00,4.582643,94.078125
08:02:45,912810UD8,TSRYS5870973,D,S,T,2024-10-23,1000000.00,4.57636,94.15625
08:02:45,912810UD8,TSRYS5870973,D,S,T,2024-10-23,1000000.00,4.57636,94.15625
08:02:45,912810UD8,TSRYS5870973,D,S,T,2024-10-23,1000000.00,4.57636,94.15625
08:02:45,912810UD8,TSRYS5870973,D,S,T,2024-10-23,1000000.00,4.57636,94.15625
08:02:47,912810UD8,TSRYS5870973,D,S,D,2024-10-23,1000000.00,4.577616,94.140625
08:02:47,912810UD8,TSRYS5870973,D,S,D,2024-10-23,1000000.00,4.577616,94.140625
08:02:47,912810UD8,TSRYS5870973,D,S,D,2024-10-23,1000000.00,4.57636,94.15625
08:02:47,912810UD8,TSRYS5870973,D,S,T,2024-10-23,1000000.00,4.57636,94.15625
08:02:47,912810UD8,TSRYS5870973,D,S,A,2024-10-23,420000.00,4.5817,94.08984375
08:02:47,912810UD8,TSRYS5870973,D,S,D,2024-10-23,1000000.00,4.577616,94.140625
08:02:48,912810UD8,TSRYS5870973,D,B,C,2024-10-23,1000000.00,4.57512,94.171675
08:02:48,912810UD8,TSRYS5870973,D,S,D,2024-10-23,1000000.00,4.575104,94.171875
08:02:49,912810UD8,TSRYS5870973,D,S,T,2024-10-23,1000000.00,4.57636,94.15625
08:02:49,912810UD8,TSRYS5870973,D,S,T,2024-10-23,1000000.00,4.575732,94.1640625
08:02:50,912810UD8,TSRYS5870973,D,S,T,2024-10-23,1000000.00,4.57636,94.15625
08:02:50,912810UD8,TSRYS5870973,D,S,D,2024-10-23,1000000.00,4.575093,94.172005
08:02:50,912810UD8,TSRYS5870973,D,B,C,2024-10-23,1000000.00,4.57512,94.171675
08:02:51,912810UD8,TSRYS5870973,D,S,D,2024-10-23,5000000.00,4.578929,94.1243
08:02:52,912810UD8,TSRYS5870973,D,S,C,2024-10-23,1000000.00,4.581374,94.093902
08:02:52,912810UD8,TSRYS5870973,D,S,T,2024-10-23,1000000.00,4.57636,94.15625
08:02:52,912810UD8,TSRYS5870973,D,S,T,2024-10-23,1000000.00,4.57636,94.15625
08:02:53,912810UD8,TSRYS5870973,D,S,T,2024-10-23,1000000.00,4.57636,94.15625
08:02:54,912810UD8,TSRYS5870973,D,S,A,2024-10-23,2000000.00,4.5817,94.08984375
08:02:55,912810UD8,TSRYS5870973,D,S,T,2024-10-23,1000000.00,4.57636,94.15625
08:02:56,912810UD8,TSRYS5870973,D,S,C,2024-10-23,1000000.00,4.580111,94.1096
08:02:59,912810UD8,TSRYS5870973,D,S,T,2024-10-23,1000000.00,4.57636,94.15625
08:02:59,912810UD8,TSRYS5870973,D,S,T,2024-10-23,1000000.00,4.57636,94.15625
08:02:59,912810UD8,TSRYS5870973,D,S,T,2024-10-23,1000000.00,4.573848,94.1875
08:02:59,912810UD8,TSRYS5870973,D,S,T,2024-10-23,1000000.00,4.572593,94.203125
08:03:01,912810UD8,TSRYS5870973,D,S,C,2024-10-23,1000000.00,4.58137,94.09395
08:03:01,912810UD8,TSRYS5870973,D,S,D,2024-10-23,1000000.00,4.581386,94.09375
08:03:01,912810UD8,TSRYS5870973,D,B,C,2024-10-23,1000000.00,4.581394,94.09365
08:03:01,912810UD8,TSRYS5870973,D,B,C,2024-10-23,1000000.00,4.581394,94.09365
08:03:02,912810UD8,TSRYS5870973,D,B,C,2024-10-23,1000000.00,4.580141,94.109223
08:03:02,912810UD8,TSRYS5870973,D,S,C,2024-10-23,1000000.00,4.580129,94.109375
08:03:02,912810UD8,TSRYS5870973,D,S,T,2024-10-23,1000000.00,4.572593,94.203125
08:03:02,912810UD8,TSRYS5870973,D,S,D,2024-10-23,1000000.00,4.581386,94.09375
08:03:02,912810UD8,TSRYS5870973,D,B,C,2024-10-23,1000000.00,4.580141,94.109223
08:03:02,912810UD8,TSRYS5870973,D,S,D,2024-10-23,1000000.00,4.580129,94.109375
08:03:03,912810UD8,TSRYS5870973,D,S,D,2024-10-23,1000000.00,4.580129,94.109375
08:03:03,912810UD8,TSRYS5870973,D,S,D,2024-10-23,1000000.00,4.580129,94.109375
08:03:03,912810UD8,TSRYS5870973,D,S,A,2024-10-23,190000.00,4.571651,94.21484375
08:03:03,912810UD8,TSRYS5870973,D,S,C,2024-10-23,1000000.00,4.581386,94.09375
08:03:04,912810UD8,TSRYS5870973,D,B,C,2024-10-23,1000000.00,4.581386,94.09375
08:03:04,912810UD8,TSRYS5870973,D,B,C,2024-10-23,1000000.00,4.580141,94.109223
08:03:04,912810UD8,TSRYS5870973,D,S,D,2024-10-23,1000000.00,4.580129,94.109375
08:03:05,912810UD8,TSRYS5870973,D,B,C,2024-10-23,1000000.00,4.580141,94.109223
08:03:05,912810UD8,TSRYS5870973,D,S,D,2024-10-23,1000000.00,4.580129,94.109375
08:03:05,912810UD8,TSRYS5870973,D,S,D,2024-10-23,1000000.00,4.578856,94.1252
08:03:05,912810UD8,TSRYS5870973,D,B,C,2024-10-23,1000000.00,4.578888,94.1248
08:03:05,912810UD8,TSRYS5870973,D,B,C,2024-10-23,1000000.00,4.578888,94.1248
08:03:05,912810UD8,TSRYS5870973,D,S,D,2024-10-23,1000000.00,4.578856,94.1252
08:03:05,912810UD8,TSRYS5870973,D,S,D,2024-10-23,1000000.00,4.578856,94.1252
08:03:05,912810UD8,TSRYS5870973,D,B,C,2024-10-23,1000000.00,4.578886,94.124825
08:03:05,912810UD8,TSRYS5870973,D,S,D,2024-10-23,1000000.00,4.578856,94.1252
08:03:05,912810UD8,TSRYS5870973,D,S,D,2024-10-23,1000000.00,4.578856,94.1252
08:03:05,912810UD8,TSRYS5870973,D,B,C,2024-10-23,1000000.00,4.578886,94.124825
08:03:05,912810UD8,TSRYS5870973,D,B,C,2024-10-23,1000000.00,4.578888,94.1248
08:03:05,912810UD8,TSRYS5870973,D,S,D,2024-10-23,1000000.00,4.578856,94.1252
08:03:05,912810UD8,TSRYS5870973,D,S,D,2024-10-23,1000000.00,4.578856,94.1252
08:03:05,912810UD8,TSRYS5870973,D,B,C,2024-10-23,1000000.00,4.578885,94.124848
08:03:05,912810UD8,TSRYS5870973,D,S,T,2024-10-23,1000000.00,4.57636,94.15625
08:03:05,912810UD8,TSRYS5870973,D,S,T,2024-10-23,1000000.00,4.572593,94.203125
08:03:06,912810UD8,TSRYS5870973,D,S,D,2024-10-23,800000.00,4.583272,94.0703125
08:03:06,912810UD8,TSRYS5870973,D,S,C,2024-10-23,1000000.00,4.580113,94.109575
08:03:06,912810UD8,TSRYS5870973,D,B,C,2024-10-23,1000000.00,4.580141,94.109223
08:03:06,912810UD8,TSRYS5870973,D,S,T,2024-10-23,1000000.00,4.57636,94.15625
08:03:07,912810UD8,TSRYS5870973,D,S,D,2024-10-23,14000000.00,4.579469,94.11758
08:03:09,912810UD8,TSRYS5870973,D,S,C,2024-10-23,1000000.00,4.582643,94.078125
08:03:09,912810UD8,TSRYS5870973,D,S,T,2024-10-23,1000000.00,4.57636,94.15625
08:03:09,912810UD8,TSRYS5870973,D,S,T,2024-10-23,1000000.00,4.575104,94.171875
08:03:09,912810UD8,TSRYS5870973,D,S,T,2024-10-23,1000000.00,4.57636,94.15625
08:03:09,912810UD8,TSRYS5870973,D,S,D,2024-10-23,1000000.00,4.575104,94.171875
08:03:09,912810UD8,TSRYS5870973,D,S,T,2024-10-23,1000000.00,4.572593,94.203125
08:03:09,912810UD8,TSRYS5870973,D,S,T,2024-10-23,1000000.00,4.581386,94.09375
08:03:10,912810UD8,TSRYS5870973,D,B,C,2024-10-23,1000000.00,4.583913,94.06235
08:03:10,912810UD8,TSRYS5870973,D,S,C,2024-10-23,1000000.00,4.583885,94.0627
08:03:10,912810UD8,TSRYS5870973,D,S,D,2024-10-23,1000000.00,4.575732,94.1640625
08:03:11,912810UD8,TSRYS5870973,D,S,T,2024-10-23,1000000.00,4.578872,94.125
08:03:13,912810UD8,TSRYS5870973,D,S,T,2024-10-23,1000000.00,4.572593,94.203125
08:03:13,912810UD8,TSRYS5870973,D,S,T,2024-10-23,1000000.00,4.571338,94.21875
08:03:15,912810UD8,TSRYS5870973,D,S,T,2024-10-23,1000000.00,4.578872,94.125
08:03:16,912810UD8,TSRYS5870973,D,S,T,2024-10-23,1000000.00,4.5817,94.08984375
08:03:16,912810UD8,TSRYS5870973,D,B,C,2024-10-23,1000000.00,4.585159,94.046875
08:03:16,912810UD8,TSRYS5870973,D,S,D,2024-10-23,1000000.00,4.585151,94.046977
08:03:17,912810UD8,TSRYS5870973,D,S,D,2024-10-23,1000000.00,4.578872,94.125
08:03:18,912810UD8,TSRYS5870973,D,S,T,2024-10-23,1000000.00,4.57636,94.15625
08:03:18,912810UD8,TSRYS5870973,D,S,T,2024-10-23,1000000.00,4.57636,94.15625
08:03:18,912810UD8,TSRYS5870973,D,S,T,2024-10-23,1000000.00,4.57636,94.15625
08:03:18,912810UD8,TSRYS5870973,D,S,D,2024-10-23,1000000.00,4.581386,94.09375
08:03:18,912810UD8,TSRYS5870973,D,S,T,2024-10-23,1000000.00,4.572593,94.203125
08:03:18,912810UD8,TSRYS5870973,D,S,T,2024-10-23,1000000.00,4.572593,94.203125
08:03:18,912810UD8,TSRYS5870973,D,S,T,2024-10-23,1000000.00,4.572593,94.203125
08:03:21,912810UD8,TSRYS5870973,D,S,A,2024-10-23,2000000.00,4.578244,94.1328125
08:03:23,912810UD8,TSRYS5870973,D,S,T,2024-10-23,1000000.00,4.581386,94.09375
08:03:24,912810UD8,TSRYS5870973,D,S,T,2024-10-23,1000000.00,4.572593,94.203125
08:03:26,912810UD8,TSRYS5870973,D,S,D,2024-10-23,1000000.00,4.582643,94.078125
08:03:26,912810UD8,TSRYS5870973,D,B,C,2024-10-23,1000000.00,4.582657,94.07795
08:03:26,912810UD8,TSRYS5870973,D,S,C,2024-10-23,1000000.00,4.582631,94.078277
08:03:26,912810UD8,TSRYS5870973,D,B,C,2024-10-23,1000000.00,4.582657,94.07795
08:03:26,912810UD8,TSRYS5870973,D,S,D,2024-10-23,1000000.00,4.582643,94.078125
08:03:26,912810UD8,TSRYS5870973,D,B,C,2024-10-23,1000000.00,4.582657,94.07795
08:03:27,912810UD8,TSRYS5870973,D,S,C,2024-10-23,1000000.00,4.580129,94.109375
08:03:27,912810UD8,TSRYS5870973,D,B,C,2024-10-23,1000000.00,4.580129,94.109375
08:03:27,912810UD8,TSRYS5870973,D,B,C,2024-10-23,1000000.00,4.578886,94.124825
08:03:27,912810UD8,TSRYS5870973,D,S,D,2024-10-23,1000000.00,4.578872,94.125
08:03:28,912810UD8,TSRYS5870973,D,S,C,2024-10-23,1000000.00,4.57886,94.12515
08:03:28,912810UD8,TSRYS5870973,D,S,C,2024-10-23,1000000.00,4.57886,94.12515
08:03:28,912810UD8,TSRYS5870973,D,B,C,2024-10-23,1000000.00,4.578886,94.124825
08:03:28,912810UD8,TSRYS5870973,D,B,C,2024-10-23,1000000.00,4.578888,94.1248
08:03:31,912810UD8,TSRYS5870973,D,B,C,2024-10-23,1000000.00,4.580129,94.109375
08:03:31,912810UD8,TSRYS5870973,D,S,C,2024-10-23,1000000.00,4.580117,94.109527
08:03:32,912810UD8,TSRYS5870973,D,S,C,2024-10-23,1000000.00,4.581374,94.093902
08:03:33,912810UD8,TSRYS5870973,D,B,C,2024-10-23,635000.00,4.580443,94.10546875
08:03:33,912810UD8,TSRYS5870973,D,S,T,2024-10-23,1000000.00,4.586417,94.03125
08:03:33,912810UD8,TSRYS5870973,D,S,C,2024-10-23,1000000.00,4.582631,94.078277
08:03:33,912810UD8,TSRYS5870973,D,B,C,2024-10-23,1000000.00,4.582655,94.077975
08:03:34,912810UD8,TSRYS5870973,D,B,C,2024-10-23,7000000.00,4.581386,94.09375
08:03:34,912810UD8,TSRYS5870973,D,S,D,2024-10-23,2000000.00,4.581386,94.09375
08:03:34,912810UD8,TSRYS5870973,D,S,D,2024-10-23,1000000.00,4.581386,94.09375
08:03:34,912810UD8,TSRYS5870973,D,B,C,2024-10-23,1000000.00,4.581386,94.09375
08:03:34,912810UD8,TSRYS5870973,D,S,D,2024-10-23,7000000.00,4.581386,94.09375
08:03:34,912810UD8,TSRYS5870973,D,B,C,2024-10-23,2000000.00,4.581394,94.09365
08:03:34,912810UD8,TSRYS5870973,D,S,A,2024-10-23,350000.00,4.575732,94.1640625
08:03:36,912810UD8,TSRYS5870973,D,B,A,2024-10-23,290000.00,4.573566,94.19100625
08:03:36,912810UD8,TSRYS5870973,D,S,D,2024-10-23,1000000.00,4.580129,94.109375
08:03:36,912810UD8,TSRYS5870973,D,S,D,2024-10-23,1000000.00,4.580129,94.109375
08:03:36,912810UD8,TSRYS5870973,D,S,D,2024-10-23,1000000.00,4.580129,94.109375
08:03:36,912810UD8,TSRYS5870973,D,S,C,2024-10-23,1000000.00,4.580113,94.109575
08:03:36,912810UD8,TSRYS5870973,D,S,D,2024-10-23,1000000.00,4.580129,94.109375
08:03:36,912810UD8,TSRYS5870973,D,S,C,2024-10-23,1000000.00,4.580129,94.109375
08:03:36,912810UD8,TSRYS5870973,D,S,D,2024-10-23,1000000.00,4.580129,94.109375
08:03:36,912810UD8,TSRYS5870973,D,S,D,2024-10-23,1000000.00,4.580129,94.109375
08:03:36,912810UD8,TSRYS5870973,D,S,D,2024-10-23,1000000.00,4.580129,94.109375
08:03:36,912810UD8,TSRYS5870973,D,S,D,2024-10-23,1000000.00,4.580129,94.109375
08:03:37,912810UD8,TSRYS5870973,D,B,C,2024-10-23,1000000.00,4.580129,94.109375
08:03:37,912810UD8,TSRYS5870973,D,S,D,2024-10-23,1000000.00,4.580129,94.109375
08:03:37,912810UD8,TSRYS5870973,D,S,C,2024-10-23,1000000.00,4.582631,94.078277
08:03:39,912810UD8,TSRYS5870973,D,B,C,2024-10-23,3000000.00,4.583586,94.06640625
08:03:40,912810UD8,TSRYS5870973,D,S,C,2024-10-23,1000000.00,4.57886,94.125152
08:03:40,912810UD8,TSRYS5870973,D,B,C,2024-10-23,1000000.00,4.578872,94.125
08:03:41,912810UD8,TSRYS5870973,D,S,C,2024-10-23,1000000.00,4.580117,94.109527
08:03:41,912810UD8,TSRYS5870973,D,B,C,2024-10-23,1000000.00,4.580141,94.109225
08:03:41,912810UD8,TSRYS5870973,D,B,C,2024-10-23,1000000.00,4.580143,94.1092
08:03:41,912810UD8,TSRYS5870973,D,S,C,2024-10-23,1000000.00,4.580117,94.109525
08:03:41,912810UD8,TSRYS5870973,D,S,C,2024-10-23,1000000.00,4.581374,94.093902
08:03:42,912810UD8,TSRYS5870973,D,B,C,2024-10-23,1000000.00,4.581386,94.09375
08:03:42,912810UD8,TSRYS5870973,D,S,C,2024-10-23,1000000.00,4.581374,94.093902
08:03:42,912810UD8,TSRYS5870973,D,B,C,2024-10-23,1000000.00,4.581386,94.09375
08:03:42,912810UD8,TSRYS5870973,D,S,C,2024-10-23,1000000.00,4.581368,94.093977
08:03:43,912810UD8,TSRYS5870973,D,B,C,2024-10-23,190000.00,4.571651,94.21484375
08:03:43,912810UD8,TSRYS5870973,D,B,A,2024-10-23,190000.00,4.571651,94.21484375
08:03:47,912810UD8,TSRYS5870973,D,B,C,2024-10-23,1000000.00,4.581398,94.0936
08:03:47,912810UD8,TSRYS5870973,D,S,C,2024-10-23,1000000.00,4.581374,94.093902
08:03:48,912810UD8,TSRYS5870973,D,S,D,2024-10-23,1000000.00,4.57636,94.15625
08:03:48,912810UD8,TSRYS5870973,D,S,D,2024-10-23,1000000.00,4.57636,94.15625
08:03:49,912810UD8,TSRYS5870973,D,B,C,2024-10-23,1000000.00,4.576376,94.15605
08:03:49,912810UD8,TSRYS5870973,D,S,C,2024-10-23,1000000.00,4.576348,94.1564
08:03:51,912810UD8,TSRYS5870973,D,S,D,2024-10-23,1000000.00,4.57636,94.15625
08:03:51,912810UD8,TSRYS5870973,D,S,D,2024-10-23,1000000.00,4.57636,94.15625
08:03:51,912810UD8,TSRYS5870973,D,S,D,2024-10-23,1000000.00,4.57636,94.15625
08:03:51,912810UD8,TSRYS5870973,D,S,D,2024-10-23,1000000.00,4.57636,94.15625
08:03:51,912810UD8,TSRYS5870973,D,S,C,2024-10-23,1000000.00,4.57636,94.15625
08:03:51,912810UD8,TSRYS5870973,D,S,D,2024-10-23,1000000.00,4.57636,94.15625
08:03:51,912810UD8,TSRYS5870973,D,S,C,2024-10-23,1000000.00,4.576344,94.15645
08:03:51,912810UD8,TSRYS5870973,D,S,D,2024-10-23,1000000.00,4.57636,94.15625
08:03:51,912810UD8,TSRYS5870973,D,S,D,2024-10-23,1000000.00,4.57636,94.15625
08:03:51,912810UD8,TSRYS5870973,D,S,D,2024-10-23,1000000.00,4.57636,94.15625
08:03:51,912810UD8,TSRYS5870973,D,S,D,2024-10-23,1000000.00,4.57636,94.15625
08:03:51,912810UD8,TSRYS5870973,D,S,D,2024-10-23,1000000.00,4.57636,94.15625
08:03:51,912810UD8,TSRYS5870973,D,S,D,2024-10-23,1000000.00,4.57636,94.15625
08:03:51,912810UD8,TSRYS5870973,D,S,D,2024-10-23,1000000.00,4.57636,94.15625
08:03:51,912810UD8,TSRYS5870973,D,S,D,2024-10-23,1000000.00,4.57636,94.15625
08:03:51,912810UD8,TSRYS5870973,D,S,C,2024-10-23,1000000.00,4.57636,94.15625
08:03:51,912810UD8,TSRYS5870973,D,S,D,2024-10-23,1000000.00,4.57636,94.15625
08:03:51,912810UD8,TSRYS5870973,D,S,C,2024-10-23,1000000.00,4.576344,94.15645
08:03:52,912810UD8,TSRYS5870973,D,S,C,2024-10-23,1000000.00,4.575104,94.171875
08:03:53,912810UD8,TSRYS5870973,D,S,D,2024-10-23,95000.00,4.581386,94.09375
08:03:53,912810UD8,TSRYS5870973,D,S,C,2024-10-23,1000000.00,4.57636,94.15625
08:03:53,912810UD8,TSRYS5870973,D,S,C,2024-10-23,1000000.00,4.57636,94.15625
08:03:53,912810UD8,TSRYS5870973,D,S,D,2024-10-23,1000000.00,4.57636,94.15625
08:03:54,912810UD8,TSRYS5870973,D,S,C,2024-10-23,100000.00,4.581386,94.09375
08:03:54,912810UD8,TSRYS5870973,D,S,D,2024-10-23,1000000.00,4.57636,94.15625
08:03:54,912810UD8,TSRYS5870973,D,S,C,2024-10-23,1000000.00,4.57636,94.15625
08:03:55,912810UD8,TSRYS5870973,D,S,D,2024-10-23,1000000.00,4.5817,94.08984375
08:03:55,912810UD8,TSRYS5870973,D,S,C,2024-10-23,1000000.00,4.572593,94.203125
08:03:56,912810UD8,TSRYS5870973,D,S,C,2024-10-23,1000000.00,4.572593,94.203125
08:03:56,912810UD8,TSRYS5870973,D,S,D,2024-10-23,1000000.00,4.572593,94.203125
08:03:56,912810UD8,TSRYS5870973,D,S,C,2024-10-23,1000000.00,4.572593,94.203125
08:03:56,912810UD8,TSRYS5870973,D,S,D,2024-10-23,1000000.00,4.572593,94.203125
08:03:56,912810UD8,TSRYS5870973,D,B,C,2024-10-23,1000000.00,4.57386,94.18735
08:03:56,912810UD8,TSRYS5870973,D,S,C,2024-10-23,1000000.00,4.573848,94.1875
08:03:56,912810UD8,TSRYS5870973,D,B,C,2024-10-23,1000000.00,4.57386,94.18735
08:03:57,912810UD8,TSRYS5870973,D,B,C,2024-10-23,1000000.00,4.57386,94.18735
08:03:57,912810UD8,TSRYS5870973,D,S,C,2024-10-23,1000000.00,4.573832,94.1877
08:03:57,912810UD8,TSRYS5870973,D,S,D,2024-10-23,1000000.00,4.573838,94.18763
08:03:57,912810UD8,TSRYS5870973,D,S,D,2024-10-23,1000000.00,4.573848,94.1875
08:03:57,912810UD8,TSRYS5870973,D,S,C,2024-10-23,1000000.00,4.572593,94.203125
08:03:57,912810UD8,TSRYS5870973,D,S,C,2024-10-23,1000000.00,4.572593,94.203125
08:03:57,912810UD8,TSRYS5870973,D,S,C,2024-10-23,1000000.00,4.572575,94.20335
08:03:57,912810UD8,TSRYS5870973,D,S,D,2024-10-23,1000000.00,4.572593,94.203125
08:03:58,912810UD8,TSRYS5870973,D,S,D,2024-10-23,1000000.00,4.572593,94.203125
08:03:58,912810UD8,TSRYS5870973,D,S,D,2024-10-23,1000000.00,4.571338,94.21875
08:03:58,912810UD8,TSRYS5870973,D,S,C,2024-10-23,1000000.00,4.57383,94.187725
08:03:58,912810UD8,TSRYS5870973,D,S,D,2024-10-23,95000.00,4.581386,94.09375
08:03:58,912810UD8,TSRYS5870973,D,S,D,2024-10-23,1000000.00,4.578872,94.125
08:03:58,912810UD8,TSRYS5870973,D,S,D,2024-10-23,100000.00,4.581386,94.09375
08:03:59,912810UD8,TSRYS5870973,D,S,D,2024-10-23,1000000.00,4.573848,94.1875
08:03:59,912810UD8,TSRYS5870973,D,B,C,2024-10-23,1000000.00,4.573848,94.1875
08:03:59,912810UD8,TSRYS5870973,D,S,D,2024-10-23,1000000.00,4.573848,94.1875
08:03:59,912810UD8,TSRYS5870973,D,S,D,2024-10-23,1000000.00,4.573848,94.1875
08:03:59,912810UD8,TSRYS5870973,D,B,C,2024-10-23,1000000.00,4.573864,94.1873
08:03:59,912810UD8,TSRYS5870973,D,S,D,2024-10-23,1000000.00,4.573848,94.1875
08:03:59,912810UD8,TSRYS5870973,D,B,C,2024-10-23,1000000.00,4.573848,94.1875
08:03:59,912810UD8,TSRYS5870973,D,S,D,2024-10-23,1000000.00,4.573838,94.18763
08:03:59,912810UD8,TSRYS5870973,D,S,D,2024-10-23,1000000.00,4.573838,94.18763
08:04:00,912810UD8,TSRYS5870973,D,S,D,2024-10-23,2000000.00,4.577616,94.140625
08:04:00,912810UD8,TSRYS5870973,D,S,D,2024-10-23,1000000.00,4.572593,94.203125
08:04:02,912810UD8,TSRYS5870973,D,S,C,2024-10-23,1000000.00,4.576347,94.156402
08:04:02,912810UD8,TSRYS5870973,D,S,A,2024-10-23,1000000.00,4.57636,94.15625
08:04:03,912810UD8,TSRYS5870973,D,S,C,2024-10-23,1000000.00,4.577604,94.140777
08:04:03,912810UD8,TSRYS5870973,D,S,D,2024-10-23,1000000.00,4.577605,94.140755
08:04:03,912810UD8,TSRYS5870973,D,B,C,2024-10-23,1000000.00,4.578888,94.1248
08:04:03,912810UD8,TSRYS5870973,D,S,T,2024-10-23,1000000.00,4.581386,94.09375
08:04:03,912810UD8,TSRYS5870973,D,S,D,2024-10-23,1000000.00,4.570083,94.234375
08:04:03,912810UD8,TSRYS5870973,D,S,C,2024-10-23,1000000.00,4.57886,94.125152
08:04:04,912810UD8,TSRYS5870973,D,S,C,2024-10-23,1000000.00,4.581368,94.093977
08:04:04,912810UD8,TSRYS5870973,D,B,C,2024-10-23,1000000.00,4.583901,94.0625
08:04:04,912810UD8,TSRYS5870973,D,S,C,2024-10-23,1000000.00,4.583883,94.062727
08:04:04,912810UD8,TSRYS5870973,D,S,C,2024-10-23,1000000.00,4.583889,94.062652
08:04:04,912810UD8,TSRYS5870973,D,B,C,2024-10-23,1000000.00,4.583901,94.0625
08:04:04,912810UD8,TSRYS5870973,D,B,C,2024-10-23,1000000.00,4.583901,94.0625
08:04:04,912810UD8,TSRYS5870973,D,S,C,2024-10-23,1000000.00,4.583885,94.0627
08:04:05,912810UD8,TSRYS5870973,D,S,D,2024-10-23,730000.00,4.581072,94.09765625
08:04:05,912810UD8,TSRYS5870973,D,S,D,2024-10-23,1000000.00,4.575104,94.171875
08:04:06,912810UD8,TSRYS5870973,D,B,C,2024-10-23,1000000.00,4.581386,94.09375
08:04:07,912810UD8,TSRYS5870973,D,S,D,2024-10-23,1000000.00,4.570083,94.234375
08:04:08,912810UD8,TSRYS5870973,D,S,D,2024-10-23,270000.00,4.585759,94.04276875
08:04:08,912810UD8,TSRYS5870973,D,B,C,2024-10-23,270000.00,4.585759,94.04276875
08:04:08,912810UD8,TSRYS5870973,D,B,C,2024-10-23,1000000.00,4.581386,94.09375
08:04:08,912810UD8,TSRYS5870973,D,S,C,2024-10-23,1000000.00,4.581386,94.09375
08:04:08,912810UD8,TSRYS5870973,D,S,D,2024-10-23,1000000.00,4.581386,94.09375
08:04:09,912810UD8,TSRYS5870973,D,B,C,2024-10-23,1000000.00,4.586429,94.0311
08:04:09,912810UD8,TSRYS5870973,D,S,C,2024-10-23,1000000.00,4.586401,94.03145
08:04:09,912810UD8,TSRYS5870973,D,S,D,2024-10-23,1000000.00,4.571338,94.21875
08:04:10,912810UD8,TSRYS5870973,D,S,D,2024-10-23,1000000.00,4.585159,94.046875
08:04:10,912810UD8,TSRYS5870973,D,B,C,2024-10-23,1000000.00,4.585175,94.046675
08:04:11,912810UD8,TSRYS5870973,D,B,C,2024-10-23,1000000.00,4.582659,94.077925
08:04:11,912810UD8,TSRYS5870973,D,B,C,2024-10-23,1000000.00,4.582657,94.07795
08:04:11,912810UD8,TSRYS5870973,D,S,D,2024-10-23,1000000.00,4.580129,94.109375
08:04:11,912810UD8,TSRYS5870973,D,S,C,2024-10-23,1000000.00,4.582631,94.078275
08:04:11,912810UD8,TSRYS5870973,D,S,C,2024-10-23,1000000.00,4.582631,94.078275
08:04:12,912810UD8,TSRYS5870973,D,S,D,2024-10-23,1000000.00,4.582643,94.078125
08:04:12,912810UD8,TSRYS5870973,D,B,C,2024-10-23,1000000.00,4.582657,94.07795
08:04:12,912810UD8,TSRYS5870973,D,B,C,2024-10-23,1000000.00,4.583913,94.06235
08:04:12,912810UD8,TSRYS5870973,D,S,C,2024-10-23,1000000.00,4.583885,94.0627
08:04:12,912810UD8,TSRYS5870973,D,S,C,2024-10-23,1000000.00,4.583885,94.0627
08:04:12,912810UD8,TSRYS5870973,D,B,C,2024-10-23,1000000.00,4.583913,94.06235
08:04:12,912810UD8,TSRYS5870973,D,S,D,2024-10-23,3000000.00,4.583901,94.0625
08:04:13,912810UD8,TSRYS5870973,D,S,D,2024-10-23,1000000.00,4.58389,94.06263
08:04:13,912810UD8,TSRYS5870973,D,S,C,2024-10-23,1000000.00,4.583889,94.06265
08:04:13,912810UD8,TSRYS5870973,D,S,D,2024-10-23,1000000.00,4.586417,94.03125
08:04:13,912810UD8,TSRYS5870973,D,B,C,2024-10-23,1000000.00,4.583915,94.062325
08:04:14,912810UD8,TSRYS5870973,D,S,D,2024-10-23,1000000.00,4.586417,94.03125
08:04:15,912810UD8,TSRYS5870973,D,S,C,2024-10-23,1000000.00,4.585159,94.046875
08:04:15,912810UD8,TSRYS5870973,D,S,D,2024-10-23,1000000.00,4.581386,94.09375
08:04:16,912810UD8,TSRYS5870973,D,S,D,2024-10-23,1000000.00,4.581362,94.09405
08:04:16,912810UD8,TSRYS5870973,D,B,C,2024-10-23,1000000.00,4.581386,94.09375
08:04:16,912810UD8,TSRYS5870973,D,S,D,2024-10-23,1000000.00,4.581386,94.09375
08:04:17,912810UD8,TSRYS5870973,D,S,D,2024-10-23,1000000.00,4.583901,94.0625
08:04:19,912810UD8,TSRYS5870973,D,S,C,2024-10-23,1000000.00,4.581374,94.0939
08:04:20,912810UD8,TSRYS5870973,D,S,D,2024-10-23,1000000.00,4.582643,94.078125
08:04:20,912810UD8,TSRYS5870973,D,B,C,2024-10-23,1000000.00,4.582655,94.077975
08:04:20,912810UD8,TSRYS5870973,D,S,D,2024-10-23,1000000.00,4.581386,94.09375
08:04:21,912810UD8,TSRYS5870973,D,S,C,2024-10-23,1000000.00,4.582643,94.078125
08:04:21,912810UD8,TSRYS5870973,D,S,C,2024-10-23,1000000.00,4.582631,94.078277
08:04:21,912810UD8,TSRYS5870973,D,S,D,2024-10-23,1000000.00,4.582643,94.078125
08:04:21,912810UD8,TSRYS5870973,D,B,C,2024-10-23,1000000.00,4.582661,94.0779
08:04:21,912810UD8,TSRYS5870973,D,S,D,2024-10-23,1000000.00,4.582643,94.078125
08:04:21,912810UD8,TSRYS5870973,D,B,C,2024-10-23,1000000.00,4.582661,94.0779
08:04:21,912810UD8,TSRYS5870973,D,S,C,2024-10-23,1000000.00,4.582643,94.078125
08:04:21,912810UD8,TSRYS5870973,D,S,C,2024-10-23,1000000.00,4.582643,94.078125
08:04:21,912810UD8,TSRYS5870973,D,B,C,2024-10-23,1000000.00,4.582661,94.0779
08:04:21,912810UD8,TSRYS5870973,D,S,D,2024-10-23,1000000.00,4.582643,94.078125
08:04:21,912810UD8,TSRYS5870973,D,S,D,2024-10-23,1000000.00,4.582643,94.078125
08:04:21,912810UD8,TSRYS5870973,D,B,C,2024-10-23,1000000.00,4.582661,94.0779
08:04:21,912810UD8,TSRYS5870973,D,B,C,2024-10-23,1000000.00,4.582661,94.0779
08:04:21,912810UD8,TSRYS5870973,D,S,C,2024-10-23,1000000.00,4.582643,94.078125
08:04:21,912810UD8,TSRYS5870973,D,B,C,2024-10-23,1000000.00,4.582661,94.0779
08:04:21,912810UD8,TSRYS5870973,D,S,C,2024-10-23,1000000.00,4.582643,94.078125
08:04:21,912810UD8,TSRYS5870973,D,B,C,2024-10-23,1000000.00,4.582661,94.0779
08:04:22,912810UD8,TSRYS5870973,D,B,C,2024-10-23,1000000.00,4.582661,94.0779
08:04:22,912810UD8,TSRYS5870973,D,B,C,2024-10-23,1000000.00,4.580286,94.107421875
08:04:22,912810UD8,TSRYS5870973,D,S,C,2024-10-23,1000000.00,4.580286,94.107421875
08:04:22,912810UD8,TSRYS5870973,D,S,D,2024-10-23,1000000.00,4.579485,94.1173875
08:04:22,912810UD8,TSRYS5870973,D,S,D,2024-10-23,1000000.00,4.579485,94.1173875
08:04:22,912810UD8,TSRYS5870973,D,S,D,2024-10-23,1000000.00,4.579485,94.1173875
08:04:22,912810UD8,TSRYS5870973,D,S,D,2024-10-23,1000000.00,4.579956,94.111528125
08:04:22,912810UD8,TSRYS5870973,D,S,D,2024-10-23,1000000.00,4.579799,94.11348125
08:04:22,912810UD8,TSRYS5870973,D,S,D,2024-10-23,1000000.00,4.579642,94.115434375
08:04:22,912810UD8,TSRYS5870973,D,S,D,2024-10-23,1000000.00,4.579485,94.1173875
08:04:22,912810UD8,TSRYS5870973,D,S,D,2024-10-23,1000000.00,4.579485,94.1173875
08:04:22,912810UD8,TSRYS5870973,D,B,C,2024-10-23,1000000.00,4.579501,94.1171875
08:04:22,912810UD8,TSRYS5870973,D,S,D,2024-10-23,1000000.00,4.579485,94.1173875
08:04:22,912810UD8,TSRYS5870973,D,S,D,2024-10-23,2000000.00,4.579485,94.1173875
08:04:22,912810UD8,TSRYS5870973,D,B,C,2024-10-23,3000000.00,4.579501,94.1171875
08:04:22,912810UD8,TSRYS5870973,D,S,D,2024-10-23,1000000.00,4.579485,94.1173875
08:04:22,912810UD8,TSRYS5870973,D,B,C,2024-10-23,1000000.00,4.579509,94.1170875
08:04:22,912810UD8,TSRYS5870973,D,S,D,2024-10-23,1000000.00,4.578856,94.1252
08:04:22,912810UD8,TSRYS5870973,D,S,C,2024-10-23,1000000.00,4.583901,94.0625
08:04:23,912810UD8,TSRYS5870973,D,S,D,2024-10-23,1000000.00,4.581386,94.09375
08:04:23,912810UD8,TSRYS5870973,D,B,C,2024-10-23,1000000.00,4.581404,94.093525
08:04:23,912810UD8,TSRYS5870973,D,B,C,2024-10-23,1000000.00,4.581404,94.093525
08:04:23,912810UD8,TSRYS5870973,D,B,C,2024-10-23,1000000.00,4.581404,94.093525
08:04:23,912810UD8,TSRYS5870973,D,S,D,2024-10-23,1000000.00,4.581386,94.09375
08:04:23,912810UD8,TSRYS5870973,D,S,C,2024-10-23,1000000.00,4.581386,94.09375
08:04:23,912810UD8,TSRYS5870973,D,S,C,2024-10-23,1000000.00,4.58137,94.09395
08:04:23,912810UD8,TSRYS5870973,D,S,C,2024-10-23,1000000.00,4.578856,94.1252
08:04:23,912810UD8,TSRYS5870973,D,B,C,2024-10-23,1000000.00,4.57889,94.124775
08:04:23,912810UD8,TSRYS5870973,D,S,D,2024-10-23,1000000.00,4.578872,94.125
08:04:23,912810UD8,TSRYS5870973,D,S,C,2024-10-23,1000000.00,4.578872,94.125
08:04:23,912810UD8,TSRYS5870973,D,B,C,2024-10-23,1000000.00,4.57889,94.124775
08:04:23,912810UD8,TSRYS5870973,D,S,D,2024-10-23,1000000.00,4.578872,94.125
08:04:23,912810UD8,TSRYS5870973,D,B,C,2024-10-23,1000000.00,4.57889,94.124775
08:04:24,912810UD8,TSRYS5870973,D,S,C,2024-10-23,1000000.00,4.580129,94.109375
08:04:25,912810UD8,TSRYS5870973,D,S,C,2024-10-23,1000000.00,4.578872,94.125
08:04:25,912810UD8,TSRYS5870973,D,B,C,2024-10-23,1000000.00,4.576378,94.156025
08:04:25,912810UD8,TSRYS5870973,D,S,D,2024-10-23,1000000.00,4.57636,94.15625
08:04:25,912810UD8,TSRYS5870973,D,S,C,2024-10-23,1000000.00,4.576352,94.15635
08:04:25,912810UD8,TSRYS5870973,D,B,C,2024-10-23,1000000.00,4.576378,94.156025
08:04:25,912810UD8,TSRYS5870973,D,S,D,2024-10-23,1000000.00,4.57636,94.15625
08:04:25,912810UD8,TSRYS5870973,D,B,C,2024-10-23,1000000.00,4.576378,94.156025
08:04:25,912810UD8,TSRYS5870973,D,S,D,2024-10-23,1000000.00,4.57636,94.15625
08:04:25,912810UD8,TSRYS5870973,D,B,C,2024-10-23,1000000.00,4.57636,94.15625
08:04:26,912810UD8,TSRYS5870973,D,S,D,2024-10-23,500000.00,4.58104,94.09805625
08:04:26,912810UD8,TSRYS5870973,D,S,D,2024-10-23,1000000.00,4.57636,94.15625
08:04:26,912810UD8,TSRYS5870973,D,S,D,2024-10-23,1000000.00,4.57636,94.15625
08:04:26,912810UD8,TSRYS5870973,D,B,C,2024-10-23,1000000.00,4.576376,94.15605
08:04:26,912810UD8,TSRYS5870973,D,S,C,2024-10-23,1000000.00,4.577616,94.140625
08:04:26,912810UD8,TSRYS5870973,D,S,C,2024-10-23,1000000.00,4.577616,94.140625
08:04:26,912810UD8,TSRYS5870973,D,S,D,2024-10-23,500000.00,4.58104,94.09805625
08:04:28,912810UD8,TSRYS5870973,D,S,D,2024-10-23,1000000.00,4.573848,94.1875
08:04:28,912810UD8,TSRYS5870973,D,S,D,2024-10-23,1000000.00,4.573848,94.1875
08:04:28,912810UD8,TSRYS5870973,D,B,C,2024-10-23,1000000.00,4.573866,94.187275
08:04:28,912810UD8,TSRYS5870973,D,S,D,2024-10-23,1000000.00,4.573848,94.1875
08:04:28,912810UD8,TSRYS5870973,D,B,C,2024-10-23,1000000.00,4.573866,94.187275
08:04:28,912810UD8,TSRYS5870973,D,S,D,2024-10-23,1000000.00,4.573848,94.1875
08:04:28,912810UD8,TSRYS5870973,D,B,C,2024-10-23,1000000.00,4.573848,94.1875
08:04:28,912810UD8,TSRYS5870973,D,S,C,2024-10-23,1000000.00,4.573848,94.1875
08:04:28,912810UD8,TSRYS5870973,D,S,D,2024-10-23,1000000.00,4.573848,94.1875
08:04:28,912810UD8,TSRYS5870973,D,S,D,2024-10-23,1000000.00,4.573848,94.1875
08:04:28,912810UD8,TSRYS5870973,D,S,C,2024-10-23,1000000.00,4.573848,94.1875
08:04:28,912810UD8,TSRYS5870973,D,S,C,2024-10-23,1000000.00,4.573848,94.1875
08:04:28,912810UD8,TSRYS5870973,D,B,C,2024-10-23,1000000.00,4.573864,94.1873
08:04:28,912810UD8,TSRYS5870973,D,B,C,2024-10-23,1000000.00,4.573866,94.187275
08:04:29,912810UD8,TSRYS5870973,D,S,C,2024-10-23,1000000.00,4.572593,94.203125
08:04:29,912810UD8,TSRYS5870973,D,B,C,2024-10-23,1000000.00,4.572611,94.2029
08:04:30,912810UD8,TSRYS5870973,D,S,D,2024-10-23,1000000.00,4.572593,94.203125
08:04:30,912810UD8,TSRYS5870973,D,B,C,2024-10-23,1000000.00,4.572611,94.2029
08:04:34,912810UD8,TSRYS5870973,D,S,C,2024-10-23,1000000.00,4.575088,94.172075
08:04:36,912810UD8,TSRYS5870973,D,S,D,2024-10-23,1000000.00,4.573848,94.1875
08:04:37,912810UD8,TSRYS5870973,D,S,D,2024-10-23,1000000.00,4.586574,94.029296875
08:04:38,912810UD8,TSRYS5870973,D,S,T,2024-10-23,1000000.00,4.571362,94.21845
08:04:40,912810UD8,TSRYS5870973,D,S,C,2024-10-23,1000000.00,4.570083,94.234375
08:04:40,912810UD8,TSRYS5870973,D,S,C,2024-10-23,1000000.00,4.570083,94.234375
08:04:41,912810UD8,TSRYS5870973,D,S,D,2024-10-23,1000000.00,4.575104,94.171875
08:04:41,912810UD8,TSRYS5870973,D,S,D,2024-10-23,1000000.00,4.573848,94.1875
08:04:41,912810UD8,TSRYS5870973,D,S,D,2024-10-23,1000000.00,4.573848,94.1875
08:04:42,912810UD8,TSRYS5870973,D,B,C,2024-10-23,1000000.00,4.573864,94.1873
08:04:42,912810UD8,TSRYS5870973,D,B,C,2024-10-23,1000000.00,4.573848,94.1875
08:04:42,912810UD8,TSRYS5870973,D,B,C,2024-10-23,1000000.00,4.578409,94.130759375
08:04:42,912810UD8,TSRYS5870973,D,S,D,2024-10-23,1000000.00,4.578401,94.130859375
08:04:42,912810UD8,TSRYS5870973,D,S,D,2024-10-23,1000000.00,4.581229,94.095703125
08:04:42,912810UD8,TSRYS5870973,D,S,D,2024-10-23,1000000.00,4.581386,94.09375
08:04:42,912810UD8,TSRYS5870973,D,S,D,2024-10-23,1000000.00,4.575104,94.171875
08:04:43,912810UD8,TSRYS5870973,D,S,D,2024-10-23,1000000.00,4.573848,94.1875
08:04:43,912810UD8,TSRYS5870973,D,S,D,2024-10-23,1000000.00,4.573848,94.1875
08:04:43,912810UD8,TSRYS5870973,D,S,D,2024-10-23,1000000.00,4.586574,94.029296875
08:04:43,912810UD8,TSRYS5870973,D,B,C,2024-10-23,1000000.00,4.575116,94.171725
08:04:43,912810UD8,TSRYS5870973,D,S,C,2024-10-23,1000000.00,4.575104,94.171875
08:04:43,912810UD8,TSRYS5870973,D,B,C,2024-10-23,1000000.00,4.575116,94.171725
08:04:43,912810UD8,TSRYS5870973,D,S,C,2024-10-23,1000000.00,4.575104,94.171875
08:04:43,912810UD8,TSRYS5870973,D,B,C,2024-10-23,1000000.00,4.581072,94.09765625
08:04:43,912810UD8,TSRYS5870973,D,S,C,2024-10-23,1000000.00,4.581072,94.09765625
08:04:44,912810UD8,TSRYS5870973,D,S,D,2024-10-23,1000000.00,4.582329,94.08203125
08:04:44,912810UD8,TSRYS5870973,D,S,D,2024-10-23,1000000.00,4.581858,94.087890625
08:04:44,912810UD8,TSRYS5870973,D,S,D,2024-10-23,1000000.00,4.581527,94.091996875
08:04:44,912810UD8,TSRYS5870973,D,S,D,2024-10-23,1000000.00,4.581386,94.09375
08:04:44,912810UD8,TSRYS5870973,D,S,D,2024-10-23,1000000.00,4.581386,94.09375
08:04:44,912810UD8,TSRYS5870973,D,S,D,2024-10-23,1000000.00,4.581386,94.09375
08:04:45,912810UD8,TSRYS5870973,D,S,C,2024-10-23,1000000.00,4.571338,94.21875
08:04:45,912810UD8,TSRYS5870973,D,B,C,2024-10-23,1000000.00,4.571338,94.21875
08:04:45,912810UD8,TSRYS5870973,D,S,C,2024-10-23,1000000.00,4.571338,94.21875
08:04:45,912810UD8,TSRYS5870973,D,S,C,2024-10-23,1000000.00,4.572579,94.2033
08:04:45,912810UD8,TSRYS5870973,D,S,D,2024-10-23,2000000.00,4.57258,94.203277
08:04:46,912810UD8,TSRYS5870973,D,S,C,2024-10-23,2000000.00,4.575104,94.171875
08:04:46,912810UD8,TSRYS5870973,D,S,T,2024-10-23,1000000.00,4.581386,94.09375
08:04:47,912810UD8,TSRYS5870973,D,B,C,2024-10-23,1000000.00,4.576372,94.1561
08:04:47,912810UD8,TSRYS5870973,D,S,C,2024-10-23,1000000.00,4.57636,94.15625
08:04:47,912810UD8,TSRYS5870973,D,B,C,2024-10-23,1000000.00,4.576372,94.1561
08:04:47,912810UD8,TSRYS5870973,D,B,C,2024-10-23,1000000.00,4.576372,94.1561
08:04:47,912810UD8,TSRYS5870973,D,S,C,2024-10-23,1000000.00,4.57636,94.15625
08:04:47,912810UD8,TSRYS5870973,D,B,C,2024-10-23,2000000.00,4.576372,94.1561
08:04:47,912810UD8,TSRYS5870973,D,S,D,2024-10-23,2000000.00,4.576347,94.156402
08:04:47,912810UD8,TSRYS5870973,D,S,C,2024-10-23,1000000.00,4.576344,94.15645
08:04:48,912810UD8,TSRYS5870973,D,S,C,2024-10-23,1000000.00,4.580129,94.109375
08:04:48,912810UD8,TSRYS5870973,D,S,C,2024-10-23,1000000.00,4.580129,94.109375
08:04:49,912810UD8,TSRYS5870973,D,S,D,2024-10-23,2000000.00,4.583889,94.062652
08:04:49,912810UD8,TSRYS5870973,D,S,D,2024-10-23,2000000.00,4.583889,94.062652
08:04:49,912810UD8,TSRYS5870973,D,S,D,2024-10-23,2000000.00,4.583889,94.062652
08:04:49,912810UD8,TSRYS5870973,D,S,D,2024-10-23,2000000.00,4.583889,94.062652
08:04:49,912810UD8,TSRYS5870973,D,S,D,2024-10-23,2000000.00,4.583889,94.062652
08:04:50,912810UD8,TSRYS5870973,D,S,C,2024-10-23,1000000.00,4.583901,94.0625
08:04:50,912810UD8,TSRYS5870973,D,S,C,2024-10-23,1000000.00,4.583901,94.0625
08:04:50,912810UD8,TSRYS5870973,D,S,D,2024-10-23,1000000.00,4.583861,94.063
08:04:51,912810UD8,TSRYS5870973,D,S,C,2024-10-23,1000000.00,4.585145,94.04705
08:04:52,912810UD8,TSRYS5870973,D,S,C,2024-10-23,1000000.00,4.576038,94.16025625
08:04:52,912810UD8,TSRYS5870973,D,B,C,2024-10-23,1000000.00,4.576046,94.16015625
08:04:52,912810UD8,TSRYS5870973,D,S,D,2024-10-23,1000000.00,4.586417,94.03125
08:04:52,912810UD8,TSRYS5870973,D,S,C,2024-10-23,1000000.00,4.586401,94.03145
08:04:52,912810UD8,TSRYS5870973,D,S,D,2024-10-23,1000000.00,4.586417,94.03125
08:04:52,912810UD8,TSRYS5870973,D,S,D,2024-10-23,1000000.00,4.586417,94.03125
08:04:52,912810UD8,TSRYS5870973,D,S,C,2024-10-23,2000000.00,4.586417,94.03125
08:04:52,912810UD8,TSRYS5870973,D,S,C,2024-10-23,1000000.00,4.586401,94.03145
08:04:52,912810UD8,TSRYS5870973,D,S,C,2024-10-23,1000000.00,4.586417,94.03125
08:04:52,912810UD8,TSRYS5870973,D,S,C,2024-10-23,1000000.00,4.586417,94.03125
08:04:52,912810UD8,TSRYS5870973,D,S,C,2024-10-23,1000000.00,4.575567,94.166115625
08:04:52,912810UD8,TSRYS5870973,D,S,C,2024-10-23,1000000.00,4.587675,94.015625
08:04:52,912810UD8,TSRYS5870973,D,S,C,2024-10-23,2000000.00,4.586417,94.03125
08:04:52,912810UD8,TSRYS5870973,D,S,C,2024-10-23,2000000.00,4.586417,94.03125
08:04:52,912810UD8,TSRYS5870973,D,S,C,2024-10-23,1000000.00,4.586417,94.03125
08:04:52,912810UD8,TSRYS5870973,D,S,D,2024-10-23,1000000.00,4.586417,94.03125
08:04:52,912810UD8,TSRYS5870973,D,S,C,2024-10-23,1000000.00,4.586401,94.03145
08:04:52,912810UD8,TSRYS5870973,D,S,D,2024-10-23,1000000.00,4.586417,94.03125
08:04:52,912810UD8,TSRYS5870973,D,S,C,2024-10-23,1000000.00,4.586417,94.03125
08:04:52,912810UD8,TSRYS5870973,D,S,D,2024-10-23,1000000.00,4.586417,94.03125
08:04:52,912810UD8,TSRYS5870973,D,S,C,2024-10-23,3000000.00,4.586417,94.03125
08:04:52,912810UD8,TSRYS5870973,D,S,C,2024-10-23,1000000.00,4.586417,94.03125
08:04:52,912810UD8,TSRYS5870973,D,S,C,2024-10-23,1000000.00,4.586401,94.03145
08:04:52,912810UD8,TSRYS5870973,D,S,C,2024-10-23,3000000.00,4.586417,94.03125
08:04:52,912810UD8,TSRYS5870973,D,S,C,2024-10-23,2000000.00,4.586405,94.0314
08:04:52,912810UD8,TSRYS5870973,D,S,C,2024-10-23,1000000.00,4.585159,94.046875
08:04:52,912810UD8,TSRYS5870973,D,S,C,2024-10-23,1000000.00,4.585159,94.046875
08:04:52,912810UD8,TSRYS5870973,D,B,C,2024-10-23,1000000.00,4.585175,94.046675
08:04:52,912810UD8,TSRYS5870973,D,S,C,2024-10-23,2000000.00,4.586417,94.03125
08:04:52,912810UD8,TSRYS5870973,D,S,C,2024-10-23,1000000.00,4.578401,94.130859375
08:04:52,912810UD8,TSRYS5870973,D,B,C,2024-10-23,1000000.00,4.576533,94.154096875
08:04:53,912810UD8,TSRYS5870973,D,S,D,2024-10-23,1000000.00,4.576517,94.154296875
08:04:53,912810UD8,TSRYS5870973,D,S,C,2024-10-23,1000000.00,4.586417,94.03125
08:04:53,912810UD8,TSRYS5870973,D,S,C,2024-10-23,1000000.00,4.586417,94.03125
08:04:54,912810UD8,TSRYS5870973,D,S,C,2024-10-23,1000000.00,4.582643,94.078125
08:04:54,912810UD8,TSRYS5870973,D,B,C,2024-10-23,1000000.00,4.582659,94.077925
08:04:54,912810UD8,TSRYS5870973,D,S,C,2024-10-23,1000000.00,4.582643,94.078125
08:04:54,912810UD8,TSRYS5870973,D,B,C,2024-10-23,1000000.00,4.582659,94.077925
08:04:54,912810UD8,TSRYS5870973,D,S,C,2024-10-23,1000000.00,4.582643,94.078125
08:04:54,912810UD8,TSRYS5870973,D,S,C,2024-10-23,1000000.00,4.582643,94.078125
08:04:54,912810UD8,TSRYS5870973,D,B,C,2024-10-23,1000000.00,4.582659,94.077925
08:04:54,912810UD8,TSRYS5870973,D,S,C,2024-10-23,1000000.00,4.58137,94.09395
08:04:54,912810UD8,TSRYS5870973,D,S,C,2024-10-23,1000000.00,4.58137,94.09395
08:04:55,912810UD8,TSRYS5870973,D,S,C,2024-10-23,1000000.00,4.582643,94.078125
08:04:57,912810UD8,TSRYS5870973,D,S,C,2024-10-23,1000000.00,4.581386,94.09375
08:04:57,912810UD8,TSRYS5870973,D,S,D,2024-10-23,1000000.00,4.572593,94.203125
08:04:58,912810UD8,TSRYS5870973,D,S,C,2024-10-23,1000000.00,4.582643,94.078125
08:04:58,912810UD8,TSRYS5870973,D,S,C,2024-10-23,1000000.00,4.582643,94.078125
08:05:03,912810UD8,TSRYS5870973,D,S,C,2024-10-23,1000000.00,4.581386,94.09375
08:05:03,912810UD8,TSRYS5870973,D,S,C,2024-10-23,1000000.00,4.581386,94.09375
08:05:04,912810UD8,TSRYS5870973,D,B,C,2024-10-23,1000000.00,4.583288,94.0701125
08:05:04,912810UD8,TSRYS5870973,D,S,D,2024-10-23,1000000.00,4.583272,94.0703125
08:05:04,912810UD8,TSRYS5870973,D,B,C,2024-10-23,1000000.00,4.583288,94.0701125
08:05:04,912810UD8,TSRYS5870973,D,S,D,2024-10-23,1000000.00,4.583272,94.0703125
08:05:05,912810UD8,TSRYS5870973,D,S,D,2024-10-23,2000.00,4.579344,94.11914061718
08:05:08,912810UD8,TSRYS5870973,D,S,C,2024-10-23,2000.00,4.579344,94.11914062
08:05:12,912810UD8,TSRYS5870973,D,S,D,2024-10-23,1000000.00,4.584687,94.052734375
08:05:12,912810UD8,TSRYS5870973,D,B,C,2024-10-23,1000000.00,4.581874,94.087690625
08:05:12,912810UD8,TSRYS5870973,D,S,C,2024-10-23,1000000.00,4.581858,94.087890625
08:05:13,912810UD8,TSRYS5870973,D,S,D,2024-10-23,1000000.00,4.580915,94.099609375
08:05:14,912810UD8,TSRYS5870973,D,S,C,2024-10-23,1000000.00,4.581858,94.087890625
08:05:20,912810UD8,TSRYS5870973,D,S,D,2024-10-23,1000000.00,4.57636,94.15625
08:05:22,912810UD8,TSRYS5870973,D,S,D,2024-10-23,1000000.00,4.573377,94.193359375
08:05:22,912810UD8,TSRYS5870973,D,S,C,2024-10-23,1000000.00,4.573361,94.193559375
08:05:22,912810UD8,TSRYS5870973,D,S,D,2024-10-23,1000000.00,4.573377,94.193359375
08:05:22,912810UD8,TSRYS5870973,D,S,D,2024-10-23,1000000.00,4.573534,94.19140625
08:05:22,912810UD8,TSRYS5870973,D,S,C,2024-10-23,1000000.00,4.572907,94.19921875
08:05:23,912810UD8,TSRYS5870973,D,S,D,2024-10-23,1000000.00,4.572894,94.19936875
08:05:24,912810UD8,TSRYS5870973,D,S,D,2024-10-23,1000000.00,4.576046,94.16015625
08:05:32,912810UD8,TSRYS5870973,D,S,D,2024-10-23,1000000.00,4.574476,94.1796875
08:05:32,912810UD8,TSRYS5870973,D,S,D,2024-10-23,1000000.00,4.574476,94.1796875
08:05:39,912810UD8,TSRYS5870973,D,S,C,2024-10-23,1000000.00,4.583744,94.064453125
08:05:39,912810UD8,TSRYS5870973,D,S,D,2024-10-23,1000000.00,4.583901,94.0625
08:05:39,912810UD8,TSRYS5870973,D,S,D,2024-10-23,1000000.00,4.583901,94.0625
08:05:39,912810UD8,TSRYS5870973,D,S,D,2024-10-23,1000000.00,4.583901,94.0625
08:05:39,912810UD8,TSRYS5870973,D,S,D,2024-10-23,1000000.00,4.583893,94.0626
08:05:39,912810UD8,TSRYS5870973,D,S,D,2024-10-23,1000000.00,4.583901,94.0625
08:05:39,912810UD8,TSRYS5870973,D,S,D,2024-10-23,1000000.00,4.583893,94.0626
08:05:42,912810UD8,TSRYS5870973,D,S,C,2024-10-23,1000000.00,4.588139,94.009865625
08:05:42,912810UD8,TSRYS5870973,D,B,C,2024-10-23,1000000.00,4.588155,94.009665625
08:05:43,912810UD8,TSRYS5870973,D,S,C,2024-10-23,1000000.00,4.588139,94.009865625
08:05:43,912810UD8,TSRYS5870973,D,B,C,2024-10-23,1000000.00,4.588155,94.009665625
08:05:46,912810UD8,TSRYS5870973,D,S,D,2024-10-23,1000000.00,4.580129,94.109375
08:05:46,912810UD8,TSRYS5870973,D,B,C,2024-10-23,1000000.00,4.580129,94.109375
08:05:53,912810UD8,TSRYS5870973,D,B,C,2024-10-23,1000000.00,4.579186,94.12109375
08:05:53,912810UD8,TSRYS5870973,D,S,C,2024-10-23,1000000.00,4.579186,94.12109375
08:05:53,912810UD8,TSRYS5870973,D,S,D,2024-10-23,1000000.00,4.579186,94.12109375
08:05:56,912810UD8,TSRYS5870973,D,S,C,2024-10-23,1000000.00,4.580435,94.10556875
08:05:56,912810UD8,TSRYS5870973,D,B,C,2024-10-23,1000000.00,4.580443,94.10546875
08:05:56,912810UD8,TSRYS5870973,D,S,C,2024-10-23,1000000.00,4.580435,94.10556875
08:05:56,912810UD8,TSRYS5870973,D,B,C,2024-10-23,1000000.00,4.580443,94.10546875
08:05:56,912810UD8,TSRYS5870973,D,S,C,2024-10-23,1000000.00,4.580435,94.10556875
08:05:56,912810UD8,TSRYS5870973,D,B,C,2024-10-23,1000000.00,4.580443,94.10546875
08:06:03,912810UD8,TSRYS5870973,D,S,D,2024-10-23,1000000.00,4.581072,94.09765625
08:06:09,912810UD8,TSRYS5870973,D,S,T,2024-10-23,1000000.00,4.579658,94.115234375
08:06:09,912810UD8,TSRYS5870973,D,S,C,2024-10-23,1000000.00,4.57965,94.115334375
08:06:10,912810UD8,TSRYS5870973,D,S,D,2024-10-23,1000000.00,4.578872,94.125
08:06:10,912810UD8,TSRYS5870973,D,B,C,2024-10-23,1000000.00,4.578872,94.125
08:06:12,912810UD8,TSRYS5870973,D,S,C,2024-10-23,2637000.00,4.574476,94.1796875
08:06:12,912810UD8,TSRYS5870973,D,S,A,2024-10-23,577000.00,4.576046,94.16015625
08:06:12,912810UD8,TSRYS5870973,D,B,A,2024-10-23,1800000.00,4.582047,94.0855375
08:06:12,912810UD8,TSRYS5870973,D,B,C,2024-10-23,1800000.00,4.582047,94.0855375
08:06:14,912810UD8,TSRYS5870973,D,S,T,2024-10-23,1000000.00,4.578872,94.125
08:06:22,912810UD8,TSRYS5870973,D,B,C,2024-10-23,885000.00,4.581072,94.09765625
08:06:22,912810UD8,TSRYS5870973,D,S,T,2024-10-23,1000000.00,4.573377,94.193359375
08:06:24,912810UD8,TSRYS5870973,D,S,D,2024-10-23,1000000.00,4.573534,94.19140625
08:06:25,912810UD8,TSRYS5870973,D,S,T,2024-10-23,1000000.00,4.573377,94.193359375
08:06:27,912810UD8,TSRYS5870973,D,S,T,2024-10-23,1000000.00,4.573534,94.19140625
08:06:30,912810UD8,TSRYS5870973,D,S,T,2024-10-23,1000000.00,4.573691,94.189453125
08:06:31,912810UD8,TSRYS5870973,D,S,T,2024-10-23,1000000.00,4.573534,94.19140625
08:06:32,912810UD8,TSRYS5870973,D,S,D,2024-10-23,1000000.00,4.573534,94.19140625
08:06:34,912810UD8,TSRYS5870973,D,S,T,2024-10-23,1000000.00,4.573377,94.193359375
08:06:35,912810UD8,TSRYS5870973,D,S,D,2024-10-23,1000000.00,4.580129,94.109375
08:06:35,912810UD8,TSRYS5870973,D,B,C,2024-10-23,1000000.00,4.580129,94.109375
08:06:35,912810UD8,TSRYS5870973,D,S,T,2024-10-23,1000000.00,4.573534,94.19140625
08:06:37,912810UD8,TSRYS5870973,D,S,T,2024-10-23,1000000.00,4.573377,94.193359375
08:06:51,912810UD8,TSRYS5870973,D,S,T,2024-10-23,1000000.00,4.581386,94.09375
08:06:51,912810UD8,TSRYS5870973,D,S,C,2024-10-23,1000000.00,4.57965,94.115334375
08:06:51,912810UD8,TSRYS5870973,D,S,T,2024-10-23,1000000.00,4.579658,94.115234375
08:06:51,912810UD8,TSRYS5870973,D,S,T,2024-10-23,1000000.00,4.581386,94.09375
08:06:52,912810UD8,TSRYS5870973,D,S,C,2024-10-23,1000000.00,4.581378,94.09385
08:06:52,912810UD8,TSRYS5870973,D,S,T,2024-10-23,1000000.00,4.582015,94.0859375
08:06:52,912810UD8,TSRYS5870973,D,S,C,2024-10-23,1000000.00,4.582007,94.0860375
08:06:53,912810UD8,TSRYS5870973,D,S,D,2024-10-23,1000000.00,4.578872,94.125
08:06:53,912810UD8,TSRYS5870973,D,S,D,2024-10-23,1000000.00,4.578872,94.125
08:06:53,912810UD8,TSRYS5870973,D,B,C,2024-10-23,1000000.00,4.578872,94.125
08:06:53,912810UD8,TSRYS5870973,D,S,D,2024-10-23,1000000.00,4.578872,94.125
08:06:58,912810UD8,TSRYS5870973,D,S,T,2024-10-23,1000000.00,4.581386,94.09375
08:07:01,912810UD8,TSRYS5870973,D,S,T,2024-10-23,1000000.00,4.580129,94.109375
08:07:04,912810UD8,TSRYS5870973,D,S,T,2024-10-23,1000000.00,4.578872,94.125
08:07:04,912810UD8,TSRYS5870973,D,S,T,2024-10-23,1000000.00,4.578872,94.125
08:07:07,912810UD8,TSRYS5870973,D,B,C,2024-10-23,2000000.00,4.578884,94.12485
08:07:07,912810UD8,TSRYS5870973,D,S,D,2024-10-23,2000000.00,4.578872,94.125
08:07:07,912810UD8,TSRYS5870973,D,B,C,2024-10-23,3000000.00,4.578872,94.125
08:07:07,912810UD8,TSRYS5870973,D,S,D,2024-10-23,3000000.00,4.578872,94.125
08:07:07,912810UD8,TSRYS5870973,D,S,D,2024-10-23,1000000.00,4.578872,94.125
08:07:21,912810UD8,TSRYS5870973,D,S,D,2024-10-23,500000.00,4.578872,94.125
08:07:34,912810UD8,TSRYS5870973,D,S,T,2024-10-23,1000000.00,4.578872,94.125
08:07:37,912810UD8,TSRYS5870973,D,S,C,2024-10-23,1000000.00,4.581386,94.09375
08:07:37,912810UD8,TSRYS5870973,D,S,C,2024-10-23,1000000.00,4.580129,94.109375
08:07:37,912810UD8,TSRYS5870973,D,S,T,2024-10-23,1000000.00,4.585159,94.046875
08:07:41,912810UD8,TSRYS5870973,D,S,T,2024-10-23,1000000.00,4.578872,94.125
08:07:43,912810UD8,TSRYS5870973,D,S,T,2024-10-23,1000000.00,4.580129,94.109375
08:07:43,912810UD8,TSRYS5870973,D,S,T,2024-10-23,1000000.00,4.580129,94.109375
08:07:43,912810UD8,TSRYS5870973,D,S,T,2024-10-23,1000000.00,4.581386,94.09375
08:07:52,912810UD8,TSRYS5870973,D,S,C,2024-10-23,1000000.00,4.580129,94.109375
08:07:52,912810UD8,TSRYS5870973,D,S,D,2024-10-23,1000000.00,4.580129,94.109375
08:08:03,912810UD8,TSRYS5870973,D,S,D,2024-10-23,100000.00,4.579501,94.1171875
08:08:10,912810UD8,TSRYS5870973,D,S,C,2024-10-23,1000000.00,4.581386,94.09375
08:08:10,912810UD8,TSRYS5870973,D,S,C,2024-10-23,1000000.00,4.578872,94.125
08:08:25,912810UD8,TSRYS5870973,D,S,D,2024-10-23,1000000.00,4.581386,94.09375
08:08:25,912810UD8,TSRYS5870973,D,S,D,2024-10-23,1000000.00,4.578872,94.125
08:08:35,912810UD8,TSRYS5870973,D,S,T,2024-10-23,1000000.00,4.577616,94.140625
08:08:35,912810UD8,TSRYS5870973,D,S,T,2024-10-23,1000000.00,4.577616,94.140625
08:08:35,912810UD8,TSRYS5870973,D,S,T,2024-10-23,1000000.00,4.577616,94.140625
08:08:35,912810UD8,TSRYS5870973,D,S,D,2024-10-23,1000000.00,4.577608,94.140725
08:08:35,912810UD8,TSRYS5870973,D,S,D,2024-10-23,1000000.00,4.577608,94.140725
08:08:36,912810UD8,TSRYS5870973,D,S,D,2024-10-23,1000000.00,4.577608,94.140725
08:08:56,912810UD8,TSRYS5870973,D,S,T,2024-10-23,1000000.00,4.579501,94.1171875
08:08:56,912810UD8,TSRYS5870973,D,S,D,2024-10-23,1000000.00,4.579493,94.1172875
08:08:56,912810UD8,TSRYS5870973,D,B,C,2024-10-23,1000000.00,4.579501,94.1171875
08:08:56,912810UD8,TSRYS5870973,D,S,D,2024-10-23,1000000.00,4.579501,94.1171875
08:08:56,912810UD8,TSRYS5870973,D,S,D,2024-10-23,1000000.00,4.579493,94.1172875
08:08:56,912810UD8,TSRYS5870973,D,S,T,2024-10-23,1000000.00,4.579501,94.1171875
08:08:57,912810UD8,TSRYS5870973,D,S,D,2024-10-23,1000000.00,4.579501,94.1171875
08:08:57,912810UD8,TSRYS5870973,D,S,D,2024-10-23,1000000.00,4.579501,94.1171875
08:08:57,912810UD8,TSRYS5870973,D,B,C,2024-10-23,1000000.00,4.579501,94.1171875
08:08:57,912810UD8,TSRYS5870973,D,S,D,2024-10-23,1000000.00,4.579493,94.1172875
08:08:57,912810UD8,TSRYS5870973,D,S,D,2024-10-23,1000000.00,4.579501,94.1171875
08:08:57,912810UD8,TSRYS5870973,D,S,D,2024-10-23,1000000.00,4.579501,94.1171875
08:08:57,912810UD8,TSRYS5870973,D,B,C,2024-10-23,1000000.00,4.579501,94.1171875
08:08:57,912810UD8,TSRYS5870973,D,S,D,2024-10-23,1000000.00,4.579501,94.1171875
08:08:57,912810UD8,TSRYS5870973,D,S,D,2024-10-23,1000000.00,4.579501,94.1171875
08:08:58,912810UD8,TSRYS5870973,D,B,C,2024-10-23,50MM+,4.585656,94.040699
08:08:59,912810UD8,TSRYS5870973,D,S,D,2024-10-23,230000.00,4.58104,94.09805625
08:09:39,912810UD8,TSRYS5870973,D,S,C,2024-10-23,1000000.00,4.578872,94.125
08:09:39,912810UD8,TSRYS5870973,D,B,C,2024-10-23,1000000.00,4.578872,94.125
08:09:39,912810UD8,TSRYS5870973,D,B,C,2024-10-23,1000000.00,4.578872,94.125
08:09:39,912810UD8,TSRYS5870973,D,S,C,2024-10-23,1000000.00,4.578872,94.125
