tradeTime,cusip,issueSymbolIdentifier,priceType,reportingSideCode,contraPartyTypeCode,tradeDate,reportedTradeVolume,lastSaleYield,lastSalePrice
08:00:06,912810UB2,TSRYS5810883,D,S,D,2024-06-28,1000000.00,4.55497,100.904296875
08:00:06,912810UB2,TSRYS5810883,D,S,D,2024-06-28,1000000.00,4.559009,100.8515625
08:00:06,912810UB2,TSRYS5810883,D,S,D,2024-06-28,1000000.00,4.55871,100.85546875
08:00:06,912810UB2,TSRYS5810883,D,S,D,2024-06-28,1000000.00,4.55871,100.85546875
08:00:06,912810UB2,TSRYS5810883,D,S,D,2024-06-28,1000000.00,4.573091,100.66796875
08:00:06,912810UB2,TSRYS5810883,D,S,D,2024-06-28,1000000.00,4.573241,100.666015625
08:00:06,912810UB2,TSRYS5810883,D,S,D,2024-06-28,1000000.00,4.573091,100.66796875
08:00:06,912810UB2,TSRYS5810883,D,S,D,2024-06-28,1000000.00,4.573091,100.66796875
08:00:06,912810UB2,TSRYS5810883,D,S,D,2024-06-28,1000000.00,4.538993,101.11328125
08:00:06,912810UB2,TSRYS5810883,D,S,D,2024-06-28,1000000.00,4.538993,101.11328125
08:00:06,912810UB2,TSRYS5810883,D,S,T,2024-06-28,1000000.00,4.545259,101.03125
08:00:06,912810UB2,TSRYS5810883,D,S,T,2024-06-28,1000000.00,4.545259,101.03125
08:00:06,912810UB2,TSRYS5810883,D,S,T,2024-06-28,1000000.00,4.544215,101.044921875
08:00:06,912810UB2,TSRYS5810883,D,S,T,2024-06-28,1000000.00,4.544215,101.044921875
08:00:06,912810UB2,TSRYS5810883,D,S,T,2024-06-28,1000000.00,4.551383,100.951171875
08:00:06,912810UB2,TSRYS5810883,D,S,T,2024-06-28,1000000.00,4.554372,100.912109375
08:00:06,912810UB2,TSRYS5810883,D,S,D,2024-06-28,1000000.00,4.55497,100.904296875
08:00:06,912810UB2,TSRYS5810883,D,S,D,2024-06-28,1000000.00,4.559009,100.8515625
08:00:06,912810UB2,TSRYS5810883,D,S,D,2024-06-28,1000000.00,4.55871,100.85546875
08:00:06,912810UB2,TSRYS5810883,D,S,D,2024-06-28,1000000.00,4.55871,100.85546875
08:00:06,912810UB2,TSRYS5810883,D,S,D,2024-06-28,1000000.00,4.573091,100.66796875
08:00:06,912810UB2,TSRYS5810883,D,S,D,2024-06-28,1000000.00,4.573241,100.666015625
08:00:06,912810UB2,TSRYS5810883,D,S,D,2024-06-28,1000000.00,4.573091,100.66796875
08:00:06,912810UB2,TSRYS5810883,D,S,D,2024-06-28,1000000.00,4.573091,100.66796875
08:00:06,912810UB2,TSRYS5810883,D,S,D,2024-06-28,1000000.00,4.538993,101.11328125
08:00:06,912810UB2,TSRYS5810883,D,S,D,2024-06-28,1000000.00,4.538993,101.11328125
08:00:06,912810UB2,TSRYS5810883,D,S,T,2024-06-28,1000000.00,4.545259,101.03125
08:00:06,912810UB2,TSRYS5810883,D,S,T,2024-06-28,1000000.00,4.545259,101.03125
08:00:06,912810UB2,TSRYS5810883,D,S,T,2024-06-28,1000000.00,4.544215,101.044921875
08:00:06,912810UB2,TSRYS5810883,D,S,T,2024-06-28,1000000.00,4.544215,101.044921875
08:00:06,912810UB2,TSRYS5810883,D,S,T,2024-06-28,1000000.00,4.551383,100.951171875
08:00:06,912810UB2,TSRYS5810883,D,S,T,2024-06-28,1000000.00,4.554372,100.912109375
08:00:12,912810UB2,TSRYS5810883,D,S,C,2024-06-28,20000.00,4.550074,100.96875
08:00:12,912810UB2,TSRYS5810883,D,S,C,2024-06-28,20000.00,4.550074,100.96875
08:00:13,912810UB2,TSRYS5810883,D,S,T,2024-06-28,1000000.00,4.573991,100.65625
08:00:13,912810UB2,TSRYS5810883,D,S,T,2024-06-28,1000000.00,4.573991,100.65625
08:00:14,912810UB2,TSRYS5810883,D,B,A,2024-06-28,9100000.00,4.558111,100.86328125
08:00:14,912810UB2,TSRYS5810883,D,S,A,2024-06-28,9100000.00,4.558111,100.86328125
08:00:14,912810UB2,TSRYS5810883,D,B,A,2024-06-28,9100000.00,4.558111,100.86328125
08:00:14,912810UB2,TSRYS5810883,D,S,A,2024-06-28,9100000.00,4.558111,100.86328125
08:00:15,912810UB2,TSRYS5810883,D,S,D,2024-06-28,1000000.00,4.540484,101.09375
08:00:15,912810UB2,TSRYS5810883,D,S,D,2024-06-28,1000000.00,4.540484,101.09375
08:00:19,912810UB2,TSRYS5810883,D,S,T,2024-06-28,1000000.00,4.548843,100.984375
08:00:19,912810UB2,TSRYS5810883,D,B,A,2024-06-28,9100000.00,4.558111,100.86328125
08:00:19,912810UB2,TSRYS5810883,D,S,T,2024-06-28,1000000.00,4.548694,100.986328125
08:00:19,912810UB2,TSRYS5810883,D,S,T,2024-06-28,1000000.00,4.548843,100.984375
08:00:19,912810UB2,TSRYS5810883,D,B,A,2024-06-28,9100000.00,4.558111,100.86328125
08:00:19,912810UB2,TSRYS5810883,D,S,T,2024-06-28,1000000.00,4.548694,100.986328125
08:00:20,912810UB2,TSRYS5810883,D,S,D,2024-06-28,3000000.00,4.548843,100.984375
08:00:20,912810UB2,TSRYS5810883,D,S,D,2024-06-28,3000000.00,4.548843,100.984375
08:00:23,912810UB2,TSRYS5810883,D,S,T,2024-06-28,1000000.00,4.548843,100.984375
08:00:23,912810UB2,TSRYS5810883,D,S,T,2024-06-28,1000000.00,4.548843,100.984375
08:00:25,912810UB2,TSRYS5810883,D,S,T,2024-06-28,1000000.00,4.548843,100.984375
08:00:25,912810UB2,TSRYS5810883,D,S,T,2024-06-28,1000000.00,4.548843,100.984375
08:00:26,912810UB2,TSRYS5810883,D,S,D,2024-06-28,1000000.00,4.575191,100.640625
08:00:26,912810UB2,TSRYS5810883,D,S,D,2024-06-28,1000000.00,4.575191,100.640625
08:00:26,912810UB2,TSRYS5810883,D,S,C,2024-06-28,50000.00,4.540484,101.10375
08:00:26,912810UB2,TSRYS5810883,D,S,D,2024-06-28,1000000.00,4.575191,100.640625
08:00:26,912810UB2,TSRYS5810883,D,S,D,2024-06-28,1000000.00,4.575191,100.640625
08:00:26,912810UB2,TSRYS5810883,D,S,C,2024-06-28,50000.00,4.540484,101.10375
08:00:28,912810UB2,TSRYS5810883,D,S,T,2024-06-28,1000000.00,4.559608,100.84375
08:00:28,912810UB2,TSRYS5810883,D,S,T,2024-06-28,1000000.00,4.542871,101.0625
08:00:28,912810UB2,TSRYS5810883,D,S,T,2024-06-28,1000000.00,4.545259,101.03125
08:00:28,912810UB2,TSRYS5810883,D,S,T,2024-06-28,1000000.00,4.559608,100.84375
08:00:28,912810UB2,TSRYS5810883,D,S,T,2024-06-28,1000000.00,4.542871,101.0625
08:00:28,912810UB2,TSRYS5810883,D,S,T,2024-06-28,1000000.00,4.545259,101.03125
08:00:29,912810UB2,TSRYS5810883,D,S,D,2024-06-28,1000000.00,4.553924,100.91796875
08:00:29,912810UB2,TSRYS5810883,D,S,D,2024-06-28,1000000.00,4.559009,100.8515625
08:00:29,912810UB2,TSRYS5810883,D,S,D,2024-06-28,1000000.00,4.559608,100.84375
08:00:29,912810UB2,TSRYS5810883,D,S,T,2024-06-28,1000000.00,4.557214,100.875
08:00:29,912810UB2,TSRYS5810883,D,S,D,2024-06-28,1000000.00,4.55871,100.85546875
08:00:29,912810UB2,TSRYS5810883,D,S,D,2024-06-28,1000000.00,4.546752,101.01171875
08:00:29,912810UB2,TSRYS5810883,D,S,D,2024-06-28,1000000.00,4.548246,100.9921875
08:00:29,912810UB2,TSRYS5810883,D,S,D,2024-06-28,1000000.00,4.544961,101.03515625
08:00:29,912810UB2,TSRYS5810883,D,S,D,2024-06-28,1000000.00,4.553924,100.91796875
08:00:29,912810UB2,TSRYS5810883,D,S,D,2024-06-28,1000000.00,4.559009,100.8515625
08:00:29,912810UB2,TSRYS5810883,D,S,D,2024-06-28,1000000.00,4.559608,100.84375
08:00:29,912810UB2,TSRYS5810883,D,S,T,2024-06-28,1000000.00,4.557214,100.875
08:00:29,912810UB2,TSRYS5810883,D,S,D,2024-06-28,1000000.00,4.55871,100.85546875
08:00:29,912810UB2,TSRYS5810883,D,S,D,2024-06-28,1000000.00,4.546752,101.01171875
08:00:29,912810UB2,TSRYS5810883,D,S,D,2024-06-28,1000000.00,4.548246,100.9921875
08:00:29,912810UB2,TSRYS5810883,D,S,D,2024-06-28,1000000.00,4.544961,101.03515625
08:00:30,912810UB2,TSRYS5810883,D,S,D,2024-06-28,1000000.00,4.554821,100.90625
08:00:30,912810UB2,TSRYS5810883,D,S,D,2024-06-28,1000000.00,4.55871,100.85546875
08:00:30,912810UB2,TSRYS5810883,D,S,D,2024-06-28,1000000.00,4.55841,100.859375
08:00:30,912810UB2,TSRYS5810883,D,S,D,2024-06-28,1000000.00,4.55841,100.859375
08:00:30,912810UB2,TSRYS5810883,D,S,D,2024-06-28,1000000.00,4.551234,100.953125
08:00:30,912810UB2,TSRYS5810883,D,S,D,2024-06-28,1000000.00,4.554821,100.90625
08:00:30,912810UB2,TSRYS5810883,D,S,D,2024-06-28,1000000.00,4.554821,100.90625
08:00:30,912810UB2,TSRYS5810883,D,S,D,2024-06-28,1000000.00,4.575191,100.640625
08:00:30,912810UB2,TSRYS5810883,D,S,D,2024-06-28,1000000.00,4.539291,101.109375
08:00:30,912810UB2,TSRYS5810883,D,S,D,2024-06-28,1000000.00,4.539291,101.109375
08:00:30,912810UB2,TSRYS5810883,D,S,D,2024-06-28,1000000.00,4.536906,101.140625
08:00:30,912810UB2,TSRYS5810883,D,S,T,2024-06-28,1000000.00,4.554821,100.90625
08:00:30,912810UB2,TSRYS5810883,D,S,T,2024-06-28,1000000.00,4.554821,100.90625
08:00:30,912810UB2,TSRYS5810883,D,S,T,2024-06-28,1000000.00,4.544662,101.0390625
08:00:30,912810UB2,TSRYS5810883,D,S,T,2024-06-28,1000000.00,4.544662,101.0390625
08:00:30,912810UB2,TSRYS5810883,D,S,T,2024-06-28,1000000.00,4.544662,101.0390625
08:00:30,912810UB2,TSRYS5810883,D,S,T,2024-06-28,1000000.00,4.544662,101.0390625
08:00:30,912810UB2,TSRYS5810883,D,S,T,2024-06-28,1000000.00,4.544662,101.0390625
08:00:30,912810UB2,TSRYS5810883,D,S,T,2024-06-28,1000000.00,4.544812,101.037109375
08:00:30,912810UB2,TSRYS5810883,D,S,T,2024-06-28,1000000.00,4.544662,101.0390625
08:00:30,912810UB2,TSRYS5810883,D,S,T,2024-06-28,1000000.00,4.534521,101.171875
08:00:30,912810UB2,TSRYS5810883,D,S,T,2024-06-28,1000000.00,4.541678,101.078125
08:00:30,912810UB2,TSRYS5810883,D,S,T,2024-06-28,1000000.00,4.541678,101.078125
08:00:30,912810UB2,TSRYS5810883,D,S,T,2024-06-28,1000000.00,4.541678,101.078125
08:00:30,912810UB2,TSRYS5810883,D,S,T,2024-06-28,1000000.00,4.541678,101.078125
08:00:30,912810UB2,TSRYS5810883,D,S,T,2024-06-28,1000000.00,4.546454,101.015625
08:00:30,912810UB2,TSRYS5810883,D,S,T,2024-06-28,1000000.00,4.546454,101.015625
08:00:30,912810UB2,TSRYS5810883,D,S,T,2024-06-28,1000000.00,4.575191,100.640625
08:00:30,912810UB2,TSRYS5810883,D,S,T,2024-06-28,1000000.00,4.569192,100.71875
08:00:30,912810UB2,TSRYS5810883,D,S,T,2024-06-28,1000000.00,4.557214,100.875
08:00:30,912810UB2,TSRYS5810883,D,S,T,2024-06-28,1000000.00,4.55841,100.859375
08:00:30,912810UB2,TSRYS5810883,D,S,T,2024-06-28,1000000.00,4.559608,100.84375
08:00:30,912810UB2,TSRYS5810883,D,S,T,2024-06-28,1000000.00,4.560805,100.828125
08:00:30,912810UB2,TSRYS5810883,D,S,T,2024-06-28,1000000.00,4.565596,100.765625
08:00:30,912810UB2,TSRYS5810883,D,S,T,2024-06-28,1000000.00,4.55841,100.859375
08:00:30,912810UB2,TSRYS5810883,D,S,T,2024-06-28,1000000.00,4.556615,100.8828125
08:00:30,912810UB2,TSRYS5810883,D,S,T,2024-06-28,1000000.00,4.556466,100.884765625
08:00:30,912810UB2,TSRYS5810883,D,S,T,2024-06-28,1000000.00,4.556316,100.88671875
08:00:30,912810UB2,TSRYS5810883,D,S,T,2024-06-28,1000000.00,4.556167,100.888671875
08:00:30,912810UB2,TSRYS5810883,D,S,T,2024-06-28,1000000.00,4.556017,100.890625
08:00:30,912810UB2,TSRYS5810883,D,S,D,2024-06-28,1000000.00,4.55841,100.859375
08:00:30,912810UB2,TSRYS5810883,D,S,D,2024-06-28,1000000.00,4.55841,100.859375
08:00:30,912810UB2,TSRYS5810883,D,S,T,2024-06-28,1000000.00,4.548843,100.984375
08:00:30,912810UB2,TSRYS5810883,D,S,T,2024-06-28,1000000.00,4.550038,100.96875
08:00:30,912810UB2,TSRYS5810883,D,S,T,2024-06-28,1000000.00,4.550038,100.96875
08:00:30,912810UB2,TSRYS5810883,D,S,T,2024-06-28,1000000.00,4.548843,100.984375
08:00:30,912810UB2,TSRYS5810883,D,S,T,2024-06-28,1000000.00,4.547648,101.0
08:00:30,912810UB2,TSRYS5810883,D,S,T,2024-06-28,1000000.00,4.547648,101.0
08:00:30,912810UB2,TSRYS5810883,D,S,T,2024-06-28,1000000.00,4.547648,101.0
08:00:30,912810UB2,TSRYS5810883,D,S,T,2024-06-28,1000000.00,4.548843,100.984375
08:00:30,912810UB2,TSRYS5810883,D,S,T,2024-06-28,1000000.00,4.544065,101.046875
08:00:30,912810UB2,TSRYS5810883,D,S,T,2024-06-28,1000000.00,4.545259,101.03125
08:00:30,912810UB2,TSRYS5810883,D,S,T,2024-06-28,1000000.00,4.546454,101.015625
08:00:30,912810UB2,TSRYS5810883,D,S,T,2024-06-28,1000000.00,4.544662,101.0390625
08:00:30,912810UB2,TSRYS5810883,D,S,T,2024-06-28,1000000.00,4.544662,101.0390625
08:00:30,912810UB2,TSRYS5810883,D,S,T,2024-06-28,1000000.00,4.544662,101.0390625
08:00:30,912810UB2,TSRYS5810883,D,S,T,2024-06-28,1000000.00,4.545259,101.03125
08:00:30,912810UB2,TSRYS5810883,D,S,T,2024-06-28,1000000.00,4.550038,100.96875
08:00:30,912810UB2,TSRYS5810883,D,S,T,2024-06-28,1000000.00,4.553625,100.921875
08:00:30,912810UB2,TSRYS5810883,D,S,T,2024-06-28,1000000.00,4.55841,100.859375
08:00:30,912810UB2,TSRYS5810883,D,S,T,2024-06-28,1000000.00,4.55841,100.859375
08:00:30,912810UB2,TSRYS5810883,D,S,T,2024-06-28,1000000.00,4.556017,100.890625
08:00:30,912810UB2,TSRYS5810883,D,S,T,2024-06-28,1000000.00,4.556017,100.890625
08:00:30,912810UB2,TSRYS5810883,D,S,T,2024-06-28,1000000.00,4.559608,100.84375
08:00:30,912810UB2,TSRYS5810883,D,S,T,2024-06-28,1000000.00,4.559608,100.84375
08:00:30,912810UB2,TSRYS5810883,D,S,T,2024-06-28,1000000.00,4.559608,100.84375
08:00:30,912810UB2,TSRYS5810883,D,S,T,2024-06-28,1000000.00,4.559608,100.84375
08:00:30,912810UB2,TSRYS5810883,D,S,T,2024-06-28,1000000.00,4.559608,100.84375
08:00:30,912810UB2,TSRYS5810883,D,S,T,2024-06-28,1000000.00,4.559608,100.84375
08:00:30,912810UB2,TSRYS5810883,D,S,D,2024-06-28,1000000.00,4.554821,100.90625
08:00:30,912810UB2,TSRYS5810883,D,S,D,2024-06-28,1000000.00,4.55871,100.85546875
08:00:30,912810UB2,TSRYS5810883,D,S,D,2024-06-28,1000000.00,4.55841,100.859375
08:00:30,912810UB2,TSRYS5810883,D,S,D,2024-06-28,1000000.00,4.55841,100.859375
08:00:30,912810UB2,TSRYS5810883,D,S,D,2024-06-28,1000000.00,4.551234,100.953125
08:00:30,912810UB2,TSRYS5810883,D,S,D,2024-06-28,1000000.00,4.554821,100.90625
08:00:30,912810UB2,TSRYS5810883,D,S,D,2024-06-28,1000000.00,4.554821,100.90625
08:00:30,912810UB2,TSRYS5810883,D,S,D,2024-06-28,1000000.00,4.575191,100.640625
08:00:30,912810UB2,TSRYS5810883,D,S,D,2024-06-28,1000000.00,4.539291,101.109375
08:00:30,912810UB2,TSRYS5810883,D,S,D,2024-06-28,1000000.00,4.539291,101.109375
08:00:30,912810UB2,TSRYS5810883,D,S,D,2024-06-28,1000000.00,4.536906,101.140625
08:00:30,912810UB2,TSRYS5810883,D,S,T,2024-06-28,1000000.00,4.554821,100.90625
08:00:30,912810UB2,TSRYS5810883,D,S,T,2024-06-28,1000000.00,4.554821,100.90625
08:00:30,912810UB2,TSRYS5810883,D,S,T,2024-06-28,1000000.00,4.544662,101.0390625
08:00:30,912810UB2,TSRYS5810883,D,S,T,2024-06-28,1000000.00,4.544662,101.0390625
08:00:30,912810UB2,TSRYS5810883,D,S,T,2024-06-28,1000000.00,4.544662,101.0390625
08:00:30,912810UB2,TSRYS5810883,D,S,T,2024-06-28,1000000.00,4.544662,101.0390625
08:00:30,912810UB2,TSRYS5810883,D,S,T,2024-06-28,1000000.00,4.544662,101.0390625
08:00:30,912810UB2,TSRYS5810883,D,S,T,2024-06-28,1000000.00,4.544812,101.037109375
08:00:30,912810UB2,TSRYS5810883,D,S,T,2024-06-28,1000000.00,4.544662,101.0390625
08:00:30,912810UB2,TSRYS5810883,D,S,T,2024-06-28,1000000.00,4.534521,101.171875
08:00:30,912810UB2,TSRYS5810883,D,S,T,2024-06-28,1000000.00,4.541678,101.078125
08:00:30,912810UB2,TSRYS5810883,D,S,T,2024-06-28,1000000.00,4.541678,101.078125
08:00:30,912810UB2,TSRYS5810883,D,S,T,2024-06-28,1000000.00,4.541678,101.078125
08:00:30,912810UB2,TSRYS5810883,D,S,T,2024-06-28,1000000.00,4.541678,101.078125
08:00:30,912810UB2,TSRYS5810883,D,S,T,2024-06-28,1000000.00,4.546454,101.015625
08:00:30,912810UB2,TSRYS5810883,D,S,T,2024-06-28,1000000.00,4.546454,101.015625
08:00:30,912810UB2,TSRYS5810883,D,S,T,2024-06-28,1000000.00,4.575191,100.640625
08:00:30,912810UB2,TSRYS5810883,D,S,T,2024-06-28,1000000.00,4.569192,100.71875
08:00:30,912810UB2,TSRYS5810883,D,S,T,2024-06-28,1000000.00,4.557214,100.875
08:00:30,912810UB2,TSRYS5810883,D,S,T,2024-06-28,1000000.00,4.55841,100.859375
08:00:30,912810UB2,TSRYS5810883,D,S,T,2024-06-28,1000000.00,4.559608,100.84375
08:00:30,912810UB2,TSRYS5810883,D,S,T,2024-06-28,1000000.00,4.560805,100.828125
08:00:30,912810UB2,TSRYS5810883,D,S,T,2024-06-28,1000000.00,4.565596,100.765625
08:00:30,912810UB2,TSRYS5810883,D,S,T,2024-06-28,1000000.00,4.55841,100.859375
08:00:30,912810UB2,TSRYS5810883,D,S,T,2024-06-28,1000000.00,4.556615,100.8828125
08:00:30,912810UB2,TSRYS5810883,D,S,T,2024-06-28,1000000.00,4.556466,100.884765625
08:00:30,912810UB2,TSRYS5810883,D,S,T,2024-06-28,1000000.00,4.556316,100.88671875
08:00:30,912810UB2,TSRYS5810883,D,S,T,2024-06-28,1000000.00,4.556167,100.888671875
08:00:30,912810UB2,TSRYS5810883,D,S,T,2024-06-28,1000000.00,4.556017,100.890625
08:00:30,912810UB2,TSRYS5810883,D,S,D,2024-06-28,1000000.00,4.55841,100.859375
08:00:30,912810UB2,TSRYS5810883,D,S,D,2024-06-28,1000000.00,4.55841,100.859375
08:00:30,912810UB2,TSRYS5810883,D,S,T,2024-06-28,1000000.00,4.548843,100.984375
08:00:30,912810UB2,TSRYS5810883,D,S,T,2024-06-28,1000000.00,4.550038,100.96875
08:00:30,912810UB2,TSRYS5810883,D,S,T,2024-06-28,1000000.00,4.550038,100.96875
08:00:30,912810UB2,TSRYS5810883,D,S,T,2024-06-28,1000000.00,4.548843,100.984375
08:00:30,912810UB2,TSRYS5810883,D,S,T,2024-06-28,1000000.00,4.547648,101.0
08:00:30,912810UB2,TSRYS5810883,D,S,T,2024-06-28,1000000.00,4.547648,101.0
08:00:30,912810UB2,TSRYS5810883,D,S,T,2024-06-28,1000000.00,4.547648,101.0
08:00:30,912810UB2,TSRYS5810883,D,S,T,2024-06-28,1000000.00,4.548843,100.984375
08:00:30,912810UB2,TSRYS5810883,D,S,T,2024-06-28,1000000.00,4.544065,101.046875
08:00:30,912810UB2,TSRYS5810883,D,S,T,2024-06-28,1000000.00,4.545259,101.03125
08:00:30,912810UB2,TSRYS5810883,D,S,T,2024-06-28,1000000.00,4.546454,101.015625
08:00:30,912810UB2,TSRYS5810883,D,S,T,2024-06-28,1000000.00,4.544662,101.0390625
08:00:30,912810UB2,TSRYS5810883,D,S,T,2024-06-28,1000000.00,4.544662,101.0390625
08:00:30,912810UB2,TSRYS5810883,D,S,T,2024-06-28,1000000.00,4.544662,101.0390625
08:00:30,912810UB2,TSRYS5810883,D,S,T,2024-06-28,1000000.00,4.545259,101.03125
08:00:30,912810UB2,TSRYS5810883,D,S,T,2024-06-28,1000000.00,4.550038,100.96875
08:00:30,912810UB2,TSRYS5810883,D,S,T,2024-06-28,1000000.00,4.553625,100.921875
08:00:30,912810UB2,TSRYS5810883,D,S,T,2024-06-28,1000000.00,4.55841,100.859375
08:00:30,912810UB2,TSRYS5810883,D,S,T,2024-06-28,1000000.00,4.55841,100.859375
08:00:30,912810UB2,TSRYS5810883,D,S,T,2024-06-28,1000000.00,4.556017,100.890625
08:00:30,912810UB2,TSRYS5810883,D,S,T,2024-06-28,1000000.00,4.556017,100.890625
08:00:30,912810UB2,TSRYS5810883,D,S,T,2024-06-28,1000000.00,4.559608,100.84375
08:00:30,912810UB2,TSRYS5810883,D,S,T,2024-06-28,1000000.00,4.559608,100.84375
08:00:30,912810UB2,TSRYS5810883,D,S,T,2024-06-28,1000000.00,4.559608,100.84375
08:00:30,912810UB2,TSRYS5810883,D,S,T,2024-06-28,1000000.00,4.559608,100.84375
08:00:30,912810UB2,TSRYS5810883,D,S,T,2024-06-28,1000000.00,4.559608,100.84375
08:00:30,912810UB2,TSRYS5810883,D,S,T,2024-06-28,1000000.00,4.559608,100.84375
08:00:34,912810UB2,TSRYS5810883,D,S,D,2024-06-28,1000000.00,4.554821,100.90625
08:00:34,912810UB2,TSRYS5810883,D,S,D,2024-06-28,1000000.00,4.554821,100.90625
08:00:35,912810UB2,TSRYS5810883,D,S,A,2024-06-28,890000.00,4.5378,101.12890625
08:00:35,912810UB2,TSRYS5810883,D,S,T,2024-06-28,1000000.00,4.566945,100.748046875
08:00:35,912810UB2,TSRYS5810883,D,S,T,2024-06-28,1000000.00,4.575191,100.640625
08:00:35,912810UB2,TSRYS5810883,D,S,T,2024-06-28,1000000.00,4.575191,100.640625
08:00:35,912810UB2,TSRYS5810883,D,S,T,2024-06-28,1000000.00,4.575191,100.640625
08:00:35,912810UB2,TSRYS5810883,D,S,T,2024-06-28,1000000.00,4.575191,100.640625
08:00:35,912810UB2,TSRYS5810883,D,S,T,2024-06-28,1000000.00,4.556017,100.890625
08:00:35,912810UB2,TSRYS5810883,D,S,T,2024-06-28,1000000.00,4.557363,100.873046875
08:00:35,912810UB2,TSRYS5810883,D,S,T,2024-06-28,1000000.00,4.557662,100.869140625
08:00:35,912810UB2,TSRYS5810883,D,S,T,2024-06-28,1000000.00,4.55841,100.859375
08:00:35,912810UB2,TSRYS5810883,D,S,T,2024-06-28,1000000.00,4.55841,100.859375
08:00:35,912810UB2,TSRYS5810883,D,S,T,2024-06-28,1000000.00,4.55841,100.859375
08:00:35,912810UB2,TSRYS5810883,D,S,A,2024-06-28,890000.00,4.5378,101.12890625
08:00:35,912810UB2,TSRYS5810883,D,S,T,2024-06-28,1000000.00,4.566945,100.748046875
08:00:35,912810UB2,TSRYS5810883,D,S,T,2024-06-28,1000000.00,4.575191,100.640625
08:00:35,912810UB2,TSRYS5810883,D,S,T,2024-06-28,1000000.00,4.575191,100.640625
08:00:35,912810UB2,TSRYS5810883,D,S,T,2024-06-28,1000000.00,4.575191,100.640625
08:00:35,912810UB2,TSRYS5810883,D,S,T,2024-06-28,1000000.00,4.575191,100.640625
08:00:35,912810UB2,TSRYS5810883,D,S,T,2024-06-28,1000000.00,4.556017,100.890625
08:00:35,912810UB2,TSRYS5810883,D,S,T,2024-06-28,1000000.00,4.557363,100.873046875
08:00:35,912810UB2,TSRYS5810883,D,S,T,2024-06-28,1000000.00,4.557662,100.869140625
08:00:35,912810UB2,TSRYS5810883,D,S,T,2024-06-28,1000000.00,4.55841,100.859375
08:00:35,912810UB2,TSRYS5810883,D,S,T,2024-06-28,1000000.00,4.55841,100.859375
08:00:35,912810UB2,TSRYS5810883,D,S,T,2024-06-28,1000000.00,4.55841,100.859375
08:00:36,912810UB2,TSRYS5810883,D,S,A,2024-06-28,25000000.00,4.556305,100.88671875
08:00:36,912810UB2,TSRYS5810883,D,B,A,2024-06-28,1000000.00,4.558111,100.86328125
08:00:36,912810UB2,TSRYS5810883,D,S,A,2024-06-28,450000.00,4.556316,100.88671875
08:00:36,912810UB2,TSRYS5810883,D,S,A,2024-06-28,300000.00,4.562291,100.80859375
08:00:36,912810UB2,TSRYS5810883,D,B,A,2024-06-28,1000000.00,4.561403,100.8203125
08:00:36,912810UB2,TSRYS5810883,D,S,D,2024-06-28,320000.00,4.555515,100.8971875
08:00:36,912810UB2,TSRYS5810883,D,B,C,2024-06-28,2600000.00,4.550038,100.96875
08:00:36,912810UB2,TSRYS5810883,D,S,A,2024-06-28,25000000.00,4.556305,100.88671875
08:00:36,912810UB2,TSRYS5810883,D,B,A,2024-06-28,1000000.00,4.558111,100.86328125
08:00:36,912810UB2,TSRYS5810883,D,S,A,2024-06-28,450000.00,4.556316,100.88671875
08:00:36,912810UB2,TSRYS5810883,D,S,A,2024-06-28,300000.00,4.562291,100.80859375
08:00:36,912810UB2,TSRYS5810883,D,B,A,2024-06-28,1000000.00,4.561403,100.8203125
08:00:36,912810UB2,TSRYS5810883,D,S,D,2024-06-28,320000.00,4.555515,100.8971875
08:00:36,912810UB2,TSRYS5810883,D,B,C,2024-06-28,2600000.00,4.550038,100.96875
08:00:39,912810UB2,TSRYS5810883,D,S,D,2024-06-28,1000000.00,4.575191,100.640625
08:00:39,912810UB2,TSRYS5810883,D,S,D,2024-06-28,1000000.00,4.575191,100.640625
08:00:39,912810UB2,TSRYS5810883,D,S,D,2024-06-28,1000000.00,4.575191,100.640625
08:00:39,912810UB2,TSRYS5810883,D,S,D,2024-06-28,1000000.00,4.575191,100.640625
08:00:41,912810UB2,TSRYS5810883,D,S,D,2024-06-28,1000000.00,4.548544,100.98828125
08:00:41,912810UB2,TSRYS5810883,D,S,D,2024-06-28,1000000.00,4.548544,100.98828125
08:00:41,912810UB2,TSRYS5810883,D,S,D,2024-06-28,1000000.00,4.546454,101.015625
08:00:41,912810UB2,TSRYS5810883,D,S,D,2024-06-28,1000000.00,4.548544,100.98828125
08:00:41,912810UB2,TSRYS5810883,D,S,D,2024-06-28,1000000.00,4.548544,100.98828125
08:00:41,912810UB2,TSRYS5810883,D,S,D,2024-06-28,1000000.00,4.548544,100.98828125
08:00:41,912810UB2,TSRYS5810883,D,S,D,2024-06-28,1000000.00,4.548544,100.98828125
08:00:41,912810UB2,TSRYS5810883,D,S,D,2024-06-28,1000000.00,4.548544,100.98828125
08:00:41,912810UB2,TSRYS5810883,D,S,D,2024-06-28,1000000.00,4.548544,100.98828125
08:00:41,912810UB2,TSRYS5810883,D,S,D,2024-06-28,1000000.00,4.548544,100.98828125
08:00:41,912810UB2,TSRYS5810883,D,S,C,2024-06-28,4910000.00,4.567384,100.7421875
08:00:41,912810UB2,TSRYS5810883,D,S,D,2024-06-28,1000000.00,4.546454,101.015625
08:00:41,912810UB2,TSRYS5810883,D,S,D,2024-06-28,1000000.00,4.546454,101.015625
08:00:41,912810UB2,TSRYS5810883,D,S,D,2024-06-28,1000000.00,4.546454,101.015625
08:00:41,912810UB2,TSRYS5810883,D,S,D,2024-06-28,1000000.00,4.546454,101.015625
08:00:41,912810UB2,TSRYS5810883,D,S,D,2024-06-28,1000000.00,4.546454,101.015625
08:00:41,912810UB2,TSRYS5810883,D,B,A,2024-06-28,1000000.00,4.548843,100.984375
08:00:41,912810UB2,TSRYS5810883,D,S,D,2024-06-28,1000000.00,4.548544,100.98828125
08:00:41,912810UB2,TSRYS5810883,D,S,D,2024-06-28,1000000.00,4.548544,100.98828125
08:00:41,912810UB2,TSRYS5810883,D,S,D,2024-06-28,1000000.00,4.546454,101.015625
08:00:41,912810UB2,TSRYS5810883,D,S,D,2024-06-28,1000000.00,4.548544,100.98828125
08:00:41,912810UB2,TSRYS5810883,D,S,D,2024-06-28,1000000.00,4.548544,100.98828125
08:00:41,912810UB2,TSRYS5810883,D,S,D,2024-06-28,1000000.00,4.548544,100.98828125
08:00:41,912810UB2,TSRYS5810883,D,S,D,2024-06-28,1000000.00,4.548544,100.98828125
08:00:41,912810UB2,TSRYS5810883,D,S,D,2024-06-28,1000000.00,4.548544,100.98828125
08:00:41,912810UB2,TSRYS5810883,D,S,D,2024-06-28,1000000.00,4.548544,100.98828125
08:00:41,912810UB2,TSRYS5810883,D,S,D,2024-06-28,1000000.00,4.548544,100.98828125
08:00:41,912810UB2,TSRYS5810883,D,S,C,2024-06-28,4910000.00,4.567384,100.7421875
08:00:41,912810UB2,TSRYS5810883,D,S,D,2024-06-28,1000000.00,4.546454,101.015625
08:00:41,912810UB2,TSRYS5810883,D,S,D,2024-06-28,1000000.00,4.546454,101.015625
08:00:41,912810UB2,TSRYS5810883,D,S,D,2024-06-28,1000000.00,4.546454,101.015625
08:00:41,912810UB2,TSRYS5810883,D,S,D,2024-06-28,1000000.00,4.546454,101.015625
08:00:41,912810UB2,TSRYS5810883,D,S,D,2024-06-28,1000000.00,4.546454,101.015625
08:00:41,912810UB2,TSRYS5810883,D,B,A,2024-06-28,1000000.00,4.548843,100.984375
08:00:42,912810UB2,TSRYS5810883,D,S,D,2024-06-28,1000000.00,4.546454,101.015625
08:00:42,912810UB2,TSRYS5810883,D,S,D,2024-06-28,1000000.00,4.546454,101.015625
08:00:42,912810UB2,TSRYS5810883,D,S,D,2024-06-28,1000000.00,4.546454,101.015625
08:00:42,912810UB2,TSRYS5810883,D,S,D,2024-06-28,1000000.00,4.546454,101.015625
08:00:42,912810UB2,TSRYS5810883,D,S,D,2024-06-28,1000000.00,4.546454,101.015625
08:00:42,912810UB2,TSRYS5810883,D,S,D,2024-06-28,1000000.00,4.546454,101.015625
08:00:43,912810UB2,TSRYS5810883,D,B,A,2024-06-28,4900000.00,4.550636,100.9609375
08:00:43,912810UB2,TSRYS5810883,D,B,A,2024-06-28,4900000.00,4.550636,100.9609375
08:00:45,912810UB2,TSRYS5810883,D,S,D,2024-06-28,1000000.00,4.544364,101.04296875
08:00:45,912810UB2,TSRYS5810883,D,S,D,2024-06-28,1000000.00,4.542573,101.06640625
08:00:45,912810UB2,TSRYS5810883,D,S,D,2024-06-28,1000000.00,4.542573,101.06640625
08:00:45,912810UB2,TSRYS5810883,D,S,D,2024-06-28,1000000.00,4.544364,101.04296875
08:00:45,912810UB2,TSRYS5810883,D,S,D,2024-06-28,1000000.00,4.542573,101.06640625
08:00:45,912810UB2,TSRYS5810883,D,S,D,2024-06-28,1000000.00,4.542573,101.06640625
08:00:46,912810UB2,TSRYS5810883,D,S,D,2024-06-28,3000000.00,4.548843,100.984375
08:00:46,912810UB2,TSRYS5810883,D,S,D,2024-06-28,3000000.00,4.548843,100.984375
08:00:48,912810UB2,TSRYS5810883,D,S,D,2024-06-28,4910000.00,4.567384,100.7421875
08:00:48,912810UB2,TSRYS5810883,D,S,D,2024-06-28,4910000.00,4.567384,100.7421875
08:00:49,912810UB2,TSRYS5810883,D,S,A,2024-06-28,220000.00,4.560805,100.828125
08:00:49,912810UB2,TSRYS5810883,D,S,A,2024-06-28,220000.00,4.560805,100.828125
08:00:53,912810UB2,TSRYS5810883,D,S,C,2024-06-28,1800000.00,4.551801,100.9457125
08:00:53,912810UB2,TSRYS5810883,D,S,C,2024-06-28,1800000.00,4.551801,100.9457125
08:00:54,912810UB2,TSRYS5810883,D,S,T,2024-06-28,1000000.00,4.563799,100.7890625
08:00:54,912810UB2,TSRYS5810883,D,S,T,2024-06-28,1000000.00,4.563208,100.796773
08:00:54,912810UB2,TSRYS5810883,D,S,T,2024-06-28,1000000.00,4.563799,100.7890625
08:00:54,912810UB2,TSRYS5810883,D,S,T,2024-06-28,1000000.00,4.563208,100.796773
08:00:56,912810UB2,TSRYS5810883,D,S,C,2024-06-28,6160000.00,4.553625,100.921875
08:00:56,912810UB2,TSRYS5810883,D,S,C,2024-06-28,6160000.00,4.553625,100.921875
08:01:01,912810UB2,TSRYS5810883,D,S,D,2024-06-28,1000000.00,4.55512,100.90234375
08:01:01,912810UB2,TSRYS5810883,D,S,D,2024-06-28,1000000.00,4.554821,100.90625
08:01:01,912810UB2,TSRYS5810883,D,S,D,2024-06-28,1000000.00,4.554821,100.90625
08:01:01,912810UB2,TSRYS5810883,D,S,D,2024-06-28,1000000.00,4.55512,100.90234375
08:01:01,912810UB2,TSRYS5810883,D,S,D,2024-06-28,1000000.00,4.554821,100.90625
08:01:01,912810UB2,TSRYS5810883,D,S,D,2024-06-28,1000000.00,4.554821,100.90625
08:01:05,912810UB2,TSRYS5810883,D,S,D,2024-06-28,320000.00,4.555419,100.8984375
08:01:05,912810UB2,TSRYS5810883,D,S,D,2024-06-28,320000.00,4.555419,100.8984375
08:01:06,912810UB2,TSRYS5810883,D,S,A,2024-06-28,290000.00,4.51346,101.44921875
08:01:06,912810UB2,TSRYS5810883,D,S,A,2024-06-28,290000.00,4.51346,101.44921875
08:01:09,912810UB2,TSRYS5810883,D,S,T,2024-06-28,1000000.00,4.55857,100.857296875
08:01:09,912810UB2,TSRYS5810883,D,S,T,2024-06-28,1000000.00,4.55857,100.857296875
08:01:10,912810UB2,TSRYS5810883,D,S,T,2024-06-28,1000000.00,4.55856,100.857421875
08:01:10,912810UB2,TSRYS5810883,D,S,T,2024-06-28,1000000.00,4.55871,100.85546875
08:01:10,912810UB2,TSRYS5810883,D,S,T,2024-06-28,1000000.00,4.55856,100.857421875
08:01:10,912810UB2,TSRYS5810883,D,S,T,2024-06-28,1000000.00,4.55871,100.85546875
08:01:12,912810UB2,TSRYS5810883,D,S,D,2024-06-28,1000000.00,4.558357,100.860075
08:01:12,912810UB2,TSRYS5810883,D,S,D,2024-06-28,1000000.00,4.558357,100.860075
08:01:12,912810UB2,TSRYS5810883,D,S,D,2024-06-28,1000000.00,4.558656,100.8561688
08:01:12,912810UB2,TSRYS5810883,D,S,D,2024-06-28,1000000.00,4.558656,100.8561688
08:01:12,912810UB2,TSRYS5810883,D,S,D,2024-06-28,1000000.00,4.558656,100.8561688
08:01:12,912810UB2,TSRYS5810883,D,S,D,2024-06-28,1000000.00,4.540431,101.09445
08:01:12,912810UB2,TSRYS5810883,D,S,D,2024-06-28,1000000.00,4.540431,101.09445
08:01:12,912810UB2,TSRYS5810883,D,S,D,2024-06-28,1000000.00,4.540431,101.09445
08:01:12,912810UB2,TSRYS5810883,D,S,D,2024-06-28,1000000.00,4.540431,101.09445
08:01:12,912810UB2,TSRYS5810883,D,S,D,2024-06-28,1000000.00,4.540431,101.09445
08:01:12,912810UB2,TSRYS5810883,D,B,C,2024-06-28,1000000.00,4.540484,101.09375
08:01:12,912810UB2,TSRYS5810883,D,B,C,2024-06-28,2000000.00,4.534521,101.171875
08:01:12,912810UB2,TSRYS5810883,D,S,D,2024-06-28,2000000.00,4.534521,101.171875
08:01:12,912810UB2,TSRYS5810883,D,S,D,2024-06-28,2000000.00,4.534521,101.171875
08:01:12,912810UB2,TSRYS5810883,D,B,C,2024-06-28,2000000.00,4.534521,101.171875
08:01:12,912810UB2,TSRYS5810883,D,S,D,2024-06-28,1000000.00,4.540484,101.09375
08:01:12,912810UB2,TSRYS5810883,D,S,C,2024-06-28,1000000.00,4.553924,100.91796875
08:01:12,912810UB2,TSRYS5810883,D,S,D,2024-06-28,1000000.00,4.573391,100.6640625
08:01:12,912810UB2,TSRYS5810883,D,S,C,2024-06-28,1000000.00,4.559009,100.8515625
08:01:12,912810UB2,TSRYS5810883,D,S,D,2024-06-28,1000000.00,4.559608,100.84375
08:01:12,912810UB2,TSRYS5810883,D,S,D,2024-06-28,1000000.00,4.575191,100.640625
08:01:12,912810UB2,TSRYS5810883,D,B,C,2024-06-28,1000000.00,4.573391,100.6640625
08:01:12,912810UB2,TSRYS5810883,D,S,D,2024-06-28,1000000.00,4.55841,100.859375
08:01:12,912810UB2,TSRYS5810883,D,S,D,2024-06-28,1000000.00,4.55871,100.85546875
08:01:12,912810UB2,TSRYS5810883,D,S,D,2024-06-28,1000000.00,4.55841,100.859375
08:01:12,912810UB2,TSRYS5810883,D,B,C,2024-06-28,1000000.00,4.55871,100.85546875
08:01:12,912810UB2,TSRYS5810883,D,S,D,2024-06-28,1000000.00,4.55871,100.85546875
08:01:12,912810UB2,TSRYS5810883,D,S,D,2024-06-28,1000000.00,4.575191,100.640625
08:01:12,912810UB2,TSRYS5810883,D,S,C,2024-06-28,1000000.00,4.559009,100.8515625
08:01:12,912810UB2,TSRYS5810883,D,B,C,2024-06-28,1000000.00,4.55871,100.85546875
08:01:12,912810UB2,TSRYS5810883,D,S,D,2024-06-28,1000000.00,4.558357,100.860075
08:01:12,912810UB2,TSRYS5810883,D,S,D,2024-06-28,1000000.00,4.558357,100.860075
08:01:12,912810UB2,TSRYS5810883,D,S,D,2024-06-28,1000000.00,4.558656,100.8561688
08:01:12,912810UB2,TSRYS5810883,D,S,D,2024-06-28,1000000.00,4.558656,100.8561688
08:01:12,912810UB2,TSRYS5810883,D,S,D,2024-06-28,1000000.00,4.558656,100.8561688
08:01:12,912810UB2,TSRYS5810883,D,S,D,2024-06-28,1000000.00,4.540431,101.09445
08:01:12,912810UB2,TSRYS5810883,D,S,D,2024-06-28,1000000.00,4.540431,101.09445
08:01:12,912810UB2,TSRYS5810883,D,S,D,2024-06-28,1000000.00,4.540431,101.09445
08:01:12,912810UB2,TSRYS5810883,D,S,D,2024-06-28,1000000.00,4.540431,101.09445
08:01:12,912810UB2,TSRYS5810883,D,S,D,2024-06-28,1000000.00,4.540431,101.09445
08:01:12,912810UB2,TSRYS5810883,D,B,C,2024-06-28,1000000.00,4.540484,101.09375
08:01:12,912810UB2,TSRYS5810883,D,B,C,2024-06-28,2000000.00,4.534521,101.171875
08:01:12,912810UB2,TSRYS5810883,D,S,D,2024-06-28,2000000.00,4.534521,101.171875
08:01:12,912810UB2,TSRYS5810883,D,S,D,2024-06-28,2000000.00,4.534521,101.171875
08:01:12,912810UB2,TSRYS5810883,D,B,C,2024-06-28,2000000.00,4.534521,101.171875
08:01:12,912810UB2,TSRYS5810883,D,S,D,2024-06-28,1000000.00,4.540484,101.09375
08:01:12,912810UB2,TSRYS5810883,D,S,C,2024-06-28,1000000.00,4.553924,100.91796875
08:01:12,912810UB2,TSRYS5810883,D,S,D,2024-06-28,1000000.00,4.573391,100.6640625
08:01:12,912810UB2,TSRYS5810883,D,S,C,2024-06-28,1000000.00,4.559009,100.8515625
08:01:12,912810UB2,TSRYS5810883,D,S,D,2024-06-28,1000000.00,4.559608,100.84375
08:01:12,912810UB2,TSRYS5810883,D,S,D,2024-06-28,1000000.00,4.575191,100.640625
08:01:12,912810UB2,TSRYS5810883,D,B,C,2024-06-28,1000000.00,4.573391,100.6640625
08:01:12,912810UB2,TSRYS5810883,D,S,D,2024-06-28,1000000.00,4.55841,100.859375
08:01:12,912810UB2,TSRYS5810883,D,S,D,2024-06-28,1000000.00,4.55871,100.85546875
08:01:12,912810UB2,TSRYS5810883,D,S,D,2024-06-28,1000000.00,4.55841,100.859375
08:01:12,912810UB2,TSRYS5810883,D,B,C,2024-06-28,1000000.00,4.55871,100.85546875
08:01:12,912810UB2,TSRYS5810883,D,S,D,2024-06-28,1000000.00,4.55871,100.85546875
08:01:12,912810UB2,TSRYS5810883,D,S,D,2024-06-28,1000000.00,4.575191,100.640625
08:01:12,912810UB2,TSRYS5810883,D,S,C,2024-06-28,1000000.00,4.559009,100.8515625
08:01:12,912810UB2,TSRYS5810883,D,B,C,2024-06-28,1000000.00,4.55871,100.85546875
08:01:13,912810UB2,TSRYS5810883,D,B,C,2024-06-28,1000000.00,4.55871,100.85546875
08:01:13,912810UB2,TSRYS5810883,D,S,C,2024-06-28,1000000.00,4.556615,100.8828125
08:01:13,912810UB2,TSRYS5810883,D,B,C,2024-06-28,1000000.00,4.556615,100.8828125
08:01:13,912810UB2,TSRYS5810883,D,S,D,2024-06-28,1000000.00,4.55871,100.85546875
08:01:13,912810UB2,TSRYS5810883,D,B,C,2024-06-28,1000000.00,4.556615,100.8828125
08:01:13,912810UB2,TSRYS5810883,D,S,D,2024-06-28,2000000.00,4.548544,100.98828125
08:01:13,912810UB2,TSRYS5810883,D,S,D,2024-06-28,1000000.00,4.548544,100.98828125
08:01:13,912810UB2,TSRYS5810883,D,S,C,2024-06-28,1000000.00,4.55871,100.85546875
08:01:13,912810UB2,TSRYS5810883,D,S,D,2024-06-28,1000000.00,4.546454,101.015625
08:01:13,912810UB2,TSRYS5810883,D,B,C,2024-06-28,1000000.00,4.548544,100.98828125
08:01:13,912810UB2,TSRYS5810883,D,B,C,2024-06-28,2000000.00,4.548544,100.98828125
08:01:13,912810UB2,TSRYS5810883,D,S,C,2024-06-28,1000000.00,4.556615,100.8828125
08:01:13,912810UB2,TSRYS5810883,D,S,D,2024-06-28,1000000.00,4.546454,101.015625
08:01:13,912810UB2,TSRYS5810883,D,B,C,2024-06-28,1000000.00,4.546454,101.015625
08:01:13,912810UB2,TSRYS5810883,D,B,C,2024-06-28,1000000.00,4.546454,101.015625
08:01:13,912810UB2,TSRYS5810883,D,B,C,2024-06-28,1000000.00,4.548544,100.98828125
08:01:13,912810UB2,TSRYS5810883,D,B,C,2024-06-28,1000000.00,4.548544,100.98828125
08:01:13,912810UB2,TSRYS5810883,D,S,D,2024-06-28,1000000.00,4.548544,100.98828125
08:01:13,912810UB2,TSRYS5810883,D,S,D,2024-06-28,1000000.00,4.548544,100.98828125
08:01:13,912810UB2,TSRYS5810883,D,B,C,2024-06-28,1000000.00,4.548544,100.98828125
08:01:13,912810UB2,TSRYS5810883,D,B,C,2024-06-28,1000000.00,4.548544,100.98828125
08:01:13,912810UB2,TSRYS5810883,D,S,D,2024-06-28,1000000.00,4.548544,100.98828125
08:01:13,912810UB2,TSRYS5810883,D,S,D,2024-06-28,1000000.00,4.548544,100.98828125
08:01:13,912810UB2,TSRYS5810883,D,S,D,2024-06-28,1000000.00,4.548544,100.98828125
08:01:13,912810UB2,TSRYS5810883,D,S,C,2024-06-28,1000000.00,4.546752,101.01171875
08:01:13,912810UB2,TSRYS5810883,D,B,C,2024-06-28,1000000.00,4.548544,100.98828125
08:01:13,912810UB2,TSRYS5810883,D,B,C,2024-06-28,1000000.00,4.548544,100.98828125
08:01:13,912810UB2,TSRYS5810883,D,S,D,2024-06-28,1000000.00,4.548544,100.98828125
08:01:13,912810UB2,TSRYS5810883,D,B,C,2024-06-28,1000000.00,4.548544,100.98828125
08:01:13,912810UB2,TSRYS5810883,D,S,D,2024-06-28,1000000.00,4.546454,101.015625
08:01:13,912810UB2,TSRYS5810883,D,S,D,2024-06-28,1000000.00,4.548544,100.98828125
08:01:13,912810UB2,TSRYS5810883,D,S,D,2024-06-28,1000000.00,4.548544,100.98828125
08:01:13,912810UB2,TSRYS5810883,D,B,C,2024-06-28,1000000.00,4.546454,101.015625
08:01:13,912810UB2,TSRYS5810883,D,S,C,2024-06-28,1000000.00,4.546454,101.015625
08:01:13,912810UB2,TSRYS5810883,D,B,C,2024-06-28,1000000.00,4.546454,101.015625
08:01:13,912810UB2,TSRYS5810883,D,B,C,2024-06-28,1000000.00,4.548544,100.98828125
08:01:13,912810UB2,TSRYS5810883,D,B,C,2024-06-28,1000000.00,4.546454,101.015625
08:01:13,912810UB2,TSRYS5810883,D,S,D,2024-06-28,1000000.00,4.546454,101.015625
08:01:13,912810UB2,TSRYS5810883,D,B,C,2024-06-28,1000000.00,4.546454,101.015625
08:01:13,912810UB2,TSRYS5810883,D,S,D,2024-06-28,1000000.00,4.546454,101.015625
08:01:13,912810UB2,TSRYS5810883,D,S,D,2024-06-28,1000000.00,4.546454,101.015625
08:01:13,912810UB2,TSRYS5810883,D,B,C,2024-06-28,2000000.00,4.546454,101.015625
08:01:13,912810UB2,TSRYS5810883,D,B,C,2024-06-28,1000000.00,4.546454,101.015625
08:01:13,912810UB2,TSRYS5810883,D,S,C,2024-06-28,1000000.00,4.546454,101.015625
08:01:13,912810UB2,TSRYS5810883,D,S,D,2024-06-28,1000000.00,4.546454,101.015625
08:01:13,912810UB2,TSRYS5810883,D,B,C,2024-06-28,1000000.00,4.546454,101.015625
08:01:13,912810UB2,TSRYS5810883,D,S,C,2024-06-28,2000000.00,4.546454,101.015625
08:01:13,912810UB2,TSRYS5810883,D,S,C,2024-06-28,1000000.00,4.548246,100.9921875
08:01:13,912810UB2,TSRYS5810883,D,B,C,2024-06-28,1000000.00,4.546454,101.015625
08:01:13,912810UB2,TSRYS5810883,D,B,C,2024-06-28,1000000.00,4.546454,101.015625
08:01:13,912810UB2,TSRYS5810883,D,S,D,2024-06-28,1000000.00,4.546454,101.015625
08:01:13,912810UB2,TSRYS5810883,D,B,C,2024-06-28,2000000.00,4.546454,101.015625
08:01:13,912810UB2,TSRYS5810883,D,S,C,2024-06-28,2000000.00,4.546454,101.015625
08:01:13,912810UB2,TSRYS5810883,D,S,D,2024-06-28,1000000.00,4.546454,101.015625
08:01:13,912810UB2,TSRYS5810883,D,B,C,2024-06-28,1000000.00,4.546454,101.015625
08:01:13,912810UB2,TSRYS5810883,D,B,C,2024-06-28,1000000.00,4.546454,101.015625
08:01:13,912810UB2,TSRYS5810883,D,S,D,2024-06-28,1000000.00,4.546454,101.015625
08:01:13,912810UB2,TSRYS5810883,D,B,C,2024-06-28,1000000.00,4.546454,101.015625
08:01:13,912810UB2,TSRYS5810883,D,S,D,2024-06-28,1000000.00,4.546454,101.015625
08:01:13,912810UB2,TSRYS5810883,D,S,D,2024-06-28,1000000.00,4.546454,101.015625
08:01:13,912810UB2,TSRYS5810883,D,B,C,2024-06-28,1000000.00,4.546454,101.015625
08:01:13,912810UB2,TSRYS5810883,D,B,C,2024-06-28,2000000.00,4.544662,101.0390625
08:01:13,912810UB2,TSRYS5810883,D,S,D,2024-06-28,2000000.00,4.544662,101.0390625
08:01:13,912810UB2,TSRYS5810883,D,S,D,2024-06-28,1000000.00,4.544364,101.04296875
08:01:13,912810UB2,TSRYS5810883,D,B,C,2024-06-28,1000000.00,4.544662,101.0390625
08:01:13,912810UB2,TSRYS5810883,D,B,C,2024-06-28,1000000.00,4.540484,101.09375
08:01:13,912810UB2,TSRYS5810883,D,B,C,2024-06-28,1000000.00,4.544364,101.04296875
08:01:13,912810UB2,TSRYS5810883,D,S,D,2024-06-28,1000000.00,4.544662,101.0390625
08:01:13,912810UB2,TSRYS5810883,D,S,D,2024-06-28,1000000.00,4.540484,101.09375
08:01:13,912810UB2,TSRYS5810883,D,B,C,2024-06-28,1000000.00,4.540484,101.09375
08:01:13,912810UB2,TSRYS5810883,D,B,C,2024-06-28,1000000.00,4.540484,101.09375
08:01:13,912810UB2,TSRYS5810883,D,S,D,2024-06-28,1000000.00,4.540484,101.09375
08:01:13,912810UB2,TSRYS5810883,D,B,C,2024-06-28,1000000.00,4.540484,101.09375
08:01:13,912810UB2,TSRYS5810883,D,S,D,2024-06-28,1000000.00,4.540484,101.09375
08:01:13,912810UB2,TSRYS5810883,D,B,C,2024-06-28,2000000.00,4.540484,101.09375
08:01:13,912810UB2,TSRYS5810883,D,S,D,2024-06-28,1000000.00,4.540484,101.09375
08:01:13,912810UB2,TSRYS5810883,D,S,C,2024-06-28,2000000.00,4.540484,101.09375
08:01:13,912810UB2,TSRYS5810883,D,S,D,2024-06-28,1000000.00,4.540484,101.09375
08:01:13,912810UB2,TSRYS5810883,D,B,C,2024-06-28,1000000.00,4.540484,101.09375
08:01:13,912810UB2,TSRYS5810883,D,B,C,2024-06-28,1000000.00,4.538397,101.12109375
08:01:13,912810UB2,TSRYS5810883,D,S,D,2024-06-28,1000000.00,4.538397,101.12109375
08:01:13,912810UB2,TSRYS5810883,D,B,C,2024-06-28,1000000.00,4.538397,101.12109375
08:01:13,912810UB2,TSRYS5810883,D,S,D,2024-06-28,1000000.00,4.538397,101.12109375
08:01:13,912810UB2,TSRYS5810883,D,B,C,2024-06-28,1000000.00,4.538397,101.12109375
08:01:13,912810UB2,TSRYS5810883,D,S,D,2024-06-28,1000000.00,4.538397,101.12109375
08:01:13,912810UB2,TSRYS5810883,D,S,D,2024-06-28,1000000.00,4.538397,101.12109375
08:01:13,912810UB2,TSRYS5810883,D,B,C,2024-06-28,1000000.00,4.538397,101.12109375
08:01:13,912810UB2,TSRYS5810883,D,B,C,2024-06-28,1000000.00,4.538397,101.12109375
08:01:13,912810UB2,TSRYS5810883,D,S,D,2024-06-28,1000000.00,4.538397,101.12109375
08:01:13,912810UB2,TSRYS5810883,D,B,C,2024-06-28,1000000.00,4.538397,101.12109375
08:01:13,912810UB2,TSRYS5810883,D,S,D,2024-06-28,1000000.00,4.538397,101.12109375
08:01:13,912810UB2,TSRYS5810883,D,B,C,2024-06-28,1000000.00,4.542573,101.06640625
08:01:13,912810UB2,TSRYS5810883,D,B,C,2024-06-28,1000000.00,4.542573,101.06640625
08:01:13,912810UB2,TSRYS5810883,D,B,C,2024-06-28,1000000.00,4.55871,100.85546875
08:01:13,912810UB2,TSRYS5810883,D,S,C,2024-06-28,1000000.00,4.556615,100.8828125
08:01:13,912810UB2,TSRYS5810883,D,B,C,2024-06-28,1000000.00,4.556615,100.8828125
08:01:13,912810UB2,TSRYS5810883,D,S,D,2024-06-28,1000000.00,4.55871,100.85546875
08:01:13,912810UB2,TSRYS5810883,D,B,C,2024-06-28,1000000.00,4.556615,100.8828125
08:01:13,912810UB2,TSRYS5810883,D,S,D,2024-06-28,2000000.00,4.548544,100.98828125
08:01:13,912810UB2,TSRYS5810883,D,S,D,2024-06-28,1000000.00,4.548544,100.98828125
08:01:13,912810UB2,TSRYS5810883,D,S,C,2024-06-28,1000000.00,4.55871,100.85546875
08:01:13,912810UB2,TSRYS5810883,D,S,D,2024-06-28,1000000.00,4.546454,101.015625
08:01:13,912810UB2,TSRYS5810883,D,B,C,2024-06-28,1000000.00,4.548544,100.98828125
08:01:13,912810UB2,TSRYS5810883,D,B,C,2024-06-28,2000000.00,4.548544,100.98828125
08:01:13,912810UB2,TSRYS5810883,D,S,C,2024-06-28,1000000.00,4.556615,100.8828125
08:01:13,912810UB2,TSRYS5810883,D,S,D,2024-06-28,1000000.00,4.546454,101.015625
08:01:13,912810UB2,TSRYS5810883,D,B,C,2024-06-28,1000000.00,4.546454,101.015625
08:01:13,912810UB2,TSRYS5810883,D,B,C,2024-06-28,1000000.00,4.546454,101.015625
08:01:13,912810UB2,TSRYS5810883,D,B,C,2024-06-28,1000000.00,4.548544,100.98828125
08:01:13,912810UB2,TSRYS5810883,D,B,C,2024-06-28,1000000.00,4.548544,100.98828125
08:01:13,912810UB2,TSRYS5810883,D,S,D,2024-06-28,1000000.00,4.548544,100.98828125
08:01:13,912810UB2,TSRYS5810883,D,S,D,2024-06-28,1000000.00,4.548544,100.98828125
08:01:13,912810UB2,TSRYS5810883,D,B,C,2024-06-28,1000000.00,4.548544,100.98828125
08:01:13,912810UB2,TSRYS5810883,D,B,C,2024-06-28,1000000.00,4.548544,100.98828125
08:01:13,912810UB2,TSRYS5810883,D,S,D,2024-06-28,1000000.00,4.548544,100.98828125
08:01:13,912810UB2,TSRYS5810883,D,S,D,2024-06-28,1000000.00,4.548544,100.98828125
08:01:13,912810UB2,TSRYS5810883,D,S,D,2024-06-28,1000000.00,4.548544,100.98828125
08:01:13,912810UB2,TSRYS5810883,D,S,C,2024-06-28,1000000.00,4.546752,101.01171875
08:01:13,912810UB2,TSRYS5810883,D,B,C,2024-06-28,1000000.00,4.548544,100.98828125
08:01:13,912810UB2,TSRYS5810883,D,B,C,2024-06-28,1000000.00,4.548544,100.98828125
08:01:13,912810UB2,TSRYS5810883,D,S,D,2024-06-28,1000000.00,4.548544,100.98828125
08:01:13,912810UB2,TSRYS5810883,D,B,C,2024-06-28,1000000.00,4.548544,100.98828125
08:01:13,912810UB2,TSRYS5810883,D,S,D,2024-06-28,1000000.00,4.546454,101.015625
08:01:13,912810UB2,TSRYS5810883,D,S,D,2024-06-28,1000000.00,4.548544,100.98828125
08:01:13,912810UB2,TSRYS5810883,D,S,D,2024-06-28,1000000.00,4.548544,100.98828125
08:01:13,912810UB2,TSRYS5810883,D,B,C,2024-06-28,1000000.00,4.546454,101.015625
08:01:13,912810UB2,TSRYS5810883,D,S,C,2024-06-28,1000000.00,4.546454,101.015625
08:01:13,912810UB2,TSRYS5810883,D,B,C,2024-06-28,1000000.00,4.546454,101.015625
08:01:13,912810UB2,TSRYS5810883,D,B,C,2024-06-28,1000000.00,4.548544,100.98828125
08:01:13,912810UB2,TSRYS5810883,D,B,C,2024-06-28,1000000.00,4.546454,101.015625
08:01:13,912810UB2,TSRYS5810883,D,S,D,2024-06-28,1000000.00,4.546454,101.015625
08:01:13,912810UB2,TSRYS5810883,D,B,C,2024-06-28,1000000.00,4.546454,101.015625
08:01:13,912810UB2,TSRYS5810883,D,S,D,2024-06-28,1000000.00,4.546454,101.015625
08:01:13,912810UB2,TSRYS5810883,D,S,D,2024-06-28,1000000.00,4.546454,101.015625
08:01:13,912810UB2,TSRYS5810883,D,B,C,2024-06-28,2000000.00,4.546454,101.015625
08:01:13,912810UB2,TSRYS5810883,D,B,C,2024-06-28,1000000.00,4.546454,101.015625
08:01:13,912810UB2,TSRYS5810883,D,S,C,2024-06-28,1000000.00,4.546454,101.015625
08:01:13,912810UB2,TSRYS5810883,D,S,D,2024-06-28,1000000.00,4.546454,101.015625
08:01:13,912810UB2,TSRYS5810883,D,B,C,2024-06-28,1000000.00,4.546454,101.015625
08:01:13,912810UB2,TSRYS5810883,D,S,C,2024-06-28,2000000.00,4.546454,101.015625
08:01:13,912810UB2,TSRYS5810883,D,S,C,2024-06-28,1000000.00,4.548246,100.9921875
08:01:13,912810UB2,TSRYS5810883,D,B,C,2024-06-28,1000000.00,4.546454,101.015625
08:01:13,912810UB2,TSRYS5810883,D,B,C,2024-06-28,1000000.00,4.546454,101.015625
08:01:13,912810UB2,TSRYS5810883,D,S,D,2024-06-28,1000000.00,4.546454,101.015625
08:01:13,912810UB2,TSRYS5810883,D,B,C,2024-06-28,2000000.00,4.546454,101.015625
08:01:13,912810UB2,TSRYS5810883,D,S,C,2024-06-28,2000000.00,4.546454,101.015625
08:01:13,912810UB2,TSRYS5810883,D,S,D,2024-06-28,1000000.00,4.546454,101.015625
08:01:13,912810UB2,TSRYS5810883,D,B,C,2024-06-28,1000000.00,4.546454,101.015625
08:01:13,912810UB2,TSRYS5810883,D,B,C,2024-06-28,1000000.00,4.546454,101.015625
08:01:13,912810UB2,TSRYS5810883,D,S,D,2024-06-28,1000000.00,4.546454,101.015625
08:01:13,912810UB2,TSRYS5810883,D,B,C,2024-06-28,1000000.00,4.546454,101.015625
08:01:13,912810UB2,TSRYS5810883,D,S,D,2024-06-28,1000000.00,4.546454,101.015625
08:01:13,912810UB2,TSRYS5810883,D,S,D,2024-06-28,1000000.00,4.546454,101.015625
08:01:13,912810UB2,TSRYS5810883,D,B,C,2024-06-28,1000000.00,4.546454,101.015625
08:01:13,912810UB2,TSRYS5810883,D,B,C,2024-06-28,2000000.00,4.544662,101.0390625
08:01:13,912810UB2,TSRYS5810883,D,S,D,2024-06-28,2000000.00,4.544662,101.0390625
08:01:13,912810UB2,TSRYS5810883,D,S,D,2024-06-28,1000000.00,4.544364,101.04296875
08:01:13,912810UB2,TSRYS5810883,D,B,C,2024-06-28,1000000.00,4.544662,101.0390625
08:01:13,912810UB2,TSRYS5810883,D,B,C,2024-06-28,1000000.00,4.540484,101.09375
08:01:13,912810UB2,TSRYS5810883,D,B,C,2024-06-28,1000000.00,4.544364,101.04296875
08:01:13,912810UB2,TSRYS5810883,D,S,D,2024-06-28,1000000.00,4.544662,101.0390625
08:01:13,912810UB2,TSRYS5810883,D,S,D,2024-06-28,1000000.00,4.540484,101.09375
08:01:13,912810UB2,TSRYS5810883,D,B,C,2024-06-28,1000000.00,4.540484,101.09375
08:01:13,912810UB2,TSRYS5810883,D,B,C,2024-06-28,1000000.00,4.540484,101.09375
08:01:13,912810UB2,TSRYS5810883,D,S,D,2024-06-28,1000000.00,4.540484,101.09375
08:01:13,912810UB2,TSRYS5810883,D,B,C,2024-06-28,1000000.00,4.540484,101.09375
08:01:13,912810UB2,TSRYS5810883,D,S,D,2024-06-28,1000000.00,4.540484,101.09375
08:01:13,912810UB2,TSRYS5810883,D,B,C,2024-06-28,2000000.00,4.540484,101.09375
08:01:13,912810UB2,TSRYS5810883,D,S,D,2024-06-28,1000000.00,4.540484,101.09375
08:01:13,912810UB2,TSRYS5810883,D,S,C,2024-06-28,2000000.00,4.540484,101.09375
08:01:13,912810UB2,TSRYS5810883,D,S,D,2024-06-28,1000000.00,4.540484,101.09375
08:01:13,912810UB2,TSRYS5810883,D,B,C,2024-06-28,1000000.00,4.540484,101.09375
08:01:13,912810UB2,TSRYS5810883,D,B,C,2024-06-28,1000000.00,4.538397,101.12109375
08:01:13,912810UB2,TSRYS5810883,D,S,D,2024-06-28,1000000.00,4.538397,101.12109375
08:01:13,912810UB2,TSRYS5810883,D,B,C,2024-06-28,1000000.00,4.538397,101.12109375
08:01:13,912810UB2,TSRYS5810883,D,S,D,2024-06-28,1000000.00,4.538397,101.12109375
08:01:13,912810UB2,TSRYS5810883,D,B,C,2024-06-28,1000000.00,4.538397,101.12109375
08:01:13,912810UB2,TSRYS5810883,D,S,D,2024-06-28,1000000.00,4.538397,101.12109375
08:01:13,912810UB2,TSRYS5810883,D,S,D,2024-06-28,1000000.00,4.538397,101.12109375
08:01:13,912810UB2,TSRYS5810883,D,B,C,2024-06-28,1000000.00,4.538397,101.12109375
08:01:13,912810UB2,TSRYS5810883,D,B,C,2024-06-28,1000000.00,4.538397,101.12109375
08:01:13,912810UB2,TSRYS5810883,D,S,D,2024-06-28,1000000.00,4.538397,101.12109375
08:01:13,912810UB2,TSRYS5810883,D,B,C,2024-06-28,1000000.00,4.538397,101.12109375
08:01:13,912810UB2,TSRYS5810883,D,S,D,2024-06-28,1000000.00,4.538397,101.12109375
08:01:13,912810UB2,TSRYS5810883,D,B,C,2024-06-28,1000000.00,4.542573,101.06640625
08:01:13,912810UB2,TSRYS5810883,D,B,C,2024-06-28,1000000.00,4.542573,101.06640625
08:01:14,912810UB2,TSRYS5810883,D,S,C,2024-06-28,1000000.00,4.542573,101.06640625
08:01:14,912810UB2,TSRYS5810883,D,B,C,2024-06-28,1000000.00,4.542573,101.06640625
08:01:14,912810UB2,TSRYS5810883,D,S,C,2024-06-28,1000000.00,4.542573,101.06640625
08:01:14,912810UB2,TSRYS5810883,D,B,C,2024-06-28,1000000.00,4.542573,101.06640625
08:01:14,912810UB2,TSRYS5810883,D,S,D,2024-06-28,1000000.00,4.542573,101.06640625
08:01:14,912810UB2,TSRYS5810883,D,S,C,2024-06-28,1000000.00,4.542573,101.06640625
08:01:14,912810UB2,TSRYS5810883,D,S,D,2024-06-28,2000000.00,4.542573,101.06640625
08:01:14,912810UB2,TSRYS5810883,D,B,C,2024-06-28,1000000.00,4.542573,101.06640625
08:01:14,912810UB2,TSRYS5810883,D,B,C,2024-06-28,2000000.00,4.542573,101.06640625
08:01:14,912810UB2,TSRYS5810883,D,S,D,2024-06-28,1000000.00,4.542573,101.06640625
08:01:14,912810UB2,TSRYS5810883,D,S,C,2024-06-28,1000000.00,4.544961,101.03515625
08:01:14,912810UB2,TSRYS5810883,D,B,C,2024-06-28,1000000.00,4.544662,101.0390625
08:01:14,912810UB2,TSRYS5810883,D,B,C,2024-06-28,1000000.00,4.544662,101.0390625
08:01:14,912810UB2,TSRYS5810883,D,S,C,2024-06-28,1000000.00,4.544662,101.0390625
08:01:14,912810UB2,TSRYS5810883,D,B,C,2024-06-28,1000000.00,4.544662,101.0390625
08:01:14,912810UB2,TSRYS5810883,D,S,D,2024-06-28,1000000.00,4.544662,101.0390625
08:01:14,912810UB2,TSRYS5810883,D,B,C,2024-06-28,1000000.00,4.544662,101.0390625
08:01:14,912810UB2,TSRYS5810883,D,S,C,2024-06-28,1000000.00,4.544662,101.0390625
08:01:14,912810UB2,TSRYS5810883,D,S,D,2024-06-28,1000000.00,4.544662,101.0390625
08:01:14,912810UB2,TSRYS5810883,D,B,C,2024-06-28,1000000.00,4.544662,101.0390625
08:01:14,912810UB2,TSRYS5810883,D,S,D,2024-06-28,1000000.00,4.544662,101.0390625
08:01:14,912810UB2,TSRYS5810883,D,S,C,2024-06-28,1000000.00,4.546454,101.015625
08:01:14,912810UB2,TSRYS5810883,D,B,C,2024-06-28,1000000.00,4.546454,101.015625
08:01:14,912810UB2,TSRYS5810883,D,S,C,2024-06-28,1000000.00,4.542573,101.06640625
08:01:14,912810UB2,TSRYS5810883,D,B,C,2024-06-28,1000000.00,4.542573,101.06640625
08:01:14,912810UB2,TSRYS5810883,D,S,C,2024-06-28,1000000.00,4.542573,101.06640625
08:01:14,912810UB2,TSRYS5810883,D,B,C,2024-06-28,1000000.00,4.542573,101.06640625
08:01:14,912810UB2,TSRYS5810883,D,S,D,2024-06-28,1000000.00,4.542573,101.06640625
08:01:14,912810UB2,TSRYS5810883,D,S,C,2024-06-28,1000000.00,4.542573,101.06640625
08:01:14,912810UB2,TSRYS5810883,D,S,D,2024-06-28,2000000.00,4.542573,101.06640625
08:01:14,912810UB2,TSRYS5810883,D,B,C,2024-06-28,1000000.00,4.542573,101.06640625
08:01:14,912810UB2,TSRYS5810883,D,B,C,2024-06-28,2000000.00,4.542573,101.06640625
08:01:14,912810UB2,TSRYS5810883,D,S,D,2024-06-28,1000000.00,4.542573,101.06640625
08:01:14,912810UB2,TSRYS5810883,D,S,C,2024-06-28,1000000.00,4.544961,101.03515625
08:01:14,912810UB2,TSRYS5810883,D,B,C,2024-06-28,1000000.00,4.544662,101.0390625
08:01:14,912810UB2,TSRYS5810883,D,B,C,2024-06-28,1000000.00,4.544662,101.0390625
08:01:14,912810UB2,TSRYS5810883,D,S,C,2024-06-28,1000000.00,4.544662,101.0390625
08:01:14,912810UB2,TSRYS5810883,D,B,C,2024-06-28,1000000.00,4.544662,101.0390625
08:01:14,912810UB2,TSRYS5810883,D,S,D,2024-06-28,1000000.00,4.544662,101.0390625
08:01:14,912810UB2,TSRYS5810883,D,B,C,2024-06-28,1000000.00,4.544662,101.0390625
08:01:14,912810UB2,TSRYS5810883,D,S,C,2024-06-28,1000000.00,4.544662,101.0390625
08:01:14,912810UB2,TSRYS5810883,D,S,D,2024-06-28,1000000.00,4.544662,101.0390625
08:01:14,912810UB2,TSRYS5810883,D,B,C,2024-06-28,1000000.00,4.544662,101.0390625
08:01:14,912810UB2,TSRYS5810883,D,S,D,2024-06-28,1000000.00,4.544662,101.0390625
08:01:14,912810UB2,TSRYS5810883,D,S,C,2024-06-28,1000000.00,4.546454,101.015625
08:01:14,912810UB2,TSRYS5810883,D,B,C,2024-06-28,1000000.00,4.546454,101.015625
08:01:15,912810UB2,TSRYS5810883,D,S,D,2024-06-28,1000000.00,4.55512,100.90234375
08:01:15,912810UB2,TSRYS5810883,D,B,C,2024-06-28,1000000.00,4.55512,100.90234375
08:01:15,912810UB2,TSRYS5810883,D,B,C,2024-06-28,1000000.00,4.554821,100.90625
08:01:15,912810UB2,TSRYS5810883,D,S,D,2024-06-28,1000000.00,4.554821,100.90625
08:01:15,912810UB2,TSRYS5810883,D,S,C,2024-06-28,1000000.00,4.555718,100.89453125
08:01:15,912810UB2,TSRYS5810883,D,S,C,2024-06-28,1000000.00,4.554522,100.91015625
08:01:15,912810UB2,TSRYS5810883,D,S,D,2024-06-28,1000000.00,4.55512,100.90234375
08:01:15,912810UB2,TSRYS5810883,D,B,C,2024-06-28,1000000.00,4.55512,100.90234375
08:01:15,912810UB2,TSRYS5810883,D,B,C,2024-06-28,1000000.00,4.554821,100.90625
08:01:15,912810UB2,TSRYS5810883,D,S,D,2024-06-28,1000000.00,4.554821,100.90625
08:01:15,912810UB2,TSRYS5810883,D,S,C,2024-06-28,1000000.00,4.555718,100.89453125
08:01:15,912810UB2,TSRYS5810883,D,S,C,2024-06-28,1000000.00,4.554522,100.91015625
08:01:16,912810UB2,TSRYS5810883,D,S,T,2024-06-28,1000000.00,4.55842,100.85925
08:01:16,912810UB2,TSRYS5810883,D,S,T,2024-06-28,1000000.00,4.557971,100.865109375
08:01:16,912810UB2,TSRYS5810883,D,S,T,2024-06-28,1000000.00,4.55842,100.85925
08:01:16,912810UB2,TSRYS5810883,D,S,T,2024-06-28,1000000.00,4.557971,100.865109375
08:01:17,912810UB2,TSRYS5810883,D,S,T,2024-06-28,1000000.00,4.55842,100.85925
08:01:17,912810UB2,TSRYS5810883,D,S,T,2024-06-28,1000000.00,4.55841,100.859375
08:01:17,912810UB2,TSRYS5810883,D,B,C,2024-06-28,1000000.00,4.567094,100.74609375
08:01:17,912810UB2,TSRYS5810883,D,S,T,2024-06-28,1000000.00,4.55841,100.859375
08:01:17,912810UB2,TSRYS5810883,D,B,C,2024-06-28,1000000.00,4.566945,100.74804687
08:01:17,912810UB2,TSRYS5810883,D,S,T,2024-06-28,1000000.00,4.55842,100.85925
08:01:17,912810UB2,TSRYS5810883,D,S,T,2024-06-28,1000000.00,4.55841,100.859375
08:01:17,912810UB2,TSRYS5810883,D,B,C,2024-06-28,1000000.00,4.567094,100.74609375
08:01:17,912810UB2,TSRYS5810883,D,S,T,2024-06-28,1000000.00,4.55841,100.859375
08:01:17,912810UB2,TSRYS5810883,D,B,C,2024-06-28,1000000.00,4.566945,100.74804687
08:01:18,912810UB2,TSRYS5810883,D,B,A,2024-06-28,1000000.00,4.567654,100.73828125
08:01:18,912810UB2,TSRYS5810883,D,S,A,2024-06-28,93200.00,4.558699,100.85546875
08:01:18,912810UB2,TSRYS5810883,D,B,A,2024-06-28,1000000.00,4.567654,100.73828125
08:01:18,912810UB2,TSRYS5810883,D,S,A,2024-06-28,93200.00,4.558699,100.85546875
08:01:19,912810UB2,TSRYS5810883,D,S,A,2024-06-28,1000000.00,4.551532,100.94921875
08:01:19,912810UB2,TSRYS5810883,D,S,D,2024-06-28,1050000.00,4.557513,100.87109375
08:01:19,912810UB2,TSRYS5810883,D,S,T,2024-06-28,2000000.00,4.560805,100.828125
08:01:19,912810UB2,TSRYS5810883,D,S,A,2024-06-28,1250000.00,4.551831,100.9453125
08:01:19,912810UB2,TSRYS5810883,D,S,T,2024-06-28,1000000.00,4.560805,100.828125
08:01:19,912810UB2,TSRYS5810883,D,S,A,2024-06-28,1000000.00,4.558111,100.86328125
08:01:19,912810UB2,TSRYS5810883,D,S,A,2024-06-28,1000000.00,4.551532,100.94921875
08:01:19,912810UB2,TSRYS5810883,D,S,D,2024-06-28,1050000.00,4.557513,100.87109375
08:01:19,912810UB2,TSRYS5810883,D,S,T,2024-06-28,2000000.00,4.560805,100.828125
08:01:19,912810UB2,TSRYS5810883,D,S,A,2024-06-28,1250000.00,4.551831,100.9453125
08:01:19,912810UB2,TSRYS5810883,D,S,T,2024-06-28,1000000.00,4.560805,100.828125
08:01:19,912810UB2,TSRYS5810883,D,S,A,2024-06-28,1000000.00,4.558111,100.86328125
08:01:20,912810UB2,TSRYS5810883,D,S,C,2024-06-28,1000000.00,4.559159,100.84960937
08:01:20,912810UB2,TSRYS5810883,D,S,D,2024-06-28,1000000.00,4.559009,100.8515625
08:01:20,912810UB2,TSRYS5810883,D,S,A,2024-06-28,263700.00,4.545558,101.02734375
08:01:20,912810UB2,TSRYS5810883,D,S,C,2024-06-28,1000000.00,4.559159,100.84960937
08:01:20,912810UB2,TSRYS5810883,D,S,D,2024-06-28,1000000.00,4.559009,100.8515625
08:01:20,912810UB2,TSRYS5810883,D,S,A,2024-06-28,263700.00,4.545558,101.02734375
08:01:22,912810UB2,TSRYS5810883,D,B,C,2024-06-28,1000000.00,4.565147,100.77148437
08:01:22,912810UB2,TSRYS5810883,D,B,C,2024-06-28,1000000.00,4.565147,100.77148437
08:01:24,912810UB2,TSRYS5810883,D,S,A,2024-06-28,70000.00,4.557513,100.87109375
08:01:24,912810UB2,TSRYS5810883,D,S,A,2024-06-28,1000000.00,4.555419,100.8984375
08:01:24,912810UB2,TSRYS5810883,D,S,A,2024-06-28,70000.00,4.557513,100.87109375
08:01:24,912810UB2,TSRYS5810883,D,S,A,2024-06-28,1000000.00,4.555419,100.8984375
08:01:26,912810UB2,TSRYS5810883,D,S,T,2024-06-28,1000000.00,4.557214,100.875
08:01:26,912810UB2,TSRYS5810883,D,S,T,2024-06-28,1000000.00,4.557214,100.875
08:01:26,912810UB2,TSRYS5810883,D,S,T,2024-06-28,1000000.00,4.557214,100.875
08:01:26,912810UB2,TSRYS5810883,D,S,T,2024-06-28,1000000.00,4.557214,100.875
08:01:27,912810UB2,TSRYS5810883,D,S,A,2024-06-28,905000.00,4.534521,101.171875
08:01:27,912810UB2,TSRYS5810883,D,S,A,2024-06-28,1000000.00,4.572791,100.671875
08:01:27,912810UB2,TSRYS5810883,D,S,A,2024-06-28,905000.00,4.534521,101.171875
08:01:27,912810UB2,TSRYS5810883,D,S,A,2024-06-28,1000000.00,4.572791,100.671875
08:01:29,912810UB2,TSRYS5810883,D,S,A,2024-06-28,490000.00,4.564698,100.77734375
08:01:29,912810UB2,TSRYS5810883,D,B,A,2024-06-28,1800000.00,4.551801,100.9457125
08:01:29,912810UB2,TSRYS5810883,D,S,A,2024-06-28,1000000.00,4.555109,100.90234375
08:01:29,912810UB2,TSRYS5810883,D,S,A,2024-06-28,490000.00,4.564698,100.77734375
08:01:29,912810UB2,TSRYS5810883,D,B,A,2024-06-28,1800000.00,4.551801,100.9457125
08:01:29,912810UB2,TSRYS5810883,D,S,A,2024-06-28,1000000.00,4.555109,100.90234375
08:01:30,912810UB2,TSRYS5810883,D,S,C,2024-06-28,1000000.00,4.541678,101.078125
08:01:30,912810UB2,TSRYS5810883,D,S,C,2024-06-28,1000000.00,4.541678,101.078125
08:01:30,912810UB2,TSRYS5810883,D,S,C,2024-06-28,1000000.00,4.541678,101.078125
08:01:30,912810UB2,TSRYS5810883,D,S,C,2024-06-28,1000000.00,4.541678,101.078125
08:01:31,912810UB2,TSRYS5810883,D,S,D,2024-06-28,425000.00,4.547051,101.0078125
08:01:31,912810UB2,TSRYS5810883,D,S,D,2024-06-28,425000.00,4.547051,101.0078125
08:01:33,912810UB2,TSRYS5810883,D,B,A,2024-06-28,2020000.00,4.55684,100.87890625
08:01:33,912810UB2,TSRYS5810883,D,B,A,2024-06-28,2020000.00,4.55684,100.87890625
08:01:34,912810UB2,TSRYS5810883,D,B,A,2024-06-28,2440000.00,4.559235,100.84765625
08:01:34,912810UB2,TSRYS5810883,D,B,A,2024-06-28,290000.00,4.555718,100.89453125
08:01:34,912810UB2,TSRYS5810883,D,B,A,2024-06-28,2440000.00,4.559235,100.84765625
08:01:34,912810UB2,TSRYS5810883,D,B,A,2024-06-28,290000.00,4.555718,100.89453125
08:01:35,912810UB2,TSRYS5810883,D,B,C,2024-06-28,1000000.00,4.546454,101.015625
08:01:35,912810UB2,TSRYS5810883,D,S,D,2024-06-28,1000000.00,4.546454,101.015625
08:01:35,912810UB2,TSRYS5810883,D,B,C,2024-06-28,1000000.00,4.573091,100.66796875
08:01:35,912810UB2,TSRYS5810883,D,B,C,2024-06-28,1000000.00,4.546454,101.015625
08:01:35,912810UB2,TSRYS5810883,D,S,D,2024-06-28,1000000.00,4.546454,101.015625
08:01:35,912810UB2,TSRYS5810883,D,B,C,2024-06-28,1000000.00,4.573091,100.66796875
08:01:36,912810UB2,TSRYS5810883,D,B,C,2024-06-28,1000000.00,4.572941,100.66992187
08:01:36,912810UB2,TSRYS5810883,D,B,C,2024-06-28,1000000.00,4.573241,100.66601562
08:01:36,912810UB2,TSRYS5810883,D,B,C,2024-06-28,1000000.00,4.573091,100.66796875
08:01:36,912810UB2,TSRYS5810883,D,B,C,2024-06-28,1000000.00,4.573091,100.66796875
08:01:36,912810UB2,TSRYS5810883,D,B,C,2024-06-28,1000000.00,4.572941,100.66992187
08:01:36,912810UB2,TSRYS5810883,D,B,C,2024-06-28,1000000.00,4.573241,100.66601562
08:01:36,912810UB2,TSRYS5810883,D,B,C,2024-06-28,1000000.00,4.573091,100.66796875
08:01:36,912810UB2,TSRYS5810883,D,B,C,2024-06-28,1000000.00,4.573091,100.66796875
08:01:38,912810UB2,TSRYS5810883,D,B,A,2024-06-28,90000.00,4.557513,100.87109375
08:01:38,912810UB2,TSRYS5810883,D,B,A,2024-06-28,2640000.00,4.556017,100.890625
08:01:38,912810UB2,TSRYS5810883,D,B,A,2024-06-28,60000.00,4.556316,100.88671875
08:01:38,912810UB2,TSRYS5810883,D,S,A,2024-06-28,3080000.00,4.553309,100.926
08:01:38,912810UB2,TSRYS5810883,D,B,A,2024-06-28,90000.00,4.557513,100.87109375
08:01:38,912810UB2,TSRYS5810883,D,B,A,2024-06-28,2640000.00,4.556017,100.890625
08:01:38,912810UB2,TSRYS5810883,D,B,A,2024-06-28,60000.00,4.556316,100.88671875
08:01:38,912810UB2,TSRYS5810883,D,S,A,2024-06-28,3080000.00,4.553309,100.926
08:01:39,912810UB2,TSRYS5810883,D,S,D,2024-06-28,1000000.00,4.555868,100.89257812
08:01:39,912810UB2,TSRYS5810883,D,S,C,2024-06-28,1000000.00,4.555868,100.89257812
08:01:39,912810UB2,TSRYS5810883,D,S,C,2024-06-28,1000000.00,4.555868,100.89257812
08:01:39,912810UB2,TSRYS5810883,D,S,D,2024-06-28,225000.00,4.548843,100.984375
08:01:39,912810UB2,TSRYS5810883,D,S,D,2024-06-28,1000000.00,4.555868,100.89257812
08:01:39,912810UB2,TSRYS5810883,D,S,C,2024-06-28,1000000.00,4.555868,100.89257812
08:01:39,912810UB2,TSRYS5810883,D,S,C,2024-06-28,1000000.00,4.555868,100.89257812
08:01:39,912810UB2,TSRYS5810883,D,S,D,2024-06-28,225000.00,4.548843,100.984375
08:01:40,912810UB2,TSRYS5810883,D,S,T,2024-06-28,1000000.00,4.555569,100.89648437
08:01:40,912810UB2,TSRYS5810883,D,S,T,2024-06-28,1000000.00,4.557064,100.87695312
08:01:40,912810UB2,TSRYS5810883,D,S,D,2024-06-28,1000000.00,4.555718,100.89453125
08:01:40,912810UB2,TSRYS5810883,D,S,D,2024-06-28,1000000.00,4.554223,100.9140625
08:01:40,912810UB2,TSRYS5810883,D,S,D,2024-06-28,1000000.00,4.554522,100.91015625
08:01:40,912810UB2,TSRYS5810883,D,S,T,2024-06-28,1000000.00,4.554671,100.90820312
08:01:40,912810UB2,TSRYS5810883,D,B,C,2024-06-28,6000000.00,4.555294,100.90007
08:01:40,912810UB2,TSRYS5810883,D,B,C,2024-06-28,1000000.00,4.55871,100.85546875
08:01:40,912810UB2,TSRYS5810883,D,S,T,2024-06-28,1000000.00,4.555569,100.89648437
08:01:40,912810UB2,TSRYS5810883,D,S,T,2024-06-28,1000000.00,4.557064,100.87695312
08:01:40,912810UB2,TSRYS5810883,D,S,D,2024-06-28,1000000.00,4.555718,100.89453125
08:01:40,912810UB2,TSRYS5810883,D,S,D,2024-06-28,1000000.00,4.554223,100.9140625
08:01:40,912810UB2,TSRYS5810883,D,S,D,2024-06-28,1000000.00,4.554522,100.91015625
08:01:40,912810UB2,TSRYS5810883,D,S,T,2024-06-28,1000000.00,4.554671,100.90820312
08:01:40,912810UB2,TSRYS5810883,D,B,C,2024-06-28,6000000.00,4.555294,100.90007
08:01:40,912810UB2,TSRYS5810883,D,B,C,2024-06-28,1000000.00,4.55871,100.85546875
08:01:41,912810UB2,TSRYS5810883,D,B,C,2024-06-28,1000000.00,4.55871,100.85546875
08:01:41,912810UB2,TSRYS5810883,D,S,C,2024-06-28,2770000.00,4.556615,100.8828125
08:01:41,912810UB2,TSRYS5810883,D,S,D,2024-06-28,1500000.00,4.553027,100.9296875
08:01:41,912810UB2,TSRYS5810883,D,B,C,2024-06-28,1000000.00,4.55871,100.85546875
08:01:41,912810UB2,TSRYS5810883,D,S,C,2024-06-28,2770000.00,4.556615,100.8828125
08:01:41,912810UB2,TSRYS5810883,D,S,D,2024-06-28,1500000.00,4.553027,100.9296875
08:01:42,912810UB2,TSRYS5810883,D,S,A,2024-06-28,12000.00,4.550306,101.00691041667
08:01:42,912810UB2,TSRYS5810883,D,S,A,2024-06-28,12000.00,4.550306,101.00691041667
08:01:43,912810UB2,TSRYS5810883,D,S,D,2024-06-28,1000000.00,4.554821,100.90625
08:01:43,912810UB2,TSRYS5810883,D,S,D,2024-06-28,1000000.00,4.554821,100.90625
08:01:43,912810UB2,TSRYS5810883,D,S,D,2024-06-28,1000000.00,4.554821,100.90625
08:01:43,912810UB2,TSRYS5810883,D,S,D,2024-06-28,1000000.00,4.554821,100.90625
08:01:44,912810UB2,TSRYS5810883,D,S,D,2024-06-28,1353000.00,4.540484,101.09375
08:01:44,912810UB2,TSRYS5810883,D,S,D,2024-06-28,901000.00,4.550038,100.96875
08:01:44,912810UB2,TSRYS5810883,D,B,C,2024-06-28,1000000.00,4.558859,100.853515625
08:01:44,912810UB2,TSRYS5810883,D,S,D,2024-06-28,1000000.00,4.558859,100.853515625
08:01:44,912810UB2,TSRYS5810883,D,B,C,2024-06-28,1000000.00,4.55871,100.85546875
08:01:44,912810UB2,TSRYS5810883,D,S,D,2024-06-28,1000000.00,4.55871,100.85546875
08:01:44,912810UB2,TSRYS5810883,D,S,D,2024-06-28,1353000.00,4.540484,101.09375
08:01:44,912810UB2,TSRYS5810883,D,S,D,2024-06-28,901000.00,4.550038,100.96875
08:01:44,912810UB2,TSRYS5810883,D,B,C,2024-06-28,1000000.00,4.558859,100.853515625
08:01:44,912810UB2,TSRYS5810883,D,S,D,2024-06-28,1000000.00,4.558859,100.853515625
08:01:44,912810UB2,TSRYS5810883,D,B,C,2024-06-28,1000000.00,4.55871,100.85546875
08:01:44,912810UB2,TSRYS5810883,D,S,D,2024-06-28,1000000.00,4.55871,100.85546875
08:01:48,912810UB2,TSRYS5810883,D,S,C,2024-06-28,12000.00,4.550306,100.96524375
08:01:48,912810UB2,TSRYS5810883,D,S,C,2024-06-28,12000.00,4.550306,100.96524375
08:01:51,912810UB2,TSRYS5810883,D,B,C,2024-06-28,4500000.00,4.54123,101.083984375
08:01:51,912810UB2,TSRYS5810883,D,B,C,2024-06-28,4500000.00,4.54123,101.083984375
08:01:54,912810UB2,TSRYS5810883,D,S,D,2024-06-28,1000000.00,4.566945,100.748046875
08:01:54,912810UB2,TSRYS5810883,D,S,D,2024-06-28,1000000.00,4.566945,100.748046875
08:01:57,912810UB2,TSRYS5810883,D,S,D,2024-06-28,5000000.00,4.538527,101.11939
08:01:57,912810UB2,TSRYS5810883,D,S,D,2024-06-28,1000000.00,4.532138,101.203125
08:01:57,912810UB2,TSRYS5810883,D,S,C,2024-06-28,1000000.00,4.534506,101.172075
08:01:57,912810UB2,TSRYS5810883,D,S,D,2024-06-28,5000000.00,4.538527,101.11939
08:01:57,912810UB2,TSRYS5810883,D,S,D,2024-06-28,1000000.00,4.532138,101.203125
08:01:57,912810UB2,TSRYS5810883,D,S,C,2024-06-28,1000000.00,4.534506,101.172075
08:02:00,912810UB2,TSRYS5810883,D,S,C,2024-06-28,100000.00,4.549739,100.97765625
08:02:00,912810UB2,TSRYS5810883,D,S,D,2024-06-28,1000000.00,4.539291,101.109375
08:02:00,912810UB2,TSRYS5810883,D,S,C,2024-06-28,100000.00,4.549739,100.97765625
08:02:00,912810UB2,TSRYS5810883,D,S,D,2024-06-28,1000000.00,4.539291,101.109375
08:02:01,912810UB2,TSRYS5810883,D,B,C,2024-06-28,1000000.00,4.540484,101.09375
08:02:01,912810UB2,TSRYS5810883,D,S,C,2024-06-28,1000000.00,4.540484,101.09375
08:02:01,912810UB2,TSRYS5810883,D,S,C,2024-06-28,1000000.00,4.541663,101.078325
08:02:01,912810UB2,TSRYS5810883,D,S,D,2024-06-28,1000000.00,4.541678,101.078125
08:02:01,912810UB2,TSRYS5810883,D,B,C,2024-06-28,1000000.00,4.540484,101.09375
08:02:01,912810UB2,TSRYS5810883,D,S,C,2024-06-28,1000000.00,4.540484,101.09375
08:02:01,912810UB2,TSRYS5810883,D,S,C,2024-06-28,1000000.00,4.541663,101.078325
08:02:01,912810UB2,TSRYS5810883,D,S,D,2024-06-28,1000000.00,4.541678,101.078125
08:02:02,912810UB2,TSRYS5810883,D,S,C,2024-06-28,1000000.00,4.550038,100.96875
08:02:02,912810UB2,TSRYS5810883,D,S,C,2024-06-28,1000000.00,4.550038,100.96875
08:02:03,912810UB2,TSRYS5810883,D,S,D,2024-06-28,1000000.00,4.546454,101.015625
08:02:03,912810UB2,TSRYS5810883,D,S,D,2024-06-28,1000000.00,4.546454,101.015625
08:02:03,912810UB2,TSRYS5810883,D,B,C,2024-06-28,1000000.00,4.546454,101.015625
08:02:03,912810UB2,TSRYS5810883,D,S,D,2024-06-28,1000000.00,4.546454,101.015625
08:02:03,912810UB2,TSRYS5810883,D,S,D,2024-06-28,1000000.00,4.546454,101.015625
08:02:03,912810UB2,TSRYS5810883,D,S,D,2024-06-28,1000000.00,4.546454,101.015625
08:02:03,912810UB2,TSRYS5810883,D,B,C,2024-06-28,1000000.00,4.546454,101.015625
08:02:03,912810UB2,TSRYS5810883,D,S,D,2024-06-28,1000000.00,4.546454,101.015625
08:02:04,912810UB2,TSRYS5810883,D,S,C,2024-06-28,1000000.00,4.552418,100.93765
08:02:04,912810UB2,TSRYS5810883,D,S,C,2024-06-28,1000000.00,4.552416,100.937675
08:02:04,912810UB2,TSRYS5810883,D,B,C,2024-06-28,1000000.00,4.552441,100.93735
08:02:04,912810UB2,TSRYS5810883,D,B,C,2024-06-28,1000000.00,4.552441,100.93735
08:02:04,912810UB2,TSRYS5810883,D,S,C,2024-06-28,1000000.00,4.552414,100.9377
08:02:04,912810UB2,TSRYS5810883,D,B,C,2024-06-28,1000000.00,4.552441,100.93735
08:02:04,912810UB2,TSRYS5810883,D,S,C,2024-06-28,1000000.00,4.552416,100.937675
08:02:04,912810UB2,TSRYS5810883,D,B,C,2024-06-28,1000000.00,4.552441,100.93735
08:02:04,912810UB2,TSRYS5810883,D,B,C,2024-06-28,1000000.00,4.552441,100.93735
08:02:04,912810UB2,TSRYS5810883,D,S,C,2024-06-28,1000000.00,4.552429,100.9375
08:02:04,912810UB2,TSRYS5810883,D,S,C,2024-06-28,1000000.00,4.552418,100.93765
08:02:04,912810UB2,TSRYS5810883,D,S,C,2024-06-28,1000000.00,4.552416,100.937675
08:02:04,912810UB2,TSRYS5810883,D,B,C,2024-06-28,1000000.00,4.552441,100.93735
08:02:04,912810UB2,TSRYS5810883,D,B,C,2024-06-28,1000000.00,4.552441,100.93735
08:02:04,912810UB2,TSRYS5810883,D,S,C,2024-06-28,1000000.00,4.552414,100.9377
08:02:04,912810UB2,TSRYS5810883,D,B,C,2024-06-28,1000000.00,4.552441,100.93735
08:02:04,912810UB2,TSRYS5810883,D,S,C,2024-06-28,1000000.00,4.552416,100.937675
08:02:04,912810UB2,TSRYS5810883,D,B,C,2024-06-28,1000000.00,4.552441,100.93735
08:02:04,912810UB2,TSRYS5810883,D,B,C,2024-06-28,1000000.00,4.552441,100.93735
08:02:04,912810UB2,TSRYS5810883,D,S,C,2024-06-28,1000000.00,4.552429,100.9375
08:02:05,912810UB2,TSRYS5810883,D,S,C,2024-06-28,235000.00,4.535713,101.15625
08:02:05,912810UB2,TSRYS5810883,D,S,D,2024-06-28,50000.00,4.540484,101.09375
08:02:05,912810UB2,TSRYS5810883,D,S,C,2024-06-28,235000.00,4.535713,101.15625
08:02:05,912810UB2,TSRYS5810883,D,S,D,2024-06-28,50000.00,4.540484,101.09375
08:02:06,912810UB2,TSRYS5810883,D,S,D,2024-06-28,1000000.00,4.550038,100.96875
08:02:06,912810UB2,TSRYS5810883,D,S,T,2024-06-28,1000000.00,4.550054,100.96855
08:02:06,912810UB2,TSRYS5810883,D,S,D,2024-06-28,1000000.00,4.550038,100.96875
08:02:06,912810UB2,TSRYS5810883,D,S,T,2024-06-28,1000000.00,4.550054,100.96855
08:02:08,912810UB2,TSRYS5810883,D,S,D,2024-06-28,12000.00,,100.96524375
08:02:08,912810UB2,TSRYS5810883,D,S,D,2024-06-28,12000.00,,100.96524375
08:02:09,912810UB2,TSRYS5810883,D,S,D,2024-06-28,1000000.00,4.575191,100.640625
08:02:09,912810UB2,TSRYS5810883,D,S,D,2024-06-28,1000000.00,4.575191,100.640625
08:02:09,912810UB2,TSRYS5810883,D,S,T,2024-06-28,1000000.00,4.553625,100.921875
08:02:09,912810UB2,TSRYS5810883,D,S,D,2024-06-28,1000000.00,4.553625,100.921875
08:02:09,912810UB2,TSRYS5810883,D,S,D,2024-06-28,1000000.00,4.575191,100.640625
08:02:09,912810UB2,TSRYS5810883,D,S,D,2024-06-28,1000000.00,4.575191,100.640625
08:02:09,912810UB2,TSRYS5810883,D,S,T,2024-06-28,1000000.00,4.55364,100.921675
08:02:09,912810UB2,TSRYS5810883,D,S,D,2024-06-28,1000000.00,4.575191,100.640625
08:02:09,912810UB2,TSRYS5810883,D,S,D,2024-06-28,1000000.00,4.575191,100.640625
08:02:09,912810UB2,TSRYS5810883,D,S,T,2024-06-28,1000000.00,4.553625,100.921875
08:02:09,912810UB2,TSRYS5810883,D,S,D,2024-06-28,1000000.00,4.553625,100.921875
08:02:09,912810UB2,TSRYS5810883,D,S,D,2024-06-28,1000000.00,4.575191,100.640625
08:02:09,912810UB2,TSRYS5810883,D,S,D,2024-06-28,1000000.00,4.575191,100.640625
08:02:09,912810UB2,TSRYS5810883,D,S,T,2024-06-28,1000000.00,4.55364,100.921675
08:02:10,912810UB2,TSRYS5810883,D,B,C,2024-06-28,1000000.00,4.575191,100.640625
08:02:10,912810UB2,TSRYS5810883,D,S,D,2024-06-28,1000000.00,4.575191,100.640625
08:02:10,912810UB2,TSRYS5810883,D,S,D,2024-06-28,1000000.00,4.554522,100.91015625
08:02:10,912810UB2,TSRYS5810883,D,S,T,2024-06-28,1000000.00,4.557662,100.86914062
08:02:10,912810UB2,TSRYS5810883,D,S,D,2024-06-28,1000000.00,4.555868,100.89257812
08:02:10,912810UB2,TSRYS5810883,D,B,C,2024-06-28,1000000.00,4.575191,100.640625
08:02:10,912810UB2,TSRYS5810883,D,S,D,2024-06-28,1000000.00,4.575191,100.640625
08:02:10,912810UB2,TSRYS5810883,D,S,D,2024-06-28,1000000.00,4.554522,100.91015625
08:02:10,912810UB2,TSRYS5810883,D,S,T,2024-06-28,1000000.00,4.557662,100.86914062
08:02:10,912810UB2,TSRYS5810883,D,S,D,2024-06-28,1000000.00,4.555868,100.89257812
08:02:11,912810UB2,TSRYS5810883,D,S,D,2024-06-28,1000000.00,4.555868,100.89257812
08:02:11,912810UB2,TSRYS5810883,D,S,T,2024-06-28,1000000.00,4.55841,100.859375
08:02:11,912810UB2,TSRYS5810883,D,S,D,2024-06-28,1000000.00,4.55841,100.859375
08:02:11,912810UB2,TSRYS5810883,D,S,D,2024-06-28,1000000.00,4.555868,100.89257812
08:02:11,912810UB2,TSRYS5810883,D,S,T,2024-06-28,1000000.00,4.55841,100.859375
08:02:11,912810UB2,TSRYS5810883,D,S,D,2024-06-28,1000000.00,4.55841,100.859375
08:02:12,912810UB2,TSRYS5810883,D,S,T,2024-06-28,1000000.00,4.558859,100.85351562
08:02:12,912810UB2,TSRYS5810883,D,S,D,2024-06-28,1000000.00,4.558859,100.85351562
08:02:12,912810UB2,TSRYS5810883,D,S,T,2024-06-28,1000000.00,4.558859,100.85351562
08:02:12,912810UB2,TSRYS5810883,D,S,D,2024-06-28,1000000.00,4.558859,100.85351562
08:02:13,912810UB2,TSRYS5810883,D,S,A,2024-06-28,9100000.00,4.558111,100.86328125
08:02:13,912810UB2,TSRYS5810883,D,S,A,2024-06-28,9100000.00,4.558111,100.86328125
08:02:15,912810UB2,TSRYS5810883,D,S,C,2024-06-28,59000.00,4.561373,100.8207125
08:02:15,912810UB2,TSRYS5810883,D,S,C,2024-06-28,59000.00,4.561373,100.8207125
08:02:16,912810UB2,TSRYS5810883,D,S,C,2024-06-28,1000000.00,4.559608,100.84375
08:02:16,912810UB2,TSRYS5810883,D,S,C,2024-06-28,1000000.00,4.559608,100.84375
08:02:17,912810UB2,TSRYS5810883,D,B,C,2024-06-28,1000000.00,4.560805,100.828125
08:02:17,912810UB2,TSRYS5810883,D,S,C,2024-06-28,1000000.00,4.560805,100.828125
08:02:17,912810UB2,TSRYS5810883,D,B,C,2024-06-28,1000000.00,4.560805,100.828125
08:02:17,912810UB2,TSRYS5810883,D,S,C,2024-06-28,1000000.00,4.560805,100.828125
08:02:18,912810UB2,TSRYS5810883,D,S,D,2024-06-28,1000000.00,4.560789,100.828325
08:02:18,912810UB2,TSRYS5810883,D,S,D,2024-06-28,1000000.00,4.560789,100.828325
08:02:18,912810UB2,TSRYS5810883,D,S,C,2024-06-28,1000000.00,4.560805,100.828125
08:02:18,912810UB2,TSRYS5810883,D,B,C,2024-06-28,1000000.00,4.560805,100.828125
08:02:18,912810UB2,TSRYS5810883,D,B,C,2024-06-28,1000000.00,4.560805,100.828125
08:02:18,912810UB2,TSRYS5810883,D,S,D,2024-06-28,1000000.00,4.560789,100.828325
08:02:18,912810UB2,TSRYS5810883,D,S,D,2024-06-28,1000000.00,4.560789,100.828325
08:02:18,912810UB2,TSRYS5810883,D,S,C,2024-06-28,1000000.00,4.560805,100.828125
08:02:18,912810UB2,TSRYS5810883,D,B,C,2024-06-28,1000000.00,4.560805,100.828125
08:02:18,912810UB2,TSRYS5810883,D,B,C,2024-06-28,1000000.00,4.560805,100.828125
08:02:19,912810UB2,TSRYS5810883,D,S,C,2024-06-28,1000000.00,4.5632,100.796875
08:02:19,912810UB2,TSRYS5810883,D,B,C,2024-06-28,1000000.00,4.5632,100.796875
08:02:19,912810UB2,TSRYS5810883,D,S,C,2024-06-28,1000000.00,4.5632,100.796875
08:02:19,912810UB2,TSRYS5810883,D,B,C,2024-06-28,1000000.00,4.5632,100.796875
08:02:20,912810UB2,TSRYS5810883,D,S,D,2024-06-28,1000000.00,4.566779,100.7502
08:02:20,912810UB2,TSRYS5810883,D,B,C,2024-06-28,1000000.00,4.566795,100.75
08:02:20,912810UB2,TSRYS5810883,D,S,D,2024-06-28,1000000.00,4.566779,100.7502
08:02:20,912810UB2,TSRYS5810883,D,B,C,2024-06-28,1000000.00,4.56681,100.7498
08:02:20,912810UB2,TSRYS5810883,D,B,C,2024-06-28,1000000.00,4.566795,100.75
08:02:20,912810UB2,TSRYS5810883,D,S,D,2024-06-28,1000000.00,4.566779,100.7502
08:02:20,912810UB2,TSRYS5810883,D,S,D,2024-06-28,1000000.00,4.566779,100.7502
08:02:20,912810UB2,TSRYS5810883,D,B,C,2024-06-28,1000000.00,4.566795,100.75
08:02:20,912810UB2,TSRYS5810883,D,S,D,2024-06-28,1000000.00,4.566779,100.7502
08:02:20,912810UB2,TSRYS5810883,D,B,C,2024-06-28,1000000.00,4.56681,100.7498
08:02:20,912810UB2,TSRYS5810883,D,B,C,2024-06-28,1000000.00,4.566795,100.75
08:02:20,912810UB2,TSRYS5810883,D,S,D,2024-06-28,1000000.00,4.566779,100.7502
08:02:21,912810UB2,TSRYS5810883,D,S,C,2024-06-28,1800000.00,4.536944,101.140625
08:02:21,912810UB2,TSRYS5810883,D,B,C,2024-06-28,4500000.00,4.536906,101.140625
08:02:21,912810UB2,TSRYS5810883,D,B,C,2024-06-28,18000000.00,4.536906,101.140625
08:02:21,912810UB2,TSRYS5810883,D,B,C,2024-06-28,2700000.00,4.536906,101.140625
08:02:21,912810UB2,TSRYS5810883,D,B,C,2024-06-28,450000.00,4.536906,101.140625
08:02:21,912810UB2,TSRYS5810883,D,B,A,2024-06-28,200000.00,4.570392,100.703125
08:02:21,912810UB2,TSRYS5810883,D,B,C,2024-06-28,6300000.00,4.536906,101.140625
08:02:21,912810UB2,TSRYS5810883,D,B,A,2024-06-28,10800000.00,4.536906,101.140625
08:02:21,912810UB2,TSRYS5810883,D,S,C,2024-06-28,1000000.00,4.551234,100.953125
08:02:21,912810UB2,TSRYS5810883,D,B,C,2024-06-28,3000000.00,4.540783,101.08984375
08:02:21,912810UB2,TSRYS5810883,D,S,C,2024-06-28,1800000.00,4.536944,101.140625
08:02:21,912810UB2,TSRYS5810883,D,B,C,2024-06-28,4500000.00,4.536906,101.140625
08:02:21,912810UB2,TSRYS5810883,D,B,C,2024-06-28,18000000.00,4.536906,101.140625
08:02:21,912810UB2,TSRYS5810883,D,B,C,2024-06-28,2700000.00,4.536906,101.140625
08:02:21,912810UB2,TSRYS5810883,D,B,C,2024-06-28,450000.00,4.536906,101.140625
08:02:21,912810UB2,TSRYS5810883,D,B,A,2024-06-28,200000.00,4.570392,100.703125
08:02:21,912810UB2,TSRYS5810883,D,B,C,2024-06-28,6300000.00,4.536906,101.140625
08:02:21,912810UB2,TSRYS5810883,D,B,A,2024-06-28,10800000.00,4.536906,101.140625
08:02:21,912810UB2,TSRYS5810883,D,S,C,2024-06-28,1000000.00,4.551234,100.953125
08:02:21,912810UB2,TSRYS5810883,D,B,C,2024-06-28,3000000.00,4.540783,101.08984375
08:02:22,912810UB2,TSRYS5810883,D,B,C,2024-06-28,1000000.00,4.574004,100.656075
08:02:22,912810UB2,TSRYS5810883,D,S,C,2024-06-28,1000000.00,4.573975,100.65645
08:02:22,912810UB2,TSRYS5810883,D,S,C,2024-06-28,266000.00,4.554522,100.91015625
08:02:22,912810UB2,TSRYS5810883,D,S,C,2024-06-28,1000000.00,4.575191,100.640625
08:02:22,912810UB2,TSRYS5810883,D,S,C,2024-06-28,1000000.00,4.573991,100.65625
08:02:22,912810UB2,TSRYS5810883,D,S,C,2024-06-28,1000000.00,4.573991,100.65625
08:02:22,912810UB2,TSRYS5810883,D,B,C,2024-06-28,1000000.00,4.574006,100.65605
08:02:22,912810UB2,TSRYS5810883,D,B,C,2024-06-28,1000000.00,4.575204,100.64045
08:02:22,912810UB2,TSRYS5810883,D,B,C,2024-06-28,1000000.00,4.573991,100.65625
08:02:22,912810UB2,TSRYS5810883,D,S,C,2024-06-28,1000000.00,4.573991,100.65625
08:02:22,912810UB2,TSRYS5810883,D,S,C,2024-06-28,1000000.00,4.573991,100.65625
08:02:22,912810UB2,TSRYS5810883,D,B,C,2024-06-28,1000000.00,4.573991,100.65625
08:02:22,912810UB2,TSRYS5810883,D,B,A,2024-06-28,890000.00,4.538427,101.12069375
08:02:22,912810UB2,TSRYS5810883,D,B,C,2024-06-28,1000000.00,4.574004,100.656075
08:02:22,912810UB2,TSRYS5810883,D,S,C,2024-06-28,1000000.00,4.573975,100.65645
08:02:22,912810UB2,TSRYS5810883,D,S,C,2024-06-28,266000.00,4.554522,100.91015625
08:02:22,912810UB2,TSRYS5810883,D,S,C,2024-06-28,1000000.00,4.575191,100.640625
08:02:22,912810UB2,TSRYS5810883,D,S,C,2024-06-28,1000000.00,4.573991,100.65625
08:02:22,912810UB2,TSRYS5810883,D,S,C,2024-06-28,1000000.00,4.573991,100.65625
08:02:22,912810UB2,TSRYS5810883,D,B,C,2024-06-28,1000000.00,4.574006,100.65605
08:02:22,912810UB2,TSRYS5810883,D,B,C,2024-06-28,1000000.00,4.575204,100.64045
08:02:22,912810UB2,TSRYS5810883,D,B,C,2024-06-28,1000000.00,4.573991,100.65625
08:02:22,912810UB2,TSRYS5810883,D,S,C,2024-06-28,1000000.00,4.573991,100.65625
08:02:22,912810UB2,TSRYS5810883,D,S,C,2024-06-28,1000000.00,4.573991,100.65625
08:02:22,912810UB2,TSRYS5810883,D,B,C,2024-06-28,1000000.00,4.573991,100.65625
08:02:22,912810UB2,TSRYS5810883,D,B,A,2024-06-28,890000.00,4.538427,101.12069375
08:02:23,912810UB2,TSRYS5810883,D,S,T,2024-06-28,1000000.00,4.539301,101.109245
08:02:23,912810UB2,TSRYS5810883,D,S,D,2024-06-28,1000000.00,4.573991,100.65625
08:02:23,912810UB2,TSRYS5810883,D,S,T,2024-06-28,1000000.00,4.539301,101.109245
08:02:23,912810UB2,TSRYS5810883,D,S,D,2024-06-28,1000000.00,4.573991,100.65625
08:02:24,912810UB2,TSRYS5810883,D,S,C,2024-06-28,1000000.00,4.573991,100.65625
08:02:24,912810UB2,TSRYS5810883,D,B,C,2024-06-28,1000000.00,4.574004,100.656075
08:02:24,912810UB2,TSRYS5810883,D,B,C,2024-06-28,1000000.00,4.573991,100.65625
08:02:24,912810UB2,TSRYS5810883,D,B,C,2024-06-28,1000000.00,4.574004,100.656075
08:02:24,912810UB2,TSRYS5810883,D,S,D,2024-06-28,1000000.00,4.573991,100.65625
08:02:24,912810UB2,TSRYS5810883,D,B,C,2024-06-28,1000000.00,4.566795,100.75
08:02:24,912810UB2,TSRYS5810883,D,S,D,2024-06-28,1000000.00,4.566795,100.75
08:02:24,912810UB2,TSRYS5810883,D,S,T,2024-06-28,1000000.00,4.550048,100.96862
08:02:24,912810UB2,TSRYS5810883,D,S,C,2024-06-28,1000000.00,4.573991,100.65625
08:02:24,912810UB2,TSRYS5810883,D,B,C,2024-06-28,1000000.00,4.574004,100.656075
08:02:24,912810UB2,TSRYS5810883,D,B,C,2024-06-28,1000000.00,4.573991,100.65625
08:02:24,912810UB2,TSRYS5810883,D,B,C,2024-06-28,1000000.00,4.574004,100.656075
08:02:24,912810UB2,TSRYS5810883,D,S,D,2024-06-28,1000000.00,4.573991,100.65625
08:02:24,912810UB2,TSRYS5810883,D,B,C,2024-06-28,1000000.00,4.566795,100.75
08:02:24,912810UB2,TSRYS5810883,D,S,D,2024-06-28,1000000.00,4.566795,100.75
08:02:24,912810UB2,TSRYS5810883,D,S,T,2024-06-28,1000000.00,4.550048,100.96862
08:02:25,912810UB2,TSRYS5810883,D,S,C,2024-06-28,1000000.00,4.575191,100.640625
08:02:25,912810UB2,TSRYS5810883,D,S,C,2024-06-28,1000000.00,4.575191,100.640625
08:02:26,912810UB2,TSRYS5810883,D,S,D,2024-06-28,1000000.00,4.575176,100.640825
08:02:26,912810UB2,TSRYS5810883,D,B,C,2024-06-28,1000000.00,4.575204,100.64045
08:02:26,912810UB2,TSRYS5810883,D,S,D,2024-06-28,1000000.00,4.575176,100.640825
08:02:26,912810UB2,TSRYS5810883,D,S,D,2024-06-28,1000000.00,4.575176,100.640825
08:02:26,912810UB2,TSRYS5810883,D,B,C,2024-06-28,1000000.00,4.575191,100.640625
08:02:26,912810UB2,TSRYS5810883,D,S,D,2024-06-28,1000000.00,4.575176,100.640825
08:02:26,912810UB2,TSRYS5810883,D,B,C,2024-06-28,1000000.00,4.575204,100.64045
08:02:26,912810UB2,TSRYS5810883,D,S,D,2024-06-28,1000000.00,4.575176,100.640825
08:02:26,912810UB2,TSRYS5810883,D,S,D,2024-06-28,1000000.00,4.575176,100.640825
08:02:26,912810UB2,TSRYS5810883,D,B,C,2024-06-28,1000000.00,4.575191,100.640625
08:02:28,912810UB2,TSRYS5810883,D,S,D,2024-06-28,1000000.00,4.573991,100.65625
08:02:28,912810UB2,TSRYS5810883,D,B,C,2024-06-28,1000000.00,4.574004,100.656075
08:02:28,912810UB2,TSRYS5810883,D,S,T,2024-06-28,1000000.00,4.557064,100.876953125
08:02:28,912810UB2,TSRYS5810883,D,S,T,2024-06-28,1000000.00,4.556775,100.880734375
08:02:28,912810UB2,TSRYS5810883,D,B,C,2024-06-28,1000000.00,4.573991,100.65625
08:02:28,912810UB2,TSRYS5810883,D,S,D,2024-06-28,1000000.00,4.573991,100.65625
08:02:28,912810UB2,TSRYS5810883,D,S,T,2024-06-28,1000000.00,4.556775,100.880734375
08:02:28,912810UB2,TSRYS5810883,D,S,T,2024-06-28,1000000.00,4.556765,100.880859375
08:02:28,912810UB2,TSRYS5810883,D,S,T,2024-06-28,1000000.00,4.556765,100.880859375
08:02:28,912810UB2,TSRYS5810883,D,S,T,2024-06-28,1000000.00,4.556775,100.880734375
08:02:28,912810UB2,TSRYS5810883,D,S,D,2024-06-28,1000000.00,4.573991,100.65625
08:02:28,912810UB2,TSRYS5810883,D,B,C,2024-06-28,1000000.00,4.574004,100.656075
08:02:28,912810UB2,TSRYS5810883,D,S,T,2024-06-28,1000000.00,4.557064,100.876953125
08:02:28,912810UB2,TSRYS5810883,D,S,T,2024-06-28,1000000.00,4.556775,100.880734375
08:02:28,912810UB2,TSRYS5810883,D,B,C,2024-06-28,1000000.00,4.573991,100.65625
08:02:28,912810UB2,TSRYS5810883,D,S,D,2024-06-28,1000000.00,4.573991,100.65625
08:02:28,912810UB2,TSRYS5810883,D,S,T,2024-06-28,1000000.00,4.556775,100.880734375
08:02:28,912810UB2,TSRYS5810883,D,S,T,2024-06-28,1000000.00,4.556765,100.880859375
08:02:28,912810UB2,TSRYS5810883,D,S,T,2024-06-28,1000000.00,4.556765,100.880859375
08:02:28,912810UB2,TSRYS5810883,D,S,T,2024-06-28,1000000.00,4.556775,100.880734375
08:02:29,912810UB2,TSRYS5810883,D,S,T,2024-06-28,1000000.00,4.556017,100.890625
08:02:29,912810UB2,TSRYS5810883,D,S,T,2024-06-28,1000000.00,4.556027,100.8905
08:02:29,912810UB2,TSRYS5810883,D,S,C,2024-06-28,1000000.00,4.557363,100.87304687
08:02:29,912810UB2,TSRYS5810883,D,S,D,2024-06-28,1000000.00,4.557363,100.87304687
08:02:29,912810UB2,TSRYS5810883,D,S,C,2024-06-28,2000000.00,4.551299,100.95227
08:02:29,912810UB2,TSRYS5810883,D,S,D,2024-06-28,1000000.00,4.554223,100.9140625
08:02:29,912810UB2,TSRYS5810883,D,B,C,2024-06-28,2000000.00,4.557405,100.8725
08:02:29,912810UB2,TSRYS5810883,D,S,T,2024-06-28,1000000.00,4.557064,100.876953125
08:02:29,912810UB2,TSRYS5810883,D,S,T,2024-06-28,1000000.00,4.556017,100.890625
08:02:29,912810UB2,TSRYS5810883,D,S,T,2024-06-28,1000000.00,4.556027,100.8905
08:02:29,912810UB2,TSRYS5810883,D,S,C,2024-06-28,1000000.00,4.557363,100.87304687
08:02:29,912810UB2,TSRYS5810883,D,S,D,2024-06-28,1000000.00,4.557363,100.87304687
08:02:29,912810UB2,TSRYS5810883,D,S,C,2024-06-28,2000000.00,4.551299,100.95227
08:02:29,912810UB2,TSRYS5810883,D,S,D,2024-06-28,1000000.00,4.554223,100.9140625
08:02:29,912810UB2,TSRYS5810883,D,B,C,2024-06-28,2000000.00,4.557405,100.8725
08:02:29,912810UB2,TSRYS5810883,D,S,T,2024-06-28,1000000.00,4.557064,100.876953125
08:02:30,912810UB2,TSRYS5810883,D,S,T,2024-06-28,1000000.00,4.557064,100.876953125
08:02:30,912810UB2,TSRYS5810883,D,S,D,2024-06-28,1000000.00,4.569181,100.7189
08:02:30,912810UB2,TSRYS5810883,D,S,T,2024-06-28,1000000.00,4.557064,100.876953125
08:02:30,912810UB2,TSRYS5810883,D,S,D,2024-06-28,1000000.00,4.569181,100.7189
08:02:31,912810UB2,TSRYS5810883,D,S,D,2024-06-28,44000000.00,4.566782,100.75016
08:02:31,912810UB2,TSRYS5810883,D,S,D,2024-06-28,44000000.00,4.566782,100.75016
08:02:32,912810UB2,TSRYS5810883,D,S,D,2024-06-28,1000000.00,4.566795,100.75
08:02:32,912810UB2,TSRYS5810883,D,B,C,2024-06-28,1000000.00,4.566795,100.75
08:02:32,912810UB2,TSRYS5810883,D,S,D,2024-06-28,1000000.00,4.566795,100.75
08:02:32,912810UB2,TSRYS5810883,D,B,C,2024-06-28,1000000.00,4.566795,100.75
08:02:33,912810UB2,TSRYS5810883,D,S,T,2024-06-28,1000000.00,4.547499,101.001953125
08:02:33,912810UB2,TSRYS5810883,D,S,T,2024-06-28,1000000.00,4.547499,101.001953125
08:02:34,912810UB2,TSRYS5810883,D,S,T,2024-06-28,1000000.00,4.546155,101.01953125
08:02:34,912810UB2,TSRYS5810883,D,S,T,2024-06-28,1000000.00,4.546006,101.021484375
08:02:34,912810UB2,TSRYS5810883,D,S,T,2024-06-28,1000000.00,4.545857,101.0234375
08:02:34,912810UB2,TSRYS5810883,D,S,T,2024-06-28,1000000.00,4.545717,101.025265625
08:02:34,912810UB2,TSRYS5810883,D,B,A,2024-06-28,5640000.00,4.545558,101.02734375
08:02:34,912810UB2,TSRYS5810883,D,S,T,2024-06-28,1000000.00,4.546155,101.01953125
08:02:34,912810UB2,TSRYS5810883,D,S,T,2024-06-28,1000000.00,4.546006,101.021484375
08:02:34,912810UB2,TSRYS5810883,D,S,T,2024-06-28,1000000.00,4.545857,101.0234375
08:02:34,912810UB2,TSRYS5810883,D,S,T,2024-06-28,1000000.00,4.545717,101.025265625
08:02:34,912810UB2,TSRYS5810883,D,B,A,2024-06-28,5640000.00,4.545558,101.02734375
08:02:35,912810UB2,TSRYS5810883,D,S,T,2024-06-28,1000000.00,4.547509,101.001828125
08:02:35,912810UB2,TSRYS5810883,D,S,T,2024-06-28,2000000.00,4.547499,101.001953125
08:02:35,912810UB2,TSRYS5810883,D,S,T,2024-06-28,1000000.00,4.547648,101.0
08:02:35,912810UB2,TSRYS5810883,D,S,T,2024-06-28,1000000.00,4.547509,101.001828125
08:02:35,912810UB2,TSRYS5810883,D,S,T,2024-06-28,2000000.00,4.547499,101.001953125
08:02:35,912810UB2,TSRYS5810883,D,S,T,2024-06-28,1000000.00,4.547648,101.0
08:02:36,912810UB2,TSRYS5810883,D,S,C,2024-06-28,1000000.00,4.5632,100.796875
08:02:36,912810UB2,TSRYS5810883,D,S,C,2024-06-28,1000000.00,4.559608,100.84375
08:02:36,912810UB2,TSRYS5810883,D,B,C,2024-06-28,1000000.00,4.559621,100.843575
08:02:36,912810UB2,TSRYS5810883,D,S,C,2024-06-28,1000000.00,4.5632,100.796875
08:02:36,912810UB2,TSRYS5810883,D,S,C,2024-06-28,1000000.00,4.559608,100.84375
08:02:36,912810UB2,TSRYS5810883,D,B,C,2024-06-28,1000000.00,4.559621,100.843575
08:02:38,912810UB2,TSRYS5810883,D,S,D,2024-06-28,1000000.00,4.55841,100.859375
08:02:38,912810UB2,TSRYS5810883,D,B,C,2024-06-28,1000000.00,4.558424,100.8592
08:02:38,912810UB2,TSRYS5810883,D,S,C,2024-06-28,1000000.00,4.559596,100.843902
08:02:38,912810UB2,TSRYS5810883,D,B,C,2024-06-28,1000000.00,4.559608,100.84375
08:02:38,912810UB2,TSRYS5810883,D,S,C,2024-06-28,1000000.00,4.560793,100.828277
08:02:38,912810UB2,TSRYS5810883,D,S,D,2024-06-28,1000000.00,4.559608,100.84375
08:02:38,912810UB2,TSRYS5810883,D,B,C,2024-06-28,1000000.00,4.559608,100.84375
08:02:38,912810UB2,TSRYS5810883,D,S,D,2024-06-28,1000000.00,4.559608,100.84375
08:02:38,912810UB2,TSRYS5810883,D,B,C,2024-06-28,1000000.00,4.559623,100.84355
08:02:38,912810UB2,TSRYS5810883,D,S,D,2024-06-28,1000000.00,4.55841,100.859375
08:02:38,912810UB2,TSRYS5810883,D,B,C,2024-06-28,1000000.00,4.558424,100.8592
08:02:38,912810UB2,TSRYS5810883,D,S,C,2024-06-28,1000000.00,4.559596,100.843902
08:02:38,912810UB2,TSRYS5810883,D,B,C,2024-06-28,1000000.00,4.559608,100.84375
08:02:38,912810UB2,TSRYS5810883,D,S,C,2024-06-28,1000000.00,4.560793,100.828277
08:02:38,912810UB2,TSRYS5810883,D,S,D,2024-06-28,1000000.00,4.559608,100.84375
08:02:38,912810UB2,TSRYS5810883,D,B,C,2024-06-28,1000000.00,4.559608,100.84375
08:02:38,912810UB2,TSRYS5810883,D,S,D,2024-06-28,1000000.00,4.559608,100.84375
08:02:38,912810UB2,TSRYS5810883,D,B,C,2024-06-28,1000000.00,4.559623,100.84355
08:02:39,912810UB2,TSRYS5810883,D,B,C,2024-06-28,2000000.00,4.562018,100.8123
08:02:39,912810UB2,TSRYS5810883,D,S,D,2024-06-28,2000000.00,4.562002,100.8125
08:02:39,912810UB2,TSRYS5810883,D,S,D,2024-06-28,1000000.00,4.562002,100.8125
08:02:39,912810UB2,TSRYS5810883,D,S,D,2024-06-28,1000000.00,4.562002,100.8125
08:02:39,912810UB2,TSRYS5810883,D,S,D,2024-06-28,1000000.00,4.562002,100.8125
08:02:39,912810UB2,TSRYS5810883,D,B,C,2024-06-28,1000000.00,4.562002,100.8125
08:02:39,912810UB2,TSRYS5810883,D,B,C,2024-06-28,1000000.00,4.562002,100.8125
08:02:39,912810UB2,TSRYS5810883,D,B,C,2024-06-28,1000000.00,4.562018,100.8123
08:02:39,912810UB2,TSRYS5810883,D,S,D,2024-06-28,1000000.00,4.562002,100.8125
08:02:39,912810UB2,TSRYS5810883,D,B,C,2024-06-28,1000000.00,4.562002,100.8125
08:02:39,912810UB2,TSRYS5810883,D,B,C,2024-06-28,2000000.00,4.562018,100.8123
08:02:39,912810UB2,TSRYS5810883,D,S,D,2024-06-28,2000000.00,4.562002,100.8125
08:02:39,912810UB2,TSRYS5810883,D,S,D,2024-06-28,1000000.00,4.562002,100.8125
08:02:39,912810UB2,TSRYS5810883,D,S,D,2024-06-28,1000000.00,4.562002,100.8125
08:02:39,912810UB2,TSRYS5810883,D,S,D,2024-06-28,1000000.00,4.562002,100.8125
08:02:39,912810UB2,TSRYS5810883,D,B,C,2024-06-28,1000000.00,4.562002,100.8125
08:02:39,912810UB2,TSRYS5810883,D,B,C,2024-06-28,1000000.00,4.562002,100.8125
08:02:39,912810UB2,TSRYS5810883,D,B,C,2024-06-28,1000000.00,4.562018,100.8123
08:02:39,912810UB2,TSRYS5810883,D,S,D,2024-06-28,1000000.00,4.562002,100.8125
08:02:39,912810UB2,TSRYS5810883,D,B,C,2024-06-28,1000000.00,4.562002,100.8125
08:02:43,912810UB2,TSRYS5810883,D,B,C,2024-06-28,1000000.00,4.559621,100.843575
08:02:43,912810UB2,TSRYS5810883,D,S,C,2024-06-28,1000000.00,4.559592,100.84395
08:02:43,912810UB2,TSRYS5810883,D,B,A,2024-06-28,900000.00,4.546454,101.015625
08:02:43,912810UB2,TSRYS5810883,D,S,C,2024-06-28,1000000.00,4.559608,100.84375
08:02:43,912810UB2,TSRYS5810883,D,B,C,2024-06-28,1000000.00,4.560818,100.82795
08:02:43,912810UB2,TSRYS5810883,D,S,D,2024-06-28,1000000.00,4.560805,100.828125
08:02:43,912810UB2,TSRYS5810883,D,S,C,2024-06-28,70000.00,4.557214,100.875
08:02:43,912810UB2,TSRYS5810883,D,S,A,2024-06-28,1000000.00,4.557214,100.875
08:02:43,912810UB2,TSRYS5810883,D,B,C,2024-06-28,1000000.00,4.559621,100.843575
08:02:43,912810UB2,TSRYS5810883,D,S,C,2024-06-28,1000000.00,4.559592,100.84395
08:02:43,912810UB2,TSRYS5810883,D,B,A,2024-06-28,900000.00,4.546454,101.015625
08:02:43,912810UB2,TSRYS5810883,D,S,C,2024-06-28,1000000.00,4.559608,100.84375
08:02:43,912810UB2,TSRYS5810883,D,B,C,2024-06-28,1000000.00,4.560818,100.82795
08:02:43,912810UB2,TSRYS5810883,D,S,D,2024-06-28,1000000.00,4.560805,100.828125
08:02:43,912810UB2,TSRYS5810883,D,S,C,2024-06-28,70000.00,4.557214,100.875
08:02:43,912810UB2,TSRYS5810883,D,S,A,2024-06-28,1000000.00,4.557214,100.875
08:02:44,912810UB2,TSRYS5810883,D,S,C,2024-06-28,452000.00,4.544065,101.046875
08:02:44,912810UB2,TSRYS5810883,D,S,C,2024-06-28,452000.00,4.544065,101.046875
08:02:45,912810UB2,TSRYS5810883,D,S,C,2024-06-28,1000000.00,4.565596,100.765625
08:02:45,912810UB2,TSRYS5810883,D,B,C,2024-06-28,1000000.00,4.562002,100.8125
08:02:45,912810UB2,TSRYS5810883,D,S,D,2024-06-28,1000000.00,4.562002,100.8125
08:02:45,912810UB2,TSRYS5810883,D,S,C,2024-06-28,1000000.00,4.565596,100.765625
08:02:45,912810UB2,TSRYS5810883,D,B,C,2024-06-28,1000000.00,4.562002,100.8125
08:02:45,912810UB2,TSRYS5810883,D,S,D,2024-06-28,1000000.00,4.562002,100.8125
08:02:46,912810UB2,TSRYS5810883,D,S,A,2024-06-28,4500000.00,4.536906,101.140625
08:02:46,912810UB2,TSRYS5810883,D,S,A,2024-06-28,4500000.00,4.536906,101.140625
08:02:47,912810UB2,TSRYS5810883,D,B,C,2024-06-28,1000000.00,4.55841,100.859375
08:02:47,912810UB2,TSRYS5810883,D,S,D,2024-06-28,1000000.00,4.558401,100.859505
08:02:47,912810UB2,TSRYS5810883,D,B,C,2024-06-28,1000000.00,4.55841,100.859375
08:02:47,912810UB2,TSRYS5810883,D,S,C,2024-06-28,1000000.00,4.558399,100.859527
08:02:47,912810UB2,TSRYS5810883,D,S,D,2024-06-28,1000000.00,4.55841,100.859375
08:02:47,912810UB2,TSRYS5810883,D,S,A,2024-06-28,2701000.00,4.539291,101.109375
08:02:47,912810UB2,TSRYS5810883,D,S,C,2024-06-28,1000000.00,4.556017,100.890625
08:02:47,912810UB2,TSRYS5810883,D,B,C,2024-06-28,1000000.00,4.556033,100.890425
08:02:47,912810UB2,TSRYS5810883,D,B,C,2024-06-28,1000000.00,4.556033,100.890425
08:02:47,912810UB2,TSRYS5810883,D,B,C,2024-06-28,1000000.00,4.556031,100.89045
08:02:47,912810UB2,TSRYS5810883,D,B,C,2024-06-28,1000000.00,4.556031,100.89045
08:02:47,912810UB2,TSRYS5810883,D,S,C,2024-06-28,1000000.00,4.556017,100.890625
08:02:47,912810UB2,TSRYS5810883,D,S,C,2024-06-28,1000000.00,4.556017,100.890625
08:02:47,912810UB2,TSRYS5810883,D,B,C,2024-06-28,1000000.00,4.556017,100.890625
08:02:47,912810UB2,TSRYS5810883,D,S,C,2024-06-28,1000000.00,4.556017,100.890625
08:02:47,912810UB2,TSRYS5810883,D,S,C,2024-06-28,1000000.00,4.556017,100.890625
08:02:47,912810UB2,TSRYS5810883,D,B,C,2024-06-28,1000000.00,4.556031,100.89045
08:02:47,912810UB2,TSRYS5810883,D,S,C,2024-06-28,1000000.00,4.556017,100.890625
08:02:47,912810UB2,TSRYS5810883,D,S,C,2024-06-28,1000000.00,4.556017,100.890625
08:02:47,912810UB2,TSRYS5810883,D,B,C,2024-06-28,1000000.00,4.556033,100.890425
08:02:47,912810UB2,TSRYS5810883,D,B,C,2024-06-28,1000000.00,4.556017,100.890625
08:02:47,912810UB2,TSRYS5810883,D,S,C,2024-06-28,1000000.00,4.556017,100.890625
08:02:47,912810UB2,TSRYS5810883,D,B,C,2024-06-28,2000000.00,4.556017,100.890625
08:02:47,912810UB2,TSRYS5810883,D,B,C,2024-06-28,1000000.00,4.556033,100.890425
08:02:47,912810UB2,TSRYS5810883,D,S,C,2024-06-28,2000000.00,4.556017,100.890625
08:02:47,912810UB2,TSRYS5810883,D,S,C,2024-06-28,1000000.00,4.556017,100.890625
08:02:47,912810UB2,TSRYS5810883,D,B,C,2024-06-28,1000000.00,4.55841,100.859375
08:02:47,912810UB2,TSRYS5810883,D,S,D,2024-06-28,1000000.00,4.558401,100.859505
08:02:47,912810UB2,TSRYS5810883,D,B,C,2024-06-28,1000000.00,4.55841,100.859375
08:02:47,912810UB2,TSRYS5810883,D,S,C,2024-06-28,1000000.00,4.558399,100.859527
08:02:47,912810UB2,TSRYS5810883,D,S,D,2024-06-28,1000000.00,4.55841,100.859375
08:02:47,912810UB2,TSRYS5810883,D,S,A,2024-06-28,2701000.00,4.539291,101.109375
08:02:47,912810UB2,TSRYS5810883,D,S,C,2024-06-28,1000000.00,4.556017,100.890625
08:02:47,912810UB2,TSRYS5810883,D,B,C,2024-06-28,1000000.00,4.556033,100.890425
08:02:47,912810UB2,TSRYS5810883,D,B,C,2024-06-28,1000000.00,4.556033,100.890425
08:02:47,912810UB2,TSRYS5810883,D,B,C,2024-06-28,1000000.00,4.556031,100.89045
08:02:47,912810UB2,TSRYS5810883,D,B,C,2024-06-28,1000000.00,4.556031,100.89045
08:02:47,912810UB2,TSRYS5810883,D,S,C,2024-06-28,1000000.00,4.556017,100.890625
08:02:47,912810UB2,TSRYS5810883,D,S,C,2024-06-28,1000000.00,4.556017,100.890625
08:02:47,912810UB2,TSRYS5810883,D,B,C,2024-06-28,1000000.00,4.556017,100.890625
08:02:47,912810UB2,TSRYS5810883,D,S,C,2024-06-28,1000000.00,4.556017,100.890625
08:02:47,912810UB2,TSRYS5810883,D,S,C,2024-06-28,1000000.00,4.556017,100.890625
08:02:47,912810UB2,TSRYS5810883,D,B,C,2024-06-28,1000000.00,4.556031,100.89045
08:02:47,912810UB2,TSRYS5810883,D,S,C,2024-06-28,1000000.00,4.556017,100.890625
08:02:47,912810UB2,TSRYS5810883,D,S,C,2024-06-28,1000000.00,4.556017,100.890625
08:02:47,912810UB2,TSRYS5810883,D,B,C,2024-06-28,1000000.00,4.556033,100.890425
08:02:47,912810UB2,TSRYS5810883,D,B,C,2024-06-28,1000000.00,4.556017,100.890625
08:02:47,912810UB2,TSRYS5810883,D,S,C,2024-06-28,1000000.00,4.556017,100.890625
08:02:47,912810UB2,TSRYS5810883,D,B,C,2024-06-28,2000000.00,4.556017,100.890625
08:02:47,912810UB2,TSRYS5810883,D,B,C,2024-06-28,1000000.00,4.556033,100.890425
08:02:47,912810UB2,TSRYS5810883,D,S,C,2024-06-28,2000000.00,4.556017,100.890625
08:02:47,912810UB2,TSRYS5810883,D,S,C,2024-06-28,1000000.00,4.556017,100.890625
08:02:49,912810UB2,TSRYS5810883,D,S,D,2024-06-28,1000000.00,4.556017,100.890625
08:02:49,912810UB2,TSRYS5810883,D,S,C,2024-06-28,1000000.00,4.556017,100.890625
08:02:49,912810UB2,TSRYS5810883,D,B,C,2024-06-28,1000000.00,4.557227,100.874825
08:02:49,912810UB2,TSRYS5810883,D,B,C,2024-06-28,1000000.00,4.556034,100.8904
08:02:49,912810UB2,TSRYS5810883,D,S,C,2024-06-28,1000000.00,4.556017,100.890625
08:02:49,912810UB2,TSRYS5810883,D,B,C,2024-06-28,1000000.00,4.556034,100.8904
08:02:49,912810UB2,TSRYS5810883,D,S,C,2024-06-28,1000000.00,4.556017,100.890625
08:02:49,912810UB2,TSRYS5810883,D,S,C,2024-06-28,1000000.00,4.557202,100.875152
08:02:49,912810UB2,TSRYS5810883,D,B,C,2024-06-28,1000000.00,4.556031,100.89045
08:02:49,912810UB2,TSRYS5810883,D,B,C,2024-06-28,1000000.00,4.556034,100.8904
08:02:49,912810UB2,TSRYS5810883,D,S,D,2024-06-28,5000000.00,4.557351,100.87321
08:02:49,912810UB2,TSRYS5810883,D,S,D,2024-06-28,1000000.00,4.556017,100.890625
08:02:49,912810UB2,TSRYS5810883,D,S,C,2024-06-28,1000000.00,4.556017,100.890625
08:02:49,912810UB2,TSRYS5810883,D,B,C,2024-06-28,1000000.00,4.557227,100.874825
08:02:49,912810UB2,TSRYS5810883,D,B,C,2024-06-28,1000000.00,4.556034,100.8904
08:02:49,912810UB2,TSRYS5810883,D,S,C,2024-06-28,1000000.00,4.556017,100.890625
08:02:49,912810UB2,TSRYS5810883,D,B,C,2024-06-28,1000000.00,4.556034,100.8904
08:02:49,912810UB2,TSRYS5810883,D,S,C,2024-06-28,1000000.00,4.556017,100.890625
08:02:49,912810UB2,TSRYS5810883,D,S,C,2024-06-28,1000000.00,4.557202,100.875152
08:02:49,912810UB2,TSRYS5810883,D,B,C,2024-06-28,1000000.00,4.556031,100.89045
08:02:49,912810UB2,TSRYS5810883,D,B,C,2024-06-28,1000000.00,4.556034,100.8904
08:02:49,912810UB2,TSRYS5810883,D,S,D,2024-06-28,5000000.00,4.557351,100.87321
08:02:50,912810UB2,TSRYS5810883,D,S,D,2024-06-28,1000000.00,4.55841,100.859375
08:02:50,912810UB2,TSRYS5810883,D,S,C,2024-06-28,1000000.00,4.558395,100.859575
08:02:50,912810UB2,TSRYS5810883,D,S,C,2024-06-28,1000000.00,4.558395,100.859575
08:02:50,912810UB2,TSRYS5810883,D,S,D,2024-06-28,1000000.00,4.55841,100.859375
08:02:50,912810UB2,TSRYS5810883,D,S,C,2024-06-28,1000000.00,4.558395,100.859575
08:02:50,912810UB2,TSRYS5810883,D,S,C,2024-06-28,1000000.00,4.558395,100.859575
08:02:55,912810UB2,TSRYS5810883,D,S,C,2024-06-28,1000000.00,4.560805,100.828125
08:02:55,912810UB2,TSRYS5810883,D,B,C,2024-06-28,1000000.00,4.560805,100.828125
08:02:55,912810UB2,TSRYS5810883,D,S,C,2024-06-28,1000000.00,4.560805,100.828125
08:02:55,912810UB2,TSRYS5810883,D,B,C,2024-06-28,1000000.00,4.560805,100.828125
08:02:58,912810UB2,TSRYS5810883,D,S,C,2024-06-28,1000000.00,4.550038,100.96875
08:02:58,912810UB2,TSRYS5810883,D,B,C,2024-06-28,1000000.00,4.550038,100.96875
08:02:58,912810UB2,TSRYS5810883,D,S,C,2024-06-28,1000000.00,4.547648,101.0
08:02:58,912810UB2,TSRYS5810883,D,B,C,2024-06-28,1000000.00,4.547648,101.0
08:02:58,912810UB2,TSRYS5810883,D,B,C,2024-06-28,1000000.00,4.547648,101.0
08:02:58,912810UB2,TSRYS5810883,D,S,C,2024-06-28,1000000.00,4.547637,101.000152
08:02:58,912810UB2,TSRYS5810883,D,S,C,2024-06-28,1000000.00,4.550038,100.96875
08:02:58,912810UB2,TSRYS5810883,D,B,C,2024-06-28,1000000.00,4.550038,100.96875
08:02:58,912810UB2,TSRYS5810883,D,S,C,2024-06-28,1000000.00,4.547648,101.0
08:02:58,912810UB2,TSRYS5810883,D,B,C,2024-06-28,1000000.00,4.547648,101.0
08:02:58,912810UB2,TSRYS5810883,D,B,C,2024-06-28,1000000.00,4.547648,101.0
08:02:58,912810UB2,TSRYS5810883,D,S,C,2024-06-28,1000000.00,4.547637,101.000152
08:03:00,912810UB2,TSRYS5810883,D,S,A,2024-06-28,800000.00,4.553027,100.9296875
08:03:00,912810UB2,TSRYS5810883,D,S,C,2024-06-28,1000000.00,4.548832,100.984527
08:03:00,912810UB2,TSRYS5810883,D,B,C,2024-06-28,1000000.00,4.548843,100.984375
08:03:00,912810UB2,TSRYS5810883,D,S,A,2024-06-28,800000.00,4.553027,100.9296875
08:03:00,912810UB2,TSRYS5810883,D,S,C,2024-06-28,1000000.00,4.548832,100.984527
08:03:00,912810UB2,TSRYS5810883,D,B,C,2024-06-28,1000000.00,4.548843,100.984375
08:03:01,912810UB2,TSRYS5810883,D,S,C,2024-06-28,1000000.00,4.548832,100.984527
08:03:01,912810UB2,TSRYS5810883,D,S,C,2024-06-28,1000000.00,4.550027,100.968902
08:03:01,912810UB2,TSRYS5810883,D,S,C,2024-06-28,1000000.00,4.550027,100.968902
08:03:01,912810UB2,TSRYS5810883,D,S,C,2024-06-28,1000000.00,4.548832,100.984527
08:03:01,912810UB2,TSRYS5810883,D,S,C,2024-06-28,1000000.00,4.550027,100.968902
08:03:01,912810UB2,TSRYS5810883,D,S,C,2024-06-28,1000000.00,4.550027,100.968902
08:03:03,912810UB2,TSRYS5810883,D,S,C,2024-06-28,1000000.00,4.548832,100.984527
08:03:03,912810UB2,TSRYS5810883,D,B,C,2024-06-28,1000000.00,4.547664,100.9998
08:03:03,912810UB2,TSRYS5810883,D,S,C,2024-06-28,1000000.00,4.547637,101.000152
08:03:03,912810UB2,TSRYS5810883,D,S,C,2024-06-28,1000000.00,4.548832,100.984527
08:03:03,912810UB2,TSRYS5810883,D,B,C,2024-06-28,1000000.00,4.547664,100.9998
08:03:03,912810UB2,TSRYS5810883,D,S,C,2024-06-28,1000000.00,4.547637,101.000152
08:03:05,912810UB2,TSRYS5810883,D,S,C,2024-06-28,1000000.00,4.556017,100.890625
