tradeTime,cusip,issueSymbolIdentifier,priceType,reportingSideCode,contraPartyTypeCode,tradeDate,reportedTradeVolume,lastSaleYield,lastSalePrice
08:00:03,912810UD8,TSRYS5870973,D,S,A,2024-10-16,25000.00,4.350776,97.036025
08:00:04,912810UD8,TSRYS5870973,D,S,D,2024-10-16,1000000.00,4.385324,96.5703125
08:00:04,912810UD8,TSRYS5870973,D,S,D,2024-10-16,1000000.00,4.386994,96.548828125
08:00:04,912810UD8,TSRYS5870973,D,B,C,2024-10-16,1000000.00,4.378646,96.65625
08:00:04,912810UD8,TSRYS5870973,D,B,C,2024-10-16,1000000.00,4.378646,96.65625
08:00:04,912810UD8,TSRYS5870973,D,B,C,2024-10-16,1000000.00,4.378646,96.65625
08:00:04,912810UD8,TSRYS5870973,D,B,C,2024-10-16,1000000.00,4.378646,96.65625
08:00:04,912810UD8,TSRYS5870973,D,S,D,2024-10-16,1000000.00,4.381377,96.62109375
08:00:04,912810UD8,TSRYS5870973,D,S,D,2024-10-16,1000000.00,4.381225,96.623046875
08:00:04,912810UD8,TSRYS5870973,D,S,T,2024-10-16,1000000.00,4.379405,96.646484375
08:00:04,912810UD8,TSRYS5870973,D,S,D,2024-10-16,1000000.00,4.369402,96.775390625
08:00:04,912810UD8,TSRYS5870973,D,S,D,2024-10-16,1000000.00,4.369402,96.775390625
08:00:04,912810UD8,TSRYS5870973,D,S,D,2024-10-16,1000000.00,4.370008,96.767578125
08:00:04,912810UD8,TSRYS5870973,D,S,D,2024-10-16,1000000.00,4.370008,96.767578125
08:00:04,912810UD8,TSRYS5870973,D,S,T,2024-10-16,1000000.00,4.369402,96.775390625
08:00:04,912810UD8,TSRYS5870973,D,S,T,2024-10-16,1000000.00,4.369402,96.775390625
08:00:04,912810UD8,TSRYS5870973,D,S,T,2024-10-16,1000000.00,4.369402,96.775390625
08:00:04,912810UD8,TSRYS5870973,D,S,T,2024-10-16,1000000.00,4.351561,97.005859375
08:00:04,912810UD8,TSRYS5870973,D,B,C,2024-10-16,1000000.00,4.364105,96.84375
08:00:04,912810UD8,TSRYS5870973,D,S,T,2024-10-16,1000000.00,4.361987,96.87109375
08:00:04,912810UD8,TSRYS5870973,D,S,T,2024-10-16,1000000.00,4.361685,96.875
08:00:05,912810UD8,TSRYS5870973,D,S,D,2024-10-16,1000000.00,4.352014,97.0
08:00:05,912810UD8,TSRYS5870973,D,S,D,2024-10-16,1000000.00,4.352014,97.0
08:00:05,912810UD8,TSRYS5870973,D,S,D,2024-10-16,1000000.00,4.352014,97.0
08:00:05,912810UD8,TSRYS5870973,D,S,D,2024-10-16,1000000.00,4.355941,96.94921875
08:00:05,912810UD8,TSRYS5870973,D,S,D,2024-10-16,1000000.00,4.355941,96.94921875
08:00:05,912810UD8,TSRYS5870973,D,S,D,2024-10-16,1000000.00,4.355639,96.953125
08:00:05,912810UD8,TSRYS5870973,D,S,D,2024-10-16,1000000.00,4.356243,96.9453125
08:00:05,912810UD8,TSRYS5870973,D,S,D,2024-10-16,1000000.00,4.356847,96.9375
08:00:05,912810UD8,TSRYS5870973,D,S,D,2024-10-16,1000000.00,4.356847,96.9375
08:00:05,912810UD8,TSRYS5870973,D,B,C,2024-10-16,1000000.00,4.348996,97.0390625
08:00:05,912810UD8,TSRYS5870973,D,B,C,2024-10-16,1000000.00,4.349901,97.02734375
08:00:05,912810UD8,TSRYS5870973,D,B,C,2024-10-16,1000000.00,4.34975,97.029296875
08:00:05,912810UD8,TSRYS5870973,D,B,C,2024-10-16,1000000.00,4.34975,97.029296875
08:00:05,912810UD8,TSRYS5870973,D,B,C,2024-10-16,1000000.00,4.34975,97.029296875
08:00:05,912810UD8,TSRYS5870973,D,B,C,2024-10-16,1000000.00,4.34975,97.029296875
08:00:05,912810UD8,TSRYS5870973,D,B,C,2024-10-16,1000000.00,4.34975,97.029296875
08:00:05,912810UD8,TSRYS5870973,D,S,C,2024-10-16,10000.00,4.383774,96.64024375
08:00:06,912810UD8,TSRYS5870973,D,B,A,2024-10-16,4000000.00,4.384413,96.58203125
08:00:07,912810UD8,TSRYS5870973,D,S,T,2024-10-16,1000000.00,4.383502,96.59375
08:00:09,912810UD8,TSRYS5870973,D,S,T,2024-10-16,1000000.00,4.383502,96.59375
08:00:10,912810UD8,TSRYS5870973,D,S,D,2024-10-16,3000.00,4.384716,96.578125
08:00:10,912810UD8,TSRYS5870973,D,S,C,2024-10-16,250000.00,4.381397,96.62109375
08:00:10,912810UD8,TSRYS5870973,D,S,D,2024-10-16,250000.00,4.381397,96.62109375
08:00:10,912810UD8,TSRYS5870973,D,S,D,2024-10-16,200000.00,4.350052,97.025390625
08:00:10,912810UD8,TSRYS5870973,D,S,A,2024-10-16,3900000.00,4.356212,96.9457125
08:00:10,912810UD8,TSRYS5870973,D,S,T,2024-10-16,1000000.00,4.383502,96.59375
08:00:12,912810UD8,TSRYS5870973,D,S,D,2024-10-16,565000.00,4.378646,96.65625
08:00:12,912810UD8,TSRYS5870973,D,S,T,2024-10-16,1000000.00,4.383502,96.59375
08:00:13,912810UD8,TSRYS5870973,D,S,C,2024-10-16,29000.00,4.381074,96.625
08:00:14,912810UD8,TSRYS5870973,D,S,T,2024-10-16,1000000.00,4.378646,96.65625
08:00:14,912810UD8,TSRYS5870973,D,S,T,2024-10-16,1000000.00,4.382288,96.609375
08:00:15,912810UD8,TSRYS5870973,D,S,C,2024-10-16,3000.00,4.384716,96.74479166667
08:00:15,912810UD8,TSRYS5870973,D,S,D,2024-10-16,500000.00,4.389729,96.513671875
08:00:15,912810UD8,TSRYS5870973,D,B,C,2024-10-16,500000.00,4.389729,96.511671875
08:00:22,912810UD8,TSRYS5870973,D,S,A,2024-10-16,10000.00,4.37804,96.6640625
08:00:22,912810UD8,TSRYS5870973,D,S,D,2024-10-16,29000.00,,96.625
08:00:27,912810UD8,TSRYS5870973,D,S,A,2024-10-16,150000.00,4.381377,96.62109375
08:00:27,912810UD8,TSRYS5870973,D,S,T,2024-10-16,1000000.00,4.366526,96.8125
08:00:27,912810UD8,TSRYS5870973,D,S,T,2024-10-16,1000000.00,4.368948,96.78125
08:00:27,912810UD8,TSRYS5870973,D,S,T,2024-10-16,1000000.00,4.361685,96.875
08:00:27,912810UD8,TSRYS5870973,D,S,T,2024-10-16,1000000.00,4.355639,96.953125
08:00:27,912810UD8,TSRYS5870973,D,S,T,2024-10-16,1000000.00,4.355639,96.953125
08:00:27,912810UD8,TSRYS5870973,D,S,T,2024-10-16,1000000.00,4.356847,96.9375
08:00:27,912810UD8,TSRYS5870973,D,S,C,2024-10-16,1100000.00,4.373158,96.7269625
08:00:28,912810UD8,TSRYS5870973,D,S,T,2024-10-16,1000000.00,4.350807,97.015625
08:00:28,912810UD8,TSRYS5870973,D,S,T,2024-10-16,1000000.00,4.361685,96.875
08:00:28,912810UD8,TSRYS5870973,D,S,T,2024-10-16,1000000.00,4.361685,96.875
08:00:28,912810UD8,TSRYS5870973,D,S,T,2024-10-16,1000000.00,4.35579,96.951171875
08:00:28,912810UD8,TSRYS5870973,D,S,T,2024-10-16,1000000.00,4.35715,96.93359375
08:00:29,912810UD8,TSRYS5870973,D,S,D,2024-10-16,2000000.00,4.361685,96.875
08:00:29,912810UD8,TSRYS5870973,D,S,D,2024-10-16,1000000.00,4.361685,96.875
08:00:30,912810UD8,TSRYS5870973,D,S,T,2024-10-16,1000000.00,4.382288,96.609375
08:00:30,912810UD8,TSRYS5870973,D,S,T,2024-10-16,1000000.00,4.388969,96.5234375
08:00:30,912810UD8,TSRYS5870973,D,S,T,2024-10-16,1000000.00,4.377433,96.671875
08:00:30,912810UD8,TSRYS5870973,D,S,T,2024-10-16,1000000.00,4.377433,96.671875
08:00:30,912810UD8,TSRYS5870973,D,S,T,2024-10-16,1000000.00,4.377433,96.671875
08:00:30,912810UD8,TSRYS5870973,D,S,T,2024-10-16,1000000.00,4.377433,96.671875
08:00:30,912810UD8,TSRYS5870973,D,S,T,2024-10-16,1000000.00,4.377433,96.671875
08:00:30,912810UD8,TSRYS5870973,D,S,T,2024-10-16,1000000.00,4.377433,96.671875
08:00:30,912810UD8,TSRYS5870973,D,S,T,2024-10-16,1000000.00,4.377433,96.671875
08:00:30,912810UD8,TSRYS5870973,D,S,T,2024-10-16,1000000.00,4.381074,96.625
08:00:30,912810UD8,TSRYS5870973,D,S,T,2024-10-16,1000000.00,4.381377,96.62109375
08:00:30,912810UD8,TSRYS5870973,D,S,T,2024-10-16,1000000.00,4.381377,96.62109375
08:00:30,912810UD8,TSRYS5870973,D,S,T,2024-10-16,1000000.00,4.381225,96.623046875
08:00:30,912810UD8,TSRYS5870973,D,S,T,2024-10-16,1000000.00,4.381074,96.625
08:00:30,912810UD8,TSRYS5870973,D,S,T,2024-10-16,1000000.00,4.381074,96.625
08:00:30,912810UD8,TSRYS5870973,D,S,T,2024-10-16,1000000.00,4.381074,96.625
08:00:30,912810UD8,TSRYS5870973,D,S,T,2024-10-16,1000000.00,4.381074,96.625
08:00:30,912810UD8,TSRYS5870973,D,S,T,2024-10-16,1000000.00,4.37986,96.640625
08:00:30,912810UD8,TSRYS5870973,D,S,T,2024-10-16,1000000.00,4.37986,96.640625
08:00:30,912810UD8,TSRYS5870973,D,S,T,2024-10-16,1000000.00,4.368948,96.78125
08:00:30,912810UD8,TSRYS5870973,D,S,T,2024-10-16,1000000.00,4.366526,96.8125
08:00:31,912810UD8,TSRYS5870973,D,S,T,2024-10-16,1000000.00,4.358056,96.921875
08:00:31,912810UD8,TSRYS5870973,D,S,T,2024-10-16,1000000.00,4.355639,96.953125
08:00:31,912810UD8,TSRYS5870973,D,S,T,2024-10-16,1000000.00,4.352014,97.0
08:00:31,912810UD8,TSRYS5870973,D,S,T,2024-10-16,1000000.00,4.360475,96.890625
08:00:31,912810UD8,TSRYS5870973,D,S,T,2024-10-16,1000000.00,4.364105,96.84375
08:00:31,912810UD8,TSRYS5870973,D,S,T,2024-10-16,1000000.00,4.361685,96.875
08:00:31,912810UD8,TSRYS5870973,D,S,T,2024-10-16,1000000.00,4.361685,96.875
08:00:31,912810UD8,TSRYS5870973,D,S,T,2024-10-16,1000000.00,4.361685,96.875
08:00:31,912810UD8,TSRYS5870973,D,S,T,2024-10-16,1000000.00,4.361685,96.875
08:00:31,912810UD8,TSRYS5870973,D,S,T,2024-10-16,1000000.00,4.361685,96.875
08:00:31,912810UD8,TSRYS5870973,D,S,T,2024-10-16,1000000.00,4.361685,96.875
08:00:31,912810UD8,TSRYS5870973,D,S,T,2024-10-16,1000000.00,4.361685,96.875
08:00:31,912810UD8,TSRYS5870973,D,S,T,2024-10-16,1000000.00,4.361685,96.875
08:00:31,912810UD8,TSRYS5870973,D,S,T,2024-10-16,1000000.00,4.362895,96.859375
08:00:31,912810UD8,TSRYS5870973,D,S,T,2024-10-16,1000000.00,4.362895,96.859375
08:00:31,912810UD8,TSRYS5870973,D,S,T,2024-10-16,1000000.00,4.362895,96.859375
08:00:31,912810UD8,TSRYS5870973,D,S,T,2024-10-16,1000000.00,4.362895,96.859375
08:00:31,912810UD8,TSRYS5870973,D,S,T,2024-10-16,1000000.00,4.362895,96.859375
08:00:31,912810UD8,TSRYS5870973,D,S,T,2024-10-16,1000000.00,4.362895,96.859375
08:00:31,912810UD8,TSRYS5870973,D,S,T,2024-10-16,1000000.00,4.362895,96.859375
08:00:31,912810UD8,TSRYS5870973,D,S,T,2024-10-16,1000000.00,4.362895,96.859375
08:00:31,912810UD8,TSRYS5870973,D,S,T,2024-10-16,1000000.00,4.362895,96.859375
08:00:31,912810UD8,TSRYS5870973,D,S,T,2024-10-16,1000000.00,4.362895,96.859375
08:00:31,912810UD8,TSRYS5870973,D,S,T,2024-10-16,1000000.00,4.362895,96.859375
08:00:32,912810UD8,TSRYS5870973,D,S,T,2024-10-16,1000000.00,4.355488,96.955078125
08:00:32,912810UD8,TSRYS5870973,D,S,T,2024-10-16,1000000.00,4.355337,96.95703125
08:00:32,912810UD8,TSRYS5870973,D,S,T,2024-10-16,1000000.00,4.355639,96.953125
08:00:32,912810UD8,TSRYS5870973,D,S,T,2024-10-16,1000000.00,4.355639,96.953125
08:00:32,912810UD8,TSRYS5870973,D,S,T,2024-10-16,1000000.00,4.355639,96.953125
08:00:32,912810UD8,TSRYS5870973,D,S,T,2024-10-16,1000000.00,4.355639,96.953125
08:00:32,912810UD8,TSRYS5870973,D,S,T,2024-10-16,1000000.00,4.355639,96.953125
08:00:32,912810UD8,TSRYS5870973,D,S,T,2024-10-16,1000000.00,4.353524,96.98046875
08:00:32,912810UD8,TSRYS5870973,D,S,T,2024-10-16,1000000.00,4.35443,96.96875
08:00:32,912810UD8,TSRYS5870973,D,S,T,2024-10-16,1000000.00,4.35443,96.96875
08:00:32,912810UD8,TSRYS5870973,D,S,T,2024-10-16,1000000.00,4.350807,97.015625
08:00:32,912810UD8,TSRYS5870973,D,S,T,2024-10-16,1000000.00,4.350807,97.015625
08:00:32,912810UD8,TSRYS5870973,D,S,T,2024-10-16,1000000.00,4.350807,97.015625
08:00:32,912810UD8,TSRYS5870973,D,S,T,2024-10-16,1000000.00,4.350807,97.015625
08:00:32,912810UD8,TSRYS5870973,D,S,T,2024-10-16,1000000.00,4.350807,97.015625
08:00:32,912810UD8,TSRYS5870973,D,S,T,2024-10-16,1000000.00,4.351411,97.0078125
08:00:32,912810UD8,TSRYS5870973,D,S,T,2024-10-16,1000000.00,4.352014,97.0
08:00:32,912810UD8,TSRYS5870973,D,S,T,2024-10-16,1000000.00,4.352014,97.0
08:00:32,912810UD8,TSRYS5870973,D,S,T,2024-10-16,1000000.00,4.352014,97.0
08:00:32,912810UD8,TSRYS5870973,D,S,T,2024-10-16,1000000.00,4.352014,97.0
08:00:32,912810UD8,TSRYS5870973,D,S,T,2024-10-16,1000000.00,4.352014,97.0
08:00:32,912810UD8,TSRYS5870973,D,S,T,2024-10-16,1000000.00,4.352014,97.0
08:00:32,912810UD8,TSRYS5870973,D,S,T,2024-10-16,1000000.00,4.356696,96.939453125
08:00:32,912810UD8,TSRYS5870973,D,S,T,2024-10-16,1000000.00,4.356696,96.939453125
08:00:32,912810UD8,TSRYS5870973,D,S,T,2024-10-16,1000000.00,4.356243,96.9453125
08:00:32,912810UD8,TSRYS5870973,D,S,T,2024-10-16,1000000.00,4.356243,96.9453125
08:00:32,912810UD8,TSRYS5870973,D,S,T,2024-10-16,1000000.00,4.358359,96.91796875
08:00:32,912810UD8,TSRYS5870973,D,S,T,2024-10-16,1000000.00,4.358359,96.91796875
08:00:32,912810UD8,TSRYS5870973,D,S,T,2024-10-16,1000000.00,4.358208,96.919921875
08:00:32,912810UD8,TSRYS5870973,D,S,T,2024-10-16,1000000.00,4.356243,96.9453125
08:00:32,912810UD8,TSRYS5870973,D,S,T,2024-10-16,1000000.00,4.356243,96.9453125
08:00:32,912810UD8,TSRYS5870973,D,S,T,2024-10-16,1000000.00,4.355639,96.953125
08:00:32,912810UD8,TSRYS5870973,D,S,T,2024-10-16,1000000.00,4.355639,96.953125
08:00:32,912810UD8,TSRYS5870973,D,S,T,2024-10-16,1000000.00,4.355639,96.953125
08:00:32,912810UD8,TSRYS5870973,D,S,T,2024-10-16,1000000.00,4.355639,96.953125
08:00:32,912810UD8,TSRYS5870973,D,S,T,2024-10-16,1000000.00,4.355639,96.953125
08:00:32,912810UD8,TSRYS5870973,D,S,T,2024-10-16,1000000.00,4.355639,96.953125
08:00:32,912810UD8,TSRYS5870973,D,S,T,2024-10-16,1000000.00,4.355639,96.953125
08:00:32,912810UD8,TSRYS5870973,D,S,T,2024-10-16,1000000.00,4.355639,96.953125
08:00:32,912810UD8,TSRYS5870973,D,S,T,2024-10-16,1000000.00,4.355639,96.953125
08:00:32,912810UD8,TSRYS5870973,D,S,A,2024-10-16,5000000.00,4.365012,96.83203125
08:00:32,912810UD8,TSRYS5870973,D,S,T,2024-10-16,1000000.00,4.356243,96.9453125
08:00:32,912810UD8,TSRYS5870973,D,S,T,2024-10-16,1000000.00,4.356092,96.947265625
08:00:32,912810UD8,TSRYS5870973,D,S,T,2024-10-16,1000000.00,4.350505,97.01953125
08:00:32,912810UD8,TSRYS5870973,D,S,T,2024-10-16,1000000.00,4.350807,97.015625
08:00:32,912810UD8,TSRYS5870973,D,S,T,2024-10-16,1000000.00,4.350807,97.015625
08:00:32,912810UD8,TSRYS5870973,D,S,T,2024-10-16,1000000.00,4.382288,96.609375
08:00:32,912810UD8,TSRYS5870973,D,S,T,2024-10-16,1000000.00,4.388969,96.5234375
08:00:32,912810UD8,TSRYS5870973,D,S,T,2024-10-16,1000000.00,4.369402,96.775390625
08:00:33,912810UD8,TSRYS5870973,D,S,T,2024-10-16,1000000.00,4.35126,97.009765625
08:00:33,912810UD8,TSRYS5870973,D,S,T,2024-10-16,1000000.00,4.35126,97.009765625
08:00:33,912810UD8,TSRYS5870973,D,S,A,2024-10-16,165000.00,4.348996,97.0390625
08:00:33,912810UD8,TSRYS5870973,D,S,T,2024-10-16,1000000.00,4.361685,96.875
08:00:33,912810UD8,TSRYS5870973,D,S,T,2024-10-16,1000000.00,4.361685,96.875
08:00:33,912810UD8,TSRYS5870973,D,S,T,2024-10-16,1000000.00,4.361685,96.875
08:00:33,912810UD8,TSRYS5870973,D,S,T,2024-10-16,1000000.00,4.361685,96.875
08:00:33,912810UD8,TSRYS5870973,D,S,T,2024-10-16,1000000.00,4.362895,96.859375
08:00:33,912810UD8,TSRYS5870973,D,S,T,2024-10-16,1000000.00,4.362895,96.859375
08:00:33,912810UD8,TSRYS5870973,D,S,T,2024-10-16,1000000.00,4.362895,96.859375
08:00:33,912810UD8,TSRYS5870973,D,S,T,2024-10-16,1000000.00,4.362895,96.859375
08:00:33,912810UD8,TSRYS5870973,D,S,T,2024-10-16,1000000.00,4.355639,96.953125
08:00:33,912810UD8,TSRYS5870973,D,S,T,2024-10-16,1000000.00,4.355639,96.953125
08:00:33,912810UD8,TSRYS5870973,D,S,T,2024-10-16,1000000.00,4.350807,97.015625
08:00:33,912810UD8,TSRYS5870973,D,S,D,2024-10-16,1000000.00,4.382288,96.609375
08:00:33,912810UD8,TSRYS5870973,D,S,D,2024-10-16,1000000.00,4.388969,96.5234375
08:00:33,912810UD8,TSRYS5870973,D,S,D,2024-10-16,1000000.00,4.381984,96.61328125
08:00:33,912810UD8,TSRYS5870973,D,S,D,2024-10-16,1000000.00,4.381074,96.625
08:00:33,912810UD8,TSRYS5870973,D,S,D,2024-10-16,1000000.00,4.351411,97.0078125
08:00:34,912810UD8,TSRYS5870973,D,S,D,2024-10-16,1000000.00,4.355639,96.953125
08:00:34,912810UD8,TSRYS5870973,D,S,D,2024-10-16,1000000.00,4.388361,96.53125
08:00:34,912810UD8,TSRYS5870973,D,S,D,2024-10-16,1000000.00,4.369402,96.775390625
08:00:34,912810UD8,TSRYS5870973,D,S,D,2024-10-16,1000000.00,4.369402,96.775390625
08:00:34,912810UD8,TSRYS5870973,D,S,D,2024-10-16,1000000.00,4.35126,97.009765625
08:00:34,912810UD8,TSRYS5870973,D,S,D,2024-10-16,1000000.00,4.349599,97.03125
08:00:34,912810UD8,TSRYS5870973,D,S,D,2024-10-16,1000000.00,4.352014,97.0
08:00:34,912810UD8,TSRYS5870973,D,S,D,2024-10-16,1000000.00,4.353222,96.984375
08:00:34,912810UD8,TSRYS5870973,D,S,D,2024-10-16,1000000.00,4.353071,96.986328125
08:00:34,912810UD8,TSRYS5870973,D,S,D,2024-10-16,1000000.00,4.353071,96.986328125
08:00:34,912810UD8,TSRYS5870973,D,S,D,2024-10-16,1000000.00,4.352316,96.99609375
08:00:34,912810UD8,TSRYS5870973,D,S,D,2024-10-16,1000000.00,4.352316,96.99609375
08:00:34,912810UD8,TSRYS5870973,D,S,D,2024-10-16,1000000.00,4.352316,96.99609375
08:00:34,912810UD8,TSRYS5870973,D,S,D,2024-10-16,1000000.00,4.352014,97.0
08:00:34,912810UD8,TSRYS5870973,D,S,D,2024-10-16,1000000.00,4.351561,97.005859375
08:00:34,912810UD8,TSRYS5870973,D,S,D,2024-10-16,1000000.00,4.350656,97.017578125
08:00:34,912810UD8,TSRYS5870973,D,S,D,2024-10-16,1000000.00,4.350656,97.017578125
08:00:34,912810UD8,TSRYS5870973,D,S,D,2024-10-16,1000000.00,4.356394,96.943359375
08:00:35,912810UD8,TSRYS5870973,D,S,C,2024-10-16,1000000.00,4.358963,96.91015625
08:00:35,912810UD8,TSRYS5870973,D,S,C,2024-10-16,1000000.00,4.358963,96.91015625
08:00:35,912810UD8,TSRYS5870973,D,S,T,2024-10-16,1000000.00,4.385931,96.5625
08:00:35,912810UD8,TSRYS5870973,D,S,T,2024-10-16,1000000.00,4.385931,96.5625
08:00:35,912810UD8,TSRYS5870973,D,S,T,2024-10-16,1000000.00,4.385931,96.5625
08:00:35,912810UD8,TSRYS5870973,D,S,T,2024-10-16,1000000.00,4.385931,96.5625
08:00:35,912810UD8,TSRYS5870973,D,S,T,2024-10-16,1000000.00,4.385931,96.5625
08:00:35,912810UD8,TSRYS5870973,D,S,T,2024-10-16,1000000.00,4.385931,96.5625
08:00:35,912810UD8,TSRYS5870973,D,S,T,2024-10-16,1000000.00,4.385931,96.5625
08:00:35,912810UD8,TSRYS5870973,D,S,T,2024-10-16,1000000.00,4.385931,96.5625
08:00:35,912810UD8,TSRYS5870973,D,S,T,2024-10-16,1000000.00,4.385931,96.5625
08:00:35,912810UD8,TSRYS5870973,D,S,T,2024-10-16,1000000.00,4.385931,96.5625
08:00:35,912810UD8,TSRYS5870973,D,S,T,2024-10-16,1000000.00,4.385931,96.5625
08:00:35,912810UD8,TSRYS5870973,D,S,T,2024-10-16,2000000.00,4.385931,96.5625
08:00:35,912810UD8,TSRYS5870973,D,S,T,2024-10-16,1000000.00,4.385931,96.5625
08:00:35,912810UD8,TSRYS5870973,D,S,T,2024-10-16,1000000.00,4.384716,96.578125
08:00:35,912810UD8,TSRYS5870973,D,S,T,2024-10-16,1000000.00,4.384716,96.578125
08:00:35,912810UD8,TSRYS5870973,D,S,T,2024-10-16,1000000.00,4.384716,96.578125
08:00:35,912810UD8,TSRYS5870973,D,S,T,2024-10-16,1000000.00,4.384716,96.578125
08:00:36,912810UD8,TSRYS5870973,D,S,A,2024-10-16,200000.00,4.35292,96.98828125
08:00:36,912810UD8,TSRYS5870973,D,S,T,2024-10-16,6000000.00,4.382793,96.602864583
08:00:36,912810UD8,TSRYS5870973,D,B,C,2024-10-16,569000.00,4.356545,96.94140625
08:00:36,912810UD8,TSRYS5870973,D,B,C,2024-10-16,634000.00,4.356545,96.94140625
08:00:37,912810UD8,TSRYS5870973,D,S,A,2024-10-16,1570000.00,4.358056,96.921875
08:00:37,912810UD8,TSRYS5870973,D,S,A,2024-10-16,280000.00,4.363802,96.84765625
08:00:37,912810UD8,TSRYS5870973,D,S,A,2024-10-16,4000000.00,4.364123,96.84375
08:00:37,912810UD8,TSRYS5870973,D,S,D,2024-10-16,1000000.00,4.355941,96.94921875
08:00:37,912810UD8,TSRYS5870973,D,S,D,2024-10-16,1000000.00,4.355639,96.953125
08:00:37,912810UD8,TSRYS5870973,D,S,D,2024-10-16,1000000.00,4.355639,96.953125
08:00:37,912810UD8,TSRYS5870973,D,S,D,2024-10-16,1000000.00,4.355941,96.94921875
08:00:37,912810UD8,TSRYS5870973,D,S,D,2024-10-16,1000000.00,4.355639,96.953125
08:00:37,912810UD8,TSRYS5870973,D,S,D,2024-10-16,1000000.00,4.355639,96.953125
08:00:37,912810UD8,TSRYS5870973,D,S,D,2024-10-16,1000000.00,4.355639,96.953125
08:00:37,912810UD8,TSRYS5870973,D,S,A,2024-10-16,989000.00,4.361987,96.87109375
08:00:38,912810UD8,TSRYS5870973,D,S,C,2024-10-16,1000000.00,4.355639,96.953125
08:00:38,912810UD8,TSRYS5870973,D,S,D,2024-10-16,1000000.00,4.356847,96.9375
08:00:38,912810UD8,TSRYS5870973,D,S,D,2024-10-16,1000000.00,4.356847,96.9375
08:00:39,912810UD8,TSRYS5870973,D,S,C,2024-10-16,1000000.00,4.353826,96.9765625
08:00:42,912810UD8,TSRYS5870973,D,S,A,2024-10-16,5000000.00,4.361382,96.87890625
08:00:42,912810UD8,TSRYS5870973,D,B,C,2024-10-16,1000000.00,4.349599,97.03125
08:00:42,912810UD8,TSRYS5870973,D,S,D,2024-10-16,1000000.00,4.349576,97.03155
08:00:42,912810UD8,TSRYS5870973,D,S,A,2024-10-16,93000.00,4.355639,96.953125
08:00:42,912810UD8,TSRYS5870973,D,S,A,2024-10-16,9800000.00,4.35443,96.96875
08:00:42,912810UD8,TSRYS5870973,D,S,A,2024-10-16,235000.00,4.35443,96.96875
08:00:43,912810UD8,TSRYS5870973,D,B,C,2024-10-16,1000000.00,4.349599,97.03125
08:00:43,912810UD8,TSRYS5870973,D,S,D,2024-10-16,1000000.00,4.349901,97.02734375
08:00:43,912810UD8,TSRYS5870973,D,B,C,2024-10-16,1000000.00,4.349901,97.02734375
08:00:43,912810UD8,TSRYS5870973,D,S,D,2024-10-16,1000000.00,4.349599,97.03125
08:00:44,912810UD8,TSRYS5870973,D,S,D,2024-10-16,500000.00,4.347185,97.0625
08:00:44,912810UD8,TSRYS5870973,D,S,D,2024-10-16,496000.00,4.347487,97.05859375
08:00:47,912810UD8,TSRYS5870973,D,S,C,2024-10-16,100000.00,4.353191,96.984775
08:00:52,912810UD8,TSRYS5870973,D,S,D,2024-10-16,100000.00,,96.984775
08:00:52,912810UD8,TSRYS5870973,D,S,A,2024-10-16,300000.00,4.381984,96.61328125
08:00:57,912810UD8,TSRYS5870973,D,B,A,2024-10-16,490000.00,4.355941,96.94921875
08:00:57,912810UD8,TSRYS5870973,D,B,A,2024-10-16,150000.00,4.356545,96.94140625
08:00:57,912810UD8,TSRYS5870973,D,B,A,2024-10-16,1430000.00,4.356243,96.9453125
08:00:59,912810UD8,TSRYS5870973,D,S,A,2024-10-16,1800000.00,4.368645,96.78515625
08:01:00,912810UD8,TSRYS5870973,D,S,D,2024-10-16,100000.00,4.349599,97.03125
08:01:01,912810UD8,TSRYS5870973,D,S,T,2024-10-16,1000000.00,4.352924,96.98823125
08:01:01,912810UD8,TSRYS5870973,D,S,T,2024-10-16,1000000.00,4.357002,96.935496875
08:01:01,912810UD8,TSRYS5870973,D,S,T,2024-10-16,1000000.00,4.357305,96.931590625
08:01:01,912810UD8,TSRYS5870973,D,S,T,2024-10-16,1000000.00,4.357002,96.935496875
08:01:01,912810UD8,TSRYS5870973,D,S,D,2024-10-16,1000000.00,4.382288,96.609375
08:01:01,912810UD8,TSRYS5870973,D,S,D,2024-10-16,1000000.00,4.385324,96.5703125
08:01:01,912810UD8,TSRYS5870973,D,S,D,2024-10-16,1000000.00,4.388969,96.5234375
08:01:01,912810UD8,TSRYS5870973,D,S,C,2024-10-16,1000000.00,4.37804,96.6640625
08:01:01,912810UD8,TSRYS5870973,D,B,C,2024-10-16,1000000.00,4.37804,96.6640625
08:01:01,912810UD8,TSRYS5870973,D,S,D,2024-10-16,1000000.00,4.381074,96.625
08:01:01,912810UD8,TSRYS5870973,D,B,C,2024-10-16,1000000.00,4.381074,96.625
08:01:01,912810UD8,TSRYS5870973,D,S,C,2024-10-16,1000000.00,4.381074,96.625
08:01:01,912810UD8,TSRYS5870973,D,B,C,2024-10-16,1000000.00,4.381074,96.625
08:01:01,912810UD8,TSRYS5870973,D,B,C,2024-10-16,1000000.00,4.381074,96.625
08:01:01,912810UD8,TSRYS5870973,D,S,D,2024-10-16,1000000.00,4.381074,96.625
08:01:02,912810UD8,TSRYS5870973,D,S,D,2024-10-16,1000000.00,4.381074,96.625
08:01:02,912810UD8,TSRYS5870973,D,S,D,2024-10-16,1000000.00,4.381074,96.625
08:01:02,912810UD8,TSRYS5870973,D,B,C,2024-10-16,1000000.00,4.381074,96.625
08:01:02,912810UD8,TSRYS5870973,D,B,C,2024-10-16,1000000.00,4.378646,96.65625
08:01:02,912810UD8,TSRYS5870973,D,B,C,2024-10-16,1000000.00,4.381074,96.625
08:01:02,912810UD8,TSRYS5870973,D,B,C,2024-10-16,1000000.00,4.381074,96.625
08:01:02,912810UD8,TSRYS5870973,D,B,C,2024-10-16,1000000.00,4.381074,96.625
08:01:02,912810UD8,TSRYS5870973,D,B,C,2024-10-16,1000000.00,4.378646,96.65625
08:01:02,912810UD8,TSRYS5870973,D,S,D,2024-10-16,1000000.00,4.381074,96.625
08:01:02,912810UD8,TSRYS5870973,D,S,D,2024-10-16,1000000.00,4.381074,96.625
08:01:02,912810UD8,TSRYS5870973,D,B,C,2024-10-16,1000000.00,4.381074,96.625
08:01:02,912810UD8,TSRYS5870973,D,B,C,2024-10-16,1000000.00,4.378646,96.65625
08:01:02,912810UD8,TSRYS5870973,D,B,C,2024-10-16,1000000.00,4.381074,96.625
08:01:02,912810UD8,TSRYS5870973,D,S,D,2024-10-16,1000000.00,4.378646,96.65625
08:01:02,912810UD8,TSRYS5870973,D,S,D,2024-10-16,1000000.00,4.378646,96.65625
08:01:02,912810UD8,TSRYS5870973,D,S,D,2024-10-16,1000000.00,4.381074,96.625
08:01:02,912810UD8,TSRYS5870973,D,B,C,2024-10-16,1000000.00,4.378646,96.65625
08:01:02,912810UD8,TSRYS5870973,D,S,D,2024-10-16,1000000.00,4.381074,96.625
08:01:02,912810UD8,TSRYS5870973,D,B,C,2024-10-16,1000000.00,4.378646,96.65625
08:01:02,912810UD8,TSRYS5870973,D,B,C,2024-10-16,1000000.00,4.381074,96.625
08:01:02,912810UD8,TSRYS5870973,D,S,D,2024-10-16,1000000.00,4.378646,96.65625
08:01:02,912810UD8,TSRYS5870973,D,S,D,2024-10-16,1000000.00,4.381074,96.625
08:01:02,912810UD8,TSRYS5870973,D,S,D,2024-10-16,1000000.00,4.378646,96.65625
08:01:02,912810UD8,TSRYS5870973,D,S,D,2024-10-16,1000000.00,4.378646,96.65625
08:01:02,912810UD8,TSRYS5870973,D,S,D,2024-10-16,1000000.00,4.378646,96.65625
08:01:02,912810UD8,TSRYS5870973,D,B,C,2024-10-16,1000000.00,4.378646,96.65625
08:01:02,912810UD8,TSRYS5870973,D,B,A,2024-10-16,9800000.00,4.35443,96.96875
08:01:02,912810UD8,TSRYS5870973,D,S,T,2024-10-16,1000000.00,4.352014,97.0
08:01:02,912810UD8,TSRYS5870973,D,S,T,2024-10-16,1000000.00,4.352014,97.0
08:01:02,912810UD8,TSRYS5870973,D,S,T,2024-10-16,1000000.00,4.352014,97.0
08:01:02,912810UD8,TSRYS5870973,D,S,T,2024-10-16,1000000.00,4.352014,97.0
08:01:02,912810UD8,TSRYS5870973,D,S,T,2024-10-16,1000000.00,4.352014,97.0
08:01:02,912810UD8,TSRYS5870973,D,S,T,2024-10-16,2000000.00,4.352014,97.0
08:01:02,912810UD8,TSRYS5870973,D,S,T,2024-10-16,1000000.00,4.352014,97.0
08:01:02,912810UD8,TSRYS5870973,D,S,T,2024-10-16,1000000.00,4.352014,97.0
08:01:02,912810UD8,TSRYS5870973,D,S,T,2024-10-16,1000000.00,4.352014,97.0
08:01:02,912810UD8,TSRYS5870973,D,S,D,2024-10-16,1000000.00,4.381984,96.61328125
08:01:03,912810UD8,TSRYS5870973,D,S,C,2024-10-16,1000000.00,4.382591,96.60546875
08:01:03,912810UD8,TSRYS5870973,D,S,D,2024-10-16,1000000.00,4.381074,96.625
08:01:03,912810UD8,TSRYS5870973,D,S,C,2024-10-16,1000000.00,4.357754,96.92578125
08:01:03,912810UD8,TSRYS5870973,D,B,C,2024-10-16,1000000.00,4.357754,96.92578125
08:01:03,912810UD8,TSRYS5870973,D,B,C,2024-10-16,1000000.00,4.355337,96.95703125
08:01:03,912810UD8,TSRYS5870973,D,B,C,2024-10-16,1000000.00,4.351712,97.00390625
08:01:03,912810UD8,TSRYS5870973,D,S,C,2024-10-16,1000000.00,4.355337,96.95703125
08:01:03,912810UD8,TSRYS5870973,D,S,C,2024-10-16,1000000.00,4.351411,97.0078125
08:01:03,912810UD8,TSRYS5870973,D,S,D,2024-10-16,1000000.00,4.351712,97.00390625
08:01:03,912810UD8,TSRYS5870973,D,S,D,2024-10-16,1000000.00,4.351411,97.0078125
08:01:03,912810UD8,TSRYS5870973,D,S,D,2024-10-16,1000000.00,4.351411,97.0078125
08:01:03,912810UD8,TSRYS5870973,D,S,D,2024-10-16,1000000.00,4.351411,97.0078125
08:01:03,912810UD8,TSRYS5870973,D,B,C,2024-10-16,1000000.00,4.350505,97.01953125
08:01:03,912810UD8,TSRYS5870973,D,S,D,2024-10-16,1000000.00,4.350505,97.01953125
08:01:03,912810UD8,TSRYS5870973,D,S,D,2024-10-16,1000000.00,4.350505,97.01953125
08:01:03,912810UD8,TSRYS5870973,D,S,D,2024-10-16,1000000.00,4.353222,96.984375
08:01:03,912810UD8,TSRYS5870973,D,B,C,2024-10-16,1000000.00,4.353222,96.984375
08:01:03,912810UD8,TSRYS5870973,D,S,D,2024-10-16,1000000.00,4.353222,96.984375
08:01:03,912810UD8,TSRYS5870973,D,B,C,2024-10-16,1000000.00,4.353222,96.984375
08:01:03,912810UD8,TSRYS5870973,D,B,C,2024-10-16,1000000.00,4.353222,96.984375
08:01:03,912810UD8,TSRYS5870973,D,S,D,2024-10-16,1000000.00,4.353222,96.984375
08:01:03,912810UD8,TSRYS5870973,D,S,D,2024-10-16,1000000.00,4.353222,96.984375
08:01:03,912810UD8,TSRYS5870973,D,B,C,2024-10-16,1000000.00,4.353222,96.984375
08:01:03,912810UD8,TSRYS5870973,D,S,D,2024-10-16,1000000.00,4.356847,96.9375
08:01:03,912810UD8,TSRYS5870973,D,B,C,2024-10-16,1000000.00,4.356847,96.9375
08:01:03,912810UD8,TSRYS5870973,D,S,D,2024-10-16,1000000.00,4.356847,96.9375
08:01:03,912810UD8,TSRYS5870973,D,B,C,2024-10-16,1000000.00,4.356847,96.9375
08:01:03,912810UD8,TSRYS5870973,D,B,C,2024-10-16,1000000.00,4.356847,96.9375
08:01:03,912810UD8,TSRYS5870973,D,S,D,2024-10-16,1000000.00,4.356847,96.9375
08:01:03,912810UD8,TSRYS5870973,D,B,C,2024-10-16,1000000.00,4.356847,96.9375
08:01:03,912810UD8,TSRYS5870973,D,S,D,2024-10-16,1000000.00,4.356847,96.9375
08:01:03,912810UD8,TSRYS5870973,D,S,D,2024-10-16,1000000.00,4.356847,96.9375
08:01:03,912810UD8,TSRYS5870973,D,B,C,2024-10-16,1000000.00,4.356847,96.9375
08:01:03,912810UD8,TSRYS5870973,D,B,C,2024-10-16,1000000.00,4.356847,96.9375
08:01:03,912810UD8,TSRYS5870973,D,S,D,2024-10-16,1000000.00,4.356847,96.9375
08:01:03,912810UD8,TSRYS5870973,D,B,C,2024-10-16,1000000.00,4.356847,96.9375
08:01:03,912810UD8,TSRYS5870973,D,S,D,2024-10-16,1000000.00,4.356847,96.9375
08:01:03,912810UD8,TSRYS5870973,D,B,C,2024-10-16,1000000.00,4.356847,96.9375
08:01:03,912810UD8,TSRYS5870973,D,S,D,2024-10-16,1000000.00,4.356847,96.9375
08:01:03,912810UD8,TSRYS5870973,D,S,D,2024-10-16,1000000.00,4.356847,96.9375
08:01:03,912810UD8,TSRYS5870973,D,S,A,2024-10-16,400000.00,4.382591,96.60546875
08:01:03,912810UD8,TSRYS5870973,D,S,D,2024-10-16,1000000.00,4.356847,96.9375
08:01:03,912810UD8,TSRYS5870973,D,B,C,2024-10-16,1000000.00,4.356847,96.9375
08:01:03,912810UD8,TSRYS5870973,D,B,C,2024-10-16,1000000.00,4.356847,96.9375
08:01:03,912810UD8,TSRYS5870973,D,S,D,2024-10-16,1000000.00,4.356847,96.9375
08:01:03,912810UD8,TSRYS5870973,D,S,D,2024-10-16,1000000.00,4.364105,96.84375
08:01:03,912810UD8,TSRYS5870973,D,B,C,2024-10-16,1000000.00,4.364105,96.84375
08:01:03,912810UD8,TSRYS5870973,D,S,D,2024-10-16,1000000.00,4.364105,96.84375
08:01:03,912810UD8,TSRYS5870973,D,B,C,2024-10-16,1000000.00,4.364105,96.84375
08:01:03,912810UD8,TSRYS5870973,D,S,D,2024-10-16,1000000.00,4.363802,96.84765625
08:01:03,912810UD8,TSRYS5870973,D,B,C,2024-10-16,1000000.00,4.363802,96.84765625
08:01:03,912810UD8,TSRYS5870973,D,S,D,2024-10-16,1000000.00,4.362895,96.859375
08:01:03,912810UD8,TSRYS5870973,D,B,C,2024-10-16,1000000.00,4.362895,96.859375
08:01:03,912810UD8,TSRYS5870973,D,S,D,2024-10-16,1000000.00,4.362895,96.859375
08:01:03,912810UD8,TSRYS5870973,D,B,C,2024-10-16,1000000.00,4.362895,96.859375
08:01:03,912810UD8,TSRYS5870973,D,S,C,2024-10-16,1000000.00,4.363197,96.85546875
08:01:03,912810UD8,TSRYS5870973,D,B,C,2024-10-16,1000000.00,4.363197,96.85546875
08:01:03,912810UD8,TSRYS5870973,D,B,C,2024-10-16,1000000.00,4.3635,96.8515625
08:01:03,912810UD8,TSRYS5870973,D,S,D,2024-10-16,1000000.00,4.3635,96.8515625
08:01:03,912810UD8,TSRYS5870973,D,B,C,2024-10-16,1000000.00,4.364105,96.84375
08:01:03,912810UD8,TSRYS5870973,D,S,D,2024-10-16,1000000.00,4.364105,96.84375
08:01:03,912810UD8,TSRYS5870973,D,S,D,2024-10-16,2000000.00,4.361685,96.875
08:01:03,912810UD8,TSRYS5870973,D,S,D,2024-10-16,1000000.00,4.361685,96.875
08:01:03,912810UD8,TSRYS5870973,D,B,C,2024-10-16,1000000.00,4.35443,96.96875
08:01:03,912810UD8,TSRYS5870973,D,S,D,2024-10-16,1000000.00,4.35443,96.96875
08:01:03,912810UD8,TSRYS5870973,D,B,C,2024-10-16,1000000.00,4.35443,96.96875
08:01:03,912810UD8,TSRYS5870973,D,S,D,2024-10-16,1000000.00,4.35443,96.96875
08:01:03,912810UD8,TSRYS5870973,D,B,C,2024-10-16,1000000.00,4.35443,96.96875
08:01:03,912810UD8,TSRYS5870973,D,B,C,2024-10-16,1000000.00,4.35443,96.96875
08:01:03,912810UD8,TSRYS5870973,D,S,D,2024-10-16,1000000.00,4.35443,96.96875
08:01:03,912810UD8,TSRYS5870973,D,S,D,2024-10-16,1000000.00,4.35443,96.96875
08:01:03,912810UD8,TSRYS5870973,D,B,C,2024-10-16,1000000.00,4.35443,96.96875
08:01:03,912810UD8,TSRYS5870973,D,S,D,2024-10-16,1000000.00,4.35443,96.96875
08:01:03,912810UD8,TSRYS5870973,D,B,C,2024-10-16,1000000.00,4.35443,96.96875
08:01:03,912810UD8,TSRYS5870973,D,S,D,2024-10-16,1000000.00,4.35443,96.96875
08:01:03,912810UD8,TSRYS5870973,D,B,C,2024-10-16,1000000.00,4.35443,96.96875
08:01:03,912810UD8,TSRYS5870973,D,S,D,2024-10-16,1000000.00,4.35443,96.96875
08:01:03,912810UD8,TSRYS5870973,D,B,C,2024-10-16,1000000.00,4.35443,96.96875
08:01:03,912810UD8,TSRYS5870973,D,S,D,2024-10-16,1000000.00,4.35443,96.96875
08:01:04,912810UD8,TSRYS5870973,D,B,C,2024-10-16,1000000.00,4.35443,96.96875
08:01:04,912810UD8,TSRYS5870973,D,S,D,2024-10-16,1000000.00,4.35443,96.96875
08:01:04,912810UD8,TSRYS5870973,D,B,C,2024-10-16,1000000.00,4.352014,97.0
08:01:04,912810UD8,TSRYS5870973,D,S,D,2024-10-16,1000000.00,4.352014,97.0
08:01:04,912810UD8,TSRYS5870973,D,B,C,2024-10-16,1000000.00,4.352014,97.0
08:01:04,912810UD8,TSRYS5870973,D,B,C,2024-10-16,1000000.00,4.352014,97.0
08:01:04,912810UD8,TSRYS5870973,D,S,D,2024-10-16,1000000.00,4.352014,97.0
08:01:04,912810UD8,TSRYS5870973,D,S,D,2024-10-16,1000000.00,4.352014,97.0
08:01:04,912810UD8,TSRYS5870973,D,B,C,2024-10-16,1000000.00,4.352014,97.0
08:01:04,912810UD8,TSRYS5870973,D,S,D,2024-10-16,1000000.00,4.352014,97.0
08:01:04,912810UD8,TSRYS5870973,D,S,D,2024-10-16,1000000.00,4.352014,97.0
08:01:04,912810UD8,TSRYS5870973,D,B,C,2024-10-16,1000000.00,4.352014,97.0
08:01:04,912810UD8,TSRYS5870973,D,S,D,2024-10-16,1000000.00,4.352014,97.0
08:01:04,912810UD8,TSRYS5870973,D,B,C,2024-10-16,1000000.00,4.352014,97.0
08:01:04,912810UD8,TSRYS5870973,D,B,C,2024-10-16,1000000.00,4.352014,97.0
08:01:04,912810UD8,TSRYS5870973,D,S,D,2024-10-16,1000000.00,4.352014,97.0
08:01:04,912810UD8,TSRYS5870973,D,S,D,2024-10-16,1000000.00,4.352316,96.99609375
08:01:04,912810UD8,TSRYS5870973,D,B,C,2024-10-16,1000000.00,4.352014,97.0
08:01:04,912810UD8,TSRYS5870973,D,S,D,2024-10-16,1000000.00,4.352014,97.0
08:01:04,912810UD8,TSRYS5870973,D,B,C,2024-10-16,1000000.00,4.352014,97.0
08:01:04,912810UD8,TSRYS5870973,D,B,C,2024-10-16,1000000.00,4.352014,97.0
08:01:04,912810UD8,TSRYS5870973,D,S,D,2024-10-16,1000000.00,4.352014,97.0
08:01:04,912810UD8,TSRYS5870973,D,S,D,2024-10-16,1000000.00,4.350807,97.015625
08:01:04,912810UD8,TSRYS5870973,D,S,D,2024-10-16,1000000.00,4.352014,97.0
08:01:04,912810UD8,TSRYS5870973,D,B,C,2024-10-16,1000000.00,4.350807,97.015625
08:01:04,912810UD8,TSRYS5870973,D,S,D,2024-10-16,1000000.00,4.353222,96.984375
08:01:04,912810UD8,TSRYS5870973,D,S,C,2024-10-16,1000000.00,4.358359,96.91796875
08:01:04,912810UD8,TSRYS5870973,D,B,C,2024-10-16,1000000.00,4.358359,96.91796875
08:01:04,912810UD8,TSRYS5870973,D,S,D,2024-10-16,1000000.00,4.358359,96.91796875
08:01:04,912810UD8,TSRYS5870973,D,B,C,2024-10-16,1000000.00,4.358359,96.91796875
08:01:04,912810UD8,TSRYS5870973,D,S,D,2024-10-16,1000000.00,4.358359,96.91796875
08:01:04,912810UD8,TSRYS5870973,D,B,C,2024-10-16,1000000.00,4.358359,96.91796875
08:01:04,912810UD8,TSRYS5870973,D,S,C,2024-10-16,1000000.00,4.358359,96.91796875
08:01:04,912810UD8,TSRYS5870973,D,B,C,2024-10-16,1000000.00,4.358359,96.91796875
08:01:04,912810UD8,TSRYS5870973,D,S,C,2024-10-16,1000000.00,4.358661,96.9140625
08:01:04,912810UD8,TSRYS5870973,D,S,D,2024-10-16,1000000.00,4.358963,96.91015625
08:01:04,912810UD8,TSRYS5870973,D,B,C,2024-10-16,1000000.00,4.358661,96.9140625
08:01:04,912810UD8,TSRYS5870973,D,S,D,2024-10-16,1000000.00,4.358963,96.91015625
08:01:04,912810UD8,TSRYS5870973,D,B,C,2024-10-16,1000000.00,4.358963,96.91015625
08:01:04,912810UD8,TSRYS5870973,D,B,C,2024-10-16,1000000.00,4.356243,96.9453125
08:01:04,912810UD8,TSRYS5870973,D,B,C,2024-10-16,1000000.00,4.358963,96.91015625
08:01:04,912810UD8,TSRYS5870973,D,S,D,2024-10-16,1000000.00,4.356243,96.9453125
08:01:04,912810UD8,TSRYS5870973,D,B,C,2024-10-16,1000000.00,4.355941,96.94921875
08:01:04,912810UD8,TSRYS5870973,D,S,C,2024-10-16,1000000.00,4.355941,96.94921875
08:01:04,912810UD8,TSRYS5870973,D,S,D,2024-10-16,1000000.00,4.356243,96.9453125
08:01:04,912810UD8,TSRYS5870973,D,B,C,2024-10-16,1000000.00,4.356243,96.9453125
08:01:04,912810UD8,TSRYS5870973,D,S,D,2024-10-16,1000000.00,4.355639,96.953125
08:01:04,912810UD8,TSRYS5870973,D,S,D,2024-10-16,1000000.00,4.355941,96.94921875
08:01:04,912810UD8,TSRYS5870973,D,S,D,2024-10-16,1000000.00,4.355941,96.94921875
08:01:04,912810UD8,TSRYS5870973,D,S,D,2024-10-16,1000000.00,4.355639,96.953125
08:01:04,912810UD8,TSRYS5870973,D,S,D,2024-10-16,1000000.00,4.355941,96.94921875
08:01:04,912810UD8,TSRYS5870973,D,B,C,2024-10-16,1000000.00,4.355941,96.94921875
08:01:04,912810UD8,TSRYS5870973,D,S,D,2024-10-16,1000000.00,4.355639,96.953125
08:01:04,912810UD8,TSRYS5870973,D,S,D,2024-10-16,1000000.00,4.355639,96.953125
08:01:04,912810UD8,TSRYS5870973,D,B,C,2024-10-16,1000000.00,4.355639,96.953125
08:01:04,912810UD8,TSRYS5870973,D,B,C,2024-10-16,1000000.00,4.355639,96.953125
08:01:04,912810UD8,TSRYS5870973,D,S,D,2024-10-16,1000000.00,4.356243,96.9453125
08:01:04,912810UD8,TSRYS5870973,D,B,C,2024-10-16,1000000.00,4.356243,96.9453125
08:01:04,912810UD8,TSRYS5870973,D,S,D,2024-10-16,1000000.00,4.355639,96.953125
08:01:04,912810UD8,TSRYS5870973,D,S,D,2024-10-16,1000000.00,4.355639,96.953125
08:01:04,912810UD8,TSRYS5870973,D,S,D,2024-10-16,1000000.00,4.356847,96.9375
08:01:04,912810UD8,TSRYS5870973,D,B,C,2024-10-16,1000000.00,4.356847,96.9375
08:01:04,912810UD8,TSRYS5870973,D,B,C,2024-10-16,1000000.00,4.355639,96.953125
08:01:04,912810UD8,TSRYS5870973,D,B,C,2024-10-16,1000000.00,4.356847,96.9375
08:01:04,912810UD8,TSRYS5870973,D,S,D,2024-10-16,1000000.00,4.356847,96.9375
08:01:04,912810UD8,TSRYS5870973,D,S,C,2024-10-16,1000000.00,4.356847,96.9375
08:01:04,912810UD8,TSRYS5870973,D,S,D,2024-10-16,1000000.00,4.356847,96.9375
08:01:10,912810UD8,TSRYS5870973,D,B,A,2024-10-16,3000000.00,4.358056,96.921875
08:01:11,912810UD8,TSRYS5870973,D,S,A,2024-10-16,1175000.00,4.353524,96.98046875
08:01:11,912810UD8,TSRYS5870973,D,S,D,2024-10-16,3000000.00,4.382233,96.610075
08:01:11,912810UD8,TSRYS5870973,D,S,D,2024-10-16,1000000.00,4.385269,96.5710125
08:01:11,912810UD8,TSRYS5870973,D,S,D,2024-10-16,3000000.00,4.388915,96.5241375
08:01:11,912810UD8,TSRYS5870973,D,S,D,2024-10-16,1000000.00,4.356793,96.9382
08:01:14,912810UD8,TSRYS5870973,D,S,T,2024-10-16,4150000.00,4.429832,96.0
08:01:14,912810UD8,TSRYS5870973,D,S,T,2024-10-16,10350000.00,4.429832,96.0
08:01:16,912810UD8,TSRYS5870973,D,S,C,2024-10-16,200000.00,4.350052,97.027890625
08:01:17,912810UD8,TSRYS5870973,D,S,A,2024-10-16,250000.00,4.351109,97.01171875
08:01:19,912810UD8,TSRYS5870973,D,S,D,2024-10-16,1000000.00,4.379253,96.6484375
08:01:19,912810UD8,TSRYS5870973,D,B,A,2024-10-16,1100000.00,4.373158,96.7269625
08:01:19,912810UD8,TSRYS5870973,D,S,C,2024-10-16,129000.00,4.356243,96.9453125
08:01:21,912810UD8,TSRYS5870973,D,S,A,2024-10-16,500000.00,4.347185,97.0625
08:01:21,912810UD8,TSRYS5870973,D,S,A,2024-10-16,496000.00,4.347487,97.05859375
08:01:21,912810UD8,TSRYS5870973,D,S,D,2024-10-16,1000000.00,4.353826,96.9765625
08:01:21,912810UD8,TSRYS5870973,D,B,C,2024-10-16,1000000.00,4.353826,96.9765625
08:01:21,912810UD8,TSRYS5870973,D,B,C,2024-10-16,1000000.00,4.353826,96.9765625
08:01:21,912810UD8,TSRYS5870973,D,S,D,2024-10-16,1000000.00,4.353826,96.9765625
08:01:23,912810UD8,TSRYS5870973,D,S,D,2024-10-16,1000000.00,4.349599,97.03125
08:01:24,912810UD8,TSRYS5870973,D,S,D,2024-10-16,10350000.00,4.429832,96.0
08:01:24,912810UD8,TSRYS5870973,D,S,D,2024-10-16,4150000.00,4.429832,96.0
08:01:25,912810UD8,TSRYS5870973,D,S,A,2024-10-16,2000000.00,4.383805,96.58984375
08:01:26,912810UD8,TSRYS5870973,D,S,A,2024-10-16,5000000.00,4.349599,97.03125
08:01:26,912810UD8,TSRYS5870973,D,S,A,2024-10-16,589000.00,4.351712,97.00390625
08:01:26,912810UD8,TSRYS5870973,D,B,A,2024-10-16,2000000.00,4.378343,96.66015625
08:01:26,912810UD8,TSRYS5870973,D,S,T,2024-10-16,1000000.00,4.381084,96.62487
08:01:26,912810UD8,TSRYS5870973,D,S,T,2024-10-16,1000000.00,4.381084,96.62487
08:01:27,912810UD8,TSRYS5870973,D,S,T,2024-10-16,1000000.00,4.347185,97.0625
08:01:27,912810UD8,TSRYS5870973,D,S,T,2024-10-16,1000000.00,4.347789,97.0546875
08:01:27,912810UD8,TSRYS5870973,D,S,T,2024-10-16,1000000.00,4.349901,97.02734375
08:01:27,912810UD8,TSRYS5870973,D,S,T,2024-10-16,1000000.00,4.349901,97.02734375
08:01:30,912810UD8,TSRYS5870973,D,S,D,2024-10-16,1000000.00,4.382288,96.609375
08:01:30,912810UD8,TSRYS5870973,D,S,D,2024-10-16,1000000.00,4.351411,97.0078125
08:01:30,912810UD8,TSRYS5870973,D,S,D,2024-10-16,1000000.00,4.351411,97.0078125
08:01:30,912810UD8,TSRYS5870973,D,S,D,2024-10-16,1000000.00,4.351411,97.0078125
08:01:30,912810UD8,TSRYS5870973,D,S,T,2024-10-16,1000000.00,4.350818,97.015473
08:01:30,912810UD8,TSRYS5870973,D,S,D,2024-10-16,1000000.00,4.35126,97.00976562
08:01:30,912810UD8,TSRYS5870973,D,S,D,2024-10-16,1000000.00,4.351411,97.0078125
08:01:30,912810UD8,TSRYS5870973,D,S,T,2024-10-16,1000000.00,4.350818,97.015473
08:01:30,912810UD8,TSRYS5870973,D,S,D,2024-10-16,1000000.00,4.351411,97.0078125
08:01:30,912810UD8,TSRYS5870973,D,S,D,2024-10-16,1000000.00,4.351411,97.0078125
08:01:30,912810UD8,TSRYS5870973,D,S,D,2024-10-16,1000000.00,4.351411,97.0078125
08:01:31,912810UD8,TSRYS5870973,D,S,T,2024-10-16,1000000.00,4.349611,97.031098
08:01:31,912810UD8,TSRYS5870973,D,S,T,2024-10-16,1000000.00,4.349611,97.031098
08:01:33,912810UD8,TSRYS5870973,D,S,D,2024-10-16,1000000.00,4.388969,96.5234375
08:01:35,912810UD8,TSRYS5870973,D,S,D,2024-10-16,2000000.00,4.361685,96.875
08:01:35,912810UD8,TSRYS5870973,D,S,D,2024-10-16,1000000.00,4.361685,96.875
08:01:35,912810UD8,TSRYS5870973,D,S,T,2024-10-16,1000000.00,4.361685,96.875
08:01:35,912810UD8,TSRYS5870973,D,S,T,2024-10-16,1000000.00,4.361685,96.875
08:01:35,912810UD8,TSRYS5870973,D,S,T,2024-10-16,1000000.00,4.361685,96.875
08:01:35,912810UD8,TSRYS5870973,D,S,T,2024-10-16,3000000.00,4.361696,96.874848
08:01:35,912810UD8,TSRYS5870973,D,S,T,2024-10-16,1000000.00,4.361696,96.874848
08:01:35,912810UD8,TSRYS5870973,D,S,T,2024-10-16,1000000.00,4.361696,96.874848
08:01:35,912810UD8,TSRYS5870973,D,S,T,2024-10-16,1000000.00,4.361696,96.874848
08:01:35,912810UD8,TSRYS5870973,D,S,T,2024-10-16,1000000.00,4.361685,96.875
08:01:35,912810UD8,TSRYS5870973,D,S,T,2024-10-16,1000000.00,4.361685,96.875
08:01:35,912810UD8,TSRYS5870973,D,S,T,2024-10-16,1000000.00,4.361696,96.874848
08:01:35,912810UD8,TSRYS5870973,D,S,T,2024-10-16,1000000.00,4.361696,96.874848
08:01:35,912810UD8,TSRYS5870973,D,S,T,2024-10-16,1000000.00,4.361696,96.874848
08:01:36,912810UD8,TSRYS5870973,D,S,A,2024-10-16,2000000.00,4.35443,96.96875
08:01:36,912810UD8,TSRYS5870973,D,B,C,2024-10-16,12000000.00,4.350996,97.01318
08:01:36,912810UD8,TSRYS5870973,D,S,A,2024-10-16,1272000.00,4.381681,96.6171875
08:01:36,912810UD8,TSRYS5870973,D,S,A,2024-10-16,550000.00,4.381377,96.62109375
08:01:37,912810UD8,TSRYS5870973,D,S,A,2024-10-16,450000.00,4.382591,96.60546875
08:01:39,912810UD8,TSRYS5870973,D,S,C,2024-10-16,1000000.00,4.382439,96.60742187
08:01:40,912810UD8,TSRYS5870973,D,S,D,2024-10-16,1000000.00,4.382591,96.60546875
08:01:41,912810UD8,TSRYS5870973,D,B,C,2024-10-16,14500000.00,4.429832,96.0
08:01:41,912810UD8,TSRYS5870973,D,S,T,2024-10-16,1000000.00,4.349607,97.031148
08:01:41,912810UD8,TSRYS5870973,D,S,T,2024-10-16,1000000.00,4.349607,97.031148
08:01:41,912810UD8,TSRYS5870973,D,S,T,2024-10-16,1000000.00,4.349607,97.031148
08:01:41,912810UD8,TSRYS5870973,D,S,T,2024-10-16,1000000.00,4.347185,97.0625
08:01:42,912810UD8,TSRYS5870973,D,S,D,2024-10-16,1000000.00,4.382591,96.60546875
08:01:48,912810UD8,TSRYS5870973,D,S,D,2024-10-16,4000000.00,4.381621,96.61796
08:01:48,912810UD8,TSRYS5870973,D,S,D,2024-10-16,1000000.00,4.369402,96.775390625
08:01:48,912810UD8,TSRYS5870973,D,S,D,2024-10-16,1000000.00,4.369402,96.775390625
08:01:48,912810UD8,TSRYS5870973,D,S,D,2024-10-16,1000000.00,4.369402,96.775390625
08:01:48,912810UD8,TSRYS5870973,D,S,D,2024-10-16,1000000.00,4.369402,96.775390625
08:01:49,912810UD8,TSRYS5870973,D,S,A,2024-10-16,2000000.00,4.352014,97.0
08:01:52,912810UD8,TSRYS5870973,D,S,D,2024-10-16,1000000.00,4.352014,97.0
08:01:52,912810UD8,TSRYS5870973,D,S,D,2024-10-16,1000000.00,4.351561,97.005859375
08:01:52,912810UD8,TSRYS5870973,D,S,D,2024-10-16,1000000.00,4.35126,97.009765625
08:01:52,912810UD8,TSRYS5870973,D,S,D,2024-10-16,1000000.00,4.35126,97.009765625
08:01:53,912810UD8,TSRYS5870973,D,S,A,2024-10-16,101000.00,4.360795,96.88671875
08:01:54,912810UD8,TSRYS5870973,D,S,D,2024-10-16,1000000.00,4.350807,97.015625
08:01:54,912810UD8,TSRYS5870973,D,S,D,2024-10-16,1000000.00,4.352165,96.998046875
08:01:55,912810UD8,TSRYS5870973,D,S,D,2024-10-16,1000000.00,4.381074,96.625
08:01:55,912810UD8,TSRYS5870973,D,S,D,2024-10-16,4000000.00,4.378646,96.65625
08:01:56,912810UD8,TSRYS5870973,D,S,C,2024-10-16,100000.00,4.353191,96.989775
08:01:58,912810UD8,TSRYS5870973,D,S,D,2024-10-16,1000000.00,4.358208,96.919921875
08:01:59,912810UD8,TSRYS5870973,D,S,D,2024-10-16,1000000.00,4.362895,96.859375
08:01:59,912810UD8,TSRYS5870973,D,S,D,2024-10-16,1000000.00,4.363802,96.84765625
08:01:59,912810UD8,TSRYS5870973,D,B,C,2024-10-16,1000000.00,4.382301,96.6092
08:01:59,912810UD8,TSRYS5870973,D,S,C,2024-10-16,1000000.00,4.382272,96.609575
08:02:01,912810UD8,TSRYS5870973,D,S,D,2024-10-16,1000000.00,4.361685,96.875
08:02:01,912810UD8,TSRYS5870973,D,S,D,2024-10-16,1000000.00,4.361685,96.875
08:02:01,912810UD8,TSRYS5870973,D,S,D,2024-10-16,1000000.00,4.361685,96.875
08:02:01,912810UD8,TSRYS5870973,D,S,D,2024-10-16,1000000.00,4.361685,96.875
08:02:01,912810UD8,TSRYS5870973,D,S,T,2024-10-16,1000000.00,4.380315,96.634765625
08:02:01,912810UD8,TSRYS5870973,D,S,T,2024-10-16,1000000.00,4.380012,96.638671875
08:02:01,912810UD8,TSRYS5870973,D,S,T,2024-10-16,1000000.00,4.37986,96.640625
08:02:01,912810UD8,TSRYS5870973,D,S,D,2024-10-16,1000000.00,4.361685,96.875
08:02:01,912810UD8,TSRYS5870973,D,S,D,2024-10-16,1000000.00,4.361685,96.875
08:02:01,912810UD8,TSRYS5870973,D,S,D,2024-10-16,1000000.00,4.361685,96.875
08:02:01,912810UD8,TSRYS5870973,D,S,D,2024-10-16,1000000.00,4.361685,96.875
08:02:01,912810UD8,TSRYS5870973,D,S,D,2024-10-16,1000000.00,4.361685,96.875
08:02:01,912810UD8,TSRYS5870973,D,S,D,2024-10-16,1000000.00,4.361685,96.875
08:02:01,912810UD8,TSRYS5870973,D,S,D,2024-10-16,1000000.00,4.361685,96.875
08:02:01,912810UD8,TSRYS5870973,D,S,D,2024-10-16,1000000.00,4.361685,96.875
08:02:01,912810UD8,TSRYS5870973,D,S,D,2024-10-16,1000000.00,4.364105,96.84375
08:02:01,912810UD8,TSRYS5870973,D,S,D,2024-10-16,1000000.00,4.364105,96.84375
08:02:01,912810UD8,TSRYS5870973,D,S,D,2024-10-16,1000000.00,4.350505,97.01953125
08:02:01,912810UD8,TSRYS5870973,D,S,D,2024-10-16,1000000.00,4.349599,97.03125
08:02:01,912810UD8,TSRYS5870973,D,S,T,2024-10-16,1000000.00,4.350807,97.015625
08:02:01,912810UD8,TSRYS5870973,D,S,T,2024-10-16,1000000.00,4.352165,96.998046875
08:02:01,912810UD8,TSRYS5870973,D,S,T,2024-10-16,1000000.00,4.355941,96.94921875
08:02:01,912810UD8,TSRYS5870973,D,S,D,2024-10-16,1000000.00,4.356847,96.9375
08:02:01,912810UD8,TSRYS5870973,D,S,T,2024-10-16,1000000.00,4.36229,96.8671875
08:02:01,912810UD8,TSRYS5870973,D,S,T,2024-10-16,1000000.00,4.36229,96.8671875
08:02:01,912810UD8,TSRYS5870973,D,S,T,2024-10-16,1000000.00,4.361685,96.875
08:02:01,912810UD8,TSRYS5870973,D,S,T,2024-10-16,1000000.00,4.361685,96.875
08:02:01,912810UD8,TSRYS5870973,D,S,T,2024-10-16,1000000.00,4.361685,96.875
08:02:01,912810UD8,TSRYS5870973,D,S,D,2024-10-16,1000000.00,4.352316,96.99609375
08:02:01,912810UD8,TSRYS5870973,D,S,D,2024-10-16,1000000.00,4.353071,96.986328125
08:02:01,912810UD8,TSRYS5870973,D,S,D,2024-10-16,130000.00,4.353071,96.986328125
08:02:01,912810UD8,TSRYS5870973,D,S,T,2024-10-16,1000000.00,4.350807,97.015625
08:02:01,912810UD8,TSRYS5870973,D,S,D,2024-10-16,1000000.00,4.353222,96.984375
08:02:02,912810UD8,TSRYS5870973,D,S,T,2024-10-16,1000000.00,4.356243,96.9453125
08:02:02,912810UD8,TSRYS5870973,D,S,T,2024-10-16,1000000.00,4.357905,96.923828125
08:02:02,912810UD8,TSRYS5870973,D,S,T,2024-10-16,1000000.00,4.356243,96.9453125
08:02:02,912810UD8,TSRYS5870973,D,S,T,2024-10-16,1000000.00,4.356243,96.9453125
08:02:02,912810UD8,TSRYS5870973,D,S,T,2024-10-16,1000000.00,4.356243,96.9453125
08:02:02,912810UD8,TSRYS5870973,D,S,D,2024-10-16,1000000.00,4.362895,96.859375
08:02:02,912810UD8,TSRYS5870973,D,S,D,2024-10-16,1000000.00,4.362895,96.859375
08:02:02,912810UD8,TSRYS5870973,D,S,D,2024-10-16,1000000.00,4.361685,96.875
08:02:02,912810UD8,TSRYS5870973,D,S,D,2024-10-16,1000000.00,4.361685,96.875
08:02:02,912810UD8,TSRYS5870973,D,S,T,2024-10-16,1000000.00,4.355639,96.953125
08:02:02,912810UD8,TSRYS5870973,D,S,D,2024-10-16,1000000.00,4.355639,96.953125
08:02:02,912810UD8,TSRYS5870973,D,S,T,2024-10-16,1000000.00,4.355639,96.953125
08:02:02,912810UD8,TSRYS5870973,D,S,D,2024-10-16,1000000.00,4.355639,96.953125
08:02:02,912810UD8,TSRYS5870973,D,S,T,2024-10-16,1000000.00,4.356243,96.9453125
08:02:02,912810UD8,TSRYS5870973,D,S,T,2024-10-16,1000000.00,4.356092,96.947265625
08:02:02,912810UD8,TSRYS5870973,D,S,D,2024-10-16,2000000.00,4.351109,97.01171875
08:02:02,912810UD8,TSRYS5870973,D,S,T,2024-10-16,1000000.00,4.385931,96.5625
08:02:02,912810UD8,TSRYS5870973,D,S,T,2024-10-16,1000000.00,4.387146,96.546875
08:02:02,912810UD8,TSRYS5870973,D,S,T,2024-10-16,1000000.00,4.387146,96.546875
08:02:02,912810UD8,TSRYS5870973,D,S,T,2024-10-16,1000000.00,4.387146,96.546875
08:02:02,912810UD8,TSRYS5870973,D,S,T,2024-10-16,1000000.00,4.387146,96.546875
08:02:02,912810UD8,TSRYS5870973,D,S,T,2024-10-16,1000000.00,4.382288,96.609375
08:02:02,912810UD8,TSRYS5870973,D,S,D,2024-10-16,1000000.00,4.362895,96.859375
08:02:02,912810UD8,TSRYS5870973,D,S,D,2024-10-16,1000000.00,4.362895,96.859375
08:02:02,912810UD8,TSRYS5870973,D,S,T,2024-10-16,1000000.00,4.377433,96.671875
08:02:02,912810UD8,TSRYS5870973,D,S,T,2024-10-16,1000000.00,4.377433,96.671875
08:02:02,912810UD8,TSRYS5870973,D,S,T,2024-10-16,1000000.00,4.377433,96.671875
08:02:02,912810UD8,TSRYS5870973,D,S,D,2024-10-16,1000000.00,4.362895,96.859375
08:02:02,912810UD8,TSRYS5870973,D,S,D,2024-10-16,1000000.00,4.362895,96.859375
08:02:02,912810UD8,TSRYS5870973,D,S,T,2024-10-16,1000000.00,4.381074,96.625
08:02:02,912810UD8,TSRYS5870973,D,S,T,2024-10-16,1000000.00,4.37986,96.640625
08:02:02,912810UD8,TSRYS5870973,D,S,T,2024-10-16,1000000.00,4.378646,96.65625
08:02:02,912810UD8,TSRYS5870973,D,S,T,2024-10-16,1000000.00,4.373795,96.71875
08:02:02,912810UD8,TSRYS5870973,D,S,T,2024-10-16,1000000.00,4.368948,96.78125
08:02:02,912810UD8,TSRYS5870973,D,S,D,2024-10-16,1000000.00,4.383502,96.59375
08:02:02,912810UD8,TSRYS5870973,D,S,D,2024-10-16,1000000.00,4.383502,96.59375
08:02:02,912810UD8,TSRYS5870973,D,S,T,2024-10-16,1000000.00,4.366526,96.8125
08:02:02,912810UD8,TSRYS5870973,D,S,D,2024-10-16,1000000.00,4.383502,96.59375
08:02:02,912810UD8,TSRYS5870973,D,S,D,2024-10-16,1000000.00,4.383502,96.59375
08:02:02,912810UD8,TSRYS5870973,D,S,C,2024-10-16,3000000.00,4.366276,96.81573
08:02:02,912810UD8,TSRYS5870973,D,S,T,2024-10-16,1000000.00,4.358056,96.921875
08:02:02,912810UD8,TSRYS5870973,D,S,C,2024-10-16,6000000.00,4.366255,96.816
08:02:02,912810UD8,TSRYS5870973,D,S,C,2024-10-16,3000000.00,4.366262,96.81591
08:02:02,912810UD8,TSRYS5870973,D,S,T,2024-10-16,1000000.00,4.353222,96.984375
08:02:02,912810UD8,TSRYS5870973,D,B,C,2024-10-16,1800000.00,4.356847,96.9375
08:02:02,912810UD8,TSRYS5870973,D,S,T,2024-10-16,1000000.00,4.350807,97.015625
08:02:02,912810UD8,TSRYS5870973,D,S,D,2024-10-16,3000000.00,4.37986,96.640625
08:02:02,912810UD8,TSRYS5870973,D,S,T,2024-10-16,1000000.00,4.359266,96.90625
08:02:02,912810UD8,TSRYS5870973,D,S,T,2024-10-16,1000000.00,4.356847,96.9375
08:02:02,912810UD8,TSRYS5870973,D,S,T,2024-10-16,1000000.00,4.356847,96.9375
08:02:02,912810UD8,TSRYS5870973,D,S,T,2024-10-16,1000000.00,4.361685,96.875
08:02:02,912810UD8,TSRYS5870973,D,S,T,2024-10-16,1000000.00,4.361685,96.875
08:02:02,912810UD8,TSRYS5870973,D,S,T,2024-10-16,1000000.00,4.362895,96.859375
08:02:02,912810UD8,TSRYS5870973,D,S,T,2024-10-16,1000000.00,4.362895,96.859375
08:02:02,912810UD8,TSRYS5870973,D,S,T,2024-10-16,1000000.00,4.362895,96.859375
08:02:02,912810UD8,TSRYS5870973,D,S,T,2024-10-16,1000000.00,4.362895,96.859375
08:02:03,912810UD8,TSRYS5870973,D,S,T,2024-10-16,1000000.00,4.355639,96.953125
08:02:03,912810UD8,TSRYS5870973,D,S,T,2024-10-16,1000000.00,4.353222,96.984375
08:02:03,912810UD8,TSRYS5870973,D,S,T,2024-10-16,1000000.00,4.352014,97.0
08:02:03,912810UD8,TSRYS5870973,D,S,T,2024-10-16,1000000.00,4.352014,97.0
08:02:03,912810UD8,TSRYS5870973,D,S,T,2024-10-16,1000000.00,4.352014,97.0
08:02:03,912810UD8,TSRYS5870973,D,S,T,2024-10-16,1000000.00,4.352014,97.0
08:02:03,912810UD8,TSRYS5870973,D,S,C,2024-10-16,1000000.00,4.385931,96.5625
08:02:04,912810UD8,TSRYS5870973,D,S,D,2024-10-16,1000000.00,4.385931,96.5625
08:02:04,912810UD8,TSRYS5870973,D,S,C,2024-10-16,1000000.00,4.385914,96.562725
08:02:04,912810UD8,TSRYS5870973,D,S,D,2024-10-16,1000000.00,4.387146,96.546875
08:02:04,912810UD8,TSRYS5870973,D,B,C,2024-10-16,1000000.00,4.383513,96.5936
08:02:04,912810UD8,TSRYS5870973,D,S,C,2024-10-16,1000000.00,4.387132,96.54705
08:02:04,912810UD8,TSRYS5870973,D,S,C,2024-10-16,1000000.00,4.383488,96.593925
08:02:04,912810UD8,TSRYS5870973,D,S,D,2024-10-16,1000000.00,4.383502,96.59375
08:02:04,912810UD8,TSRYS5870973,D,B,C,2024-10-16,1000000.00,4.385931,96.5625
08:02:04,912810UD8,TSRYS5870973,D,S,T,2024-10-16,1000000.00,4.355639,96.953125
08:02:04,912810UD8,TSRYS5870973,D,S,T,2024-10-16,1000000.00,4.355639,96.953125
08:02:04,912810UD8,TSRYS5870973,D,S,T,2024-10-16,1000000.00,4.355639,96.953125
08:02:04,912810UD8,TSRYS5870973,D,S,T,2024-10-16,1000000.00,4.355639,96.953125
08:02:04,912810UD8,TSRYS5870973,D,S,T,2024-10-16,1000000.00,4.355639,96.953125
08:02:04,912810UD8,TSRYS5870973,D,S,T,2024-10-16,1000000.00,4.355639,96.953125
08:02:04,912810UD8,TSRYS5870973,D,S,T,2024-10-16,1000000.00,4.347185,97.0625
08:02:04,912810UD8,TSRYS5870973,D,S,D,2024-10-16,1000000.00,4.384716,96.578125
08:02:04,912810UD8,TSRYS5870973,D,S,D,2024-10-16,1000000.00,4.384716,96.578125
08:02:04,912810UD8,TSRYS5870973,D,S,C,2024-10-16,1000000.00,4.385917,96.562675
08:02:04,912810UD8,TSRYS5870973,D,S,C,2024-10-16,1000000.00,4.385915,96.5627
08:02:04,912810UD8,TSRYS5870973,D,S,A,2024-10-16,3420000.00,4.382591,96.60546875
08:02:04,912810UD8,TSRYS5870973,D,S,D,2024-10-16,1000000.00,4.385931,96.5625
08:02:04,912810UD8,TSRYS5870973,D,S,C,2024-10-16,1000000.00,4.38713,96.547075
08:02:04,912810UD8,TSRYS5870973,D,S,D,2024-10-16,1000000.00,4.385931,96.5625
08:02:05,912810UD8,TSRYS5870973,D,B,C,2024-10-16,1000000.00,4.387146,96.546875
08:02:05,912810UD8,TSRYS5870973,D,S,C,2024-10-16,1000000.00,4.384701,96.578325
08:02:05,912810UD8,TSRYS5870973,D,S,D,2024-10-16,565000.00,4.378646,96.65625
08:02:05,912810UD8,TSRYS5870973,D,S,C,2024-10-16,1000000.00,4.384701,96.578325
08:02:05,912810UD8,TSRYS5870973,D,B,C,2024-10-16,1000000.00,4.383513,96.5936
08:02:05,912810UD8,TSRYS5870973,D,S,C,2024-10-16,1000000.00,4.385915,96.5627
08:02:05,912810UD8,TSRYS5870973,D,S,C,2024-10-16,1000000.00,4.385917,96.562675
08:02:05,912810UD8,TSRYS5870973,D,S,C,2024-10-16,1000000.00,4.387129,96.5471
08:02:05,912810UD8,TSRYS5870973,D,S,C,2024-10-16,1000000.00,4.383486,96.59395
08:02:05,912810UD8,TSRYS5870973,D,B,C,2024-10-16,1000000.00,4.383513,96.5936
08:02:05,912810UD8,TSRYS5870973,D,S,D,2024-10-16,1000000.00,4.385931,96.5625
08:02:06,912810UD8,TSRYS5870973,D,S,D,2024-10-16,1000000.00,4.356847,96.9375
08:02:06,912810UD8,TSRYS5870973,D,S,D,2024-10-16,1000000.00,4.356243,96.9453125
08:02:07,912810UD8,TSRYS5870973,D,S,T,2024-10-16,2000000.00,4.350807,97.015625
08:02:07,912810UD8,TSRYS5870973,D,S,T,2024-10-16,2000000.00,4.350807,97.015625
08:02:07,912810UD8,TSRYS5870973,D,S,T,2024-10-16,1000000.00,4.350807,97.015625
08:02:07,912810UD8,TSRYS5870973,D,S,T,2024-10-16,2000000.00,4.350807,97.015625
08:02:08,912810UD8,TSRYS5870973,D,S,C,2024-10-16,1000000.00,4.353071,96.986328125
08:02:08,912810UD8,TSRYS5870973,D,S,D,2024-10-16,1000000.00,4.353524,96.98046875
08:02:12,912810UD8,TSRYS5870973,D,S,D,2024-10-16,1000000.00,4.350807,97.015625
08:02:12,912810UD8,TSRYS5870973,D,S,D,2024-10-16,1000000.00,4.352014,97.0
08:02:12,912810UD8,TSRYS5870973,D,S,D,2024-10-16,1000000.00,4.352014,97.0
08:02:14,912810UD8,TSRYS5870973,D,S,C,2024-10-16,1000000.00,4.385915,96.5627
08:02:14,912810UD8,TSRYS5870973,D,S,D,2024-10-16,1000000.00,4.385931,96.5625
08:02:14,912810UD8,TSRYS5870973,D,B,C,2024-10-16,1000000.00,4.385947,96.5623
08:02:14,912810UD8,TSRYS5870973,D,S,D,2024-10-16,2000000.00,4.385931,96.5625
08:02:14,912810UD8,TSRYS5870973,D,S,C,2024-10-16,1000000.00,4.385931,96.5625
08:02:14,912810UD8,TSRYS5870973,D,S,D,2024-10-16,2000000.00,4.357301,96.931640625
08:02:14,912810UD8,TSRYS5870973,D,S,D,2024-10-16,1000000.00,4.356999,96.935546875
08:02:14,912810UD8,TSRYS5870973,D,S,D,2024-10-16,1000000.00,4.357452,96.9296875
08:02:14,912810UD8,TSRYS5870973,D,S,D,2024-10-16,1000000.00,4.385931,96.5625
08:02:14,912810UD8,TSRYS5870973,D,S,C,2024-10-16,1000000.00,4.385931,96.5625
08:02:14,912810UD8,TSRYS5870973,D,S,C,2024-10-16,1000000.00,4.384703,96.5783
08:02:15,912810UD8,TSRYS5870973,D,B,C,2024-10-16,1000000.00,4.384728,96.577975
08:02:16,912810UD8,TSRYS5870973,D,S,D,2024-10-16,1000000.00,4.358208,96.919921875
08:02:16,912810UD8,TSRYS5870973,D,B,C,2024-10-16,1000000.00,4.358208,96.919921875
08:02:16,912810UD8,TSRYS5870973,D,S,D,2024-10-16,1000000.00,4.358359,96.91796875
08:02:16,912810UD8,TSRYS5870973,D,B,C,2024-10-16,1000000.00,4.358359,96.91796875
08:02:16,912810UD8,TSRYS5870973,D,S,D,2024-10-16,1000000.00,4.358661,96.9140625
08:02:16,912810UD8,TSRYS5870973,D,B,C,2024-10-16,1000000.00,4.358661,96.9140625
08:02:16,912810UD8,TSRYS5870973,D,S,D,2024-10-16,1000000.00,4.358812,96.912109375
08:02:16,912810UD8,TSRYS5870973,D,B,C,2024-10-16,1000000.00,4.358812,96.912109375
08:02:16,912810UD8,TSRYS5870973,D,S,D,2024-10-16,1000000.00,4.358812,96.912109375
08:02:16,912810UD8,TSRYS5870973,D,B,C,2024-10-16,1000000.00,4.358812,96.912109375
08:02:16,912810UD8,TSRYS5870973,D,B,C,2024-10-16,1000000.00,4.359114,96.908203125
08:02:16,912810UD8,TSRYS5870973,D,S,D,2024-10-16,1000000.00,4.359114,96.908203125
08:02:16,912810UD8,TSRYS5870973,D,B,C,2024-10-16,1000000.00,4.359114,96.908203125
08:02:16,912810UD8,TSRYS5870973,D,S,C,2024-10-16,1000000.00,4.359114,96.908203125
08:02:16,912810UD8,TSRYS5870973,D,B,C,2024-10-16,1000000.00,4.359114,96.908203125
08:02:16,912810UD8,TSRYS5870973,D,S,C,2024-10-16,1000000.00,4.359114,96.908203125
08:02:16,912810UD8,TSRYS5870973,D,B,C,2024-10-16,1000000.00,4.359114,96.908203125
08:02:16,912810UD8,TSRYS5870973,D,S,C,2024-10-16,1000000.00,4.359114,96.908203125
08:02:16,912810UD8,TSRYS5870973,D,B,C,2024-10-16,1000000.00,4.359114,96.908203125
08:02:16,912810UD8,TSRYS5870973,D,S,D,2024-10-16,1000000.00,4.359114,96.908203125
08:02:16,912810UD8,TSRYS5870973,D,B,C,2024-10-16,1000000.00,4.358812,96.912109375
08:02:16,912810UD8,TSRYS5870973,D,S,D,2024-10-16,1000000.00,4.358812,96.912109375
08:02:17,912810UD8,TSRYS5870973,D,B,C,2024-10-16,1000000.00,4.35579,96.951171875
08:02:17,912810UD8,TSRYS5870973,D,S,D,2024-10-16,1000000.00,4.35579,96.951171875
08:02:17,912810UD8,TSRYS5870973,D,S,D,2024-10-16,1000000.00,4.355639,96.953125
08:02:17,912810UD8,TSRYS5870973,D,B,C,2024-10-16,1000000.00,4.355639,96.953125
08:02:17,912810UD8,TSRYS5870973,D,S,D,2024-10-16,1000000.00,4.355639,96.953125
08:02:17,912810UD8,TSRYS5870973,D,S,D,2024-10-16,1000000.00,4.355639,96.953125
08:02:17,912810UD8,TSRYS5870973,D,B,C,2024-10-16,1000000.00,4.355639,96.953125
08:02:17,912810UD8,TSRYS5870973,D,S,D,2024-10-16,1000000.00,4.355639,96.953125
08:02:17,912810UD8,TSRYS5870973,D,B,C,2024-10-16,1000000.00,4.355639,96.953125
08:02:17,912810UD8,TSRYS5870973,D,S,D,2024-10-16,1000000.00,4.355639,96.953125
08:02:17,912810UD8,TSRYS5870973,D,B,C,2024-10-16,1000000.00,4.356092,96.947265625
08:02:17,912810UD8,TSRYS5870973,D,S,D,2024-10-16,1000000.00,4.356092,96.947265625
08:02:17,912810UD8,TSRYS5870973,D,B,C,2024-10-16,1000000.00,4.355639,96.953125
08:02:17,912810UD8,TSRYS5870973,D,S,D,2024-10-16,1000000.00,4.355639,96.953125
08:02:17,912810UD8,TSRYS5870973,D,S,D,2024-10-16,1000000.00,4.355639,96.953125
08:02:17,912810UD8,TSRYS5870973,D,B,C,2024-10-16,1000000.00,4.355639,96.953125
08:02:17,912810UD8,TSRYS5870973,D,S,D,2024-10-16,1000000.00,4.355639,96.953125
08:02:17,912810UD8,TSRYS5870973,D,B,C,2024-10-16,1000000.00,4.355639,96.953125
08:02:17,912810UD8,TSRYS5870973,D,S,D,2024-10-16,1000000.00,4.355639,96.953125
08:02:17,912810UD8,TSRYS5870973,D,B,C,2024-10-16,1000000.00,4.35579,96.951171875
08:02:17,912810UD8,TSRYS5870973,D,S,D,2024-10-16,1000000.00,4.35579,96.951171875
08:02:17,912810UD8,TSRYS5870973,D,B,C,2024-10-16,1000000.00,4.35579,96.951171875
08:02:17,912810UD8,TSRYS5870973,D,S,D,2024-10-16,1000000.00,4.35579,96.951171875
08:02:17,912810UD8,TSRYS5870973,D,B,C,2024-10-16,1000000.00,4.35579,96.951171875
08:02:17,912810UD8,TSRYS5870973,D,S,D,2024-10-16,1000000.00,4.35579,96.951171875
08:02:17,912810UD8,TSRYS5870973,D,B,C,2024-10-16,1000000.00,4.35579,96.951171875
08:02:17,912810UD8,TSRYS5870973,D,S,D,2024-10-16,1000000.00,4.35579,96.951171875
08:02:17,912810UD8,TSRYS5870973,D,B,C,2024-10-16,1000000.00,4.355639,96.953125
08:02:17,912810UD8,TSRYS5870973,D,S,D,2024-10-16,1000000.00,4.355639,96.953125
08:02:17,912810UD8,TSRYS5870973,D,S,C,2024-10-16,1000000.00,4.355186,96.958984375
08:02:17,912810UD8,TSRYS5870973,D,B,C,2024-10-16,1000000.00,4.355186,96.958984375
08:02:17,912810UD8,TSRYS5870973,D,S,C,2024-10-16,1000000.00,4.355186,96.958984375
08:02:17,912810UD8,TSRYS5870973,D,B,C,2024-10-16,1000000.00,4.355186,96.958984375
08:02:18,912810UD8,TSRYS5870973,D,S,T,2024-10-16,1000000.00,4.353222,96.984375
08:02:18,912810UD8,TSRYS5870973,D,B,C,2024-10-16,1000000.00,4.354581,96.966796875
08:02:18,912810UD8,TSRYS5870973,D,S,C,2024-10-16,1000000.00,4.354581,96.966796875
08:02:18,912810UD8,TSRYS5870973,D,B,C,2024-10-16,1000000.00,4.354581,96.966796875
08:02:18,912810UD8,TSRYS5870973,D,S,C,2024-10-16,1000000.00,4.354581,96.966796875
08:02:19,912810UD8,TSRYS5870973,D,S,D,2024-10-16,1000000.00,4.352014,97.0
08:02:19,912810UD8,TSRYS5870973,D,S,C,2024-10-16,1000000.00,4.352014,97.0
08:02:19,912810UD8,TSRYS5870973,D,S,C,2024-10-16,1000000.00,4.352014,97.0
08:02:19,912810UD8,TSRYS5870973,D,S,C,2024-10-16,1000000.00,4.352014,97.0
08:02:19,912810UD8,TSRYS5870973,D,S,C,2024-10-16,1000000.00,4.352014,97.0
08:02:19,912810UD8,TSRYS5870973,D,S,C,2024-10-16,1000000.00,4.38713,96.547075
08:02:19,912810UD8,TSRYS5870973,D,S,D,2024-10-16,1000000.00,4.385931,96.5625
08:02:19,912810UD8,TSRYS5870973,D,B,C,2024-10-16,1000000.00,4.385943,96.562348
08:02:19,912810UD8,TSRYS5870973,D,S,D,2024-10-16,1000000.00,4.383502,96.59375
08:02:19,912810UD8,TSRYS5870973,D,B,C,2024-10-16,1000000.00,4.383502,96.59375
08:02:20,912810UD8,TSRYS5870973,D,S,T,2024-10-16,1000000.00,4.350807,97.015625
08:02:20,912810UD8,TSRYS5870973,D,S,D,2024-10-16,12000000.00,4.353923,96.97531
08:02:20,912810UD8,TSRYS5870973,D,S,D,2024-10-16,1000000.00,4.382288,96.609375
08:02:20,912810UD8,TSRYS5870973,D,S,D,2024-10-16,2000000.00,4.350604,97.01825
08:02:21,912810UD8,TSRYS5870973,D,S,T,2024-10-16,1000000.00,4.355639,96.953125
08:02:21,912810UD8,TSRYS5870973,D,B,A,2024-10-16,6000000.00,4.383522,96.59375
08:02:21,912810UD8,TSRYS5870973,D,S,T,2024-10-16,1000000.00,4.35443,96.96875
08:02:21,912810UD8,TSRYS5870973,D,S,T,2024-10-16,1000000.00,4.353222,96.984375
08:02:21,912810UD8,TSRYS5870973,D,S,T,2024-10-16,1000000.00,4.350807,97.015625
08:02:21,912810UD8,TSRYS5870973,D,B,C,2024-10-16,1000000.00,4.347263,97.0615
08:02:21,912810UD8,TSRYS5870973,D,S,D,2024-10-16,1000000.00,4.381074,96.625
08:02:22,912810UD8,TSRYS5870973,D,B,C,2024-10-16,1000000.00,4.381087,96.624825
08:02:22,912810UD8,TSRYS5870973,D,S,T,2024-10-16,1000000.00,4.352014,97.0
08:02:22,912810UD8,TSRYS5870973,D,S,D,2024-10-16,1000000.00,4.381074,96.625
08:02:22,912810UD8,TSRYS5870973,D,S,C,2024-10-16,1000000.00,4.38106,96.625175
08:02:22,912810UD8,TSRYS5870973,D,B,C,2024-10-16,1000000.00,4.381074,96.625
08:02:23,912810UD8,TSRYS5870973,D,S,C,2024-10-16,1000000.00,4.38106,96.625175
08:02:23,912810UD8,TSRYS5870973,D,B,C,2024-10-16,1000000.00,4.381074,96.625
08:02:23,912810UD8,TSRYS5870973,D,S,C,2024-10-16,1000000.00,4.38106,96.625175
08:02:23,912810UD8,TSRYS5870973,D,B,A,2024-10-16,5000000.00,4.378343,96.66015625
08:02:23,912810UD8,TSRYS5870973,D,S,T,2024-10-16,1000000.00,4.352014,97.0
08:02:24,912810UD8,TSRYS5870973,D,S,T,2024-10-16,1000000.00,4.358208,96.919921875
08:02:24,912810UD8,TSRYS5870973,D,S,T,2024-10-16,2000000.00,4.381074,96.625
08:02:24,912810UD8,TSRYS5870973,D,B,A,2024-10-16,2000000.00,4.381074,96.625
08:02:24,912810UD8,TSRYS5870973,D,S,T,2024-10-16,1000000.00,4.362895,96.859375
08:02:24,912810UD8,TSRYS5870973,D,S,T,2024-10-16,1000000.00,4.363963,96.845578125
08:02:24,912810UD8,TSRYS5870973,D,S,D,2024-10-16,2000000.00,4.355488,96.95507812
08:02:24,912810UD8,TSRYS5870973,D,S,D,2024-10-16,1000000.00,4.350807,97.015625
08:02:24,912810UD8,TSRYS5870973,D,S,T,2024-10-16,1000000.00,4.364114,96.843625
08:02:24,912810UD8,TSRYS5870973,D,S,D,2024-10-16,2000000.00,4.355488,96.95507812
08:02:24,912810UD8,TSRYS5870973,D,S,D,2024-10-16,1000000.00,4.355488,96.95507812
08:02:25,912810UD8,TSRYS5870973,D,S,D,2024-10-16,1000000.00,4.355488,96.95507812
08:02:25,912810UD8,TSRYS5870973,D,S,T,2024-10-16,1000000.00,4.350807,97.015625
08:02:25,912810UD8,TSRYS5870973,D,S,T,2024-10-16,2000000.00,4.364114,96.843625
08:02:25,912810UD8,TSRYS5870973,D,S,T,2024-10-16,1000000.00,4.363802,96.84765625
08:02:25,912810UD8,TSRYS5870973,D,S,T,2024-10-16,2000000.00,4.357301,96.93164062
08:02:25,912810UD8,TSRYS5870973,D,S,T,2024-10-16,1000000.00,4.356999,96.93554687
08:02:25,912810UD8,TSRYS5870973,D,S,D,2024-10-16,1000000.00,4.356999,96.93554687
08:02:25,912810UD8,TSRYS5870973,D,S,T,2024-10-16,1000000.00,4.357452,96.9296875
08:02:25,912810UD8,TSRYS5870973,D,S,T,2024-10-16,1000000.00,4.364871,96.833859375
08:02:25,912810UD8,TSRYS5870973,D,S,D,2024-10-16,1000000.00,4.357452,96.9296875
08:02:25,912810UD8,TSRYS5870973,D,S,D,2024-10-16,1000000.00,4.356696,96.93945312
08:02:25,912810UD8,TSRYS5870973,D,S,D,2024-10-16,1000000.00,4.356696,96.93945312
08:02:25,912810UD8,TSRYS5870973,D,S,T,2024-10-16,1000000.00,4.352014,97.0
08:02:25,912810UD8,TSRYS5870973,D,S,D,2024-10-16,2000000.00,4.357452,96.9296875
08:02:26,912810UD8,TSRYS5870973,D,B,A,2024-10-16,5000000.00,4.371068,96.75390625
08:02:26,912810UD8,TSRYS5870973,D,S,D,2024-10-16,1000000.00,4.347185,97.0625
08:02:26,912810UD8,TSRYS5870973,D,S,D,2024-10-16,1000000.00,4.347789,97.0546875
08:02:26,912810UD8,TSRYS5870973,D,S,D,2024-10-16,1000000.00,4.349901,97.02734375
08:02:26,912810UD8,TSRYS5870973,D,S,D,2024-10-16,1000000.00,4.349901,97.02734375
08:02:27,912810UD8,TSRYS5870973,D,B,C,2024-10-16,1000000.00,4.356847,96.9375
08:02:27,912810UD8,TSRYS5870973,D,B,C,2024-10-16,1000000.00,4.356847,96.9375
08:02:27,912810UD8,TSRYS5870973,D,S,D,2024-10-16,1000000.00,4.377433,96.671875
08:02:27,912810UD8,TSRYS5870973,D,S,D,2024-10-16,1000000.00,4.377433,96.671875
08:02:27,912810UD8,TSRYS5870973,D,S,D,2024-10-16,1000000.00,4.377433,96.671875
08:02:27,912810UD8,TSRYS5870973,D,B,C,2024-10-16,1000000.00,4.377449,96.671675
08:02:27,912810UD8,TSRYS5870973,D,S,D,2024-10-16,1000000.00,4.377433,96.671875
08:02:27,912810UD8,TSRYS5870973,D,S,D,2024-10-16,1000000.00,4.377433,96.671875
08:02:27,912810UD8,TSRYS5870973,D,S,D,2024-10-16,1000000.00,4.377433,96.671875
08:02:27,912810UD8,TSRYS5870973,D,S,D,2024-10-16,1000000.00,4.377433,96.671875
08:02:27,912810UD8,TSRYS5870973,D,S,D,2024-10-16,1000000.00,4.377433,96.671875
08:02:27,912810UD8,TSRYS5870973,D,S,D,2024-10-16,1000000.00,4.377433,96.671875
08:02:27,912810UD8,TSRYS5870973,D,S,T,2024-10-16,1000000.00,4.349599,97.03125
08:02:27,912810UD8,TSRYS5870973,D,S,D,2024-10-16,1000000.00,4.377433,96.671875
08:02:27,912810UD8,TSRYS5870973,D,S,D,2024-10-16,1000000.00,4.377433,96.671875
08:02:27,912810UD8,TSRYS5870973,D,S,T,2024-10-16,1000000.00,4.350807,97.015625
08:02:27,912810UD8,TSRYS5870973,D,B,C,2024-10-16,1000000.00,4.357754,96.92578125
08:02:27,912810UD8,TSRYS5870973,D,B,C,2024-10-16,1000000.00,4.357452,96.9296875
08:02:27,912810UD8,TSRYS5870973,D,B,C,2024-10-16,1000000.00,4.357452,96.9296875
08:02:27,912810UD8,TSRYS5870973,D,B,C,2024-10-16,1000000.00,4.356394,96.94335937
08:02:28,912810UD8,TSRYS5870973,D,S,D,2024-10-16,1000000.00,4.378646,96.65625
08:02:29,912810UD8,TSRYS5870973,D,S,T,2024-10-16,1000000.00,4.362148,96.869015625
08:02:29,912810UD8,TSRYS5870973,D,S,T,2024-10-16,1000000.00,4.362148,96.869015625
08:02:29,912810UD8,TSRYS5870973,D,S,T,2024-10-16,1000000.00,4.361685,96.875
08:02:31,912810UD8,TSRYS5870973,D,S,T,2024-10-16,1000000.00,4.364114,96.843625
08:02:31,912810UD8,TSRYS5870973,D,S,T,2024-10-16,1000000.00,4.364105,96.84375
08:02:31,912810UD8,TSRYS5870973,D,S,D,2024-10-16,745000.00,4.37802,96.6640625
08:02:31,912810UD8,TSRYS5870973,D,S,T,2024-10-16,1000000.00,4.364105,96.84375
08:02:33,912810UD8,TSRYS5870973,D,S,T,2024-10-16,1000000.00,4.364105,96.84375
08:02:33,912810UD8,TSRYS5870973,D,S,T,2024-10-16,1000000.00,4.364105,96.84375
08:02:33,912810UD8,TSRYS5870973,D,S,T,2024-10-16,1000000.00,4.364105,96.84375
08:02:33,912810UD8,TSRYS5870973,D,S,T,2024-10-16,1000000.00,4.364105,96.84375
08:02:33,912810UD8,TSRYS5870973,D,S,T,2024-10-16,1000000.00,4.364105,96.84375
08:02:33,912810UD8,TSRYS5870973,D,S,T,2024-10-16,1000000.00,4.364105,96.84375
08:02:33,912810UD8,TSRYS5870973,D,S,T,2024-10-16,1000000.00,4.364105,96.84375
08:02:33,912810UD8,TSRYS5870973,D,S,T,2024-10-16,1000000.00,4.364105,96.84375
08:02:33,912810UD8,TSRYS5870973,D,S,T,2024-10-16,1000000.00,4.364105,96.84375
08:02:33,912810UD8,TSRYS5870973,D,S,T,2024-10-16,1000000.00,4.364105,96.84375
08:02:33,912810UD8,TSRYS5870973,D,S,T,2024-10-16,1000000.00,4.364105,96.84375
08:02:33,912810UD8,TSRYS5870973,D,S,T,2024-10-16,1000000.00,4.364105,96.84375
08:02:33,912810UD8,TSRYS5870973,D,S,T,2024-10-16,1000000.00,4.364105,96.84375
08:02:33,912810UD8,TSRYS5870973,D,S,T,2024-10-16,1000000.00,4.364105,96.84375
08:02:33,912810UD8,TSRYS5870973,D,S,T,2024-10-16,1000000.00,4.364105,96.84375
08:02:33,912810UD8,TSRYS5870973,D,S,C,2024-10-16,2000000.00,4.3635,96.8515625
08:02:33,912810UD8,TSRYS5870973,D,S,T,2024-10-16,1000000.00,4.364105,96.84375
08:02:33,912810UD8,TSRYS5870973,D,S,T,2024-10-16,1000000.00,4.364105,96.84375
08:02:33,912810UD8,TSRYS5870973,D,S,T,2024-10-16,1000000.00,4.364105,96.84375
08:02:33,912810UD8,TSRYS5870973,D,S,T,2024-10-16,2000000.00,4.364105,96.84375
08:02:33,912810UD8,TSRYS5870973,D,S,C,2024-10-16,200000.00,4.356545,96.94140625
08:02:33,912810UD8,TSRYS5870973,D,S,C,2024-10-16,2600000.00,4.356545,96.94140625
08:02:33,912810UD8,TSRYS5870973,D,S,D,2024-10-16,4000000.00,4.356851,96.93746
08:02:33,912810UD8,TSRYS5870973,D,S,D,2024-10-16,25000.00,4.350776,97.016025
08:02:33,912810UD8,TSRYS5870973,D,S,T,2024-10-16,1000000.00,4.362904,96.85925
08:02:33,912810UD8,TSRYS5870973,D,S,T,2024-10-16,2000000.00,4.362904,96.85925
08:02:34,912810UD8,TSRYS5870973,D,S,T,2024-10-16,1000000.00,4.362904,96.85925
08:02:34,912810UD8,TSRYS5870973,D,S,T,2024-10-16,1000000.00,4.350807,97.015625
08:02:34,912810UD8,TSRYS5870973,D,S,T,2024-10-16,1000000.00,4.362895,96.859375
08:02:34,912810UD8,TSRYS5870973,D,S,T,2024-10-16,1000000.00,4.362895,96.859375
08:02:34,912810UD8,TSRYS5870973,D,S,T,2024-10-16,1000000.00,4.361694,96.874875
08:02:34,912810UD8,TSRYS5870973,D,S,T,2024-10-16,1000000.00,4.361694,96.874875
08:02:34,912810UD8,TSRYS5870973,D,S,T,2024-10-16,1000000.00,4.361694,96.874875
08:02:34,912810UD8,TSRYS5870973,D,S,T,2024-10-16,1000000.00,4.361685,96.875
08:02:34,912810UD8,TSRYS5870973,D,S,T,2024-10-16,1000000.00,4.361685,96.875
08:02:34,912810UD8,TSRYS5870973,D,S,T,2024-10-16,1000000.00,4.361685,96.875
08:02:34,912810UD8,TSRYS5870973,D,B,C,2024-10-16,1000000.00,4.351411,97.0078125
08:02:35,912810UD8,TSRYS5870973,D,S,D,2024-10-16,1000000.00,4.350807,97.015625
08:02:35,912810UD8,TSRYS5870973,D,B,C,2024-10-16,1000000.00,4.350807,97.015625
08:02:35,912810UD8,TSRYS5870973,D,S,T,2024-10-16,1000000.00,4.356857,96.937375
08:02:35,912810UD8,TSRYS5870973,D,S,T,2024-10-16,1000000.00,4.356857,96.937375
08:02:35,912810UD8,TSRYS5870973,D,S,T,2024-10-16,1000000.00,4.356847,96.9375
08:02:36,912810UD8,TSRYS5870973,D,S,T,2024-10-16,1000000.00,4.356243,96.9453125
08:02:36,912810UD8,TSRYS5870973,D,S,T,2024-10-16,1000000.00,4.357008,96.935421875
08:02:36,912810UD8,TSRYS5870973,D,S,D,2024-10-16,1000000.00,4.361685,96.875
08:02:36,912810UD8,TSRYS5870973,D,S,D,2024-10-16,1000000.00,4.361685,96.875
08:02:36,912810UD8,TSRYS5870973,D,B,C,2024-10-16,1000000.00,4.361685,96.875
08:02:37,912810UD8,TSRYS5870973,D,S,D,2024-10-16,500000.00,4.349298,97.03515625
08:02:37,912810UD8,TSRYS5870973,D,S,T,2024-10-16,1000000.00,4.353524,96.98046875
08:02:37,912810UD8,TSRYS5870973,D,S,T,2024-10-16,1000000.00,4.353071,96.986328125
08:02:37,912810UD8,TSRYS5870973,D,S,C,2024-10-16,1120000.00,4.349901,97.02734375
08:02:37,912810UD8,TSRYS5870973,D,S,D,2024-10-16,1000000.00,4.361685,96.875
08:02:37,912810UD8,TSRYS5870973,D,S,D,2024-10-16,1000000.00,4.362895,96.859375
08:02:39,912810UD8,TSRYS5870973,D,S,D,2024-10-16,1000000.00,4.382276,96.609527
08:02:39,912810UD8,TSRYS5870973,D,B,C,2024-10-16,1000000.00,4.381085,96.624848
08:02:39,912810UD8,TSRYS5870973,D,S,D,2024-10-16,1000000.00,4.381064,96.62513
08:02:39,912810UD8,TSRYS5870973,D,S,D,2024-10-16,1000000.00,4.381062,96.625152
08:02:39,912810UD8,TSRYS5870973,D,B,C,2024-10-16,1000000.00,4.381074,96.625
08:02:39,912810UD8,TSRYS5870973,D,S,D,2024-10-16,1000000.00,4.355639,96.953125
08:02:39,912810UD8,TSRYS5870973,D,B,C,2024-10-16,1000000.00,4.35443,96.968575
08:02:39,912810UD8,TSRYS5870973,D,S,C,2024-10-16,1000000.00,4.35443,96.96875
08:02:39,912810UD8,TSRYS5870973,D,B,C,2024-10-16,1000000.00,4.353222,96.984375
08:02:39,912810UD8,TSRYS5870973,D,S,C,2024-10-16,1000000.00,4.353222,96.984375
08:02:39,912810UD8,TSRYS5870973,D,B,C,2024-10-16,1000000.00,4.381085,96.624848
08:02:39,912810UD8,TSRYS5870973,D,S,D,2024-10-16,1000000.00,4.381074,96.625
08:02:39,912810UD8,TSRYS5870973,D,S,C,2024-10-16,1000000.00,4.350807,97.015625
08:02:39,912810UD8,TSRYS5870973,D,S,C,2024-10-16,2000000.00,4.381058,96.6252
08:02:40,912810UD8,TSRYS5870973,D,S,T,2024-10-16,1000000.00,4.352024,96.999875
08:02:40,912810UD8,TSRYS5870973,D,S,T,2024-10-16,1000000.00,4.352024,96.999875
08:02:40,912810UD8,TSRYS5870973,D,S,T,2024-10-16,1000000.00,4.352014,97.0
08:02:40,912810UD8,TSRYS5870973,D,S,T,2024-10-16,1000000.00,4.352024,96.999875
08:02:40,912810UD8,TSRYS5870973,D,S,D,2024-10-16,1000000.00,4.381074,96.625
08:02:40,912810UD8,TSRYS5870973,D,B,C,2024-10-16,1000000.00,4.381074,96.625
08:02:40,912810UD8,TSRYS5870973,D,S,T,2024-10-16,1000000.00,4.352024,96.999875
08:02:40,912810UD8,TSRYS5870973,D,S,T,2024-10-16,1000000.00,4.352024,96.999875
08:02:40,912810UD8,TSRYS5870973,D,S,T,2024-10-16,1000000.00,4.352024,96.999875
08:02:40,912810UD8,TSRYS5870973,D,S,T,2024-10-16,1000000.00,4.352014,97.0
08:02:40,912810UD8,TSRYS5870973,D,S,T,2024-10-16,1000000.00,4.352024,96.999875
08:02:40,912810UD8,TSRYS5870973,D,S,T,2024-10-16,1000000.00,4.350816,97.0155
08:02:40,912810UD8,TSRYS5870973,D,S,T,2024-10-16,1000000.00,4.350816,97.0155
08:02:40,912810UD8,TSRYS5870973,D,S,T,2024-10-16,1000000.00,4.350816,97.0155
08:02:41,912810UD8,TSRYS5870973,D,B,C,2024-10-16,1000000.00,4.382303,96.609175
08:02:41,912810UD8,TSRYS5870973,D,S,D,2024-10-16,1000000.00,4.382288,96.609375
08:02:41,912810UD8,TSRYS5870973,D,B,C,2024-10-16,1000000.00,4.382288,96.609375
08:02:41,912810UD8,TSRYS5870973,D,S,D,2024-10-16,1000000.00,4.382288,96.609375
08:02:41,912810UD8,TSRYS5870973,D,B,C,2024-10-16,1000000.00,4.382288,96.609375
08:02:41,912810UD8,TSRYS5870973,D,S,D,2024-10-16,1000000.00,4.382288,96.609375
08:02:41,912810UD8,TSRYS5870973,D,S,A,2024-10-16,10000000.00,4.360777,96.88671875
08:02:42,912810UD8,TSRYS5870973,D,B,C,2024-10-16,1000000.00,4.381089,96.6248
08:02:42,912810UD8,TSRYS5870973,D,S,D,2024-10-16,1000000.00,4.381074,96.625
08:02:42,912810UD8,TSRYS5870973,D,S,D,2024-10-16,1000000.00,4.381074,96.625
08:02:42,912810UD8,TSRYS5870973,D,S,D,2024-10-16,1000000.00,4.381074,96.625
08:02:42,912810UD8,TSRYS5870973,D,S,D,2024-10-16,1000000.00,4.381074,96.625
08:02:42,912810UD8,TSRYS5870973,D,S,D,2024-10-16,1000000.00,4.381074,96.625
08:02:42,912810UD8,TSRYS5870973,D,S,D,2024-10-16,1000000.00,4.381074,96.625
08:02:42,912810UD8,TSRYS5870973,D,B,C,2024-10-16,1000000.00,4.381089,96.624798
08:02:42,912810UD8,TSRYS5870973,D,S,D,2024-10-16,1000000.00,4.381074,96.625
08:02:42,912810UD8,TSRYS5870973,D,B,C,2024-10-16,1000000.00,4.381074,96.625
08:02:42,912810UD8,TSRYS5870973,D,S,D,2024-10-16,1000000.00,4.381074,96.625
08:02:42,912810UD8,TSRYS5870973,D,B,C,2024-10-16,1000000.00,4.381081,96.6249
08:02:42,912810UD8,TSRYS5870973,D,S,D,2024-10-16,1000000.00,4.381074,96.625
08:02:42,912810UD8,TSRYS5870973,D,B,C,2024-10-16,1000000.00,4.381089,96.6248
08:02:42,912810UD8,TSRYS5870973,D,B,C,2024-10-16,1000000.00,4.381089,96.6248
08:02:42,912810UD8,TSRYS5870973,D,S,D,2024-10-16,1000000.00,4.381074,96.625
08:02:42,912810UD8,TSRYS5870973,D,B,C,2024-10-16,1000000.00,4.37986,96.640625
08:02:42,912810UD8,TSRYS5870973,D,S,D,2024-10-16,1000000.00,4.37986,96.640625
08:02:42,912810UD8,TSRYS5870973,D,S,D,2024-10-16,1000000.00,4.37986,96.640625
08:02:42,912810UD8,TSRYS5870973,D,B,C,2024-10-16,1000000.00,4.379872,96.640475
08:02:42,912810UD8,TSRYS5870973,D,S,D,2024-10-16,1000000.00,4.37986,96.640625
08:02:42,912810UD8,TSRYS5870973,D,S,D,2024-10-16,1000000.00,4.37986,96.640625
08:02:42,912810UD8,TSRYS5870973,D,S,D,2024-10-16,1000000.00,4.37986,96.640625
08:02:42,912810UD8,TSRYS5870973,D,S,D,2024-10-16,1000000.00,4.37986,96.640625
08:02:42,912810UD8,TSRYS5870973,D,B,C,2024-10-16,1000000.00,4.379874,96.64045
08:02:42,912810UD8,TSRYS5870973,D,S,D,2024-10-16,1000000.00,4.37986,96.640625
08:02:42,912810UD8,TSRYS5870973,D,B,C,2024-10-16,1000000.00,4.379875,96.640425
08:02:42,912810UD8,TSRYS5870973,D,B,C,2024-10-16,1000000.00,4.379868,96.640525
08:02:42,912810UD8,TSRYS5870973,D,S,D,2024-10-16,1000000.00,4.37986,96.640625
08:02:42,912810UD8,TSRYS5870973,D,S,D,2024-10-16,1000000.00,4.37986,96.640625
08:02:42,912810UD8,TSRYS5870973,D,B,C,2024-10-16,1000000.00,4.379875,96.640425
08:02:42,912810UD8,TSRYS5870973,D,S,D,2024-10-16,1000000.00,4.37986,96.640625
08:02:42,912810UD8,TSRYS5870973,D,B,C,2024-10-16,1000000.00,4.37986,96.640625
08:02:42,912810UD8,TSRYS5870973,D,S,D,2024-10-16,1000000.00,4.378646,96.65625
08:02:42,912810UD8,TSRYS5870973,D,S,D,2024-10-16,1000000.00,4.378646,96.65625
08:02:42,912810UD8,TSRYS5870973,D,S,D,2024-10-16,1000000.00,4.378646,96.65625
08:02:42,912810UD8,TSRYS5870973,D,B,C,2024-10-16,1000000.00,4.37866,96.656075
08:02:42,912810UD8,TSRYS5870973,D,B,C,2024-10-16,1000000.00,4.378658,96.6561
08:02:42,912810UD8,TSRYS5870973,D,S,D,2024-10-16,1000000.00,4.378646,96.65625
08:02:42,912810UD8,TSRYS5870973,D,S,D,2024-10-16,1000000.00,4.378646,96.65625
08:02:42,912810UD8,TSRYS5870973,D,B,C,2024-10-16,1000000.00,4.37866,96.656075
08:02:42,912810UD8,TSRYS5870973,D,S,D,2024-10-16,1000000.00,4.378646,96.65625
08:02:42,912810UD8,TSRYS5870973,D,B,C,2024-10-16,1000000.00,4.378646,96.65625
08:02:42,912810UD8,TSRYS5870973,D,B,C,2024-10-16,1000000.00,4.378662,96.65605
08:02:42,912810UD8,TSRYS5870973,D,B,C,2024-10-16,1000000.00,4.355639,96.953125
08:02:42,912810UD8,TSRYS5870973,D,S,D,2024-10-16,1000000.00,4.355639,96.953125
08:02:43,912810UD8,TSRYS5870973,D,S,D,2024-10-16,1000000.00,4.378646,96.65625
08:02:43,912810UD8,TSRYS5870973,D,B,C,2024-10-16,1000000.00,4.378646,96.65625
08:02:44,912810UD8,TSRYS5870973,D,S,D,2024-10-16,1000000.00,4.373795,96.71875
08:02:44,912810UD8,TSRYS5870973,D,B,C,2024-10-16,1000000.00,4.373795,96.71875
08:02:44,912810UD8,TSRYS5870973,D,S,C,2024-10-16,1000000.00,4.350807,97.015625
08:02:44,912810UD8,TSRYS5870973,D,S,D,2024-10-16,1000000.00,4.373795,96.71875
08:02:44,912810UD8,TSRYS5870973,D,S,D,2024-10-16,1000000.00,4.373795,96.71875
08:02:44,912810UD8,TSRYS5870973,D,B,C,2024-10-16,1000000.00,4.373795,96.71875
08:02:44,912810UD8,TSRYS5870973,D,S,D,2024-10-16,1000000.00,4.373795,96.71875
08:02:44,912810UD8,TSRYS5870973,D,B,C,2024-10-16,1000000.00,4.373809,96.718575
08:02:44,912810UD8,TSRYS5870973,D,S,C,2024-10-16,1000000.00,4.372583,96.734375
08:02:44,912810UD8,TSRYS5870973,D,B,C,2024-10-16,1000000.00,4.372597,96.7342
08:02:45,912810UD8,TSRYS5870973,D,B,C,2024-10-16,1000000.00,4.371371,96.75
08:02:46,912810UD8,TSRYS5870973,D,S,C,2024-10-16,1000000.00,4.368948,96.78125
08:02:46,912810UD8,TSRYS5870973,D,S,D,2024-10-16,1000000.00,4.371371,96.75
08:02:46,912810UD8,TSRYS5870973,D,S,D,2024-10-16,1000000.00,4.370159,96.765625
08:02:46,912810UD8,TSRYS5870973,D,B,C,2024-10-16,1000000.00,4.370159,96.765625
08:02:46,912810UD8,TSRYS5870973,D,B,C,2024-10-16,1000000.00,4.368948,96.78125
08:02:46,912810UD8,TSRYS5870973,D,S,C,2024-10-16,1000000.00,4.368932,96.78145
08:02:46,912810UD8,TSRYS5870973,D,S,C,2024-10-16,1000000.00,4.370144,96.765825
08:02:46,912810UD8,TSRYS5870973,D,S,D,2024-10-16,1000000.00,4.370159,96.765625
08:02:46,912810UD8,TSRYS5870973,D,S,C,2024-10-16,1000000.00,4.370144,96.765825
08:02:46,912810UD8,TSRYS5870973,D,S,D,2024-10-16,1000000.00,4.368948,96.78125
08:02:46,912810UD8,TSRYS5870973,D,S,D,2024-10-16,1000000.00,4.368948,96.78125
08:02:46,912810UD8,TSRYS5870973,D,B,C,2024-10-16,1000000.00,4.370159,96.765625
08:02:46,912810UD8,TSRYS5870973,D,B,C,2024-10-16,1000000.00,4.368948,96.78125
08:02:46,912810UD8,TSRYS5870973,D,B,C,2024-10-16,1000000.00,4.370159,96.765625
08:02:46,912810UD8,TSRYS5870973,D,S,D,2024-10-16,1000000.00,4.368948,96.78125
08:02:47,912810UD8,TSRYS5870973,D,B,C,2024-10-16,1000000.00,4.368948,96.78125
08:02:47,912810UD8,TSRYS5870973,D,S,D,2024-10-16,1000000.00,4.368948,96.78125
08:02:47,912810UD8,TSRYS5870973,D,S,C,2024-10-16,1000000.00,4.367721,96.797075
08:02:47,912810UD8,TSRYS5870973,D,B,C,2024-10-16,1000000.00,4.366541,96.8123
08:02:47,912810UD8,TSRYS5870973,D,S,C,2024-10-16,1000000.00,4.367721,96.797075
08:02:47,912810UD8,TSRYS5870973,D,S,D,2024-10-16,1000000.00,4.366526,96.8125
08:02:47,912810UD8,TSRYS5870973,D,B,C,2024-10-16,1000000.00,4.367737,96.796875
08:02:47,912810UD8,TSRYS5870973,D,B,C,2024-10-16,1000000.00,4.367737,96.796875
08:02:47,912810UD8,TSRYS5870973,D,S,D,2024-10-16,1000000.00,4.366526,96.8125
08:02:47,912810UD8,TSRYS5870973,D,S,D,2024-10-16,1000000.00,4.368948,96.78125
08:02:47,912810UD8,TSRYS5870973,D,B,C,2024-10-16,1000000.00,4.368948,96.78125
08:02:47,912810UD8,TSRYS5870973,D,S,D,2024-10-16,1000000.00,4.366526,96.8125
08:02:47,912810UD8,TSRYS5870973,D,B,C,2024-10-16,1000000.00,4.367737,96.796875
08:02:47,912810UD8,TSRYS5870973,D,S,D,2024-10-16,1000000.00,4.367737,96.796875
08:02:47,912810UD8,TSRYS5870973,D,B,C,2024-10-16,1000000.00,4.366526,96.8125
08:02:47,912810UD8,TSRYS5870973,D,S,D,2024-10-16,1000000.00,4.366526,96.8125
08:02:49,912810UD8,TSRYS5870973,D,S,C,2024-10-16,1000000.00,4.367737,96.796875
08:02:49,912810UD8,TSRYS5870973,D,S,C,2024-10-16,1000000.00,4.367737,96.796875
08:02:49,912810UD8,TSRYS5870973,D,B,C,2024-10-16,1000000.00,4.367752,96.796675
08:02:49,912810UD8,TSRYS5870973,D,B,C,2024-10-16,1000000.00,4.367752,96.796675
08:02:51,912810UD8,TSRYS5870973,D,S,D,2024-10-16,1000000.00,4.368948,96.78125
08:02:51,912810UD8,TSRYS5870973,D,S,D,2024-10-16,1000000.00,4.352769,96.990234375
08:02:51,912810UD8,TSRYS5870973,D,B,C,2024-10-16,1000000.00,4.370175,96.765425
08:02:51,912810UD8,TSRYS5870973,D,S,D,2024-10-16,1000000.00,4.370159,96.765625
08:02:52,912810UD8,TSRYS5870973,D,B,C,2024-10-16,2000000.00,4.366526,96.8125
08:02:52,912810UD8,TSRYS5870973,D,S,D,2024-10-16,1000000.00,4.366526,96.8125
08:02:52,912810UD8,TSRYS5870973,D,S,D,2024-10-16,2000000.00,4.366526,96.8125
08:02:52,912810UD8,TSRYS5870973,D,B,C,2024-10-16,1000000.00,4.366526,96.8125
08:02:52,912810UD8,TSRYS5870973,D,B,C,2024-10-16,1000000.00,4.366526,96.8125
08:02:52,912810UD8,TSRYS5870973,D,S,D,2024-10-16,1000000.00,4.366526,96.8125
08:02:52,912810UD8,TSRYS5870973,D,S,D,2024-10-16,1000000.00,4.366526,96.8125
08:02:52,912810UD8,TSRYS5870973,D,B,C,2024-10-16,1000000.00,4.366526,96.8125
08:02:52,912810UD8,TSRYS5870973,D,S,D,2024-10-16,1000000.00,4.366526,96.8125
08:02:53,912810UD8,TSRYS5870973,D,B,C,2024-10-16,1000000.00,4.365315,96.828125
08:02:53,912810UD8,TSRYS5870973,D,S,D,2024-10-16,1000000.00,4.365315,96.828125
08:02:53,912810UD8,TSRYS5870973,D,B,C,2024-10-16,1000000.00,4.365315,96.828125
08:02:53,912810UD8,TSRYS5870973,D,S,D,2024-10-16,1000000.00,4.365315,96.828125
08:02:53,912810UD8,TSRYS5870973,D,S,D,2024-10-16,1000000.00,4.364105,96.84375
08:02:53,912810UD8,TSRYS5870973,D,B,C,2024-10-16,1000000.00,4.364105,96.84375
08:02:53,912810UD8,TSRYS5870973,D,S,C,2024-10-16,1000000.00,4.364093,96.8439
08:02:53,912810UD8,TSRYS5870973,D,S,C,2024-10-16,1000000.00,4.364093,96.8439
08:02:53,912810UD8,TSRYS5870973,D,B,C,2024-10-16,1000000.00,4.364118,96.843575
08:02:53,912810UD8,TSRYS5870973,D,B,C,2024-10-16,1000000.00,4.364118,96.843575
08:02:53,912810UD8,TSRYS5870973,D,B,C,2024-10-16,1000000.00,4.36412,96.84355
08:02:53,912810UD8,TSRYS5870973,D,S,C,2024-10-16,1000000.00,4.364093,96.8439
08:02:53,912810UD8,TSRYS5870973,D,S,C,2024-10-16,1000000.00,4.364093,96.8439
08:02:54,912810UD8,TSRYS5870973,D,B,C,2024-10-16,1000000.00,4.36412,96.84355
08:02:55,912810UD8,TSRYS5870973,D,S,C,2024-10-16,1000000.00,4.362895,96.859375
08:02:55,912810UD8,TSRYS5870973,D,B,C,2024-10-16,1000000.00,4.362895,96.859375
08:02:57,912810UD8,TSRYS5870973,D,S,T,2024-10-16,1000000.00,4.352769,96.990234375
08:02:57,912810UD8,TSRYS5870973,D,S,D,2024-10-16,1000000.00,4.358056,96.921875
08:02:59,912810UD8,TSRYS5870973,D,S,A,2024-10-16,2000.00,4.350807,97.015625
08:03:03,912810UD8,TSRYS5870973,D,S,D,2024-10-16,1000000.00,4.358046,96.922005
08:03:05,912810UD8,TSRYS5870973,D,S,C,2024-10-16,1000000.00,4.355621,96.953352
08:03:06,912810UD8,TSRYS5870973,D,S,D,2024-10-16,1000000.00,4.353214,96.984477
08:03:06,912810UD8,TSRYS5870973,D,B,C,2024-10-16,2000000.00,4.353222,96.984375
08:03:06,912810UD8,TSRYS5870973,D,S,D,2024-10-16,2000000.00,4.353214,96.984477
08:03:06,912810UD8,TSRYS5870973,D,B,C,2024-10-16,1000000.00,4.352014,97.0
08:03:06,912810UD8,TSRYS5870973,D,S,D,2024-10-16,1000000.00,4.352014,97.0
08:03:06,912810UD8,TSRYS5870973,D,S,D,2024-10-16,1000000.00,4.352014,97.0
08:03:06,912810UD8,TSRYS5870973,D,B,C,2024-10-16,1000000.00,4.352014,97.0
08:03:08,912810UD8,TSRYS5870973,D,S,D,2024-10-16,1000000.00,4.350807,97.015625
08:03:08,912810UD8,TSRYS5870973,D,S,D,2024-10-16,1000000.00,4.350799,97.015727
08:03:09,912810UD8,TSRYS5870973,D,B,C,2024-10-16,1000000.00,4.349599,97.03125
08:03:09,912810UD8,TSRYS5870973,D,S,D,2024-10-16,1000000.00,4.349599,97.03125
08:03:09,912810UD8,TSRYS5870973,D,S,D,2024-10-16,1000000.00,4.349584,97.03145
08:03:09,912810UD8,TSRYS5870973,D,S,D,2024-10-16,1000000.00,4.349584,97.03145
08:03:12,912810UD8,TSRYS5870973,D,B,C,2024-10-16,3000000.00,4.350807,97.015625
08:03:12,912810UD8,TSRYS5870973,D,S,C,2024-10-16,1000000.00,4.350789,97.01585
08:03:12,912810UD8,TSRYS5870973,D,S,C,2024-10-16,3000000.00,4.350789,97.01585
08:03:12,912810UD8,TSRYS5870973,D,S,D,2024-10-16,1000000.00,4.352006,97.000102
08:03:12,912810UD8,TSRYS5870973,D,B,C,2024-10-16,1000000.00,4.352014,97.0
08:03:13,912810UD8,TSRYS5870973,D,S,D,2024-10-16,1000000.00,4.353222,96.984375
08:03:13,912810UD8,TSRYS5870973,D,S,D,2024-10-16,1000000.00,4.353222,96.984375
08:03:13,912810UD8,TSRYS5870973,D,B,C,2024-10-16,1000000.00,4.35324,96.984148
08:03:13,912810UD8,TSRYS5870973,D,B,C,2024-10-16,1000000.00,4.35324,96.984148
08:03:13,912810UD8,TSRYS5870973,D,S,D,2024-10-16,1000000.00,4.353222,96.984375
08:03:13,912810UD8,TSRYS5870973,D,S,C,2024-10-16,1000000.00,4.353222,96.984375
08:03:13,912810UD8,TSRYS5870973,D,B,C,2024-10-16,1000000.00,4.35324,96.984148
08:03:13,912810UD8,TSRYS5870973,D,S,D,2024-10-16,1000000.00,4.353222,96.984375
08:03:13,912810UD8,TSRYS5870973,D,B,C,2024-10-16,1000000.00,4.35324,96.984148
08:03:13,912810UD8,TSRYS5870973,D,B,C,2024-10-16,1000000.00,4.35324,96.984148
08:03:13,912810UD8,TSRYS5870973,D,B,C,2024-10-16,1000000.00,4.35324,96.984148
08:03:13,912810UD8,TSRYS5870973,D,S,D,2024-10-16,1000000.00,4.353222,96.984375
08:03:14,912810UD8,TSRYS5870973,D,B,C,2024-10-16,1000000.00,4.35565,96.952975
08:03:14,912810UD8,TSRYS5870973,D,S,C,2024-10-16,1000000.00,4.355621,96.953352
08:03:17,912810UD8,TSRYS5870973,D,S,D,2024-10-16,1000000.00,4.359266,96.90625
08:03:17,912810UD8,TSRYS5870973,D,S,D,2024-10-16,1000000.00,4.359266,96.90625
08:03:17,912810UD8,TSRYS5870973,D,B,C,2024-10-16,1000000.00,4.359266,96.90625
08:03:17,912810UD8,TSRYS5870973,D,B,C,2024-10-16,1000000.00,4.358056,96.921875
08:03:17,912810UD8,TSRYS5870973,D,B,C,2024-10-16,1000000.00,4.358068,96.921723
08:03:17,912810UD8,TSRYS5870973,D,S,D,2024-10-16,1000000.00,4.358056,96.921875
08:03:17,912810UD8,TSRYS5870973,D,S,D,2024-10-16,1000000.00,4.358056,96.921875
08:03:17,912810UD8,TSRYS5870973,D,S,D,2024-10-16,1000000.00,4.358056,96.921875
08:03:18,912810UD8,TSRYS5870973,D,B,C,2024-10-16,1000000.00,4.358056,96.921875
08:03:18,912810UD8,TSRYS5870973,D,S,D,2024-10-16,1000000.00,4.356847,96.9375
08:03:18,912810UD8,TSRYS5870973,D,S,D,2024-10-16,1000000.00,4.356847,96.9375
08:03:18,912810UD8,TSRYS5870973,D,B,C,2024-10-16,1000000.00,4.358074,96.92165
08:03:18,912810UD8,TSRYS5870973,D,S,D,2024-10-16,1000000.00,4.358056,96.921875
08:03:19,912810UD8,TSRYS5870973,D,S,D,2024-10-16,1000000.00,4.360475,96.890625
08:03:21,912810UD8,TSRYS5870973,D,B,C,2024-10-16,1000000.00,4.360487,96.890475
08:03:21,912810UD8,TSRYS5870973,D,S,C,2024-10-16,1000000.00,4.360458,96.89085
08:03:21,912810UD8,TSRYS5870973,D,B,A,2024-10-16,330000.00,4.365315,96.828125
08:03:21,912810UD8,TSRYS5870973,D,S,A,2024-10-16,330000.00,4.365315,96.828125
08:03:21,912810UD8,TSRYS5870973,D,S,A,2024-10-16,140000.00,4.362895,96.859375
08:03:21,912810UD8,TSRYS5870973,D,S,C,2024-10-16,330000.00,4.365315,96.828125
08:03:21,912810UD8,TSRYS5870973,D,S,C,2024-10-16,140000.00,4.362895,96.859375
08:03:21,912810UD8,TSRYS5870973,D,B,A,2024-10-16,140000.00,4.362895,96.859375
08:03:21,912810UD8,TSRYS5870973,D,S,C,2024-10-16,1000000.00,4.364089,96.84395
08:03:21,912810UD8,TSRYS5870973,D,B,C,2024-10-16,1000000.00,4.364122,96.843523
08:03:22,912810UD8,TSRYS5870973,D,S,D,2024-10-16,1000000.00,4.364105,96.84375
08:03:25,912810UD8,TSRYS5870973,D,S,C,2024-10-16,1000000.00,4.361667,96.875225
08:03:25,912810UD8,TSRYS5870973,D,B,C,2024-10-16,1000000.00,4.3617,96.8748
08:03:25,912810UD8,TSRYS5870973,D,S,C,2024-10-16,1000000.00,4.361667,96.875225
08:03:25,912810UD8,TSRYS5870973,D,S,C,2024-10-16,1000000.00,4.361667,96.875225
08:03:25,912810UD8,TSRYS5870973,D,B,C,2024-10-16,1000000.00,4.361702,96.874775
08:03:25,912810UD8,TSRYS5870973,D,S,C,2024-10-16,1000000.00,4.361667,96.875225
08:03:25,912810UD8,TSRYS5870973,D,B,C,2024-10-16,1000000.00,4.361702,96.874775
08:03:25,912810UD8,TSRYS5870973,D,S,C,2024-10-16,1000000.00,4.361667,96.875225
08:03:25,912810UD8,TSRYS5870973,D,S,C,2024-10-16,1000000.00,4.361667,96.875225
08:03:25,912810UD8,TSRYS5870973,D,S,C,2024-10-16,1000000.00,4.361667,96.875225
08:03:25,912810UD8,TSRYS5870973,D,S,D,2024-10-16,1000000.00,4.361685,96.875
08:03:25,912810UD8,TSRYS5870973,D,S,C,2024-10-16,3000000.00,4.361667,96.875225
08:03:25,912810UD8,TSRYS5870973,D,S,D,2024-10-16,1000000.00,4.361685,96.875
08:03:25,912810UD8,TSRYS5870973,D,S,C,2024-10-16,1000000.00,4.361667,96.875225
08:03:25,912810UD8,TSRYS5870973,D,S,C,2024-10-16,1000000.00,4.361667,96.875225
08:03:25,912810UD8,TSRYS5870973,D,S,C,2024-10-16,1000000.00,4.361667,96.875225
08:03:25,912810UD8,TSRYS5870973,D,S,C,2024-10-16,1000000.00,4.361667,96.875225
08:03:31,912810UD8,TSRYS5870973,D,S,D,2024-10-16,1000000.00,4.362895,96.859375
08:03:31,912810UD8,TSRYS5870973,D,B,C,2024-10-16,1000000.00,4.362912,96.85915
08:03:31,912810UD8,TSRYS5870973,D,S,D,2024-10-16,1000000.00,4.362895,96.859375
08:03:31,912810UD8,TSRYS5870973,D,B,C,2024-10-16,1000000.00,4.362912,96.85915
08:03:31,912810UD8,TSRYS5870973,D,S,D,2024-10-16,1000000.00,4.362895,96.859375
08:03:31,912810UD8,TSRYS5870973,D,B,C,2024-10-16,1000000.00,4.362912,96.85915
08:03:31,912810UD8,TSRYS5870973,D,S,D,2024-10-16,1000000.00,4.362895,96.859375
08:03:31,912810UD8,TSRYS5870973,D,B,C,2024-10-16,1000000.00,4.362912,96.85915
08:03:32,912810UD8,TSRYS5870973,D,S,D,2024-10-16,1000000.00,4.361685,96.875
08:03:32,912810UD8,TSRYS5870973,D,B,C,2024-10-16,1000000.00,4.361702,96.874775
08:03:32,912810UD8,TSRYS5870973,D,S,C,2024-10-16,1000000.00,4.361685,96.875
08:03:32,912810UD8,TSRYS5870973,D,S,D,2024-10-16,1000000.00,4.361685,96.875
08:03:32,912810UD8,TSRYS5870973,D,B,C,2024-10-16,1000000.00,4.361702,96.874775
08:03:32,912810UD8,TSRYS5870973,D,B,C,2024-10-16,1000000.00,4.361702,96.874775
08:03:32,912810UD8,TSRYS5870973,D,S,D,2024-10-16,1000000.00,4.361685,96.875
08:03:32,912810UD8,TSRYS5870973,D,B,C,2024-10-16,1000000.00,4.361702,96.874775
08:03:32,912810UD8,TSRYS5870973,D,S,C,2024-10-16,1000000.00,4.362879,96.859575
08:03:32,912810UD8,TSRYS5870973,D,S,C,2024-10-16,1000000.00,4.362877,96.8596
08:03:32,912810UD8,TSRYS5870973,D,S,C,2024-10-16,1000000.00,4.362877,96.8596
08:03:32,912810UD8,TSRYS5870973,D,S,C,2024-10-16,1000000.00,4.362877,96.8596
08:03:32,912810UD8,TSRYS5870973,D,S,C,2024-10-16,1000000.00,4.362877,96.8596
08:03:32,912810UD8,TSRYS5870973,D,S,D,2024-10-16,1000000.00,4.364105,96.84375
08:03:32,912810UD8,TSRYS5870973,D,S,D,2024-10-16,1000000.00,4.364105,96.84375
08:03:32,912810UD8,TSRYS5870973,D,S,D,2024-10-16,1000000.00,4.364105,96.84375
08:03:32,912810UD8,TSRYS5870973,D,S,D,2024-10-16,1000000.00,4.364105,96.84375
08:03:32,912810UD8,TSRYS5870973,D,S,D,2024-10-16,1000000.00,4.364105,96.84375
08:03:32,912810UD8,TSRYS5870973,D,S,D,2024-10-16,1000000.00,4.364105,96.84375
08:03:32,912810UD8,TSRYS5870973,D,S,D,2024-10-16,1000000.00,4.364105,96.84375
08:03:32,912810UD8,TSRYS5870973,D,S,C,2024-10-16,1000000.00,4.364089,96.84395
08:03:32,912810UD8,TSRYS5870973,D,S,D,2024-10-16,1000000.00,4.364105,96.84375
08:03:32,912810UD8,TSRYS5870973,D,S,D,2024-10-16,1000000.00,4.364105,96.84375
08:03:32,912810UD8,TSRYS5870973,D,S,D,2024-10-16,1000000.00,4.364105,96.84375
08:03:32,912810UD8,TSRYS5870973,D,S,D,2024-10-16,1000000.00,4.364105,96.84375
08:03:32,912810UD8,TSRYS5870973,D,S,D,2024-10-16,1000000.00,4.364105,96.84375
08:03:32,912810UD8,TSRYS5870973,D,S,C,2024-10-16,1000000.00,4.364089,96.84395
08:03:32,912810UD8,TSRYS5870973,D,S,C,2024-10-16,1000000.00,4.364105,96.84375
08:03:33,912810UD8,TSRYS5870973,D,S,D,2024-10-16,1000000.00,4.364105,96.84375
08:03:33,912810UD8,TSRYS5870973,D,S,D,2024-10-16,1000000.00,4.364105,96.84375
08:03:33,912810UD8,TSRYS5870973,D,S,D,2024-10-16,1000000.00,4.364105,96.84375
08:03:33,912810UD8,TSRYS5870973,D,S,C,2024-10-16,2000000.00,4.364105,96.84375
08:03:33,912810UD8,TSRYS5870973,D,S,D,2024-10-16,1000000.00,4.362895,96.859375
08:03:33,912810UD8,TSRYS5870973,D,B,C,2024-10-16,1000000.00,4.362895,96.859375
08:03:33,912810UD8,TSRYS5870973,D,S,C,2024-10-16,1000000.00,4.362877,96.8596
08:03:33,912810UD8,TSRYS5870973,D,S,C,2024-10-16,1000000.00,4.362877,96.8596
08:03:33,912810UD8,TSRYS5870973,D,S,C,2024-10-16,1000000.00,4.362877,96.8596
08:03:33,912810UD8,TSRYS5870973,D,S,C,2024-10-16,1000000.00,4.362877,96.8596
08:03:33,912810UD8,TSRYS5870973,D,B,C,2024-10-16,1000000.00,4.36291,96.859175
08:03:36,912810UD8,TSRYS5870973,D,S,D,2024-10-16,1000000.00,4.356847,96.9375
08:03:36,912810UD8,TSRYS5870973,D,S,D,2024-10-16,1000000.00,4.356847,96.9375
08:03:36,912810UD8,TSRYS5870973,D,B,C,2024-10-16,1000000.00,4.356847,96.9375
08:03:36,912810UD8,TSRYS5870973,D,B,C,2024-10-16,1000000.00,4.356847,96.9375
08:03:42,912810UD8,TSRYS5870973,D,S,D,2024-10-16,1000000.00,4.355639,96.953125
08:03:44,912810UD8,TSRYS5870973,D,S,D,2024-10-16,1000000.00,4.355639,96.953125
08:03:44,912810UD8,TSRYS5870973,D,S,D,2024-10-16,1000000.00,4.355639,96.953125
08:03:44,912810UD8,TSRYS5870973,D,B,C,2024-10-16,1000000.00,4.355647,96.953025
08:03:44,912810UD8,TSRYS5870973,D,S,D,2024-10-16,1000000.00,4.355639,96.953125
08:03:44,912810UD8,TSRYS5870973,D,S,D,2024-10-16,1000000.00,4.355639,96.953125
08:03:44,912810UD8,TSRYS5870973,D,S,D,2024-10-16,1000000.00,4.355639,96.953125
08:03:44,912810UD8,TSRYS5870973,D,B,C,2024-10-16,1000000.00,4.355654,96.952925
08:03:44,912810UD8,TSRYS5870973,D,S,D,2024-10-16,1000000.00,4.355639,96.953125
08:03:44,912810UD8,TSRYS5870973,D,S,D,2024-10-16,1000000.00,4.355639,96.953125
08:03:47,912810UD8,TSRYS5870973,D,B,C,2024-10-16,1000000.00,4.354448,96.968523
08:03:47,912810UD8,TSRYS5870973,D,S,D,2024-10-16,1000000.00,4.35443,96.96875
08:03:48,912810UD8,TSRYS5870973,D,S,C,2024-10-16,1000000.00,4.354415,96.96895
08:03:48,912810UD8,TSRYS5870973,D,B,C,2024-10-16,1000000.00,4.354444,96.968575
08:03:48,912810UD8,TSRYS5870973,D,S,C,2024-10-16,1000000.00,4.354415,96.96895
08:03:48,912810UD8,TSRYS5870973,D,B,C,2024-10-16,1000000.00,4.35443,96.96875
08:03:48,912810UD8,TSRYS5870973,D,S,C,2024-10-16,1000000.00,4.353211,96.984525
08:03:48,912810UD8,TSRYS5870973,D,B,C,2024-10-16,1000000.00,4.353238,96.984175
08:03:51,912810UD8,TSRYS5870973,D,B,C,2024-10-16,1000000.00,4.353222,96.984375
08:03:51,912810UD8,TSRYS5870973,D,S,D,2024-10-16,1000000.00,4.353222,96.984375
08:03:51,912810UD8,TSRYS5870973,D,S,D,2024-10-16,1000000.00,4.353222,96.984375
08:03:51,912810UD8,TSRYS5870973,D,S,C,2024-10-16,1000000.00,4.354415,96.96895
08:03:51,912810UD8,TSRYS5870973,D,B,C,2024-10-16,1000000.00,4.355654,96.952925
08:03:51,912810UD8,TSRYS5870973,D,B,C,2024-10-16,1000000.00,4.355654,96.952925
08:03:51,912810UD8,TSRYS5870973,D,S,D,2024-10-16,1000000.00,4.355639,96.953125
08:03:51,912810UD8,TSRYS5870973,D,S,D,2024-10-16,1000000.00,4.35443,96.96875
08:03:52,912810UD8,TSRYS5870973,D,S,D,2024-10-16,1000000.00,4.355639,96.953125
08:03:53,912810UD8,TSRYS5870973,D,S,D,2024-10-16,1000000.00,4.355639,96.953125
08:03:53,912810UD8,TSRYS5870973,D,S,D,2024-10-16,1000000.00,4.354415,96.96895
08:03:53,912810UD8,TSRYS5870973,D,S,C,2024-10-16,1000000.00,4.353207,96.984575
08:03:54,912810UD8,TSRYS5870973,D,S,D,2024-10-16,1000000.00,4.353222,96.984375
08:03:54,912810UD8,TSRYS5870973,D,S,D,2024-10-16,1000000.00,4.352014,97.0
08:03:55,912810UD8,TSRYS5870973,D,S,D,2024-10-16,1000000.00,4.351999,97.0002
08:03:55,912810UD8,TSRYS5870973,D,S,D,2024-10-16,1000000.00,4.351999,97.0002
08:03:57,912810UD8,TSRYS5870973,D,S,D,2024-10-16,1000000.00,4.349589,97.03138
08:03:57,912810UD8,TSRYS5870973,D,S,D,2024-10-16,1000000.00,4.350807,97.015625
08:03:57,912810UD8,TSRYS5870973,D,S,D,2024-10-16,1000000.00,4.350807,97.015625
08:03:57,912810UD8,TSRYS5870973,D,S,D,2024-10-16,1000000.00,4.350807,97.015625
08:03:58,912810UD8,TSRYS5870973,D,S,D,2024-10-16,1000000.00,4.350807,97.015625
08:03:58,912810UD8,TSRYS5870973,D,S,D,2024-10-16,1000000.00,4.350807,97.015625
08:04:00,912810UD8,TSRYS5870973,D,S,D,2024-10-16,1000000.00,4.352014,97.0
08:04:00,912810UD8,TSRYS5870973,D,B,C,2024-10-16,1000000.00,4.352032,96.999775
08:04:01,912810UD8,TSRYS5870973,D,S,D,2024-10-16,1000000.00,4.350807,97.015625
08:04:01,912810UD8,TSRYS5870973,D,B,C,2024-10-16,1000000.00,4.350824,97.0154
08:04:01,912810UD8,TSRYS5870973,D,S,D,2024-10-16,1000000.00,4.352014,97.0
08:04:01,912810UD8,TSRYS5870973,D,S,D,2024-10-16,1000000.00,4.352014,97.0
08:04:01,912810UD8,TSRYS5870973,D,S,D,2024-10-16,1000000.00,4.352014,97.0
08:04:01,912810UD8,TSRYS5870973,D,B,C,2024-10-16,1000000.00,4.35203,96.9998
08:04:01,912810UD8,TSRYS5870973,D,S,D,2024-10-16,1000000.00,4.352014,97.0
08:04:01,912810UD8,TSRYS5870973,D,S,D,2024-10-16,1000000.00,4.352014,97.0
08:04:02,912810UD8,TSRYS5870973,D,S,D,2024-10-16,1000000.00,4.352014,97.0
08:04:02,912810UD8,TSRYS5870973,D,S,D,2024-10-16,1000000.00,4.352014,97.0
08:04:02,912810UD8,TSRYS5870973,D,B,C,2024-10-16,1000000.00,4.353222,96.984375
08:04:02,912810UD8,TSRYS5870973,D,S,C,2024-10-16,1000000.00,4.353207,96.984575
08:04:02,912810UD8,TSRYS5870973,D,B,C,2024-10-16,1000000.00,4.352014,97.0
08:04:02,912810UD8,TSRYS5870973,D,S,D,2024-10-16,1000000.00,4.352014,97.0
08:04:02,912810UD8,TSRYS5870973,D,B,C,2024-10-16,1000000.00,4.353222,96.984375
08:04:02,912810UD8,TSRYS5870973,D,S,C,2024-10-16,1000000.00,4.353207,96.984575
08:04:02,912810UD8,TSRYS5870973,D,S,D,2024-10-16,1000000.00,4.352014,97.0
08:04:02,912810UD8,TSRYS5870973,D,B,C,2024-10-16,1000000.00,4.353222,96.984375
08:04:02,912810UD8,TSRYS5870973,D,S,C,2024-10-16,1000000.00,4.353207,96.984575
08:04:02,912810UD8,TSRYS5870973,D,S,D,2024-10-16,1000000.00,4.352014,97.0
08:04:02,912810UD8,TSRYS5870973,D,B,C,2024-10-16,1000000.00,4.353222,96.984375
08:04:02,912810UD8,TSRYS5870973,D,S,C,2024-10-16,1000000.00,4.353207,96.984575
08:04:02,912810UD8,TSRYS5870973,D,S,D,2024-10-16,1000000.00,4.352014,97.0
08:04:03,912810UD8,TSRYS5870973,D,S,D,2024-10-16,1000000.00,4.353222,96.984375
08:04:08,912810UD8,TSRYS5870973,D,S,D,2024-10-16,2000000.00,4.355631,96.953227
08:04:08,912810UD8,TSRYS5870973,D,B,C,2024-10-16,2000000.00,4.35565,96.952975
08:04:09,912810UD8,TSRYS5870973,D,S,D,2024-10-16,1000000.00,4.354279,96.970703125
08:04:09,912810UD8,TSRYS5870973,D,S,T,2024-10-16,1000000.00,4.353222,96.984375
08:04:09,912810UD8,TSRYS5870973,D,S,C,2024-10-16,3500000.00,4.352316,96.99609375
08:04:12,912810UD8,TSRYS5870973,D,S,T,2024-10-16,1000000.00,4.354279,96.970703125
08:04:12,912810UD8,TSRYS5870973,D,S,T,2024-10-16,1000000.00,4.35443,96.96875
08:04:12,912810UD8,TSRYS5870973,D,B,C,2024-10-16,1000000.00,4.358056,96.921875
08:04:12,912810UD8,TSRYS5870973,D,B,C,2024-10-16,1000000.00,4.358056,96.921875
08:04:12,912810UD8,TSRYS5870973,D,S,D,2024-10-16,1000000.00,4.358048,96.921977
08:04:12,912810UD8,TSRYS5870973,D,S,D,2024-10-16,1000000.00,4.358048,96.921977
08:04:13,912810UD8,TSRYS5870973,D,B,C,2024-10-16,1000000.00,4.359266,96.90625
