tradeTime,cusip,issueSymbolIdentifier,priceType,reportingSideCode,contraPartyTypeCode,tradeDate,reportedTradeVolume,lastSaleYield,lastSalePrice
08:00:02,912810TZ1,TSRYS5752098,D,S,D,2024-04-15,1000000.00,4.770272,96.552734375
08:00:02,912810TZ1,TSRYS5752098,D,S,C,2024-04-15,1000000.00,4.752876,96.76953125
08:00:02,912810TZ1,TSRYS5752098,D,S,C,2024-04-15,1000000.00,4.753032,96.767578125
08:00:02,912810TZ1,TSRYS5752098,D,S,C,2024-04-15,1000000.00,4.757886,96.70703125
08:00:02,912810TZ1,TSRYS5752098,D,S,C,2024-04-15,1000000.00,4.757886,96.70703125
08:00:06,912810TZ1,TSRYS5752098,D,S,D,2024-04-15,1000000.00,4.776083,96.48046875
08:00:06,912810TZ1,TSRYS5752098,D,S,D,2024-04-15,1000000.00,4.776083,96.48046875
08:00:06,912810TZ1,TSRYS5752098,D,S,D,2024-04-15,1000000.00,4.776083,96.48046875
08:00:06,912810TZ1,TSRYS5752098,D,S,D,2024-04-15,1000000.00,4.776083,96.48046875
08:00:10,912810TZ1,TSRYS5752098,D,S,D,2024-04-15,1000000.00,4.793706,96.26171875
08:00:10,912810TZ1,TSRYS5752098,D,S,C,2024-04-15,1000000.00,4.797174,96.21875
08:00:14,912810TZ1,TSRYS5752098,D,S,A,2024-04-15,500000.00,4.781427,96.4140625
08:00:25,912810TZ1,TSRYS5752098,D,S,D,2024-04-15,1000000.00,4.770743,96.546875
08:00:25,912810TZ1,TSRYS5752098,D,S,D,2024-04-15,1000000.00,4.770429,96.55078125
08:00:25,912810TZ1,TSRYS5752098,D,S,D,2024-04-15,1000000.00,4.770743,96.546875
08:00:25,912810TZ1,TSRYS5752098,D,S,D,2024-04-15,1000000.00,4.770743,96.546875
08:00:25,912810TZ1,TSRYS5752098,D,S,D,2024-04-15,1000000.00,4.76635,96.6015625
08:00:25,912810TZ1,TSRYS5752098,D,S,D,2024-04-15,1000000.00,4.76635,96.6015625
08:00:25,912810TZ1,TSRYS5752098,D,S,D,2024-04-15,1000000.00,4.76635,96.6015625
08:00:25,912810TZ1,TSRYS5752098,D,S,T,2024-04-15,1000000.00,4.758356,96.701171875
08:00:25,912810TZ1,TSRYS5752098,D,S,D,2024-04-15,1000000.00,4.756633,96.72265625
08:00:25,912810TZ1,TSRYS5752098,D,S,T,2024-04-15,1000000.00,4.752563,96.7734375
08:00:25,912810TZ1,TSRYS5752098,D,S,T,2024-04-15,1000000.00,4.756163,96.728515625
08:00:25,912810TZ1,TSRYS5752098,D,S,D,2024-04-15,1000000.00,4.784573,96.375
08:00:25,912810TZ1,TSRYS5752098,D,S,D,2024-04-15,1000000.00,4.777026,96.46875
08:00:30,912810TZ1,TSRYS5752098,D,S,T,2024-04-15,1000000.00,4.766977,96.59375
08:00:30,912810TZ1,TSRYS5752098,D,S,T,2024-04-15,1000000.00,4.767762,96.583984375
08:00:30,912810TZ1,TSRYS5752098,D,S,T,2024-04-15,1000000.00,4.764468,96.625
08:00:30,912810TZ1,TSRYS5752098,D,S,T,2024-04-15,1000000.00,4.758042,96.705078125
08:00:30,912810TZ1,TSRYS5752098,D,S,T,2024-04-15,1000000.00,4.758042,96.705078125
08:00:30,912810TZ1,TSRYS5752098,D,S,T,2024-04-15,1000000.00,4.758199,96.703125
08:00:30,912810TZ1,TSRYS5752098,D,S,T,2024-04-15,1000000.00,4.758042,96.705078125
08:00:30,912810TZ1,TSRYS5752098,D,S,T,2024-04-15,1000000.00,4.760079,96.6796875
08:00:30,912810TZ1,TSRYS5752098,D,S,T,2024-04-15,1000000.00,4.760079,96.6796875
08:00:30,912810TZ1,TSRYS5752098,D,S,T,2024-04-15,1000000.00,4.759922,96.681640625
08:00:30,912810TZ1,TSRYS5752098,D,S,T,2024-04-15,1000000.00,4.755693,96.734375
08:00:30,912810TZ1,TSRYS5752098,D,S,D,2024-04-15,1000000.00,4.760079,96.6796875
08:00:30,912810TZ1,TSRYS5752098,D,S,D,2024-04-15,1000000.00,4.760079,96.6796875
08:00:30,912810TZ1,TSRYS5752098,D,S,D,2024-04-15,1000000.00,4.757886,96.70703125
08:00:30,912810TZ1,TSRYS5752098,D,S,D,2024-04-15,1000000.00,4.762273,96.65234375
08:00:30,912810TZ1,TSRYS5752098,D,S,T,2024-04-15,1000000.00,4.760236,96.677734375
08:00:30,912810TZ1,TSRYS5752098,D,S,T,2024-04-15,1000000.00,4.764154,96.62890625
08:00:30,912810TZ1,TSRYS5752098,D,S,T,2024-04-15,1000000.00,4.777026,96.46875
08:00:30,912810TZ1,TSRYS5752098,D,S,D,2024-04-15,1000000.00,4.777026,96.46875
08:00:30,912810TZ1,TSRYS5752098,D,S,D,2024-04-15,1000000.00,4.778597,96.44921875
08:00:30,912810TZ1,TSRYS5752098,D,S,D,2024-04-15,1000000.00,4.779226,96.44140625
08:00:30,912810TZ1,TSRYS5752098,D,S,D,2024-04-15,1000000.00,4.779226,96.44140625
08:00:30,912810TZ1,TSRYS5752098,D,S,T,2024-04-15,1000000.00,4.779226,96.44140625
08:00:30,912810TZ1,TSRYS5752098,D,S,T,2024-04-15,1000000.00,4.774512,96.5
08:00:30,912810TZ1,TSRYS5752098,D,S,T,2024-04-15,1000000.00,4.77734,96.46484375
08:00:30,912810TZ1,TSRYS5752098,D,S,T,2024-04-15,1000000.00,4.77954,96.4375
08:00:33,912810TZ1,TSRYS5752098,D,S,D,2024-04-15,1000000.00,4.779226,96.44140625
08:00:33,912810TZ1,TSRYS5752098,D,S,D,2024-04-15,1000000.00,4.779226,96.44140625
08:00:33,912810TZ1,TSRYS5752098,D,S,T,2024-04-15,1000000.00,4.782056,96.40625
08:00:33,912810TZ1,TSRYS5752098,D,S,T,2024-04-15,1000000.00,4.782056,96.40625
08:00:33,912810TZ1,TSRYS5752098,D,S,D,2024-04-15,1000000.00,4.787721,96.3359375
08:00:33,912810TZ1,TSRYS5752098,D,S,D,2024-04-15,1000000.00,4.787721,96.3359375
08:00:33,912810TZ1,TSRYS5752098,D,S,T,2024-04-15,1000000.00,4.782056,96.40625
08:00:33,912810TZ1,TSRYS5752098,D,S,T,2024-04-15,1000000.00,4.777026,96.46875
08:00:33,912810TZ1,TSRYS5752098,D,S,T,2024-04-15,1000000.00,4.775611,96.486328125
08:00:33,912810TZ1,TSRYS5752098,D,S,T,2024-04-15,1000000.00,4.779855,96.43359375
08:00:33,912810TZ1,TSRYS5752098,D,S,D,2024-04-15,1000000.00,4.781113,96.41796875
08:00:33,912810TZ1,TSRYS5752098,D,S,D,2024-04-15,1000000.00,4.781113,96.41796875
08:00:33,912810TZ1,TSRYS5752098,D,S,D,2024-04-15,1000000.00,4.781113,96.41796875
08:00:33,912810TZ1,TSRYS5752098,D,S,T,2024-04-15,1000000.00,4.78536,96.365234375
08:00:33,912810TZ1,TSRYS5752098,D,S,T,2024-04-15,1000000.00,4.775769,96.484375
08:00:33,912810TZ1,TSRYS5752098,D,S,T,2024-04-15,1000000.00,4.775769,96.484375
08:00:33,912810TZ1,TSRYS5752098,D,S,T,2024-04-15,1000000.00,4.775769,96.484375
08:00:33,912810TZ1,TSRYS5752098,D,S,T,2024-04-15,1000000.00,4.775769,96.484375
08:00:33,912810TZ1,TSRYS5752098,D,S,T,2024-04-15,1000000.00,4.782056,96.40625
08:00:33,912810TZ1,TSRYS5752098,D,S,D,2024-04-15,1000000.00,4.782056,96.40625
08:00:33,912810TZ1,TSRYS5752098,D,S,T,2024-04-15,1000000.00,4.79087,96.296875
08:00:33,912810TZ1,TSRYS5752098,D,S,T,2024-04-15,1000000.00,4.79087,96.296875
08:00:33,912810TZ1,TSRYS5752098,D,S,T,2024-04-15,1000000.00,4.79087,96.296875
08:00:33,912810TZ1,TSRYS5752098,D,S,T,2024-04-15,1000000.00,4.79087,96.296875
08:00:33,912810TZ1,TSRYS5752098,D,S,D,2024-04-15,1000000.00,4.793391,96.265625
08:00:33,912810TZ1,TSRYS5752098,D,S,T,2024-04-15,1000000.00,4.797174,96.21875
08:00:33,912810TZ1,TSRYS5752098,D,S,T,2024-04-15,1000000.00,4.797174,96.21875
08:00:33,912810TZ1,TSRYS5752098,D,S,T,2024-04-15,1000000.00,4.797174,96.21875
08:00:33,912810TZ1,TSRYS5752098,D,S,T,2024-04-15,1000000.00,4.798435,96.203125
08:00:33,912810TZ1,TSRYS5752098,D,S,T,2024-04-15,1000000.00,4.798435,96.203125
08:00:33,912810TZ1,TSRYS5752098,D,S,T,2024-04-15,1000000.00,4.798435,96.203125
08:00:33,912810TZ1,TSRYS5752098,D,S,T,2024-04-15,2000000.00,4.798435,96.203125
08:00:33,912810TZ1,TSRYS5752098,D,S,T,2024-04-15,1000000.00,4.798435,96.203125
08:00:33,912810TZ1,TSRYS5752098,D,S,T,2024-04-15,1000000.00,4.798435,96.203125
08:00:33,912810TZ1,TSRYS5752098,D,S,T,2024-04-15,1000000.00,4.799697,96.1875
08:00:33,912810TZ1,TSRYS5752098,D,S,T,2024-04-15,1000000.00,4.799697,96.1875
08:00:33,912810TZ1,TSRYS5752098,D,S,T,2024-04-15,1000000.00,4.799697,96.1875
08:00:33,912810TZ1,TSRYS5752098,D,S,T,2024-04-15,1000000.00,4.799697,96.1875
08:00:33,912810TZ1,TSRYS5752098,D,S,T,2024-04-15,1000000.00,4.798908,96.197265625
08:00:33,912810TZ1,TSRYS5752098,D,S,T,2024-04-15,1000000.00,4.794651,96.25
08:00:33,912810TZ1,TSRYS5752098,D,S,T,2024-04-15,1000000.00,4.794651,96.25
08:00:33,912810TZ1,TSRYS5752098,D,S,T,2024-04-15,1000000.00,4.795912,96.234375
08:00:33,912810TZ1,TSRYS5752098,D,S,T,2024-04-15,1000000.00,4.795597,96.23828125
08:00:33,912810TZ1,TSRYS5752098,D,S,D,2024-04-15,1000000.00,4.764468,96.625
08:00:33,912810TZ1,TSRYS5752098,D,S,D,2024-04-15,1000000.00,4.764468,96.625
08:00:33,912810TZ1,TSRYS5752098,D,S,D,2024-04-15,1000000.00,4.757886,96.70703125
08:00:33,912810TZ1,TSRYS5752098,D,S,D,2024-04-15,1000000.00,4.774198,96.50390625
08:00:33,912810TZ1,TSRYS5752098,D,S,D,2024-04-15,1000000.00,4.776711,96.47265625
08:00:33,912810TZ1,TSRYS5752098,D,S,D,2024-04-15,1000000.00,4.777026,96.46875
08:00:33,912810TZ1,TSRYS5752098,D,S,D,2024-04-15,1000000.00,4.777026,96.46875
08:00:33,912810TZ1,TSRYS5752098,D,S,D,2024-04-15,1000000.00,4.768232,96.578125
08:00:33,912810TZ1,TSRYS5752098,D,S,D,2024-04-15,1000000.00,4.770743,96.546875
08:00:33,912810TZ1,TSRYS5752098,D,S,D,2024-04-15,1000000.00,4.76196,96.65625
08:00:33,912810TZ1,TSRYS5752098,D,S,D,2024-04-15,1000000.00,4.76196,96.65625
08:00:33,912810TZ1,TSRYS5752098,D,S,D,2024-04-15,1000000.00,4.774355,96.501953125
08:00:33,912810TZ1,TSRYS5752098,D,S,D,2024-04-15,1000000.00,4.784573,96.375
08:00:33,912810TZ1,TSRYS5752098,D,S,D,2024-04-15,1000000.00,4.795282,96.2421875
08:00:33,912810TZ1,TSRYS5752098,D,S,D,2024-04-15,1000000.00,4.795282,96.2421875
08:00:33,912810TZ1,TSRYS5752098,D,S,D,2024-04-15,1000000.00,4.793233,96.267578125
08:00:33,912810TZ1,TSRYS5752098,D,S,D,2024-04-15,1000000.00,4.793233,96.267578125
08:00:33,912810TZ1,TSRYS5752098,D,S,D,2024-04-15,1000000.00,4.793233,96.267578125
08:00:33,912810TZ1,TSRYS5752098,D,S,D,2024-04-15,1000000.00,4.797331,96.216796875
08:00:33,912810TZ1,TSRYS5752098,D,S,T,2024-04-15,1000000.00,4.770743,96.546875
08:00:33,912810TZ1,TSRYS5752098,D,S,T,2024-04-15,1000000.00,4.770743,96.546875
08:00:33,912810TZ1,TSRYS5752098,D,S,T,2024-04-15,1000000.00,4.774355,96.501953125
08:00:33,912810TZ1,TSRYS5752098,D,S,T,2024-04-15,1000000.00,4.774355,96.501953125
08:00:33,912810TZ1,TSRYS5752098,D,S,T,2024-04-15,1000000.00,4.773884,96.5078125
08:00:33,912810TZ1,TSRYS5752098,D,S,T,2024-04-15,1000000.00,4.776083,96.48046875
08:00:33,912810TZ1,TSRYS5752098,D,S,D,2024-04-15,1000000.00,4.782056,96.40625
08:00:33,912810TZ1,TSRYS5752098,D,S,D,2024-04-15,1000000.00,4.782056,96.40625
08:00:33,912810TZ1,TSRYS5752098,D,S,D,2024-04-15,1000000.00,4.782056,96.40625
08:00:33,912810TZ1,TSRYS5752098,D,S,T,2024-04-15,3000000.00,4.783629,96.38671875
08:00:33,912810TZ1,TSRYS5752098,D,S,T,2024-04-15,1000000.00,4.795282,96.2421875
08:00:33,912810TZ1,TSRYS5752098,D,S,T,2024-04-15,1000000.00,4.793233,96.267578125
08:00:33,912810TZ1,TSRYS5752098,D,S,T,2024-04-15,1000000.00,4.793233,96.267578125
08:00:33,912810TZ1,TSRYS5752098,D,S,T,2024-04-15,1000000.00,4.797331,96.216796875
08:00:33,912810TZ1,TSRYS5752098,D,S,T,2024-04-15,1000000.00,4.798435,96.203125
08:00:33,912810TZ1,TSRYS5752098,D,S,T,2024-04-15,1000000.00,4.799066,96.1953125
08:00:33,912810TZ1,TSRYS5752098,D,S,T,2024-04-15,1000000.00,4.794336,96.25390625
08:00:33,912810TZ1,TSRYS5752098,D,S,D,2024-04-15,2000000.00,4.797804,96.2109375
08:00:33,912810TZ1,TSRYS5752098,D,S,D,2024-04-15,4000.00,4.794619,96.2504
08:00:37,912810TZ1,TSRYS5752098,D,S,C,2024-04-15,4000.00,4.794619,96.3754
08:00:37,912810TZ1,TSRYS5752098,D,S,D,2024-04-15,195000.00,4.79213,96.28125
08:00:37,912810TZ1,TSRYS5752098,D,S,T,2024-04-15,1000000.00,4.767134,96.591796875
08:00:37,912810TZ1,TSRYS5752098,D,S,T,2024-04-15,1000000.00,4.767134,96.591796875
08:00:37,912810TZ1,TSRYS5752098,D,S,T,2024-04-15,1000000.00,4.773412,96.513671875
08:00:37,912810TZ1,TSRYS5752098,D,S,T,2024-04-15,1000000.00,4.773412,96.513671875
08:00:37,912810TZ1,TSRYS5752098,D,S,T,2024-04-15,1000000.00,4.75585,96.732421875
08:00:37,912810TZ1,TSRYS5752098,D,S,A,2024-04-15,350000.00,4.775769,96.484375
08:00:37,912810TZ1,TSRYS5752098,D,S,C,2024-04-15,200000.00,4.775454,96.48828125
08:00:37,912810TZ1,TSRYS5752098,D,S,C,2024-04-15,340000.00,4.777026,96.46875
08:00:38,912810TZ1,TSRYS5752098,D,S,C,2024-04-15,600000.00,4.79087,96.296875
08:00:38,912810TZ1,TSRYS5752098,D,S,D,2024-04-15,250000.00,4.799066,96.1953125
08:00:41,912810TZ1,TSRYS5752098,D,S,D,2024-04-15,5000000.00,4.789295,96.31640625
08:00:41,912810TZ1,TSRYS5752098,D,S,T,2024-04-15,1000000.00,4.768232,96.578125
08:00:41,912810TZ1,TSRYS5752098,D,S,T,2024-04-15,1000000.00,4.768232,96.578125
08:00:41,912810TZ1,TSRYS5752098,D,S,T,2024-04-15,1000000.00,4.777026,96.46875
08:00:41,912810TZ1,TSRYS5752098,D,S,T,2024-04-15,1000000.00,4.774512,96.5
08:00:41,912810TZ1,TSRYS5752098,D,S,T,2024-04-15,1000000.00,4.778283,96.453125
08:00:41,912810TZ1,TSRYS5752098,D,S,T,2024-04-15,1000000.00,4.782056,96.40625
08:00:42,912810TZ1,TSRYS5752098,D,S,T,2024-04-15,1000000.00,4.775769,96.484375
08:00:42,912810TZ1,TSRYS5752098,D,S,T,2024-04-15,2000000.00,4.794651,96.25
08:00:42,912810TZ1,TSRYS5752098,D,S,T,2024-04-15,2000000.00,4.797174,96.21875
08:00:42,912810TZ1,TSRYS5752098,D,S,A,2024-04-15,3000.00,4.793358,96.43269166667
08:00:43,912810TZ1,TSRYS5752098,D,B,C,2024-04-15,5000000.00,4.789295,96.31640625
08:00:46,912810TZ1,TSRYS5752098,D,S,D,2024-04-15,6000000.00,4.783439,96.38908
08:00:49,912810TZ1,TSRYS5752098,D,S,C,2024-04-15,200000.00,4.791794,96.28515625
08:00:50,912810TZ1,TSRYS5752098,D,S,A,2024-04-15,229000.00,4.794967,96.24609375
08:00:51,912810TZ1,TSRYS5752098,D,S,T,2024-04-15,1000000.00,4.79213,96.28125
08:00:59,912810TZ1,TSRYS5752098,D,S,T,2024-04-15,1000000.00,4.79592,96.234275
08:00:59,912810TZ1,TSRYS5752098,D,S,T,2024-04-15,1000000.00,4.796078,96.232321875
08:00:59,912810TZ1,TSRYS5752098,D,S,T,2024-04-15,1000000.00,4.796236,96.23036875
08:00:59,912810TZ1,TSRYS5752098,D,S,D,2024-04-15,3000000.00,4.798475,96.20263
08:01:00,912810TZ1,TSRYS5752098,D,S,A,2024-04-15,10500.00,4.779843,96.43399375
08:01:00,912810TZ1,TSRYS5752098,D,S,D,2024-04-15,3055000.00,4.783314,96.390625
08:01:00,912810TZ1,TSRYS5752098,D,S,A,2024-04-15,724000.00,4.781742,96.41015625
08:01:01,912810TZ1,TSRYS5752098,D,S,A,2024-04-15,161000.00,4.787406,96.33984375
08:01:03,912810TZ1,TSRYS5752098,D,S,C,2024-04-15,100000.00,4.795912,96.234375
08:01:04,912810TZ1,TSRYS5752098,D,S,A,2024-04-15,523300.00,4.776083,96.48046875
08:01:05,912810TZ1,TSRYS5752098,D,S,D,2024-04-15,1000000.00,4.770743,96.546875
08:01:05,912810TZ1,TSRYS5752098,D,S,D,2024-04-15,1000000.00,4.770429,96.55078125
08:01:05,912810TZ1,TSRYS5752098,D,S,D,2024-04-15,1000000.00,4.770743,96.546875
08:01:05,912810TZ1,TSRYS5752098,D,S,D,2024-04-15,1000000.00,4.770743,96.546875
08:01:05,912810TZ1,TSRYS5752098,D,S,D,2024-04-15,1000000.00,4.76635,96.6015625
08:01:05,912810TZ1,TSRYS5752098,D,S,D,2024-04-15,1000000.00,4.76635,96.6015625
08:01:05,912810TZ1,TSRYS5752098,D,S,D,2024-04-15,1000000.00,4.76635,96.6015625
08:01:05,912810TZ1,TSRYS5752098,D,B,C,2024-04-15,25000000.00,4.795282,96.2421875
08:01:05,912810TZ1,TSRYS5752098,D,S,A,2024-04-15,351000.00,4.782371,96.40234375
08:01:05,912810TZ1,TSRYS5752098,D,B,C,2024-04-15,1000000.00,4.75632,96.7265625
08:01:05,912810TZ1,TSRYS5752098,D,S,C,2024-04-15,1000000.00,4.756633,96.72265625
08:01:05,912810TZ1,TSRYS5752098,D,S,C,2024-04-15,1000000.00,4.75632,96.7265625
08:01:05,912810TZ1,TSRYS5752098,D,S,D,2024-04-15,1000000.00,4.753502,96.76171875
08:01:05,912810TZ1,TSRYS5752098,D,B,C,2024-04-15,1000000.00,4.753502,96.76171875
08:01:05,912810TZ1,TSRYS5752098,D,S,C,2024-04-15,1000000.00,4.760079,96.6796875
08:01:05,912810TZ1,TSRYS5752098,D,S,C,2024-04-15,1000000.00,4.760079,96.6796875
08:01:05,912810TZ1,TSRYS5752098,D,S,C,2024-04-15,1000000.00,4.757886,96.70703125
08:01:05,912810TZ1,TSRYS5752098,D,S,C,2024-04-15,1000000.00,4.757886,96.70703125
08:01:05,912810TZ1,TSRYS5752098,D,S,C,2024-04-15,1000000.00,4.762273,96.65234375
08:01:05,912810TZ1,TSRYS5752098,D,S,A,2024-04-15,150000.00,4.769821,96.55859375
08:01:05,912810TZ1,TSRYS5752098,D,S,C,2024-04-15,1000000.00,4.777026,96.46875
08:01:05,912810TZ1,TSRYS5752098,D,S,C,2024-04-15,1000000.00,4.774198,96.50390625
08:01:05,912810TZ1,TSRYS5752098,D,S,C,2024-04-15,1000000.00,4.778597,96.44921875
08:01:06,912810TZ1,TSRYS5752098,D,S,C,2024-04-15,1000000.00,4.779226,96.44140625
08:01:06,912810TZ1,TSRYS5752098,D,S,C,2024-04-15,1000000.00,4.776711,96.47265625
08:01:06,912810TZ1,TSRYS5752098,D,S,C,2024-04-15,1000000.00,4.779226,96.44140625
08:01:06,912810TZ1,TSRYS5752098,D,S,C,2024-04-15,1000000.00,4.777026,96.46875
08:01:06,912810TZ1,TSRYS5752098,D,S,C,2024-04-15,1000000.00,4.777026,96.46875
08:01:06,912810TZ1,TSRYS5752098,D,S,D,2024-04-15,1000000.00,4.784573,96.375
08:01:06,912810TZ1,TSRYS5752098,D,S,C,2024-04-15,1000000.00,4.779226,96.44140625
08:01:06,912810TZ1,TSRYS5752098,D,S,C,2024-04-15,1000000.00,4.779226,96.44140625
08:01:06,912810TZ1,TSRYS5752098,D,S,C,2024-04-15,1000000.00,4.777026,96.46875
08:01:06,912810TZ1,TSRYS5752098,D,S,C,2024-04-15,1000000.00,4.787721,96.3359375
08:01:06,912810TZ1,TSRYS5752098,D,S,C,2024-04-15,1000000.00,4.787721,96.3359375
08:01:07,912810TZ1,TSRYS5752098,D,S,D,2024-04-15,1000000.00,4.781113,96.41796875
08:01:07,912810TZ1,TSRYS5752098,D,S,D,2024-04-15,1000000.00,4.781113,96.41796875
08:01:07,912810TZ1,TSRYS5752098,D,S,D,2024-04-15,1000000.00,4.781113,96.41796875
08:01:07,912810TZ1,TSRYS5752098,D,S,C,2024-04-15,1000000.00,4.780169,96.4296875
08:01:07,912810TZ1,TSRYS5752098,D,S,D,2024-04-15,1000000.00,4.782685,96.3984375
08:01:07,912810TZ1,TSRYS5752098,D,S,D,2024-04-15,1000000.00,4.782056,96.40625
08:01:07,912810TZ1,TSRYS5752098,D,S,D,2024-04-15,1000000.00,4.782056,96.40625
08:01:07,912810TZ1,TSRYS5752098,D,S,D,2024-04-15,1000000.00,4.782056,96.40625
08:01:08,912810TZ1,TSRYS5752098,D,B,C,2024-04-15,250000.00,4.795282,96.2421875
08:01:08,912810TZ1,TSRYS5752098,D,S,D,2024-04-15,1000000.00,4.782056,96.40625
08:01:08,912810TZ1,TSRYS5752098,D,S,D,2024-04-15,1000000.00,4.78961,96.3125
08:01:08,912810TZ1,TSRYS5752098,D,S,D,2024-04-15,1000000.00,4.79087,96.296875
08:01:08,912810TZ1,TSRYS5752098,D,S,D,2024-04-15,1000000.00,4.79087,96.296875
08:01:08,912810TZ1,TSRYS5752098,D,S,C,2024-04-15,1000000.00,4.795282,96.2421875
08:01:08,912810TZ1,TSRYS5752098,D,S,D,2024-04-15,1000000.00,4.795282,96.2421875
08:01:08,912810TZ1,TSRYS5752098,D,S,C,2024-04-15,1000000.00,4.795912,96.234375
08:01:08,912810TZ1,TSRYS5752098,D,S,D,2024-04-15,2000000.00,4.797804,96.2109375
08:01:08,912810TZ1,TSRYS5752098,D,S,C,2024-04-15,1000000.00,4.796543,96.2265625
08:01:08,912810TZ1,TSRYS5752098,D,S,C,2024-04-15,1000000.00,4.794336,96.25390625
08:01:08,912810TZ1,TSRYS5752098,D,S,C,2024-04-15,1000000.00,4.794967,96.24609375
08:01:08,912810TZ1,TSRYS5752098,D,S,C,2024-04-15,1000000.00,4.796228,96.23046875
08:01:08,912810TZ1,TSRYS5752098,D,S,C,2024-04-15,1000000.00,4.796228,96.23046875
08:01:08,912810TZ1,TSRYS5752098,D,S,C,2024-04-15,1000000.00,4.796228,96.23046875
08:01:08,912810TZ1,TSRYS5752098,D,S,C,2024-04-15,1000000.00,4.796228,96.23046875
08:01:08,912810TZ1,TSRYS5752098,D,S,C,2024-04-15,1000000.00,4.796228,96.23046875
08:01:08,912810TZ1,TSRYS5752098,D,S,C,2024-04-15,1000000.00,4.796228,96.23046875
08:01:08,912810TZ1,TSRYS5752098,D,S,C,2024-04-15,1000000.00,4.796228,96.23046875
08:01:09,912810TZ1,TSRYS5752098,D,S,C,2024-04-15,1000000.00,4.796228,96.23046875
08:01:09,912810TZ1,TSRYS5752098,D,S,C,2024-04-15,1000000.00,4.796858,96.22265625
08:01:09,912810TZ1,TSRYS5752098,D,S,D,2024-04-15,1000000.00,4.798435,96.203125
08:01:09,912810TZ1,TSRYS5752098,D,S,D,2024-04-15,1000000.00,4.798435,96.203125
08:01:09,912810TZ1,TSRYS5752098,D,S,D,2024-04-15,2000000.00,4.798435,96.203125
08:01:09,912810TZ1,TSRYS5752098,D,B,C,2024-04-15,1000000.00,4.797489,96.21484375
08:01:09,912810TZ1,TSRYS5752098,D,S,D,2024-04-15,1000000.00,4.797489,96.21484375
08:01:09,912810TZ1,TSRYS5752098,D,B,C,2024-04-15,1000000.00,4.797489,96.21484375
08:01:09,912810TZ1,TSRYS5752098,D,S,D,2024-04-15,1000000.00,4.797489,96.21484375
08:01:09,912810TZ1,TSRYS5752098,D,B,C,2024-04-15,1000000.00,4.797489,96.21484375
08:01:09,912810TZ1,TSRYS5752098,D,S,D,2024-04-15,1000000.00,4.797489,96.21484375
08:01:09,912810TZ1,TSRYS5752098,D,B,C,2024-04-15,1000000.00,4.797489,96.21484375
08:01:09,912810TZ1,TSRYS5752098,D,S,D,2024-04-15,1000000.00,4.797489,96.21484375
08:01:09,912810TZ1,TSRYS5752098,D,B,C,2024-04-15,1000000.00,4.797489,96.21484375
08:01:09,912810TZ1,TSRYS5752098,D,S,D,2024-04-15,1000000.00,4.797489,96.21484375
08:01:09,912810TZ1,TSRYS5752098,D,B,C,2024-04-15,1000000.00,4.797489,96.21484375
08:01:09,912810TZ1,TSRYS5752098,D,S,D,2024-04-15,1000000.00,4.797489,96.21484375
08:01:09,912810TZ1,TSRYS5752098,D,S,C,2024-04-15,1000000.00,4.796858,96.22265625
08:01:09,912810TZ1,TSRYS5752098,D,S,C,2024-04-15,1000000.00,4.793075,96.26953125
08:01:09,912810TZ1,TSRYS5752098,D,S,C,2024-04-15,1000000.00,4.793075,96.26953125
08:01:09,912810TZ1,TSRYS5752098,D,S,C,2024-04-15,1000000.00,4.795597,96.23828125
08:01:09,912810TZ1,TSRYS5752098,D,S,C,2024-04-15,1000000.00,4.799697,96.1875
08:01:09,912810TZ1,TSRYS5752098,D,S,T,2024-04-15,1000000.00,4.794651,96.25
08:01:10,912810TZ1,TSRYS5752098,D,S,D,2024-04-15,1000000.00,4.767134,96.591796875
08:01:10,912810TZ1,TSRYS5752098,D,S,D,2024-04-15,1000000.00,4.767134,96.591796875
08:01:11,912810TZ1,TSRYS5752098,D,S,D,2024-04-15,1000000.00,4.770743,96.546875
08:01:11,912810TZ1,TSRYS5752098,D,S,D,2024-04-15,1000000.00,4.770743,96.546875
08:01:11,912810TZ1,TSRYS5752098,D,S,A,2024-04-15,2000000.00,4.800012,96.18359375
08:01:11,912810TZ1,TSRYS5752098,D,S,D,2024-04-15,1000000.00,4.773412,96.513671875
08:01:11,912810TZ1,TSRYS5752098,D,S,D,2024-04-15,1000000.00,4.773412,96.513671875
08:01:12,912810TZ1,TSRYS5752098,D,S,D,2024-04-15,200000.00,,96.28515625
08:01:15,912810TZ1,TSRYS5752098,D,S,D,2024-04-15,1000000.00,4.780169,96.4296875
08:01:15,912810TZ1,TSRYS5752098,D,S,D,2024-04-15,1000000.00,4.782685,96.3984375
08:01:15,912810TZ1,TSRYS5752098,D,S,D,2024-04-15,1000000.00,4.782056,96.40625
08:01:15,912810TZ1,TSRYS5752098,D,S,D,2024-04-15,1000000.00,4.782056,96.40625
08:01:15,912810TZ1,TSRYS5752098,D,S,D,2024-04-15,1000000.00,4.782056,96.40625
08:01:15,912810TZ1,TSRYS5752098,D,S,D,2024-04-15,1000000.00,4.782056,96.40625
08:01:15,912810TZ1,TSRYS5752098,D,S,D,2024-04-15,1000000.00,4.78961,96.3125
08:01:15,912810TZ1,TSRYS5752098,D,S,D,2024-04-15,1000000.00,4.79087,96.296875
08:01:15,912810TZ1,TSRYS5752098,D,S,D,2024-04-15,1000000.00,4.79087,96.296875
08:01:15,912810TZ1,TSRYS5752098,D,S,D,2024-04-15,1000000.00,4.795282,96.2421875
08:01:15,912810TZ1,TSRYS5752098,D,S,D,2024-04-15,1000000.00,4.795282,96.2421875
08:01:15,912810TZ1,TSRYS5752098,D,S,D,2024-04-15,1000000.00,4.795912,96.234375
08:01:15,912810TZ1,TSRYS5752098,D,S,D,2024-04-15,2000000.00,4.797804,96.2109375
08:01:15,912810TZ1,TSRYS5752098,D,S,D,2024-04-15,1000000.00,4.796543,96.2265625
08:01:15,912810TZ1,TSRYS5752098,D,S,T,2024-04-15,1000000.00,4.778291,96.453025
08:01:15,912810TZ1,TSRYS5752098,D,S,T,2024-04-15,1000000.00,4.780177,96.4295875
08:01:15,912810TZ1,TSRYS5752098,D,S,T,2024-04-15,1000000.00,4.780177,96.4295875
08:01:16,912810TZ1,TSRYS5752098,D,S,T,2024-04-15,1000000.00,4.782693,96.3983375
08:01:16,912810TZ1,TSRYS5752098,D,S,T,2024-04-15,1000000.00,4.782693,96.3983375
08:01:16,912810TZ1,TSRYS5752098,D,S,T,2024-04-15,1000000.00,4.782064,96.40615
08:01:16,912810TZ1,TSRYS5752098,D,S,T,2024-04-15,1000000.00,4.782064,96.40615
08:01:16,912810TZ1,TSRYS5752098,D,S,T,2024-04-15,1000000.00,4.782064,96.40615
08:01:16,912810TZ1,TSRYS5752098,D,S,T,2024-04-15,1000000.00,4.782064,96.40615
08:01:16,912810TZ1,TSRYS5752098,D,S,T,2024-04-15,1000000.00,4.782064,96.40615
08:01:16,912810TZ1,TSRYS5752098,D,S,T,2024-04-15,1000000.00,4.782064,96.40615
08:01:16,912810TZ1,TSRYS5752098,D,S,T,2024-04-15,1000000.00,4.789618,96.3124
08:01:16,912810TZ1,TSRYS5752098,D,S,T,2024-04-15,1000000.00,4.790878,96.296775
08:01:16,912810TZ1,TSRYS5752098,D,S,T,2024-04-15,1000000.00,4.790878,96.296775
08:01:16,912810TZ1,TSRYS5752098,D,S,T,2024-04-15,1000000.00,4.792768,96.2733375
08:01:16,912810TZ1,TSRYS5752098,D,S,T,2024-04-15,1000000.00,4.792768,96.2733375
08:01:16,912810TZ1,TSRYS5752098,D,S,T,2024-04-15,1000000.00,4.792768,96.2733375
08:01:16,912810TZ1,TSRYS5752098,D,S,T,2024-04-15,1000000.00,4.79529,96.2420875
08:01:16,912810TZ1,TSRYS5752098,D,S,T,2024-04-15,1000000.00,4.79529,96.2420875
08:01:16,912810TZ1,TSRYS5752098,D,S,T,2024-04-15,1000000.00,4.79529,96.2420875
08:01:16,912810TZ1,TSRYS5752098,D,S,T,2024-04-15,1000000.00,4.79529,96.2420875
08:01:16,912810TZ1,TSRYS5752098,D,S,T,2024-04-15,1000000.00,4.79529,96.2420875
08:01:16,912810TZ1,TSRYS5752098,D,S,T,2024-04-15,1000000.00,4.79592,96.234275
08:01:16,912810TZ1,TSRYS5752098,D,S,T,2024-04-15,1000000.00,4.79592,96.234275
08:01:16,912810TZ1,TSRYS5752098,D,S,T,2024-04-15,1000000.00,4.797812,96.2108375
08:01:16,912810TZ1,TSRYS5752098,D,S,T,2024-04-15,1000000.00,4.797812,96.2108375
08:01:16,912810TZ1,TSRYS5752098,D,S,T,2024-04-15,1000000.00,4.797182,96.21865
08:01:16,912810TZ1,TSRYS5752098,D,S,T,2024-04-15,1000000.00,4.797182,96.21865
08:01:16,912810TZ1,TSRYS5752098,D,S,T,2024-04-15,1000000.00,4.79592,96.234275
08:01:16,912810TZ1,TSRYS5752098,D,S,T,2024-04-15,1000000.00,4.796551,96.2264625
08:01:16,912810TZ1,TSRYS5752098,D,S,T,2024-04-15,1000000.00,4.796551,96.2264625
08:01:16,912810TZ1,TSRYS5752098,D,S,T,2024-04-15,1000000.00,4.79529,96.2420875
08:01:16,912810TZ1,TSRYS5752098,D,S,T,2024-04-15,1000000.00,4.79529,96.2420875
08:01:16,912810TZ1,TSRYS5752098,D,S,T,2024-04-15,1000000.00,4.79529,96.2420875
08:01:16,912810TZ1,TSRYS5752098,D,S,T,2024-04-15,1000000.00,4.794029,96.2577125
08:01:16,912810TZ1,TSRYS5752098,D,S,T,2024-04-15,1000000.00,4.794029,96.2577125
08:01:16,912810TZ1,TSRYS5752098,D,S,T,2024-04-15,1000000.00,4.794029,96.2577125
08:01:16,912810TZ1,TSRYS5752098,D,S,T,2024-04-15,1000000.00,4.794029,96.2577125
08:01:16,912810TZ1,TSRYS5752098,D,S,T,2024-04-15,1000000.00,4.794029,96.2577125
08:01:16,912810TZ1,TSRYS5752098,D,S,T,2024-04-15,1000000.00,4.79592,96.234275
08:01:16,912810TZ1,TSRYS5752098,D,S,D,2024-04-15,1000000.00,4.7583,96.7018719
08:01:16,912810TZ1,TSRYS5752098,D,S,D,2024-04-15,1000000.00,4.773827,96.5085125
08:01:17,912810TZ1,TSRYS5752098,D,S,A,2024-04-15,1000000.00,4.776103,96.48046875
08:01:17,912810TZ1,TSRYS5752098,D,S,D,2024-04-15,229000.00,,96.24609375
08:01:17,912810TZ1,TSRYS5752098,D,S,A,2024-04-15,200000.00,4.781113,96.41796875
08:01:17,912810TZ1,TSRYS5752098,D,S,A,2024-04-15,15900.00,4.782391,96.40234375
08:01:18,912810TZ1,TSRYS5752098,D,S,A,2024-04-15,13500.00,4.780504,96.42578125
08:01:18,912810TZ1,TSRYS5752098,D,S,A,2024-04-15,400000.00,4.79087,96.296875
08:01:22,912810TZ1,TSRYS5752098,D,S,A,2024-04-15,171000.00,4.793075,96.26953125
08:01:23,912810TZ1,TSRYS5752098,D,S,D,2024-04-15,1000000.00,4.75585,96.732421875
08:01:24,912810TZ1,TSRYS5752098,D,S,T,2024-04-15,1000000.00,4.778301,96.4529
08:01:24,912810TZ1,TSRYS5752098,D,S,T,2024-04-15,1000000.00,4.778301,96.4529
08:01:24,912810TZ1,TSRYS5752098,D,S,T,2024-04-15,1000000.00,4.782074,96.406025
08:01:24,912810TZ1,TSRYS5752098,D,S,T,2024-04-15,1000000.00,4.782074,96.406025
08:01:24,912810TZ1,TSRYS5752098,D,S,T,2024-04-15,1000000.00,4.782074,96.406025
08:01:24,912810TZ1,TSRYS5752098,D,S,T,2024-04-15,1000000.00,4.782074,96.406025
08:01:24,912810TZ1,TSRYS5752098,D,S,T,2024-04-15,1000000.00,4.782074,96.406025
08:01:24,912810TZ1,TSRYS5752098,D,S,T,2024-04-15,1000000.00,4.790888,96.29665
08:01:24,912810TZ1,TSRYS5752098,D,S,T,2024-04-15,1000000.00,4.790888,96.29665
08:01:24,912810TZ1,TSRYS5752098,D,S,T,2024-04-15,1000000.00,4.795931,96.23415
08:01:24,912810TZ1,TSRYS5752098,D,S,T,2024-04-15,2000000.00,4.797192,96.218525
08:01:24,912810TZ1,TSRYS5752098,D,S,T,2024-04-15,1000000.00,4.797192,96.218525
08:01:24,912810TZ1,TSRYS5752098,D,S,T,2024-04-15,1000000.00,4.797192,96.218525
08:01:24,912810TZ1,TSRYS5752098,D,S,T,2024-04-15,1000000.00,4.797192,96.218525
08:01:25,912810TZ1,TSRYS5752098,D,S,T,2024-04-15,1000000.00,4.795931,96.23415
08:01:25,912810TZ1,TSRYS5752098,D,S,T,2024-04-15,1000000.00,4.795931,96.23415
08:01:25,912810TZ1,TSRYS5752098,D,S,T,2024-04-15,1000000.00,4.782056,96.40625
08:01:25,912810TZ1,TSRYS5752098,D,S,T,2024-04-15,1000000.00,4.782056,96.40625
08:01:25,912810TZ1,TSRYS5752098,D,S,T,2024-04-15,1000000.00,4.782685,96.3984375
08:01:27,912810TZ1,TSRYS5752098,D,B,C,2024-04-15,1000000.00,4.764468,96.625
08:01:27,912810TZ1,TSRYS5752098,D,B,C,2024-04-15,1000000.00,4.764311,96.62695312
08:01:28,912810TZ1,TSRYS5752098,D,S,C,2024-04-15,5000000.00,4.776026,96.48117
08:01:28,912810TZ1,TSRYS5752098,D,S,C,2024-04-15,3000000.00,4.784517,96.3757
08:01:28,912810TZ1,TSRYS5752098,D,S,T,2024-04-15,1000000.00,4.784573,96.375
08:01:28,912810TZ1,TSRYS5752098,D,S,T,2024-04-15,1000000.00,4.782056,96.40625
08:01:28,912810TZ1,TSRYS5752098,D,S,T,2024-04-15,1000000.00,4.782056,96.40625
08:01:28,912810TZ1,TSRYS5752098,D,S,T,2024-04-15,1000000.00,4.784573,96.375
08:01:29,912810TZ1,TSRYS5752098,D,S,C,2024-04-15,3000000.00,4.779484,96.4382
08:01:29,912810TZ1,TSRYS5752098,D,B,C,2024-04-15,1000000.00,4.778283,96.453125
08:01:29,912810TZ1,TSRYS5752098,D,B,C,2024-04-15,1000000.00,4.77954,96.4375
08:01:33,912810TZ1,TSRYS5752098,D,B,C,2024-04-15,1000000.00,4.797489,96.21484375
08:01:33,912810TZ1,TSRYS5752098,D,S,D,2024-04-15,1000000.00,4.797489,96.21484375
08:01:33,912810TZ1,TSRYS5752098,D,B,C,2024-04-15,1000000.00,4.797489,96.21484375
08:01:33,912810TZ1,TSRYS5752098,D,S,D,2024-04-15,1000000.00,4.797489,96.21484375
08:01:33,912810TZ1,TSRYS5752098,D,B,C,2024-04-15,1000000.00,4.797489,96.21484375
08:01:33,912810TZ1,TSRYS5752098,D,S,D,2024-04-15,1000000.00,4.797489,96.21484375
08:01:33,912810TZ1,TSRYS5752098,D,B,C,2024-04-15,1000000.00,4.797489,96.21484375
08:01:33,912810TZ1,TSRYS5752098,D,S,D,2024-04-15,1000000.00,4.797489,96.21484375
08:01:33,912810TZ1,TSRYS5752098,D,B,C,2024-04-15,1000000.00,4.797489,96.21484375
08:01:33,912810TZ1,TSRYS5752098,D,S,D,2024-04-15,1000000.00,4.797489,96.21484375
08:01:33,912810TZ1,TSRYS5752098,D,S,C,2024-04-15,1000000.00,4.797174,96.21875
08:01:36,912810TZ1,TSRYS5752098,D,S,D,2024-04-15,1000000.00,4.774355,96.501953125
08:01:36,912810TZ1,TSRYS5752098,D,S,D,2024-04-15,1000000.00,4.774355,96.501953125
08:01:44,912810TZ1,TSRYS5752098,D,S,D,2024-04-15,200000.00,4.791836,96.28515625
08:01:44,912810TZ1,TSRYS5752098,D,S,A,2024-04-15,3055000.00,4.794573,96.250976562
08:01:44,912810TZ1,TSRYS5752098,D,S,D,2024-04-15,1000000.00,4.776711,96.47265625
08:01:44,912810TZ1,TSRYS5752098,D,S,D,2024-04-15,1000000.00,4.776868,96.470703125
08:01:46,912810TZ1,TSRYS5752098,D,S,D,2024-04-15,6110000.00,4.783,96.39453125
08:01:46,912810TZ1,TSRYS5752098,D,S,T,2024-04-15,1000000.00,4.783157,96.39257812
08:01:48,912810TZ1,TSRYS5752098,D,S,T,2024-04-15,1000000.00,4.783472,96.38867187
08:01:48,912810TZ1,TSRYS5752098,D,S,D,2024-04-15,1000000.00,4.783472,96.38867187
08:01:48,912810TZ1,TSRYS5752098,D,S,C,2024-04-15,1000000.00,4.783472,96.38867187
08:01:48,912810TZ1,TSRYS5752098,D,S,D,2024-04-15,1000000.00,4.783472,96.38867187
08:01:48,912810TZ1,TSRYS5752098,D,S,T,2024-04-15,1000000.00,4.783472,96.38867187
08:01:48,912810TZ1,TSRYS5752098,D,B,C,2024-04-15,1000000.00,4.778597,96.44921875
08:01:48,912810TZ1,TSRYS5752098,D,S,D,2024-04-15,1000000.00,4.778597,96.44921875
08:01:51,912810TZ1,TSRYS5752098,D,S,C,2024-04-15,3000000.00,4.782528,96.40039062
08:01:51,912810TZ1,TSRYS5752098,D,S,D,2024-04-15,2000000.00,4.781584,96.41210937
08:01:51,912810TZ1,TSRYS5752098,D,S,D,2024-04-15,1000000.00,4.781584,96.41210937
08:01:51,912810TZ1,TSRYS5752098,D,S,D,2024-04-15,1000000.00,4.781427,96.4140625
08:01:51,912810TZ1,TSRYS5752098,D,S,D,2024-04-15,1000000.00,4.781899,96.40820312
08:01:51,912810TZ1,TSRYS5752098,D,S,C,2024-04-15,3000000.00,4.781113,96.41796875
08:01:51,912810TZ1,TSRYS5752098,D,S,D,2024-04-15,1000000.00,4.779855,96.43359375
08:01:51,912810TZ1,TSRYS5752098,D,S,D,2024-04-15,1000000.00,4.779855,96.43359375
08:01:52,912810TZ1,TSRYS5752098,D,S,D,2024-04-15,1000000.00,4.782371,96.40234375
08:01:52,912810TZ1,TSRYS5752098,D,S,D,2024-04-15,1000000.00,4.773884,96.5078125
08:01:52,912810TZ1,TSRYS5752098,D,S,D,2024-04-15,2000000.00,4.788823,96.32226562
08:01:52,912810TZ1,TSRYS5752098,D,S,D,2024-04-15,1000000.00,4.788823,96.32226562
08:01:53,912810TZ1,TSRYS5752098,D,S,D,2024-04-15,2000000.00,4.78835,96.328125
08:01:53,912810TZ1,TSRYS5752098,D,S,C,2024-04-15,1000000.00,4.790397,96.30273437
08:01:54,912810TZ1,TSRYS5752098,D,B,C,2024-04-15,20000000.00,4.783625,96.38677
08:01:56,912810TZ1,TSRYS5752098,D,S,T,2024-04-15,3000000.00,4.796228,96.23046875
08:01:56,912810TZ1,TSRYS5752098,D,S,T,2024-04-15,1000000.00,4.795282,96.2421875
08:01:56,912810TZ1,TSRYS5752098,D,S,D,2024-04-15,1000000.00,4.795282,96.2421875
08:01:56,912810TZ1,TSRYS5752098,D,S,D,2024-04-15,1000000.00,4.795282,96.2421875
08:01:56,912810TZ1,TSRYS5752098,D,S,D,2024-04-15,1000000.00,4.776083,96.48046875
08:01:57,912810TZ1,TSRYS5752098,D,S,T,2024-04-15,1000000.00,4.795755,96.23632812
08:01:57,912810TZ1,TSRYS5752098,D,S,T,2024-04-15,1000000.00,4.795755,96.23632812
08:01:57,912810TZ1,TSRYS5752098,D,S,T,2024-04-15,1000000.00,4.794651,96.25
08:01:57,912810TZ1,TSRYS5752098,D,S,T,2024-04-15,1000000.00,4.794494,96.25195312
08:01:57,912810TZ1,TSRYS5752098,D,S,T,2024-04-15,1000000.00,4.794494,96.25195312
08:01:57,912810TZ1,TSRYS5752098,D,S,D,2024-04-15,1000000.00,4.794336,96.25390625
08:01:57,912810TZ1,TSRYS5752098,D,S,T,2024-04-15,1000000.00,4.793233,96.26757812
08:01:58,912810TZ1,TSRYS5752098,D,S,D,2024-04-15,1000000.00,4.794967,96.24609375
08:01:58,912810TZ1,TSRYS5752098,D,S,T,2024-04-15,1000000.00,4.794967,96.24609375
08:01:58,912810TZ1,TSRYS5752098,D,B,C,2024-04-15,1000000.00,4.795597,96.23828125
08:01:58,912810TZ1,TSRYS5752098,D,B,C,2024-04-15,1000000.00,4.795439,96.24023437
08:01:58,912810TZ1,TSRYS5752098,D,B,C,2024-04-15,1000000.00,4.795282,96.2421875
08:01:58,912810TZ1,TSRYS5752098,D,S,T,2024-04-15,1000000.00,4.79607,96.23242187
08:01:58,912810TZ1,TSRYS5752098,D,S,D,2024-04-15,1000000.00,4.796228,96.23046875
08:01:58,912810TZ1,TSRYS5752098,D,B,C,2024-04-15,1000000.00,4.795282,96.2421875
08:01:58,912810TZ1,TSRYS5752098,D,S,D,2024-04-15,1000000.00,4.796228,96.23046875
08:01:58,912810TZ1,TSRYS5752098,D,S,T,2024-04-15,1000000.00,4.796385,96.22851562
08:01:58,912810TZ1,TSRYS5752098,D,S,D,2024-04-15,1000000.00,4.796385,96.22851562
08:01:58,912810TZ1,TSRYS5752098,D,S,D,2024-04-15,1000000.00,4.796228,96.23046875
08:01:58,912810TZ1,TSRYS5752098,D,S,D,2024-04-15,1000000.00,4.796228,96.23046875
08:01:58,912810TZ1,TSRYS5752098,D,S,D,2024-04-15,1000000.00,4.796228,96.23046875
08:01:58,912810TZ1,TSRYS5752098,D,S,D,2024-04-15,1000000.00,4.796701,96.22460937
08:01:58,912810TZ1,TSRYS5752098,D,S,D,2024-04-15,1000000.00,4.796228,96.23046875
08:01:58,912810TZ1,TSRYS5752098,D,S,T,2024-04-15,1000000.00,4.795912,96.234375
08:01:58,912810TZ1,TSRYS5752098,D,S,T,2024-04-15,1000000.00,4.798435,96.203125
08:01:58,912810TZ1,TSRYS5752098,D,S,C,2024-04-15,5000000.00,4.758826,96.6953125
08:01:58,912810TZ1,TSRYS5752098,D,S,D,2024-04-15,1000000.00,4.798435,96.203125
08:01:58,912810TZ1,TSRYS5752098,D,S,D,2024-04-15,1000000.00,4.796228,96.23046875
08:01:58,912810TZ1,TSRYS5752098,D,S,D,2024-04-15,1000000.00,4.796858,96.22265625
08:01:58,912810TZ1,TSRYS5752098,D,S,D,2024-04-15,1000000.00,4.796858,96.22265625
08:01:58,912810TZ1,TSRYS5752098,D,S,D,2024-04-15,1000000.00,4.796228,96.23046875
08:01:58,912810TZ1,TSRYS5752098,D,S,D,2024-04-15,1000000.00,4.798435,96.203125
08:01:58,912810TZ1,TSRYS5752098,D,S,D,2024-04-15,1000000.00,4.798435,96.203125
08:01:58,912810TZ1,TSRYS5752098,D,S,D,2024-04-15,2000000.00,4.798435,96.203125
08:01:59,912810TZ1,TSRYS5752098,D,B,C,2024-04-15,1000000.00,4.797489,96.21484375
08:01:59,912810TZ1,TSRYS5752098,D,S,T,2024-04-15,1000000.00,4.798451,96.202925
08:01:59,912810TZ1,TSRYS5752098,D,S,T,2024-04-15,1000000.00,4.798451,96.202925
08:01:59,912810TZ1,TSRYS5752098,D,S,T,2024-04-15,1000000.00,4.798451,96.202925
08:01:59,912810TZ1,TSRYS5752098,D,B,C,2024-04-15,1000000.00,4.793233,96.26757812
08:01:59,912810TZ1,TSRYS5752098,D,S,T,2024-04-15,1000000.00,4.793548,96.26367187
08:01:59,912810TZ1,TSRYS5752098,D,B,C,2024-04-15,1000000.00,4.793233,96.26757812
08:01:59,912810TZ1,TSRYS5752098,D,S,T,2024-04-15,1000000.00,4.794651,96.25
08:01:59,912810TZ1,TSRYS5752098,D,S,D,2024-04-15,1000000.00,4.794651,96.25
08:01:59,912810TZ1,TSRYS5752098,D,S,C,2024-04-15,1000000.00,4.794651,96.25
08:01:59,912810TZ1,TSRYS5752098,D,S,T,2024-04-15,1000000.00,4.798435,96.203125
08:01:59,912810TZ1,TSRYS5752098,D,S,T,2024-04-15,1000000.00,4.797804,96.2109375
08:01:59,912810TZ1,TSRYS5752098,D,S,C,2024-04-15,1000000.00,4.797489,96.21484375
08:01:59,912810TZ1,TSRYS5752098,D,S,T,2024-04-15,1000000.00,4.793391,96.265625
08:01:59,912810TZ1,TSRYS5752098,D,S,D,2024-04-15,1000000.00,4.793391,96.265625
08:01:59,912810TZ1,TSRYS5752098,D,B,C,2024-04-15,1000000.00,4.793391,96.265625
08:01:59,912810TZ1,TSRYS5752098,D,B,C,2024-04-15,1000000.00,4.793391,96.265625
08:01:59,912810TZ1,TSRYS5752098,D,S,D,2024-04-15,1000000.00,4.793075,96.26953125
08:01:59,912810TZ1,TSRYS5752098,D,B,C,2024-04-15,50000000.00,4.796066,96.23247
08:01:59,912810TZ1,TSRYS5752098,D,S,D,2024-04-15,1000000.00,4.793075,96.26953125
08:02:00,912810TZ1,TSRYS5752098,D,B,C,2024-04-15,1000000.00,4.793233,96.26757812
08:02:00,912810TZ1,TSRYS5752098,D,B,C,2024-04-15,1000000.00,4.793233,96.26757812
08:02:00,912810TZ1,TSRYS5752098,D,S,D,2024-04-15,1000000.00,4.79087,96.296875
08:02:00,912810TZ1,TSRYS5752098,D,S,D,2024-04-15,1000000.00,4.795597,96.23828125
08:02:03,912810TZ1,TSRYS5752098,D,S,T,2024-04-15,1000000.00,4.791973,96.28320312
08:02:03,912810TZ1,TSRYS5752098,D,S,D,2024-04-15,195000.00,4.79213,96.28125
08:02:05,912810TZ1,TSRYS5752098,D,S,T,2024-04-15,1000000.00,4.755704,96.734245
08:02:05,912810TZ1,TSRYS5752098,D,S,T,2024-04-15,1000000.00,4.755704,96.734245
08:02:05,912810TZ1,TSRYS5752098,D,S,T,2024-04-15,1000000.00,4.755704,96.734245
08:02:05,912810TZ1,TSRYS5752098,D,S,D,2024-04-15,1000000.00,4.799697,96.1875
08:02:05,912810TZ1,TSRYS5752098,D,S,T,2024-04-15,1000000.00,4.799697,96.1875
08:02:05,912810TZ1,TSRYS5752098,D,S,C,2024-04-15,1000000.00,4.799697,96.1875
08:02:06,912810TZ1,TSRYS5752098,D,S,D,2024-04-15,1000000.00,4.797804,96.2109375
08:02:06,912810TZ1,TSRYS5752098,D,S,T,2024-04-15,1000000.00,4.797804,96.2109375
08:02:06,912810TZ1,TSRYS5752098,D,S,D,2024-04-15,1000000.00,4.797804,96.2109375
08:02:06,912810TZ1,TSRYS5752098,D,S,D,2024-04-15,1000000.00,4.770727,96.547075
08:02:06,912810TZ1,TSRYS5752098,D,S,D,2024-04-15,1000000.00,4.797174,96.21875
08:02:06,912810TZ1,TSRYS5752098,D,B,C,2024-04-15,1000000.00,4.768246,96.57795
08:02:06,912810TZ1,TSRYS5752098,D,S,T,2024-04-15,1000000.00,4.797174,96.21875
08:02:06,912810TZ1,TSRYS5752098,D,B,C,2024-04-15,1000000.00,4.768246,96.57795
08:02:06,912810TZ1,TSRYS5752098,D,S,D,2024-04-15,1000000.00,4.768216,96.578325
08:02:06,912810TZ1,TSRYS5752098,D,S,D,2024-04-15,1000000.00,4.768216,96.578325
08:02:06,912810TZ1,TSRYS5752098,D,S,D,2024-04-15,1000000.00,4.768216,96.578325
08:02:06,912810TZ1,TSRYS5752098,D,B,C,2024-04-15,1000000.00,4.768246,96.57795
08:02:06,912810TZ1,TSRYS5752098,D,B,C,2024-04-15,1000000.00,4.768248,96.577925
08:02:06,912810TZ1,TSRYS5752098,D,S,C,2024-04-15,1000000.00,4.797174,96.21875
08:02:06,912810TZ1,TSRYS5752098,D,S,D,2024-04-15,1000000.00,4.768216,96.578325
08:02:06,912810TZ1,TSRYS5752098,D,S,D,2024-04-15,1000000.00,4.768216,96.578325
08:02:06,912810TZ1,TSRYS5752098,D,B,C,2024-04-15,1000000.00,4.768246,96.57795
08:02:06,912810TZ1,TSRYS5752098,D,B,C,2024-04-15,1000000.00,4.768246,96.57795
08:02:06,912810TZ1,TSRYS5752098,D,S,D,2024-04-15,1000000.00,4.768216,96.578325
08:02:06,912810TZ1,TSRYS5752098,D,S,D,2024-04-15,1000000.00,4.768216,96.578325
08:02:06,912810TZ1,TSRYS5752098,D,S,D,2024-04-15,1000000.00,4.768216,96.578325
08:02:06,912810TZ1,TSRYS5752098,D,B,C,2024-04-15,1000000.00,4.768246,96.57795
08:02:06,912810TZ1,TSRYS5752098,D,S,D,2024-04-15,1000000.00,4.764452,96.6252
08:02:07,912810TZ1,TSRYS5752098,D,S,C,2024-04-15,1000000.00,4.764468,96.625
08:02:07,912810TZ1,TSRYS5752098,D,B,C,2024-04-15,1000000.00,4.764484,96.6248
08:02:07,912810TZ1,TSRYS5752098,D,S,T,2024-04-15,1000000.00,4.797647,96.21289062
08:02:07,912810TZ1,TSRYS5752098,D,S,T,2024-04-15,1000000.00,4.79812,96.20703125
08:02:07,912810TZ1,TSRYS5752098,D,S,T,2024-04-15,1000000.00,4.79812,96.20703125
08:02:07,912810TZ1,TSRYS5752098,D,S,T,2024-04-15,1000000.00,4.798277,96.20507812
08:02:07,912810TZ1,TSRYS5752098,D,S,D,2024-04-15,1000000.00,4.763214,96.640625
08:02:07,912810TZ1,TSRYS5752098,D,S,T,2024-04-15,2000000.00,4.797016,96.22070312
08:02:07,912810TZ1,TSRYS5752098,D,B,C,2024-04-15,1000000.00,4.76323,96.640425
08:02:07,912810TZ1,TSRYS5752098,D,S,T,2024-04-15,1000000.00,4.797489,96.21484375
08:02:07,912810TZ1,TSRYS5752098,D,S,C,2024-04-15,1000000.00,4.764468,96.625
08:02:07,912810TZ1,TSRYS5752098,D,B,C,2024-04-15,1000000.00,4.764468,96.625
08:02:07,912810TZ1,TSRYS5752098,D,S,C,2024-04-15,1000000.00,4.768232,96.578125
08:02:07,912810TZ1,TSRYS5752098,D,S,D,2024-04-15,1000000.00,4.768216,96.578325
08:02:07,912810TZ1,TSRYS5752098,D,B,C,2024-04-15,1000000.00,4.768256,96.577825
08:02:07,912810TZ1,TSRYS5752098,D,S,D,2024-04-15,1000000.00,4.764452,96.6252
08:02:07,912810TZ1,TSRYS5752098,D,B,C,2024-04-15,1000000.00,4.764468,96.625
08:02:07,912810TZ1,TSRYS5752098,D,S,C,2024-04-15,1000000.00,4.764468,96.625
08:02:07,912810TZ1,TSRYS5752098,D,B,C,2024-04-15,1000000.00,4.764468,96.625
08:02:08,912810TZ1,TSRYS5752098,D,B,C,2024-04-15,1000000.00,4.765722,96.609375
08:02:08,912810TZ1,TSRYS5752098,D,S,C,2024-04-15,1000000.00,4.765722,96.609375
08:02:08,912810TZ1,TSRYS5752098,D,S,C,2024-04-15,1000000.00,4.766977,96.59375
08:02:08,912810TZ1,TSRYS5752098,D,B,C,2024-04-15,1000000.00,4.768232,96.578125
08:02:08,912810TZ1,TSRYS5752098,D,B,C,2024-04-15,1000000.00,4.769488,96.5625
08:02:08,912810TZ1,TSRYS5752098,D,S,C,2024-04-15,1000000.00,4.769488,96.5625
08:02:08,912810TZ1,TSRYS5752098,D,S,C,2024-04-15,1000000.00,4.768232,96.578125
08:02:08,912810TZ1,TSRYS5752098,D,S,C,2024-04-15,1000000.00,4.771975,96.53155
08:02:08,912810TZ1,TSRYS5752098,D,B,C,2024-04-15,1000000.00,4.771999,96.53125
08:02:09,912810TZ1,TSRYS5752098,D,B,C,2024-04-15,1000000.00,4.770743,96.546875
08:02:09,912810TZ1,TSRYS5752098,D,S,C,2024-04-15,1000000.00,4.770743,96.546875
08:02:09,912810TZ1,TSRYS5752098,D,B,C,2024-04-15,20000000.00,4.79718,96.21867
08:02:09,912810TZ1,TSRYS5752098,D,S,A,2024-04-15,170000.00,4.768879,96.5703125
08:02:10,912810TZ1,TSRYS5752098,D,S,D,2024-04-15,1000000.00,4.765722,96.609375
08:02:10,912810TZ1,TSRYS5752098,D,B,C,2024-04-15,1000000.00,4.765737,96.6092
08:02:10,912810TZ1,TSRYS5752098,D,S,C,2024-04-15,1000000.00,4.764468,96.625
08:02:11,912810TZ1,TSRYS5752098,D,B,C,2024-04-15,1000000.00,4.75696,96.718575
08:02:11,912810TZ1,TSRYS5752098,D,S,D,2024-04-15,1000000.00,4.756946,96.71875
08:02:12,912810TZ1,TSRYS5752098,D,B,C,2024-04-15,1000000.00,4.758213,96.70295
08:02:12,912810TZ1,TSRYS5752098,D,S,D,2024-04-15,1000000.00,4.758199,96.703125
08:02:19,912810TZ1,TSRYS5752098,D,B,A,2024-04-15,5000000.00,4.760079,96.6796875
08:02:21,912810TZ1,TSRYS5752098,D,S,D,2024-04-15,575000.00,4.781113,96.41796875
08:02:22,912810TZ1,TSRYS5752098,D,S,D,2024-04-15,6000000.00,4.779744,96.4349717
08:02:22,912810TZ1,TSRYS5752098,D,S,D,2024-04-15,14000000.00,4.782085,96.4058908
08:02:22,912810TZ1,TSRYS5752098,D,S,D,2024-04-15,7000000.00,4.781639,96.411424
08:02:22,912810TZ1,TSRYS5752098,D,S,D,2024-04-15,200000.00,4.78835,96.328125
08:02:22,912810TZ1,TSRYS5752098,D,S,D,2024-04-15,150000.00,4.788665,96.32421875
08:02:22,912810TZ1,TSRYS5752098,D,S,D,2024-04-15,11000000.00,4.791319,96.2913118
08:02:22,912810TZ1,TSRYS5752098,D,S,D,2024-04-15,23000000.00,4.796961,96.2213883
08:02:22,912810TZ1,TSRYS5752098,D,S,D,2024-04-15,14000000.00,4.796239,96.2303229
08:02:22,912810TZ1,TSRYS5752098,D,B,A,2024-04-15,4050000.00,4.793423,96.265225
08:02:24,912810TZ1,TSRYS5752098,D,S,T,2024-04-15,1000000.00,4.76197,96.65612
08:02:25,912810TZ1,TSRYS5752098,D,S,D,2024-04-15,200000.00,4.79276,96.2734375
08:02:25,912810TZ1,TSRYS5752098,D,S,D,2024-04-15,3000.00,4.793358,96.266025
08:02:25,912810TZ1,TSRYS5752098,D,S,D,2024-04-15,1000000.00,4.753189,96.765625
08:02:25,912810TZ1,TSRYS5752098,D,B,C,2024-04-15,1000000.00,4.753203,96.76545
08:02:26,912810TZ1,TSRYS5752098,D,S,T,2024-04-15,1000000.00,4.768243,96.577995
08:02:26,912810TZ1,TSRYS5752098,D,S,C,2024-04-15,1000000.00,4.755693,96.734375
08:02:27,912810TZ1,TSRYS5752098,D,S,A,2024-04-15,20000.00,4.772333,96.52734375
08:02:28,912810TZ1,TSRYS5752098,D,B,C,2024-04-15,1000000.00,4.758213,96.70295
08:02:28,912810TZ1,TSRYS5752098,D,B,C,2024-04-15,1000000.00,4.758213,96.70295
08:02:28,912810TZ1,TSRYS5752098,D,S,D,2024-04-15,1000000.00,4.758199,96.703125
08:02:28,912810TZ1,TSRYS5752098,D,S,D,2024-04-15,1000000.00,4.758199,96.703125
08:02:28,912810TZ1,TSRYS5752098,D,B,A,2024-04-15,16000000.00,4.775749,96.484375
08:02:29,912810TZ1,TSRYS5752098,D,S,T,2024-04-15,1000000.00,4.776711,96.47265625
08:02:29,912810TZ1,TSRYS5752098,D,S,T,2024-04-15,1000000.00,4.776868,96.470703125
08:02:29,912810TZ1,TSRYS5752098,D,S,T,2024-04-15,1000000.00,4.776868,96.470703125
08:02:29,912810TZ1,TSRYS5752098,D,S,T,2024-04-15,1000000.00,4.776711,96.47265625
08:02:30,912810TZ1,TSRYS5752098,D,S,T,2024-04-15,1000000.00,4.773266,96.515495
08:02:30,912810TZ1,TSRYS5752098,D,B,C,2024-04-15,1000000.00,4.755709,96.734175
08:02:30,912810TZ1,TSRYS5752098,D,S,D,2024-04-15,1000000.00,4.755693,96.734375
08:02:31,912810TZ1,TSRYS5752098,D,S,A,2024-04-15,30000000.00,4.760724,96.671875
08:02:33,912810TZ1,TSRYS5752098,D,S,D,2024-04-15,1000000.00,4.755693,96.734375
08:02:33,912810TZ1,TSRYS5752098,D,S,C,2024-04-15,1000000.00,4.755693,96.734375
08:02:33,912810TZ1,TSRYS5752098,D,S,D,2024-04-15,1000000.00,4.755693,96.734375
08:02:33,912810TZ1,TSRYS5752098,D,S,T,2024-04-15,1000000.00,4.774512,96.5
08:02:33,912810TZ1,TSRYS5752098,D,S,T,2024-04-15,1000000.00,4.774512,96.5
08:02:34,912810TZ1,TSRYS5752098,D,S,C,2024-04-15,1000000.00,4.761946,96.656425
08:02:34,912810TZ1,TSRYS5752098,D,B,C,2024-04-15,1000000.00,4.76196,96.65625
08:02:38,912810TZ1,TSRYS5752098,D,B,C,2024-04-15,1000000.00,4.764484,96.6248
08:02:38,912810TZ1,TSRYS5752098,D,S,C,2024-04-15,1000000.00,4.764468,96.625
08:02:39,912810TZ1,TSRYS5752098,D,B,A,2024-04-15,9000000.00,4.783314,96.390625
08:02:41,912810TZ1,TSRYS5752098,D,B,C,2024-04-15,1000000.00,4.764484,96.6248
08:02:41,912810TZ1,TSRYS5752098,D,B,C,2024-04-15,1000000.00,4.764484,96.6248
08:02:41,912810TZ1,TSRYS5752098,D,S,D,2024-04-15,1000000.00,4.764468,96.625
08:02:41,912810TZ1,TSRYS5752098,D,S,C,2024-04-15,1000000.00,4.764468,96.625
08:02:41,912810TZ1,TSRYS5752098,D,B,C,2024-04-15,1000000.00,4.763228,96.64045
08:02:41,912810TZ1,TSRYS5752098,D,S,C,2024-04-15,1000000.00,4.763202,96.640775
08:02:42,912810TZ1,TSRYS5752098,D,S,D,2024-04-15,1000000.00,4.76196,96.65625
08:02:45,912810TZ1,TSRYS5752098,D,S,D,2024-04-15,1000000.00,4.768232,96.578125
08:02:49,912810TZ1,TSRYS5752098,D,S,C,2024-04-15,1000000.00,4.777011,96.468925
08:02:49,912810TZ1,TSRYS5752098,D,B,C,2024-04-15,1000000.00,4.77704,96.468575
08:02:49,912810TZ1,TSRYS5752098,D,S,C,2024-04-15,1000000.00,4.777007,96.468977
08:02:49,912810TZ1,TSRYS5752098,D,S,C,2024-04-15,1000000.00,4.777007,96.468977
08:02:50,912810TZ1,TSRYS5752098,D,S,D,2024-04-15,1000000.00,4.774501,96.50013
08:02:50,912810TZ1,TSRYS5752098,D,B,C,2024-04-15,1000000.00,4.774512,96.5
08:02:50,912810TZ1,TSRYS5752098,D,S,C,2024-04-15,1000000.00,4.773255,96.515625
08:02:50,912810TZ1,TSRYS5752098,D,B,C,2024-04-15,1000000.00,4.772013,96.531075
08:02:50,912810TZ1,TSRYS5752098,D,S,C,2024-04-15,1000000.00,4.771983,96.53145
08:02:50,912810TZ1,TSRYS5752098,D,S,D,2024-04-15,4000000.00,4.783659,96.38635
08:02:51,912810TZ1,TSRYS5752098,D,S,C,2024-04-15,1000000.00,4.774496,96.5002
08:02:51,912810TZ1,TSRYS5752098,D,B,C,2024-04-15,1000000.00,4.774512,96.5
08:02:51,912810TZ1,TSRYS5752098,D,S,C,2024-04-15,1000000.00,4.7745,96.500152
08:02:51,912810TZ1,TSRYS5752098,D,S,C,2024-04-15,1000000.00,4.775756,96.484527
08:02:51,912810TZ1,TSRYS5752098,D,B,C,2024-04-15,1000000.00,4.775769,96.484375
08:02:51,912810TZ1,TSRYS5752098,D,S,C,2024-04-15,1000000.00,4.777009,96.46895
08:02:51,912810TZ1,TSRYS5752098,D,S,C,2024-04-15,1000000.00,4.777013,96.468902
08:02:51,912810TZ1,TSRYS5752098,D,B,C,2024-04-15,1000000.00,4.777026,96.46875
08:02:51,912810TZ1,TSRYS5752098,D,B,C,2024-04-15,1000000.00,4.777042,96.46855
08:02:52,912810TZ1,TSRYS5752098,D,B,C,2024-04-15,1000000.00,4.77954,96.4375
08:02:52,912810TZ1,TSRYS5752098,D,S,C,2024-04-15,1000000.00,4.779528,96.437652
08:02:52,912810TZ1,TSRYS5752098,D,S,C,2024-04-15,600000.00,4.791185,96.29296875
08:02:52,912810TZ1,TSRYS5752098,D,B,C,2024-04-15,1000000.00,4.779554,96.437325
08:02:52,912810TZ1,TSRYS5752098,D,S,C,2024-04-15,1000000.00,4.77954,96.4375
08:02:54,912810TZ1,TSRYS5752098,D,B,A,2024-04-15,25000000.00,4.794179,96.255859375
08:02:56,912810TZ1,TSRYS5752098,D,S,D,2024-04-15,1000000.00,4.774512,96.5
08:02:56,912810TZ1,TSRYS5752098,D,B,C,2024-04-15,1000000.00,4.774526,96.499825
08:02:57,912810TZ1,TSRYS5752098,D,S,T,2024-04-15,1000000.00,4.799705,96.1874
08:02:57,912810TZ1,TSRYS5752098,D,S,T,2024-04-15,1000000.00,4.799705,96.1874
08:02:57,912810TZ1,TSRYS5752098,D,S,T,2024-04-15,1000000.00,4.799705,96.1874
08:02:57,912810TZ1,TSRYS5752098,D,S,T,2024-04-15,1000000.00,4.799697,96.1875
08:02:57,912810TZ1,TSRYS5752098,D,S,T,2024-04-15,1000000.00,4.799697,96.1875
08:02:57,912810TZ1,TSRYS5752098,D,S,T,2024-04-15,1000000.00,4.799539,96.189453125
08:02:57,912810TZ1,TSRYS5752098,D,S,T,2024-04-15,1000000.00,4.798908,96.197265625
08:02:57,912810TZ1,TSRYS5752098,D,S,T,2024-04-15,1000000.00,4.799697,96.1875
08:02:58,912810TZ1,TSRYS5752098,D,S,D,2024-04-15,1000000.00,4.774496,96.5002
08:02:58,912810TZ1,TSRYS5752098,D,S,D,2024-04-15,1000000.00,4.774496,96.5002
08:02:58,912810TZ1,TSRYS5752098,D,S,D,2024-04-15,1000000.00,4.774496,96.5002
08:02:58,912810TZ1,TSRYS5752098,D,B,C,2024-04-15,1000000.00,4.775781,96.484225
08:02:58,912810TZ1,TSRYS5752098,D,S,C,2024-04-15,1000000.00,4.775756,96.484527
08:02:59,912810TZ1,TSRYS5752098,D,B,C,2024-04-15,1000000.00,4.77704,96.468575
08:02:59,912810TZ1,TSRYS5752098,D,S,D,2024-04-15,1000000.00,4.777026,96.46875
08:02:59,912810TZ1,TSRYS5752098,D,B,C,2024-04-15,1000000.00,4.77704,96.468575
08:02:59,912810TZ1,TSRYS5752098,D,S,C,2024-04-15,1000000.00,4.777013,96.4689
08:02:59,912810TZ1,TSRYS5752098,D,B,C,2024-04-15,1000000.00,4.77704,96.468575
08:02:59,912810TZ1,TSRYS5752098,D,B,C,2024-04-15,1000000.00,4.77704,96.468575
08:02:59,912810TZ1,TSRYS5752098,D,S,D,2024-04-15,1000000.00,4.777026,96.46875
08:02:59,912810TZ1,TSRYS5752098,D,S,C,2024-04-15,1000000.00,4.777013,96.468902
08:02:59,912810TZ1,TSRYS5752098,D,B,C,2024-04-15,1000000.00,4.77704,96.468575
08:02:59,912810TZ1,TSRYS5752098,D,S,D,2024-04-15,1000000.00,4.777026,96.46875
08:02:59,912810TZ1,TSRYS5752098,D,B,C,2024-04-15,1000000.00,4.77704,96.468575
08:02:59,912810TZ1,TSRYS5752098,D,S,D,2024-04-15,1000000.00,4.777026,96.46875
08:03:00,912810TZ1,TSRYS5752098,D,S,D,2024-04-15,1000000.00,4.784573,96.375
08:03:00,912810TZ1,TSRYS5752098,D,S,D,2024-04-15,1000000.00,4.782056,96.40625
08:03:00,912810TZ1,TSRYS5752098,D,S,D,2024-04-15,1000000.00,4.782056,96.40625
08:03:00,912810TZ1,TSRYS5752098,D,S,D,2024-04-15,1000000.00,4.779524,96.4377
08:03:00,912810TZ1,TSRYS5752098,D,S,D,2024-04-15,1000000.00,4.779524,96.4377
08:03:00,912810TZ1,TSRYS5752098,D,B,C,2024-04-15,1000000.00,4.779556,96.4373
08:03:00,912810TZ1,TSRYS5752098,D,S,C,2024-04-15,1000000.00,4.780786,96.422027
08:03:00,912810TZ1,TSRYS5752098,D,S,D,2024-04-15,1000000.00,4.779524,96.4377
08:03:00,912810TZ1,TSRYS5752098,D,B,C,2024-04-15,1000000.00,4.779554,96.437325
08:03:00,912810TZ1,TSRYS5752098,D,B,C,2024-04-15,1000000.00,4.780816,96.42165
08:03:00,912810TZ1,TSRYS5752098,D,B,C,2024-04-15,1000000.00,4.779554,96.437325
08:03:00,912810TZ1,TSRYS5752098,D,S,D,2024-04-15,1000000.00,4.784573,96.375
08:03:01,912810TZ1,TSRYS5752098,D,B,C,2024-04-15,1000000.00,4.783329,96.39045
08:03:01,912810TZ1,TSRYS5752098,D,S,D,2024-04-15,1000000.00,4.783314,96.390625
08:03:02,912810TZ1,TSRYS5752098,D,S,D,2024-04-15,1000000.00,4.783314,96.390625
08:03:02,912810TZ1,TSRYS5752098,D,B,C,2024-04-15,1000000.00,4.783329,96.39045
08:03:02,912810TZ1,TSRYS5752098,D,S,D,2024-04-15,1000000.00,4.783314,96.390625
08:03:02,912810TZ1,TSRYS5752098,D,B,C,2024-04-15,1000000.00,4.783329,96.39045
08:03:02,912810TZ1,TSRYS5752098,D,B,C,2024-04-15,1000000.00,4.78207,96.406075
08:03:02,912810TZ1,TSRYS5752098,D,S,D,2024-04-15,1000000.00,4.782056,96.40625
08:03:02,912810TZ1,TSRYS5752098,D,B,C,2024-04-15,1000000.00,4.780812,96.4217
08:03:02,912810TZ1,TSRYS5752098,D,S,C,2024-04-15,1000000.00,4.780798,96.421875
08:03:03,912810TZ1,TSRYS5752098,D,S,C,2024-04-15,1000000.00,4.785816,96.359575
08:03:03,912810TZ1,TSRYS5752098,D,B,C,2024-04-15,1000000.00,4.785844,96.359225
08:03:03,912810TZ1,TSRYS5752098,D,B,C,2024-04-15,1000000.00,4.784573,96.375
08:03:03,912810TZ1,TSRYS5752098,D,S,D,2024-04-15,1000000.00,4.784557,96.3752
08:03:04,912810TZ1,TSRYS5752098,D,S,D,2024-04-15,2000000.00,4.780798,96.421875
08:03:04,912810TZ1,TSRYS5752098,D,B,C,2024-04-15,1000000.00,4.780798,96.421875
08:03:04,912810TZ1,TSRYS5752098,D,B,C,2024-04-15,2000000.00,4.780812,96.4217
08:03:04,912810TZ1,TSRYS5752098,D,S,D,2024-04-15,1000000.00,4.780798,96.421875
08:03:05,912810TZ1,TSRYS5752098,D,B,C,2024-04-15,1000000.00,4.77704,96.468575
08:03:05,912810TZ1,TSRYS5752098,D,S,C,2024-04-15,1000000.00,4.777013,96.4689
08:03:05,912810TZ1,TSRYS5752098,D,B,C,2024-04-15,1000000.00,4.777042,96.46855
08:03:05,912810TZ1,TSRYS5752098,D,S,C,2024-04-15,1000000.00,4.77575,96.484602
08:03:05,912810TZ1,TSRYS5752098,D,S,C,2024-04-15,1000000.00,4.777013,96.4689
08:03:05,912810TZ1,TSRYS5752098,D,B,C,2024-04-15,1000000.00,4.775783,96.4842
08:03:05,912810TZ1,TSRYS5752098,D,S,T,2024-04-15,2000000.00,4.797192,96.218523
08:03:06,912810TZ1,TSRYS5752098,D,S,T,2024-04-15,1000000.00,4.798593,96.201171875
08:03:06,912810TZ1,TSRYS5752098,D,B,C,2024-04-15,1000000.00,4.775769,96.484375
08:03:06,912810TZ1,TSRYS5752098,D,S,D,2024-04-15,1000000.00,4.775758,96.484505
08:03:06,912810TZ1,TSRYS5752098,D,S,T,2024-04-15,1000000.00,4.797331,96.216796875
08:03:06,912810TZ1,TSRYS5752098,D,S,T,2024-04-15,1000000.00,4.797962,96.208984375
08:03:06,912810TZ1,TSRYS5752098,D,S,T,2024-04-15,1000000.00,4.797331,96.216796875
08:03:06,912810TZ1,TSRYS5752098,D,S,T,2024-04-15,1000000.00,4.797331,96.216796875
08:03:06,912810TZ1,TSRYS5752098,D,S,T,2024-04-15,1000000.00,4.797962,96.208984375
08:03:07,912810TZ1,TSRYS5752098,D,B,C,2024-04-15,8100000.00,4.778001,96.45663125
08:03:07,912810TZ1,TSRYS5752098,D,S,C,2024-04-15,1000000.00,4.778267,96.453325
08:03:08,912810TZ1,TSRYS5752098,D,S,C,2024-04-15,1000000.00,4.782038,96.406477
08:03:08,912810TZ1,TSRYS5752098,D,S,C,2024-04-15,1000000.00,4.782038,96.406477
08:03:08,912810TZ1,TSRYS5752098,D,B,C,2024-04-15,1000000.00,4.783329,96.39045
08:03:08,912810TZ1,TSRYS5752098,D,S,D,2024-04-15,1000000.00,4.783314,96.390625
08:03:09,912810TZ1,TSRYS5752098,D,S,D,2024-04-15,1000000.00,4.784573,96.375
08:03:09,912810TZ1,TSRYS5752098,D,B,C,2024-04-15,1000000.00,4.784587,96.374825
08:03:09,912810TZ1,TSRYS5752098,D,S,D,2024-04-15,1000000.00,4.784573,96.375
08:03:09,912810TZ1,TSRYS5752098,D,B,C,2024-04-15,1000000.00,4.784587,96.374825
08:03:10,912810TZ1,TSRYS5752098,D,B,C,2024-04-15,1000000.00,4.784587,96.374825
08:03:10,912810TZ1,TSRYS5752098,D,S,D,2024-04-15,1000000.00,4.784573,96.375
08:03:10,912810TZ1,TSRYS5752098,D,S,D,2024-04-15,1000000.00,4.783314,96.390625
08:03:10,912810TZ1,TSRYS5752098,D,B,C,2024-04-15,1000000.00,4.783329,96.39045
08:03:10,912810TZ1,TSRYS5752098,D,S,D,2024-04-15,1000000.00,4.783314,96.390625
08:03:10,912810TZ1,TSRYS5752098,D,B,C,2024-04-15,1000000.00,4.783329,96.39045
08:03:10,912810TZ1,TSRYS5752098,D,S,D,2024-04-15,1000000.00,4.783314,96.390625
08:03:10,912810TZ1,TSRYS5752098,D,B,C,2024-04-15,1000000.00,4.783329,96.39045
08:03:10,912810TZ1,TSRYS5752098,D,S,D,2024-04-15,1000000.00,4.783157,96.392578125
08:03:11,912810TZ1,TSRYS5752098,D,B,C,2024-04-15,1000000.00,4.783327,96.390473
08:03:11,912810TZ1,TSRYS5752098,D,S,D,2024-04-15,1000000.00,4.783314,96.390625
08:03:12,912810TZ1,TSRYS5752098,D,S,D,2024-04-15,1000000.00,4.782056,96.40625
08:03:12,912810TZ1,TSRYS5752098,D,B,C,2024-04-15,1000000.00,4.782068,96.406098
08:03:12,912810TZ1,TSRYS5752098,D,S,D,2024-04-15,1000000.00,4.783472,96.388671875
08:03:12,912810TZ1,TSRYS5752098,D,S,D,2024-04-15,1000000.00,4.783472,96.388671875
08:03:14,912810TZ1,TSRYS5752098,D,B,C,2024-04-15,1000000.00,4.78207,96.406075
08:03:14,912810TZ1,TSRYS5752098,D,S,C,2024-04-15,1000000.00,4.782056,96.40625
08:03:16,912810TZ1,TSRYS5752098,D,B,C,2024-04-15,1000000.00,4.778297,96.45295
08:03:16,912810TZ1,TSRYS5752098,D,S,D,2024-04-15,1000000.00,4.778283,96.453125
08:03:17,912810TZ1,TSRYS5752098,D,S,C,2024-04-15,1000000.00,4.777013,96.4689
08:03:17,912810TZ1,TSRYS5752098,D,S,D,2024-04-15,1000000.00,4.775769,96.484375
08:03:17,912810TZ1,TSRYS5752098,D,B,C,2024-04-15,1000000.00,4.77704,96.468575
08:03:18,912810TZ1,TSRYS5752098,D,B,C,2024-04-15,1000000.00,4.770757,96.5467
08:03:18,912810TZ1,TSRYS5752098,D,S,D,2024-04-15,1000000.00,4.770743,96.546875
08:03:19,912810TZ1,TSRYS5752098,D,B,C,2024-04-15,4050000.00,4.794684,96.2496
08:03:21,912810TZ1,TSRYS5752098,D,S,A,2024-04-15,16000.00,4.797549,96.2141
08:03:22,912810TZ1,TSRYS5752098,D,S,C,2024-04-15,8900000.00,4.797174,96.21875
08:03:23,912810TZ1,TSRYS5752098,D,S,C,2024-04-15,1000000.00,4.782056,96.40625
08:03:23,912810TZ1,TSRYS5752098,D,B,C,2024-04-15,1000000.00,4.782056,96.40625
08:03:24,912810TZ1,TSRYS5752098,D,S,C,2024-04-15,1000000.00,4.782044,96.406402
08:03:25,912810TZ1,TSRYS5752098,D,S,D,2024-04-15,1000000.00,4.782056,96.40625
08:03:25,912810TZ1,TSRYS5752098,D,S,D,2024-04-15,1000000.00,4.782056,96.40625
08:03:26,912810TZ1,TSRYS5752098,D,S,D,2024-04-15,1000000.00,4.782685,96.3984375
08:03:31,912810TZ1,TSRYS5752098,D,S,C,2024-04-15,1000000.00,4.782044,96.406402
08:03:32,912810TZ1,TSRYS5752098,D,S,D,2024-04-15,3000000.00,4.783629,96.38671875
08:03:36,912810TZ1,TSRYS5752098,D,S,D,2024-04-15,1000000.00,4.777015,96.46888
08:03:40,912810TZ1,TSRYS5752098,D,B,C,2024-04-15,1000000.00,4.777026,96.46875
08:03:40,912810TZ1,TSRYS5752098,D,S,C,2024-04-15,1000000.00,4.777013,96.468902
08:03:44,912810TZ1,TSRYS5752098,D,S,C,2024-04-15,1000000.00,4.780798,96.421875
08:03:44,912810TZ1,TSRYS5752098,D,B,C,2024-04-15,1000000.00,4.780798,96.421875
08:03:44,912810TZ1,TSRYS5752098,D,B,C,2024-04-15,1000000.00,4.780798,96.421875
08:03:44,912810TZ1,TSRYS5752098,D,S,C,2024-04-15,1000000.00,4.780786,96.422027
08:03:45,912810TZ1,TSRYS5752098,D,B,C,2024-04-15,1000000.00,4.775769,96.484375
08:03:45,912810TZ1,TSRYS5752098,D,S,C,2024-04-15,1000000.00,4.775769,96.484375
08:03:46,912810TZ1,TSRYS5752098,D,B,C,2024-04-15,1000000.00,4.782056,96.40625
08:03:46,912810TZ1,TSRYS5752098,D,S,C,2024-04-15,1000000.00,4.782044,96.406402
08:03:47,912810TZ1,TSRYS5752098,D,B,C,2024-04-15,1000000.00,4.785844,96.359225
08:03:47,912810TZ1,TSRYS5752098,D,S,C,2024-04-15,1000000.00,4.785816,96.359575
08:03:47,912810TZ1,TSRYS5752098,D,S,C,2024-04-15,1000000.00,4.785832,96.359375
08:03:47,912810TZ1,TSRYS5752098,D,B,C,2024-04-15,1000000.00,4.785844,96.359225
08:03:51,912810TZ1,TSRYS5752098,D,S,C,2024-04-15,1000000.00,4.78835,96.328125
08:03:51,912810TZ1,TSRYS5752098,D,B,C,2024-04-15,1000000.00,4.78835,96.328125
08:03:54,912810TZ1,TSRYS5752098,D,S,D,2024-04-15,1000000.00,4.780798,96.421875
08:03:54,912810TZ1,TSRYS5752098,D,B,C,2024-04-15,1000000.00,4.780798,96.421875
08:03:57,912810TZ1,TSRYS5752098,D,B,C,2024-04-15,1000000.00,4.780816,96.42165
08:03:57,912810TZ1,TSRYS5752098,D,S,C,2024-04-15,1000000.00,4.780798,96.421875
08:03:57,912810TZ1,TSRYS5752098,D,S,D,2024-04-15,3000000.00,4.796228,96.23046875
08:03:57,912810TZ1,TSRYS5752098,D,S,D,2024-04-15,1000000.00,4.795282,96.2421875
08:03:57,912810TZ1,TSRYS5752098,D,S,D,2024-04-15,1000000.00,4.795755,96.236328125
08:03:57,912810TZ1,TSRYS5752098,D,S,D,2024-04-15,1000000.00,4.795755,96.236328125
08:03:57,912810TZ1,TSRYS5752098,D,S,C,2024-04-15,1000000.00,4.794651,96.25
08:03:57,912810TZ1,TSRYS5752098,D,S,D,2024-04-15,1000000.00,4.794494,96.251953125
08:03:57,912810TZ1,TSRYS5752098,D,S,D,2024-04-15,1000000.00,4.794494,96.251953125
08:03:57,912810TZ1,TSRYS5752098,D,S,D,2024-04-15,1000000.00,4.793233,96.267578125
08:03:59,912810TZ1,TSRYS5752098,D,S,C,2024-04-15,1000000.00,4.794967,96.24609375
08:03:59,912810TZ1,TSRYS5752098,D,S,C,2024-04-15,1000000.00,4.79607,96.232421875
08:04:00,912810TZ1,TSRYS5752098,D,S,D,2024-04-15,1000000.00,4.795282,96.2421875
08:04:00,912810TZ1,TSRYS5752098,D,S,C,2024-04-15,1000000.00,4.796385,96.228515625
08:04:00,912810TZ1,TSRYS5752098,D,S,D,2024-04-15,1000000.00,4.795912,96.234375
08:04:00,912810TZ1,TSRYS5752098,D,S,D,2024-04-15,1000000.00,4.798435,96.203125
08:04:01,912810TZ1,TSRYS5752098,D,B,C,2024-04-15,1000000.00,4.775769,96.484375
08:04:01,912810TZ1,TSRYS5752098,D,S,D,2024-04-15,1000000.00,4.775769,96.484375
08:04:01,912810TZ1,TSRYS5752098,D,S,D,2024-04-15,1000000.00,4.775769,96.484375
08:04:01,912810TZ1,TSRYS5752098,D,S,D,2024-04-15,2000000.00,4.775769,96.484375
08:04:01,912810TZ1,TSRYS5752098,D,B,C,2024-04-15,2000000.00,4.775769,96.484375
08:04:01,912810TZ1,TSRYS5752098,D,S,D,2024-04-15,1000000.00,4.775769,96.484375
08:04:01,912810TZ1,TSRYS5752098,D,S,D,2024-04-15,1000000.00,4.775769,96.484375
08:04:01,912810TZ1,TSRYS5752098,D,B,C,2024-04-15,1000000.00,4.775787,96.48415
08:04:01,912810TZ1,TSRYS5752098,D,S,D,2024-04-15,1000000.00,4.774512,96.5
08:04:01,912810TZ1,TSRYS5752098,D,B,C,2024-04-15,1000000.00,4.774512,96.5
08:04:02,912810TZ1,TSRYS5752098,D,S,C,2024-04-15,1000000.00,4.798435,96.203125
08:04:02,912810TZ1,TSRYS5752098,D,S,C,2024-04-15,1000000.00,4.797804,96.2109375
08:04:03,912810TZ1,TSRYS5752098,D,S,D,2024-04-15,1000000.00,4.775769,96.484375
08:04:03,912810TZ1,TSRYS5752098,D,S,T,2024-04-15,1000000.00,4.795912,96.234375
08:04:03,912810TZ1,TSRYS5752098,D,S,T,2024-04-15,1000000.00,4.795912,96.234375
08:04:03,912810TZ1,TSRYS5752098,D,B,C,2024-04-15,1000000.00,4.775769,96.484375
08:04:03,912810TZ1,TSRYS5752098,D,B,C,2024-04-15,1000000.00,4.775787,96.48415
08:04:03,912810TZ1,TSRYS5752098,D,S,D,2024-04-15,1000000.00,4.775769,96.484375
08:04:03,912810TZ1,TSRYS5752098,D,B,C,2024-04-15,1000000.00,4.775769,96.484375
08:04:03,912810TZ1,TSRYS5752098,D,S,D,2024-04-15,1000000.00,4.775769,96.484375
08:04:03,912810TZ1,TSRYS5752098,D,B,C,2024-04-15,1000000.00,4.775777,96.484275
08:04:03,912810TZ1,TSRYS5752098,D,S,D,2024-04-15,1000000.00,4.775769,96.484375
08:04:03,912810TZ1,TSRYS5752098,D,S,D,2024-04-15,1000000.00,4.775769,96.484375
08:04:03,912810TZ1,TSRYS5752098,D,S,D,2024-04-15,1000000.00,4.775769,96.484375
08:04:03,912810TZ1,TSRYS5752098,D,B,C,2024-04-15,1000000.00,4.775769,96.484375
08:04:03,912810TZ1,TSRYS5752098,D,B,C,2024-04-15,1000000.00,4.775785,96.484175
08:04:03,912810TZ1,TSRYS5752098,D,S,D,2024-04-15,1000000.00,4.775769,96.484375
08:04:03,912810TZ1,TSRYS5752098,D,S,D,2024-04-15,1000000.00,4.793233,96.267578125
08:04:03,912810TZ1,TSRYS5752098,D,S,C,2024-04-15,1000000.00,4.793548,96.263671875
08:04:04,912810TZ1,TSRYS5752098,D,S,D,2024-04-15,1000000.00,4.793233,96.267578125
08:04:04,912810TZ1,TSRYS5752098,D,S,D,2024-04-15,1000000.00,4.794651,96.25
08:04:04,912810TZ1,TSRYS5752098,D,S,C,2024-04-15,1000000.00,4.767754,96.584084375
08:04:05,912810TZ1,TSRYS5752098,D,B,C,2024-04-15,1000000.00,4.770586,96.548828125
08:04:05,912810TZ1,TSRYS5752098,D,S,D,2024-04-15,1000000.00,4.770586,96.548828125
08:04:05,912810TZ1,TSRYS5752098,D,S,D,2024-04-15,1000000.00,4.793391,96.265625
08:04:05,912810TZ1,TSRYS5752098,D,S,D,2024-04-15,1000000.00,4.777017,96.468852
08:04:05,912810TZ1,TSRYS5752098,D,B,C,2024-04-15,1000000.00,4.777026,96.46875
08:04:07,912810TZ1,TSRYS5752098,D,S,C,2024-04-15,1000000.00,4.758026,96.705278125
08:04:07,912810TZ1,TSRYS5752098,D,S,C,2024-04-15,1000000.00,4.758026,96.705278125
08:04:07,912810TZ1,TSRYS5752098,D,S,C,2024-04-15,1000000.00,4.758183,96.703325
08:04:07,912810TZ1,TSRYS5752098,D,S,C,2024-04-15,1000000.00,4.758026,96.705278125
08:04:07,912810TZ1,TSRYS5752098,D,S,C,2024-04-15,1000000.00,4.760063,96.6798875
08:04:07,912810TZ1,TSRYS5752098,D,S,C,2024-04-15,1000000.00,4.760063,96.6798875
08:04:07,912810TZ1,TSRYS5752098,D,S,C,2024-04-15,1000000.00,4.759906,96.681840625
08:04:07,912810TZ1,TSRYS5752098,D,S,D,2024-04-15,1000000.00,4.758348,96.701271875
08:04:08,912810TZ1,TSRYS5752098,D,B,C,2024-04-15,1000000.00,4.754301,96.751753125
08:04:08,912810TZ1,TSRYS5752098,D,S,D,2024-04-15,1000000.00,4.754284,96.751953125
08:04:08,912810TZ1,TSRYS5752098,D,S,C,2024-04-15,1000000.00,4.752547,96.7736375
08:04:08,912810TZ1,TSRYS5752098,D,B,C,2024-04-15,1000000.00,4.752101,96.779196875
08:04:08,912810TZ1,TSRYS5752098,D,S,C,2024-04-15,1000000.00,4.752077,96.779496875
08:04:08,912810TZ1,TSRYS5752098,D,S,D,2024-04-15,1000000.00,4.778283,96.453125
08:04:08,912810TZ1,TSRYS5752098,D,S,D,2024-04-15,1000000.00,4.778283,96.453125
08:04:08,912810TZ1,TSRYS5752098,D,B,C,2024-04-15,1000000.00,4.755067,96.7421875
08:04:08,912810TZ1,TSRYS5752098,D,S,C,2024-04-15,1000000.00,4.755051,96.7423875
08:04:09,912810TZ1,TSRYS5752098,D,S,C,2024-04-15,1000000.00,4.756147,96.728715625
08:04:09,912810TZ1,TSRYS5752098,D,B,C,2024-04-15,1000000.00,4.756015,96.73036875
08:04:09,912810TZ1,TSRYS5752098,D,S,C,2024-04-15,1000000.00,4.755991,96.73066875
08:04:11,912810TZ1,TSRYS5752098,D,S,D,2024-04-15,1000000.00,4.782044,96.4064
08:04:11,912810TZ1,TSRYS5752098,D,S,D,2024-04-15,1000000.00,4.782044,96.4064
08:04:11,912810TZ1,TSRYS5752098,D,S,D,2024-04-15,1000000.00,4.782044,96.4064
08:04:12,912810TZ1,TSRYS5752098,D,S,C,2024-04-15,1000000.00,4.782056,96.40625
08:04:12,912810TZ1,TSRYS5752098,D,S,D,2024-04-15,1000000.00,4.782044,96.4064
08:04:12,912810TZ1,TSRYS5752098,D,S,D,2024-04-15,1000000.00,4.782044,96.4064
08:04:17,912810TZ1,TSRYS5752098,D,S,D,2024-04-15,1000000.00,4.791973,96.283203125
08:04:17,912810TZ1,TSRYS5752098,D,S,C,2024-04-15,1000000.00,4.76022,96.677934375
08:04:17,912810TZ1,TSRYS5752098,D,S,C,2024-04-15,1000000.00,4.76022,96.677934375
08:04:17,912810TZ1,TSRYS5752098,D,B,C,2024-04-15,1000000.00,4.760244,96.677634375
08:04:18,912810TZ1,TSRYS5752098,D,S,C,2024-04-15,1000000.00,4.764138,96.62910625
08:04:19,912810TZ1,TSRYS5752098,D,S,C,2024-04-15,1000000.00,4.79087,96.296875
08:04:19,912810TZ1,TSRYS5752098,D,S,C,2024-04-15,1000000.00,4.790856,96.29705
08:04:21,912810TZ1,TSRYS5752098,D,S,D,2024-04-15,1000000.00,4.79087,96.296875
08:04:21,912810TZ1,TSRYS5752098,D,S,D,2024-04-15,1000000.00,4.79087,96.296875
08:04:21,912810TZ1,TSRYS5752098,D,S,D,2024-04-15,1000000.00,4.79087,96.296875
08:04:21,912810TZ1,TSRYS5752098,D,S,D,2024-04-15,1000000.00,4.79087,96.296875
08:04:21,912810TZ1,TSRYS5752098,D,B,C,2024-04-15,1000000.00,4.79087,96.296875
08:04:21,912810TZ1,TSRYS5752098,D,S,D,2024-04-15,1000000.00,4.79087,96.296875
08:04:22,912810TZ1,TSRYS5752098,D,S,C,2024-04-15,1000000.00,4.799697,96.1875
08:04:22,912810TZ1,TSRYS5752098,D,S,C,2024-04-15,1000000.00,4.795898,96.23455
08:04:23,912810TZ1,TSRYS5752098,D,S,D,2024-04-15,2000000.00,4.797174,96.21875
08:04:23,912810TZ1,TSRYS5752098,D,S,C,2024-04-15,1000000.00,4.797174,96.21875
08:04:23,912810TZ1,TSRYS5752098,D,S,C,2024-04-15,1000000.00,4.797174,96.21875
08:04:23,912810TZ1,TSRYS5752098,D,S,C,2024-04-15,1000000.00,4.797174,96.21875
08:04:23,912810TZ1,TSRYS5752098,D,S,C,2024-04-15,1000000.00,4.798908,96.197265625
08:04:23,912810TZ1,TSRYS5752098,D,S,C,2024-04-15,1000000.00,4.799539,96.189453125
08:04:23,912810TZ1,TSRYS5752098,D,S,D,2024-04-15,1000000.00,4.799697,96.1875
08:04:24,912810TZ1,TSRYS5752098,D,S,D,2024-04-15,1000000.00,4.797804,96.2109375
08:04:24,912810TZ1,TSRYS5752098,D,S,C,2024-04-15,1000000.00,4.797174,96.21875
08:04:24,912810TZ1,TSRYS5752098,D,S,D,2024-04-15,2000000.00,4.794651,96.25
08:04:25,912810TZ1,TSRYS5752098,D,B,C,2024-04-15,1000000.00,4.774669,96.498046875
08:04:25,912810TZ1,TSRYS5752098,D,S,C,2024-04-15,1000000.00,4.774653,96.498246875
08:04:25,912810TZ1,TSRYS5752098,D,S,C,2024-04-15,1000000.00,4.795896,96.234575
08:04:25,912810TZ1,TSRYS5752098,D,S,D,2024-04-15,1000000.00,4.795912,96.234375
08:04:26,912810TZ1,TSRYS5752098,D,S,C,2024-04-15,1000000.00,4.798417,96.203352
08:04:26,912810TZ1,TSRYS5752098,D,S,D,2024-04-15,1000000.00,4.798435,96.203125
08:04:26,912810TZ1,TSRYS5752098,D,S,D,2024-04-15,1000000.00,4.798435,96.203125
08:04:28,912810TZ1,TSRYS5752098,D,S,C,2024-04-15,1000000.00,4.79213,96.28125
08:04:28,912810TZ1,TSRYS5752098,D,B,C,2024-04-15,1000000.00,4.79213,96.28125
08:04:28,912810TZ1,TSRYS5752098,D,S,D,2024-04-15,1000000.00,4.776711,96.47265625
08:04:28,912810TZ1,TSRYS5752098,D,S,D,2024-04-15,1000000.00,4.776868,96.470703125
08:04:29,912810TZ1,TSRYS5752098,D,S,C,2024-04-15,1000000.00,4.797647,96.212890625
08:04:29,912810TZ1,TSRYS5752098,D,S,D,2024-04-15,1000000.00,4.79812,96.20703125
08:04:29,912810TZ1,TSRYS5752098,D,S,D,2024-04-15,1000000.00,4.79812,96.20703125
08:04:29,912810TZ1,TSRYS5752098,D,S,D,2024-04-15,1000000.00,4.798277,96.205078125
08:04:29,912810TZ1,TSRYS5752098,D,S,D,2024-04-15,2000000.00,4.797016,96.220703125
08:04:29,912810TZ1,TSRYS5752098,D,S,D,2024-04-15,1000000.00,4.797489,96.21484375
08:04:31,912810TZ1,TSRYS5752098,D,B,C,2024-04-15,1000000.00,4.778299,96.452925
08:04:31,912810TZ1,TSRYS5752098,D,S,D,2024-04-15,1000000.00,4.778283,96.453125
08:04:32,912810TZ1,TSRYS5752098,D,S,C,2024-04-15,1000000.00,4.77921,96.44160625
08:04:34,912810TZ1,TSRYS5752098,D,S,C,2024-04-15,1000000.00,4.777324,96.46504375
08:04:34,912810TZ1,TSRYS5752098,D,S,C,2024-04-15,1000000.00,4.779524,96.4377
08:04:34,912810TZ1,TSRYS5752098,D,S,C,2024-04-15,1000000.00,4.779367,96.439653125
08:04:34,912810TZ1,TSRYS5752098,D,B,C,2024-04-15,1000000.00,4.779383,96.439453125
08:04:35,912810TZ1,TSRYS5752098,D,S,C,2024-04-15,1000000.00,4.798435,96.203125
08:04:35,912810TZ1,TSRYS5752098,D,B,C,2024-04-15,1000000.00,4.798435,96.203125
08:04:35,912810TZ1,TSRYS5752098,D,S,C,2024-04-15,1000000.00,4.799681,96.1877
08:04:35,912810TZ1,TSRYS5752098,D,S,C,2024-04-15,1000000.00,4.799697,96.1875
08:04:39,912810TZ1,TSRYS5752098,D,S,D,2024-04-15,2000000.00,4.797174,96.21875
08:04:40,912810TZ1,TSRYS5752098,D,B,C,2024-04-15,1000000.00,4.795912,96.234375
08:04:40,912810TZ1,TSRYS5752098,D,S,D,2024-04-15,1000000.00,4.795912,96.234375
08:04:40,912810TZ1,TSRYS5752098,D,B,C,2024-04-15,1000000.00,4.795912,96.234375
08:04:40,912810TZ1,TSRYS5752098,D,S,D,2024-04-15,1000000.00,4.795912,96.234375
08:04:41,912810TZ1,TSRYS5752098,D,S,D,2024-04-15,2000000.00,4.797174,96.21875
08:04:41,912810TZ1,TSRYS5752098,D,S,D,2024-04-15,1000000.00,4.797174,96.21875
08:04:41,912810TZ1,TSRYS5752098,D,S,D,2024-04-15,1000000.00,4.797174,96.21875
08:04:41,912810TZ1,TSRYS5752098,D,S,D,2024-04-15,1000000.00,4.797174,96.21875
08:04:41,912810TZ1,TSRYS5752098,D,S,D,2024-04-15,1000000.00,4.798435,96.203125
08:04:41,912810TZ1,TSRYS5752098,D,S,D,2024-04-15,1000000.00,4.798435,96.203125
08:04:41,912810TZ1,TSRYS5752098,D,B,C,2024-04-15,1000000.00,4.798435,96.203125
08:04:41,912810TZ1,TSRYS5752098,D,S,D,2024-04-15,1000000.00,4.798435,96.203125
08:04:41,912810TZ1,TSRYS5752098,D,S,D,2024-04-15,1000000.00,4.798435,96.203125
08:04:42,912810TZ1,TSRYS5752098,D,S,D,2024-04-15,2000000.00,4.798435,96.203125
08:04:42,912810TZ1,TSRYS5752098,D,S,D,2024-04-15,1000000.00,4.798435,96.203125
08:04:42,912810TZ1,TSRYS5752098,D,S,D,2024-04-15,1000000.00,4.798435,96.203125
08:04:42,912810TZ1,TSRYS5752098,D,S,D,2024-04-15,1000000.00,4.799697,96.1875
08:04:42,912810TZ1,TSRYS5752098,D,B,C,2024-04-15,1000000.00,4.799697,96.1875
08:04:42,912810TZ1,TSRYS5752098,D,S,D,2024-04-15,1000000.00,4.799697,96.1875
08:04:42,912810TZ1,TSRYS5752098,D,B,C,2024-04-15,1000000.00,4.800959,96.171875
08:04:42,912810TZ1,TSRYS5752098,D,S,D,2024-04-15,1000000.00,4.800959,96.171875
08:04:43,912810TZ1,TSRYS5752098,D,B,C,2024-04-15,1000000.00,4.800959,96.171875
08:04:43,912810TZ1,TSRYS5752098,D,B,C,2024-04-15,1000000.00,4.800959,96.171875
08:04:43,912810TZ1,TSRYS5752098,D,S,D,2024-04-15,1000000.00,4.800959,96.171875
08:04:43,912810TZ1,TSRYS5752098,D,S,D,2024-04-15,1000000.00,4.800959,96.171875
08:04:43,912810TZ1,TSRYS5752098,D,B,C,2024-04-15,1000000.00,4.799697,96.1875
08:04:43,912810TZ1,TSRYS5752098,D,S,C,2024-04-15,1000000.00,4.799697,96.1875
08:04:43,912810TZ1,TSRYS5752098,D,B,C,2024-04-15,1000000.00,4.799697,96.1875
08:04:43,912810TZ1,TSRYS5752098,D,S,C,2024-04-15,1000000.00,4.799697,96.1875
08:04:43,912810TZ1,TSRYS5752098,D,B,C,2024-04-15,1000000.00,4.799713,96.1873
08:04:43,912810TZ1,TSRYS5752098,D,S,C,2024-04-15,1000000.00,4.799697,96.1875
08:04:43,912810TZ1,TSRYS5752098,D,S,D,2024-04-15,1000000.00,4.799697,96.1875
08:04:43,912810TZ1,TSRYS5752098,D,S,D,2024-04-15,1000000.00,4.799697,96.1875
08:04:43,912810TZ1,TSRYS5752098,D,S,D,2024-04-15,1000000.00,4.799697,96.1875
08:04:43,912810TZ1,TSRYS5752098,D,B,C,2024-04-15,1000000.00,4.799721,96.1872
08:04:43,912810TZ1,TSRYS5752098,D,S,D,2024-04-15,1000000.00,4.799697,96.1875
08:04:43,912810TZ1,TSRYS5752098,D,B,C,2024-04-15,1000000.00,4.799721,96.1872
08:04:43,912810TZ1,TSRYS5752098,D,S,D,2024-04-15,1000000.00,4.799697,96.1875
08:04:43,912810TZ1,TSRYS5752098,D,S,D,2024-04-15,1000000.00,4.798435,96.203125
08:04:43,912810TZ1,TSRYS5752098,D,B,C,2024-04-15,1000000.00,4.798435,96.203125
08:04:43,912810TZ1,TSRYS5752098,D,B,C,2024-04-15,1000000.00,4.798435,96.203125
08:04:43,912810TZ1,TSRYS5752098,D,S,D,2024-04-15,1000000.00,4.798435,96.203125
08:04:44,912810TZ1,TSRYS5752098,D,S,D,2024-04-15,1000000.00,4.798593,96.201171875
08:04:44,912810TZ1,TSRYS5752098,D,B,C,2024-04-15,1000000.00,4.798447,96.202975
08:04:44,912810TZ1,TSRYS5752098,D,S,D,2024-04-15,1000000.00,4.798435,96.203125
08:04:44,912810TZ1,TSRYS5752098,D,S,D,2024-04-15,1000000.00,4.798435,96.203125
08:04:44,912810TZ1,TSRYS5752098,D,B,C,2024-04-15,1000000.00,4.798447,96.202975
08:04:45,912810TZ1,TSRYS5752098,D,S,D,2024-04-15,1000000.00,4.797331,96.216796875
08:04:45,912810TZ1,TSRYS5752098,D,S,D,2024-04-15,1000000.00,4.797331,96.216796875
08:04:45,912810TZ1,TSRYS5752098,D,S,D,2024-04-15,1000000.00,4.797962,96.208984375
08:04:45,912810TZ1,TSRYS5752098,D,S,D,2024-04-15,1000000.00,4.797331,96.216796875
08:04:45,912810TZ1,TSRYS5752098,D,S,D,2024-04-15,1000000.00,4.797331,96.216796875
08:04:45,912810TZ1,TSRYS5752098,D,S,C,2024-04-15,1000000.00,4.795912,96.234375
08:04:45,912810TZ1,TSRYS5752098,D,B,C,2024-04-15,1000000.00,4.795928,96.234175
08:04:46,912810TZ1,TSRYS5752098,D,S,C,2024-04-15,1000000.00,4.795896,96.234575
08:04:46,912810TZ1,TSRYS5752098,D,B,C,2024-04-15,1000000.00,4.795912,96.234375
08:04:46,912810TZ1,TSRYS5752098,D,S,D,2024-04-15,1000000.00,4.794651,96.25
08:04:46,912810TZ1,TSRYS5752098,D,S,D,2024-04-15,1000000.00,4.794651,96.25
08:04:46,912810TZ1,TSRYS5752098,D,S,D,2024-04-15,1000000.00,4.797962,96.208984375
08:04:47,912810TZ1,TSRYS5752098,D,B,C,2024-04-15,1000000.00,4.795924,96.234225
08:04:47,912810TZ1,TSRYS5752098,D,S,D,2024-04-15,1000000.00,4.795912,96.234375
08:04:48,912810TZ1,TSRYS5752098,D,S,D,2024-04-15,1000000.00,4.798435,96.203125
08:04:49,912810TZ1,TSRYS5752098,D,S,D,2024-04-15,1000000.00,4.795912,96.234375
08:04:50,912810TZ1,TSRYS5752098,D,B,C,2024-04-15,1000000.00,4.794651,96.25
08:04:50,912810TZ1,TSRYS5752098,D,S,D,2024-04-15,1000000.00,4.794651,96.25
08:04:51,912810TZ1,TSRYS5752098,D,S,D,2024-04-15,1000000.00,4.793391,96.265625
08:04:51,912810TZ1,TSRYS5752098,D,B,C,2024-04-15,1000000.00,4.793391,96.265625
08:04:51,912810TZ1,TSRYS5752098,D,S,D,2024-04-15,1000000.00,4.793391,96.265625
08:04:51,912810TZ1,TSRYS5752098,D,S,D,2024-04-15,1000000.00,4.794651,96.25
08:04:51,912810TZ1,TSRYS5752098,D,B,C,2024-04-15,1000000.00,4.794667,96.2498
08:04:51,912810TZ1,TSRYS5752098,D,S,D,2024-04-15,1000000.00,4.794651,96.25
08:04:51,912810TZ1,TSRYS5752098,D,S,D,2024-04-15,1000000.00,4.794651,96.25
08:04:51,912810TZ1,TSRYS5752098,D,B,C,2024-04-15,1000000.00,4.794651,96.25
08:04:52,912810TZ1,TSRYS5752098,D,S,D,2024-04-15,1000000.00,4.799066,96.1953125
08:04:52,912810TZ1,TSRYS5752098,D,S,C,2024-04-15,1000000.00,4.775611,96.486328125
08:04:52,912810TZ1,TSRYS5752098,D,B,C,2024-04-15,1000000.00,4.793391,96.265625
08:04:52,912810TZ1,TSRYS5752098,D,S,D,2024-04-15,1000000.00,4.793391,96.265625
08:04:57,912810TZ1,TSRYS5752098,D,B,C,2024-04-15,2000000.00,4.795912,96.234375
08:04:57,912810TZ1,TSRYS5752098,D,S,D,2024-04-15,2000000.00,4.795912,96.234375
08:04:57,912810TZ1,TSRYS5752098,D,S,D,2024-04-15,1000000.00,4.795912,96.234375
08:04:57,912810TZ1,TSRYS5752098,D,S,D,2024-04-15,1000000.00,4.795912,96.234375
08:04:57,912810TZ1,TSRYS5752098,D,S,D,2024-04-15,1000000.00,4.795912,96.234375
08:04:57,912810TZ1,TSRYS5752098,D,B,C,2024-04-15,1000000.00,4.795928,96.234175
08:04:57,912810TZ1,TSRYS5752098,D,S,D,2024-04-15,1000000.00,4.795912,96.234375
08:04:57,912810TZ1,TSRYS5752098,D,B,C,2024-04-15,1000000.00,4.795912,96.234375
08:04:57,912810TZ1,TSRYS5752098,D,B,C,2024-04-15,1000000.00,4.797174,96.21875
08:04:57,912810TZ1,TSRYS5752098,D,S,D,2024-04-15,1000000.00,4.795912,96.234375
08:04:57,912810TZ1,TSRYS5752098,D,B,C,2024-04-15,1000000.00,4.795912,96.234375
08:04:57,912810TZ1,TSRYS5752098,D,S,C,2024-04-15,1000000.00,4.779839,96.43379375
08:04:58,912810TZ1,TSRYS5752098,D,S,C,2024-04-15,1000000.00,4.78536,96.365234375
08:05:00,912810TZ1,TSRYS5752098,D,S,T,2024-04-15,1000000.00,4.791815,96.28515625
08:05:00,912810TZ1,TSRYS5752098,D,S,T,2024-04-15,1000000.00,4.79213,96.28125
08:05:07,912810TZ1,TSRYS5752098,D,B,C,2024-04-15,1000000.00,4.794494,96.251953125
08:05:07,912810TZ1,TSRYS5752098,D,S,D,2024-04-15,1000000.00,4.794494,96.251953125
08:05:07,912810TZ1,TSRYS5752098,D,S,D,2024-04-15,1000000.00,4.794336,96.25390625
08:05:08,912810TZ1,TSRYS5752098,D,S,D,2024-04-15,1000000.00,4.775769,96.484375
08:05:09,912810TZ1,TSRYS5752098,D,S,D,2024-04-15,1000000.00,4.79213,96.28125
08:05:10,912810TZ1,TSRYS5752098,D,S,D,2024-04-15,1000000.00,4.778283,96.453125
08:05:10,912810TZ1,TSRYS5752098,D,S,D,2024-04-15,1000000.00,4.780169,96.4296875
08:05:10,912810TZ1,TSRYS5752098,D,S,D,2024-04-15,1000000.00,4.780169,96.4296875
08:05:10,912810TZ1,TSRYS5752098,D,B,C,2024-04-15,1000000.00,4.782528,96.400390625
08:05:10,912810TZ1,TSRYS5752098,D,S,C,2024-04-15,1000000.00,4.782528,96.400390625
08:05:10,912810TZ1,TSRYS5752098,D,S,D,2024-04-15,1000000.00,4.782685,96.3984375
08:05:10,912810TZ1,TSRYS5752098,D,S,D,2024-04-15,1000000.00,4.782685,96.3984375
08:05:10,912810TZ1,TSRYS5752098,D,S,D,2024-04-15,1000000.00,4.782056,96.40625
08:05:11,912810TZ1,TSRYS5752098,D,S,D,2024-04-15,1000000.00,4.782056,96.40625
08:05:11,912810TZ1,TSRYS5752098,D,S,D,2024-04-15,1000000.00,4.782056,96.40625
08:05:11,912810TZ1,TSRYS5752098,D,S,D,2024-04-15,1000000.00,4.782056,96.40625
08:05:11,912810TZ1,TSRYS5752098,D,S,D,2024-04-15,1000000.00,4.782056,96.40625
08:05:11,912810TZ1,TSRYS5752098,D,S,D,2024-04-15,1000000.00,4.782056,96.40625
08:05:12,912810TZ1,TSRYS5752098,D,B,C,2024-04-15,1000000.00,4.795912,96.234375
08:05:12,912810TZ1,TSRYS5752098,D,S,D,2024-04-15,1000000.00,4.795912,96.234375
08:05:13,912810TZ1,TSRYS5752098,D,S,D,2024-04-15,1000000.00,4.791815,96.28515625
08:05:14,912810TZ1,TSRYS5752098,D,S,C,2024-04-15,1000000.00,4.78961,96.3125
08:05:14,912810TZ1,TSRYS5752098,D,S,C,2024-04-15,1000000.00,4.79087,96.296875
08:05:14,912810TZ1,TSRYS5752098,D,S,D,2024-04-15,1000000.00,4.79087,96.296875
08:05:14,912810TZ1,TSRYS5752098,D,S,C,2024-04-15,1000000.00,4.792752,96.2735375
08:05:14,912810TZ1,TSRYS5752098,D,S,C,2024-04-15,1000000.00,4.792752,96.2735375
08:05:14,912810TZ1,TSRYS5752098,D,S,C,2024-04-15,1000000.00,4.79276,96.2734375
08:05:15,912810TZ1,TSRYS5752098,D,B,C,2024-04-15,1000000.00,4.788052,96.33183125
08:05:15,912810TZ1,TSRYS5752098,D,S,C,2024-04-15,1000000.00,4.788035,96.33203125
08:05:16,912810TZ1,TSRYS5752098,D,S,D,2024-04-15,1000000.00,4.795282,96.2421875
08:05:16,912810TZ1,TSRYS5752098,D,S,D,2024-04-15,1000000.00,4.795282,96.2421875
08:05:16,912810TZ1,TSRYS5752098,D,S,C,2024-04-15,1000000.00,4.795274,96.2422875
08:05:16,912810TZ1,TSRYS5752098,D,S,D,2024-04-15,1000000.00,4.795282,96.2421875
08:05:16,912810TZ1,TSRYS5752098,D,S,D,2024-04-15,1000000.00,4.795282,96.2421875
08:05:16,912810TZ1,TSRYS5752098,D,S,C,2024-04-15,1000000.00,4.795904,96.234475
08:05:17,912810TZ1,TSRYS5752098,D,S,D,2024-04-15,1000000.00,4.795912,96.234375
08:05:17,912810TZ1,TSRYS5752098,D,S,D,2024-04-15,1000000.00,4.797804,96.2109375
08:05:17,912810TZ1,TSRYS5752098,D,S,D,2024-04-15,1000000.00,4.797804,96.2109375
08:05:17,912810TZ1,TSRYS5752098,D,S,C,2024-04-15,1000000.00,4.797174,96.21875
08:05:17,912810TZ1,TSRYS5752098,D,S,C,2024-04-15,1000000.00,4.797174,96.21875
08:05:17,912810TZ1,TSRYS5752098,D,S,C,2024-04-15,1000000.00,4.795912,96.234375
08:05:17,912810TZ1,TSRYS5752098,D,S,C,2024-04-15,1000000.00,4.796543,96.2265625
08:05:17,912810TZ1,TSRYS5752098,D,S,C,2024-04-15,1000000.00,4.796527,96.2267625
08:05:18,912810TZ1,TSRYS5752098,D,S,D,2024-04-15,1000000.00,4.795282,96.2421875
08:05:18,912810TZ1,TSRYS5752098,D,S,D,2024-04-15,1000000.00,4.795282,96.2421875
08:05:18,912810TZ1,TSRYS5752098,D,S,D,2024-04-15,1000000.00,4.795282,96.2421875
08:05:18,912810TZ1,TSRYS5752098,D,S,C,2024-04-15,1000000.00,4.794021,96.2578125
08:05:18,912810TZ1,TSRYS5752098,D,S,C,2024-04-15,1000000.00,4.794013,96.2579125
08:05:18,912810TZ1,TSRYS5752098,D,S,C,2024-04-15,1000000.00,4.794021,96.2578125
08:05:18,912810TZ1,TSRYS5752098,D,S,C,2024-04-15,1000000.00,4.794021,96.2578125
08:05:18,912810TZ1,TSRYS5752098,D,S,D,2024-04-15,1000000.00,4.794021,96.2578125
08:05:18,912810TZ1,TSRYS5752098,D,S,D,2024-04-15,1000000.00,4.795912,96.234375
08:05:18,912810TZ1,TSRYS5752098,D,S,D,2024-04-15,1000000.00,4.79607,96.232421875
08:05:18,912810TZ1,TSRYS5752098,D,S,D,2024-04-15,1000000.00,4.796228,96.23046875
08:05:18,912810TZ1,TSRYS5752098,D,S,D,2024-04-15,1000000.00,4.795912,96.234375
08:05:27,912810TZ1,TSRYS5752098,D,S,D,2024-04-15,1000000.00,4.799697,96.1875
08:05:27,912810TZ1,TSRYS5752098,D,S,D,2024-04-15,1000000.00,4.799697,96.1875
08:05:27,912810TZ1,TSRYS5752098,D,S,C,2024-04-15,1000000.00,4.799689,96.1876
08:05:30,912810TZ1,TSRYS5752098,D,S,D,2024-04-15,1000000.00,4.797174,96.21875
08:05:31,912810TZ1,TSRYS5752098,D,S,T,2024-04-15,2000000.00,4.791815,96.28515625
08:05:33,912810TZ1,TSRYS5752098,D,S,D,2024-04-15,2000000.00,4.791815,96.28515625
08:05:34,912810TZ1,TSRYS5752098,D,S,C,2024-04-15,1000000.00,4.7989,96.197365625
08:05:36,912810TZ1,TSRYS5752098,D,B,C,2024-04-15,1000000.00,4.794651,96.25
08:05:36,912810TZ1,TSRYS5752098,D,S,C,2024-04-15,1000000.00,4.794651,96.25
08:05:37,912810TZ1,TSRYS5752098,D,S,C,2024-04-15,1000000.00,4.795597,96.23828125
08:05:37,912810TZ1,TSRYS5752098,D,B,C,2024-04-15,1000000.00,4.795282,96.2421875
08:05:37,912810TZ1,TSRYS5752098,D,S,D,2024-04-15,1000000.00,4.795282,96.2421875
08:06:00,912810TZ1,TSRYS5752098,D,S,D,2024-04-15,1000000.00,4.79213,96.28125
08:06:01,912810TZ1,TSRYS5752098,D,S,T,2024-04-15,1000000.00,4.793391,96.265625
08:06:32,912810TZ1,TSRYS5752098,D,B,C,2024-04-15,2420400.00,4.793391,96.265625
08:06:33,912810TZ1,TSRYS5752098,D,B,A,2024-04-15,350000.00,4.793075,96.26953125
08:07:11,912810TZ1,TSRYS5752098,D,S,A,2024-04-15,15000000.00,4.756946,96.71875
08:07:16,912810TZ1,TSRYS5752098,D,B,A,2024-04-15,50000.00,4.794021,96.2578125
08:07:22,912810TZ1,TSRYS5752098,D,S,D,2024-04-15,1000000.00,4.794651,96.25
08:07:22,912810TZ1,TSRYS5752098,D,B,C,2024-04-15,1000000.00,4.794651,96.25
08:07:22,912810TZ1,TSRYS5752098,D,B,C,2024-04-15,1000000.00,4.794651,96.25
08:07:22,912810TZ1,TSRYS5752098,D,S,C,2024-04-15,1000000.00,4.794651,96.25
08:07:30,912810TZ1,TSRYS5752098,D,S,T,2024-04-15,1000000.00,4.794651,96.25
08:07:44,912810TZ1,TSRYS5752098,D,S,T,2024-04-15,1000000.00,4.797174,96.21875
08:08:00,912810TZ1,TSRYS5752098,D,B,C,2024-04-15,1000000.00,4.794651,96.25
08:08:00,912810TZ1,TSRYS5752098,D,S,D,2024-04-15,1000000.00,4.794651,96.25
08:08:00,912810TZ1,TSRYS5752098,D,S,D,2024-04-15,1000000.00,4.794651,96.25
08:08:01,912810TZ1,TSRYS5752098,D,S,D,2024-04-15,460000.00,4.797804,96.2109375
08:08:17,912810TZ1,TSRYS5752098,D,S,D,2024-04-15,460000.00,4.797875,96.210067935
08:08:24,912810TZ1,TSRYS5752098,D,B,C,2024-04-15,1516000.00,4.796543,96.2265625
08:08:29,912810TZ1,TSRYS5752098,D,S,D,2024-04-15,1000000.00,4.797174,96.21875
08:08:59,912810TZ1,TSRYS5752098,D,S,A,2024-04-15,13000.00,4.799066,96.23377403846
08:09:07,912810TZ1,TSRYS5752098,D,S,D,2024-04-15,13000.00,4.799066,96.1953125
08:09:26,912810TZ1,TSRYS5752098,D,S,T,2024-04-15,1000000.00,4.800801,96.173828125
08:09:27,912810TZ1,TSRYS5752098,D,S,C,2024-04-15,1000000.00,4.800801,96.173828125
08:09:29,912810TZ1,TSRYS5752098,D,S,C,2024-04-15,1000000.00,4.797174,96.21875
08:09:29,912810TZ1,TSRYS5752098,D,B,C,2024-04-15,1000000.00,4.797174,96.21875
08:09:29,912810TZ1,TSRYS5752098,D,B,C,2024-04-15,1000000.00,4.798435,96.203125
08:09:29,912810TZ1,TSRYS5752098,D,S,D,2024-04-15,1000000.00,4.798435,96.203125
08:09:41,912810TZ1,TSRYS5752098,D,S,A,2024-04-15,50000.00,4.802221,96.15625
08:10:02,912810TZ1,TSRYS5752098,D,S,D,2024-04-15,1000000.00,4.798435,96.203125
08:10:02,912810TZ1,TSRYS5752098,D,B,C,2024-04-15,1000000.00,4.798447,96.202975
08:10:02,912810TZ1,TSRYS5752098,D,S,C,2024-04-15,1000000.00,4.800959,96.171875
08:10:02,912810TZ1,TSRYS5752098,D,B,C,2024-04-15,1000000.00,4.800973,96.1717
08:10:02,912810TZ1,TSRYS5752098,D,S,C,2024-04-15,1000000.00,4.800959,96.171875
08:10:02,912810TZ1,TSRYS5752098,D,B,C,2024-04-15,1000000.00,4.800959,96.171875
08:10:02,912810TZ1,TSRYS5752098,D,S,C,2024-04-15,1000000.00,4.800943,96.172075
08:10:02,912810TZ1,TSRYS5752098,D,B,C,2024-04-15,1000000.00,4.800959,96.171875
08:10:12,912810TZ1,TSRYS5752098,D,S,T,2024-04-15,1000000.00,4.800801,96.173828125
08:10:12,912810TZ1,TSRYS5752098,D,S,D,2024-04-15,1000000.00,4.800644,96.17578125
08:10:12,912810TZ1,TSRYS5752098,D,S,D,2024-04-15,1000000.00,4.800644,96.17578125
08:10:17,912810TZ1,TSRYS5752098,D,S,D,2024-04-15,1000000.00,4.800801,96.173828125
08:10:17,912810TZ1,TSRYS5752098,D,B,C,2024-04-15,1000000.00,4.800801,96.173828125
08:10:17,912810TZ1,TSRYS5752098,D,S,D,2024-04-15,1000000.00,4.800801,96.173828125
08:10:24,912810TZ1,TSRYS5752098,D,S,D,2024-04-15,1000.00,4.799697,96.1875
08:11:01,912810TZ1,TSRYS5752098,D,S,D,2024-04-15,1000000.00,4.800959,96.171875
08:11:01,912810TZ1,TSRYS5752098,D,B,C,2024-04-15,1000000.00,4.800975,96.171675
08:11:16,912810TZ1,TSRYS5752098,D,S,D,2024-04-15,2000000.00,4.800959,96.171875
08:11:16,912810TZ1,TSRYS5752098,D,B,C,2024-04-15,2000000.00,4.800973,96.1717
08:11:16,912810TZ1,TSRYS5752098,D,S,D,2024-04-15,1000000.00,4.800959,96.171875
08:11:16,912810TZ1,TSRYS5752098,D,B,C,2024-04-15,1000000.00,4.800973,96.1717
08:11:56,912810TZ1,TSRYS5752098,D,B,C,2024-04-15,6000000.00,4.802221,96.15625
08:12:17,912810TZ1,TSRYS5752098,D,B,C,2024-04-15,1000000.00,4.802221,96.15625
08:12:17,912810TZ1,TSRYS5752098,D,S,D,2024-04-15,1000000.00,4.802221,96.15625
08:12:27,912810TZ1,TSRYS5752098,D,S,T,2024-04-15,1000000.00,4.802221,96.15625
08:13:01,912810TZ1,TSRYS5752098,D,B,C,2024-04-15,1000000.00,4.802221,96.15625
08:13:01,912810TZ1,TSRYS5752098,D,S,D,2024-04-15,1000000.00,4.802221,96.15625
08:13:09,912810TZ1,TSRYS5752098,D,B,C,2024-04-15,3000000.00,4.802569,96.15194375
08:13:19,912810TZ1,TSRYS5752098,D,S,D,2024-04-15,1000000.00,4.802209,96.156402
08:13:19,912810TZ1,TSRYS5752098,D,B,C,2024-04-15,1000000.00,4.802221,96.15625
08:13:19,912810TZ1,TSRYS5752098,D,S,D,2024-04-15,1000000.00,4.802209,96.156402
08:13:19,912810TZ1,TSRYS5752098,D,S,D,2024-04-15,1000000.00,4.802209,96.156402
08:13:19,912810TZ1,TSRYS5752098,D,B,C,2024-04-15,1000000.00,4.802221,96.15625
08:13:22,912810TZ1,TSRYS5752098,D,B,A,2024-04-15,500000.00,4.802243,96.15625
08:13:23,912810TZ1,TSRYS5752098,D,B,C,2024-04-15,2500000.00,4.803484,96.140625
08:13:23,912810TZ1,TSRYS5752098,D,S,D,2024-04-15,2500000.00,4.803484,96.140625
08:13:30,912810TZ1,TSRYS5752098,D,S,A,2024-04-15,1000000.00,4.802209,96.156402
08:13:30,912810TZ1,TSRYS5752098,D,S,A,2024-04-15,1000000.00,4.802209,96.156402
08:13:30,912810TZ1,TSRYS5752098,D,S,A,2024-04-15,1000000.00,4.802209,96.156402
08:13:50,912810TZ1,TSRYS5752098,D,S,T,2024-04-15,1000000.00,4.803326,96.142578125
08:13:50,912810TZ1,TSRYS5752098,D,S,C,2024-04-15,1000000.00,4.803318,96.142678125
08:14:24,912810TZ1,TSRYS5752098,D,B,C,2024-04-15,1000000.00,4.802221,96.15625
08:14:24,912810TZ1,TSRYS5752098,D,S,C,2024-04-15,1000000.00,4.802221,96.15625
08:14:25,912810TZ1,TSRYS5752098,D,S,T,2024-04-15,1000000.00,4.802221,96.15625
08:14:26,912810TZ1,TSRYS5752098,D,S,T,2024-04-15,2000000.00,4.802232,96.15612
08:14:26,912810TZ1,TSRYS5752098,D,S,T,2024-04-15,1000000.00,4.802232,96.15612
08:14:27,912810TZ1,TSRYS5752098,D,S,T,2024-04-15,1000000.00,4.802221,96.15625
08:14:27,912810TZ1,TSRYS5752098,D,S,T,2024-04-15,1000000.00,4.802221,96.15625
08:14:29,912810TZ1,TSRYS5752098,D,S,T,2024-04-15,1000000.00,4.802221,96.15625
08:14:29,912810TZ1,TSRYS5752098,D,S,T,2024-04-15,1000000.00,4.802221,96.15625
08:14:29,912810TZ1,TSRYS5752098,D,S,D,2024-04-15,1000000.00,4.802221,96.15625
08:14:31,912810TZ1,TSRYS5752098,D,S,T,2024-04-15,1000000.00,4.802221,96.15625
08:14:40,912810TZ1,TSRYS5752098,D,S,T,2024-04-15,1000000.00,4.802221,96.15625
08:14:42,912810TZ1,TSRYS5752098,D,S,T,2024-04-15,4000000.00,4.802221,96.15625
08:15:01,912810TZ1,TSRYS5752098,D,S,D,2024-04-15,1000000.00,4.802221,96.15625
08:15:01,912810TZ1,TSRYS5752098,D,S,D,2024-04-15,4000000.00,4.802221,96.15625
08:15:04,912810TZ1,TSRYS5752098,D,S,T,2024-04-15,1000000.00,4.803484,96.140625
08:15:07,912810TZ1,TSRYS5752098,D,S,C,2024-04-15,50000000.00,4.800959,96.171875
08:15:16,912810TZ1,TSRYS5752098,D,S,C,2024-04-15,2000000.00,4.802221,96.15625
08:15:16,912810TZ1,TSRYS5752098,D,S,C,2024-04-15,1000000.00,4.802221,96.15625
08:15:16,912810TZ1,TSRYS5752098,D,S,C,2024-04-15,1000000.00,4.802221,96.15625
08:15:16,912810TZ1,TSRYS5752098,D,S,D,2024-04-15,1000000.00,4.802221,96.15625
08:15:16,912810TZ1,TSRYS5752098,D,S,D,2024-04-15,1000000.00,4.802221,96.15625
08:15:16,912810TZ1,TSRYS5752098,D,S,D,2024-04-15,1000000.00,4.802221,96.15625
08:15:16,912810TZ1,TSRYS5752098,D,S,D,2024-04-15,1000000.00,4.802221,96.15625
08:15:16,912810TZ1,TSRYS5752098,D,B,C,2024-04-15,1000000.00,4.802221,96.15625
08:15:16,912810TZ1,TSRYS5752098,D,S,D,2024-04-15,1000000.00,4.802221,96.15625
08:15:30,912810TZ1,TSRYS5752098,D,S,D,2024-04-15,230000.00,4.800959,96.171875
08:15:48,912810TZ1,TSRYS5752098,D,S,D,2024-04-15,1000000.00,4.803476,96.140727
08:15:48,912810TZ1,TSRYS5752098,D,B,C,2024-04-15,1000000.00,4.803484,96.140625
08:15:48,912810TZ1,TSRYS5752098,D,S,D,2024-04-15,1000000.00,4.803476,96.140727
08:16:35,912810TZ1,TSRYS5752098,D,S,T,2024-04-15,1000000.00,4.802221,96.15625
08:16:35,912810TZ1,TSRYS5752098,D,S,T,2024-04-15,1000000.00,4.802232,96.15612
08:16:39,912810TZ1,TSRYS5752098,D,S,T,2024-04-15,1000000.00,4.802221,96.15625
08:16:39,912810TZ1,TSRYS5752098,D,S,T,2024-04-15,1000000.00,4.802232,96.15612
08:16:51,912810TZ1,TSRYS5752098,D,S,T,2024-04-15,1000000.00,4.802221,96.15625
08:17:00,912810TZ1,TSRYS5752098,D,S,C,2024-04-15,8850000.00,4.801906,96.16015625
08:17:04,912810TZ1,TSRYS5752098,D,S,C,2024-04-15,1000000.00,4.802221,96.15625
08:17:04,912810TZ1,TSRYS5752098,D,S,C,2024-04-15,1000000.00,4.802221,96.15625
08:17:19,912810TZ1,TSRYS5752098,D,S,D,2024-04-15,1000000.00,4.802221,96.15625
08:17:19,912810TZ1,TSRYS5752098,D,S,C,2024-04-15,1000000.00,4.802221,96.15625
08:17:34,912810TZ1,TSRYS5752098,D,S,D,2024-04-15,1000000.00,4.802209,96.1564
08:17:36,912810TZ1,TSRYS5752098,D,S,D,2024-04-15,5000.00,4.804715,96.1254
08:17:36,912810TZ1,TSRYS5752098,D,S,C,2024-04-15,5000.00,4.804715,96.2254
08:17:40,912810TZ1,TSRYS5752098,D,S,T,2024-04-15,1000000.00,4.804757,96.12487
08:18:05,912810TZ1,TSRYS5752098,D,S,C,2024-04-15,1000000.00,4.804731,96.1252
08:18:54,912810TZ1,TSRYS5752098,D,S,C,2024-04-15,20000.00,4.801578,96.164211
08:18:57,912810TZ1,TSRYS5752098,D,S,T,2024-04-15,1000000.00,4.802232,96.15612
08:19:07,912810TZ1,TSRYS5752098,D,S,D,2024-04-15,1000000.00,4.802221,96.15625
08:19:07,912810TZ1,TSRYS5752098,D,S,C,2024-04-15,1000000.00,4.801898,96.16025625
08:19:07,912810TZ1,TSRYS5752098,D,B,C,2024-04-15,1000000.00,4.801906,96.16015625
08:19:07,912810TZ1,TSRYS5752098,D,B,C,2024-04-15,2000000.00,4.802221,96.15625
08:19:07,912810TZ1,TSRYS5752098,D,S,D,2024-04-15,2000000.00,4.802221,96.15625
08:19:34,912810TZ1,TSRYS5752098,D,S,C,2024-04-15,1000000.00,4.802221,96.15625
08:19:49,912810TZ1,TSRYS5752098,D,B,C,2024-04-15,5000000.00,4.802221,96.15625
08:19:49,912810TZ1,TSRYS5752098,D,S,C,2024-04-15,1000000.00,4.802205,96.15645
08:19:49,912810TZ1,TSRYS5752098,D,B,C,2024-04-15,1000000.00,4.802221,96.15625
08:19:49,912810TZ1,TSRYS5752098,D,S,D,2024-04-15,5000000.00,4.802221,96.15625
08:19:49,912810TZ1,TSRYS5752098,D,B,C,2024-04-15,2000000.00,4.802221,96.15625
08:19:49,912810TZ1,TSRYS5752098,D,S,D,2024-04-15,1000000.00,4.802221,96.15625
08:19:49,912810TZ1,TSRYS5752098,D,B,C,2024-04-15,1000000.00,4.802221,96.15625
08:19:49,912810TZ1,TSRYS5752098,D,S,C,2024-04-15,1000000.00,4.802207,96.156425
08:19:49,912810TZ1,TSRYS5752098,D,B,C,2024-04-15,1000000.00,4.802221,96.15625
08:19:49,912810TZ1,TSRYS5752098,D,S,D,2024-04-15,2000000.00,4.802221,96.15625
08:19:49,912810TZ1,TSRYS5752098,D,S,C,2024-04-15,1000000.00,4.802205,96.15645
08:19:49,912810TZ1,TSRYS5752098,D,B,C,2024-04-15,1000000.00,4.802221,96.15625
08:19:49,912810TZ1,TSRYS5752098,D,S,C,2024-04-15,1000000.00,4.802207,96.156425
08:19:49,912810TZ1,TSRYS5752098,D,B,C,2024-04-15,1000000.00,4.802221,96.15625
08:20:17,912810TZ1,TSRYS5752098,D,S,T,2024-04-15,1000000.00,4.80097,96.171745
08:20:18,912810TZ1,TSRYS5752098,D,S,T,2024-04-15,1000000.00,4.802221,96.15625
08:20:18,912810TZ1,TSRYS5752098,D,S,T,2024-04-15,1000000.00,4.802221,96.15625
08:20:34,912810TZ1,TSRYS5752098,D,S,D,2024-04-15,1000000.00,4.800959,96.171875
08:21:05,912810TZ1,TSRYS5752098,D,B,C,2024-04-15,1000000.00,4.802238,96.15605
08:21:05,912810TZ1,TSRYS5752098,D,S,D,2024-04-15,1000000.00,4.802221,96.15625
08:21:05,912810TZ1,TSRYS5752098,D,S,D,2024-04-15,1000000.00,4.802221,96.15625
08:21:05,912810TZ1,TSRYS5752098,D,S,D,2024-04-15,1000000.00,4.802221,96.15625
08:21:14,912810TZ1,TSRYS5752098,D,B,C,2024-04-15,1000000.00,4.800959,96.171875
08:21:15,912810TZ1,TSRYS5752098,D,S,D,2024-04-15,1000000.00,4.800959,96.171875
08:21:17,912810TZ1,TSRYS5752098,D,S,T,2024-04-15,1000000.00,4.80097,96.171745
08:21:20,912810TZ1,TSRYS5752098,D,B,C,2024-04-15,1000000.00,4.800959,96.171875
08:21:20,912810TZ1,TSRYS5752098,D,S,D,2024-04-15,1000000.00,4.800959,96.171875
08:21:20,912810TZ1,TSRYS5752098,D,S,D,2024-04-15,1000000.00,4.800959,96.171875
08:21:28,912810TZ1,TSRYS5752098,D,S,T,2024-04-15,1000000.00,4.803168,96.14453125
08:21:28,912810TZ1,TSRYS5752098,D,S,T,2024-04-15,1000000.00,4.803011,96.146484375
08:21:28,912810TZ1,TSRYS5752098,D,S,T,2024-04-15,1000000.00,4.802853,96.1484375
08:21:28,912810TZ1,TSRYS5752098,D,S,T,2024-04-15,1000000.00,4.802695,96.150390625
08:21:28,912810TZ1,TSRYS5752098,D,S,T,2024-04-15,1000000.00,4.802853,96.1484375
08:21:28,912810TZ1,TSRYS5752098,D,S,T,2024-04-15,1000000.00,4.803011,96.146484375
08:21:28,912810TZ1,TSRYS5752098,D,S,D,2024-04-15,1000000.00,4.803002,96.146584375
08:21:30,912810TZ1,TSRYS5752098,D,S,T,2024-04-15,1000000.00,4.803495,96.140495
08:21:33,912810TZ1,TSRYS5752098,D,B,C,2024-04-15,1000000.00,4.803326,96.142578125
08:21:33,912810TZ1,TSRYS5752098,D,S,D,2024-04-15,1000000.00,4.803326,96.142578125
08:21:33,912810TZ1,TSRYS5752098,D,B,C,2024-04-15,1000000.00,4.803168,96.14453125
08:21:33,912810TZ1,TSRYS5752098,D,S,D,2024-04-15,1000000.00,4.803168,96.14453125
08:21:33,912810TZ1,TSRYS5752098,D,B,C,2024-04-15,1000000.00,4.803011,96.146484375
08:21:33,912810TZ1,TSRYS5752098,D,S,D,2024-04-15,1000000.00,4.803011,96.146484375
08:21:33,912810TZ1,TSRYS5752098,D,S,D,2024-04-15,1000000.00,4.802853,96.1484375
08:21:33,912810TZ1,TSRYS5752098,D,B,C,2024-04-15,1000000.00,4.802695,96.150390625
08:21:33,912810TZ1,TSRYS5752098,D,S,D,2024-04-15,1000000.00,4.802695,96.150390625
08:21:33,912810TZ1,TSRYS5752098,D,S,D,2024-04-15,1000000.00,4.803168,96.14453125
08:21:33,912810TZ1,TSRYS5752098,D,S,D,2024-04-15,1000000.00,4.803011,96.146484375
08:21:33,912810TZ1,TSRYS5752098,D,S,D,2024-04-15,1000000.00,4.802853,96.1484375
08:21:33,912810TZ1,TSRYS5752098,D,S,D,2024-04-15,1000000.00,4.802695,96.150390625
08:21:50,912810TZ1,TSRYS5752098,D,S,D,2024-04-15,1000000.00,4.800959,96.171875
08:22:04,912810TZ1,TSRYS5752098,D,S,C,2024-04-15,1000000.00,4.803484,96.140625
08:22:52,912810TZ1,TSRYS5752098,D,S,T,2024-04-15,1000000.00,4.804757,96.12487
08:23:20,912810TZ1,TSRYS5752098,D,S,C,2024-04-15,1000000.00,4.804747,96.125
08:23:58,912810TZ1,TSRYS5752098,D,S,T,2024-04-15,1000000.00,4.803495,96.140495
08:23:58,912810TZ1,TSRYS5752098,D,S,T,2024-04-15,1000000.00,4.803495,96.140495
08:24:16,912810TZ1,TSRYS5752098,D,S,D,2024-04-15,20000.00,4.802537,96.15234375
08:24:21,912810TZ1,TSRYS5752098,D,S,C,2024-04-15,1000000.00,4.803468,96.140825
08:24:21,912810TZ1,TSRYS5752098,D,S,D,2024-04-15,1000000.00,4.803484,96.140625
08:24:30,912810TZ1,TSRYS5752098,D,S,T,2024-04-15,1000000.00,4.80097,96.171745
08:24:30,912810TZ1,TSRYS5752098,D,S,T,2024-04-15,1000000.00,4.80097,96.171745
08:24:52,912810TZ1,TSRYS5752098,D,S,C,2024-04-15,18700000.00,4.800959,96.171875
08:24:55,912810TZ1,TSRYS5752098,D,S,C,2024-04-15,1000000.00,4.800959,96.171875
08:24:55,912810TZ1,TSRYS5752098,D,S,T,2024-04-15,1000000.00,4.800959,96.171875
08:24:57,912810TZ1,TSRYS5752098,D,S,T,2024-04-15,2000000.00,4.80097,96.171745
08:25:06,912810TZ1,TSRYS5752098,D,S,C,2024-04-15,1000000.00,4.800951,96.171975
08:25:06,912810TZ1,TSRYS5752098,D,S,C,2024-04-15,1000000.00,4.800959,96.171875
08:25:20,912810TZ1,TSRYS5752098,D,S,C,2024-04-15,1000000.00,4.800959,96.171875
08:25:20,912810TZ1,TSRYS5752098,D,B,C,2024-04-15,1000000.00,4.800973,96.1717
08:25:20,912810TZ1,TSRYS5752098,D,S,C,2024-04-15,1000000.00,4.800959,96.171875
08:25:20,912810TZ1,TSRYS5752098,D,B,C,2024-04-15,1000000.00,4.800975,96.171675
08:25:20,912810TZ1,TSRYS5752098,D,S,C,2024-04-15,1000000.00,4.800959,96.171875
08:25:20,912810TZ1,TSRYS5752098,D,B,C,2024-04-15,1000000.00,4.800973,96.1717
08:25:20,912810TZ1,TSRYS5752098,D,S,C,2024-04-15,2000000.00,4.800959,96.171875
08:25:35,912810TZ1,TSRYS5752098,D,S,D,2024-04-15,1000000.00,4.800959,96.171875
08:25:35,912810TZ1,TSRYS5752098,D,B,C,2024-04-15,1000000.00,4.800959,96.171875
08:25:41,912810TZ1,TSRYS5752098,D,S,C,2024-04-15,1000000.00,4.800959,96.171875
08:25:41,912810TZ1,TSRYS5752098,D,B,C,2024-04-15,1000000.00,4.800959,96.171875
08:25:41,912810TZ1,TSRYS5752098,D,S,D,2024-04-15,1000000.00,4.80159,96.1640625
08:25:41,912810TZ1,TSRYS5752098,D,B,C,2024-04-15,1000000.00,4.80159,96.1640625
08:25:41,912810TZ1,TSRYS5752098,D,S,D,2024-04-15,1000000.00,4.801748,96.162109375
08:25:41,912810TZ1,TSRYS5752098,D,B,C,2024-04-15,1000000.00,4.801748,96.162109375
08:25:57,912810TZ1,TSRYS5752098,D,S,C,2024-04-15,12800000.00,4.800801,96.173828125
08:26:20,912810TZ1,TSRYS5752098,D,B,C,2024-04-15,1000000.00,4.800959,96.171875
08:26:22,912810TZ1,TSRYS5752098,D,S,T,2024-04-15,1000000.00,4.803484,96.140625
08:26:33,912810TZ1,TSRYS5752098,D,S,D,2024-04-15,1000000.00,4.802221,96.15625
08:26:33,912810TZ1,TSRYS5752098,D,S,T,2024-04-15,1000000.00,4.802379,96.154296875
08:26:33,912810TZ1,TSRYS5752098,D,S,T,2024-04-15,1000000.00,4.802221,96.15625
08:26:33,912810TZ1,TSRYS5752098,D,S,T,2024-04-15,3000000.00,4.802221,96.15625
08:26:33,912810TZ1,TSRYS5752098,D,S,D,2024-04-15,1000000.00,4.802221,96.15625
08:26:33,912810TZ1,TSRYS5752098,D,S,D,2024-04-15,3000000.00,4.802213,96.15635
08:26:33,912810TZ1,TSRYS5752098,D,S,T,2024-04-15,1000000.00,4.802221,96.15625
08:26:33,912810TZ1,TSRYS5752098,D,S,D,2024-04-15,1000000.00,4.802221,96.15625
08:26:33,912810TZ1,TSRYS5752098,D,S,D,2024-04-15,1000000.00,4.802221,96.15625
08:26:33,912810TZ1,TSRYS5752098,D,S,D,2024-04-15,1000000.00,4.802371,96.154396875
08:26:33,912810TZ1,TSRYS5752098,D,S,D,2024-04-15,1000000.00,4.802213,96.15635
08:26:33,912810TZ1,TSRYS5752098,D,S,D,2024-04-15,1000000.00,4.802213,96.15635
08:26:35,912810TZ1,TSRYS5752098,D,S,T,2024-04-15,2000000.00,4.802232,96.15612
08:26:36,912810TZ1,TSRYS5752098,D,S,T,2024-04-15,1000000.00,4.802221,96.15625
08:26:38,912810TZ1,TSRYS5752098,D,S,D,2024-04-15,1000000.00,4.800959,96.171875
08:26:38,912810TZ1,TSRYS5752098,D,S,D,2024-04-15,1000000.00,4.800959,96.171875
08:26:38,912810TZ1,TSRYS5752098,D,B,C,2024-04-15,1000000.00,4.800959,96.171875
08:26:53,912810TZ1,TSRYS5752098,D,S,D,2024-04-15,1000000.00,4.800959,96.171875
08:26:53,912810TZ1,TSRYS5752098,D,B,C,2024-04-15,1000000.00,4.800973,96.1717
08:27:07,912810TZ1,TSRYS5752098,D,S,D,2024-04-15,1000000.00,4.803484,96.140625
08:27:22,912810TZ1,TSRYS5752098,D,S,D,2024-04-15,2000000.00,4.802221,96.15625
08:27:22,912810TZ1,TSRYS5752098,D,S,D,2024-04-15,1000000.00,4.802221,96.15625
08:27:22,912810TZ1,TSRYS5752098,D,S,A,2024-04-15,1000000.00,4.800959,96.171875
