tradeTime,cusip,issueSymbolIdentifier,priceType,reportingSideCode,contraPartyTypeCode,tradeDate,reportedTradeVolume,lastSaleYield,lastSalePrice
08:00:06,912810UB2,TSRYS5810883,D,S,D,2024-06-06,1000000.00,4.526392,101.283203125
08:00:06,912810UB2,TSRYS5810883,D,S,D,2024-06-06,1000000.00,4.526392,101.283203125
08:00:06,912810UB2,TSRYS5810883,D,S,D,2024-06-06,1000000.00,4.526244,101.28515625
08:00:06,912810UB2,TSRYS5810883,D,S,T,2024-06-06,1000000.00,4.526095,101.287109375
08:00:06,912810UB2,TSRYS5810883,D,S,D,2024-06-06,1000000.00,4.526095,101.287109375
08:00:06,912810UB2,TSRYS5810883,D,S,D,2024-06-06,1000000.00,4.526095,101.287109375
08:00:06,912810UB2,TSRYS5810883,D,S,D,2024-06-06,1000000.00,4.525501,101.294921875
08:00:06,912810UB2,TSRYS5810883,D,S,D,2024-06-06,1000000.00,4.541559,101.083984375
08:00:14,912810UB2,TSRYS5810883,D,S,C,2024-06-06,27000.00,4.527729,101.265625
08:00:30,912810UB2,TSRYS5810883,D,S,T,2024-06-06,1000000.00,4.52001,101.3671875
08:00:30,912810UB2,TSRYS5810883,D,S,T,2024-06-06,1000000.00,4.522978,101.328125
08:00:30,912810UB2,TSRYS5810883,D,S,T,2024-06-06,1000000.00,4.522978,101.328125
08:00:30,912810UB2,TSRYS5810883,D,S,T,2024-06-06,1000000.00,4.524611,101.306640625
08:00:33,912810UB2,TSRYS5810883,D,S,T,2024-06-06,1000000.00,4.521791,101.34375
08:00:33,912810UB2,TSRYS5810883,D,S,T,2024-06-06,1000000.00,4.527729,101.265625
08:00:33,912810UB2,TSRYS5810883,D,S,T,2024-06-06,1000000.00,4.528917,101.25
08:00:33,912810UB2,TSRYS5810883,D,S,T,2024-06-06,1000000.00,4.530106,101.234375
08:00:33,912810UB2,TSRYS5810883,D,S,T,2024-06-06,1000000.00,4.530106,101.234375
08:00:33,912810UB2,TSRYS5810883,D,S,T,2024-06-06,1000000.00,4.530552,101.228515625
08:00:33,912810UB2,TSRYS5810883,D,S,T,2024-06-06,1000000.00,4.526244,101.28515625
08:00:33,912810UB2,TSRYS5810883,D,S,T,2024-06-06,1000000.00,4.526244,101.28515625
08:00:33,912810UB2,TSRYS5810883,D,S,T,2024-06-06,1000000.00,4.526244,101.28515625
08:00:33,912810UB2,TSRYS5810883,D,S,D,2024-06-06,1000000.00,4.531889,101.2109375
08:00:33,912810UB2,TSRYS5810883,D,S,D,2024-06-06,1000000.00,4.519714,101.37109375
08:00:33,912810UB2,TSRYS5810883,D,S,D,2024-06-06,1000000.00,4.532186,101.20703125
08:00:33,912810UB2,TSRYS5810883,D,S,D,2024-06-06,1000000.00,4.541112,101.08984375
08:00:33,912810UB2,TSRYS5810883,D,S,D,2024-06-06,1000000.00,4.5166,101.412109375
08:00:33,912810UB2,TSRYS5810883,D,S,D,2024-06-06,1000000.00,4.516748,101.41015625
08:00:33,912810UB2,TSRYS5810883,D,S,D,2024-06-06,1000000.00,4.516896,101.408203125
08:00:33,912810UB2,TSRYS5810883,D,S,D,2024-06-06,1000000.00,4.516748,101.41015625
08:00:33,912810UB2,TSRYS5810883,D,S,D,2024-06-06,1000000.00,4.516896,101.408203125
08:00:34,912810UB2,TSRYS5810883,D,S,D,2024-06-06,1000000.00,4.526392,101.283203125
08:00:34,912810UB2,TSRYS5810883,D,S,D,2024-06-06,1000000.00,4.526244,101.28515625
08:00:34,912810UB2,TSRYS5810883,D,S,D,2024-06-06,1000000.00,4.526095,101.287109375
08:00:34,912810UB2,TSRYS5810883,D,S,D,2024-06-06,1000000.00,4.526392,101.283203125
08:00:34,912810UB2,TSRYS5810883,D,S,D,2024-06-06,1000000.00,4.526095,101.287109375
08:00:34,912810UB2,TSRYS5810883,D,S,D,2024-06-06,1000000.00,4.526095,101.287109375
08:00:34,912810UB2,TSRYS5810883,D,S,D,2024-06-06,1000000.00,4.526095,101.287109375
08:00:34,912810UB2,TSRYS5810883,D,S,D,2024-06-06,1000000.00,4.526095,101.287109375
08:00:34,912810UB2,TSRYS5810883,D,S,D,2024-06-06,1000000.00,4.526095,101.287109375
08:00:34,912810UB2,TSRYS5810883,D,S,D,2024-06-06,1000000.00,4.526095,101.287109375
08:00:34,912810UB2,TSRYS5810883,D,S,D,2024-06-06,1000000.00,4.526095,101.287109375
08:00:34,912810UB2,TSRYS5810883,D,S,D,2024-06-06,1000000.00,4.525947,101.2890625
08:00:34,912810UB2,TSRYS5810883,D,S,D,2024-06-06,1000000.00,4.525501,101.294921875
08:00:34,912810UB2,TSRYS5810883,D,S,D,2024-06-06,1000000.00,4.530106,101.234375
08:00:34,912810UB2,TSRYS5810883,D,S,D,2024-06-06,1000000.00,4.530106,101.234375
08:00:34,912810UB2,TSRYS5810883,D,S,D,2024-06-06,1000000.00,4.531889,101.2109375
08:00:34,912810UB2,TSRYS5810883,D,S,D,2024-06-06,1000000.00,4.531889,101.2109375
08:00:34,912810UB2,TSRYS5810883,D,S,D,2024-06-06,1000000.00,4.531889,101.2109375
08:00:34,912810UB2,TSRYS5810883,D,S,D,2024-06-06,1000000.00,4.532484,101.203125
08:00:34,912810UB2,TSRYS5810883,D,S,D,2024-06-06,1000000.00,4.54141,101.0859375
08:00:34,912810UB2,TSRYS5810883,D,S,D,2024-06-06,1000000.00,4.54141,101.0859375
08:00:34,912810UB2,TSRYS5810883,D,S,D,2024-06-06,1000000.00,4.541559,101.083984375
08:00:34,912810UB2,TSRYS5810883,D,S,D,2024-06-06,1000000.00,4.54141,101.0859375
08:00:34,912810UB2,TSRYS5810883,D,S,D,2024-06-06,1000000.00,4.54141,101.0859375
08:00:34,912810UB2,TSRYS5810883,D,S,D,2024-06-06,1000000.00,4.54141,101.0859375
08:00:34,912810UB2,TSRYS5810883,D,S,D,2024-06-06,1000000.00,4.54141,101.0859375
08:00:34,912810UB2,TSRYS5810883,D,S,T,2024-06-06,1000000.00,4.5166,101.412109375
08:00:34,912810UB2,TSRYS5810883,D,S,T,2024-06-06,1000000.00,4.516748,101.41015625
08:00:34,912810UB2,TSRYS5810883,D,S,T,2024-06-06,1000000.00,4.516748,101.41015625
08:00:34,912810UB2,TSRYS5810883,D,S,T,2024-06-06,1000000.00,4.524165,101.3125
08:00:34,912810UB2,TSRYS5810883,D,S,T,2024-06-06,1000000.00,4.524611,101.306640625
08:00:34,912810UB2,TSRYS5810883,D,S,T,2024-06-06,1000000.00,4.524611,101.306640625
08:00:34,912810UB2,TSRYS5810883,D,S,T,2024-06-06,1000000.00,4.524611,101.306640625
08:00:34,912810UB2,TSRYS5810883,D,S,T,2024-06-06,1000000.00,4.524907,101.302734375
08:00:34,912810UB2,TSRYS5810883,D,S,T,2024-06-06,1000000.00,4.524907,101.302734375
08:00:34,912810UB2,TSRYS5810883,D,S,T,2024-06-06,1000000.00,4.532335,101.205078125
08:00:34,912810UB2,TSRYS5810883,D,S,T,2024-06-06,1000000.00,4.532186,101.20703125
08:00:34,912810UB2,TSRYS5810883,D,S,T,2024-06-06,1000000.00,4.532038,101.208984375
08:00:34,912810UB2,TSRYS5810883,D,S,T,2024-06-06,1000000.00,4.528917,101.25
08:00:34,912810UB2,TSRYS5810883,D,S,T,2024-06-06,2000000.00,4.526244,101.28515625
08:00:34,912810UB2,TSRYS5810883,D,S,T,2024-06-06,2000000.00,4.527283,101.271484375
08:00:34,912810UB2,TSRYS5810883,D,S,T,2024-06-06,1000000.00,4.527283,101.271484375
08:00:34,912810UB2,TSRYS5810883,D,S,T,2024-06-06,1000000.00,4.531889,101.2109375
08:00:34,912810UB2,TSRYS5810883,D,S,D,2024-06-06,27000.00,,101.265625
08:00:37,912810UB2,TSRYS5810883,D,S,D,2024-06-06,1000000.00,4.52001,101.3671875
08:00:37,912810UB2,TSRYS5810883,D,S,D,2024-06-06,3000000.00,4.532186,101.20703125
08:00:37,912810UB2,TSRYS5810883,D,S,T,2024-06-06,1000000.00,4.539623,101.109375
08:00:37,912810UB2,TSRYS5810883,D,S,T,2024-06-06,1000000.00,4.515858,101.421875
08:00:37,912810UB2,TSRYS5810883,D,S,T,2024-06-06,1000000.00,4.515858,101.421875
08:00:37,912810UB2,TSRYS5810883,D,S,T,2024-06-06,1000000.00,4.515858,101.421875
08:00:37,912810UB2,TSRYS5810883,D,S,T,2024-06-06,1000000.00,4.515858,101.421875
08:00:37,912810UB2,TSRYS5810883,D,S,T,2024-06-06,1000000.00,4.515858,101.421875
08:00:37,912810UB2,TSRYS5810883,D,S,T,2024-06-06,1000000.00,4.515858,101.421875
08:00:37,912810UB2,TSRYS5810883,D,S,T,2024-06-06,1000000.00,4.515858,101.421875
08:00:37,912810UB2,TSRYS5810883,D,S,A,2024-06-06,200000.00,4.528323,101.2578125
08:00:37,912810UB2,TSRYS5810883,D,S,A,2024-06-06,1000000.00,4.534268,101.1796875
08:00:40,912810UB2,TSRYS5810883,D,S,D,2024-06-06,1000000.00,4.52565,101.29296875
08:00:41,912810UB2,TSRYS5810883,D,S,D,2024-06-06,1000000.00,4.519714,101.37109375
08:00:44,912810UB2,TSRYS5810883,D,S,D,2024-06-06,20000.00,4.529511,101.2421875
08:00:51,912810UB2,TSRYS5810883,D,S,D,2024-06-06,1000000.00,4.532186,101.20703125
08:00:53,912810UB2,TSRYS5810883,D,S,D,2024-06-06,1000000.00,4.526244,101.28515625
08:00:54,912810UB2,TSRYS5810883,D,S,T,2024-06-06,1000000.00,4.526548,101.28115
08:00:54,912810UB2,TSRYS5810883,D,S,T,2024-06-06,1000000.00,4.526697,101.279196875
08:00:54,912810UB2,TSRYS5810883,D,S,T,2024-06-06,1000000.00,4.526697,101.279196875
08:00:54,912810UB2,TSRYS5810883,D,S,T,2024-06-06,2000000.00,4.532186,101.20703125
08:00:55,912810UB2,TSRYS5810883,D,S,D,2024-06-06,3000000.00,4.532186,101.20703125
08:01:00,912810UB2,TSRYS5810883,D,B,C,2024-06-06,1000000.00,4.51408,101.4453125
08:01:00,912810UB2,TSRYS5810883,D,S,D,2024-06-06,1000000.00,4.51408,101.4453125
08:01:00,912810UB2,TSRYS5810883,D,S,D,2024-06-06,1000000.00,4.515858,101.421875
08:01:00,912810UB2,TSRYS5810883,D,B,C,2024-06-06,1000000.00,4.515858,101.421875
08:01:00,912810UB2,TSRYS5810883,D,S,C,2024-06-06,10100000.00,4.53067,101.2269625
08:01:01,912810UB2,TSRYS5810883,D,S,D,2024-06-06,1000000.00,4.541112,101.08984375
08:01:02,912810UB2,TSRYS5810883,D,S,D,2024-06-06,1000000.00,4.52001,101.3671875
08:01:02,912810UB2,TSRYS5810883,D,S,D,2024-06-06,905000.00,4.539623,101.109375
08:01:03,912810UB2,TSRYS5810883,D,S,D,2024-06-06,1000000.00,4.52565,101.29296875
08:01:03,912810UB2,TSRYS5810883,D,B,C,2024-06-06,1000000.00,4.52565,101.29296875
08:01:03,912810UB2,TSRYS5810883,D,S,D,2024-06-06,1000000.00,4.519714,101.37109375
08:01:04,912810UB2,TSRYS5810883,D,S,D,2024-06-06,1000000.00,4.532186,101.20703125
08:01:04,912810UB2,TSRYS5810883,D,S,D,2024-06-06,1000000.00,4.526244,101.28515625
08:01:04,912810UB2,TSRYS5810883,D,B,C,2024-06-06,1000000.00,4.526244,101.28515625
08:01:04,912810UB2,TSRYS5810883,D,S,D,2024-06-06,3000000.00,4.532186,101.20703125
08:01:12,912810UB2,TSRYS5810883,D,S,C,2024-06-06,2000000.00,4.520138,101.3655089
08:01:12,912810UB2,TSRYS5810883,D,S,D,2024-06-06,2000000.00,4.524557,101.3073406
08:01:12,912810UB2,TSRYS5810883,D,S,D,2024-06-06,1000000.00,4.524557,101.3073406
08:01:12,912810UB2,TSRYS5810883,D,S,D,2024-06-06,1000000.00,4.524557,101.3073406
08:01:12,912810UB2,TSRYS5810883,D,S,D,2024-06-06,1000000.00,4.51966,101.3717938
08:01:12,912810UB2,TSRYS5810883,D,S,D,2024-06-06,4000000.00,4.532133,101.2077313
08:01:12,912810UB2,TSRYS5810883,D,S,T,2024-06-06,1000000.00,4.517044,101.40625
08:01:12,912810UB2,TSRYS5810883,D,S,C,2024-06-06,860000.00,4.528839,101.2502
08:01:12,912810UB2,TSRYS5810883,D,S,A,2024-06-06,1000000.00,4.528917,101.25
08:01:12,912810UB2,TSRYS5810883,D,S,C,2024-06-06,1560000.00,4.532781,101.19921875
08:01:12,912810UB2,TSRYS5810883,D,S,T,2024-06-06,1000000.00,4.512302,101.46875
08:01:12,912810UB2,TSRYS5810883,D,S,T,2024-06-06,1000000.00,4.512302,101.46875
08:01:13,912810UB2,TSRYS5810883,D,S,D,2024-06-06,840000.00,4.514673,101.4375
08:01:15,912810UB2,TSRYS5810883,D,B,C,2024-06-06,1000000.00,4.514228,101.44335937
08:01:15,912810UB2,TSRYS5810883,D,B,C,2024-06-06,1000000.00,4.51408,101.4453125
08:01:15,912810UB2,TSRYS5810883,D,B,C,2024-06-06,1000000.00,4.513932,101.44726562
08:01:15,912810UB2,TSRYS5810883,D,B,C,2024-06-06,1000000.00,4.513783,101.44921875
08:01:15,912810UB2,TSRYS5810883,D,B,C,2024-06-06,1000000.00,4.513635,101.45117187
08:01:15,912810UB2,TSRYS5810883,D,B,C,2024-06-06,1000000.00,4.514673,101.4375
08:01:15,912810UB2,TSRYS5810883,D,S,D,2024-06-06,1000000.00,4.514673,101.4375
08:01:15,912810UB2,TSRYS5810883,D,B,C,2024-06-06,1000000.00,4.514673,101.4375
08:01:15,912810UB2,TSRYS5810883,D,S,D,2024-06-06,1000000.00,4.514673,101.4375
08:01:15,912810UB2,TSRYS5810883,D,B,C,2024-06-06,1000000.00,4.515858,101.421875
08:01:15,912810UB2,TSRYS5810883,D,S,D,2024-06-06,1000000.00,4.515858,101.421875
08:01:15,912810UB2,TSRYS5810883,D,B,C,2024-06-06,1000000.00,4.515858,101.421875
08:01:15,912810UB2,TSRYS5810883,D,S,D,2024-06-06,1000000.00,4.515858,101.421875
08:01:15,912810UB2,TSRYS5810883,D,S,C,2024-06-06,1000000.00,4.517044,101.40625
08:01:15,912810UB2,TSRYS5810883,D,B,C,2024-06-06,1000000.00,4.517044,101.40625
08:01:15,912810UB2,TSRYS5810883,D,B,C,2024-06-06,1000000.00,4.515858,101.421875
08:01:15,912810UB2,TSRYS5810883,D,S,D,2024-06-06,1000000.00,4.515858,101.421875
08:01:15,912810UB2,TSRYS5810883,D,S,D,2024-06-06,1000000.00,4.515858,101.421875
08:01:15,912810UB2,TSRYS5810883,D,S,D,2024-06-06,1000000.00,4.515858,101.421875
08:01:15,912810UB2,TSRYS5810883,D,S,D,2024-06-06,1000000.00,4.515858,101.421875
08:01:15,912810UB2,TSRYS5810883,D,S,D,2024-06-06,1000000.00,4.515858,101.421875
08:01:15,912810UB2,TSRYS5810883,D,S,D,2024-06-06,1000000.00,4.515858,101.421875
08:01:15,912810UB2,TSRYS5810883,D,S,D,2024-06-06,1000000.00,4.515858,101.421875
08:01:15,912810UB2,TSRYS5810883,D,S,D,2024-06-06,1000000.00,4.515858,101.421875
08:01:16,912810UB2,TSRYS5810883,D,S,D,2024-06-06,1000000.00,4.515858,101.421875
08:01:16,912810UB2,TSRYS5810883,D,S,D,2024-06-06,1000000.00,4.515858,101.421875
08:01:16,912810UB2,TSRYS5810883,D,B,C,2024-06-06,1000000.00,4.513635,101.45117187
08:01:16,912810UB2,TSRYS5810883,D,S,A,2024-06-06,20000.00,4.529511,101.2671875
08:01:16,912810UB2,TSRYS5810883,D,S,A,2024-06-06,380000.00,4.5307,101.2265625
08:01:17,912810UB2,TSRYS5810883,D,S,D,2024-06-06,1000000.00,4.5166,101.412109375
08:01:17,912810UB2,TSRYS5810883,D,S,D,2024-06-06,1000000.00,4.516748,101.41015625
08:01:17,912810UB2,TSRYS5810883,D,S,T,2024-06-06,1000000.00,4.528917,101.25
08:01:17,912810UB2,TSRYS5810883,D,S,D,2024-06-06,1000000.00,4.516748,101.41015625
08:01:17,912810UB2,TSRYS5810883,D,S,T,2024-06-06,1000000.00,4.528917,101.25
08:01:17,912810UB2,TSRYS5810883,D,B,A,2024-06-06,2000000.00,4.529511,101.2421875
08:01:17,912810UB2,TSRYS5810883,D,S,T,2024-06-06,1000000.00,4.529066,101.248046875
08:01:17,912810UB2,TSRYS5810883,D,S,T,2024-06-06,1000000.00,4.529214,101.24609375
08:01:21,912810UB2,TSRYS5810883,D,S,T,2024-06-06,1000000.00,4.527729,101.265625
08:01:21,912810UB2,TSRYS5810883,D,S,D,2024-06-06,4900000.00,4.528917,101.25
08:01:21,912810UB2,TSRYS5810883,D,S,D,2024-06-06,19550000.00,4.528917,101.25
08:01:25,912810UB2,TSRYS5810883,D,B,C,2024-06-06,1000000.00,4.515858,101.421875
08:01:25,912810UB2,TSRYS5810883,D,S,D,2024-06-06,1000000.00,4.512894,101.4609375
08:01:26,912810UB2,TSRYS5810883,D,S,D,2024-06-06,1000000.00,4.51245,101.46679687
08:01:26,912810UB2,TSRYS5810883,D,S,D,2024-06-06,1000000.00,4.51245,101.46679687
08:01:26,912810UB2,TSRYS5810883,D,S,D,2024-06-06,1000000.00,4.51245,101.46679687
08:01:26,912810UB2,TSRYS5810883,D,S,D,2024-06-06,1000000.00,4.513487,101.453125
08:01:26,912810UB2,TSRYS5810883,D,S,D,2024-06-06,1000000.00,4.513339,101.45507812
08:01:26,912810UB2,TSRYS5810883,D,S,D,2024-06-06,1000000.00,4.513339,101.45507812
08:01:26,912810UB2,TSRYS5810883,D,S,T,2024-06-06,2000000.00,4.528917,101.25
08:01:26,912810UB2,TSRYS5810883,D,S,D,2024-06-06,1000000.00,4.513339,101.45507812
08:01:26,912810UB2,TSRYS5810883,D,S,A,2024-06-06,8000.00,4.53095,101.22265625
08:01:26,912810UB2,TSRYS5810883,D,S,D,2024-06-06,1000000.00,4.513339,101.45507812
08:01:26,912810UB2,TSRYS5810883,D,S,D,2024-06-06,1000000.00,4.512894,101.4609375
08:01:26,912810UB2,TSRYS5810883,D,S,T,2024-06-06,1000000.00,4.512894,101.4609375
08:01:26,912810UB2,TSRYS5810883,D,S,C,2024-06-06,2000000.00,4.513783,101.44921875
08:01:26,912810UB2,TSRYS5810883,D,S,D,2024-06-06,1000000.00,4.513783,101.44921875
08:01:29,912810UB2,TSRYS5810883,D,S,A,2024-06-06,2000000.00,4.530106,101.234375
08:01:29,912810UB2,TSRYS5810883,D,S,D,2024-06-06,2000000.00,4.533673,101.1875
08:01:30,912810UB2,TSRYS5810883,D,S,D,2024-06-06,1000000.00,4.532484,101.203125
08:01:30,912810UB2,TSRYS5810883,D,S,D,2024-06-06,2000000.00,4.532484,101.203125
08:01:30,912810UB2,TSRYS5810883,D,S,D,2024-06-06,1000000.00,4.532484,101.203125
08:01:30,912810UB2,TSRYS5810883,D,S,A,2024-06-06,1000000.00,4.5307,101.2265625
08:01:31,912810UB2,TSRYS5810883,D,S,A,2024-06-06,270000.00,4.529511,101.2421875
08:01:31,912810UB2,TSRYS5810883,D,S,C,2024-06-06,1000000.00,4.517044,101.40625
08:01:31,912810UB2,TSRYS5810883,D,B,C,2024-06-06,1000000.00,4.517044,101.40625
08:01:32,912810UB2,TSRYS5810883,D,B,A,2024-06-06,60000.00,4.520307,101.363281
08:01:34,912810UB2,TSRYS5810883,D,S,D,2024-06-06,905000.00,4.539623,101.109375
08:01:35,912810UB2,TSRYS5810883,D,S,D,2024-06-06,2000000.00,4.534863,101.171875
08:01:35,912810UB2,TSRYS5810883,D,B,C,2024-06-06,13000000.00,4.513201,101.4569
08:01:35,912810UB2,TSRYS5810883,D,S,C,2024-06-06,19000000.00,4.515881,101.42158
08:01:35,912810UB2,TSRYS5810883,D,S,C,2024-06-06,19000000.00,4.514255,101.44301
08:01:35,912810UB2,TSRYS5810883,D,S,D,2024-06-06,1000000.00,4.534863,101.171875
08:01:37,912810UB2,TSRYS5810883,D,S,C,2024-06-06,1000000.00,4.522978,101.328125
08:01:38,912810UB2,TSRYS5810883,D,B,C,2024-06-06,1000000.00,4.520604,101.359375
08:01:38,912810UB2,TSRYS5810883,D,S,D,2024-06-06,1000000.00,4.520604,101.359375
08:01:39,912810UB2,TSRYS5810883,D,S,D,2024-06-06,2000000.00,4.535904,101.158203125
08:01:39,912810UB2,TSRYS5810883,D,S,D,2024-06-06,2000000.00,4.537243,101.140625
08:01:39,912810UB2,TSRYS5810883,D,S,D,2024-06-06,2000000.00,4.537243,101.140625
08:01:39,912810UB2,TSRYS5810883,D,S,A,2024-06-06,8405000.00,4.526541,101.28125
08:01:39,912810UB2,TSRYS5810883,D,S,D,2024-06-06,1000000.00,4.539623,101.109375
08:01:39,912810UB2,TSRYS5810883,D,S,D,2024-06-06,1000000.00,4.539623,101.109375
08:01:47,912810UB2,TSRYS5810883,D,S,D,2024-06-06,2000000.00,4.529511,101.2421875
08:01:49,912810UB2,TSRYS5810883,D,S,D,2024-06-06,2000000.00,4.521939,101.34179687
08:01:49,912810UB2,TSRYS5810883,D,S,T,2024-06-06,1000000.00,4.521197,101.3515625
08:01:49,912810UB2,TSRYS5810883,D,S,D,2024-06-06,1000000.00,4.521197,101.3515625
08:01:49,912810UB2,TSRYS5810883,D,S,T,2024-06-06,1000000.00,4.521197,101.3515625
08:01:49,912810UB2,TSRYS5810883,D,S,T,2024-06-06,1000000.00,4.5209,101.35546875
08:01:49,912810UB2,TSRYS5810883,D,S,D,2024-06-06,1000000.00,4.5209,101.35546875
08:01:49,912810UB2,TSRYS5810883,D,S,T,2024-06-06,1000000.00,4.5209,101.35546875
08:01:49,912810UB2,TSRYS5810883,D,S,C,2024-06-06,1000000.00,4.5209,101.35546875
08:01:49,912810UB2,TSRYS5810883,D,S,C,2024-06-06,1000000.00,4.5209,101.35546875
08:01:49,912810UB2,TSRYS5810883,D,S,D,2024-06-06,1000000.00,4.520604,101.359375
08:01:49,912810UB2,TSRYS5810883,D,S,T,2024-06-06,1000000.00,4.520604,101.359375
08:01:49,912810UB2,TSRYS5810883,D,S,D,2024-06-06,1000000.00,4.520604,101.359375
08:01:49,912810UB2,TSRYS5810883,D,S,D,2024-06-06,1000000.00,4.520604,101.359375
08:01:49,912810UB2,TSRYS5810883,D,S,D,2024-06-06,1000000.00,4.520604,101.359375
08:01:49,912810UB2,TSRYS5810883,D,S,D,2024-06-06,1000000.00,4.520604,101.359375
08:01:50,912810UB2,TSRYS5810883,D,S,T,2024-06-06,1000000.00,4.520604,101.359375
08:01:50,912810UB2,TSRYS5810883,D,S,T,2024-06-06,1000000.00,4.520604,101.359375
08:01:50,912810UB2,TSRYS5810883,D,S,D,2024-06-06,1000000.00,4.520455,101.36132812
08:01:50,912810UB2,TSRYS5810883,D,S,D,2024-06-06,1000000.00,4.520455,101.36132812
08:01:50,912810UB2,TSRYS5810883,D,S,T,2024-06-06,2000000.00,4.518675,101.38476562
08:01:50,912810UB2,TSRYS5810883,D,B,C,2024-06-06,1000000.00,4.516896,101.40820312
08:01:50,912810UB2,TSRYS5810883,D,B,C,2024-06-06,1000000.00,4.516748,101.41015625
08:01:50,912810UB2,TSRYS5810883,D,B,C,2024-06-06,1000000.00,4.516748,101.41015625
08:01:50,912810UB2,TSRYS5810883,D,S,T,2024-06-06,1000000.00,4.516451,101.4140625
08:01:50,912810UB2,TSRYS5810883,D,S,D,2024-06-06,1000000.00,4.516451,101.4140625
08:01:50,912810UB2,TSRYS5810883,D,S,C,2024-06-06,1000000.00,4.518972,101.38085937
08:01:50,912810UB2,TSRYS5810883,D,S,C,2024-06-06,1000000.00,4.518972,101.38085937
08:01:50,912810UB2,TSRYS5810883,D,S,D,2024-06-06,1000000.00,4.524165,101.3125
08:01:51,912810UB2,TSRYS5810883,D,S,T,2024-06-06,1000000.00,4.526689,101.27929687
08:01:51,912810UB2,TSRYS5810883,D,S,T,2024-06-06,1000000.00,4.526689,101.27929687
08:01:51,912810UB2,TSRYS5810883,D,S,D,2024-06-06,1000000.00,4.526689,101.27929687
08:01:51,912810UB2,TSRYS5810883,D,S,T,2024-06-06,2000000.00,4.526838,101.27734375
08:01:51,912810UB2,TSRYS5810883,D,S,T,2024-06-06,1000000.00,4.526689,101.27929687
08:01:51,912810UB2,TSRYS5810883,D,S,C,2024-06-06,1000000.00,4.526689,101.27929687
08:01:51,912810UB2,TSRYS5810883,D,S,T,2024-06-06,1000000.00,4.526689,101.27929687
08:01:51,912810UB2,TSRYS5810883,D,S,C,2024-06-06,2000000.00,4.526689,101.27929687
08:01:51,912810UB2,TSRYS5810883,D,S,C,2024-06-06,2000000.00,4.525501,101.29492187
08:01:51,912810UB2,TSRYS5810883,D,S,D,2024-06-06,1000000.00,4.52565,101.29296875
08:01:51,912810UB2,TSRYS5810883,D,B,A,2024-06-06,1000000.00,4.534268,101.1796875
08:01:51,912810UB2,TSRYS5810883,D,S,D,2024-06-06,1000000.00,4.52565,101.29296875
08:01:51,912810UB2,TSRYS5810883,D,S,D,2024-06-06,1000000.00,4.52565,101.29296875
08:01:52,912810UB2,TSRYS5810883,D,S,T,2024-06-06,1000000.00,4.524907,101.30273437
08:01:52,912810UB2,TSRYS5810883,D,S,D,2024-06-06,1000000.00,4.524907,101.30273437
08:01:52,912810UB2,TSRYS5810883,D,S,D,2024-06-06,1000000.00,4.524907,101.30273437
08:01:52,912810UB2,TSRYS5810883,D,S,C,2024-06-06,5000000.00,4.518633,101.38533
08:01:52,912810UB2,TSRYS5810883,D,B,C,2024-06-06,19000000.00,4.526033,101.28793
08:01:53,912810UB2,TSRYS5810883,D,B,C,2024-06-06,1000000.00,4.526392,101.28320312
08:01:53,912810UB2,TSRYS5810883,D,B,C,2024-06-06,1000000.00,4.526392,101.28320312
08:01:54,912810UB2,TSRYS5810883,D,S,D,2024-06-06,22000.00,4.531295,101.21875
08:01:56,912810UB2,TSRYS5810883,D,B,C,2024-06-06,1000000.00,4.526392,101.28320312
08:01:56,912810UB2,TSRYS5810883,D,B,C,2024-06-06,1000000.00,4.526541,101.28125
08:01:56,912810UB2,TSRYS5810883,D,B,C,2024-06-06,1000000.00,4.526095,101.28710937
08:01:56,912810UB2,TSRYS5810883,D,B,C,2024-06-06,1000000.00,4.526541,101.28125
08:01:56,912810UB2,TSRYS5810883,D,S,D,2024-06-06,2000000.00,4.526986,101.27539062
08:01:57,912810UB2,TSRYS5810883,D,B,C,2024-06-06,1000000.00,4.525501,101.29492187
08:01:59,912810UB2,TSRYS5810883,D,B,C,2024-06-06,1000000.00,4.532632,101.20117187
08:02:00,912810UB2,TSRYS5810883,D,S,C,2024-06-06,44000000.00,4.527755,101.26528
08:02:03,912810UB2,TSRYS5810883,D,S,D,2024-06-06,1000000.00,4.542005,101.078125
08:02:03,912810UB2,TSRYS5810883,D,S,D,2024-06-06,1000000.00,4.542005,101.078125
08:02:03,912810UB2,TSRYS5810883,D,S,C,2024-06-06,1000000.00,4.542005,101.078125
08:02:03,912810UB2,TSRYS5810883,D,S,C,2024-06-06,1000000.00,4.542005,101.078125
08:02:03,912810UB2,TSRYS5810883,D,B,C,2024-06-06,1000000.00,4.542005,101.078125
08:02:03,912810UB2,TSRYS5810883,D,S,D,2024-06-06,1000000.00,4.542005,101.078125
08:02:03,912810UB2,TSRYS5810883,D,S,D,2024-06-06,1000000.00,4.542005,101.078125
08:02:03,912810UB2,TSRYS5810883,D,S,C,2024-06-06,1000000.00,4.542005,101.078125
08:02:03,912810UB2,TSRYS5810883,D,S,C,2024-06-06,1000000.00,4.542005,101.078125
08:02:03,912810UB2,TSRYS5810883,D,S,D,2024-06-06,1000000.00,4.542005,101.078125
08:02:03,912810UB2,TSRYS5810883,D,B,C,2024-06-06,1000000.00,4.54141,101.0859375
08:02:03,912810UB2,TSRYS5810883,D,S,C,2024-06-06,1000000.00,4.542005,101.078125
08:02:03,912810UB2,TSRYS5810883,D,S,C,2024-06-06,1000000.00,4.542005,101.078125
08:02:03,912810UB2,TSRYS5810883,D,S,D,2024-06-06,1000000.00,4.541261,101.08789062
08:02:03,912810UB2,TSRYS5810883,D,B,C,2024-06-06,1000000.00,4.54141,101.0859375
08:02:04,912810UB2,TSRYS5810883,D,S,D,2024-06-06,1000000.00,4.541261,101.08789062
08:02:04,912810UB2,TSRYS5810883,D,B,C,2024-06-06,1000000.00,4.539028,101.1171875
08:02:05,912810UB2,TSRYS5810883,D,S,D,2024-06-06,1000000.00,4.539326,101.11328125
08:02:05,912810UB2,TSRYS5810883,D,S,D,2024-06-06,1000000.00,4.539326,101.11328125
08:02:07,912810UB2,TSRYS5810883,D,B,A,2024-06-06,4100000.00,4.524069,101.3125
08:02:11,912810UB2,TSRYS5810883,D,S,D,2024-06-06,1000000.00,4.524611,101.306640625
08:02:11,912810UB2,TSRYS5810883,D,S,D,2024-06-06,1000000.00,4.524611,101.306640625
08:02:11,912810UB2,TSRYS5810883,D,S,D,2024-06-06,1000000.00,4.524611,101.306640625
08:02:12,912810UB2,TSRYS5810883,D,S,D,2024-06-06,1000000.00,4.520604,101.359375
08:02:12,912810UB2,TSRYS5810883,D,B,C,2024-06-06,1000000.00,4.520604,101.359375
08:02:20,912810UB2,TSRYS5810883,D,S,D,2024-06-06,1000000.00,4.524907,101.302734375
08:02:20,912810UB2,TSRYS5810883,D,S,D,2024-06-06,1000000.00,4.524907,101.302734375
08:02:22,912810UB2,TSRYS5810883,D,S,D,2024-06-06,8000000.00,4.521062,101.35334
08:02:22,912810UB2,TSRYS5810883,D,S,T,2024-06-06,1000000.00,4.539326,101.11328125
08:02:22,912810UB2,TSRYS5810883,D,S,T,2024-06-06,1000000.00,4.539326,101.11328125
08:02:22,912810UB2,TSRYS5810883,D,S,T,2024-06-06,2000000.00,4.539326,101.11328125
08:02:22,912810UB2,TSRYS5810883,D,S,T,2024-06-06,1000000.00,4.539326,101.11328125
08:02:22,912810UB2,TSRYS5810883,D,S,T,2024-06-06,2000000.00,4.537391,101.138671875
08:02:24,912810UB2,TSRYS5810883,D,S,D,2024-06-06,1000000.00,4.528917,101.25
08:02:24,912810UB2,TSRYS5810883,D,B,C,2024-06-06,1000000.00,4.528917,101.25
08:02:25,912810UB2,TSRYS5810883,D,S,T,2024-06-06,1000000.00,4.515858,101.421875
08:02:25,912810UB2,TSRYS5810883,D,S,T,2024-06-06,1000000.00,4.515858,101.421875
08:02:29,912810UB2,TSRYS5810883,D,S,A,2024-06-06,1490000.00,4.520604,101.359375
08:02:33,912810UB2,TSRYS5810883,D,S,T,2024-06-06,1000000.00,4.53726,101.140398
08:02:33,912810UB2,TSRYS5810883,D,B,C,2024-06-06,1000000.00,4.537243,101.140625
08:02:33,912810UB2,TSRYS5810883,D,S,D,2024-06-06,1000000.00,4.537243,101.140625
08:02:33,912810UB2,TSRYS5810883,D,S,D,2024-06-06,1000000.00,4.537243,101.140625
08:02:36,912810UB2,TSRYS5810883,D,S,C,2024-06-06,4000000.00,4.525947,101.2890625
08:02:36,912810UB2,TSRYS5810883,D,S,C,2024-06-06,700000.00,4.527729,101.265625
08:02:36,912810UB2,TSRYS5810883,D,S,C,2024-06-06,1000000.00,4.528323,101.2578125
08:02:36,912810UB2,TSRYS5810883,D,S,C,2024-06-06,1000000.00,4.528323,101.2578125
08:02:38,912810UB2,TSRYS5810883,D,S,C,2024-06-06,1000000.00,4.528917,101.25
08:02:39,912810UB2,TSRYS5810883,D,S,D,2024-06-06,1000000.00,4.536648,101.1484375
08:02:40,912810UB2,TSRYS5810883,D,S,D,2024-06-06,1000000.00,4.536648,101.1484375
08:02:41,912810UB2,TSRYS5810883,D,S,C,2024-06-06,1000000.00,4.52862,101.25390625
08:02:53,912810UB2,TSRYS5810883,D,S,C,2024-06-06,50000.00,4.532484,101.203125
08:02:53,912810UB2,TSRYS5810883,D,S,T,2024-06-06,1000000.00,4.532038,101.208984375
08:02:53,912810UB2,TSRYS5810883,D,S,T,2024-06-06,1000000.00,4.532038,101.208984375
08:02:55,912810UB2,TSRYS5810883,D,S,A,2024-06-06,15900.00,4.520257,101.36328125
08:02:55,912810UB2,TSRYS5810883,D,S,C,2024-06-06,1000000.00,4.52862,101.25390625
08:02:57,912810UB2,TSRYS5810883,D,B,A,2024-06-06,1500000.00,4.533673,101.1875
08:02:58,912810UB2,TSRYS5810883,D,S,A,2024-06-06,380000.00,4.524165,101.3125
08:03:00,912810UB2,TSRYS5810883,D,S,C,2024-06-06,1000000.00,4.529511,101.2421875
08:03:00,912810UB2,TSRYS5810883,D,S,T,2024-06-06,2000000.00,4.531295,101.21875
08:03:00,912810UB2,TSRYS5810883,D,S,T,2024-06-06,1000000.00,4.531295,101.21875
08:03:03,912810UB2,TSRYS5810883,D,S,T,2024-06-06,1000000.00,4.530997,101.22265625
08:03:03,912810UB2,TSRYS5810883,D,S,T,2024-06-06,1000000.00,4.531295,101.21875
08:03:03,912810UB2,TSRYS5810883,D,S,T,2024-06-06,1000000.00,4.531295,101.21875
08:03:04,912810UB2,TSRYS5810883,D,B,A,2024-06-06,1400000.00,4.530403,101.23046875
08:03:06,912810UB2,TSRYS5810883,D,S,D,2024-06-06,1000000.00,4.532038,101.208984375
08:03:06,912810UB2,TSRYS5810883,D,S,D,2024-06-06,1000000.00,4.532038,101.208984375
08:03:08,912810UB2,TSRYS5810883,D,S,T,2024-06-06,1000000.00,4.536053,101.15625
08:03:08,912810UB2,TSRYS5810883,D,B,A,2024-06-06,300000.00,4.525947,101.2890625
08:03:08,912810UB2,TSRYS5810883,D,B,A,2024-06-06,140000.00,4.525056,101.30078125
08:03:08,912810UB2,TSRYS5810883,D,B,A,2024-06-06,510000.00,4.526244,101.28515625
08:03:08,912810UB2,TSRYS5810883,D,S,A,2024-06-06,50000.00,4.525353,101.296875
08:03:13,912810UB2,TSRYS5810883,D,B,A,2024-06-06,720000.00,4.52565,101.29296875
08:03:14,912810UB2,TSRYS5810883,D,S,D,2024-06-06,1000000.00,4.532335,101.205078125
08:03:14,912810UB2,TSRYS5810883,D,S,D,2024-06-06,1000000.00,4.532186,101.20703125
08:03:14,912810UB2,TSRYS5810883,D,S,D,2024-06-06,1000000.00,4.532038,101.208984375
08:03:15,912810UB2,TSRYS5810883,D,S,A,2024-06-06,300000.00,4.534863,101.171875
08:03:16,912810UB2,TSRYS5810883,D,B,A,2024-06-06,150000.00,4.536053,101.15625
08:03:17,912810UB2,TSRYS5810883,D,S,T,2024-06-06,3000000.00,4.519417,101.375
08:03:19,912810UB2,TSRYS5810883,D,B,A,2024-06-06,600000.00,4.521791,101.34375
08:03:21,912810UB2,TSRYS5810883,D,S,D,2024-06-06,1000000.00,4.528917,101.25
08:03:23,912810UB2,TSRYS5810883,D,B,C,2024-06-06,1538000.00,4.535458,101.1640625
08:03:26,912810UB2,TSRYS5810883,D,S,D,2024-06-06,1000000.00,4.530997,101.22265625
08:03:26,912810UB2,TSRYS5810883,D,S,T,2024-06-06,1000000.00,4.536053,101.15625
08:03:27,912810UB2,TSRYS5810883,D,S,T,2024-06-06,1000000.00,4.530113,101.234275
08:03:27,912810UB2,TSRYS5810883,D,S,T,2024-06-06,1000000.00,4.530113,101.234275
08:03:30,912810UB2,TSRYS5810883,D,S,T,2024-06-06,19550000.00,4.528917,101.25
08:03:30,912810UB2,TSRYS5810883,D,S,T,2024-06-06,4900000.00,4.528917,101.25
08:03:33,912810UB2,TSRYS5810883,D,S,T,2024-06-06,2000000.00,4.533673,101.1875
08:03:33,912810UB2,TSRYS5810883,D,S,T,2024-06-06,1000000.00,4.532484,101.203125
08:03:33,912810UB2,TSRYS5810883,D,S,T,2024-06-06,2000000.00,4.532484,101.203125
08:03:33,912810UB2,TSRYS5810883,D,B,C,2024-06-06,140000.00,4.525947,101.2890625
08:03:33,912810UB2,TSRYS5810883,D,S,T,2024-06-06,1000000.00,4.532484,101.203125
08:03:37,912810UB2,TSRYS5810883,D,S,T,2024-06-06,1000000.00,4.530106,101.234375
08:03:37,912810UB2,TSRYS5810883,D,S,T,2024-06-06,1000000.00,4.530106,101.234375
08:03:37,912810UB2,TSRYS5810883,D,S,T,2024-06-06,1000000.00,4.530106,101.234375
08:03:37,912810UB2,TSRYS5810883,D,S,T,2024-06-06,1000000.00,4.530106,101.234375
08:03:40,912810UB2,TSRYS5810883,D,S,D,2024-06-06,1000000.00,4.514657,101.4377
08:03:40,912810UB2,TSRYS5810883,D,B,C,2024-06-06,1000000.00,4.514673,101.4375
08:03:40,912810UB2,TSRYS5810883,D,B,C,2024-06-06,1000000.00,4.514688,101.4373
08:03:40,912810UB2,TSRYS5810883,D,S,D,2024-06-06,1000000.00,4.514657,101.4377
08:03:40,912810UB2,TSRYS5810883,D,S,D,2024-06-06,1000000.00,4.514657,101.4377
08:03:40,912810UB2,TSRYS5810883,D,B,C,2024-06-06,1000000.00,4.514688,101.4373
08:03:40,912810UB2,TSRYS5810883,D,S,D,2024-06-06,1000000.00,4.514657,101.4377
08:03:41,912810UB2,TSRYS5810883,D,S,D,2024-06-06,1000000.00,4.515843,101.422075
08:03:41,912810UB2,TSRYS5810883,D,B,C,2024-06-06,1000000.00,4.515858,101.421875
08:03:41,912810UB2,TSRYS5810883,D,S,D,2024-06-06,1000000.00,4.515843,101.422075
08:03:41,912810UB2,TSRYS5810883,D,B,C,2024-06-06,1000000.00,4.515874,101.421675
08:03:41,912810UB2,TSRYS5810883,D,S,T,2024-06-06,1000000.00,4.535458,101.1640625
08:03:41,912810UB2,TSRYS5810883,D,B,C,2024-06-06,1000000.00,4.515874,101.421675
08:03:41,912810UB2,TSRYS5810883,D,S,D,2024-06-06,1000000.00,4.515843,101.422075
08:03:41,912810UB2,TSRYS5810883,D,S,C,2024-06-06,1000000.00,4.518231,101.390625
08:03:43,912810UB2,TSRYS5810883,D,B,C,2024-06-06,1000000.00,4.517058,101.406075
08:03:43,912810UB2,TSRYS5810883,D,S,D,2024-06-06,1000000.00,4.517044,101.40625
08:03:43,912810UB2,TSRYS5810883,D,B,C,2024-06-06,1000000.00,4.517058,101.406075
08:03:43,912810UB2,TSRYS5810883,D,S,D,2024-06-06,1000000.00,4.517044,101.40625
08:03:43,912810UB2,TSRYS5810883,D,S,D,2024-06-06,1000000.00,4.517044,101.40625
08:03:43,912810UB2,TSRYS5810883,D,B,C,2024-06-06,1000000.00,4.517058,101.406075
08:03:43,912810UB2,TSRYS5810883,D,S,D,2024-06-06,1000000.00,4.517044,101.40625
08:03:43,912810UB2,TSRYS5810883,D,S,D,2024-06-06,1000000.00,4.517044,101.40625
08:03:43,912810UB2,TSRYS5810883,D,S,C,2024-06-06,1000000.00,4.518215,101.390825
08:03:43,912810UB2,TSRYS5810883,D,B,C,2024-06-06,1000000.00,4.517058,101.406075
08:03:43,912810UB2,TSRYS5810883,D,B,C,2024-06-06,1000000.00,4.518231,101.390625
08:03:43,912810UB2,TSRYS5810883,D,B,C,2024-06-06,1000000.00,4.517062,101.406023
08:03:43,912810UB2,TSRYS5810883,D,S,D,2024-06-06,1000000.00,4.517044,101.40625
08:03:44,912810UB2,TSRYS5810883,D,S,D,2024-06-06,1000000.00,4.521197,101.3515625
08:03:44,912810UB2,TSRYS5810883,D,S,C,2024-06-06,1000000.00,4.521197,101.3515625
08:03:44,912810UB2,TSRYS5810883,D,S,D,2024-06-06,1000000.00,4.5209,101.35546875
08:03:44,912810UB2,TSRYS5810883,D,S,C,2024-06-06,1000000.00,4.5209,101.35546875
08:03:45,912810UB2,TSRYS5810883,D,B,C,2024-06-06,1000000.00,4.514688,101.4373
08:03:45,912810UB2,TSRYS5810883,D,S,D,2024-06-06,1000000.00,4.514673,101.4375
08:03:46,912810UB2,TSRYS5810883,D,S,D,2024-06-06,1000000.00,4.520604,101.359375
08:03:46,912810UB2,TSRYS5810883,D,S,D,2024-06-06,1000000.00,4.520604,101.359375
08:03:46,912810UB2,TSRYS5810883,D,S,D,2024-06-06,1000000.00,4.520604,101.359375
08:03:47,912810UB2,TSRYS5810883,D,S,C,2024-06-06,2000000.00,4.518675,101.384765625
08:03:47,912810UB2,TSRYS5810883,D,S,C,2024-06-06,1000000.00,4.512302,101.46875
08:03:47,912810UB2,TSRYS5810883,D,S,C,2024-06-06,1000000.00,4.512287,101.46895
08:03:48,912810UB2,TSRYS5810883,D,S,D,2024-06-06,1000000.00,4.516451,101.4140625
08:03:48,912810UB2,TSRYS5810883,D,S,T,2024-06-06,2000000.00,4.534863,101.171875
08:03:48,912810UB2,TSRYS5810883,D,S,T,2024-06-06,1000000.00,4.534863,101.171875
08:03:51,912810UB2,TSRYS5810883,D,B,C,2024-06-06,1000000.00,4.514673,101.4375
08:03:51,912810UB2,TSRYS5810883,D,S,C,2024-06-06,1000000.00,4.514657,101.4377
08:03:53,912810UB2,TSRYS5810883,D,S,D,2024-06-06,1000000.00,4.520604,101.359375
08:03:54,912810UB2,TSRYS5810883,D,S,C,2024-06-06,1000000.00,4.522978,101.328125
08:03:54,912810UB2,TSRYS5810883,D,S,D,2024-06-06,1000000.00,4.520604,101.359375
08:03:55,912810UB2,TSRYS5810883,D,S,D,2024-06-06,1000000.00,4.526689,101.279296875
08:03:55,912810UB2,TSRYS5810883,D,S,D,2024-06-06,1000000.00,4.526689,101.279296875
08:03:55,912810UB2,TSRYS5810883,D,S,D,2024-06-06,2000000.00,4.526838,101.27734375
08:03:55,912810UB2,TSRYS5810883,D,S,C,2024-06-06,1000000.00,4.526689,101.279296875
08:03:55,912810UB2,TSRYS5810883,D,B,C,2024-06-06,1000000.00,4.522993,101.327925
08:03:55,912810UB2,TSRYS5810883,D,S,C,2024-06-06,1000000.00,4.521775,101.34395
08:03:56,912810UB2,TSRYS5810883,D,S,C,2024-06-06,1000000.00,4.521775,101.34395
08:03:56,912810UB2,TSRYS5810883,D,B,C,2024-06-06,1000000.00,4.521802,101.3436
08:03:56,912810UB2,TSRYS5810883,D,S,D,2024-06-06,1000000.00,4.522978,101.328125
08:03:56,912810UB2,TSRYS5810883,D,B,C,2024-06-06,1000000.00,4.521802,101.3436
08:03:56,912810UB2,TSRYS5810883,D,S,C,2024-06-06,1000000.00,4.526689,101.279296875
08:03:56,912810UB2,TSRYS5810883,D,S,C,2024-06-06,1000000.00,4.524907,101.302734375
08:03:58,912810UB2,TSRYS5810883,D,S,C,2024-06-06,349000.00,4.542899,101.06640625
08:03:58,912810UB2,TSRYS5810883,D,S,T,2024-06-06,2000000.00,4.537243,101.140625
08:03:58,912810UB2,TSRYS5810883,D,S,T,2024-06-06,2000000.00,4.537243,101.140625
08:03:58,912810UB2,TSRYS5810883,D,S,T,2024-06-06,1000000.00,4.539623,101.109375
08:03:58,912810UB2,TSRYS5810883,D,S,T,2024-06-06,1000000.00,4.539623,101.109375
08:04:01,912810UB2,TSRYS5810883,D,S,A,2024-06-06,6634000.00,4.522384,101.3359375
08:04:02,912810UB2,TSRYS5810883,D,S,C,2024-06-06,1000000.00,4.525353,101.296875
08:04:03,912810UB2,TSRYS5810883,D,S,D,2024-06-06,1000000.00,4.525353,101.296875
08:04:05,912810UB2,TSRYS5810883,D,S,D,2024-06-06,1000000.00,4.526541,101.28125
08:04:05,912810UB2,TSRYS5810883,D,B,C,2024-06-06,1000000.00,4.526552,101.281098
08:04:05,912810UB2,TSRYS5810883,D,S,C,2024-06-06,1000000.00,4.525353,101.296875
08:04:06,912810UB2,TSRYS5810883,D,B,C,2024-06-06,1000000.00,4.525364,101.296723
08:04:06,912810UB2,TSRYS5810883,D,S,D,2024-06-06,1000000.00,4.524165,101.3125
08:04:06,912810UB2,TSRYS5810883,D,B,C,2024-06-06,1000000.00,4.524177,101.312348
08:04:06,912810UB2,TSRYS5810883,D,S,D,2024-06-06,1000000.00,4.524165,101.3125
08:04:06,912810UB2,TSRYS5810883,D,S,D,2024-06-06,1000000.00,4.524165,101.3125
08:04:06,912810UB2,TSRYS5810883,D,B,C,2024-06-06,1000000.00,4.524165,101.3125
08:04:06,912810UB2,TSRYS5810883,D,B,C,2024-06-06,1000000.00,4.52418,101.3123
08:04:06,912810UB2,TSRYS5810883,D,B,C,2024-06-06,1000000.00,4.526244,101.28515625
08:04:06,912810UB2,TSRYS5810883,D,S,D,2024-06-06,1000000.00,4.526244,101.28515625
08:04:08,912810UB2,TSRYS5810883,D,S,D,2024-06-06,1000000.00,4.519407,101.37513
08:04:08,912810UB2,TSRYS5810883,D,B,C,2024-06-06,1000000.00,4.519417,101.375
08:04:15,912810UB2,TSRYS5810883,D,S,D,2024-06-06,1000000.00,4.522978,101.328125
08:04:15,912810UB2,TSRYS5810883,D,B,C,2024-06-06,1000000.00,4.522991,101.32795
08:04:15,912810UB2,TSRYS5810883,D,B,C,2024-06-06,1000000.00,4.522978,101.328125
08:04:15,912810UB2,TSRYS5810883,D,B,C,2024-06-06,1000000.00,4.522991,101.32795
08:04:15,912810UB2,TSRYS5810883,D,S,D,2024-06-06,1000000.00,4.522978,101.328125
08:04:15,912810UB2,TSRYS5810883,D,S,D,2024-06-06,1000000.00,4.522978,101.328125
08:04:17,912810UB2,TSRYS5810883,D,S,D,2024-06-06,1000000.00,4.520604,101.359375
08:04:22,912810UB2,TSRYS5810883,D,B,C,2024-06-06,1000000.00,4.519417,101.375
08:04:22,912810UB2,TSRYS5810883,D,S,D,2024-06-06,1000000.00,4.519417,101.375
08:04:23,912810UB2,TSRYS5810883,D,S,D,2024-06-06,905000.00,4.530106,101.234375
08:04:27,912810UB2,TSRYS5810883,D,B,C,2024-06-06,1000000.00,4.52774,101.265475
08:04:27,912810UB2,TSRYS5810883,D,S,C,2024-06-06,1000000.00,4.527714,101.265825
08:04:27,912810UB2,TSRYS5810883,D,S,C,2024-06-06,1000000.00,4.527714,101.265825
08:04:27,912810UB2,TSRYS5810883,D,B,C,2024-06-06,1000000.00,4.52774,101.265475
08:04:27,912810UB2,TSRYS5810883,D,S,C,2024-06-06,1000000.00,4.527714,101.265825
08:04:27,912810UB2,TSRYS5810883,D,B,C,2024-06-06,1000000.00,4.52774,101.265475
08:04:27,912810UB2,TSRYS5810883,D,S,D,2024-06-06,1000000.00,4.527729,101.265625
08:04:28,912810UB2,TSRYS5810883,D,B,C,2024-06-06,2000000.00,4.528917,101.25
08:04:28,912810UB2,TSRYS5810883,D,B,C,2024-06-06,1000000.00,4.528932,101.2498
08:04:28,912810UB2,TSRYS5810883,D,S,D,2024-06-06,1000000.00,4.528917,101.25
08:04:28,912810UB2,TSRYS5810883,D,S,D,2024-06-06,2000000.00,4.528917,101.25
08:04:29,912810UB2,TSRYS5810883,D,S,D,2024-06-06,1000000.00,4.528917,101.25
08:04:29,912810UB2,TSRYS5810883,D,B,C,2024-06-06,1000000.00,4.528917,101.25
08:04:29,912810UB2,TSRYS5810883,D,S,D,2024-06-06,1000000.00,4.528917,101.25
08:04:29,912810UB2,TSRYS5810883,D,B,C,2024-06-06,1000000.00,4.528917,101.25
08:04:29,912810UB2,TSRYS5810883,D,S,D,2024-06-06,1000000.00,4.528917,101.25
08:04:29,912810UB2,TSRYS5810883,D,S,D,2024-06-06,1000000.00,4.528917,101.25
08:04:30,912810UB2,TSRYS5810883,D,S,D,2024-06-06,1000000.00,4.527729,101.265625
08:04:31,912810UB2,TSRYS5810883,D,B,C,2024-06-06,1000000.00,4.527744,101.265425
08:04:31,912810UB2,TSRYS5810883,D,S,D,2024-06-06,1000000.00,4.527729,101.265625
08:04:38,912810UB2,TSRYS5810883,D,S,C,2024-06-06,1000000.00,4.527729,101.265625
08:04:39,912810UB2,TSRYS5810883,D,S,D,2024-06-06,1000000.00,4.526095,101.287109375
08:04:41,912810UB2,TSRYS5810883,D,S,D,2024-06-06,1000000.00,4.527729,101.265625
08:04:41,912810UB2,TSRYS5810883,D,B,C,2024-06-06,1000000.00,4.527729,101.265625
08:04:42,912810UB2,TSRYS5810883,D,S,T,2024-06-06,1000000.00,4.536053,101.15625
08:04:42,912810UB2,TSRYS5810883,D,S,T,2024-06-06,1000000.00,4.536053,101.15625
08:04:42,912810UB2,TSRYS5810883,D,S,T,2024-06-06,1000000.00,4.536053,101.15625
08:04:42,912810UB2,TSRYS5810883,D,S,T,2024-06-06,1000000.00,4.536053,101.15625
08:04:43,912810UB2,TSRYS5810883,D,S,C,2024-06-06,1000000.00,4.530089,101.234602
08:04:44,912810UB2,TSRYS5810883,D,B,C,2024-06-06,1000000.00,4.530121,101.234175
08:04:45,912810UB2,TSRYS5810883,D,B,C,2024-06-06,1000000.00,4.530119,101.2342
08:04:45,912810UB2,TSRYS5810883,D,S,D,2024-06-06,1000000.00,4.530106,101.234375
08:04:46,912810UB2,TSRYS5810883,D,S,D,2024-06-06,2000000.00,4.526244,101.28515625
08:04:46,912810UB2,TSRYS5810883,D,S,D,2024-06-06,2000000.00,4.527283,101.271484375
08:04:47,912810UB2,TSRYS5810883,D,S,D,2024-06-06,1000000.00,4.527283,101.271484375
08:04:48,912810UB2,TSRYS5810883,D,B,C,2024-06-06,1000000.00,4.528917,101.25
08:04:49,912810UB2,TSRYS5810883,D,S,C,2024-06-06,1000000.00,4.528906,101.25015
08:04:53,912810UB2,TSRYS5810883,D,S,D,2024-06-06,1000000.00,4.536648,101.1484375
08:04:53,912810UB2,TSRYS5810883,D,S,D,2024-06-06,1000000.00,4.53754,101.13671875
08:04:54,912810UB2,TSRYS5810883,D,S,D,2024-06-06,2000000.00,4.532186,101.20703125
08:04:55,912810UB2,TSRYS5810883,D,B,C,2024-06-06,1000000.00,4.532186,101.20703125
08:04:55,912810UB2,TSRYS5810883,D,S,D,2024-06-06,1000000.00,4.532186,101.20703125
08:04:56,912810UB2,TSRYS5810883,D,B,C,2024-06-06,1000000.00,4.527729,101.265625
08:04:56,912810UB2,TSRYS5810883,D,S,D,2024-06-06,1000000.00,4.527719,101.265755
08:04:56,912810UB2,TSRYS5810883,D,B,C,2024-06-06,1000000.00,4.528932,101.2498
08:04:56,912810UB2,TSRYS5810883,D,B,C,2024-06-06,1000000.00,4.528917,101.25
08:04:56,912810UB2,TSRYS5810883,D,S,D,2024-06-06,1000000.00,4.528907,101.25013
08:04:56,912810UB2,TSRYS5810883,D,S,C,2024-06-06,1000000.00,4.528906,101.250152
08:04:57,912810UB2,TSRYS5810883,D,S,C,2024-06-06,1000000.00,4.530094,101.234527
08:04:57,912810UB2,TSRYS5810883,D,S,C,2024-06-06,1000000.00,4.530094,101.234527
08:04:59,912810UB2,TSRYS5810883,D,S,D,2024-06-06,1000000.00,4.520003,101.3672875
08:05:00,912810UB2,TSRYS5810883,D,S,D,2024-06-06,1000000.00,4.532484,101.203125
08:05:00,912810UB2,TSRYS5810883,D,S,D,2024-06-06,1000000.00,4.531889,101.2109375
08:05:00,912810UB2,TSRYS5810883,D,B,C,2024-06-06,1000000.00,4.536945,101.14453125
08:05:02,912810UB2,TSRYS5810883,D,S,D,2024-06-06,1000000.00,4.531295,101.21875
08:05:02,912810UB2,TSRYS5810883,D,B,C,2024-06-06,1000000.00,4.531295,101.21875
08:05:06,912810UB2,TSRYS5810883,D,S,D,2024-06-06,1000000.00,4.532484,101.203125
08:05:06,912810UB2,TSRYS5810883,D,B,C,2024-06-06,1000000.00,4.532484,101.203125
08:05:17,912810UB2,TSRYS5810883,D,B,C,2024-06-06,1000000.00,4.530106,101.234375
08:05:17,912810UB2,TSRYS5810883,D,B,C,2024-06-06,1000000.00,4.530106,101.234375
08:05:17,912810UB2,TSRYS5810883,D,S,D,2024-06-06,1000000.00,4.530106,101.234375
08:05:17,912810UB2,TSRYS5810883,D,S,D,2024-06-06,1000000.00,4.530106,101.234375
08:05:17,912810UB2,TSRYS5810883,D,S,D,2024-06-06,1000000.00,4.531285,101.21888
08:05:17,912810UB2,TSRYS5810883,D,S,D,2024-06-06,2000000.00,4.531295,101.21875
08:05:19,912810UB2,TSRYS5810883,D,S,C,2024-06-06,1000000.00,4.528906,101.25015
08:05:19,912810UB2,TSRYS5810883,D,B,C,2024-06-06,1000000.00,4.528932,101.2498
08:05:19,912810UB2,TSRYS5810883,D,S,C,2024-06-06,2000000.00,4.528906,101.25015
08:05:19,912810UB2,TSRYS5810883,D,S,C,2024-06-06,1000000.00,4.531279,101.21895
08:05:21,912810UB2,TSRYS5810883,D,S,D,2024-06-06,1000000.00,4.534863,101.171875
08:05:21,912810UB2,TSRYS5810883,D,B,C,2024-06-06,1000000.00,4.534876,101.1717
08:05:21,912810UB2,TSRYS5810883,D,S,D,2024-06-06,1000000.00,4.534863,101.171875
08:05:21,912810UB2,TSRYS5810883,D,B,C,2024-06-06,1000000.00,4.534876,101.1717
08:05:21,912810UB2,TSRYS5810883,D,S,C,2024-06-06,1000000.00,4.534863,101.171875
08:05:21,912810UB2,TSRYS5810883,D,B,C,2024-06-06,1000000.00,4.534876,101.1717
08:05:22,912810UB2,TSRYS5810883,D,S,D,2024-06-06,1000000.00,4.524603,101.306740625
08:05:22,912810UB2,TSRYS5810883,D,S,C,2024-06-06,1000000.00,4.538433,101.125
08:05:22,912810UB2,TSRYS5810883,D,B,C,2024-06-06,1000000.00,4.538433,101.125
08:05:22,912810UB2,TSRYS5810883,D,S,C,2024-06-06,1000000.00,4.538433,101.125
08:05:22,912810UB2,TSRYS5810883,D,B,C,2024-06-06,1000000.00,4.538433,101.125
08:05:26,912810UB2,TSRYS5810883,D,B,C,2024-06-06,1000000.00,4.531295,101.21875
08:05:26,912810UB2,TSRYS5810883,D,S,C,2024-06-06,1000000.00,4.531279,101.21895
08:05:26,912810UB2,TSRYS5810883,D,S,D,2024-06-06,1000000.00,4.521791,101.34375
08:05:30,912810UB2,TSRYS5810883,D,S,C,2024-06-06,1000000.00,4.527127,101.2735375
08:05:30,912810UB2,TSRYS5810883,D,B,C,2024-06-06,1000000.00,4.527142,101.2733375
08:05:30,912810UB2,TSRYS5810883,D,S,D,2024-06-06,1000000.00,4.521791,101.34375
08:05:30,912810UB2,TSRYS5810883,D,B,C,2024-06-06,1000000.00,4.521804,101.343575
08:05:30,912810UB2,TSRYS5810883,D,S,D,2024-06-06,1000000.00,4.521791,101.34375
08:05:30,912810UB2,TSRYS5810883,D,S,D,2024-06-06,1000000.00,4.528917,101.25
08:05:30,912810UB2,TSRYS5810883,D,S,D,2024-06-06,1000000.00,4.528917,101.25
08:05:30,912810UB2,TSRYS5810883,D,B,C,2024-06-06,1000000.00,4.528917,101.25
08:05:32,912810UB2,TSRYS5810883,D,B,C,2024-06-06,1000000.00,4.519417,101.375
08:05:32,912810UB2,TSRYS5810883,D,S,D,2024-06-06,1000000.00,4.519417,101.375
08:05:33,912810UB2,TSRYS5810883,D,S,D,2024-06-06,1000000.00,4.520604,101.359375
08:05:33,912810UB2,TSRYS5810883,D,B,C,2024-06-06,1000000.00,4.520604,101.359375
08:05:34,912810UB2,TSRYS5810883,D,S,C,2024-06-06,3000000.00,4.519406,101.37515
08:05:34,912810UB2,TSRYS5810883,D,S,D,2024-06-06,1000000.00,4.539028,101.1171875
08:05:34,912810UB2,TSRYS5810883,D,B,C,2024-06-06,1000000.00,4.539028,101.1171875
08:05:35,912810UB2,TSRYS5810883,D,B,C,2024-06-06,1000000.00,4.519417,101.375
08:05:35,912810UB2,TSRYS5810883,D,S,C,2024-06-06,1000000.00,4.519405,101.375152
08:05:38,912810UB2,TSRYS5810883,D,B,C,2024-06-06,1000000.00,4.525368,101.296675
08:05:38,912810UB2,TSRYS5810883,D,S,D,2024-06-06,1000000.00,4.525343,101.297005
08:05:39,912810UB2,TSRYS5810883,D,S,C,2024-06-06,1000000.00,4.536053,101.15625
08:05:49,912810UB2,TSRYS5810883,D,S,D,2024-06-06,1000000.00,4.529066,101.248046875
08:05:49,912810UB2,TSRYS5810883,D,S,D,2024-06-06,1000000.00,4.529214,101.24609375
08:05:53,912810UB2,TSRYS5810883,D,B,C,2024-06-06,1000000.00,4.526548,101.28115
08:05:53,912810UB2,TSRYS5810883,D,B,C,2024-06-06,1000000.00,4.526548,101.28115
08:05:53,912810UB2,TSRYS5810883,D,S,C,2024-06-06,1000000.00,4.526525,101.28145
08:05:53,912810UB2,TSRYS5810883,D,S,C,2024-06-06,1000000.00,4.526541,101.28125
08:05:54,912810UB2,TSRYS5810883,D,S,D,2024-06-06,1000000.00,4.527729,101.265625
08:05:54,912810UB2,TSRYS5810883,D,B,C,2024-06-06,1000000.00,4.527729,101.265625
08:05:56,912810UB2,TSRYS5810883,D,S,C,2024-06-06,1000000.00,4.530106,101.234375
08:05:56,912810UB2,TSRYS5810883,D,B,C,2024-06-06,1000000.00,4.530119,101.2342
08:05:57,912810UB2,TSRYS5810883,D,S,D,2024-06-06,1000000.00,4.530106,101.234375
08:05:57,912810UB2,TSRYS5810883,D,S,D,2024-06-06,1000000.00,4.530091,101.234575
08:05:57,912810UB2,TSRYS5810883,D,B,C,2024-06-06,1000000.00,4.530106,101.234375
08:05:57,912810UB2,TSRYS5810883,D,S,C,2024-06-06,1000000.00,4.530091,101.234575
08:05:57,912810UB2,TSRYS5810883,D,B,C,2024-06-06,1000000.00,4.530113,101.234275
08:05:57,912810UB2,TSRYS5810883,D,S,D,2024-06-06,1000000.00,4.530091,101.234575
08:05:57,912810UB2,TSRYS5810883,D,S,D,2024-06-06,1000000.00,4.530091,101.234575
08:05:57,912810UB2,TSRYS5810883,D,S,D,2024-06-06,1000000.00,4.530091,101.234575
08:05:57,912810UB2,TSRYS5810883,D,S,D,2024-06-06,1000000.00,4.530091,101.234575
08:05:57,912810UB2,TSRYS5810883,D,B,C,2024-06-06,1000000.00,4.530106,101.234375
08:05:57,912810UB2,TSRYS5810883,D,S,C,2024-06-06,1000000.00,4.530106,101.234375
08:05:57,912810UB2,TSRYS5810883,D,S,D,2024-06-06,1000000.00,4.530091,101.234575
08:05:57,912810UB2,TSRYS5810883,D,B,C,2024-06-06,1000000.00,4.530106,101.234375
08:05:57,912810UB2,TSRYS5810883,D,B,C,2024-06-06,1000000.00,4.530119,101.2342
08:05:57,912810UB2,TSRYS5810883,D,S,D,2024-06-06,1000000.00,4.530091,101.234575
08:05:57,912810UB2,TSRYS5810883,D,S,D,2024-06-06,1000000.00,4.528907,101.25013
08:05:57,912810UB2,TSRYS5810883,D,B,C,2024-06-06,1000000.00,4.528931,101.249825
08:05:57,912810UB2,TSRYS5810883,D,S,C,2024-06-06,1000000.00,4.533658,101.1877
08:05:57,912810UB2,TSRYS5810883,D,B,C,2024-06-06,1000000.00,4.533673,101.1875
08:05:58,912810UB2,TSRYS5810883,D,B,C,2024-06-06,3000000.00,4.531295,101.21875
08:05:58,912810UB2,TSRYS5810883,D,B,C,2024-06-06,1000000.00,4.531295,101.21875
08:05:58,912810UB2,TSRYS5810883,D,S,D,2024-06-06,1000000.00,4.531285,101.21888
08:05:58,912810UB2,TSRYS5810883,D,S,D,2024-06-06,3000000.00,4.531295,101.21875
08:05:58,912810UB2,TSRYS5810883,D,S,D,2024-06-06,1000000.00,4.532484,101.203125
08:05:58,912810UB2,TSRYS5810883,D,S,D,2024-06-06,1000000.00,4.532484,101.203125
08:05:58,912810UB2,TSRYS5810883,D,B,C,2024-06-06,1000000.00,4.532497,101.20295
08:05:58,912810UB2,TSRYS5810883,D,B,C,2024-06-06,1000000.00,4.532497,101.20295
08:05:58,912810UB2,TSRYS5810883,D,S,D,2024-06-06,1000000.00,4.532484,101.203125
08:05:58,912810UB2,TSRYS5810883,D,B,C,2024-06-06,1000000.00,4.532484,101.203125
08:05:58,912810UB2,TSRYS5810883,D,B,C,2024-06-06,1000000.00,4.532484,101.203125
08:05:58,912810UB2,TSRYS5810883,D,S,D,2024-06-06,1000000.00,4.532484,101.203125
08:05:58,912810UB2,TSRYS5810883,D,B,C,2024-06-06,1000000.00,4.532497,101.20295
08:05:58,912810UB2,TSRYS5810883,D,S,D,2024-06-06,1000000.00,4.532484,101.203125
08:05:58,912810UB2,TSRYS5810883,D,S,D,2024-06-06,1000000.00,4.532484,101.203125
08:05:58,912810UB2,TSRYS5810883,D,B,C,2024-06-06,1000000.00,4.532497,101.20295
08:05:58,912810UB2,TSRYS5810883,D,S,C,2024-06-06,1000000.00,4.533658,101.1877
08:05:59,912810UB2,TSRYS5810883,D,S,D,2024-06-06,2000000.00,4.533673,101.1875
08:05:59,912810UB2,TSRYS5810883,D,B,C,2024-06-06,1000000.00,4.532497,101.20295
08:05:59,912810UB2,TSRYS5810883,D,S,D,2024-06-06,1000000.00,4.532484,101.203125
08:05:59,912810UB2,TSRYS5810883,D,S,D,2024-06-06,3000000.00,4.532484,101.203125
08:05:59,912810UB2,TSRYS5810883,D,B,C,2024-06-06,3000000.00,4.532484,101.203125
08:05:59,912810UB2,TSRYS5810883,D,S,D,2024-06-06,2000000.00,4.532484,101.203125
08:05:59,912810UB2,TSRYS5810883,D,S,C,2024-06-06,1000000.00,4.532484,101.203125
08:06:00,912810UB2,TSRYS5810883,D,S,D,2024-06-06,2000000.00,4.531295,101.21875
08:06:00,912810UB2,TSRYS5810883,D,B,C,2024-06-06,2000000.00,4.531308,101.218575
08:06:00,912810UB2,TSRYS5810883,D,S,C,2024-06-06,1000000.00,4.530552,101.228515625
08:06:00,912810UB2,TSRYS5810883,D,S,D,2024-06-06,2000000.00,4.532446,101.203625
08:06:00,912810UB2,TSRYS5810883,D,B,C,2024-06-06,2000000.00,4.532484,101.203125
08:06:00,912810UB2,TSRYS5810883,D,S,D,2024-06-06,1000000.00,4.532446,101.203625
08:06:00,912810UB2,TSRYS5810883,D,B,C,2024-06-06,1000000.00,4.532484,101.203125
08:06:01,912810UB2,TSRYS5810883,D,S,D,2024-06-06,1000000.00,4.531295,101.21875
08:06:01,912810UB2,TSRYS5810883,D,S,D,2024-06-06,1000000.00,4.531295,101.21875
08:06:01,912810UB2,TSRYS5810883,D,B,C,2024-06-06,1000000.00,4.531308,101.218575
08:06:03,912810UB2,TSRYS5810883,D,S,D,2024-06-06,1000000.00,4.530106,101.234375
08:06:03,912810UB2,TSRYS5810883,D,S,C,2024-06-06,1000000.00,4.530106,101.234375
08:06:04,912810UB2,TSRYS5810883,D,S,T,2024-06-06,1000000.00,4.525353,101.296875
08:06:04,912810UB2,TSRYS5810883,D,S,D,2024-06-06,2000000.00,4.534863,101.171875
08:06:05,912810UB2,TSRYS5810883,D,S,D,2024-06-06,1000000.00,4.534863,101.171875
08:06:05,912810UB2,TSRYS5810883,D,B,C,2024-06-06,1000000.00,4.534876,101.1717
08:06:05,912810UB2,TSRYS5810883,D,S,C,2024-06-06,1000000.00,4.534863,101.171875
08:06:05,912810UB2,TSRYS5810883,D,B,C,2024-06-06,1000000.00,4.534876,101.1717
08:06:05,912810UB2,TSRYS5810883,D,S,D,2024-06-06,1000000.00,4.534825,101.172375
08:06:05,912810UB2,TSRYS5810883,D,S,D,2024-06-06,1000000.00,4.534825,101.172375
08:06:05,912810UB2,TSRYS5810883,D,B,C,2024-06-06,1000000.00,4.534863,101.171875
08:06:08,912810UB2,TSRYS5810883,D,B,C,2024-06-06,2000000.00,4.536068,101.15605
08:06:08,912810UB2,TSRYS5810883,D,S,D,2024-06-06,2000000.00,4.536053,101.15625
08:06:08,912810UB2,TSRYS5810883,D,S,C,2024-06-06,2000000.00,4.537231,101.140775
08:06:08,912810UB2,TSRYS5810883,D,S,C,2024-06-06,2000000.00,4.537243,101.140625
08:06:09,912810UB2,TSRYS5810883,D,S,T,2024-06-06,1000000.00,4.525353,101.296875
08:06:09,912810UB2,TSRYS5810883,D,S,T,2024-06-06,1000000.00,4.542005,101.078125
08:06:09,912810UB2,TSRYS5810883,D,S,D,2024-06-06,1000000.00,4.539585,101.109875
08:06:09,912810UB2,TSRYS5810883,D,S,D,2024-06-06,1000000.00,4.539585,101.109875
08:06:10,912810UB2,TSRYS5810883,D,B,C,2024-06-06,1000000.00,4.519417,101.375
08:06:10,912810UB2,TSRYS5810883,D,S,D,2024-06-06,1000000.00,4.519417,101.375
08:06:11,912810UB2,TSRYS5810883,D,S,C,2024-06-06,1000000.00,4.542005,101.078125
08:06:11,912810UB2,TSRYS5810883,D,S,C,2024-06-06,1000000.00,4.540814,101.09375
08:06:11,912810UB2,TSRYS5810883,D,B,C,2024-06-06,1000000.00,4.540837,101.09345
08:06:11,912810UB2,TSRYS5810883,D,S,D,2024-06-06,1000000.00,4.539614,101.109505
08:06:12,912810UB2,TSRYS5810883,D,B,C,2024-06-06,1000000.00,4.539639,101.109175
08:06:12,912810UB2,TSRYS5810883,D,B,C,2024-06-06,1000000.00,4.540814,101.09375
08:06:12,912810UB2,TSRYS5810883,D,S,D,2024-06-06,1000000.00,4.540804,101.09388
08:06:15,912810UB2,TSRYS5810883,D,S,D,2024-06-06,1000000.00,4.537243,101.140625
08:06:16,912810UB2,TSRYS5810883,D,S,C,2024-06-06,1000000.00,4.536053,101.15625
08:06:16,912810UB2,TSRYS5810883,D,B,C,2024-06-06,1000000.00,4.536075,101.15595
08:06:16,912810UB2,TSRYS5810883,D,S,D,2024-06-06,1000000.00,4.536053,101.15625
08:06:16,912810UB2,TSRYS5810883,D,S,D,2024-06-06,1000000.00,4.526541,101.28125
08:06:16,912810UB2,TSRYS5810883,D,S,D,2024-06-06,1000000.00,4.526689,101.279296875
08:06:16,912810UB2,TSRYS5810883,D,S,C,2024-06-06,1000000.00,4.526689,101.279296875
08:06:17,912810UB2,TSRYS5810883,D,S,D,2024-06-06,1000000.00,4.536053,101.15625
08:06:17,912810UB2,TSRYS5810883,D,S,D,2024-06-06,1000000.00,4.536053,101.15625
08:06:17,912810UB2,TSRYS5810883,D,B,C,2024-06-06,1000000.00,4.536053,101.15625
08:06:17,912810UB2,TSRYS5810883,D,S,D,2024-06-06,1000000.00,4.536053,101.15625
08:06:17,912810UB2,TSRYS5810883,D,S,D,2024-06-06,1000000.00,4.536053,101.15625
08:06:17,912810UB2,TSRYS5810883,D,B,C,2024-06-06,1000000.00,4.536053,101.15625
08:06:17,912810UB2,TSRYS5810883,D,S,D,2024-06-06,1000000.00,4.536053,101.15625
08:06:17,912810UB2,TSRYS5810883,D,S,D,2024-06-06,1000000.00,4.536053,101.15625
08:06:17,912810UB2,TSRYS5810883,D,S,D,2024-06-06,1000000.00,4.536053,101.15625
08:06:17,912810UB2,TSRYS5810883,D,B,C,2024-06-06,1000000.00,4.536053,101.15625
08:06:19,912810UB2,TSRYS5810883,D,B,C,2024-06-06,1000000.00,4.524165,101.3125
08:06:19,912810UB2,TSRYS5810883,D,S,D,2024-06-06,1000000.00,4.524165,101.3125
08:06:19,912810UB2,TSRYS5810883,D,B,C,2024-06-06,1000000.00,4.524017,101.314453125
08:06:19,912810UB2,TSRYS5810883,D,S,D,2024-06-06,1000000.00,4.524017,101.314453125
08:06:28,912810UB2,TSRYS5810883,D,S,D,2024-06-06,1000000.00,4.526244,101.28515625
08:06:28,912810UB2,TSRYS5810883,D,B,C,2024-06-06,1000000.00,4.526251,101.28505625
08:06:28,912810UB2,TSRYS5810883,D,S,D,2024-06-06,3000000.00,4.526244,101.28515625
08:06:28,912810UB2,TSRYS5810883,D,B,C,2024-06-06,3000000.00,4.526251,101.28505625
08:06:30,912810UB2,TSRYS5810883,D,S,D,2024-06-06,1000000.00,4.526244,101.28515625
08:06:30,912810UB2,TSRYS5810883,D,S,D,2024-06-06,1000000.00,4.526244,101.28515625
08:06:30,912810UB2,TSRYS5810883,D,S,D,2024-06-06,1000000.00,4.526244,101.28515625
08:06:30,912810UB2,TSRYS5810883,D,B,C,2024-06-06,1000000.00,4.525657,101.29286875
08:06:30,912810UB2,TSRYS5810883,D,S,C,2024-06-06,1000000.00,4.52565,101.29296875
08:06:31,912810UB2,TSRYS5810883,D,B,C,2024-06-06,1000000.00,4.530113,101.234275
08:06:31,912810UB2,TSRYS5810883,D,S,D,2024-06-06,1000000.00,4.530106,101.234375
08:06:31,912810UB2,TSRYS5810883,D,B,C,2024-06-06,1000000.00,4.530403,101.23046875
08:06:31,912810UB2,TSRYS5810883,D,S,C,2024-06-06,1000000.00,4.530403,101.23046875
08:06:32,912810UB2,TSRYS5810883,D,S,D,2024-06-06,2000000.00,4.530997,101.22265625
08:06:32,912810UB2,TSRYS5810883,D,S,D,2024-06-06,2000000.00,4.530997,101.22265625
08:06:32,912810UB2,TSRYS5810883,D,B,C,2024-06-06,4000000.00,4.530997,101.22265625
08:06:32,912810UB2,TSRYS5810883,D,S,D,2024-06-06,15000000.00,4.540254,101.1011
08:06:32,912810UB2,TSRYS5810883,D,S,D,2024-06-06,3000000.00,4.530997,101.22265625
08:06:32,912810UB2,TSRYS5810883,D,B,C,2024-06-06,3000000.00,4.530997,101.22265625
08:06:32,912810UB2,TSRYS5810883,D,S,D,2024-06-06,2000000.00,4.532186,101.20703125
08:06:32,912810UB2,TSRYS5810883,D,B,C,2024-06-06,2000000.00,4.532186,101.20703125
08:06:32,912810UB2,TSRYS5810883,D,B,C,2024-06-06,1000000.00,4.532045,101.208884375
08:06:32,912810UB2,TSRYS5810883,D,S,D,2024-06-06,1000000.00,4.53203,101.209084375
08:06:32,912810UB2,TSRYS5810883,D,B,C,2024-06-06,1000000.00,4.532038,101.208984375
08:06:32,912810UB2,TSRYS5810883,D,S,D,2024-06-06,1000000.00,4.53203,101.209084375
08:06:34,912810UB2,TSRYS5810883,D,S,C,2024-06-06,1000000.00,4.532781,101.19921875
08:06:34,912810UB2,TSRYS5810883,D,B,C,2024-06-06,1000000.00,4.532789,101.19911875
08:06:34,912810UB2,TSRYS5810883,D,S,D,2024-06-06,1000000.00,4.53293,101.197265625
08:06:34,912810UB2,TSRYS5810883,D,B,C,2024-06-06,1000000.00,4.532937,101.197165625
08:06:34,912810UB2,TSRYS5810883,D,S,D,2024-06-06,1000000.00,4.533078,101.1953125
08:06:34,912810UB2,TSRYS5810883,D,B,C,2024-06-06,1000000.00,4.533086,101.1952125
08:06:34,912810UB2,TSRYS5810883,D,S,C,2024-06-06,1000000.00,4.53293,101.197265625
08:06:34,912810UB2,TSRYS5810883,D,B,C,2024-06-06,1000000.00,4.532937,101.197165625
08:06:34,912810UB2,TSRYS5810883,D,S,C,2024-06-06,1000000.00,4.533078,101.1953125
08:06:34,912810UB2,TSRYS5810883,D,B,C,2024-06-06,1000000.00,4.533086,101.1952125
08:06:37,912810UB2,TSRYS5810883,D,B,C,2024-06-06,1000000.00,4.535465,101.1639625
08:06:37,912810UB2,TSRYS5810883,D,S,C,2024-06-06,1000000.00,4.535458,101.1640625
08:06:40,912810UB2,TSRYS5810883,D,S,D,2024-06-06,1000000.00,4.54007,101.103515625
08:06:40,912810UB2,TSRYS5810883,D,B,C,2024-06-06,1000000.00,4.540078,101.103415625
08:06:40,912810UB2,TSRYS5810883,D,S,D,2024-06-06,1000000.00,4.539616,101.109475
08:06:43,912810UB2,TSRYS5810883,D,B,C,2024-06-06,1000000.00,4.540814,101.09375
08:06:43,912810UB2,TSRYS5810883,D,S,D,2024-06-06,1000000.00,4.540814,101.09375
08:06:44,912810UB2,TSRYS5810883,D,S,D,2024-06-06,1000000.00,4.539326,101.11328125
08:06:44,912810UB2,TSRYS5810883,D,S,C,2024-06-06,1000000.00,4.539326,101.11328125
08:06:44,912810UB2,TSRYS5810883,D,S,D,2024-06-06,2000000.00,4.539326,101.11328125
08:06:44,912810UB2,TSRYS5810883,D,S,D,2024-06-06,1000000.00,4.539326,101.11328125
08:06:44,912810UB2,TSRYS5810883,D,S,C,2024-06-06,2000000.00,4.537391,101.138671875
08:06:45,912810UB2,TSRYS5810883,D,S,C,2024-06-06,1000000.00,4.535458,101.1640625
08:07:02,912810UB2,TSRYS5810883,D,S,T,2024-06-06,1000000.00,4.539623,101.109375
08:07:13,912810UB2,TSRYS5810883,D,S,D,2024-06-06,2000000.00,4.540814,101.09375
08:07:42,912810UB2,TSRYS5810883,D,S,D,2024-06-06,1000000.00,4.539623,101.109375
08:07:49,912810UB2,TSRYS5810883,D,S,A,2024-06-06,4198000.00,4.541261,101.087890625
08:07:53,912810UB2,TSRYS5810883,D,S,A,2024-06-06,4198000.00,4.541261,101.087890625
08:07:58,912810UB2,TSRYS5810883,D,B,C,2024-06-06,920000.00,4.540517,101.09765625
08:07:59,912810UB2,TSRYS5810883,D,S,D,2024-06-06,920000.00,4.540483,101.098091033
08:08:55,912810UB2,TSRYS5810883,D,S,D,2024-06-06,6000.00,4.540262,101.101
08:09:09,912810UB2,TSRYS5810883,D,S,C,2024-06-06,6000.00,4.540262,101.101
08:09:09,912810UB2,TSRYS5810883,D,S,D,2024-06-06,6000.00,4.540262,101.101
08:09:49,912810UB2,TSRYS5810883,D,S,C,2024-06-06,1000000.00,4.540963,101.091796875
08:09:58,912810UB2,TSRYS5810883,D,S,T,2024-06-06,1000000.00,4.540963,101.091796875
08:10:38,912810UB2,TSRYS5810883,D,S,A,2024-06-06,1800000.00,4.538433,101.125
08:10:41,912810UB2,TSRYS5810883,D,S,T,2024-06-06,1000000.00,4.538433,101.125
08:12:02,912810UB2,TSRYS5810883,D,B,C,2024-06-06,1000000.00,4.538433,101.125
08:12:02,912810UB2,TSRYS5810883,D,S,C,2024-06-06,1000000.00,4.538421,101.12515
08:12:02,912810UB2,TSRYS5810883,D,S,C,2024-06-06,1000000.00,4.538421,101.12515
08:12:25,912810UB2,TSRYS5810883,D,S,D,2024-06-06,15000000.00,4.541373,101.08642
08:12:45,912810UB2,TSRYS5810883,D,B,C,2024-06-06,1000000.00,4.53725,101.140525
08:12:45,912810UB2,TSRYS5810883,D,S,D,2024-06-06,1000000.00,4.537243,101.140625
08:13:18,912810UB2,TSRYS5810883,D,B,C,2024-06-06,2000000.00,4.538444,101.12485
08:13:18,912810UB2,TSRYS5810883,D,S,D,2024-06-06,2000000.00,4.538433,101.125
08:13:48,912810UB2,TSRYS5810883,D,S,C,2024-06-06,1000000.00,4.535458,101.1640625
08:13:48,912810UB2,TSRYS5810883,D,B,C,2024-06-06,1000000.00,4.535458,101.1640625
08:13:57,912810UB2,TSRYS5810883,D,S,D,2024-06-06,2000000.00,4.535755,101.16015625
08:13:58,912810UB2,TSRYS5810883,D,S,T,2024-06-06,1000000.00,4.533673,101.1875
08:13:58,912810UB2,TSRYS5810883,D,S,T,2024-06-06,1000000.00,4.534863,101.171875
08:13:59,912810UB2,TSRYS5810883,D,S,T,2024-06-06,2000000.00,4.535755,101.16015625
08:14:06,912810UB2,TSRYS5810883,D,S,T,2024-06-06,1000000.00,4.533673,101.1875
08:14:06,912810UB2,TSRYS5810883,D,S,T,2024-06-06,1000000.00,4.533673,101.1875
08:14:35,912810UB2,TSRYS5810883,D,S,C,2024-06-06,2000000.00,4.534851,101.172025
08:14:35,912810UB2,TSRYS5810883,D,B,C,2024-06-06,1000000.00,4.533686,101.187325
08:14:35,912810UB2,TSRYS5810883,D,S,C,2024-06-06,1000000.00,4.533658,101.1877
08:14:44,912810UB2,TSRYS5810883,D,S,T,2024-06-06,2000000.00,4.534874,101.171723
08:14:44,912810UB2,TSRYS5810883,D,B,A,2024-06-06,2000000.00,4.534874,101.171723
08:14:44,912810UB2,TSRYS5810883,D,S,T,2024-06-06,3000000.00,4.534874,101.171723
08:14:45,912810UB2,TSRYS5810883,D,B,A,2024-06-06,3000000.00,4.534874,101.171723
08:14:50,912810UB2,TSRYS5810883,D,S,C,2024-06-06,1000000.00,4.534851,101.172025
08:14:50,912810UB2,TSRYS5810883,D,B,C,2024-06-06,1000000.00,4.534878,101.171675
08:14:50,912810UB2,TSRYS5810883,D,S,C,2024-06-06,3000000.00,4.534851,101.172025
08:14:50,912810UB2,TSRYS5810883,D,S,C,2024-06-06,1000000.00,4.534851,101.172025
08:14:50,912810UB2,TSRYS5810883,D,B,C,2024-06-06,1000000.00,4.534878,101.171675
08:14:50,912810UB2,TSRYS5810883,D,B,C,2024-06-06,1000000.00,4.534878,101.171675
08:14:50,912810UB2,TSRYS5810883,D,S,C,2024-06-06,1000000.00,4.534851,101.172025
08:14:50,912810UB2,TSRYS5810883,D,S,D,2024-06-06,1000000.00,4.534863,101.171875
08:14:50,912810UB2,TSRYS5810883,D,B,C,2024-06-06,1000000.00,4.533688,101.1873
08:14:50,912810UB2,TSRYS5810883,D,S,D,2024-06-06,1000000.00,4.533673,101.1875
08:14:50,912810UB2,TSRYS5810883,D,S,D,2024-06-06,1000000.00,4.533673,101.1875
08:14:50,912810UB2,TSRYS5810883,D,S,D,2024-06-06,1000000.00,4.533663,101.18763
08:14:50,912810UB2,TSRYS5810883,D,S,D,2024-06-06,1000000.00,4.533673,101.1875
08:14:55,912810UB2,TSRYS5810883,D,S,D,2024-06-06,3000000.00,4.536053,101.15625
08:14:55,912810UB2,TSRYS5810883,D,B,A,2024-06-06,3000000.00,4.536053,101.15625
08:15:32,912810UB2,TSRYS5810883,D,B,C,2024-06-06,1000000.00,4.539635,101.109225
08:15:32,912810UB2,TSRYS5810883,D,S,C,2024-06-06,1000000.00,4.539623,101.109375
08:15:32,912810UB2,TSRYS5810883,D,S,C,2024-06-06,1000000.00,4.539608,101.109575
08:15:32,912810UB2,TSRYS5810883,D,B,C,2024-06-06,1000000.00,4.539635,101.109225
08:15:50,912810UB2,TSRYS5810883,D,S,D,2024-06-06,1000000.00,4.534863,101.171875
08:15:50,912810UB2,TSRYS5810883,D,B,C,2024-06-06,1000000.00,4.534876,101.1717
08:15:59,912810UB2,TSRYS5810883,D,S,D,2024-06-06,1000000.00,4.547964,101.0
08:15:59,912810UB2,TSRYS5810883,D,B,C,2024-06-06,1000000.00,4.547972,100.9999
08:16:00,912810UB2,TSRYS5810883,D,S,T,2024-06-06,1000000.00,4.544388,101.046875
08:16:05,912810UB2,TSRYS5810883,D,B,C,2024-06-06,1000000.00,4.546772,101.015625
08:16:05,912810UB2,TSRYS5810883,D,S,D,2024-06-06,1000000.00,4.546772,101.015625
08:16:05,912810UB2,TSRYS5810883,D,S,D,2024-06-06,1000000.00,4.546772,101.015625
08:16:29,912810UB2,TSRYS5810883,D,S,T,2024-06-06,1000000.00,4.54558,101.03125
08:16:33,912810UB2,TSRYS5810883,D,S,T,2024-06-06,1000000.00,4.544984,101.0390625
08:16:33,912810UB2,TSRYS5810883,D,S,D,2024-06-06,1000000.00,4.544984,101.0390625
08:16:33,912810UB2,TSRYS5810883,D,S,C,2024-06-06,1000000.00,4.544373,101.047075
08:16:41,912810UB2,TSRYS5810883,D,B,C,2024-06-06,1000000.00,4.543208,101.06235
08:16:41,912810UB2,TSRYS5810883,D,S,C,2024-06-06,1000000.00,4.543197,101.0625
08:17:03,912810UB2,TSRYS5810883,D,S,T,2024-06-06,1000000.00,4.540814,101.09375
08:17:06,912810UB2,TSRYS5810883,D,S,D,2024-06-06,1000000.00,4.546772,101.015625
08:17:06,912810UB2,TSRYS5810883,D,B,C,2024-06-06,1000000.00,4.546772,101.015625
08:17:06,912810UB2,TSRYS5810883,D,B,C,2024-06-06,1000000.00,4.54558,101.03125
08:17:06,912810UB2,TSRYS5810883,D,S,D,2024-06-06,1000000.00,4.54558,101.03125
08:17:06,912810UB2,TSRYS5810883,D,B,C,2024-06-06,1000000.00,4.545595,101.03105
08:17:07,912810UB2,TSRYS5810883,D,S,C,2024-06-06,1000000.00,4.54558,101.03125
08:17:07,912810UB2,TSRYS5810883,D,S,D,2024-06-06,1000000.00,4.54558,101.03125
08:17:49,912810UB2,TSRYS5810883,D,S,D,2024-06-06,1000000.00,4.540814,101.09375
08:18:13,912810UB2,TSRYS5810883,D,S,D,2024-06-06,1000000.00,4.543197,101.0625
08:18:15,912810UB2,TSRYS5810883,D,S,D,2024-06-06,1000000.00,4.543197,101.0625
08:18:22,912810UB2,TSRYS5810883,D,S,C,2024-06-06,20000.00,4.54141,101.085938
08:18:28,912810UB2,TSRYS5810883,D,S,D,2024-06-06,20000.00,4.54141,101.085938
08:19:40,912810UB2,TSRYS5810883,D,B,C,2024-06-06,1000000.00,4.53635,101.15234375
08:19:40,912810UB2,TSRYS5810883,D,S,D,2024-06-06,1000000.00,4.53635,101.15234375
08:19:40,912810UB2,TSRYS5810883,D,S,D,2024-06-06,1000000.00,4.53635,101.15234375
08:19:55,912810UB2,TSRYS5810883,D,S,D,2024-06-06,1000000.00,4.534565,101.17578125
08:19:55,912810UB2,TSRYS5810883,D,B,C,2024-06-06,1000000.00,4.534565,101.17578125
08:19:55,912810UB2,TSRYS5810883,D,S,D,2024-06-06,1000000.00,4.534565,101.17578125
08:19:55,912810UB2,TSRYS5810883,D,B,C,2024-06-06,1000000.00,4.534565,101.17578125
08:19:55,912810UB2,TSRYS5810883,D,B,C,2024-06-06,1000000.00,4.534565,101.17578125
08:19:55,912810UB2,TSRYS5810883,D,S,D,2024-06-06,1000000.00,4.534565,101.17578125
08:19:55,912810UB2,TSRYS5810883,D,B,C,2024-06-06,1000000.00,4.534565,101.17578125
08:19:55,912810UB2,TSRYS5810883,D,S,C,2024-06-06,1000000.00,4.534565,101.17578125
08:19:56,912810UB2,TSRYS5810883,D,B,C,2024-06-06,1000000.00,4.534714,101.173828125
08:19:56,912810UB2,TSRYS5810883,D,S,C,2024-06-06,1000000.00,4.534714,101.173828125
08:19:56,912810UB2,TSRYS5810883,D,B,C,2024-06-06,1000000.00,4.534714,101.173828125
08:19:56,912810UB2,TSRYS5810883,D,S,C,2024-06-06,1000000.00,4.534714,101.173828125
08:20:08,912810UB2,TSRYS5810883,D,S,D,2024-06-06,1000000.00,4.537243,101.140625
08:20:08,912810UB2,TSRYS5810883,D,B,C,2024-06-06,1000000.00,4.537243,101.140625
08:20:09,912810UB2,TSRYS5810883,D,S,D,2024-06-06,1000000.00,4.533376,101.19140625
08:20:09,912810UB2,TSRYS5810883,D,B,C,2024-06-06,1000000.00,4.533376,101.19140625
08:20:25,912810UB2,TSRYS5810883,D,S,T,2024-06-06,1000000.00,4.534863,101.171875
08:20:32,912810UB2,TSRYS5810883,D,S,D,2024-06-06,2000000.00,4.533227,101.19335937
08:20:36,912810UB2,TSRYS5810883,D,S,D,2024-06-06,1000000.00,4.534863,101.171875
08:20:36,912810UB2,TSRYS5810883,D,B,C,2024-06-06,1000000.00,4.534886,101.171575
08:20:37,912810UB2,TSRYS5810883,D,S,D,2024-06-06,1000000.00,4.535309,101.166015625
08:20:55,912810UB2,TSRYS5810883,D,S,T,2024-06-06,1000000.00,4.536053,101.15625
08:21:00,912810UB2,TSRYS5810883,D,S,D,2024-06-06,425000.00,4.536945,101.14453125
08:21:09,912810UB2,TSRYS5810883,D,S,D,2024-06-06,1000000.00,4.534863,101.171875
08:21:36,912810UB2,TSRYS5810883,D,S,D,2024-06-06,890000.00,4.537243,101.140625
08:21:39,912810UB2,TSRYS5810883,D,S,D,2024-06-06,1000000.00,4.536053,101.15625
08:21:47,912810UB2,TSRYS5810883,D,S,D,2024-06-06,1000000.00,4.535747,101.16025625
08:21:47,912810UB2,TSRYS5810883,D,B,C,2024-06-06,1000000.00,4.535755,101.16015625
08:21:51,912810UB2,TSRYS5810883,D,S,D,2024-06-06,2000000.00,4.535702,101.1608563
08:21:51,912810UB2,TSRYS5810883,D,B,C,2024-06-06,1000000.00,4.536066,101.156075
08:21:51,912810UB2,TSRYS5810883,D,S,D,2024-06-06,1000000.00,4.536039,101.156427
08:21:51,912810UB2,TSRYS5810883,D,S,D,2024-06-06,1000000.00,4.536039,101.156427
08:21:51,912810UB2,TSRYS5810883,D,B,C,2024-06-06,1000000.00,4.536066,101.156075
08:21:52,912810UB2,TSRYS5810883,D,B,C,2024-06-06,1000000.00,4.535755,101.16015625
08:21:52,912810UB2,TSRYS5810883,D,S,D,2024-06-06,1000000.00,4.535755,101.16015625
08:22:53,912810UB2,TSRYS5810883,D,B,C,2024-06-06,1000000.00,4.539028,101.1171875
08:22:53,912810UB2,TSRYS5810883,D,S,D,2024-06-06,1000000.00,4.539028,101.1171875
08:24:41,912810UB2,TSRYS5810883,D,B,C,2024-06-06,1000000.00,4.538143,101.12880625
08:24:41,912810UB2,TSRYS5810883,D,S,C,2024-06-06,1000000.00,4.538135,101.12890625
08:24:42,912810UB2,TSRYS5810883,D,B,C,2024-06-06,1000000.00,4.538143,101.12880625
08:24:42,912810UB2,TSRYS5810883,D,S,C,2024-06-06,1000000.00,4.538135,101.12890625
08:24:43,912810UB2,TSRYS5810883,D,S,T,2024-06-06,1000000.00,4.537243,101.140625
08:25:13,912810UB2,TSRYS5810883,D,S,D,2024-06-06,1000000.00,4.537987,101.13085937
08:25:13,912810UB2,TSRYS5810883,D,S,D,2024-06-06,1000000.00,4.537987,101.13085937
08:25:42,912810UB2,TSRYS5810883,D,S,C,2024-06-06,1000000.00,4.537227,101.140825
08:25:42,912810UB2,TSRYS5810883,D,S,C,2024-06-06,2000000.00,4.537227,101.140825
08:25:42,912810UB2,TSRYS5810883,D,B,C,2024-06-06,2000000.00,4.537256,101.14045
08:25:42,912810UB2,TSRYS5810883,D,S,C,2024-06-06,1000000.00,4.537227,101.140825
08:25:42,912810UB2,TSRYS5810883,D,S,C,2024-06-06,2000000.00,4.537227,101.140825
08:25:57,912810UB2,TSRYS5810883,D,B,C,2024-06-06,1000000.00,4.537256,101.14045
08:25:57,912810UB2,TSRYS5810883,D,B,C,2024-06-06,2000000.00,4.537256,101.14045
08:26:31,912810UB2,TSRYS5810883,D,B,C,2024-06-06,11800000.00,4.536945,101.14453125
08:28:14,912810UB2,TSRYS5810883,D,S,T,2024-06-06,2000000.00,4.532492,101.203023
08:28:23,912810UB2,TSRYS5810883,D,S,T,2024-06-06,1000000.00,4.532492,101.203023
08:28:41,912810UB2,TSRYS5810883,D,S,C,2024-06-06,1030000.00,4.533673,101.1875
08:28:43,912810UB2,TSRYS5810883,D,S,D,2024-06-06,1000000.00,4.532474,101.203255
08:28:43,912810UB2,TSRYS5810883,D,B,C,2024-06-06,1000000.00,4.532507,101.202825
08:28:50,912810UB2,TSRYS5810883,D,S,D,2024-06-06,385000.00,4.531295,101.21875
08:28:58,912810UB2,TSRYS5810883,D,S,D,2024-06-06,2000000.00,4.532484,101.203125
08:29:12,912810UB2,TSRYS5810883,D,S,C,2024-06-06,1000000.00,4.532484,101.203125
08:29:43,912810UB2,TSRYS5810883,D,B,C,2024-06-06,2000000.00,4.532484,101.203125
08:29:43,912810UB2,TSRYS5810883,D,S,D,2024-06-06,2000000.00,4.532484,101.203125
08:29:43,912810UB2,TSRYS5810883,D,S,D,2024-06-06,1000000.00,4.532484,101.203125
08:29:43,912810UB2,TSRYS5810883,D,B,C,2024-06-06,1000000.00,4.532495,101.202975
08:30:01,912810UB2,TSRYS5810883,D,B,A,2024-06-06,2000000.00,4.53516,101.16796875
08:30:02,912810UB2,TSRYS5810883,D,S,C,2024-06-06,1000000.00,4.52758,101.267578125
08:30:02,912810UB2,TSRYS5810883,D,B,C,2024-06-06,1000000.00,4.527596,101.267378125
08:30:28,912810UB2,TSRYS5810883,D,B,C,2024-06-06,1000000.00,4.519432,101.3748
08:30:28,912810UB2,TSRYS5810883,D,S,C,2024-06-06,1000000.00,4.519417,101.375
08:30:43,912810UB2,TSRYS5810883,D,S,C,2024-06-06,1000000.00,4.517044,101.40625
08:30:43,912810UB2,TSRYS5810883,D,B,C,2024-06-06,1000000.00,4.517059,101.40605
08:30:59,912810UB2,TSRYS5810883,D,B,C,2024-06-06,1000000.00,4.519432,101.3748
08:30:59,912810UB2,TSRYS5810883,D,S,C,2024-06-06,1000000.00,4.519406,101.37515
08:30:59,912810UB2,TSRYS5810883,D,S,C,2024-06-06,1000000.00,4.520592,101.359525
08:30:59,912810UB2,TSRYS5810883,D,B,C,2024-06-06,1000000.00,4.520619,101.359175
08:30:59,912810UB2,TSRYS5810883,D,B,C,2024-06-06,1000000.00,4.520617,101.3592
08:30:59,912810UB2,TSRYS5810883,D,B,C,2024-06-06,1000000.00,4.520619,101.359175
08:30:59,912810UB2,TSRYS5810883,D,S,C,2024-06-06,1000000.00,4.520592,101.359525
08:30:59,912810UB2,TSRYS5810883,D,B,C,2024-06-06,1000000.00,4.520617,101.3592
08:30:59,912810UB2,TSRYS5810883,D,S,C,2024-06-06,1000000.00,4.520592,101.359525
08:30:59,912810UB2,TSRYS5810883,D,S,C,2024-06-06,1000000.00,4.520592,101.359525
08:31:00,912810UB2,TSRYS5810883,D,B,C,2024-06-06,1000000.00,4.518231,101.390625
08:31:00,912810UB2,TSRYS5810883,D,S,C,2024-06-06,1000000.00,4.518231,101.390625
08:31:11,912810UB2,TSRYS5810883,D,S,D,2024-06-06,830000.00,4.521197,101.3515625
08:31:12,912810UB2,TSRYS5810883,D,S,D,2024-06-06,2000000.00,4.520307,101.36328125
08:31:19,912810UB2,TSRYS5810883,D,S,T,2024-06-06,1000000.00,4.521791,101.34375
08:31:19,912810UB2,TSRYS5810883,D,S,T,2024-06-06,1000000.00,4.521791,101.34375
08:31:19,912810UB2,TSRYS5810883,D,S,D,2024-06-06,1000000.00,4.521791,101.34375
08:31:20,912810UB2,TSRYS5810883,D,S,D,2024-06-06,1000000.00,4.521783,101.34385
08:31:20,912810UB2,TSRYS5810883,D,S,D,2024-06-06,1000000.00,4.521791,101.34375
08:31:20,912810UB2,TSRYS5810883,D,S,D,2024-06-06,1000000.00,4.521783,101.34385
08:31:27,912810UB2,TSRYS5810883,D,S,D,2024-06-06,1000000.00,4.524017,101.314453125
08:31:27,912810UB2,TSRYS5810883,D,S,D,2024-06-06,1000000.00,4.524017,101.314453125
08:31:27,912810UB2,TSRYS5810883,D,S,D,2024-06-06,1000000.00,4.524017,101.314453125
08:31:27,912810UB2,TSRYS5810883,D,S,D,2024-06-06,1000000.00,4.52372,101.318359375
08:31:27,912810UB2,TSRYS5810883,D,S,D,2024-06-06,1000000.00,4.52372,101.318359375
08:31:27,912810UB2,TSRYS5810883,D,S,D,2024-06-06,1000000.00,4.524017,101.314453125
08:31:27,912810UB2,TSRYS5810883,D,S,D,2024-06-06,1000000.00,4.524017,101.314453125
08:31:29,912810UB2,TSRYS5810883,D,S,D,2024-06-06,1000000.00,4.52372,101.318359375
08:31:29,912810UB2,TSRYS5810883,D,S,C,2024-06-06,1000000.00,4.52059,101.35955
08:31:29,912810UB2,TSRYS5810883,D,B,C,2024-06-06,1000000.00,4.520604,101.359375
08:31:31,912810UB2,TSRYS5810883,D,S,D,2024-06-06,1000000.00,4.521642,101.345703125
08:31:35,912810UB2,TSRYS5810883,D,S,D,2024-06-06,1000000.00,4.522087,101.33984375
08:31:35,912810UB2,TSRYS5810883,D,S,D,2024-06-06,1000000.00,4.522087,101.33984375
08:31:35,912810UB2,TSRYS5810883,D,S,D,2024-06-06,1000000.00,4.521939,101.341796875
08:31:45,912810UB2,TSRYS5810883,D,S,C,2024-06-06,575000.00,4.525353,101.296875
08:31:45,912810UB2,TSRYS5810883,D,S,D,2024-06-06,1000000.00,4.525353,101.296875
08:31:47,912810UB2,TSRYS5810883,D,S,D,2024-06-06,1575000.00,4.525383,101.296475
08:32:16,912810UB2,TSRYS5810883,D,S,T,2024-06-06,1000000.00,4.526541,101.28125
08:32:32,912810UB2,TSRYS5810883,D,S,D,2024-06-06,3000000.00,4.52294,101.328625
08:32:32,912810UB2,TSRYS5810883,D,B,C,2024-06-06,3000000.00,4.522985,101.328025
08:32:39,912810UB2,TSRYS5810883,D,B,C,2024-06-06,1000000.00,4.524017,101.31445312
08:32:39,912810UB2,TSRYS5810883,D,B,C,2024-06-06,1000000.00,4.524017,101.31445312
08:32:46,912810UB2,TSRYS5810883,D,B,C,2024-06-06,1000000.00,4.524177,101.31235
08:32:46,912810UB2,TSRYS5810883,D,S,C,2024-06-06,1000000.00,4.52415,101.3127
08:32:47,912810UB2,TSRYS5810883,D,S,D,2024-06-06,1000000.00,4.526541,101.28125
08:32:49,912810UB2,TSRYS5810883,D,S,D,2024-06-06,1000000.00,4.521642,101.345703125
08:32:49,912810UB2,TSRYS5810883,D,S,D,2024-06-06,1000000.00,4.521642,101.345703125
08:32:49,912810UB2,TSRYS5810883,D,S,D,2024-06-06,1000000.00,4.521791,101.34375
08:33:15,912810UB2,TSRYS5810883,D,B,C,2024-06-06,1000000.00,4.521494,101.34765625
08:33:22,912810UB2,TSRYS5810883,D,S,D,2024-06-06,425000.00,4.525056,101.30078125
08:33:33,912810UB2,TSRYS5810883,D,B,C,2024-06-06,1000000.00,4.519417,101.375
08:33:33,912810UB2,TSRYS5810883,D,S,D,2024-06-06,1000000.00,4.519417,101.375
08:33:37,912810UB2,TSRYS5810883,D,S,T,2024-06-06,1000000.00,4.526541,101.28125
08:33:39,912810UB2,TSRYS5810883,D,B,C,2024-06-06,15000000.00,4.52565,101.29296875
08:33:42,912810UB2,TSRYS5810883,D,S,C,2024-06-06,1000000.00,4.525353,101.296875
08:33:42,912810UB2,TSRYS5810883,D,S,C,2024-06-06,2000000.00,4.525353,101.296875
08:33:42,912810UB2,TSRYS5810883,D,S,C,2024-06-06,1000000.00,4.525353,101.296875
08:33:43,912810UB2,TSRYS5810883,D,S,D,2024-06-06,1000000.00,4.525353,101.296875
08:33:43,912810UB2,TSRYS5810883,D,S,D,2024-06-06,1000000.00,4.525353,101.296875
08:33:43,912810UB2,TSRYS5810883,D,S,T,2024-06-06,1000000.00,4.525362,101.29675
08:33:44,912810UB2,TSRYS5810883,D,S,T,2024-06-06,2000000.00,4.525362,101.29675
08:33:44,912810UB2,TSRYS5810883,D,S,T,2024-06-06,1000000.00,4.525362,101.29675
08:33:47,912810UB2,TSRYS5810883,D,S,D,2024-06-06,1000000.00,4.525056,101.30078125
08:33:48,912810UB2,TSRYS5810883,D,S,D,2024-06-06,1000000.00,4.526095,101.287109375
08:33:48,912810UB2,TSRYS5810883,D,S,D,2024-06-06,1000000.00,4.526095,101.287109375
08:33:49,912810UB2,TSRYS5810883,D,S,D,2024-06-06,1000000.00,4.526095,101.287109375
08:33:49,912810UB2,TSRYS5810883,D,S,D,2024-06-06,1000000.00,4.526244,101.28515625
08:33:57,912810UB2,TSRYS5810883,D,S,D,2024-06-06,1000000.00,4.527729,101.265625
08:33:58,912810UB2,TSRYS5810883,D,S,T,2024-06-06,1000000.00,4.527738,101.2655
08:34:07,912810UB2,TSRYS5810883,D,B,C,2024-06-06,1000000.00,4.530552,101.228515625
08:34:07,912810UB2,TSRYS5810883,D,S,D,2024-06-06,1000000.00,4.530544,101.228615625
08:34:07,912810UB2,TSRYS5810883,D,B,C,2024-06-06,1000000.00,4.530106,101.234375
08:34:07,912810UB2,TSRYS5810883,D,S,D,2024-06-06,1000000.00,4.530098,101.234475
08:34:08,912810UB2,TSRYS5810883,D,S,D,2024-06-06,1000000.00,4.530098,101.234475
08:34:08,912810UB2,TSRYS5810883,D,B,C,2024-06-06,1000000.00,4.530113,101.234275
08:34:08,912810UB2,TSRYS5810883,D,B,C,2024-06-06,1000000.00,4.525376,101.296575
08:34:08,912810UB2,TSRYS5810883,D,S,D,2024-06-06,1000000.00,4.525315,101.297375
08:34:08,912810UB2,TSRYS5810883,D,S,D,2024-06-06,1000000.00,4.525315,101.297375
08:34:08,912810UB2,TSRYS5810883,D,S,D,2024-06-06,1000000.00,4.525315,101.297375
08:34:08,912810UB2,TSRYS5810883,D,S,D,2024-06-06,1000000.00,4.525315,101.297375
08:34:11,912810UB2,TSRYS5810883,D,S,D,2024-06-06,1000000.00,4.531295,101.21875
08:34:11,912810UB2,TSRYS5810883,D,S,D,2024-06-06,2000000.00,4.531295,101.21875
08:34:13,912810UB2,TSRYS5810883,D,S,T,2024-06-06,1000000.00,4.531304,101.218625
08:34:13,912810UB2,TSRYS5810883,D,S,T,2024-06-06,1000000.00,4.531295,101.21875
08:34:14,912810UB2,TSRYS5810883,D,S,T,2024-06-06,2000000.00,4.531304,101.218625
08:34:16,912810UB2,TSRYS5810883,D,S,C,2024-06-06,1000000.00,4.531295,101.21875
08:34:20,912810UB2,TSRYS5810883,D,S,D,2024-06-06,1000000.00,4.526541,101.28125
08:34:20,912810UB2,TSRYS5810883,D,S,C,2024-06-06,1000000.00,4.525353,101.296875
08:34:46,912810UB2,TSRYS5810883,D,S,D,2024-06-06,900000.00,4.531889,101.210937
08:35:07,912810UB2,TSRYS5810883,D,B,A,2024-06-06,2000000.00,4.534565,101.17578125
08:35:23,912810UB2,TSRYS5810883,D,B,C,2024-06-06,19000000.00,4.525884,101.28989
08:35:26,912810UB2,TSRYS5810883,D,S,D,2024-06-06,1000000.00,4.525056,101.30078125
08:35:26,912810UB2,TSRYS5810883,D,S,T,2024-06-06,1000000.00,4.525056,101.30078125
08:35:26,912810UB2,TSRYS5810883,D,S,A,2024-06-06,2000000.00,4.534565,101.17578125
08:35:26,912810UB2,TSRYS5810883,D,S,D,2024-06-06,1000000.00,4.525056,101.30078125
08:35:28,912810UB2,TSRYS5810883,D,S,C,2024-06-06,1000000.00,4.536648,101.1484375
08:35:30,912810UB2,TSRYS5810883,D,S,T,2024-06-06,1000000.00,4.536657,101.1483125
08:35:38,912810UB2,TSRYS5810883,D,S,D,2024-06-06,1000000.00,4.525353,101.296875
08:35:42,912810UB2,TSRYS5810883,D,S,C,2024-06-06,1000000.00,4.536053,101.15625
08:35:43,912810UB2,TSRYS5810883,D,S,D,2024-06-06,1000000.00,4.536053,101.15625
08:35:44,912810UB2,TSRYS5810883,D,S,T,2024-06-06,1000000.00,4.536062,101.156125
08:35:44,912810UB2,TSRYS5810883,D,S,T,2024-06-06,1000000.00,4.536062,101.156125
08:35:48,912810UB2,TSRYS5810883,D,S,D,2024-06-06,315000.00,4.536945,101.14453125
08:35:48,912810UB2,TSRYS5810883,D,S,D,2024-06-06,1000000.00,4.536648,101.1484375
08:35:50,912810UB2,TSRYS5810883,D,S,D,2024-06-06,700000.00,4.536762,101.14693035
08:35:50,912810UB2,TSRYS5810883,D,S,D,2024-06-06,615000.00,4.536768,101.14685138
08:35:51,912810UB2,TSRYS5810883,D,S,T,2024-06-06,1000000.00,4.525368,101.296675
08:35:52,912810UB2,TSRYS5810883,D,S,T,2024-06-06,1000000.00,4.526095,101.28710937
08:35:54,912810UB2,TSRYS5810883,D,S,D,2024-06-06,1000000.00,4.526095,101.28710937
08:36:01,912810UB2,TSRYS5810883,D,S,D,2024-06-06,1000000.00,4.538284,101.126953125
08:36:01,912810UB2,TSRYS5810883,D,S,D,2024-06-06,1000000.00,4.538135,101.12890625
08:36:05,912810UB2,TSRYS5810883,D,S,T,2024-06-06,1000000.00,4.525368,101.296675
08:36:06,912810UB2,TSRYS5810883,D,S,T,2024-06-06,1000000.00,4.526095,101.28710937
08:36:06,912810UB2,TSRYS5810883,D,S,T,2024-06-06,1000000.00,4.525368,101.296675
08:36:08,912810UB2,TSRYS5810883,D,S,D,2024-06-06,1000000.00,4.526095,101.28710937
08:36:10,912810UB2,TSRYS5810883,D,S,T,2024-06-06,1000000.00,4.525368,101.296675
08:36:29,912810UB2,TSRYS5810883,D,S,T,2024-06-06,1000000.00,4.526095,101.28710937
08:36:31,912810UB2,TSRYS5810883,D,S,T,2024-06-06,1000000.00,4.526244,101.28515625
08:36:31,912810UB2,TSRYS5810883,D,S,D,2024-06-06,1000000.00,4.526244,101.28515625
08:36:34,912810UB2,TSRYS5810883,D,S,D,2024-06-06,1000000.00,4.526244,101.28515625
08:36:34,912810UB2,TSRYS5810883,D,S,D,2024-06-06,1000000.00,4.526244,101.28515625
08:36:34,912810UB2,TSRYS5810883,D,S,D,2024-06-06,1000000.00,4.526244,101.28515625
08:36:35,912810UB2,TSRYS5810883,D,S,D,2024-06-06,1000000.00,4.526244,101.28515625
08:36:46,912810UB2,TSRYS5810883,D,S,C,2024-06-06,4130000.00,4.53635,101.15234375
08:37:08,912810UB2,TSRYS5810883,D,S,C,2024-06-06,1000000.00,4.538433,101.125
08:37:08,912810UB2,TSRYS5810883,D,B,C,2024-06-06,1000000.00,4.538456,101.1247
08:37:39,912810UB2,TSRYS5810883,D,S,C,2024-06-06,1000000.00,4.537243,101.140625
08:37:39,912810UB2,TSRYS5810883,D,B,C,2024-06-06,1000000.00,4.537265,101.140325
08:37:39,912810UB2,TSRYS5810883,D,S,D,2024-06-06,425000.00,4.536648,101.1484375
08:37:47,912810UB2,TSRYS5810883,D,B,C,2024-06-06,1000000.00,4.535458,101.1640625
08:37:47,912810UB2,TSRYS5810883,D,S,D,2024-06-06,1000000.00,4.53545,101.1641625
08:37:47,912810UB2,TSRYS5810883,D,B,C,2024-06-06,1000000.00,4.535458,101.1640625
08:37:47,912810UB2,TSRYS5810883,D,S,D,2024-06-06,1000000.00,4.53545,101.1641625
08:38:01,912810UB2,TSRYS5810883,D,S,T,2024-06-06,1000000.00,4.532484,101.203125
08:38:02,912810UB2,TSRYS5810883,D,S,C,2024-06-06,1000000.00,4.532484,101.203125
08:38:06,912810UB2,TSRYS5810883,D,S,C,2024-06-06,2000000.00,4.534893,101.1714749
08:40:07,912810UB2,TSRYS5810883,D,S,D,2024-06-06,1000000.00,4.534863,101.171875
08:40:13,912810UB2,TSRYS5810883,D,S,T,2024-06-06,1000000.00,4.514673,101.4375
08:40:13,912810UB2,TSRYS5810883,D,S,T,2024-06-06,1000000.00,4.518231,101.390625
08:40:13,912810UB2,TSRYS5810883,D,S,T,2024-06-06,1000000.00,4.520604,101.359375
08:40:13,912810UB2,TSRYS5810883,D,S,T,2024-06-06,1000000.00,4.520604,101.359375
08:40:13,912810UB2,TSRYS5810883,D,S,T,2024-06-06,1000000.00,4.520604,101.359375
08:40:13,912810UB2,TSRYS5810883,D,S,T,2024-06-06,1000000.00,4.527729,101.265625
08:40:14,912810UB2,TSRYS5810883,D,S,T,2024-06-06,1000000.00,4.521791,101.34375
08:40:14,912810UB2,TSRYS5810883,D,S,T,2024-06-06,1000000.00,4.530106,101.234375
08:40:14,912810UB2,TSRYS5810883,D,S,T,2024-06-06,1000000.00,4.533673,101.1875
08:40:21,912810UB2,TSRYS5810883,D,B,C,2024-06-06,1000000.00,4.536053,101.15625
08:40:21,912810UB2,TSRYS5810883,D,S,D,2024-06-06,1000000.00,4.536053,101.15625
08:40:40,912810UB2,TSRYS5810883,D,S,C,2024-06-06,1000000.00,4.535904,101.158203125
08:40:41,912810UB2,TSRYS5810883,D,B,C,2024-06-06,1000000.00,4.535904,101.158203125
08:40:53,912810UB2,TSRYS5810883,D,S,C,2024-06-06,1000000.00,4.534863,101.171875
08:40:53,912810UB2,TSRYS5810883,D,S,T,2024-06-06,1000000.00,4.534863,101.171875
08:41:22,912810UB2,TSRYS5810883,D,S,C,2024-06-06,1000000.00,4.532335,101.205078125
08:41:24,912810UB2,TSRYS5810883,D,B,C,2024-06-06,1000000.00,4.534886,101.171575
08:41:24,912810UB2,TSRYS5810883,D,S,D,2024-06-06,1000000.00,4.534863,101.171875
08:41:29,912810UB2,TSRYS5810883,D,S,T,2024-06-06,1000000.00,4.532335,101.205078125
08:41:40,912810UB2,TSRYS5810883,D,B,C,2024-06-06,1000000.00,4.532781,101.19921875
08:41:40,912810UB2,TSRYS5810883,D,S,D,2024-06-06,1000000.00,4.532781,101.19921875
08:41:40,912810UB2,TSRYS5810883,D,S,T,2024-06-06,1000000.00,4.533376,101.19140625
08:41:41,912810UB2,TSRYS5810883,D,S,C,2024-06-06,1000000.00,4.533376,101.19140625
08:41:54,912810UB2,TSRYS5810883,D,S,C,2024-06-06,1000000.00,4.532472,101.203275
08:41:54,912810UB2,TSRYS5810883,D,B,C,2024-06-06,1000000.00,4.532499,101.202925
08:41:54,912810UB2,TSRYS5810883,D,B,C,2024-06-06,1000000.00,4.532499,101.202925
08:42:11,912810UB2,TSRYS5810883,D,S,C,2024-06-06,1000000.00,4.532472,101.203275
08:42:12,912810UB2,TSRYS5810883,D,S,C,2024-06-06,1000000.00,4.537243,101.140625
08:42:12,912810UB2,TSRYS5810883,D,S,T,2024-06-06,1000000.00,4.537243,101.140625
08:42:30,912810UB2,TSRYS5810883,D,S,T,2024-06-06,1000000.00,4.538433,101.125
08:42:33,912810UB2,TSRYS5810883,D,S,D,2024-06-06,1680000.00,4.539623,101.109375
08:42:35,912810UB2,TSRYS5810883,D,S,D,2024-06-06,1680000.00,4.539623,101.109375
08:42:41,912810UB2,TSRYS5810883,D,B,C,2024-06-06,1000000.00,4.533673,101.1875
08:42:41,912810UB2,TSRYS5810883,D,S,C,2024-06-06,1000000.00,4.533673,101.1875
08:42:41,912810UB2,TSRYS5810883,D,B,C,2024-06-06,1000000.00,4.534863,101.171875
08:42:56,912810UB2,TSRYS5810883,D,S,C,2024-06-06,1000000.00,4.534863,101.171875
08:42:56,912810UB2,TSRYS5810883,D,S,C,2024-06-06,1000000.00,4.537243,101.140625
08:42:56,912810UB2,TSRYS5810883,D,B,C,2024-06-06,1000000.00,4.537243,101.140625
08:43:28,912810UB2,TSRYS5810883,D,S,C,2024-06-06,1000000.00,4.538433,101.125
08:43:50,912810UB2,TSRYS5810883,D,S,D,2024-06-06,1000000.00,4.538433,101.125
08:43:50,912810UB2,TSRYS5810883,D,B,C,2024-06-06,1000000.00,4.538433,101.125
08:44:00,912810UB2,TSRYS5810883,D,S,C,2024-06-06,1000000.00,4.538582,101.123046875
08:44:00,912810UB2,TSRYS5810883,D,S,T,2024-06-06,1000000.00,4.538582,101.123046875
08:44:24,912810UB2,TSRYS5810883,D,B,C,2024-06-06,1000000.00,4.537265,101.140325
08:44:24,912810UB2,TSRYS5810883,D,S,C,2024-06-06,1000000.00,4.537243,101.140625
08:44:28,912810UB2,TSRYS5810883,D,S,A,2024-06-06,100000.00,4.538402,101.1304
08:44:33,912810UB2,TSRYS5810883,D,S,C,2024-06-06,100000.00,4.538402,101.1254
08:44:38,912810UB2,TSRYS5810883,D,S,D,2024-06-06,4310000.00,4.539623,101.109375
08:44:40,912810UB2,TSRYS5810883,D,S,D,2024-06-06,4310000.00,4.539623,101.109375
08:44:42,912810UB2,TSRYS5810883,D,B,C,2024-06-06,1000000.00,4.538433,101.125
08:44:42,912810UB2,TSRYS5810883,D,S,D,2024-06-06,1000000.00,4.538433,101.125
08:44:42,912810UB2,TSRYS5810883,D,B,C,2024-06-06,1000000.00,4.538433,101.125
08:44:42,912810UB2,TSRYS5810883,D,B,C,2024-06-06,1000000.00,4.538433,101.125
08:44:42,912810UB2,TSRYS5810883,D,S,D,2024-06-06,1000000.00,4.538433,101.125
08:44:42,912810UB2,TSRYS5810883,D,S,C,2024-06-06,1000000.00,4.538433,101.125
08:44:42,912810UB2,TSRYS5810883,D,S,D,2024-06-06,100000.00,,101.1254
08:45:20,912810UB2,TSRYS5810883,D,S,T,2024-06-06,1000000.00,4.540814,101.09375
08:45:25,912810UB2,TSRYS5810883,D,S,C,2024-06-06,1000000.00,4.540814,101.09375
08:45:37,912810UB2,TSRYS5810883,D,S,C,2024-06-06,1000000.00,4.540963,101.091796875
08:45:37,912810UB2,TSRYS5810883,D,S,T,2024-06-06,1000000.00,4.540963,101.091796875
08:45:41,912810UB2,TSRYS5810883,D,B,C,2024-06-06,1000000.00,4.539623,101.109375
08:45:41,912810UB2,TSRYS5810883,D,S,C,2024-06-06,1000000.00,4.539623,101.109375
08:45:58,912810UB2,TSRYS5810883,D,S,D,2024-06-06,400000.00,4.54141,101.0859375
08:46:13,912810UB2,TSRYS5810883,D,B,C,2024-06-06,1000000.00,4.540814,101.09375
08:46:13,912810UB2,TSRYS5810883,D,S,C,2024-06-06,1000000.00,4.540799,101.09395
08:46:57,912810UB2,TSRYS5810883,D,S,C,2024-06-06,1000000.00,4.539623,101.109375
08:46:57,912810UB2,TSRYS5810883,D,B,C,2024-06-06,1000000.00,4.539646,101.109075
08:47:55,912810UB2,TSRYS5810883,D,S,T,2024-06-06,2000000.00,4.537391,101.138671875
08:47:56,912810UB2,TSRYS5810883,D,S,T,2024-06-06,1000000.00,4.537391,101.138671875
08:47:56,912810UB2,TSRYS5810883,D,S,T,2024-06-06,1000000.00,4.537391,101.138671875
08:47:59,912810UB2,TSRYS5810883,D,S,C,2024-06-06,1000000.00,4.537391,101.138671875
08:47:59,912810UB2,TSRYS5810883,D,S,D,2024-06-06,2000000.00,4.537391,101.138671875
08:47:59,912810UB2,TSRYS5810883,D,S,D,2024-06-06,1000000.00,4.537391,101.138671875
08:49:01,912810UB2,TSRYS5810883,D,S,C,2024-06-06,680000.00,4.539326,101.11328125
08:49:01,912810UB2,TSRYS5810883,D,S,D,2024-06-06,680000.00,4.539371,101.112693015
08:49:08,912810UB2,TSRYS5810883,D,B,A,2024-06-06,2400000.00,4.539654,101.108975
08:49:40,912810UB2,TSRYS5810883,D,S,D,2024-06-06,350000.00,4.541707,101.08203125
08:49:47,912810UB2,TSRYS5810883,D,B,C,2024-06-06,350000.00,4.541707,101.08203125
08:49:57,912810UB2,TSRYS5810883,D,S,C,2024-06-06,1000000.00,4.538418,101.1252
08:49:57,912810UB2,TSRYS5810883,D,B,C,2024-06-06,1000000.00,4.538456,101.1247
08:50:10,912810UB2,TSRYS5810883,D,B,C,2024-06-06,23800000.00,4.528917,101.25
08:50:33,912810UB2,TSRYS5810883,D,B,C,2024-06-06,1000000.00,4.542154,101.076171875
08:50:33,912810UB2,TSRYS5810883,D,S,C,2024-06-06,1000000.00,4.542154,101.076171875
08:51:13,912810UB2,TSRYS5810883,D,S,C,2024-06-06,1000000.00,4.542005,101.078125
08:51:13,912810UB2,TSRYS5810883,D,B,C,2024-06-06,1000000.00,4.542028,101.077825
08:51:27,912810UB2,TSRYS5810883,D,B,C,2024-06-06,23800000.00,,101.25
08:52:22,912810UB2,TSRYS5810883,D,S,D,2024-06-06,1000000.00,4.54558,101.03125
08:52:22,912810UB2,TSRYS5810883,D,B,C,2024-06-06,1000000.00,4.54558,101.03125
08:52:56,912810UB2,TSRYS5810883,D,S,C,2024-06-06,24000.00,4.543364,101.060299
08:53:14,912810UB2,TSRYS5810883,D,B,C,2024-06-06,1000000.00,4.54558,101.03125
08:53:14,912810UB2,TSRYS5810883,D,S,D,2024-06-06,1000000.00,4.54558,101.03125
08:54:44,912810UB2,TSRYS5810883,D,S,C,2024-06-06,2000000.00,4.546921,101.013671875
08:54:45,912810UB2,TSRYS5810883,D,S,C,2024-06-06,2000000.00,4.54707,101.01171875
08:54:53,912810UB2,TSRYS5810883,D,S,T,2024-06-06,2000000.00,4.546921,101.013671875
08:54:53,912810UB2,TSRYS5810883,D,S,T,2024-06-06,2000000.00,4.54707,101.01171875
08:55:21,912810UB2,TSRYS5810883,D,S,D,2024-06-06,1000000.00,4.547219,101.009765625
08:55:21,912810UB2,TSRYS5810883,D,S,D,2024-06-06,1000000.00,4.547219,101.009765625
08:55:23,912810UB2,TSRYS5810883,D,S,D,2024-06-06,1000000.00,4.547815,101.001953125
08:55:23,912810UB2,TSRYS5810883,D,B,C,2024-06-06,1000000.00,4.547826,101.001803125
08:55:35,912810UB2,TSRYS5810883,D,B,C,2024-06-06,1000000.00,4.545591,101.0311
08:55:35,912810UB2,TSRYS5810883,D,S,C,2024-06-06,1000000.00,4.54558,101.03125
08:56:12,912810UB2,TSRYS5810883,D,S,D,2024-06-06,1000000.00,4.546176,101.0234375
08:56:12,912810UB2,TSRYS5810883,D,S,C,2024-06-06,1000000.00,4.546176,101.0234375
08:56:22,912810UB2,TSRYS5810883,D,S,C,2024-06-06,1000000.00,4.545423,101.033303125
08:56:22,912810UB2,TSRYS5810883,D,S,D,2024-06-06,1000000.00,4.545431,101.033203125
08:56:24,912810UB2,TSRYS5810883,D,S,T,2024-06-06,1000000.00,4.54558,101.03125
08:56:24,912810UB2,TSRYS5810883,D,S,T,2024-06-06,1000000.00,4.54558,101.03125
08:56:24,912810UB2,TSRYS5810883,D,S,T,2024-06-06,1000000.00,4.54558,101.03125
08:56:24,912810UB2,TSRYS5810883,D,S,T,2024-06-06,1000000.00,4.54558,101.03125
08:56:24,912810UB2,TSRYS5810883,D,S,T,2024-06-06,1000000.00,4.545431,101.033203125
08:56:24,912810UB2,TSRYS5810883,D,S,T,2024-06-06,1000000.00,4.54558,101.03125
08:56:25,912810UB2,TSRYS5810883,D,S,T,2024-06-06,1000000.00,4.54558,101.03125
08:56:34,912810UB2,TSRYS5810883,D,S,T,2024-06-06,1000000.00,4.54558,101.03125
08:56:34,912810UB2,TSRYS5810883,D,S,T,2024-06-06,1000000.00,4.54558,101.03125
08:56:34,912810UB2,TSRYS5810883,D,S,T,2024-06-06,1000000.00,4.54558,101.03125
08:56:59,912810UB2,TSRYS5810883,D,S,C,2024-06-06,1000000.00,4.54558,101.03125
08:56:59,912810UB2,TSRYS5810883,D,S,C,2024-06-06,1000000.00,4.545565,101.03145
08:56:59,912810UB2,TSRYS5810883,D,S,C,2024-06-06,1000000.00,4.545565,101.03145
08:56:59,912810UB2,TSRYS5810883,D,S,D,2024-06-06,1000000.00,4.54558,101.03125
08:57:00,912810UB2,TSRYS5810883,D,S,C,2024-06-06,1000000.00,4.545565,101.03145
08:57:00,912810UB2,TSRYS5810883,D,S,D,2024-06-06,1000000.00,4.54558,101.03125
08:57:00,912810UB2,TSRYS5810883,D,S,C,2024-06-06,1000000.00,4.545566,101.031425
08:57:03,912810UB2,TSRYS5810883,D,S,T,2024-06-06,1000000.00,4.540814,101.09375
08:57:03,912810UB2,TSRYS5810883,D,S,T,2024-06-06,1000000.00,4.540814,101.09375
08:57:03,912810UB2,TSRYS5810883,D,S,T,2024-06-06,1000000.00,4.540814,101.09375
08:57:05,912810UB2,TSRYS5810883,D,S,D,2024-06-06,1000000.00,4.540807,101.09385
08:57:07,912810UB2,TSRYS5810883,D,B,C,2024-06-06,1000000.00,4.541261,101.087890625
08:57:07,912810UB2,TSRYS5810883,D,S,D,2024-06-06,1000000.00,4.541261,101.087890625
08:57:08,912810UB2,TSRYS5810883,D,S,D,2024-06-06,1000000.00,4.540814,101.09375
08:57:08,912810UB2,TSRYS5810883,D,S,D,2024-06-06,1000000.00,4.540814,101.09375
08:57:11,912810UB2,TSRYS5810883,D,S,D,2024-06-06,1000000.00,4.54007,101.103515625
08:57:11,912810UB2,TSRYS5810883,D,S,D,2024-06-06,1000000.00,4.54007,101.103515625
08:57:11,912810UB2,TSRYS5810883,D,S,D,2024-06-06,1000000.00,4.54007,101.103515625
08:57:11,912810UB2,TSRYS5810883,D,S,D,2024-06-06,1000000.00,4.54007,101.103515625
08:57:11,912810UB2,TSRYS5810883,D,S,D,2024-06-06,1000000.00,4.54007,101.103515625
08:57:11,912810UB2,TSRYS5810883,D,S,D,2024-06-06,1000000.00,4.54007,101.103515625
08:57:11,912810UB2,TSRYS5810883,D,S,D,2024-06-06,1000000.00,4.54007,101.103515625
08:57:11,912810UB2,TSRYS5810883,D,S,D,2024-06-06,1000000.00,4.54007,101.103515625
08:57:11,912810UB2,TSRYS5810883,D,S,D,2024-06-06,1000000.00,4.539921,101.10546875
08:57:11,912810UB2,TSRYS5810883,D,S,D,2024-06-06,1000000.00,4.54007,101.103515625
08:57:11,912810UB2,TSRYS5810883,D,S,D,2024-06-06,1000000.00,4.54007,101.103515625
08:57:11,912810UB2,TSRYS5810883,D,S,D,2024-06-06,1000000.00,4.540219,101.1015625
08:57:14,912810UB2,TSRYS5810883,D,S,C,2024-06-06,1000000.00,4.545565,101.03145
08:57:14,912810UB2,TSRYS5810883,D,S,C,2024-06-06,1000000.00,4.545566,101.031425
08:57:16,912810UB2,TSRYS5810883,D,S,D,2024-06-06,330000.00,4.540219,101.1015625
08:57:22,912810UB2,TSRYS5810883,D,B,C,2024-06-06,1000000.00,4.54558,101.03125
08:57:22,912810UB2,TSRYS5810883,D,B,C,2024-06-06,1000000.00,4.545431,101.03320312
08:57:32,912810UB2,TSRYS5810883,D,S,C,2024-06-06,1000000.00,4.543197,101.0625
08:57:32,912810UB2,TSRYS5810883,D,B,C,2024-06-06,1000000.00,4.543219,101.0622
08:57:33,912810UB2,TSRYS5810883,D,S,D,2024-06-06,1000000.00,4.540219,101.1015625
08:57:45,912810UB2,TSRYS5810883,D,B,C,2024-06-06,1000000.00,4.540814,101.09375
08:57:47,912810UB2,TSRYS5810883,D,S,C,2024-06-06,1000000.00,4.539623,101.109375
08:57:47,912810UB2,TSRYS5810883,D,B,C,2024-06-06,1000000.00,4.539639,101.109175
08:57:48,912810UB2,TSRYS5810883,D,S,C,2024-06-06,15685000.00,4.54141,101.0859375
08:57:56,912810UB2,TSRYS5810883,D,S,T,2024-06-06,1000000.00,4.542005,101.078125
08:57:57,912810UB2,TSRYS5810883,D,B,C,2024-06-06,1000000.00,4.54141,101.0859375
08:57:58,912810UB2,TSRYS5810883,D,S,D,2024-06-06,1000000.00,4.54141,101.0859375
08:57:59,912810UB2,TSRYS5810883,D,S,D,2024-06-06,1000000.00,4.542005,101.078125
08:57:59,912810UB2,TSRYS5810883,D,B,C,2024-06-06,1000000.00,4.542005,101.078125
08:58:00,912810UB2,TSRYS5810883,D,S,T,2024-06-06,1000000.00,4.54141,101.0859375
08:58:00,912810UB2,TSRYS5810883,D,B,C,2024-06-06,1000000.00,4.540517,101.09765625
08:58:01,912810UB2,TSRYS5810883,D,S,D,2024-06-06,1000000.00,4.542005,101.078125
08:58:02,912810UB2,TSRYS5810883,D,B,C,2024-06-06,1000000.00,4.539623,101.109375
08:58:02,912810UB2,TSRYS5810883,D,S,D,2024-06-06,1000000.00,4.539623,101.109375
08:58:02,912810UB2,TSRYS5810883,D,S,C,2024-06-06,1000000.00,4.539623,101.109375
08:58:02,912810UB2,TSRYS5810883,D,B,C,2024-06-06,1000000.00,4.539623,101.109375
08:58:03,912810UB2,TSRYS5810883,D,S,D,2024-06-06,1000000.00,4.54141,101.0859375
08:58:10,912810UB2,TSRYS5810883,D,B,C,2024-06-06,1000000.00,4.540368,101.09960937
08:58:16,912810UB2,TSRYS5810883,D,B,C,2024-06-06,1000000.00,4.540368,101.09960937
08:58:19,912810UB2,TSRYS5810883,D,S,C,2024-06-06,1000000.00,4.540963,101.091796875
08:58:19,912810UB2,TSRYS5810883,D,S,T,2024-06-06,1000000.00,4.540963,101.091796875
08:58:19,912810UB2,TSRYS5810883,D,S,T,2024-06-06,1000000.00,4.539921,101.10546875
08:58:19,912810UB2,TSRYS5810883,D,S,T,2024-06-06,1000000.00,4.539921,101.10546875
08:58:19,912810UB2,TSRYS5810883,D,S,D,2024-06-06,1000000.00,4.539921,101.10546875
08:58:19,912810UB2,TSRYS5810883,D,S,D,2024-06-06,1000000.00,4.539921,101.10546875
08:58:21,912810UB2,TSRYS5810883,D,S,T,2024-06-06,1000000.00,4.540814,101.09375
08:58:22,912810UB2,TSRYS5810883,D,S,T,2024-06-06,1000000.00,4.540665,101.095703125
08:58:24,912810UB2,TSRYS5810883,D,S,D,2024-06-06,1000000.00,4.539921,101.10546875
08:58:24,912810UB2,TSRYS5810883,D,S,D,2024-06-06,1000000.00,4.539921,101.10546875
08:58:26,912810UB2,TSRYS5810883,D,S,C,2024-06-06,1000000.00,4.540665,101.095703125
08:58:26,912810UB2,TSRYS5810883,D,S,C,2024-06-06,1000000.00,4.540814,101.09375
08:58:26,912810UB2,TSRYS5810883,D,B,C,2024-06-06,1000000.00,4.540219,101.1015625
08:58:28,912810UB2,TSRYS5810883,D,S,T,2024-06-06,1000000.00,4.540517,101.09765625
08:58:29,912810UB2,TSRYS5810883,D,B,C,2024-06-06,1000000.00,4.542005,101.078125
08:58:29,912810UB2,TSRYS5810883,D,S,D,2024-06-06,1000000.00,4.541994,101.078275
08:58:29,912810UB2,TSRYS5810883,D,B,C,2024-06-06,1000000.00,4.542005,101.078125
08:58:29,912810UB2,TSRYS5810883,D,S,D,2024-06-06,1000000.00,4.541994,101.078275
08:58:29,912810UB2,TSRYS5810883,D,B,C,2024-06-06,1000000.00,4.542005,101.078125
08:58:29,912810UB2,TSRYS5810883,D,S,D,2024-06-06,1000000.00,4.541994,101.078275
08:58:32,912810UB2,TSRYS5810883,D,S,D,2024-06-06,1000000.00,4.540517,101.09765625
08:58:35,912810UB2,TSRYS5810883,D,B,C,2024-06-06,1000000.00,4.54007,101.10351562
08:58:40,912810UB2,TSRYS5810883,D,S,T,2024-06-06,1000000.00,4.539921,101.10546875
08:58:45,912810UB2,TSRYS5810883,D,S,D,2024-06-06,1000000.00,4.539921,101.10546875
08:58:49,912810UB2,TSRYS5810883,D,B,C,2024-06-06,1000000.00,4.54007,101.10351562
08:59:27,912810UB2,TSRYS5810883,D,B,C,2024-06-06,1000000.00,4.539921,101.10546875
08:59:27,912810UB2,TSRYS5810883,D,S,D,2024-06-06,1000000.00,4.539921,101.10546875
08:59:28,912810UB2,TSRYS5810883,D,S,C,2024-06-06,1000000.00,4.539623,101.109375
08:59:28,912810UB2,TSRYS5810883,D,B,C,2024-06-06,1000000.00,4.539623,101.109375
08:59:30,912810UB2,TSRYS5810883,D,S,D,2024-06-06,1000000.00,4.539772,101.107421875
08:59:31,912810UB2,TSRYS5810883,D,S,D,2024-06-06,1000000.00,4.539921,101.10546875
08:59:31,912810UB2,TSRYS5810883,D,B,C,2024-06-06,1000000.00,4.539921,101.10546875
08:59:37,912810UB2,TSRYS5810883,D,S,T,2024-06-06,1000000.00,4.538433,101.125
08:59:37,912810UB2,TSRYS5810883,D,S,T,2024-06-06,1000000.00,4.538433,101.125
08:59:37,912810UB2,TSRYS5810883,D,S,T,2024-06-06,1000000.00,4.538433,101.125
08:59:38,912810UB2,TSRYS5810883,D,S,C,2024-06-06,1000000.00,4.537838,101.1328125
08:59:38,912810UB2,TSRYS5810883,D,S,T,2024-06-06,1000000.00,4.537838,101.1328125
08:59:43,912810UB2,TSRYS5810883,D,B,C,2024-06-06,1000000.00,4.53754,101.13671875
08:59:43,912810UB2,TSRYS5810883,D,S,D,2024-06-06,1000000.00,4.53754,101.13671875
08:59:44,912810UB2,TSRYS5810883,D,B,C,2024-06-06,1000000.00,4.53754,101.13671875
08:59:44,912810UB2,TSRYS5810883,D,S,D,2024-06-06,1000000.00,4.53754,101.13671875
08:59:58,912810UB2,TSRYS5810883,D,S,D,2024-06-06,1000000.00,4.537391,101.138671875
08:59:58,912810UB2,TSRYS5810883,D,B,C,2024-06-06,1000000.00,4.537391,101.138671875
09:00:01,912810UB2,TSRYS5810883,D,B,C,2024-06-06,1000000.00,4.537243,101.140625
09:00:01,912810UB2,TSRYS5810883,D,S,D,2024-06-06,1000000.00,4.537243,101.140625
09:00:01,912810UB2,TSRYS5810883,D,B,C,2024-06-06,1000000.00,4.537254,101.140475
09:00:01,912810UB2,TSRYS5810883,D,S,D,2024-06-06,1000000.00,4.537243,101.140625
09:00:03,912810UB2,TSRYS5810883,D,S,T,2024-06-06,1000000.00,4.537391,101.138671875
09:00:04,912810UB2,TSRYS5810883,D,S,T,2024-06-06,1000000.00,4.53754,101.13671875
09:00:04,912810UB2,TSRYS5810883,D,S,D,2024-06-06,1000000.00,4.53754,101.13671875
09:00:04,912810UB2,TSRYS5810883,D,S,T,2024-06-06,1000000.00,4.537689,101.134765625
09:00:05,912810UB2,TSRYS5810883,D,S,T,2024-06-06,1000000.00,4.53754,101.13671875
09:00:06,912810UB2,TSRYS5810883,D,B,C,2024-06-06,1000000.00,4.536053,101.15625
09:00:06,912810UB2,TSRYS5810883,D,S,D,2024-06-06,1000000.00,4.536053,101.15625
09:00:06,912810UB2,TSRYS5810883,D,S,D,2024-06-06,1000000.00,4.53754,101.13671875
09:00:07,912810UB2,TSRYS5810883,D,S,D,2024-06-06,1000000.00,4.537243,101.140625
09:00:07,912810UB2,TSRYS5810883,D,B,C,2024-06-06,1000000.00,4.537243,101.140625
09:00:07,912810UB2,TSRYS5810883,D,S,D,2024-06-06,1000000.00,4.537391,101.138671875
09:00:07,912810UB2,TSRYS5810883,D,S,C,2024-06-06,1000000.00,4.53754,101.13671875
09:00:08,912810UB2,TSRYS5810883,D,S,T,2024-06-06,1000000.00,4.537838,101.1328125
09:00:08,912810UB2,TSRYS5810883,D,S,D,2024-06-06,1000000.00,4.538731,101.12109375
09:00:08,912810UB2,TSRYS5810883,D,S,D,2024-06-06,1000000.00,4.538731,101.12109375
09:00:08,912810UB2,TSRYS5810883,D,S,D,2024-06-06,1000000.00,4.538731,101.12109375
09:00:09,912810UB2,TSRYS5810883,D,S,C,2024-06-06,1000000.00,4.537838,101.1328125
09:00:09,912810UB2,TSRYS5810883,D,S,D,2024-06-06,1000000.00,4.537689,101.134765625
09:00:10,912810UB2,TSRYS5810883,D,B,C,2024-06-06,1000000.00,4.537838,101.1328125
09:00:10,912810UB2,TSRYS5810883,D,S,D,2024-06-06,1000000.00,4.537987,101.130859375
