tradeTime,cusip,issueSymbolIdentifier,priceType,reportingSideCode,contraPartyTypeCode,tradeDate,reportedTradeVolume,lastSaleYield,lastSalePrice
08:00:01,912810UD8,TSRYS5870973,D,S,D,2024-09-12,1000000.00,4.050169,101.013671875
08:00:01,912810UD8,TSRYS5870973,D,S,T,2024-09-12,1000000.00,4.049312,101.025390625
08:00:01,912810UD8,TSRYS5870973,D,S,D,2024-09-12,1000000.00,4.053598,100.966796875
08:00:01,912810UD8,TSRYS5870973,D,S,T,2024-09-12,1000000.00,4.053598,100.966796875
08:00:01,912810UD8,TSRYS5870973,D,S,D,2024-09-12,1000000.00,4.053598,100.966796875
08:00:01,912810UD8,TSRYS5870973,D,S,D,2024-09-12,1000000.00,4.062181,100.849609375
08:00:01,912810UD8,TSRYS5870973,D,S,D,2024-09-12,1000000.00,4.062181,100.849609375
08:00:01,912810UD8,TSRYS5870973,D,S,T,2024-09-12,1000000.00,4.062181,100.849609375
08:00:01,912810UD8,TSRYS5870973,D,S,T,2024-09-12,1000000.00,4.063899,100.826171875
08:00:01,912810UD8,TSRYS5870973,D,S,D,2024-09-12,1000000.00,4.063899,100.826171875
08:00:01,912810UD8,TSRYS5870973,D,S,D,2024-09-12,1000000.00,4.06347,100.83203125
08:00:01,912810UD8,TSRYS5870973,D,S,T,2024-09-12,1000000.00,4.064186,100.822265625
08:00:01,912810UD8,TSRYS5870973,D,S,D,2024-09-12,1000000.00,4.064186,100.822265625
08:00:01,912810UD8,TSRYS5870973,D,S,T,2024-09-12,1000000.00,4.064186,100.822265625
08:00:01,912810UD8,TSRYS5870973,D,S,D,2024-09-12,1000000.00,4.064186,100.822265625
08:00:01,912810UD8,TSRYS5870973,D,S,T,2024-09-12,1000000.00,4.064043,100.82421875
08:00:01,912810UD8,TSRYS5870973,D,S,T,2024-09-12,1000000.00,4.064186,100.822265625
08:00:01,912810UD8,TSRYS5870973,D,S,D,2024-09-12,1000000.00,4.064186,100.822265625
08:00:01,912810UD8,TSRYS5870973,D,S,D,2024-09-12,1000000.00,4.063327,100.833984375
08:00:01,912810UD8,TSRYS5870973,D,S,T,2024-09-12,1000000.00,4.063327,100.833984375
08:00:01,912810UD8,TSRYS5870973,D,S,D,2024-09-12,1000000.00,4.061895,100.853515625
08:00:01,912810UD8,TSRYS5870973,D,S,D,2024-09-12,1000000.00,4.061609,100.857421875
08:00:01,912810UD8,TSRYS5870973,D,S,T,2024-09-12,1000000.00,4.061752,100.85546875
08:00:01,912810UD8,TSRYS5870973,D,S,T,2024-09-12,1000000.00,4.061752,100.85546875
08:00:01,912810UD8,TSRYS5870973,D,S,T,2024-09-12,1000000.00,4.061895,100.853515625
08:00:02,912810UD8,TSRYS5870973,D,S,D,2024-09-12,1000000.00,4.066191,100.794921875
08:00:02,912810UD8,TSRYS5870973,D,S,D,2024-09-12,1000000.00,4.066191,100.794921875
08:00:02,912810UD8,TSRYS5870973,D,S,D,2024-09-12,1000000.00,4.064043,100.82421875
08:00:03,912810UD8,TSRYS5870973,D,S,D,2024-09-12,1000000.00,4.05174,100.9921875
08:00:03,912810UD8,TSRYS5870973,D,S,D,2024-09-12,1000000.00,4.049169,101.02734375
08:00:03,912810UD8,TSRYS5870973,D,S,D,2024-09-12,1000000.00,4.055314,100.943359375
08:00:03,912810UD8,TSRYS5870973,D,S,D,2024-09-12,1000000.00,4.0556,100.939453125
08:00:03,912810UD8,TSRYS5870973,D,S,D,2024-09-12,1000000.00,4.056029,100.93359375
08:00:03,912810UD8,TSRYS5870973,D,S,D,2024-09-12,1000000.00,4.056029,100.93359375
08:00:03,912810UD8,TSRYS5870973,D,S,T,2024-09-12,1000000.00,4.055886,100.935546875
08:00:03,912810UD8,TSRYS5870973,D,S,D,2024-09-12,1000000.00,4.055743,100.9375
08:00:05,912810UD8,TSRYS5870973,D,S,T,2024-09-12,1000000.00,4.056887,100.921875
08:00:05,912810UD8,TSRYS5870973,D,S,T,2024-09-12,1000000.00,4.056887,100.921875
08:00:07,912810UD8,TSRYS5870973,D,S,T,2024-09-12,1000000.00,4.048883,101.03125
08:00:07,912810UD8,TSRYS5870973,D,S,T,2024-09-12,1000000.00,4.046599,101.0625
08:00:07,912810UD8,TSRYS5870973,D,S,T,2024-09-12,1000000.00,4.045457,101.078125
08:00:08,912810UD8,TSRYS5870973,D,S,T,2024-09-12,1000000.00,4.054599,100.953125
08:00:08,912810UD8,TSRYS5870973,D,S,T,2024-09-12,1000000.00,4.053455,100.96875
08:00:08,912810UD8,TSRYS5870973,D,S,T,2024-09-12,1000000.00,4.052312,100.984375
08:00:08,912810UD8,TSRYS5870973,D,S,T,2024-09-12,1000000.00,4.047741,101.046875
08:00:12,912810UD8,TSRYS5870973,D,S,T,2024-09-12,1000000.00,4.051169,101.0
08:00:12,912810UD8,TSRYS5870973,D,S,T,2024-09-12,2000000.00,4.048883,101.03125
08:00:12,912810UD8,TSRYS5870973,D,S,T,2024-09-12,1000000.00,4.058031,100.90625
08:00:12,912810UD8,TSRYS5870973,D,S,T,2024-09-12,2000000.00,4.062611,100.84375
08:00:12,912810UD8,TSRYS5870973,D,S,T,2024-09-12,1000000.00,4.060321,100.875
08:00:13,912810UD8,TSRYS5870973,D,S,T,2024-09-12,1000000.00,4.055743,100.9375
08:00:13,912810UD8,TSRYS5870973,D,S,T,2024-09-12,1000000.00,4.054599,100.953125
08:00:13,912810UD8,TSRYS5870973,D,S,C,2024-09-12,2300000.00,4.047997,101.04336875
08:00:13,912810UD8,TSRYS5870973,D,B,A,2024-09-12,1000000.00,4.049169,101.02734375
08:00:13,912810UD8,TSRYS5870973,D,B,A,2024-09-12,2950000.00,4.049169,101.027344
08:00:13,912810UD8,TSRYS5870973,D,B,A,2024-09-12,1000000.00,4.048026,101.04296875
08:00:14,912810UD8,TSRYS5870973,D,B,A,2024-09-12,644000.00,4.050597,101.0078125
08:00:15,912810UD8,TSRYS5870973,D,S,T,2024-09-12,1000000.00,4.056887,100.921875
08:00:16,912810UD8,TSRYS5870973,D,S,D,2024-09-12,1000000.00,4.050312,101.01171875
08:00:16,912810UD8,TSRYS5870973,D,S,D,2024-09-12,1000000.00,4.050883,101.00390625
08:00:16,912810UD8,TSRYS5870973,D,S,D,2024-09-12,1000000.00,4.050597,101.0078125
08:00:16,912810UD8,TSRYS5870973,D,S,D,2024-09-12,1000000.00,4.049169,101.02734375
08:00:17,912810UD8,TSRYS5870973,D,S,A,2024-09-12,1550000.00,4.050275,101.01171875
08:00:17,912810UD8,TSRYS5870973,D,S,A,2024-09-12,56000.00,4.052312,100.984375
08:00:18,912810UD8,TSRYS5870973,D,S,A,2024-09-12,1300000.00,4.056315,100.929688
08:00:18,912810UD8,TSRYS5870973,D,S,A,2024-09-12,1900000.00,4.062324,100.84765625
08:00:19,912810UD8,TSRYS5870973,D,S,D,2024-09-12,1000000.00,4.049455,101.0234375
08:00:20,912810UD8,TSRYS5870973,D,S,D,2024-09-12,2000000.00,4.047741,101.046875
08:00:20,912810UD8,TSRYS5870973,D,S,D,2024-09-12,2000000.00,4.046599,101.0625
08:00:20,912810UD8,TSRYS5870973,D,S,D,2024-09-12,1000000.00,4.046599,101.0625
08:00:22,912810UD8,TSRYS5870973,D,B,C,2024-09-12,6000000.00,4.049026,101.02929688
08:00:22,912810UD8,TSRYS5870973,D,B,C,2024-09-12,6000000.00,4.048455,101.03710937
08:00:22,912810UD8,TSRYS5870973,D,B,C,2024-09-12,6000000.00,4.051169,101.0
08:00:24,912810UD8,TSRYS5870973,D,S,D,2024-09-12,1000000.00,4.062897,100.83984375
08:00:25,912810UD8,TSRYS5870973,D,B,C,2024-09-12,6000000.00,4.052884,100.9765625
08:00:27,912810UD8,TSRYS5870973,D,S,A,2024-09-12,5000.00,4.063756,100.828125
08:00:30,912810UD8,TSRYS5870973,D,S,T,2024-09-12,1000000.00,4.045457,101.078125
08:00:30,912810UD8,TSRYS5870973,D,S,T,2024-09-12,1000000.00,4.044886,101.0859375
08:00:30,912810UD8,TSRYS5870973,D,S,T,2024-09-12,1000000.00,4.0446,101.08984375
08:00:30,912810UD8,TSRYS5870973,D,S,T,2024-09-12,1000000.00,4.044743,101.087890625
08:00:30,912810UD8,TSRYS5870973,D,S,T,2024-09-12,1000000.00,4.044457,101.091796875
08:00:30,912810UD8,TSRYS5870973,D,S,T,2024-09-12,1000000.00,4.044315,101.09375
08:00:30,912810UD8,TSRYS5870973,D,S,T,2024-09-12,1000000.00,4.044315,101.09375
08:00:30,912810UD8,TSRYS5870973,D,S,T,2024-09-12,1000000.00,4.044315,101.09375
08:00:30,912810UD8,TSRYS5870973,D,S,T,2024-09-12,1000000.00,4.050026,101.015625
08:00:30,912810UD8,TSRYS5870973,D,S,T,2024-09-12,1000000.00,4.051169,101.0
08:00:30,912810UD8,TSRYS5870973,D,S,T,2024-09-12,1000000.00,4.051169,101.0
08:00:30,912810UD8,TSRYS5870973,D,S,D,2024-09-12,1000000.00,4.066048,100.796875
08:00:30,912810UD8,TSRYS5870973,D,S,T,2024-09-12,1000000.00,4.047741,101.046875
08:00:30,912810UD8,TSRYS5870973,D,S,T,2024-09-12,1000000.00,4.047741,101.046875
08:00:30,912810UD8,TSRYS5870973,D,S,T,2024-09-12,1000000.00,4.047741,101.046875
08:00:30,912810UD8,TSRYS5870973,D,S,T,2024-09-12,1000000.00,4.047741,101.046875
08:00:30,912810UD8,TSRYS5870973,D,S,D,2024-09-12,1000000.00,4.049455,101.0234375
08:00:30,912810UD8,TSRYS5870973,D,S,T,2024-09-12,1000000.00,4.047741,101.046875
08:00:30,912810UD8,TSRYS5870973,D,S,T,2024-09-12,1000000.00,4.048883,101.03125
08:00:30,912810UD8,TSRYS5870973,D,S,T,2024-09-12,1000000.00,4.050026,101.015625
08:00:30,912810UD8,TSRYS5870973,D,S,T,2024-09-12,1000000.00,4.051455,100.99609375
08:00:30,912810UD8,TSRYS5870973,D,S,T,2024-09-12,1000000.00,4.050026,101.015625
08:00:30,912810UD8,TSRYS5870973,D,S,T,2024-09-12,1000000.00,4.050026,101.015625
08:00:30,912810UD8,TSRYS5870973,D,S,T,2024-09-12,1000000.00,4.050026,101.015625
08:00:30,912810UD8,TSRYS5870973,D,S,T,2024-09-12,1000000.00,4.050026,101.015625
08:00:30,912810UD8,TSRYS5870973,D,S,T,2024-09-12,1000000.00,4.052312,100.984375
08:00:30,912810UD8,TSRYS5870973,D,S,T,2024-09-12,1000000.00,4.047741,101.046875
08:00:30,912810UD8,TSRYS5870973,D,S,T,2024-09-12,1000000.00,4.046599,101.0625
08:00:30,912810UD8,TSRYS5870973,D,S,T,2024-09-12,1000000.00,4.053455,100.96875
08:00:30,912810UD8,TSRYS5870973,D,S,T,2024-09-12,1000000.00,4.053455,100.96875
08:00:30,912810UD8,TSRYS5870973,D,S,T,2024-09-12,1000000.00,4.053455,100.96875
08:00:30,912810UD8,TSRYS5870973,D,S,T,2024-09-12,1000000.00,4.054599,100.953125
08:00:30,912810UD8,TSRYS5870973,D,S,T,2024-09-12,1000000.00,4.054599,100.953125
08:00:30,912810UD8,TSRYS5870973,D,S,T,2024-09-12,1000000.00,4.055743,100.9375
08:00:30,912810UD8,TSRYS5870973,D,S,T,2024-09-12,1000000.00,4.055743,100.9375
08:00:30,912810UD8,TSRYS5870973,D,S,T,2024-09-12,1000000.00,4.055743,100.9375
08:00:30,912810UD8,TSRYS5870973,D,S,T,2024-09-12,1000000.00,4.055743,100.9375
08:00:30,912810UD8,TSRYS5870973,D,S,T,2024-09-12,1000000.00,4.055743,100.9375
08:00:30,912810UD8,TSRYS5870973,D,S,T,2024-09-12,1000000.00,4.054599,100.953125
08:00:31,912810UD8,TSRYS5870973,D,S,T,2024-09-12,1000000.00,4.054599,100.953125
08:00:31,912810UD8,TSRYS5870973,D,S,T,2024-09-12,2000000.00,4.058031,100.90625
08:00:31,912810UD8,TSRYS5870973,D,S,T,2024-09-12,1000000.00,4.058031,100.90625
08:00:31,912810UD8,TSRYS5870973,D,S,T,2024-09-12,1000000.00,4.05889,100.89453125
08:00:31,912810UD8,TSRYS5870973,D,S,T,2024-09-12,1000000.00,4.056887,100.921875
08:00:31,912810UD8,TSRYS5870973,D,S,T,2024-09-12,1000000.00,4.058174,100.904296875
08:00:31,912810UD8,TSRYS5870973,D,S,T,2024-09-12,1000000.00,4.062181,100.849609375
08:00:31,912810UD8,TSRYS5870973,D,S,T,2024-09-12,1000000.00,4.062181,100.849609375
08:00:31,912810UD8,TSRYS5870973,D,S,T,2024-09-12,1000000.00,4.062181,100.849609375
08:00:31,912810UD8,TSRYS5870973,D,S,T,2024-09-12,1000000.00,4.062181,100.849609375
08:00:31,912810UD8,TSRYS5870973,D,S,T,2024-09-12,1000000.00,4.062181,100.849609375
08:00:31,912810UD8,TSRYS5870973,D,S,T,2024-09-12,1000000.00,4.062181,100.849609375
08:00:31,912810UD8,TSRYS5870973,D,S,T,2024-09-12,1000000.00,4.064043,100.82421875
08:00:31,912810UD8,TSRYS5870973,D,S,T,2024-09-12,1000000.00,4.064043,100.82421875
08:00:31,912810UD8,TSRYS5870973,D,S,T,2024-09-12,1000000.00,4.064043,100.82421875
08:00:31,912810UD8,TSRYS5870973,D,S,T,2024-09-12,2000000.00,4.062611,100.84375
08:00:31,912810UD8,TSRYS5870973,D,S,T,2024-09-12,1000000.00,4.062611,100.84375
08:00:31,912810UD8,TSRYS5870973,D,S,T,2024-09-12,1000000.00,4.059176,100.890625
08:00:31,912810UD8,TSRYS5870973,D,S,D,2024-09-12,1000000.00,4.062038,100.8515625
08:00:31,912810UD8,TSRYS5870973,D,S,T,2024-09-12,1000000.00,4.062611,100.84375
08:00:31,912810UD8,TSRYS5870973,D,S,T,2024-09-12,1000000.00,4.062611,100.84375
08:00:31,912810UD8,TSRYS5870973,D,S,T,2024-09-12,1000000.00,4.057745,100.91015625
08:00:31,912810UD8,TSRYS5870973,D,S,T,2024-09-12,1000000.00,4.059176,100.890625
08:00:31,912810UD8,TSRYS5870973,D,S,T,2024-09-12,1000000.00,4.059176,100.890625
08:00:31,912810UD8,TSRYS5870973,D,S,T,2024-09-12,1000000.00,4.060321,100.875
08:00:31,912810UD8,TSRYS5870973,D,S,T,2024-09-12,1000000.00,4.060321,100.875
08:00:31,912810UD8,TSRYS5870973,D,S,T,2024-09-12,1000000.00,4.060321,100.875
08:00:31,912810UD8,TSRYS5870973,D,S,T,2024-09-12,1000000.00,4.060607,100.87109375
08:00:31,912810UD8,TSRYS5870973,D,S,T,2024-09-12,1000000.00,4.060607,100.87109375
08:00:31,912810UD8,TSRYS5870973,D,S,D,2024-09-12,1000000.00,4.066048,100.796875
08:00:31,912810UD8,TSRYS5870973,D,S,T,2024-09-12,1000000.00,4.062468,100.845703125
08:00:31,912810UD8,TSRYS5870973,D,S,T,2024-09-12,1000000.00,4.062468,100.845703125
08:00:31,912810UD8,TSRYS5870973,D,S,T,2024-09-12,1000000.00,4.064472,100.818359375
08:00:31,912810UD8,TSRYS5870973,D,S,T,2024-09-12,1000000.00,4.066048,100.796875
08:00:31,912810UD8,TSRYS5870973,D,S,T,2024-09-12,1000000.00,4.064472,100.818359375
08:00:31,912810UD8,TSRYS5870973,D,S,T,2024-09-12,1000000.00,4.064472,100.818359375
08:00:31,912810UD8,TSRYS5870973,D,S,T,2024-09-12,1000000.00,4.064472,100.818359375
08:00:31,912810UD8,TSRYS5870973,D,S,T,2024-09-12,1000000.00,4.063756,100.828125
08:00:31,912810UD8,TSRYS5870973,D,S,T,2024-09-12,1000000.00,4.063756,100.828125
08:00:31,912810UD8,TSRYS5870973,D,S,T,2024-09-12,1000000.00,4.063756,100.828125
08:00:31,912810UD8,TSRYS5870973,D,S,T,2024-09-12,1000000.00,4.066764,100.787109375
08:00:31,912810UD8,TSRYS5870973,D,S,T,2024-09-12,1000000.00,4.058031,100.90625
08:00:31,912810UD8,TSRYS5870973,D,S,T,2024-09-12,1000000.00,4.058031,100.90625
08:00:31,912810UD8,TSRYS5870973,D,S,T,2024-09-12,1000000.00,4.058031,100.90625
08:00:31,912810UD8,TSRYS5870973,D,S,T,2024-09-12,2000000.00,4.058031,100.90625
08:00:31,912810UD8,TSRYS5870973,D,S,T,2024-09-12,2000000.00,4.058031,100.90625
08:00:31,912810UD8,TSRYS5870973,D,S,T,2024-09-12,1000000.00,4.056887,100.921875
08:00:31,912810UD8,TSRYS5870973,D,S,T,2024-09-12,1000000.00,4.052312,100.984375
08:00:32,912810UD8,TSRYS5870973,D,S,T,2024-09-12,1000000.00,4.054599,100.953125
08:00:32,912810UD8,TSRYS5870973,D,S,T,2024-09-12,1000000.00,4.058031,100.90625
08:00:32,912810UD8,TSRYS5870973,D,S,T,2024-09-12,1000000.00,4.058031,100.90625
08:00:32,912810UD8,TSRYS5870973,D,S,T,2024-09-12,1000000.00,4.058031,100.90625
08:00:32,912810UD8,TSRYS5870973,D,S,T,2024-09-12,1000000.00,4.058031,100.90625
08:00:32,912810UD8,TSRYS5870973,D,S,T,2024-09-12,1000000.00,4.058031,100.90625
08:00:32,912810UD8,TSRYS5870973,D,S,T,2024-09-12,1000000.00,4.058031,100.90625
08:00:32,912810UD8,TSRYS5870973,D,S,D,2024-09-12,1000000.00,4.052312,100.984375
08:00:32,912810UD8,TSRYS5870973,D,S,D,2024-09-12,1000000.00,4.052312,100.984375
08:00:32,912810UD8,TSRYS5870973,D,S,D,2024-09-12,1000000.00,4.050026,101.015625
08:00:32,912810UD8,TSRYS5870973,D,S,D,2024-09-12,1000000.00,4.053741,100.96484375
08:00:32,912810UD8,TSRYS5870973,D,S,D,2024-09-12,1000000.00,4.053741,100.96484375
08:00:32,912810UD8,TSRYS5870973,D,S,D,2024-09-12,1000000.00,4.053741,100.96484375
08:00:32,912810UD8,TSRYS5870973,D,S,D,2024-09-12,1000000.00,4.062324,100.84765625
08:00:32,912810UD8,TSRYS5870973,D,S,D,2024-09-12,1000000.00,4.062611,100.84375
08:00:32,912810UD8,TSRYS5870973,D,S,D,2024-09-12,1000000.00,4.064615,100.81640625
08:00:32,912810UD8,TSRYS5870973,D,S,D,2024-09-12,1000000.00,4.063756,100.828125
08:00:32,912810UD8,TSRYS5870973,D,S,D,2024-09-12,1000000.00,4.066334,100.79296875
08:00:32,912810UD8,TSRYS5870973,D,S,D,2024-09-12,1000000.00,4.058031,100.90625
08:00:32,912810UD8,TSRYS5870973,D,S,D,2024-09-12,1000000.00,4.058031,100.90625
08:00:32,912810UD8,TSRYS5870973,D,S,D,2024-09-12,1000000.00,4.055743,100.9375
08:00:32,912810UD8,TSRYS5870973,D,S,D,2024-09-12,1000000.00,4.055743,100.9375
08:00:32,912810UD8,TSRYS5870973,D,S,D,2024-09-12,1000000.00,4.050026,101.015625
08:00:32,912810UD8,TSRYS5870973,D,S,D,2024-09-12,1000000.00,4.050026,101.015625
08:00:32,912810UD8,TSRYS5870973,D,S,D,2024-09-12,1000000.00,4.050026,101.015625
08:00:32,912810UD8,TSRYS5870973,D,S,D,2024-09-12,1000000.00,4.050026,101.015625
08:00:32,912810UD8,TSRYS5870973,D,S,D,2024-09-12,1000000.00,4.050026,101.015625
08:00:32,912810UD8,TSRYS5870973,D,S,D,2024-09-12,1000000.00,4.050169,101.013671875
08:00:32,912810UD8,TSRYS5870973,D,S,D,2024-09-12,1000000.00,4.050169,101.013671875
08:00:32,912810UD8,TSRYS5870973,D,S,D,2024-09-12,1000000.00,4.050026,101.015625
08:00:32,912810UD8,TSRYS5870973,D,S,D,2024-09-12,1000000.00,4.047312,101.052734375
08:00:32,912810UD8,TSRYS5870973,D,S,D,2024-09-12,1000000.00,4.053884,100.962890625
08:00:32,912810UD8,TSRYS5870973,D,S,D,2024-09-12,1000000.00,4.053741,100.96484375
08:00:32,912810UD8,TSRYS5870973,D,S,D,2024-09-12,1000000.00,4.053741,100.96484375
08:00:32,912810UD8,TSRYS5870973,D,S,D,2024-09-12,1000000.00,4.053598,100.966796875
08:00:32,912810UD8,TSRYS5870973,D,S,D,2024-09-12,1000000.00,4.053598,100.966796875
08:00:32,912810UD8,TSRYS5870973,D,S,D,2024-09-12,1000000.00,4.053598,100.966796875
08:00:32,912810UD8,TSRYS5870973,D,S,D,2024-09-12,1000000.00,4.053598,100.966796875
08:00:32,912810UD8,TSRYS5870973,D,S,D,2024-09-12,1000000.00,4.053598,100.966796875
08:00:32,912810UD8,TSRYS5870973,D,S,D,2024-09-12,1000000.00,4.053741,100.96484375
08:00:32,912810UD8,TSRYS5870973,D,S,D,2024-09-12,1000000.00,4.053598,100.966796875
08:00:32,912810UD8,TSRYS5870973,D,S,D,2024-09-12,1000000.00,4.053884,100.962890625
08:00:32,912810UD8,TSRYS5870973,D,S,D,2024-09-12,1000000.00,4.053884,100.962890625
08:00:32,912810UD8,TSRYS5870973,D,S,D,2024-09-12,1000000.00,4.053884,100.962890625
08:00:32,912810UD8,TSRYS5870973,D,S,D,2024-09-12,1000000.00,4.053884,100.962890625
08:00:32,912810UD8,TSRYS5870973,D,S,D,2024-09-12,1000000.00,4.053741,100.96484375
08:00:32,912810UD8,TSRYS5870973,D,S,D,2024-09-12,1000000.00,4.053741,100.96484375
08:00:32,912810UD8,TSRYS5870973,D,S,D,2024-09-12,1000000.00,4.053741,100.96484375
08:00:32,912810UD8,TSRYS5870973,D,S,D,2024-09-12,1000000.00,4.053598,100.966796875
08:00:32,912810UD8,TSRYS5870973,D,S,D,2024-09-12,1000000.00,4.053884,100.962890625
08:00:32,912810UD8,TSRYS5870973,D,S,D,2024-09-12,1000000.00,4.054027,100.9609375
08:00:32,912810UD8,TSRYS5870973,D,S,D,2024-09-12,1000000.00,4.055743,100.9375
08:00:32,912810UD8,TSRYS5870973,D,S,D,2024-09-12,1000000.00,4.062181,100.849609375
08:00:32,912810UD8,TSRYS5870973,D,S,D,2024-09-12,1000000.00,4.061466,100.859375
08:00:32,912810UD8,TSRYS5870973,D,S,D,2024-09-12,1000000.00,4.061895,100.853515625
08:00:32,912810UD8,TSRYS5870973,D,S,D,2024-09-12,1000000.00,4.062324,100.84765625
08:00:32,912810UD8,TSRYS5870973,D,S,D,2024-09-12,1000000.00,4.062468,100.845703125
08:00:32,912810UD8,TSRYS5870973,D,S,D,2024-09-12,1000000.00,4.062038,100.8515625
08:00:32,912810UD8,TSRYS5870973,D,S,D,2024-09-12,1000000.00,4.062181,100.849609375
08:00:32,912810UD8,TSRYS5870973,D,S,D,2024-09-12,1000000.00,4.061752,100.85546875
08:00:32,912810UD8,TSRYS5870973,D,S,D,2024-09-12,1000000.00,4.062181,100.849609375
08:00:32,912810UD8,TSRYS5870973,D,S,D,2024-09-12,1000000.00,4.062468,100.845703125
08:00:32,912810UD8,TSRYS5870973,D,S,D,2024-09-12,1000000.00,4.062324,100.84765625
08:00:32,912810UD8,TSRYS5870973,D,S,D,2024-09-12,1000000.00,4.062611,100.84375
08:00:32,912810UD8,TSRYS5870973,D,S,D,2024-09-12,1000000.00,4.062611,100.84375
08:00:32,912810UD8,TSRYS5870973,D,S,D,2024-09-12,1000000.00,4.06347,100.83203125
08:00:32,912810UD8,TSRYS5870973,D,S,D,2024-09-12,1000000.00,4.06347,100.83203125
08:00:32,912810UD8,TSRYS5870973,D,S,D,2024-09-12,1000000.00,4.06304,100.837890625
08:00:32,912810UD8,TSRYS5870973,D,S,D,2024-09-12,1000000.00,4.06304,100.837890625
08:00:32,912810UD8,TSRYS5870973,D,S,D,2024-09-12,1000000.00,4.06347,100.83203125
08:00:32,912810UD8,TSRYS5870973,D,S,D,2024-09-12,2000000.00,4.063756,100.828125
08:00:32,912810UD8,TSRYS5870973,D,S,D,2024-09-12,1000000.00,4.063613,100.830078125
08:00:32,912810UD8,TSRYS5870973,D,S,D,2024-09-12,1000000.00,4.06347,100.83203125
08:00:32,912810UD8,TSRYS5870973,D,S,D,2024-09-12,1000000.00,4.062324,100.84765625
08:00:32,912810UD8,TSRYS5870973,D,S,D,2024-09-12,1000000.00,4.066907,100.78515625
08:00:32,912810UD8,TSRYS5870973,D,S,D,2024-09-12,1000000.00,4.066764,100.787109375
08:00:32,912810UD8,TSRYS5870973,D,S,D,2024-09-12,1000000.00,4.066764,100.787109375
08:00:32,912810UD8,TSRYS5870973,D,S,D,2024-09-12,1000000.00,4.064043,100.82421875
08:00:32,912810UD8,TSRYS5870973,D,S,D,2024-09-12,1000000.00,4.064043,100.82421875
08:00:32,912810UD8,TSRYS5870973,D,S,D,2024-09-12,1000000.00,4.064043,100.82421875
08:00:32,912810UD8,TSRYS5870973,D,S,D,2024-09-12,1000000.00,4.064329,100.8203125
08:00:32,912810UD8,TSRYS5870973,D,S,D,2024-09-12,1000000.00,4.059605,100.884765625
08:00:32,912810UD8,TSRYS5870973,D,S,D,2024-09-12,1000000.00,4.059605,100.884765625
08:00:32,912810UD8,TSRYS5870973,D,S,D,2024-09-12,1000000.00,4.055314,100.943359375
08:00:32,912810UD8,TSRYS5870973,D,S,D,2024-09-12,1000000.00,4.0556,100.939453125
08:00:32,912810UD8,TSRYS5870973,D,S,D,2024-09-12,1000000.00,4.0556,100.939453125
08:00:32,912810UD8,TSRYS5870973,D,S,D,2024-09-12,1000000.00,4.0556,100.939453125
08:00:32,912810UD8,TSRYS5870973,D,S,D,2024-09-12,1000000.00,4.0556,100.939453125
08:00:32,912810UD8,TSRYS5870973,D,S,D,2024-09-12,1000000.00,4.0556,100.939453125
08:00:32,912810UD8,TSRYS5870973,D,S,D,2024-09-12,1000000.00,4.0556,100.939453125
08:00:32,912810UD8,TSRYS5870973,D,S,D,2024-09-12,1000000.00,4.0556,100.939453125
08:00:32,912810UD8,TSRYS5870973,D,S,D,2024-09-12,1000000.00,4.0556,100.939453125
08:00:32,912810UD8,TSRYS5870973,D,S,D,2024-09-12,1000000.00,4.056029,100.93359375
08:00:32,912810UD8,TSRYS5870973,D,S,D,2024-09-12,1000000.00,4.055743,100.9375
08:00:32,912810UD8,TSRYS5870973,D,S,D,2024-09-12,1000000.00,4.055886,100.935546875
08:00:32,912810UD8,TSRYS5870973,D,S,D,2024-09-12,1000000.00,4.055743,100.9375
08:00:32,912810UD8,TSRYS5870973,D,S,T,2024-09-12,1000000.00,4.050026,101.015625
08:00:32,912810UD8,TSRYS5870973,D,S,T,2024-09-12,1000000.00,4.050026,101.015625
08:00:32,912810UD8,TSRYS5870973,D,S,T,2024-09-12,1000000.00,4.050026,101.015625
08:00:32,912810UD8,TSRYS5870973,D,S,T,2024-09-12,1000000.00,4.050026,101.015625
08:00:32,912810UD8,TSRYS5870973,D,S,T,2024-09-12,1000000.00,4.050026,101.015625
08:00:32,912810UD8,TSRYS5870973,D,B,C,2024-09-12,20000000.00,4.059748,100.8828125
08:00:32,912810UD8,TSRYS5870973,D,S,T,2024-09-12,1000000.00,4.052169,100.986328125
08:00:32,912810UD8,TSRYS5870973,D,S,T,2024-09-12,1000000.00,4.050312,101.01171875
08:00:32,912810UD8,TSRYS5870973,D,S,T,2024-09-12,1000000.00,4.050169,101.013671875
08:00:32,912810UD8,TSRYS5870973,D,S,T,2024-09-12,1000000.00,4.054027,100.9609375
08:00:32,912810UD8,TSRYS5870973,D,S,T,2024-09-12,1000000.00,4.053741,100.96484375
08:00:32,912810UD8,TSRYS5870973,D,S,T,2024-09-12,1000000.00,4.053598,100.966796875
08:00:32,912810UD8,TSRYS5870973,D,S,T,2024-09-12,1000000.00,4.053741,100.96484375
08:00:32,912810UD8,TSRYS5870973,D,S,T,2024-09-12,1000000.00,4.053741,100.96484375
08:00:32,912810UD8,TSRYS5870973,D,S,T,2024-09-12,1000000.00,4.053741,100.96484375
08:00:32,912810UD8,TSRYS5870973,D,S,T,2024-09-12,1000000.00,4.053598,100.966796875
08:00:32,912810UD8,TSRYS5870973,D,S,T,2024-09-12,1000000.00,4.053741,100.96484375
08:00:32,912810UD8,TSRYS5870973,D,S,T,2024-09-12,1000000.00,4.056315,100.9296875
08:00:32,912810UD8,TSRYS5870973,D,S,T,2024-09-12,1000000.00,4.058031,100.90625
08:00:32,912810UD8,TSRYS5870973,D,S,T,2024-09-12,1000000.00,4.061895,100.853515625
08:00:32,912810UD8,TSRYS5870973,D,S,T,2024-09-12,1000000.00,4.061895,100.853515625
08:00:32,912810UD8,TSRYS5870973,D,S,T,2024-09-12,1000000.00,4.062038,100.8515625
08:00:32,912810UD8,TSRYS5870973,D,S,T,2024-09-12,1000000.00,4.062324,100.84765625
08:00:32,912810UD8,TSRYS5870973,D,S,T,2024-09-12,1000000.00,4.063613,100.830078125
08:00:33,912810UD8,TSRYS5870973,D,B,A,2024-09-12,2200000.00,4.063183,100.8359375
08:00:33,912810UD8,TSRYS5870973,D,S,T,2024-09-12,1000000.00,4.066764,100.787109375
08:00:33,912810UD8,TSRYS5870973,D,S,T,2024-09-12,1000000.00,4.066764,100.787109375
08:00:33,912810UD8,TSRYS5870973,D,S,T,2024-09-12,1000000.00,4.066191,100.794921875
08:00:33,912810UD8,TSRYS5870973,D,S,D,2024-09-12,1000000.00,4.064186,100.822265625
08:00:33,912810UD8,TSRYS5870973,D,S,T,2024-09-12,1000000.00,4.059605,100.884765625
08:00:33,912810UD8,TSRYS5870973,D,S,T,2024-09-12,1000000.00,4.058174,100.904296875
08:00:33,912810UD8,TSRYS5870973,D,S,T,2024-09-12,1000000.00,4.058031,100.90625
08:00:33,912810UD8,TSRYS5870973,D,S,T,2024-09-12,1000000.00,4.052169,100.986328125
08:00:33,912810UD8,TSRYS5870973,D,S,T,2024-09-12,1000000.00,4.056887,100.921875
08:00:33,912810UD8,TSRYS5870973,D,S,T,2024-09-12,1000000.00,4.055886,100.935546875
08:00:33,912810UD8,TSRYS5870973,D,S,T,2024-09-12,1000000.00,4.055886,100.935546875
08:00:35,912810UD8,TSRYS5870973,D,S,D,2024-09-12,1000000.00,4.058031,100.90625
08:00:35,912810UD8,TSRYS5870973,D,S,C,2024-09-12,1700000.00,4.049181,101.02734375
08:00:35,912810UD8,TSRYS5870973,D,S,C,2024-09-12,170000.00,4.046028,101.0703125
08:00:35,912810UD8,TSRYS5870973,D,S,C,2024-09-12,425000.00,4.048026,101.04296875
08:00:35,912810UD8,TSRYS5870973,D,S,C,2024-09-12,426000.00,4.04717,101.0546875
08:00:35,912810UD8,TSRYS5870973,D,S,C,2024-09-12,1500000.00,4.050026,101.015625
08:00:35,912810UD8,TSRYS5870973,D,B,C,2024-09-12,6000000.00,4.051169,101.0
08:00:35,912810UD8,TSRYS5870973,D,B,C,2024-09-12,6000000.00,4.051169,101.0
08:00:35,912810UD8,TSRYS5870973,D,S,C,2024-09-12,150000.00,4.050312,101.01171875
08:00:35,912810UD8,TSRYS5870973,D,B,C,2024-09-12,6000000.00,4.049455,101.0234375
08:00:35,912810UD8,TSRYS5870973,D,B,C,2024-09-12,6000000.00,4.050883,101.00390625
08:00:35,912810UD8,TSRYS5870973,D,S,T,2024-09-12,2000000.00,4.056887,100.921875
08:00:35,912810UD8,TSRYS5870973,D,S,T,2024-09-12,1000000.00,4.056601,100.92578125
08:00:35,912810UD8,TSRYS5870973,D,S,T,2024-09-12,1000000.00,4.058174,100.904296875
08:00:35,912810UD8,TSRYS5870973,D,S,A,2024-09-12,150000.00,4.061752,100.85546875
08:00:35,912810UD8,TSRYS5870973,D,S,D,2024-09-12,50MM+,4.062132,100.85028
08:00:35,912810UD8,TSRYS5870973,D,S,A,2024-09-12,500000.00,4.057459,100.9140625
08:00:35,912810UD8,TSRYS5870973,D,S,A,2024-09-12,200000.00,4.062324,100.84765625
08:00:36,912810UD8,TSRYS5870973,D,S,A,2024-09-12,20000000.00,4.063756,100.828125
08:00:36,912810UD8,TSRYS5870973,D,B,C,2024-09-12,18500000.00,4.05317,100.97265625
08:00:36,912810UD8,TSRYS5870973,D,S,T,2024-09-12,1000000.00,4.053741,100.96484375
08:00:36,912810UD8,TSRYS5870973,D,S,T,2024-09-12,1000000.00,4.056315,100.9296875
08:00:36,912810UD8,TSRYS5870973,D,S,T,2024-09-12,1000000.00,4.056887,100.921875
08:00:36,912810UD8,TSRYS5870973,D,S,T,2024-09-12,1000000.00,4.056887,100.921875
08:00:36,912810UD8,TSRYS5870973,D,S,T,2024-09-12,1000000.00,4.056887,100.921875
08:00:36,912810UD8,TSRYS5870973,D,S,T,2024-09-12,1000000.00,4.056887,100.921875
08:00:36,912810UD8,TSRYS5870973,D,S,T,2024-09-12,1000000.00,4.056887,100.921875
08:00:36,912810UD8,TSRYS5870973,D,S,T,2024-09-12,1000000.00,4.056887,100.921875
08:00:36,912810UD8,TSRYS5870973,D,S,T,2024-09-12,1000000.00,4.056887,100.921875
08:00:36,912810UD8,TSRYS5870973,D,S,T,2024-09-12,1000000.00,4.056887,100.921875
08:00:36,912810UD8,TSRYS5870973,D,S,T,2024-09-12,1000000.00,4.056887,100.921875
08:00:36,912810UD8,TSRYS5870973,D,S,T,2024-09-12,1000000.00,4.056887,100.921875
08:00:36,912810UD8,TSRYS5870973,D,S,T,2024-09-12,1000000.00,4.056887,100.921875
08:00:36,912810UD8,TSRYS5870973,D,B,C,2024-09-12,4200000.00,4.055171,100.9453125
08:00:36,912810UD8,TSRYS5870973,D,S,T,2024-09-12,1000000.00,4.047741,101.046875
08:00:36,912810UD8,TSRYS5870973,D,S,T,2024-09-12,1000000.00,4.047741,101.046875
08:00:36,912810UD8,TSRYS5870973,D,S,T,2024-09-12,1000000.00,4.047741,101.046875
08:00:36,912810UD8,TSRYS5870973,D,S,D,2024-09-12,1000000.00,4.058031,100.90625
08:00:36,912810UD8,TSRYS5870973,D,S,D,2024-09-12,1000000.00,4.058031,100.90625
08:00:36,912810UD8,TSRYS5870973,D,S,D,2024-09-12,1000000.00,4.058031,100.90625
08:00:36,912810UD8,TSRYS5870973,D,S,T,2024-09-12,1000000.00,4.056601,100.92578125
08:00:36,912810UD8,TSRYS5870973,D,S,T,2024-09-12,1000000.00,4.060607,100.87109375
08:00:36,912810UD8,TSRYS5870973,D,S,T,2024-09-12,2000000.00,4.058031,100.90625
08:00:37,912810UD8,TSRYS5870973,D,B,A,2024-09-12,1500000.00,4.050026,101.015625
08:00:37,912810UD8,TSRYS5870973,D,S,A,2024-09-12,962000.00,4.056887,100.921875
08:00:38,912810UD8,TSRYS5870973,D,B,A,2024-09-12,2130000.00,4.059176,100.890625
08:00:39,912810UD8,TSRYS5870973,D,S,A,2024-09-12,50000000.00,4.059714,100.8828125
08:00:43,912810UD8,TSRYS5870973,D,B,C,2024-09-12,6000000.00,4.063183,100.8359375
08:00:43,912810UD8,TSRYS5870973,D,S,D,2024-09-12,420000.00,4.060321,100.875
08:00:46,912810UD8,TSRYS5870973,D,S,D,2024-09-12,1000000.00,4.058031,100.90625
08:00:46,912810UD8,TSRYS5870973,D,S,D,2024-09-12,1000000.00,4.058031,100.90625
08:00:46,912810UD8,TSRYS5870973,D,S,D,2024-09-12,1000000.00,4.058031,100.90625
08:00:46,912810UD8,TSRYS5870973,D,S,D,2024-09-12,1000000.00,4.058031,100.90625
08:00:46,912810UD8,TSRYS5870973,D,S,D,2024-09-12,1000000.00,4.058031,100.90625
08:00:46,912810UD8,TSRYS5870973,D,S,D,2024-09-12,1000000.00,4.057459,100.9140625
08:00:46,912810UD8,TSRYS5870973,D,S,D,2024-09-12,1000000.00,4.057459,100.9140625
08:00:46,912810UD8,TSRYS5870973,D,S,D,2024-09-12,1000000.00,4.056029,100.93359375
08:00:46,912810UD8,TSRYS5870973,D,S,D,2024-09-12,1000000.00,4.056029,100.93359375
08:00:48,912810UD8,TSRYS5870973,D,S,A,2024-09-12,396000.00,4.061466,100.859375
08:00:53,912810UD8,TSRYS5870973,D,S,T,2024-09-12,1000000.00,4.059605,100.884765625
08:00:53,912810UD8,TSRYS5870973,D,B,C,2024-09-12,10000000.00,4.060321,100.875
08:00:53,912810UD8,TSRYS5870973,D,S,D,2024-09-12,1000000.00,4.058031,100.90625
08:00:53,912810UD8,TSRYS5870973,D,S,D,2024-09-12,1000000.00,4.058031,100.90625
08:00:53,912810UD8,TSRYS5870973,D,S,D,2024-09-12,1000000.00,4.058031,100.90625
08:00:53,912810UD8,TSRYS5870973,D,S,D,2024-09-12,1000000.00,4.058031,100.90625
08:00:53,912810UD8,TSRYS5870973,D,S,D,2024-09-12,1000000.00,4.058031,100.90625
08:00:53,912810UD8,TSRYS5870973,D,S,T,2024-09-12,1000000.00,4.058039,100.90615
08:00:53,912810UD8,TSRYS5870973,D,S,T,2024-09-12,2000000.00,4.058039,100.90615
08:00:53,912810UD8,TSRYS5870973,D,S,D,2024-09-12,1000000.00,4.057459,100.9140625
08:00:53,912810UD8,TSRYS5870973,D,S,D,2024-09-12,1000000.00,4.057459,100.9140625
08:00:53,912810UD8,TSRYS5870973,D,S,T,2024-09-12,1000000.00,4.058182,100.904196875
08:00:57,912810UD8,TSRYS5870973,D,S,D,2024-09-12,1000000.00,4.066048,100.796875
08:00:57,912810UD8,TSRYS5870973,D,S,D,2024-09-12,1000000.00,4.066048,100.796875
08:00:57,912810UD8,TSRYS5870973,D,S,A,2024-09-12,567000.00,4.066048,100.796875
08:00:57,912810UD8,TSRYS5870973,D,S,A,2024-09-12,42000.00,4.066048,100.796875
08:00:57,912810UD8,TSRYS5870973,D,S,A,2024-09-12,513000.00,4.063756,100.828125
08:00:59,912810UD8,TSRYS5870973,D,S,A,2024-09-12,323000.00,4.062038,100.851562
08:01:00,912810UD8,TSRYS5870973,D,S,A,2024-09-12,2000000.00,4.066048,100.796875
08:01:01,912810UD8,TSRYS5870973,D,S,C,2024-09-12,3000.00,4.054379,100.956125
08:01:02,912810UD8,TSRYS5870973,D,B,C,2024-09-12,7000000.00,4.062897,100.83984375
08:01:03,912810UD8,TSRYS5870973,D,S,T,2024-09-12,1000000.00,4.056896,100.921745
08:01:03,912810UD8,TSRYS5870973,D,S,A,2024-09-12,996000.00,4.059748,100.8828125
08:01:03,912810UD8,TSRYS5870973,D,S,D,2024-09-12,135000.00,4.064329,100.8203125
08:01:03,912810UD8,TSRYS5870973,D,S,T,2024-09-12,1000000.00,4.066048,100.796875
08:01:03,912810UD8,TSRYS5870973,D,S,T,2024-09-12,1000000.00,4.066048,100.796875
08:01:08,912810UD8,TSRYS5870973,D,S,D,2024-09-12,1000000.00,4.050312,101.01171875
08:01:08,912810UD8,TSRYS5870973,D,S,D,2024-09-12,1000000.00,4.050597,101.0078125
08:01:08,912810UD8,TSRYS5870973,D,S,C,2024-09-12,1000000.00,4.050883,101.00390625
08:01:08,912810UD8,TSRYS5870973,D,S,C,2024-09-12,1000000.00,4.050597,101.0078125
08:01:08,912810UD8,TSRYS5870973,D,S,D,2024-09-12,1000000.00,4.050312,101.01171875
08:01:08,912810UD8,TSRYS5870973,D,B,C,2024-09-12,1000000.00,4.050026,101.015625
08:01:08,912810UD8,TSRYS5870973,D,S,C,2024-09-12,1000000.00,4.049455,101.0234375
08:01:08,912810UD8,TSRYS5870973,D,S,D,2024-09-12,1000000.00,4.050026,101.015625
08:01:08,912810UD8,TSRYS5870973,D,S,C,2024-09-12,1000000.00,4.050597,101.0078125
08:01:08,912810UD8,TSRYS5870973,D,S,C,2024-09-12,1000000.00,4.049169,101.02734375
08:01:08,912810UD8,TSRYS5870973,D,S,D,2024-09-12,1000000.00,4.047741,101.046875
08:01:08,912810UD8,TSRYS5870973,D,S,D,2024-09-12,1000000.00,4.048026,101.04296875
08:01:08,912810UD8,TSRYS5870973,D,S,D,2024-09-12,2000000.00,4.046599,101.0625
08:01:08,912810UD8,TSRYS5870973,D,S,C,2024-09-12,1000000.00,4.049455,101.0234375
08:01:08,912810UD8,TSRYS5870973,D,S,D,2024-09-12,2000000.00,4.047741,101.046875
08:01:08,912810UD8,TSRYS5870973,D,S,D,2024-09-12,1000000.00,4.046599,101.0625
08:01:08,912810UD8,TSRYS5870973,D,S,C,2024-09-12,1000000.00,4.047741,101.046875
08:01:08,912810UD8,TSRYS5870973,D,S,D,2024-09-12,1000000.00,4.047741,101.046875
08:01:08,912810UD8,TSRYS5870973,D,S,D,2024-09-12,1000000.00,4.052598,100.98046875
08:01:08,912810UD8,TSRYS5870973,D,S,D,2024-09-12,1000000.00,4.047741,101.046875
08:01:08,912810UD8,TSRYS5870973,D,S,D,2024-09-12,1000000.00,4.047741,101.046875
08:01:08,912810UD8,TSRYS5870973,D,S,D,2024-09-12,1000000.00,4.047741,101.046875
08:01:08,912810UD8,TSRYS5870973,D,S,C,2024-09-12,1000000.00,4.054027,100.9609375
08:01:08,912810UD8,TSRYS5870973,D,B,C,2024-09-12,1000000.00,4.062324,100.84765625
08:01:08,912810UD8,TSRYS5870973,D,S,D,2024-09-12,1000000.00,4.047741,101.046875
08:01:08,912810UD8,TSRYS5870973,D,S,D,2024-09-12,1000000.00,4.047741,101.046875
08:01:08,912810UD8,TSRYS5870973,D,S,C,2024-09-12,1000000.00,4.062324,100.84765625
08:01:08,912810UD8,TSRYS5870973,D,S,C,2024-09-12,1000000.00,4.062897,100.83984375
08:01:08,912810UD8,TSRYS5870973,D,B,C,2024-09-12,1000000.00,4.061179,100.86328125
08:01:08,912810UD8,TSRYS5870973,D,B,C,2024-09-12,1000000.00,4.061179,100.86328125
08:01:08,912810UD8,TSRYS5870973,D,S,C,2024-09-12,1000000.00,4.061179,100.86328125
08:01:08,912810UD8,TSRYS5870973,D,S,C,2024-09-12,1000000.00,4.064329,100.8203125
08:01:08,912810UD8,TSRYS5870973,D,S,C,2024-09-12,1000000.00,4.061179,100.86328125
08:01:08,912810UD8,TSRYS5870973,D,S,C,2024-09-12,1000000.00,4.060034,100.87890625
08:01:08,912810UD8,TSRYS5870973,D,S,D,2024-09-12,1000000.00,4.062324,100.84765625
08:01:08,912810UD8,TSRYS5870973,D,B,C,2024-09-12,1000000.00,4.060034,100.87890625
08:01:08,912810UD8,TSRYS5870973,D,S,C,2024-09-12,1000000.00,4.062897,100.83984375
08:01:08,912810UD8,TSRYS5870973,D,S,C,2024-09-12,1000000.00,4.062038,100.8515625
08:01:09,912810UD8,TSRYS5870973,D,B,C,2024-09-12,1000000.00,4.065188,100.80859375
08:01:09,912810UD8,TSRYS5870973,D,B,C,2024-09-12,1000000.00,4.064043,100.82421875
08:01:09,912810UD8,TSRYS5870973,D,S,D,2024-09-12,1000000.00,4.066048,100.796875
08:01:09,912810UD8,TSRYS5870973,D,B,C,2024-09-12,1000000.00,4.062897,100.83984375
08:01:09,912810UD8,TSRYS5870973,D,B,C,2024-09-12,1000000.00,4.062038,100.8515625
08:01:09,912810UD8,TSRYS5870973,D,B,C,2024-09-12,1000000.00,4.064329,100.8203125
08:01:09,912810UD8,TSRYS5870973,D,S,D,2024-09-12,1000000.00,4.064329,100.8203125
08:01:09,912810UD8,TSRYS5870973,D,B,C,2024-09-12,1000000.00,4.062324,100.84765625
08:01:09,912810UD8,TSRYS5870973,D,S,C,2024-09-12,1000000.00,4.065188,100.80859375
08:01:09,912810UD8,TSRYS5870973,D,B,C,2024-09-12,1000000.00,4.064043,100.82421875
08:01:09,912810UD8,TSRYS5870973,D,B,C,2024-09-12,1000000.00,4.061752,100.85546875
08:01:09,912810UD8,TSRYS5870973,D,S,D,2024-09-12,1000000.00,4.064043,100.82421875
08:01:09,912810UD8,TSRYS5870973,D,S,D,2024-09-12,1000000.00,4.064329,100.8203125
08:01:09,912810UD8,TSRYS5870973,D,S,C,2024-09-12,1000000.00,4.064043,100.82421875
08:01:09,912810UD8,TSRYS5870973,D,S,D,2024-09-12,1000000.00,4.062038,100.8515625
08:01:09,912810UD8,TSRYS5870973,D,S,D,2024-09-12,1000000.00,4.064329,100.8203125
08:01:09,912810UD8,TSRYS5870973,D,B,C,2024-09-12,1000000.00,4.064329,100.8203125
08:01:09,912810UD8,TSRYS5870973,D,S,A,2024-09-12,310000.00,4.058603,100.8984375
08:01:09,912810UD8,TSRYS5870973,D,B,C,2024-09-12,1000000.00,4.064615,100.81640625
08:01:09,912810UD8,TSRYS5870973,D,S,D,2024-09-12,1000000.00,4.066048,100.796875
08:01:09,912810UD8,TSRYS5870973,D,B,C,2024-09-12,1000000.00,4.064329,100.8203125
08:01:09,912810UD8,TSRYS5870973,D,S,D,2024-09-12,1000000.00,4.062038,100.8515625
08:01:09,912810UD8,TSRYS5870973,D,S,C,2024-09-12,1000000.00,4.061752,100.85546875
08:01:09,912810UD8,TSRYS5870973,D,B,C,2024-09-12,1000000.00,4.062038,100.8515625
08:01:09,912810UD8,TSRYS5870973,D,S,D,2024-09-12,1000000.00,4.064043,100.82421875
08:01:09,912810UD8,TSRYS5870973,D,S,D,2024-09-12,1000000.00,4.050597,101.0078125
08:01:09,912810UD8,TSRYS5870973,D,S,D,2024-09-12,1000000.00,4.050312,101.01171875
08:01:09,912810UD8,TSRYS5870973,D,B,C,2024-09-12,1000000.00,4.060034,100.87890625
08:01:09,912810UD8,TSRYS5870973,D,S,D,2024-09-12,1000000.00,4.064615,100.81640625
08:01:09,912810UD8,TSRYS5870973,D,S,D,2024-09-12,1000000.00,4.060034,100.87890625
08:01:09,912810UD8,TSRYS5870973,D,S,D,2024-09-12,1000000.00,4.050597,101.0078125
08:01:09,912810UD8,TSRYS5870973,D,B,C,2024-09-12,1000000.00,4.060034,100.87890625
08:01:09,912810UD8,TSRYS5870973,D,S,D,2024-09-12,1000000.00,4.058031,100.90625
08:01:09,912810UD8,TSRYS5870973,D,S,D,2024-09-12,1000000.00,4.060034,100.87890625
08:01:09,912810UD8,TSRYS5870973,D,S,D,2024-09-12,1000000.00,4.047741,101.046875
08:01:09,912810UD8,TSRYS5870973,D,S,D,2024-09-12,1000000.00,4.048026,101.04296875
08:01:09,912810UD8,TSRYS5870973,D,S,D,2024-09-12,1000000.00,4.052598,100.98046875
08:01:09,912810UD8,TSRYS5870973,D,S,D,2024-09-12,1000000.00,4.047741,101.046875
08:01:09,912810UD8,TSRYS5870973,D,S,D,2024-09-12,1000000.00,4.047741,101.046875
08:01:09,912810UD8,TSRYS5870973,D,S,D,2024-09-12,1000000.00,4.047741,101.046875
08:01:09,912810UD8,TSRYS5870973,D,B,C,2024-09-12,1000000.00,4.058031,100.90625
08:01:09,912810UD8,TSRYS5870973,D,S,D,2024-09-12,1000000.00,4.047741,101.046875
08:01:09,912810UD8,TSRYS5870973,D,S,D,2024-09-12,1000000.00,4.047741,101.046875
08:01:09,912810UD8,TSRYS5870973,D,S,D,2024-09-12,1000000.00,4.047741,101.046875
08:01:10,912810UD8,TSRYS5870973,D,S,T,2024-09-12,1000000.00,4.050462,101.009665625
08:01:10,912810UD8,TSRYS5870973,D,S,T,2024-09-12,1000000.00,4.050605,101.0077125
08:01:10,912810UD8,TSRYS5870973,D,S,T,2024-09-12,1000000.00,4.047891,101.044821875
08:01:10,912810UD8,TSRYS5870973,D,S,T,2024-09-12,1000000.00,4.048034,101.04286875
08:01:10,912810UD8,TSRYS5870973,D,S,T,2024-09-12,1000000.00,4.048034,101.04286875
08:01:10,912810UD8,TSRYS5870973,D,S,T,2024-09-12,1000000.00,4.052319,100.984275
08:01:10,912810UD8,TSRYS5870973,D,S,T,2024-09-12,1000000.00,4.052462,100.982321875
08:01:10,912810UD8,TSRYS5870973,D,S,T,2024-09-12,1000000.00,4.052605,100.98036875
08:01:10,912810UD8,TSRYS5870973,D,S,T,2024-09-12,1000000.00,4.047748,101.046775
08:01:10,912810UD8,TSRYS5870973,D,S,T,2024-09-12,2000000.00,4.047748,101.046775
08:01:10,912810UD8,TSRYS5870973,D,S,T,2024-09-12,2000000.00,4.047748,101.046775
08:01:10,912810UD8,TSRYS5870973,D,S,T,2024-09-12,1000000.00,4.047748,101.046775
08:01:10,912810UD8,TSRYS5870973,D,S,T,2024-09-12,1000000.00,4.064911,100.812375
08:01:10,912810UD8,TSRYS5870973,D,S,T,2024-09-12,1000000.00,4.064911,100.812375
08:01:10,912810UD8,TSRYS5870973,D,S,T,2024-09-12,1000000.00,4.064902,100.8125
08:01:10,912810UD8,TSRYS5870973,D,S,T,2024-09-12,1000000.00,4.064911,100.812375
08:01:10,912810UD8,TSRYS5870973,D,S,T,2024-09-12,1000000.00,4.047757,101.04665
08:01:10,912810UD8,TSRYS5870973,D,S,T,2024-09-12,1000000.00,4.047757,101.04665
08:01:10,912810UD8,TSRYS5870973,D,S,T,2024-09-12,1000000.00,4.047757,101.04665
08:01:10,912810UD8,TSRYS5870973,D,S,T,2024-09-12,1000000.00,4.047757,101.04665
08:01:10,912810UD8,TSRYS5870973,D,S,T,2024-09-12,1000000.00,4.047757,101.04665
08:01:10,912810UD8,TSRYS5870973,D,S,T,2024-09-12,1000000.00,4.047757,101.04665
08:01:10,912810UD8,TSRYS5870973,D,S,T,2024-09-12,1000000.00,4.047757,101.04665
08:01:10,912810UD8,TSRYS5870973,D,S,T,2024-09-12,1000000.00,4.047757,101.04665
08:01:10,912810UD8,TSRYS5870973,D,S,T,2024-09-12,1000000.00,4.047757,101.04665
08:01:10,912810UD8,TSRYS5870973,D,S,T,2024-09-12,1000000.00,4.047757,101.04665
08:01:10,912810UD8,TSRYS5870973,D,S,T,2024-09-12,1000000.00,4.047757,101.04665
08:01:11,912810UD8,TSRYS5870973,D,S,T,2024-09-12,1000000.00,4.047757,101.04665
08:01:11,912810UD8,TSRYS5870973,D,S,T,2024-09-12,1000000.00,4.047757,101.04665
08:01:12,912810UD8,TSRYS5870973,D,S,D,2024-09-12,205000.00,4.064043,100.82421875
08:01:13,912810UD8,TSRYS5870973,D,S,T,2024-09-12,1000000.00,4.048598,101.03515625
08:01:13,912810UD8,TSRYS5870973,D,S,A,2024-09-12,367000.00,4.065475,100.8046875
08:01:14,912810UD8,TSRYS5870973,D,S,A,2024-09-12,700000.00,4.066048,100.796875
08:01:17,912810UD8,TSRYS5870973,D,S,D,2024-09-12,1000000.00,4.05174,100.9921875
08:01:17,912810UD8,TSRYS5870973,D,B,C,2024-09-12,1000000.00,4.052598,100.98046875
08:01:17,912810UD8,TSRYS5870973,D,S,C,2024-09-12,1000000.00,4.052598,100.98046875
08:01:17,912810UD8,TSRYS5870973,D,S,T,2024-09-12,1000000.00,4.066057,100.796745
08:01:17,912810UD8,TSRYS5870973,D,B,C,2024-09-12,1000000.00,4.05317,100.97265625
08:01:17,912810UD8,TSRYS5870973,D,S,D,2024-09-12,1000000.00,4.05317,100.97265625
08:01:17,912810UD8,TSRYS5870973,D,B,A,2024-09-12,30000.00,4.058031,100.90625
08:01:17,912810UD8,TSRYS5870973,D,B,A,2024-09-12,2410000.00,4.058317,100.90234375
08:01:17,912810UD8,TSRYS5870973,D,S,A,2024-09-12,330000.00,4.062611,100.84375
08:01:17,912810UD8,TSRYS5870973,D,S,C,2024-09-12,100000.00,4.054599,100.953125
08:01:18,912810UD8,TSRYS5870973,D,S,D,2024-09-12,1000000.00,4.058031,100.90625
08:01:18,912810UD8,TSRYS5870973,D,S,D,2024-09-12,1000000.00,4.058031,100.90625
08:01:18,912810UD8,TSRYS5870973,D,S,D,2024-09-12,1000000.00,4.058031,100.90625
08:01:18,912810UD8,TSRYS5870973,D,S,D,2024-09-12,1000000.00,4.057459,100.9140625
08:01:18,912810UD8,TSRYS5870973,D,S,D,2024-09-12,1000000.00,4.057459,100.9140625
08:01:18,912810UD8,TSRYS5870973,D,B,C,2024-09-12,10000000.00,4.059748,100.8828125
08:01:18,912810UD8,TSRYS5870973,D,B,C,2024-09-12,13000000.00,4.05889,100.89453125
08:01:18,912810UD8,TSRYS5870973,D,S,C,2024-09-12,940000.00,4.055714,100.9379
08:01:18,912810UD8,TSRYS5870973,D,S,D,2024-09-12,1000000.00,4.055743,100.9375
08:01:18,912810UD8,TSRYS5870973,D,S,D,2024-09-12,1000000.00,4.056029,100.93359375
08:01:18,912810UD8,TSRYS5870973,D,S,D,2024-09-12,1000000.00,4.056029,100.93359375
08:01:19,912810UD8,TSRYS5870973,D,B,C,2024-09-12,1000000.00,4.052169,100.98632812
08:01:19,912810UD8,TSRYS5870973,D,B,C,2024-09-12,1000000.00,4.052312,100.984375
08:01:19,912810UD8,TSRYS5870973,D,S,T,2024-09-12,1000000.00,4.050312,101.01171875
08:01:19,912810UD8,TSRYS5870973,D,S,T,2024-09-12,1000000.00,4.050455,101.009765625
08:01:19,912810UD8,TSRYS5870973,D,S,T,2024-09-12,1000000.00,4.050597,101.0078125
08:01:19,912810UD8,TSRYS5870973,D,S,T,2024-09-12,1000000.00,4.052455,100.982421875
08:01:19,912810UD8,TSRYS5870973,D,S,T,2024-09-12,1000000.00,4.052598,100.98046875
08:01:20,912810UD8,TSRYS5870973,D,S,D,2024-09-12,1000000.00,4.051455,100.99609375
08:01:20,912810UD8,TSRYS5870973,D,S,D,2024-09-12,1000000.00,4.051312,100.99804687
08:01:20,912810UD8,TSRYS5870973,D,S,D,2024-09-12,1000000.00,4.051455,100.99609375
08:01:20,912810UD8,TSRYS5870973,D,B,C,2024-09-12,3000000.00,4.048649,101.03446
08:01:20,912810UD8,TSRYS5870973,D,B,C,2024-09-12,1000000.00,4.047792,101.04618
08:01:20,912810UD8,TSRYS5870973,D,S,C,2024-09-12,2000000.00,4.051455,100.99609375
08:01:20,912810UD8,TSRYS5870973,D,B,C,2024-09-12,5000000.00,4.051478,100.99578
08:01:21,912810UD8,TSRYS5870973,D,B,C,2024-09-12,10000000.00,4.059462,100.88671875
08:01:21,912810UD8,TSRYS5870973,D,S,T,2024-09-12,1000000.00,4.058041,100.90612
08:01:21,912810UD8,TSRYS5870973,D,S,D,2024-09-12,1000000.00,4.055886,100.93554687
08:01:22,912810UD8,TSRYS5870973,D,B,A,2024-09-12,223000.00,4.062038,100.851563
08:01:22,912810UD8,TSRYS5870973,D,S,C,2024-09-12,25000000.00,4.050729,101.00602
08:01:22,912810UD8,TSRYS5870973,D,S,C,2024-09-12,1000000.00,4.056172,100.93164062
08:01:23,912810UD8,TSRYS5870973,D,S,C,2024-09-12,150000.00,4.057459,100.9140625
08:01:24,912810UD8,TSRYS5870973,D,S,D,2024-09-12,1000000.00,4.050312,101.01171875
08:01:24,912810UD8,TSRYS5870973,D,S,D,2024-09-12,1000000.00,4.050312,101.01171875
08:01:24,912810UD8,TSRYS5870973,D,S,D,2024-09-12,1000000.00,4.050312,101.01171875
08:01:24,912810UD8,TSRYS5870973,D,S,D,2024-09-12,1000000.00,4.047741,101.046875
08:01:24,912810UD8,TSRYS5870973,D,S,A,2024-09-12,5000000.00,4.055674,100.9375
08:01:25,912810UD8,TSRYS5870973,D,S,D,2024-09-12,2000000.00,4.047741,101.046875
08:01:25,912810UD8,TSRYS5870973,D,B,C,2024-09-12,6000000.00,4.049077,101.0286
08:01:25,912810UD8,TSRYS5870973,D,S,D,2024-09-12,1000000.00,4.047884,101.04492187
08:01:25,912810UD8,TSRYS5870973,D,S,C,2024-09-12,1000000.00,4.047884,101.04492187
08:01:25,912810UD8,TSRYS5870973,D,S,D,2024-09-12,1000000.00,4.051169,101.0
08:01:25,912810UD8,TSRYS5870973,D,S,T,2024-09-12,1000000.00,4.051169,101.0
08:01:25,912810UD8,TSRYS5870973,D,S,D,2024-09-12,1000000.00,4.051169,101.0
08:01:26,912810UD8,TSRYS5870973,D,S,T,2024-09-12,1000000.00,4.05118,100.999848
08:01:26,912810UD8,TSRYS5870973,D,S,T,2024-09-12,1000000.00,4.05174,100.9921875
08:01:26,912810UD8,TSRYS5870973,D,S,D,2024-09-12,1000000.00,4.05174,100.9921875
08:01:26,912810UD8,TSRYS5870973,D,S,T,2024-09-12,1000000.00,4.05118,100.999848
08:01:26,912810UD8,TSRYS5870973,D,S,T,2024-09-12,1000000.00,4.05174,100.9921875
08:01:26,912810UD8,TSRYS5870973,D,S,D,2024-09-12,1000000.00,4.05174,100.9921875
08:01:26,912810UD8,TSRYS5870973,D,S,A,2024-09-12,12740000.00,4.056613,100.92578125
08:01:26,912810UD8,TSRYS5870973,D,S,T,2024-09-12,1000000.00,4.062611,100.84375
08:01:27,912810UD8,TSRYS5870973,D,S,D,2024-09-12,1000000.00,4.062611,100.84375
08:01:27,912810UD8,TSRYS5870973,D,S,C,2024-09-12,1000000.00,4.055886,100.93554687
08:01:27,912810UD8,TSRYS5870973,D,S,D,2024-09-12,1000000.00,4.062611,100.84375
08:01:27,912810UD8,TSRYS5870973,D,S,D,2024-09-12,1000000.00,4.062611,100.84375
08:01:27,912810UD8,TSRYS5870973,D,S,D,2024-09-12,1000000.00,4.047741,101.046875
08:01:27,912810UD8,TSRYS5870973,D,S,C,2024-09-12,1000000.00,4.056315,100.9296875
08:01:27,912810UD8,TSRYS5870973,D,S,D,2024-09-12,1000000.00,4.056315,100.9296875
08:01:27,912810UD8,TSRYS5870973,D,B,C,2024-09-12,50MM+,4.014708,101.5
08:01:28,912810UD8,TSRYS5870973,D,B,C,2024-09-12,3000000.00,4.047887,101.04487
08:01:28,912810UD8,TSRYS5870973,D,S,D,2024-09-12,1000000.00,4.046599,101.0625
08:01:28,912810UD8,TSRYS5870973,D,S,T,2024-09-12,1000000.00,4.064472,100.81835937
08:01:28,912810UD8,TSRYS5870973,D,S,D,2024-09-12,1000000.00,4.064472,100.81835937
08:01:29,912810UD8,TSRYS5870973,D,S,D,2024-09-12,2000000.00,4.046599,101.0625
08:01:30,912810UD8,TSRYS5870973,D,S,A,2024-09-12,1400.00,4.049132,101.02734375
08:01:30,912810UD8,TSRYS5870973,D,S,D,2024-09-12,1000000.00,4.046599,101.0625
08:01:31,912810UD8,TSRYS5870973,D,S,D,2024-09-12,1000000.00,4.050026,101.015625
08:01:31,912810UD8,TSRYS5870973,D,S,D,2024-09-12,1000000.00,4.058031,100.90625
08:01:31,912810UD8,TSRYS5870973,D,S,D,2024-09-12,1000000.00,4.058031,100.90625
08:01:31,912810UD8,TSRYS5870973,D,S,D,2024-09-12,1000000.00,4.058031,100.90625
08:01:31,912810UD8,TSRYS5870973,D,S,T,2024-09-12,1000000.00,4.058031,100.90625
08:01:31,912810UD8,TSRYS5870973,D,S,D,2024-09-12,1000000.00,4.048598,101.03515625
08:01:31,912810UD8,TSRYS5870973,D,S,D,2024-09-12,1000000.00,4.064329,100.8203125
08:01:31,912810UD8,TSRYS5870973,D,S,D,2024-09-12,1000000.00,4.064329,100.8203125
08:01:32,912810UD8,TSRYS5870973,D,S,D,2024-09-12,2000000.00,4.048598,101.03515625
08:01:32,912810UD8,TSRYS5870973,D,S,D,2024-09-12,1000000.00,4.064329,100.8203125
08:01:32,912810UD8,TSRYS5870973,D,S,D,2024-09-12,1000000.00,4.058031,100.90625
08:01:32,912810UD8,TSRYS5870973,D,S,T,2024-09-12,1000000.00,4.058031,100.90625
08:01:32,912810UD8,TSRYS5870973,D,S,D,2024-09-12,1000000.00,4.064329,100.8203125
08:01:32,912810UD8,TSRYS5870973,D,S,D,2024-09-12,1000000.00,4.064472,100.81835937
08:01:32,912810UD8,TSRYS5870973,D,S,T,2024-09-12,1000000.00,4.058031,100.90625
08:01:32,912810UD8,TSRYS5870973,D,B,A,2024-09-12,50MM+,4.014708,101.5
08:01:32,912810UD8,TSRYS5870973,D,S,D,2024-09-12,1000000.00,4.064615,100.81640625
08:01:32,912810UD8,TSRYS5870973,D,S,D,2024-09-12,1000000.00,4.058031,100.90625
08:01:32,912810UD8,TSRYS5870973,D,S,D,2024-09-12,1000000.00,4.064615,100.81640625
08:01:32,912810UD8,TSRYS5870973,D,S,D,2024-09-12,1000000.00,4.064759,100.81445312
08:01:32,912810UD8,TSRYS5870973,D,S,T,2024-09-12,1000000.00,4.064759,100.81445312
08:01:32,912810UD8,TSRYS5870973,D,S,T,2024-09-12,1000000.00,4.064759,100.81445312
08:01:33,912810UD8,TSRYS5870973,D,B,C,2024-09-12,13000000.00,4.057459,100.9140625
08:01:33,912810UD8,TSRYS5870973,D,S,D,2024-09-12,1000000.00,4.050026,101.015625
08:01:33,912810UD8,TSRYS5870973,D,S,D,2024-09-12,1000000.00,4.050026,101.015625
08:01:33,912810UD8,TSRYS5870973,D,S,T,2024-09-12,1000000.00,4.064913,100.812348
08:01:33,912810UD8,TSRYS5870973,D,S,T,2024-09-12,1000000.00,4.064902,100.8125
08:01:33,912810UD8,TSRYS5870973,D,S,D,2024-09-12,1000000.00,4.058031,100.90625
08:01:33,912810UD8,TSRYS5870973,D,S,D,2024-09-12,1000000.00,4.062038,100.8515625
08:01:33,912810UD8,TSRYS5870973,D,S,D,2024-09-12,1000000.00,4.058031,100.90625
08:01:33,912810UD8,TSRYS5870973,D,S,T,2024-09-12,1000000.00,4.062038,100.8515625
08:01:33,912810UD8,TSRYS5870973,D,S,T,2024-09-12,1000000.00,4.062038,100.8515625
08:01:33,912810UD8,TSRYS5870973,D,S,T,2024-09-12,2000000.00,4.064329,100.8203125
08:01:33,912810UD8,TSRYS5870973,D,S,T,2024-09-12,1000000.00,4.064329,100.8203125
08:01:33,912810UD8,TSRYS5870973,D,S,T,2024-09-12,1000000.00,4.064615,100.81640625
08:01:33,912810UD8,TSRYS5870973,D,S,T,2024-09-12,1000000.00,4.064902,100.8125
08:01:33,912810UD8,TSRYS5870973,D,S,T,2024-09-12,1000000.00,4.064902,100.8125
08:01:33,912810UD8,TSRYS5870973,D,S,T,2024-09-12,1000000.00,4.064615,100.81640625
08:01:33,912810UD8,TSRYS5870973,D,S,D,2024-09-12,1000000.00,4.064329,100.8203125
08:01:33,912810UD8,TSRYS5870973,D,S,T,2024-09-12,2000000.00,4.064329,100.8203125
08:01:33,912810UD8,TSRYS5870973,D,S,T,2024-09-12,1000000.00,4.064615,100.81640625
08:01:33,912810UD8,TSRYS5870973,D,S,T,2024-09-12,1000000.00,4.064615,100.81640625
08:01:33,912810UD8,TSRYS5870973,D,S,T,2024-09-12,1000000.00,4.063756,100.828125
08:01:33,912810UD8,TSRYS5870973,D,S,T,2024-09-12,1000000.00,4.063756,100.828125
08:01:33,912810UD8,TSRYS5870973,D,S,T,2024-09-12,1000000.00,4.063756,100.828125
08:01:33,912810UD8,TSRYS5870973,D,S,T,2024-09-12,1000000.00,4.063767,100.827973
08:01:33,912810UD8,TSRYS5870973,D,S,T,2024-09-12,2000000.00,4.064329,100.8203125
08:01:33,912810UD8,TSRYS5870973,D,S,T,2024-09-12,2000000.00,4.064329,100.8203125
08:01:33,912810UD8,TSRYS5870973,D,S,T,2024-09-12,1000000.00,4.063756,100.828125
08:01:34,912810UD8,TSRYS5870973,D,S,T,2024-09-12,1000000.00,4.063767,100.827973
08:01:34,912810UD8,TSRYS5870973,D,S,C,2024-09-12,1000000.00,4.054599,100.953125
08:01:34,912810UD8,TSRYS5870973,D,B,C,2024-09-12,1000000.00,4.054599,100.953125
08:01:34,912810UD8,TSRYS5870973,D,B,C,2024-09-12,1000000.00,4.061466,100.859375
08:01:34,912810UD8,TSRYS5870973,D,S,T,2024-09-12,1000000.00,4.064759,100.81445312
08:01:34,912810UD8,TSRYS5870973,D,S,D,2024-09-12,1000000.00,4.064759,100.81445312
08:01:35,912810UD8,TSRYS5870973,D,S,T,2024-09-12,1000000.00,4.064759,100.81445312
08:01:35,912810UD8,TSRYS5870973,D,S,D,2024-09-12,1000000.00,4.064759,100.81445312
08:01:35,912810UD8,TSRYS5870973,D,S,T,2024-09-12,1000000.00,4.064759,100.81445312
08:01:35,912810UD8,TSRYS5870973,D,S,D,2024-09-12,1000000.00,4.064759,100.81445312
08:01:35,912810UD8,TSRYS5870973,D,S,D,2024-09-12,1000000.00,4.047741,101.046875
08:01:35,912810UD8,TSRYS5870973,D,S,D,2024-09-12,1000000.00,4.054456,100.955078125
08:01:35,912810UD8,TSRYS5870973,D,S,T,2024-09-12,1000000.00,4.056887,100.921875
08:01:37,912810UD8,TSRYS5870973,D,S,D,2024-09-12,1000000.00,4.062611,100.84375
08:01:37,912810UD8,TSRYS5870973,D,S,T,2024-09-12,1000000.00,4.064759,100.81445312
08:01:37,912810UD8,TSRYS5870973,D,S,D,2024-09-12,1000000.00,4.062611,100.84375
08:01:37,912810UD8,TSRYS5870973,D,S,T,2024-09-12,1000000.00,4.062611,100.84375
08:01:37,912810UD8,TSRYS5870973,D,S,T,2024-09-12,1000000.00,4.064759,100.81445312
08:01:37,912810UD8,TSRYS5870973,D,S,D,2024-09-12,1000000.00,4.062611,100.84375
08:01:37,912810UD8,TSRYS5870973,D,S,D,2024-09-12,1000000.00,4.046599,101.0625
08:01:37,912810UD8,TSRYS5870973,D,S,D,2024-09-12,1000000.00,4.046599,101.0625
08:01:38,912810UD8,TSRYS5870973,D,B,C,2024-09-12,6000000.00,4.04665,101.0618
08:01:38,912810UD8,TSRYS5870973,D,S,C,2024-09-12,3000000.00,4.047663,101.04794
08:01:39,912810UD8,TSRYS5870973,D,S,D,2024-09-12,1000000.00,4.064472,100.81835937
08:01:39,912810UD8,TSRYS5870973,D,S,D,2024-09-12,1000000.00,4.064472,100.81835937
08:01:39,912810UD8,TSRYS5870973,D,B,C,2024-09-12,1000000.00,4.064615,100.81640625
08:01:39,912810UD8,TSRYS5870973,D,S,D,2024-09-12,1000000.00,4.064329,100.8203125
08:01:39,912810UD8,TSRYS5870973,D,S,T,2024-09-12,1000000.00,4.064615,100.81640625
08:01:39,912810UD8,TSRYS5870973,D,S,D,2024-09-12,1000000.00,4.064329,100.8203125
08:01:39,912810UD8,TSRYS5870973,D,S,T,2024-09-12,1000000.00,4.064472,100.81835937
08:01:39,912810UD8,TSRYS5870973,D,S,D,2024-09-12,1000000.00,4.064615,100.81640625
08:01:39,912810UD8,TSRYS5870973,D,S,D,2024-09-12,1000000.00,4.064472,100.81835937
08:01:39,912810UD8,TSRYS5870973,D,S,T,2024-09-12,1000000.00,4.054027,100.9609375
08:01:39,912810UD8,TSRYS5870973,D,S,T,2024-09-12,1000000.00,4.05417,100.95898437
08:01:40,912810UD8,TSRYS5870973,D,S,T,2024-09-12,1000000.00,4.054027,100.9609375
08:01:40,912810UD8,TSRYS5870973,D,S,T,2024-09-12,1000000.00,4.05417,100.95898437
08:01:40,912810UD8,TSRYS5870973,D,S,D,2024-09-12,6000000.00,4.050026,101.015625
08:01:40,912810UD8,TSRYS5870973,D,B,C,2024-09-12,6000000.00,4.050026,101.015625
08:01:40,912810UD8,TSRYS5870973,D,S,T,2024-09-12,1000000.00,4.048883,101.03125
08:01:40,912810UD8,TSRYS5870973,D,S,T,2024-09-12,1000000.00,4.048883,101.03125
08:01:40,912810UD8,TSRYS5870973,D,S,T,2024-09-12,1000000.00,4.048883,101.03125
08:01:40,912810UD8,TSRYS5870973,D,S,T,2024-09-12,1000000.00,4.048883,101.03125
08:01:40,912810UD8,TSRYS5870973,D,S,T,2024-09-12,1000000.00,4.048883,101.03125
08:01:40,912810UD8,TSRYS5870973,D,S,T,2024-09-12,1000000.00,4.048883,101.03125
08:01:41,912810UD8,TSRYS5870973,D,S,D,2024-09-12,1000000.00,4.062611,100.84375
08:01:41,912810UD8,TSRYS5870973,D,S,D,2024-09-12,1000000.00,4.062611,100.84375
08:01:41,912810UD8,TSRYS5870973,D,S,D,2024-09-12,1000000.00,4.062611,100.84375
08:01:41,912810UD8,TSRYS5870973,D,S,T,2024-09-12,1000000.00,4.053465,100.96862
08:01:41,912810UD8,TSRYS5870973,D,S,D,2024-09-12,1000000.00,4.05417,100.95898437
08:01:41,912810UD8,TSRYS5870973,D,B,C,2024-09-12,1000000.00,4.063756,100.828125
08:01:41,912810UD8,TSRYS5870973,D,S,T,2024-09-12,1000000.00,4.053465,100.96862
08:01:41,912810UD8,TSRYS5870973,D,S,D,2024-09-12,1000000.00,4.056029,100.93359375
08:01:41,912810UD8,TSRYS5870973,D,S,T,2024-09-12,2000000.00,4.056029,100.93359375
08:01:41,912810UD8,TSRYS5870973,D,S,D,2024-09-12,1000000.00,4.056029,100.93359375
08:01:41,912810UD8,TSRYS5870973,D,S,T,2024-09-12,1000000.00,4.055743,100.9375
08:01:42,912810UD8,TSRYS5870973,D,S,D,2024-09-12,6000000.00,4.050026,101.015625
08:01:42,912810UD8,TSRYS5870973,D,B,C,2024-09-12,6000000.00,4.050026,101.015625
08:01:42,912810UD8,TSRYS5870973,D,S,D,2024-09-12,1000000.00,4.054027,100.9609375
08:01:42,912810UD8,TSRYS5870973,D,S,T,2024-09-12,3000000.00,4.055743,100.9375
08:01:42,912810UD8,TSRYS5870973,D,S,D,2024-09-12,1000000.00,4.056172,100.93164062
08:01:42,912810UD8,TSRYS5870973,D,S,D,2024-09-12,1000000.00,4.056315,100.9296875
08:01:42,912810UD8,TSRYS5870973,D,S,T,2024-09-12,1000000.00,4.056172,100.93164062
08:01:42,912810UD8,TSRYS5870973,D,S,D,2024-09-12,1000000.00,4.056315,100.9296875
08:01:42,912810UD8,TSRYS5870973,D,S,D,2024-09-12,1000000.00,4.062611,100.84375
08:01:43,912810UD8,TSRYS5870973,D,S,D,2024-09-12,1000000.00,4.062611,100.84375
08:01:43,912810UD8,TSRYS5870973,D,S,D,2024-09-12,1000000.00,4.062611,100.84375
08:01:43,912810UD8,TSRYS5870973,D,S,D,2024-09-12,1000000.00,4.062611,100.84375
08:01:43,912810UD8,TSRYS5870973,D,S,D,2024-09-12,1000000.00,4.062611,100.84375
08:01:43,912810UD8,TSRYS5870973,D,S,D,2024-09-12,1000000.00,4.062611,100.84375
08:01:43,912810UD8,TSRYS5870973,D,S,T,2024-09-12,1000000.00,4.062611,100.84375
08:01:43,912810UD8,TSRYS5870973,D,S,D,2024-09-12,1000000.00,4.062611,100.84375
08:01:43,912810UD8,TSRYS5870973,D,S,D,2024-09-12,1000000.00,4.050312,101.01171875
08:01:44,912810UD8,TSRYS5870973,D,S,D,2024-09-12,1000000.00,4.050455,101.009765625
08:01:44,912810UD8,TSRYS5870973,D,S,D,2024-09-12,1000000.00,4.050597,101.0078125
08:01:44,912810UD8,TSRYS5870973,D,S,C,2024-09-12,1000000.00,4.05074,101.005859375
08:01:44,912810UD8,TSRYS5870973,D,S,T,2024-09-12,1000000.00,4.064759,100.81445312
08:01:44,912810UD8,TSRYS5870973,D,S,D,2024-09-12,1000000.00,4.064759,100.81445312
08:01:44,912810UD8,TSRYS5870973,D,S,D,2024-09-12,1000000.00,4.062611,100.84375
08:01:44,912810UD8,TSRYS5870973,D,S,D,2024-09-12,1000000.00,4.062611,100.84375
08:01:44,912810UD8,TSRYS5870973,D,S,T,2024-09-12,1000000.00,4.064615,100.81640625
08:01:44,912810UD8,TSRYS5870973,D,S,T,2024-09-12,1000000.00,4.064615,100.81640625
08:01:44,912810UD8,TSRYS5870973,D,S,D,2024-09-12,1000000.00,4.064759,100.81445312
08:01:45,912810UD8,TSRYS5870973,D,S,D,2024-09-12,1000000.00,4.064759,100.81445312
08:01:45,912810UD8,TSRYS5870973,D,S,D,2024-09-12,1000000.00,4.062611,100.84375
08:01:45,912810UD8,TSRYS5870973,D,S,D,2024-09-12,1000000.00,4.062611,100.84375
08:01:45,912810UD8,TSRYS5870973,D,B,C,2024-09-12,10000000.00,4.059462,100.88671875
08:01:45,912810UD8,TSRYS5870973,D,S,T,2024-09-12,1000000.00,4.057745,100.91015625
08:01:45,912810UD8,TSRYS5870973,D,S,T,2024-09-12,1000000.00,4.057745,100.91015625
08:01:45,912810UD8,TSRYS5870973,D,S,T,2024-09-12,1000000.00,4.061466,100.859375
08:01:45,912810UD8,TSRYS5870973,D,S,T,2024-09-12,1000000.00,4.057745,100.91015625
08:01:45,912810UD8,TSRYS5870973,D,S,T,2024-09-12,1000000.00,4.057745,100.91015625
08:01:45,912810UD8,TSRYS5870973,D,S,T,2024-09-12,1000000.00,4.061466,100.859375
08:01:45,912810UD8,TSRYS5870973,D,S,T,2024-09-12,1000000.00,4.057745,100.91015625
08:01:45,912810UD8,TSRYS5870973,D,S,T,2024-09-12,1000000.00,4.057745,100.91015625
08:01:45,912810UD8,TSRYS5870973,D,S,D,2024-09-12,1000000.00,4.064043,100.82421875
08:01:45,912810UD8,TSRYS5870973,D,S,T,2024-09-12,1000000.00,4.057745,100.91015625
08:01:45,912810UD8,TSRYS5870973,D,S,T,2024-09-12,1000000.00,4.064043,100.82421875
08:01:45,912810UD8,TSRYS5870973,D,S,D,2024-09-12,1000000.00,4.064186,100.82226562
08:01:45,912810UD8,TSRYS5870973,D,S,T,2024-09-12,1000000.00,4.064186,100.82226562
08:01:45,912810UD8,TSRYS5870973,D,S,T,2024-09-12,1000000.00,4.05703,100.919921875
08:01:45,912810UD8,TSRYS5870973,D,S,T,2024-09-12,1000000.00,4.057459,100.9140625
08:01:46,912810UD8,TSRYS5870973,D,S,D,2024-09-12,7000000.00,4.06347,100.83203125
08:01:46,912810UD8,TSRYS5870973,D,B,C,2024-09-12,7000000.00,4.06347,100.83203125
08:01:46,912810UD8,TSRYS5870973,D,S,D,2024-09-12,1000000.00,4.062611,100.84375
08:01:46,912810UD8,TSRYS5870973,D,S,D,2024-09-12,1000000.00,4.062611,100.84375
08:01:46,912810UD8,TSRYS5870973,D,S,A,2024-09-12,1300000.00,4.047741,101.046875
08:01:46,912810UD8,TSRYS5870973,D,B,C,2024-09-12,1000000.00,4.061895,100.85351562
08:01:46,912810UD8,TSRYS5870973,D,S,C,2024-09-12,30000000.00,4.062142,100.85014
08:01:46,912810UD8,TSRYS5870973,D,S,D,2024-09-12,5000000.00,4.060177,100.87695312
08:01:46,912810UD8,TSRYS5870973,D,S,D,2024-09-12,1000000.00,4.060177,100.87695312
08:01:46,912810UD8,TSRYS5870973,D,B,C,2024-09-12,6000000.00,4.060229,100.87625
08:01:46,912810UD8,TSRYS5870973,D,S,C,2024-09-12,30000000.00,4.061648,100.85688
08:01:46,912810UD8,TSRYS5870973,D,B,C,2024-09-12,6000000.00,4.050312,101.01171875
08:01:46,912810UD8,TSRYS5870973,D,S,T,2024-09-12,1000000.00,4.050035,101.015495
08:01:47,912810UD8,TSRYS5870973,D,S,D,2024-09-12,1000000.00,4.050026,101.015625
08:01:47,912810UD8,TSRYS5870973,D,S,T,2024-09-12,1000000.00,4.063756,100.828125
08:01:47,912810UD8,TSRYS5870973,D,S,T,2024-09-12,1000000.00,4.063756,100.828125
08:01:47,912810UD8,TSRYS5870973,D,S,D,2024-09-12,1000000.00,4.050026,101.015625
08:01:48,912810UD8,TSRYS5870973,D,S,T,2024-09-12,1000000.00,4.063756,100.828125
08:01:48,912810UD8,TSRYS5870973,D,S,D,2024-09-12,1000000.00,4.049597,101.021484375
08:01:48,912810UD8,TSRYS5870973,D,S,C,2024-09-12,3000000.00,4.049597,101.021484375
08:01:48,912810UD8,TSRYS5870973,D,S,D,2024-09-12,1000000.00,4.049883,101.017578125
08:01:48,912810UD8,TSRYS5870973,D,S,D,2024-09-12,1000000.00,4.050026,101.015625
08:01:48,912810UD8,TSRYS5870973,D,S,T,2024-09-12,1000000.00,4.061466,100.859375
08:01:48,912810UD8,TSRYS5870973,D,S,D,2024-09-12,1000000.00,4.052312,100.984375
08:01:48,912810UD8,TSRYS5870973,D,S,D,2024-09-12,1000000.00,4.052455,100.982421875
08:01:48,912810UD8,TSRYS5870973,D,S,D,2024-09-12,1000000.00,4.052598,100.98046875
08:01:48,912810UD8,TSRYS5870973,D,S,D,2024-09-12,1000000.00,4.052169,100.986328125
08:01:48,912810UD8,TSRYS5870973,D,S,T,2024-09-12,1000000.00,4.060321,100.875
08:01:48,912810UD8,TSRYS5870973,D,S,D,2024-09-12,1000000.00,4.050312,101.01171875
08:01:48,912810UD8,TSRYS5870973,D,S,D,2024-09-12,1000000.00,4.050312,101.01171875
08:01:48,912810UD8,TSRYS5870973,D,S,D,2024-09-12,1000000.00,4.050169,101.013671875
08:01:48,912810UD8,TSRYS5870973,D,S,D,2024-09-12,1000000.00,4.051169,101.0
08:01:49,912810UD8,TSRYS5870973,D,S,D,2024-09-12,1000000.00,4.05174,100.9921875
08:01:49,912810UD8,TSRYS5870973,D,S,D,2024-09-12,1000000.00,4.05174,100.9921875
08:01:49,912810UD8,TSRYS5870973,D,S,T,2024-09-12,1000000.00,4.060321,100.875
08:01:49,912810UD8,TSRYS5870973,D,S,D,2024-09-12,2869000.00,4.062611,100.84375
08:01:49,912810UD8,TSRYS5870973,D,S,T,2024-09-12,1000000.00,4.051178,100.99987
08:01:49,912810UD8,TSRYS5870973,D,S,T,2024-09-12,1000000.00,4.051178,100.99987
08:01:49,912810UD8,TSRYS5870973,D,S,T,2024-09-12,1000000.00,4.052322,100.984245
08:01:49,912810UD8,TSRYS5870973,D,S,T,2024-09-12,1000000.00,4.061466,100.859375
08:01:49,912810UD8,TSRYS5870973,D,B,C,2024-09-12,6000000.00,4.052026,100.98828125
08:01:49,912810UD8,TSRYS5870973,D,S,D,2024-09-12,1000000.00,4.049312,101.025390625
08:01:50,912810UD8,TSRYS5870973,D,S,T,2024-09-12,1000000.00,4.059176,100.890625
08:01:50,912810UD8,TSRYS5870973,D,S,C,2024-09-12,1000000.00,4.053455,100.968925
08:01:50,912810UD8,TSRYS5870973,D,S,C,2024-09-12,1000000.00,4.054027,100.9609375
08:01:50,912810UD8,TSRYS5870973,D,S,C,2024-09-12,1000000.00,4.05417,100.958984375
08:01:50,912810UD8,TSRYS5870973,D,S,C,2024-09-12,1000000.00,4.054027,100.9609375
08:01:50,912810UD8,TSRYS5870973,D,S,D,2024-09-12,1000000.00,4.05417,100.958984375
08:01:50,912810UD8,TSRYS5870973,D,S,D,2024-09-12,1000000.00,4.054027,100.9609375
08:01:50,912810UD8,TSRYS5870973,D,S,D,2024-09-12,1000000.00,4.053741,100.96484375
08:01:50,912810UD8,TSRYS5870973,D,S,D,2024-09-12,1000000.00,4.053598,100.966796875
08:01:50,912810UD8,TSRYS5870973,D,S,D,2024-09-12,1000000.00,4.053598,100.966796875
08:01:50,912810UD8,TSRYS5870973,D,S,D,2024-09-12,1000000.00,4.053741,100.96484375
08:01:50,912810UD8,TSRYS5870973,D,S,D,2024-09-12,1000000.00,4.053741,100.96484375
08:01:50,912810UD8,TSRYS5870973,D,S,D,2024-09-12,1000000.00,4.053741,100.96484375
08:01:50,912810UD8,TSRYS5870973,D,S,D,2024-09-12,1000000.00,4.053598,100.966796875
08:01:50,912810UD8,TSRYS5870973,D,B,C,2024-09-12,1000000.00,4.053598,100.966796875
08:01:50,912810UD8,TSRYS5870973,D,S,D,2024-09-12,1000000.00,4.053598,100.966796875
08:01:50,912810UD8,TSRYS5870973,D,B,C,2024-09-12,6000000.00,4.050597,101.0078125
08:01:50,912810UD8,TSRYS5870973,D,S,D,2024-09-12,1000000.00,4.053741,100.96484375
08:01:50,912810UD8,TSRYS5870973,D,S,D,2024-09-12,1000000.00,4.056172,100.931640625
08:01:51,912810UD8,TSRYS5870973,D,S,T,2024-09-12,1000000.00,4.048893,101.03112
08:01:51,912810UD8,TSRYS5870973,D,S,T,2024-09-12,1000000.00,4.048893,101.03112
08:01:51,912810UD8,TSRYS5870973,D,S,A,2024-09-12,2000000.00,4.047741,101.046875
08:01:52,912810UD8,TSRYS5870973,D,S,T,2024-09-12,1000000.00,4.050035,101.015495
08:01:52,912810UD8,TSRYS5870973,D,S,D,2024-09-12,1000000.00,4.057173,100.91796875
08:01:52,912810UD8,TSRYS5870973,D,S,T,2024-09-12,1000000.00,4.052322,100.984245
08:01:52,912810UD8,TSRYS5870973,D,S,T,2024-09-12,1000000.00,4.052322,100.984245
08:01:52,912810UD8,TSRYS5870973,D,S,T,2024-09-12,1000000.00,4.052322,100.984245
08:01:52,912810UD8,TSRYS5870973,D,S,D,2024-09-12,1000000.00,4.058031,100.90625
08:01:52,912810UD8,TSRYS5870973,D,S,D,2024-09-12,1000000.00,4.056315,100.9296875
08:01:52,912810UD8,TSRYS5870973,D,S,D,2024-09-12,1000000.00,4.056601,100.92578125
08:01:52,912810UD8,TSRYS5870973,D,S,D,2024-09-12,1000000.00,4.058031,100.90625
08:01:52,912810UD8,TSRYS5870973,D,S,D,2024-09-12,1000000.00,4.058031,100.90625
08:01:53,912810UD8,TSRYS5870973,D,S,D,2024-09-12,1000000.00,4.058031,100.90625
08:01:53,912810UD8,TSRYS5870973,D,S,D,2024-09-12,240000.00,4.062897,100.83984375
08:01:53,912810UD8,TSRYS5870973,D,S,T,2024-09-12,1000000.00,4.051178,100.99987
08:01:54,912810UD8,TSRYS5870973,D,S,D,2024-09-12,1000000.00,4.060321,100.875
08:01:54,912810UD8,TSRYS5870973,D,B,C,2024-09-12,1000000.00,4.060321,100.875
08:01:54,912810UD8,TSRYS5870973,D,S,T,2024-09-12,1000000.00,4.050035,101.015495
08:01:54,912810UD8,TSRYS5870973,D,S,D,2024-09-12,1000000.00,4.060321,100.875
08:01:54,912810UD8,TSRYS5870973,D,B,C,2024-09-12,1000000.00,4.060321,100.875
08:01:54,912810UD8,TSRYS5870973,D,S,C,2024-09-12,1000000.00,4.063183,100.8359375
08:01:55,912810UD8,TSRYS5870973,D,S,D,2024-09-12,1000000.00,4.062611,100.84375
08:01:55,912810UD8,TSRYS5870973,D,S,D,2024-09-12,1000000.00,4.061895,100.853515625
08:01:56,912810UD8,TSRYS5870973,D,S,T,2024-09-12,1000000.00,4.051178,100.99987
08:01:56,912810UD8,TSRYS5870973,D,B,C,2024-09-12,1000000.00,4.062468,100.845703125
08:01:56,912810UD8,TSRYS5870973,D,S,D,2024-09-12,1000000.00,4.062468,100.845703125
08:01:56,912810UD8,TSRYS5870973,D,S,T,2024-09-12,1000000.00,4.061466,100.859375
08:01:56,912810UD8,TSRYS5870973,D,S,D,2024-09-12,1000000.00,4.061895,100.853515625
08:01:56,912810UD8,TSRYS5870973,D,S,D,2024-09-12,1000000.00,4.062611,100.84375
08:01:56,912810UD8,TSRYS5870973,D,S,T,2024-09-12,1000000.00,4.066048,100.796875
08:01:57,912810UD8,TSRYS5870973,D,S,T,2024-09-12,2000000.00,4.066048,100.796875
08:01:57,912810UD8,TSRYS5870973,D,S,T,2024-09-12,1000000.00,4.066048,100.796875
08:01:57,912810UD8,TSRYS5870973,D,S,C,2024-09-12,1000000.00,4.062038,100.8515625
08:01:57,912810UD8,TSRYS5870973,D,S,D,2024-09-12,1000000.00,4.062181,100.849609375
08:01:57,912810UD8,TSRYS5870973,D,S,T,2024-09-12,1000000.00,4.066048,100.796875
08:01:57,912810UD8,TSRYS5870973,D,S,T,2024-09-12,1000000.00,4.066048,100.796875
08:01:57,912810UD8,TSRYS5870973,D,S,D,2024-09-12,1000000.00,4.062324,100.84765625
08:01:57,912810UD8,TSRYS5870973,D,S,D,2024-09-12,1000000.00,4.061752,100.85546875
08:01:57,912810UD8,TSRYS5870973,D,S,T,2024-09-12,1000000.00,4.066048,100.796875
08:01:57,912810UD8,TSRYS5870973,D,S,T,2024-09-12,1000000.00,4.066048,100.796875
08:01:57,912810UD8,TSRYS5870973,D,S,T,2024-09-12,1000000.00,4.066048,100.796875
08:01:57,912810UD8,TSRYS5870973,D,S,T,2024-09-12,1000000.00,4.066048,100.796875
08:01:58,912810UD8,TSRYS5870973,D,S,D,2024-09-12,1000000.00,4.062611,100.84375
08:01:58,912810UD8,TSRYS5870973,D,S,D,2024-09-12,1000000.00,4.064615,100.81640625
08:01:58,912810UD8,TSRYS5870973,D,S,D,2024-09-12,1000000.00,4.064472,100.818359375
08:01:58,912810UD8,TSRYS5870973,D,S,D,2024-09-12,1000000.00,4.063899,100.826171875
08:01:58,912810UD8,TSRYS5870973,D,S,D,2024-09-12,1000000.00,4.064472,100.818359375
08:01:58,912810UD8,TSRYS5870973,D,S,D,2024-09-12,1000000.00,4.063613,100.830078125
08:01:58,912810UD8,TSRYS5870973,D,S,D,2024-09-12,1000000.00,4.064759,100.814453125
08:01:58,912810UD8,TSRYS5870973,D,S,D,2024-09-12,1000000.00,4.064759,100.814453125
08:01:58,912810UD8,TSRYS5870973,D,S,D,2024-09-12,1000000.00,4.064186,100.822265625
08:01:58,912810UD8,TSRYS5870973,D,S,D,2024-09-12,1000000.00,4.064759,100.814453125
08:01:58,912810UD8,TSRYS5870973,D,S,D,2024-09-12,1000000.00,4.064186,100.822265625
08:01:58,912810UD8,TSRYS5870973,D,B,C,2024-09-12,6000000.00,4.050026,101.015625
08:01:58,912810UD8,TSRYS5870973,D,S,D,2024-09-12,1000000.00,4.064759,100.814453125
08:01:58,912810UD8,TSRYS5870973,D,S,D,2024-09-12,1000000.00,4.064759,100.814453125
08:01:58,912810UD8,TSRYS5870973,D,S,D,2024-09-12,1000000.00,4.064759,100.814453125
08:01:58,912810UD8,TSRYS5870973,D,S,C,2024-09-12,1000000.00,4.064759,100.814453125
08:01:58,912810UD8,TSRYS5870973,D,S,D,2024-09-12,1000000.00,4.064186,100.822265625
08:01:59,912810UD8,TSRYS5870973,D,S,T,2024-09-12,2000000.00,4.050035,101.015495
08:01:59,912810UD8,TSRYS5870973,D,S,D,2024-09-12,1000000.00,4.064759,100.814453125
08:01:59,912810UD8,TSRYS5870973,D,S,D,2024-09-12,1000000.00,4.063327,100.833984375
08:01:59,912810UD8,TSRYS5870973,D,S,D,2024-09-12,1000000.00,4.064615,100.81640625
08:01:59,912810UD8,TSRYS5870973,D,S,C,2024-09-12,1000000.00,4.064615,100.81640625
08:01:59,912810UD8,TSRYS5870973,D,S,D,2024-09-12,1000000.00,4.064043,100.82421875
08:01:59,912810UD8,TSRYS5870973,D,B,C,2024-09-12,6000000.00,4.050312,101.01171875
08:01:59,912810UD8,TSRYS5870973,D,S,D,2024-09-12,1000000.00,4.064186,100.822265625
08:01:59,912810UD8,TSRYS5870973,D,S,T,2024-09-12,1000000.00,4.056887,100.921875
08:01:59,912810UD8,TSRYS5870973,D,B,C,2024-09-12,1000000.00,4.065475,100.8046875
08:01:59,912810UD8,TSRYS5870973,D,B,C,2024-09-12,1000000.00,4.064615,100.81640625
08:01:59,912810UD8,TSRYS5870973,D,S,C,2024-09-12,1000000.00,4.06304,100.837890625
08:02:00,912810UD8,TSRYS5870973,D,S,T,2024-09-12,1000000.00,4.052322,100.984245
08:02:00,912810UD8,TSRYS5870973,D,S,T,2024-09-12,1000000.00,4.052322,100.984245
08:02:00,912810UD8,TSRYS5870973,D,S,T,2024-09-12,1000000.00,4.054456,100.955078125
08:02:00,912810UD8,TSRYS5870973,D,S,T,2024-09-12,1000000.00,4.053598,100.966796875
08:02:00,912810UD8,TSRYS5870973,D,S,D,2024-09-12,1000000.00,4.049597,101.021484375
08:02:00,912810UD8,TSRYS5870973,D,S,T,2024-09-12,1000000.00,4.050312,101.01171875
08:02:00,912810UD8,TSRYS5870973,D,S,T,2024-09-12,1000000.00,4.062181,100.849609375
08:02:00,912810UD8,TSRYS5870973,D,S,T,2024-09-12,1000000.00,4.061752,100.85546875
08:02:00,912810UD8,TSRYS5870973,D,S,T,2024-09-12,1000000.00,4.064043,100.82421875
08:02:01,912810UD8,TSRYS5870973,D,S,T,2024-09-12,1000000.00,4.062038,100.8515625
08:02:01,912810UD8,TSRYS5870973,D,S,T,2024-09-12,1000000.00,4.051169,101.0
08:02:01,912810UD8,TSRYS5870973,D,S,T,2024-09-12,1000000.00,4.060607,100.87109375
08:02:01,912810UD8,TSRYS5870973,D,B,C,2024-09-12,1000000.00,4.045457,101.078125
08:02:01,912810UD8,TSRYS5870973,D,S,C,2024-09-12,1000000.00,4.045444,101.0783
08:02:01,912810UD8,TSRYS5870973,D,S,C,2024-09-12,1000000.00,4.045442,101.078325
08:02:01,912810UD8,TSRYS5870973,D,S,T,2024-09-12,1000000.00,4.064615,100.81640625
08:02:01,912810UD8,TSRYS5870973,D,S,D,2024-09-12,1000000.00,4.053741,100.96484375
08:02:01,912810UD8,TSRYS5870973,D,S,T,2024-09-12,1000000.00,4.053741,100.96484375
08:02:01,912810UD8,TSRYS5870973,D,S,T,2024-09-12,1000000.00,4.066191,100.794921875
08:02:01,912810UD8,TSRYS5870973,D,S,T,2024-09-12,1000000.00,4.066191,100.794921875
08:02:01,912810UD8,TSRYS5870973,D,S,D,2024-09-12,1000000.00,4.053741,100.96484375
08:02:01,912810UD8,TSRYS5870973,D,S,T,2024-09-12,1000000.00,4.064043,100.82421875
08:02:01,912810UD8,TSRYS5870973,D,S,T,2024-09-12,1000000.00,4.066764,100.787109375
08:02:01,912810UD8,TSRYS5870973,D,S,T,2024-09-12,1000000.00,4.066191,100.794921875
08:02:01,912810UD8,TSRYS5870973,D,S,T,2024-09-12,1000000.00,4.064043,100.82421875
08:02:01,912810UD8,TSRYS5870973,D,S,A,2024-09-12,2000000.00,4.049704,101.01953125
08:02:01,912810UD8,TSRYS5870973,D,S,T,2024-09-12,1000000.00,4.055314,100.943359375
08:02:01,912810UD8,TSRYS5870973,D,S,T,2024-09-12,1000000.00,4.044315,101.09375
08:02:01,912810UD8,TSRYS5870973,D,S,T,2024-09-12,1000000.00,4.058031,100.90625
08:02:01,912810UD8,TSRYS5870973,D,S,T,2024-09-12,1000000.00,4.054599,100.953125
08:02:01,912810UD8,TSRYS5870973,D,S,T,2024-09-12,1000000.00,4.052312,100.984375
08:02:01,912810UD8,TSRYS5870973,D,S,T,2024-09-12,1000000.00,4.052312,100.984375
08:02:01,912810UD8,TSRYS5870973,D,S,T,2024-09-12,1000000.00,4.051169,101.0
08:02:01,912810UD8,TSRYS5870973,D,S,T,2024-09-12,1000000.00,4.051169,101.0
08:02:01,912810UD8,TSRYS5870973,D,S,T,2024-09-12,1000000.00,4.048883,101.03125
08:02:01,912810UD8,TSRYS5870973,D,S,A,2024-09-12,700000.00,4.047741,101.046875
08:02:01,912810UD8,TSRYS5870973,D,S,T,2024-09-12,1000000.00,4.047741,101.046875
08:02:01,912810UD8,TSRYS5870973,D,S,T,2024-09-12,1000000.00,4.050026,101.015625
08:02:01,912810UD8,TSRYS5870973,D,S,D,2024-09-12,1000000.00,4.053741,100.96484375
08:02:01,912810UD8,TSRYS5870973,D,S,D,2024-09-12,1000000.00,4.050597,101.0078125
08:02:01,912810UD8,TSRYS5870973,D,S,T,2024-09-12,1000000.00,4.050026,101.015625
08:02:01,912810UD8,TSRYS5870973,D,S,T,2024-09-12,2000000.00,4.050026,101.015625
08:02:01,912810UD8,TSRYS5870973,D,S,T,2024-09-12,1000000.00,4.050026,101.015625
08:02:01,912810UD8,TSRYS5870973,D,S,T,2024-09-12,1000000.00,4.050026,101.015625
08:02:01,912810UD8,TSRYS5870973,D,S,T,2024-09-12,1000000.00,4.050026,101.015625
08:02:01,912810UD8,TSRYS5870973,D,B,C,2024-09-12,6000000.00,4.050312,101.01171875
08:02:01,912810UD8,TSRYS5870973,D,S,T,2024-09-12,1000000.00,4.05074,101.005859375
08:02:01,912810UD8,TSRYS5870973,D,S,T,2024-09-12,1000000.00,4.053455,100.96875
08:02:01,912810UD8,TSRYS5870973,D,S,T,2024-09-12,1000000.00,4.055743,100.9375
08:02:01,912810UD8,TSRYS5870973,D,S,T,2024-09-12,1000000.00,4.055743,100.9375
08:02:01,912810UD8,TSRYS5870973,D,S,T,2024-09-12,1000000.00,4.055743,100.9375
08:02:01,912810UD8,TSRYS5870973,D,S,T,2024-09-12,1000000.00,4.055743,100.9375
08:02:01,912810UD8,TSRYS5870973,D,S,T,2024-09-12,1000000.00,4.055743,100.9375
08:02:01,912810UD8,TSRYS5870973,D,S,T,2024-09-12,1000000.00,4.056887,100.921875
08:02:02,912810UD8,TSRYS5870973,D,S,T,2024-09-12,1000000.00,4.063756,100.828125
08:02:02,912810UD8,TSRYS5870973,D,S,T,2024-09-12,1000000.00,4.062611,100.84375
08:02:02,912810UD8,TSRYS5870973,D,S,T,2024-09-12,2000000.00,4.062611,100.84375
08:02:02,912810UD8,TSRYS5870973,D,S,T,2024-09-12,1000000.00,4.062611,100.84375
08:02:02,912810UD8,TSRYS5870973,D,S,T,2024-09-12,1000000.00,4.059176,100.890625
08:02:02,912810UD8,TSRYS5870973,D,S,T,2024-09-12,1000000.00,4.061466,100.859375
08:02:02,912810UD8,TSRYS5870973,D,S,T,2024-09-12,1000000.00,4.061466,100.859375
08:02:02,912810UD8,TSRYS5870973,D,S,T,2024-09-12,1000000.00,4.060321,100.875
08:02:02,912810UD8,TSRYS5870973,D,S,T,2024-09-12,1000000.00,4.060321,100.875
08:02:02,912810UD8,TSRYS5870973,D,S,T,2024-09-12,1000000.00,4.067194,100.78125
08:02:02,912810UD8,TSRYS5870973,D,S,T,2024-09-12,1000000.00,4.066048,100.796875
08:02:02,912810UD8,TSRYS5870973,D,S,T,2024-09-12,1000000.00,4.066048,100.796875
08:02:02,912810UD8,TSRYS5870973,D,S,T,2024-09-12,1000000.00,4.064902,100.8125
08:02:02,912810UD8,TSRYS5870973,D,S,T,2024-09-12,1000000.00,4.063756,100.828125
08:02:02,912810UD8,TSRYS5870973,D,S,T,2024-09-12,1000000.00,4.059176,100.890625
08:02:02,912810UD8,TSRYS5870973,D,S,T,2024-09-12,1000000.00,4.059176,100.890625
08:02:02,912810UD8,TSRYS5870973,D,S,T,2024-09-12,1000000.00,4.058031,100.90625
08:02:02,912810UD8,TSRYS5870973,D,S,T,2024-09-12,1000000.00,4.058031,100.90625
08:02:02,912810UD8,TSRYS5870973,D,S,T,2024-09-12,1000000.00,4.058031,100.90625
08:02:02,912810UD8,TSRYS5870973,D,S,T,2024-09-12,1000000.00,4.055743,100.9375
08:02:02,912810UD8,TSRYS5870973,D,S,T,2024-09-12,1000000.00,4.058031,100.90625
08:02:02,912810UD8,TSRYS5870973,D,S,T,2024-09-12,1000000.00,4.055743,100.9375
08:02:02,912810UD8,TSRYS5870973,D,S,T,2024-09-12,1000000.00,4.055743,100.9375
08:02:02,912810UD8,TSRYS5870973,D,S,C,2024-09-12,1000000.00,4.048883,101.03125
08:02:03,912810UD8,TSRYS5870973,D,S,D,2024-09-12,1000000.00,4.046599,101.0625
08:02:03,912810UD8,TSRYS5870973,D,S,T,2024-09-12,1000000.00,4.054599,100.953125
08:02:03,912810UD8,TSRYS5870973,D,S,D,2024-09-12,1000000.00,4.045457,101.078125
08:02:03,912810UD8,TSRYS5870973,D,S,D,2024-09-12,1000000.00,4.049169,101.02734375
08:02:03,912810UD8,TSRYS5870973,D,S,D,2024-09-12,1000000.00,4.044315,101.09375
08:02:03,912810UD8,TSRYS5870973,D,S,D,2024-09-12,1000000.00,4.044315,101.09375
08:02:03,912810UD8,TSRYS5870973,D,B,C,2024-09-12,1000000.00,4.044329,101.09355
08:02:03,912810UD8,TSRYS5870973,D,S,D,2024-09-12,1000000.00,4.044315,101.09375
08:02:03,912810UD8,TSRYS5870973,D,S,D,2024-09-12,1000000.00,4.044315,101.09375
08:02:03,912810UD8,TSRYS5870973,D,S,D,2024-09-12,1000000.00,4.044315,101.09375
08:02:03,912810UD8,TSRYS5870973,D,S,T,2024-09-12,1000000.00,4.065045,100.81054687
08:02:03,912810UD8,TSRYS5870973,D,S,D,2024-09-12,1000000.00,4.065045,100.81054687
08:02:03,912810UD8,TSRYS5870973,D,S,C,2024-09-12,1000000.00,4.062611,100.84375
08:02:03,912810UD8,TSRYS5870973,D,S,D,2024-09-12,1000000.00,4.050883,101.00390625
08:02:04,912810UD8,TSRYS5870973,D,S,C,2024-09-12,1000000.00,4.048869,101.03145
08:02:04,912810UD8,TSRYS5870973,D,B,C,2024-09-12,1000000.00,4.048894,101.0311
08:02:04,912810UD8,TSRYS5870973,D,S,D,2024-09-12,1000000.00,4.050016,101.015755
08:02:04,912810UD8,TSRYS5870973,D,S,T,2024-09-12,1000000.00,4.055752,100.93737
08:02:05,912810UD8,TSRYS5870973,D,S,D,2024-09-12,1000000.00,4.062324,100.84765625
08:02:05,912810UD8,TSRYS5870973,D,S,T,2024-09-12,1000000.00,4.062897,100.83984375
08:02:05,912810UD8,TSRYS5870973,D,S,D,2024-09-12,1000000.00,4.062897,100.83984375
08:02:05,912810UD8,TSRYS5870973,D,S,C,2024-09-12,7000000.00,4.065966,100.79799
08:02:05,912810UD8,TSRYS5870973,D,S,T,2024-09-12,1000000.00,4.055752,100.93737
08:02:05,912810UD8,TSRYS5870973,D,B,C,2024-09-12,1000000.00,4.064329,100.8203125
08:02:05,912810UD8,TSRYS5870973,D,B,C,2024-09-12,1000000.00,4.059176,100.890625
08:02:05,912810UD8,TSRYS5870973,D,S,D,2024-09-12,1000000.00,4.059176,100.890625
08:02:05,912810UD8,TSRYS5870973,D,S,D,2024-09-12,1000000.00,4.064043,100.82421875
08:02:06,912810UD8,TSRYS5870973,D,S,A,2024-09-12,1000000.00,4.055171,100.9453125
08:02:06,912810UD8,TSRYS5870973,D,S,C,2024-09-12,1000000.00,4.064186,100.82226562
08:02:06,912810UD8,TSRYS5870973,D,S,T,2024-09-12,1000000.00,4.050026,101.015625
08:02:07,912810UD8,TSRYS5870973,D,S,T,2024-09-12,1000000.00,4.050026,101.015625
08:02:07,912810UD8,TSRYS5870973,D,S,T,2024-09-12,1000000.00,4.051169,101.0
08:02:07,912810UD8,TSRYS5870973,D,S,T,2024-09-12,1000000.00,4.054599,100.953125
08:02:07,912810UD8,TSRYS5870973,D,S,T,2024-09-12,1000000.00,4.058041,100.90612
08:02:07,912810UD8,TSRYS5870973,D,S,T,2024-09-12,1000000.00,4.055743,100.9375
08:02:08,912810UD8,TSRYS5870973,D,S,C,2024-09-12,1000000.00,4.059176,100.890625
08:02:08,912810UD8,TSRYS5870973,D,B,C,2024-09-12,6000000.00,4.052598,100.98046875
08:02:08,912810UD8,TSRYS5870973,D,S,T,2024-09-12,1000000.00,4.049883,101.017578125
08:02:09,912810UD8,TSRYS5870973,D,S,A,2024-09-12,5364000.00,4.057745,100.91015625
08:02:09,912810UD8,TSRYS5870973,D,S,C,2024-09-12,1000000.00,4.060321,100.875
08:02:09,912810UD8,TSRYS5870973,D,B,C,2024-09-12,1000000.00,4.060321,100.875
08:02:09,912810UD8,TSRYS5870973,D,B,C,2024-09-12,1000000.00,4.064472,100.81835937
08:02:09,912810UD8,TSRYS5870973,D,B,C,2024-09-12,1000000.00,4.064472,100.81835937
08:02:10,912810UD8,TSRYS5870973,D,S,T,2024-09-12,1000000.00,4.061466,100.859375
08:02:10,912810UD8,TSRYS5870973,D,S,D,2024-09-12,1000000.00,4.062897,100.83984375
08:02:11,912810UD8,TSRYS5870973,D,B,C,2024-09-12,6000000.00,4.050597,101.0078125
08:02:11,912810UD8,TSRYS5870973,D,B,C,2024-09-12,6000000.00,4.050883,101.00390625
08:02:11,912810UD8,TSRYS5870973,D,S,T,2024-09-12,1000000.00,4.051169,101.0
08:02:11,912810UD8,TSRYS5870973,D,S,C,2024-09-12,1000000.00,4.060464,100.87304687
08:02:11,912810UD8,TSRYS5870973,D,B,C,2024-09-12,1000000.00,4.059176,100.890625
08:02:11,912810UD8,TSRYS5870973,D,S,D,2024-09-12,1000000.00,4.059176,100.890625
08:02:11,912810UD8,TSRYS5870973,D,S,D,2024-09-12,1000000.00,4.061466,100.859375
08:02:11,912810UD8,TSRYS5870973,D,S,D,2024-09-12,1000000.00,4.061466,100.859375
08:02:12,912810UD8,TSRYS5870973,D,S,T,2024-09-12,1000000.00,4.060321,100.875
08:02:12,912810UD8,TSRYS5870973,D,B,C,2024-09-12,6000000.00,4.04974,101.01953125
08:02:13,912810UD8,TSRYS5870973,D,S,T,2024-09-12,1000000.00,4.063756,100.828125
08:02:13,912810UD8,TSRYS5870973,D,S,T,2024-09-12,1000000.00,4.060321,100.875
08:02:13,912810UD8,TSRYS5870973,D,S,A,2024-09-12,1000000.00,4.047455,101.05078125
08:02:13,912810UD8,TSRYS5870973,D,S,C,2024-09-12,1000000.00,4.050011,101.015825
08:02:13,912810UD8,TSRYS5870973,D,B,C,2024-09-12,6000000.00,4.049169,101.02734375
08:02:13,912810UD8,TSRYS5870973,D,S,C,2024-09-12,1000000.00,4.051169,101.0
08:02:13,912810UD8,TSRYS5870973,D,S,C,2024-09-12,1000000.00,4.051169,101.0
08:02:14,912810UD8,TSRYS5870973,D,S,C,2024-09-12,1000000.00,4.059319,100.88867187
08:02:14,912810UD8,TSRYS5870973,D,S,D,2024-09-12,1000000.00,4.058747,100.89648437
08:02:14,912810UD8,TSRYS5870973,D,S,D,2024-09-12,1000000.00,4.058747,100.89648437
08:02:14,912810UD8,TSRYS5870973,D,S,D,2024-09-12,1000000.00,4.062468,100.845703125
08:02:14,912810UD8,TSRYS5870973,D,S,D,2024-09-12,1000000.00,4.052312,100.984375
08:02:14,912810UD8,TSRYS5870973,D,B,C,2024-09-12,1000000.00,4.052323,100.984225
08:02:14,912810UD8,TSRYS5870973,D,S,C,2024-09-12,1000000.00,4.052297,100.984575
08:02:14,912810UD8,TSRYS5870973,D,S,C,2024-09-12,1000000.00,4.052297,100.984575
08:02:14,912810UD8,TSRYS5870973,D,B,C,2024-09-12,1000000.00,4.052323,100.984225
08:02:14,912810UD8,TSRYS5870973,D,B,C,2024-09-12,1000000.00,4.052323,100.984225
08:02:14,912810UD8,TSRYS5870973,D,B,C,2024-09-12,1000000.00,4.052323,100.984225
08:02:14,912810UD8,TSRYS5870973,D,S,C,2024-09-12,1000000.00,4.052297,100.984575
08:02:15,912810UD8,TSRYS5870973,D,S,A,2024-09-12,1731000.00,4.04974,101.01953125
08:02:15,912810UD8,TSRYS5870973,D,S,T,2024-09-12,1000000.00,4.054599,100.953125
08:02:15,912810UD8,TSRYS5870973,D,S,T,2024-09-12,1000000.00,4.054599,100.953125
08:02:15,912810UD8,TSRYS5870973,D,B,A,2024-09-12,1000000.00,4.054599,100.953125
08:02:15,912810UD8,TSRYS5870973,D,S,D,2024-09-12,1000000.00,4.052312,100.984375
08:02:15,912810UD8,TSRYS5870973,D,S,D,2024-09-12,1000000.00,4.064902,100.8125
08:02:15,912810UD8,TSRYS5870973,D,B,C,2024-09-12,1000000.00,4.064902,100.8125
08:02:15,912810UD8,TSRYS5870973,D,B,C,2024-09-12,1000000.00,4.052327,100.984175
08:02:15,912810UD8,TSRYS5870973,D,B,A,2024-09-12,1000000.00,4.054599,100.953125
08:02:15,912810UD8,TSRYS5870973,D,S,C,2024-09-12,1000000.00,4.066048,100.796875
08:02:16,912810UD8,TSRYS5870973,D,S,D,2024-09-12,1000000.00,4.054599,100.953125
08:02:16,912810UD8,TSRYS5870973,D,S,T,2024-09-12,1000000.00,4.059176,100.890625
08:02:16,912810UD8,TSRYS5870973,D,S,T,2024-09-12,1000000.00,4.058031,100.90625
08:02:16,912810UD8,TSRYS5870973,D,S,T,2024-09-12,1000000.00,4.059176,100.890625
08:02:17,912810UD8,TSRYS5870973,D,B,C,2024-09-12,6000000.00,4.050883,101.00390625
08:02:17,912810UD8,TSRYS5870973,D,S,D,2024-09-12,1000000.00,4.066764,100.787109375
08:02:17,912810UD8,TSRYS5870973,D,S,T,2024-09-12,1000000.00,4.061466,100.859375
08:02:18,912810UD8,TSRYS5870973,D,S,D,2024-09-12,1000000.00,4.066048,100.796875
08:02:18,912810UD8,TSRYS5870973,D,S,D,2024-09-12,1000000.00,4.066048,100.796875
08:02:18,912810UD8,TSRYS5870973,D,B,C,2024-09-12,6000000.00,4.062897,100.83984375
08:02:18,912810UD8,TSRYS5870973,D,S,D,2024-09-12,1000000.00,4.053455,100.96875
08:02:18,912810UD8,TSRYS5870973,D,S,D,2024-09-12,1000000.00,4.053455,100.96875
08:02:18,912810UD8,TSRYS5870973,D,B,C,2024-09-12,1000000.00,4.053466,100.9686
08:02:18,912810UD8,TSRYS5870973,D,S,D,2024-09-12,1000000.00,4.066764,100.787109375
08:02:18,912810UD8,TSRYS5870973,D,S,C,2024-09-12,1000000.00,4.053441,100.96895
08:02:18,912810UD8,TSRYS5870973,D,S,C,2024-09-12,1000000.00,4.053441,100.96895
08:02:18,912810UD8,TSRYS5870973,D,B,C,2024-09-12,1000000.00,4.053466,100.9686
08:02:18,912810UD8,TSRYS5870973,D,S,C,2024-09-12,1000000.00,4.053441,100.96895
08:02:18,912810UD8,TSRYS5870973,D,S,T,2024-09-12,1000000.00,4.063183,100.8359375
08:02:18,912810UD8,TSRYS5870973,D,S,C,2024-09-12,1000000.00,4.053455,100.96875
08:02:18,912810UD8,TSRYS5870973,D,S,C,2024-09-12,1000000.00,4.053443,100.968925
08:02:19,912810UD8,TSRYS5870973,D,B,C,2024-09-12,1000000.00,4.053455,100.96875
08:02:19,912810UD8,TSRYS5870973,D,B,C,2024-09-12,1000000.00,4.053455,100.96875
08:02:19,912810UD8,TSRYS5870973,D,S,C,2024-09-12,1000000.00,4.053455,100.96875
08:02:19,912810UD8,TSRYS5870973,D,B,C,2024-09-12,1000000.00,4.053466,100.9686
08:02:19,912810UD8,TSRYS5870973,D,B,C,2024-09-12,1000000.00,4.053455,100.96875
08:02:19,912810UD8,TSRYS5870973,D,B,C,2024-09-12,6000000.00,4.052598,100.98046875
08:02:19,912810UD8,TSRYS5870973,D,B,C,2024-09-12,6000000.00,4.049455,101.0234375
08:02:20,912810UD8,TSRYS5870973,D,S,T,2024-09-12,1000000.00,4.06304,100.837890625
08:02:20,912810UD8,TSRYS5870973,D,S,D,2024-09-12,1000000.00,4.054584,100.953325
08:02:20,912810UD8,TSRYS5870973,D,S,D,2024-09-12,1000000.00,4.066191,100.794921875
08:02:20,912810UD8,TSRYS5870973,D,B,C,2024-09-12,1000000.00,4.066191,100.794921875
08:02:20,912810UD8,TSRYS5870973,D,S,D,2024-09-12,1000000.00,4.066191,100.794921875
08:02:20,912810UD8,TSRYS5870973,D,S,D,2024-09-12,1000000.00,4.066191,100.794921875
08:02:20,912810UD8,TSRYS5870973,D,S,D,2024-09-12,1000000.00,4.051169,101.0
08:02:20,912810UD8,TSRYS5870973,D,S,D,2024-09-12,1000000.00,4.066191,100.794921875
08:02:20,912810UD8,TSRYS5870973,D,S,D,2024-09-12,1000000.00,4.064902,100.8125
08:02:20,912810UD8,TSRYS5870973,D,S,D,2024-09-12,1000000.00,4.065045,100.810546875
08:02:20,912810UD8,TSRYS5870973,D,S,D,2024-09-12,1000000.00,4.050026,101.015625
08:02:20,912810UD8,TSRYS5870973,D,B,C,2024-09-12,1000000.00,4.061466,100.859375
08:02:20,912810UD8,TSRYS5870973,D,S,D,2024-09-12,1000000.00,4.061466,100.859375
08:02:20,912810UD8,TSRYS5870973,D,B,C,2024-09-12,1000000.00,4.061466,100.859375
08:02:20,912810UD8,TSRYS5870973,D,S,D,2024-09-12,1000000.00,4.061466,100.859375
08:02:20,912810UD8,TSRYS5870973,D,B,C,2024-09-12,1000000.00,4.05347,100.96855
08:02:20,912810UD8,TSRYS5870973,D,S,D,2024-09-12,1000000.00,4.052312,100.984375
08:02:20,912810UD8,TSRYS5870973,D,B,C,2024-09-12,1000000.00,4.052327,100.984175
08:02:20,912810UD8,TSRYS5870973,D,S,D,2024-09-12,1000000.00,4.052312,100.984375
08:02:20,912810UD8,TSRYS5870973,D,S,D,2024-09-12,1000000.00,4.062897,100.83984375
08:02:21,912810UD8,TSRYS5870973,D,S,D,2024-09-12,1000000.00,4.062038,100.8515625
08:02:21,912810UD8,TSRYS5870973,D,S,D,2024-09-12,1000000.00,4.062038,100.8515625
08:02:21,912810UD8,TSRYS5870973,D,S,C,2024-09-12,1000000.00,4.062611,100.84375
08:02:21,912810UD8,TSRYS5870973,D,B,C,2024-09-12,1000000.00,4.062611,100.84375
08:02:21,912810UD8,TSRYS5870973,D,S,D,2024-09-12,1000000.00,4.064902,100.8125
08:02:21,912810UD8,TSRYS5870973,D,S,D,2024-09-12,1000000.00,4.064043,100.82421875
08:02:21,912810UD8,TSRYS5870973,D,S,C,2024-09-12,2000000.00,4.064329,100.8203125
08:02:21,912810UD8,TSRYS5870973,D,S,D,2024-09-12,1000000.00,4.064329,100.8203125
08:02:21,912810UD8,TSRYS5870973,D,S,D,2024-09-12,1000000.00,4.064615,100.81640625
08:02:21,912810UD8,TSRYS5870973,D,S,D,2024-09-12,1000000.00,4.064902,100.8125
08:02:21,912810UD8,TSRYS5870973,D,S,D,2024-09-12,1000000.00,4.064902,100.8125
08:02:21,912810UD8,TSRYS5870973,D,S,D,2024-09-12,1000000.00,4.064615,100.81640625
08:02:22,912810UD8,TSRYS5870973,D,S,D,2024-09-12,1000000.00,4.050026,101.015625
08:02:22,912810UD8,TSRYS5870973,D,S,D,2024-09-12,1000000.00,4.051169,101.0
08:02:22,912810UD8,TSRYS5870973,D,S,C,2024-09-12,2000000.00,4.064329,100.8203125
08:02:22,912810UD8,TSRYS5870973,D,S,D,2024-09-12,1000000.00,4.064615,100.81640625
08:02:22,912810UD8,TSRYS5870973,D,S,D,2024-09-12,1000000.00,4.064615,100.81640625
08:02:22,912810UD8,TSRYS5870973,D,S,D,2024-09-12,1000000.00,4.063756,100.828125
08:02:22,912810UD8,TSRYS5870973,D,S,D,2024-09-12,1000000.00,4.063756,100.828125
08:02:23,912810UD8,TSRYS5870973,D,S,T,2024-09-12,1000000.00,4.066048,100.796875
08:02:23,912810UD8,TSRYS5870973,D,S,D,2024-09-12,1000000.00,4.053455,100.96875
08:02:23,912810UD8,TSRYS5870973,D,S,D,2024-09-12,1000000.00,4.053455,100.96875
08:02:23,912810UD8,TSRYS5870973,D,S,D,2024-09-12,1000000.00,4.052312,100.984375
08:02:23,912810UD8,TSRYS5870973,D,B,C,2024-09-12,1000000.00,4.050039,101.01545
08:02:23,912810UD8,TSRYS5870973,D,B,C,2024-09-12,1000000.00,4.052327,100.984175
08:02:23,912810UD8,TSRYS5870973,D,S,D,2024-09-12,1000000.00,4.052312,100.984375
08:02:23,912810UD8,TSRYS5870973,D,S,D,2024-09-12,1000000.00,4.053455,100.96875
08:02:23,912810UD8,TSRYS5870973,D,B,C,2024-09-12,1000000.00,4.05347,100.96855
08:02:23,912810UD8,TSRYS5870973,D,S,D,2024-09-12,1000000.00,4.052312,100.984375
08:02:23,912810UD8,TSRYS5870973,D,S,D,2024-09-12,1000000.00,4.052312,100.984375
08:02:23,912810UD8,TSRYS5870973,D,S,D,2024-09-12,1000000.00,4.052312,100.984375
08:02:23,912810UD8,TSRYS5870973,D,B,C,2024-09-12,1000000.00,4.052327,100.984175
08:02:23,912810UD8,TSRYS5870973,D,S,D,2024-09-12,1000000.00,4.047741,101.046875
08:02:23,912810UD8,TSRYS5870973,D,S,T,2024-09-12,1000000.00,4.050026,101.015625
08:02:23,912810UD8,TSRYS5870973,D,S,T,2024-09-12,1000000.00,4.062475,100.845603125
08:02:23,912810UD8,TSRYS5870973,D,S,T,2024-09-12,2000000.00,4.062475,100.845603125
08:02:24,912810UD8,TSRYS5870973,D,S,T,2024-09-12,1000000.00,4.062618,100.84365
08:02:24,912810UD8,TSRYS5870973,D,S,T,2024-09-12,2000000.00,4.062618,100.84365
08:02:24,912810UD8,TSRYS5870973,D,S,T,2024-09-12,1000000.00,4.062468,100.845703125
08:02:24,912810UD8,TSRYS5870973,D,S,T,2024-09-12,1000000.00,4.062475,100.845603125
08:02:24,912810UD8,TSRYS5870973,D,S,T,2024-09-12,1000000.00,4.062332,100.84755625
08:02:24,912810UD8,TSRYS5870973,D,S,T,2024-09-12,1000000.00,4.062611,100.84375
08:02:24,912810UD8,TSRYS5870973,D,S,D,2024-09-12,1000000.00,4.066191,100.794921875
08:02:24,912810UD8,TSRYS5870973,D,B,C,2024-09-12,6000000.00,4.062038,100.8515625
08:02:24,912810UD8,TSRYS5870973,D,S,D,2024-09-12,1000000.00,4.048883,101.03125
08:02:24,912810UD8,TSRYS5870973,D,S,D,2024-09-12,1000000.00,4.064043,100.82421875
08:02:25,912810UD8,TSRYS5870973,D,S,D,2024-09-12,1000000.00,4.063756,100.828125
08:02:25,912810UD8,TSRYS5870973,D,S,C,2024-09-12,2000000.00,4.064329,100.8203125
08:02:25,912810UD8,TSRYS5870973,D,S,C,2024-09-12,2000000.00,4.064329,100.8203125
08:02:25,912810UD8,TSRYS5870973,D,S,D,2024-09-12,1000000.00,4.063756,100.828125
08:02:26,912810UD8,TSRYS5870973,D,S,D,2024-09-12,1000000.00,4.061752,100.85546875
08:02:26,912810UD8,TSRYS5870973,D,B,C,2024-09-12,1000000.00,4.061752,100.85546875
08:02:27,912810UD8,TSRYS5870973,D,S,D,2024-09-12,1000000.00,4.059605,100.884765625
08:02:27,912810UD8,TSRYS5870973,D,S,D,2024-09-12,1000000.00,4.059605,100.884765625
08:02:27,912810UD8,TSRYS5870973,D,S,D,2024-09-12,2000000.00,4.047741,101.046875
08:02:27,912810UD8,TSRYS5870973,D,S,D,2024-09-12,1000000.00,4.047741,101.046875
08:02:27,912810UD8,TSRYS5870973,D,B,C,2024-09-12,2000000.00,4.047741,101.046875
08:02:27,912810UD8,TSRYS5870973,D,B,C,2024-09-12,1000000.00,4.047757,101.04665
08:02:27,912810UD8,TSRYS5870973,D,S,D,2024-09-12,1000000.00,4.047741,101.046875
08:02:28,912810UD8,TSRYS5870973,D,S,D,2024-09-12,1000000.00,4.047741,101.046875
08:02:28,912810UD8,TSRYS5870973,D,S,D,2024-09-12,1000000.00,4.047741,101.046875
08:02:28,912810UD8,TSRYS5870973,D,S,D,2024-09-12,1000000.00,4.047741,101.046875
08:02:28,912810UD8,TSRYS5870973,D,S,D,2024-09-12,1000000.00,4.047741,101.046875
08:02:28,912810UD8,TSRYS5870973,D,S,D,2024-09-12,1000000.00,4.047741,101.046875
08:02:28,912810UD8,TSRYS5870973,D,S,D,2024-09-12,1000000.00,4.047741,101.046875
08:02:28,912810UD8,TSRYS5870973,D,B,C,2024-09-12,1000000.00,4.047755,101.046675
08:02:28,912810UD8,TSRYS5870973,D,S,D,2024-09-12,1000000.00,4.047741,101.046875
08:02:28,912810UD8,TSRYS5870973,D,S,D,2024-09-12,1000000.00,4.047741,101.046875
08:02:28,912810UD8,TSRYS5870973,D,S,D,2024-09-12,1000000.00,4.049597,101.02148438
08:02:29,912810UD8,TSRYS5870973,D,S,D,2024-09-12,1000000.00,4.051169,101.0
08:02:29,912810UD8,TSRYS5870973,D,S,D,2024-09-12,1000000.00,4.050312,101.01171875
08:02:29,912810UD8,TSRYS5870973,D,S,D,2024-09-12,1000000.00,4.050016,101.015755
08:02:29,912810UD8,TSRYS5870973,D,B,C,2024-09-12,6000000.00,4.050883,101.00390625
08:02:30,912810UD8,TSRYS5870973,D,S,D,2024-09-12,1000000.00,4.058031,100.90625
08:02:30,912810UD8,TSRYS5870973,D,B,C,2024-09-12,1000000.00,4.058031,100.90625
08:02:30,912810UD8,TSRYS5870973,D,S,D,2024-09-12,1000000.00,4.058031,100.90625
08:02:30,912810UD8,TSRYS5870973,D,S,D,2024-09-12,1000000.00,4.058174,100.904296875
08:02:30,912810UD8,TSRYS5870973,D,S,D,2024-09-12,1000000.00,4.058031,100.90625
08:02:30,912810UD8,TSRYS5870973,D,B,C,2024-09-12,1000000.00,4.057316,100.916015625
08:02:30,912810UD8,TSRYS5870973,D,S,D,2024-09-12,1000000.00,4.057316,100.916015625
08:02:30,912810UD8,TSRYS5870973,D,S,D,2024-09-12,2000000.00,4.058031,100.90625
08:02:30,912810UD8,TSRYS5870973,D,S,T,2024-09-12,1000000.00,4.050035,101.0155
08:02:30,912810UD8,TSRYS5870973,D,S,T,2024-09-12,1000000.00,4.050035,101.0155
08:02:32,912810UD8,TSRYS5870973,D,S,D,2024-09-12,1000000.00,4.057459,100.9140625
08:02:32,912810UD8,TSRYS5870973,D,B,C,2024-09-12,1000000.00,4.057459,100.9140625
08:02:32,912810UD8,TSRYS5870973,D,S,D,2024-09-12,1000000.00,4.048883,101.03125
08:02:32,912810UD8,TSRYS5870973,D,S,D,2024-09-12,1000000.00,4.048883,101.03125
08:02:32,912810UD8,TSRYS5870973,D,S,D,2024-09-12,1000000.00,4.048883,101.03125
08:02:32,912810UD8,TSRYS5870973,D,S,D,2024-09-12,1000000.00,4.048883,101.03125
08:02:32,912810UD8,TSRYS5870973,D,S,D,2024-09-12,1000000.00,4.048883,101.03125
08:02:32,912810UD8,TSRYS5870973,D,S,D,2024-09-12,1000000.00,4.048883,101.03125
08:02:32,912810UD8,TSRYS5870973,D,S,D,2024-09-12,1000000.00,4.055743,100.9375
08:02:32,912810UD8,TSRYS5870973,D,B,C,2024-09-12,1000000.00,4.055743,100.9375
08:02:32,912810UD8,TSRYS5870973,D,S,D,2024-09-12,1000000.00,4.051169,101.0
08:02:32,912810UD8,TSRYS5870973,D,S,C,2024-09-12,1000000.00,4.051154,101.0002
08:02:32,912810UD8,TSRYS5870973,D,B,C,2024-09-12,6000000.00,4.050883,101.00390625
08:02:32,912810UD8,TSRYS5870973,D,S,C,2024-09-12,1000000.00,4.052297,100.984575
08:02:32,912810UD8,TSRYS5870973,D,B,C,2024-09-12,1000000.00,4.050042,101.0154
08:02:32,912810UD8,TSRYS5870973,D,S,D,2024-09-12,1000000.00,4.050026,101.015625
08:02:33,912810UD8,TSRYS5870973,D,S,D,2024-09-12,1000000.00,4.050312,101.01171875
08:02:33,912810UD8,TSRYS5870973,D,B,C,2024-09-12,6000000.00,4.051169,101.0
08:02:33,912810UD8,TSRYS5870973,D,B,C,2024-09-12,6000000.00,4.048883,101.03125
08:02:33,912810UD8,TSRYS5870973,D,S,D,2024-09-12,8000000.00,4.050527,101.0087773
08:02:33,912810UD8,TSRYS5870973,D,B,C,2024-09-12,6000000.00,4.05317,100.97265625
08:02:33,912810UD8,TSRYS5870973,D,S,D,2024-09-12,5000000.00,4.047792,101.046175
08:02:33,912810UD8,TSRYS5870973,D,B,C,2024-09-12,25000000.00,4.047741,101.046875
08:02:33,912810UD8,TSRYS5870973,D,S,D,2024-09-12,1000000.00,4.054027,100.9609375
08:02:33,912810UD8,TSRYS5870973,D,B,C,2024-09-12,1000000.00,4.054027,100.9609375
08:02:33,912810UD8,TSRYS5870973,D,S,D,2024-09-12,6000000.00,4.052554,100.9810708
08:02:33,912810UD8,TSRYS5870973,D,S,D,2024-09-12,5000000.00,4.047792,101.046175
08:02:33,912810UD8,TSRYS5870973,D,S,D,2024-09-12,10000000.00,4.047777,101.046375
08:02:33,912810UD8,TSRYS5870973,D,S,C,2024-09-12,2000000.00,4.053875,100.96302
08:02:33,912810UD8,TSRYS5870973,D,S,D,2024-09-12,5000000.00,4.047992,101.0434406
08:02:33,912810UD8,TSRYS5870973,D,S,D,2024-09-12,5000000.00,4.047792,101.046175
08:02:33,912810UD8,TSRYS5870973,D,S,D,2024-09-12,1000000.00,4.050026,101.015625
08:02:33,912810UD8,TSRYS5870973,D,S,D,2024-09-12,1000000.00,4.050026,101.015625
08:02:33,912810UD8,TSRYS5870973,D,B,C,2024-09-12,1000000.00,4.050042,101.0154
08:02:33,912810UD8,TSRYS5870973,D,B,C,2024-09-12,1000000.00,4.050041,101.015425
08:02:33,912810UD8,TSRYS5870973,D,S,D,2024-09-12,1000000.00,4.050026,101.015625
08:02:34,912810UD8,TSRYS5870973,D,B,A,2024-09-12,135000.00,4.061466,100.859375
08:02:34,912810UD8,TSRYS5870973,D,S,T,2024-09-12,1000000.00,4.060321,100.875
08:02:34,912810UD8,TSRYS5870973,D,S,C,2024-09-12,33000000.00,4.062273,100.84836
08:02:34,912810UD8,TSRYS5870973,D,S,C,2024-09-12,9000000.00,4.063427,100.83261
08:02:34,912810UD8,TSRYS5870973,D,S,D,2024-09-12,1000000.00,4.047731,101.047005
08:02:35,912810UD8,TSRYS5870973,D,S,D,2024-09-12,1000000.00,4.048883,101.03125
08:02:35,912810UD8,TSRYS5870973,D,S,D,2024-09-12,2000000.00,4.048883,101.03125
08:02:35,912810UD8,TSRYS5870973,D,S,D,2024-09-12,1000000.00,4.048883,101.03125
08:02:35,912810UD8,TSRYS5870973,D,S,D,2024-09-12,1000000.00,4.048883,101.03125
08:02:35,912810UD8,TSRYS5870973,D,S,D,2024-09-12,1000000.00,4.053455,100.96875
08:02:35,912810UD8,TSRYS5870973,D,B,C,2024-09-12,1000000.00,4.053455,100.96875
08:02:36,912810UD8,TSRYS5870973,D,B,C,2024-09-12,1000000.00,4.047755,101.046675
08:02:36,912810UD8,TSRYS5870973,D,S,D,2024-09-12,1000000.00,4.047741,101.046875
08:02:36,912810UD8,TSRYS5870973,D,B,C,2024-09-12,6000000.00,4.048026,101.04296875
08:02:36,912810UD8,TSRYS5870973,D,S,D,2024-09-12,1000000.00,4.052169,100.986328125
08:02:36,912810UD8,TSRYS5870973,D,S,D,2024-09-12,1000000.00,4.050026,101.015625
08:02:36,912810UD8,TSRYS5870973,D,S,D,2024-09-12,1000000.00,4.052312,100.984375
08:02:36,912810UD8,TSRYS5870973,D,S,C,2024-09-12,1000000.00,4.052312,100.984375
08:02:36,912810UD8,TSRYS5870973,D,S,D,2024-09-12,1000000.00,4.052312,100.984375
08:02:37,912810UD8,TSRYS5870973,D,S,D,2024-09-12,1000000.00,4.051169,101.0
08:02:38,912810UD8,TSRYS5870973,D,S,D,2024-09-12,1000000.00,4.053741,100.96484375
08:02:38,912810UD8,TSRYS5870973,D,B,C,2024-09-12,6000000.00,4.049169,101.02734375
08:02:38,912810UD8,TSRYS5870973,D,S,T,2024-09-12,1000000.00,4.048892,101.031125
08:02:38,912810UD8,TSRYS5870973,D,S,T,2024-09-12,1000000.00,4.048892,101.031125
08:02:38,912810UD8,TSRYS5870973,D,S,T,2024-09-12,1000000.00,4.051178,100.999875
08:02:38,912810UD8,TSRYS5870973,D,S,T,2024-09-12,1000000.00,4.051178,100.999875
08:02:39,912810UD8,TSRYS5870973,D,B,C,2024-09-12,6000000.00,4.050026,101.015625
08:02:39,912810UD8,TSRYS5870973,D,S,C,2024-09-12,1000000.00,4.050026,101.015625
08:02:39,912810UD8,TSRYS5870973,D,S,D,2024-09-12,1000000.00,4.050026,101.015625
08:02:39,912810UD8,TSRYS5870973,D,S,T,2024-09-12,1000000.00,4.052321,100.98425
08:02:39,912810UD8,TSRYS5870973,D,B,C,2024-09-12,6000000.00,4.052312,100.984375
08:02:39,912810UD8,TSRYS5870973,D,S,T,2024-09-12,1000000.00,4.052312,100.984375
08:02:39,912810UD8,TSRYS5870973,D,S,T,2024-09-12,1000000.00,4.052321,100.98425
08:02:39,912810UD8,TSRYS5870973,D,S,C,2024-09-12,1000000.00,4.051154,101.0002
08:02:40,912810UD8,TSRYS5870973,D,S,D,2024-09-12,1000000.00,4.048883,101.03125
08:02:40,912810UD8,TSRYS5870973,D,B,C,2024-09-12,1000000.00,4.048898,101.03105
08:02:41,912810UD8,TSRYS5870973,D,S,C,2024-09-12,18000000.00,4.055819,100.93646
08:02:41,912810UD8,TSRYS5870973,D,S,D,2024-09-12,1000000.00,4.056887,100.921875
08:02:41,912810UD8,TSRYS5870973,D,S,C,2024-09-12,1000000.00,4.058031,100.90625
08:02:44,912810UD8,TSRYS5870973,D,S,D,2024-09-12,1000000.00,4.055886,100.935546875
08:02:44,912810UD8,TSRYS5870973,D,S,D,2024-09-12,1000000.00,4.055743,100.9375
08:02:44,912810UD8,TSRYS5870973,D,B,C,2024-09-12,1000000.00,4.055743,100.9375
08:02:44,912810UD8,TSRYS5870973,D,S,D,2024-09-12,1000000.00,4.055886,100.935546875
08:02:44,912810UD8,TSRYS5870973,D,S,D,2024-09-12,2000000.00,4.056029,100.93359375
08:02:44,912810UD8,TSRYS5870973,D,S,D,2024-09-12,1000000.00,4.055886,100.935546875
08:02:44,912810UD8,TSRYS5870973,D,S,D,2024-09-12,1000000.00,4.055743,100.9375
08:02:44,912810UD8,TSRYS5870973,D,S,D,2024-09-12,3000000.00,4.055743,100.9375
08:02:44,912810UD8,TSRYS5870973,D,S,D,2024-09-12,1000000.00,4.055314,100.943359375
08:02:44,912810UD8,TSRYS5870973,D,B,C,2024-09-12,1000000.00,4.0489,101.031025
08:02:44,912810UD8,TSRYS5870973,D,B,C,2024-09-12,1000000.00,4.0489,101.031025
08:02:44,912810UD8,TSRYS5870973,D,S,D,2024-09-12,1000000.00,4.048883,101.03125
08:02:44,912810UD8,TSRYS5870973,D,S,C,2024-09-12,1000000.00,4.048883,101.03125
08:02:45,912810UD8,TSRYS5870973,D,B,C,2024-09-12,195000.00,4.065761,100.80078125
08:02:45,912810UD8,TSRYS5870973,D,B,C,2024-09-12,1000000.00,4.050026,101.015625
08:02:45,912810UD8,TSRYS5870973,D,S,D,2024-09-12,1000000.00,4.050026,101.015625
08:02:45,912810UD8,TSRYS5870973,D,S,C,2024-09-12,1000000.00,4.051154,101.0002
