tradeTime,cusip,issueSymbolIdentifier,priceType,reportingSideCode,contraPartyTypeCode,tradeDate,reportedTradeVolume,lastSaleYield,lastSalePrice
08:00:00,912810UD8,TSRYS5870973,D,S,D,2024-08-28,1000000.00,4.197321,99.02734375
08:00:00,912810UD8,TSRYS5870973,D,S,D,2024-08-28,1000000.00,4.199958,98.9921875
08:00:00,912810UD8,TSRYS5870973,D,S,T,2024-08-28,1000000.00,4.206407,98.90625
08:00:00,912810UD8,TSRYS5870973,D,S,T,2024-08-28,1000000.00,4.206407,98.90625
08:00:03,912810UD8,TSRYS5870973,D,S,T,2024-08-28,1000000.00,4.189712,99.12890625
08:00:03,912810UD8,TSRYS5870973,D,S,T,2024-08-28,1000000.00,4.192345,99.09375
08:00:03,912810UD8,TSRYS5870973,D,S,D,2024-08-28,510000.00,4.186788,99.16796875
08:00:07,912810UD8,TSRYS5870973,D,S,A,2024-08-28,1000000.00,4.200544,98.984375
08:00:12,912810UD8,TSRYS5870973,D,S,T,2024-08-28,1000000.00,4.197028,99.03125
08:00:12,912810UD8,TSRYS5870973,D,S,T,2024-08-28,1000000.00,4.206407,98.90625
08:00:13,912810UD8,TSRYS5870973,D,S,T,2024-08-28,1000000.00,4.1982,99.015625
08:00:13,912810UD8,TSRYS5870973,D,S,T,2024-08-28,1000000.00,4.197028,99.03125
08:00:13,912810UD8,TSRYS5870973,D,S,T,2024-08-28,1000000.00,4.184157,99.203125
08:00:13,912810UD8,TSRYS5870973,D,S,T,2024-08-28,1000000.00,4.182989,99.21875
08:00:13,912810UD8,TSRYS5870973,D,S,T,2024-08-28,1000000.00,4.184157,99.203125
08:00:13,912810UD8,TSRYS5870973,D,S,T,2024-08-28,1000000.00,4.184157,99.203125
08:00:14,912810UD8,TSRYS5870973,D,S,A,2024-08-28,51000.00,4.205234,98.921875
08:00:17,912810UD8,TSRYS5870973,D,S,A,2024-08-28,944000.00,4.206407,98.90625
08:00:21,912810UD8,TSRYS5870973,D,S,D,2024-08-28,1000000.00,4.205234,98.921875
08:00:21,912810UD8,TSRYS5870973,D,S,D,2024-08-28,1000000.00,4.205234,98.921875
08:00:23,912810UD8,TSRYS5870973,D,S,A,2024-08-28,3000000.00,4.202595,98.95703125
08:00:27,912810UD8,TSRYS5870973,D,S,A,2024-08-28,768000.00,4.201716,98.96875
08:00:28,912810UD8,TSRYS5870973,D,B,A,2024-08-28,1000000.00,4.205234,98.921875
08:00:28,912810UD8,TSRYS5870973,D,S,T,2024-08-28,1000000.00,4.206407,98.90625
08:00:28,912810UD8,TSRYS5870973,D,S,T,2024-08-28,1000000.00,4.206407,98.90625
08:00:28,912810UD8,TSRYS5870973,D,S,T,2024-08-28,1000000.00,4.205234,98.921875
08:00:28,912810UD8,TSRYS5870973,D,S,T,2024-08-28,1000000.00,4.197028,99.03125
08:00:28,912810UD8,TSRYS5870973,D,S,T,2024-08-28,1000000.00,4.182989,99.21875
08:00:29,912810UD8,TSRYS5870973,D,S,A,2024-08-28,51000.00,4.204061,98.9375
08:00:29,912810UD8,TSRYS5870973,D,S,T,2024-08-28,1000000.00,4.188834,99.140625
08:00:30,912810UD8,TSRYS5870973,D,S,T,2024-08-28,1000000.00,4.200544,98.984375
08:00:30,912810UD8,TSRYS5870973,D,S,T,2024-08-28,1000000.00,4.201716,98.96875
08:00:30,912810UD8,TSRYS5870973,D,S,T,2024-08-28,1000000.00,4.202888,98.953125
08:00:30,912810UD8,TSRYS5870973,D,S,T,2024-08-28,1000000.00,4.200544,98.984375
08:00:30,912810UD8,TSRYS5870973,D,S,T,2024-08-28,1000000.00,4.201716,98.96875
08:00:30,912810UD8,TSRYS5870973,D,S,T,2024-08-28,1000000.00,4.207581,98.890625
08:00:30,912810UD8,TSRYS5870973,D,S,T,2024-08-28,1000000.00,4.207581,98.890625
08:00:30,912810UD8,TSRYS5870973,D,S,T,2024-08-28,1000000.00,4.205381,98.919921875
08:00:30,912810UD8,TSRYS5870973,D,S,T,2024-08-28,1000000.00,4.205234,98.921875
08:00:30,912810UD8,TSRYS5870973,D,S,D,2024-08-28,1000000.00,4.204648,98.9296875
08:00:30,912810UD8,TSRYS5870973,D,S,D,2024-08-28,1000000.00,4.204648,98.9296875
08:00:30,912810UD8,TSRYS5870973,D,S,T,2024-08-28,1000000.00,4.201716,98.96875
08:00:30,912810UD8,TSRYS5870973,D,S,T,2024-08-28,1000000.00,4.201716,98.96875
08:00:30,912810UD8,TSRYS5870973,D,S,T,2024-08-28,1000000.00,4.201716,98.96875
08:00:30,912810UD8,TSRYS5870973,D,S,T,2024-08-28,1000000.00,4.202888,98.953125
08:00:31,912810UD8,TSRYS5870973,D,S,T,2024-08-28,1000000.00,4.200544,98.984375
08:00:31,912810UD8,TSRYS5870973,D,S,T,2024-08-28,1000000.00,4.200544,98.984375
08:00:31,912810UD8,TSRYS5870973,D,S,T,2024-08-28,1000000.00,4.201276,98.974609375
08:00:31,912810UD8,TSRYS5870973,D,S,T,2024-08-28,1000000.00,4.20113,98.9765625
08:00:31,912810UD8,TSRYS5870973,D,S,T,2024-08-28,1000000.00,4.200983,98.978515625
08:00:31,912810UD8,TSRYS5870973,D,S,T,2024-08-28,1000000.00,4.195857,99.046875
08:00:31,912810UD8,TSRYS5870973,D,S,T,2024-08-28,1000000.00,4.195857,99.046875
08:00:31,912810UD8,TSRYS5870973,D,S,D,2024-08-28,1000000.00,4.192052,99.09765625
08:00:31,912810UD8,TSRYS5870973,D,S,D,2024-08-28,1000000.00,4.192052,99.09765625
08:00:31,912810UD8,TSRYS5870973,D,S,D,2024-08-28,1000000.00,4.192052,99.09765625
08:00:31,912810UD8,TSRYS5870973,D,S,T,2024-08-28,1000000.00,4.192345,99.09375
08:00:31,912810UD8,TSRYS5870973,D,S,D,2024-08-28,1000000.00,4.184157,99.203125
08:00:31,912810UD8,TSRYS5870973,D,S,T,2024-08-28,1000000.00,4.184157,99.203125
08:00:31,912810UD8,TSRYS5870973,D,S,T,2024-08-28,1000000.00,4.184157,99.203125
08:00:31,912810UD8,TSRYS5870973,D,S,T,2024-08-28,1000000.00,4.186057,99.177734375
08:00:31,912810UD8,TSRYS5870973,D,S,D,2024-08-28,1000000.00,4.207581,98.890625
08:00:32,912810UD8,TSRYS5870973,D,S,D,2024-08-28,1000000.00,4.197907,99.01953125
08:00:32,912810UD8,TSRYS5870973,D,S,D,2024-08-28,1000000.00,4.185911,99.1796875
08:00:32,912810UD8,TSRYS5870973,D,S,D,2024-08-28,1000000.00,4.185911,99.1796875
08:00:32,912810UD8,TSRYS5870973,D,S,D,2024-08-28,1000000.00,4.185911,99.1796875
08:00:32,912810UD8,TSRYS5870973,D,S,D,2024-08-28,1000000.00,4.185619,99.18359375
08:00:32,912810UD8,TSRYS5870973,D,S,D,2024-08-28,1000000.00,4.185619,99.18359375
08:00:32,912810UD8,TSRYS5870973,D,S,D,2024-08-28,1000000.00,4.205234,98.921875
08:00:32,912810UD8,TSRYS5870973,D,S,D,2024-08-28,1000000.00,4.205234,98.921875
08:00:32,912810UD8,TSRYS5870973,D,S,D,2024-08-28,1000000.00,4.205234,98.921875
08:00:32,912810UD8,TSRYS5870973,D,S,D,2024-08-28,1000000.00,4.205234,98.921875
08:00:32,912810UD8,TSRYS5870973,D,S,D,2024-08-28,1000000.00,4.202595,98.95703125
08:00:32,912810UD8,TSRYS5870973,D,S,D,2024-08-28,1000000.00,4.196589,99.037109375
08:00:32,912810UD8,TSRYS5870973,D,S,T,2024-08-28,1000000.00,4.205088,98.923828125
08:00:32,912810UD8,TSRYS5870973,D,S,T,2024-08-28,1000000.00,4.206554,98.904296875
08:00:32,912810UD8,TSRYS5870973,D,S,T,2024-08-28,1000000.00,4.205088,98.923828125
08:00:32,912810UD8,TSRYS5870973,D,S,T,2024-08-28,1000000.00,4.207581,98.890625
08:00:32,912810UD8,TSRYS5870973,D,S,T,2024-08-28,1000000.00,4.205674,98.916015625
08:00:32,912810UD8,TSRYS5870973,D,S,T,2024-08-28,1000000.00,4.206554,98.904296875
08:00:32,912810UD8,TSRYS5870973,D,S,T,2024-08-28,1000000.00,4.205088,98.923828125
08:00:32,912810UD8,TSRYS5870973,D,S,T,2024-08-28,1000000.00,4.203328,98.947265625
08:00:32,912810UD8,TSRYS5870973,D,S,T,2024-08-28,1000000.00,4.204794,98.927734375
08:00:32,912810UD8,TSRYS5870973,D,S,T,2024-08-28,1000000.00,4.206261,98.908203125
08:00:32,912810UD8,TSRYS5870973,D,S,T,2024-08-28,1000000.00,4.206261,98.908203125
08:00:32,912810UD8,TSRYS5870973,D,S,T,2024-08-28,1000000.00,4.207581,98.890625
08:00:32,912810UD8,TSRYS5870973,D,S,T,2024-08-28,1000000.00,4.207581,98.890625
08:00:32,912810UD8,TSRYS5870973,D,S,T,2024-08-28,1000000.00,4.207581,98.890625
08:00:32,912810UD8,TSRYS5870973,D,S,T,2024-08-28,1000000.00,4.204941,98.92578125
08:00:32,912810UD8,TSRYS5870973,D,S,T,2024-08-28,1000000.00,4.202009,98.96484375
08:00:32,912810UD8,TSRYS5870973,D,S,T,2024-08-28,1000000.00,4.203328,98.947265625
08:00:32,912810UD8,TSRYS5870973,D,S,T,2024-08-28,1000000.00,4.203328,98.947265625
08:00:32,912810UD8,TSRYS5870973,D,S,T,2024-08-28,1000000.00,4.203328,98.947265625
08:00:32,912810UD8,TSRYS5870973,D,S,T,2024-08-28,1000000.00,4.200544,98.984375
08:00:32,912810UD8,TSRYS5870973,D,S,T,2024-08-28,1000000.00,4.204794,98.927734375
08:00:32,912810UD8,TSRYS5870973,D,S,T,2024-08-28,1000000.00,4.204941,98.92578125
08:00:32,912810UD8,TSRYS5870973,D,S,T,2024-08-28,1000000.00,4.207581,98.890625
08:00:32,912810UD8,TSRYS5870973,D,S,T,2024-08-28,1000000.00,4.204794,98.927734375
08:00:32,912810UD8,TSRYS5870973,D,S,T,2024-08-28,1000000.00,4.204794,98.927734375
08:00:33,912810UD8,TSRYS5870973,D,S,T,2024-08-28,1000000.00,4.196589,99.037109375
08:00:33,912810UD8,TSRYS5870973,D,S,T,2024-08-28,1000000.00,4.192052,99.09765625
08:00:33,912810UD8,TSRYS5870973,D,S,T,2024-08-28,1000000.00,4.192052,99.09765625
08:00:33,912810UD8,TSRYS5870973,D,S,T,2024-08-28,1000000.00,4.192052,99.09765625
08:00:33,912810UD8,TSRYS5870973,D,S,T,2024-08-28,1000000.00,4.192052,99.09765625
08:00:33,912810UD8,TSRYS5870973,D,S,T,2024-08-28,3000000.00,4.192052,99.09765625
08:00:33,912810UD8,TSRYS5870973,D,S,T,2024-08-28,2000000.00,4.192052,99.09765625
08:00:33,912810UD8,TSRYS5870973,D,S,T,2024-08-28,1000000.00,4.192052,99.09765625
08:00:33,912810UD8,TSRYS5870973,D,S,T,2024-08-28,1000000.00,4.192052,99.09765625
08:00:33,912810UD8,TSRYS5870973,D,S,T,2024-08-28,1000000.00,4.192052,99.09765625
08:00:33,912810UD8,TSRYS5870973,D,S,T,2024-08-28,1000000.00,4.192052,99.09765625
08:00:33,912810UD8,TSRYS5870973,D,S,T,2024-08-28,1000000.00,4.192052,99.09765625
08:00:33,912810UD8,TSRYS5870973,D,S,T,2024-08-28,1000000.00,4.192052,99.09765625
08:00:33,912810UD8,TSRYS5870973,D,S,T,2024-08-28,1000000.00,4.192052,99.09765625
08:00:33,912810UD8,TSRYS5870973,D,S,T,2024-08-28,1000000.00,4.187957,99.15234375
08:00:33,912810UD8,TSRYS5870973,D,S,T,2024-08-28,1000000.00,4.187957,99.15234375
08:00:33,912810UD8,TSRYS5870973,D,S,T,2024-08-28,1000000.00,4.187957,99.15234375
08:00:33,912810UD8,TSRYS5870973,D,S,T,2024-08-28,1000000.00,4.186203,99.17578125
08:00:33,912810UD8,TSRYS5870973,D,S,T,2024-08-28,1000000.00,4.184157,99.203125
08:00:33,912810UD8,TSRYS5870973,D,S,T,2024-08-28,1000000.00,4.183281,99.21484375
08:00:33,912810UD8,TSRYS5870973,D,S,T,2024-08-28,1000000.00,4.183719,99.208984375
08:00:33,912810UD8,TSRYS5870973,D,S,T,2024-08-28,1000000.00,4.183573,99.2109375
08:00:33,912810UD8,TSRYS5870973,D,S,T,2024-08-28,1000000.00,4.183573,99.2109375
08:00:33,912810UD8,TSRYS5870973,D,S,T,2024-08-28,1000000.00,4.183573,99.2109375
08:00:33,912810UD8,TSRYS5870973,D,S,T,2024-08-28,1000000.00,4.183427,99.212890625
08:00:33,912810UD8,TSRYS5870973,D,S,T,2024-08-28,1000000.00,4.183281,99.21484375
08:00:33,912810UD8,TSRYS5870973,D,S,T,2024-08-28,1000000.00,4.183865,99.20703125
08:00:33,912810UD8,TSRYS5870973,D,S,T,2024-08-28,1000000.00,4.183573,99.2109375
08:00:33,912810UD8,TSRYS5870973,D,S,T,2024-08-28,1000000.00,4.183719,99.208984375
08:00:33,912810UD8,TSRYS5870973,D,S,T,2024-08-28,1000000.00,4.183865,99.20703125
08:00:33,912810UD8,TSRYS5870973,D,S,T,2024-08-28,2000000.00,4.184157,99.203125
08:00:33,912810UD8,TSRYS5870973,D,S,T,2024-08-28,1000000.00,4.183719,99.208984375
08:00:33,912810UD8,TSRYS5870973,D,S,T,2024-08-28,2000000.00,4.186057,99.177734375
08:00:33,912810UD8,TSRYS5870973,D,S,T,2024-08-28,2000000.00,4.186057,99.177734375
08:00:33,912810UD8,TSRYS5870973,D,S,T,2024-08-28,1000000.00,4.186057,99.177734375
08:00:33,912810UD8,TSRYS5870973,D,S,T,2024-08-28,1000000.00,4.185911,99.1796875
08:00:33,912810UD8,TSRYS5870973,D,S,T,2024-08-28,1000000.00,4.185765,99.181640625
08:00:33,912810UD8,TSRYS5870973,D,S,T,2024-08-28,1000000.00,4.185911,99.1796875
08:00:33,912810UD8,TSRYS5870973,D,S,T,2024-08-28,1000000.00,4.185765,99.181640625
08:00:33,912810UD8,TSRYS5870973,D,S,T,2024-08-28,1000000.00,4.185619,99.18359375
08:00:33,912810UD8,TSRYS5870973,D,S,T,2024-08-28,1000000.00,4.185472,99.185546875
08:00:33,912810UD8,TSRYS5870973,D,S,A,2024-08-28,100000.00,4.198493,99.01171875
08:00:34,912810UD8,TSRYS5870973,D,S,D,2024-08-28,2000000.00,4.197028,99.03125
08:00:34,912810UD8,TSRYS5870973,D,S,D,2024-08-28,1000000.00,4.197028,99.03125
08:00:36,912810UD8,TSRYS5870973,D,S,T,2024-08-28,11400000.00,4.161993,99.5
08:00:37,912810UD8,TSRYS5870973,D,S,D,2024-08-28,1000000.00,4.183573,99.2109375
08:00:38,912810UD8,TSRYS5870973,D,S,A,2024-08-28,69000.00,4.200544,98.984375
08:00:40,912810UD8,TSRYS5870973,D,S,D,2024-08-28,1000000.00,4.185911,99.1796875
08:00:41,912810UD8,TSRYS5870973,D,S,A,2024-08-28,180000.00,4.206407,98.90625
08:00:41,912810UD8,TSRYS5870973,D,S,T,2024-08-28,1000000.00,4.205527,98.91796875
08:00:41,912810UD8,TSRYS5870973,D,S,T,2024-08-28,1000000.00,4.205234,98.921875
08:00:41,912810UD8,TSRYS5870973,D,S,T,2024-08-28,1000000.00,4.207581,98.890625
08:00:41,912810UD8,TSRYS5870973,D,S,T,2024-08-28,1000000.00,4.207581,98.890625
08:00:41,912810UD8,TSRYS5870973,D,S,T,2024-08-28,1000000.00,4.207581,98.890625
08:00:41,912810UD8,TSRYS5870973,D,S,D,2024-08-28,1000000.00,4.186203,99.17578125
08:00:41,912810UD8,TSRYS5870973,D,S,D,2024-08-28,1000000.00,4.185911,99.1796875
08:00:41,912810UD8,TSRYS5870973,D,S,D,2024-08-28,1000000.00,4.185911,99.1796875
08:00:41,912810UD8,TSRYS5870973,D,S,T,2024-08-28,1000000.00,4.205527,98.91796875
08:00:41,912810UD8,TSRYS5870973,D,S,T,2024-08-28,1000000.00,4.207728,98.888671875
08:00:41,912810UD8,TSRYS5870973,D,S,T,2024-08-28,1000000.00,4.206554,98.904296875
08:00:41,912810UD8,TSRYS5870973,D,S,T,2024-08-28,1000000.00,4.207581,98.890625
08:00:41,912810UD8,TSRYS5870973,D,S,T,2024-08-28,1000000.00,4.207874,98.88671875
08:00:41,912810UD8,TSRYS5870973,D,S,T,2024-08-28,1000000.00,4.207581,98.890625
08:00:41,912810UD8,TSRYS5870973,D,S,T,2024-08-28,1000000.00,4.206407,98.90625
08:00:41,912810UD8,TSRYS5870973,D,S,T,2024-08-28,1000000.00,4.206554,98.904296875
08:00:41,912810UD8,TSRYS5870973,D,S,T,2024-08-28,1000000.00,4.206554,98.904296875
08:00:41,912810UD8,TSRYS5870973,D,S,T,2024-08-28,1000000.00,4.204794,98.927734375
08:00:41,912810UD8,TSRYS5870973,D,S,D,2024-08-28,1000000.00,4.185911,99.1796875
08:00:41,912810UD8,TSRYS5870973,D,S,T,2024-08-28,1000000.00,4.204794,98.927734375
08:00:41,912810UD8,TSRYS5870973,D,S,T,2024-08-28,1000000.00,4.207581,98.890625
08:00:41,912810UD8,TSRYS5870973,D,S,T,2024-08-28,1000000.00,4.207874,98.88671875
08:00:41,912810UD8,TSRYS5870973,D,S,D,2024-08-28,1000000.00,4.185619,99.18359375
08:00:41,912810UD8,TSRYS5870973,D,S,D,2024-08-28,510000.00,4.186729,99.168753064
08:00:41,912810UD8,TSRYS5870973,D,S,C,2024-08-28,17965000.00,4.183573,99.2109375
08:00:42,912810UD8,TSRYS5870973,D,S,D,2024-08-28,1000000.00,4.185619,99.18359375
08:00:42,912810UD8,TSRYS5870973,D,S,T,2024-08-28,1000000.00,4.185326,99.1875
08:00:42,912810UD8,TSRYS5870973,D,S,T,2024-08-28,1000000.00,4.185326,99.1875
08:00:42,912810UD8,TSRYS5870973,D,S,T,2024-08-28,1000000.00,4.185326,99.1875
08:00:42,912810UD8,TSRYS5870973,D,S,T,2024-08-28,1000000.00,4.185034,99.19140625
08:00:42,912810UD8,TSRYS5870973,D,S,C,2024-08-28,352000.00,4.18708,99.1640625
08:00:42,912810UD8,TSRYS5870973,D,S,T,2024-08-28,1000000.00,4.186495,99.171875
08:00:44,912810UD8,TSRYS5870973,D,S,D,2024-08-28,95000.00,4.199958,98.9921875
08:00:45,912810UD8,TSRYS5870973,D,S,D,2024-08-28,100000.00,4.20113,98.9765625
08:00:53,912810UD8,TSRYS5870973,D,B,A,2024-08-28,1000000.00,4.201716,98.96875
08:00:53,912810UD8,TSRYS5870973,D,S,T,2024-08-28,1000000.00,4.201724,98.968648
08:00:56,912810UD8,TSRYS5870973,D,S,C,2024-08-28,50MM+,4.221962,98.699388
08:00:57,912810UD8,TSRYS5870973,D,S,A,2024-08-28,654000.00,4.18297,99.219
08:00:58,912810UD8,TSRYS5870973,D,B,C,2024-08-28,2600000.00,4.183019,99.21835
08:01:00,912810UD8,TSRYS5870973,D,S,A,2024-08-28,234000.00,4.196443,99.0390625
08:01:02,912810UD8,TSRYS5870973,D,S,T,2024-08-28,1000000.00,4.183728,99.208859375
08:01:02,912810UD8,TSRYS5870973,D,S,T,2024-08-28,1000000.00,4.183875,99.20690625
08:01:02,912810UD8,TSRYS5870973,D,S,T,2024-08-28,1000000.00,4.183719,99.208984375
08:01:03,912810UD8,TSRYS5870973,D,S,T,2024-08-28,1000000.00,4.185326,99.1875
08:01:04,912810UD8,TSRYS5870973,D,S,T,2024-08-28,1000000.00,4.185482,99.185421875
08:01:04,912810UD8,TSRYS5870973,D,S,T,2024-08-28,1000000.00,4.185628,99.18346875
08:01:09,912810UD8,TSRYS5870973,D,S,D,2024-08-28,225000.00,4.18708,99.1640625
08:01:09,912810UD8,TSRYS5870973,D,S,C,2024-08-28,1000000.00,4.197321,99.02734375
08:01:09,912810UD8,TSRYS5870973,D,S,C,2024-08-28,1000000.00,4.199958,98.9921875
08:01:10,912810UD8,TSRYS5870973,D,B,C,2024-08-28,1000000.00,4.197028,99.03125
08:01:10,912810UD8,TSRYS5870973,D,S,D,2024-08-28,1000000.00,4.205234,98.921875
08:01:10,912810UD8,TSRYS5870973,D,B,C,2024-08-28,1000000.00,4.197028,99.03125
08:01:10,912810UD8,TSRYS5870973,D,S,D,2024-08-28,1000000.00,4.197028,99.03125
08:01:10,912810UD8,TSRYS5870973,D,S,D,2024-08-28,1000000.00,4.197028,99.03125
08:01:10,912810UD8,TSRYS5870973,D,S,D,2024-08-28,1000000.00,4.197028,99.03125
08:01:10,912810UD8,TSRYS5870973,D,S,D,2024-08-28,1000000.00,4.205234,98.921875
08:01:10,912810UD8,TSRYS5870973,D,B,C,2024-08-28,1000000.00,4.197028,99.03125
08:01:10,912810UD8,TSRYS5870973,D,S,C,2024-08-28,1000000.00,4.204648,98.9296875
08:01:10,912810UD8,TSRYS5870973,D,S,C,2024-08-28,1000000.00,4.204648,98.9296875
08:01:10,912810UD8,TSRYS5870973,D,S,D,2024-08-28,1000000.00,4.200837,98.98046875
08:01:10,912810UD8,TSRYS5870973,D,S,D,2024-08-28,1000000.00,4.200837,98.98046875
08:01:10,912810UD8,TSRYS5870973,D,S,D,2024-08-28,1000000.00,4.200837,98.98046875
08:01:11,912810UD8,TSRYS5870973,D,B,C,2024-08-28,2000000.00,4.204941,98.92578125
08:01:11,912810UD8,TSRYS5870973,D,S,D,2024-08-28,2000000.00,4.204941,98.92578125
08:01:11,912810UD8,TSRYS5870973,D,B,C,2024-08-28,2000000.00,4.204941,98.92578125
08:01:11,912810UD8,TSRYS5870973,D,S,D,2024-08-28,2000000.00,4.204941,98.92578125
08:01:11,912810UD8,TSRYS5870973,D,B,C,2024-08-28,2000000.00,4.20113,98.9765625
08:01:11,912810UD8,TSRYS5870973,D,S,C,2024-08-28,1000000.00,4.200837,98.98046875
08:01:11,912810UD8,TSRYS5870973,D,S,A,2024-08-28,3270000.00,4.184742,99.1953125
08:01:11,912810UD8,TSRYS5870973,D,S,D,2024-08-28,2000000.00,4.20113,98.9765625
08:01:11,912810UD8,TSRYS5870973,D,B,C,2024-08-28,1000000.00,4.200837,98.98046875
08:01:11,912810UD8,TSRYS5870973,D,S,T,2024-08-28,1000000.00,4.200844,98.98036875
08:01:11,912810UD8,TSRYS5870973,D,S,D,2024-08-28,1000000.00,4.201716,98.96875
08:01:11,912810UD8,TSRYS5870973,D,S,D,2024-08-28,1000000.00,4.199372,99.0
08:01:11,912810UD8,TSRYS5870973,D,S,C,2024-08-28,1000000.00,4.200837,98.98046875
08:01:11,912810UD8,TSRYS5870973,D,S,C,2024-08-28,1000000.00,4.200837,98.98046875
08:01:11,912810UD8,TSRYS5870973,D,S,D,2024-08-28,1000000.00,4.202888,98.953125
08:01:11,912810UD8,TSRYS5870973,D,S,C,2024-08-28,1000000.00,4.202009,98.96484375
08:01:11,912810UD8,TSRYS5870973,D,S,D,2024-08-28,1000000.00,4.202595,98.95703125
08:01:11,912810UD8,TSRYS5870973,D,S,D,2024-08-28,1000000.00,4.202595,98.95703125
08:01:11,912810UD8,TSRYS5870973,D,S,D,2024-08-28,1000000.00,4.202595,98.95703125
08:01:11,912810UD8,TSRYS5870973,D,B,C,2024-08-28,1000000.00,4.202009,98.96484375
08:01:11,912810UD8,TSRYS5870973,D,B,C,2024-08-28,1000000.00,4.202595,98.95703125
08:01:11,912810UD8,TSRYS5870973,D,S,D,2024-08-28,1000000.00,4.201423,98.97265625
08:01:11,912810UD8,TSRYS5870973,D,B,C,2024-08-28,1000000.00,4.202009,98.96484375
08:01:11,912810UD8,TSRYS5870973,D,B,C,2024-08-28,1000000.00,4.201423,98.97265625
08:01:11,912810UD8,TSRYS5870973,D,B,C,2024-08-28,1000000.00,4.202595,98.95703125
08:01:11,912810UD8,TSRYS5870973,D,S,D,2024-08-28,1000000.00,4.202302,98.9609375
08:01:11,912810UD8,TSRYS5870973,D,S,C,2024-08-28,1000000.00,4.202009,98.96484375
08:01:11,912810UD8,TSRYS5870973,D,B,C,2024-08-28,1000000.00,4.202302,98.9609375
08:01:11,912810UD8,TSRYS5870973,D,S,D,2024-08-28,1000000.00,4.200837,98.98046875
08:01:11,912810UD8,TSRYS5870973,D,S,D,2024-08-28,1000000.00,4.200837,98.98046875
08:01:11,912810UD8,TSRYS5870973,D,S,D,2024-08-28,1000000.00,4.200837,98.98046875
08:01:11,912810UD8,TSRYS5870973,D,B,C,2024-08-28,1000000.00,4.197907,99.01953125
08:01:11,912810UD8,TSRYS5870973,D,S,D,2024-08-28,1000000.00,4.197907,99.01953125
08:01:11,912810UD8,TSRYS5870973,D,B,C,2024-08-28,2000000.00,4.197028,99.03125
08:01:11,912810UD8,TSRYS5870973,D,S,D,2024-08-28,1000000.00,4.197028,99.03125
08:01:11,912810UD8,TSRYS5870973,D,B,C,2024-08-28,1000000.00,4.197321,99.02734375
08:01:11,912810UD8,TSRYS5870973,D,S,D,2024-08-28,2000000.00,4.197028,99.03125
08:01:11,912810UD8,TSRYS5870973,D,B,C,2024-08-28,1000000.00,4.197028,99.03125
08:01:11,912810UD8,TSRYS5870973,D,S,D,2024-08-28,1000000.00,4.197321,99.02734375
08:01:11,912810UD8,TSRYS5870973,D,S,D,2024-08-28,1000000.00,4.197321,99.02734375
08:01:11,912810UD8,TSRYS5870973,D,B,C,2024-08-28,1000000.00,4.197321,99.02734375
08:01:11,912810UD8,TSRYS5870973,D,S,C,2024-08-28,1000000.00,4.195564,99.05078125
08:01:11,912810UD8,TSRYS5870973,D,B,C,2024-08-28,1000000.00,4.195564,99.05078125
08:01:11,912810UD8,TSRYS5870973,D,S,C,2024-08-28,1000000.00,4.193515,99.078125
08:01:11,912810UD8,TSRYS5870973,D,B,C,2024-08-28,1000000.00,4.194101,99.0703125
08:01:11,912810UD8,TSRYS5870973,D,S,D,2024-08-28,1000000.00,4.194101,99.0703125
08:01:11,912810UD8,TSRYS5870973,D,S,C,2024-08-28,1000000.00,4.189127,99.13671875
08:01:11,912810UD8,TSRYS5870973,D,S,D,2024-08-28,1000000.00,4.18445,99.19921875
08:01:11,912810UD8,TSRYS5870973,D,B,C,2024-08-28,1000000.00,4.18445,99.19921875
08:01:11,912810UD8,TSRYS5870973,D,S,D,2024-08-28,1000000.00,4.183573,99.2109375
08:01:11,912810UD8,TSRYS5870973,D,B,C,2024-08-28,1000000.00,4.183573,99.2109375
08:01:13,912810UD8,TSRYS5870973,D,S,D,2024-08-28,11400000.00,4.161993,99.5
08:01:13,912810UD8,TSRYS5870973,D,S,A,2024-08-28,4000000.00,4.200544,98.984375
08:01:15,912810UD8,TSRYS5870973,D,S,D,2024-08-28,1000000.00,4.205234,98.921875
08:01:15,912810UD8,TSRYS5870973,D,S,D,2024-08-28,1000000.00,4.205234,98.921875
08:01:15,912810UD8,TSRYS5870973,D,S,D,2024-08-28,2000000.00,4.202888,98.953125
08:01:15,912810UD8,TSRYS5870973,D,S,D,2024-08-28,1000000.00,4.202888,98.953125
08:01:16,912810UD8,TSRYS5870973,D,B,C,2024-08-28,3000000.00,4.202941,98.95243
08:01:17,912810UD8,TSRYS5870973,D,S,D,2024-08-28,1000000.00,4.199372,99.0
08:01:17,912810UD8,TSRYS5870973,D,S,D,2024-08-28,1000000.00,4.197907,99.01953125
08:01:17,912810UD8,TSRYS5870973,D,S,D,2024-08-28,1000000.00,4.197028,99.03125
08:01:18,912810UD8,TSRYS5870973,D,S,D,2024-08-28,1000000.00,4.206407,98.90625
08:01:18,912810UD8,TSRYS5870973,D,S,D,2024-08-28,1000000.00,4.200544,98.984375
08:01:18,912810UD8,TSRYS5870973,D,S,D,2024-08-28,20000000.00,4.206322,98.90739
08:01:19,912810UD8,TSRYS5870973,D,S,D,2024-08-28,1000000.00,4.203768,98.94140625
08:01:20,912810UD8,TSRYS5870973,D,S,D,2024-08-28,1000000.00,4.206994,98.8984375
08:01:20,912810UD8,TSRYS5870973,D,S,D,2024-08-28,1000000.00,4.206847,98.90039062
08:01:21,912810UD8,TSRYS5870973,D,S,C,2024-08-28,20000000.00,4.206994,98.8984375
08:01:21,912810UD8,TSRYS5870973,D,S,T,2024-08-28,1000000.00,4.200837,98.98046875
08:01:21,912810UD8,TSRYS5870973,D,S,C,2024-08-28,1000000.00,4.183865,99.20703125
08:01:21,912810UD8,TSRYS5870973,D,S,D,2024-08-28,1000000.00,4.205234,98.921875
08:01:22,912810UD8,TSRYS5870973,D,S,T,2024-08-28,1000000.00,4.205245,98.921725
08:01:22,912810UD8,TSRYS5870973,D,S,T,2024-08-28,1000000.00,4.205245,98.921725
08:01:22,912810UD8,TSRYS5870973,D,B,C,2024-08-28,3530000.00,4.184157,99.203125
08:01:23,912810UD8,TSRYS5870973,D,B,C,2024-08-28,1000000.00,4.185911,99.1796875
08:01:23,912810UD8,TSRYS5870973,D,S,D,2024-08-28,1000000.00,4.185911,99.1796875
08:01:23,912810UD8,TSRYS5870973,D,B,C,2024-08-28,1000000.00,4.186203,99.17578125
08:01:23,912810UD8,TSRYS5870973,D,S,D,2024-08-28,1000000.00,4.186203,99.17578125
08:01:23,912810UD8,TSRYS5870973,D,B,A,2024-08-28,5000000.00,4.205527,98.91796875
08:01:24,912810UD8,TSRYS5870973,D,S,T,2024-08-28,1000000.00,4.205234,98.921875
08:01:24,912810UD8,TSRYS5870973,D,S,T,2024-08-28,1000000.00,4.205242,98.921775
08:01:24,912810UD8,TSRYS5870973,D,S,T,2024-08-28,1000000.00,4.205234,98.921875
08:01:24,912810UD8,TSRYS5870973,D,S,T,2024-08-28,1000000.00,4.205234,98.921875
08:01:24,912810UD8,TSRYS5870973,D,S,T,2024-08-28,1000000.00,4.205234,98.921875
08:01:26,912810UD8,TSRYS5870973,D,S,C,2024-08-28,1000000.00,4.200397,98.98632812
08:01:26,912810UD8,TSRYS5870973,D,S,D,2024-08-28,1000000.00,4.200544,98.984375
08:01:26,912810UD8,TSRYS5870973,D,S,D,2024-08-28,1000000.00,4.200544,98.984375
08:01:26,912810UD8,TSRYS5870973,D,S,D,2024-08-28,1000000.00,4.200544,98.984375
08:01:26,912810UD8,TSRYS5870973,D,S,D,2024-08-28,1000000.00,4.200544,98.984375
08:01:26,912810UD8,TSRYS5870973,D,S,D,2024-08-28,1000000.00,4.200544,98.984375
08:01:26,912810UD8,TSRYS5870973,D,S,D,2024-08-28,1000000.00,4.200544,98.984375
08:01:26,912810UD8,TSRYS5870973,D,S,D,2024-08-28,1000000.00,4.200544,98.984375
08:01:26,912810UD8,TSRYS5870973,D,S,D,2024-08-28,1000000.00,4.200544,98.984375
08:01:26,912810UD8,TSRYS5870973,D,S,C,2024-08-28,1000000.00,4.200544,98.984375
08:01:26,912810UD8,TSRYS5870973,D,S,C,2024-08-28,1000000.00,4.201716,98.96875
08:01:26,912810UD8,TSRYS5870973,D,S,D,2024-08-28,1000000.00,4.201716,98.96875
08:01:26,912810UD8,TSRYS5870973,D,S,D,2024-08-28,1000000.00,4.199372,99.0
08:01:26,912810UD8,TSRYS5870973,D,B,C,2024-08-28,1000000.00,4.187957,99.15234375
08:01:26,912810UD8,TSRYS5870973,D,S,D,2024-08-28,1000000.00,4.187957,99.15234375
08:01:27,912810UD8,TSRYS5870973,D,S,D,2024-08-28,1000000.00,4.200837,98.98046875
08:01:27,912810UD8,TSRYS5870973,D,S,D,2024-08-28,1000000.00,4.200837,98.98046875
08:01:28,912810UD8,TSRYS5870973,D,S,A,2024-08-28,1000000.00,4.200544,98.984375
08:01:28,912810UD8,TSRYS5870973,D,S,A,2024-08-28,1000000.00,4.200544,98.984375
08:01:28,912810UD8,TSRYS5870973,D,S,A,2024-08-28,1000000.00,4.201716,98.96875
08:01:29,912810UD8,TSRYS5870973,D,S,D,2024-08-28,1000000.00,4.202888,98.953125
08:01:29,912810UD8,TSRYS5870973,D,S,T,2024-08-28,1000000.00,4.184157,99.203125
08:01:30,912810UD8,TSRYS5870973,D,S,D,2024-08-28,450000.00,4.18825,99.1484375
08:01:31,912810UD8,TSRYS5870973,D,S,D,2024-08-28,450000.00,4.18825,99.1484375
08:01:31,912810UD8,TSRYS5870973,D,S,D,2024-08-28,1000000.00,4.193515,99.078125
08:01:31,912810UD8,TSRYS5870973,D,S,D,2024-08-28,1000000.00,4.193515,99.078125
08:01:31,912810UD8,TSRYS5870973,D,S,T,2024-08-28,1000000.00,4.193527,99.077975
08:01:31,912810UD8,TSRYS5870973,D,S,T,2024-08-28,1000000.00,4.193527,99.077975
08:01:31,912810UD8,TSRYS5870973,D,S,T,2024-08-28,1000000.00,4.193527,99.077975
08:01:31,912810UD8,TSRYS5870973,D,S,T,2024-08-28,1000000.00,4.193527,99.077975
08:01:33,912810UD8,TSRYS5870973,D,S,D,2024-08-28,1000000.00,4.189127,99.13671875
08:01:33,912810UD8,TSRYS5870973,D,S,D,2024-08-28,1000000.00,4.189127,99.13671875
08:01:33,912810UD8,TSRYS5870973,D,S,D,2024-08-28,1000000.00,4.189127,99.13671875
08:01:33,912810UD8,TSRYS5870973,D,S,D,2024-08-28,1000000.00,4.189419,99.1328125
08:01:33,912810UD8,TSRYS5870973,D,S,D,2024-08-28,1000000.00,4.189127,99.13671875
08:01:33,912810UD8,TSRYS5870973,D,S,A,2024-08-28,300000.00,4.202888,98.953125
08:01:33,912810UD8,TSRYS5870973,D,S,D,2024-08-28,1000000.00,4.189127,99.13671875
08:01:33,912810UD8,TSRYS5870973,D,S,D,2024-08-28,1000000.00,4.189419,99.1328125
08:01:33,912810UD8,TSRYS5870973,D,S,D,2024-08-28,1000000.00,4.187665,99.15625
08:01:33,912810UD8,TSRYS5870973,D,S,D,2024-08-28,1000000.00,4.185911,99.1796875
08:01:33,912810UD8,TSRYS5870973,D,S,D,2024-08-28,1000000.00,4.185911,99.1796875
08:01:33,912810UD8,TSRYS5870973,D,S,D,2024-08-28,1000000.00,4.185911,99.1796875
08:01:33,912810UD8,TSRYS5870973,D,S,D,2024-08-28,1000000.00,4.185911,99.1796875
08:01:33,912810UD8,TSRYS5870973,D,S,D,2024-08-28,1000000.00,4.185911,99.1796875
08:01:33,912810UD8,TSRYS5870973,D,B,A,2024-08-28,800000.00,4.199372,99.0
08:01:33,912810UD8,TSRYS5870973,D,S,D,2024-08-28,1000000.00,4.185911,99.1796875
08:01:34,912810UD8,TSRYS5870973,D,S,D,2024-08-28,1000000.00,4.183865,99.20703125
08:01:34,912810UD8,TSRYS5870973,D,S,C,2024-08-28,1000000.00,4.183865,99.20703125
08:01:34,912810UD8,TSRYS5870973,D,S,D,2024-08-28,1000000.00,4.183865,99.20703125
08:01:34,912810UD8,TSRYS5870973,D,S,D,2024-08-28,1000000.00,4.183865,99.20703125
08:01:35,912810UD8,TSRYS5870973,D,S,D,2024-08-28,1000000.00,4.183865,99.20703125
08:01:35,912810UD8,TSRYS5870973,D,S,D,2024-08-28,1000000.00,4.185034,99.19140625
08:01:35,912810UD8,TSRYS5870973,D,S,D,2024-08-28,1000000.00,4.185326,99.1875
08:01:35,912810UD8,TSRYS5870973,D,B,C,2024-08-28,1000000.00,4.187957,99.15234375
08:01:35,912810UD8,TSRYS5870973,D,S,D,2024-08-28,1000000.00,4.187957,99.15234375
08:01:35,912810UD8,TSRYS5870973,D,S,D,2024-08-28,1000000.00,4.185326,99.1875
08:01:35,912810UD8,TSRYS5870973,D,S,D,2024-08-28,1000000.00,4.185326,99.1875
08:01:35,912810UD8,TSRYS5870973,D,S,D,2024-08-28,1000000.00,4.185034,99.19140625
08:01:35,912810UD8,TSRYS5870973,D,S,D,2024-08-28,1000000.00,4.183865,99.20703125
08:01:36,912810UD8,TSRYS5870973,D,S,D,2024-08-28,1000000.00,4.184011,99.20507812
08:01:37,912810UD8,TSRYS5870973,D,S,A,2024-08-28,1000000.00,4.200544,98.984375
08:01:37,912810UD8,TSRYS5870973,D,S,D,2024-08-28,1000000.00,4.185911,99.1796875
08:01:37,912810UD8,TSRYS5870973,D,S,D,2024-08-28,1000000.00,4.185911,99.1796875
08:01:37,912810UD8,TSRYS5870973,D,S,D,2024-08-28,1000000.00,4.186495,99.171875
08:01:40,912810UD8,TSRYS5870973,D,S,D,2024-08-28,3000000.00,4.207226,98.89535
08:01:41,912810UD8,TSRYS5870973,D,S,T,2024-08-28,1000000.00,4.205234,98.921875
08:01:43,912810UD8,TSRYS5870973,D,S,T,2024-08-28,1000000.00,4.190004,99.125
08:01:43,912810UD8,TSRYS5870973,D,S,D,2024-08-28,1500000.00,4.192052,99.09765625
08:01:53,912810UD8,TSRYS5870973,D,B,C,2024-08-28,1000000.00,4.187957,99.15234375
08:01:53,912810UD8,TSRYS5870973,D,S,D,2024-08-28,1000000.00,4.187957,99.15234375
08:01:53,912810UD8,TSRYS5870973,D,S,T,2024-08-28,1000000.00,4.207581,98.890625
08:01:53,912810UD8,TSRYS5870973,D,S,T,2024-08-28,1000000.00,4.207581,98.890625
08:01:56,912810UD8,TSRYS5870973,D,S,C,2024-08-28,1000000.00,4.205088,98.923828125
08:01:57,912810UD8,TSRYS5870973,D,B,C,2024-08-28,1000000.00,4.195872,99.046675
08:01:57,912810UD8,TSRYS5870973,D,S,C,2024-08-28,1000000.00,4.195846,99.047025
08:01:57,912810UD8,TSRYS5870973,D,B,C,2024-08-28,1000000.00,4.195872,99.046675
08:01:57,912810UD8,TSRYS5870973,D,S,C,2024-08-28,1000000.00,4.195846,99.047025
08:01:57,912810UD8,TSRYS5870973,D,S,D,2024-08-28,1000000.00,4.200544,98.984375
08:01:57,912810UD8,TSRYS5870973,D,S,D,2024-08-28,1000000.00,4.201716,98.96875
08:01:58,912810UD8,TSRYS5870973,D,S,D,2024-08-28,1000000.00,4.201716,98.96875
08:01:58,912810UD8,TSRYS5870973,D,S,T,2024-08-28,1000000.00,4.199372,99.0
08:01:58,912810UD8,TSRYS5870973,D,B,A,2024-08-28,1000000.00,4.199372,99.0
08:01:59,912810UD8,TSRYS5870973,D,S,C,2024-08-28,1000000.00,4.199372,99.0
08:01:59,912810UD8,TSRYS5870973,D,B,C,2024-08-28,1000000.00,4.199387,98.9998
08:01:59,912810UD8,TSRYS5870973,D,B,C,2024-08-28,1000000.00,4.199387,98.9998
08:01:59,912810UD8,TSRYS5870973,D,S,C,2024-08-28,1000000.00,4.199372,99.0
08:01:59,912810UD8,TSRYS5870973,D,S,C,2024-08-28,1000000.00,4.200544,98.984375
08:01:59,912810UD8,TSRYS5870973,D,S,C,2024-08-28,1000000.00,4.202888,98.953125
08:01:59,912810UD8,TSRYS5870973,D,B,C,2024-08-28,1000000.00,4.200559,98.984175
08:01:59,912810UD8,TSRYS5870973,D,S,C,2024-08-28,1000000.00,4.200544,98.984375
08:01:59,912810UD8,TSRYS5870973,D,B,C,2024-08-28,1000000.00,4.200561,98.98415
08:01:59,912810UD8,TSRYS5870973,D,S,C,2024-08-28,1000000.00,4.200544,98.984375
08:01:59,912810UD8,TSRYS5870973,D,B,C,2024-08-28,1000000.00,4.199387,98.9998
08:01:59,912810UD8,TSRYS5870973,D,S,C,2024-08-28,1000000.00,4.199372,99.0
08:01:59,912810UD8,TSRYS5870973,D,S,T,2024-08-28,1000000.00,4.202888,98.953125
08:01:59,912810UD8,TSRYS5870973,D,S,T,2024-08-28,1000000.00,4.201872,98.966671875
08:01:59,912810UD8,TSRYS5870973,D,S,C,2024-08-28,1000000.00,4.200544,98.984375
08:01:59,912810UD8,TSRYS5870973,D,S,C,2024-08-28,1000000.00,4.200544,98.984375
08:01:59,912810UD8,TSRYS5870973,D,B,C,2024-08-28,1000000.00,4.200557,98.9842
08:02:00,912810UD8,TSRYS5870973,D,S,C,2024-08-28,1000000.00,4.199372,99.0
08:02:00,912810UD8,TSRYS5870973,D,B,C,2024-08-28,1000000.00,4.198215,99.015425
08:02:00,912810UD8,TSRYS5870973,D,S,C,2024-08-28,1000000.00,4.1982,99.015625
08:02:00,912810UD8,TSRYS5870973,D,S,C,2024-08-28,1000000.00,4.1982,99.015625
08:02:00,912810UD8,TSRYS5870973,D,B,C,2024-08-28,1000000.00,4.198215,99.015425
08:02:00,912810UD8,TSRYS5870973,D,B,C,2024-08-28,1000000.00,4.198213,99.01545
08:02:00,912810UD8,TSRYS5870973,D,S,C,2024-08-28,1000000.00,4.1982,99.015625
08:02:00,912810UD8,TSRYS5870973,D,S,T,2024-08-28,1000000.00,4.202896,98.953023
08:02:00,912810UD8,TSRYS5870973,D,S,T,2024-08-28,1000000.00,4.202896,98.953023
08:02:00,912810UD8,TSRYS5870973,D,S,A,2024-08-28,620000.00,4.203768,98.94140625
08:02:01,912810UD8,TSRYS5870973,D,S,T,2024-08-28,1000000.00,4.202896,98.953023
08:02:01,912810UD8,TSRYS5870973,D,S,T,2024-08-28,1000000.00,4.202896,98.953023
08:02:01,912810UD8,TSRYS5870973,D,S,T,2024-08-28,1000000.00,4.202896,98.953023
08:02:01,912810UD8,TSRYS5870973,D,S,T,2024-08-28,1000000.00,4.201724,98.968648
08:02:01,912810UD8,TSRYS5870973,D,S,T,2024-08-28,1000000.00,4.201724,98.968648
08:02:01,912810UD8,TSRYS5870973,D,S,T,2024-08-28,1000000.00,4.201724,98.968648
08:02:01,912810UD8,TSRYS5870973,D,S,T,2024-08-28,1000000.00,4.201724,98.968648
08:02:01,912810UD8,TSRYS5870973,D,S,T,2024-08-28,1000000.00,4.201724,98.968648
08:02:01,912810UD8,TSRYS5870973,D,S,T,2024-08-28,2000000.00,4.201724,98.968648
08:02:01,912810UD8,TSRYS5870973,D,S,T,2024-08-28,1000000.00,4.201724,98.968648
08:02:01,912810UD8,TSRYS5870973,D,S,T,2024-08-28,2000000.00,4.201724,98.968648
08:02:01,912810UD8,TSRYS5870973,D,S,T,2024-08-28,1000000.00,4.201716,98.96875
08:02:01,912810UD8,TSRYS5870973,D,S,T,2024-08-28,1000000.00,4.201724,98.968648
08:02:01,912810UD8,TSRYS5870973,D,S,T,2024-08-28,1000000.00,4.201724,98.968648
08:02:01,912810UD8,TSRYS5870973,D,S,T,2024-08-28,1000000.00,4.201716,98.96875
08:02:02,912810UD8,TSRYS5870973,D,S,T,2024-08-28,2000000.00,4.201724,98.968648
08:02:03,912810UD8,TSRYS5870973,D,S,T,2024-08-28,1000000.00,4.20113,98.9765625
08:02:03,912810UD8,TSRYS5870973,D,S,T,2024-08-28,1000000.00,4.202009,98.96484375
08:02:04,912810UD8,TSRYS5870973,D,S,D,2024-08-28,1000000.00,4.206407,98.90625
08:02:04,912810UD8,TSRYS5870973,D,S,D,2024-08-28,1000000.00,4.206407,98.90625
08:02:05,912810UD8,TSRYS5870973,D,S,C,2024-08-28,12000000.00,4.202156,98.96289
08:02:05,912810UD8,TSRYS5870973,D,S,C,2024-08-28,1000000.00,4.206554,98.904296875
08:02:07,912810UD8,TSRYS5870973,D,S,T,2024-08-28,1000000.00,4.200544,98.984375
08:02:07,912810UD8,TSRYS5870973,D,S,T,2024-08-28,1000000.00,4.200983,98.978515625
08:02:07,912810UD8,TSRYS5870973,D,S,T,2024-08-28,1000000.00,4.199811,98.994140625
08:02:07,912810UD8,TSRYS5870973,D,S,T,2024-08-28,1000000.00,4.200544,98.984375
08:02:07,912810UD8,TSRYS5870973,D,S,T,2024-08-28,1000000.00,4.200983,98.978515625
08:02:07,912810UD8,TSRYS5870973,D,S,T,2024-08-28,1000000.00,4.201863,98.966796875
08:02:08,912810UD8,TSRYS5870973,D,S,T,2024-08-28,1000000.00,4.198932,99.005859375
08:02:08,912810UD8,TSRYS5870973,D,S,T,2024-08-28,1000000.00,4.199372,99.0
08:02:08,912810UD8,TSRYS5870973,D,S,T,2024-08-28,1000000.00,4.197028,99.03125
08:02:08,912810UD8,TSRYS5870973,D,S,T,2024-08-28,1000000.00,4.205234,98.921875
08:02:08,912810UD8,TSRYS5870973,D,S,T,2024-08-28,1000000.00,4.204061,98.9375
08:02:08,912810UD8,TSRYS5870973,D,S,T,2024-08-28,1000000.00,4.205234,98.921875
08:02:08,912810UD8,TSRYS5870973,D,S,T,2024-08-28,1000000.00,4.207581,98.890625
08:02:08,912810UD8,TSRYS5870973,D,S,T,2024-08-28,1000000.00,4.204794,98.927734375
08:02:08,912810UD8,TSRYS5870973,D,S,T,2024-08-28,1000000.00,4.203328,98.947265625
08:02:08,912810UD8,TSRYS5870973,D,S,T,2024-08-28,1000000.00,4.207581,98.890625
08:02:08,912810UD8,TSRYS5870973,D,S,T,2024-08-28,1000000.00,4.208754,98.875
08:02:08,912810UD8,TSRYS5870973,D,S,T,2024-08-28,1000000.00,4.1982,99.015625
08:02:08,912810UD8,TSRYS5870973,D,S,T,2024-08-28,1000000.00,4.199372,99.0
08:02:08,912810UD8,TSRYS5870973,D,S,T,2024-08-28,1000000.00,4.206407,98.90625
08:02:09,912810UD8,TSRYS5870973,D,S,T,2024-08-28,1000000.00,4.201716,98.96875
08:02:09,912810UD8,TSRYS5870973,D,S,T,2024-08-28,1000000.00,4.199372,99.0
08:02:09,912810UD8,TSRYS5870973,D,S,T,2024-08-28,1000000.00,4.201716,98.96875
08:02:09,912810UD8,TSRYS5870973,D,S,T,2024-08-28,1000000.00,4.200983,98.978515625
08:02:09,912810UD8,TSRYS5870973,D,S,T,2024-08-28,1000000.00,4.204061,98.9375
08:02:09,912810UD8,TSRYS5870973,D,S,T,2024-08-28,1000000.00,4.201716,98.96875
08:02:09,912810UD8,TSRYS5870973,D,S,D,2024-08-28,1000000.00,4.202595,98.95703125
08:02:09,912810UD8,TSRYS5870973,D,S,D,2024-08-28,1000000.00,4.202009,98.96484375
08:02:09,912810UD8,TSRYS5870973,D,S,T,2024-08-28,1000000.00,4.1982,99.015625
08:02:09,912810UD8,TSRYS5870973,D,S,T,2024-08-28,1000000.00,4.1982,99.015625
08:02:09,912810UD8,TSRYS5870973,D,S,T,2024-08-28,1000000.00,4.195857,99.046875
08:02:09,912810UD8,TSRYS5870973,D,S,T,2024-08-28,1000000.00,4.195857,99.046875
08:02:09,912810UD8,TSRYS5870973,D,S,T,2024-08-28,1000000.00,4.195857,99.046875
08:02:09,912810UD8,TSRYS5870973,D,S,T,2024-08-28,1000000.00,4.197028,99.03125
08:02:09,912810UD8,TSRYS5870973,D,S,T,2024-08-28,1000000.00,4.197028,99.03125
08:02:09,912810UD8,TSRYS5870973,D,S,T,2024-08-28,1000000.00,4.190004,99.125
08:02:09,912810UD8,TSRYS5870973,D,S,T,2024-08-28,1000000.00,4.192345,99.09375
08:02:09,912810UD8,TSRYS5870973,D,S,T,2024-08-28,1000000.00,4.184157,99.203125
08:02:09,912810UD8,TSRYS5870973,D,S,T,2024-08-28,1000000.00,4.182989,99.21875
08:02:09,912810UD8,TSRYS5870973,D,S,T,2024-08-28,1000000.00,4.184157,99.203125
08:02:09,912810UD8,TSRYS5870973,D,S,T,2024-08-28,1000000.00,4.184157,99.203125
08:02:09,912810UD8,TSRYS5870973,D,S,T,2024-08-28,1000000.00,4.184157,99.203125
08:02:09,912810UD8,TSRYS5870973,D,S,T,2024-08-28,1000000.00,4.18255,99.224609375
08:02:10,912810UD8,TSRYS5870973,D,S,T,2024-08-28,1000000.00,4.185619,99.18359375
08:02:10,912810UD8,TSRYS5870973,D,S,A,2024-08-28,1400000.00,4.200251,98.98828125
08:02:11,912810UD8,TSRYS5870973,D,S,T,2024-08-28,1000000.00,4.200554,98.984245
08:02:11,912810UD8,TSRYS5870973,D,S,T,2024-08-28,1000000.00,4.200554,98.984245
08:02:12,912810UD8,TSRYS5870973,D,S,D,2024-08-28,1000000.00,4.197028,99.03125
08:02:12,912810UD8,TSRYS5870973,D,S,D,2024-08-28,1000000.00,4.197028,99.03125
08:02:12,912810UD8,TSRYS5870973,D,S,C,2024-08-28,1000000.00,4.198185,99.015825
08:02:12,912810UD8,TSRYS5870973,D,B,C,2024-08-28,1000000.00,4.1982,99.015625
08:02:12,912810UD8,TSRYS5870973,D,S,D,2024-08-28,9000000.00,4.199958,98.99219
08:02:12,912810UD8,TSRYS5870973,D,S,D,2024-08-28,1000000.00,4.205527,98.91796875
08:02:12,912810UD8,TSRYS5870973,D,S,C,2024-08-28,1000000.00,4.200529,98.984575
08:02:12,912810UD8,TSRYS5870973,D,S,D,2024-08-28,1000000.00,4.201716,98.96875
08:02:12,912810UD8,TSRYS5870973,D,S,D,2024-08-28,1000000.00,4.205088,98.923828125
08:02:13,912810UD8,TSRYS5870973,D,S,D,2024-08-28,1000000.00,4.205234,98.921875
08:02:13,912810UD8,TSRYS5870973,D,S,D,2024-08-28,1000000.00,4.202888,98.953125
08:02:14,912810UD8,TSRYS5870973,D,S,A,2024-08-28,180000.00,4.200251,98.98828125
08:02:14,912810UD8,TSRYS5870973,D,S,D,2024-08-28,1000000.00,4.207581,98.890625
08:02:14,912810UD8,TSRYS5870973,D,S,D,2024-08-28,1000000.00,4.207581,98.890625
08:02:14,912810UD8,TSRYS5870973,D,S,D,2024-08-28,1000000.00,4.207581,98.890625
08:02:16,912810UD8,TSRYS5870973,D,B,C,2024-08-28,1000000.00,4.200544,98.984375
08:02:16,912810UD8,TSRYS5870973,D,S,D,2024-08-28,1000000.00,4.200544,98.984375
08:02:16,912810UD8,TSRYS5870973,D,S,A,2024-08-28,500000.00,4.200544,98.984375
08:02:17,912810UD8,TSRYS5870973,D,S,D,2024-08-28,1000000.00,4.205224,98.922005
08:02:18,912810UD8,TSRYS5870973,D,B,C,2024-08-28,1000000.00,4.206407,98.90625
08:02:18,912810UD8,TSRYS5870973,D,S,D,2024-08-28,1000000.00,4.206407,98.90625
08:02:18,912810UD8,TSRYS5870973,D,S,D,2024-08-28,1000000.00,4.206407,98.90625
08:02:18,912810UD8,TSRYS5870973,D,B,C,2024-08-28,2000000.00,4.206407,98.90625
08:02:18,912810UD8,TSRYS5870973,D,S,D,2024-08-28,2000000.00,4.206407,98.90625
08:02:18,912810UD8,TSRYS5870973,D,B,C,2024-08-28,2000000.00,4.206407,98.90625
08:02:18,912810UD8,TSRYS5870973,D,S,D,2024-08-28,2000000.00,4.206407,98.90625
08:02:18,912810UD8,TSRYS5870973,D,S,D,2024-08-28,2000000.00,4.206407,98.90625
08:02:18,912810UD8,TSRYS5870973,D,B,C,2024-08-28,2000000.00,4.206407,98.90625
08:02:18,912810UD8,TSRYS5870973,D,B,C,2024-08-28,2000000.00,4.206407,98.90625
08:02:18,912810UD8,TSRYS5870973,D,S,D,2024-08-28,2000000.00,4.206407,98.90625
08:02:18,912810UD8,TSRYS5870973,D,S,A,2024-08-28,1000000.00,4.203475,98.9453125
08:02:19,912810UD8,TSRYS5870973,D,S,C,2024-08-28,1000000.00,4.207566,98.890825
08:02:19,912810UD8,TSRYS5870973,D,S,D,2024-08-28,1000000.00,4.205234,98.921875
08:02:19,912810UD8,TSRYS5870973,D,S,D,2024-08-28,1000000.00,4.207581,98.890625
08:02:19,912810UD8,TSRYS5870973,D,S,D,2024-08-28,1000000.00,4.205234,98.921875
08:02:19,912810UD8,TSRYS5870973,D,S,D,2024-08-28,1000000.00,4.205234,98.921875
08:02:19,912810UD8,TSRYS5870973,D,S,C,2024-08-28,1000000.00,4.205234,98.921875
08:02:21,912810UD8,TSRYS5870973,D,S,D,2024-08-28,1000000.00,4.204051,98.93763
08:02:21,912810UD8,TSRYS5870973,D,B,C,2024-08-28,1000000.00,4.204061,98.9375
08:02:21,912810UD8,TSRYS5870973,D,S,D,2024-08-28,1000000.00,4.204051,98.93763
08:02:22,912810UD8,TSRYS5870973,D,B,C,2024-08-28,1000000.00,4.205246,98.921723
08:02:22,912810UD8,TSRYS5870973,D,S,D,2024-08-28,1000000.00,4.205219,98.922075
08:02:22,912810UD8,TSRYS5870973,D,B,C,2024-08-28,1000000.00,4.205234,98.921875
08:02:22,912810UD8,TSRYS5870973,D,S,D,2024-08-28,1000000.00,4.205219,98.922075
08:02:22,912810UD8,TSRYS5870973,D,S,D,2024-08-28,1000000.00,4.205674,98.916015625
08:02:22,912810UD8,TSRYS5870973,D,S,D,2024-08-28,1000000.00,4.205527,98.91796875
08:02:23,912810UD8,TSRYS5870973,D,S,C,2024-08-28,1000000.00,4.206554,98.904296875
08:02:23,912810UD8,TSRYS5870973,D,S,D,2024-08-28,1000000.00,4.207874,98.88671875
08:02:23,912810UD8,TSRYS5870973,D,S,D,2024-08-28,1000000.00,4.207581,98.890625
08:02:23,912810UD8,TSRYS5870973,D,S,D,2024-08-28,1000000.00,4.207581,98.890625
08:02:23,912810UD8,TSRYS5870973,D,B,C,2024-08-28,1000000.00,4.207596,98.890425
08:02:23,912810UD8,TSRYS5870973,D,B,C,2024-08-28,1000000.00,4.207581,98.890625
08:02:23,912810UD8,TSRYS5870973,D,S,D,2024-08-28,1000000.00,4.207581,98.890625
08:02:25,912810UD8,TSRYS5870973,D,S,D,2024-08-28,5000000.00,4.203697,98.9423523
08:02:25,912810UD8,TSRYS5870973,D,B,C,2024-08-28,5000000.00,4.203722,98.9420253
08:02:25,912810UD8,TSRYS5870973,D,S,D,2024-08-28,1000000.00,4.204061,98.9375
08:02:25,912810UD8,TSRYS5870973,D,B,C,2024-08-28,1000000.00,4.204061,98.9375
08:02:25,912810UD8,TSRYS5870973,D,S,C,2024-08-28,1000000.00,4.205217,98.922102
08:02:25,912810UD8,TSRYS5870973,D,B,C,2024-08-28,1000000.00,4.205234,98.921875
08:02:25,912810UD8,TSRYS5870973,D,S,T,2024-08-28,1000000.00,4.205234,98.921875
08:02:26,912810UD8,TSRYS5870973,D,S,D,2024-08-28,1000000.00,4.206407,98.90625
08:02:27,912810UD8,TSRYS5870973,D,S,D,2024-08-28,1000000.00,4.207581,98.890625
08:02:27,912810UD8,TSRYS5870973,D,B,C,2024-08-28,1000000.00,4.207581,98.890625
08:02:27,912810UD8,TSRYS5870973,D,S,D,2024-08-28,1000000.00,4.207566,98.890825
08:02:27,912810UD8,TSRYS5870973,D,S,D,2024-08-28,1000000.00,4.207568,98.890802
08:02:27,912810UD8,TSRYS5870973,D,S,D,2024-08-28,1000000.00,4.206394,98.906427
08:02:27,912810UD8,TSRYS5870973,D,B,C,2024-08-28,1000000.00,4.206407,98.90625
08:02:27,912810UD8,TSRYS5870973,D,S,D,2024-08-28,1000000.00,4.207728,98.888671875
08:02:27,912810UD8,TSRYS5870973,D,S,C,2024-08-28,1000000.00,4.206554,98.904296875
08:02:27,912810UD8,TSRYS5870973,D,S,D,2024-08-28,1000000.00,4.207581,98.890625
08:02:27,912810UD8,TSRYS5870973,D,S,D,2024-08-28,1000000.00,4.207874,98.88671875
08:02:27,912810UD8,TSRYS5870973,D,S,C,2024-08-28,1000000.00,4.206554,98.904296875
08:02:28,912810UD8,TSRYS5870973,D,S,T,2024-08-28,1000000.00,4.205234,98.921875
08:02:28,912810UD8,TSRYS5870973,D,B,C,2024-08-28,1000000.00,4.205249,98.921675
08:02:28,912810UD8,TSRYS5870973,D,S,D,2024-08-28,1000000.00,4.205227,98.921977
08:02:28,912810UD8,TSRYS5870973,D,S,D,2024-08-28,1000000.00,4.205227,98.921977
08:02:28,912810UD8,TSRYS5870973,D,B,C,2024-08-28,1000000.00,4.205234,98.921875
08:02:28,912810UD8,TSRYS5870973,D,S,D,2024-08-28,1000000.00,4.205227,98.921977
08:02:28,912810UD8,TSRYS5870973,D,S,D,2024-08-28,1000000.00,4.205227,98.921977
08:02:28,912810UD8,TSRYS5870973,D,S,D,2024-08-28,1000000.00,4.205227,98.921977
08:02:28,912810UD8,TSRYS5870973,D,S,D,2024-08-28,1000000.00,4.205227,98.921977
08:02:28,912810UD8,TSRYS5870973,D,S,D,2024-08-28,1000000.00,4.206398,98.90638
08:02:28,912810UD8,TSRYS5870973,D,S,C,2024-08-28,1000000.00,4.206392,98.90645
08:02:28,912810UD8,TSRYS5870973,D,B,C,2024-08-28,1000000.00,4.206407,98.90625
08:02:28,912810UD8,TSRYS5870973,D,S,A,2024-08-28,410000.00,4.201423,98.97265625
08:02:28,912810UD8,TSRYS5870973,D,S,C,2024-08-28,145800.00,4.200221,98.98868125
08:02:28,912810UD8,TSRYS5870973,D,S,C,2024-08-28,1000000.00,4.206554,98.904296875
08:02:32,912810UD8,TSRYS5870973,D,S,D,2024-08-28,1000000.00,4.202888,98.953125
08:02:32,912810UD8,TSRYS5870973,D,S,T,2024-08-28,1000000.00,4.197321,99.02734375
08:02:32,912810UD8,TSRYS5870973,D,S,T,2024-08-28,1000000.00,4.200983,98.978515625
08:02:32,912810UD8,TSRYS5870973,D,S,T,2024-08-28,1000000.00,4.199665,98.99609375
08:02:32,912810UD8,TSRYS5870973,D,S,T,2024-08-28,1000000.00,4.200544,98.984375
08:02:32,912810UD8,TSRYS5870973,D,B,C,2024-08-28,23000000.00,4.204865,98.92679
08:02:32,912810UD8,TSRYS5870973,D,S,C,2024-08-28,197000.00,4.206407,98.90625
08:02:32,912810UD8,TSRYS5870973,D,S,T,2024-08-28,1000000.00,4.201423,98.97265625
08:02:33,912810UD8,TSRYS5870973,D,S,T,2024-08-28,1000000.00,4.201863,98.966796875
08:02:33,912810UD8,TSRYS5870973,D,S,T,2024-08-28,1000000.00,4.201716,98.96875
08:02:33,912810UD8,TSRYS5870973,D,S,T,2024-08-28,1000000.00,4.199372,99.0
08:02:33,912810UD8,TSRYS5870973,D,B,C,2024-08-28,9000000.00,4.205406,98.91959
08:02:33,912810UD8,TSRYS5870973,D,S,T,2024-08-28,1000000.00,4.202595,98.95703125
08:02:33,912810UD8,TSRYS5870973,D,S,T,2024-08-28,1000000.00,4.198786,99.0078125
08:02:33,912810UD8,TSRYS5870973,D,S,T,2024-08-28,1000000.00,4.199372,99.0
08:02:33,912810UD8,TSRYS5870973,D,S,C,2024-08-28,1000000.00,4.201701,98.96895
08:02:33,912810UD8,TSRYS5870973,D,S,T,2024-08-28,1000000.00,4.199518,98.998046875
08:02:33,912810UD8,TSRYS5870973,D,S,T,2024-08-28,1000000.00,4.199372,99.0
08:02:33,912810UD8,TSRYS5870973,D,S,T,2024-08-28,1000000.00,4.199518,98.998046875
08:02:33,912810UD8,TSRYS5870973,D,S,T,2024-08-28,1000000.00,4.198786,99.0078125
08:02:33,912810UD8,TSRYS5870973,D,S,T,2024-08-28,1000000.00,4.201423,98.97265625
08:02:33,912810UD8,TSRYS5870973,D,S,T,2024-08-28,1000000.00,4.1982,99.015625
08:02:33,912810UD8,TSRYS5870973,D,S,T,2024-08-28,1000000.00,4.199372,99.0
08:02:33,912810UD8,TSRYS5870973,D,S,D,2024-08-28,1000000.00,4.201706,98.96888
08:02:33,912810UD8,TSRYS5870973,D,S,C,2024-08-28,1000000.00,4.201701,98.96895
08:02:33,912810UD8,TSRYS5870973,D,S,T,2024-08-28,1000000.00,4.203915,98.939453125
08:02:33,912810UD8,TSRYS5870973,D,S,A,2024-08-28,20000.00,4.197321,99.02734375
08:02:34,912810UD8,TSRYS5870973,D,S,D,2024-08-28,5000000.00,4.200889,98.9797688
08:02:34,912810UD8,TSRYS5870973,D,S,D,2024-08-28,1000000.00,4.206407,98.90625
08:02:34,912810UD8,TSRYS5870973,D,B,C,2024-08-28,19000000.00,4.199833,98.99385
08:02:34,912810UD8,TSRYS5870973,D,B,C,2024-08-28,1000000.00,4.204076,98.9373
08:02:34,912810UD8,TSRYS5870973,D,S,D,2024-08-28,1000000.00,4.204061,98.9375
08:02:36,912810UD8,TSRYS5870973,D,S,C,2024-08-28,1000000.00,4.205088,98.923828125
08:02:36,912810UD8,TSRYS5870973,D,S,T,2024-08-28,1000000.00,4.202888,98.953125
08:02:36,912810UD8,TSRYS5870973,D,S,D,2024-08-28,180000.00,4.18896,99.138940972
08:02:37,912810UD8,TSRYS5870973,D,S,D,2024-08-28,525000.00,4.18907,99.137480655
08:02:41,912810UD8,TSRYS5870973,D,S,D,2024-08-28,1000000.00,4.207581,98.890625
08:02:43,912810UD8,TSRYS5870973,D,S,C,2024-08-28,1000000.00,4.203328,98.947265625
08:02:43,912810UD8,TSRYS5870973,D,S,C,2024-08-28,1000000.00,4.204794,98.927734375
08:02:43,912810UD8,TSRYS5870973,D,S,C,2024-08-28,1000000.00,4.206261,98.908203125
08:02:43,912810UD8,TSRYS5870973,D,S,C,2024-08-28,1000000.00,4.206261,98.908203125
08:02:44,912810UD8,TSRYS5870973,D,S,D,2024-08-28,1000000.00,4.205234,98.921875
08:02:44,912810UD8,TSRYS5870973,D,S,D,2024-08-28,1000000.00,4.205234,98.921875
08:02:44,912810UD8,TSRYS5870973,D,S,C,2024-08-28,1000000.00,4.207581,98.890625
08:02:44,912810UD8,TSRYS5870973,D,S,C,2024-08-28,1000000.00,4.205219,98.922075
08:02:44,912810UD8,TSRYS5870973,D,S,D,2024-08-28,1000000.00,4.202888,98.953125
08:02:44,912810UD8,TSRYS5870973,D,S,C,2024-08-28,1000000.00,4.207581,98.890625
08:02:45,912810UD8,TSRYS5870973,D,S,C,2024-08-28,1000000.00,4.207581,98.890625
08:02:45,912810UD8,TSRYS5870973,D,S,D,2024-08-28,1000000.00,4.207581,98.890625
08:02:45,912810UD8,TSRYS5870973,D,S,C,2024-08-28,1000000.00,4.204941,98.92578125
08:02:46,912810UD8,TSRYS5870973,D,S,C,2024-08-28,1000000.00,4.204794,98.927734375
08:02:46,912810UD8,TSRYS5870973,D,S,C,2024-08-28,1000000.00,4.208754,98.875
08:02:48,912810UD8,TSRYS5870973,D,S,D,2024-08-28,1000000.00,4.20113,98.9765625
08:02:48,912810UD8,TSRYS5870973,D,S,T,2024-08-28,1000000.00,4.188542,99.14453125
08:02:48,912810UD8,TSRYS5870973,D,S,T,2024-08-28,2000000.00,4.188542,99.14453125
08:02:50,912810UD8,TSRYS5870973,D,S,C,2024-08-28,1000000.00,4.202009,98.96484375
08:02:50,912810UD8,TSRYS5870973,D,S,C,2024-08-28,1000000.00,4.202009,98.96484375
08:02:51,912810UD8,TSRYS5870973,D,S,T,2024-08-28,1000000.00,4.188542,99.14453125
08:02:51,912810UD8,TSRYS5870973,D,S,T,2024-08-28,1000000.00,4.188542,99.14453125
08:02:52,912810UD8,TSRYS5870973,D,S,C,2024-08-28,1000000.00,4.203328,98.947265625
08:02:52,912810UD8,TSRYS5870973,D,S,C,2024-08-28,1000000.00,4.203328,98.947265625
08:02:52,912810UD8,TSRYS5870973,D,S,C,2024-08-28,1000000.00,4.203328,98.947265625
08:02:52,912810UD8,TSRYS5870973,D,S,D,2024-08-28,165000.00,4.203182,98.94921875
08:02:53,912810UD8,TSRYS5870973,D,S,C,2024-08-28,1000000.00,4.200544,98.984375
08:02:54,912810UD8,TSRYS5870973,D,B,C,2024-08-28,1000000.00,4.204061,98.9375
08:02:54,912810UD8,TSRYS5870973,D,S,D,2024-08-28,1000000.00,4.204061,98.9375
08:02:54,912810UD8,TSRYS5870973,D,B,C,2024-08-28,1000000.00,4.204061,98.9375
08:02:54,912810UD8,TSRYS5870973,D,S,D,2024-08-28,1000000.00,4.204061,98.9375
08:02:54,912810UD8,TSRYS5870973,D,B,C,2024-08-28,1000000.00,4.204061,98.9375
08:02:54,912810UD8,TSRYS5870973,D,S,D,2024-08-28,1000000.00,4.204061,98.9375
08:02:55,912810UD8,TSRYS5870973,D,S,D,2024-08-28,1000000.00,4.199372,99.0
08:02:55,912810UD8,TSRYS5870973,D,B,C,2024-08-28,1000000.00,4.199372,99.0
08:02:56,912810UD8,TSRYS5870973,D,S,D,2024-08-28,1000000.00,4.199372,99.0
08:02:56,912810UD8,TSRYS5870973,D,B,C,2024-08-28,1000000.00,4.199372,99.0
08:02:58,912810UD8,TSRYS5870973,D,S,D,2024-08-28,1000000.00,4.19819,99.015755
08:02:58,912810UD8,TSRYS5870973,D,S,D,2024-08-28,705000.00,4.189127,99.13671875
08:02:58,912810UD8,TSRYS5870973,D,S,C,2024-08-28,1000000.00,4.204794,98.927734375
08:02:58,912810UD8,TSRYS5870973,D,S,D,2024-08-28,1000000.00,4.200544,98.984375
08:02:58,912810UD8,TSRYS5870973,D,S,C,2024-08-28,1000000.00,4.200544,98.984375
08:02:59,912810UD8,TSRYS5870973,D,S,C,2024-08-28,1000000.00,4.204794,98.927734375
08:02:59,912810UD8,TSRYS5870973,D,S,D,2024-08-28,1000000.00,4.199372,99.0
08:03:01,912810UD8,TSRYS5870973,D,S,D,2024-08-28,1000000.00,4.202879,98.953255
08:03:02,912810UD8,TSRYS5870973,D,S,C,2024-08-28,1000000.00,4.203328,98.947265625
08:03:03,912810UD8,TSRYS5870973,D,S,C,2024-08-28,1000000.00,4.204794,98.927734375
08:03:04,912810UD8,TSRYS5870973,D,S,C,2024-08-28,1000000.00,4.204941,98.92578125
08:03:04,912810UD8,TSRYS5870973,D,S,D,2024-08-28,1000000.00,4.206407,98.90625
08:03:05,912810UD8,TSRYS5870973,D,S,C,2024-08-28,1000000.00,4.207581,98.890625
08:03:06,912810UD8,TSRYS5870973,D,S,C,2024-08-28,1000000.00,4.207581,98.890625
08:03:09,912810UD8,TSRYS5870973,D,S,D,2024-08-28,1000000.00,4.201716,98.96875
08:03:09,912810UD8,TSRYS5870973,D,B,C,2024-08-28,1000000.00,4.201716,98.96875
08:03:09,912810UD8,TSRYS5870973,D,S,D,2024-08-28,1000000.00,4.201706,98.96888
08:03:10,912810UD8,TSRYS5870973,D,S,D,2024-08-28,1000000.00,4.199372,99.0
08:03:11,912810UD8,TSRYS5870973,D,S,D,2024-08-28,1000000.00,4.1982,99.015625
08:03:11,912810UD8,TSRYS5870973,D,B,C,2024-08-28,1000000.00,4.198215,99.015425
08:03:11,912810UD8,TSRYS5870973,D,S,D,2024-08-28,1000000.00,4.199372,99.0
08:03:12,912810UD8,TSRYS5870973,D,S,C,2024-08-28,1000000.00,4.200529,98.984575
08:03:12,912810UD8,TSRYS5870973,D,S,D,2024-08-28,1000000.00,4.200544,98.984375
08:03:12,912810UD8,TSRYS5870973,D,S,C,2024-08-28,1000000.00,4.201716,98.96875
08:03:13,912810UD8,TSRYS5870973,D,B,C,2024-08-28,1000000.00,4.200559,98.984175
08:03:13,912810UD8,TSRYS5870973,D,S,D,2024-08-28,1000000.00,4.200534,98.984505
08:03:15,912810UD8,TSRYS5870973,D,S,C,2024-08-28,1000000.00,4.204794,98.927734375
08:03:16,912810UD8,TSRYS5870973,D,S,D,2024-08-28,1000000.00,4.201706,98.96888
08:03:16,912810UD8,TSRYS5870973,D,B,C,2024-08-28,1000000.00,4.201727,98.9686
08:03:16,912810UD8,TSRYS5870973,D,S,D,2024-08-28,1000000.00,4.202888,98.953125
08:03:17,912810UD8,TSRYS5870973,D,S,D,2024-08-28,1000000.00,4.201716,98.96875
08:03:17,912810UD8,TSRYS5870973,D,B,C,2024-08-28,1000000.00,4.201731,98.96855
08:03:17,912810UD8,TSRYS5870973,D,S,D,2024-08-28,1000000.00,4.201716,98.96875
08:03:17,912810UD8,TSRYS5870973,D,B,C,2024-08-28,1000000.00,4.201716,98.96875
08:03:18,912810UD8,TSRYS5870973,D,S,D,2024-08-28,1000000.00,4.204061,98.9375
08:03:19,912810UD8,TSRYS5870973,D,S,D,2024-08-28,1000000.00,4.204051,98.93763
08:03:19,912810UD8,TSRYS5870973,D,S,C,2024-08-28,1000000.00,4.182112,99.23046875
08:03:20,912810UD8,TSRYS5870973,D,S,C,2024-08-28,1000000.00,4.204794,98.927734375
08:03:23,912810UD8,TSRYS5870973,D,S,D,2024-08-28,1000000.00,4.202888,98.953125
08:03:23,912810UD8,TSRYS5870973,D,S,D,2024-08-28,1000000.00,4.202888,98.953125
08:03:23,912810UD8,TSRYS5870973,D,S,D,2024-08-28,1000000.00,4.202888,98.953125
08:03:23,912810UD8,TSRYS5870973,D,S,D,2024-08-28,1000000.00,4.202888,98.953125
08:03:23,912810UD8,TSRYS5870973,D,S,D,2024-08-28,1000000.00,4.202888,98.953125
08:03:24,912810UD8,TSRYS5870973,D,S,D,2024-08-28,1000000.00,4.201716,98.96875
08:03:24,912810UD8,TSRYS5870973,D,S,D,2024-08-28,1000000.00,4.201716,98.96875
08:03:24,912810UD8,TSRYS5870973,D,S,C,2024-08-28,1000000.00,4.201716,98.96875
08:03:24,912810UD8,TSRYS5870973,D,S,C,2024-08-28,1000000.00,4.201716,98.96875
08:03:24,912810UD8,TSRYS5870973,D,S,D,2024-08-28,1000000.00,4.201716,98.96875
08:03:24,912810UD8,TSRYS5870973,D,S,C,2024-08-28,2000000.00,4.201716,98.96875
08:03:24,912810UD8,TSRYS5870973,D,S,C,2024-08-28,1000000.00,4.201705,98.9689
08:03:24,912810UD8,TSRYS5870973,D,S,C,2024-08-28,2000000.00,4.201716,98.96875
08:03:24,912810UD8,TSRYS5870973,D,S,D,2024-08-28,1000000.00,4.201716,98.96875
08:03:24,912810UD8,TSRYS5870973,D,S,C,2024-08-28,1000000.00,4.201708,98.96885
08:03:25,912810UD8,TSRYS5870973,D,S,D,2024-08-28,2000000.00,4.201705,98.968902
08:03:27,912810UD8,TSRYS5870973,D,S,D,2024-08-28,1000000.00,4.201706,98.96888
08:03:30,912810UD8,TSRYS5870973,D,B,C,2024-08-28,1000000.00,4.190004,99.125
08:03:30,912810UD8,TSRYS5870973,D,S,D,2024-08-28,1000000.00,4.190004,99.125
08:03:34,912810UD8,TSRYS5870973,D,S,D,2024-08-28,1000000.00,4.1982,99.015625
08:03:34,912810UD8,TSRYS5870973,D,S,D,2024-08-28,1000000.00,4.1982,99.015625
08:03:34,912810UD8,TSRYS5870973,D,S,D,2024-08-28,1000000.00,4.1982,99.015625
08:03:35,912810UD8,TSRYS5870973,D,S,C,2024-08-28,1000000.00,4.197028,99.03125
08:03:35,912810UD8,TSRYS5870973,D,S,D,2024-08-28,1000000.00,4.197028,99.03125
08:03:35,912810UD8,TSRYS5870973,D,B,C,2024-08-28,1000000.00,4.197028,99.03125
08:03:35,912810UD8,TSRYS5870973,D,B,C,2024-08-28,1000000.00,4.197028,99.03125
08:03:35,912810UD8,TSRYS5870973,D,B,C,2024-08-28,1000000.00,4.195857,99.046875
08:03:35,912810UD8,TSRYS5870973,D,S,D,2024-08-28,1000000.00,4.195857,99.046875
08:03:35,912810UD8,TSRYS5870973,D,S,D,2024-08-28,1000000.00,4.195857,99.046875
08:03:35,912810UD8,TSRYS5870973,D,S,D,2024-08-28,1000000.00,4.195847,99.047005
08:03:35,912810UD8,TSRYS5870973,D,S,D,2024-08-28,1000000.00,4.195857,99.046875
08:03:35,912810UD8,TSRYS5870973,D,S,D,2024-08-28,1000000.00,4.195857,99.046875
08:03:35,912810UD8,TSRYS5870973,D,S,D,2024-08-28,1000000.00,4.195857,99.046875
08:03:35,912810UD8,TSRYS5870973,D,B,C,2024-08-28,1000000.00,4.197028,99.03125
08:03:35,912810UD8,TSRYS5870973,D,S,D,2024-08-28,1000000.00,4.197028,99.03125
08:03:35,912810UD8,TSRYS5870973,D,B,C,2024-08-28,1000000.00,4.197028,99.03125
08:03:35,912810UD8,TSRYS5870973,D,S,D,2024-08-28,1000000.00,4.197028,99.03125
08:03:35,912810UD8,TSRYS5870973,D,B,C,2024-08-28,1000000.00,4.197028,99.03125
08:03:35,912810UD8,TSRYS5870973,D,S,D,2024-08-28,1000000.00,4.197028,99.03125
08:03:36,912810UD8,TSRYS5870973,D,B,C,2024-08-28,1000000.00,4.197028,99.03125
08:03:36,912810UD8,TSRYS5870973,D,S,D,2024-08-28,1000000.00,4.197028,99.03125
08:03:36,912810UD8,TSRYS5870973,D,S,D,2024-08-28,1000000.00,4.197028,99.03125
08:03:36,912810UD8,TSRYS5870973,D,B,C,2024-08-28,1000000.00,4.197036,99.03115
08:03:36,912810UD8,TSRYS5870973,D,S,D,2024-08-28,1000000.00,4.197028,99.03125
08:03:36,912810UD8,TSRYS5870973,D,B,C,2024-08-28,1000000.00,4.197036,99.03115
08:03:36,912810UD8,TSRYS5870973,D,S,D,2024-08-28,1000000.00,4.197028,99.03125
08:03:36,912810UD8,TSRYS5870973,D,S,D,2024-08-28,1000000.00,4.197028,99.03125
08:03:36,912810UD8,TSRYS5870973,D,B,C,2024-08-28,1000000.00,4.197028,99.03125
08:03:36,912810UD8,TSRYS5870973,D,S,D,2024-08-28,1000000.00,4.197028,99.03125
08:03:36,912810UD8,TSRYS5870973,D,S,D,2024-08-28,1000000.00,4.197028,99.03125
08:03:36,912810UD8,TSRYS5870973,D,S,D,2024-08-28,1000000.00,4.197028,99.03125
08:03:36,912810UD8,TSRYS5870973,D,B,C,2024-08-28,1000000.00,4.197028,99.03125
08:03:36,912810UD8,TSRYS5870973,D,S,D,2024-08-28,1000000.00,4.197028,99.03125
08:03:40,912810UD8,TSRYS5870973,D,S,D,2024-08-28,1000000.00,4.199372,99.0
08:03:40,912810UD8,TSRYS5870973,D,B,C,2024-08-28,1000000.00,4.195857,99.046875
08:03:40,912810UD8,TSRYS5870973,D,S,D,2024-08-28,1000000.00,4.195847,99.047005
08:03:41,912810UD8,TSRYS5870973,D,S,C,2024-08-28,1000000.00,4.193515,99.078125
08:03:41,912810UD8,TSRYS5870973,D,S,D,2024-08-28,1000000.00,4.193515,99.078125
08:03:41,912810UD8,TSRYS5870973,D,B,C,2024-08-28,1000000.00,4.193515,99.078125
08:03:41,912810UD8,TSRYS5870973,D,B,C,2024-08-28,1000000.00,4.193515,99.078125
08:03:42,912810UD8,TSRYS5870973,D,S,D,2024-08-28,1000000.00,4.193515,99.078125
08:03:42,912810UD8,TSRYS5870973,D,S,D,2024-08-28,1000000.00,4.193515,99.078125
08:03:42,912810UD8,TSRYS5870973,D,S,D,2024-08-28,1000000.00,4.193515,99.078125
08:03:42,912810UD8,TSRYS5870973,D,S,D,2024-08-28,1000000.00,4.193515,99.078125
08:03:42,912810UD8,TSRYS5870973,D,B,C,2024-08-28,1000000.00,4.192345,99.09375
08:03:42,912810UD8,TSRYS5870973,D,S,D,2024-08-28,1000000.00,4.192345,99.09375
08:03:42,912810UD8,TSRYS5870973,D,S,D,2024-08-28,1000000.00,4.192345,99.09375
08:03:42,912810UD8,TSRYS5870973,D,B,C,2024-08-28,1000000.00,4.192345,99.09375
08:03:42,912810UD8,TSRYS5870973,D,S,C,2024-08-28,1000000.00,4.199372,99.0
08:03:42,912810UD8,TSRYS5870973,D,B,C,2024-08-28,1000000.00,4.191174,99.109375
08:03:42,912810UD8,TSRYS5870973,D,S,D,2024-08-28,1000000.00,4.191174,99.109375
08:03:43,912810UD8,TSRYS5870973,D,S,C,2024-08-28,1000000.00,4.199372,99.0
08:03:43,912810UD8,TSRYS5870973,D,S,C,2024-08-28,1000000.00,4.1982,99.015625
08:03:43,912810UD8,TSRYS5870973,D,S,C,2024-08-28,1000000.00,4.199372,99.0
08:03:43,912810UD8,TSRYS5870973,D,S,D,2024-08-28,1000000.00,4.190004,99.125
08:03:44,912810UD8,TSRYS5870973,D,S,C,2024-08-28,1000000.00,4.189989,99.1252
08:03:44,912810UD8,TSRYS5870973,D,S,D,2024-08-28,1000000.00,4.192345,99.09375
08:03:44,912810UD8,TSRYS5870973,D,S,D,2024-08-28,1000000.00,4.192333,99.0939
08:03:45,912810UD8,TSRYS5870973,D,B,C,2024-08-28,1000000.00,4.192345,99.09375
08:03:45,912810UD8,TSRYS5870973,D,S,D,2024-08-28,1000000.00,4.192333,99.0939
08:03:46,912810UD8,TSRYS5870973,D,S,D,2024-08-28,1000000.00,4.191174,99.109375
08:03:46,912810UD8,TSRYS5870973,D,B,C,2024-08-28,1000000.00,4.191189,99.109175
08:03:46,912810UD8,TSRYS5870973,D,S,D,2024-08-28,1000000.00,4.191174,99.109375
08:03:46,912810UD8,TSRYS5870973,D,S,D,2024-08-28,1000000.00,4.191174,99.109375
08:03:46,912810UD8,TSRYS5870973,D,B,C,2024-08-28,1000000.00,4.191174,99.109375
08:03:46,912810UD8,TSRYS5870973,D,B,C,2024-08-28,1000000.00,4.191174,99.109375
08:03:46,912810UD8,TSRYS5870973,D,B,C,2024-08-28,1000000.00,4.191174,99.109375
08:03:46,912810UD8,TSRYS5870973,D,S,D,2024-08-28,1000000.00,4.191165,99.109505
08:03:48,912810UD8,TSRYS5870973,D,S,D,2024-08-28,1000000.00,4.184157,99.203125
08:03:48,912810UD8,TSRYS5870973,D,B,C,2024-08-28,1000000.00,4.184157,99.203125
08:03:48,912810UD8,TSRYS5870973,D,S,D,2024-08-28,1000000.00,4.184157,99.203125
08:03:48,912810UD8,TSRYS5870973,D,B,C,2024-08-28,1000000.00,4.184157,99.203125
08:03:48,912810UD8,TSRYS5870973,D,S,D,2024-08-28,1000000.00,4.184146,99.203275
08:03:48,912810UD8,TSRYS5870973,D,B,C,2024-08-28,1000000.00,4.184157,99.203125
08:03:48,912810UD8,TSRYS5870973,D,S,D,2024-08-28,1000000.00,4.184146,99.203275
08:03:49,912810UD8,TSRYS5870973,D,S,D,2024-08-28,1000000.00,4.184146,99.203275
08:03:49,912810UD8,TSRYS5870973,D,S,D,2024-08-28,1000000.00,4.184146,99.203275
08:03:49,912810UD8,TSRYS5870973,D,B,C,2024-08-28,1000000.00,4.184157,99.203125
08:03:49,912810UD8,TSRYS5870973,D,S,D,2024-08-28,1000000.00,4.184146,99.203275
08:03:49,912810UD8,TSRYS5870973,D,B,C,2024-08-28,1000000.00,4.184157,99.203125
08:03:49,912810UD8,TSRYS5870973,D,S,C,2024-08-28,1000000.00,4.184142,99.203325
08:03:50,912810UD8,TSRYS5870973,D,S,D,2024-08-28,1000000.00,4.182989,99.21875
08:03:50,912810UD8,TSRYS5870973,D,B,C,2024-08-28,1000000.00,4.182989,99.21875
08:03:50,912810UD8,TSRYS5870973,D,S,C,2024-08-28,1000000.00,4.182989,99.21875
08:03:50,912810UD8,TSRYS5870973,D,B,C,2024-08-28,1000000.00,4.182989,99.21875
08:03:51,912810UD8,TSRYS5870973,D,B,C,2024-08-28,2000000.00,4.183,99.2186
08:03:51,912810UD8,TSRYS5870973,D,S,D,2024-08-28,1000000.00,4.182981,99.218852
08:03:51,912810UD8,TSRYS5870973,D,S,D,2024-08-28,2000000.00,4.182981,99.218852
08:03:51,912810UD8,TSRYS5870973,D,S,D,2024-08-28,1000000.00,4.182981,99.218852
08:03:51,912810UD8,TSRYS5870973,D,S,D,2024-08-28,1000000.00,4.182981,99.218852
08:03:53,912810UD8,TSRYS5870973,D,S,D,2024-08-28,1000000.00,4.184157,99.203125
08:03:54,912810UD8,TSRYS5870973,D,S,D,2024-08-28,1000000.00,4.182989,99.21875
08:03:54,912810UD8,TSRYS5870973,D,B,C,2024-08-28,1000000.00,4.182989,99.21875
08:03:54,912810UD8,TSRYS5870973,D,S,D,2024-08-28,1000000.00,4.184157,99.203125
08:03:54,912810UD8,TSRYS5870973,D,S,D,2024-08-28,1000000.00,4.184146,99.203275
08:03:55,912810UD8,TSRYS5870973,D,S,D,2024-08-28,1000000.00,4.184146,99.203275
08:03:56,912810UD8,TSRYS5870973,D,S,D,2024-08-28,1000000.00,4.182989,99.21875
08:03:56,912810UD8,TSRYS5870973,D,B,C,2024-08-28,1000000.00,4.182989,99.21875
08:03:56,912810UD8,TSRYS5870973,D,S,D,2024-08-28,1000000.00,4.182989,99.21875
08:03:56,912810UD8,TSRYS5870973,D,B,C,2024-08-28,1000000.00,4.182989,99.21875
08:03:56,912810UD8,TSRYS5870973,D,S,D,2024-08-28,1000000.00,4.18182,99.234375
08:03:56,912810UD8,TSRYS5870973,D,B,C,2024-08-28,1000000.00,4.18182,99.234375
08:03:57,912810UD8,TSRYS5870973,D,B,C,2024-08-28,1000000.00,4.192198,99.095703125
08:03:57,912810UD8,TSRYS5870973,D,S,T,2024-08-28,1000000.00,4.207874,98.88671875
08:03:58,912810UD8,TSRYS5870973,D,S,D,2024-08-28,1000000.00,4.184146,99.203275
08:03:58,912810UD8,TSRYS5870973,D,S,C,2024-08-28,1000000.00,4.185311,99.1877
08:03:58,912810UD8,TSRYS5870973,D,S,D,2024-08-28,1000000.00,4.185326,99.1875
08:03:58,912810UD8,TSRYS5870973,D,S,C,2024-08-28,1000000.00,4.184146,99.203275
08:03:58,912810UD8,TSRYS5870973,D,B,C,2024-08-28,1000000.00,4.184157,99.203125
08:03:58,912810UD8,TSRYS5870973,D,B,C,2024-08-28,1000000.00,4.184157,99.203125
08:03:58,912810UD8,TSRYS5870973,D,S,C,2024-08-28,1000000.00,4.184146,99.203275
08:03:58,912810UD8,TSRYS5870973,D,S,D,2024-08-28,1000000.00,4.184146,99.203275
08:03:58,912810UD8,TSRYS5870973,D,B,C,2024-08-28,2000000.00,4.184157,99.203125
08:03:58,912810UD8,TSRYS5870973,D,S,D,2024-08-28,2000000.00,4.184146,99.203275
08:03:59,912810UD8,TSRYS5870973,D,B,C,2024-08-28,1000000.00,4.184172,99.202925
08:03:59,912810UD8,TSRYS5870973,D,S,C,2024-08-28,1000000.00,4.184146,99.203275
08:04:01,912810UD8,TSRYS5870973,D,S,D,2024-08-28,1000000.00,4.187665,99.15625
08:04:02,912810UD8,TSRYS5870973,D,S,C,2024-08-28,1000000.00,4.186484,99.172025
08:04:02,912810UD8,TSRYS5870973,D,B,C,2024-08-28,1000000.00,4.186495,99.171875
08:04:04,912810UD8,TSRYS5870973,D,S,D,2024-08-28,1000000.00,4.190004,99.125
08:04:18,912810UD8,TSRYS5870973,D,S,D,2024-08-28,1000000.00,4.19176,99.1015625
08:04:24,912810UD8,TSRYS5870973,D,S,D,2024-08-28,245000.00,4.200544,98.984375
08:04:24,912810UD8,TSRYS5870973,D,S,A,2024-08-28,100000.00,4.204648,98.9296875
08:04:27,912810UD8,TSRYS5870973,D,B,C,2024-08-28,2500000.00,4.191906,99.09960938
08:04:30,912810UD8,TSRYS5870973,D,S,T,2024-08-28,2000000.00,4.193076,99.083984375
08:04:30,912810UD8,TSRYS5870973,D,S,T,2024-08-28,1000000.00,4.193076,99.083984375
08:04:41,912810UD8,TSRYS5870973,D,S,D,2024-08-28,100000.00,4.192345,99.09375
08:04:44,912810UD8,TSRYS5870973,D,S,D,2024-08-28,100000.00,4.192345,99.09375
08:04:45,912810UD8,TSRYS5870973,D,B,C,2024-08-28,1000000.00,4.193808,99.07421875
08:04:45,912810UD8,TSRYS5870973,D,S,D,2024-08-28,1000000.00,4.193808,99.07421875
08:05:10,912810UD8,TSRYS5870973,D,S,D,2024-08-28,1000000.00,4.201863,98.966796875
08:05:10,912810UD8,TSRYS5870973,D,B,C,2024-08-28,1000000.00,4.201863,98.966796875
08:05:13,912810UD8,TSRYS5870973,D,S,D,2024-08-28,1000000.00,4.200837,98.98046875
08:05:13,912810UD8,TSRYS5870973,D,S,D,2024-08-28,1000000.00,4.195857,99.046875
08:05:13,912810UD8,TSRYS5870973,D,B,C,2024-08-28,1000000.00,4.195857,99.046875
08:05:18,912810UD8,TSRYS5870973,D,S,D,2024-08-28,1000000.00,4.196589,99.037109375
08:05:18,912810UD8,TSRYS5870973,D,B,C,2024-08-28,1000000.00,4.197321,99.02734375
08:05:18,912810UD8,TSRYS5870973,D,S,D,2024-08-28,1000000.00,4.197321,99.02734375
08:05:21,912810UD8,TSRYS5870973,D,S,D,2024-08-28,1000000.00,4.193515,99.078125
08:05:30,912810UD8,TSRYS5870973,D,S,D,2024-08-28,55000.00,4.194686,99.0625
08:05:31,912810UD8,TSRYS5870973,D,S,D,2024-08-28,1000000.00,4.195564,99.05078125
08:05:36,912810UD8,TSRYS5870973,D,S,D,2024-08-28,1000000.00,4.189712,99.12890625
08:05:36,912810UD8,TSRYS5870973,D,B,C,2024-08-28,1000000.00,4.189712,99.12890625
08:05:36,912810UD8,TSRYS5870973,D,S,D,2024-08-28,1000000.00,4.189712,99.12890625
08:05:37,912810UD8,TSRYS5870973,D,S,D,2024-08-28,1000000.00,4.192052,99.09765625
08:05:37,912810UD8,TSRYS5870973,D,S,D,2024-08-28,1000000.00,4.192052,99.09765625
08:05:37,912810UD8,TSRYS5870973,D,S,D,2024-08-28,1000000.00,4.192052,99.09765625
08:05:37,912810UD8,TSRYS5870973,D,B,C,2024-08-28,55000.00,4.194686,99.0625
08:05:37,912810UD8,TSRYS5870973,D,S,D,2024-08-28,1000000.00,4.192052,99.09765625
08:05:37,912810UD8,TSRYS5870973,D,S,D,2024-08-28,3000000.00,4.192052,99.09765625
08:05:37,912810UD8,TSRYS5870973,D,S,D,2024-08-28,2000000.00,4.192052,99.09765625
08:05:37,912810UD8,TSRYS5870973,D,S,D,2024-08-28,1000000.00,4.192052,99.09765625
08:05:38,912810UD8,TSRYS5870973,D,S,D,2024-08-28,1000000.00,4.192052,99.09765625
08:05:38,912810UD8,TSRYS5870973,D,S,D,2024-08-28,1000000.00,4.192345,99.09375
08:05:39,912810UD8,TSRYS5870973,D,S,D,2024-08-28,1000000.00,4.192052,99.09765625
08:05:39,912810UD8,TSRYS5870973,D,S,D,2024-08-28,1000000.00,4.192052,99.09765625
08:05:39,912810UD8,TSRYS5870973,D,S,D,2024-08-28,1000000.00,4.192052,99.09765625
08:05:40,912810UD8,TSRYS5870973,D,S,D,2024-08-28,1000000.00,4.192052,99.09765625
08:05:40,912810UD8,TSRYS5870973,D,S,D,2024-08-28,1000000.00,4.192052,99.09765625
08:05:45,912810UD8,TSRYS5870973,D,S,D,2024-08-28,1000000.00,4.187957,99.15234375
08:05:45,912810UD8,TSRYS5870973,D,B,C,2024-08-28,1000000.00,4.187957,99.15234375
08:05:45,912810UD8,TSRYS5870973,D,S,D,2024-08-28,1000000.00,4.195564,99.05078125
08:05:45,912810UD8,TSRYS5870973,D,S,D,2024-08-28,1000000.00,4.195564,99.05078125
08:05:45,912810UD8,TSRYS5870973,D,S,C,2024-08-28,1000000.00,4.195564,99.05078125
08:05:45,912810UD8,TSRYS5870973,D,S,D,2024-08-28,1000000.00,4.195564,99.05078125
08:05:46,912810UD8,TSRYS5870973,D,S,D,2024-08-28,1000000.00,4.187957,99.15234375
08:05:46,912810UD8,TSRYS5870973,D,S,D,2024-08-28,1000000.00,4.187957,99.15234375
08:05:46,912810UD8,TSRYS5870973,D,S,D,2024-08-28,1000000.00,4.187957,99.15234375
08:05:46,912810UD8,TSRYS5870973,D,S,D,2024-08-28,1000000.00,4.186203,99.17578125
08:05:51,912810UD8,TSRYS5870973,D,S,D,2024-08-28,1000000.00,4.184157,99.203125
08:05:51,912810UD8,TSRYS5870973,D,S,D,2024-08-28,1000000.00,4.184157,99.203125
08:05:58,912810UD8,TSRYS5870973,D,S,D,2024-08-28,1000000.00,4.195564,99.05078125
08:06:00,912810UD8,TSRYS5870973,D,S,D,2024-08-28,1000000.00,4.183281,99.21484375
08:06:03,912810UD8,TSRYS5870973,D,S,D,2024-08-28,1000000.00,4.183719,99.208984375
08:06:03,912810UD8,TSRYS5870973,D,S,D,2024-08-28,1000000.00,4.183573,99.2109375
08:06:03,912810UD8,TSRYS5870973,D,S,D,2024-08-28,1000000.00,4.183573,99.2109375
08:06:03,912810UD8,TSRYS5870973,D,S,D,2024-08-28,1000000.00,4.183573,99.2109375
08:06:03,912810UD8,TSRYS5870973,D,S,D,2024-08-28,1000000.00,4.183427,99.212890625
08:06:03,912810UD8,TSRYS5870973,D,S,D,2024-08-28,1000000.00,4.183281,99.21484375
08:06:05,912810UD8,TSRYS5870973,D,S,T,2024-08-28,1000000.00,4.206407,98.90625
08:06:08,912810UD8,TSRYS5870973,D,S,D,2024-08-28,1000000.00,4.183719,99.208984375
08:06:09,912810UD8,TSRYS5870973,D,S,D,2024-08-28,1000000.00,4.185326,99.1875
08:06:14,912810UD8,TSRYS5870973,D,S,D,2024-08-28,1000000.00,4.183865,99.20703125
08:06:14,912810UD8,TSRYS5870973,D,S,D,2024-08-28,1000000.00,4.183573,99.2109375
08:06:15,912810UD8,TSRYS5870973,D,S,T,2024-08-28,1000000.00,4.1982,99.015625
08:06:19,912810UD8,TSRYS5870973,D,B,C,2024-08-28,1000000.00,4.197028,99.03125
08:06:19,912810UD8,TSRYS5870973,D,B,C,2024-08-28,1000000.00,4.197028,99.03125
08:06:19,912810UD8,TSRYS5870973,D,S,C,2024-08-28,1000000.00,4.197013,99.03145
08:06:19,912810UD8,TSRYS5870973,D,S,C,2024-08-28,1000000.00,4.197028,99.03125
08:06:24,912810UD8,TSRYS5870973,D,S,D,2024-08-28,1000000.00,4.183719,99.208984375
08:06:24,912810UD8,TSRYS5870973,D,S,D,2024-08-28,1000000.00,4.183865,99.20703125
08:06:24,912810UD8,TSRYS5870973,D,S,D,2024-08-28,2000000.00,4.184157,99.203125
08:06:25,912810UD8,TSRYS5870973,D,S,D,2024-08-28,1000000.00,4.183719,99.208984375
08:06:31,912810UD8,TSRYS5870973,D,S,D,2024-08-28,2000000.00,4.186057,99.177734375
08:06:34,912810UD8,TSRYS5870973,D,S,D,2024-08-28,1000000.00,4.1982,99.015625
08:06:34,912810UD8,TSRYS5870973,D,S,D,2024-08-28,2000000.00,4.186057,99.177734375
08:06:34,912810UD8,TSRYS5870973,D,S,D,2024-08-28,1000000.00,4.186057,99.177734375
08:06:34,912810UD8,TSRYS5870973,D,S,D,2024-08-28,1000000.00,4.185911,99.1796875
08:06:34,912810UD8,TSRYS5870973,D,S,D,2024-08-28,1000000.00,4.185765,99.181640625
08:06:35,912810UD8,TSRYS5870973,D,S,D,2024-08-28,1000000.00,4.185911,99.1796875
08:06:35,912810UD8,TSRYS5870973,D,S,D,2024-08-28,1000000.00,4.185765,99.181640625
08:06:35,912810UD8,TSRYS5870973,D,S,D,2024-08-28,1000000.00,4.185619,99.18359375
08:06:35,912810UD8,TSRYS5870973,D,B,C,2024-08-28,1000000.00,4.185911,99.1796875
08:06:35,912810UD8,TSRYS5870973,D,S,D,2024-08-28,1000000.00,4.185911,99.1796875
08:06:35,912810UD8,TSRYS5870973,D,S,D,2024-08-28,1000000.00,4.185619,99.18359375
08:06:46,912810UD8,TSRYS5870973,D,S,D,2024-08-28,1000000.00,4.186788,99.16796875
08:06:46,912810UD8,TSRYS5870973,D,B,C,2024-08-28,1000000.00,4.186788,99.16796875
08:06:59,912810UD8,TSRYS5870973,D,S,D,2024-08-28,40000.00,4.198786,99.0078125
08:06:59,912810UD8,TSRYS5870973,D,S,D,2024-08-28,40000.00,4.198036,99.0178125
08:07:04,912810UD8,TSRYS5870973,D,S,D,2024-08-28,1000000.00,4.1982,99.015625
08:07:08,912810UD8,TSRYS5870973,D,S,D,2024-08-28,1000000.00,4.188542,99.14453125
08:07:08,912810UD8,TSRYS5870973,D,B,C,2024-08-28,1000000.00,4.188542,99.14453125
08:07:12,912810UD8,TSRYS5870973,D,S,D,2024-08-28,1000000.00,4.185472,99.185546875
08:07:12,912810UD8,TSRYS5870973,D,S,D,2024-08-28,1000000.00,4.186495,99.171875
08:07:15,912810UD8,TSRYS5870973,D,S,D,2024-08-28,1000000.00,4.1982,99.015625
08:07:15,912810UD8,TSRYS5870973,D,B,C,2024-08-28,1000000.00,4.1982,99.015625
08:07:17,912810UD8,TSRYS5870973,D,S,D,2024-08-28,1000000.00,4.200544,98.984375
08:07:18,912810UD8,TSRYS5870973,D,B,C,2024-08-28,1000000.00,4.200104,98.990234375
08:07:18,912810UD8,TSRYS5870973,D,S,C,2024-08-28,1000000.00,4.200104,98.990234375
08:07:18,912810UD8,TSRYS5870973,D,B,C,2024-08-28,1000000.00,4.200397,98.986328125
08:07:18,912810UD8,TSRYS5870973,D,S,C,2024-08-28,1000000.00,4.200397,98.986328125
08:07:18,912810UD8,TSRYS5870973,D,S,C,2024-08-28,1000000.00,4.200983,98.978515625
08:07:18,912810UD8,TSRYS5870973,D,S,C,2024-08-28,1000000.00,4.199811,98.994140625
08:07:18,912810UD8,TSRYS5870973,D,S,C,2024-08-28,1000000.00,4.200983,98.978515625
08:07:18,912810UD8,TSRYS5870973,D,S,C,2024-08-28,1000000.00,4.201863,98.966796875
08:07:19,912810UD8,TSRYS5870973,D,S,C,2024-08-28,1000000.00,4.198932,99.005859375
08:07:20,912810UD8,TSRYS5870973,D,S,D,2024-08-28,1000000.00,4.197321,99.02734375
08:07:20,912810UD8,TSRYS5870973,D,S,D,2024-08-28,1000000.00,4.200983,98.978515625
08:07:22,912810UD8,TSRYS5870973,D,S,D,2024-08-28,1000000.00,4.199665,98.99609375
08:07:22,912810UD8,TSRYS5870973,D,S,D,2024-08-28,1000000.00,4.200544,98.984375
08:07:24,912810UD8,TSRYS5870973,D,S,C,2024-08-28,1000000.00,4.205234,98.921875
08:07:28,912810UD8,TSRYS5870973,D,S,D,2024-08-28,1000000.00,4.188542,99.14453125
08:07:29,912810UD8,TSRYS5870973,D,S,D,2024-08-28,2000000.00,4.188542,99.14453125
08:07:32,912810UD8,TSRYS5870973,D,S,D,2024-08-28,1000000.00,4.207581,98.890625
08:07:33,912810UD8,TSRYS5870973,D,S,D,2024-08-28,1000000.00,4.206407,98.90625
08:07:33,912810UD8,TSRYS5870973,D,S,D,2024-08-28,2000000.00,4.193076,99.083984375
08:07:34,912810UD8,TSRYS5870973,D,S,D,2024-08-28,1000000.00,4.193076,99.083984375
08:07:34,912810UD8,TSRYS5870973,D,S,D,2024-08-28,1000000.00,4.193515,99.078125
08:07:34,912810UD8,TSRYS5870973,D,B,C,2024-08-28,1000000.00,4.193515,99.078125
08:07:34,912810UD8,TSRYS5870973,D,S,C,2024-08-28,1000000.00,4.193515,99.078125
08:07:34,912810UD8,TSRYS5870973,D,B,C,2024-08-28,1000000.00,4.193515,99.078125
08:07:34,912810UD8,TSRYS5870973,D,S,D,2024-08-28,1000000.00,4.205381,98.919921875
08:07:34,912810UD8,TSRYS5870973,D,S,D,2024-08-28,1000000.00,4.205234,98.921875
08:07:36,912810UD8,TSRYS5870973,D,S,D,2024-08-28,1000000.00,4.201863,98.966796875
08:07:36,912810UD8,TSRYS5870973,D,B,C,2024-08-28,1000000.00,4.206407,98.90625
08:07:36,912810UD8,TSRYS5870973,D,S,D,2024-08-28,1000000.00,4.206407,98.90625
08:07:42,912810UD8,TSRYS5870973,D,S,C,2024-08-28,1000000.00,4.207874,98.88671875
08:07:44,912810UD8,TSRYS5870973,D,S,D,2024-08-28,1000000.00,4.201423,98.97265625
08:07:46,912810UD8,TSRYS5870973,D,S,D,2024-08-28,1000000.00,4.201423,98.97265625
08:07:49,912810UD8,TSRYS5870973,D,S,D,2024-08-28,1000000.00,4.202595,98.95703125
08:07:49,912810UD8,TSRYS5870973,D,S,D,2024-08-28,1000000.00,4.201863,98.966796875
08:07:49,912810UD8,TSRYS5870973,D,S,D,2024-08-28,1000000.00,4.201716,98.96875
08:07:50,912810UD8,TSRYS5870973,D,S,D,2024-08-28,1000000.00,4.199518,98.998046875
08:07:50,912810UD8,TSRYS5870973,D,S,D,2024-08-28,1000000.00,4.199518,98.998046875
08:07:50,912810UD8,TSRYS5870973,D,S,D,2024-08-28,1000000.00,4.198786,99.0078125
08:07:50,912810UD8,TSRYS5870973,D,S,D,2024-08-28,1000000.00,4.198786,99.0078125
08:07:51,912810UD8,TSRYS5870973,D,S,D,2024-08-28,1000000.00,4.199372,99.0
08:07:51,912810UD8,TSRYS5870973,D,B,C,2024-08-28,1000000.00,4.198493,99.01171875
08:07:51,912810UD8,TSRYS5870973,D,S,C,2024-08-28,1000000.00,4.198493,99.01171875
08:07:55,912810UD8,TSRYS5870973,D,S,D,2024-08-28,1000000.00,4.203915,98.939453125
08:08:06,912810UD8,TSRYS5870973,D,S,D,2024-08-28,1000000.00,4.201276,98.974609375
08:08:06,912810UD8,TSRYS5870973,D,S,D,2024-08-28,1000000.00,4.20113,98.9765625
08:08:06,912810UD8,TSRYS5870973,D,S,D,2024-08-28,1000000.00,4.200983,98.978515625
08:08:06,912810UD8,TSRYS5870973,D,B,C,2024-08-28,1000000.00,4.200983,98.978515625
08:08:06,912810UD8,TSRYS5870973,D,S,D,2024-08-28,2000000.00,4.200983,98.978515625
08:08:13,912810UD8,TSRYS5870973,D,S,D,2024-08-28,1000000.00,4.201716,98.96875
08:08:13,912810UD8,TSRYS5870973,D,S,D,2024-08-28,1000000.00,4.201716,98.96875
08:08:15,912810UD8,TSRYS5870973,D,S,C,2024-08-28,60000.00,4.196443,99.0390625
08:08:16,912810UD8,TSRYS5870973,D,B,C,2024-08-28,3000000.00,4.202156,98.962890625
08:08:16,912810UD8,TSRYS5870973,D,S,C,2024-08-28,3000000.00,4.202156,98.962890625
08:08:16,912810UD8,TSRYS5870973,D,B,C,2024-08-28,1000000.00,4.202302,98.9609375
08:08:16,912810UD8,TSRYS5870973,D,S,D,2024-08-28,1000000.00,4.202302,98.9609375
08:08:16,912810UD8,TSRYS5870973,D,B,C,2024-08-28,1000000.00,4.202302,98.9609375
08:08:16,912810UD8,TSRYS5870973,D,S,D,2024-08-28,1000000.00,4.202302,98.9609375
08:08:16,912810UD8,TSRYS5870973,D,S,D,2024-08-28,1000000.00,4.202302,98.9609375
08:08:16,912810UD8,TSRYS5870973,D,B,C,2024-08-28,1000000.00,4.202302,98.9609375
08:08:16,912810UD8,TSRYS5870973,D,S,D,2024-08-28,1000000.00,4.201716,98.96875
08:08:16,912810UD8,TSRYS5870973,D,B,C,2024-08-28,1000000.00,4.201716,98.96875
08:08:16,912810UD8,TSRYS5870973,D,S,D,2024-08-28,1000000.00,4.200837,98.98046875
08:08:22,912810UD8,TSRYS5870973,D,S,D,2024-08-28,1000000.00,4.188834,99.140625
08:08:24,912810UD8,TSRYS5870973,D,S,T,2024-08-28,1000000.00,4.195857,99.046875
08:08:27,912810UD8,TSRYS5870973,D,S,T,2024-08-28,1000000.00,4.195857,99.046875
08:08:27,912810UD8,TSRYS5870973,D,S,T,2024-08-28,1000000.00,4.195857,99.046875
08:08:27,912810UD8,TSRYS5870973,D,S,T,2024-08-28,1000000.00,4.195857,99.046875
08:08:27,912810UD8,TSRYS5870973,D,S,T,2024-08-28,1000000.00,4.195857,99.046875
08:08:27,912810UD8,TSRYS5870973,D,S,T,2024-08-28,1000000.00,4.195857,99.046875
08:08:27,912810UD8,TSRYS5870973,D,S,T,2024-08-28,1000000.00,4.195857,99.046875
08:08:27,912810UD8,TSRYS5870973,D,S,T,2024-08-28,1000000.00,4.195857,99.046875
08:08:27,912810UD8,TSRYS5870973,D,S,T,2024-08-28,1000000.00,4.195857,99.046875
08:08:28,912810UD8,TSRYS5870973,D,S,T,2024-08-28,2000000.00,4.195857,99.046875
08:08:28,912810UD8,TSRYS5870973,D,S,T,2024-08-28,1000000.00,4.195857,99.046875
08:08:29,912810UD8,TSRYS5870973,D,S,T,2024-08-28,1000000.00,4.195857,99.046875
08:08:29,912810UD8,TSRYS5870973,D,S,D,2024-08-28,1000000.00,4.183281,99.21484375
08:08:29,912810UD8,TSRYS5870973,D,B,C,2024-08-28,1000000.00,4.183281,99.21484375
08:08:30,912810UD8,TSRYS5870973,D,S,T,2024-08-28,1000000.00,4.195857,99.046875
08:08:30,912810UD8,TSRYS5870973,D,S,T,2024-08-28,1000000.00,4.195857,99.046875
08:08:31,912810UD8,TSRYS5870973,D,S,D,2024-08-28,1000000.00,4.183719,99.208984375
08:08:31,912810UD8,TSRYS5870973,D,S,D,2024-08-28,1000000.00,4.183865,99.20703125
08:08:32,912810UD8,TSRYS5870973,D,S,D,2024-08-28,1000000.00,4.185472,99.185546875
08:08:32,912810UD8,TSRYS5870973,D,S,D,2024-08-28,1000000.00,4.185619,99.18359375
08:08:37,912810UD8,TSRYS5870973,D,S,C,2024-08-28,1000000.00,4.182543,99.224709375
08:08:37,912810UD8,TSRYS5870973,D,B,C,2024-08-28,1000000.00,4.18255,99.224609375
08:08:37,912810UD8,TSRYS5870973,D,S,C,2024-08-28,1000000.00,4.182543,99.224709375
08:08:39,912810UD8,TSRYS5870973,D,S,C,2024-08-28,1000000.00,4.185326,99.1875
08:08:40,912810UD8,TSRYS5870973,D,S,C,2024-08-28,1000000.00,4.185034,99.19140625
08:08:42,912810UD8,TSRYS5870973,D,S,D,2024-08-28,1000000.00,4.186048,99.177859375
08:08:42,912810UD8,TSRYS5870973,D,B,C,2024-08-28,1000000.00,4.185619,99.18359375
08:08:42,912810UD8,TSRYS5870973,D,S,D,2024-08-28,1000000.00,4.185619,99.18359375
08:08:42,912810UD8,TSRYS5870973,D,S,D,2024-08-28,1000000.00,4.186495,99.171875
08:08:42,912810UD8,TSRYS5870973,D,B,C,2024-08-28,1000000.00,4.186495,99.171875
08:08:50,912810UD8,TSRYS5870973,D,S,D,2024-08-28,1000000.00,4.188533,99.14465625
08:08:50,912810UD8,TSRYS5870973,D,S,D,2024-08-28,1000000.00,4.188533,99.14465625
08:08:52,912810UD8,TSRYS5870973,D,S,D,2024-08-28,1000000.00,4.193067,99.084109375
08:08:52,912810UD8,TSRYS5870973,D,B,C,2024-08-28,1000000.00,4.193076,99.083984375
08:08:53,912810UD8,TSRYS5870973,D,B,C,2024-08-28,1000000.00,4.193823,99.07401875
08:08:53,912810UD8,TSRYS5870973,D,S,D,2024-08-28,1000000.00,4.193808,99.07421875
08:08:56,912810UD8,TSRYS5870973,D,S,T,2024-08-28,1000000.00,4.195857,99.046875
08:09:01,912810UD8,TSRYS5870973,D,S,D,2024-08-28,1000000.00,4.195857,99.046875
08:09:04,912810UD8,TSRYS5870973,D,S,D,2024-08-28,1000000.00,4.195857,99.046875
08:09:05,912810UD8,TSRYS5870973,D,S,C,2024-08-28,1000000.00,4.19585,99.046975
08:09:05,912810UD8,TSRYS5870973,D,S,D,2024-08-28,1000000.00,4.195857,99.046875
08:09:05,912810UD8,TSRYS5870973,D,S,C,2024-08-28,1000000.00,4.195857,99.046875
08:09:05,912810UD8,TSRYS5870973,D,S,C,2024-08-28,1000000.00,4.19585,99.046975
08:09:22,912810UD8,TSRYS5870973,D,S,D,2024-08-28,1000000.00,4.195857,99.046875
08:09:22,912810UD8,TSRYS5870973,D,S,D,2024-08-28,1000000.00,4.195857,99.046875
08:09:22,912810UD8,TSRYS5870973,D,S,C,2024-08-28,1000000.00,4.195842,99.047075
08:09:22,912810UD8,TSRYS5870973,D,S,D,2024-08-28,1000000.00,4.195857,99.046875
08:09:22,912810UD8,TSRYS5870973,D,S,D,2024-08-28,1000000.00,4.195857,99.046875
08:09:22,912810UD8,TSRYS5870973,D,S,C,2024-08-28,2000000.00,4.195857,99.046875
08:09:22,912810UD8,TSRYS5870973,D,S,C,2024-08-28,1000000.00,4.195857,99.046875
08:09:22,912810UD8,TSRYS5870973,D,S,C,2024-08-28,1000000.00,4.195857,99.046875
08:09:22,912810UD8,TSRYS5870973,D,S,D,2024-08-28,1000000.00,4.195857,99.046875
08:09:29,912810UD8,TSRYS5870973,D,S,D,2024-08-28,1000000.00,4.195857,99.046875
08:09:29,912810UD8,TSRYS5870973,D,S,T,2024-08-28,1000000.00,4.195857,99.046875
08:09:29,912810UD8,TSRYS5870973,D,S,D,2024-08-28,1000000.00,4.195857,99.046875
08:09:34,912810UD8,TSRYS5870973,D,S,D,2024-08-28,1000000.00,4.195857,99.046875
08:09:42,912810UD8,TSRYS5870973,D,S,D,2024-08-28,1000000.00,4.195857,99.046875
08:09:42,912810UD8,TSRYS5870973,D,S,T,2024-08-28,1000000.00,4.195857,99.046875
08:09:42,912810UD8,TSRYS5870973,D,S,T,2024-08-28,2000000.00,4.195857,99.046875
08:09:42,912810UD8,TSRYS5870973,D,S,D,2024-08-28,1000000.00,4.195857,99.046875
08:09:42,912810UD8,TSRYS5870973,D,S,T,2024-08-28,1000000.00,4.195857,99.046875
08:09:43,912810UD8,TSRYS5870973,D,S,T,2024-08-28,2000000.00,4.195857,99.046875
08:09:43,912810UD8,TSRYS5870973,D,S,T,2024-08-28,1000000.00,4.195857,99.046875
08:09:46,912810UD8,TSRYS5870973,D,S,D,2024-08-28,1000000.00,4.195857,99.046875
08:09:59,912810UD8,TSRYS5870973,D,S,T,2024-08-28,1000000.00,4.195857,99.046875
08:10:06,912810UD8,TSRYS5870973,D,S,C,2024-08-28,2000000.00,4.195857,99.046875
08:10:06,912810UD8,TSRYS5870973,D,S,C,2024-08-28,1000000.00,4.195857,99.046875
08:10:09,912810UD8,TSRYS5870973,D,S,D,2024-08-28,1000000.00,4.195857,99.046875
08:10:09,912810UD8,TSRYS5870973,D,S,D,2024-08-28,1000000.00,4.195857,99.046875
08:10:10,912810UD8,TSRYS5870973,D,S,T,2024-08-28,1000000.00,4.195857,99.046875
08:10:20,912810UD8,TSRYS5870973,D,S,C,2024-08-28,2000000.00,4.195857,99.046875
08:10:20,912810UD8,TSRYS5870973,D,S,C,2024-08-28,1000000.00,4.195857,99.046875
08:10:24,912810UD8,TSRYS5870973,D,S,T,2024-08-28,1000000.00,4.196443,99.0390625
08:10:24,912810UD8,TSRYS5870973,D,S,T,2024-08-28,1000000.00,4.19615,99.04296875
08:10:24,912810UD8,TSRYS5870973,D,S,T,2024-08-28,1000000.00,4.196296,99.041015625
08:10:29,912810UD8,TSRYS5870973,D,S,D,2024-08-28,1000000.00,4.196443,99.0390625
08:10:29,912810UD8,TSRYS5870973,D,S,D,2024-08-28,1000000.00,4.19615,99.04296875
08:10:29,912810UD8,TSRYS5870973,D,S,D,2024-08-28,1000000.00,4.196296,99.041015625
08:10:37,912810UD8,TSRYS5870973,D,S,C,2024-08-28,1000000.00,4.195857,99.046875
08:10:37,912810UD8,TSRYS5870973,D,S,C,2024-08-28,1000000.00,4.195846,99.047025
08:11:00,912810UD8,TSRYS5870973,D,S,D,2024-08-28,345000.00,4.1982,99.015625
08:11:13,912810UD8,TSRYS5870973,D,S,D,2024-08-28,235000.00,4.199372,99.0
08:11:22,912810UD8,TSRYS5870973,D,S,D,2024-08-28,345000.00,4.1982,99.015625
08:11:28,912810UD8,TSRYS5870973,D,S,D,2024-08-28,345000.00,4.200544,98.984375
08:11:31,912810UD8,TSRYS5870973,D,S,D,2024-08-28,345000.00,4.200544,98.984375
08:11:37,912810UD8,TSRYS5870973,D,S,T,2024-08-28,1000000.00,4.200544,98.984375
08:11:37,912810UD8,TSRYS5870973,D,S,T,2024-08-28,1000000.00,4.200397,98.986328125
08:11:39,912810UD8,TSRYS5870973,D,S,D,2024-08-28,370000.00,4.200544,98.984375
08:11:41,912810UD8,TSRYS5870973,D,S,D,2024-08-28,290000.00,4.200544,98.984375
08:11:41,912810UD8,TSRYS5870973,D,S,D,2024-08-28,370000.00,4.200544,98.984375
08:11:43,912810UD8,TSRYS5870973,D,S,D,2024-08-28,1000000.00,4.200397,98.986328125
08:11:43,912810UD8,TSRYS5870973,D,S,T,2024-08-28,1000000.00,4.200544,98.984375
08:11:43,912810UD8,TSRYS5870973,D,S,T,2024-08-28,1000000.00,4.200544,98.984375
08:11:43,912810UD8,TSRYS5870973,D,S,T,2024-08-28,1000000.00,4.200397,98.986328125
08:11:45,912810UD8,TSRYS5870973,D,S,D,2024-08-28,290000.00,4.200544,98.984375
08:11:46,912810UD8,TSRYS5870973,D,S,D,2024-08-28,335000.00,4.200544,98.984375
08:11:48,912810UD8,TSRYS5870973,D,S,D,2024-08-28,1000000.00,4.200397,98.986328125
08:12:05,912810UD8,TSRYS5870973,D,S,D,2024-08-28,1000000.00,4.200544,98.984375
08:12:05,912810UD8,TSRYS5870973,D,S,D,2024-08-28,1000000.00,4.200544,98.984375
08:12:05,912810UD8,TSRYS5870973,D,S,D,2024-08-28,335000.00,4.200544,98.984375
08:12:06,912810UD8,TSRYS5870973,D,S,D,2024-08-28,190000.00,4.201716,98.96875
08:12:06,912810UD8,TSRYS5870973,D,S,D,2024-08-28,190000.00,4.201716,98.96875
08:12:18,912810UD8,TSRYS5870973,D,S,T,2024-08-28,1000000.00,4.199665,98.99609375
08:12:19,912810UD8,TSRYS5870973,D,S,C,2024-08-28,185000.00,4.200837,98.98046875
08:12:22,912810UD8,TSRYS5870973,D,S,D,2024-08-28,1000000.00,4.199665,98.99609375
08:12:22,912810UD8,TSRYS5870973,D,S,T,2024-08-28,1000000.00,4.200544,98.984375
08:12:22,912810UD8,TSRYS5870973,D,S,T,2024-08-28,1000000.00,4.200544,98.984375
08:12:22,912810UD8,TSRYS5870973,D,S,D,2024-08-28,1000000.00,4.200544,98.984375
08:12:34,912810UD8,TSRYS5870973,D,S,C,2024-08-28,10750000.00,4.20113,98.9765625
08:12:51,912810UD8,TSRYS5870973,D,B,C,2024-08-28,1000000.00,4.200551,98.984275
08:12:51,912810UD8,TSRYS5870973,D,S,D,2024-08-28,1000000.00,4.200544,98.984375
08:12:51,912810UD8,TSRYS5870973,D,S,D,2024-08-28,1000000.00,4.200544,98.984375
08:12:51,912810UD8,TSRYS5870973,D,B,C,2024-08-28,1000000.00,4.200551,98.984275
08:12:51,912810UD8,TSRYS5870973,D,S,D,2024-08-28,1000000.00,4.200544,98.984375
08:13:13,912810UD8,TSRYS5870973,D,S,D,2024-08-28,315000.00,4.201716,98.96875
08:13:18,912810UD8,TSRYS5870973,D,S,D,2024-08-28,315000.00,4.201716,98.96875
08:13:23,912810UD8,TSRYS5870973,D,S,D,2024-08-28,1000000.00,4.200544,98.984375
08:13:23,912810UD8,TSRYS5870973,D,B,C,2024-08-28,1000000.00,4.200544,98.984375
08:13:23,912810UD8,TSRYS5870973,D,S,D,2024-08-28,1000000.00,4.200544,98.984375
08:14:02,912810UD8,TSRYS5870973,D,B,A,2024-08-28,709000.00,4.202898,98.953
08:14:06,912810UD8,TSRYS5870973,D,S,C,2024-08-28,1000000.00,4.20113,98.9765625
08:14:14,912810UD8,TSRYS5870973,D,S,C,2024-08-28,1000000.00,4.20113,98.9765625
08:14:20,912810UD8,TSRYS5870973,D,S,D,2024-08-28,1000000.00,4.20113,98.9765625
08:14:20,912810UD8,TSRYS5870973,D,S,D,2024-08-28,1000000.00,4.201276,98.97460937
08:14:38,912810UD8,TSRYS5870973,D,S,D,2024-08-28,1000000.00,4.20113,98.9765625
08:14:38,912810UD8,TSRYS5870973,D,S,D,2024-08-28,1000000.00,4.20113,98.9765625
08:15:05,912810UD8,TSRYS5870973,D,S,D,2024-08-28,1000000.00,4.200544,98.984375
08:15:51,912810UD8,TSRYS5870973,D,S,C,2024-08-28,1000000.00,4.198339,99.013771875
08:15:51,912810UD8,TSRYS5870973,D,S,D,2024-08-28,1000000.00,4.198493,99.01171875
08:15:57,912810UD8,TSRYS5870973,D,S,T,2024-08-28,1000000.00,4.198346,99.013671875
08:15:58,912810UD8,TSRYS5870973,D,S,D,2024-08-28,1000000.00,4.200544,98.984375
08:15:58,912810UD8,TSRYS5870973,D,S,D,2024-08-28,1000000.00,4.199811,98.99414062
08:16:01,912810UD8,TSRYS5870973,D,S,D,2024-08-28,1000000.00,4.199665,98.99609375
08:16:19,912810UD8,TSRYS5870973,D,S,D,2024-08-28,1000000.00,4.198786,99.0078125
08:16:19,912810UD8,TSRYS5870973,D,S,D,2024-08-28,1000000.00,4.198493,99.01171875
08:16:19,912810UD8,TSRYS5870973,D,S,D,2024-08-28,1000000.00,4.198786,99.0078125
08:16:33,912810UD8,TSRYS5870973,D,S,D,2024-08-28,300000.00,4.1982,99.015625
08:17:59,912810UD8,TSRYS5870973,D,S,D,2024-08-28,1000000.00,4.200544,98.984375
08:18:05,912810UD8,TSRYS5870973,D,S,T,2024-08-28,1000000.00,4.200544,98.984375
08:18:09,912810UD8,TSRYS5870973,D,S,C,2024-08-28,1000000.00,4.201716,98.96875
08:18:10,912810UD8,TSRYS5870973,D,S,D,2024-08-28,1000000.00,4.200544,98.984375
08:18:15,912810UD8,TSRYS5870973,D,S,D,2024-08-28,1000000.00,4.201716,98.96875
08:18:16,912810UD8,TSRYS5870973,D,S,T,2024-08-28,1000000.00,4.202888,98.953125
08:18:16,912810UD8,TSRYS5870973,D,S,D,2024-08-28,1000000.00,4.201716,98.96875
08:18:16,912810UD8,TSRYS5870973,D,S,C,2024-08-28,101000.00,4.202009,98.96979424505
08:18:18,912810UD8,TSRYS5870973,D,S,D,2024-08-28,101000.00,4.202009,98.96484375
08:18:52,912810UD8,TSRYS5870973,D,S,D,2024-08-28,1000000.00,4.201716,98.96875
08:18:55,912810UD8,TSRYS5870973,D,S,D,2024-08-28,1000000.00,4.202888,98.953125
08:19:13,912810UD8,TSRYS5870973,D,S,D,2024-08-28,1000000.00,4.201423,98.97265625
08:20:57,912810UD8,TSRYS5870973,D,S,T,2024-08-28,1000000.00,4.201716,98.96875
08:21:17,912810UD8,TSRYS5870973,D,S,T,2024-08-28,1000000.00,4.201716,98.96875
08:21:40,912810UD8,TSRYS5870973,D,S,D,2024-08-28,1000000.00,4.201716,98.96875
08:22:12,912810UD8,TSRYS5870973,D,S,C,2024-08-28,275000.00,4.202858,98.955525
08:22:15,912810UD8,TSRYS5870973,D,S,D,2024-08-28,275000.00,4.202858,98.953525
08:22:25,912810UD8,TSRYS5870973,D,S,D,2024-08-28,1000000.00,4.201716,98.96875
08:22:53,912810UD8,TSRYS5870973,D,S,D,2024-08-28,1000000.00,4.201423,98.97265625
08:24:24,912810UD8,TSRYS5870973,D,S,T,2024-08-28,4000000.00,4.200104,98.990234375
08:24:24,912810UD8,TSRYS5870973,D,S,T,2024-08-28,1000000.00,4.200104,98.990234375
08:24:24,912810UD8,TSRYS5870973,D,S,D,2024-08-28,1000000.00,4.200095,98.990359375
08:24:29,912810UD8,TSRYS5870973,D,S,D,2024-08-28,4000000.00,4.200104,98.990234375
08:24:37,912810UD8,TSRYS5870973,D,B,A,2024-08-28,276000.00,4.202898,98.953
08:24:41,912810UD8,TSRYS5870973,D,B,C,2024-08-28,1000000.00,4.199372,99.0
08:24:41,912810UD8,TSRYS5870973,D,S,D,2024-08-28,1000000.00,4.199372,99.0
08:24:41,912810UD8,TSRYS5870973,D,S,D,2024-08-28,1000000.00,4.199372,99.0
08:25:01,912810UD8,TSRYS5870973,D,S,D,2024-08-28,1000000.00,4.199372,99.0
08:25:01,912810UD8,TSRYS5870973,D,S,D,2024-08-28,1000000.00,4.199372,99.0
08:25:01,912810UD8,TSRYS5870973,D,S,T,2024-08-28,1000000.00,4.199372,99.0
08:25:40,912810UD8,TSRYS5870973,D,S,D,2024-08-28,1000000.00,4.199372,99.0
08:26:47,912810UD8,TSRYS5870973,D,S,D,2024-08-28,370000.00,4.201716,98.96875
08:26:50,912810UD8,TSRYS5870973,D,S,D,2024-08-28,370000.00,4.201716,98.96875
08:26:54,912810UD8,TSRYS5870973,D,S,C,2024-08-28,1000000.00,4.202002,98.96494375
08:26:54,912810UD8,TSRYS5870973,D,B,C,2024-08-28,1000000.00,4.202017,98.96474375
08:26:59,912810UD8,TSRYS5870973,D,S,T,2024-08-28,1000000.00,4.204061,98.9375
08:27:00,912810UD8,TSRYS5870973,D,S,T,2024-08-28,1000000.00,4.204061,98.9375
08:27:00,912810UD8,TSRYS5870973,D,S,T,2024-08-28,1000000.00,4.204061,98.9375
08:27:01,912810UD8,TSRYS5870973,D,S,T,2024-08-28,1000000.00,4.204061,98.9375
08:27:03,912810UD8,TSRYS5870973,D,S,C,2024-08-28,1000000.00,4.201423,98.97265625
08:27:08,912810UD8,TSRYS5870973,D,S,C,2024-08-28,2875000.00,4.204618,98.930088
08:27:08,912810UD8,TSRYS5870973,D,B,A,2024-08-28,2875000.00,4.204618,98.930088
08:27:28,912810UD8,TSRYS5870973,D,S,D,2024-08-28,1000.00,4.205527,98.91796875
08:27:29,912810UD8,TSRYS5870973,D,S,D,2024-08-28,1000.00,4.175573,99.31796875
08:27:41,912810UD8,TSRYS5870973,D,S,D,2024-08-28,360000.00,4.207581,98.890625
08:27:43,912810UD8,TSRYS5870973,D,B,C,2024-08-28,1000000.00,4.201727,98.9686
08:27:43,912810UD8,TSRYS5870973,D,S,D,2024-08-28,1000000.00,4.201716,98.96875
08:27:43,912810UD8,TSRYS5870973,D,S,C,2024-08-28,1000000.00,4.201701,98.96895
08:27:43,912810UD8,TSRYS5870973,D,B,C,2024-08-28,1000000.00,4.201727,98.9686
08:27:43,912810UD8,TSRYS5870973,D,B,C,2024-08-28,1000000.00,4.201727,98.9686
08:27:43,912810UD8,TSRYS5870973,D,S,D,2024-08-28,1000000.00,4.201716,98.96875
08:27:43,912810UD8,TSRYS5870973,D,S,D,2024-08-28,1000000.00,4.204061,98.9375
08:27:43,912810UD8,TSRYS5870973,D,S,D,2024-08-28,1000000.00,4.204061,98.9375
08:27:46,912810UD8,TSRYS5870973,D,S,D,2024-08-28,360000.00,4.207581,98.890625
08:27:59,912810UD8,TSRYS5870973,D,S,D,2024-08-28,1000000.00,4.204061,98.9375
08:27:59,912810UD8,TSRYS5870973,D,B,C,2024-08-28,1000000.00,4.206407,98.90625
08:27:59,912810UD8,TSRYS5870973,D,S,D,2024-08-28,1000000.00,4.206407,98.90625
08:28:09,912810UD8,TSRYS5870973,D,S,T,2024-08-28,1000000.00,4.207581,98.890625
08:28:11,912810UD8,TSRYS5870973,D,S,D,2024-08-28,190000.00,4.208754,98.875
08:28:12,912810UD8,TSRYS5870973,D,S,C,2024-08-28,1000000.00,4.20405,98.93765
08:28:12,912810UD8,TSRYS5870973,D,B,C,2024-08-28,1000000.00,4.204076,98.9373
08:28:12,912810UD8,TSRYS5870973,D,S,C,2024-08-28,1000000.00,4.20405,98.93765
08:28:23,912810UD8,TSRYS5870973,D,S,D,2024-08-28,190000.00,4.208754,98.875
08:28:45,912810UD8,TSRYS5870973,D,S,D,2024-08-28,1000000.00,4.207581,98.890625
08:28:46,912810UD8,TSRYS5870973,D,S,D,2024-08-28,165000.00,4.207581,98.890625
08:28:47,912810UD8,TSRYS5870973,D,S,D,2024-08-28,165000.00,4.207581,98.890625
08:29:02,912810UD8,TSRYS5870973,D,S,D,2024-08-28,330000.00,4.207581,98.890625
08:29:07,912810UD8,TSRYS5870973,D,S,D,2024-08-28,330000.00,4.207581,98.890625
08:29:27,912810UD8,TSRYS5870973,D,S,D,2024-08-28,1000000.00,4.208754,98.875
08:29:29,912810UD8,TSRYS5870973,D,S,T,2024-08-28,1000000.00,4.208754,98.875
08:29:29,912810UD8,TSRYS5870973,D,S,T,2024-08-28,1000000.00,4.208764,98.874875
08:29:29,912810UD8,TSRYS5870973,D,S,T,2024-08-28,1000000.00,4.208754,98.875
08:29:32,912810UD8,TSRYS5870973,D,S,D,2024-08-28,1000000.00,4.208754,98.875
08:29:32,912810UD8,TSRYS5870973,D,S,D,2024-08-28,1000000.00,4.208754,98.875
08:30:20,912810UD8,TSRYS5870973,D,S,T,2024-08-28,3000000.00,4.209488,98.865234375
08:30:20,912810UD8,TSRYS5870973,D,S,T,2024-08-28,1000000.00,4.209488,98.865234375
08:30:20,912810UD8,TSRYS5870973,D,S,T,2024-08-28,1000000.00,4.209488,98.865234375
08:30:20,912810UD8,TSRYS5870973,D,S,T,2024-08-28,1000000.00,4.209928,98.859375
08:30:20,912810UD8,TSRYS5870973,D,S,T,2024-08-28,1000000.00,4.209928,98.859375
08:30:21,912810UD8,TSRYS5870973,D,S,D,2024-08-28,3000000.00,4.209481,98.865334375
08:30:21,912810UD8,TSRYS5870973,D,S,D,2024-08-28,1000000.00,4.209481,98.865334375
08:30:23,912810UD8,TSRYS5870973,D,S,D,2024-08-28,106000.00,4.206407,98.90625
08:30:25,912810UD8,TSRYS5870973,D,S,D,2024-08-28,1000000.00,4.209488,98.865234375
08:30:25,912810UD8,TSRYS5870973,D,S,D,2024-08-28,1000000.00,4.209928,98.859375
08:30:26,912810UD8,TSRYS5870973,D,S,T,2024-08-28,1000000.00,4.211103,98.84375
08:30:26,912810UD8,TSRYS5870973,D,S,T,2024-08-28,1000000.00,4.211103,98.84375
08:30:27,912810UD8,TSRYS5870973,D,S,T,2024-08-28,1000000.00,4.211103,98.84375
08:30:27,912810UD8,TSRYS5870973,D,S,T,2024-08-28,1000000.00,4.211103,98.84375
08:30:27,912810UD8,TSRYS5870973,D,S,T,2024-08-28,1000000.00,4.211103,98.84375
08:30:27,912810UD8,TSRYS5870973,D,S,T,2024-08-28,1000000.00,4.212277,98.828125
08:30:27,912810UD8,TSRYS5870973,D,S,T,2024-08-28,1000000.00,4.21213,98.830078125
08:30:28,912810UD8,TSRYS5870973,D,S,C,2024-08-28,1000000.00,4.21213,98.830078125
08:30:31,912810UD8,TSRYS5870973,D,S,C,2024-08-28,1000000.00,4.211103,98.84375
08:30:31,912810UD8,TSRYS5870973,D,S,D,2024-08-28,1000000.00,4.211103,98.84375
08:30:35,912810UD8,TSRYS5870973,D,S,C,2024-08-28,3750000.00,4.209406,98.8663344
08:30:35,912810UD8,TSRYS5870973,D,S,C,2024-08-28,1250000.00,4.209406,98.8663344
08:30:38,912810UD8,TSRYS5870973,D,S,D,2024-08-28,4000000.00,4.211837,98.833984375
08:30:38,912810UD8,TSRYS5870973,D,S,D,2024-08-28,7000000.00,4.212277,98.828125
08:30:58,912810UD8,TSRYS5870973,D,S,D,2024-08-28,1000000.00,4.209928,98.859375
08:31:16,912810UD8,TSRYS5870973,D,S,C,2024-08-28,1000000.00,4.211088,98.84395
08:31:16,912810UD8,TSRYS5870973,D,S,D,2024-08-28,1000000.00,4.211103,98.84375
08:31:31,912810UD8,TSRYS5870973,D,S,C,2024-08-28,1000000.00,4.212277,98.828125
08:31:31,912810UD8,TSRYS5870973,D,S,C,2024-08-28,1000000.00,4.211088,98.84395
08:31:33,912810UD8,TSRYS5870973,D,S,T,2024-08-28,1000000.00,4.209195,98.869140625
08:31:34,912810UD8,TSRYS5870973,D,S,D,2024-08-28,1000000.00,4.209048,98.87109375
08:31:38,912810UD8,TSRYS5870973,D,S,D,2024-08-28,1000000.00,4.209195,98.869140625
08:31:46,912810UD8,TSRYS5870973,D,B,C,2024-08-28,1000000.00,4.209943,98.859175
08:31:46,912810UD8,TSRYS5870973,D,S,D,2024-08-28,1000000.00,4.209928,98.859375
08:32:55,912810UD8,TSRYS5870973,D,S,T,2024-08-28,1000000.00,4.210809,98.84765625
08:32:55,912810UD8,TSRYS5870973,D,S,T,2024-08-28,1000000.00,4.210809,98.84765625
08:32:55,912810UD8,TSRYS5870973,D,S,D,2024-08-28,1000000.00,4.210809,98.84765625
08:32:55,912810UD8,TSRYS5870973,D,S,D,2024-08-28,2000000.00,4.210809,98.84765625
08:32:56,912810UD8,TSRYS5870973,D,S,D,2024-08-28,1000000.00,4.210809,98.84765625
08:32:56,912810UD8,TSRYS5870973,D,S,D,2024-08-28,2000000.00,4.210809,98.84765625
08:32:56,912810UD8,TSRYS5870973,D,S,D,2024-08-28,1000000.00,4.211396,98.83984375
08:32:56,912810UD8,TSRYS5870973,D,B,C,2024-08-28,1000000.00,4.211396,98.83984375
08:32:56,912810UD8,TSRYS5870973,D,S,T,2024-08-28,1000000.00,4.21169,98.8359375
08:32:56,912810UD8,TSRYS5870973,D,S,D,2024-08-28,1000000.00,4.21169,98.8359375
08:32:56,912810UD8,TSRYS5870973,D,S,D,2024-08-28,1000000.00,4.21169,98.8359375
08:32:56,912810UD8,TSRYS5870973,D,S,D,2024-08-28,1000000.00,4.210802,98.84775625
08:32:57,912810UD8,TSRYS5870973,D,S,D,2024-08-28,1000000.00,4.210802,98.84775625
08:32:57,912810UD8,TSRYS5870973,D,S,C,2024-08-28,8708000.00,4.211103,98.84375
08:32:57,912810UD8,TSRYS5870973,D,S,D,2024-08-28,1000000.00,4.21169,98.8359375
08:32:57,912810UD8,TSRYS5870973,D,S,D,2024-08-28,1000000.00,4.21169,98.8359375
08:32:57,912810UD8,TSRYS5870973,D,S,T,2024-08-28,1000000.00,4.21169,98.8359375
08:32:57,912810UD8,TSRYS5870973,D,S,D,2024-08-28,1000000.00,4.21169,98.8359375
08:32:57,912810UD8,TSRYS5870973,D,S,D,2024-08-28,1000000.00,4.21169,98.8359375
08:32:57,912810UD8,TSRYS5870973,D,S,D,2024-08-28,1000000.00,4.211682,98.8360375
08:32:58,912810UD8,TSRYS5870973,D,S,D,2024-08-28,1000000.00,4.211682,98.8360375
08:33:01,912810UD8,TSRYS5870973,D,S,T,2024-08-28,1000000.00,4.211103,98.84375
08:33:09,912810UD8,TSRYS5870973,D,S,T,2024-08-28,1000000.00,4.212285,98.828023
08:33:09,912810UD8,TSRYS5870973,D,S,T,2024-08-28,1000000.00,4.212285,98.828023
08:33:09,912810UD8,TSRYS5870973,D,S,T,2024-08-28,1000000.00,4.212285,98.828023
08:33:09,912810UD8,TSRYS5870973,D,S,T,2024-08-28,1000000.00,4.212285,98.828023
08:33:09,912810UD8,TSRYS5870973,D,S,T,2024-08-28,1000000.00,4.212285,98.828023
08:33:12,912810UD8,TSRYS5870973,D,S,D,2024-08-28,1000000.00,4.211103,98.84375
08:33:20,912810UD8,TSRYS5870973,D,S,C,2024-08-28,3750000.00,4.210726,98.8487563
08:33:20,912810UD8,TSRYS5870973,D,S,C,2024-08-28,1250000.00,4.210726,98.8487563
08:33:20,912810UD8,TSRYS5870973,D,S,C,2024-08-28,3750000.00,4.211607,98.8370375
08:33:20,912810UD8,TSRYS5870973,D,S,C,2024-08-28,1250000.00,4.211607,98.8370375
08:33:28,912810UD8,TSRYS5870973,D,S,T,2024-08-28,1000000.00,4.212285,98.828023
08:33:28,912810UD8,TSRYS5870973,D,S,T,2024-08-28,1000000.00,4.212285,98.828023
08:33:28,912810UD8,TSRYS5870973,D,S,T,2024-08-28,1000000.00,4.212285,98.828023
08:33:29,912810UD8,TSRYS5870973,D,S,T,2024-08-28,1000000.00,4.212285,98.828023
08:33:34,912810UD8,TSRYS5870973,D,B,C,2024-08-28,1000000.00,4.212571,98.82421875
08:33:34,912810UD8,TSRYS5870973,D,S,D,2024-08-28,1000000.00,4.212571,98.82421875
08:33:47,912810UD8,TSRYS5870973,D,S,D,2024-08-28,1000000.00,4.212277,98.828125
08:33:52,912810UD8,TSRYS5870973,D,S,T,2024-08-28,1000000.00,4.211103,98.84375
08:33:52,912810UD8,TSRYS5870973,D,S,T,2024-08-28,1000000.00,4.211103,98.84375
08:33:52,912810UD8,TSRYS5870973,D,S,T,2024-08-28,1000000.00,4.211103,98.84375
08:33:52,912810UD8,TSRYS5870973,D,S,T,2024-08-28,1000000.00,4.211103,98.84375
08:33:52,912810UD8,TSRYS5870973,D,S,T,2024-08-28,1000000.00,4.211103,98.84375
