tradeTime,cusip,issueSymbolIdentifier,priceType,reportingSideCode,contraPartyTypeCode,tradeDate,reportedTradeVolume,lastSaleYield,lastSalePrice
08:00:02,912810UD8,TSRYS5870973,D,S,T,2024-10-10,1000000.00,4.421133,96.109375
08:00:02,912810UD8,TSRYS5870973,D,S,T,2024-10-10,1000000.00,4.409539,96.2578125
08:00:02,912810UD8,TSRYS5870973,D,S,T,2024-10-10,1000000.00,4.410148,96.25
08:00:02,912810UD8,TSRYS5870973,D,S,D,2024-10-10,1000000.00,4.410148,96.25
08:00:02,912810UD8,TSRYS5870973,D,S,T,2024-10-10,1000000.00,4.410148,96.25
08:00:02,912810UD8,TSRYS5870973,D,S,T,2024-10-10,1000000.00,4.410148,96.25
08:00:02,912810UD8,TSRYS5870973,D,S,T,2024-10-10,1000000.00,4.410148,96.25
08:00:02,912810UD8,TSRYS5870973,D,S,D,2024-10-10,1000000.00,4.412587,96.21875
08:00:02,912810UD8,TSRYS5870973,D,S,T,2024-10-10,1000000.00,4.412587,96.21875
08:00:03,912810UD8,TSRYS5870973,D,S,T,2024-10-10,1000000.00,4.419911,96.125
08:00:03,912810UD8,TSRYS5870973,D,S,D,2024-10-10,1000000.00,4.422202,96.095703125
08:00:03,912810UD8,TSRYS5870973,D,S,T,2024-10-10,1000000.00,4.422202,96.095703125
08:00:03,912810UD8,TSRYS5870973,D,S,D,2024-10-10,1000000.00,4.422202,96.095703125
08:00:03,912810UD8,TSRYS5870973,D,S,D,2024-10-10,1000000.00,4.422202,96.095703125
08:00:03,912810UD8,TSRYS5870973,D,S,T,2024-10-10,1000000.00,4.422202,96.095703125
08:00:03,912810UD8,TSRYS5870973,D,S,D,2024-10-10,1000000.00,4.429996,95.99609375
08:00:03,912810UD8,TSRYS5870973,D,S,T,2024-10-10,1000000.00,4.427091,96.033203125
08:00:03,912810UD8,TSRYS5870973,D,S,T,2024-10-10,1000000.00,4.424799,96.0625
08:00:03,912810UD8,TSRYS5870973,D,S,T,2024-10-10,1000000.00,4.425104,96.05859375
08:00:03,912810UD8,TSRYS5870973,D,S,D,2024-10-10,1000000.00,4.421591,96.103515625
08:00:03,912810UD8,TSRYS5870973,D,S,D,2024-10-10,1000000.00,4.429079,96.0078125
08:00:03,912810UD8,TSRYS5870973,D,S,T,2024-10-10,1000000.00,4.430914,95.984375
08:00:03,912810UD8,TSRYS5870973,D,S,T,2024-10-10,1000000.00,4.427856,96.0234375
08:00:03,912810UD8,TSRYS5870973,D,S,D,2024-10-10,1000000.00,4.427244,96.03125
08:00:03,912810UD8,TSRYS5870973,D,S,D,2024-10-10,1000000.00,4.42755,96.02734375
08:00:03,912810UD8,TSRYS5870973,D,S,T,2024-10-10,1000000.00,4.42755,96.02734375
08:00:03,912810UD8,TSRYS5870973,D,S,D,2024-10-10,1000000.00,4.42755,96.02734375
08:00:03,912810UD8,TSRYS5870973,D,S,T,2024-10-10,1000000.00,4.42755,96.02734375
08:00:03,912810UD8,TSRYS5870973,D,S,D,2024-10-10,1000000.00,4.42755,96.02734375
08:00:03,912810UD8,TSRYS5870973,D,S,D,2024-10-10,1000000.00,4.427703,96.025390625
08:00:03,912810UD8,TSRYS5870973,D,S,T,2024-10-10,1000000.00,4.42755,96.02734375
08:00:03,912810UD8,TSRYS5870973,D,S,D,2024-10-10,1000000.00,4.42755,96.02734375
08:00:03,912810UD8,TSRYS5870973,D,S,T,2024-10-10,1000000.00,4.42755,96.02734375
08:00:03,912810UD8,TSRYS5870973,D,S,D,2024-10-10,1000000.00,4.42755,96.02734375
08:00:03,912810UD8,TSRYS5870973,D,S,D,2024-10-10,1000000.00,4.42755,96.02734375
08:00:03,912810UD8,TSRYS5870973,D,S,T,2024-10-10,1000000.00,4.42755,96.02734375
08:00:03,912810UD8,TSRYS5870973,D,S,D,2024-10-10,1000000.00,4.42755,96.02734375
08:00:03,912810UD8,TSRYS5870973,D,S,T,2024-10-10,1000000.00,4.42755,96.02734375
08:00:03,912810UD8,TSRYS5870973,D,S,D,2024-10-10,1000000.00,4.42755,96.02734375
08:00:03,912810UD8,TSRYS5870973,D,S,D,2024-10-10,1000000.00,4.427397,96.029296875
08:00:03,912810UD8,TSRYS5870973,D,S,T,2024-10-10,1000000.00,4.427397,96.029296875
08:00:03,912810UD8,TSRYS5870973,D,S,D,2024-10-10,1000000.00,4.429996,95.99609375
08:00:03,912810UD8,TSRYS5870973,D,S,D,2024-10-10,1000000.00,4.429843,95.998046875
08:00:03,912810UD8,TSRYS5870973,D,S,T,2024-10-10,1000000.00,4.429843,95.998046875
08:00:03,912810UD8,TSRYS5870973,D,S,D,2024-10-10,1000000.00,4.429843,95.998046875
08:00:05,912810UD8,TSRYS5870973,D,S,C,2024-10-10,1000.00,4.430883,96.484775
08:00:05,912810UD8,TSRYS5870973,D,S,A,2024-10-10,5000.00,4.430883,96.084775
08:00:05,912810UD8,TSRYS5870973,D,S,C,2024-10-10,10000.00,4.430883,96.034775
08:00:07,912810UD8,TSRYS5870973,D,S,A,2024-10-10,2850000.00,4.411368,96.234375
08:00:08,912810UD8,TSRYS5870973,D,B,A,2024-10-10,700000.00,4.412587,96.21875
08:00:08,912810UD8,TSRYS5870973,D,B,C,2024-10-10,1000000.00,4.411368,96.234375
08:00:08,912810UD8,TSRYS5870973,D,B,C,2024-10-10,1000000.00,4.411368,96.234375
08:00:08,912810UD8,TSRYS5870973,D,B,C,2024-10-10,2000000.00,4.411368,96.234375
08:00:12,912810UD8,TSRYS5870973,D,S,T,2024-10-10,1000000.00,4.410148,96.25
08:00:12,912810UD8,TSRYS5870973,D,S,T,2024-10-10,1000000.00,4.412587,96.21875
08:00:12,912810UD8,TSRYS5870973,D,S,T,2024-10-10,1000000.00,4.426021,96.046875
08:00:12,912810UD8,TSRYS5870973,D,S,T,2024-10-10,1000000.00,4.428467,96.015625
08:00:13,912810UD8,TSRYS5870973,D,S,D,2024-10-10,1000000.00,4.408929,96.265625
08:00:13,912810UD8,TSRYS5870973,D,S,D,2024-10-10,1000000.00,4.408929,96.265625
08:00:14,912810UD8,TSRYS5870973,D,S,D,2024-10-10,1000000.00,4.408929,96.265625
08:00:14,912810UD8,TSRYS5870973,D,S,D,2024-10-10,1000000.00,4.408929,96.265625
08:00:17,912810UD8,TSRYS5870973,D,S,A,2024-10-10,167000.00,4.415028,96.1875
08:00:17,912810UD8,TSRYS5870973,D,S,A,2024-10-10,300000.00,4.416948,96.1640625
08:00:21,912810UD8,TSRYS5870973,D,S,A,2024-10-10,1370000.00,4.411455,96.234375
08:00:22,912810UD8,TSRYS5870973,D,S,D,2024-10-10,1000000.00,4.411368,96.234375
08:00:22,912810UD8,TSRYS5870973,D,S,D,2024-10-10,1000000.00,4.411368,96.234375
08:00:22,912810UD8,TSRYS5870973,D,S,D,2024-10-10,2000000.00,4.411368,96.234375
08:00:27,912810UD8,TSRYS5870973,D,S,T,2024-10-10,1000000.00,4.413807,96.203125
08:00:27,912810UD8,TSRYS5870973,D,S,T,2024-10-10,1000000.00,4.413807,96.203125
08:00:27,912810UD8,TSRYS5870973,D,S,T,2024-10-10,1000000.00,4.41869,96.140625
08:00:27,912810UD8,TSRYS5870973,D,S,T,2024-10-10,1000000.00,4.41869,96.140625
08:00:27,912810UD8,TSRYS5870973,D,S,T,2024-10-10,1000000.00,4.419911,96.125
08:00:27,912810UD8,TSRYS5870973,D,S,T,2024-10-10,1000000.00,4.419911,96.125
08:00:27,912810UD8,TSRYS5870973,D,S,T,2024-10-10,1000000.00,4.421133,96.109375
08:00:27,912810UD8,TSRYS5870973,D,S,T,2024-10-10,1000000.00,4.422354,96.09375
08:00:27,912810UD8,TSRYS5870973,D,S,T,2024-10-10,1000000.00,4.427244,96.03125
08:00:27,912810UD8,TSRYS5870973,D,S,T,2024-10-10,1000000.00,4.428467,96.015625
08:00:27,912810UD8,TSRYS5870973,D,S,T,2024-10-10,1000000.00,4.42969,96.0
08:00:28,912810UD8,TSRYS5870973,D,S,D,2024-10-10,1000000.00,4.409539,96.2578125
08:00:28,912810UD8,TSRYS5870973,D,S,T,2024-10-10,1000000.00,4.421133,96.109375
08:00:28,912810UD8,TSRYS5870973,D,S,T,2024-10-10,1000000.00,4.419758,96.126953125
08:00:28,912810UD8,TSRYS5870973,D,S,T,2024-10-10,1000000.00,4.428926,96.009765625
08:00:28,912810UD8,TSRYS5870973,D,S,T,2024-10-10,1000000.00,4.427244,96.03125
08:00:28,912810UD8,TSRYS5870973,D,S,D,2024-10-10,1000000.00,4.415333,96.18359375
08:00:30,912810UD8,TSRYS5870973,D,S,T,2024-10-10,1000000.00,4.411368,96.234375
08:00:30,912810UD8,TSRYS5870973,D,S,T,2024-10-10,1000000.00,4.409081,96.263671875
08:00:30,912810UD8,TSRYS5870973,D,S,T,2024-10-10,1000000.00,4.408929,96.265625
08:00:30,912810UD8,TSRYS5870973,D,S,T,2024-10-10,1000000.00,4.412587,96.21875
08:00:30,912810UD8,TSRYS5870973,D,S,T,2024-10-10,1000000.00,4.411977,96.2265625
08:00:30,912810UD8,TSRYS5870973,D,S,T,2024-10-10,1000000.00,4.411368,96.234375
08:00:30,912810UD8,TSRYS5870973,D,S,T,2024-10-10,1000000.00,4.413807,96.203125
08:00:30,912810UD8,TSRYS5870973,D,S,T,2024-10-10,1000000.00,4.413807,96.203125
08:00:30,912810UD8,TSRYS5870973,D,S,T,2024-10-10,1000000.00,4.413807,96.203125
08:00:30,912810UD8,TSRYS5870973,D,S,T,2024-10-10,1000000.00,4.412587,96.21875
08:00:30,912810UD8,TSRYS5870973,D,S,T,2024-10-10,1000000.00,4.412587,96.21875
08:00:30,912810UD8,TSRYS5870973,D,S,T,2024-10-10,1000000.00,4.412587,96.21875
08:00:30,912810UD8,TSRYS5870973,D,S,T,2024-10-10,1000000.00,4.412587,96.21875
08:00:30,912810UD8,TSRYS5870973,D,S,T,2024-10-10,1000000.00,4.411368,96.234375
08:00:30,912810UD8,TSRYS5870973,D,S,T,2024-10-10,2000000.00,4.413807,96.203125
08:00:30,912810UD8,TSRYS5870973,D,S,T,2024-10-10,2000000.00,4.413807,96.203125
08:00:30,912810UD8,TSRYS5870973,D,S,T,2024-10-10,1000000.00,4.413807,96.203125
08:00:30,912810UD8,TSRYS5870973,D,S,T,2024-10-10,2000000.00,4.413807,96.203125
08:00:30,912810UD8,TSRYS5870973,D,S,T,2024-10-10,2000000.00,4.413807,96.203125
08:00:30,912810UD8,TSRYS5870973,D,S,T,2024-10-10,1000000.00,4.413807,96.203125
08:00:30,912810UD8,TSRYS5870973,D,S,T,2024-10-10,3000000.00,4.415028,96.1875
08:00:30,912810UD8,TSRYS5870973,D,S,T,2024-10-10,1000000.00,4.416248,96.171875
08:00:30,912810UD8,TSRYS5870973,D,S,T,2024-10-10,1000000.00,4.416248,96.171875
08:00:30,912810UD8,TSRYS5870973,D,S,T,2024-10-10,1000000.00,4.416248,96.171875
08:00:30,912810UD8,TSRYS5870973,D,S,T,2024-10-10,1000000.00,4.414875,96.189453125
08:00:30,912810UD8,TSRYS5870973,D,S,T,2024-10-10,1000000.00,4.414722,96.19140625
08:00:30,912810UD8,TSRYS5870973,D,S,T,2024-10-10,1000000.00,4.412587,96.21875
08:00:30,912810UD8,TSRYS5870973,D,S,T,2024-10-10,1000000.00,4.413807,96.203125
08:00:30,912810UD8,TSRYS5870973,D,S,T,2024-10-10,1000000.00,4.413807,96.203125
08:00:30,912810UD8,TSRYS5870973,D,S,T,2024-10-10,1000000.00,4.413807,96.203125
08:00:30,912810UD8,TSRYS5870973,D,S,T,2024-10-10,1000000.00,4.413807,96.203125
08:00:30,912810UD8,TSRYS5870973,D,S,T,2024-10-10,1000000.00,4.422354,96.09375
08:00:31,912810UD8,TSRYS5870973,D,S,T,2024-10-10,1000000.00,4.423576,96.078125
08:00:31,912810UD8,TSRYS5870973,D,S,T,2024-10-10,1000000.00,4.423576,96.078125
08:00:31,912810UD8,TSRYS5870973,D,S,T,2024-10-10,1000000.00,4.426021,96.046875
08:00:31,912810UD8,TSRYS5870973,D,S,T,2024-10-10,1000000.00,4.426021,96.046875
08:00:31,912810UD8,TSRYS5870973,D,S,T,2024-10-10,1000000.00,4.426021,96.046875
08:00:31,912810UD8,TSRYS5870973,D,S,T,2024-10-10,2000000.00,4.427244,96.03125
08:00:31,912810UD8,TSRYS5870973,D,S,T,2024-10-10,1000000.00,4.427244,96.03125
08:00:31,912810UD8,TSRYS5870973,D,S,T,2024-10-10,1000000.00,4.425563,96.052734375
08:00:31,912810UD8,TSRYS5870973,D,S,T,2024-10-10,1000000.00,4.426021,96.046875
08:00:31,912810UD8,TSRYS5870973,D,S,T,2024-10-10,1000000.00,4.427244,96.03125
08:00:31,912810UD8,TSRYS5870973,D,S,T,2024-10-10,1000000.00,4.426786,96.037109375
08:00:31,912810UD8,TSRYS5870973,D,S,T,2024-10-10,1000000.00,4.426633,96.0390625
08:00:31,912810UD8,TSRYS5870973,D,S,T,2024-10-10,1000000.00,4.424799,96.0625
08:00:31,912810UD8,TSRYS5870973,D,S,T,2024-10-10,1000000.00,4.424799,96.0625
08:00:31,912810UD8,TSRYS5870973,D,S,T,2024-10-10,1000000.00,4.424799,96.0625
08:00:31,912810UD8,TSRYS5870973,D,S,T,2024-10-10,1000000.00,4.424799,96.0625
08:00:31,912810UD8,TSRYS5870973,D,S,T,2024-10-10,1000000.00,4.423576,96.078125
08:00:31,912810UD8,TSRYS5870973,D,S,T,2024-10-10,1000000.00,4.41869,96.140625
08:00:31,912810UD8,TSRYS5870973,D,S,T,2024-10-10,1000000.00,4.419911,96.125
08:00:31,912810UD8,TSRYS5870973,D,S,T,2024-10-10,1000000.00,4.419911,96.125
08:00:31,912810UD8,TSRYS5870973,D,S,T,2024-10-10,1000000.00,4.419911,96.125
08:00:31,912810UD8,TSRYS5870973,D,S,T,2024-10-10,1000000.00,4.419911,96.125
08:00:31,912810UD8,TSRYS5870973,D,S,T,2024-10-10,1000000.00,4.421133,96.109375
08:00:31,912810UD8,TSRYS5870973,D,S,T,2024-10-10,1000000.00,4.41869,96.140625
08:00:31,912810UD8,TSRYS5870973,D,S,T,2024-10-10,1000000.00,4.419911,96.125
08:00:31,912810UD8,TSRYS5870973,D,S,T,2024-10-10,1000000.00,4.419911,96.125
08:00:31,912810UD8,TSRYS5870973,D,S,T,2024-10-10,1000000.00,4.419911,96.125
08:00:31,912810UD8,TSRYS5870973,D,S,T,2024-10-10,1000000.00,4.421133,96.109375
08:00:31,912810UD8,TSRYS5870973,D,S,T,2024-10-10,1000000.00,4.421133,96.109375
08:00:31,912810UD8,TSRYS5870973,D,S,T,2024-10-10,1000000.00,4.422354,96.09375
08:00:31,912810UD8,TSRYS5870973,D,S,T,2024-10-10,1000000.00,4.422354,96.09375
08:00:31,912810UD8,TSRYS5870973,D,S,T,2024-10-10,1000000.00,4.424799,96.0625
08:00:31,912810UD8,TSRYS5870973,D,S,T,2024-10-10,1000000.00,4.424952,96.060546875
08:00:31,912810UD8,TSRYS5870973,D,S,T,2024-10-10,1000000.00,4.424799,96.0625
08:00:31,912810UD8,TSRYS5870973,D,S,T,2024-10-10,1000000.00,4.424799,96.0625
08:00:31,912810UD8,TSRYS5870973,D,S,T,2024-10-10,1000000.00,4.424799,96.0625
08:00:31,912810UD8,TSRYS5870973,D,S,T,2024-10-10,1000000.00,4.424799,96.0625
08:00:31,912810UD8,TSRYS5870973,D,S,T,2024-10-10,1000000.00,4.424799,96.0625
08:00:31,912810UD8,TSRYS5870973,D,S,T,2024-10-10,1000000.00,4.424799,96.0625
08:00:31,912810UD8,TSRYS5870973,D,S,T,2024-10-10,1000000.00,4.427244,96.03125
08:00:31,912810UD8,TSRYS5870973,D,S,T,2024-10-10,1000000.00,4.42969,96.0
08:00:31,912810UD8,TSRYS5870973,D,S,T,2024-10-10,1000000.00,4.42969,96.0
08:00:31,912810UD8,TSRYS5870973,D,S,T,2024-10-10,1000000.00,4.42969,96.0
08:00:31,912810UD8,TSRYS5870973,D,S,T,2024-10-10,1000000.00,4.428467,96.015625
08:00:31,912810UD8,TSRYS5870973,D,S,T,2024-10-10,1000000.00,4.428467,96.015625
08:00:31,912810UD8,TSRYS5870973,D,S,T,2024-10-10,1000000.00,4.428467,96.015625
08:00:31,912810UD8,TSRYS5870973,D,S,T,2024-10-10,1000000.00,4.430455,95.990234375
08:00:31,912810UD8,TSRYS5870973,D,S,T,2024-10-10,1000000.00,4.428926,96.009765625
08:00:31,912810UD8,TSRYS5870973,D,S,T,2024-10-10,1000000.00,4.428773,96.01171875
08:00:31,912810UD8,TSRYS5870973,D,S,T,2024-10-10,1000000.00,4.426021,96.046875
08:00:31,912810UD8,TSRYS5870973,D,S,T,2024-10-10,1000000.00,4.426021,96.046875
08:00:31,912810UD8,TSRYS5870973,D,S,T,2024-10-10,1000000.00,4.426021,96.046875
08:00:31,912810UD8,TSRYS5870973,D,S,T,2024-10-10,3000000.00,4.426021,96.046875
08:00:31,912810UD8,TSRYS5870973,D,S,T,2024-10-10,1000000.00,4.428467,96.015625
08:00:31,912810UD8,TSRYS5870973,D,S,T,2024-10-10,1000000.00,4.428467,96.015625
08:00:31,912810UD8,TSRYS5870973,D,S,T,2024-10-10,1000000.00,4.428467,96.015625
08:00:31,912810UD8,TSRYS5870973,D,S,T,2024-10-10,1000000.00,4.428467,96.015625
08:00:31,912810UD8,TSRYS5870973,D,S,T,2024-10-10,1000000.00,4.428467,96.015625
08:00:31,912810UD8,TSRYS5870973,D,S,T,2024-10-10,1000000.00,4.428467,96.015625
08:00:31,912810UD8,TSRYS5870973,D,S,T,2024-10-10,1000000.00,4.428467,96.015625
08:00:31,912810UD8,TSRYS5870973,D,S,T,2024-10-10,1000000.00,4.428467,96.015625
08:00:31,912810UD8,TSRYS5870973,D,S,T,2024-10-10,1000000.00,4.428467,96.015625
08:00:31,912810UD8,TSRYS5870973,D,S,T,2024-10-10,1000000.00,4.428467,96.015625
08:00:31,912810UD8,TSRYS5870973,D,S,T,2024-10-10,1000000.00,4.428467,96.015625
08:00:31,912810UD8,TSRYS5870973,D,S,T,2024-10-10,1000000.00,4.428467,96.015625
08:00:31,912810UD8,TSRYS5870973,D,S,T,2024-10-10,1000000.00,4.428467,96.015625
08:00:31,912810UD8,TSRYS5870973,D,S,T,2024-10-10,1000000.00,4.428467,96.015625
08:00:31,912810UD8,TSRYS5870973,D,S,T,2024-10-10,1000000.00,4.428467,96.015625
08:00:31,912810UD8,TSRYS5870973,D,S,T,2024-10-10,1000000.00,4.428467,96.015625
08:00:31,912810UD8,TSRYS5870973,D,S,T,2024-10-10,1000000.00,4.428467,96.015625
08:00:31,912810UD8,TSRYS5870973,D,S,T,2024-10-10,1000000.00,4.428467,96.015625
08:00:31,912810UD8,TSRYS5870973,D,S,T,2024-10-10,1000000.00,4.428467,96.015625
08:00:31,912810UD8,TSRYS5870973,D,S,T,2024-10-10,1000000.00,4.428467,96.015625
08:00:31,912810UD8,TSRYS5870973,D,S,T,2024-10-10,1000000.00,4.428467,96.015625
08:00:31,912810UD8,TSRYS5870973,D,S,T,2024-10-10,1000000.00,4.428467,96.015625
08:00:31,912810UD8,TSRYS5870973,D,S,T,2024-10-10,1000000.00,4.428467,96.015625
08:00:31,912810UD8,TSRYS5870973,D,S,T,2024-10-10,1000000.00,4.42969,96.0
08:00:31,912810UD8,TSRYS5870973,D,S,T,2024-10-10,1000000.00,4.42969,96.0
08:00:31,912810UD8,TSRYS5870973,D,S,T,2024-10-10,2000000.00,4.431526,95.9765625
08:00:31,912810UD8,TSRYS5870973,D,S,T,2024-10-10,1000000.00,4.429385,96.00390625
08:00:31,912810UD8,TSRYS5870973,D,S,T,2024-10-10,1000000.00,4.429232,96.005859375
08:00:31,912810UD8,TSRYS5870973,D,S,D,2024-10-10,1000000.00,4.428161,96.01953125
08:00:31,912810UD8,TSRYS5870973,D,S,T,2024-10-10,1000000.00,4.427397,96.029296875
08:00:31,912810UD8,TSRYS5870973,D,S,T,2024-10-10,2000000.00,4.428008,96.021484375
08:00:31,912810UD8,TSRYS5870973,D,S,T,2024-10-10,1000000.00,4.428467,96.015625
08:00:31,912810UD8,TSRYS5870973,D,S,T,2024-10-10,1000000.00,4.426633,96.0390625
08:00:31,912810UD8,TSRYS5870973,D,S,T,2024-10-10,1000000.00,4.427244,96.03125
08:00:31,912810UD8,TSRYS5870973,D,S,T,2024-10-10,1000000.00,4.427244,96.03125
08:00:31,912810UD8,TSRYS5870973,D,S,T,2024-10-10,1000000.00,4.427244,96.03125
08:00:31,912810UD8,TSRYS5870973,D,S,T,2024-10-10,1000000.00,4.427244,96.03125
08:00:31,912810UD8,TSRYS5870973,D,S,T,2024-10-10,1000000.00,4.427244,96.03125
08:00:31,912810UD8,TSRYS5870973,D,S,T,2024-10-10,1000000.00,4.427244,96.03125
08:00:31,912810UD8,TSRYS5870973,D,S,T,2024-10-10,1000000.00,4.427244,96.03125
08:00:31,912810UD8,TSRYS5870973,D,S,T,2024-10-10,1000000.00,4.427244,96.03125
08:00:31,912810UD8,TSRYS5870973,D,S,T,2024-10-10,1000000.00,4.427244,96.03125
08:00:31,912810UD8,TSRYS5870973,D,S,T,2024-10-10,1000000.00,4.427244,96.03125
08:00:31,912810UD8,TSRYS5870973,D,S,T,2024-10-10,1000000.00,4.427244,96.03125
08:00:31,912810UD8,TSRYS5870973,D,S,T,2024-10-10,1000000.00,4.430914,95.984375
08:00:31,912810UD8,TSRYS5870973,D,S,T,2024-10-10,1000000.00,4.430914,95.984375
08:00:31,912810UD8,TSRYS5870973,D,S,T,2024-10-10,1000000.00,4.430914,95.984375
08:00:31,912810UD8,TSRYS5870973,D,S,T,2024-10-10,1000000.00,4.430914,95.984375
08:00:31,912810UD8,TSRYS5870973,D,S,T,2024-10-10,1000000.00,4.430914,95.984375
08:00:31,912810UD8,TSRYS5870973,D,S,D,2024-10-10,1000000.00,4.413807,96.203125
08:00:31,912810UD8,TSRYS5870973,D,S,D,2024-10-10,1000000.00,4.413807,96.203125
08:00:31,912810UD8,TSRYS5870973,D,S,D,2024-10-10,1000000.00,4.413502,96.20703125
08:00:31,912810UD8,TSRYS5870973,D,S,D,2024-10-10,1000000.00,4.408929,96.265625
08:00:31,912810UD8,TSRYS5870973,D,S,D,2024-10-10,1000000.00,4.408929,96.265625
08:00:31,912810UD8,TSRYS5870973,D,S,D,2024-10-10,1000000.00,4.408929,96.265625
08:00:32,912810UD8,TSRYS5870973,D,S,D,2024-10-10,1000000.00,4.428008,96.021484375
08:00:32,912810UD8,TSRYS5870973,D,S,D,2024-10-10,1000000.00,4.428008,96.021484375
08:00:32,912810UD8,TSRYS5870973,D,S,D,2024-10-10,1000000.00,4.427856,96.0234375
08:00:32,912810UD8,TSRYS5870973,D,S,D,2024-10-10,1000000.00,4.42755,96.02734375
08:00:32,912810UD8,TSRYS5870973,D,S,D,2024-10-10,1000000.00,4.430149,95.994140625
08:00:32,912810UD8,TSRYS5870973,D,S,D,2024-10-10,1000000.00,4.424799,96.0625
08:00:32,912810UD8,TSRYS5870973,D,S,D,2024-10-10,1000000.00,4.418995,96.13671875
08:00:32,912810UD8,TSRYS5870973,D,S,D,2024-10-10,1000000.00,4.422354,96.09375
08:00:32,912810UD8,TSRYS5870973,D,S,D,2024-10-10,1000000.00,4.422354,96.09375
08:00:32,912810UD8,TSRYS5870973,D,S,D,2024-10-10,1000000.00,4.425716,96.05078125
08:00:32,912810UD8,TSRYS5870973,D,S,D,2024-10-10,1000000.00,4.42755,96.02734375
08:00:32,912810UD8,TSRYS5870973,D,S,D,2024-10-10,1000000.00,4.42755,96.02734375
08:00:32,912810UD8,TSRYS5870973,D,S,D,2024-10-10,1000000.00,4.42755,96.02734375
08:00:32,912810UD8,TSRYS5870973,D,S,D,2024-10-10,1000000.00,4.427244,96.03125
08:00:32,912810UD8,TSRYS5870973,D,S,D,2024-10-10,1000000.00,4.427244,96.03125
08:00:32,912810UD8,TSRYS5870973,D,S,D,2024-10-10,1000000.00,4.413807,96.203125
08:00:32,912810UD8,TSRYS5870973,D,S,D,2024-10-10,1000000.00,4.413807,96.203125
08:00:32,912810UD8,TSRYS5870973,D,S,D,2024-10-10,1000000.00,4.413807,96.203125
08:00:32,912810UD8,TSRYS5870973,D,S,D,2024-10-10,1000000.00,4.412587,96.21875
08:00:32,912810UD8,TSRYS5870973,D,S,D,2024-10-10,1000000.00,4.416248,96.171875
08:00:32,912810UD8,TSRYS5870973,D,S,D,2024-10-10,1000000.00,4.421743,96.1015625
08:00:32,912810UD8,TSRYS5870973,D,S,D,2024-10-10,1000000.00,4.421591,96.103515625
08:00:32,912810UD8,TSRYS5870973,D,S,D,2024-10-10,1000000.00,4.421591,96.103515625
08:00:32,912810UD8,TSRYS5870973,D,S,D,2024-10-10,1000000.00,4.427856,96.0234375
08:00:32,912810UD8,TSRYS5870973,D,S,D,2024-10-10,1000000.00,4.428926,96.009765625
08:00:32,912810UD8,TSRYS5870973,D,S,D,2024-10-10,1000000.00,4.430302,95.9921875
08:00:32,912810UD8,TSRYS5870973,D,S,T,2024-10-10,1000000.00,4.413807,96.203125
08:00:32,912810UD8,TSRYS5870973,D,S,T,2024-10-10,1000000.00,4.413807,96.203125
08:00:32,912810UD8,TSRYS5870973,D,S,T,2024-10-10,1000000.00,4.413807,96.203125
08:00:32,912810UD8,TSRYS5870973,D,S,T,2024-10-10,1000000.00,4.413807,96.203125
08:00:32,912810UD8,TSRYS5870973,D,S,T,2024-10-10,1000000.00,4.413807,96.203125
08:00:32,912810UD8,TSRYS5870973,D,S,T,2024-10-10,1000000.00,4.413807,96.203125
08:00:32,912810UD8,TSRYS5870973,D,S,T,2024-10-10,1000000.00,4.413807,96.203125
08:00:32,912810UD8,TSRYS5870973,D,S,T,2024-10-10,1000000.00,4.413502,96.20703125
08:00:32,912810UD8,TSRYS5870973,D,S,T,2024-10-10,1000000.00,4.409539,96.2578125
08:00:32,912810UD8,TSRYS5870973,D,S,T,2024-10-10,1000000.00,4.409386,96.259765625
08:00:32,912810UD8,TSRYS5870973,D,S,D,2024-10-10,1000000.00,4.427244,96.03125
08:00:32,912810UD8,TSRYS5870973,D,S,D,2024-10-10,1000000.00,4.427244,96.03125
08:00:32,912810UD8,TSRYS5870973,D,S,D,2024-10-10,1000000.00,4.427244,96.03125
08:00:32,912810UD8,TSRYS5870973,D,S,T,2024-10-10,1000000.00,4.412587,96.21875
08:00:32,912810UD8,TSRYS5870973,D,S,T,2024-10-10,1000000.00,4.412587,96.21875
08:00:32,912810UD8,TSRYS5870973,D,S,T,2024-10-10,1000000.00,4.413807,96.203125
08:00:32,912810UD8,TSRYS5870973,D,S,T,2024-10-10,1000000.00,4.421133,96.109375
08:00:32,912810UD8,TSRYS5870973,D,S,T,2024-10-10,1000000.00,4.421133,96.109375
08:00:32,912810UD8,TSRYS5870973,D,S,T,2024-10-10,1000000.00,4.421133,96.109375
08:00:32,912810UD8,TSRYS5870973,D,S,A,2024-10-10,300000.00,4.411977,96.2265625
08:00:32,912810UD8,TSRYS5870973,D,S,T,2024-10-10,1000000.00,4.426021,96.046875
08:00:32,912810UD8,TSRYS5870973,D,S,T,2024-10-10,1000000.00,4.424799,96.0625
08:00:32,912810UD8,TSRYS5870973,D,S,T,2024-10-10,1000000.00,4.421591,96.103515625
08:00:32,912810UD8,TSRYS5870973,D,S,T,2024-10-10,1000000.00,4.421591,96.103515625
08:00:32,912810UD8,TSRYS5870973,D,S,T,2024-10-10,1000000.00,4.421591,96.103515625
08:00:32,912810UD8,TSRYS5870973,D,S,T,2024-10-10,1000000.00,4.419911,96.125
08:00:32,912810UD8,TSRYS5870973,D,S,T,2024-10-10,1000000.00,4.419911,96.125
08:00:33,912810UD8,TSRYS5870973,D,S,T,2024-10-10,1000000.00,4.430149,95.994140625
08:00:33,912810UD8,TSRYS5870973,D,S,T,2024-10-10,1000000.00,4.429996,95.99609375
08:00:33,912810UD8,TSRYS5870973,D,S,T,2024-10-10,1000000.00,4.429996,95.99609375
08:00:33,912810UD8,TSRYS5870973,D,S,T,2024-10-10,1000000.00,4.42648,96.041015625
08:00:33,912810UD8,TSRYS5870973,D,S,T,2024-10-10,2000000.00,4.427244,96.03125
08:00:33,912810UD8,TSRYS5870973,D,S,T,2024-10-10,1000000.00,4.426938,96.03515625
08:00:33,912810UD8,TSRYS5870973,D,S,T,2024-10-10,1000000.00,4.426786,96.037109375
08:00:33,912810UD8,TSRYS5870973,D,S,T,2024-10-10,1000000.00,4.428926,96.009765625
08:00:33,912810UD8,TSRYS5870973,D,S,T,2024-10-10,1000000.00,4.429385,96.00390625
08:00:33,912810UD8,TSRYS5870973,D,S,T,2024-10-10,1000000.00,4.427856,96.0234375
08:00:33,912810UD8,TSRYS5870973,D,S,T,2024-10-10,1000000.00,4.427703,96.025390625
08:00:33,912810UD8,TSRYS5870973,D,S,T,2024-10-10,1000000.00,4.42755,96.02734375
08:00:33,912810UD8,TSRYS5870973,D,S,T,2024-10-10,1000000.00,4.426633,96.0390625
08:00:33,912810UD8,TSRYS5870973,D,S,T,2024-10-10,1000000.00,4.427244,96.03125
08:00:33,912810UD8,TSRYS5870973,D,S,T,2024-10-10,1000000.00,4.427244,96.03125
08:00:33,912810UD8,TSRYS5870973,D,S,T,2024-10-10,2000000.00,4.429843,95.998046875
08:00:33,912810UD8,TSRYS5870973,D,S,T,2024-10-10,1000000.00,4.429996,95.99609375
08:00:33,912810UD8,TSRYS5870973,D,S,T,2024-10-10,3000000.00,4.430761,95.986328125
08:00:33,912810UD8,TSRYS5870973,D,S,T,2024-10-10,4000000.00,4.430761,95.986328125
08:00:34,912810UD8,TSRYS5870973,D,S,D,2024-10-10,1000000.00,4.41869,96.140625
08:00:34,912810UD8,TSRYS5870973,D,S,D,2024-10-10,2000000.00,4.41869,96.140625
08:00:37,912810UD8,TSRYS5870973,D,S,A,2024-10-10,532000.00,4.419911,96.125
08:00:37,912810UD8,TSRYS5870973,D,B,C,2024-10-10,200000.00,4.418721,96.140225
08:00:37,912810UD8,TSRYS5870973,D,S,C,2024-10-10,1000000.00,4.42541,96.0546875
08:00:37,912810UD8,TSRYS5870973,D,S,A,2024-10-10,55000.00,4.429079,96.0078125
08:00:39,912810UD8,TSRYS5870973,D,S,D,2024-10-10,1000000.00,4.42969,96.0
08:00:39,912810UD8,TSRYS5870973,D,S,C,2024-10-10,1000000.00,4.429996,95.99609375
08:00:39,912810UD8,TSRYS5870973,D,S,D,2024-10-10,1000000.00,4.42969,96.0
08:00:39,912810UD8,TSRYS5870973,D,S,C,2024-10-10,1000000.00,4.429079,96.0078125
08:00:41,912810UD8,TSRYS5870973,D,S,D,2024-10-10,1000000.00,4.427244,96.03125
08:00:41,912810UD8,TSRYS5870973,D,S,C,2024-10-10,1000000.00,4.426633,96.0390625
08:00:41,912810UD8,TSRYS5870973,D,S,C,2024-10-10,1000000.00,4.427244,96.03125
08:00:41,912810UD8,TSRYS5870973,D,S,D,2024-10-10,1000000.00,4.427244,96.03125
08:00:41,912810UD8,TSRYS5870973,D,S,C,2024-10-10,1000000.00,4.426938,96.03515625
08:00:42,912810UD8,TSRYS5870973,D,S,A,2024-10-10,310000.00,4.424799,96.0625
08:00:42,912810UD8,TSRYS5870973,D,B,A,2024-10-10,500000.00,4.412587,96.21875
08:00:43,912810UD8,TSRYS5870973,D,S,D,2024-10-10,1000000.00,4.429996,95.99609375
08:00:43,912810UD8,TSRYS5870973,D,S,T,2024-10-10,1000000.00,4.410148,96.25
08:00:44,912810UD8,TSRYS5870973,D,S,D,2024-10-10,1000000.00,4.42755,96.02734375
08:00:44,912810UD8,TSRYS5870973,D,S,D,2024-10-10,1000000.00,4.42755,96.02734375
08:00:44,912810UD8,TSRYS5870973,D,S,D,2024-10-10,100000.00,4.421133,96.109375
08:00:44,912810UD8,TSRYS5870973,D,S,C,2024-10-10,1200000.00,4.427856,96.0234375
08:00:44,912810UD8,TSRYS5870973,D,S,A,2024-10-10,420000.00,4.428773,96.01171875
08:00:44,912810UD8,TSRYS5870973,D,B,A,2024-10-10,13500000.00,4.429385,96.00390625
08:00:44,912810UD8,TSRYS5870973,D,S,T,2024-10-10,1000000.00,4.427397,96.029296875
08:00:44,912810UD8,TSRYS5870973,D,S,T,2024-10-10,1000000.00,4.426174,96.044921875
08:00:44,912810UD8,TSRYS5870973,D,S,T,2024-10-10,1000000.00,4.426021,96.046875
08:00:44,912810UD8,TSRYS5870973,D,S,A,2024-10-10,7000000.00,4.42541,96.0546875
08:00:44,912810UD8,TSRYS5870973,D,S,A,2024-10-10,300000.00,4.4193,96.1328125
08:00:44,912810UD8,TSRYS5870973,D,S,T,2024-10-10,1000000.00,4.412587,96.21875
08:00:44,912810UD8,TSRYS5870973,D,S,T,2024-10-10,1000000.00,4.424799,96.0625
08:00:44,912810UD8,TSRYS5870973,D,S,T,2024-10-10,1000000.00,4.42969,96.0
08:00:44,912810UD8,TSRYS5870973,D,S,T,2024-10-10,1000000.00,4.428467,96.015625
08:00:44,912810UD8,TSRYS5870973,D,S,D,2024-10-10,1000000.00,4.42755,96.02734375
08:00:44,912810UD8,TSRYS5870973,D,B,C,2024-10-10,4085000.00,4.427337,96.03125
08:00:47,912810UD8,TSRYS5870973,D,S,A,2024-10-10,355000.00,4.421133,96.109375
08:00:47,912810UD8,TSRYS5870973,D,S,D,2024-10-10,1000000.00,4.426938,96.03515625
08:00:47,912810UD8,TSRYS5870973,D,B,C,2024-10-10,200000.00,4.420553,96.1167875
08:00:47,912810UD8,TSRYS5870973,D,S,A,2024-10-10,5000000.00,4.421438,96.10546875
08:00:47,912810UD8,TSRYS5870973,D,S,D,2024-10-10,1000000.00,4.427244,96.03125
08:00:47,912810UD8,TSRYS5870973,D,S,D,2024-10-10,1000000.00,4.427244,96.03125
08:00:48,912810UD8,TSRYS5870973,D,S,C,2024-10-10,1000000.00,4.43122,95.98046875
08:00:48,912810UD8,TSRYS5870973,D,S,C,2024-10-10,1000000.00,4.43122,95.98046875
08:00:50,912810UD8,TSRYS5870973,D,S,D,2024-10-10,50MM+,4.427656,96.025987
08:00:55,912810UD8,TSRYS5870973,D,S,C,2024-10-10,10000.00,4.42969,96.0
08:00:57,912810UD8,TSRYS5870973,D,S,T,2024-10-10,1000000.00,4.42969,96.0
08:00:58,912810UD8,TSRYS5870973,D,S,D,2024-10-10,1000.00,4.422354,96.09375
08:00:59,912810UD8,TSRYS5870973,D,S,T,2024-10-10,1000000.00,4.426021,96.046875
08:00:59,912810UD8,TSRYS5870973,D,S,A,2024-10-10,2500000.00,4.411368,96.234375
08:00:59,912810UD8,TSRYS5870973,D,S,T,2024-10-10,1000000.00,4.427244,96.03125
08:01:01,912810UD8,TSRYS5870973,D,S,T,2024-10-10,1000000.00,4.426021,96.046875
08:01:02,912810UD8,TSRYS5870973,D,S,T,2024-10-10,1000000.00,4.42969,96.0
08:01:06,912810UD8,TSRYS5870973,D,S,C,2024-10-10,100000.00,4.42098,96.116328125
08:01:06,912810UD8,TSRYS5870973,D,S,D,2024-10-10,200000.00,4.418721,96.140225
08:01:06,912810UD8,TSRYS5870973,D,B,C,2024-10-10,200000.00,4.418721,96.137725
08:01:08,912810UD8,TSRYS5870973,D,S,D,2024-10-10,1000000.00,4.427244,96.03125
08:01:08,912810UD8,TSRYS5870973,D,S,D,2024-10-10,1000000.00,4.427244,96.03125
08:01:08,912810UD8,TSRYS5870973,D,S,T,2024-10-10,1000000.00,4.427244,96.03125
08:01:09,912810UD8,TSRYS5870973,D,S,D,2024-10-10,1000000.00,4.415028,96.1875
08:01:09,912810UD8,TSRYS5870973,D,S,D,2024-10-10,1000000.00,4.414722,96.19140625
08:01:09,912810UD8,TSRYS5870973,D,S,D,2024-10-10,1000000.00,4.414722,96.19140625
08:01:09,912810UD8,TSRYS5870973,D,B,C,2024-10-10,1000000.00,4.413502,96.20703125
08:01:09,912810UD8,TSRYS5870973,D,S,D,2024-10-10,1000000.00,4.411977,96.2265625
08:01:09,912810UD8,TSRYS5870973,D,B,C,2024-10-10,1000000.00,4.411977,96.2265625
08:01:09,912810UD8,TSRYS5870973,D,S,D,2024-10-10,1000000.00,4.413502,96.20703125
08:01:09,912810UD8,TSRYS5870973,D,S,A,2024-10-10,25000000.00,4.420216,96.12109375
08:01:09,912810UD8,TSRYS5870973,D,B,C,2024-10-10,1000000.00,4.408929,96.265625
08:01:09,912810UD8,TSRYS5870973,D,S,C,2024-10-10,1000000.00,4.409539,96.2578125
08:01:09,912810UD8,TSRYS5870973,D,S,D,2024-10-10,1000000.00,4.408929,96.265625
08:01:10,912810UD8,TSRYS5870973,D,S,D,2024-10-10,1000000.00,4.415028,96.1875
08:01:10,912810UD8,TSRYS5870973,D,S,D,2024-10-10,1000000.00,4.415333,96.18359375
08:01:10,912810UD8,TSRYS5870973,D,S,D,2024-10-10,1000000.00,4.414722,96.19140625
08:01:10,912810UD8,TSRYS5870973,D,B,C,2024-10-10,1000000.00,4.410758,96.2421875
08:01:10,912810UD8,TSRYS5870973,D,S,D,2024-10-10,1000000.00,4.414722,96.19140625
08:01:10,912810UD8,TSRYS5870973,D,S,C,2024-10-10,1000000.00,4.412587,96.21875
08:01:10,912810UD8,TSRYS5870973,D,S,C,2024-10-10,1000000.00,4.412892,96.21484375
08:01:10,912810UD8,TSRYS5870973,D,S,T,2024-10-10,1000000.00,4.415035,96.1874
08:01:10,912810UD8,TSRYS5870973,D,S,T,2024-10-10,1000000.00,4.415188,96.185446875
08:01:10,912810UD8,TSRYS5870973,D,S,T,2024-10-10,2000000.00,4.415188,96.185446875
08:01:10,912810UD8,TSRYS5870973,D,S,D,2024-10-10,1000000.00,4.413502,96.20703125
08:01:10,912810UD8,TSRYS5870973,D,B,C,2024-10-10,1000000.00,4.415333,96.18359375
08:01:10,912810UD8,TSRYS5870973,D,B,C,2024-10-10,1000000.00,4.413502,96.20703125
08:01:10,912810UD8,TSRYS5870973,D,S,D,2024-10-10,2000000.00,4.411368,96.234375
08:01:10,912810UD8,TSRYS5870973,D,S,D,2024-10-10,1000000.00,4.411368,96.234375
08:01:10,912810UD8,TSRYS5870973,D,S,D,2024-10-10,1000000.00,4.410758,96.2421875
08:01:10,912810UD8,TSRYS5870973,D,B,C,2024-10-10,1000000.00,4.412892,96.21484375
08:01:10,912810UD8,TSRYS5870973,D,S,D,2024-10-10,1000000.00,4.411368,96.234375
08:01:10,912810UD8,TSRYS5870973,D,S,C,2024-10-10,1000000.00,4.421438,96.10546875
08:01:10,912810UD8,TSRYS5870973,D,S,D,2024-10-10,1000000.00,4.427244,96.03125
08:01:10,912810UD8,TSRYS5870973,D,S,D,2024-10-10,1000000.00,4.427244,96.03125
08:01:10,912810UD8,TSRYS5870973,D,S,D,2024-10-10,1000000.00,4.427244,96.03125
08:01:10,912810UD8,TSRYS5870973,D,B,C,2024-10-10,1000000.00,4.415333,96.18359375
08:01:10,912810UD8,TSRYS5870973,D,S,D,2024-10-10,1000000.00,4.415333,96.18359375
08:01:10,912810UD8,TSRYS5870973,D,S,C,2024-10-10,1000000.00,4.426327,96.04296875
08:01:10,912810UD8,TSRYS5870973,D,S,D,2024-10-10,1000000.00,4.427244,96.03125
08:01:10,912810UD8,TSRYS5870973,D,S,D,2024-10-10,1000000.00,4.418995,96.13671875
08:01:10,912810UD8,TSRYS5870973,D,B,C,2024-10-10,1000000.00,4.41869,96.140625
08:01:10,912810UD8,TSRYS5870973,D,S,D,2024-10-10,1000000.00,4.427244,96.03125
08:01:10,912810UD8,TSRYS5870973,D,S,D,2024-10-10,1000000.00,4.425716,96.05078125
08:01:10,912810UD8,TSRYS5870973,D,S,C,2024-10-10,1000000.00,4.422049,96.09765625
08:01:10,912810UD8,TSRYS5870973,D,B,C,2024-10-10,1000000.00,4.422049,96.09765625
08:01:10,912810UD8,TSRYS5870973,D,B,C,2024-10-10,1000000.00,4.418995,96.13671875
08:01:10,912810UD8,TSRYS5870973,D,S,C,2024-10-10,1000000.00,4.416858,96.1640625
08:01:10,912810UD8,TSRYS5870973,D,B,C,2024-10-10,1000000.00,4.41869,96.140625
08:01:10,912810UD8,TSRYS5870973,D,S,C,2024-10-10,1000000.00,4.418995,96.13671875
08:01:10,912810UD8,TSRYS5870973,D,B,C,2024-10-10,1000000.00,4.416858,96.1640625
08:01:10,912810UD8,TSRYS5870973,D,S,D,2024-10-10,2000000.00,4.41869,96.140625
08:01:10,912810UD8,TSRYS5870973,D,S,C,2024-10-10,1000000.00,4.420522,96.1171875
08:01:10,912810UD8,TSRYS5870973,D,B,C,2024-10-10,1000000.00,4.416858,96.1640625
08:01:10,912810UD8,TSRYS5870973,D,S,D,2024-10-10,1000000.00,4.42541,96.0546875
08:01:10,912810UD8,TSRYS5870973,D,S,D,2024-10-10,1000000.00,4.41869,96.140625
08:01:10,912810UD8,TSRYS5870973,D,S,D,2024-10-10,1000000.00,4.42969,96.0
08:01:10,912810UD8,TSRYS5870973,D,B,C,2024-10-10,2000000.00,4.41869,96.140625
08:01:10,912810UD8,TSRYS5870973,D,B,C,2024-10-10,1000000.00,4.429996,95.99609375
08:01:10,912810UD8,TSRYS5870973,D,S,C,2024-10-10,1000000.00,4.416858,96.1640625
08:01:10,912810UD8,TSRYS5870973,D,B,C,2024-10-10,1000000.00,4.42969,96.0
08:01:10,912810UD8,TSRYS5870973,D,S,C,2024-10-10,1000000.00,4.41869,96.140625
08:01:11,912810UD8,TSRYS5870973,D,B,C,2024-10-10,1000000.00,4.42969,96.0
08:01:11,912810UD8,TSRYS5870973,D,B,C,2024-10-10,1000000.00,4.42969,96.0
08:01:11,912810UD8,TSRYS5870973,D,S,D,2024-10-10,1000000.00,4.429996,95.99609375
08:01:11,912810UD8,TSRYS5870973,D,S,C,2024-10-10,1000000.00,4.429996,95.99609375
08:01:11,912810UD8,TSRYS5870973,D,S,D,2024-10-10,1000000.00,4.42969,96.0
08:01:11,912810UD8,TSRYS5870973,D,S,D,2024-10-10,1000000.00,4.429996,95.99609375
08:01:11,912810UD8,TSRYS5870973,D,B,C,2024-10-10,1000000.00,4.429996,95.99609375
08:01:11,912810UD8,TSRYS5870973,D,B,C,2024-10-10,1000000.00,4.429996,95.99609375
08:01:11,912810UD8,TSRYS5870973,D,S,C,2024-10-10,1000000.00,4.429079,96.0078125
08:01:11,912810UD8,TSRYS5870973,D,B,C,2024-10-10,1000000.00,4.429996,95.99609375
08:01:11,912810UD8,TSRYS5870973,D,S,C,2024-10-10,1000000.00,4.429079,96.0078125
08:01:11,912810UD8,TSRYS5870973,D,B,C,2024-10-10,1000000.00,4.429079,96.0078125
08:01:11,912810UD8,TSRYS5870973,D,S,D,2024-10-10,1000000.00,4.429079,96.0078125
08:01:11,912810UD8,TSRYS5870973,D,B,C,2024-10-10,1000000.00,4.428161,96.01953125
08:01:11,912810UD8,TSRYS5870973,D,B,C,2024-10-10,1000000.00,4.429079,96.0078125
08:01:11,912810UD8,TSRYS5870973,D,S,D,2024-10-10,1000000.00,4.429996,95.99609375
08:01:11,912810UD8,TSRYS5870973,D,S,D,2024-10-10,1000000.00,4.428161,96.01953125
08:01:11,912810UD8,TSRYS5870973,D,S,D,2024-10-10,1000000.00,4.42969,96.0
08:01:12,912810UD8,TSRYS5870973,D,S,C,2024-10-10,5000.00,4.430883,95.984775
08:01:12,912810UD8,TSRYS5870973,D,S,C,2024-10-10,1000.00,4.430883,95.984775
08:01:12,912810UD8,TSRYS5870973,D,S,C,2024-10-10,10000.00,4.430883,95.984775
08:01:12,912810UD8,TSRYS5870973,D,S,T,2024-10-10,1000000.00,4.424799,96.0625
08:01:13,912810UD8,TSRYS5870973,D,S,T,2024-10-10,1000000.00,4.426484,96.040965625
08:01:13,912810UD8,TSRYS5870973,D,S,T,2024-10-10,1000000.00,4.426637,96.0390125
08:01:13,912810UD8,TSRYS5870973,D,S,T,2024-10-10,1000000.00,4.426789,96.037059375
08:01:13,912810UD8,TSRYS5870973,D,S,T,2024-10-10,1000000.00,4.427397,96.029296875
08:01:13,912810UD8,TSRYS5870973,D,S,C,2024-10-10,25000.00,4.42969,96.0
08:01:14,912810UD8,TSRYS5870973,D,S,C,2024-10-10,50MM+,4.427656,96.025987
08:01:16,912810UD8,TSRYS5870973,D,S,D,2024-10-10,1000000.00,4.413807,96.203125
08:01:16,912810UD8,TSRYS5870973,D,S,D,2024-10-10,1000000.00,4.413807,96.203125
08:01:16,912810UD8,TSRYS5870973,D,S,D,2024-10-10,1000000.00,4.413807,96.203125
08:01:16,912810UD8,TSRYS5870973,D,S,D,2024-10-10,1000000.00,4.413807,96.203125
08:01:16,912810UD8,TSRYS5870973,D,S,D,2024-10-10,1000000.00,4.413807,96.203125
08:01:16,912810UD8,TSRYS5870973,D,S,D,2024-10-10,1000000.00,4.413807,96.203125
08:01:16,912810UD8,TSRYS5870973,D,S,D,2024-10-10,1000000.00,4.413807,96.203125
08:01:16,912810UD8,TSRYS5870973,D,S,D,2024-10-10,1000000.00,4.414417,96.1953125
08:01:16,912810UD8,TSRYS5870973,D,B,C,2024-10-10,1000000.00,4.414417,96.1953125
08:01:16,912810UD8,TSRYS5870973,D,S,D,2024-10-10,1000000.00,4.413502,96.20703125
08:01:16,912810UD8,TSRYS5870973,D,S,D,2024-10-10,200000.00,4.428161,96.01953125
08:01:16,912810UD8,TSRYS5870973,D,B,C,2024-10-10,200000.00,4.428161,96.01703125
08:01:16,912810UD8,TSRYS5870973,D,S,D,2024-10-10,1000000.00,4.41579,96.177734375
08:01:16,912810UD8,TSRYS5870973,D,B,C,2024-10-10,1000000.00,4.41579,96.177734375
08:01:16,912810UD8,TSRYS5870973,D,S,D,2024-10-10,1000000.00,4.415943,96.17578125
08:01:16,912810UD8,TSRYS5870973,D,B,C,2024-10-10,1000000.00,4.415943,96.17578125
08:01:17,912810UD8,TSRYS5870973,D,S,D,2024-10-10,5000.00,,95.984775
08:01:17,912810UD8,TSRYS5870973,D,S,D,2024-10-10,1000000.00,4.42755,96.02734375
08:01:17,912810UD8,TSRYS5870973,D,S,D,2024-10-10,1000000.00,4.42755,96.02734375
08:01:17,912810UD8,TSRYS5870973,D,S,D,2024-10-10,1000000.00,4.42755,96.02734375
08:01:19,912810UD8,TSRYS5870973,D,S,D,2024-10-10,1000000.00,4.411368,96.234375
08:01:19,912810UD8,TSRYS5870973,D,S,T,2024-10-10,1000000.00,4.411383,96.234175
08:01:19,912810UD8,TSRYS5870973,D,S,T,2024-10-10,1000000.00,4.411383,96.234175
08:01:19,912810UD8,TSRYS5870973,D,S,T,2024-10-10,1000000.00,4.411383,96.234175
08:01:19,912810UD8,TSRYS5870973,D,S,D,2024-10-10,2000000.00,4.411368,96.234375
08:01:19,912810UD8,TSRYS5870973,D,S,T,2024-10-10,1000000.00,4.411383,96.234175
08:01:19,912810UD8,TSRYS5870973,D,S,T,2024-10-10,1000000.00,4.428314,96.017578125
08:01:19,912810UD8,TSRYS5870973,D,S,D,2024-10-10,1000000.00,4.427244,96.03125
08:01:19,912810UD8,TSRYS5870973,D,S,C,2024-10-10,1000000.00,4.426938,96.03515625
08:01:19,912810UD8,TSRYS5870973,D,B,C,2024-10-10,1000000.00,4.426938,96.03515625
08:01:19,912810UD8,TSRYS5870973,D,B,C,2024-10-10,1000000.00,4.426633,96.0390625
08:01:19,912810UD8,TSRYS5870973,D,S,D,2024-10-10,1000000.00,4.426633,96.0390625
08:01:19,912810UD8,TSRYS5870973,D,S,D,2024-10-10,1000000.00,4.426938,96.03515625
08:01:19,912810UD8,TSRYS5870973,D,S,C,2024-10-10,1000000.00,4.426327,96.04296875
08:01:19,912810UD8,TSRYS5870973,D,S,T,2024-10-10,1000000.00,4.419921,96.12487
08:01:20,912810UD8,TSRYS5870973,D,S,T,2024-10-10,1000000.00,4.419921,96.12487
08:01:20,912810UD8,TSRYS5870973,D,S,T,2024-10-10,1000000.00,4.411368,96.234375
08:01:20,912810UD8,TSRYS5870973,D,S,D,2024-10-10,1000000.00,4.411368,96.234375
08:01:20,912810UD8,TSRYS5870973,D,S,D,2024-10-10,1000000.00,4.42755,96.02734375
08:01:20,912810UD8,TSRYS5870973,D,S,A,2024-10-10,902000.00,4.419606,96.12890625
08:01:20,912810UD8,TSRYS5870973,D,S,D,2024-10-10,1000000.00,4.429996,95.99609375
08:01:20,912810UD8,TSRYS5870973,D,B,C,2024-10-10,1000000.00,4.430608,95.98828125
08:01:20,912810UD8,TSRYS5870973,D,S,D,2024-10-10,1000000.00,4.430608,95.98828125
08:01:21,912810UD8,TSRYS5870973,D,S,T,2024-10-10,1000000.00,4.428926,96.009765625
08:01:21,912810UD8,TSRYS5870973,D,S,T,2024-10-10,1000000.00,4.428773,96.01171875
08:01:21,912810UD8,TSRYS5870973,D,S,T,2024-10-10,1000000.00,4.42862,96.013671875
08:01:21,912810UD8,TSRYS5870973,D,S,D,2024-10-10,1000000.00,4.428773,96.01171875
08:01:21,912810UD8,TSRYS5870973,D,S,D,2024-10-10,1000000.00,4.427856,96.0234375
08:01:21,912810UD8,TSRYS5870973,D,S,D,2024-10-10,1000000.00,4.428161,96.01953125
08:01:21,912810UD8,TSRYS5870973,D,B,C,2024-10-10,1000000.00,4.428161,96.01953125
08:01:21,912810UD8,TSRYS5870973,D,S,D,2024-10-10,1000000.00,4.42755,96.02734375
08:01:21,912810UD8,TSRYS5870973,D,S,D,2024-10-10,1000000.00,4.42755,96.02734375
08:01:21,912810UD8,TSRYS5870973,D,S,D,2024-10-10,1000000.00,4.42755,96.02734375
08:01:21,912810UD8,TSRYS5870973,D,S,D,2024-10-10,1000000.00,4.42755,96.02734375
08:01:21,912810UD8,TSRYS5870973,D,S,D,2024-10-10,1000000.00,4.42755,96.02734375
08:01:21,912810UD8,TSRYS5870973,D,S,D,2024-10-10,1000000.00,4.42755,96.02734375
08:01:21,912810UD8,TSRYS5870973,D,S,T,2024-10-10,1000000.00,4.411368,96.234375
08:01:21,912810UD8,TSRYS5870973,D,S,D,2024-10-10,1000000.00,4.411368,96.234375
08:01:21,912810UD8,TSRYS5870973,D,S,T,2024-10-10,1000000.00,4.411383,96.234175
08:01:21,912810UD8,TSRYS5870973,D,S,D,2024-10-10,1000000.00,4.428467,96.015625
08:01:21,912810UD8,TSRYS5870973,D,B,C,2024-10-10,1000000.00,4.426938,96.03515625
08:01:21,912810UD8,TSRYS5870973,D,S,D,2024-10-10,1000000.00,4.426938,96.03515625
08:01:21,912810UD8,TSRYS5870973,D,S,T,2024-10-10,1000000.00,4.42862,96.013671875
08:01:21,912810UD8,TSRYS5870973,D,S,C,2024-10-10,1400000.00,4.412679,96.2187
08:01:21,912810UD8,TSRYS5870973,D,B,A,2024-10-10,1400000.00,4.412679,96.2187
08:01:21,912810UD8,TSRYS5870973,D,S,D,2024-10-10,1000000.00,4.409539,96.2578125
08:01:21,912810UD8,TSRYS5870973,D,S,D,2024-10-10,1000000.00,4.409539,96.2578125
08:01:21,912810UD8,TSRYS5870973,D,S,D,2024-10-10,1000000.00,4.409386,96.259765625
08:01:21,912810UD8,TSRYS5870973,D,B,C,2024-10-10,1000000.00,4.429385,96.00390625
08:01:21,912810UD8,TSRYS5870973,D,S,D,2024-10-10,1000000.00,4.429385,96.00390625
08:01:22,912810UD8,TSRYS5870973,D,S,D,2024-10-10,1000000.00,4.43122,95.98046875
08:01:22,912810UD8,TSRYS5870973,D,S,D,2024-10-10,1000000.00,4.43122,95.98046875
08:01:22,912810UD8,TSRYS5870973,D,B,C,2024-10-10,1000000.00,4.428773,96.01171875
08:01:22,912810UD8,TSRYS5870973,D,S,D,2024-10-10,1000000.00,4.428773,96.01171875
08:01:22,912810UD8,TSRYS5870973,D,B,C,2024-10-10,1000000.00,4.429079,96.0078125
08:01:22,912810UD8,TSRYS5870973,D,S,D,2024-10-10,1000000.00,4.428773,96.01171875
08:01:22,912810UD8,TSRYS5870973,D,S,D,2024-10-10,1000000.00,4.429079,96.0078125
08:01:22,912810UD8,TSRYS5870973,D,S,D,2024-10-10,2000000.00,4.411368,96.234375
08:01:22,912810UD8,TSRYS5870973,D,S,D,2024-10-10,1000000.00,4.410148,96.25
08:01:22,912810UD8,TSRYS5870973,D,S,D,2024-10-10,1000000.00,4.428773,96.01171875
08:01:22,912810UD8,TSRYS5870973,D,S,T,2024-10-10,1000000.00,4.411383,96.234175
08:01:22,912810UD8,TSRYS5870973,D,S,D,2024-10-10,1000000.00,4.410148,96.25
08:01:22,912810UD8,TSRYS5870973,D,S,T,2024-10-10,1000000.00,4.411383,96.234175
08:01:22,912810UD8,TSRYS5870973,D,S,D,2024-10-10,1000000.00,4.410148,96.25
08:01:22,912810UD8,TSRYS5870973,D,S,D,2024-10-10,1000000.00,4.410148,96.25
08:01:22,912810UD8,TSRYS5870973,D,S,D,2024-10-10,1000000.00,4.410148,96.25
08:01:23,912810UD8,TSRYS5870973,D,S,D,2024-10-10,1000000.00,4.41091,96.24023437
08:01:23,912810UD8,TSRYS5870973,D,B,C,2024-10-10,1000000.00,4.409081,96.263671875
08:01:23,912810UD8,TSRYS5870973,D,S,D,2024-10-10,1000000.00,4.409081,96.263671875
08:01:23,912810UD8,TSRYS5870973,D,S,T,2024-10-10,1000000.00,4.411383,96.234175
08:01:23,912810UD8,TSRYS5870973,D,S,T,2024-10-10,1000000.00,4.411383,96.234175
08:01:23,912810UD8,TSRYS5870973,D,S,D,2024-10-10,1000000.00,4.429079,96.0078125
08:01:23,912810UD8,TSRYS5870973,D,S,T,2024-10-10,1000000.00,4.411383,96.234175
08:01:23,912810UD8,TSRYS5870973,D,S,T,2024-10-10,1000000.00,4.41091,96.24023437
08:01:23,912810UD8,TSRYS5870973,D,S,T,2024-10-10,1000000.00,4.411383,96.234175
08:01:23,912810UD8,TSRYS5870973,D,S,A,2024-10-10,1020000.00,4.423576,96.078125
08:01:24,912810UD8,TSRYS5870973,D,S,D,2024-10-10,1000000.00,4.41091,96.24023437
08:01:24,912810UD8,TSRYS5870973,D,S,D,2024-10-10,2000000.00,4.41091,96.24023437
08:01:24,912810UD8,TSRYS5870973,D,S,D,2024-10-10,1000000.00,4.410758,96.2421875
08:01:24,912810UD8,TSRYS5870973,D,S,D,2024-10-10,1000000.00,4.41091,96.24023437
08:01:24,912810UD8,TSRYS5870973,D,S,D,2024-10-10,1000000.00,4.428773,96.01171875
08:01:25,912810UD8,TSRYS5870973,D,S,D,2024-10-10,1000000.00,4.428773,96.01171875
08:01:25,912810UD8,TSRYS5870973,D,B,C,2024-10-10,350000.00,4.42697,96.03475625
08:01:26,912810UD8,TSRYS5870973,D,S,T,2024-10-10,1000000.00,4.421133,96.109375
08:01:26,912810UD8,TSRYS5870973,D,S,T,2024-10-10,1000000.00,4.421133,96.109375
08:01:26,912810UD8,TSRYS5870973,D,S,D,2024-10-10,1000000.00,4.415028,96.1875
08:01:26,912810UD8,TSRYS5870973,D,S,T,2024-10-10,1000000.00,4.419911,96.125
08:01:26,912810UD8,TSRYS5870973,D,S,D,2024-10-10,10000.00,,95.984775
08:01:27,912810UD8,TSRYS5870973,D,S,T,2024-10-10,1000000.00,4.420064,96.12304688
08:01:27,912810UD8,TSRYS5870973,D,S,D,2024-10-10,1000000.00,4.415028,96.1875
08:01:27,912810UD8,TSRYS5870973,D,S,C,2024-10-10,2000000.00,4.412533,96.21945
08:01:29,912810UD8,TSRYS5870973,D,S,D,2024-10-10,1000000.00,4.41274,96.21679687
08:01:29,912810UD8,TSRYS5870973,D,S,T,2024-10-10,1000000.00,4.413045,96.21289062
08:01:29,912810UD8,TSRYS5870973,D,S,D,2024-10-10,1000000.00,4.413045,96.21289062
08:01:29,912810UD8,TSRYS5870973,D,S,T,2024-10-10,1000000.00,4.41869,96.140625
08:01:30,912810UD8,TSRYS5870973,D,S,D,2024-10-10,1000000.00,4.411825,96.22851562
08:01:30,912810UD8,TSRYS5870973,D,S,T,2024-10-10,1000000.00,4.429701,95.99987
08:01:31,912810UD8,TSRYS5870973,D,S,D,2024-10-10,1000000.00,4.41213,96.22460937
08:01:31,912810UD8,TSRYS5870973,D,S,D,2024-10-10,1000000.00,4.41213,96.22460937
08:01:31,912810UD8,TSRYS5870973,D,S,D,2024-10-10,1000000.00,4.412587,96.21875
08:01:31,912810UD8,TSRYS5870973,D,B,C,2024-10-10,1000000.00,4.412587,96.21875
08:01:31,912810UD8,TSRYS5870973,D,S,D,2024-10-10,1000000.00,4.413655,96.205078125
08:01:31,912810UD8,TSRYS5870973,D,S,D,2024-10-10,1000000.00,4.413197,96.2109375
08:01:31,912810UD8,TSRYS5870973,D,S,D,2024-10-10,1000.00,,95.984775
08:01:32,912810UD8,TSRYS5870973,D,S,D,2024-10-10,1000000.00,4.413045,96.212890625
08:01:32,912810UD8,TSRYS5870973,D,S,A,2024-10-10,207900.00,4.41869,96.140625
08:01:32,912810UD8,TSRYS5870973,D,S,D,2024-10-10,1000000.00,4.411368,96.234375
08:01:32,912810UD8,TSRYS5870973,D,S,A,2024-10-10,22805800.00,4.429385,96.0039
08:01:32,912810UD8,TSRYS5870973,D,S,T,2024-10-10,1000000.00,4.426938,96.03515625
08:01:32,912810UD8,TSRYS5870973,D,S,D,2024-10-10,1000000.00,4.426938,96.03515625
08:01:32,912810UD8,TSRYS5870973,D,S,T,2024-10-10,1000000.00,4.427091,96.03320312
08:01:32,912810UD8,TSRYS5870973,D,S,T,2024-10-10,1000000.00,4.427244,96.03125
08:01:32,912810UD8,TSRYS5870973,D,S,D,2024-10-10,1000000.00,4.427244,96.03125
08:01:32,912810UD8,TSRYS5870973,D,S,D,2024-10-10,1000000.00,4.427244,96.03125
08:01:32,912810UD8,TSRYS5870973,D,S,T,2024-10-10,1000000.00,4.427256,96.031098
08:01:32,912810UD8,TSRYS5870973,D,S,T,2024-10-10,1000000.00,4.427244,96.03125
08:01:32,912810UD8,TSRYS5870973,D,S,T,2024-10-10,1000000.00,4.427256,96.031098
08:01:32,912810UD8,TSRYS5870973,D,S,T,2024-10-10,1000000.00,4.427256,96.031098
08:01:32,912810UD8,TSRYS5870973,D,S,T,2024-10-10,1000000.00,4.427244,96.03125
08:01:32,912810UD8,TSRYS5870973,D,S,D,2024-10-10,1000000.00,4.427244,96.03125
08:01:32,912810UD8,TSRYS5870973,D,S,D,2024-10-10,1000000.00,4.427244,96.03125
08:01:32,912810UD8,TSRYS5870973,D,S,T,2024-10-10,1000000.00,4.427244,96.03125
08:01:32,912810UD8,TSRYS5870973,D,S,D,2024-10-10,2000000.00,4.427244,96.03125
08:01:32,912810UD8,TSRYS5870973,D,S,D,2024-10-10,1000000.00,4.427244,96.03125
08:01:32,912810UD8,TSRYS5870973,D,S,D,2024-10-10,4000000.00,4.41457,96.193359375
08:01:32,912810UD8,TSRYS5870973,D,S,D,2024-10-10,1000000.00,4.427244,96.03125
08:01:32,912810UD8,TSRYS5870973,D,S,D,2024-10-10,1000000.00,4.427244,96.03125
08:01:32,912810UD8,TSRYS5870973,D,S,D,2024-10-10,1000000.00,4.427244,96.03125
08:01:32,912810UD8,TSRYS5870973,D,S,D,2024-10-10,1000000.00,4.427244,96.03125
08:01:32,912810UD8,TSRYS5870973,D,S,D,2024-10-10,1000000.00,4.427244,96.03125
08:01:32,912810UD8,TSRYS5870973,D,S,T,2024-10-10,1000000.00,4.427256,96.031098
08:01:32,912810UD8,TSRYS5870973,D,S,T,2024-10-10,1000000.00,4.427256,96.031098
08:01:32,912810UD8,TSRYS5870973,D,S,T,2024-10-10,1000000.00,4.427256,96.031098
08:01:32,912810UD8,TSRYS5870973,D,S,T,2024-10-10,1000000.00,4.427256,96.031098
08:01:32,912810UD8,TSRYS5870973,D,S,T,2024-10-10,2000000.00,4.427256,96.031098
08:01:32,912810UD8,TSRYS5870973,D,S,T,2024-10-10,2000000.00,4.427256,96.031098
08:01:32,912810UD8,TSRYS5870973,D,S,D,2024-10-10,1000000.00,4.414722,96.19140625
08:01:32,912810UD8,TSRYS5870973,D,S,T,2024-10-10,1000000.00,4.427256,96.031098
08:01:32,912810UD8,TSRYS5870973,D,S,D,2024-10-10,1000000.00,4.414265,96.197265625
08:01:33,912810UD8,TSRYS5870973,D,B,C,2024-10-10,1000000.00,4.412587,96.21875
08:01:33,912810UD8,TSRYS5870973,D,S,D,2024-10-10,1000000.00,4.412587,96.21875
08:01:33,912810UD8,TSRYS5870973,D,B,C,2024-10-10,1000000.00,4.412587,96.218575
08:01:33,912810UD8,TSRYS5870973,D,S,D,2024-10-10,1000000.00,4.412587,96.21875
08:01:33,912810UD8,TSRYS5870973,D,S,D,2024-10-10,1000000.00,4.411368,96.234375
08:01:33,912810UD8,TSRYS5870973,D,S,T,2024-10-10,1000000.00,4.411383,96.234175
08:01:33,912810UD8,TSRYS5870973,D,S,T,2024-10-10,10000.00,4.42969,96.0
08:01:33,912810UD8,TSRYS5870973,D,S,T,2024-10-10,1000000.00,4.411383,96.234175
08:01:33,912810UD8,TSRYS5870973,D,S,T,2024-10-10,1000000.00,4.411383,96.234175
08:01:33,912810UD8,TSRYS5870973,D,S,T,2024-10-10,1000000.00,4.411383,96.234175
08:01:33,912810UD8,TSRYS5870973,D,S,T,2024-10-10,25000.00,4.42969,96.0
08:01:33,912810UD8,TSRYS5870973,D,S,D,2024-10-10,15000000.00,4.410189,96.24948
08:01:33,912810UD8,TSRYS5870973,D,S,T,2024-10-10,1000000.00,4.428477,96.015495
08:01:33,912810UD8,TSRYS5870973,D,S,T,2024-10-10,1000000.00,4.428477,96.015495
08:01:33,912810UD8,TSRYS5870973,D,S,T,2024-10-10,1000000.00,4.428477,96.015495
08:01:33,912810UD8,TSRYS5870973,D,S,D,2024-10-10,1000000.00,4.412587,96.21875
08:01:34,912810UD8,TSRYS5870973,D,S,D,2024-10-10,1000000.00,4.413045,96.212890625
08:01:34,912810UD8,TSRYS5870973,D,S,D,2024-10-10,1000000.00,4.412587,96.21875
08:01:34,912810UD8,TSRYS5870973,D,S,D,2024-10-10,1000000.00,4.411368,96.234375
08:01:34,912810UD8,TSRYS5870973,D,S,D,2024-10-10,1000000.00,4.411368,96.234375
08:01:34,912810UD8,TSRYS5870973,D,S,D,2024-10-10,1000000.00,4.411368,96.234375
08:01:34,912810UD8,TSRYS5870973,D,S,D,2024-10-10,1000000.00,4.41091,96.240234375
08:01:34,912810UD8,TSRYS5870973,D,B,C,2024-10-10,21000000.00,4.427271,96.0309
08:01:34,912810UD8,TSRYS5870973,D,B,C,2024-10-10,1000000.00,4.410148,96.249825
08:01:34,912810UD8,TSRYS5870973,D,S,C,2024-10-10,1000000.00,4.410148,96.25
08:01:35,912810UD8,TSRYS5870973,D,S,T,2024-10-10,1000000.00,4.41869,96.140625
08:01:35,912810UD8,TSRYS5870973,D,S,T,2024-10-10,1000000.00,4.41869,96.140625
08:01:35,912810UD8,TSRYS5870973,D,S,C,2024-10-10,1000000.00,4.416193,96.17258
08:01:35,912810UD8,TSRYS5870973,D,S,T,2024-10-10,1000000.00,4.41869,96.140625
08:01:36,912810UD8,TSRYS5870973,D,S,T,2024-10-10,1000000.00,4.428467,96.015625
08:01:36,912810UD8,TSRYS5870973,D,S,T,2024-10-10,1000000.00,4.430914,95.984375
08:01:36,912810UD8,TSRYS5870973,D,S,T,2024-10-10,1000000.00,4.430926,95.984223
08:01:36,912810UD8,TSRYS5870973,D,S,T,2024-10-10,1000000.00,4.428479,96.015473
08:01:36,912810UD8,TSRYS5870973,D,S,D,2024-10-10,200000.00,4.420553,96.1167875
08:01:36,912810UD8,TSRYS5870973,D,B,C,2024-10-10,200000.00,4.420553,96.1142875
08:01:36,912810UD8,TSRYS5870973,D,S,C,2024-10-10,1000.00,4.422354,96.59375
08:01:38,912810UD8,TSRYS5870973,D,S,D,2024-10-10,1000000.00,4.413045,96.212890625
08:01:38,912810UD8,TSRYS5870973,D,S,D,2024-10-10,1000000.00,4.414417,96.1953125
08:01:38,912810UD8,TSRYS5870973,D,S,D,2024-10-10,1000000.00,4.415028,96.1875
08:01:38,912810UD8,TSRYS5870973,D,S,D,2024-10-10,1000000.00,4.41579,96.177734375
08:01:38,912810UD8,TSRYS5870973,D,S,D,2024-10-10,1000000.00,4.41579,96.177734375
08:01:38,912810UD8,TSRYS5870973,D,S,C,2024-10-10,1000000.00,4.416248,96.171875
08:01:38,912810UD8,TSRYS5870973,D,S,D,2024-10-10,1000000.00,4.419911,96.125
08:01:38,912810UD8,TSRYS5870973,D,S,D,2024-10-10,1000000.00,4.419911,96.125
08:01:38,912810UD8,TSRYS5870973,D,S,D,2024-10-10,2000000.00,4.419911,96.125
08:01:38,912810UD8,TSRYS5870973,D,S,D,2024-10-10,1000000.00,4.4193,96.1328125
08:01:38,912810UD8,TSRYS5870973,D,S,D,2024-10-10,1000000.00,4.4193,96.1328125
08:01:38,912810UD8,TSRYS5870973,D,S,T,2024-10-10,1000000.00,4.422965,96.0859375
08:01:38,912810UD8,TSRYS5870973,D,S,D,2024-10-10,1000000.00,4.419148,96.134765625
08:01:39,912810UD8,TSRYS5870973,D,S,D,2024-10-10,1000000.00,4.418079,96.1484375
08:01:39,912810UD8,TSRYS5870973,D,S,D,2024-10-10,1000000.00,4.416706,96.166015625
08:01:40,912810UD8,TSRYS5870973,D,S,D,2024-10-10,750000.00,4.430302,95.9921875
08:01:41,912810UD8,TSRYS5870973,D,B,C,2024-10-10,1000000.00,4.41869,96.14045
08:01:41,912810UD8,TSRYS5870973,D,S,C,2024-10-10,1000000.00,4.41869,96.140625
08:01:42,912810UD8,TSRYS5870973,D,S,D,2024-10-10,1000000.00,4.413807,96.203125
08:01:44,912810UD8,TSRYS5870973,D,S,C,2024-10-10,20000000.00,4.419244,96.13353
08:01:45,912810UD8,TSRYS5870973,D,S,D,2024-10-10,1000000.00,4.421133,96.109375
08:01:45,912810UD8,TSRYS5870973,D,S,D,2024-10-10,1000000.00,4.421133,96.109375
08:01:45,912810UD8,TSRYS5870973,D,S,D,2024-10-10,1000000.00,4.421133,96.109375
08:01:45,912810UD8,TSRYS5870973,D,S,D,2024-10-10,1000000.00,4.421133,96.109375
08:01:45,912810UD8,TSRYS5870973,D,S,D,2024-10-10,1000000.00,4.421133,96.109375
08:01:46,912810UD8,TSRYS5870973,D,S,T,2024-10-10,1000000.00,4.428479,96.015473
08:01:46,912810UD8,TSRYS5870973,D,S,T,2024-10-10,1000000.00,4.428467,96.015625
08:01:46,912810UD8,TSRYS5870973,D,S,T,2024-10-10,1000000.00,4.428479,96.015473
08:01:48,912810UD8,TSRYS5870973,D,S,D,2024-10-10,1000000.00,4.419911,96.125
08:01:48,912810UD8,TSRYS5870973,D,B,C,2024-10-10,1000000.00,4.419911,96.125
08:01:48,912810UD8,TSRYS5870973,D,S,D,2024-10-10,1000000.00,4.419911,96.125
08:01:48,912810UD8,TSRYS5870973,D,B,C,2024-10-10,1000000.00,4.419911,96.125
08:01:49,912810UD8,TSRYS5870973,D,S,A,2024-10-10,160000.00,4.416248,96.171875
08:01:50,912810UD8,TSRYS5870973,D,S,C,2024-10-10,2000000.00,4.422507,96.09179687
08:01:50,912810UD8,TSRYS5870973,D,S,D,2024-10-10,1000000.00,4.421438,96.10546875
08:01:50,912810UD8,TSRYS5870973,D,S,D,2024-10-10,1000000.00,4.421133,96.109375
08:01:50,912810UD8,TSRYS5870973,D,S,D,2024-10-10,1000000.00,4.421133,96.109375
08:01:50,912810UD8,TSRYS5870973,D,S,D,2024-10-10,1000000.00,4.419911,96.125
08:01:51,912810UD8,TSRYS5870973,D,S,A,2024-10-10,1173000.00,4.422354,96.09375
08:01:51,912810UD8,TSRYS5870973,D,S,D,2024-10-10,1000000.00,4.419911,96.125
08:01:51,912810UD8,TSRYS5870973,D,S,D,2024-10-10,1000000.00,4.419911,96.125
08:01:52,912810UD8,TSRYS5870973,D,S,D,2024-10-10,1000000.00,4.425716,96.05078125
08:01:52,912810UD8,TSRYS5870973,D,S,T,2024-10-10,1000000.00,4.426037,96.046675
08:01:52,912810UD8,TSRYS5870973,D,S,D,2024-10-10,1000000.00,4.426327,96.04296875
08:01:52,912810UD8,TSRYS5870973,D,B,C,2024-10-10,13000000.00,4.423012,96.08534
08:01:52,912810UD8,TSRYS5870973,D,S,C,2024-10-10,1000000.00,4.426327,96.04296875
08:01:52,912810UD8,TSRYS5870973,D,S,D,2024-10-10,10000.00,4.42969,96.0
08:01:52,912810UD8,TSRYS5870973,D,S,D,2024-10-10,1000000.00,4.426327,96.04296875
08:01:53,912810UD8,TSRYS5870973,D,S,D,2024-10-10,1000000.00,4.426938,96.03515625
08:01:53,912810UD8,TSRYS5870973,D,S,D,2024-10-10,1000000.00,4.427091,96.033203125
08:01:53,912810UD8,TSRYS5870973,D,S,D,2024-10-10,1000000.00,4.427244,96.03125
08:01:53,912810UD8,TSRYS5870973,D,S,D,2024-10-10,1000000.00,4.427244,96.03125
08:01:53,912810UD8,TSRYS5870973,D,S,D,2024-10-10,1000000.00,4.427244,96.03125
08:01:53,912810UD8,TSRYS5870973,D,S,D,2024-10-10,1000000.00,4.427244,96.03125
08:01:53,912810UD8,TSRYS5870973,D,S,A,2024-10-10,50MM+,4.42969,96.0
08:01:53,912810UD8,TSRYS5870973,D,S,T,2024-10-10,2000000.00,4.4187,96.140495
08:01:55,912810UD8,TSRYS5870973,D,S,C,2024-10-10,10000000.00,4.428467,96.015625
08:01:55,912810UD8,TSRYS5870973,D,S,D,2024-10-10,1000000.00,4.427091,96.033203125
08:01:55,912810UD8,TSRYS5870973,D,S,D,2024-10-10,1000000.00,4.426021,96.046875
08:01:55,912810UD8,TSRYS5870973,D,B,C,2024-10-10,1000000.00,4.426021,96.046875
08:01:56,912810UD8,TSRYS5870973,D,S,D,2024-10-10,1000000.00,4.424799,96.0625
08:01:56,912810UD8,TSRYS5870973,D,S,D,2024-10-10,1000000.00,4.425104,96.05859375
08:01:56,912810UD8,TSRYS5870973,D,S,D,2024-10-10,2000000.00,4.426174,96.044921875
08:01:56,912810UD8,TSRYS5870973,D,B,C,2024-10-10,2000000.00,4.426174,96.044921875
08:01:56,912810UD8,TSRYS5870973,D,S,D,2024-10-10,1000000.00,4.426021,96.046875
08:01:56,912810UD8,TSRYS5870973,D,S,C,2024-10-10,50000.00,4.431495,95.9869625
08:01:56,912810UD8,TSRYS5870973,D,S,D,2024-10-10,992000.00,4.426938,96.03515625
08:01:56,912810UD8,TSRYS5870973,D,S,A,2024-10-10,50MM+,4.42969,96.0
08:01:56,912810UD8,TSRYS5870973,D,S,T,2024-10-10,1000000.00,4.423584,96.078023
08:01:57,912810UD8,TSRYS5870973,D,S,T,2024-10-10,1000000.00,4.426938,96.03515625
08:01:57,912810UD8,TSRYS5870973,D,S,T,2024-10-10,1000000.00,4.427091,96.033203125
08:01:57,912810UD8,TSRYS5870973,D,S,T,2024-10-10,1000000.00,4.427091,96.033203125
08:01:57,912810UD8,TSRYS5870973,D,S,D,2024-10-10,8000000.00,4.421943,96.09901
08:01:57,912810UD8,TSRYS5870973,D,S,T,2024-10-10,1000000.00,4.426938,96.03515625
08:01:57,912810UD8,TSRYS5870973,D,S,T,2024-10-10,1000000.00,4.42756,96.02721875
08:01:57,912810UD8,TSRYS5870973,D,S,T,2024-10-10,1000000.00,4.427407,96.029171875
08:01:57,912810UD8,TSRYS5870973,D,S,T,2024-10-10,1000000.00,4.427262,96.031023
08:01:58,912810UD8,TSRYS5870973,D,S,T,2024-10-10,1000000.00,4.42756,96.02721875
08:01:58,912810UD8,TSRYS5870973,D,S,T,2024-10-10,1000000.00,4.428467,96.015625
08:01:58,912810UD8,TSRYS5870973,D,S,T,2024-10-10,1000000.00,4.428467,96.015625
08:01:58,912810UD8,TSRYS5870973,D,S,D,2024-10-10,1000000.00,4.424799,96.0625
08:01:59,912810UD8,TSRYS5870973,D,S,C,2024-10-10,18000000.00,4.429503,96.00239
08:01:59,912810UD8,TSRYS5870973,D,B,C,2024-10-10,1000000.00,4.412587,96.21875
08:01:59,912810UD8,TSRYS5870973,D,S,C,2024-10-10,1000000.00,4.412587,96.21875
08:01:59,912810UD8,TSRYS5870973,D,B,C,2024-10-10,1000000.00,4.412603,96.21855
08:01:59,912810UD8,TSRYS5870973,D,S,C,2024-10-10,1000000.00,4.412587,96.21875
08:01:59,912810UD8,TSRYS5870973,D,S,C,2024-10-10,1000000.00,4.412587,96.21875
08:01:59,912810UD8,TSRYS5870973,D,B,C,2024-10-10,1000000.00,4.412603,96.21855
08:02:00,912810UD8,TSRYS5870973,D,S,C,2024-10-10,1000000.00,4.411368,96.234375
08:02:00,912810UD8,TSRYS5870973,D,S,C,2024-10-10,1000000.00,4.411368,96.234375
08:02:00,912810UD8,TSRYS5870973,D,B,C,2024-10-10,1000000.00,4.411381,96.2342
08:02:00,912810UD8,TSRYS5870973,D,S,D,2024-10-10,1000000.00,4.421591,96.103515625
08:02:00,912810UD8,TSRYS5870973,D,S,D,2024-10-10,1000000.00,4.421591,96.103515625
08:02:00,912810UD8,TSRYS5870973,D,S,D,2024-10-10,1000000.00,4.421591,96.103515625
08:02:01,912810UD8,TSRYS5870973,D,S,T,2024-10-10,1000000.00,4.413807,96.203125
08:02:01,912810UD8,TSRYS5870973,D,S,D,2024-10-10,1000000.00,4.413807,96.203125
08:02:01,912810UD8,TSRYS5870973,D,S,T,2024-10-10,1000000.00,4.414112,96.19921875
08:02:01,912810UD8,TSRYS5870973,D,S,T,2024-10-10,1000000.00,4.411977,96.2265625
08:02:01,912810UD8,TSRYS5870973,D,S,T,2024-10-10,1000000.00,4.411977,96.2265625
08:02:01,912810UD8,TSRYS5870973,D,S,T,2024-10-10,1000000.00,4.411368,96.234375
08:02:01,912810UD8,TSRYS5870973,D,S,T,2024-10-10,1000000.00,4.412587,96.21875
08:02:01,912810UD8,TSRYS5870973,D,S,T,2024-10-10,1000000.00,4.424799,96.0625
08:02:01,912810UD8,TSRYS5870973,D,S,D,2024-10-10,1000000.00,4.422202,96.095703125
08:02:01,912810UD8,TSRYS5870973,D,S,T,2024-10-10,1000000.00,4.422354,96.09375
08:02:01,912810UD8,TSRYS5870973,D,S,T,2024-10-10,1000000.00,4.419911,96.125
08:02:01,912810UD8,TSRYS5870973,D,S,T,2024-10-10,1000000.00,4.430302,95.9921875
08:02:01,912810UD8,TSRYS5870973,D,S,T,2024-10-10,1000000.00,4.430302,95.9921875
08:02:01,912810UD8,TSRYS5870973,D,S,T,2024-10-10,1000000.00,4.430455,95.990234375
08:02:01,912810UD8,TSRYS5870973,D,S,T,2024-10-10,1000000.00,4.430455,95.990234375
08:02:01,912810UD8,TSRYS5870973,D,S,T,2024-10-10,1000000.00,4.426021,96.046875
08:02:01,912810UD8,TSRYS5870973,D,S,T,2024-10-10,1000000.00,4.429843,95.998046875
08:02:01,912810UD8,TSRYS5870973,D,S,D,2024-10-10,1000000.00,4.427856,96.0234375
08:02:01,912810UD8,TSRYS5870973,D,S,D,2024-10-10,1000000.00,4.42755,96.02734375
08:02:01,912810UD8,TSRYS5870973,D,S,D,2024-10-10,1000000.00,4.419911,96.125
08:02:01,912810UD8,TSRYS5870973,D,B,C,2024-10-10,1000000.00,4.419911,96.125
08:02:01,912810UD8,TSRYS5870973,D,B,C,2024-10-10,1000000.00,4.419758,96.126953125
08:02:01,912810UD8,TSRYS5870973,D,S,D,2024-10-10,1000000.00,4.419758,96.126953125
08:02:01,912810UD8,TSRYS5870973,D,S,T,2024-10-10,1000000.00,4.428926,96.009765625
08:02:01,912810UD8,TSRYS5870973,D,S,D,2024-10-10,1000000.00,4.428773,96.01171875
08:02:01,912810UD8,TSRYS5870973,D,S,D,2024-10-10,1000000.00,4.419758,96.126953125
08:02:01,912810UD8,TSRYS5870973,D,S,D,2024-10-10,1000000.00,4.419911,96.125
08:02:01,912810UD8,TSRYS5870973,D,S,T,2024-10-10,1000000.00,4.411368,96.234375
08:02:01,912810UD8,TSRYS5870973,D,S,T,2024-10-10,1000000.00,4.411368,96.234375
08:02:01,912810UD8,TSRYS5870973,D,S,T,2024-10-10,1000000.00,4.411368,96.234375
08:02:02,912810UD8,TSRYS5870973,D,S,T,2024-10-10,1000000.00,4.412587,96.21875
08:02:02,912810UD8,TSRYS5870973,D,S,T,2024-10-10,1000000.00,4.413807,96.203125
08:02:02,912810UD8,TSRYS5870973,D,S,T,2024-10-10,1000000.00,4.413807,96.203125
08:02:02,912810UD8,TSRYS5870973,D,S,T,2024-10-10,1000000.00,4.411368,96.234375
08:02:02,912810UD8,TSRYS5870973,D,S,T,2024-10-10,1000000.00,4.415028,96.1875
08:02:02,912810UD8,TSRYS5870973,D,S,T,2024-10-10,1000000.00,4.412587,96.21875
08:02:02,912810UD8,TSRYS5870973,D,S,T,2024-10-10,1000000.00,4.413807,96.203125
08:02:02,912810UD8,TSRYS5870973,D,S,T,2024-10-10,1000000.00,4.416248,96.171875
08:02:02,912810UD8,TSRYS5870973,D,S,T,2024-10-10,1000000.00,4.416248,96.171875
08:02:02,912810UD8,TSRYS5870973,D,S,T,2024-10-10,1000000.00,4.421133,96.109375
08:02:02,912810UD8,TSRYS5870973,D,S,T,2024-10-10,1000000.00,4.421133,96.109375
08:02:02,912810UD8,TSRYS5870973,D,S,T,2024-10-10,1000000.00,4.419911,96.125
08:02:02,912810UD8,TSRYS5870973,D,S,T,2024-10-10,1000000.00,4.41869,96.140625
08:02:02,912810UD8,TSRYS5870973,D,S,D,2024-10-10,8000000.00,4.422185,96.09592
08:02:02,912810UD8,TSRYS5870973,D,S,T,2024-10-10,1000000.00,4.421133,96.109375
08:02:02,912810UD8,TSRYS5870973,D,S,T,2024-10-10,1000000.00,4.426021,96.046875
08:02:02,912810UD8,TSRYS5870973,D,S,T,2024-10-10,1000000.00,4.428467,96.015625
08:02:02,912810UD8,TSRYS5870973,D,S,T,2024-10-10,1000000.00,4.428467,96.015625
08:02:02,912810UD8,TSRYS5870973,D,S,T,2024-10-10,1000000.00,4.426021,96.046875
08:02:02,912810UD8,TSRYS5870973,D,S,T,2024-10-10,1000000.00,4.426021,96.046875
08:02:02,912810UD8,TSRYS5870973,D,S,T,2024-10-10,1000000.00,4.427244,96.03125
08:02:02,912810UD8,TSRYS5870973,D,S,T,2024-10-10,1000000.00,4.427244,96.03125
08:02:02,912810UD8,TSRYS5870973,D,S,T,2024-10-10,1000000.00,4.427244,96.03125
08:02:02,912810UD8,TSRYS5870973,D,S,T,2024-10-10,1000000.00,4.427244,96.03125
08:02:02,912810UD8,TSRYS5870973,D,S,T,2024-10-10,1000000.00,4.426021,96.046875
08:02:02,912810UD8,TSRYS5870973,D,S,T,2024-10-10,1000000.00,4.423576,96.078125
08:02:03,912810UD8,TSRYS5870973,D,S,T,2024-10-10,1000000.00,4.419911,96.125
08:02:03,912810UD8,TSRYS5870973,D,S,T,2024-10-10,1000000.00,4.419911,96.125
08:02:03,912810UD8,TSRYS5870973,D,S,T,2024-10-10,1000000.00,4.421133,96.109375
08:02:03,912810UD8,TSRYS5870973,D,S,A,2024-10-10,6330000.00,4.421133,96.109375
08:02:03,912810UD8,TSRYS5870973,D,S,T,2024-10-10,1000000.00,4.419911,96.125
08:02:03,912810UD8,TSRYS5870973,D,S,T,2024-10-10,1000000.00,4.421133,96.109375
08:02:03,912810UD8,TSRYS5870973,D,S,T,2024-10-10,1000000.00,4.41869,96.140625
08:02:03,912810UD8,TSRYS5870973,D,S,T,2024-10-10,1000000.00,4.417469,96.15625
08:02:03,912810UD8,TSRYS5870973,D,S,D,2024-10-10,1000000.00,4.422202,96.095703125
08:02:03,912810UD8,TSRYS5870973,D,S,D,2024-10-10,1000000.00,4.422202,96.095703125
08:02:03,912810UD8,TSRYS5870973,D,S,T,2024-10-10,1000000.00,4.424799,96.0625
08:02:03,912810UD8,TSRYS5870973,D,S,T,2024-10-10,1000000.00,4.424799,96.0625
08:02:03,912810UD8,TSRYS5870973,D,S,D,2024-10-10,150000.00,4.429079,96.007812
08:02:03,912810UD8,TSRYS5870973,D,S,T,2024-10-10,1000000.00,4.428467,96.015625
08:02:03,912810UD8,TSRYS5870973,D,S,T,2024-10-10,1000000.00,4.428467,96.015625
08:02:03,912810UD8,TSRYS5870973,D,S,T,2024-10-10,1000000.00,4.430914,95.984375
08:02:03,912810UD8,TSRYS5870973,D,B,C,2024-10-10,1000000.00,4.421133,96.1092
08:02:03,912810UD8,TSRYS5870973,D,S,C,2024-10-10,1000000.00,4.421133,96.109375
08:02:03,912810UD8,TSRYS5870973,D,S,D,2024-10-10,1000000.00,4.421743,96.1015625
08:02:03,912810UD8,TSRYS5870973,D,B,C,2024-10-10,1000000.00,4.421743,96.1015625
08:02:03,912810UD8,TSRYS5870973,D,S,T,2024-10-10,1000000.00,4.426021,96.046875
08:02:03,912810UD8,TSRYS5870973,D,S,T,2024-10-10,1000000.00,4.426021,96.046875
08:02:03,912810UD8,TSRYS5870973,D,S,T,2024-10-10,1000000.00,4.426021,96.046875
08:02:03,912810UD8,TSRYS5870973,D,S,T,2024-10-10,1000000.00,4.426021,96.046875
08:02:03,912810UD8,TSRYS5870973,D,S,T,2024-10-10,2000000.00,4.426021,96.046875
08:02:03,912810UD8,TSRYS5870973,D,S,T,2024-10-10,1000000.00,4.428467,96.015625
08:02:03,912810UD8,TSRYS5870973,D,B,C,2024-10-10,1000000.00,4.408943,96.26545
08:02:03,912810UD8,TSRYS5870973,D,S,D,2024-10-10,1000000.00,4.408929,96.265625
08:02:03,912810UD8,TSRYS5870973,D,S,T,2024-10-10,1000000.00,4.427244,96.03125
08:02:03,912810UD8,TSRYS5870973,D,S,T,2024-10-10,1000000.00,4.430914,95.984375
08:02:03,912810UD8,TSRYS5870973,D,S,D,2024-10-10,1000000.00,4.408929,96.265625
08:02:04,912810UD8,TSRYS5870973,D,S,T,2024-10-10,1000000.00,4.428467,96.015625
08:02:04,912810UD8,TSRYS5870973,D,S,T,2024-10-10,1000000.00,4.428467,96.015625
08:02:04,912810UD8,TSRYS5870973,D,B,C,2024-10-10,1000000.00,4.418232,96.146484375
08:02:04,912810UD8,TSRYS5870973,D,S,D,2024-10-10,1000000.00,4.418232,96.146484375
08:02:05,912810UD8,TSRYS5870973,D,S,D,2024-10-10,1000000.00,4.417316,96.158203125
08:02:05,912810UD8,TSRYS5870973,D,B,C,2024-10-10,1000000.00,4.417316,96.158203125
08:02:05,912810UD8,TSRYS5870973,D,S,D,2024-10-10,10000000.00,4.427559,96.02723
08:02:05,912810UD8,TSRYS5870973,D,S,A,2024-10-10,7200000.00,4.426021,96.046875
08:02:05,912810UD8,TSRYS5870973,D,S,D,2024-10-10,1000000.00,4.419911,96.125
08:02:05,912810UD8,TSRYS5870973,D,S,D,2024-10-10,1000000.00,4.419911,96.125
08:02:06,912810UD8,TSRYS5870973,D,S,D,2024-10-10,1000000.00,4.419148,96.134765625
08:02:06,912810UD8,TSRYS5870973,D,S,D,2024-10-10,1000000.00,4.4193,96.1328125
08:02:06,912810UD8,TSRYS5870973,D,S,D,2024-10-10,1000000.00,4.4193,96.1328125
08:02:06,912810UD8,TSRYS5870973,D,S,T,2024-10-10,1000000.00,4.418705,96.140425
08:02:07,912810UD8,TSRYS5870973,D,S,C,2024-10-10,1000000.00,4.424799,96.0625
08:02:07,912810UD8,TSRYS5870973,D,S,C,2024-10-10,2000000.00,4.419911,96.125
08:02:07,912810UD8,TSRYS5870973,D,S,D,2024-10-10,1000000.00,4.424799,96.0625
08:02:07,912810UD8,TSRYS5870973,D,S,D,2024-10-10,1000000.00,4.424799,96.0625
08:02:07,912810UD8,TSRYS5870973,D,S,C,2024-10-10,1000000.00,4.424799,96.0625
08:02:07,912810UD8,TSRYS5870973,D,S,D,2024-10-10,1000000.00,4.425104,96.05889375
08:02:07,912810UD8,TSRYS5870973,D,S,A,2024-10-10,1000000.00,4.411368,96.234375
08:02:07,912810UD8,TSRYS5870973,D,S,D,2024-10-10,1000000.00,4.413807,96.203125
08:02:08,912810UD8,TSRYS5870973,D,S,C,2024-10-10,14000000.00,4.413474,96.20739
08:02:08,912810UD8,TSRYS5870973,D,B,C,2024-10-10,1000000.00,4.426786,96.037109375
08:02:08,912810UD8,TSRYS5870973,D,S,C,2024-10-10,1000000.00,4.426786,96.037109375
08:02:08,912810UD8,TSRYS5870973,D,S,T,2024-10-10,1000000.00,4.419927,96.1248
08:02:08,912810UD8,TSRYS5870973,D,S,T,2024-10-10,1000000.00,4.419148,96.13476562
08:02:08,912810UD8,TSRYS5870973,D,S,D,2024-10-10,1000000.00,4.419148,96.13476562
08:02:08,912810UD8,TSRYS5870973,D,S,D,2024-10-10,1000000.00,4.419148,96.13476562
08:02:08,912810UD8,TSRYS5870973,D,S,T,2024-10-10,1000000.00,4.4193,96.1328125
08:02:08,912810UD8,TSRYS5870973,D,S,D,2024-10-10,1000000.00,4.4193,96.1328125
08:02:08,912810UD8,TSRYS5870973,D,S,T,2024-10-10,1000000.00,4.4193,96.1328125
08:02:08,912810UD8,TSRYS5870973,D,S,D,2024-10-10,1000000.00,4.4193,96.1328125
08:02:08,912810UD8,TSRYS5870973,D,S,D,2024-10-10,1000000.00,4.419911,96.125
08:02:08,912810UD8,TSRYS5870973,D,S,A,2024-10-10,1000000.00,4.412587,96.21875
08:02:08,912810UD8,TSRYS5870973,D,S,D,2024-10-10,1000000.00,4.419911,96.125
08:02:08,912810UD8,TSRYS5870973,D,S,T,2024-10-10,1000000.00,4.419927,96.1248
08:02:08,912810UD8,TSRYS5870973,D,S,D,2024-10-10,1000000.00,4.419453,96.13085937
08:02:08,912810UD8,TSRYS5870973,D,S,D,2024-10-10,1000000.00,4.419911,96.125
08:02:08,912810UD8,TSRYS5870973,D,S,D,2024-10-10,1000000.00,4.4193,96.1328125
08:02:08,912810UD8,TSRYS5870973,D,S,A,2024-10-10,1000000.00,4.412587,96.21875
08:02:08,912810UD8,TSRYS5870973,D,S,T,2024-10-10,1000000.00,4.419927,96.1248
08:02:08,912810UD8,TSRYS5870973,D,S,D,2024-10-10,1000000.00,4.420522,96.1171875
08:02:08,912810UD8,TSRYS5870973,D,S,A,2024-10-10,1000000.00,4.412587,96.21875
08:02:09,912810UD8,TSRYS5870973,D,S,D,2024-10-10,1000000.00,4.42541,96.0546875
08:02:09,912810UD8,TSRYS5870973,D,S,C,2024-10-10,1000000.00,4.42541,96.0546875
08:02:09,912810UD8,TSRYS5870973,D,S,T,2024-10-10,1000000.00,4.424799,96.0625
08:02:09,912810UD8,TSRYS5870973,D,S,D,2024-10-10,1000000.00,4.424799,96.0625
08:02:09,912810UD8,TSRYS5870973,D,S,T,2024-10-10,1000000.00,4.428467,96.015625
08:02:09,912810UD8,TSRYS5870973,D,S,D,2024-10-10,1000000.00,4.42969,96.0
08:02:09,912810UD8,TSRYS5870973,D,B,C,2024-10-10,1000000.00,4.42969,96.0
08:02:09,912810UD8,TSRYS5870973,D,S,T,2024-10-10,1000000.00,4.425104,96.05859375
08:02:09,912810UD8,TSRYS5870973,D,S,C,2024-10-10,1000000.00,4.425563,96.05273437
08:02:09,912810UD8,TSRYS5870973,D,B,C,2024-10-10,1000000.00,4.426021,96.046875
08:02:09,912810UD8,TSRYS5870973,D,S,D,2024-10-10,1000000.00,4.42969,96.0
08:02:09,912810UD8,TSRYS5870973,D,B,C,2024-10-10,1000000.00,4.42969,96.0
08:02:09,912810UD8,TSRYS5870973,D,B,C,2024-10-10,25000000.00,4.420919,96.11211
08:02:09,912810UD8,TSRYS5870973,D,S,D,2024-10-10,1000000.00,4.429843,95.998046875
08:02:09,912810UD8,TSRYS5870973,D,B,C,2024-10-10,1000000.00,4.429843,95.998046875
08:02:09,912810UD8,TSRYS5870973,D,S,D,2024-10-10,1000000.00,4.429996,95.99609375
08:02:09,912810UD8,TSRYS5870973,D,S,D,2024-10-10,25000.00,4.42969,96.0
08:02:09,912810UD8,TSRYS5870973,D,B,C,2024-10-10,1000000.00,4.429996,95.99609375
08:02:09,912810UD8,TSRYS5870973,D,B,C,2024-10-10,1000000.00,4.428467,96.015625
08:02:09,912810UD8,TSRYS5870973,D,S,D,2024-10-10,1000000.00,4.428467,96.015625
08:02:09,912810UD8,TSRYS5870973,D,B,C,2024-10-10,1000000.00,4.427856,96.0234375
08:02:10,912810UD8,TSRYS5870973,D,S,A,2024-10-10,1000000.00,4.413807,96.203125
08:02:10,912810UD8,TSRYS5870973,D,S,D,2024-10-10,4000000.00,4.427752,96.02476
08:02:11,912810UD8,TSRYS5870973,D,S,T,2024-10-10,1000000.00,4.410004,96.251853125
08:02:12,912810UD8,TSRYS5870973,D,S,D,2024-10-10,1000000.00,4.430302,95.9921875
08:02:12,912810UD8,TSRYS5870973,D,S,D,2024-10-10,1000000.00,4.430302,95.9921875
08:02:12,912810UD8,TSRYS5870973,D,S,D,2024-10-10,1000000.00,4.430149,95.994140625
08:02:12,912810UD8,TSRYS5870973,D,S,D,2024-10-10,1000000.00,4.429996,95.99609375
08:02:12,912810UD8,TSRYS5870973,D,S,D,2024-10-10,1000000.00,4.429996,95.99609375
08:02:12,912810UD8,TSRYS5870973,D,B,C,2024-10-10,1000000.00,4.430302,95.9921875
08:02:12,912810UD8,TSRYS5870973,D,S,D,2024-10-10,1000000.00,4.430302,95.9921875
08:02:12,912810UD8,TSRYS5870973,D,B,C,2024-10-10,1000000.00,4.430302,95.9921875
08:02:12,912810UD8,TSRYS5870973,D,S,D,2024-10-10,1000000.00,4.430302,95.9921875
08:02:12,912810UD8,TSRYS5870973,D,S,D,2024-10-10,1000000.00,4.430914,95.984375
08:02:12,912810UD8,TSRYS5870973,D,S,D,2024-10-10,1000000.00,4.430608,95.98828125
08:02:12,912810UD8,TSRYS5870973,D,B,C,2024-10-10,1000000.00,4.430608,95.98828125
08:02:13,912810UD8,TSRYS5870973,D,S,D,2024-10-10,1000000.00,4.428926,96.009765625
08:02:13,912810UD8,TSRYS5870973,D,S,D,2024-10-10,1000000.00,4.429996,95.99609375
08:02:13,912810UD8,TSRYS5870973,D,B,C,2024-10-10,1000000.00,4.429996,95.99609375
08:02:13,912810UD8,TSRYS5870973,D,S,D,2024-10-10,1000000.00,4.429079,96.0078125
08:02:13,912810UD8,TSRYS5870973,D,B,C,2024-10-10,1000000.00,4.429079,96.0078125
08:02:13,912810UD8,TSRYS5870973,D,S,A,2024-10-10,3500000.00,4.407796,96.28125
08:02:13,912810UD8,TSRYS5870973,D,S,D,2024-10-10,1000000.00,4.428314,96.017578125
08:02:13,912810UD8,TSRYS5870973,D,B,C,2024-10-10,1000000.00,4.428314,96.017578125
08:02:13,912810UD8,TSRYS5870973,D,S,D,2024-10-10,1000000.00,4.427856,96.0234375
08:02:13,912810UD8,TSRYS5870973,D,S,A,2024-10-10,500000.00,4.408929,96.265625
08:02:13,912810UD8,TSRYS5870973,D,S,D,2024-10-10,1000000.00,4.428926,96.009765625
08:02:13,912810UD8,TSRYS5870973,D,B,C,2024-10-10,1000000.00,4.428926,96.009765625
08:02:13,912810UD8,TSRYS5870973,D,S,C,2024-10-10,1000000.00,4.428467,96.015625
08:02:14,912810UD8,TSRYS5870973,D,S,D,2024-10-10,1000000.00,4.42648,96.041015625
08:02:14,912810UD8,TSRYS5870973,D,S,C,2024-10-10,1000000.00,4.426021,96.046875
08:02:14,912810UD8,TSRYS5870973,D,S,D,2024-10-10,2000000.00,4.427244,96.03125
08:02:14,912810UD8,TSRYS5870973,D,S,D,2024-10-10,1000000.00,4.426938,96.03515625
08:02:14,912810UD8,TSRYS5870973,D,S,C,2024-10-10,1000000.00,4.42648,96.04101562
08:02:14,912810UD8,TSRYS5870973,D,S,T,2024-10-10,1000000.00,4.42648,96.04101562
08:02:14,912810UD8,TSRYS5870973,D,S,C,2024-10-10,1000000.00,4.42648,96.04101562
08:02:14,912810UD8,TSRYS5870973,D,S,D,2024-10-10,1000000.00,4.426633,96.0390625
08:02:14,912810UD8,TSRYS5870973,D,S,D,2024-10-10,1000000.00,4.426327,96.04296875
08:02:14,912810UD8,TSRYS5870973,D,S,D,2024-10-10,1000000.00,4.426633,96.0390625
08:02:14,912810UD8,TSRYS5870973,D,S,D,2024-10-10,1000000.00,4.426327,96.04296875
08:02:14,912810UD8,TSRYS5870973,D,S,D,2024-10-10,1000000.00,4.426327,96.04296875
08:02:14,912810UD8,TSRYS5870973,D,S,D,2024-10-10,1000000.00,4.426327,96.04296875
08:02:14,912810UD8,TSRYS5870973,D,S,D,2024-10-10,1000000.00,4.426327,96.04296875
08:02:14,912810UD8,TSRYS5870973,D,S,D,2024-10-10,1000000.00,4.426327,96.04296875
08:02:14,912810UD8,TSRYS5870973,D,S,D,2024-10-10,1000000.00,4.426327,96.04296875
08:02:14,912810UD8,TSRYS5870973,D,S,D,2024-10-10,1000000.00,4.42648,96.04101562
08:02:14,912810UD8,TSRYS5870973,D,S,T,2024-10-10,1000000.00,4.42648,96.04101562
08:02:14,912810UD8,TSRYS5870973,D,S,D,2024-10-10,1000000.00,4.42648,96.04101562
08:02:14,912810UD8,TSRYS5870973,D,S,T,2024-10-10,1000000.00,4.42648,96.04101562
08:02:14,912810UD8,TSRYS5870973,D,S,D,2024-10-10,1000000.00,4.42648,96.04101562
08:02:14,912810UD8,TSRYS5870973,D,S,C,2024-10-10,1000000.00,4.42648,96.04101562
08:02:14,912810UD8,TSRYS5870973,D,S,C,2024-10-10,1000000.00,4.42648,96.04101562
08:02:14,912810UD8,TSRYS5870973,D,B,C,2024-10-10,1000000.00,4.426327,96.04296875
08:02:14,912810UD8,TSRYS5870973,D,S,D,2024-10-10,1000000.00,4.426327,96.04296875
08:02:14,912810UD8,TSRYS5870973,D,S,D,2024-10-10,1000000.00,4.42648,96.041015625
08:02:14,912810UD8,TSRYS5870973,D,S,D,2024-10-10,1000000.00,4.426633,96.0390625
08:02:14,912810UD8,TSRYS5870973,D,S,D,2024-10-10,1000000.00,4.42648,96.041015625
08:02:14,912810UD8,TSRYS5870973,D,S,D,2024-10-10,1000000.00,4.42648,96.041015625
08:02:14,912810UD8,TSRYS5870973,D,S,D,2024-10-10,1000000.00,4.426633,96.0390625
08:02:14,912810UD8,TSRYS5870973,D,S,D,2024-10-10,1000000.00,4.426786,96.037109375
08:02:14,912810UD8,TSRYS5870973,D,S,D,2024-10-10,1000000.00,4.426786,96.037109375
08:02:14,912810UD8,TSRYS5870973,D,S,D,2024-10-10,1000000.00,4.42648,96.04101562
08:02:14,912810UD8,TSRYS5870973,D,S,T,2024-10-10,1000000.00,4.426786,96.03710937
08:02:14,912810UD8,TSRYS5870973,D,S,T,2024-10-10,1000000.00,4.426786,96.03710937
08:02:14,912810UD8,TSRYS5870973,D,S,C,2024-10-10,1000000.00,4.426786,96.03710937
08:02:14,912810UD8,TSRYS5870973,D,S,T,2024-10-10,1000000.00,4.426938,96.03515625
08:02:14,912810UD8,TSRYS5870973,D,S,C,2024-10-10,1000000.00,4.426938,96.03515625
08:02:14,912810UD8,TSRYS5870973,D,S,D,2024-10-10,1000000.00,4.426938,96.03515625
08:02:14,912810UD8,TSRYS5870973,D,S,T,2024-10-10,1000000.00,4.426938,96.03515625
08:02:14,912810UD8,TSRYS5870973,D,S,D,2024-10-10,1000000.00,4.426938,96.03515625
08:02:15,912810UD8,TSRYS5870973,D,S,D,2024-10-10,1000000.00,4.426938,96.03515625
08:02:15,912810UD8,TSRYS5870973,D,S,T,2024-10-10,1000000.00,4.426938,96.03515625
08:02:15,912810UD8,TSRYS5870973,D,S,C,2024-10-10,1000000.00,4.426633,96.0390625
08:02:15,912810UD8,TSRYS5870973,D,S,D,2024-10-10,1000000.00,4.426633,96.0390625
08:02:15,912810UD8,TSRYS5870973,D,S,T,2024-10-10,1000000.00,4.426938,96.03515625
08:02:15,912810UD8,TSRYS5870973,D,S,D,2024-10-10,1000000.00,4.426938,96.03515625
08:02:15,912810UD8,TSRYS5870973,D,S,D,2024-10-10,1000000.00,4.426938,96.03515625
08:02:15,912810UD8,TSRYS5870973,D,S,D,2024-10-10,1000000.00,4.426938,96.03515625
08:02:15,912810UD8,TSRYS5870973,D,S,D,2024-10-10,1000000.00,4.426938,96.03515625
08:02:15,912810UD8,TSRYS5870973,D,S,D,2024-10-10,1000000.00,4.426786,96.037109375
08:02:15,912810UD8,TSRYS5870973,D,B,C,2024-10-10,1000000.00,4.426786,96.037109375
08:02:15,912810UD8,TSRYS5870973,D,S,D,2024-10-10,1000000.00,4.426786,96.037109375
08:02:16,912810UD8,TSRYS5870973,D,S,D,2024-10-10,1000000.00,4.426938,96.03515625
08:02:16,912810UD8,TSRYS5870973,D,S,T,2024-10-10,1000000.00,4.426938,96.03515625
08:02:16,912810UD8,TSRYS5870973,D,S,D,2024-10-10,1000000.00,4.408929,96.265625
08:02:16,912810UD8,TSRYS5870973,D,S,D,2024-10-10,2000000.00,4.408929,96.265625
08:02:16,912810UD8,TSRYS5870973,D,B,C,2024-10-10,2000000.00,4.408929,96.265625
08:02:17,912810UD8,TSRYS5870973,D,S,D,2024-10-10,1000000.00,4.426786,96.03710937
08:02:17,912810UD8,TSRYS5870973,D,S,D,2024-10-10,1000000.00,4.426786,96.03710937
08:02:17,912810UD8,TSRYS5870973,D,S,C,2024-10-10,1000000.00,4.426786,96.03710937
08:02:17,912810UD8,TSRYS5870973,D,S,D,2024-10-10,1000000.00,4.426938,96.03515625
08:02:18,912810UD8,TSRYS5870973,D,S,C,2024-10-10,1000000.00,4.428467,96.015625
08:02:18,912810UD8,TSRYS5870973,D,S,D,2024-10-10,1000000.00,4.427703,96.025390625
08:02:19,912810UD8,TSRYS5870973,D,S,D,2024-10-10,1000000.00,4.428926,96.009765625
08:02:19,912810UD8,TSRYS5870973,D,S,D,2024-10-10,1000000.00,4.429843,95.998046875
08:02:19,912810UD8,TSRYS5870973,D,B,C,2024-10-10,1000000.00,4.42969,96.0
08:02:19,912810UD8,TSRYS5870973,D,S,D,2024-10-10,1000000.00,4.42969,96.0
08:02:19,912810UD8,TSRYS5870973,D,B,C,2024-10-10,1000000.00,4.42969,96.0
08:02:19,912810UD8,TSRYS5870973,D,S,D,2024-10-10,1000000.00,4.42969,96.0
08:02:19,912810UD8,TSRYS5870973,D,S,D,2024-10-10,1000000.00,4.42755,96.02734375
08:02:19,912810UD8,TSRYS5870973,D,S,D,2024-10-10,1000000.00,4.410148,96.25
08:02:19,912810UD8,TSRYS5870973,D,B,A,2024-10-10,160000.00,4.416248,96.171875
08:02:19,912810UD8,TSRYS5870973,D,B,A,2024-10-10,470000.00,4.417774,96.15234375
08:02:20,912810UD8,TSRYS5870973,D,S,D,2024-10-10,1000000.00,4.432138,95.96875
08:02:20,912810UD8,TSRYS5870973,D,B,C,2024-10-10,1000000.00,4.432138,95.96875
08:02:20,912810UD8,TSRYS5870973,D,S,D,2024-10-10,1000000.00,4.429385,96.00390625
08:02:20,912810UD8,TSRYS5870973,D,S,C,2024-10-10,1000000.00,4.428314,96.017578125
08:02:20,912810UD8,TSRYS5870973,D,B,C,2024-10-10,1000000.00,4.428314,96.017578125
08:02:20,912810UD8,TSRYS5870973,D,S,D,2024-10-10,1000000.00,4.42862,96.013671875
08:02:20,912810UD8,TSRYS5870973,D,B,C,2024-10-10,1000000.00,4.42862,96.013671875
08:02:20,912810UD8,TSRYS5870973,D,S,D,2024-10-10,1000000.00,4.427856,96.0234375
08:02:20,912810UD8,TSRYS5870973,D,S,D,2024-10-10,1000000.00,4.427703,96.025390625
08:02:20,912810UD8,TSRYS5870973,D,S,D,2024-10-10,1000000.00,4.42755,96.02734375
08:02:20,912810UD8,TSRYS5870973,D,B,C,2024-10-10,1000000.00,4.42755,96.02734375
08:02:20,912810UD8,TSRYS5870973,D,S,D,2024-10-10,1000000.00,4.42755,96.02734375
08:02:20,912810UD8,TSRYS5870973,D,S,D,2024-10-10,1000000.00,4.42755,96.02734375
08:02:20,912810UD8,TSRYS5870973,D,S,D,2024-10-10,1000000.00,4.42755,96.02734375
08:02:20,912810UD8,TSRYS5870973,D,S,D,2024-10-10,1000000.00,4.42755,96.02734375
08:02:20,912810UD8,TSRYS5870973,D,S,D,2024-10-10,1000000.00,4.42755,96.02734375
08:02:20,912810UD8,TSRYS5870973,D,S,D,2024-10-10,1000000.00,4.427703,96.02539062
08:02:20,912810UD8,TSRYS5870973,D,S,D,2024-10-10,1000000.00,4.427703,96.02539062
08:02:20,912810UD8,TSRYS5870973,D,S,D,2024-10-10,1000000.00,4.42755,96.02734375
08:02:20,912810UD8,TSRYS5870973,D,S,D,2024-10-10,1000000.00,4.42755,96.02734375
08:02:20,912810UD8,TSRYS5870973,D,S,D,2024-10-10,1000000.00,4.42755,96.02734375
08:02:20,912810UD8,TSRYS5870973,D,S,D,2024-10-10,1000000.00,4.427397,96.029296875
08:02:20,912810UD8,TSRYS5870973,D,S,T,2024-10-10,1000000.00,4.427703,96.02539062
08:02:20,912810UD8,TSRYS5870973,D,S,D,2024-10-10,1000000.00,4.427703,96.02539062
08:02:20,912810UD8,TSRYS5870973,D,S,D,2024-10-10,1000000.00,4.427397,96.029296875
08:02:20,912810UD8,TSRYS5870973,D,S,D,2024-10-10,1000000.00,4.427703,96.02539062
08:02:20,912810UD8,TSRYS5870973,D,S,D,2024-10-10,1000000.00,4.427703,96.02539062
08:02:20,912810UD8,TSRYS5870973,D,S,D,2024-10-10,1000000.00,4.427703,96.02539062
08:02:20,912810UD8,TSRYS5870973,D,S,C,2024-10-10,1000000.00,4.427703,96.02539062
08:02:21,912810UD8,TSRYS5870973,D,S,D,2024-10-10,1000000.00,4.429843,95.998046875
08:02:21,912810UD8,TSRYS5870973,D,S,D,2024-10-10,1000000.00,4.430455,95.990234375
08:02:21,912810UD8,TSRYS5870973,D,B,C,2024-10-10,1000000.00,4.430455,95.990234375
08:02:21,912810UD8,TSRYS5870973,D,B,C,2024-10-10,1000000.00,4.430608,95.98828125
08:02:21,912810UD8,TSRYS5870973,D,B,C,2024-10-10,1000000.00,4.430608,95.98828125
08:02:21,912810UD8,TSRYS5870973,D,B,C,2024-10-10,1000000.00,4.430608,95.98828125
08:02:21,912810UD8,TSRYS5870973,D,S,D,2024-10-10,1000000.00,4.428467,96.015625
08:02:21,912810UD8,TSRYS5870973,D,B,C,2024-10-10,1000000.00,4.428467,96.015625
08:02:22,912810UD8,TSRYS5870973,D,S,D,2024-10-10,10000.00,4.429996,95.99609375
08:02:22,912810UD8,TSRYS5870973,D,S,D,2024-10-10,1000000.00,4.411356,96.234527
08:02:22,912810UD8,TSRYS5870973,D,B,C,2024-10-10,1000000.00,4.411368,96.234375
08:02:22,912810UD8,TSRYS5870973,D,S,D,2024-10-10,10000.00,4.429079,96.0078125
08:02:22,912810UD8,TSRYS5870973,D,S,D,2024-10-10,1000000.00,4.411356,96.234527
08:02:22,912810UD8,TSRYS5870973,D,S,D,2024-10-10,1000000.00,4.411356,96.234527
08:02:22,912810UD8,TSRYS5870973,D,S,D,2024-10-10,1000000.00,4.428467,96.015625
08:02:22,912810UD8,TSRYS5870973,D,S,D,2024-10-10,1000000.00,4.42862,96.013671875
08:02:22,912810UD8,TSRYS5870973,D,S,D,2024-10-10,1000000.00,4.428467,96.015625
08:02:22,912810UD8,TSRYS5870973,D,S,D,2024-10-10,1000000.00,4.428467,96.015625
08:02:22,912810UD8,TSRYS5870973,D,B,C,2024-10-10,1000000.00,4.410164,96.2498
08:02:22,912810UD8,TSRYS5870973,D,S,D,2024-10-10,1000000.00,4.410148,96.25
08:02:22,912810UD8,TSRYS5870973,D,S,D,2024-10-10,1000000.00,4.410148,96.25
08:02:22,912810UD8,TSRYS5870973,D,S,D,2024-10-10,1000000.00,4.410148,96.25
08:02:22,912810UD8,TSRYS5870973,D,B,C,2024-10-10,1000000.00,4.410148,96.25
08:02:22,912810UD8,TSRYS5870973,D,S,D,2024-10-10,1000000.00,4.410136,96.250152
08:02:22,912810UD8,TSRYS5870973,D,B,C,2024-10-10,1000000.00,4.410148,96.25
08:02:22,912810UD8,TSRYS5870973,D,S,D,2024-10-10,1000000.00,4.410136,96.250152
08:02:22,912810UD8,TSRYS5870973,D,S,A,2024-10-10,7000000.00,4.424799,96.0625
08:02:22,912810UD8,TSRYS5870973,D,B,C,2024-10-10,1000000.00,4.428008,96.02148437
08:02:22,912810UD8,TSRYS5870973,D,S,C,2024-10-10,1000000.00,4.427091,96.033203125
08:02:22,912810UD8,TSRYS5870973,D,S,C,2024-10-10,1000000.00,4.427091,96.033203125
08:02:22,912810UD8,TSRYS5870973,D,S,C,2024-10-10,1000000.00,4.426938,96.03515625
08:02:22,912810UD8,TSRYS5870973,D,S,D,2024-10-10,1000000.00,4.426938,96.03515625
08:02:23,912810UD8,TSRYS5870973,D,S,D,2024-10-10,1000000.00,4.426633,96.0390625
08:02:23,912810UD8,TSRYS5870973,D,B,C,2024-10-10,1000000.00,4.42755,96.02734375
08:02:23,912810UD8,TSRYS5870973,D,B,C,2024-10-10,1000000.00,4.42755,96.02734375
08:02:23,912810UD8,TSRYS5870973,D,S,D,2024-10-10,1000000.00,4.428467,96.015625
08:02:23,912810UD8,TSRYS5870973,D,S,D,2024-10-10,1000000.00,4.428467,96.015625
08:02:23,912810UD8,TSRYS5870973,D,B,C,2024-10-10,1000000.00,4.427397,96.02929687
08:02:23,912810UD8,TSRYS5870973,D,S,T,2024-10-10,1000000.00,4.410148,96.25
08:02:24,912810UD8,TSRYS5870973,D,B,C,2024-10-10,1000000.00,4.427244,96.03125
08:02:24,912810UD8,TSRYS5870973,D,S,D,2024-10-10,1000000.00,4.427244,96.03125
08:02:24,912810UD8,TSRYS5870973,D,B,C,2024-10-10,1000000.00,4.427244,96.03125
08:02:24,912810UD8,TSRYS5870973,D,S,D,2024-10-10,1000000.00,4.427244,96.03125
08:02:24,912810UD8,TSRYS5870973,D,B,C,2024-10-10,1000000.00,4.427244,96.03125
08:02:24,912810UD8,TSRYS5870973,D,S,D,2024-10-10,1000000.00,4.427244,96.03125
08:02:24,912810UD8,TSRYS5870973,D,S,D,2024-10-10,1000000.00,4.427244,96.03155
08:02:24,912810UD8,TSRYS5870973,D,S,D,2024-10-10,1000000.00,4.427244,96.03125
08:02:24,912810UD8,TSRYS5870973,D,S,D,2024-10-10,1000000.00,4.427244,96.03125
08:02:24,912810UD8,TSRYS5870973,D,S,D,2024-10-10,1000000.00,4.428161,96.01983125
08:02:24,912810UD8,TSRYS5870973,D,S,D,2024-10-10,1000000.00,4.428467,96.015625
08:02:24,912810UD8,TSRYS5870973,D,S,D,2024-10-10,1000000.00,4.428467,96.015625
08:02:24,912810UD8,TSRYS5870973,D,S,T,2024-10-10,1000000.00,4.413807,96.203125
08:02:24,912810UD8,TSRYS5870973,D,S,D,2024-10-10,1000000.00,4.428467,96.015925
08:02:24,912810UD8,TSRYS5870973,D,S,D,2024-10-10,1000000.00,4.42862,96.013671875
08:02:24,912810UD8,TSRYS5870973,D,S,D,2024-10-10,1000000.00,4.428467,96.015925
08:02:24,912810UD8,TSRYS5870973,D,S,D,2024-10-10,1000000.00,4.42862,96.013671875
08:02:24,912810UD8,TSRYS5870973,D,S,D,2024-10-10,1000000.00,4.428467,96.015925
08:02:24,912810UD8,TSRYS5870973,D,S,T,2024-10-10,1000000.00,4.413807,96.203125
08:02:24,912810UD8,TSRYS5870973,D,S,T,2024-10-10,1000000.00,4.413807,96.203125
08:02:24,912810UD8,TSRYS5870973,D,S,T,2024-10-10,1000000.00,4.413807,96.203125
08:02:24,912810UD8,TSRYS5870973,D,S,T,2024-10-10,1000000.00,4.413807,96.203125
08:02:24,912810UD8,TSRYS5870973,D,S,T,2024-10-10,4000000.00,4.412587,96.21875
08:02:25,912810UD8,TSRYS5870973,D,S,D,2024-10-10,1000000.00,4.42969,96.0
08:02:25,912810UD8,TSRYS5870973,D,S,T,2024-10-10,1000000.00,4.428467,96.015625
08:02:25,912810UD8,TSRYS5870973,D,S,D,2024-10-10,1000000.00,4.428467,96.015625
08:02:25,912810UD8,TSRYS5870973,D,S,C,2024-10-10,1000000.00,4.428467,96.015625
08:02:25,912810UD8,TSRYS5870973,D,S,D,2024-10-10,1000000.00,4.42862,96.01367187
08:02:25,912810UD8,TSRYS5870973,D,S,D,2024-10-10,1000000.00,4.428467,96.015625
08:02:25,912810UD8,TSRYS5870973,D,S,C,2024-10-10,1000000.00,4.42862,96.01367187
08:02:25,912810UD8,TSRYS5870973,D,S,T,2024-10-10,1000000.00,4.412587,96.21875
08:02:25,912810UD8,TSRYS5870973,D,S,C,2024-10-10,1000000.00,4.42862,96.01367187
08:02:25,912810UD8,TSRYS5870973,D,S,C,2024-10-10,1000000.00,4.42862,96.01367187
08:02:25,912810UD8,TSRYS5870973,D,S,D,2024-10-10,1000000.00,4.42862,96.01367187
08:02:25,912810UD8,TSRYS5870973,D,S,T,2024-10-10,1000000.00,4.42862,96.01367187
08:02:25,912810UD8,TSRYS5870973,D,S,C,2024-10-10,1000000.00,4.42862,96.01367187
08:02:25,912810UD8,TSRYS5870973,D,S,T,2024-10-10,1000000.00,4.428467,96.015625
08:02:25,912810UD8,TSRYS5870973,D,S,D,2024-10-10,1000000.00,4.428467,96.015625
08:02:25,912810UD8,TSRYS5870973,D,S,D,2024-10-10,1000000.00,4.427091,96.03320312
08:02:25,912810UD8,TSRYS5870973,D,S,D,2024-10-10,1000000.00,4.428467,96.015625
08:02:25,912810UD8,TSRYS5870973,D,S,T,2024-10-10,1000000.00,4.428467,96.015625
08:02:25,912810UD8,TSRYS5870973,D,S,D,2024-10-10,1000000.00,4.428467,96.015625
08:02:25,912810UD8,TSRYS5870973,D,S,D,2024-10-10,2000000.00,4.429843,95.998046875
08:02:25,912810UD8,TSRYS5870973,D,S,D,2024-10-10,1000000.00,4.429996,95.99609375
08:02:25,912810UD8,TSRYS5870973,D,B,C,2024-10-10,1000000.00,4.430914,95.984375
08:02:25,912810UD8,TSRYS5870973,D,S,D,2024-10-10,1000000.00,4.430914,95.984375
08:02:25,912810UD8,TSRYS5870973,D,B,C,2024-10-10,1000000.00,4.430914,95.984375
08:02:25,912810UD8,TSRYS5870973,D,S,D,2024-10-10,1000000.00,4.430914,95.984375
08:02:25,912810UD8,TSRYS5870973,D,S,D,2024-10-10,1000000.00,4.430914,95.984375
08:02:25,912810UD8,TSRYS5870973,D,S,D,2024-10-10,2000000.00,4.430914,95.984375
08:02:25,912810UD8,TSRYS5870973,D,S,C,2024-10-10,1000000.00,4.431067,95.982421875
08:02:25,912810UD8,TSRYS5870973,D,S,D,2024-10-10,1000000.00,4.428008,96.02148437
08:02:25,912810UD8,TSRYS5870973,D,S,D,2024-10-10,1000000.00,4.428161,96.01953125
08:02:25,912810UD8,TSRYS5870973,D,B,C,2024-10-10,1000000.00,4.430914,95.984375
08:02:25,912810UD8,TSRYS5870973,D,S,D,2024-10-10,1000000.00,4.430914,95.984375
08:02:25,912810UD8,TSRYS5870973,D,B,C,2024-10-10,1000000.00,4.430914,95.984375
08:02:25,912810UD8,TSRYS5870973,D,S,D,2024-10-10,1000000.00,4.428008,96.02148437
08:02:25,912810UD8,TSRYS5870973,D,S,D,2024-10-10,1000000.00,4.430914,95.984375
08:02:25,912810UD8,TSRYS5870973,D,S,D,2024-10-10,1000000.00,4.431373,95.978515625
08:02:25,912810UD8,TSRYS5870973,D,S,D,2024-10-10,1000000.00,4.431526,95.9765625
08:02:26,912810UD8,TSRYS5870973,D,B,C,2024-10-10,50000000.00,4.427115,96.0329
08:02:26,912810UD8,TSRYS5870973,D,S,D,2024-10-10,3000000.00,4.430761,95.986328125
08:02:26,912810UD8,TSRYS5870973,D,S,D,2024-10-10,4000000.00,4.430761,95.986328125
08:02:26,912810UD8,TSRYS5870973,D,S,C,2024-10-10,1000000.00,4.430914,95.984375
08:02:26,912810UD8,TSRYS5870973,D,S,D,2024-10-10,1000000.00,4.428467,96.015625
08:02:26,912810UD8,TSRYS5870973,D,B,C,2024-10-10,1000000.00,4.428926,96.009765625
08:02:26,912810UD8,TSRYS5870973,D,S,D,2024-10-10,1000000.00,4.428926,96.009765625
08:02:26,912810UD8,TSRYS5870973,D,B,C,2024-10-10,1000000.00,4.428926,96.009765625
08:02:26,912810UD8,TSRYS5870973,D,S,D,2024-10-10,1000000.00,4.428926,96.009765625
08:02:26,912810UD8,TSRYS5870973,D,S,D,2024-10-10,1000000.00,4.428926,96.009765625
08:02:26,912810UD8,TSRYS5870973,D,S,D,2024-10-10,1000000.00,4.428926,96.009765625
08:02:26,912810UD8,TSRYS5870973,D,S,D,2024-10-10,1000000.00,4.428773,96.01171875
08:02:26,912810UD8,TSRYS5870973,D,B,C,2024-10-10,1000000.00,4.428773,96.01171875
08:02:26,912810UD8,TSRYS5870973,D,S,D,2024-10-10,1000000.00,4.428773,96.01171875
08:02:26,912810UD8,TSRYS5870973,D,B,C,2024-10-10,1000000.00,4.42862,96.013671875
08:02:26,912810UD8,TSRYS5870973,D,S,D,2024-10-10,1000000.00,4.42862,96.013671875
08:02:26,912810UD8,TSRYS5870973,D,B,C,2024-10-10,1000000.00,4.428773,96.01171875
08:02:26,912810UD8,TSRYS5870973,D,S,D,2024-10-10,1000000.00,4.428773,96.01171875
08:02:26,912810UD8,TSRYS5870973,D,B,C,2024-10-10,1000000.00,4.42862,96.013671875
08:02:26,912810UD8,TSRYS5870973,D,S,D,2024-10-10,1000000.00,4.42862,96.013671875
08:02:26,912810UD8,TSRYS5870973,D,S,D,2024-10-10,1000000.00,4.42862,96.013671875
08:02:26,912810UD8,TSRYS5870973,D,S,D,2024-10-10,1000000.00,4.42862,96.013671875
08:02:26,912810UD8,TSRYS5870973,D,S,D,2024-10-10,1000000.00,4.428467,96.015625
08:02:27,912810UD8,TSRYS5870973,D,S,D,2024-10-10,39000000.00,4.41151,96.23255
08:02:27,912810UD8,TSRYS5870973,D,S,D,2024-10-10,1000000.00,4.42862,96.01367187
08:02:27,912810UD8,TSRYS5870973,D,S,D,2024-10-10,1000000.00,4.428467,96.015625
08:02:27,912810UD8,TSRYS5870973,D,S,T,2024-10-10,1000000.00,4.413817,96.203
08:02:27,912810UD8,TSRYS5870973,D,S,T,2024-10-10,1000000.00,4.415028,96.1875
08:02:28,912810UD8,TSRYS5870973,D,S,D,2024-10-10,1000000.00,4.426174,96.04492187
08:02:28,912810UD8,TSRYS5870973,D,S,T,2024-10-10,1000000.00,4.415028,96.1875
08:02:28,912810UD8,TSRYS5870973,D,S,T,2024-10-10,1000000.00,4.414885,96.189328125
08:02:28,912810UD8,TSRYS5870973,D,S,T,2024-10-10,1000000.00,4.415037,96.187375
08:02:28,912810UD8,TSRYS5870973,D,S,D,2024-10-10,3000000.00,4.419911,96.125
08:02:29,912810UD8,TSRYS5870973,D,S,C,2024-10-10,1000000.00,4.427856,96.0234375
08:02:29,912810UD8,TSRYS5870973,D,S,T,2024-10-10,1000000.00,4.428161,96.01953125
08:02:29,912810UD8,TSRYS5870973,D,S,T,2024-10-10,1000000.00,4.428467,96.015625
08:02:29,912810UD8,TSRYS5870973,D,S,C,2024-10-10,1000000.00,4.428467,96.015625
08:02:29,912810UD8,TSRYS5870973,D,S,D,2024-10-10,1000000.00,4.42862,96.01367187
08:02:29,912810UD8,TSRYS5870973,D,S,C,2024-10-10,1000000.00,4.428467,96.015625
08:02:29,912810UD8,TSRYS5870973,D,S,C,2024-10-10,1000000.00,4.42862,96.01367187
08:02:29,912810UD8,TSRYS5870973,D,S,C,2024-10-10,1000000.00,4.428467,96.015625
08:02:29,912810UD8,TSRYS5870973,D,S,D,2024-10-10,1000000.00,4.428467,96.015625
08:02:29,912810UD8,TSRYS5870973,D,S,T,2024-10-10,1000000.00,4.428467,96.015625
08:02:30,912810UD8,TSRYS5870973,D,S,D,2024-10-10,1000000.00,4.428467,96.015625
08:02:30,912810UD8,TSRYS5870973,D,S,D,2024-10-10,1000000.00,4.42862,96.01367187
08:02:30,912810UD8,TSRYS5870973,D,S,D,2024-10-10,1000000.00,4.42862,96.01367187
08:02:30,912810UD8,TSRYS5870973,D,S,C,2024-10-10,1000000.00,4.42862,96.01367187
08:02:30,912810UD8,TSRYS5870973,D,S,T,2024-10-10,1000000.00,4.428467,96.015625
08:02:30,912810UD8,TSRYS5870973,D,S,D,2024-10-10,1000000.00,4.42862,96.01367187
08:02:30,912810UD8,TSRYS5870973,D,S,T,2024-10-10,1000000.00,4.42862,96.01367187
08:02:30,912810UD8,TSRYS5870973,D,S,D,2024-10-10,1000000.00,4.42862,96.01367187
08:02:30,912810UD8,TSRYS5870973,D,S,D,2024-10-10,1000000.00,4.42862,96.01367187
08:02:30,912810UD8,TSRYS5870973,D,S,T,2024-10-10,1000000.00,4.428467,96.015625
08:02:30,912810UD8,TSRYS5870973,D,S,D,2024-10-10,1000000.00,4.42862,96.01367187
08:02:31,912810UD8,TSRYS5870973,D,S,D,2024-10-10,1000000.00,4.42862,96.01367187
08:02:31,912810UD8,TSRYS5870973,D,S,D,2024-10-10,1000000.00,4.42862,96.01367187
08:02:31,912810UD8,TSRYS5870973,D,S,D,2024-10-10,1000000.00,4.42862,96.01367187
08:02:31,912810UD8,TSRYS5870973,D,S,T,2024-10-10,1000000.00,4.42862,96.01367187
08:02:31,912810UD8,TSRYS5870973,D,S,D,2024-10-10,1000000.00,4.42862,96.01367187
08:02:31,912810UD8,TSRYS5870973,D,S,T,2024-10-10,1000000.00,4.428467,96.015625
08:02:31,912810UD8,TSRYS5870973,D,S,D,2024-10-10,1000000.00,4.42862,96.01367187
08:02:31,912810UD8,TSRYS5870973,D,S,D,2024-10-10,1000000.00,4.42862,96.01367187
08:02:31,912810UD8,TSRYS5870973,D,S,D,2024-10-10,3000000.00,4.429232,96.00585937
08:02:31,912810UD8,TSRYS5870973,D,S,D,2024-10-10,1000000.00,4.429232,96.00585937
08:02:31,912810UD8,TSRYS5870973,D,S,D,2024-10-10,1000000.00,4.429232,96.00585937
08:02:31,912810UD8,TSRYS5870973,D,S,D,2024-10-10,1000000.00,4.42969,96.0
08:02:31,912810UD8,TSRYS5870973,D,S,D,2024-10-10,1000000.00,4.42969,96.0
08:02:31,912810UD8,TSRYS5870973,D,S,T,2024-10-10,1000000.00,4.42969,96.0
08:02:31,912810UD8,TSRYS5870973,D,B,C,2024-10-10,2000000.00,4.429385,96.00390625
08:02:31,912810UD8,TSRYS5870973,D,S,D,2024-10-10,3000000.00,4.415235,96.1848469
08:02:31,912810UD8,TSRYS5870973,D,S,D,2024-10-10,3000000.00,4.414981,96.1881021
08:02:31,912810UD8,TSRYS5870973,D,S,D,2024-10-10,1000000.00,4.414777,96.1907063
08:02:32,912810UD8,TSRYS5870973,D,S,C,2024-10-10,1036500.00,4.419606,96.12890625
08:02:32,912810UD8,TSRYS5870973,D,S,D,2024-10-10,870000.00,4.42266,96.08984375
08:02:32,912810UD8,TSRYS5870973,D,S,T,2024-10-10,1000000.00,4.427244,96.03125
08:02:32,912810UD8,TSRYS5870973,D,S,T,2024-10-10,2000000.00,4.427244,96.03125
08:02:32,912810UD8,TSRYS5870973,D,S,D,2024-10-10,16000000.00,4.429248,96.00565
08:02:32,912810UD8,TSRYS5870973,D,S,T,2024-10-10,1000000.00,4.430914,95.984375
08:02:32,912810UD8,TSRYS5870973,D,S,T,2024-10-10,2000000.00,4.430914,95.984375
08:02:32,912810UD8,TSRYS5870973,D,S,D,2024-10-10,2000000.00,4.430914,95.984375
08:02:32,912810UD8,TSRYS5870973,D,S,T,2024-10-10,1000000.00,4.431067,95.98242187
08:02:32,912810UD8,TSRYS5870973,D,S,C,2024-10-10,1000000.00,4.430914,95.984375
08:02:32,912810UD8,TSRYS5870973,D,S,D,2024-10-10,1000000.00,4.43122,95.98046875
08:02:32,912810UD8,TSRYS5870973,D,S,D,2024-10-10,1000000.00,4.430608,95.98828125
08:02:32,912810UD8,TSRYS5870973,D,S,D,2024-10-10,1000000.00,4.43122,95.98046875
08:02:32,912810UD8,TSRYS5870973,D,S,A,2024-10-10,505000.00,4.426633,96.0390625
08:02:32,912810UD8,TSRYS5870973,D,S,D,2024-10-10,2000000.00,4.43122,95.98046875
08:02:32,912810UD8,TSRYS5870973,D,S,D,2024-10-10,1000000.00,4.431373,95.97851562
08:02:32,912810UD8,TSRYS5870973,D,S,D,2024-10-10,1000000.00,4.431373,95.97851562
08:02:32,912810UD8,TSRYS5870973,D,S,C,2024-10-10,2000000.00,4.43122,95.98046875
08:02:32,912810UD8,TSRYS5870973,D,S,C,2024-10-10,450000.00,4.42541,96.0546875
08:02:32,912810UD8,TSRYS5870973,D,S,D,2024-10-10,1000000.00,4.431373,95.97851562
08:02:32,912810UD8,TSRYS5870973,D,S,C,2024-10-10,1000000.00,4.43122,95.98046875
08:02:32,912810UD8,TSRYS5870973,D,S,T,2024-10-10,1000000.00,4.431373,95.97851562
08:02:32,912810UD8,TSRYS5870973,D,S,C,2024-10-10,1000000.00,4.431373,95.97851562
08:02:32,912810UD8,TSRYS5870973,D,S,C,2024-10-10,1000000.00,4.431373,95.97851562
08:02:32,912810UD8,TSRYS5870973,D,S,T,2024-10-10,1000000.00,4.431526,95.9765625
08:02:32,912810UD8,TSRYS5870973,D,S,A,2024-10-10,680000.00,4.42541,96.0546875
08:02:32,912810UD8,TSRYS5870973,D,S,C,2024-10-10,2000000.00,4.431373,95.97851562
08:02:32,912810UD8,TSRYS5870973,D,S,D,2024-10-10,1000000.00,4.431526,95.9765625
08:02:32,912810UD8,TSRYS5870973,D,S,D,2024-10-10,1000000.00,4.431526,95.9765625
08:02:33,912810UD8,TSRYS5870973,D,S,D,2024-10-10,1000000.00,4.431526,95.9765625
08:02:33,912810UD8,TSRYS5870973,D,S,A,2024-10-10,350000.00,4.422049,96.09765625
08:02:33,912810UD8,TSRYS5870973,D,S,A,2024-10-10,820000.00,4.422049,96.09765625
08:02:33,912810UD8,TSRYS5870973,D,S,D,2024-10-10,250000.00,4.423576,96.078125
08:02:33,912810UD8,TSRYS5870973,D,S,C,2024-10-10,1000000.00,4.431526,95.9765625
08:02:34,912810UD8,TSRYS5870973,D,S,T,2024-10-10,1000000.00,4.428467,96.015625
08:02:35,912810UD8,TSRYS5870973,D,S,D,2024-10-10,1000000.00,4.412587,96.21875
08:02:35,912810UD8,TSRYS5870973,D,B,C,2024-10-10,1000000.00,4.412587,96.21875
08:02:37,912810UD8,TSRYS5870973,D,S,T,2024-10-10,1000000.00,4.428467,96.015625
08:02:41,912810UD8,TSRYS5870973,D,S,T,2024-10-10,1000000.00,4.413655,96.205078125
08:02:41,912810UD8,TSRYS5870973,D,S,T,2024-10-10,1000000.00,4.413197,96.2109375
08:02:41,912810UD8,TSRYS5870973,D,S,T,2024-10-10,2000000.00,4.413207,96.2108125
08:02:42,912810UD8,TSRYS5870973,D,S,T,2024-10-10,1000000.00,4.413045,96.212890625
08:02:42,912810UD8,TSRYS5870973,D,S,T,2024-10-10,1000000.00,4.413817,96.203
08:02:42,912810UD8,TSRYS5870973,D,S,T,2024-10-10,2000000.00,4.427244,96.03125
08:02:42,912810UD8,TSRYS5870973,D,S,T,2024-10-10,2000000.00,4.427244,96.03125
08:02:43,912810UD8,TSRYS5870973,D,S,T,2024-10-10,1000000.00,4.41397,96.201046875
08:02:44,912810UD8,TSRYS5870973,D,S,T,2024-10-10,4000000.00,4.41457,96.193359375
08:02:44,912810UD8,TSRYS5870973,D,S,T,2024-10-10,4000000.00,4.41458,96.193234375
08:02:44,912810UD8,TSRYS5870973,D,S,T,2024-10-10,1000000.00,4.428467,96.015625
08:02:44,912810UD8,TSRYS5870973,D,S,D,2024-10-10,1000000.00,4.412587,96.21875
08:02:44,912810UD8,TSRYS5870973,D,B,C,2024-10-10,1000000.00,4.412603,96.21855
08:02:44,912810UD8,TSRYS5870973,D,S,D,2024-10-10,1000000.00,4.412587,96.21875
08:02:44,912810UD8,TSRYS5870973,D,S,T,2024-10-10,1000000.00,4.41458,96.193234375
08:02:44,912810UD8,TSRYS5870973,D,B,C,2024-10-10,1000000.00,4.412605,96.218525
08:02:44,912810UD8,TSRYS5870973,D,S,D,2024-10-10,1000000.00,4.412587,96.21875
08:02:44,912810UD8,TSRYS5870973,D,S,T,2024-10-10,1000000.00,4.414722,96.19140625
08:02:45,912810UD8,TSRYS5870973,D,S,T,2024-10-10,1000000.00,4.414265,96.197265625
08:02:45,912810UD8,TSRYS5870973,D,B,C,2024-10-10,1000000.00,4.413825,96.2029
08:02:45,912810UD8,TSRYS5870973,D,S,C,2024-10-10,1000000.00,4.413792,96.203325
08:02:45,912810UD8,TSRYS5870973,D,B,C,2024-10-10,1000000.00,4.413825,96.2029
08:02:45,912810UD8,TSRYS5870973,D,S,D,2024-10-10,1000000.00,4.413807,96.203125
08:02:45,912810UD8,TSRYS5870973,D,S,D,2024-10-10,1000000.00,4.413807,96.203125
08:02:45,912810UD8,TSRYS5870973,D,B,C,2024-10-10,1000000.00,4.413825,96.2029
08:02:46,912810UD8,TSRYS5870973,D,S,D,2024-10-10,1000000.00,4.413793,96.203302
08:02:46,912810UD8,TSRYS5870973,D,S,D,2024-10-10,1000000.00,4.413793,96.203302
08:02:46,912810UD8,TSRYS5870973,D,S,D,2024-10-10,1000000.00,4.413793,96.203302
08:02:46,912810UD8,TSRYS5870973,D,B,C,2024-10-10,1000000.00,4.413825,96.2029
08:02:46,912810UD8,TSRYS5870973,D,B,C,2024-10-10,1000000.00,4.413825,96.2029
08:02:46,912810UD8,TSRYS5870973,D,S,D,2024-10-10,1000000.00,4.413793,96.203302
08:02:46,912810UD8,TSRYS5870973,D,S,D,2024-10-10,1000000.00,4.413793,96.203302
08:02:46,912810UD8,TSRYS5870973,D,S,D,2024-10-10,1000000.00,4.413793,96.203302
08:02:46,912810UD8,TSRYS5870973,D,B,C,2024-10-10,1000000.00,4.413823,96.202925
08:02:46,912810UD8,TSRYS5870973,D,S,D,2024-10-10,1000000.00,4.413793,96.203302
08:02:46,912810UD8,TSRYS5870973,D,B,C,2024-10-10,1000000.00,4.413819,96.202975
08:02:46,912810UD8,TSRYS5870973,D,S,D,2024-10-10,1000000.00,4.413793,96.203302
08:02:46,912810UD8,TSRYS5870973,D,S,D,2024-10-10,1000000.00,4.413793,96.203302
