tradeTime,cusip,issueSymbolIdentifier,priceType,reportingSideCode,contraPartyTypeCode,tradeDate,reportedTradeVolume,lastSaleYield,lastSalePrice
08:00:06,912810UA4,TSRYS5802849,D,S,T,2024-07-29,1000000.00,4.444844,102.953125
08:00:06,912810UA4,TSRYS5802849,D,S,T,2024-07-29,1000000.00,4.431823,103.171875
08:00:06,912810UA4,TSRYS5802849,D,S,T,2024-07-29,1000000.00,4.42811,103.234375
08:00:06,912810UA4,TSRYS5802849,D,S,T,2024-07-29,1000000.00,4.426255,103.265625
08:00:06,912810UA4,TSRYS5802849,D,S,T,2024-07-29,1000000.00,4.444844,102.953125
08:00:06,912810UA4,TSRYS5802849,D,S,T,2024-07-29,1000000.00,4.431823,103.171875
08:00:06,912810UA4,TSRYS5802849,D,S,T,2024-07-29,1000000.00,4.42811,103.234375
08:00:06,912810UA4,TSRYS5802849,D,S,T,2024-07-29,1000000.00,4.426255,103.265625
08:00:08,912810UA4,TSRYS5802849,D,S,D,2024-07-29,2000000.00,4.441585,103.0078125
08:00:08,912810UA4,TSRYS5802849,D,S,D,2024-07-29,5000000.00,4.441352,103.01171875
08:00:08,912810UA4,TSRYS5802849,D,S,D,2024-07-29,6000000.00,4.420462,103.36328125
08:00:08,912810UA4,TSRYS5802849,D,S,D,2024-07-29,6000000.00,4.42023,103.3671875
08:00:08,912810UA4,TSRYS5802849,D,S,D,2024-07-29,1000000.00,4.414446,103.46484375
08:00:08,912810UA4,TSRYS5802849,D,S,D,2024-07-29,1000000.00,4.414215,103.46875
08:00:08,912810UA4,TSRYS5802849,D,S,D,2024-07-29,1000000.00,4.415602,103.4453125
08:00:08,912810UA4,TSRYS5802849,D,S,D,2024-07-29,3000000.00,4.415602,103.4453125
08:00:12,912810UA4,TSRYS5802849,D,S,D,2024-07-29,1000000.00,4.438793,103.0546875
08:00:12,912810UA4,TSRYS5802849,D,S,T,2024-07-29,1000000.00,4.438793,103.0546875
08:00:12,912810UA4,TSRYS5802849,D,S,T,2024-07-29,1000000.00,4.438793,103.0546875
08:00:12,912810UA4,TSRYS5802849,D,S,T,2024-07-29,1000000.00,4.439258,103.046875
08:00:12,912810UA4,TSRYS5802849,D,S,T,2024-07-29,1000000.00,4.439258,103.046875
08:00:12,912810UA4,TSRYS5802849,D,S,T,2024-07-29,1000000.00,4.439258,103.046875
08:00:12,912810UA4,TSRYS5802849,D,S,T,2024-07-29,1000000.00,4.441003,103.017578125
08:00:12,912810UA4,TSRYS5802849,D,S,D,2024-07-29,1000000.00,4.436933,103.0859375
08:00:12,912810UA4,TSRYS5802849,D,S,T,2024-07-29,1000000.00,4.43461,103.125
08:00:12,912810UA4,TSRYS5802849,D,S,T,2024-07-29,1000000.00,4.44205,103.0
08:00:12,912810UA4,TSRYS5802849,D,S,T,2024-07-29,1000000.00,4.440189,103.03125
08:00:12,912810UA4,TSRYS5802849,D,S,T,2024-07-29,1000000.00,4.441119,103.015625
08:00:12,912810UA4,TSRYS5802849,D,S,T,2024-07-29,1000000.00,4.443679,102.97265625
08:00:12,912810UA4,TSRYS5802849,D,S,T,2024-07-29,1000000.00,4.417916,103.40625
08:00:12,912810UA4,TSRYS5802849,D,S,T,2024-07-29,1000000.00,4.420694,103.359375
08:00:12,912810UA4,TSRYS5802849,D,S,T,2024-07-29,1000000.00,4.421388,103.34765625
08:00:12,912810UA4,TSRYS5802849,D,S,T,2024-07-29,1000000.00,4.421388,103.34765625
08:00:12,912810UA4,TSRYS5802849,D,S,T,2024-07-29,1000000.00,4.421388,103.34765625
08:00:12,912810UA4,TSRYS5802849,D,S,T,2024-07-29,1000000.00,4.41433,103.466796875
08:00:12,912810UA4,TSRYS5802849,D,S,T,2024-07-29,1000000.00,4.410517,103.53125
08:00:12,912810UA4,TSRYS5802849,D,S,T,2024-07-29,1000000.00,4.410517,103.53125
08:00:12,912810UA4,TSRYS5802849,D,S,T,2024-07-29,1000000.00,4.411903,103.5078125
08:00:12,912810UA4,TSRYS5802849,D,S,T,2024-07-29,1000000.00,4.410979,103.5234375
08:00:12,912810UA4,TSRYS5802849,D,S,T,2024-07-29,1000000.00,4.410979,103.5234375
08:00:12,912810UA4,TSRYS5802849,D,S,T,2024-07-29,1000000.00,4.410979,103.5234375
08:00:12,912810UA4,TSRYS5802849,D,S,D,2024-07-29,1000000.00,4.41329,103.484375
08:00:12,912810UA4,TSRYS5802849,D,S,T,2024-07-29,1000000.00,4.41329,103.484375
08:00:12,912810UA4,TSRYS5802849,D,S,T,2024-07-29,1000000.00,4.414677,103.4609375
08:00:12,912810UA4,TSRYS5802849,D,S,T,2024-07-29,1000000.00,4.409478,103.548828125
08:00:12,912810UA4,TSRYS5802849,D,S,T,2024-07-29,1000000.00,4.410517,103.53125
08:00:12,912810UA4,TSRYS5802849,D,S,D,2024-07-29,1000000.00,4.439026,103.05078125
08:00:12,912810UA4,TSRYS5802849,D,S,D,2024-07-29,1000000.00,4.438793,103.0546875
08:00:15,912810UA4,TSRYS5802849,D,S,D,2024-07-29,1000000.00,4.441585,103.0078125
08:00:17,912810UA4,TSRYS5802849,D,S,T,2024-07-29,1000000.00,4.411441,103.515625
08:00:20,912810UA4,TSRYS5802849,D,S,D,2024-07-29,1000000.00,4.436004,103.1015625
08:00:20,912810UA4,TSRYS5802849,D,S,D,2024-07-29,1000000.00,4.436004,103.1015625
08:00:22,912810UA4,TSRYS5802849,D,S,D,2024-07-29,2000000.00,4.433913,103.13671875
08:00:23,912810UA4,TSRYS5802849,D,S,C,2024-07-29,11000000.00,4.439258,103.046875
08:00:26,912810UA4,TSRYS5802849,D,S,D,2024-07-29,1000000.00,4.437166,103.08203125
08:00:26,912810UA4,TSRYS5802849,D,S,D,2024-07-29,1000000.00,4.437398,103.078125
08:00:26,912810UA4,TSRYS5802849,D,S,D,2024-07-29,1000000.00,4.438328,103.0625
08:00:26,912810UA4,TSRYS5802849,D,S,D,2024-07-29,2000000.00,4.441701,103.005859375
08:00:26,912810UA4,TSRYS5802849,D,S,D,2024-07-29,1000000.00,4.441468,103.009765625
08:00:26,912810UA4,TSRYS5802849,D,B,A,2024-07-29,500000.00,4.441585,103.0078125
08:00:27,912810UA4,TSRYS5802849,D,S,D,2024-07-29,7000000.00,4.439724,103.0390625
08:00:27,912810UA4,TSRYS5802849,D,S,D,2024-07-29,14000000.00,4.439956,103.03515625
08:00:27,912810UA4,TSRYS5802849,D,B,C,2024-07-29,5960000.00,4.443703,102.97225625
08:00:28,912810UA4,TSRYS5802849,D,S,D,2024-07-29,1000000.00,4.438793,103.0546875
08:00:28,912810UA4,TSRYS5802849,D,S,D,2024-07-29,1000000.00,4.438793,103.0546875
08:00:28,912810UA4,TSRYS5802849,D,S,D,2024-07-29,1000000.00,4.438793,103.0546875
08:00:28,912810UA4,TSRYS5802849,D,S,D,2024-07-29,1000000.00,4.442516,102.9921875
08:00:28,912810UA4,TSRYS5802849,D,S,D,2024-07-29,1000000.00,4.442516,102.9921875
08:00:30,912810UA4,TSRYS5802849,D,S,T,2024-07-29,1000000.00,4.439142,103.048828125
08:00:30,912810UA4,TSRYS5802849,D,S,T,2024-07-29,1000000.00,4.439026,103.05078125
08:00:30,912810UA4,TSRYS5802849,D,S,T,2024-07-29,1000000.00,4.43891,103.052734375
08:00:30,912810UA4,TSRYS5802849,D,S,T,2024-07-29,1000000.00,4.438677,103.056640625
08:00:30,912810UA4,TSRYS5802849,D,S,T,2024-07-29,1000000.00,4.438561,103.05859375
08:00:30,912810UA4,TSRYS5802849,D,S,T,2024-07-29,1000000.00,4.438561,103.05859375
08:00:30,912810UA4,TSRYS5802849,D,S,T,2024-07-29,1000000.00,4.438561,103.05859375
08:00:30,912810UA4,TSRYS5802849,D,S,T,2024-07-29,1000000.00,4.438561,103.05859375
08:00:30,912810UA4,TSRYS5802849,D,S,T,2024-07-29,1000000.00,4.438561,103.05859375
08:00:30,912810UA4,TSRYS5802849,D,S,T,2024-07-29,1000000.00,4.438561,103.05859375
08:00:30,912810UA4,TSRYS5802849,D,S,T,2024-07-29,1000000.00,4.438561,103.05859375
08:00:30,912810UA4,TSRYS5802849,D,S,T,2024-07-29,1000000.00,4.438561,103.05859375
08:00:30,912810UA4,TSRYS5802849,D,S,T,2024-07-29,1000000.00,4.439491,103.04296875
08:00:30,912810UA4,TSRYS5802849,D,S,T,2024-07-29,1000000.00,4.439607,103.041015625
08:00:30,912810UA4,TSRYS5802849,D,S,T,2024-07-29,1000000.00,4.44205,103.0
08:00:30,912810UA4,TSRYS5802849,D,S,T,2024-07-29,1000000.00,4.44205,103.0
08:00:30,912810UA4,TSRYS5802849,D,S,T,2024-07-29,1000000.00,4.44205,103.0
08:00:30,912810UA4,TSRYS5802849,D,S,T,2024-07-29,1000000.00,4.441468,103.009765625
08:00:30,912810UA4,TSRYS5802849,D,S,T,2024-07-29,1000000.00,4.441468,103.009765625
08:00:30,912810UA4,TSRYS5802849,D,S,T,2024-07-29,1000000.00,4.436469,103.09375
08:00:30,912810UA4,TSRYS5802849,D,S,T,2024-07-29,1000000.00,4.438328,103.0625
08:00:30,912810UA4,TSRYS5802849,D,S,T,2024-07-29,1000000.00,4.436352,103.095703125
08:00:30,912810UA4,TSRYS5802849,D,S,T,2024-07-29,1000000.00,4.435539,103.109375
08:00:30,912810UA4,TSRYS5802849,D,S,T,2024-07-29,1000000.00,4.435307,103.11328125
08:00:30,912810UA4,TSRYS5802849,D,S,T,2024-07-29,1000000.00,4.434261,103.130859375
08:00:30,912810UA4,TSRYS5802849,D,S,T,2024-07-29,1000000.00,4.434145,103.1328125
08:00:30,912810UA4,TSRYS5802849,D,S,T,2024-07-29,1000000.00,4.434261,103.130859375
08:00:30,912810UA4,TSRYS5802849,D,S,T,2024-07-29,1000000.00,4.435655,103.107421875
08:00:30,912810UA4,TSRYS5802849,D,S,T,2024-07-29,1000000.00,4.435539,103.109375
08:00:30,912810UA4,TSRYS5802849,D,S,T,2024-07-29,1000000.00,4.432752,103.15625
08:00:30,912810UA4,TSRYS5802849,D,S,T,2024-07-29,1000000.00,4.432752,103.15625
08:00:30,912810UA4,TSRYS5802849,D,S,T,2024-07-29,1000000.00,4.435539,103.109375
08:00:30,912810UA4,TSRYS5802849,D,S,T,2024-07-29,1000000.00,4.432752,103.15625
08:00:30,912810UA4,TSRYS5802849,D,S,T,2024-07-29,1000000.00,4.435539,103.109375
08:00:30,912810UA4,TSRYS5802849,D,S,T,2024-07-29,1000000.00,4.433681,103.140625
08:00:30,912810UA4,TSRYS5802849,D,S,T,2024-07-29,1000000.00,4.436469,103.09375
08:00:30,912810UA4,TSRYS5802849,D,S,T,2024-07-29,1000000.00,4.436469,103.09375
08:00:30,912810UA4,TSRYS5802849,D,S,T,2024-07-29,1000000.00,4.437398,103.078125
08:00:30,912810UA4,TSRYS5802849,D,S,T,2024-07-29,1000000.00,4.437398,103.078125
08:00:30,912810UA4,TSRYS5802849,D,S,T,2024-07-29,1000000.00,4.438328,103.0625
08:00:30,912810UA4,TSRYS5802849,D,S,T,2024-07-29,1000000.00,4.439026,103.05078125
08:00:30,912810UA4,TSRYS5802849,D,S,T,2024-07-29,1000000.00,4.439026,103.05078125
08:00:30,912810UA4,TSRYS5802849,D,S,T,2024-07-29,1000000.00,4.442981,102.984375
08:00:30,912810UA4,TSRYS5802849,D,S,T,2024-07-29,1000000.00,4.442981,102.984375
08:00:30,912810UA4,TSRYS5802849,D,S,T,2024-07-29,2000000.00,4.443912,102.96875
08:00:30,912810UA4,TSRYS5802849,D,S,T,2024-07-29,1000000.00,4.443912,102.96875
08:00:30,912810UA4,TSRYS5802849,D,S,T,2024-07-29,1000000.00,4.443912,102.96875
08:00:30,912810UA4,TSRYS5802849,D,S,T,2024-07-29,1000000.00,4.442981,102.984375
08:00:30,912810UA4,TSRYS5802849,D,S,T,2024-07-29,1000000.00,4.442167,102.998046875
08:00:30,912810UA4,TSRYS5802849,D,S,T,2024-07-29,1000000.00,4.44205,103.0
08:00:30,912810UA4,TSRYS5802849,D,S,T,2024-07-29,1000000.00,4.441119,103.015625
08:00:30,912810UA4,TSRYS5802849,D,S,T,2024-07-29,1000000.00,4.441119,103.015625
08:00:30,912810UA4,TSRYS5802849,D,S,T,2024-07-29,1000000.00,4.441119,103.015625
08:00:30,912810UA4,TSRYS5802849,D,S,T,2024-07-29,1000000.00,4.441119,103.015625
08:00:30,912810UA4,TSRYS5802849,D,S,T,2024-07-29,1000000.00,4.441119,103.015625
08:00:30,912810UA4,TSRYS5802849,D,S,T,2024-07-29,1000000.00,4.44205,103.0
08:00:30,912810UA4,TSRYS5802849,D,S,T,2024-07-29,1000000.00,4.442632,102.990234375
08:00:30,912810UA4,TSRYS5802849,D,S,T,2024-07-29,1000000.00,4.442516,102.9921875
08:00:30,912810UA4,TSRYS5802849,D,S,T,2024-07-29,3000000.00,4.440189,103.03125
08:00:30,912810UA4,TSRYS5802849,D,S,T,2024-07-29,1000000.00,4.439607,103.041015625
08:00:30,912810UA4,TSRYS5802849,D,S,T,2024-07-29,1000000.00,4.439607,103.041015625
08:00:30,912810UA4,TSRYS5802849,D,S,T,2024-07-29,1000000.00,4.439491,103.04296875
08:00:30,912810UA4,TSRYS5802849,D,S,T,2024-07-29,1000000.00,4.439258,103.046875
08:00:30,912810UA4,TSRYS5802849,D,S,T,2024-07-29,1000000.00,4.437863,103.0703125
08:00:30,912810UA4,TSRYS5802849,D,S,T,2024-07-29,1000000.00,4.439258,103.046875
08:00:30,912810UA4,TSRYS5802849,D,S,T,2024-07-29,1000000.00,4.439258,103.046875
08:00:30,912810UA4,TSRYS5802849,D,S,T,2024-07-29,1000000.00,4.439258,103.046875
08:00:30,912810UA4,TSRYS5802849,D,S,T,2024-07-29,1000000.00,4.440189,103.03125
08:00:30,912810UA4,TSRYS5802849,D,S,T,2024-07-29,1000000.00,4.440305,103.029296875
08:00:30,912810UA4,TSRYS5802849,D,S,T,2024-07-29,1000000.00,4.440189,103.03125
08:00:30,912810UA4,TSRYS5802849,D,S,T,2024-07-29,1000000.00,4.440189,103.03125
08:00:30,912810UA4,TSRYS5802849,D,S,T,2024-07-29,1000000.00,4.440189,103.03125
08:00:30,912810UA4,TSRYS5802849,D,S,T,2024-07-29,1000000.00,4.440189,103.03125
08:00:30,912810UA4,TSRYS5802849,D,S,T,2024-07-29,1000000.00,4.440189,103.03125
08:00:30,912810UA4,TSRYS5802849,D,S,T,2024-07-29,1000000.00,4.440421,103.02734375
08:00:30,912810UA4,TSRYS5802849,D,S,T,2024-07-29,1000000.00,4.440421,103.02734375
08:00:30,912810UA4,TSRYS5802849,D,S,T,2024-07-29,1000000.00,4.441119,103.015625
08:00:30,912810UA4,TSRYS5802849,D,S,T,2024-07-29,1000000.00,4.441119,103.015625
08:00:30,912810UA4,TSRYS5802849,D,S,T,2024-07-29,1000000.00,4.441119,103.015625
08:00:30,912810UA4,TSRYS5802849,D,S,T,2024-07-29,1000000.00,4.441119,103.015625
08:00:30,912810UA4,TSRYS5802849,D,S,T,2024-07-29,1000000.00,4.441119,103.015625
08:00:30,912810UA4,TSRYS5802849,D,S,T,2024-07-29,1000000.00,4.441119,103.015625
08:00:30,912810UA4,TSRYS5802849,D,S,T,2024-07-29,1000000.00,4.441119,103.015625
08:00:30,912810UA4,TSRYS5802849,D,S,T,2024-07-29,1000000.00,4.441119,103.015625
08:00:30,912810UA4,TSRYS5802849,D,S,T,2024-07-29,1000000.00,4.441119,103.015625
08:00:30,912810UA4,TSRYS5802849,D,S,T,2024-07-29,1000000.00,4.441119,103.015625
08:00:30,912810UA4,TSRYS5802849,D,S,T,2024-07-29,1000000.00,4.441119,103.015625
08:00:30,912810UA4,TSRYS5802849,D,S,T,2024-07-29,1000000.00,4.441119,103.015625
08:00:30,912810UA4,TSRYS5802849,D,S,T,2024-07-29,1000000.00,4.44205,103.0
08:00:30,912810UA4,TSRYS5802849,D,S,T,2024-07-29,1000000.00,4.44205,103.0
08:00:30,912810UA4,TSRYS5802849,D,S,T,2024-07-29,1000000.00,4.44205,103.0
08:00:30,912810UA4,TSRYS5802849,D,S,T,2024-07-29,1000000.00,4.441119,103.015625
08:00:30,912810UA4,TSRYS5802849,D,S,T,2024-07-29,1000000.00,4.441119,103.015625
08:00:30,912810UA4,TSRYS5802849,D,S,T,2024-07-29,1000000.00,4.441119,103.015625
08:00:30,912810UA4,TSRYS5802849,D,S,T,2024-07-29,1000000.00,4.441119,103.015625
08:00:30,912810UA4,TSRYS5802849,D,S,T,2024-07-29,1000000.00,4.44205,103.0
08:00:30,912810UA4,TSRYS5802849,D,S,T,2024-07-29,1000000.00,4.442981,102.984375
08:00:30,912810UA4,TSRYS5802849,D,S,T,2024-07-29,1000000.00,4.443679,102.97265625
08:00:30,912810UA4,TSRYS5802849,D,S,T,2024-07-29,1000000.00,4.441817,103.00390625
08:00:30,912810UA4,TSRYS5802849,D,S,T,2024-07-29,1000000.00,4.442981,102.984375
08:00:30,912810UA4,TSRYS5802849,D,S,T,2024-07-29,1000000.00,4.442981,102.984375
08:00:30,912810UA4,TSRYS5802849,D,S,T,2024-07-29,1000000.00,4.44205,103.0
08:00:30,912810UA4,TSRYS5802849,D,S,T,2024-07-29,1000000.00,4.442981,102.984375
08:00:30,912810UA4,TSRYS5802849,D,S,T,2024-07-29,1000000.00,4.442981,102.984375
08:00:30,912810UA4,TSRYS5802849,D,S,T,2024-07-29,1000000.00,4.442167,102.998046875
08:00:30,912810UA4,TSRYS5802849,D,S,T,2024-07-29,1000000.00,4.440421,103.02734375
08:00:30,912810UA4,TSRYS5802849,D,S,T,2024-07-29,1000000.00,4.440189,103.03125
08:00:30,912810UA4,TSRYS5802849,D,S,T,2024-07-29,1000000.00,4.438328,103.0625
08:00:30,912810UA4,TSRYS5802849,D,S,T,2024-07-29,1000000.00,4.431823,103.171875
08:00:30,912810UA4,TSRYS5802849,D,S,T,2024-07-29,1000000.00,4.431823,103.171875
08:00:30,912810UA4,TSRYS5802849,D,S,T,2024-07-29,1000000.00,4.431823,103.171875
08:00:30,912810UA4,TSRYS5802849,D,S,T,2024-07-29,1000000.00,4.430894,103.1875
08:00:30,912810UA4,TSRYS5802849,D,S,T,2024-07-29,1000000.00,4.430894,103.1875
08:00:30,912810UA4,TSRYS5802849,D,S,T,2024-07-29,1000000.00,4.431823,103.171875
08:00:30,912810UA4,TSRYS5802849,D,S,T,2024-07-29,1000000.00,4.431823,103.171875
08:00:30,912810UA4,TSRYS5802849,D,S,T,2024-07-29,1000000.00,4.427762,103.240234375
08:00:30,912810UA4,TSRYS5802849,D,S,T,2024-07-29,1000000.00,4.42498,103.287109375
08:00:30,912810UA4,TSRYS5802849,D,S,T,2024-07-29,1000000.00,4.426255,103.265625
08:00:30,912810UA4,TSRYS5802849,D,S,T,2024-07-29,1000000.00,4.426255,103.265625
08:00:30,912810UA4,TSRYS5802849,D,S,T,2024-07-29,1000000.00,4.426255,103.265625
08:00:30,912810UA4,TSRYS5802849,D,S,T,2024-07-29,1000000.00,4.426255,103.265625
08:00:30,912810UA4,TSRYS5802849,D,S,T,2024-07-29,1000000.00,4.426255,103.265625
08:00:30,912810UA4,TSRYS5802849,D,S,T,2024-07-29,1000000.00,4.422546,103.328125
08:00:30,912810UA4,TSRYS5802849,D,S,T,2024-07-29,1000000.00,4.425327,103.28125
08:00:30,912810UA4,TSRYS5802849,D,S,T,2024-07-29,1000000.00,4.425327,103.28125
08:00:30,912810UA4,TSRYS5802849,D,S,T,2024-07-29,1000000.00,4.425327,103.28125
08:00:30,912810UA4,TSRYS5802849,D,S,T,2024-07-29,1000000.00,4.425211,103.283203125
08:00:30,912810UA4,TSRYS5802849,D,S,T,2024-07-29,1000000.00,4.425327,103.28125
08:00:30,912810UA4,TSRYS5802849,D,S,T,2024-07-29,1000000.00,4.422546,103.328125
08:00:30,912810UA4,TSRYS5802849,D,S,T,2024-07-29,1000000.00,4.422546,103.328125
08:00:30,912810UA4,TSRYS5802849,D,S,T,2024-07-29,1000000.00,4.426255,103.265625
08:00:30,912810UA4,TSRYS5802849,D,S,T,2024-07-29,1000000.00,4.426255,103.265625
08:00:30,912810UA4,TSRYS5802849,D,S,T,2024-07-29,1000000.00,4.426255,103.265625
08:00:30,912810UA4,TSRYS5802849,D,S,T,2024-07-29,1000000.00,4.426255,103.265625
08:00:30,912810UA4,TSRYS5802849,D,S,T,2024-07-29,1000000.00,4.426255,103.265625
08:00:30,912810UA4,TSRYS5802849,D,S,T,2024-07-29,5000000.00,4.426255,103.265625
08:00:30,912810UA4,TSRYS5802849,D,S,T,2024-07-29,1000000.00,4.426255,103.265625
08:00:31,912810UA4,TSRYS5802849,D,S,T,2024-07-29,1000000.00,4.426255,103.265625
08:00:31,912810UA4,TSRYS5802849,D,S,T,2024-07-29,1000000.00,4.425327,103.28125
08:00:31,912810UA4,TSRYS5802849,D,S,T,2024-07-29,1000000.00,4.425327,103.28125
08:00:31,912810UA4,TSRYS5802849,D,S,T,2024-07-29,1000000.00,4.425327,103.28125
08:00:31,912810UA4,TSRYS5802849,D,S,T,2024-07-29,1000000.00,4.425327,103.28125
08:00:31,912810UA4,TSRYS5802849,D,S,T,2024-07-29,1000000.00,4.4244,103.296875
08:00:31,912810UA4,TSRYS5802849,D,S,T,2024-07-29,1000000.00,4.4244,103.296875
08:00:31,912810UA4,TSRYS5802849,D,S,T,2024-07-29,1000000.00,4.4244,103.296875
08:00:31,912810UA4,TSRYS5802849,D,S,T,2024-07-29,1000000.00,4.425327,103.28125
08:00:31,912810UA4,TSRYS5802849,D,S,T,2024-07-29,1000000.00,4.425327,103.28125
08:00:31,912810UA4,TSRYS5802849,D,S,T,2024-07-29,1000000.00,4.423473,103.3125
08:00:31,912810UA4,TSRYS5802849,D,S,T,2024-07-29,1000000.00,4.422546,103.328125
08:00:31,912810UA4,TSRYS5802849,D,S,T,2024-07-29,1000000.00,4.420694,103.359375
08:00:31,912810UA4,TSRYS5802849,D,S,T,2024-07-29,1000000.00,4.421388,103.34765625
08:00:31,912810UA4,TSRYS5802849,D,S,T,2024-07-29,1000000.00,4.419883,103.373046875
08:00:31,912810UA4,TSRYS5802849,D,S,T,2024-07-29,1000000.00,4.419767,103.375
08:00:31,912810UA4,TSRYS5802849,D,S,T,2024-07-29,1000000.00,4.419767,103.375
08:00:31,912810UA4,TSRYS5802849,D,S,T,2024-07-29,1000000.00,4.419652,103.376953125
08:00:31,912810UA4,TSRYS5802849,D,S,T,2024-07-29,1000000.00,4.41942,103.380859375
08:00:31,912810UA4,TSRYS5802849,D,S,T,2024-07-29,1000000.00,4.418841,103.390625
08:00:31,912810UA4,TSRYS5802849,D,S,T,2024-07-29,1000000.00,4.418841,103.390625
08:00:31,912810UA4,TSRYS5802849,D,S,T,2024-07-29,1000000.00,4.418841,103.390625
08:00:31,912810UA4,TSRYS5802849,D,S,T,2024-07-29,1000000.00,4.418841,103.390625
08:00:31,912810UA4,TSRYS5802849,D,S,T,2024-07-29,1000000.00,4.418841,103.390625
08:00:31,912810UA4,TSRYS5802849,D,S,T,2024-07-29,1000000.00,4.419767,103.375
08:00:31,912810UA4,TSRYS5802849,D,S,T,2024-07-29,1000000.00,4.42162,103.34375
08:00:31,912810UA4,TSRYS5802849,D,S,T,2024-07-29,1000000.00,4.419999,103.37109375
08:00:31,912810UA4,TSRYS5802849,D,S,T,2024-07-29,1000000.00,4.420115,103.369140625
08:00:31,912810UA4,TSRYS5802849,D,S,T,2024-07-29,1000000.00,4.419999,103.37109375
08:00:31,912810UA4,TSRYS5802849,D,S,T,2024-07-29,1000000.00,4.419883,103.373046875
08:00:31,912810UA4,TSRYS5802849,D,S,T,2024-07-29,1000000.00,4.420694,103.359375
08:00:31,912810UA4,TSRYS5802849,D,S,T,2024-07-29,1000000.00,4.42162,103.34375
08:00:31,912810UA4,TSRYS5802849,D,S,T,2024-07-29,1000000.00,4.42162,103.34375
08:00:31,912810UA4,TSRYS5802849,D,S,D,2024-07-29,1000000.00,4.441352,103.01171875
08:00:31,912810UA4,TSRYS5802849,D,S,D,2024-07-29,1000000.00,4.441352,103.01171875
08:00:31,912810UA4,TSRYS5802849,D,S,D,2024-07-29,1000000.00,4.441352,103.01171875
08:00:31,912810UA4,TSRYS5802849,D,S,D,2024-07-29,1000000.00,4.441585,103.0078125
08:00:31,912810UA4,TSRYS5802849,D,S,T,2024-07-29,1000000.00,4.42162,103.34375
08:00:31,912810UA4,TSRYS5802849,D,S,T,2024-07-29,1000000.00,4.422546,103.328125
08:00:31,912810UA4,TSRYS5802849,D,S,T,2024-07-29,1000000.00,4.423473,103.3125
08:00:31,912810UA4,TSRYS5802849,D,S,T,2024-07-29,1000000.00,4.420694,103.359375
08:00:31,912810UA4,TSRYS5802849,D,S,T,2024-07-29,1000000.00,4.419767,103.375
08:00:31,912810UA4,TSRYS5802849,D,S,T,2024-07-29,1000000.00,4.419767,103.375
08:00:31,912810UA4,TSRYS5802849,D,S,T,2024-07-29,1000000.00,4.42162,103.34375
08:00:31,912810UA4,TSRYS5802849,D,S,T,2024-07-29,1000000.00,4.420346,103.365234375
08:00:31,912810UA4,TSRYS5802849,D,S,T,2024-07-29,1000000.00,4.420694,103.359375
08:00:31,912810UA4,TSRYS5802849,D,S,T,2024-07-29,1000000.00,4.421157,103.3515625
08:00:31,912810UA4,TSRYS5802849,D,S,T,2024-07-29,1000000.00,4.420694,103.359375
08:00:31,912810UA4,TSRYS5802849,D,S,T,2024-07-29,1000000.00,4.420694,103.359375
08:00:31,912810UA4,TSRYS5802849,D,S,T,2024-07-29,1000000.00,4.420694,103.359375
08:00:31,912810UA4,TSRYS5802849,D,S,T,2024-07-29,1000000.00,4.420694,103.359375
08:00:31,912810UA4,TSRYS5802849,D,S,T,2024-07-29,1000000.00,4.420694,103.359375
08:00:31,912810UA4,TSRYS5802849,D,S,T,2024-07-29,1000000.00,4.418841,103.390625
08:00:31,912810UA4,TSRYS5802849,D,S,T,2024-07-29,1000000.00,4.42162,103.34375
08:00:31,912810UA4,TSRYS5802849,D,S,T,2024-07-29,1000000.00,4.422546,103.328125
08:00:31,912810UA4,TSRYS5802849,D,S,T,2024-07-29,1000000.00,4.422546,103.328125
08:00:31,912810UA4,TSRYS5802849,D,S,T,2024-07-29,2000000.00,4.422546,103.328125
08:00:31,912810UA4,TSRYS5802849,D,S,T,2024-07-29,1000000.00,4.417569,103.412109375
08:00:31,912810UA4,TSRYS5802849,D,S,T,2024-07-29,1000000.00,4.417453,103.4140625
08:00:31,912810UA4,TSRYS5802849,D,S,T,2024-07-29,1000000.00,4.417916,103.40625
08:00:31,912810UA4,TSRYS5802849,D,S,T,2024-07-29,1000000.00,4.416759,103.42578125
08:00:31,912810UA4,TSRYS5802849,D,S,T,2024-07-29,1000000.00,4.417916,103.40625
08:00:31,912810UA4,TSRYS5802849,D,S,T,2024-07-29,1000000.00,4.417916,103.40625
08:00:31,912810UA4,TSRYS5802849,D,S,T,2024-07-29,1000000.00,4.417916,103.40625
08:00:31,912810UA4,TSRYS5802849,D,S,T,2024-07-29,1000000.00,4.41699,103.421875
08:00:31,912810UA4,TSRYS5802849,D,S,T,2024-07-29,1000000.00,4.417106,103.419921875
08:00:31,912810UA4,TSRYS5802849,D,S,T,2024-07-29,1000000.00,4.41514,103.453125
08:00:31,912810UA4,TSRYS5802849,D,S,T,2024-07-29,1000000.00,4.41514,103.453125
08:00:31,912810UA4,TSRYS5802849,D,S,T,2024-07-29,1000000.00,4.41514,103.453125
08:00:31,912810UA4,TSRYS5802849,D,S,T,2024-07-29,1000000.00,4.41699,103.421875
08:00:31,912810UA4,TSRYS5802849,D,S,T,2024-07-29,1000000.00,4.417106,103.419921875
08:00:31,912810UA4,TSRYS5802849,D,S,T,2024-07-29,1000000.00,4.41514,103.453125
08:00:31,912810UA4,TSRYS5802849,D,S,T,2024-07-29,1000000.00,4.41514,103.453125
08:00:31,912810UA4,TSRYS5802849,D,S,T,2024-07-29,1000000.00,4.415024,103.455078125
08:00:31,912810UA4,TSRYS5802849,D,S,T,2024-07-29,1000000.00,4.415024,103.455078125
08:00:31,912810UA4,TSRYS5802849,D,S,T,2024-07-29,1000000.00,4.41514,103.453125
08:00:31,912810UA4,TSRYS5802849,D,S,T,2024-07-29,1000000.00,4.41514,103.453125
08:00:31,912810UA4,TSRYS5802849,D,S,T,2024-07-29,1000000.00,4.41514,103.453125
08:00:31,912810UA4,TSRYS5802849,D,S,T,2024-07-29,1000000.00,4.41514,103.453125
08:00:31,912810UA4,TSRYS5802849,D,S,T,2024-07-29,1000000.00,4.41514,103.453125
08:00:31,912810UA4,TSRYS5802849,D,S,T,2024-07-29,1000000.00,4.41514,103.453125
08:00:31,912810UA4,TSRYS5802849,D,S,T,2024-07-29,1000000.00,4.41514,103.453125
08:00:31,912810UA4,TSRYS5802849,D,S,T,2024-07-29,1000000.00,4.416065,103.4375
08:00:31,912810UA4,TSRYS5802849,D,S,T,2024-07-29,1000000.00,4.416065,103.4375
08:00:31,912810UA4,TSRYS5802849,D,S,T,2024-07-29,1000000.00,4.416065,103.4375
08:00:31,912810UA4,TSRYS5802849,D,S,T,2024-07-29,1000000.00,4.416065,103.4375
08:00:31,912810UA4,TSRYS5802849,D,S,T,2024-07-29,1000000.00,4.41514,103.453125
08:00:31,912810UA4,TSRYS5802849,D,S,T,2024-07-29,1000000.00,4.414215,103.46875
08:00:31,912810UA4,TSRYS5802849,D,S,T,2024-07-29,1000000.00,4.41329,103.484375
08:00:31,912810UA4,TSRYS5802849,D,S,T,2024-07-29,1000000.00,4.41329,103.484375
08:00:31,912810UA4,TSRYS5802849,D,S,T,2024-07-29,1000000.00,4.41329,103.484375
08:00:31,912810UA4,TSRYS5802849,D,S,T,2024-07-29,1000000.00,4.412366,103.5
08:00:31,912810UA4,TSRYS5802849,D,S,T,2024-07-29,1000000.00,4.412366,103.5
08:00:31,912810UA4,TSRYS5802849,D,S,T,2024-07-29,1000000.00,4.409593,103.546875
08:00:31,912810UA4,TSRYS5802849,D,S,T,2024-07-29,1000000.00,4.410517,103.53125
08:00:31,912810UA4,TSRYS5802849,D,S,T,2024-07-29,1000000.00,4.410517,103.53125
08:00:31,912810UA4,TSRYS5802849,D,S,T,2024-07-29,1000000.00,4.410517,103.53125
08:00:31,912810UA4,TSRYS5802849,D,S,T,2024-07-29,1000000.00,4.411441,103.515625
08:00:31,912810UA4,TSRYS5802849,D,S,T,2024-07-29,1000000.00,4.411441,103.515625
08:00:31,912810UA4,TSRYS5802849,D,S,T,2024-07-29,1000000.00,4.411441,103.515625
08:00:31,912810UA4,TSRYS5802849,D,S,T,2024-07-29,1000000.00,4.411095,103.521484375
08:00:31,912810UA4,TSRYS5802849,D,S,T,2024-07-29,1000000.00,4.412481,103.498046875
08:00:31,912810UA4,TSRYS5802849,D,S,T,2024-07-29,1000000.00,4.412366,103.5
08:00:31,912810UA4,TSRYS5802849,D,S,T,2024-07-29,1000000.00,4.41329,103.484375
08:00:31,912810UA4,TSRYS5802849,D,S,T,2024-07-29,1000000.00,4.41329,103.484375
08:00:31,912810UA4,TSRYS5802849,D,S,T,2024-07-29,1000000.00,4.413174,103.486328125
08:00:31,912810UA4,TSRYS5802849,D,S,T,2024-07-29,1000000.00,4.41329,103.484375
08:00:31,912810UA4,TSRYS5802849,D,S,T,2024-07-29,1000000.00,4.41329,103.484375
08:00:31,912810UA4,TSRYS5802849,D,S,T,2024-07-29,1000000.00,4.41329,103.484375
08:00:31,912810UA4,TSRYS5802849,D,S,T,2024-07-29,1000000.00,4.41329,103.484375
08:00:31,912810UA4,TSRYS5802849,D,S,T,2024-07-29,1000000.00,4.413174,103.486328125
08:00:31,912810UA4,TSRYS5802849,D,S,T,2024-07-29,1000000.00,4.41329,103.484375
08:00:31,912810UA4,TSRYS5802849,D,S,T,2024-07-29,1000000.00,4.414215,103.46875
08:00:31,912810UA4,TSRYS5802849,D,S,T,2024-07-29,1000000.00,4.414215,103.46875
08:00:31,912810UA4,TSRYS5802849,D,S,T,2024-07-29,1000000.00,4.41514,103.453125
08:00:31,912810UA4,TSRYS5802849,D,S,T,2024-07-29,1000000.00,4.41514,103.453125
08:00:31,912810UA4,TSRYS5802849,D,S,T,2024-07-29,1000000.00,4.41699,103.421875
08:00:31,912810UA4,TSRYS5802849,D,S,T,2024-07-29,1000000.00,4.41699,103.421875
08:00:31,912810UA4,TSRYS5802849,D,S,T,2024-07-29,1000000.00,4.41699,103.421875
08:00:31,912810UA4,TSRYS5802849,D,S,T,2024-07-29,1000000.00,4.41699,103.421875
08:00:31,912810UA4,TSRYS5802849,D,S,T,2024-07-29,1000000.00,4.41699,103.421875
08:00:31,912810UA4,TSRYS5802849,D,S,T,2024-07-29,1000000.00,4.41514,103.453125
08:00:31,912810UA4,TSRYS5802849,D,S,T,2024-07-29,1000000.00,4.413984,103.47265625
08:00:31,912810UA4,TSRYS5802849,D,S,T,2024-07-29,1000000.00,4.41514,103.453125
08:00:31,912810UA4,TSRYS5802849,D,S,T,2024-07-29,1000000.00,4.41514,103.453125
08:00:31,912810UA4,TSRYS5802849,D,S,T,2024-07-29,1000000.00,4.41514,103.453125
08:00:31,912810UA4,TSRYS5802849,D,S,T,2024-07-29,1000000.00,4.412134,103.50390625
08:00:31,912810UA4,TSRYS5802849,D,S,T,2024-07-29,1000000.00,4.411903,103.5078125
08:00:31,912810UA4,TSRYS5802849,D,S,T,2024-07-29,1000000.00,4.412366,103.5
08:00:31,912810UA4,TSRYS5802849,D,S,T,2024-07-29,1000000.00,4.412366,103.5
08:00:31,912810UA4,TSRYS5802849,D,S,T,2024-07-29,1000000.00,4.411441,103.515625
08:00:31,912810UA4,TSRYS5802849,D,S,T,2024-07-29,1000000.00,4.411441,103.515625
08:00:31,912810UA4,TSRYS5802849,D,S,T,2024-07-29,1000000.00,4.412366,103.5
08:00:31,912810UA4,TSRYS5802849,D,S,T,2024-07-29,1000000.00,4.41329,103.484375
08:00:31,912810UA4,TSRYS5802849,D,S,T,2024-07-29,1000000.00,4.41225,103.501953125
08:00:31,912810UA4,TSRYS5802849,D,S,T,2024-07-29,1000000.00,4.408785,103.560546875
08:00:31,912810UA4,TSRYS5802849,D,S,T,2024-07-29,1000000.00,4.410633,103.529296875
08:00:31,912810UA4,TSRYS5802849,D,S,D,2024-07-29,1000000.00,4.439026,103.05078125
08:00:31,912810UA4,TSRYS5802849,D,S,D,2024-07-29,1000000.00,4.438793,103.0546875
08:00:31,912810UA4,TSRYS5802849,D,S,D,2024-07-29,1000000.00,4.441585,103.0078125
08:00:31,912810UA4,TSRYS5802849,D,S,D,2024-07-29,1000000.00,4.436004,103.1015625
08:00:31,912810UA4,TSRYS5802849,D,S,D,2024-07-29,1000000.00,4.436004,103.1015625
08:00:31,912810UA4,TSRYS5802849,D,S,D,2024-07-29,1000000.00,4.437166,103.08203125
08:00:31,912810UA4,TSRYS5802849,D,S,D,2024-07-29,1000000.00,4.437398,103.078125
08:00:31,912810UA4,TSRYS5802849,D,S,D,2024-07-29,1000000.00,4.438328,103.0625
08:00:31,912810UA4,TSRYS5802849,D,S,D,2024-07-29,1000000.00,4.442981,102.984375
08:00:31,912810UA4,TSRYS5802849,D,S,D,2024-07-29,1000000.00,4.442981,102.984375
08:00:31,912810UA4,TSRYS5802849,D,S,D,2024-07-29,1000000.00,4.442283,102.99609375
08:00:31,912810UA4,TSRYS5802849,D,S,D,2024-07-29,1000000.00,4.441352,103.01171875
08:00:31,912810UA4,TSRYS5802849,D,S,D,2024-07-29,1000000.00,4.441352,103.01171875
08:00:31,912810UA4,TSRYS5802849,D,S,D,2024-07-29,1000000.00,4.441352,103.01171875
08:00:31,912810UA4,TSRYS5802849,D,S,D,2024-07-29,1000000.00,4.433216,103.1484375
08:00:31,912810UA4,TSRYS5802849,D,S,D,2024-07-29,1000000.00,4.431591,103.17578125
08:00:31,912810UA4,TSRYS5802849,D,S,D,2024-07-29,1000000.00,4.422778,103.32421875
08:00:31,912810UA4,TSRYS5802849,D,S,D,2024-07-29,1000000.00,4.42023,103.3671875
08:00:31,912810UA4,TSRYS5802849,D,S,D,2024-07-29,1000000.00,4.419999,103.37109375
08:00:31,912810UA4,TSRYS5802849,D,S,D,2024-07-29,1000000.00,4.419999,103.37109375
08:00:31,912810UA4,TSRYS5802849,D,S,D,2024-07-29,1000000.00,4.421852,103.33984375
08:00:31,912810UA4,TSRYS5802849,D,S,D,2024-07-29,1000000.00,4.420694,103.359375
08:00:31,912810UA4,TSRYS5802849,D,S,D,2024-07-29,1000000.00,4.410517,103.53125
08:00:31,912810UA4,TSRYS5802849,D,S,D,2024-07-29,1000000.00,4.410517,103.53125
08:00:31,912810UA4,TSRYS5802849,D,S,D,2024-07-29,1000000.00,4.410517,103.53125
08:00:31,912810UA4,TSRYS5802849,D,S,D,2024-07-29,1000000.00,4.412366,103.5
08:00:31,912810UA4,TSRYS5802849,D,S,D,2024-07-29,1000000.00,4.415834,103.44140625
08:00:31,912810UA4,TSRYS5802849,D,S,D,2024-07-29,1000000.00,4.440654,103.0234375
08:00:31,912810UA4,TSRYS5802849,D,S,D,2024-07-29,1000000.00,4.442981,102.984375
08:00:31,912810UA4,TSRYS5802849,D,S,D,2024-07-29,1000000.00,4.442981,102.984375
08:00:31,912810UA4,TSRYS5802849,D,S,D,2024-07-29,5000000.00,4.441119,103.015625
08:00:31,912810UA4,TSRYS5802849,D,S,D,2024-07-29,1000000.00,4.432287,103.1640625
08:00:31,912810UA4,TSRYS5802849,D,S,D,2024-07-29,1000000.00,4.422662,103.326171875
08:00:31,912810UA4,TSRYS5802849,D,S,D,2024-07-29,1000000.00,4.421388,103.34765625
08:00:31,912810UA4,TSRYS5802849,D,S,D,2024-07-29,1000000.00,4.42023,103.3671875
08:00:31,912810UA4,TSRYS5802849,D,S,D,2024-07-29,1000000.00,4.415949,103.439453125
08:00:31,912810UA4,TSRYS5802849,D,S,D,2024-07-29,1000000.00,4.421852,103.33984375
08:00:31,912810UA4,TSRYS5802849,D,S,D,2024-07-29,1000000.00,4.420578,103.361328125
08:00:31,912810UA4,TSRYS5802849,D,S,D,2024-07-29,1000000.00,4.41699,103.421875
08:00:31,912810UA4,TSRYS5802849,D,S,D,2024-07-29,1000000.00,4.415024,103.455078125
08:00:31,912810UA4,TSRYS5802849,D,S,D,2024-07-29,1000000.00,4.415255,103.451171875
08:00:31,912810UA4,TSRYS5802849,D,S,D,2024-07-29,1000000.00,4.411903,103.5078125
08:00:31,912810UA4,TSRYS5802849,D,S,D,2024-07-29,1000000.00,4.411903,103.5078125
08:00:31,912810UA4,TSRYS5802849,D,S,D,2024-07-29,1000000.00,4.413868,103.474609375
08:00:31,912810UA4,TSRYS5802849,D,S,D,2024-07-29,1000000.00,4.413406,103.482421875
08:00:31,912810UA4,TSRYS5802849,D,S,D,2024-07-29,1000000.00,4.413406,103.482421875
08:00:31,912810UA4,TSRYS5802849,D,S,D,2024-07-29,1000000.00,4.412943,103.490234375
08:00:31,912810UA4,TSRYS5802849,D,S,D,2024-07-29,1000000.00,4.414908,103.45703125
08:00:31,912810UA4,TSRYS5802849,D,S,D,2024-07-29,1000000.00,4.414677,103.4609375
08:00:31,912810UA4,TSRYS5802849,D,S,D,2024-07-29,1000000.00,4.415255,103.451171875
08:00:31,912810UA4,TSRYS5802849,D,S,D,2024-07-29,1000000.00,4.41514,103.453125
08:00:31,912810UA4,TSRYS5802849,D,S,D,2024-07-29,1000000.00,4.41514,103.453125
08:00:31,912810UA4,TSRYS5802849,D,S,D,2024-07-29,1000000.00,4.409478,103.548828125
08:00:31,912810UA4,TSRYS5802849,D,S,D,2024-07-29,1000000.00,4.409478,103.548828125
08:00:31,912810UA4,TSRYS5802849,D,S,D,2024-07-29,1000000.00,4.409016,103.556640625
08:00:31,912810UA4,TSRYS5802849,D,S,D,2024-07-29,1000000.00,4.4089,103.55859375
08:00:31,912810UA4,TSRYS5802849,D,S,D,2024-07-29,1000000.00,4.4089,103.55859375
08:00:31,912810UA4,TSRYS5802849,D,S,D,2024-07-29,1000000.00,4.408785,103.560546875
08:00:31,912810UA4,TSRYS5802849,D,S,D,2024-07-29,1000000.00,4.408669,103.5625
08:00:31,912810UA4,TSRYS5802849,D,S,D,2024-07-29,1000000.00,4.409247,103.552734375
08:00:31,912810UA4,TSRYS5802849,D,S,D,2024-07-29,1000000.00,4.409247,103.552734375
08:00:31,912810UA4,TSRYS5802849,D,S,D,2024-07-29,1000000.00,4.409247,103.552734375
08:00:31,912810UA4,TSRYS5802849,D,S,T,2024-07-29,1000000.00,4.439142,103.048828125
08:00:31,912810UA4,TSRYS5802849,D,S,T,2024-07-29,1000000.00,4.439026,103.05078125
08:00:31,912810UA4,TSRYS5802849,D,S,T,2024-07-29,1000000.00,4.43891,103.052734375
08:00:31,912810UA4,TSRYS5802849,D,S,T,2024-07-29,1000000.00,4.439142,103.048828125
08:00:31,912810UA4,TSRYS5802849,D,S,T,2024-07-29,1000000.00,4.439026,103.05078125
08:00:31,912810UA4,TSRYS5802849,D,S,T,2024-07-29,1000000.00,4.436004,103.1015625
08:00:31,912810UA4,TSRYS5802849,D,S,T,2024-07-29,1000000.00,4.436004,103.1015625
08:00:31,912810UA4,TSRYS5802849,D,S,T,2024-07-29,1000000.00,4.434261,103.130859375
08:00:31,912810UA4,TSRYS5802849,D,S,T,2024-07-29,1000000.00,4.434145,103.1328125
08:00:31,912810UA4,TSRYS5802849,D,S,T,2024-07-29,2000000.00,4.434494,103.126953125
08:00:31,912810UA4,TSRYS5802849,D,S,T,2024-07-29,1000000.00,4.434494,103.126953125
08:00:31,912810UA4,TSRYS5802849,D,S,T,2024-07-29,1000000.00,4.443447,102.9765625
08:00:31,912810UA4,TSRYS5802849,D,S,T,2024-07-29,1000000.00,4.441352,103.01171875
08:00:31,912810UA4,TSRYS5802849,D,S,T,2024-07-29,1000000.00,4.43891,103.052734375
08:00:31,912810UA4,TSRYS5802849,D,S,T,2024-07-29,1000000.00,4.440654,103.0234375
08:00:31,912810UA4,TSRYS5802849,D,S,T,2024-07-29,1000000.00,4.440538,103.025390625
08:00:31,912810UA4,TSRYS5802849,D,S,T,2024-07-29,1000000.00,4.440421,103.02734375
08:00:31,912810UA4,TSRYS5802849,D,S,T,2024-07-29,1000000.00,4.441817,103.00390625
08:00:31,912810UA4,TSRYS5802849,D,S,T,2024-07-29,1000000.00,4.442981,102.984375
08:00:31,912810UA4,TSRYS5802849,D,S,T,2024-07-29,1000000.00,4.442981,102.984375
08:00:31,912810UA4,TSRYS5802849,D,S,T,2024-07-29,1000000.00,4.442981,102.984375
08:00:31,912810UA4,TSRYS5802849,D,S,T,2024-07-29,1000000.00,4.444262,102.962890625
08:00:31,912810UA4,TSRYS5802849,D,S,T,2024-07-29,1000000.00,4.443563,102.974609375
08:00:31,912810UA4,TSRYS5802849,D,S,C,2024-07-29,10000000.00,4.440165,103.03165
08:00:31,912810UA4,TSRYS5802849,D,S,T,2024-07-29,1000000.00,4.436933,103.0859375
08:00:31,912810UA4,TSRYS5802849,D,S,T,2024-07-29,1000000.00,4.433797,103.138671875
08:00:31,912810UA4,TSRYS5802849,D,S,T,2024-07-29,1000000.00,4.433913,103.13671875
08:00:31,912810UA4,TSRYS5802849,D,S,T,2024-07-29,1000000.00,4.433681,103.140625
08:00:31,912810UA4,TSRYS5802849,D,S,T,2024-07-29,1000000.00,4.432287,103.1640625
08:00:31,912810UA4,TSRYS5802849,D,S,T,2024-07-29,1000000.00,4.426139,103.267578125
08:00:31,912810UA4,TSRYS5802849,D,S,T,2024-07-29,1000000.00,4.424632,103.29296875
08:00:31,912810UA4,TSRYS5802849,D,S,T,2024-07-29,1000000.00,4.422315,103.33203125
08:00:31,912810UA4,TSRYS5802849,D,S,T,2024-07-29,1000000.00,4.422315,103.33203125
08:00:32,912810UA4,TSRYS5802849,D,S,T,2024-07-29,1000000.00,4.421504,103.345703125
08:00:32,912810UA4,TSRYS5802849,D,S,T,2024-07-29,1000000.00,4.42023,103.3671875
08:00:32,912810UA4,TSRYS5802849,D,S,T,2024-07-29,1000000.00,4.420462,103.36328125
08:00:32,912810UA4,TSRYS5802849,D,S,T,2024-07-29,1000000.00,4.420346,103.365234375
08:00:32,912810UA4,TSRYS5802849,D,S,T,2024-07-29,1000000.00,4.420346,103.365234375
08:00:32,912810UA4,TSRYS5802849,D,S,T,2024-07-29,1000000.00,4.419999,103.37109375
08:00:32,912810UA4,TSRYS5802849,D,S,T,2024-07-29,1000000.00,4.42023,103.3671875
08:00:32,912810UA4,TSRYS5802849,D,S,T,2024-07-29,1000000.00,4.419652,103.376953125
08:00:32,912810UA4,TSRYS5802849,D,S,T,2024-07-29,1000000.00,4.419304,103.3828125
08:00:32,912810UA4,TSRYS5802849,D,S,T,2024-07-29,1000000.00,4.421041,103.353515625
08:00:32,912810UA4,TSRYS5802849,D,S,T,2024-07-29,1000000.00,4.421041,103.353515625
08:00:32,912810UA4,TSRYS5802849,D,S,T,2024-07-29,1000000.00,4.420925,103.35546875
08:00:32,912810UA4,TSRYS5802849,D,S,T,2024-07-29,1000000.00,4.422662,103.326171875
08:00:32,912810UA4,TSRYS5802849,D,S,T,2024-07-29,1000000.00,4.422199,103.333984375
08:00:32,912810UA4,TSRYS5802849,D,S,T,2024-07-29,1000000.00,4.422083,103.3359375
08:00:32,912810UA4,TSRYS5802849,D,S,T,2024-07-29,1000000.00,4.420925,103.35546875
08:00:32,912810UA4,TSRYS5802849,D,S,T,2024-07-29,1000000.00,4.421272,103.349609375
08:00:32,912810UA4,TSRYS5802849,D,S,T,2024-07-29,1000000.00,4.421041,103.353515625
08:00:32,912810UA4,TSRYS5802849,D,S,T,2024-07-29,1000000.00,4.420925,103.35546875
08:00:32,912810UA4,TSRYS5802849,D,S,T,2024-07-29,1000000.00,4.421157,103.3515625
08:00:32,912810UA4,TSRYS5802849,D,S,T,2024-07-29,1000000.00,4.417106,103.419921875
08:00:32,912810UA4,TSRYS5802849,D,S,T,2024-07-29,1000000.00,4.417222,103.41796875
08:00:32,912810UA4,TSRYS5802849,D,S,T,2024-07-29,1000000.00,4.417106,103.419921875
08:00:32,912810UA4,TSRYS5802849,D,S,T,2024-07-29,1000000.00,4.415024,103.455078125
08:00:32,912810UA4,TSRYS5802849,D,S,T,2024-07-29,1000000.00,4.414793,103.458984375
08:00:32,912810UA4,TSRYS5802849,D,S,T,2024-07-29,1000000.00,4.416065,103.4375
08:00:32,912810UA4,TSRYS5802849,D,S,T,2024-07-29,1000000.00,4.414793,103.458984375
08:00:32,912810UA4,TSRYS5802849,D,S,T,2024-07-29,1000000.00,4.416065,103.4375
08:00:32,912810UA4,TSRYS5802849,D,S,T,2024-07-29,1000000.00,4.410517,103.53125
08:00:32,912810UA4,TSRYS5802849,D,S,T,2024-07-29,1000000.00,4.410517,103.53125
08:00:32,912810UA4,TSRYS5802849,D,S,T,2024-07-29,1000000.00,4.409593,103.546875
08:00:32,912810UA4,TSRYS5802849,D,S,T,2024-07-29,1000000.00,4.412134,103.50390625
08:00:32,912810UA4,TSRYS5802849,D,S,T,2024-07-29,1000000.00,4.412366,103.5
08:00:32,912810UA4,TSRYS5802849,D,S,T,2024-07-29,1000000.00,4.412366,103.5
08:00:32,912810UA4,TSRYS5802849,D,S,T,2024-07-29,1000000.00,4.413868,103.474609375
08:00:32,912810UA4,TSRYS5802849,D,S,T,2024-07-29,1000000.00,4.413174,103.486328125
08:00:32,912810UA4,TSRYS5802849,D,S,T,2024-07-29,1000000.00,4.41329,103.484375
08:00:32,912810UA4,TSRYS5802849,D,S,T,2024-07-29,1000000.00,4.413406,103.482421875
08:00:32,912810UA4,TSRYS5802849,D,S,T,2024-07-29,1000000.00,4.413174,103.486328125
08:00:32,912810UA4,TSRYS5802849,D,S,T,2024-07-29,1000000.00,4.415487,103.447265625
08:00:32,912810UA4,TSRYS5802849,D,S,T,2024-07-29,1000000.00,4.414099,103.470703125
08:00:32,912810UA4,TSRYS5802849,D,S,T,2024-07-29,1000000.00,4.411788,103.509765625
08:00:32,912810UA4,TSRYS5802849,D,S,T,2024-07-29,1000000.00,4.411903,103.5078125
08:00:32,912810UA4,TSRYS5802849,D,S,T,2024-07-29,1000000.00,4.408669,103.5625
08:00:32,912810UA4,TSRYS5802849,D,S,T,2024-07-29,1000000.00,4.408669,103.5625
08:00:32,912810UA4,TSRYS5802849,D,S,T,2024-07-29,1000000.00,4.409247,103.552734375
08:00:32,912810UA4,TSRYS5802849,D,B,C,2024-07-29,10000000.00,4.434145,103.1328125
08:00:32,912810UA4,TSRYS5802849,D,S,C,2024-07-29,4000000.00,4.433671,103.140625
08:00:33,912810UA4,TSRYS5802849,D,S,D,2024-07-29,1000000.00,4.431591,103.17578125
08:00:34,912810UA4,TSRYS5802849,D,S,C,2024-07-29,8000000.00,4.435529,103.109375
08:00:35,912810UA4,TSRYS5802849,D,S,D,2024-07-29,1000000.00,4.44205,103.0
08:00:35,912810UA4,TSRYS5802849,D,S,D,2024-07-29,5000000.00,4.484687,102.28799
08:00:35,912810UA4,TSRYS5802849,D,B,C,2024-07-29,11000000.00,4.425327,103.28125
08:00:35,912810UA4,TSRYS5802849,D,S,C,2024-07-29,500000.00,4.438542,103.05859375
08:00:35,912810UA4,TSRYS5802849,D,S,T,2024-07-29,1000000.00,4.438328,103.0625
08:00:35,912810UA4,TSRYS5802849,D,B,A,2024-07-29,3000000.00,4.440654,103.0234375
08:00:35,912810UA4,TSRYS5802849,D,S,A,2024-07-29,1000000.00,4.433913,103.13671875
08:00:35,912810UA4,TSRYS5802849,D,B,A,2024-07-29,2000000.00,4.432752,103.15625
08:00:35,912810UA4,TSRYS5802849,D,S,A,2024-07-29,5000000.00,4.44205,103.0
08:00:35,912810UA4,TSRYS5802849,D,S,A,2024-07-29,2000000.00,4.441585,103.0078125
08:00:35,912810UA4,TSRYS5802849,D,S,D,2024-07-29,5000000.00,4.442283,102.99609375
08:00:35,912810UA4,TSRYS5802849,D,S,A,2024-07-29,1000000.00,4.439258,103.046875
08:00:35,912810UA4,TSRYS5802849,D,S,A,2024-07-29,2000000.00,4.439258,103.046875
08:00:35,912810UA4,TSRYS5802849,D,S,T,2024-07-29,2000000.00,4.440189,103.03125
08:00:35,912810UA4,TSRYS5802849,D,S,D,2024-07-29,6000000.00,4.441634,103.00699
08:00:35,912810UA4,TSRYS5802849,D,S,D,2024-07-29,1000000.00,4.443098,102.982421875
08:00:35,912810UA4,TSRYS5802849,D,S,D,2024-07-29,1000000.00,4.442637,102.9901545699
08:00:35,912810UA4,TSRYS5802849,D,S,T,2024-07-29,2000000.00,4.439258,103.046875
08:00:35,912810UA4,TSRYS5802849,D,B,A,2024-07-29,5000000.00,4.437166,103.08203125
08:00:35,912810UA4,TSRYS5802849,D,B,A,2024-07-29,3000000.00,4.426718,103.2578125
08:00:35,912810UA4,TSRYS5802849,D,S,A,2024-07-29,500000.00,4.424864,103.2890625
08:00:35,912810UA4,TSRYS5802849,D,B,A,2024-07-29,5000000.00,4.4244,103.296875
08:00:35,912810UA4,TSRYS5802849,D,S,A,2024-07-29,3000000.00,4.42811,103.234375
08:00:35,912810UA4,TSRYS5802849,D,S,A,2024-07-29,10000000.00,4.424632,103.29296875
08:00:36,912810UA4,TSRYS5802849,D,S,C,2024-07-29,5600000.00,4.419073,103.38671875
08:00:36,912810UA4,TSRYS5802849,D,S,C,2024-07-29,3600000.00,4.42162,103.34375
08:00:36,912810UA4,TSRYS5802849,D,S,C,2024-07-29,6500000.00,4.42301,103.3203125
08:00:36,912810UA4,TSRYS5802849,D,S,C,2024-07-29,3600000.00,4.42162,103.34375
08:00:36,912810UA4,TSRYS5802849,D,S,C,2024-07-29,3300000.00,4.420694,103.359375
08:00:36,912810UA4,TSRYS5802849,D,B,C,2024-07-29,5000000.00,4.420462,103.36328125
08:00:36,912810UA4,TSRYS5802849,D,S,C,2024-07-29,1100000.00,4.420694,103.359375
08:00:36,912810UA4,TSRYS5802849,D,S,C,2024-07-29,6000000.00,4.420809,103.357421875
08:00:36,912810UA4,TSRYS5802849,D,S,D,2024-07-29,2000000.00,4.422546,103.328125
08:00:36,912810UA4,TSRYS5802849,D,S,D,2024-07-29,2000000.00,4.422546,103.328125
08:00:36,912810UA4,TSRYS5802849,D,S,C,2024-07-29,5000000.00,4.415371,103.44921875
08:00:36,912810UA4,TSRYS5802849,D,S,D,2024-07-29,2000000.00,4.41329,103.484375
08:00:36,912810UA4,TSRYS5802849,D,S,D,2024-07-29,4000000.00,4.41329,103.484375
08:00:36,912810UA4,TSRYS5802849,D,S,D,2024-07-29,1000000.00,4.41329,103.484375
08:00:36,912810UA4,TSRYS5802849,D,S,D,2024-07-29,1000000.00,4.41329,103.484375
08:00:36,912810UA4,TSRYS5802849,D,S,D,2024-07-29,1000000.00,4.41329,103.484375
08:00:36,912810UA4,TSRYS5802849,D,S,D,2024-07-29,1000000.00,4.41329,103.484375
08:00:36,912810UA4,TSRYS5802849,D,S,T,2024-07-29,1000000.00,4.41514,103.453125
08:00:36,912810UA4,TSRYS5802849,D,S,T,2024-07-29,1000000.00,4.41514,103.453125
08:00:36,912810UA4,TSRYS5802849,D,S,T,2024-07-29,1000000.00,4.41514,103.453125
08:00:36,912810UA4,TSRYS5802849,D,S,T,2024-07-29,1000000.00,4.41514,103.453125
08:00:36,912810UA4,TSRYS5802849,D,B,C,2024-07-29,17163100.00,4.41514,103.453125
08:00:36,912810UA4,TSRYS5802849,D,S,T,2024-07-29,1000000.00,4.41514,103.453125
08:00:36,912810UA4,TSRYS5802849,D,S,D,2024-07-29,1000000.00,4.41514,103.453125
08:00:36,912810UA4,TSRYS5802849,D,S,D,2024-07-29,1000000.00,4.41514,103.453125
08:00:36,912810UA4,TSRYS5802849,D,S,D,2024-07-29,1000000.00,4.412366,103.5
08:00:36,912810UA4,TSRYS5802849,D,B,C,2024-07-29,1000000.00,4.411903,103.5078125
08:00:36,912810UA4,TSRYS5802849,D,S,D,2024-07-29,1000000.00,4.411441,103.515625
08:00:36,912810UA4,TSRYS5802849,D,S,D,2024-07-29,1000000.00,4.412366,103.5
08:00:36,912810UA4,TSRYS5802849,D,S,D,2024-07-29,1000000.00,4.41329,103.484375
08:00:36,912810UA4,TSRYS5802849,D,S,D,2024-07-29,1000000.00,4.410517,103.53125
08:00:36,912810UA4,TSRYS5802849,D,S,D,2024-07-29,1000000.00,4.409593,103.546875
08:00:36,912810UA4,TSRYS5802849,D,S,D,2024-07-29,1000000.00,4.443912,102.96875
08:00:38,912810UA4,TSRYS5802849,D,S,D,2024-07-29,1000000.00,4.420694,103.359375
08:00:38,912810UA4,TSRYS5802849,D,S,T,2024-07-29,1000000.00,4.437747,103.072265625
08:00:38,912810UA4,TSRYS5802849,D,S,T,2024-07-29,1000000.00,4.43461,103.125
08:00:38,912810UA4,TSRYS5802849,D,S,D,2024-07-29,1000000.00,4.433921,103.136579241
08:00:38,912810UA4,TSRYS5802849,D,S,D,2024-07-29,1000000.00,4.419304,103.3828125
08:00:38,912810UA4,TSRYS5802849,D,S,D,2024-07-29,1000000.00,4.419999,103.37109375
08:00:38,912810UA4,TSRYS5802849,D,S,D,2024-07-29,1000000.00,4.437282,103.080078125
08:00:38,912810UA4,TSRYS5802849,D,S,D,2024-07-29,12000000.00,4.434238,103.13125
08:00:38,912810UA4,TSRYS5802849,D,S,C,2024-07-29,1000000.00,4.442981,102.984375
08:00:38,912810UA4,TSRYS5802849,D,S,D,2024-07-29,1000000.00,4.421157,103.3515625
08:00:38,912810UA4,TSRYS5802849,D,S,D,2024-07-29,1000000.00,4.437398,103.078125
08:00:38,912810UA4,TSRYS5802849,D,S,D,2024-07-29,1000000.00,4.420694,103.359375
08:00:38,912810UA4,TSRYS5802849,D,S,D,2024-07-29,100000.00,4.412366,103.5
08:00:38,912810UA4,TSRYS5802849,D,S,C,2024-07-29,2300000.00,4.417904,103.40645
08:00:39,912810UA4,TSRYS5802849,D,B,C,2024-07-29,5929000.00,4.420717,103.358975
08:00:39,912810UA4,TSRYS5802849,D,S,C,2024-07-29,10000000.00,4.422535,103.328325
08:00:39,912810UA4,TSRYS5802849,D,S,D,2024-07-29,32000000.00,4.421157,103.3515625
08:00:39,912810UA4,TSRYS5802849,D,S,C,2024-07-29,3000000.00,4.419304,103.3828125
08:00:39,912810UA4,TSRYS5802849,D,S,T,2024-07-29,1000000.00,4.432752,103.15625
08:00:39,912810UA4,TSRYS5802849,D,S,T,2024-07-29,1000000.00,4.431823,103.171875
08:00:39,912810UA4,TSRYS5802849,D,S,A,2024-07-29,3000000.00,4.434377,103.12890625
08:00:39,912810UA4,TSRYS5802849,D,S,T,2024-07-29,3000000.00,4.434494,103.126953125
08:00:39,912810UA4,TSRYS5802849,D,S,T,2024-07-29,1000000.00,4.434494,103.126953125
08:00:39,912810UA4,TSRYS5802849,D,S,D,2024-07-29,17000000.00,4.412481,103.498046875
08:00:39,912810UA4,TSRYS5802849,D,S,D,2024-07-29,15000000.00,4.418687,103.393229167
08:00:39,912810UA4,TSRYS5802849,D,S,D,2024-07-29,1000000.00,4.41699,103.421875
08:00:39,912810UA4,TSRYS5802849,D,S,C,2024-07-29,6300000.00,4.409581,103.547075
08:00:40,912810UA4,TSRYS5802849,D,S,D,2024-07-29,9000000.00,4.43339,103.145507812
08:00:40,912810UA4,TSRYS5802849,D,S,T,2024-07-29,1000000.00,4.443563,102.974609375
08:00:40,912810UA4,TSRYS5802849,D,S,T,2024-07-29,1000000.00,4.443563,102.974609375
08:00:40,912810UA4,TSRYS5802849,D,S,D,2024-07-29,2000000.00,4.440073,103.033203125
08:00:40,912810UA4,TSRYS5802849,D,S,D,2024-07-29,1000000.00,4.437398,103.078125
08:00:40,912810UA4,TSRYS5802849,D,S,A,2024-07-29,4000000.00,4.443214,102.98046875
08:00:41,912810UA4,TSRYS5802849,D,S,C,2024-07-29,2400000.00,4.420682,103.359575
08:00:41,912810UA4,TSRYS5802849,D,S,C,2024-07-29,900000.00,4.422998,103.3205125
08:00:41,912810UA4,TSRYS5802849,D,S,D,2024-07-29,18000000.00,4.421388,103.34765625
08:00:41,912810UA4,TSRYS5802849,D,S,T,2024-07-29,1000000.00,4.437398,103.078125
08:00:41,912810UA4,TSRYS5802849,D,S,T,2024-07-29,1000000.00,4.437398,103.078125
08:00:41,912810UA4,TSRYS5802849,D,S,D,2024-07-29,5929000.00,4.420717,103.358975
08:00:41,912810UA4,TSRYS5802849,D,B,C,2024-07-29,3000000.00,4.417453,103.4140625
08:00:41,912810UA4,TSRYS5802849,D,S,D,2024-07-29,3000000.00,4.417453,103.4140625
08:00:41,912810UA4,TSRYS5802849,D,S,C,2024-07-29,10000000.00,4.414897,103.45723125
08:00:41,912810UA4,TSRYS5802849,D,B,A,2024-07-29,500000.00,4.425327,103.28125
08:00:41,912810UA4,TSRYS5802849,D,S,D,2024-07-29,1000000.00,4.420694,103.359375
08:00:41,912810UA4,TSRYS5802849,D,S,D,2024-07-29,1000000.00,4.420925,103.35546875
08:00:41,912810UA4,TSRYS5802849,D,S,D,2024-07-29,1000000.00,4.420925,103.35546875
08:00:41,912810UA4,TSRYS5802849,D,S,D,2024-07-29,1000000.00,4.421157,103.3515625
08:00:41,912810UA4,TSRYS5802849,D,B,C,2024-07-29,5000000.00,4.420943,103.35516875
08:00:41,912810UA4,TSRYS5802849,D,S,D,2024-07-29,1000000.00,4.420925,103.35546875
08:00:41,912810UA4,TSRYS5802849,D,S,D,2024-07-29,1000000.00,4.421852,103.33984375
08:00:41,912810UA4,TSRYS5802849,D,S,D,2024-07-29,1000000.00,4.422546,103.328125
08:00:41,912810UA4,TSRYS5802849,D,S,D,2024-07-29,1000000.00,4.421852,103.33984375
08:00:41,912810UA4,TSRYS5802849,D,S,D,2024-07-29,1000000.00,4.422083,103.3359375
08:00:42,912810UA4,TSRYS5802849,D,S,T,2024-07-29,1000000.00,4.4244,103.296875
08:00:42,912810UA4,TSRYS5802849,D,S,D,2024-07-29,1000000.00,4.42023,103.3671875
08:00:42,912810UA4,TSRYS5802849,D,S,T,2024-07-29,2000000.00,4.4244,103.296875
08:00:42,912810UA4,TSRYS5802849,D,S,T,2024-07-29,1000000.00,4.4244,103.296875
08:00:42,912810UA4,TSRYS5802849,D,S,T,2024-07-29,1000000.00,4.4244,103.296875
08:00:42,912810UA4,TSRYS5802849,D,S,T,2024-07-29,2000000.00,4.4244,103.296875
08:00:42,912810UA4,TSRYS5802849,D,S,T,2024-07-29,1000000.00,4.4244,103.296875
08:00:42,912810UA4,TSRYS5802849,D,S,T,2024-07-29,1000000.00,4.4244,103.296875
08:00:42,912810UA4,TSRYS5802849,D,S,T,2024-07-29,1000000.00,4.42498,103.287109375
08:00:42,912810UA4,TSRYS5802849,D,S,T,2024-07-29,1000000.00,4.424864,103.2890625
08:00:42,912810UA4,TSRYS5802849,D,S,D,2024-07-29,1000000.00,4.4244,103.296875
08:00:42,912810UA4,TSRYS5802849,D,S,T,2024-07-29,1000000.00,4.424864,103.2890625
08:00:42,912810UA4,TSRYS5802849,D,S,T,2024-07-29,1000000.00,4.42498,103.287109375
08:00:42,912810UA4,TSRYS5802849,D,S,T,2024-07-29,1000000.00,4.42498,103.287109375
08:00:42,912810UA4,TSRYS5802849,D,S,D,2024-07-29,1000000.00,4.415602,103.4453125
08:00:42,912810UA4,TSRYS5802849,D,S,D,2024-07-29,1000000.00,4.415602,103.4453125
08:00:42,912810UA4,TSRYS5802849,D,S,D,2024-07-29,1000000.00,4.415602,103.4453125
08:00:42,912810UA4,TSRYS5802849,D,S,C,2024-07-29,2000000.00,4.415602,103.4453125
08:00:42,912810UA4,TSRYS5802849,D,B,C,2024-07-29,5000000.00,4.41562,103.4450125
08:00:42,912810UA4,TSRYS5802849,D,S,C,2024-07-29,5912000.00,4.409593,103.546875
08:00:42,912810UA4,TSRYS5802849,D,B,A,2024-07-29,1000000.00,4.4244,103.296875
08:00:42,912810UA4,TSRYS5802849,D,S,T,2024-07-29,1000000.00,4.421504,103.345703125
08:00:42,912810UA4,TSRYS5802849,D,S,T,2024-07-29,1000000.00,4.421388,103.34765625
08:00:42,912810UA4,TSRYS5802849,D,S,D,2024-07-29,1000000.00,4.411441,103.515625
08:00:43,912810UA4,TSRYS5802849,D,S,D,2024-07-29,1000000.00,4.411441,103.515625
08:00:43,912810UA4,TSRYS5802849,D,S,D,2024-07-29,2400000.00,4.420682,103.359575
08:00:43,912810UA4,TSRYS5802849,D,S,A,2024-07-29,2000000.00,4.420694,103.359375
08:00:43,912810UA4,TSRYS5802849,D,S,C,2024-07-29,5200000.00,4.409593,103.546875
08:00:43,912810UA4,TSRYS5802849,D,S,T,2024-07-29,1000000.00,4.42162,103.34375
08:00:43,912810UA4,TSRYS5802849,D,S,T,2024-07-29,1000000.00,4.421736,103.341796875
08:00:43,912810UA4,TSRYS5802849,D,S,T,2024-07-29,1000000.00,4.420694,103.359375
08:00:43,912810UA4,TSRYS5802849,D,B,A,2024-07-29,1000000.00,4.421157,103.3515625
08:00:43,912810UA4,TSRYS5802849,D,S,D,2024-07-29,1000000.00,4.409824,103.54296875
08:00:43,912810UA4,TSRYS5802849,D,S,D,2024-07-29,3000000.00,4.409824,103.54296875
08:00:43,912810UA4,TSRYS5802849,D,S,D,2024-07-29,1000000.00,4.409593,103.546875
08:00:43,912810UA4,TSRYS5802849,D,B,C,2024-07-29,5000000.00,4.409796,103.54345
08:00:43,912810UA4,TSRYS5802849,D,S,D,2024-07-29,1000000.00,4.410517,103.53125
08:00:43,912810UA4,TSRYS5802849,D,S,D,2024-07-29,1000000.00,4.410517,103.53125
08:00:43,912810UA4,TSRYS5802849,D,S,T,2024-07-29,1000000.00,4.420694,103.359375
08:00:43,912810UA4,TSRYS5802849,D,S,T,2024-07-29,1000000.00,4.420694,103.359375
08:00:43,912810UA4,TSRYS5802849,D,S,D,2024-07-29,1000000.00,4.410517,103.53125
08:00:43,912810UA4,TSRYS5802849,D,S,D,2024-07-29,2000000.00,4.410517,103.53125
08:00:44,912810UA4,TSRYS5802849,D,S,D,2024-07-29,1000000.00,4.412366,103.5
08:00:44,912810UA4,TSRYS5802849,D,S,D,2024-07-29,1000000.00,4.421852,103.33984375
08:00:44,912810UA4,TSRYS5802849,D,S,D,2024-07-29,10000000.00,4.422535,103.328325
08:00:44,912810UA4,TSRYS5802849,D,S,T,2024-07-29,1000000.00,4.422546,103.328125
08:00:44,912810UA4,TSRYS5802849,D,S,T,2024-07-29,1000000.00,4.422778,103.32421875
08:00:44,912810UA4,TSRYS5802849,D,S,T,2024-07-29,1000000.00,4.419767,103.375
08:00:44,912810UA4,TSRYS5802849,D,S,D,2024-07-29,3000000.00,4.419304,103.3828125
08:00:44,912810UA4,TSRYS5802849,D,S,T,2024-07-29,1000000.00,4.418263,103.400390625
08:00:44,912810UA4,TSRYS5802849,D,S,T,2024-07-29,1000000.00,4.418379,103.3984375
08:00:44,912810UA4,TSRYS5802849,D,S,T,2024-07-29,1000000.00,4.417916,103.40625
08:00:44,912810UA4,TSRYS5802849,D,S,T,2024-07-29,1000000.00,4.41699,103.421875
08:00:44,912810UA4,TSRYS5802849,D,S,T,2024-07-29,1000000.00,4.417106,103.419921875
08:00:44,912810UA4,TSRYS5802849,D,S,T,2024-07-29,1000000.00,4.417106,103.419921875
08:00:44,912810UA4,TSRYS5802849,D,S,A,2024-07-29,5000000.00,4.416759,103.42578125
08:00:44,912810UA4,TSRYS5802849,D,S,T,2024-07-29,1000000.00,4.417337,103.416015625
08:00:45,912810UA4,TSRYS5802849,D,S,T,2024-07-29,1000000.00,4.416412,103.431640625
08:00:45,912810UA4,TSRYS5802849,D,S,T,2024-07-29,1000000.00,4.417916,103.40625
08:00:45,912810UA4,TSRYS5802849,D,S,T,2024-07-29,1000000.00,4.417916,103.40625
08:00:45,912810UA4,TSRYS5802849,D,S,T,2024-07-29,1000000.00,4.417916,103.40625
08:00:46,912810UA4,TSRYS5802849,D,S,T,2024-07-29,2000000.00,4.413521,103.48046875
08:00:46,912810UA4,TSRYS5802849,D,S,C,2024-07-29,25000.00,4.442957,103.004775
08:00:46,912810UA4,TSRYS5802849,D,S,D,2024-07-29,1000000.00,4.41329,103.484375
08:00:46,912810UA4,TSRYS5802849,D,S,T,2024-07-29,1000000.00,4.41514,103.453125
08:00:46,912810UA4,TSRYS5802849,D,S,D,2024-07-29,1000000.00,4.416296,103.43359375
08:00:46,912810UA4,TSRYS5802849,D,S,T,2024-07-29,1000000.00,4.415602,103.4453125
08:00:46,912810UA4,TSRYS5802849,D,S,T,2024-07-29,1000000.00,4.416065,103.4375
08:00:46,912810UA4,TSRYS5802849,D,S,T,2024-07-29,1000000.00,4.415024,103.455078125
08:00:46,912810UA4,TSRYS5802849,D,S,T,2024-07-29,1000000.00,4.414908,103.45703125
08:00:46,912810UA4,TSRYS5802849,D,S,C,2024-07-29,1000000.00,4.415602,103.4453125
08:00:47,912810UA4,TSRYS5802849,D,S,T,2024-07-29,1000000.00,4.413637,103.478515625
08:00:47,912810UA4,TSRYS5802849,D,S,D,2024-07-29,1000000.00,4.418147,103.40234375
08:00:48,912810UA4,TSRYS5802849,D,S,D,2024-07-29,1000000.00,4.437631,103.07421875
08:00:48,912810UA4,TSRYS5802849,D,S,A,2024-07-29,670000.00,4.431359,103.1796875
08:00:48,912810UA4,TSRYS5802849,D,S,D,2024-07-29,1000000.00,4.415834,103.44140625
08:00:48,912810UA4,TSRYS5802849,D,S,D,2024-07-29,1000000.00,4.412366,103.5
08:00:48,912810UA4,TSRYS5802849,D,S,T,2024-07-29,1000000.00,4.433797,103.138671875
08:00:49,912810UA4,TSRYS5802849,D,S,T,2024-07-29,3000000.00,4.43461,103.125
08:00:49,912810UA4,TSRYS5802849,D,S,T,2024-07-29,1000000.00,4.43461,103.125
08:00:49,912810UA4,TSRYS5802849,D,S,D,2024-07-29,12000000.00,4.438893,103.053013393
08:00:49,912810UA4,TSRYS5802849,D,S,A,2024-07-29,1615000.00,4.438561,103.05859375
08:00:50,912810UA4,TSRYS5802849,D,S,T,2024-07-29,2000000.00,4.443447,102.9765625
08:00:50,912810UA4,TSRYS5802849,D,S,T,2024-07-29,1000000.00,4.442516,102.9921875
08:00:50,912810UA4,TSRYS5802849,D,S,T,2024-07-29,1000000.00,4.44205,103.0
08:00:50,912810UA4,TSRYS5802849,D,B,A,2024-07-29,95000.00,4.438561,103.05859375
08:00:50,912810UA4,TSRYS5802849,D,S,D,2024-07-29,25000.00,4.442957,102.984775
08:00:50,912810UA4,TSRYS5802849,D,S,D,2024-07-29,1000000.00,4.442981,102.984375
08:00:50,912810UA4,TSRYS5802849,D,S,T,2024-07-29,1000000.00,4.414215,103.46875
08:00:50,912810UA4,TSRYS5802849,D,S,D,2024-07-29,62000.00,4.443888,102.96915
08:00:51,912810UA4,TSRYS5802849,D,S,D,2024-07-29,500000.00,4.432752,103.15625
08:00:52,912810UA4,TSRYS5802849,D,B,A,2024-07-29,1000000.00,4.424612,103.29296875
08:00:52,912810UA4,TSRYS5802849,D,S,T,2024-07-29,1000000.00,4.424864,103.2890625
08:00:52,912810UA4,TSRYS5802849,D,B,A,2024-07-29,6300000.00,4.422073,103.3359375
08:00:52,912810UA4,TSRYS5802849,D,S,T,2024-07-29,1000000.00,4.421272,103.349609375
08:00:52,912810UA4,TSRYS5802849,D,S,D,2024-07-29,1000000.00,4.421041,103.353515625
08:00:52,912810UA4,TSRYS5802849,D,S,D,2024-07-29,1000000.00,4.420694,103.359375
08:00:52,912810UA4,TSRYS5802849,D,S,D,2024-07-29,1000000.00,4.421157,103.3515625
08:00:52,912810UA4,TSRYS5802849,D,S,D,2024-07-29,1000000.00,4.421388,103.34765625
08:00:52,912810UA4,TSRYS5802849,D,S,D,2024-07-29,1000000.00,4.421388,103.34765625
08:00:52,912810UA4,TSRYS5802849,D,S,T,2024-07-29,1000000.00,4.414215,103.46875
08:00:52,912810UA4,TSRYS5802849,D,S,T,2024-07-29,2000000.00,4.413752,103.4765625
08:00:52,912810UA4,TSRYS5802849,D,S,D,2024-07-29,2300000.00,4.417904,103.40645
08:00:52,912810UA4,TSRYS5802849,D,S,D,2024-07-29,1000000.00,4.419304,103.3828125
08:00:52,912810UA4,TSRYS5802849,D,S,T,2024-07-29,1000000.00,4.414215,103.46875
08:00:53,912810UA4,TSRYS5802849,D,S,T,2024-07-29,1000000.00,4.414215,103.46875
08:00:53,912810UA4,TSRYS5802849,D,S,D,2024-07-29,900000.00,4.422998,103.3205125
08:00:53,912810UA4,TSRYS5802849,D,S,C,2024-07-29,20000000.00,4.42439,103.296875
08:00:53,912810UA4,TSRYS5802849,D,S,T,2024-07-29,1000000.00,4.414215,103.46875
08:00:53,912810UA4,TSRYS5802849,D,S,T,2024-07-29,1000000.00,4.42162,103.34375
08:00:53,912810UA4,TSRYS5802849,D,S,C,2024-07-29,5000000.00,4.425317,103.28125
08:00:53,912810UA4,TSRYS5802849,D,S,T,2024-07-29,1000000.00,4.420346,103.365234375
08:00:53,912810UA4,TSRYS5802849,D,S,C,2024-07-29,5000000.00,4.42439,103.296875
08:00:53,912810UA4,TSRYS5802849,D,S,T,2024-07-29,1000000.00,4.42162,103.34375
08:00:53,912810UA4,TSRYS5802849,D,S,T,2024-07-29,1000000.00,4.420925,103.35546875
08:00:53,912810UA4,TSRYS5802849,D,S,T,2024-07-29,1000000.00,4.420694,103.359375
08:00:54,912810UA4,TSRYS5802849,D,S,T,2024-07-29,1000000.00,4.420694,103.359375
08:00:54,912810UA4,TSRYS5802849,D,S,T,2024-07-29,1000000.00,4.42162,103.34375
08:00:54,912810UA4,TSRYS5802849,D,S,T,2024-07-29,1000000.00,4.42162,103.34375
08:00:54,912810UA4,TSRYS5802849,D,S,T,2024-07-29,1000000.00,4.420694,103.359375
08:00:54,912810UA4,TSRYS5802849,D,S,T,2024-07-29,1000000.00,4.420694,103.359375
08:00:54,912810UA4,TSRYS5802849,D,S,T,2024-07-29,1000000.00,4.418263,103.400390625
08:00:54,912810UA4,TSRYS5802849,D,S,T,2024-07-29,1000000.00,4.418726,103.392578125
08:00:54,912810UA4,TSRYS5802849,D,S,T,2024-07-29,1000000.00,4.418494,103.396484375
08:00:54,912810UA4,TSRYS5802849,D,S,T,2024-07-29,1000000.00,4.417916,103.40625
08:00:54,912810UA4,TSRYS5802849,D,S,T,2024-07-29,1000000.00,4.417916,103.40625
08:00:54,912810UA4,TSRYS5802849,D,S,T,2024-07-29,1000000.00,4.41699,103.421875
08:00:54,912810UA4,TSRYS5802849,D,S,T,2024-07-29,1000000.00,4.41699,103.421875
08:00:54,912810UA4,TSRYS5802849,D,S,T,2024-07-29,1000000.00,4.417222,103.41796875
08:00:54,912810UA4,TSRYS5802849,D,S,T,2024-07-29,2000000.00,4.417222,103.41796875
08:00:54,912810UA4,TSRYS5802849,D,S,T,2024-07-29,1000000.00,4.417916,103.40625
08:00:54,912810UA4,TSRYS5802849,D,S,T,2024-07-29,1000000.00,4.417916,103.40625
08:00:54,912810UA4,TSRYS5802849,D,S,T,2024-07-29,1000000.00,4.418263,103.400390625
08:00:54,912810UA4,TSRYS5802849,D,S,T,2024-07-29,1000000.00,4.417916,103.40625
08:00:54,912810UA4,TSRYS5802849,D,S,T,2024-07-29,1000000.00,4.41699,103.421875
08:00:54,912810UA4,TSRYS5802849,D,S,T,2024-07-29,1000000.00,4.415371,103.44921875
08:00:55,912810UA4,TSRYS5802849,D,S,A,2024-07-29,1000000.00,4.417337,103.41601562
08:00:55,912810UA4,TSRYS5802849,D,S,D,2024-07-29,10000000.00,4.414897,103.45723125
08:00:55,912810UA4,TSRYS5802849,D,S,D,2024-07-29,1180000.00,4.412597,103.49609375
08:00:55,912810UA4,TSRYS5802849,D,S,T,2024-07-29,1000000.00,4.414215,103.46875
08:00:55,912810UA4,TSRYS5802849,D,S,T,2024-07-29,2000000.00,4.413521,103.48046875
08:00:55,912810UA4,TSRYS5802849,D,S,T,2024-07-29,1000000.00,4.413521,103.48046875
08:00:55,912810UA4,TSRYS5802849,D,S,T,2024-07-29,1000000.00,4.413521,103.48046875
08:00:55,912810UA4,TSRYS5802849,D,S,T,2024-07-29,2000000.00,4.413521,103.48046875
08:00:55,912810UA4,TSRYS5802849,D,S,T,2024-07-29,1000000.00,4.413521,103.48046875
08:00:55,912810UA4,TSRYS5802849,D,B,A,2024-07-29,5000000.00,4.433681,103.140625
08:00:55,912810UA4,TSRYS5802849,D,S,T,2024-07-29,1000000.00,4.433681,103.140625
08:00:55,912810UA4,TSRYS5802849,D,S,T,2024-07-29,1000000.00,4.433681,103.140625
08:00:55,912810UA4,TSRYS5802849,D,S,D,2024-07-29,1000000.00,4.41329,103.484375
08:00:56,912810UA4,TSRYS5802849,D,S,D,2024-07-29,15000000.00,4.418224,103.401041667
08:00:56,912810UA4,TSRYS5802849,D,S,D,2024-07-29,1000000.00,4.418147,103.40234375
08:00:56,912810UA4,TSRYS5802849,D,S,T,2024-07-29,1000000.00,4.416412,103.431640625
08:00:56,912810UA4,TSRYS5802849,D,S,T,2024-07-29,1000000.00,4.41699,103.421875
08:00:56,912810UA4,TSRYS5802849,D,S,T,2024-07-29,1000000.00,4.416412,103.431640625
08:00:56,912810UA4,TSRYS5802849,D,S,C,2024-07-29,62000.00,4.443888,102.97721451613
08:00:56,912810UA4,TSRYS5802849,D,S,T,2024-07-29,1000000.00,4.416412,103.431640625
08:00:56,912810UA4,TSRYS5802849,D,S,D,2024-07-29,1000000.00,4.418147,103.40234375
08:00:56,912810UA4,TSRYS5802849,D,S,T,2024-07-29,1000000.00,4.43461,103.125
08:00:56,912810UA4,TSRYS5802849,D,S,T,2024-07-29,1000000.00,4.434616,103.124898
08:00:56,912810UA4,TSRYS5802849,D,S,T,2024-07-29,1000000.00,4.434616,103.124898
08:00:56,912810UA4,TSRYS5802849,D,S,T,2024-07-29,1000000.00,4.415371,103.44921875
08:00:56,912810UA4,TSRYS5802849,D,S,T,2024-07-29,1000000.00,4.41514,103.453125
08:00:56,912810UA4,TSRYS5802849,D,B,A,2024-07-29,600000.00,4.420694,103.359375
08:00:56,912810UA4,TSRYS5802849,D,S,T,2024-07-29,1000000.00,4.42162,103.34375
08:00:57,912810UA4,TSRYS5802849,D,B,C,2024-07-29,1500000.00,4.410517,103.53125
08:00:57,912810UA4,TSRYS5802849,D,B,C,2024-07-29,3000000.00,4.42162,103.34375
08:00:57,912810UA4,TSRYS5802849,D,S,D,2024-07-29,6300000.00,4.409581,103.547075
08:00:57,912810UA4,TSRYS5802849,D,S,D,2024-07-29,3000000.00,4.417222,103.41796875
08:00:57,912810UA4,TSRYS5802849,D,S,D,2024-07-29,2000000.00,4.417453,103.4140625
08:00:57,912810UA4,TSRYS5802849,D,S,T,2024-07-29,1000000.00,4.414215,103.46875
08:00:58,912810UA4,TSRYS5802849,D,S,T,2024-07-29,1000000.00,4.443098,102.982421875
08:00:58,912810UA4,TSRYS5802849,D,S,T,2024-07-29,1000000.00,4.443214,102.98046875
08:00:58,912810UA4,TSRYS5802849,D,S,T,2024-07-29,1000000.00,4.410517,103.53125
08:00:58,912810UA4,TSRYS5802849,D,S,T,2024-07-29,1000000.00,4.410517,103.53125
08:00:59,912810UA4,TSRYS5802849,D,S,A,2024-07-29,2000000.00,4.441352,103.01171875
08:00:59,912810UA4,TSRYS5802849,D,S,A,2024-07-29,2000000.00,4.439491,103.04296875
08:01:00,912810UA4,TSRYS5802849,D,S,A,2024-07-29,2000000.00,4.439491,103.04296875
08:01:00,912810UA4,TSRYS5802849,D,S,D,2024-07-29,1000000.00,4.414677,103.4609375
08:01:02,912810UA4,TSRYS5802849,D,S,T,2024-07-29,1000000.00,4.416073,103.43737
08:01:03,912810UA4,TSRYS5802849,D,S,T,2024-07-29,1000000.00,4.416073,103.43737
08:01:03,912810UA4,TSRYS5802849,D,S,C,2024-07-29,5000000.00,4.410517,103.53125
08:01:03,912810UA4,TSRYS5802849,D,S,D,2024-07-29,100000.00,4.419073,103.38671875
08:01:05,912810UA4,TSRYS5802849,D,B,A,2024-07-29,1000000.00,4.413995,103.47245625
08:01:05,912810UA4,TSRYS5802849,D,S,T,2024-07-29,1000000.00,4.413995,103.47245625
08:01:06,912810UA4,TSRYS5802849,D,S,C,2024-07-29,11000000.00,4.439258,103.046875
08:01:07,912810UA4,TSRYS5802849,D,S,T,2024-07-29,1000000.00,4.414099,103.470703125
08:01:07,912810UA4,TSRYS5802849,D,S,T,2024-07-29,1000000.00,4.414215,103.46875
08:01:07,912810UA4,TSRYS5802849,D,S,D,2024-07-29,250000.00,4.411441,103.515625
08:01:08,912810UA4,TSRYS5802849,D,S,T,2024-07-29,1000000.00,4.442056,102.9999
08:01:08,912810UA4,TSRYS5802849,D,S,A,2024-07-29,2000000.00,4.414215,103.46875
08:01:09,912810UA4,TSRYS5802849,D,S,T,2024-07-29,1000000.00,4.408785,103.560546875
08:01:09,912810UA4,TSRYS5802849,D,S,T,2024-07-29,1000000.00,4.410633,103.529296875
08:01:09,912810UA4,TSRYS5802849,D,S,T,2024-07-29,1000000.00,4.411678,103.51161875
08:01:09,912810UA4,TSRYS5802849,D,S,T,2024-07-29,1000000.00,4.411678,103.51161875
08:01:09,912810UA4,TSRYS5802849,D,S,T,2024-07-29,1000000.00,4.411678,103.51161875
08:01:09,912810UA4,TSRYS5802849,D,B,A,2024-07-29,6000000.00,4.435307,103.11328125
08:01:09,912810UA4,TSRYS5802849,D,S,T,2024-07-29,1000000.00,4.435074,103.1171875
08:01:09,912810UA4,TSRYS5802849,D,S,T,2024-07-29,1000000.00,4.435074,103.1171875
08:01:09,912810UA4,TSRYS5802849,D,S,T,2024-07-29,2000000.00,4.435074,103.1171875
08:01:09,912810UA4,TSRYS5802849,D,S,T,2024-07-29,1000000.00,4.435074,103.1171875
08:01:10,912810UA4,TSRYS5802849,D,S,T,2024-07-29,1000000.00,4.434616,103.124898
08:01:10,912810UA4,TSRYS5802849,D,S,D,2024-07-29,1000000.00,4.442516,102.9921875
08:01:10,912810UA4,TSRYS5802849,D,S,D,2024-07-29,1000000.00,4.442516,102.9921875
08:01:10,912810UA4,TSRYS5802849,D,S,D,2024-07-29,1000000.00,4.422546,103.328125
08:01:10,912810UA4,TSRYS5802849,D,S,D,2024-07-29,1000000.00,4.422546,103.328125
08:01:10,912810UA4,TSRYS5802849,D,S,D,2024-07-29,1000000.00,4.422083,103.3359375
08:01:10,912810UA4,TSRYS5802849,D,S,D,2024-07-29,1000000.00,4.421852,103.33984375
08:01:10,912810UA4,TSRYS5802849,D,S,T,2024-07-29,1000000.00,4.417916,103.40625
08:01:10,912810UA4,TSRYS5802849,D,S,T,2024-07-29,1000000.00,4.417916,103.40625
08:01:10,912810UA4,TSRYS5802849,D,S,T,2024-07-29,1000000.00,4.442522,102.9920875
08:01:10,912810UA4,TSRYS5802849,D,S,T,2024-07-29,1000000.00,4.442405,102.994040625
08:01:10,912810UA4,TSRYS5802849,D,S,T,2024-07-29,1000000.00,4.442522,102.9920875
08:01:10,912810UA4,TSRYS5802849,D,S,T,2024-07-29,1000000.00,4.441707,103.005759375
08:01:10,912810UA4,TSRYS5802849,D,S,T,2024-07-29,1000000.00,4.441823,103.00380625
08:01:10,912810UA4,TSRYS5802849,D,S,T,2024-07-29,1000000.00,4.422552,103.328025
08:01:10,912810UA4,TSRYS5802849,D,S,T,2024-07-29,1000000.00,4.422437,103.329978125
08:01:10,912810UA4,TSRYS5802849,D,S,T,2024-07-29,1000000.00,4.422552,103.328025
08:01:10,912810UA4,TSRYS5802849,D,S,T,2024-07-29,1000000.00,4.422552,103.328025
08:01:10,912810UA4,TSRYS5802849,D,S,T,2024-07-29,1000000.00,4.421857,103.33974375
08:01:10,912810UA4,TSRYS5802849,D,S,T,2024-07-29,1000000.00,4.421973,103.337790625
08:01:10,912810UA4,TSRYS5802849,D,S,T,2024-07-29,1000000.00,4.421973,103.337790625
08:01:10,912810UA4,TSRYS5802849,D,S,T,2024-07-29,1000000.00,4.421973,103.337790625
08:01:11,912810UA4,TSRYS5802849,D,S,T,2024-07-29,1000000.00,4.409137,103.5545875
08:01:11,912810UA4,TSRYS5802849,D,S,T,2024-07-29,1000000.00,4.42256,103.3279
08:01:11,912810UA4,TSRYS5802849,D,S,T,2024-07-29,1000000.00,4.42256,103.3279
08:01:11,912810UA4,TSRYS5802849,D,S,T,2024-07-29,1000000.00,4.42256,103.3279
08:01:11,912810UA4,TSRYS5802849,D,S,T,2024-07-29,1000000.00,4.42256,103.3279
08:01:11,912810UA4,TSRYS5802849,D,S,T,2024-07-29,1000000.00,4.42256,103.3279
08:01:11,912810UA4,TSRYS5802849,D,S,T,2024-07-29,1000000.00,4.42256,103.3279
08:01:11,912810UA4,TSRYS5802849,D,S,T,2024-07-29,1000000.00,4.442516,102.9921875
08:01:11,912810UA4,TSRYS5802849,D,S,T,2024-07-29,1000000.00,4.441701,103.005859375
08:01:11,912810UA4,TSRYS5802849,D,S,T,2024-07-29,1000000.00,4.441817,103.00390625
08:01:11,912810UA4,TSRYS5802849,D,S,T,2024-07-29,1000000.00,4.422546,103.328125
08:01:11,912810UA4,TSRYS5802849,D,S,T,2024-07-29,1000000.00,4.422431,103.330078125
08:01:11,912810UA4,TSRYS5802849,D,S,T,2024-07-29,1000000.00,4.422546,103.328125
08:01:11,912810UA4,TSRYS5802849,D,S,T,2024-07-29,2000000.00,4.421736,103.341796875
08:01:11,912810UA4,TSRYS5802849,D,S,T,2024-07-29,1000000.00,4.421852,103.33984375
08:01:11,912810UA4,TSRYS5802849,D,S,T,2024-07-29,1000000.00,4.421852,103.33984375
08:01:11,912810UA4,TSRYS5802849,D,S,T,2024-07-29,1000000.00,4.421967,103.337890625
08:01:11,912810UA4,TSRYS5802849,D,S,T,2024-07-29,1000000.00,4.409131,103.5546875
08:01:11,912810UA4,TSRYS5802849,D,S,D,2024-07-29,10000000.00,4.438926,103.0524531
08:01:11,912810UA4,TSRYS5802849,D,S,D,2024-07-29,1000000.00,4.433871,103.1374188
08:01:11,912810UA4,TSRYS5802849,D,S,D,2024-07-29,1000000.00,4.435962,103.1022625
08:01:11,912810UA4,TSRYS5802849,D,S,C,2024-07-29,20000000.00,4.435085,103.1170034
08:01:12,912810UA4,TSRYS5802849,D,B,C,2024-07-29,30000.00,4.408693,103.5621
08:01:12,912810UA4,TSRYS5802849,D,B,A,2024-07-29,2000000.00,4.416296,103.43359375
08:01:12,912810UA4,TSRYS5802849,D,S,A,2024-07-29,10000000.00,4.442516,102.9921875
08:01:12,912810UA4,TSRYS5802849,D,S,T,2024-07-29,1000000.00,4.417916,103.40625
08:01:12,912810UA4,TSRYS5802849,D,S,T,2024-07-29,1000000.00,4.417922,103.406148
08:01:12,912810UA4,TSRYS5802849,D,S,T,2024-07-29,1000000.00,4.417916,103.40625
08:01:12,912810UA4,TSRYS5802849,D,S,T,2024-07-29,1000000.00,4.417916,103.40625
08:01:13,912810UA4,TSRYS5802849,D,S,T,2024-07-29,1000000.00,4.417916,103.40625
08:01:13,912810UA4,TSRYS5802849,D,S,T,2024-07-29,1000000.00,4.417916,103.40625
08:01:13,912810UA4,TSRYS5802849,D,S,T,2024-07-29,1000000.00,4.417916,103.40625
08:01:13,912810UA4,TSRYS5802849,D,S,T,2024-07-29,1000000.00,4.417916,103.40625
08:01:13,912810UA4,TSRYS5802849,D,S,T,2024-07-29,1000000.00,4.417916,103.40625
08:01:13,912810UA4,TSRYS5802849,D,S,T,2024-07-29,1000000.00,4.417916,103.40625
08:01:13,912810UA4,TSRYS5802849,D,S,T,2024-07-29,1000000.00,4.417916,103.40625
08:01:13,912810UA4,TSRYS5802849,D,S,T,2024-07-29,1000000.00,4.417916,103.40625
08:01:13,912810UA4,TSRYS5802849,D,S,T,2024-07-29,1000000.00,4.417916,103.40625
08:01:13,912810UA4,TSRYS5802849,D,S,T,2024-07-29,1000000.00,4.417916,103.40625
08:01:13,912810UA4,TSRYS5802849,D,S,T,2024-07-29,1000000.00,4.417916,103.40625
08:01:13,912810UA4,TSRYS5802849,D,S,D,2024-07-29,1000000.00,4.438793,103.0546875
08:01:13,912810UA4,TSRYS5802849,D,S,D,2024-07-29,1000000.00,4.438793,103.0546875
08:01:14,912810UA4,TSRYS5802849,D,S,D,2024-07-29,1000000.00,4.439026,103.05078125
08:01:14,912810UA4,TSRYS5802849,D,S,D,2024-07-29,1000000.00,4.438793,103.0546875
08:01:14,912810UA4,TSRYS5802849,D,S,C,2024-07-29,1000000.00,4.441585,103.0078125
08:01:14,912810UA4,TSRYS5802849,D,B,C,2024-07-29,1000000.00,4.437631,103.07421875
08:01:14,912810UA4,TSRYS5802849,D,S,D,2024-07-29,1000000.00,4.437631,103.07421875
08:01:14,912810UA4,TSRYS5802849,D,S,D,2024-07-29,1000000.00,4.437631,103.07421875
08:01:14,912810UA4,TSRYS5802849,D,B,C,2024-07-29,1000000.00,4.437631,103.07421875
08:01:14,912810UA4,TSRYS5802849,D,S,C,2024-07-29,1000000.00,4.437631,103.07421875
08:01:14,912810UA4,TSRYS5802849,D,S,D,2024-07-29,1000000.00,4.434145,103.1328125
08:01:14,912810UA4,TSRYS5802849,D,B,C,2024-07-29,1000000.00,4.43461,103.125
08:01:14,912810UA4,TSRYS5802849,D,S,D,2024-07-29,1000000.00,4.43461,103.125
08:01:14,912810UA4,TSRYS5802849,D,S,D,2024-07-29,1000000.00,4.433913,103.13671875
08:01:14,912810UA4,TSRYS5802849,D,S,D,2024-07-29,1000000.00,4.436004,103.1015625
08:01:14,912810UA4,TSRYS5802849,D,S,D,2024-07-29,1000000.00,4.436933,103.0859375
08:01:14,912810UA4,TSRYS5802849,D,S,D,2024-07-29,1000000.00,4.436004,103.1015625
08:01:14,912810UA4,TSRYS5802849,D,S,D,2024-07-29,2000000.00,4.433913,103.13671875
08:01:14,912810UA4,TSRYS5802849,D,B,C,2024-07-29,2000000.00,4.433913,103.13671875
08:01:14,912810UA4,TSRYS5802849,D,S,D,2024-07-29,1000000.00,4.437398,103.078125
08:01:14,912810UA4,TSRYS5802849,D,S,D,2024-07-29,1000000.00,4.437166,103.08203125
08:01:14,912810UA4,TSRYS5802849,D,S,D,2024-07-29,1000000.00,4.438793,103.0546875
08:01:14,912810UA4,TSRYS5802849,D,S,D,2024-07-29,1000000.00,4.438328,103.0625
08:01:14,912810UA4,TSRYS5802849,D,B,C,2024-07-29,1000000.00,4.438793,103.0546875
08:01:14,912810UA4,TSRYS5802849,D,S,D,2024-07-29,1000000.00,4.438793,103.0546875
08:01:14,912810UA4,TSRYS5802849,D,B,C,2024-07-29,1000000.00,4.438793,103.0546875
08:01:14,912810UA4,TSRYS5802849,D,S,D,2024-07-29,1000000.00,4.438793,103.0546875
08:01:14,912810UA4,TSRYS5802849,D,S,D,2024-07-29,1000000.00,4.442516,102.9921875
08:01:14,912810UA4,TSRYS5802849,D,S,C,2024-07-29,1000000.00,4.441352,103.01171875
08:01:14,912810UA4,TSRYS5802849,D,S,D,2024-07-29,1000000.00,4.442516,102.9921875
08:01:14,912810UA4,TSRYS5802849,D,S,C,2024-07-29,1000000.00,4.441352,103.01171875
08:01:14,912810UA4,TSRYS5802849,D,S,C,2024-07-29,1000000.00,4.441352,103.01171875
08:01:14,912810UA4,TSRYS5802849,D,B,C,2024-07-29,1000000.00,4.441352,103.01171875
08:01:14,912810UA4,TSRYS5802849,D,S,T,2024-07-29,1000000.00,4.410864,103.525390625
08:01:14,912810UA4,TSRYS5802849,D,S,C,2024-07-29,1000000.00,4.441352,103.01171875
08:01:14,912810UA4,TSRYS5802849,D,B,C,2024-07-29,1000000.00,4.443447,102.9765625
08:01:14,912810UA4,TSRYS5802849,D,S,D,2024-07-29,1000000.00,4.443447,102.9765625
08:01:14,912810UA4,TSRYS5802849,D,S,D,2024-07-29,1000000.00,4.443447,102.9765625
08:01:14,912810UA4,TSRYS5802849,D,S,D,2024-07-29,1000000.00,4.441585,103.0078125
08:01:14,912810UA4,TSRYS5802849,D,B,C,2024-07-29,1000000.00,4.441585,103.0078125
08:01:14,912810UA4,TSRYS5802849,D,B,C,2024-07-29,1000000.00,4.443447,102.9765625
08:01:14,912810UA4,TSRYS5802849,D,S,C,2024-07-29,1000000.00,4.443447,102.9765625
08:01:14,912810UA4,TSRYS5802849,D,S,D,2024-07-29,1000000.00,4.431591,103.17578125
08:01:14,912810UA4,TSRYS5802849,D,B,C,2024-07-29,1000000.00,4.443447,102.9765625
08:01:14,912810UA4,TSRYS5802849,D,S,D,2024-07-29,1000000.00,4.421157,103.3515625
08:01:14,912810UA4,TSRYS5802849,D,S,D,2024-07-29,1000000.00,4.420694,103.359375
08:01:14,912810UA4,TSRYS5802849,D,B,C,2024-07-29,1000000.00,4.42023,103.3671875
08:01:14,912810UA4,TSRYS5802849,D,S,D,2024-07-29,1000000.00,4.421388,103.34765625
08:01:14,912810UA4,TSRYS5802849,D,S,D,2024-07-29,1000000.00,4.42023,103.3671875
08:01:14,912810UA4,TSRYS5802849,D,S,D,2024-07-29,1000000.00,4.421388,103.34765625
08:01:14,912810UA4,TSRYS5802849,D,S,D,2024-07-29,1000000.00,4.419304,103.3828125
08:01:14,912810UA4,TSRYS5802849,D,B,C,2024-07-29,1000000.00,4.418379,103.3984375
08:01:14,912810UA4,TSRYS5802849,D,S,D,2024-07-29,1000000.00,4.418379,103.3984375
08:01:14,912810UA4,TSRYS5802849,D,S,T,2024-07-29,1000000.00,4.421626,103.343648
08:01:14,912810UA4,TSRYS5802849,D,S,D,2024-07-29,1000000.00,4.422083,103.3359375
08:01:14,912810UA4,TSRYS5802849,D,B,C,2024-07-29,1000000.00,4.419767,103.375
08:01:14,912810UA4,TSRYS5802849,D,S,D,2024-07-29,1000000.00,4.419999,103.37109375
08:01:14,912810UA4,TSRYS5802849,D,S,C,2024-07-29,1000000.00,4.419767,103.375
08:01:14,912810UA4,TSRYS5802849,D,S,C,2024-07-29,1000000.00,4.420925,103.35546875
08:01:14,912810UA4,TSRYS5802849,D,S,D,2024-07-29,1000000.00,4.421852,103.33984375
08:01:14,912810UA4,TSRYS5802849,D,S,D,2024-07-29,1000000.00,4.421157,103.3515625
08:01:14,912810UA4,TSRYS5802849,D,S,D,2024-07-29,1000000.00,4.422546,103.328125
08:01:14,912810UA4,TSRYS5802849,D,S,C,2024-07-29,1000000.00,4.422546,103.328125
08:01:14,912810UA4,TSRYS5802849,D,S,C,2024-07-29,1000000.00,4.415602,103.4453125
08:01:14,912810UA4,TSRYS5802849,D,S,C,2024-07-29,1000000.00,4.42023,103.3671875
08:01:14,912810UA4,TSRYS5802849,D,S,D,2024-07-29,1000000.00,4.421852,103.33984375
08:01:14,912810UA4,TSRYS5802849,D,S,D,2024-07-29,1000000.00,4.422083,103.3359375
08:01:14,912810UA4,TSRYS5802849,D,S,C,2024-07-29,1000000.00,4.41861,103.39453125
08:01:14,912810UA4,TSRYS5802849,D,S,D,2024-07-29,2000000.00,4.410517,103.53125
08:01:14,912810UA4,TSRYS5802849,D,S,C,2024-07-29,1000000.00,4.409593,103.546875
08:01:14,912810UA4,TSRYS5802849,D,B,C,2024-07-29,2000000.00,4.410517,103.53125
08:01:14,912810UA4,TSRYS5802849,D,S,D,2024-07-29,1000000.00,4.414908,103.45703125
08:01:14,912810UA4,TSRYS5802849,D,S,D,2024-07-29,1000000.00,4.412366,103.5
08:01:15,912810UA4,TSRYS5802849,D,S,D,2024-07-29,1000000.00,4.414908,103.45703125
08:01:15,912810UA4,TSRYS5802849,D,S,T,2024-07-29,1000000.00,4.417008,103.421575
08:01:15,912810UA4,TSRYS5802849,D,S,T,2024-07-29,1000000.00,4.417934,103.40595
08:01:16,912810UA4,TSRYS5802849,D,S,D,2024-07-29,1000000.00,4.418147,103.40234375
08:01:16,912810UA4,TSRYS5802849,D,S,T,2024-07-29,1000000.00,4.417008,103.421575
08:01:16,912810UA4,TSRYS5802849,D,S,D,2024-07-29,1000000.00,4.416296,103.43359375
08:01:16,912810UA4,TSRYS5802849,D,B,C,2024-07-29,1000000.00,4.416296,103.43359375
08:01:16,912810UA4,TSRYS5802849,D,S,D,2024-07-29,1000000.00,4.416296,103.43359375
08:01:16,912810UA4,TSRYS5802849,D,B,C,2024-07-29,1000000.00,4.416296,103.43359375
08:01:16,912810UA4,TSRYS5802849,D,S,D,2024-07-29,1000000.00,4.416296,103.43359375
08:01:16,912810UA4,TSRYS5802849,D,B,C,2024-07-29,1000000.00,4.416296,103.43359375
08:01:16,912810UA4,TSRYS5802849,D,S,C,2024-07-29,1000000.00,4.416296,103.43359375
08:01:16,912810UA4,TSRYS5802849,D,B,C,2024-07-29,1000000.00,4.416296,103.43359375
08:01:16,912810UA4,TSRYS5802849,D,S,D,2024-07-29,1000000.00,4.416296,103.43359375
08:01:16,912810UA4,TSRYS5802849,D,S,T,2024-07-29,1000000.00,4.416083,103.4372
08:01:16,912810UA4,TSRYS5802849,D,S,T,2024-07-29,1000000.00,4.415158,103.452825
08:01:16,912810UA4,TSRYS5802849,D,S,T,2024-07-29,1000000.00,4.415158,103.452825
08:01:16,912810UA4,TSRYS5802849,D,S,T,2024-07-29,1000000.00,4.414233,103.46845
08:01:16,912810UA4,TSRYS5802849,D,S,D,2024-07-29,1000000.00,4.415834,103.44140625
08:01:16,912810UA4,TSRYS5802849,D,S,T,2024-07-29,1000000.00,4.415158,103.452825
08:01:16,912810UA4,TSRYS5802849,D,S,C,2024-07-29,7100000.00,4.413729,103.4769625
08:01:16,912810UA4,TSRYS5802849,D,S,T,2024-07-29,1000000.00,4.414233,103.46845
08:01:16,912810UA4,TSRYS5802849,D,S,T,2024-07-29,1000000.00,4.414233,103.46845
08:01:16,912810UA4,TSRYS5802849,D,S,T,2024-07-29,1000000.00,4.413308,103.484075
08:01:17,912810UA4,TSRYS5802849,D,S,D,2024-07-29,1000000.00,4.412366,103.5
08:01:17,912810UA4,TSRYS5802849,D,S,T,2024-07-29,1000000.00,4.411459,103.515325
08:01:17,912810UA4,TSRYS5802849,D,S,A,2024-07-29,11150000.00,4.414215,103.46875
08:01:17,912810UA4,TSRYS5802849,D,B,C,2024-07-29,11150000.00,4.414215,103.46875
08:01:17,912810UA4,TSRYS5802849,D,S,T,2024-07-29,1000000.00,4.413308,103.484075
08:01:17,912810UA4,TSRYS5802849,D,S,T,2024-07-29,1000000.00,4.413308,103.484075
08:01:17,912810UA4,TSRYS5802849,D,S,T,2024-07-29,1000000.00,4.412383,103.4997
08:01:17,912810UA4,TSRYS5802849,D,S,T,2024-07-29,1000000.00,4.408687,103.5622
08:01:17,912810UA4,TSRYS5802849,D,S,T,2024-07-29,1000000.00,4.410535,103.53095
08:01:17,912810UA4,TSRYS5802849,D,S,C,2024-07-29,1000000.00,4.410748,103.52734375
08:01:17,912810UA4,TSRYS5802849,D,B,C,2024-07-29,1000000.00,4.410748,103.52734375
08:01:17,912810UA4,TSRYS5802849,D,S,C,2024-07-29,1000000.00,4.410979,103.5234375
08:01:17,912810UA4,TSRYS5802849,D,B,C,2024-07-29,1000000.00,4.410979,103.5234375
08:01:18,912810UA4,TSRYS5802849,D,S,T,2024-07-29,1000000.00,4.412383,103.4997
08:01:18,912810UA4,TSRYS5802849,D,S,T,2024-07-29,1000000.00,4.411459,103.515325
08:01:18,912810UA4,TSRYS5802849,D,S,D,2024-07-29,1000000.00,4.434145,103.1328125
08:01:18,912810UA4,TSRYS5802849,D,S,T,2024-07-29,1000000.00,4.434377,103.12890625
08:01:18,912810UA4,TSRYS5802849,D,S,T,2024-07-29,1000000.00,4.434377,103.12890625
08:01:18,912810UA4,TSRYS5802849,D,S,D,2024-07-29,1000000.00,4.434377,103.12890625
08:01:18,912810UA4,TSRYS5802849,D,S,D,2024-07-29,1000000.00,4.434377,103.12890625
08:01:18,912810UA4,TSRYS5802849,D,S,D,2024-07-29,1000000.00,4.434377,103.12890625
08:01:18,912810UA4,TSRYS5802849,D,S,C,2024-07-29,5000000.00,4.441077,103.01633
08:01:18,912810UA4,TSRYS5802849,D,S,T,2024-07-29,1000000.00,4.434377,103.12890625
08:01:18,912810UA4,TSRYS5802849,D,S,T,2024-07-29,1000000.00,4.434377,103.12890625
08:01:18,912810UA4,TSRYS5802849,D,S,T,2024-07-29,1000000.00,4.434377,103.12890625
08:01:18,912810UA4,TSRYS5802849,D,S,T,2024-07-29,1000000.00,4.434377,103.12890625
08:01:18,912810UA4,TSRYS5802849,D,S,C,2024-07-29,6000000.00,4.442748,102.98828
08:01:19,912810UA4,TSRYS5802849,D,S,T,2024-07-29,1000000.00,4.434494,103.12695312
08:01:19,912810UA4,TSRYS5802849,D,S,D,2024-07-29,1000000.00,4.434494,103.12695312
08:01:19,912810UA4,TSRYS5802849,D,S,T,2024-07-29,1000000.00,4.434494,103.12695312
08:01:19,912810UA4,TSRYS5802849,D,S,T,2024-07-29,1000000.00,4.43461,103.125
08:01:19,912810UA4,TSRYS5802849,D,S,D,2024-07-29,1000000.00,4.43461,103.125
08:01:19,912810UA4,TSRYS5802849,D,S,D,2024-07-29,1000000.00,4.43461,103.125
08:01:19,912810UA4,TSRYS5802849,D,S,D,2024-07-29,1000000.00,4.43461,103.125
08:01:19,912810UA4,TSRYS5802849,D,S,D,2024-07-29,1000000.00,4.43461,103.125
08:01:19,912810UA4,TSRYS5802849,D,S,D,2024-07-29,1000000.00,4.43461,103.125
08:01:19,912810UA4,TSRYS5802849,D,S,D,2024-07-29,1000000.00,4.43461,103.125
08:01:19,912810UA4,TSRYS5802849,D,B,C,2024-07-29,3000000.00,4.442625,102.99035
08:01:19,912810UA4,TSRYS5802849,D,B,C,2024-07-29,20000000.00,4.434506,103.12674
08:01:20,912810UA4,TSRYS5802849,D,S,T,2024-07-29,1000000.00,4.440189,103.03125
08:01:20,912810UA4,TSRYS5802849,D,S,C,2024-07-29,2000000.00,4.441033,103.01707
08:01:20,912810UA4,TSRYS5802849,D,S,T,2024-07-29,1000000.00,4.418848,103.390523
08:01:20,912810UA4,TSRYS5802849,D,S,T,2024-07-29,1000000.00,4.418848,103.390523
08:01:21,912810UA4,TSRYS5802849,D,S,T,2024-07-29,1000000.00,4.418848,103.390523
08:01:21,912810UA4,TSRYS5802849,D,S,T,2024-07-29,1000000.00,4.418848,103.390523
08:01:21,912810UA4,TSRYS5802849,D,S,T,2024-07-29,1000000.00,4.418726,103.392578125
08:01:21,912810UA4,TSRYS5802849,D,S,C,2024-07-29,27000000.00,4.417916,103.40625
08:01:21,912810UA4,TSRYS5802849,D,S,D,2024-07-29,1000000.00,4.439724,103.0390625
08:01:21,912810UA4,TSRYS5802849,D,S,T,2024-07-29,1000000.00,4.438445,103.06054687
08:01:21,912810UA4,TSRYS5802849,D,S,D,2024-07-29,1000000.00,4.439724,103.0390625
08:01:21,912810UA4,TSRYS5802849,D,S,T,2024-07-29,1000000.00,4.439724,103.0390625
08:01:21,912810UA4,TSRYS5802849,D,S,C,2024-07-29,1000000.00,4.438096,103.06640625
08:01:22,912810UA4,TSRYS5802849,D,S,D,2024-07-29,1000000.00,4.439724,103.0390625
08:01:22,912810UA4,TSRYS5802849,D,S,A,2024-07-29,40000.00,4.442516,102.9921875
08:01:22,912810UA4,TSRYS5802849,D,B,A,2024-07-29,10000000.00,4.424168,103.30078125
08:01:22,912810UA4,TSRYS5802849,D,S,D,2024-07-29,5000000.00,4.426023,103.26953125
08:01:22,912810UA4,TSRYS5802849,D,S,D,2024-07-29,5000000.00,4.425095,103.28515625
08:01:22,912810UA4,TSRYS5802849,D,S,T,2024-07-29,1000000.00,4.442062,102.9998
08:01:22,912810UA4,TSRYS5802849,D,S,A,2024-07-29,2000000.00,4.436701,103.08984375
08:01:22,912810UA4,TSRYS5802849,D,S,D,2024-07-29,1000000.00,4.439724,103.0390625
08:01:22,912810UA4,TSRYS5802849,D,S,T,2024-07-29,1000000.00,4.439724,103.0390625
08:01:23,912810UA4,TSRYS5802849,D,S,T,2024-07-29,1000000.00,4.442865,102.98632812
08:01:23,912810UA4,TSRYS5802849,D,S,T,2024-07-29,1000000.00,4.439724,103.0390625
08:01:23,912810UA4,TSRYS5802849,D,S,T,2024-07-29,1000000.00,4.440189,103.03125
08:01:23,912810UA4,TSRYS5802849,D,B,A,2024-07-29,30000000.00,4.43461,103.125
08:01:23,912810UA4,TSRYS5802849,D,S,T,2024-07-29,1000000.00,4.44077,103.02148437
08:01:23,912810UA4,TSRYS5802849,D,S,C,2024-07-29,2000000.00,4.432475,103.1609
08:01:23,912810UA4,TSRYS5802849,D,S,T,2024-07-29,1000000.00,4.44077,103.02148437
08:01:23,912810UA4,TSRYS5802849,D,S,D,2024-07-29,1000000.00,4.442865,102.98632812
08:01:24,912810UA4,TSRYS5802849,D,S,T,2024-07-29,1000000.00,4.440538,103.02539062
08:01:24,912810UA4,TSRYS5802849,D,S,T,2024-07-29,1000000.00,4.440538,103.02539062
08:01:24,912810UA4,TSRYS5802849,D,S,T,2024-07-29,1000000.00,4.443918,102.96865
08:01:25,912810UA4,TSRYS5802849,D,S,D,2024-07-29,1000000.00,4.439142,103.048828125
08:01:25,912810UA4,TSRYS5802849,D,S,D,2024-07-29,1000000.00,4.439026,103.05078125
08:01:25,912810UA4,TSRYS5802849,D,S,D,2024-07-29,1000000.00,4.43891,103.052734375
08:01:25,912810UA4,TSRYS5802849,D,B,C,2024-07-29,1000000.00,4.439258,103.046875
08:01:25,912810UA4,TSRYS5802849,D,S,C,2024-07-29,1000000.00,4.439258,103.046875
08:01:25,912810UA4,TSRYS5802849,D,S,D,2024-07-29,1000000.00,4.439258,103.046875
08:01:26,912810UA4,TSRYS5802849,D,S,T,2024-07-29,3000000.00,4.412366,103.5
08:01:26,912810UA4,TSRYS5802849,D,S,T,2024-07-29,2000000.00,4.412366,103.5
08:01:26,912810UA4,TSRYS5802849,D,S,D,2024-07-29,1000000.00,4.439142,103.048828125
08:01:26,912810UA4,TSRYS5802849,D,S,D,2024-07-29,1000000.00,4.439026,103.05078125
08:01:26,912810UA4,TSRYS5802849,D,B,A,2024-07-29,60000.00,4.432287,103.1640625
08:01:26,912810UA4,TSRYS5802849,D,S,D,2024-07-29,1000000.00,4.438793,103.0546875
08:01:27,912810UA4,TSRYS5802849,D,S,D,2024-07-29,1000000.00,4.439142,103.048828125
08:01:27,912810UA4,TSRYS5802849,D,S,C,2024-07-29,1000000.00,4.442167,102.99804687
08:01:27,912810UA4,TSRYS5802849,D,S,D,2024-07-29,1000000.00,4.439375,103.044921875
08:01:27,912810UA4,TSRYS5802849,D,S,D,2024-07-29,1000000.00,4.439375,103.044921875
08:01:28,912810UA4,TSRYS5802849,D,S,C,2024-07-29,1000000.00,4.442167,102.99804687
08:01:28,912810UA4,TSRYS5802849,D,S,C,2024-07-29,1000000.00,4.44205,103.0
08:01:28,912810UA4,TSRYS5802849,D,S,T,2024-07-29,2000000.00,4.443685,102.97255625
08:01:28,912810UA4,TSRYS5802849,D,S,T,2024-07-29,2000000.00,4.443802,102.970603125
08:01:29,912810UA4,TSRYS5802849,D,S,C,2024-07-29,1000000.00,4.441003,103.017578125
08:01:29,912810UA4,TSRYS5802849,D,S,C,2024-07-29,1000000.00,4.437747,103.072265625
08:01:29,912810UA4,TSRYS5802849,D,S,T,2024-07-29,1000000.00,4.433448,103.14453125
08:01:29,912810UA4,TSRYS5802849,D,S,C,2024-07-29,1000000.00,4.433564,103.14257812
08:01:30,912810UA4,TSRYS5802849,D,S,T,2024-07-29,2000000.00,4.439258,103.046875
08:01:30,912810UA4,TSRYS5802849,D,S,T,2024-07-29,1000000.00,4.437398,103.078125
08:01:30,912810UA4,TSRYS5802849,D,S,T,2024-07-29,1000000.00,4.439258,103.046875
08:01:31,912810UA4,TSRYS5802849,D,S,T,2024-07-29,1000000.00,4.43461,103.125
08:01:31,912810UA4,TSRYS5802849,D,S,T,2024-07-29,1000000.00,4.435539,103.109375
08:01:31,912810UA4,TSRYS5802849,D,S,T,2024-07-29,1000000.00,4.441119,103.015625
08:01:31,912810UA4,TSRYS5802849,D,S,T,2024-07-29,1000000.00,4.441119,103.015625
08:01:31,912810UA4,TSRYS5802849,D,S,T,2024-07-29,1000000.00,4.441119,103.015625
08:01:31,912810UA4,TSRYS5802849,D,S,A,2024-07-29,2500000.00,4.442748,102.98828125
08:01:32,912810UA4,TSRYS5802849,D,S,T,2024-07-29,1000000.00,4.435539,103.109375
08:01:32,912810UA4,TSRYS5802849,D,S,T,2024-07-29,1000000.00,4.441934,103.00195312
08:01:32,912810UA4,TSRYS5802849,D,S,A,2024-07-29,250000.00,4.44111,103.015625
08:01:32,912810UA4,TSRYS5802849,D,S,T,2024-07-29,1000000.00,4.442167,102.99804687
08:01:32,912810UA4,TSRYS5802849,D,S,T,2024-07-29,1000000.00,4.442062,102.9998
08:01:32,912810UA4,TSRYS5802849,D,S,T,2024-07-29,1000000.00,4.442062,102.9998
08:01:32,912810UA4,TSRYS5802849,D,S,T,2024-07-29,1000000.00,4.427884,103.23818125
08:01:32,912810UA4,TSRYS5802849,D,S,T,2024-07-29,1000000.00,4.442062,102.9998
08:01:32,912810UA4,TSRYS5802849,D,S,T,2024-07-29,1000000.00,4.442283,102.99609375
08:01:32,912810UA4,TSRYS5802849,D,S,T,2024-07-29,1000000.00,4.441468,103.00976562
08:01:32,912810UA4,TSRYS5802849,D,S,T,2024-07-29,1000000.00,4.441585,103.0078125
08:01:33,912810UA4,TSRYS5802849,D,S,T,2024-07-29,1000000.00,4.442283,102.99609375
08:01:33,912810UA4,TSRYS5802849,D,S,D,2024-07-29,1000000.00,4.441585,103.0078125
08:01:33,912810UA4,TSRYS5802849,D,S,D,2024-07-29,1000000.00,4.442283,102.99609375
08:01:33,912810UA4,TSRYS5802849,D,S,D,2024-07-29,1000000.00,4.442167,102.99804687
08:01:33,912810UA4,TSRYS5802849,D,S,D,2024-07-29,1000000.00,4.441585,103.0078125
08:01:33,912810UA4,TSRYS5802849,D,S,D,2024-07-29,1000000.00,4.442167,102.99804687
08:01:33,912810UA4,TSRYS5802849,D,S,D,2024-07-29,1000000.00,4.441934,103.00195312
08:01:33,912810UA4,TSRYS5802849,D,S,T,2024-07-29,1000000.00,4.441585,103.0078125
08:01:33,912810UA4,TSRYS5802849,D,S,D,2024-07-29,1000000.00,4.441817,103.00390625
08:01:33,912810UA4,TSRYS5802849,D,S,T,2024-07-29,1000000.00,4.441585,103.0078125
08:01:34,912810UA4,TSRYS5802849,D,S,D,2024-07-29,1000000.00,4.441934,103.00195312
08:01:34,912810UA4,TSRYS5802849,D,S,D,2024-07-29,1000000.00,4.441701,103.00585937
08:01:34,912810UA4,TSRYS5802849,D,S,A,2024-07-29,10000000.00,4.443679,102.97265625
08:01:35,912810UA4,TSRYS5802849,D,S,D,2024-07-29,9000000.00,4.44277,102.98792
08:01:35,912810UA4,TSRYS5802849,D,S,T,2024-07-29,1000000.00,4.424632,103.29296875
08:01:37,912810UA4,TSRYS5802849,D,S,C,2024-07-29,9000000.00,4.432568,103.15934
08:01:37,912810UA4,TSRYS5802849,D,B,C,2024-07-29,1000000.00,4.422662,103.32617187
08:01:37,912810UA4,TSRYS5802849,D,S,C,2024-07-29,1000000.00,4.43461,103.125
08:01:37,912810UA4,TSRYS5802849,D,S,T,2024-07-29,1000000.00,4.417222,103.41796875
08:01:37,912810UA4,TSRYS5802849,D,S,D,2024-07-29,1000000.00,4.418841,103.390625
08:01:37,912810UA4,TSRYS5802849,D,S,T,2024-07-29,1000000.00,4.41885,103.390475
08:01:37,912810UA4,TSRYS5802849,D,B,C,2024-07-29,1000000.00,4.420925,103.35546875
08:01:37,912810UA4,TSRYS5802849,D,S,T,2024-07-29,1000000.00,4.418147,103.40234375
08:01:37,912810UA4,TSRYS5802849,D,S,C,2024-07-29,5000000.00,4.412355,103.5
08:01:37,912810UA4,TSRYS5802849,D,S,D,2024-07-29,1000000.00,4.434377,103.12890625
08:01:37,912810UA4,TSRYS5802849,D,S,D,2024-07-29,1000000.00,4.434377,103.12890625
08:01:37,912810UA4,TSRYS5802849,D,S,C,2024-07-29,1000000.00,4.417916,103.40625
08:01:37,912810UA4,TSRYS5802849,D,S,T,2024-07-29,1000000.00,4.418147,103.40234375
08:01:37,912810UA4,TSRYS5802849,D,S,C,2024-07-29,4000000.00,4.434377,103.12890625
08:01:38,912810UA4,TSRYS5802849,D,S,T,2024-07-29,1000000.00,4.418147,103.40234375
08:01:38,912810UA4,TSRYS5802849,D,S,T,2024-07-29,1000000.00,4.417925,103.4061
08:01:38,912810UA4,TSRYS5802849,D,S,T,2024-07-29,1000000.00,4.417925,103.4061
08:01:38,912810UA4,TSRYS5802849,D,S,T,2024-07-29,1000000.00,4.417925,103.4061
08:01:38,912810UA4,TSRYS5802849,D,S,T,2024-07-29,1000000.00,4.417925,103.4061
08:01:38,912810UA4,TSRYS5802849,D,S,T,2024-07-29,1000000.00,4.417925,103.4061
08:01:38,912810UA4,TSRYS5802849,D,S,D,2024-07-29,1000000.00,4.434494,103.126953125
08:01:38,912810UA4,TSRYS5802849,D,S,T,2024-07-29,1000000.00,4.418147,103.40234375
08:01:38,912810UA4,TSRYS5802849,D,S,T,2024-07-29,1000000.00,4.418147,103.40234375
08:01:38,912810UA4,TSRYS5802849,D,S,T,2024-07-29,1000000.00,4.418147,103.40234375
08:01:38,912810UA4,TSRYS5802849,D,S,D,2024-07-29,1000000.00,4.434494,103.126953125
08:01:38,912810UA4,TSRYS5802849,D,S,C,2024-07-29,1000000.00,4.43461,103.125
08:01:38,912810UA4,TSRYS5802849,D,S,D,2024-07-29,1000000.00,4.41861,103.39453125
08:01:38,912810UA4,TSRYS5802849,D,S,D,2024-07-29,1000000.00,4.418379,103.3984375
08:01:38,912810UA4,TSRYS5802849,D,S,T,2024-07-29,1000000.00,4.418147,103.40234375
08:01:38,912810UA4,TSRYS5802849,D,S,T,2024-07-29,1000000.00,4.418147,103.40234375
08:01:38,912810UA4,TSRYS5802849,D,S,T,2024-07-29,1000000.00,4.418147,103.40234375
08:01:38,912810UA4,TSRYS5802849,D,S,T,2024-07-29,1000000.00,4.418147,103.40234375
08:01:38,912810UA4,TSRYS5802849,D,S,T,2024-07-29,1000000.00,4.418147,103.40234375
08:01:38,912810UA4,TSRYS5802849,D,S,T,2024-07-29,1000000.00,4.418147,103.40234375
08:01:38,912810UA4,TSRYS5802849,D,S,T,2024-07-29,1000000.00,4.418147,103.40234375
08:01:38,912810UA4,TSRYS5802849,D,S,D,2024-07-29,1000000.00,4.418147,103.40234375
08:01:38,912810UA4,TSRYS5802849,D,S,T,2024-07-29,1000000.00,4.417925,103.4061
08:01:38,912810UA4,TSRYS5802849,D,S,T,2024-07-29,1000000.00,4.416999,103.421725
08:01:38,912810UA4,TSRYS5802849,D,S,D,2024-07-29,12000000.00,4.420606,103.36085
08:01:38,912810UA4,TSRYS5802849,D,S,T,2024-07-29,1000000.00,4.417925,103.4061
08:01:38,912810UA4,TSRYS5802849,D,S,T,2024-07-29,1000000.00,4.417925,103.4061
08:01:38,912810UA4,TSRYS5802849,D,S,T,2024-07-29,1000000.00,4.417925,103.4061
08:01:38,912810UA4,TSRYS5802849,D,B,C,2024-07-29,30000000.00,4.41816,103.40213
08:01:39,912810UA4,TSRYS5802849,D,S,D,2024-07-29,3000000.00,4.420089,103.36958
08:01:39,912810UA4,TSRYS5802849,D,S,D,2024-07-29,2000000.00,4.417315,103.41639
08:01:40,912810UA4,TSRYS5802849,D,S,T,2024-07-29,1000000.00,4.423473,103.3125
08:01:40,912810UA4,TSRYS5802849,D,B,C,2024-07-29,1000000.00,4.423495,103.31213
08:01:40,912810UA4,TSRYS5802849,D,S,C,2024-07-29,1000000.00,4.423589,103.31054687
08:01:40,912810UA4,TSRYS5802849,D,S,C,2024-07-29,1000000.00,4.423589,103.31054687
08:01:40,912810UA4,TSRYS5802849,D,S,T,2024-07-29,1000000.00,4.423821,103.30664062
08:01:40,912810UA4,TSRYS5802849,D,S,C,2024-07-29,1000000.00,4.423821,103.30664062
08:01:40,912810UA4,TSRYS5802849,D,S,C,2024-07-29,1000000.00,4.423821,103.30664062
08:01:40,912810UA4,TSRYS5802849,D,S,C,2024-07-29,1000000.00,4.420693,103.35938
08:01:40,912810UA4,TSRYS5802849,D,S,T,2024-07-29,1000000.00,4.421157,103.3515625
08:01:40,912810UA4,TSRYS5802849,D,S,C,2024-07-29,1000000.00,4.421157,103.3515625
08:01:40,912810UA4,TSRYS5802849,D,S,T,2024-07-29,1000000.00,4.421041,103.35351562
08:01:40,912810UA4,TSRYS5802849,D,S,T,2024-07-29,1000000.00,4.421157,103.3515625
08:01:40,912810UA4,TSRYS5802849,D,S,T,2024-07-29,1000000.00,4.421041,103.35351562
08:01:40,912810UA4,TSRYS5802849,D,S,T,2024-07-29,1000000.00,4.420925,103.35546875
08:01:40,912810UA4,TSRYS5802849,D,S,D,2024-07-29,3000000.00,4.412366,103.5
08:01:40,912810UA4,TSRYS5802849,D,S,T,2024-07-29,1000000.00,4.412366,103.5
08:01:40,912810UA4,TSRYS5802849,D,S,T,2024-07-29,1000000.00,4.420925,103.35546875
08:01:40,912810UA4,TSRYS5802849,D,S,C,2024-07-29,1000000.00,4.416528,103.4296875
08:01:40,912810UA4,TSRYS5802849,D,S,T,2024-07-29,1000000.00,4.420462,103.36328125
08:01:40,912810UA4,TSRYS5802849,D,S,T,2024-07-29,1000000.00,4.420462,103.36328125
08:01:40,912810UA4,TSRYS5802849,D,S,T,2024-07-29,1000000.00,4.412366,103.5
08:01:41,912810UA4,TSRYS5802849,D,B,C,2024-07-29,14000000.00,4.421926,103.33859
08:01:41,912810UA4,TSRYS5802849,D,S,T,2024-07-29,1000000.00,4.412366,103.5
08:01:41,912810UA4,TSRYS5802849,D,S,D,2024-07-29,1000000.00,4.413521,103.48046875
08:01:41,912810UA4,TSRYS5802849,D,S,T,2024-07-29,1000000.00,4.412366,103.5
08:01:41,912810UA4,TSRYS5802849,D,S,D,2024-07-29,11000000.00,4.439258,103.046875
08:01:41,912810UA4,TSRYS5802849,D,S,T,2024-07-29,1000000.00,4.412366,103.5
08:01:41,912810UA4,TSRYS5802849,D,S,D,2024-07-29,12000000.00,4.421805,103.34063
08:01:41,912810UA4,TSRYS5802849,D,S,T,2024-07-29,1000000.00,4.410526,103.5311
08:01:41,912810UA4,TSRYS5802849,D,S,C,2024-07-29,1000000.00,4.421157,103.3515625
08:01:41,912810UA4,TSRYS5802849,D,S,T,2024-07-29,1000000.00,4.421272,103.34960937
08:01:41,912810UA4,TSRYS5802849,D,S,T,2024-07-29,1000000.00,4.410526,103.5311
08:01:41,912810UA4,TSRYS5802849,D,S,T,2024-07-29,1000000.00,4.412366,103.5
08:01:41,912810UA4,TSRYS5802849,D,S,T,2024-07-29,1000000.00,4.412366,103.5
08:01:42,912810UA4,TSRYS5802849,D,S,D,2024-07-29,1000000.00,4.422083,103.3359375
08:01:42,912810UA4,TSRYS5802849,D,S,T,2024-07-29,1000000.00,4.421852,103.33984375
08:01:42,912810UA4,TSRYS5802849,D,S,T,2024-07-29,1000000.00,4.412366,103.5
08:01:42,912810UA4,TSRYS5802849,D,S,T,2024-07-29,1000000.00,4.412366,103.5
08:01:42,912810UA4,TSRYS5802849,D,S,T,2024-07-29,1000000.00,4.412366,103.5
08:01:42,912810UA4,TSRYS5802849,D,B,A,2024-07-29,2500000.00,4.419536,103.37890625
08:01:42,912810UA4,TSRYS5802849,D,S,D,2024-07-29,1000000.00,4.421157,103.3515625
08:01:42,912810UA4,TSRYS5802849,D,B,C,2024-07-29,5000000.00,4.421523,103.34538
08:01:42,912810UA4,TSRYS5802849,D,S,T,2024-07-29,1000000.00,4.412366,103.5
08:01:43,912810UA4,TSRYS5802849,D,S,T,2024-07-29,1000000.00,4.412366,103.5
08:01:43,912810UA4,TSRYS5802849,D,S,D,2024-07-29,1000000.00,4.436004,103.1015625
08:01:43,912810UA4,TSRYS5802849,D,S,D,2024-07-29,1000000.00,4.436004,103.1015625
08:01:43,912810UA4,TSRYS5802849,D,S,T,2024-07-29,1000000.00,4.412366,103.5
08:01:43,912810UA4,TSRYS5802849,D,S,T,2024-07-29,1000000.00,4.412366,103.5
08:01:44,912810UA4,TSRYS5802849,D,S,T,2024-07-29,1000000.00,4.412366,103.5
08:01:44,912810UA4,TSRYS5802849,D,S,T,2024-07-29,1000000.00,4.412366,103.5
08:01:44,912810UA4,TSRYS5802849,D,S,T,2024-07-29,1000000.00,4.412366,103.5
08:01:44,912810UA4,TSRYS5802849,D,S,D,2024-07-29,5000000.00,4.441817,103.00390625
08:01:45,912810UA4,TSRYS5802849,D,B,C,2024-07-29,5000000.00,4.436701,103.08984375
08:01:45,912810UA4,TSRYS5802849,D,S,D,2024-07-29,1000000.00,4.434261,103.130859375
08:01:45,912810UA4,TSRYS5802849,D,S,C,2024-07-29,3000000.00,4.421326,103.3487
08:01:45,912810UA4,TSRYS5802849,D,S,T,2024-07-29,1000000.00,4.416065,103.4375
08:01:46,912810UA4,TSRYS5802849,D,S,T,2024-07-29,1000000.00,4.442981,102.984375
08:01:46,912810UA4,TSRYS5802849,D,S,T,2024-07-29,1000000.00,4.441119,103.015625
08:01:47,912810UA4,TSRYS5802849,D,S,A,2024-07-29,35700.00,4.434145,103.1328125
08:01:47,912810UA4,TSRYS5802849,D,S,C,2024-07-29,1000000.00,4.432752,103.15625
08:01:47,912810UA4,TSRYS5802849,D,S,A,2024-07-29,1100000.00,4.441817,103.00390625
08:01:48,912810UA4,TSRYS5802849,D,B,C,2024-07-29,1000000.00,4.431823,103.171875
08:01:48,912810UA4,TSRYS5802849,D,S,C,2024-07-29,1000000.00,4.431823,103.171875
08:01:48,912810UA4,TSRYS5802849,D,S,A,2024-07-29,10000000.00,4.431126,103.18359375
08:01:49,912810UA4,TSRYS5802849,D,S,C,2024-07-29,5000000.00,4.417541,103.41257
08:01:51,912810UA4,TSRYS5802849,D,S,D,2024-07-29,3000000.00,4.430546,103.19336
08:01:51,912810UA4,TSRYS5802849,D,S,A,2024-07-29,2500000.00,4.433913,103.13671875
08:01:52,912810UA4,TSRYS5802849,D,S,C,2024-07-29,15000000.00,4.412683,103.49464
08:01:52,912810UA4,TSRYS5802849,D,S,T,2024-07-29,1000000.00,4.441119,103.015625
08:01:53,912810UA4,TSRYS5802849,D,S,D,2024-07-29,12000000.00,4.440512,103.02583
08:01:53,912810UA4,TSRYS5802849,D,B,C,2024-07-29,5000000.00,4.440957,103.01835
08:01:53,912810UA4,TSRYS5802849,D,B,C,2024-07-29,2000000.00,4.443912,102.96875
08:01:53,912810UA4,TSRYS5802849,D,S,D,2024-07-29,15000000.00,4.422561,103.3278854
08:01:53,912810UA4,TSRYS5802849,D,S,D,2024-07-29,11000000.00,4.421923,103.3386335
08:01:53,912810UA4,TSRYS5802849,D,S,T,2024-07-29,1000000.00,4.410517,103.53125
08:01:53,912810UA4,TSRYS5802849,D,S,T,2024-07-29,1000000.00,4.410517,103.53125
08:01:53,912810UA4,TSRYS5802849,D,S,T,2024-07-29,1000000.00,4.410517,103.53125
08:01:53,912810UA4,TSRYS5802849,D,S,T,2024-07-29,1000000.00,4.410517,103.53125
08:01:53,912810UA4,TSRYS5802849,D,S,T,2024-07-29,1000000.00,4.410517,103.53125
08:01:53,912810UA4,TSRYS5802849,D,S,T,2024-07-29,1000000.00,4.410517,103.53125
08:01:53,912810UA4,TSRYS5802849,D,S,T,2024-07-29,1000000.00,4.410517,103.53125
08:01:53,912810UA4,TSRYS5802849,D,S,T,2024-07-29,1000000.00,4.410517,103.53125
08:01:53,912810UA4,TSRYS5802849,D,S,T,2024-07-29,1000000.00,4.410517,103.53125
08:01:53,912810UA4,TSRYS5802849,D,S,T,2024-07-29,1000000.00,4.410517,103.53125
08:01:53,912810UA4,TSRYS5802849,D,S,T,2024-07-29,1000000.00,4.410517,103.53125
08:01:53,912810UA4,TSRYS5802849,D,S,T,2024-07-29,1000000.00,4.410517,103.53125
08:01:53,912810UA4,TSRYS5802849,D,S,T,2024-07-29,1000000.00,4.410517,103.53125
08:01:53,912810UA4,TSRYS5802849,D,S,T,2024-07-29,1000000.00,4.410517,103.53125
08:01:53,912810UA4,TSRYS5802849,D,S,T,2024-07-29,1000000.00,4.410517,103.53125
08:01:53,912810UA4,TSRYS5802849,D,S,T,2024-07-29,1000000.00,4.410517,103.53125
08:01:53,912810UA4,TSRYS5802849,D,S,T,2024-07-29,1000000.00,4.410517,103.53125
08:01:53,912810UA4,TSRYS5802849,D,S,T,2024-07-29,1000000.00,4.410517,103.53125
08:01:53,912810UA4,TSRYS5802849,D,S,T,2024-07-29,1000000.00,4.410517,103.53125
08:01:53,912810UA4,TSRYS5802849,D,S,T,2024-07-29,1000000.00,4.410517,103.53125
08:01:53,912810UA4,TSRYS5802849,D,S,T,2024-07-29,1000000.00,4.410517,103.53125
08:01:53,912810UA4,TSRYS5802849,D,S,T,2024-07-29,1000000.00,4.410517,103.53125
08:01:53,912810UA4,TSRYS5802849,D,S,T,2024-07-29,1000000.00,4.410517,103.53125
08:01:53,912810UA4,TSRYS5802849,D,S,T,2024-07-29,1000000.00,4.410517,103.53125
08:01:53,912810UA4,TSRYS5802849,D,S,T,2024-07-29,1000000.00,4.410517,103.53125
08:01:53,912810UA4,TSRYS5802849,D,S,T,2024-07-29,1000000.00,4.410517,103.53125
08:01:53,912810UA4,TSRYS5802849,D,S,T,2024-07-29,1000000.00,4.410517,103.53125
08:01:53,912810UA4,TSRYS5802849,D,S,T,2024-07-29,1000000.00,4.410517,103.53125
08:01:53,912810UA4,TSRYS5802849,D,S,T,2024-07-29,1000000.00,4.410517,103.53125
08:01:53,912810UA4,TSRYS5802849,D,S,T,2024-07-29,1000000.00,4.410517,103.53125
08:01:53,912810UA4,TSRYS5802849,D,S,T,2024-07-29,1000000.00,4.410517,103.53125
08:01:53,912810UA4,TSRYS5802849,D,S,T,2024-07-29,1000000.00,4.410517,103.53125
08:01:53,912810UA4,TSRYS5802849,D,S,T,2024-07-29,1000000.00,4.412366,103.5
08:01:53,912810UA4,TSRYS5802849,D,S,T,2024-07-29,1000000.00,4.412366,103.5
08:01:53,912810UA4,TSRYS5802849,D,S,T,2024-07-29,1000000.00,4.412366,103.5
08:01:53,912810UA4,TSRYS5802849,D,S,T,2024-07-29,1000000.00,4.412366,103.5
08:01:53,912810UA4,TSRYS5802849,D,S,T,2024-07-29,1000000.00,4.412366,103.5
