tradeTime,cusip,issueSymbolIdentifier,priceType,reportingSideCode,contraPartyTypeCode,tradeDate,reportedTradeVolume,lastSaleYield,lastSalePrice
08:00:04,912810UA4,TSRYS5802849,D,S,D,2024-07-10,1000000.00,4.487358,102.24609375
08:00:04,912810UA4,TSRYS5802849,D,S,D,2024-07-10,1000000.00,4.487358,102.24609375
08:00:04,912810UA4,TSRYS5802849,D,S,D,2024-07-10,1000000.00,4.487358,102.24609375
08:00:04,912810UA4,TSRYS5802849,D,S,T,2024-07-10,1000000.00,4.487358,102.24609375
08:00:04,912810UA4,TSRYS5802849,D,S,D,2024-07-10,1000000.00,4.489474,102.2109375
08:00:04,912810UA4,TSRYS5802849,D,S,T,2024-07-10,1000000.00,4.495944,102.103515625
08:00:04,912810UA4,TSRYS5802849,D,S,T,2024-07-10,1000000.00,4.497004,102.0859375
08:00:04,912810UA4,TSRYS5802849,D,S,T,2024-07-10,1000000.00,4.497122,102.083984375
08:00:04,912810UA4,TSRYS5802849,D,S,T,2024-07-10,1000000.00,4.497475,102.078125
08:00:04,912810UA4,TSRYS5802849,D,S,T,2024-07-10,1000000.00,4.497357,102.080078125
08:00:04,912810UA4,TSRYS5802849,D,S,D,2024-07-10,1000000.00,4.502188,102.0
08:00:04,912810UA4,TSRYS5802849,D,S,D,2024-07-10,1000000.00,4.502188,102.0
08:00:04,912810UA4,TSRYS5802849,D,S,D,2024-07-10,1000000.00,4.502306,101.998046875
08:00:04,912810UA4,TSRYS5802849,D,S,D,2024-07-10,1000000.00,4.502306,101.998046875
08:00:04,912810UA4,TSRYS5802849,D,S,T,2024-07-10,1000000.00,4.498417,102.0625
08:00:04,912810UA4,TSRYS5802849,D,S,T,2024-07-10,1000000.00,4.497475,102.078125
08:00:04,912810UA4,TSRYS5802849,D,S,T,2024-07-10,1000000.00,4.497475,102.078125
08:00:04,912810UA4,TSRYS5802849,D,S,T,2024-07-10,1000000.00,4.497475,102.078125
08:00:04,912810UA4,TSRYS5802849,D,S,T,2024-07-10,1000000.00,4.497475,102.078125
08:00:04,912810UA4,TSRYS5802849,D,S,T,2024-07-10,1000000.00,4.487123,102.25
08:00:04,912810UA4,TSRYS5802849,D,S,T,2024-07-10,1000000.00,4.487358,102.24609375
08:00:04,912810UA4,TSRYS5802849,D,S,T,2024-07-10,2000000.00,4.487123,102.25
08:00:04,912810UA4,TSRYS5802849,D,S,T,2024-07-10,1000000.00,4.484305,102.296875
08:00:04,912810UA4,TSRYS5802849,D,S,D,2024-07-10,1000000.00,4.484539,102.29296875
08:00:04,912810UA4,TSRYS5802849,D,S,D,2024-07-10,1000000.00,4.484539,102.29296875
08:00:04,912810UA4,TSRYS5802849,D,S,D,2024-07-10,1000000.00,4.484539,102.29296875
08:00:04,912810UA4,TSRYS5802849,D,S,D,2024-07-10,1000000.00,4.484539,102.29296875
08:00:04,912810UA4,TSRYS5802849,D,S,T,2024-07-10,1000000.00,4.469419,102.544921875
08:00:05,912810UA4,TSRYS5802849,D,S,T,2024-07-10,1000000.00,4.477383,102.412109375
08:00:05,912810UA4,TSRYS5802849,D,S,D,2024-07-10,1000000.00,4.477148,102.416015625
08:00:05,912810UA4,TSRYS5802849,D,S,D,2024-07-10,1000000.00,4.476094,102.43359375
08:00:05,912810UA4,TSRYS5802849,D,S,T,2024-07-10,1000000.00,4.476211,102.431640625
08:00:05,912810UA4,TSRYS5802849,D,S,D,2024-07-10,1000000.00,4.476211,102.431640625
08:00:05,912810UA4,TSRYS5802849,D,S,D,2024-07-10,1000000.00,4.466612,102.591796875
08:00:05,912810UA4,TSRYS5802849,D,S,D,2024-07-10,1000000.00,4.465092,102.6171875
08:00:05,912810UA4,TSRYS5802849,D,S,D,2024-07-10,1000000.00,4.465092,102.6171875
08:00:05,912810UA4,TSRYS5802849,D,S,D,2024-07-10,1000000.00,4.465092,102.6171875
08:00:05,912810UA4,TSRYS5802849,D,S,D,2024-07-10,1000000.00,4.465092,102.6171875
08:00:05,912810UA4,TSRYS5802849,D,S,D,2024-07-10,1000000.00,4.465092,102.6171875
08:00:05,912810UA4,TSRYS5802849,D,B,C,2024-07-10,1500000.00,4.467197,102.58203125
08:00:05,912810UA4,TSRYS5802849,D,S,T,2024-07-10,1000000.00,4.466846,102.587890625
08:00:05,912810UA4,TSRYS5802849,D,S,D,2024-07-10,1000000.00,4.462989,102.65234375
08:00:05,912810UA4,TSRYS5802849,D,S,D,2024-07-10,1000000.00,4.462989,102.65234375
08:00:05,912810UA4,TSRYS5802849,D,S,D,2024-07-10,1000000.00,4.462989,102.65234375
08:00:05,912810UA4,TSRYS5802849,D,S,D,2024-07-10,1000000.00,4.460069,102.701171875
08:00:05,912810UA4,TSRYS5802849,D,S,T,2024-07-10,1000000.00,4.461003,102.685546875
08:00:05,912810UA4,TSRYS5802849,D,S,T,2024-07-10,1000000.00,4.462522,102.66015625
08:00:05,912810UA4,TSRYS5802849,D,S,T,2024-07-10,1000000.00,4.474922,102.453125
08:00:05,912810UA4,TSRYS5802849,D,S,T,2024-07-10,1000000.00,4.471175,102.515625
08:00:05,912810UA4,TSRYS5802849,D,S,T,2024-07-10,1000000.00,4.46369,102.640625
08:00:05,912810UA4,TSRYS5802849,D,S,T,2024-07-10,1000000.00,4.467431,102.578125
08:00:07,912810UA4,TSRYS5802849,D,S,A,2024-07-10,4000000.00,4.486653,102.2578125
08:00:07,912810UA4,TSRYS5802849,D,S,D,2024-07-10,16000000.00,4.489004,102.21875
08:00:07,912810UA4,TSRYS5802849,D,S,D,2024-07-10,1000000.00,4.488063,102.234375
08:00:07,912810UA4,TSRYS5802849,D,S,D,2024-07-10,4000000.00,4.488533,102.2265625
08:00:08,912810UA4,TSRYS5802849,D,B,A,2024-07-10,27000000.00,4.474932,102.453125
08:00:08,912810UA4,TSRYS5802849,D,B,A,2024-07-10,16000000.00,4.476806,102.421875
08:00:11,912810UA4,TSRYS5802849,D,S,T,2024-07-10,3000000.00,4.469323,102.54652604
08:00:11,912810UA4,TSRYS5802849,D,S,T,2024-07-10,2000000.00,4.468426,102.5615
08:00:12,912810UA4,TSRYS5802849,D,S,D,2024-07-10,500000.00,,102.234375
08:00:12,912810UA4,TSRYS5802849,D,S,D,2024-07-10,1000000.00,4.464391,102.62890625
08:00:12,912810UA4,TSRYS5802849,D,S,D,2024-07-10,1000000.00,4.464625,102.625
08:00:12,912810UA4,TSRYS5802849,D,S,D,2024-07-10,1000000.00,4.464625,102.625
08:00:12,912810UA4,TSRYS5802849,D,S,D,2024-07-10,1000000.00,4.464625,102.625
08:00:12,912810UA4,TSRYS5802849,D,S,D,2024-07-10,1000000.00,4.464625,102.625
08:00:12,912810UA4,TSRYS5802849,D,S,D,2024-07-10,1000000.00,4.464625,102.625
08:00:12,912810UA4,TSRYS5802849,D,S,D,2024-07-10,1000000.00,4.464625,102.625
08:00:12,912810UA4,TSRYS5802849,D,B,A,2024-07-10,2575000.00,4.501009,102.01953125
08:00:13,912810UA4,TSRYS5802849,D,S,D,2024-07-10,2000000.00,4.464625,102.625
08:00:13,912810UA4,TSRYS5802849,D,S,D,2024-07-10,4000000.00,4.464625,102.625
08:00:13,912810UA4,TSRYS5802849,D,S,D,2024-07-10,2000000.00,4.464625,102.625
08:00:13,912810UA4,TSRYS5802849,D,S,D,2024-07-10,1000000.00,4.464625,102.625
08:00:13,912810UA4,TSRYS5802849,D,S,D,2024-07-10,1000000.00,4.464625,102.625
08:00:13,912810UA4,TSRYS5802849,D,S,T,2024-07-10,1000000.00,4.486184,102.265625
08:00:13,912810UA4,TSRYS5802849,D,S,T,2024-07-10,1000000.00,4.49936,102.046875
08:00:13,912810UA4,TSRYS5802849,D,S,D,2024-07-10,1000000.00,4.497004,102.0859375
08:00:13,912810UA4,TSRYS5802849,D,S,T,2024-07-10,1000000.00,4.496768,102.08984375
08:00:13,912810UA4,TSRYS5802849,D,S,D,2024-07-10,1000000.00,4.495591,102.109375
08:00:13,912810UA4,TSRYS5802849,D,S,T,2024-07-10,1000000.00,4.495591,102.109375
08:00:13,912810UA4,TSRYS5802849,D,S,T,2024-07-10,1000000.00,4.495355,102.11328125
08:00:13,912810UA4,TSRYS5802849,D,S,T,2024-07-10,1000000.00,4.495591,102.109375
08:00:13,912810UA4,TSRYS5802849,D,S,T,2024-07-10,1000000.00,4.490885,102.1875
08:00:13,912810UA4,TSRYS5802849,D,S,T,2024-07-10,1000000.00,4.491825,102.171875
08:00:13,912810UA4,TSRYS5802849,D,S,T,2024-07-10,1000000.00,4.491825,102.171875
08:00:13,912810UA4,TSRYS5802849,D,S,T,2024-07-10,1000000.00,4.488063,102.234375
08:00:13,912810UA4,TSRYS5802849,D,S,T,2024-07-10,1000000.00,4.486771,102.255859375
08:00:13,912810UA4,TSRYS5802849,D,S,T,2024-07-10,1000000.00,4.486888,102.25390625
08:00:13,912810UA4,TSRYS5802849,D,S,D,2024-07-10,1000000.00,4.484774,102.2890625
08:00:13,912810UA4,TSRYS5802849,D,S,T,2024-07-10,1000000.00,4.475859,102.4375
08:00:13,912810UA4,TSRYS5802849,D,S,T,2024-07-10,1000000.00,4.475859,102.4375
08:00:13,912810UA4,TSRYS5802849,D,S,T,2024-07-10,1000000.00,4.475859,102.4375
08:00:13,912810UA4,TSRYS5802849,D,S,T,2024-07-10,1000000.00,4.475859,102.4375
08:00:13,912810UA4,TSRYS5802849,D,S,T,2024-07-10,1000000.00,4.475859,102.4375
08:00:13,912810UA4,TSRYS5802849,D,S,T,2024-07-10,1000000.00,4.473985,102.46875
08:00:13,912810UA4,TSRYS5802849,D,S,T,2024-07-10,1000000.00,4.473985,102.46875
08:00:13,912810UA4,TSRYS5802849,D,S,T,2024-07-10,1000000.00,4.474922,102.453125
08:00:13,912810UA4,TSRYS5802849,D,S,T,2024-07-10,1000000.00,4.474922,102.453125
08:00:13,912810UA4,TSRYS5802849,D,S,T,2024-07-10,1000000.00,4.474922,102.453125
08:00:13,912810UA4,TSRYS5802849,D,S,T,2024-07-10,1000000.00,4.473985,102.46875
08:00:13,912810UA4,TSRYS5802849,D,S,T,2024-07-10,1000000.00,4.473985,102.46875
08:00:13,912810UA4,TSRYS5802849,D,S,T,2024-07-10,1000000.00,4.477148,102.416015625
08:00:13,912810UA4,TSRYS5802849,D,S,D,2024-07-10,1000000.00,4.475859,102.4375
08:00:13,912810UA4,TSRYS5802849,D,S,T,2024-07-10,1000000.00,4.476797,102.421875
08:00:13,912810UA4,TSRYS5802849,D,S,T,2024-07-10,1000000.00,4.475859,102.4375
08:00:13,912810UA4,TSRYS5802849,D,S,T,2024-07-10,1000000.00,4.477148,102.416015625
08:00:13,912810UA4,TSRYS5802849,D,S,T,2024-07-10,1000000.00,4.470472,102.52734375
08:00:13,912810UA4,TSRYS5802849,D,S,T,2024-07-10,1000000.00,4.470238,102.53125
08:00:13,912810UA4,TSRYS5802849,D,S,T,2024-07-10,1000000.00,4.46977,102.5390625
08:00:13,912810UA4,TSRYS5802849,D,S,T,2024-07-10,1000000.00,4.46369,102.640625
08:00:13,912810UA4,TSRYS5802849,D,S,T,2024-07-10,1000000.00,4.46369,102.640625
08:00:13,912810UA4,TSRYS5802849,D,S,D,2024-07-10,1000000.00,4.462288,102.6640625
08:00:13,912810UA4,TSRYS5802849,D,S,T,2024-07-10,1000000.00,4.462405,102.662109375
08:00:14,912810UA4,TSRYS5802849,D,S,T,2024-07-10,1000000.00,4.465092,102.6171875
08:00:14,912810UA4,TSRYS5802849,D,S,T,2024-07-10,1000000.00,4.466378,102.595703125
08:00:14,912810UA4,TSRYS5802849,D,S,T,2024-07-10,1000000.00,4.466378,102.595703125
08:00:14,912810UA4,TSRYS5802849,D,S,T,2024-07-10,1000000.00,4.466495,102.59375
08:00:14,912810UA4,TSRYS5802849,D,S,T,2024-07-10,1000000.00,4.462989,102.65234375
08:00:14,912810UA4,TSRYS5802849,D,S,T,2024-07-10,1000000.00,4.462989,102.65234375
08:00:14,912810UA4,TSRYS5802849,D,S,T,2024-07-10,1000000.00,4.462989,102.65234375
08:00:14,912810UA4,TSRYS5802849,D,S,T,2024-07-10,1000000.00,4.46369,102.640625
08:00:14,912810UA4,TSRYS5802849,D,S,T,2024-07-10,1000000.00,4.462755,102.65625
08:00:15,912810UA4,TSRYS5802849,D,S,T,2024-07-10,1000000.00,4.492767,102.15625
08:00:15,912810UA4,TSRYS5802849,D,S,T,2024-07-10,1000000.00,4.492767,102.15625
08:00:15,912810UA4,TSRYS5802849,D,S,T,2024-07-10,1000000.00,4.490179,102.19921875
08:00:15,912810UA4,TSRYS5802849,D,S,T,2024-07-10,1000000.00,4.489944,102.203125
08:00:16,912810UA4,TSRYS5802849,D,S,T,2024-07-10,1000000.00,4.494649,102.125
08:00:16,912810UA4,TSRYS5802849,D,S,T,2024-07-10,1000000.00,4.495591,102.109375
08:00:16,912810UA4,TSRYS5802849,D,S,D,2024-07-10,2000000.00,4.487828,102.23828125
08:00:16,912810UA4,TSRYS5802849,D,B,C,2024-07-10,2000000.00,4.487828,102.23828125
08:00:16,912810UA4,TSRYS5802849,D,S,D,2024-07-10,1000000.00,4.490179,102.19921875
08:00:16,912810UA4,TSRYS5802849,D,S,T,2024-07-10,1000000.00,4.495591,102.109375
08:00:16,912810UA4,TSRYS5802849,D,S,T,2024-07-10,1000000.00,4.495591,102.109375
08:00:17,912810UA4,TSRYS5802849,D,S,T,2024-07-10,1000000.00,4.495591,102.109375
08:00:17,912810UA4,TSRYS5802849,D,S,T,2024-07-10,1000000.00,4.494649,102.125
08:00:17,912810UA4,TSRYS5802849,D,S,D,2024-07-10,1000000.00,4.490179,102.19921875
08:00:17,912810UA4,TSRYS5802849,D,S,T,2024-07-10,3000000.00,4.495473,102.111328125
08:00:17,912810UA4,TSRYS5802849,D,S,D,2024-07-10,1000000.00,4.497239,102.08203125
08:00:17,912810UA4,TSRYS5802849,D,S,T,2024-07-10,1000000.00,4.494649,102.125
08:00:17,912810UA4,TSRYS5802849,D,S,T,2024-07-10,1000000.00,4.495591,102.109375
08:00:17,912810UA4,TSRYS5802849,D,S,T,2024-07-10,1000000.00,4.489944,102.203125
08:00:17,912810UA4,TSRYS5802849,D,S,T,2024-07-10,2000000.00,4.491943,102.169921875
08:00:17,912810UA4,TSRYS5802849,D,S,T,2024-07-10,1000000.00,4.495591,102.109375
08:00:17,912810UA4,TSRYS5802849,D,S,T,2024-07-10,1000000.00,4.495591,102.109375
08:00:17,912810UA4,TSRYS5802849,D,S,T,2024-07-10,1000000.00,4.495355,102.11328125
08:00:17,912810UA4,TSRYS5802849,D,S,T,2024-07-10,1000000.00,4.495238,102.115234375
08:00:17,912810UA4,TSRYS5802849,D,S,T,2024-07-10,1000000.00,4.495473,102.111328125
08:00:17,912810UA4,TSRYS5802849,D,S,T,2024-07-10,2000000.00,4.495355,102.11328125
08:00:17,912810UA4,TSRYS5802849,D,S,T,2024-07-10,1000000.00,4.495591,102.109375
08:00:17,912810UA4,TSRYS5802849,D,S,T,2024-07-10,1000000.00,4.495591,102.109375
08:00:17,912810UA4,TSRYS5802849,D,S,D,2024-07-10,10000000.00,4.496886,102.087890625
08:00:17,912810UA4,TSRYS5802849,D,S,D,2024-07-10,1000000.00,4.494649,102.125
08:00:17,912810UA4,TSRYS5802849,D,S,D,2024-07-10,1000000.00,4.494649,102.125
08:00:17,912810UA4,TSRYS5802849,D,S,D,2024-07-10,1000000.00,4.494649,102.125
08:00:18,912810UA4,TSRYS5802849,D,S,T,2024-07-10,1000000.00,4.495591,102.109375
08:00:18,912810UA4,TSRYS5802849,D,S,T,2024-07-10,1000000.00,4.495591,102.109375
08:00:18,912810UA4,TSRYS5802849,D,S,T,2024-07-10,1000000.00,4.490414,102.1953125
08:00:18,912810UA4,TSRYS5802849,D,S,T,2024-07-10,1000000.00,4.494649,102.125
08:00:18,912810UA4,TSRYS5802849,D,S,T,2024-07-10,1000000.00,4.495591,102.109375
08:00:18,912810UA4,TSRYS5802849,D,S,T,2024-07-10,1000000.00,4.494649,102.125
08:00:22,912810UA4,TSRYS5802849,D,S,D,2024-07-10,1000000.00,4.486653,102.2578125
08:00:22,912810UA4,TSRYS5802849,D,S,C,2024-07-10,16000000.00,4.489004,102.21875
08:00:23,912810UA4,TSRYS5802849,D,S,D,2024-07-10,1000000.00,4.496062,102.1015625
08:00:24,912810UA4,TSRYS5802849,D,S,T,2024-07-10,1000000.00,4.461354,102.6796875
08:00:25,912810UA4,TSRYS5802849,D,S,T,2024-07-10,1000000.00,4.461354,102.6796875
08:00:25,912810UA4,TSRYS5802849,D,S,T,2024-07-10,1000000.00,4.461354,102.6796875
08:00:26,912810UA4,TSRYS5802849,D,S,T,2024-07-10,1000000.00,4.500302,102.03125
08:00:26,912810UA4,TSRYS5802849,D,S,T,2024-07-10,1000000.00,4.480549,102.359375
08:00:26,912810UA4,TSRYS5802849,D,S,T,2024-07-10,1000000.00,4.460886,102.6875
08:00:26,912810UA4,TSRYS5802849,D,S,T,2024-07-10,1000000.00,4.468366,102.5625
08:00:27,912810UA4,TSRYS5802849,D,S,A,2024-07-10,88000.00,4.482896,102.3203125
08:00:27,912810UA4,TSRYS5802849,D,S,D,2024-07-10,1000000.00,4.480549,102.359375
08:00:27,912810UA4,TSRYS5802849,D,S,D,2024-07-10,1000000.00,4.480549,102.359375
08:00:27,912810UA4,TSRYS5802849,D,S,T,2024-07-10,1000000.00,4.478555,102.392578125
08:00:27,912810UA4,TSRYS5802849,D,S,T,2024-07-10,1000000.00,4.472228,102.498046875
08:00:27,912810UA4,TSRYS5802849,D,B,C,2024-07-10,5000000.00,4.477735,102.40625
08:00:27,912810UA4,TSRYS5802849,D,S,T,2024-07-10,1000000.00,4.477031,102.41796875
08:00:27,912810UA4,TSRYS5802849,D,S,T,2024-07-10,1000000.00,4.465677,102.607421875
08:00:27,912810UA4,TSRYS5802849,D,S,T,2024-07-10,1000000.00,4.462522,102.66015625
08:00:27,912810UA4,TSRYS5802849,D,S,T,2024-07-10,1000000.00,4.461003,102.685546875
08:00:27,912810UA4,TSRYS5802849,D,S,D,2024-07-10,1000000.00,4.480549,102.359375
08:00:27,912810UA4,TSRYS5802849,D,S,D,2024-07-10,1000000.00,4.480549,102.359375
08:00:27,912810UA4,TSRYS5802849,D,S,D,2024-07-10,1000000.00,4.480549,102.359375
08:00:27,912810UA4,TSRYS5802849,D,S,A,2024-07-10,1600.00,4.475391,102.4453125
08:00:27,912810UA4,TSRYS5802849,D,B,A,2024-07-10,500000.00,4.477266,102.4140625
08:00:30,912810UA4,TSRYS5802849,D,S,T,2024-07-10,1000000.00,4.485127,102.283203125
08:00:30,912810UA4,TSRYS5802849,D,S,T,2024-07-10,1000000.00,4.485009,102.28515625
08:00:30,912810UA4,TSRYS5802849,D,S,T,2024-07-10,1000000.00,4.485009,102.28515625
08:00:30,912810UA4,TSRYS5802849,D,S,T,2024-07-10,1000000.00,4.485009,102.28515625
08:00:30,912810UA4,TSRYS5802849,D,S,T,2024-07-10,1000000.00,4.485244,102.28125
08:00:30,912810UA4,TSRYS5802849,D,S,T,2024-07-10,1000000.00,4.486184,102.265625
08:00:30,912810UA4,TSRYS5802849,D,S,T,2024-07-10,1000000.00,4.486066,102.267578125
08:00:30,912810UA4,TSRYS5802849,D,S,T,2024-07-10,1000000.00,4.494178,102.1328125
08:00:30,912810UA4,TSRYS5802849,D,S,T,2024-07-10,1000000.00,4.490885,102.1875
08:00:30,912810UA4,TSRYS5802849,D,S,T,2024-07-10,1000000.00,4.496533,102.09375
08:00:30,912810UA4,TSRYS5802849,D,S,T,2024-07-10,1000000.00,4.496533,102.09375
08:00:30,912810UA4,TSRYS5802849,D,S,T,2024-07-10,1000000.00,4.497475,102.078125
08:00:30,912810UA4,TSRYS5802849,D,S,T,2024-07-10,1000000.00,4.494649,102.125
08:00:30,912810UA4,TSRYS5802849,D,S,T,2024-07-10,1000000.00,4.49512,102.1171875
08:00:30,912810UA4,TSRYS5802849,D,S,T,2024-07-10,1000000.00,4.490885,102.1875
08:00:30,912810UA4,TSRYS5802849,D,S,T,2024-07-10,1000000.00,4.488063,102.234375
08:00:30,912810UA4,TSRYS5802849,D,S,T,2024-07-10,1000000.00,4.488063,102.234375
08:00:30,912810UA4,TSRYS5802849,D,S,T,2024-07-10,1000000.00,4.487593,102.2421875
08:00:30,912810UA4,TSRYS5802849,D,S,T,2024-07-10,1000000.00,4.481488,102.34375
08:00:30,912810UA4,TSRYS5802849,D,S,T,2024-07-10,1000000.00,4.480549,102.359375
08:00:30,912810UA4,TSRYS5802849,D,S,T,2024-07-10,1000000.00,4.480549,102.359375
08:00:33,912810UA4,TSRYS5802849,D,S,T,2024-07-10,1000000.00,4.480549,102.359375
08:00:33,912810UA4,TSRYS5802849,D,S,T,2024-07-10,1000000.00,4.479611,102.375
08:00:33,912810UA4,TSRYS5802849,D,S,T,2024-07-10,1000000.00,4.478907,102.38671875
08:00:33,912810UA4,TSRYS5802849,D,S,T,2024-07-10,1000000.00,4.47879,102.388671875
08:00:33,912810UA4,TSRYS5802849,D,S,T,2024-07-10,1000000.00,4.476797,102.421875
08:00:33,912810UA4,TSRYS5802849,D,S,T,2024-07-10,2000000.00,4.476797,102.421875
08:00:33,912810UA4,TSRYS5802849,D,S,T,2024-07-10,2000000.00,4.476797,102.421875
08:00:33,912810UA4,TSRYS5802849,D,S,T,2024-07-10,2000000.00,4.476797,102.421875
08:00:33,912810UA4,TSRYS5802849,D,S,T,2024-07-10,2000000.00,4.476797,102.421875
08:00:33,912810UA4,TSRYS5802849,D,S,T,2024-07-10,1000000.00,4.476797,102.421875
08:00:33,912810UA4,TSRYS5802849,D,S,T,2024-07-10,1000000.00,4.476797,102.421875
08:00:33,912810UA4,TSRYS5802849,D,S,T,2024-07-10,1000000.00,4.475859,102.4375
08:00:33,912810UA4,TSRYS5802849,D,S,T,2024-07-10,1000000.00,4.475859,102.4375
08:00:33,912810UA4,TSRYS5802849,D,S,T,2024-07-10,1000000.00,4.475859,102.4375
08:00:33,912810UA4,TSRYS5802849,D,S,T,2024-07-10,1000000.00,4.475859,102.4375
08:00:33,912810UA4,TSRYS5802849,D,S,T,2024-07-10,1000000.00,4.475859,102.4375
08:00:33,912810UA4,TSRYS5802849,D,S,T,2024-07-10,1000000.00,4.475859,102.4375
08:00:33,912810UA4,TSRYS5802849,D,S,T,2024-07-10,1000000.00,4.475859,102.4375
08:00:33,912810UA4,TSRYS5802849,D,S,T,2024-07-10,1000000.00,4.475859,102.4375
08:00:33,912810UA4,TSRYS5802849,D,S,T,2024-07-10,1000000.00,4.475859,102.4375
08:00:33,912810UA4,TSRYS5802849,D,S,T,2024-07-10,1000000.00,4.475859,102.4375
08:00:33,912810UA4,TSRYS5802849,D,S,T,2024-07-10,1000000.00,4.475859,102.4375
08:00:33,912810UA4,TSRYS5802849,D,S,T,2024-07-10,1000000.00,4.475859,102.4375
08:00:33,912810UA4,TSRYS5802849,D,S,T,2024-07-10,1000000.00,4.475859,102.4375
08:00:33,912810UA4,TSRYS5802849,D,S,T,2024-07-10,1000000.00,4.474922,102.453125
08:00:33,912810UA4,TSRYS5802849,D,S,T,2024-07-10,1000000.00,4.474922,102.453125
08:00:33,912810UA4,TSRYS5802849,D,S,T,2024-07-10,1000000.00,4.474922,102.453125
08:00:33,912810UA4,TSRYS5802849,D,S,T,2024-07-10,1000000.00,4.475859,102.4375
08:00:33,912810UA4,TSRYS5802849,D,S,T,2024-07-10,1000000.00,4.475859,102.4375
08:00:33,912810UA4,TSRYS5802849,D,S,T,2024-07-10,1000000.00,4.475859,102.4375
08:00:33,912810UA4,TSRYS5802849,D,S,T,2024-07-10,1000000.00,4.473985,102.46875
08:00:33,912810UA4,TSRYS5802849,D,S,T,2024-07-10,1000000.00,4.473985,102.46875
08:00:33,912810UA4,TSRYS5802849,D,S,T,2024-07-10,1000000.00,4.473985,102.46875
08:00:33,912810UA4,TSRYS5802849,D,S,T,2024-07-10,1000000.00,4.473985,102.46875
08:00:33,912810UA4,TSRYS5802849,D,S,T,2024-07-10,1000000.00,4.473985,102.46875
08:00:33,912810UA4,TSRYS5802849,D,S,T,2024-07-10,1000000.00,4.473985,102.46875
08:00:33,912810UA4,TSRYS5802849,D,S,T,2024-07-10,1000000.00,4.473985,102.46875
08:00:33,912810UA4,TSRYS5802849,D,S,T,2024-07-10,1000000.00,4.474922,102.453125
08:00:33,912810UA4,TSRYS5802849,D,S,T,2024-07-10,1000000.00,4.474922,102.453125
08:00:33,912810UA4,TSRYS5802849,D,S,T,2024-07-10,1000000.00,4.474922,102.453125
08:00:33,912810UA4,TSRYS5802849,D,S,T,2024-07-10,1000000.00,4.474922,102.453125
08:00:33,912810UA4,TSRYS5802849,D,S,T,2024-07-10,1000000.00,4.474922,102.453125
08:00:33,912810UA4,TSRYS5802849,D,S,T,2024-07-10,1000000.00,4.475859,102.4375
08:00:33,912810UA4,TSRYS5802849,D,S,T,2024-07-10,1000000.00,4.473985,102.46875
08:00:33,912810UA4,TSRYS5802849,D,S,T,2024-07-10,1000000.00,4.468366,102.5625
08:00:33,912810UA4,TSRYS5802849,D,S,T,2024-07-10,1000000.00,4.468366,102.5625
08:00:33,912810UA4,TSRYS5802849,D,S,T,2024-07-10,1000000.00,4.469302,102.546875
08:00:33,912810UA4,TSRYS5802849,D,S,T,2024-07-10,1000000.00,4.469302,102.546875
08:00:33,912810UA4,TSRYS5802849,D,S,T,2024-07-10,2000000.00,4.469302,102.546875
08:00:33,912810UA4,TSRYS5802849,D,S,T,2024-07-10,2000000.00,4.469302,102.546875
08:00:33,912810UA4,TSRYS5802849,D,S,T,2024-07-10,1000000.00,4.469302,102.546875
08:00:33,912810UA4,TSRYS5802849,D,S,T,2024-07-10,1000000.00,4.469302,102.546875
08:00:33,912810UA4,TSRYS5802849,D,S,T,2024-07-10,1000000.00,4.469302,102.546875
08:00:33,912810UA4,TSRYS5802849,D,S,T,2024-07-10,1000000.00,4.470238,102.53125
08:00:33,912810UA4,TSRYS5802849,D,S,T,2024-07-10,1000000.00,4.469419,102.544921875
08:00:33,912810UA4,TSRYS5802849,D,S,T,2024-07-10,1000000.00,4.470355,102.529296875
08:00:33,912810UA4,TSRYS5802849,D,S,T,2024-07-10,1000000.00,4.470238,102.53125
08:00:33,912810UA4,TSRYS5802849,D,S,T,2024-07-10,1000000.00,4.471175,102.515625
08:00:33,912810UA4,TSRYS5802849,D,S,T,2024-07-10,1000000.00,4.470472,102.52734375
08:00:33,912810UA4,TSRYS5802849,D,S,T,2024-07-10,1000000.00,4.470238,102.53125
08:00:33,912810UA4,TSRYS5802849,D,S,T,2024-07-10,1000000.00,4.470355,102.529296875
08:00:33,912810UA4,TSRYS5802849,D,S,T,2024-07-10,1000000.00,4.471175,102.515625
08:00:33,912810UA4,TSRYS5802849,D,S,T,2024-07-10,1000000.00,4.471175,102.515625
08:00:33,912810UA4,TSRYS5802849,D,S,T,2024-07-10,1000000.00,4.471175,102.515625
08:00:33,912810UA4,TSRYS5802849,D,S,T,2024-07-10,1000000.00,4.471175,102.515625
08:00:33,912810UA4,TSRYS5802849,D,S,T,2024-07-10,1000000.00,4.471175,102.515625
08:00:33,912810UA4,TSRYS5802849,D,S,T,2024-07-10,1000000.00,4.471175,102.515625
08:00:33,912810UA4,TSRYS5802849,D,S,T,2024-07-10,1000000.00,4.472111,102.5
08:00:33,912810UA4,TSRYS5802849,D,S,T,2024-07-10,1000000.00,4.472111,102.5
08:00:33,912810UA4,TSRYS5802849,D,S,T,2024-07-10,1000000.00,4.472111,102.5
08:00:33,912810UA4,TSRYS5802849,D,S,T,2024-07-10,1000000.00,4.472111,102.5
08:00:33,912810UA4,TSRYS5802849,D,S,T,2024-07-10,1000000.00,4.472111,102.5
08:00:33,912810UA4,TSRYS5802849,D,S,T,2024-07-10,1000000.00,4.472111,102.5
08:00:33,912810UA4,TSRYS5802849,D,S,T,2024-07-10,1000000.00,4.472111,102.5
08:00:33,912810UA4,TSRYS5802849,D,S,T,2024-07-10,1000000.00,4.472111,102.5
08:00:33,912810UA4,TSRYS5802849,D,S,T,2024-07-10,1000000.00,4.473048,102.484375
08:00:33,912810UA4,TSRYS5802849,D,S,T,2024-07-10,1000000.00,4.473048,102.484375
08:00:33,912810UA4,TSRYS5802849,D,S,T,2024-07-10,1000000.00,4.474922,102.453125
08:00:33,912810UA4,TSRYS5802849,D,S,T,2024-07-10,1000000.00,4.474922,102.453125
08:00:33,912810UA4,TSRYS5802849,D,S,T,2024-07-10,1000000.00,4.474922,102.453125
08:00:33,912810UA4,TSRYS5802849,D,S,T,2024-07-10,1000000.00,4.474922,102.453125
08:00:33,912810UA4,TSRYS5802849,D,S,T,2024-07-10,1000000.00,4.474922,102.453125
08:00:33,912810UA4,TSRYS5802849,D,S,T,2024-07-10,1000000.00,4.475859,102.4375
08:00:33,912810UA4,TSRYS5802849,D,S,T,2024-07-10,1000000.00,4.477735,102.40625
08:00:33,912810UA4,TSRYS5802849,D,S,T,2024-07-10,1000000.00,4.4775,102.41015625
08:00:33,912810UA4,TSRYS5802849,D,S,T,2024-07-10,1000000.00,4.477383,102.412109375
08:00:33,912810UA4,TSRYS5802849,D,S,T,2024-07-10,1000000.00,4.477383,102.412109375
08:00:33,912810UA4,TSRYS5802849,D,S,T,2024-07-10,1000000.00,4.477266,102.4140625
08:00:33,912810UA4,TSRYS5802849,D,S,T,2024-07-10,1000000.00,4.476797,102.421875
08:00:33,912810UA4,TSRYS5802849,D,S,T,2024-07-10,1000000.00,4.474922,102.453125
08:00:33,912810UA4,TSRYS5802849,D,S,T,2024-07-10,1000000.00,4.475273,102.447265625
08:00:33,912810UA4,TSRYS5802849,D,S,T,2024-07-10,1000000.00,4.474922,102.453125
08:00:33,912810UA4,TSRYS5802849,D,S,T,2024-07-10,1000000.00,4.477735,102.40625
08:00:33,912810UA4,TSRYS5802849,D,S,T,2024-07-10,1000000.00,4.475976,102.435546875
08:00:33,912810UA4,TSRYS5802849,D,S,T,2024-07-10,1000000.00,4.475859,102.4375
08:00:33,912810UA4,TSRYS5802849,D,S,T,2024-07-10,1000000.00,4.475859,102.4375
08:00:33,912810UA4,TSRYS5802849,D,S,T,2024-07-10,1000000.00,4.477735,102.40625
08:00:33,912810UA4,TSRYS5802849,D,S,T,2024-07-10,1000000.00,4.477735,102.40625
08:00:33,912810UA4,TSRYS5802849,D,S,T,2024-07-10,1000000.00,4.476797,102.421875
08:00:33,912810UA4,TSRYS5802849,D,S,T,2024-07-10,1000000.00,4.476797,102.421875
08:00:33,912810UA4,TSRYS5802849,D,S,T,2024-07-10,1000000.00,4.476797,102.421875
08:00:33,912810UA4,TSRYS5802849,D,S,T,2024-07-10,1000000.00,4.476797,102.421875
08:00:33,912810UA4,TSRYS5802849,D,S,T,2024-07-10,1000000.00,4.476797,102.421875
08:00:33,912810UA4,TSRYS5802849,D,S,T,2024-07-10,1000000.00,4.476797,102.421875
08:00:33,912810UA4,TSRYS5802849,D,S,T,2024-07-10,1000000.00,4.474102,102.466796875
08:00:33,912810UA4,TSRYS5802849,D,S,T,2024-07-10,1000000.00,4.473985,102.46875
08:00:33,912810UA4,TSRYS5802849,D,S,T,2024-07-10,1000000.00,4.473985,102.46875
08:00:33,912810UA4,TSRYS5802849,D,S,T,2024-07-10,1000000.00,4.473985,102.46875
08:00:33,912810UA4,TSRYS5802849,D,S,T,2024-07-10,1000000.00,4.475508,102.443359375
08:00:33,912810UA4,TSRYS5802849,D,S,T,2024-07-10,1000000.00,4.475859,102.4375
08:00:33,912810UA4,TSRYS5802849,D,S,T,2024-07-10,1000000.00,4.473048,102.484375
08:00:33,912810UA4,TSRYS5802849,D,S,T,2024-07-10,1000000.00,4.473048,102.484375
08:00:33,912810UA4,TSRYS5802849,D,S,T,2024-07-10,1000000.00,4.466144,102.599609375
08:00:33,912810UA4,TSRYS5802849,D,S,T,2024-07-10,1000000.00,4.467431,102.578125
08:00:33,912810UA4,TSRYS5802849,D,S,T,2024-07-10,1000000.00,4.46556,102.609375
08:00:33,912810UA4,TSRYS5802849,D,S,T,2024-07-10,1000000.00,4.466963,102.5859375
08:00:33,912810UA4,TSRYS5802849,D,S,T,2024-07-10,1000000.00,4.462755,102.65625
08:00:33,912810UA4,TSRYS5802849,D,S,T,2024-07-10,1000000.00,4.462755,102.65625
08:00:33,912810UA4,TSRYS5802849,D,S,T,2024-07-10,1000000.00,4.46369,102.640625
08:00:33,912810UA4,TSRYS5802849,D,S,T,2024-07-10,1000000.00,4.46369,102.640625
08:00:33,912810UA4,TSRYS5802849,D,S,T,2024-07-10,1000000.00,4.464625,102.625
08:00:33,912810UA4,TSRYS5802849,D,S,T,2024-07-10,1000000.00,4.464625,102.625
08:00:33,912810UA4,TSRYS5802849,D,S,T,2024-07-10,1000000.00,4.46369,102.640625
08:00:33,912810UA4,TSRYS5802849,D,S,T,2024-07-10,1000000.00,4.46369,102.640625
08:00:33,912810UA4,TSRYS5802849,D,S,T,2024-07-10,1000000.00,4.46369,102.640625
08:00:33,912810UA4,TSRYS5802849,D,S,T,2024-07-10,1000000.00,4.46369,102.640625
08:00:33,912810UA4,TSRYS5802849,D,S,T,2024-07-10,1000000.00,4.46369,102.640625
08:00:33,912810UA4,TSRYS5802849,D,S,T,2024-07-10,1000000.00,4.46369,102.640625
08:00:33,912810UA4,TSRYS5802849,D,S,T,2024-07-10,1000000.00,4.46369,102.640625
08:00:33,912810UA4,TSRYS5802849,D,S,T,2024-07-10,1000000.00,4.463807,102.638671875
08:00:33,912810UA4,TSRYS5802849,D,S,T,2024-07-10,1000000.00,4.46369,102.640625
08:00:33,912810UA4,TSRYS5802849,D,S,T,2024-07-10,1000000.00,4.46369,102.640625
08:00:33,912810UA4,TSRYS5802849,D,S,D,2024-07-10,2000000.00,4.462054,102.66796875
08:00:33,912810UA4,TSRYS5802849,D,S,T,2024-07-10,1000000.00,4.459952,102.703125
08:00:33,912810UA4,TSRYS5802849,D,S,T,2024-07-10,1000000.00,4.459952,102.703125
08:00:33,912810UA4,TSRYS5802849,D,S,T,2024-07-10,1000000.00,4.460886,102.6875
08:00:33,912810UA4,TSRYS5802849,D,S,T,2024-07-10,1000000.00,4.461821,102.671875
08:00:33,912810UA4,TSRYS5802849,D,S,T,2024-07-10,1000000.00,4.462054,102.66796875
08:00:33,912810UA4,TSRYS5802849,D,S,T,2024-07-10,1000000.00,4.462522,102.66015625
08:00:33,912810UA4,TSRYS5802849,D,S,T,2024-07-10,1000000.00,4.462755,102.65625
08:00:33,912810UA4,TSRYS5802849,D,S,T,2024-07-10,1000000.00,4.465677,102.607421875
08:00:33,912810UA4,TSRYS5802849,D,S,T,2024-07-10,1000000.00,4.467431,102.578125
08:00:33,912810UA4,TSRYS5802849,D,S,T,2024-07-10,1000000.00,4.468366,102.5625
08:00:33,912810UA4,TSRYS5802849,D,S,T,2024-07-10,1000000.00,4.465794,102.60546875
08:00:33,912810UA4,TSRYS5802849,D,S,T,2024-07-10,1000000.00,4.465677,102.607421875
08:00:33,912810UA4,TSRYS5802849,D,S,T,2024-07-10,1000000.00,4.46556,102.609375
08:00:33,912810UA4,TSRYS5802849,D,S,T,2024-07-10,1000000.00,4.466495,102.59375
08:00:33,912810UA4,TSRYS5802849,D,S,T,2024-07-10,1000000.00,4.466495,102.59375
08:00:33,912810UA4,TSRYS5802849,D,S,T,2024-07-10,1000000.00,4.466495,102.59375
08:00:33,912810UA4,TSRYS5802849,D,S,T,2024-07-10,1000000.00,4.466495,102.59375
08:00:33,912810UA4,TSRYS5802849,D,S,T,2024-07-10,3000000.00,4.466495,102.59375
08:00:33,912810UA4,TSRYS5802849,D,S,T,2024-07-10,1000000.00,4.46556,102.609375
08:00:33,912810UA4,TSRYS5802849,D,S,T,2024-07-10,1000000.00,4.464975,102.619140625
08:00:33,912810UA4,TSRYS5802849,D,S,T,2024-07-10,1000000.00,4.464859,102.62109375
08:00:33,912810UA4,TSRYS5802849,D,S,T,2024-07-10,1000000.00,4.464742,102.623046875
08:00:33,912810UA4,TSRYS5802849,D,S,T,2024-07-10,1000000.00,4.464625,102.625
08:00:33,912810UA4,TSRYS5802849,D,S,T,2024-07-10,1000000.00,4.46556,102.609375
08:00:33,912810UA4,TSRYS5802849,D,S,T,2024-07-10,1000000.00,4.465326,102.61328125
08:00:33,912810UA4,TSRYS5802849,D,S,T,2024-07-10,1000000.00,4.465092,102.6171875
08:00:33,912810UA4,TSRYS5802849,D,S,T,2024-07-10,1000000.00,4.465209,102.615234375
08:00:33,912810UA4,TSRYS5802849,D,S,T,2024-07-10,1000000.00,4.466612,102.591796875
08:00:33,912810UA4,TSRYS5802849,D,S,T,2024-07-10,1000000.00,4.466495,102.59375
08:00:33,912810UA4,TSRYS5802849,D,S,T,2024-07-10,1000000.00,4.464391,102.62890625
08:00:33,912810UA4,TSRYS5802849,D,S,T,2024-07-10,1000000.00,4.462755,102.65625
08:00:33,912810UA4,TSRYS5802849,D,S,T,2024-07-10,1000000.00,4.462755,102.65625
08:00:33,912810UA4,TSRYS5802849,D,S,T,2024-07-10,1000000.00,4.462755,102.65625
08:00:33,912810UA4,TSRYS5802849,D,S,T,2024-07-10,1000000.00,4.462755,102.65625
08:00:33,912810UA4,TSRYS5802849,D,S,T,2024-07-10,1000000.00,4.462522,102.66015625
08:00:33,912810UA4,TSRYS5802849,D,S,T,2024-07-10,1000000.00,4.46112,102.68359375
08:00:33,912810UA4,TSRYS5802849,D,S,T,2024-07-10,1000000.00,4.461821,102.671875
08:00:33,912810UA4,TSRYS5802849,D,S,T,2024-07-10,1000000.00,4.461821,102.671875
08:00:33,912810UA4,TSRYS5802849,D,S,D,2024-07-10,1000000.00,4.497004,102.0859375
08:00:33,912810UA4,TSRYS5802849,D,S,D,2024-07-10,1000000.00,4.497004,102.0859375
08:00:33,912810UA4,TSRYS5802849,D,S,D,2024-07-10,1000000.00,4.497239,102.08203125
08:00:33,912810UA4,TSRYS5802849,D,S,D,2024-07-10,1000000.00,4.496768,102.08984375
08:00:33,912810UA4,TSRYS5802849,D,S,D,2024-07-10,1000000.00,4.496062,102.1015625
08:00:33,912810UA4,TSRYS5802849,D,S,D,2024-07-10,1000000.00,4.491825,102.171875
08:00:33,912810UA4,TSRYS5802849,D,S,D,2024-07-10,1000000.00,4.484774,102.2890625
08:00:33,912810UA4,TSRYS5802849,D,S,D,2024-07-10,1000000.00,4.475859,102.4375
08:00:33,912810UA4,TSRYS5802849,D,S,D,2024-07-10,1000000.00,4.473751,102.47265625
08:00:33,912810UA4,TSRYS5802849,D,S,D,2024-07-10,1000000.00,4.470472,102.52734375
08:00:33,912810UA4,TSRYS5802849,D,S,D,2024-07-10,1000000.00,4.465794,102.60546875
08:00:33,912810UA4,TSRYS5802849,D,S,D,2024-07-10,1000000.00,4.46556,102.609375
08:00:33,912810UA4,TSRYS5802849,D,S,D,2024-07-10,1000000.00,4.463456,102.64453125
08:00:33,912810UA4,TSRYS5802849,D,S,D,2024-07-10,1000000.00,4.464859,102.62109375
08:00:33,912810UA4,TSRYS5802849,D,S,D,2024-07-10,1000000.00,4.463456,102.64453125
08:00:33,912810UA4,TSRYS5802849,D,S,D,2024-07-10,1000000.00,4.46369,102.640625
08:00:33,912810UA4,TSRYS5802849,D,S,D,2024-07-10,1000000.00,4.466027,102.6015625
08:00:33,912810UA4,TSRYS5802849,D,S,D,2024-07-10,1000000.00,4.467197,102.58203125
08:00:33,912810UA4,TSRYS5802849,D,S,D,2024-07-10,1000000.00,4.465794,102.60546875
08:00:33,912810UA4,TSRYS5802849,D,S,D,2024-07-10,1000000.00,4.466261,102.59765625
08:00:33,912810UA4,TSRYS5802849,D,S,D,2024-07-10,1000000.00,4.461821,102.671875
08:00:33,912810UA4,TSRYS5802849,D,S,D,2024-07-10,1000000.00,4.461354,102.6796875
08:00:33,912810UA4,TSRYS5802849,D,S,D,2024-07-10,1000000.00,4.486066,102.267578125
08:00:33,912810UA4,TSRYS5802849,D,S,D,2024-07-10,1000000.00,4.487358,102.24609375
08:00:33,912810UA4,TSRYS5802849,D,S,D,2024-07-10,1000000.00,4.487358,102.24609375
08:00:33,912810UA4,TSRYS5802849,D,S,D,2024-07-10,1000000.00,4.487358,102.24609375
08:00:33,912810UA4,TSRYS5802849,D,S,D,2024-07-10,1000000.00,4.487358,102.24609375
08:00:33,912810UA4,TSRYS5802849,D,S,D,2024-07-10,1000000.00,4.487358,102.24609375
08:00:33,912810UA4,TSRYS5802849,D,S,D,2024-07-10,1000000.00,4.487358,102.24609375
08:00:33,912810UA4,TSRYS5802849,D,S,D,2024-07-10,1000000.00,4.488298,102.23046875
08:00:33,912810UA4,TSRYS5802849,D,S,D,2024-07-10,1000000.00,4.500302,102.03125
08:00:33,912810UA4,TSRYS5802849,D,S,D,2024-07-10,1000000.00,4.500184,102.033203125
08:00:33,912810UA4,TSRYS5802849,D,S,D,2024-07-10,1000000.00,4.497122,102.083984375
08:00:33,912810UA4,TSRYS5802849,D,S,D,2024-07-10,1000000.00,4.485479,102.27734375
08:00:33,912810UA4,TSRYS5802849,D,S,D,2024-07-10,1000000.00,4.469536,102.54296875
08:00:33,912810UA4,TSRYS5802849,D,S,D,2024-07-10,1000000.00,4.469185,102.548828125
08:00:33,912810UA4,TSRYS5802849,D,S,D,2024-07-10,1000000.00,4.469536,102.54296875
08:00:33,912810UA4,TSRYS5802849,D,S,D,2024-07-10,1000000.00,4.469536,102.54296875
08:00:33,912810UA4,TSRYS5802849,D,S,D,2024-07-10,1000000.00,4.471058,102.517578125
08:00:33,912810UA4,TSRYS5802849,D,S,D,2024-07-10,1000000.00,4.471409,102.51171875
08:00:33,912810UA4,TSRYS5802849,D,S,D,2024-07-10,1000000.00,4.475156,102.44921875
08:00:33,912810UA4,TSRYS5802849,D,S,D,2024-07-10,1000000.00,4.473985,102.46875
08:00:33,912810UA4,TSRYS5802849,D,S,D,2024-07-10,1000000.00,4.476094,102.43359375
08:00:33,912810UA4,TSRYS5802849,D,S,D,2024-07-10,1000000.00,4.476914,102.419921875
08:00:33,912810UA4,TSRYS5802849,D,S,D,2024-07-10,1000000.00,4.475625,102.44140625
08:00:33,912810UA4,TSRYS5802849,D,S,D,2024-07-10,1000000.00,4.476211,102.431640625
08:00:33,912810UA4,TSRYS5802849,D,S,D,2024-07-10,1000000.00,4.477735,102.40625
08:00:33,912810UA4,TSRYS5802849,D,S,D,2024-07-10,1000000.00,4.477735,102.40625
08:00:33,912810UA4,TSRYS5802849,D,S,D,2024-07-10,1000000.00,4.477735,102.40625
08:00:33,912810UA4,TSRYS5802849,D,S,D,2024-07-10,1000000.00,4.477735,102.40625
08:00:33,912810UA4,TSRYS5802849,D,S,D,2024-07-10,1000000.00,4.477735,102.40625
08:00:33,912810UA4,TSRYS5802849,D,S,D,2024-07-10,1000000.00,4.476211,102.431640625
08:00:33,912810UA4,TSRYS5802849,D,S,D,2024-07-10,1000000.00,4.476211,102.431640625
08:00:33,912810UA4,TSRYS5802849,D,S,D,2024-07-10,1000000.00,4.476211,102.431640625
08:00:33,912810UA4,TSRYS5802849,D,S,D,2024-07-10,1000000.00,4.476211,102.431640625
08:00:33,912810UA4,TSRYS5802849,D,S,D,2024-07-10,1000000.00,4.476211,102.431640625
08:00:33,912810UA4,TSRYS5802849,D,S,D,2024-07-10,1000000.00,4.476211,102.431640625
08:00:33,912810UA4,TSRYS5802849,D,S,D,2024-07-10,1000000.00,4.476211,102.431640625
08:00:33,912810UA4,TSRYS5802849,D,S,D,2024-07-10,1000000.00,4.476211,102.431640625
08:00:33,912810UA4,TSRYS5802849,D,S,D,2024-07-10,1000000.00,4.476328,102.4296875
08:00:33,912810UA4,TSRYS5802849,D,S,D,2024-07-10,1000000.00,4.476445,102.427734375
08:00:33,912810UA4,TSRYS5802849,D,S,D,2024-07-10,1000000.00,4.476328,102.4296875
08:00:33,912810UA4,TSRYS5802849,D,S,D,2024-07-10,1000000.00,4.475508,102.443359375
08:00:33,912810UA4,TSRYS5802849,D,S,D,2024-07-10,1000000.00,4.474336,102.462890625
08:00:33,912810UA4,TSRYS5802849,D,S,D,2024-07-10,1000000.00,4.469302,102.546875
08:00:33,912810UA4,TSRYS5802849,D,S,D,2024-07-10,1000000.00,4.469302,102.546875
08:00:33,912810UA4,TSRYS5802849,D,S,D,2024-07-10,1000000.00,4.468717,102.556640625
08:00:33,912810UA4,TSRYS5802849,D,S,D,2024-07-10,1000000.00,4.466729,102.58984375
08:00:33,912810UA4,TSRYS5802849,D,S,D,2024-07-10,1000000.00,4.466612,102.591796875
08:00:33,912810UA4,TSRYS5802849,D,S,D,2024-07-10,1000000.00,4.465326,102.61328125
08:00:33,912810UA4,TSRYS5802849,D,S,D,2024-07-10,1000000.00,4.46556,102.609375
08:00:33,912810UA4,TSRYS5802849,D,S,D,2024-07-10,1000000.00,4.46708,102.583984375
08:00:33,912810UA4,TSRYS5802849,D,S,D,2024-07-10,1000000.00,4.467665,102.57421875
08:00:33,912810UA4,TSRYS5802849,D,S,D,2024-07-10,1000000.00,4.466495,102.59375
08:00:33,912810UA4,TSRYS5802849,D,S,D,2024-07-10,1000000.00,4.466495,102.59375
08:00:33,912810UA4,TSRYS5802849,D,S,D,2024-07-10,1000000.00,4.464157,102.6328125
08:00:33,912810UA4,TSRYS5802849,D,S,D,2024-07-10,2000000.00,4.463106,102.650390625
08:00:33,912810UA4,TSRYS5802849,D,S,D,2024-07-10,1000000.00,4.462405,102.662109375
08:00:33,912810UA4,TSRYS5802849,D,S,D,2024-07-10,1000000.00,4.462405,102.662109375
08:00:33,912810UA4,TSRYS5802849,D,S,D,2024-07-10,1000000.00,4.460886,102.6875
08:00:33,912810UA4,TSRYS5802849,D,S,D,2024-07-10,1000000.00,4.461821,102.671875
08:00:33,912810UA4,TSRYS5802849,D,S,D,2024-07-10,1000000.00,4.461821,102.671875
08:00:33,912810UA4,TSRYS5802849,D,S,D,2024-07-10,1000000.00,4.462054,102.66796875
08:00:33,912810UA4,TSRYS5802849,D,S,D,2024-07-10,1000000.00,4.462171,102.666015625
08:00:33,912810UA4,TSRYS5802849,D,S,D,2024-07-10,1000000.00,4.462638,102.658203125
08:00:33,912810UA4,TSRYS5802849,D,S,D,2024-07-10,1000000.00,4.462638,102.658203125
08:00:33,912810UA4,TSRYS5802849,D,S,D,2024-07-10,1000000.00,4.461821,102.671875
08:00:33,912810UA4,TSRYS5802849,D,S,D,2024-07-10,1000000.00,4.461821,102.671875
08:00:33,912810UA4,TSRYS5802849,D,S,D,2024-07-10,1000000.00,4.462989,102.65234375
08:00:33,912810UA4,TSRYS5802849,D,S,D,2024-07-10,1000000.00,4.466846,102.587890625
08:00:33,912810UA4,TSRYS5802849,D,S,D,2024-07-10,1000000.00,4.466846,102.587890625
08:00:33,912810UA4,TSRYS5802849,D,S,D,2024-07-10,1000000.00,4.466846,102.587890625
08:00:33,912810UA4,TSRYS5802849,D,S,D,2024-07-10,1000000.00,4.466846,102.587890625
08:00:33,912810UA4,TSRYS5802849,D,S,D,2024-07-10,1000000.00,4.466846,102.587890625
08:00:33,912810UA4,TSRYS5802849,D,S,D,2024-07-10,1000000.00,4.46708,102.583984375
08:00:33,912810UA4,TSRYS5802849,D,S,D,2024-07-10,1000000.00,4.46708,102.583984375
08:00:33,912810UA4,TSRYS5802849,D,S,D,2024-07-10,1000000.00,4.466846,102.587890625
08:00:33,912810UA4,TSRYS5802849,D,S,D,2024-07-10,1000000.00,4.464859,102.62109375
08:00:33,912810UA4,TSRYS5802849,D,S,D,2024-07-10,1000000.00,4.464742,102.623046875
08:00:33,912810UA4,TSRYS5802849,D,S,D,2024-07-10,1000000.00,4.464859,102.62109375
08:00:33,912810UA4,TSRYS5802849,D,S,D,2024-07-10,1000000.00,4.464859,102.62109375
08:00:33,912810UA4,TSRYS5802849,D,S,D,2024-07-10,1000000.00,4.463924,102.63671875
08:00:33,912810UA4,TSRYS5802849,D,S,D,2024-07-10,1000000.00,4.463924,102.63671875
08:00:33,912810UA4,TSRYS5802849,D,S,D,2024-07-10,1000000.00,4.464391,102.62890625
08:00:33,912810UA4,TSRYS5802849,D,S,D,2024-07-10,1000000.00,4.466261,102.59765625
08:00:33,912810UA4,TSRYS5802849,D,S,D,2024-07-10,1000000.00,4.466729,102.58984375
08:00:33,912810UA4,TSRYS5802849,D,S,D,2024-07-10,1000000.00,4.466846,102.587890625
08:00:33,912810UA4,TSRYS5802849,D,S,D,2024-07-10,1000000.00,4.46708,102.583984375
08:00:33,912810UA4,TSRYS5802849,D,S,T,2024-07-10,1000000.00,4.488298,102.23046875
08:00:33,912810UA4,TSRYS5802849,D,S,T,2024-07-10,1000000.00,4.489004,102.21875
08:00:33,912810UA4,TSRYS5802849,D,S,T,2024-07-10,1000000.00,4.489944,102.203125
08:00:33,912810UA4,TSRYS5802849,D,S,T,2024-07-10,1000000.00,4.492531,102.16015625
08:00:33,912810UA4,TSRYS5802849,D,S,T,2024-07-10,1000000.00,4.492767,102.15625
08:00:33,912810UA4,TSRYS5802849,D,S,T,2024-07-10,1000000.00,4.491355,102.1796875
08:00:33,912810UA4,TSRYS5802849,D,S,T,2024-07-10,1000000.00,4.491825,102.171875
08:00:33,912810UA4,TSRYS5802849,D,S,T,2024-07-10,1000000.00,4.497475,102.078125
08:00:33,912810UA4,TSRYS5802849,D,S,T,2024-07-10,1000000.00,4.497475,102.078125
08:00:33,912810UA4,TSRYS5802849,D,S,T,2024-07-10,1000000.00,4.497122,102.083984375
08:00:33,912810UA4,TSRYS5802849,D,S,T,2024-07-10,1000000.00,4.497122,102.083984375
08:00:33,912810UA4,TSRYS5802849,D,S,T,2024-07-10,1000000.00,4.497004,102.0859375
08:00:33,912810UA4,TSRYS5802849,D,S,T,2024-07-10,1000000.00,4.497475,102.078125
08:00:33,912810UA4,TSRYS5802849,D,S,T,2024-07-10,1000000.00,4.497475,102.078125
08:00:33,912810UA4,TSRYS5802849,D,S,T,2024-07-10,1000000.00,4.497475,102.078125
08:00:33,912810UA4,TSRYS5802849,D,S,T,2024-07-10,1000000.00,4.498417,102.0625
08:00:33,912810UA4,TSRYS5802849,D,S,T,2024-07-10,2000000.00,4.494649,102.125
08:00:33,912810UA4,TSRYS5802849,D,S,T,2024-07-10,1000000.00,4.495355,102.11328125
08:00:33,912810UA4,TSRYS5802849,D,S,T,2024-07-10,1000000.00,4.495238,102.115234375
08:00:33,912810UA4,TSRYS5802849,D,S,T,2024-07-10,1000000.00,4.49512,102.1171875
08:00:33,912810UA4,TSRYS5802849,D,S,T,2024-07-10,1000000.00,4.495355,102.11328125
08:00:33,912810UA4,TSRYS5802849,D,S,T,2024-07-10,1000000.00,4.494649,102.125
08:00:33,912810UA4,TSRYS5802849,D,S,T,2024-07-10,2000000.00,4.492531,102.16015625
08:00:33,912810UA4,TSRYS5802849,D,S,T,2024-07-10,1000000.00,4.491825,102.171875
08:00:33,912810UA4,TSRYS5802849,D,S,T,2024-07-10,1000000.00,4.49112,102.18359375
08:00:33,912810UA4,TSRYS5802849,D,S,T,2024-07-10,1000000.00,4.492531,102.16015625
08:00:33,912810UA4,TSRYS5802849,D,S,D,2024-07-10,1000000.00,4.488063,102.234375
08:00:33,912810UA4,TSRYS5802849,D,S,T,2024-07-10,1000000.00,4.488063,102.234375
08:00:33,912810UA4,TSRYS5802849,D,S,T,2024-07-10,1000000.00,4.488063,102.234375
08:00:33,912810UA4,TSRYS5802849,D,S,T,2024-07-10,1000000.00,4.488063,102.234375
08:00:33,912810UA4,TSRYS5802849,D,S,T,2024-07-10,1000000.00,4.488063,102.234375
08:00:33,912810UA4,TSRYS5802849,D,S,T,2024-07-10,1000000.00,4.487123,102.25
08:00:33,912810UA4,TSRYS5802849,D,S,T,2024-07-10,1000000.00,4.485244,102.28125
08:00:33,912810UA4,TSRYS5802849,D,S,T,2024-07-10,1000000.00,4.485479,102.27734375
08:00:33,912810UA4,TSRYS5802849,D,S,T,2024-07-10,1000000.00,4.487593,102.2421875
08:00:33,912810UA4,TSRYS5802849,D,S,T,2024-07-10,1000000.00,4.487593,102.2421875
08:00:33,912810UA4,TSRYS5802849,D,S,T,2024-07-10,1000000.00,4.469536,102.54296875
08:00:33,912810UA4,TSRYS5802849,D,S,T,2024-07-10,1000000.00,4.470941,102.51953125
08:00:33,912810UA4,TSRYS5802849,D,S,T,2024-07-10,1000000.00,4.471409,102.51171875
08:00:33,912810UA4,TSRYS5802849,D,S,T,2024-07-10,1000000.00,4.477735,102.40625
08:00:33,912810UA4,TSRYS5802849,D,S,T,2024-07-10,1000000.00,4.4775,102.41015625
08:00:33,912810UA4,TSRYS5802849,D,S,T,2024-07-10,1000000.00,4.477383,102.412109375
08:00:33,912810UA4,TSRYS5802849,D,S,T,2024-07-10,1000000.00,4.477266,102.4140625
08:00:33,912810UA4,TSRYS5802849,D,S,T,2024-07-10,1000000.00,4.477266,102.4140625
08:00:33,912810UA4,TSRYS5802849,D,S,T,2024-07-10,1000000.00,4.475273,102.447265625
08:00:33,912810UA4,TSRYS5802849,D,S,T,2024-07-10,1000000.00,4.475391,102.4453125
08:00:33,912810UA4,TSRYS5802849,D,S,T,2024-07-10,1000000.00,4.475976,102.435546875
08:00:33,912810UA4,TSRYS5802849,D,S,T,2024-07-10,1000000.00,4.475859,102.4375
08:00:33,912810UA4,TSRYS5802849,D,S,T,2024-07-10,1000000.00,4.475273,102.447265625
08:00:33,912810UA4,TSRYS5802849,D,S,T,2024-07-10,1000000.00,4.474336,102.462890625
08:00:33,912810UA4,TSRYS5802849,D,S,T,2024-07-10,1000000.00,4.470472,102.52734375
08:00:33,912810UA4,TSRYS5802849,D,S,T,2024-07-10,1000000.00,4.465911,102.603515625
08:00:33,912810UA4,TSRYS5802849,D,S,T,2024-07-10,1000000.00,4.46556,102.609375
08:00:33,912810UA4,TSRYS5802849,D,S,T,2024-07-10,1000000.00,4.46404,102.634765625
08:00:33,912810UA4,TSRYS5802849,D,S,T,2024-07-10,1000000.00,4.462171,102.666015625
08:00:33,912810UA4,TSRYS5802849,D,S,T,2024-07-10,1000000.00,4.46147,102.677734375
08:00:33,912810UA4,TSRYS5802849,D,S,D,2024-07-10,1000000.00,4.462288,102.6640625
08:00:33,912810UA4,TSRYS5802849,D,S,T,2024-07-10,1000000.00,4.461003,102.685546875
08:00:33,912810UA4,TSRYS5802849,D,S,D,2024-07-10,1000000.00,4.459952,102.703125
08:00:33,912810UA4,TSRYS5802849,D,S,T,2024-07-10,1000000.00,4.462638,102.658203125
08:00:33,912810UA4,TSRYS5802849,D,S,D,2024-07-10,1000000.00,4.461821,102.671875
08:00:33,912810UA4,TSRYS5802849,D,S,T,2024-07-10,1000000.00,4.461587,102.67578125
08:00:33,912810UA4,TSRYS5802849,D,S,T,2024-07-10,1000000.00,4.466846,102.587890625
08:00:33,912810UA4,TSRYS5802849,D,S,T,2024-07-10,1000000.00,4.466846,102.587890625
08:00:33,912810UA4,TSRYS5802849,D,S,T,2024-07-10,1000000.00,4.466846,102.587890625
08:00:33,912810UA4,TSRYS5802849,D,S,T,2024-07-10,1000000.00,4.466846,102.587890625
08:00:33,912810UA4,TSRYS5802849,D,S,T,2024-07-10,1000000.00,4.466846,102.587890625
08:00:33,912810UA4,TSRYS5802849,D,S,T,2024-07-10,1000000.00,4.466846,102.587890625
08:00:33,912810UA4,TSRYS5802849,D,S,T,2024-07-10,1000000.00,4.466846,102.587890625
08:00:33,912810UA4,TSRYS5802849,D,S,T,2024-07-10,1000000.00,4.466846,102.587890625
08:00:33,912810UA4,TSRYS5802849,D,S,T,2024-07-10,1000000.00,4.466846,102.587890625
08:00:33,912810UA4,TSRYS5802849,D,S,T,2024-07-10,1000000.00,4.466729,102.58984375
08:00:33,912810UA4,TSRYS5802849,D,S,T,2024-07-10,1000000.00,4.466963,102.5859375
08:00:33,912810UA4,TSRYS5802849,D,S,T,2024-07-10,1000000.00,4.465443,102.611328125
08:00:33,912810UA4,TSRYS5802849,D,S,T,2024-07-10,1000000.00,4.465092,102.6171875
08:00:33,912810UA4,TSRYS5802849,D,S,T,2024-07-10,1000000.00,4.464975,102.619140625
08:00:33,912810UA4,TSRYS5802849,D,S,T,2024-07-10,1000000.00,4.465794,102.60546875
08:00:33,912810UA4,TSRYS5802849,D,S,T,2024-07-10,1000000.00,4.466378,102.595703125
08:00:33,912810UA4,TSRYS5802849,D,S,T,2024-07-10,1000000.00,4.468366,102.5625
08:00:33,912810UA4,TSRYS5802849,D,S,T,2024-07-10,1000000.00,4.466729,102.58984375
08:00:33,912810UA4,TSRYS5802849,D,S,T,2024-07-10,1000000.00,4.467898,102.5703125
08:00:33,912810UA4,TSRYS5802849,D,S,T,2024-07-10,1000000.00,4.464625,102.625
08:00:33,912810UA4,TSRYS5802849,D,S,T,2024-07-10,1000000.00,4.461821,102.671875
08:00:33,912810UA4,TSRYS5802849,D,S,T,2024-07-10,1000000.00,4.462522,102.66015625
08:00:33,912810UA4,TSRYS5802849,D,S,T,2024-07-10,2000000.00,4.462522,102.66015625
08:00:33,912810UA4,TSRYS5802849,D,S,T,2024-07-10,1000000.00,4.462522,102.66015625
08:00:33,912810UA4,TSRYS5802849,D,S,T,2024-07-10,1000000.00,4.461821,102.671875
08:00:33,912810UA4,TSRYS5802849,D,S,T,2024-07-10,1000000.00,4.461354,102.6796875
08:00:33,912810UA4,TSRYS5802849,D,S,D,2024-07-10,1000000.00,4.475859,102.4375
08:00:33,912810UA4,TSRYS5802849,D,S,D,2024-07-10,1000000.00,4.475859,102.4375
08:00:33,912810UA4,TSRYS5802849,D,S,D,2024-07-10,1000000.00,4.475859,102.4375
08:00:33,912810UA4,TSRYS5802849,D,S,T,2024-07-10,1000000.00,4.474922,102.453125
08:00:33,912810UA4,TSRYS5802849,D,S,D,2024-07-10,1000000.00,4.474922,102.453125
08:00:33,912810UA4,TSRYS5802849,D,S,T,2024-07-10,1000000.00,4.474922,102.453125
08:00:33,912810UA4,TSRYS5802849,D,S,D,2024-07-10,2000000.00,4.474922,102.453125
08:00:33,912810UA4,TSRYS5802849,D,S,T,2024-07-10,1000000.00,4.474922,102.453125
08:00:33,912810UA4,TSRYS5802849,D,S,T,2024-07-10,1000000.00,4.492767,102.15625
08:00:33,912810UA4,TSRYS5802849,D,S,C,2024-07-10,5000000.00,4.471175,102.515625
08:00:33,912810UA4,TSRYS5802849,D,B,C,2024-07-10,5000000.00,4.475859,102.4375
08:00:37,912810UA4,TSRYS5802849,D,S,T,2024-07-10,1000000.00,4.474922,102.453125
08:00:37,912810UA4,TSRYS5802849,D,S,T,2024-07-10,1000000.00,4.474922,102.453125
08:00:37,912810UA4,TSRYS5802849,D,S,D,2024-07-10,1000000.00,4.470472,102.52734375
08:00:37,912810UA4,TSRYS5802849,D,S,T,2024-07-10,1000000.00,4.474922,102.453125
08:00:37,912810UA4,TSRYS5802849,D,S,T,2024-07-10,1000000.00,4.492767,102.15625
08:00:37,912810UA4,TSRYS5802849,D,S,T,2024-07-10,1000000.00,4.475625,102.44140625
08:00:37,912810UA4,TSRYS5802849,D,S,T,2024-07-10,1000000.00,4.475391,102.4453125
08:00:37,912810UA4,TSRYS5802849,D,S,T,2024-07-10,1000000.00,4.475625,102.44140625
08:00:37,912810UA4,TSRYS5802849,D,S,T,2024-07-10,1000000.00,4.475625,102.44140625
08:00:37,912810UA4,TSRYS5802849,D,S,T,2024-07-10,1000000.00,4.475156,102.44921875
08:00:37,912810UA4,TSRYS5802849,D,S,T,2024-07-10,1000000.00,4.475625,102.44140625
08:00:37,912810UA4,TSRYS5802849,D,S,T,2024-07-10,1000000.00,4.475625,102.44140625
08:00:37,912810UA4,TSRYS5802849,D,S,T,2024-07-10,1000000.00,4.475508,102.443359375
08:00:37,912810UA4,TSRYS5802849,D,S,T,2024-07-10,1000000.00,4.475625,102.44140625
08:00:37,912810UA4,TSRYS5802849,D,S,T,2024-07-10,1000000.00,4.475625,102.44140625
08:00:37,912810UA4,TSRYS5802849,D,S,T,2024-07-10,1000000.00,4.475391,102.4453125
08:00:37,912810UA4,TSRYS5802849,D,S,T,2024-07-10,1000000.00,4.475625,102.44140625
08:00:37,912810UA4,TSRYS5802849,D,S,T,2024-07-10,1000000.00,4.475625,102.44140625
08:00:37,912810UA4,TSRYS5802849,D,S,T,2024-07-10,1000000.00,4.475859,102.4375
08:00:37,912810UA4,TSRYS5802849,D,S,T,2024-07-10,1000000.00,4.475625,102.44140625
08:00:37,912810UA4,TSRYS5802849,D,S,T,2024-07-10,1000000.00,4.475508,102.443359375
08:00:37,912810UA4,TSRYS5802849,D,S,T,2024-07-10,1000000.00,4.492767,102.15625
08:00:37,912810UA4,TSRYS5802849,D,S,D,2024-07-10,20000000.00,4.476797,102.421875
08:00:37,912810UA4,TSRYS5802849,D,S,T,2024-07-10,1000000.00,4.475156,102.44921875
08:00:37,912810UA4,TSRYS5802849,D,B,C,2024-07-10,27000000.00,4.471175,102.515625
08:00:37,912810UA4,TSRYS5802849,D,S,T,2024-07-10,1000000.00,4.475625,102.44140625
08:00:37,912810UA4,TSRYS5802849,D,S,T,2024-07-10,1000000.00,4.475859,102.4375
08:00:37,912810UA4,TSRYS5802849,D,B,A,2024-07-10,300000.00,4.486653,102.2578125
08:00:37,912810UA4,TSRYS5802849,D,B,C,2024-07-10,1000000.00,4.489944,102.203125
08:00:37,912810UA4,TSRYS5802849,D,S,T,2024-07-10,1000000.00,4.475625,102.44140625
08:00:37,912810UA4,TSRYS5802849,D,S,C,2024-07-10,1000000.00,4.500302,102.03125
08:00:37,912810UA4,TSRYS5802849,D,B,A,2024-07-10,29700000.00,4.475859,102.4375
08:00:37,912810UA4,TSRYS5802849,D,S,T,2024-07-10,1000000.00,4.49936,102.046875
08:00:37,912810UA4,TSRYS5802849,D,S,T,2024-07-10,1000000.00,4.49936,102.046875
08:00:37,912810UA4,TSRYS5802849,D,S,T,2024-07-10,1000000.00,4.494649,102.125
08:00:37,912810UA4,TSRYS5802849,D,S,T,2024-07-10,1000000.00,4.494649,102.125
08:00:37,912810UA4,TSRYS5802849,D,S,D,2024-07-10,1000000.00,4.475859,102.4375
08:00:37,912810UA4,TSRYS5802849,D,S,D,2024-07-10,1000000.00,4.475859,102.4375
08:00:37,912810UA4,TSRYS5802849,D,S,T,2024-07-10,1000000.00,4.492767,102.15625
08:00:37,912810UA4,TSRYS5802849,D,S,A,2024-07-10,10000000.00,4.483365,102.3125
08:00:37,912810UA4,TSRYS5802849,D,B,C,2024-07-10,2000000.00,4.482426,102.328125
08:00:37,912810UA4,TSRYS5802849,D,B,A,2024-07-10,5000000.00,4.478204,102.3984375
08:00:37,912810UA4,TSRYS5802849,D,B,C,2024-07-10,2000000.00,4.477031,102.41796875
08:00:37,912810UA4,TSRYS5802849,D,B,C,2024-07-10,1500000.00,4.475625,102.44140625
08:00:37,912810UA4,TSRYS5802849,D,B,C,2024-07-10,2000000.00,4.468834,102.5546875
08:00:37,912810UA4,TSRYS5802849,D,B,A,2024-07-10,5000000.00,4.469068,102.55078125
08:00:37,912810UA4,TSRYS5802849,D,B,C,2024-07-10,6850000.00,4.467431,102.578125
08:00:37,912810UA4,TSRYS5802849,D,S,A,2024-07-10,5000000.00,4.47258,102.4921875
08:00:38,912810UA4,TSRYS5802849,D,B,C,2024-07-10,4000000.00,4.492767,102.15625
08:00:38,912810UA4,TSRYS5802849,D,S,D,2024-07-10,1000000.00,4.476797,102.421875
08:00:38,912810UA4,TSRYS5802849,D,S,D,2024-07-10,1000000.00,4.476797,102.421875
08:00:38,912810UA4,TSRYS5802849,D,S,D,2024-07-10,1000000.00,4.476797,102.421875
08:00:38,912810UA4,TSRYS5802849,D,S,D,2024-07-10,1000000.00,4.476797,102.421875
08:00:38,912810UA4,TSRYS5802849,D,S,D,2024-07-10,2000000.00,4.476797,102.421875
08:00:38,912810UA4,TSRYS5802849,D,S,D,2024-07-10,1000000.00,4.476797,102.421875
08:00:38,912810UA4,TSRYS5802849,D,S,D,2024-07-10,1000000.00,4.476797,102.421875
08:00:38,912810UA4,TSRYS5802849,D,S,D,2024-07-10,1000000.00,4.476797,102.421875
08:00:38,912810UA4,TSRYS5802849,D,S,D,2024-07-10,1000000.00,4.476797,102.421875
08:00:38,912810UA4,TSRYS5802849,D,S,D,2024-07-10,1000000.00,4.476797,102.421875
08:00:38,912810UA4,TSRYS5802849,D,S,D,2024-07-10,1000000.00,4.476797,102.421875
08:00:38,912810UA4,TSRYS5802849,D,S,D,2024-07-10,2000000.00,4.476797,102.421875
08:00:38,912810UA4,TSRYS5802849,D,S,D,2024-07-10,2000000.00,4.476797,102.421875
08:00:38,912810UA4,TSRYS5802849,D,S,D,2024-07-10,1000000.00,4.476797,102.421875
08:00:38,912810UA4,TSRYS5802849,D,S,D,2024-07-10,1000000.00,4.476797,102.421875
08:00:38,912810UA4,TSRYS5802849,D,S,D,2024-07-10,1000000.00,4.476797,102.421875
08:00:38,912810UA4,TSRYS5802849,D,S,D,2024-07-10,1000000.00,4.476797,102.421875
08:00:38,912810UA4,TSRYS5802849,D,S,T,2024-07-10,1000000.00,4.476797,102.421875
08:00:38,912810UA4,TSRYS5802849,D,S,T,2024-07-10,1000000.00,4.476797,102.421875
08:00:38,912810UA4,TSRYS5802849,D,S,T,2024-07-10,1000000.00,4.476797,102.421875
08:00:38,912810UA4,TSRYS5802849,D,S,T,2024-07-10,1000000.00,4.476797,102.421875
08:00:38,912810UA4,TSRYS5802849,D,B,A,2024-07-10,36000000.00,4.477735,102.40625
08:00:38,912810UA4,TSRYS5802849,D,S,T,2024-07-10,1000000.00,4.476797,102.421875
08:00:38,912810UA4,TSRYS5802849,D,S,T,2024-07-10,1000000.00,4.476797,102.421875
08:00:38,912810UA4,TSRYS5802849,D,S,T,2024-07-10,1000000.00,4.476797,102.421875
08:00:38,912810UA4,TSRYS5802849,D,S,T,2024-07-10,1000000.00,4.476797,102.421875
08:00:38,912810UA4,TSRYS5802849,D,S,T,2024-07-10,1000000.00,4.476797,102.421875
08:00:38,912810UA4,TSRYS5802849,D,S,T,2024-07-10,1000000.00,4.476797,102.421875
08:00:38,912810UA4,TSRYS5802849,D,S,T,2024-07-10,1000000.00,4.476797,102.421875
08:00:38,912810UA4,TSRYS5802849,D,S,T,2024-07-10,1000000.00,4.476797,102.421875
08:00:38,912810UA4,TSRYS5802849,D,S,T,2024-07-10,1000000.00,4.476797,102.421875
08:00:38,912810UA4,TSRYS5802849,D,S,T,2024-07-10,1000000.00,4.476797,102.421875
08:00:38,912810UA4,TSRYS5802849,D,S,T,2024-07-10,1000000.00,4.476797,102.421875
08:00:38,912810UA4,TSRYS5802849,D,S,T,2024-07-10,1000000.00,4.476797,102.421875
08:00:38,912810UA4,TSRYS5802849,D,S,T,2024-07-10,1000000.00,4.476797,102.421875
08:00:38,912810UA4,TSRYS5802849,D,S,T,2024-07-10,1000000.00,4.476797,102.421875
08:00:38,912810UA4,TSRYS5802849,D,S,T,2024-07-10,1000000.00,4.476797,102.421875
08:00:38,912810UA4,TSRYS5802849,D,S,T,2024-07-10,1000000.00,4.476797,102.421875
08:00:38,912810UA4,TSRYS5802849,D,S,T,2024-07-10,1000000.00,4.476797,102.421875
08:00:38,912810UA4,TSRYS5802849,D,S,T,2024-07-10,1000000.00,4.476797,102.421875
08:00:38,912810UA4,TSRYS5802849,D,S,C,2024-07-10,1500000.00,4.476984,102.41875
08:00:38,912810UA4,TSRYS5802849,D,S,T,2024-07-10,1000000.00,4.474922,102.453125
08:00:38,912810UA4,TSRYS5802849,D,B,A,2024-07-10,36000000.00,4.476797,102.421875
08:00:38,912810UA4,TSRYS5802849,D,S,T,2024-07-10,1000000.00,4.475859,102.4375
08:00:38,912810UA4,TSRYS5802849,D,S,T,2024-07-10,1000000.00,4.475859,102.4375
08:00:38,912810UA4,TSRYS5802849,D,S,T,2024-07-10,1000000.00,4.475859,102.4375
08:00:38,912810UA4,TSRYS5802849,D,S,T,2024-07-10,1000000.00,4.475859,102.4375
08:00:38,912810UA4,TSRYS5802849,D,S,T,2024-07-10,1000000.00,4.475859,102.4375
08:00:38,912810UA4,TSRYS5802849,D,S,T,2024-07-10,1000000.00,4.475859,102.4375
08:00:38,912810UA4,TSRYS5802849,D,S,T,2024-07-10,2000000.00,4.475859,102.4375
08:00:38,912810UA4,TSRYS5802849,D,S,T,2024-07-10,1000000.00,4.475742,102.439453125
08:00:38,912810UA4,TSRYS5802849,D,S,T,2024-07-10,1000000.00,4.475859,102.4375
08:00:38,912810UA4,TSRYS5802849,D,B,A,2024-07-10,500000.00,4.476797,102.421875
08:00:38,912810UA4,TSRYS5802849,D,B,A,2024-07-10,36000000.00,4.476797,102.421875
08:00:38,912810UA4,TSRYS5802849,D,S,T,2024-07-10,2000000.00,4.476797,102.421875
08:00:38,912810UA4,TSRYS5802849,D,S,T,2024-07-10,1000000.00,4.476797,102.421875
08:00:38,912810UA4,TSRYS5802849,D,S,T,2024-07-10,2000000.00,4.476797,102.421875
08:00:38,912810UA4,TSRYS5802849,D,S,T,2024-07-10,1000000.00,4.476797,102.421875
08:00:38,912810UA4,TSRYS5802849,D,S,T,2024-07-10,1000000.00,4.476797,102.421875
08:00:38,912810UA4,TSRYS5802849,D,S,T,2024-07-10,1000000.00,4.476797,102.421875
08:00:38,912810UA4,TSRYS5802849,D,S,T,2024-07-10,1000000.00,4.476797,102.421875
08:00:38,912810UA4,TSRYS5802849,D,S,T,2024-07-10,1000000.00,4.476797,102.421875
08:00:38,912810UA4,TSRYS5802849,D,S,T,2024-07-10,1000000.00,4.476797,102.421875
08:00:38,912810UA4,TSRYS5802849,D,S,T,2024-07-10,1000000.00,4.476797,102.421875
08:00:38,912810UA4,TSRYS5802849,D,S,T,2024-07-10,1000000.00,4.476797,102.421875
08:00:38,912810UA4,TSRYS5802849,D,S,D,2024-07-10,6000000.00,4.475859,102.4375
08:00:38,912810UA4,TSRYS5802849,D,S,T,2024-07-10,1000000.00,4.476797,102.421875
08:00:38,912810UA4,TSRYS5802849,D,S,T,2024-07-10,1000000.00,4.476797,102.421875
08:00:38,912810UA4,TSRYS5802849,D,S,T,2024-07-10,1000000.00,4.476797,102.421875
08:00:38,912810UA4,TSRYS5802849,D,S,T,2024-07-10,1000000.00,4.476797,102.421875
08:00:38,912810UA4,TSRYS5802849,D,S,T,2024-07-10,1000000.00,4.476797,102.421875
08:00:38,912810UA4,TSRYS5802849,D,S,T,2024-07-10,1000000.00,4.476797,102.421875
08:00:38,912810UA4,TSRYS5802849,D,S,T,2024-07-10,1000000.00,4.476797,102.421875
08:00:38,912810UA4,TSRYS5802849,D,S,T,2024-07-10,1000000.00,4.476797,102.421875
08:00:38,912810UA4,TSRYS5802849,D,S,T,2024-07-10,1000000.00,4.475859,102.4375
08:00:38,912810UA4,TSRYS5802849,D,S,D,2024-07-10,1000000.00,4.475859,102.4375
08:00:38,912810UA4,TSRYS5802849,D,S,T,2024-07-10,1000000.00,4.475859,102.4375
08:00:38,912810UA4,TSRYS5802849,D,S,T,2024-07-10,1000000.00,4.475859,102.4375
08:00:38,912810UA4,TSRYS5802849,D,S,T,2024-07-10,1000000.00,4.475859,102.4375
08:00:38,912810UA4,TSRYS5802849,D,S,T,2024-07-10,1000000.00,4.475859,102.4375
08:00:38,912810UA4,TSRYS5802849,D,S,T,2024-07-10,1000000.00,4.475859,102.4375
08:00:38,912810UA4,TSRYS5802849,D,S,T,2024-07-10,1000000.00,4.475859,102.4375
08:00:38,912810UA4,TSRYS5802849,D,S,D,2024-07-10,1000000.00,4.475859,102.4375
08:00:38,912810UA4,TSRYS5802849,D,S,D,2024-07-10,1000000.00,4.475859,102.4375
08:00:38,912810UA4,TSRYS5802849,D,S,T,2024-07-10,1000000.00,4.475508,102.443359375
08:00:38,912810UA4,TSRYS5802849,D,S,D,2024-07-10,2000000.00,4.475859,102.4375
08:00:38,912810UA4,TSRYS5802849,D,S,D,2024-07-10,2000000.00,4.475859,102.4375
08:00:38,912810UA4,TSRYS5802849,D,S,D,2024-07-10,1000000.00,4.475859,102.4375
08:00:38,912810UA4,TSRYS5802849,D,S,D,2024-07-10,1000000.00,4.475742,102.439453125
08:00:38,912810UA4,TSRYS5802849,D,S,T,2024-07-10,1000000.00,4.475859,102.4375
08:00:38,912810UA4,TSRYS5802849,D,S,T,2024-07-10,1000000.00,4.475859,102.4375
08:00:38,912810UA4,TSRYS5802849,D,S,T,2024-07-10,1000000.00,4.475859,102.4375
08:00:38,912810UA4,TSRYS5802849,D,S,T,2024-07-10,1000000.00,4.475859,102.4375
08:00:38,912810UA4,TSRYS5802849,D,S,T,2024-07-10,1000000.00,4.474922,102.453125
08:00:38,912810UA4,TSRYS5802849,D,S,T,2024-07-10,1000000.00,4.474922,102.453125
08:00:38,912810UA4,TSRYS5802849,D,S,T,2024-07-10,1000000.00,4.474922,102.453125
08:00:38,912810UA4,TSRYS5802849,D,S,T,2024-07-10,1000000.00,4.474922,102.453125
08:00:38,912810UA4,TSRYS5802849,D,S,T,2024-07-10,1000000.00,4.474922,102.453125
08:00:41,912810UA4,TSRYS5802849,D,S,T,2024-07-10,1000000.00,4.470706,102.5234375
08:00:41,912810UA4,TSRYS5802849,D,S,A,2024-07-10,1000000.00,4.470238,102.53125
08:00:41,912810UA4,TSRYS5802849,D,S,C,2024-07-10,6000000.00,4.470472,102.52734375
08:00:41,912810UA4,TSRYS5802849,D,S,C,2024-07-10,7000000.00,4.467781,102.572265625
08:00:41,912810UA4,TSRYS5802849,D,S,C,2024-07-10,5000000.00,4.470238,102.53125
08:00:41,912810UA4,TSRYS5802849,D,S,T,2024-07-10,1000000.00,4.467431,102.578125
08:00:41,912810UA4,TSRYS5802849,D,S,T,2024-07-10,1000000.00,4.467431,102.578125
08:00:41,912810UA4,TSRYS5802849,D,S,T,2024-07-10,1000000.00,4.467431,102.578125
08:00:41,912810UA4,TSRYS5802849,D,S,T,2024-07-10,1000000.00,4.465443,102.611328125
08:00:41,912810UA4,TSRYS5802849,D,S,T,2024-07-10,1000000.00,4.465911,102.603515625
08:00:41,912810UA4,TSRYS5802849,D,S,C,2024-07-10,7000000.00,4.466027,102.6015625
08:00:41,912810UA4,TSRYS5802849,D,S,C,2024-07-10,5000000.00,4.462522,102.66015625
08:00:41,912810UA4,TSRYS5802849,D,S,A,2024-07-10,30000000.00,4.473995,102.46875
08:00:41,912810UA4,TSRYS5802849,D,S,D,2024-07-10,1000000.00,4.501009,102.01953125
08:00:41,912810UA4,TSRYS5802849,D,S,D,2024-07-10,1000000.00,4.49936,102.046875
08:00:41,912810UA4,TSRYS5802849,D,S,D,2024-07-10,1000000.00,4.49936,102.046875
08:00:41,912810UA4,TSRYS5802849,D,S,C,2024-07-10,30000000.00,4.473995,102.46875
08:00:41,912810UA4,TSRYS5802849,D,S,C,2024-07-10,20000000.00,4.464391,102.62890625
08:00:41,912810UA4,TSRYS5802849,D,B,A,2024-07-10,4000000.00,4.468132,102.56640625
08:00:41,912810UA4,TSRYS5802849,D,S,T,2024-07-10,3000000.00,4.460886,102.6875
08:00:41,912810UA4,TSRYS5802849,D,S,T,2024-07-10,2000000.00,4.460886,102.6875
08:00:41,912810UA4,TSRYS5802849,D,S,D,2024-07-10,1000000.00,4.474922,102.453125
08:00:41,912810UA4,TSRYS5802849,D,S,D,2024-07-10,2000000.00,4.474922,102.453125
08:00:41,912810UA4,TSRYS5802849,D,S,D,2024-07-10,1000000.00,4.475859,102.4375
08:00:41,912810UA4,TSRYS5802849,D,S,D,2024-07-10,1000000.00,4.477969,102.40234375
08:00:41,912810UA4,TSRYS5802849,D,S,D,2024-07-10,1000000.00,4.4775,102.41015625
08:00:41,912810UA4,TSRYS5802849,D,S,D,2024-07-10,1000000.00,4.475859,102.4375
08:00:41,912810UA4,TSRYS5802849,D,S,D,2024-07-10,1000000.00,4.475859,102.4375
08:00:41,912810UA4,TSRYS5802849,D,S,D,2024-07-10,1000000.00,4.461704,102.673828125
08:00:41,912810UA4,TSRYS5802849,D,S,D,2024-07-10,1000000.00,4.473751,102.47265625
08:00:42,912810UA4,TSRYS5802849,D,S,T,2024-07-10,1000000.00,4.462405,102.662109375
08:00:42,912810UA4,TSRYS5802849,D,S,D,2024-07-10,1000000.00,4.462522,102.66015625
08:00:42,912810UA4,TSRYS5802849,D,S,T,2024-07-10,1000000.00,4.476797,102.421875
08:00:42,912810UA4,TSRYS5802849,D,S,T,2024-07-10,1000000.00,4.476797,102.421875
08:00:42,912810UA4,TSRYS5802849,D,S,T,2024-07-10,1000000.00,4.476797,102.421875
08:00:42,912810UA4,TSRYS5802849,D,S,T,2024-07-10,1000000.00,4.476797,102.421875
08:00:42,912810UA4,TSRYS5802849,D,S,T,2024-07-10,1000000.00,4.476797,102.421875
08:00:42,912810UA4,TSRYS5802849,D,S,T,2024-07-10,1000000.00,4.476797,102.421875
08:00:42,912810UA4,TSRYS5802849,D,S,T,2024-07-10,1000000.00,4.476797,102.421875
08:00:42,912810UA4,TSRYS5802849,D,S,T,2024-07-10,1000000.00,4.476797,102.421875
08:00:42,912810UA4,TSRYS5802849,D,S,T,2024-07-10,1000000.00,4.476797,102.421875
08:00:42,912810UA4,TSRYS5802849,D,S,T,2024-07-10,1000000.00,4.476797,102.421875
08:00:42,912810UA4,TSRYS5802849,D,S,T,2024-07-10,1000000.00,4.476797,102.421875
08:00:42,912810UA4,TSRYS5802849,D,S,T,2024-07-10,1000000.00,4.476797,102.421875
08:00:42,912810UA4,TSRYS5802849,D,S,T,2024-07-10,1000000.00,4.476797,102.421875
08:00:42,912810UA4,TSRYS5802849,D,S,T,2024-07-10,1000000.00,4.476797,102.421875
08:00:43,912810UA4,TSRYS5802849,D,S,T,2024-07-10,1000000.00,4.476797,102.421875
08:00:43,912810UA4,TSRYS5802849,D,S,T,2024-07-10,1000000.00,4.476797,102.421875
08:00:43,912810UA4,TSRYS5802849,D,S,T,2024-07-10,1000000.00,4.476797,102.421875
08:00:43,912810UA4,TSRYS5802849,D,S,T,2024-07-10,1000000.00,4.462522,102.66015625
08:00:43,912810UA4,TSRYS5802849,D,S,C,2024-07-10,1000000.00,4.470472,102.52734375
08:00:43,912810UA4,TSRYS5802849,D,S,T,2024-07-10,1000000.00,4.462755,102.65625
08:00:43,912810UA4,TSRYS5802849,D,S,D,2024-07-10,1000000.00,4.465794,102.60546875
08:00:44,912810UA4,TSRYS5802849,D,S,T,2024-07-10,1000000.00,4.462522,102.66015625
08:00:45,912810UA4,TSRYS5802849,D,S,T,2024-07-10,1000000.00,4.459952,102.703125
08:00:45,912810UA4,TSRYS5802849,D,S,T,2024-07-10,1000000.00,4.462755,102.65625
08:00:45,912810UA4,TSRYS5802849,D,S,T,2024-07-10,1000000.00,4.462755,102.65625
08:00:45,912810UA4,TSRYS5802849,D,S,T,2024-07-10,1000000.00,4.461821,102.671875
08:00:46,912810UA4,TSRYS5802849,D,S,D,2024-07-10,500000.00,4.461821,102.671875
08:00:46,912810UA4,TSRYS5802849,D,S,D,2024-07-10,1000000.00,4.462054,102.66796875
08:00:46,912810UA4,TSRYS5802849,D,S,D,2024-07-10,1000000.00,4.463456,102.64453125
08:00:46,912810UA4,TSRYS5802849,D,S,D,2024-07-10,1000000.00,4.464859,102.62109375
08:00:46,912810UA4,TSRYS5802849,D,S,T,2024-07-10,1000000.00,4.462755,102.65625
08:00:46,912810UA4,TSRYS5802849,D,S,T,2024-07-10,1000000.00,4.461821,102.671875
08:00:46,912810UA4,TSRYS5802849,D,S,D,2024-07-10,1000000.00,4.462522,102.66015625
08:00:46,912810UA4,TSRYS5802849,D,B,A,2024-07-10,5000000.00,4.492061,102.16796875
08:00:46,912810UA4,TSRYS5802849,D,S,T,2024-07-10,1000000.00,4.490414,102.1953125
08:00:46,912810UA4,TSRYS5802849,D,S,D,2024-07-10,1000000.00,4.490414,102.1953125
08:00:46,912810UA4,TSRYS5802849,D,S,T,2024-07-10,1000000.00,4.490297,102.197265625
08:00:46,912810UA4,TSRYS5802849,D,S,T,2024-07-10,1000000.00,4.497004,102.0859375
08:00:46,912810UA4,TSRYS5802849,D,S,T,2024-07-10,1000000.00,4.476797,102.421875
08:00:46,912810UA4,TSRYS5802849,D,S,T,2024-07-10,1000000.00,4.476797,102.421875
08:00:46,912810UA4,TSRYS5802849,D,S,T,2024-07-10,1000000.00,4.462522,102.66015625
08:00:47,912810UA4,TSRYS5802849,D,S,T,2024-07-10,1000000.00,4.476797,102.421875
08:00:47,912810UA4,TSRYS5802849,D,S,T,2024-07-10,1000000.00,4.476797,102.421875
08:00:47,912810UA4,TSRYS5802849,D,S,T,2024-07-10,1000000.00,4.476797,102.421875
08:00:47,912810UA4,TSRYS5802849,D,S,T,2024-07-10,1000000.00,4.476797,102.421875
08:00:47,912810UA4,TSRYS5802849,D,S,T,2024-07-10,1000000.00,4.476797,102.421875
08:00:47,912810UA4,TSRYS5802849,D,S,T,2024-07-10,1000000.00,4.476797,102.421875
08:00:47,912810UA4,TSRYS5802849,D,S,D,2024-07-10,1000000.00,4.463456,102.64453125
08:00:47,912810UA4,TSRYS5802849,D,S,D,2024-07-10,1000000.00,4.46369,102.640625
08:00:47,912810UA4,TSRYS5802849,D,S,D,2024-07-10,1000000.00,4.463924,102.63671875
08:00:47,912810UA4,TSRYS5802849,D,S,D,2024-07-10,1000000.00,4.49936,102.046875
08:00:47,912810UA4,TSRYS5802849,D,B,A,2024-07-10,29700000.00,4.476797,102.421875
08:00:47,912810UA4,TSRYS5802849,D,S,T,2024-07-10,1000000.00,4.461821,102.671875
08:00:47,912810UA4,TSRYS5802849,D,S,C,2024-07-10,1000000.00,4.471175,102.515625
08:00:47,912810UA4,TSRYS5802849,D,S,T,2024-07-10,1000000.00,4.461821,102.671875
08:00:47,912810UA4,TSRYS5802849,D,S,T,2024-07-10,1000000.00,4.461821,102.671875
08:00:47,912810UA4,TSRYS5802849,D,S,T,2024-07-10,1000000.00,4.461704,102.673828125
08:00:47,912810UA4,TSRYS5802849,D,S,T,2024-07-10,1000000.00,4.461821,102.671875
08:00:47,912810UA4,TSRYS5802849,D,S,T,2024-07-10,1000000.00,4.485714,102.2734375
08:00:47,912810UA4,TSRYS5802849,D,S,T,2024-07-10,1000000.00,4.485714,102.2734375
08:00:48,912810UA4,TSRYS5802849,D,S,C,2024-07-10,2000000.00,4.466004,102.6019625
08:00:48,912810UA4,TSRYS5802849,D,S,T,2024-07-10,1000000.00,4.485714,102.2734375
08:00:48,912810UA4,TSRYS5802849,D,S,T,2024-07-10,1000000.00,4.485714,102.2734375
08:00:48,912810UA4,TSRYS5802849,D,S,T,2024-07-10,1000000.00,4.461821,102.671875
08:00:48,912810UA4,TSRYS5802849,D,S,D,2024-07-10,1000000.00,4.462522,102.66015625
08:00:48,912810UA4,TSRYS5802849,D,S,T,2024-07-10,1000000.00,4.485714,102.2734375
08:00:48,912810UA4,TSRYS5802849,D,S,D,2024-07-10,1000000.00,4.495826,102.10546875
08:00:48,912810UA4,TSRYS5802849,D,S,D,2024-07-10,1000000.00,4.462522,102.66015625
08:00:48,912810UA4,TSRYS5802849,D,S,T,2024-07-10,1000000.00,4.485714,102.2734375
08:00:48,912810UA4,TSRYS5802849,D,S,T,2024-07-10,1000000.00,4.485714,102.2734375
08:00:48,912810UA4,TSRYS5802849,D,S,T,2024-07-10,1000000.00,4.485714,102.2734375
08:00:48,912810UA4,TSRYS5802849,D,S,T,2024-07-10,1000000.00,4.485831,102.271484375
08:00:48,912810UA4,TSRYS5802849,D,S,D,2024-07-10,1000000.00,4.461821,102.671875
08:00:48,912810UA4,TSRYS5802849,D,S,T,2024-07-10,1000000.00,4.485949,102.26953125
08:00:48,912810UA4,TSRYS5802849,D,S,T,2024-07-10,1000000.00,4.486066,102.267578125
08:00:48,912810UA4,TSRYS5802849,D,S,T,2024-07-10,1000000.00,4.486066,102.267578125
08:00:48,912810UA4,TSRYS5802849,D,S,T,2024-07-10,1000000.00,4.461821,102.671875
08:00:48,912810UA4,TSRYS5802849,D,S,T,2024-07-10,1000000.00,4.486184,102.265625
08:00:48,912810UA4,TSRYS5802849,D,S,T,2024-07-10,1000000.00,4.48619,102.265523
08:00:48,912810UA4,TSRYS5802849,D,S,T,2024-07-10,1000000.00,4.48619,102.265523
08:00:48,912810UA4,TSRYS5802849,D,S,T,2024-07-10,1000000.00,4.461821,102.671875
08:00:48,912810UA4,TSRYS5802849,D,S,T,2024-07-10,1000000.00,4.461821,102.671875
08:00:49,912810UA4,TSRYS5802849,D,S,T,2024-07-10,1000000.00,4.461821,102.671875
08:00:49,912810UA4,TSRYS5802849,D,S,T,2024-07-10,1000000.00,4.461821,102.671875
08:00:49,912810UA4,TSRYS5802849,D,S,T,2024-07-10,1000000.00,4.462755,102.65625
08:00:49,912810UA4,TSRYS5802849,D,S,D,2024-07-10,1000000.00,4.461821,102.671875
08:00:49,912810UA4,TSRYS5802849,D,S,T,2024-07-10,1000000.00,4.475859,102.4375
08:00:49,912810UA4,TSRYS5802849,D,S,D,2024-07-10,1000000.00,4.461821,102.671875
08:00:49,912810UA4,TSRYS5802849,D,S,D,2024-07-10,1000000.00,4.461821,102.671875
08:00:49,912810UA4,TSRYS5802849,D,S,D,2024-07-10,1000000.00,4.461821,102.671875
08:00:49,912810UA4,TSRYS5802849,D,S,D,2024-07-10,1000000.00,4.461821,102.671875
08:00:49,912810UA4,TSRYS5802849,D,S,T,2024-07-10,1000000.00,4.461821,102.671875
08:00:49,912810UA4,TSRYS5802849,D,B,C,2024-07-10,1000000.00,4.489004,102.21875
08:00:49,912810UA4,TSRYS5802849,D,S,T,2024-07-10,1000000.00,4.461821,102.671875
08:00:49,912810UA4,TSRYS5802849,D,S,C,2024-07-10,10000000.00,4.466951,102.5861375
08:00:49,912810UA4,TSRYS5802849,D,B,C,2024-07-10,3000000.00,4.46369,102.640625
08:00:49,912810UA4,TSRYS5802849,D,S,D,2024-07-10,3000000.00,4.46369,102.640625
08:00:49,912810UA4,TSRYS5802849,D,S,T,2024-07-10,1000000.00,4.462755,102.65625
08:00:50,912810UA4,TSRYS5802849,D,S,D,2024-07-10,12000000.00,4.466183,102.598958333
08:00:50,912810UA4,TSRYS5802849,D,S,T,2024-07-10,1000000.00,4.462755,102.65625
08:00:50,912810UA4,TSRYS5802849,D,B,A,2024-07-10,1500000.00,4.47258,102.4921875
08:00:50,912810UA4,TSRYS5802849,D,S,D,2024-07-10,1000000.00,4.470472,102.52734375
08:00:50,912810UA4,TSRYS5802849,D,S,D,2024-07-10,6000000.00,4.477178,102.415527344
08:00:50,912810UA4,TSRYS5802849,D,S,T,2024-07-10,1000000.00,4.461821,102.671875
08:00:51,912810UA4,TSRYS5802849,D,S,D,2024-07-10,1000000.00,4.4775,102.41015625
08:00:51,912810UA4,TSRYS5802849,D,S,T,2024-07-10,1000000.00,4.477735,102.40625
08:00:52,912810UA4,TSRYS5802849,D,S,C,2024-07-10,5000000.00,4.470238,102.53125
08:00:52,912810UA4,TSRYS5802849,D,S,T,2024-07-10,1000000.00,4.476211,102.431640625
08:00:52,912810UA4,TSRYS5802849,D,S,A,2024-07-10,3000000.00,4.474429,102.4613375
08:00:52,912810UA4,TSRYS5802849,D,S,T,2024-07-10,1000000.00,4.468366,102.5625
08:00:52,912810UA4,TSRYS5802849,D,S,C,2024-07-10,3000000.00,4.46556,102.609375
08:00:52,912810UA4,TSRYS5802849,D,S,T,2024-07-10,1000000.00,4.468366,102.5625
08:00:52,912810UA4,TSRYS5802849,D,S,T,2024-07-10,1000000.00,4.468366,102.5625
08:00:52,912810UA4,TSRYS5802849,D,S,T,2024-07-10,1000000.00,4.464391,102.62890625
08:00:52,912810UA4,TSRYS5802849,D,S,T,2024-07-10,1000000.00,4.464625,102.625
08:00:52,912810UA4,TSRYS5802849,D,S,T,2024-07-10,1000000.00,4.464625,102.625
08:00:52,912810UA4,TSRYS5802849,D,S,T,2024-07-10,1000000.00,4.464625,102.625
08:00:52,912810UA4,TSRYS5802849,D,S,T,2024-07-10,1000000.00,4.464625,102.625
08:00:52,912810UA4,TSRYS5802849,D,S,T,2024-07-10,1000000.00,4.464625,102.625
08:00:52,912810UA4,TSRYS5802849,D,S,T,2024-07-10,1000000.00,4.464625,102.625
08:00:52,912810UA4,TSRYS5802849,D,S,D,2024-07-10,1600000.00,4.462522,102.66015625
08:00:52,912810UA4,TSRYS5802849,D,S,T,2024-07-10,1000000.00,4.461821,102.671875
08:00:52,912810UA4,TSRYS5802849,D,S,A,2024-07-10,3000000.00,4.462264,102.6644625
08:00:53,912810UA4,TSRYS5802849,D,S,D,2024-07-10,1000000.00,4.463924,102.63671875
08:00:53,912810UA4,TSRYS5802849,D,S,T,2024-07-10,1000000.00,4.461821,102.671875
08:00:53,912810UA4,TSRYS5802849,D,S,T,2024-07-10,1000000.00,4.461821,102.671875
08:00:53,912810UA4,TSRYS5802849,D,S,T,2024-07-10,1000000.00,4.464508,102.626953125
08:00:53,912810UA4,TSRYS5802849,D,S,D,2024-07-10,1000000.00,4.462755,102.65625
08:00:54,912810UA4,TSRYS5802849,D,S,T,2024-07-10,2000000.00,4.461821,102.671875
08:00:54,912810UA4,TSRYS5802849,D,S,T,2024-07-10,1000000.00,4.461821,102.671875
08:00:54,912810UA4,TSRYS5802849,D,S,T,2024-07-10,1000000.00,4.466027,102.6015625
08:00:54,912810UA4,TSRYS5802849,D,S,T,2024-07-10,1000000.00,4.466027,102.6015625
08:00:54,912810UA4,TSRYS5802849,D,S,T,2024-07-10,1000000.00,4.461821,102.671875
08:00:54,912810UA4,TSRYS5802849,D,S,D,2024-07-10,1000000.00,4.466612,102.591796875
08:00:54,912810UA4,TSRYS5802849,D,S,T,2024-07-10,1000000.00,4.466729,102.58984375
08:00:54,912810UA4,TSRYS5802849,D,S,T,2024-07-10,1000000.00,4.462989,102.65234375
08:00:54,912810UA4,TSRYS5802849,D,S,T,2024-07-10,1000000.00,4.462989,102.65234375
08:00:54,912810UA4,TSRYS5802849,D,S,T,2024-07-10,1000000.00,4.461821,102.671875
08:00:54,912810UA4,TSRYS5802849,D,S,D,2024-07-10,1000000.00,4.461354,102.6796875
08:00:54,912810UA4,TSRYS5802849,D,S,D,2024-07-10,1000000.00,4.461354,102.6796875
08:00:55,912810UA4,TSRYS5802849,D,S,T,2024-07-10,1000000.00,4.474922,102.453125
08:00:55,912810UA4,TSRYS5802849,D,S,T,2024-07-10,1000000.00,4.462755,102.65625
08:00:55,912810UA4,TSRYS5802849,D,B,C,2024-07-10,3000000.00,4.472345,102.49609375
08:00:55,912810UA4,TSRYS5802849,D,S,T,2024-07-10,1000000.00,4.493943,102.13671875
08:00:55,912810UA4,TSRYS5802849,D,S,T,2024-07-10,1000000.00,4.461821,102.671875
08:00:55,912810UA4,TSRYS5802849,D,S,T,2024-07-10,1000000.00,4.490297,102.197265625
08:00:55,912810UA4,TSRYS5802849,D,S,T,2024-07-10,1000000.00,4.490414,102.1953125
08:00:55,912810UA4,TSRYS5802849,D,S,T,2024-07-10,2000000.00,4.473048,102.484375
08:00:55,912810UA4,TSRYS5802849,D,S,T,2024-07-10,1000000.00,4.473048,102.484375
08:00:55,912810UA4,TSRYS5802849,D,S,T,2024-07-10,1000000.00,4.461821,102.671875
08:00:56,912810UA4,TSRYS5802849,D,B,C,2024-07-10,14965000.00,4.466495,102.59375
08:00:56,912810UA4,TSRYS5802849,D,S,T,2024-07-10,1000000.00,4.462522,102.66015625
08:00:56,912810UA4,TSRYS5802849,D,S,A,2024-07-10,5000000.00,4.498417,102.0625
08:00:56,912810UA4,TSRYS5802849,D,S,T,2024-07-10,1000000.00,4.461821,102.671875
08:00:56,912810UA4,TSRYS5802849,D,S,D,2024-07-10,16000000.00,4.46556,102.609375
08:00:58,912810UA4,TSRYS5802849,D,S,T,2024-07-10,1000000.00,4.461821,102.671875
08:00:58,912810UA4,TSRYS5802849,D,S,T,2024-07-10,1000000.00,4.461821,102.671875
08:00:58,912810UA4,TSRYS5802849,D,S,T,2024-07-10,1000000.00,4.462522,102.66015625
08:00:58,912810UA4,TSRYS5802849,D,S,T,2024-07-10,1000000.00,4.465566,102.609275
08:00:58,912810UA4,TSRYS5802849,D,S,T,2024-07-10,1000000.00,4.461821,102.671875
08:00:58,912810UA4,TSRYS5802849,D,S,T,2024-07-10,1000000.00,4.466027,102.6015625
08:00:59,912810UA4,TSRYS5802849,D,S,T,2024-07-10,1000000.00,4.462522,102.66015625
08:00:59,912810UA4,TSRYS5802849,D,S,D,2024-07-10,1000000.00,4.471175,102.515625
08:00:59,912810UA4,TSRYS5802849,D,S,T,2024-07-10,1000000.00,4.461003,102.685546875
08:00:59,912810UA4,TSRYS5802849,D,S,T,2024-07-10,1000000.00,4.46136,102.6795875
08:00:59,912810UA4,TSRYS5802849,D,S,T,2024-07-10,2000000.00,4.492414,102.162109375
08:00:59,912810UA4,TSRYS5802849,D,S,D,2024-07-10,1000000.00,4.467197,102.58203125
08:00:59,912810UA4,TSRYS5802849,D,S,D,2024-07-10,1000000.00,4.465794,102.60546875
08:00:59,912810UA4,TSRYS5802849,D,S,D,2024-07-10,1000000.00,4.466261,102.59765625
08:00:59,912810UA4,TSRYS5802849,D,S,T,2024-07-10,1000000.00,4.472345,102.49609375
08:00:59,912810UA4,TSRYS5802849,D,B,A,2024-07-10,6000000.00,4.471667,102.5074125
08:00:59,912810UA4,TSRYS5802849,D,S,T,2024-07-10,1000000.00,4.462755,102.65625
08:00:59,912810UA4,TSRYS5802849,D,S,T,2024-07-10,1000000.00,4.462755,102.65625
08:00:59,912810UA4,TSRYS5802849,D,S,T,2024-07-10,1000000.00,4.461821,102.671875
08:00:59,912810UA4,TSRYS5802849,D,S,A,2024-07-10,3000000.00,4.476797,102.421875
08:01:00,912810UA4,TSRYS5802849,D,S,D,2024-07-10,1000000.00,4.461821,102.671875
08:01:00,912810UA4,TSRYS5802849,D,S,T,2024-07-10,1000000.00,4.477735,102.40625
08:01:00,912810UA4,TSRYS5802849,D,S,D,2024-07-10,1000000.00,4.477969,102.40234375
08:01:00,912810UA4,TSRYS5802849,D,S,D,2024-07-10,1000000.00,4.487358,102.24609375
08:01:00,912810UA4,TSRYS5802849,D,S,D,2024-07-10,2000000.00,4.487828,102.23828125
08:01:00,912810UA4,TSRYS5802849,D,S,C,2024-07-10,1000000.00,4.490414,102.1953125
08:01:00,912810UA4,TSRYS5802849,D,S,D,2024-07-10,1000000.00,4.490414,102.1953125
08:01:00,912810UA4,TSRYS5802849,D,S,C,2024-07-10,1000000.00,4.497004,102.0859375
08:01:00,912810UA4,TSRYS5802849,D,S,C,2024-07-10,1000000.00,4.496768,102.08984375
08:01:00,912810UA4,TSRYS5802849,D,B,C,2024-07-10,1000000.00,4.490414,102.1953125
08:01:00,912810UA4,TSRYS5802849,D,B,C,2024-07-10,1000000.00,4.497004,102.0859375
08:01:00,912810UA4,TSRYS5802849,D,S,D,2024-07-10,1000000.00,4.497004,102.0859375
08:01:00,912810UA4,TSRYS5802849,D,B,C,2024-07-10,1000000.00,4.500067,102.03515625
08:01:00,912810UA4,TSRYS5802849,D,S,D,2024-07-10,1000000.00,4.497239,102.08203125
08:01:00,912810UA4,TSRYS5802849,D,S,C,2024-07-10,1000000.00,4.500302,102.03125
08:01:00,912810UA4,TSRYS5802849,D,S,D,2024-07-10,1000000.00,4.500067,102.03515625
08:01:00,912810UA4,TSRYS5802849,D,S,D,2024-07-10,1000000.00,4.500774,102.0234375
08:01:00,912810UA4,TSRYS5802849,D,S,C,2024-07-10,1000000.00,4.500774,102.0234375
08:01:00,912810UA4,TSRYS5802849,D,S,D,2024-07-10,1000000.00,4.497004,102.0859375
08:01:00,912810UA4,TSRYS5802849,D,S,D,2024-07-10,1000000.00,4.496062,102.1015625
08:01:00,912810UA4,TSRYS5802849,D,S,D,2024-07-10,1000000.00,4.495826,102.10546875
08:01:00,912810UA4,TSRYS5802849,D,S,D,2024-07-10,1000000.00,4.488063,102.234375
08:01:00,912810UA4,TSRYS5802849,D,S,C,2024-07-10,1000000.00,4.487358,102.24609375
08:01:00,912810UA4,TSRYS5802849,D,S,C,2024-07-10,1000000.00,4.475625,102.44140625
08:01:00,912810UA4,TSRYS5802849,D,S,D,2024-07-10,1000000.00,4.484774,102.2890625
08:01:00,912810UA4,TSRYS5802849,D,B,C,2024-07-10,1000000.00,4.475625,102.44140625
08:01:00,912810UA4,TSRYS5802849,D,S,C,2024-07-10,1000000.00,4.475625,102.44140625
08:01:00,912810UA4,TSRYS5802849,D,S,D,2024-07-10,1000000.00,4.475859,102.4375
08:01:00,912810UA4,TSRYS5802849,D,S,D,2024-07-10,1000000.00,4.475859,102.4375
08:01:00,912810UA4,TSRYS5802849,D,S,D,2024-07-10,1000000.00,4.475859,102.4375
08:01:00,912810UA4,TSRYS5802849,D,S,D,2024-07-10,1000000.00,4.475859,102.4375
08:01:00,912810UA4,TSRYS5802849,D,S,D,2024-07-10,1000000.00,4.475859,102.4375
08:01:00,912810UA4,TSRYS5802849,D,S,D,2024-07-10,1000000.00,4.477969,102.40234375
08:01:00,912810UA4,TSRYS5802849,D,S,D,2024-07-10,1000000.00,4.470472,102.52734375
08:01:00,912810UA4,TSRYS5802849,D,S,C,2024-07-10,1000000.00,4.4775,102.41015625
08:01:00,912810UA4,TSRYS5802849,D,S,D,2024-07-10,1000000.00,4.475859,102.4375
08:01:00,912810UA4,TSRYS5802849,D,S,C,2024-07-10,1000000.00,4.476328,102.4296875
08:01:00,912810UA4,TSRYS5802849,D,S,D,2024-07-10,1000000.00,4.4775,102.41015625
08:01:00,912810UA4,TSRYS5802849,D,B,C,2024-07-10,1000000.00,4.476094,102.43359375
08:01:00,912810UA4,TSRYS5802849,D,S,D,2024-07-10,1000000.00,4.475859,102.4375
08:01:00,912810UA4,TSRYS5802849,D,S,D,2024-07-10,1000000.00,4.475859,102.4375
08:01:00,912810UA4,TSRYS5802849,D,S,D,2024-07-10,1000000.00,4.473751,102.47265625
08:01:00,912810UA4,TSRYS5802849,D,S,C,2024-07-10,1000000.00,4.474453,102.4609375
08:01:00,912810UA4,TSRYS5802849,D,S,C,2024-07-10,1000000.00,4.465794,102.60546875
08:01:00,912810UA4,TSRYS5802849,D,S,D,2024-07-10,1000000.00,4.476094,102.43359375
08:01:00,912810UA4,TSRYS5802849,D,S,D,2024-07-10,1000000.00,4.466963,102.5859375
08:01:00,912810UA4,TSRYS5802849,D,B,C,2024-07-10,1000000.00,4.467898,102.5703125
08:01:00,912810UA4,TSRYS5802849,D,S,D,2024-07-10,1000000.00,4.465794,102.60546875
08:01:00,912810UA4,TSRYS5802849,D,B,C,2024-07-10,1000000.00,4.462054,102.66796875
08:01:00,912810UA4,TSRYS5802849,D,S,D,2024-07-10,1000000.00,4.462054,102.66796875
08:01:00,912810UA4,TSRYS5802849,D,S,C,2024-07-10,1000000.00,4.467898,102.5703125
08:01:00,912810UA4,TSRYS5802849,D,B,C,2024-07-10,1000000.00,4.466963,102.5859375
08:01:00,912810UA4,TSRYS5802849,D,S,D,2024-07-10,1000000.00,4.463456,102.64453125
08:01:00,912810UA4,TSRYS5802849,D,S,D,2024-07-10,1000000.00,4.463456,102.64453125
08:01:00,912810UA4,TSRYS5802849,D,S,C,2024-07-10,1000000.00,4.462522,102.66015625
08:01:00,912810UA4,TSRYS5802849,D,B,C,2024-07-10,1000000.00,4.462054,102.66796875
08:01:00,912810UA4,TSRYS5802849,D,S,D,2024-07-10,1000000.00,4.463924,102.63671875
08:01:00,912810UA4,TSRYS5802849,D,S,D,2024-07-10,1000000.00,4.46369,102.640625
08:01:00,912810UA4,TSRYS5802849,D,S,D,2024-07-10,1000000.00,4.462054,102.66796875
08:01:00,912810UA4,TSRYS5802849,D,S,D,2024-07-10,1000000.00,4.462054,102.66796875
08:01:00,912810UA4,TSRYS5802849,D,S,D,2024-07-10,1000000.00,4.462288,102.6640625
08:01:00,912810UA4,TSRYS5802849,D,S,C,2024-07-10,1000000.00,4.465794,102.60546875
08:01:00,912810UA4,TSRYS5802849,D,B,C,2024-07-10,1000000.00,4.465794,102.60546875
08:01:00,912810UA4,TSRYS5802849,D,S,C,2024-07-10,1000000.00,4.461821,102.671875
08:01:00,912810UA4,TSRYS5802849,D,B,C,2024-07-10,1000000.00,4.462054,102.66796875
08:01:01,912810UA4,TSRYS5802849,D,S,T,2024-07-10,1000000.00,4.461821,102.671875
08:01:01,912810UA4,TSRYS5802849,D,S,A,2024-07-10,2000000.00,4.474219,102.46484375
08:01:01,912810UA4,TSRYS5802849,D,S,D,2024-07-10,1000000.00,4.461354,102.6796875
08:01:01,912810UA4,TSRYS5802849,D,S,D,2024-07-10,1000000.00,4.461354,102.6796875
08:01:01,912810UA4,TSRYS5802849,D,S,D,2024-07-10,1000000.00,4.461821,102.671875
08:01:01,912810UA4,TSRYS5802849,D,S,T,2024-07-10,1000000.00,4.468366,102.5625
08:01:01,912810UA4,TSRYS5802849,D,S,T,2024-07-10,1000000.00,4.468366,102.5625
08:01:01,912810UA4,TSRYS5802849,D,S,T,2024-07-10,1000000.00,4.468366,102.5625
08:01:01,912810UA4,TSRYS5802849,D,S,T,2024-07-10,1000000.00,4.461821,102.671875
08:01:01,912810UA4,TSRYS5802849,D,S,D,2024-07-10,1000000.00,4.461821,102.671875
08:01:01,912810UA4,TSRYS5802849,D,S,D,2024-07-10,10000000.00,4.466951,102.5861375
08:01:02,912810UA4,TSRYS5802849,D,S,D,2024-07-10,1000000.00,4.461354,102.6796875
08:01:02,912810UA4,TSRYS5802849,D,S,D,2024-07-10,1000000.00,4.464274,102.630859375
08:01:02,912810UA4,TSRYS5802849,D,S,T,2024-07-10,1000000.00,4.464625,102.625
08:01:02,912810UA4,TSRYS5802849,D,S,D,2024-07-10,1000000.00,4.466144,102.599609375
08:01:02,912810UA4,TSRYS5802849,D,S,C,2024-07-10,1000.00,4.46203,103.16836875
08:01:03,912810UA4,TSRYS5802849,D,S,T,2024-07-10,1000000.00,4.466378,102.595703125
08:01:03,912810UA4,TSRYS5802849,D,S,T,2024-07-10,1000000.00,4.466378,102.595703125
08:01:03,912810UA4,TSRYS5802849,D,S,T,2024-07-10,2000000.00,4.466846,102.587890625
08:01:03,912810UA4,TSRYS5802849,D,S,D,2024-07-10,1000000.00,4.466963,102.5859375
08:01:03,912810UA4,TSRYS5802849,D,S,D,2024-07-10,1000000.00,4.466846,102.587890625
08:01:03,912810UA4,TSRYS5802849,D,S,T,2024-07-10,1000000.00,4.466846,102.587890625
08:01:03,912810UA4,TSRYS5802849,D,S,T,2024-07-10,1000000.00,4.466729,102.58984375
08:01:03,912810UA4,TSRYS5802849,D,S,D,2024-07-10,2000000.00,4.466004,102.6019625
08:01:04,912810UA4,TSRYS5802849,D,S,T,2024-07-10,1000000.00,4.46556,102.609375
08:01:04,912810UA4,TSRYS5802849,D,S,T,2024-07-10,1000000.00,4.462522,102.66015625
08:01:05,912810UA4,TSRYS5802849,D,S,T,2024-07-10,1000000.00,4.462755,102.65625
08:01:05,912810UA4,TSRYS5802849,D,S,T,2024-07-10,1000000.00,4.462755,102.65625
08:01:05,912810UA4,TSRYS5802849,D,S,T,2024-07-10,1000000.00,4.462755,102.65625
08:01:05,912810UA4,TSRYS5802849,D,S,T,2024-07-10,1000000.00,4.459952,102.703125
08:01:05,912810UA4,TSRYS5802849,D,S,T,2024-07-10,1000000.00,4.461821,102.671875
08:01:05,912810UA4,TSRYS5802849,D,S,T,2024-07-10,1000000.00,4.461821,102.671875
08:01:05,912810UA4,TSRYS5802849,D,S,T,2024-07-10,1000000.00,4.461821,102.671875
08:01:06,912810UA4,TSRYS5802849,D,S,T,2024-07-10,1000000.00,4.461821,102.671875
08:01:07,912810UA4,TSRYS5802849,D,B,C,2024-07-10,432000.00,4.464882,102.62069375
08:01:07,912810UA4,TSRYS5802849,D,S,T,2024-07-10,2000000.00,4.464625,102.625
08:01:07,912810UA4,TSRYS5802849,D,S,T,2024-07-10,4000000.00,4.464625,102.625
08:01:07,912810UA4,TSRYS5802849,D,S,T,2024-07-10,2000000.00,4.464625,102.625
08:01:07,912810UA4,TSRYS5802849,D,S,T,2024-07-10,1000000.00,4.464625,102.625
08:01:07,912810UA4,TSRYS5802849,D,S,T,2024-07-10,1000000.00,4.464625,102.625
08:01:07,912810UA4,TSRYS5802849,D,B,C,2024-07-10,1000000.00,4.488063,102.234375
08:01:07,912810UA4,TSRYS5802849,D,S,D,2024-07-10,1000000.00,4.488063,102.234375
08:01:08,912810UA4,TSRYS5802849,D,B,A,2024-07-10,5000000.00,4.485009,102.28515625
08:01:08,912810UA4,TSRYS5802849,D,B,A,2024-07-10,10000000.00,4.475859,102.4375
08:01:08,912810UA4,TSRYS5802849,D,S,T,2024-07-10,1000000.00,4.475625,102.44140625
08:01:08,912810UA4,TSRYS5802849,D,S,T,2024-07-10,1000000.00,4.475742,102.439453125
08:01:08,912810UA4,TSRYS5802849,D,S,T,2024-07-10,1000000.00,4.475742,102.439453125
08:01:08,912810UA4,TSRYS5802849,D,S,T,2024-07-10,2000000.00,4.475742,102.439453125
08:01:08,912810UA4,TSRYS5802849,D,S,T,2024-07-10,1000000.00,4.475859,102.4375
08:01:08,912810UA4,TSRYS5802849,D,S,T,2024-07-10,2000000.00,4.475859,102.4375
08:01:08,912810UA4,TSRYS5802849,D,S,T,2024-07-10,1000000.00,4.475859,102.4375
08:01:08,912810UA4,TSRYS5802849,D,S,T,2024-07-10,1000000.00,4.475865,102.437398
08:01:08,912810UA4,TSRYS5802849,D,S,A,2024-07-10,3000000.00,4.467665,102.57421875
08:01:09,912810UA4,TSRYS5802849,D,S,T,2024-07-10,1000000.00,4.502076,102.001853125
08:01:09,912810UA4,TSRYS5802849,D,S,T,2024-07-10,1000000.00,4.494655,102.1249
08:01:09,912810UA4,TSRYS5802849,D,S,T,2024-07-10,1000000.00,4.492773,102.15615
08:01:09,912810UA4,TSRYS5802849,D,S,T,2024-07-10,1000000.00,4.490891,102.1874
08:01:09,912810UA4,TSRYS5802849,D,S,T,2024-07-10,1000000.00,4.484311,102.296775
08:01:09,912810UA4,TSRYS5802849,D,S,T,2024-07-10,1000000.00,4.482432,102.328025
08:01:09,912810UA4,TSRYS5802849,D,S,T,2024-07-10,1000000.00,4.480555,102.359275
08:01:09,912810UA4,TSRYS5802849,D,S,T,2024-07-10,1000000.00,4.475865,102.4374
08:01:09,912810UA4,TSRYS5802849,D,B,C,2024-07-10,1000000.00,4.501636,102.0091534
08:01:09,912810UA4,TSRYS5802849,D,B,C,2024-07-10,1000000.00,4.476249,102.4310088
08:01:10,912810UA4,TSRYS5802849,D,S,T,2024-07-10,1000000.00,4.485252,102.28112
08:01:10,912810UA4,TSRYS5802849,D,B,A,2024-07-10,6000000.00,4.463924,102.63671875
08:01:12,912810UA4,TSRYS5802849,D,S,D,2024-07-10,1000000.00,4.46369,102.640625
08:01:12,912810UA4,TSRYS5802849,D,S,D,2024-07-10,1000000.00,4.46369,102.640625
08:01:12,912810UA4,TSRYS5802849,D,S,D,2024-07-10,1000000.00,4.46369,102.640625
08:01:12,912810UA4,TSRYS5802849,D,S,T,2024-07-10,1000000.00,4.462755,102.65625
08:01:13,912810UA4,TSRYS5802849,D,S,D,2024-07-10,1000000.00,4.487358,102.24609375
08:01:14,912810UA4,TSRYS5802849,D,S,T,2024-07-10,1000000.00,4.461821,102.671875
08:01:14,912810UA4,TSRYS5802849,D,S,T,2024-07-10,1000000.00,4.461704,102.673828125
08:01:14,912810UA4,TSRYS5802849,D,S,T,2024-07-10,1000000.00,4.461821,102.671875
08:01:14,912810UA4,TSRYS5802849,D,S,A,2024-07-10,2000000.00,4.49771,102.07421875
08:01:14,912810UA4,TSRYS5802849,D,S,A,2024-07-10,5000000.00,4.478907,102.38671875
08:01:15,912810UA4,TSRYS5802849,D,B,A,2024-07-10,5000000.00,4.475625,102.44140625
08:01:17,912810UA4,TSRYS5802849,D,S,C,2024-07-10,1000000.00,4.485244,102.28125
08:01:20,912810UA4,TSRYS5802849,D,S,C,2024-07-10,1000.00,4.46203,102.66836875
08:01:20,912810UA4,TSRYS5802849,D,S,A,2024-07-10,5000000.00,4.467898,102.5703125
08:01:20,912810UA4,TSRYS5802849,D,B,A,2024-07-10,4000000.00,4.484305,102.296875
08:01:20,912810UA4,TSRYS5802849,D,B,A,2024-07-10,3000000.00,4.487593,102.2421875
08:01:20,912810UA4,TSRYS5802849,D,S,T,2024-07-10,1000000.00,4.487593,102.2421875
08:01:20,912810UA4,TSRYS5802849,D,S,T,2024-07-10,1000000.00,4.486184,102.265625
08:01:20,912810UA4,TSRYS5802849,D,S,T,2024-07-10,1000000.00,4.483365,102.3125
08:01:20,912810UA4,TSRYS5802849,D,S,T,2024-07-10,1000000.00,4.483365,102.3125
08:01:20,912810UA4,TSRYS5802849,D,S,T,2024-07-10,1000000.00,4.483365,102.3125
08:01:20,912810UA4,TSRYS5802849,D,B,C,2024-07-10,1000000.00,4.499242,102.04882812
08:01:20,912810UA4,TSRYS5802849,D,B,C,2024-07-10,1000000.00,4.500184,102.03320312
08:01:20,912810UA4,TSRYS5802849,D,S,T,2024-07-10,1000000.00,4.500302,102.03125
08:01:20,912810UA4,TSRYS5802849,D,S,D,2024-07-10,1000000.00,4.499477,102.04492187
08:01:20,912810UA4,TSRYS5802849,D,S,A,2024-07-10,3000000.00,4.475625,102.44140625
08:01:20,912810UA4,TSRYS5802849,D,S,T,2024-07-10,1000000.00,4.492767,102.15625
08:01:20,912810UA4,TSRYS5802849,D,S,T,2024-07-10,1000000.00,4.492531,102.16015625
08:01:20,912810UA4,TSRYS5802849,D,S,T,2024-07-10,1000000.00,4.492649,102.15820312
08:01:20,912810UA4,TSRYS5802849,D,S,D,2024-07-10,1000000.00,4.467197,102.58203125
08:01:21,912810UA4,TSRYS5802849,D,S,D,2024-07-10,100000.00,4.477266,102.4140625
08:01:21,912810UA4,TSRYS5802849,D,S,C,2024-07-10,1000000.00,4.466963,102.5859375
08:01:21,912810UA4,TSRYS5802849,D,S,T,2024-07-10,1000000.00,4.486888,102.25390625
08:01:21,912810UA4,TSRYS5802849,D,S,C,2024-07-10,1000000.00,4.465794,102.60546875
08:01:21,912810UA4,TSRYS5802849,D,B,C,2024-07-10,1000000.00,4.465794,102.60546875
08:01:21,912810UA4,TSRYS5802849,D,S,T,2024-07-10,1000000.00,4.497004,102.0859375
08:01:21,912810UA4,TSRYS5802849,D,S,D,2024-07-10,2000000.00,4.483365,102.3125
08:01:21,912810UA4,TSRYS5802849,D,S,D,2024-07-10,1000000.00,4.483365,102.3125
08:01:21,912810UA4,TSRYS5802849,D,S,T,2024-07-10,1000000.00,4.486771,102.255859375
08:01:21,912810UA4,TSRYS5802849,D,S,D,2024-07-10,1000000.00,4.461354,102.6796875
08:01:21,912810UA4,TSRYS5802849,D,S,D,2024-07-10,1000000.00,4.461354,102.6796875
08:01:22,912810UA4,TSRYS5802849,D,S,D,2024-07-10,1000000.00,4.461821,102.671875
08:01:22,912810UA4,TSRYS5802849,D,B,C,2024-07-10,1000000.00,4.461821,102.671875
08:01:22,912810UA4,TSRYS5802849,D,S,C,2024-07-10,3000000.00,4.488051,102.23458
08:01:22,912810UA4,TSRYS5802849,D,S,D,2024-07-10,50000.00,4.462755,102.65625
08:01:22,912810UA4,TSRYS5802849,D,S,T,2024-07-10,1000000.00,4.494186,102.1326875
08:01:22,912810UA4,TSRYS5802849,D,S,D,2024-07-10,9000000.00,4.493762,102.13972
08:01:22,912810UA4,TSRYS5802849,D,S,C,2024-07-10,7000000.00,4.496595,102.09271
08:01:22,912810UA4,TSRYS5802849,D,S,C,2024-07-10,1000000.00,4.48624,102.26469
08:01:22,912810UA4,TSRYS5802849,D,S,C,2024-07-10,6000000.00,4.499512,102.04435
08:01:22,912810UA4,TSRYS5802849,D,B,C,2024-07-10,9000000.00,4.500402,102.02959
08:01:22,912810UA4,TSRYS5802849,D,S,D,2024-07-10,1000000.00,4.461587,102.67578125
08:01:22,912810UA4,TSRYS5802849,D,B,C,2024-07-10,1000000.00,4.461587,102.67578125
08:01:22,912810UA4,TSRYS5802849,D,S,C,2024-07-10,10000000.00,4.487316,102.24679
08:01:22,912810UA4,TSRYS5802849,D,S,D,2024-07-10,7000000.00,4.498905,102.05441
08:01:22,912810UA4,TSRYS5802849,D,B,C,2024-07-10,3000000.00,4.483407,102.3118
08:01:22,912810UA4,TSRYS5802849,D,S,T,2024-07-10,1000000.00,4.492884,102.154296875
08:01:22,912810UA4,TSRYS5802849,D,S,D,2024-07-10,1000000.00,4.486888,102.25390625
08:01:22,912810UA4,TSRYS5802849,D,S,D,2024-07-10,1000000.00,4.486771,102.255859375
08:01:22,912810UA4,TSRYS5802849,D,S,D,2024-07-10,1000000.00,4.488298,102.23046875
08:01:22,912810UA4,TSRYS5802849,D,S,C,2024-07-10,1000000.00,4.489004,102.21875
08:01:23,912810UA4,TSRYS5802849,D,S,D,2024-07-10,1000000.00,4.489944,102.203125
08:01:23,912810UA4,TSRYS5802849,D,S,T,2024-07-10,1000000.00,4.464625,102.625
08:01:23,912810UA4,TSRYS5802849,D,S,D,2024-07-10,1000000.00,4.492531,102.16015625
08:01:23,912810UA4,TSRYS5802849,D,S,D,2024-07-10,1000000.00,4.492767,102.15625
08:01:23,912810UA4,TSRYS5802849,D,S,A,2024-07-10,360800.00,4.470941,102.51953125
08:01:23,912810UA4,TSRYS5802849,D,B,C,2024-07-10,1000000.00,4.500067,102.03515625
08:01:23,912810UA4,TSRYS5802849,D,S,D,2024-07-10,1000000.00,4.494061,102.134765625
08:01:23,912810UA4,TSRYS5802849,D,B,C,2024-07-10,1000000.00,4.494061,102.134765625
08:01:23,912810UA4,TSRYS5802849,D,S,T,2024-07-10,1000000.00,4.491355,102.1796875
08:01:23,912810UA4,TSRYS5802849,D,S,D,2024-07-10,1000000.00,4.492884,102.154296875
08:01:23,912810UA4,TSRYS5802849,D,S,C,2024-07-10,30000000.00,4.495964,102.10319
08:01:23,912810UA4,TSRYS5802849,D,S,D,2024-07-10,15000000.00,4.496196,102.09934
08:01:24,912810UA4,TSRYS5802849,D,S,T,2024-07-10,1000000.00,4.491355,102.1796875
08:01:24,912810UA4,TSRYS5802849,D,S,D,2024-07-10,2000000.00,4.491943,102.169921875
08:01:24,912810UA4,TSRYS5802849,D,S,T,2024-07-10,1000000.00,4.469893,102.537009375
08:01:24,912810UA4,TSRYS5802849,D,S,T,2024-07-10,1000000.00,4.47001,102.53505625
08:01:24,912810UA4,TSRYS5802849,D,S,T,2024-07-10,1000000.00,4.470127,102.533103125
08:01:24,912810UA4,TSRYS5802849,D,S,T,2024-07-10,2000000.00,4.470127,102.533103125
08:01:24,912810UA4,TSRYS5802849,D,S,T,2024-07-10,1000000.00,4.470244,102.53115
08:01:24,912810UA4,TSRYS5802849,D,S,T,2024-07-10,1000000.00,4.470244,102.53115
08:01:24,912810UA4,TSRYS5802849,D,S,T,2024-07-10,1000000.00,4.470244,102.53115
08:01:24,912810UA4,TSRYS5802849,D,S,T,2024-07-10,1000000.00,4.470238,102.53125
08:01:24,912810UA4,TSRYS5802849,D,S,T,2024-07-10,1000000.00,4.470238,102.53125
08:01:24,912810UA4,TSRYS5802849,D,S,T,2024-07-10,1000000.00,4.490885,102.1875
08:01:24,912810UA4,TSRYS5802849,D,S,T,2024-07-10,1000000.00,4.490885,102.1875
08:01:24,912810UA4,TSRYS5802849,D,S,T,2024-07-10,1000000.00,4.475859,102.4375
08:01:24,912810UA4,TSRYS5802849,D,S,T,2024-07-10,1000000.00,4.490885,102.1875
08:01:24,912810UA4,TSRYS5802849,D,S,T,2024-07-10,1000000.00,4.490894,102.18735
08:01:24,912810UA4,TSRYS5802849,D,S,D,2024-07-10,1000000.00,4.461821,102.671875
08:01:24,912810UA4,TSRYS5802849,D,S,T,2024-07-10,1000000.00,4.490885,102.1875
08:01:24,912810UA4,TSRYS5802849,D,S,C,2024-07-10,4000000.00,4.496297,102.09766
08:01:24,912810UA4,TSRYS5802849,D,S,D,2024-07-10,1000000.00,4.490179,102.19921875
08:01:24,912810UA4,TSRYS5802849,D,B,C,2024-07-10,15000000.00,4.46977,102.5390625
08:01:24,912810UA4,TSRYS5802849,D,S,C,2024-07-10,15000000.00,4.468834,102.5546875
08:01:24,912810UA4,TSRYS5802849,D,B,C,2024-07-10,16000000.00,4.46556,102.609375
08:01:25,912810UA4,TSRYS5802849,D,S,D,2024-07-10,1000000.00,4.496768,102.08984375
08:01:25,912810UA4,TSRYS5802849,D,S,D,2024-07-10,1000000.00,4.497004,102.0859375
08:01:25,912810UA4,TSRYS5802849,D,S,D,2024-07-10,1000000.00,4.500067,102.03515625
08:01:25,912810UA4,TSRYS5802849,D,S,D,2024-07-10,1000000.00,4.500067,102.03515625
08:01:25,912810UA4,TSRYS5802849,D,S,D,2024-07-10,1000000.00,4.492061,102.16796875
08:01:25,912810UA4,TSRYS5802849,D,B,A,2024-07-10,732000.00,4.476797,102.421875
08:01:25,912810UA4,TSRYS5802849,D,S,C,2024-07-10,1000000.00,4.490414,102.1953125
08:01:25,912810UA4,TSRYS5802849,D,S,D,2024-07-10,1000000.00,4.492061,102.16796875
08:01:25,912810UA4,TSRYS5802849,D,S,C,2024-07-10,1000000.00,4.490414,102.1953125
08:01:25,912810UA4,TSRYS5802849,D,S,C,2024-07-10,1000000.00,4.490297,102.197265625
08:01:25,912810UA4,TSRYS5802849,D,S,D,2024-07-10,1000000.00,4.492061,102.16796875
08:01:25,912810UA4,TSRYS5802849,D,S,C,2024-07-10,1000000.00,4.490297,102.197265625
08:01:26,912810UA4,TSRYS5802849,D,B,C,2024-07-10,3000000.00,4.492069,102.16783
08:01:26,912810UA4,TSRYS5802849,D,S,C,2024-07-10,1000000.00,4.490885,102.1875
08:01:26,912810UA4,TSRYS5802849,D,S,C,2024-07-10,30000000.00,4.490652,102.19136
08:01:26,912810UA4,TSRYS5802849,D,S,D,2024-07-10,1000000.00,4.491355,102.1796875
08:01:26,912810UA4,TSRYS5802849,D,S,D,2024-07-10,500000.00,4.466973,102.5859375
08:01:26,912810UA4,TSRYS5802849,D,S,D,2024-07-10,1000000.00,4.488063,102.234375
08:01:26,912810UA4,TSRYS5802849,D,S,D,2024-07-10,2000000.00,4.488063,102.234375
08:01:26,912810UA4,TSRYS5802849,D,S,C,2024-07-10,2000000.00,4.488063,102.234375
08:01:26,912810UA4,TSRYS5802849,D,S,A,2024-07-10,200000.00,4.475156,102.44921875
08:01:26,912810UA4,TSRYS5802849,D,B,C,2024-07-10,500000.00,4.468376,102.5625
08:01:27,912810UA4,TSRYS5802849,D,S,T,2024-07-10,1000000.00,4.486184,102.265625
08:01:27,912810UA4,TSRYS5802849,D,S,D,2024-07-10,1000.00,,102.66836875
08:01:27,912810UA4,TSRYS5802849,D,S,D,2024-07-10,1000000.00,4.499831,102.0390625
08:01:27,912810UA4,TSRYS5802849,D,S,T,2024-07-10,1000000.00,4.485244,102.28125
08:01:27,912810UA4,TSRYS5802849,D,B,A,2024-07-10,3000000.00,4.473282,102.48046875
08:01:27,912810UA4,TSRYS5802849,D,S,D,2024-07-10,250000.00,4.462054,102.66796875
08:01:27,912810UA4,TSRYS5802849,D,S,T,2024-07-10,1000000.00,4.477031,102.41796875
08:01:27,912810UA4,TSRYS5802849,D,B,C,2024-07-10,1000000.00,4.491943,102.169921875
08:01:27,912810UA4,TSRYS5802849,D,S,D,2024-07-10,1000000.00,4.491943,102.169921875
08:01:27,912810UA4,TSRYS5802849,D,S,T,2024-07-10,2000000.00,4.472931,102.486328125
08:01:27,912810UA4,TSRYS5802849,D,S,D,2024-07-10,500000.00,4.462288,102.6640625
08:01:27,912810UA4,TSRYS5802849,D,S,D,2024-07-10,1000000.00,4.491825,102.171875
08:01:27,912810UA4,TSRYS5802849,D,S,T,2024-07-10,1000000.00,4.476797,102.421875
08:01:27,912810UA4,TSRYS5802849,D,S,T,2024-07-10,1000000.00,4.475625,102.44140625
08:01:27,912810UA4,TSRYS5802849,D,S,T,2024-07-10,1000000.00,4.475742,102.43945312
08:01:27,912810UA4,TSRYS5802849,D,S,T,2024-07-10,1000000.00,4.475625,102.44140625
08:01:27,912810UA4,TSRYS5802849,D,S,D,2024-07-10,1000000.00,4.492767,102.15625
08:01:27,912810UA4,TSRYS5802849,D,S,T,2024-07-10,1000000.00,4.475859,102.4375
08:01:27,912810UA4,TSRYS5802849,D,S,D,2024-07-10,1000000.00,4.476328,102.4296875
08:01:27,912810UA4,TSRYS5802849,D,S,C,2024-07-10,1000000.00,4.492531,102.16015625
08:01:27,912810UA4,TSRYS5802849,D,B,A,2024-07-10,1000000.00,4.473282,102.48046875
08:01:28,912810UA4,TSRYS5802849,D,S,T,2024-07-10,1000000.00,4.475859,102.4375
08:01:28,912810UA4,TSRYS5802849,D,S,T,2024-07-10,1000000.00,4.475859,102.4375
08:01:28,912810UA4,TSRYS5802849,D,S,C,2024-07-10,1000000.00,4.492649,102.158203125
08:01:28,912810UA4,TSRYS5802849,D,S,D,2024-07-10,500000.00,4.461839,102.671575
08:01:28,912810UA4,TSRYS5802849,D,S,T,2024-07-10,1000000.00,4.476328,102.4296875
08:01:28,912810UA4,TSRYS5802849,D,S,T,2024-07-10,1000000.00,4.476328,102.4296875
08:01:28,912810UA4,TSRYS5802849,D,S,T,2024-07-10,1000000.00,4.476328,102.4296875
08:01:28,912810UA4,TSRYS5802849,D,S,T,2024-07-10,1000000.00,4.476328,102.4296875
08:01:28,912810UA4,TSRYS5802849,D,S,D,2024-07-10,1000000.00,4.476328,102.4296875
08:01:28,912810UA4,TSRYS5802849,D,S,T,2024-07-10,1000000.00,4.476328,102.4296875
08:01:28,912810UA4,TSRYS5802849,D,S,T,2024-07-10,1000000.00,4.475868,102.43735
08:01:28,912810UA4,TSRYS5802849,D,S,T,2024-07-10,1000000.00,4.477742,102.40612
08:01:28,912810UA4,TSRYS5802849,D,S,T,2024-07-10,1000000.00,4.477742,102.40612
08:01:28,912810UA4,TSRYS5802849,D,S,T,2024-07-10,1000000.00,4.475868,102.43735
08:01:28,912810UA4,TSRYS5802849,D,S,T,2024-07-10,1000000.00,4.475868,102.43735
08:01:28,912810UA4,TSRYS5802849,D,S,T,2024-07-10,1000000.00,4.477742,102.40612
08:01:28,912810UA4,TSRYS5802849,D,S,T,2024-07-10,1000000.00,4.472111,102.5
08:01:28,912810UA4,TSRYS5802849,D,S,T,2024-07-10,1000000.00,4.475859,102.4375
08:01:28,912810UA4,TSRYS5802849,D,S,T,2024-07-10,1000000.00,4.485244,102.28125
08:01:28,912810UA4,TSRYS5802849,D,S,T,2024-07-10,1000000.00,4.475859,102.4375
08:01:28,912810UA4,TSRYS5802849,D,S,T,2024-07-10,1000000.00,4.475868,102.43735
08:01:28,912810UA4,TSRYS5802849,D,S,T,2024-07-10,1000000.00,4.477742,102.40612
08:01:28,912810UA4,TSRYS5802849,D,S,T,2024-07-10,1000000.00,4.472117,102.499898
08:01:28,912810UA4,TSRYS5802849,D,S,T,2024-07-10,1000000.00,4.475868,102.43735
08:01:28,912810UA4,TSRYS5802849,D,S,T,2024-07-10,1000000.00,4.477742,102.40612
08:01:28,912810UA4,TSRYS5802849,D,B,C,2024-07-10,5000000.00,4.488093,102.23388
08:01:28,912810UA4,TSRYS5802849,D,S,A,2024-07-10,2000000.00,4.471409,102.51171875
08:01:28,912810UA4,TSRYS5802849,D,S,T,2024-07-10,1000000.00,4.475867,102.43737
08:01:28,912810UA4,TSRYS5802849,D,S,D,2024-07-10,1000000.00,4.473751,102.47265625
08:01:28,912810UA4,TSRYS5802849,D,S,T,2024-07-10,1000000.00,4.473751,102.47265625
08:01:29,912810UA4,TSRYS5802849,D,S,T,2024-07-10,1000000.00,4.475867,102.43737
08:01:29,912810UA4,TSRYS5802849,D,S,T,2024-07-10,1000000.00,4.475867,102.43737
08:01:29,912810UA4,TSRYS5802849,D,S,T,2024-07-10,1000000.00,4.475625,102.44140625
08:01:29,912810UA4,TSRYS5802849,D,S,T,2024-07-10,1000000.00,4.473282,102.48046875
08:01:29,912810UA4,TSRYS5802849,D,B,A,2024-07-10,8000000.00,4.462054,102.66796875
08:01:29,912810UA4,TSRYS5802849,D,S,C,2024-07-10,8000000.00,4.462054,102.66796875
