tradeTime,cusip,issueSymbolIdentifier,priceType,reportingSideCode,contraPartyTypeCode,tradeDate,reportedTradeVolume,lastSaleYield,lastSalePrice
08:00:03,912810UC0,TSRYS5860825,D,S,A,2024-10-11,1000.00,4.397611,98.0550875
08:00:05,912810UC0,TSRYS5860825,D,S,T,2024-10-11,1000000.00,4.365531,98.078125
08:00:05,912810UC0,TSRYS5860825,D,S,T,2024-10-11,1000000.00,4.365531,98.078125
08:00:05,912810UC0,TSRYS5860825,D,S,T,2024-10-11,1000000.00,4.365531,98.078125
08:00:05,912810UC0,TSRYS5860825,D,S,T,2024-10-11,1000000.00,4.365531,98.078125
08:00:05,912810UC0,TSRYS5860825,D,S,T,2024-10-11,1000000.00,4.389467,97.6875
08:00:05,912810UC0,TSRYS5860825,D,S,T,2024-10-11,1000000.00,4.400041,97.515625
08:00:05,912810UC0,TSRYS5860825,D,S,T,2024-10-11,1000000.00,4.398117,97.546875
08:00:05,912810UC0,TSRYS5860825,D,S,T,2024-10-11,1000000.00,4.398117,97.546875
08:00:05,912810UC0,TSRYS5860825,D,S,T,2024-10-11,1000000.00,4.39427,97.609375
08:00:05,912810UC0,TSRYS5860825,D,S,C,2024-10-11,300000.00,4.397371,97.56099375
08:00:06,912810UC0,TSRYS5860825,D,S,D,2024-10-11,1000000.00,4.355043,98.25
08:00:06,912810UC0,TSRYS5860825,D,S,D,2024-10-11,3000000.00,4.367441,98.046875
08:00:07,912810UC0,TSRYS5860825,D,S,A,2024-10-11,10000000.00,4.361237,98.1484375
08:00:07,912810UC0,TSRYS5860825,D,S,A,2024-10-11,20000000.00,4.356939,98.21875
08:00:07,912810UC0,TSRYS5860825,D,S,T,2024-10-11,1000000.00,4.368396,98.03125
08:00:08,912810UC0,TSRYS5860825,D,S,D,2024-10-11,1000000.00,4.355043,98.25
08:00:08,912810UC0,TSRYS5860825,D,S,A,2024-10-11,10000000.00,4.359092,98.18359375
08:00:09,912810UC0,TSRYS5860825,D,S,T,2024-10-11,1000000.00,4.393789,97.6171875
08:00:09,912810UC0,TSRYS5860825,D,S,T,2024-10-11,1000000.00,4.393789,97.6171875
08:00:09,912810UC0,TSRYS5860825,D,S,T,2024-10-11,1000000.00,4.393789,97.6171875
08:00:12,912810UC0,TSRYS5860825,D,S,A,2024-10-11,500000.00,4.357901,98.203125
08:00:12,912810UC0,TSRYS5860825,D,B,A,2024-10-11,500000.00,4.366964,98.0546875
08:00:12,912810UC0,TSRYS5860825,D,S,A,2024-10-11,10000000.00,4.36577,98.07421875
08:00:12,912810UC0,TSRYS5860825,D,S,T,2024-10-11,1000000.00,4.3529,98.28515625
08:00:12,912810UC0,TSRYS5860825,D,S,T,2024-10-11,1000000.00,4.354566,98.2578125
08:00:12,912810UC0,TSRYS5860825,D,S,T,2024-10-11,4000000.00,4.365531,98.078125
08:00:12,912810UC0,TSRYS5860825,D,S,T,2024-10-11,1000000.00,4.354804,98.25390625
08:00:12,912810UC0,TSRYS5860825,D,S,T,2024-10-11,1000000.00,4.357186,98.21484375
08:00:12,912810UC0,TSRYS5860825,D,S,T,2024-10-11,1000000.00,4.356948,98.21875
08:00:12,912810UC0,TSRYS5860825,D,S,T,2024-10-11,2000000.00,4.365531,98.078125
08:00:12,912810UC0,TSRYS5860825,D,S,T,2024-10-11,1000000.00,4.365531,98.078125
08:00:12,912810UC0,TSRYS5860825,D,S,T,2024-10-11,1000000.00,4.365531,98.078125
08:00:12,912810UC0,TSRYS5860825,D,S,T,2024-10-11,1000000.00,4.365531,98.078125
08:00:12,912810UC0,TSRYS5860825,D,S,T,2024-10-11,1000000.00,4.365531,98.078125
08:00:12,912810UC0,TSRYS5860825,D,S,T,2024-10-11,1000000.00,4.365531,98.078125
08:00:12,912810UC0,TSRYS5860825,D,S,T,2024-10-11,1000000.00,4.365531,98.078125
08:00:12,912810UC0,TSRYS5860825,D,S,T,2024-10-11,1000000.00,4.360999,98.15234375
08:00:12,912810UC0,TSRYS5860825,D,S,T,2024-10-11,1000000.00,4.362668,98.125
08:00:12,912810UC0,TSRYS5860825,D,S,T,2024-10-11,1000000.00,4.362907,98.12109375
08:00:12,912810UC0,TSRYS5860825,D,S,T,2024-10-11,1000000.00,4.362907,98.12109375
08:00:12,912810UC0,TSRYS5860825,D,S,T,2024-10-11,1000000.00,4.357305,98.212890625
08:00:12,912810UC0,TSRYS5860825,D,S,T,2024-10-11,1000000.00,4.367441,98.046875
08:00:12,912810UC0,TSRYS5860825,D,S,T,2024-10-11,1000000.00,4.365531,98.078125
08:00:12,912810UC0,TSRYS5860825,D,S,T,2024-10-11,1000000.00,4.365531,98.078125
08:00:12,912810UC0,TSRYS5860825,D,S,T,2024-10-11,1000000.00,4.365531,98.078125
08:00:12,912810UC0,TSRYS5860825,D,S,T,2024-10-11,1000000.00,4.365531,98.078125
08:00:12,912810UC0,TSRYS5860825,D,S,T,2024-10-11,1000000.00,4.365531,98.078125
08:00:12,912810UC0,TSRYS5860825,D,S,T,2024-10-11,1000000.00,4.365531,98.078125
08:00:12,912810UC0,TSRYS5860825,D,S,T,2024-10-11,1000000.00,4.365531,98.078125
08:00:12,912810UC0,TSRYS5860825,D,S,T,2024-10-11,1000000.00,4.365531,98.078125
08:00:12,912810UC0,TSRYS5860825,D,S,T,2024-10-11,1000000.00,4.366486,98.0625
08:00:12,912810UC0,TSRYS5860825,D,S,T,2024-10-11,1000000.00,4.366486,98.0625
08:00:12,912810UC0,TSRYS5860825,D,S,T,2024-10-11,1000000.00,4.366486,98.0625
08:00:12,912810UC0,TSRYS5860825,D,S,T,2024-10-11,1000000.00,4.368755,98.025390625
08:00:12,912810UC0,TSRYS5860825,D,S,T,2024-10-11,1000000.00,4.368396,98.03125
08:00:12,912810UC0,TSRYS5860825,D,S,D,2024-10-11,1000000.00,4.358377,98.1953125
08:00:12,912810UC0,TSRYS5860825,D,S,T,2024-10-11,1000000.00,4.37222,97.96875
08:00:12,912810UC0,TSRYS5860825,D,S,T,2024-10-11,1000000.00,4.371263,97.984375
08:00:12,912810UC0,TSRYS5860825,D,S,T,2024-10-11,1000000.00,4.370308,98.0
08:00:12,912810UC0,TSRYS5860825,D,S,T,2024-10-11,1000000.00,4.373415,97.94921875
08:00:12,912810UC0,TSRYS5860825,D,S,D,2024-10-11,1000000.00,4.373654,97.9453125
08:00:12,912810UC0,TSRYS5860825,D,S,T,2024-10-11,1000000.00,4.37844,97.8671875
08:00:12,912810UC0,TSRYS5860825,D,S,T,2024-10-11,1000000.00,4.381194,97.822265625
08:00:12,912810UC0,TSRYS5860825,D,S,D,2024-10-11,1000000.00,4.388507,97.703125
08:00:12,912810UC0,TSRYS5860825,D,B,A,2024-10-11,2000000.00,4.362668,98.125
08:00:12,912810UC0,TSRYS5860825,D,S,T,2024-10-11,1000000.00,4.388747,97.69921875
08:00:12,912810UC0,TSRYS5860825,D,S,T,2024-10-11,1000000.00,4.391988,97.646484375
08:00:12,912810UC0,TSRYS5860825,D,S,D,2024-10-11,1000000.00,4.396193,97.578125
08:00:12,912810UC0,TSRYS5860825,D,S,T,2024-10-11,1000000.00,4.396313,97.576171875
08:00:12,912810UC0,TSRYS5860825,D,S,T,2024-10-11,1000000.00,4.399199,97.529296875
08:00:13,912810UC0,TSRYS5860825,D,S,T,2024-10-11,1000000.00,4.397155,97.5625
08:00:13,912810UC0,TSRYS5860825,D,S,T,2024-10-11,1000000.00,4.39427,97.609375
08:00:13,912810UC0,TSRYS5860825,D,S,T,2024-10-11,1000000.00,4.395231,97.59375
08:00:13,912810UC0,TSRYS5860825,D,S,T,2024-10-11,1000000.00,4.395231,97.59375
08:00:14,912810UC0,TSRYS5860825,D,S,D,2024-10-11,1000000.00,4.359092,98.18359375
08:00:15,912810UC0,TSRYS5860825,D,B,C,2024-10-11,300000.00,4.35695,98.21875
08:00:15,912810UC0,TSRYS5860825,D,S,D,2024-10-11,3000.00,4.356258,98.23006875
08:00:15,912810UC0,TSRYS5860825,D,B,A,2024-10-11,3000.00,4.356258,98.06340208333
08:00:15,912810UC0,TSRYS5860825,D,S,D,2024-10-11,6000.00,4.356233,98.23046875
08:00:15,912810UC0,TSRYS5860825,D,B,A,2024-10-11,6000.00,4.356233,98.14713541667
08:00:16,912810UC0,TSRYS5860825,D,B,C,2024-10-11,1000000.00,4.362907,98.12109375
08:00:16,912810UC0,TSRYS5860825,D,S,T,2024-10-11,1000000.00,4.362668,98.125
08:00:17,912810UC0,TSRYS5860825,D,B,C,2024-10-11,2000000.00,4.371741,97.9765625
08:00:17,912810UC0,TSRYS5860825,D,B,C,2024-10-11,2000000.00,4.373176,97.953125
08:00:17,912810UC0,TSRYS5860825,D,B,A,2024-10-11,39115000.00,4.356019,98.233975
08:00:17,912810UC0,TSRYS5860825,D,B,A,2024-10-11,1000000.00,4.381313,97.8203125
08:00:17,912810UC0,TSRYS5860825,D,B,A,2024-10-11,2000000.00,4.384908,97.76171875
08:00:17,912810UC0,TSRYS5860825,D,S,A,2024-10-11,2500000.00,4.386827,97.73046875
08:00:18,912810UC0,TSRYS5860825,D,S,D,2024-10-11,1000000.00,4.364099,98.1015625
08:00:18,912810UC0,TSRYS5860825,D,S,D,2024-10-11,1000000.00,4.363026,98.119140625
08:00:19,912810UC0,TSRYS5860825,D,S,T,2024-10-11,1000000.00,4.354566,98.2578125
08:00:19,912810UC0,TSRYS5860825,D,S,T,2024-10-11,1000000.00,4.354566,98.2578125
08:00:19,912810UC0,TSRYS5860825,D,S,T,2024-10-11,1000000.00,4.354685,98.255859375
08:00:19,912810UC0,TSRYS5860825,D,S,T,2024-10-11,1000000.00,4.35802,98.201171875
08:00:19,912810UC0,TSRYS5860825,D,S,T,2024-10-11,1000000.00,4.357305,98.212890625
08:00:19,912810UC0,TSRYS5860825,D,S,T,2024-10-11,1000000.00,4.357305,98.212890625
08:00:19,912810UC0,TSRYS5860825,D,S,T,2024-10-11,1000000.00,4.357186,98.21484375
08:00:19,912810UC0,TSRYS5860825,D,S,D,2024-10-11,1000000.00,4.362907,98.12109375
08:00:19,912810UC0,TSRYS5860825,D,S,T,2024-10-11,1000000.00,4.362787,98.123046875
08:00:19,912810UC0,TSRYS5860825,D,S,D,2024-10-11,1000000.00,4.363622,98.109375
08:00:19,912810UC0,TSRYS5860825,D,S,D,2024-10-11,1000000.00,4.364696,98.091796875
08:00:19,912810UC0,TSRYS5860825,D,S,D,2024-10-11,1000000.00,4.357305,98.212890625
08:00:19,912810UC0,TSRYS5860825,D,S,D,2024-10-11,1000000.00,4.357543,98.208984375
08:00:19,912810UC0,TSRYS5860825,D,S,D,2024-10-11,1000000.00,4.359926,98.169921875
08:00:19,912810UC0,TSRYS5860825,D,S,D,2024-10-11,1000000.00,4.36088,98.154296875
08:00:19,912810UC0,TSRYS5860825,D,S,D,2024-10-11,1000000.00,4.363742,98.107421875
08:00:19,912810UC0,TSRYS5860825,D,S,T,2024-10-11,1000000.00,4.36577,98.07421875
08:00:19,912810UC0,TSRYS5860825,D,S,D,2024-10-11,1000000.00,4.366844,98.056640625
08:00:19,912810UC0,TSRYS5860825,D,S,D,2024-10-11,1000000.00,4.366844,98.056640625
08:00:19,912810UC0,TSRYS5860825,D,S,D,2024-10-11,1000000.00,4.366367,98.064453125
08:00:19,912810UC0,TSRYS5860825,D,S,D,2024-10-11,1000000.00,4.366844,98.056640625
08:00:19,912810UC0,TSRYS5860825,D,S,T,2024-10-11,1000000.00,4.365889,98.072265625
08:00:19,912810UC0,TSRYS5860825,D,S,T,2024-10-11,1000000.00,4.365889,98.072265625
08:00:19,912810UC0,TSRYS5860825,D,S,T,2024-10-11,1000000.00,4.367441,98.046875
08:00:19,912810UC0,TSRYS5860825,D,S,D,2024-10-11,1000000.00,4.369591,98.01171875
08:00:19,912810UC0,TSRYS5860825,D,S,D,2024-10-11,1000000.00,4.369471,98.013671875
08:00:19,912810UC0,TSRYS5860825,D,S,D,2024-10-11,1000000.00,4.368874,98.0234375
08:00:19,912810UC0,TSRYS5860825,D,S,D,2024-10-11,1000000.00,4.368874,98.0234375
08:00:19,912810UC0,TSRYS5860825,D,S,D,2024-10-11,1000000.00,4.368874,98.0234375
08:00:19,912810UC0,TSRYS5860825,D,S,T,2024-10-11,1000000.00,4.368635,98.02734375
08:00:19,912810UC0,TSRYS5860825,D,S,D,2024-10-11,2000000.00,4.370069,98.00390625
08:00:19,912810UC0,TSRYS5860825,D,S,D,2024-10-11,1000000.00,4.371502,97.98046875
08:00:19,912810UC0,TSRYS5860825,D,S,T,2024-10-11,1000000.00,4.373295,97.951171875
08:00:19,912810UC0,TSRYS5860825,D,S,D,2024-10-11,1000000.00,4.373295,97.951171875
08:00:19,912810UC0,TSRYS5860825,D,S,D,2024-10-11,1000000.00,4.380954,97.826171875
08:00:19,912810UC0,TSRYS5860825,D,S,D,2024-10-11,1000000.00,4.388027,97.7109375
08:00:19,912810UC0,TSRYS5860825,D,S,T,2024-10-11,1000000.00,4.385748,97.748046875
08:00:19,912810UC0,TSRYS5860825,D,S,D,2024-10-11,1000000.00,4.389107,97.693359375
08:00:19,912810UC0,TSRYS5860825,D,S,D,2024-10-11,1000000.00,4.391748,97.650390625
08:00:19,912810UC0,TSRYS5860825,D,S,D,2024-10-11,1000000.00,4.391868,97.6484375
08:00:19,912810UC0,TSRYS5860825,D,S,D,2024-10-11,1000000.00,4.395712,97.5859375
08:00:19,912810UC0,TSRYS5860825,D,S,D,2024-10-11,1000000.00,4.396794,97.568359375
08:00:19,912810UC0,TSRYS5860825,D,S,T,2024-10-11,1000000.00,4.399801,97.51953125
08:00:19,912810UC0,TSRYS5860825,D,S,T,2024-10-11,1000000.00,4.397996,97.548828125
08:00:21,912810UC0,TSRYS5860825,D,S,D,2024-10-11,1000000.00,4.359569,98.17578125
08:00:22,912810UC0,TSRYS5860825,D,S,A,2024-10-11,15400000.00,4.38932,97.689886
08:00:25,912810UC0,TSRYS5860825,D,S,D,2024-10-11,100000.00,4.363885,98.10506875
08:00:25,912810UC0,TSRYS5860825,D,B,C,2024-10-11,100000.00,4.363885,98.10006875
08:00:27,912810UC0,TSRYS5860825,D,S,D,2024-10-11,1000000.00,4.365531,98.078125
08:00:27,912810UC0,TSRYS5860825,D,S,D,2024-10-11,1000000.00,4.365531,98.078125
08:00:27,912810UC0,TSRYS5860825,D,S,D,2024-10-11,1000000.00,4.365531,98.078125
08:00:27,912810UC0,TSRYS5860825,D,S,D,2024-10-11,1000000.00,4.365531,98.078125
08:00:27,912810UC0,TSRYS5860825,D,B,C,2024-10-11,10000000.00,4.393789,97.6171875
08:00:29,912810UC0,TSRYS5860825,D,S,T,2024-10-11,1000000.00,4.395231,97.59375
08:00:29,912810UC0,TSRYS5860825,D,S,T,2024-10-11,1000000.00,4.395231,97.59375
08:00:29,912810UC0,TSRYS5860825,D,S,D,2024-10-11,1000000.00,4.395231,97.59375
08:00:29,912810UC0,TSRYS5860825,D,S,T,2024-10-11,1000000.00,4.395231,97.59375
08:00:29,912810UC0,TSRYS5860825,D,S,T,2024-10-11,1000000.00,4.395231,97.59375
08:00:30,912810UC0,TSRYS5860825,D,S,T,2024-10-11,1000000.00,4.395231,97.59375
08:00:30,912810UC0,TSRYS5860825,D,S,T,2024-10-11,1000000.00,4.36076,98.15625
08:00:30,912810UC0,TSRYS5860825,D,S,T,2024-10-11,1000000.00,4.36076,98.15625
08:00:30,912810UC0,TSRYS5860825,D,S,T,2024-10-11,1000000.00,4.361833,98.138671875
08:00:30,912810UC0,TSRYS5860825,D,S,T,2024-10-11,1000000.00,4.361714,98.140625
08:00:30,912810UC0,TSRYS5860825,D,S,T,2024-10-11,1000000.00,4.361714,98.140625
08:00:30,912810UC0,TSRYS5860825,D,S,T,2024-10-11,1000000.00,4.362668,98.125
08:00:30,912810UC0,TSRYS5860825,D,S,T,2024-10-11,1000000.00,4.363622,98.109375
08:00:30,912810UC0,TSRYS5860825,D,S,T,2024-10-11,1000000.00,4.362907,98.12109375
08:00:30,912810UC0,TSRYS5860825,D,S,T,2024-10-11,1000000.00,4.363622,98.109375
08:00:30,912810UC0,TSRYS5860825,D,S,T,2024-10-11,1000000.00,4.36076,98.15625
08:00:30,912810UC0,TSRYS5860825,D,S,T,2024-10-11,1000000.00,4.359092,98.18359375
08:00:30,912810UC0,TSRYS5860825,D,S,C,2024-10-11,9217000.00,4.388242,97.70743125
08:00:30,912810UC0,TSRYS5860825,D,S,T,2024-10-11,1000000.00,4.352186,98.296875
08:00:30,912810UC0,TSRYS5860825,D,S,T,2024-10-11,1000000.00,4.352186,98.296875
08:00:30,912810UC0,TSRYS5860825,D,S,T,2024-10-11,1000000.00,4.352186,98.296875
08:00:30,912810UC0,TSRYS5860825,D,S,T,2024-10-11,1000000.00,4.352186,98.296875
08:00:30,912810UC0,TSRYS5860825,D,S,T,2024-10-11,1000000.00,4.352186,98.296875
08:00:30,912810UC0,TSRYS5860825,D,S,T,2024-10-11,1000000.00,4.353138,98.28125
08:00:30,912810UC0,TSRYS5860825,D,S,T,2024-10-11,1000000.00,4.353138,98.28125
08:00:30,912810UC0,TSRYS5860825,D,S,T,2024-10-11,1000000.00,4.353138,98.28125
08:00:30,912810UC0,TSRYS5860825,D,S,T,2024-10-11,1000000.00,4.35409,98.265625
08:00:30,912810UC0,TSRYS5860825,D,S,T,2024-10-11,1000000.00,4.355043,98.25
08:00:30,912810UC0,TSRYS5860825,D,S,T,2024-10-11,1000000.00,4.356948,98.21875
08:00:30,912810UC0,TSRYS5860825,D,S,T,2024-10-11,1000000.00,4.356948,98.21875
08:00:30,912810UC0,TSRYS5860825,D,S,T,2024-10-11,1000000.00,4.357901,98.203125
08:00:30,912810UC0,TSRYS5860825,D,S,T,2024-10-11,1000000.00,4.357901,98.203125
08:00:30,912810UC0,TSRYS5860825,D,S,T,2024-10-11,1000000.00,4.357901,98.203125
08:00:30,912810UC0,TSRYS5860825,D,S,T,2024-10-11,1000000.00,4.357781,98.205078125
08:00:30,912810UC0,TSRYS5860825,D,S,T,2024-10-11,1000000.00,4.356948,98.21875
08:00:30,912810UC0,TSRYS5860825,D,S,T,2024-10-11,1000000.00,4.356948,98.21875
08:00:30,912810UC0,TSRYS5860825,D,S,T,2024-10-11,1000000.00,4.356948,98.21875
08:00:30,912810UC0,TSRYS5860825,D,S,T,2024-10-11,1000000.00,4.356948,98.21875
08:00:30,912810UC0,TSRYS5860825,D,S,T,2024-10-11,1000000.00,4.356948,98.21875
08:00:30,912810UC0,TSRYS5860825,D,S,T,2024-10-11,1000000.00,4.355995,98.234375
08:00:30,912810UC0,TSRYS5860825,D,S,T,2024-10-11,1000000.00,4.355995,98.234375
08:00:30,912810UC0,TSRYS5860825,D,S,T,2024-10-11,1000000.00,4.354566,98.2578125
08:00:30,912810UC0,TSRYS5860825,D,S,T,2024-10-11,1000000.00,4.354685,98.255859375
08:00:30,912810UC0,TSRYS5860825,D,S,T,2024-10-11,1000000.00,4.354566,98.2578125
08:00:30,912810UC0,TSRYS5860825,D,S,T,2024-10-11,1000000.00,4.354566,98.2578125
08:00:30,912810UC0,TSRYS5860825,D,S,T,2024-10-11,1000000.00,4.354566,98.2578125
08:00:30,912810UC0,TSRYS5860825,D,S,T,2024-10-11,1000000.00,4.354566,98.2578125
08:00:30,912810UC0,TSRYS5860825,D,S,T,2024-10-11,1000000.00,4.354566,98.2578125
08:00:30,912810UC0,TSRYS5860825,D,S,T,2024-10-11,1000000.00,4.357901,98.203125
08:00:30,912810UC0,TSRYS5860825,D,S,T,2024-10-11,1000000.00,4.358854,98.1875
08:00:30,912810UC0,TSRYS5860825,D,S,T,2024-10-11,1000000.00,4.358854,98.1875
08:00:30,912810UC0,TSRYS5860825,D,S,T,2024-10-11,1000000.00,4.358854,98.1875
08:00:30,912810UC0,TSRYS5860825,D,S,T,2024-10-11,1000000.00,4.358854,98.1875
08:00:30,912810UC0,TSRYS5860825,D,S,T,2024-10-11,1000000.00,4.358854,98.1875
08:00:30,912810UC0,TSRYS5860825,D,S,T,2024-10-11,1000000.00,4.358854,98.1875
08:00:30,912810UC0,TSRYS5860825,D,S,T,2024-10-11,1000000.00,4.358854,98.1875
08:00:30,912810UC0,TSRYS5860825,D,S,T,2024-10-11,1000000.00,4.358854,98.1875
08:00:30,912810UC0,TSRYS5860825,D,S,T,2024-10-11,1000000.00,4.358854,98.1875
08:00:30,912810UC0,TSRYS5860825,D,S,T,2024-10-11,1000000.00,4.358258,98.197265625
08:00:30,912810UC0,TSRYS5860825,D,S,T,2024-10-11,1000000.00,4.357424,98.2109375
08:00:30,912810UC0,TSRYS5860825,D,S,T,2024-10-11,1000000.00,4.357067,98.216796875
08:00:30,912810UC0,TSRYS5860825,D,S,T,2024-10-11,1000000.00,4.356948,98.21875
08:00:30,912810UC0,TSRYS5860825,D,S,T,2024-10-11,1000000.00,4.358615,98.19140625
08:00:30,912810UC0,TSRYS5860825,D,S,T,2024-10-11,1000000.00,4.358615,98.19140625
08:00:30,912810UC0,TSRYS5860825,D,S,T,2024-10-11,1000000.00,4.357901,98.203125
08:00:30,912810UC0,TSRYS5860825,D,S,T,2024-10-11,1000000.00,4.356948,98.21875
08:00:30,912810UC0,TSRYS5860825,D,S,T,2024-10-11,1000000.00,4.357901,98.203125
08:00:30,912810UC0,TSRYS5860825,D,S,T,2024-10-11,1000000.00,4.361714,98.140625
08:00:30,912810UC0,TSRYS5860825,D,S,T,2024-10-11,1000000.00,4.361714,98.140625
08:00:30,912810UC0,TSRYS5860825,D,S,T,2024-10-11,1000000.00,4.363145,98.1171875
08:00:30,912810UC0,TSRYS5860825,D,S,T,2024-10-11,1000000.00,4.363026,98.119140625
08:00:30,912810UC0,TSRYS5860825,D,S,T,2024-10-11,1000000.00,4.362907,98.12109375
08:00:30,912810UC0,TSRYS5860825,D,S,T,2024-10-11,1000000.00,4.362668,98.125
08:00:30,912810UC0,TSRYS5860825,D,S,T,2024-10-11,1000000.00,4.395231,97.59375
08:00:30,912810UC0,TSRYS5860825,D,S,T,2024-10-11,1000000.00,4.358854,98.1875
08:00:30,912810UC0,TSRYS5860825,D,S,T,2024-10-11,1000000.00,4.357901,98.203125
08:00:30,912810UC0,TSRYS5860825,D,S,T,2024-10-11,1000000.00,4.357901,98.203125
08:00:30,912810UC0,TSRYS5860825,D,S,T,2024-10-11,1000000.00,4.357901,98.203125
08:00:30,912810UC0,TSRYS5860825,D,S,T,2024-10-11,1000000.00,4.359092,98.18359375
08:00:30,912810UC0,TSRYS5860825,D,S,T,2024-10-11,1000000.00,4.359211,98.181640625
08:00:31,912810UC0,TSRYS5860825,D,S,T,2024-10-11,1000000.00,4.357901,98.203125
08:00:31,912810UC0,TSRYS5860825,D,S,T,2024-10-11,1000000.00,4.356948,98.21875
08:00:31,912810UC0,TSRYS5860825,D,S,T,2024-10-11,1000000.00,4.355043,98.25
08:00:31,912810UC0,TSRYS5860825,D,S,T,2024-10-11,1000000.00,4.364577,98.09375
08:00:31,912810UC0,TSRYS5860825,D,S,T,2024-10-11,1000000.00,4.365531,98.078125
08:00:31,912810UC0,TSRYS5860825,D,S,T,2024-10-11,1000000.00,4.366486,98.0625
08:00:31,912810UC0,TSRYS5860825,D,S,T,2024-10-11,1000000.00,4.368396,98.03125
08:00:31,912810UC0,TSRYS5860825,D,S,T,2024-10-11,1000000.00,4.368396,98.03125
08:00:31,912810UC0,TSRYS5860825,D,S,T,2024-10-11,1000000.00,4.367441,98.046875
08:00:31,912810UC0,TSRYS5860825,D,S,T,2024-10-11,1000000.00,4.370308,98.0
08:00:31,912810UC0,TSRYS5860825,D,S,T,2024-10-11,1000000.00,4.399079,97.53125
08:00:31,912810UC0,TSRYS5860825,D,S,T,2024-10-11,1000000.00,4.363622,98.109375
08:00:31,912810UC0,TSRYS5860825,D,S,T,2024-10-11,1000000.00,4.367202,98.05078125
08:00:31,912810UC0,TSRYS5860825,D,S,T,2024-10-11,1000000.00,4.365531,98.078125
08:00:31,912810UC0,TSRYS5860825,D,S,T,2024-10-11,1000000.00,4.363622,98.109375
08:00:31,912810UC0,TSRYS5860825,D,S,T,2024-10-11,1000000.00,4.366725,98.05859375
08:00:31,912810UC0,TSRYS5860825,D,S,T,2024-10-11,1000000.00,4.365531,98.078125
08:00:31,912810UC0,TSRYS5860825,D,S,T,2024-10-11,1000000.00,4.365531,98.078125
08:00:31,912810UC0,TSRYS5860825,D,S,T,2024-10-11,1000000.00,4.365531,98.078125
08:00:31,912810UC0,TSRYS5860825,D,S,T,2024-10-11,1000000.00,4.365531,98.078125
08:00:31,912810UC0,TSRYS5860825,D,S,T,2024-10-11,1000000.00,4.365531,98.078125
08:00:31,912810UC0,TSRYS5860825,D,S,T,2024-10-11,1000000.00,4.365531,98.078125
08:00:31,912810UC0,TSRYS5860825,D,S,T,2024-10-11,1000000.00,4.365531,98.078125
08:00:31,912810UC0,TSRYS5860825,D,S,T,2024-10-11,1000000.00,4.365531,98.078125
08:00:31,912810UC0,TSRYS5860825,D,S,T,2024-10-11,1000000.00,4.365531,98.078125
08:00:31,912810UC0,TSRYS5860825,D,S,T,2024-10-11,1000000.00,4.365531,98.078125
08:00:31,912810UC0,TSRYS5860825,D,S,T,2024-10-11,1000000.00,4.365531,98.078125
08:00:31,912810UC0,TSRYS5860825,D,S,T,2024-10-11,1000000.00,4.365531,98.078125
08:00:31,912810UC0,TSRYS5860825,D,S,T,2024-10-11,1000000.00,4.365531,98.078125
08:00:31,912810UC0,TSRYS5860825,D,S,T,2024-10-11,1000000.00,4.365531,98.078125
08:00:31,912810UC0,TSRYS5860825,D,S,T,2024-10-11,2000000.00,4.366486,98.0625
08:00:31,912810UC0,TSRYS5860825,D,S,T,2024-10-11,2000000.00,4.366486,98.0625
08:00:31,912810UC0,TSRYS5860825,D,S,T,2024-10-11,2000000.00,4.366486,98.0625
08:00:31,912810UC0,TSRYS5860825,D,S,T,2024-10-11,2000000.00,4.366486,98.0625
08:00:31,912810UC0,TSRYS5860825,D,S,T,2024-10-11,1000000.00,4.395231,97.59375
08:00:31,912810UC0,TSRYS5860825,D,S,T,2024-10-11,1000000.00,4.355995,98.234375
08:00:31,912810UC0,TSRYS5860825,D,S,T,2024-10-11,1000000.00,4.354566,98.2578125
08:00:31,912810UC0,TSRYS5860825,D,S,T,2024-10-11,1000000.00,4.363026,98.119140625
08:00:31,912810UC0,TSRYS5860825,D,S,T,2024-10-11,1000000.00,4.366486,98.0625
08:00:31,912810UC0,TSRYS5860825,D,S,T,2024-10-11,1000000.00,4.366486,98.0625
08:00:31,912810UC0,TSRYS5860825,D,S,T,2024-10-11,1000000.00,4.366486,98.0625
08:00:31,912810UC0,TSRYS5860825,D,S,T,2024-10-11,1000000.00,4.389707,97.68359375
08:00:31,912810UC0,TSRYS5860825,D,S,T,2024-10-11,2000000.00,4.395832,97.583984375
08:00:31,912810UC0,TSRYS5860825,D,S,T,2024-10-11,1000000.00,4.398117,97.546875
08:00:31,912810UC0,TSRYS5860825,D,S,T,2024-10-11,1000000.00,4.395472,97.58984375
08:00:31,912810UC0,TSRYS5860825,D,S,T,2024-10-11,1000000.00,4.393789,97.6171875
08:00:31,912810UC0,TSRYS5860825,D,S,T,2024-10-11,1000000.00,4.398117,97.546875
08:00:31,912810UC0,TSRYS5860825,D,S,T,2024-10-11,1000000.00,4.368516,98.029296875
08:00:31,912810UC0,TSRYS5860825,D,S,T,2024-10-11,1000000.00,4.368396,98.03125
08:00:31,912810UC0,TSRYS5860825,D,S,T,2024-10-11,1000000.00,4.368396,98.03125
08:00:31,912810UC0,TSRYS5860825,D,S,T,2024-10-11,1000000.00,4.368396,98.03125
08:00:31,912810UC0,TSRYS5860825,D,S,T,2024-10-11,1000000.00,4.368396,98.03125
08:00:31,912810UC0,TSRYS5860825,D,S,T,2024-10-11,1000000.00,4.36768,98.04296875
08:00:31,912810UC0,TSRYS5860825,D,S,T,2024-10-11,1000000.00,4.366486,98.0625
08:00:31,912810UC0,TSRYS5860825,D,S,T,2024-10-11,1000000.00,4.366486,98.0625
08:00:31,912810UC0,TSRYS5860825,D,S,T,2024-10-11,1000000.00,4.366486,98.0625
08:00:31,912810UC0,TSRYS5860825,D,S,T,2024-10-11,1000000.00,4.366486,98.0625
08:00:31,912810UC0,TSRYS5860825,D,S,D,2024-10-11,1000000.00,4.370308,98.0
08:00:31,912810UC0,TSRYS5860825,D,S,T,2024-10-11,1000000.00,4.367799,98.041015625
08:00:31,912810UC0,TSRYS5860825,D,S,T,2024-10-11,1000000.00,4.36768,98.04296875
08:00:31,912810UC0,TSRYS5860825,D,S,T,2024-10-11,1000000.00,4.367561,98.044921875
08:00:31,912810UC0,TSRYS5860825,D,S,T,2024-10-11,1000000.00,4.368277,98.033203125
08:00:31,912810UC0,TSRYS5860825,D,S,T,2024-10-11,1000000.00,4.368158,98.03515625
08:00:31,912810UC0,TSRYS5860825,D,S,T,2024-10-11,1000000.00,4.371263,97.984375
08:00:31,912810UC0,TSRYS5860825,D,S,T,2024-10-11,1000000.00,4.371144,97.986328125
08:00:31,912810UC0,TSRYS5860825,D,S,T,2024-10-11,1000000.00,4.370069,98.00390625
08:00:31,912810UC0,TSRYS5860825,D,S,T,2024-10-11,1000000.00,4.370308,98.0
08:00:31,912810UC0,TSRYS5860825,D,S,T,2024-10-11,1000000.00,4.370308,98.0
08:00:31,912810UC0,TSRYS5860825,D,S,T,2024-10-11,1000000.00,4.370308,98.0
08:00:31,912810UC0,TSRYS5860825,D,S,T,2024-10-11,1000000.00,4.3721,97.970703125
08:00:31,912810UC0,TSRYS5860825,D,S,T,2024-10-11,1000000.00,4.37198,97.97265625
08:00:31,912810UC0,TSRYS5860825,D,S,T,2024-10-11,1000000.00,4.370308,98.0
08:00:31,912810UC0,TSRYS5860825,D,S,T,2024-10-11,1000000.00,4.37222,97.96875
08:00:31,912810UC0,TSRYS5860825,D,S,T,2024-10-11,1000000.00,4.377003,97.890625
08:00:31,912810UC0,TSRYS5860825,D,S,T,2024-10-11,1000000.00,4.377003,97.890625
08:00:31,912810UC0,TSRYS5860825,D,S,T,2024-10-11,1000000.00,4.377841,97.876953125
08:00:31,912810UC0,TSRYS5860825,D,S,T,2024-10-11,1000000.00,4.377721,97.87890625
08:00:31,912810UC0,TSRYS5860825,D,S,T,2024-10-11,1000000.00,4.377721,97.87890625
08:00:31,912810UC0,TSRYS5860825,D,S,T,2024-10-11,1000000.00,4.379876,97.84375
08:00:31,912810UC0,TSRYS5860825,D,S,T,2024-10-11,1000000.00,4.381313,97.8203125
08:00:31,912810UC0,TSRYS5860825,D,S,T,2024-10-11,1000000.00,4.395231,97.59375
08:00:31,912810UC0,TSRYS5860825,D,S,T,2024-10-11,1000000.00,4.384669,97.765625
08:00:31,912810UC0,TSRYS5860825,D,S,T,2024-10-11,1000000.00,4.386587,97.734375
08:00:31,912810UC0,TSRYS5860825,D,S,T,2024-10-11,1000000.00,4.386587,97.734375
08:00:31,912810UC0,TSRYS5860825,D,S,T,2024-10-11,1000000.00,4.386587,97.734375
08:00:31,912810UC0,TSRYS5860825,D,S,T,2024-10-11,1000000.00,4.387547,97.71875
08:00:31,912810UC0,TSRYS5860825,D,S,T,2024-10-11,1000000.00,4.387547,97.71875
08:00:31,912810UC0,TSRYS5860825,D,S,T,2024-10-11,1000000.00,4.389467,97.6875
08:00:31,912810UC0,TSRYS5860825,D,S,T,2024-10-11,1000000.00,4.387667,97.716796875
08:00:31,912810UC0,TSRYS5860825,D,S,T,2024-10-11,1000000.00,4.388507,97.703125
08:00:31,912810UC0,TSRYS5860825,D,S,T,2024-10-11,1000000.00,4.389107,97.693359375
08:00:31,912810UC0,TSRYS5860825,D,S,T,2024-10-11,1000000.00,4.389107,97.693359375
08:00:31,912810UC0,TSRYS5860825,D,S,T,2024-10-11,1000000.00,4.388867,97.697265625
08:00:31,912810UC0,TSRYS5860825,D,S,T,2024-10-11,1000000.00,4.387427,97.720703125
08:00:32,912810UC0,TSRYS5860825,D,S,T,2024-10-11,1000000.00,4.386827,97.73046875
08:00:32,912810UC0,TSRYS5860825,D,S,T,2024-10-11,1000000.00,4.386587,97.734375
08:00:32,912810UC0,TSRYS5860825,D,S,T,2024-10-11,1000000.00,4.386707,97.732421875
08:00:32,912810UC0,TSRYS5860825,D,S,T,2024-10-11,1000000.00,4.386587,97.734375
08:00:32,912810UC0,TSRYS5860825,D,S,T,2024-10-11,1000000.00,4.386587,97.734375
08:00:32,912810UC0,TSRYS5860825,D,S,T,2024-10-11,1000000.00,4.386587,97.734375
08:00:32,912810UC0,TSRYS5860825,D,S,T,2024-10-11,1000000.00,4.388267,97.70703125
08:00:32,912810UC0,TSRYS5860825,D,S,T,2024-10-11,1000000.00,4.388987,97.6953125
08:00:32,912810UC0,TSRYS5860825,D,S,T,2024-10-11,1000000.00,4.388987,97.6953125
08:00:32,912810UC0,TSRYS5860825,D,S,T,2024-10-11,1000000.00,4.388747,97.69921875
08:00:32,912810UC0,TSRYS5860825,D,S,T,2024-10-11,1000000.00,4.390427,97.671875
08:00:32,912810UC0,TSRYS5860825,D,S,T,2024-10-11,1000000.00,4.389467,97.6875
08:00:32,912810UC0,TSRYS5860825,D,S,T,2024-10-11,1000000.00,4.389467,97.6875
08:00:32,912810UC0,TSRYS5860825,D,S,T,2024-10-11,1000000.00,4.389467,97.6875
08:00:32,912810UC0,TSRYS5860825,D,S,T,2024-10-11,1000000.00,4.389467,97.6875
08:00:32,912810UC0,TSRYS5860825,D,S,T,2024-10-11,1000000.00,4.390427,97.671875
08:00:32,912810UC0,TSRYS5860825,D,S,T,2024-10-11,1000000.00,4.390427,97.671875
08:00:32,912810UC0,TSRYS5860825,D,S,T,2024-10-11,1000000.00,4.390187,97.67578125
08:00:32,912810UC0,TSRYS5860825,D,S,T,2024-10-11,1000000.00,4.390067,97.677734375
08:00:32,912810UC0,TSRYS5860825,D,S,T,2024-10-11,1000000.00,4.389947,97.6796875
08:00:32,912810UC0,TSRYS5860825,D,S,T,2024-10-11,1000000.00,4.389827,97.681640625
08:00:32,912810UC0,TSRYS5860825,D,S,T,2024-10-11,1000000.00,4.388507,97.703125
08:00:32,912810UC0,TSRYS5860825,D,S,T,2024-10-11,1000000.00,4.388507,97.703125
08:00:32,912810UC0,TSRYS5860825,D,S,T,2024-10-11,1000000.00,4.388507,97.703125
08:00:32,912810UC0,TSRYS5860825,D,S,T,2024-10-11,2000000.00,4.389707,97.68359375
08:00:32,912810UC0,TSRYS5860825,D,S,T,2024-10-11,1000000.00,4.390427,97.671875
08:00:32,912810UC0,TSRYS5860825,D,S,T,2024-10-11,1000000.00,4.391387,97.65625
08:00:32,912810UC0,TSRYS5860825,D,S,T,2024-10-11,1000000.00,4.391387,97.65625
08:00:32,912810UC0,TSRYS5860825,D,S,T,2024-10-11,1000000.00,4.391387,97.65625
08:00:32,912810UC0,TSRYS5860825,D,S,T,2024-10-11,1000000.00,4.391507,97.654296875
08:00:32,912810UC0,TSRYS5860825,D,S,T,2024-10-11,1000000.00,4.391988,97.646484375
08:00:32,912810UC0,TSRYS5860825,D,S,T,2024-10-11,1000000.00,4.392348,97.640625
08:00:32,912810UC0,TSRYS5860825,D,S,T,2024-10-11,1000000.00,4.393309,97.625
08:00:32,912810UC0,TSRYS5860825,D,S,T,2024-10-11,1000000.00,4.392708,97.634765625
08:00:32,912810UC0,TSRYS5860825,D,S,T,2024-10-11,1000000.00,4.392588,97.63671875
08:00:32,912810UC0,TSRYS5860825,D,S,T,2024-10-11,1000000.00,4.392348,97.640625
08:00:32,912810UC0,TSRYS5860825,D,S,T,2024-10-11,1000000.00,4.395231,97.59375
08:00:32,912810UC0,TSRYS5860825,D,S,T,2024-10-11,2000000.00,4.395231,97.59375
08:00:32,912810UC0,TSRYS5860825,D,S,T,2024-10-11,1000000.00,4.39427,97.609375
08:00:32,912810UC0,TSRYS5860825,D,S,T,2024-10-11,1000000.00,4.396193,97.578125
08:00:32,912810UC0,TSRYS5860825,D,S,T,2024-10-11,1000000.00,4.396193,97.578125
08:00:32,912810UC0,TSRYS5860825,D,S,T,2024-10-11,1000000.00,4.397756,97.552734375
08:00:32,912810UC0,TSRYS5860825,D,S,T,2024-10-11,1000000.00,4.401004,97.5
08:00:32,912810UC0,TSRYS5860825,D,S,T,2024-10-11,1000000.00,4.401004,97.5
08:00:32,912810UC0,TSRYS5860825,D,S,T,2024-10-11,1000000.00,4.401004,97.5
08:00:32,912810UC0,TSRYS5860825,D,S,T,2024-10-11,1000000.00,4.399079,97.53125
08:00:32,912810UC0,TSRYS5860825,D,S,T,2024-10-11,1000000.00,4.399079,97.53125
08:00:32,912810UC0,TSRYS5860825,D,S,T,2024-10-11,1000000.00,4.398237,97.544921875
08:00:32,912810UC0,TSRYS5860825,D,S,T,2024-10-11,1000000.00,4.398117,97.546875
08:00:32,912810UC0,TSRYS5860825,D,S,T,2024-10-11,1000000.00,4.398598,97.5390625
08:00:32,912810UC0,TSRYS5860825,D,S,T,2024-10-11,1000000.00,4.398718,97.537109375
08:00:32,912810UC0,TSRYS5860825,D,S,T,2024-10-11,1000000.00,4.396433,97.57421875
08:00:32,912810UC0,TSRYS5860825,D,S,T,2024-10-11,1000000.00,4.396313,97.576171875
08:00:32,912810UC0,TSRYS5860825,D,S,T,2024-10-11,1000000.00,4.396193,97.578125
08:00:32,912810UC0,TSRYS5860825,D,S,T,2024-10-11,1000000.00,4.397155,97.5625
08:00:32,912810UC0,TSRYS5860825,D,S,T,2024-10-11,1000000.00,4.395712,97.5859375
08:00:32,912810UC0,TSRYS5860825,D,S,T,2024-10-11,1000000.00,4.395712,97.5859375
08:00:32,912810UC0,TSRYS5860825,D,S,T,2024-10-11,1000000.00,4.395472,97.58984375
08:00:32,912810UC0,TSRYS5860825,D,S,T,2024-10-11,1000000.00,4.395352,97.591796875
08:00:32,912810UC0,TSRYS5860825,D,S,T,2024-10-11,1000000.00,4.395231,97.59375
08:00:32,912810UC0,TSRYS5860825,D,S,T,2024-10-11,1000000.00,4.39403,97.61328125
08:00:32,912810UC0,TSRYS5860825,D,S,T,2024-10-11,1000000.00,4.393789,97.6171875
08:00:32,912810UC0,TSRYS5860825,D,S,T,2024-10-11,1000000.00,4.39391,97.615234375
08:00:32,912810UC0,TSRYS5860825,D,S,T,2024-10-11,1000000.00,4.393669,97.619140625
08:00:32,912810UC0,TSRYS5860825,D,S,T,2024-10-11,1000000.00,4.393549,97.62109375
08:00:32,912810UC0,TSRYS5860825,D,S,T,2024-10-11,1000000.00,4.396193,97.578125
08:00:32,912810UC0,TSRYS5860825,D,S,T,2024-10-11,1000000.00,4.396193,97.578125
08:00:32,912810UC0,TSRYS5860825,D,S,T,2024-10-11,1000000.00,4.398357,97.54296875
08:00:32,912810UC0,TSRYS5860825,D,S,T,2024-10-11,1000000.00,4.398237,97.544921875
08:00:32,912810UC0,TSRYS5860825,D,S,T,2024-10-11,1000000.00,4.398117,97.546875
08:00:32,912810UC0,TSRYS5860825,D,S,T,2024-10-11,2000000.00,4.398117,97.546875
08:00:32,912810UC0,TSRYS5860825,D,S,T,2024-10-11,1000000.00,4.399079,97.53125
08:00:32,912810UC0,TSRYS5860825,D,S,T,2024-10-11,1000000.00,4.398117,97.546875
08:00:32,912810UC0,TSRYS5860825,D,S,T,2024-10-11,1000000.00,4.398117,97.546875
08:00:32,912810UC0,TSRYS5860825,D,S,T,2024-10-11,1000000.00,4.397876,97.55078125
08:00:32,912810UC0,TSRYS5860825,D,S,T,2024-10-11,1000000.00,4.397756,97.552734375
08:00:32,912810UC0,TSRYS5860825,D,S,T,2024-10-11,1000000.00,4.399079,97.53125
08:00:32,912810UC0,TSRYS5860825,D,S,T,2024-10-11,1000000.00,4.399079,97.53125
08:00:32,912810UC0,TSRYS5860825,D,S,T,2024-10-11,1000000.00,4.399079,97.53125
08:00:32,912810UC0,TSRYS5860825,D,S,D,2024-10-11,1000000.00,4.357662,98.20703125
08:00:32,912810UC0,TSRYS5860825,D,S,D,2024-10-11,1000000.00,4.357662,98.20703125
08:00:32,912810UC0,TSRYS5860825,D,S,D,2024-10-11,1000000.00,4.357662,98.20703125
08:00:32,912810UC0,TSRYS5860825,D,S,D,2024-10-11,1000000.00,4.356709,98.22265625
08:00:32,912810UC0,TSRYS5860825,D,S,D,2024-10-11,1000000.00,4.357662,98.20703125
08:00:32,912810UC0,TSRYS5860825,D,S,D,2024-10-11,1000000.00,4.363384,98.11328125
08:00:32,912810UC0,TSRYS5860825,D,S,D,2024-10-11,1000000.00,4.35933,98.1796875
08:00:32,912810UC0,TSRYS5860825,D,S,D,2024-10-11,1000000.00,4.36076,98.15625
08:00:32,912810UC0,TSRYS5860825,D,S,D,2024-10-11,1000000.00,4.36076,98.15625
08:00:32,912810UC0,TSRYS5860825,D,S,D,2024-10-11,1000000.00,4.365531,98.078125
08:00:32,912810UC0,TSRYS5860825,D,S,D,2024-10-11,1000000.00,4.366964,98.0546875
08:00:32,912810UC0,TSRYS5860825,D,S,D,2024-10-11,1000000.00,4.369113,98.01953125
08:00:32,912810UC0,TSRYS5860825,D,S,D,2024-10-11,1000000.00,4.366247,98.06640625
08:00:32,912810UC0,TSRYS5860825,D,S,D,2024-10-11,1000000.00,4.366725,98.05859375
08:00:32,912810UC0,TSRYS5860825,D,S,D,2024-10-11,1000000.00,4.370308,98.0
08:00:32,912810UC0,TSRYS5860825,D,S,D,2024-10-11,1000000.00,4.371024,97.98828125
08:00:32,912810UC0,TSRYS5860825,D,S,D,2024-10-11,1000000.00,4.371024,97.98828125
08:00:32,912810UC0,TSRYS5860825,D,S,D,2024-10-11,1000000.00,4.370785,97.9921875
08:00:32,912810UC0,TSRYS5860825,D,S,D,2024-10-11,1000000.00,4.377003,97.890625
08:00:32,912810UC0,TSRYS5860825,D,S,D,2024-10-11,1000000.00,4.387547,97.71875
08:00:32,912810UC0,TSRYS5860825,D,S,D,2024-10-11,1000000.00,4.386587,97.734375
08:00:32,912810UC0,TSRYS5860825,D,S,D,2024-10-11,1000000.00,4.386347,97.73828125
08:00:32,912810UC0,TSRYS5860825,D,S,D,2024-10-11,1000000.00,4.386347,97.73828125
08:00:32,912810UC0,TSRYS5860825,D,S,D,2024-10-11,1000000.00,4.387307,97.72265625
08:00:32,912810UC0,TSRYS5860825,D,S,D,2024-10-11,1000000.00,4.387307,97.72265625
08:00:32,912810UC0,TSRYS5860825,D,S,D,2024-10-11,1000000.00,4.387307,97.72265625
08:00:32,912810UC0,TSRYS5860825,D,S,D,2024-10-11,1000000.00,4.390907,97.6640625
08:00:32,912810UC0,TSRYS5860825,D,S,D,2024-10-11,1000000.00,4.392108,97.64453125
08:00:32,912810UC0,TSRYS5860825,D,S,D,2024-10-11,1000000.00,4.395472,97.58984375
08:00:32,912810UC0,TSRYS5860825,D,S,D,2024-10-11,1000000.00,4.398117,97.546875
08:00:32,912810UC0,TSRYS5860825,D,S,D,2024-10-11,1000000.00,4.395472,97.58984375
08:00:32,912810UC0,TSRYS5860825,D,S,D,2024-10-11,1000000.00,4.396433,97.57421875
08:00:32,912810UC0,TSRYS5860825,D,S,D,2024-10-11,1000000.00,4.398117,97.546875
08:00:32,912810UC0,TSRYS5860825,D,S,D,2024-10-11,1000000.00,4.35659,98.224609375
08:00:32,912810UC0,TSRYS5860825,D,S,D,2024-10-11,1000000.00,4.359569,98.17578125
08:00:32,912810UC0,TSRYS5860825,D,S,D,2024-10-11,1000000.00,4.359569,98.17578125
08:00:32,912810UC0,TSRYS5860825,D,S,D,2024-10-11,1000000.00,4.362668,98.125
08:00:32,912810UC0,TSRYS5860825,D,S,D,2024-10-11,1000000.00,4.362668,98.125
08:00:32,912810UC0,TSRYS5860825,D,S,D,2024-10-11,1000000.00,4.363622,98.109375
08:00:32,912810UC0,TSRYS5860825,D,S,D,2024-10-11,2000000.00,4.363622,98.109375
08:00:32,912810UC0,TSRYS5860825,D,S,D,2024-10-11,1000000.00,4.363384,98.11328125
08:00:32,912810UC0,TSRYS5860825,D,S,D,2024-10-11,1000000.00,4.363384,98.11328125
08:00:32,912810UC0,TSRYS5860825,D,S,D,2024-10-11,1000000.00,4.362191,98.1328125
08:00:32,912810UC0,TSRYS5860825,D,S,D,2024-10-11,1000000.00,4.362072,98.134765625
08:00:32,912810UC0,TSRYS5860825,D,S,D,2024-10-11,1000000.00,4.365889,98.072265625
08:00:32,912810UC0,TSRYS5860825,D,S,D,2024-10-11,1000000.00,4.365889,98.072265625
08:00:32,912810UC0,TSRYS5860825,D,S,D,2024-10-11,1000000.00,4.366725,98.05859375
08:00:32,912810UC0,TSRYS5860825,D,S,D,2024-10-11,1000000.00,4.366725,98.05859375
08:00:32,912810UC0,TSRYS5860825,D,S,D,2024-10-11,1000000.00,4.364338,98.09765625
08:00:32,912810UC0,TSRYS5860825,D,S,D,2024-10-11,1000000.00,4.364338,98.09765625
08:00:32,912810UC0,TSRYS5860825,D,S,D,2024-10-11,1000000.00,4.367083,98.052734375
08:00:32,912810UC0,TSRYS5860825,D,S,D,2024-10-11,1000000.00,4.366486,98.0625
08:00:32,912810UC0,TSRYS5860825,D,S,D,2024-10-11,1000000.00,4.366605,98.060546875
08:00:32,912810UC0,TSRYS5860825,D,S,D,2024-10-11,1000000.00,4.366964,98.0546875
08:00:32,912810UC0,TSRYS5860825,D,S,D,2024-10-11,1000000.00,4.366844,98.056640625
08:00:32,912810UC0,TSRYS5860825,D,S,D,2024-10-11,1000000.00,4.36768,98.04296875
08:00:32,912810UC0,TSRYS5860825,D,S,D,2024-10-11,1000000.00,4.36768,98.04296875
08:00:32,912810UC0,TSRYS5860825,D,S,D,2024-10-11,1000000.00,4.367202,98.05078125
08:00:32,912810UC0,TSRYS5860825,D,S,D,2024-10-11,1000000.00,4.367441,98.046875
08:00:32,912810UC0,TSRYS5860825,D,S,D,2024-10-11,1000000.00,4.368396,98.03125
08:00:32,912810UC0,TSRYS5860825,D,S,D,2024-10-11,1000000.00,4.369591,98.01171875
08:00:32,912810UC0,TSRYS5860825,D,S,D,2024-10-11,1000000.00,4.369113,98.01953125
08:00:32,912810UC0,TSRYS5860825,D,S,D,2024-10-11,1000000.00,4.368396,98.03125
08:00:32,912810UC0,TSRYS5860825,D,S,D,2024-10-11,1000000.00,4.368755,98.025390625
08:00:32,912810UC0,TSRYS5860825,D,S,D,2024-10-11,1000000.00,4.367919,98.0390625
08:00:32,912810UC0,TSRYS5860825,D,S,D,2024-10-11,1000000.00,4.368396,98.03125
08:00:32,912810UC0,TSRYS5860825,D,S,D,2024-10-11,1000000.00,4.368755,98.025390625
08:00:32,912810UC0,TSRYS5860825,D,S,D,2024-10-11,1000000.00,4.368755,98.025390625
08:00:32,912810UC0,TSRYS5860825,D,S,D,2024-10-11,1000000.00,4.368038,98.037109375
08:00:32,912810UC0,TSRYS5860825,D,S,D,2024-10-11,1000000.00,4.367441,98.046875
08:00:32,912810UC0,TSRYS5860825,D,S,D,2024-10-11,1000000.00,4.366844,98.056640625
08:00:32,912810UC0,TSRYS5860825,D,S,D,2024-10-11,1000000.00,4.366844,98.056640625
08:00:32,912810UC0,TSRYS5860825,D,S,D,2024-10-11,1000000.00,4.367799,98.041015625
08:00:32,912810UC0,TSRYS5860825,D,S,D,2024-10-11,1000000.00,4.369352,98.015625
08:00:32,912810UC0,TSRYS5860825,D,S,D,2024-10-11,1000000.00,4.371024,97.98828125
08:00:32,912810UC0,TSRYS5860825,D,S,D,2024-10-11,1000000.00,4.370427,97.998046875
08:00:32,912810UC0,TSRYS5860825,D,S,D,2024-10-11,1000000.00,4.369591,98.01171875
08:00:32,912810UC0,TSRYS5860825,D,S,D,2024-10-11,1000000.00,4.370666,97.994140625
08:00:32,912810UC0,TSRYS5860825,D,S,D,2024-10-11,1000000.00,4.370785,97.9921875
08:00:32,912810UC0,TSRYS5860825,D,S,D,2024-10-11,1000000.00,4.371144,97.986328125
08:00:32,912810UC0,TSRYS5860825,D,S,D,2024-10-11,1000000.00,4.371144,97.986328125
08:00:32,912810UC0,TSRYS5860825,D,S,D,2024-10-11,1000000.00,4.370905,97.990234375
08:00:32,912810UC0,TSRYS5860825,D,S,D,2024-10-11,1000000.00,4.370785,97.9921875
08:00:32,912810UC0,TSRYS5860825,D,S,D,2024-10-11,1000000.00,4.370785,97.9921875
08:00:32,912810UC0,TSRYS5860825,D,S,D,2024-10-11,1000000.00,4.371263,97.984375
08:00:32,912810UC0,TSRYS5860825,D,S,D,2024-10-11,1000000.00,4.370785,97.9921875
08:00:32,912810UC0,TSRYS5860825,D,S,D,2024-10-11,1000000.00,4.370905,97.990234375
08:00:32,912810UC0,TSRYS5860825,D,S,D,2024-10-11,1000000.00,4.370785,97.9921875
08:00:32,912810UC0,TSRYS5860825,D,S,D,2024-10-11,1000000.00,4.370785,97.9921875
08:00:32,912810UC0,TSRYS5860825,D,S,D,2024-10-11,1000000.00,4.370785,97.9921875
08:00:32,912810UC0,TSRYS5860825,D,S,D,2024-10-11,1000000.00,4.370785,97.9921875
08:00:32,912810UC0,TSRYS5860825,D,S,D,2024-10-11,1000000.00,4.370785,97.9921875
08:00:32,912810UC0,TSRYS5860825,D,S,D,2024-10-11,1000000.00,4.370785,97.9921875
08:00:32,912810UC0,TSRYS5860825,D,S,D,2024-10-11,1000000.00,4.370785,97.9921875
08:00:32,912810UC0,TSRYS5860825,D,S,D,2024-10-11,1000000.00,4.370785,97.9921875
08:00:32,912810UC0,TSRYS5860825,D,S,D,2024-10-11,1000000.00,4.370785,97.9921875
08:00:32,912810UC0,TSRYS5860825,D,S,D,2024-10-11,1000000.00,4.37198,97.97265625
08:00:32,912810UC0,TSRYS5860825,D,S,D,2024-10-11,1000000.00,4.373295,97.951171875
08:00:32,912810UC0,TSRYS5860825,D,S,D,2024-10-11,1000000.00,4.375089,97.921875
08:00:32,912810UC0,TSRYS5860825,D,S,D,2024-10-11,1000000.00,4.377961,97.875
08:00:32,912810UC0,TSRYS5860825,D,S,D,2024-10-11,1000000.00,4.380834,97.828125
08:00:32,912810UC0,TSRYS5860825,D,S,D,2024-10-11,1000000.00,4.385028,97.759765625
08:00:32,912810UC0,TSRYS5860825,D,S,D,2024-10-11,1000000.00,4.389467,97.6875
08:00:32,912810UC0,TSRYS5860825,D,S,D,2024-10-11,1000000.00,4.386227,97.740234375
08:00:32,912810UC0,TSRYS5860825,D,S,D,2024-10-11,1000000.00,4.390187,97.67578125
08:00:32,912810UC0,TSRYS5860825,D,S,D,2024-10-11,1000000.00,4.389947,97.6796875
08:00:32,912810UC0,TSRYS5860825,D,S,D,2024-10-11,1000000.00,4.389947,97.6796875
08:00:32,912810UC0,TSRYS5860825,D,S,D,2024-10-11,1000000.00,4.389947,97.6796875
08:00:32,912810UC0,TSRYS5860825,D,S,D,2024-10-11,1000000.00,4.392348,97.640625
08:00:32,912810UC0,TSRYS5860825,D,S,D,2024-10-11,1000000.00,4.392228,97.642578125
08:00:32,912810UC0,TSRYS5860825,D,S,D,2024-10-11,1000000.00,4.392228,97.642578125
08:00:32,912810UC0,TSRYS5860825,D,S,D,2024-10-11,1000000.00,4.391748,97.650390625
08:00:32,912810UC0,TSRYS5860825,D,S,D,2024-10-11,1000000.00,4.391988,97.646484375
08:00:32,912810UC0,TSRYS5860825,D,S,D,2024-10-11,1000000.00,4.391988,97.646484375
08:00:32,912810UC0,TSRYS5860825,D,S,D,2024-10-11,1000000.00,4.392108,97.64453125
08:00:32,912810UC0,TSRYS5860825,D,S,D,2024-10-11,1000000.00,4.391748,97.650390625
08:00:32,912810UC0,TSRYS5860825,D,S,D,2024-10-11,1000000.00,4.391627,97.65234375
08:00:32,912810UC0,TSRYS5860825,D,S,D,2024-10-11,1000000.00,4.391748,97.650390625
08:00:32,912810UC0,TSRYS5860825,D,S,D,2024-10-11,1000000.00,4.392228,97.642578125
08:00:32,912810UC0,TSRYS5860825,D,S,D,2024-10-11,1000000.00,4.392228,97.642578125
08:00:32,912810UC0,TSRYS5860825,D,S,D,2024-10-11,1000000.00,4.392588,97.63671875
08:00:32,912810UC0,TSRYS5860825,D,S,D,2024-10-11,1000000.00,4.393189,97.626953125
08:00:32,912810UC0,TSRYS5860825,D,S,D,2024-10-11,1000000.00,4.392708,97.634765625
08:00:32,912810UC0,TSRYS5860825,D,S,D,2024-10-11,1000000.00,4.395352,97.591796875
08:00:32,912810UC0,TSRYS5860825,D,S,D,2024-10-11,1000000.00,4.396193,97.578125
08:00:32,912810UC0,TSRYS5860825,D,S,D,2024-10-11,1000000.00,4.398117,97.546875
08:00:32,912810UC0,TSRYS5860825,D,S,D,2024-10-11,1000000.00,4.398117,97.546875
08:00:32,912810UC0,TSRYS5860825,D,S,D,2024-10-11,1000000.00,4.398357,97.54296875
08:00:32,912810UC0,TSRYS5860825,D,S,D,2024-10-11,1000000.00,4.398598,97.5390625
08:00:32,912810UC0,TSRYS5860825,D,S,D,2024-10-11,1000000.00,4.398598,97.5390625
08:00:32,912810UC0,TSRYS5860825,D,S,D,2024-10-11,1000000.00,4.398598,97.5390625
08:00:32,912810UC0,TSRYS5860825,D,S,D,2024-10-11,1000000.00,4.397155,97.5625
08:00:32,912810UC0,TSRYS5860825,D,S,D,2024-10-11,1000000.00,4.397034,97.564453125
08:00:32,912810UC0,TSRYS5860825,D,S,D,2024-10-11,1000000.00,4.396914,97.56640625
08:00:32,912810UC0,TSRYS5860825,D,S,D,2024-10-11,1000000.00,4.39427,97.609375
08:00:32,912810UC0,TSRYS5860825,D,S,D,2024-10-11,1000000.00,4.396554,97.572265625
08:00:32,912810UC0,TSRYS5860825,D,S,D,2024-10-11,1000000.00,4.396914,97.56640625
08:00:32,912810UC0,TSRYS5860825,D,S,D,2024-10-11,1000000.00,4.396554,97.572265625
08:00:32,912810UC0,TSRYS5860825,D,S,D,2024-10-11,1000000.00,4.396433,97.57421875
08:00:32,912810UC0,TSRYS5860825,D,S,D,2024-10-11,1000000.00,4.396433,97.57421875
08:00:32,912810UC0,TSRYS5860825,D,S,D,2024-10-11,1000000.00,4.398117,97.546875
08:00:32,912810UC0,TSRYS5860825,D,S,D,2024-10-11,1000000.00,4.397996,97.548828125
08:00:32,912810UC0,TSRYS5860825,D,S,D,2024-10-11,1000000.00,4.397996,97.548828125
08:00:32,912810UC0,TSRYS5860825,D,S,D,2024-10-11,1000000.00,4.397034,97.564453125
08:00:32,912810UC0,TSRYS5860825,D,S,D,2024-10-11,1000000.00,4.396554,97.572265625
08:00:32,912810UC0,TSRYS5860825,D,S,T,2024-10-11,1000000.00,4.354566,98.2578125
08:00:32,912810UC0,TSRYS5860825,D,S,T,2024-10-11,1000000.00,4.354566,98.2578125
08:00:32,912810UC0,TSRYS5860825,D,S,T,2024-10-11,1000000.00,4.354566,98.2578125
08:00:32,912810UC0,TSRYS5860825,D,S,T,2024-10-11,1000000.00,4.357424,98.2109375
08:00:32,912810UC0,TSRYS5860825,D,S,T,2024-10-11,1000000.00,4.357305,98.212890625
08:00:32,912810UC0,TSRYS5860825,D,S,T,2024-10-11,1000000.00,4.357186,98.21484375
08:00:32,912810UC0,TSRYS5860825,D,S,T,2024-10-11,1000000.00,4.363622,98.109375
08:00:32,912810UC0,TSRYS5860825,D,S,T,2024-10-11,1000000.00,4.363503,98.111328125
08:00:32,912810UC0,TSRYS5860825,D,S,T,2024-10-11,1000000.00,4.363384,98.11328125
08:00:32,912810UC0,TSRYS5860825,D,S,T,2024-10-11,1000000.00,4.363026,98.119140625
08:00:32,912810UC0,TSRYS5860825,D,S,T,2024-10-11,1000000.00,4.362907,98.12109375
08:00:32,912810UC0,TSRYS5860825,D,S,T,2024-10-11,1000000.00,4.362787,98.123046875
08:00:32,912810UC0,TSRYS5860825,D,S,T,2024-10-11,1000000.00,4.362668,98.125
08:00:32,912810UC0,TSRYS5860825,D,S,T,2024-10-11,1000000.00,4.357543,98.208984375
08:00:32,912810UC0,TSRYS5860825,D,S,T,2024-10-11,1000000.00,4.357901,98.203125
08:00:32,912810UC0,TSRYS5860825,D,S,T,2024-10-11,1000000.00,4.367561,98.044921875
08:00:33,912810UC0,TSRYS5860825,D,S,T,2024-10-11,1000000.00,4.365531,98.078125
08:00:33,912810UC0,TSRYS5860825,D,S,T,2024-10-11,1000000.00,4.366844,98.056640625
08:00:33,912810UC0,TSRYS5860825,D,S,T,2024-10-11,1000000.00,4.368755,98.025390625
08:00:33,912810UC0,TSRYS5860825,D,S,T,2024-10-11,1000000.00,4.366844,98.056640625
08:00:33,912810UC0,TSRYS5860825,D,S,T,2024-10-11,1000000.00,4.369471,98.013671875
08:00:33,912810UC0,TSRYS5860825,D,S,T,2024-10-11,1000000.00,4.370785,97.9921875
08:00:33,912810UC0,TSRYS5860825,D,S,T,2024-10-11,1000000.00,4.370785,97.9921875
08:00:33,912810UC0,TSRYS5860825,D,S,T,2024-10-11,1000000.00,4.370905,97.990234375
08:00:33,912810UC0,TSRYS5860825,D,S,T,2024-10-11,1000000.00,4.371024,97.98828125
08:00:33,912810UC0,TSRYS5860825,D,S,T,2024-10-11,1000000.00,4.370785,97.9921875
08:00:33,912810UC0,TSRYS5860825,D,S,T,2024-10-11,1000000.00,4.377003,97.890625
08:00:33,912810UC0,TSRYS5860825,D,S,T,2024-10-11,1000000.00,4.381313,97.8203125
08:00:33,912810UC0,TSRYS5860825,D,S,T,2024-10-11,1000000.00,4.387667,97.716796875
08:00:33,912810UC0,TSRYS5860825,D,S,T,2024-10-11,1000000.00,4.389107,97.693359375
08:00:33,912810UC0,TSRYS5860825,D,S,T,2024-10-11,1000000.00,4.388987,97.6953125
08:00:33,912810UC0,TSRYS5860825,D,S,T,2024-10-11,1000000.00,4.388507,97.703125
08:00:33,912810UC0,TSRYS5860825,D,S,T,2024-10-11,1000000.00,4.388987,97.6953125
08:00:33,912810UC0,TSRYS5860825,D,S,T,2024-10-11,1000000.00,4.390187,97.67578125
08:00:33,912810UC0,TSRYS5860825,D,S,T,2024-10-11,1000000.00,4.389827,97.681640625
08:00:33,912810UC0,TSRYS5860825,D,S,T,2024-10-11,1000000.00,4.389947,97.6796875
08:00:33,912810UC0,TSRYS5860825,D,S,T,2024-10-11,1000000.00,4.390907,97.6640625
08:00:33,912810UC0,TSRYS5860825,D,S,T,2024-10-11,1000000.00,4.390907,97.6640625
08:00:33,912810UC0,TSRYS5860825,D,S,T,2024-10-11,1000000.00,4.390907,97.6640625
08:00:33,912810UC0,TSRYS5860825,D,S,T,2024-10-11,1000000.00,4.390907,97.6640625
08:00:33,912810UC0,TSRYS5860825,D,S,T,2024-10-11,1000000.00,4.390907,97.6640625
08:00:33,912810UC0,TSRYS5860825,D,S,T,2024-10-11,1000000.00,4.391627,97.65234375
08:00:33,912810UC0,TSRYS5860825,D,S,T,2024-10-11,1000000.00,4.391988,97.646484375
08:00:33,912810UC0,TSRYS5860825,D,S,T,2024-10-11,1000000.00,4.392108,97.64453125
08:00:33,912810UC0,TSRYS5860825,D,S,T,2024-10-11,1000000.00,4.392588,97.63671875
08:00:33,912810UC0,TSRYS5860825,D,S,T,2024-10-11,1000000.00,4.392468,97.638671875
08:00:33,912810UC0,TSRYS5860825,D,S,T,2024-10-11,1000000.00,4.395952,97.58203125
08:00:33,912810UC0,TSRYS5860825,D,S,T,2024-10-11,1000000.00,4.395832,97.583984375
08:00:33,912810UC0,TSRYS5860825,D,S,T,2024-10-11,1000000.00,4.396073,97.580078125
08:00:33,912810UC0,TSRYS5860825,D,S,T,2024-10-11,1000000.00,4.397636,97.5546875
08:00:33,912810UC0,TSRYS5860825,D,S,T,2024-10-11,1000000.00,4.400041,97.515625
08:00:33,912810UC0,TSRYS5860825,D,S,T,2024-10-11,1000000.00,4.400041,97.515625
08:00:33,912810UC0,TSRYS5860825,D,S,T,2024-10-11,1000000.00,4.398477,97.541015625
08:00:33,912810UC0,TSRYS5860825,D,S,T,2024-10-11,1000000.00,4.398357,97.54296875
08:00:33,912810UC0,TSRYS5860825,D,S,T,2024-10-11,1000000.00,4.398598,97.5390625
08:00:33,912810UC0,TSRYS5860825,D,S,T,2024-10-11,1000000.00,4.398718,97.537109375
08:00:33,912810UC0,TSRYS5860825,D,B,A,2024-10-11,15000000.00,4.361237,98.1484375
08:00:33,912810UC0,TSRYS5860825,D,S,A,2024-10-11,3000000.00,4.361714,98.140625
08:00:33,912810UC0,TSRYS5860825,D,S,T,2024-10-11,1000000.00,4.35933,98.1796875
08:00:33,912810UC0,TSRYS5860825,D,B,A,2024-10-11,5000000.00,4.355519,98.2421875
08:00:33,912810UC0,TSRYS5860825,D,B,A,2024-10-11,3600000.00,4.353859,98.26953125
08:00:33,912810UC0,TSRYS5860825,D,S,T,2024-10-11,1000000.00,4.363861,98.10546875
08:00:33,912810UC0,TSRYS5860825,D,S,T,2024-10-11,1000000.00,4.364099,98.1015625
08:00:33,912810UC0,TSRYS5860825,D,S,T,2024-10-11,1000000.00,4.359211,98.181640625
08:00:33,912810UC0,TSRYS5860825,D,S,A,2024-10-11,3000000.00,4.364577,98.09375
08:00:33,912810UC0,TSRYS5860825,D,S,C,2024-10-11,7000000.00,4.36577,98.07421875
08:00:33,912810UC0,TSRYS5860825,D,S,C,2024-10-11,6000000.00,4.36577,98.07421875
08:00:33,912810UC0,TSRYS5860825,D,S,T,2024-10-11,1000000.00,4.397395,97.55859375
08:00:33,912810UC0,TSRYS5860825,D,S,T,2024-10-11,1000000.00,4.397395,97.55859375
08:00:33,912810UC0,TSRYS5860825,D,S,T,2024-10-11,1000000.00,4.397275,97.560546875
08:00:33,912810UC0,TSRYS5860825,D,S,T,2024-10-11,1000000.00,4.397275,97.560546875
08:00:33,912810UC0,TSRYS5860825,D,S,T,2024-10-11,1000000.00,4.395712,97.5859375
08:00:33,912810UC0,TSRYS5860825,D,S,T,2024-10-11,1000000.00,4.39439,97.607421875
08:00:33,912810UC0,TSRYS5860825,D,S,T,2024-10-11,1000000.00,4.39391,97.615234375
08:00:33,912810UC0,TSRYS5860825,D,S,T,2024-10-11,1000000.00,4.396433,97.57421875
08:00:33,912810UC0,TSRYS5860825,D,S,T,2024-10-11,1000000.00,4.397996,97.548828125
08:00:33,912810UC0,TSRYS5860825,D,S,T,2024-10-11,1000000.00,4.397876,97.55078125
08:00:33,912810UC0,TSRYS5860825,D,S,T,2024-10-11,1000000.00,4.397756,97.552734375
08:00:33,912810UC0,TSRYS5860825,D,S,T,2024-10-11,1000000.00,4.397275,97.560546875
08:00:33,912810UC0,TSRYS5860825,D,S,T,2024-10-11,1000000.00,4.399079,97.53125
08:00:33,912810UC0,TSRYS5860825,D,S,T,2024-10-11,1000000.00,4.39968,97.521484375
08:00:33,912810UC0,TSRYS5860825,D,S,T,2024-10-11,1000000.00,4.397996,97.548828125
08:00:33,912810UC0,TSRYS5860825,D,S,T,2024-10-11,1000000.00,4.397876,97.55078125
08:00:33,912810UC0,TSRYS5860825,D,S,D,2024-10-11,5000000.00,4.368358,98.03188
08:00:33,912810UC0,TSRYS5860825,D,B,A,2024-10-11,3000000.00,4.369591,98.01171875
08:00:33,912810UC0,TSRYS5860825,D,S,C,2024-10-11,7000000.00,4.368755,98.025390625
08:00:33,912810UC0,TSRYS5860825,D,S,C,2024-10-11,7000000.00,4.367919,98.0390625
08:00:33,912810UC0,TSRYS5860825,D,B,A,2024-10-11,8480000.00,4.371263,97.984375
08:00:33,912810UC0,TSRYS5860825,D,S,C,2024-10-11,7000000.00,4.370785,97.9921875
08:00:33,912810UC0,TSRYS5860825,D,B,A,2024-10-11,1653000.00,4.371263,97.984375
08:00:33,912810UC0,TSRYS5860825,D,S,T,2024-10-11,5000000.00,4.37222,97.96875
08:00:33,912810UC0,TSRYS5860825,D,S,C,2024-10-11,1000000.00,4.372355,97.9665390625
08:00:33,912810UC0,TSRYS5860825,D,S,T,2024-10-11,2000000.00,4.37222,97.96875
08:00:33,912810UC0,TSRYS5860825,D,S,A,2024-10-11,1000000.00,4.370308,98.0
08:00:33,912810UC0,TSRYS5860825,D,S,A,2024-10-11,1000000.00,4.370308,98.0
08:00:33,912810UC0,TSRYS5860825,D,B,A,2024-10-11,1000000.00,4.371502,97.98046875
08:00:33,912810UC0,TSRYS5860825,D,S,C,2024-10-11,2000000.00,4.374997,97.923375
08:00:33,912810UC0,TSRYS5860825,D,B,C,2024-10-11,1000000.00,4.377246,97.88671875
08:00:33,912810UC0,TSRYS5860825,D,S,T,2024-10-11,5000000.00,4.380834,97.828125
08:00:33,912810UC0,TSRYS5860825,D,B,A,2024-10-11,1000000.00,4.388507,97.703125
08:00:33,912810UC0,TSRYS5860825,D,S,A,2024-10-11,1000000.00,4.388507,97.703125
08:00:33,912810UC0,TSRYS5860825,D,S,T,2024-10-11,1000000.00,4.391387,97.65625
08:00:33,912810UC0,TSRYS5860825,D,S,D,2024-10-11,1000000.00,4.394336,97.6083030146
08:00:33,912810UC0,TSRYS5860825,D,S,D,2024-10-11,1000000.00,4.394336,97.6083030146
08:00:33,912810UC0,TSRYS5860825,D,S,D,2024-10-11,1000000.00,4.395231,97.59375
08:00:33,912810UC0,TSRYS5860825,D,S,D,2024-10-11,28000000.00,,97.875
08:00:33,912810UC0,TSRYS5860825,D,B,C,2024-10-11,50MM+,4.367919,98.0390625
08:00:33,912810UC0,TSRYS5860825,D,S,D,2024-10-11,20000000.00,4.400763,97.50390625
08:00:33,912810UC0,TSRYS5860825,D,B,C,2024-10-11,13000000.00,4.397636,97.5546875
08:00:33,912810UC0,TSRYS5860825,D,B,C,2024-10-11,500000.00,4.397395,97.55859375
08:00:33,912810UC0,TSRYS5860825,D,S,D,2024-10-11,1000000.00,4.381553,97.81640625
08:00:33,912810UC0,TSRYS5860825,D,B,C,2024-10-11,1000000.00,4.381793,97.8125
08:00:33,912810UC0,TSRYS5860825,D,S,D,2024-10-11,1000000.00,4.381793,97.8125
08:00:33,912810UC0,TSRYS5860825,D,B,C,2024-10-11,1000000.00,4.381553,97.81640625
08:00:33,912810UC0,TSRYS5860825,D,B,C,2024-10-11,1000000.00,4.381793,97.8125
08:00:33,912810UC0,TSRYS5860825,D,S,D,2024-10-11,1000000.00,4.381793,97.8125
08:00:33,912810UC0,TSRYS5860825,D,S,D,2024-10-11,1000000.00,4.381793,97.8125
08:00:33,912810UC0,TSRYS5860825,D,B,C,2024-10-11,1000000.00,4.381793,97.8125
08:00:34,912810UC0,TSRYS5860825,D,S,T,2024-10-11,1000000.00,4.395231,97.59375
08:00:34,912810UC0,TSRYS5860825,D,S,T,2024-10-11,1000000.00,4.395231,97.59375
08:00:34,912810UC0,TSRYS5860825,D,S,A,2024-10-11,199000.00,4.355045,98.25
08:00:34,912810UC0,TSRYS5860825,D,S,T,2024-10-11,1000000.00,4.395231,97.59375
08:00:35,912810UC0,TSRYS5860825,D,S,T,2024-10-11,1000000.00,4.395231,97.59375
08:00:35,912810UC0,TSRYS5860825,D,S,T,2024-10-11,1000000.00,4.401004,97.5
08:00:35,912810UC0,TSRYS5860825,D,S,D,2024-10-11,2000000.00,4.388507,97.703125
08:00:35,912810UC0,TSRYS5860825,D,S,D,2024-10-11,1000000.00,4.388987,97.6953125
08:00:35,912810UC0,TSRYS5860825,D,S,D,2024-10-11,1000000.00,4.388507,97.703125
08:00:35,912810UC0,TSRYS5860825,D,S,D,2024-10-11,1000000.00,4.388987,97.6953125
08:00:35,912810UC0,TSRYS5860825,D,S,T,2024-10-11,1000000.00,4.400041,97.515625
08:00:35,912810UC0,TSRYS5860825,D,S,T,2024-10-11,1000000.00,4.395231,97.59375
08:00:35,912810UC0,TSRYS5860825,D,S,T,2024-10-11,1000000.00,4.395231,97.59375
08:00:35,912810UC0,TSRYS5860825,D,S,T,2024-10-11,1000000.00,4.401004,97.5
08:00:35,912810UC0,TSRYS5860825,D,S,D,2024-10-11,2000000.00,4.401004,97.5
08:00:36,912810UC0,TSRYS5860825,D,S,T,2024-10-11,1000000.00,4.369352,98.015625
08:00:36,912810UC0,TSRYS5860825,D,S,T,2024-10-11,1000000.00,4.398357,97.54296875
08:00:37,912810UC0,TSRYS5860825,D,S,T,2024-10-11,1000000.00,4.400041,97.515625
08:00:37,912810UC0,TSRYS5860825,D,S,D,2024-10-11,1000000.00,4.398357,97.54296875
08:00:37,912810UC0,TSRYS5860825,D,S,D,2024-10-11,1000000.00,4.395231,97.59375
08:00:37,912810UC0,TSRYS5860825,D,S,C,2024-10-11,2000000.00,4.39713,97.5629
08:00:38,912810UC0,TSRYS5860825,D,S,T,2024-10-11,1000000.00,4.395231,97.59375
08:00:38,912810UC0,TSRYS5860825,D,S,D,2024-10-11,1000000.00,4.396193,97.578125
08:00:39,912810UC0,TSRYS5860825,D,S,C,2024-10-11,20000000.00,4.356209,98.23086875
08:00:39,912810UC0,TSRYS5860825,D,S,T,2024-10-11,1000000.00,4.355043,98.25
08:00:39,912810UC0,TSRYS5860825,D,S,T,2024-10-11,1000000.00,4.355043,98.25
08:00:39,912810UC0,TSRYS5860825,D,S,T,2024-10-11,1000000.00,4.355995,98.234375
08:00:39,912810UC0,TSRYS5860825,D,S,T,2024-10-11,1000000.00,4.355995,98.234375
08:00:39,912810UC0,TSRYS5860825,D,B,C,2024-10-11,28848000.00,4.400788,97.50350625
08:00:40,912810UC0,TSRYS5860825,D,S,D,2024-10-11,1000000.00,4.400041,97.515625
08:00:40,912810UC0,TSRYS5860825,D,S,D,2024-10-11,2000000.00,4.399079,97.53125
08:00:40,912810UC0,TSRYS5860825,D,S,T,2024-10-11,1000000.00,4.39427,97.609375
08:00:41,912810UC0,TSRYS5860825,D,S,D,2024-10-11,1000000.00,4.359807,98.171875
08:00:41,912810UC0,TSRYS5860825,D,S,C,2024-10-11,100000.00,4.358139,98.19921875
08:00:41,912810UC0,TSRYS5860825,D,S,D,2024-10-11,1000000.00,4.399079,97.53125
08:00:41,912810UC0,TSRYS5860825,D,S,C,2024-10-11,2500000.00,4.366713,98.05879375
08:00:41,912810UC0,TSRYS5860825,D,S,C,2024-10-11,10000000.00,4.366474,98.0627
08:00:41,912810UC0,TSRYS5860825,D,S,T,2024-10-11,1000000.00,4.359807,98.171875
08:00:41,912810UC0,TSRYS5860825,D,S,D,2024-10-11,15300000.00,4.370093,98.00350625
08:00:41,912810UC0,TSRYS5860825,D,B,C,2024-10-11,15300000.00,4.370093,98.00350625
08:00:42,912810UC0,TSRYS5860825,D,S,D,2024-10-11,3000000.00,4.362668,98.125
08:00:42,912810UC0,TSRYS5860825,D,S,D,2024-10-11,30000000.00,4.390667,97.66796875
08:00:42,912810UC0,TSRYS5860825,D,S,D,2024-10-11,1000000.00,4.36076,98.15625
08:00:42,912810UC0,TSRYS5860825,D,S,D,2024-10-11,1000000.00,4.36076,98.15625
08:00:42,912810UC0,TSRYS5860825,D,B,A,2024-10-11,10000000.00,4.357901,98.203125
08:00:42,912810UC0,TSRYS5860825,D,S,T,2024-10-11,1000000.00,4.357901,98.203125
08:00:42,912810UC0,TSRYS5860825,D,S,T,2024-10-11,1000000.00,4.357901,98.203125
08:00:42,912810UC0,TSRYS5860825,D,S,T,2024-10-11,1000000.00,4.357901,98.203125
08:00:42,912810UC0,TSRYS5860825,D,S,T,2024-10-11,1000000.00,4.357901,98.203125
08:00:42,912810UC0,TSRYS5860825,D,S,D,2024-10-11,100000.00,4.358139,98.19921875
08:00:42,912810UC0,TSRYS5860825,D,S,D,2024-10-11,1000000.00,4.400041,97.515625
08:00:42,912810UC0,TSRYS5860825,D,S,D,2024-10-11,2000000.00,4.401004,97.5
08:00:42,912810UC0,TSRYS5860825,D,S,C,2024-10-11,1000.00,4.397611,97.5550875
08:00:42,912810UC0,TSRYS5860825,D,S,C,2024-10-11,300000.00,4.397371,97.55899375
08:00:42,912810UC0,TSRYS5860825,D,S,D,2024-10-11,10000000.00,4.365758,98.07441875
08:00:42,912810UC0,TSRYS5860825,D,S,D,2024-10-11,10000000.00,4.366474,98.0627
08:00:43,912810UC0,TSRYS5860825,D,S,D,2024-10-11,10000000.00,4.369817,98.0080125
08:00:43,912810UC0,TSRYS5860825,D,S,D,2024-10-11,1000000.00,4.398117,97.546875
08:00:43,912810UC0,TSRYS5860825,D,S,D,2024-10-11,1000000.00,4.370546,97.99609375
08:00:43,912810UC0,TSRYS5860825,D,S,T,2024-10-11,1000000.00,4.370308,98.0
08:00:43,912810UC0,TSRYS5860825,D,S,D,2024-10-11,1000000.00,4.370308,98.0
08:00:43,912810UC0,TSRYS5860825,D,S,T,2024-10-11,1000000.00,4.371263,97.984375
08:00:43,912810UC0,TSRYS5860825,D,S,T,2024-10-11,1000000.00,4.371263,97.984375
08:00:43,912810UC0,TSRYS5860825,D,S,T,2024-10-11,1000000.00,4.370308,98.0
08:00:43,912810UC0,TSRYS5860825,D,S,T,2024-10-11,1000000.00,4.371263,97.984375
08:00:43,912810UC0,TSRYS5860825,D,S,T,2024-10-11,1000000.00,4.371263,97.984375
08:00:43,912810UC0,TSRYS5860825,D,S,T,2024-10-11,1000000.00,4.370308,98.0
08:00:43,912810UC0,TSRYS5860825,D,S,T,2024-10-11,1000000.00,4.370308,98.0
08:00:43,912810UC0,TSRYS5860825,D,S,D,2024-10-11,6700000.00,4.37412,97.9377
08:00:43,912810UC0,TSRYS5860825,D,S,D,2024-10-11,1000000.00,4.381074,97.82421875
08:00:43,912810UC0,TSRYS5860825,D,S,T,2024-10-11,1000000.00,4.380834,97.828125
08:00:44,912810UC0,TSRYS5860825,D,S,T,2024-10-11,1000000.00,4.38371,97.78125
08:00:44,912810UC0,TSRYS5860825,D,S,T,2024-10-11,5000000.00,4.38371,97.78125
08:00:44,912810UC0,TSRYS5860825,D,S,T,2024-10-11,1000000.00,4.38371,97.78125
08:00:44,912810UC0,TSRYS5860825,D,S,T,2024-10-11,1000000.00,4.38371,97.78125
08:00:44,912810UC0,TSRYS5860825,D,S,T,2024-10-11,1000000.00,4.38371,97.78125
08:00:44,912810UC0,TSRYS5860825,D,S,T,2024-10-11,1000000.00,4.38371,97.78125
08:00:44,912810UC0,TSRYS5860825,D,S,T,2024-10-11,1000000.00,4.38371,97.78125
08:00:44,912810UC0,TSRYS5860825,D,S,D,2024-10-11,1000000.00,4.395952,97.58203125
08:00:44,912810UC0,TSRYS5860825,D,S,D,2024-10-11,1000000.00,4.398838,97.53515625
08:00:44,912810UC0,TSRYS5860825,D,S,D,2024-10-11,1000000.00,4.389707,97.68359375
08:00:44,912810UC0,TSRYS5860825,D,S,D,2024-10-11,1000000.00,4.389347,97.689453125
08:00:44,912810UC0,TSRYS5860825,D,S,D,2024-10-11,15000000.00,4.387627,97.717447917
08:00:44,912810UC0,TSRYS5860825,D,S,A,2024-10-11,2000000.00,4.398598,97.5390625
08:00:44,912810UC0,TSRYS5860825,D,S,D,2024-10-11,1000000.00,4.398357,97.54296875
08:00:44,912810UC0,TSRYS5860825,D,S,D,2024-10-11,1000000.00,4.395472,97.58984375
08:00:44,912810UC0,TSRYS5860825,D,S,D,2024-10-11,1000000.00,4.395472,97.58984375
08:00:44,912810UC0,TSRYS5860825,D,S,D,2024-10-11,1000000.00,4.395712,97.5859375
08:00:44,912810UC0,TSRYS5860825,D,S,T,2024-10-11,1000000.00,4.388507,97.703125
08:00:44,912810UC0,TSRYS5860825,D,S,T,2024-10-11,1000000.00,4.388507,97.703125
08:00:44,912810UC0,TSRYS5860825,D,S,T,2024-10-11,1000000.00,4.389467,97.6875
08:00:44,912810UC0,TSRYS5860825,D,S,T,2024-10-11,1000000.00,4.389467,97.6875
08:00:44,912810UC0,TSRYS5860825,D,S,T,2024-10-11,1000000.00,4.389467,97.6875
08:00:44,912810UC0,TSRYS5860825,D,S,T,2024-10-11,1000000.00,4.390427,97.671875
08:00:44,912810UC0,TSRYS5860825,D,S,T,2024-10-11,1000000.00,4.389467,97.6875
08:00:44,912810UC0,TSRYS5860825,D,S,T,2024-10-11,1000000.00,4.389467,97.6875
08:00:45,912810UC0,TSRYS5860825,D,S,C,2024-10-11,5700000.00,4.366951,98.0548875
08:00:45,912810UC0,TSRYS5860825,D,S,C,2024-10-11,10000000.00,4.365758,98.07441875
08:00:45,912810UC0,TSRYS5860825,D,S,C,2024-10-11,10000000.00,4.369817,98.0080125
08:00:45,912810UC0,TSRYS5860825,D,S,C,2024-10-11,6700000.00,4.37412,97.9377
08:00:45,912810UC0,TSRYS5860825,D,S,D,2024-10-11,20000000.00,4.381338,97.8199125
08:00:45,912810UC0,TSRYS5860825,D,B,C,2024-10-11,20000000.00,4.381338,97.8199125
08:00:45,912810UC0,TSRYS5860825,D,S,T,2024-10-11,1000000.00,4.395231,97.59375
08:00:45,912810UC0,TSRYS5860825,D,S,D,2024-10-11,1000000.00,4.395231,97.59375
08:00:45,912810UC0,TSRYS5860825,D,S,T,2024-10-11,1000000.00,4.395231,97.59375
08:00:45,912810UC0,TSRYS5860825,D,S,D,2024-10-11,6000000.00,4.389227,97.69140625
08:00:45,912810UC0,TSRYS5860825,D,S,T,2024-10-11,1000000.00,4.396193,97.578125
08:00:45,912810UC0,TSRYS5860825,D,S,D,2024-10-11,50MM+,4.39451,97.60546875
08:00:45,912810UC0,TSRYS5860825,D,S,T,2024-10-11,1000000.00,4.396433,97.57421875
08:00:45,912810UC0,TSRYS5860825,D,S,T,2024-10-11,1000000.00,4.396193,97.578125
08:00:45,912810UC0,TSRYS5860825,D,S,T,2024-10-11,1000000.00,4.395352,97.591796875
08:00:45,912810UC0,TSRYS5860825,D,S,T,2024-10-11,1000000.00,4.396313,97.576171875
08:00:45,912810UC0,TSRYS5860825,D,S,T,2024-10-11,1000000.00,4.39427,97.609375
08:00:45,912810UC0,TSRYS5860825,D,S,T,2024-10-11,1000000.00,4.396313,97.576171875
08:00:45,912810UC0,TSRYS5860825,D,S,A,2024-10-11,50MM+,4.396193,97.578125
08:00:45,912810UC0,TSRYS5860825,D,B,A,2024-10-11,50MM+,4.396193,97.578125
08:00:46,912810UC0,TSRYS5860825,D,S,T,2024-10-11,1000000.00,4.399079,97.53125
08:00:46,912810UC0,TSRYS5860825,D,S,D,2024-10-11,50MM+,4.39451,97.60546875
08:00:46,912810UC0,TSRYS5860825,D,B,C,2024-10-11,50MM+,4.39451,97.60546875
08:00:46,912810UC0,TSRYS5860825,D,S,D,2024-10-11,12000000.00,4.395472,97.58984375
08:00:46,912810UC0,TSRYS5860825,D,B,A,2024-10-11,1500000.00,4.398357,97.54296875
08:00:46,912810UC0,TSRYS5860825,D,S,D,2024-10-11,2000000.00,4.398598,97.5390625
08:00:46,912810UC0,TSRYS5860825,D,S,A,2024-10-11,1000000.00,4.359092,98.18359375
08:00:46,912810UC0,TSRYS5860825,D,B,A,2024-10-11,10000000.00,4.35409,98.265625
08:00:46,912810UC0,TSRYS5860825,D,S,A,2024-10-11,1830000.00,4.358615,98.19140625
08:00:46,912810UC0,TSRYS5860825,D,S,T,2024-10-11,1000000.00,4.397996,97.548828125
08:00:47,912810UC0,TSRYS5860825,D,S,T,2024-10-11,1000000.00,4.397996,97.548828125
08:00:47,912810UC0,TSRYS5860825,D,S,T,2024-10-11,1000000.00,4.397996,97.548828125
08:00:47,912810UC0,TSRYS5860825,D,S,T,2024-10-11,1000000.00,4.397996,97.548828125
08:00:47,912810UC0,TSRYS5860825,D,S,D,2024-10-11,1000.00,,97.5550875
08:00:47,912810UC0,TSRYS5860825,D,S,D,2024-10-11,20000000.00,4.356209,98.23086875
08:00:47,912810UC0,TSRYS5860825,D,S,T,2024-10-11,1000000.00,4.355043,98.25
08:00:47,912810UC0,TSRYS5860825,D,S,T,2024-10-11,1000000.00,4.355995,98.234375
08:00:47,912810UC0,TSRYS5860825,D,S,T,2024-10-11,1000000.00,4.355995,98.234375
08:00:47,912810UC0,TSRYS5860825,D,S,T,2024-10-11,1000000.00,4.355995,98.234375
08:00:48,912810UC0,TSRYS5860825,D,S,T,2024-10-11,1000000.00,4.397996,97.548828125
08:00:49,912810UC0,TSRYS5860825,D,S,T,2024-10-11,1000000.00,4.397275,97.560546875
08:00:49,912810UC0,TSRYS5860825,D,S,A,2024-10-11,2000000.00,4.357186,98.21484375
08:00:49,912810UC0,TSRYS5860825,D,S,T,2024-10-11,1000000.00,4.397515,97.556640625
08:00:49,912810UC0,TSRYS5860825,D,S,T,2024-10-11,1000000.00,4.397515,97.556640625
08:00:49,912810UC0,TSRYS5860825,D,S,T,2024-10-11,2000000.00,4.397515,97.556640625
08:00:49,912810UC0,TSRYS5860825,D,S,T,2024-10-11,1000000.00,4.397515,97.556640625
08:00:49,912810UC0,TSRYS5860825,D,S,D,2024-10-11,1000000.00,4.36076,98.15625
08:00:49,912810UC0,TSRYS5860825,D,S,D,2024-10-11,1000000.00,4.36076,98.15625
08:00:49,912810UC0,TSRYS5860825,D,S,T,2024-10-11,1000000.00,4.357901,98.203125
08:00:49,912810UC0,TSRYS5860825,D,S,T,2024-10-11,1000000.00,4.357901,98.203125
08:00:49,912810UC0,TSRYS5860825,D,S,T,2024-10-11,1000000.00,4.357901,98.203125
08:00:49,912810UC0,TSRYS5860825,D,S,T,2024-10-11,1000000.00,4.357901,98.203125
08:00:49,912810UC0,TSRYS5860825,D,S,T,2024-10-11,1000000.00,4.357901,98.203125
08:00:49,912810UC0,TSRYS5860825,D,S,T,2024-10-11,1000000.00,4.357901,98.203125
08:00:50,912810UC0,TSRYS5860825,D,S,A,2024-10-11,2075000.00,4.360522,98.16015625
08:00:50,912810UC0,TSRYS5860825,D,S,A,2024-10-11,10000000.00,4.36577,98.07421875
08:00:50,912810UC0,TSRYS5860825,D,S,D,2024-10-11,2500000.00,4.366713,98.05879375
08:00:50,912810UC0,TSRYS5860825,D,S,T,2024-10-11,1000000.00,4.397996,97.548828125
08:00:50,912810UC0,TSRYS5860825,D,S,D,2024-10-11,5700000.00,4.366951,98.0548875
08:00:50,912810UC0,TSRYS5860825,D,S,T,2024-10-11,1000000.00,4.398718,97.537109375
08:00:50,912810UC0,TSRYS5860825,D,S,T,2024-10-11,1000000.00,4.398718,97.537109375
08:00:50,912810UC0,TSRYS5860825,D,S,T,2024-10-11,1000000.00,4.398718,97.537109375
08:00:51,912810UC0,TSRYS5860825,D,S,T,2024-10-11,2000000.00,4.398477,97.541015625
08:00:51,912810UC0,TSRYS5860825,D,S,T,2024-10-11,1000000.00,4.371263,97.984375
08:00:51,912810UC0,TSRYS5860825,D,S,T,2024-10-11,1000000.00,4.371263,97.984375
08:00:51,912810UC0,TSRYS5860825,D,S,T,2024-10-11,1000000.00,4.371263,97.984375
08:00:51,912810UC0,TSRYS5860825,D,S,T,2024-10-11,1000000.00,4.370308,98.0
08:00:51,912810UC0,TSRYS5860825,D,S,T,2024-10-11,1000000.00,4.371263,97.984375
08:00:51,912810UC0,TSRYS5860825,D,S,T,2024-10-11,1000000.00,4.371263,97.984375
08:00:51,912810UC0,TSRYS5860825,D,S,T,2024-10-11,1000000.00,4.371263,97.984375
08:00:51,912810UC0,TSRYS5860825,D,S,T,2024-10-11,1000000.00,4.370308,98.0
08:00:51,912810UC0,TSRYS5860825,D,S,T,2024-10-11,2000000.00,4.381313,97.8203125
08:00:51,912810UC0,TSRYS5860825,D,S,T,2024-10-11,1000000.00,4.398959,97.533203125
08:00:51,912810UC0,TSRYS5860825,D,S,T,2024-10-11,1000000.00,4.38371,97.78125
08:00:51,912810UC0,TSRYS5860825,D,S,T,2024-10-11,1000000.00,4.38371,97.78125
08:00:51,912810UC0,TSRYS5860825,D,S,T,2024-10-11,1000000.00,4.38371,97.78125
08:00:51,912810UC0,TSRYS5860825,D,S,T,2024-10-11,1000000.00,4.398959,97.533203125
08:00:51,912810UC0,TSRYS5860825,D,S,T,2024-10-11,1000000.00,4.38371,97.78125
08:00:51,912810UC0,TSRYS5860825,D,S,T,2024-10-11,1000000.00,4.38371,97.78125
08:00:51,912810UC0,TSRYS5860825,D,S,T,2024-10-11,1000000.00,4.38371,97.78125
08:00:51,912810UC0,TSRYS5860825,D,S,T,2024-10-11,1000000.00,4.38371,97.78125
08:00:51,912810UC0,TSRYS5860825,D,S,T,2024-10-11,1000000.00,4.38371,97.78125
08:00:51,912810UC0,TSRYS5860825,D,S,T,2024-10-11,1000000.00,4.38371,97.78125
08:00:51,912810UC0,TSRYS5860825,D,B,A,2024-10-11,2719000.00,4.387307,97.72265625
08:00:51,912810UC0,TSRYS5860825,D,S,T,2024-10-11,1000000.00,4.396193,97.578125
08:00:52,912810UC0,TSRYS5860825,D,S,T,2024-10-11,3000000.00,4.388507,97.703125
08:00:52,912810UC0,TSRYS5860825,D,S,T,2024-10-11,1000000.00,4.389467,97.6875
08:00:52,912810UC0,TSRYS5860825,D,S,T,2024-10-11,1000000.00,4.390427,97.671875
08:00:52,912810UC0,TSRYS5860825,D,S,T,2024-10-11,1000000.00,4.389467,97.6875
08:00:52,912810UC0,TSRYS5860825,D,S,T,2024-10-11,1000000.00,4.389467,97.6875
08:00:52,912810UC0,TSRYS5860825,D,S,T,2024-10-11,1000000.00,4.389467,97.6875
08:00:52,912810UC0,TSRYS5860825,D,S,T,2024-10-11,1000000.00,4.389467,97.6875
08:00:52,912810UC0,TSRYS5860825,D,S,T,2024-10-11,1000000.00,4.390427,97.671875
08:00:52,912810UC0,TSRYS5860825,D,S,T,2024-10-11,1000000.00,4.395832,97.58398438
08:00:52,912810UC0,TSRYS5860825,D,S,T,2024-10-11,1000000.00,4.390427,97.671875
08:00:52,912810UC0,TSRYS5860825,D,S,T,2024-10-11,1000000.00,4.390427,97.671875
08:00:52,912810UC0,TSRYS5860825,D,S,D,2024-10-11,1000000.00,4.396914,97.56640625
08:00:52,912810UC0,TSRYS5860825,D,S,A,2024-10-11,300000.00,4.389707,97.68359375
08:00:52,912810UC0,TSRYS5860825,D,S,T,2024-10-11,1000000.00,4.389467,97.6875
08:00:52,912810UC0,TSRYS5860825,D,S,T,2024-10-11,1000000.00,4.389467,97.6875
08:00:52,912810UC0,TSRYS5860825,D,B,A,2024-10-11,1000000.00,4.396914,97.56640625
08:00:53,912810UC0,TSRYS5860825,D,S,T,2024-10-11,1000000.00,4.395231,97.59375
08:00:53,912810UC0,TSRYS5860825,D,S,T,2024-10-11,1000000.00,4.396193,97.578125
08:00:53,912810UC0,TSRYS5860825,D,S,T,2024-10-11,1000000.00,4.396313,97.576171875
08:00:53,912810UC0,TSRYS5860825,D,S,T,2024-10-11,1000000.00,4.396193,97.578125
08:00:53,912810UC0,TSRYS5860825,D,S,T,2024-10-11,1000000.00,4.396313,97.576171875
08:00:53,912810UC0,TSRYS5860825,D,S,T,2024-10-11,1000000.00,4.396193,97.578125
08:00:53,912810UC0,TSRYS5860825,D,S,T,2024-10-11,1000000.00,4.396073,97.58007813
08:00:53,912810UC0,TSRYS5860825,D,S,D,2024-10-11,1500000.00,4.395952,97.58203125
08:00:53,912810UC0,TSRYS5860825,D,S,T,2024-10-11,1000000.00,4.396313,97.576171875
08:00:53,912810UC0,TSRYS5860825,D,S,T,2024-10-11,1000000.00,4.39439,97.607421875
08:00:53,912810UC0,TSRYS5860825,D,S,T,2024-10-11,1000000.00,4.396193,97.578125
08:00:53,912810UC0,TSRYS5860825,D,S,T,2024-10-11,1000000.00,4.396193,97.578125
08:00:53,912810UC0,TSRYS5860825,D,S,T,2024-10-11,1000000.00,4.396433,97.57421875
08:00:53,912810UC0,TSRYS5860825,D,S,T,2024-10-11,1000000.00,4.396313,97.576171875
08:00:54,912810UC0,TSRYS5860825,D,S,T,2024-10-11,1000000.00,4.396193,97.578125
08:00:54,912810UC0,TSRYS5860825,D,S,T,2024-10-11,1000000.00,4.395952,97.58203125
08:00:55,912810UC0,TSRYS5860825,D,S,T,2024-10-11,1000000.00,4.396193,97.578125
08:00:55,912810UC0,TSRYS5860825,D,S,A,2024-10-11,3000000.00,4.357186,98.21484375
08:00:57,912810UC0,TSRYS5860825,D,S,T,2024-10-11,1000000.00,4.397155,97.5625
08:00:57,912810UC0,TSRYS5860825,D,B,A,2024-10-11,15250000.00,4.357925,98.202725
08:00:57,912810UC0,TSRYS5860825,D,S,T,2024-10-11,1000000.00,4.358377,98.1953125
08:00:57,912810UC0,TSRYS5860825,D,S,T,2024-10-11,1000000.00,4.358377,98.1953125
08:00:57,912810UC0,TSRYS5860825,D,S,T,2024-10-11,1000000.00,4.358377,98.1953125
08:00:57,912810UC0,TSRYS5860825,D,S,T,2024-10-11,1000000.00,4.358377,98.1953125
08:00:57,912810UC0,TSRYS5860825,D,S,T,2024-10-11,1000000.00,4.358139,98.19921875
08:00:57,912810UC0,TSRYS5860825,D,S,T,2024-10-11,1000000.00,4.358258,98.197265625
08:00:57,912810UC0,TSRYS5860825,D,S,T,2024-10-11,1000000.00,4.358377,98.1953125
08:00:57,912810UC0,TSRYS5860825,D,S,T,2024-10-11,1000000.00,4.358377,98.1953125
08:00:57,912810UC0,TSRYS5860825,D,S,T,2024-10-11,1000000.00,4.358377,98.1953125
08:00:57,912810UC0,TSRYS5860825,D,S,T,2024-10-11,1000000.00,4.358139,98.19921875
08:00:57,912810UC0,TSRYS5860825,D,S,T,2024-10-11,1000000.00,4.357907,98.203023
08:00:57,912810UC0,TSRYS5860825,D,S,T,2024-10-11,1000000.00,4.357907,98.203023
08:00:57,912810UC0,TSRYS5860825,D,S,T,2024-10-11,1000000.00,4.397155,97.5625
08:00:57,912810UC0,TSRYS5860825,D,S,T,2024-10-11,1000000.00,4.357907,98.203023
08:00:57,912810UC0,TSRYS5860825,D,S,T,2024-10-11,1000000.00,4.357662,98.20703125
08:00:57,912810UC0,TSRYS5860825,D,S,T,2024-10-11,1000000.00,4.357662,98.20703125
08:00:58,912810UC0,TSRYS5860825,D,S,T,2024-10-11,1000000.00,4.392468,97.638671875
08:00:58,912810UC0,TSRYS5860825,D,S,T,2024-10-11,1000000.00,4.39451,97.60546875
08:00:58,912810UC0,TSRYS5860825,D,S,T,2024-10-11,1000000.00,4.400887,97.501903125
08:00:58,912810UC0,TSRYS5860825,D,S,T,2024-10-11,1000000.00,4.397155,97.5625
08:00:59,912810UC0,TSRYS5860825,D,S,T,2024-10-11,1000000.00,4.397155,97.5625
08:00:59,912810UC0,TSRYS5860825,D,S,T,2024-10-11,1000000.00,4.397155,97.5625
08:00:59,912810UC0,TSRYS5860825,D,S,A,2024-10-11,29500.00,4.362668,98.125
08:00:59,912810UC0,TSRYS5860825,D,S,T,2024-10-11,1000000.00,4.398117,97.546875
08:01:00,912810UC0,TSRYS5860825,D,S,T,2024-10-11,1000000.00,4.398117,97.546875
08:01:00,912810UC0,TSRYS5860825,D,S,T,2024-10-11,1000000.00,4.398117,97.546875
08:01:01,912810UC0,TSRYS5860825,D,S,C,2024-10-11,1000000.00,4.359092,98.18359375
08:01:01,912810UC0,TSRYS5860825,D,S,D,2024-10-11,1000000.00,4.358377,98.1953125
08:01:01,912810UC0,TSRYS5860825,D,S,D,2024-10-11,1000000.00,4.356948,98.21875
08:01:01,912810UC0,TSRYS5860825,D,S,D,2024-10-11,1000000.00,4.355043,98.25
08:01:01,912810UC0,TSRYS5860825,D,S,D,2024-10-11,1000000.00,4.355995,98.234375
08:01:01,912810UC0,TSRYS5860825,D,S,D,2024-10-11,1000000.00,4.357424,98.2109375
08:01:01,912810UC0,TSRYS5860825,D,S,D,2024-10-11,1000000.00,4.353138,98.28125
08:01:01,912810UC0,TSRYS5860825,D,S,D,2024-10-11,1000000.00,4.35409,98.265625
08:01:01,912810UC0,TSRYS5860825,D,S,D,2024-10-11,1000000.00,4.355519,98.2421875
08:01:01,912810UC0,TSRYS5860825,D,S,D,2024-10-11,1000000.00,4.357186,98.21484375
08:01:01,912810UC0,TSRYS5860825,D,S,D,2024-10-11,1000000.00,4.351235,98.3125
08:01:01,912810UC0,TSRYS5860825,D,S,D,2024-10-11,1000000.00,4.357424,98.2109375
08:01:01,912810UC0,TSRYS5860825,D,S,C,2024-10-11,1000000.00,4.357662,98.20703125
08:01:01,912810UC0,TSRYS5860825,D,S,D,2024-10-11,1000000.00,4.357424,98.2109375
08:01:01,912810UC0,TSRYS5860825,D,S,D,2024-10-11,1000000.00,4.357662,98.20703125
08:01:01,912810UC0,TSRYS5860825,D,S,D,2024-10-11,2000000.00,4.357424,98.2109375
08:01:01,912810UC0,TSRYS5860825,D,S,D,2024-10-11,1000000.00,4.356233,98.23046875
08:01:01,912810UC0,TSRYS5860825,D,B,C,2024-10-11,1000000.00,4.357424,98.2109375
08:01:01,912810UC0,TSRYS5860825,D,S,D,2024-10-11,1000000.00,4.357662,98.20703125
08:01:01,912810UC0,TSRYS5860825,D,S,D,2024-10-11,1000000.00,4.357662,98.20703125
08:01:01,912810UC0,TSRYS5860825,D,S,D,2024-10-11,1000000.00,4.354804,98.25390625
08:01:01,912810UC0,TSRYS5860825,D,S,C,2024-10-11,1000000.00,4.356709,98.22265625
08:01:01,912810UC0,TSRYS5860825,D,S,D,2024-10-11,1000000.00,4.354804,98.25390625
08:01:01,912810UC0,TSRYS5860825,D,S,D,2024-10-11,1000000.00,4.357662,98.20703125
08:01:01,912810UC0,TSRYS5860825,D,S,D,2024-10-11,1000000.00,4.354804,98.25390625
08:01:01,912810UC0,TSRYS5860825,D,S,D,2024-10-11,1000000.00,4.358615,98.19140625
08:01:01,912810UC0,TSRYS5860825,D,S,D,2024-10-11,1000000.00,4.357424,98.2109375
08:01:01,912810UC0,TSRYS5860825,D,S,D,2024-10-11,1000000.00,4.357662,98.20703125
08:01:01,912810UC0,TSRYS5860825,D,S,C,2024-10-11,1000000.00,4.359569,98.17578125
08:01:01,912810UC0,TSRYS5860825,D,S,D,2024-10-11,1000000.00,4.358377,98.1953125
08:01:01,912810UC0,TSRYS5860825,D,S,D,2024-10-11,1000000.00,4.358139,98.19921875
08:01:01,912810UC0,TSRYS5860825,D,S,D,2024-10-11,1000000.00,4.35933,98.1796875
08:01:01,912810UC0,TSRYS5860825,D,S,D,2024-10-11,1000000.00,4.356709,98.22265625
08:01:01,912810UC0,TSRYS5860825,D,S,D,2024-10-11,1000000.00,4.362668,98.125
08:01:01,912810UC0,TSRYS5860825,D,S,D,2024-10-11,1000000.00,4.366486,98.0625
08:01:01,912810UC0,TSRYS5860825,D,B,C,2024-10-11,1000000.00,4.359569,98.17578125
08:01:01,912810UC0,TSRYS5860825,D,S,D,2024-10-11,1000000.00,4.36076,98.15625
08:01:01,912810UC0,TSRYS5860825,D,S,C,2024-10-11,1000000.00,4.359569,98.17578125
08:01:01,912810UC0,TSRYS5860825,D,S,D,2024-10-11,1000000.00,4.366486,98.0625
08:01:01,912810UC0,TSRYS5860825,D,S,D,2024-10-11,1000000.00,4.36076,98.15625
08:01:01,912810UC0,TSRYS5860825,D,S,D,2024-10-11,1000000.00,4.366247,98.06640625
08:01:01,912810UC0,TSRYS5860825,D,S,D,2024-10-11,1000000.00,4.365531,98.078125
08:01:01,912810UC0,TSRYS5860825,D,S,D,2024-10-11,1000000.00,4.365054,98.0859375
08:01:01,912810UC0,TSRYS5860825,D,S,D,2024-10-11,1000000.00,4.365531,98.078125
08:01:01,912810UC0,TSRYS5860825,D,S,D,2024-10-11,1000000.00,4.361237,98.1484375
08:01:01,912810UC0,TSRYS5860825,D,S,D,2024-10-11,1000000.00,4.365054,98.0859375
08:01:01,912810UC0,TSRYS5860825,D,S,D,2024-10-11,1000000.00,4.365531,98.078125
08:01:01,912810UC0,TSRYS5860825,D,S,D,2024-10-11,1000000.00,4.365531,98.078125
08:01:01,912810UC0,TSRYS5860825,D,S,D,2024-10-11,1000000.00,4.370785,97.9921875
08:01:01,912810UC0,TSRYS5860825,D,S,D,2024-10-11,1000000.00,4.365531,98.078125
08:01:01,912810UC0,TSRYS5860825,D,S,D,2024-10-11,1000000.00,4.365531,98.078125
08:01:01,912810UC0,TSRYS5860825,D,S,D,2024-10-11,1000000.00,4.369113,98.01953125
08:01:01,912810UC0,TSRYS5860825,D,S,D,2024-10-11,1000000.00,4.369591,98.01171875
08:01:01,912810UC0,TSRYS5860825,D,S,D,2024-10-11,1000000.00,4.365531,98.078125
08:01:01,912810UC0,TSRYS5860825,D,S,D,2024-10-11,2000000.00,4.370308,98.0
08:01:01,912810UC0,TSRYS5860825,D,S,D,2024-10-11,1000000.00,4.370546,97.99609375
08:01:01,912810UC0,TSRYS5860825,D,S,D,2024-10-11,1000000.00,4.365531,98.078125
08:01:01,912810UC0,TSRYS5860825,D,S,D,2024-10-11,1000000.00,4.370785,97.9921875
08:01:01,912810UC0,TSRYS5860825,D,S,D,2024-10-11,1000000.00,4.377003,97.890625
08:01:01,912810UC0,TSRYS5860825,D,S,D,2024-10-11,1000000.00,4.369591,98.01171875
08:01:01,912810UC0,TSRYS5860825,D,S,D,2024-10-11,1000000.00,4.366247,98.06640625
08:01:01,912810UC0,TSRYS5860825,D,S,D,2024-10-11,1000000.00,4.381793,97.8125
08:01:01,912810UC0,TSRYS5860825,D,S,D,2024-10-11,1000000.00,4.381074,97.82421875
08:01:01,912810UC0,TSRYS5860825,D,S,D,2024-10-11,1000000.00,4.370546,97.99609375
08:01:01,912810UC0,TSRYS5860825,D,S,D,2024-10-11,1000000.00,4.38323,97.7890625
08:01:01,912810UC0,TSRYS5860825,D,S,C,2024-10-11,1000000.00,4.38323,97.7890625
08:01:01,912810UC0,TSRYS5860825,D,S,D,2024-10-11,1000000.00,4.377003,97.890625
08:01:01,912810UC0,TSRYS5860825,D,S,D,2024-10-11,1000000.00,4.389707,97.68359375
08:01:01,912810UC0,TSRYS5860825,D,S,D,2024-10-11,1000000.00,4.381553,97.81640625
08:01:01,912810UC0,TSRYS5860825,D,S,D,2024-10-11,1000000.00,4.387547,97.71875
08:01:01,912810UC0,TSRYS5860825,D,S,D,2024-10-11,1000000.00,4.381793,97.8125
08:01:01,912810UC0,TSRYS5860825,D,S,D,2024-10-11,1000000.00,4.386587,97.734375
08:01:01,912810UC0,TSRYS5860825,D,B,C,2024-10-11,1000000.00,4.38323,97.7890625
08:01:01,912810UC0,TSRYS5860825,D,S,D,2024-10-11,1000000.00,4.386347,97.73828125
08:01:01,912810UC0,TSRYS5860825,D,S,D,2024-10-11,1000000.00,4.387307,97.72265625
08:01:01,912810UC0,TSRYS5860825,D,S,D,2024-10-11,1000000.00,4.386347,97.73828125
08:01:01,912810UC0,TSRYS5860825,D,S,D,2024-10-11,1000000.00,4.387307,97.72265625
08:01:01,912810UC0,TSRYS5860825,D,S,D,2024-10-11,2000000.00,4.388507,97.703125
08:01:01,912810UC0,TSRYS5860825,D,S,D,2024-10-11,1000000.00,4.387307,97.72265625
08:01:01,912810UC0,TSRYS5860825,D,S,D,2024-10-11,1000000.00,4.388747,97.69921875
08:01:01,912810UC0,TSRYS5860825,D,S,D,2024-10-11,1000000.00,4.388987,97.6953125
08:01:02,912810UC0,TSRYS5860825,D,S,D,2024-10-11,1000000.00,4.388987,97.6953125
08:01:02,912810UC0,TSRYS5860825,D,S,D,2024-10-11,1000000.00,4.391868,97.6484375
08:01:02,912810UC0,TSRYS5860825,D,S,D,2024-10-11,1000000.00,4.388507,97.703125
08:01:02,912810UC0,TSRYS5860825,D,S,D,2024-10-11,1000000.00,4.396193,97.578125
08:01:02,912810UC0,TSRYS5860825,D,S,D,2024-10-11,1000000.00,4.396193,97.578125
08:01:02,912810UC0,TSRYS5860825,D,S,D,2024-10-11,1000000.00,4.399079,97.53125
08:01:02,912810UC0,TSRYS5860825,D,S,D,2024-10-11,2000000.00,4.399079,97.53125
08:01:02,912810UC0,TSRYS5860825,D,B,C,2024-10-11,1000000.00,4.399801,97.51953125
08:01:02,912810UC0,TSRYS5860825,D,S,D,2024-10-11,1000000.00,4.399801,97.51953125
08:01:02,912810UC0,TSRYS5860825,D,S,D,2024-10-11,1000000.00,4.398357,97.54296875
08:01:02,912810UC0,TSRYS5860825,D,S,D,2024-10-11,1000000.00,4.398357,97.54296875
08:01:02,912810UC0,TSRYS5860825,D,S,D,2024-10-11,1000000.00,4.395472,97.58984375
08:01:02,912810UC0,TSRYS5860825,D,S,D,2024-10-11,1000000.00,4.395712,97.5859375
08:01:04,912810UC0,TSRYS5860825,D,S,T,2024-10-11,1000000.00,4.358377,98.1953125
08:01:04,912810UC0,TSRYS5860825,D,S,T,2024-10-11,1000000.00,4.358377,98.1953125
08:01:05,912810UC0,TSRYS5860825,D,S,T,2024-10-11,1000000.00,4.358377,98.1953125
08:01:06,912810UC0,TSRYS5860825,D,S,T,2024-10-11,1000000.00,4.369358,98.015523
08:01:06,912810UC0,TSRYS5860825,D,S,T,2024-10-11,1000000.00,4.369358,98.015523
08:01:06,912810UC0,TSRYS5860825,D,S,T,2024-10-11,3000000.00,4.369358,98.015523
08:01:06,912810UC0,TSRYS5860825,D,S,A,2024-10-11,1000000.00,4.368158,98.03515625
08:01:07,912810UC0,TSRYS5860825,D,S,A,2024-10-11,1000000.00,4.35767,98.20703125
08:01:09,912810UC0,TSRYS5860825,D,S,T,2024-10-11,1000000.00,4.370314,97.999898
08:01:09,912810UC0,TSRYS5860825,D,S,D,2024-10-11,1000000.00,4.356948,98.21875
08:01:09,912810UC0,TSRYS5860825,D,S,D,2024-10-11,1000000.00,4.355995,98.234375
08:01:09,912810UC0,TSRYS5860825,D,S,D,2024-10-11,1000000.00,4.355043,98.25
08:01:09,912810UC0,TSRYS5860825,D,S,D,2024-10-11,1000000.00,4.355519,98.2421875
08:01:09,912810UC0,TSRYS5860825,D,S,D,2024-10-11,1000000.00,4.35409,98.265625
08:01:09,912810UC0,TSRYS5860825,D,S,D,2024-10-11,1000000.00,4.353138,98.28125
08:01:09,912810UC0,TSRYS5860825,D,S,D,2024-10-11,1000000.00,4.351235,98.3125
08:01:09,912810UC0,TSRYS5860825,D,S,D,2024-10-11,1000000.00,4.357424,98.2109375
08:01:09,912810UC0,TSRYS5860825,D,S,D,2024-10-11,1000000.00,4.357186,98.21484375
08:01:09,912810UC0,TSRYS5860825,D,S,D,2024-10-11,1000000.00,4.357424,98.2109375
08:01:09,912810UC0,TSRYS5860825,D,S,D,2024-10-11,2000000.00,4.357424,98.2109375
08:01:09,912810UC0,TSRYS5860825,D,S,D,2024-10-11,1000000.00,4.357424,98.2109375
08:01:09,912810UC0,TSRYS5860825,D,S,D,2024-10-11,1000000.00,4.357662,98.20703125
08:01:09,912810UC0,TSRYS5860825,D,S,D,2024-10-11,1000000.00,4.357662,98.20703125
08:01:09,912810UC0,TSRYS5860825,D,S,D,2024-10-11,1000000.00,4.356709,98.22265625
08:01:09,912810UC0,TSRYS5860825,D,S,D,2024-10-11,1000000.00,4.356233,98.23046875
08:01:09,912810UC0,TSRYS5860825,D,S,D,2024-10-11,1000000.00,4.354804,98.25390625
08:01:09,912810UC0,TSRYS5860825,D,S,D,2024-10-11,1000000.00,4.358139,98.19921875
08:01:09,912810UC0,TSRYS5860825,D,S,T,2024-10-11,1000000.00,4.355406,98.244040625
08:01:09,912810UC0,TSRYS5860825,D,S,T,2024-10-11,1000000.00,4.355525,98.2420875
08:01:09,912810UC0,TSRYS5860825,D,S,T,2024-10-11,1000000.00,4.356954,98.21865
08:01:09,912810UC0,TSRYS5860825,D,S,T,2024-10-11,1000000.00,4.357073,98.216696875
08:01:10,912810UC0,TSRYS5860825,D,S,T,2024-10-11,1000000.00,4.357192,98.21474375
08:01:10,912810UC0,TSRYS5860825,D,S,T,2024-10-11,2000000.00,4.35743,98.2108375
08:01:10,912810UC0,TSRYS5860825,D,S,T,2024-10-11,1000000.00,4.35743,98.2108375
08:01:10,912810UC0,TSRYS5860825,D,S,T,2024-10-11,1000000.00,4.357549,98.208884375
08:01:10,912810UC0,TSRYS5860825,D,S,T,2024-10-11,2000000.00,4.356596,98.224509375
08:01:10,912810UC0,TSRYS5860825,D,S,T,2024-10-11,1000000.00,4.356716,98.22255625
08:01:10,912810UC0,TSRYS5860825,D,S,T,2024-10-11,1000000.00,4.355882,98.236228125
08:01:10,912810UC0,TSRYS5860825,D,S,T,2024-10-11,1000000.00,4.356001,98.234275
08:01:10,912810UC0,TSRYS5860825,D,S,T,2024-10-11,1000000.00,4.357907,98.203025
08:01:10,912810UC0,TSRYS5860825,D,S,T,2024-10-11,1000000.00,4.358026,98.201071875
08:01:10,912810UC0,TSRYS5860825,D,S,T,2024-10-11,1000000.00,4.358145,98.19911875
08:01:10,912810UC0,TSRYS5860825,D,S,D,2024-10-11,3000000.00,4.396914,97.56640625
08:01:10,912810UC0,TSRYS5860825,D,S,T,2024-10-11,1000000.00,4.399091,97.53105
08:01:11,912810UC0,TSRYS5860825,D,S,T,2024-10-11,1000000.00,4.3522,98.29665
08:01:11,912810UC0,TSRYS5860825,D,S,T,2024-10-11,1000000.00,4.355056,98.249775
08:01:11,912810UC0,TSRYS5860825,D,B,A,2024-10-11,5000000.00,4.363861,98.10546875
08:01:11,912810UC0,TSRYS5860825,D,S,T,2024-10-11,1000000.00,4.36363,98.109245
08:01:11,912810UC0,TSRYS5860825,D,S,D,2024-10-11,3000000.00,4.358573,98.1921063
08:01:11,912810UC0,TSRYS5860825,D,B,A,2024-10-11,10000000.00,4.356709,98.22265625
08:01:11,912810UC0,TSRYS5860825,D,B,C,2024-10-11,1000000.00,4.364768,98.090625
08:01:11,912810UC0,TSRYS5860825,D,B,C,2024-10-11,1000000.00,4.364579,98.0937188
08:01:12,912810UC0,TSRYS5860825,D,S,D,2024-10-11,1000000.00,4.36358,98.110075
08:01:12,912810UC0,TSRYS5860825,D,S,D,2024-10-11,1000000.00,4.36716,98.0514813
08:01:12,912810UC0,TSRYS5860825,D,S,D,2024-10-11,4000000.00,4.365489,98.078825
08:01:12,912810UC0,TSRYS5860825,D,S,T,2024-10-11,1000000.00,4.356003,98.234245
08:01:12,912810UC0,TSRYS5860825,D,S,T,2024-10-11,1000000.00,4.356003,98.234245
08:01:12,912810UC0,TSRYS5860825,D,S,T,2024-10-11,1000000.00,4.356003,98.234245
08:01:12,912810UC0,TSRYS5860825,D,S,T,2024-10-11,1000000.00,4.356956,98.21862
08:01:12,912810UC0,TSRYS5860825,D,S,T,2024-10-11,1000000.00,4.356956,98.21862
08:01:12,912810UC0,TSRYS5860825,D,B,A,2024-10-11,1000000.00,4.377096,97.88912
08:01:12,912810UC0,TSRYS5860825,D,S,A,2024-10-11,2719000.00,4.387307,97.72265625
08:01:12,912810UC0,TSRYS5860825,D,S,D,2024-10-11,1000000.00,4.358854,98.1875
08:01:12,912810UC0,TSRYS5860825,D,S,D,2024-10-11,1000000.00,4.358854,98.1875
08:01:12,912810UC0,TSRYS5860825,D,B,A,2024-10-11,1000000.00,4.361049,98.15152
08:01:12,912810UC0,TSRYS5860825,D,S,A,2024-10-11,3600000.00,4.353368,98.27734375
08:01:15,912810UC0,TSRYS5860825,D,S,T,2024-10-11,1000000.00,4.366128,98.06835937
08:01:15,912810UC0,TSRYS5860825,D,S,T,2024-10-11,1000000.00,4.367561,98.04492187
08:01:16,912810UC0,TSRYS5860825,D,S,C,2024-10-11,1000000.00,4.363249,98.11548
08:01:16,912810UC0,TSRYS5860825,D,S,D,2024-10-11,1000000.00,4.395231,97.59375
08:01:16,912810UC0,TSRYS5860825,D,S,T,2024-10-11,1000000.00,4.366498,98.0623
08:01:16,912810UC0,TSRYS5860825,D,S,T,2024-10-11,1000000.00,4.366498,98.0623
08:01:16,912810UC0,TSRYS5860825,D,S,T,2024-10-11,1000000.00,4.366498,98.0623
08:01:16,912810UC0,TSRYS5860825,D,S,T,2024-10-11,1000000.00,4.366498,98.0623
08:01:16,912810UC0,TSRYS5860825,D,S,T,2024-10-11,1000000.00,4.366498,98.0623
08:01:16,912810UC0,TSRYS5860825,D,B,C,2024-10-11,6000000.00,4.357901,98.203125
08:01:16,912810UC0,TSRYS5860825,D,S,D,2024-10-11,1000000.00,4.367441,98.046875
08:01:16,912810UC0,TSRYS5860825,D,S,D,2024-10-11,1000000.00,4.366247,98.06640625
08:01:16,912810UC0,TSRYS5860825,D,S,D,2024-10-11,1000000.00,4.360164,98.16601562
08:01:16,912810UC0,TSRYS5860825,D,S,D,2024-10-11,1000000.00,4.360164,98.16601562
08:01:16,912810UC0,TSRYS5860825,D,S,T,2024-10-11,1000000.00,4.360164,98.16601562
08:01:16,912810UC0,TSRYS5860825,D,S,T,2024-10-11,1000000.00,4.366247,98.06640625
08:01:16,912810UC0,TSRYS5860825,D,S,T,2024-10-11,1000000.00,4.366247,98.06640625
08:01:16,912810UC0,TSRYS5860825,D,S,D,2024-10-11,896000.00,4.395952,97.58203125
08:01:16,912810UC0,TSRYS5860825,D,B,A,2024-10-11,896000.00,4.395952,97.58203125
08:01:16,912810UC0,TSRYS5860825,D,B,A,2024-10-11,743000.00,4.395952,97.58203125
08:01:16,912810UC0,TSRYS5860825,D,S,D,2024-10-11,743000.00,4.395952,97.58203125
08:01:16,912810UC0,TSRYS5860825,D,B,A,2024-10-11,2000000.00,4.39427,97.609375
08:01:16,912810UC0,TSRYS5860825,D,S,C,2024-10-11,2000000.00,4.39427,97.609375
08:01:16,912810UC0,TSRYS5860825,D,S,D,2024-10-11,520000.00,4.39956,97.5234375
08:01:16,912810UC0,TSRYS5860825,D,B,A,2024-10-11,520000.00,4.39956,97.5234375
08:01:16,912810UC0,TSRYS5860825,D,B,A,2024-10-11,901000.00,4.399079,97.53125
08:01:16,912810UC0,TSRYS5860825,D,S,D,2024-10-11,901000.00,4.399079,97.53125
08:01:16,912810UC0,TSRYS5860825,D,S,T,2024-10-11,1000000.00,4.360164,98.16601562
08:01:17,912810UC0,TSRYS5860825,D,B,C,2024-10-11,1000000.00,4.366964,98.0546875
08:01:17,912810UC0,TSRYS5860825,D,B,C,2024-10-11,1000000.00,4.366844,98.05664062
08:01:17,912810UC0,TSRYS5860825,D,S,D,2024-10-11,2000000.00,4.398598,97.5390625
08:01:17,912810UC0,TSRYS5860825,D,S,D,2024-10-11,1000000.00,4.357662,98.20703125
08:01:17,912810UC0,TSRYS5860825,D,S,D,2024-10-11,1000000.00,4.366964,98.0546875
08:01:17,912810UC0,TSRYS5860825,D,S,D,2024-10-11,1000000.00,4.365531,98.078125
08:01:17,912810UC0,TSRYS5860825,D,S,T,2024-10-11,1000000.00,4.366367,98.06445312
08:01:17,912810UC0,TSRYS5860825,D,B,C,2024-10-11,1000000.00,4.366844,98.05664062
08:01:18,912810UC0,TSRYS5860825,D,S,D,2024-10-11,1000000.00,4.366725,98.05859375
08:01:18,912810UC0,TSRYS5860825,D,B,C,2024-10-11,1000000.00,4.366844,98.05664062
08:01:18,912810UC0,TSRYS5860825,D,S,D,2024-10-11,1000000.00,4.361237,98.1484375
08:01:18,912810UC0,TSRYS5860825,D,S,D,2024-10-11,1000000.00,4.355043,98.25
08:01:18,912810UC0,TSRYS5860825,D,S,A,2024-10-11,5000000.00,4.359569,98.17578125
08:01:18,912810UC0,TSRYS5860825,D,S,T,2024-10-11,2000000.00,4.379397,97.8515625
08:01:18,912810UC0,TSRYS5860825,D,S,D,2024-10-11,1000000.00,4.355162,98.24804687
08:01:18,912810UC0,TSRYS5860825,D,S,C,2024-10-11,1000000.00,4.366605,98.06054687
08:01:18,912810UC0,TSRYS5860825,D,S,D,2024-10-11,1000000.00,4.354804,98.25390625
08:01:18,912810UC0,TSRYS5860825,D,S,T,2024-10-11,1000000.00,4.354923,98.25195312
08:01:18,912810UC0,TSRYS5860825,D,S,T,2024-10-11,1000000.00,4.383716,97.781148
08:01:18,912810UC0,TSRYS5860825,D,S,D,2024-10-11,1000000.00,4.354804,98.25390625
08:01:18,912810UC0,TSRYS5860825,D,S,T,2024-10-11,1000000.00,4.383716,97.781148
08:01:18,912810UC0,TSRYS5860825,D,S,D,2024-10-11,1000000.00,4.354685,98.25585937
08:01:18,912810UC0,TSRYS5860825,D,S,D,2024-10-11,1000000.00,4.354804,98.25390625
08:01:18,912810UC0,TSRYS5860825,D,S,D,2024-10-11,1000000.00,4.365531,98.078125
08:01:18,912810UC0,TSRYS5860825,D,S,D,2024-10-11,1000000.00,4.365531,98.078125
08:01:18,912810UC0,TSRYS5860825,D,B,C,2024-10-11,1000000.00,4.363503,98.11132812
08:01:19,912810UC0,TSRYS5860825,D,S,D,2024-10-11,1000000.00,4.366486,98.0625
08:01:19,912810UC0,TSRYS5860825,D,S,D,2024-10-11,1000000.00,4.354804,98.25390625
08:01:19,912810UC0,TSRYS5860825,D,S,D,2024-10-11,1000000.00,4.365531,98.078125
08:01:19,912810UC0,TSRYS5860825,D,S,T,2024-10-11,1000000.00,4.3554,98.244140625
08:01:19,912810UC0,TSRYS5860825,D,S,T,2024-10-11,1000000.00,4.36363,98.109245
08:01:19,912810UC0,TSRYS5860825,D,S,T,2024-10-11,1000000.00,4.355519,98.2421875
08:01:19,912810UC0,TSRYS5860825,D,S,T,2024-10-11,1000000.00,4.388513,97.703023
08:01:19,912810UC0,TSRYS5860825,D,S,T,2024-10-11,1000000.00,4.356948,98.21875
08:01:19,912810UC0,TSRYS5860825,D,S,T,2024-10-11,1000000.00,4.357067,98.216796875
08:01:19,912810UC0,TSRYS5860825,D,S,T,2024-10-11,1000000.00,4.357424,98.2109375
08:01:19,912810UC0,TSRYS5860825,D,S,T,2024-10-11,1000000.00,4.358139,98.19921875
08:01:19,912810UC0,TSRYS5860825,D,S,T,2024-10-11,1000000.00,4.364577,98.09375
08:01:19,912810UC0,TSRYS5860825,D,S,T,2024-10-11,1000000.00,4.364099,98.1015625
08:01:19,912810UC0,TSRYS5860825,D,S,T,2024-10-11,1000000.00,4.388513,97.703023
08:01:19,912810UC0,TSRYS5860825,D,S,T,2024-10-11,1000000.00,4.388513,97.703023
08:01:19,912810UC0,TSRYS5860825,D,S,T,2024-10-11,1000000.00,4.388513,97.703023
08:01:19,912810UC0,TSRYS5860825,D,S,T,2024-10-11,1000000.00,4.36363,98.109245
08:01:19,912810UC0,TSRYS5860825,D,S,T,2024-10-11,1000000.00,4.36363,98.109245
08:01:19,912810UC0,TSRYS5860825,D,S,T,2024-10-11,1000000.00,4.365544,98.077925
08:01:19,912810UC0,TSRYS5860825,D,S,T,2024-10-11,1000000.00,4.365544,98.077925
08:01:19,912810UC0,TSRYS5860825,D,S,D,2024-10-11,1000000.00,4.354804,98.25390625
08:01:20,912810UC0,TSRYS5860825,D,S,T,2024-10-11,1000000.00,4.365544,98.077925
08:01:20,912810UC0,TSRYS5860825,D,S,T,2024-10-11,1000000.00,4.355043,98.25
08:01:20,912810UC0,TSRYS5860825,D,S,T,2024-10-11,1000000.00,4.365544,98.077925
08:01:20,912810UC0,TSRYS5860825,D,S,D,2024-10-11,1000000.00,4.366486,98.0625
08:01:20,912810UC0,TSRYS5860825,D,B,A,2024-10-11,15000000.00,4.358615,98.19140625
08:01:20,912810UC0,TSRYS5860825,D,S,T,2024-10-11,1000000.00,4.358862,98.18737
08:01:20,912810UC0,TSRYS5860825,D,S,T,2024-10-11,3000000.00,4.358862,98.18737
08:01:20,912810UC0,TSRYS5860825,D,S,D,2024-10-11,1000000.00,4.355638,98.24023437
08:01:20,912810UC0,TSRYS5860825,D,B,C,2024-10-11,2000000.00,4.362549,98.12695312
08:01:20,912810UC0,TSRYS5860825,D,B,C,2024-10-11,1000000.00,4.36243,98.12890625
08:01:20,912810UC0,TSRYS5860825,D,B,C,2024-10-11,2000000.00,4.36243,98.12890625
08:01:20,912810UC0,TSRYS5860825,D,S,T,2024-10-11,1000000.00,4.358862,98.18737
08:01:20,912810UC0,TSRYS5860825,D,S,T,2024-10-11,1000000.00,4.357908,98.202995
08:01:20,912810UC0,TSRYS5860825,D,S,D,2024-10-11,1000000.00,4.35659,98.22460937
08:01:20,912810UC0,TSRYS5860825,D,S,C,2024-10-11,1000000.00,4.356829,98.22070312
08:01:20,912810UC0,TSRYS5860825,D,S,D,2024-10-11,1000000.00,4.365531,98.078125
08:01:21,912810UC0,TSRYS5860825,D,S,D,2024-10-11,1000000.00,4.356829,98.22070312
08:01:21,912810UC0,TSRYS5860825,D,S,A,2024-10-11,5000000.00,4.358377,98.1953125
08:01:21,912810UC0,TSRYS5860825,D,S,T,2024-10-11,1000000.00,4.366498,98.0623
08:01:21,912810UC0,TSRYS5860825,D,B,C,2024-10-11,24120000.00,4.365943,98.07138
08:01:21,912810UC0,TSRYS5860825,D,B,C,2024-10-11,11880000.00,4.365943,98.07138
08:01:21,912810UC0,TSRYS5860825,D,S,D,2024-10-11,1000000.00,4.365412,98.08007812
08:01:21,912810UC0,TSRYS5860825,D,S,D,2024-10-11,1000000.00,4.365173,98.08398437
08:01:21,912810UC0,TSRYS5860825,D,S,T,2024-10-11,1000000.00,4.365544,98.077925
08:01:21,912810UC0,TSRYS5860825,D,S,T,2024-10-11,1000000.00,4.365544,98.077925
08:01:21,912810UC0,TSRYS5860825,D,S,D,2024-10-11,1000000.00,4.365531,98.078125
08:01:21,912810UC0,TSRYS5860825,D,S,T,2024-10-11,1000000.00,4.365544,98.077925
08:01:21,912810UC0,TSRYS5860825,D,S,D,2024-10-11,1000000.00,4.365531,98.078125
08:01:21,912810UC0,TSRYS5860825,D,S,D,2024-10-11,1000000.00,4.355043,98.25
08:01:21,912810UC0,TSRYS5860825,D,S,D,2024-10-11,1000000.00,4.355043,98.25
08:01:21,912810UC0,TSRYS5860825,D,S,D,2024-10-11,1000000.00,4.355043,98.25
08:01:22,912810UC0,TSRYS5860825,D,B,C,2024-10-11,1000000.00,4.357662,98.20703125
08:01:22,912810UC0,TSRYS5860825,D,S,D,2024-10-11,1000000.00,4.365531,98.078125
08:01:22,912810UC0,TSRYS5860825,D,S,T,2024-10-11,1000000.00,4.355043,98.25
08:01:22,912810UC0,TSRYS5860825,D,S,D,2024-10-11,1000000.00,4.365531,98.078125
08:01:22,912810UC0,TSRYS5860825,D,S,D,2024-10-11,1000000.00,4.356233,98.23046875
08:01:22,912810UC0,TSRYS5860825,D,S,D,2024-10-11,1000000.00,4.365531,98.078125
08:01:22,912810UC0,TSRYS5860825,D,S,D,2024-10-11,1000000.00,4.356829,98.22070312
08:01:22,912810UC0,TSRYS5860825,D,S,T,2024-10-11,1000000.00,4.355043,98.25
08:01:22,912810UC0,TSRYS5860825,D,S,D,2024-10-11,1000000.00,4.354804,98.25390625
08:01:22,912810UC0,TSRYS5860825,D,S,T,2024-10-11,1000000.00,4.355043,98.25
08:01:22,912810UC0,TSRYS5860825,D,S,T,2024-10-11,1000000.00,4.365544,98.077925
08:01:22,912810UC0,TSRYS5860825,D,S,D,2024-10-11,1000000.00,4.361595,98.14257812
08:01:22,912810UC0,TSRYS5860825,D,S,D,2024-10-11,1000000.00,4.365054,98.0859375
08:01:22,912810UC0,TSRYS5860825,D,S,T,2024-10-11,1000000.00,4.365544,98.077925
08:01:22,912810UC0,TSRYS5860825,D,S,T,2024-10-11,1000000.00,4.365544,98.077925
08:01:22,912810UC0,TSRYS5860825,D,S,T,2024-10-11,1000000.00,4.365544,98.077925
08:01:22,912810UC0,TSRYS5860825,D,S,D,2024-10-11,1000000.00,4.354804,98.25390625
08:01:22,912810UC0,TSRYS5860825,D,S,D,2024-10-11,1000000.00,4.364219,98.09960937
08:01:22,912810UC0,TSRYS5860825,D,S,D,2024-10-11,1000000.00,4.361714,98.140625
08:01:22,912810UC0,TSRYS5860825,D,S,T,2024-10-11,1000000.00,4.361726,98.140425
08:01:22,912810UC0,TSRYS5860825,D,S,T,2024-10-11,1000000.00,4.362191,98.1328125
08:01:23,912810UC0,TSRYS5860825,D,S,D,2024-10-11,1000000.00,4.355876,98.23632812
08:01:23,912810UC0,TSRYS5860825,D,S,D,2024-10-11,1000000.00,4.364577,98.09375
08:01:23,912810UC0,TSRYS5860825,D,S,D,2024-10-11,1000000.00,4.365054,98.0859375
08:01:23,912810UC0,TSRYS5860825,D,S,C,2024-10-11,1000000.00,4.35754,98.20903
08:01:23,912810UC0,TSRYS5860825,D,B,A,2024-10-11,2500000.00,4.367441,98.046875
08:01:23,912810UC0,TSRYS5860825,D,S,D,2024-10-11,1000000.00,4.366009,98.0703125
08:01:23,912810UC0,TSRYS5860825,D,S,D,2024-10-11,1000000.00,4.360164,98.166015625
08:01:23,912810UC0,TSRYS5860825,D,S,D,2024-10-11,1000000.00,4.360164,98.166015625
08:01:23,912810UC0,TSRYS5860825,D,S,D,2024-10-11,1000000.00,4.362072,98.13476562
08:01:23,912810UC0,TSRYS5860825,D,S,T,2024-10-11,1000000.00,4.365544,98.077925
08:01:23,912810UC0,TSRYS5860825,D,S,D,2024-10-11,1000000.00,4.370188,98.00195312
08:01:23,912810UC0,TSRYS5860825,D,S,D,2024-10-11,1000000.00,4.370308,98.0
08:01:23,912810UC0,TSRYS5860825,D,S,D,2024-10-11,2000000.00,4.370308,98.0
08:01:23,912810UC0,TSRYS5860825,D,S,D,2024-10-11,1000000.00,4.370308,98.0
08:01:23,912810UC0,TSRYS5860825,D,S,D,2024-10-11,1000000.00,4.370308,98.0
08:01:23,912810UC0,TSRYS5860825,D,S,T,2024-10-11,1000000.00,4.370317,97.999848
08:01:23,912810UC0,TSRYS5860825,D,S,D,2024-10-11,1000000.00,4.370308,98.0
08:01:23,912810UC0,TSRYS5860825,D,S,T,2024-10-11,1000000.00,4.370308,98.0
08:01:23,912810UC0,TSRYS5860825,D,S,T,2024-10-11,1000000.00,4.365173,98.08398437
08:01:23,912810UC0,TSRYS5860825,D,S,D,2024-10-11,1000000.00,4.370308,98.0
08:01:24,912810UC0,TSRYS5860825,D,B,C,2024-10-11,1000000.00,4.36076,98.15625
08:01:24,912810UC0,TSRYS5860825,D,S,D,2024-10-11,1000000.00,4.362191,98.1328125
08:01:24,912810UC0,TSRYS5860825,D,S,C,2024-10-11,1000000.00,4.363622,98.109375
08:01:24,912810UC0,TSRYS5860825,D,S,D,2024-10-11,1000000.00,4.365531,98.078125
08:01:24,912810UC0,TSRYS5860825,D,B,C,2024-10-11,1000000.00,4.363384,98.11328125
08:01:24,912810UC0,TSRYS5860825,D,S,T,2024-10-11,1000000.00,4.362072,98.13476562
08:01:24,912810UC0,TSRYS5860825,D,B,C,2024-10-11,1000000.00,4.361714,98.140625
08:01:24,912810UC0,TSRYS5860825,D,S,C,2024-10-11,1000000.00,4.361714,98.140625
08:01:24,912810UC0,TSRYS5860825,D,B,C,2024-10-11,6000000.00,4.354983,98.25097
08:01:24,912810UC0,TSRYS5860825,D,B,C,2024-10-11,12000000.00,4.355013,98.25048
08:01:24,912810UC0,TSRYS5860825,D,S,T,2024-10-11,1000000.00,4.399079,97.53125
08:01:24,912810UC0,TSRYS5860825,D,B,C,2024-10-11,9000000.00,4.361455,98.14487
08:01:24,912810UC0,TSRYS5860825,D,S,D,2024-10-11,5000000.00,4.363384,98.11328125
08:01:24,912810UC0,TSRYS5860825,D,S,C,2024-10-11,1000000.00,4.361049,98.15152
08:01:24,912810UC0,TSRYS5860825,D,S,C,2024-10-11,5000000.00,4.363384,98.11328125
08:01:25,912810UC0,TSRYS5860825,D,S,D,2024-10-11,1000000.00,4.365531,98.078125
08:01:25,912810UC0,TSRYS5860825,D,S,D,2024-10-11,1000000.00,4.358377,98.1953125
08:01:25,912810UC0,TSRYS5860825,D,S,T,2024-10-11,1000000.00,4.366498,98.0623
08:01:25,912810UC0,TSRYS5860825,D,S,T,2024-10-11,1000000.00,4.366498,98.0623
08:01:25,912810UC0,TSRYS5860825,D,B,A,2024-10-11,1290000.00,4.357901,98.203125
08:01:25,912810UC0,TSRYS5860825,D,S,D,2024-10-11,1000000.00,4.35933,98.1796875
08:01:25,912810UC0,TSRYS5860825,D,B,C,2024-10-11,15180000.00,4.365907,98.07197
08:01:25,912810UC0,TSRYS5860825,D,B,C,2024-10-11,30820000.00,4.365907,98.07197
08:01:25,912810UC0,TSRYS5860825,D,S,T,2024-10-11,1000000.00,4.366486,98.0625
08:01:25,912810UC0,TSRYS5860825,D,S,T,2024-10-11,1000000.00,4.366486,98.0625
08:01:25,912810UC0,TSRYS5860825,D,S,T,2024-10-11,1000000.00,4.366486,98.0625
08:01:25,912810UC0,TSRYS5860825,D,S,T,2024-10-11,1000000.00,4.366486,98.0625
08:01:25,912810UC0,TSRYS5860825,D,B,C,2024-10-11,24120000.00,4.365943,98.07138
08:01:25,912810UC0,TSRYS5860825,D,B,C,2024-10-11,1000000.00,4.366605,98.06054687
08:01:26,912810UC0,TSRYS5860825,D,S,D,2024-10-11,1000000.00,4.364457,98.09570312
08:01:26,912810UC0,TSRYS5860825,D,S,D,2024-10-11,1000000.00,4.364457,98.09570312
08:01:26,912810UC0,TSRYS5860825,D,B,C,2024-10-11,1000000.00,4.366844,98.05664062
08:01:26,912810UC0,TSRYS5860825,D,S,T,2024-10-11,1000000.00,4.388987,97.6953125
08:01:26,912810UC0,TSRYS5860825,D,S,D,2024-10-11,1000000.00,4.364577,98.09375
08:01:26,912810UC0,TSRYS5860825,D,S,D,2024-10-11,1000000.00,4.389467,97.6875
08:01:26,912810UC0,TSRYS5860825,D,S,T,2024-10-11,1000000.00,4.389467,97.6875
08:01:26,912810UC0,TSRYS5860825,D,S,T,2024-10-11,1000000.00,4.36398,98.10351562
08:01:26,912810UC0,TSRYS5860825,D,S,D,2024-10-11,1000000.00,4.36398,98.10351562
08:01:26,912810UC0,TSRYS5860825,D,S,T,2024-10-11,1000000.00,4.389476,97.687348
08:01:26,912810UC0,TSRYS5860825,D,S,T,2024-10-11,1000000.00,4.389227,97.69140625
08:01:26,912810UC0,TSRYS5860825,D,S,D,2024-10-11,1000000.00,4.364219,98.09960937
08:01:26,912810UC0,TSRYS5860825,D,S,T,2024-10-11,2000000.00,4.388987,97.6953125
08:01:26,912810UC0,TSRYS5860825,D,S,C,2024-10-11,32000000.00,4.362989,98.11975
08:01:26,912810UC0,TSRYS5860825,D,B,C,2024-10-11,1000000.00,4.366367,98.06445312
08:01:26,912810UC0,TSRYS5860825,D,S,T,2024-10-11,1000000.00,4.389476,97.687348
08:01:26,912810UC0,TSRYS5860825,D,S,T,2024-10-11,1000000.00,4.389707,97.68359375
