tradeTime,cusip,issueSymbolIdentifier,priceType,reportingSideCode,contraPartyTypeCode,tradeDate,reportedTradeVolume,lastSaleYield,lastSalePrice
08:04:52,912810UC0,TSRYS5860825,D,S,C,2024-10-24,1000000.00,4.471946,96.359475
08:04:52,912810UC0,TSRYS5860825,D,S,C,2024-10-24,1000000.00,4.471933,96.359675
08:04:52,912810UC0,TSRYS5860825,D,S,D,2024-10-24,1000000.00,4.471952,96.359375
08:04:52,912810UC0,TSRYS5860825,D,S,C,2024-10-24,1000000.00,4.471939,96.359575
08:04:52,912810UC0,TSRYS5860825,D,S,C,2024-10-24,1000000.00,4.471939,96.359575
08:04:52,912810UC0,TSRYS5860825,D,S,C,2024-10-24,1000000.00,4.471952,96.359375
08:04:52,912810UC0,TSRYS5860825,D,S,C,2024-10-24,1000000.00,4.471933,96.359675
08:04:52,912810UC0,TSRYS5860825,D,S,C,2024-10-24,1000000.00,4.471941,96.35955
08:04:52,912810UC0,TSRYS5860825,D,S,D,2024-10-24,1000000.00,4.471952,96.359375
08:04:52,912810UC0,TSRYS5860825,D,S,C,2024-10-24,1000000.00,4.471952,96.359375
08:04:52,912810UC0,TSRYS5860825,D,S,D,2024-10-24,1000000.00,4.471952,96.359375
08:04:52,912810UC0,TSRYS5860825,D,S,D,2024-10-24,1000000.00,4.471952,96.359375
08:04:52,912810UC0,TSRYS5860825,D,S,D,2024-10-24,1000000.00,4.471952,96.359375
08:04:53,912810UC0,TSRYS5860825,D,S,D,2024-10-24,1000000.00,4.471952,96.359375
08:04:53,912810UC0,TSRYS5860825,D,S,D,2024-10-24,1000000.00,4.471952,96.359375
08:04:53,912810UC0,TSRYS5860825,D,S,C,2024-10-24,1000000.00,4.47292,96.343925
08:04:53,912810UC0,TSRYS5860825,D,S,C,2024-10-24,1000000.00,4.47292,96.343925
08:04:53,912810UC0,TSRYS5860825,D,S,C,2024-10-24,1000000.00,4.472925,96.34385
08:04:53,912810UC0,TSRYS5860825,D,S,C,2024-10-24,1000000.00,4.47292,96.343925
08:04:53,912810UC0,TSRYS5860825,D,S,C,2024-10-24,1000000.00,4.472925,96.34385
08:04:53,912810UC0,TSRYS5860825,D,S,D,2024-10-24,2000000.00,4.472931,96.34375
08:04:53,912810UC0,TSRYS5860825,D,B,C,2024-10-24,1000000.00,4.472941,96.3436
08:04:53,912810UC0,TSRYS5860825,D,B,C,2024-10-24,2000000.00,4.472941,96.3436
08:04:53,912810UC0,TSRYS5860825,D,S,D,2024-10-24,1000000.00,4.472931,96.34375
08:04:53,912810UC0,TSRYS5860825,D,S,C,2024-10-24,1000000.00,4.47292,96.343925
08:04:53,912810UC0,TSRYS5860825,D,S,D,2024-10-24,1000000.00,4.472931,96.34375
08:04:54,912810UC0,TSRYS5860825,D,S,C,2024-10-24,1000000.00,4.473905,96.328225
08:04:54,912810UC0,TSRYS5860825,D,S,C,2024-10-24,2000000.00,4.474891,96.3125
08:04:54,912810UC0,TSRYS5860825,D,B,C,2024-10-24,2000000.00,4.474901,96.31235
08:04:54,912810UC0,TSRYS5860825,D,B,C,2024-10-24,1000000.00,4.474901,96.31235
08:04:54,912810UC0,TSRYS5860825,D,S,C,2024-10-24,1000000.00,4.47488,96.312675
08:04:54,912810UC0,TSRYS5860825,D,B,C,2024-10-24,1000000.00,4.474901,96.31235
08:04:54,912810UC0,TSRYS5860825,D,S,D,2024-10-24,1000000.00,4.474891,96.3125
08:04:54,912810UC0,TSRYS5860825,D,S,C,2024-10-24,1000000.00,4.474879,96.3127
08:04:54,912810UC0,TSRYS5860825,D,B,C,2024-10-24,1000000.00,4.474901,96.31235
08:04:54,912810UC0,TSRYS5860825,D,B,C,2024-10-24,1000000.00,4.474901,96.31235
08:04:54,912810UC0,TSRYS5860825,D,S,C,2024-10-24,1000000.00,4.474879,96.3127
08:04:54,912810UC0,TSRYS5860825,D,S,D,2024-10-24,1000000.00,4.474891,96.3125
08:04:54,912810UC0,TSRYS5860825,D,B,C,2024-10-24,1000000.00,4.474901,96.31235
08:04:54,912810UC0,TSRYS5860825,D,S,D,2024-10-24,1000000.00,4.474891,96.3125
08:04:54,912810UC0,TSRYS5860825,D,S,C,2024-10-24,1000000.00,4.474891,96.3125
08:04:54,912810UC0,TSRYS5860825,D,S,D,2024-10-24,1000000.00,4.474891,96.3125
08:04:54,912810UC0,TSRYS5860825,D,S,D,2024-10-24,1000000.00,4.474891,96.3125
08:04:54,912810UC0,TSRYS5860825,D,S,D,2024-10-24,1000000.00,4.474891,96.3125
08:04:54,912810UC0,TSRYS5860825,D,S,C,2024-10-24,1000000.00,4.474879,96.3127
08:04:54,912810UC0,TSRYS5860825,D,S,C,2024-10-24,3000000.00,4.47488,96.312675
08:04:54,912810UC0,TSRYS5860825,D,S,C,2024-10-24,1000000.00,4.474891,96.3125
08:04:54,912810UC0,TSRYS5860825,D,S,C,2024-10-24,1000000.00,4.47488,96.312675
08:04:54,912810UC0,TSRYS5860825,D,S,C,2024-10-24,1000000.00,4.47488,96.312675
08:04:54,912810UC0,TSRYS5860825,D,S,D,2024-10-24,1000000.00,4.474891,96.3125
08:04:54,912810UC0,TSRYS5860825,D,S,D,2024-10-24,1000000.00,4.473911,96.328125
08:04:54,912810UC0,TSRYS5860825,D,S,C,2024-10-24,1000000.00,4.472919,96.34395
08:04:55,912810UC0,TSRYS5860825,D,S,C,2024-10-24,1000000.00,4.47292,96.343925
08:04:55,912810UC0,TSRYS5860825,D,S,C,2024-10-24,1000000.00,4.47292,96.343925
08:04:55,912810UC0,TSRYS5860825,D,S,C,2024-10-24,1000000.00,4.471939,96.359575
08:04:56,912810UC0,TSRYS5860825,D,S,D,2024-10-24,1000000.00,4.471952,96.359375
08:04:56,912810UC0,TSRYS5860825,D,S,D,2024-10-24,1000000.00,4.471952,96.359375
08:04:56,912810UC0,TSRYS5860825,D,S,D,2024-10-24,1000000.00,4.471952,96.359375
08:04:56,912810UC0,TSRYS5860825,D,S,C,2024-10-24,1000000.00,4.470966,96.3751
08:04:56,912810UC0,TSRYS5860825,D,S,C,2024-10-24,1000000.00,4.471946,96.359475
08:04:56,912810UC0,TSRYS5860825,D,B,C,2024-10-24,1000000.00,4.471964,96.359175
08:04:56,912810UC0,TSRYS5860825,D,S,D,2024-10-24,1000000.00,4.472931,96.34375
08:04:56,912810UC0,TSRYS5860825,D,B,C,2024-10-24,1000000.00,4.471952,96.359375
08:04:56,912810UC0,TSRYS5860825,D,B,C,2024-10-24,1000000.00,4.471952,96.359375
08:04:56,912810UC0,TSRYS5860825,D,B,C,2024-10-24,1000000.00,4.471952,96.359375
08:04:56,912810UC0,TSRYS5860825,D,S,D,2024-10-24,1000000.00,4.471952,96.359375
08:04:56,912810UC0,TSRYS5860825,D,B,C,2024-10-24,1000000.00,4.471952,96.359375
08:04:56,912810UC0,TSRYS5860825,D,S,C,2024-10-24,1000000.00,4.471941,96.35955
08:04:56,912810UC0,TSRYS5860825,D,S,C,2024-10-24,1000000.00,4.471941,96.35955
08:04:56,912810UC0,TSRYS5860825,D,S,C,2024-10-24,1000000.00,4.471941,96.35955
08:04:56,912810UC0,TSRYS5860825,D,S,C,2024-10-24,1000000.00,4.471941,96.35955
08:04:56,912810UC0,TSRYS5860825,D,B,C,2024-10-24,1000000.00,4.471952,96.359375
08:04:56,912810UC0,TSRYS5860825,D,S,C,2024-10-24,1000000.00,4.473911,96.328125
08:04:57,912810UC0,TSRYS5860825,D,S,D,2024-10-24,1000000.00,4.473911,96.328125
08:04:57,912810UC0,TSRYS5860825,D,S,D,2024-10-24,1000000.00,4.473911,96.328125
08:04:57,912810UC0,TSRYS5860825,D,S,D,2024-10-24,1000000.00,4.472931,96.34375
08:04:57,912810UC0,TSRYS5860825,D,S,C,2024-10-24,1000000.00,4.471941,96.35955
08:04:57,912810UC0,TSRYS5860825,D,S,C,2024-10-24,1000000.00,4.471952,96.359375
08:04:57,912810UC0,TSRYS5860825,D,S,C,2024-10-24,1000000.00,4.471952,96.359375
08:04:57,912810UC0,TSRYS5860825,D,S,C,2024-10-24,1000000.00,4.471952,96.359375
08:04:57,912810UC0,TSRYS5860825,D,S,C,2024-10-24,1000000.00,4.471939,96.359575
08:04:57,912810UC0,TSRYS5860825,D,S,C,2024-10-24,1000000.00,4.471939,96.359575
08:04:57,912810UC0,TSRYS5860825,D,S,C,2024-10-24,1000000.00,4.471941,96.35955
08:04:57,912810UC0,TSRYS5860825,D,S,C,2024-10-24,1000000.00,4.471952,96.359375
08:04:57,912810UC0,TSRYS5860825,D,S,D,2024-10-24,1000000.00,4.471952,96.359375
08:04:57,912810UC0,TSRYS5860825,D,S,C,2024-10-24,1000000.00,4.471941,96.35955
08:04:57,912810UC0,TSRYS5860825,D,S,C,2024-10-24,1000000.00,4.471941,96.35955
08:04:58,912810UC0,TSRYS5860825,D,S,D,2024-10-24,1000000.00,4.472931,96.34375
08:04:58,912810UC0,TSRYS5860825,D,S,C,2024-10-24,1000000.00,4.472931,96.34375
08:04:58,912810UC0,TSRYS5860825,D,S,C,2024-10-24,1000000.00,4.471941,96.35955
08:04:58,912810UC0,TSRYS5860825,D,S,D,2024-10-24,1000000.00,4.471939,96.359575
08:04:58,912810UC0,TSRYS5860825,D,S,C,2024-10-24,1000000.00,4.471941,96.35955
08:04:58,912810UC0,TSRYS5860825,D,S,C,2024-10-24,1000000.00,4.471941,96.35955
08:04:58,912810UC0,TSRYS5860825,D,S,D,2024-10-24,1000000.00,4.470973,96.375
08:04:58,912810UC0,TSRYS5860825,D,S,C,2024-10-24,1000000.00,4.470973,96.375
08:04:58,912810UC0,TSRYS5860825,D,S,C,2024-10-24,3000000.00,4.470973,96.375
08:04:58,912810UC0,TSRYS5860825,D,B,C,2024-10-24,1000000.00,4.470985,96.3748
08:04:58,912810UC0,TSRYS5860825,D,S,C,2024-10-24,1000000.00,4.470973,96.375
08:04:58,912810UC0,TSRYS5860825,D,S,C,2024-10-24,1000000.00,4.470973,96.375
08:04:58,912810UC0,TSRYS5860825,D,S,D,2024-10-24,1000000.00,4.470973,96.375
08:04:58,912810UC0,TSRYS5860825,D,S,D,2024-10-24,1000000.00,4.470973,96.375
08:04:58,912810UC0,TSRYS5860825,D,S,D,2024-10-24,1000000.00,4.469993,96.390625
08:04:58,912810UC0,TSRYS5860825,D,S,D,2024-10-24,1000000.00,4.469993,96.390625
08:04:58,912810UC0,TSRYS5860825,D,B,C,2024-10-24,1000000.00,4.470025,96.390125
08:04:58,912810UC0,TSRYS5860825,D,S,C,2024-10-24,1000000.00,4.469978,96.390875
08:04:58,912810UC0,TSRYS5860825,D,S,D,2024-10-24,1000000.00,4.469993,96.390625
08:04:58,912810UC0,TSRYS5860825,D,S,D,2024-10-24,1000000.00,4.469993,96.390625
08:04:58,912810UC0,TSRYS5860825,D,S,C,2024-10-24,1000000.00,4.469978,96.390875
08:04:58,912810UC0,TSRYS5860825,D,B,C,2024-10-24,1000000.00,4.470973,96.375
08:04:58,912810UC0,TSRYS5860825,D,S,D,2024-10-24,1000000.00,4.470973,96.375
08:04:59,912810UC0,TSRYS5860825,D,B,C,2024-10-24,1000000.00,4.470985,96.3748
08:04:59,912810UC0,TSRYS5860825,D,S,D,2024-10-24,1000000.00,4.470973,96.375
08:04:59,912810UC0,TSRYS5860825,D,S,D,2024-10-24,1000000.00,4.470973,96.375
08:04:59,912810UC0,TSRYS5860825,D,B,C,2024-10-24,1000000.00,4.470985,96.3748
08:04:59,912810UC0,TSRYS5860825,D,S,D,2024-10-24,1000000.00,4.470973,96.375
08:04:59,912810UC0,TSRYS5860825,D,S,D,2024-10-24,1000000.00,4.469993,96.390625
08:04:59,912810UC0,TSRYS5860825,D,B,C,2024-10-24,1000000.00,4.47,96.390525
08:04:59,912810UC0,TSRYS5860825,D,S,D,2024-10-24,1000000.00,4.52021,95.59385
08:04:59,912810UC0,TSRYS5860825,D,S,D,2024-10-24,1000000.00,4.469015,96.40625
08:04:59,912810UC0,TSRYS5860825,D,S,D,2024-10-24,1000000.00,4.469015,96.40625
08:04:59,912810UC0,TSRYS5860825,D,B,C,2024-10-24,1000000.00,4.469021,96.40615
08:04:59,912810UC0,TSRYS5860825,D,B,C,2024-10-24,1000000.00,4.469021,96.40615
08:04:59,912810UC0,TSRYS5860825,D,S,D,2024-10-24,1000000.00,4.469015,96.40625
08:04:59,912810UC0,TSRYS5860825,D,S,D,2024-10-24,1000000.00,4.469015,96.40625
08:04:59,912810UC0,TSRYS5860825,D,S,D,2024-10-24,1000000.00,4.469015,96.40625
08:04:59,912810UC0,TSRYS5860825,D,S,D,2024-10-24,1000000.00,4.469015,96.40625
08:04:59,912810UC0,TSRYS5860825,D,S,D,2024-10-24,1000000.00,4.469015,96.40625
08:04:59,912810UC0,TSRYS5860825,D,S,D,2024-10-24,1000000.00,4.521208,95.578125
08:04:59,912810UC0,TSRYS5860825,D,S,D,2024-10-24,1000000.00,4.521208,95.578125
08:04:59,912810UC0,TSRYS5860825,D,S,D,2024-10-24,1000000.00,4.468026,96.422027
08:04:59,912810UC0,TSRYS5860825,D,S,C,2024-10-24,1000000.00,4.468017,96.422175
08:04:59,912810UC0,TSRYS5860825,D,S,C,2024-10-24,3000000.00,4.468017,96.422175
08:04:59,912810UC0,TSRYS5860825,D,S,C,2024-10-24,1000000.00,4.468017,96.422175
08:04:59,912810UC0,TSRYS5860825,D,B,C,2024-10-24,1000000.00,4.468042,96.421775
08:04:59,912810UC0,TSRYS5860825,D,S,D,2024-10-24,1000000.00,4.516256,95.65625
08:05:00,912810UC0,TSRYS5860825,D,S,D,2024-10-24,1000000.00,4.468036,96.421875
08:05:00,912810UC0,TSRYS5860825,D,B,C,2024-10-24,1000000.00,4.468048,96.421675
08:05:00,912810UC0,TSRYS5860825,D,S,C,2024-10-24,1000000.00,4.469993,96.390625
08:05:00,912810UC0,TSRYS5860825,D,S,D,2024-10-24,1000000.00,4.469993,96.390625
08:05:00,912810UC0,TSRYS5860825,D,S,C,2024-10-24,1000000.00,4.469979,96.39085
08:05:01,912810UC0,TSRYS5860825,D,B,C,2024-10-24,1000000.00,4.469015,96.40625
08:05:01,912810UC0,TSRYS5860825,D,S,D,2024-10-24,1000000.00,4.468983,96.40675
08:05:01,912810UC0,TSRYS5860825,D,S,D,2024-10-24,1000000.00,4.469015,96.40625
08:05:01,912810UC0,TSRYS5860825,D,S,D,2024-10-24,1000000.00,4.469993,96.390625
08:05:01,912810UC0,TSRYS5860825,D,B,C,2024-10-24,1000000.00,4.510205,95.751853125
08:05:01,912810UC0,TSRYS5860825,D,S,D,2024-10-24,1000000.00,4.469993,96.390625
08:05:01,912810UC0,TSRYS5860825,D,S,C,2024-10-24,1000000.00,4.510192,95.752053125
08:05:01,912810UC0,TSRYS5860825,D,S,C,2024-10-24,1000000.00,4.469993,96.390625
08:05:01,912810UC0,TSRYS5860825,D,S,D,2024-10-24,1000000.00,4.509334,95.765625
08:05:01,912810UC0,TSRYS5860825,D,B,C,2024-10-24,1000000.00,4.509347,95.765425
08:05:02,912810UC0,TSRYS5860825,D,B,C,2024-10-24,1000000.00,4.470985,96.3748
08:05:02,912810UC0,TSRYS5860825,D,S,D,2024-10-24,1000000.00,4.470973,96.375
08:05:02,912810UC0,TSRYS5860825,D,S,D,2024-10-24,1000000.00,4.469993,96.390625
08:05:02,912810UC0,TSRYS5860825,D,S,D,2024-10-24,1000000.00,4.469993,96.390625
08:05:02,912810UC0,TSRYS5860825,D,S,T,2024-10-24,1000000.00,4.468036,96.421875
08:05:02,912810UC0,TSRYS5860825,D,S,D,2024-10-24,1000000.00,4.469015,96.40625
08:05:03,912810UC0,TSRYS5860825,D,S,D,2024-10-24,2000000.00,4.506864,95.8046875
08:05:03,912810UC0,TSRYS5860825,D,S,D,2024-10-24,1000000.00,4.505754,95.822265625
08:05:04,912810UC0,TSRYS5860825,D,B,C,2024-10-24,1000000.00,4.504273,95.845703125
08:05:04,912810UC0,TSRYS5860825,D,B,C,2024-10-24,1000000.00,4.504273,95.845703125
08:05:04,912810UC0,TSRYS5860825,D,S,D,2024-10-24,2000000.00,4.504273,95.845703125
08:05:04,912810UC0,TSRYS5860825,D,S,D,2024-10-24,1000000.00,4.504396,95.84375
08:05:04,912810UC0,TSRYS5860825,D,B,C,2024-10-24,1000000.00,4.504396,95.84375
08:05:04,912810UC0,TSRYS5860825,D,S,D,2024-10-24,1000000.00,4.503533,95.857421875
08:05:05,912810UC0,TSRYS5860825,D,S,D,2024-10-24,1000000.00,4.503533,95.857421875
08:05:05,912810UC0,TSRYS5860825,D,B,C,2024-10-24,1000000.00,4.502923,95.8670875
08:05:05,912810UC0,TSRYS5860825,D,S,C,2024-10-24,1000000.00,4.502916,95.8671875
08:05:05,912810UC0,TSRYS5860825,D,S,C,2024-10-24,1000000.00,4.504631,95.84004375
08:05:05,912810UC0,TSRYS5860825,D,B,C,2024-10-24,1000000.00,4.504403,95.84365
08:05:05,912810UC0,TSRYS5860825,D,S,D,2024-10-24,1000000.00,4.504396,95.84375
08:05:06,912810UC0,TSRYS5860825,D,B,C,2024-10-24,1000000.00,4.504279,95.845603125
08:05:06,912810UC0,TSRYS5860825,D,S,C,2024-10-24,1000000.00,4.504273,95.845703125
08:05:06,912810UC0,TSRYS5860825,D,S,C,2024-10-24,1000000.00,4.503533,95.857421875
08:05:06,912810UC0,TSRYS5860825,D,S,D,2024-10-24,1000000.00,4.50341,95.859375
08:05:06,912810UC0,TSRYS5860825,D,S,D,2024-10-24,1000000.00,4.50341,95.859375
08:05:06,912810UC0,TSRYS5860825,D,S,D,2024-10-24,1000000.00,4.50341,95.859375
08:05:07,912810UC0,TSRYS5860825,D,S,D,2024-10-24,1000000.00,4.503163,95.86328125
08:05:07,912810UC0,TSRYS5860825,D,S,D,2024-10-24,1000000.00,4.503163,95.86328125
08:05:07,912810UC0,TSRYS5860825,D,S,C,2024-10-24,1000000.00,4.50267,95.87109375
08:05:07,912810UC0,TSRYS5860825,D,B,C,2024-10-24,1000000.00,4.502676,95.87099375
08:05:07,912810UC0,TSRYS5860825,D,S,C,2024-10-24,1000000.00,4.50267,95.87109375
08:05:07,912810UC0,TSRYS5860825,D,B,C,2024-10-24,1000000.00,4.501449,95.890425
08:05:07,912810UC0,TSRYS5860825,D,S,C,2024-10-24,1000000.00,4.501427,95.890775
08:05:07,912810UC0,TSRYS5860825,D,S,C,2024-10-24,1000000.00,4.501313,95.892578125
08:05:07,912810UC0,TSRYS5860825,D,S,C,2024-10-24,1000000.00,4.501313,95.892578125
08:05:07,912810UC0,TSRYS5860825,D,B,C,2024-10-24,1000000.00,4.50095,95.8983375
08:05:07,912810UC0,TSRYS5860825,D,S,C,2024-10-24,1000000.00,4.500944,95.8984375
08:05:07,912810UC0,TSRYS5860825,D,B,C,2024-10-24,1000000.00,4.50095,95.8983375
08:05:07,912810UC0,TSRYS5860825,D,S,D,2024-10-24,1000000.00,4.500944,95.8984375
08:05:07,912810UC0,TSRYS5860825,D,S,D,2024-10-24,1000000.00,4.50119,95.89453125
08:05:08,912810UC0,TSRYS5860825,D,S,D,2024-10-24,1000000.00,4.502414,95.87515
08:05:08,912810UC0,TSRYS5860825,D,S,D,2024-10-24,1000000.00,4.502414,95.87515
08:05:08,912810UC0,TSRYS5860825,D,S,D,2024-10-24,1000000.00,4.502414,95.87515
08:05:08,912810UC0,TSRYS5860825,D,S,D,2024-10-24,1000000.00,4.502414,95.87515
08:05:08,912810UC0,TSRYS5860825,D,S,D,2024-10-24,2000000.00,4.468525,96.4140625
08:05:08,912810UC0,TSRYS5860825,D,S,D,2024-10-24,1000000.00,4.468525,96.4140625
08:05:08,912810UC0,TSRYS5860825,D,S,D,2024-10-24,1000000.00,4.468525,96.4140625
08:05:08,912810UC0,TSRYS5860825,D,S,D,2024-10-24,2000000.00,4.468525,96.4140625
08:05:09,912810UC0,TSRYS5860825,D,S,D,2024-10-24,1000000.00,4.468525,96.4140625
08:05:09,912810UC0,TSRYS5860825,D,S,D,2024-10-24,1000000.00,4.468525,96.4140625
08:05:09,912810UC0,TSRYS5860825,D,S,D,2024-10-24,1000000.00,4.50415,95.84765625
08:05:09,912810UC0,TSRYS5860825,D,S,C,2024-10-24,3000000.00,4.503533,95.857421875
08:05:09,912810UC0,TSRYS5860825,D,S,D,2024-10-24,1000000.00,4.468648,96.412109375
08:05:10,912810UC0,TSRYS5860825,D,S,D,2024-10-24,1000000.00,4.501437,95.890625
08:05:10,912810UC0,TSRYS5860825,D,S,D,2024-10-24,1000000.00,4.501437,95.890625
08:05:10,912810UC0,TSRYS5860825,D,B,C,2024-10-24,1000000.00,4.501437,95.890625
08:05:11,912810UC0,TSRYS5860825,D,S,D,2024-10-24,1000000.00,4.501437,95.890625
08:05:11,912810UC0,TSRYS5860825,D,B,C,2024-10-24,1000000.00,4.501437,95.890625
08:05:11,912810UC0,TSRYS5860825,D,S,C,2024-10-24,28000000.00,4.468525,96.4140625
08:05:12,912810UC0,TSRYS5860825,D,S,D,2024-10-24,1000000.00,4.468036,96.421875
08:05:14,912810UC0,TSRYS5860825,D,S,D,2024-10-24,1000000.00,4.500081,95.912109375
08:05:14,912810UC0,TSRYS5860825,D,S,D,2024-10-24,1000000.00,4.499218,95.92578125
08:05:14,912810UC0,TSRYS5860825,D,B,C,2024-10-24,1000000.00,4.499224,95.92568125
08:05:14,912810UC0,TSRYS5860825,D,S,D,2024-10-24,1000000.00,4.499465,95.921875
08:05:14,912810UC0,TSRYS5860825,D,S,D,2024-10-24,1000000.00,4.499465,95.921875
08:05:15,912810UC0,TSRYS5860825,D,S,D,2024-10-24,1000000.00,4.499711,95.91796875
08:05:16,912810UC0,TSRYS5860825,D,S,D,2024-10-24,1000000.00,4.469015,96.40625
08:05:16,912810UC0,TSRYS5860825,D,S,T,2024-10-24,1000000.00,4.469015,96.40625
08:05:16,912810UC0,TSRYS5860825,D,S,D,2024-10-24,1000000.00,4.469015,96.40625
08:05:16,912810UC0,TSRYS5860825,D,S,T,2024-10-24,1000000.00,4.469015,96.40625
08:05:16,912810UC0,TSRYS5860825,D,S,T,2024-10-24,1000000.00,4.469015,96.40625
08:05:16,912810UC0,TSRYS5860825,D,S,T,2024-10-24,1000000.00,4.469015,96.40625
08:05:16,912810UC0,TSRYS5860825,D,S,D,2024-10-24,1000000.00,4.469015,96.40625
08:05:16,912810UC0,TSRYS5860825,D,S,D,2024-10-24,1000000.00,4.469015,96.40625
08:05:16,912810UC0,TSRYS5860825,D,S,D,2024-10-24,1000000.00,4.469015,96.40625
08:05:16,912810UC0,TSRYS5860825,D,S,D,2024-10-24,1000000.00,4.469015,96.40625
08:05:16,912810UC0,TSRYS5860825,D,S,D,2024-10-24,1000000.00,4.501437,95.890625
08:05:16,912810UC0,TSRYS5860825,D,S,D,2024-10-24,1000000.00,4.469015,96.40625
08:05:16,912810UC0,TSRYS5860825,D,B,C,2024-10-24,1000000.00,4.502306,95.876853125
08:05:16,912810UC0,TSRYS5860825,D,S,C,2024-10-24,1000000.00,4.5023,95.876953125
08:05:17,912810UC0,TSRYS5860825,D,S,D,2024-10-24,1000000.00,4.469259,96.40234375
08:05:17,912810UC0,TSRYS5860825,D,S,D,2024-10-24,1000000.00,4.469259,96.40234375
08:05:17,912810UC0,TSRYS5860825,D,S,D,2024-10-24,1000000.00,4.5023,95.876953125
08:05:17,912810UC0,TSRYS5860825,D,S,D,2024-10-24,1000000.00,4.469259,96.40234375
08:05:17,912810UC0,TSRYS5860825,D,S,D,2024-10-24,1000000.00,4.469259,96.40234375
08:05:17,912810UC0,TSRYS5860825,D,S,D,2024-10-24,1000000.00,4.469259,96.40234375
08:05:17,912810UC0,TSRYS5860825,D,S,D,2024-10-24,1000000.00,4.469553,96.39765625
08:05:17,912810UC0,TSRYS5860825,D,S,D,2024-10-24,1000000.00,4.469259,96.40234375
08:05:17,912810UC0,TSRYS5860825,D,S,D,2024-10-24,1000000.00,4.469259,96.40234375
08:05:17,912810UC0,TSRYS5860825,D,S,D,2024-10-24,1000000.00,4.469259,96.40234375
08:05:17,912810UC0,TSRYS5860825,D,S,D,2024-10-24,1000000.00,4.469259,96.40234375
08:05:17,912810UC0,TSRYS5860825,D,S,D,2024-10-24,1000000.00,4.469259,96.40234375
08:05:17,912810UC0,TSRYS5860825,D,S,D,2024-10-24,1000000.00,4.469259,96.40234375
08:05:17,912810UC0,TSRYS5860825,D,S,D,2024-10-24,1000000.00,4.469259,96.40234375
08:05:17,912810UC0,TSRYS5860825,D,S,D,2024-10-24,1000000.00,4.502916,95.8671875
08:05:17,912810UC0,TSRYS5860825,D,S,D,2024-10-24,1000000.00,4.502916,95.8671875
08:05:17,912810UC0,TSRYS5860825,D,S,D,2024-10-24,1000000.00,4.502916,95.8671875
08:05:17,912810UC0,TSRYS5860825,D,S,D,2024-10-24,1000000.00,4.50229,95.877103125
08:05:17,912810UC0,TSRYS5860825,D,B,C,2024-10-24,1000000.00,4.5023,95.876953125
08:05:18,912810UC0,TSRYS5860825,D,B,C,2024-10-24,1000000.00,4.50058,95.904196875
08:05:18,912810UC0,TSRYS5860825,D,S,D,2024-10-24,1000000.00,4.500574,95.904296875
08:05:18,912810UC0,TSRYS5860825,D,S,D,2024-10-24,1000000.00,4.500574,95.904296875
08:05:18,912810UC0,TSRYS5860825,D,B,C,2024-10-24,1000000.00,4.50058,95.904196875
08:05:19,912810UC0,TSRYS5860825,D,S,D,2024-10-24,1000000.00,4.499335,95.923928125
08:05:20,912810UC0,TSRYS5860825,D,S,D,2024-10-24,1000000.00,4.50156,95.888671875
08:05:20,912810UC0,TSRYS5860825,D,S,D,2024-10-24,1000000.00,4.501437,95.890625
08:05:21,912810UC0,TSRYS5860825,D,S,D,2024-10-24,1000000.00,4.502423,95.875
08:05:21,912810UC0,TSRYS5860825,D,B,C,2024-10-24,1000000.00,4.502432,95.87485
08:05:21,912810UC0,TSRYS5860825,D,S,D,2024-10-24,1000000.00,4.503163,95.86328125
08:05:21,912810UC0,TSRYS5860825,D,S,D,2024-10-24,1000000.00,4.50341,95.859375
08:05:21,912810UC0,TSRYS5860825,D,B,C,2024-10-24,1000000.00,4.502306,95.876853125
08:05:21,912810UC0,TSRYS5860825,D,S,D,2024-10-24,1000000.00,4.5023,95.876953125
08:05:22,912810UC0,TSRYS5860825,D,B,C,2024-10-24,1000000.00,4.502183,95.87880625
08:05:22,912810UC0,TSRYS5860825,D,S,C,2024-10-24,1000000.00,4.502176,95.87890625
08:05:22,912810UC0,TSRYS5860825,D,B,C,2024-10-24,1000000.00,4.50058,95.904196875
08:05:22,912810UC0,TSRYS5860825,D,S,C,2024-10-24,1000000.00,4.500574,95.904296875
08:05:22,912810UC0,TSRYS5860825,D,B,C,2024-10-24,1000000.00,4.500093,95.911909375
08:05:22,912810UC0,TSRYS5860825,D,S,D,2024-10-24,1000000.00,4.500081,95.912109375
08:05:23,912810UC0,TSRYS5860825,D,S,D,2024-10-24,1000000.00,4.499465,95.921875
08:05:23,912810UC0,TSRYS5860825,D,S,D,2024-10-24,1000000.00,4.496755,95.96484375
08:05:23,912810UC0,TSRYS5860825,D,S,D,2024-10-24,1000000.00,4.496631,95.966796875
08:05:23,912810UC0,TSRYS5860825,D,S,D,2024-10-24,1000000.00,4.496508,95.96875
08:05:24,912810UC0,TSRYS5860825,D,B,C,2024-10-24,1000000.00,4.492951,96.025190625
08:05:25,912810UC0,TSRYS5860825,D,S,D,2024-10-24,1000000.00,4.492939,96.025390625
08:05:25,912810UC0,TSRYS5860825,D,S,T,2024-10-24,2000000.00,4.474891,96.3125
08:05:25,912810UC0,TSRYS5860825,D,S,D,2024-10-24,1000000.00,4.468036,96.421875
08:05:26,912810UC0,TSRYS5860825,D,S,T,2024-10-24,1000000.00,4.474891,96.3125
08:05:28,912810UC0,TSRYS5860825,D,S,D,2024-10-24,1000000.00,4.491702,96.045021875
08:05:28,912810UC0,TSRYS5860825,D,S,D,2024-10-24,1000000.00,4.491702,96.045021875
08:05:28,912810UC0,TSRYS5860825,D,S,D,2024-10-24,1000000.00,4.491579,96.046975
08:05:28,912810UC0,TSRYS5860825,D,S,D,2024-10-24,1000000.00,4.491579,96.046975
08:05:28,912810UC0,TSRYS5860825,D,S,D,2024-10-24,1000000.00,4.490602,96.0625
08:05:28,912810UC0,TSRYS5860825,D,S,T,2024-10-24,1000000.00,4.474524,96.318359375
08:05:28,912810UC0,TSRYS5860825,D,S,D,2024-10-24,1000000.00,4.490602,96.0625
08:05:28,912810UC0,TSRYS5860825,D,B,C,2024-10-24,1000000.00,4.490854,96.05849375
08:05:28,912810UC0,TSRYS5860825,D,S,D,2024-10-24,1000000.00,4.490848,96.05859375
08:05:28,912810UC0,TSRYS5860825,D,B,C,2024-10-24,1000000.00,4.489747,96.076071875
08:05:28,912810UC0,TSRYS5860825,D,S,C,2024-10-24,1000000.00,4.489741,96.076171875
08:05:28,912810UC0,TSRYS5860825,D,S,D,2024-10-24,1000000.00,4.490841,96.05869375
08:05:29,912810UC0,TSRYS5860825,D,S,T,2024-10-24,1000000.00,4.474891,96.3125
08:05:30,912810UC0,TSRYS5860825,D,B,C,2024-10-24,1000000.00,4.491223,96.052634375
08:05:30,912810UC0,TSRYS5860825,D,S,C,2024-10-24,1000000.00,4.49121,96.052834375
08:05:30,912810UC0,TSRYS5860825,D,B,C,2024-10-24,1000000.00,4.4911,96.0545875
08:05:30,912810UC0,TSRYS5860825,D,S,C,2024-10-24,1000000.00,4.491087,96.0547875
08:05:30,912810UC0,TSRYS5860825,D,B,C,2024-10-24,1000000.00,4.489501,96.079978125
08:05:30,912810UC0,TSRYS5860825,D,S,C,2024-10-24,1000000.00,4.489495,96.080078125
08:05:30,912810UC0,TSRYS5860825,D,S,D,2024-10-24,1000000.00,4.468036,96.421875
08:05:30,912810UC0,TSRYS5860825,D,S,D,2024-10-24,1000000.00,4.469993,96.390625
08:05:30,912810UC0,TSRYS5860825,D,S,D,2024-10-24,1000000.00,4.469993,96.390625
08:05:30,912810UC0,TSRYS5860825,D,S,D,2024-10-24,1000000.00,4.469993,96.390625
08:05:30,912810UC0,TSRYS5860825,D,S,D,2024-10-24,1000000.00,4.469993,96.390625
08:05:32,912810UC0,TSRYS5860825,D,S,D,2024-10-24,1000000.00,4.489126,96.0859375
08:05:32,912810UC0,TSRYS5860825,D,S,D,2024-10-24,1000000.00,4.489126,96.0859375
08:05:32,912810UC0,TSRYS5860825,D,S,D,2024-10-24,1000000.00,4.489126,96.0859375
08:05:32,912810UC0,TSRYS5860825,D,S,D,2024-10-24,1000000.00,4.489126,96.0859375
08:05:32,912810UC0,TSRYS5860825,D,S,D,2024-10-24,1000000.00,4.489372,96.08203125
08:05:32,912810UC0,TSRYS5860825,D,S,D,2024-10-24,1000000.00,4.489249,96.083984375
08:05:32,912810UC0,TSRYS5860825,D,S,D,2024-10-24,1000000.00,4.488628,96.09385
08:05:32,912810UC0,TSRYS5860825,D,S,D,2024-10-24,1000000.00,4.488628,96.09385
08:05:32,912810UC0,TSRYS5860825,D,B,C,2024-10-24,1000000.00,4.489133,96.0858375
08:05:32,912810UC0,TSRYS5860825,D,S,D,2024-10-24,1000000.00,4.489126,96.0859375
08:05:32,912810UC0,TSRYS5860825,D,S,D,2024-10-24,1000000.00,4.489126,96.0859375
08:05:32,912810UC0,TSRYS5860825,D,S,D,2024-10-24,1000000.00,4.489618,96.078125
08:05:32,912810UC0,TSRYS5860825,D,S,D,2024-10-24,1000000.00,4.49011,96.0703125
08:05:32,912810UC0,TSRYS5860825,D,S,D,2024-10-24,1000000.00,4.49011,96.0703125
08:05:32,912810UC0,TSRYS5860825,D,S,D,2024-10-24,1000000.00,4.49011,96.0703125
08:05:32,912810UC0,TSRYS5860825,D,S,D,2024-10-24,1000000.00,4.489735,96.076271875
08:05:32,912810UC0,TSRYS5860825,D,S,D,2024-10-24,1000000.00,4.489612,96.078225
08:05:32,912810UC0,TSRYS5860825,D,S,D,2024-10-24,1000000.00,4.489618,96.078125
08:05:32,912810UC0,TSRYS5860825,D,S,D,2024-10-24,1000000.00,4.489495,96.080078125
08:05:32,912810UC0,TSRYS5860825,D,B,C,2024-10-24,1000000.00,4.489495,96.080078125
08:05:34,912810UC0,TSRYS5860825,D,S,D,2024-10-24,1000000.00,4.486054,96.134765625
08:05:35,912810UC0,TSRYS5860825,D,S,D,2024-10-24,1000000.00,4.492078,96.0390625
08:05:35,912810UC0,TSRYS5860825,D,B,C,2024-10-24,1000000.00,4.492078,96.0390625
08:05:36,912810UC0,TSRYS5860825,D,S,D,2024-10-24,5000000.00,4.469871,96.39258
08:05:36,912810UC0,TSRYS5860825,D,S,D,2024-10-24,1000000.00,4.492693,96.029296875
08:05:36,912810UC0,TSRYS5860825,D,S,D,2024-10-24,1000000.00,4.49257,96.03125
08:05:36,912810UC0,TSRYS5860825,D,S,C,2024-10-24,2000000.00,4.49257,96.03125
08:05:38,912810UC0,TSRYS5860825,D,S,D,2024-10-24,1000000.00,4.488625,96.0939
08:05:38,912810UC0,TSRYS5860825,D,S,D,2024-10-24,1000000.00,4.488625,96.0939
08:05:38,912810UC0,TSRYS5860825,D,B,C,2024-10-24,2000000.00,4.487658,96.109275
08:05:38,912810UC0,TSRYS5860825,D,S,D,2024-10-24,2000000.00,4.487652,96.109375
08:05:38,912810UC0,TSRYS5860825,D,B,C,2024-10-24,1000000.00,4.487289,96.115134375
08:05:38,912810UC0,TSRYS5860825,D,S,D,2024-10-24,1000000.00,4.487283,96.115234375
08:05:39,912810UC0,TSRYS5860825,D,S,D,2024-10-24,1000000.00,4.486669,96.125
08:05:39,912810UC0,TSRYS5860825,D,S,D,2024-10-24,1000000.00,4.486662,96.1251
08:05:39,912810UC0,TSRYS5860825,D,S,D,2024-10-24,1000000.00,4.486662,96.1251
08:05:39,912810UC0,TSRYS5860825,D,B,C,2024-10-24,1000000.00,4.486061,96.134665625
08:05:39,912810UC0,TSRYS5860825,D,S,D,2024-10-24,1000000.00,4.486054,96.134765625
08:05:40,912810UC0,TSRYS5860825,D,S,D,2024-10-24,1000000.00,4.468036,96.421875
08:05:40,912810UC0,TSRYS5860825,D,S,D,2024-10-24,1000000.00,4.484697,96.15635
08:05:40,912810UC0,TSRYS5860825,D,B,C,2024-10-24,1000000.00,4.468042,96.421775
08:05:40,912810UC0,TSRYS5860825,D,S,D,2024-10-24,1000000.00,4.481021,96.21484375
08:05:41,912810UC0,TSRYS5860825,D,S,D,2024-10-24,1000000.00,4.481757,96.203125
08:05:43,912810UC0,TSRYS5860825,D,S,D,2024-10-24,1000000.00,4.482739,96.1875
08:05:43,912810UC0,TSRYS5860825,D,B,C,2024-10-24,1000000.00,4.482745,96.1874
08:05:43,912810UC0,TSRYS5860825,D,S,D,2024-10-24,1000000.00,4.482371,96.193359375
08:05:43,912810UC0,TSRYS5860825,D,S,D,2024-10-24,1000000.00,4.482248,96.1953125
08:05:43,912810UC0,TSRYS5860825,D,S,D,2024-10-24,1000000.00,4.469993,96.390625
08:05:44,912810UC0,TSRYS5860825,D,S,D,2024-10-24,1000000.00,4.484212,96.1640625
08:05:44,912810UC0,TSRYS5860825,D,B,C,2024-10-24,1000000.00,4.484219,96.1639625
08:05:44,912810UC0,TSRYS5860825,D,S,D,2024-10-24,1000000.00,4.482739,96.1875
08:05:44,912810UC0,TSRYS5860825,D,B,C,2024-10-24,1000000.00,4.482752,96.1873
08:05:44,912810UC0,TSRYS5860825,D,B,C,2024-10-24,1000000.00,4.482255,96.1952125
08:05:44,912810UC0,TSRYS5860825,D,S,D,2024-10-24,1000000.00,4.482248,96.1953125
08:05:44,912810UC0,TSRYS5860825,D,S,D,2024-10-24,1000000.00,4.481267,96.2109375
08:05:44,912810UC0,TSRYS5860825,D,B,C,2024-10-24,1000000.00,4.481279,96.2107375
08:05:44,912810UC0,TSRYS5860825,D,S,C,2024-10-24,1000000.00,4.480408,96.224609375
08:05:44,912810UC0,TSRYS5860825,D,B,C,2024-10-24,1000000.00,4.479917,96.232421875
08:05:44,912810UC0,TSRYS5860825,D,S,D,2024-10-24,1000000.00,4.479917,96.232421875
08:05:45,912810UC0,TSRYS5860825,D,S,C,2024-10-24,1000000.00,4.481997,96.19931875
08:05:46,912810UC0,TSRYS5860825,D,B,C,2024-10-24,1000000.00,4.480788,96.21855
08:05:46,912810UC0,TSRYS5860825,D,S,D,2024-10-24,1000000.00,4.480776,96.21875
08:05:46,912810UC0,TSRYS5860825,D,S,T,2024-10-24,1000000.00,4.470002,96.390495
08:05:46,912810UC0,TSRYS5860825,D,S,T,2024-10-24,1000000.00,4.470002,96.390495
08:05:47,912810UC0,TSRYS5860825,D,S,D,2024-10-24,1000000.00,4.481267,96.2109375
08:05:47,912810UC0,TSRYS5860825,D,B,C,2024-10-24,1000000.00,4.481267,96.2109375
08:05:47,912810UC0,TSRYS5860825,D,S,D,2024-10-24,1000000.00,4.469504,96.3984375
08:05:47,912810UC0,TSRYS5860825,D,S,D,2024-10-24,2000000.00,4.480285,96.2265625
08:05:47,912810UC0,TSRYS5860825,D,S,D,2024-10-24,1000000.00,4.480285,96.2265625
08:05:47,912810UC0,TSRYS5860825,D,S,D,2024-10-24,1000000.00,4.480285,96.2265625
08:05:47,912810UC0,TSRYS5860825,D,S,D,2024-10-24,1000000.00,4.480285,96.2265625
08:05:48,912810UC0,TSRYS5860825,D,S,C,2024-10-24,1000000.00,4.48396,96.16806875
08:05:48,912810UC0,TSRYS5860825,D,S,C,2024-10-24,1000000.00,4.484574,96.158303125
08:05:49,912810UC0,TSRYS5860825,D,S,D,2024-10-24,1000000.00,4.485686,96.140625
08:05:49,912810UC0,TSRYS5860825,D,B,C,2024-10-24,1000000.00,4.485698,96.140425
08:05:49,912810UC0,TSRYS5860825,D,B,C,2024-10-24,1000000.00,4.484826,96.154296875
08:05:49,912810UC0,TSRYS5860825,D,S,D,2024-10-24,1000000.00,4.484826,96.154296875
08:05:50,912810UC0,TSRYS5860825,D,S,D,2024-10-24,1000000.00,4.484703,96.15625
08:05:51,912810UC0,TSRYS5860825,D,S,D,2024-10-24,1000000.00,4.48323,96.1796875
08:05:52,912810UC0,TSRYS5860825,D,S,D,2024-10-24,1000000.00,4.480285,96.2265625
08:05:52,912810UC0,TSRYS5860825,D,S,D,2024-10-24,3000000.00,4.480285,96.2265625
08:05:52,912810UC0,TSRYS5860825,D,S,D,2024-10-24,1000000.00,4.479794,96.234375
08:05:52,912810UC0,TSRYS5860825,D,S,D,2024-10-24,1000000.00,4.479794,96.234375
08:05:52,912810UC0,TSRYS5860825,D,S,D,2024-10-24,1000000.00,4.479794,96.234375
08:05:52,912810UC0,TSRYS5860825,D,B,C,2024-10-24,1000000.00,4.479807,96.234175
08:05:52,912810UC0,TSRYS5860825,D,S,D,2024-10-24,1000000.00,4.479794,96.234375
08:05:52,912810UC0,TSRYS5860825,D,B,C,2024-10-24,1000000.00,4.479807,96.234175
08:05:52,912810UC0,TSRYS5860825,D,B,C,2024-10-24,1000000.00,4.477109,96.27714375
08:05:52,912810UC0,TSRYS5860825,D,S,C,2024-10-24,11000000.00,4.476422,96.288097159
08:05:53,912810UC0,TSRYS5860825,D,B,C,2024-10-24,1000000.00,4.476123,96.29286875
08:05:53,912810UC0,TSRYS5860825,D,S,D,2024-10-24,1000000.00,4.476116,96.29296875
08:05:53,912810UC0,TSRYS5860825,D,S,D,2024-10-24,1000000.00,4.476362,96.2890625
08:05:53,912810UC0,TSRYS5860825,D,B,C,2024-10-24,1000000.00,4.476368,96.2889625
08:05:53,912810UC0,TSRYS5860825,D,B,C,2024-10-24,1000000.00,4.474897,96.3124
08:05:53,912810UC0,TSRYS5860825,D,S,C,2024-10-24,1000000.00,4.474885,96.3126
08:05:53,912810UC0,TSRYS5860825,D,S,C,2024-10-24,1000000.00,4.474646,96.31640625
08:05:53,912810UC0,TSRYS5860825,D,S,D,2024-10-24,1000000.00,4.474646,96.31640625
08:05:54,912810UC0,TSRYS5860825,D,S,D,2024-10-24,1000000.00,4.473911,96.328125
08:05:54,912810UC0,TSRYS5860825,D,S,D,2024-10-24,1000000.00,4.473421,96.3359375
08:05:54,912810UC0,TSRYS5860825,D,S,C,2024-10-24,4000000.00,4.473421,96.3359375
08:05:54,912810UC0,TSRYS5860825,D,B,C,2024-10-24,1000000.00,4.471095,96.373046875
08:05:54,912810UC0,TSRYS5860825,D,S,D,2024-10-24,1000000.00,4.471095,96.373046875
08:05:54,912810UC0,TSRYS5860825,D,S,D,2024-10-24,1000000.00,4.470973,96.375
08:05:54,912810UC0,TSRYS5860825,D,B,C,2024-10-24,1000000.00,4.470973,96.375
08:05:54,912810UC0,TSRYS5860825,D,S,D,2024-10-24,1000000.00,4.470973,96.375
08:05:54,912810UC0,TSRYS5860825,D,S,D,2024-10-24,1000000.00,4.470238,96.38671875
08:05:54,912810UC0,TSRYS5860825,D,S,D,2024-10-24,1000000.00,4.470973,96.375
08:05:55,912810UC0,TSRYS5860825,D,S,C,2024-10-24,1000000.00,4.469259,96.40234375
08:05:56,912810UC0,TSRYS5860825,D,S,C,2024-10-24,1000000.00,4.469259,96.40234375
08:06:00,912810UC0,TSRYS5860825,D,S,D,2024-10-24,1000000.00,4.471952,96.359375
08:06:00,912810UC0,TSRYS5860825,D,B,C,2024-10-24,1000000.00,4.471217,96.37109375
08:06:00,912810UC0,TSRYS5860825,D,S,C,2024-10-24,1000000.00,4.471217,96.37109375
08:06:00,912810UC0,TSRYS5860825,D,S,D,2024-10-24,1000000.00,4.472931,96.34375
08:06:01,912810UC0,TSRYS5860825,D,S,T,2024-10-24,1000000.00,4.469993,96.390625
08:06:02,912810UC0,TSRYS5860825,D,S,D,2024-10-24,1000000.00,4.473054,96.341796875
08:06:02,912810UC0,TSRYS5860825,D,B,C,2024-10-24,1000000.00,4.473054,96.341796875
08:06:02,912810UC0,TSRYS5860825,D,S,D,2024-10-24,1000000.00,4.471952,96.359375
08:06:02,912810UC0,TSRYS5860825,D,S,D,2024-10-24,1000000.00,4.471942,96.359525
08:06:02,912810UC0,TSRYS5860825,D,S,D,2024-10-24,1000000.00,4.471942,96.359525
08:06:02,912810UC0,TSRYS5860825,D,S,D,2024-10-24,1000000.00,4.473421,96.3359375
08:06:02,912810UC0,TSRYS5860825,D,B,C,2024-10-24,1000000.00,4.473434,96.3357375
08:06:03,912810UC0,TSRYS5860825,D,S,D,2024-10-24,1000000.00,4.473911,96.328125
08:06:03,912810UC0,TSRYS5860825,D,S,D,2024-10-24,1000000.00,4.474891,96.3125
08:06:03,912810UC0,TSRYS5860825,D,S,C,2024-10-24,1000000.00,4.476362,96.2890625
08:06:03,912810UC0,TSRYS5860825,D,S,C,2024-10-24,1000000.00,4.476239,96.291015625
08:06:04,912810UC0,TSRYS5860825,D,S,D,2024-10-24,1000000.00,4.475871,96.296875
08:06:05,912810UC0,TSRYS5860825,D,B,C,2024-10-24,28000000.00,4.469015,96.40625
08:06:05,912810UC0,TSRYS5860825,D,S,D,2024-10-24,1000000.00,4.475381,96.3046875
08:06:05,912810UC0,TSRYS5860825,D,B,C,2024-10-24,1000000.00,4.473679,96.33183125
08:06:05,912810UC0,TSRYS5860825,D,S,C,2024-10-24,1000000.00,4.473666,96.33203125
08:06:05,912810UC0,TSRYS5860825,D,S,D,2024-10-24,1000000.00,4.473911,96.328125
08:06:06,912810UC0,TSRYS5860825,D,S,D,2024-10-24,1000000.00,4.472931,96.34375
08:06:07,912810UC0,TSRYS5860825,D,S,T,2024-10-24,1000000.00,4.474891,96.3125
08:06:07,912810UC0,TSRYS5860825,D,S,T,2024-10-24,1000000.00,4.472931,96.34375
08:06:08,912810UC0,TSRYS5860825,D,S,D,2024-10-24,1000000.00,4.472931,96.34375
08:06:08,912810UC0,TSRYS5860825,D,S,T,2024-10-24,6900000.00,4.46877,96.41015625
08:06:09,912810UC0,TSRYS5860825,D,S,T,2024-10-24,1000000.00,4.50341,95.859375
08:06:09,912810UC0,TSRYS5860825,D,S,T,2024-10-24,1000000.00,4.50341,95.859375
08:06:09,912810UC0,TSRYS5860825,D,S,T,2024-10-24,1000000.00,4.50341,95.859375
08:06:09,912810UC0,TSRYS5860825,D,S,T,2024-10-24,1000000.00,4.496508,95.96875
08:06:09,912810UC0,TSRYS5860825,D,S,T,2024-10-24,1000000.00,4.496508,95.96875
08:06:09,912810UC0,TSRYS5860825,D,S,T,2024-10-24,1000000.00,4.496508,95.96875
08:06:09,912810UC0,TSRYS5860825,D,S,T,2024-10-24,1000000.00,4.494539,96.0
08:06:09,912810UC0,TSRYS5860825,D,S,C,2024-10-24,3000000.00,4.49257,96.03125
08:06:12,912810UC0,TSRYS5860825,D,S,D,2024-10-24,1000000.00,4.469993,96.390625
08:06:12,912810UC0,TSRYS5860825,D,S,C,2024-10-24,1000000.00,4.469993,96.390625
08:06:12,912810UC0,TSRYS5860825,D,S,D,2024-10-24,1000000.00,4.467058,96.4375
08:06:12,912810UC0,TSRYS5860825,D,B,C,2024-10-24,1000000.00,4.467064,96.4374
08:06:12,912810UC0,TSRYS5860825,D,S,T,2024-10-24,1000000.00,4.471952,96.359375
08:06:13,912810UC0,TSRYS5860825,D,S,C,2024-10-24,7261000.00,4.466324,96.44921875
08:06:14,912810UC0,TSRYS5860825,D,B,C,2024-10-24,5000000.00,4.466324,96.44921875
08:06:14,912810UC0,TSRYS5860825,D,S,T,2024-10-24,1000000.00,4.467058,96.4375
08:06:15,912810UC0,TSRYS5860825,D,S,T,2024-10-24,1000000.00,4.467058,96.4375
08:06:15,912810UC0,TSRYS5860825,D,S,T,2024-10-24,1000000.00,4.467058,96.4375
08:06:15,912810UC0,TSRYS5860825,D,S,T,2024-10-24,1000000.00,4.467058,96.4375
08:06:15,912810UC0,TSRYS5860825,D,B,A,2024-10-24,796000.00,4.469259,96.40234375
08:06:15,912810UC0,TSRYS5860825,D,S,D,2024-10-24,1000000.00,4.469382,96.400390625
08:06:15,912810UC0,TSRYS5860825,D,B,C,2024-10-24,5000000.00,4.472442,96.3515625
08:06:15,912810UC0,TSRYS5860825,D,S,D,2024-10-24,1000000.00,4.467424,96.431640625
08:06:16,912810UC0,TSRYS5860825,D,S,T,2024-10-24,1000000.00,4.471952,96.359375
08:06:16,912810UC0,TSRYS5860825,D,S,C,2024-10-24,1000000.00,4.468519,96.4141625
08:06:16,912810UC0,TSRYS5860825,D,S,T,2024-10-24,1000000.00,4.469993,96.390625
08:06:16,912810UC0,TSRYS5860825,D,S,C,2024-10-24,1000000.00,4.467174,96.435646875
08:06:16,912810UC0,TSRYS5860825,D,S,T,2024-10-24,1000000.00,4.50341,95.859375
08:06:16,912810UC0,TSRYS5860825,D,S,C,2024-10-24,1000000.00,4.467174,96.435646875
08:06:16,912810UC0,TSRYS5860825,D,S,C,2024-10-24,2000000.00,4.467174,96.435646875
08:06:16,912810UC0,TSRYS5860825,D,S,T,2024-10-24,1000000.00,4.50341,95.859375
08:06:16,912810UC0,TSRYS5860825,D,S,T,2024-10-24,1000000.00,4.501437,95.890625
08:06:16,912810UC0,TSRYS5860825,D,B,C,2024-10-24,1000000.00,4.50193,95.8828125
08:06:16,912810UC0,TSRYS5860825,D,S,T,2024-10-24,1000000.00,4.501437,95.890625
08:06:16,912810UC0,TSRYS5860825,D,S,T,2024-10-24,1000000.00,4.500451,95.90625
08:06:17,912810UC0,TSRYS5860825,D,S,T,2024-10-24,1000000.00,4.480776,96.21875
08:06:17,912810UC0,TSRYS5860825,D,S,T,2024-10-24,1000000.00,4.473911,96.328125
08:06:17,912810UC0,TSRYS5860825,D,B,C,2024-10-24,17000000.00,4.473911,96.328125
08:06:17,912810UC0,TSRYS5860825,D,B,C,2024-10-24,3000000.00,4.493554,96.015625
08:06:17,912810UC0,TSRYS5860825,D,S,T,2024-10-24,1000000.00,4.49257,96.03125
08:06:17,912810UC0,TSRYS5860825,D,S,T,2024-10-24,1000000.00,4.49257,96.03125
08:06:18,912810UC0,TSRYS5860825,D,S,T,2024-10-24,1000000.00,4.49257,96.03125
08:06:18,912810UC0,TSRYS5860825,D,S,C,2024-10-24,1000000.00,4.469131,96.404396875
08:06:18,912810UC0,TSRYS5860825,D,S,C,2024-10-24,2000000.00,4.467424,96.431640625
08:06:19,912810UC0,TSRYS5860825,D,B,C,2024-10-24,1000000.00,4.470483,96.3828125
08:06:19,912810UC0,TSRYS5860825,D,S,T,2024-10-24,1000000.00,4.469015,96.40625
08:06:22,912810UC0,TSRYS5860825,D,S,D,2024-10-24,1000000.00,4.466813,96.44140625
08:06:22,912810UC0,TSRYS5860825,D,S,T,2024-10-24,1000000.00,4.469993,96.390625
08:06:22,912810UC0,TSRYS5860825,D,S,T,2024-10-24,1000000.00,4.470973,96.375
08:06:22,912810UC0,TSRYS5860825,D,S,D,2024-10-24,1000000.00,4.467058,96.4375
08:06:22,912810UC0,TSRYS5860825,D,B,C,2024-10-24,1000000.00,4.46267,96.5076125
08:06:22,912810UC0,TSRYS5860825,D,S,C,2024-10-24,1000000.00,4.462658,96.5078125
08:06:22,912810UC0,TSRYS5860825,D,S,D,2024-10-24,1000000.00,4.464735,96.474609375
08:06:22,912810UC0,TSRYS5860825,D,S,A,2024-10-24,126600.00,4.470973,96.375
08:06:23,912810UC0,TSRYS5860825,D,S,D,2024-10-24,1000000.00,4.466324,96.44921875
08:06:23,912810UC0,TSRYS5860825,D,S,D,2024-10-24,1000000.00,4.466079,96.453125
08:06:23,912810UC0,TSRYS5860825,D,S,T,2024-10-24,1000000.00,4.470973,96.375
08:06:23,912810UC0,TSRYS5860825,D,S,T,2024-10-24,1000000.00,4.470973,96.375
08:06:23,912810UC0,TSRYS5860825,D,S,T,2024-10-24,1000000.00,4.470973,96.375
08:06:23,912810UC0,TSRYS5860825,D,S,D,2024-10-24,1000000.00,4.466079,96.453125
08:06:23,912810UC0,TSRYS5860825,D,S,D,2024-10-24,1000000.00,4.466079,96.453125
08:06:23,912810UC0,TSRYS5860825,D,S,D,2024-10-24,1000000.00,4.467302,96.43359375
08:06:23,912810UC0,TSRYS5860825,D,S,D,2024-10-24,903000.00,4.469504,96.3984375
08:06:23,912810UC0,TSRYS5860825,D,S,T,2024-10-24,1000000.00,4.468036,96.421875
08:06:24,912810UC0,TSRYS5860825,D,B,A,2024-10-24,3162600.00,4.473421,96.3359375
08:06:24,912810UC0,TSRYS5860825,D,B,C,2024-10-24,1000000.00,4.467064,96.4374
08:06:24,912810UC0,TSRYS5860825,D,S,C,2024-10-24,1000000.00,4.467058,96.4375
08:06:26,912810UC0,TSRYS5860825,D,S,D,2024-10-24,2000000.00,4.465835,96.45703125
08:06:26,912810UC0,TSRYS5860825,D,S,D,2024-10-24,1000000.00,4.46559,96.4609375
08:06:26,912810UC0,TSRYS5860825,D,S,D,2024-10-24,1000000.00,4.46559,96.4609375
08:06:26,912810UC0,TSRYS5860825,D,S,C,2024-10-24,1000000.00,4.46534,96.46494375
08:06:26,912810UC0,TSRYS5860825,D,S,D,2024-10-24,1000000.00,4.465101,96.46875
08:06:26,912810UC0,TSRYS5860825,D,S,C,2024-10-24,1000000.00,4.465462,96.462990625
08:06:27,912810UC0,TSRYS5860825,D,S,D,2024-10-24,1000000.00,4.462169,96.515625
08:06:27,912810UC0,TSRYS5860825,D,S,C,2024-10-24,1000000.00,4.462651,96.5079125
08:06:27,912810UC0,TSRYS5860825,D,B,C,2024-10-24,1000000.00,4.462664,96.5077125
08:06:28,912810UC0,TSRYS5860825,D,S,D,2024-10-24,1000000.00,4.462658,96.5078125
08:06:28,912810UC0,TSRYS5860825,D,S,D,2024-10-24,1000000.00,4.462658,96.5078125
08:06:28,912810UC0,TSRYS5860825,D,S,D,2024-10-24,1000000.00,4.462658,96.5078125
08:06:28,912810UC0,TSRYS5860825,D,S,D,2024-10-24,1000000.00,4.462658,96.5078125
08:06:28,912810UC0,TSRYS5860825,D,S,C,2024-10-24,1000000.00,4.462658,96.5078125
08:06:28,912810UC0,TSRYS5860825,D,S,C,2024-10-24,1000000.00,4.46168,96.5234375
08:06:28,912810UC0,TSRYS5860825,D,S,D,2024-10-24,3000000.00,4.46168,96.5234375
08:06:28,912810UC0,TSRYS5860825,D,S,D,2024-10-24,1000000.00,4.46168,96.5234375
08:06:28,912810UC0,TSRYS5860825,D,S,D,2024-10-24,1000000.00,4.461436,96.52734375
08:06:28,912810UC0,TSRYS5860825,D,S,C,2024-10-24,2000000.00,4.461552,96.525490625
08:06:28,912810UC0,TSRYS5860825,D,S,D,2024-10-24,1000000.00,4.46168,96.5234375
08:06:28,912810UC0,TSRYS5860825,D,S,C,2024-10-24,1000000.00,4.46168,96.5234375
08:06:28,912810UC0,TSRYS5860825,D,S,C,2024-10-24,1000000.00,4.461552,96.525490625
08:06:28,912810UC0,TSRYS5860825,D,S,C,2024-10-24,1000000.00,4.461674,96.5235375
08:06:28,912810UC0,TSRYS5860825,D,S,D,2024-10-24,1000000.00,4.46168,96.5234375
08:06:28,912810UC0,TSRYS5860825,D,S,C,2024-10-24,1000000.00,4.461674,96.5235375
08:06:28,912810UC0,TSRYS5860825,D,S,C,2024-10-24,4000000.00,4.46168,96.5234375
08:06:28,912810UC0,TSRYS5860825,D,S,D,2024-10-24,1000000.00,4.46168,96.5234375
08:06:28,912810UC0,TSRYS5860825,D,S,D,2024-10-24,1000000.00,4.46168,96.5234375
08:06:28,912810UC0,TSRYS5860825,D,S,D,2024-10-24,1000000.00,4.46168,96.5234375
08:06:28,912810UC0,TSRYS5860825,D,S,C,2024-10-24,1000000.00,4.464606,96.4766625
08:06:28,912810UC0,TSRYS5860825,D,B,C,2024-10-24,1000000.00,4.464613,96.4765625
08:06:29,912810UC0,TSRYS5860825,D,S,C,2024-10-24,1000000.00,4.465095,96.46885
08:06:29,912810UC0,TSRYS5860825,D,S,C,2024-10-24,1000000.00,4.464606,96.4766625
08:06:29,912810UC0,TSRYS5860825,D,S,C,2024-10-24,1000000.00,4.464973,96.470803125
08:06:29,912810UC0,TSRYS5860825,D,S,D,2024-10-24,1000000.00,4.465101,96.46875
08:06:29,912810UC0,TSRYS5860825,D,S,C,2024-10-24,1000000.00,4.465095,96.46885
08:06:29,912810UC0,TSRYS5860825,D,S,C,2024-10-24,1000000.00,4.466073,96.453225
08:06:29,912810UC0,TSRYS5860825,D,B,C,2024-10-24,1000000.00,4.466079,96.453125
08:06:29,912810UC0,TSRYS5860825,D,S,C,2024-10-24,1000000.00,4.46644,96.447365625
08:06:29,912810UC0,TSRYS5860825,D,S,C,2024-10-24,1000000.00,4.46644,96.447365625
08:06:29,912810UC0,TSRYS5860825,D,B,C,2024-10-24,1000000.00,4.466446,96.447265625
08:06:29,912810UC0,TSRYS5860825,D,S,C,2024-10-24,1000000.00,4.467418,96.431740625
08:06:29,912810UC0,TSRYS5860825,D,S,C,2024-10-24,1000000.00,4.467907,96.423928125
08:06:29,912810UC0,TSRYS5860825,D,S,C,2024-10-24,1000000.00,4.467785,96.42588125
08:06:29,912810UC0,TSRYS5860825,D,S,C,2024-10-24,1000000.00,4.46803,96.421975
08:06:29,912810UC0,TSRYS5860825,D,S,D,2024-10-24,1000000.00,4.467547,96.4296875
08:06:30,912810UC0,TSRYS5860825,D,S,D,2024-10-24,1000000.00,4.469015,96.40625
08:06:30,912810UC0,TSRYS5860825,D,S,D,2024-10-24,1000000.00,4.469015,96.40625
08:06:30,912810UC0,TSRYS5860825,D,S,C,2024-10-24,1000000.00,4.46644,96.447365625
08:06:30,912810UC0,TSRYS5860825,D,S,C,2024-10-24,1000000.00,4.466684,96.443459375
08:06:30,912810UC0,TSRYS5860825,D,S,C,2024-10-24,1000000.00,4.465095,96.46885
08:06:30,912810UC0,TSRYS5860825,D,S,C,2024-10-24,1000000.00,4.465095,96.46885
08:06:30,912810UC0,TSRYS5860825,D,S,D,2024-10-24,1000000.00,4.465346,96.46484375
08:06:30,912810UC0,TSRYS5860825,D,S,D,2024-10-24,1000000.00,4.465346,96.46484375
08:06:31,912810UC0,TSRYS5860825,D,S,D,2024-10-24,1000000.00,4.469015,96.40625
08:06:31,912810UC0,TSRYS5860825,D,S,D,2024-10-24,1000000.00,4.469015,96.40625
08:06:31,912810UC0,TSRYS5860825,D,S,T,2024-10-24,1000000.00,4.469015,96.40625
08:06:32,912810UC0,TSRYS5860825,D,S,C,2024-10-24,1000000.00,4.462407,96.51181875
08:06:32,912810UC0,TSRYS5860825,D,S,C,2024-10-24,1000000.00,4.462285,96.513771875
08:06:32,912810UC0,TSRYS5860825,D,S,C,2024-10-24,1000000.00,4.462285,96.513771875
08:06:32,912810UC0,TSRYS5860825,D,B,C,2024-10-24,2000000.00,4.462291,96.513671875
08:06:32,912810UC0,TSRYS5860825,D,S,C,2024-10-24,2000000.00,4.462285,96.513771875
08:06:32,912810UC0,TSRYS5860825,D,S,C,2024-10-24,1000000.00,4.462285,96.513771875
08:06:32,912810UC0,TSRYS5860825,D,S,C,2024-10-24,1000000.00,4.462285,96.513771875
08:06:32,912810UC0,TSRYS5860825,D,S,C,2024-10-24,1000000.00,4.462285,96.513771875
08:06:32,912810UC0,TSRYS5860825,D,S,C,2024-10-24,1000000.00,4.462285,96.513771875
08:06:32,912810UC0,TSRYS5860825,D,B,C,2024-10-24,2000000.00,4.462291,96.513671875
08:06:32,912810UC0,TSRYS5860825,D,S,C,2024-10-24,1000000.00,4.462285,96.513771875
08:06:32,912810UC0,TSRYS5860825,D,S,C,2024-10-24,1000000.00,4.462285,96.513771875
08:06:32,912810UC0,TSRYS5860825,D,B,C,2024-10-24,1000000.00,4.462291,96.513671875
08:06:32,912810UC0,TSRYS5860825,D,S,C,2024-10-24,1000000.00,4.462407,96.51181875
08:06:32,912810UC0,TSRYS5860825,D,B,C,2024-10-24,1000000.00,4.462413,96.51171875
08:06:32,912810UC0,TSRYS5860825,D,S,D,2024-10-24,1000000.00,4.46278,96.505859375
08:06:32,912810UC0,TSRYS5860825,D,S,C,2024-10-24,2000000.00,4.463873,96.48838125
08:06:32,912810UC0,TSRYS5860825,D,B,C,2024-10-24,2000000.00,4.463879,96.48828125
08:06:34,912810UC0,TSRYS5860825,D,S,C,2024-10-24,1000000.00,4.463995,96.486428125
08:06:34,912810UC0,TSRYS5860825,D,S,C,2024-10-24,1000000.00,4.467051,96.4376
08:06:34,912810UC0,TSRYS5860825,D,S,C,2024-10-24,1000000.00,4.468519,96.4141625
08:06:34,912810UC0,TSRYS5860825,D,B,C,2024-10-24,1000000.00,4.468525,96.4140625
08:06:36,912810UC0,TSRYS5860825,D,S,C,2024-10-24,1000000.00,4.468764,96.41025625
08:06:36,912810UC0,TSRYS5860825,D,S,T,2024-10-24,2000000.00,4.469015,96.40625
08:06:36,912810UC0,TSRYS5860825,D,S,T,2024-10-24,3000000.00,4.469015,96.40625
08:06:39,912810UC0,TSRYS5860825,D,S,D,2024-10-24,1000000.00,4.467048,96.43765
08:06:39,912810UC0,TSRYS5860825,D,S,D,2024-10-24,1000000.00,4.466926,96.439603125
08:06:39,912810UC0,TSRYS5860825,D,S,D,2024-10-24,1000000.00,4.466804,96.44155625
08:06:39,912810UC0,TSRYS5860825,D,S,D,2024-10-24,1000000.00,4.466926,96.439603125
08:06:40,912810UC0,TSRYS5860825,D,S,D,2024-10-24,1000000.00,4.466804,96.44155625
08:06:40,912810UC0,TSRYS5860825,D,S,D,2024-10-24,1000000.00,4.466804,96.44155625
08:06:40,912810UC0,TSRYS5860825,D,S,D,2024-10-24,1000000.00,4.469015,96.40625
08:06:40,912810UC0,TSRYS5860825,D,S,D,2024-10-24,1000000.00,4.469015,96.40625
08:06:41,912810UC0,TSRYS5860825,D,S,D,2024-10-24,1000000.00,4.469005,96.4064
08:06:41,912810UC0,TSRYS5860825,D,S,D,2024-10-24,1000000.00,4.468883,96.408353125
08:06:41,912810UC0,TSRYS5860825,D,S,C,2024-10-24,1000000.00,4.471823,96.361428125
08:06:41,912810UC0,TSRYS5860825,D,B,C,2024-10-24,1000000.00,4.471829,96.361328125
08:06:41,912810UC0,TSRYS5860825,D,S,D,2024-10-24,1000000.00,4.471707,96.36328125
08:06:41,912810UC0,TSRYS5860825,D,S,D,2024-10-24,1000000.00,4.471952,96.359375
08:06:42,912810UC0,TSRYS5860825,D,S,D,2024-10-24,1000000.00,4.472686,96.34765625
08:06:43,912810UC0,TSRYS5860825,D,S,D,2024-10-24,1000000.00,4.473911,96.328125
08:06:43,912810UC0,TSRYS5860825,D,S,D,2024-10-24,1000000.00,4.473544,96.333984375
08:06:43,912810UC0,TSRYS5860825,D,S,D,2024-10-24,1000000.00,4.473544,96.333984375
08:06:43,912810UC0,TSRYS5860825,D,S,D,2024-10-24,1000000.00,4.473421,96.3359375
08:06:43,912810UC0,TSRYS5860825,D,S,D,2024-10-24,1000000.00,4.473299,96.337890625
08:06:43,912810UC0,TSRYS5860825,D,S,C,2024-10-24,1000000.00,4.474885,96.3126
08:06:43,912810UC0,TSRYS5860825,D,S,D,2024-10-24,1000000.00,4.474646,96.31640625
08:06:43,912810UC0,TSRYS5860825,D,S,C,2024-10-24,1000000.00,4.474885,96.3126
08:06:43,912810UC0,TSRYS5860825,D,S,D,2024-10-24,1000000.00,4.474524,96.318359375
08:06:43,912810UC0,TSRYS5860825,D,S,D,2024-10-24,1000000.00,4.474891,96.3125
08:06:43,912810UC0,TSRYS5860825,D,S,C,2024-10-24,1000000.00,4.474885,96.3126
08:06:43,912810UC0,TSRYS5860825,D,S,C,2024-10-24,1000000.00,4.474885,96.3126
08:06:43,912810UC0,TSRYS5860825,D,S,D,2024-10-24,1000000.00,4.474034,96.326171875
08:06:43,912810UC0,TSRYS5860825,D,S,D,2024-10-24,1000000.00,4.473911,96.328125
08:06:43,912810UC0,TSRYS5860825,D,S,D,2024-10-24,1000000.00,4.473666,96.33203125
08:06:43,912810UC0,TSRYS5860825,D,S,D,2024-10-24,1000000.00,4.472686,96.34765625
08:06:44,912810UC0,TSRYS5860825,D,S,D,2024-10-24,1000000.00,4.471952,96.359375
08:06:44,912810UC0,TSRYS5860825,D,S,D,2024-10-24,2000000.00,4.471952,96.359375
08:06:44,912810UC0,TSRYS5860825,D,S,D,2024-10-24,1000000.00,4.471952,96.359375
08:06:44,912810UC0,TSRYS5860825,D,S,C,2024-10-24,1000000.00,4.471946,96.359475
08:06:44,912810UC0,TSRYS5860825,D,S,C,2024-10-24,1000000.00,4.471823,96.361428125
08:06:44,912810UC0,TSRYS5860825,D,S,C,2024-10-24,2000000.00,4.471823,96.361428125
08:06:44,912810UC0,TSRYS5860825,D,B,C,2024-10-24,3000000.00,4.471829,96.361328125
08:06:44,912810UC0,TSRYS5860825,D,S,C,2024-10-24,1000000.00,4.472313,96.353615625
08:06:44,912810UC0,TSRYS5860825,D,S,D,2024-10-24,1000000.00,4.472319,96.353515625
08:06:44,912810UC0,TSRYS5860825,D,S,C,2024-10-24,1000000.00,4.471946,96.359475
08:06:44,912810UC0,TSRYS5860825,D,S,D,2024-10-24,1000000.00,4.474034,96.326171875
08:06:44,912810UC0,TSRYS5860825,D,S,C,2024-10-24,1000000.00,4.473292,96.337990625
08:06:44,912810UC0,TSRYS5860825,D,S,C,2024-10-24,1000000.00,4.473292,96.337990625
08:06:44,912810UC0,TSRYS5860825,D,S,D,2024-10-24,1000000.00,4.473666,96.33203125
08:06:45,912810UC0,TSRYS5860825,D,S,C,2024-10-24,1000000.00,4.473292,96.337990625
08:06:45,912810UC0,TSRYS5860825,D,S,C,2024-10-24,1000000.00,4.473537,96.334084375
08:06:45,912810UC0,TSRYS5860825,D,S,C,2024-10-24,1000000.00,4.473537,96.334084375
08:06:45,912810UC0,TSRYS5860825,D,S,C,2024-10-24,1000000.00,4.473537,96.334084375
08:06:45,912810UC0,TSRYS5860825,D,S,C,2024-10-24,1000000.00,4.473421,96.3359375
08:06:45,912810UC0,TSRYS5860825,D,S,D,2024-10-24,1000000.00,4.471585,96.365234375
08:06:45,912810UC0,TSRYS5860825,D,S,D,2024-10-24,3000000.00,4.47134,96.369140625
08:06:45,912810UC0,TSRYS5860825,D,S,D,2024-10-24,2000000.00,4.47134,96.369140625
08:06:46,912810UC0,TSRYS5860825,D,S,D,2024-10-24,1000000.00,4.470238,96.38671875
08:06:46,912810UC0,TSRYS5860825,D,S,C,2024-10-24,1000000.00,4.470477,96.3829125
08:06:46,912810UC0,TSRYS5860825,D,S,D,2024-10-24,1000000.00,4.470238,96.38671875
08:06:46,912810UC0,TSRYS5860825,D,S,D,2024-10-24,1000000.00,4.470238,96.38671875
08:06:46,912810UC0,TSRYS5860825,D,S,D,2024-10-24,2000000.00,4.469626,96.396484375
08:06:46,912810UC0,TSRYS5860825,D,S,D,2024-10-24,2000000.00,4.469626,96.396484375
08:06:46,912810UC0,TSRYS5860825,D,S,C,2024-10-24,1000000.00,4.468886,96.408303125
08:06:47,912810UC0,TSRYS5860825,D,S,D,2024-10-24,1000000.00,4.468519,96.4141625
08:06:49,912810UC0,TSRYS5860825,D,S,D,2024-10-24,1000000.00,4.469382,96.400390625
08:06:49,912810UC0,TSRYS5860825,D,S,D,2024-10-24,1000000.00,4.469993,96.390625
08:06:49,912810UC0,TSRYS5860825,D,S,D,2024-10-24,1000000.00,4.470116,96.388671875
08:06:50,912810UC0,TSRYS5860825,D,S,D,2024-10-24,1000000.00,4.470116,96.388671875
08:06:50,912810UC0,TSRYS5860825,D,S,D,2024-10-24,1000000.00,4.470116,96.388671875
08:06:51,912810UC0,TSRYS5860825,D,S,D,2024-10-24,1000000.00,4.470725,96.37895625
08:06:51,912810UC0,TSRYS5860825,D,S,D,2024-10-24,1000000.00,4.47085,96.376953125
08:06:51,912810UC0,TSRYS5860825,D,B,C,2024-10-24,1000000.00,4.469993,96.390625
08:06:51,912810UC0,TSRYS5860825,D,S,D,2024-10-24,1000000.00,4.469993,96.390625
08:06:51,912810UC0,TSRYS5860825,D,S,D,2024-10-24,1000000.00,4.469871,96.392578125
08:06:51,912810UC0,TSRYS5860825,D,S,D,2024-10-24,1000000.00,4.469871,96.392578125
08:06:52,912810UC0,TSRYS5860825,D,S,D,2024-10-24,1000000.00,4.469504,96.3984375
08:06:52,912810UC0,TSRYS5860825,D,S,D,2024-10-24,1000000.00,4.469259,96.40234375
08:06:52,912810UC0,TSRYS5860825,D,S,D,2024-10-24,1000000.00,4.469382,96.400390625
08:06:52,912810UC0,TSRYS5860825,D,S,D,2024-10-24,1000000.00,4.469504,96.3984375
08:06:52,912810UC0,TSRYS5860825,D,S,D,2024-10-24,1000000.00,4.469504,96.3984375
08:06:52,912810UC0,TSRYS5860825,D,S,D,2024-10-24,1000000.00,4.469504,96.3984375
08:06:52,912810UC0,TSRYS5860825,D,S,D,2024-10-24,1000000.00,4.469504,96.3984375
08:06:52,912810UC0,TSRYS5860825,D,S,D,2024-10-24,1000000.00,4.469382,96.400390625
08:06:52,912810UC0,TSRYS5860825,D,S,D,2024-10-24,1000000.00,4.469504,96.3984375
08:06:52,912810UC0,TSRYS5860825,D,S,D,2024-10-24,1000000.00,4.469382,96.400390625
08:06:53,912810UC0,TSRYS5860825,D,S,D,2024-10-24,1000000.00,4.469504,96.3984375
08:06:53,912810UC0,TSRYS5860825,D,S,D,2024-10-24,1000000.00,4.469504,96.3984375
08:06:53,912810UC0,TSRYS5860825,D,S,D,2024-10-24,1000000.00,4.469871,96.392578125
08:06:55,912810UC0,TSRYS5860825,D,S,T,2024-10-24,1000000.00,4.467669,96.427734375
08:06:55,912810UC0,TSRYS5860825,D,S,D,2024-10-24,1000000.00,4.467669,96.427734375
08:06:56,912810UC0,TSRYS5860825,D,S,T,2024-10-24,2000000.00,4.468047,96.421698
08:07:00,912810UC0,TSRYS5860825,D,S,D,2024-10-24,990000.00,4.467547,96.4296875
08:07:01,912810UC0,TSRYS5860825,D,S,T,2024-10-24,1000000.00,4.467791,96.42578125
08:07:01,912810UC0,TSRYS5860825,D,S,C,2024-10-24,1000000.00,4.467791,96.42578125
08:07:01,912810UC0,TSRYS5860825,D,S,D,2024-10-24,1000000.00,4.46877,96.41015625
08:07:01,912810UC0,TSRYS5860825,D,S,T,2024-10-24,1000000.00,4.46877,96.41015625
08:07:03,912810UC0,TSRYS5860825,D,S,D,2024-10-24,1000000.00,4.468036,96.421875
08:07:03,912810UC0,TSRYS5860825,D,S,T,2024-10-24,1000000.00,4.468036,96.421875
08:07:05,912810UC0,TSRYS5860825,D,S,D,2024-10-24,897000.00,4.467791,96.42578125
08:07:06,912810UC0,TSRYS5860825,D,S,D,2024-10-24,1000000.00,4.469137,96.404296875
08:07:06,912810UC0,TSRYS5860825,D,B,C,2024-10-24,1000000.00,4.469137,96.404296875
08:07:11,912810UC0,TSRYS5860825,D,S,D,2024-10-24,1041000.00,4.469259,96.40234375
08:07:11,912810UC0,TSRYS5860825,D,S,D,2024-10-24,2000000.00,4.469015,96.40625
08:07:11,912810UC0,TSRYS5860825,D,S,D,2024-10-24,3000000.00,4.469015,96.40625
08:07:11,912810UC0,TSRYS5860825,D,S,D,2024-10-24,1000000.00,4.469015,96.40625
08:07:17,912810UC0,TSRYS5860825,D,B,C,2024-10-24,31300000.00,4.469993,96.390625
08:07:26,912810UC0,TSRYS5860825,D,B,C,2024-10-24,1000000.00,4.467424,96.43164062
08:07:31,912810UC0,TSRYS5860825,D,S,D,2024-10-24,1000000.00,4.469259,96.40234375
08:07:37,912810UC0,TSRYS5860825,D,B,C,2024-10-24,1000000.00,4.467547,96.4296875
08:07:41,912810UC0,TSRYS5860825,D,S,D,2024-10-24,1000000.00,4.468036,96.421875
08:07:41,912810UC0,TSRYS5860825,D,B,C,2024-10-24,1000000.00,4.468042,96.421775
08:07:45,912810UC0,TSRYS5860825,D,S,D,2024-10-24,1000000.00,4.469871,96.392578125
08:07:45,912810UC0,TSRYS5860825,D,S,D,2024-10-24,1000000.00,4.469871,96.392578125
08:07:45,912810UC0,TSRYS5860825,D,S,D,2024-10-24,1000000.00,4.469259,96.40234375
08:07:52,912810UC0,TSRYS5860825,D,S,T,2024-10-24,1000000.00,4.469871,96.392578125
08:07:52,912810UC0,TSRYS5860825,D,S,T,2024-10-24,1000000.00,4.469871,96.392578125
08:07:56,912810UC0,TSRYS5860825,D,S,C,2024-10-24,2000000.00,4.468027,96.422025
08:07:56,912810UC0,TSRYS5860825,D,S,D,2024-10-24,1000000.00,4.470238,96.38671875
08:07:57,912810UC0,TSRYS5860825,D,S,T,2024-10-24,1000000.00,4.470238,96.38671875
08:08:02,912810UC0,TSRYS5860825,D,S,T,2024-10-24,1000000.00,4.469993,96.390625
08:08:05,912810UC0,TSRYS5860825,D,S,A,2024-10-24,897000.00,4.467791,96.42578125
08:08:07,912810UC0,TSRYS5860825,D,S,D,2024-10-24,1000000.00,4.47134,96.369140625
08:08:07,912810UC0,TSRYS5860825,D,S,D,2024-10-24,2000000.00,4.47134,96.369140625
08:08:07,912810UC0,TSRYS5860825,D,S,D,2024-10-24,1000000.00,4.47134,96.369140625
08:08:07,912810UC0,TSRYS5860825,D,S,T,2024-10-24,1000000.00,4.47134,96.369140625
08:08:07,912810UC0,TSRYS5860825,D,S,T,2024-10-24,2000000.00,4.47134,96.369140625
08:08:07,912810UC0,TSRYS5860825,D,S,T,2024-10-24,1000000.00,4.47134,96.369140625
08:08:07,912810UC0,TSRYS5860825,D,S,T,2024-10-24,2000000.00,4.47134,96.369140625
08:08:07,912810UC0,TSRYS5860825,D,S,T,2024-10-24,1000000.00,4.47134,96.369140625
08:08:07,912810UC0,TSRYS5860825,D,S,T,2024-10-24,1000000.00,4.47134,96.369140625
08:08:07,912810UC0,TSRYS5860825,D,S,D,2024-10-24,2000000.00,4.47134,96.369140625
08:08:07,912810UC0,TSRYS5860825,D,S,D,2024-10-24,1000000.00,4.47134,96.369140625
08:08:07,912810UC0,TSRYS5860825,D,S,D,2024-10-24,1000000.00,4.47134,96.369140625
08:08:11,912810UC0,TSRYS5860825,D,B,C,2024-10-24,1000000.00,4.468042,96.421775
08:08:11,912810UC0,TSRYS5860825,D,S,D,2024-10-24,1000000.00,4.468036,96.421875
08:08:11,912810UC0,TSRYS5860825,D,S,C,2024-10-24,2000000.00,4.468023,96.422075
08:08:11,912810UC0,TSRYS5860825,D,B,C,2024-10-24,2000000.00,4.468042,96.421775
08:08:11,912810UC0,TSRYS5860825,D,B,C,2024-10-24,1000000.00,4.468042,96.421775
08:08:11,912810UC0,TSRYS5860825,D,S,C,2024-10-24,1000000.00,4.468027,96.422025
08:08:11,912810UC0,TSRYS5860825,D,S,C,2024-10-24,1000000.00,4.468027,96.422025
08:08:11,912810UC0,TSRYS5860825,D,B,C,2024-10-24,1000000.00,4.468048,96.421675
08:08:11,912810UC0,TSRYS5860825,D,S,C,2024-10-24,1000000.00,4.468027,96.422025
08:08:14,912810UC0,TSRYS5860825,D,S,T,2024-10-24,1000000.00,4.469259,96.40234375
08:08:23,912810UC0,TSRYS5860825,D,S,T,2024-10-24,1000000.00,4.469993,96.390625
08:08:29,912810UC0,TSRYS5860825,D,S,C,2024-10-24,1000000.00,4.469982,96.3908
08:08:33,912810UC0,TSRYS5860825,D,S,D,2024-10-24,1000000.00,4.469993,96.390625
08:08:41,912810UC0,TSRYS5860825,D,B,C,2024-10-24,1000000.00,4.470056,96.38962
08:08:43,912810UC0,TSRYS5860825,D,S,T,2024-10-24,1000000.00,4.469382,96.400390625
08:08:43,912810UC0,TSRYS5860825,D,S,T,2024-10-24,1000000.00,4.469504,96.3984375
08:08:43,912810UC0,TSRYS5860825,D,S,T,2024-10-24,1000000.00,4.469871,96.392578125
08:08:43,912810UC0,TSRYS5860825,D,S,T,2024-10-24,1000000.00,4.469504,96.3984375
08:08:43,912810UC0,TSRYS5860825,D,S,T,2024-10-24,1000000.00,4.469504,96.3984375
08:08:43,912810UC0,TSRYS5860825,D,S,T,2024-10-24,1000000.00,4.469504,96.3984375
08:08:43,912810UC0,TSRYS5860825,D,S,T,2024-10-24,1000000.00,4.469382,96.400390625
08:08:43,912810UC0,TSRYS5860825,D,S,T,2024-10-24,1000000.00,4.469504,96.3984375
08:08:43,912810UC0,TSRYS5860825,D,S,T,2024-10-24,1000000.00,4.469033,96.40595
08:08:43,912810UC0,TSRYS5860825,D,S,T,2024-10-24,1000000.00,4.469504,96.3984375
08:08:43,912810UC0,TSRYS5860825,D,S,T,2024-10-24,1000000.00,4.469382,96.400390625
08:08:43,912810UC0,TSRYS5860825,D,S,T,2024-10-24,1000000.00,4.469504,96.3984375
08:08:43,912810UC0,TSRYS5860825,D,S,T,2024-10-24,1000000.00,4.469259,96.40234375
08:08:43,912810UC0,TSRYS5860825,D,S,T,2024-10-24,1000000.00,4.469504,96.3984375
08:08:44,912810UC0,TSRYS5860825,D,S,C,2024-10-24,1000000.00,4.469982,96.3908
08:08:44,912810UC0,TSRYS5860825,D,S,C,2024-10-24,1000000.00,4.470966,96.3751
08:08:44,912810UC0,TSRYS5860825,D,B,C,2024-10-24,1000000.00,4.470982,96.37485
08:08:44,912810UC0,TSRYS5860825,D,B,C,2024-10-24,1000000.00,4.470982,96.37485
08:08:44,912810UC0,TSRYS5860825,D,S,D,2024-10-24,1000000.00,4.470973,96.375
08:08:50,912810UC0,TSRYS5860825,D,S,A,2024-10-24,50MM+,4.469015,96.40625
08:08:56,912810UC0,TSRYS5860825,D,S,D,2024-10-24,1000000.00,4.469993,96.390625
08:08:58,912810UC0,TSRYS5860825,D,S,T,2024-10-24,1000000.00,4.469993,96.390625
08:09:10,912810UC0,TSRYS5860825,D,B,C,2024-10-24,1000000.00,4.469504,96.3984375
08:09:17,912810UC0,TSRYS5860825,D,S,D,2024-10-24,1000000.00,4.471217,96.37109375
08:09:17,912810UC0,TSRYS5860825,D,S,T,2024-10-24,1000000.00,4.471217,96.37109375
08:09:18,912810UC0,TSRYS5860825,D,S,D,2024-10-24,990000.00,4.471217,96.37109375
08:09:22,912810UC0,TSRYS5860825,D,S,D,2024-10-24,897000.00,4.470973,96.375
08:09:31,912810UC0,TSRYS5860825,D,S,D,2024-10-24,1046000.00,4.470973,96.375
08:09:34,912810UC0,TSRYS5860825,D,S,T,2024-10-24,1000000.00,4.470973,96.375
08:09:41,912810UC0,TSRYS5860825,D,S,D,2024-10-24,1000000.00,4.470973,96.375
08:09:44,912810UC0,TSRYS5860825,D,S,D,2024-10-24,1000000.00,4.470973,96.375
08:09:44,912810UC0,TSRYS5860825,D,S,C,2024-10-24,10000000.00,4.469993,96.390625
08:09:58,912810UC0,TSRYS5860825,D,S,D,2024-10-24,1000000.00,4.470973,96.375
08:09:58,912810UC0,TSRYS5860825,D,S,C,2024-10-24,1000000.00,4.470966,96.3751
08:09:59,912810UC0,TSRYS5860825,D,S,D,2024-10-24,1000000.00,4.470973,96.375
08:09:59,912810UC0,TSRYS5860825,D,S,D,2024-10-24,1000000.00,4.47085,96.37695312
08:10:02,912810UC0,TSRYS5860825,D,S,T,2024-10-24,1000000.00,4.470973,96.375
08:10:02,912810UC0,TSRYS5860825,D,S,T,2024-10-24,1000000.00,4.470973,96.375
08:10:05,912810UC0,TSRYS5860825,D,S,D,2024-10-24,1000000.00,4.471462,96.3671875
08:10:05,912810UC0,TSRYS5860825,D,S,T,2024-10-24,1000000.00,4.471462,96.3671875
08:10:07,912810UC0,TSRYS5860825,D,S,D,2024-10-24,1000000.00,4.471462,96.3671875
08:10:09,912810UC0,TSRYS5860825,D,S,A,2024-10-24,1000000.00,4.471952,96.359375
08:10:10,912810UC0,TSRYS5860825,D,B,A,2024-10-24,1000000.00,4.471462,96.3671875
08:10:11,912810UC0,TSRYS5860825,D,S,D,2024-10-24,1000000.00,4.471453,96.3673375
08:10:12,912810UC0,TSRYS5860825,D,S,C,2024-10-24,10000000.00,4.471707,96.36328125
08:10:14,912810UC0,TSRYS5860825,D,S,T,2024-10-24,1000000.00,4.471462,96.3671875
08:10:14,912810UC0,TSRYS5860825,D,S,T,2024-10-24,2000000.00,4.471952,96.359375
08:10:14,912810UC0,TSRYS5860825,D,S,T,2024-10-24,1000000.00,4.470973,96.375
08:10:14,912810UC0,TSRYS5860825,D,S,T,2024-10-24,1000000.00,4.470973,96.375
08:10:18,912810UC0,TSRYS5860825,D,S,C,2024-10-24,25000000.00,4.465101,96.46875
08:10:18,912810UC0,TSRYS5860825,D,S,D,2024-10-24,1000000.00,4.470973,96.375
08:10:27,912810UC0,TSRYS5860825,D,S,D,2024-10-24,1000000.00,4.471952,96.359375
08:10:28,912810UC0,TSRYS5860825,D,S,C,2024-10-24,500000.00,4.471462,96.3671875
08:10:29,912810UC0,TSRYS5860825,D,S,D,2024-10-24,500000.00,4.471952,96.359375
08:10:29,912810UC0,TSRYS5860825,D,S,D,2024-10-24,10000.00,4.470534,96.382
08:10:43,912810UC0,TSRYS5860825,D,S,T,2024-10-24,1000000.00,4.47294,96.34362
08:10:43,912810UC0,TSRYS5860825,D,B,C,2024-10-24,1000000.00,4.470985,96.3748
08:10:43,912810UC0,TSRYS5860825,D,S,D,2024-10-24,1000000.00,4.470973,96.375
08:10:44,912810UC0,TSRYS5860825,D,S,D,2024-10-24,1000000.00,4.471952,96.359375
08:10:47,912810UC0,TSRYS5860825,D,B,C,2024-10-24,32000000.00,4.473421,96.3359375
08:10:54,912810UC0,TSRYS5860825,D,S,C,2024-10-24,10000.00,4.470534,96.382
08:10:54,912810UC0,TSRYS5860825,D,S,D,2024-10-24,10000.00,4.470534,96.382
08:11:02,912810UC0,TSRYS5860825,D,S,D,2024-10-24,1000000.00,4.473544,96.333984375
08:11:04,912810UC0,TSRYS5860825,D,S,D,2024-10-24,2820700.00,4.473666,96.33203125
08:11:13,912810UC0,TSRYS5860825,D,S,C,2024-10-24,1000000.00,4.470963,96.37515
08:11:13,912810UC0,TSRYS5860825,D,S,C,2024-10-24,1000000.00,4.470973,96.375
08:11:13,912810UC0,TSRYS5860825,D,S,D,2024-10-24,2000000.00,4.471952,96.359375
08:11:13,912810UC0,TSRYS5860825,D,S,C,2024-10-24,1000000.00,4.471952,96.359375
08:11:13,912810UC0,TSRYS5860825,D,S,D,2024-10-24,1000000.00,4.471952,96.359375
08:11:13,912810UC0,TSRYS5860825,D,B,C,2024-10-24,1000000.00,4.471952,96.359375
08:11:13,912810UC0,TSRYS5860825,D,B,C,2024-10-24,1000000.00,4.471952,96.359375
08:11:14,912810UC0,TSRYS5860825,D,S,C,2024-10-24,1000000.00,4.473176,96.33984375
08:11:15,912810UC0,TSRYS5860825,D,B,A,2024-10-24,9700000.00,4.473201,96.33944375
08:11:17,912810UC0,TSRYS5860825,D,S,D,2024-10-24,1000000.00,4.474034,96.32617187
08:11:19,912810UC0,TSRYS5860825,D,S,C,2024-10-24,30000000.00,4.470558,96.38162
08:11:20,912810UC0,TSRYS5860825,D,S,T,2024-10-24,1000000.00,4.472931,96.34375
08:11:22,912810UC0,TSRYS5860825,D,B,A,2024-10-24,1000000.00,4.472931,96.34375
08:11:23,912810UC0,TSRYS5860825,D,S,T,2024-10-24,1000000.00,4.473544,96.33398437
08:11:23,912810UC0,TSRYS5860825,D,S,D,2024-10-24,1000000.00,4.473421,96.3359375
08:11:24,912810UC0,TSRYS5860825,D,S,D,2024-10-24,1000000.00,4.472931,96.34375
08:11:24,912810UC0,TSRYS5860825,D,S,T,2024-10-24,1000000.00,4.472931,96.34375
08:11:24,912810UC0,TSRYS5860825,D,S,C,2024-10-24,1000000.00,4.472837,96.34525
08:11:28,912810UC0,TSRYS5860825,D,S,D,2024-10-24,1000000.00,4.472931,96.34375
08:11:28,912810UC0,TSRYS5860825,D,B,C,2024-10-24,1000000.00,4.472931,96.34375
08:11:28,912810UC0,TSRYS5860825,D,S,C,2024-10-24,1000000.00,4.472919,96.34395
08:11:28,912810UC0,TSRYS5860825,D,S,D,2024-10-24,1000000.00,4.472931,96.34375
08:11:28,912810UC0,TSRYS5860825,D,S,D,2024-10-24,1000000.00,4.472931,96.34375
08:11:28,912810UC0,TSRYS5860825,D,B,C,2024-10-24,1000000.00,4.472931,96.34375
08:11:28,912810UC0,TSRYS5860825,D,B,C,2024-10-24,1000000.00,4.472931,96.34375
08:11:33,912810UC0,TSRYS5860825,D,S,D,2024-10-24,1000000.00,4.472686,96.34765625
08:11:34,912810UC0,TSRYS5860825,D,S,D,2024-10-24,1000000.00,4.471952,96.359375
08:11:34,912810UC0,TSRYS5860825,D,S,D,2024-10-24,1000000.00,4.472442,96.3515625
08:11:35,912810UC0,TSRYS5860825,D,S,D,2024-10-24,1000000.00,4.472442,96.3515625
08:11:43,912810UC0,TSRYS5860825,D,S,D,2024-10-24,1000000.00,4.47292,96.343927
08:11:45,912810UC0,TSRYS5860825,D,S,D,2024-10-24,1000000.00,4.472686,96.34765625
08:12:00,912810UC0,TSRYS5860825,D,S,D,2024-10-24,1000000.00,4.47292,96.343927
08:12:00,912810UC0,TSRYS5860825,D,S,D,2024-10-24,1000000.00,4.472931,96.34375
08:12:04,912810UC0,TSRYS5860825,D,S,D,2024-10-24,1000000.00,4.471952,96.359375
08:12:04,912810UC0,TSRYS5860825,D,S,T,2024-10-24,1000000.00,4.471952,96.359375
08:12:05,912810UC0,TSRYS5860825,D,S,T,2024-10-24,1000000.00,4.470973,96.375
08:12:08,912810UC0,TSRYS5860825,D,S,T,2024-10-24,1000000.00,4.472931,96.34375
08:12:13,912810UC0,TSRYS5860825,D,S,D,2024-10-24,1000000.00,4.470483,96.3828125
08:12:14,912810UC0,TSRYS5860825,D,S,D,2024-10-24,1000000.00,4.470973,96.375
08:12:20,912810UC0,TSRYS5860825,D,S,T,2024-10-24,1000000.00,4.470985,96.3748
08:12:22,912810UC0,TSRYS5860825,D,S,D,2024-10-24,1000000.00,4.470973,96.375
08:12:22,912810UC0,TSRYS5860825,D,S,D,2024-10-24,1000000.00,4.470973,96.375
08:12:22,912810UC0,TSRYS5860825,D,S,D,2024-10-24,1000000.00,4.470973,96.375
08:12:25,912810UC0,TSRYS5860825,D,S,T,2024-10-24,1000000.00,4.469993,96.390625
08:12:27,912810UC0,TSRYS5860825,D,S,D,2024-10-24,1000000.00,4.471952,96.359375
08:12:27,912810UC0,TSRYS5860825,D,S,D,2024-10-24,1000000.00,4.470973,96.375
08:12:27,912810UC0,TSRYS5860825,D,B,C,2024-10-24,1000000.00,4.470979,96.3749
08:12:27,912810UC0,TSRYS5860825,D,S,D,2024-10-24,1000000.00,4.470973,96.375
08:12:35,912810UC0,TSRYS5860825,D,S,D,2024-10-24,1000000.00,4.469993,96.390625
08:12:41,912810UC0,TSRYS5860825,D,B,C,2024-10-24,1000000.00,4.472809,96.34570312
08:12:42,912810UC0,TSRYS5860825,D,S,C,2024-10-24,5000000.00,4.469993,96.390625
08:12:46,912810UC0,TSRYS5860825,D,S,D,2024-10-24,1000000.00,4.469993,96.390625
08:12:46,912810UC0,TSRYS5860825,D,S,D,2024-10-24,1000000.00,4.469993,96.390625
08:12:52,912810UC0,TSRYS5860825,D,S,D,2024-10-24,1000000.00,4.469993,96.390625
08:12:52,912810UC0,TSRYS5860825,D,S,D,2024-10-24,1000000.00,4.469993,96.390625
08:12:52,912810UC0,TSRYS5860825,D,S,D,2024-10-24,1000000.00,4.469993,96.390625
08:12:52,912810UC0,TSRYS5860825,D,S,D,2024-10-24,1000000.00,4.469993,96.390625
08:12:52,912810UC0,TSRYS5860825,D,S,D,2024-10-24,1000000.00,4.469993,96.390625
08:12:52,912810UC0,TSRYS5860825,D,S,D,2024-10-24,1000000.00,4.469993,96.390625
08:12:54,912810UC0,TSRYS5860825,D,S,D,2024-10-24,1000000.00,4.470483,96.3828125
08:12:56,912810UC0,TSRYS5860825,D,S,D,2024-10-24,1000000.00,4.470474,96.3829625
08:12:56,912810UC0,TSRYS5860825,D,S,T,2024-10-24,1000000.00,4.470483,96.3828125
08:12:59,912810UC0,TSRYS5860825,D,S,D,2024-10-24,1000000.00,4.470963,96.375152
08:13:00,912810UC0,TSRYS5860825,D,S,D,2024-10-24,1000000.00,4.469993,96.390625
08:13:01,912810UC0,TSRYS5860825,D,S,D,2024-10-24,1000000.00,4.470238,96.38671875
08:13:07,912810UC0,TSRYS5860825,D,S,C,2024-10-24,1000000.00,4.469137,96.4043
08:13:12,912810UC0,TSRYS5860825,D,B,A,2024-10-24,1000000.00,4.469749,96.39453125
08:13:17,912810UC0,TSRYS5860825,D,S,D,2024-10-24,1000000.00,4.469993,96.390625
08:13:17,912810UC0,TSRYS5860825,D,S,D,2024-10-24,1000000.00,4.469993,96.390625
08:13:17,912810UC0,TSRYS5860825,D,S,D,2024-10-24,1000000.00,4.470483,96.3828125
08:13:17,912810UC0,TSRYS5860825,D,S,T,2024-10-24,1000000.00,4.470483,96.3828125
08:13:17,912810UC0,TSRYS5860825,D,S,C,2024-10-24,1000000.00,4.470477,96.3829125
08:13:18,912810UC0,TSRYS5860825,D,S,T,2024-10-24,1000000.00,4.470483,96.3828125
08:13:22,912810UC0,TSRYS5860825,D,S,D,2024-10-24,1000000.00,4.470483,96.3828125
08:13:22,912810UC0,TSRYS5860825,D,S,T,2024-10-24,1000000.00,4.469993,96.390625
08:13:23,912810UC0,TSRYS5860825,D,S,T,2024-10-24,1000000.00,4.470002,96.390495
08:13:23,912810UC0,TSRYS5860825,D,S,T,2024-10-24,1000000.00,4.470483,96.3828125
08:13:25,912810UC0,TSRYS5860825,D,S,D,2024-10-24,1000000.00,4.469993,96.390625
08:13:26,912810UC0,TSRYS5860825,D,S,D,2024-10-24,1000000.00,4.470483,96.3828125
08:13:27,912810UC0,TSRYS5860825,D,S,T,2024-10-24,1000000.00,4.470483,96.3828125
08:13:29,912810UC0,TSRYS5860825,D,S,D,2024-10-24,1000000.00,4.469993,96.390625
08:13:29,912810UC0,TSRYS5860825,D,S,D,2024-10-24,1000000.00,4.470973,96.375
08:13:32,912810UC0,TSRYS5860825,D,S,D,2024-10-24,1000000.00,4.469993,96.390625
08:13:35,912810UC0,TSRYS5860825,D,S,C,2024-10-24,31320000.00,4.469993,96.390625
08:13:39,912810UC0,TSRYS5860825,D,S,T,2024-10-24,1000000.00,4.470003,96.390473
08:13:39,912810UC0,TSRYS5860825,D,S,D,2024-10-24,1000000.00,4.469749,96.39453125
08:13:44,912810UC0,TSRYS5860825,D,S,D,2024-10-24,1000000.00,4.469993,96.390625
08:13:46,912810UC0,TSRYS5860825,D,S,T,2024-10-24,1000000.00,4.470985,96.3748
08:13:51,912810UC0,TSRYS5860825,D,S,D,2024-10-24,991000.00,4.469749,96.39453125
08:13:51,912810UC0,TSRYS5860825,D,S,T,2024-10-24,1000000.00,4.469382,96.400390625
08:13:51,912810UC0,TSRYS5860825,D,S,D,2024-10-24,1000000.00,4.469372,96.400540625
08:13:53,912810UC0,TSRYS5860825,D,S,T,2024-10-24,1000000.00,4.470483,96.3828125
08:13:58,912810UC0,TSRYS5860825,D,B,A,2024-10-24,2000000.00,4.469993,96.390625
08:14:00,912810UC0,TSRYS5860825,D,S,D,2024-10-24,1000000.00,4.470973,96.375
08:14:05,912810UC0,TSRYS5860825,D,B,C,2024-10-24,210000.00,4.469749,96.39453125
08:14:06,912810UC0,TSRYS5860825,D,S,D,2024-10-24,1000000.00,4.469993,96.390625
08:14:18,912810UC0,TSRYS5860825,D,S,D,2024-10-24,1000000.00,4.469504,96.3984375
08:14:21,912810UC0,TSRYS5860825,D,S,D,2024-10-24,1000000.00,4.469993,96.390625
08:14:22,912810UC0,TSRYS5860825,D,S,D,2024-10-24,1000000.00,4.469015,96.40625
08:14:22,912810UC0,TSRYS5860825,D,S,T,2024-10-24,1000000.00,4.469015,96.40625
08:14:23,912810UC0,TSRYS5860825,D,S,T,2024-10-24,1000000.00,4.469259,96.40234375
08:14:23,912810UC0,TSRYS5860825,D,S,C,2024-10-24,1000000.00,4.469259,96.40234375
08:14:29,912810UC0,TSRYS5860825,D,S,T,2024-10-24,1000000.00,4.469871,96.392578125
08:14:29,912810UC0,TSRYS5860825,D,S,D,2024-10-24,1000000.00,4.469871,96.392578125
08:14:30,912810UC0,TSRYS5860825,D,S,D,2024-10-24,1000000.00,4.469993,96.390625
08:14:30,912810UC0,TSRYS5860825,D,S,T,2024-10-24,3000000.00,4.469015,96.40625
08:14:36,912810UC0,TSRYS5860825,D,S,C,2024-10-24,11000000.00,4.468971,96.40695
08:14:36,912810UC0,TSRYS5860825,D,B,C,2024-10-24,1000000.00,4.469749,96.39453125
08:14:42,912810UC0,TSRYS5860825,D,S,D,2024-10-24,1000000.00,4.469993,96.390625
08:14:56,912810UC0,TSRYS5860825,D,S,D,2024-10-24,1000000.00,4.469993,96.390625
08:14:58,912810UC0,TSRYS5860825,D,S,T,2024-10-24,1000000.00,4.470006,96.390425
08:15:09,912810UC0,TSRYS5860825,D,S,C,2024-10-24,10000000.00,4.468493,96.41457
08:15:13,912810UC0,TSRYS5860825,D,S,D,2024-10-24,1000000.00,4.469002,96.40645
08:15:13,912810UC0,TSRYS5860825,D,S,C,2024-10-24,3000000.00,4.469015,96.40625
08:15:16,912810UC0,TSRYS5860825,D,S,T,2024-10-24,1000000.00,4.469015,96.40625
08:15:35,912810UC0,TSRYS5860825,D,B,A,2024-10-24,2000000.00,4.470116,96.388671875
08:15:40,912810UC0,TSRYS5860825,D,B,C,2024-10-24,23000000.00,4.470318,96.38544
08:15:47,912810UC0,TSRYS5860825,D,S,C,2024-10-24,1000000.00,4.470232,96.38681875
08:15:47,912810UC0,TSRYS5860825,D,S,T,2024-10-24,1000000.00,4.470238,96.38671875
08:15:47,912810UC0,TSRYS5860825,D,B,A,2024-10-24,120300.00,4.469719,96.395
08:15:50,912810UC0,TSRYS5860825,D,B,C,2024-10-24,1000000.00,4.470605,96.380859375
08:15:50,912810UC0,TSRYS5860825,D,S,D,2024-10-24,1000000.00,4.470605,96.380859375
08:15:50,912810UC0,TSRYS5860825,D,S,D,2024-10-24,1000000.00,4.470483,96.3828125
08:15:50,912810UC0,TSRYS5860825,D,B,A,2024-10-24,120300.00,4.469719,96.395
08:15:51,912810UC0,TSRYS5860825,D,B,C,2024-10-24,1000000.00,4.470605,96.380859375
08:15:51,912810UC0,TSRYS5860825,D,S,D,2024-10-24,1000000.00,4.470605,96.380859375
08:15:55,912810UC0,TSRYS5860825,D,S,T,2024-10-24,1000000.00,4.470973,96.375
08:15:55,912810UC0,TSRYS5860825,D,S,T,2024-10-24,1000000.00,4.470973,96.375
08:15:56,912810UC0,TSRYS5860825,D,S,T,2024-10-24,1000000.00,4.470973,96.375
08:15:56,912810UC0,TSRYS5860825,D,S,D,2024-10-24,1000000.00,4.470483,96.3828125
08:15:56,912810UC0,TSRYS5860825,D,S,T,2024-10-24,1000000.00,4.470483,96.3828125
08:15:56,912810UC0,TSRYS5860825,D,S,D,2024-10-24,1000000.00,4.470605,96.380859375
08:15:56,912810UC0,TSRYS5860825,D,S,D,2024-10-24,1000000.00,4.470483,96.3828125
08:15:56,912810UC0,TSRYS5860825,D,S,T,2024-10-24,1000000.00,4.470605,96.380859375
08:15:56,912810UC0,TSRYS5860825,D,S,T,2024-10-24,1000000.00,4.470483,96.3828125
08:15:56,912810UC0,TSRYS5860825,D,S,D,2024-10-24,1000000.00,4.469993,96.390625
08:15:56,912810UC0,TSRYS5860825,D,S,C,2024-10-24,1000000.00,4.470477,96.3829125
08:15:56,912810UC0,TSRYS5860825,D,S,D,2024-10-24,1000000.00,4.470973,96.375
08:15:56,912810UC0,TSRYS5860825,D,S,T,2024-10-24,1000000.00,4.470483,96.3828125
08:15:56,912810UC0,TSRYS5860825,D,S,T,2024-10-24,1000000.00,4.470728,96.37890625
08:15:56,912810UC0,TSRYS5860825,D,S,T,2024-10-24,1000000.00,4.47085,96.376953125
08:15:56,912810UC0,TSRYS5860825,D,S,C,2024-10-24,1000000.00,4.470721,96.37900625
08:15:56,912810UC0,TSRYS5860825,D,S,C,2024-10-24,1000000.00,4.47085,96.376953125
08:15:57,912810UC0,TSRYS5860825,D,S,D,2024-10-24,1000000.00,4.47085,96.376953125
08:15:57,912810UC0,TSRYS5860825,D,S,T,2024-10-24,1000000.00,4.469993,96.390625
08:15:58,912810UC0,TSRYS5860825,D,S,T,2024-10-24,1000000.00,4.470003,96.390475
08:15:59,912810UC0,TSRYS5860825,D,B,A,2024-10-24,1000000.00,4.470973,96.375
08:15:59,912810UC0,TSRYS5860825,D,S,T,2024-10-24,1000000.00,4.470002,96.390495
08:16:00,912810UC0,TSRYS5860825,D,S,D,2024-10-24,1000000.00,4.469993,96.390625
08:16:01,912810UC0,TSRYS5860825,D,B,C,2024-10-24,24000000.00,4.469006,96.40639
08:16:06,912810UC0,TSRYS5860825,D,S,T,2024-10-24,1000000.00,4.469993,96.390625
08:16:24,912810UC0,TSRYS5860825,D,S,D,2024-10-24,1000000.00,4.471462,96.3671875
08:16:29,912810UC0,TSRYS5860825,D,S,D,2024-10-24,1000000.00,4.470973,96.375
08:16:29,912810UC0,TSRYS5860825,D,S,D,2024-10-24,1000000.00,4.470973,96.375
08:16:29,912810UC0,TSRYS5860825,D,S,D,2024-10-24,1000000.00,4.470941,96.3755
08:16:29,912810UC0,TSRYS5860825,D,S,D,2024-10-24,1000000.00,4.471462,96.3671875
08:16:29,912810UC0,TSRYS5860825,D,S,D,2024-10-24,1000000.00,4.471462,96.3671875
08:16:44,912810UC0,TSRYS5860825,D,S,T,2024-10-24,1000000.00,4.469993,96.390625
08:16:47,912810UC0,TSRYS5860825,D,S,D,2024-10-24,1000000.00,4.469993,96.390625
08:16:47,912810UC0,TSRYS5860825,D,B,C,2024-10-24,1000000.00,4.47,96.390525
08:16:47,912810UC0,TSRYS5860825,D,B,C,2024-10-24,1000000.00,4.47,96.390525
08:16:47,912810UC0,TSRYS5860825,D,S,C,2024-10-24,1000000.00,4.469984,96.390775
08:16:48,912810UC0,TSRYS5860825,D,S,D,2024-10-24,1000000.00,4.470605,96.380859375
08:16:48,912810UC0,TSRYS5860825,D,S,T,2024-10-24,1000000.00,4.470605,96.380859375
08:16:48,912810UC0,TSRYS5860825,D,S,T,2024-10-24,1000000.00,4.470728,96.37890625
08:16:48,912810UC0,TSRYS5860825,D,S,T,2024-10-24,2000000.00,4.470973,96.375
08:16:49,912810UC0,TSRYS5860825,D,S,C,2024-10-24,1000000.00,4.470721,96.37900625
08:16:49,912810UC0,TSRYS5860825,D,S,D,2024-10-24,1000000.00,4.471462,96.3674875
08:16:53,912810UC0,TSRYS5860825,D,B,C,2024-10-24,1000000.00,4.470056,96.38962
08:17:00,912810UC0,TSRYS5860825,D,S,D,2024-10-24,1000000.00,4.472931,96.34375
08:17:00,912810UC0,TSRYS5860825,D,S,D,2024-10-24,1000000.00,4.472931,96.34375
08:17:01,912810UC0,TSRYS5860825,D,S,T,2024-10-24,1000000.00,4.472931,96.34375
08:17:01,912810UC0,TSRYS5860825,D,S,D,2024-10-24,1000000.00,4.472564,96.349609375
08:17:01,912810UC0,TSRYS5860825,D,S,A,2024-10-24,2260000.00,4.471211,96.3712
08:17:06,912810UC0,TSRYS5860825,D,S,D,2024-10-24,1000000.00,4.471462,96.3671875
08:17:15,912810UC0,TSRYS5860825,D,S,D,2024-10-24,1000000.00,4.471462,96.3671875
08:17:17,912810UC0,TSRYS5860825,D,B,C,2024-10-24,1000000.00,4.470006,96.390425
08:17:17,912810UC0,TSRYS5860825,D,S,C,2024-10-24,1000000.00,4.469984,96.390775
08:17:17,912810UC0,TSRYS5860825,D,S,C,2024-10-24,1000000.00,4.469984,96.390775
08:17:17,912810UC0,TSRYS5860825,D,S,C,2024-10-24,1000000.00,4.469984,96.390775
08:17:17,912810UC0,TSRYS5860825,D,S,C,2024-10-24,1000000.00,4.469984,96.390775
08:17:17,912810UC0,TSRYS5860825,D,S,D,2024-10-24,1000000.00,4.47134,96.36914062
08:17:18,912810UC0,TSRYS5860825,D,S,D,2024-10-24,1000000.00,4.471462,96.3671875
08:17:19,912810UC0,TSRYS5860825,D,S,D,2024-10-24,1000000.00,4.471462,96.3671875
08:17:21,912810UC0,TSRYS5860825,D,S,T,2024-10-24,1000000.00,4.472931,96.34375
08:17:21,912810UC0,TSRYS5860825,D,S,T,2024-10-24,1000000.00,4.472931,96.34375
08:17:21,912810UC0,TSRYS5860825,D,S,T,2024-10-24,1000000.00,4.472931,96.34375
08:17:21,912810UC0,TSRYS5860825,D,S,D,2024-10-24,1000000.00,4.471462,96.3671875
08:17:23,912810UC0,TSRYS5860825,D,S,T,2024-10-24,1000000.00,4.471462,96.3671875
08:17:23,912810UC0,TSRYS5860825,D,S,T,2024-10-24,1000000.00,4.471462,96.3671875
08:17:25,912810UC0,TSRYS5860825,D,S,T,2024-10-24,1000000.00,4.472931,96.34375
08:17:25,912810UC0,TSRYS5860825,D,S,D,2024-10-24,1000000.00,4.473176,96.33984375
08:17:25,912810UC0,TSRYS5860825,D,S,D,2024-10-24,1000000.00,4.473176,96.33984375
08:17:26,912810UC0,TSRYS5860825,D,S,T,2024-10-24,1000000.00,4.473299,96.337890625
08:17:26,912810UC0,TSRYS5860825,D,S,C,2024-10-24,1000000.00,4.473292,96.337990625
08:17:26,912810UC0,TSRYS5860825,D,S,D,2024-10-24,46919000.00,4.472197,96.35546875
08:17:26,912810UC0,TSRYS5860825,D,S,C,2024-10-24,46919000.00,4.472197,96.35546875
08:17:26,912810UC0,TSRYS5860825,D,S,T,2024-10-24,1000000.00,4.471462,96.3671875
08:17:29,912810UC0,TSRYS5860825,D,S,T,2024-10-24,1000000.00,4.473911,96.328125
08:17:32,912810UC0,TSRYS5860825,D,B,C,2024-10-24,1000000.00,4.471952,96.359375
08:17:32,912810UC0,TSRYS5860825,D,S,C,2024-10-24,1000000.00,4.471952,96.359375
08:17:33,912810UC0,TSRYS5860825,D,S,T,2024-10-24,1000000.00,4.473911,96.328125
08:17:37,912810UC0,TSRYS5860825,D,S,D,2024-10-24,500000.00,4.473911,96.328125
08:17:37,912810UC0,TSRYS5860825,D,S,C,2024-10-24,500000.00,4.473911,96.328125
08:17:41,912810UC0,TSRYS5860825,D,S,D,2024-10-24,8000000.00,4.472227,96.35499
08:17:46,912810UC0,TSRYS5860825,D,S,T,2024-10-24,1000000.00,4.473911,96.328125
08:17:46,912810UC0,TSRYS5860825,D,S,D,2024-10-24,1000000.00,4.473176,96.33984375
08:17:46,912810UC0,TSRYS5860825,D,S,C,2024-10-24,2000000.00,4.470966,96.3751
08:17:47,912810UC0,TSRYS5860825,D,S,D,2024-10-24,1000000.00,4.4729,96.34425
08:17:47,912810UC0,TSRYS5860825,D,B,C,2024-10-24,1000000.00,4.471952,96.359375
08:17:47,912810UC0,TSRYS5860825,D,S,D,2024-10-24,1000000.00,4.471952,96.359375
08:17:47,912810UC0,TSRYS5860825,D,S,D,2024-10-24,1000000.00,4.471952,96.359375
08:17:47,912810UC0,TSRYS5860825,D,S,D,2024-10-24,1000000.00,4.471952,96.359375
08:17:47,912810UC0,TSRYS5860825,D,B,C,2024-10-24,1000000.00,4.471952,96.359375
08:17:47,912810UC0,TSRYS5860825,D,B,C,2024-10-24,1000000.00,4.471952,96.359375
08:17:55,912810UC0,TSRYS5860825,D,S,T,2024-10-24,1000000.00,4.473911,96.328125
08:18:01,912810UC0,TSRYS5860825,D,S,D,2024-10-24,1000000.00,4.473176,96.33984375
08:18:01,912810UC0,TSRYS5860825,D,S,T,2024-10-24,1000000.00,4.473911,96.328125
08:18:04,912810UC0,TSRYS5860825,D,B,C,2024-10-24,1000000.00,4.472944,96.34355
08:18:04,912810UC0,TSRYS5860825,D,S,D,2024-10-24,1000000.00,4.472931,96.34375
08:18:04,912810UC0,TSRYS5860825,D,S,D,2024-10-24,1000000.00,4.472931,96.34375
08:18:04,912810UC0,TSRYS5860825,D,S,D,2024-10-24,1000000.00,4.472925,96.343852
08:18:04,912810UC0,TSRYS5860825,D,S,D,2024-10-24,1000000.00,4.472925,96.343852
08:18:04,912810UC0,TSRYS5860825,D,S,D,2024-10-24,1000000.00,4.472931,96.34375
08:18:04,912810UC0,TSRYS5860825,D,S,D,2024-10-24,1000000.00,4.472931,96.34375
08:18:04,912810UC0,TSRYS5860825,D,S,D,2024-10-24,1000000.00,4.472925,96.343852
08:18:14,912810UC0,TSRYS5860825,D,S,D,2024-10-24,1000000.00,4.473666,96.33203125
08:18:16,912810UC0,TSRYS5860825,D,S,D,2024-10-24,1000000.00,4.473911,96.328125
08:18:16,912810UC0,TSRYS5860825,D,B,C,2024-10-24,1000000.00,4.473917,96.328025
08:18:16,912810UC0,TSRYS5860825,D,S,D,2024-10-24,1000000.00,4.473911,96.328125
08:18:16,912810UC0,TSRYS5860825,D,S,D,2024-10-24,1000000.00,4.470973,96.375
08:18:16,912810UC0,TSRYS5860825,D,S,D,2024-10-24,1000000.00,4.469993,96.390625
08:18:17,912810UC0,TSRYS5860825,D,S,D,2024-10-24,1000000.00,4.473176,96.33984375
08:18:18,912810UC0,TSRYS5860825,D,S,D,2024-10-24,1000000.00,4.473176,96.33984375
08:18:21,912810UC0,TSRYS5860825,D,S,D,2024-10-24,1000000.00,4.473421,96.3359375
08:18:22,912810UC0,TSRYS5860825,D,S,D,2024-10-24,1000000.00,4.473054,96.341796875
08:18:24,912810UC0,TSRYS5860825,D,S,D,2024-10-24,1000000.00,4.473176,96.33984375
08:18:24,912810UC0,TSRYS5860825,D,S,T,2024-10-24,1000000.00,4.473054,96.341796875
08:18:24,912810UC0,TSRYS5860825,D,S,T,2024-10-24,1000000.00,4.472931,96.34375
08:18:24,912810UC0,TSRYS5860825,D,S,T,2024-10-24,1000000.00,4.472931,96.34375
08:18:24,912810UC0,TSRYS5860825,D,S,D,2024-10-24,1000000.00,4.473176,96.33984375
08:18:24,912810UC0,TSRYS5860825,D,S,D,2024-10-24,1000000.00,4.473299,96.337890625
08:18:25,912810UC0,TSRYS5860825,D,S,D,2024-10-24,1000000.00,4.473421,96.3359375
08:18:26,912810UC0,TSRYS5860825,D,S,C,2024-10-24,1000000.00,4.473292,96.337990625
08:18:26,912810UC0,TSRYS5860825,D,S,T,2024-10-24,1000000.00,4.473299,96.337890625
08:18:31,912810UC0,TSRYS5860825,D,S,D,2024-10-24,1000000.00,4.473911,96.328125
08:18:31,912810UC0,TSRYS5860825,D,S,D,2024-10-24,1000000.00,4.473911,96.328125
08:18:34,912810UC0,TSRYS5860825,D,S,D,2024-10-24,1000000.00,4.473666,96.33203125
08:18:35,912810UC0,TSRYS5860825,D,S,C,2024-10-24,1000000.00,4.473292,96.337990625
08:18:35,912810UC0,TSRYS5860825,D,S,T,2024-10-24,1000000.00,4.473299,96.337890625
08:18:36,912810UC0,TSRYS5860825,D,S,D,2024-10-24,1000000.00,4.471952,96.359375
08:18:42,912810UC0,TSRYS5860825,D,S,D,2024-10-24,1000000.00,4.474279,96.322265625
08:18:42,912810UC0,TSRYS5860825,D,S,D,2024-10-24,1000000.00,4.474279,96.322265625
08:18:42,912810UC0,TSRYS5860825,D,S,D,2024-10-24,1000000.00,4.474156,96.32421875
08:18:42,912810UC0,TSRYS5860825,D,S,D,2024-10-24,1000000.00,4.474279,96.322265625
08:18:42,912810UC0,TSRYS5860825,D,S,T,2024-10-24,1000000.00,4.474279,96.322265625
08:18:42,912810UC0,TSRYS5860825,D,S,T,2024-10-24,1000000.00,4.474279,96.322265625
08:18:42,912810UC0,TSRYS5860825,D,S,T,2024-10-24,1000000.00,4.473911,96.328125
08:18:43,912810UC0,TSRYS5860825,D,S,D,2024-10-24,1000000.00,4.473911,96.328125
08:18:43,912810UC0,TSRYS5860825,D,S,T,2024-10-24,1000000.00,4.473911,96.328125
08:18:43,912810UC0,TSRYS5860825,D,S,T,2024-10-24,1000000.00,4.473911,96.328125
08:18:43,912810UC0,TSRYS5860825,D,S,T,2024-10-24,1000000.00,4.473911,96.328125
08:18:43,912810UC0,TSRYS5860825,D,S,T,2024-10-24,1000000.00,4.473911,96.328125
08:18:46,912810UC0,TSRYS5860825,D,S,D,2024-10-24,1000000.00,4.473911,96.328125
08:18:47,912810UC0,TSRYS5860825,D,S,D,2024-10-24,1000000.00,4.473911,96.328125
08:18:47,912810UC0,TSRYS5860825,D,S,T,2024-10-24,1000000.00,4.473911,96.328125
08:18:49,912810UC0,TSRYS5860825,D,S,D,2024-10-24,1000000.00,4.473911,96.328125
08:18:49,912810UC0,TSRYS5860825,D,S,D,2024-10-24,1000000.00,4.473911,96.328125
08:18:49,912810UC0,TSRYS5860825,D,S,D,2024-10-24,1000000.00,4.473911,96.328125
08:18:49,912810UC0,TSRYS5860825,D,S,T,2024-10-24,1000000.00,4.473911,96.328125
08:18:49,912810UC0,TSRYS5860825,D,S,T,2024-10-24,1000000.00,4.473911,96.328125
08:18:52,912810UC0,TSRYS5860825,D,S,D,2024-10-24,1000000.00,4.473176,96.33984375
08:18:56,912810UC0,TSRYS5860825,D,S,C,2024-10-24,1000000.00,4.473911,96.328125
08:18:57,912810UC0,TSRYS5860825,D,S,D,2024-10-24,1000000.00,4.472931,96.34375
08:18:59,912810UC0,TSRYS5860825,D,B,A,2024-10-24,500000.00,4.474156,96.32421875
08:19:01,912810UC0,TSRYS5860825,D,S,D,2024-10-24,1000000.00,4.473911,96.328125
08:19:02,912810UC0,TSRYS5860825,D,S,D,2024-10-24,1000000.00,4.474401,96.3203125
08:19:02,912810UC0,TSRYS5860825,D,S,T,2024-10-24,1000000.00,4.474401,96.3203125
08:19:03,912810UC0,TSRYS5860825,D,S,C,2024-10-24,11000000.00,4.473911,96.328125
08:19:06,912810UC0,TSRYS5860825,D,S,D,2024-10-24,1000000.00,4.474034,96.326171875
08:19:06,912810UC0,TSRYS5860825,D,S,D,2024-10-24,1000000.00,4.474034,96.326171875
08:19:07,912810UC0,TSRYS5860825,D,S,D,2024-10-24,1000000.00,4.474034,96.326171875
08:19:07,912810UC0,TSRYS5860825,D,S,D,2024-10-24,1000000.00,4.474034,96.326171875
08:19:07,912810UC0,TSRYS5860825,D,S,D,2024-10-24,1000000.00,4.474034,96.326171875
08:19:07,912810UC0,TSRYS5860825,D,S,D,2024-10-24,1000000.00,4.473911,96.328125
08:19:07,912810UC0,TSRYS5860825,D,B,C,2024-10-24,500000.00,4.474156,96.32421875
08:19:07,912810UC0,TSRYS5860825,D,S,D,2024-10-24,1000000.00,4.473911,96.328125
08:19:07,912810UC0,TSRYS5860825,D,S,D,2024-10-24,1000000.00,4.473911,96.328125
08:19:07,912810UC0,TSRYS5860825,D,S,D,2024-10-24,1000000.00,4.474034,96.326171875
08:19:07,912810UC0,TSRYS5860825,D,S,D,2024-10-24,1000000.00,4.473911,96.328125
08:19:07,912810UC0,TSRYS5860825,D,S,D,2024-10-24,1000000.00,4.473911,96.328125
08:19:08,912810UC0,TSRYS5860825,D,B,C,2024-10-24,1000000.00,4.474034,96.326171875
08:19:08,912810UC0,TSRYS5860825,D,S,D,2024-10-24,1000000.00,4.474034,96.326171875
08:19:08,912810UC0,TSRYS5860825,D,B,C,2024-10-24,1000000.00,4.474034,96.326171875
08:19:08,912810UC0,TSRYS5860825,D,S,D,2024-10-24,1000000.00,4.474034,96.326171875
08:19:08,912810UC0,TSRYS5860825,D,B,C,2024-10-24,1000000.00,4.474034,96.326171875
08:19:08,912810UC0,TSRYS5860825,D,S,D,2024-10-24,1000000.00,4.474034,96.326171875
08:19:08,912810UC0,TSRYS5860825,D,S,D,2024-10-24,1000000.00,4.473911,96.328125
08:19:08,912810UC0,TSRYS5860825,D,S,D,2024-10-24,1000000.00,4.473911,96.328125
08:19:08,912810UC0,TSRYS5860825,D,S,D,2024-10-24,1000000.00,4.473911,96.328125
08:19:12,912810UC0,TSRYS5860825,D,S,D,2024-10-24,1000000.00,4.474156,96.32421875
08:19:12,912810UC0,TSRYS5860825,D,S,T,2024-10-24,1000000.00,4.474156,96.32421875
08:19:17,912810UC0,TSRYS5860825,D,S,T,2024-10-24,1000000.00,4.473911,96.328125
08:19:17,912810UC0,TSRYS5860825,D,S,T,2024-10-24,1000000.00,4.473911,96.328125
08:19:18,912810UC0,TSRYS5860825,D,S,D,2024-10-24,11000000.00,4.473421,96.3359375
08:19:18,912810UC0,TSRYS5860825,D,S,C,2024-10-24,11000000.00,4.473421,96.3359375
08:19:19,912810UC0,TSRYS5860825,D,S,T,2024-10-24,1000000.00,4.473911,96.328125
08:19:20,912810UC0,TSRYS5860825,D,S,D,2024-10-24,1000000.00,4.473911,96.328125
08:19:20,912810UC0,TSRYS5860825,D,S,D,2024-10-24,1000000.00,4.473911,96.328125
08:19:20,912810UC0,TSRYS5860825,D,S,D,2024-10-24,1000000.00,4.473911,96.328125
08:19:20,912810UC0,TSRYS5860825,D,S,D,2024-10-24,1000000.00,4.473911,96.328125
08:19:20,912810UC0,TSRYS5860825,D,S,D,2024-10-24,1000000.00,4.473911,96.328125
08:19:22,912810UC0,TSRYS5860825,D,S,T,2024-10-24,1000000.00,4.473911,96.328125
08:19:22,912810UC0,TSRYS5860825,D,S,T,2024-10-24,1000000.00,4.473911,96.328125
08:19:22,912810UC0,TSRYS5860825,D,S,T,2024-10-24,1000000.00,4.473911,96.328125
08:19:23,912810UC0,TSRYS5860825,D,S,T,2024-10-24,1000000.00,4.473911,96.328125
08:19:23,912810UC0,TSRYS5860825,D,S,T,2024-10-24,1000000.00,4.473911,96.328125
08:19:23,912810UC0,TSRYS5860825,D,S,T,2024-10-24,1000000.00,4.473911,96.328125
08:19:23,912810UC0,TSRYS5860825,D,S,T,2024-10-24,1000000.00,4.473911,96.328125
08:19:23,912810UC0,TSRYS5860825,D,S,T,2024-10-24,1000000.00,4.473911,96.328125
08:19:23,912810UC0,TSRYS5860825,D,S,D,2024-10-24,1000000.00,4.474891,96.3125
08:19:23,912810UC0,TSRYS5860825,D,S,T,2024-10-24,1000000.00,4.473911,96.328125
08:19:24,912810UC0,TSRYS5860825,D,S,T,2024-10-24,1000000.00,4.473911,96.328125
08:19:25,912810UC0,TSRYS5860825,D,S,D,2024-10-24,1000000.00,4.474401,96.3203125
08:19:25,912810UC0,TSRYS5860825,D,S,T,2024-10-24,1000000.00,4.474401,96.3203125
08:19:27,912810UC0,TSRYS5860825,D,S,D,2024-10-24,1000000.00,4.473911,96.328125
08:19:27,912810UC0,TSRYS5860825,D,S,D,2024-10-24,1000000.00,4.473911,96.328125
08:19:28,912810UC0,TSRYS5860825,D,S,T,2024-10-24,1000000.00,4.474891,96.3125
08:19:28,912810UC0,TSRYS5860825,D,S,D,2024-10-24,1000000.00,4.475381,96.3046875
08:19:28,912810UC0,TSRYS5860825,D,S,T,2024-10-24,1000000.00,4.474891,96.3125
08:19:28,912810UC0,TSRYS5860825,D,S,D,2024-10-24,1000000.00,4.474646,96.31640625
08:19:28,912810UC0,TSRYS5860825,D,S,C,2024-10-24,1000000.00,4.474885,96.3126
08:19:29,912810UC0,TSRYS5860825,D,S,T,2024-10-24,1000000.00,4.474646,96.31640625
08:19:29,912810UC0,TSRYS5860825,D,S,C,2024-10-24,7000000.00,4.470833,96.37723
08:19:29,912810UC0,TSRYS5860825,D,S,T,2024-10-24,1000000.00,4.475381,96.3046875
08:19:30,912810UC0,TSRYS5860825,D,B,C,2024-10-24,1000000.00,4.474279,96.32226562
08:19:31,912810UC0,TSRYS5860825,D,B,C,2024-10-24,1000000.00,4.474279,96.32226562
08:19:31,912810UC0,TSRYS5860825,D,S,D,2024-10-24,1000000.00,4.475014,96.310546875
08:19:31,912810UC0,TSRYS5860825,D,S,T,2024-10-24,1000000.00,4.475014,96.310546875
08:19:31,912810UC0,TSRYS5860825,D,S,D,2024-10-24,1000.00,4.47348,96.335
08:19:32,912810UC0,TSRYS5860825,D,B,C,2024-10-24,1000000.00,4.474156,96.32421875
08:19:33,912810UC0,TSRYS5860825,D,B,C,2024-10-24,1000000.00,4.474156,96.32421875
08:19:34,912810UC0,TSRYS5860825,D,S,D,2024-10-24,70000.00,4.474401,96.3203125
08:19:35,912810UC0,TSRYS5860825,D,S,D,2024-10-24,1000000.00,4.475259,96.306640625
08:19:35,912810UC0,TSRYS5860825,D,S,T,2024-10-24,1000000.00,4.475259,96.306640625
08:19:37,912810UC0,TSRYS5860825,D,S,D,2024-10-24,1000000.00,4.473911,96.328125
08:19:38,912810UC0,TSRYS5860825,D,S,C,2024-10-24,31300000.00,4.477097,96.27734375
08:19:41,912810UC0,TSRYS5860825,D,S,T,2024-10-24,1000000.00,4.474891,96.3125
08:19:43,912810UC0,TSRYS5860825,D,S,D,2024-10-24,1000000.00,4.475381,96.3046875
08:19:43,912810UC0,TSRYS5860825,D,S,T,2024-10-24,1000000.00,4.475381,96.3046875
08:19:44,912810UC0,TSRYS5860825,D,S,D,2024-10-24,8000000.00,4.471488,96.36677
08:19:46,912810UC0,TSRYS5860825,D,S,C,2024-10-24,1000.00,4.47348,96.335
08:19:46,912810UC0,TSRYS5860825,D,S,D,2024-10-24,1000.00,4.47348,96.335
08:19:48,912810UC0,TSRYS5860825,D,S,D,2024-10-24,1000000.00,4.474646,96.31640625
08:19:48,912810UC0,TSRYS5860825,D,S,D,2024-10-24,1000000.00,4.474646,96.31640625
08:19:49,912810UC0,TSRYS5860825,D,S,D,2024-10-24,1000000.00,4.474891,96.3125
08:19:49,912810UC0,TSRYS5860825,D,S,T,2024-10-24,1000000.00,4.474894,96.31245
08:19:49,912810UC0,TSRYS5860825,D,S,T,2024-10-24,1000000.00,4.474891,96.3125
08:19:49,912810UC0,TSRYS5860825,D,S,C,2024-10-24,1000000.00,4.474885,96.3126
08:19:49,912810UC0,TSRYS5860825,D,S,D,2024-10-24,1000000.00,4.4739,96.328302
08:19:49,912810UC0,TSRYS5860825,D,S,D,2024-10-24,1000000.00,4.4739,96.328302
08:19:49,912810UC0,TSRYS5860825,D,S,D,2024-10-24,1000000.00,4.4739,96.328302
08:19:49,912810UC0,TSRYS5860825,D,S,T,2024-10-24,1000000.00,4.474655,96.31625625
08:19:50,912810UC0,TSRYS5860825,D,S,T,2024-10-24,1000000.00,4.474655,96.31625625
08:19:57,912810UC0,TSRYS5860825,D,S,D,2024-10-24,1000000.00,4.474891,96.3125
08:19:57,912810UC0,TSRYS5860825,D,S,T,2024-10-24,1000000.00,4.474891,96.3125
08:19:57,912810UC0,TSRYS5860825,D,S,C,2024-10-24,1000000.00,4.474885,96.3126
08:19:58,912810UC0,TSRYS5860825,D,S,T,2024-10-24,1000000.00,4.474891,96.3125
08:19:58,912810UC0,TSRYS5860825,D,S,T,2024-10-24,1000000.00,4.474891,96.3125
08:19:59,912810UC0,TSRYS5860825,D,S,D,2024-10-24,1000000.00,4.473176,96.33984375
08:19:59,912810UC0,TSRYS5860825,D,S,T,2024-10-24,1000000.00,4.475504,96.302734375
08:19:59,912810UC0,TSRYS5860825,D,S,D,2024-10-24,1000000.00,4.475504,96.302734375
08:20:00,912810UC0,TSRYS5860825,D,S,T,2024-10-24,1000000.00,4.475871,96.296875
08:20:00,912810UC0,TSRYS5860825,D,S,T,2024-10-24,1000000.00,4.475871,96.296875
08:20:00,912810UC0,TSRYS5860825,D,S,T,2024-10-24,1000000.00,4.475871,96.296875
08:20:00,912810UC0,TSRYS5860825,D,S,T,2024-10-24,2000000.00,4.475871,96.296875
08:20:00,912810UC0,TSRYS5860825,D,S,D,2024-10-24,1000000.00,4.476116,96.29296875
08:20:01,912810UC0,TSRYS5860825,D,S,T,2024-10-24,1000000.00,4.475871,96.296875
08:20:01,912810UC0,TSRYS5860825,D,S,D,2024-10-24,1000000.00,4.473911,96.328125
08:20:01,912810UC0,TSRYS5860825,D,S,D,2024-10-24,1000000.00,4.4739,96.328302
08:20:01,912810UC0,TSRYS5860825,D,S,D,2024-10-24,1000000.00,4.473911,96.328125
08:20:01,912810UC0,TSRYS5860825,D,S,D,2024-10-24,1000000.00,4.4739,96.328302
08:20:01,912810UC0,TSRYS5860825,D,S,D,2024-10-24,1000000.00,4.4739,96.328302
08:20:01,912810UC0,TSRYS5860825,D,S,D,2024-10-24,1000000.00,4.4739,96.328302
08:20:01,912810UC0,TSRYS5860825,D,S,D,2024-10-24,1000000.00,4.4739,96.328302
08:20:01,912810UC0,TSRYS5860825,D,S,D,2024-10-24,1000000.00,4.474891,96.3125
08:20:01,912810UC0,TSRYS5860825,D,S,D,2024-10-24,1000000.00,4.4739,96.328302
08:20:01,912810UC0,TSRYS5860825,D,S,D,2024-10-24,1000000.00,4.473911,96.328125
08:20:01,912810UC0,TSRYS5860825,D,S,D,2024-10-24,1000000.00,4.4739,96.328302
08:20:01,912810UC0,TSRYS5860825,D,S,D,2024-10-24,1000000.00,4.474891,96.3125
08:20:01,912810UC0,TSRYS5860825,D,B,C,2024-10-24,1000000.00,4.474904,96.3123
08:20:02,912810UC0,TSRYS5860825,D,S,D,2024-10-24,1000000.00,4.473176,96.33984375
08:20:03,912810UC0,TSRYS5860825,D,S,A,2024-10-24,5000.00,4.476336,96.3894625
08:20:04,912810UC0,TSRYS5860825,D,S,T,2024-10-24,1000000.00,4.475871,96.296875
08:20:06,912810UC0,TSRYS5860825,D,S,D,2024-10-24,1000000.00,4.475871,96.296875
08:20:06,912810UC0,TSRYS5860825,D,S,D,2024-10-24,1000000.00,4.475871,96.296875
08:20:06,912810UC0,TSRYS5860825,D,S,D,2024-10-24,1000000.00,4.475871,96.296875
08:20:10,912810UC0,TSRYS5860825,D,S,D,2024-10-24,1000000.00,4.478323,96.2578125
08:20:10,912810UC0,TSRYS5860825,D,S,D,2024-10-24,1000000.00,4.478445,96.255859375
08:20:10,912810UC0,TSRYS5860825,D,S,D,2024-10-24,1000000.00,4.478445,96.255859375
08:20:11,912810UC0,TSRYS5860825,D,S,D,2024-10-24,1000000.00,4.478445,96.255859375
08:20:11,912810UC0,TSRYS5860825,D,S,D,2024-10-24,1000000.00,4.478445,96.255859375
08:20:11,912810UC0,TSRYS5860825,D,S,D,2024-10-24,1000000.00,4.478323,96.2578125
08:20:11,912810UC0,TSRYS5860825,D,S,D,2024-10-24,1000000.00,4.478323,96.2578125
08:20:12,912810UC0,TSRYS5860825,D,S,T,2024-10-24,1000000.00,4.475871,96.296875
08:20:12,912810UC0,TSRYS5860825,D,S,T,2024-10-24,1000000.00,4.475871,96.296875
08:20:12,912810UC0,TSRYS5860825,D,S,T,2024-10-24,1000000.00,4.475871,96.296875
08:20:12,912810UC0,TSRYS5860825,D,S,C,2024-10-24,5000.00,4.476336,96.2894625
08:20:12,912810UC0,TSRYS5860825,D,S,D,2024-10-24,1000000.00,4.478568,96.25390625
08:20:12,912810UC0,TSRYS5860825,D,S,D,2024-10-24,1000000.00,4.478568,96.25390625
08:20:12,912810UC0,TSRYS5860825,D,S,T,2024-10-24,1000000.00,4.478445,96.255859375
08:20:13,912810UC0,TSRYS5860825,D,S,T,2024-10-24,1000000.00,4.478813,96.25
08:20:13,912810UC0,TSRYS5860825,D,S,D,2024-10-24,1000000.00,4.478445,96.255859375
08:20:13,912810UC0,TSRYS5860825,D,S,T,2024-10-24,1000000.00,4.478813,96.25
08:20:16,912810UC0,TSRYS5860825,D,B,C,2024-10-24,1000000.00,4.474904,96.3123
08:20:16,912810UC0,TSRYS5860825,D,S,D,2024-10-24,1000000.00,4.47486,96.313
08:20:16,912810UC0,TSRYS5860825,D,S,C,2024-10-24,1000000.00,4.474891,96.3125
08:20:16,912810UC0,TSRYS5860825,D,S,D,2024-10-24,1000000.00,4.474891,96.3125
08:20:16,912810UC0,TSRYS5860825,D,S,D,2024-10-24,1000000.00,4.474891,96.3125
08:20:16,912810UC0,TSRYS5860825,D,S,D,2024-10-24,1000000.00,4.478323,96.2578125
08:20:16,912810UC0,TSRYS5860825,D,S,D,2024-10-24,1000000.00,4.478445,96.255859375
08:20:16,912810UC0,TSRYS5860825,D,S,D,2024-10-24,1000000.00,4.478445,96.255859375
08:20:16,912810UC0,TSRYS5860825,D,S,D,2024-10-24,2000000.00,4.478445,96.255859375
08:20:16,912810UC0,TSRYS5860825,D,S,D,2024-10-24,2000000.00,4.478445,96.255859375
08:20:17,912810UC0,TSRYS5860825,D,S,D,2024-10-24,1000000.00,4.478445,96.255859375
08:20:17,912810UC0,TSRYS5860825,D,S,D,2024-10-24,1000000.00,4.474891,96.3125
08:20:17,912810UC0,TSRYS5860825,D,S,D,2024-10-24,1000000.00,4.474891,96.3125
08:20:17,912810UC0,TSRYS5860825,D,S,D,2024-10-24,5000.00,,96.2894625
08:20:18,912810UC0,TSRYS5860825,D,S,T,2024-10-24,1000000.00,4.474891,96.3125
08:20:18,912810UC0,TSRYS5860825,D,S,T,2024-10-24,1000000.00,4.474891,96.3125
08:20:18,912810UC0,TSRYS5860825,D,S,T,2024-10-24,1000000.00,4.474891,96.3125
08:20:18,912810UC0,TSRYS5860825,D,S,T,2024-10-24,1000000.00,4.474891,96.3125
08:20:21,912810UC0,TSRYS5860825,D,S,D,2024-10-24,1000000.00,4.478568,96.25390625
08:20:21,912810UC0,TSRYS5860825,D,S,T,2024-10-24,1000000.00,4.478568,96.25390625
08:20:22,912810UC0,TSRYS5860825,D,S,T,2024-10-24,1000000.00,4.478323,96.2578125
08:20:22,912810UC0,TSRYS5860825,D,S,T,2024-10-24,1000000.00,4.478445,96.255859375
08:20:22,912810UC0,TSRYS5860825,D,S,T,2024-10-24,1000000.00,4.478445,96.255859375
08:20:24,912810UC0,TSRYS5860825,D,S,D,2024-10-24,1000000.00,4.478813,96.25
08:20:24,912810UC0,TSRYS5860825,D,S,T,2024-10-24,1000000.00,4.478691,96.251953125
08:20:24,912810UC0,TSRYS5860825,D,S,D,2024-10-24,1000000.00,4.478691,96.251953125
08:20:26,912810UC0,TSRYS5860825,D,S,D,2024-10-24,1000000.00,4.473176,96.33984375
08:20:27,912810UC0,TSRYS5860825,D,S,D,2024-10-24,1000000.00,4.475871,96.296875
08:20:34,912810UC0,TSRYS5860825,D,B,C,2024-10-24,1000000.00,4.474891,96.3125
08:20:34,912810UC0,TSRYS5860825,D,B,C,2024-10-24,1000000.00,4.474891,96.3125
08:20:34,912810UC0,TSRYS5860825,D,S,D,2024-10-24,1000000.00,4.474891,96.3125
08:20:34,912810UC0,TSRYS5860825,D,S,C,2024-10-24,1000000.00,4.47488,96.312675
08:20:34,912810UC0,TSRYS5860825,D,B,C,2024-10-24,1000000.00,4.474891,96.3125
08:20:34,912810UC0,TSRYS5860825,D,B,C,2024-10-24,1000000.00,4.474891,96.3125
08:20:34,912810UC0,TSRYS5860825,D,S,D,2024-10-24,1000000.00,4.474891,96.3125
08:20:34,912810UC0,TSRYS5860825,D,S,C,2024-10-24,1000000.00,4.47488,96.312675
08:20:34,912810UC0,TSRYS5860825,D,S,D,2024-10-24,1000000.00,4.474891,96.3125
08:20:34,912810UC0,TSRYS5860825,D,B,C,2024-10-24,1000000.00,4.474904,96.3123
08:20:34,912810UC0,TSRYS5860825,D,S,D,2024-10-24,1000000.00,4.474891,96.3125
08:20:36,912810UC0,TSRYS5860825,D,S,D,2024-10-24,1000000.00,4.479549,96.23828125
08:20:36,912810UC0,TSRYS5860825,D,S,D,2024-10-24,1000000.00,4.479549,96.23828125
08:20:37,912810UC0,TSRYS5860825,D,S,D,2024-10-24,1000000.00,4.476852,96.28125
08:20:39,912810UC0,TSRYS5860825,D,S,T,2024-10-24,1000000.00,4.478813,96.25
08:20:40,912810UC0,TSRYS5860825,D,S,T,2024-10-24,1000000.00,4.478813,96.25
08:20:40,912810UC0,TSRYS5860825,D,S,T,2024-10-24,1000000.00,4.478813,96.25
08:20:40,912810UC0,TSRYS5860825,D,S,T,2024-10-24,1000000.00,4.478813,96.25
08:20:40,912810UC0,TSRYS5860825,D,S,T,2024-10-24,1000000.00,4.478813,96.25
08:20:41,912810UC0,TSRYS5860825,D,S,T,2024-10-24,1000000.00,4.478813,96.25
08:20:41,912810UC0,TSRYS5860825,D,S,T,2024-10-24,1000000.00,4.478813,96.25
08:20:41,912810UC0,TSRYS5860825,D,S,D,2024-10-24,1000000.00,4.479181,96.244140625
