tradeTime,cusip,issueSymbolIdentifier,priceType,reportingSideCode,contraPartyTypeCode,tradeDate,reportedTradeVolume,lastSaleYield,lastSalePrice
08:00:03,912810UA4,TSRYS5802849,D,S,D,2024-07-16,1000000.00,4.446601,102.92578125
08:00:03,912810UA4,TSRYS5802849,D,S,D,2024-07-16,1000000.00,4.441249,103.015625
08:00:03,912810UA4,TSRYS5802849,D,S,D,2024-07-16,1000000.00,4.441249,103.015625
08:00:04,912810UA4,TSRYS5802849,D,S,T,2024-07-16,1000000.00,4.440086,103.03515625
08:00:04,912810UA4,TSRYS5802849,D,S,T,2024-07-16,1000000.00,4.440086,103.03515625
08:00:04,912810UA4,TSRYS5802849,D,S,T,2024-07-16,1000000.00,4.439854,103.0390625
08:00:04,912810UA4,TSRYS5802849,D,S,T,2024-07-16,1000000.00,4.430334,103.19921875
08:00:07,912810UA4,TSRYS5802849,D,S,T,2024-07-16,1000000.00,4.42176,103.34375
08:00:07,912810UA4,TSRYS5802849,D,S,T,2024-07-16,1000000.00,4.420719,103.361328125
08:00:07,912810UA4,TSRYS5802849,D,B,C,2024-07-16,1000000.00,4.418983,103.390625
08:00:07,912810UA4,TSRYS5802849,D,S,T,2024-07-16,1000000.00,4.417596,103.4140625
08:00:07,912810UA4,TSRYS5802849,D,S,D,2024-07-16,1000000.00,4.403858,103.646484375
08:00:07,912810UA4,TSRYS5802849,D,B,C,2024-07-16,1000000.00,4.406971,103.59375
08:00:07,912810UA4,TSRYS5802849,D,B,C,2024-07-16,1000000.00,4.406971,103.59375
08:00:07,912810UA4,TSRYS5802849,D,B,C,2024-07-16,1000000.00,4.407086,103.591796875
08:00:07,912810UA4,TSRYS5802849,D,S,T,2024-07-16,1000000.00,4.406856,103.595703125
08:00:07,912810UA4,TSRYS5802849,D,S,D,2024-07-16,1000000.00,4.408471,103.568359375
08:00:07,912810UA4,TSRYS5802849,D,S,D,2024-07-16,1000000.00,4.404434,103.63671875
08:00:07,912810UA4,TSRYS5802849,D,S,D,2024-07-16,1000000.00,4.408355,103.5703125
08:00:07,912810UA4,TSRYS5802849,D,S,D,2024-07-16,1000000.00,4.408125,103.57421875
08:00:07,912810UA4,TSRYS5802849,D,S,T,2024-07-16,1000000.00,4.409856,103.544921875
08:00:07,912810UA4,TSRYS5802849,D,S,D,2024-07-16,1000000.00,4.403628,103.650390625
08:00:07,912810UA4,TSRYS5802849,D,S,T,2024-07-16,1000000.00,4.427319,103.25
08:00:07,912810UA4,TSRYS5802849,D,S,T,2024-07-16,1000000.00,4.42176,103.34375
08:00:07,912810UA4,TSRYS5802849,D,S,T,2024-07-16,1000000.00,4.417133,103.421875
08:00:07,912810UA4,TSRYS5802849,D,S,T,2024-07-16,1000000.00,4.410664,103.53125
08:00:07,912810UA4,TSRYS5802849,D,S,T,2024-07-16,1000000.00,4.406971,103.59375
08:00:07,912810UA4,TSRYS5802849,D,S,T,2024-07-16,1000000.00,4.404204,103.640625
08:00:07,912810UA4,TSRYS5802849,D,S,T,2024-07-16,1000000.00,4.406049,103.609375
08:00:07,912810UA4,TSRYS5802849,D,S,T,2024-07-16,1000000.00,4.406049,103.609375
08:00:07,912810UA4,TSRYS5802849,D,S,T,2024-07-16,1000000.00,4.406049,103.609375
08:00:07,912810UA4,TSRYS5802849,D,S,D,2024-07-16,3000000.00,4.411587,103.515625
08:00:07,912810UA4,TSRYS5802849,D,S,D,2024-07-16,4000000.00,4.410895,103.52734375
08:00:07,912810UA4,TSRYS5802849,D,S,D,2024-07-16,26000000.00,4.411125,103.5234375
08:00:07,912810UA4,TSRYS5802849,D,S,A,2024-07-16,2000000.00,4.439389,103.046875
08:00:08,912810UA4,TSRYS5802849,D,S,D,2024-07-16,1000000.00,4.410664,103.53125
08:00:08,912810UA4,TSRYS5802849,D,S,C,2024-07-16,2000000.00,4.440319,103.03125
08:00:08,912810UA4,TSRYS5802849,D,S,T,2024-07-16,1000000.00,4.418058,103.40625
08:00:10,912810UA4,TSRYS5802849,D,S,T,2024-07-16,1000000.00,4.410664,103.53125
08:00:11,912810UA4,TSRYS5802849,D,S,T,2024-07-16,1000000.00,4.407894,103.578125
08:00:12,912810UA4,TSRYS5802849,D,S,T,2024-07-16,1000000.00,4.405126,103.625
08:00:12,912810UA4,TSRYS5802849,D,S,T,2024-07-16,1000000.00,4.404204,103.640625
08:00:12,912810UA4,TSRYS5802849,D,B,C,2024-07-16,350000.00,4.439621,103.04296875
08:00:14,912810UA4,TSRYS5802849,D,S,T,2024-07-16,1000000.00,4.43753,103.078125
08:00:14,912810UA4,TSRYS5802849,D,S,T,2024-07-16,1000000.00,4.43753,103.078125
08:00:14,912810UA4,TSRYS5802849,D,S,T,2024-07-16,1000000.00,4.440319,103.03125
08:00:14,912810UA4,TSRYS5802849,D,S,T,2024-07-16,1000000.00,4.439389,103.046875
08:00:14,912810UA4,TSRYS5802849,D,S,D,2024-07-16,1000000.00,4.439854,103.0390625
08:00:14,912810UA4,TSRYS5802849,D,S,D,2024-07-16,1000000.00,4.439854,103.0390625
08:00:14,912810UA4,TSRYS5802849,D,S,T,2024-07-16,1000000.00,4.43997,103.037109375
08:00:14,912810UA4,TSRYS5802849,D,S,T,2024-07-16,1000000.00,4.440086,103.03515625
08:00:14,912810UA4,TSRYS5802849,D,S,T,2024-07-16,1000000.00,4.43997,103.037109375
08:00:14,912810UA4,TSRYS5802849,D,S,T,2024-07-16,1000000.00,4.438459,103.0625
08:00:14,912810UA4,TSRYS5802849,D,S,D,2024-07-16,1000000.00,4.440784,103.0234375
08:00:14,912810UA4,TSRYS5802849,D,S,D,2024-07-16,1000000.00,4.440784,103.0234375
08:00:14,912810UA4,TSRYS5802849,D,S,D,2024-07-16,1000000.00,4.440784,103.0234375
08:00:14,912810UA4,TSRYS5802849,D,S,T,2024-07-16,1000000.00,4.441249,103.015625
08:00:14,912810UA4,TSRYS5802849,D,S,T,2024-07-16,1000000.00,4.440319,103.03125
08:00:14,912810UA4,TSRYS5802849,D,S,T,2024-07-16,1000000.00,4.440319,103.03125
08:00:14,912810UA4,TSRYS5802849,D,S,T,2024-07-16,1000000.00,4.441714,103.0078125
08:00:14,912810UA4,TSRYS5802849,D,S,T,2024-07-16,1000000.00,4.441249,103.015625
08:00:14,912810UA4,TSRYS5802849,D,S,T,2024-07-16,1000000.00,4.440319,103.03125
08:00:14,912810UA4,TSRYS5802849,D,S,T,2024-07-16,1000000.00,4.440319,103.03125
08:00:14,912810UA4,TSRYS5802849,D,S,T,2024-07-16,1000000.00,4.426972,103.255859375
08:00:14,912810UA4,TSRYS5802849,D,S,T,2024-07-16,1000000.00,4.426972,103.255859375
08:00:14,912810UA4,TSRYS5802849,D,S,T,2024-07-16,1000000.00,4.426161,103.26953125
08:00:14,912810UA4,TSRYS5802849,D,S,T,2024-07-16,1000000.00,4.429174,103.21875
08:00:14,912810UA4,TSRYS5802849,D,S,T,2024-07-16,1000000.00,4.419215,103.38671875
08:00:14,912810UA4,TSRYS5802849,D,S,T,2024-07-16,1000000.00,4.420834,103.359375
08:00:14,912810UA4,TSRYS5802849,D,S,T,2024-07-16,1000000.00,4.420834,103.359375
08:00:14,912810UA4,TSRYS5802849,D,S,T,2024-07-16,1000000.00,4.416902,103.42578125
08:00:14,912810UA4,TSRYS5802849,D,S,T,2024-07-16,1000000.00,4.417133,103.421875
08:00:14,912810UA4,TSRYS5802849,D,S,T,2024-07-16,1000000.00,4.417133,103.421875
08:00:14,912810UA4,TSRYS5802849,D,S,T,2024-07-16,1000000.00,4.417596,103.4140625
08:00:14,912810UA4,TSRYS5802849,D,S,T,2024-07-16,1000000.00,4.417596,103.4140625
08:00:14,912810UA4,TSRYS5802849,D,S,T,2024-07-16,1000000.00,4.417133,103.421875
08:00:14,912810UA4,TSRYS5802849,D,S,T,2024-07-16,1000000.00,4.408932,103.560546875
08:00:14,912810UA4,TSRYS5802849,D,S,T,2024-07-16,1000000.00,4.408932,103.560546875
08:00:14,912810UA4,TSRYS5802849,D,S,T,2024-07-16,1000000.00,4.410779,103.529296875
08:00:14,912810UA4,TSRYS5802849,D,S,T,2024-07-16,1000000.00,4.410779,103.529296875
08:00:14,912810UA4,TSRYS5802849,D,S,T,2024-07-16,1000000.00,4.410664,103.53125
08:00:14,912810UA4,TSRYS5802849,D,S,T,2024-07-16,1000000.00,4.410664,103.53125
08:00:14,912810UA4,TSRYS5802849,D,S,T,2024-07-16,1000000.00,4.404204,103.640625
08:00:14,912810UA4,TSRYS5802849,D,S,T,2024-07-16,1000000.00,4.408586,103.56640625
08:00:14,912810UA4,TSRYS5802849,D,S,T,2024-07-16,1000000.00,4.405126,103.625
08:00:14,912810UA4,TSRYS5802849,D,S,D,2024-07-16,1000000.00,4.407433,103.5859375
08:00:14,912810UA4,TSRYS5802849,D,S,T,2024-07-16,1000000.00,4.408817,103.5625
08:00:14,912810UA4,TSRYS5802849,D,S,T,2024-07-16,1000000.00,4.410664,103.53125
08:00:15,912810UA4,TSRYS5802849,D,S,D,2024-07-16,1000000.00,4.408355,103.5703125
08:00:15,912810UA4,TSRYS5802849,D,S,T,2024-07-16,1000000.00,4.403973,103.64453125
08:00:15,912810UA4,TSRYS5802849,D,S,T,2024-07-16,1000000.00,4.403973,103.64453125
08:00:15,912810UA4,TSRYS5802849,D,S,T,2024-07-16,1000000.00,4.407894,103.578125
08:00:15,912810UA4,TSRYS5802849,D,S,T,2024-07-16,1000000.00,4.405126,103.625
08:00:15,912810UA4,TSRYS5802849,D,S,T,2024-07-16,1000000.00,4.404204,103.640625
08:00:16,912810UA4,TSRYS5802849,D,S,C,2024-07-16,1500000.00,4.440295,103.03301666667
08:00:17,912810UA4,TSRYS5802849,D,S,D,2024-07-16,1000000.00,4.443342,102.98046875
08:00:17,912810UA4,TSRYS5802849,D,S,D,2024-07-16,1000000.00,4.443342,102.98046875
08:00:17,912810UA4,TSRYS5802849,D,S,D,2024-07-16,1000000.00,4.429174,103.21875
08:00:22,912810UA4,TSRYS5802849,D,S,D,2024-07-16,1000000.00,4.439854,103.0390625
08:00:22,912810UA4,TSRYS5802849,D,S,D,2024-07-16,1000000.00,4.439621,103.04296875
08:00:22,912810UA4,TSRYS5802849,D,S,C,2024-07-16,1000000.00,4.441249,103.015625
08:00:22,912810UA4,TSRYS5802849,D,B,C,2024-07-16,1000000.00,4.440319,103.03125
08:00:22,912810UA4,TSRYS5802849,D,S,D,2024-07-16,1000000.00,4.440319,103.03125
08:00:23,912810UA4,TSRYS5802849,D,S,D,2024-07-16,1000000.00,4.443342,102.98046875
08:00:23,912810UA4,TSRYS5802849,D,B,C,2024-07-16,1000000.00,4.441249,103.015625
08:00:23,912810UA4,TSRYS5802849,D,B,C,2024-07-16,1000000.00,4.418983,103.390625
08:00:23,912810UA4,TSRYS5802849,D,B,C,2024-07-16,1000000.00,4.418983,103.390625
08:00:23,912810UA4,TSRYS5802849,D,S,D,2024-07-16,1000000.00,4.441249,103.015625
08:00:23,912810UA4,TSRYS5802849,D,B,C,2024-07-16,1000000.00,4.418983,103.390625
08:00:24,912810UA4,TSRYS5802849,D,S,D,2024-07-16,1000000.00,4.439157,103.05078125
08:00:24,912810UA4,TSRYS5802849,D,B,C,2024-07-16,1000000.00,4.439157,103.05078125
08:00:26,912810UA4,TSRYS5802849,D,S,C,2024-07-16,1000000.00,4.434743,103.125
08:00:28,912810UA4,TSRYS5802849,D,S,D,2024-07-16,1000000.00,4.429174,103.21875
08:00:28,912810UA4,TSRYS5802849,D,B,C,2024-07-16,1000000.00,4.429174,103.21875
08:00:28,912810UA4,TSRYS5802849,D,S,D,2024-07-16,1000000.00,4.429174,103.21875
08:00:28,912810UA4,TSRYS5802849,D,S,D,2024-07-16,1000000.00,4.429174,103.21875
08:00:28,912810UA4,TSRYS5802849,D,B,C,2024-07-16,1000000.00,4.429174,103.21875
08:00:28,912810UA4,TSRYS5802849,D,B,C,2024-07-16,1000000.00,4.429174,103.21875
08:00:30,912810UA4,TSRYS5802849,D,S,D,2024-07-16,1000000.00,4.406971,103.59375
08:00:30,912810UA4,TSRYS5802849,D,S,D,2024-07-16,1000000.00,4.408817,103.5625
08:00:30,912810UA4,TSRYS5802849,D,S,D,2024-07-16,1000000.00,4.407894,103.578125
08:00:30,912810UA4,TSRYS5802849,D,S,D,2024-07-16,1000000.00,4.408355,103.5703125
08:00:30,912810UA4,TSRYS5802849,D,S,D,2024-07-16,1000000.00,4.408125,103.57421875
08:00:30,912810UA4,TSRYS5802849,D,S,D,2024-07-16,1000000.00,4.409048,103.55859375
08:00:30,912810UA4,TSRYS5802849,D,S,D,2024-07-16,1000000.00,4.40974,103.546875
08:00:30,912810UA4,TSRYS5802849,D,S,D,2024-07-16,1000000.00,4.410664,103.53125
08:00:30,912810UA4,TSRYS5802849,D,S,D,2024-07-16,1000000.00,4.409509,103.55078125
08:00:30,912810UA4,TSRYS5802849,D,S,D,2024-07-16,1000000.00,4.407433,103.5859375
08:00:30,912810UA4,TSRYS5802849,D,S,D,2024-07-16,1000000.00,4.408355,103.5703125
08:00:30,912810UA4,TSRYS5802849,D,S,D,2024-07-16,1000000.00,4.407433,103.5859375
08:00:30,912810UA4,TSRYS5802849,D,S,D,2024-07-16,1000000.00,4.40674,103.59765625
08:00:30,912810UA4,TSRYS5802849,D,S,D,2024-07-16,1000000.00,4.407894,103.578125
08:00:30,912810UA4,TSRYS5802849,D,S,D,2024-07-16,1000000.00,4.405126,103.625
08:00:30,912810UA4,TSRYS5802849,D,S,D,2024-07-16,1000000.00,4.440319,103.03125
08:00:30,912810UA4,TSRYS5802849,D,S,D,2024-07-16,1000000.00,4.440319,103.03125
08:00:30,912810UA4,TSRYS5802849,D,S,D,2024-07-16,1000000.00,4.439854,103.0390625
08:00:30,912810UA4,TSRYS5802849,D,S,D,2024-07-16,1000000.00,4.439621,103.04296875
08:00:30,912810UA4,TSRYS5802849,D,S,D,2024-07-16,1000000.00,4.440319,103.03125
08:00:30,912810UA4,TSRYS5802849,D,S,D,2024-07-16,1000000.00,4.434743,103.125
08:00:30,912810UA4,TSRYS5802849,D,S,D,2024-07-16,1000000.00,4.423613,103.3125
08:00:30,912810UA4,TSRYS5802849,D,S,D,2024-07-16,1000000.00,4.421066,103.35546875
08:00:30,912810UA4,TSRYS5802849,D,S,D,2024-07-16,1000000.00,4.419215,103.38671875
08:00:30,912810UA4,TSRYS5802849,D,S,D,2024-07-16,1000000.00,4.417596,103.4140625
08:00:30,912810UA4,TSRYS5802849,D,S,D,2024-07-16,1000000.00,4.416902,103.42578125
08:00:30,912810UA4,TSRYS5802849,D,S,D,2024-07-16,1000000.00,4.416902,103.42578125
08:00:30,912810UA4,TSRYS5802849,D,S,D,2024-07-16,1000000.00,4.410664,103.53125
08:00:30,912810UA4,TSRYS5802849,D,S,D,2024-07-16,1000000.00,4.410664,103.53125
08:00:30,912810UA4,TSRYS5802849,D,S,D,2024-07-16,1000000.00,4.411587,103.515625
08:00:30,912810UA4,TSRYS5802849,D,S,D,2024-07-16,1000000.00,4.40974,103.546875
08:00:30,912810UA4,TSRYS5802849,D,S,D,2024-07-16,1000000.00,4.40651,103.6015625
08:00:30,912810UA4,TSRYS5802849,D,S,D,2024-07-16,1000000.00,4.404434,103.63671875
08:00:30,912810UA4,TSRYS5802849,D,S,D,2024-07-16,1000000.00,4.404665,103.6328125
08:00:30,912810UA4,TSRYS5802849,D,S,D,2024-07-16,1000000.00,4.403282,103.65625
08:00:30,912810UA4,TSRYS5802849,D,S,D,2024-07-16,1000000.00,4.405818,103.61328125
08:00:30,912810UA4,TSRYS5802849,D,S,D,2024-07-16,1000000.00,4.403973,103.64453125
08:00:30,912810UA4,TSRYS5802849,D,S,D,2024-07-16,1000000.00,4.44532,102.947265625
08:00:30,912810UA4,TSRYS5802849,D,S,D,2024-07-16,1000000.00,4.44532,102.947265625
08:00:30,912810UA4,TSRYS5802849,D,S,D,2024-07-16,1000000.00,4.44532,102.947265625
08:00:30,912810UA4,TSRYS5802849,D,S,D,2024-07-16,2000000.00,4.439854,103.0390625
08:00:30,912810UA4,TSRYS5802849,D,S,D,2024-07-16,3000000.00,4.439854,103.0390625
08:00:30,912810UA4,TSRYS5802849,D,S,D,2024-07-16,2000000.00,4.441249,103.015625
08:00:30,912810UA4,TSRYS5802849,D,S,D,2024-07-16,2000000.00,4.441249,103.015625
08:00:30,912810UA4,TSRYS5802849,D,S,D,2024-07-16,1000000.00,4.441249,103.015625
08:00:30,912810UA4,TSRYS5802849,D,S,D,2024-07-16,1000000.00,4.439273,103.048828125
08:00:30,912810UA4,TSRYS5802849,D,S,D,2024-07-16,1000000.00,4.43997,103.037109375
08:00:30,912810UA4,TSRYS5802849,D,S,D,2024-07-16,1000000.00,4.439854,103.0390625
08:00:30,912810UA4,TSRYS5802849,D,S,D,2024-07-16,1000000.00,4.439389,103.046875
08:00:30,912810UA4,TSRYS5802849,D,S,D,2024-07-16,1000000.00,4.438692,103.05859375
08:00:30,912810UA4,TSRYS5802849,D,S,D,2024-07-16,1000000.00,4.430798,103.19140625
08:00:30,912810UA4,TSRYS5802849,D,S,D,2024-07-16,1000000.00,4.429986,103.205078125
08:00:30,912810UA4,TSRYS5802849,D,S,D,2024-07-16,1000000.00,4.428826,103.224609375
08:00:30,912810UA4,TSRYS5802849,D,S,D,2024-07-16,1000000.00,4.409625,103.548828125
08:00:30,912810UA4,TSRYS5802849,D,S,D,2024-07-16,1000000.00,4.40974,103.546875
08:00:30,912810UA4,TSRYS5802849,D,S,D,2024-07-16,1000000.00,4.408817,103.5625
08:00:30,912810UA4,TSRYS5802849,D,S,D,2024-07-16,1000000.00,4.408125,103.57421875
08:00:30,912810UA4,TSRYS5802849,D,S,D,2024-07-16,1000000.00,4.408009,103.576171875
08:00:30,912810UA4,TSRYS5802849,D,S,D,2024-07-16,1000000.00,4.408702,103.564453125
08:00:30,912810UA4,TSRYS5802849,D,S,D,2024-07-16,1000000.00,4.409971,103.54296875
08:00:30,912810UA4,TSRYS5802849,D,S,D,2024-07-16,1000000.00,4.409048,103.55859375
08:00:30,912810UA4,TSRYS5802849,D,S,D,2024-07-16,1000000.00,4.407894,103.578125
08:00:30,912810UA4,TSRYS5802849,D,S,D,2024-07-16,1000000.00,4.407779,103.580078125
08:00:30,912810UA4,TSRYS5802849,D,S,D,2024-07-16,1000000.00,4.407548,103.583984375
08:00:30,912810UA4,TSRYS5802849,D,S,D,2024-07-16,1000000.00,4.402936,103.662109375
08:00:30,912810UA4,TSRYS5802849,D,S,D,2024-07-16,1000000.00,4.403858,103.646484375
08:00:30,912810UA4,TSRYS5802849,D,S,D,2024-07-16,1000000.00,4.403743,103.6484375
08:00:30,912810UA4,TSRYS5802849,D,S,D,2024-07-16,1000000.00,4.403973,103.64453125
08:00:30,912810UA4,TSRYS5802849,D,S,D,2024-07-16,1000000.00,4.403743,103.6484375
08:00:30,912810UA4,TSRYS5802849,D,S,D,2024-07-16,1000000.00,4.403628,103.650390625
08:00:30,912810UA4,TSRYS5802849,D,S,D,2024-07-16,1000000.00,4.403628,103.650390625
08:00:30,912810UA4,TSRYS5802849,D,S,D,2024-07-16,1000000.00,4.40674,103.59765625
08:00:30,912810UA4,TSRYS5802849,D,S,D,2024-07-16,1000000.00,4.408471,103.568359375
08:00:30,912810UA4,TSRYS5802849,D,S,D,2024-07-16,1000000.00,4.408471,103.568359375
08:00:30,912810UA4,TSRYS5802849,D,S,D,2024-07-16,1000000.00,4.407548,103.583984375
08:00:30,912810UA4,TSRYS5802849,D,S,D,2024-07-16,1000000.00,4.406279,103.60546875
08:00:30,912810UA4,TSRYS5802849,D,S,D,2024-07-16,1000000.00,4.405703,103.615234375
08:00:30,912810UA4,TSRYS5802849,D,S,D,2024-07-16,1000000.00,4.404089,103.642578125
08:00:30,912810UA4,TSRYS5802849,D,S,D,2024-07-16,1000000.00,4.404204,103.640625
08:00:30,912810UA4,TSRYS5802849,D,S,D,2024-07-16,1000000.00,4.404204,103.640625
08:00:30,912810UA4,TSRYS5802849,D,S,D,2024-07-16,1000000.00,4.403973,103.64453125
08:00:30,912810UA4,TSRYS5802849,D,S,D,2024-07-16,1000000.00,4.404319,103.638671875
08:00:30,912810UA4,TSRYS5802849,D,S,D,2024-07-16,1000000.00,4.404434,103.63671875
08:00:30,912810UA4,TSRYS5802849,D,S,D,2024-07-16,1000000.00,4.404665,103.6328125
08:00:30,912810UA4,TSRYS5802849,D,S,D,2024-07-16,1000000.00,4.404434,103.63671875
08:00:30,912810UA4,TSRYS5802849,D,S,D,2024-07-16,1000000.00,4.404665,103.6328125
08:00:30,912810UA4,TSRYS5802849,D,S,D,2024-07-16,1000000.00,4.407433,103.5859375
08:00:30,912810UA4,TSRYS5802849,D,S,D,2024-07-16,1000000.00,4.40824,103.572265625
08:00:30,912810UA4,TSRYS5802849,D,S,D,2024-07-16,1000000.00,4.406971,103.59375
08:00:30,912810UA4,TSRYS5802849,D,S,D,2024-07-16,2000000.00,4.410664,103.53125
08:00:30,912810UA4,TSRYS5802849,D,S,D,2024-07-16,1000000.00,4.403973,103.64453125
08:00:30,912810UA4,TSRYS5802849,D,S,D,2024-07-16,1000000.00,4.403973,103.64453125
08:00:30,912810UA4,TSRYS5802849,D,S,D,2024-07-16,1000000.00,4.403858,103.646484375
08:00:30,912810UA4,TSRYS5802849,D,S,D,2024-07-16,1000000.00,4.40455,103.634765625
08:00:30,912810UA4,TSRYS5802849,D,S,D,2024-07-16,1000000.00,4.404434,103.63671875
08:00:30,912810UA4,TSRYS5802849,D,S,D,2024-07-16,1000000.00,4.403167,103.658203125
08:00:30,912810UA4,TSRYS5802849,D,S,D,2024-07-16,1000000.00,4.405126,103.625
08:00:30,912810UA4,TSRYS5802849,D,S,D,2024-07-16,1000000.00,4.40651,103.6015625
08:00:30,912810UA4,TSRYS5802849,D,S,D,2024-07-16,1000000.00,4.406279,103.60546875
08:00:30,912810UA4,TSRYS5802849,D,S,D,2024-07-16,1000000.00,4.40455,103.634765625
08:00:30,912810UA4,TSRYS5802849,D,S,D,2024-07-16,1000000.00,4.404319,103.638671875
08:00:30,912810UA4,TSRYS5802849,D,S,D,2024-07-16,1000000.00,4.404089,103.642578125
08:00:30,912810UA4,TSRYS5802849,D,S,D,2024-07-16,1000000.00,4.404896,103.62890625
08:00:30,912810UA4,TSRYS5802849,D,S,D,2024-07-16,1000000.00,4.404434,103.63671875
08:00:30,912810UA4,TSRYS5802849,D,S,T,2024-07-16,1000000.00,4.44532,102.947265625
08:00:30,912810UA4,TSRYS5802849,D,S,T,2024-07-16,1000000.00,4.44532,102.947265625
08:00:30,912810UA4,TSRYS5802849,D,S,T,2024-07-16,1000000.00,4.445553,102.943359375
08:00:30,912810UA4,TSRYS5802849,D,S,T,2024-07-16,1000000.00,4.445553,102.943359375
08:00:30,912810UA4,TSRYS5802849,D,S,T,2024-07-16,1000000.00,4.445204,102.94921875
08:00:30,912810UA4,TSRYS5802849,D,S,D,2024-07-16,1000000.00,4.441947,103.00390625
08:00:30,912810UA4,TSRYS5802849,D,S,T,2024-07-16,1000000.00,4.440319,103.03125
08:00:30,912810UA4,TSRYS5802849,D,S,T,2024-07-16,1000000.00,4.440319,103.03125
08:00:30,912810UA4,TSRYS5802849,D,S,T,2024-07-16,1000000.00,4.43997,103.037109375
08:00:30,912810UA4,TSRYS5802849,D,S,T,2024-07-16,1000000.00,4.43997,103.037109375
08:00:30,912810UA4,TSRYS5802849,D,S,T,2024-07-16,1000000.00,4.439854,103.0390625
08:00:30,912810UA4,TSRYS5802849,D,S,T,2024-07-16,1000000.00,4.439389,103.046875
08:00:30,912810UA4,TSRYS5802849,D,S,T,2024-07-16,1000000.00,4.426856,103.2578125
08:00:30,912810UA4,TSRYS5802849,D,S,T,2024-07-16,1000000.00,4.428247,103.234375
08:00:30,912810UA4,TSRYS5802849,D,S,T,2024-07-16,1000000.00,4.428247,103.234375
08:00:30,912810UA4,TSRYS5802849,D,S,T,2024-07-16,1000000.00,4.425929,103.2734375
08:00:30,912810UA4,TSRYS5802849,D,S,T,2024-07-16,1000000.00,4.426277,103.267578125
08:00:30,912810UA4,TSRYS5802849,D,S,T,2024-07-16,1000000.00,4.426508,103.263671875
08:00:30,912810UA4,TSRYS5802849,D,S,T,2024-07-16,1000000.00,4.426277,103.267578125
08:00:30,912810UA4,TSRYS5802849,D,S,T,2024-07-16,1000000.00,4.424076,103.3046875
08:00:30,912810UA4,TSRYS5802849,D,S,T,2024-07-16,1000000.00,4.424539,103.296875
08:00:30,912810UA4,TSRYS5802849,D,S,T,2024-07-16,1000000.00,4.423497,103.314453125
08:00:30,912810UA4,TSRYS5802849,D,S,T,2024-07-16,1000000.00,4.421066,103.35546875
08:00:30,912810UA4,TSRYS5802849,D,S,T,2024-07-16,1000000.00,4.420603,103.36328125
08:00:30,912810UA4,TSRYS5802849,D,S,T,2024-07-16,1000000.00,4.421066,103.35546875
08:00:30,912810UA4,TSRYS5802849,D,S,T,2024-07-16,1000000.00,4.419099,103.388671875
08:00:30,912810UA4,TSRYS5802849,D,S,T,2024-07-16,1000000.00,4.417249,103.419921875
08:00:30,912810UA4,TSRYS5802849,D,S,T,2024-07-16,1000000.00,4.416671,103.4296875
08:00:30,912810UA4,TSRYS5802849,D,S,T,2024-07-16,1000000.00,4.417711,103.412109375
08:00:30,912810UA4,TSRYS5802849,D,S,T,2024-07-16,1000000.00,4.417596,103.4140625
08:00:30,912810UA4,TSRYS5802849,D,S,T,2024-07-16,1000000.00,4.417596,103.4140625
08:00:30,912810UA4,TSRYS5802849,D,S,T,2024-07-16,1000000.00,4.417596,103.4140625
08:00:30,912810UA4,TSRYS5802849,D,S,T,2024-07-16,1000000.00,4.413666,103.48046875
08:00:30,912810UA4,TSRYS5802849,D,S,T,2024-07-16,1000000.00,4.408125,103.57421875
08:00:30,912810UA4,TSRYS5802849,D,S,T,2024-07-16,1000000.00,4.408932,103.560546875
08:00:30,912810UA4,TSRYS5802849,D,S,T,2024-07-16,1000000.00,4.408817,103.5625
08:00:30,912810UA4,TSRYS5802849,D,S,T,2024-07-16,1000000.00,4.410895,103.52734375
08:00:30,912810UA4,TSRYS5802849,D,S,T,2024-07-16,1000000.00,4.410779,103.529296875
08:00:30,912810UA4,TSRYS5802849,D,S,T,2024-07-16,1000000.00,4.410664,103.53125
08:00:30,912810UA4,TSRYS5802849,D,S,T,2024-07-16,1000000.00,4.409971,103.54296875
08:00:30,912810UA4,TSRYS5802849,D,S,T,2024-07-16,1000000.00,4.407894,103.578125
08:00:30,912810UA4,TSRYS5802849,D,S,T,2024-07-16,1000000.00,4.407894,103.578125
08:00:30,912810UA4,TSRYS5802849,D,S,T,2024-07-16,1000000.00,4.407779,103.580078125
08:00:30,912810UA4,TSRYS5802849,D,S,T,2024-07-16,1000000.00,4.407663,103.58203125
08:00:30,912810UA4,TSRYS5802849,D,S,T,2024-07-16,1000000.00,4.405241,103.623046875
08:00:30,912810UA4,TSRYS5802849,D,S,T,2024-07-16,1000000.00,4.403858,103.646484375
08:00:30,912810UA4,TSRYS5802849,D,S,T,2024-07-16,1000000.00,4.403743,103.6484375
08:00:30,912810UA4,TSRYS5802849,D,S,T,2024-07-16,1000000.00,4.403743,103.6484375
08:00:30,912810UA4,TSRYS5802849,D,S,T,2024-07-16,1000000.00,4.40236,103.671875
08:00:33,912810UA4,TSRYS5802849,D,S,T,2024-07-16,1000000.00,4.40674,103.59765625
08:00:33,912810UA4,TSRYS5802849,D,S,T,2024-07-16,1000000.00,4.407433,103.5859375
08:00:33,912810UA4,TSRYS5802849,D,S,T,2024-07-16,1000000.00,4.408471,103.568359375
08:00:33,912810UA4,TSRYS5802849,D,S,T,2024-07-16,1000000.00,4.40974,103.546875
08:00:33,912810UA4,TSRYS5802849,D,S,T,2024-07-16,1000000.00,4.409856,103.544921875
08:00:33,912810UA4,TSRYS5802849,D,S,T,2024-07-16,1000000.00,4.40974,103.546875
08:00:33,912810UA4,TSRYS5802849,D,S,T,2024-07-16,1000000.00,4.408009,103.576171875
08:00:33,912810UA4,TSRYS5802849,D,S,D,2024-07-16,1000000.00,4.407663,103.58203125
08:00:33,912810UA4,TSRYS5802849,D,S,T,2024-07-16,1000000.00,4.409163,103.556640625
08:00:33,912810UA4,TSRYS5802849,D,S,T,2024-07-16,1000000.00,4.409048,103.55859375
08:00:33,912810UA4,TSRYS5802849,D,S,D,2024-07-16,1000000.00,4.410664,103.53125
08:00:33,912810UA4,TSRYS5802849,D,S,D,2024-07-16,1000000.00,4.410664,103.53125
08:00:33,912810UA4,TSRYS5802849,D,S,T,2024-07-16,1000000.00,4.409856,103.544921875
08:00:33,912810UA4,TSRYS5802849,D,S,T,2024-07-16,1000000.00,4.410202,103.5390625
08:00:33,912810UA4,TSRYS5802849,D,S,T,2024-07-16,1000000.00,4.408702,103.564453125
08:00:33,912810UA4,TSRYS5802849,D,S,T,2024-07-16,1000000.00,4.407894,103.578125
08:00:33,912810UA4,TSRYS5802849,D,S,T,2024-07-16,1000000.00,4.407548,103.583984375
08:00:33,912810UA4,TSRYS5802849,D,S,T,2024-07-16,1000000.00,4.408355,103.5703125
08:00:33,912810UA4,TSRYS5802849,D,S,T,2024-07-16,1000000.00,4.410433,103.53515625
08:00:33,912810UA4,TSRYS5802849,D,S,T,2024-07-16,1000000.00,4.410433,103.53515625
08:00:33,912810UA4,TSRYS5802849,D,S,T,2024-07-16,1000000.00,4.410433,103.53515625
08:00:33,912810UA4,TSRYS5802849,D,S,T,2024-07-16,1000000.00,4.408817,103.5625
08:00:33,912810UA4,TSRYS5802849,D,S,T,2024-07-16,1000000.00,4.408586,103.56640625
08:00:33,912810UA4,TSRYS5802849,D,S,T,2024-07-16,1000000.00,4.408586,103.56640625
08:00:33,912810UA4,TSRYS5802849,D,S,T,2024-07-16,2000000.00,4.407663,103.58203125
08:00:33,912810UA4,TSRYS5802849,D,S,T,2024-07-16,2000000.00,4.407663,103.58203125
08:00:33,912810UA4,TSRYS5802849,D,S,T,2024-07-16,1000000.00,4.40651,103.6015625
08:00:33,912810UA4,TSRYS5802849,D,S,T,2024-07-16,1000000.00,4.406049,103.609375
08:00:33,912810UA4,TSRYS5802849,D,S,T,2024-07-16,1000000.00,4.403628,103.650390625
08:00:33,912810UA4,TSRYS5802849,D,S,T,2024-07-16,1000000.00,4.403858,103.646484375
08:00:33,912810UA4,TSRYS5802849,D,S,T,2024-07-16,1000000.00,4.403858,103.646484375
08:00:33,912810UA4,TSRYS5802849,D,S,T,2024-07-16,1000000.00,4.404665,103.6328125
08:00:33,912810UA4,TSRYS5802849,D,S,T,2024-07-16,1000000.00,4.404665,103.6328125
08:00:33,912810UA4,TSRYS5802849,D,S,T,2024-07-16,2000000.00,4.405818,103.61328125
08:00:33,912810UA4,TSRYS5802849,D,S,T,2024-07-16,1000000.00,4.405472,103.619140625
08:00:33,912810UA4,TSRYS5802849,D,S,T,2024-07-16,1000000.00,4.404434,103.63671875
08:00:33,912810UA4,TSRYS5802849,D,S,D,2024-07-16,1000000.00,4.405587,103.6171875
08:00:33,912810UA4,TSRYS5802849,D,S,D,2024-07-16,1000000.00,4.406971,103.59375
08:00:33,912810UA4,TSRYS5802849,D,S,D,2024-07-16,1000000.00,4.403282,103.65625
08:00:33,912810UA4,TSRYS5802849,D,S,D,2024-07-16,1000000.00,4.40259,103.66796875
08:00:33,912810UA4,TSRYS5802849,D,S,T,2024-07-16,1000000.00,4.403512,103.65234375
08:00:33,912810UA4,TSRYS5802849,D,S,T,2024-07-16,1000000.00,4.403512,103.65234375
08:00:33,912810UA4,TSRYS5802849,D,S,T,2024-07-16,1000000.00,4.403512,103.65234375
08:00:33,912810UA4,TSRYS5802849,D,S,T,2024-07-16,1000000.00,4.403512,103.65234375
08:00:33,912810UA4,TSRYS5802849,D,S,T,2024-07-16,1000000.00,4.403512,103.65234375
08:00:33,912810UA4,TSRYS5802849,D,S,T,2024-07-16,1000000.00,4.403512,103.65234375
08:00:33,912810UA4,TSRYS5802849,D,S,T,2024-07-16,1000000.00,4.404204,103.640625
08:00:33,912810UA4,TSRYS5802849,D,S,T,2024-07-16,1000000.00,4.404665,103.6328125
08:00:33,912810UA4,TSRYS5802849,D,S,T,2024-07-16,1000000.00,4.406049,103.609375
08:00:33,912810UA4,TSRYS5802849,D,S,D,2024-07-16,1000000.00,4.406049,103.609375
08:00:33,912810UA4,TSRYS5802849,D,S,T,2024-07-16,1000000.00,4.404089,103.642578125
08:00:33,912810UA4,TSRYS5802849,D,S,T,2024-07-16,1000000.00,4.404089,103.642578125
08:00:33,912810UA4,TSRYS5802849,D,S,T,2024-07-16,1000000.00,4.439389,103.046875
08:00:33,912810UA4,TSRYS5802849,D,S,T,2024-07-16,1000000.00,4.439389,103.046875
08:00:33,912810UA4,TSRYS5802849,D,S,T,2024-07-16,1000000.00,4.439389,103.046875
08:00:33,912810UA4,TSRYS5802849,D,S,T,2024-07-16,1000000.00,4.439389,103.046875
08:00:33,912810UA4,TSRYS5802849,D,S,T,2024-07-16,1000000.00,4.439389,103.046875
08:00:33,912810UA4,TSRYS5802849,D,S,T,2024-07-16,1000000.00,4.440319,103.03125
08:00:33,912810UA4,TSRYS5802849,D,S,T,2024-07-16,1000000.00,4.439389,103.046875
08:00:33,912810UA4,TSRYS5802849,D,S,T,2024-07-16,1000000.00,4.439738,103.041015625
08:00:33,912810UA4,TSRYS5802849,D,S,T,2024-07-16,1000000.00,4.440784,103.0234375
08:00:33,912810UA4,TSRYS5802849,D,S,T,2024-07-16,1000000.00,4.440784,103.0234375
08:00:33,912810UA4,TSRYS5802849,D,S,T,2024-07-16,1000000.00,4.440784,103.0234375
08:00:33,912810UA4,TSRYS5802849,D,S,T,2024-07-16,1000000.00,4.440086,103.03515625
08:00:33,912810UA4,TSRYS5802849,D,S,T,2024-07-16,1000000.00,4.440784,103.0234375
08:00:33,912810UA4,TSRYS5802849,D,S,T,2024-07-16,1000000.00,4.441481,103.01171875
08:00:33,912810UA4,TSRYS5802849,D,S,T,2024-07-16,1000000.00,4.440319,103.03125
08:00:33,912810UA4,TSRYS5802849,D,S,T,2024-07-16,1000000.00,4.440319,103.03125
08:00:33,912810UA4,TSRYS5802849,D,S,T,2024-07-16,1000000.00,4.440319,103.03125
08:00:33,912810UA4,TSRYS5802849,D,S,T,2024-07-16,1000000.00,4.440319,103.03125
08:00:33,912810UA4,TSRYS5802849,D,S,T,2024-07-16,1000000.00,4.440086,103.03515625
08:00:33,912810UA4,TSRYS5802849,D,S,T,2024-07-16,1000000.00,4.440086,103.03515625
08:00:33,912810UA4,TSRYS5802849,D,S,T,2024-07-16,1000000.00,4.440086,103.03515625
08:00:33,912810UA4,TSRYS5802849,D,S,T,2024-07-16,1000000.00,4.439854,103.0390625
08:00:33,912810UA4,TSRYS5802849,D,S,T,2024-07-16,1000000.00,4.43753,103.078125
08:00:33,912810UA4,TSRYS5802849,D,S,T,2024-07-16,1000000.00,4.43753,103.078125
08:00:33,912810UA4,TSRYS5802849,D,S,T,2024-07-16,1000000.00,4.438924,103.0546875
08:00:33,912810UA4,TSRYS5802849,D,S,T,2024-07-16,1000000.00,4.440319,103.03125
08:00:33,912810UA4,TSRYS5802849,D,S,T,2024-07-16,1000000.00,4.440319,103.03125
08:00:33,912810UA4,TSRYS5802849,D,S,T,2024-07-16,1000000.00,4.440319,103.03125
08:00:33,912810UA4,TSRYS5802849,D,S,T,2024-07-16,1000000.00,4.438459,103.0625
08:00:33,912810UA4,TSRYS5802849,D,S,T,2024-07-16,1000000.00,4.438459,103.0625
08:00:33,912810UA4,TSRYS5802849,D,S,T,2024-07-16,1000000.00,4.439389,103.046875
08:00:33,912810UA4,TSRYS5802849,D,S,T,2024-07-16,1000000.00,4.431958,103.171875
08:00:33,912810UA4,TSRYS5802849,D,S,T,2024-07-16,1000000.00,4.433698,103.142578125
08:00:33,912810UA4,TSRYS5802849,D,S,T,2024-07-16,1000000.00,4.433582,103.14453125
08:00:33,912810UA4,TSRYS5802849,D,S,T,2024-07-16,1000000.00,4.434743,103.125
08:00:33,912810UA4,TSRYS5802849,D,S,T,2024-07-16,1000000.00,4.430102,103.203125
08:00:33,912810UA4,TSRYS5802849,D,S,T,2024-07-16,1000000.00,4.427783,103.2421875
08:00:33,912810UA4,TSRYS5802849,D,S,T,2024-07-16,1000000.00,4.427783,103.2421875
08:00:33,912810UA4,TSRYS5802849,D,S,T,2024-07-16,1000000.00,4.427783,103.2421875
08:00:33,912810UA4,TSRYS5802849,D,S,T,2024-07-16,1000000.00,4.427783,103.2421875
08:00:33,912810UA4,TSRYS5802849,D,S,T,2024-07-16,1000000.00,4.428131,103.236328125
08:00:33,912810UA4,TSRYS5802849,D,S,T,2024-07-16,1000000.00,4.428015,103.23828125
08:00:33,912810UA4,TSRYS5802849,D,S,T,2024-07-16,1000000.00,4.428015,103.23828125
08:00:33,912810UA4,TSRYS5802849,D,S,T,2024-07-16,1000000.00,4.427319,103.25
08:00:33,912810UA4,TSRYS5802849,D,S,T,2024-07-16,1000000.00,4.426392,103.265625
08:00:33,912810UA4,TSRYS5802849,D,S,T,2024-07-16,1000000.00,4.426392,103.265625
08:00:33,912810UA4,TSRYS5802849,D,S,T,2024-07-16,1000000.00,4.426392,103.265625
08:00:33,912810UA4,TSRYS5802849,D,S,T,2024-07-16,1000000.00,4.429174,103.21875
08:00:33,912810UA4,TSRYS5802849,D,S,T,2024-07-16,1000000.00,4.429174,103.21875
08:00:33,912810UA4,TSRYS5802849,D,S,T,2024-07-16,1000000.00,4.430102,103.203125
08:00:33,912810UA4,TSRYS5802849,D,S,T,2024-07-16,1000000.00,4.430102,103.203125
08:00:33,912810UA4,TSRYS5802849,D,S,T,2024-07-16,1000000.00,4.43045,103.197265625
08:00:33,912810UA4,TSRYS5802849,D,S,T,2024-07-16,1000000.00,4.430102,103.203125
08:00:33,912810UA4,TSRYS5802849,D,S,T,2024-07-16,1000000.00,4.425466,103.28125
08:00:33,912810UA4,TSRYS5802849,D,S,T,2024-07-16,1000000.00,4.422686,103.328125
08:00:33,912810UA4,TSRYS5802849,D,S,T,2024-07-16,1000000.00,4.42176,103.34375
08:00:33,912810UA4,TSRYS5802849,D,S,T,2024-07-16,1000000.00,4.423613,103.3125
08:00:33,912810UA4,TSRYS5802849,D,S,T,2024-07-16,1000000.00,4.423613,103.3125
08:00:33,912810UA4,TSRYS5802849,D,S,T,2024-07-16,1000000.00,4.423613,103.3125
08:00:33,912810UA4,TSRYS5802849,D,S,T,2024-07-16,1000000.00,4.42176,103.34375
08:00:33,912810UA4,TSRYS5802849,D,S,T,2024-07-16,1000000.00,4.42176,103.34375
08:00:33,912810UA4,TSRYS5802849,D,S,T,2024-07-16,1000000.00,4.42176,103.34375
08:00:33,912810UA4,TSRYS5802849,D,S,T,2024-07-16,1000000.00,4.42176,103.34375
08:00:33,912810UA4,TSRYS5802849,D,S,T,2024-07-16,1000000.00,4.42176,103.34375
08:00:33,912810UA4,TSRYS5802849,D,S,T,2024-07-16,1000000.00,4.42176,103.34375
08:00:33,912810UA4,TSRYS5802849,D,S,T,2024-07-16,1000000.00,4.42176,103.34375
08:00:33,912810UA4,TSRYS5802849,D,S,T,2024-07-16,1000000.00,4.42176,103.34375
08:00:33,912810UA4,TSRYS5802849,D,S,T,2024-07-16,1000000.00,4.42176,103.34375
08:00:33,912810UA4,TSRYS5802849,D,S,T,2024-07-16,1000000.00,4.42176,103.34375
08:00:33,912810UA4,TSRYS5802849,D,S,T,2024-07-16,1000000.00,4.421066,103.35546875
08:00:33,912810UA4,TSRYS5802849,D,S,T,2024-07-16,1000000.00,4.421066,103.35546875
08:00:33,912810UA4,TSRYS5802849,D,S,T,2024-07-16,1000000.00,4.420719,103.361328125
08:00:33,912810UA4,TSRYS5802849,D,S,T,2024-07-16,1000000.00,4.420603,103.36328125
08:00:33,912810UA4,TSRYS5802849,D,S,T,2024-07-16,1000000.00,4.420834,103.359375
08:00:33,912810UA4,TSRYS5802849,D,S,T,2024-07-16,1000000.00,4.422108,103.337890625
08:00:33,912810UA4,TSRYS5802849,D,S,T,2024-07-16,1000000.00,4.419909,103.375
08:00:33,912810UA4,TSRYS5802849,D,S,T,2024-07-16,1000000.00,4.420719,103.361328125
08:00:33,912810UA4,TSRYS5802849,D,S,T,2024-07-16,1000000.00,4.419909,103.375
08:00:33,912810UA4,TSRYS5802849,D,S,T,2024-07-16,1000000.00,4.420719,103.361328125
08:00:33,912810UA4,TSRYS5802849,D,S,T,2024-07-16,1000000.00,4.419215,103.38671875
08:00:33,912810UA4,TSRYS5802849,D,S,T,2024-07-16,1000000.00,4.417827,103.41015625
08:00:33,912810UA4,TSRYS5802849,D,S,T,2024-07-16,1000000.00,4.417827,103.41015625
08:00:33,912810UA4,TSRYS5802849,D,S,T,2024-07-16,1000000.00,4.417827,103.41015625
08:00:33,912810UA4,TSRYS5802849,D,S,T,2024-07-16,1000000.00,4.418058,103.40625
08:00:33,912810UA4,TSRYS5802849,D,S,T,2024-07-16,1000000.00,4.417133,103.421875
08:00:33,912810UA4,TSRYS5802849,D,S,T,2024-07-16,1000000.00,4.417133,103.421875
08:00:33,912810UA4,TSRYS5802849,D,S,T,2024-07-16,1000000.00,4.417827,103.41015625
08:00:33,912810UA4,TSRYS5802849,D,S,T,2024-07-16,1000000.00,4.417827,103.41015625
08:00:33,912810UA4,TSRYS5802849,D,S,T,2024-07-16,1000000.00,4.419215,103.38671875
08:00:33,912810UA4,TSRYS5802849,D,S,T,2024-07-16,1000000.00,4.419215,103.38671875
08:00:33,912810UA4,TSRYS5802849,D,S,T,2024-07-16,1000000.00,4.419215,103.38671875
08:00:33,912810UA4,TSRYS5802849,D,S,T,2024-07-16,1000000.00,4.419909,103.375
08:00:33,912810UA4,TSRYS5802849,D,S,T,2024-07-16,1000000.00,4.419909,103.375
08:00:33,912810UA4,TSRYS5802849,D,S,T,2024-07-16,1000000.00,4.420719,103.361328125
08:00:33,912810UA4,TSRYS5802849,D,S,T,2024-07-16,1000000.00,4.420834,103.359375
08:00:33,912810UA4,TSRYS5802849,D,S,T,2024-07-16,1000000.00,4.420834,103.359375
08:00:33,912810UA4,TSRYS5802849,D,S,T,2024-07-16,1000000.00,4.420719,103.361328125
08:00:33,912810UA4,TSRYS5802849,D,S,T,2024-07-16,1000000.00,4.420719,103.361328125
08:00:33,912810UA4,TSRYS5802849,D,S,T,2024-07-16,1000000.00,4.420719,103.361328125
08:00:33,912810UA4,TSRYS5802849,D,S,T,2024-07-16,1000000.00,4.420719,103.361328125
08:00:33,912810UA4,TSRYS5802849,D,S,T,2024-07-16,1000000.00,4.420834,103.359375
08:00:33,912810UA4,TSRYS5802849,D,S,T,2024-07-16,1000000.00,4.419215,103.38671875
08:00:33,912810UA4,TSRYS5802849,D,S,T,2024-07-16,1000000.00,4.419215,103.38671875
08:00:33,912810UA4,TSRYS5802849,D,S,T,2024-07-16,1000000.00,4.419215,103.38671875
08:00:33,912810UA4,TSRYS5802849,D,S,T,2024-07-16,1000000.00,4.419215,103.38671875
08:00:33,912810UA4,TSRYS5802849,D,S,T,2024-07-16,1000000.00,4.419215,103.38671875
08:00:33,912810UA4,TSRYS5802849,D,S,T,2024-07-16,1000000.00,4.417827,103.41015625
08:00:33,912810UA4,TSRYS5802849,D,S,T,2024-07-16,1000000.00,4.418983,103.390625
08:00:33,912810UA4,TSRYS5802849,D,S,T,2024-07-16,1000000.00,4.417827,103.41015625
08:00:33,912810UA4,TSRYS5802849,D,S,T,2024-07-16,1000000.00,4.41748,103.416015625
08:00:33,912810UA4,TSRYS5802849,D,S,T,2024-07-16,1000000.00,4.417364,103.41796875
08:00:33,912810UA4,TSRYS5802849,D,S,T,2024-07-16,2000000.00,4.417364,103.41796875
08:00:33,912810UA4,TSRYS5802849,D,S,T,2024-07-16,1000000.00,4.417364,103.41796875
08:00:33,912810UA4,TSRYS5802849,D,S,T,2024-07-16,1000000.00,4.417364,103.41796875
08:00:33,912810UA4,TSRYS5802849,D,S,T,2024-07-16,1000000.00,4.417133,103.421875
08:00:33,912810UA4,TSRYS5802849,D,S,T,2024-07-16,1000000.00,4.417133,103.421875
08:00:33,912810UA4,TSRYS5802849,D,S,T,2024-07-16,1000000.00,4.417133,103.421875
08:00:33,912810UA4,TSRYS5802849,D,S,T,2024-07-16,1000000.00,4.417133,103.421875
08:00:33,912810UA4,TSRYS5802849,D,S,T,2024-07-16,1000000.00,4.417133,103.421875
08:00:33,912810UA4,TSRYS5802849,D,S,T,2024-07-16,1000000.00,4.417133,103.421875
08:00:33,912810UA4,TSRYS5802849,D,S,T,2024-07-16,1000000.00,4.417133,103.421875
08:00:33,912810UA4,TSRYS5802849,D,S,T,2024-07-16,1000000.00,4.417133,103.421875
08:00:33,912810UA4,TSRYS5802849,D,S,T,2024-07-16,1000000.00,4.417827,103.41015625
08:00:33,912810UA4,TSRYS5802849,D,S,T,2024-07-16,1000000.00,4.418058,103.40625
08:00:33,912810UA4,TSRYS5802849,D,S,T,2024-07-16,1000000.00,4.417596,103.4140625
08:00:33,912810UA4,TSRYS5802849,D,S,T,2024-07-16,1000000.00,4.417596,103.4140625
08:00:33,912810UA4,TSRYS5802849,D,S,T,2024-07-16,1000000.00,4.417596,103.4140625
08:00:33,912810UA4,TSRYS5802849,D,S,T,2024-07-16,1000000.00,4.414937,103.458984375
08:00:33,912810UA4,TSRYS5802849,D,S,T,2024-07-16,1000000.00,4.410664,103.53125
08:00:33,912810UA4,TSRYS5802849,D,S,T,2024-07-16,1000000.00,4.412049,103.5078125
08:00:33,912810UA4,TSRYS5802849,D,S,T,2024-07-16,1000000.00,4.412049,103.5078125
08:00:33,912810UA4,TSRYS5802849,D,S,T,2024-07-16,1000000.00,4.410664,103.53125
08:00:33,912810UA4,TSRYS5802849,D,S,T,2024-07-16,1000000.00,4.410664,103.53125
08:00:33,912810UA4,TSRYS5802849,D,S,T,2024-07-16,1000000.00,4.410664,103.53125
08:00:33,912810UA4,TSRYS5802849,D,S,T,2024-07-16,1000000.00,4.409279,103.5546875
08:00:33,912810UA4,TSRYS5802849,D,S,T,2024-07-16,1000000.00,4.40974,103.546875
08:00:33,912810UA4,TSRYS5802849,D,S,T,2024-07-16,1000000.00,4.40974,103.546875
08:00:33,912810UA4,TSRYS5802849,D,S,T,2024-07-16,1000000.00,4.40974,103.546875
08:00:33,912810UA4,TSRYS5802849,D,S,T,2024-07-16,1000000.00,4.409279,103.5546875
08:00:33,912810UA4,TSRYS5802849,D,S,T,2024-07-16,1000000.00,4.40974,103.546875
08:00:33,912810UA4,TSRYS5802849,D,S,T,2024-07-16,1000000.00,4.40974,103.546875
08:00:33,912810UA4,TSRYS5802849,D,S,T,2024-07-16,1000000.00,4.40974,103.546875
08:00:33,912810UA4,TSRYS5802849,D,S,T,2024-07-16,1000000.00,4.409279,103.5546875
08:00:33,912810UA4,TSRYS5802849,D,S,T,2024-07-16,1000000.00,4.409279,103.5546875
08:00:33,912810UA4,TSRYS5802849,D,S,T,2024-07-16,1000000.00,4.407894,103.578125
08:00:33,912810UA4,TSRYS5802849,D,S,T,2024-07-16,1000000.00,4.407779,103.580078125
08:00:33,912810UA4,TSRYS5802849,D,S,T,2024-07-16,1000000.00,4.409279,103.5546875
08:00:33,912810UA4,TSRYS5802849,D,S,T,2024-07-16,1000000.00,4.409279,103.5546875
08:00:33,912810UA4,TSRYS5802849,D,S,T,2024-07-16,1000000.00,4.40974,103.546875
08:00:33,912810UA4,TSRYS5802849,D,S,T,2024-07-16,1000000.00,4.408817,103.5625
08:00:33,912810UA4,TSRYS5802849,D,S,T,2024-07-16,1000000.00,4.409279,103.5546875
08:00:33,912810UA4,TSRYS5802849,D,S,T,2024-07-16,1000000.00,4.40974,103.546875
08:00:33,912810UA4,TSRYS5802849,D,S,T,2024-07-16,1000000.00,4.40974,103.546875
08:00:33,912810UA4,TSRYS5802849,D,S,T,2024-07-16,1000000.00,4.40974,103.546875
08:00:33,912810UA4,TSRYS5802849,D,S,T,2024-07-16,1000000.00,4.410664,103.53125
08:00:33,912810UA4,TSRYS5802849,D,S,T,2024-07-16,1000000.00,4.410664,103.53125
08:00:33,912810UA4,TSRYS5802849,D,S,T,2024-07-16,1000000.00,4.410895,103.52734375
08:00:33,912810UA4,TSRYS5802849,D,S,T,2024-07-16,1000000.00,4.410779,103.529296875
08:00:33,912810UA4,TSRYS5802849,D,S,T,2024-07-16,1000000.00,4.410664,103.53125
08:00:33,912810UA4,TSRYS5802849,D,S,T,2024-07-16,2000000.00,4.410664,103.53125
08:00:33,912810UA4,TSRYS5802849,D,S,T,2024-07-16,2000000.00,4.410664,103.53125
08:00:33,912810UA4,TSRYS5802849,D,S,T,2024-07-16,1000000.00,4.410779,103.529296875
08:00:33,912810UA4,TSRYS5802849,D,S,T,2024-07-16,1000000.00,4.410664,103.53125
08:00:33,912810UA4,TSRYS5802849,D,S,T,2024-07-16,1000000.00,4.411587,103.515625
08:00:33,912810UA4,TSRYS5802849,D,S,T,2024-07-16,1000000.00,4.411587,103.515625
08:00:33,912810UA4,TSRYS5802849,D,S,T,2024-07-16,1000000.00,4.411241,103.521484375
08:00:33,912810UA4,TSRYS5802849,D,S,T,2024-07-16,1000000.00,4.411125,103.5234375
08:00:33,912810UA4,TSRYS5802849,D,S,T,2024-07-16,1000000.00,4.411125,103.5234375
08:00:33,912810UA4,TSRYS5802849,D,S,T,2024-07-16,1000000.00,4.411587,103.515625
08:00:33,912810UA4,TSRYS5802849,D,S,T,2024-07-16,1000000.00,4.411587,103.515625
08:00:33,912810UA4,TSRYS5802849,D,S,T,2024-07-16,1000000.00,4.411587,103.515625
08:00:33,912810UA4,TSRYS5802849,D,S,T,2024-07-16,1000000.00,4.411587,103.515625
08:00:33,912810UA4,TSRYS5802849,D,S,T,2024-07-16,1000000.00,4.408817,103.5625
08:00:33,912810UA4,TSRYS5802849,D,S,T,2024-07-16,1000000.00,4.408817,103.5625
08:00:33,912810UA4,TSRYS5802849,D,S,T,2024-07-16,1000000.00,4.408817,103.5625
08:00:33,912810UA4,TSRYS5802849,D,S,T,2024-07-16,1000000.00,4.40974,103.546875
08:00:33,912810UA4,TSRYS5802849,D,S,T,2024-07-16,1000000.00,4.40974,103.546875
08:00:33,912810UA4,TSRYS5802849,D,S,T,2024-07-16,1000000.00,4.405126,103.625
08:00:33,912810UA4,TSRYS5802849,D,S,T,2024-07-16,1000000.00,4.403282,103.65625
08:00:33,912810UA4,TSRYS5802849,D,S,T,2024-07-16,1000000.00,4.404319,103.638671875
08:00:33,912810UA4,TSRYS5802849,D,S,T,2024-07-16,1000000.00,4.406049,103.609375
08:00:33,912810UA4,TSRYS5802849,D,S,T,2024-07-16,1000000.00,4.406049,103.609375
08:00:33,912810UA4,TSRYS5802849,D,S,T,2024-07-16,1000000.00,4.407894,103.578125
08:00:33,912810UA4,TSRYS5802849,D,S,T,2024-07-16,1000000.00,4.405472,103.619140625
08:00:33,912810UA4,TSRYS5802849,D,S,T,2024-07-16,1000000.00,4.406049,103.609375
08:00:33,912810UA4,TSRYS5802849,D,S,T,2024-07-16,1000000.00,4.405703,103.615234375
08:00:33,912810UA4,TSRYS5802849,D,S,T,2024-07-16,1000000.00,4.405126,103.625
08:00:33,912810UA4,TSRYS5802849,D,S,T,2024-07-16,1000000.00,4.405126,103.625
08:00:33,912810UA4,TSRYS5802849,D,S,T,2024-07-16,1000000.00,4.405703,103.615234375
08:00:33,912810UA4,TSRYS5802849,D,S,T,2024-07-16,1000000.00,4.406049,103.609375
08:00:33,912810UA4,TSRYS5802849,D,S,T,2024-07-16,1000000.00,4.406049,103.609375
08:00:33,912810UA4,TSRYS5802849,D,S,T,2024-07-16,1000000.00,4.406049,103.609375
08:00:33,912810UA4,TSRYS5802849,D,S,T,2024-07-16,1000000.00,4.406049,103.609375
08:00:33,912810UA4,TSRYS5802849,D,S,T,2024-07-16,1000000.00,4.406971,103.59375
08:00:33,912810UA4,TSRYS5802849,D,S,T,2024-07-16,1000000.00,4.406971,103.59375
08:00:33,912810UA4,TSRYS5802849,D,S,T,2024-07-16,1000000.00,4.406971,103.59375
08:00:33,912810UA4,TSRYS5802849,D,S,T,2024-07-16,1000000.00,4.406971,103.59375
08:00:33,912810UA4,TSRYS5802849,D,S,T,2024-07-16,1000000.00,4.406971,103.59375
08:00:33,912810UA4,TSRYS5802849,D,S,T,2024-07-16,1000000.00,4.406856,103.595703125
08:00:33,912810UA4,TSRYS5802849,D,S,T,2024-07-16,1000000.00,4.40824,103.572265625
08:00:33,912810UA4,TSRYS5802849,D,S,T,2024-07-16,1000000.00,4.406971,103.59375
08:00:33,912810UA4,TSRYS5802849,D,S,T,2024-07-16,1000000.00,4.406856,103.595703125
08:00:33,912810UA4,TSRYS5802849,D,S,T,2024-07-16,1000000.00,4.407433,103.5859375
08:00:33,912810UA4,TSRYS5802849,D,S,T,2024-07-16,1000000.00,4.406971,103.59375
08:00:33,912810UA4,TSRYS5802849,D,S,T,2024-07-16,1000000.00,4.406971,103.59375
08:00:33,912810UA4,TSRYS5802849,D,S,T,2024-07-16,1000000.00,4.406049,103.609375
08:00:33,912810UA4,TSRYS5802849,D,S,T,2024-07-16,1000000.00,4.406971,103.59375
08:00:33,912810UA4,TSRYS5802849,D,S,T,2024-07-16,1000000.00,4.406971,103.59375
08:00:33,912810UA4,TSRYS5802849,D,S,T,2024-07-16,1000000.00,4.407894,103.578125
08:00:33,912810UA4,TSRYS5802849,D,S,T,2024-07-16,1000000.00,4.407894,103.578125
08:00:33,912810UA4,TSRYS5802849,D,S,T,2024-07-16,1000000.00,4.40974,103.546875
08:00:33,912810UA4,TSRYS5802849,D,S,T,2024-07-16,1000000.00,4.40974,103.546875
08:00:33,912810UA4,TSRYS5802849,D,S,T,2024-07-16,1000000.00,4.40974,103.546875
08:00:33,912810UA4,TSRYS5802849,D,S,T,2024-07-16,1000000.00,4.40974,103.546875
08:00:33,912810UA4,TSRYS5802849,D,S,T,2024-07-16,1000000.00,4.40974,103.546875
08:00:33,912810UA4,TSRYS5802849,D,S,T,2024-07-16,1000000.00,4.40974,103.546875
08:00:33,912810UA4,TSRYS5802849,D,S,T,2024-07-16,1000000.00,4.40974,103.546875
08:00:33,912810UA4,TSRYS5802849,D,S,T,2024-07-16,1000000.00,4.40974,103.546875
08:00:33,912810UA4,TSRYS5802849,D,S,T,2024-07-16,1000000.00,4.406971,103.59375
08:00:33,912810UA4,TSRYS5802849,D,S,T,2024-07-16,2000000.00,4.406971,103.59375
08:00:33,912810UA4,TSRYS5802849,D,S,T,2024-07-16,1000000.00,4.406971,103.59375
08:00:33,912810UA4,TSRYS5802849,D,S,T,2024-07-16,2000000.00,4.407894,103.578125
08:00:33,912810UA4,TSRYS5802849,D,S,T,2024-07-16,1000000.00,4.407894,103.578125
08:00:33,912810UA4,TSRYS5802849,D,S,T,2024-07-16,2000000.00,4.407894,103.578125
08:00:33,912810UA4,TSRYS5802849,D,S,T,2024-07-16,1000000.00,4.407894,103.578125
08:00:33,912810UA4,TSRYS5802849,D,S,T,2024-07-16,2000000.00,4.407894,103.578125
08:00:33,912810UA4,TSRYS5802849,D,S,T,2024-07-16,1000000.00,4.407894,103.578125
08:00:33,912810UA4,TSRYS5802849,D,S,T,2024-07-16,1000000.00,4.40974,103.546875
08:00:33,912810UA4,TSRYS5802849,D,S,T,2024-07-16,1000000.00,4.409856,103.544921875
08:00:33,912810UA4,TSRYS5802849,D,S,T,2024-07-16,1000000.00,4.409856,103.544921875
08:00:33,912810UA4,TSRYS5802849,D,S,T,2024-07-16,1000000.00,4.40824,103.572265625
08:00:33,912810UA4,TSRYS5802849,D,S,T,2024-07-16,1000000.00,4.408817,103.5625
08:00:33,912810UA4,TSRYS5802849,D,S,T,2024-07-16,1000000.00,4.40974,103.546875
08:00:33,912810UA4,TSRYS5802849,D,S,T,2024-07-16,1000000.00,4.40974,103.546875
08:00:33,912810UA4,TSRYS5802849,D,S,T,2024-07-16,1000000.00,4.40974,103.546875
08:00:33,912810UA4,TSRYS5802849,D,S,T,2024-07-16,1000000.00,4.40974,103.546875
08:00:33,912810UA4,TSRYS5802849,D,S,T,2024-07-16,1000000.00,4.40974,103.546875
08:00:33,912810UA4,TSRYS5802849,D,S,T,2024-07-16,2000000.00,4.410664,103.53125
08:00:33,912810UA4,TSRYS5802849,D,S,T,2024-07-16,1000000.00,4.410664,103.53125
08:00:33,912810UA4,TSRYS5802849,D,S,T,2024-07-16,1000000.00,4.410664,103.53125
08:00:33,912810UA4,TSRYS5802849,D,S,T,2024-07-16,1000000.00,4.40974,103.546875
08:00:33,912810UA4,TSRYS5802849,D,S,T,2024-07-16,1000000.00,4.410664,103.53125
08:00:33,912810UA4,TSRYS5802849,D,S,T,2024-07-16,1000000.00,4.411587,103.515625
08:00:33,912810UA4,TSRYS5802849,D,S,T,2024-07-16,1000000.00,4.411587,103.515625
08:00:33,912810UA4,TSRYS5802849,D,S,T,2024-07-16,1000000.00,4.411587,103.515625
08:00:33,912810UA4,TSRYS5802849,D,S,T,2024-07-16,1000000.00,4.410664,103.53125
08:00:33,912810UA4,TSRYS5802849,D,S,T,2024-07-16,1000000.00,4.410664,103.53125
08:00:33,912810UA4,TSRYS5802849,D,S,T,2024-07-16,1000000.00,4.410664,103.53125
08:00:33,912810UA4,TSRYS5802849,D,S,T,2024-07-16,1000000.00,4.410664,103.53125
08:00:33,912810UA4,TSRYS5802849,D,S,T,2024-07-16,1000000.00,4.410664,103.53125
08:00:33,912810UA4,TSRYS5802849,D,S,T,2024-07-16,1000000.00,4.410664,103.53125
08:00:33,912810UA4,TSRYS5802849,D,S,T,2024-07-16,1000000.00,4.410664,103.53125
08:00:33,912810UA4,TSRYS5802849,D,S,T,2024-07-16,1000000.00,4.410664,103.53125
08:00:33,912810UA4,TSRYS5802849,D,S,T,2024-07-16,1000000.00,4.411587,103.515625
08:00:33,912810UA4,TSRYS5802849,D,S,T,2024-07-16,1000000.00,4.411587,103.515625
08:00:33,912810UA4,TSRYS5802849,D,S,T,2024-07-16,1000000.00,4.408817,103.5625
08:00:33,912810UA4,TSRYS5802849,D,S,T,2024-07-16,1000000.00,4.40974,103.546875
08:00:33,912810UA4,TSRYS5802849,D,S,T,2024-07-16,1000000.00,4.40974,103.546875
08:00:33,912810UA4,TSRYS5802849,D,S,T,2024-07-16,1000000.00,4.40974,103.546875
08:00:33,912810UA4,TSRYS5802849,D,S,T,2024-07-16,1000000.00,4.40974,103.546875
08:00:33,912810UA4,TSRYS5802849,D,S,T,2024-07-16,1000000.00,4.40974,103.546875
08:00:33,912810UA4,TSRYS5802849,D,S,T,2024-07-16,1000000.00,4.40974,103.546875
08:00:33,912810UA4,TSRYS5802849,D,S,T,2024-07-16,1000000.00,4.40974,103.546875
08:00:33,912810UA4,TSRYS5802849,D,S,T,2024-07-16,2000000.00,4.40974,103.546875
08:00:33,912810UA4,TSRYS5802849,D,S,T,2024-07-16,1000000.00,4.40974,103.546875
08:00:33,912810UA4,TSRYS5802849,D,S,D,2024-07-16,1000000.00,4.410664,103.53125
08:00:33,912810UA4,TSRYS5802849,D,S,T,2024-07-16,1000000.00,4.408817,103.5625
08:00:33,912810UA4,TSRYS5802849,D,S,T,2024-07-16,1000000.00,4.40974,103.546875
08:00:33,912810UA4,TSRYS5802849,D,S,T,2024-07-16,1000000.00,4.412511,103.5
08:00:33,912810UA4,TSRYS5802849,D,S,T,2024-07-16,1000000.00,4.412511,103.5
08:00:33,912810UA4,TSRYS5802849,D,S,T,2024-07-16,1000000.00,4.407894,103.578125
08:00:33,912810UA4,TSRYS5802849,D,S,T,2024-07-16,1000000.00,4.408355,103.5703125
08:00:33,912810UA4,TSRYS5802849,D,S,T,2024-07-16,1000000.00,4.408817,103.5625
08:00:33,912810UA4,TSRYS5802849,D,S,T,2024-07-16,1000000.00,4.409856,103.544921875
08:00:33,912810UA4,TSRYS5802849,D,S,T,2024-07-16,1000000.00,4.410664,103.53125
08:00:33,912810UA4,TSRYS5802849,D,S,T,2024-07-16,1000000.00,4.406971,103.59375
08:00:33,912810UA4,TSRYS5802849,D,S,T,2024-07-16,1000000.00,4.407894,103.578125
08:00:33,912810UA4,TSRYS5802849,D,S,T,2024-07-16,1000000.00,4.407894,103.578125
08:00:33,912810UA4,TSRYS5802849,D,S,T,2024-07-16,1000000.00,4.405126,103.625
08:00:33,912810UA4,TSRYS5802849,D,S,T,2024-07-16,1000000.00,4.405126,103.625
08:00:33,912810UA4,TSRYS5802849,D,S,T,2024-07-16,1000000.00,4.405126,103.625
08:00:33,912810UA4,TSRYS5802849,D,S,T,2024-07-16,1000000.00,4.403743,103.6484375
08:00:33,912810UA4,TSRYS5802849,D,S,T,2024-07-16,1000000.00,4.404434,103.63671875
08:00:33,912810UA4,TSRYS5802849,D,S,T,2024-07-16,1000000.00,4.404319,103.638671875
08:00:33,912810UA4,TSRYS5802849,D,S,T,2024-07-16,1000000.00,4.404204,103.640625
08:00:33,912810UA4,TSRYS5802849,D,S,T,2024-07-16,1000000.00,4.404204,103.640625
08:00:33,912810UA4,TSRYS5802849,D,S,T,2024-07-16,1000000.00,4.404204,103.640625
08:00:33,912810UA4,TSRYS5802849,D,S,T,2024-07-16,1000000.00,4.405126,103.625
08:00:33,912810UA4,TSRYS5802849,D,S,T,2024-07-16,1000000.00,4.405126,103.625
08:00:33,912810UA4,TSRYS5802849,D,S,T,2024-07-16,1000000.00,4.405126,103.625
08:00:33,912810UA4,TSRYS5802849,D,S,T,2024-07-16,1000000.00,4.405472,103.619140625
08:00:33,912810UA4,TSRYS5802849,D,S,T,2024-07-16,2000000.00,4.405472,103.619140625
08:00:33,912810UA4,TSRYS5802849,D,S,T,2024-07-16,1000000.00,4.405126,103.625
08:00:33,912810UA4,TSRYS5802849,D,S,T,2024-07-16,1000000.00,4.401438,103.6875
08:00:33,912810UA4,TSRYS5802849,D,S,T,2024-07-16,1000000.00,4.401438,103.6875
08:00:33,912810UA4,TSRYS5802849,D,S,T,2024-07-16,1000000.00,4.401438,103.6875
08:00:33,912810UA4,TSRYS5802849,D,S,T,2024-07-16,1000000.00,4.401438,103.6875
08:00:33,912810UA4,TSRYS5802849,D,S,T,2024-07-16,1000000.00,4.401438,103.6875
08:00:33,912810UA4,TSRYS5802849,D,S,T,2024-07-16,1000000.00,4.401438,103.6875
08:00:33,912810UA4,TSRYS5802849,D,S,T,2024-07-16,1000000.00,4.40236,103.671875
08:00:33,912810UA4,TSRYS5802849,D,S,T,2024-07-16,1000000.00,4.40236,103.671875
08:00:33,912810UA4,TSRYS5802849,D,S,T,2024-07-16,1000000.00,4.40236,103.671875
08:00:33,912810UA4,TSRYS5802849,D,S,T,2024-07-16,1000000.00,4.403282,103.65625
08:00:33,912810UA4,TSRYS5802849,D,S,T,2024-07-16,1000000.00,4.403282,103.65625
08:00:33,912810UA4,TSRYS5802849,D,S,T,2024-07-16,1000000.00,4.403282,103.65625
08:00:33,912810UA4,TSRYS5802849,D,S,T,2024-07-16,1000000.00,4.403282,103.65625
08:00:33,912810UA4,TSRYS5802849,D,S,T,2024-07-16,1000000.00,4.403282,103.65625
08:00:33,912810UA4,TSRYS5802849,D,S,T,2024-07-16,1000000.00,4.403628,103.650390625
08:00:33,912810UA4,TSRYS5802849,D,S,T,2024-07-16,1000000.00,4.403512,103.65234375
08:00:33,912810UA4,TSRYS5802849,D,S,T,2024-07-16,1000000.00,4.403628,103.650390625
08:00:33,912810UA4,TSRYS5802849,D,S,T,2024-07-16,1000000.00,4.403282,103.65625
08:00:33,912810UA4,TSRYS5802849,D,S,T,2024-07-16,1000000.00,4.403282,103.65625
08:00:33,912810UA4,TSRYS5802849,D,S,T,2024-07-16,1000000.00,4.403282,103.65625
08:00:33,912810UA4,TSRYS5802849,D,S,T,2024-07-16,1000000.00,4.403282,103.65625
08:00:33,912810UA4,TSRYS5802849,D,S,T,2024-07-16,1000000.00,4.403282,103.65625
08:00:33,912810UA4,TSRYS5802849,D,S,T,2024-07-16,1000000.00,4.404319,103.638671875
08:00:33,912810UA4,TSRYS5802849,D,S,T,2024-07-16,1000000.00,4.404434,103.63671875
08:00:33,912810UA4,TSRYS5802849,D,S,T,2024-07-16,1000000.00,4.405126,103.625
08:00:33,912810UA4,TSRYS5802849,D,S,T,2024-07-16,1000000.00,4.406971,103.59375
08:00:33,912810UA4,TSRYS5802849,D,S,T,2024-07-16,1000000.00,4.406971,103.59375
08:00:33,912810UA4,TSRYS5802849,D,S,T,2024-07-16,1000000.00,4.406279,103.60546875
08:00:33,912810UA4,TSRYS5802849,D,S,T,2024-07-16,1000000.00,4.405126,103.625
08:00:33,912810UA4,TSRYS5802849,D,S,T,2024-07-16,1000000.00,4.406049,103.609375
08:00:33,912810UA4,TSRYS5802849,D,S,T,2024-07-16,1000000.00,4.406049,103.609375
08:00:33,912810UA4,TSRYS5802849,D,S,T,2024-07-16,1000000.00,4.406049,103.609375
08:00:33,912810UA4,TSRYS5802849,D,S,T,2024-07-16,1000000.00,4.406049,103.609375
08:00:33,912810UA4,TSRYS5802849,D,S,T,2024-07-16,1000000.00,4.406049,103.609375
08:00:33,912810UA4,TSRYS5802849,D,S,T,2024-07-16,1000000.00,4.404204,103.640625
08:00:33,912810UA4,TSRYS5802849,D,S,T,2024-07-16,1000000.00,4.405126,103.625
08:00:33,912810UA4,TSRYS5802849,D,S,T,2024-07-16,1000000.00,4.405126,103.625
08:00:33,912810UA4,TSRYS5802849,D,S,T,2024-07-16,1000000.00,4.405126,103.625
08:00:33,912810UA4,TSRYS5802849,D,S,T,2024-07-16,1000000.00,4.403282,103.65625
08:00:33,912810UA4,TSRYS5802849,D,S,T,2024-07-16,1000000.00,4.40236,103.671875
08:00:33,912810UA4,TSRYS5802849,D,S,T,2024-07-16,1000000.00,4.40236,103.671875
08:00:33,912810UA4,TSRYS5802849,D,S,T,2024-07-16,1000000.00,4.40236,103.671875
08:00:33,912810UA4,TSRYS5802849,D,S,T,2024-07-16,1000000.00,4.40236,103.671875
08:00:33,912810UA4,TSRYS5802849,D,S,T,2024-07-16,1000000.00,4.404204,103.640625
08:00:33,912810UA4,TSRYS5802849,D,S,T,2024-07-16,1000000.00,4.404204,103.640625
08:00:33,912810UA4,TSRYS5802849,D,S,T,2024-07-16,1000000.00,4.404204,103.640625
08:00:33,912810UA4,TSRYS5802849,D,S,T,2024-07-16,1000000.00,4.404204,103.640625
08:00:33,912810UA4,TSRYS5802849,D,S,T,2024-07-16,1000000.00,4.404204,103.640625
08:00:33,912810UA4,TSRYS5802849,D,S,T,2024-07-16,1000000.00,4.404204,103.640625
08:00:33,912810UA4,TSRYS5802849,D,S,T,2024-07-16,1000000.00,4.404204,103.640625
08:00:33,912810UA4,TSRYS5802849,D,S,T,2024-07-16,1000000.00,4.404204,103.640625
08:00:33,912810UA4,TSRYS5802849,D,S,T,2024-07-16,1000000.00,4.404204,103.640625
08:00:33,912810UA4,TSRYS5802849,D,S,T,2024-07-16,2000000.00,4.406049,103.609375
08:00:33,912810UA4,TSRYS5802849,D,S,T,2024-07-16,1000000.00,4.406049,103.609375
08:00:33,912810UA4,TSRYS5802849,D,S,T,2024-07-16,1000000.00,4.404665,103.6328125
08:00:33,912810UA4,TSRYS5802849,D,S,T,2024-07-16,1000000.00,4.406049,103.609375
08:00:33,912810UA4,TSRYS5802849,D,S,T,2024-07-16,2000000.00,4.406049,103.609375
08:00:33,912810UA4,TSRYS5802849,D,S,T,2024-07-16,3000000.00,4.40651,103.6015625
08:00:33,912810UA4,TSRYS5802849,D,S,T,2024-07-16,1000000.00,4.406971,103.59375
08:00:33,912810UA4,TSRYS5802849,D,S,T,2024-07-16,1000000.00,4.406971,103.59375
08:00:33,912810UA4,TSRYS5802849,D,S,T,2024-07-16,1000000.00,4.406971,103.59375
08:00:33,912810UA4,TSRYS5802849,D,S,T,2024-07-16,1000000.00,4.406971,103.59375
08:00:33,912810UA4,TSRYS5802849,D,S,T,2024-07-16,1000000.00,4.406971,103.59375
08:00:33,912810UA4,TSRYS5802849,D,S,T,2024-07-16,1000000.00,4.406971,103.59375
08:00:33,912810UA4,TSRYS5802849,D,S,T,2024-07-16,1000000.00,4.406625,103.599609375
08:00:33,912810UA4,TSRYS5802849,D,S,T,2024-07-16,1000000.00,4.406049,103.609375
08:00:33,912810UA4,TSRYS5802849,D,S,T,2024-07-16,1000000.00,4.406971,103.59375
08:00:33,912810UA4,TSRYS5802849,D,S,T,2024-07-16,1000000.00,4.406971,103.59375
08:00:33,912810UA4,TSRYS5802849,D,S,T,2024-07-16,1000000.00,4.406971,103.59375
08:00:33,912810UA4,TSRYS5802849,D,S,T,2024-07-16,1000000.00,4.406164,103.607421875
08:00:33,912810UA4,TSRYS5802849,D,S,D,2024-07-16,1000000.00,4.404204,103.640625
08:00:33,912810UA4,TSRYS5802849,D,S,T,2024-07-16,1000000.00,4.404204,103.640625
08:00:33,912810UA4,TSRYS5802849,D,S,T,2024-07-16,1000000.00,4.404204,103.640625
08:00:33,912810UA4,TSRYS5802849,D,S,T,2024-07-16,1000000.00,4.404204,103.640625
08:00:33,912810UA4,TSRYS5802849,D,S,T,2024-07-16,1000000.00,4.404204,103.640625
08:00:33,912810UA4,TSRYS5802849,D,S,T,2024-07-16,1000000.00,4.404204,103.640625
08:00:33,912810UA4,TSRYS5802849,D,S,T,2024-07-16,1000000.00,4.438459,103.0625
08:00:33,912810UA4,TSRYS5802849,D,S,T,2024-07-16,1000000.00,4.417133,103.421875
08:00:33,912810UA4,TSRYS5802849,D,S,T,2024-07-16,1000000.00,4.417133,103.421875
08:00:33,912810UA4,TSRYS5802849,D,S,T,2024-07-16,1000000.00,4.408817,103.5625
08:00:33,912810UA4,TSRYS5802849,D,S,T,2024-07-16,1000000.00,4.407894,103.578125
08:00:33,912810UA4,TSRYS5802849,D,S,T,2024-07-16,1000000.00,4.406971,103.59375
08:00:33,912810UA4,TSRYS5802849,D,S,T,2024-07-16,1000000.00,4.406971,103.59375
08:00:33,912810UA4,TSRYS5802849,D,S,T,2024-07-16,1000000.00,4.406971,103.59375
08:00:33,912810UA4,TSRYS5802849,D,S,T,2024-07-16,1000000.00,4.40974,103.546875
08:00:33,912810UA4,TSRYS5802849,D,S,T,2024-07-16,1000000.00,4.40974,103.546875
08:00:33,912810UA4,TSRYS5802849,D,S,T,2024-07-16,1000000.00,4.404204,103.640625
08:00:33,912810UA4,TSRYS5802849,D,S,T,2024-07-16,1000000.00,4.404204,103.640625
08:00:33,912810UA4,TSRYS5802849,D,S,A,2024-07-16,50MM+,4.417133,103.421875
08:00:33,912810UA4,TSRYS5802849,D,S,T,2024-07-16,1000000.00,4.414359,103.46875
08:00:33,912810UA4,TSRYS5802849,D,S,T,2024-07-16,1000000.00,4.413435,103.484375
08:00:33,912810UA4,TSRYS5802849,D,S,T,2024-07-16,1000000.00,4.413435,103.484375
08:00:33,912810UA4,TSRYS5802849,D,S,T,2024-07-16,1000000.00,4.413435,103.484375
08:00:33,912810UA4,TSRYS5802849,D,S,T,2024-07-16,1000000.00,4.413204,103.48828125
08:00:33,912810UA4,TSRYS5802849,D,S,T,2024-07-16,3000000.00,4.413435,103.484375
08:00:33,912810UA4,TSRYS5802849,D,S,T,2024-07-16,1000000.00,4.413435,103.484375
08:00:33,912810UA4,TSRYS5802849,D,S,T,2024-07-16,1000000.00,4.413435,103.484375
08:00:37,912810UA4,TSRYS5802849,D,S,D,2024-07-16,1000000.00,4.447998,102.90234375
08:00:37,912810UA4,TSRYS5802849,D,S,T,2024-07-16,1000000.00,4.441016,103.01953125
08:00:37,912810UA4,TSRYS5802849,D,S,T,2024-07-16,1000000.00,4.441016,103.01953125
08:00:37,912810UA4,TSRYS5802849,D,S,D,2024-07-16,1000000.00,4.439621,103.04296875
08:00:37,912810UA4,TSRYS5802849,D,S,D,2024-07-16,1000000.00,4.438692,103.05859375
08:00:37,912810UA4,TSRYS5802849,D,S,D,2024-07-16,1000000.00,4.438227,103.06640625
08:00:37,912810UA4,TSRYS5802849,D,S,D,2024-07-16,1000000.00,4.439157,103.05078125
08:00:37,912810UA4,TSRYS5802849,D,S,D,2024-07-16,1000000.00,4.428478,103.23046875
08:00:37,912810UA4,TSRYS5802849,D,S,D,2024-07-16,1000000.00,4.427551,103.24609375
08:00:37,912810UA4,TSRYS5802849,D,S,T,2024-07-16,1000000.00,4.427783,103.2421875
08:00:37,912810UA4,TSRYS5802849,D,S,D,2024-07-16,1000000.00,4.424771,103.29296875
08:00:37,912810UA4,TSRYS5802849,D,S,T,2024-07-16,1000000.00,4.426856,103.2578125
08:00:37,912810UA4,TSRYS5802849,D,S,D,2024-07-16,1000000.00,4.42871,103.2265625
08:00:37,912810UA4,TSRYS5802849,D,S,D,2024-07-16,1000000.00,4.430334,103.19921875
08:00:37,912810UA4,TSRYS5802849,D,S,D,2024-07-16,1000000.00,4.42871,103.2265625
08:00:37,912810UA4,TSRYS5802849,D,S,D,2024-07-16,1000000.00,4.423381,103.31640625
08:00:37,912810UA4,TSRYS5802849,D,S,D,2024-07-16,1000000.00,4.425697,103.27734375
08:00:37,912810UA4,TSRYS5802849,D,S,D,2024-07-16,1000000.00,4.422455,103.33203125
08:00:37,912810UA4,TSRYS5802849,D,S,T,2024-07-16,1000000.00,4.420834,103.359375
08:00:37,912810UA4,TSRYS5802849,D,S,D,2024-07-16,1000000.00,4.417364,103.41796875
08:00:37,912810UA4,TSRYS5802849,D,S,D,2024-07-16,2000000.00,4.416902,103.42578125
08:00:37,912810UA4,TSRYS5802849,D,S,T,2024-07-16,1000000.00,4.418058,103.40625
08:00:37,912810UA4,TSRYS5802849,D,S,D,2024-07-16,2000000.00,4.417364,103.41796875
08:00:37,912810UA4,TSRYS5802849,D,S,T,2024-07-16,1000000.00,4.417596,103.4140625
08:00:37,912810UA4,TSRYS5802849,D,S,D,2024-07-16,1000000.00,4.41228,103.50390625
08:00:37,912810UA4,TSRYS5802849,D,S,D,2024-07-16,1000000.00,4.411587,103.515625
08:00:37,912810UA4,TSRYS5802849,D,S,D,2024-07-16,1000000.00,4.410895,103.52734375
08:00:37,912810UA4,TSRYS5802849,D,S,D,2024-07-16,1000000.00,4.410202,103.5390625
08:00:37,912810UA4,TSRYS5802849,D,S,D,2024-07-16,1000000.00,4.409279,103.5546875
08:00:37,912810UA4,TSRYS5802849,D,S,T,2024-07-16,1000000.00,4.408932,103.560546875
08:00:37,912810UA4,TSRYS5802849,D,S,T,2024-07-16,1000000.00,4.410895,103.52734375
08:00:37,912810UA4,TSRYS5802849,D,S,T,2024-07-16,1000000.00,4.410664,103.53125
08:00:37,912810UA4,TSRYS5802849,D,S,T,2024-07-16,1000000.00,4.411587,103.515625
08:00:37,912810UA4,TSRYS5802849,D,S,T,2024-07-16,1000000.00,4.410895,103.52734375
08:00:37,912810UA4,TSRYS5802849,D,S,D,2024-07-16,1000000.00,4.411125,103.5234375
08:00:37,912810UA4,TSRYS5802849,D,S,D,2024-07-16,1000000.00,4.410895,103.52734375
08:00:37,912810UA4,TSRYS5802849,D,S,D,2024-07-16,1000000.00,4.409048,103.55859375
08:00:37,912810UA4,TSRYS5802849,D,S,D,2024-07-16,1000000.00,4.406279,103.60546875
08:00:37,912810UA4,TSRYS5802849,D,S,D,2024-07-16,1000000.00,4.403743,103.6484375
08:00:37,912810UA4,TSRYS5802849,D,S,D,2024-07-16,1000000.00,4.404665,103.6328125
08:00:37,912810UA4,TSRYS5802849,D,S,D,2024-07-16,1000000.00,4.40651,103.6015625
08:00:37,912810UA4,TSRYS5802849,D,S,D,2024-07-16,1000000.00,4.405818,103.61328125
08:00:37,912810UA4,TSRYS5802849,D,S,D,2024-07-16,1000000.00,4.407433,103.5859375
08:00:37,912810UA4,TSRYS5802849,D,S,D,2024-07-16,1000000.00,4.406971,103.59375
08:00:37,912810UA4,TSRYS5802849,D,S,D,2024-07-16,1000000.00,4.406971,103.59375
08:00:37,912810UA4,TSRYS5802849,D,S,T,2024-07-16,1000000.00,4.407433,103.5859375
08:00:37,912810UA4,TSRYS5802849,D,S,D,2024-07-16,1000000.00,4.410202,103.5390625
08:00:37,912810UA4,TSRYS5802849,D,S,D,2024-07-16,1000000.00,4.409048,103.55859375
08:00:37,912810UA4,TSRYS5802849,D,S,D,2024-07-16,1000000.00,4.408817,103.5625
08:00:37,912810UA4,TSRYS5802849,D,S,D,2024-07-16,1000000.00,4.409048,103.55859375
08:00:37,912810UA4,TSRYS5802849,D,S,T,2024-07-16,1000000.00,4.407433,103.5859375
08:00:37,912810UA4,TSRYS5802849,D,S,T,2024-07-16,1000000.00,4.404204,103.640625
08:00:37,912810UA4,TSRYS5802849,D,S,D,2024-07-16,1000000.00,4.406279,103.60546875
08:00:37,912810UA4,TSRYS5802849,D,S,D,2024-07-16,1000000.00,4.405587,103.6171875
08:00:37,912810UA4,TSRYS5802849,D,S,T,2024-07-16,1000000.00,4.40236,103.671875
08:00:37,912810UA4,TSRYS5802849,D,S,D,2024-07-16,1000000.00,4.404204,103.640625
08:00:37,912810UA4,TSRYS5802849,D,S,T,2024-07-16,1000000.00,4.404319,103.638671875
08:00:37,912810UA4,TSRYS5802849,D,S,D,2024-07-16,1000000.00,4.404204,103.640625
08:00:37,912810UA4,TSRYS5802849,D,S,D,2024-07-16,1000000.00,4.405587,103.6171875
08:00:37,912810UA4,TSRYS5802849,D,S,D,2024-07-16,1000000.00,4.403512,103.65234375
08:00:37,912810UA4,TSRYS5802849,D,S,D,2024-07-16,1000000.00,4.402821,103.6640625
08:00:37,912810UA4,TSRYS5802849,D,S,D,2024-07-16,1000000.00,4.40259,103.66796875
08:00:37,912810UA4,TSRYS5802849,D,S,D,2024-07-16,1000000.00,4.404434,103.63671875
08:00:37,912810UA4,TSRYS5802849,D,S,D,2024-07-16,3000000.00,4.439389,103.046875
08:00:37,912810UA4,TSRYS5802849,D,S,C,2024-07-16,16000000.00,4.436601,103.09375
08:00:37,912810UA4,TSRYS5802849,D,S,T,2024-07-16,1000000.00,4.441249,103.015625
08:00:37,912810UA4,TSRYS5802849,D,S,D,2024-07-16,1000000.00,4.436717,103.091796875
08:00:37,912810UA4,TSRYS5802849,D,S,D,2024-07-16,1000000.00,4.436717,103.091796875
08:00:37,912810UA4,TSRYS5802849,D,S,T,2024-07-16,1000000.00,4.438459,103.0625
08:00:37,912810UA4,TSRYS5802849,D,S,T,2024-07-16,1000000.00,4.438459,103.0625
08:00:37,912810UA4,TSRYS5802849,D,S,T,2024-07-16,2000000.00,4.438459,103.0625
08:00:37,912810UA4,TSRYS5802849,D,S,T,2024-07-16,1000000.00,4.438459,103.0625
08:00:37,912810UA4,TSRYS5802849,D,S,T,2024-07-16,1000000.00,4.438459,103.0625
08:00:37,912810UA4,TSRYS5802849,D,S,T,2024-07-16,1000000.00,4.438459,103.0625
08:00:37,912810UA4,TSRYS5802849,D,S,T,2024-07-16,1000000.00,4.438459,103.0625
08:00:37,912810UA4,TSRYS5802849,D,S,T,2024-07-16,1000000.00,4.438459,103.0625
08:00:37,912810UA4,TSRYS5802849,D,S,T,2024-07-16,1000000.00,4.439389,103.046875
08:00:37,912810UA4,TSRYS5802849,D,S,T,2024-07-16,1000000.00,4.439389,103.046875
08:00:37,912810UA4,TSRYS5802849,D,S,T,2024-07-16,1000000.00,4.439389,103.046875
08:00:37,912810UA4,TSRYS5802849,D,S,T,2024-07-16,1000000.00,4.439389,103.046875
08:00:37,912810UA4,TSRYS5802849,D,S,T,2024-07-16,1000000.00,4.439389,103.046875
08:00:37,912810UA4,TSRYS5802849,D,S,T,2024-07-16,1000000.00,4.439389,103.046875
08:00:37,912810UA4,TSRYS5802849,D,S,T,2024-07-16,1000000.00,4.439389,103.046875
08:00:37,912810UA4,TSRYS5802849,D,S,T,2024-07-16,1000000.00,4.439389,103.046875
08:00:37,912810UA4,TSRYS5802849,D,S,T,2024-07-16,1000000.00,4.439389,103.046875
08:00:37,912810UA4,TSRYS5802849,D,S,T,2024-07-16,1000000.00,4.439389,103.046875
08:00:37,912810UA4,TSRYS5802849,D,S,T,2024-07-16,1000000.00,4.439389,103.046875
08:00:37,912810UA4,TSRYS5802849,D,S,T,2024-07-16,1000000.00,4.439389,103.046875
08:00:37,912810UA4,TSRYS5802849,D,S,T,2024-07-16,1000000.00,4.439389,103.046875
08:00:37,912810UA4,TSRYS5802849,D,S,T,2024-07-16,1000000.00,4.439389,103.046875
08:00:37,912810UA4,TSRYS5802849,D,S,T,2024-07-16,1000000.00,4.439389,103.046875
08:00:37,912810UA4,TSRYS5802849,D,S,T,2024-07-16,1000000.00,4.439389,103.046875
08:00:37,912810UA4,TSRYS5802849,D,S,T,2024-07-16,1000000.00,4.439389,103.046875
08:00:37,912810UA4,TSRYS5802849,D,S,T,2024-07-16,1000000.00,4.439389,103.046875
08:00:37,912810UA4,TSRYS5802849,D,S,T,2024-07-16,1000000.00,4.439389,103.046875
08:00:37,912810UA4,TSRYS5802849,D,S,T,2024-07-16,1000000.00,4.439389,103.046875
08:00:37,912810UA4,TSRYS5802849,D,S,T,2024-07-16,1000000.00,4.439389,103.046875
08:00:37,912810UA4,TSRYS5802849,D,S,T,2024-07-16,1000000.00,4.439389,103.046875
08:00:37,912810UA4,TSRYS5802849,D,S,T,2024-07-16,1000000.00,4.439389,103.046875
08:00:37,912810UA4,TSRYS5802849,D,S,T,2024-07-16,1000000.00,4.439389,103.046875
08:00:37,912810UA4,TSRYS5802849,D,S,T,2024-07-16,1000000.00,4.439389,103.046875
08:00:37,912810UA4,TSRYS5802849,D,S,T,2024-07-16,1000000.00,4.439389,103.046875
08:00:37,912810UA4,TSRYS5802849,D,S,T,2024-07-16,1000000.00,4.439389,103.046875
08:00:37,912810UA4,TSRYS5802849,D,S,T,2024-07-16,1000000.00,4.439389,103.046875
08:00:37,912810UA4,TSRYS5802849,D,S,T,2024-07-16,1000000.00,4.439389,103.046875
08:00:37,912810UA4,TSRYS5802849,D,S,T,2024-07-16,1000000.00,4.439389,103.046875
08:00:37,912810UA4,TSRYS5802849,D,S,T,2024-07-16,1000000.00,4.439389,103.046875
08:00:37,912810UA4,TSRYS5802849,D,S,T,2024-07-16,1000000.00,4.439389,103.046875
08:00:37,912810UA4,TSRYS5802849,D,S,T,2024-07-16,1000000.00,4.439389,103.046875
08:00:37,912810UA4,TSRYS5802849,D,S,T,2024-07-16,1000000.00,4.439389,103.046875
08:00:37,912810UA4,TSRYS5802849,D,S,T,2024-07-16,1000000.00,4.439389,103.046875
08:00:37,912810UA4,TSRYS5802849,D,S,T,2024-07-16,1000000.00,4.439389,103.046875
08:00:37,912810UA4,TSRYS5802849,D,S,T,2024-07-16,1000000.00,4.439389,103.046875
08:00:37,912810UA4,TSRYS5802849,D,S,T,2024-07-16,1000000.00,4.439389,103.046875
08:00:37,912810UA4,TSRYS5802849,D,S,T,2024-07-16,1000000.00,4.439389,103.046875
08:00:37,912810UA4,TSRYS5802849,D,S,T,2024-07-16,1000000.00,4.438459,103.0625
08:00:37,912810UA4,TSRYS5802849,D,S,T,2024-07-16,1000000.00,4.438459,103.0625
08:00:37,912810UA4,TSRYS5802849,D,S,T,2024-07-16,1000000.00,4.438459,103.0625
08:00:37,912810UA4,TSRYS5802849,D,B,A,2024-07-16,5000000.00,4.434046,103.13671875
08:00:37,912810UA4,TSRYS5802849,D,B,A,2024-07-16,2000000.00,4.427319,103.25
08:00:37,912810UA4,TSRYS5802849,D,B,A,2024-07-16,500000.00,4.417133,103.421875
08:00:37,912810UA4,TSRYS5802849,D,S,A,2024-07-16,1000000.00,4.417596,103.4140625
08:00:37,912810UA4,TSRYS5802849,D,S,A,2024-07-16,5000000.00,4.417364,103.41796875
08:00:37,912810UA4,TSRYS5802849,D,B,C,2024-07-16,2000000.00,4.412511,103.5
08:00:37,912810UA4,TSRYS5802849,D,S,T,2024-07-16,1000000.00,4.411587,103.515625
08:00:37,912810UA4,TSRYS5802849,D,B,C,2024-07-16,1000000.00,4.411537,103.51646875
08:00:37,912810UA4,TSRYS5802849,D,B,C,2024-07-16,2000000.00,4.411125,103.5234375
08:00:37,912810UA4,TSRYS5802849,D,B,A,2024-07-16,200000.00,4.409509,103.55078125
08:00:37,912810UA4,TSRYS5802849,D,S,D,2024-07-16,50MM+,4.417241,103.42005
08:00:37,912810UA4,TSRYS5802849,D,S,A,2024-07-16,2500000.00,4.410895,103.52734375
08:00:37,912810UA4,TSRYS5802849,D,B,A,2024-07-16,1000000.00,4.410664,103.53125
08:00:37,912810UA4,TSRYS5802849,D,S,T,2024-07-16,1000000.00,4.407894,103.578125
08:00:37,912810UA4,TSRYS5802849,D,S,T,2024-07-16,1000000.00,4.40236,103.671875
08:00:37,912810UA4,TSRYS5802849,D,B,C,2024-07-16,2000000.00,4.402448,103.670375
08:00:37,912810UA4,TSRYS5802849,D,S,T,2024-07-16,1000000.00,4.40236,103.671875
08:00:37,912810UA4,TSRYS5802849,D,B,C,2024-07-16,7000000.00,4.404319,103.638671875
08:00:37,912810UA4,TSRYS5802849,D,S,C,2024-07-16,200000.00,4.402821,103.6640625
08:00:37,912810UA4,TSRYS5802849,D,B,C,2024-07-16,7000000.00,4.406394,103.603515625
08:00:37,912810UA4,TSRYS5802849,D,B,C,2024-07-16,7000000.00,4.407433,103.5859375
08:00:37,912810UA4,TSRYS5802849,D,S,T,2024-07-16,1000000.00,4.405126,103.625
08:00:37,912810UA4,TSRYS5802849,D,B,C,2024-07-16,7000000.00,4.405472,103.619140625
08:00:37,912810UA4,TSRYS5802849,D,S,T,2024-07-16,1000000.00,4.404204,103.640625
08:00:37,912810UA4,TSRYS5802849,D,S,T,2024-07-16,1000000.00,4.404204,103.640625
08:00:37,912810UA4,TSRYS5802849,D,B,C,2024-07-16,5000000.00,4.408932,103.560546875
08:00:37,912810UA4,TSRYS5802849,D,S,D,2024-07-16,4000000.00,4.406971,103.59375
08:00:37,912810UA4,TSRYS5802849,D,B,C,2024-07-16,6000000.00,4.406856,103.595703125
08:00:37,912810UA4,TSRYS5802849,D,S,C,2024-07-16,300000.00,4.409498,103.55078125
08:00:37,912810UA4,TSRYS5802849,D,S,D,2024-07-16,1000000.00,4.40974,103.546875
08:00:37,912810UA4,TSRYS5802849,D,S,D,2024-07-16,1000000.00,4.40974,103.546875
08:00:37,912810UA4,TSRYS5802849,D,S,D,2024-07-16,1000000.00,4.40974,103.546875
08:00:37,912810UA4,TSRYS5802849,D,S,D,2024-07-16,1000000.00,4.40974,103.546875
08:00:37,912810UA4,TSRYS5802849,D,S,D,2024-07-16,1000000.00,4.40974,103.546875
08:00:37,912810UA4,TSRYS5802849,D,S,D,2024-07-16,5000000.00,4.408817,103.5625
08:00:37,912810UA4,TSRYS5802849,D,S,D,2024-07-16,5000000.00,4.408817,103.5625
08:00:37,912810UA4,TSRYS5802849,D,S,A,2024-07-16,2500000.00,4.40974,103.546875
08:00:37,912810UA4,TSRYS5802849,D,S,D,2024-07-16,2000000.00,4.407894,103.578125
08:00:37,912810UA4,TSRYS5802849,D,S,C,2024-07-16,8505000.00,4.40974,103.546875
08:00:37,912810UA4,TSRYS5802849,D,S,D,2024-07-16,1000000.00,4.411587,103.515625
08:00:37,912810UA4,TSRYS5802849,D,S,D,2024-07-16,1000000.00,4.411587,103.515625
08:00:37,912810UA4,TSRYS5802849,D,S,D,2024-07-16,1000000.00,4.409371,103.5531283894
08:00:37,912810UA4,TSRYS5802849,D,S,D,2024-07-16,1000000.00,4.409371,103.5531283894
08:00:37,912810UA4,TSRYS5802849,D,S,D,2024-07-16,1000000.00,4.409371,103.5531283894
08:00:37,912810UA4,TSRYS5802849,D,S,D,2024-07-16,1000000.00,4.40974,103.546875
08:00:37,912810UA4,TSRYS5802849,D,B,A,2024-07-16,1000000.00,4.410202,103.5390625
08:00:37,912810UA4,TSRYS5802849,D,B,A,2024-07-16,500000.00,4.410433,103.53515625
08:00:37,912810UA4,TSRYS5802849,D,S,D,2024-07-16,1000000.00,4.408817,103.5625
08:00:37,912810UA4,TSRYS5802849,D,S,T,2024-07-16,1000000.00,4.408702,103.564453125
08:00:37,912810UA4,TSRYS5802849,D,S,D,2024-07-16,1000000.00,4.408817,103.5625
08:00:37,912810UA4,TSRYS5802849,D,S,T,2024-07-16,1000000.00,4.408817,103.5625
08:00:37,912810UA4,TSRYS5802849,D,S,T,2024-07-16,1000000.00,4.408817,103.5625
08:00:37,912810UA4,TSRYS5802849,D,S,D,2024-07-16,4000000.00,4.408817,103.5625
08:00:37,912810UA4,TSRYS5802849,D,S,D,2024-07-16,1000000.00,4.408702,103.564453125
08:00:37,912810UA4,TSRYS5802849,D,S,D,2024-07-16,1000000.00,4.408817,103.5625
08:00:37,912810UA4,TSRYS5802849,D,S,D,2024-07-16,1000000.00,4.408817,103.5625
08:00:37,912810UA4,TSRYS5802849,D,S,D,2024-07-16,1000000.00,4.408817,103.5625
08:00:37,912810UA4,TSRYS5802849,D,S,D,2024-07-16,1000000.00,4.410664,103.53125
08:00:37,912810UA4,TSRYS5802849,D,S,D,2024-07-16,1000000.00,4.410664,103.53125
08:00:37,912810UA4,TSRYS5802849,D,S,D,2024-07-16,1000000.00,4.410664,103.53125
08:00:37,912810UA4,TSRYS5802849,D,S,D,2024-07-16,3000000.00,4.40974,103.546875
08:00:37,912810UA4,TSRYS5802849,D,S,D,2024-07-16,1000000.00,4.403282,103.65625
08:00:37,912810UA4,TSRYS5802849,D,S,D,2024-07-16,1000000.00,4.403282,103.65625
08:00:37,912810UA4,TSRYS5802849,D,S,D,2024-07-16,1000000.00,4.403282,103.65625
08:00:37,912810UA4,TSRYS5802849,D,S,D,2024-07-16,1000000.00,4.403282,103.65625
08:00:37,912810UA4,TSRYS5802849,D,S,D,2024-07-16,2000000.00,4.403282,103.65625
08:00:37,912810UA4,TSRYS5802849,D,S,D,2024-07-16,1000000.00,4.403282,103.65625
08:00:37,912810UA4,TSRYS5802849,D,S,D,2024-07-16,2000000.00,4.405126,103.625
08:00:37,912810UA4,TSRYS5802849,D,B,A,2024-07-16,1500000.00,4.405587,103.6171875
08:00:37,912810UA4,TSRYS5802849,D,S,D,2024-07-16,2000000.00,4.404204,103.640625
08:00:37,912810UA4,TSRYS5802849,D,S,C,2024-07-16,7000000.00,4.404204,103.640625
08:00:37,912810UA4,TSRYS5802849,D,S,D,2024-07-16,1000000.00,4.430102,103.203125
08:00:37,912810UA4,TSRYS5802849,D,S,D,2024-07-16,1000000.00,4.429174,103.21875
08:00:37,912810UA4,TSRYS5802849,D,B,C,2024-07-16,3000000.00,4.409971,103.54296875
08:00:37,912810UA4,TSRYS5802849,D,S,D,2024-07-16,1000000.00,4.423613,103.3125
08:00:38,912810UA4,TSRYS5802849,D,S,T,2024-07-16,1000000.00,4.408817,103.5625
08:00:38,912810UA4,TSRYS5802849,D,S,T,2024-07-16,1000000.00,4.408817,103.5625
08:00:38,912810UA4,TSRYS5802849,D,S,T,2024-07-16,1000000.00,4.409394,103.552734375
08:00:38,912810UA4,TSRYS5802849,D,S,T,2024-07-16,1000000.00,4.409509,103.55078125
08:00:38,912810UA4,TSRYS5802849,D,S,T,2024-07-16,1000000.00,4.409509,103.55078125
08:00:38,912810UA4,TSRYS5802849,D,S,T,2024-07-16,1000000.00,4.408817,103.5625
08:00:38,912810UA4,TSRYS5802849,D,S,T,2024-07-16,1000000.00,4.407894,103.578125
08:00:38,912810UA4,TSRYS5802849,D,S,T,2024-07-16,1000000.00,4.407894,103.578125
08:00:38,912810UA4,TSRYS5802849,D,S,T,2024-07-16,1000000.00,4.407894,103.578125
08:00:38,912810UA4,TSRYS5802849,D,S,T,2024-07-16,1000000.00,4.40824,103.572265625
08:00:38,912810UA4,TSRYS5802849,D,S,T,2024-07-16,1000000.00,4.40824,103.572265625
08:00:38,912810UA4,TSRYS5802849,D,S,T,2024-07-16,1000000.00,4.407894,103.578125
08:00:38,912810UA4,TSRYS5802849,D,S,T,2024-07-16,1000000.00,4.407894,103.578125
08:00:38,912810UA4,TSRYS5802849,D,S,D,2024-07-16,1000000.00,4.440319,103.03125
08:00:38,912810UA4,TSRYS5802849,D,S,D,2024-07-16,1000000.00,4.439621,103.04296875
08:00:38,912810UA4,TSRYS5802849,D,S,D,2024-07-16,1000000.00,4.439621,103.04296875
08:00:38,912810UA4,TSRYS5802849,D,S,D,2024-07-16,1000000.00,4.439621,103.04296875
08:00:38,912810UA4,TSRYS5802849,D,S,D,2024-07-16,1000000.00,4.439621,103.04296875
08:00:38,912810UA4,TSRYS5802849,D,S,D,2024-07-16,1000000.00,4.439738,103.041015625
08:00:38,912810UA4,TSRYS5802849,D,S,D,2024-07-16,1000000.00,4.439738,103.041015625
08:00:38,912810UA4,TSRYS5802849,D,S,D,2024-07-16,2000000.00,4.439738,103.041015625
08:00:38,912810UA4,TSRYS5802849,D,S,D,2024-07-16,1000000.00,4.438459,103.0625
08:00:38,912810UA4,TSRYS5802849,D,S,D,2024-07-16,1000000.00,4.438924,103.0546875
08:00:38,912810UA4,TSRYS5802849,D,S,D,2024-07-16,30000000.00,4.445844,102.938476562
08:00:38,912810UA4,TSRYS5802849,D,S,D,2024-07-16,1000000.00,4.438459,103.0625
08:00:38,912810UA4,TSRYS5802849,D,S,D,2024-07-16,1000000.00,4.438459,103.0625
08:00:38,912810UA4,TSRYS5802849,D,S,D,2024-07-16,1000000.00,4.440319,103.03125
08:00:38,912810UA4,TSRYS5802849,D,S,D,2024-07-16,1000000.00,4.421066,103.35546875
08:00:39,912810UA4,TSRYS5802849,D,S,T,2024-07-16,1000000.00,4.440319,103.03125
08:00:39,912810UA4,TSRYS5802849,D,S,D,2024-07-16,1500000.00,4.440295,103.03165
08:00:39,912810UA4,TSRYS5802849,D,S,D,2024-07-16,1000000.00,4.429174,103.21875
08:00:39,912810UA4,TSRYS5802849,D,S,D,2024-07-16,1000000.00,4.430102,103.203125
08:00:39,912810UA4,TSRYS5802849,D,S,D,2024-07-16,1000000.00,4.430102,103.203125
08:00:39,912810UA4,TSRYS5802849,D,S,D,2024-07-16,1000000.00,4.430102,103.203125
08:00:39,912810UA4,TSRYS5802849,D,S,D,2024-07-16,1000000.00,4.430102,103.203125
08:00:39,912810UA4,TSRYS5802849,D,S,D,2024-07-16,1000000.00,4.429174,103.21875
08:00:39,912810UA4,TSRYS5802849,D,B,A,2024-07-16,2000000.00,4.442644,102.9921875
08:00:39,912810UA4,TSRYS5802849,D,S,D,2024-07-16,1000000.00,4.429174,103.21875
08:00:39,912810UA4,TSRYS5802849,D,S,D,2024-07-16,1000000.00,4.443342,102.98046875
08:00:39,912810UA4,TSRYS5802849,D,S,D,2024-07-16,1000000.00,4.442644,102.9921875
08:00:39,912810UA4,TSRYS5802849,D,S,D,2024-07-16,1000000.00,4.419215,103.38671875
08:00:40,912810UA4,TSRYS5802849,D,S,D,2024-07-16,10000000.00,4.408137,103.57401875
08:00:40,912810UA4,TSRYS5802849,D,B,C,2024-07-16,10000000.00,4.408137,103.57401875
08:00:40,912810UA4,TSRYS5802849,D,S,D,2024-07-16,5000000.00,4.409105,103.557617188
08:00:40,912810UA4,TSRYS5802849,D,S,D,2024-07-16,6000000.00,4.406097,103.608552632
08:00:41,912810UA4,TSRYS5802849,D,S,T,2024-07-16,3000000.00,4.425466,103.28125
08:00:41,912810UA4,TSRYS5802849,D,S,T,2024-07-16,1000000.00,4.425466,103.28125
08:00:41,912810UA4,TSRYS5802849,D,S,T,2024-07-16,1000000.00,4.425466,103.28125
08:00:41,912810UA4,TSRYS5802849,D,S,T,2024-07-16,1000000.00,4.425466,103.28125
08:00:41,912810UA4,TSRYS5802849,D,B,A,2024-07-16,300000.00,4.425697,103.27734375
08:00:41,912810UA4,TSRYS5802849,D,S,T,2024-07-16,1000000.00,4.429174,103.21875
08:00:41,912810UA4,TSRYS5802849,D,S,T,2024-07-16,1000000.00,4.430102,103.203125
08:00:41,912810UA4,TSRYS5802849,D,S,T,2024-07-16,1000000.00,4.430102,103.203125
08:00:41,912810UA4,TSRYS5802849,D,S,T,2024-07-16,1000000.00,4.430102,103.203125
08:00:41,912810UA4,TSRYS5802849,D,S,T,2024-07-16,1000000.00,4.430102,103.203125
08:00:41,912810UA4,TSRYS5802849,D,S,T,2024-07-16,1000000.00,4.429174,103.21875
08:00:41,912810UA4,TSRYS5802849,D,S,T,2024-07-16,1000000.00,4.429174,103.21875
08:00:41,912810UA4,TSRYS5802849,D,B,A,2024-07-16,5000000.00,4.428478,103.23046875
08:00:41,912810UA4,TSRYS5802849,D,S,T,2024-07-16,3000000.00,4.428247,103.234375
08:00:41,912810UA4,TSRYS5802849,D,S,D,2024-07-16,1000000.00,4.430102,103.203125
08:00:41,912810UA4,TSRYS5802849,D,S,T,2024-07-16,1000000.00,4.424539,103.296875
08:00:41,912810UA4,TSRYS5802849,D,S,D,2024-07-16,1000000.00,4.428247,103.234375
08:00:41,912810UA4,TSRYS5802849,D,S,D,2024-07-16,1000000.00,4.430102,103.203125
08:00:41,912810UA4,TSRYS5802849,D,S,D,2024-07-16,1000000.00,4.430102,103.203125
08:00:41,912810UA4,TSRYS5802849,D,S,D,2024-07-16,1000000.00,4.430102,103.203125
08:00:41,912810UA4,TSRYS5802849,D,S,D,2024-07-16,1000000.00,4.430102,103.203125
08:00:41,912810UA4,TSRYS5802849,D,S,D,2024-07-16,1000000.00,4.430102,103.203125
08:00:41,912810UA4,TSRYS5802849,D,S,D,2024-07-16,1000000.00,4.430102,103.203125
08:00:41,912810UA4,TSRYS5802849,D,B,A,2024-07-16,10000000.00,4.422223,103.3359375
08:00:41,912810UA4,TSRYS5802849,D,S,T,2024-07-16,2000000.00,4.422686,103.328125
08:00:41,912810UA4,TSRYS5802849,D,S,T,2024-07-16,1000000.00,4.422686,103.328125
08:00:41,912810UA4,TSRYS5802849,D,S,D,2024-07-16,1000000.00,4.429174,103.21875
08:00:42,912810UA4,TSRYS5802849,D,S,T,2024-07-16,1000000.00,4.422686,103.328125
08:00:42,912810UA4,TSRYS5802849,D,S,T,2024-07-16,1000000.00,4.422686,103.328125
08:00:42,912810UA4,TSRYS5802849,D,S,A,2024-07-16,15000000.00,4.440551,103.02734375
08:00:42,912810UA4,TSRYS5802849,D,S,A,2024-07-16,50MM+,,103.421875
08:00:42,912810UA4,TSRYS5802849,D,S,C,2024-07-16,8700000.00,4.417121,103.422075
08:00:42,912810UA4,TSRYS5802849,D,S,D,2024-07-16,12000000.00,4.41748,103.416015625
08:00:42,912810UA4,TSRYS5802849,D,S,T,2024-07-16,1000000.00,4.417133,103.421875
08:00:42,912810UA4,TSRYS5802849,D,S,D,2024-07-16,3000000.00,4.410274,103.537841797
08:00:42,912810UA4,TSRYS5802849,D,S,T,2024-07-16,1000000.00,4.417133,103.421875
08:00:42,912810UA4,TSRYS5802849,D,S,D,2024-07-16,8700000.00,4.417121,103.422075
08:00:42,912810UA4,TSRYS5802849,D,S,D,2024-07-16,1000000.00,4.418983,103.390625
08:00:42,912810UA4,TSRYS5802849,D,S,D,2024-07-16,1000000.00,4.418983,103.390625
08:00:42,912810UA4,TSRYS5802849,D,S,D,2024-07-16,1000000.00,4.418983,103.390625
08:00:42,912810UA4,TSRYS5802849,D,S,D,2024-07-16,2000000.00,4.406664,103.598958333
08:00:42,912810UA4,TSRYS5802849,D,S,T,2024-07-16,1000000.00,4.415284,103.453125
08:00:42,912810UA4,TSRYS5802849,D,S,T,2024-07-16,1000000.00,4.415284,103.453125
08:00:42,912810UA4,TSRYS5802849,D,S,D,2024-07-16,1000000.00,4.418983,103.390625
08:00:42,912810UA4,TSRYS5802849,D,S,D,2024-07-16,1000000.00,4.418983,103.390625
08:00:42,912810UA4,TSRYS5802849,D,S,D,2024-07-16,1000000.00,4.418983,103.390625
08:00:43,912810UA4,TSRYS5802849,D,S,D,2024-07-16,1000000.00,4.404204,103.640625
08:00:43,912810UA4,TSRYS5802849,D,S,D,2024-07-16,1000000.00,4.404204,103.640625
08:00:43,912810UA4,TSRYS5802849,D,S,D,2024-07-16,1000000.00,4.405126,103.625
08:00:43,912810UA4,TSRYS5802849,D,S,D,2024-07-16,5200000.00,4.408137,103.57401875
08:00:43,912810UA4,TSRYS5802849,D,B,C,2024-07-16,5200000.00,4.408137,103.57401875
08:00:43,912810UA4,TSRYS5802849,D,S,D,2024-07-16,1000000.00,4.410086,103.541015625
08:00:43,912810UA4,TSRYS5802849,D,S,D,2024-07-16,1000000.00,4.410086,103.541015625
08:00:43,912810UA4,TSRYS5802849,D,S,T,2024-07-16,1000000.00,4.408009,103.576171875
08:00:43,912810UA4,TSRYS5802849,D,S,T,2024-07-16,1000000.00,4.407894,103.578125
08:00:44,912810UA4,TSRYS5802849,D,S,D,2024-07-16,1000000.00,4.417596,103.4140625
08:00:44,912810UA4,TSRYS5802849,D,S,D,2024-07-16,1000000.00,4.416902,103.42578125
08:00:44,912810UA4,TSRYS5802849,D,S,D,2024-07-16,1000000.00,4.416902,103.42578125
08:00:44,912810UA4,TSRYS5802849,D,B,A,2024-07-16,8500000.00,4.407918,103.577725
08:00:44,912810UA4,TSRYS5802849,D,S,D,2024-07-16,2000000.00,4.406279,103.60546875
08:00:45,912810UA4,TSRYS5802849,D,S,T,2024-07-16,1000000.00,4.404204,103.640625
08:00:45,912810UA4,TSRYS5802849,D,S,T,2024-07-16,1000000.00,4.406971,103.59375
08:00:45,912810UA4,TSRYS5802849,D,S,T,2024-07-16,1000000.00,4.406049,103.609375
08:00:45,912810UA4,TSRYS5802849,D,S,T,2024-07-16,1000000.00,4.406971,103.59375
08:00:45,912810UA4,TSRYS5802849,D,S,T,2024-07-16,1000000.00,4.408817,103.5625
08:00:45,912810UA4,TSRYS5802849,D,S,T,2024-07-16,1000000.00,4.408817,103.5625
08:00:45,912810UA4,TSRYS5802849,D,S,T,2024-07-16,1000000.00,4.408817,103.5625
08:00:45,912810UA4,TSRYS5802849,D,S,T,2024-07-16,1000000.00,4.408817,103.5625
08:00:46,912810UA4,TSRYS5802849,D,S,T,2024-07-16,1000000.00,4.409856,103.544921875
08:00:46,912810UA4,TSRYS5802849,D,S,T,2024-07-16,1000000.00,4.409856,103.544921875
08:00:46,912810UA4,TSRYS5802849,D,S,D,2024-07-16,1000000.00,4.408355,103.5703125
08:00:46,912810UA4,TSRYS5802849,D,S,D,2024-07-16,1000000.00,4.410664,103.53125
08:00:46,912810UA4,TSRYS5802849,D,S,D,2024-07-16,1000000.00,4.410664,103.53125
08:00:46,912810UA4,TSRYS5802849,D,S,A,2024-07-16,10000000.00,4.409971,103.54296875
08:00:46,912810UA4,TSRYS5802849,D,S,D,2024-07-16,100000.00,4.410202,103.5390625
08:00:46,912810UA4,TSRYS5802849,D,S,D,2024-07-16,1000000.00,4.409279,103.5546875
08:00:46,912810UA4,TSRYS5802849,D,S,D,2024-07-16,1000000.00,4.40974,103.546875
08:00:46,912810UA4,TSRYS5802849,D,S,T,2024-07-16,1000000.00,4.40974,103.546875
08:00:46,912810UA4,TSRYS5802849,D,S,T,2024-07-16,1000000.00,4.40974,103.546875
08:00:46,912810UA4,TSRYS5802849,D,S,T,2024-07-16,1000000.00,4.410664,103.53125
08:00:46,912810UA4,TSRYS5802849,D,S,T,2024-07-16,1000000.00,4.40824,103.572265625
08:00:46,912810UA4,TSRYS5802849,D,S,A,2024-07-16,1000000.00,4.407663,103.58203125
08:00:47,912810UA4,TSRYS5802849,D,S,A,2024-07-16,2500000.00,4.404204,103.640625
08:00:47,912810UA4,TSRYS5802849,D,S,T,2024-07-16,1000000.00,4.405587,103.6171875
08:00:47,912810UA4,TSRYS5802849,D,S,T,2024-07-16,3000000.00,4.40455,103.634765625
08:00:47,912810UA4,TSRYS5802849,D,S,D,2024-07-16,1000000.00,4.411587,103.515625
08:00:47,912810UA4,TSRYS5802849,D,S,T,2024-07-16,1000000.00,4.405011,103.626953125
08:00:48,912810UA4,TSRYS5802849,D,B,A,2024-07-16,500000.00,4.406279,103.60546875
08:00:48,912810UA4,TSRYS5802849,D,S,A,2024-07-16,1500000.00,4.408817,103.5625
08:00:48,912810UA4,TSRYS5802849,D,S,D,2024-07-16,3000000.00,4.405818,103.61328125
08:00:48,912810UA4,TSRYS5802849,D,S,D,2024-07-16,1000000.00,4.40974,103.546875
08:00:49,912810UA4,TSRYS5802849,D,S,D,2024-07-16,1000000.00,4.404089,103.642578125
08:00:49,912810UA4,TSRYS5802849,D,S,D,2024-07-16,6000000.00,4.442703,102.991210938
08:00:49,912810UA4,TSRYS5802849,D,S,D,2024-07-16,1000000.00,4.443342,102.98046875
08:00:49,912810UA4,TSRYS5802849,D,S,D,2024-07-16,1000000.00,4.443342,102.98046875
08:00:49,912810UA4,TSRYS5802849,D,S,D,2024-07-16,1000000.00,4.439621,103.04296875
08:00:49,912810UA4,TSRYS5802849,D,S,D,2024-07-16,1000000.00,4.439621,103.04296875
08:00:49,912810UA4,TSRYS5802849,D,S,D,2024-07-16,3000000.00,4.439738,103.041015625
08:00:49,912810UA4,TSRYS5802849,D,S,D,2024-07-16,1000000.00,4.439738,103.041015625
08:00:49,912810UA4,TSRYS5802849,D,S,D,2024-07-16,2000000.00,4.439738,103.041015625
08:00:49,912810UA4,TSRYS5802849,D,S,D,2024-07-16,1000000.00,4.438459,103.0625
08:00:49,912810UA4,TSRYS5802849,D,S,D,2024-07-16,1000000.00,4.440319,103.03125
08:00:50,912810UA4,TSRYS5802849,D,S,D,2024-07-16,1000000.00,4.440319,103.03125
08:00:51,912810UA4,TSRYS5802849,D,S,A,2024-07-16,5000000.00,4.437298,103.08203125
08:00:51,912810UA4,TSRYS5802849,D,B,A,2024-07-16,10000000.00,4.425929,103.2734375
08:00:51,912810UA4,TSRYS5802849,D,S,T,2024-07-16,1000000.00,4.424539,103.296875
08:00:51,912810UA4,TSRYS5802849,D,S,T,2024-07-16,1000000.00,4.424539,103.296875
08:00:51,912810UA4,TSRYS5802849,D,B,A,2024-07-16,600000.00,4.425466,103.28125
08:00:51,912810UA4,TSRYS5802849,D,S,T,2024-07-16,1000000.00,4.425466,103.28125
08:00:51,912810UA4,TSRYS5802849,D,S,T,2024-07-16,1000000.00,4.425466,103.28125
08:00:51,912810UA4,TSRYS5802849,D,S,T,2024-07-16,1000000.00,4.428247,103.234375
08:00:52,912810UA4,TSRYS5802849,D,S,D,2024-07-16,1000000.00,4.430102,103.203125
08:00:52,912810UA4,TSRYS5802849,D,S,T,2024-07-16,1000000.00,4.430102,103.203125
08:00:52,912810UA4,TSRYS5802849,D,S,T,2024-07-16,1000000.00,4.430102,103.203125
08:00:52,912810UA4,TSRYS5802849,D,S,T,2024-07-16,1000000.00,4.430102,103.203125
08:00:52,912810UA4,TSRYS5802849,D,S,T,2024-07-16,1000000.00,4.430102,103.203125
08:00:52,912810UA4,TSRYS5802849,D,S,T,2024-07-16,1000000.00,4.430102,103.203125
08:00:52,912810UA4,TSRYS5802849,D,S,T,2024-07-16,1000000.00,4.430102,103.203125
08:00:52,912810UA4,TSRYS5802849,D,S,T,2024-07-16,1000000.00,4.429174,103.21875
08:00:52,912810UA4,TSRYS5802849,D,S,A,2024-07-16,10000000.00,4.430102,103.203125
08:00:52,912810UA4,TSRYS5802849,D,B,A,2024-07-16,8000000.00,4.430102,103.203125
08:00:52,912810UA4,TSRYS5802849,D,S,D,2024-07-16,8000000.00,4.424983,103.28938
08:00:52,912810UA4,TSRYS5802849,D,S,T,2024-07-16,1000000.00,4.422686,103.328125
08:00:52,912810UA4,TSRYS5802849,D,S,T,2024-07-16,1000000.00,4.422686,103.328125
08:00:52,912810UA4,TSRYS5802849,D,S,T,2024-07-16,1000000.00,4.422686,103.328125
08:00:52,912810UA4,TSRYS5802849,D,S,T,2024-07-16,1000000.00,4.422686,103.328125
08:00:52,912810UA4,TSRYS5802849,D,S,T,2024-07-16,1000000.00,4.422686,103.328125
08:00:53,912810UA4,TSRYS5802849,D,S,A,2024-07-16,5000000.00,4.418289,103.40234375
08:00:53,912810UA4,TSRYS5802849,D,S,D,2024-07-16,1000000.00,4.408355,103.5703125
08:00:53,912810UA4,TSRYS5802849,D,B,A,2024-07-16,10000000.00,4.417364,103.41796875
08:00:53,912810UA4,TSRYS5802849,D,S,T,2024-07-16,1000000.00,4.417133,103.421875
08:00:53,912810UA4,TSRYS5802849,D,S,T,2024-07-16,1000000.00,4.417133,103.421875
08:00:53,912810UA4,TSRYS5802849,D,S,T,2024-07-16,1000000.00,4.417133,103.421875
08:00:53,912810UA4,TSRYS5802849,D,S,T,2024-07-16,2000000.00,4.415284,103.453125
08:00:53,912810UA4,TSRYS5802849,D,S,T,2024-07-16,1000000.00,4.415284,103.453125
08:00:53,912810UA4,TSRYS5802849,D,S,D,2024-07-16,1000000.00,4.40651,103.6015625
08:00:53,912810UA4,TSRYS5802849,D,S,D,2024-07-16,1000000.00,4.40674,103.59765625
08:00:53,912810UA4,TSRYS5802849,D,S,D,2024-07-16,1000000.00,4.40651,103.6015625
08:00:53,912810UA4,TSRYS5802849,D,S,D,2024-07-16,1000000.00,4.408586,103.56640625
08:00:53,912810UA4,TSRYS5802849,D,S,D,2024-07-16,1000000.00,4.408817,103.5625
08:00:54,912810UA4,TSRYS5802849,D,B,C,2024-07-16,12000000.00,4.439903,103.03824
08:00:54,912810UA4,TSRYS5802849,D,S,D,2024-07-16,1000000.00,4.410086,103.541015625
08:00:55,912810UA4,TSRYS5802849,D,S,D,2024-07-16,1000000.00,4.404204,103.640625
08:00:55,912810UA4,TSRYS5802849,D,S,D,2024-07-16,1000000.00,4.404204,103.640625
08:00:55,912810UA4,TSRYS5802849,D,S,D,2024-07-16,1000000.00,4.40651,103.6015625
08:00:55,912810UA4,TSRYS5802849,D,S,D,2024-07-16,1000000.00,4.40651,103.6015625
08:00:55,912810UA4,TSRYS5802849,D,S,D,2024-07-16,1000000.00,4.406279,103.60546875
08:00:55,912810UA4,TSRYS5802849,D,S,D,2024-07-16,1000000.00,4.406971,103.59375
08:00:56,912810UA4,TSRYS5802849,D,S,T,2024-07-16,1000000.00,4.406971,103.59375
08:00:56,912810UA4,TSRYS5802849,D,S,T,2024-07-16,1000000.00,4.406049,103.609375
08:00:56,912810UA4,TSRYS5802849,D,S,D,2024-07-16,1000000.00,4.406971,103.59375
08:00:56,912810UA4,TSRYS5802849,D,S,D,2024-07-16,1000000.00,4.406971,103.59375
08:00:56,912810UA4,TSRYS5802849,D,S,T,2024-07-16,1000000.00,4.408817,103.5625
08:00:56,912810UA4,TSRYS5802849,D,S,T,2024-07-16,1000000.00,4.408817,103.5625
08:00:56,912810UA4,TSRYS5802849,D,S,T,2024-07-16,2000000.00,4.408817,103.5625
08:00:56,912810UA4,TSRYS5802849,D,S,T,2024-07-16,1000000.00,4.408817,103.5625
08:00:56,912810UA4,TSRYS5802849,D,S,T,2024-07-16,1000000.00,4.408817,103.5625
08:00:56,912810UA4,TSRYS5802849,D,S,T,2024-07-16,1000000.00,4.405472,103.619140625
08:00:57,912810UA4,TSRYS5802849,D,S,T,2024-07-16,1000000.00,4.40974,103.546875
08:00:57,912810UA4,TSRYS5802849,D,S,T,2024-07-16,1000000.00,4.40974,103.546875
08:00:57,912810UA4,TSRYS5802849,D,B,C,2024-07-16,8000000.00,4.440522,103.02783
08:00:57,912810UA4,TSRYS5802849,D,S,D,2024-07-16,1000000.00,4.409279,103.5546875
08:00:57,912810UA4,TSRYS5802849,D,S,D,2024-07-16,1000000.00,4.410202,103.5390625
08:00:57,912810UA4,TSRYS5802849,D,S,A,2024-07-16,2385000.00,4.410895,103.52734375
08:00:57,912810UA4,TSRYS5802849,D,S,D,2024-07-16,1000000.00,4.408009,103.576171875
08:00:57,912810UA4,TSRYS5802849,D,S,D,2024-07-16,1000000.00,4.408355,103.5703125
08:00:57,912810UA4,TSRYS5802849,D,S,T,2024-07-16,4000000.00,4.40974,103.546875
08:00:57,912810UA4,TSRYS5802849,D,B,A,2024-07-16,2000000.00,4.410894,103.527344
08:00:57,912810UA4,TSRYS5802849,D,S,C,2024-07-16,60000.00,4.411102,103.5238375
08:00:57,912810UA4,TSRYS5802849,D,S,D,2024-07-16,1000000.00,4.410664,103.53125
08:00:58,912810UA4,TSRYS5802849,D,S,A,2024-07-16,50MM+,4.417133,103.421875
08:00:58,912810UA4,TSRYS5802849,D,S,A,2024-07-16,42000000.00,4.406971,103.59375
08:00:58,912810UA4,TSRYS5802849,D,S,C,2024-07-16,5000000.00,4.410664,103.53125
08:00:58,912810UA4,TSRYS5802849,D,S,D,2024-07-16,34000000.00,4.413441,103.48427
08:00:58,912810UA4,TSRYS5802849,D,S,T,2024-07-16,1000000.00,4.405357,103.62109375
08:00:58,912810UA4,TSRYS5802849,D,S,T,2024-07-16,1000000.00,4.406049,103.609375
08:00:58,912810UA4,TSRYS5802849,D,S,D,2024-07-16,5000000.00,4.403651,103.65
08:00:58,912810UA4,TSRYS5802849,D,S,D,2024-07-16,1000000.00,4.40455,103.634765625
08:00:58,912810UA4,TSRYS5802849,D,S,D,2024-07-16,1000000.00,4.410202,103.5390625
08:00:59,912810UA4,TSRYS5802849,D,S,T,2024-07-16,1000000.00,4.405126,103.625
08:00:59,912810UA4,TSRYS5802849,D,S,C,2024-07-16,1000000.00,4.408817,103.5625
08:00:59,912810UA4,TSRYS5802849,D,S,D,2024-07-16,1000000.00,4.404434,103.63671875
08:00:59,912810UA4,TSRYS5802849,D,S,C,2024-07-16,1000000.00,4.407894,103.578125
08:00:59,912810UA4,TSRYS5802849,D,S,C,2024-07-16,1000000.00,4.408355,103.5703125
08:00:59,912810UA4,TSRYS5802849,D,S,C,2024-07-16,1000000.00,4.408355,103.5703125
08:00:59,912810UA4,TSRYS5802849,D,S,A,2024-07-16,30000000.00,4.403282,103.65625
08:00:59,912810UA4,TSRYS5802849,D,S,C,2024-07-16,1000000.00,4.408125,103.57421875
08:00:59,912810UA4,TSRYS5802849,D,S,C,2024-07-16,1000000.00,4.408355,103.5703125
08:00:59,912810UA4,TSRYS5802849,D,S,C,2024-07-16,1000000.00,4.408125,103.57421875
08:00:59,912810UA4,TSRYS5802849,D,S,D,2024-07-16,1000000.00,4.409048,103.55859375
08:00:59,912810UA4,TSRYS5802849,D,S,D,2024-07-16,1000000.00,4.408817,103.5625
08:01:00,912810UA4,TSRYS5802849,D,S,C,2024-07-16,1000000.00,4.447998,102.90234375
08:01:00,912810UA4,TSRYS5802849,D,S,D,2024-07-16,1000000.00,4.443342,102.98046875
08:01:00,912810UA4,TSRYS5802849,D,S,D,2024-07-16,1000000.00,4.443342,102.98046875
08:01:00,912810UA4,TSRYS5802849,D,S,D,2024-07-16,1000000.00,4.440319,103.03125
08:01:00,912810UA4,TSRYS5802849,D,S,D,2024-07-16,1000000.00,4.438459,103.0625
08:01:00,912810UA4,TSRYS5802849,D,S,D,2024-07-16,1000000.00,4.438459,103.0625
08:01:00,912810UA4,TSRYS5802849,D,S,D,2024-07-16,1000000.00,4.438459,103.0625
08:01:00,912810UA4,TSRYS5802849,D,S,D,2024-07-16,1000000.00,4.440319,103.03125
08:01:00,912810UA4,TSRYS5802849,D,B,C,2024-07-16,1000000.00,4.440319,103.03125
08:01:00,912810UA4,TSRYS5802849,D,S,D,2024-07-16,1000000.00,4.438459,103.0625
08:01:00,912810UA4,TSRYS5802849,D,S,D,2024-07-16,1000000.00,4.439854,103.0390625
08:01:00,912810UA4,TSRYS5802849,D,S,C,2024-07-16,1000000.00,4.439854,103.0390625
08:01:00,912810UA4,TSRYS5802849,D,S,D,2024-07-16,1000000.00,4.439854,103.0390625
08:01:00,912810UA4,TSRYS5802849,D,S,D,2024-07-16,1000000.00,4.440784,103.0234375
08:01:00,912810UA4,TSRYS5802849,D,S,C,2024-07-16,1000000.00,4.439621,103.04296875
08:01:00,912810UA4,TSRYS5802849,D,S,D,2024-07-16,1000000.00,4.441249,103.015625
08:01:00,912810UA4,TSRYS5802849,D,S,D,2024-07-16,1000000.00,4.441249,103.015625
08:01:00,912810UA4,TSRYS5802849,D,B,C,2024-07-16,1000000.00,4.441016,103.01953125
08:01:00,912810UA4,TSRYS5802849,D,S,C,2024-07-16,1000000.00,4.441016,103.01953125
08:01:00,912810UA4,TSRYS5802849,D,S,C,2024-07-16,1000000.00,4.440319,103.03125
08:01:00,912810UA4,TSRYS5802849,D,S,D,2024-07-16,1000000.00,4.441249,103.015625
08:01:00,912810UA4,TSRYS5802849,D,S,D,2024-07-16,1000000.00,4.443342,102.98046875
08:01:00,912810UA4,TSRYS5802849,D,B,C,2024-07-16,1000000.00,4.439389,103.046875
08:01:00,912810UA4,TSRYS5802849,D,S,D,2024-07-16,1000000.00,4.442644,102.9921875
08:01:00,912810UA4,TSRYS5802849,D,S,D,2024-07-16,1000000.00,4.439389,103.046875
08:01:00,912810UA4,TSRYS5802849,D,S,C,2024-07-16,1000000.00,4.439621,103.04296875
08:01:00,912810UA4,TSRYS5802849,D,S,D,2024-07-16,1000000.00,4.439157,103.05078125
08:01:00,912810UA4,TSRYS5802849,D,S,D,2024-07-16,1000000.00,4.439157,103.05078125
08:01:00,912810UA4,TSRYS5802849,D,S,C,2024-07-16,1000000.00,4.438692,103.05859375
08:01:00,912810UA4,TSRYS5802849,D,S,D,2024-07-16,1000000.00,4.437762,103.07421875
08:01:00,912810UA4,TSRYS5802849,D,S,D,2024-07-16,1000000.00,4.438227,103.06640625
08:01:00,912810UA4,TSRYS5802849,D,S,D,2024-07-16,1000000.00,4.439157,103.05078125
08:01:00,912810UA4,TSRYS5802849,D,B,C,2024-07-16,1000000.00,4.428015,103.23828125
08:01:00,912810UA4,TSRYS5802849,D,B,C,2024-07-16,1000000.00,4.439157,103.05078125
08:01:00,912810UA4,TSRYS5802849,D,S,C,2024-07-16,1000000.00,4.428478,103.23046875
08:01:00,912810UA4,TSRYS5802849,D,S,C,2024-07-16,1000000.00,4.424771,103.29296875
08:01:00,912810UA4,TSRYS5802849,D,B,C,2024-07-16,1000000.00,4.437762,103.07421875
08:01:00,912810UA4,TSRYS5802849,D,S,D,2024-07-16,1000000.00,4.429174,103.21875
08:01:00,912810UA4,TSRYS5802849,D,S,D,2024-07-16,1000000.00,4.430102,103.203125
08:01:00,912810UA4,TSRYS5802849,D,S,D,2024-07-16,1000000.00,4.428015,103.23828125
08:01:00,912810UA4,TSRYS5802849,D,S,C,2024-07-16,1000000.00,4.427551,103.24609375
08:01:00,912810UA4,TSRYS5802849,D,S,C,2024-07-16,1000000.00,4.430334,103.19921875
08:01:00,912810UA4,TSRYS5802849,D,B,C,2024-07-16,1000000.00,4.428942,103.22265625
08:01:00,912810UA4,TSRYS5802849,D,B,C,2024-07-16,1000000.00,4.430102,103.203125
08:01:00,912810UA4,TSRYS5802849,D,S,D,2024-07-16,1000000.00,4.42871,103.2265625
08:01:00,912810UA4,TSRYS5802849,D,S,C,2024-07-16,1000000.00,4.42871,103.2265625
08:01:00,912810UA4,TSRYS5802849,D,S,D,2024-07-16,1000000.00,4.425697,103.27734375
08:01:00,912810UA4,TSRYS5802849,D,S,D,2024-07-16,1000000.00,4.430102,103.203125
08:01:00,912810UA4,TSRYS5802849,D,B,C,2024-07-16,1000000.00,4.427783,103.2421875
08:01:00,912810UA4,TSRYS5802849,D,B,C,2024-07-16,1000000.00,4.425234,103.28515625
08:01:00,912810UA4,TSRYS5802849,D,S,D,2024-07-16,1000000.00,4.429174,103.21875
08:01:00,912810UA4,TSRYS5802849,D,S,C,2024-07-16,1000000.00,4.425697,103.27734375
08:01:00,912810UA4,TSRYS5802849,D,S,A,2024-07-16,295000.00,4.427088,103.25390625
08:01:00,912810UA4,TSRYS5802849,D,S,D,2024-07-16,1000000.00,4.428942,103.22265625
08:01:00,912810UA4,TSRYS5802849,D,S,D,2024-07-16,1000000.00,4.423613,103.3125
08:01:00,912810UA4,TSRYS5802849,D,S,D,2024-07-16,1000000.00,4.427783,103.2421875
08:01:00,912810UA4,TSRYS5802849,D,B,C,2024-07-16,1000000.00,4.425697,103.27734375
08:01:00,912810UA4,TSRYS5802849,D,B,C,2024-07-16,1000000.00,4.421297,103.3515625
08:01:00,912810UA4,TSRYS5802849,D,S,C,2024-07-16,1000000.00,4.423381,103.31640625
08:01:00,912810UA4,TSRYS5802849,D,S,C,2024-07-16,1000000.00,4.422455,103.33203125
08:01:00,912810UA4,TSRYS5802849,D,S,D,2024-07-16,1000000.00,4.420603,103.36328125
08:01:00,912810UA4,TSRYS5802849,D,S,D,2024-07-16,1000000.00,4.425234,103.28515625
08:01:00,912810UA4,TSRYS5802849,D,S,C,2024-07-16,1000000.00,4.419215,103.38671875
08:01:00,912810UA4,TSRYS5802849,D,S,D,2024-07-16,1000000.00,4.422223,103.3359375
08:01:00,912810UA4,TSRYS5802849,D,B,C,2024-07-16,1000000.00,4.422223,103.3359375
08:01:00,912810UA4,TSRYS5802849,D,B,C,2024-07-16,1000000.00,4.418289,103.40234375
08:01:00,912810UA4,TSRYS5802849,D,B,C,2024-07-16,1000000.00,4.420603,103.36328125
08:01:00,912810UA4,TSRYS5802849,D,S,D,2024-07-16,1000000.00,4.421297,103.3515625
08:01:00,912810UA4,TSRYS5802849,D,S,C,2024-07-16,1000000.00,4.421066,103.35546875
08:01:00,912810UA4,TSRYS5802849,D,S,D,2024-07-16,1000000.00,4.418752,103.39453125
08:01:00,912810UA4,TSRYS5802849,D,S,D,2024-07-16,1000000.00,4.418058,103.40625
08:01:00,912810UA4,TSRYS5802849,D,B,C,2024-07-16,1000000.00,4.418752,103.39453125
08:01:00,912810UA4,TSRYS5802849,D,S,D,2024-07-16,1000000.00,4.417827,103.41015625
08:01:00,912810UA4,TSRYS5802849,D,S,D,2024-07-16,1000000.00,4.417827,103.41015625
08:01:00,912810UA4,TSRYS5802849,D,S,D,2024-07-16,1000000.00,4.409279,103.5546875
08:01:00,912810UA4,TSRYS5802849,D,S,D,2024-07-16,1000000.00,4.418521,103.3984375
08:01:00,912810UA4,TSRYS5802849,D,S,C,2024-07-16,1000000.00,4.419446,103.3828125
08:01:00,912810UA4,TSRYS5802849,D,S,D,2024-07-16,1000000.00,4.40974,103.546875
08:01:00,912810UA4,TSRYS5802849,D,S,D,2024-07-16,1000000.00,4.409279,103.5546875
08:01:00,912810UA4,TSRYS5802849,D,S,D,2024-07-16,1000000.00,4.418289,103.40234375
08:01:00,912810UA4,TSRYS5802849,D,S,D,2024-07-16,1000000.00,4.418983,103.390625
08:01:00,912810UA4,TSRYS5802849,D,S,D,2024-07-16,1000000.00,4.410202,103.5390625
08:01:00,912810UA4,TSRYS5802849,D,B,C,2024-07-16,1000000.00,4.418983,103.390625
08:01:00,912810UA4,TSRYS5802849,D,S,C,2024-07-16,1000000.00,4.418058,103.40625
08:01:00,912810UA4,TSRYS5802849,D,S,D,2024-07-16,2000000.00,4.418058,103.40625
08:01:00,912810UA4,TSRYS5802849,D,S,C,2024-07-16,1000000.00,4.418983,103.390625
08:01:00,912810UA4,TSRYS5802849,D,B,C,2024-07-16,1000000.00,4.418521,103.3984375
08:01:00,912810UA4,TSRYS5802849,D,S,D,2024-07-16,1000000.00,4.418983,103.390625
08:01:00,912810UA4,TSRYS5802849,D,S,C,2024-07-16,1000000.00,4.418983,103.390625
08:01:01,912810UA4,TSRYS5802849,D,S,D,2024-07-16,1000000.00,4.418983,103.390625
08:01:01,912810UA4,TSRYS5802849,D,B,C,2024-07-16,1000000.00,4.418983,103.390625
08:01:01,912810UA4,TSRYS5802849,D,S,D,2024-07-16,1000000.00,4.418983,103.390625
08:01:01,912810UA4,TSRYS5802849,D,S,C,2024-07-16,1000000.00,4.418983,103.390625
08:01:01,912810UA4,TSRYS5802849,D,B,C,2024-07-16,1000000.00,4.418983,103.390625
08:01:01,912810UA4,TSRYS5802849,D,B,C,2024-07-16,1000000.00,4.418983,103.390625
08:01:01,912810UA4,TSRYS5802849,D,S,C,2024-07-16,1000000.00,4.418983,103.390625
08:01:01,912810UA4,TSRYS5802849,D,S,D,2024-07-16,1000000.00,4.418983,103.390625
08:01:01,912810UA4,TSRYS5802849,D,B,C,2024-07-16,1000000.00,4.418983,103.390625
08:01:01,912810UA4,TSRYS5802849,D,B,C,2024-07-16,1000000.00,4.418983,103.390625
08:01:01,912810UA4,TSRYS5802849,D,B,C,2024-07-16,1000000.00,4.418983,103.390625
