tradeTime,cusip,issueSymbolIdentifier,priceType,reportingSideCode,contraPartyTypeCode,tradeDate,reportedTradeVolume,lastSaleYield,lastSalePrice
08:00:03,912810UC0,TSRYS5860825,D,S,T,2024-08-13,1000000.00,4.205423,100.755859375
08:00:03,912810UC0,TSRYS5860825,D,S,D,2024-08-13,1000000.00,4.199355,100.859375
08:00:03,912810UC0,TSRYS5860825,D,S,D,2024-08-13,1000000.00,4.199355,100.859375
08:00:03,912810UC0,TSRYS5860825,D,S,T,2024-08-13,1000000.00,4.192953,100.96875
08:00:03,912810UC0,TSRYS5860825,D,S,D,2024-08-13,1000000.00,4.200041,100.84765625
08:00:03,912810UC0,TSRYS5860825,D,S,D,2024-08-13,1000000.00,4.200041,100.84765625
08:00:03,912810UC0,TSRYS5860825,D,S,T,2024-08-13,1000000.00,4.207371,100.72265625
08:00:03,912810UC0,TSRYS5860825,D,S,T,2024-08-13,1000000.00,4.207371,100.72265625
08:00:03,912810UC0,TSRYS5860825,D,S,D,2024-08-13,1000000.00,4.203934,100.78125
08:00:03,912810UC0,TSRYS5860825,D,S,D,2024-08-13,1000000.00,4.203934,100.78125
08:00:03,912810UC0,TSRYS5860825,D,S,D,2024-08-13,1000000.00,4.203934,100.78125
08:00:03,912810UC0,TSRYS5860825,D,S,T,2024-08-13,1000000.00,4.204506,100.771484375
08:00:03,912810UC0,TSRYS5860825,D,S,D,2024-08-13,1000000.00,4.208517,100.703125
08:00:03,912810UC0,TSRYS5860825,D,S,T,2024-08-13,1000000.00,4.203934,100.78125
08:00:03,912810UC0,TSRYS5860825,D,S,T,2024-08-13,1000000.00,4.20027,100.84375
08:00:03,912810UC0,TSRYS5860825,D,S,T,2024-08-13,1000000.00,4.21414,100.607421875
08:00:03,912810UC0,TSRYS5860825,D,S,T,2024-08-13,1000000.00,4.214025,100.609375
08:00:03,912810UC0,TSRYS5860825,D,S,T,2024-08-13,1000000.00,4.20932,100.689453125
08:00:03,912810UC0,TSRYS5860825,D,S,T,2024-08-13,1000000.00,4.21127,100.65625
08:00:03,912810UC0,TSRYS5860825,D,S,T,2024-08-13,1000000.00,4.210238,100.673828125
08:00:03,912810UC0,TSRYS5860825,D,S,T,2024-08-13,1000000.00,4.210238,100.673828125
08:00:03,912810UC0,TSRYS5860825,D,S,D,2024-08-13,1000000.00,4.217471,100.55078125
08:00:03,912810UC0,TSRYS5860825,D,S,T,2024-08-13,1000000.00,4.21862,100.53125
08:00:03,912810UC0,TSRYS5860825,D,S,C,2024-08-13,1000000.00,4.208403,100.705078125
08:00:03,912810UC0,TSRYS5860825,D,S,D,2024-08-13,1000000.00,4.208288,100.70703125
08:00:03,912810UC0,TSRYS5860825,D,S,C,2024-08-13,1000000.00,4.208403,100.705078125
08:00:03,912810UC0,TSRYS5860825,D,S,C,2024-08-13,1000000.00,4.208517,100.703125
08:00:03,912810UC0,TSRYS5860825,D,S,C,2024-08-13,1000000.00,4.208288,100.70703125
08:00:03,912810UC0,TSRYS5860825,D,S,T,2024-08-13,1000000.00,4.203475,100.7890625
08:00:03,912810UC0,TSRYS5860825,D,S,T,2024-08-13,1000000.00,4.202216,100.810546875
08:00:03,912810UC0,TSRYS5860825,D,S,D,2024-08-13,1000000.00,4.201643,100.8203125
08:00:03,912810UC0,TSRYS5860825,D,S,T,2024-08-13,1000000.00,4.196724,100.904296875
08:00:03,912810UC0,TSRYS5860825,D,S,T,2024-08-13,1000000.00,4.196724,100.904296875
08:00:03,912810UC0,TSRYS5860825,D,S,T,2024-08-13,1000000.00,4.196724,100.904296875
08:00:03,912810UC0,TSRYS5860825,D,S,D,2024-08-13,1000000.00,4.195695,100.921875
08:00:03,912810UC0,TSRYS5860825,D,S,D,2024-08-13,1000000.00,4.194781,100.9375
08:00:03,912810UC0,TSRYS5860825,D,S,D,2024-08-13,1000000.00,4.194781,100.9375
08:00:03,912810UC0,TSRYS5860825,D,S,D,2024-08-13,1000000.00,4.195695,100.921875
08:00:05,912810UC0,TSRYS5860825,D,S,D,2024-08-13,50MM+,4.27975,99.5
08:00:05,912810UC0,TSRYS5860825,D,S,T,2024-08-13,3000000.00,4.203934,100.78125
08:00:05,912810UC0,TSRYS5860825,D,S,T,2024-08-13,1000000.00,4.214943,100.59375
08:00:05,912810UC0,TSRYS5860825,D,S,T,2024-08-13,1000000.00,4.21127,100.65625
08:00:05,912810UC0,TSRYS5860825,D,S,T,2024-08-13,1000000.00,4.203017,100.796875
08:00:08,912810UC0,TSRYS5860825,D,S,D,2024-08-13,1000000.00,4.205766,100.75
08:00:08,912810UC0,TSRYS5860825,D,S,D,2024-08-13,5000000.00,4.205766,100.75
08:00:08,912810UC0,TSRYS5860825,D,S,D,2024-08-13,1000000.00,4.205766,100.75
08:00:10,912810UC0,TSRYS5860825,D,S,T,2024-08-13,1000000.00,4.197524,100.890625
08:00:10,912810UC0,TSRYS5860825,D,S,T,2024-08-13,1000000.00,4.199355,100.859375
08:00:10,912810UC0,TSRYS5860825,D,S,T,2024-08-13,1000000.00,4.19661,100.90625
08:00:10,912810UC0,TSRYS5860825,D,S,T,2024-08-13,1000000.00,4.191125,101.0
08:00:10,912810UC0,TSRYS5860825,D,S,T,2024-08-13,1000000.00,4.198439,100.875
08:00:10,912810UC0,TSRYS5860825,D,S,T,2024-08-13,1000000.00,4.198439,100.875
08:00:10,912810UC0,TSRYS5860825,D,S,D,2024-08-13,1000000.00,4.197982,100.8828125
08:00:10,912810UC0,TSRYS5860825,D,S,T,2024-08-13,1000000.00,4.198439,100.875
08:00:10,912810UC0,TSRYS5860825,D,S,T,2024-08-13,1000000.00,4.205766,100.75
08:00:10,912810UC0,TSRYS5860825,D,S,D,2024-08-13,1000000.00,4.204392,100.7734375
08:00:10,912810UC0,TSRYS5860825,D,S,T,2024-08-13,1000000.00,4.204277,100.775390625
08:00:10,912810UC0,TSRYS5860825,D,S,T,2024-08-13,1000000.00,4.204163,100.77734375
08:00:10,912810UC0,TSRYS5860825,D,S,T,2024-08-13,1000000.00,4.21127,100.65625
08:00:10,912810UC0,TSRYS5860825,D,S,T,2024-08-13,1000000.00,4.2076,100.71875
08:00:10,912810UC0,TSRYS5860825,D,S,T,2024-08-13,1000000.00,4.206683,100.734375
08:00:11,912810UC0,TSRYS5860825,D,S,D,2024-08-13,1000000.00,4.211729,100.6484375
08:00:11,912810UC0,TSRYS5860825,D,S,T,2024-08-13,1000000.00,4.203475,100.7890625
08:00:11,912810UC0,TSRYS5860825,D,S,T,2024-08-13,1000000.00,4.20027,100.84375
08:00:11,912810UC0,TSRYS5860825,D,S,D,2024-08-13,1000000.00,4.201643,100.8203125
08:00:11,912810UC0,TSRYS5860825,D,S,T,2024-08-13,1000000.00,4.201643,100.8203125
08:00:11,912810UC0,TSRYS5860825,D,S,T,2024-08-13,1000000.00,4.201643,100.8203125
08:00:11,912810UC0,TSRYS5860825,D,S,T,2024-08-13,3000000.00,4.191125,101.0
08:00:11,912810UC0,TSRYS5860825,D,S,T,2024-08-13,1000000.00,4.197524,100.890625
08:00:11,912810UC0,TSRYS5860825,D,S,T,2024-08-13,2000000.00,4.197524,100.890625
08:00:11,912810UC0,TSRYS5860825,D,S,T,2024-08-13,1000000.00,4.195695,100.921875
08:00:12,912810UC0,TSRYS5860825,D,S,T,2024-08-13,1000000.00,4.191125,101.0
08:00:13,912810UC0,TSRYS5860825,D,S,T,2024-08-13,1000000.00,4.191125,101.0
08:00:13,912810UC0,TSRYS5860825,D,S,T,2024-08-13,1000000.00,4.191125,101.0
08:00:13,912810UC0,TSRYS5860825,D,S,T,2024-08-13,1000000.00,4.191125,101.0
08:00:13,912810UC0,TSRYS5860825,D,S,D,2024-08-13,1000000.00,4.200499,100.83984375
08:00:13,912810UC0,TSRYS5860825,D,S,T,2024-08-13,2000000.00,4.191125,101.0
08:00:13,912810UC0,TSRYS5860825,D,S,T,2024-08-13,1000000.00,4.191125,101.0
08:00:13,912810UC0,TSRYS5860825,D,S,D,2024-08-13,1000000.00,4.2013,100.826171875
08:00:13,912810UC0,TSRYS5860825,D,S,T,2024-08-13,1000000.00,4.191125,101.0
08:00:13,912810UC0,TSRYS5860825,D,S,T,2024-08-13,1000000.00,4.191125,101.0
08:00:14,912810UC0,TSRYS5860825,D,S,T,2024-08-13,1000000.00,4.191125,101.0
08:00:14,912810UC0,TSRYS5860825,D,S,T,2024-08-13,1000000.00,4.191125,101.0
08:00:14,912810UC0,TSRYS5860825,D,S,T,2024-08-13,1000000.00,4.191125,101.0
08:00:14,912810UC0,TSRYS5860825,D,S,C,2024-08-13,1000000.00,4.201643,100.8203125
08:00:14,912810UC0,TSRYS5860825,D,S,C,2024-08-13,1000000.00,4.199355,100.859375
08:00:14,912810UC0,TSRYS5860825,D,S,C,2024-08-13,1000000.00,4.199355,100.859375
08:00:14,912810UC0,TSRYS5860825,D,S,C,2024-08-13,1000000.00,4.199355,100.859375
08:00:14,912810UC0,TSRYS5860825,D,S,C,2024-08-13,1000000.00,4.199355,100.859375
08:00:14,912810UC0,TSRYS5860825,D,S,C,2024-08-13,1000000.00,4.199355,100.859375
08:00:14,912810UC0,TSRYS5860825,D,S,C,2024-08-13,1000000.00,4.199355,100.859375
08:00:15,912810UC0,TSRYS5860825,D,B,A,2024-08-13,15000000.00,4.192496,100.9765625
08:00:16,912810UC0,TSRYS5860825,D,S,T,2024-08-13,1000000.00,4.20485,100.765625
08:00:16,912810UC0,TSRYS5860825,D,S,T,2024-08-13,1000000.00,4.20485,100.765625
08:00:17,912810UC0,TSRYS5860825,D,S,D,2024-08-13,1000000.00,4.195466,100.92578125
08:00:17,912810UC0,TSRYS5860825,D,S,D,2024-08-13,1000000.00,4.195466,100.92578125
08:00:17,912810UC0,TSRYS5860825,D,S,D,2024-08-13,1000000.00,4.195466,100.92578125
08:00:17,912810UC0,TSRYS5860825,D,S,D,2024-08-13,1000000.00,4.210582,100.66796875
08:00:17,912810UC0,TSRYS5860825,D,S,D,2024-08-13,1000000.00,4.205766,100.75
08:00:17,912810UC0,TSRYS5860825,D,S,D,2024-08-13,1000000.00,4.205423,100.755859375
08:00:17,912810UC0,TSRYS5860825,D,S,D,2024-08-13,1000000.00,4.205766,100.75
08:00:17,912810UC0,TSRYS5860825,D,S,D,2024-08-13,1000000.00,4.205308,100.7578125
08:00:18,912810UC0,TSRYS5860825,D,B,A,2024-08-13,10000000.00,4.194095,100.94921875
08:00:22,912810UC0,TSRYS5860825,D,S,D,2024-08-13,1000000.00,4.205766,100.75
08:00:22,912810UC0,TSRYS5860825,D,S,D,2024-08-13,1000000.00,4.205766,100.75
08:00:22,912810UC0,TSRYS5860825,D,S,D,2024-08-13,1000000.00,4.205308,100.7578125
08:00:22,912810UC0,TSRYS5860825,D,S,D,2024-08-13,1000000.00,4.205079,100.76171875
08:00:22,912810UC0,TSRYS5860825,D,S,D,2024-08-13,1000000.00,4.205194,100.759765625
08:00:22,912810UC0,TSRYS5860825,D,S,T,2024-08-13,1000000.00,4.205766,100.75
08:00:22,912810UC0,TSRYS5860825,D,S,T,2024-08-13,5000000.00,4.205766,100.75
08:00:22,912810UC0,TSRYS5860825,D,S,T,2024-08-13,1000000.00,4.205766,100.75
08:00:26,912810UC0,TSRYS5860825,D,S,D,2024-08-13,1000000.00,4.206912,100.73046875
08:00:26,912810UC0,TSRYS5860825,D,S,T,2024-08-13,1000000.00,4.198668,100.87109375
08:00:26,912810UC0,TSRYS5860825,D,S,D,2024-08-13,1000000.00,4.203704,100.78515625
08:00:26,912810UC0,TSRYS5860825,D,S,D,2024-08-13,1000000.00,4.203475,100.7890625
08:00:26,912810UC0,TSRYS5860825,D,B,C,2024-08-13,1000000.00,4.203704,100.78515625
08:00:26,912810UC0,TSRYS5860825,D,B,C,2024-08-13,1000000.00,4.203475,100.7890625
08:00:27,912810UC0,TSRYS5860825,D,S,D,2024-08-13,1000000.00,4.206683,100.734375
08:00:27,912810UC0,TSRYS5860825,D,S,D,2024-08-13,1000000.00,4.206683,100.734375
08:00:27,912810UC0,TSRYS5860825,D,S,D,2024-08-13,1000000.00,4.206683,100.734375
08:00:27,912810UC0,TSRYS5860825,D,S,D,2024-08-13,1000000.00,4.206683,100.734375
08:00:27,912810UC0,TSRYS5860825,D,S,D,2024-08-13,1000000.00,4.206683,100.734375
08:00:27,912810UC0,TSRYS5860825,D,S,D,2024-08-13,3000000.00,4.205996,100.74609375
08:00:27,912810UC0,TSRYS5860825,D,S,T,2024-08-13,1000000.00,4.198439,100.875
08:00:27,912810UC0,TSRYS5860825,D,S,T,2024-08-13,1000000.00,4.206683,100.734375
08:00:27,912810UC0,TSRYS5860825,D,S,T,2024-08-13,1000000.00,4.206683,100.734375
08:00:27,912810UC0,TSRYS5860825,D,S,T,2024-08-13,1000000.00,4.213106,100.625
08:00:27,912810UC0,TSRYS5860825,D,S,D,2024-08-13,1000000.00,4.206683,100.734375
08:00:27,912810UC0,TSRYS5860825,D,S,D,2024-08-13,1000000.00,4.212418,100.63671875
08:00:27,912810UC0,TSRYS5860825,D,S,D,2024-08-13,1000000.00,4.213106,100.625
08:00:27,912810UC0,TSRYS5860825,D,S,T,2024-08-13,1000000.00,4.200728,100.8359375
08:00:27,912810UC0,TSRYS5860825,D,S,C,2024-08-13,3000000.00,4.202101,100.8125
08:00:27,912810UC0,TSRYS5860825,D,S,T,2024-08-13,1000000.00,4.197067,100.8984375
08:00:27,912810UC0,TSRYS5860825,D,S,T,2024-08-13,1000000.00,4.198439,100.875
08:00:27,912810UC0,TSRYS5860825,D,S,D,2024-08-13,1000000.00,4.195924,100.91796875
08:00:28,912810UC0,TSRYS5860825,D,S,D,2024-08-13,1000000.00,4.203934,100.78125
08:00:28,912810UC0,TSRYS5860825,D,B,C,2024-08-13,1000000.00,4.203934,100.78125
08:00:28,912810UC0,TSRYS5860825,D,S,D,2024-08-13,1000000.00,4.204621,100.76953125
08:00:28,912810UC0,TSRYS5860825,D,S,D,2024-08-13,3000000.00,4.205996,100.74609375
08:00:28,912810UC0,TSRYS5860825,D,S,D,2024-08-13,5000000.00,4.206225,100.7421875
08:00:30,912810UC0,TSRYS5860825,D,S,T,2024-08-13,1000000.00,4.20485,100.765625
08:00:30,912810UC0,TSRYS5860825,D,S,T,2024-08-13,1000000.00,4.203017,100.796875
08:00:30,912810UC0,TSRYS5860825,D,S,T,2024-08-13,1000000.00,4.202216,100.810546875
08:00:30,912810UC0,TSRYS5860825,D,S,T,2024-08-13,1000000.00,4.202101,100.8125
08:00:30,912810UC0,TSRYS5860825,D,S,T,2024-08-13,1000000.00,4.202101,100.8125
08:00:30,912810UC0,TSRYS5860825,D,S,T,2024-08-13,1000000.00,4.201071,100.830078125
08:00:30,912810UC0,TSRYS5860825,D,S,T,2024-08-13,1000000.00,4.201186,100.828125
08:00:30,912810UC0,TSRYS5860825,D,S,T,2024-08-13,1000000.00,4.19661,100.90625
08:00:30,912810UC0,TSRYS5860825,D,S,T,2024-08-13,1000000.00,4.194781,100.9375
08:00:30,912810UC0,TSRYS5860825,D,S,T,2024-08-13,1000000.00,4.195695,100.921875
08:00:30,912810UC0,TSRYS5860825,D,S,T,2024-08-13,1000000.00,4.194781,100.9375
08:00:30,912810UC0,TSRYS5860825,D,S,T,2024-08-13,1000000.00,4.194781,100.9375
08:00:30,912810UC0,TSRYS5860825,D,S,T,2024-08-13,1000000.00,4.191125,101.0
08:00:30,912810UC0,TSRYS5860825,D,S,T,2024-08-13,1000000.00,4.195695,100.921875
08:00:30,912810UC0,TSRYS5860825,D,S,T,2024-08-13,1000000.00,4.19661,100.90625
08:00:30,912810UC0,TSRYS5860825,D,S,T,2024-08-13,1000000.00,4.19661,100.90625
08:00:30,912810UC0,TSRYS5860825,D,S,T,2024-08-13,1000000.00,4.198439,100.875
08:00:30,912810UC0,TSRYS5860825,D,S,T,2024-08-13,1000000.00,4.198439,100.875
08:00:30,912810UC0,TSRYS5860825,D,S,T,2024-08-13,1000000.00,4.198439,100.875
08:00:30,912810UC0,TSRYS5860825,D,S,T,2024-08-13,1000000.00,4.197524,100.890625
08:00:30,912810UC0,TSRYS5860825,D,S,T,2024-08-13,1000000.00,4.198439,100.875
08:00:30,912810UC0,TSRYS5860825,D,S,T,2024-08-13,1000000.00,4.198439,100.875
08:00:30,912810UC0,TSRYS5860825,D,S,T,2024-08-13,1000000.00,4.198439,100.875
08:00:30,912810UC0,TSRYS5860825,D,S,T,2024-08-13,1000000.00,4.199355,100.859375
08:00:30,912810UC0,TSRYS5860825,D,S,T,2024-08-13,1000000.00,4.202788,100.80078125
08:00:30,912810UC0,TSRYS5860825,D,S,T,2024-08-13,1000000.00,4.205766,100.75
08:00:30,912810UC0,TSRYS5860825,D,S,T,2024-08-13,1000000.00,4.205766,100.75
08:00:30,912810UC0,TSRYS5860825,D,S,T,2024-08-13,1000000.00,4.203934,100.78125
08:00:30,912810UC0,TSRYS5860825,D,S,T,2024-08-13,1000000.00,4.205766,100.75
08:00:30,912810UC0,TSRYS5860825,D,S,T,2024-08-13,1000000.00,4.205308,100.7578125
08:00:30,912810UC0,TSRYS5860825,D,S,T,2024-08-13,1000000.00,4.205308,100.7578125
08:00:30,912810UC0,TSRYS5860825,D,S,T,2024-08-13,1000000.00,4.205308,100.7578125
08:00:30,912810UC0,TSRYS5860825,D,S,T,2024-08-13,1000000.00,4.205308,100.7578125
08:00:30,912810UC0,TSRYS5860825,D,S,T,2024-08-13,1000000.00,4.205308,100.7578125
08:00:30,912810UC0,TSRYS5860825,D,S,T,2024-08-13,1000000.00,4.205308,100.7578125
08:00:30,912810UC0,TSRYS5860825,D,S,T,2024-08-13,2000000.00,4.205766,100.75
08:00:30,912810UC0,TSRYS5860825,D,S,T,2024-08-13,1000000.00,4.206683,100.734375
08:00:30,912810UC0,TSRYS5860825,D,S,T,2024-08-13,1000000.00,4.21127,100.65625
08:00:30,912810UC0,TSRYS5860825,D,S,T,2024-08-13,1000000.00,4.208517,100.703125
08:00:30,912810UC0,TSRYS5860825,D,S,T,2024-08-13,1000000.00,4.206912,100.73046875
08:00:30,912810UC0,TSRYS5860825,D,S,T,2024-08-13,2000000.00,4.20485,100.765625
08:00:30,912810UC0,TSRYS5860825,D,S,T,2024-08-13,1000000.00,4.20485,100.765625
08:00:30,912810UC0,TSRYS5860825,D,S,T,2024-08-13,1000000.00,4.206683,100.734375
08:00:30,912810UC0,TSRYS5860825,D,S,T,2024-08-13,1000000.00,4.206683,100.734375
08:00:30,912810UC0,TSRYS5860825,D,S,T,2024-08-13,1000000.00,4.2076,100.71875
08:00:30,912810UC0,TSRYS5860825,D,S,T,2024-08-13,1000000.00,4.2076,100.71875
08:00:30,912810UC0,TSRYS5860825,D,S,T,2024-08-13,1000000.00,4.2076,100.71875
08:00:30,912810UC0,TSRYS5860825,D,S,T,2024-08-13,1000000.00,4.2076,100.71875
08:00:30,912810UC0,TSRYS5860825,D,S,T,2024-08-13,1000000.00,4.206683,100.734375
08:00:30,912810UC0,TSRYS5860825,D,S,T,2024-08-13,1000000.00,4.206683,100.734375
08:00:30,912810UC0,TSRYS5860825,D,S,D,2024-08-13,2000000.00,4.2076,100.71875
08:00:30,912810UC0,TSRYS5860825,D,S,D,2024-08-13,1000000.00,4.208517,100.703125
08:00:30,912810UC0,TSRYS5860825,D,S,D,2024-08-13,1000000.00,4.208517,100.703125
08:00:30,912810UC0,TSRYS5860825,D,S,T,2024-08-13,1000000.00,4.20485,100.765625
08:00:30,912810UC0,TSRYS5860825,D,S,D,2024-08-13,1000000.00,4.208059,100.7109375
08:00:30,912810UC0,TSRYS5860825,D,S,T,2024-08-13,1000000.00,4.2076,100.71875
08:00:30,912810UC0,TSRYS5860825,D,S,T,2024-08-13,1000000.00,4.206683,100.734375
08:00:30,912810UC0,TSRYS5860825,D,S,T,2024-08-13,1000000.00,4.206683,100.734375
08:00:30,912810UC0,TSRYS5860825,D,S,T,2024-08-13,1000000.00,4.206683,100.734375
08:00:30,912810UC0,TSRYS5860825,D,S,T,2024-08-13,1000000.00,4.206683,100.734375
08:00:30,912810UC0,TSRYS5860825,D,S,T,2024-08-13,1000000.00,4.204163,100.77734375
08:00:30,912810UC0,TSRYS5860825,D,S,T,2024-08-13,1000000.00,4.202445,100.806640625
08:00:30,912810UC0,TSRYS5860825,D,S,T,2024-08-13,1000000.00,4.202559,100.8046875
08:00:30,912810UC0,TSRYS5860825,D,S,T,2024-08-13,1000000.00,4.202674,100.802734375
08:00:30,912810UC0,TSRYS5860825,D,S,T,2024-08-13,1000000.00,4.202674,100.802734375
08:00:30,912810UC0,TSRYS5860825,D,S,T,2024-08-13,1000000.00,4.202674,100.802734375
08:00:30,912810UC0,TSRYS5860825,D,S,T,2024-08-13,1000000.00,4.202674,100.802734375
08:00:30,912810UC0,TSRYS5860825,D,S,T,2024-08-13,1000000.00,4.202674,100.802734375
08:00:30,912810UC0,TSRYS5860825,D,S,T,2024-08-13,2000000.00,4.203017,100.796875
08:00:30,912810UC0,TSRYS5860825,D,S,T,2024-08-13,2000000.00,4.203017,100.796875
08:00:30,912810UC0,TSRYS5860825,D,S,T,2024-08-13,1000000.00,4.203017,100.796875
08:00:30,912810UC0,TSRYS5860825,D,S,T,2024-08-13,1000000.00,4.203017,100.796875
08:00:30,912810UC0,TSRYS5860825,D,S,T,2024-08-13,1000000.00,4.203017,100.796875
08:00:30,912810UC0,TSRYS5860825,D,S,T,2024-08-13,1000000.00,4.203017,100.796875
08:00:30,912810UC0,TSRYS5860825,D,S,T,2024-08-13,1000000.00,4.205766,100.75
08:00:30,912810UC0,TSRYS5860825,D,S,T,2024-08-13,1000000.00,4.206683,100.734375
08:00:30,912810UC0,TSRYS5860825,D,S,T,2024-08-13,1000000.00,4.205766,100.75
08:00:30,912810UC0,TSRYS5860825,D,S,T,2024-08-13,1000000.00,4.205766,100.75
08:00:30,912810UC0,TSRYS5860825,D,S,T,2024-08-13,1000000.00,4.20485,100.765625
08:00:30,912810UC0,TSRYS5860825,D,S,T,2024-08-13,1000000.00,4.203934,100.78125
08:00:30,912810UC0,TSRYS5860825,D,S,T,2024-08-13,1000000.00,4.203934,100.78125
08:00:30,912810UC0,TSRYS5860825,D,S,T,2024-08-13,1000000.00,4.206683,100.734375
08:00:30,912810UC0,TSRYS5860825,D,S,T,2024-08-13,1000000.00,4.207027,100.728515625
08:00:30,912810UC0,TSRYS5860825,D,S,T,2024-08-13,1000000.00,4.2076,100.71875
08:00:30,912810UC0,TSRYS5860825,D,S,T,2024-08-13,2000000.00,4.2076,100.71875
08:00:30,912810UC0,TSRYS5860825,D,S,T,2024-08-13,5000000.00,4.2076,100.71875
08:00:30,912810UC0,TSRYS5860825,D,S,T,2024-08-13,2000000.00,4.2076,100.71875
08:00:30,912810UC0,TSRYS5860825,D,S,T,2024-08-13,1000000.00,4.2076,100.71875
08:00:30,912810UC0,TSRYS5860825,D,S,T,2024-08-13,3000000.00,4.2076,100.71875
08:00:30,912810UC0,TSRYS5860825,D,S,T,2024-08-13,1000000.00,4.2076,100.71875
08:00:30,912810UC0,TSRYS5860825,D,S,T,2024-08-13,1000000.00,4.206683,100.734375
08:00:30,912810UC0,TSRYS5860825,D,S,T,2024-08-13,1000000.00,4.206683,100.734375
08:00:30,912810UC0,TSRYS5860825,D,S,T,2024-08-13,1000000.00,4.206683,100.734375
08:00:30,912810UC0,TSRYS5860825,D,S,T,2024-08-13,1000000.00,4.206683,100.734375
08:00:30,912810UC0,TSRYS5860825,D,S,T,2024-08-13,1000000.00,4.206683,100.734375
08:00:30,912810UC0,TSRYS5860825,D,S,T,2024-08-13,1000000.00,4.206683,100.734375
08:00:30,912810UC0,TSRYS5860825,D,S,T,2024-08-13,1000000.00,4.209435,100.6875
08:00:30,912810UC0,TSRYS5860825,D,S,T,2024-08-13,1000000.00,4.21127,100.65625
08:00:30,912810UC0,TSRYS5860825,D,S,T,2024-08-13,1000000.00,4.21127,100.65625
08:00:30,912810UC0,TSRYS5860825,D,S,T,2024-08-13,1000000.00,4.212188,100.640625
08:00:30,912810UC0,TSRYS5860825,D,S,T,2024-08-13,1000000.00,4.213106,100.625
08:00:30,912810UC0,TSRYS5860825,D,S,T,2024-08-13,1000000.00,4.214025,100.609375
08:00:30,912810UC0,TSRYS5860825,D,S,T,2024-08-13,1000000.00,4.214025,100.609375
08:00:30,912810UC0,TSRYS5860825,D,S,T,2024-08-13,1000000.00,4.214943,100.59375
08:00:30,912810UC0,TSRYS5860825,D,S,T,2024-08-13,1000000.00,4.213566,100.6171875
08:00:30,912810UC0,TSRYS5860825,D,S,T,2024-08-13,1000000.00,4.213106,100.625
08:00:30,912810UC0,TSRYS5860825,D,S,T,2024-08-13,1000000.00,4.21127,100.65625
08:00:30,912810UC0,TSRYS5860825,D,S,T,2024-08-13,1000000.00,4.21127,100.65625
08:00:30,912810UC0,TSRYS5860825,D,S,T,2024-08-13,1000000.00,4.213106,100.625
08:00:30,912810UC0,TSRYS5860825,D,S,T,2024-08-13,1000000.00,4.213106,100.625
08:00:30,912810UC0,TSRYS5860825,D,S,T,2024-08-13,1000000.00,4.214943,100.59375
08:00:30,912810UC0,TSRYS5860825,D,S,T,2024-08-13,1000000.00,4.214943,100.59375
08:00:30,912810UC0,TSRYS5860825,D,S,T,2024-08-13,1000000.00,4.216781,100.5625
08:00:30,912810UC0,TSRYS5860825,D,S,T,2024-08-13,1000000.00,4.216781,100.5625
08:00:30,912810UC0,TSRYS5860825,D,S,T,2024-08-13,1000000.00,4.216781,100.5625
08:00:30,912810UC0,TSRYS5860825,D,S,T,2024-08-13,1000000.00,4.216781,100.5625
08:00:30,912810UC0,TSRYS5860825,D,S,T,2024-08-13,1000000.00,4.216781,100.5625
08:00:30,912810UC0,TSRYS5860825,D,S,T,2024-08-13,1000000.00,4.215862,100.578125
08:00:30,912810UC0,TSRYS5860825,D,S,T,2024-08-13,1000000.00,4.214025,100.609375
08:00:30,912810UC0,TSRYS5860825,D,S,T,2024-08-13,1000000.00,4.210582,100.66796875
08:00:30,912810UC0,TSRYS5860825,D,S,T,2024-08-13,1000000.00,4.210467,100.669921875
08:00:30,912810UC0,TSRYS5860825,D,S,T,2024-08-13,1000000.00,4.210582,100.66796875
08:00:31,912810UC0,TSRYS5860825,D,S,D,2024-08-13,1000000.00,4.208288,100.70703125
08:00:31,912810UC0,TSRYS5860825,D,S,D,2024-08-13,1000000.00,4.208288,100.70703125
08:00:31,912810UC0,TSRYS5860825,D,S,T,2024-08-13,1000000.00,4.209435,100.6875
08:00:31,912810UC0,TSRYS5860825,D,S,D,2024-08-13,1000000.00,4.208288,100.70703125
08:00:31,912810UC0,TSRYS5860825,D,S,T,2024-08-13,1000000.00,4.208517,100.703125
08:00:31,912810UC0,TSRYS5860825,D,S,T,2024-08-13,1000000.00,4.208517,100.703125
08:00:31,912810UC0,TSRYS5860825,D,S,T,2024-08-13,1000000.00,4.208517,100.703125
08:00:31,912810UC0,TSRYS5860825,D,S,T,2024-08-13,1000000.00,4.208517,100.703125
08:00:31,912810UC0,TSRYS5860825,D,S,T,2024-08-13,1000000.00,4.208517,100.703125
08:00:31,912810UC0,TSRYS5860825,D,S,T,2024-08-13,1000000.00,4.208517,100.703125
08:00:31,912810UC0,TSRYS5860825,D,S,T,2024-08-13,1000000.00,4.208517,100.703125
08:00:31,912810UC0,TSRYS5860825,D,S,T,2024-08-13,1000000.00,4.208517,100.703125
08:00:31,912810UC0,TSRYS5860825,D,S,T,2024-08-13,1000000.00,4.2076,100.71875
08:00:31,912810UC0,TSRYS5860825,D,S,T,2024-08-13,1000000.00,4.2076,100.71875
08:00:31,912810UC0,TSRYS5860825,D,S,T,2024-08-13,1000000.00,4.203934,100.78125
08:00:31,912810UC0,TSRYS5860825,D,S,T,2024-08-13,1000000.00,4.203934,100.78125
08:00:31,912810UC0,TSRYS5860825,D,S,T,2024-08-13,1000000.00,4.203934,100.78125
08:00:31,912810UC0,TSRYS5860825,D,S,D,2024-08-13,1000000.00,4.202559,100.8046875
08:00:31,912810UC0,TSRYS5860825,D,S,T,2024-08-13,1000000.00,4.205766,100.75
08:00:31,912810UC0,TSRYS5860825,D,S,T,2024-08-13,1000000.00,4.203934,100.78125
08:00:31,912810UC0,TSRYS5860825,D,S,T,2024-08-13,1000000.00,4.204392,100.7734375
08:00:31,912810UC0,TSRYS5860825,D,S,T,2024-08-13,1000000.00,4.203017,100.796875
08:00:31,912810UC0,TSRYS5860825,D,S,T,2024-08-13,1000000.00,4.203934,100.78125
08:00:31,912810UC0,TSRYS5860825,D,S,T,2024-08-13,1000000.00,4.203017,100.796875
08:00:31,912810UC0,TSRYS5860825,D,S,T,2024-08-13,2000000.00,4.203017,100.796875
08:00:31,912810UC0,TSRYS5860825,D,S,T,2024-08-13,1000000.00,4.203017,100.796875
08:00:31,912810UC0,TSRYS5860825,D,S,T,2024-08-13,1000000.00,4.203017,100.796875
08:00:31,912810UC0,TSRYS5860825,D,S,T,2024-08-13,6000000.00,4.203017,100.796875
08:00:31,912810UC0,TSRYS5860825,D,S,T,2024-08-13,1000000.00,4.204048,100.779296875
08:00:31,912810UC0,TSRYS5860825,D,B,A,2024-08-13,10000000.00,4.203017,100.796875
08:00:31,912810UC0,TSRYS5860825,D,B,A,2024-08-13,10000000.00,4.20783,100.71484375
08:00:31,912810UC0,TSRYS5860825,D,S,T,2024-08-13,1000000.00,4.208059,100.7109375
08:00:31,912810UC0,TSRYS5860825,D,S,T,2024-08-13,1000000.00,4.208059,100.7109375
08:00:31,912810UC0,TSRYS5860825,D,S,A,2024-08-13,10000000.00,4.20783,100.71484375
08:00:31,912810UC0,TSRYS5860825,D,S,T,2024-08-13,1000000.00,4.209664,100.68359375
08:00:31,912810UC0,TSRYS5860825,D,S,T,2024-08-13,1000000.00,4.209435,100.6875
08:00:31,912810UC0,TSRYS5860825,D,B,A,2024-08-13,3000000.00,4.208517,100.703125
08:00:31,912810UC0,TSRYS5860825,D,S,T,2024-08-13,1000000.00,4.209435,100.6875
08:00:31,912810UC0,TSRYS5860825,D,S,T,2024-08-13,1000000.00,4.209435,100.6875
08:00:31,912810UC0,TSRYS5860825,D,S,T,2024-08-13,1000000.00,4.209664,100.68359375
08:00:31,912810UC0,TSRYS5860825,D,S,T,2024-08-13,1000000.00,4.209664,100.68359375
08:00:31,912810UC0,TSRYS5860825,D,S,T,2024-08-13,1000000.00,4.209664,100.68359375
08:00:31,912810UC0,TSRYS5860825,D,S,A,2024-08-13,2000000.00,4.210582,100.66796875
08:00:31,912810UC0,TSRYS5860825,D,S,T,2024-08-13,1000000.00,4.209435,100.6875
08:00:31,912810UC0,TSRYS5860825,D,S,T,2024-08-13,1000000.00,4.209435,100.6875
08:00:31,912810UC0,TSRYS5860825,D,B,A,2024-08-13,5000000.00,4.19661,100.90625
08:00:31,912810UC0,TSRYS5860825,D,S,A,2024-08-13,5000000.00,4.195466,100.92578125
08:00:31,912810UC0,TSRYS5860825,D,S,T,2024-08-13,1000000.00,4.203934,100.78125
08:00:31,912810UC0,TSRYS5860825,D,S,T,2024-08-13,1000000.00,4.204163,100.77734375
08:00:31,912810UC0,TSRYS5860825,D,S,T,2024-08-13,1000000.00,4.203704,100.78515625
08:00:31,912810UC0,TSRYS5860825,D,S,T,2024-08-13,1000000.00,4.201186,100.828125
08:00:31,912810UC0,TSRYS5860825,D,S,T,2024-08-13,1000000.00,4.200384,100.841796875
08:00:31,912810UC0,TSRYS5860825,D,S,T,2024-08-13,1000000.00,4.202101,100.8125
08:00:31,912810UC0,TSRYS5860825,D,S,T,2024-08-13,1000000.00,4.201643,100.8203125
08:00:31,912810UC0,TSRYS5860825,D,S,T,2024-08-13,1000000.00,4.202101,100.8125
08:00:31,912810UC0,TSRYS5860825,D,S,T,2024-08-13,1000000.00,4.203017,100.796875
08:00:31,912810UC0,TSRYS5860825,D,S,T,2024-08-13,1000000.00,4.203017,100.796875
08:00:31,912810UC0,TSRYS5860825,D,S,T,2024-08-13,1000000.00,4.203017,100.796875
08:00:31,912810UC0,TSRYS5860825,D,S,T,2024-08-13,1000000.00,4.202101,100.8125
08:00:31,912810UC0,TSRYS5860825,D,S,T,2024-08-13,1000000.00,4.202101,100.8125
08:00:31,912810UC0,TSRYS5860825,D,S,T,2024-08-13,1000000.00,4.202101,100.8125
08:00:31,912810UC0,TSRYS5860825,D,S,T,2024-08-13,1000000.00,4.201529,100.822265625
08:00:31,912810UC0,TSRYS5860825,D,S,D,2024-08-13,1000000.00,4.201872,100.81640625
08:00:31,912810UC0,TSRYS5860825,D,S,T,2024-08-13,1000000.00,4.202101,100.8125
08:00:31,912810UC0,TSRYS5860825,D,S,T,2024-08-13,1000000.00,4.202101,100.8125
08:00:31,912810UC0,TSRYS5860825,D,S,T,2024-08-13,1000000.00,4.203017,100.796875
08:00:31,912810UC0,TSRYS5860825,D,S,T,2024-08-13,1000000.00,4.203017,100.796875
08:00:31,912810UC0,TSRYS5860825,D,S,T,2024-08-13,1000000.00,4.203017,100.796875
08:00:31,912810UC0,TSRYS5860825,D,S,T,2024-08-13,1000000.00,4.203017,100.796875
08:00:31,912810UC0,TSRYS5860825,D,S,T,2024-08-13,1000000.00,4.20485,100.765625
08:00:31,912810UC0,TSRYS5860825,D,S,T,2024-08-13,1000000.00,4.20485,100.765625
08:00:31,912810UC0,TSRYS5860825,D,S,D,2024-08-13,2000000.00,4.1959,100.91837
08:00:31,912810UC0,TSRYS5860825,D,S,T,2024-08-13,1000000.00,4.203704,100.78515625
08:00:31,912810UC0,TSRYS5860825,D,S,T,2024-08-13,1000000.00,4.203017,100.796875
08:00:31,912810UC0,TSRYS5860825,D,S,T,2024-08-13,1000000.00,4.202903,100.798828125
08:00:31,912810UC0,TSRYS5860825,D,S,T,2024-08-13,1000000.00,4.203017,100.796875
08:00:31,912810UC0,TSRYS5860825,D,S,T,2024-08-13,1000000.00,4.202216,100.810546875
08:00:31,912810UC0,TSRYS5860825,D,S,T,2024-08-13,1000000.00,4.202445,100.806640625
08:00:31,912810UC0,TSRYS5860825,D,S,T,2024-08-13,1000000.00,4.203017,100.796875
08:00:31,912810UC0,TSRYS5860825,D,S,T,2024-08-13,1000000.00,4.202101,100.8125
08:00:31,912810UC0,TSRYS5860825,D,S,T,2024-08-13,1000000.00,4.201987,100.814453125
08:00:31,912810UC0,TSRYS5860825,D,S,T,2024-08-13,1000000.00,4.202101,100.8125
08:00:31,912810UC0,TSRYS5860825,D,S,T,2024-08-13,1000000.00,4.200842,100.833984375
08:00:31,912810UC0,TSRYS5860825,D,S,T,2024-08-13,1000000.00,4.200728,100.8359375
08:00:31,912810UC0,TSRYS5860825,D,S,T,2024-08-13,1000000.00,4.20027,100.84375
08:00:31,912810UC0,TSRYS5860825,D,S,T,2024-08-13,1000000.00,4.199698,100.853515625
08:00:31,912810UC0,TSRYS5860825,D,S,T,2024-08-13,1000000.00,4.199583,100.85546875
08:00:31,912810UC0,TSRYS5860825,D,S,T,2024-08-13,1000000.00,4.20027,100.84375
08:00:31,912810UC0,TSRYS5860825,D,S,T,2024-08-13,1000000.00,4.20027,100.84375
08:00:31,912810UC0,TSRYS5860825,D,S,T,2024-08-13,1000000.00,4.20027,100.84375
08:00:31,912810UC0,TSRYS5860825,D,S,T,2024-08-13,1000000.00,4.20027,100.84375
08:00:31,912810UC0,TSRYS5860825,D,S,T,2024-08-13,1000000.00,4.199355,100.859375
08:00:31,912810UC0,TSRYS5860825,D,S,T,2024-08-13,1000000.00,4.19924,100.861328125
08:00:31,912810UC0,TSRYS5860825,D,S,T,2024-08-13,1000000.00,4.199583,100.85546875
08:00:31,912810UC0,TSRYS5860825,D,S,A,2024-08-13,5000000.00,4.206683,100.734375
08:00:31,912810UC0,TSRYS5860825,D,S,T,2024-08-13,1000000.00,4.196724,100.904296875
08:00:31,912810UC0,TSRYS5860825,D,S,T,2024-08-13,1000000.00,4.196838,100.90234375
08:00:31,912810UC0,TSRYS5860825,D,S,T,2024-08-13,1000000.00,4.198668,100.87109375
08:00:31,912810UC0,TSRYS5860825,D,S,T,2024-08-13,1000000.00,4.198439,100.875
08:00:31,912810UC0,TSRYS5860825,D,S,T,2024-08-13,2000000.00,4.197524,100.890625
08:00:31,912810UC0,TSRYS5860825,D,S,T,2024-08-13,1000000.00,4.197181,100.896484375
08:00:31,912810UC0,TSRYS5860825,D,S,T,2024-08-13,1000000.00,4.197524,100.890625
08:00:31,912810UC0,TSRYS5860825,D,S,T,2024-08-13,1000000.00,4.197524,100.890625
08:00:31,912810UC0,TSRYS5860825,D,S,T,2024-08-13,1000000.00,4.197524,100.890625
08:00:31,912810UC0,TSRYS5860825,D,S,T,2024-08-13,1000000.00,4.198439,100.875
08:00:31,912810UC0,TSRYS5860825,D,S,T,2024-08-13,1000000.00,4.198439,100.875
08:00:31,912810UC0,TSRYS5860825,D,S,T,2024-08-13,1000000.00,4.208517,100.703125
08:00:31,912810UC0,TSRYS5860825,D,S,T,2024-08-13,1000000.00,4.2076,100.71875
08:00:31,912810UC0,TSRYS5860825,D,S,T,2024-08-13,1000000.00,4.206683,100.734375
08:00:31,912810UC0,TSRYS5860825,D,S,T,2024-08-13,1000000.00,4.203934,100.78125
08:00:31,912810UC0,TSRYS5860825,D,S,T,2024-08-13,1000000.00,4.203934,100.78125
08:00:31,912810UC0,TSRYS5860825,D,S,T,2024-08-13,1000000.00,4.203934,100.78125
08:00:31,912810UC0,TSRYS5860825,D,S,D,2024-08-13,1000000.00,4.203934,100.78125
08:00:31,912810UC0,TSRYS5860825,D,S,T,2024-08-13,1000000.00,4.196152,100.9140625
08:00:31,912810UC0,TSRYS5860825,D,S,T,2024-08-13,4000000.00,4.195695,100.921875
08:00:31,912810UC0,TSRYS5860825,D,S,T,2024-08-13,1000000.00,4.19661,100.90625
08:00:31,912810UC0,TSRYS5860825,D,S,T,2024-08-13,1000000.00,4.19661,100.90625
08:00:31,912810UC0,TSRYS5860825,D,S,T,2024-08-13,1000000.00,4.19661,100.90625
08:00:31,912810UC0,TSRYS5860825,D,S,T,2024-08-13,1000000.00,4.194781,100.9375
08:00:31,912810UC0,TSRYS5860825,D,S,T,2024-08-13,1000000.00,4.194438,100.943359375
08:00:31,912810UC0,TSRYS5860825,D,S,A,2024-08-13,20000000.00,4.205766,100.75
08:00:31,912810UC0,TSRYS5860825,D,S,D,2024-08-13,1000000.00,4.210352,100.671875
08:00:31,912810UC0,TSRYS5860825,D,S,D,2024-08-13,1000000.00,4.208517,100.703125
08:00:31,912810UC0,TSRYS5860825,D,S,D,2024-08-13,1000000.00,4.2076,100.71875
08:00:31,912810UC0,TSRYS5860825,D,S,D,2024-08-13,1000000.00,4.206683,100.734375
08:00:31,912810UC0,TSRYS5860825,D,S,D,2024-08-13,1000000.00,4.206683,100.734375
08:00:31,912810UC0,TSRYS5860825,D,S,D,2024-08-13,1000000.00,4.207142,100.7265625
08:00:31,912810UC0,TSRYS5860825,D,S,D,2024-08-13,1000000.00,4.206683,100.734375
08:00:31,912810UC0,TSRYS5860825,D,S,D,2024-08-13,1000000.00,4.206683,100.734375
08:00:31,912810UC0,TSRYS5860825,D,S,D,2024-08-13,1000000.00,4.206683,100.734375
08:00:31,912810UC0,TSRYS5860825,D,S,T,2024-08-13,1000000.00,4.193867,100.953125
08:00:31,912810UC0,TSRYS5860825,D,S,D,2024-08-13,1000000.00,4.208059,100.7109375
08:00:31,912810UC0,TSRYS5860825,D,S,D,2024-08-13,1000000.00,4.208059,100.7109375
08:00:31,912810UC0,TSRYS5860825,D,S,D,2024-08-13,1000000.00,4.205308,100.7578125
08:00:31,912810UC0,TSRYS5860825,D,S,D,2024-08-13,1000000.00,4.199355,100.859375
08:00:31,912810UC0,TSRYS5860825,D,S,D,2024-08-13,1000000.00,4.199355,100.859375
08:00:31,912810UC0,TSRYS5860825,D,S,D,2024-08-13,1000000.00,4.199355,100.859375
08:00:31,912810UC0,TSRYS5860825,D,S,D,2024-08-13,1000000.00,4.199355,100.859375
08:00:31,912810UC0,TSRYS5860825,D,S,D,2024-08-13,1000000.00,4.194095,100.94921875
08:00:31,912810UC0,TSRYS5860825,D,S,D,2024-08-13,1000000.00,4.194095,100.94921875
08:00:31,912810UC0,TSRYS5860825,D,S,D,2024-08-13,1000000.00,4.197982,100.8828125
08:00:31,912810UC0,TSRYS5860825,D,S,D,2024-08-13,1000000.00,4.197982,100.8828125
08:00:31,912810UC0,TSRYS5860825,D,S,D,2024-08-13,1000000.00,4.207371,100.72265625
08:00:31,912810UC0,TSRYS5860825,D,S,D,2024-08-13,1000000.00,4.204392,100.7734375
08:00:31,912810UC0,TSRYS5860825,D,S,D,2024-08-13,1000000.00,4.204392,100.7734375
08:00:31,912810UC0,TSRYS5860825,D,S,D,2024-08-13,1000000.00,4.203704,100.78515625
08:00:31,912810UC0,TSRYS5860825,D,S,D,2024-08-13,1000000.00,4.204392,100.7734375
08:00:31,912810UC0,TSRYS5860825,D,S,D,2024-08-13,1000000.00,4.204392,100.7734375
08:00:31,912810UC0,TSRYS5860825,D,S,D,2024-08-13,1000000.00,4.204392,100.7734375
08:00:31,912810UC0,TSRYS5860825,D,S,D,2024-08-13,1000000.00,4.210123,100.67578125
08:00:31,912810UC0,TSRYS5860825,D,S,D,2024-08-13,1000000.00,4.206454,100.73828125
08:00:31,912810UC0,TSRYS5860825,D,S,D,2024-08-13,1000000.00,4.205537,100.75390625
08:00:31,912810UC0,TSRYS5860825,D,S,D,2024-08-13,1000000.00,4.205766,100.75
08:00:31,912810UC0,TSRYS5860825,D,S,D,2024-08-13,1000000.00,4.203704,100.78515625
08:00:31,912810UC0,TSRYS5860825,D,S,D,2024-08-13,1000000.00,4.203704,100.78515625
08:00:31,912810UC0,TSRYS5860825,D,S,D,2024-08-13,1000000.00,4.203704,100.78515625
08:00:31,912810UC0,TSRYS5860825,D,S,D,2024-08-13,1000000.00,4.208288,100.70703125
08:00:31,912810UC0,TSRYS5860825,D,S,D,2024-08-13,1000000.00,4.209205,100.69140625
08:00:31,912810UC0,TSRYS5860825,D,S,D,2024-08-13,1000000.00,4.209205,100.69140625
08:00:31,912810UC0,TSRYS5860825,D,S,D,2024-08-13,1000000.00,4.206683,100.734375
08:00:31,912810UC0,TSRYS5860825,D,S,D,2024-08-13,50MM+,4.27975,99.5
08:00:31,912810UC0,TSRYS5860825,D,S,D,2024-08-13,1000000.00,4.194781,100.9375
08:00:31,912810UC0,TSRYS5860825,D,S,D,2024-08-13,1000000.00,4.209894,100.6796875
08:00:31,912810UC0,TSRYS5860825,D,S,D,2024-08-13,1000000.00,4.212647,100.6328125
08:00:31,912810UC0,TSRYS5860825,D,S,D,2024-08-13,1000000.00,4.216551,100.56640625
08:00:31,912810UC0,TSRYS5860825,D,S,D,2024-08-13,1000000.00,4.213106,100.625
08:00:31,912810UC0,TSRYS5860825,D,S,D,2024-08-13,1000000.00,4.211959,100.64453125
08:00:31,912810UC0,TSRYS5860825,D,S,D,2024-08-13,1000000.00,4.209435,100.6875
08:00:31,912810UC0,TSRYS5860825,D,S,D,2024-08-13,1000000.00,4.210811,100.6640625
08:00:31,912810UC0,TSRYS5860825,D,S,D,2024-08-13,1000000.00,4.2115,100.65234375
08:00:31,912810UC0,TSRYS5860825,D,S,D,2024-08-13,1000000.00,4.216092,100.57421875
08:00:31,912810UC0,TSRYS5860825,D,S,D,2024-08-13,1000000.00,4.216322,100.5703125
08:00:31,912810UC0,TSRYS5860825,D,S,D,2024-08-13,1000000.00,4.216322,100.5703125
08:00:31,912810UC0,TSRYS5860825,D,S,D,2024-08-13,1000000.00,4.215862,100.578125
08:00:31,912810UC0,TSRYS5860825,D,S,D,2024-08-13,1000000.00,4.216781,100.5625
08:00:31,912810UC0,TSRYS5860825,D,S,D,2024-08-13,1000000.00,4.214943,100.59375
08:00:31,912810UC0,TSRYS5860825,D,S,D,2024-08-13,1000000.00,4.2115,100.65234375
08:00:31,912810UC0,TSRYS5860825,D,S,D,2024-08-13,1000000.00,4.210811,100.6640625
08:00:31,912810UC0,TSRYS5860825,D,S,D,2024-08-13,1000000.00,4.209435,100.6875
08:00:31,912810UC0,TSRYS5860825,D,S,D,2024-08-13,1000000.00,4.208288,100.70703125
08:00:31,912810UC0,TSRYS5860825,D,S,D,2024-08-13,1000000.00,4.208288,100.70703125
08:00:31,912810UC0,TSRYS5860825,D,S,D,2024-08-13,1000000.00,4.20783,100.71484375
08:00:31,912810UC0,TSRYS5860825,D,S,D,2024-08-13,1000000.00,4.20485,100.765625
08:00:31,912810UC0,TSRYS5860825,D,S,D,2024-08-13,1000000.00,4.203246,100.79296875
08:00:31,912810UC0,TSRYS5860825,D,S,D,2024-08-13,1000000.00,4.202101,100.8125
08:00:31,912810UC0,TSRYS5860825,D,S,D,2024-08-13,1000000.00,4.201872,100.81640625
08:00:31,912810UC0,TSRYS5860825,D,S,D,2024-08-13,1000000.00,4.201872,100.81640625
08:00:31,912810UC0,TSRYS5860825,D,S,D,2024-08-13,500000.00,4.203475,100.7890625
08:00:31,912810UC0,TSRYS5860825,D,S,D,2024-08-13,1000000.00,4.199583,100.85546875
08:00:31,912810UC0,TSRYS5860825,D,S,D,2024-08-13,1000000.00,4.199355,100.859375
08:00:31,912810UC0,TSRYS5860825,D,S,D,2024-08-13,1000000.00,4.199355,100.859375
08:00:31,912810UC0,TSRYS5860825,D,S,D,2024-08-13,1000000.00,4.199355,100.859375
08:00:31,912810UC0,TSRYS5860825,D,S,D,2024-08-13,1000000.00,4.199355,100.859375
08:00:31,912810UC0,TSRYS5860825,D,S,D,2024-08-13,1000000.00,4.199355,100.859375
08:00:31,912810UC0,TSRYS5860825,D,S,D,2024-08-13,1000000.00,4.197067,100.8984375
08:00:31,912810UC0,TSRYS5860825,D,S,D,2024-08-13,1000000.00,4.198439,100.875
08:00:31,912810UC0,TSRYS5860825,D,S,D,2024-08-13,1000000.00,4.197067,100.8984375
08:00:31,912810UC0,TSRYS5860825,D,S,D,2024-08-13,1000000.00,4.197067,100.8984375
08:00:31,912810UC0,TSRYS5860825,D,S,D,2024-08-13,1000000.00,4.195238,100.9296875
08:00:31,912810UC0,TSRYS5860825,D,S,D,2024-08-13,1000000.00,4.195695,100.921875
08:00:31,912810UC0,TSRYS5860825,D,S,D,2024-08-13,1000000.00,4.195238,100.9296875
08:00:31,912810UC0,TSRYS5860825,D,S,D,2024-08-13,1000000.00,4.195466,100.92578125
08:00:31,912810UC0,TSRYS5860825,D,S,D,2024-08-13,1000000.00,4.195238,100.9296875
08:00:31,912810UC0,TSRYS5860825,D,S,D,2024-08-13,1000000.00,4.195238,100.9296875
08:00:31,912810UC0,TSRYS5860825,D,S,D,2024-08-13,1000000.00,4.195238,100.9296875
08:00:31,912810UC0,TSRYS5860825,D,S,D,2024-08-13,1000000.00,4.19661,100.90625
08:00:31,912810UC0,TSRYS5860825,D,S,D,2024-08-13,1000000.00,4.204277,100.775390625
08:00:31,912810UC0,TSRYS5860825,D,S,D,2024-08-13,1000000.00,4.204392,100.7734375
08:00:31,912810UC0,TSRYS5860825,D,S,D,2024-08-13,1000000.00,4.204277,100.775390625
08:00:31,912810UC0,TSRYS5860825,D,S,D,2024-08-13,1000000.00,4.204392,100.7734375
08:00:31,912810UC0,TSRYS5860825,D,S,C,2024-08-13,345000.00,4.195238,100.9296875
08:00:31,912810UC0,TSRYS5860825,D,S,D,2024-08-13,1000000.00,4.207371,100.72265625
08:00:31,912810UC0,TSRYS5860825,D,S,D,2024-08-13,1000000.00,4.205766,100.75
08:00:31,912810UC0,TSRYS5860825,D,S,D,2024-08-13,1000000.00,4.209435,100.6875
08:00:31,912810UC0,TSRYS5860825,D,S,D,2024-08-13,1000000.00,4.210697,100.666015625
08:00:31,912810UC0,TSRYS5860825,D,S,D,2024-08-13,1000000.00,4.210697,100.666015625
08:00:31,912810UC0,TSRYS5860825,D,S,D,2024-08-13,1000000.00,4.210697,100.666015625
08:00:31,912810UC0,TSRYS5860825,D,S,D,2024-08-13,1000000.00,4.2115,100.65234375
08:00:31,912810UC0,TSRYS5860825,D,B,C,2024-08-13,1750000.00,4.194324,100.9453125
08:00:31,912810UC0,TSRYS5860825,D,S,D,2024-08-13,1000000.00,4.21862,100.53125
08:00:31,912810UC0,TSRYS5860825,D,S,D,2024-08-13,1000000.00,4.211729,100.6484375
08:00:31,912810UC0,TSRYS5860825,D,S,D,2024-08-13,1000000.00,4.210926,100.662109375
08:00:31,912810UC0,TSRYS5860825,D,S,D,2024-08-13,1000000.00,4.210926,100.662109375
08:00:31,912810UC0,TSRYS5860825,D,S,D,2024-08-13,1000000.00,4.210467,100.669921875
08:00:31,912810UC0,TSRYS5860825,D,S,D,2024-08-13,1000000.00,4.210467,100.669921875
08:00:31,912810UC0,TSRYS5860825,D,S,D,2024-08-13,1000000.00,4.210008,100.677734375
08:00:31,912810UC0,TSRYS5860825,D,S,D,2024-08-13,1000000.00,4.2076,100.71875
08:00:31,912810UC0,TSRYS5860825,D,S,D,2024-08-13,1000000.00,4.207256,100.724609375
08:00:31,912810UC0,TSRYS5860825,D,S,D,2024-08-13,1000000.00,4.202674,100.802734375
08:00:31,912810UC0,TSRYS5860825,D,S,D,2024-08-13,1000000.00,4.20233,100.80859375
08:00:31,912810UC0,TSRYS5860825,D,S,D,2024-08-13,1000000.00,4.204735,100.767578125
08:00:31,912810UC0,TSRYS5860825,D,S,D,2024-08-13,1000000.00,4.204163,100.77734375
08:00:31,912810UC0,TSRYS5860825,D,S,D,2024-08-13,1000000.00,4.202674,100.802734375
08:00:31,912810UC0,TSRYS5860825,D,S,D,2024-08-13,1000000.00,4.202101,100.8125
08:00:31,912810UC0,TSRYS5860825,D,S,D,2024-08-13,1000000.00,4.201872,100.81640625
08:00:31,912810UC0,TSRYS5860825,D,S,D,2024-08-13,1000000.00,4.201758,100.818359375
08:00:31,912810UC0,TSRYS5860825,D,S,D,2024-08-13,1000000.00,4.201758,100.818359375
08:00:31,912810UC0,TSRYS5860825,D,S,D,2024-08-13,1000000.00,4.201872,100.81640625
08:00:31,912810UC0,TSRYS5860825,D,S,D,2024-08-13,1000000.00,4.198439,100.875
08:00:32,912810UC0,TSRYS5860825,D,S,D,2024-08-13,1000000.00,4.195238,100.9296875
08:00:32,912810UC0,TSRYS5860825,D,S,D,2024-08-13,1000000.00,4.193981,100.951171875
08:00:32,912810UC0,TSRYS5860825,D,S,T,2024-08-13,1000000.00,4.199355,100.859375
08:00:32,912810UC0,TSRYS5860825,D,S,T,2024-08-13,1000000.00,4.199355,100.859375
08:00:32,912810UC0,TSRYS5860825,D,S,T,2024-08-13,1000000.00,4.199355,100.859375
08:00:32,912810UC0,TSRYS5860825,D,S,T,2024-08-13,1000000.00,4.199355,100.859375
08:00:32,912810UC0,TSRYS5860825,D,S,T,2024-08-13,2000000.00,4.197296,100.89453125
08:00:32,912810UC0,TSRYS5860825,D,S,T,2024-08-13,2000000.00,4.197296,100.89453125
08:00:32,912810UC0,TSRYS5860825,D,S,T,2024-08-13,1000000.00,4.197296,100.89453125
08:00:32,912810UC0,TSRYS5860825,D,S,T,2024-08-13,1000000.00,4.197982,100.8828125
08:00:32,912810UC0,TSRYS5860825,D,S,T,2024-08-13,1000000.00,4.204277,100.775390625
08:00:32,912810UC0,TSRYS5860825,D,S,T,2024-08-13,1000000.00,4.20359,100.787109375
08:00:32,912810UC0,TSRYS5860825,D,S,T,2024-08-13,1000000.00,4.204392,100.7734375
08:00:32,912810UC0,TSRYS5860825,D,S,T,2024-08-13,1000000.00,4.204277,100.775390625
08:00:32,912810UC0,TSRYS5860825,D,S,T,2024-08-13,1000000.00,4.204277,100.775390625
08:00:32,912810UC0,TSRYS5860825,D,S,T,2024-08-13,1000000.00,4.2076,100.71875
08:00:32,912810UC0,TSRYS5860825,D,S,T,2024-08-13,1000000.00,4.206339,100.740234375
08:00:32,912810UC0,TSRYS5860825,D,S,T,2024-08-13,1000000.00,4.205194,100.759765625
08:00:32,912810UC0,TSRYS5860825,D,S,T,2024-08-13,1000000.00,4.206683,100.734375
08:00:32,912810UC0,TSRYS5860825,D,S,T,2024-08-13,2000000.00,4.206454,100.73828125
08:00:32,912810UC0,TSRYS5860825,D,S,T,2024-08-13,1000000.00,4.20485,100.765625
08:00:32,912810UC0,TSRYS5860825,D,S,T,2024-08-13,2000000.00,4.206454,100.73828125
08:00:32,912810UC0,TSRYS5860825,D,S,T,2024-08-13,2000000.00,4.207371,100.72265625
08:00:32,912810UC0,TSRYS5860825,D,S,T,2024-08-13,2000000.00,4.207371,100.72265625
08:00:32,912810UC0,TSRYS5860825,D,S,T,2024-08-13,2000000.00,4.207371,100.72265625
08:00:32,912810UC0,TSRYS5860825,D,S,T,2024-08-13,1000000.00,4.204163,100.77734375
08:00:32,912810UC0,TSRYS5860825,D,S,T,2024-08-13,1000000.00,4.203361,100.791015625
08:00:32,912810UC0,TSRYS5860825,D,S,T,2024-08-13,1000000.00,4.203246,100.79296875
08:00:32,912810UC0,TSRYS5860825,D,S,T,2024-08-13,1000000.00,4.203132,100.794921875
08:00:32,912810UC0,TSRYS5860825,D,S,T,2024-08-13,1000000.00,4.203017,100.796875
08:00:32,912810UC0,TSRYS5860825,D,S,T,2024-08-13,1000000.00,4.205766,100.75
08:00:32,912810UC0,TSRYS5860825,D,S,T,2024-08-13,1000000.00,4.209091,100.693359375
08:00:32,912810UC0,TSRYS5860825,D,S,T,2024-08-13,1000000.00,4.208632,100.701171875
08:00:32,912810UC0,TSRYS5860825,D,S,T,2024-08-13,1000000.00,4.209091,100.693359375
08:00:32,912810UC0,TSRYS5860825,D,S,T,2024-08-13,1000000.00,4.213566,100.6171875
08:00:32,912810UC0,TSRYS5860825,D,S,T,2024-08-13,1000000.00,4.213566,100.6171875
08:00:32,912810UC0,TSRYS5860825,D,S,T,2024-08-13,1000000.00,4.213566,100.6171875
08:00:32,912810UC0,TSRYS5860825,D,S,T,2024-08-13,1000000.00,4.213566,100.6171875
08:00:32,912810UC0,TSRYS5860825,D,S,T,2024-08-13,1000000.00,4.210811,100.6640625
08:00:32,912810UC0,TSRYS5860825,D,S,T,2024-08-13,1000000.00,4.209435,100.6875
08:00:32,912810UC0,TSRYS5860825,D,S,T,2024-08-13,1000000.00,4.209435,100.6875
08:00:32,912810UC0,TSRYS5860825,D,S,T,2024-08-13,1000000.00,4.20932,100.689453125
08:00:32,912810UC0,TSRYS5860825,D,S,T,2024-08-13,1000000.00,4.20955,100.685546875
08:00:32,912810UC0,TSRYS5860825,D,S,T,2024-08-13,1000000.00,4.210697,100.666015625
08:00:32,912810UC0,TSRYS5860825,D,S,T,2024-08-13,1000000.00,4.21127,100.65625
08:00:32,912810UC0,TSRYS5860825,D,S,T,2024-08-13,4000000.00,4.20932,100.689453125
08:00:32,912810UC0,TSRYS5860825,D,S,T,2024-08-13,1000000.00,4.2177,100.546875
08:00:32,912810UC0,TSRYS5860825,D,S,T,2024-08-13,1000000.00,4.214943,100.59375
08:00:32,912810UC0,TSRYS5860825,D,S,T,2024-08-13,1000000.00,4.211385,100.654296875
08:00:32,912810UC0,TSRYS5860825,D,S,T,2024-08-13,1000000.00,4.210926,100.662109375
08:00:32,912810UC0,TSRYS5860825,D,S,T,2024-08-13,1000000.00,4.210467,100.669921875
08:00:32,912810UC0,TSRYS5860825,D,S,T,2024-08-13,1000000.00,4.21127,100.65625
08:00:32,912810UC0,TSRYS5860825,D,S,T,2024-08-13,1000000.00,4.207256,100.724609375
08:00:32,912810UC0,TSRYS5860825,D,S,T,2024-08-13,1000000.00,4.207256,100.724609375
08:00:32,912810UC0,TSRYS5860825,D,S,T,2024-08-13,1000000.00,4.202674,100.802734375
08:00:32,912810UC0,TSRYS5860825,D,S,T,2024-08-13,1000000.00,4.20233,100.80859375
08:00:32,912810UC0,TSRYS5860825,D,S,T,2024-08-13,1000000.00,4.20233,100.80859375
08:00:32,912810UC0,TSRYS5860825,D,S,T,2024-08-13,1000000.00,4.202674,100.802734375
08:00:32,912810UC0,TSRYS5860825,D,S,T,2024-08-13,1000000.00,4.204621,100.76953125
08:00:32,912810UC0,TSRYS5860825,D,S,T,2024-08-13,1000000.00,4.203475,100.7890625
08:00:32,912810UC0,TSRYS5860825,D,S,T,2024-08-13,1000000.00,4.203361,100.791015625
08:00:32,912810UC0,TSRYS5860825,D,S,T,2024-08-13,1000000.00,4.201414,100.82421875
08:00:32,912810UC0,TSRYS5860825,D,S,T,2024-08-13,1000000.00,4.201414,100.82421875
08:00:32,912810UC0,TSRYS5860825,D,S,T,2024-08-13,2000000.00,4.202788,100.80078125
08:00:32,912810UC0,TSRYS5860825,D,S,T,2024-08-13,1000000.00,4.201987,100.814453125
08:00:32,912810UC0,TSRYS5860825,D,S,T,2024-08-13,1000000.00,4.201872,100.81640625
08:00:32,912810UC0,TSRYS5860825,D,S,T,2024-08-13,1000000.00,4.201987,100.814453125
08:00:32,912810UC0,TSRYS5860825,D,S,T,2024-08-13,1000000.00,4.201414,100.82421875
08:00:32,912810UC0,TSRYS5860825,D,S,T,2024-08-13,1000000.00,4.201758,100.818359375
08:00:32,912810UC0,TSRYS5860825,D,S,T,2024-08-13,1000000.00,4.201758,100.818359375
08:00:32,912810UC0,TSRYS5860825,D,S,T,2024-08-13,1000000.00,4.203704,100.78515625
08:00:32,912810UC0,TSRYS5860825,D,S,T,2024-08-13,1000000.00,4.20359,100.787109375
08:00:32,912810UC0,TSRYS5860825,D,S,T,2024-08-13,1000000.00,4.203475,100.7890625
08:00:32,912810UC0,TSRYS5860825,D,S,T,2024-08-13,1000000.00,4.202903,100.798828125
08:00:32,912810UC0,TSRYS5860825,D,S,T,2024-08-13,1000000.00,4.202903,100.798828125
08:00:32,912810UC0,TSRYS5860825,D,S,T,2024-08-13,1000000.00,4.203017,100.796875
08:00:32,912810UC0,TSRYS5860825,D,S,T,2024-08-13,1000000.00,4.202903,100.798828125
08:00:32,912810UC0,TSRYS5860825,D,S,T,2024-08-13,1000000.00,4.202674,100.802734375
08:00:32,912810UC0,TSRYS5860825,D,S,T,2024-08-13,1000000.00,4.202101,100.8125
08:00:32,912810UC0,TSRYS5860825,D,S,T,2024-08-13,1000000.00,4.201987,100.814453125
08:00:32,912810UC0,TSRYS5860825,D,S,T,2024-08-13,1000000.00,4.199698,100.853515625
08:00:32,912810UC0,TSRYS5860825,D,S,T,2024-08-13,1000000.00,4.199355,100.859375
08:00:32,912810UC0,TSRYS5860825,D,S,T,2024-08-13,1000000.00,4.19924,100.861328125
08:00:32,912810UC0,TSRYS5860825,D,S,T,2024-08-13,1000000.00,4.198211,100.87890625
08:00:32,912810UC0,TSRYS5860825,D,S,T,2024-08-13,1000000.00,4.196724,100.904296875
08:00:32,912810UC0,TSRYS5860825,D,S,T,2024-08-13,1000000.00,4.196838,100.90234375
08:00:32,912810UC0,TSRYS5860825,D,S,T,2024-08-13,1000000.00,4.198668,100.87109375
08:00:32,912810UC0,TSRYS5860825,D,S,T,2024-08-13,1000000.00,4.198554,100.873046875
08:00:32,912810UC0,TSRYS5860825,D,S,T,2024-08-13,1000000.00,4.197639,100.888671875
08:00:32,912810UC0,TSRYS5860825,D,S,T,2024-08-13,1000000.00,4.197524,100.890625
08:00:32,912810UC0,TSRYS5860825,D,S,T,2024-08-13,1000000.00,4.196152,100.9140625
08:00:32,912810UC0,TSRYS5860825,D,S,T,2024-08-13,1000000.00,4.194552,100.94140625
08:00:32,912810UC0,TSRYS5860825,D,S,T,2024-08-13,1000000.00,4.194438,100.943359375
08:00:32,912810UC0,TSRYS5860825,D,S,D,2024-08-13,1000000.00,4.212877,100.62890625
08:00:33,912810UC0,TSRYS5860825,D,S,D,2024-08-13,1000000.00,4.212877,100.62890625
08:00:33,912810UC0,TSRYS5860825,D,S,D,2024-08-13,1000000.00,4.212647,100.6328125
08:00:33,912810UC0,TSRYS5860825,D,B,C,2024-08-13,1000000.00,4.212877,100.62890625
08:00:33,912810UC0,TSRYS5860825,D,S,D,2024-08-13,1000000.00,4.212877,100.62890625
08:00:33,912810UC0,TSRYS5860825,D,B,C,2024-08-13,1000000.00,4.212647,100.6328125
08:00:33,912810UC0,TSRYS5860825,D,S,D,2024-08-13,1000000.00,4.212647,100.6328125
08:00:33,912810UC0,TSRYS5860825,D,B,C,2024-08-13,1000000.00,4.212647,100.6328125
08:00:33,912810UC0,TSRYS5860825,D,B,C,2024-08-13,1000000.00,4.212877,100.62890625
08:00:36,912810UC0,TSRYS5860825,D,S,T,2024-08-13,1000000.00,4.2076,100.71875
08:00:37,912810UC0,TSRYS5860825,D,S,T,2024-08-13,1000000.00,4.208517,100.703125
08:00:37,912810UC0,TSRYS5860825,D,S,D,2024-08-13,1000000.00,4.203017,100.796875
08:00:37,912810UC0,TSRYS5860825,D,S,D,2024-08-13,600000.00,4.203704,100.78515625
08:00:37,912810UC0,TSRYS5860825,D,S,T,2024-08-13,1000000.00,4.2076,100.71875
08:00:37,912810UC0,TSRYS5860825,D,S,T,2024-08-13,1000000.00,4.2076,100.71875
08:00:37,912810UC0,TSRYS5860825,D,S,T,2024-08-13,1000000.00,4.208517,100.703125
08:00:37,912810UC0,TSRYS5860825,D,S,T,2024-08-13,1000000.00,4.2076,100.71875
08:00:37,912810UC0,TSRYS5860825,D,S,T,2024-08-13,1000000.00,4.208517,100.703125
08:00:38,912810UC0,TSRYS5860825,D,S,D,2024-08-13,1000000.00,4.208517,100.703125
08:00:38,912810UC0,TSRYS5860825,D,S,T,2024-08-13,1000000.00,4.208517,100.703125
08:00:38,912810UC0,TSRYS5860825,D,S,T,2024-08-13,1000000.00,4.208517,100.703125
08:00:38,912810UC0,TSRYS5860825,D,S,D,2024-08-13,1000000.00,4.209894,100.6796875
08:00:38,912810UC0,TSRYS5860825,D,S,T,2024-08-13,1000000.00,4.2076,100.71875
08:00:38,912810UC0,TSRYS5860825,D,S,D,2024-08-13,1000000.00,4.20027,100.84375
08:00:39,912810UC0,TSRYS5860825,D,S,D,2024-08-13,1000000.00,4.212647,100.6328125
08:00:39,912810UC0,TSRYS5860825,D,S,D,2024-08-13,1000000.00,4.199355,100.859375
08:00:39,912810UC0,TSRYS5860825,D,S,T,2024-08-13,1000000.00,4.208517,100.703125
08:00:39,912810UC0,TSRYS5860825,D,S,T,2024-08-13,1000000.00,4.208517,100.703125
08:00:39,912810UC0,TSRYS5860825,D,S,T,2024-08-13,1000000.00,4.208517,100.703125
08:00:40,912810UC0,TSRYS5860825,D,S,T,2024-08-13,1000000.00,4.208517,100.703125
08:00:40,912810UC0,TSRYS5860825,D,S,T,2024-08-13,1000000.00,4.209435,100.6875
08:00:40,912810UC0,TSRYS5860825,D,S,D,2024-08-13,1000000.00,4.205079,100.76171875
08:00:40,912810UC0,TSRYS5860825,D,S,D,2024-08-13,1000000.00,4.204497,100.771634615
08:00:40,912810UC0,TSRYS5860825,D,S,A,2024-08-13,3000000.00,4.200041,100.84765625
08:00:41,912810UC0,TSRYS5860825,D,S,T,2024-08-13,1000000.00,4.204392,100.7734375
08:00:41,912810UC0,TSRYS5860825,D,S,C,2024-08-13,200000.00,4.203475,100.7890625
08:00:41,912810UC0,TSRYS5860825,D,S,D,2024-08-13,1000000.00,4.2076,100.71875
08:00:41,912810UC0,TSRYS5860825,D,S,T,2024-08-13,1000000.00,4.212188,100.640625
08:00:41,912810UC0,TSRYS5860825,D,S,D,2024-08-13,2000000.00,4.209894,100.6796875
08:00:41,912810UC0,TSRYS5860825,D,S,T,2024-08-13,1000000.00,4.2076,100.71875
08:00:41,912810UC0,TSRYS5860825,D,S,A,2024-08-13,5000000.00,4.205766,100.75
08:00:41,912810UC0,TSRYS5860825,D,S,T,2024-08-13,1000000.00,4.208517,100.703125
08:00:41,912810UC0,TSRYS5860825,D,S,T,2024-08-13,1000000.00,4.206683,100.734375
08:00:41,912810UC0,TSRYS5860825,D,S,T,2024-08-13,1000000.00,4.206683,100.734375
08:00:41,912810UC0,TSRYS5860825,D,S,T,2024-08-13,1000000.00,4.206683,100.734375
08:00:41,912810UC0,TSRYS5860825,D,S,D,2024-08-13,500000.00,4.203458,100.7893625
08:00:41,912810UC0,TSRYS5860825,D,S,T,2024-08-13,1000000.00,4.206683,100.734375
08:00:41,912810UC0,TSRYS5860825,D,S,T,2024-08-13,1000000.00,4.206683,100.734375
08:00:41,912810UC0,TSRYS5860825,D,S,T,2024-08-13,1000000.00,4.206683,100.734375
08:00:41,912810UC0,TSRYS5860825,D,S,T,2024-08-13,1000000.00,4.206683,100.734375
08:00:41,912810UC0,TSRYS5860825,D,S,T,2024-08-13,1000000.00,4.206683,100.734375
08:00:41,912810UC0,TSRYS5860825,D,S,D,2024-08-13,1000000.00,4.203017,100.796875
08:00:41,912810UC0,TSRYS5860825,D,S,D,2024-08-13,1000000.00,4.203017,100.796875
08:00:41,912810UC0,TSRYS5860825,D,S,D,2024-08-13,1000000.00,4.203017,100.796875
08:00:41,912810UC0,TSRYS5860825,D,S,D,2024-08-13,1000000.00,4.203017,100.796875
08:00:41,912810UC0,TSRYS5860825,D,S,D,2024-08-13,1000000.00,4.203017,100.796875
08:00:41,912810UC0,TSRYS5860825,D,B,A,2024-08-13,1500000.00,4.213106,100.625
08:00:42,912810UC0,TSRYS5860825,D,S,T,2024-08-13,1000000.00,4.2076,100.71875
08:00:42,912810UC0,TSRYS5860825,D,S,T,2024-08-13,1000000.00,4.208517,100.703125
08:00:42,912810UC0,TSRYS5860825,D,S,C,2024-08-13,1000000.00,4.201643,100.8203125
08:00:42,912810UC0,TSRYS5860825,D,S,T,2024-08-13,1000000.00,4.2076,100.71875
08:00:42,912810UC0,TSRYS5860825,D,S,T,2024-08-13,1000000.00,4.208517,100.703125
08:00:42,912810UC0,TSRYS5860825,D,S,D,2024-08-13,1000000.00,4.20027,100.84375
08:00:42,912810UC0,TSRYS5860825,D,S,D,2024-08-13,1000000.00,4.20027,100.84375
08:00:42,912810UC0,TSRYS5860825,D,S,T,2024-08-13,1000000.00,4.208517,100.703125
08:00:42,912810UC0,TSRYS5860825,D,S,T,2024-08-13,1000000.00,4.208517,100.703125
08:00:42,912810UC0,TSRYS5860825,D,S,T,2024-08-13,1000000.00,4.212877,100.62890625
08:00:42,912810UC0,TSRYS5860825,D,S,T,2024-08-13,1000000.00,4.206683,100.734375
08:00:42,912810UC0,TSRYS5860825,D,S,T,2024-08-13,1000000.00,4.2076,100.71875
08:00:42,912810UC0,TSRYS5860825,D,S,T,2024-08-13,1000000.00,4.2076,100.71875
08:00:42,912810UC0,TSRYS5860825,D,S,T,2024-08-13,1000000.00,4.208517,100.703125
08:00:43,912810UC0,TSRYS5860825,D,S,T,2024-08-13,1000000.00,4.208517,100.703125
08:00:43,912810UC0,TSRYS5860825,D,S,T,2024-08-13,1000000.00,4.208517,100.703125
08:00:43,912810UC0,TSRYS5860825,D,S,T,2024-08-13,1000000.00,4.2076,100.71875
08:00:43,912810UC0,TSRYS5860825,D,S,T,2024-08-13,1000000.00,4.209664,100.68359375
08:00:43,912810UC0,TSRYS5860825,D,S,D,2024-08-13,1000000.00,4.198948,100.866319444
08:00:43,912810UC0,TSRYS5860825,D,S,T,2024-08-13,1000000.00,4.208517,100.703125
08:00:43,912810UC0,TSRYS5860825,D,S,T,2024-08-13,1000000.00,4.208517,100.703125
08:00:43,912810UC0,TSRYS5860825,D,S,T,2024-08-13,1000000.00,4.2076,100.71875
08:00:43,912810UC0,TSRYS5860825,D,S,T,2024-08-13,1000000.00,4.2076,100.71875
08:00:43,912810UC0,TSRYS5860825,D,S,D,2024-08-13,1000000.00,4.197982,100.8828125
08:00:44,912810UC0,TSRYS5860825,D,S,T,2024-08-13,1000000.00,4.2076,100.71875
08:00:44,912810UC0,TSRYS5860825,D,S,T,2024-08-13,1000000.00,4.199355,100.859375
08:00:44,912810UC0,TSRYS5860825,D,S,T,2024-08-13,1000000.00,4.208517,100.703125
08:00:44,912810UC0,TSRYS5860825,D,S,T,2024-08-13,1000000.00,4.208517,100.703125
08:00:44,912810UC0,TSRYS5860825,D,S,D,2024-08-13,1000000.00,4.201186,100.828125
08:00:44,912810UC0,TSRYS5860825,D,S,T,2024-08-13,1000000.00,4.212877,100.62890625
08:00:44,912810UC0,TSRYS5860825,D,S,T,2024-08-13,1000000.00,4.211614,100.650390625
08:00:44,912810UC0,TSRYS5860825,D,B,A,2024-08-13,5000000.00,4.20485,100.765625
08:00:44,912810UC0,TSRYS5860825,D,S,D,2024-08-13,1000000.00,4.205996,100.74609375
08:00:44,912810UC0,TSRYS5860825,D,S,T,2024-08-13,1000000.00,4.205079,100.76171875
08:00:44,912810UC0,TSRYS5860825,D,S,D,2024-08-13,1000000.00,4.197067,100.8984375
08:00:44,912810UC0,TSRYS5860825,D,S,D,2024-08-13,1000000.00,4.197067,100.8984375
08:00:44,912810UC0,TSRYS5860825,D,S,D,2024-08-13,1000000.00,4.197067,100.8984375
08:00:44,912810UC0,TSRYS5860825,D,S,T,2024-08-13,5000000.00,4.212188,100.640625
08:00:44,912810UC0,TSRYS5860825,D,S,T,2024-08-13,1000000.00,4.212877,100.62890625
08:00:44,912810UC0,TSRYS5860825,D,S,A,2024-08-13,2000000.00,4.20783,100.71484375
08:00:44,912810UC0,TSRYS5860825,D,S,A,2024-08-13,2000000.00,4.205537,100.75390625
08:00:44,912810UC0,TSRYS5860825,D,B,A,2024-08-13,17350000.00,4.207853,100.71444375
08:00:44,912810UC0,TSRYS5860825,D,S,T,2024-08-13,1000000.00,4.206683,100.734375
08:00:44,912810UC0,TSRYS5860825,D,S,T,2024-08-13,1000000.00,4.206683,100.734375
08:00:44,912810UC0,TSRYS5860825,D,S,T,2024-08-13,1000000.00,4.206683,100.734375
08:00:44,912810UC0,TSRYS5860825,D,S,T,2024-08-13,1000000.00,4.206683,100.734375
08:00:44,912810UC0,TSRYS5860825,D,S,T,2024-08-13,1000000.00,4.206683,100.734375
08:00:44,912810UC0,TSRYS5860825,D,S,T,2024-08-13,1000000.00,4.206683,100.734375
08:00:44,912810UC0,TSRYS5860825,D,S,T,2024-08-13,1000000.00,4.206683,100.734375
08:00:44,912810UC0,TSRYS5860825,D,S,T,2024-08-13,1000000.00,4.20485,100.765625
08:00:45,912810UC0,TSRYS5860825,D,S,T,2024-08-13,1000000.00,4.20485,100.765625
08:00:45,912810UC0,TSRYS5860825,D,S,T,2024-08-13,2000000.00,4.208517,100.703125
08:00:45,912810UC0,TSRYS5860825,D,S,T,2024-08-13,1000000.00,4.213336,100.62109375
08:00:45,912810UC0,TSRYS5860825,D,S,T,2024-08-13,1000000.00,4.201186,100.828125
08:00:45,912810UC0,TSRYS5860825,D,S,D,2024-08-13,1000000.00,4.201414,100.82421875
08:00:45,912810UC0,TSRYS5860825,D,S,T,2024-08-13,1000000.00,4.213795,100.61328125
08:00:45,912810UC0,TSRYS5860825,D,S,A,2024-08-13,500000.00,4.208059,100.7109375
08:00:45,912810UC0,TSRYS5860825,D,S,A,2024-08-13,10000000.00,4.208976,100.6953125
08:00:45,912810UC0,TSRYS5860825,D,S,A,2024-08-13,1000000.00,4.216092,100.57421875
08:00:46,912810UC0,TSRYS5860825,D,B,A,2024-08-13,10000000.00,4.213566,100.6171875
08:00:46,912810UC0,TSRYS5860825,D,S,T,2024-08-13,1000000.00,4.214025,100.609375
08:00:46,912810UC0,TSRYS5860825,D,S,A,2024-08-13,5000000.00,4.213795,100.61328125
08:00:46,912810UC0,TSRYS5860825,D,S,T,2024-08-13,1000000.00,4.213106,100.625
08:00:46,912810UC0,TSRYS5860825,D,S,T,2024-08-13,1000000.00,4.213106,100.625
08:00:46,912810UC0,TSRYS5860825,D,S,A,2024-08-13,1500000.00,4.214484,100.6015625
08:00:46,912810UC0,TSRYS5860825,D,S,T,2024-08-13,1000000.00,4.213106,100.625
08:00:46,912810UC0,TSRYS5860825,D,S,T,2024-08-13,1000000.00,4.213106,100.625
08:00:46,912810UC0,TSRYS5860825,D,S,T,2024-08-13,1000000.00,4.213106,100.625
08:00:46,912810UC0,TSRYS5860825,D,S,T,2024-08-13,1000000.00,4.216781,100.5625
08:00:46,912810UC0,TSRYS5860825,D,S,T,2024-08-13,2000000.00,4.216781,100.5625
08:00:46,912810UC0,TSRYS5860825,D,S,T,2024-08-13,1000000.00,4.215862,100.578125
08:00:46,912810UC0,TSRYS5860825,D,S,T,2024-08-13,1000000.00,4.215862,100.578125
08:00:46,912810UC0,TSRYS5860825,D,S,A,2024-08-13,500000.00,4.214943,100.59375
08:00:46,912810UC0,TSRYS5860825,D,S,T,2024-08-13,1000000.00,4.212877,100.62890625
08:00:47,912810UC0,TSRYS5860825,D,S,C,2024-08-13,24000000.00,4.202765,100.80118125
08:00:47,912810UC0,TSRYS5860825,D,S,D,2024-08-13,200000.00,4.203475,100.7890625
08:00:47,912810UC0,TSRYS5860825,D,S,D,2024-08-13,25000000.00,4.206869,100.73121
08:00:47,912810UC0,TSRYS5860825,D,S,T,2024-08-13,1000000.00,4.202101,100.8125
08:00:47,912810UC0,TSRYS5860825,D,S,D,2024-08-13,1000000.00,4.197753,100.88671875
08:00:47,912810UC0,TSRYS5860825,D,S,D,2024-08-13,1000000.00,4.194781,100.9375
08:00:47,912810UC0,TSRYS5860825,D,S,D,2024-08-13,1000000.00,4.194781,100.9375
08:00:47,912810UC0,TSRYS5860825,D,S,D,2024-08-13,1000000.00,4.19661,100.90625
08:00:47,912810UC0,TSRYS5860825,D,S,T,2024-08-13,1000000.00,4.212073,100.642578125
08:00:48,912810UC0,TSRYS5860825,D,S,C,2024-08-13,650000.00,4.206454,100.73828125
08:00:48,912810UC0,TSRYS5860825,D,S,T,2024-08-13,1000000.00,4.208517,100.703125
08:00:48,912810UC0,TSRYS5860825,D,S,T,2024-08-13,1000000.00,4.206683,100.734375
08:00:48,912810UC0,TSRYS5860825,D,S,T,2024-08-13,1000000.00,4.206683,100.734375
08:00:48,912810UC0,TSRYS5860825,D,B,A,2024-08-13,500000.00,4.207142,100.7265625
08:00:48,912810UC0,TSRYS5860825,D,S,T,2024-08-13,1000000.00,4.2076,100.71875
08:00:48,912810UC0,TSRYS5860825,D,S,A,2024-08-13,1000000.00,4.209894,100.6796875
08:00:48,912810UC0,TSRYS5860825,D,S,T,2024-08-13,1000000.00,4.210008,100.677734375
08:00:48,912810UC0,TSRYS5860825,D,S,T,2024-08-13,1000000.00,4.210123,100.67578125
08:00:48,912810UC0,TSRYS5860825,D,S,T,2024-08-13,1000000.00,4.214943,100.59375
08:00:48,912810UC0,TSRYS5860825,D,S,T,2024-08-13,1000000.00,4.214025,100.609375
08:00:48,912810UC0,TSRYS5860825,D,S,T,2024-08-13,1000000.00,4.213106,100.625
08:00:48,912810UC0,TSRYS5860825,D,S,T,2024-08-13,1000000.00,4.213106,100.625
08:00:48,912810UC0,TSRYS5860825,D,S,T,2024-08-13,1000000.00,4.213106,100.625
08:00:48,912810UC0,TSRYS5860825,D,S,T,2024-08-13,1000000.00,4.213106,100.625
08:00:48,912810UC0,TSRYS5860825,D,S,T,2024-08-13,1000000.00,4.213106,100.625
08:00:48,912810UC0,TSRYS5860825,D,S,T,2024-08-13,1000000.00,4.208517,100.703125
08:00:48,912810UC0,TSRYS5860825,D,S,D,2024-08-13,1000000.00,4.209894,100.6796875
08:00:48,912810UC0,TSRYS5860825,D,S,D,2024-08-13,1000000.00,4.209894,100.6796875
08:00:48,912810UC0,TSRYS5860825,D,S,T,2024-08-13,1000000.00,4.212188,100.640625
08:00:48,912810UC0,TSRYS5860825,D,S,T,2024-08-13,1000000.00,4.213106,100.625
08:00:49,912810UC0,TSRYS5860825,D,S,T,2024-08-13,1000000.00,4.208517,100.703125
08:00:49,912810UC0,TSRYS5860825,D,S,D,2024-08-13,6000000.00,4.214714,100.59765625
08:00:49,912810UC0,TSRYS5860825,D,S,D,2024-08-13,1000000.00,4.216912,100.560267857
08:00:49,912810UC0,TSRYS5860825,D,S,T,2024-08-13,1000000.00,4.216781,100.5625
08:00:49,912810UC0,TSRYS5860825,D,S,T,2024-08-13,1000000.00,4.216781,100.5625
08:00:49,912810UC0,TSRYS5860825,D,S,T,2024-08-13,1000000.00,4.215862,100.578125
08:00:49,912810UC0,TSRYS5860825,D,S,T,2024-08-13,1000000.00,4.215862,100.578125
08:00:49,912810UC0,TSRYS5860825,D,S,D,2024-08-13,1000000.00,4.195695,100.921875
08:00:49,912810UC0,TSRYS5860825,D,S,D,2024-08-13,1700000.00,4.204621,100.76953125
08:00:49,912810UC0,TSRYS5860825,D,S,D,2024-08-13,30000000.00,4.195517,100.92491
08:00:49,912810UC0,TSRYS5860825,D,S,D,2024-08-13,1000000.00,4.203475,100.7890625
08:00:50,912810UC0,TSRYS5860825,D,S,T,2024-08-13,1000000.00,4.208517,100.703125
08:00:50,912810UC0,TSRYS5860825,D,S,T,2024-08-13,1000000.00,4.208517,100.703125
08:00:50,912810UC0,TSRYS5860825,D,S,D,2024-08-13,27000000.00,4.204421,100.77294
08:00:50,912810UC0,TSRYS5860825,D,S,D,2024-08-13,1500000.00,4.195238,100.9296875
08:00:51,912810UC0,TSRYS5860825,D,B,A,2024-08-13,2000000.00,4.208288,100.70703125
08:00:51,912810UC0,TSRYS5860825,D,S,T,2024-08-13,1000000.00,4.207606,100.718648
08:00:51,912810UC0,TSRYS5860825,D,S,T,2024-08-13,1000000.00,4.207606,100.718648
08:00:51,912810UC0,TSRYS5860825,D,S,T,2024-08-13,1000000.00,4.2076,100.71875
08:00:51,912810UC0,TSRYS5860825,D,S,T,2024-08-13,1000000.00,4.2076,100.71875
08:00:51,912810UC0,TSRYS5860825,D,S,T,2024-08-13,1000000.00,4.208517,100.703125
08:00:51,912810UC0,TSRYS5860825,D,S,T,2024-08-13,1000000.00,4.208517,100.703125
08:00:51,912810UC0,TSRYS5860825,D,S,T,2024-08-13,1000000.00,4.203023,100.796773
08:00:52,912810UC0,TSRYS5860825,D,S,T,2024-08-13,1000000.00,4.203023,100.796773
08:00:52,912810UC0,TSRYS5860825,D,S,T,2024-08-13,1000000.00,4.203023,100.796773
08:00:52,912810UC0,TSRYS5860825,D,S,T,2024-08-13,1000000.00,4.20485,100.765625
08:00:52,912810UC0,TSRYS5860825,D,S,T,2024-08-13,1000000.00,4.203934,100.78125
08:00:52,912810UC0,TSRYS5860825,D,S,T,2024-08-13,1000000.00,4.203934,100.78125
08:00:52,912810UC0,TSRYS5860825,D,S,T,2024-08-13,1000000.00,4.203934,100.78125
08:00:52,912810UC0,TSRYS5860825,D,S,T,2024-08-13,1000000.00,4.201414,100.82421875
08:00:52,912810UC0,TSRYS5860825,D,S,T,2024-08-13,1000000.00,4.203934,100.78125
08:00:52,912810UC0,TSRYS5860825,D,S,T,2024-08-13,1000000.00,4.203934,100.78125
08:00:52,912810UC0,TSRYS5860825,D,S,T,2024-08-13,1000000.00,4.203934,100.78125
08:00:52,912810UC0,TSRYS5860825,D,S,T,2024-08-13,1000000.00,4.204277,100.775390625
08:00:52,912810UC0,TSRYS5860825,D,S,T,2024-08-13,1000000.00,4.203934,100.78125
08:00:52,912810UC0,TSRYS5860825,D,S,T,2024-08-13,1000000.00,4.203819,100.783203125
08:00:52,912810UC0,TSRYS5860825,D,S,T,2024-08-13,1000000.00,4.202559,100.8046875
08:00:52,912810UC0,TSRYS5860825,D,S,T,2024-08-13,1000000.00,4.202674,100.802734375
08:00:52,912810UC0,TSRYS5860825,D,S,T,2024-08-13,1000000.00,4.203704,100.78515625
08:00:52,912810UC0,TSRYS5860825,D,S,T,2024-08-13,1000000.00,4.203934,100.78125
08:00:52,912810UC0,TSRYS5860825,D,S,T,2024-08-13,1000000.00,4.203934,100.78125
08:00:52,912810UC0,TSRYS5860825,D,S,D,2024-08-13,1000000.00,4.205079,100.76171875
08:00:52,912810UC0,TSRYS5860825,D,S,D,2024-08-13,1000000.00,4.208517,100.703125
08:00:52,912810UC0,TSRYS5860825,D,S,D,2024-08-13,2000000.00,4.205308,100.7578125
08:00:52,912810UC0,TSRYS5860825,D,B,A,2024-08-13,5000000.00,4.196381,100.91015625
08:00:52,912810UC0,TSRYS5860825,D,S,T,2024-08-13,1000000.00,4.194324,100.9453125
08:00:52,912810UC0,TSRYS5860825,D,S,T,2024-08-13,1000000.00,4.194324,100.9453125
08:00:52,912810UC0,TSRYS5860825,D,S,T,2024-08-13,1000000.00,4.194324,100.9453125
08:00:52,912810UC0,TSRYS5860825,D,S,T,2024-08-13,1000000.00,4.194324,100.9453125
08:00:52,912810UC0,TSRYS5860825,D,S,T,2024-08-13,1000000.00,4.195701,100.921773
08:00:53,912810UC0,TSRYS5860825,D,S,T,2024-08-13,1000000.00,4.213336,100.62109375
08:00:53,912810UC0,TSRYS5860825,D,S,T,2024-08-13,1000000.00,4.212647,100.6328125
08:00:56,912810UC0,TSRYS5860825,D,S,D,2024-08-13,320000.00,4.201186,100.828125
08:00:57,912810UC0,TSRYS5860825,D,S,D,2024-08-13,1000000.00,4.204392,100.7734375
08:00:58,912810UC0,TSRYS5860825,D,S,T,2024-08-13,1000000.00,4.19661,100.90625
08:00:58,912810UC0,TSRYS5860825,D,S,T,2024-08-13,1000000.00,4.19661,100.90625
08:00:58,912810UC0,TSRYS5860825,D,S,T,2024-08-13,2000000.00,4.19661,100.90625
08:00:58,912810UC0,TSRYS5860825,D,S,T,2024-08-13,1000000.00,4.19661,100.90625
08:01:00,912810UC0,TSRYS5860825,D,S,D,2024-08-13,1000000.00,4.203017,100.796875
08:01:00,912810UC0,TSRYS5860825,D,S,A,2024-08-13,2000000.00,4.199812,100.8515625
08:01:00,912810UC0,TSRYS5860825,D,S,D,2024-08-13,1000000.00,4.20027,100.84375
08:01:00,912810UC0,TSRYS5860825,D,B,C,2024-08-13,1000000.00,4.208288,100.70703125
08:01:00,912810UC0,TSRYS5860825,D,S,D,2024-08-13,1000000.00,4.208288,100.70703125
08:01:00,912810UC0,TSRYS5860825,D,S,D,2024-08-13,1000000.00,4.205079,100.76171875
08:01:00,912810UC0,TSRYS5860825,D,S,D,2024-08-13,1000000.00,4.202101,100.8125
08:01:00,912810UC0,TSRYS5860825,D,S,D,2024-08-13,1000000.00,4.20027,100.84375
08:01:00,912810UC0,TSRYS5860825,D,S,D,2024-08-13,1000000.00,4.201643,100.8203125
08:01:00,912810UC0,TSRYS5860825,D,S,C,2024-08-13,1000000.00,4.195924,100.91796875
08:01:00,912810UC0,TSRYS5860825,D,S,D,2024-08-13,1000000.00,4.199355,100.859375
08:01:00,912810UC0,TSRYS5860825,D,S,D,2024-08-13,1000000.00,4.199355,100.859375
08:01:00,912810UC0,TSRYS5860825,D,S,C,2024-08-13,1000000.00,4.198668,100.87109375
08:01:00,912810UC0,TSRYS5860825,D,S,D,2024-08-13,2000000.00,4.193638,100.95703125
08:01:00,912810UC0,TSRYS5860825,D,S,D,2024-08-13,1000000.00,4.198211,100.87890625
08:01:00,912810UC0,TSRYS5860825,D,S,D,2024-08-13,1000000.00,4.200041,100.84765625
08:01:00,912810UC0,TSRYS5860825,D,S,D,2024-08-13,1000000.00,4.200041,100.84765625
08:01:00,912810UC0,TSRYS5860825,D,B,C,2024-08-13,1000000.00,4.198211,100.87890625
08:01:00,912810UC0,TSRYS5860825,D,B,C,2024-08-13,1000000.00,4.207371,100.72265625
08:01:00,912810UC0,TSRYS5860825,D,S,D,2024-08-13,1000000.00,4.197982,100.8828125
08:01:00,912810UC0,TSRYS5860825,D,S,D,2024-08-13,1000000.00,4.207371,100.72265625
08:01:00,912810UC0,TSRYS5860825,D,B,C,2024-08-13,1000000.00,4.205537,100.75390625
08:01:00,912810UC0,TSRYS5860825,D,S,D,2024-08-13,1000000.00,4.204392,100.7734375
08:01:00,912810UC0,TSRYS5860825,D,S,D,2024-08-13,1000000.00,4.205996,100.74609375
08:01:00,912810UC0,TSRYS5860825,D,S,D,2024-08-13,1000000.00,4.205537,100.75390625
08:01:00,912810UC0,TSRYS5860825,D,S,D,2024-08-13,1000000.00,4.210123,100.67578125
08:01:00,912810UC0,TSRYS5860825,D,S,D,2024-08-13,2000000.00,4.2076,100.71875
08:01:00,912810UC0,TSRYS5860825,D,S,D,2024-08-13,1000000.00,4.2076,100.71875
08:01:00,912810UC0,TSRYS5860825,D,S,D,2024-08-13,1000000.00,4.205766,100.75
08:01:00,912810UC0,TSRYS5860825,D,B,C,2024-08-13,1000000.00,4.206683,100.734375
08:01:00,912810UC0,TSRYS5860825,D,S,D,2024-08-13,1000000.00,4.206912,100.73046875
08:01:00,912810UC0,TSRYS5860825,D,S,D,2024-08-13,1000000.00,4.206683,100.734375
08:01:00,912810UC0,TSRYS5860825,D,S,D,2024-08-13,1000000.00,4.208517,100.703125
08:01:00,912810UC0,TSRYS5860825,D,S,D,2024-08-13,1000000.00,4.208288,100.70703125
08:01:00,912810UC0,TSRYS5860825,D,B,C,2024-08-13,1000000.00,4.208288,100.70703125
08:01:00,912810UC0,TSRYS5860825,D,S,D,2024-08-13,1000000.00,4.206454,100.73828125
08:01:00,912810UC0,TSRYS5860825,D,S,D,2024-08-13,1000000.00,4.202559,100.8046875
08:01:00,912810UC0,TSRYS5860825,D,S,D,2024-08-13,1000000.00,4.203475,100.7890625
08:01:00,912810UC0,TSRYS5860825,D,S,D,2024-08-13,1000000.00,4.201414,100.82421875
08:01:00,912810UC0,TSRYS5860825,D,B,C,2024-08-13,1000000.00,4.204621,100.76953125
08:01:00,912810UC0,TSRYS5860825,D,S,D,2024-08-13,1000000.00,4.204621,100.76953125
08:01:00,912810UC0,TSRYS5860825,D,S,D,2024-08-13,1000000.00,4.203704,100.78515625
08:01:00,912810UC0,TSRYS5860825,D,S,T,2024-08-13,1000000.00,4.2076,100.71875
08:01:00,912810UC0,TSRYS5860825,D,S,D,2024-08-13,1000000.00,4.203704,100.78515625
08:01:00,912810UC0,TSRYS5860825,D,S,D,2024-08-13,1000000.00,4.206683,100.734375
08:01:00,912810UC0,TSRYS5860825,D,S,D,2024-08-13,1000000.00,4.206683,100.734375
08:01:00,912810UC0,TSRYS5860825,D,S,D,2024-08-13,1000000.00,4.203704,100.78515625
08:01:00,912810UC0,TSRYS5860825,D,B,C,2024-08-13,1000000.00,4.208288,100.70703125
08:01:00,912810UC0,TSRYS5860825,D,S,C,2024-08-13,1000000.00,4.212418,100.63671875
08:01:00,912810UC0,TSRYS5860825,D,S,D,2024-08-13,1000000.00,4.208288,100.70703125
08:01:00,912810UC0,TSRYS5860825,D,S,D,2024-08-13,1000000.00,4.212877,100.62890625
08:01:00,912810UC0,TSRYS5860825,D,S,D,2024-08-13,1000000.00,4.216551,100.56640625
08:01:00,912810UC0,TSRYS5860825,D,S,D,2024-08-13,1000000.00,4.212647,100.6328125
08:01:00,912810UC0,TSRYS5860825,D,S,D,2024-08-13,1000000.00,4.212877,100.62890625
08:01:00,912810UC0,TSRYS5860825,D,S,D,2024-08-13,1000000.00,4.213106,100.625
08:01:00,912810UC0,TSRYS5860825,D,S,D,2024-08-13,1000000.00,4.211959,100.64453125
08:01:00,912810UC0,TSRYS5860825,D,S,D,2024-08-13,1000000.00,4.209894,100.6796875
08:01:00,912810UC0,TSRYS5860825,D,S,D,2024-08-13,1000000.00,4.209894,100.6796875
08:01:00,912810UC0,TSRYS5860825,D,S,D,2024-08-13,1000000.00,4.213106,100.625
08:01:00,912810UC0,TSRYS5860825,D,S,D,2024-08-13,1000000.00,4.216092,100.57421875
08:01:00,912810UC0,TSRYS5860825,D,S,D,2024-08-13,1000000.00,4.216322,100.5703125
08:01:00,912810UC0,TSRYS5860825,D,B,C,2024-08-13,1000000.00,4.216092,100.57421875
08:01:00,912810UC0,TSRYS5860825,D,S,D,2024-08-13,1000000.00,4.216322,100.5703125
08:01:00,912810UC0,TSRYS5860825,D,S,D,2024-08-13,1000000.00,4.216092,100.57421875
08:01:00,912810UC0,TSRYS5860825,D,S,D,2024-08-13,1000000.00,4.215862,100.578125
08:01:00,912810UC0,TSRYS5860825,D,S,T,2024-08-13,1000000.00,4.208517,100.703125
08:01:00,912810UC0,TSRYS5860825,D,S,D,2024-08-13,1000000.00,4.217471,100.55078125
08:01:00,912810UC0,TSRYS5860825,D,B,C,2024-08-13,1000000.00,4.211041,100.66015625
08:01:00,912810UC0,TSRYS5860825,D,S,D,2024-08-13,1000000.00,4.211729,100.6484375
08:01:00,912810UC0,TSRYS5860825,D,S,D,2024-08-13,1000000.00,4.211041,100.66015625
08:01:00,912810UC0,TSRYS5860825,D,S,D,2024-08-13,1000000.00,4.209435,100.6875
08:01:01,912810UC0,TSRYS5860825,D,S,T,2024-08-13,1000000.00,4.208517,100.703125
08:01:01,912810UC0,TSRYS5860825,D,S,C,2024-08-13,1000000.00,4.208288,100.70703125
08:01:01,912810UC0,TSRYS5860825,D,S,C,2024-08-13,1000000.00,4.208288,100.70703125
08:01:01,912810UC0,TSRYS5860825,D,S,C,2024-08-13,1000000.00,4.208288,100.70703125
08:01:01,912810UC0,TSRYS5860825,D,S,D,2024-08-13,1000000.00,4.208288,100.70703125
08:01:01,912810UC0,TSRYS5860825,D,S,C,2024-08-13,1000000.00,4.208288,100.70703125
08:01:01,912810UC0,TSRYS5860825,D,S,C,2024-08-13,1000000.00,4.208288,100.70703125
08:01:01,912810UC0,TSRYS5860825,D,B,C,2024-08-13,1000000.00,4.207371,100.72265625
08:01:01,912810UC0,TSRYS5860825,D,S,C,2024-08-13,1000000.00,4.208288,100.70703125
08:01:01,912810UC0,TSRYS5860825,D,B,C,2024-08-13,1000000.00,4.207142,100.7265625
08:01:01,912810UC0,TSRYS5860825,D,S,D,2024-08-13,1000000.00,4.207371,100.72265625
08:01:01,912810UC0,TSRYS5860825,D,B,C,2024-08-13,1000000.00,4.207142,100.7265625
08:01:01,912810UC0,TSRYS5860825,D,S,D,2024-08-13,1000000.00,4.207142,100.7265625
08:01:01,912810UC0,TSRYS5860825,D,S,D,2024-08-13,1000000.00,4.207142,100.7265625
08:01:01,912810UC0,TSRYS5860825,D,S,D,2024-08-13,1000000.00,4.203017,100.796875
08:01:01,912810UC0,TSRYS5860825,D,B,C,2024-08-13,1000000.00,4.203017,100.796875
08:01:01,912810UC0,TSRYS5860825,D,S,D,2024-08-13,1000000.00,4.202788,100.80078125
08:01:01,912810UC0,TSRYS5860825,D,S,D,2024-08-13,1000000.00,4.203017,100.796875
08:01:01,912810UC0,TSRYS5860825,D,S,D,2024-08-13,1000000.00,4.202101,100.8125
08:01:01,912810UC0,TSRYS5860825,D,B,C,2024-08-13,1000000.00,4.202788,100.80078125
08:01:01,912810UC0,TSRYS5860825,D,B,C,2024-08-13,1000000.00,4.202101,100.8125
08:01:01,912810UC0,TSRYS5860825,D,S,D,2024-08-13,1000000.00,4.202101,100.8125
08:01:01,912810UC0,TSRYS5860825,D,B,C,2024-08-13,1000000.00,4.202101,100.8125
08:01:01,912810UC0,TSRYS5860825,D,S,D,2024-08-13,1000000.00,4.199812,100.8515625
08:01:01,912810UC0,TSRYS5860825,D,B,C,2024-08-13,1000000.00,4.199812,100.8515625
08:01:01,912810UC0,TSRYS5860825,D,S,D,2024-08-13,1000000.00,4.199812,100.8515625
08:01:01,912810UC0,TSRYS5860825,D,B,C,2024-08-13,1000000.00,4.199812,100.8515625
08:01:01,912810UC0,TSRYS5860825,D,S,D,2024-08-13,1000000.00,4.20027,100.84375
08:01:01,912810UC0,TSRYS5860825,D,B,C,2024-08-13,1000000.00,4.201414,100.82421875
08:01:01,912810UC0,TSRYS5860825,D,S,D,2024-08-13,1000000.00,4.201414,100.82421875
08:01:01,912810UC0,TSRYS5860825,D,S,D,2024-08-13,1000000.00,4.202101,100.8125
08:01:01,912810UC0,TSRYS5860825,D,S,D,2024-08-13,1000000.00,4.201643,100.8203125
08:01:01,912810UC0,TSRYS5860825,D,S,C,2024-08-13,1000000.00,4.202788,100.80078125
08:01:01,912810UC0,TSRYS5860825,D,S,A,2024-08-13,20000000.00,4.212188,100.640625
08:01:01,912810UC0,TSRYS5860825,D,S,T,2024-08-13,1000000.00,4.203475,100.7890625
08:01:01,912810UC0,TSRYS5860825,D,S,T,2024-08-13,1000000.00,4.203475,100.7890625
08:01:01,912810UC0,TSRYS5860825,D,S,T,2024-08-13,3000000.00,4.203475,100.7890625
08:01:01,912810UC0,TSRYS5860825,D,S,T,2024-08-13,1000000.00,4.203475,100.7890625
08:01:01,912810UC0,TSRYS5860825,D,S,T,2024-08-13,1000000.00,4.204163,100.77734375
08:01:01,912810UC0,TSRYS5860825,D,S,T,2024-08-13,1000000.00,4.204163,100.77734375
08:01:01,912810UC0,TSRYS5860825,D,S,T,2024-08-13,1000000.00,4.204163,100.77734375
08:01:01,912810UC0,TSRYS5860825,D,S,T,2024-08-13,1000000.00,4.204048,100.779296875
08:01:01,912810UC0,TSRYS5860825,D,S,T,2024-08-13,1000000.00,4.208517,100.703125
08:01:01,912810UC0,TSRYS5860825,D,S,T,2024-08-13,1000000.00,4.208517,100.703125
08:01:01,912810UC0,TSRYS5860825,D,S,T,2024-08-13,1000000.00,4.204163,100.77734375
08:01:02,912810UC0,TSRYS5860825,D,S,T,2024-08-13,1000000.00,4.204163,100.77734375
08:01:02,912810UC0,TSRYS5860825,D,S,T,2024-08-13,1000000.00,4.204163,100.77734375
08:01:02,912810UC0,TSRYS5860825,D,S,T,2024-08-13,1000000.00,4.204163,100.77734375
08:01:02,912810UC0,TSRYS5860825,D,S,T,2024-08-13,1000000.00,4.204163,100.77734375
08:01:02,912810UC0,TSRYS5860825,D,S,T,2024-08-13,1000000.00,4.204163,100.77734375
08:01:02,912810UC0,TSRYS5860825,D,S,T,2024-08-13,1000000.00,4.204163,100.77734375
08:01:02,912810UC0,TSRYS5860825,D,S,T,2024-08-13,1000000.00,4.204163,100.77734375
08:01:02,912810UC0,TSRYS5860825,D,S,T,2024-08-13,1000000.00,4.197524,100.890625
08:01:02,912810UC0,TSRYS5860825,D,S,T,2024-08-13,1000000.00,4.197524,100.890625
08:01:02,912810UC0,TSRYS5860825,D,S,T,2024-08-13,1000000.00,4.197524,100.890625
08:01:02,912810UC0,TSRYS5860825,D,S,T,2024-08-13,1000000.00,4.194781,100.9375
08:01:02,912810UC0,TSRYS5860825,D,S,T,2024-08-13,3000000.00,4.194781,100.9375
08:01:02,912810UC0,TSRYS5860825,D,S,T,2024-08-13,1000000.00,4.209894,100.6796875
08:01:02,912810UC0,TSRYS5860825,D,S,T,2024-08-13,1000000.00,4.194781,100.9375
08:01:02,912810UC0,TSRYS5860825,D,S,T,2024-08-13,1000000.00,4.204735,100.767578125
08:01:02,912810UC0,TSRYS5860825,D,S,T,2024-08-13,1000000.00,4.210467,100.669921875
08:01:02,912810UC0,TSRYS5860825,D,S,T,2024-08-13,1000000.00,4.210467,100.669921875
08:01:02,912810UC0,TSRYS5860825,D,S,T,2024-08-13,1000000.00,4.210467,100.669921875
08:01:02,912810UC0,TSRYS5860825,D,S,T,2024-08-13,1000000.00,4.21127,100.65625
08:01:02,912810UC0,TSRYS5860825,D,B,A,2024-08-13,20000000.00,4.205766,100.75
08:01:02,912810UC0,TSRYS5860825,D,S,A,2024-08-13,18000000.00,4.205308,100.7578125
08:01:02,912810UC0,TSRYS5860825,D,S,A,2024-08-13,1000000.00,4.203017,100.796875
08:01:02,912810UC0,TSRYS5860825,D,S,A,2024-08-13,1000000.00,4.203934,100.78125
08:01:02,912810UC0,TSRYS5860825,D,S,T,2024-08-13,1000000.00,4.201414,100.82421875
08:01:02,912810UC0,TSRYS5860825,D,S,T,2024-08-13,1000000.00,4.205772,100.749898
08:01:02,912810UC0,TSRYS5860825,D,S,T,2024-08-13,1000000.00,4.205772,100.749898
08:01:02,912810UC0,TSRYS5860825,D,S,T,2024-08-13,1000000.00,4.204856,100.765523
08:01:02,912810UC0,TSRYS5860825,D,S,T,2024-08-13,1000000.00,4.204392,100.7734375
08:01:03,912810UC0,TSRYS5860825,D,B,A,2024-08-13,1000000.00,4.202101,100.8125
08:01:03,912810UC0,TSRYS5860825,D,S,T,2024-08-13,1000000.00,4.201993,100.814353125
08:01:03,912810UC0,TSRYS5860825,D,B,A,2024-08-13,1000000.00,4.202101,100.8125
08:01:03,912810UC0,TSRYS5860825,D,S,T,2024-08-13,1000000.00,4.201993,100.814353125
08:01:03,912810UC0,TSRYS5860825,D,S,T,2024-08-13,1000000.00,4.201191,100.828025
08:01:03,912810UC0,TSRYS5860825,D,B,A,2024-08-13,1000000.00,4.201186,100.828125
08:01:03,912810UC0,TSRYS5860825,D,B,A,2024-08-13,1000000.00,4.201186,100.828125
08:01:03,912810UC0,TSRYS5860825,D,S,T,2024-08-13,1000000.00,4.200619,100.837790625
08:01:03,912810UC0,TSRYS5860825,D,B,A,2024-08-13,400000.00,4.199583,100.85546875
08:01:03,912810UC0,TSRYS5860825,D,S,T,2024-08-13,1000000.00,4.200161,100.845603125
08:01:03,912810UC0,TSRYS5860825,D,B,A,2024-08-13,1000000.00,4.195695,100.921875
08:01:03,912810UC0,TSRYS5860825,D,S,T,2024-08-13,1000000.00,4.195472,100.92568125
08:01:03,912810UC0,TSRYS5860825,D,B,A,2024-08-13,1000000.00,4.193867,100.953125
08:01:03,912810UC0,TSRYS5860825,D,S,T,2024-08-13,1000000.00,4.193758,100.954978125
08:01:03,912810UC0,TSRYS5860825,D,B,A,2024-08-13,577300.00,4.206454,100.73828125
08:01:03,912810UC0,TSRYS5860825,D,S,D,2024-08-13,1000000.00,4.212877,100.62890625
08:01:04,912810UC0,TSRYS5860825,D,S,A,2024-08-13,1000000.00,4.205766,100.75
08:01:06,912810UC0,TSRYS5860825,D,S,C,2024-08-13,1000000.00,4.20485,100.765625
08:01:06,912810UC0,TSRYS5860825,D,S,D,2024-08-13,1000000.00,4.203017,100.796875
08:01:06,912810UC0,TSRYS5860825,D,S,D,2024-08-13,1000000.00,4.203017,100.796875
08:01:06,912810UC0,TSRYS5860825,D,B,C,2024-08-13,1000000.00,4.203017,100.796875
08:01:06,912810UC0,TSRYS5860825,D,B,A,2024-08-13,1000000.00,4.196152,100.9140625
08:01:06,912810UC0,TSRYS5860825,D,B,C,2024-08-13,99000.00,4.194781,100.9375
08:01:08,912810UC0,TSRYS5860825,D,B,C,2024-08-13,10000000.00,4.194804,100.9371
08:01:09,912810UC0,TSRYS5860825,D,S,D,2024-08-13,1000000.00,4.208059,100.7109375
08:01:09,912810UC0,TSRYS5860825,D,S,D,2024-08-13,1000000.00,4.208059,100.7109375
08:01:09,912810UC0,TSRYS5860825,D,S,D,2024-08-13,1000000.00,4.209664,100.68359375
08:01:09,912810UC0,TSRYS5860825,D,S,D,2024-08-13,1000000.00,4.209435,100.6875
08:01:09,912810UC0,TSRYS5860825,D,S,D,2024-08-13,1000000.00,4.209435,100.6875
08:01:10,912810UC0,TSRYS5860825,D,S,D,2024-08-13,1000000.00,4.209435,100.6875
08:01:10,912810UC0,TSRYS5860825,D,S,D,2024-08-13,1000000.00,4.209664,100.68359375
08:01:10,912810UC0,TSRYS5860825,D,S,D,2024-08-13,1000000.00,4.209664,100.68359375
08:01:10,912810UC0,TSRYS5860825,D,S,D,2024-08-13,1000000.00,4.202101,100.8125
08:01:10,912810UC0,TSRYS5860825,D,S,D,2024-08-13,1000000.00,4.20027,100.84375
08:01:10,912810UC0,TSRYS5860825,D,S,D,2024-08-13,1000000.00,4.209664,100.68359375
08:01:10,912810UC0,TSRYS5860825,D,B,A,2024-08-13,3000000.00,4.203704,100.78515625
08:01:10,912810UC0,TSRYS5860825,D,S,D,2024-08-13,1000000.00,4.209435,100.6875
08:01:10,912810UC0,TSRYS5860825,D,S,D,2024-08-13,1000000.00,4.209435,100.6875
08:01:10,912810UC0,TSRYS5860825,D,B,A,2024-08-13,5000000.00,4.203704,100.78515625
08:01:10,912810UC0,TSRYS5860825,D,S,T,2024-08-13,1000000.00,4.203941,100.78112
08:01:10,912810UC0,TSRYS5860825,D,S,T,2024-08-13,1000000.00,4.203941,100.78112
08:01:10,912810UC0,TSRYS5860825,D,S,T,2024-08-13,1000000.00,4.203017,100.796875
08:01:10,912810UC0,TSRYS5860825,D,S,T,2024-08-13,1000000.00,4.203934,100.78125
08:01:10,912810UC0,TSRYS5860825,D,S,D,2024-08-13,1000000.00,4.205423,100.755859375
08:01:10,912810UC0,TSRYS5860825,D,B,C,2024-08-13,1000000.00,4.203934,100.78125
08:01:10,912810UC0,TSRYS5860825,D,S,D,2024-08-13,1000000.00,4.203934,100.78125
08:01:11,912810UC0,TSRYS5860825,D,S,T,2024-08-13,1000000.00,4.214375,100.603415625
08:01:11,912810UC0,TSRYS5860825,D,S,T,2024-08-13,2000000.00,4.214375,100.603415625
08:01:11,912810UC0,TSRYS5860825,D,S,T,2024-08-13,1000000.00,4.19661,100.90625
08:01:11,912810UC0,TSRYS5860825,D,S,T,2024-08-13,1000000.00,4.201199,100.8279
08:01:12,912810UC0,TSRYS5860825,D,S,D,2024-08-13,8000000.00,4.203819,100.7832025
08:01:12,912810UC0,TSRYS5860825,D,S,D,2024-08-13,13000000.00,4.200973,100.8317469
08:01:12,912810UC0,TSRYS5860825,D,B,C,2024-08-13,1000000.00,4.204163,100.77734375
08:01:12,912810UC0,TSRYS5860825,D,S,D,2024-08-13,1000000.00,4.204163,100.77734375
08:01:12,912810UC0,TSRYS5860825,D,S,C,2024-08-13,1000000.00,4.202559,100.8046875
08:01:12,912810UC0,TSRYS5860825,D,S,D,2024-08-13,1000000.00,4.203017,100.796875
08:01:12,912810UC0,TSRYS5860825,D,S,D,2024-08-13,1000000.00,4.203017,100.796875
08:01:12,912810UC0,TSRYS5860825,D,S,D,2024-08-13,1000000.00,4.203017,100.796875
08:01:12,912810UC0,TSRYS5860825,D,S,D,2024-08-13,1000000.00,4.203017,100.796875
08:01:12,912810UC0,TSRYS5860825,D,S,D,2024-08-13,1000000.00,4.203017,100.796875
08:01:12,912810UC0,TSRYS5860825,D,S,T,2024-08-13,1000000.00,4.197524,100.890625
08:01:12,912810UC0,TSRYS5860825,D,S,D,2024-08-13,1000000.00,4.201643,100.8203125
08:01:13,912810UC0,TSRYS5860825,D,S,T,2024-08-13,1000000.00,4.194781,100.9375
08:01:13,912810UC0,TSRYS5860825,D,S,T,2024-08-13,1000000.00,4.193867,100.953125
08:01:13,912810UC0,TSRYS5860825,D,S,C,2024-08-13,1000000.00,4.200728,100.8359375
08:01:13,912810UC0,TSRYS5860825,D,S,D,2024-08-13,1000000.00,4.200041,100.84765625
08:01:13,912810UC0,TSRYS5860825,D,B,C,2024-08-13,1000000.00,4.200041,100.84765625
08:01:13,912810UC0,TSRYS5860825,D,S,D,2024-08-13,1000000.00,4.20027,100.84375
08:01:13,912810UC0,TSRYS5860825,D,B,C,2024-08-13,1000000.00,4.20027,100.84375
08:01:13,912810UC0,TSRYS5860825,D,S,D,2024-08-13,1000000.00,4.20027,100.84375
08:01:13,912810UC0,TSRYS5860825,D,S,D,2024-08-13,1000000.00,4.20027,100.84375
08:01:13,912810UC0,TSRYS5860825,D,S,D,2024-08-13,1000000.00,4.20027,100.84375
08:01:13,912810UC0,TSRYS5860825,D,S,T,2024-08-13,1000000.00,4.192039,100.984375
08:01:13,912810UC0,TSRYS5860825,D,S,T,2024-08-13,1000000.00,4.191125,101.0
08:01:13,912810UC0,TSRYS5860825,D,S,T,2024-08-13,1000000.00,4.191125,101.0
08:01:13,912810UC0,TSRYS5860825,D,S,D,2024-08-13,1000000.00,4.20485,100.765625
08:01:13,912810UC0,TSRYS5860825,D,B,A,2024-08-13,1000000.00,4.20485,100.765625
08:01:13,912810UC0,TSRYS5860825,D,S,T,2024-08-13,1000000.00,4.204862,100.765425
08:01:14,912810UC0,TSRYS5860825,D,S,A,2024-08-13,317000.00,4.208517,100.703125
08:01:14,912810UC0,TSRYS5860825,D,B,A,2024-08-13,1000000.00,4.204862,100.765425
08:01:14,912810UC0,TSRYS5860825,D,S,A,2024-08-13,144000.00,4.207142,100.7265625
08:01:14,912810UC0,TSRYS5860825,D,S,D,2024-08-13,1000000.00,4.197067,100.8984375
08:01:14,912810UC0,TSRYS5860825,D,B,A,2024-08-13,1000000.00,4.201872,100.81640625
08:01:14,912810UC0,TSRYS5860825,D,S,D,2024-08-13,1000000.00,4.201872,100.81640625
08:01:15,912810UC0,TSRYS5860825,D,S,T,2024-08-13,1000000.00,4.198439,100.875
08:01:15,912810UC0,TSRYS5860825,D,S,A,2024-08-13,24000000.00,4.202765,100.80118125
08:01:15,912810UC0,TSRYS5860825,D,S,D,2024-08-13,1000000.00,4.197753,100.88671875
08:01:15,912810UC0,TSRYS5860825,D,S,D,2024-08-13,1000000.00,4.197524,100.890625
08:01:15,912810UC0,TSRYS5860825,D,B,C,2024-08-13,1000000.00,4.197524,100.890625
08:01:15,912810UC0,TSRYS5860825,D,S,D,2024-08-13,1000000.00,4.197524,100.890625
08:01:15,912810UC0,TSRYS5860825,D,B,C,2024-08-13,1000000.00,4.197524,100.890625
08:01:15,912810UC0,TSRYS5860825,D,B,C,2024-08-13,1000000.00,4.196381,100.91015625
08:01:15,912810UC0,TSRYS5860825,D,S,D,2024-08-13,1000000.00,4.196381,100.91015625
08:01:15,912810UC0,TSRYS5860825,D,B,C,2024-08-13,1000000.00,4.195466,100.92578125
08:01:15,912810UC0,TSRYS5860825,D,S,D,2024-08-13,1000000.00,4.195466,100.92578125
08:01:15,912810UC0,TSRYS5860825,D,S,D,2024-08-13,1000000.00,4.195238,100.9296875
08:01:15,912810UC0,TSRYS5860825,D,S,C,2024-08-13,1000000.00,4.195695,100.921875
08:01:15,912810UC0,TSRYS5860825,D,S,C,2024-08-13,1000000.00,4.195695,100.921875
08:01:15,912810UC0,TSRYS5860825,D,S,D,2024-08-13,1000000.00,4.19661,100.90625
08:01:15,912810UC0,TSRYS5860825,D,S,T,2024-08-13,1000000.00,4.202101,100.8125
08:01:15,912810UC0,TSRYS5860825,D,S,D,2024-08-13,1000000.00,4.194781,100.9375
08:01:15,912810UC0,TSRYS5860825,D,S,D,2024-08-13,1000000.00,4.194781,100.9375
08:01:15,912810UC0,TSRYS5860825,D,S,C,2024-08-13,1000000.00,4.194781,100.9375
08:01:15,912810UC0,TSRYS5860825,D,S,C,2024-08-13,1000000.00,4.194552,100.94140625
08:01:16,912810UC0,TSRYS5860825,D,B,C,2024-08-13,1000000.00,4.194324,100.9453125
08:01:16,912810UC0,TSRYS5860825,D,S,D,2024-08-13,1000000.00,4.194324,100.9453125
08:01:16,912810UC0,TSRYS5860825,D,S,T,2024-08-13,1000000.00,4.198451,100.8748
08:01:16,912810UC0,TSRYS5860825,D,B,A,2024-08-13,1000000.00,4.198451,100.8748
08:01:16,912810UC0,TSRYS5860825,D,S,D,2024-08-13,1000000.00,4.195695,100.921875
08:01:16,912810UC0,TSRYS5860825,D,S,C,2024-08-13,1000000.00,4.195466,100.92578125
08:01:16,912810UC0,TSRYS5860825,D,S,C,2024-08-13,1000000.00,4.195695,100.921875
08:01:16,912810UC0,TSRYS5860825,D,S,D,2024-08-13,1000000.00,4.197982,100.8828125
08:01:16,912810UC0,TSRYS5860825,D,S,D,2024-08-13,1000000.00,4.195924,100.91796875
08:01:16,912810UC0,TSRYS5860825,D,B,C,2024-08-13,1000000.00,4.195238,100.9296875
08:01:16,912810UC0,TSRYS5860825,D,S,D,2024-08-13,1000000.00,4.195238,100.9296875
08:01:16,912810UC0,TSRYS5860825,D,S,D,2024-08-13,250000.00,4.197982,100.8828125
08:01:17,912810UC0,TSRYS5860825,D,S,A,2024-08-13,1000000.00,4.203017,100.796875
08:01:17,912810UC0,TSRYS5860825,D,S,A,2024-08-13,1000000.00,4.203017,100.796875
08:01:17,912810UC0,TSRYS5860825,D,S,A,2024-08-13,1000000.00,4.203017,100.796875
08:01:17,912810UC0,TSRYS5860825,D,S,D,2024-08-13,1000000.00,4.191125,101.0
08:01:17,912810UC0,TSRYS5860825,D,S,T,2024-08-13,1000000.00,4.205766,100.75
08:01:17,912810UC0,TSRYS5860825,D,S,T,2024-08-13,1000000.00,4.20485,100.765625
08:01:17,912810UC0,TSRYS5860825,D,S,T,2024-08-13,1000000.00,4.20485,100.765625
08:01:17,912810UC0,TSRYS5860825,D,S,A,2024-08-13,14000.00,4.215862,100.578125
08:01:17,912810UC0,TSRYS5860825,D,S,T,2024-08-13,1000000.00,4.196623,100.906023
08:01:17,912810UC0,TSRYS5860825,D,B,A,2024-08-13,1000000.00,4.196623,100.906023
08:01:17,912810UC0,TSRYS5860825,D,S,T,2024-08-13,1000000.00,4.20485,100.765625
08:01:17,912810UC0,TSRYS5860825,D,S,C,2024-08-13,1000000.00,4.200957,100.83203125
08:01:18,912810UC0,TSRYS5860825,D,S,T,2024-08-13,1000000.00,4.20485,100.765625
08:01:18,912810UC0,TSRYS5860825,D,S,D,2024-08-13,1000000.00,4.193867,100.953125
08:01:18,912810UC0,TSRYS5860825,D,S,T,2024-08-13,1000000.00,4.207371,100.72265625
08:01:18,912810UC0,TSRYS5860825,D,S,D,2024-08-13,1000000.00,4.193867,100.953125
08:01:18,912810UC0,TSRYS5860825,D,S,T,2024-08-13,1000000.00,4.214032,100.609245
08:01:18,912810UC0,TSRYS5860825,D,S,D,2024-08-13,2000000.00,4.193638,100.95703125
08:01:18,912810UC0,TSRYS5860825,D,S,D,2024-08-13,1000000.00,4.190668,101.0078125
08:01:18,912810UC0,TSRYS5860825,D,S,D,2024-08-13,1000000.00,4.199126,100.86328125
08:01:18,912810UC0,TSRYS5860825,D,S,D,2024-08-13,1000000.00,4.199126,100.86328125
08:01:18,912810UC0,TSRYS5860825,D,S,T,2024-08-13,1000000.00,4.196381,100.91015625
08:01:18,912810UC0,TSRYS5860825,D,S,T,2024-08-13,1000000.00,4.193867,100.953125
08:01:18,912810UC0,TSRYS5860825,D,S,T,2024-08-13,1000000.00,4.193867,100.953125
08:01:18,912810UC0,TSRYS5860825,D,S,T,2024-08-13,1000000.00,4.193867,100.953125
08:01:18,912810UC0,TSRYS5860825,D,S,T,2024-08-13,1000000.00,4.193867,100.953125
08:01:18,912810UC0,TSRYS5860825,D,S,T,2024-08-13,1000000.00,4.193867,100.953125
08:01:18,912810UC0,TSRYS5860825,D,S,T,2024-08-13,1000000.00,4.190897,101.00390625
08:01:18,912810UC0,TSRYS5860825,D,S,T,2024-08-13,1000000.00,4.190668,101.0078125
08:01:18,912810UC0,TSRYS5860825,D,S,T,2024-08-13,1000000.00,4.191125,101.0
08:01:18,912810UC0,TSRYS5860825,D,S,T,2024-08-13,1000000.00,4.199126,100.86328125
08:01:18,912810UC0,TSRYS5860825,D,S,T,2024-08-13,1000000.00,4.199126,100.86328125
08:01:18,912810UC0,TSRYS5860825,D,S,D,2024-08-13,1000000.00,4.19924,100.86132812
08:01:18,912810UC0,TSRYS5860825,D,B,C,2024-08-13,11000000.00,4.20027,100.84375
08:01:18,912810UC0,TSRYS5860825,D,S,A,2024-08-13,2908000.00,4.210352,100.671875
08:01:18,912810UC0,TSRYS5860825,D,B,C,2024-08-13,14700000.00,4.207165,100.7261625
08:01:19,912810UC0,TSRYS5860825,D,S,C,2024-08-13,1000000.00,4.199355,100.859375
08:01:19,912810UC0,TSRYS5860825,D,S,C,2024-08-13,1000000.00,4.199355,100.859375
08:01:19,912810UC0,TSRYS5860825,D,S,T,2024-08-13,1000000.00,4.216787,100.562398
08:01:19,912810UC0,TSRYS5860825,D,S,T,2024-08-13,1000000.00,4.216787,100.562398
08:01:19,912810UC0,TSRYS5860825,D,S,T,2024-08-13,1000000.00,4.216787,100.562398
08:01:19,912810UC0,TSRYS5860825,D,S,T,2024-08-13,3000000.00,4.215868,100.578023
08:01:19,912810UC0,TSRYS5860825,D,S,C,2024-08-13,1000000.00,4.199355,100.859375
08:01:19,912810UC0,TSRYS5860825,D,S,C,2024-08-13,1000000.00,4.199355,100.859375
08:01:19,912810UC0,TSRYS5860825,D,S,T,2024-08-13,1000000.00,4.193875,100.952975
08:01:19,912810UC0,TSRYS5860825,D,S,T,2024-08-13,1000000.00,4.191134,100.99985
08:01:19,912810UC0,TSRYS5860825,D,S,T,2024-08-13,1000000.00,4.191134,100.99985
08:01:19,912810UC0,TSRYS5860825,D,S,T,2024-08-13,1000000.00,4.199363,100.859225
08:01:19,912810UC0,TSRYS5860825,D,S,T,2024-08-13,1000000.00,4.199363,100.859225
08:01:19,912810UC0,TSRYS5860825,D,B,A,2024-08-13,1300000.00,4.195695,100.921875
08:01:19,912810UC0,TSRYS5860825,D,B,A,2024-08-13,100000.00,4.2076,100.71875
08:01:19,912810UC0,TSRYS5860825,D,S,T,2024-08-13,1000000.00,4.200279,100.8436
08:01:19,912810UC0,TSRYS5860825,D,S,T,2024-08-13,1000000.00,4.199363,100.859225
08:01:19,912810UC0,TSRYS5860825,D,S,A,2024-08-13,700000.00,4.205766,100.75
08:01:19,912810UC0,TSRYS5860825,D,B,A,2024-08-13,2000000.00,4.20211,100.812348
08:01:19,912810UC0,TSRYS5860825,D,S,T,2024-08-13,2000000.00,4.20211,100.812348
08:01:19,912810UC0,TSRYS5860825,D,S,T,2024-08-13,1000000.00,4.199363,100.859225
08:01:19,912810UC0,TSRYS5860825,D,S,T,2024-08-13,1000000.00,4.196618,100.9061
08:01:19,912810UC0,TSRYS5860825,D,S,T,2024-08-13,1000000.00,4.199363,100.859225
08:01:19,912810UC0,TSRYS5860825,D,S,A,2024-08-13,2000000.00,4.197067,100.8984375
08:01:19,912810UC0,TSRYS5860825,D,B,C,2024-08-13,2000000.00,4.197067,100.8984375
08:01:19,912810UC0,TSRYS5860825,D,S,C,2024-08-13,9000000.00,4.195729,100.92129
08:01:19,912810UC0,TSRYS5860825,D,S,A,2024-08-13,103000.00,4.194095,100.94921875
08:01:19,912810UC0,TSRYS5860825,D,S,T,2024-08-13,1000000.00,4.210352,100.671875
08:01:19,912810UC0,TSRYS5860825,D,S,D,2024-08-13,103000.00,4.194095,100.94921875
08:01:19,912810UC0,TSRYS5860825,D,B,A,2024-08-13,103000.00,4.194095,100.94921875
08:01:19,912810UC0,TSRYS5860825,D,S,C,2024-08-13,3000000.00,4.203719,100.7849
08:01:20,912810UC0,TSRYS5860825,D,S,T,2024-08-13,1000000.00,4.206683,100.734375
08:01:20,912810UC0,TSRYS5860825,D,S,T,2024-08-13,1000000.00,4.214369,100.603515625
08:01:20,912810UC0,TSRYS5860825,D,S,T,2024-08-13,1000000.00,4.214369,100.603515625
08:01:20,912810UC0,TSRYS5860825,D,S,T,2024-08-13,1000000.00,4.2076,100.71875
08:01:20,912810UC0,TSRYS5860825,D,S,T,2024-08-13,1000000.00,4.207606,100.718648
08:01:20,912810UC0,TSRYS5860825,D,S,T,2024-08-13,1000000.00,4.207606,100.718648
08:01:20,912810UC0,TSRYS5860825,D,S,T,2024-08-13,1000000.00,4.208517,100.703125
08:01:20,912810UC0,TSRYS5860825,D,S,T,2024-08-13,1000000.00,4.208517,100.703125
08:01:20,912810UC0,TSRYS5860825,D,S,T,2024-08-13,1000000.00,4.202101,100.8125
08:01:21,912810UC0,TSRYS5860825,D,S,T,2024-08-13,1000000.00,4.206912,100.73046875
08:01:21,912810UC0,TSRYS5860825,D,S,T,2024-08-13,1000000.00,4.206683,100.734375
08:01:21,912810UC0,TSRYS5860825,D,S,T,2024-08-13,1000000.00,4.206683,100.734375
08:01:21,912810UC0,TSRYS5860825,D,S,T,2024-08-13,1000000.00,4.206683,100.734375
08:01:21,912810UC0,TSRYS5860825,D,S,D,2024-08-13,1000000.00,4.205766,100.75
08:01:21,912810UC0,TSRYS5860825,D,S,D,2024-08-13,1000000.00,4.205766,100.75
08:01:21,912810UC0,TSRYS5860825,D,S,T,2024-08-13,1000000.00,4.205766,100.75
08:01:21,912810UC0,TSRYS5860825,D,B,C,2024-08-13,1000000.00,4.19661,100.90625
08:01:21,912810UC0,TSRYS5860825,D,S,D,2024-08-13,1000000.00,4.19661,100.90625
08:01:21,912810UC0,TSRYS5860825,D,S,D,2024-08-13,1000000.00,4.205766,100.75
08:01:21,912810UC0,TSRYS5860825,D,S,D,2024-08-13,1000000.00,4.205766,100.75
08:01:21,912810UC0,TSRYS5860825,D,S,D,2024-08-13,1000000.00,4.205766,100.75
08:01:21,912810UC0,TSRYS5860825,D,S,T,2024-08-13,1000000.00,4.205766,100.75
08:01:21,912810UC0,TSRYS5860825,D,S,C,2024-08-13,1000000.00,4.194781,100.9375
08:01:21,912810UC0,TSRYS5860825,D,S,T,2024-08-13,1000000.00,4.205766,100.75
08:01:21,912810UC0,TSRYS5860825,D,S,T,2024-08-13,1000000.00,4.207142,100.7265625
08:01:21,912810UC0,TSRYS5860825,D,S,D,2024-08-13,1000000.00,4.206912,100.73046875
08:01:21,912810UC0,TSRYS5860825,D,S,D,2024-08-13,1000000.00,4.206912,100.73046875
08:01:21,912810UC0,TSRYS5860825,D,S,T,2024-08-13,1000000.00,4.206912,100.73046875
08:01:21,912810UC0,TSRYS5860825,D,S,T,2024-08-13,1000000.00,4.206912,100.73046875
08:01:21,912810UC0,TSRYS5860825,D,S,T,2024-08-13,1000000.00,4.207142,100.7265625
08:01:21,912810UC0,TSRYS5860825,D,S,T,2024-08-13,1000000.00,4.207142,100.7265625
08:01:21,912810UC0,TSRYS5860825,D,S,T,2024-08-13,1000000.00,4.207142,100.7265625
08:01:21,912810UC0,TSRYS5860825,D,S,D,2024-08-13,1000000.00,4.206912,100.73046875
08:01:21,912810UC0,TSRYS5860825,D,S,T,2024-08-13,1000000.00,4.206912,100.73046875
08:01:21,912810UC0,TSRYS5860825,D,S,T,2024-08-13,1000000.00,4.206912,100.73046875
08:01:21,912810UC0,TSRYS5860825,D,S,D,2024-08-13,1000000.00,4.208059,100.7109375
08:01:21,912810UC0,TSRYS5860825,D,S,T,2024-08-13,1000000.00,4.208288,100.70703125
08:01:22,912810UC0,TSRYS5860825,D,S,T,2024-08-13,1000000.00,4.202101,100.8125
08:01:22,912810UC0,TSRYS5860825,D,B,A,2024-08-13,2000000.00,4.194781,100.9375
08:01:22,912810UC0,TSRYS5860825,D,S,D,2024-08-13,1000000.00,4.204621,100.76953125
08:01:22,912810UC0,TSRYS5860825,D,S,T,2024-08-13,1000000.00,4.203934,100.78125
08:01:22,912810UC0,TSRYS5860825,D,S,D,2024-08-13,1000000.00,4.208288,100.70703125
08:01:22,912810UC0,TSRYS5860825,D,S,T,2024-08-13,1000000.00,4.208403,100.70507812
08:01:22,912810UC0,TSRYS5860825,D,S,T,2024-08-13,1000000.00,4.208517,100.703125
08:01:22,912810UC0,TSRYS5860825,D,S,T,2024-08-13,1000000.00,4.208517,100.703125
08:01:22,912810UC0,TSRYS5860825,D,S,T,2024-08-13,1000000.00,4.208517,100.703125
08:01:22,912810UC0,TSRYS5860825,D,S,C,2024-08-13,11000000.00,4.207129,100.72678
08:01:22,912810UC0,TSRYS5860825,D,S,T,2024-08-13,1000000.00,4.203934,100.78125
08:01:22,912810UC0,TSRYS5860825,D,S,T,2024-08-13,1000000.00,4.203942,100.7811
08:01:22,912810UC0,TSRYS5860825,D,S,T,2024-08-13,1000000.00,4.203942,100.7811
08:01:22,912810UC0,TSRYS5860825,D,S,T,2024-08-13,1000000.00,4.203934,100.78125
08:01:22,912810UC0,TSRYS5860825,D,S,T,2024-08-13,1000000.00,4.202559,100.8046875
08:01:22,912810UC0,TSRYS5860825,D,S,T,2024-08-13,1000000.00,4.205766,100.75
08:01:22,912810UC0,TSRYS5860825,D,S,T,2024-08-13,1000000.00,4.202559,100.8046875
08:01:22,912810UC0,TSRYS5860825,D,S,D,2024-08-13,1000000.00,4.202559,100.8046875
08:01:22,912810UC0,TSRYS5860825,D,S,T,2024-08-13,1000000.00,4.202559,100.8046875
08:01:22,912810UC0,TSRYS5860825,D,S,D,2024-08-13,1000000.00,4.202559,100.8046875
08:01:22,912810UC0,TSRYS5860825,D,S,T,2024-08-13,1000000.00,4.202559,100.8046875
08:01:22,912810UC0,TSRYS5860825,D,S,T,2024-08-13,1000000.00,4.202559,100.8046875
08:01:22,912810UC0,TSRYS5860825,D,S,T,2024-08-13,1000000.00,4.202559,100.8046875
08:01:22,912810UC0,TSRYS5860825,D,S,T,2024-08-13,1000000.00,4.202559,100.8046875
08:01:22,912810UC0,TSRYS5860825,D,S,T,2024-08-13,1000000.00,4.202559,100.8046875
08:01:22,912810UC0,TSRYS5860825,D,S,D,2024-08-13,1000000.00,4.202559,100.8046875
08:01:22,912810UC0,TSRYS5860825,D,S,T,2024-08-13,1000000.00,4.202559,100.8046875
08:01:22,912810UC0,TSRYS5860825,D,S,T,2024-08-13,1000000.00,4.202559,100.8046875
08:01:22,912810UC0,TSRYS5860825,D,S,T,2024-08-13,1000000.00,4.202559,100.8046875
08:01:22,912810UC0,TSRYS5860825,D,S,T,2024-08-13,1000000.00,4.202559,100.8046875
08:01:23,912810UC0,TSRYS5860825,D,S,T,2024-08-13,1000000.00,4.205079,100.76171875
08:01:24,912810UC0,TSRYS5860825,D,S,A,2024-08-13,500000.00,4.212647,100.6328125
08:01:25,912810UC0,TSRYS5860825,D,S,D,2024-08-13,2000000.00,4.197296,100.89453125
08:01:25,912810UC0,TSRYS5860825,D,S,D,2024-08-13,2000000.00,4.197296,100.89453125
08:01:25,912810UC0,TSRYS5860825,D,S,D,2024-08-13,1000000.00,4.197296,100.89453125
08:01:25,912810UC0,TSRYS5860825,D,S,C,2024-08-13,1000000.00,4.207371,100.72266
08:01:25,912810UC0,TSRYS5860825,D,S,D,2024-08-13,1000000.00,4.207256,100.72460937
08:01:25,912810UC0,TSRYS5860825,D,S,T,2024-08-13,1000000.00,4.206454,100.73828125
08:01:26,912810UC0,TSRYS5860825,D,S,D,2024-08-13,1000000.00,4.205996,100.74609375
08:01:26,912810UC0,TSRYS5860825,D,S,T,2024-08-13,1000000.00,4.208526,100.702975
08:01:26,912810UC0,TSRYS5860825,D,S,D,2024-08-13,1000000.00,4.196381,100.91015625
08:01:26,912810UC0,TSRYS5860825,D,S,T,2024-08-13,1000000.00,4.208526,100.702975
08:01:26,912810UC0,TSRYS5860825,D,S,T,2024-08-13,1000000.00,4.208526,100.702975
08:01:26,912810UC0,TSRYS5860825,D,S,T,2024-08-13,1000000.00,4.208526,100.702975
08:01:26,912810UC0,TSRYS5860825,D,S,T,2024-08-13,1000000.00,4.208526,100.702975
08:01:26,912810UC0,TSRYS5860825,D,S,T,2024-08-13,1000000.00,4.208526,100.702975
08:01:26,912810UC0,TSRYS5860825,D,S,T,2024-08-13,1000000.00,4.208526,100.702975
08:01:26,912810UC0,TSRYS5860825,D,S,D,2024-08-13,1000000.00,4.193067,100.966796875
08:01:26,912810UC0,TSRYS5860825,D,S,D,2024-08-13,1000000.00,4.193867,100.953125
08:01:26,912810UC0,TSRYS5860825,D,S,D,2024-08-13,1000000.00,4.193867,100.953125
08:01:26,912810UC0,TSRYS5860825,D,S,D,2024-08-13,1000000.00,4.193867,100.953125
08:01:26,912810UC0,TSRYS5860825,D,S,T,2024-08-13,1000000.00,4.208526,100.702975
08:01:26,912810UC0,TSRYS5860825,D,S,D,2024-08-13,1000000.00,4.207142,100.7265625
08:01:26,912810UC0,TSRYS5860825,D,S,D,2024-08-13,1000000.00,4.207142,100.7265625
08:01:26,912810UC0,TSRYS5860825,D,S,D,2024-08-13,29000000.00,4.204733,100.76761
08:01:26,912810UC0,TSRYS5860825,D,S,D,2024-08-13,1000000.00,4.193867,100.953125
08:01:26,912810UC0,TSRYS5860825,D,S,D,2024-08-13,1000000.00,4.193867,100.953125
08:01:26,912810UC0,TSRYS5860825,D,S,D,2024-08-13,1000000.00,4.194666,100.939453125
08:01:26,912810UC0,TSRYS5860825,D,S,D,2024-08-13,1000000.00,4.190897,101.00390625
08:01:27,912810UC0,TSRYS5860825,D,S,D,2024-08-13,1000000.00,4.190668,101.0078125
08:01:27,912810UC0,TSRYS5860825,D,S,D,2024-08-13,1000000.00,4.204163,100.77734375
08:01:27,912810UC0,TSRYS5860825,D,S,D,2024-08-13,1000000.00,4.204277,100.77539062
08:01:27,912810UC0,TSRYS5860825,D,S,D,2024-08-13,1000000.00,4.204163,100.77734375
08:01:27,912810UC0,TSRYS5860825,D,S,D,2024-08-13,1000000.00,4.206912,100.73046875
08:01:27,912810UC0,TSRYS5860825,D,S,D,2024-08-13,1000000.00,4.191125,101.0
08:01:27,912810UC0,TSRYS5860825,D,S,D,2024-08-13,1000000.00,4.193867,100.953125
08:01:27,912810UC0,TSRYS5860825,D,B,C,2024-08-13,1000000.00,4.193867,100.953125
08:01:27,912810UC0,TSRYS5860825,D,S,C,2024-08-13,1000000.00,4.195809,100.91992187
