tradeTime,cusip,issueSymbolIdentifier,priceType,reportingSideCode,contraPartyTypeCode,tradeDate,reportedTradeVolume,lastSaleYield,lastSalePrice
08:00:02,912810UC0,TSRYS5860825,D,S,T,2024-10-17,1000000.00,4.313819,98.9296875
08:00:02,912810UC0,TSRYS5860825,D,S,T,2024-10-17,1000000.00,4.312405,98.953125
08:00:02,912810UC0,TSRYS5860825,D,B,C,2024-10-17,1000000.00,4.315824,98.896484375
08:00:02,912810UC0,TSRYS5860825,D,B,C,2024-10-17,1000000.00,4.314527,98.91796875
08:00:02,912810UC0,TSRYS5860825,D,S,T,2024-10-17,1000000.00,4.313701,98.931640625
08:00:02,912810UC0,TSRYS5860825,D,S,T,2024-10-17,1000000.00,4.311933,98.9609375
08:00:02,912810UC0,TSRYS5860825,D,S,D,2024-10-17,1000000.00,4.311933,98.9609375
08:00:02,912810UC0,TSRYS5860825,D,S,T,2024-10-17,1000000.00,4.309577,99.0
08:00:02,912810UC0,TSRYS5860825,D,S,D,2024-10-17,1000000.00,4.310048,98.9921875
08:00:02,912810UC0,TSRYS5860825,D,B,C,2024-10-17,1000000.00,4.31099,98.9765625
08:00:02,912810UC0,TSRYS5860825,D,B,C,2024-10-17,1000000.00,4.31099,98.9765625
08:00:02,912810UC0,TSRYS5860825,D,S,D,2024-10-17,1000000.00,4.317122,98.875
08:00:02,912810UC0,TSRYS5860825,D,S,D,2024-10-17,1000000.00,4.317122,98.875
08:00:02,912810UC0,TSRYS5860825,D,S,T,2024-10-17,1000000.00,4.317948,98.861328125
08:00:02,912810UC0,TSRYS5860825,D,S,T,2024-10-17,1000000.00,4.31783,98.86328125
08:00:02,912810UC0,TSRYS5860825,D,S,T,2024-10-17,1000000.00,4.31783,98.86328125
08:00:02,912810UC0,TSRYS5860825,D,S,D,2024-10-17,1000000.00,4.31783,98.86328125
08:00:02,912810UC0,TSRYS5860825,D,S,D,2024-10-17,1000000.00,4.31783,98.86328125
08:00:02,912810UC0,TSRYS5860825,D,S,T,2024-10-17,1000000.00,4.317948,98.861328125
08:00:02,912810UC0,TSRYS5860825,D,S,T,2024-10-17,1000000.00,4.317948,98.861328125
08:00:02,912810UC0,TSRYS5860825,D,S,D,2024-10-17,1000000.00,4.31783,98.86328125
08:00:02,912810UC0,TSRYS5860825,D,S,T,2024-10-17,1000000.00,4.314527,98.91796875
08:00:02,912810UC0,TSRYS5860825,D,S,T,2024-10-17,1000000.00,4.314527,98.91796875
08:00:02,912810UC0,TSRYS5860825,D,S,T,2024-10-17,1000000.00,4.314527,98.91796875
08:00:02,912810UC0,TSRYS5860825,D,S,T,2024-10-17,1000000.00,4.31724,98.873046875
08:00:02,912810UC0,TSRYS5860825,D,S,T,2024-10-17,1000000.00,4.317476,98.869140625
08:00:02,912810UC0,TSRYS5860825,D,S,T,2024-10-17,1000000.00,4.316886,98.87890625
08:00:02,912810UC0,TSRYS5860825,D,S,T,2024-10-17,1000000.00,4.316886,98.87890625
08:00:02,912810UC0,TSRYS5860825,D,S,T,2024-10-17,1000000.00,4.325153,98.7421875
08:00:02,912810UC0,TSRYS5860825,D,B,C,2024-10-17,1000000.00,4.326217,98.724609375
08:00:02,912810UC0,TSRYS5860825,D,B,C,2024-10-17,1000000.00,4.3274,98.705078125
08:00:03,912810UC0,TSRYS5860825,D,S,T,2024-10-17,1000000.00,4.32669,98.716796875
08:00:03,912810UC0,TSRYS5860825,D,S,T,2024-10-17,1000000.00,4.32669,98.716796875
08:00:03,912810UC0,TSRYS5860825,D,S,T,2024-10-17,1000000.00,4.32669,98.716796875
08:00:03,912810UC0,TSRYS5860825,D,S,T,2024-10-17,1000000.00,4.326099,98.7265625
08:00:03,912810UC0,TSRYS5860825,D,S,T,2024-10-17,1000000.00,4.326099,98.7265625
08:00:03,912810UC0,TSRYS5860825,D,S,T,2024-10-17,1000000.00,4.326099,98.7265625
08:00:03,912810UC0,TSRYS5860825,D,B,C,2024-10-17,1000000.00,4.323144,98.775390625
08:00:03,912810UC0,TSRYS5860825,D,S,D,2024-10-17,1000000.00,4.319482,98.8359375
08:00:03,912810UC0,TSRYS5860825,D,S,D,2024-10-17,1000000.00,4.314998,98.91015625
08:00:03,912810UC0,TSRYS5860825,D,B,C,2024-10-17,1000000.00,4.319364,98.837890625
08:00:03,912810UC0,TSRYS5860825,D,S,C,2024-10-17,1000000.00,4.31724,98.873046875
08:00:03,912810UC0,TSRYS5860825,D,S,C,2024-10-17,1000000.00,4.317476,98.869140625
08:00:03,912810UC0,TSRYS5860825,D,S,C,2024-10-17,1000000.00,4.317476,98.869140625
08:00:03,912810UC0,TSRYS5860825,D,S,D,2024-10-17,2000.00,4.319458,98.8363375
08:00:04,912810UC0,TSRYS5860825,D,S,A,2024-10-17,2000.00,4.319458,99.0863375
08:00:05,912810UC0,TSRYS5860825,D,S,T,2024-10-17,1000000.00,4.315234,98.90625
08:00:05,912810UC0,TSRYS5860825,D,S,T,2024-10-17,1000000.00,4.314291,98.921875
08:00:05,912810UC0,TSRYS5860825,D,S,T,2024-10-17,1000000.00,4.326572,98.71875
08:00:05,912810UC0,TSRYS5860825,D,S,T,2024-10-17,1000000.00,4.318066,98.859375
08:00:05,912810UC0,TSRYS5860825,D,S,T,2024-10-17,1000000.00,4.316178,98.890625
08:00:07,912810UC0,TSRYS5860825,D,S,D,2024-10-17,17000000.00,4.319954,98.828125
08:00:08,912810UC0,TSRYS5860825,D,S,D,2024-10-17,17000000.00,4.326572,98.71875
08:00:08,912810UC0,TSRYS5860825,D,S,D,2024-10-17,1000000.00,4.321962,98.794921875
08:00:08,912810UC0,TSRYS5860825,D,S,D,2024-10-17,1000000.00,4.321253,98.806640625
08:00:08,912810UC0,TSRYS5860825,D,S,D,2024-10-17,1000000.00,4.321253,98.806640625
08:00:08,912810UC0,TSRYS5860825,D,S,D,2024-10-17,1000000.00,4.321135,98.80859375
08:00:08,912810UC0,TSRYS5860825,D,S,D,2024-10-17,1000000.00,4.321372,98.8046875
08:00:08,912810UC0,TSRYS5860825,D,S,D,2024-10-17,1000000.00,4.321253,98.806640625
08:00:08,912810UC0,TSRYS5860825,D,S,D,2024-10-17,1000000.00,4.320545,98.818359375
08:00:10,912810UC0,TSRYS5860825,D,S,D,2024-10-17,3000000.00,4.310284,98.98828125
08:00:10,912810UC0,TSRYS5860825,D,B,A,2024-10-17,5000000.00,4.313348,98.9375
08:00:10,912810UC0,TSRYS5860825,D,S,D,2024-10-17,1000000.00,4.311933,98.9609375
08:00:10,912810UC0,TSRYS5860825,D,S,D,2024-10-17,1000000.00,4.311933,98.9609375
08:00:10,912810UC0,TSRYS5860825,D,S,T,2024-10-17,1000000.00,4.311697,98.96484375
08:00:10,912810UC0,TSRYS5860825,D,S,T,2024-10-17,1000000.00,4.311462,98.96875
08:00:10,912810UC0,TSRYS5860825,D,S,T,2024-10-17,2000000.00,4.312405,98.953125
08:00:10,912810UC0,TSRYS5860825,D,S,T,2024-10-17,1000000.00,4.312405,98.953125
08:00:10,912810UC0,TSRYS5860825,D,S,T,2024-10-17,1000000.00,4.312405,98.953125
08:00:10,912810UC0,TSRYS5860825,D,S,D,2024-10-17,1000000.00,4.314998,98.91015625
08:00:10,912810UC0,TSRYS5860825,D,S,D,2024-10-17,4000000.00,4.314762,98.9140625
08:00:10,912810UC0,TSRYS5860825,D,S,D,2024-10-17,1000000.00,4.314762,98.9140625
08:00:10,912810UC0,TSRYS5860825,D,S,D,2024-10-17,4000000.00,4.314762,98.9140625
08:00:10,912810UC0,TSRYS5860825,D,S,D,2024-10-17,1000000.00,4.314527,98.91796875
08:00:10,912810UC0,TSRYS5860825,D,S,A,2024-10-17,5000000.00,4.314762,98.9140625
08:00:10,912810UC0,TSRYS5860825,D,S,D,2024-10-17,7000000.00,4.310136,98.990722656
08:00:10,912810UC0,TSRYS5860825,D,S,D,2024-10-17,6000000.00,4.310072,98.9917875
08:00:10,912810UC0,TSRYS5860825,D,B,C,2024-10-17,6000000.00,4.310072,98.9917875
08:00:10,912810UC0,TSRYS5860825,D,S,D,2024-10-17,1000000.00,4.317122,98.875
08:00:10,912810UC0,TSRYS5860825,D,S,D,2024-10-17,1000000.00,4.317122,98.875
08:00:10,912810UC0,TSRYS5860825,D,S,D,2024-10-17,1000000.00,4.317122,98.875
08:00:10,912810UC0,TSRYS5860825,D,S,D,2024-10-17,3000000.00,4.315588,98.900390625
08:00:10,912810UC0,TSRYS5860825,D,S,D,2024-10-17,12000000.00,4.314703,98.915039062
08:00:10,912810UC0,TSRYS5860825,D,S,C,2024-10-17,1000000.00,4.31264,98.94921875
08:00:10,912810UC0,TSRYS5860825,D,S,D,2024-10-17,24000000.00,4.314998,98.91015625
08:00:10,912810UC0,TSRYS5860825,D,S,D,2024-10-17,1000000.00,4.318821,98.846875
08:00:10,912810UC0,TSRYS5860825,D,S,D,2024-10-17,1000000.00,4.311697,98.96484375
08:00:10,912810UC0,TSRYS5860825,D,S,D,2024-10-17,1000000.00,4.311697,98.96484375
08:00:10,912810UC0,TSRYS5860825,D,S,T,2024-10-17,1000000.00,4.311462,98.96875
08:00:10,912810UC0,TSRYS5860825,D,S,T,2024-10-17,1000000.00,4.310519,98.984375
08:00:10,912810UC0,TSRYS5860825,D,S,T,2024-10-17,1000000.00,4.310284,98.98828125
08:00:10,912810UC0,TSRYS5860825,D,S,D,2024-10-17,1000000.00,4.310284,98.98828125
08:00:10,912810UC0,TSRYS5860825,D,S,D,2024-10-17,1000000.00,4.31264,98.94921875
08:00:10,912810UC0,TSRYS5860825,D,S,T,2024-10-17,1000000.00,4.310519,98.984375
08:00:10,912810UC0,TSRYS5860825,D,S,T,2024-10-17,4000000.00,4.312405,98.953125
08:00:10,912810UC0,TSRYS5860825,D,S,D,2024-10-17,1000000.00,4.310519,98.984375
08:00:10,912810UC0,TSRYS5860825,D,S,D,2024-10-17,1000000.00,4.318302,98.85546875
08:00:10,912810UC0,TSRYS5860825,D,S,T,2024-10-17,1000000.00,4.317122,98.875
08:00:10,912810UC0,TSRYS5860825,D,S,T,2024-10-17,1000000.00,4.317122,98.875
08:00:10,912810UC0,TSRYS5860825,D,S,T,2024-10-17,1000000.00,4.317122,98.875
08:00:10,912810UC0,TSRYS5860825,D,S,T,2024-10-17,1000000.00,4.317122,98.875
08:00:10,912810UC0,TSRYS5860825,D,B,A,2024-10-17,10000000.00,4.314762,98.9140625
08:00:10,912810UC0,TSRYS5860825,D,S,T,2024-10-17,5000000.00,4.314762,98.9140625
08:00:10,912810UC0,TSRYS5860825,D,S,T,2024-10-17,5000000.00,4.314291,98.921875
08:00:10,912810UC0,TSRYS5860825,D,S,D,2024-10-17,1000000.00,4.318066,98.859375
08:00:10,912810UC0,TSRYS5860825,D,S,D,2024-10-17,1000000.00,4.322198,98.791015625
08:00:10,912810UC0,TSRYS5860825,D,S,A,2024-10-17,1000000.00,4.314998,98.91015625
08:00:10,912810UC0,TSRYS5860825,D,S,T,2024-10-17,1000000.00,4.315234,98.90625
08:00:10,912810UC0,TSRYS5860825,D,S,T,2024-10-17,1000000.00,4.315234,98.90625
08:00:10,912810UC0,TSRYS5860825,D,S,T,2024-10-17,1000000.00,4.314291,98.921875
08:00:10,912810UC0,TSRYS5860825,D,S,T,2024-10-17,1000000.00,4.313583,98.93359375
08:00:10,912810UC0,TSRYS5860825,D,S,T,2024-10-17,1000000.00,4.314291,98.921875
08:00:10,912810UC0,TSRYS5860825,D,S,T,2024-10-17,1000000.00,4.312405,98.953125
08:00:10,912810UC0,TSRYS5860825,D,S,T,2024-10-17,1000000.00,4.311462,98.96875
08:00:10,912810UC0,TSRYS5860825,D,S,T,2024-10-17,1000000.00,4.311462,98.96875
08:00:10,912810UC0,TSRYS5860825,D,S,T,2024-10-17,1000000.00,4.312405,98.953125
08:00:10,912810UC0,TSRYS5860825,D,S,D,2024-10-17,1000000.00,4.31264,98.94921875
08:00:10,912810UC0,TSRYS5860825,D,S,T,2024-10-17,1000000.00,4.314291,98.921875
08:00:10,912810UC0,TSRYS5860825,D,S,T,2024-10-17,1000000.00,4.314291,98.921875
08:00:10,912810UC0,TSRYS5860825,D,S,T,2024-10-17,1000000.00,4.313348,98.9375
08:00:10,912810UC0,TSRYS5860825,D,S,D,2024-10-17,3000000.00,4.317358,98.87109375
08:00:10,912810UC0,TSRYS5860825,D,B,C,2024-10-17,3000000.00,4.317358,98.87109375
08:00:10,912810UC0,TSRYS5860825,D,B,C,2024-10-17,30200000.00,4.311462,98.96875
08:00:10,912810UC0,TSRYS5860825,D,S,D,2024-10-17,30200000.00,4.311462,98.96875
08:00:10,912810UC0,TSRYS5860825,D,S,T,2024-10-17,1000000.00,4.314291,98.921875
08:00:10,912810UC0,TSRYS5860825,D,S,D,2024-10-17,1000000.00,4.314762,98.9140625
08:00:10,912810UC0,TSRYS5860825,D,S,T,2024-10-17,1000000.00,4.315234,98.90625
08:00:10,912810UC0,TSRYS5860825,D,S,T,2024-10-17,1000000.00,4.314291,98.921875
08:00:10,912810UC0,TSRYS5860825,D,S,T,2024-10-17,1000000.00,4.314291,98.921875
08:00:10,912810UC0,TSRYS5860825,D,S,T,2024-10-17,7000000.00,4.314291,98.921875
08:00:10,912810UC0,TSRYS5860825,D,S,D,2024-10-17,1000000.00,4.314762,98.9140625
08:00:10,912810UC0,TSRYS5860825,D,S,T,2024-10-17,2000000.00,4.315234,98.90625
08:00:10,912810UC0,TSRYS5860825,D,S,A,2024-10-17,7350000.00,4.314527,98.91796875
08:00:10,912810UC0,TSRYS5860825,D,S,T,2024-10-17,1000000.00,4.314291,98.921875
08:00:10,912810UC0,TSRYS5860825,D,S,T,2024-10-17,1000000.00,4.315234,98.90625
08:00:10,912810UC0,TSRYS5860825,D,S,T,2024-10-17,1000000.00,4.315234,98.90625
08:00:10,912810UC0,TSRYS5860825,D,S,A,2024-10-17,6050000.00,4.31639,98.88711875
08:00:10,912810UC0,TSRYS5860825,D,S,A,2024-10-17,500000.00,4.313795,98.9300875
08:00:10,912810UC0,TSRYS5860825,D,B,C,2024-10-17,50MM+,4.317358,98.87109375
08:00:10,912810UC0,TSRYS5860825,D,S,D,2024-10-17,50MM+,4.317358,98.87109375
08:00:10,912810UC0,TSRYS5860825,D,S,D,2024-10-17,15500000.00,4.31783,98.86328125
08:00:10,912810UC0,TSRYS5860825,D,B,C,2024-10-17,15500000.00,4.31783,98.86328125
08:00:10,912810UC0,TSRYS5860825,D,S,T,2024-10-17,1000000.00,4.316178,98.890625
08:00:10,912810UC0,TSRYS5860825,D,S,T,2024-10-17,1000000.00,4.316178,98.890625
08:00:10,912810UC0,TSRYS5860825,D,S,T,2024-10-17,1000000.00,4.316178,98.890625
08:00:10,912810UC0,TSRYS5860825,D,S,T,2024-10-17,1000000.00,4.31547,98.90234375
08:00:10,912810UC0,TSRYS5860825,D,S,T,2024-10-17,1000000.00,4.315706,98.8984375
08:00:10,912810UC0,TSRYS5860825,D,S,T,2024-10-17,1000000.00,4.315824,98.896484375
08:00:10,912810UC0,TSRYS5860825,D,S,T,2024-10-17,1000000.00,4.315942,98.89453125
08:00:10,912810UC0,TSRYS5860825,D,S,T,2024-10-17,1000000.00,4.31606,98.892578125
08:00:10,912810UC0,TSRYS5860825,D,S,T,2024-10-17,1000000.00,4.316178,98.890625
08:00:10,912810UC0,TSRYS5860825,D,S,T,2024-10-17,1000000.00,4.316178,98.890625
08:00:10,912810UC0,TSRYS5860825,D,S,T,2024-10-17,3000000.00,4.316178,98.890625
08:00:10,912810UC0,TSRYS5860825,D,S,T,2024-10-17,1000000.00,4.316178,98.890625
08:00:10,912810UC0,TSRYS5860825,D,S,T,2024-10-17,1000000.00,4.316178,98.890625
08:00:10,912810UC0,TSRYS5860825,D,S,T,2024-10-17,1000000.00,4.316178,98.890625
08:00:10,912810UC0,TSRYS5860825,D,S,D,2024-10-17,1000000.00,4.317122,98.875
08:00:10,912810UC0,TSRYS5860825,D,S,T,2024-10-17,1000000.00,4.317122,98.875
08:00:10,912810UC0,TSRYS5860825,D,S,T,2024-10-17,1000000.00,4.316178,98.890625
08:00:10,912810UC0,TSRYS5860825,D,S,T,2024-10-17,1000000.00,4.317122,98.875
08:00:10,912810UC0,TSRYS5860825,D,S,T,2024-10-17,1000000.00,4.316178,98.890625
08:00:10,912810UC0,TSRYS5860825,D,S,T,2024-10-17,1000000.00,4.316178,98.890625
08:00:10,912810UC0,TSRYS5860825,D,S,T,2024-10-17,2000000.00,4.316178,98.890625
08:00:10,912810UC0,TSRYS5860825,D,S,T,2024-10-17,1000000.00,4.316178,98.890625
08:00:10,912810UC0,TSRYS5860825,D,S,T,2024-10-17,1000000.00,4.316178,98.890625
08:00:10,912810UC0,TSRYS5860825,D,S,T,2024-10-17,1000000.00,4.316178,98.890625
08:00:10,912810UC0,TSRYS5860825,D,S,T,2024-10-17,1000000.00,4.316178,98.890625
08:00:10,912810UC0,TSRYS5860825,D,S,T,2024-10-17,1000000.00,4.316178,98.890625
08:00:10,912810UC0,TSRYS5860825,D,S,T,2024-10-17,1000000.00,4.317122,98.875
08:00:10,912810UC0,TSRYS5860825,D,S,T,2024-10-17,1000000.00,4.317122,98.875
08:00:10,912810UC0,TSRYS5860825,D,S,T,2024-10-17,1000000.00,4.317122,98.875
08:00:10,912810UC0,TSRYS5860825,D,S,T,2024-10-17,1000000.00,4.317122,98.875
08:00:10,912810UC0,TSRYS5860825,D,S,T,2024-10-17,1000000.00,4.317122,98.875
08:00:10,912810UC0,TSRYS5860825,D,S,T,2024-10-17,2000000.00,4.317122,98.875
08:00:10,912810UC0,TSRYS5860825,D,S,T,2024-10-17,1000000.00,4.317122,98.875
08:00:10,912810UC0,TSRYS5860825,D,S,T,2024-10-17,1000000.00,4.317122,98.875
08:00:10,912810UC0,TSRYS5860825,D,S,T,2024-10-17,1000000.00,4.317122,98.875
08:00:10,912810UC0,TSRYS5860825,D,S,T,2024-10-17,1000000.00,4.31783,98.86328125
08:00:10,912810UC0,TSRYS5860825,D,S,T,2024-10-17,1000000.00,4.318066,98.859375
08:00:10,912810UC0,TSRYS5860825,D,S,T,2024-10-17,1000000.00,4.318066,98.859375
08:00:10,912810UC0,TSRYS5860825,D,S,T,2024-10-17,1000000.00,4.318066,98.859375
08:00:10,912810UC0,TSRYS5860825,D,S,T,2024-10-17,1000000.00,4.318066,98.859375
08:00:10,912810UC0,TSRYS5860825,D,S,T,2024-10-17,1000000.00,4.318066,98.859375
08:00:10,912810UC0,TSRYS5860825,D,S,T,2024-10-17,1000000.00,4.318066,98.859375
08:00:10,912810UC0,TSRYS5860825,D,S,T,2024-10-17,1000000.00,4.318066,98.859375
08:00:10,912810UC0,TSRYS5860825,D,S,T,2024-10-17,1000000.00,4.318066,98.859375
08:00:10,912810UC0,TSRYS5860825,D,S,T,2024-10-17,1000000.00,4.318066,98.859375
08:00:10,912810UC0,TSRYS5860825,D,S,T,2024-10-17,2000000.00,4.317122,98.875
08:00:10,912810UC0,TSRYS5860825,D,S,T,2024-10-17,1000000.00,4.317122,98.875
08:00:10,912810UC0,TSRYS5860825,D,S,T,2024-10-17,1000000.00,4.317122,98.875
08:00:10,912810UC0,TSRYS5860825,D,S,T,2024-10-17,1000000.00,4.317122,98.875
08:00:10,912810UC0,TSRYS5860825,D,S,T,2024-10-17,1000000.00,4.317122,98.875
08:00:10,912810UC0,TSRYS5860825,D,S,T,2024-10-17,1000000.00,4.317122,98.875
08:00:10,912810UC0,TSRYS5860825,D,S,T,2024-10-17,1000000.00,4.317122,98.875
08:00:10,912810UC0,TSRYS5860825,D,S,T,2024-10-17,7000000.00,4.317122,98.875
08:00:10,912810UC0,TSRYS5860825,D,S,T,2024-10-17,2000000.00,4.317122,98.875
08:00:10,912810UC0,TSRYS5860825,D,S,T,2024-10-17,1000000.00,4.316178,98.890625
08:00:10,912810UC0,TSRYS5860825,D,S,T,2024-10-17,1000000.00,4.316178,98.890625
08:00:10,912810UC0,TSRYS5860825,D,S,T,2024-10-17,4000000.00,4.316178,98.890625
08:00:10,912810UC0,TSRYS5860825,D,S,T,2024-10-17,2000000.00,4.316178,98.890625
08:00:10,912810UC0,TSRYS5860825,D,S,T,2024-10-17,2000000.00,4.316178,98.890625
08:00:10,912810UC0,TSRYS5860825,D,S,A,2024-10-17,500000.00,4.317594,98.8671875
08:00:10,912810UC0,TSRYS5860825,D,B,A,2024-10-17,50MM+,4.318755,98.848032
08:00:10,912810UC0,TSRYS5860825,D,S,T,2024-10-17,1000000.00,4.319954,98.828125
08:00:10,912810UC0,TSRYS5860825,D,S,T,2024-10-17,4000000.00,4.319954,98.828125
08:00:10,912810UC0,TSRYS5860825,D,S,T,2024-10-17,1000000.00,4.319954,98.828125
08:00:10,912810UC0,TSRYS5860825,D,S,T,2024-10-17,1000000.00,4.319954,98.828125
08:00:10,912810UC0,TSRYS5860825,D,S,T,2024-10-17,1000000.00,4.319954,98.828125
08:00:10,912810UC0,TSRYS5860825,D,S,T,2024-10-17,1000000.00,4.319954,98.828125
08:00:10,912810UC0,TSRYS5860825,D,S,T,2024-10-17,1000000.00,4.319954,98.828125
08:00:10,912810UC0,TSRYS5860825,D,S,D,2024-10-17,30000000.00,4.323049,98.77696
08:00:10,912810UC0,TSRYS5860825,D,S,T,2024-10-17,1000000.00,4.325626,98.734375
08:00:10,912810UC0,TSRYS5860825,D,S,D,2024-10-17,19000000.00,4.327379,98.70541
08:00:10,912810UC0,TSRYS5860825,D,S,A,2024-10-17,10000000.00,4.327754,98.69921875
08:00:10,912810UC0,TSRYS5860825,D,B,A,2024-10-17,5000000.00,4.325153,98.7421875
08:00:10,912810UC0,TSRYS5860825,D,S,T,2024-10-17,1000000.00,4.323734,98.765625
08:00:10,912810UC0,TSRYS5860825,D,S,D,2024-10-17,4000000.00,4.325743,98.73243
08:00:10,912810UC0,TSRYS5860825,D,S,T,2024-10-17,2000000.00,4.323734,98.765625
08:00:10,912810UC0,TSRYS5860825,D,S,T,2024-10-17,2000000.00,4.323734,98.765625
08:00:10,912810UC0,TSRYS5860825,D,S,D,2024-10-17,4000000.00,4.323498,98.76953125
08:00:10,912810UC0,TSRYS5860825,D,S,T,2024-10-17,1000000.00,4.322789,98.78125
08:00:10,912810UC0,TSRYS5860825,D,B,A,2024-10-17,5000000.00,4.323025,98.77734375
08:00:10,912810UC0,TSRYS5860825,D,S,T,2024-10-17,1000000.00,4.322198,98.791015625
08:00:10,912810UC0,TSRYS5860825,D,S,T,2024-10-17,2000000.00,4.319718,98.83203125
08:00:10,912810UC0,TSRYS5860825,D,S,D,2024-10-17,1000000.00,4.320191,98.82421875
08:00:10,912810UC0,TSRYS5860825,D,S,T,2024-10-17,1000000.00,4.318302,98.85546875
08:00:10,912810UC0,TSRYS5860825,D,S,T,2024-10-17,1000000.00,4.318302,98.85546875
08:00:10,912810UC0,TSRYS5860825,D,S,D,2024-10-17,8000000.00,4.318658,98.84958
08:00:10,912810UC0,TSRYS5860825,D,S,A,2024-10-17,10000000.00,4.318302,98.85546875
08:00:10,912810UC0,TSRYS5860825,D,S,D,2024-10-17,3000000.00,4.318774,98.84765625
08:00:10,912810UC0,TSRYS5860825,D,S,D,2024-10-17,1000000.00,4.318066,98.859375
08:00:10,912810UC0,TSRYS5860825,D,S,A,2024-10-17,5000000.00,4.318066,98.859375
08:00:10,912810UC0,TSRYS5860825,D,S,D,2024-10-17,14000000.00,4.324679,98.75001
08:00:11,912810UC0,TSRYS5860825,D,S,D,2024-10-17,980000.00,4.311697,98.96484375
08:00:11,912810UC0,TSRYS5860825,D,S,C,2024-10-17,15000000.00,4.316374,98.88737
08:00:11,912810UC0,TSRYS5860825,D,S,D,2024-10-17,30200000.00,4.311462,98.96875
08:00:11,912810UC0,TSRYS5860825,D,S,T,2024-10-17,1000000.00,4.316414,98.88671875
08:00:11,912810UC0,TSRYS5860825,D,S,T,2024-10-17,1000000.00,4.316532,98.884765625
08:00:11,912810UC0,TSRYS5860825,D,S,T,2024-10-17,1000000.00,4.316532,98.884765625
08:00:11,912810UC0,TSRYS5860825,D,S,T,2024-10-17,1000000.00,4.31665,98.8828125
08:00:11,912810UC0,TSRYS5860825,D,S,T,2024-10-17,1000000.00,4.31665,98.8828125
08:00:11,912810UC0,TSRYS5860825,D,S,T,2024-10-17,3000000.00,4.317594,98.8671875
08:00:11,912810UC0,TSRYS5860825,D,S,T,2024-10-17,1000000.00,4.317594,98.8671875
08:00:11,912810UC0,TSRYS5860825,D,S,T,2024-10-17,1000000.00,4.317594,98.8671875
08:00:11,912810UC0,TSRYS5860825,D,S,T,2024-10-17,5000000.00,4.317594,98.8671875
08:00:11,912810UC0,TSRYS5860825,D,S,D,2024-10-17,50MM+,4.317358,98.87109375
08:00:11,912810UC0,TSRYS5860825,D,S,T,2024-10-17,1000000.00,4.316178,98.890625
08:00:11,912810UC0,TSRYS5860825,D,S,T,2024-10-17,1000000.00,4.316178,98.890625
08:00:11,912810UC0,TSRYS5860825,D,S,T,2024-10-17,2000000.00,4.316178,98.890625
08:00:11,912810UC0,TSRYS5860825,D,S,T,2024-10-17,1000000.00,4.316178,98.890625
08:00:11,912810UC0,TSRYS5860825,D,S,D,2024-10-17,1000000.00,4.318066,98.859375
08:00:11,912810UC0,TSRYS5860825,D,S,T,2024-10-17,1000000.00,4.316768,98.880859375
08:00:11,912810UC0,TSRYS5860825,D,S,T,2024-10-17,1000000.00,4.31724,98.873046875
08:00:11,912810UC0,TSRYS5860825,D,S,D,2024-10-17,1000000.00,4.31783,98.86328125
08:00:11,912810UC0,TSRYS5860825,D,S,T,2024-10-17,1000000.00,4.31901,98.84375
08:00:11,912810UC0,TSRYS5860825,D,S,T,2024-10-17,1000000.00,4.317948,98.861328125
08:00:11,912810UC0,TSRYS5860825,D,S,D,2024-10-17,1000000.00,4.31901,98.84375
08:00:12,912810UC0,TSRYS5860825,D,S,D,2024-10-17,1000000.00,4.320309,98.822265625
08:00:12,912810UC0,TSRYS5860825,D,S,D,2024-10-17,1000000.00,4.320427,98.8203125
08:00:12,912810UC0,TSRYS5860825,D,S,D,2024-10-17,1000000.00,4.320191,98.82421875
08:00:12,912810UC0,TSRYS5860825,D,S,D,2024-10-17,1000000.00,4.320309,98.822265625
08:00:12,912810UC0,TSRYS5860825,D,S,D,2024-10-17,1000000.00,4.320191,98.82421875
08:00:12,912810UC0,TSRYS5860825,D,S,D,2024-10-17,1000000.00,4.320309,98.822265625
08:00:12,912810UC0,TSRYS5860825,D,S,D,2024-10-17,1000000.00,4.318656,98.849609375
08:00:12,912810UC0,TSRYS5860825,D,S,D,2024-10-17,1000000.00,4.317594,98.8671875
08:00:12,912810UC0,TSRYS5860825,D,S,D,2024-10-17,1000000.00,4.31783,98.86328125
08:00:12,912810UC0,TSRYS5860825,D,S,D,2024-10-17,1000000.00,4.317712,98.865234375
08:00:12,912810UC0,TSRYS5860825,D,S,D,2024-10-17,1000000.00,4.317122,98.875
08:00:12,912810UC0,TSRYS5860825,D,S,D,2024-10-17,28000000.00,4.31901,98.84375
08:00:14,912810UC0,TSRYS5860825,D,S,T,2024-10-17,1000000.00,4.304633,99.08203125
08:00:14,912810UC0,TSRYS5860825,D,S,T,2024-10-17,1000000.00,4.312405,98.953125
08:00:14,912810UC0,TSRYS5860825,D,S,T,2024-10-17,1000000.00,4.312405,98.953125
08:00:14,912810UC0,TSRYS5860825,D,S,D,2024-10-17,1000000.00,4.311933,98.9609375
08:00:14,912810UC0,TSRYS5860825,D,S,T,2024-10-17,1000000.00,4.309577,99.0
08:00:14,912810UC0,TSRYS5860825,D,S,T,2024-10-17,1000000.00,4.314762,98.9140625
08:00:14,912810UC0,TSRYS5860825,D,S,T,2024-10-17,1000000.00,4.314291,98.921875
08:00:14,912810UC0,TSRYS5860825,D,S,T,2024-10-17,1000000.00,4.314762,98.9140625
08:00:14,912810UC0,TSRYS5860825,D,S,T,2024-10-17,1000000.00,4.318066,98.859375
08:00:14,912810UC0,TSRYS5860825,D,S,T,2024-10-17,1000000.00,4.317476,98.869140625
08:00:14,912810UC0,TSRYS5860825,D,S,T,2024-10-17,1000000.00,4.314291,98.921875
08:00:14,912810UC0,TSRYS5860825,D,S,T,2024-10-17,1000000.00,4.315234,98.90625
08:00:14,912810UC0,TSRYS5860825,D,S,T,2024-10-17,1000000.00,4.314291,98.921875
08:00:14,912810UC0,TSRYS5860825,D,S,T,2024-10-17,1000000.00,4.317358,98.87109375
08:00:14,912810UC0,TSRYS5860825,D,S,T,2024-10-17,1000000.00,4.317122,98.875
08:00:15,912810UC0,TSRYS5860825,D,S,T,2024-10-17,1000000.00,4.3196,98.833984375
08:00:15,912810UC0,TSRYS5860825,D,S,T,2024-10-17,1000000.00,4.317122,98.875
08:00:15,912810UC0,TSRYS5860825,D,S,T,2024-10-17,1000000.00,4.312758,98.947265625
08:00:15,912810UC0,TSRYS5860825,D,S,D,2024-10-17,1000000.00,4.314762,98.9140625
08:00:15,912810UC0,TSRYS5860825,D,S,T,2024-10-17,1000000.00,4.316886,98.87890625
08:00:15,912810UC0,TSRYS5860825,D,S,D,2024-10-17,2000000.00,4.315494,98.90194375
08:00:15,912810UC0,TSRYS5860825,D,B,A,2024-10-17,2000000.00,4.315494,98.90089375
08:00:15,912810UC0,TSRYS5860825,D,S,D,2024-10-17,600000.00,4.315022,98.90975625
08:00:15,912810UC0,TSRYS5860825,D,B,A,2024-10-17,600000.00,4.315022,98.90775625
08:00:16,912810UC0,TSRYS5860825,D,S,D,2024-10-17,1000000.00,4.31901,98.84375
08:00:16,912810UC0,TSRYS5860825,D,S,D,2024-10-17,1000000.00,4.31901,98.84375
08:00:16,912810UC0,TSRYS5860825,D,B,A,2024-10-17,50MM+,4.319954,98.828125
08:00:18,912810UC0,TSRYS5860825,D,B,A,2024-10-17,500000.00,4.314291,98.921875
08:00:20,912810UC0,TSRYS5860825,D,S,T,2024-10-17,1000000.00,4.315234,98.90625
08:00:21,912810UC0,TSRYS5860825,D,S,D,2024-10-17,11000000.00,4.309577,99.0
08:00:22,912810UC0,TSRYS5860825,D,B,C,2024-10-17,605000.00,4.319034,98.84335
08:00:22,912810UC0,TSRYS5860825,D,B,A,2024-10-17,500000.00,4.320899,98.8125
08:00:22,912810UC0,TSRYS5860825,D,B,C,2024-10-17,3000000.00,4.319482,98.8359375
08:00:26,912810UC0,TSRYS5860825,D,S,T,2024-10-17,1000000.00,4.309577,99.0
08:00:26,912810UC0,TSRYS5860825,D,S,T,2024-10-17,1000000.00,4.312405,98.953125
08:00:26,912810UC0,TSRYS5860825,D,S,T,2024-10-17,1000000.00,4.312405,98.953125
08:00:26,912810UC0,TSRYS5860825,D,S,T,2024-10-17,1000000.00,4.316178,98.890625
08:00:26,912810UC0,TSRYS5860825,D,S,T,2024-10-17,1000000.00,4.323734,98.765625
08:00:26,912810UC0,TSRYS5860825,D,S,T,2024-10-17,1000000.00,4.325626,98.734375
08:00:26,912810UC0,TSRYS5860825,D,S,T,2024-10-17,1000000.00,4.319954,98.828125
08:00:26,912810UC0,TSRYS5860825,D,S,T,2024-10-17,1000000.00,4.316178,98.890625
08:00:26,912810UC0,TSRYS5860825,D,S,T,2024-10-17,1000000.00,4.315234,98.90625
08:00:26,912810UC0,TSRYS5860825,D,S,T,2024-10-17,1000000.00,4.315234,98.90625
08:00:26,912810UC0,TSRYS5860825,D,S,T,2024-10-17,1000000.00,4.316178,98.890625
08:00:27,912810UC0,TSRYS5860825,D,S,D,2024-10-17,1000000.00,4.309812,98.99609375
08:00:27,912810UC0,TSRYS5860825,D,S,T,2024-10-17,1000000.00,4.311933,98.9609375
08:00:27,912810UC0,TSRYS5860825,D,S,D,2024-10-17,1000000.00,4.316414,98.88671875
08:00:27,912810UC0,TSRYS5860825,D,S,D,2024-10-17,1000000.00,4.315234,98.90625
08:00:27,912810UC0,TSRYS5860825,D,S,D,2024-10-17,1000000.00,4.322789,98.78125
08:00:27,912810UC0,TSRYS5860825,D,S,D,2024-10-17,1000000.00,4.322789,98.78125
08:00:27,912810UC0,TSRYS5860825,D,S,D,2024-10-17,1000000.00,4.316414,98.88671875
08:00:27,912810UC0,TSRYS5860825,D,S,D,2024-10-17,1000000.00,4.313348,98.9375
08:00:27,912810UC0,TSRYS5860825,D,S,T,2024-10-17,1000000.00,4.318184,98.857421875
08:00:27,912810UC0,TSRYS5860825,D,B,C,2024-10-17,150000.00,4.321632,98.80038125
08:00:27,912810UC0,TSRYS5860825,D,S,D,2024-10-17,17000000.00,4.319954,98.828125
08:00:27,912810UC0,TSRYS5860825,D,B,C,2024-10-17,20000000.00,4.325626,98.734375
08:00:27,912810UC0,TSRYS5860825,D,S,T,2024-10-17,1000000.00,4.32468,98.75
08:00:27,912810UC0,TSRYS5860825,D,S,T,2024-10-17,1000000.00,4.32468,98.75
08:00:27,912810UC0,TSRYS5860825,D,S,T,2024-10-17,1000000.00,4.32468,98.75
08:00:27,912810UC0,TSRYS5860825,D,S,T,2024-10-17,1000000.00,4.32468,98.75
08:00:27,912810UC0,TSRYS5860825,D,S,T,2024-10-17,1000000.00,4.32468,98.75
08:00:27,912810UC0,TSRYS5860825,D,S,T,2024-10-17,1000000.00,4.32468,98.75
08:00:27,912810UC0,TSRYS5860825,D,S,T,2024-10-17,1000000.00,4.32468,98.75
08:00:27,912810UC0,TSRYS5860825,D,S,T,2024-10-17,1000000.00,4.32468,98.75
08:00:27,912810UC0,TSRYS5860825,D,S,T,2024-10-17,1000000.00,4.32468,98.75
08:00:27,912810UC0,TSRYS5860825,D,S,T,2024-10-17,1000000.00,4.32468,98.75
08:00:27,912810UC0,TSRYS5860825,D,S,C,2024-10-17,17000000.00,4.318066,98.859375
08:00:29,912810UC0,TSRYS5860825,D,S,T,2024-10-17,1000000.00,4.325626,98.734375
08:00:29,912810UC0,TSRYS5860825,D,S,T,2024-10-17,1000000.00,4.325626,98.734375
08:00:29,912810UC0,TSRYS5860825,D,S,T,2024-10-17,1000000.00,4.325626,98.734375
08:00:29,912810UC0,TSRYS5860825,D,S,T,2024-10-17,1000000.00,4.325626,98.734375
08:00:29,912810UC0,TSRYS5860825,D,S,T,2024-10-17,1000000.00,4.325626,98.734375
08:00:29,912810UC0,TSRYS5860825,D,S,T,2024-10-17,1000000.00,4.325626,98.734375
08:00:29,912810UC0,TSRYS5860825,D,S,T,2024-10-17,1000000.00,4.325626,98.734375
08:00:30,912810UC0,TSRYS5860825,D,S,T,2024-10-17,2000000.00,4.305809,99.0625
08:00:30,912810UC0,TSRYS5860825,D,S,T,2024-10-17,2000000.00,4.305809,99.0625
08:00:30,912810UC0,TSRYS5860825,D,S,T,2024-10-17,1000000.00,4.31323,98.939453125
08:00:30,912810UC0,TSRYS5860825,D,S,T,2024-10-17,1000000.00,4.31323,98.939453125
08:00:30,912810UC0,TSRYS5860825,D,S,T,2024-10-17,1000000.00,4.312287,98.955078125
08:00:30,912810UC0,TSRYS5860825,D,S,T,2024-10-17,1000000.00,4.314762,98.9140625
08:00:30,912810UC0,TSRYS5860825,D,S,T,2024-10-17,1000000.00,4.314762,98.9140625
08:00:30,912810UC0,TSRYS5860825,D,S,T,2024-10-17,1000000.00,4.314762,98.9140625
08:00:30,912810UC0,TSRYS5860825,D,S,T,2024-10-17,1000000.00,4.31488,98.912109375
08:00:30,912810UC0,TSRYS5860825,D,S,T,2024-10-17,1000000.00,4.312405,98.953125
08:00:30,912810UC0,TSRYS5860825,D,S,T,2024-10-17,1000000.00,4.311933,98.9609375
08:00:30,912810UC0,TSRYS5860825,D,S,T,2024-10-17,1000000.00,4.311933,98.9609375
08:00:30,912810UC0,TSRYS5860825,D,S,T,2024-10-17,1000000.00,4.310284,98.98828125
08:00:30,912810UC0,TSRYS5860825,D,S,T,2024-10-17,1000000.00,4.310166,98.990234375
08:00:30,912810UC0,TSRYS5860825,D,S,T,2024-10-17,1000000.00,4.310284,98.98828125
08:00:30,912810UC0,TSRYS5860825,D,S,T,2024-10-17,1000000.00,4.312405,98.953125
08:00:30,912810UC0,TSRYS5860825,D,S,T,2024-10-17,1000000.00,4.317122,98.875
08:00:30,912810UC0,TSRYS5860825,D,S,T,2024-10-17,1000000.00,4.317122,98.875
08:00:30,912810UC0,TSRYS5860825,D,S,T,2024-10-17,1000000.00,4.318066,98.859375
08:00:30,912810UC0,TSRYS5860825,D,S,T,2024-10-17,1000000.00,4.317948,98.861328125
08:00:30,912810UC0,TSRYS5860825,D,S,T,2024-10-17,1000000.00,4.31783,98.86328125
08:00:30,912810UC0,TSRYS5860825,D,S,T,2024-10-17,1000000.00,4.316296,98.888671875
08:00:30,912810UC0,TSRYS5860825,D,S,T,2024-10-17,1000000.00,4.314409,98.919921875
08:00:30,912810UC0,TSRYS5860825,D,S,T,2024-10-17,1000000.00,4.312405,98.953125
08:00:30,912810UC0,TSRYS5860825,D,S,T,2024-10-17,1000000.00,4.314762,98.9140625
08:00:30,912810UC0,TSRYS5860825,D,S,T,2024-10-17,1000000.00,4.315116,98.908203125
08:00:30,912810UC0,TSRYS5860825,D,S,T,2024-10-17,1000000.00,4.31606,98.892578125
08:00:30,912810UC0,TSRYS5860825,D,S,T,2024-10-17,1000000.00,4.316296,98.888671875
08:00:30,912810UC0,TSRYS5860825,D,S,T,2024-10-17,1000000.00,4.316768,98.880859375
08:00:30,912810UC0,TSRYS5860825,D,S,T,2024-10-17,1000000.00,4.31665,98.8828125
08:00:30,912810UC0,TSRYS5860825,D,S,T,2024-10-17,1000000.00,4.316532,98.884765625
08:00:30,912810UC0,TSRYS5860825,D,S,T,2024-10-17,1000000.00,4.316532,98.884765625
08:00:30,912810UC0,TSRYS5860825,D,S,T,2024-10-17,1000000.00,4.316414,98.88671875
08:00:30,912810UC0,TSRYS5860825,D,S,T,2024-10-17,1000000.00,4.316414,98.88671875
08:00:30,912810UC0,TSRYS5860825,D,S,T,2024-10-17,1000000.00,4.316886,98.87890625
08:00:30,912810UC0,TSRYS5860825,D,S,T,2024-10-17,1000000.00,4.316886,98.87890625
08:00:30,912810UC0,TSRYS5860825,D,S,T,2024-10-17,1000000.00,4.31606,98.892578125
08:00:30,912810UC0,TSRYS5860825,D,S,T,2024-10-17,1000000.00,4.316532,98.884765625
08:00:30,912810UC0,TSRYS5860825,D,S,T,2024-10-17,1000000.00,4.319246,98.83984375
08:00:30,912810UC0,TSRYS5860825,D,S,T,2024-10-17,1000000.00,4.325626,98.734375
08:00:30,912810UC0,TSRYS5860825,D,S,T,2024-10-17,1000000.00,4.325626,98.734375
08:00:30,912810UC0,TSRYS5860825,D,S,T,2024-10-17,1000000.00,4.324325,98.755859375
08:00:30,912810UC0,TSRYS5860825,D,S,T,2024-10-17,1000000.00,4.324325,98.755859375
08:00:30,912810UC0,TSRYS5860825,D,S,T,2024-10-17,2000000.00,4.325744,98.732421875
08:00:30,912810UC0,TSRYS5860825,D,S,T,2024-10-17,1000000.00,4.325626,98.734375
08:00:30,912810UC0,TSRYS5860825,D,S,T,2024-10-17,1000000.00,4.326453,98.720703125
08:00:30,912810UC0,TSRYS5860825,D,S,T,2024-10-17,1000000.00,4.326335,98.72265625
08:00:30,912810UC0,TSRYS5860825,D,S,T,2024-10-17,1000000.00,4.326217,98.724609375
08:00:30,912810UC0,TSRYS5860825,D,S,T,2024-10-17,1000000.00,4.326099,98.7265625
08:00:30,912810UC0,TSRYS5860825,D,S,T,2024-10-17,1000000.00,4.326099,98.7265625
08:00:30,912810UC0,TSRYS5860825,D,S,T,2024-10-17,1000000.00,4.322671,98.783203125
08:00:30,912810UC0,TSRYS5860825,D,S,T,2024-10-17,1000000.00,4.319836,98.830078125
08:00:30,912810UC0,TSRYS5860825,D,S,T,2024-10-17,1000000.00,4.312876,98.9453125
08:00:30,912810UC0,TSRYS5860825,D,S,T,2024-10-17,1000000.00,4.312758,98.947265625
08:00:30,912810UC0,TSRYS5860825,D,S,T,2024-10-17,1000000.00,4.31264,98.94921875
08:00:30,912810UC0,TSRYS5860825,D,S,T,2024-10-17,1000000.00,4.31606,98.892578125
08:00:30,912810UC0,TSRYS5860825,D,S,T,2024-10-17,1000000.00,4.31606,98.892578125
08:00:30,912810UC0,TSRYS5860825,D,S,T,2024-10-17,1000000.00,4.318774,98.84765625
08:00:30,912810UC0,TSRYS5860825,D,S,T,2024-10-17,1000000.00,4.318774,98.84765625
08:00:30,912810UC0,TSRYS5860825,D,S,T,2024-10-17,1000000.00,4.317122,98.875
08:00:30,912810UC0,TSRYS5860825,D,S,T,2024-10-17,1000000.00,4.317712,98.865234375
08:00:30,912810UC0,TSRYS5860825,D,S,T,2024-10-17,1000000.00,4.317476,98.869140625
08:00:30,912810UC0,TSRYS5860825,D,S,T,2024-10-17,1000000.00,4.304868,99.078125
08:00:30,912810UC0,TSRYS5860825,D,S,T,2024-10-17,1000000.00,4.306751,99.046875
08:00:30,912810UC0,TSRYS5860825,D,S,T,2024-10-17,1000000.00,4.307222,99.0390625
08:00:30,912810UC0,TSRYS5860825,D,S,T,2024-10-17,1000000.00,4.307222,99.0390625
08:00:30,912810UC0,TSRYS5860825,D,S,T,2024-10-17,1000000.00,4.307693,99.03125
08:00:30,912810UC0,TSRYS5860825,D,S,T,2024-10-17,1000000.00,4.311462,98.96875
08:00:30,912810UC0,TSRYS5860825,D,S,T,2024-10-17,1000000.00,4.311462,98.96875
08:00:30,912810UC0,TSRYS5860825,D,S,T,2024-10-17,1000000.00,4.309577,99.0
08:00:30,912810UC0,TSRYS5860825,D,S,T,2024-10-17,1000000.00,4.312405,98.953125
08:00:30,912810UC0,TSRYS5860825,D,S,T,2024-10-17,1000000.00,4.312405,98.953125
08:00:30,912810UC0,TSRYS5860825,D,S,T,2024-10-17,1000000.00,4.312405,98.953125
08:00:30,912810UC0,TSRYS5860825,D,S,T,2024-10-17,1000000.00,4.312876,98.9453125
08:00:30,912810UC0,TSRYS5860825,D,S,T,2024-10-17,1000000.00,4.312876,98.9453125
08:00:30,912810UC0,TSRYS5860825,D,S,T,2024-10-17,1000000.00,4.312876,98.9453125
08:00:30,912810UC0,TSRYS5860825,D,S,T,2024-10-17,1000000.00,4.311462,98.96875
08:00:30,912810UC0,TSRYS5860825,D,S,T,2024-10-17,1000000.00,4.312405,98.953125
08:00:30,912810UC0,TSRYS5860825,D,S,T,2024-10-17,1000000.00,4.312405,98.953125
08:00:30,912810UC0,TSRYS5860825,D,S,T,2024-10-17,1000000.00,4.312405,98.953125
08:00:30,912810UC0,TSRYS5860825,D,S,T,2024-10-17,1000000.00,4.312405,98.953125
08:00:31,912810UC0,TSRYS5860825,D,S,T,2024-10-17,1000000.00,4.314291,98.921875
08:00:31,912810UC0,TSRYS5860825,D,S,T,2024-10-17,1000000.00,4.314291,98.921875
08:00:31,912810UC0,TSRYS5860825,D,S,T,2024-10-17,1000000.00,4.314291,98.921875
08:00:31,912810UC0,TSRYS5860825,D,S,T,2024-10-17,1000000.00,4.311462,98.96875
08:00:31,912810UC0,TSRYS5860825,D,S,T,2024-10-17,1000000.00,4.311462,98.96875
08:00:31,912810UC0,TSRYS5860825,D,S,T,2024-10-17,1000000.00,4.312405,98.953125
08:00:31,912810UC0,TSRYS5860825,D,S,T,2024-10-17,1000000.00,4.313348,98.9375
08:00:31,912810UC0,TSRYS5860825,D,S,T,2024-10-17,1000000.00,4.315234,98.90625
08:00:31,912810UC0,TSRYS5860825,D,S,T,2024-10-17,1000000.00,4.311462,98.96875
08:00:31,912810UC0,TSRYS5860825,D,S,T,2024-10-17,1000000.00,4.311462,98.96875
08:00:31,912810UC0,TSRYS5860825,D,S,T,2024-10-17,1000000.00,4.309577,99.0
08:00:31,912810UC0,TSRYS5860825,D,S,T,2024-10-17,1000000.00,4.310401,98.986328125
08:00:31,912810UC0,TSRYS5860825,D,S,T,2024-10-17,1000000.00,4.310401,98.986328125
08:00:31,912810UC0,TSRYS5860825,D,S,T,2024-10-17,1000000.00,4.311462,98.96875
08:00:31,912810UC0,TSRYS5860825,D,S,T,2024-10-17,1000000.00,4.312051,98.958984375
08:00:31,912810UC0,TSRYS5860825,D,S,D,2024-10-17,1000000.00,4.312405,98.953125
08:00:31,912810UC0,TSRYS5860825,D,S,D,2024-10-17,1000000.00,4.312405,98.953125
08:00:31,912810UC0,TSRYS5860825,D,S,D,2024-10-17,1000000.00,4.312405,98.953125
08:00:31,912810UC0,TSRYS5860825,D,S,T,2024-10-17,1000000.00,4.310166,98.990234375
08:00:31,912810UC0,TSRYS5860825,D,S,T,2024-10-17,1000000.00,4.310284,98.98828125
08:00:31,912810UC0,TSRYS5860825,D,S,T,2024-10-17,1000000.00,4.308635,99.015625
08:00:31,912810UC0,TSRYS5860825,D,S,T,2024-10-17,1000000.00,4.308635,99.015625
08:00:31,912810UC0,TSRYS5860825,D,S,T,2024-10-17,1000000.00,4.310519,98.984375
08:00:31,912810UC0,TSRYS5860825,D,S,T,2024-10-17,1000000.00,4.310519,98.984375
08:00:31,912810UC0,TSRYS5860825,D,S,T,2024-10-17,1000000.00,4.310519,98.984375
08:00:31,912810UC0,TSRYS5860825,D,S,T,2024-10-17,1000000.00,4.312405,98.953125
08:00:31,912810UC0,TSRYS5860825,D,S,T,2024-10-17,1000000.00,4.312405,98.953125
08:00:31,912810UC0,TSRYS5860825,D,S,T,2024-10-17,2000000.00,4.310519,98.984375
08:00:31,912810UC0,TSRYS5860825,D,S,T,2024-10-17,1000000.00,4.310519,98.984375
08:00:31,912810UC0,TSRYS5860825,D,S,T,2024-10-17,1000000.00,4.310519,98.984375
08:00:31,912810UC0,TSRYS5860825,D,S,T,2024-10-17,1000000.00,4.310519,98.984375
08:00:31,912810UC0,TSRYS5860825,D,S,T,2024-10-17,1000000.00,4.310519,98.984375
08:00:31,912810UC0,TSRYS5860825,D,S,T,2024-10-17,1000000.00,4.312405,98.953125
08:00:31,912810UC0,TSRYS5860825,D,S,T,2024-10-17,1000000.00,4.31724,98.873046875
08:00:31,912810UC0,TSRYS5860825,D,S,T,2024-10-17,1000000.00,4.325626,98.734375
08:00:31,912810UC0,TSRYS5860825,D,S,T,2024-10-17,1000000.00,4.317122,98.875
08:00:31,912810UC0,TSRYS5860825,D,S,T,2024-10-17,1000000.00,4.317122,98.875
08:00:31,912810UC0,TSRYS5860825,D,S,T,2024-10-17,1000000.00,4.314291,98.921875
08:00:31,912810UC0,TSRYS5860825,D,S,T,2024-10-17,1000000.00,4.315234,98.90625
08:00:31,912810UC0,TSRYS5860825,D,S,T,2024-10-17,1000000.00,4.316178,98.890625
08:00:31,912810UC0,TSRYS5860825,D,S,T,2024-10-17,1000000.00,4.316178,98.890625
08:00:31,912810UC0,TSRYS5860825,D,S,T,2024-10-17,1000000.00,4.316178,98.890625
08:00:31,912810UC0,TSRYS5860825,D,S,T,2024-10-17,1000000.00,4.315234,98.90625
08:00:31,912810UC0,TSRYS5860825,D,S,T,2024-10-17,1000000.00,4.317122,98.875
08:00:31,912810UC0,TSRYS5860825,D,S,T,2024-10-17,1000000.00,4.317122,98.875
08:00:31,912810UC0,TSRYS5860825,D,S,T,2024-10-17,1000000.00,4.317122,98.875
08:00:31,912810UC0,TSRYS5860825,D,S,T,2024-10-17,1000000.00,4.318066,98.859375
08:00:31,912810UC0,TSRYS5860825,D,S,T,2024-10-17,2000000.00,4.31901,98.84375
08:00:31,912810UC0,TSRYS5860825,D,S,T,2024-10-17,1000000.00,4.31901,98.84375
08:00:31,912810UC0,TSRYS5860825,D,S,T,2024-10-17,1000000.00,4.318066,98.859375
08:00:31,912810UC0,TSRYS5860825,D,S,T,2024-10-17,1000000.00,4.317948,98.861328125
08:00:31,912810UC0,TSRYS5860825,D,S,T,2024-10-17,1000000.00,4.31783,98.86328125
08:00:31,912810UC0,TSRYS5860825,D,S,T,2024-10-17,1000000.00,4.314291,98.921875
08:00:31,912810UC0,TSRYS5860825,D,S,T,2024-10-17,1000000.00,4.314291,98.921875
08:00:31,912810UC0,TSRYS5860825,D,S,T,2024-10-17,1000000.00,4.314291,98.921875
08:00:31,912810UC0,TSRYS5860825,D,S,T,2024-10-17,1000000.00,4.314291,98.921875
08:00:31,912810UC0,TSRYS5860825,D,S,T,2024-10-17,1000000.00,4.314291,98.921875
08:00:31,912810UC0,TSRYS5860825,D,S,T,2024-10-17,1000000.00,4.314291,98.921875
08:00:31,912810UC0,TSRYS5860825,D,S,T,2024-10-17,1000000.00,4.314291,98.921875
08:00:31,912810UC0,TSRYS5860825,D,S,T,2024-10-17,1000000.00,4.314291,98.921875
08:00:31,912810UC0,TSRYS5860825,D,S,T,2024-10-17,1000000.00,4.314762,98.9140625
08:00:31,912810UC0,TSRYS5860825,D,S,T,2024-10-17,1000000.00,4.314291,98.921875
08:00:31,912810UC0,TSRYS5860825,D,S,T,2024-10-17,1000000.00,4.314291,98.921875
08:00:31,912810UC0,TSRYS5860825,D,S,T,2024-10-17,1000000.00,4.314291,98.921875
08:00:31,912810UC0,TSRYS5860825,D,S,T,2024-10-17,1000000.00,4.314291,98.921875
08:00:31,912810UC0,TSRYS5860825,D,S,T,2024-10-17,1000000.00,4.314291,98.921875
08:00:31,912810UC0,TSRYS5860825,D,S,T,2024-10-17,1000000.00,4.31158,98.966796875
08:00:31,912810UC0,TSRYS5860825,D,S,T,2024-10-17,1000000.00,4.312405,98.953125
08:00:31,912810UC0,TSRYS5860825,D,S,T,2024-10-17,1000000.00,4.314291,98.921875
08:00:31,912810UC0,TSRYS5860825,D,S,T,2024-10-17,1000000.00,4.314291,98.921875
08:00:31,912810UC0,TSRYS5860825,D,S,T,2024-10-17,1000000.00,4.314291,98.921875
08:00:31,912810UC0,TSRYS5860825,D,S,T,2024-10-17,1000000.00,4.314291,98.921875
08:00:31,912810UC0,TSRYS5860825,D,S,T,2024-10-17,1000000.00,4.314291,98.921875
08:00:31,912810UC0,TSRYS5860825,D,S,T,2024-10-17,1000000.00,4.314998,98.91015625
08:00:31,912810UC0,TSRYS5860825,D,S,T,2024-10-17,1000000.00,4.31488,98.912109375
08:00:31,912810UC0,TSRYS5860825,D,S,T,2024-10-17,1000000.00,4.315234,98.90625
08:00:31,912810UC0,TSRYS5860825,D,S,T,2024-10-17,1000000.00,4.314527,98.91796875
08:00:31,912810UC0,TSRYS5860825,D,S,T,2024-10-17,1000000.00,4.314409,98.919921875
08:00:31,912810UC0,TSRYS5860825,D,S,T,2024-10-17,1000000.00,4.315234,98.90625
08:00:31,912810UC0,TSRYS5860825,D,S,T,2024-10-17,1000000.00,4.315234,98.90625
08:00:31,912810UC0,TSRYS5860825,D,S,T,2024-10-17,1000000.00,4.315234,98.90625
08:00:31,912810UC0,TSRYS5860825,D,S,T,2024-10-17,1000000.00,4.315234,98.90625
08:00:31,912810UC0,TSRYS5860825,D,B,A,2024-10-17,20000000.00,4.314291,98.921875
08:00:31,912810UC0,TSRYS5860825,D,S,D,2024-10-17,2000000.00,4.30628,99.0546875
08:00:31,912810UC0,TSRYS5860825,D,S,T,2024-10-17,1000000.00,4.315234,98.90625
08:00:31,912810UC0,TSRYS5860825,D,S,T,2024-10-17,1000000.00,4.314291,98.921875
08:00:31,912810UC0,TSRYS5860825,D,S,T,2024-10-17,1000000.00,4.315234,98.90625
08:00:31,912810UC0,TSRYS5860825,D,S,T,2024-10-17,1000000.00,4.315234,98.90625
08:00:31,912810UC0,TSRYS5860825,D,S,T,2024-10-17,1000000.00,4.315234,98.90625
08:00:31,912810UC0,TSRYS5860825,D,S,T,2024-10-17,1000000.00,4.315234,98.90625
08:00:31,912810UC0,TSRYS5860825,D,S,T,2024-10-17,2000000.00,4.309577,99.0
08:00:31,912810UC0,TSRYS5860825,D,S,D,2024-10-17,20000000.00,4.31339,98.9368
08:00:31,912810UC0,TSRYS5860825,D,S,T,2024-10-17,1000000.00,4.315234,98.90625
08:00:31,912810UC0,TSRYS5860825,D,S,T,2024-10-17,1000000.00,4.315234,98.90625
08:00:31,912810UC0,TSRYS5860825,D,S,T,2024-10-17,1000000.00,4.315234,98.90625
08:00:31,912810UC0,TSRYS5860825,D,S,T,2024-10-17,1000000.00,4.315234,98.90625
08:00:31,912810UC0,TSRYS5860825,D,B,A,2024-10-17,2000000.00,4.316178,98.890625
08:00:31,912810UC0,TSRYS5860825,D,S,T,2024-10-17,1000000.00,4.316768,98.880859375
08:00:31,912810UC0,TSRYS5860825,D,S,T,2024-10-17,1000000.00,4.316886,98.87890625
08:00:31,912810UC0,TSRYS5860825,D,S,T,2024-10-17,1000000.00,4.325626,98.734375
08:00:31,912810UC0,TSRYS5860825,D,S,A,2024-10-17,5000000.00,4.313819,98.9296875
08:00:31,912810UC0,TSRYS5860825,D,B,A,2024-10-17,1000000.00,4.315234,98.90625
08:00:31,912810UC0,TSRYS5860825,D,S,T,2024-10-17,1000000.00,4.32468,98.75
08:00:31,912810UC0,TSRYS5860825,D,S,T,2024-10-17,1000000.00,4.32468,98.75
08:00:31,912810UC0,TSRYS5860825,D,S,T,2024-10-17,1000000.00,4.32468,98.75
08:00:31,912810UC0,TSRYS5860825,D,S,T,2024-10-17,1000000.00,4.32468,98.75
08:00:31,912810UC0,TSRYS5860825,D,B,C,2024-10-17,17000000.00,4.307693,99.03125
08:00:31,912810UC0,TSRYS5860825,D,B,A,2024-10-17,50MM+,4.315234,98.90625
08:00:31,912810UC0,TSRYS5860825,D,S,C,2024-10-17,11000000.00,4.309577,99.0
08:00:31,912810UC0,TSRYS5860825,D,S,C,2024-10-17,11000000.00,4.309577,99.0
08:00:31,912810UC0,TSRYS5860825,D,S,D,2024-10-17,6000000.00,4.310948,98.97726
08:00:31,912810UC0,TSRYS5860825,D,S,D,2024-10-17,23000000.00,4.31477,98.91393
08:00:31,912810UC0,TSRYS5860825,D,S,T,2024-10-17,1000000.00,4.312405,98.953125
08:00:31,912810UC0,TSRYS5860825,D,S,T,2024-10-17,2000000.00,4.312405,98.953125
08:00:31,912810UC0,TSRYS5860825,D,S,T,2024-10-17,1000000.00,4.312405,98.953125
08:00:31,912810UC0,TSRYS5860825,D,S,T,2024-10-17,1000000.00,4.312405,98.953125
08:00:31,912810UC0,TSRYS5860825,D,S,T,2024-10-17,1000000.00,4.312405,98.953125
08:00:31,912810UC0,TSRYS5860825,D,S,T,2024-10-17,1000000.00,4.311462,98.96875
08:00:31,912810UC0,TSRYS5860825,D,S,T,2024-10-17,1000000.00,4.312405,98.953125
08:00:31,912810UC0,TSRYS5860825,D,S,T,2024-10-17,1000000.00,4.312405,98.953125
08:00:31,912810UC0,TSRYS5860825,D,S,T,2024-10-17,1000000.00,4.325389,98.73828125
08:00:32,912810UC0,TSRYS5860825,D,S,T,2024-10-17,1000000.00,4.325626,98.734375
08:00:32,912810UC0,TSRYS5860825,D,B,A,2024-10-17,5000000.00,4.312876,98.9453125
08:00:32,912810UC0,TSRYS5860825,D,B,A,2024-10-17,500000.00,4.31264,98.94921875
08:00:32,912810UC0,TSRYS5860825,D,S,A,2024-10-17,1000000.00,4.314291,98.921875
08:00:32,912810UC0,TSRYS5860825,D,S,A,2024-10-17,10000000.00,4.318066,98.859375
08:00:32,912810UC0,TSRYS5860825,D,S,T,2024-10-17,1000000.00,4.325508,98.736328125
08:00:32,912810UC0,TSRYS5860825,D,S,T,2024-10-17,2000000.00,4.325744,98.732421875
08:00:32,912810UC0,TSRYS5860825,D,S,T,2024-10-17,1000000.00,4.326099,98.7265625
08:00:32,912810UC0,TSRYS5860825,D,S,T,2024-10-17,2000000.00,4.32598,98.728515625
08:00:32,912810UC0,TSRYS5860825,D,S,T,2024-10-17,1000000.00,4.325626,98.734375
08:00:32,912810UC0,TSRYS5860825,D,S,D,2024-10-17,1000000.00,4.326099,98.7265625
08:00:32,912810UC0,TSRYS5860825,D,B,A,2024-10-17,2000000.00,4.319718,98.83203125
08:00:32,912810UC0,TSRYS5860825,D,S,T,2024-10-17,1000000.00,4.325626,98.734375
08:00:32,912810UC0,TSRYS5860825,D,S,D,2024-10-17,17000000.00,4.326572,98.71875
08:00:32,912810UC0,TSRYS5860825,D,S,T,2024-10-17,1000000.00,4.326572,98.71875
08:00:32,912810UC0,TSRYS5860825,D,S,T,2024-10-17,1000000.00,4.326572,98.71875
08:00:32,912810UC0,TSRYS5860825,D,S,T,2024-10-17,1000000.00,4.326572,98.71875
08:00:32,912810UC0,TSRYS5860825,D,S,D,2024-10-17,3000000.00,4.293589,99.265625
08:00:32,912810UC0,TSRYS5860825,D,S,D,2024-10-17,1000000.00,4.317122,98.875
08:00:32,912810UC0,TSRYS5860825,D,S,D,2024-10-17,48000000.00,4.299954,99.15975
08:00:32,912810UC0,TSRYS5860825,D,S,A,2024-10-17,500000.00,4.326808,98.71484375
08:00:32,912810UC0,TSRYS5860825,D,B,A,2024-10-17,750000.00,4.320427,98.8203125
08:00:32,912810UC0,TSRYS5860825,D,B,A,2024-10-17,2000000.00,4.319954,98.828125
08:00:32,912810UC0,TSRYS5860825,D,S,D,2024-10-17,15000000.00,4.316382,98.88724
08:00:32,912810UC0,TSRYS5860825,D,B,C,2024-10-17,15000000.00,4.316382,98.88724
08:00:32,912810UC0,TSRYS5860825,D,S,T,2024-10-17,1000000.00,4.32468,98.75
08:00:32,912810UC0,TSRYS5860825,D,S,T,2024-10-17,1000000.00,4.322789,98.78125
08:00:32,912810UC0,TSRYS5860825,D,S,T,2024-10-17,1000000.00,4.322789,98.78125
08:00:32,912810UC0,TSRYS5860825,D,S,T,2024-10-17,1000000.00,4.322789,98.78125
08:00:32,912810UC0,TSRYS5860825,D,S,D,2024-10-17,1000000.00,4.322789,98.78125
08:00:32,912810UC0,TSRYS5860825,D,S,T,2024-10-17,1000000.00,4.322789,98.78125
08:00:32,912810UC0,TSRYS5860825,D,S,T,2024-10-17,1000000.00,4.322789,98.78125
08:00:32,912810UC0,TSRYS5860825,D,S,T,2024-10-17,1000000.00,4.3196,98.833984375
08:00:32,912810UC0,TSRYS5860825,D,S,T,2024-10-17,1000000.00,4.319954,98.828125
08:00:32,912810UC0,TSRYS5860825,D,S,T,2024-10-17,1000000.00,4.318302,98.85546875
08:00:32,912810UC0,TSRYS5860825,D,S,T,2024-10-17,1000000.00,4.318538,98.8515625
08:00:32,912810UC0,TSRYS5860825,D,S,T,2024-10-17,1000000.00,4.318538,98.8515625
08:00:32,912810UC0,TSRYS5860825,D,S,T,2024-10-17,1000000.00,4.318538,98.8515625
08:00:32,912810UC0,TSRYS5860825,D,S,T,2024-10-17,1000000.00,4.318538,98.8515625
08:00:32,912810UC0,TSRYS5860825,D,S,T,2024-10-17,1000000.00,4.318774,98.84765625
08:00:32,912810UC0,TSRYS5860825,D,S,T,2024-10-17,1000000.00,4.318656,98.849609375
08:00:32,912810UC0,TSRYS5860825,D,S,T,2024-10-17,1000000.00,4.318538,98.8515625
08:00:32,912810UC0,TSRYS5860825,D,S,T,2024-10-17,1000000.00,4.318538,98.8515625
08:00:32,912810UC0,TSRYS5860825,D,S,T,2024-10-17,1000000.00,4.318538,98.8515625
08:00:32,912810UC0,TSRYS5860825,D,S,T,2024-10-17,1000000.00,4.318066,98.859375
08:00:32,912810UC0,TSRYS5860825,D,S,T,2024-10-17,1000000.00,4.318066,98.859375
08:00:32,912810UC0,TSRYS5860825,D,S,T,2024-10-17,1000000.00,4.318066,98.859375
08:00:32,912810UC0,TSRYS5860825,D,S,T,2024-10-17,1000000.00,4.318066,98.859375
08:00:32,912810UC0,TSRYS5860825,D,S,D,2024-10-17,1000000.00,4.311462,98.96875
08:00:32,912810UC0,TSRYS5860825,D,S,D,2024-10-17,1000000.00,4.312405,98.953125
08:00:32,912810UC0,TSRYS5860825,D,S,D,2024-10-17,1000000.00,4.312405,98.953125
08:00:32,912810UC0,TSRYS5860825,D,S,D,2024-10-17,1000000.00,4.311462,98.96875
08:00:32,912810UC0,TSRYS5860825,D,S,D,2024-10-17,1000000.00,4.318066,98.859375
08:00:32,912810UC0,TSRYS5860825,D,S,D,2024-10-17,28000000.00,4.321868,98.79648
08:00:32,912810UC0,TSRYS5860825,D,S,D,2024-10-17,1000000.00,4.318066,98.859375
08:00:32,912810UC0,TSRYS5860825,D,S,D,2024-10-17,1000000.00,4.318066,98.859375
08:00:32,912810UC0,TSRYS5860825,D,B,C,2024-10-17,5000000.00,4.321608,98.80078125
08:00:32,912810UC0,TSRYS5860825,D,S,T,2024-10-17,1000000.00,4.320073,98.826171875
08:00:32,912810UC0,TSRYS5860825,D,S,D,2024-10-17,2000000.00,4.322789,98.78125
08:00:32,912810UC0,TSRYS5860825,D,S,D,2024-10-17,1000000.00,4.322789,98.78125
08:00:32,912810UC0,TSRYS5860825,D,S,D,2024-10-17,2000000.00,4.322789,98.78125
08:00:32,912810UC0,TSRYS5860825,D,S,D,2024-10-17,2000000.00,4.322789,98.78125
08:00:32,912810UC0,TSRYS5860825,D,S,T,2024-10-17,1000000.00,4.311462,98.96875
08:00:32,912810UC0,TSRYS5860825,D,S,D,2024-10-17,1000000.00,4.313348,98.9375
08:00:32,912810UC0,TSRYS5860825,D,S,T,2024-10-17,1000000.00,4.318066,98.859375
08:00:32,912810UC0,TSRYS5860825,D,S,T,2024-10-17,1000000.00,4.319954,98.828125
08:00:32,912810UC0,TSRYS5860825,D,S,T,2024-10-17,1000000.00,4.319954,98.828125
08:00:32,912810UC0,TSRYS5860825,D,S,T,2024-10-17,1000000.00,4.318066,98.859375
08:00:32,912810UC0,TSRYS5860825,D,S,T,2024-10-17,1000000.00,4.316178,98.890625
08:00:32,912810UC0,TSRYS5860825,D,S,T,2024-10-17,1000000.00,4.318066,98.859375
08:00:32,912810UC0,TSRYS5860825,D,S,T,2024-10-17,1000000.00,4.318066,98.859375
08:00:32,912810UC0,TSRYS5860825,D,S,D,2024-10-17,2000000.00,4.31901,98.84375
08:00:32,912810UC0,TSRYS5860825,D,S,T,2024-10-17,1000000.00,4.317122,98.875
08:00:32,912810UC0,TSRYS5860825,D,S,T,2024-10-17,1000000.00,4.317122,98.875
08:00:32,912810UC0,TSRYS5860825,D,S,T,2024-10-17,1000000.00,4.316178,98.890625
08:00:32,912810UC0,TSRYS5860825,D,S,T,2024-10-17,1000000.00,4.316178,98.890625
08:00:32,912810UC0,TSRYS5860825,D,S,T,2024-10-17,1000000.00,4.315234,98.90625
08:00:32,912810UC0,TSRYS5860825,D,S,T,2024-10-17,1000000.00,4.315234,98.90625
08:00:32,912810UC0,TSRYS5860825,D,S,T,2024-10-17,1000000.00,4.316178,98.890625
08:00:32,912810UC0,TSRYS5860825,D,S,T,2024-10-17,1000000.00,4.316178,98.890625
08:00:32,912810UC0,TSRYS5860825,D,S,T,2024-10-17,1000000.00,4.316178,98.890625
08:00:32,912810UC0,TSRYS5860825,D,S,T,2024-10-17,1000000.00,4.316178,98.890625
08:00:32,912810UC0,TSRYS5860825,D,S,T,2024-10-17,1000000.00,4.316178,98.890625
08:00:32,912810UC0,TSRYS5860825,D,S,T,2024-10-17,1000000.00,4.316296,98.888671875
08:00:32,912810UC0,TSRYS5860825,D,S,T,2024-10-17,1000000.00,4.317122,98.875
08:00:32,912810UC0,TSRYS5860825,D,S,T,2024-10-17,1000000.00,4.317122,98.875
08:00:32,912810UC0,TSRYS5860825,D,S,T,2024-10-17,1000000.00,4.317122,98.875
08:00:32,912810UC0,TSRYS5860825,D,S,T,2024-10-17,1000000.00,4.317122,98.875
08:00:32,912810UC0,TSRYS5860825,D,S,T,2024-10-17,1000000.00,4.317122,98.875
08:00:32,912810UC0,TSRYS5860825,D,S,D,2024-10-17,1000000.00,4.314291,98.921875
08:00:32,912810UC0,TSRYS5860825,D,S,T,2024-10-17,1000000.00,4.313583,98.93359375
08:00:32,912810UC0,TSRYS5860825,D,S,T,2024-10-17,1000000.00,4.313583,98.93359375
08:00:32,912810UC0,TSRYS5860825,D,S,D,2024-10-17,1000000.00,4.313348,98.9375
08:00:32,912810UC0,TSRYS5860825,D,S,T,2024-10-17,1000000.00,4.311462,98.96875
08:00:32,912810UC0,TSRYS5860825,D,S,T,2024-10-17,1000000.00,4.310519,98.984375
08:00:32,912810UC0,TSRYS5860825,D,S,T,2024-10-17,1000000.00,4.310401,98.986328125
08:00:32,912810UC0,TSRYS5860825,D,S,T,2024-10-17,1000000.00,4.310284,98.98828125
08:00:32,912810UC0,TSRYS5860825,D,S,D,2024-10-17,4000000.00,4.313348,98.9375
08:00:32,912810UC0,TSRYS5860825,D,S,D,2024-10-17,1000000.00,4.313348,98.9375
08:00:32,912810UC0,TSRYS5860825,D,S,A,2024-10-17,2500000.00,4.318066,98.859375
08:00:32,912810UC0,TSRYS5860825,D,S,T,2024-10-17,1000000.00,4.315234,98.90625
08:00:32,912810UC0,TSRYS5860825,D,S,T,2024-10-17,1000000.00,4.315234,98.90625
08:00:32,912810UC0,TSRYS5860825,D,S,T,2024-10-17,1000000.00,4.316532,98.884765625
08:00:32,912810UC0,TSRYS5860825,D,S,T,2024-10-17,1000000.00,4.318184,98.857421875
08:00:32,912810UC0,TSRYS5860825,D,S,T,2024-10-17,1000000.00,4.318302,98.85546875
08:00:32,912810UC0,TSRYS5860825,D,S,T,2024-10-17,1000000.00,4.318066,98.859375
08:00:32,912810UC0,TSRYS5860825,D,S,T,2024-10-17,1000000.00,4.317948,98.861328125
08:00:32,912810UC0,TSRYS5860825,D,S,D,2024-10-17,1000000.00,4.320427,98.8203125
08:00:32,912810UC0,TSRYS5860825,D,S,D,2024-10-17,1000000.00,4.320073,98.826171875
08:00:32,912810UC0,TSRYS5860825,D,S,T,2024-10-17,1000000.00,4.318066,98.859375
08:00:32,912810UC0,TSRYS5860825,D,S,T,2024-10-17,1000000.00,4.318538,98.8515625
08:00:32,912810UC0,TSRYS5860825,D,S,T,2024-10-17,1000000.00,4.31901,98.84375
08:00:32,912810UC0,TSRYS5860825,D,S,T,2024-10-17,1000000.00,4.320073,98.826171875
08:00:32,912810UC0,TSRYS5860825,D,S,T,2024-10-17,1000000.00,4.320309,98.822265625
08:00:32,912810UC0,TSRYS5860825,D,S,T,2024-10-17,1000000.00,4.319246,98.83984375
08:00:32,912810UC0,TSRYS5860825,D,S,T,2024-10-17,1000000.00,4.321962,98.794921875
08:00:32,912810UC0,TSRYS5860825,D,S,T,2024-10-17,1000000.00,4.321253,98.806640625
08:00:32,912810UC0,TSRYS5860825,D,S,T,2024-10-17,1000000.00,4.321253,98.806640625
08:00:32,912810UC0,TSRYS5860825,D,S,T,2024-10-17,1000000.00,4.31842,98.853515625
08:00:32,912810UC0,TSRYS5860825,D,S,T,2024-10-17,1000000.00,4.318774,98.84765625
08:00:32,912810UC0,TSRYS5860825,D,S,D,2024-10-17,1000000.00,4.31901,98.84375
08:00:32,912810UC0,TSRYS5860825,D,S,D,2024-10-17,1000000.00,4.31901,98.84375
08:00:32,912810UC0,TSRYS5860825,D,S,D,2024-10-17,1000000.00,4.31901,98.84375
08:00:32,912810UC0,TSRYS5860825,D,S,D,2024-10-17,1000000.00,4.31901,98.84375
08:00:32,912810UC0,TSRYS5860825,D,S,D,2024-10-17,1000000.00,4.31901,98.84375
08:00:32,912810UC0,TSRYS5860825,D,S,D,2024-10-17,1000000.00,4.311462,98.96875
08:00:32,912810UC0,TSRYS5860825,D,S,D,2024-10-17,1000000.00,4.311933,98.9609375
08:00:32,912810UC0,TSRYS5860825,D,S,D,2024-10-17,1000000.00,4.314762,98.9140625
08:00:32,912810UC0,TSRYS5860825,D,S,D,2024-10-17,1000000.00,4.314998,98.91015625
08:00:32,912810UC0,TSRYS5860825,D,S,D,2024-10-17,1000000.00,4.314998,98.91015625
08:00:32,912810UC0,TSRYS5860825,D,S,D,2024-10-17,1000000.00,4.314998,98.91015625
08:00:32,912810UC0,TSRYS5860825,D,S,D,2024-10-17,1000000.00,4.314998,98.91015625
08:00:32,912810UC0,TSRYS5860825,D,S,D,2024-10-17,1000000.00,4.310048,98.9921875
08:00:32,912810UC0,TSRYS5860825,D,S,D,2024-10-17,1000000.00,4.312405,98.953125
08:00:32,912810UC0,TSRYS5860825,D,S,D,2024-10-17,1000000.00,4.31099,98.9765625
08:00:32,912810UC0,TSRYS5860825,D,S,D,2024-10-17,1000000.00,4.310048,98.9921875
08:00:32,912810UC0,TSRYS5860825,D,S,D,2024-10-17,1000000.00,4.310048,98.9921875
08:00:32,912810UC0,TSRYS5860825,D,S,D,2024-10-17,1000000.00,4.310519,98.984375
08:00:32,912810UC0,TSRYS5860825,D,S,D,2024-10-17,1000000.00,4.318774,98.84765625
08:00:32,912810UC0,TSRYS5860825,D,S,D,2024-10-17,1000000.00,4.317122,98.875
08:00:32,912810UC0,TSRYS5860825,D,S,D,2024-10-17,1000000.00,4.317122,98.875
08:00:32,912810UC0,TSRYS5860825,D,S,D,2024-10-17,1000000.00,4.318066,98.859375
08:00:32,912810UC0,TSRYS5860825,D,S,D,2024-10-17,1000000.00,4.31783,98.86328125
08:00:32,912810UC0,TSRYS5860825,D,S,D,2024-10-17,1000000.00,4.31783,98.86328125
08:00:32,912810UC0,TSRYS5860825,D,S,D,2024-10-17,1000000.00,4.314291,98.921875
08:00:32,912810UC0,TSRYS5860825,D,S,D,2024-10-17,1000000.00,4.314998,98.91015625
08:00:32,912810UC0,TSRYS5860825,D,S,D,2024-10-17,1000000.00,4.316178,98.890625
08:00:32,912810UC0,TSRYS5860825,D,S,D,2024-10-17,1000000.00,4.317358,98.87109375
08:00:32,912810UC0,TSRYS5860825,D,S,D,2024-10-17,1000000.00,4.317358,98.87109375
08:00:32,912810UC0,TSRYS5860825,D,S,D,2024-10-17,1000000.00,4.315234,98.90625
08:00:32,912810UC0,TSRYS5860825,D,S,D,2024-10-17,1000000.00,4.31665,98.8828125
08:00:32,912810UC0,TSRYS5860825,D,S,D,2024-10-17,1000000.00,4.31665,98.8828125
08:00:32,912810UC0,TSRYS5860825,D,S,D,2024-10-17,1000000.00,4.319954,98.828125
08:00:32,912810UC0,TSRYS5860825,D,S,D,2024-10-17,1000000.00,4.324444,98.75390625
08:00:32,912810UC0,TSRYS5860825,D,S,D,2024-10-17,1000000.00,4.325389,98.73828125
08:00:32,912810UC0,TSRYS5860825,D,S,D,2024-10-17,1000000.00,4.325389,98.73828125
08:00:32,912810UC0,TSRYS5860825,D,S,D,2024-10-17,1000000.00,4.326335,98.72265625
08:00:32,912810UC0,TSRYS5860825,D,S,D,2024-10-17,1000000.00,4.326335,98.72265625
08:00:32,912810UC0,TSRYS5860825,D,S,D,2024-10-17,1000000.00,4.326335,98.72265625
08:00:32,912810UC0,TSRYS5860825,D,S,D,2024-10-17,1000000.00,4.326099,98.7265625
08:00:32,912810UC0,TSRYS5860825,D,S,D,2024-10-17,1000000.00,4.319718,98.83203125
08:00:32,912810UC0,TSRYS5860825,D,S,D,2024-10-17,1000000.00,4.322789,98.78125
08:00:32,912810UC0,TSRYS5860825,D,S,D,2024-10-17,1000000.00,4.322789,98.78125
08:00:32,912810UC0,TSRYS5860825,D,S,D,2024-10-17,1000000.00,4.316886,98.87890625
08:00:32,912810UC0,TSRYS5860825,D,S,D,2024-10-17,1000000.00,4.314998,98.91015625
08:00:32,912810UC0,TSRYS5860825,D,S,D,2024-10-17,1000000.00,4.314762,98.9140625
08:00:32,912810UC0,TSRYS5860825,D,S,D,2024-10-17,1000000.00,4.315234,98.90625
08:00:32,912810UC0,TSRYS5860825,D,S,D,2024-10-17,1000000.00,4.315706,98.8984375
08:00:32,912810UC0,TSRYS5860825,D,S,D,2024-10-17,1000000.00,4.316414,98.88671875
08:00:32,912810UC0,TSRYS5860825,D,S,D,2024-10-17,1000000.00,4.31665,98.8828125
08:00:32,912810UC0,TSRYS5860825,D,S,D,2024-10-17,1000000.00,4.316886,98.87890625
08:00:32,912810UC0,TSRYS5860825,D,S,D,2024-10-17,1000000.00,4.316886,98.87890625
08:00:32,912810UC0,TSRYS5860825,D,S,D,2024-10-17,1000000.00,4.315942,98.89453125
08:00:32,912810UC0,TSRYS5860825,D,S,D,2024-10-17,1000000.00,4.313348,98.9375
08:00:32,912810UC0,TSRYS5860825,D,S,D,2024-10-17,1000000.00,4.312405,98.953125
08:00:32,912810UC0,TSRYS5860825,D,S,D,2024-10-17,1000000.00,4.317122,98.875
08:00:32,912810UC0,TSRYS5860825,D,S,D,2024-10-17,1000000.00,4.318774,98.84765625
08:00:32,912810UC0,TSRYS5860825,D,S,D,2024-10-17,1000000.00,4.31901,98.84375
08:00:32,912810UC0,TSRYS5860825,D,S,D,2024-10-17,1000000.00,4.31901,98.84375
08:00:32,912810UC0,TSRYS5860825,D,S,D,2024-10-17,1000000.00,4.31901,98.84375
08:00:32,912810UC0,TSRYS5860825,D,S,D,2024-10-17,1000000.00,4.31901,98.84375
08:00:32,912810UC0,TSRYS5860825,D,S,D,2024-10-17,1000000.00,4.31901,98.84375
08:00:33,912810UC0,TSRYS5860825,D,S,D,2024-10-17,1000000.00,4.311697,98.96484375
08:00:33,912810UC0,TSRYS5860825,D,S,D,2024-10-17,1000000.00,4.311697,98.96484375
08:00:33,912810UC0,TSRYS5860825,D,S,D,2024-10-17,1000000.00,4.314762,98.9140625
08:00:33,912810UC0,TSRYS5860825,D,S,D,2024-10-17,1000000.00,4.314762,98.9140625
08:00:33,912810UC0,TSRYS5860825,D,S,D,2024-10-17,1000000.00,4.31488,98.912109375
08:00:33,912810UC0,TSRYS5860825,D,S,D,2024-10-17,1000000.00,4.31488,98.912109375
08:00:33,912810UC0,TSRYS5860825,D,S,D,2024-10-17,1000000.00,4.313819,98.9296875
08:00:33,912810UC0,TSRYS5860825,D,S,D,2024-10-17,1000000.00,4.313348,98.9375
08:00:33,912810UC0,TSRYS5860825,D,S,D,2024-10-17,1000000.00,4.312405,98.953125
08:00:33,912810UC0,TSRYS5860825,D,S,D,2024-10-17,1000000.00,4.312405,98.953125
08:00:33,912810UC0,TSRYS5860825,D,S,D,2024-10-17,1000000.00,4.312405,98.953125
08:00:33,912810UC0,TSRYS5860825,D,S,D,2024-10-17,1000000.00,4.311933,98.9609375
08:00:33,912810UC0,TSRYS5860825,D,S,D,2024-10-17,1000000.00,4.311933,98.9609375
08:00:33,912810UC0,TSRYS5860825,D,S,D,2024-10-17,1000000.00,4.311933,98.9609375
08:00:33,912810UC0,TSRYS5860825,D,S,D,2024-10-17,1000000.00,4.312405,98.953125
08:00:33,912810UC0,TSRYS5860825,D,S,D,2024-10-17,1000000.00,4.312405,98.953125
08:00:33,912810UC0,TSRYS5860825,D,S,D,2024-10-17,1000000.00,4.312405,98.953125
08:00:33,912810UC0,TSRYS5860825,D,S,D,2024-10-17,1000000.00,4.311462,98.96875
08:00:33,912810UC0,TSRYS5860825,D,S,D,2024-10-17,1000000.00,4.311462,98.96875
08:00:33,912810UC0,TSRYS5860825,D,S,D,2024-10-17,1000000.00,4.312405,98.953125
08:00:33,912810UC0,TSRYS5860825,D,S,D,2024-10-17,1000000.00,4.314762,98.9140625
08:00:33,912810UC0,TSRYS5860825,D,S,D,2024-10-17,1000000.00,4.31606,98.892578125
08:00:33,912810UC0,TSRYS5860825,D,S,D,2024-10-17,1000000.00,4.31606,98.892578125
08:00:33,912810UC0,TSRYS5860825,D,S,D,2024-10-17,1000000.00,4.31606,98.892578125
08:00:33,912810UC0,TSRYS5860825,D,S,D,2024-10-17,1000000.00,4.317358,98.87109375
08:00:33,912810UC0,TSRYS5860825,D,S,D,2024-10-17,1000000.00,4.317358,98.87109375
08:00:33,912810UC0,TSRYS5860825,D,S,D,2024-10-17,1000000.00,4.317122,98.875
08:00:33,912810UC0,TSRYS5860825,D,S,D,2024-10-17,1000000.00,4.317004,98.876953125
08:00:33,912810UC0,TSRYS5860825,D,S,D,2024-10-17,1000000.00,4.319128,98.841796875
08:00:33,912810UC0,TSRYS5860825,D,S,D,2024-10-17,1000000.00,4.319128,98.841796875
08:00:33,912810UC0,TSRYS5860825,D,S,D,2024-10-17,1000000.00,4.319364,98.837890625
08:00:33,912810UC0,TSRYS5860825,D,S,D,2024-10-17,1000000.00,4.32598,98.728515625
08:00:33,912810UC0,TSRYS5860825,D,S,D,2024-10-17,1000000.00,4.32468,98.75
08:00:33,912810UC0,TSRYS5860825,D,S,D,2024-10-17,1000000.00,4.324207,98.7578125
08:00:33,912810UC0,TSRYS5860825,D,S,D,2024-10-17,1000000.00,4.324444,98.75390625
08:00:33,912810UC0,TSRYS5860825,D,S,D,2024-10-17,1000000.00,4.324444,98.75390625
08:00:33,912810UC0,TSRYS5860825,D,S,D,2024-10-17,1000000.00,4.324325,98.755859375
08:00:33,912810UC0,TSRYS5860825,D,S,D,2024-10-17,1000000.00,4.325626,98.734375
08:00:33,912810UC0,TSRYS5860825,D,S,D,2024-10-17,1000000.00,4.326335,98.72265625
08:00:33,912810UC0,TSRYS5860825,D,S,D,2024-10-17,1000000.00,4.326808,98.71484375
08:00:33,912810UC0,TSRYS5860825,D,S,D,2024-10-17,1000000.00,4.326572,98.71875
08:00:33,912810UC0,TSRYS5860825,D,S,D,2024-10-17,1000000.00,4.326572,98.71875
08:00:33,912810UC0,TSRYS5860825,D,S,D,2024-10-17,1000000.00,4.326335,98.72265625
08:00:33,912810UC0,TSRYS5860825,D,S,D,2024-10-17,1000000.00,4.326217,98.724609375
08:00:33,912810UC0,TSRYS5860825,D,S,D,2024-10-17,1000000.00,4.326099,98.7265625
08:00:33,912810UC0,TSRYS5860825,D,S,D,2024-10-17,1000000.00,4.325508,98.736328125
08:00:33,912810UC0,TSRYS5860825,D,S,D,2024-10-17,1000000.00,4.32468,98.75
08:00:33,912810UC0,TSRYS5860825,D,S,D,2024-10-17,1000000.00,4.32468,98.75
08:00:33,912810UC0,TSRYS5860825,D,S,D,2024-10-17,1000000.00,4.323144,98.775390625
08:00:33,912810UC0,TSRYS5860825,D,S,D,2024-10-17,1000000.00,4.322907,98.779296875
08:00:33,912810UC0,TSRYS5860825,D,S,D,2024-10-17,1000000.00,4.31901,98.84375
08:00:33,912810UC0,TSRYS5860825,D,S,D,2024-10-17,1000000.00,4.31901,98.84375
08:00:33,912810UC0,TSRYS5860825,D,S,D,2024-10-17,1000000.00,4.317476,98.869140625
08:00:33,912810UC0,TSRYS5860825,D,S,D,2024-10-17,1000000.00,4.317476,98.869140625
08:00:33,912810UC0,TSRYS5860825,D,S,D,2024-10-17,1000000.00,4.317712,98.865234375
08:00:33,912810UC0,TSRYS5860825,D,S,D,2024-10-17,1000000.00,4.317712,98.865234375
08:00:33,912810UC0,TSRYS5860825,D,S,D,2024-10-17,1000000.00,4.317712,98.865234375
08:00:33,912810UC0,TSRYS5860825,D,S,D,2024-10-17,1000000.00,4.317712,98.865234375
08:00:33,912810UC0,TSRYS5860825,D,S,D,2024-10-17,1000000.00,4.317712,98.865234375
08:00:33,912810UC0,TSRYS5860825,D,S,D,2024-10-17,1000000.00,4.317712,98.865234375
08:00:33,912810UC0,TSRYS5860825,D,S,D,2024-10-17,1000000.00,4.317476,98.869140625
08:00:33,912810UC0,TSRYS5860825,D,B,A,2024-10-17,500000.00,4.312405,98.953125
08:00:36,912810UC0,TSRYS5860825,D,S,T,2024-10-17,3000000.00,4.313348,98.9375
08:00:37,912810UC0,TSRYS5860825,D,S,T,2024-10-17,1000000.00,4.321135,98.80859375
08:00:37,912810UC0,TSRYS5860825,D,S,T,2024-10-17,1000000.00,4.321372,98.8046875
08:00:37,912810UC0,TSRYS5860825,D,S,T,2024-10-17,1000000.00,4.321253,98.806640625
08:00:37,912810UC0,TSRYS5860825,D,S,T,2024-10-17,1000000.00,4.320545,98.818359375
08:00:37,912810UC0,TSRYS5860825,D,S,T,2024-10-17,1000000.00,4.320309,98.822265625
08:00:37,912810UC0,TSRYS5860825,D,S,T,2024-10-17,1000000.00,4.320427,98.8203125
08:00:37,912810UC0,TSRYS5860825,D,S,T,2024-10-17,1000000.00,4.320191,98.82421875
08:00:37,912810UC0,TSRYS5860825,D,S,T,2024-10-17,1000000.00,4.320309,98.822265625
08:00:37,912810UC0,TSRYS5860825,D,S,T,2024-10-17,1000000.00,4.320191,98.82421875
08:00:37,912810UC0,TSRYS5860825,D,S,T,2024-10-17,1000000.00,4.320309,98.822265625
08:00:37,912810UC0,TSRYS5860825,D,S,T,2024-10-17,1000000.00,4.318656,98.849609375
08:00:37,912810UC0,TSRYS5860825,D,S,T,2024-10-17,1000000.00,4.317594,98.8671875
08:00:37,912810UC0,TSRYS5860825,D,S,T,2024-10-17,1000000.00,4.31783,98.86328125
08:00:37,912810UC0,TSRYS5860825,D,S,A,2024-10-17,750000.00,4.31901,98.84375
08:00:40,912810UC0,TSRYS5860825,D,B,A,2024-10-17,1000000.00,4.311228,98.97265625
08:00:41,912810UC0,TSRYS5860825,D,S,T,2024-10-17,1000000.00,4.317122,98.875
08:00:42,912810UC0,TSRYS5860825,D,S,A,2024-10-17,150000.00,4.318066,98.859375
08:00:42,912810UC0,TSRYS5860825,D,S,A,2024-10-17,150000.00,4.318066,98.859375
08:00:42,912810UC0,TSRYS5860825,D,S,A,2024-10-17,3000000.00,4.318066,98.859375
08:00:42,912810UC0,TSRYS5860825,D,S,D,2024-10-17,3000000.00,4.315942,98.89453125
08:00:42,912810UC0,TSRYS5860825,D,S,D,2024-10-17,6000000.00,4.316178,98.890625
08:00:42,912810UC0,TSRYS5860825,D,S,C,2024-10-17,200000.00,4.314291,98.921875
08:00:43,912810UC0,TSRYS5860825,D,S,D,2024-10-17,5000000.00,4.314527,98.91796875
08:00:44,912810UC0,TSRYS5860825,D,S,D,2024-10-17,1000000.00,4.318066,98.859375
08:00:44,912810UC0,TSRYS5860825,D,S,D,2024-10-17,897000.00,4.317594,98.8671875
08:00:44,912810UC0,TSRYS5860825,D,S,D,2024-10-17,817000.00,4.319482,98.8359375
08:00:44,912810UC0,TSRYS5860825,D,S,D,2024-10-17,898000.00,4.319482,98.8359375
08:00:44,912810UC0,TSRYS5860825,D,S,D,2024-10-17,901000.00,4.319482,98.8359375
08:00:44,912810UC0,TSRYS5860825,D,S,D,2024-10-17,818000.00,4.319482,98.8359375
08:00:44,912810UC0,TSRYS5860825,D,S,D,2024-10-17,898000.00,4.319718,98.83203125
08:00:44,912810UC0,TSRYS5860825,D,S,D,2024-10-17,817000.00,4.319246,98.83984375
08:00:44,912810UC0,TSRYS5860825,D,S,D,2024-10-17,965000.00,4.317122,98.875
08:00:44,912810UC0,TSRYS5860825,D,S,D,2024-10-17,903000.00,4.317122,98.875
08:00:44,912810UC0,TSRYS5860825,D,S,D,2024-10-17,902000.00,4.31783,98.86328125
08:00:44,912810UC0,TSRYS5860825,D,S,D,2024-10-17,902000.00,4.318066,98.859375
08:00:44,912810UC0,TSRYS5860825,D,S,D,2024-10-17,1000000.00,4.319246,98.83984375
08:00:44,912810UC0,TSRYS5860825,D,S,D,2024-10-17,1000000.00,4.31901,98.84375
08:00:45,912810UC0,TSRYS5860825,D,S,A,2024-10-17,20000000.00,4.306751,99.046875
08:00:45,912810UC0,TSRYS5860825,D,S,A,2024-10-17,20000000.00,4.312405,98.953125
08:00:46,912810UC0,TSRYS5860825,D,S,A,2024-10-17,915000.00,4.310755,98.98046875
08:00:46,912810UC0,TSRYS5860825,D,S,D,2024-10-17,200000.00,,98.921875
08:00:47,912810UC0,TSRYS5860825,D,S,D,2024-10-17,45310000.00,4.317122,98.875
08:00:47,912810UC0,TSRYS5860825,D,B,C,2024-10-17,45310000.00,4.317122,98.875
08:00:47,912810UC0,TSRYS5860825,D,S,D,2024-10-17,28000000.00,4.31901,98.84375
08:00:47,912810UC0,TSRYS5860825,D,B,C,2024-10-17,3000000.00,4.319482,98.8359375
08:00:47,912810UC0,TSRYS5860825,D,S,D,2024-10-17,15000000.00,4.319524,98.83524
08:00:47,912810UC0,TSRYS5860825,D,B,C,2024-10-17,15000000.00,4.319524,98.83524
08:00:50,912810UC0,TSRYS5860825,D,S,T,2024-10-17,1000000.00,4.317128,98.874898
08:00:50,912810UC0,TSRYS5860825,D,S,T,2024-10-17,1000000.00,4.317128,98.874898
08:00:50,912810UC0,TSRYS5860825,D,S,T,2024-10-17,1000000.00,4.317128,98.874898
08:00:51,912810UC0,TSRYS5860825,D,S,T,2024-10-17,1000000.00,4.315116,98.908203125
08:00:51,912810UC0,TSRYS5860825,D,S,T,2024-10-17,1000000.00,4.314291,98.921875
08:00:51,912810UC0,TSRYS5860825,D,S,T,2024-10-17,1000000.00,4.313819,98.9296875
08:00:51,912810UC0,TSRYS5860825,D,S,T,2024-10-17,1000000.00,4.313465,98.935546875
08:00:51,912810UC0,TSRYS5860825,D,S,T,2024-10-17,1000000.00,4.31264,98.94921875
08:00:52,912810UC0,TSRYS5860825,D,S,T,2024-10-17,1000000.00,4.312876,98.9453125
08:00:52,912810UC0,TSRYS5860825,D,S,T,2024-10-17,1000000.00,4.314173,98.923828125
08:00:54,912810UC0,TSRYS5860825,D,B,A,2024-10-17,196800.00,4.327991,98.6953125
08:00:56,912810UC0,TSRYS5860825,D,B,C,2024-10-17,39000000.00,4.316178,98.890625
08:00:56,912810UC0,TSRYS5860825,D,S,A,2024-10-17,1000000.00,4.317122,98.875
08:00:57,912810UC0,TSRYS5860825,D,S,A,2024-10-17,1250000.00,4.317805,98.86368125
08:00:58,912810UC0,TSRYS5860825,D,S,T,2024-10-17,1000000.00,4.317951,98.861278125
08:01:00,912810UC0,TSRYS5860825,D,S,T,2024-10-17,1000000.00,4.315252,98.90595
08:01:00,912810UC0,TSRYS5860825,D,S,D,2024-10-17,1000000.00,4.311462,98.96875
08:01:00,912810UC0,TSRYS5860825,D,S,D,2024-10-17,1000000.00,4.310519,98.984375
08:01:00,912810UC0,TSRYS5860825,D,S,D,2024-10-17,1000000.00,4.311933,98.9609375
08:01:00,912810UC0,TSRYS5860825,D,S,D,2024-10-17,1000000.00,4.311933,98.9609375
08:01:00,912810UC0,TSRYS5860825,D,S,D,2024-10-17,1000000.00,4.314998,98.91015625
08:01:00,912810UC0,TSRYS5860825,D,S,D,2024-10-17,1000000.00,4.314762,98.9140625
08:01:00,912810UC0,TSRYS5860825,D,S,D,2024-10-17,4000000.00,4.314762,98.9140625
08:01:00,912810UC0,TSRYS5860825,D,S,D,2024-10-17,1000000.00,4.311933,98.9609375
08:01:00,912810UC0,TSRYS5860825,D,S,D,2024-10-17,1000000.00,4.314998,98.91015625
08:01:00,912810UC0,TSRYS5860825,D,S,D,2024-10-17,1000000.00,4.314998,98.91015625
08:01:00,912810UC0,TSRYS5860825,D,S,D,2024-10-17,4000000.00,4.314762,98.9140625
08:01:00,912810UC0,TSRYS5860825,D,B,C,2024-10-17,1000000.00,4.314055,98.92578125
08:01:00,912810UC0,TSRYS5860825,D,S,D,2024-10-17,1000000.00,4.314998,98.91015625
08:01:00,912810UC0,TSRYS5860825,D,S,D,2024-10-17,1000000.00,4.314527,98.91796875
08:01:00,912810UC0,TSRYS5860825,D,S,C,2024-10-17,1000000.00,4.309812,98.99609375
08:01:00,912810UC0,TSRYS5860825,D,S,D,2024-10-17,1000000.00,4.314055,98.92578125
08:01:00,912810UC0,TSRYS5860825,D,S,D,2024-10-17,1000000.00,4.314998,98.91015625
08:01:00,912810UC0,TSRYS5860825,D,S,D,2024-10-17,1000000.00,4.311697,98.96484375
08:01:00,912810UC0,TSRYS5860825,D,S,D,2024-10-17,1000000.00,4.311933,98.9609375
08:01:00,912810UC0,TSRYS5860825,D,S,D,2024-10-17,1000000.00,4.311697,98.96484375
08:01:00,912810UC0,TSRYS5860825,D,S,D,2024-10-17,1000000.00,4.310048,98.9921875
08:01:00,912810UC0,TSRYS5860825,D,S,D,2024-10-17,1000000.00,4.311933,98.9609375
08:01:00,912810UC0,TSRYS5860825,D,S,D,2024-10-17,1000000.00,4.311933,98.9609375
08:01:00,912810UC0,TSRYS5860825,D,S,D,2024-10-17,1000000.00,4.311933,98.9609375
08:01:00,912810UC0,TSRYS5860825,D,B,C,2024-10-17,1000000.00,4.309341,99.00390625
08:01:00,912810UC0,TSRYS5860825,D,S,D,2024-10-17,1000000.00,4.31099,98.9765625
08:01:00,912810UC0,TSRYS5860825,D,S,D,2024-10-17,1000000.00,4.309341,99.00390625
08:01:00,912810UC0,TSRYS5860825,D,S,D,2024-10-17,1000000.00,4.310284,98.98828125
08:01:00,912810UC0,TSRYS5860825,D,S,D,2024-10-17,1000000.00,4.310284,98.98828125
08:01:00,912810UC0,TSRYS5860825,D,S,D,2024-10-17,1000000.00,4.310048,98.9921875
08:01:00,912810UC0,TSRYS5860825,D,S,D,2024-10-17,1000000.00,4.312405,98.953125
08:01:00,912810UC0,TSRYS5860825,D,S,D,2024-10-17,1000000.00,4.310048,98.9921875
08:01:00,912810UC0,TSRYS5860825,D,S,D,2024-10-17,1000000.00,4.310048,98.9921875
08:01:00,912810UC0,TSRYS5860825,D,S,D,2024-10-17,1000000.00,4.31264,98.94921875
08:01:00,912810UC0,TSRYS5860825,D,B,C,2024-10-17,1000000.00,4.308399,99.01953125
08:01:00,912810UC0,TSRYS5860825,D,S,D,2024-10-17,1000000.00,4.308399,99.01953125
08:01:00,912810UC0,TSRYS5860825,D,S,D,2024-10-17,1000000.00,4.31099,98.9765625
08:01:00,912810UC0,TSRYS5860825,D,S,D,2024-10-17,1000000.00,4.317122,98.875
08:01:00,912810UC0,TSRYS5860825,D,S,D,2024-10-17,1000000.00,4.310519,98.984375
08:01:00,912810UC0,TSRYS5860825,D,S,D,2024-10-17,1000000.00,4.31099,98.9765625
08:01:00,912810UC0,TSRYS5860825,D,S,D,2024-10-17,1000000.00,4.315234,98.90625
08:01:00,912810UC0,TSRYS5860825,D,S,D,2024-10-17,1000000.00,4.318774,98.84765625
08:01:00,912810UC0,TSRYS5860825,D,S,C,2024-10-17,1000000.00,4.316414,98.88671875
08:01:00,912810UC0,TSRYS5860825,D,S,D,2024-10-17,1000000.00,4.314291,98.921875
08:01:00,912810UC0,TSRYS5860825,D,S,D,2024-10-17,1000000.00,4.315234,98.90625
08:01:00,912810UC0,TSRYS5860825,D,S,D,2024-10-17,1000000.00,4.317122,98.875
08:01:00,912810UC0,TSRYS5860825,D,S,D,2024-10-17,1000000.00,4.313348,98.9375
08:01:00,912810UC0,TSRYS5860825,D,S,D,2024-10-17,1000000.00,4.317122,98.875
08:01:00,912810UC0,TSRYS5860825,D,S,D,2024-10-17,1000000.00,4.31783,98.86328125
08:01:00,912810UC0,TSRYS5860825,D,S,D,2024-10-17,1000000.00,4.31783,98.86328125
08:01:00,912810UC0,TSRYS5860825,D,S,D,2024-10-17,1000000.00,4.31783,98.86328125
08:01:00,912810UC0,TSRYS5860825,D,S,D,2024-10-17,1000000.00,4.311462,98.96875
08:01:00,912810UC0,TSRYS5860825,D,S,D,2024-10-17,1000000.00,4.316178,98.890625
08:01:00,912810UC0,TSRYS5860825,D,S,D,2024-10-17,1000000.00,4.310519,98.984375
08:01:00,912810UC0,TSRYS5860825,D,S,D,2024-10-17,1000000.00,4.317594,98.8671875
08:01:00,912810UC0,TSRYS5860825,D,S,D,2024-10-17,1000000.00,4.313348,98.9375
08:01:00,912810UC0,TSRYS5860825,D,S,D,2024-10-17,1000000.00,4.315234,98.90625
08:01:00,912810UC0,TSRYS5860825,D,S,D,2024-10-17,1000000.00,4.314762,98.9140625
08:01:00,912810UC0,TSRYS5860825,D,S,D,2024-10-17,1000000.00,4.314291,98.921875
08:01:01,912810UC0,TSRYS5860825,D,S,D,2024-10-17,1000000.00,4.314762,98.9140625
08:01:01,912810UC0,TSRYS5860825,D,S,D,2024-10-17,1000000.00,4.319718,98.83203125
08:01:01,912810UC0,TSRYS5860825,D,B,C,2024-10-17,1000000.00,4.319718,98.83203125
08:01:01,912810UC0,TSRYS5860825,D,S,D,2024-10-17,1000000.00,4.314998,98.91015625
08:01:01,912810UC0,TSRYS5860825,D,S,D,2024-10-17,1000000.00,4.315234,98.90625
08:01:01,912810UC0,TSRYS5860825,D,S,D,2024-10-17,1000000.00,4.315234,98.90625
08:01:01,912810UC0,TSRYS5860825,D,S,D,2024-10-17,1000000.00,4.317122,98.875
08:01:01,912810UC0,TSRYS5860825,D,S,D,2024-10-17,1000000.00,4.31665,98.8828125
08:01:01,912810UC0,TSRYS5860825,D,S,C,2024-10-17,1000000.00,4.31665,98.8828125
08:01:01,912810UC0,TSRYS5860825,D,S,D,2024-10-17,1000000.00,4.316886,98.87890625
08:01:01,912810UC0,TSRYS5860825,D,S,D,2024-10-17,1000000.00,4.316886,98.87890625
08:01:01,912810UC0,TSRYS5860825,D,S,D,2024-10-17,1000000.00,4.323734,98.765625
08:01:01,912810UC0,TSRYS5860825,D,S,D,2024-10-17,1000000.00,4.326335,98.72265625
08:01:01,912810UC0,TSRYS5860825,D,S,D,2024-10-17,1000000.00,4.324444,98.75390625
08:01:01,912810UC0,TSRYS5860825,D,S,D,2024-10-17,1000000.00,4.327281,98.70703125
08:01:01,912810UC0,TSRYS5860825,D,S,D,2024-10-17,1000000.00,4.325626,98.734375
08:01:01,912810UC0,TSRYS5860825,D,S,C,2024-10-17,1000000.00,4.325389,98.73828125
08:01:01,912810UC0,TSRYS5860825,D,S,C,2024-10-17,1000000.00,4.326335,98.72265625
08:01:01,912810UC0,TSRYS5860825,D,S,C,2024-10-17,1000000.00,4.325389,98.73828125
08:01:01,912810UC0,TSRYS5860825,D,S,C,2024-10-17,1000000.00,4.326335,98.72265625
08:01:01,912810UC0,TSRYS5860825,D,S,C,2024-10-17,1000000.00,4.326335,98.72265625
08:01:01,912810UC0,TSRYS5860825,D,S,D,2024-10-17,4000000.00,4.323498,98.76953125
08:01:01,912810UC0,TSRYS5860825,D,S,C,2024-10-17,1000000.00,4.322789,98.78125
08:01:01,912810UC0,TSRYS5860825,D,S,D,2024-10-17,1000000.00,4.320191,98.82421875
08:01:01,912810UC0,TSRYS5860825,D,S,C,2024-10-17,2000000.00,4.322789,98.78125
08:01:01,912810UC0,TSRYS5860825,D,S,C,2024-10-17,1000000.00,4.322789,98.78125
08:01:01,912810UC0,TSRYS5860825,D,S,C,2024-10-17,2000000.00,4.322789,98.78125
08:01:01,912810UC0,TSRYS5860825,D,S,C,2024-10-17,1000000.00,4.322789,98.78125
08:01:01,912810UC0,TSRYS5860825,D,S,C,2024-10-17,2000000.00,4.322789,98.78125
08:01:01,912810UC0,TSRYS5860825,D,S,C,2024-10-17,1000000.00,4.322789,98.78125
08:01:01,912810UC0,TSRYS5860825,D,S,C,2024-10-17,1000000.00,4.322789,98.78125
08:01:01,912810UC0,TSRYS5860825,D,S,C,2024-10-17,1000000.00,4.322789,98.78125
08:01:01,912810UC0,TSRYS5860825,D,S,D,2024-10-17,1000000.00,4.318066,98.859375
08:01:01,912810UC0,TSRYS5860825,D,S,C,2024-10-17,1000000.00,4.319482,98.8359375
08:01:01,912810UC0,TSRYS5860825,D,S,C,2024-10-17,2000000.00,4.31901,98.84375
08:01:01,912810UC0,TSRYS5860825,D,S,D,2024-10-17,1000000.00,4.316886,98.87890625
08:01:01,912810UC0,TSRYS5860825,D,S,C,2024-10-17,1000000.00,4.314998,98.91015625
08:01:01,912810UC0,TSRYS5860825,D,S,C,2024-10-17,1000000.00,4.314762,98.9140625
08:01:01,912810UC0,TSRYS5860825,D,S,D,2024-10-17,1000000.00,4.314998,98.91015625
08:01:01,912810UC0,TSRYS5860825,D,S,C,2024-10-17,1000000.00,4.315234,98.90625
08:01:01,912810UC0,TSRYS5860825,D,B,C,2024-10-17,1000000.00,4.314998,98.91015625
08:01:01,912810UC0,TSRYS5860825,D,S,C,2024-10-17,1000000.00,4.316414,98.88671875
08:01:01,912810UC0,TSRYS5860825,D,S,C,2024-10-17,1000000.00,4.315706,98.8984375
08:01:01,912810UC0,TSRYS5860825,D,S,C,2024-10-17,1000000.00,4.316414,98.88671875
08:01:01,912810UC0,TSRYS5860825,D,S,C,2024-10-17,1000000.00,4.31665,98.8828125
08:01:01,912810UC0,TSRYS5860825,D,S,D,2024-10-17,1000000.00,4.317122,98.875
08:01:01,912810UC0,TSRYS5860825,D,B,C,2024-10-17,1000000.00,4.317122,98.875
08:01:01,912810UC0,TSRYS5860825,D,B,C,2024-10-17,1000000.00,4.317122,98.875
08:01:01,912810UC0,TSRYS5860825,D,S,D,2024-10-17,1000000.00,4.317122,98.875
08:01:01,912810UC0,TSRYS5860825,D,S,D,2024-10-17,1000000.00,4.316414,98.88671875
08:01:01,912810UC0,TSRYS5860825,D,B,C,2024-10-17,1000000.00,4.316414,98.88671875
08:01:01,912810UC0,TSRYS5860825,D,S,C,2024-10-17,1000000.00,4.316886,98.87890625
08:01:01,912810UC0,TSRYS5860825,D,S,C,2024-10-17,1000000.00,4.316886,98.87890625
08:01:01,912810UC0,TSRYS5860825,D,S,C,2024-10-17,1000000.00,4.315942,98.89453125
08:01:01,912810UC0,TSRYS5860825,D,S,C,2024-10-17,1000000.00,4.315706,98.8984375
08:01:01,912810UC0,TSRYS5860825,D,S,C,2024-10-17,1000000.00,4.314998,98.91015625
08:01:01,912810UC0,TSRYS5860825,D,S,D,2024-10-17,1000000.00,4.315706,98.8984375
08:01:01,912810UC0,TSRYS5860825,D,B,C,2024-10-17,1000000.00,4.315706,98.8984375
08:01:01,912810UC0,TSRYS5860825,D,S,D,2024-10-17,1000000.00,4.314762,98.9140625
08:01:01,912810UC0,TSRYS5860825,D,B,C,2024-10-17,1000000.00,4.314762,98.9140625
08:01:01,912810UC0,TSRYS5860825,D,S,C,2024-10-17,1000000.00,4.314291,98.921875
08:01:01,912810UC0,TSRYS5860825,D,S,D,2024-10-17,1000000.00,4.314291,98.921875
08:01:01,912810UC0,TSRYS5860825,D,B,C,2024-10-17,1000000.00,4.314291,98.921875
08:01:01,912810UC0,TSRYS5860825,D,B,C,2024-10-17,1000000.00,4.313819,98.9296875
08:01:01,912810UC0,TSRYS5860825,D,S,C,2024-10-17,1000000.00,4.313348,98.9375
08:01:01,912810UC0,TSRYS5860825,D,S,D,2024-10-17,1000000.00,4.313819,98.9296875
08:01:01,912810UC0,TSRYS5860825,D,S,C,2024-10-17,1000000.00,4.313348,98.9375
08:01:01,912810UC0,TSRYS5860825,D,S,D,2024-10-17,1000000.00,4.311462,98.96875
08:01:01,912810UC0,TSRYS5860825,D,B,C,2024-10-17,1000000.00,4.312169,98.95703125
08:01:01,912810UC0,TSRYS5860825,D,S,D,2024-10-17,1000000.00,4.312169,98.95703125
08:01:01,912810UC0,TSRYS5860825,D,S,C,2024-10-17,4000000.00,4.313348,98.9375
08:01:01,912810UC0,TSRYS5860825,D,S,D,2024-10-17,1000000.00,4.312405,98.953125
08:01:01,912810UC0,TSRYS5860825,D,S,C,2024-10-17,1000000.00,4.313348,98.9375
08:01:01,912810UC0,TSRYS5860825,D,S,C,2024-10-17,1000000.00,4.313348,98.9375
08:01:01,912810UC0,TSRYS5860825,D,S,C,2024-10-17,1000000.00,4.313348,98.9375
08:01:01,912810UC0,TSRYS5860825,D,S,C,2024-10-17,1000000.00,4.314762,98.9140625
08:01:01,912810UC0,TSRYS5860825,D,S,D,2024-10-17,1000000.00,4.315942,98.89453125
08:01:01,912810UC0,TSRYS5860825,D,B,C,2024-10-17,1000000.00,4.315942,98.89453125
08:01:01,912810UC0,TSRYS5860825,D,S,D,2024-10-17,1000000.00,4.317594,98.8671875
08:01:01,912810UC0,TSRYS5860825,D,S,C,2024-10-17,1000000.00,4.317122,98.875
08:01:01,912810UC0,TSRYS5860825,D,B,C,2024-10-17,1000000.00,4.317594,98.8671875
08:01:01,912810UC0,TSRYS5860825,D,S,D,2024-10-17,1000000.00,4.316178,98.890625
08:01:03,912810UC0,TSRYS5860825,D,B,A,2024-10-17,3000000.00,4.327045,98.7109375
08:01:03,912810UC0,TSRYS5860825,D,S,T,2024-10-17,1000000.00,4.319954,98.828125
08:01:05,912810UC0,TSRYS5860825,D,S,D,2024-10-17,150000.00,4.321632,98.80038125
08:01:05,912810UC0,TSRYS5860825,D,B,C,2024-10-17,150000.00,4.321632,98.79704791667
08:01:05,912810UC0,TSRYS5860825,D,S,D,2024-10-17,100000.00,4.325886,98.73006875
08:01:05,912810UC0,TSRYS5860825,D,B,C,2024-10-17,100000.00,4.325886,98.72506875
08:01:06,912810UC0,TSRYS5860825,D,S,D,2024-10-17,1000000.00,4.304633,99.08203125
08:01:06,912810UC0,TSRYS5860825,D,S,D,2024-10-17,2000000.00,4.305809,99.0625
08:01:06,912810UC0,TSRYS5860825,D,S,D,2024-10-17,2000000.00,4.305809,99.0625
08:01:06,912810UC0,TSRYS5860825,D,S,D,2024-10-17,1000000.00,4.307339,99.037109375
08:01:06,912810UC0,TSRYS5860825,D,B,C,2024-10-17,1000000.00,4.307339,99.037109375
08:01:07,912810UC0,TSRYS5860825,D,S,D,2024-10-17,1000000.00,4.313348,98.9375
08:01:07,912810UC0,TSRYS5860825,D,S,D,2024-10-17,1000000.00,4.313348,98.9375
08:01:07,912810UC0,TSRYS5860825,D,S,D,2024-10-17,1000000.00,4.313348,98.9375
08:01:07,912810UC0,TSRYS5860825,D,S,D,2024-10-17,1000000.00,4.313348,98.9375
08:01:07,912810UC0,TSRYS5860825,D,S,D,2024-10-17,1000000.00,4.313348,98.9375
08:01:07,912810UC0,TSRYS5860825,D,S,D,2024-10-17,1000000.00,4.313348,98.9375
08:01:07,912810UC0,TSRYS5860825,D,S,D,2024-10-17,1000000.00,4.313348,98.9375
08:01:07,912810UC0,TSRYS5860825,D,S,D,2024-10-17,1000000.00,4.313348,98.9375
08:01:07,912810UC0,TSRYS5860825,D,S,D,2024-10-17,1000000.00,4.313348,98.9375
08:01:07,912810UC0,TSRYS5860825,D,S,D,2024-10-17,1000000.00,4.313348,98.9375
08:01:07,912810UC0,TSRYS5860825,D,S,D,2024-10-17,1000000.00,4.313348,98.9375
08:01:07,912810UC0,TSRYS5860825,D,S,D,2024-10-17,1000000.00,4.313348,98.9375
08:01:08,912810UC0,TSRYS5860825,D,S,D,2024-10-17,4000000.00,4.313348,98.9375
08:01:08,912810UC0,TSRYS5860825,D,S,D,2024-10-17,1000000.00,4.313348,98.9375
08:01:08,912810UC0,TSRYS5860825,D,S,D,2024-10-17,1000000.00,4.313348,98.9375
08:01:09,912810UC0,TSRYS5860825,D,S,D,2024-10-17,1000000.00,4.312405,98.953125
08:01:09,912810UC0,TSRYS5860825,D,S,D,2024-10-17,1000000.00,4.315234,98.90625
08:01:09,912810UC0,TSRYS5860825,D,S,D,2024-10-17,1000000.00,4.315234,98.90625
08:01:09,912810UC0,TSRYS5860825,D,S,D,2024-10-17,1000000.00,4.314291,98.921875
08:01:09,912810UC0,TSRYS5860825,D,S,D,2024-10-17,1000000.00,4.313348,98.9375
08:01:09,912810UC0,TSRYS5860825,D,S,D,2024-10-17,1000000.00,4.315234,98.90625
08:01:10,912810UC0,TSRYS5860825,D,S,D,2024-10-17,1000000.00,4.317122,98.875
08:01:10,912810UC0,TSRYS5860825,D,S,D,2024-10-17,1000000.00,4.316178,98.890625
08:01:10,912810UC0,TSRYS5860825,D,S,D,2024-10-17,1000000.00,4.315234,98.90625
08:01:10,912810UC0,TSRYS5860825,D,S,D,2024-10-17,1000000.00,4.313348,98.9375
08:01:10,912810UC0,TSRYS5860825,D,S,D,2024-10-17,1000000.00,4.311462,98.96875
08:01:10,912810UC0,TSRYS5860825,D,S,D,2024-10-17,1000000.00,4.310519,98.984375
08:01:10,912810UC0,TSRYS5860825,D,S,D,2024-10-17,1000000.00,4.313819,98.9296875
08:01:10,912810UC0,TSRYS5860825,D,S,D,2024-10-17,1000000.00,4.31901,98.84375
08:01:10,912810UC0,TSRYS5860825,D,S,D,2024-10-17,1000000.00,4.318066,98.859375
08:01:10,912810UC0,TSRYS5860825,D,S,D,2024-10-17,1000000.00,4.317122,98.875
08:01:10,912810UC0,TSRYS5860825,D,S,D,2024-10-17,1000000.00,4.318066,98.859375
08:01:10,912810UC0,TSRYS5860825,D,S,D,2024-10-17,1000000.00,4.31323,98.939453125
08:01:10,912810UC0,TSRYS5860825,D,S,D,2024-10-17,1000000.00,4.31323,98.939453125
08:01:10,912810UC0,TSRYS5860825,D,S,D,2024-10-17,1000000.00,4.318066,98.859375
08:01:10,912810UC0,TSRYS5860825,D,S,D,2024-10-17,1000000.00,4.312287,98.955078125
08:01:10,912810UC0,TSRYS5860825,D,S,D,2024-10-17,1000000.00,4.312405,98.953125
08:01:10,912810UC0,TSRYS5860825,D,S,D,2024-10-17,1000000.00,4.314762,98.9140625
08:01:10,912810UC0,TSRYS5860825,D,S,D,2024-10-17,1000000.00,4.314762,98.9140625
08:01:10,912810UC0,TSRYS5860825,D,S,T,2024-10-17,1000000.00,4.312882,98.9452125
08:01:10,912810UC0,TSRYS5860825,D,S,D,2024-10-17,1000000.00,4.314762,98.9140625
08:01:10,912810UC0,TSRYS5860825,D,S,D,2024-10-17,1000000.00,4.31488,98.912109375
08:01:11,912810UC0,TSRYS5860825,D,S,D,2024-10-17,1000000.00,4.313701,98.931640625
08:01:11,912810UC0,TSRYS5860825,D,B,C,2024-10-17,1000000.00,4.314055,98.92578125
08:01:11,912810UC0,TSRYS5860825,D,S,D,2024-10-17,1000000.00,4.314055,98.92578125
08:01:11,912810UC0,TSRYS5860825,D,B,C,2024-10-17,1000000.00,4.314762,98.9140625
08:01:11,912810UC0,TSRYS5860825,D,S,D,2024-10-17,1000000.00,4.314762,98.9140625
08:01:11,912810UC0,TSRYS5860825,D,B,C,2024-10-17,1000000.00,4.313583,98.93359375
08:01:11,912810UC0,TSRYS5860825,D,S,D,2024-10-17,1000000.00,4.313583,98.93359375
08:01:11,912810UC0,TSRYS5860825,D,S,T,2024-10-17,1000000.00,4.312418,98.9529
08:01:11,912810UC0,TSRYS5860825,D,S,T,2024-10-17,1000000.00,4.314304,98.92165
08:01:11,912810UC0,TSRYS5860825,D,S,T,2024-10-17,1000000.00,4.314304,98.92165
08:01:11,912810UC0,TSRYS5860825,D,S,T,2024-10-17,1000000.00,4.312418,98.9529
08:01:11,912810UC0,TSRYS5860825,D,S,D,2024-10-17,1000000.00,4.312405,98.953125
08:01:11,912810UC0,TSRYS5860825,D,S,D,2024-10-17,1000000.00,4.311933,98.9609375
08:01:11,912810UC0,TSRYS5860825,D,S,D,2024-10-17,1000000.00,4.311933,98.9609375
08:01:11,912810UC0,TSRYS5860825,D,S,D,2024-10-17,1000000.00,4.311933,98.9609375
08:01:11,912810UC0,TSRYS5860825,D,B,C,2024-10-17,2000000.00,4.312561,98.950525
08:01:11,912810UC0,TSRYS5860825,D,S,D,2024-10-17,1000000.00,4.310006,98.9928875
08:01:11,912810UC0,TSRYS5860825,D,S,D,2024-10-17,1000000.00,4.311933,98.9609375
08:01:11,912810UC0,TSRYS5860825,D,S,D,2024-10-17,1000000.00,4.310359,98.9870281
08:01:11,912810UC0,TSRYS5860825,D,S,D,2024-10-17,1000000.00,4.310359,98.9870281
08:01:11,912810UC0,TSRYS5860825,D,S,D,2024-10-17,1000000.00,4.312009,98.9596844
08:01:11,912810UC0,TSRYS5860825,D,S,D,2024-10-17,1000000.00,4.311891,98.9616375
08:01:11,912810UC0,TSRYS5860825,D,B,C,2024-10-17,1000000.00,4.312559,98.9505628
08:01:11,912810UC0,TSRYS5860825,D,S,D,2024-10-17,1000000.00,4.310519,98.984375
08:01:11,912810UC0,TSRYS5860825,D,S,D,2024-10-17,1000000.00,4.310284,98.98828125
08:01:11,912810UC0,TSRYS5860825,D,S,D,2024-10-17,1000000.00,4.310284,98.98828125
08:01:11,912810UC0,TSRYS5860825,D,S,D,2024-10-17,1000000.00,4.312405,98.953125
08:01:11,912810UC0,TSRYS5860825,D,S,D,2024-10-17,1000000.00,4.312405,98.953125
08:01:11,912810UC0,TSRYS5860825,D,S,D,2024-10-17,1000000.00,4.310948,98.9772625
08:01:11,912810UC0,TSRYS5860825,D,S,D,2024-10-17,1000000.00,4.310124,98.9909344
08:01:11,912810UC0,TSRYS5860825,D,S,D,2024-10-17,5000000.00,4.310241,98.9889813
08:01:11,912810UC0,TSRYS5860825,D,S,D,2024-10-17,2000000.00,4.310006,98.9928875
08:01:11,912810UC0,TSRYS5860825,D,S,D,2024-10-17,1000000.00,4.310006,98.9928875
08:01:11,912810UC0,TSRYS5860825,D,S,D,2024-10-17,1000000.00,4.310124,98.9909344
08:01:11,912810UC0,TSRYS5860825,D,S,D,2024-10-17,1000000.00,4.310241,98.9889813
08:01:12,912810UC0,TSRYS5860825,D,B,C,2024-10-17,1000000.00,4.310519,98.984375
08:01:12,912810UC0,TSRYS5860825,D,B,C,2024-10-17,1000000.00,4.310519,98.984375
08:01:12,912810UC0,TSRYS5860825,D,S,D,2024-10-17,1000000.00,4.310519,98.984375
08:01:12,912810UC0,TSRYS5860825,D,S,D,2024-10-17,1000000.00,4.310519,98.984375
08:01:12,912810UC0,TSRYS5860825,D,S,D,2024-10-17,1000000.00,4.310166,98.990234375
08:01:12,912810UC0,TSRYS5860825,D,S,D,2024-10-17,1000000.00,4.310284,98.98828125
08:01:12,912810UC0,TSRYS5860825,D,S,A,2024-10-17,10000000.00,4.312876,98.9453125
08:01:12,912810UC0,TSRYS5860825,D,B,A,2024-10-17,5000000.00,4.314762,98.9140625
08:01:12,912810UC0,TSRYS5860825,D,B,A,2024-10-17,5000000.00,4.313819,98.9296875
08:01:12,912810UC0,TSRYS5860825,D,S,D,2024-10-17,1000000.00,4.309459,99.001953125
08:01:12,912810UC0,TSRYS5860825,D,S,D,2024-10-17,1000000.00,4.309459,99.001953125
08:01:13,912810UC0,TSRYS5860825,D,S,D,2024-10-17,1000000.00,4.317122,98.875
08:01:13,912810UC0,TSRYS5860825,D,S,C,2024-10-17,4000000.00,4.314762,98.9140625
08:01:13,912810UC0,TSRYS5860825,D,S,C,2024-10-17,1000000.00,4.314762,98.9140625
08:01:13,912810UC0,TSRYS5860825,D,S,C,2024-10-17,1000000.00,4.314762,98.9140625
08:01:13,912810UC0,TSRYS5860825,D,S,C,2024-10-17,4000000.00,4.314762,98.9140625
08:01:14,912810UC0,TSRYS5860825,D,S,D,2024-10-17,1000000.00,4.313112,98.94140625
08:01:14,912810UC0,TSRYS5860825,D,S,D,2024-10-17,1000000.00,4.313112,98.94140625
08:01:14,912810UC0,TSRYS5860825,D,B,C,2024-10-17,1000000.00,4.318066,98.859375
08:01:14,912810UC0,TSRYS5860825,D,S,D,2024-10-17,1000000.00,4.318066,98.859375
08:01:14,912810UC0,TSRYS5860825,D,S,D,2024-10-17,1000000.00,4.312405,98.953125
08:01:15,912810UC0,TSRYS5860825,D,S,D,2024-10-17,1000000.00,4.311462,98.96875
08:01:15,912810UC0,TSRYS5860825,D,S,D,2024-10-17,1000000.00,4.310755,98.98046875
08:01:15,912810UC0,TSRYS5860825,D,S,D,2024-10-17,1000000.00,4.312405,98.953125
08:01:15,912810UC0,TSRYS5860825,D,S,D,2024-10-17,1000000.00,4.31901,98.84375
08:01:15,912810UC0,TSRYS5860825,D,S,D,2024-10-17,1000000.00,4.317122,98.875
08:01:15,912810UC0,TSRYS5860825,D,S,D,2024-10-17,1000000.00,4.317122,98.875
08:01:16,912810UC0,TSRYS5860825,D,B,C,2024-10-17,1000000.00,4.318774,98.84765625
08:01:16,912810UC0,TSRYS5860825,D,S,D,2024-10-17,1000000.00,4.318774,98.84765625
08:01:16,912810UC0,TSRYS5860825,D,S,D,2024-10-17,1000000.00,4.31901,98.84375
08:01:16,912810UC0,TSRYS5860825,D,S,C,2024-10-17,1000000.00,4.318774,98.84765625
08:01:16,912810UC0,TSRYS5860825,D,S,D,2024-10-17,1000000.00,4.314762,98.9140625
08:01:16,912810UC0,TSRYS5860825,D,S,D,2024-10-17,1000000.00,4.314762,98.9140625
08:01:16,912810UC0,TSRYS5860825,D,S,D,2024-10-17,1000000.00,4.318066,98.859375
08:01:16,912810UC0,TSRYS5860825,D,S,D,2024-10-17,1000000.00,4.311933,98.9609375
08:01:16,912810UC0,TSRYS5860825,D,S,C,2024-10-17,1000000.00,4.31901,98.84375
08:01:16,912810UC0,TSRYS5860825,D,B,C,2024-10-17,1000000.00,4.319718,98.83203125
08:01:16,912810UC0,TSRYS5860825,D,S,D,2024-10-17,1000000.00,4.319718,98.83203125
08:01:16,912810UC0,TSRYS5860825,D,S,D,2024-10-17,10400000.00,4.309577,99.0
08:01:16,912810UC0,TSRYS5860825,D,S,D,2024-10-17,1000000.00,4.316178,98.890625
08:01:16,912810UC0,TSRYS5860825,D,S,D,2024-10-17,1000000.00,4.31547,98.90234375
08:01:16,912810UC0,TSRYS5860825,D,S,C,2024-10-17,1000000.00,4.318302,98.85546875
08:01:16,912810UC0,TSRYS5860825,D,S,D,2024-10-17,1000000.00,4.317122,98.875
08:01:16,912810UC0,TSRYS5860825,D,S,D,2024-10-17,10400000.00,4.309577,99.0
08:01:16,912810UC0,TSRYS5860825,D,S,D,2024-10-17,41650000.00,4.309577,99.0
08:01:16,912810UC0,TSRYS5860825,D,S,D,2024-10-17,1000000.00,4.318066,98.859375
08:01:17,912810UC0,TSRYS5860825,D,S,D,2024-10-17,1000000.00,4.318066,98.859375
08:01:17,912810UC0,TSRYS5860825,D,S,C,2024-10-17,1000000.00,4.31901,98.84375
08:01:17,912810UC0,TSRYS5860825,D,S,D,2024-10-17,1000000.00,4.31901,98.84375
08:01:17,912810UC0,TSRYS5860825,D,B,C,2024-10-17,1000000.00,4.31901,98.84375
08:01:17,912810UC0,TSRYS5860825,D,S,C,2024-10-17,1000000.00,4.31901,98.84375
08:01:17,912810UC0,TSRYS5860825,D,S,C,2024-10-17,1000000.00,4.31901,98.84375
08:01:17,912810UC0,TSRYS5860825,D,S,C,2024-10-17,1000000.00,4.31901,98.84375
08:01:17,912810UC0,TSRYS5860825,D,S,C,2024-10-17,1000000.00,4.31901,98.84375
08:01:17,912810UC0,TSRYS5860825,D,S,C,2024-10-17,1000000.00,4.31901,98.84375
08:01:17,912810UC0,TSRYS5860825,D,S,D,2024-10-17,10400000.00,4.309577,99.0
08:01:17,912810UC0,TSRYS5860825,D,S,C,2024-10-17,1000000.00,4.31901,98.84375
08:01:17,912810UC0,TSRYS5860825,D,S,C,2024-10-17,1000000.00,4.31901,98.84375
08:01:17,912810UC0,TSRYS5860825,D,S,C,2024-10-17,1000000.00,4.31901,98.84375
08:01:17,912810UC0,TSRYS5860825,D,S,D,2024-10-17,10400000.00,4.309577,99.0
08:01:17,912810UC0,TSRYS5860825,D,S,C,2024-10-17,1000000.00,4.31901,98.84375
08:01:17,912810UC0,TSRYS5860825,D,S,D,2024-10-17,5200000.00,4.309577,99.0
08:01:17,912810UC0,TSRYS5860825,D,S,D,2024-10-17,5200000.00,4.309577,99.0
08:01:17,912810UC0,TSRYS5860825,D,S,D,2024-10-17,1000000.00,4.31901,98.84375
08:01:17,912810UC0,TSRYS5860825,D,S,D,2024-10-17,1000000.00,4.31901,98.84375
08:01:17,912810UC0,TSRYS5860825,D,S,D,2024-10-17,1000000.00,4.320427,98.8203125
08:01:17,912810UC0,TSRYS5860825,D,S,D,2024-10-17,1000000.00,4.320427,98.8203125
08:01:17,912810UC0,TSRYS5860825,D,S,D,2024-10-17,1000000.00,4.320427,98.8203125
08:01:17,912810UC0,TSRYS5860825,D,S,A,2024-10-17,1000000.00,4.317596,98.8671875
08:01:17,912810UC0,TSRYS5860825,D,S,D,2024-10-17,1000000.00,4.315352,98.904296875
08:01:17,912810UC0,TSRYS5860825,D,S,D,2024-10-17,1000000.00,4.31547,98.90234375
08:01:17,912810UC0,TSRYS5860825,D,S,D,2024-10-17,1000000.00,4.315588,98.900390625
08:01:17,912810UC0,TSRYS5860825,D,S,D,2024-10-17,1000000.00,4.315352,98.904296875
08:01:17,912810UC0,TSRYS5860825,D,S,D,2024-10-17,1000000.00,4.315824,98.896484375
08:01:17,912810UC0,TSRYS5860825,D,S,D,2024-10-17,1000000.00,4.315706,98.8984375
08:01:17,912810UC0,TSRYS5860825,D,S,D,2024-10-17,1000000.00,4.315706,98.8984375
08:01:17,912810UC0,TSRYS5860825,D,S,A,2024-10-17,1000000.00,4.318066,98.859375
08:01:17,912810UC0,TSRYS5860825,D,S,A,2024-10-17,897000.00,4.317594,98.8671875
08:01:18,912810UC0,TSRYS5860825,D,S,D,2024-10-17,1000000.00,4.317594,98.8671875
08:01:18,912810UC0,TSRYS5860825,D,S,D,2024-10-17,1000000.00,4.318066,98.859375
08:01:18,912810UC0,TSRYS5860825,D,S,D,2024-10-17,1000000.00,4.317948,98.861328125
08:01:18,912810UC0,TSRYS5860825,D,S,D,2024-10-17,1000000.00,4.317948,98.861328125
08:01:18,912810UC0,TSRYS5860825,D,S,D,2024-10-17,1000000.00,4.31783,98.86328125
08:01:18,912810UC0,TSRYS5860825,D,S,D,2024-10-17,1000000.00,4.31783,98.86328125
08:01:18,912810UC0,TSRYS5860825,D,S,D,2024-10-17,1000000.00,4.31783,98.86328125
08:01:18,912810UC0,TSRYS5860825,D,B,C,2024-10-17,3000000.00,4.31783,98.86328125
08:01:18,912810UC0,TSRYS5860825,D,S,D,2024-10-17,3000000.00,4.31783,98.86328125
08:01:18,912810UC0,TSRYS5860825,D,S,D,2024-10-17,1000000.00,4.317948,98.861328125
08:01:18,912810UC0,TSRYS5860825,D,S,T,2024-10-17,1000000.00,4.313348,98.9375
08:01:18,912810UC0,TSRYS5860825,D,S,D,2024-10-17,1000000.00,4.317594,98.8671875
08:01:18,912810UC0,TSRYS5860825,D,S,D,2024-10-17,1000000.00,4.317594,98.8671875
08:01:18,912810UC0,TSRYS5860825,D,S,D,2024-10-17,1000000.00,4.317476,98.869140625
08:01:18,912810UC0,TSRYS5860825,D,S,D,2024-10-17,1000000.00,4.31724,98.873046875
08:01:18,912810UC0,TSRYS5860825,D,S,D,2024-10-17,1000000.00,4.31724,98.873046875
08:01:18,912810UC0,TSRYS5860825,D,S,D,2024-10-17,1000000.00,4.317004,98.876953125
08:01:18,912810UC0,TSRYS5860825,D,S,T,2024-10-17,1000000.00,4.316178,98.890625
08:01:18,912810UC0,TSRYS5860825,D,S,D,2024-10-17,1000000.00,4.316296,98.888671875
08:01:18,912810UC0,TSRYS5860825,D,S,D,2024-10-17,1000000.00,4.316178,98.890625
08:01:18,912810UC0,TSRYS5860825,D,S,D,2024-10-17,1000000.00,4.310519,98.984375
08:01:18,912810UC0,TSRYS5860825,D,S,D,2024-10-17,1000000.00,4.314527,98.91796875
08:01:18,912810UC0,TSRYS5860825,D,S,D,2024-10-17,1000000.00,4.314409,98.919921875
08:01:18,912810UC0,TSRYS5860825,D,S,D,2024-10-17,1000000.00,4.314527,98.91796875
08:01:18,912810UC0,TSRYS5860825,D,S,D,2024-10-17,1000000.00,4.314527,98.91796875
08:01:18,912810UC0,TSRYS5860825,D,S,D,2024-10-17,1000000.00,4.317122,98.875
08:01:18,912810UC0,TSRYS5860825,D,S,D,2024-10-17,1000000.00,4.317122,98.875
08:01:18,912810UC0,TSRYS5860825,D,S,D,2024-10-17,1000000.00,4.317122,98.875
08:01:18,912810UC0,TSRYS5860825,D,S,D,2024-10-17,1000000.00,4.317122,98.875
08:01:18,912810UC0,TSRYS5860825,D,B,C,2024-10-17,2000000.00,4.317164,98.8743
08:01:18,912810UC0,TSRYS5860825,D,S,T,2024-10-17,1000000.00,4.319028,98.84345
08:01:18,912810UC0,TSRYS5860825,D,S,D,2024-10-17,1000000.00,4.315706,98.8984375
08:01:18,912810UC0,TSRYS5860825,D,S,D,2024-10-17,1000000.00,4.314762,98.9140625
08:01:18,912810UC0,TSRYS5860825,D,S,D,2024-10-17,1000000.00,4.314173,98.923828125
08:01:18,912810UC0,TSRYS5860825,D,S,D,2024-10-17,1000000.00,4.314762,98.9140625
08:01:18,912810UC0,TSRYS5860825,D,S,D,2024-10-17,1000000.00,4.314762,98.9140625
08:01:18,912810UC0,TSRYS5860825,D,S,D,2024-10-17,1000000.00,4.314762,98.9140625
08:01:18,912810UC0,TSRYS5860825,D,S,D,2024-10-17,1000000.00,4.314762,98.9140625
08:01:19,912810UC0,TSRYS5860825,D,B,A,2024-10-17,2000000.00,4.313348,98.9375
08:01:19,912810UC0,TSRYS5860825,D,S,D,2024-10-17,1000000.00,4.311933,98.9609375
08:01:19,912810UC0,TSRYS5860825,D,S,T,2024-10-17,1000000.00,4.312414,98.952973
08:01:19,912810UC0,TSRYS5860825,D,S,D,2024-10-17,1000000.00,4.312169,98.95703125
08:01:19,912810UC0,TSRYS5860825,D,S,D,2024-10-17,1000000.00,4.312287,98.955078125
08:01:19,912810UC0,TSRYS5860825,D,S,A,2024-10-17,898000.00,4.319482,98.8359375
08:01:19,912810UC0,TSRYS5860825,D,S,D,2024-10-17,1000000.00,4.312287,98.955078125
08:01:19,912810UC0,TSRYS5860825,D,S,T,2024-10-17,1000000.00,4.309459,99.00195312
08:01:19,912810UC0,TSRYS5860825,D,S,A,2024-10-17,901000.00,4.319482,98.8359375
08:01:19,912810UC0,TSRYS5860825,D,S,T,2024-10-17,1000000.00,4.309459,99.00195312
08:01:19,912810UC0,TSRYS5860825,D,S,A,2024-10-17,965000.00,4.317122,98.875
08:01:19,912810UC0,TSRYS5860825,D,S,A,2024-10-17,903000.00,4.317122,98.875
08:01:19,912810UC0,TSRYS5860825,D,S,A,2024-10-17,902000.00,4.31783,98.86328125
08:01:19,912810UC0,TSRYS5860825,D,S,A,2024-10-17,902000.00,4.318066,98.859375
08:01:19,912810UC0,TSRYS5860825,D,S,T,2024-10-17,1000000.00,4.312405,98.953125
08:01:19,912810UC0,TSRYS5860825,D,S,D,2024-10-17,1000000.00,4.312405,98.953125
08:01:19,912810UC0,TSRYS5860825,D,S,T,2024-10-17,1000000.00,4.311462,98.96875
08:01:19,912810UC0,TSRYS5860825,D,S,D,2024-10-17,1000000.00,4.312876,98.9453125
08:01:19,912810UC0,TSRYS5860825,D,S,C,2024-10-17,1000000.00,4.325602,98.734775
08:01:19,912810UC0,TSRYS5860825,D,S,D,2024-10-17,1000000.00,4.313348,98.9375
08:01:19,912810UC0,TSRYS5860825,D,S,D,2024-10-17,1000000.00,4.314291,98.921875
08:01:19,912810UC0,TSRYS5860825,D,S,T,2024-10-17,1000000.00,4.313348,98.9375
08:01:19,912810UC0,TSRYS5860825,D,S,T,2024-10-17,1000000.00,4.313348,98.9375
08:01:19,912810UC0,TSRYS5860825,D,S,T,2024-10-17,1000000.00,4.312405,98.953125
08:01:19,912810UC0,TSRYS5860825,D,S,T,2024-10-17,1000000.00,4.310755,98.98046875
08:01:19,912810UC0,TSRYS5860825,D,S,T,2024-10-17,1000000.00,4.321852,98.796745
08:01:19,912810UC0,TSRYS5860825,D,S,T,2024-10-17,1000000.00,4.321852,98.796745
08:01:19,912810UC0,TSRYS5860825,D,S,T,2024-10-17,1000000.00,4.311471,98.968598
08:01:19,912810UC0,TSRYS5860825,D,S,T,2024-10-17,1000000.00,4.312414,98.952973
08:01:19,912810UC0,TSRYS5860825,D,S,T,2024-10-17,1000000.00,4.311471,98.968598
08:01:19,912810UC0,TSRYS5860825,D,S,D,2024-10-17,1000000.00,4.314762,98.9140625
08:01:19,912810UC0,TSRYS5860825,D,S,D,2024-10-17,1000000.00,4.314762,98.9140625
08:01:19,912810UC0,TSRYS5860825,D,B,C,2024-10-17,9000000.00,4.311346,98.97066
08:01:19,912810UC0,TSRYS5860825,D,S,C,2024-10-17,5000000.00,4.305779,99.063
08:01:19,912810UC0,TSRYS5860825,D,S,D,2024-10-17,1000000.00,4.314762,98.9140625
08:01:19,912810UC0,TSRYS5860825,D,S,D,2024-10-17,1000000.00,4.314644,98.916015625
08:01:19,912810UC0,TSRYS5860825,D,S,D,2024-10-17,1000000.00,4.314644,98.916015625
08:01:20,912810UC0,TSRYS5860825,D,S,D,2024-10-17,1000000.00,4.312405,98.953125
08:01:20,912810UC0,TSRYS5860825,D,S,D,2024-10-17,1000000.00,4.314762,98.9140625
08:01:20,912810UC0,TSRYS5860825,D,S,D,2024-10-17,1000000.00,4.315116,98.908203125
08:01:20,912810UC0,TSRYS5860825,D,S,T,2024-10-17,1000000.00,4.314173,98.92382812
08:01:20,912810UC0,TSRYS5860825,D,S,D,2024-10-17,1000000.00,4.31606,98.892578125
08:01:20,912810UC0,TSRYS5860825,D,S,D,2024-10-17,1000000.00,4.31099,98.9765625
08:01:20,912810UC0,TSRYS5860825,D,S,D,2024-10-17,1000000.00,4.314762,98.9140625
08:01:20,912810UC0,TSRYS5860825,D,S,T,2024-10-17,1000000.00,4.314762,98.9140625
08:01:20,912810UC0,TSRYS5860825,D,B,C,2024-10-17,1000000.00,4.315824,98.896484375
08:01:20,912810UC0,TSRYS5860825,D,S,D,2024-10-17,1000000.00,4.315824,98.896484375
08:01:20,912810UC0,TSRYS5860825,D,S,D,2024-10-17,1000000.00,4.317358,98.87109375
08:01:20,912810UC0,TSRYS5860825,D,B,C,2024-10-17,1000000.00,4.31724,98.873046875
08:01:20,912810UC0,TSRYS5860825,D,S,D,2024-10-17,1000000.00,4.31724,98.873046875
08:01:20,912810UC0,TSRYS5860825,D,S,D,2024-10-17,1000000.00,4.317122,98.875
08:01:20,912810UC0,TSRYS5860825,D,S,D,2024-10-17,1000000.00,4.31724,98.873046875
08:01:20,912810UC0,TSRYS5860825,D,S,T,2024-10-17,1000000.00,4.310531,98.984175
08:01:21,912810UC0,TSRYS5860825,D,S,T,2024-10-17,1000000.00,4.311462,98.96875
08:01:21,912810UC0,TSRYS5860825,D,S,D,2024-10-17,1000000.00,4.317476,98.869140625
08:01:21,912810UC0,TSRYS5860825,D,S,D,2024-10-17,1000000.00,4.314762,98.9140625
08:01:21,912810UC0,TSRYS5860825,D,S,D,2024-10-17,1000000.00,4.317122,98.875
08:01:21,912810UC0,TSRYS5860825,D,S,D,2024-10-17,1000000.00,4.317122,98.875
08:01:21,912810UC0,TSRYS5860825,D,S,T,2024-10-17,1000000.00,4.311462,98.96875
08:01:21,912810UC0,TSRYS5860825,D,B,C,2024-10-17,1000000.00,4.317122,98.875
08:01:21,912810UC0,TSRYS5860825,D,S,D,2024-10-17,1000000.00,4.317122,98.875
08:01:21,912810UC0,TSRYS5860825,D,S,D,2024-10-17,1000000.00,4.317122,98.875
