tradeTime,cusip,issueSymbolIdentifier,priceType,reportingSideCode,contraPartyTypeCode,tradeDate,reportedTradeVolume,lastSaleYield,lastSalePrice
08:00:05,912810UA4,TSRYS5802849,D,S,T,2024-06-10,1000000.00,4.578639,100.748046875
08:00:05,912810UA4,TSRYS5802849,D,S,D,2024-06-10,1000000.00,4.579238,100.73828125
08:00:05,912810UA4,TSRYS5802849,D,S,D,2024-06-10,1000000.00,4.579238,100.73828125
08:00:05,912810UA4,TSRYS5802849,D,B,C,2024-06-10,1000000.00,4.57768,100.763671875
08:00:05,912810UA4,TSRYS5802849,D,B,C,2024-06-10,1000000.00,4.578159,100.755859375
08:00:05,912810UA4,TSRYS5802849,D,S,T,2024-06-10,1000000.00,4.57756,100.765625
08:00:05,912810UA4,TSRYS5802849,D,B,C,2024-06-10,1000000.00,4.581037,100.708984375
08:00:05,912810UA4,TSRYS5802849,D,B,C,2024-06-10,1000000.00,4.580797,100.712890625
08:00:05,912810UA4,TSRYS5802849,D,S,D,2024-06-10,1000000.00,4.579598,100.732421875
08:00:05,912810UA4,TSRYS5802849,D,B,C,2024-06-10,1000000.00,4.579118,100.740234375
08:00:05,912810UA4,TSRYS5802849,D,S,D,2024-06-10,1000000.00,4.576721,100.779296875
08:00:05,912810UA4,TSRYS5802849,D,S,T,2024-06-10,1000000.00,4.576721,100.779296875
08:00:05,912810UA4,TSRYS5802849,D,S,D,2024-06-10,1000000.00,4.576721,100.779296875
08:00:05,912810UA4,TSRYS5802849,D,B,C,2024-06-10,1000000.00,4.576002,100.791015625
08:00:05,912810UA4,TSRYS5802849,D,S,D,2024-06-10,1000000.00,4.584036,100.66015625
08:00:05,912810UA4,TSRYS5802849,D,S,D,2024-06-10,1000000.00,4.584036,100.66015625
08:00:05,912810UA4,TSRYS5802849,D,S,D,2024-06-10,1000000.00,4.582596,100.68359375
08:00:05,912810UA4,TSRYS5802849,D,S,D,2024-06-10,1000000.00,4.582596,100.68359375
08:00:05,912810UA4,TSRYS5802849,D,S,D,2024-06-10,1000000.00,4.582596,100.68359375
08:00:05,912810UA4,TSRYS5802849,D,S,D,2024-06-10,1000000.00,4.582596,100.68359375
08:00:05,912810UA4,TSRYS5802849,D,S,D,2024-06-10,1000000.00,4.585597,100.634765625
08:00:05,912810UA4,TSRYS5802849,D,S,D,2024-06-10,1000000.00,4.587158,100.609375
08:00:05,912810UA4,TSRYS5802849,D,S,D,2024-06-10,1000000.00,4.587158,100.609375
08:00:05,912810UA4,TSRYS5802849,D,S,T,2024-06-10,1000000.00,4.588839,100.58203125
08:00:05,912810UA4,TSRYS5802849,D,B,C,2024-06-10,1000000.00,4.589921,100.564453125
08:00:05,912810UA4,TSRYS5802849,D,S,D,2024-06-10,1000000.00,4.588119,100.59375
08:00:05,912810UA4,TSRYS5802849,D,S,D,2024-06-10,1000000.00,4.588239,100.591796875
08:00:05,912810UA4,TSRYS5802849,D,S,T,2024-06-10,1000000.00,4.565115,100.96875
08:00:05,912810UA4,TSRYS5802849,D,S,T,2024-06-10,1000000.00,4.568821,100.908203125
08:00:05,912810UA4,TSRYS5802849,D,S,T,2024-06-10,1000000.00,4.568342,100.916015625
08:00:05,912810UA4,TSRYS5802849,D,S,T,2024-06-10,1000000.00,4.568342,100.916015625
08:00:05,912810UA4,TSRYS5802849,D,S,D,2024-06-10,1000000.00,4.565832,100.95703125
08:00:05,912810UA4,TSRYS5802849,D,S,D,2024-06-10,1000000.00,4.565832,100.95703125
08:00:05,912810UA4,TSRYS5802849,D,B,C,2024-06-10,1000000.00,4.568342,100.916015625
08:00:05,912810UA4,TSRYS5802849,D,S,T,2024-06-10,1000000.00,4.569419,100.8984375
08:00:05,912810UA4,TSRYS5802849,D,B,C,2024-06-10,1000000.00,4.57253,100.84765625
08:00:05,912810UA4,TSRYS5802849,D,S,T,2024-06-10,1000000.00,4.571692,100.861328125
08:00:05,912810UA4,TSRYS5802849,D,S,T,2024-06-10,1000000.00,4.571692,100.861328125
08:00:05,912810UA4,TSRYS5802849,D,B,C,2024-06-10,1000000.00,4.571572,100.86328125
08:00:05,912810UA4,TSRYS5802849,D,S,T,2024-06-10,1000000.00,4.571453,100.865234375
08:00:05,912810UA4,TSRYS5802849,D,S,T,2024-06-10,1000000.00,4.572051,100.85546875
08:00:05,912810UA4,TSRYS5802849,D,B,C,2024-06-10,1000000.00,4.573727,100.828125
08:00:05,912810UA4,TSRYS5802849,D,S,T,2024-06-10,1000000.00,4.572889,100.841796875
08:00:05,912810UA4,TSRYS5802849,D,S,T,2024-06-10,1000000.00,4.572889,100.841796875
08:00:05,912810UA4,TSRYS5802849,D,S,T,2024-06-10,1000000.00,4.571213,100.869140625
08:00:05,912810UA4,TSRYS5802849,D,S,T,2024-06-10,1000000.00,4.570735,100.876953125
08:00:05,912810UA4,TSRYS5802849,D,S,D,2024-06-10,1000000.00,4.580677,100.71484375
08:00:05,912810UA4,TSRYS5802849,D,B,C,2024-06-10,1000000.00,4.581516,100.701171875
08:00:05,912810UA4,TSRYS5802849,D,S,T,2024-06-10,1000000.00,4.581756,100.697265625
08:00:05,912810UA4,TSRYS5802849,D,B,C,2024-06-10,1000000.00,4.586077,100.626953125
08:00:05,912810UA4,TSRYS5802849,D,S,D,2024-06-10,1000000.00,4.585477,100.63671875
08:00:05,912810UA4,TSRYS5802849,D,B,C,2024-06-10,1000000.00,4.585957,100.62890625
08:00:05,912810UA4,TSRYS5802849,D,B,C,2024-06-10,1000000.00,4.587398,100.60546875
08:00:05,912810UA4,TSRYS5802849,D,S,D,2024-06-10,1000000.00,4.582356,100.6875
08:00:05,912810UA4,TSRYS5802849,D,S,D,2024-06-10,1000000.00,4.582356,100.6875
08:00:05,912810UA4,TSRYS5802849,D,B,C,2024-06-10,1000000.00,4.587398,100.60546875
08:00:05,912810UA4,TSRYS5802849,D,B,C,2024-06-10,1000000.00,4.585597,100.634765625
08:00:05,912810UA4,TSRYS5802849,D,B,C,2024-06-10,1000000.00,4.584396,100.654296875
08:00:05,912810UA4,TSRYS5802849,D,B,C,2024-06-10,1000000.00,4.587278,100.607421875
08:00:05,912810UA4,TSRYS5802849,D,B,C,2024-06-10,1000000.00,4.576002,100.791015625
08:00:05,912810UA4,TSRYS5802849,D,S,D,2024-06-10,1000000.00,4.575763,100.794921875
08:00:05,912810UA4,TSRYS5802849,D,B,C,2024-06-10,1000000.00,4.574326,100.818359375
08:00:05,912810UA4,TSRYS5802849,D,S,D,2024-06-10,1000000.00,4.574086,100.822265625
08:00:05,912810UA4,TSRYS5802849,D,S,D,2024-06-10,1000000.00,4.574086,100.822265625
08:00:05,912810UA4,TSRYS5802849,D,S,D,2024-06-10,1000000.00,4.574086,100.822265625
08:00:05,912810UA4,TSRYS5802849,D,B,C,2024-06-10,1000000.00,4.576002,100.791015625
08:00:05,912810UA4,TSRYS5802849,D,B,C,2024-06-10,1000000.00,4.576002,100.791015625
08:00:05,912810UA4,TSRYS5802849,D,S,T,2024-06-10,1000000.00,4.576601,100.78125
08:00:05,912810UA4,TSRYS5802849,D,B,C,2024-06-10,1000000.00,4.578279,100.75390625
08:00:05,912810UA4,TSRYS5802849,D,B,C,2024-06-10,1000000.00,4.583916,100.662109375
08:00:05,912810UA4,TSRYS5802849,D,S,D,2024-06-10,1000000.00,4.588719,100.583984375
08:00:05,912810UA4,TSRYS5802849,D,S,D,2024-06-10,1000000.00,4.586917,100.61328125
08:00:05,912810UA4,TSRYS5802849,D,S,D,2024-06-10,1000000.00,4.587038,100.611328125
08:00:05,912810UA4,TSRYS5802849,D,S,D,2024-06-10,1000000.00,4.585356,100.638671875
08:00:05,912810UA4,TSRYS5802849,D,S,D,2024-06-10,1000000.00,4.584276,100.65625
08:00:05,912810UA4,TSRYS5802849,D,S,C,2024-06-10,1000000.00,4.584036,100.66015625
08:00:05,912810UA4,TSRYS5802849,D,S,T,2024-06-10,1000000.00,4.584156,100.658203125
08:00:05,912810UA4,TSRYS5802849,D,S,T,2024-06-10,1000000.00,4.582356,100.6875
08:00:05,912810UA4,TSRYS5802849,D,S,T,2024-06-10,1000000.00,4.583436,100.669921875
08:00:05,912810UA4,TSRYS5802849,D,S,T,2024-06-10,1000000.00,4.583676,100.666015625
08:00:06,912810UA4,TSRYS5802849,D,S,A,2024-06-10,63000.00,4.587614,100.60989900794
08:00:06,912810UA4,TSRYS5802849,D,S,T,2024-06-10,2000000.00,4.584276,100.65625
08:00:06,912810UA4,TSRYS5802849,D,S,T,2024-06-10,1000000.00,4.584276,100.65625
08:00:06,912810UA4,TSRYS5802849,D,S,T,2024-06-10,1000000.00,4.584276,100.65625
08:00:06,912810UA4,TSRYS5802849,D,S,T,2024-06-10,1000000.00,4.578519,100.75
08:00:06,912810UA4,TSRYS5802849,D,S,T,2024-06-10,1000000.00,4.576601,100.78125
08:00:06,912810UA4,TSRYS5802849,D,S,T,2024-06-10,1000000.00,4.574685,100.8125
08:00:06,912810UA4,TSRYS5802849,D,S,T,2024-06-10,1000000.00,4.584276,100.65625
08:00:06,912810UA4,TSRYS5802849,D,S,T,2024-06-10,2000000.00,4.584276,100.65625
08:00:06,912810UA4,TSRYS5802849,D,S,T,2024-06-10,1000000.00,4.585236,100.640625
08:00:06,912810UA4,TSRYS5802849,D,S,T,2024-06-10,1000000.00,4.585236,100.640625
08:00:06,912810UA4,TSRYS5802849,D,S,T,2024-06-10,1000000.00,4.586197,100.625
08:00:08,912810UA4,TSRYS5802849,D,S,T,2024-06-10,1000000.00,4.584276,100.65625
08:00:08,912810UA4,TSRYS5802849,D,B,C,2024-06-10,5000000.00,4.571836,100.858975
08:00:08,912810UA4,TSRYS5802849,D,S,T,2024-06-10,1000000.00,4.571572,100.86328125
08:00:08,912810UA4,TSRYS5802849,D,S,T,2024-06-10,1000000.00,4.571572,100.86328125
08:00:08,912810UA4,TSRYS5802849,D,S,T,2024-06-10,1000000.00,4.571333,100.8671875
08:00:08,912810UA4,TSRYS5802849,D,S,T,2024-06-10,1000000.00,4.571333,100.8671875
08:00:08,912810UA4,TSRYS5802849,D,S,T,2024-06-10,1000000.00,4.571453,100.865234375
08:00:08,912810UA4,TSRYS5802849,D,B,C,2024-06-10,5000000.00,4.572075,100.85506875
08:00:08,912810UA4,TSRYS5802849,D,S,T,2024-06-10,1000000.00,4.571333,100.8671875
08:00:08,912810UA4,TSRYS5802849,D,S,T,2024-06-10,1000000.00,4.571812,100.859375
08:00:08,912810UA4,TSRYS5802849,D,S,T,2024-06-10,1000000.00,4.571812,100.859375
08:00:08,912810UA4,TSRYS5802849,D,S,T,2024-06-10,1000000.00,4.571812,100.859375
08:00:08,912810UA4,TSRYS5802849,D,S,T,2024-06-10,1000000.00,4.571812,100.859375
08:00:09,912810UA4,TSRYS5802849,D,S,D,2024-06-10,1000000.00,4.588119,100.59375
08:00:09,912810UA4,TSRYS5802849,D,S,D,2024-06-10,3000000.00,4.588119,100.59375
08:00:09,912810UA4,TSRYS5802849,D,S,D,2024-06-10,1000000.00,4.588119,100.59375
08:00:09,912810UA4,TSRYS5802849,D,S,D,2024-06-10,1000000.00,4.588119,100.59375
08:00:09,912810UA4,TSRYS5802849,D,S,D,2024-06-10,3000000.00,4.588119,100.59375
08:00:09,912810UA4,TSRYS5802849,D,S,D,2024-06-10,1000000.00,4.588119,100.59375
08:00:09,912810UA4,TSRYS5802849,D,S,A,2024-06-10,3000000.00,4.569817,100.89192708333
08:00:09,912810UA4,TSRYS5802849,D,S,D,2024-06-10,2000000.00,4.584996,100.64453125
08:00:10,912810UA4,TSRYS5802849,D,S,D,2024-06-10,3000000.00,4.580197,100.72265625
08:00:10,912810UA4,TSRYS5802849,D,S,D,2024-06-10,2000000.00,4.580437,100.71875
08:00:11,912810UA4,TSRYS5802849,D,S,T,2024-06-10,1000000.00,4.567984,100.921875
08:00:11,912810UA4,TSRYS5802849,D,S,T,2024-06-10,1000000.00,4.567984,100.921875
08:00:11,912810UA4,TSRYS5802849,D,S,T,2024-06-10,1000000.00,4.567984,100.921875
08:00:11,912810UA4,TSRYS5802849,D,S,T,2024-06-10,1000000.00,4.567027,100.9375
08:00:11,912810UA4,TSRYS5802849,D,S,T,2024-06-10,1000000.00,4.566549,100.9453125
08:00:11,912810UA4,TSRYS5802849,D,S,D,2024-06-10,1000000.00,4.567505,100.9296875
08:00:11,912810UA4,TSRYS5802849,D,S,D,2024-06-10,1000000.00,4.567386,100.931640625
08:00:11,912810UA4,TSRYS5802849,D,S,D,2024-06-10,1000000.00,4.567505,100.9296875
08:00:11,912810UA4,TSRYS5802849,D,S,D,2024-06-10,1000000.00,4.567505,100.9296875
08:00:11,912810UA4,TSRYS5802849,D,S,T,2024-06-10,1000000.00,4.567744,100.92578125
08:00:11,912810UA4,TSRYS5802849,D,S,T,2024-06-10,1000000.00,4.567744,100.92578125
08:00:11,912810UA4,TSRYS5802849,D,S,T,2024-06-10,1000000.00,4.567744,100.92578125
08:00:11,912810UA4,TSRYS5802849,D,S,T,2024-06-10,1000000.00,4.567147,100.935546875
08:00:11,912810UA4,TSRYS5802849,D,S,D,2024-06-10,1000000.00,4.567027,100.9375
08:00:11,912810UA4,TSRYS5802849,D,S,T,2024-06-10,1000000.00,4.567027,100.9375
08:00:11,912810UA4,TSRYS5802849,D,S,D,2024-06-10,1000000.00,4.567027,100.9375
08:00:11,912810UA4,TSRYS5802849,D,S,D,2024-06-10,1000000.00,4.567027,100.9375
08:00:11,912810UA4,TSRYS5802849,D,S,T,2024-06-10,1000000.00,4.564159,100.984375
08:00:11,912810UA4,TSRYS5802849,D,S,T,2024-06-10,1000000.00,4.564159,100.984375
08:00:11,912810UA4,TSRYS5802849,D,S,T,2024-06-10,1000000.00,4.564159,100.984375
08:00:11,912810UA4,TSRYS5802849,D,S,T,2024-06-10,1000000.00,4.571333,100.8671875
08:00:11,912810UA4,TSRYS5802849,D,S,T,2024-06-10,1000000.00,4.569897,100.890625
08:00:11,912810UA4,TSRYS5802849,D,S,T,2024-06-10,1000000.00,4.569897,100.890625
08:00:11,912810UA4,TSRYS5802849,D,S,T,2024-06-10,1000000.00,4.569897,100.890625
08:00:11,912810UA4,TSRYS5802849,D,S,T,2024-06-10,1000000.00,4.569897,100.890625
08:00:11,912810UA4,TSRYS5802849,D,S,T,2024-06-10,1000000.00,4.575643,100.796875
08:00:11,912810UA4,TSRYS5802849,D,S,T,2024-06-10,1000000.00,4.576122,100.7890625
08:00:11,912810UA4,TSRYS5802849,D,S,T,2024-06-10,1000000.00,4.578519,100.75
08:00:11,912810UA4,TSRYS5802849,D,S,T,2024-06-10,1000000.00,4.582356,100.6875
08:00:11,912810UA4,TSRYS5802849,D,S,T,2024-06-10,1000000.00,4.582956,100.677734375
08:00:11,912810UA4,TSRYS5802849,D,S,T,2024-06-10,1000000.00,4.585116,100.642578125
08:00:11,912810UA4,TSRYS5802849,D,S,T,2024-06-10,1000000.00,4.585236,100.640625
08:00:11,912810UA4,TSRYS5802849,D,S,T,2024-06-10,1000000.00,4.586197,100.625
08:00:11,912810UA4,TSRYS5802849,D,S,T,2024-06-10,1000000.00,4.578639,100.748046875
08:00:12,912810UA4,TSRYS5802849,D,S,D,2024-06-10,1000000.00,4.580917,100.7109375
08:00:12,912810UA4,TSRYS5802849,D,S,D,2024-06-10,1000000.00,4.579478,100.734375
08:00:12,912810UA4,TSRYS5802849,D,S,T,2024-06-10,1000000.00,4.574086,100.822265625
08:00:12,912810UA4,TSRYS5802849,D,S,T,2024-06-10,1000000.00,4.575643,100.796875
08:00:12,912810UA4,TSRYS5802849,D,S,T,2024-06-10,1000000.00,4.584036,100.66015625
08:00:12,912810UA4,TSRYS5802849,D,S,T,2024-06-10,1000000.00,4.586797,100.615234375
08:00:15,912810UA4,TSRYS5802849,D,S,A,2024-06-10,100000.00,4.571308,100.8725875
08:00:17,912810UA4,TSRYS5802849,D,S,D,2024-06-10,1000000.00,4.565115,100.96875
08:00:20,912810UA4,TSRYS5802849,D,S,C,2024-06-10,1000000.00,4.566071,100.953125
08:00:20,912810UA4,TSRYS5802849,D,S,C,2024-06-10,1000000.00,4.566071,100.953125
08:00:20,912810UA4,TSRYS5802849,D,S,C,2024-06-10,1000000.00,4.566071,100.953125
08:00:20,912810UA4,TSRYS5802849,D,S,C,2024-06-10,1000000.00,4.566071,100.953125
08:00:20,912810UA4,TSRYS5802849,D,S,D,2024-06-10,1000000.00,4.567984,100.921875
08:00:23,912810UA4,TSRYS5802849,D,S,D,2024-06-10,1000000.00,4.566071,100.953125
08:00:23,912810UA4,TSRYS5802849,D,S,D,2024-06-10,1000000.00,4.566071,100.953125
08:00:23,912810UA4,TSRYS5802849,D,S,D,2024-06-10,1000000.00,4.56631,100.94921875
08:00:23,912810UA4,TSRYS5802849,D,S,D,2024-06-10,1000000.00,4.567266,100.93359375
08:00:23,912810UA4,TSRYS5802849,D,S,D,2024-06-10,1000000.00,4.567505,100.9296875
08:00:28,912810UA4,TSRYS5802849,D,S,T,2024-06-10,1000000.00,4.584276,100.65625
08:00:28,912810UA4,TSRYS5802849,D,S,T,2024-06-10,1000000.00,4.584276,100.65625
08:00:28,912810UA4,TSRYS5802849,D,S,T,2024-06-10,1000000.00,4.58908,100.578125
08:00:28,912810UA4,TSRYS5802849,D,S,T,2024-06-10,1000000.00,4.578519,100.75
08:00:28,912810UA4,TSRYS5802849,D,S,T,2024-06-10,1000000.00,4.578519,100.75
08:00:28,912810UA4,TSRYS5802849,D,S,T,2024-06-10,1000000.00,4.579478,100.734375
08:00:28,912810UA4,TSRYS5802849,D,S,T,2024-06-10,1000000.00,4.578519,100.75
08:00:28,912810UA4,TSRYS5802849,D,S,T,2024-06-10,1000000.00,4.583316,100.671875
08:00:28,912810UA4,TSRYS5802849,D,S,T,2024-06-10,1000000.00,4.566071,100.953125
08:00:28,912810UA4,TSRYS5802849,D,S,D,2024-06-10,1000000.00,4.566071,100.953125
08:00:28,912810UA4,TSRYS5802849,D,S,D,2024-06-10,1000000.00,4.567027,100.9375
08:00:28,912810UA4,TSRYS5802849,D,S,T,2024-06-10,1000000.00,4.574565,100.814453125
08:00:28,912810UA4,TSRYS5802849,D,S,T,2024-06-10,1000000.00,4.580317,100.720703125
08:00:28,912810UA4,TSRYS5802849,D,S,C,2024-06-10,1000000.00,4.584276,100.65625
08:00:28,912810UA4,TSRYS5802849,D,S,T,2024-06-10,1000000.00,4.576122,100.7890625
08:00:28,912810UA4,TSRYS5802849,D,S,T,2024-06-10,1000000.00,4.58908,100.578125
08:00:28,912810UA4,TSRYS5802849,D,S,T,2024-06-10,1000000.00,4.58908,100.578125
08:00:28,912810UA4,TSRYS5802849,D,S,T,2024-06-10,1000000.00,4.590041,100.5625
08:00:30,912810UA4,TSRYS5802849,D,S,D,2024-06-10,1000000.00,4.56631,100.94921875
08:00:30,912810UA4,TSRYS5802849,D,S,D,2024-06-10,1000000.00,4.571572,100.86328125
08:00:30,912810UA4,TSRYS5802849,D,S,D,2024-06-10,1000000.00,4.57253,100.84765625
08:00:30,912810UA4,TSRYS5802849,D,S,D,2024-06-10,1000000.00,4.565115,100.96875
08:00:30,912810UA4,TSRYS5802849,D,S,D,2024-06-10,1000000.00,4.567984,100.921875
08:00:30,912810UA4,TSRYS5802849,D,S,D,2024-06-10,1000000.00,4.567266,100.93359375
08:00:30,912810UA4,TSRYS5802849,D,S,D,2024-06-10,1000000.00,4.567027,100.9375
08:00:30,912810UA4,TSRYS5802849,D,S,D,2024-06-10,1000000.00,4.581636,100.69921875
08:00:30,912810UA4,TSRYS5802849,D,S,D,2024-06-10,1000000.00,4.581396,100.703125
08:00:30,912810UA4,TSRYS5802849,D,S,D,2024-06-10,1000000.00,4.582116,100.69140625
08:00:30,912810UA4,TSRYS5802849,D,S,D,2024-06-10,1000000.00,4.585477,100.63671875
08:00:30,912810UA4,TSRYS5802849,D,S,D,2024-06-10,1000000.00,4.585957,100.62890625
08:00:30,912810UA4,TSRYS5802849,D,S,D,2024-06-10,1000000.00,4.586917,100.61328125
08:00:30,912810UA4,TSRYS5802849,D,S,D,2024-06-10,1000000.00,4.579238,100.73828125
08:00:30,912810UA4,TSRYS5802849,D,S,D,2024-06-10,1000000.00,4.575643,100.796875
08:00:33,912810UA4,TSRYS5802849,D,S,D,2024-06-10,2000000.00,4.582596,100.68359375
08:00:33,912810UA4,TSRYS5802849,D,S,D,2024-06-10,1000000.00,4.582596,100.68359375
08:00:33,912810UA4,TSRYS5802849,D,S,D,2024-06-10,1000000.00,4.582596,100.68359375
08:00:33,912810UA4,TSRYS5802849,D,S,D,2024-06-10,1000000.00,4.582596,100.68359375
08:00:33,912810UA4,TSRYS5802849,D,S,D,2024-06-10,1000000.00,4.582596,100.68359375
08:00:33,912810UA4,TSRYS5802849,D,S,D,2024-06-10,1000000.00,4.575643,100.796875
08:00:33,912810UA4,TSRYS5802849,D,S,D,2024-06-10,1000000.00,4.585477,100.63671875
08:00:33,912810UA4,TSRYS5802849,D,S,D,2024-06-10,1000000.00,4.583076,100.67578125
08:00:33,912810UA4,TSRYS5802849,D,S,D,2024-06-10,1000000.00,4.567505,100.9296875
08:00:33,912810UA4,TSRYS5802849,D,S,D,2024-06-10,1000000.00,4.567505,100.9296875
08:00:33,912810UA4,TSRYS5802849,D,S,D,2024-06-10,1000000.00,4.567505,100.9296875
08:00:33,912810UA4,TSRYS5802849,D,S,D,2024-06-10,1000000.00,4.567266,100.93359375
08:00:33,912810UA4,TSRYS5802849,D,S,D,2024-06-10,1000000.00,4.578159,100.755859375
08:00:33,912810UA4,TSRYS5802849,D,S,D,2024-06-10,1000000.00,4.580677,100.71484375
08:00:33,912810UA4,TSRYS5802849,D,S,D,2024-06-10,1000000.00,4.580917,100.7109375
08:00:33,912810UA4,TSRYS5802849,D,S,D,2024-06-10,1000000.00,4.581157,100.70703125
08:00:33,912810UA4,TSRYS5802849,D,S,D,2024-06-10,1000000.00,4.581756,100.697265625
08:00:33,912810UA4,TSRYS5802849,D,S,D,2024-06-10,1000000.00,4.584516,100.65234375
08:00:33,912810UA4,TSRYS5802849,D,S,D,2024-06-10,2000000.00,4.582356,100.6875
08:00:33,912810UA4,TSRYS5802849,D,S,D,2024-06-10,1000000.00,4.582356,100.6875
08:00:33,912810UA4,TSRYS5802849,D,S,D,2024-06-10,1000000.00,4.582356,100.6875
08:00:33,912810UA4,TSRYS5802849,D,S,D,2024-06-10,1000000.00,4.582596,100.68359375
08:00:33,912810UA4,TSRYS5802849,D,S,D,2024-06-10,1000000.00,4.582476,100.685546875
08:00:33,912810UA4,TSRYS5802849,D,S,D,2024-06-10,1000000.00,4.584276,100.65625
08:00:33,912810UA4,TSRYS5802849,D,S,D,2024-06-10,1000000.00,4.584276,100.65625
08:00:33,912810UA4,TSRYS5802849,D,S,D,2024-06-10,1000000.00,4.585837,100.630859375
08:00:33,912810UA4,TSRYS5802849,D,S,D,2024-06-10,1000000.00,4.585597,100.634765625
08:00:33,912810UA4,TSRYS5802849,D,S,D,2024-06-10,1000000.00,4.57744,100.767578125
08:00:33,912810UA4,TSRYS5802849,D,S,D,2024-06-10,1000000.00,4.580077,100.724609375
08:00:33,912810UA4,TSRYS5802849,D,S,D,2024-06-10,1000000.00,4.580437,100.71875
08:00:33,912810UA4,TSRYS5802849,D,S,D,2024-06-10,1000000.00,4.579598,100.732421875
08:00:33,912810UA4,TSRYS5802849,D,S,D,2024-06-10,1000000.00,4.576721,100.779296875
08:00:33,912810UA4,TSRYS5802849,D,S,D,2024-06-10,1000000.00,4.576482,100.783203125
08:00:33,912810UA4,TSRYS5802849,D,S,D,2024-06-10,1000000.00,4.576362,100.78515625
08:00:33,912810UA4,TSRYS5802849,D,S,D,2024-06-10,1000000.00,4.574685,100.8125
08:00:33,912810UA4,TSRYS5802849,D,S,D,2024-06-10,1000000.00,4.574685,100.8125
08:00:33,912810UA4,TSRYS5802849,D,S,D,2024-06-10,2000000.00,4.574086,100.822265625
08:00:33,912810UA4,TSRYS5802849,D,S,D,2024-06-10,1000000.00,4.575044,100.806640625
08:00:33,912810UA4,TSRYS5802849,D,S,D,2024-06-10,1000000.00,4.583916,100.662109375
08:00:33,912810UA4,TSRYS5802849,D,S,D,2024-06-10,1000000.00,4.583916,100.662109375
08:00:33,912810UA4,TSRYS5802849,D,S,D,2024-06-10,1000000.00,4.583916,100.662109375
08:00:33,912810UA4,TSRYS5802849,D,S,D,2024-06-10,1000000.00,4.584036,100.66015625
08:00:33,912810UA4,TSRYS5802849,D,S,D,2024-06-10,1000000.00,4.584036,100.66015625
08:00:33,912810UA4,TSRYS5802849,D,S,D,2024-06-10,1000000.00,4.584036,100.66015625
08:00:33,912810UA4,TSRYS5802849,D,S,D,2024-06-10,1000000.00,4.584036,100.66015625
08:00:33,912810UA4,TSRYS5802849,D,S,D,2024-06-10,1000000.00,4.584036,100.66015625
08:00:33,912810UA4,TSRYS5802849,D,S,D,2024-06-10,1000000.00,4.585597,100.634765625
08:00:33,912810UA4,TSRYS5802849,D,S,D,2024-06-10,1000000.00,4.585597,100.634765625
08:00:33,912810UA4,TSRYS5802849,D,S,D,2024-06-10,1000000.00,4.587278,100.607421875
08:00:33,912810UA4,TSRYS5802849,D,S,D,2024-06-10,1000000.00,4.588359,100.58984375
08:00:33,912810UA4,TSRYS5802849,D,S,D,2024-06-10,2000000.00,4.587158,100.609375
08:00:33,912810UA4,TSRYS5802849,D,S,D,2024-06-10,1000000.00,4.58956,100.5703125
08:00:33,912810UA4,TSRYS5802849,D,S,D,2024-06-10,1000000.00,4.588599,100.5859375
08:00:33,912810UA4,TSRYS5802849,D,S,D,2024-06-10,1000000.00,4.588599,100.5859375
08:00:33,912810UA4,TSRYS5802849,D,S,D,2024-06-10,1000000.00,4.588719,100.583984375
08:00:33,912810UA4,TSRYS5802849,D,S,D,2024-06-10,2000000.00,4.590041,100.5625
08:00:33,912810UA4,TSRYS5802849,D,S,D,2024-06-10,1000000.00,4.588599,100.5859375
08:00:33,912810UA4,TSRYS5802849,D,S,D,2024-06-10,1000000.00,4.588599,100.5859375
08:00:33,912810UA4,TSRYS5802849,D,S,D,2024-06-10,1000000.00,4.588239,100.591796875
08:00:33,912810UA4,TSRYS5802849,D,S,D,2024-06-10,1000000.00,4.588239,100.591796875
08:00:33,912810UA4,TSRYS5802849,D,S,D,2024-06-10,2000000.00,4.588599,100.5859375
08:00:33,912810UA4,TSRYS5802849,D,S,D,2024-06-10,1000000.00,4.584276,100.65625
08:00:33,912810UA4,TSRYS5802849,D,S,D,2024-06-10,1000000.00,4.584156,100.658203125
08:00:33,912810UA4,TSRYS5802849,D,S,D,2024-06-10,1000000.00,4.584156,100.658203125
08:00:33,912810UA4,TSRYS5802849,D,S,D,2024-06-10,2000000.00,4.584156,100.658203125
08:00:33,912810UA4,TSRYS5802849,D,S,T,2024-06-10,1000000.00,4.566071,100.953125
08:00:33,912810UA4,TSRYS5802849,D,S,T,2024-06-10,1000000.00,4.565115,100.96875
08:00:33,912810UA4,TSRYS5802849,D,S,T,2024-06-10,1000000.00,4.564756,100.974609375
08:00:33,912810UA4,TSRYS5802849,D,S,T,2024-06-10,1000000.00,4.570495,100.880859375
08:00:33,912810UA4,TSRYS5802849,D,S,T,2024-06-10,1000000.00,4.570376,100.8828125
08:00:33,912810UA4,TSRYS5802849,D,S,T,2024-06-10,1000000.00,4.570376,100.8828125
08:00:33,912810UA4,TSRYS5802849,D,S,T,2024-06-10,1000000.00,4.566788,100.94140625
08:00:33,912810UA4,TSRYS5802849,D,S,T,2024-06-10,1000000.00,4.567505,100.9296875
08:00:33,912810UA4,TSRYS5802849,D,S,T,2024-06-10,1000000.00,4.567505,100.9296875
08:00:33,912810UA4,TSRYS5802849,D,S,T,2024-06-10,1000000.00,4.567386,100.931640625
08:00:33,912810UA4,TSRYS5802849,D,S,T,2024-06-10,1000000.00,4.567266,100.93359375
08:00:33,912810UA4,TSRYS5802849,D,S,T,2024-06-10,1000000.00,4.567027,100.9375
08:00:33,912810UA4,TSRYS5802849,D,S,T,2024-06-10,1000000.00,4.567147,100.935546875
08:00:33,912810UA4,TSRYS5802849,D,S,T,2024-06-10,1000000.00,4.569538,100.896484375
08:00:33,912810UA4,TSRYS5802849,D,S,T,2024-06-10,1000000.00,4.571453,100.865234375
08:00:33,912810UA4,TSRYS5802849,D,S,T,2024-06-10,1000000.00,4.571572,100.86328125
08:00:33,912810UA4,TSRYS5802849,D,S,T,2024-06-10,1000000.00,4.571333,100.8671875
08:00:33,912810UA4,TSRYS5802849,D,S,T,2024-06-10,1000000.00,4.571333,100.8671875
08:00:33,912810UA4,TSRYS5802849,D,S,T,2024-06-10,1000000.00,4.571453,100.865234375
08:00:33,912810UA4,TSRYS5802849,D,S,T,2024-06-10,1000000.00,4.576002,100.791015625
08:00:33,912810UA4,TSRYS5802849,D,S,T,2024-06-10,2000000.00,4.572649,100.845703125
08:00:33,912810UA4,TSRYS5802849,D,S,T,2024-06-10,1000000.00,4.576002,100.791015625
08:00:33,912810UA4,TSRYS5802849,D,S,T,2024-06-10,1000000.00,4.572889,100.841796875
08:00:33,912810UA4,TSRYS5802849,D,S,T,2024-06-10,1000000.00,4.57253,100.84765625
08:00:33,912810UA4,TSRYS5802849,D,S,T,2024-06-10,1000000.00,4.572649,100.845703125
08:00:33,912810UA4,TSRYS5802849,D,S,T,2024-06-10,1000000.00,4.572889,100.841796875
08:00:33,912810UA4,TSRYS5802849,D,S,T,2024-06-10,1000000.00,4.571213,100.869140625
08:00:33,912810UA4,TSRYS5802849,D,S,T,2024-06-10,1000000.00,4.570854,100.875
08:00:33,912810UA4,TSRYS5802849,D,S,T,2024-06-10,1000000.00,4.578159,100.755859375
08:00:33,912810UA4,TSRYS5802849,D,S,T,2024-06-10,1000000.00,4.581516,100.701171875
08:00:33,912810UA4,TSRYS5802849,D,S,T,2024-06-10,1000000.00,4.581277,100.705078125
08:00:33,912810UA4,TSRYS5802849,D,S,T,2024-06-10,1000000.00,4.581756,100.697265625
08:00:33,912810UA4,TSRYS5802849,D,S,T,2024-06-10,1000000.00,4.581636,100.69921875
08:00:33,912810UA4,TSRYS5802849,D,S,T,2024-06-10,1000000.00,4.584276,100.65625
08:00:33,912810UA4,TSRYS5802849,D,S,T,2024-06-10,1000000.00,4.583916,100.662109375
08:00:34,912810UA4,TSRYS5802849,D,S,T,2024-06-10,1000000.00,4.576841,100.77734375
08:00:34,912810UA4,TSRYS5802849,D,S,T,2024-06-10,1000000.00,4.576601,100.78125
08:00:34,912810UA4,TSRYS5802849,D,S,T,2024-06-10,1000000.00,4.576841,100.77734375
08:00:34,912810UA4,TSRYS5802849,D,S,T,2024-06-10,1000000.00,4.576841,100.77734375
08:00:34,912810UA4,TSRYS5802849,D,S,T,2024-06-10,2000000.00,4.576841,100.77734375
08:00:34,912810UA4,TSRYS5802849,D,S,T,2024-06-10,2000000.00,4.576841,100.77734375
08:00:34,912810UA4,TSRYS5802849,D,S,T,2024-06-10,1000000.00,4.576841,100.77734375
08:00:34,912810UA4,TSRYS5802849,D,S,T,2024-06-10,2000000.00,4.576841,100.77734375
08:00:34,912810UA4,TSRYS5802849,D,S,T,2024-06-10,1000000.00,4.577081,100.7734375
08:00:34,912810UA4,TSRYS5802849,D,S,T,2024-06-10,1000000.00,4.579718,100.73046875
08:00:34,912810UA4,TSRYS5802849,D,S,T,2024-06-10,1000000.00,4.576482,100.783203125
08:00:34,912810UA4,TSRYS5802849,D,S,T,2024-06-10,1000000.00,4.576362,100.78515625
08:00:34,912810UA4,TSRYS5802849,D,S,T,2024-06-10,1000000.00,4.575643,100.796875
08:00:34,912810UA4,TSRYS5802849,D,S,T,2024-06-10,1000000.00,4.575643,100.796875
08:00:34,912810UA4,TSRYS5802849,D,S,T,2024-06-10,1000000.00,4.574924,100.80859375
08:00:34,912810UA4,TSRYS5802849,D,S,T,2024-06-10,1000000.00,4.574805,100.810546875
08:00:34,912810UA4,TSRYS5802849,D,S,T,2024-06-10,1000000.00,4.586677,100.6171875
08:00:34,912810UA4,TSRYS5802849,D,S,T,2024-06-10,1000000.00,4.586677,100.6171875
08:00:34,912810UA4,TSRYS5802849,D,S,T,2024-06-10,1000000.00,4.586677,100.6171875
08:00:34,912810UA4,TSRYS5802849,D,S,T,2024-06-10,1000000.00,4.589801,100.56640625
08:00:34,912810UA4,TSRYS5802849,D,S,T,2024-06-10,1000000.00,4.588839,100.58203125
08:00:34,912810UA4,TSRYS5802849,D,S,T,2024-06-10,1000000.00,4.588839,100.58203125
08:00:34,912810UA4,TSRYS5802849,D,S,T,2024-06-10,1000000.00,4.588239,100.591796875
08:00:34,912810UA4,TSRYS5802849,D,S,T,2024-06-10,1000000.00,4.584516,100.65234375
08:00:34,912810UA4,TSRYS5802849,D,S,T,2024-06-10,1000000.00,4.584276,100.65625
08:00:34,912810UA4,TSRYS5802849,D,S,T,2024-06-10,1000000.00,4.584156,100.658203125
08:00:34,912810UA4,TSRYS5802849,D,S,T,2024-06-10,1000000.00,4.584516,100.65234375
08:00:34,912810UA4,TSRYS5802849,D,S,T,2024-06-10,1000000.00,4.584036,100.66015625
08:00:34,912810UA4,TSRYS5802849,D,S,T,2024-06-10,1000000.00,4.571812,100.859375
08:00:34,912810UA4,TSRYS5802849,D,S,T,2024-06-10,1000000.00,4.571572,100.86328125
08:00:34,912810UA4,TSRYS5802849,D,S,T,2024-06-10,1000000.00,4.571812,100.859375
08:00:34,912810UA4,TSRYS5802849,D,S,T,2024-06-10,1000000.00,4.569897,100.890625
08:00:34,912810UA4,TSRYS5802849,D,S,T,2024-06-10,1000000.00,4.569897,100.890625
08:00:34,912810UA4,TSRYS5802849,D,S,T,2024-06-10,1000000.00,4.569897,100.890625
08:00:34,912810UA4,TSRYS5802849,D,S,T,2024-06-10,1000000.00,4.569897,100.890625
08:00:34,912810UA4,TSRYS5802849,D,S,T,2024-06-10,1000000.00,4.567505,100.9296875
08:00:34,912810UA4,TSRYS5802849,D,S,T,2024-06-10,1000000.00,4.567984,100.921875
08:00:34,912810UA4,TSRYS5802849,D,S,T,2024-06-10,1000000.00,4.567984,100.921875
08:00:34,912810UA4,TSRYS5802849,D,S,T,2024-06-10,4000000.00,4.567984,100.921875
08:00:34,912810UA4,TSRYS5802849,D,S,T,2024-06-10,1000000.00,4.567984,100.921875
08:00:34,912810UA4,TSRYS5802849,D,S,T,2024-06-10,1000000.00,4.56894,100.90625
08:00:34,912810UA4,TSRYS5802849,D,S,T,2024-06-10,2000000.00,4.56894,100.90625
08:00:34,912810UA4,TSRYS5802849,D,S,T,2024-06-10,1000000.00,4.56894,100.90625
08:00:34,912810UA4,TSRYS5802849,D,S,T,2024-06-10,1000000.00,4.56894,100.90625
08:00:34,912810UA4,TSRYS5802849,D,S,T,2024-06-10,1000000.00,4.56894,100.90625
08:00:34,912810UA4,TSRYS5802849,D,S,T,2024-06-10,1000000.00,4.56894,100.90625
08:00:34,912810UA4,TSRYS5802849,D,S,T,2024-06-10,1000000.00,4.56894,100.90625
08:00:34,912810UA4,TSRYS5802849,D,S,T,2024-06-10,1000000.00,4.56894,100.90625
08:00:34,912810UA4,TSRYS5802849,D,S,T,2024-06-10,1000000.00,4.567027,100.9375
08:00:34,912810UA4,TSRYS5802849,D,S,T,2024-06-10,1000000.00,4.567027,100.9375
08:00:34,912810UA4,TSRYS5802849,D,S,T,2024-06-10,1000000.00,4.567027,100.9375
08:00:34,912810UA4,TSRYS5802849,D,S,T,2024-06-10,1000000.00,4.567027,100.9375
08:00:34,912810UA4,TSRYS5802849,D,S,T,2024-06-10,1000000.00,4.563562,100.994140625
08:00:34,912810UA4,TSRYS5802849,D,S,T,2024-06-10,1000000.00,4.563442,100.99609375
08:00:34,912810UA4,TSRYS5802849,D,S,T,2024-06-10,1000000.00,4.566071,100.953125
08:00:34,912810UA4,TSRYS5802849,D,S,T,2024-06-10,1000000.00,4.566071,100.953125
08:00:34,912810UA4,TSRYS5802849,D,S,T,2024-06-10,1000000.00,4.566071,100.953125
08:00:34,912810UA4,TSRYS5802849,D,S,T,2024-06-10,1000000.00,4.566071,100.953125
08:00:34,912810UA4,TSRYS5802849,D,S,T,2024-06-10,1000000.00,4.567984,100.921875
08:00:34,912810UA4,TSRYS5802849,D,S,T,2024-06-10,1000000.00,4.567984,100.921875
08:00:34,912810UA4,TSRYS5802849,D,S,T,2024-06-10,1000000.00,4.56894,100.90625
08:00:34,912810UA4,TSRYS5802849,D,S,T,2024-06-10,1000000.00,4.569897,100.890625
08:00:34,912810UA4,TSRYS5802849,D,S,T,2024-06-10,1000000.00,4.569897,100.890625
08:00:34,912810UA4,TSRYS5802849,D,S,T,2024-06-10,1000000.00,4.570615,100.87890625
08:00:34,912810UA4,TSRYS5802849,D,S,T,2024-06-10,1000000.00,4.567984,100.921875
08:00:34,912810UA4,TSRYS5802849,D,S,T,2024-06-10,1000000.00,4.567984,100.921875
08:00:34,912810UA4,TSRYS5802849,D,S,T,2024-06-10,1000000.00,4.569897,100.890625
08:00:34,912810UA4,TSRYS5802849,D,S,T,2024-06-10,1000000.00,4.569897,100.890625
08:00:34,912810UA4,TSRYS5802849,D,S,T,2024-06-10,1000000.00,4.569897,100.890625
08:00:34,912810UA4,TSRYS5802849,D,S,T,2024-06-10,1000000.00,4.567984,100.921875
08:00:34,912810UA4,TSRYS5802849,D,S,T,2024-06-10,1000000.00,4.567984,100.921875
08:00:34,912810UA4,TSRYS5802849,D,S,T,2024-06-10,1000000.00,4.563203,101.0
08:00:34,912810UA4,TSRYS5802849,D,S,T,2024-06-10,1000000.00,4.567984,100.921875
08:00:34,912810UA4,TSRYS5802849,D,S,T,2024-06-10,1000000.00,4.567984,100.921875
08:00:34,912810UA4,TSRYS5802849,D,S,T,2024-06-10,1000000.00,4.567027,100.9375
08:00:34,912810UA4,TSRYS5802849,D,S,T,2024-06-10,1000000.00,4.564159,100.984375
08:00:34,912810UA4,TSRYS5802849,D,S,T,2024-06-10,1000000.00,4.565115,100.96875
08:00:34,912810UA4,TSRYS5802849,D,S,T,2024-06-10,1000000.00,4.564159,100.984375
08:00:34,912810UA4,TSRYS5802849,D,S,T,2024-06-10,1000000.00,4.564159,100.984375
08:00:34,912810UA4,TSRYS5802849,D,S,T,2024-06-10,1000000.00,4.566071,100.953125
08:00:34,912810UA4,TSRYS5802849,D,S,T,2024-06-10,1000000.00,4.567027,100.9375
08:00:34,912810UA4,TSRYS5802849,D,S,T,2024-06-10,1000000.00,4.571812,100.859375
08:00:34,912810UA4,TSRYS5802849,D,S,T,2024-06-10,1000000.00,4.571812,100.859375
08:00:34,912810UA4,TSRYS5802849,D,S,T,2024-06-10,1000000.00,4.571812,100.859375
08:00:34,912810UA4,TSRYS5802849,D,S,T,2024-06-10,1000000.00,4.570854,100.875
08:00:34,912810UA4,TSRYS5802849,D,S,T,2024-06-10,1000000.00,4.570854,100.875
08:00:34,912810UA4,TSRYS5802849,D,S,T,2024-06-10,1000000.00,4.56894,100.90625
08:00:34,912810UA4,TSRYS5802849,D,S,T,2024-06-10,1000000.00,4.570854,100.875
08:00:34,912810UA4,TSRYS5802849,D,S,T,2024-06-10,1000000.00,4.570854,100.875
08:00:34,912810UA4,TSRYS5802849,D,S,T,2024-06-10,1000000.00,4.571812,100.859375
08:00:34,912810UA4,TSRYS5802849,D,S,T,2024-06-10,1000000.00,4.572769,100.84375
08:00:34,912810UA4,TSRYS5802849,D,S,T,2024-06-10,1000000.00,4.574685,100.8125
08:00:34,912810UA4,TSRYS5802849,D,S,T,2024-06-10,1000000.00,4.574685,100.8125
08:00:34,912810UA4,TSRYS5802849,D,S,T,2024-06-10,1000000.00,4.571812,100.859375
08:00:34,912810UA4,TSRYS5802849,D,S,T,2024-06-10,1000000.00,4.572769,100.84375
08:00:34,912810UA4,TSRYS5802849,D,S,T,2024-06-10,1000000.00,4.572769,100.84375
08:00:34,912810UA4,TSRYS5802849,D,S,T,2024-06-10,1000000.00,4.572769,100.84375
08:00:34,912810UA4,TSRYS5802849,D,S,T,2024-06-10,1000000.00,4.574685,100.8125
08:00:34,912810UA4,TSRYS5802849,D,S,T,2024-06-10,1000000.00,4.574685,100.8125
08:00:34,912810UA4,TSRYS5802849,D,S,T,2024-06-10,1000000.00,4.574685,100.8125
08:00:34,912810UA4,TSRYS5802849,D,S,T,2024-06-10,1000000.00,4.574685,100.8125
08:00:34,912810UA4,TSRYS5802849,D,S,T,2024-06-10,1000000.00,4.578519,100.75
08:00:34,912810UA4,TSRYS5802849,D,S,T,2024-06-10,1000000.00,4.573727,100.828125
08:00:34,912810UA4,TSRYS5802849,D,S,T,2024-06-10,1000000.00,4.571812,100.859375
08:00:34,912810UA4,TSRYS5802849,D,S,T,2024-06-10,1000000.00,4.571213,100.869140625
08:00:34,912810UA4,TSRYS5802849,D,S,T,2024-06-10,1000000.00,4.570854,100.875
08:00:34,912810UA4,TSRYS5802849,D,S,T,2024-06-10,1000000.00,4.570854,100.875
08:00:34,912810UA4,TSRYS5802849,D,S,T,2024-06-10,1000000.00,4.586197,100.625
08:00:34,912810UA4,TSRYS5802849,D,S,T,2024-06-10,1000000.00,4.582356,100.6875
08:00:34,912810UA4,TSRYS5802849,D,S,T,2024-06-10,1000000.00,4.585236,100.640625
08:00:34,912810UA4,TSRYS5802849,D,S,T,2024-06-10,1000000.00,4.583316,100.671875
08:00:34,912810UA4,TSRYS5802849,D,S,T,2024-06-10,1000000.00,4.583316,100.671875
08:00:34,912810UA4,TSRYS5802849,D,S,T,2024-06-10,1000000.00,4.580917,100.7109375
08:00:34,912810UA4,TSRYS5802849,D,S,T,2024-06-10,1000000.00,4.587158,100.609375
08:00:34,912810UA4,TSRYS5802849,D,S,T,2024-06-10,1000000.00,4.585236,100.640625
08:00:34,912810UA4,TSRYS5802849,D,S,T,2024-06-10,1000000.00,4.585236,100.640625
08:00:34,912810UA4,TSRYS5802849,D,S,T,2024-06-10,1000000.00,4.586197,100.625
08:00:34,912810UA4,TSRYS5802849,D,S,T,2024-06-10,1000000.00,4.584276,100.65625
08:00:34,912810UA4,TSRYS5802849,D,S,T,2024-06-10,1000000.00,4.586197,100.625
08:00:34,912810UA4,TSRYS5802849,D,S,T,2024-06-10,1000000.00,4.586197,100.625
08:00:34,912810UA4,TSRYS5802849,D,S,T,2024-06-10,1000000.00,4.578519,100.75
08:00:34,912810UA4,TSRYS5802849,D,S,T,2024-06-10,1000000.00,4.581396,100.703125
08:00:34,912810UA4,TSRYS5802849,D,S,T,2024-06-10,1000000.00,4.581396,100.703125
08:00:34,912810UA4,TSRYS5802849,D,S,T,2024-06-10,1000000.00,4.582356,100.6875
08:00:34,912810UA4,TSRYS5802849,D,S,T,2024-06-10,1000000.00,4.579478,100.734375
08:00:34,912810UA4,TSRYS5802849,D,S,T,2024-06-10,1000000.00,4.581396,100.703125
08:00:34,912810UA4,TSRYS5802849,D,S,T,2024-06-10,1000000.00,4.581396,100.703125
08:00:34,912810UA4,TSRYS5802849,D,S,T,2024-06-10,1000000.00,4.582356,100.6875
08:00:34,912810UA4,TSRYS5802849,D,S,T,2024-06-10,1000000.00,4.584276,100.65625
08:00:34,912810UA4,TSRYS5802849,D,S,T,2024-06-10,1000000.00,4.586197,100.625
08:00:34,912810UA4,TSRYS5802849,D,S,T,2024-06-10,1000000.00,4.585236,100.640625
08:00:34,912810UA4,TSRYS5802849,D,S,T,2024-06-10,1000000.00,4.586197,100.625
08:00:34,912810UA4,TSRYS5802849,D,S,T,2024-06-10,1000000.00,4.587158,100.609375
08:00:34,912810UA4,TSRYS5802849,D,S,T,2024-06-10,1000000.00,4.587158,100.609375
08:00:34,912810UA4,TSRYS5802849,D,S,T,2024-06-10,1000000.00,4.588119,100.59375
08:00:34,912810UA4,TSRYS5802849,D,S,T,2024-06-10,1000000.00,4.58908,100.578125
08:00:34,912810UA4,TSRYS5802849,D,S,T,2024-06-10,1000000.00,4.58908,100.578125
08:00:34,912810UA4,TSRYS5802849,D,S,T,2024-06-10,1000000.00,4.58908,100.578125
08:00:34,912810UA4,TSRYS5802849,D,S,T,2024-06-10,1000000.00,4.58908,100.578125
08:00:34,912810UA4,TSRYS5802849,D,S,T,2024-06-10,1000000.00,4.587158,100.609375
08:00:34,912810UA4,TSRYS5802849,D,S,T,2024-06-10,1000000.00,4.579478,100.734375
08:00:34,912810UA4,TSRYS5802849,D,S,T,2024-06-10,1000000.00,4.57756,100.765625
08:00:34,912810UA4,TSRYS5802849,D,S,T,2024-06-10,1000000.00,4.575643,100.796875
08:00:34,912810UA4,TSRYS5802849,D,S,T,2024-06-10,1000000.00,4.578519,100.75
08:00:34,912810UA4,TSRYS5802849,D,S,T,2024-06-10,1000000.00,4.576601,100.78125
08:00:34,912810UA4,TSRYS5802849,D,S,T,2024-06-10,1000000.00,4.576601,100.78125
08:00:34,912810UA4,TSRYS5802849,D,S,T,2024-06-10,1000000.00,4.57756,100.765625
08:00:34,912810UA4,TSRYS5802849,D,S,T,2024-06-10,1000000.00,4.57756,100.765625
08:00:34,912810UA4,TSRYS5802849,D,S,T,2024-06-10,1000000.00,4.575643,100.796875
08:00:34,912810UA4,TSRYS5802849,D,S,T,2024-06-10,1000000.00,4.57756,100.765625
08:00:34,912810UA4,TSRYS5802849,D,S,T,2024-06-10,1000000.00,4.57756,100.765625
08:00:34,912810UA4,TSRYS5802849,D,S,T,2024-06-10,1000000.00,4.578519,100.75
08:00:34,912810UA4,TSRYS5802849,D,S,T,2024-06-10,1000000.00,4.579478,100.734375
08:00:34,912810UA4,TSRYS5802849,D,S,T,2024-06-10,1000000.00,4.579478,100.734375
08:00:34,912810UA4,TSRYS5802849,D,S,T,2024-06-10,1000000.00,4.580437,100.71875
08:00:34,912810UA4,TSRYS5802849,D,S,T,2024-06-10,1000000.00,4.580437,100.71875
08:00:34,912810UA4,TSRYS5802849,D,S,T,2024-06-10,1000000.00,4.575643,100.796875
08:00:34,912810UA4,TSRYS5802849,D,S,T,2024-06-10,1000000.00,4.57756,100.765625
08:00:34,912810UA4,TSRYS5802849,D,S,T,2024-06-10,1000000.00,4.57756,100.765625
08:00:34,912810UA4,TSRYS5802849,D,S,T,2024-06-10,1000000.00,4.57756,100.765625
08:00:34,912810UA4,TSRYS5802849,D,S,D,2024-06-10,1000000.00,4.575643,100.796875
08:00:34,912810UA4,TSRYS5802849,D,S,T,2024-06-10,1000000.00,4.575643,100.796875
08:00:34,912810UA4,TSRYS5802849,D,S,T,2024-06-10,1000000.00,4.574685,100.8125
08:00:34,912810UA4,TSRYS5802849,D,S,T,2024-06-10,1000000.00,4.573727,100.828125
08:00:34,912810UA4,TSRYS5802849,D,S,T,2024-06-10,1000000.00,4.574086,100.822265625
08:00:34,912810UA4,TSRYS5802849,D,S,T,2024-06-10,1000000.00,4.573966,100.82421875
08:00:34,912810UA4,TSRYS5802849,D,S,T,2024-06-10,1000000.00,4.574805,100.810546875
08:00:34,912810UA4,TSRYS5802849,D,S,T,2024-06-10,1000000.00,4.575643,100.796875
08:00:34,912810UA4,TSRYS5802849,D,S,T,2024-06-10,1000000.00,4.575643,100.796875
08:00:34,912810UA4,TSRYS5802849,D,S,T,2024-06-10,1000000.00,4.575643,100.796875
08:00:34,912810UA4,TSRYS5802849,D,S,T,2024-06-10,1000000.00,4.576601,100.78125
08:00:34,912810UA4,TSRYS5802849,D,S,T,2024-06-10,1000000.00,4.583316,100.671875
08:00:34,912810UA4,TSRYS5802849,D,S,T,2024-06-10,1000000.00,4.583316,100.671875
08:00:34,912810UA4,TSRYS5802849,D,S,T,2024-06-10,1000000.00,4.581396,100.703125
08:00:34,912810UA4,TSRYS5802849,D,S,T,2024-06-10,1000000.00,4.582356,100.6875
08:00:34,912810UA4,TSRYS5802849,D,S,T,2024-06-10,1000000.00,4.585236,100.640625
08:00:34,912810UA4,TSRYS5802849,D,S,T,2024-06-10,1000000.00,4.587158,100.609375
08:00:34,912810UA4,TSRYS5802849,D,S,T,2024-06-10,1000000.00,4.588119,100.59375
08:00:34,912810UA4,TSRYS5802849,D,S,T,2024-06-10,1000000.00,4.588119,100.59375
08:00:34,912810UA4,TSRYS5802849,D,S,T,2024-06-10,1000000.00,4.587398,100.60546875
08:00:34,912810UA4,TSRYS5802849,D,S,T,2024-06-10,1000000.00,4.587278,100.607421875
08:00:34,912810UA4,TSRYS5802849,D,S,T,2024-06-10,1000000.00,4.590041,100.5625
08:00:34,912810UA4,TSRYS5802849,D,S,T,2024-06-10,1000000.00,4.590041,100.5625
08:00:34,912810UA4,TSRYS5802849,D,S,T,2024-06-10,1000000.00,4.590041,100.5625
08:00:34,912810UA4,TSRYS5802849,D,S,T,2024-06-10,1000000.00,4.590041,100.5625
08:00:34,912810UA4,TSRYS5802849,D,S,T,2024-06-10,1000000.00,4.590041,100.5625
08:00:34,912810UA4,TSRYS5802849,D,S,T,2024-06-10,1000000.00,4.590041,100.5625
08:00:34,912810UA4,TSRYS5802849,D,S,T,2024-06-10,2000000.00,4.590041,100.5625
08:00:34,912810UA4,TSRYS5802849,D,S,T,2024-06-10,1000000.00,4.590041,100.5625
08:00:34,912810UA4,TSRYS5802849,D,S,T,2024-06-10,1000000.00,4.590041,100.5625
08:00:34,912810UA4,TSRYS5802849,D,S,T,2024-06-10,1000000.00,4.591003,100.546875
08:00:34,912810UA4,TSRYS5802849,D,S,T,2024-06-10,1000000.00,4.591003,100.546875
08:00:34,912810UA4,TSRYS5802849,D,S,T,2024-06-10,1000000.00,4.590041,100.5625
08:00:34,912810UA4,TSRYS5802849,D,S,T,2024-06-10,1000000.00,4.590041,100.5625
08:00:34,912810UA4,TSRYS5802849,D,S,T,2024-06-10,1000000.00,4.590041,100.5625
08:00:34,912810UA4,TSRYS5802849,D,S,T,2024-06-10,2000000.00,4.590041,100.5625
08:00:34,912810UA4,TSRYS5802849,D,S,T,2024-06-10,1000000.00,4.588839,100.58203125
08:00:34,912810UA4,TSRYS5802849,D,S,T,2024-06-10,1000000.00,4.58908,100.578125
08:00:34,912810UA4,TSRYS5802849,D,S,T,2024-06-10,1000000.00,4.58908,100.578125
08:00:34,912810UA4,TSRYS5802849,D,S,T,2024-06-10,1000000.00,4.588839,100.58203125
08:00:34,912810UA4,TSRYS5802849,D,S,T,2024-06-10,1000000.00,4.58908,100.578125
08:00:34,912810UA4,TSRYS5802849,D,S,T,2024-06-10,1000000.00,4.58908,100.578125
08:00:34,912810UA4,TSRYS5802849,D,S,T,2024-06-10,1000000.00,4.588119,100.59375
08:00:34,912810UA4,TSRYS5802849,D,S,T,2024-06-10,1000000.00,4.588119,100.59375
08:00:34,912810UA4,TSRYS5802849,D,S,T,2024-06-10,2000000.00,4.588119,100.59375
08:00:34,912810UA4,TSRYS5802849,D,S,T,2024-06-10,2000000.00,4.588119,100.59375
08:00:34,912810UA4,TSRYS5802849,D,S,T,2024-06-10,1000000.00,4.588119,100.59375
08:00:34,912810UA4,TSRYS5802849,D,S,T,2024-06-10,1000000.00,4.588119,100.59375
08:00:34,912810UA4,TSRYS5802849,D,S,T,2024-06-10,1000000.00,4.582356,100.6875
08:00:34,912810UA4,TSRYS5802849,D,S,T,2024-06-10,2000000.00,4.584276,100.65625
08:00:34,912810UA4,TSRYS5802849,D,S,T,2024-06-10,1000000.00,4.586197,100.625
08:00:34,912810UA4,TSRYS5802849,D,S,T,2024-06-10,1000000.00,4.586197,100.625
08:00:34,912810UA4,TSRYS5802849,D,S,T,2024-06-10,1000000.00,4.586197,100.625
08:00:34,912810UA4,TSRYS5802849,D,S,T,2024-06-10,1000000.00,4.588119,100.59375
08:00:34,912810UA4,TSRYS5802849,D,S,T,2024-06-10,1000000.00,4.588119,100.59375
08:00:34,912810UA4,TSRYS5802849,D,S,T,2024-06-10,1000000.00,4.588119,100.59375
08:00:34,912810UA4,TSRYS5802849,D,S,T,2024-06-10,1000000.00,4.588119,100.59375
08:00:34,912810UA4,TSRYS5802849,D,S,D,2024-06-10,1000000.00,4.588599,100.5859375
08:00:34,912810UA4,TSRYS5802849,D,S,T,2024-06-10,1000000.00,4.578519,100.75
08:00:37,912810UA4,TSRYS5802849,D,S,A,2024-06-10,5000.00,4.568916,101.00665
08:00:37,912810UA4,TSRYS5802849,D,S,A,2024-06-10,1000.00,4.568437,101.4144625
08:00:37,912810UA4,TSRYS5802849,D,S,T,2024-06-10,1000000.00,4.57756,100.765625
08:00:37,912810UA4,TSRYS5802849,D,S,T,2024-06-10,1000000.00,4.57756,100.765625
08:00:37,912810UA4,TSRYS5802849,D,S,T,2024-06-10,1000000.00,4.57756,100.765625
08:00:37,912810UA4,TSRYS5802849,D,S,T,2024-06-10,1000000.00,4.57756,100.765625
08:00:37,912810UA4,TSRYS5802849,D,S,T,2024-06-10,1000000.00,4.57756,100.765625
08:00:37,912810UA4,TSRYS5802849,D,S,D,2024-06-10,1000000.00,4.571572,100.86328125
08:00:38,912810UA4,TSRYS5802849,D,B,A,2024-06-10,12500000.00,4.587903,100.59725625
08:00:38,912810UA4,TSRYS5802849,D,S,A,2024-06-10,1500000.00,4.587638,100.6015625
08:00:38,912810UA4,TSRYS5802849,D,S,D,2024-06-10,1000000.00,4.58908,100.578125
08:00:38,912810UA4,TSRYS5802849,D,S,D,2024-06-10,1000000.00,4.58908,100.578125
08:00:38,912810UA4,TSRYS5802849,D,S,D,2024-06-10,1000000.00,4.58908,100.578125
08:00:38,912810UA4,TSRYS5802849,D,S,D,2024-06-10,1000000.00,4.58908,100.578125
08:00:38,912810UA4,TSRYS5802849,D,S,D,2024-06-10,1000000.00,4.58908,100.578125
08:00:38,912810UA4,TSRYS5802849,D,S,D,2024-06-10,1000000.00,4.58908,100.578125
08:00:38,912810UA4,TSRYS5802849,D,S,D,2024-06-10,1000000.00,4.58908,100.578125
08:00:38,912810UA4,TSRYS5802849,D,S,D,2024-06-10,1000000.00,4.575883,100.79296875
08:00:38,912810UA4,TSRYS5802849,D,S,D,2024-06-10,1000000.00,4.58908,100.578125
08:00:38,912810UA4,TSRYS5802849,D,S,D,2024-06-10,1000000.00,4.58908,100.578125
08:00:38,912810UA4,TSRYS5802849,D,S,D,2024-06-10,1000000.00,4.58908,100.578125
08:00:39,912810UA4,TSRYS5802849,D,S,T,2024-06-10,1000000.00,4.588119,100.59375
08:00:39,912810UA4,TSRYS5802849,D,S,T,2024-06-10,1000000.00,4.588119,100.59375
08:00:39,912810UA4,TSRYS5802849,D,S,T,2024-06-10,3000000.00,4.588119,100.59375
08:00:39,912810UA4,TSRYS5802849,D,S,T,2024-06-10,1000000.00,4.588119,100.59375
08:00:39,912810UA4,TSRYS5802849,D,S,T,2024-06-10,1000000.00,4.588119,100.59375
08:00:39,912810UA4,TSRYS5802849,D,S,T,2024-06-10,3000000.00,4.588119,100.59375
08:00:39,912810UA4,TSRYS5802849,D,S,T,2024-06-10,1000000.00,4.588119,100.59375
08:00:39,912810UA4,TSRYS5802849,D,S,C,2024-06-10,8200000.00,4.578746,100.74629375
08:00:39,912810UA4,TSRYS5802849,D,S,C,2024-06-10,10000000.00,4.585704,100.6330125
08:00:39,912810UA4,TSRYS5802849,D,S,C,2024-06-10,5000000.00,4.576362,100.78515625
08:00:39,912810UA4,TSRYS5802849,D,S,D,2024-06-10,5000000.00,4.590282,100.55859375
08:00:39,912810UA4,TSRYS5802849,D,B,C,2024-06-10,5000000.00,4.590282,100.55859375
08:00:39,912810UA4,TSRYS5802849,D,S,C,2024-06-10,1845700.00,4.58908,100.578125
08:00:39,912810UA4,TSRYS5802849,D,S,A,2024-06-10,5000000.00,4.586917,100.61328125
08:00:39,912810UA4,TSRYS5802849,D,B,A,2024-06-10,1000000.00,4.586197,100.625
08:00:39,912810UA4,TSRYS5802849,D,S,A,2024-06-10,10000000.00,4.565363,100.96484375
08:00:39,912810UA4,TSRYS5802849,D,S,A,2024-06-10,5000000.00,4.568223,100.91796875
08:00:39,912810UA4,TSRYS5802849,D,S,D,2024-06-10,4000000.00,4.570206,100.88558
08:00:39,912810UA4,TSRYS5802849,D,S,T,2024-06-10,1000000.00,4.570854,100.875
08:00:39,912810UA4,TSRYS5802849,D,S,T,2024-06-10,1000000.00,4.570854,100.875
08:00:39,912810UA4,TSRYS5802849,D,S,T,2024-06-10,1000000.00,4.570854,100.875
08:00:39,912810UA4,TSRYS5802849,D,S,T,2024-06-10,1000000.00,4.570854,100.875
08:00:39,912810UA4,TSRYS5802849,D,B,A,2024-06-10,5000000.00,4.581636,100.69921875
08:00:40,912810UA4,TSRYS5802849,D,S,T,2024-06-10,1000000.00,4.570854,100.875
08:00:40,912810UA4,TSRYS5802849,D,B,A,2024-06-10,1000000.00,4.570854,100.875
08:00:40,912810UA4,TSRYS5802849,D,S,T,2024-06-10,1000000.00,4.579478,100.734375
08:00:40,912810UA4,TSRYS5802849,D,S,T,2024-06-10,1000000.00,4.579478,100.734375
08:00:40,912810UA4,TSRYS5802849,D,S,T,2024-06-10,1000000.00,4.579478,100.734375
08:00:40,912810UA4,TSRYS5802849,D,S,T,2024-06-10,1000000.00,4.579478,100.734375
08:00:40,912810UA4,TSRYS5802849,D,S,C,2024-06-10,150000.00,4.586025,100.6278020833
08:00:40,912810UA4,TSRYS5802849,D,S,C,2024-06-10,1000000.00,4.586105,100.6265
08:00:40,912810UA4,TSRYS5802849,D,B,C,2024-06-10,30600000.00,4.565832,100.95703125
08:00:40,912810UA4,TSRYS5802849,D,S,A,2024-06-10,10000000.00,4.584276,100.65625
08:00:40,912810UA4,TSRYS5802849,D,B,A,2024-06-10,200000.00,4.584276,100.65625
08:00:40,912810UA4,TSRYS5802849,D,S,T,2024-06-10,1000000.00,4.586197,100.625
08:00:40,912810UA4,TSRYS5802849,D,S,D,2024-06-10,1000000.00,4.586197,100.625
08:00:40,912810UA4,TSRYS5802849,D,S,D,2024-06-10,8000000.00,4.586253,100.62409
08:00:40,912810UA4,TSRYS5802849,D,S,C,2024-06-10,5000000.00,4.585477,100.63671875
08:00:40,912810UA4,TSRYS5802849,D,S,A,2024-06-10,5000000.00,4.57756,100.765625
08:00:40,912810UA4,TSRYS5802849,D,B,C,2024-06-10,3000000.00,4.578519,100.75
08:00:40,912810UA4,TSRYS5802849,D,B,A,2024-06-10,2000000.00,4.578519,100.75
08:00:40,912810UA4,TSRYS5802849,D,S,D,2024-06-10,1000000.00,4.581893,100.6950358073
08:00:40,912810UA4,TSRYS5802849,D,S,D,2024-06-10,1000000.00,4.581893,100.6950358073
08:00:40,912810UA4,TSRYS5802849,D,B,A,2024-06-10,1000000.00,4.585717,100.6328125
08:00:40,912810UA4,TSRYS5802849,D,S,C,2024-06-10,2800000.00,4.584036,100.66015625
08:00:40,912810UA4,TSRYS5802849,D,S,T,2024-06-10,1000000.00,4.587158,100.609375
08:00:40,912810UA4,TSRYS5802849,D,S,T,2024-06-10,1000000.00,4.587158,100.609375
08:00:40,912810UA4,TSRYS5802849,D,B,C,2024-06-10,12500000.00,4.586677,100.6171875
08:00:40,912810UA4,TSRYS5802849,D,S,C,2024-06-10,2171000.00,4.586677,100.6171875
08:00:40,912810UA4,TSRYS5802849,D,S,A,2024-06-10,250000.00,4.578279,100.75390625
08:00:43,912810UA4,TSRYS5802849,D,S,D,2024-06-10,1000000.00,4.585477,100.63671875
08:00:43,912810UA4,TSRYS5802849,D,S,D,2024-06-10,50MM+,4.442613,103.0
08:00:43,912810UA4,TSRYS5802849,D,S,D,2024-06-10,1000000.00,4.570854,100.875
08:00:43,912810UA4,TSRYS5802849,D,S,D,2024-06-10,1000000.00,4.570854,100.875
08:00:43,912810UA4,TSRYS5802849,D,S,D,2024-06-10,1000000.00,4.570854,100.875
08:00:43,912810UA4,TSRYS5802849,D,S,D,2024-06-10,1000000.00,4.570854,100.875
08:00:43,912810UA4,TSRYS5802849,D,S,T,2024-06-10,1000000.00,4.586797,100.615234375
08:00:43,912810UA4,TSRYS5802849,D,B,C,2024-06-10,6000000.00,4.574924,100.80859375
08:00:43,912810UA4,TSRYS5802849,D,S,T,2024-06-10,1000000.00,4.575403,100.80078125
08:00:43,912810UA4,TSRYS5802849,D,B,A,2024-06-10,1000000.00,4.579238,100.73828125
08:00:43,912810UA4,TSRYS5802849,D,S,T,2024-06-10,1000000.00,4.588839,100.58203125
08:00:43,912810UA4,TSRYS5802849,D,S,D,2024-06-10,1000000.00,4.582356,100.6875
08:00:43,912810UA4,TSRYS5802849,D,B,C,2024-06-10,850000.00,4.583451,100.6696856618
08:00:43,912810UA4,TSRYS5802849,D,B,C,2024-06-10,1000000.00,4.583576,100.667640625
08:00:43,912810UA4,TSRYS5802849,D,S,D,2024-06-10,1000000.00,4.585236,100.640625
08:00:43,912810UA4,TSRYS5802849,D,S,D,2024-06-10,1000000.00,4.588119,100.59375
08:00:43,912810UA4,TSRYS5802849,D,S,A,2024-06-10,1000000.00,4.578998,100.7421875
08:00:43,912810UA4,TSRYS5802849,D,S,D,2024-06-10,8200000.00,4.578746,100.74629375
08:00:43,912810UA4,TSRYS5802849,D,B,A,2024-06-10,5033500.00,4.580917,100.7109375
08:00:43,912810UA4,TSRYS5802849,D,S,D,2024-06-10,1000000.00,4.57253,100.84765625
08:00:43,912810UA4,TSRYS5802849,D,S,D,2024-06-10,1000000.00,4.578039,100.7578125
08:00:43,912810UA4,TSRYS5802849,D,S,A,2024-06-10,5000000.00,4.576577,100.78165
08:00:44,912810UA4,TSRYS5802849,D,S,D,2024-06-10,1000000.00,4.579598,100.732421875
08:00:44,912810UA4,TSRYS5802849,D,S,D,2024-06-10,1000000.00,4.579598,100.732421875
08:00:44,912810UA4,TSRYS5802849,D,S,D,2024-06-10,1000000.00,4.579718,100.73046875
08:00:44,912810UA4,TSRYS5802849,D,S,C,2024-06-10,10000000.00,4.578986,100.7423875
08:00:44,912810UA4,TSRYS5802849,D,S,D,2024-06-10,6000000.00,4.582236,100.689453125
08:00:44,912810UA4,TSRYS5802849,D,S,D,2024-06-10,1000000.00,4.585356,100.638671875
08:00:44,912810UA4,TSRYS5802849,D,S,C,2024-06-10,2500000.00,4.584276,100.65625
08:00:44,912810UA4,TSRYS5802849,D,S,D,2024-06-10,4000000.00,4.584781,100.6480375
08:00:44,912810UA4,TSRYS5802849,D,B,C,2024-06-10,4000000.00,4.584781,100.6480375
08:00:44,912810UA4,TSRYS5802849,D,S,C,2024-06-10,1000000.00,4.585236,100.640625
08:00:44,912810UA4,TSRYS5802849,D,S,T,2024-06-10,1000000.00,4.586677,100.6171875
08:00:44,912810UA4,TSRYS5802849,D,S,D,2024-06-10,125000.00,4.587158,100.609375
08:00:45,912810UA4,TSRYS5802849,D,B,A,2024-06-10,3000000.00,4.58956,100.5703125
08:00:45,912810UA4,TSRYS5802849,D,B,A,2024-06-10,8850000.00,4.588599,100.5859375
08:00:45,912810UA4,TSRYS5802849,D,S,D,2024-06-10,1000000.00,4.588839,100.58203125
08:00:45,912810UA4,TSRYS5802849,D,S,D,2024-06-10,1000000.00,4.588839,100.58203125
08:00:45,912810UA4,TSRYS5802849,D,S,T,2024-06-10,1000000.00,4.588719,100.583984375
08:00:45,912810UA4,TSRYS5802849,D,S,D,2024-06-10,1845700.00,4.58908,100.578125
08:00:45,912810UA4,TSRYS5802849,D,S,D,2024-06-10,1000000.00,4.588239,100.591796875
08:00:45,912810UA4,TSRYS5802849,D,S,D,2024-06-10,1000000.00,4.588239,100.591796875
08:00:45,912810UA4,TSRYS5802849,D,S,D,2024-06-10,1000000.00,4.588239,100.591796875
08:00:45,912810UA4,TSRYS5802849,D,S,D,2024-06-10,1000000.00,4.588239,100.591796875
08:00:45,912810UA4,TSRYS5802849,D,S,D,2024-06-10,1000000.00,4.588239,100.591796875
08:00:45,912810UA4,TSRYS5802849,D,S,D,2024-06-10,1000000.00,4.588239,100.591796875
08:00:45,912810UA4,TSRYS5802849,D,S,T,2024-06-10,1000000.00,4.586197,100.625
08:00:46,912810UA4,TSRYS5802849,D,S,T,2024-06-10,1000000.00,4.57756,100.765625
08:00:46,912810UA4,TSRYS5802849,D,S,T,2024-06-10,1000000.00,4.57756,100.765625
08:00:46,912810UA4,TSRYS5802849,D,S,D,2024-06-10,5000.00,4.568916,100.90665
08:00:46,912810UA4,TSRYS5802849,D,S,A,2024-06-10,600000.00,4.567266,100.93359375
08:00:47,912810UA4,TSRYS5802849,D,S,D,2024-06-10,1000.00,4.568437,100.9144625
08:00:47,912810UA4,TSRYS5802849,D,B,A,2024-06-10,5000000.00,4.570854,100.875
08:00:47,912810UA4,TSRYS5802849,D,S,T,2024-06-10,1000000.00,4.57756,100.765625
08:00:47,912810UA4,TSRYS5802849,D,S,T,2024-06-10,1000000.00,4.573727,100.828125
08:00:47,912810UA4,TSRYS5802849,D,S,A,2024-06-10,5000000.00,4.57732,100.76953125
08:00:48,912810UA4,TSRYS5802849,D,S,D,2024-06-10,1000000.00,4.582596,100.68359375
08:00:48,912810UA4,TSRYS5802849,D,S,D,2024-06-10,1000000.00,4.577081,100.7734375
08:00:48,912810UA4,TSRYS5802849,D,S,A,2024-06-10,10000000.00,4.583556,100.66796875
08:00:48,912810UA4,TSRYS5802849,D,S,D,2024-06-10,1000000.00,4.580677,100.71484375
08:00:48,912810UA4,TSRYS5802849,D,S,D,2024-06-10,1000000.00,4.581636,100.69921875
08:00:48,912810UA4,TSRYS5802849,D,S,D,2024-06-10,1000000.00,4.582116,100.69140625
08:00:48,912810UA4,TSRYS5802849,D,S,D,2024-06-10,1000000.00,4.583076,100.67578125
08:00:48,912810UA4,TSRYS5802849,D,S,D,2024-06-10,1000000.00,4.584516,100.65234375
08:00:48,912810UA4,TSRYS5802849,D,S,D,2024-06-10,1000000.00,4.586197,100.625
08:00:48,912810UA4,TSRYS5802849,D,B,A,2024-06-10,1800000.00,4.585477,100.63671875
08:00:49,912810UA4,TSRYS5802849,D,S,D,2024-06-10,10000000.00,4.578986,100.7423875
08:00:49,912810UA4,TSRYS5802849,D,S,D,2024-06-10,1000000.00,4.574685,100.8125
08:00:49,912810UA4,TSRYS5802849,D,S,D,2024-06-10,10000000.00,4.585704,100.6330125
08:00:49,912810UA4,TSRYS5802849,D,S,A,2024-06-10,1500000.00,4.567266,100.93359375
08:00:50,912810UA4,TSRYS5802849,D,S,D,2024-06-10,5000000.00,4.576362,100.78515625
08:00:50,912810UA4,TSRYS5802849,D,S,D,2024-06-10,3000000.00,4.579655,100.73149
08:00:50,912810UA4,TSRYS5802849,D,S,T,2024-06-10,1000000.00,4.586677,100.6171875
08:00:50,912810UA4,TSRYS5802849,D,S,T,2024-06-10,1000000.00,4.586677,100.6171875
08:00:50,912810UA4,TSRYS5802849,D,S,T,2024-06-10,1000000.00,4.586677,100.6171875
08:00:51,912810UA4,TSRYS5802849,D,S,T,2024-06-10,1000000.00,4.58908,100.578125
08:00:51,912810UA4,TSRYS5802849,D,S,D,2024-06-10,4000000.00,4.588888,100.58125
08:00:51,912810UA4,TSRYS5802849,D,S,D,2024-06-10,1000000.00,4.588839,100.58203125
08:00:51,912810UA4,TSRYS5802849,D,B,A,2024-06-10,7700000.00,4.588599,100.5859375
08:00:51,912810UA4,TSRYS5802849,D,S,D,2024-06-10,1000000.00,4.588239,100.591796875
08:00:51,912810UA4,TSRYS5802849,D,S,D,2024-06-10,1000000.00,4.588239,100.591796875
08:00:51,912810UA4,TSRYS5802849,D,S,D,2024-06-10,1000000.00,4.588239,100.591796875
08:00:51,912810UA4,TSRYS5802849,D,S,D,2024-06-10,1000000.00,4.588239,100.591796875
08:00:51,912810UA4,TSRYS5802849,D,S,T,2024-06-10,1000000.00,4.57756,100.765625
08:00:51,912810UA4,TSRYS5802849,D,S,T,2024-06-10,1000000.00,4.57756,100.765625
08:00:51,912810UA4,TSRYS5802849,D,S,D,2024-06-10,1000000.00,4.587038,100.611328125
08:00:51,912810UA4,TSRYS5802849,D,S,D,2024-06-10,1000000.00,4.587038,100.611328125
08:00:51,912810UA4,TSRYS5802849,D,S,D,2024-06-10,1000000.00,4.586797,100.615234375
08:00:51,912810UA4,TSRYS5802849,D,S,D,2024-06-10,2500000.00,4.584276,100.65625
08:00:52,912810UA4,TSRYS5802849,D,S,D,2024-06-10,1000000.00,4.585236,100.640625
08:00:52,912810UA4,TSRYS5802849,D,S,D,2024-06-10,1000000.00,4.588119,100.59375
08:00:52,912810UA4,TSRYS5802849,D,S,D,2024-06-10,1000000.00,4.587158,100.609375
08:00:52,912810UA4,TSRYS5802849,D,S,D,2024-06-10,1000000.00,4.587158,100.609375
08:00:52,912810UA4,TSRYS5802849,D,S,T,2024-06-10,1000000.00,4.57756,100.765625
08:00:52,912810UA4,TSRYS5802849,D,S,T,2024-06-10,1000000.00,4.57756,100.765625
08:00:52,912810UA4,TSRYS5802849,D,S,A,2024-06-10,1000000.00,4.578519,100.75
08:00:52,912810UA4,TSRYS5802849,D,S,A,2024-06-10,1000000.00,4.578519,100.75
08:00:53,912810UA4,TSRYS5802849,D,S,C,2024-06-10,18000000.00,4.574685,100.8125
08:00:53,912810UA4,TSRYS5802849,D,S,T,2024-06-10,1000000.00,4.57756,100.765625
08:00:54,912810UA4,TSRYS5802849,D,S,T,2024-06-10,1000000.00,4.583316,100.671875
08:00:54,912810UA4,TSRYS5802849,D,S,T,2024-06-10,1000000.00,4.583316,100.671875
08:00:54,912810UA4,TSRYS5802849,D,S,A,2024-06-10,1000000.00,4.57756,100.765625
08:00:54,912810UA4,TSRYS5802849,D,S,T,2024-06-10,1000000.00,4.57756,100.765625
08:00:54,912810UA4,TSRYS5802849,D,S,T,2024-06-10,1000000.00,4.57744,100.767578125
08:00:55,912810UA4,TSRYS5802849,D,S,D,2024-06-10,1000000.00,4.582596,100.68359375
08:00:55,912810UA4,TSRYS5802849,D,S,C,2024-06-10,1000000.00,4.582356,100.6875
08:00:55,912810UA4,TSRYS5802849,D,S,D,2024-06-10,1000000.00,4.585477,100.63671875
08:00:56,912810UA4,TSRYS5802849,D,S,D,2024-06-10,1000000.00,4.587398,100.60546875
08:00:56,912810UA4,TSRYS5802849,D,S,D,2024-06-10,1000000.00,4.578758,100.74609375
08:00:57,912810UA4,TSRYS5802849,D,S,D,2024-06-10,1000000.00,4.582836,100.6796875
08:00:57,912810UA4,TSRYS5802849,D,S,D,2024-06-10,1000000.00,4.586917,100.61328125
08:00:57,912810UA4,TSRYS5802849,D,S,D,2024-06-10,1000000.00,4.587638,100.6015625
08:00:58,912810UA4,TSRYS5802849,D,B,A,2024-06-10,1000000.00,4.57756,100.765625
08:00:58,912810UA4,TSRYS5802849,D,S,C,2024-06-10,2297000.00,4.581396,100.703125
08:00:58,912810UA4,TSRYS5802849,D,S,T,2024-06-10,1000000.00,4.588119,100.59375
08:00:58,912810UA4,TSRYS5802849,D,B,A,2024-06-10,5000000.00,4.584276,100.65625
08:00:58,912810UA4,TSRYS5802849,D,S,D,2024-06-10,1000000.00,4.578039,100.7578125
08:00:59,912810UA4,TSRYS5802849,D,S,T,2024-06-10,1000000.00,4.567033,100.937398
08:00:59,912810UA4,TSRYS5802849,D,S,D,2024-06-10,1000000.00,4.590402,100.556640625
08:00:59,912810UA4,TSRYS5802849,D,S,D,2024-06-10,1000000.00,4.590041,100.5625
08:00:59,912810UA4,TSRYS5802849,D,S,D,2024-06-10,1000000.00,4.590041,100.5625
08:00:59,912810UA4,TSRYS5802849,D,B,C,2024-06-10,50MM+,4.590041,100.5625
08:01:00,912810UA4,TSRYS5802849,D,S,C,2024-06-10,1000000.00,4.571333,100.8671875
08:01:00,912810UA4,TSRYS5802849,D,S,C,2024-06-10,1000000.00,4.571333,100.8671875
08:01:00,912810UA4,TSRYS5802849,D,S,D,2024-06-10,1000000.00,4.571333,100.8671875
08:01:00,912810UA4,TSRYS5802849,D,S,D,2024-06-10,1000000.00,4.565115,100.96875
08:01:00,912810UA4,TSRYS5802849,D,S,C,2024-06-10,1000000.00,4.566071,100.953125
08:01:00,912810UA4,TSRYS5802849,D,S,D,2024-06-10,1000000.00,4.566071,100.953125
08:01:00,912810UA4,TSRYS5802849,D,B,C,2024-06-10,1000000.00,4.565115,100.96875
08:01:00,912810UA4,TSRYS5802849,D,S,D,2024-06-10,1000000.00,4.566071,100.953125
08:01:00,912810UA4,TSRYS5802849,D,S,D,2024-06-10,1000000.00,4.565115,100.96875
08:01:00,912810UA4,TSRYS5802849,D,S,D,2024-06-10,1000000.00,4.566071,100.953125
08:01:00,912810UA4,TSRYS5802849,D,S,D,2024-06-10,1000000.00,4.587878,100.59765625
08:01:00,912810UA4,TSRYS5802849,D,S,D,2024-06-10,1000000.00,4.566071,100.953125
08:01:00,912810UA4,TSRYS5802849,D,B,C,2024-06-10,1000000.00,4.566071,100.953125
08:01:00,912810UA4,TSRYS5802849,D,S,D,2024-06-10,1000000.00,4.567505,100.9296875
08:01:00,912810UA4,TSRYS5802849,D,S,D,2024-06-10,1000000.00,4.567505,100.9296875
08:01:00,912810UA4,TSRYS5802849,D,S,D,2024-06-10,1000000.00,4.567984,100.921875
08:01:00,912810UA4,TSRYS5802849,D,S,D,2024-06-10,4000000.00,4.566549,100.9453125
08:01:00,912810UA4,TSRYS5802849,D,S,D,2024-06-10,1000000.00,4.566549,100.9453125
08:01:00,912810UA4,TSRYS5802849,D,S,D,2024-06-10,1000000.00,4.567027,100.9375
08:01:00,912810UA4,TSRYS5802849,D,S,D,2024-06-10,1000000.00,4.567027,100.9375
08:01:00,912810UA4,TSRYS5802849,D,S,D,2024-06-10,2000000.00,4.566549,100.9453125
08:01:00,912810UA4,TSRYS5802849,D,B,C,2024-06-10,1000000.00,4.566071,100.953125
08:01:00,912810UA4,TSRYS5802849,D,S,D,2024-06-10,1000000.00,4.566071,100.953125
08:01:00,912810UA4,TSRYS5802849,D,B,C,2024-06-10,1000000.00,4.567266,100.93359375
08:01:00,912810UA4,TSRYS5802849,D,S,D,2024-06-10,1000000.00,4.566071,100.953125
08:01:00,912810UA4,TSRYS5802849,D,S,D,2024-06-10,1000000.00,4.56631,100.94921875
08:01:00,912810UA4,TSRYS5802849,D,S,C,2024-06-10,1000000.00,4.567505,100.9296875
08:01:00,912810UA4,TSRYS5802849,D,S,D,2024-06-10,1000000.00,4.567266,100.93359375
08:01:00,912810UA4,TSRYS5802849,D,S,D,2024-06-10,1000000.00,4.569419,100.8984375
08:01:00,912810UA4,TSRYS5802849,D,S,D,2024-06-10,1000000.00,4.567505,100.9296875
08:01:00,912810UA4,TSRYS5802849,D,B,C,2024-06-10,1000000.00,4.569419,100.8984375
08:01:01,912810UA4,TSRYS5802849,D,S,D,2024-06-10,1000000.00,4.573248,100.8359375
08:01:01,912810UA4,TSRYS5802849,D,S,D,2024-06-10,1000000.00,4.571572,100.86328125
08:01:01,912810UA4,TSRYS5802849,D,B,C,2024-06-10,1000000.00,4.575883,100.79296875
08:01:01,912810UA4,TSRYS5802849,D,B,C,2024-06-10,1000000.00,4.573727,100.828125
08:01:01,912810UA4,TSRYS5802849,D,S,D,2024-06-10,1000000.00,4.575883,100.79296875
08:01:01,912810UA4,TSRYS5802849,D,S,C,2024-06-10,1000000.00,4.573727,100.828125
08:01:01,912810UA4,TSRYS5802849,D,S,D,2024-06-10,1000000.00,4.565593,100.9609375
08:01:01,912810UA4,TSRYS5802849,D,S,D,2024-06-10,1000000.00,4.577081,100.7734375
08:01:01,912810UA4,TSRYS5802849,D,S,C,2024-06-10,1000000.00,4.57253,100.84765625
08:01:01,912810UA4,TSRYS5802849,D,B,C,2024-06-10,1000000.00,4.57253,100.84765625
08:01:01,912810UA4,TSRYS5802849,D,S,C,2024-06-10,1000000.00,4.581636,100.69921875
08:01:01,912810UA4,TSRYS5802849,D,B,C,2024-06-10,1000000.00,4.581636,100.69921875
08:01:01,912810UA4,TSRYS5802849,D,B,C,2024-06-10,1000000.00,4.580677,100.71484375
08:01:01,912810UA4,TSRYS5802849,D,S,D,2024-06-10,1000000.00,4.580677,100.71484375
08:01:01,912810UA4,TSRYS5802849,D,B,C,2024-06-10,1000000.00,4.583076,100.67578125
08:01:01,912810UA4,TSRYS5802849,D,S,D,2024-06-10,1000000.00,4.584516,100.65234375
08:01:01,912810UA4,TSRYS5802849,D,S,D,2024-06-10,1000000.00,4.583076,100.67578125
08:01:01,912810UA4,TSRYS5802849,D,S,C,2024-06-10,1000000.00,4.57253,100.84765625
08:01:01,912810UA4,TSRYS5802849,D,S,C,2024-06-10,1000000.00,4.581636,100.69921875
08:01:01,912810UA4,TSRYS5802849,D,B,C,2024-06-10,1000000.00,4.588119,100.59375
08:01:01,912810UA4,TSRYS5802849,D,B,C,2024-06-10,1000000.00,4.586197,100.625
08:01:01,912810UA4,TSRYS5802849,D,S,D,2024-06-10,1000000.00,4.588119,100.59375
08:01:01,912810UA4,TSRYS5802849,D,S,D,2024-06-10,1000000.00,4.586197,100.625
08:01:01,912810UA4,TSRYS5802849,D,B,C,2024-06-10,1000000.00,4.577081,100.7734375
08:01:01,912810UA4,TSRYS5802849,D,S,D,2024-06-10,1000000.00,4.582596,100.68359375
08:01:01,912810UA4,TSRYS5802849,D,S,D,2024-06-10,1000000.00,4.582356,100.6875
08:01:01,912810UA4,TSRYS5802849,D,B,C,2024-06-10,1000000.00,4.587158,100.609375
08:01:01,912810UA4,TSRYS5802849,D,B,C,2024-06-10,1000000.00,4.586197,100.625
08:01:01,912810UA4,TSRYS5802849,D,S,C,2024-06-10,1000000.00,4.586197,100.625
08:01:01,912810UA4,TSRYS5802849,D,B,C,2024-06-10,1000000.00,4.584516,100.65234375
08:01:01,912810UA4,TSRYS5802849,D,S,D,2024-06-10,1000000.00,4.585477,100.63671875
08:01:01,912810UA4,TSRYS5802849,D,B,C,2024-06-10,1000000.00,4.578758,100.74609375
08:01:01,912810UA4,TSRYS5802849,D,B,C,2024-06-10,1000000.00,4.580677,100.71484375
08:01:01,912810UA4,TSRYS5802849,D,B,C,2024-06-10,1000000.00,4.587398,100.60546875
08:01:01,912810UA4,TSRYS5802849,D,S,D,2024-06-10,1000000.00,4.578758,100.74609375
08:01:01,912810UA4,TSRYS5802849,D,S,D,2024-06-10,1000000.00,4.587158,100.609375
08:01:01,912810UA4,TSRYS5802849,D,S,D,2024-06-10,1000000.00,4.585717,100.6328125
08:01:01,912810UA4,TSRYS5802849,D,B,C,2024-06-10,1000000.00,4.585717,100.6328125
08:01:01,912810UA4,TSRYS5802849,D,B,C,2024-06-10,1000000.00,4.582836,100.6796875
08:01:01,912810UA4,TSRYS5802849,D,S,D,2024-06-10,1000000.00,4.582836,100.6796875
08:01:01,912810UA4,TSRYS5802849,D,B,C,2024-06-10,1000000.00,4.582356,100.6875
08:01:01,912810UA4,TSRYS5802849,D,S,D,2024-06-10,1000000.00,4.586917,100.61328125
08:01:01,912810UA4,TSRYS5802849,D,S,D,2024-06-10,1000000.00,4.587638,100.6015625
08:01:01,912810UA4,TSRYS5802849,D,B,C,2024-06-10,1000000.00,4.585957,100.62890625
08:01:01,912810UA4,TSRYS5802849,D,S,D,2024-06-10,1000000.00,4.588839,100.58203125
08:01:01,912810UA4,TSRYS5802849,D,B,C,2024-06-10,1000000.00,4.587398,100.60546875
08:01:01,912810UA4,TSRYS5802849,D,S,D,2024-06-10,1000000.00,4.587398,100.60546875
08:01:01,912810UA4,TSRYS5802849,D,S,D,2024-06-10,1000000.00,4.587398,100.60546875
08:01:01,912810UA4,TSRYS5802849,D,S,D,2024-06-10,1000000.00,4.587158,100.609375
08:01:01,912810UA4,TSRYS5802849,D,S,D,2024-06-10,1000000.00,4.578039,100.7578125
08:01:01,912810UA4,TSRYS5802849,D,B,C,2024-06-10,1000000.00,4.587158,100.609375
08:01:01,912810UA4,TSRYS5802849,D,S,D,2024-06-10,1000000.00,4.580677,100.71484375
08:01:01,912810UA4,TSRYS5802849,D,B,C,2024-06-10,1000000.00,4.579478,100.734375
08:01:01,912810UA4,TSRYS5802849,D,B,C,2024-06-10,1000000.00,4.577081,100.7734375
08:01:01,912810UA4,TSRYS5802849,D,S,D,2024-06-10,1000000.00,4.577081,100.7734375
08:01:01,912810UA4,TSRYS5802849,D,S,C,2024-06-10,1000000.00,4.579478,100.734375
08:01:01,912810UA4,TSRYS5802849,D,S,D,2024-06-10,1000000.00,4.576841,100.77734375
08:01:01,912810UA4,TSRYS5802849,D,S,D,2024-06-10,1000000.00,4.585957,100.62890625
08:01:01,912810UA4,TSRYS5802849,D,B,C,2024-06-10,1000000.00,4.576841,100.77734375
08:01:01,912810UA4,TSRYS5802849,D,B,C,2024-06-10,1000000.00,4.57732,100.76953125
08:01:01,912810UA4,TSRYS5802849,D,S,D,2024-06-10,1000000.00,4.578279,100.75390625
08:01:01,912810UA4,TSRYS5802849,D,B,C,2024-06-10,1000000.00,4.57756,100.765625
08:01:01,912810UA4,TSRYS5802849,D,B,C,2024-06-10,1000000.00,4.587638,100.6015625
08:01:01,912810UA4,TSRYS5802849,D,S,D,2024-06-10,1000000.00,4.57756,100.765625
08:01:01,912810UA4,TSRYS5802849,D,B,C,2024-06-10,1000000.00,4.5778,100.76171875
08:01:01,912810UA4,TSRYS5802849,D,S,D,2024-06-10,1000000.00,4.5778,100.76171875
08:01:01,912810UA4,TSRYS5802849,D,B,C,2024-06-10,1000000.00,4.5778,100.76171875
08:01:01,912810UA4,TSRYS5802849,D,S,C,2024-06-10,1000000.00,4.578039,100.7578125
08:01:01,912810UA4,TSRYS5802849,D,S,D,2024-06-10,2000000.00,4.588839,100.58203125
08:01:01,912810UA4,TSRYS5802849,D,S,D,2024-06-10,1000000.00,4.576362,100.78515625
08:01:02,912810UA4,TSRYS5802849,D,B,C,2024-06-10,1000000.00,4.578039,100.7578125
08:01:02,912810UA4,TSRYS5802849,D,B,C,2024-06-10,1000000.00,4.574445,100.81640625
08:01:02,912810UA4,TSRYS5802849,D,B,C,2024-06-10,1000000.00,4.580677,100.71484375
08:01:02,912810UA4,TSRYS5802849,D,S,D,2024-06-10,1000000.00,4.574445,100.81640625
08:01:02,912810UA4,TSRYS5802849,D,B,C,2024-06-10,1000000.00,4.578039,100.7578125
08:01:02,912810UA4,TSRYS5802849,D,S,D,2024-06-10,1000000.00,4.580677,100.71484375
08:01:02,912810UA4,TSRYS5802849,D,S,D,2024-06-10,1000000.00,4.57732,100.76953125
08:01:02,912810UA4,TSRYS5802849,D,B,C,2024-06-10,1000000.00,4.578279,100.75390625
08:01:02,912810UA4,TSRYS5802849,D,S,D,2024-06-10,1000000.00,4.5778,100.76171875
08:01:02,912810UA4,TSRYS5802849,D,B,C,2024-06-10,1000000.00,4.576362,100.78515625
08:01:02,912810UA4,TSRYS5802849,D,S,D,2024-06-10,1000000.00,4.580917,100.7109375
08:01:02,912810UA4,TSRYS5802849,D,B,C,2024-06-10,1000000.00,4.580917,100.7109375
08:01:02,912810UA4,TSRYS5802849,D,S,C,2024-06-10,1000000.00,4.578758,100.74609375
08:01:02,912810UA4,TSRYS5802849,D,S,D,2024-06-10,1000000.00,4.579238,100.73828125
08:01:02,912810UA4,TSRYS5802849,D,B,C,2024-06-10,1000000.00,4.578758,100.74609375
08:01:02,912810UA4,TSRYS5802849,D,B,C,2024-06-10,1000000.00,4.579238,100.73828125
08:01:02,912810UA4,TSRYS5802849,D,S,D,2024-06-10,1000000.00,4.580917,100.7109375
08:01:02,912810UA4,TSRYS5802849,D,B,C,2024-06-10,1000000.00,4.580677,100.71484375
08:01:02,912810UA4,TSRYS5802849,D,S,D,2024-06-10,1000000.00,4.580677,100.71484375
08:01:02,912810UA4,TSRYS5802849,D,S,D,2024-06-10,1000000.00,4.580917,100.7109375
08:01:02,912810UA4,TSRYS5802849,D,B,C,2024-06-10,1000000.00,4.580917,100.7109375
08:01:02,912810UA4,TSRYS5802849,D,B,C,2024-06-10,1000000.00,4.580677,100.71484375
08:01:02,912810UA4,TSRYS5802849,D,S,D,2024-06-10,1000000.00,4.580677,100.71484375
08:01:02,912810UA4,TSRYS5802849,D,B,C,2024-06-10,1000000.00,4.579238,100.73828125
08:01:02,912810UA4,TSRYS5802849,D,S,D,2024-06-10,1000000.00,4.577081,100.7734375
08:01:02,912810UA4,TSRYS5802849,D,S,D,2024-06-10,1000000.00,4.57732,100.76953125
08:01:02,912810UA4,TSRYS5802849,D,S,D,2024-06-10,1000000.00,4.576841,100.77734375
08:01:02,912810UA4,TSRYS5802849,D,S,D,2024-06-10,1000000.00,4.5778,100.76171875
08:01:02,912810UA4,TSRYS5802849,D,S,D,2024-06-10,1000000.00,4.575643,100.796875
08:01:02,912810UA4,TSRYS5802849,D,S,D,2024-06-10,1000000.00,4.580677,100.71484375
08:01:02,912810UA4,TSRYS5802849,D,S,D,2024-06-10,1000000.00,4.580917,100.7109375
08:01:02,912810UA4,TSRYS5802849,D,S,D,2024-06-10,1000000.00,4.580677,100.71484375
08:01:02,912810UA4,TSRYS5802849,D,S,D,2024-06-10,1000000.00,4.580917,100.7109375
08:01:02,912810UA4,TSRYS5802849,D,S,D,2024-06-10,1000000.00,4.580677,100.71484375
08:01:02,912810UA4,TSRYS5802849,D,S,D,2024-06-10,1000000.00,4.579238,100.73828125
08:01:02,912810UA4,TSRYS5802849,D,S,D,2024-06-10,1000000.00,4.579238,100.73828125
08:01:02,912810UA4,TSRYS5802849,D,S,D,2024-06-10,1000000.00,4.579238,100.73828125
08:01:02,912810UA4,TSRYS5802849,D,S,C,2024-06-10,1000000.00,4.579238,100.73828125
08:01:02,912810UA4,TSRYS5802849,D,S,D,2024-06-10,1000000.00,4.575883,100.79296875
08:01:02,912810UA4,TSRYS5802849,D,B,C,2024-06-10,1000000.00,4.579238,100.73828125
08:01:02,912810UA4,TSRYS5802849,D,S,D,2024-06-10,1000000.00,4.579238,100.73828125
08:01:02,912810UA4,TSRYS5802849,D,B,C,2024-06-10,1000000.00,4.578758,100.74609375
08:01:02,912810UA4,TSRYS5802849,D,S,D,2024-06-10,1000000.00,4.575643,100.796875
08:01:02,912810UA4,TSRYS5802849,D,S,D,2024-06-10,1000000.00,4.579238,100.73828125
08:01:02,912810UA4,TSRYS5802849,D,B,C,2024-06-10,1000000.00,4.579238,100.73828125
08:01:02,912810UA4,TSRYS5802849,D,S,D,2024-06-10,1000000.00,4.578998,100.7421875
08:01:02,912810UA4,TSRYS5802849,D,B,C,2024-06-10,1000000.00,4.578998,100.7421875
08:01:02,912810UA4,TSRYS5802849,D,B,C,2024-06-10,1000000.00,4.579238,100.73828125
08:01:02,912810UA4,TSRYS5802849,D,S,D,2024-06-10,1000000.00,4.578758,100.74609375
08:01:02,912810UA4,TSRYS5802849,D,S,D,2024-06-10,1000000.00,4.579238,100.73828125
08:01:02,912810UA4,TSRYS5802849,D,S,D,2024-06-10,1000000.00,4.579238,100.73828125
08:01:02,912810UA4,TSRYS5802849,D,B,C,2024-06-10,1000000.00,4.579238,100.73828125
08:01:02,912810UA4,TSRYS5802849,D,S,D,2024-06-10,1000000.00,4.579238,100.73828125
08:01:02,912810UA4,TSRYS5802849,D,S,T,2024-06-10,1000000.00,4.588359,100.58984375
08:01:02,912810UA4,TSRYS5802849,D,B,C,2024-06-10,1000000.00,4.579238,100.73828125
08:01:02,912810UA4,TSRYS5802849,D,B,C,2024-06-10,1000000.00,4.579238,100.73828125
08:01:02,912810UA4,TSRYS5802849,D,S,C,2024-06-10,1000000.00,4.579238,100.73828125
08:01:02,912810UA4,TSRYS5802849,D,B,C,2024-06-10,1000000.00,4.579238,100.73828125
08:01:02,912810UA4,TSRYS5802849,D,S,C,2024-06-10,1000000.00,4.579238,100.73828125
08:01:02,912810UA4,TSRYS5802849,D,B,C,2024-06-10,1000000.00,4.57756,100.765625
08:01:02,912810UA4,TSRYS5802849,D,S,C,2024-06-10,1000000.00,4.57756,100.765625
08:01:02,912810UA4,TSRYS5802849,D,B,C,2024-06-10,1000000.00,4.57756,100.765625
08:01:02,912810UA4,TSRYS5802849,D,S,C,2024-06-10,1000000.00,4.57756,100.765625
08:01:02,912810UA4,TSRYS5802849,D,B,C,2024-06-10,1000000.00,4.575883,100.79296875
08:01:02,912810UA4,TSRYS5802849,D,S,C,2024-06-10,1000000.00,4.575883,100.79296875
08:01:02,912810UA4,TSRYS5802849,D,S,D,2024-06-10,1000000.00,4.575883,100.79296875
08:01:02,912810UA4,TSRYS5802849,D,B,C,2024-06-10,1000000.00,4.575883,100.79296875
08:01:02,912810UA4,TSRYS5802849,D,B,C,2024-06-10,1000000.00,4.574445,100.81640625
08:01:02,912810UA4,TSRYS5802849,D,S,C,2024-06-10,1000000.00,4.574445,100.81640625
08:01:02,912810UA4,TSRYS5802849,D,S,D,2024-06-10,1000000.00,4.575643,100.796875
08:01:02,912810UA4,TSRYS5802849,D,S,D,2024-06-10,1000000.00,4.578279,100.75390625
08:01:02,912810UA4,TSRYS5802849,D,B,C,2024-06-10,1000000.00,4.578279,100.75390625
08:01:02,912810UA4,TSRYS5802849,D,B,C,2024-06-10,1000000.00,4.579478,100.734375
08:01:02,912810UA4,TSRYS5802849,D,S,C,2024-06-10,1000000.00,4.579478,100.734375
08:01:02,912810UA4,TSRYS5802849,D,B,C,2024-06-10,1000000.00,4.581157,100.70703125
08:01:02,912810UA4,TSRYS5802849,D,S,D,2024-06-10,1000000.00,4.581157,100.70703125
08:01:02,912810UA4,TSRYS5802849,D,B,C,2024-06-10,1000000.00,4.580917,100.7109375
08:01:02,912810UA4,TSRYS5802849,D,S,C,2024-06-10,1000000.00,4.580917,100.7109375
08:01:02,912810UA4,TSRYS5802849,D,B,C,2024-06-10,1000000.00,4.583316,100.671875
08:01:02,912810UA4,TSRYS5802849,D,S,D,2024-06-10,1000000.00,4.583316,100.671875
08:01:02,912810UA4,TSRYS5802849,D,S,D,2024-06-10,1000000.00,4.583316,100.671875
08:01:02,912810UA4,TSRYS5802849,D,B,C,2024-06-10,1000000.00,4.583316,100.671875
08:01:02,912810UA4,TSRYS5802849,D,S,D,2024-06-10,1000000.00,4.583796,100.6640625
08:01:02,912810UA4,TSRYS5802849,D,B,C,2024-06-10,1000000.00,4.583796,100.6640625
08:01:02,912810UA4,TSRYS5802849,D,S,D,2024-06-10,1000000.00,4.584036,100.66015625
08:01:02,912810UA4,TSRYS5802849,D,B,C,2024-06-10,1000000.00,4.584036,100.66015625
08:01:02,912810UA4,TSRYS5802849,D,B,C,2024-06-10,1000000.00,4.582356,100.6875
08:01:02,912810UA4,TSRYS5802849,D,S,C,2024-06-10,1000000.00,4.582356,100.6875
08:01:02,912810UA4,TSRYS5802849,D,S,D,2024-06-10,1000000.00,4.582356,100.6875
08:01:02,912810UA4,TSRYS5802849,D,B,C,2024-06-10,1000000.00,4.582356,100.6875
08:01:02,912810UA4,TSRYS5802849,D,B,C,2024-06-10,1000000.00,4.582356,100.6875
08:01:02,912810UA4,TSRYS5802849,D,S,D,2024-06-10,1000000.00,4.582356,100.6875
08:01:02,912810UA4,TSRYS5802849,D,S,D,2024-06-10,1000000.00,4.582356,100.6875
08:01:02,912810UA4,TSRYS5802849,D,B,C,2024-06-10,1000000.00,4.582356,100.6875
08:01:02,912810UA4,TSRYS5802849,D,S,D,2024-06-10,1000000.00,4.582356,100.6875
08:01:02,912810UA4,TSRYS5802849,D,B,C,2024-06-10,1000000.00,4.582356,100.6875
08:01:02,912810UA4,TSRYS5802849,D,S,D,2024-06-10,1000000.00,4.582356,100.6875
08:01:02,912810UA4,TSRYS5802849,D,B,C,2024-06-10,1000000.00,4.582356,100.6875
08:01:02,912810UA4,TSRYS5802849,D,S,D,2024-06-10,1000000.00,4.582356,100.6875
08:01:02,912810UA4,TSRYS5802849,D,B,C,2024-06-10,1000000.00,4.582356,100.6875
08:01:02,912810UA4,TSRYS5802849,D,S,D,2024-06-10,1000000.00,4.582836,100.6796875
08:01:02,912810UA4,TSRYS5802849,D,B,C,2024-06-10,1000000.00,4.582836,100.6796875
08:01:02,912810UA4,TSRYS5802849,D,S,D,2024-06-10,1000000.00,4.585477,100.63671875
08:01:02,912810UA4,TSRYS5802849,D,S,D,2024-06-10,1000000.00,4.583076,100.67578125
08:01:02,912810UA4,TSRYS5802849,D,S,D,2024-06-10,1000000.00,4.585957,100.62890625
08:01:02,912810UA4,TSRYS5802849,D,B,C,2024-06-10,1000000.00,4.585957,100.62890625
08:01:02,912810UA4,TSRYS5802849,D,S,D,2024-06-10,1000000.00,4.584756,100.6484375
08:01:02,912810UA4,TSRYS5802849,D,B,C,2024-06-10,1000000.00,4.586677,100.6171875
08:01:02,912810UA4,TSRYS5802849,D,S,D,2024-06-10,1000000.00,4.586677,100.6171875
08:01:02,912810UA4,TSRYS5802849,D,B,C,2024-06-10,1000000.00,4.586677,100.6171875
08:01:02,912810UA4,TSRYS5802849,D,S,D,2024-06-10,1000000.00,4.586677,100.6171875
08:01:02,912810UA4,TSRYS5802849,D,S,D,2024-06-10,1000000.00,4.588839,100.58203125
08:01:02,912810UA4,TSRYS5802849,D,B,C,2024-06-10,1000000.00,4.588839,100.58203125
08:01:02,912810UA4,TSRYS5802849,D,B,C,2024-06-10,1000000.00,4.588359,100.58984375
08:01:02,912810UA4,TSRYS5802849,D,S,C,2024-06-10,1000000.00,4.588359,100.58984375
08:01:02,912810UA4,TSRYS5802849,D,S,D,2024-06-10,1000000.00,4.587878,100.59765625
08:01:02,912810UA4,TSRYS5802849,D,S,C,2024-06-10,1000000.00,4.588359,100.58984375
08:01:03,912810UA4,TSRYS5802849,D,S,D,2024-06-10,1000000.00,4.578279,100.75390625
08:01:03,912810UA4,TSRYS5802849,D,S,D,2024-06-10,1000000.00,4.590161,100.560546875
08:01:03,912810UA4,TSRYS5802849,D,S,D,2024-06-10,1000000.00,4.581157,100.70703125
08:01:03,912810UA4,TSRYS5802849,D,S,D,2024-06-10,1000000.00,4.590041,100.5625
08:01:03,912810UA4,TSRYS5802849,D,S,D,2024-06-10,1000000.00,4.583316,100.671875
08:01:03,912810UA4,TSRYS5802849,D,S,D,2024-06-10,1000000.00,4.583316,100.671875
08:01:03,912810UA4,TSRYS5802849,D,S,D,2024-06-10,1000000.00,4.590041,100.5625
08:01:03,912810UA4,TSRYS5802849,D,S,D,2024-06-10,1000000.00,4.583796,100.6640625
08:01:03,912810UA4,TSRYS5802849,D,S,D,2024-06-10,1000000.00,4.584036,100.66015625
08:01:03,912810UA4,TSRYS5802849,D,S,D,2024-06-10,1000000.00,4.582356,100.6875
08:01:03,912810UA4,TSRYS5802849,D,S,D,2024-06-10,1000000.00,4.582356,100.6875
08:01:03,912810UA4,TSRYS5802849,D,S,D,2024-06-10,1000000.00,4.582356,100.6875
08:01:03,912810UA4,TSRYS5802849,D,S,D,2024-06-10,1000000.00,4.582356,100.6875
08:01:03,912810UA4,TSRYS5802849,D,S,D,2024-06-10,1000000.00,4.588839,100.58203125
08:01:03,912810UA4,TSRYS5802849,D,S,D,2024-06-10,1000000.00,4.588839,100.58203125
08:01:03,912810UA4,TSRYS5802849,D,S,D,2024-06-10,1000000.00,4.588839,100.58203125
08:01:04,912810UA4,TSRYS5802849,D,S,D,2024-06-10,1000000.00,4.585477,100.63671875
08:01:04,912810UA4,TSRYS5802849,D,S,D,2024-06-10,1000000.00,4.583076,100.67578125
08:01:04,912810UA4,TSRYS5802849,D,S,D,2024-06-10,1000000.00,4.588839,100.58203125
08:01:04,912810UA4,TSRYS5802849,D,S,D,2024-06-10,1000000.00,4.58908,100.578125
08:01:04,912810UA4,TSRYS5802849,D,S,D,2024-06-10,1000000.00,4.58908,100.578125
08:01:04,912810UA4,TSRYS5802849,D,S,D,2024-06-10,1000000.00,4.588839,100.58203125
08:01:04,912810UA4,TSRYS5802849,D,S,D,2024-06-10,1000000.00,4.588359,100.58984375
08:01:04,912810UA4,TSRYS5802849,D,S,D,2024-06-10,1000000.00,4.588719,100.583984375
08:01:04,912810UA4,TSRYS5802849,D,S,D,2024-06-10,1000000.00,4.588839,100.58203125
08:01:05,912810UA4,TSRYS5802849,D,S,D,2024-06-10,1000000.00,4.587878,100.59765625
08:01:06,912810UA4,TSRYS5802849,D,S,D,2024-06-10,1000000.00,4.590041,100.5625
08:01:07,912810UA4,TSRYS5802849,D,S,A,2024-06-10,700000.00,4.571799,100.859575
08:01:08,912810UA4,TSRYS5802849,D,S,D,2024-06-10,1000000.00,4.58908,100.578125
08:01:08,912810UA4,TSRYS5802849,D,S,D,2024-06-10,1000000.00,4.58908,100.578125
08:01:08,912810UA4,TSRYS5802849,D,S,D,2024-06-10,1000000.00,4.58908,100.578125
08:01:08,912810UA4,TSRYS5802849,D,S,D,2024-06-10,1000000.00,4.58908,100.578125
08:01:08,912810UA4,TSRYS5802849,D,S,D,2024-06-10,1000000.00,4.58908,100.578125
08:01:08,912810UA4,TSRYS5802849,D,S,D,2024-06-10,1000000.00,4.58908,100.578125
08:01:08,912810UA4,TSRYS5802849,D,S,D,2024-06-10,1000000.00,4.58908,100.578125
08:01:08,912810UA4,TSRYS5802849,D,S,D,2024-06-10,1000000.00,4.58908,100.578125
08:01:08,912810UA4,TSRYS5802849,D,S,D,2024-06-10,2000000.00,4.58908,100.578125
08:01:09,912810UA4,TSRYS5802849,D,S,D,2024-06-10,2000000.00,4.58908,100.578125
08:01:09,912810UA4,TSRYS5802849,D,S,D,2024-06-10,1000000.00,4.58908,100.578125
08:01:09,912810UA4,TSRYS5802849,D,S,D,2024-06-10,2000000.00,4.589681,100.568359375
08:01:09,912810UA4,TSRYS5802849,D,S,D,2024-06-10,1000000.00,4.58932,100.57421875
08:01:09,912810UA4,TSRYS5802849,D,S,D,2024-06-10,2000000.00,4.590041,100.5625
08:01:11,912810UA4,TSRYS5802849,D,S,D,2024-06-10,1000000.00,4.589801,100.56640625
08:01:11,912810UA4,TSRYS5802849,D,S,D,2024-06-10,1000000.00,4.566549,100.9453125
08:01:11,912810UA4,TSRYS5802849,D,S,D,2024-06-10,4000000.00,4.566549,100.9453125
08:01:11,912810UA4,TSRYS5802849,D,S,D,2024-06-10,2000000.00,4.566549,100.9453125
08:01:11,912810UA4,TSRYS5802849,D,S,D,2024-06-10,1000000.00,4.566071,100.953125
08:01:11,912810UA4,TSRYS5802849,D,S,D,2024-06-10,1000000.00,4.567505,100.9296875
08:01:11,912810UA4,TSRYS5802849,D,S,D,2024-06-10,1000000.00,4.567505,100.9296875
08:01:11,912810UA4,TSRYS5802849,D,S,A,2024-06-10,30000000.00,4.580917,100.7109375
08:01:11,912810UA4,TSRYS5802849,D,B,A,2024-06-10,10000000.00,4.583556,100.66796875
08:01:11,912810UA4,TSRYS5802849,D,B,A,2024-06-10,10000000.00,4.582362,100.68741
08:01:11,912810UA4,TSRYS5802849,D,B,A,2024-06-10,10000000.00,4.584276,100.65625
08:01:12,912810UA4,TSRYS5802849,D,S,T,2024-06-10,1000000.00,4.587999,100.595703125
08:01:12,912810UA4,TSRYS5802849,D,S,T,2024-06-10,1000000.00,4.588131,100.59355
08:01:12,912810UA4,TSRYS5802849,D,S,T,2024-06-10,1000000.00,4.588131,100.59355
08:01:12,912810UA4,TSRYS5802849,D,S,T,2024-06-10,1000000.00,4.588131,100.59355
08:01:12,912810UA4,TSRYS5802849,D,S,T,2024-06-10,1000000.00,4.588491,100.587690625
08:01:12,912810UA4,TSRYS5802849,D,S,T,2024-06-10,1000000.00,4.588491,100.587690625
08:01:12,912810UA4,TSRYS5802849,D,S,T,2024-06-10,1000000.00,4.588131,100.59355
08:01:12,912810UA4,TSRYS5802849,D,S,D,2024-06-10,2000000.00,4.565072,100.96945
08:01:12,912810UA4,TSRYS5802849,D,S,D,2024-06-10,1000000.00,4.564714,100.9753094
08:01:12,912810UA4,TSRYS5802849,D,S,D,2024-06-10,2000000.00,4.565072,100.96945
08:01:12,912810UA4,TSRYS5802849,D,S,D,2024-06-10,1000000.00,4.566267,100.9499188
08:01:12,912810UA4,TSRYS5802849,D,B,C,2024-06-10,50MM+,4.58908,100.578125
08:01:12,912810UA4,TSRYS5802849,D,B,C,2024-06-10,5000000.00,4.567286,100.933275
08:01:12,912810UA4,TSRYS5802849,D,S,D,2024-06-10,1000000.00,4.571529,100.8639813
08:01:12,912810UA4,TSRYS5802849,D,S,T,2024-06-10,1000000.00,4.589092,100.577925
08:01:12,912810UA4,TSRYS5802849,D,B,A,2024-06-10,13800000.00,4.587878,100.59765625
08:01:12,912810UA4,TSRYS5802849,D,S,T,2024-06-10,1000000.00,4.589092,100.577925
08:01:13,912810UA4,TSRYS5802849,D,S,C,2024-06-10,4500000.00,4.575416,100.8005792
08:01:13,912810UA4,TSRYS5802849,D,S,C,2024-06-10,1500000.00,4.575416,100.8005792
08:01:13,912810UA4,TSRYS5802849,D,S,T,2024-06-10,1000000.00,4.58908,100.578125
08:01:13,912810UA4,TSRYS5802849,D,S,T,2024-06-10,1000000.00,4.589092,100.577925
08:01:13,912810UA4,TSRYS5802849,D,S,T,2024-06-10,1000000.00,4.589092,100.577925
08:01:13,912810UA4,TSRYS5802849,D,S,T,2024-06-10,2000000.00,4.589092,100.577925
08:01:13,912810UA4,TSRYS5802849,D,B,A,2024-06-10,5000000.00,4.583748,100.66483803
08:01:13,912810UA4,TSRYS5802849,D,S,T,2024-06-10,1000000.00,4.58908,100.578125
08:01:13,912810UA4,TSRYS5802849,D,S,T,2024-06-10,2000000.00,4.589092,100.577925
08:01:13,912810UA4,TSRYS5802849,D,S,D,2024-06-10,1000000.00,4.584276,100.65625
08:01:13,912810UA4,TSRYS5802849,D,S,D,2024-06-10,1000000.00,4.584156,100.658203125
08:01:14,912810UA4,TSRYS5802849,D,S,D,2024-06-10,1000000.00,4.584156,100.658203125
08:01:14,912810UA4,TSRYS5802849,D,S,D,2024-06-10,1000000.00,4.584516,100.65234375
08:01:14,912810UA4,TSRYS5802849,D,S,D,2024-06-10,1000000.00,4.584516,100.65234375
08:01:14,912810UA4,TSRYS5802849,D,S,D,2024-06-10,1000000.00,4.584276,100.65625
08:01:14,912810UA4,TSRYS5802849,D,S,D,2024-06-10,1000000.00,4.584516,100.65234375
08:01:14,912810UA4,TSRYS5802849,D,S,D,2024-06-10,1000000.00,4.584276,100.65625
08:01:14,912810UA4,TSRYS5802849,D,S,D,2024-06-10,1000000.00,4.584276,100.65625
08:01:14,912810UA4,TSRYS5802849,D,S,D,2024-06-10,1000000.00,4.584276,100.65625
08:01:14,912810UA4,TSRYS5802849,D,S,D,2024-06-10,1000000.00,4.584276,100.65625
08:01:14,912810UA4,TSRYS5802849,D,S,D,2024-06-10,1000000.00,4.582596,100.68359375
08:01:14,912810UA4,TSRYS5802849,D,S,D,2024-06-10,1000000.00,4.582596,100.68359375
08:01:15,912810UA4,TSRYS5802849,D,B,A,2024-06-10,24500000.00,4.586197,100.625
08:01:16,912810UA4,TSRYS5802849,D,B,C,2024-06-10,1000000.00,4.564159,100.984375
08:01:16,912810UA4,TSRYS5802849,D,S,D,2024-06-10,1000000.00,4.564159,100.984375
08:01:16,912810UA4,TSRYS5802849,D,B,C,2024-06-10,1000000.00,4.564159,100.984375
08:01:16,912810UA4,TSRYS5802849,D,S,D,2024-06-10,1000000.00,4.564159,100.984375
08:01:16,912810UA4,TSRYS5802849,D,B,C,2024-06-10,1000000.00,4.565115,100.96875
08:01:16,912810UA4,TSRYS5802849,D,S,D,2024-06-10,1000000.00,4.565115,100.96875
08:01:16,912810UA4,TSRYS5802849,D,S,T,2024-06-10,1000000.00,4.578519,100.75
08:01:16,912810UA4,TSRYS5802849,D,S,T,2024-06-10,1000000.00,4.578525,100.749898
08:01:17,912810UA4,TSRYS5802849,D,S,D,2024-06-10,1000000.00,4.58908,100.578125
08:01:18,912810UA4,TSRYS5802849,D,S,D,2024-06-10,1000000.00,4.583556,100.66796875
08:01:18,912810UA4,TSRYS5802849,D,B,C,2024-06-10,203000.00,4.579957,100.7265625
08:01:18,912810UA4,TSRYS5802849,D,S,T,2024-06-10,1000000.00,4.584516,100.65234375
08:01:18,912810UA4,TSRYS5802849,D,S,D,2024-06-10,1000000.00,4.584516,100.65234375
08:01:18,912810UA4,TSRYS5802849,D,B,A,2024-06-10,500000.00,4.574685,100.8125
08:01:18,912810UA4,TSRYS5802849,D,B,A,2024-06-10,1000000.00,4.579478,100.734375
08:01:18,912810UA4,TSRYS5802849,D,B,A,2024-06-10,1000000.00,4.575643,100.796875
08:01:18,912810UA4,TSRYS5802849,D,B,A,2024-06-10,1000000.00,4.576601,100.78125
08:01:18,912810UA4,TSRYS5802849,D,B,A,2024-06-10,1000000.00,4.576601,100.78125
08:01:18,912810UA4,TSRYS5802849,D,S,D,2024-06-10,1000000.00,4.582356,100.6875
08:01:18,912810UA4,TSRYS5802849,D,S,D,2024-06-10,1000000.00,4.583436,100.669921875
08:01:18,912810UA4,TSRYS5802849,D,S,D,2024-06-10,1000000.00,4.583556,100.66796875
08:01:18,912810UA4,TSRYS5802849,D,S,D,2024-06-10,1000000.00,4.583436,100.669921875
08:01:18,912810UA4,TSRYS5802849,D,S,D,2024-06-10,1000000.00,4.583676,100.666015625
08:01:18,912810UA4,TSRYS5802849,D,S,D,2024-06-10,1000000.00,4.583316,100.671875
08:01:18,912810UA4,TSRYS5802849,D,B,C,2024-06-10,1500000.00,4.582356,100.6875
08:01:18,912810UA4,TSRYS5802849,D,S,A,2024-06-10,1500000.00,4.582356,100.6875
08:01:18,912810UA4,TSRYS5802849,D,S,D,2024-06-10,1000000.00,4.583556,100.66796875
08:01:18,912810UA4,TSRYS5802849,D,S,D,2024-06-10,1000000.00,4.583556,100.66796875
08:01:18,912810UA4,TSRYS5802849,D,S,D,2024-06-10,1000000.00,4.584036,100.66015625
08:01:18,912810UA4,TSRYS5802849,D,S,D,2024-06-10,1000000.00,4.583916,100.662109375
08:01:19,912810UA4,TSRYS5802849,D,S,T,2024-06-10,1000000.00,4.584516,100.65234375
08:01:19,912810UA4,TSRYS5802849,D,S,D,2024-06-10,1000000.00,4.584036,100.66015625
08:01:19,912810UA4,TSRYS5802849,D,S,D,2024-06-10,2000000.00,4.584276,100.65625
08:01:19,912810UA4,TSRYS5802849,D,S,D,2024-06-10,1000000.00,4.585236,100.640625
08:01:19,912810UA4,TSRYS5802849,D,S,T,2024-06-10,1000000.00,4.582596,100.68359375
08:01:19,912810UA4,TSRYS5802849,D,S,T,2024-06-10,1000000.00,4.582596,100.68359375
08:01:20,912810UA4,TSRYS5802849,D,S,T,2024-06-10,1000000.00,4.583556,100.66796875
08:01:20,912810UA4,TSRYS5802849,D,S,C,2024-06-10,2000000.00,4.582332,100.6879
08:01:20,912810UA4,TSRYS5802849,D,S,T,2024-06-10,1000000.00,4.570862,100.87487
08:01:21,912810UA4,TSRYS5802849,D,S,D,2024-06-10,3000000.00,4.577452,100.76739
08:01:21,912810UA4,TSRYS5802849,D,B,A,2024-06-10,150000.00,4.573248,100.8359375
08:01:21,912810UA4,TSRYS5802849,D,S,A,2024-06-10,6300.00,4.565584,100.9609375
08:01:21,912810UA4,TSRYS5802849,D,S,A,2024-06-10,500000.00,4.587158,100.609375
08:01:22,912810UA4,TSRYS5802849,D,S,T,2024-06-10,1000000.00,4.567511,100.9295875
08:01:23,912810UA4,TSRYS5802849,D,S,C,2024-06-10,63000.00,4.587614,100.6019625
08:01:23,912810UA4,TSRYS5802849,D,S,T,2024-06-10,1000000.00,4.571213,100.86914062
08:01:23,912810UA4,TSRYS5802849,D,S,D,2024-06-10,1000000.00,4.570136,100.88671875
08:01:23,912810UA4,TSRYS5802849,D,S,D,2024-06-10,1000000.00,4.571213,100.86914062
08:01:23,912810UA4,TSRYS5802849,D,S,D,2024-06-10,1000000.00,4.571213,100.86914062
08:01:24,912810UA4,TSRYS5802849,D,S,D,2024-06-10,1000000.00,4.571213,100.86914062
08:01:24,912810UA4,TSRYS5802849,D,S,D,2024-06-10,1000000.00,4.571213,100.86914062
08:01:24,912810UA4,TSRYS5802849,D,S,D,2024-06-10,1000000.00,4.571094,100.87109375
08:01:24,912810UA4,TSRYS5802849,D,S,D,2024-06-10,1000000.00,4.571213,100.86914062
08:01:25,912810UA4,TSRYS5802849,D,S,D,2024-06-10,1000000.00,4.571333,100.8671875
08:01:25,912810UA4,TSRYS5802849,D,S,D,2024-06-10,4750000.00,4.442613,103.0
08:01:25,912810UA4,TSRYS5802849,D,S,D,2024-06-10,4750000.00,4.442613,103.0
08:01:25,912810UA4,TSRYS5802849,D,S,D,2024-06-10,1000000.00,4.568582,100.91210937
08:01:25,912810UA4,TSRYS5802849,D,S,C,2024-06-10,1000000.00,4.56894,100.90625
08:01:25,912810UA4,TSRYS5802849,D,S,T,2024-06-10,1000000.00,4.568821,100.90820312
08:01:25,912810UA4,TSRYS5802849,D,S,T,2024-06-10,1000000.00,4.570974,100.87304687
08:01:26,912810UA4,TSRYS5802849,D,S,D,2024-06-10,1000000.00,4.571333,100.8671875
08:01:26,912810UA4,TSRYS5802849,D,S,T,2024-06-10,1000000.00,4.583322,100.671773
08:01:26,912810UA4,TSRYS5802849,D,S,T,2024-06-10,1000000.00,4.583322,100.671773
08:01:26,912810UA4,TSRYS5802849,D,S,T,2024-06-10,1000000.00,4.583322,100.671773
08:01:26,912810UA4,TSRYS5802849,D,B,C,2024-06-10,1000000.00,4.565115,100.96875
08:01:26,912810UA4,TSRYS5802849,D,S,T,2024-06-10,1000000.00,4.586797,100.615234375
08:01:26,912810UA4,TSRYS5802849,D,S,T,2024-06-10,1000000.00,4.586917,100.61328125
08:01:26,912810UA4,TSRYS5802849,D,S,T,2024-06-10,1000000.00,4.586917,100.61328125
08:01:26,912810UA4,TSRYS5802849,D,S,T,2024-06-10,1000000.00,4.568582,100.91210937
08:01:26,912810UA4,TSRYS5802849,D,S,T,2024-06-10,1000000.00,4.587038,100.611328125
08:01:26,912810UA4,TSRYS5802849,D,S,D,2024-06-10,1000000.00,4.568582,100.91210937
08:01:26,912810UA4,TSRYS5802849,D,S,D,2024-06-10,1000000.00,4.577081,100.7734375
08:01:26,912810UA4,TSRYS5802849,D,S,T,2024-06-10,1000000.00,4.571812,100.859375
08:01:26,912810UA4,TSRYS5802849,D,S,T,2024-06-10,1000000.00,4.571812,100.859375
08:01:26,912810UA4,TSRYS5802849,D,S,T,2024-06-10,1000000.00,4.571812,100.859375
08:01:26,912810UA4,TSRYS5802849,D,S,T,2024-06-10,1000000.00,4.571812,100.859375
08:01:26,912810UA4,TSRYS5802849,D,S,T,2024-06-10,1000000.00,4.568462,100.9140625
08:01:27,912810UA4,TSRYS5802849,D,S,C,2024-06-10,1000000.00,4.568582,100.91210937
08:01:27,912810UA4,TSRYS5802849,D,S,A,2024-06-10,1000000.00,4.581396,100.703125
08:01:27,912810UA4,TSRYS5802849,D,S,A,2024-06-10,1000000.00,4.581396,100.703125
08:01:27,912810UA4,TSRYS5802849,D,S,D,2024-06-10,1000000.00,4.568462,100.9140625
08:01:27,912810UA4,TSRYS5802849,D,S,D,2024-06-10,1000000.00,4.571213,100.869140625
08:01:27,912810UA4,TSRYS5802849,D,S,D,2024-06-10,1000000.00,4.571333,100.8671875
08:01:27,912810UA4,TSRYS5802849,D,S,D,2024-06-10,1000000.00,4.571453,100.865234375
08:01:27,912810UA4,TSRYS5802849,D,S,D,2024-06-10,1000000.00,4.58956,100.5703125
08:01:27,912810UA4,TSRYS5802849,D,S,D,2024-06-10,1000000.00,4.571572,100.86328125
08:01:27,912810UA4,TSRYS5802849,D,S,C,2024-06-10,1000000.00,4.571572,100.86328125
08:01:27,912810UA4,TSRYS5802849,D,S,D,2024-06-10,1000000.00,4.571333,100.8671875
08:01:28,912810UA4,TSRYS5802849,D,S,C,2024-06-10,1000000.00,4.571333,100.8671875
08:01:28,912810UA4,TSRYS5802849,D,S,C,2024-06-10,1000000.00,4.571812,100.859375
08:01:28,912810UA4,TSRYS5802849,D,S,D,2024-06-10,1000000.00,4.565473,100.96289062
08:01:28,912810UA4,TSRYS5802849,D,S,D,2024-06-10,1000000.00,4.565354,100.96484375
08:01:28,912810UA4,TSRYS5802849,D,S,D,2024-06-10,1000000.00,4.590041,100.5625
08:01:28,912810UA4,TSRYS5802849,D,S,D,2024-06-10,1000000.00,4.590041,100.5625
08:01:28,912810UA4,TSRYS5802849,D,S,C,2024-06-10,1000000.00,4.565473,100.96289062
08:01:28,912810UA4,TSRYS5802849,D,S,D,2024-06-10,500000.00,4.582116,100.69140625
08:01:28,912810UA4,TSRYS5802849,D,B,A,2024-06-10,500000.00,4.582116,100.69140625
08:01:28,912810UA4,TSRYS5802849,D,S,D,2024-06-10,1000000.00,4.565473,100.96289062
08:01:28,912810UA4,TSRYS5802849,D,B,C,2024-06-10,5000000.00,4.571256,100.86844
08:01:28,912810UA4,TSRYS5802849,D,S,D,2024-06-10,1500000.00,4.582836,100.6796875
08:01:28,912810UA4,TSRYS5802849,D,S,D,2024-06-10,1000000.00,4.565473,100.96289062
08:01:28,912810UA4,TSRYS5802849,D,S,C,2024-06-10,1000000.00,4.571094,100.87109375
08:01:28,912810UA4,TSRYS5802849,D,B,A,2024-06-10,1500000.00,4.582836,100.6796875
08:01:28,912810UA4,TSRYS5802849,D,B,C,2024-06-10,5000000.00,4.571304,100.86766
08:01:29,912810UA4,TSRYS5802849,D,S,C,2024-06-10,20000000.00,4.567438,100.93078
08:01:29,912810UA4,TSRYS5802849,D,S,T,2024-06-10,1000000.00,4.565473,100.96289062
08:01:29,912810UA4,TSRYS5802849,D,S,T,2024-06-10,1000000.00,4.565593,100.9609375
08:01:29,912810UA4,TSRYS5802849,D,S,C,2024-06-10,10000000.00,4.566997,100.938
08:01:29,912810UA4,TSRYS5802849,D,S,T,2024-06-10,1000000.00,4.565593,100.9609375
08:01:29,912810UA4,TSRYS5802849,D,S,D,2024-06-10,1000000.00,4.565593,100.9609375
08:01:29,912810UA4,TSRYS5802849,D,B,C,2024-06-10,1000000.00,4.57756,100.765625
08:01:29,912810UA4,TSRYS5802849,D,S,C,2024-06-10,1000000.00,4.5778,100.76171875
08:01:29,912810UA4,TSRYS5802849,D,S,T,2024-06-10,1000000.00,4.587172,100.609148
08:01:29,912810UA4,TSRYS5802849,D,B,A,2024-06-10,1000000.00,4.587172,100.609148
08:01:29,912810UA4,TSRYS5802849,D,S,D,2024-06-10,1000000.00,4.565593,100.9609375
08:01:29,912810UA4,TSRYS5802849,D,B,C,2024-06-10,1000000.00,4.589801,100.56640625
08:01:29,912810UA4,TSRYS5802849,D,S,D,2024-06-10,1000000.00,4.589801,100.56640625
08:01:29,912810UA4,TSRYS5802849,D,S,D,2024-06-10,1000000.00,4.58908,100.578125
08:01:29,912810UA4,TSRYS5802849,D,S,C,2024-06-10,1000000.00,4.571094,100.87109375
08:01:29,912810UA4,TSRYS5802849,D,S,C,2024-06-10,1000000.00,4.588119,100.59375
08:01:29,912810UA4,TSRYS5802849,D,S,D,2024-06-10,1000000.00,4.571094,100.87109375
08:01:30,912810UA4,TSRYS5802849,D,S,D,2024-06-10,1000000.00,4.5778,100.76171875
08:01:30,912810UA4,TSRYS5802849,D,S,T,2024-06-10,1000000.00,4.587166,100.609245
08:01:30,912810UA4,TSRYS5802849,D,S,T,2024-06-10,1000000.00,4.590648,100.552634375
08:01:30,912810UA4,TSRYS5802849,D,S,C,2024-06-10,1000000.00,4.56894,100.90625
08:01:30,912810UA4,TSRYS5802849,D,B,C,2024-06-10,1000000.00,4.56894,100.90625
08:01:30,912810UA4,TSRYS5802849,D,S,C,2024-06-10,30000000.00,4.582169,100.69054
08:01:30,912810UA4,TSRYS5802849,D,S,C,2024-06-10,1000000.00,4.56894,100.906425
08:01:30,912810UA4,TSRYS5802849,D,B,C,2024-06-10,1000000.00,4.56894,100.90625
08:01:30,912810UA4,TSRYS5802849,D,S,T,2024-06-10,1000000.00,4.562248,101.015625
08:01:30,912810UA4,TSRYS5802849,D,B,C,2024-06-10,19000000.00,4.566587,100.94469
08:01:30,912810UA4,TSRYS5802849,D,B,C,2024-06-10,15000000.00,4.57093,100.87376
08:01:31,912810UA4,TSRYS5802849,D,S,C,2024-06-10,5000000.00,4.566506,100.94601
08:01:31,912810UA4,TSRYS5802849,D,B,C,2024-06-10,8000000.00,4.568744,100.90946
08:01:31,912810UA4,TSRYS5802849,D,B,C,2024-06-10,1000000.00,4.579118,100.74023437
08:01:31,912810UA4,TSRYS5802849,D,B,C,2024-06-10,15000000.00,4.565938,100.9553
08:01:31,912810UA4,TSRYS5802849,D,S,D,2024-06-10,1000000.00,4.586917,100.61328125
08:01:31,912810UA4,TSRYS5802849,D,B,C,2024-06-10,1000000.00,4.586917,100.61328125
08:01:31,912810UA4,TSRYS5802849,D,S,D,2024-06-10,1000000.00,4.586917,100.61328125
08:01:31,912810UA4,TSRYS5802849,D,B,C,2024-06-10,1000000.00,4.586917,100.61328125
08:01:31,912810UA4,TSRYS5802849,D,S,C,2024-06-10,4000000.00,4.565072,100.96945
08:01:31,912810UA4,TSRYS5802849,D,S,C,2024-06-10,3000000.00,4.565789,100.95773
08:01:31,912810UA4,TSRYS5802849,D,S,D,2024-06-10,1000000.00,4.579358,100.73632812
08:01:31,912810UA4,TSRYS5802849,D,S,D,2024-06-10,1000000.00,4.584516,100.65234375
08:01:31,912810UA4,TSRYS5802849,D,S,C,2024-06-10,1000000.00,4.584036,100.66015625
08:01:31,912810UA4,TSRYS5802849,D,S,C,2024-06-10,1000000.00,4.569897,100.890625
08:01:32,912810UA4,TSRYS5802849,D,S,T,2024-06-10,1000000.00,4.575883,100.79296875
08:01:32,912810UA4,TSRYS5802849,D,S,T,2024-06-10,1000000.00,4.575883,100.79296875
08:01:32,912810UA4,TSRYS5802849,D,S,T,2024-06-10,1000000.00,4.575883,100.79296875
08:01:32,912810UA4,TSRYS5802849,D,S,T,2024-06-10,1000000.00,4.575883,100.79296875
08:01:32,912810UA4,TSRYS5802849,D,S,T,2024-06-10,1000000.00,4.574445,100.81640625
08:01:32,912810UA4,TSRYS5802849,D,S,T,2024-06-10,1000000.00,4.574445,100.81640625
08:01:32,912810UA4,TSRYS5802849,D,S,T,2024-06-10,1000000.00,4.574445,100.81640625
08:01:32,912810UA4,TSRYS5802849,D,S,T,2024-06-10,1000000.00,4.575883,100.79296875
08:01:32,912810UA4,TSRYS5802849,D,S,T,2024-06-10,1000000.00,4.574445,100.81640625
08:01:32,912810UA4,TSRYS5802849,D,S,T,2024-06-10,1000000.00,4.583316,100.671875
08:01:32,912810UA4,TSRYS5802849,D,S,T,2024-06-10,1000000.00,4.584276,100.65625
08:01:32,912810UA4,TSRYS5802849,D,S,T,2024-06-10,1000000.00,4.583556,100.66796875
08:01:32,912810UA4,TSRYS5802849,D,S,C,2024-06-10,1000000.00,4.576961,100.77539062
08:01:32,912810UA4,TSRYS5802849,D,S,T,2024-06-10,1000000.00,4.583556,100.66796875
08:01:32,912810UA4,TSRYS5802849,D,S,C,2024-06-10,12000000.00,4.576723,100.77927
08:01:32,912810UA4,TSRYS5802849,D,S,T,2024-06-10,1000000.00,4.583556,100.66796875
08:01:32,912810UA4,TSRYS5802849,D,S,T,2024-06-10,1000000.00,4.583556,100.66796875
08:01:32,912810UA4,TSRYS5802849,D,B,C,2024-06-10,1000000.00,4.567386,100.93164062
08:01:32,912810UA4,TSRYS5802849,D,S,T,2024-06-10,1000000.00,4.582116,100.69140625
08:01:32,912810UA4,TSRYS5802849,D,S,T,2024-06-10,1000000.00,4.585236,100.640625
08:01:32,912810UA4,TSRYS5802849,D,S,D,2024-06-10,1000000.00,4.587158,100.609375
08:01:32,912810UA4,TSRYS5802849,D,B,C,2024-06-10,1000000.00,4.567266,100.93359375
08:01:32,912810UA4,TSRYS5802849,D,S,T,2024-06-10,1000000.00,4.583556,100.66796875
08:01:32,912810UA4,TSRYS5802849,D,B,C,2024-06-10,1000000.00,4.58908,100.578125
08:01:32,912810UA4,TSRYS5802849,D,S,D,2024-06-10,1000000.00,4.58908,100.578125
08:01:32,912810UA4,TSRYS5802849,D,S,D,2024-06-10,1000000.00,4.588599,100.5859375
08:01:32,912810UA4,TSRYS5802849,D,B,C,2024-06-10,1000000.00,4.588599,100.5859375
08:01:32,912810UA4,TSRYS5802849,D,S,T,2024-06-10,1000000.00,4.582116,100.69140625
08:01:32,912810UA4,TSRYS5802849,D,S,T,2024-06-10,1000000.00,4.583556,100.66796875
08:01:32,912810UA4,TSRYS5802849,D,S,T,2024-06-10,1000000.00,4.586197,100.625
08:01:32,912810UA4,TSRYS5802849,D,S,T,2024-06-10,1000000.00,4.585236,100.640625
08:01:32,912810UA4,TSRYS5802849,D,S,T,2024-06-10,1000000.00,4.563203,101.0
08:01:33,912810UA4,TSRYS5802849,D,S,T,2024-06-10,1000000.00,4.588359,100.58984375
08:01:33,912810UA4,TSRYS5802849,D,S,C,2024-06-10,10000000.00,4.586602,100.61842
08:01:33,912810UA4,TSRYS5802849,D,S,T,2024-06-10,1000000.00,4.588359,100.58984375
08:01:33,912810UA4,TSRYS5802849,D,S,D,2024-06-10,1000000.00,4.588359,100.58984375
08:01:33,912810UA4,TSRYS5802849,D,S,T,2024-06-10,1000000.00,4.588359,100.58984375
08:01:33,912810UA4,TSRYS5802849,D,S,T,2024-06-10,1000000.00,4.588359,100.58984375
08:01:33,912810UA4,TSRYS5802849,D,S,D,2024-06-10,63000.00,,100.6019625
08:01:33,912810UA4,TSRYS5802849,D,S,T,2024-06-10,1000000.00,4.588359,100.58984375
08:01:33,912810UA4,TSRYS5802849,D,S,T,2024-06-10,1000000.00,4.589801,100.56640625
08:01:33,912810UA4,TSRYS5802849,D,S,T,2024-06-10,1000000.00,4.588359,100.58984375
08:01:33,912810UA4,TSRYS5802849,D,S,T,2024-06-10,1000000.00,4.581636,100.69921875
08:01:33,912810UA4,TSRYS5802849,D,B,C,2024-06-10,1000000.00,4.581396,100.703125
08:01:33,912810UA4,TSRYS5802849,D,S,D,2024-06-10,1000000.00,4.577081,100.7734375
08:01:34,912810UA4,TSRYS5802849,D,S,T,2024-06-10,1000000.00,4.576961,100.77539062
08:01:34,912810UA4,TSRYS5802849,D,S,A,2024-06-10,1000000.00,4.573966,100.82421875
08:01:34,912810UA4,TSRYS5802849,D,S,D,2024-06-10,1000000.00,4.570495,100.88085937
08:01:34,912810UA4,TSRYS5802849,D,S,D,2024-06-10,1000000.00,4.570735,100.87695312
08:01:34,912810UA4,TSRYS5802849,D,S,D,2024-06-10,1000000.00,4.570735,100.87695312
08:01:34,912810UA4,TSRYS5802849,D,B,C,2024-06-10,1000000.00,4.581157,100.70703125
08:01:34,912810UA4,TSRYS5802849,D,B,C,2024-06-10,1000000.00,4.567027,100.9375
08:01:34,912810UA4,TSRYS5802849,D,S,D,2024-06-10,1000000.00,4.570735,100.87695312
08:01:34,912810UA4,TSRYS5802849,D,S,T,2024-06-10,1000000.00,4.569897,100.890625
08:01:35,912810UA4,TSRYS5802849,D,S,C,2024-06-10,1000000.00,4.569897,100.890625
08:01:35,912810UA4,TSRYS5802849,D,S,T,2024-06-10,1000000.00,4.569909,100.890425
08:01:35,912810UA4,TSRYS5802849,D,S,T,2024-06-10,1000000.00,4.571333,100.8671875
08:01:35,912810UA4,TSRYS5802849,D,S,D,2024-06-10,1000000.00,4.571333,100.8671875
08:01:35,912810UA4,TSRYS5802849,D,S,T,2024-06-10,1000000.00,4.567505,100.9296875
08:01:35,912810UA4,TSRYS5802849,D,S,T,2024-06-10,1000000.00,4.580205,100.72253125
08:01:35,912810UA4,TSRYS5802849,D,S,T,2024-06-10,1000000.00,4.580205,100.72253125
08:01:35,912810UA4,TSRYS5802849,D,S,C,2024-06-10,1000000.00,4.571453,100.86523437
08:01:36,912810UA4,TSRYS5802849,D,S,C,2024-06-10,1000000.00,4.571333,100.8671875
08:01:36,912810UA4,TSRYS5802849,D,S,D,2024-06-10,1000000.00,4.571213,100.869140625
08:01:36,912810UA4,TSRYS5802849,D,S,D,2024-06-10,1000000.00,4.571213,100.869140625
08:01:36,912810UA4,TSRYS5802849,D,S,D,2024-06-10,1000000.00,4.571213,100.869140625
08:01:36,912810UA4,TSRYS5802849,D,S,T,2024-06-10,1000000.00,4.571213,100.86914062
08:01:36,912810UA4,TSRYS5802849,D,S,T,2024-06-10,1000000.00,4.579485,100.73425
08:01:36,912810UA4,TSRYS5802849,D,B,C,2024-06-10,1000000.00,4.581756,100.69726562
08:01:36,912810UA4,TSRYS5802849,D,S,C,2024-06-10,1000000.00,4.579358,100.73632812
