tradeTime,cusip,issueSymbolIdentifier,priceType,reportingSideCode,contraPartyTypeCode,tradeDate,reportedTradeVolume,lastSaleYield,lastSalePrice
08:00:05,912810UC0,TSRYS5860825,D,S,D,2024-10-22,26000000.00,4.40104,97.5
08:00:05,912810UC0,TSRYS5860825,D,S,T,2024-10-22,1000000.00,4.518216,95.625
08:00:05,912810UC0,TSRYS5860825,D,S,T,2024-10-22,1000000.00,4.514257,95.6875
08:00:05,912810UC0,TSRYS5860825,D,S,T,2024-10-22,1000000.00,4.514257,95.6875
08:00:05,912810UC0,TSRYS5860825,D,S,T,2024-10-22,1000000.00,4.513268,95.703125
08:00:05,912810UC0,TSRYS5860825,D,S,T,2024-10-22,1000000.00,4.513268,95.703125
08:00:05,912810UC0,TSRYS5860825,D,S,T,2024-10-22,2000000.00,4.516236,95.65625
08:00:05,912810UC0,TSRYS5860825,D,S,T,2024-10-22,1000000.00,4.507339,95.796875
08:00:05,912810UC0,TSRYS5860825,D,S,T,2024-10-22,1000000.00,4.503391,95.859375
08:00:05,912810UC0,TSRYS5860825,D,S,T,2024-10-22,1000000.00,4.504377,95.84375
08:00:05,912810UC0,TSRYS5860825,D,S,T,2024-10-22,1000000.00,4.502404,95.875
08:00:07,912810UC0,TSRYS5860825,D,S,T,2024-10-22,1000000.00,4.497845,95.947265625
08:00:07,912810UC0,TSRYS5860825,D,S,D,2024-10-22,1000000.00,4.514505,95.68359375
08:00:07,912810UC0,TSRYS5860825,D,S,D,2024-10-22,2000000.00,4.514505,95.68359375
08:00:07,912810UC0,TSRYS5860825,D,S,D,2024-10-22,3000000.00,4.515247,95.671875
08:00:07,912810UC0,TSRYS5860825,D,S,T,2024-10-22,1000000.00,4.516855,95.646484375
08:00:07,912810UC0,TSRYS5860825,D,S,D,2024-10-22,1000000.00,4.516731,95.6484375
08:00:07,912810UC0,TSRYS5860825,D,S,T,2024-10-22,1000000.00,4.516484,95.65234375
08:00:07,912810UC0,TSRYS5860825,D,S,D,2024-10-22,1000000.00,4.516484,95.65234375
08:00:07,912810UC0,TSRYS5860825,D,S,T,2024-10-22,1000000.00,4.51636,95.654296875
08:00:07,912810UC0,TSRYS5860825,D,S,T,2024-10-22,1000000.00,4.51636,95.654296875
08:00:07,912810UC0,TSRYS5860825,D,S,T,2024-10-22,1000000.00,4.516236,95.65625
08:00:07,912810UC0,TSRYS5860825,D,S,D,2024-10-22,1000000.00,4.516236,95.65625
08:00:07,912810UC0,TSRYS5860825,D,S,T,2024-10-22,1000000.00,4.516236,95.65625
08:00:07,912810UC0,TSRYS5860825,D,S,T,2024-10-22,1000000.00,4.517226,95.640625
08:00:07,912810UC0,TSRYS5860825,D,S,T,2024-10-22,1000000.00,4.517226,95.640625
08:00:07,912810UC0,TSRYS5860825,D,S,T,2024-10-22,1000000.00,4.520816,95.583984375
08:00:07,912810UC0,TSRYS5860825,D,S,T,2024-10-22,1000000.00,4.521559,95.572265625
08:00:07,912810UC0,TSRYS5860825,D,S,D,2024-10-22,8000000.00,4.512517,95.71484375
08:00:07,912810UC0,TSRYS5860825,D,S,D,2024-10-22,1000000.00,4.520196,95.59375
08:00:07,912810UC0,TSRYS5860825,D,S,D,2024-10-22,1000000.00,4.522178,95.5625
08:00:08,912810UC0,TSRYS5860825,D,S,T,2024-10-22,1000000.00,4.514505,95.68359375
08:00:08,912810UC0,TSRYS5860825,D,S,T,2024-10-22,1000000.00,4.514505,95.68359375
08:00:08,912810UC0,TSRYS5860825,D,S,T,2024-10-22,1000000.00,4.514505,95.68359375
08:00:08,912810UC0,TSRYS5860825,D,S,T,2024-10-22,1000000.00,4.514505,95.68359375
08:00:08,912810UC0,TSRYS5860825,D,S,D,2024-10-22,1000000.00,4.514505,95.68359375
08:00:08,912810UC0,TSRYS5860825,D,S,T,2024-10-22,1000000.00,4.514134,95.689453125
08:00:08,912810UC0,TSRYS5860825,D,S,T,2024-10-22,1000000.00,4.515247,95.671875
08:00:08,912810UC0,TSRYS5860825,D,S,D,2024-10-22,1000000.00,4.515247,95.671875
08:00:08,912810UC0,TSRYS5860825,D,S,D,2024-10-22,1000000.00,4.515247,95.671875
08:00:08,912810UC0,TSRYS5860825,D,S,T,2024-10-22,1000000.00,4.514999,95.67578125
08:00:08,912810UC0,TSRYS5860825,D,S,T,2024-10-22,1000000.00,4.508574,95.77734375
08:00:08,912810UC0,TSRYS5860825,D,S,D,2024-10-22,1000000.00,4.508327,95.78125
08:00:08,912810UC0,TSRYS5860825,D,S,D,2024-10-22,1000000.00,4.507092,95.80078125
08:00:08,912810UC0,TSRYS5860825,D,S,D,2024-10-22,1000000.00,4.507339,95.796875
08:00:08,912810UC0,TSRYS5860825,D,S,D,2024-10-22,1000000.00,4.507833,95.7890625
08:00:08,912810UC0,TSRYS5860825,D,S,T,2024-10-22,1000000.00,4.500555,95.904296875
08:00:08,912810UC0,TSRYS5860825,D,S,D,2024-10-22,1000000.00,4.505858,95.8203125
08:00:08,912810UC0,TSRYS5860825,D,S,D,2024-10-22,1000000.00,4.505858,95.8203125
08:00:08,912810UC0,TSRYS5860825,D,S,D,2024-10-22,1000000.00,4.505858,95.8203125
08:00:08,912810UC0,TSRYS5860825,D,S,T,2024-10-22,1000000.00,4.507339,95.796875
08:00:08,912810UC0,TSRYS5860825,D,S,T,2024-10-22,1000000.00,4.506352,95.8125
08:00:08,912810UC0,TSRYS5860825,D,S,T,2024-10-22,1000000.00,4.504994,95.833984375
08:00:08,912810UC0,TSRYS5860825,D,S,T,2024-10-22,1000000.00,4.504994,95.833984375
08:00:08,912810UC0,TSRYS5860825,D,S,D,2024-10-22,1000000.00,4.504377,95.84375
08:00:08,912810UC0,TSRYS5860825,D,S,T,2024-10-22,1000000.00,4.507586,95.79296875
08:00:08,912810UC0,TSRYS5860825,D,S,D,2024-10-22,1000000.00,4.505611,95.82421875
08:00:08,912810UC0,TSRYS5860825,D,S,D,2024-10-22,1000000.00,4.511538,95.73046875
08:00:08,912810UC0,TSRYS5860825,D,S,D,2024-10-22,1000000.00,4.511538,95.73046875
08:00:08,912810UC0,TSRYS5860825,D,S,D,2024-10-22,1000000.00,4.511538,95.73046875
08:00:08,912810UC0,TSRYS5860825,D,S,D,2024-10-22,1000000.00,4.513392,95.701171875
08:00:08,912810UC0,TSRYS5860825,D,S,D,2024-10-22,1000000.00,4.504624,95.83984375
08:00:08,912810UC0,TSRYS5860825,D,S,D,2024-10-22,1000000.00,4.50845,95.779296875
08:00:08,912810UC0,TSRYS5860825,D,S,D,2024-10-22,1000000.00,4.493536,96.015625
08:00:08,912810UC0,TSRYS5860825,D,S,D,2024-10-22,1000000.00,4.493782,96.01171875
08:00:08,912810UC0,TSRYS5860825,D,S,T,2024-10-22,1000000.00,4.493536,96.015625
08:00:08,912810UC0,TSRYS5860825,D,S,T,2024-10-22,1000000.00,4.489355,96.08203125
08:00:08,912810UC0,TSRYS5860825,D,S,D,2024-10-22,1000000.00,4.489846,96.07421875
08:00:08,912810UC0,TSRYS5860825,D,S,T,2024-10-22,1000000.00,4.489723,96.076171875
08:00:08,912810UC0,TSRYS5860825,D,S,T,2024-10-22,1000000.00,4.490584,96.0625
08:00:11,912810UC0,TSRYS5860825,D,S,D,2024-10-22,250000.00,4.500185,95.91015625
08:00:11,912810UC0,TSRYS5860825,D,S,D,2024-10-22,1000000.00,4.49489,95.99414
08:00:11,912810UC0,TSRYS5860825,D,S,D,2024-10-22,200000.00,4.49649,95.96875
08:00:11,912810UC0,TSRYS5860825,D,S,A,2024-10-22,4000000.00,4.497721,95.94921875
08:00:11,912810UC0,TSRYS5860825,D,S,D,2024-10-22,2000000.00,4.495936,95.97754
08:00:11,912810UC0,TSRYS5860825,D,S,D,2024-10-22,6000000.00,4.517989,95.62858
08:00:11,912810UC0,TSRYS5860825,D,S,D,2024-10-22,13000000.00,4.519371,95.606770833
08:00:11,912810UC0,TSRYS5860825,D,S,C,2024-10-22,1000000.00,4.49489,95.99414
08:00:11,912810UC0,TSRYS5860825,D,S,D,2024-10-22,1000000.00,4.516236,95.65625
08:00:11,912810UC0,TSRYS5860825,D,S,D,2024-10-22,700000.00,4.515754,95.6638625
08:00:11,912810UC0,TSRYS5860825,D,B,C,2024-10-22,700000.00,4.515754,95.6638625
08:00:11,912810UC0,TSRYS5860825,D,B,A,2024-10-22,10000000.00,4.498698,95.93359375
08:00:11,912810UC0,TSRYS5860825,D,B,A,2024-10-22,10000000.00,4.498944,95.9296875
08:00:11,912810UC0,TSRYS5860825,D,S,D,2024-10-22,1000000.00,4.506352,95.8125
08:00:11,912810UC0,TSRYS5860825,D,S,T,2024-10-22,1000000.00,4.506352,95.8125
08:00:11,912810UC0,TSRYS5860825,D,S,T,2024-10-22,1000000.00,4.506352,95.8125
08:00:11,912810UC0,TSRYS5860825,D,S,T,2024-10-22,1000000.00,4.508327,95.78125
08:00:11,912810UC0,TSRYS5860825,D,S,D,2024-10-22,6000000.00,4.50772,95.79084
08:00:11,912810UC0,TSRYS5860825,D,S,T,2024-10-22,1000000.00,4.515247,95.671875
08:00:11,912810UC0,TSRYS5860825,D,S,D,2024-10-22,9000000.00,4.516025,95.65959
08:00:11,912810UC0,TSRYS5860825,D,S,A,2024-10-22,5000000.00,4.513268,95.703125
08:00:11,912810UC0,TSRYS5860825,D,S,C,2024-10-22,2000000.00,4.495936,95.97754
08:00:11,912810UC0,TSRYS5860825,D,S,C,2024-10-22,6000000.00,4.517989,95.62858
08:00:11,912810UC0,TSRYS5860825,D,S,T,2024-10-22,1000000.00,4.520196,95.59375
08:00:11,912810UC0,TSRYS5860825,D,S,T,2024-10-22,1000000.00,4.520196,95.59375
08:00:11,912810UC0,TSRYS5860825,D,S,T,2024-10-22,1000000.00,4.521187,95.578125
08:00:11,912810UC0,TSRYS5860825,D,S,T,2024-10-22,1000000.00,4.521187,95.578125
08:00:11,912810UC0,TSRYS5860825,D,S,T,2024-10-22,1000000.00,4.521311,95.576171875
08:00:11,912810UC0,TSRYS5860825,D,S,T,2024-10-22,1000000.00,4.521187,95.578125
08:00:11,912810UC0,TSRYS5860825,D,S,T,2024-10-22,1000000.00,4.521187,95.578125
08:00:11,912810UC0,TSRYS5860825,D,S,T,2024-10-22,1000000.00,4.521187,95.578125
08:00:11,912810UC0,TSRYS5860825,D,S,D,2024-10-22,1000000.00,4.521187,95.578125
08:00:11,912810UC0,TSRYS5860825,D,S,T,2024-10-22,1000000.00,4.521187,95.578125
08:00:11,912810UC0,TSRYS5860825,D,S,T,2024-10-22,1000000.00,4.523169,95.546875
08:00:11,912810UC0,TSRYS5860825,D,S,T,2024-10-22,1000000.00,4.522178,95.5625
08:00:11,912810UC0,TSRYS5860825,D,S,T,2024-10-22,1000000.00,4.523169,95.546875
08:00:11,912810UC0,TSRYS5860825,D,B,A,2024-10-22,2000000.00,4.526392,95.49609375
08:00:11,912810UC0,TSRYS5860825,D,S,D,2024-10-22,2000000.00,4.52538,95.51204
08:00:11,912810UC0,TSRYS5860825,D,S,T,2024-10-22,2000000.00,4.524656,95.5234375
08:00:11,912810UC0,TSRYS5860825,D,S,D,2024-10-22,8000000.00,4.521373,95.575195312
08:00:11,912810UC0,TSRYS5860825,D,S,D,2024-10-22,2000000.00,4.507833,95.7890625
08:00:11,912810UC0,TSRYS5860825,D,S,C,2024-10-22,150000.00,4.508821,95.7734375
08:00:11,912810UC0,TSRYS5860825,D,S,D,2024-10-22,7000000.00,4.523027,95.549107143
08:00:11,912810UC0,TSRYS5860825,D,S,T,2024-10-22,1000000.00,4.516236,95.65625
08:00:11,912810UC0,TSRYS5860825,D,S,D,2024-10-22,1000000.00,4.506845,95.8046875
08:00:11,912810UC0,TSRYS5860825,D,S,C,2024-10-22,6000000.00,4.502626,95.87149375
08:00:11,912810UC0,TSRYS5860825,D,S,D,2024-10-22,6000000.00,4.488642,96.09335
08:00:11,912810UC0,TSRYS5860825,D,B,C,2024-10-22,6000000.00,4.488642,96.09335
08:00:11,912810UC0,TSRYS5860825,D,S,A,2024-10-22,2000000.00,4.516484,95.65234375
08:00:11,912810UC0,TSRYS5860825,D,B,A,2024-10-22,3200000.00,4.517746,95.6324125
08:00:11,912810UC0,TSRYS5860825,D,S,T,2024-10-22,1000000.00,4.517226,95.640625
08:00:11,912810UC0,TSRYS5860825,D,S,D,2024-10-22,1000000.00,4.517226,95.640625
08:00:11,912810UC0,TSRYS5860825,D,S,T,2024-10-22,1000000.00,4.516978,95.64453125
08:00:11,912810UC0,TSRYS5860825,D,S,T,2024-10-22,1000000.00,4.516236,95.65625
08:00:11,912810UC0,TSRYS5860825,D,S,T,2024-10-22,1000000.00,4.515494,95.66796875
08:00:11,912810UC0,TSRYS5860825,D,S,T,2024-10-22,8000000.00,4.510797,95.7421875
08:00:11,912810UC0,TSRYS5860825,D,S,T,2024-10-22,10000000.00,4.511785,95.7265625
08:00:11,912810UC0,TSRYS5860825,D,S,T,2024-10-22,2000000.00,4.510797,95.7421875
08:00:11,912810UC0,TSRYS5860825,D,S,T,2024-10-22,4000000.00,4.510797,95.7421875
08:00:11,912810UC0,TSRYS5860825,D,S,T,2024-10-22,1000000.00,4.510797,95.7421875
08:00:11,912810UC0,TSRYS5860825,D,S,T,2024-10-22,1000000.00,4.510797,95.7421875
08:00:11,912810UC0,TSRYS5860825,D,S,T,2024-10-22,2000000.00,4.510797,95.7421875
08:00:11,912810UC0,TSRYS5860825,D,S,T,2024-10-22,1000000.00,4.510797,95.7421875
08:00:11,912810UC0,TSRYS5860825,D,S,T,2024-10-22,1000000.00,4.510797,95.7421875
08:00:11,912810UC0,TSRYS5860825,D,B,A,2024-10-22,1265000.00,4.512527,95.71484375
08:00:11,912810UC0,TSRYS5860825,D,S,T,2024-10-22,1000000.00,4.511909,95.724609375
08:00:11,912810UC0,TSRYS5860825,D,S,C,2024-10-22,6000000.00,4.517122,95.64226
08:00:11,912810UC0,TSRYS5860825,D,S,C,2024-10-22,6000000.00,4.508018,95.78614
08:00:11,912810UC0,TSRYS5860825,D,S,D,2024-10-22,150000.00,4.500062,95.912109375
08:00:11,912810UC0,TSRYS5860825,D,S,A,2024-10-22,5000000.00,4.500185,95.91015625
08:00:12,912810UC0,TSRYS5860825,D,B,A,2024-10-22,5000000.00,4.500925,95.8984375
08:00:12,912810UC0,TSRYS5860825,D,S,T,2024-10-22,2000000.00,4.500432,95.90625
08:00:12,912810UC0,TSRYS5860825,D,B,A,2024-10-22,10000000.00,4.499939,95.9140625
08:00:12,912810UC0,TSRYS5860825,D,S,T,2024-10-22,2000000.00,4.499446,95.921875
08:00:12,912810UC0,TSRYS5860825,D,S,T,2024-10-22,2000000.00,4.498953,95.9296875
08:00:12,912810UC0,TSRYS5860825,D,S,T,2024-10-22,6000000.00,4.498953,95.9296875
08:00:12,912810UC0,TSRYS5860825,D,S,T,2024-10-22,1000000.00,4.498953,95.9296875
08:00:12,912810UC0,TSRYS5860825,D,S,T,2024-10-22,2000000.00,4.498953,95.9296875
08:00:12,912810UC0,TSRYS5860825,D,S,T,2024-10-22,2000000.00,4.498953,95.9296875
08:00:12,912810UC0,TSRYS5860825,D,S,T,2024-10-22,1000000.00,4.498953,95.9296875
08:00:12,912810UC0,TSRYS5860825,D,S,T,2024-10-22,1000000.00,4.498953,95.9296875
08:00:12,912810UC0,TSRYS5860825,D,S,T,2024-10-22,1000000.00,4.505364,95.828125
08:00:12,912810UC0,TSRYS5860825,D,S,T,2024-10-22,2000000.00,4.505364,95.828125
08:00:12,912810UC0,TSRYS5860825,D,S,T,2024-10-22,1000000.00,4.505364,95.828125
08:00:12,912810UC0,TSRYS5860825,D,S,T,2024-10-22,1000000.00,4.505364,95.828125
08:00:12,912810UC0,TSRYS5860825,D,B,A,2024-10-22,10000000.00,4.506352,95.8125
08:00:12,912810UC0,TSRYS5860825,D,S,T,2024-10-22,1000000.00,4.509809,95.7578125
08:00:12,912810UC0,TSRYS5860825,D,S,T,2024-10-22,1000000.00,4.509809,95.7578125
08:00:12,912810UC0,TSRYS5860825,D,S,T,2024-10-22,3000000.00,4.509809,95.7578125
08:00:12,912810UC0,TSRYS5860825,D,S,T,2024-10-22,1000000.00,4.506352,95.8125
08:00:12,912810UC0,TSRYS5860825,D,S,T,2024-10-22,1000000.00,4.506352,95.8125
08:00:12,912810UC0,TSRYS5860825,D,S,T,2024-10-22,1000000.00,4.506352,95.8125
08:00:12,912810UC0,TSRYS5860825,D,S,T,2024-10-22,1000000.00,4.506352,95.8125
08:00:12,912810UC0,TSRYS5860825,D,S,T,2024-10-22,1000000.00,4.506352,95.8125
08:00:12,912810UC0,TSRYS5860825,D,S,T,2024-10-22,1000000.00,4.503391,95.859375
08:00:12,912810UC0,TSRYS5860825,D,S,T,2024-10-22,1000000.00,4.503391,95.859375
08:00:12,912810UC0,TSRYS5860825,D,S,T,2024-10-22,1000000.00,4.503391,95.859375
08:00:12,912810UC0,TSRYS5860825,D,S,T,2024-10-22,1000000.00,4.503391,95.859375
08:00:12,912810UC0,TSRYS5860825,D,S,T,2024-10-22,1000000.00,4.503391,95.859375
08:00:12,912810UC0,TSRYS5860825,D,S,T,2024-10-22,1000000.00,4.503391,95.859375
08:00:12,912810UC0,TSRYS5860825,D,S,T,2024-10-22,5000000.00,4.502404,95.875
08:00:12,912810UC0,TSRYS5860825,D,S,T,2024-10-22,1000000.00,4.502404,95.875
08:00:12,912810UC0,TSRYS5860825,D,S,T,2024-10-22,2000000.00,4.507339,95.796875
08:00:12,912810UC0,TSRYS5860825,D,S,A,2024-10-22,10000000.00,4.506845,95.8046875
08:00:12,912810UC0,TSRYS5860825,D,S,D,2024-10-22,21000000.00,4.505245,95.83001
08:00:12,912810UC0,TSRYS5860825,D,S,D,2024-10-22,150000.00,4.508821,95.7734375
08:00:12,912810UC0,TSRYS5860825,D,S,A,2024-10-22,5000000.00,4.512527,95.71484375
08:00:12,912810UC0,TSRYS5860825,D,S,A,2024-10-22,5000000.00,4.512032,95.72265625
08:00:12,912810UC0,TSRYS5860825,D,B,A,2024-10-22,10000000.00,4.509068,95.76953125
08:00:12,912810UC0,TSRYS5860825,D,S,D,2024-10-22,100000.00,4.510056,95.75390625
08:00:12,912810UC0,TSRYS5860825,D,B,A,2024-10-22,500000.00,4.503884,95.8515625
08:00:12,912810UC0,TSRYS5860825,D,S,T,2024-10-22,1000000.00,4.504377,95.84375
08:00:12,912810UC0,TSRYS5860825,D,S,D,2024-10-22,150000.00,4.503391,95.859375
08:00:12,912810UC0,TSRYS5860825,D,S,D,2024-10-22,15000000.00,4.501136,95.895089286
08:00:12,912810UC0,TSRYS5860825,D,S,D,2024-10-22,375000.00,4.500185,95.91015625
08:00:12,912810UC0,TSRYS5860825,D,S,T,2024-10-22,1000000.00,4.506845,95.8046875
08:00:12,912810UC0,TSRYS5860825,D,S,D,2024-10-22,6000000.00,4.502626,95.87149375
08:00:12,912810UC0,TSRYS5860825,D,S,C,2024-10-22,6000000.00,4.505323,95.82878
08:00:12,912810UC0,TSRYS5860825,D,S,D,2024-10-22,1000000.00,4.509315,95.765625
08:00:12,912810UC0,TSRYS5860825,D,S,T,2024-10-22,4000000.00,4.509315,95.765625
08:00:12,912810UC0,TSRYS5860825,D,S,D,2024-10-22,1000000.00,4.503637,95.85546875
08:00:12,912810UC0,TSRYS5860825,D,S,D,2024-10-22,150000.00,4.502872,95.8675875
08:00:12,912810UC0,TSRYS5860825,D,S,D,2024-10-22,6000000.00,4.495259,95.98828125
08:00:12,912810UC0,TSRYS5860825,D,S,T,2024-10-22,1000000.00,4.488617,96.09375
08:00:12,912810UC0,TSRYS5860825,D,S,T,2024-10-22,1000000.00,4.488617,96.09375
08:00:12,912810UC0,TSRYS5860825,D,S,T,2024-10-22,1000000.00,4.486651,96.125
08:00:12,912810UC0,TSRYS5860825,D,S,T,2024-10-22,1000000.00,4.486651,96.125
08:00:12,912810UC0,TSRYS5860825,D,S,D,2024-10-22,1000000.00,4.486897,96.12109375
08:00:12,912810UC0,TSRYS5860825,D,S,T,2024-10-22,1000000.00,4.486651,96.125
08:00:12,912810UC0,TSRYS5860825,D,S,T,2024-10-22,3000000.00,4.488617,96.09375
08:00:12,912810UC0,TSRYS5860825,D,S,T,2024-10-22,1000000.00,4.491568,96.046875
08:00:12,912810UC0,TSRYS5860825,D,S,T,2024-10-22,1000000.00,4.491568,96.046875
08:00:12,912810UC0,TSRYS5860825,D,S,D,2024-10-22,1000000.00,4.490584,96.0625
08:00:12,912810UC0,TSRYS5860825,D,S,T,2024-10-22,1000000.00,4.489109,96.0859375
08:00:13,912810UC0,TSRYS5860825,D,S,T,2024-10-22,1000000.00,4.49649,95.96875
08:00:13,912810UC0,TSRYS5860825,D,S,T,2024-10-22,1000000.00,4.49846,95.9375
08:00:13,912810UC0,TSRYS5860825,D,S,T,2024-10-22,1000000.00,4.49452,96.0
08:00:13,912810UC0,TSRYS5860825,D,S,D,2024-10-22,1000000.00,4.495013,95.9921875
08:00:13,912810UC0,TSRYS5860825,D,S,T,2024-10-22,1000000.00,4.495505,95.984375
08:00:13,912810UC0,TSRYS5860825,D,S,T,2024-10-22,1000000.00,4.495505,95.984375
08:00:13,912810UC0,TSRYS5860825,D,S,T,2024-10-22,1000000.00,4.4992,95.92578125
08:00:13,912810UC0,TSRYS5860825,D,S,T,2024-10-22,1000000.00,4.499446,95.921875
08:00:13,912810UC0,TSRYS5860825,D,S,T,2024-10-22,1000000.00,4.500185,95.91015625
08:00:13,912810UC0,TSRYS5860825,D,S,T,2024-10-22,1000000.00,4.500555,95.904296875
08:00:14,912810UC0,TSRYS5860825,D,S,T,2024-10-22,1000000.00,4.508327,95.78125
08:00:14,912810UC0,TSRYS5860825,D,S,T,2024-10-22,1000000.00,4.514257,95.6875
08:00:14,912810UC0,TSRYS5860825,D,S,T,2024-10-22,1000000.00,4.51228,95.71875
08:00:14,912810UC0,TSRYS5860825,D,S,T,2024-10-22,1000000.00,4.514257,95.6875
08:00:14,912810UC0,TSRYS5860825,D,S,T,2024-10-22,1000000.00,4.516236,95.65625
08:00:14,912810UC0,TSRYS5860825,D,S,D,2024-10-22,1000000.00,4.516236,95.65625
08:00:14,912810UC0,TSRYS5860825,D,S,T,2024-10-22,1000000.00,4.516236,95.65625
08:00:14,912810UC0,TSRYS5860825,D,S,T,2024-10-22,1000000.00,4.52193,95.56640625
08:00:14,912810UC0,TSRYS5860825,D,S,T,2024-10-22,1000000.00,4.522178,95.5625
08:00:14,912810UC0,TSRYS5860825,D,S,T,2024-10-22,1000000.00,4.522178,95.5625
08:00:14,912810UC0,TSRYS5860825,D,S,T,2024-10-22,1000000.00,4.526888,95.48828125
08:00:14,912810UC0,TSRYS5860825,D,S,T,2024-10-22,1000000.00,4.523169,95.546875
08:00:14,912810UC0,TSRYS5860825,D,S,T,2024-10-22,1000000.00,4.518463,95.62109375
08:00:14,912810UC0,TSRYS5860825,D,S,T,2024-10-22,1000000.00,4.514257,95.6875
08:00:14,912810UC0,TSRYS5860825,D,S,T,2024-10-22,1000000.00,4.514257,95.6875
08:00:14,912810UC0,TSRYS5860825,D,S,T,2024-10-22,1000000.00,4.514257,95.6875
08:00:14,912810UC0,TSRYS5860825,D,S,T,2024-10-22,1000000.00,4.514257,95.6875
08:00:14,912810UC0,TSRYS5860825,D,S,T,2024-10-22,1000000.00,4.514257,95.6875
08:00:14,912810UC0,TSRYS5860825,D,S,T,2024-10-22,1000000.00,4.514257,95.6875
08:00:14,912810UC0,TSRYS5860825,D,S,T,2024-10-22,1000000.00,4.514257,95.6875
08:00:14,912810UC0,TSRYS5860825,D,S,T,2024-10-22,1000000.00,4.513268,95.703125
08:00:14,912810UC0,TSRYS5860825,D,S,T,2024-10-22,1000000.00,4.513268,95.703125
08:00:14,912810UC0,TSRYS5860825,D,S,T,2024-10-22,1000000.00,4.513268,95.703125
08:00:14,912810UC0,TSRYS5860825,D,S,T,2024-10-22,1000000.00,4.513268,95.703125
08:00:14,912810UC0,TSRYS5860825,D,S,T,2024-10-22,1000000.00,4.517226,95.640625
08:00:14,912810UC0,TSRYS5860825,D,S,T,2024-10-22,1000000.00,4.515741,95.6640625
08:00:14,912810UC0,TSRYS5860825,D,S,T,2024-10-22,1000000.00,4.515741,95.6640625
08:00:14,912810UC0,TSRYS5860825,D,S,T,2024-10-22,1000000.00,4.515247,95.671875
08:00:14,912810UC0,TSRYS5860825,D,S,T,2024-10-22,1000000.00,4.516236,95.65625
08:00:14,912810UC0,TSRYS5860825,D,S,T,2024-10-22,1000000.00,4.516731,95.6484375
08:00:14,912810UC0,TSRYS5860825,D,S,T,2024-10-22,1000000.00,4.516731,95.6484375
08:00:14,912810UC0,TSRYS5860825,D,S,T,2024-10-22,1000000.00,4.516731,95.6484375
08:00:14,912810UC0,TSRYS5860825,D,S,T,2024-10-22,1000000.00,4.516731,95.6484375
08:00:14,912810UC0,TSRYS5860825,D,S,T,2024-10-22,1000000.00,4.517226,95.640625
08:00:14,912810UC0,TSRYS5860825,D,S,T,2024-10-22,1000000.00,4.517226,95.640625
08:00:14,912810UC0,TSRYS5860825,D,S,T,2024-10-22,1000000.00,4.516978,95.64453125
08:00:14,912810UC0,TSRYS5860825,D,S,T,2024-10-22,1000000.00,4.516978,95.64453125
08:00:14,912810UC0,TSRYS5860825,D,S,T,2024-10-22,1000000.00,4.514257,95.6875
08:00:14,912810UC0,TSRYS5860825,D,S,T,2024-10-22,1000000.00,4.517226,95.640625
08:00:14,912810UC0,TSRYS5860825,D,S,T,2024-10-22,1000000.00,4.516236,95.65625
08:00:14,912810UC0,TSRYS5860825,D,S,T,2024-10-22,1000000.00,4.511909,95.724609375
08:00:14,912810UC0,TSRYS5860825,D,S,T,2024-10-22,1000000.00,4.50808,95.78515625
08:00:14,912810UC0,TSRYS5860825,D,S,T,2024-10-22,1000000.00,4.500432,95.90625
08:00:14,912810UC0,TSRYS5860825,D,S,T,2024-10-22,2000000.00,4.502404,95.875
08:00:14,912810UC0,TSRYS5860825,D,S,T,2024-10-22,1000000.00,4.505364,95.828125
08:00:14,912810UC0,TSRYS5860825,D,S,T,2024-10-22,1000000.00,4.506352,95.8125
08:00:14,912810UC0,TSRYS5860825,D,S,T,2024-10-22,1000000.00,4.502404,95.875
08:00:14,912810UC0,TSRYS5860825,D,S,T,2024-10-22,1000000.00,4.507586,95.79296875
08:00:14,912810UC0,TSRYS5860825,D,S,T,2024-10-22,1000000.00,4.501418,95.890625
08:00:15,912810UC0,TSRYS5860825,D,S,T,2024-10-22,1000000.00,4.507339,95.796875
08:00:15,912810UC0,TSRYS5860825,D,S,D,2024-10-22,1000000.00,4.508821,95.7734375
08:00:15,912810UC0,TSRYS5860825,D,S,T,2024-10-22,1000000.00,4.49452,96.0
08:00:15,912810UC0,TSRYS5860825,D,S,T,2024-10-22,1000000.00,4.494274,96.00390625
08:00:15,912810UC0,TSRYS5860825,D,S,T,2024-10-22,1000000.00,4.492552,96.03125
08:00:15,912810UC0,TSRYS5860825,D,S,T,2024-10-22,1000000.00,4.486651,96.125
08:00:15,912810UC0,TSRYS5860825,D,S,T,2024-10-22,1000000.00,4.485669,96.140625
08:00:15,912810UC0,TSRYS5860825,D,S,T,2024-10-22,1000000.00,4.487634,96.109375
08:00:15,912810UC0,TSRYS5860825,D,S,T,2024-10-22,1000000.00,4.493659,96.013671875
08:00:15,912810UC0,TSRYS5860825,D,S,C,2024-10-22,200000.00,4.49649,95.97125
08:00:19,912810UC0,TSRYS5860825,D,S,D,2024-10-22,1000000.00,4.516236,95.65625
08:00:19,912810UC0,TSRYS5860825,D,S,D,2024-10-22,1000000.00,4.517226,95.640625
08:00:19,912810UC0,TSRYS5860825,D,S,D,2024-10-22,1000000.00,4.516731,95.6484375
08:00:19,912810UC0,TSRYS5860825,D,S,D,2024-10-22,1000000.00,4.516484,95.65234375
08:00:19,912810UC0,TSRYS5860825,D,S,D,2024-10-22,1000000.00,4.516236,95.65625
08:00:19,912810UC0,TSRYS5860825,D,S,D,2024-10-22,1000000.00,4.516236,95.65625
08:00:19,912810UC0,TSRYS5860825,D,S,D,2024-10-22,1000000.00,4.516236,95.65625
08:00:22,912810UC0,TSRYS5860825,D,S,A,2024-10-22,10000000.00,4.510797,95.7421875
08:00:23,912810UC0,TSRYS5860825,D,S,T,2024-10-22,1000000.00,4.4896,96.078125
08:00:25,912810UC0,TSRYS5860825,D,S,C,2024-10-22,100000.00,4.491789,96.04836875
08:00:28,912810UC0,TSRYS5860825,D,S,D,2024-10-22,1000000.00,4.522178,95.5625
08:00:28,912810UC0,TSRYS5860825,D,S,D,2024-10-22,1000000.00,4.522178,95.5625
08:00:29,912810UC0,TSRYS5860825,D,B,C,2024-10-22,10000000.00,4.51054,95.74609375
08:00:30,912810UC0,TSRYS5860825,D,S,T,2024-10-22,1000000.00,4.499939,95.9140625
08:00:30,912810UC0,TSRYS5860825,D,S,D,2024-10-22,1000000.00,4.501418,95.890625
08:00:30,912810UC0,TSRYS5860825,D,S,T,2024-10-22,1000000.00,4.49649,95.96875
08:00:30,912810UC0,TSRYS5860825,D,S,T,2024-10-22,1000000.00,4.49649,95.96875
08:00:30,912810UC0,TSRYS5860825,D,S,T,2024-10-22,1000000.00,4.49846,95.9375
08:00:30,912810UC0,TSRYS5860825,D,S,T,2024-10-22,1000000.00,4.49846,95.9375
08:00:30,912810UC0,TSRYS5860825,D,S,D,2024-10-22,1000000.00,4.499692,95.91796875
08:00:30,912810UC0,TSRYS5860825,D,S,T,2024-10-22,1000000.00,4.49883,95.931640625
08:00:30,912810UC0,TSRYS5860825,D,S,T,2024-10-22,1000000.00,4.49846,95.9375
08:00:30,912810UC0,TSRYS5860825,D,S,T,2024-10-22,1000000.00,4.498707,95.93359375
08:00:30,912810UC0,TSRYS5860825,D,S,T,2024-10-22,1000000.00,4.498584,95.935546875
08:00:30,912810UC0,TSRYS5860825,D,S,T,2024-10-22,1000000.00,4.49649,95.96875
08:00:30,912810UC0,TSRYS5860825,D,S,T,2024-10-22,1000000.00,4.49649,95.96875
08:00:30,912810UC0,TSRYS5860825,D,S,T,2024-10-22,1000000.00,4.493536,96.015625
08:00:30,912810UC0,TSRYS5860825,D,S,T,2024-10-22,1000000.00,4.493536,96.015625
08:00:30,912810UC0,TSRYS5860825,D,S,T,2024-10-22,1000000.00,4.493536,96.015625
08:00:30,912810UC0,TSRYS5860825,D,S,T,2024-10-22,1000000.00,4.49452,96.0
08:00:30,912810UC0,TSRYS5860825,D,S,T,2024-10-22,1000000.00,4.494643,95.998046875
08:00:30,912810UC0,TSRYS5860825,D,S,T,2024-10-22,1000000.00,4.49452,96.0
08:00:30,912810UC0,TSRYS5860825,D,S,T,2024-10-22,1000000.00,4.495505,95.984375
08:00:30,912810UC0,TSRYS5860825,D,S,T,2024-10-22,1000000.00,4.495505,95.984375
08:00:30,912810UC0,TSRYS5860825,D,S,T,2024-10-22,1000000.00,4.495505,95.984375
08:00:30,912810UC0,TSRYS5860825,D,S,T,2024-10-22,1000000.00,4.513268,95.703125
08:00:30,912810UC0,TSRYS5860825,D,S,T,2024-10-22,1000000.00,4.497475,95.953125
08:00:30,912810UC0,TSRYS5860825,D,S,T,2024-10-22,1000000.00,4.497475,95.953125
08:00:30,912810UC0,TSRYS5860825,D,S,T,2024-10-22,1000000.00,4.49649,95.96875
08:00:30,912810UC0,TSRYS5860825,D,S,T,2024-10-22,1000000.00,4.497475,95.953125
08:00:30,912810UC0,TSRYS5860825,D,S,T,2024-10-22,1000000.00,4.497475,95.953125
08:00:30,912810UC0,TSRYS5860825,D,S,T,2024-10-22,1000000.00,4.49452,96.0
08:00:30,912810UC0,TSRYS5860825,D,S,T,2024-10-22,1000000.00,4.499569,95.919921875
08:00:30,912810UC0,TSRYS5860825,D,S,T,2024-10-22,1000000.00,4.514257,95.6875
08:00:30,912810UC0,TSRYS5860825,D,S,T,2024-10-22,1000000.00,4.500432,95.90625
08:00:30,912810UC0,TSRYS5860825,D,S,T,2024-10-22,1000000.00,4.500432,95.90625
08:00:30,912810UC0,TSRYS5860825,D,S,T,2024-10-22,1000000.00,4.507339,95.796875
08:00:30,912810UC0,TSRYS5860825,D,S,T,2024-10-22,1000000.00,4.504377,95.84375
08:00:30,912810UC0,TSRYS5860825,D,S,T,2024-10-22,1000000.00,4.503391,95.859375
08:00:30,912810UC0,TSRYS5860825,D,S,T,2024-10-22,1000000.00,4.502404,95.875
08:00:30,912810UC0,TSRYS5860825,D,S,T,2024-10-22,1000000.00,4.4896,96.078125
08:00:30,912810UC0,TSRYS5860825,D,S,T,2024-10-22,1000000.00,4.495874,95.978515625
08:00:30,912810UC0,TSRYS5860825,D,S,T,2024-10-22,1000000.00,4.495751,95.98046875
08:00:30,912810UC0,TSRYS5860825,D,S,T,2024-10-22,1000000.00,4.495751,95.98046875
08:00:30,912810UC0,TSRYS5860825,D,S,T,2024-10-22,1000000.00,4.498953,95.9296875
08:00:30,912810UC0,TSRYS5860825,D,S,T,2024-10-22,1000000.00,4.499446,95.921875
08:00:30,912810UC0,TSRYS5860825,D,S,T,2024-10-22,1000000.00,4.499446,95.921875
08:00:30,912810UC0,TSRYS5860825,D,S,T,2024-10-22,1000000.00,4.500432,95.90625
08:00:30,912810UC0,TSRYS5860825,D,S,T,2024-10-22,1000000.00,4.500062,95.912109375
08:00:30,912810UC0,TSRYS5860825,D,S,T,2024-10-22,1000000.00,4.499939,95.9140625
08:00:30,912810UC0,TSRYS5860825,D,S,D,2024-10-22,1000000.00,4.504377,95.84375
08:00:30,912810UC0,TSRYS5860825,D,S,T,2024-10-22,1000000.00,4.510303,95.75
08:00:30,912810UC0,TSRYS5860825,D,S,T,2024-10-22,1000000.00,4.510303,95.75
08:00:31,912810UC0,TSRYS5860825,D,S,T,2024-10-22,1000000.00,4.509315,95.765625
08:00:31,912810UC0,TSRYS5860825,D,S,T,2024-10-22,1000000.00,4.51228,95.71875
08:00:31,912810UC0,TSRYS5860825,D,S,T,2024-10-22,1000000.00,4.516236,95.65625
08:00:31,912810UC0,TSRYS5860825,D,S,T,2024-10-22,1000000.00,4.517226,95.640625
08:00:31,912810UC0,TSRYS5860825,D,S,T,2024-10-22,1000000.00,4.517226,95.640625
08:00:31,912810UC0,TSRYS5860825,D,S,T,2024-10-22,1000000.00,4.517226,95.640625
08:00:31,912810UC0,TSRYS5860825,D,S,T,2024-10-22,1000000.00,4.517226,95.640625
08:00:31,912810UC0,TSRYS5860825,D,S,T,2024-10-22,1000000.00,4.517102,95.642578125
08:00:31,912810UC0,TSRYS5860825,D,S,T,2024-10-22,1000000.00,4.517226,95.640625
08:00:31,912810UC0,TSRYS5860825,D,S,T,2024-10-22,1000000.00,4.515247,95.671875
08:00:31,912810UC0,TSRYS5860825,D,S,T,2024-10-22,1000000.00,4.513268,95.703125
08:00:31,912810UC0,TSRYS5860825,D,S,T,2024-10-22,1000000.00,4.514257,95.6875
08:00:31,912810UC0,TSRYS5860825,D,S,T,2024-10-22,1000000.00,4.513268,95.703125
08:00:31,912810UC0,TSRYS5860825,D,S,T,2024-10-22,1000000.00,4.513268,95.703125
08:00:31,912810UC0,TSRYS5860825,D,S,T,2024-10-22,1000000.00,4.513268,95.703125
08:00:31,912810UC0,TSRYS5860825,D,S,T,2024-10-22,1000000.00,4.513268,95.703125
08:00:31,912810UC0,TSRYS5860825,D,S,T,2024-10-22,1000000.00,4.515247,95.671875
08:00:31,912810UC0,TSRYS5860825,D,S,T,2024-10-22,2000000.00,4.515247,95.671875
08:00:31,912810UC0,TSRYS5860825,D,S,T,2024-10-22,1000000.00,4.514257,95.6875
08:00:31,912810UC0,TSRYS5860825,D,S,T,2024-10-22,1000000.00,4.514257,95.6875
08:00:31,912810UC0,TSRYS5860825,D,S,T,2024-10-22,1000000.00,4.514257,95.6875
08:00:31,912810UC0,TSRYS5860825,D,S,T,2024-10-22,1000000.00,4.516236,95.65625
08:00:31,912810UC0,TSRYS5860825,D,S,T,2024-10-22,1000000.00,4.517226,95.640625
08:00:31,912810UC0,TSRYS5860825,D,S,T,2024-10-22,1000000.00,4.517226,95.640625
08:00:31,912810UC0,TSRYS5860825,D,S,T,2024-10-22,1000000.00,4.517226,95.640625
08:00:31,912810UC0,TSRYS5860825,D,S,T,2024-10-22,1000000.00,4.517226,95.640625
08:00:31,912810UC0,TSRYS5860825,D,S,T,2024-10-22,1000000.00,4.517226,95.640625
08:00:31,912810UC0,TSRYS5860825,D,S,T,2024-10-22,1000000.00,4.517226,95.640625
08:00:31,912810UC0,TSRYS5860825,D,S,T,2024-10-22,1000000.00,4.517226,95.640625
08:00:31,912810UC0,TSRYS5860825,D,S,T,2024-10-22,1000000.00,4.517226,95.640625
08:00:31,912810UC0,TSRYS5860825,D,S,T,2024-10-22,1000000.00,4.518216,95.625
08:00:31,912810UC0,TSRYS5860825,D,S,T,2024-10-22,1000000.00,4.518216,95.625
08:00:31,912810UC0,TSRYS5860825,D,S,T,2024-10-22,1000000.00,4.516236,95.65625
08:00:31,912810UC0,TSRYS5860825,D,S,T,2024-10-22,1000000.00,4.516236,95.65625
08:00:31,912810UC0,TSRYS5860825,D,S,T,2024-10-22,1000000.00,4.517226,95.640625
08:00:31,912810UC0,TSRYS5860825,D,S,T,2024-10-22,1000000.00,4.516236,95.65625
08:00:31,912810UC0,TSRYS5860825,D,S,T,2024-10-22,1000000.00,4.519206,95.609375
08:00:31,912810UC0,TSRYS5860825,D,S,T,2024-10-22,1000000.00,4.518711,95.6171875
08:00:31,912810UC0,TSRYS5860825,D,S,T,2024-10-22,1000000.00,4.519206,95.609375
08:00:31,912810UC0,TSRYS5860825,D,S,T,2024-10-22,1000000.00,4.517226,95.640625
08:00:31,912810UC0,TSRYS5860825,D,S,T,2024-10-22,2000000.00,4.517226,95.640625
08:00:31,912810UC0,TSRYS5860825,D,S,T,2024-10-22,1000000.00,4.516236,95.65625
08:00:31,912810UC0,TSRYS5860825,D,S,T,2024-10-22,1000000.00,4.516607,95.650390625
08:00:31,912810UC0,TSRYS5860825,D,S,T,2024-10-22,1000000.00,4.517845,95.630859375
08:00:31,912810UC0,TSRYS5860825,D,S,T,2024-10-22,1000000.00,4.517226,95.640625
08:00:31,912810UC0,TSRYS5860825,D,S,T,2024-10-22,1000000.00,4.517226,95.640625
08:00:31,912810UC0,TSRYS5860825,D,S,D,2024-10-22,1000000.00,4.518463,95.62109375
08:00:31,912810UC0,TSRYS5860825,D,S,T,2024-10-22,1000000.00,4.519206,95.609375
08:00:31,912810UC0,TSRYS5860825,D,S,T,2024-10-22,1000000.00,4.519206,95.609375
08:00:31,912810UC0,TSRYS5860825,D,S,T,2024-10-22,1000000.00,4.519206,95.609375
08:00:31,912810UC0,TSRYS5860825,D,S,T,2024-10-22,1000000.00,4.519206,95.609375
08:00:31,912810UC0,TSRYS5860825,D,S,T,2024-10-22,1000000.00,4.520196,95.59375
08:00:31,912810UC0,TSRYS5860825,D,S,T,2024-10-22,1000000.00,4.521559,95.572265625
08:00:31,912810UC0,TSRYS5860825,D,S,T,2024-10-22,1000000.00,4.521559,95.572265625
08:00:31,912810UC0,TSRYS5860825,D,S,T,2024-10-22,1000000.00,4.521187,95.578125
08:00:31,912810UC0,TSRYS5860825,D,S,T,2024-10-22,1000000.00,4.522921,95.55078125
08:00:31,912810UC0,TSRYS5860825,D,S,T,2024-10-22,1000000.00,4.521187,95.578125
08:00:31,912810UC0,TSRYS5860825,D,S,T,2024-10-22,2000000.00,4.521187,95.578125
08:00:31,912810UC0,TSRYS5860825,D,S,T,2024-10-22,1000000.00,4.521187,95.578125
08:00:31,912810UC0,TSRYS5860825,D,S,T,2024-10-22,1000000.00,4.522178,95.5625
08:00:31,912810UC0,TSRYS5860825,D,S,T,2024-10-22,1000000.00,4.522178,95.5625
08:00:31,912810UC0,TSRYS5860825,D,S,T,2024-10-22,1000000.00,4.522178,95.5625
08:00:31,912810UC0,TSRYS5860825,D,S,T,2024-10-22,1000000.00,4.522178,95.5625
08:00:31,912810UC0,TSRYS5860825,D,S,T,2024-10-22,1000000.00,4.522178,95.5625
08:00:31,912810UC0,TSRYS5860825,D,S,T,2024-10-22,1000000.00,4.522178,95.5625
08:00:31,912810UC0,TSRYS5860825,D,S,T,2024-10-22,1000000.00,4.522178,95.5625
08:00:31,912810UC0,TSRYS5860825,D,S,T,2024-10-22,1000000.00,4.521187,95.578125
08:00:31,912810UC0,TSRYS5860825,D,S,T,2024-10-22,1000000.00,4.521187,95.578125
08:00:31,912810UC0,TSRYS5860825,D,S,T,2024-10-22,1000000.00,4.521435,95.57421875
08:00:31,912810UC0,TSRYS5860825,D,S,T,2024-10-22,1000000.00,4.52193,95.56640625
08:00:31,912810UC0,TSRYS5860825,D,S,T,2024-10-22,1000000.00,4.521806,95.568359375
08:00:31,912810UC0,TSRYS5860825,D,S,T,2024-10-22,1000000.00,4.522178,95.5625
08:00:31,912810UC0,TSRYS5860825,D,S,T,2024-10-22,1000000.00,4.523169,95.546875
08:00:31,912810UC0,TSRYS5860825,D,S,T,2024-10-22,1000000.00,4.526144,95.5
08:00:31,912810UC0,TSRYS5860825,D,S,T,2024-10-22,1000000.00,4.524656,95.5234375
08:00:31,912810UC0,TSRYS5860825,D,S,T,2024-10-22,1000000.00,4.524656,95.5234375
08:00:31,912810UC0,TSRYS5860825,D,S,T,2024-10-22,1000000.00,4.524656,95.5234375
08:00:31,912810UC0,TSRYS5860825,D,S,T,2024-10-22,1000000.00,4.524656,95.5234375
08:00:31,912810UC0,TSRYS5860825,D,S,T,2024-10-22,1000000.00,4.523169,95.546875
08:00:31,912810UC0,TSRYS5860825,D,S,T,2024-10-22,1000000.00,4.523045,95.548828125
08:00:31,912810UC0,TSRYS5860825,D,S,T,2024-10-22,1000000.00,4.522921,95.55078125
08:00:31,912810UC0,TSRYS5860825,D,S,T,2024-10-22,1000000.00,4.522921,95.55078125
08:00:31,912810UC0,TSRYS5860825,D,S,T,2024-10-22,2000000.00,4.522178,95.5625
08:00:31,912810UC0,TSRYS5860825,D,S,T,2024-10-22,5000000.00,4.522178,95.5625
08:00:31,912810UC0,TSRYS5860825,D,S,T,2024-10-22,1000000.00,4.523913,95.53515625
08:00:31,912810UC0,TSRYS5860825,D,S,T,2024-10-22,1000000.00,4.52416,95.53125
08:00:31,912810UC0,TSRYS5860825,D,S,T,2024-10-22,1000000.00,4.521187,95.578125
08:00:31,912810UC0,TSRYS5860825,D,S,T,2024-10-22,1000000.00,4.521187,95.578125
08:00:31,912810UC0,TSRYS5860825,D,S,T,2024-10-22,1000000.00,4.521187,95.578125
08:00:31,912810UC0,TSRYS5860825,D,S,T,2024-10-22,1000000.00,4.523169,95.546875
08:00:31,912810UC0,TSRYS5860825,D,S,T,2024-10-22,1000000.00,4.523169,95.546875
08:00:31,912810UC0,TSRYS5860825,D,S,T,2024-10-22,1000000.00,4.519206,95.609375
08:00:31,912810UC0,TSRYS5860825,D,S,T,2024-10-22,1000000.00,4.519206,95.609375
08:00:31,912810UC0,TSRYS5860825,D,S,T,2024-10-22,1000000.00,4.519206,95.609375
08:00:31,912810UC0,TSRYS5860825,D,S,T,2024-10-22,1000000.00,4.518216,95.625
08:00:31,912810UC0,TSRYS5860825,D,S,T,2024-10-22,1000000.00,4.518216,95.625
08:00:31,912810UC0,TSRYS5860825,D,S,T,2024-10-22,1000000.00,4.51735,95.638671875
08:00:31,912810UC0,TSRYS5860825,D,S,T,2024-10-22,1000000.00,4.518216,95.625
08:00:31,912810UC0,TSRYS5860825,D,S,T,2024-10-22,1000000.00,4.518216,95.625
08:00:31,912810UC0,TSRYS5860825,D,S,T,2024-10-22,1000000.00,4.518216,95.625
08:00:31,912810UC0,TSRYS5860825,D,S,T,2024-10-22,1000000.00,4.518216,95.625
08:00:31,912810UC0,TSRYS5860825,D,S,T,2024-10-22,1000000.00,4.519206,95.609375
08:00:31,912810UC0,TSRYS5860825,D,S,T,2024-10-22,1000000.00,4.518216,95.625
08:00:32,912810UC0,TSRYS5860825,D,S,T,2024-10-22,1000000.00,4.519206,95.609375
08:00:32,912810UC0,TSRYS5860825,D,S,T,2024-10-22,1000000.00,4.522178,95.5625
08:00:32,912810UC0,TSRYS5860825,D,S,T,2024-10-22,1000000.00,4.522178,95.5625
08:00:32,912810UC0,TSRYS5860825,D,S,T,2024-10-22,1000000.00,4.521187,95.578125
08:00:32,912810UC0,TSRYS5860825,D,S,T,2024-10-22,1000000.00,4.521187,95.578125
08:00:32,912810UC0,TSRYS5860825,D,S,T,2024-10-22,1000000.00,4.521187,95.578125
08:00:32,912810UC0,TSRYS5860825,D,S,T,2024-10-22,1000000.00,4.519206,95.609375
08:00:32,912810UC0,TSRYS5860825,D,S,T,2024-10-22,1000000.00,4.519206,95.609375
08:00:32,912810UC0,TSRYS5860825,D,S,T,2024-10-22,1000000.00,4.519206,95.609375
08:00:32,912810UC0,TSRYS5860825,D,S,T,2024-10-22,1000000.00,4.519206,95.609375
08:00:32,912810UC0,TSRYS5860825,D,S,T,2024-10-22,1000000.00,4.519206,95.609375
08:00:32,912810UC0,TSRYS5860825,D,S,T,2024-10-22,1000000.00,4.51834,95.623046875
08:00:32,912810UC0,TSRYS5860825,D,S,T,2024-10-22,1000000.00,4.516731,95.6484375
08:00:32,912810UC0,TSRYS5860825,D,S,T,2024-10-22,1000000.00,4.515123,95.673828125
08:00:32,912810UC0,TSRYS5860825,D,S,T,2024-10-22,1000000.00,4.51735,95.638671875
08:00:32,912810UC0,TSRYS5860825,D,S,D,2024-10-22,2000000.00,4.514257,95.6875
08:00:32,912810UC0,TSRYS5860825,D,S,T,2024-10-22,1000000.00,4.514257,95.6875
08:00:32,912810UC0,TSRYS5860825,D,S,T,2024-10-22,1000000.00,4.51401,95.69140625
08:00:32,912810UC0,TSRYS5860825,D,S,T,2024-10-22,1000000.00,4.513268,95.703125
08:00:32,912810UC0,TSRYS5860825,D,S,T,2024-10-22,1000000.00,4.513268,95.703125
08:00:32,912810UC0,TSRYS5860825,D,S,T,2024-10-22,1000000.00,4.513268,95.703125
08:00:32,912810UC0,TSRYS5860825,D,S,T,2024-10-22,1000000.00,4.513268,95.703125
08:00:32,912810UC0,TSRYS5860825,D,S,T,2024-10-22,1000000.00,4.513268,95.703125
08:00:32,912810UC0,TSRYS5860825,D,S,T,2024-10-22,1000000.00,4.514257,95.6875
08:00:32,912810UC0,TSRYS5860825,D,S,T,2024-10-22,1000000.00,4.514257,95.6875
08:00:32,912810UC0,TSRYS5860825,D,S,T,2024-10-22,1000000.00,4.514257,95.6875
08:00:32,912810UC0,TSRYS5860825,D,S,T,2024-10-22,1000000.00,4.513268,95.703125
08:00:32,912810UC0,TSRYS5860825,D,S,T,2024-10-22,1000000.00,4.514257,95.6875
08:00:32,912810UC0,TSRYS5860825,D,S,T,2024-10-22,1000000.00,4.514257,95.6875
08:00:32,912810UC0,TSRYS5860825,D,S,T,2024-10-22,1000000.00,4.517226,95.640625
08:00:32,912810UC0,TSRYS5860825,D,S,T,2024-10-22,1000000.00,4.515741,95.6640625
08:00:32,912810UC0,TSRYS5860825,D,S,T,2024-10-22,1000000.00,4.515741,95.6640625
08:00:32,912810UC0,TSRYS5860825,D,S,T,2024-10-22,1000000.00,4.515741,95.6640625
08:00:32,912810UC0,TSRYS5860825,D,S,T,2024-10-22,1000000.00,4.515618,95.666015625
08:00:32,912810UC0,TSRYS5860825,D,S,T,2024-10-22,1000000.00,4.515618,95.666015625
08:00:32,912810UC0,TSRYS5860825,D,S,T,2024-10-22,1000000.00,4.51537,95.669921875
08:00:32,912810UC0,TSRYS5860825,D,S,T,2024-10-22,1000000.00,4.516236,95.65625
08:00:32,912810UC0,TSRYS5860825,D,S,T,2024-10-22,1000000.00,4.515741,95.6640625
08:00:32,912810UC0,TSRYS5860825,D,S,T,2024-10-22,1000000.00,4.515494,95.66796875
08:00:32,912810UC0,TSRYS5860825,D,S,T,2024-10-22,1000000.00,4.515618,95.666015625
08:00:32,912810UC0,TSRYS5860825,D,S,T,2024-10-22,1000000.00,4.516236,95.65625
08:00:32,912810UC0,TSRYS5860825,D,S,T,2024-10-22,1000000.00,4.514999,95.67578125
08:00:32,912810UC0,TSRYS5860825,D,S,T,2024-10-22,1000000.00,4.514257,95.6875
08:00:32,912810UC0,TSRYS5860825,D,S,T,2024-10-22,1000000.00,4.515247,95.671875
08:00:32,912810UC0,TSRYS5860825,D,S,T,2024-10-22,1000000.00,4.517226,95.640625
08:00:32,912810UC0,TSRYS5860825,D,S,T,2024-10-22,1000000.00,4.517226,95.640625
08:00:32,912810UC0,TSRYS5860825,D,S,T,2024-10-22,1000000.00,4.517226,95.640625
08:00:32,912810UC0,TSRYS5860825,D,S,T,2024-10-22,1000000.00,4.517226,95.640625
08:00:32,912810UC0,TSRYS5860825,D,S,T,2024-10-22,1000000.00,4.517226,95.640625
08:00:32,912810UC0,TSRYS5860825,D,S,T,2024-10-22,1000000.00,4.516978,95.64453125
08:00:32,912810UC0,TSRYS5860825,D,S,T,2024-10-22,1000000.00,4.516855,95.646484375
08:00:32,912810UC0,TSRYS5860825,D,S,T,2024-10-22,1000000.00,4.516731,95.6484375
08:00:32,912810UC0,TSRYS5860825,D,S,T,2024-10-22,1000000.00,4.516236,95.65625
08:00:32,912810UC0,TSRYS5860825,D,S,T,2024-10-22,1000000.00,4.513763,95.6953125
08:00:32,912810UC0,TSRYS5860825,D,S,T,2024-10-22,4000000.00,4.513763,95.6953125
08:00:32,912810UC0,TSRYS5860825,D,S,T,2024-10-22,1000000.00,4.513763,95.6953125
08:00:32,912810UC0,TSRYS5860825,D,S,T,2024-10-22,1000000.00,4.51228,95.71875
08:00:32,912810UC0,TSRYS5860825,D,S,T,2024-10-22,1000000.00,4.511909,95.724609375
08:00:32,912810UC0,TSRYS5860825,D,S,T,2024-10-22,1000000.00,4.511909,95.724609375
08:00:32,912810UC0,TSRYS5860825,D,S,T,2024-10-22,1000000.00,4.511291,95.734375
08:00:32,912810UC0,TSRYS5860825,D,S,T,2024-10-22,1000000.00,4.511291,95.734375
08:00:32,912810UC0,TSRYS5860825,D,S,T,2024-10-22,1000000.00,4.511291,95.734375
08:00:32,912810UC0,TSRYS5860825,D,S,T,2024-10-22,1000000.00,4.511291,95.734375
08:00:32,912810UC0,TSRYS5860825,D,S,T,2024-10-22,1000000.00,4.511291,95.734375
08:00:32,912810UC0,TSRYS5860825,D,S,T,2024-10-22,1000000.00,4.510179,95.751953125
08:00:32,912810UC0,TSRYS5860825,D,S,T,2024-10-22,1000000.00,4.508203,95.783203125
08:00:32,912810UC0,TSRYS5860825,D,S,T,2024-10-22,1000000.00,4.508203,95.783203125
08:00:32,912810UC0,TSRYS5860825,D,S,T,2024-10-22,1000000.00,4.508327,95.78125
08:00:32,912810UC0,TSRYS5860825,D,S,T,2024-10-22,1000000.00,4.508697,95.775390625
08:00:32,912810UC0,TSRYS5860825,D,S,T,2024-10-22,1000000.00,4.508327,95.78125
08:00:32,912810UC0,TSRYS5860825,D,S,T,2024-10-22,1000000.00,4.507339,95.796875
08:00:32,912810UC0,TSRYS5860825,D,S,T,2024-10-22,1000000.00,4.507339,95.796875
08:00:32,912810UC0,TSRYS5860825,D,S,T,2024-10-22,1000000.00,4.506969,95.802734375
08:00:32,912810UC0,TSRYS5860825,D,S,T,2024-10-22,1000000.00,4.508203,95.783203125
08:00:32,912810UC0,TSRYS5860825,D,S,T,2024-10-22,1000000.00,4.507339,95.796875
08:00:32,912810UC0,TSRYS5860825,D,S,T,2024-10-22,1000000.00,4.507339,95.796875
08:00:32,912810UC0,TSRYS5860825,D,S,T,2024-10-22,1000000.00,4.507339,95.796875
08:00:32,912810UC0,TSRYS5860825,D,S,T,2024-10-22,1000000.00,4.507339,95.796875
08:00:32,912810UC0,TSRYS5860825,D,S,T,2024-10-22,1000000.00,4.507339,95.796875
08:00:32,912810UC0,TSRYS5860825,D,S,T,2024-10-22,1000000.00,4.506969,95.802734375
08:00:32,912810UC0,TSRYS5860825,D,S,T,2024-10-22,1000000.00,4.507339,95.796875
08:00:32,912810UC0,TSRYS5860825,D,S,T,2024-10-22,1000000.00,4.507339,95.796875
08:00:32,912810UC0,TSRYS5860825,D,S,T,2024-10-22,1000000.00,4.507339,95.796875
08:00:32,912810UC0,TSRYS5860825,D,S,T,2024-10-22,1000000.00,4.507339,95.796875
08:00:32,912810UC0,TSRYS5860825,D,S,T,2024-10-22,1000000.00,4.506352,95.8125
08:00:32,912810UC0,TSRYS5860825,D,S,T,2024-10-22,1000000.00,4.505364,95.828125
08:00:32,912810UC0,TSRYS5860825,D,S,T,2024-10-22,1000000.00,4.505364,95.828125
08:00:32,912810UC0,TSRYS5860825,D,S,T,2024-10-22,1000000.00,4.505364,95.828125
08:00:32,912810UC0,TSRYS5860825,D,S,T,2024-10-22,1000000.00,4.503391,95.859375
08:00:32,912810UC0,TSRYS5860825,D,S,T,2024-10-22,1000000.00,4.503391,95.859375
08:00:32,912810UC0,TSRYS5860825,D,S,T,2024-10-22,1000000.00,4.501418,95.890625
08:00:32,912810UC0,TSRYS5860825,D,S,T,2024-10-22,1000000.00,4.501418,95.890625
08:00:32,912810UC0,TSRYS5860825,D,S,T,2024-10-22,1000000.00,4.501418,95.890625
08:00:32,912810UC0,TSRYS5860825,D,S,T,2024-10-22,1000000.00,4.501418,95.890625
08:00:32,912810UC0,TSRYS5860825,D,S,T,2024-10-22,1000000.00,4.500432,95.90625
08:00:32,912810UC0,TSRYS5860825,D,S,T,2024-10-22,1000000.00,4.500432,95.90625
08:00:32,912810UC0,TSRYS5860825,D,S,T,2024-10-22,1000000.00,4.500432,95.90625
08:00:32,912810UC0,TSRYS5860825,D,S,T,2024-10-22,1000000.00,4.500432,95.90625
08:00:32,912810UC0,TSRYS5860825,D,S,T,2024-10-22,1000000.00,4.500432,95.90625
08:00:32,912810UC0,TSRYS5860825,D,S,T,2024-10-22,1000000.00,4.500432,95.90625
08:00:32,912810UC0,TSRYS5860825,D,S,T,2024-10-22,1000000.00,4.500432,95.90625
08:00:32,912810UC0,TSRYS5860825,D,S,T,2024-10-22,1000000.00,4.499569,95.919921875
08:00:32,912810UC0,TSRYS5860825,D,S,T,2024-10-22,1000000.00,4.499692,95.91796875
08:00:32,912810UC0,TSRYS5860825,D,S,T,2024-10-22,1000000.00,4.499446,95.921875
08:00:32,912810UC0,TSRYS5860825,D,S,T,2024-10-22,1000000.00,4.499569,95.919921875
08:00:32,912810UC0,TSRYS5860825,D,S,T,2024-10-22,2000000.00,4.500925,95.8984375
08:00:32,912810UC0,TSRYS5860825,D,S,T,2024-10-22,2000000.00,4.499939,95.9140625
08:00:32,912810UC0,TSRYS5860825,D,S,T,2024-10-22,1000000.00,4.501171,95.89453125
08:00:32,912810UC0,TSRYS5860825,D,S,T,2024-10-22,1000000.00,4.49846,95.9375
08:00:32,912810UC0,TSRYS5860825,D,S,T,2024-10-22,1000000.00,4.49846,95.9375
08:00:32,912810UC0,TSRYS5860825,D,S,T,2024-10-22,1000000.00,4.49846,95.9375
08:00:32,912810UC0,TSRYS5860825,D,S,T,2024-10-22,1000000.00,4.49846,95.9375
08:00:32,912810UC0,TSRYS5860825,D,S,T,2024-10-22,1000000.00,4.499446,95.921875
08:00:32,912810UC0,TSRYS5860825,D,S,T,2024-10-22,1000000.00,4.499446,95.921875
08:00:32,912810UC0,TSRYS5860825,D,S,T,2024-10-22,1000000.00,4.501048,95.896484375
08:00:32,912810UC0,TSRYS5860825,D,S,T,2024-10-22,1000000.00,4.501418,95.890625
08:00:32,912810UC0,TSRYS5860825,D,S,T,2024-10-22,1000000.00,4.501418,95.890625
08:00:32,912810UC0,TSRYS5860825,D,S,T,2024-10-22,1000000.00,4.502404,95.875
08:00:32,912810UC0,TSRYS5860825,D,S,T,2024-10-22,1000000.00,4.502404,95.875
08:00:32,912810UC0,TSRYS5860825,D,S,T,2024-10-22,3000000.00,4.502404,95.875
08:00:32,912810UC0,TSRYS5860825,D,S,T,2024-10-22,1000000.00,4.502158,95.87890625
08:00:32,912810UC0,TSRYS5860825,D,S,T,2024-10-22,1000000.00,4.505364,95.828125
08:00:32,912810UC0,TSRYS5860825,D,S,T,2024-10-22,1000000.00,4.505364,95.828125
08:00:32,912810UC0,TSRYS5860825,D,S,T,2024-10-22,1000000.00,4.506475,95.810546875
08:00:32,912810UC0,TSRYS5860825,D,S,T,2024-10-22,1000000.00,4.508327,95.78125
08:00:32,912810UC0,TSRYS5860825,D,S,T,2024-10-22,1000000.00,4.508327,95.78125
08:00:32,912810UC0,TSRYS5860825,D,S,T,2024-10-22,1000000.00,4.508203,95.783203125
08:00:32,912810UC0,TSRYS5860825,D,S,T,2024-10-22,1000000.00,4.508203,95.783203125
08:00:32,912810UC0,TSRYS5860825,D,S,T,2024-10-22,1000000.00,4.504624,95.83984375
08:00:32,912810UC0,TSRYS5860825,D,S,T,2024-10-22,1000000.00,4.506598,95.80859375
08:00:32,912810UC0,TSRYS5860825,D,S,T,2024-10-22,1000000.00,4.507339,95.796875
08:00:32,912810UC0,TSRYS5860825,D,S,T,2024-10-22,1000000.00,4.507339,95.796875
08:00:32,912810UC0,TSRYS5860825,D,S,T,2024-10-22,1000000.00,4.508327,95.78125
08:00:32,912810UC0,TSRYS5860825,D,S,T,2024-10-22,1000000.00,4.507339,95.796875
08:00:32,912810UC0,TSRYS5860825,D,S,T,2024-10-22,1000000.00,4.507339,95.796875
08:00:32,912810UC0,TSRYS5860825,D,S,T,2024-10-22,1000000.00,4.506352,95.8125
08:00:32,912810UC0,TSRYS5860825,D,S,T,2024-10-22,1000000.00,4.508327,95.78125
08:00:32,912810UC0,TSRYS5860825,D,S,T,2024-10-22,1000000.00,4.508327,95.78125
08:00:32,912810UC0,TSRYS5860825,D,S,T,2024-10-22,1000000.00,4.507339,95.796875
08:00:32,912810UC0,TSRYS5860825,D,S,T,2024-10-22,1000000.00,4.507339,95.796875
08:00:32,912810UC0,TSRYS5860825,D,S,T,2024-10-22,1000000.00,4.504377,95.84375
08:00:32,912810UC0,TSRYS5860825,D,S,T,2024-10-22,1000000.00,4.504377,95.84375
08:00:32,912810UC0,TSRYS5860825,D,S,T,2024-10-22,1000000.00,4.504377,95.84375
08:00:32,912810UC0,TSRYS5860825,D,S,T,2024-10-22,1000000.00,4.502404,95.875
08:00:32,912810UC0,TSRYS5860825,D,S,T,2024-10-22,1000000.00,4.503391,95.859375
08:00:32,912810UC0,TSRYS5860825,D,S,T,2024-10-22,1000000.00,4.503391,95.859375
08:00:32,912810UC0,TSRYS5860825,D,S,T,2024-10-22,1000000.00,4.504377,95.84375
08:00:32,912810UC0,TSRYS5860825,D,S,T,2024-10-22,1000000.00,4.505364,95.828125
08:00:32,912810UC0,TSRYS5860825,D,S,T,2024-10-22,1000000.00,4.505364,95.828125
08:00:32,912810UC0,TSRYS5860825,D,S,T,2024-10-22,1000000.00,4.505364,95.828125
08:00:32,912810UC0,TSRYS5860825,D,S,T,2024-10-22,1000000.00,4.506598,95.80859375
08:00:32,912810UC0,TSRYS5860825,D,S,T,2024-10-22,1000000.00,4.506475,95.810546875
08:00:32,912810UC0,TSRYS5860825,D,S,T,2024-10-22,1000000.00,4.506352,95.8125
08:00:32,912810UC0,TSRYS5860825,D,S,T,2024-10-22,1000000.00,4.507339,95.796875
08:00:32,912810UC0,TSRYS5860825,D,S,T,2024-10-22,1000000.00,4.507339,95.796875
08:00:32,912810UC0,TSRYS5860825,D,S,T,2024-10-22,1000000.00,4.507339,95.796875
08:00:32,912810UC0,TSRYS5860825,D,S,T,2024-10-22,1000000.00,4.507339,95.796875
08:00:32,912810UC0,TSRYS5860825,D,S,T,2024-10-22,1000000.00,4.507586,95.79296875
08:00:32,912810UC0,TSRYS5860825,D,S,T,2024-10-22,1000000.00,4.507462,95.794921875
08:00:32,912810UC0,TSRYS5860825,D,S,T,2024-10-22,1000000.00,4.507339,95.796875
08:00:32,912810UC0,TSRYS5860825,D,S,T,2024-10-22,1000000.00,4.507339,95.796875
08:00:32,912810UC0,TSRYS5860825,D,S,T,2024-10-22,1000000.00,4.507339,95.796875
08:00:32,912810UC0,TSRYS5860825,D,S,T,2024-10-22,1000000.00,4.507339,95.796875
08:00:32,912810UC0,TSRYS5860825,D,S,T,2024-10-22,1000000.00,4.507339,95.796875
08:00:32,912810UC0,TSRYS5860825,D,S,T,2024-10-22,1000000.00,4.51228,95.71875
08:00:32,912810UC0,TSRYS5860825,D,S,T,2024-10-22,1000000.00,4.512527,95.71484375
08:00:32,912810UC0,TSRYS5860825,D,S,T,2024-10-22,1000000.00,4.512403,95.716796875
08:00:32,912810UC0,TSRYS5860825,D,S,T,2024-10-22,1000000.00,4.51228,95.71875
08:00:32,912810UC0,TSRYS5860825,D,S,T,2024-10-22,1000000.00,4.508327,95.78125
08:00:32,912810UC0,TSRYS5860825,D,S,T,2024-10-22,1000000.00,4.509315,95.765625
08:00:32,912810UC0,TSRYS5860825,D,S,T,2024-10-22,1000000.00,4.509315,95.765625
08:00:32,912810UC0,TSRYS5860825,D,S,T,2024-10-22,1000000.00,4.509315,95.765625
08:00:32,912810UC0,TSRYS5860825,D,S,T,2024-10-22,2000000.00,4.507339,95.796875
08:00:32,912810UC0,TSRYS5860825,D,S,T,2024-10-22,2000000.00,4.507339,95.796875
08:00:32,912810UC0,TSRYS5860825,D,S,T,2024-10-22,1000000.00,4.507092,95.80078125
08:00:32,912810UC0,TSRYS5860825,D,S,T,2024-10-22,2000000.00,4.507339,95.796875
08:00:32,912810UC0,TSRYS5860825,D,S,T,2024-10-22,2000000.00,4.508327,95.78125
08:00:32,912810UC0,TSRYS5860825,D,S,T,2024-10-22,2000000.00,4.508327,95.78125
08:00:32,912810UC0,TSRYS5860825,D,S,T,2024-10-22,1000000.00,4.508327,95.78125
08:00:32,912810UC0,TSRYS5860825,D,S,T,2024-10-22,1000000.00,4.508327,95.78125
08:00:32,912810UC0,TSRYS5860825,D,S,T,2024-10-22,1000000.00,4.508327,95.78125
08:00:32,912810UC0,TSRYS5860825,D,S,T,2024-10-22,2000000.00,4.507339,95.796875
08:00:32,912810UC0,TSRYS5860825,D,S,T,2024-10-22,2000000.00,4.507339,95.796875
08:00:32,912810UC0,TSRYS5860825,D,S,T,2024-10-22,2000000.00,4.509315,95.765625
08:00:32,912810UC0,TSRYS5860825,D,S,T,2024-10-22,1000000.00,4.505364,95.828125
08:00:32,912810UC0,TSRYS5860825,D,S,T,2024-10-22,1000000.00,4.502774,95.869140625
08:00:32,912810UC0,TSRYS5860825,D,S,T,2024-10-22,1000000.00,4.502404,95.875
08:00:32,912810UC0,TSRYS5860825,D,S,T,2024-10-22,1000000.00,4.502404,95.875
08:00:32,912810UC0,TSRYS5860825,D,S,T,2024-10-22,1000000.00,4.503391,95.859375
08:00:32,912810UC0,TSRYS5860825,D,S,T,2024-10-22,1000000.00,4.503391,95.859375
08:00:32,912810UC0,TSRYS5860825,D,S,T,2024-10-22,1000000.00,4.503391,95.859375
08:00:32,912810UC0,TSRYS5860825,D,S,T,2024-10-22,1000000.00,4.503391,95.859375
08:00:32,912810UC0,TSRYS5860825,D,S,T,2024-10-22,1000000.00,4.503391,95.859375
08:00:32,912810UC0,TSRYS5860825,D,S,T,2024-10-22,1000000.00,4.503391,95.859375
08:00:32,912810UC0,TSRYS5860825,D,S,T,2024-10-22,1000000.00,4.51401,95.69140625
08:00:32,912810UC0,TSRYS5860825,D,S,T,2024-10-22,1000000.00,4.516236,95.65625
08:00:32,912810UC0,TSRYS5860825,D,S,T,2024-10-22,1000000.00,4.511909,95.724609375
08:00:32,912810UC0,TSRYS5860825,D,S,D,2024-10-22,1000000.00,4.501171,95.89453125
08:00:32,912810UC0,TSRYS5860825,D,S,T,2024-10-22,1000000.00,4.501418,95.890625
08:00:32,912810UC0,TSRYS5860825,D,S,T,2024-10-22,1000000.00,4.501418,95.890625
08:00:32,912810UC0,TSRYS5860825,D,S,T,2024-10-22,1000000.00,4.501418,95.890625
08:00:32,912810UC0,TSRYS5860825,D,S,T,2024-10-22,1000000.00,4.502404,95.875
08:00:32,912810UC0,TSRYS5860825,D,S,T,2024-10-22,1000000.00,4.503884,95.8515625
08:00:32,912810UC0,TSRYS5860825,D,S,T,2024-10-22,1000000.00,4.505364,95.828125
08:00:32,912810UC0,TSRYS5860825,D,S,T,2024-10-22,1000000.00,4.505364,95.828125
08:00:32,912810UC0,TSRYS5860825,D,S,T,2024-10-22,1000000.00,4.505364,95.828125
08:00:32,912810UC0,TSRYS5860825,D,S,T,2024-10-22,1000000.00,4.505364,95.828125
08:00:32,912810UC0,TSRYS5860825,D,S,T,2024-10-22,1000000.00,4.504871,95.8359375
08:00:32,912810UC0,TSRYS5860825,D,S,T,2024-10-22,1000000.00,4.504624,95.83984375
08:00:32,912810UC0,TSRYS5860825,D,S,T,2024-10-22,1000000.00,4.504748,95.837890625
08:00:32,912810UC0,TSRYS5860825,D,S,T,2024-10-22,1000000.00,4.504501,95.841796875
08:00:32,912810UC0,TSRYS5860825,D,S,T,2024-10-22,1000000.00,4.504377,95.84375
08:00:32,912810UC0,TSRYS5860825,D,S,T,2024-10-22,1000000.00,4.501418,95.890625
08:00:32,912810UC0,TSRYS5860825,D,S,T,2024-10-22,1000000.00,4.4896,96.078125
08:00:32,912810UC0,TSRYS5860825,D,S,T,2024-10-22,1000000.00,4.506352,95.8125
08:00:32,912810UC0,TSRYS5860825,D,S,T,2024-10-22,1000000.00,4.506352,95.8125
08:00:32,912810UC0,TSRYS5860825,D,S,T,2024-10-22,1000000.00,4.506352,95.8125
08:00:32,912810UC0,TSRYS5860825,D,S,T,2024-10-22,1000000.00,4.503391,95.859375
08:00:32,912810UC0,TSRYS5860825,D,S,T,2024-10-22,1000000.00,4.503391,95.859375
08:00:32,912810UC0,TSRYS5860825,D,S,T,2024-10-22,1000000.00,4.503391,95.859375
08:00:32,912810UC0,TSRYS5860825,D,S,T,2024-10-22,1000000.00,4.503391,95.859375
08:00:32,912810UC0,TSRYS5860825,D,S,T,2024-10-22,1000000.00,4.502897,95.8671875
08:00:32,912810UC0,TSRYS5860825,D,S,T,2024-10-22,1000000.00,4.502651,95.87109375
08:00:32,912810UC0,TSRYS5860825,D,S,T,2024-10-22,1000000.00,4.502774,95.869140625
08:00:32,912810UC0,TSRYS5860825,D,S,T,2024-10-22,1000000.00,4.502527,95.873046875
08:00:32,912810UC0,TSRYS5860825,D,S,T,2024-10-22,1000000.00,4.502404,95.875
08:00:32,912810UC0,TSRYS5860825,D,S,T,2024-10-22,2000000.00,4.502404,95.875
08:00:32,912810UC0,TSRYS5860825,D,S,T,2024-10-22,1000000.00,4.502404,95.875
08:00:32,912810UC0,TSRYS5860825,D,S,T,2024-10-22,1000000.00,4.502404,95.875
08:00:32,912810UC0,TSRYS5860825,D,S,T,2024-10-22,1000000.00,4.502404,95.875
08:00:32,912810UC0,TSRYS5860825,D,S,T,2024-10-22,1000000.00,4.502404,95.875
08:00:32,912810UC0,TSRYS5860825,D,S,T,2024-10-22,1000000.00,4.502404,95.875
08:00:32,912810UC0,TSRYS5860825,D,S,T,2024-10-22,1000000.00,4.502404,95.875
08:00:32,912810UC0,TSRYS5860825,D,S,T,2024-10-22,1000000.00,4.502404,95.875
08:00:32,912810UC0,TSRYS5860825,D,S,T,2024-10-22,1000000.00,4.503391,95.859375
08:00:32,912810UC0,TSRYS5860825,D,S,T,2024-10-22,1000000.00,4.507339,95.796875
08:00:32,912810UC0,TSRYS5860825,D,S,T,2024-10-22,1000000.00,4.506352,95.8125
08:00:32,912810UC0,TSRYS5860825,D,S,T,2024-10-22,1000000.00,4.506352,95.8125
08:00:32,912810UC0,TSRYS5860825,D,S,T,2024-10-22,1000000.00,4.506352,95.8125
08:00:32,912810UC0,TSRYS5860825,D,S,T,2024-10-22,1000000.00,4.506352,95.8125
08:00:32,912810UC0,TSRYS5860825,D,S,T,2024-10-22,1000000.00,4.509315,95.765625
08:00:32,912810UC0,TSRYS5860825,D,S,T,2024-10-22,1000000.00,4.509315,95.765625
08:00:32,912810UC0,TSRYS5860825,D,S,T,2024-10-22,2000000.00,4.507339,95.796875
08:00:32,912810UC0,TSRYS5860825,D,S,T,2024-10-22,2000000.00,4.507339,95.796875
08:00:32,912810UC0,TSRYS5860825,D,S,T,2024-10-22,2000000.00,4.507339,95.796875
08:00:32,912810UC0,TSRYS5860825,D,S,D,2024-10-22,1000000.00,4.501664,95.88671875
08:00:32,912810UC0,TSRYS5860825,D,S,T,2024-10-22,1000000.00,4.49846,95.9375
08:00:32,912810UC0,TSRYS5860825,D,S,T,2024-10-22,1000000.00,4.498337,95.939453125
08:00:32,912810UC0,TSRYS5860825,D,S,T,2024-10-22,1000000.00,4.498091,95.943359375
08:00:32,912810UC0,TSRYS5860825,D,S,T,2024-10-22,1000000.00,4.49452,96.0
08:00:32,912810UC0,TSRYS5860825,D,S,T,2024-10-22,1000000.00,4.49452,96.0
08:00:32,912810UC0,TSRYS5860825,D,S,T,2024-10-22,1000000.00,4.49452,96.0
08:00:32,912810UC0,TSRYS5860825,D,S,T,2024-10-22,1000000.00,4.49452,96.0
08:00:32,912810UC0,TSRYS5860825,D,S,T,2024-10-22,1000000.00,4.494028,96.0078125
08:00:32,912810UC0,TSRYS5860825,D,S,T,2024-10-22,1000000.00,4.493659,96.013671875
08:00:32,912810UC0,TSRYS5860825,D,S,T,2024-10-22,1000000.00,4.494028,96.0078125
08:00:32,912810UC0,TSRYS5860825,D,S,T,2024-10-22,1000000.00,4.493536,96.015625
08:00:32,912810UC0,TSRYS5860825,D,S,T,2024-10-22,1000000.00,4.491568,96.046875
08:00:32,912810UC0,TSRYS5860825,D,S,T,2024-10-22,1000000.00,4.4896,96.078125
08:00:32,912810UC0,TSRYS5860825,D,S,T,2024-10-22,1000000.00,4.4896,96.078125
08:00:32,912810UC0,TSRYS5860825,D,S,T,2024-10-22,1000000.00,4.4896,96.078125
08:00:32,912810UC0,TSRYS5860825,D,S,T,2024-10-22,1000000.00,4.4896,96.078125
08:00:32,912810UC0,TSRYS5860825,D,S,T,2024-10-22,1000000.00,4.4896,96.078125
08:00:32,912810UC0,TSRYS5860825,D,S,T,2024-10-22,1000000.00,4.4896,96.078125
08:00:32,912810UC0,TSRYS5860825,D,S,T,2024-10-22,1000000.00,4.488617,96.09375
08:00:32,912810UC0,TSRYS5860825,D,S,T,2024-10-22,1000000.00,4.488617,96.09375
08:00:32,912810UC0,TSRYS5860825,D,S,T,2024-10-22,1000000.00,4.488617,96.09375
08:00:32,912810UC0,TSRYS5860825,D,S,T,2024-10-22,2000000.00,4.488617,96.09375
08:00:32,912810UC0,TSRYS5860825,D,S,T,2024-10-22,1000000.00,4.486651,96.125
08:00:32,912810UC0,TSRYS5860825,D,S,T,2024-10-22,2000000.00,4.486651,96.125
08:00:32,912810UC0,TSRYS5860825,D,S,T,2024-10-22,1000000.00,4.486651,96.125
08:00:32,912810UC0,TSRYS5860825,D,S,T,2024-10-22,1000000.00,4.486651,96.125
08:00:32,912810UC0,TSRYS5860825,D,S,T,2024-10-22,1000000.00,4.486651,96.125
08:00:32,912810UC0,TSRYS5860825,D,S,T,2024-10-22,1000000.00,4.486651,96.125
08:00:32,912810UC0,TSRYS5860825,D,S,T,2024-10-22,1000000.00,4.486651,96.125
08:00:32,912810UC0,TSRYS5860825,D,S,T,2024-10-22,1000000.00,4.486037,96.134765625
08:00:32,912810UC0,TSRYS5860825,D,S,T,2024-10-22,1000000.00,4.485669,96.140625
08:00:33,912810UC0,TSRYS5860825,D,S,T,2024-10-22,1000000.00,4.484686,96.15625
08:00:33,912810UC0,TSRYS5860825,D,S,T,2024-10-22,1000000.00,4.485669,96.140625
08:00:33,912810UC0,TSRYS5860825,D,S,T,2024-10-22,1000000.00,4.485669,96.140625
08:00:33,912810UC0,TSRYS5860825,D,S,T,2024-10-22,1000000.00,4.485669,96.140625
08:00:33,912810UC0,TSRYS5860825,D,S,T,2024-10-22,1000000.00,4.486651,96.125
08:00:33,912810UC0,TSRYS5860825,D,S,T,2024-10-22,2000000.00,4.488617,96.09375
08:00:33,912810UC0,TSRYS5860825,D,S,T,2024-10-22,1000000.00,4.488617,96.09375
08:00:33,912810UC0,TSRYS5860825,D,S,T,2024-10-22,1000000.00,4.488617,96.09375
08:00:33,912810UC0,TSRYS5860825,D,S,T,2024-10-22,1000000.00,4.488617,96.09375
08:00:33,912810UC0,TSRYS5860825,D,S,T,2024-10-22,1000000.00,4.490584,96.0625
08:00:33,912810UC0,TSRYS5860825,D,S,T,2024-10-22,1000000.00,4.491322,96.05078125
08:00:33,912810UC0,TSRYS5860825,D,S,T,2024-10-22,1000000.00,4.491199,96.052734375
08:00:33,912810UC0,TSRYS5860825,D,S,T,2024-10-22,1000000.00,4.491076,96.0546875
08:00:33,912810UC0,TSRYS5860825,D,S,T,2024-10-22,1000000.00,4.490953,96.056640625
08:00:33,912810UC0,TSRYS5860825,D,S,T,2024-10-22,1000000.00,4.49083,96.05859375
08:00:33,912810UC0,TSRYS5860825,D,S,T,2024-10-22,1000000.00,4.492306,96.03515625
08:00:33,912810UC0,TSRYS5860825,D,S,D,2024-10-22,1000000.00,4.492306,96.03515625
08:00:33,912810UC0,TSRYS5860825,D,S,T,2024-10-22,1000000.00,4.493782,96.01171875
08:00:33,912810UC0,TSRYS5860825,D,S,T,2024-10-22,1000000.00,4.493659,96.013671875
08:00:33,912810UC0,TSRYS5860825,D,S,T,2024-10-22,2000000.00,4.493536,96.015625
08:00:33,912810UC0,TSRYS5860825,D,S,T,2024-10-22,1000000.00,4.494028,96.0078125
08:00:33,912810UC0,TSRYS5860825,D,S,D,2024-10-22,1000000.00,4.494028,96.0078125
08:00:33,912810UC0,TSRYS5860825,D,S,T,2024-10-22,1000000.00,4.492183,96.037109375
08:00:33,912810UC0,TSRYS5860825,D,S,T,2024-10-22,1000000.00,4.491691,96.044921875
08:00:33,912810UC0,TSRYS5860825,D,S,T,2024-10-22,1000000.00,4.490584,96.0625
08:00:33,912810UC0,TSRYS5860825,D,S,T,2024-10-22,1000000.00,4.490584,96.0625
08:00:33,912810UC0,TSRYS5860825,D,S,T,2024-10-22,1000000.00,4.490953,96.056640625
08:00:33,912810UC0,TSRYS5860825,D,S,T,2024-10-22,1000000.00,4.489109,96.0859375
08:00:33,912810UC0,TSRYS5860825,D,S,T,2024-10-22,1000000.00,4.490338,96.06640625
08:00:33,912810UC0,TSRYS5860825,D,S,D,2024-10-22,1000000.00,4.495997,95.9765625
08:00:33,912810UC0,TSRYS5860825,D,S,D,2024-10-22,1000000.00,4.495997,95.9765625
08:00:33,912810UC0,TSRYS5860825,D,S,D,2024-10-22,1000000.00,4.498214,95.94140625
08:00:33,912810UC0,TSRYS5860825,D,S,D,2024-10-22,1000000.00,4.498707,95.93359375
08:00:33,912810UC0,TSRYS5860825,D,S,D,2024-10-22,1000000.00,4.49846,95.9375
08:00:33,912810UC0,TSRYS5860825,D,S,D,2024-10-22,1000000.00,4.49452,96.0
08:00:33,912810UC0,TSRYS5860825,D,S,D,2024-10-22,1000000.00,4.499692,95.91796875
08:00:33,912810UC0,TSRYS5860825,D,S,D,2024-10-22,1000000.00,4.499939,95.9140625
08:00:33,912810UC0,TSRYS5860825,D,S,D,2024-10-22,1000000.00,4.499939,95.9140625
08:00:33,912810UC0,TSRYS5860825,D,S,D,2024-10-22,1000000.00,4.513268,95.703125
08:00:33,912810UC0,TSRYS5860825,D,S,D,2024-10-22,1000000.00,4.516731,95.6484375
08:00:33,912810UC0,TSRYS5860825,D,S,D,2024-10-22,1000000.00,4.516236,95.65625
08:00:33,912810UC0,TSRYS5860825,D,S,D,2024-10-22,1000000.00,4.518958,95.61328125
08:00:33,912810UC0,TSRYS5860825,D,S,D,2024-10-22,1000000.00,4.522178,95.5625
08:00:33,912810UC0,TSRYS5860825,D,S,D,2024-10-22,1000000.00,4.516236,95.65625
08:00:33,912810UC0,TSRYS5860825,D,S,D,2024-10-22,1000000.00,4.516978,95.64453125
08:00:33,912810UC0,TSRYS5860825,D,S,D,2024-10-22,1000000.00,4.515494,95.66796875
08:00:33,912810UC0,TSRYS5860825,D,S,D,2024-10-22,1000000.00,4.512032,95.72265625
08:00:33,912810UC0,TSRYS5860825,D,S,D,2024-10-22,1000000.00,4.50808,95.78515625
08:00:33,912810UC0,TSRYS5860825,D,S,D,2024-10-22,1000000.00,4.501171,95.89453125
08:00:33,912810UC0,TSRYS5860825,D,S,D,2024-10-22,1000000.00,4.499446,95.921875
08:00:33,912810UC0,TSRYS5860825,D,S,D,2024-10-22,1000000.00,4.504624,95.83984375
08:00:33,912810UC0,TSRYS5860825,D,S,D,2024-10-22,1000000.00,4.506598,95.80859375
08:00:33,912810UC0,TSRYS5860825,D,S,D,2024-10-22,1000000.00,4.506598,95.80859375
08:00:33,912810UC0,TSRYS5860825,D,S,D,2024-10-22,1000000.00,4.508327,95.78125
08:00:33,912810UC0,TSRYS5860825,D,S,D,2024-10-22,1000000.00,4.506845,95.8046875
08:00:33,912810UC0,TSRYS5860825,D,S,D,2024-10-22,1000000.00,4.511785,95.7265625
08:00:33,912810UC0,TSRYS5860825,D,S,D,2024-10-22,1000000.00,4.511538,95.73046875
08:00:33,912810UC0,TSRYS5860825,D,S,D,2024-10-22,1000000.00,4.511785,95.7265625
08:00:33,912810UC0,TSRYS5860825,D,S,D,2024-10-22,1000000.00,4.510797,95.7421875
08:00:33,912810UC0,TSRYS5860825,D,S,D,2024-10-22,1000000.00,4.510797,95.7421875
08:00:33,912810UC0,TSRYS5860825,D,S,D,2024-10-22,1000000.00,4.501418,95.890625
08:00:33,912810UC0,TSRYS5860825,D,S,D,2024-10-22,1000000.00,4.502404,95.875
08:00:33,912810UC0,TSRYS5860825,D,S,D,2024-10-22,1000000.00,4.502158,95.87890625
08:00:33,912810UC0,TSRYS5860825,D,S,D,2024-10-22,1000000.00,4.503144,95.86328125
08:00:33,912810UC0,TSRYS5860825,D,S,D,2024-10-22,1000000.00,4.503144,95.86328125
08:00:33,912810UC0,TSRYS5860825,D,S,D,2024-10-22,1000000.00,4.503144,95.86328125
08:00:33,912810UC0,TSRYS5860825,D,S,D,2024-10-22,1000000.00,4.502404,95.875
08:00:33,912810UC0,TSRYS5860825,D,S,D,2024-10-22,1000000.00,4.502404,95.875
08:00:33,912810UC0,TSRYS5860825,D,S,D,2024-10-22,1000000.00,4.503144,95.86328125
08:00:33,912810UC0,TSRYS5860825,D,S,D,2024-10-22,1000000.00,4.497475,95.953125
08:00:33,912810UC0,TSRYS5860825,D,S,D,2024-10-22,1000000.00,4.495259,95.98828125
08:00:33,912810UC0,TSRYS5860825,D,S,D,2024-10-22,1000000.00,4.495505,95.984375
08:00:33,912810UC0,TSRYS5860825,D,S,D,2024-10-22,1000000.00,4.49452,96.0
08:00:33,912810UC0,TSRYS5860825,D,S,D,2024-10-22,1000000.00,4.49452,96.0
08:00:33,912810UC0,TSRYS5860825,D,S,D,2024-10-22,1000000.00,4.494274,96.00390625
08:00:33,912810UC0,TSRYS5860825,D,S,D,2024-10-22,1000000.00,4.485669,96.140625
08:00:33,912810UC0,TSRYS5860825,D,S,D,2024-10-22,1000000.00,4.485914,96.13671875
08:00:33,912810UC0,TSRYS5860825,D,S,D,2024-10-22,1000000.00,4.493782,96.01171875
08:00:33,912810UC0,TSRYS5860825,D,S,D,2024-10-22,1000000.00,4.497352,95.955078125
08:00:33,912810UC0,TSRYS5860825,D,S,D,2024-10-22,1000000.00,4.497229,95.95703125
08:00:33,912810UC0,TSRYS5860825,D,S,D,2024-10-22,1000000.00,4.496736,95.96484375
08:00:33,912810UC0,TSRYS5860825,D,S,D,2024-10-22,1000000.00,4.496121,95.974609375
08:00:33,912810UC0,TSRYS5860825,D,S,D,2024-10-22,1000000.00,4.496121,95.974609375
08:00:33,912810UC0,TSRYS5860825,D,S,D,2024-10-22,1000000.00,4.496121,95.974609375
08:00:33,912810UC0,TSRYS5860825,D,S,D,2024-10-22,1000000.00,4.495997,95.9765625
08:00:33,912810UC0,TSRYS5860825,D,S,D,2024-10-22,1000000.00,4.495997,95.9765625
08:00:33,912810UC0,TSRYS5860825,D,S,D,2024-10-22,1000000.00,4.495874,95.978515625
08:00:33,912810UC0,TSRYS5860825,D,S,D,2024-10-22,1000000.00,4.500309,95.908203125
08:00:33,912810UC0,TSRYS5860825,D,S,D,2024-10-22,1000000.00,4.500062,95.912109375
08:00:33,912810UC0,TSRYS5860825,D,S,D,2024-10-22,1000000.00,4.499939,95.9140625
08:00:33,912810UC0,TSRYS5860825,D,S,D,2024-10-22,1000000.00,4.497229,95.95703125
08:00:33,912810UC0,TSRYS5860825,D,S,D,2024-10-22,1000000.00,4.49649,95.96875
08:00:33,912810UC0,TSRYS5860825,D,S,D,2024-10-22,1000000.00,4.495997,95.9765625
08:00:33,912810UC0,TSRYS5860825,D,S,D,2024-10-22,1000000.00,4.495505,95.984375
08:00:33,912810UC0,TSRYS5860825,D,S,D,2024-10-22,1000000.00,4.499692,95.91796875
08:00:33,912810UC0,TSRYS5860825,D,S,D,2024-10-22,1000000.00,4.499569,95.919921875
08:00:33,912810UC0,TSRYS5860825,D,S,D,2024-10-22,1000000.00,4.499939,95.9140625
08:00:33,912810UC0,TSRYS5860825,D,S,D,2024-10-22,1000000.00,4.517102,95.642578125
08:00:33,912810UC0,TSRYS5860825,D,S,D,2024-10-22,1000000.00,4.520816,95.583984375
08:00:33,912810UC0,TSRYS5860825,D,S,D,2024-10-22,1000000.00,4.520692,95.5859375
08:00:33,912810UC0,TSRYS5860825,D,S,D,2024-10-22,2000000.00,4.520692,95.5859375
08:00:33,912810UC0,TSRYS5860825,D,S,D,2024-10-22,3000000.00,4.520692,95.5859375
08:00:33,912810UC0,TSRYS5860825,D,S,D,2024-10-22,1000000.00,4.520692,95.5859375
08:00:33,912810UC0,TSRYS5860825,D,S,D,2024-10-22,1000000.00,4.520692,95.5859375
08:00:33,912810UC0,TSRYS5860825,D,S,D,2024-10-22,1000000.00,4.520568,95.587890625
08:00:33,912810UC0,TSRYS5860825,D,S,D,2024-10-22,1000000.00,4.520444,95.58984375
08:00:33,912810UC0,TSRYS5860825,D,S,D,2024-10-22,1000000.00,4.526764,95.490234375
08:00:33,912810UC0,TSRYS5860825,D,S,D,2024-10-22,1000000.00,4.522178,95.5625
08:00:33,912810UC0,TSRYS5860825,D,S,D,2024-10-22,3000000.00,4.521187,95.578125
08:00:33,912810UC0,TSRYS5860825,D,S,D,2024-10-22,1000000.00,4.521187,95.578125
08:00:33,912810UC0,TSRYS5860825,D,S,D,2024-10-22,1000000.00,4.521187,95.578125
08:00:33,912810UC0,TSRYS5860825,D,S,D,2024-10-22,1000000.00,4.522426,95.55859375
08:00:33,912810UC0,TSRYS5860825,D,S,D,2024-10-22,1000000.00,4.522302,95.560546875
08:00:33,912810UC0,TSRYS5860825,D,S,D,2024-10-22,1000000.00,4.514505,95.68359375
08:00:33,912810UC0,TSRYS5860825,D,S,D,2024-10-22,1000000.00,4.514505,95.68359375
08:00:33,912810UC0,TSRYS5860825,D,S,D,2024-10-22,1000000.00,4.516112,95.658203125
08:00:33,912810UC0,TSRYS5860825,D,S,D,2024-10-22,1000000.00,4.516112,95.658203125
08:00:33,912810UC0,TSRYS5860825,D,S,D,2024-10-22,1000000.00,4.516112,95.658203125
08:00:33,912810UC0,TSRYS5860825,D,S,D,2024-10-22,1000000.00,4.514505,95.68359375
08:00:33,912810UC0,TSRYS5860825,D,S,D,2024-10-22,1000000.00,4.514505,95.68359375
08:00:33,912810UC0,TSRYS5860825,D,S,D,2024-10-22,1000000.00,4.511167,95.736328125
08:00:33,912810UC0,TSRYS5860825,D,S,D,2024-10-22,1000000.00,4.511167,95.736328125
08:00:33,912810UC0,TSRYS5860825,D,S,D,2024-10-22,1000000.00,4.511415,95.732421875
08:00:33,912810UC0,TSRYS5860825,D,S,D,2024-10-22,1000000.00,4.511291,95.734375
08:00:33,912810UC0,TSRYS5860825,D,S,D,2024-10-22,1000000.00,4.511415,95.732421875
08:00:33,912810UC0,TSRYS5860825,D,S,D,2024-10-22,1000000.00,4.513021,95.70703125
08:00:33,912810UC0,TSRYS5860825,D,S,D,2024-10-22,1000000.00,4.511415,95.732421875
08:00:33,912810UC0,TSRYS5860825,D,S,D,2024-10-22,1000000.00,4.511167,95.736328125
08:00:33,912810UC0,TSRYS5860825,D,S,D,2024-10-22,1000000.00,4.501418,95.890625
08:00:33,912810UC0,TSRYS5860825,D,S,D,2024-10-22,1000000.00,4.507339,95.796875
08:00:33,912810UC0,TSRYS5860825,D,S,D,2024-10-22,1000000.00,4.507339,95.796875
08:00:33,912810UC0,TSRYS5860825,D,S,D,2024-10-22,1000000.00,4.507216,95.798828125
08:00:33,912810UC0,TSRYS5860825,D,S,D,2024-10-22,1000000.00,4.505735,95.822265625
08:00:33,912810UC0,TSRYS5860825,D,S,D,2024-10-22,1000000.00,4.504377,95.84375
08:00:33,912810UC0,TSRYS5860825,D,S,D,2024-10-22,1000000.00,4.504377,95.84375
08:00:33,912810UC0,TSRYS5860825,D,S,D,2024-10-22,1000000.00,4.501295,95.892578125
08:00:33,912810UC0,TSRYS5860825,D,S,D,2024-10-22,1000000.00,4.514134,95.689453125
08:00:33,912810UC0,TSRYS5860825,D,S,D,2024-10-22,1000000.00,4.508327,95.78125
08:00:33,912810UC0,TSRYS5860825,D,S,D,2024-10-22,1000000.00,4.508574,95.77734375
08:00:33,912810UC0,TSRYS5860825,D,S,D,2024-10-22,1000000.00,4.508697,95.775390625
08:00:33,912810UC0,TSRYS5860825,D,S,D,2024-10-22,1000000.00,4.506228,95.814453125
08:00:33,912810UC0,TSRYS5860825,D,S,D,2024-10-22,1000000.00,4.503391,95.859375
08:00:33,912810UC0,TSRYS5860825,D,S,D,2024-10-22,1000000.00,4.503391,95.859375
08:00:33,912810UC0,TSRYS5860825,D,S,D,2024-10-22,1000000.00,4.503637,95.85546875
08:00:33,912810UC0,TSRYS5860825,D,S,D,2024-10-22,1000000.00,4.501911,95.8828125
08:00:33,912810UC0,TSRYS5860825,D,S,D,2024-10-22,1000000.00,4.501541,95.888671875
08:00:33,912810UC0,TSRYS5860825,D,S,D,2024-10-22,1000000.00,4.500802,95.900390625
08:00:33,912810UC0,TSRYS5860825,D,S,D,2024-10-22,1000000.00,4.495013,95.9921875
08:00:33,912810UC0,TSRYS5860825,D,S,D,2024-10-22,1000000.00,4.495013,95.9921875
08:00:33,912810UC0,TSRYS5860825,D,S,D,2024-10-22,1000000.00,4.486037,96.134765625
08:00:33,912810UC0,TSRYS5860825,D,S,D,2024-10-22,1000000.00,4.491445,96.048828125
08:00:33,912810UC0,TSRYS5860825,D,S,D,2024-10-22,1000000.00,4.489846,96.07421875
08:00:33,912810UC0,TSRYS5860825,D,S,D,2024-10-22,1000000.00,4.489723,96.076171875
08:00:33,912810UC0,TSRYS5860825,D,S,D,2024-10-22,1000000.00,4.489846,96.07421875
08:00:33,912810UC0,TSRYS5860825,D,S,D,2024-10-22,1000000.00,4.489723,96.076171875
08:00:33,912810UC0,TSRYS5860825,D,S,D,2024-10-22,1000000.00,4.489723,96.076171875
08:00:33,912810UC0,TSRYS5860825,D,S,D,2024-10-22,1000000.00,4.489723,96.076171875
08:00:33,912810UC0,TSRYS5860825,D,S,D,2024-10-22,1000000.00,4.489723,96.076171875
08:00:33,912810UC0,TSRYS5860825,D,S,D,2024-10-22,1000000.00,4.489723,96.076171875
08:00:33,912810UC0,TSRYS5860825,D,S,D,2024-10-22,1000000.00,4.490215,96.068359375
08:00:33,912810UC0,TSRYS5860825,D,S,T,2024-10-22,1000000.00,4.497475,95.953125
08:00:33,912810UC0,TSRYS5860825,D,S,T,2024-10-22,1000000.00,4.496736,95.96484375
08:00:33,912810UC0,TSRYS5860825,D,S,T,2024-10-22,1000000.00,4.49649,95.96875
08:00:33,912810UC0,TSRYS5860825,D,S,T,2024-10-22,1000000.00,4.496121,95.974609375
08:00:33,912810UC0,TSRYS5860825,D,S,T,2024-10-22,1000000.00,4.495997,95.9765625
08:00:33,912810UC0,TSRYS5860825,D,S,T,2024-10-22,1000000.00,4.495997,95.9765625
08:00:33,912810UC0,TSRYS5860825,D,S,D,2024-10-22,1000000.00,4.516978,95.64453125
08:00:33,912810UC0,TSRYS5860825,D,S,D,2024-10-22,1000000.00,4.516978,95.64453125
08:00:33,912810UC0,TSRYS5860825,D,S,D,2024-10-22,1000000.00,4.516978,95.64453125
08:00:33,912810UC0,TSRYS5860825,D,S,D,2024-10-22,1000000.00,4.515494,95.66796875
08:00:33,912810UC0,TSRYS5860825,D,S,D,2024-10-22,1000000.00,4.514999,95.67578125
08:00:33,912810UC0,TSRYS5860825,D,S,D,2024-10-22,1000000.00,4.515247,95.671875
08:00:33,912810UC0,TSRYS5860825,D,S,D,2024-10-22,1000000.00,4.515247,95.671875
08:00:33,912810UC0,TSRYS5860825,D,S,D,2024-10-22,1000000.00,4.514999,95.67578125
08:00:33,912810UC0,TSRYS5860825,D,S,D,2024-10-22,1000000.00,4.514999,95.67578125
08:00:33,912810UC0,TSRYS5860825,D,S,T,2024-10-22,1000000.00,4.499939,95.9140625
08:00:33,912810UC0,TSRYS5860825,D,S,T,2024-10-22,1000000.00,4.49883,95.931640625
08:00:33,912810UC0,TSRYS5860825,D,S,T,2024-10-22,1000000.00,4.498707,95.93359375
08:00:33,912810UC0,TSRYS5860825,D,S,T,2024-10-22,1000000.00,4.498584,95.935546875
08:00:33,912810UC0,TSRYS5860825,D,S,T,2024-10-22,1000000.00,4.497229,95.95703125
08:00:33,912810UC0,TSRYS5860825,D,S,T,2024-10-22,1000000.00,4.496367,95.970703125
08:00:33,912810UC0,TSRYS5860825,D,S,T,2024-10-22,1000000.00,4.496244,95.97265625
08:00:33,912810UC0,TSRYS5860825,D,S,T,2024-10-22,1000000.00,4.499323,95.923828125
08:00:33,912810UC0,TSRYS5860825,D,S,T,2024-10-22,1000000.00,4.499692,95.91796875
08:00:33,912810UC0,TSRYS5860825,D,S,T,2024-10-22,1000000.00,4.499569,95.919921875
08:00:33,912810UC0,TSRYS5860825,D,S,T,2024-10-22,1000000.00,4.499939,95.9140625
08:00:33,912810UC0,TSRYS5860825,D,S,T,2024-10-22,1000000.00,4.499939,95.9140625
08:00:33,912810UC0,TSRYS5860825,D,S,T,2024-10-22,1000000.00,4.508821,95.7734375
08:00:33,912810UC0,TSRYS5860825,D,S,D,2024-10-22,1000000.00,4.514999,95.67578125
08:00:33,912810UC0,TSRYS5860825,D,S,D,2024-10-22,1000000.00,4.514999,95.67578125
08:00:33,912810UC0,TSRYS5860825,D,S,T,2024-10-22,1000000.00,4.513268,95.703125
08:00:33,912810UC0,TSRYS5860825,D,S,T,2024-10-22,1000000.00,4.513268,95.703125
08:00:33,912810UC0,TSRYS5860825,D,S,T,2024-10-22,1000000.00,4.520816,95.583984375
08:00:33,912810UC0,TSRYS5860825,D,S,T,2024-10-22,1000000.00,4.520692,95.5859375
08:00:33,912810UC0,TSRYS5860825,D,S,T,2024-10-22,1000000.00,4.520692,95.5859375
08:00:33,912810UC0,TSRYS5860825,D,S,T,2024-10-22,1000000.00,4.520568,95.587890625
08:00:33,912810UC0,TSRYS5860825,D,S,T,2024-10-22,1000000.00,4.52193,95.56640625
08:00:33,912810UC0,TSRYS5860825,D,S,T,2024-10-22,1000000.00,4.521806,95.568359375
08:00:33,912810UC0,TSRYS5860825,D,S,D,2024-10-22,1000000.00,4.512032,95.72265625
08:00:33,912810UC0,TSRYS5860825,D,S,T,2024-10-22,1000000.00,4.526764,95.490234375
08:00:33,912810UC0,TSRYS5860825,D,S,T,2024-10-22,1000000.00,4.521683,95.5703125
08:00:33,912810UC0,TSRYS5860825,D,S,D,2024-10-22,1000000.00,4.50808,95.78515625
08:00:33,912810UC0,TSRYS5860825,D,S,T,2024-10-22,1000000.00,4.513268,95.703125
08:00:33,912810UC0,TSRYS5860825,D,S,T,2024-10-22,1000000.00,4.513268,95.703125
08:00:33,912810UC0,TSRYS5860825,D,S,T,2024-10-22,1000000.00,4.513268,95.703125
08:00:33,912810UC0,TSRYS5860825,D,S,T,2024-10-22,1000000.00,4.513268,95.703125
08:00:33,912810UC0,TSRYS5860825,D,S,T,2024-10-22,1000000.00,4.523789,95.537109375
08:00:33,912810UC0,TSRYS5860825,D,S,T,2024-10-22,1000000.00,4.522302,95.560546875
08:00:33,912810UC0,TSRYS5860825,D,S,T,2024-10-22,1000000.00,4.516731,95.6484375
08:00:33,912810UC0,TSRYS5860825,D,S,T,2024-10-22,1000000.00,4.51636,95.654296875
08:00:33,912810UC0,TSRYS5860825,D,S,T,2024-10-22,1000000.00,4.51401,95.69140625
08:00:33,912810UC0,TSRYS5860825,D,S,T,2024-10-22,1000000.00,4.517226,95.640625
08:00:33,912810UC0,TSRYS5860825,D,S,T,2024-10-22,1000000.00,4.515865,95.662109375
08:00:33,912810UC0,TSRYS5860825,D,S,T,2024-10-22,1000000.00,4.515741,95.6640625
08:00:33,912810UC0,TSRYS5860825,D,S,T,2024-10-22,1000000.00,4.515618,95.666015625
08:00:33,912810UC0,TSRYS5860825,D,S,T,2024-10-22,1000000.00,4.514999,95.67578125
08:00:33,912810UC0,TSRYS5860825,D,S,T,2024-10-22,1000000.00,4.514999,95.67578125
08:00:33,912810UC0,TSRYS5860825,D,S,T,2024-10-22,1000000.00,4.511415,95.732421875
08:00:33,912810UC0,TSRYS5860825,D,S,T,2024-10-22,1000000.00,4.51228,95.71875
08:00:33,912810UC0,TSRYS5860825,D,S,T,2024-10-22,1000000.00,4.512032,95.72265625
08:00:33,912810UC0,TSRYS5860825,D,S,T,2024-10-22,1000000.00,4.511909,95.724609375
08:00:33,912810UC0,TSRYS5860825,D,S,T,2024-10-22,1000000.00,4.510179,95.751953125
08:00:33,912810UC0,TSRYS5860825,D,S,T,2024-10-22,1000000.00,4.508203,95.783203125
08:00:33,912810UC0,TSRYS5860825,D,S,T,2024-10-22,1000000.00,4.507216,95.798828125
08:00:33,912810UC0,TSRYS5860825,D,S,T,2024-10-22,1000000.00,4.50845,95.779296875
08:00:33,912810UC0,TSRYS5860825,D,S,T,2024-10-22,1000000.00,4.507956,95.787109375
08:00:33,912810UC0,TSRYS5860825,D,S,T,2024-10-22,1000000.00,4.508203,95.783203125
08:00:33,912810UC0,TSRYS5860825,D,S,T,2024-10-22,1000000.00,4.507956,95.787109375
08:00:33,912810UC0,TSRYS5860825,D,S,T,2024-10-22,1000000.00,4.508203,95.783203125
08:00:33,912810UC0,TSRYS5860825,D,S,T,2024-10-22,1000000.00,4.508203,95.783203125
08:00:33,912810UC0,TSRYS5860825,D,S,T,2024-10-22,1000000.00,4.507092,95.80078125
08:00:33,912810UC0,TSRYS5860825,D,S,T,2024-10-22,1000000.00,4.507339,95.796875
08:00:33,912810UC0,TSRYS5860825,D,S,T,2024-10-22,1000000.00,4.507462,95.794921875
08:00:33,912810UC0,TSRYS5860825,D,S,T,2024-10-22,1000000.00,4.507339,95.796875
08:00:33,912810UC0,TSRYS5860825,D,S,T,2024-10-22,1000000.00,4.506598,95.80859375
08:00:33,912810UC0,TSRYS5860825,D,S,T,2024-10-22,1000000.00,4.506722,95.806640625
08:00:33,912810UC0,TSRYS5860825,D,S,T,2024-10-22,1000000.00,4.506969,95.802734375
08:00:33,912810UC0,TSRYS5860825,D,S,T,2024-10-22,1000000.00,4.506969,95.802734375
08:00:33,912810UC0,TSRYS5860825,D,S,T,2024-10-22,1000000.00,4.506969,95.802734375
08:00:33,912810UC0,TSRYS5860825,D,S,T,2024-10-22,1000000.00,4.507833,95.7890625
08:00:33,912810UC0,TSRYS5860825,D,S,T,2024-10-22,1000000.00,4.506969,95.802734375
08:00:33,912810UC0,TSRYS5860825,D,S,T,2024-10-22,1000000.00,4.506722,95.806640625
08:00:33,912810UC0,TSRYS5860825,D,S,T,2024-10-22,1000000.00,4.506598,95.80859375
08:00:33,912810UC0,TSRYS5860825,D,S,T,2024-10-22,1000000.00,4.501418,95.890625
08:00:33,912810UC0,TSRYS5860825,D,S,T,2024-10-22,1000000.00,4.501788,95.884765625
08:00:33,912810UC0,TSRYS5860825,D,S,T,2024-10-22,1000000.00,4.499446,95.921875
08:00:33,912810UC0,TSRYS5860825,D,S,T,2024-10-22,1000000.00,4.501418,95.890625
08:00:33,912810UC0,TSRYS5860825,D,S,T,2024-10-22,1000000.00,4.501418,95.890625
08:00:33,912810UC0,TSRYS5860825,D,S,T,2024-10-22,1000000.00,4.501418,95.890625
08:00:33,912810UC0,TSRYS5860825,D,S,T,2024-10-22,1000000.00,4.504624,95.83984375
08:00:33,912810UC0,TSRYS5860825,D,S,T,2024-10-22,1000000.00,4.506475,95.810546875
08:00:33,912810UC0,TSRYS5860825,D,S,T,2024-10-22,1000000.00,4.506722,95.806640625
08:00:33,912810UC0,TSRYS5860825,D,S,T,2024-10-22,1000000.00,4.506598,95.80859375
08:00:33,912810UC0,TSRYS5860825,D,S,T,2024-10-22,1000000.00,4.506475,95.810546875
08:00:33,912810UC0,TSRYS5860825,D,S,T,2024-10-22,1000000.00,4.504624,95.83984375
08:00:33,912810UC0,TSRYS5860825,D,S,T,2024-10-22,1000000.00,4.504501,95.841796875
08:00:33,912810UC0,TSRYS5860825,D,S,T,2024-10-22,1000000.00,4.506598,95.80859375
08:00:33,912810UC0,TSRYS5860825,D,S,T,2024-10-22,1000000.00,4.501171,95.89453125
08:00:33,912810UC0,TSRYS5860825,D,S,T,2024-10-22,1000000.00,4.505735,95.822265625
08:00:33,912810UC0,TSRYS5860825,D,S,T,2024-10-22,1000000.00,4.505735,95.822265625
08:00:33,912810UC0,TSRYS5860825,D,S,T,2024-10-22,1000000.00,4.507586,95.79296875
08:00:33,912810UC0,TSRYS5860825,D,S,T,2024-10-22,1000000.00,4.509315,95.765625
08:00:33,912810UC0,TSRYS5860825,D,S,T,2024-10-22,1000000.00,4.511662,95.728515625
08:00:33,912810UC0,TSRYS5860825,D,S,T,2024-10-22,1000000.00,4.511662,95.728515625
08:00:33,912810UC0,TSRYS5860825,D,S,T,2024-10-22,1000000.00,4.514257,95.6875
08:00:33,912810UC0,TSRYS5860825,D,S,T,2024-10-22,1000000.00,4.51265,95.712890625
08:00:33,912810UC0,TSRYS5860825,D,S,T,2024-10-22,1000000.00,4.512403,95.716796875
08:00:33,912810UC0,TSRYS5860825,D,S,T,2024-10-22,1000000.00,4.512403,95.716796875
08:00:33,912810UC0,TSRYS5860825,D,S,T,2024-10-22,1000000.00,4.508697,95.775390625
08:00:33,912810UC0,TSRYS5860825,D,S,T,2024-10-22,1000000.00,4.507462,95.794921875
08:00:33,912810UC0,TSRYS5860825,D,S,T,2024-10-22,1000000.00,4.507216,95.798828125
08:00:33,912810UC0,TSRYS5860825,D,S,T,2024-10-22,1000000.00,4.503761,95.853515625
08:00:33,912810UC0,TSRYS5860825,D,S,T,2024-10-22,1000000.00,4.504501,95.841796875
08:00:33,912810UC0,TSRYS5860825,D,S,T,2024-10-22,1000000.00,4.50845,95.779296875
08:00:33,912810UC0,TSRYS5860825,D,S,T,2024-10-22,1000000.00,4.501788,95.884765625
08:00:33,912810UC0,TSRYS5860825,D,S,T,2024-10-22,1000000.00,4.498337,95.939453125
08:00:33,912810UC0,TSRYS5860825,D,S,T,2024-10-22,1000000.00,4.497968,95.9453125
08:00:33,912810UC0,TSRYS5860825,D,S,T,2024-10-22,1000000.00,4.495874,95.978515625
08:00:33,912810UC0,TSRYS5860825,D,S,T,2024-10-22,1000000.00,4.495013,95.9921875
08:00:33,912810UC0,TSRYS5860825,D,S,T,2024-10-22,1000000.00,4.494151,96.005859375
08:00:33,912810UC0,TSRYS5860825,D,S,T,2024-10-22,1000000.00,4.494028,96.0078125
08:00:33,912810UC0,TSRYS5860825,D,S,T,2024-10-22,1000000.00,4.489355,96.08203125
08:00:33,912810UC0,TSRYS5860825,D,S,T,2024-10-22,1000000.00,4.489232,96.083984375
08:00:33,912810UC0,TSRYS5860825,D,S,T,2024-10-22,1000000.00,4.485914,96.13671875
08:00:33,912810UC0,TSRYS5860825,D,S,T,2024-10-22,1000000.00,4.485791,96.138671875
08:00:33,912810UC0,TSRYS5860825,D,S,T,2024-10-22,1000000.00,4.485669,96.140625
08:00:33,912810UC0,TSRYS5860825,D,S,D,2024-10-22,967000.00,4.490338,96.06640625
08:00:33,912810UC0,TSRYS5860825,D,S,T,2024-10-22,1000000.00,4.485669,96.140625
08:00:33,912810UC0,TSRYS5860825,D,S,T,2024-10-22,1000000.00,4.484686,96.15625
08:00:33,912810UC0,TSRYS5860825,D,S,T,2024-10-22,1000000.00,4.485669,96.140625
08:00:33,912810UC0,TSRYS5860825,D,S,T,2024-10-22,1000000.00,4.491322,96.05078125
08:00:33,912810UC0,TSRYS5860825,D,S,T,2024-10-22,1000000.00,4.491199,96.052734375
08:00:33,912810UC0,TSRYS5860825,D,S,T,2024-10-22,1000000.00,4.491076,96.0546875
08:00:33,912810UC0,TSRYS5860825,D,S,T,2024-10-22,1000000.00,4.490953,96.056640625
08:00:33,912810UC0,TSRYS5860825,D,S,T,2024-10-22,1000000.00,4.493413,96.017578125
08:00:33,912810UC0,TSRYS5860825,D,S,T,2024-10-22,1000000.00,4.493659,96.013671875
08:00:33,912810UC0,TSRYS5860825,D,S,T,2024-10-22,1000000.00,4.493536,96.015625
08:00:33,912810UC0,TSRYS5860825,D,S,T,2024-10-22,1000000.00,4.490461,96.064453125
08:00:33,912810UC0,TSRYS5860825,D,S,T,2024-10-22,1000000.00,4.490461,96.064453125
08:00:33,912810UC0,TSRYS5860825,D,S,D,2024-10-22,17000000.00,4.508327,95.78125
08:00:33,912810UC0,TSRYS5860825,D,S,D,2024-10-22,1000000.00,4.50808,95.78515625
08:00:33,912810UC0,TSRYS5860825,D,S,D,2024-10-22,1000000.00,4.508327,95.78125
08:00:33,912810UC0,TSRYS5860825,D,S,D,2024-10-22,1000000.00,4.507092,95.80078125
08:00:33,912810UC0,TSRYS5860825,D,S,D,2024-10-22,1000000.00,4.507339,95.796875
08:00:34,912810UC0,TSRYS5860825,D,S,D,2024-10-22,1000000.00,4.507833,95.7890625
08:00:35,912810UC0,TSRYS5860825,D,S,D,2024-10-22,1000000.00,4.501171,95.89453125
08:00:35,912810UC0,TSRYS5860825,D,S,C,2024-10-22,20000000.00,4.52193,95.56640625
08:00:36,912810UC0,TSRYS5860825,D,S,D,2024-10-22,1000000.00,4.501171,95.89453125
08:00:36,912810UC0,TSRYS5860825,D,S,D,2024-10-22,1000000.00,4.499446,95.921875
08:00:37,912810UC0,TSRYS5860825,D,S,A,2024-10-22,1500000.00,4.49452,96.0
08:00:37,912810UC0,TSRYS5860825,D,S,D,2024-10-22,1000000.00,4.502897,95.8671875
08:00:37,912810UC0,TSRYS5860825,D,S,D,2024-10-22,1000000.00,4.504624,95.83984375
08:00:37,912810UC0,TSRYS5860825,D,S,D,2024-10-22,1000000.00,4.512764,95.7109375
08:00:37,912810UC0,TSRYS5860825,D,S,D,2024-10-22,1000000.00,4.504624,95.83984375
08:00:37,912810UC0,TSRYS5860825,D,S,D,2024-10-22,1000000.00,4.506598,95.80859375
08:00:37,912810UC0,TSRYS5860825,D,S,D,2024-10-22,1000000.00,4.506598,95.80859375
08:00:37,912810UC0,TSRYS5860825,D,S,D,2024-10-22,1000000.00,4.506598,95.80859375
08:00:37,912810UC0,TSRYS5860825,D,S,D,2024-10-22,1000000.00,4.504377,95.84375
08:00:37,912810UC0,TSRYS5860825,D,S,D,2024-10-22,1000000.00,4.504624,95.83984375
08:00:37,912810UC0,TSRYS5860825,D,S,D,2024-10-22,1000000.00,4.504624,95.83984375
08:00:37,912810UC0,TSRYS5860825,D,S,D,2024-10-22,16000000.00,4.523567,95.5406
08:00:38,912810UC0,TSRYS5860825,D,S,D,2024-10-22,16000000.00,4.514123,95.68963
08:00:39,912810UC0,TSRYS5860825,D,S,D,2024-10-22,1000000.00,4.507339,95.796875
08:00:39,912810UC0,TSRYS5860825,D,S,D,2024-10-22,1000000.00,4.507339,95.796875
08:00:39,912810UC0,TSRYS5860825,D,S,D,2024-10-22,1000000.00,4.507339,95.796875
08:00:39,912810UC0,TSRYS5860825,D,S,D,2024-10-22,1000000.00,4.507339,95.796875
08:00:39,912810UC0,TSRYS5860825,D,S,D,2024-10-22,1000000.00,4.504377,95.84375
08:00:40,912810UC0,TSRYS5860825,D,S,D,2024-10-22,1000000.00,4.505611,95.82421875
08:00:40,912810UC0,TSRYS5860825,D,S,D,2024-10-22,1000000.00,4.507586,95.79296875
08:00:40,912810UC0,TSRYS5860825,D,S,D,2024-10-22,16000000.00,4.517314,95.63923
08:00:41,912810UC0,TSRYS5860825,D,S,D,2024-10-22,1000000.00,4.511785,95.7265625
08:00:41,912810UC0,TSRYS5860825,D,S,D,2024-10-22,1000000.00,4.511538,95.73046875
08:00:42,912810UC0,TSRYS5860825,D,S,D,2024-10-22,1000000.00,4.511538,95.73046875
08:00:42,912810UC0,TSRYS5860825,D,S,D,2024-10-22,1000000.00,4.511785,95.7265625
08:00:42,912810UC0,TSRYS5860825,D,S,D,2024-10-22,1000000.00,4.511538,95.73046875
08:00:42,912810UC0,TSRYS5860825,D,S,D,2024-10-22,1000000.00,4.511538,95.73046875
08:00:42,912810UC0,TSRYS5860825,D,S,D,2024-10-22,1000000.00,4.512527,95.71484375
08:00:42,912810UC0,TSRYS5860825,D,S,D,2024-10-22,1000000.00,4.512527,95.71484375
08:00:42,912810UC0,TSRYS5860825,D,S,D,2024-10-22,1000000.00,4.510797,95.7421875
08:00:42,912810UC0,TSRYS5860825,D,S,D,2024-10-22,1000000.00,4.510797,95.7421875
08:00:42,912810UC0,TSRYS5860825,D,S,D,2024-10-22,1000000.00,4.509068,95.76953125
08:00:44,912810UC0,TSRYS5860825,D,S,T,2024-10-22,1000000.00,4.496736,95.96484375
08:00:44,912810UC0,TSRYS5860825,D,S,A,2024-10-22,10000000.00,4.496983,95.9609375
08:00:44,912810UC0,TSRYS5860825,D,S,A,2024-10-22,5000000.00,4.495505,95.984375
08:00:44,912810UC0,TSRYS5860825,D,S,A,2024-10-22,500000.00,4.507339,95.796875
08:00:44,912810UC0,TSRYS5860825,D,S,D,2024-10-22,991000.00,4.49083,96.05859375
08:00:44,912810UC0,TSRYS5860825,D,S,D,2024-10-22,991000.00,4.490584,96.0625
08:00:44,912810UC0,TSRYS5860825,D,S,D,2024-10-22,1046000.00,4.490584,96.0625
08:00:44,912810UC0,TSRYS5860825,D,S,A,2024-10-22,1000000.00,4.514505,95.68359375
08:00:44,912810UC0,TSRYS5860825,D,S,A,2024-10-22,20000000.00,4.51228,95.71875
08:00:44,912810UC0,TSRYS5860825,D,S,A,2024-10-22,1477000.00,4.515741,95.6640625
08:00:44,912810UC0,TSRYS5860825,D,B,A,2024-10-22,5000000.00,4.518958,95.61328125
08:00:44,912810UC0,TSRYS5860825,D,S,A,2024-10-22,5000000.00,4.522178,95.5625
08:00:44,912810UC0,TSRYS5860825,D,B,A,2024-10-22,5000000.00,4.521435,95.57421875
08:00:44,912810UC0,TSRYS5860825,D,S,T,2024-10-22,1000000.00,4.527136,95.484375
08:00:44,912810UC0,TSRYS5860825,D,S,T,2024-10-22,1000000.00,4.527136,95.484375
08:00:44,912810UC0,TSRYS5860825,D,S,D,2024-10-22,26000000.00,4.40104,97.5
08:00:44,912810UC0,TSRYS5860825,D,S,D,2024-10-22,1000000.00,4.515247,95.671875
08:00:44,912810UC0,TSRYS5860825,D,S,D,2024-10-22,1000000.00,4.514257,95.6875
08:00:44,912810UC0,TSRYS5860825,D,S,D,2024-10-22,1000000.00,4.514257,95.6875
08:00:44,912810UC0,TSRYS5860825,D,S,D,2024-10-22,1000000.00,4.514257,95.6875
08:00:44,912810UC0,TSRYS5860825,D,S,D,2024-10-22,1000000.00,4.514257,95.6875
08:00:44,912810UC0,TSRYS5860825,D,S,T,2024-10-22,2000000.00,4.517226,95.640625
08:00:44,912810UC0,TSRYS5860825,D,S,T,2024-10-22,1000000.00,4.517226,95.640625
08:00:44,912810UC0,TSRYS5860825,D,S,T,2024-10-22,1000000.00,4.517226,95.640625
08:00:44,912810UC0,TSRYS5860825,D,S,T,2024-10-22,1000000.00,4.517226,95.640625
08:00:44,912810UC0,TSRYS5860825,D,S,C,2024-10-22,2000000.00,4.517226,95.640625
08:00:44,912810UC0,TSRYS5860825,D,S,T,2024-10-22,1000000.00,4.517226,95.640625
08:00:44,912810UC0,TSRYS5860825,D,S,T,2024-10-22,1000000.00,4.517226,95.640625
08:00:44,912810UC0,TSRYS5860825,D,S,T,2024-10-22,3000000.00,4.517226,95.640625
08:00:44,912810UC0,TSRYS5860825,D,S,T,2024-10-22,1000000.00,4.517226,95.640625
08:00:44,912810UC0,TSRYS5860825,D,S,D,2024-10-22,1000000.00,4.517226,95.640625
08:00:44,912810UC0,TSRYS5860825,D,S,D,2024-10-22,1000000.00,4.517226,95.640625
08:00:44,912810UC0,TSRYS5860825,D,S,D,2024-10-22,1000000.00,4.517226,95.640625
08:00:44,912810UC0,TSRYS5860825,D,S,D,2024-10-22,3000000.00,4.517226,95.640625
08:00:44,912810UC0,TSRYS5860825,D,S,D,2024-10-22,1000000.00,4.517226,95.640625
08:00:44,912810UC0,TSRYS5860825,D,S,T,2024-10-22,1000000.00,4.517226,95.640625
08:00:44,912810UC0,TSRYS5860825,D,S,T,2024-10-22,1000000.00,4.517226,95.640625
08:00:44,912810UC0,TSRYS5860825,D,S,T,2024-10-22,1000000.00,4.517226,95.640625
08:00:44,912810UC0,TSRYS5860825,D,S,D,2024-10-22,1000000.00,4.517226,95.640625
08:00:44,912810UC0,TSRYS5860825,D,S,D,2024-10-22,1000000.00,4.517226,95.640625
08:00:44,912810UC0,TSRYS5860825,D,S,A,2024-10-22,5000000.00,4.516731,95.6484375
08:00:44,912810UC0,TSRYS5860825,D,S,D,2024-10-22,1000000.00,4.518216,95.625
08:00:44,912810UC0,TSRYS5860825,D,S,D,2024-10-22,1000000.00,4.518216,95.625
08:00:44,912810UC0,TSRYS5860825,D,S,T,2024-10-22,1000000.00,4.518216,95.625
08:00:44,912810UC0,TSRYS5860825,D,S,T,2024-10-22,1000000.00,4.518216,95.625
08:00:44,912810UC0,TSRYS5860825,D,B,A,2024-10-22,5000000.00,4.516236,95.65625
08:00:44,912810UC0,TSRYS5860825,D,S,T,2024-10-22,1000000.00,4.514257,95.6875
08:00:44,912810UC0,TSRYS5860825,D,S,T,2024-10-22,1000000.00,4.514257,95.6875
08:00:44,912810UC0,TSRYS5860825,D,S,D,2024-10-22,5000000.00,4.510797,95.7421875
08:00:44,912810UC0,TSRYS5860825,D,S,D,2024-10-22,1000000.00,4.51228,95.71875
08:00:44,912810UC0,TSRYS5860825,D,S,D,2024-10-22,3000000.00,4.51228,95.71875
08:00:44,912810UC0,TSRYS5860825,D,S,D,2024-10-22,1000000.00,4.513268,95.703125
08:00:44,912810UC0,TSRYS5860825,D,S,T,2024-10-22,1000000.00,4.514257,95.6875
08:00:44,912810UC0,TSRYS5860825,D,S,T,2024-10-22,1000000.00,4.514257,95.6875
08:00:44,912810UC0,TSRYS5860825,D,S,T,2024-10-22,5000000.00,4.510797,95.7421875
08:00:44,912810UC0,TSRYS5860825,D,S,T,2024-10-22,1000000.00,4.511785,95.7265625
08:00:44,912810UC0,TSRYS5860825,D,S,T,2024-10-22,1000000.00,4.51228,95.71875
08:00:44,912810UC0,TSRYS5860825,D,S,T,2024-10-22,1000000.00,4.51228,95.71875
08:00:44,912810UC0,TSRYS5860825,D,S,T,2024-10-22,1000000.00,4.513268,95.703125
08:00:44,912810UC0,TSRYS5860825,D,B,C,2024-10-22,600000.00,4.503239,95.86178125
08:00:44,912810UC0,TSRYS5860825,D,S,D,2024-10-22,1000000.00,4.499692,95.91796875
08:00:44,912810UC0,TSRYS5860825,D,S,D,2024-10-22,2000000.00,4.499446,95.921875
08:00:44,912810UC0,TSRYS5860825,D,B,A,2024-10-22,3000000.00,4.500185,95.91015625
08:00:44,912810UC0,TSRYS5860825,D,B,A,2024-10-22,2000000.00,4.505364,95.828125
08:00:44,912810UC0,TSRYS5860825,D,S,T,2024-10-22,1000000.00,4.506598,95.80859375
08:00:44,912810UC0,TSRYS5860825,D,S,T,2024-10-22,1000000.00,4.508203,95.783203125
08:00:44,912810UC0,TSRYS5860825,D,S,T,2024-10-22,1000000.00,4.508327,95.78125
08:00:44,912810UC0,TSRYS5860825,D,S,T,2024-10-22,1000000.00,4.508327,95.78125
08:00:44,912810UC0,TSRYS5860825,D,S,T,2024-10-22,1000000.00,4.504871,95.8359375
08:00:44,912810UC0,TSRYS5860825,D,S,A,2024-10-22,1000000.00,4.506352,95.8125
08:00:45,912810UC0,TSRYS5860825,D,S,A,2024-10-22,2000000.00,4.511291,95.734375
08:00:45,912810UC0,TSRYS5860825,D,S,A,2024-10-22,1000000.00,4.506598,95.80859375
08:00:45,912810UC0,TSRYS5860825,D,S,D,2024-10-22,1000000.00,4.508327,95.78125
08:00:45,912810UC0,TSRYS5860825,D,S,A,2024-10-22,500000.00,4.500678,95.90234375
08:00:45,912810UC0,TSRYS5860825,D,B,A,2024-10-22,2000000.00,4.503884,95.8515625
08:00:45,912810UC0,TSRYS5860825,D,S,T,2024-10-22,1000000.00,4.506352,95.8125
08:00:45,912810UC0,TSRYS5860825,D,S,D,2024-10-22,1000000.00,4.507216,95.798828125
08:00:45,912810UC0,TSRYS5860825,D,S,D,2024-10-22,1000000.00,4.507339,95.796875
08:00:45,912810UC0,TSRYS5860825,D,S,D,2024-10-22,2000000.00,4.503391,95.859375
08:00:45,912810UC0,TSRYS5860825,D,S,T,2024-10-22,1000000.00,4.501418,95.890625
08:00:45,912810UC0,TSRYS5860825,D,S,T,2024-10-22,1000000.00,4.501418,95.890625
08:00:45,912810UC0,TSRYS5860825,D,S,T,2024-10-22,1000000.00,4.501418,95.890625
08:00:45,912810UC0,TSRYS5860825,D,S,T,2024-10-22,1000000.00,4.501418,95.890625
08:00:45,912810UC0,TSRYS5860825,D,B,C,2024-10-22,1000000.00,4.494615,95.9985
08:00:45,912810UC0,TSRYS5860825,D,S,T,2024-10-22,1000000.00,4.49452,96.0
08:00:45,912810UC0,TSRYS5860825,D,S,T,2024-10-22,1000000.00,4.495505,95.984375
08:00:45,912810UC0,TSRYS5860825,D,S,T,2024-10-22,1000000.00,4.495505,95.984375
08:00:45,912810UC0,TSRYS5860825,D,S,D,2024-10-22,1000000.00,4.49452,96.0
08:00:45,912810UC0,TSRYS5860825,D,S,D,2024-10-22,1000000.00,4.490584,96.0625
08:00:45,912810UC0,TSRYS5860825,D,S,T,2024-10-22,1000000.00,4.486651,96.125
08:00:45,912810UC0,TSRYS5860825,D,S,D,2024-10-22,1000000.00,4.486651,96.125
08:00:45,912810UC0,TSRYS5860825,D,S,T,2024-10-22,1000000.00,4.486651,96.125
08:00:45,912810UC0,TSRYS5860825,D,S,D,2024-10-22,1000000.00,4.491568,96.046875
08:00:45,912810UC0,TSRYS5860825,D,S,D,2024-10-22,9000000.00,4.491568,96.046875
08:00:45,912810UC0,TSRYS5860825,D,S,D,2024-10-22,1000000.00,4.486651,96.125
08:00:45,912810UC0,TSRYS5860825,D,S,D,2024-10-22,1000000.00,4.486651,96.125
08:00:45,912810UC0,TSRYS5860825,D,S,D,2024-10-22,1000000.00,4.488617,96.09375
08:00:45,912810UC0,TSRYS5860825,D,S,D,2024-10-22,1000000.00,4.487634,96.109375
08:00:45,912810UC0,TSRYS5860825,D,S,D,2024-10-22,1000000.00,4.490584,96.0625
08:00:45,912810UC0,TSRYS5860825,D,S,D,2024-10-22,1000000.00,4.4896,96.078125
08:00:45,912810UC0,TSRYS5860825,D,S,T,2024-10-22,1000000.00,4.488617,96.09375
08:00:45,912810UC0,TSRYS5860825,D,S,A,2024-10-22,2000000.00,4.491076,96.0546875
08:00:45,912810UC0,TSRYS5860825,D,S,T,2024-10-22,1000000.00,4.487634,96.109375
08:00:45,912810UC0,TSRYS5860825,D,S,A,2024-10-22,1000000.00,4.490092,96.0703125
08:00:45,912810UC0,TSRYS5860825,D,S,T,2024-10-22,1000000.00,4.490584,96.0625
08:00:45,912810UC0,TSRYS5860825,D,S,T,2024-10-22,1000000.00,4.4896,96.078125
08:00:45,912810UC0,TSRYS5860825,D,S,D,2024-10-22,16000000.00,4.511494,95.73116
08:00:46,912810UC0,TSRYS5860825,D,S,D,2024-10-22,100000.00,4.507364,95.796475
08:00:46,912810UC0,TSRYS5860825,D,B,C,2024-10-22,100000.00,4.507364,95.791475
08:00:47,912810UC0,TSRYS5860825,D,S,D,2024-10-22,1000000.00,4.513268,95.703125
08:00:47,912810UC0,TSRYS5860825,D,S,C,2024-10-22,5000000.00,4.517226,95.640625
08:00:48,912810UC0,TSRYS5860825,D,S,D,2024-10-22,1000000.00,4.505364,95.828125
08:00:48,912810UC0,TSRYS5860825,D,S,D,2024-10-22,1000000.00,4.505364,95.828125
08:00:48,912810UC0,TSRYS5860825,D,S,C,2024-10-22,10000000.00,4.518958,95.61328125
08:00:53,912810UC0,TSRYS5860825,D,B,A,2024-10-22,1000000.00,4.513268,95.703125
08:00:54,912810UC0,TSRYS5860825,D,B,A,2024-10-22,1000000.00,4.506352,95.8125
08:00:55,912810UC0,TSRYS5860825,D,S,D,2024-10-22,1000000.00,4.506352,95.8125
08:00:55,912810UC0,TSRYS5860825,D,S,D,2024-10-22,1000000.00,4.504624,95.83984375
08:00:55,912810UC0,TSRYS5860825,D,S,D,2024-10-22,31000000.00,4.490041,96.071132
08:00:55,912810UC0,TSRYS5860825,D,S,D,2024-10-22,190000.00,4.485669,96.140625
08:00:56,912810UC0,TSRYS5860825,D,S,D,2024-10-22,2000000.00,4.515494,95.66796875
08:00:56,912810UC0,TSRYS5860825,D,S,D,2024-10-22,2000000.00,4.515741,95.6640625
08:00:56,912810UC0,TSRYS5860825,D,S,D,2024-10-22,2000000.00,4.515494,95.66796875
08:00:56,912810UC0,TSRYS5860825,D,S,D,2024-10-22,15000000.00,4.515247,95.671875
08:00:56,912810UC0,TSRYS5860825,D,S,D,2024-10-22,6000000.00,4.511291,95.734375
08:00:56,912810UC0,TSRYS5860825,D,S,D,2024-10-22,10000000.00,4.511044,95.73828125
08:00:56,912810UC0,TSRYS5860825,D,S,D,2024-10-22,1000000.00,4.508327,95.78125
08:00:56,912810UC0,TSRYS5860825,D,S,D,2024-10-22,1000000.00,4.508327,95.78125
08:00:57,912810UC0,TSRYS5860825,D,S,D,2024-10-22,9000000.00,4.50808,95.78515625
08:00:57,912810UC0,TSRYS5860825,D,S,D,2024-10-22,4000000.00,4.508327,95.78125
08:00:57,912810UC0,TSRYS5860825,D,S,A,2024-10-22,10000000.00,4.510303,95.75
08:00:58,912810UC0,TSRYS5860825,D,S,T,2024-10-22,1000000.00,4.493536,96.015625
08:00:58,912810UC0,TSRYS5860825,D,S,A,2024-10-22,43140000.00,4.523169,95.546875
08:00:59,912810UC0,TSRYS5860825,D,S,T,2024-10-22,1000000.00,4.491568,96.046875
08:01:00,912810UC0,TSRYS5860825,D,S,T,2024-10-22,1000000.00,4.488507,96.095503125
08:01:00,912810UC0,TSRYS5860825,D,S,T,2024-10-22,1000000.00,4.48863,96.09355
08:01:00,912810UC0,TSRYS5860825,D,S,T,2024-10-22,1000000.00,4.48863,96.09355
08:01:00,912810UC0,TSRYS5860825,D,S,D,2024-10-22,1000000.00,4.501418,95.890625
08:01:00,912810UC0,TSRYS5860825,D,S,T,2024-10-22,1000000.00,4.48863,96.09355
08:01:00,912810UC0,TSRYS5860825,D,S,T,2024-10-22,1000000.00,4.48863,96.09355
08:01:00,912810UC0,TSRYS5860825,D,S,T,2024-10-22,1000000.00,4.48863,96.09355
08:01:00,912810UC0,TSRYS5860825,D,S,T,2024-10-22,1000000.00,4.48863,96.09355
08:01:01,912810UC0,TSRYS5860825,D,S,D,2024-10-22,28000000.00,4.505364,95.828125
08:01:02,912810UC0,TSRYS5860825,D,S,A,2024-10-22,1000000.00,4.497721,95.94921875
08:01:02,912810UC0,TSRYS5860825,D,S,D,2024-10-22,17000000.00,4.508327,95.78125
08:01:02,912810UC0,TSRYS5860825,D,S,C,2024-10-22,10000000.00,4.515989,95.66015625
08:01:03,912810UC0,TSRYS5860825,D,S,D,2024-10-22,1000000.00,4.493536,96.015625
08:01:05,912810UC0,TSRYS5860825,D,S,D,2024-10-22,1000000.00,4.498214,95.94140625
08:01:05,912810UC0,TSRYS5860825,D,S,D,2024-10-22,1000000.00,4.500185,95.91015625
08:01:05,912810UC0,TSRYS5860825,D,S,C,2024-10-22,1000000.00,4.499692,95.91796875
08:01:05,912810UC0,TSRYS5860825,D,S,D,2024-10-22,1000000.00,4.498707,95.93359375
08:01:05,912810UC0,TSRYS5860825,D,S,D,2024-10-22,1000000.00,4.49846,95.9375
08:01:05,912810UC0,TSRYS5860825,D,B,C,2024-10-22,1000000.00,4.496983,95.9609375
08:01:05,912810UC0,TSRYS5860825,D,S,D,2024-10-22,1000000.00,4.495013,95.9921875
08:01:05,912810UC0,TSRYS5860825,D,S,D,2024-10-22,1000000.00,4.494028,96.0078125
08:01:05,912810UC0,TSRYS5860825,D,S,D,2024-10-22,1000000.00,4.495013,95.9921875
08:01:05,912810UC0,TSRYS5860825,D,S,D,2024-10-22,1000000.00,4.496983,95.9609375
08:01:05,912810UC0,TSRYS5860825,D,S,D,2024-10-22,1000000.00,4.49452,96.0
08:01:05,912810UC0,TSRYS5860825,D,S,D,2024-10-22,1000000.00,4.502404,95.875
08:01:05,912810UC0,TSRYS5860825,D,S,D,2024-10-22,1000000.00,4.495505,95.984375
08:01:05,912810UC0,TSRYS5860825,D,B,C,2024-10-22,1000000.00,4.495505,95.984375
08:01:05,912810UC0,TSRYS5860825,D,S,C,2024-10-22,1000000.00,4.499692,95.91796875
08:01:05,912810UC0,TSRYS5860825,D,S,D,2024-10-22,1000000.00,4.504377,95.84375
08:01:05,912810UC0,TSRYS5860825,D,B,C,2024-10-22,1000000.00,4.502404,95.875
08:01:05,912810UC0,TSRYS5860825,D,S,D,2024-10-22,1000000.00,4.506352,95.8125
08:01:05,912810UC0,TSRYS5860825,D,S,D,2024-10-22,1000000.00,4.513268,95.703125
08:01:05,912810UC0,TSRYS5860825,D,S,D,2024-10-22,1000000.00,4.515494,95.66796875
08:01:06,912810UC0,TSRYS5860825,D,S,D,2024-10-22,1000000.00,4.515494,95.66796875
08:01:06,912810UC0,TSRYS5860825,D,S,C,2024-10-22,1000000.00,4.516731,95.6484375
08:01:06,912810UC0,TSRYS5860825,D,S,D,2024-10-22,1000000.00,4.515494,95.66796875
08:01:06,912810UC0,TSRYS5860825,D,S,D,2024-10-22,1000000.00,4.516236,95.65625
08:01:06,912810UC0,TSRYS5860825,D,S,D,2024-10-22,1000000.00,4.517226,95.640625
08:01:06,912810UC0,TSRYS5860825,D,S,C,2024-10-22,1000000.00,4.516236,95.65625
08:01:06,912810UC0,TSRYS5860825,D,S,D,2024-10-22,1000000.00,4.516731,95.6484375
08:01:06,912810UC0,TSRYS5860825,D,S,D,2024-10-22,1000000.00,4.516484,95.65234375
08:01:06,912810UC0,TSRYS5860825,D,S,C,2024-10-22,1000000.00,4.518463,95.62109375
08:01:06,912810UC0,TSRYS5860825,D,S,D,2024-10-22,1000000.00,4.516236,95.65625
08:01:06,912810UC0,TSRYS5860825,D,S,D,2024-10-22,1000000.00,4.516236,95.65625
08:01:06,912810UC0,TSRYS5860825,D,S,D,2024-10-22,1000000.00,4.526144,95.5
08:01:06,912810UC0,TSRYS5860825,D,S,D,2024-10-22,1000000.00,4.526144,95.5
08:01:06,912810UC0,TSRYS5860825,D,S,D,2024-10-22,1000000.00,4.525896,95.50390625
08:01:06,912810UC0,TSRYS5860825,D,S,D,2024-10-22,1000000.00,4.521187,95.578125
08:01:06,912810UC0,TSRYS5860825,D,S,D,2024-10-22,1000000.00,4.526144,95.5
08:01:06,912810UC0,TSRYS5860825,D,S,D,2024-10-22,1000000.00,4.525648,95.5078125
08:01:06,912810UC0,TSRYS5860825,D,S,D,2024-10-22,1000000.00,4.525648,95.5078125
08:01:06,912810UC0,TSRYS5860825,D,S,D,2024-10-22,1000000.00,4.525896,95.50390625
08:01:06,912810UC0,TSRYS5860825,D,S,D,2024-10-22,1000000.00,4.486651,96.125
08:01:06,912810UC0,TSRYS5860825,D,S,D,2024-10-22,1000000.00,4.518958,95.61328125
08:01:06,912810UC0,TSRYS5860825,D,S,D,2024-10-22,1000000.00,4.526144,95.5
08:01:06,912810UC0,TSRYS5860825,D,S,D,2024-10-22,1000000.00,4.516978,95.64453125
08:01:06,912810UC0,TSRYS5860825,D,S,D,2024-10-22,1000000.00,4.516731,95.6484375
08:01:06,912810UC0,TSRYS5860825,D,S,D,2024-10-22,1000000.00,4.517968,95.62890625
08:01:06,912810UC0,TSRYS5860825,D,S,D,2024-10-22,1000000.00,4.522178,95.5625
08:01:06,912810UC0,TSRYS5860825,D,S,D,2024-10-22,1000000.00,4.513763,95.6953125
08:01:06,912810UC0,TSRYS5860825,D,S,D,2024-10-22,1000000.00,4.516731,95.6484375
08:01:06,912810UC0,TSRYS5860825,D,B,C,2024-10-22,1000000.00,4.513763,95.6953125
08:01:06,912810UC0,TSRYS5860825,D,B,C,2024-10-22,1000000.00,4.516731,95.6484375
08:01:06,912810UC0,TSRYS5860825,D,S,D,2024-10-22,1000000.00,4.517226,95.640625
08:01:06,912810UC0,TSRYS5860825,D,S,D,2024-10-22,2000000.00,4.51401,95.69140625
08:01:06,912810UC0,TSRYS5860825,D,S,C,2024-10-22,2000000.00,4.514257,95.6875
08:01:06,912810UC0,TSRYS5860825,D,S,D,2024-10-22,1000000.00,4.516731,95.6484375
08:01:06,912810UC0,TSRYS5860825,D,S,D,2024-10-22,1000000.00,4.516236,95.65625
