tradeTime,cusip,issueSymbolIdentifier,priceType,reportingSideCode,contraPartyTypeCode,tradeDate,reportedTradeVolume,lastSaleYield,lastSalePrice
08:00:03,912810UC0,TSRYS5860825,D,B,C,2024-09-16,1000000.00,3.978604,104.71875
08:00:03,912810UC0,TSRYS5860825,D,B,C,2024-09-16,1000000.00,3.977843,104.732421875
08:00:03,912810UC0,TSRYS5860825,D,S,T,2024-09-16,1000000.00,3.976865,104.75
08:00:03,912810UC0,TSRYS5860825,D,B,C,2024-09-16,1000000.00,3.977191,104.744140625
08:00:03,912810UC0,TSRYS5860825,D,S,T,2024-09-16,1000000.00,3.976865,104.75
08:00:03,912810UC0,TSRYS5860825,D,S,D,2024-09-16,1000000.00,3.971003,104.85546875
08:00:03,912810UC0,TSRYS5860825,D,B,C,2024-09-16,1000000.00,3.97263,104.826171875
08:00:03,912810UC0,TSRYS5860825,D,S,T,2024-09-16,1000000.00,3.970894,104.857421875
08:00:03,912810UC0,TSRYS5860825,D,S,T,2024-09-16,1000000.00,3.971979,104.837890625
08:00:03,912810UC0,TSRYS5860825,D,S,D,2024-09-16,1000000.00,3.973607,104.80859375
08:00:03,912810UC0,TSRYS5860825,D,S,T,2024-09-16,1000000.00,3.973716,104.806640625
08:00:03,912810UC0,TSRYS5860825,D,B,C,2024-09-16,1000000.00,3.973933,104.802734375
08:00:03,912810UC0,TSRYS5860825,D,B,C,2024-09-16,1000000.00,3.972196,104.833984375
08:00:03,912810UC0,TSRYS5860825,D,S,T,2024-09-16,1000000.00,3.96905,104.890625
08:00:03,912810UC0,TSRYS5860825,D,B,C,2024-09-16,1000000.00,3.97122,104.8515625
08:00:03,912810UC0,TSRYS5860825,D,B,C,2024-09-16,1000000.00,3.97046,104.865234375
08:00:03,912810UC0,TSRYS5860825,D,S,T,2024-09-16,1000000.00,3.970569,104.86328125
08:00:03,912810UC0,TSRYS5860825,D,B,C,2024-09-16,1000000.00,3.971979,104.837890625
08:00:03,912810UC0,TSRYS5860825,D,S,D,2024-09-16,1000000.00,3.972522,104.828125
08:00:03,912810UC0,TSRYS5860825,D,S,D,2024-09-16,1000000.00,3.974693,104.7890625
08:00:03,912810UC0,TSRYS5860825,D,S,D,2024-09-16,1000000.00,3.974693,104.7890625
08:00:03,912810UC0,TSRYS5860825,D,S,T,2024-09-16,1000000.00,3.97339,104.8125
08:00:03,912810UC0,TSRYS5860825,D,S,D,2024-09-16,1000000.00,3.971871,104.83984375
08:00:03,912810UC0,TSRYS5860825,D,S,D,2024-09-16,1000000.00,3.972088,104.8359375
08:00:03,912810UC0,TSRYS5860825,D,B,C,2024-09-16,1000000.00,3.975127,104.78125
08:00:03,912810UC0,TSRYS5860825,D,B,C,2024-09-16,1000000.00,3.975127,104.78125
08:00:03,912810UC0,TSRYS5860825,D,B,C,2024-09-16,1000000.00,3.975127,104.78125
08:00:03,912810UC0,TSRYS5860825,D,B,C,2024-09-16,1000000.00,3.975127,104.78125
08:00:03,912810UC0,TSRYS5860825,D,B,C,2024-09-16,1000000.00,3.975127,104.78125
08:00:03,912810UC0,TSRYS5860825,D,B,C,2024-09-16,1000000.00,3.975127,104.78125
08:00:03,912810UC0,TSRYS5860825,D,B,C,2024-09-16,1000000.00,3.975127,104.78125
08:00:03,912810UC0,TSRYS5860825,D,B,C,2024-09-16,1000000.00,3.975019,104.783203125
08:00:03,912810UC0,TSRYS5860825,D,B,C,2024-09-16,1000000.00,3.975019,104.783203125
08:00:03,912810UC0,TSRYS5860825,D,S,D,2024-09-16,1000000.00,3.973824,104.8046875
08:00:03,912810UC0,TSRYS5860825,D,B,C,2024-09-16,1000000.00,3.973607,104.80859375
08:00:03,912810UC0,TSRYS5860825,D,B,C,2024-09-16,1000000.00,3.968074,104.908203125
08:00:03,912810UC0,TSRYS5860825,D,S,T,2024-09-16,1000000.00,3.968508,104.900390625
08:00:03,912810UC0,TSRYS5860825,D,S,T,2024-09-16,1000000.00,3.968725,104.896484375
08:00:03,912810UC0,TSRYS5860825,D,S,D,2024-09-16,1000000.00,3.968183,104.90625
08:00:03,912810UC0,TSRYS5860825,D,S,D,2024-09-16,1000000.00,3.968183,104.90625
08:00:03,912810UC0,TSRYS5860825,D,S,D,2024-09-16,1000000.00,3.9684,104.90234375
08:00:03,912810UC0,TSRYS5860825,D,B,C,2024-09-16,1000000.00,3.967966,104.91015625
08:00:03,912810UC0,TSRYS5860825,D,B,C,2024-09-16,1000000.00,3.968183,104.90625
08:00:03,912810UC0,TSRYS5860825,D,B,C,2024-09-16,1000000.00,3.968183,104.90625
08:00:03,912810UC0,TSRYS5860825,D,S,T,2024-09-16,1000000.00,3.968508,104.900390625
08:00:03,912810UC0,TSRYS5860825,D,S,D,2024-09-16,1000000.00,3.9684,104.90234375
08:00:03,912810UC0,TSRYS5860825,D,S,D,2024-09-16,1000000.00,3.968183,104.90625
08:00:03,912810UC0,TSRYS5860825,D,S,D,2024-09-16,1000000.00,3.968183,104.90625
08:00:03,912810UC0,TSRYS5860825,D,S,T,2024-09-16,1000000.00,3.968291,104.904296875
08:00:03,912810UC0,TSRYS5860825,D,B,C,2024-09-16,1000000.00,3.968183,104.90625
08:00:03,912810UC0,TSRYS5860825,D,B,C,2024-09-16,1000000.00,3.968074,104.908203125
08:00:03,912810UC0,TSRYS5860825,D,B,C,2024-09-16,1000000.00,3.967966,104.91015625
08:00:03,912810UC0,TSRYS5860825,D,B,C,2024-09-16,1000000.00,3.967966,104.91015625
08:00:03,912810UC0,TSRYS5860825,D,S,T,2024-09-16,1000000.00,3.967532,104.91796875
08:00:03,912810UC0,TSRYS5860825,D,S,T,2024-09-16,1000000.00,3.96569,104.951171875
08:00:03,912810UC0,TSRYS5860825,D,S,T,2024-09-16,1000000.00,3.961575,105.025390625
08:00:03,912810UC0,TSRYS5860825,D,S,D,2024-09-16,1000000.00,3.961466,105.02734375
08:00:06,912810UC0,TSRYS5860825,D,S,T,2024-09-16,1000000.00,3.970786,104.859375
08:00:09,912810UC0,TSRYS5860825,D,S,A,2024-09-16,600000.00,3.967316,104.921875
08:00:09,912810UC0,TSRYS5860825,D,S,D,2024-09-16,1000000.00,3.959519,105.0625
08:00:09,912810UC0,TSRYS5860825,D,S,D,2024-09-16,1000000.00,3.959735,105.05859375
08:00:09,912810UC0,TSRYS5860825,D,B,A,2024-09-16,50000.00,3.969918,104.875
08:00:09,912810UC0,TSRYS5860825,D,B,A,2024-09-16,50000.00,3.969918,104.875
08:00:14,912810UC0,TSRYS5860825,D,S,T,2024-09-16,1000000.00,3.968183,104.90625
08:00:14,912810UC0,TSRYS5860825,D,S,D,2024-09-16,1000000.00,3.972088,104.8359375
08:00:14,912810UC0,TSRYS5860825,D,S,T,2024-09-16,1000000.00,3.971545,104.845703125
08:00:14,912810UC0,TSRYS5860825,D,S,T,2024-09-16,1000000.00,3.968833,104.89453125
08:00:14,912810UC0,TSRYS5860825,D,S,D,2024-09-16,1000000.00,3.968617,104.8984375
08:00:14,912810UC0,TSRYS5860825,D,S,D,2024-09-16,1000000.00,3.968617,104.8984375
08:00:14,912810UC0,TSRYS5860825,D,S,T,2024-09-16,3000000.00,3.968617,104.8984375
08:00:14,912810UC0,TSRYS5860825,D,S,T,2024-09-16,1000000.00,3.969918,104.875
08:00:14,912810UC0,TSRYS5860825,D,S,T,2024-09-16,1000000.00,3.975127,104.78125
08:00:14,912810UC0,TSRYS5860825,D,S,T,2024-09-16,1000000.00,3.979473,104.703125
08:00:14,912810UC0,TSRYS5860825,D,S,T,2024-09-16,1000000.00,3.968183,104.90625
08:00:14,912810UC0,TSRYS5860825,D,S,T,2024-09-16,1000000.00,3.95768,105.095703125
08:00:15,912810UC0,TSRYS5860825,D,S,T,2024-09-16,1000000.00,3.968725,104.896484375
08:00:16,912810UC0,TSRYS5860825,D,S,T,2024-09-16,1000000.00,3.969267,104.88671875
08:00:16,912810UC0,TSRYS5860825,D,S,T,2024-09-16,1000000.00,3.96905,104.890625
08:00:16,912810UC0,TSRYS5860825,D,S,T,2024-09-16,1000000.00,3.970786,104.859375
08:00:16,912810UC0,TSRYS5860825,D,S,T,2024-09-16,1000000.00,3.970786,104.859375
08:00:16,912810UC0,TSRYS5860825,D,S,T,2024-09-16,1000000.00,3.969592,104.880859375
08:00:16,912810UC0,TSRYS5860825,D,S,T,2024-09-16,1000000.00,3.969376,104.884765625
08:00:16,912810UC0,TSRYS5860825,D,S,T,2024-09-16,1000000.00,3.971328,104.849609375
08:00:16,912810UC0,TSRYS5860825,D,S,D,2024-09-16,1000000.00,3.973173,104.81640625
08:00:17,912810UC0,TSRYS5860825,D,S,T,2024-09-16,1000000.00,3.970786,104.859375
08:00:17,912810UC0,TSRYS5860825,D,S,T,2024-09-16,1000000.00,3.972522,104.828125
08:00:18,912810UC0,TSRYS5860825,D,S,D,2024-09-16,1000000.00,3.972522,104.828125
08:00:18,912810UC0,TSRYS5860825,D,S,T,2024-09-16,1000000.00,3.972196,104.833984375
08:00:18,912810UC0,TSRYS5860825,D,S,D,2024-09-16,1000000.00,3.972522,104.828125
08:00:19,912810UC0,TSRYS5860825,D,S,T,2024-09-16,1000000.00,3.972413,104.830078125
08:00:20,912810UC0,TSRYS5860825,D,S,T,2024-09-16,1000000.00,3.972196,104.833984375
08:00:22,912810UC0,TSRYS5860825,D,B,C,2024-09-16,2800000.00,3.978191,104.7261625
08:00:23,912810UC0,TSRYS5860825,D,S,D,2024-09-16,1000000.00,3.971437,104.84765625
08:00:23,912810UC0,TSRYS5860825,D,S,D,2024-09-16,1000000.00,3.968617,104.8984375
08:00:23,912810UC0,TSRYS5860825,D,S,D,2024-09-16,1000000.00,3.968617,104.8984375
08:00:23,912810UC0,TSRYS5860825,D,S,D,2024-09-16,1000000.00,3.968617,104.8984375
08:00:23,912810UC0,TSRYS5860825,D,S,D,2024-09-16,1000000.00,3.9684,104.90234375
08:00:24,912810UC0,TSRYS5860825,D,S,T,2024-09-16,1000000.00,3.971654,104.84375
08:00:24,912810UC0,TSRYS5860825,D,S,T,2024-09-16,1000000.00,3.971654,104.84375
08:00:25,912810UC0,TSRYS5860825,D,S,T,2024-09-16,1000000.00,3.971654,104.84375
08:00:25,912810UC0,TSRYS5860825,D,S,T,2024-09-16,1000000.00,3.971654,104.84375
08:00:26,912810UC0,TSRYS5860825,D,S,T,2024-09-16,1000000.00,3.971654,104.84375
08:00:27,912810UC0,TSRYS5860825,D,S,T,2024-09-16,1000000.00,3.978604,104.71875
08:00:27,912810UC0,TSRYS5860825,D,S,T,2024-09-16,2000000.00,3.979473,104.703125
08:00:27,912810UC0,TSRYS5860825,D,S,T,2024-09-16,1000000.00,3.971654,104.84375
08:00:27,912810UC0,TSRYS5860825,D,S,T,2024-09-16,1000000.00,3.970352,104.8671875
08:00:27,912810UC0,TSRYS5860825,D,S,T,2024-09-16,1000000.00,3.961466,105.02734375
08:00:27,912810UC0,TSRYS5860825,D,B,A,2024-09-16,2500000.00,3.978821,104.71484375
08:00:29,912810UC0,TSRYS5860825,D,B,A,2024-09-16,50MM+,3.969935,104.875
08:00:29,912810UC0,TSRYS5860825,D,B,A,2024-09-16,490000.00,3.977419,104.73828125
08:00:29,912810UC0,TSRYS5860825,D,B,A,2024-09-16,163500.00,3.974259,104.796875
08:00:29,912810UC0,TSRYS5860825,D,B,A,2024-09-16,20000000.00,3.971654,104.84375
08:00:29,912810UC0,TSRYS5860825,D,S,T,2024-09-16,1000000.00,3.970786,104.859375
08:00:29,912810UC0,TSRYS5860825,D,S,T,2024-09-16,1000000.00,3.970786,104.859375
08:00:29,912810UC0,TSRYS5860825,D,S,D,2024-09-16,1000000.00,3.968183,104.90625
08:00:29,912810UC0,TSRYS5860825,D,B,A,2024-09-16,200000.00,3.970786,104.859375
08:00:29,912810UC0,TSRYS5860825,D,S,T,2024-09-16,1000000.00,3.972522,104.828125
08:00:29,912810UC0,TSRYS5860825,D,S,T,2024-09-16,1000000.00,3.972522,104.828125
08:00:29,912810UC0,TSRYS5860825,D,S,T,2024-09-16,1000000.00,3.972522,104.828125
08:00:29,912810UC0,TSRYS5860825,D,S,A,2024-09-16,10000000.00,3.969918,104.875
08:00:29,912810UC0,TSRYS5860825,D,B,A,2024-09-16,20000000.00,3.967966,104.91015625
08:00:29,912810UC0,TSRYS5860825,D,S,T,2024-09-16,1000000.00,3.97122,104.8515625
08:00:29,912810UC0,TSRYS5860825,D,S,T,2024-09-16,1000000.00,3.971654,104.84375
08:00:29,912810UC0,TSRYS5860825,D,S,A,2024-09-16,500000.00,3.966232,104.94140625
08:00:29,912810UC0,TSRYS5860825,D,S,T,2024-09-16,1000000.00,3.975996,104.765625
08:00:29,912810UC0,TSRYS5860825,D,S,T,2024-09-16,1000000.00,3.975996,104.765625
08:00:29,912810UC0,TSRYS5860825,D,S,T,2024-09-16,1000000.00,3.975996,104.765625
08:00:29,912810UC0,TSRYS5860825,D,S,A,2024-09-16,5000000.00,3.976213,104.76171875
08:00:29,912810UC0,TSRYS5860825,D,S,A,2024-09-16,5000000.00,3.976213,104.76171875
08:00:29,912810UC0,TSRYS5860825,D,B,C,2024-09-16,3600000.00,3.973173,104.81640625
08:00:29,912810UC0,TSRYS5860825,D,S,A,2024-09-16,500000.00,3.970569,104.86328125
08:00:29,912810UC0,TSRYS5860825,D,S,A,2024-09-16,139200.00,3.980778,104.6796875
08:00:29,912810UC0,TSRYS5860825,D,S,T,2024-09-16,1000000.00,3.978604,104.71875
08:00:29,912810UC0,TSRYS5860825,D,S,T,2024-09-16,1000000.00,3.978604,104.71875
08:00:29,912810UC0,TSRYS5860825,D,S,T,2024-09-16,1000000.00,3.978604,104.71875
08:00:29,912810UC0,TSRYS5860825,D,B,C,2024-09-16,6000000.00,3.978604,104.71875
08:00:29,912810UC0,TSRYS5860825,D,B,A,2024-09-16,10000000.00,3.974259,104.796875
08:00:29,912810UC0,TSRYS5860825,D,B,C,2024-09-16,50MM+,3.969935,104.875
08:00:29,912810UC0,TSRYS5860825,D,S,T,2024-09-16,1000000.00,3.968183,104.90625
08:00:29,912810UC0,TSRYS5860825,D,S,C,2024-09-16,19979000.00,3.967749,104.9140625
08:00:29,912810UC0,TSRYS5860825,D,S,C,2024-09-16,5550000.00,3.967749,104.9140625
08:00:29,912810UC0,TSRYS5860825,D,S,T,2024-09-16,1000000.00,3.962766,105.00390625
08:00:29,912810UC0,TSRYS5860825,D,S,T,2024-09-16,1000000.00,3.959843,105.056640625
08:00:29,912810UC0,TSRYS5860825,D,S,D,2024-09-16,1000000.00,3.97491,104.78515625
08:00:30,912810UC0,TSRYS5860825,D,S,D,2024-09-16,1000000.00,3.975019,104.783203125
08:00:30,912810UC0,TSRYS5860825,D,S,D,2024-09-16,1000000.00,3.975019,104.783203125
08:00:30,912810UC0,TSRYS5860825,D,S,D,2024-09-16,1000000.00,3.975019,104.783203125
08:00:30,912810UC0,TSRYS5860825,D,S,T,2024-09-16,1000000.00,3.972522,104.828125
08:00:30,912810UC0,TSRYS5860825,D,S,T,2024-09-16,1000000.00,3.972522,104.828125
08:00:30,912810UC0,TSRYS5860825,D,S,T,2024-09-16,1000000.00,3.97339,104.8125
08:00:30,912810UC0,TSRYS5860825,D,S,T,2024-09-16,1000000.00,3.97122,104.8515625
08:00:30,912810UC0,TSRYS5860825,D,S,T,2024-09-16,1000000.00,3.97122,104.8515625
08:00:30,912810UC0,TSRYS5860825,D,S,D,2024-09-16,1000000.00,3.969267,104.88671875
08:00:30,912810UC0,TSRYS5860825,D,S,D,2024-09-16,1000000.00,3.966432,104.9378
08:00:30,912810UC0,TSRYS5860825,D,S,D,2024-09-16,1000000.00,3.974693,104.7890625
08:00:30,912810UC0,TSRYS5860825,D,S,D,2024-09-16,1000000.00,3.974693,104.7890625
08:00:30,912810UC0,TSRYS5860825,D,S,D,2024-09-16,1000000.00,3.974693,104.7890625
08:00:30,912810UC0,TSRYS5860825,D,S,D,2024-09-16,1000000.00,3.97491,104.78515625
08:00:30,912810UC0,TSRYS5860825,D,S,D,2024-09-16,1000000.00,3.971871,104.83984375
08:00:30,912810UC0,TSRYS5860825,D,S,D,2024-09-16,1000000.00,3.975996,104.765625
08:00:30,912810UC0,TSRYS5860825,D,S,D,2024-09-16,1000000.00,3.9773,104.7421875
08:00:30,912810UC0,TSRYS5860825,D,S,D,2024-09-16,1000000.00,3.9773,104.7421875
08:00:30,912810UC0,TSRYS5860825,D,S,D,2024-09-16,1000000.00,3.9773,104.7421875
08:00:30,912810UC0,TSRYS5860825,D,S,D,2024-09-16,1000000.00,3.9773,104.7421875
08:00:30,912810UC0,TSRYS5860825,D,S,T,2024-09-16,1000000.00,3.97567,104.771484375
08:00:30,912810UC0,TSRYS5860825,D,S,D,2024-09-16,1000000.00,3.974693,104.7890625
08:00:30,912810UC0,TSRYS5860825,D,S,D,2024-09-16,1000000.00,3.974693,104.7890625
08:00:30,912810UC0,TSRYS5860825,D,S,T,2024-09-16,1000000.00,3.970786,104.859375
08:00:30,912810UC0,TSRYS5860825,D,S,D,2024-09-16,1000000.00,3.969267,104.88671875
08:00:30,912810UC0,TSRYS5860825,D,S,D,2024-09-16,1000000.00,3.969484,104.8828125
08:00:30,912810UC0,TSRYS5860825,D,S,D,2024-09-16,1000000.00,3.967966,104.91015625
08:00:30,912810UC0,TSRYS5860825,D,S,D,2024-09-16,1000000.00,3.967966,104.91015625
08:00:30,912810UC0,TSRYS5860825,D,S,D,2024-09-16,1000000.00,3.967966,104.91015625
08:00:30,912810UC0,TSRYS5860825,D,S,D,2024-09-16,1000000.00,3.967966,104.91015625
08:00:30,912810UC0,TSRYS5860825,D,S,D,2024-09-16,1000000.00,3.967966,104.91015625
08:00:30,912810UC0,TSRYS5860825,D,S,D,2024-09-16,1000000.00,3.967966,104.91015625
08:00:30,912810UC0,TSRYS5860825,D,S,D,2024-09-16,1000000.00,3.966665,104.93359375
08:00:30,912810UC0,TSRYS5860825,D,S,D,2024-09-16,1000000.00,3.966665,104.93359375
08:00:30,912810UC0,TSRYS5860825,D,S,D,2024-09-16,1000000.00,3.967966,104.91015625
08:00:30,912810UC0,TSRYS5860825,D,S,D,2024-09-16,1000000.00,3.967966,104.91015625
08:00:30,912810UC0,TSRYS5860825,D,S,D,2024-09-16,1000000.00,3.967966,104.91015625
08:00:30,912810UC0,TSRYS5860825,D,S,D,2024-09-16,1000000.00,3.967966,104.91015625
08:00:30,912810UC0,TSRYS5860825,D,S,D,2024-09-16,1000000.00,3.967966,104.91015625
08:00:30,912810UC0,TSRYS5860825,D,S,D,2024-09-16,1000000.00,3.969267,104.88671875
08:00:30,912810UC0,TSRYS5860825,D,S,D,2024-09-16,1000000.00,3.969267,104.88671875
08:00:30,912810UC0,TSRYS5860825,D,S,D,2024-09-16,1000000.00,3.969267,104.88671875
08:00:30,912810UC0,TSRYS5860825,D,S,T,2024-09-16,1000000.00,3.967316,104.921875
08:00:30,912810UC0,TSRYS5860825,D,S,T,2024-09-16,1000000.00,3.968183,104.90625
08:00:30,912810UC0,TSRYS5860825,D,S,T,2024-09-16,1000000.00,3.968183,104.90625
08:00:30,912810UC0,TSRYS5860825,D,S,T,2024-09-16,1000000.00,3.961791,105.021484375
08:00:30,912810UC0,TSRYS5860825,D,S,T,2024-09-16,1000000.00,3.961575,105.025390625
08:00:30,912810UC0,TSRYS5860825,D,S,T,2024-09-16,1000000.00,3.961466,105.02734375
08:00:30,912810UC0,TSRYS5860825,D,S,T,2024-09-16,1000000.00,3.970786,104.859375
08:00:30,912810UC0,TSRYS5860825,D,S,T,2024-09-16,1000000.00,3.970786,104.859375
08:00:30,912810UC0,TSRYS5860825,D,S,D,2024-09-16,1000000.00,3.970786,104.859375
08:00:30,912810UC0,TSRYS5860825,D,S,D,2024-09-16,1000000.00,3.970786,104.859375
08:00:30,912810UC0,TSRYS5860825,D,S,T,2024-09-16,1000000.00,3.972522,104.828125
08:00:30,912810UC0,TSRYS5860825,D,S,D,2024-09-16,1000000.00,3.967082,104.92608125
08:00:30,912810UC0,TSRYS5860825,D,S,T,2024-09-16,2000000.00,3.970786,104.859375
08:00:30,912810UC0,TSRYS5860825,D,S,T,2024-09-16,1000000.00,3.971654,104.84375
08:00:30,912810UC0,TSRYS5860825,D,S,T,2024-09-16,1000000.00,3.969918,104.875
08:00:30,912810UC0,TSRYS5860825,D,S,T,2024-09-16,1000000.00,3.969918,104.875
08:00:30,912810UC0,TSRYS5860825,D,S,T,2024-09-16,1000000.00,3.97339,104.8125
08:00:30,912810UC0,TSRYS5860825,D,S,T,2024-09-16,1000000.00,3.97339,104.8125
08:00:30,912810UC0,TSRYS5860825,D,S,T,2024-09-16,1000000.00,3.977191,104.744140625
08:00:30,912810UC0,TSRYS5860825,D,S,T,2024-09-16,1000000.00,3.974367,104.794921875
08:00:30,912810UC0,TSRYS5860825,D,S,T,2024-09-16,1000000.00,3.973824,104.8046875
08:00:30,912810UC0,TSRYS5860825,D,S,T,2024-09-16,1000000.00,3.971328,104.849609375
08:00:30,912810UC0,TSRYS5860825,D,S,T,2024-09-16,1000000.00,3.97122,104.8515625
08:00:30,912810UC0,TSRYS5860825,D,S,T,2024-09-16,1000000.00,3.971654,104.84375
08:00:30,912810UC0,TSRYS5860825,D,S,T,2024-09-16,1000000.00,3.96905,104.890625
08:00:30,912810UC0,TSRYS5860825,D,S,T,2024-09-16,1000000.00,3.97046,104.865234375
08:00:30,912810UC0,TSRYS5860825,D,S,T,2024-09-16,1000000.00,3.972522,104.828125
08:00:30,912810UC0,TSRYS5860825,D,S,T,2024-09-16,1000000.00,3.974259,104.796875
08:00:30,912810UC0,TSRYS5860825,D,S,T,2024-09-16,1000000.00,3.97339,104.8125
08:00:30,912810UC0,TSRYS5860825,D,S,T,2024-09-16,1000000.00,3.975127,104.78125
08:00:30,912810UC0,TSRYS5860825,D,S,T,2024-09-16,1000000.00,3.975127,104.78125
08:00:30,912810UC0,TSRYS5860825,D,S,T,2024-09-16,1000000.00,3.975127,104.78125
08:00:30,912810UC0,TSRYS5860825,D,S,T,2024-09-16,1000000.00,3.975996,104.765625
08:00:30,912810UC0,TSRYS5860825,D,S,T,2024-09-16,1000000.00,3.979473,104.703125
08:00:30,912810UC0,TSRYS5860825,D,S,D,2024-09-16,1000000.00,3.9773,104.7421875
08:00:30,912810UC0,TSRYS5860825,D,S,T,2024-09-16,2000000.00,3.980343,104.6875
08:00:30,912810UC0,TSRYS5860825,D,S,T,2024-09-16,1000000.00,3.980561,104.68359375
08:00:30,912810UC0,TSRYS5860825,D,S,T,2024-09-16,1000000.00,3.980452,104.685546875
08:00:30,912810UC0,TSRYS5860825,D,S,T,2024-09-16,1000000.00,3.980343,104.6875
08:00:30,912810UC0,TSRYS5860825,D,S,T,2024-09-16,1000000.00,3.979473,104.703125
08:00:30,912810UC0,TSRYS5860825,D,S,T,2024-09-16,1000000.00,3.978604,104.71875
08:00:30,912810UC0,TSRYS5860825,D,S,T,2024-09-16,1000000.00,3.979473,104.703125
08:00:30,912810UC0,TSRYS5860825,D,S,T,2024-09-16,1000000.00,3.979473,104.703125
08:00:30,912810UC0,TSRYS5860825,D,S,T,2024-09-16,1000000.00,3.979473,104.703125
08:00:31,912810UC0,TSRYS5860825,D,S,T,2024-09-16,2000000.00,3.974259,104.796875
08:00:31,912810UC0,TSRYS5860825,D,S,T,2024-09-16,1000000.00,3.974259,104.796875
08:00:31,912810UC0,TSRYS5860825,D,S,D,2024-09-16,1000000.00,3.974693,104.7890625
08:00:31,912810UC0,TSRYS5860825,D,S,T,2024-09-16,1000000.00,3.970786,104.859375
08:00:31,912810UC0,TSRYS5860825,D,S,T,2024-09-16,1000000.00,3.970786,104.859375
08:00:31,912810UC0,TSRYS5860825,D,S,T,2024-09-16,1000000.00,3.970786,104.859375
08:00:31,912810UC0,TSRYS5860825,D,S,T,2024-09-16,1000000.00,3.971654,104.84375
08:00:31,912810UC0,TSRYS5860825,D,S,D,2024-09-16,1000000.00,3.968183,104.90625
08:00:31,912810UC0,TSRYS5860825,D,S,D,2024-09-16,1000000.00,3.967966,104.91015625
08:00:31,912810UC0,TSRYS5860825,D,S,T,2024-09-16,1000000.00,3.967966,104.91015625
08:00:31,912810UC0,TSRYS5860825,D,S,T,2024-09-16,1000000.00,3.967641,104.916015625
08:00:31,912810UC0,TSRYS5860825,D,S,D,2024-09-16,1000000.00,3.967749,104.9140625
08:00:31,912810UC0,TSRYS5860825,D,S,T,2024-09-16,1000000.00,3.966665,104.93359375
08:00:31,912810UC0,TSRYS5860825,D,S,T,2024-09-16,1000000.00,3.968183,104.90625
08:00:31,912810UC0,TSRYS5860825,D,S,T,2024-09-16,1000000.00,3.96905,104.890625
08:00:31,912810UC0,TSRYS5860825,D,S,T,2024-09-16,1000000.00,3.968508,104.900390625
08:00:31,912810UC0,TSRYS5860825,D,S,T,2024-09-16,1000000.00,3.9684,104.90234375
08:00:31,912810UC0,TSRYS5860825,D,S,T,2024-09-16,1000000.00,3.968183,104.90625
08:00:31,912810UC0,TSRYS5860825,D,S,T,2024-09-16,1000000.00,3.96905,104.890625
08:00:31,912810UC0,TSRYS5860825,D,S,T,2024-09-16,1000000.00,3.96905,104.890625
08:00:31,912810UC0,TSRYS5860825,D,S,T,2024-09-16,1000000.00,3.96905,104.890625
08:00:31,912810UC0,TSRYS5860825,D,S,T,2024-09-16,1000000.00,3.967966,104.91015625
08:00:31,912810UC0,TSRYS5860825,D,S,D,2024-09-16,1000000.00,3.967966,104.91015625
08:00:31,912810UC0,TSRYS5860825,D,S,T,2024-09-16,1000000.00,3.966449,104.9375
08:00:31,912810UC0,TSRYS5860825,D,S,T,2024-09-16,1000000.00,3.968183,104.90625
08:00:31,912810UC0,TSRYS5860825,D,S,T,2024-09-16,1000000.00,3.96905,104.890625
08:00:31,912810UC0,TSRYS5860825,D,S,T,2024-09-16,1000000.00,3.96905,104.890625
08:00:31,912810UC0,TSRYS5860825,D,S,T,2024-09-16,1000000.00,3.968183,104.90625
08:00:31,912810UC0,TSRYS5860825,D,S,T,2024-09-16,1000000.00,3.968183,104.90625
08:00:31,912810UC0,TSRYS5860825,D,S,T,2024-09-16,1000000.00,3.961683,105.0234375
08:00:31,912810UC0,TSRYS5860825,D,S,T,2024-09-16,1000000.00,3.961575,105.025390625
08:00:31,912810UC0,TSRYS5860825,D,S,T,2024-09-16,1000000.00,3.961466,105.02734375
08:00:31,912810UC0,TSRYS5860825,D,S,T,2024-09-16,1000000.00,3.962116,105.015625
08:00:31,912810UC0,TSRYS5860825,D,S,T,2024-09-16,1000000.00,3.960384,105.046875
08:00:31,912810UC0,TSRYS5860825,D,S,T,2024-09-16,1000000.00,3.958761,105.076171875
08:00:31,912810UC0,TSRYS5860825,D,S,T,2024-09-16,1000000.00,3.958653,105.078125
08:00:31,912810UC0,TSRYS5860825,D,S,T,2024-09-16,1000000.00,3.958653,105.078125
08:00:31,912810UC0,TSRYS5860825,D,S,T,2024-09-16,1000000.00,3.958653,105.078125
08:00:31,912810UC0,TSRYS5860825,D,S,T,2024-09-16,1000000.00,3.958653,105.078125
08:00:31,912810UC0,TSRYS5860825,D,S,D,2024-09-16,1000000.00,3.97339,104.8125
08:00:31,912810UC0,TSRYS5860825,D,S,D,2024-09-16,1000000.00,3.972088,104.8359375
08:00:31,912810UC0,TSRYS5860825,D,S,D,2024-09-16,1000000.00,3.972088,104.8359375
08:00:31,912810UC0,TSRYS5860825,D,S,D,2024-09-16,1000000.00,3.970569,104.86328125
08:00:31,912810UC0,TSRYS5860825,D,S,D,2024-09-16,1000000.00,3.972305,104.83203125
08:00:31,912810UC0,TSRYS5860825,D,S,D,2024-09-16,1000000.00,3.973173,104.81640625
08:00:31,912810UC0,TSRYS5860825,D,S,D,2024-09-16,1000000.00,3.974693,104.7890625
08:00:31,912810UC0,TSRYS5860825,D,S,D,2024-09-16,1000000.00,3.9773,104.7421875
08:00:31,912810UC0,TSRYS5860825,D,S,D,2024-09-16,1000000.00,3.979473,104.703125
08:00:31,912810UC0,TSRYS5860825,D,S,D,2024-09-16,1000000.00,3.979473,104.703125
08:00:31,912810UC0,TSRYS5860825,D,S,D,2024-09-16,1000000.00,3.9773,104.7421875
08:00:31,912810UC0,TSRYS5860825,D,S,D,2024-09-16,1000000.00,3.9773,104.7421875
08:00:31,912810UC0,TSRYS5860825,D,S,D,2024-09-16,1000000.00,3.97339,104.8125
08:00:31,912810UC0,TSRYS5860825,D,S,D,2024-09-16,1000000.00,3.967966,104.91015625
08:00:31,912810UC0,TSRYS5860825,D,S,D,2024-09-16,1000000.00,3.967966,104.91015625
08:00:31,912810UC0,TSRYS5860825,D,S,D,2024-09-16,1000000.00,3.967966,104.91015625
08:00:31,912810UC0,TSRYS5860825,D,S,D,2024-09-16,1000000.00,3.966449,104.9375
08:00:31,912810UC0,TSRYS5860825,D,S,D,2024-09-16,1000000.00,3.967099,104.92578125
08:00:31,912810UC0,TSRYS5860825,D,S,D,2024-09-16,1000000.00,3.965582,104.953125
08:00:31,912810UC0,TSRYS5860825,D,S,D,2024-09-16,1000000.00,3.965798,104.94921875
08:00:31,912810UC0,TSRYS5860825,D,S,D,2024-09-16,1000000.00,3.968183,104.90625
08:00:31,912810UC0,TSRYS5860825,D,S,D,2024-09-16,1000000.00,3.968183,104.90625
08:00:31,912810UC0,TSRYS5860825,D,S,D,2024-09-16,1000000.00,3.967749,104.9140625
08:00:31,912810UC0,TSRYS5860825,D,S,D,2024-09-16,1000000.00,3.966665,104.93359375
08:00:31,912810UC0,TSRYS5860825,D,S,D,2024-09-16,1000000.00,3.966665,104.93359375
08:00:31,912810UC0,TSRYS5860825,D,S,D,2024-09-16,1000000.00,3.966449,104.9375
08:00:31,912810UC0,TSRYS5860825,D,S,D,2024-09-16,1000000.00,3.961466,105.02734375
08:00:31,912810UC0,TSRYS5860825,D,S,D,2024-09-16,1000000.00,3.958869,105.07421875
08:00:31,912810UC0,TSRYS5860825,D,S,T,2024-09-16,1000000.00,3.958653,105.078125
08:00:31,912810UC0,TSRYS5860825,D,S,T,2024-09-16,1000000.00,3.958761,105.076171875
08:00:31,912810UC0,TSRYS5860825,D,S,T,2024-09-16,1000000.00,3.958653,105.078125
08:00:31,912810UC0,TSRYS5860825,D,S,T,2024-09-16,1000000.00,3.958653,105.078125
08:00:32,912810UC0,TSRYS5860825,D,S,T,2024-09-16,1000000.00,3.958978,105.072265625
08:00:32,912810UC0,TSRYS5860825,D,S,D,2024-09-16,2000000.00,3.966449,104.9375
08:00:32,912810UC0,TSRYS5860825,D,S,D,2024-09-16,5000000.00,3.966449,104.9375
08:00:32,912810UC0,TSRYS5860825,D,S,D,2024-09-16,2000000.00,3.966449,104.9375
08:00:32,912810UC0,TSRYS5860825,D,S,D,2024-09-16,1000000.00,3.965798,104.94921875
08:00:32,912810UC0,TSRYS5860825,D,S,D,2024-09-16,1000000.00,3.968183,104.90625
08:00:32,912810UC0,TSRYS5860825,D,S,D,2024-09-16,1000000.00,3.968183,104.90625
08:00:32,912810UC0,TSRYS5860825,D,S,D,2024-09-16,1000000.00,3.968183,104.90625
08:00:32,912810UC0,TSRYS5860825,D,S,D,2024-09-16,1000000.00,3.968183,104.90625
08:00:33,912810UC0,TSRYS5860825,D,S,D,2024-09-16,895000.00,3.959519,105.0625
08:00:33,912810UC0,TSRYS5860825,D,S,D,2024-09-16,1000000.00,3.9684,104.90234375
08:00:33,912810UC0,TSRYS5860825,D,S,D,2024-09-16,1000000.00,3.967749,104.9140625
08:00:33,912810UC0,TSRYS5860825,D,S,D,2024-09-16,987000.00,3.968183,104.90625
08:00:33,912810UC0,TSRYS5860825,D,S,D,2024-09-16,1041000.00,3.968617,104.8984375
08:00:33,912810UC0,TSRYS5860825,D,S,D,2024-09-16,964000.00,3.967749,104.9140625
08:00:33,912810UC0,TSRYS5860825,D,S,D,2024-09-16,900000.00,3.966015,104.9453125
08:00:33,912810UC0,TSRYS5860825,D,S,D,2024-09-16,1041000.00,3.967749,104.9140625
08:00:33,912810UC0,TSRYS5860825,D,S,D,2024-09-16,962000.00,3.967749,104.9140625
08:00:33,912810UC0,TSRYS5860825,D,S,D,2024-09-16,895000.00,3.967749,104.9140625
08:00:33,912810UC0,TSRYS5860825,D,S,D,2024-09-16,1016000.00,3.967966,104.91015625
08:00:33,912810UC0,TSRYS5860825,D,S,D,2024-09-16,895000.00,3.965798,104.94921875
08:00:33,912810UC0,TSRYS5860825,D,S,D,2024-09-16,879000.00,3.962332,105.01171875
08:00:33,912810UC0,TSRYS5860825,D,S,D,2024-09-16,931000.00,3.957355,105.1015625
08:00:33,912810UC0,TSRYS5860825,D,S,D,2024-09-16,938000.00,3.958004,105.08984375
08:00:34,912810UC0,TSRYS5860825,D,S,D,2024-09-16,1000000.00,3.961466,105.02734375
08:00:34,912810UC0,TSRYS5860825,D,S,D,2024-09-16,1000000.00,3.961466,105.02734375
08:00:37,912810UC0,TSRYS5860825,D,B,C,2024-09-16,7100000.00,3.968194,104.90605
08:00:38,912810UC0,TSRYS5860825,D,S,D,2024-09-16,2000000.00,3.971158,104.852678571
08:00:38,912810UC0,TSRYS5860825,D,S,D,2024-09-16,1000000.00,3.979039,104.7109375
08:00:39,912810UC0,TSRYS5860825,D,S,T,2024-09-16,1000000.00,3.970786,104.859375
08:00:39,912810UC0,TSRYS5860825,D,B,C,2024-09-16,5554000.00,3.971003,104.85546875
08:00:40,912810UC0,TSRYS5860825,D,S,C,2024-09-16,6600000.00,3.967749,104.9140625
08:00:41,912810UC0,TSRYS5860825,D,S,D,2024-09-16,8000000.00,3.975562,104.7734375
08:00:41,912810UC0,TSRYS5860825,D,S,D,2024-09-16,1000000.00,3.978107,104.727678571
08:00:42,912810UC0,TSRYS5860825,D,S,A,2024-09-16,7000000.00,3.968811,104.89493125
08:00:42,912810UC0,TSRYS5860825,D,S,D,2024-09-16,1000000.00,3.9684,104.90234375
08:00:42,912810UC0,TSRYS5860825,D,S,D,2024-09-16,1000000.00,3.968725,104.896484375
08:00:42,912810UC0,TSRYS5860825,D,S,T,2024-09-16,1000000.00,3.968183,104.90625
08:00:42,912810UC0,TSRYS5860825,D,S,T,2024-09-16,1000000.00,3.968183,104.90625
08:00:42,912810UC0,TSRYS5860825,D,S,D,2024-09-16,1000000.00,3.969267,104.88671875
08:00:42,912810UC0,TSRYS5860825,D,B,C,2024-09-16,900000.00,3.96646,104.9373
08:00:42,912810UC0,TSRYS5860825,D,B,C,2024-09-16,4000000.00,3.967316,104.921875
08:00:43,912810UC0,TSRYS5860825,D,S,D,2024-09-16,1000000.00,3.975996,104.765625
08:00:43,912810UC0,TSRYS5860825,D,S,D,2024-09-16,150000.00,3.966449,104.9375
08:00:43,912810UC0,TSRYS5860825,D,S,T,2024-09-16,1000000.00,3.959302,105.06640625
08:00:43,912810UC0,TSRYS5860825,D,S,T,2024-09-16,1000000.00,3.959519,105.0625
08:00:43,912810UC0,TSRYS5860825,D,S,D,2024-09-16,1000000.00,3.979691,104.69921875
08:00:43,912810UC0,TSRYS5860825,D,S,T,2024-09-16,1000000.00,3.976865,104.75
08:00:45,912810UC0,TSRYS5860825,D,S,D,2024-09-16,1000000.00,3.969267,104.88671875
08:00:45,912810UC0,TSRYS5860825,D,S,D,2024-09-16,1000000.00,3.968617,104.8984375
08:00:45,912810UC0,TSRYS5860825,D,B,A,2024-09-16,2800000.00,3.967966,104.91015625
08:00:45,912810UC0,TSRYS5860825,D,S,D,2024-09-16,895000.00,3.967966,104.91015625
08:00:45,912810UC0,TSRYS5860825,D,S,D,2024-09-16,932000.00,3.969267,104.88671875
08:00:45,912810UC0,TSRYS5860825,D,S,D,2024-09-16,1000000.00,3.967749,104.9140625
08:00:45,912810UC0,TSRYS5860825,D,S,D,2024-09-16,1000000.00,3.967749,104.9140625
08:00:46,912810UC0,TSRYS5860825,D,S,D,2024-09-16,964000.00,3.96905,104.890625
08:00:46,912810UC0,TSRYS5860825,D,S,D,2024-09-16,1000000.00,3.96905,104.890625
08:00:46,912810UC0,TSRYS5860825,D,S,T,2024-09-16,1000000.00,3.96905,104.890625
08:00:47,912810UC0,TSRYS5860825,D,B,A,2024-09-16,5000000.00,3.969267,104.88671875
08:00:47,912810UC0,TSRYS5860825,D,S,D,2024-09-16,1000000.00,3.972088,104.8359375
08:00:47,912810UC0,TSRYS5860825,D,S,D,2024-09-16,1000000.00,3.972088,104.8359375
08:00:47,912810UC0,TSRYS5860825,D,S,T,2024-09-16,3000000.00,3.972522,104.828125
08:00:47,912810UC0,TSRYS5860825,D,S,D,2024-09-16,1000000.00,3.971871,104.83984375
08:00:47,912810UC0,TSRYS5860825,D,S,T,2024-09-16,1000000.00,3.97774,104.734273
08:00:47,912810UC0,TSRYS5860825,D,S,T,2024-09-16,1000000.00,3.97774,104.734273
08:00:47,912810UC0,TSRYS5860825,D,S,T,2024-09-16,1000000.00,3.974259,104.796875
08:00:47,912810UC0,TSRYS5860825,D,S,C,2024-09-16,1041000.00,3.96905,104.890625
08:00:47,912810UC0,TSRYS5860825,D,S,D,2024-09-16,2000000.00,3.96905,104.890625
08:00:47,912810UC0,TSRYS5860825,D,S,T,2024-09-16,1000000.00,3.959519,105.0625
08:00:47,912810UC0,TSRYS5860825,D,S,T,2024-09-16,1000000.00,3.974259,104.796875
08:00:49,912810UC0,TSRYS5860825,D,S,D,2024-09-16,3000000.00,3.975127,104.78125
08:00:50,912810UC0,TSRYS5860825,D,S,A,2024-09-16,1000000.00,3.975562,104.7734375
08:00:51,912810UC0,TSRYS5860825,D,S,D,2024-09-16,1000000.00,3.978821,104.71484375
08:00:51,912810UC0,TSRYS5860825,D,S,D,2024-09-16,1000000.00,3.978821,104.71484375
08:00:52,912810UC0,TSRYS5860825,D,S,T,2024-09-16,1000000.00,3.974693,104.7890625
08:00:52,912810UC0,TSRYS5860825,D,S,T,2024-09-16,1000000.00,3.970786,104.859375
08:00:52,912810UC0,TSRYS5860825,D,B,A,2024-09-16,513000.00,3.970374,104.8667875
08:00:52,912810UC0,TSRYS5860825,D,S,D,2024-09-16,1000000.00,3.9684,104.90234375
08:00:52,912810UC0,TSRYS5860825,D,S,D,2024-09-16,1000000.00,3.968617,104.8984375
08:00:52,912810UC0,TSRYS5860825,D,S,D,2024-09-16,1041000.00,,104.890625
08:00:52,912810UC0,TSRYS5860825,D,S,D,2024-09-16,931000.00,3.967966,104.91015625
08:00:52,912810UC0,TSRYS5860825,D,S,D,2024-09-16,1000000.00,3.966665,104.93359375
08:00:53,912810UC0,TSRYS5860825,D,S,T,2024-09-16,1000000.00,3.9684,104.90234375
08:00:53,912810UC0,TSRYS5860825,D,S,D,2024-09-16,6600000.00,3.967749,104.9140625
08:01:00,912810UC0,TSRYS5860825,D,S,D,2024-09-16,1000000.00,3.973173,104.81640625
08:01:00,912810UC0,TSRYS5860825,D,S,D,2024-09-16,1000000.00,3.970786,104.859375
08:01:00,912810UC0,TSRYS5860825,D,S,D,2024-09-16,1000000.00,3.970786,104.859375
08:01:00,912810UC0,TSRYS5860825,D,S,D,2024-09-16,1000000.00,3.972088,104.8359375
08:01:00,912810UC0,TSRYS5860825,D,S,D,2024-09-16,1000000.00,3.970786,104.859375
08:01:00,912810UC0,TSRYS5860825,D,S,D,2024-09-16,1000000.00,3.972088,104.8359375
08:01:00,912810UC0,TSRYS5860825,D,S,D,2024-09-16,1000000.00,3.972088,104.8359375
08:01:00,912810UC0,TSRYS5860825,D,S,D,2024-09-16,1000000.00,3.972088,104.8359375
08:01:00,912810UC0,TSRYS5860825,D,S,D,2024-09-16,1000000.00,3.971437,104.84765625
08:01:00,912810UC0,TSRYS5860825,D,S,D,2024-09-16,1000000.00,3.971871,104.83984375
08:01:00,912810UC0,TSRYS5860825,D,S,D,2024-09-16,1000000.00,3.968617,104.8984375
08:01:00,912810UC0,TSRYS5860825,D,S,D,2024-09-16,1000000.00,3.969484,104.8828125
08:01:00,912810UC0,TSRYS5860825,D,S,D,2024-09-16,1000000.00,3.967966,104.91015625
08:01:00,912810UC0,TSRYS5860825,D,S,D,2024-09-16,1000000.00,3.968617,104.8984375
08:01:00,912810UC0,TSRYS5860825,D,S,D,2024-09-16,1000000.00,3.9684,104.90234375
08:01:00,912810UC0,TSRYS5860825,D,S,C,2024-09-16,1000000.00,3.973607,104.80859375
08:01:00,912810UC0,TSRYS5860825,D,S,D,2024-09-16,1000000.00,3.968617,104.8984375
08:01:00,912810UC0,TSRYS5860825,D,S,D,2024-09-16,1000000.00,3.975127,104.78125
08:01:00,912810UC0,TSRYS5860825,D,B,C,2024-09-16,1000000.00,3.967966,104.91015625
08:01:00,912810UC0,TSRYS5860825,D,B,C,2024-09-16,1000000.00,3.969484,104.8828125
08:01:00,912810UC0,TSRYS5860825,D,S,D,2024-09-16,1000000.00,3.97339,104.8125
08:01:00,912810UC0,TSRYS5860825,D,B,C,2024-09-16,1000000.00,3.974693,104.7890625
08:01:00,912810UC0,TSRYS5860825,D,B,C,2024-09-16,1000000.00,3.975127,104.78125
08:01:00,912810UC0,TSRYS5860825,D,S,D,2024-09-16,1000000.00,3.974693,104.7890625
08:01:00,912810UC0,TSRYS5860825,D,S,D,2024-09-16,1000000.00,3.970352,104.8671875
08:01:00,912810UC0,TSRYS5860825,D,S,D,2024-09-16,1000000.00,3.972088,104.8359375
08:01:00,912810UC0,TSRYS5860825,D,S,D,2024-09-16,1000000.00,3.972088,104.8359375
08:01:00,912810UC0,TSRYS5860825,D,S,T,2024-09-16,1000000.00,3.968833,104.89453125
08:01:00,912810UC0,TSRYS5860825,D,S,T,2024-09-16,1000000.00,3.968833,104.89453125
08:01:00,912810UC0,TSRYS5860825,D,S,D,2024-09-16,1000000.00,3.972305,104.83203125
08:01:00,912810UC0,TSRYS5860825,D,S,D,2024-09-16,1000000.00,3.970569,104.86328125
08:01:00,912810UC0,TSRYS5860825,D,B,C,2024-09-16,1000000.00,3.970352,104.8671875
08:01:00,912810UC0,TSRYS5860825,D,S,D,2024-09-16,1000000.00,3.972956,104.8203125
08:01:00,912810UC0,TSRYS5860825,D,B,C,2024-09-16,1000000.00,3.973607,104.80859375
08:01:00,912810UC0,TSRYS5860825,D,S,D,2024-09-16,1000000.00,3.972305,104.83203125
08:01:00,912810UC0,TSRYS5860825,D,B,C,2024-09-16,1000000.00,3.972956,104.8203125
08:01:00,912810UC0,TSRYS5860825,D,S,D,2024-09-16,1000000.00,3.973607,104.80859375
08:01:00,912810UC0,TSRYS5860825,D,S,D,2024-09-16,1000000.00,3.972739,104.82421875
08:01:00,912810UC0,TSRYS5860825,D,S,D,2024-09-16,1000000.00,3.973173,104.81640625
08:01:00,912810UC0,TSRYS5860825,D,B,C,2024-09-16,1000000.00,3.972305,104.83203125
08:01:00,912810UC0,TSRYS5860825,D,B,C,2024-09-16,1000000.00,3.972739,104.82421875
08:01:00,912810UC0,TSRYS5860825,D,S,D,2024-09-16,1000000.00,3.974693,104.7890625
08:01:00,912810UC0,TSRYS5860825,D,S,D,2024-09-16,1000000.00,3.974693,104.7890625
08:01:00,912810UC0,TSRYS5860825,D,S,D,2024-09-16,1000000.00,3.974476,104.79296875
08:01:00,912810UC0,TSRYS5860825,D,B,C,2024-09-16,1000000.00,3.974476,104.79296875
08:01:00,912810UC0,TSRYS5860825,D,B,C,2024-09-16,1000000.00,3.97491,104.78515625
08:01:00,912810UC0,TSRYS5860825,D,S,D,2024-09-16,1000000.00,3.97491,104.78515625
08:01:00,912810UC0,TSRYS5860825,D,S,D,2024-09-16,1000000.00,3.975127,104.78125
08:01:00,912810UC0,TSRYS5860825,D,S,D,2024-09-16,1000000.00,3.974693,104.7890625
08:01:00,912810UC0,TSRYS5860825,D,S,D,2024-09-16,1000000.00,3.974693,104.7890625
08:01:00,912810UC0,TSRYS5860825,D,B,C,2024-09-16,1000000.00,3.974041,104.80078125
08:01:00,912810UC0,TSRYS5860825,D,S,D,2024-09-16,1000000.00,3.974041,104.80078125
08:01:00,912810UC0,TSRYS5860825,D,S,D,2024-09-16,1000000.00,3.974693,104.7890625
08:01:00,912810UC0,TSRYS5860825,D,S,D,2024-09-16,1000000.00,3.974693,104.7890625
08:01:00,912810UC0,TSRYS5860825,D,S,D,2024-09-16,1016000.00,3.960817,105.0390625
08:01:00,912810UC0,TSRYS5860825,D,S,D,2024-09-16,1000000.00,3.979473,104.703125
08:01:00,912810UC0,TSRYS5860825,D,S,D,2024-09-16,1000000.00,3.975996,104.765625
08:01:00,912810UC0,TSRYS5860825,D,S,D,2024-09-16,1000000.00,3.979691,104.69921875
08:01:00,912810UC0,TSRYS5860825,D,B,C,2024-09-16,1000000.00,3.979691,104.69921875
08:01:00,912810UC0,TSRYS5860825,D,S,D,2024-09-16,1000000.00,3.979473,104.703125
08:01:01,912810UC0,TSRYS5860825,D,S,D,2024-09-16,1000000.00,3.979691,104.69921875
08:01:01,912810UC0,TSRYS5860825,D,S,D,2024-09-16,1000000.00,3.978821,104.71484375
08:01:01,912810UC0,TSRYS5860825,D,S,D,2024-09-16,1000000.00,3.977734,104.734375
08:01:01,912810UC0,TSRYS5860825,D,S,D,2024-09-16,1000000.00,3.978821,104.71484375
08:01:01,912810UC0,TSRYS5860825,D,B,C,2024-09-16,1000000.00,3.97491,104.78515625
08:01:01,912810UC0,TSRYS5860825,D,S,D,2024-09-16,1000000.00,3.97491,104.78515625
08:01:01,912810UC0,TSRYS5860825,D,B,C,2024-09-16,1000000.00,3.97491,104.78515625
08:01:01,912810UC0,TSRYS5860825,D,S,D,2024-09-16,1000000.00,3.97491,104.78515625
08:01:01,912810UC0,TSRYS5860825,D,S,D,2024-09-16,1000000.00,3.974476,104.79296875
08:01:01,912810UC0,TSRYS5860825,D,S,D,2024-09-16,1000000.00,3.97491,104.78515625
08:01:01,912810UC0,TSRYS5860825,D,B,C,2024-09-16,1000000.00,3.974476,104.79296875
08:01:01,912810UC0,TSRYS5860825,D,B,C,2024-09-16,1000000.00,3.97491,104.78515625
08:01:01,912810UC0,TSRYS5860825,D,S,C,2024-09-16,1000000.00,3.973824,104.8046875
08:01:01,912810UC0,TSRYS5860825,D,B,C,2024-09-16,1000000.00,3.973824,104.8046875
08:01:01,912810UC0,TSRYS5860825,D,S,D,2024-09-16,1000000.00,3.973607,104.80859375
08:01:01,912810UC0,TSRYS5860825,D,S,D,2024-09-16,1000000.00,3.973824,104.8046875
08:01:01,912810UC0,TSRYS5860825,D,S,D,2024-09-16,1000000.00,3.97339,104.8125
08:01:01,912810UC0,TSRYS5860825,D,S,D,2024-09-16,1000000.00,3.970786,104.859375
08:01:01,912810UC0,TSRYS5860825,D,S,D,2024-09-16,1000000.00,3.970352,104.8671875
08:01:01,912810UC0,TSRYS5860825,D,B,C,2024-09-16,1000000.00,3.970352,104.8671875
08:01:01,912810UC0,TSRYS5860825,D,S,D,2024-09-16,1000000.00,3.969267,104.88671875
08:01:01,912810UC0,TSRYS5860825,D,S,D,2024-09-16,1000000.00,3.969267,104.88671875
08:01:01,912810UC0,TSRYS5860825,D,S,D,2024-09-16,1000000.00,3.9684,104.90234375
08:01:01,912810UC0,TSRYS5860825,D,S,D,2024-09-16,1000000.00,3.968617,104.8984375
08:01:01,912810UC0,TSRYS5860825,D,S,D,2024-09-16,1000000.00,3.968617,104.8984375
08:01:01,912810UC0,TSRYS5860825,D,S,D,2024-09-16,1000000.00,3.966449,104.9375
08:01:01,912810UC0,TSRYS5860825,D,B,C,2024-09-16,1000000.00,3.966449,104.9375
08:01:01,912810UC0,TSRYS5860825,D,S,C,2024-09-16,1000000.00,3.967749,104.9140625
08:01:01,912810UC0,TSRYS5860825,D,S,D,2024-09-16,1000000.00,3.96905,104.890625
08:01:01,912810UC0,TSRYS5860825,D,B,C,2024-09-16,1000000.00,3.96905,104.890625
08:01:01,912810UC0,TSRYS5860825,D,S,D,2024-09-16,1000000.00,3.969267,104.88671875
08:01:01,912810UC0,TSRYS5860825,D,B,C,2024-09-16,1000000.00,3.969267,104.88671875
08:01:01,912810UC0,TSRYS5860825,D,S,T,2024-09-16,1000000.00,3.975133,104.781148
08:01:01,912810UC0,TSRYS5860825,D,S,T,2024-09-16,1000000.00,3.975133,104.781148
08:01:01,912810UC0,TSRYS5860825,D,S,T,2024-09-16,1000000.00,3.975133,104.781148
08:01:01,912810UC0,TSRYS5860825,D,S,T,2024-09-16,1000000.00,3.975133,104.781148
08:01:03,912810UC0,TSRYS5860825,D,S,A,2024-09-16,3000000.00,3.969701,104.87890625
08:01:03,912810UC0,TSRYS5860825,D,S,T,2024-09-16,1000000.00,3.969063,104.890398
08:01:03,912810UC0,TSRYS5860825,D,B,A,2024-09-16,1000000.00,3.969063,104.890398
08:01:04,912810UC0,TSRYS5860825,D,S,D,2024-09-16,9000000.00,3.966449,104.9375
08:01:04,912810UC0,TSRYS5860825,D,S,T,2024-09-16,1000000.00,3.966449,104.9375
08:01:04,912810UC0,TSRYS5860825,D,S,T,2024-09-16,1000000.00,3.968183,104.90625
08:01:05,912810UC0,TSRYS5860825,D,S,D,2024-09-16,500000.00,3.968205,104.90585
08:01:05,912810UC0,TSRYS5860825,D,S,T,2024-09-16,1000000.00,3.968183,104.90625
08:01:05,912810UC0,TSRYS5860825,D,S,T,2024-09-16,1000000.00,3.968183,104.90625
08:01:05,912810UC0,TSRYS5860825,D,S,T,2024-09-16,1000000.00,3.972527,104.828023
08:01:05,912810UC0,TSRYS5860825,D,S,D,2024-09-16,1000000.00,3.96905,104.890625
08:01:05,912810UC0,TSRYS5860825,D,S,T,2024-09-16,1000000.00,3.972527,104.828023
08:01:06,912810UC0,TSRYS5860825,D,S,T,2024-09-16,2000000.00,3.968183,104.90625
08:01:07,912810UC0,TSRYS5860825,D,S,D,2024-09-16,500000.00,3.959108,105.0699125
08:01:07,912810UC0,TSRYS5860825,D,B,A,2024-09-16,900000.00,3.979485,104.702925
08:01:07,912810UC0,TSRYS5860825,D,S,T,2024-09-16,1000000.00,3.976431,104.7578125
08:01:09,912810UC0,TSRYS5860825,D,S,T,2024-09-16,1000000.00,3.978609,104.718648
08:01:09,912810UC0,TSRYS5860825,D,S,T,2024-09-16,1000000.00,3.978609,104.718648
08:01:09,912810UC0,TSRYS5860825,D,S,T,2024-09-16,1000000.00,3.978609,104.718648
08:01:09,912810UC0,TSRYS5860825,D,S,T,2024-09-16,1000000.00,3.979479,104.703023
08:01:09,912810UC0,TSRYS5860825,D,S,T,2024-09-16,1000000.00,3.978609,104.718648
08:01:10,912810UC0,TSRYS5860825,D,S,A,2024-09-16,1000000.00,3.975344,104.77734375
08:01:10,912810UC0,TSRYS5860825,D,S,T,2024-09-16,1000000.00,3.959627,105.060546875
08:01:11,912810UC0,TSRYS5860825,D,S,T,2024-09-16,1000000.00,3.978604,104.71875
08:01:11,912810UC0,TSRYS5860825,D,B,C,2024-09-16,1000000.00,3.979995,104.69375
08:01:12,912810UC0,TSRYS5860825,D,B,C,2024-09-16,1000000.00,3.967749,104.9140625
08:01:12,912810UC0,TSRYS5860825,D,S,D,2024-09-16,1000000.00,3.967749,104.9140625
08:01:12,912810UC0,TSRYS5860825,D,S,D,2024-09-16,1000000.00,3.969267,104.88671875
08:01:12,912810UC0,TSRYS5860825,D,S,D,2024-09-16,1000000.00,3.967749,104.9140625
08:01:12,912810UC0,TSRYS5860825,D,S,D,2024-09-16,1000000.00,3.967749,104.9140625
08:01:12,912810UC0,TSRYS5860825,D,S,D,2024-09-16,1000000.00,3.966665,104.93359375
08:01:12,912810UC0,TSRYS5860825,D,S,D,2024-09-16,2000000.00,3.966449,104.9375
08:01:12,912810UC0,TSRYS5860825,D,S,D,2024-09-16,2000000.00,3.966449,104.9375
08:01:12,912810UC0,TSRYS5860825,D,S,C,2024-09-16,1000000.00,3.965582,104.953125
08:01:13,912810UC0,TSRYS5860825,D,B,C,2024-09-16,1000000.00,3.968183,104.90625
08:01:13,912810UC0,TSRYS5860825,D,S,D,2024-09-16,1000000.00,3.968183,104.90625
08:01:13,912810UC0,TSRYS5860825,D,S,D,2024-09-16,1000000.00,3.9684,104.90234375
08:01:13,912810UC0,TSRYS5860825,D,S,D,2024-09-16,1000000.00,3.968183,104.90625
08:01:13,912810UC0,TSRYS5860825,D,S,D,2024-09-16,1000000.00,3.968183,104.90625
08:01:13,912810UC0,TSRYS5860825,D,B,C,2024-09-16,1000000.00,3.968183,104.90625
08:01:13,912810UC0,TSRYS5860825,D,S,D,2024-09-16,1000000.00,3.968183,104.90625
08:01:13,912810UC0,TSRYS5860825,D,S,D,2024-09-16,1000000.00,3.968183,104.90625
08:01:13,912810UC0,TSRYS5860825,D,B,C,2024-09-16,1000000.00,3.968183,104.90625
08:01:14,912810UC0,TSRYS5860825,D,S,D,2024-09-16,1000000.00,3.96905,104.890625
08:01:14,912810UC0,TSRYS5860825,D,S,D,2024-09-16,1000000.00,3.966665,104.93359375
08:01:14,912810UC0,TSRYS5860825,D,S,D,2024-09-16,1000000.00,3.966665,104.93359375
08:01:14,912810UC0,TSRYS5860825,D,S,D,2024-09-16,1000000.00,3.966449,104.9375
08:01:14,912810UC0,TSRYS5860825,D,S,D,2024-09-16,1000000.00,3.961466,105.02734375
08:01:15,912810UC0,TSRYS5860825,D,S,D,2024-09-16,1000000.00,3.957355,105.1015625
08:01:16,912810UC0,TSRYS5860825,D,B,C,2024-09-16,1000000.00,3.977517,104.73828125
08:01:16,912810UC0,TSRYS5860825,D,S,T,2024-09-16,1000000.00,3.968617,104.8984375
08:01:16,912810UC0,TSRYS5860825,D,S,T,2024-09-16,1000000.00,3.967316,104.921875
08:01:17,912810UC0,TSRYS5860825,D,S,A,2024-09-16,127600.00,3.967532,104.91796875
08:01:17,912810UC0,TSRYS5860825,D,B,A,2024-09-16,5000000.00,3.969918,104.875
08:01:17,912810UC0,TSRYS5860825,D,B,C,2024-09-16,5000000.00,3.969484,104.8828125
08:01:18,912810UC0,TSRYS5860825,D,S,T,2024-09-16,1000000.00,3.965582,104.953125
08:01:18,912810UC0,TSRYS5860825,D,S,T,2024-09-16,1000000.00,3.965582,104.953125
08:01:18,912810UC0,TSRYS5860825,D,S,T,2024-09-16,1000000.00,3.965582,104.953125
08:01:18,912810UC0,TSRYS5860825,D,S,T,2024-09-16,1000000.00,3.965582,104.953125
08:01:18,912810UC0,TSRYS5860825,D,S,T,2024-09-16,1000000.00,3.96504,104.962890625
08:01:18,912810UC0,TSRYS5860825,D,S,T,2024-09-16,1000000.00,3.96504,104.962890625
08:01:19,912810UC0,TSRYS5860825,D,S,T,2024-09-16,1000000.00,3.969918,104.875
08:01:19,912810UC0,TSRYS5860825,D,B,C,2024-09-16,1000000.00,3.967099,104.92578125
08:01:19,912810UC0,TSRYS5860825,D,S,T,2024-09-16,1000000.00,3.976865,104.75
08:01:19,912810UC0,TSRYS5860825,D,S,D,2024-09-16,1000000.00,3.969592,104.880859375
08:01:20,912810UC0,TSRYS5860825,D,S,D,2024-09-16,1000000.00,3.969918,104.875
08:01:20,912810UC0,TSRYS5860825,D,S,D,2024-09-16,1000000.00,3.969918,104.875
08:01:20,912810UC0,TSRYS5860825,D,S,D,2024-09-16,1000000.00,3.969267,104.88671875
08:01:20,912810UC0,TSRYS5860825,D,B,C,2024-09-16,1000000.00,3.9684,104.90234375
08:01:20,912810UC0,TSRYS5860825,D,S,D,2024-09-16,1000000.00,3.968725,104.896484375
08:01:20,912810UC0,TSRYS5860825,D,S,D,2024-09-16,1000000.00,3.969376,104.884765625
08:01:20,912810UC0,TSRYS5860825,D,S,D,2024-09-16,1000000.00,3.969267,104.88671875
08:01:20,912810UC0,TSRYS5860825,D,S,D,2024-09-16,1000000.00,3.96905,104.890625
08:01:20,912810UC0,TSRYS5860825,D,S,D,2024-09-16,1000000.00,3.969592,104.880859375
08:01:21,912810UC0,TSRYS5860825,D,S,D,2024-09-16,1000000.00,3.972522,104.828125
08:01:21,912810UC0,TSRYS5860825,D,B,C,2024-09-16,13900000.00,3.975998,104.7656
08:01:21,912810UC0,TSRYS5860825,D,S,D,2024-09-16,1000000.00,3.972413,104.830078125
08:01:21,912810UC0,TSRYS5860825,D,S,D,2024-09-16,1000000.00,3.972196,104.833984375
08:01:21,912810UC0,TSRYS5860825,D,S,D,2024-09-16,1000000.00,3.972196,104.833984375
08:01:21,912810UC0,TSRYS5860825,D,S,T,2024-09-16,1000000.00,3.975127,104.78125
08:01:22,912810UC0,TSRYS5860825,D,S,D,2024-09-16,1000000.00,3.959519,105.0625
08:01:22,912810UC0,TSRYS5860825,D,S,D,2024-09-16,1000000.00,3.972522,104.828125
08:01:22,912810UC0,TSRYS5860825,D,S,D,2024-09-16,1000000.00,3.972522,104.828125
08:01:23,912810UC0,TSRYS5860825,D,S,C,2024-09-16,1000000.00,3.970786,104.859375
08:01:23,912810UC0,TSRYS5860825,D,S,D,2024-09-16,1000000.00,3.970894,104.857421875
08:01:23,912810UC0,TSRYS5860825,D,S,D,2024-09-16,1000000.00,3.97122,104.8515625
08:01:23,912810UC0,TSRYS5860825,D,S,D,2024-09-16,1000000.00,3.971654,104.84375
08:01:23,912810UC0,TSRYS5860825,D,S,D,2024-09-16,1000000.00,3.970786,104.859375
08:01:23,912810UC0,TSRYS5860825,D,S,D,2024-09-16,1000000.00,3.970786,104.859375
08:01:23,912810UC0,TSRYS5860825,D,S,D,2024-09-16,1000000.00,3.971654,104.84375
08:01:24,912810UC0,TSRYS5860825,D,S,D,2024-09-16,1000000.00,3.970786,104.859375
08:01:24,912810UC0,TSRYS5860825,D,S,D,2024-09-16,1000000.00,3.971545,104.845703125
08:01:24,912810UC0,TSRYS5860825,D,B,C,2024-09-16,1000000.00,3.971654,104.84375
08:01:24,912810UC0,TSRYS5860825,D,S,D,2024-09-16,1000000.00,3.971654,104.84375
08:01:24,912810UC0,TSRYS5860825,D,B,C,2024-09-16,1000000.00,3.969592,104.88085937
08:01:24,912810UC0,TSRYS5860825,D,B,C,2024-09-16,1000000.00,3.969701,104.87890625
08:01:24,912810UC0,TSRYS5860825,D,S,D,2024-09-16,1000000.00,3.970786,104.859375
08:01:24,912810UC0,TSRYS5860825,D,B,C,2024-09-16,1000000.00,3.969701,104.87890625
08:01:24,912810UC0,TSRYS5860825,D,B,C,2024-09-16,4000000.00,3.970824,104.85868
08:01:24,912810UC0,TSRYS5860825,D,B,C,2024-09-16,1000000.00,3.969701,104.87890625
08:01:24,912810UC0,TSRYS5860825,D,B,C,2024-09-16,1000000.00,3.969701,104.87890625
08:01:24,912810UC0,TSRYS5860825,D,S,D,2024-09-16,1000000.00,3.968833,104.89453125
08:01:24,912810UC0,TSRYS5860825,D,S,D,2024-09-16,3000000.00,3.968617,104.8984375
08:01:24,912810UC0,TSRYS5860825,D,S,T,2024-09-16,1000000.00,3.976865,104.75
08:01:25,912810UC0,TSRYS5860825,D,S,T,2024-09-16,1000000.00,3.969918,104.875
08:01:25,912810UC0,TSRYS5860825,D,S,T,2024-09-16,1000000.00,3.976865,104.75
08:01:26,912810UC0,TSRYS5860825,D,S,D,2024-09-16,1000000.00,3.97339,104.8125
08:01:26,912810UC0,TSRYS5860825,D,B,C,2024-09-16,1000000.00,3.973499,104.810546875
08:01:26,912810UC0,TSRYS5860825,D,S,D,2024-09-16,1000000.00,3.973499,104.810546875
08:01:26,912810UC0,TSRYS5860825,D,S,D,2024-09-16,1000000.00,3.973716,104.806640625
08:01:26,912810UC0,TSRYS5860825,D,S,C,2024-09-16,1000000.00,3.975996,104.765625
08:01:26,912810UC0,TSRYS5860825,D,S,D,2024-09-16,1000000.00,3.975996,104.765625
08:01:27,912810UC0,TSRYS5860825,D,S,D,2024-09-16,1000000.00,3.977626,104.736328125
08:01:27,912810UC0,TSRYS5860825,D,S,C,2024-09-16,5000000.00,3.980126,104.69140625
08:01:28,912810UC0,TSRYS5860825,D,S,D,2024-09-16,1000000.00,3.971654,104.84375
08:01:28,912810UC0,TSRYS5860825,D,S,D,2024-09-16,1000000.00,3.971654,104.84375
08:01:28,912810UC0,TSRYS5860825,D,S,D,2024-09-16,1000000.00,3.97122,104.8515625
08:01:28,912810UC0,TSRYS5860825,D,S,D,2024-09-16,1000000.00,3.97122,104.8515625
08:01:28,912810UC0,TSRYS5860825,D,S,D,2024-09-16,1000000.00,3.96905,104.890625
08:01:28,912810UC0,TSRYS5860825,D,S,D,2024-09-16,1000000.00,3.972847,104.82226562
08:01:28,912810UC0,TSRYS5860825,D,S,D,2024-09-16,1000000.00,3.972847,104.82226562
08:01:29,912810UC0,TSRYS5860825,D,S,D,2024-09-16,1000000.00,3.972847,104.82226562
08:01:29,912810UC0,TSRYS5860825,D,S,D,2024-09-16,1000000.00,3.97339,104.8125
08:01:29,912810UC0,TSRYS5860825,D,S,D,2024-09-16,1000000.00,3.97339,104.8125
08:01:29,912810UC0,TSRYS5860825,D,B,C,2024-09-16,5000000.00,3.973078,104.81811
08:01:29,912810UC0,TSRYS5860825,D,S,A,2024-09-16,20000000.00,3.976865,104.75
08:01:29,912810UC0,TSRYS5860825,D,B,C,2024-09-16,1000000.00,3.977734,104.734375
08:01:29,912810UC0,TSRYS5860825,D,B,C,2024-09-16,1000000.00,3.977626,104.73632812
08:01:29,912810UC0,TSRYS5860825,D,S,D,2024-09-16,5000000.00,3.977503,104.73853
08:01:31,912810UC0,TSRYS5860825,D,B,C,2024-09-16,1000000.00,3.973173,104.81640625
08:01:31,912810UC0,TSRYS5860825,D,S,D,2024-09-16,1000000.00,3.973173,104.81640625
08:01:32,912810UC0,TSRYS5860825,D,S,C,2024-09-16,1000000.00,3.975127,104.78125
08:01:32,912810UC0,TSRYS5860825,D,S,T,2024-09-16,1000000.00,3.975127,104.78125
08:01:32,912810UC0,TSRYS5860825,D,S,D,2024-09-16,1000000.00,3.975453,104.775390625
08:01:32,912810UC0,TSRYS5860825,D,B,C,2024-09-16,1000000.00,3.975453,104.775390625
08:01:32,912810UC0,TSRYS5860825,D,S,D,2024-09-16,1000000.00,3.97339,104.8125
08:01:33,912810UC0,TSRYS5860825,D,S,A,2024-09-16,1000000.00,3.968174,104.906402
08:01:33,912810UC0,TSRYS5860825,D,B,A,2024-09-16,10000000.00,3.969918,104.875
08:01:33,912810UC0,TSRYS5860825,D,B,A,2024-09-16,4000000.00,3.966882,104.9296875
08:01:33,912810UC0,TSRYS5860825,D,S,C,2024-09-16,4000000.00,3.966882,104.9296875
08:01:33,912810UC0,TSRYS5860825,D,S,T,2024-09-16,1000000.00,3.969057,104.890495
08:01:33,912810UC0,TSRYS5860825,D,S,T,2024-09-16,1000000.00,3.969057,104.890495
08:01:33,912810UC0,TSRYS5860825,D,S,T,2024-09-16,1000000.00,3.969057,104.890495
08:01:33,912810UC0,TSRYS5860825,D,S,T,2024-09-16,1000000.00,3.969925,104.87487
08:01:33,912810UC0,TSRYS5860825,D,S,T,2024-09-16,1000000.00,3.969925,104.87487
08:01:33,912810UC0,TSRYS5860825,D,B,C,2024-09-16,1000000.00,3.979473,104.703125
08:01:33,912810UC0,TSRYS5860825,D,S,D,2024-09-16,1000000.00,3.979473,104.703125
08:01:34,912810UC0,TSRYS5860825,D,S,A,2024-09-16,10000000.00,3.971003,104.85546875
08:01:34,912810UC0,TSRYS5860825,D,S,D,2024-09-16,1000000.00,3.978604,104.71875
08:01:34,912810UC0,TSRYS5860825,D,S,D,2024-09-16,1000000.00,3.980343,104.6875
08:01:34,912810UC0,TSRYS5860825,D,S,C,2024-09-16,1000000.00,3.980343,104.6875
08:01:34,912810UC0,TSRYS5860825,D,S,D,2024-09-16,1000000.00,3.978821,104.71484375
08:01:34,912810UC0,TSRYS5860825,D,B,C,2024-09-16,1000000.00,3.978821,104.71484375
08:01:34,912810UC0,TSRYS5860825,D,S,D,2024-09-16,1000000.00,3.978604,104.71875
08:01:35,912810UC0,TSRYS5860825,D,S,A,2024-09-16,6000.00,3.972505,104.828125
08:01:35,912810UC0,TSRYS5860825,D,S,D,2024-09-16,1000000.00,3.978495,104.720703125
08:01:35,912810UC0,TSRYS5860825,D,S,D,2024-09-16,1000000.00,3.979473,104.703125
08:01:35,912810UC0,TSRYS5860825,D,S,D,2024-09-16,1000000.00,3.979473,104.703125
08:01:36,912810UC0,TSRYS5860825,D,S,D,2024-09-16,1000000.00,3.978386,104.72265625
08:01:36,912810UC0,TSRYS5860825,D,S,C,2024-09-16,1000000.00,3.975996,104.765625
08:01:36,912810UC0,TSRYS5860825,D,S,D,2024-09-16,1000000.00,3.975996,104.765625
08:01:36,912810UC0,TSRYS5860825,D,S,D,2024-09-16,1000000.00,3.97567,104.771484375
08:01:37,912810UC0,TSRYS5860825,D,S,D,2024-09-16,2000000.00,3.967966,104.91015625
08:01:37,912810UC0,TSRYS5860825,D,S,A,2024-09-16,1000000.00,3.980126,104.69140625
08:01:37,912810UC0,TSRYS5860825,D,S,D,2024-09-16,1000000.00,3.974259,104.796875
08:01:37,912810UC0,TSRYS5860825,D,S,D,2024-09-16,1000000.00,3.973716,104.806640625
08:01:37,912810UC0,TSRYS5860825,D,S,D,2024-09-16,1000000.00,3.974259,104.796875
08:01:37,912810UC0,TSRYS5860825,D,S,D,2024-09-16,1000000.00,3.974476,104.79296875
08:01:37,912810UC0,TSRYS5860825,D,S,D,2024-09-16,2000000.00,3.974693,104.7890625
08:01:37,912810UC0,TSRYS5860825,D,B,C,2024-09-16,2000000.00,3.974693,104.7890625
08:01:37,912810UC0,TSRYS5860825,D,S,D,2024-09-16,1000000.00,3.974693,104.7890625
08:01:37,912810UC0,TSRYS5860825,D,S,D,2024-09-16,1000000.00,3.975127,104.78125
08:01:37,912810UC0,TSRYS5860825,D,S,C,2024-09-16,10000000.00,3.970026,104.87305
08:01:38,912810UC0,TSRYS5860825,D,S,A,2024-09-16,3000000.00,3.975996,104.765625
08:01:38,912810UC0,TSRYS5860825,D,S,D,2024-09-16,1000000.00,3.970786,104.859375
08:01:39,912810UC0,TSRYS5860825,D,S,D,2024-09-16,1000000.00,3.967966,104.91015625
08:01:39,912810UC0,TSRYS5860825,D,S,D,2024-09-16,1041000.00,3.967532,104.91796875
08:01:40,912810UC0,TSRYS5860825,D,S,D,2024-09-16,1000000.00,3.96905,104.890625
08:01:40,912810UC0,TSRYS5860825,D,S,D,2024-09-16,1000000.00,3.96905,104.890625
08:01:40,912810UC0,TSRYS5860825,D,B,C,2024-09-16,2000000.00,3.979473,104.703125
08:01:40,912810UC0,TSRYS5860825,D,S,T,2024-09-16,1000000.00,3.979485,104.702925
08:01:40,912810UC0,TSRYS5860825,D,S,D,2024-09-16,1000000.00,3.968725,104.896484375
08:01:40,912810UC0,TSRYS5860825,D,S,D,2024-09-16,1000000.00,3.968725,104.896484375
08:01:40,912810UC0,TSRYS5860825,D,S,D,2024-09-16,1000000.00,3.968833,104.89453125
08:01:40,912810UC0,TSRYS5860825,D,S,D,2024-09-16,1000000.00,3.969267,104.88671875
08:01:41,912810UC0,TSRYS5860825,D,S,D,2024-09-16,1000000.00,3.968183,104.90625
08:01:41,912810UC0,TSRYS5860825,D,S,D,2024-09-16,1000000.00,3.967966,104.91015625
08:01:41,912810UC0,TSRYS5860825,D,S,D,2024-09-16,1000000.00,3.967966,104.91015625
08:01:41,912810UC0,TSRYS5860825,D,S,D,2024-09-16,1000000.00,3.968291,104.904296875
08:01:41,912810UC0,TSRYS5860825,D,S,D,2024-09-16,1000000.00,3.968074,104.908203125
08:01:41,912810UC0,TSRYS5860825,D,S,T,2024-09-16,1000000.00,3.970793,104.85925
08:01:42,912810UC0,TSRYS5860825,D,S,T,2024-09-16,1000000.00,3.969925,104.874875
08:01:42,912810UC0,TSRYS5860825,D,S,T,2024-09-16,1000000.00,3.969925,104.874875
08:01:42,912810UC0,TSRYS5860825,D,S,T,2024-09-16,1000000.00,3.971654,104.84375
08:01:42,912810UC0,TSRYS5860825,D,S,T,2024-09-16,1000000.00,3.969925,104.874875
08:01:42,912810UC0,TSRYS5860825,D,S,T,2024-09-16,1000000.00,3.969057,104.8905
08:01:42,912810UC0,TSRYS5860825,D,S,C,2024-09-16,1000000.00,3.967316,104.921875
08:01:42,912810UC0,TSRYS5860825,D,S,C,2024-09-16,1000000.00,3.968183,104.906425
08:01:42,912810UC0,TSRYS5860825,D,B,C,2024-09-16,1000000.00,3.967316,104.921875
08:01:42,912810UC0,TSRYS5860825,D,S,D,2024-09-16,1000000.00,3.967316,104.921875
08:01:42,912810UC0,TSRYS5860825,D,S,T,2024-09-16,1000000.00,3.969592,104.880859375
08:01:42,912810UC0,TSRYS5860825,D,S,T,2024-09-16,1000000.00,3.969918,104.875
08:01:42,912810UC0,TSRYS5860825,D,S,D,2024-09-16,1000000.00,3.967749,104.9140625
08:01:42,912810UC0,TSRYS5860825,D,S,D,2024-09-16,1000000.00,3.967749,104.9140625
08:01:42,912810UC0,TSRYS5860825,D,S,T,2024-09-16,1000000.00,3.969918,104.875
08:01:42,912810UC0,TSRYS5860825,D,S,T,2024-09-16,1000000.00,3.969925,104.874875
08:01:43,912810UC0,TSRYS5860825,D,S,D,2024-09-16,1000000.00,3.967316,104.921875
08:01:43,912810UC0,TSRYS5860825,D,S,D,2024-09-16,1000000.00,3.967858,104.912109375
08:01:43,912810UC0,TSRYS5860825,D,S,T,2024-09-16,1000000.00,3.969267,104.88671875
08:01:43,912810UC0,TSRYS5860825,D,S,T,2024-09-16,1000000.00,3.969274,104.88659375
08:01:43,912810UC0,TSRYS5860825,D,S,D,2024-09-16,1000000.00,3.968074,104.908203125
08:01:43,912810UC0,TSRYS5860825,D,S,D,2024-09-16,1000000.00,3.968183,104.90625
08:01:43,912810UC0,TSRYS5860825,D,S,T,2024-09-16,1000000.00,3.978495,104.72070312
08:01:43,912810UC0,TSRYS5860825,D,S,D,2024-09-16,1000000.00,3.968183,104.90625
08:01:43,912810UC0,TSRYS5860825,D,S,D,2024-09-16,1000000.00,3.968183,104.90625
08:01:43,912810UC0,TSRYS5860825,D,S,D,2024-09-16,1000000.00,3.968291,104.904296875
08:01:43,912810UC0,TSRYS5860825,D,S,D,2024-09-16,1000000.00,3.979365,104.70507812
08:01:43,912810UC0,TSRYS5860825,D,S,D,2024-09-16,1000000.00,3.979473,104.703125
08:01:43,912810UC0,TSRYS5860825,D,S,D,2024-09-16,1000000.00,3.968183,104.90625
08:01:43,912810UC0,TSRYS5860825,D,S,D,2024-09-16,1000000.00,3.979473,104.703125
08:01:43,912810UC0,TSRYS5860825,D,S,D,2024-09-16,1000000.00,3.9798,104.69726562
08:01:44,912810UC0,TSRYS5860825,D,S,D,2024-09-16,1000000.00,3.968074,104.908203125
08:01:44,912810UC0,TSRYS5860825,D,S,D,2024-09-16,1000000.00,3.966449,104.9375
08:01:44,912810UC0,TSRYS5860825,D,S,D,2024-09-16,1000000.00,3.965907,104.947265625
08:01:44,912810UC0,TSRYS5860825,D,S,D,2024-09-16,1000000.00,3.965907,104.947265625
08:01:44,912810UC0,TSRYS5860825,D,S,D,2024-09-16,1000000.00,3.96569,104.951171875
08:01:44,912810UC0,TSRYS5860825,D,S,D,2024-09-16,1000000.00,3.962766,105.00390625
08:01:44,912810UC0,TSRYS5860825,D,S,D,2024-09-16,1000000.00,3.962549,105.0078125
08:01:44,912810UC0,TSRYS5860825,D,S,D,2024-09-16,1000000.00,3.979691,104.69921875
08:01:44,912810UC0,TSRYS5860825,D,S,D,2024-09-16,1000000.00,3.9798,104.69726562
08:01:44,912810UC0,TSRYS5860825,D,S,T,2024-09-16,1000000.00,3.979485,104.702925
08:01:44,912810UC0,TSRYS5860825,D,S,D,2024-09-16,1000000.00,3.961791,105.021484375
08:01:44,912810UC0,TSRYS5860825,D,S,D,2024-09-16,1000000.00,3.961575,105.025390625
08:01:44,912810UC0,TSRYS5860825,D,S,D,2024-09-16,1000000.00,3.961575,105.025390625
08:01:44,912810UC0,TSRYS5860825,D,S,D,2024-09-16,1000000.00,3.961466,105.02734375
08:01:44,912810UC0,TSRYS5860825,D,S,T,2024-09-16,1000000.00,3.979485,104.702925
08:01:44,912810UC0,TSRYS5860825,D,S,D,2024-09-16,1000000.00,3.979691,104.69921875
08:01:44,912810UC0,TSRYS5860825,D,S,D,2024-09-16,1000000.00,3.9798,104.69726562
08:01:44,912810UC0,TSRYS5860825,D,S,T,2024-09-16,1000000.00,3.979473,104.703125
08:01:44,912810UC0,TSRYS5860825,D,S,D,2024-09-16,1000000.00,3.9798,104.69726562
08:01:44,912810UC0,TSRYS5860825,D,S,D,2024-09-16,1000000.00,3.9798,104.69726562
08:01:45,912810UC0,TSRYS5860825,D,S,D,2024-09-16,1000000.00,3.9798,104.69726562
08:01:45,912810UC0,TSRYS5860825,D,S,D,2024-09-16,1000000.00,3.978604,104.71875
08:01:45,912810UC0,TSRYS5860825,D,S,D,2024-09-16,1000000.00,3.978604,104.71875
08:01:45,912810UC0,TSRYS5860825,D,S,T,2024-09-16,1000000.00,3.978386,104.72265625
08:01:45,912810UC0,TSRYS5860825,D,S,D,2024-09-16,1000000.00,3.978386,104.72265625
08:01:45,912810UC0,TSRYS5860825,D,S,D,2024-09-16,1000000.00,3.958653,105.078125
08:01:46,912810UC0,TSRYS5860825,D,S,D,2024-09-16,1000000.00,3.958545,105.080078125
08:01:46,912810UC0,TSRYS5860825,D,S,D,2024-09-16,1000000.00,3.958545,105.080078125
08:01:46,912810UC0,TSRYS5860825,D,S,D,2024-09-16,1000000.00,3.958653,105.078125
08:01:46,912810UC0,TSRYS5860825,D,S,D,2024-09-16,1000000.00,3.975779,104.76953125
08:01:46,912810UC0,TSRYS5860825,D,S,C,2024-09-16,1000000.00,3.95768,105.095703125
08:01:46,912810UC0,TSRYS5860825,D,S,C,2024-09-16,1000000.00,3.958653,105.078125
08:01:46,912810UC0,TSRYS5860825,D,S,D,2024-09-16,1000000.00,3.958653,105.078125
08:01:46,912810UC0,TSRYS5860825,D,S,T,2024-09-16,1000000.00,3.974259,104.796875
08:01:46,912810UC0,TSRYS5860825,D,S,C,2024-09-16,3000000.00,3.974745,104.78812
08:01:46,912810UC0,TSRYS5860825,D,S,D,2024-09-16,1000000.00,3.974259,104.796875
08:01:46,912810UC0,TSRYS5860825,D,S,T,2024-09-16,1000000.00,3.97427,104.796675
08:01:46,912810UC0,TSRYS5860825,D,S,C,2024-09-16,1000000.00,3.959627,105.060546875
08:01:46,912810UC0,TSRYS5860825,D,S,D,2024-09-16,1000000.00,3.973824,104.8046875
08:01:46,912810UC0,TSRYS5860825,D,S,T,2024-09-16,1000000.00,3.973716,104.80664062
08:01:46,912810UC0,TSRYS5860825,D,S,D,2024-09-16,1000000.00,3.973716,104.80664062
08:01:46,912810UC0,TSRYS5860825,D,S,D,2024-09-16,1000000.00,3.974041,104.80078125
08:01:46,912810UC0,TSRYS5860825,D,S,D,2024-09-16,1000000.00,3.974476,104.79296875
08:01:46,912810UC0,TSRYS5860825,D,S,T,2024-09-16,1000000.00,3.970793,104.859245
08:01:46,912810UC0,TSRYS5860825,D,S,D,2024-09-16,1000000.00,3.974041,104.80078125
08:01:46,912810UC0,TSRYS5860825,D,S,T,2024-09-16,1000000.00,3.974259,104.796875
08:01:46,912810UC0,TSRYS5860825,D,S,D,2024-09-16,1000000.00,3.974041,104.80078125
08:01:46,912810UC0,TSRYS5860825,D,S,T,2024-09-16,1000000.00,3.974476,104.79296875
08:01:46,912810UC0,TSRYS5860825,D,S,D,2024-09-16,1000000.00,3.974259,104.796875
08:01:47,912810UC0,TSRYS5860825,D,S,T,2024-09-16,1000000.00,3.975127,104.78125
08:01:48,912810UC0,TSRYS5860825,D,S,T,2024-09-16,1000000.00,3.974259,104.796875
08:01:48,912810UC0,TSRYS5860825,D,S,T,2024-09-16,1000000.00,3.97339,104.8125
08:01:48,912810UC0,TSRYS5860825,D,S,T,2024-09-16,1000000.00,3.972522,104.828125
08:01:49,912810UC0,TSRYS5860825,D,S,T,2024-09-16,1000000.00,3.971654,104.84375
08:01:49,912810UC0,TSRYS5860825,D,S,T,2024-09-16,1000000.00,3.969918,104.875
08:01:50,912810UC0,TSRYS5860825,D,S,D,2024-09-16,1000000.00,3.971437,104.84765625
08:01:50,912810UC0,TSRYS5860825,D,S,T,2024-09-16,1000000.00,3.970786,104.859375
08:01:50,912810UC0,TSRYS5860825,D,B,C,2024-09-16,19000000.00,3.97915,104.70894
08:01:50,912810UC0,TSRYS5860825,D,S,T,2024-09-16,1000000.00,3.975127,104.78125
08:01:50,912810UC0,TSRYS5860825,D,S,D,2024-09-16,1000000.00,3.966665,104.93359375
08:01:51,912810UC0,TSRYS5860825,D,S,D,2024-09-16,1000000.00,3.968508,104.90039062
08:01:51,912810UC0,TSRYS5860825,D,S,T,2024-09-16,1000000.00,3.975996,104.765625
08:01:51,912810UC0,TSRYS5860825,D,S,T,2024-09-16,1000000.00,3.96905,104.890625
08:01:51,912810UC0,TSRYS5860825,D,S,T,2024-09-16,1000000.00,3.96905,104.890625
08:01:51,912810UC0,TSRYS5860825,D,S,T,2024-09-16,1000000.00,3.969061,104.890425
08:01:51,912810UC0,TSRYS5860825,D,S,T,2024-09-16,1000000.00,3.969061,104.890425
08:01:51,912810UC0,TSRYS5860825,D,S,T,2024-09-16,1000000.00,3.976865,104.75
08:01:51,912810UC0,TSRYS5860825,D,B,C,2024-09-16,4000000.00,3.969167,104.88852
08:01:51,912810UC0,TSRYS5860825,D,S,D,2024-09-16,1000000.00,3.969267,104.88671875
08:01:51,912810UC0,TSRYS5860825,D,S,T,2024-09-16,1000000.00,3.97339,104.8125
08:01:52,912810UC0,TSRYS5860825,D,S,D,2024-09-16,1000000.00,3.968291,104.90429687
08:01:52,912810UC0,TSRYS5860825,D,S,D,2024-09-16,26640000.00,3.970352,104.8671875
08:01:52,912810UC0,TSRYS5860825,D,S,T,2024-09-16,1000000.00,3.968183,104.90625
08:01:52,912810UC0,TSRYS5860825,D,S,T,2024-09-16,1000000.00,3.968183,104.90625
08:01:53,912810UC0,TSRYS5860825,D,S,D,2024-09-16,1000000.00,3.969267,104.88671875
08:01:53,912810UC0,TSRYS5860825,D,S,T,2024-09-16,1000000.00,3.969267,104.88671875
08:01:53,912810UC0,TSRYS5860825,D,S,D,2024-09-16,1000000.00,3.967858,104.91210937
08:01:54,912810UC0,TSRYS5860825,D,B,C,2024-09-16,14000000.00,3.972113,104.83549
08:01:55,912810UC0,TSRYS5860825,D,S,D,2024-09-16,1000000.00,3.968833,104.89453125
08:01:55,912810UC0,TSRYS5860825,D,S,D,2024-09-16,1000000.00,3.96905,104.890625
08:01:55,912810UC0,TSRYS5860825,D,S,T,2024-09-16,1000000.00,3.978604,104.71875
08:01:55,912810UC0,TSRYS5860825,D,S,D,2024-09-16,1000000.00,3.968508,104.90039062
08:01:55,912810UC0,TSRYS5860825,D,S,T,2024-09-16,1000000.00,3.968291,104.90429687
08:01:55,912810UC0,TSRYS5860825,D,S,D,2024-09-16,1000000.00,3.968291,104.90429687
08:01:55,912810UC0,TSRYS5860825,D,S,D,2024-09-16,1000000.00,3.967966,104.91015625
08:01:55,912810UC0,TSRYS5860825,D,S,D,2024-09-16,1000000.00,3.967966,104.91015625
08:01:55,912810UC0,TSRYS5860825,D,S,D,2024-09-16,1000000.00,3.968291,104.90429687
08:01:56,912810UC0,TSRYS5860825,D,S,D,2024-09-16,1000000.00,3.968508,104.90039062
08:01:56,912810UC0,TSRYS5860825,D,S,D,2024-09-16,1000000.00,3.969267,104.88671875
08:01:56,912810UC0,TSRYS5860825,D,S,D,2024-09-16,1000000.00,3.969376,104.88476562
08:01:56,912810UC0,TSRYS5860825,D,S,D,2024-09-16,1000000.00,3.969592,104.88085937
08:01:56,912810UC0,TSRYS5860825,D,S,D,2024-09-16,1000000.00,3.969484,104.8828125
08:01:56,912810UC0,TSRYS5860825,D,S,D,2024-09-16,1000000.00,3.968074,104.90820312
08:01:56,912810UC0,TSRYS5860825,D,B,C,2024-09-16,6000000.00,3.96841,104.90216
08:01:56,912810UC0,TSRYS5860825,D,S,C,2024-09-16,1000000.00,3.974246,104.7971
08:01:56,912810UC0,TSRYS5860825,D,S,D,2024-09-16,1000000.00,3.968074,104.90820312
08:01:56,912810UC0,TSRYS5860825,D,S,T,2024-09-16,1000000.00,3.968074,104.90820312
08:01:56,912810UC0,TSRYS5860825,D,S,D,2024-09-16,1000000.00,3.967641,104.91601562
08:01:56,912810UC0,TSRYS5860825,D,S,D,2024-09-16,1000000.00,3.974253,104.796977
08:01:56,912810UC0,TSRYS5860825,D,S,C,2024-09-16,1000000.00,3.97339,104.8125
08:01:56,912810UC0,TSRYS5860825,D,B,C,2024-09-16,1000000.00,3.974259,104.796875
08:01:56,912810UC0,TSRYS5860825,D,B,C,2024-09-16,1000000.00,3.973396,104.8124
08:01:56,912810UC0,TSRYS5860825,D,S,D,2024-09-16,1000000.00,3.967424,104.91992187
08:01:57,912810UC0,TSRYS5860825,D,B,C,2024-09-16,6000000.00,3.968836,104.89448
08:01:57,912810UC0,TSRYS5860825,D,S,C,2024-09-16,1000000.00,3.975122,104.78135
08:01:57,912810UC0,TSRYS5860825,D,S,A,2024-09-16,5000000.00,3.973824,104.8046875
08:01:57,912810UC0,TSRYS5860825,D,B,C,2024-09-16,1000000.00,3.975127,104.78125
08:01:57,912810UC0,TSRYS5860825,D,S,D,2024-09-16,1000000.00,3.959519,105.0625
08:01:57,912810UC0,TSRYS5860825,D,S,D,2024-09-16,1000000.00,3.977734,104.734375
08:01:57,912810UC0,TSRYS5860825,D,B,C,2024-09-16,1000000.00,3.977734,104.734375
08:01:58,912810UC0,TSRYS5860825,D,S,C,2024-09-16,1000000.00,3.978593,104.71895
08:01:58,912810UC0,TSRYS5860825,D,B,C,2024-09-16,1000000.00,3.978604,104.71875
08:01:58,912810UC0,TSRYS5860825,D,S,C,2024-09-16,1000000.00,3.979468,104.703225
08:01:58,912810UC0,TSRYS5860825,D,S,D,2024-09-16,1000000.00,3.979473,104.703125
08:01:58,912810UC0,TSRYS5860825,D,B,C,2024-09-16,1000000.00,3.979473,104.703125
08:01:58,912810UC0,TSRYS5860825,D,B,C,2024-09-16,1000000.00,3.979473,104.703125
08:01:58,912810UC0,TSRYS5860825,D,S,D,2024-09-16,1000000.00,3.977734,104.734375
08:01:58,912810UC0,TSRYS5860825,D,S,C,2024-09-16,1000000.00,3.977734,104.734375
08:01:58,912810UC0,TSRYS5860825,D,B,C,2024-09-16,2000000.00,3.976865,104.75
08:01:58,912810UC0,TSRYS5860825,D,S,D,2024-09-16,1000000.00,3.976858,104.75013
08:01:58,912810UC0,TSRYS5860825,D,S,D,2024-09-16,1000000.00,3.976858,104.75013
08:01:58,912810UC0,TSRYS5860825,D,B,C,2024-09-16,1000000.00,3.976871,104.7499
08:01:58,912810UC0,TSRYS5860825,D,S,D,2024-09-16,1000000.00,3.976858,104.75013
08:01:58,912810UC0,TSRYS5860825,D,S,D,2024-09-16,2000000.00,3.976858,104.75013
08:01:58,912810UC0,TSRYS5860825,D,S,A,2024-09-16,5000000.00,3.967316,104.921875
08:01:58,912810UC0,TSRYS5860825,D,S,D,2024-09-16,1000000.00,3.976858,104.75013
08:01:58,912810UC0,TSRYS5860825,D,B,C,2024-09-16,1000000.00,3.976865,104.75
08:01:58,912810UC0,TSRYS5860825,D,S,C,2024-09-16,1000000.00,3.976851,104.75025
08:01:58,912810UC0,TSRYS5860825,D,S,D,2024-09-16,1000000.00,3.974251,104.797005
08:01:58,912810UC0,TSRYS5860825,D,B,C,2024-09-16,1000000.00,3.97427,104.796675
08:01:59,912810UC0,TSRYS5860825,D,S,T,2024-09-16,1000000.00,3.969918,104.875
08:01:59,912810UC0,TSRYS5860825,D,S,D,2024-09-16,1000000.00,3.974259,104.796875
08:01:59,912810UC0,TSRYS5860825,D,S,D,2024-09-16,1000000.00,3.973383,104.81263
08:01:59,912810UC0,TSRYS5860825,D,B,C,2024-09-16,1000000.00,3.97339,104.8125
08:01:59,912810UC0,TSRYS5860825,D,S,T,2024-09-16,1000000.00,3.969918,104.875
08:01:59,912810UC0,TSRYS5860825,D,S,T,2024-09-16,1000000.00,3.969918,104.875
08:01:59,912810UC0,TSRYS5860825,D,S,D,2024-09-16,1000000.00,3.97339,104.8125
08:01:59,912810UC0,TSRYS5860825,D,S,D,2024-09-16,1000000.00,3.973383,104.81263
08:01:59,912810UC0,TSRYS5860825,D,S,C,2024-09-16,1000000.00,3.972522,104.828125
08:01:59,912810UC0,TSRYS5860825,D,S,D,2024-09-16,1000000.00,3.967099,104.92578125
08:01:59,912810UC0,TSRYS5860825,D,S,D,2024-09-16,1000000.00,3.967641,104.91601562
08:01:59,912810UC0,TSRYS5860825,D,S,D,2024-09-16,1000000.00,3.967749,104.9140625
08:02:00,912810UC0,TSRYS5860825,D,S,D,2024-09-16,1000000.00,3.967749,104.9140625
08:02:00,912810UC0,TSRYS5860825,D,B,C,2024-09-16,6000000.00,3.967871,104.91186
08:02:00,912810UC0,TSRYS5860825,D,S,C,2024-09-16,1000000.00,3.97078,104.859475
08:02:00,912810UC0,TSRYS5860825,D,S,D,2024-09-16,1000000.00,3.970786,104.859375
08:02:00,912810UC0,TSRYS5860825,D,S,D,2024-09-16,1000000.00,3.970786,104.859375
08:02:00,912810UC0,TSRYS5860825,D,B,C,2024-09-16,1000000.00,3.970798,104.85915
08:02:00,912810UC0,TSRYS5860825,D,S,C,2024-09-16,1000000.00,3.970786,104.859375
08:02:00,912810UC0,TSRYS5860825,D,S,C,2024-09-16,1000000.00,3.969918,104.875
08:02:00,912810UC0,TSRYS5860825,D,B,C,2024-09-16,1000000.00,3.970798,104.85915
08:02:00,912810UC0,TSRYS5860825,D,B,C,2024-09-16,1000000.00,3.96993,104.874775
08:02:00,912810UC0,TSRYS5860825,D,B,C,2024-09-16,1000000.00,3.969063,104.8904
08:02:00,912810UC0,TSRYS5860825,D,S,D,2024-09-16,1000000.00,3.96905,104.890625
08:02:00,912810UC0,TSRYS5860825,D,B,A,2024-09-16,5000000.00,3.973173,104.81640625
08:02:00,912810UC0,TSRYS5860825,D,S,D,2024-09-16,1000000.00,3.969918,104.875
08:02:00,912810UC0,TSRYS5860825,D,S,C,2024-09-16,1000000.00,3.970786,104.859375
08:02:00,912810UC0,TSRYS5860825,D,S,D,2024-09-16,1000000.00,3.973173,104.81640625
08:02:00,912810UC0,TSRYS5860825,D,S,D,2024-09-16,1000000.00,3.969484,104.8828125
08:02:00,912810UC0,TSRYS5860825,D,S,D,2024-09-16,1000000.00,3.969592,104.880859375
08:02:00,912810UC0,TSRYS5860825,D,S,D,2024-09-16,1000000.00,3.970894,104.857421875
08:02:00,912810UC0,TSRYS5860825,D,S,D,2024-09-16,1000000.00,3.970786,104.859375
08:02:00,912810UC0,TSRYS5860825,D,S,D,2024-09-16,1000000.00,3.970786,104.859375
08:02:00,912810UC0,TSRYS5860825,D,S,D,2024-09-16,1000000.00,3.970786,104.859375
08:02:00,912810UC0,TSRYS5860825,D,S,D,2024-09-16,1000000.00,3.972088,104.8359375
08:02:00,912810UC0,TSRYS5860825,D,S,D,2024-09-16,1000000.00,3.972088,104.8359375
08:02:00,912810UC0,TSRYS5860825,D,S,D,2024-09-16,1000000.00,3.968617,104.8984375
08:02:00,912810UC0,TSRYS5860825,D,S,T,2024-09-16,1000000.00,3.968617,104.8984375
08:02:00,912810UC0,TSRYS5860825,D,S,T,2024-09-16,1000000.00,3.9684,104.90234375
08:02:00,912810UC0,TSRYS5860825,D,S,D,2024-09-16,1000000.00,3.9684,104.90234375
08:02:00,912810UC0,TSRYS5860825,D,S,T,2024-09-16,1000000.00,3.973282,104.814453125
08:02:00,912810UC0,TSRYS5860825,D,S,T,2024-09-16,1000000.00,3.97339,104.8125
08:02:00,912810UC0,TSRYS5860825,D,S,D,2024-09-16,1000000.00,3.976865,104.75
08:02:00,912810UC0,TSRYS5860825,D,S,D,2024-09-16,1000000.00,3.977626,104.736328125
08:02:00,912810UC0,TSRYS5860825,D,S,T,2024-09-16,1000000.00,3.977626,104.736328125
08:02:00,912810UC0,TSRYS5860825,D,S,T,2024-09-16,1000000.00,3.97122,104.8515625
08:02:00,912810UC0,TSRYS5860825,D,S,T,2024-09-16,1000000.00,3.971979,104.837890625
08:02:00,912810UC0,TSRYS5860825,D,S,D,2024-09-16,1000000.00,3.972305,104.83203125
08:02:00,912810UC0,TSRYS5860825,D,S,D,2024-09-16,1000000.00,3.974693,104.7890625
08:02:00,912810UC0,TSRYS5860825,D,S,D,2024-09-16,1000000.00,3.97491,104.78515625
08:02:00,912810UC0,TSRYS5860825,D,S,D,2024-09-16,1000000.00,3.974693,104.7890625
08:02:00,912810UC0,TSRYS5860825,D,S,D,2024-09-16,1000000.00,3.974693,104.7890625
08:02:00,912810UC0,TSRYS5860825,D,S,D,2024-09-16,1000000.00,3.974693,104.7890625
08:02:00,912810UC0,TSRYS5860825,D,S,D,2024-09-16,1000000.00,3.97491,104.78515625
08:02:00,912810UC0,TSRYS5860825,D,S,D,2024-09-16,1000000.00,3.975127,104.78125
08:02:00,912810UC0,TSRYS5860825,D,S,D,2024-09-16,1000000.00,3.974693,104.7890625
08:02:00,912810UC0,TSRYS5860825,D,S,D,2024-09-16,1000000.00,3.969918,104.875
08:02:00,912810UC0,TSRYS5860825,D,B,C,2024-09-16,1000000.00,3.96993,104.874775
08:02:00,912810UC0,TSRYS5860825,D,S,D,2024-09-16,1000000.00,3.96905,104.890625
08:02:00,912810UC0,TSRYS5860825,D,B,C,2024-09-16,1000000.00,3.969063,104.8904
08:02:00,912810UC0,TSRYS5860825,D,S,C,2024-09-16,1000000.00,3.96905,104.890625
08:02:00,912810UC0,TSRYS5860825,D,S,D,2024-09-16,1000000.00,3.96905,104.890625
08:02:00,912810UC0,TSRYS5860825,D,S,D,2024-09-16,1000000.00,3.974693,104.7890625
08:02:00,912810UC0,TSRYS5860825,D,S,D,2024-09-16,1000000.00,3.974693,104.7890625
08:02:00,912810UC0,TSRYS5860825,D,S,D,2024-09-16,1000000.00,3.977517,104.73828125
08:02:00,912810UC0,TSRYS5860825,D,S,D,2024-09-16,1000000.00,3.9773,104.7421875
08:02:00,912810UC0,TSRYS5860825,D,S,D,2024-09-16,1000000.00,3.9773,104.7421875
08:02:00,912810UC0,TSRYS5860825,D,S,D,2024-09-16,1000000.00,3.9773,104.7421875
08:02:00,912810UC0,TSRYS5860825,D,S,D,2024-09-16,1000000.00,3.977734,104.734375
08:02:00,912810UC0,TSRYS5860825,D,S,T,2024-09-16,1000000.00,3.980343,104.6875
08:02:00,912810UC0,TSRYS5860825,D,S,D,2024-09-16,1000000.00,3.979908,104.6953125
08:02:00,912810UC0,TSRYS5860825,D,S,T,2024-09-16,1000000.00,3.97893,104.712890625
08:02:00,912810UC0,TSRYS5860825,D,S,C,2024-09-16,1000000.00,3.96905,104.890625
08:02:00,912810UC0,TSRYS5860825,D,S,T,2024-09-16,1000000.00,3.978821,104.71484375
08:02:00,912810UC0,TSRYS5860825,D,S,D,2024-09-16,1000000.00,3.973607,104.80859375
08:02:00,912810UC0,TSRYS5860825,D,S,D,2024-09-16,1000000.00,3.97339,104.8125
08:02:00,912810UC0,TSRYS5860825,D,S,D,2024-09-16,1000000.00,3.970786,104.859375
08:02:00,912810UC0,TSRYS5860825,D,S,D,2024-09-16,1000000.00,3.967966,104.91015625
08:02:00,912810UC0,TSRYS5860825,D,S,D,2024-09-16,1000000.00,3.969918,104.875
08:02:00,912810UC0,TSRYS5860825,D,S,D,2024-09-16,1000000.00,3.969911,104.87513
08:02:00,912810UC0,TSRYS5860825,D,S,T,2024-09-16,1000000.00,3.967749,104.9140625
08:02:00,912810UC0,TSRYS5860825,D,S,D,2024-09-16,1000000.00,3.968183,104.90625
08:02:00,912810UC0,TSRYS5860825,D,S,T,2024-09-16,1000000.00,3.967966,104.91015625
08:02:00,912810UC0,TSRYS5860825,D,S,T,2024-09-16,1000000.00,3.967532,104.91796875
08:02:00,912810UC0,TSRYS5860825,D,S,D,2024-09-16,1000000.00,3.969267,104.88671875
08:02:00,912810UC0,TSRYS5860825,D,S,T,2024-09-16,1000000.00,3.967316,104.921875
08:02:00,912810UC0,TSRYS5860825,D,S,T,2024-09-16,1000000.00,3.968183,104.90625
08:02:00,912810UC0,TSRYS5860825,D,B,C,2024-09-16,1000000.00,3.969926,104.874848
08:02:00,912810UC0,TSRYS5860825,D,S,D,2024-09-16,1000000.00,3.969918,104.875
08:02:00,912810UC0,TSRYS5860825,D,S,T,2024-09-16,1000000.00,3.967424,104.919921875
08:02:00,912810UC0,TSRYS5860825,D,S,T,2024-09-16,1000000.00,3.9684,104.90234375
08:02:00,912810UC0,TSRYS5860825,D,S,D,2024-09-16,1000000.00,3.9684,104.90234375
08:02:00,912810UC0,TSRYS5860825,D,S,T,2024-09-16,1000000.00,3.968183,104.90625
08:02:00,912810UC0,TSRYS5860825,D,S,T,2024-09-16,1000000.00,3.968183,104.90625
08:02:00,912810UC0,TSRYS5860825,D,S,T,2024-09-16,1000000.00,3.961683,105.0234375
08:02:00,912810UC0,TSRYS5860825,D,S,T,2024-09-16,1000000.00,3.961575,105.025390625
08:02:00,912810UC0,TSRYS5860825,D,S,T,2024-09-16,1000000.00,3.961466,105.02734375
08:02:00,912810UC0,TSRYS5860825,D,S,T,2024-09-16,1000000.00,3.961575,105.025390625
08:02:00,912810UC0,TSRYS5860825,D,S,D,2024-09-16,1000000.00,3.957355,105.1015625
08:02:00,912810UC0,TSRYS5860825,D,S,T,2024-09-16,1000000.00,3.967749,104.9140625
08:02:00,912810UC0,TSRYS5860825,D,S,D,2024-09-16,1000000.00,3.967749,104.9140625
08:02:01,912810UC0,TSRYS5860825,D,S,T,2024-09-16,1000000.00,3.967749,104.9140625
08:02:01,912810UC0,TSRYS5860825,D,S,D,2024-09-16,1000000.00,3.968183,104.90625
08:02:01,912810UC0,TSRYS5860825,D,S,T,2024-09-16,1000000.00,3.967858,104.91210937
08:02:01,912810UC0,TSRYS5860825,D,S,D,2024-09-16,1000000.00,3.967966,104.91015625
08:02:01,912810UC0,TSRYS5860825,D,S,T,2024-09-16,1000000.00,3.974259,104.796875
08:02:01,912810UC0,TSRYS5860825,D,S,T,2024-09-16,1000000.00,3.976865,104.75
08:02:01,912810UC0,TSRYS5860825,D,S,T,2024-09-16,1000000.00,3.97339,104.8125
08:02:01,912810UC0,TSRYS5860825,D,S,T,2024-09-16,1000000.00,3.969918,104.875
08:02:01,912810UC0,TSRYS5860825,D,S,T,2024-09-16,1000000.00,3.970786,104.859375
08:02:01,912810UC0,TSRYS5860825,D,S,T,2024-09-16,1000000.00,3.970786,104.859375
08:02:01,912810UC0,TSRYS5860825,D,S,T,2024-09-16,1000000.00,3.970786,104.859375
08:02:01,912810UC0,TSRYS5860825,D,S,T,2024-09-16,1000000.00,3.971654,104.84375
08:02:01,912810UC0,TSRYS5860825,D,S,T,2024-09-16,1000000.00,3.969918,104.875
08:02:01,912810UC0,TSRYS5860825,D,S,T,2024-09-16,1000000.00,3.96905,104.890625
08:02:01,912810UC0,TSRYS5860825,D,S,T,2024-09-16,1000000.00,3.969918,104.875
08:02:01,912810UC0,TSRYS5860825,D,S,T,2024-09-16,1000000.00,3.970786,104.859375
08:02:01,912810UC0,TSRYS5860825,D,S,T,2024-09-16,1000000.00,3.971654,104.84375
08:02:01,912810UC0,TSRYS5860825,D,S,T,2024-09-16,1000000.00,3.972522,104.828125
08:02:01,912810UC0,TSRYS5860825,D,S,T,2024-09-16,1000000.00,3.968183,104.90625
08:02:01,912810UC0,TSRYS5860825,D,S,T,2024-09-16,1000000.00,3.969918,104.875
08:02:01,912810UC0,TSRYS5860825,D,S,T,2024-09-16,1000000.00,3.975996,104.765625
08:02:01,912810UC0,TSRYS5860825,D,S,T,2024-09-16,1000000.00,3.970786,104.859375
08:02:01,912810UC0,TSRYS5860825,D,S,T,2024-09-16,1000000.00,3.970786,104.859375
08:02:01,912810UC0,TSRYS5860825,D,S,T,2024-09-16,1000000.00,3.969918,104.875
08:02:01,912810UC0,TSRYS5860825,D,S,T,2024-09-16,1000000.00,3.970786,104.859375
08:02:01,912810UC0,TSRYS5860825,D,S,T,2024-09-16,1000000.00,3.969918,104.875
08:02:01,912810UC0,TSRYS5860825,D,S,T,2024-09-16,1000000.00,3.972522,104.828125
08:02:01,912810UC0,TSRYS5860825,D,S,T,2024-09-16,1000000.00,3.97339,104.8125
08:02:01,912810UC0,TSRYS5860825,D,S,T,2024-09-16,1000000.00,3.97339,104.8125
08:02:01,912810UC0,TSRYS5860825,D,S,T,2024-09-16,1000000.00,3.97339,104.8125
08:02:01,912810UC0,TSRYS5860825,D,S,T,2024-09-16,1000000.00,3.972522,104.828125
08:02:01,912810UC0,TSRYS5860825,D,S,T,2024-09-16,1000000.00,3.972522,104.828125
08:02:01,912810UC0,TSRYS5860825,D,S,D,2024-09-16,500000.00,3.968205,104.90585
08:02:01,912810UC0,TSRYS5860825,D,S,T,2024-09-16,1000000.00,3.97339,104.8125
08:02:01,912810UC0,TSRYS5860825,D,S,T,2024-09-16,1000000.00,3.974259,104.796875
08:02:01,912810UC0,TSRYS5860825,D,S,T,2024-09-16,1000000.00,3.974259,104.796875
08:02:01,912810UC0,TSRYS5860825,D,S,T,2024-09-16,1000000.00,3.975127,104.78125
08:02:01,912810UC0,TSRYS5860825,D,S,T,2024-09-16,1000000.00,3.971654,104.84375
08:02:01,912810UC0,TSRYS5860825,D,S,D,2024-09-16,1000000.00,3.967966,104.91015625
08:02:01,912810UC0,TSRYS5860825,D,S,T,2024-09-16,1000000.00,3.975996,104.765625
08:02:01,912810UC0,TSRYS5860825,D,S,T,2024-09-16,1000000.00,3.979473,104.703125
08:02:01,912810UC0,TSRYS5860825,D,S,T,2024-09-16,1000000.00,3.979473,104.703125
08:02:01,912810UC0,TSRYS5860825,D,S,T,2024-09-16,1000000.00,3.979473,104.703125
08:02:01,912810UC0,TSRYS5860825,D,S,T,2024-09-16,1000000.00,3.979473,104.703125
08:02:01,912810UC0,TSRYS5860825,D,S,T,2024-09-16,1000000.00,3.977734,104.734375
08:02:01,912810UC0,TSRYS5860825,D,S,T,2024-09-16,1000000.00,3.978604,104.71875
08:02:01,912810UC0,TSRYS5860825,D,S,T,2024-09-16,1000000.00,3.978604,104.71875
08:02:01,912810UC0,TSRYS5860825,D,S,T,2024-09-16,1000000.00,3.978604,104.71875
08:02:01,912810UC0,TSRYS5860825,D,S,T,2024-09-16,1000000.00,3.978604,104.71875
08:02:01,912810UC0,TSRYS5860825,D,S,T,2024-09-16,1000000.00,3.978604,104.71875
08:02:01,912810UC0,TSRYS5860825,D,S,T,2024-09-16,1000000.00,3.980343,104.6875
08:02:01,912810UC0,TSRYS5860825,D,S,T,2024-09-16,1000000.00,3.980343,104.6875
08:02:01,912810UC0,TSRYS5860825,D,S,T,2024-09-16,1000000.00,3.977734,104.734375
08:02:01,912810UC0,TSRYS5860825,D,S,T,2024-09-16,1000000.00,3.977734,104.734375
08:02:01,912810UC0,TSRYS5860825,D,S,T,2024-09-16,1000000.00,3.976865,104.75
08:02:01,912810UC0,TSRYS5860825,D,S,T,2024-09-16,1000000.00,3.975996,104.765625
08:02:01,912810UC0,TSRYS5860825,D,S,T,2024-09-16,1000000.00,3.979473,104.703125
08:02:01,912810UC0,TSRYS5860825,D,S,T,2024-09-16,1000000.00,3.979473,104.703125
08:02:01,912810UC0,TSRYS5860825,D,S,T,2024-09-16,1000000.00,3.979473,104.703125
08:02:01,912810UC0,TSRYS5860825,D,B,C,2024-09-16,6000000.00,3.967883,104.91165
08:02:01,912810UC0,TSRYS5860825,D,S,T,2024-09-16,1000000.00,3.968074,104.90820312
08:02:01,912810UC0,TSRYS5860825,D,S,T,2024-09-16,1000000.00,3.979473,104.703125
08:02:01,912810UC0,TSRYS5860825,D,S,T,2024-09-16,1000000.00,3.979473,104.703125
08:02:01,912810UC0,TSRYS5860825,D,S,T,2024-09-16,1000000.00,3.976865,104.75
08:02:01,912810UC0,TSRYS5860825,D,S,T,2024-09-16,1000000.00,3.975127,104.78125
08:02:01,912810UC0,TSRYS5860825,D,S,T,2024-09-16,1000000.00,3.975996,104.765625
08:02:01,912810UC0,TSRYS5860825,D,S,T,2024-09-16,1000000.00,3.974259,104.796875
08:02:01,912810UC0,TSRYS5860825,D,S,T,2024-09-16,1000000.00,3.974259,104.796875
08:02:01,912810UC0,TSRYS5860825,D,S,T,2024-09-16,1000000.00,3.971654,104.84375
08:02:01,912810UC0,TSRYS5860825,D,S,T,2024-09-16,1000000.00,3.971654,104.84375
08:02:01,912810UC0,TSRYS5860825,D,S,T,2024-09-16,1000000.00,3.970786,104.859375
08:02:01,912810UC0,TSRYS5860825,D,S,T,2024-09-16,1000000.00,3.970786,104.859375
08:02:01,912810UC0,TSRYS5860825,D,S,T,2024-09-16,1000000.00,3.970786,104.859375
08:02:01,912810UC0,TSRYS5860825,D,S,T,2024-09-16,1000000.00,3.970786,104.859375
08:02:01,912810UC0,TSRYS5860825,D,S,T,2024-09-16,1000000.00,3.96905,104.890625
08:02:01,912810UC0,TSRYS5860825,D,S,T,2024-09-16,1000000.00,3.96905,104.890625
08:02:01,912810UC0,TSRYS5860825,D,S,T,2024-09-16,1000000.00,3.968183,104.90625
08:02:01,912810UC0,TSRYS5860825,D,S,T,2024-09-16,1000000.00,3.968183,104.90625
08:02:01,912810UC0,TSRYS5860825,D,S,T,2024-09-16,1000000.00,3.966449,104.9375
08:02:01,912810UC0,TSRYS5860825,D,S,T,2024-09-16,1000000.00,3.966449,104.9375
08:02:01,912810UC0,TSRYS5860825,D,S,T,2024-09-16,1000000.00,3.967316,104.921875
08:02:01,912810UC0,TSRYS5860825,D,S,T,2024-09-16,1000000.00,3.967316,104.921875
08:02:01,912810UC0,TSRYS5860825,D,S,T,2024-09-16,1000000.00,3.968183,104.90625
08:02:01,912810UC0,TSRYS5860825,D,S,T,2024-09-16,1000000.00,3.966449,104.9375
08:02:01,912810UC0,TSRYS5860825,D,S,D,2024-09-16,1000000.00,3.968074,104.90820312
08:02:01,912810UC0,TSRYS5860825,D,S,D,2024-09-16,1000000.00,3.968074,104.90820312
08:02:02,912810UC0,TSRYS5860825,D,S,T,2024-09-16,1000000.00,3.968183,104.90625
08:02:02,912810UC0,TSRYS5860825,D,S,T,2024-09-16,1000000.00,3.968183,104.90625
08:02:02,912810UC0,TSRYS5860825,D,S,T,2024-09-16,1000000.00,3.968183,104.90625
08:02:02,912810UC0,TSRYS5860825,D,S,T,2024-09-16,1000000.00,3.968183,104.90625
08:02:02,912810UC0,TSRYS5860825,D,S,T,2024-09-16,1000000.00,3.968183,104.90625
08:02:02,912810UC0,TSRYS5860825,D,S,T,2024-09-16,1000000.00,3.96905,104.890625
08:02:02,912810UC0,TSRYS5860825,D,S,T,2024-09-16,1000000.00,3.96905,104.890625
08:02:02,912810UC0,TSRYS5860825,D,S,T,2024-09-16,1000000.00,3.966449,104.9375
08:02:02,912810UC0,TSRYS5860825,D,S,T,2024-09-16,1000000.00,3.966449,104.9375
08:02:02,912810UC0,TSRYS5860825,D,S,T,2024-09-16,1000000.00,3.966449,104.9375
08:02:02,912810UC0,TSRYS5860825,D,S,T,2024-09-16,1000000.00,3.967316,104.921875
08:02:02,912810UC0,TSRYS5860825,D,S,T,2024-09-16,1000000.00,3.967316,104.921875
08:02:02,912810UC0,TSRYS5860825,D,S,T,2024-09-16,1000000.00,3.968183,104.90625
08:02:02,912810UC0,TSRYS5860825,D,S,T,2024-09-16,1000000.00,3.968183,104.90625
08:02:02,912810UC0,TSRYS5860825,D,S,T,2024-09-16,1000000.00,3.968183,104.90625
08:02:02,912810UC0,TSRYS5860825,D,S,T,2024-09-16,1000000.00,3.968183,104.90625
08:02:02,912810UC0,TSRYS5860825,D,S,T,2024-09-16,1000000.00,3.968183,104.90625
08:02:02,912810UC0,TSRYS5860825,D,S,T,2024-09-16,1000000.00,3.964715,104.96875
08:02:02,912810UC0,TSRYS5860825,D,S,T,2024-09-16,1000000.00,3.963848,104.984375
08:02:02,912810UC0,TSRYS5860825,D,S,D,2024-09-16,1000000.00,3.968291,104.90429687
08:02:03,912810UC0,TSRYS5860825,D,S,T,2024-09-16,1000000.00,3.968074,104.90820312
08:02:03,912810UC0,TSRYS5860825,D,S,D,2024-09-16,1000000.00,3.967858,104.91210937
08:02:03,912810UC0,TSRYS5860825,D,S,A,2024-09-16,500000.00,3.980126,104.69140625
08:02:03,912810UC0,TSRYS5860825,D,B,C,2024-09-16,9000000.00,3.9681,104.90775
08:02:03,912810UC0,TSRYS5860825,D,S,T,2024-09-16,1000000.00,3.965907,104.94726562
08:02:03,912810UC0,TSRYS5860825,D,S,T,2024-09-16,1000000.00,3.965907,104.94726562
08:02:04,912810UC0,TSRYS5860825,D,S,D,2024-09-16,1000000.00,3.960925,105.03710937
08:02:04,912810UC0,TSRYS5860825,D,S,D,2024-09-16,1000000.00,3.960925,105.03710937
08:02:04,912810UC0,TSRYS5860825,D,S,T,2024-09-16,1000000.00,3.980343,104.6875
08:02:04,912810UC0,TSRYS5860825,D,S,T,2024-09-16,1000000.00,3.98035,104.687375
08:02:04,912810UC0,TSRYS5860825,D,S,T,2024-09-16,1000000.00,3.98035,104.687375
08:02:05,912810UC0,TSRYS5860825,D,B,C,2024-09-16,1000000.00,3.979278,104.70663125
08:02:05,912810UC0,TSRYS5860825,D,S,T,2024-09-16,1000000.00,3.980343,104.6875
08:02:05,912810UC0,TSRYS5860825,D,S,T,2024-09-16,1000000.00,3.98035,104.687375
08:02:05,912810UC0,TSRYS5860825,D,S,T,2024-09-16,1000000.00,3.978611,104.718625
08:02:05,912810UC0,TSRYS5860825,D,S,T,2024-09-16,1000000.00,3.978604,104.71875
08:02:05,912810UC0,TSRYS5860825,D,S,T,2024-09-16,1000000.00,3.978611,104.718625
08:02:05,912810UC0,TSRYS5860825,D,S,T,2024-09-16,1000000.00,3.978611,104.718625
08:02:06,912810UC0,TSRYS5860825,D,S,T,2024-09-16,1000000.00,3.975996,104.765625
08:02:06,912810UC0,TSRYS5860825,D,S,T,2024-09-16,1000000.00,3.976003,104.7655
08:02:06,912810UC0,TSRYS5860825,D,S,T,2024-09-16,1000000.00,3.976003,104.7655
08:02:06,912810UC0,TSRYS5860825,D,S,T,2024-09-16,1000000.00,3.976003,104.7655
08:02:06,912810UC0,TSRYS5860825,D,S,T,2024-09-16,1000000.00,3.975996,104.765625
08:02:06,912810UC0,TSRYS5860825,D,S,C,2024-09-16,2300000.00,3.976648,104.75390625
08:02:07,912810UC0,TSRYS5860825,D,S,D,2024-09-16,1000000.00,3.972305,104.83203125
08:02:09,912810UC0,TSRYS5860825,D,S,T,2024-09-16,1000000.00,3.96699,104.927734375
08:02:09,912810UC0,TSRYS5860825,D,S,A,2024-09-16,340000.00,3.974693,104.7890625
08:02:11,912810UC0,TSRYS5860825,D,B,A,2024-09-16,3000000.00,3.980561,104.68359375
08:02:12,912810UC0,TSRYS5860825,D,B,C,2024-09-16,2000000.00,3.979473,104.703125
08:02:12,912810UC0,TSRYS5860825,D,B,A,2024-09-16,6331000.00,3.968617,104.8984375
08:02:12,912810UC0,TSRYS5860825,D,B,C,2024-09-16,13880000.00,3.968617,104.8984375
08:02:12,912810UC0,TSRYS5860825,D,S,T,2024-09-16,1000000.00,3.968725,104.896484375
08:02:13,912810UC0,TSRYS5860825,D,S,T,2024-09-16,1000000.00,3.968833,104.89453125
08:02:13,912810UC0,TSRYS5860825,D,S,T,2024-09-16,1000000.00,3.968623,104.8983125
08:02:13,912810UC0,TSRYS5860825,D,S,T,2024-09-16,1000000.00,3.968732,104.896359375
08:02:13,912810UC0,TSRYS5860825,D,S,T,2024-09-16,1000000.00,3.968732,104.896359375
08:02:13,912810UC0,TSRYS5860825,D,S,T,2024-09-16,1000000.00,3.968732,104.896359375
08:02:13,912810UC0,TSRYS5860825,D,S,C,2024-09-16,13877000.00,3.967316,104.921875
08:02:15,912810UC0,TSRYS5860825,D,B,C,2024-09-16,3000000.00,3.974259,104.796875
08:02:16,912810UC0,TSRYS5860825,D,S,C,2024-09-16,1000000.00,3.970777,104.859525
08:02:16,912810UC0,TSRYS5860825,D,S,C,2024-09-16,1000000.00,3.970773,104.8596
08:02:16,912810UC0,TSRYS5860825,D,S,C,2024-09-16,1000000.00,3.970777,104.859525
08:02:16,912810UC0,TSRYS5860825,D,B,C,2024-09-16,1000000.00,3.970786,104.859375
08:02:16,912810UC0,TSRYS5860825,D,S,D,2024-09-16,1000000.00,3.970786,104.859375
08:02:16,912810UC0,TSRYS5860825,D,S,T,2024-09-16,1000000.00,3.966449,104.9375
08:02:16,912810UC0,TSRYS5860825,D,S,D,2024-09-16,1000000.00,3.970778,104.859505
08:02:16,912810UC0,TSRYS5860825,D,S,D,2024-09-16,1000000.00,3.970778,104.859505
08:02:16,912810UC0,TSRYS5860825,D,S,D,2024-09-16,1000000.00,3.971646,104.84388
08:02:16,912810UC0,TSRYS5860825,D,S,D,2024-09-16,1000000.00,3.971646,104.84388
08:02:17,912810UC0,TSRYS5860825,D,B,C,2024-09-16,1000000.00,3.971665,104.84355
08:02:17,912810UC0,TSRYS5860825,D,S,D,2024-09-16,1000000.00,3.969918,104.875
08:02:17,912810UC0,TSRYS5860825,D,B,C,2024-09-16,1000000.00,3.969918,104.875
08:02:17,912810UC0,TSRYS5860825,D,S,D,2024-09-16,1000000.00,3.969918,104.875
08:02:17,912810UC0,TSRYS5860825,D,S,T,2024-09-16,1000000.00,3.962549,105.0078125
08:02:17,912810UC0,TSRYS5860825,D,S,T,2024-09-16,1000000.00,3.970786,104.859375
08:02:17,912810UC0,TSRYS5860825,D,S,D,2024-09-16,1000000.00,3.970777,104.859527
08:02:17,912810UC0,TSRYS5860825,D,B,C,2024-09-16,1000000.00,3.970786,104.859375
08:02:17,912810UC0,TSRYS5860825,D,S,C,2024-09-16,1000000.00,3.970775,104.859575
08:02:17,912810UC0,TSRYS5860825,D,S,D,2024-09-16,1000000.00,3.970777,104.859527
08:02:17,912810UC0,TSRYS5860825,D,S,D,2024-09-16,1000000.00,3.970777,104.859527
08:02:18,912810UC0,TSRYS5860825,D,S,T,2024-09-16,1000000.00,3.970791,104.859275
08:02:18,912810UC0,TSRYS5860825,D,S,T,2024-09-16,1000000.00,3.958653,105.078125
08:02:18,912810UC0,TSRYS5860825,D,S,T,2024-09-16,1000000.00,3.958653,105.078125
08:02:18,912810UC0,TSRYS5860825,D,S,C,2024-09-16,1000000.00,3.972509,104.82835
08:02:18,912810UC0,TSRYS5860825,D,B,C,2024-09-16,1000000.00,3.972533,104.827925
08:02:18,912810UC0,TSRYS5860825,D,S,T,2024-09-16,1000000.00,3.958545,105.080078125
08:02:18,912810UC0,TSRYS5860825,D,S,D,2024-09-16,1000000.00,3.971654,104.84375
08:02:18,912810UC0,TSRYS5860825,D,S,T,2024-09-16,1000000.00,3.958545,105.080078125
08:02:18,912810UC0,TSRYS5860825,D,S,T,2024-09-16,1000000.00,3.958653,105.078125
08:02:18,912810UC0,TSRYS5860825,D,B,C,2024-09-16,50000000.00,3.960406,105.046475
08:02:18,912810UC0,TSRYS5860825,D,S,D,2024-09-16,1000000.00,3.971654,104.84375
08:02:18,912810UC0,TSRYS5860825,D,S,T,2024-09-16,1000000.00,3.95941,105.064453125
08:02:18,912810UC0,TSRYS5860825,D,S,T,2024-09-16,1000000.00,3.959519,105.0625
08:02:18,912810UC0,TSRYS5860825,D,S,T,2024-09-16,1000000.00,3.95941,105.064453125
08:02:18,912810UC0,TSRYS5860825,D,S,T,2024-09-16,1000000.00,3.959302,105.06640625
08:02:19,912810UC0,TSRYS5860825,D,S,D,2024-09-16,1000000.00,3.969043,104.890755
08:02:19,912810UC0,TSRYS5860825,D,B,C,2024-09-16,1000000.00,3.969056,104.890525
08:02:19,912810UC0,TSRYS5860825,D,B,C,2024-09-16,1000000.00,3.96905,104.890625
08:02:19,912810UC0,TSRYS5860825,D,S,D,2024-09-16,1000000.00,3.969043,104.890755
08:02:20,912810UC0,TSRYS5860825,D,S,D,2024-09-16,1000000.00,3.96905,104.890625
08:02:20,912810UC0,TSRYS5860825,D,S,D,2024-09-16,1000000.00,3.969911,104.87513
08:02:20,912810UC0,TSRYS5860825,D,S,D,2024-09-16,1000000.00,3.969911,104.87513
08:02:20,912810UC0,TSRYS5860825,D,B,C,2024-09-16,1000000.00,3.969918,104.875
08:02:21,912810UC0,TSRYS5860825,D,S,D,2024-09-16,1000000.00,3.970786,104.859375
08:02:21,912810UC0,TSRYS5860825,D,B,C,2024-09-16,1000000.00,3.970798,104.859148
08:02:21,912810UC0,TSRYS5860825,D,S,A,2024-09-16,389000.00,3.972956,104.8203125
08:02:21,912810UC0,TSRYS5860825,D,S,T,2024-09-16,1000000.00,3.959519,105.0625
08:02:22,912810UC0,TSRYS5860825,D,S,C,2024-09-16,1000000.00,3.97339,104.8125
08:02:22,912810UC0,TSRYS5860825,D,B,C,2024-09-16,800000.00,3.97339,104.8125
08:02:22,912810UC0,TSRYS5860825,D,S,D,2024-09-16,1000000.00,3.969918,104.875
08:02:22,912810UC0,TSRYS5860825,D,B,C,2024-09-16,900000.00,3.971871,104.83984375
08:02:22,912810UC0,TSRYS5860825,D,B,A,2024-09-16,2000000.00,3.972522,104.828125
08:02:22,912810UC0,TSRYS5860825,D,S,T,2024-09-16,1000000.00,3.959519,105.0625
08:02:22,912810UC0,TSRYS5860825,D,S,T,2024-09-16,1000000.00,3.959519,105.0625
08:02:22,912810UC0,TSRYS5860825,D,S,T,2024-09-16,1000000.00,3.959519,105.0625
08:02:22,912810UC0,TSRYS5860825,D,S,T,2024-09-16,1000000.00,3.959519,105.0625
08:02:22,912810UC0,TSRYS5860825,D,B,C,2024-09-16,2000000.00,3.975127,104.78125
08:02:22,912810UC0,TSRYS5860825,D,S,T,2024-09-16,1000000.00,3.978604,104.71875
08:02:22,912810UC0,TSRYS5860825,D,B,A,2024-09-16,500000.00,3.978604,104.71875
08:02:22,912810UC0,TSRYS5860825,D,S,D,2024-09-16,1000000.00,3.969918,104.875
08:02:22,912810UC0,TSRYS5860825,D,S,T,2024-09-16,1000000.00,3.968183,104.90625
08:02:22,912810UC0,TSRYS5860825,D,S,T,2024-09-16,1000000.00,3.968183,104.90625
08:02:22,912810UC0,TSRYS5860825,D,S,D,2024-09-16,745000.00,3.961853,105.02037663878
08:02:22,912810UC0,TSRYS5860825,D,S,T,2024-09-16,1000000.00,3.960384,105.046875
08:02:22,912810UC0,TSRYS5860825,D,S,T,2024-09-16,1000000.00,3.960384,105.046875
08:02:22,912810UC0,TSRYS5860825,D,S,T,2024-09-16,3000000.00,3.958653,105.078125
08:02:22,912810UC0,TSRYS5860825,D,B,C,2024-09-16,2000000.00,3.958869,105.07421875
08:02:23,912810UC0,TSRYS5860825,D,B,C,2024-09-16,6000000.00,3.970786,104.859375
08:02:23,912810UC0,TSRYS5860825,D,S,D,2024-09-16,1000000.00,3.970786,104.859375
08:02:23,912810UC0,TSRYS5860825,D,S,D,2024-09-16,6000000.00,3.970786,104.859375
08:02:23,912810UC0,TSRYS5860825,D,S,D,2024-09-16,1000000.00,3.970786,104.859375
08:02:23,912810UC0,TSRYS5860825,D,S,C,2024-09-16,1000000.00,3.971641,104.843975
08:02:23,912810UC0,TSRYS5860825,D,S,D,2024-09-16,1000000.00,3.971645,104.843902
08:02:23,912810UC0,TSRYS5860825,D,B,C,2024-09-16,1000000.00,3.971654,104.84375
08:02:23,912810UC0,TSRYS5860825,D,S,D,2024-09-16,2000000.00,3.958869,105.07421875
08:02:23,912810UC0,TSRYS5860825,D,S,C,2024-09-16,1000000.00,3.970775,104.859575
08:02:23,912810UC0,TSRYS5860825,D,B,C,2024-09-16,1000000.00,3.971666,104.843523
08:02:23,912810UC0,TSRYS5860825,D,S,T,2024-09-16,1000000.00,3.979481,104.702995
08:02:23,912810UC0,TSRYS5860825,D,S,D,2024-09-16,1000000.00,3.971654,104.84375
08:02:23,912810UC0,TSRYS5860825,D,S,D,2024-09-16,1000000.00,3.972522,104.828125
08:02:23,912810UC0,TSRYS5860825,D,S,T,2024-09-16,1000000.00,3.979481,104.702995
08:02:24,912810UC0,TSRYS5860825,D,B,C,2024-09-16,1000000.00,3.969929,104.8748
08:02:24,912810UC0,TSRYS5860825,D,S,D,2024-09-16,1000000.00,3.969918,104.875
08:02:24,912810UC0,TSRYS5860825,D,S,D,2024-09-16,1000000.00,3.967316,104.921875
08:02:24,912810UC0,TSRYS5860825,D,B,C,2024-09-16,1000000.00,3.967321,104.921775
08:02:25,912810UC0,TSRYS5860825,D,S,D,2024-09-16,1000000.00,3.968176,104.90638
08:02:25,912810UC0,TSRYS5860825,D,S,D,2024-09-16,1000000.00,3.968183,104.90625
08:02:25,912810UC0,TSRYS5860825,D,S,D,2024-09-16,1000000.00,3.968183,104.90625
08:02:25,912810UC0,TSRYS5860825,D,S,D,2024-09-16,1000000.00,3.968183,104.90625
08:02:25,912810UC0,TSRYS5860825,D,S,D,2024-09-16,1000000.00,3.968183,104.90625
08:02:25,912810UC0,TSRYS5860825,D,S,C,2024-09-16,1000000.00,3.968183,104.90625
08:02:25,912810UC0,TSRYS5860825,D,S,T,2024-09-16,1000000.00,3.957788,105.09375
08:02:25,912810UC0,TSRYS5860825,D,S,T,2024-09-16,1000000.00,3.957788,105.09375
08:02:25,912810UC0,TSRYS5860825,D,S,T,2024-09-16,1000000.00,3.959519,105.0625
08:02:25,912810UC0,TSRYS5860825,D,S,D,2024-09-16,1000000.00,3.968183,104.90625
08:02:25,912810UC0,TSRYS5860825,D,S,D,2024-09-16,1000000.00,3.968183,104.90625
08:02:25,912810UC0,TSRYS5860825,D,S,D,2024-09-16,1000000.00,3.968183,104.90625
08:02:25,912810UC0,TSRYS5860825,D,S,C,2024-09-16,1000000.00,3.968175,104.9064
08:02:26,912810UC0,TSRYS5860825,D,S,D,2024-09-16,1000000.00,3.968183,104.90625
08:02:26,912810UC0,TSRYS5860825,D,S,C,2024-09-16,1000000.00,3.969912,104.8751
08:02:28,912810UC0,TSRYS5860825,D,S,D,2024-09-16,1000000.00,3.969918,104.875
08:02:28,912810UC0,TSRYS5860825,D,S,D,2024-09-16,1000000.00,3.969911,104.87513
08:02:29,912810UC0,TSRYS5860825,D,S,D,2024-09-16,1000000.00,3.969918,104.875
08:02:29,912810UC0,TSRYS5860825,D,S,D,2024-09-16,1000000.00,3.969918,104.875
08:02:30,912810UC0,TSRYS5860825,D,B,A,2024-09-16,2800000.00,3.977974,104.73006875
08:02:30,912810UC0,TSRYS5860825,D,S,T,2024-09-16,1000000.00,3.978283,104.724509375
08:02:30,912810UC0,TSRYS5860825,D,S,T,2024-09-16,1000000.00,3.978392,104.72255625
08:02:30,912810UC0,TSRYS5860825,D,S,T,2024-09-16,1000000.00,3.978501,104.720603125
08:02:30,912810UC0,TSRYS5860825,D,S,D,2024-09-16,1000000.00,3.969918,104.875
08:02:32,912810UC0,TSRYS5860825,D,S,A,2024-09-16,2000000.00,3.968617,104.8984375
08:02:32,912810UC0,TSRYS5860825,D,S,D,2024-09-16,1000000.00,3.972522,104.828125
08:02:32,912810UC0,TSRYS5860825,D,B,C,2024-09-16,1000000.00,3.97253,104.827975
08:02:32,912810UC0,TSRYS5860825,D,B,C,2024-09-16,1000000.00,3.97339,104.8125
08:02:32,912810UC0,TSRYS5860825,D,S,D,2024-09-16,1000000.00,3.968617,104.8984375
08:02:32,912810UC0,TSRYS5860825,D,S,C,2024-09-16,1000000.00,3.973378,104.812725
08:02:33,912810UC0,TSRYS5860825,D,S,C,2024-09-16,1000000.00,3.971642,104.84395
08:02:33,912810UC0,TSRYS5860825,D,S,T,2024-09-16,1000000.00,3.969057,104.890495
08:02:33,912810UC0,TSRYS5860825,D,S,T,2024-09-16,1000000.00,3.969057,104.890495
08:02:33,912810UC0,TSRYS5860825,D,S,T,2024-09-16,1000000.00,3.969057,104.890495
08:02:33,912810UC0,TSRYS5860825,D,S,C,2024-09-16,750000.00,3.968377,104.90274375
08:02:34,912810UC0,TSRYS5860825,D,S,A,2024-09-16,4000000.00,3.960384,105.046875
08:02:35,912810UC0,TSRYS5860825,D,S,D,2024-09-16,1000000.00,3.975127,104.78125
08:02:35,912810UC0,TSRYS5860825,D,S,D,2024-09-16,1000000.00,3.975127,104.78125
08:02:35,912810UC0,TSRYS5860825,D,S,C,2024-09-16,1000000.00,3.975127,104.78125
08:02:35,912810UC0,TSRYS5860825,D,S,D,2024-09-16,1000000.00,3.975127,104.78125
08:02:36,912810UC0,TSRYS5860825,D,S,D,2024-09-16,1000000.00,3.975989,104.765755
08:02:36,912810UC0,TSRYS5860825,D,S,D,2024-09-16,1000000.00,3.976865,104.75
08:02:36,912810UC0,TSRYS5860825,D,S,D,2024-09-16,1000000.00,3.976865,104.75
08:02:36,912810UC0,TSRYS5860825,D,S,C,2024-09-16,1000000.00,3.976865,104.75
08:02:36,912810UC0,TSRYS5860825,D,S,T,2024-09-16,1000000.00,3.960384,105.046875
08:02:36,912810UC0,TSRYS5860825,D,S,T,2024-09-16,1000000.00,3.960384,105.046875
08:02:36,912810UC0,TSRYS5860825,D,S,T,2024-09-16,1000000.00,3.960384,105.046875
08:02:36,912810UC0,TSRYS5860825,D,S,T,2024-09-16,1000000.00,3.960384,105.046875
08:02:36,912810UC0,TSRYS5860825,D,S,T,2024-09-16,1000000.00,3.960384,105.046875
08:02:37,912810UC0,TSRYS5860825,D,S,D,2024-09-16,1000000.00,3.960601,105.04296875
08:02:37,912810UC0,TSRYS5860825,D,S,C,2024-09-16,1000000.00,3.960601,105.04296875
08:02:37,912810UC0,TSRYS5860825,D,S,D,2024-09-16,1000000.00,3.976865,104.75
08:02:37,912810UC0,TSRYS5860825,D,S,D,2024-09-16,1000000.00,3.976865,104.75
08:02:37,912810UC0,TSRYS5860825,D,S,C,2024-09-16,1000000.00,3.975996,104.765625
08:02:38,912810UC0,TSRYS5860825,D,S,C,2024-09-16,1000000.00,3.975116,104.78145
08:02:38,912810UC0,TSRYS5860825,D,S,D,2024-09-16,1000000.00,3.975127,104.78125
08:02:38,912810UC0,TSRYS5860825,D,S,D,2024-09-16,1000000.00,3.975127,104.78125
08:02:38,912810UC0,TSRYS5860825,D,B,C,2024-09-16,1000000.00,3.975141,104.781
08:02:38,912810UC0,TSRYS5860825,D,S,D,2024-09-16,1000000.00,3.960601,105.04296875
08:02:38,912810UC0,TSRYS5860825,D,S,D,2024-09-16,1000000.00,3.976865,104.75
08:02:38,912810UC0,TSRYS5860825,D,S,D,2024-09-16,1000000.00,3.975127,104.78125
08:02:38,912810UC0,TSRYS5860825,D,B,C,2024-09-16,1000000.00,3.975141,104.781
08:02:39,912810UC0,TSRYS5860825,D,B,C,2024-09-16,1000000.00,3.976874,104.74985
08:02:39,912810UC0,TSRYS5860825,D,S,D,2024-09-16,1000000.00,3.976865,104.75
08:02:39,912810UC0,TSRYS5860825,D,B,C,2024-09-16,1000000.00,3.976874,104.74985
08:02:39,912810UC0,TSRYS5860825,D,S,C,2024-09-16,1000000.00,3.976854,104.7502
08:02:40,912810UC0,TSRYS5860825,D,S,D,2024-09-16,1000000.00,3.975127,104.78125
08:02:41,912810UC0,TSRYS5860825,D,B,C,2024-09-16,1000000.00,3.975127,104.78125
08:02:41,912810UC0,TSRYS5860825,D,S,D,2024-09-16,1000000.00,3.975127,104.78125
08:02:41,912810UC0,TSRYS5860825,D,S,D,2024-09-16,1000000.00,3.97339,104.8125
08:02:41,912810UC0,TSRYS5860825,D,S,C,2024-09-16,1000000.00,3.960384,105.046875
08:02:41,912810UC0,TSRYS5860825,D,S,C,2024-09-16,1000000.00,3.973379,104.8127
08:02:42,912810UC0,TSRYS5860825,D,B,C,2024-09-16,7000000.00,3.959746,105.05839375
08:02:42,912810UC0,TSRYS5860825,D,S,C,2024-09-16,1000000.00,3.972522,104.828125
08:02:42,912810UC0,TSRYS5860825,D,B,C,2024-09-16,1000000.00,3.972527,104.828025
08:02:42,912810UC0,TSRYS5860825,D,S,D,2024-09-16,1000000.00,3.971654,104.84375
08:02:42,912810UC0,TSRYS5860825,D,S,C,2024-09-16,1000000.00,3.971654,104.84375
08:02:42,912810UC0,TSRYS5860825,D,S,D,2024-09-16,1000000.00,3.971654,104.84375
08:02:42,912810UC0,TSRYS5860825,D,S,D,2024-09-16,1000000.00,3.970786,104.859375
08:02:42,912810UC0,TSRYS5860825,D,S,D,2024-09-16,3000000.00,3.970786,104.859375
08:02:42,912810UC0,TSRYS5860825,D,B,C,2024-09-16,3000000.00,3.970795,104.8592
