tradeTime,cusip,issueSymbolIdentifier,priceType,reportingSideCode,contraPartyTypeCode,tradeDate,reportedTradeVolume,lastSaleYield,lastSalePrice
08:00:03,912810UA4,TSRYS5802849,D,S,T,2024-07-01,1000000.00,4.574531,100.8125
08:00:03,912810UA4,TSRYS5802849,D,S,T,2024-07-01,1000000.00,4.57573,100.79296875
08:00:03,912810UA4,TSRYS5802849,D,S,T,2024-07-01,1000000.00,4.582089,100.689453125
08:00:03,912810UA4,TSRYS5802849,D,B,C,2024-07-01,1000000.00,4.578848,100.7421875
08:00:03,912810UA4,TSRYS5802849,D,B,C,2024-07-01,1000000.00,4.578848,100.7421875
08:00:03,912810UA4,TSRYS5802849,D,S,T,2024-07-01,1000000.00,4.578368,100.75
08:00:03,912810UA4,TSRYS5802849,D,S,T,2024-07-01,1000000.00,4.578368,100.75
08:00:03,912810UA4,TSRYS5802849,D,S,D,2024-07-01,1000000.00,4.57537,100.798828125
08:00:03,912810UA4,TSRYS5802849,D,S,D,2024-07-01,1000000.00,4.57561,100.794921875
08:00:03,912810UA4,TSRYS5802849,D,S,D,2024-07-01,1000000.00,4.575131,100.802734375
08:00:03,912810UA4,TSRYS5802849,D,B,C,2024-07-01,1000000.00,4.57573,100.79296875
08:00:03,912810UA4,TSRYS5802849,D,S,D,2024-07-01,1000000.00,4.57525,100.80078125
08:00:03,912810UA4,TSRYS5802849,D,B,C,2024-07-01,1000000.00,4.57561,100.794921875
08:00:03,912810UA4,TSRYS5802849,D,B,C,2024-07-01,1000000.00,4.57549,100.796875
08:00:03,912810UA4,TSRYS5802849,D,B,C,2024-07-01,1000000.00,4.57573,100.79296875
08:00:03,912810UA4,TSRYS5802849,D,S,D,2024-07-01,1000000.00,4.57549,100.796875
08:00:03,912810UA4,TSRYS5802849,D,S,D,2024-07-01,1000000.00,4.57549,100.796875
08:00:03,912810UA4,TSRYS5802849,D,B,C,2024-07-01,1000000.00,4.577289,100.767578125
08:00:03,912810UA4,TSRYS5802849,D,B,C,2024-07-01,1000000.00,4.577049,100.771484375
08:00:03,912810UA4,TSRYS5802849,D,B,C,2024-07-01,1000000.00,4.57561,100.794921875
08:00:03,912810UA4,TSRYS5802849,D,S,T,2024-07-01,1000000.00,4.572614,100.84375
08:00:03,912810UA4,TSRYS5802849,D,S,D,2024-07-01,1000000.00,4.569021,100.90234375
08:00:03,912810UA4,TSRYS5802849,D,S,D,2024-07-01,1000000.00,4.569021,100.90234375
08:00:03,912810UA4,TSRYS5802849,D,S,D,2024-07-01,1000000.00,4.569021,100.90234375
08:00:03,912810UA4,TSRYS5802849,D,S,D,2024-07-01,1000000.00,4.569021,100.90234375
08:00:03,912810UA4,TSRYS5802849,D,B,C,2024-07-01,1000000.00,4.571775,100.857421875
08:00:03,912810UA4,TSRYS5802849,D,S,D,2024-07-01,1000000.00,4.572973,100.837890625
08:00:03,912810UA4,TSRYS5802849,D,B,C,2024-07-01,1000000.00,4.572494,100.845703125
08:00:03,912810UA4,TSRYS5802849,D,S,D,2024-07-01,1000000.00,4.573932,100.822265625
08:00:03,912810UA4,TSRYS5802849,D,S,D,2024-07-01,1000000.00,4.574292,100.81640625
08:00:03,912810UA4,TSRYS5802849,D,S,D,2024-07-01,1000000.00,4.574292,100.81640625
08:00:03,912810UA4,TSRYS5802849,D,B,C,2024-07-01,1000000.00,4.574411,100.814453125
08:00:03,912810UA4,TSRYS5802849,D,B,C,2024-07-01,1000000.00,4.57561,100.794921875
08:00:03,912810UA4,TSRYS5802849,D,B,C,2024-07-01,1000000.00,4.574052,100.8203125
08:00:03,912810UA4,TSRYS5802849,D,S,D,2024-07-01,1000000.00,4.57537,100.798828125
08:00:03,912810UA4,TSRYS5802849,D,S,D,2024-07-01,1000000.00,4.568064,100.91796875
08:00:03,912810UA4,TSRYS5802849,D,S,D,2024-07-01,1000000.00,4.567824,100.921875
08:00:03,912810UA4,TSRYS5802849,D,S,D,2024-07-01,1000000.00,4.567824,100.921875
08:00:03,912810UA4,TSRYS5802849,D,B,C,2024-07-01,1000000.00,4.564475,100.9765625
08:00:03,912810UA4,TSRYS5802849,D,B,C,2024-07-01,1000000.00,4.564475,100.9765625
08:00:03,912810UA4,TSRYS5802849,D,S,D,2024-07-01,1000000.00,4.561964,101.017578125
08:00:03,912810UA4,TSRYS5802849,D,S,D,2024-07-01,1000000.00,4.561964,101.017578125
08:00:03,912810UA4,TSRYS5802849,D,S,D,2024-07-01,1000000.00,4.559933,101.05078125
08:00:03,912810UA4,TSRYS5802849,D,S,D,2024-07-01,1000000.00,4.559336,101.060546875
08:00:03,912810UA4,TSRYS5802849,D,S,D,2024-07-01,1000000.00,4.557903,101.083984375
08:00:03,912810UA4,TSRYS5802849,D,S,D,2024-07-01,1000000.00,4.557784,101.0859375
08:00:03,912810UA4,TSRYS5802849,D,S,D,2024-07-01,1000000.00,4.557784,101.0859375
08:00:03,912810UA4,TSRYS5802849,D,S,D,2024-07-01,1000000.00,4.561964,101.017578125
08:00:03,912810UA4,TSRYS5802849,D,S,T,2024-07-01,1000000.00,4.563997,100.984375
08:00:03,912810UA4,TSRYS5802849,D,S,D,2024-07-01,1000000.00,4.559455,101.05859375
08:00:03,912810UA4,TSRYS5802849,D,B,C,2024-07-01,1000000.00,4.558261,101.078125
08:00:03,912810UA4,TSRYS5802849,D,S,T,2024-07-01,1000000.00,4.557664,101.087890625
08:00:03,912810UA4,TSRYS5802849,D,S,T,2024-07-01,1000000.00,4.556232,101.111328125
08:00:03,912810UA4,TSRYS5802849,D,S,T,2024-07-01,1000000.00,4.556232,101.111328125
08:00:03,912810UA4,TSRYS5802849,D,S,T,2024-07-01,1000000.00,4.556829,101.1015625
08:00:03,912810UA4,TSRYS5802849,D,S,T,2024-07-01,1000000.00,4.557187,101.095703125
08:00:03,912810UA4,TSRYS5802849,D,S,T,2024-07-01,1000000.00,4.556948,101.099609375
08:00:03,912810UA4,TSRYS5802849,D,S,T,2024-07-01,1000000.00,4.557067,101.09765625
08:00:03,912810UA4,TSRYS5802849,D,S,T,2024-07-01,1000000.00,4.556829,101.1015625
08:00:03,912810UA4,TSRYS5802849,D,S,D,2024-07-01,1000000.00,4.555683,101.1203125
08:00:03,912810UA4,TSRYS5802849,D,S,D,2024-07-01,1000000.00,4.555683,101.1203125
08:00:03,912810UA4,TSRYS5802849,D,S,D,2024-07-01,1000000.00,4.555683,101.1203125
08:00:03,912810UA4,TSRYS5802849,D,B,C,2024-07-01,1000000.00,4.557425,101.091796875
08:00:03,912810UA4,TSRYS5802849,D,B,C,2024-07-01,1000000.00,4.556351,101.109375
08:00:03,912810UA4,TSRYS5802849,D,B,C,2024-07-01,1000000.00,4.556351,101.109375
08:00:03,912810UA4,TSRYS5802849,D,B,C,2024-07-01,1000000.00,4.555039,101.130859375
08:00:03,912810UA4,TSRYS5802849,D,B,C,2024-07-01,1000000.00,4.555039,101.130859375
08:00:03,912810UA4,TSRYS5802849,D,S,D,2024-07-01,1000000.00,4.554681,101.13671875
08:00:03,912810UA4,TSRYS5802849,D,S,T,2024-07-01,1000000.00,4.554919,101.1328125
08:00:03,912810UA4,TSRYS5802849,D,S,T,2024-07-01,4000000.00,4.554442,101.140625
08:00:03,912810UA4,TSRYS5802849,D,B,C,2024-07-01,1000000.00,4.555039,101.130859375
08:00:03,912810UA4,TSRYS5802849,D,S,T,2024-07-01,1000000.00,4.559217,101.0625
08:00:03,912810UA4,TSRYS5802849,D,B,C,2024-07-01,1000000.00,4.561486,101.025390625
08:00:03,912810UA4,TSRYS5802849,D,B,C,2024-07-01,1000000.00,4.562443,101.009765625
08:00:03,912810UA4,TSRYS5802849,D,S,D,2024-07-01,1000000.00,4.56077,101.037109375
08:00:03,912810UA4,TSRYS5802849,D,S,D,2024-07-01,1000000.00,4.56077,101.037109375
08:00:03,912810UA4,TSRYS5802849,D,S,D,2024-07-01,1000000.00,4.564236,100.98046875
08:00:03,912810UA4,TSRYS5802849,D,S,D,2024-07-01,1000000.00,4.566987,100.935546875
08:00:03,912810UA4,TSRYS5802849,D,B,C,2024-07-01,1000000.00,4.56304,101.0
08:00:03,912810UA4,TSRYS5802849,D,B,C,2024-07-01,1000000.00,4.561367,101.02734375
08:00:03,912810UA4,TSRYS5802849,D,S,T,2024-07-01,1000000.00,4.561128,101.03125
08:00:03,912810UA4,TSRYS5802849,D,B,C,2024-07-01,1000000.00,4.56316,100.998046875
08:00:03,912810UA4,TSRYS5802849,D,S,D,2024-07-01,1000000.00,4.567106,100.93359375
08:00:03,912810UA4,TSRYS5802849,D,S,T,2024-07-01,1000000.00,4.563279,100.99609375
08:00:03,912810UA4,TSRYS5802849,D,S,D,2024-07-01,1000000.00,4.563877,100.986328125
08:00:03,912810UA4,TSRYS5802849,D,S,D,2024-07-01,1000000.00,4.563638,100.990234375
08:00:03,912810UA4,TSRYS5802849,D,S,D,2024-07-01,1000000.00,4.563638,100.990234375
08:00:03,912810UA4,TSRYS5802849,D,S,T,2024-07-01,1000000.00,4.5585,101.07421875
08:00:03,912810UA4,TSRYS5802849,D,S,T,2024-07-01,1000000.00,4.5585,101.07421875
08:00:03,912810UA4,TSRYS5802849,D,B,C,2024-07-01,1000000.00,4.561367,101.02734375
08:00:03,912810UA4,TSRYS5802849,D,B,C,2024-07-01,1000000.00,4.561367,101.02734375
08:00:03,912810UA4,TSRYS5802849,D,S,D,2024-07-01,1000000.00,4.564834,100.970703125
08:00:03,912810UA4,TSRYS5802849,D,S,D,2024-07-01,1000000.00,4.565312,100.962890625
08:00:03,912810UA4,TSRYS5802849,D,S,D,2024-07-01,1000000.00,4.565312,100.962890625
08:00:03,912810UA4,TSRYS5802849,D,S,T,2024-07-01,1000000.00,4.559455,101.05859375
08:00:03,912810UA4,TSRYS5802849,D,S,T,2024-07-01,1000000.00,4.559455,101.05859375
08:00:03,912810UA4,TSRYS5802849,D,S,T,2024-07-01,1000000.00,4.559575,101.056640625
08:00:03,912810UA4,TSRYS5802849,D,B,C,2024-07-01,1000000.00,4.563399,100.994140625
08:00:03,912810UA4,TSRYS5802849,D,B,C,2024-07-01,1000000.00,4.571296,100.865234375
08:00:03,912810UA4,TSRYS5802849,D,B,C,2024-07-01,1000000.00,4.571296,100.865234375
08:00:03,912810UA4,TSRYS5802849,D,B,C,2024-07-01,1000000.00,4.572973,100.837890625
08:00:03,912810UA4,TSRYS5802849,D,B,C,2024-07-01,1000000.00,4.572854,100.83984375
08:00:03,912810UA4,TSRYS5802849,D,S,T,2024-07-01,1000000.00,4.572614,100.84375
08:00:03,912810UA4,TSRYS5802849,D,S,T,2024-07-01,1000000.00,4.566867,100.9375
08:00:03,912810UA4,TSRYS5802849,D,S,T,2024-07-01,1000000.00,4.570697,100.875
08:00:03,912810UA4,TSRYS5802849,D,S,T,2024-07-01,1000000.00,4.570458,100.87890625
08:00:03,912810UA4,TSRYS5802849,D,B,C,2024-07-01,1000000.00,4.569859,100.888671875
08:00:03,912810UA4,TSRYS5802849,D,S,T,2024-07-01,1000000.00,4.567106,100.93359375
08:00:03,912810UA4,TSRYS5802849,D,S,T,2024-07-01,1000000.00,4.567465,100.927734375
08:00:03,912810UA4,TSRYS5802849,D,S,T,2024-07-01,1000000.00,4.567465,100.927734375
08:00:03,912810UA4,TSRYS5802849,D,S,T,2024-07-01,1000000.00,4.566867,100.9375
08:00:03,912810UA4,TSRYS5802849,D,S,T,2024-07-01,1000000.00,4.563757,100.98828125
08:00:03,912810UA4,TSRYS5802849,D,S,T,2024-07-01,1000000.00,4.571656,100.859375
08:00:03,912810UA4,TSRYS5802849,D,S,T,2024-07-01,1000000.00,4.572734,100.841796875
08:00:03,912810UA4,TSRYS5802849,D,S,T,2024-07-01,1000000.00,4.572854,100.83984375
08:00:03,912810UA4,TSRYS5802849,D,S,D,2024-07-01,1000000.00,4.573812,100.82421875
08:00:03,912810UA4,TSRYS5802849,D,S,T,2024-07-01,1000000.00,4.572973,100.837890625
08:00:03,912810UA4,TSRYS5802849,D,S,T,2024-07-01,1000000.00,4.572973,100.837890625
08:00:03,912810UA4,TSRYS5802849,D,S,T,2024-07-01,1000000.00,4.571536,100.861328125
08:00:03,912810UA4,TSRYS5802849,D,S,T,2024-07-01,1000000.00,4.571536,100.861328125
08:00:03,912810UA4,TSRYS5802849,D,B,C,2024-07-01,1000000.00,4.571296,100.865234375
08:00:03,912810UA4,TSRYS5802849,D,B,C,2024-07-01,1000000.00,4.571296,100.865234375
08:00:03,912810UA4,TSRYS5802849,D,B,C,2024-07-01,1000000.00,4.571296,100.865234375
08:00:03,912810UA4,TSRYS5802849,D,S,T,2024-07-01,1000000.00,4.571177,100.8671875
08:00:03,912810UA4,TSRYS5802849,D,S,T,2024-07-01,1000000.00,4.571177,100.8671875
08:00:03,912810UA4,TSRYS5802849,D,B,C,2024-07-01,1000000.00,4.571416,100.86328125
08:00:03,912810UA4,TSRYS5802849,D,B,C,2024-07-01,1000000.00,4.571296,100.865234375
08:00:03,912810UA4,TSRYS5802849,D,S,D,2024-07-01,1000000.00,4.571656,100.859375
08:00:03,912810UA4,TSRYS5802849,D,B,C,2024-07-01,1000000.00,4.571296,100.865234375
08:00:03,912810UA4,TSRYS5802849,D,B,C,2024-07-01,1000000.00,4.571296,100.865234375
08:00:03,912810UA4,TSRYS5802849,D,B,C,2024-07-01,1000000.00,4.571296,100.865234375
08:00:03,912810UA4,TSRYS5802849,D,B,C,2024-07-01,1000000.00,4.572854,100.83984375
08:00:03,912810UA4,TSRYS5802849,D,B,C,2024-07-01,1000000.00,4.572854,100.83984375
08:00:03,912810UA4,TSRYS5802849,D,S,D,2024-07-01,1000000.00,4.571296,100.865234375
08:00:03,912810UA4,TSRYS5802849,D,S,D,2024-07-01,1000000.00,4.571057,100.869140625
08:00:03,912810UA4,TSRYS5802849,D,B,C,2024-07-01,1000000.00,4.572854,100.83984375
08:00:03,912810UA4,TSRYS5802849,D,S,T,2024-07-01,1000000.00,4.572614,100.84375
08:00:03,912810UA4,TSRYS5802849,D,S,T,2024-07-01,1000000.00,4.573572,100.828125
08:00:03,912810UA4,TSRYS5802849,D,B,C,2024-07-01,1000000.00,4.574052,100.8203125
08:00:03,912810UA4,TSRYS5802849,D,S,T,2024-07-01,1000000.00,4.570817,100.873046875
08:00:03,912810UA4,TSRYS5802849,D,S,D,2024-07-01,1000000.00,4.569859,100.888671875
08:00:03,912810UA4,TSRYS5802849,D,S,D,2024-07-01,1000000.00,4.569859,100.888671875
08:00:03,912810UA4,TSRYS5802849,D,S,T,2024-07-01,1000000.00,4.573453,100.830078125
08:00:03,912810UA4,TSRYS5802849,D,S,T,2024-07-01,1000000.00,4.573453,100.830078125
08:00:03,912810UA4,TSRYS5802849,D,S,T,2024-07-01,1000000.00,4.572734,100.841796875
08:00:03,912810UA4,TSRYS5802849,D,S,T,2024-07-01,1000000.00,4.572374,100.84765625
08:00:03,912810UA4,TSRYS5802849,D,S,T,2024-07-01,1000000.00,4.572374,100.84765625
08:00:03,912810UA4,TSRYS5802849,D,S,T,2024-07-01,1000000.00,4.57537,100.798828125
08:00:03,912810UA4,TSRYS5802849,D,S,T,2024-07-01,1000000.00,4.57537,100.798828125
08:00:03,912810UA4,TSRYS5802849,D,S,T,2024-07-01,1000000.00,4.575011,100.8046875
08:00:03,912810UA4,TSRYS5802849,D,S,T,2024-07-01,1000000.00,4.575011,100.8046875
08:00:03,912810UA4,TSRYS5802849,D,S,D,2024-07-01,1000000.00,4.573812,100.82421875
08:00:03,912810UA4,TSRYS5802849,D,S,D,2024-07-01,1000000.00,4.573812,100.82421875
08:00:03,912810UA4,TSRYS5802849,D,S,D,2024-07-01,1000000.00,4.573812,100.82421875
08:00:03,912810UA4,TSRYS5802849,D,S,T,2024-07-01,1000000.00,4.572255,100.849609375
08:00:03,912810UA4,TSRYS5802849,D,S,D,2024-07-01,1000000.00,4.57561,100.794921875
08:00:03,912810UA4,TSRYS5802849,D,S,D,2024-07-01,1000000.00,4.57561,100.794921875
08:00:03,912810UA4,TSRYS5802849,D,S,D,2024-07-01,1000000.00,4.57561,100.794921875
08:00:03,912810UA4,TSRYS5802849,D,S,D,2024-07-01,1000000.00,4.57561,100.794921875
08:00:03,912810UA4,TSRYS5802849,D,S,D,2024-07-01,1000000.00,4.573692,100.826171875
08:00:03,912810UA4,TSRYS5802849,D,S,D,2024-07-01,1000000.00,4.575131,100.802734375
08:00:03,912810UA4,TSRYS5802849,D,S,D,2024-07-01,1000000.00,4.575131,100.802734375
08:00:03,912810UA4,TSRYS5802849,D,S,D,2024-07-01,1000000.00,4.575131,100.802734375
08:00:03,912810UA4,TSRYS5802849,D,S,D,2024-07-01,1000000.00,4.57549,100.796875
08:00:03,912810UA4,TSRYS5802849,D,S,D,2024-07-01,1000000.00,4.57549,100.796875
08:00:03,912810UA4,TSRYS5802849,D,S,D,2024-07-01,1000000.00,4.57573,100.79296875
08:00:03,912810UA4,TSRYS5802849,D,S,T,2024-07-01,1000000.00,4.57573,100.79296875
08:00:03,912810UA4,TSRYS5802849,D,S,D,2024-07-01,1000000.00,4.572255,100.849609375
08:00:03,912810UA4,TSRYS5802849,D,S,D,2024-07-01,1000000.00,4.572374,100.84765625
08:00:03,912810UA4,TSRYS5802849,D,S,D,2024-07-01,1000000.00,4.572374,100.84765625
08:00:03,912810UA4,TSRYS5802849,D,S,D,2024-07-01,1000000.00,4.572374,100.84765625
08:00:03,912810UA4,TSRYS5802849,D,S,D,2024-07-01,1000000.00,4.572374,100.84765625
08:00:03,912810UA4,TSRYS5802849,D,S,D,2024-07-01,1000000.00,4.572374,100.84765625
08:00:03,912810UA4,TSRYS5802849,D,S,D,2024-07-01,1000000.00,4.572374,100.84765625
08:00:03,912810UA4,TSRYS5802849,D,S,D,2024-07-01,1000000.00,4.571177,100.8671875
08:00:03,912810UA4,TSRYS5802849,D,S,C,2024-07-01,2609000.00,4.568064,100.91796875
08:00:03,912810UA4,TSRYS5802849,D,S,D,2024-07-01,1000000.00,4.566987,100.935546875
08:00:03,912810UA4,TSRYS5802849,D,S,D,2024-07-01,1000000.00,4.566987,100.935546875
08:00:03,912810UA4,TSRYS5802849,D,S,D,2024-07-01,1000000.00,4.568662,100.908203125
08:00:05,912810UA4,TSRYS5802849,D,S,T,2024-07-01,1000000.00,4.560172,101.046875
08:00:05,912810UA4,TSRYS5802849,D,S,T,2024-07-01,1000000.00,4.56304,101.0
08:00:06,912810UA4,TSRYS5802849,D,S,D,2024-07-01,6000000.00,4.570801,100.87331
08:00:07,912810UA4,TSRYS5802849,D,B,A,2024-07-01,1000000.00,4.58317,100.671875
08:00:09,912810UA4,TSRYS5802849,D,S,A,2024-07-01,10000.00,4.568997,100.95274375
08:00:09,912810UA4,TSRYS5802849,D,S,A,2024-07-01,5000.00,4.568997,101.00274375
08:00:09,912810UA4,TSRYS5802849,D,S,T,2024-07-01,1000000.00,4.567824,100.921875
08:00:09,912810UA4,TSRYS5802849,D,S,C,2024-07-01,1000000.00,4.580264,100.71915
08:00:10,912810UA4,TSRYS5802849,D,S,C,2024-07-01,8000.00,4.580024,100.72305625
08:00:10,912810UA4,TSRYS5802849,D,S,C,2024-07-01,1000.00,4.580264,100.71915
08:00:10,912810UA4,TSRYS5802849,D,S,D,2024-07-01,1000000.00,4.565551,100.958984375
08:00:10,912810UA4,TSRYS5802849,D,S,D,2024-07-01,1000000.00,4.565551,100.958984375
08:00:10,912810UA4,TSRYS5802849,D,S,D,2024-07-01,1000000.00,4.565551,100.958984375
08:00:10,912810UA4,TSRYS5802849,D,S,D,2024-07-01,1000000.00,4.565551,100.958984375
08:00:10,912810UA4,TSRYS5802849,D,S,D,2024-07-01,1000000.00,4.564953,100.96875
08:00:10,912810UA4,TSRYS5802849,D,S,D,2024-07-01,1000000.00,4.564953,100.96875
08:00:10,912810UA4,TSRYS5802849,D,S,D,2024-07-01,1000000.00,4.564953,100.96875
08:00:10,912810UA4,TSRYS5802849,D,S,D,2024-07-01,1000000.00,4.564953,100.96875
08:00:10,912810UA4,TSRYS5802849,D,S,D,2024-07-01,1000000.00,4.564953,100.96875
08:00:10,912810UA4,TSRYS5802849,D,S,D,2024-07-01,1000000.00,4.564953,100.96875
08:00:11,912810UA4,TSRYS5802849,D,S,T,2024-07-01,1000000.00,4.581249,100.703125
08:00:11,912810UA4,TSRYS5802849,D,S,D,2024-07-01,5000000.00,4.567346,100.9296875
08:00:11,912810UA4,TSRYS5802849,D,S,T,2024-07-01,1000000.00,4.576449,100.78125
08:00:11,912810UA4,TSRYS5802849,D,S,T,2024-07-01,1000000.00,4.579328,100.734375
08:00:11,912810UA4,TSRYS5802849,D,S,T,2024-07-01,1000000.00,4.579328,100.734375
08:00:11,912810UA4,TSRYS5802849,D,S,T,2024-07-01,1000000.00,4.579328,100.734375
08:00:11,912810UA4,TSRYS5802849,D,S,T,2024-07-01,1000000.00,4.581249,100.703125
08:00:11,912810UA4,TSRYS5802849,D,S,T,2024-07-01,1000000.00,4.578848,100.7421875
08:00:11,912810UA4,TSRYS5802849,D,S,D,2024-07-01,7000000.00,4.567824,100.921875
08:00:11,912810UA4,TSRYS5802849,D,S,T,2024-07-01,1000000.00,4.579328,100.734375
08:00:11,912810UA4,TSRYS5802849,D,S,T,2024-07-01,1000000.00,4.578848,100.7421875
08:00:11,912810UA4,TSRYS5802849,D,S,T,2024-07-01,1000000.00,4.578368,100.75
08:00:11,912810UA4,TSRYS5802849,D,S,T,2024-07-01,1000000.00,4.579328,100.734375
08:00:11,912810UA4,TSRYS5802849,D,S,D,2024-07-01,1000000.00,4.57549,100.796875
08:00:11,912810UA4,TSRYS5802849,D,S,D,2024-07-01,2000000.00,4.566149,100.94921875
08:00:11,912810UA4,TSRYS5802849,D,S,T,2024-07-01,1000000.00,4.572614,100.84375
08:00:11,912810UA4,TSRYS5802849,D,S,T,2024-07-01,1000000.00,4.571656,100.859375
08:00:11,912810UA4,TSRYS5802849,D,S,T,2024-07-01,1000000.00,4.572614,100.84375
08:00:11,912810UA4,TSRYS5802849,D,S,T,2024-07-01,1000000.00,4.571656,100.859375
08:00:11,912810UA4,TSRYS5802849,D,S,D,2024-07-01,1000000.00,4.567824,100.921875
08:00:11,912810UA4,TSRYS5802849,D,S,T,2024-07-01,1000000.00,4.558261,101.078125
08:00:11,912810UA4,TSRYS5802849,D,S,T,2024-07-01,1000000.00,4.558261,101.078125
08:00:11,912810UA4,TSRYS5802849,D,S,T,2024-07-01,1000000.00,4.561128,101.03125
08:00:11,912810UA4,TSRYS5802849,D,S,T,2024-07-01,1000000.00,4.558261,101.078125
08:00:11,912810UA4,TSRYS5802849,D,S,T,2024-07-01,1000000.00,4.558261,101.078125
08:00:11,912810UA4,TSRYS5802849,D,S,D,2024-07-01,1000000.00,4.557306,101.09375
08:00:11,912810UA4,TSRYS5802849,D,S,T,2024-07-01,1000000.00,4.561128,101.03125
08:00:11,912810UA4,TSRYS5802849,D,S,T,2024-07-01,1000000.00,4.560172,101.046875
08:00:11,912810UA4,TSRYS5802849,D,S,T,2024-07-01,1000000.00,4.560172,101.046875
08:00:11,912810UA4,TSRYS5802849,D,S,T,2024-07-01,1000000.00,4.557306,101.09375
08:00:11,912810UA4,TSRYS5802849,D,S,T,2024-07-01,1000000.00,4.56077,101.037109375
08:00:11,912810UA4,TSRYS5802849,D,S,T,2024-07-01,1000000.00,4.561008,101.033203125
08:00:11,912810UA4,TSRYS5802849,D,S,T,2024-07-01,1000000.00,4.561008,101.033203125
08:00:11,912810UA4,TSRYS5802849,D,S,T,2024-07-01,1000000.00,4.56304,101.0
08:00:12,912810UA4,TSRYS5802849,D,S,T,2024-07-01,1000000.00,4.555039,101.130859375
08:00:12,912810UA4,TSRYS5802849,D,S,T,2024-07-01,1000000.00,4.557306,101.09375
08:00:12,912810UA4,TSRYS5802849,D,S,T,2024-07-01,1000000.00,4.557306,101.09375
08:00:12,912810UA4,TSRYS5802849,D,S,T,2024-07-01,1000000.00,4.557306,101.09375
08:00:12,912810UA4,TSRYS5802849,D,S,T,2024-07-01,1000000.00,4.557306,101.09375
08:00:12,912810UA4,TSRYS5802849,D,S,T,2024-07-01,1000000.00,4.556351,101.109375
08:00:12,912810UA4,TSRYS5802849,D,S,T,2024-07-01,1000000.00,4.556351,101.109375
08:00:12,912810UA4,TSRYS5802849,D,S,T,2024-07-01,1000000.00,4.557306,101.09375
08:00:12,912810UA4,TSRYS5802849,D,S,T,2024-07-01,1000000.00,4.557306,101.09375
08:00:12,912810UA4,TSRYS5802849,D,S,T,2024-07-01,1000000.00,4.557306,101.09375
08:00:12,912810UA4,TSRYS5802849,D,S,T,2024-07-01,1000000.00,4.558261,101.078125
08:00:12,912810UA4,TSRYS5802849,D,S,T,2024-07-01,1000000.00,4.561008,101.033203125
08:00:12,912810UA4,TSRYS5802849,D,S,T,2024-07-01,1000000.00,4.559217,101.0625
08:00:12,912810UA4,TSRYS5802849,D,S,T,2024-07-01,1000000.00,4.566747,100.939453125
08:00:12,912810UA4,TSRYS5802849,D,S,T,2024-07-01,1000000.00,4.566747,100.939453125
08:00:12,912810UA4,TSRYS5802849,D,S,T,2024-07-01,1000000.00,4.563997,100.984375
08:00:12,912810UA4,TSRYS5802849,D,S,T,2024-07-01,1000000.00,4.559217,101.0625
08:00:12,912810UA4,TSRYS5802849,D,S,T,2024-07-01,1000000.00,4.558739,101.0703125
08:00:12,912810UA4,TSRYS5802849,D,S,T,2024-07-01,1000000.00,4.558261,101.078125
08:00:12,912810UA4,TSRYS5802849,D,S,T,2024-07-01,1000000.00,4.558261,101.078125
08:00:12,912810UA4,TSRYS5802849,D,S,T,2024-07-01,1000000.00,4.559217,101.0625
08:00:12,912810UA4,TSRYS5802849,D,S,T,2024-07-01,1000000.00,4.559217,101.0625
08:00:12,912810UA4,TSRYS5802849,D,S,T,2024-07-01,1000000.00,4.560172,101.046875
08:00:12,912810UA4,TSRYS5802849,D,S,T,2024-07-01,1000000.00,4.560172,101.046875
08:00:12,912810UA4,TSRYS5802849,D,S,T,2024-07-01,1000000.00,4.566867,100.9375
08:00:12,912810UA4,TSRYS5802849,D,S,T,2024-07-01,1000000.00,4.566867,100.9375
08:00:12,912810UA4,TSRYS5802849,D,S,T,2024-07-01,2000000.00,4.560172,101.046875
08:00:12,912810UA4,TSRYS5802849,D,S,T,2024-07-01,1000000.00,4.56304,101.0
08:00:12,912810UA4,TSRYS5802849,D,S,T,2024-07-01,1000000.00,4.561128,101.03125
08:00:12,912810UA4,TSRYS5802849,D,S,T,2024-07-01,1000000.00,4.563997,100.984375
08:00:12,912810UA4,TSRYS5802849,D,S,T,2024-07-01,1000000.00,4.563877,100.986328125
08:00:12,912810UA4,TSRYS5802849,D,S,T,2024-07-01,1000000.00,4.570697,100.875
08:00:12,912810UA4,TSRYS5802849,D,S,T,2024-07-01,1000000.00,4.570697,100.875
08:00:12,912810UA4,TSRYS5802849,D,S,T,2024-07-01,1000000.00,4.570697,100.875
08:00:12,912810UA4,TSRYS5802849,D,S,T,2024-07-01,1000000.00,4.571177,100.8671875
08:00:12,912810UA4,TSRYS5802849,D,S,T,2024-07-01,1000000.00,4.571656,100.859375
08:00:12,912810UA4,TSRYS5802849,D,S,T,2024-07-01,1000000.00,4.571656,100.859375
08:00:12,912810UA4,TSRYS5802849,D,S,T,2024-07-01,1000000.00,4.566389,100.9453125
08:00:12,912810UA4,TSRYS5802849,D,S,T,2024-07-01,1000000.00,4.566389,100.9453125
08:00:12,912810UA4,TSRYS5802849,D,S,T,2024-07-01,1000000.00,4.566867,100.9375
08:00:12,912810UA4,TSRYS5802849,D,S,D,2024-07-01,2000000.00,4.569979,100.88671875
08:00:12,912810UA4,TSRYS5802849,D,S,T,2024-07-01,1000000.00,4.571656,100.859375
08:00:12,912810UA4,TSRYS5802849,D,S,D,2024-07-01,1000000.00,4.571177,100.8671875
08:00:12,912810UA4,TSRYS5802849,D,S,T,2024-07-01,1000000.00,4.571177,100.8671875
08:00:12,912810UA4,TSRYS5802849,D,S,T,2024-07-01,1000000.00,4.571656,100.859375
08:00:12,912810UA4,TSRYS5802849,D,S,T,2024-07-01,1000000.00,4.572614,100.84375
08:00:12,912810UA4,TSRYS5802849,D,S,T,2024-07-01,1000000.00,4.571656,100.859375
08:00:12,912810UA4,TSRYS5802849,D,S,T,2024-07-01,1000000.00,4.571656,100.859375
08:00:12,912810UA4,TSRYS5802849,D,S,T,2024-07-01,1000000.00,4.572614,100.84375
08:00:12,912810UA4,TSRYS5802849,D,S,D,2024-07-01,1000000.00,4.570218,100.8828125
08:00:12,912810UA4,TSRYS5802849,D,S,T,2024-07-01,1000000.00,4.572135,100.8515625
08:00:12,912810UA4,TSRYS5802849,D,S,T,2024-07-01,1000000.00,4.572135,100.8515625
08:00:12,912810UA4,TSRYS5802849,D,S,T,2024-07-01,1000000.00,4.573572,100.828125
08:00:12,912810UA4,TSRYS5802849,D,S,T,2024-07-01,1000000.00,4.573572,100.828125
08:00:12,912810UA4,TSRYS5802849,D,S,T,2024-07-01,1000000.00,4.573572,100.828125
08:00:12,912810UA4,TSRYS5802849,D,S,T,2024-07-01,1000000.00,4.57549,100.796875
08:00:12,912810UA4,TSRYS5802849,D,S,T,2024-07-01,1000000.00,4.572255,100.849609375
08:00:12,912810UA4,TSRYS5802849,D,S,T,2024-07-01,1000000.00,4.572255,100.849609375
08:00:12,912810UA4,TSRYS5802849,D,S,T,2024-07-01,1000000.00,4.572255,100.849609375
08:00:12,912810UA4,TSRYS5802849,D,S,T,2024-07-01,1000000.00,4.568303,100.9140625
08:00:15,912810UA4,TSRYS5802849,D,B,C,2024-07-01,1000000.00,4.561128,101.03125
08:00:16,912810UA4,TSRYS5802849,D,S,T,2024-07-01,1000000.00,4.56974,100.890625
08:00:16,912810UA4,TSRYS5802849,D,S,T,2024-07-01,1000000.00,4.573812,100.82421875
08:00:16,912810UA4,TSRYS5802849,D,S,T,2024-07-01,1000000.00,4.568782,100.90625
08:00:16,912810UA4,TSRYS5802849,D,S,T,2024-07-01,1000000.00,4.566867,100.9375
08:00:16,912810UA4,TSRYS5802849,D,S,T,2024-07-01,1000000.00,4.571416,100.86328125
08:00:16,912810UA4,TSRYS5802849,D,S,T,2024-07-01,1000000.00,4.570937,100.87109375
08:00:16,912810UA4,TSRYS5802849,D,S,T,2024-07-01,1000000.00,4.568782,100.90625
08:00:16,912810UA4,TSRYS5802849,D,S,T,2024-07-01,1000000.00,4.568782,100.90625
08:00:16,912810UA4,TSRYS5802849,D,S,T,2024-07-01,1000000.00,4.572255,100.849609375
08:00:16,912810UA4,TSRYS5802849,D,S,D,2024-07-01,1000000.00,4.570458,100.87890625
08:00:17,912810UA4,TSRYS5802849,D,S,T,2024-07-01,1000000.00,4.564953,100.96875
08:00:17,912810UA4,TSRYS5802849,D,S,T,2024-07-01,1000000.00,4.565432,100.9609375
08:00:17,912810UA4,TSRYS5802849,D,S,T,2024-07-01,1000000.00,4.56603,100.951171875
08:00:17,912810UA4,TSRYS5802849,D,S,T,2024-07-01,1000000.00,4.571656,100.859375
08:00:17,912810UA4,TSRYS5802849,D,S,D,2024-07-01,1000000.00,4.564953,100.96875
08:00:17,912810UA4,TSRYS5802849,D,S,T,2024-07-01,1000000.00,4.566867,100.9375
08:00:18,912810UA4,TSRYS5802849,D,S,T,2024-07-01,1000000.00,4.566867,100.9375
08:00:18,912810UA4,TSRYS5802849,D,S,T,2024-07-01,1000000.00,4.567346,100.9296875
08:00:18,912810UA4,TSRYS5802849,D,S,T,2024-07-01,1000000.00,4.564355,100.978515625
08:00:18,912810UA4,TSRYS5802849,D,S,T,2024-07-01,1000000.00,4.565432,100.9609375
08:00:18,912810UA4,TSRYS5802849,D,S,T,2024-07-01,1000000.00,4.564953,100.96875
08:00:18,912810UA4,TSRYS5802849,D,B,C,2024-07-01,1000000.00,4.577409,100.765625
08:00:18,912810UA4,TSRYS5802849,D,S,D,2024-07-01,1000000.00,4.577409,100.765625
08:00:18,912810UA4,TSRYS5802849,D,S,T,2024-07-01,1000000.00,4.568782,100.90625
08:00:18,912810UA4,TSRYS5802849,D,S,T,2024-07-01,1000000.00,4.565192,100.96484375
08:00:19,912810UA4,TSRYS5802849,D,S,D,2024-07-01,1000000.00,4.573572,100.828125
08:00:19,912810UA4,TSRYS5802849,D,S,T,2024-07-01,1000000.00,4.564953,100.96875
08:00:19,912810UA4,TSRYS5802849,D,S,D,2024-07-01,1000000.00,,100.71915
08:00:19,912810UA4,TSRYS5802849,D,S,D,2024-07-01,8000.00,,100.72305625
08:00:20,912810UA4,TSRYS5802849,D,S,D,2024-07-01,1000000.00,4.574771,100.80859375
08:00:20,912810UA4,TSRYS5802849,D,S,D,2024-07-01,1000000.00,4.576449,100.78125
08:00:20,912810UA4,TSRYS5802849,D,S,D,2024-07-01,1000000.00,4.57549,100.796875
08:00:20,912810UA4,TSRYS5802849,D,S,D,2024-07-01,1000000.00,4.577409,100.765625
08:00:21,912810UA4,TSRYS5802849,D,B,A,2024-07-01,30700000.00,4.57597,100.7890625
08:00:21,912810UA4,TSRYS5802849,D,S,D,2024-07-01,1000000.00,4.570937,100.87109375
08:00:22,912810UA4,TSRYS5802849,D,S,D,2024-07-01,1000000.00,4.574531,100.8125
08:00:22,912810UA4,TSRYS5802849,D,S,D,2024-07-01,1000000.00,4.570458,100.87890625
08:00:23,912810UA4,TSRYS5802849,D,S,D,2024-07-01,1000000.00,4.564953,100.96875
08:00:23,912810UA4,TSRYS5802849,D,S,D,2024-07-01,1000000.00,4.563757,100.98828125
08:00:23,912810UA4,TSRYS5802849,D,S,D,2024-07-01,1000000.00,4.560172,101.046875
08:00:24,912810UA4,TSRYS5802849,D,S,D,2024-07-01,1000.00,,100.71915
08:00:24,912810UA4,TSRYS5802849,D,S,D,2024-07-01,1000000.00,4.561128,101.03125
08:00:25,912810UA4,TSRYS5802849,D,S,T,2024-07-01,1000000.00,4.564953,100.96875
08:00:25,912810UA4,TSRYS5802849,D,S,D,2024-07-01,10000000.00,4.560047,101.04892
08:00:25,912810UA4,TSRYS5802849,D,S,D,2024-07-01,1000000.00,4.56974,100.890625
08:00:26,912810UA4,TSRYS5802849,D,S,T,2024-07-01,1000000.00,4.56974,100.890625
08:00:27,912810UA4,TSRYS5802849,D,S,D,2024-07-01,5000000.00,4.562844,101.00321
08:00:28,912810UA4,TSRYS5802849,D,S,T,2024-07-01,1000000.00,4.568782,100.90625
08:00:28,912810UA4,TSRYS5802849,D,S,T,2024-07-01,1000000.00,4.581729,100.6953125
08:00:28,912810UA4,TSRYS5802849,D,S,T,2024-07-01,1000000.00,4.581009,100.70703125
08:00:28,912810UA4,TSRYS5802849,D,S,C,2024-07-01,1000000.00,4.560172,101.046875
08:00:28,912810UA4,TSRYS5802849,D,S,T,2024-07-01,1000000.00,4.56304,101.0
08:00:28,912810UA4,TSRYS5802849,D,S,T,2024-07-01,1000000.00,4.56304,101.0
08:00:28,912810UA4,TSRYS5802849,D,S,D,2024-07-01,1000000.00,4.569021,100.90234375
08:00:28,912810UA4,TSRYS5802849,D,S,T,2024-07-01,1000000.00,4.559217,101.0625
08:00:29,912810UA4,TSRYS5802849,D,S,D,2024-07-01,1000000.00,4.559455,101.05859375
08:00:29,912810UA4,TSRYS5802849,D,S,D,2024-07-01,1000000.00,4.574531,100.8125
08:00:29,912810UA4,TSRYS5802849,D,S,D,2024-07-01,50MM+,4.57549,100.796875
08:00:29,912810UA4,TSRYS5802849,D,S,D,2024-07-01,27000000.00,4.57549,100.796875
08:00:29,912810UA4,TSRYS5802849,D,S,D,2024-07-01,27000000.00,4.576449,100.78125
08:00:29,912810UA4,TSRYS5802849,D,S,D,2024-07-01,1000000.00,4.567824,100.921875
08:00:29,912810UA4,TSRYS5802849,D,S,D,2024-07-01,1000000.00,4.567824,100.921875
08:00:30,912810UA4,TSRYS5802849,D,S,D,2024-07-01,1000000.00,4.567824,100.921875
08:00:30,912810UA4,TSRYS5802849,D,S,T,2024-07-01,1000000.00,4.579808,100.7265625
08:00:30,912810UA4,TSRYS5802849,D,S,T,2024-07-01,1000000.00,4.580768,100.7109375
08:00:30,912810UA4,TSRYS5802849,D,S,T,2024-07-01,1000000.00,4.581969,100.69140625
08:00:30,912810UA4,TSRYS5802849,D,S,T,2024-07-01,1000000.00,4.581729,100.6953125
08:00:30,912810UA4,TSRYS5802849,D,S,T,2024-07-01,1000000.00,4.581729,100.6953125
08:00:30,912810UA4,TSRYS5802849,D,S,T,2024-07-01,1000000.00,4.576449,100.78125
08:00:30,912810UA4,TSRYS5802849,D,S,T,2024-07-01,1000000.00,4.574531,100.8125
08:00:30,912810UA4,TSRYS5802849,D,S,T,2024-07-01,1000000.00,4.57549,100.796875
08:00:30,912810UA4,TSRYS5802849,D,S,T,2024-07-01,1000000.00,4.57549,100.796875
08:00:30,912810UA4,TSRYS5802849,D,S,T,2024-07-01,1000000.00,4.576449,100.78125
08:00:30,912810UA4,TSRYS5802849,D,S,T,2024-07-01,1000000.00,4.576449,100.78125
08:00:33,912810UA4,TSRYS5802849,D,S,T,2024-07-01,1000000.00,4.576449,100.78125
08:00:33,912810UA4,TSRYS5802849,D,S,T,2024-07-01,1000000.00,4.576449,100.78125
08:00:33,912810UA4,TSRYS5802849,D,S,T,2024-07-01,1000000.00,4.576689,100.77734375
08:00:33,912810UA4,TSRYS5802849,D,S,T,2024-07-01,1000000.00,4.576449,100.78125
08:00:33,912810UA4,TSRYS5802849,D,S,T,2024-07-01,1000000.00,4.576449,100.78125
08:00:33,912810UA4,TSRYS5802849,D,S,T,2024-07-01,1000000.00,4.576449,100.78125
08:00:33,912810UA4,TSRYS5802849,D,S,T,2024-07-01,1000000.00,4.576449,100.78125
08:00:33,912810UA4,TSRYS5802849,D,S,T,2024-07-01,1000000.00,4.576449,100.78125
08:00:33,912810UA4,TSRYS5802849,D,S,T,2024-07-01,1000000.00,4.576449,100.78125
08:00:33,912810UA4,TSRYS5802849,D,S,T,2024-07-01,2000000.00,4.576449,100.78125
08:00:33,912810UA4,TSRYS5802849,D,S,T,2024-07-01,1000000.00,4.576449,100.78125
08:00:33,912810UA4,TSRYS5802849,D,S,T,2024-07-01,1000000.00,4.576449,100.78125
08:00:33,912810UA4,TSRYS5802849,D,S,T,2024-07-01,1000000.00,4.578368,100.75
08:00:33,912810UA4,TSRYS5802849,D,S,T,2024-07-01,1000000.00,4.578368,100.75
08:00:33,912810UA4,TSRYS5802849,D,S,T,2024-07-01,1000000.00,4.581009,100.70703125
08:00:33,912810UA4,TSRYS5802849,D,S,T,2024-07-01,1000000.00,4.581009,100.70703125
08:00:33,912810UA4,TSRYS5802849,D,S,T,2024-07-01,1000000.00,4.581249,100.703125
08:00:33,912810UA4,TSRYS5802849,D,S,T,2024-07-01,1000000.00,4.582209,100.6875
08:00:33,912810UA4,TSRYS5802849,D,S,T,2024-07-01,1000000.00,4.580288,100.71875
08:00:33,912810UA4,TSRYS5802849,D,S,T,2024-07-01,1000000.00,4.581249,100.703125
08:00:33,912810UA4,TSRYS5802849,D,S,T,2024-07-01,1000000.00,4.581249,100.703125
08:00:33,912810UA4,TSRYS5802849,D,S,T,2024-07-01,1000000.00,4.581249,100.703125
08:00:33,912810UA4,TSRYS5802849,D,S,T,2024-07-01,1000000.00,4.579328,100.734375
08:00:33,912810UA4,TSRYS5802849,D,S,T,2024-07-01,1000000.00,4.579328,100.734375
08:00:33,912810UA4,TSRYS5802849,D,S,T,2024-07-01,1000000.00,4.579328,100.734375
08:00:33,912810UA4,TSRYS5802849,D,S,T,2024-07-01,1000000.00,4.579328,100.734375
08:00:33,912810UA4,TSRYS5802849,D,S,T,2024-07-01,1000000.00,4.576449,100.78125
08:00:33,912810UA4,TSRYS5802849,D,S,T,2024-07-01,1000000.00,4.576449,100.78125
08:00:33,912810UA4,TSRYS5802849,D,S,T,2024-07-01,1000000.00,4.576449,100.78125
08:00:33,912810UA4,TSRYS5802849,D,S,T,2024-07-01,1000000.00,4.576449,100.78125
08:00:33,912810UA4,TSRYS5802849,D,S,T,2024-07-01,1000000.00,4.576449,100.78125
08:00:33,912810UA4,TSRYS5802849,D,S,T,2024-07-01,1000000.00,4.576449,100.78125
08:00:33,912810UA4,TSRYS5802849,D,S,T,2024-07-01,1000000.00,4.576449,100.78125
08:00:33,912810UA4,TSRYS5802849,D,S,T,2024-07-01,1000000.00,4.57549,100.796875
08:00:33,912810UA4,TSRYS5802849,D,S,T,2024-07-01,1000000.00,4.57549,100.796875
08:00:33,912810UA4,TSRYS5802849,D,S,T,2024-07-01,1000000.00,4.578368,100.75
08:00:33,912810UA4,TSRYS5802849,D,S,T,2024-07-01,1000000.00,4.578368,100.75
08:00:33,912810UA4,TSRYS5802849,D,S,T,2024-07-01,1000000.00,4.579328,100.734375
08:00:33,912810UA4,TSRYS5802849,D,S,T,2024-07-01,1000000.00,4.57549,100.796875
08:00:33,912810UA4,TSRYS5802849,D,S,T,2024-07-01,1000000.00,4.57549,100.796875
08:00:33,912810UA4,TSRYS5802849,D,S,T,2024-07-01,1000000.00,4.57549,100.796875
08:00:33,912810UA4,TSRYS5802849,D,S,T,2024-07-01,1000000.00,4.57549,100.796875
08:00:33,912810UA4,TSRYS5802849,D,S,D,2024-07-01,1000000.00,4.567824,100.921875
08:00:33,912810UA4,TSRYS5802849,D,S,T,2024-07-01,1000000.00,4.570937,100.87109375
08:00:33,912810UA4,TSRYS5802849,D,S,T,2024-07-01,1000000.00,4.572614,100.84375
08:00:33,912810UA4,TSRYS5802849,D,S,T,2024-07-01,1000000.00,4.572614,100.84375
08:00:33,912810UA4,TSRYS5802849,D,S,T,2024-07-01,1000000.00,4.572614,100.84375
08:00:33,912810UA4,TSRYS5802849,D,S,T,2024-07-01,1000000.00,4.572614,100.84375
08:00:33,912810UA4,TSRYS5802849,D,S,T,2024-07-01,1000000.00,4.572614,100.84375
08:00:33,912810UA4,TSRYS5802849,D,S,T,2024-07-01,1000000.00,4.573572,100.828125
08:00:33,912810UA4,TSRYS5802849,D,S,T,2024-07-01,1000000.00,4.574531,100.8125
08:00:33,912810UA4,TSRYS5802849,D,S,T,2024-07-01,1000000.00,4.575011,100.8046875
08:00:33,912810UA4,TSRYS5802849,D,S,T,2024-07-01,1000000.00,4.575011,100.8046875
08:00:33,912810UA4,TSRYS5802849,D,S,T,2024-07-01,1000000.00,4.572614,100.84375
08:00:33,912810UA4,TSRYS5802849,D,S,T,2024-07-01,1000000.00,4.572614,100.84375
08:00:33,912810UA4,TSRYS5802849,D,S,T,2024-07-01,1000000.00,4.571656,100.859375
08:00:33,912810UA4,TSRYS5802849,D,S,T,2024-07-01,1000000.00,4.56591,100.953125
08:00:33,912810UA4,TSRYS5802849,D,S,T,2024-07-01,1000000.00,4.560172,101.046875
08:00:33,912810UA4,TSRYS5802849,D,S,T,2024-07-01,1000000.00,4.560172,101.046875
08:00:33,912810UA4,TSRYS5802849,D,S,T,2024-07-01,1000000.00,4.562323,101.01171875
08:00:33,912810UA4,TSRYS5802849,D,S,T,2024-07-01,1000000.00,4.56065,101.0390625
08:00:33,912810UA4,TSRYS5802849,D,S,T,2024-07-01,1000000.00,4.56065,101.0390625
08:00:33,912810UA4,TSRYS5802849,D,S,T,2024-07-01,1000000.00,4.561964,101.017578125
08:00:33,912810UA4,TSRYS5802849,D,S,T,2024-07-01,1000000.00,4.561845,101.01953125
08:00:33,912810UA4,TSRYS5802849,D,S,T,2024-07-01,1000000.00,4.561725,101.021484375
08:00:33,912810UA4,TSRYS5802849,D,S,T,2024-07-01,1000000.00,4.563997,100.984375
08:00:33,912810UA4,TSRYS5802849,D,S,T,2024-07-01,1000000.00,4.563997,100.984375
08:00:33,912810UA4,TSRYS5802849,D,S,T,2024-07-01,1000000.00,4.563997,100.984375
08:00:33,912810UA4,TSRYS5802849,D,S,T,2024-07-01,1000000.00,4.561128,101.03125
08:00:33,912810UA4,TSRYS5802849,D,S,T,2024-07-01,1000000.00,4.557306,101.09375
08:00:33,912810UA4,TSRYS5802849,D,S,T,2024-07-01,1000000.00,4.559217,101.0625
08:00:33,912810UA4,TSRYS5802849,D,S,T,2024-07-01,1000000.00,4.559217,101.0625
08:00:33,912810UA4,TSRYS5802849,D,S,T,2024-07-01,1000000.00,4.559217,101.0625
08:00:33,912810UA4,TSRYS5802849,D,S,T,2024-07-01,1000000.00,4.559217,101.0625
08:00:33,912810UA4,TSRYS5802849,D,S,T,2024-07-01,1000000.00,4.559217,101.0625
08:00:33,912810UA4,TSRYS5802849,D,S,T,2024-07-01,1000000.00,4.559217,101.0625
08:00:33,912810UA4,TSRYS5802849,D,S,T,2024-07-01,1000000.00,4.560172,101.046875
08:00:33,912810UA4,TSRYS5802849,D,S,T,2024-07-01,1000000.00,4.560531,101.041015625
08:00:33,912810UA4,TSRYS5802849,D,S,T,2024-07-01,1000000.00,4.557306,101.09375
08:00:33,912810UA4,TSRYS5802849,D,S,T,2024-07-01,1000000.00,4.557306,101.09375
08:00:33,912810UA4,TSRYS5802849,D,S,T,2024-07-01,1000000.00,4.557306,101.09375
08:00:33,912810UA4,TSRYS5802849,D,S,T,2024-07-01,1000000.00,4.557306,101.09375
08:00:33,912810UA4,TSRYS5802849,D,S,T,2024-07-01,1000000.00,4.557306,101.09375
08:00:33,912810UA4,TSRYS5802849,D,S,T,2024-07-01,1000000.00,4.557306,101.09375
08:00:33,912810UA4,TSRYS5802849,D,S,T,2024-07-01,1000000.00,4.557306,101.09375
08:00:33,912810UA4,TSRYS5802849,D,S,T,2024-07-01,1000000.00,4.556351,101.109375
08:00:33,912810UA4,TSRYS5802849,D,S,T,2024-07-01,1000000.00,4.558261,101.078125
08:00:33,912810UA4,TSRYS5802849,D,S,T,2024-07-01,1000000.00,4.558261,101.078125
08:00:33,912810UA4,TSRYS5802849,D,S,T,2024-07-01,1000000.00,4.558261,101.078125
08:00:33,912810UA4,TSRYS5802849,D,S,T,2024-07-01,1000000.00,4.558261,101.078125
08:00:33,912810UA4,TSRYS5802849,D,S,T,2024-07-01,1000000.00,4.559336,101.060546875
08:00:33,912810UA4,TSRYS5802849,D,S,T,2024-07-01,1000000.00,4.561128,101.03125
08:00:33,912810UA4,TSRYS5802849,D,S,T,2024-07-01,1000000.00,4.561128,101.03125
08:00:33,912810UA4,TSRYS5802849,D,S,T,2024-07-01,1000000.00,4.56077,101.037109375
08:00:33,912810UA4,TSRYS5802849,D,S,T,2024-07-01,1000000.00,4.557067,101.09765625
08:00:33,912810UA4,TSRYS5802849,D,S,T,2024-07-01,1000000.00,4.557067,101.09765625
08:00:33,912810UA4,TSRYS5802849,D,S,T,2024-07-01,1000000.00,4.557306,101.09375
08:00:33,912810UA4,TSRYS5802849,D,S,T,2024-07-01,1000000.00,4.557306,101.09375
08:00:33,912810UA4,TSRYS5802849,D,S,T,2024-07-01,1000000.00,4.557067,101.09765625
08:00:33,912810UA4,TSRYS5802849,D,S,T,2024-07-01,1000000.00,4.555874,101.1171875
08:00:33,912810UA4,TSRYS5802849,D,S,T,2024-07-01,1000000.00,4.555874,101.1171875
08:00:33,912810UA4,TSRYS5802849,D,S,T,2024-07-01,1000000.00,4.555874,101.1171875
08:00:33,912810UA4,TSRYS5802849,D,S,T,2024-07-01,1000000.00,4.555874,101.1171875
08:00:33,912810UA4,TSRYS5802849,D,S,T,2024-07-01,1000000.00,4.557306,101.09375
08:00:33,912810UA4,TSRYS5802849,D,S,T,2024-07-01,1000000.00,4.557306,101.09375
08:00:33,912810UA4,TSRYS5802849,D,S,T,2024-07-01,1000000.00,4.556351,101.109375
08:00:33,912810UA4,TSRYS5802849,D,S,T,2024-07-01,1000000.00,4.555516,101.123046875
08:00:33,912810UA4,TSRYS5802849,D,S,T,2024-07-01,1000000.00,4.555396,101.125
08:00:33,912810UA4,TSRYS5802849,D,S,T,2024-07-01,1000000.00,4.555396,101.125
08:00:33,912810UA4,TSRYS5802849,D,S,T,2024-07-01,1000000.00,4.555396,101.125
08:00:33,912810UA4,TSRYS5802849,D,S,T,2024-07-01,1000000.00,4.557306,101.09375
08:00:33,912810UA4,TSRYS5802849,D,S,T,2024-07-01,1000000.00,4.557306,101.09375
08:00:33,912810UA4,TSRYS5802849,D,S,T,2024-07-01,1000000.00,4.558261,101.078125
08:00:33,912810UA4,TSRYS5802849,D,S,T,2024-07-01,1000000.00,4.561128,101.03125
08:00:33,912810UA4,TSRYS5802849,D,S,T,2024-07-01,1000000.00,4.561128,101.03125
08:00:33,912810UA4,TSRYS5802849,D,S,T,2024-07-01,1000000.00,4.560172,101.046875
08:00:33,912810UA4,TSRYS5802849,D,S,T,2024-07-01,1000000.00,4.561128,101.03125
08:00:33,912810UA4,TSRYS5802849,D,S,T,2024-07-01,1000000.00,4.561128,101.03125
08:00:33,912810UA4,TSRYS5802849,D,S,T,2024-07-01,1000000.00,4.561128,101.03125
08:00:33,912810UA4,TSRYS5802849,D,S,T,2024-07-01,1000000.00,4.561128,101.03125
08:00:33,912810UA4,TSRYS5802849,D,S,T,2024-07-01,1000000.00,4.561008,101.033203125
08:00:33,912810UA4,TSRYS5802849,D,S,T,2024-07-01,1000000.00,4.561128,101.03125
08:00:33,912810UA4,TSRYS5802849,D,S,T,2024-07-01,1000000.00,4.560053,101.048828125
08:00:33,912810UA4,TSRYS5802849,D,S,T,2024-07-01,1000000.00,4.561247,101.029296875
08:00:33,912810UA4,TSRYS5802849,D,S,T,2024-07-01,1000000.00,4.560172,101.046875
08:00:33,912810UA4,TSRYS5802849,D,S,T,2024-07-01,1000000.00,4.562084,101.015625
08:00:33,912810UA4,TSRYS5802849,D,S,T,2024-07-01,1000000.00,4.564116,100.982421875
08:00:33,912810UA4,TSRYS5802849,D,S,T,2024-07-01,1000000.00,4.566867,100.9375
08:00:33,912810UA4,TSRYS5802849,D,S,T,2024-07-01,1000000.00,4.567106,100.93359375
08:00:33,912810UA4,TSRYS5802849,D,S,T,2024-07-01,1000000.00,4.560172,101.046875
08:00:33,912810UA4,TSRYS5802849,D,S,T,2024-07-01,1000000.00,4.561128,101.03125
08:00:33,912810UA4,TSRYS5802849,D,S,T,2024-07-01,1000000.00,4.566867,100.9375
08:00:33,912810UA4,TSRYS5802849,D,S,T,2024-07-01,1000000.00,4.566867,100.9375
08:00:33,912810UA4,TSRYS5802849,D,S,T,2024-07-01,1000000.00,4.566867,100.9375
08:00:33,912810UA4,TSRYS5802849,D,S,T,2024-07-01,1000000.00,4.564953,100.96875
08:00:33,912810UA4,TSRYS5802849,D,S,T,2024-07-01,1000000.00,4.559217,101.0625
08:00:33,912810UA4,TSRYS5802849,D,S,T,2024-07-01,1000000.00,4.559217,101.0625
08:00:33,912810UA4,TSRYS5802849,D,S,T,2024-07-01,1000000.00,4.559217,101.0625
08:00:33,912810UA4,TSRYS5802849,D,S,T,2024-07-01,1000000.00,4.559217,101.0625
08:00:33,912810UA4,TSRYS5802849,D,S,T,2024-07-01,1000000.00,4.559217,101.0625
08:00:33,912810UA4,TSRYS5802849,D,S,T,2024-07-01,1000000.00,4.559217,101.0625
08:00:33,912810UA4,TSRYS5802849,D,S,T,2024-07-01,1000000.00,4.559217,101.0625
08:00:33,912810UA4,TSRYS5802849,D,S,T,2024-07-01,1000000.00,4.559217,101.0625
08:00:33,912810UA4,TSRYS5802849,D,S,T,2024-07-01,1000000.00,4.559217,101.0625
08:00:33,912810UA4,TSRYS5802849,D,S,T,2024-07-01,1000000.00,4.559217,101.0625
08:00:33,912810UA4,TSRYS5802849,D,S,T,2024-07-01,1000000.00,4.557306,101.09375
08:00:33,912810UA4,TSRYS5802849,D,S,T,2024-07-01,1000000.00,4.558261,101.078125
08:00:33,912810UA4,TSRYS5802849,D,S,T,2024-07-01,1000000.00,4.560172,101.046875
08:00:33,912810UA4,TSRYS5802849,D,S,T,2024-07-01,1000000.00,4.560172,101.046875
08:00:33,912810UA4,TSRYS5802849,D,S,T,2024-07-01,1000000.00,4.560172,101.046875
08:00:33,912810UA4,TSRYS5802849,D,S,T,2024-07-01,1000000.00,4.561128,101.03125
08:00:33,912810UA4,TSRYS5802849,D,S,T,2024-07-01,1000000.00,4.564953,100.96875
08:00:33,912810UA4,TSRYS5802849,D,S,T,2024-07-01,1000000.00,4.566867,100.9375
08:00:33,912810UA4,TSRYS5802849,D,S,T,2024-07-01,1000000.00,4.566867,100.9375
08:00:33,912810UA4,TSRYS5802849,D,S,T,2024-07-01,1000000.00,4.566867,100.9375
08:00:33,912810UA4,TSRYS5802849,D,S,T,2024-07-01,1000000.00,4.566867,100.9375
08:00:33,912810UA4,TSRYS5802849,D,S,T,2024-07-01,1000000.00,4.567346,100.9296875
08:00:33,912810UA4,TSRYS5802849,D,S,T,2024-07-01,1000000.00,4.567824,100.921875
08:00:33,912810UA4,TSRYS5802849,D,S,T,2024-07-01,1000000.00,4.567824,100.921875
08:00:33,912810UA4,TSRYS5802849,D,S,T,2024-07-01,1000000.00,4.567824,100.921875
08:00:33,912810UA4,TSRYS5802849,D,S,T,2024-07-01,1000000.00,4.567824,100.921875
08:00:33,912810UA4,TSRYS5802849,D,S,T,2024-07-01,1000000.00,4.567824,100.921875
08:00:33,912810UA4,TSRYS5802849,D,S,T,2024-07-01,1000000.00,4.567824,100.921875
08:00:33,912810UA4,TSRYS5802849,D,S,T,2024-07-01,1000000.00,4.567824,100.921875
08:00:33,912810UA4,TSRYS5802849,D,S,T,2024-07-01,1000000.00,4.567824,100.921875
08:00:33,912810UA4,TSRYS5802849,D,S,T,2024-07-01,1000000.00,4.566867,100.9375
08:00:33,912810UA4,TSRYS5802849,D,S,T,2024-07-01,1000000.00,4.567824,100.921875
08:00:33,912810UA4,TSRYS5802849,D,S,T,2024-07-01,1000000.00,4.567824,100.921875
08:00:33,912810UA4,TSRYS5802849,D,S,T,2024-07-01,1000000.00,4.567824,100.921875
08:00:33,912810UA4,TSRYS5802849,D,S,T,2024-07-01,1000000.00,4.567824,100.921875
08:00:33,912810UA4,TSRYS5802849,D,S,T,2024-07-01,1000000.00,4.567824,100.921875
08:00:33,912810UA4,TSRYS5802849,D,S,T,2024-07-01,1000000.00,4.568782,100.90625
08:00:33,912810UA4,TSRYS5802849,D,S,T,2024-07-01,1000000.00,4.568782,100.90625
08:00:33,912810UA4,TSRYS5802849,D,S,T,2024-07-01,1000000.00,4.568782,100.90625
08:00:33,912810UA4,TSRYS5802849,D,S,T,2024-07-01,1000000.00,4.568782,100.90625
08:00:33,912810UA4,TSRYS5802849,D,S,T,2024-07-01,1000000.00,4.568782,100.90625
08:00:33,912810UA4,TSRYS5802849,D,S,T,2024-07-01,1000000.00,4.568782,100.90625
08:00:33,912810UA4,TSRYS5802849,D,S,T,2024-07-01,1000000.00,4.568782,100.90625
08:00:33,912810UA4,TSRYS5802849,D,S,T,2024-07-01,1000000.00,4.568183,100.916015625
08:00:33,912810UA4,TSRYS5802849,D,S,T,2024-07-01,1000000.00,4.567824,100.921875
08:00:33,912810UA4,TSRYS5802849,D,S,T,2024-07-01,1000000.00,4.568902,100.904296875
08:00:33,912810UA4,TSRYS5802849,D,S,T,2024-07-01,1000000.00,4.56974,100.890625
08:00:33,912810UA4,TSRYS5802849,D,S,T,2024-07-01,1000000.00,4.568423,100.912109375
08:00:33,912810UA4,TSRYS5802849,D,S,T,2024-07-01,1000000.00,4.566269,100.947265625
08:00:33,912810UA4,TSRYS5802849,D,S,T,2024-07-01,1000000.00,4.566867,100.9375
08:00:33,912810UA4,TSRYS5802849,D,S,T,2024-07-01,1000000.00,4.566867,100.9375
08:00:33,912810UA4,TSRYS5802849,D,S,T,2024-07-01,1000000.00,4.56304,101.0
08:00:33,912810UA4,TSRYS5802849,D,S,T,2024-07-01,1000000.00,4.56304,101.0
08:00:33,912810UA4,TSRYS5802849,D,S,T,2024-07-01,1000000.00,4.56304,101.0
08:00:33,912810UA4,TSRYS5802849,D,S,T,2024-07-01,1000000.00,4.56304,101.0
08:00:33,912810UA4,TSRYS5802849,D,S,T,2024-07-01,1000000.00,4.56304,101.0
08:00:33,912810UA4,TSRYS5802849,D,S,T,2024-07-01,1000000.00,4.56304,101.0
08:00:33,912810UA4,TSRYS5802849,D,S,T,2024-07-01,1000000.00,4.561128,101.03125
08:00:33,912810UA4,TSRYS5802849,D,S,T,2024-07-01,1000000.00,4.561128,101.03125
08:00:33,912810UA4,TSRYS5802849,D,S,T,2024-07-01,1000000.00,4.560172,101.046875
08:00:33,912810UA4,TSRYS5802849,D,S,T,2024-07-01,1000000.00,4.560172,101.046875
08:00:33,912810UA4,TSRYS5802849,D,S,T,2024-07-01,1000000.00,4.561128,101.03125
08:00:33,912810UA4,TSRYS5802849,D,S,T,2024-07-01,1000000.00,4.559217,101.0625
08:00:33,912810UA4,TSRYS5802849,D,S,T,2024-07-01,2000000.00,4.560172,101.046875
08:00:33,912810UA4,TSRYS5802849,D,S,T,2024-07-01,2000000.00,4.560172,101.046875
08:00:33,912810UA4,TSRYS5802849,D,S,T,2024-07-01,2000000.00,4.560172,101.046875
08:00:33,912810UA4,TSRYS5802849,D,S,T,2024-07-01,2000000.00,4.560172,101.046875
08:00:33,912810UA4,TSRYS5802849,D,S,T,2024-07-01,1000000.00,4.560172,101.046875
08:00:33,912810UA4,TSRYS5802849,D,S,T,2024-07-01,1000000.00,4.560172,101.046875
08:00:33,912810UA4,TSRYS5802849,D,S,T,2024-07-01,1000000.00,4.559455,101.05859375
08:00:33,912810UA4,TSRYS5802849,D,S,T,2024-07-01,1000000.00,4.559455,101.05859375
08:00:33,912810UA4,TSRYS5802849,D,S,T,2024-07-01,1000000.00,4.559455,101.05859375
08:00:33,912810UA4,TSRYS5802849,D,S,T,2024-07-01,1000000.00,4.559455,101.05859375
08:00:33,912810UA4,TSRYS5802849,D,S,T,2024-07-01,1000000.00,4.559455,101.05859375
08:00:33,912810UA4,TSRYS5802849,D,S,T,2024-07-01,1000000.00,4.560053,101.048828125
08:00:33,912810UA4,TSRYS5802849,D,S,T,2024-07-01,1000000.00,4.560172,101.046875
08:00:33,912810UA4,TSRYS5802849,D,S,T,2024-07-01,1000000.00,4.560172,101.046875
08:00:33,912810UA4,TSRYS5802849,D,S,T,2024-07-01,1000000.00,4.560172,101.046875
08:00:33,912810UA4,TSRYS5802849,D,S,T,2024-07-01,1000000.00,4.561128,101.03125
08:00:33,912810UA4,TSRYS5802849,D,S,T,2024-07-01,1000000.00,4.562084,101.015625
08:00:33,912810UA4,TSRYS5802849,D,S,T,2024-07-01,1000000.00,4.563279,100.99609375
08:00:33,912810UA4,TSRYS5802849,D,S,T,2024-07-01,1000000.00,4.564714,100.97265625
08:00:33,912810UA4,TSRYS5802849,D,S,T,2024-07-01,1000000.00,4.563279,100.99609375
08:00:33,912810UA4,TSRYS5802849,D,S,T,2024-07-01,1000000.00,4.56316,100.998046875
08:00:33,912810UA4,TSRYS5802849,D,S,T,2024-07-01,1000000.00,4.56304,101.0
08:00:34,912810UA4,TSRYS5802849,D,S,T,2024-07-01,1000000.00,4.56304,101.0
08:00:34,912810UA4,TSRYS5802849,D,S,T,2024-07-01,1000000.00,4.564953,100.96875
08:00:34,912810UA4,TSRYS5802849,D,S,T,2024-07-01,1000000.00,4.564953,100.96875
08:00:34,912810UA4,TSRYS5802849,D,S,T,2024-07-01,1000000.00,4.56591,100.953125
08:00:34,912810UA4,TSRYS5802849,D,S,T,2024-07-01,1000000.00,4.56591,100.953125
08:00:34,912810UA4,TSRYS5802849,D,S,T,2024-07-01,1000000.00,4.56591,100.953125
08:00:34,912810UA4,TSRYS5802849,D,S,T,2024-07-01,1000000.00,4.56591,100.953125
08:00:34,912810UA4,TSRYS5802849,D,S,T,2024-07-01,1000000.00,4.56591,100.953125
08:00:34,912810UA4,TSRYS5802849,D,S,T,2024-07-01,1000000.00,4.566867,100.9375
08:00:34,912810UA4,TSRYS5802849,D,S,T,2024-07-01,1000000.00,4.566867,100.9375
08:00:34,912810UA4,TSRYS5802849,D,S,T,2024-07-01,1000000.00,4.567944,100.919921875
08:00:34,912810UA4,TSRYS5802849,D,S,T,2024-07-01,1000000.00,4.567824,100.921875
08:00:34,912810UA4,TSRYS5802849,D,S,T,2024-07-01,1000000.00,4.566867,100.9375
08:00:34,912810UA4,TSRYS5802849,D,S,T,2024-07-01,1000000.00,4.566867,100.9375
08:00:34,912810UA4,TSRYS5802849,D,S,T,2024-07-01,1000000.00,4.566867,100.9375
08:00:34,912810UA4,TSRYS5802849,D,S,T,2024-07-01,1000000.00,4.567824,100.921875
08:00:34,912810UA4,TSRYS5802849,D,S,T,2024-07-01,1000000.00,4.568782,100.90625
08:00:34,912810UA4,TSRYS5802849,D,S,T,2024-07-01,1000000.00,4.571656,100.859375
08:00:34,912810UA4,TSRYS5802849,D,S,T,2024-07-01,1000000.00,4.571656,100.859375
08:00:34,912810UA4,TSRYS5802849,D,S,T,2024-07-01,1000000.00,4.571656,100.859375
08:00:34,912810UA4,TSRYS5802849,D,S,T,2024-07-01,1000000.00,4.571656,100.859375
08:00:34,912810UA4,TSRYS5802849,D,S,T,2024-07-01,1000000.00,4.571656,100.859375
08:00:34,912810UA4,TSRYS5802849,D,S,T,2024-07-01,1000000.00,4.571656,100.859375
08:00:34,912810UA4,TSRYS5802849,D,S,T,2024-07-01,1000000.00,4.571656,100.859375
08:00:34,912810UA4,TSRYS5802849,D,S,T,2024-07-01,1000000.00,4.571656,100.859375
08:00:34,912810UA4,TSRYS5802849,D,S,T,2024-07-01,1000000.00,4.571656,100.859375
08:00:34,912810UA4,TSRYS5802849,D,S,T,2024-07-01,1000000.00,4.571656,100.859375
08:00:34,912810UA4,TSRYS5802849,D,S,T,2024-07-01,1000000.00,4.571656,100.859375
08:00:34,912810UA4,TSRYS5802849,D,S,T,2024-07-01,1000000.00,4.571656,100.859375
08:00:34,912810UA4,TSRYS5802849,D,S,T,2024-07-01,1000000.00,4.571656,100.859375
08:00:34,912810UA4,TSRYS5802849,D,S,T,2024-07-01,1000000.00,4.571656,100.859375
08:00:34,912810UA4,TSRYS5802849,D,S,T,2024-07-01,1000000.00,4.572614,100.84375
08:00:34,912810UA4,TSRYS5802849,D,S,T,2024-07-01,1000000.00,4.572614,100.84375
08:00:34,912810UA4,TSRYS5802849,D,S,T,2024-07-01,1000000.00,4.572614,100.84375
08:00:34,912810UA4,TSRYS5802849,D,S,T,2024-07-01,1000000.00,4.572374,100.84765625
08:00:34,912810UA4,TSRYS5802849,D,S,T,2024-07-01,1000000.00,4.572494,100.845703125
08:00:34,912810UA4,TSRYS5802849,D,S,T,2024-07-01,1000000.00,4.566867,100.9375
08:00:34,912810UA4,TSRYS5802849,D,S,T,2024-07-01,1000000.00,4.566867,100.9375
08:00:34,912810UA4,TSRYS5802849,D,S,T,2024-07-01,1000000.00,4.566867,100.9375
08:00:34,912810UA4,TSRYS5802849,D,S,T,2024-07-01,1000000.00,4.566867,100.9375
08:00:34,912810UA4,TSRYS5802849,D,S,T,2024-07-01,1000000.00,4.567226,100.931640625
08:00:34,912810UA4,TSRYS5802849,D,S,T,2024-07-01,1000000.00,4.567106,100.93359375
08:00:34,912810UA4,TSRYS5802849,D,S,T,2024-07-01,1000000.00,4.567106,100.93359375
08:00:34,912810UA4,TSRYS5802849,D,S,T,2024-07-01,1000000.00,4.570697,100.875
08:00:34,912810UA4,TSRYS5802849,D,S,T,2024-07-01,1000000.00,4.570697,100.875
08:00:34,912810UA4,TSRYS5802849,D,S,T,2024-07-01,1000000.00,4.570697,100.875
08:00:34,912810UA4,TSRYS5802849,D,S,T,2024-07-01,1000000.00,4.570697,100.875
08:00:34,912810UA4,TSRYS5802849,D,S,T,2024-07-01,1000000.00,4.570697,100.875
08:00:34,912810UA4,TSRYS5802849,D,S,T,2024-07-01,1000000.00,4.571656,100.859375
08:00:34,912810UA4,TSRYS5802849,D,S,T,2024-07-01,1000000.00,4.571416,100.86328125
08:00:34,912810UA4,TSRYS5802849,D,S,T,2024-07-01,1000000.00,4.572614,100.84375
08:00:34,912810UA4,TSRYS5802849,D,S,T,2024-07-01,1000000.00,4.56974,100.890625
08:00:34,912810UA4,TSRYS5802849,D,S,T,2024-07-01,1000000.00,4.56974,100.890625
08:00:34,912810UA4,TSRYS5802849,D,S,T,2024-07-01,1000000.00,4.56974,100.890625
08:00:34,912810UA4,TSRYS5802849,D,S,T,2024-07-01,1000000.00,4.56974,100.890625
08:00:34,912810UA4,TSRYS5802849,D,S,T,2024-07-01,1000000.00,4.56974,100.890625
08:00:34,912810UA4,TSRYS5802849,D,S,T,2024-07-01,1000000.00,4.56591,100.953125
08:00:34,912810UA4,TSRYS5802849,D,S,T,2024-07-01,1000000.00,4.56591,100.953125
08:00:34,912810UA4,TSRYS5802849,D,S,T,2024-07-01,1000000.00,4.56591,100.953125
08:00:34,912810UA4,TSRYS5802849,D,S,T,2024-07-01,1000000.00,4.566867,100.9375
08:00:34,912810UA4,TSRYS5802849,D,S,T,2024-07-01,1000000.00,4.568782,100.90625
08:00:34,912810UA4,TSRYS5802849,D,S,T,2024-07-01,1000000.00,4.568782,100.90625
08:00:34,912810UA4,TSRYS5802849,D,S,T,2024-07-01,1000000.00,4.567346,100.9296875
08:00:34,912810UA4,TSRYS5802849,D,S,T,2024-07-01,1000000.00,4.566389,100.9453125
08:00:34,912810UA4,TSRYS5802849,D,S,T,2024-07-01,1000000.00,4.566389,100.9453125
08:00:34,912810UA4,TSRYS5802849,D,S,T,2024-07-01,1000000.00,4.566389,100.9453125
08:00:34,912810UA4,TSRYS5802849,D,S,T,2024-07-01,1000000.00,4.566389,100.9453125
08:00:34,912810UA4,TSRYS5802849,D,S,T,2024-07-01,1000000.00,4.566628,100.94140625
08:00:34,912810UA4,TSRYS5802849,D,S,T,2024-07-01,1000000.00,4.566867,100.9375
08:00:34,912810UA4,TSRYS5802849,D,S,T,2024-07-01,1000000.00,4.566867,100.9375
08:00:34,912810UA4,TSRYS5802849,D,S,T,2024-07-01,1000000.00,4.566867,100.9375
08:00:34,912810UA4,TSRYS5802849,D,S,T,2024-07-01,1000000.00,4.566867,100.9375
08:00:34,912810UA4,TSRYS5802849,D,S,T,2024-07-01,1000000.00,4.566867,100.9375
08:00:34,912810UA4,TSRYS5802849,D,S,T,2024-07-01,1000000.00,4.566389,100.9453125
08:00:34,912810UA4,TSRYS5802849,D,S,T,2024-07-01,1000000.00,4.566389,100.9453125
08:00:34,912810UA4,TSRYS5802849,D,S,T,2024-07-01,3000000.00,4.566867,100.9375
08:00:34,912810UA4,TSRYS5802849,D,S,T,2024-07-01,1000000.00,4.566867,100.9375
08:00:34,912810UA4,TSRYS5802849,D,S,T,2024-07-01,1000000.00,4.56974,100.890625
08:00:34,912810UA4,TSRYS5802849,D,S,T,2024-07-01,1000000.00,4.570697,100.875
08:00:34,912810UA4,TSRYS5802849,D,S,T,2024-07-01,1000000.00,4.570697,100.875
08:00:34,912810UA4,TSRYS5802849,D,S,T,2024-07-01,1000000.00,4.570697,100.875
08:00:34,912810UA4,TSRYS5802849,D,S,T,2024-07-01,1000000.00,4.571656,100.859375
08:00:34,912810UA4,TSRYS5802849,D,S,T,2024-07-01,2000000.00,4.573572,100.828125
08:00:34,912810UA4,TSRYS5802849,D,S,D,2024-07-01,1000000.00,4.573812,100.82421875
08:00:34,912810UA4,TSRYS5802849,D,S,D,2024-07-01,1000000.00,4.573093,100.8359375
08:00:34,912810UA4,TSRYS5802849,D,S,D,2024-07-01,1000000.00,4.573093,100.8359375
08:00:34,912810UA4,TSRYS5802849,D,S,D,2024-07-01,1000000.00,4.571177,100.8671875
08:00:34,912810UA4,TSRYS5802849,D,S,T,2024-07-01,1000000.00,4.571656,100.859375
08:00:34,912810UA4,TSRYS5802849,D,S,T,2024-07-01,1000000.00,4.571656,100.859375
08:00:34,912810UA4,TSRYS5802849,D,S,T,2024-07-01,1000000.00,4.572614,100.84375
08:00:34,912810UA4,TSRYS5802849,D,S,T,2024-07-01,1000000.00,4.572614,100.84375
08:00:34,912810UA4,TSRYS5802849,D,S,T,2024-07-01,1000000.00,4.572614,100.84375
08:00:34,912810UA4,TSRYS5802849,D,S,T,2024-07-01,1000000.00,4.572614,100.84375
08:00:34,912810UA4,TSRYS5802849,D,S,T,2024-07-01,1000000.00,4.572614,100.84375
08:00:34,912810UA4,TSRYS5802849,D,S,T,2024-07-01,1000000.00,4.571656,100.859375
08:00:34,912810UA4,TSRYS5802849,D,S,T,2024-07-01,1000000.00,4.573572,100.828125
08:00:34,912810UA4,TSRYS5802849,D,S,T,2024-07-01,1000000.00,4.573572,100.828125
08:00:34,912810UA4,TSRYS5802849,D,S,T,2024-07-01,1000000.00,4.573572,100.828125
08:00:34,912810UA4,TSRYS5802849,D,S,T,2024-07-01,1000000.00,4.573572,100.828125
08:00:34,912810UA4,TSRYS5802849,D,S,T,2024-07-01,1000000.00,4.573572,100.828125
08:00:34,912810UA4,TSRYS5802849,D,S,T,2024-07-01,1000000.00,4.573572,100.828125
08:00:34,912810UA4,TSRYS5802849,D,S,T,2024-07-01,1000000.00,4.573572,100.828125
08:00:34,912810UA4,TSRYS5802849,D,S,T,2024-07-01,1000000.00,4.573572,100.828125
08:00:34,912810UA4,TSRYS5802849,D,S,T,2024-07-01,1000000.00,4.573572,100.828125
08:00:34,912810UA4,TSRYS5802849,D,S,T,2024-07-01,1000000.00,4.573572,100.828125
08:00:34,912810UA4,TSRYS5802849,D,S,T,2024-07-01,1000000.00,4.573572,100.828125
08:00:34,912810UA4,TSRYS5802849,D,S,T,2024-07-01,1000000.00,4.573572,100.828125
08:00:34,912810UA4,TSRYS5802849,D,S,T,2024-07-01,1000000.00,4.573572,100.828125
08:00:34,912810UA4,TSRYS5802849,D,S,T,2024-07-01,1000000.00,4.573572,100.828125
08:00:34,912810UA4,TSRYS5802849,D,S,T,2024-07-01,1000000.00,4.573572,100.828125
08:00:34,912810UA4,TSRYS5802849,D,S,T,2024-07-01,1000000.00,4.573572,100.828125
08:00:34,912810UA4,TSRYS5802849,D,S,T,2024-07-01,1000000.00,4.573572,100.828125
08:00:34,912810UA4,TSRYS5802849,D,S,T,2024-07-01,1000000.00,4.572614,100.84375
08:00:34,912810UA4,TSRYS5802849,D,S,T,2024-07-01,1000000.00,4.573572,100.828125
08:00:34,912810UA4,TSRYS5802849,D,S,T,2024-07-01,1000000.00,4.573572,100.828125
08:00:34,912810UA4,TSRYS5802849,D,S,T,2024-07-01,1000000.00,4.573572,100.828125
08:00:34,912810UA4,TSRYS5802849,D,S,T,2024-07-01,1000000.00,4.574531,100.8125
08:00:34,912810UA4,TSRYS5802849,D,S,T,2024-07-01,1000000.00,4.574531,100.8125
08:00:34,912810UA4,TSRYS5802849,D,S,T,2024-07-01,1000000.00,4.574531,100.8125
08:00:34,912810UA4,TSRYS5802849,D,S,T,2024-07-01,1000000.00,4.574531,100.8125
08:00:34,912810UA4,TSRYS5802849,D,S,T,2024-07-01,1000000.00,4.574531,100.8125
08:00:34,912810UA4,TSRYS5802849,D,S,T,2024-07-01,1000000.00,4.570697,100.875
08:00:34,912810UA4,TSRYS5802849,D,S,T,2024-07-01,1000000.00,4.570697,100.875
08:00:34,912810UA4,TSRYS5802849,D,S,T,2024-07-01,1000000.00,4.570697,100.875
08:00:34,912810UA4,TSRYS5802849,D,S,T,2024-07-01,1000000.00,4.570697,100.875
08:00:34,912810UA4,TSRYS5802849,D,S,T,2024-07-01,1000000.00,4.571416,100.86328125
08:00:34,912810UA4,TSRYS5802849,D,S,T,2024-07-01,1000000.00,4.571656,100.859375
08:00:34,912810UA4,TSRYS5802849,D,S,T,2024-07-01,1000000.00,4.571656,100.859375
08:00:34,912810UA4,TSRYS5802849,D,S,T,2024-07-01,1000000.00,4.572734,100.841796875
08:00:34,912810UA4,TSRYS5802849,D,S,T,2024-07-01,1000000.00,4.572374,100.84765625
08:00:34,912810UA4,TSRYS5802849,D,S,T,2024-07-01,1000000.00,4.572494,100.845703125
08:00:34,912810UA4,TSRYS5802849,D,S,T,2024-07-01,1000000.00,4.573572,100.828125
08:00:34,912810UA4,TSRYS5802849,D,S,T,2024-07-01,1000000.00,4.573572,100.828125
08:00:34,912810UA4,TSRYS5802849,D,S,T,2024-07-01,1000000.00,4.573572,100.828125
08:00:34,912810UA4,TSRYS5802849,D,S,T,2024-07-01,1000000.00,4.573453,100.830078125
08:00:34,912810UA4,TSRYS5802849,D,S,T,2024-07-01,1000000.00,4.573453,100.830078125
08:00:34,912810UA4,TSRYS5802849,D,S,T,2024-07-01,1000000.00,4.573572,100.828125
08:00:34,912810UA4,TSRYS5802849,D,S,T,2024-07-01,1000000.00,4.573572,100.828125
08:00:34,912810UA4,TSRYS5802849,D,S,T,2024-07-01,1000000.00,4.573572,100.828125
08:00:34,912810UA4,TSRYS5802849,D,S,T,2024-07-01,1000000.00,4.572614,100.84375
08:00:34,912810UA4,TSRYS5802849,D,S,T,2024-07-01,1000000.00,4.572614,100.84375
08:00:34,912810UA4,TSRYS5802849,D,S,T,2024-07-01,1000000.00,4.572135,100.8515625
08:00:34,912810UA4,TSRYS5802849,D,S,T,2024-07-01,1000000.00,4.572255,100.849609375
08:00:34,912810UA4,TSRYS5802849,D,S,T,2024-07-01,1000000.00,4.572374,100.84765625
08:00:34,912810UA4,TSRYS5802849,D,S,T,2024-07-01,1000000.00,4.572255,100.849609375
08:00:34,912810UA4,TSRYS5802849,D,S,T,2024-07-01,1000000.00,4.572015,100.853515625
08:00:34,912810UA4,TSRYS5802849,D,S,T,2024-07-01,1000000.00,4.573572,100.828125
08:00:34,912810UA4,TSRYS5802849,D,S,T,2024-07-01,1000000.00,4.573572,100.828125
08:00:34,912810UA4,TSRYS5802849,D,S,T,2024-07-01,1000000.00,4.573572,100.828125
08:00:34,912810UA4,TSRYS5802849,D,S,T,2024-07-01,1000000.00,4.573572,100.828125
08:00:34,912810UA4,TSRYS5802849,D,S,T,2024-07-01,1000000.00,4.57549,100.796875
08:00:34,912810UA4,TSRYS5802849,D,S,T,2024-07-01,1000000.00,4.57549,100.796875
08:00:34,912810UA4,TSRYS5802849,D,S,T,2024-07-01,1000000.00,4.574771,100.80859375
08:00:34,912810UA4,TSRYS5802849,D,S,T,2024-07-01,1000000.00,4.57549,100.796875
08:00:34,912810UA4,TSRYS5802849,D,S,T,2024-07-01,1000000.00,4.57549,100.796875
08:00:34,912810UA4,TSRYS5802849,D,S,T,2024-07-01,1000000.00,4.57549,100.796875
08:00:34,912810UA4,TSRYS5802849,D,S,T,2024-07-01,1000000.00,4.57537,100.798828125
08:00:34,912810UA4,TSRYS5802849,D,S,T,2024-07-01,1000000.00,4.576449,100.78125
08:00:34,912810UA4,TSRYS5802849,D,S,T,2024-07-01,1000000.00,4.576449,100.78125
08:00:34,912810UA4,TSRYS5802849,D,S,T,2024-07-01,1000000.00,4.573572,100.828125
08:00:34,912810UA4,TSRYS5802849,D,S,T,2024-07-01,1000000.00,4.573572,100.828125
08:00:34,912810UA4,TSRYS5802849,D,S,T,2024-07-01,1000000.00,4.574531,100.8125
08:00:34,912810UA4,TSRYS5802849,D,S,T,2024-07-01,1000000.00,4.574531,100.8125
08:00:34,912810UA4,TSRYS5802849,D,S,T,2024-07-01,1000000.00,4.57549,100.796875
08:00:34,912810UA4,TSRYS5802849,D,S,T,2024-07-01,1000000.00,4.57549,100.796875
08:00:34,912810UA4,TSRYS5802849,D,S,T,2024-07-01,1000000.00,4.57549,100.796875
08:00:34,912810UA4,TSRYS5802849,D,S,T,2024-07-01,1000000.00,4.576449,100.78125
08:00:34,912810UA4,TSRYS5802849,D,S,T,2024-07-01,1000000.00,4.576449,100.78125
08:00:34,912810UA4,TSRYS5802849,D,S,T,2024-07-01,1000000.00,4.576449,100.78125
08:00:34,912810UA4,TSRYS5802849,D,S,T,2024-07-01,1000000.00,4.576449,100.78125
08:00:34,912810UA4,TSRYS5802849,D,S,T,2024-07-01,1000000.00,4.576449,100.78125
08:00:34,912810UA4,TSRYS5802849,D,S,T,2024-07-01,2000000.00,4.57549,100.796875
08:00:34,912810UA4,TSRYS5802849,D,S,T,2024-07-01,4000000.00,4.57549,100.796875
08:00:34,912810UA4,TSRYS5802849,D,S,T,2024-07-01,1000000.00,4.57549,100.796875
08:00:34,912810UA4,TSRYS5802849,D,S,T,2024-07-01,1000000.00,4.573692,100.826171875
08:00:34,912810UA4,TSRYS5802849,D,S,T,2024-07-01,1000000.00,4.574531,100.8125
08:00:34,912810UA4,TSRYS5802849,D,S,T,2024-07-01,1000000.00,4.574531,100.8125
08:00:34,912810UA4,TSRYS5802849,D,S,T,2024-07-01,1000000.00,4.57549,100.796875
08:00:34,912810UA4,TSRYS5802849,D,S,T,2024-07-01,1000000.00,4.57549,100.796875
08:00:34,912810UA4,TSRYS5802849,D,S,T,2024-07-01,1000000.00,4.57549,100.796875
08:00:34,912810UA4,TSRYS5802849,D,S,T,2024-07-01,1000000.00,4.57549,100.796875
08:00:34,912810UA4,TSRYS5802849,D,S,T,2024-07-01,1000000.00,4.57549,100.796875
08:00:34,912810UA4,TSRYS5802849,D,S,T,2024-07-01,1000000.00,4.576449,100.78125
08:00:34,912810UA4,TSRYS5802849,D,S,T,2024-07-01,1000000.00,4.576449,100.78125
08:00:34,912810UA4,TSRYS5802849,D,S,T,2024-07-01,1000000.00,4.576449,100.78125
08:00:34,912810UA4,TSRYS5802849,D,S,T,2024-07-01,1000000.00,4.576449,100.78125
08:00:34,912810UA4,TSRYS5802849,D,S,T,2024-07-01,1000000.00,4.576449,100.78125
08:00:34,912810UA4,TSRYS5802849,D,S,T,2024-07-01,1000000.00,4.576449,100.78125
08:00:34,912810UA4,TSRYS5802849,D,S,T,2024-07-01,1000000.00,4.576449,100.78125
08:00:34,912810UA4,TSRYS5802849,D,S,T,2024-07-01,1000000.00,4.576449,100.78125
08:00:34,912810UA4,TSRYS5802849,D,S,T,2024-07-01,1000000.00,4.576449,100.78125
08:00:34,912810UA4,TSRYS5802849,D,S,T,2024-07-01,1000000.00,4.576449,100.78125
08:00:34,912810UA4,TSRYS5802849,D,S,T,2024-07-01,1000000.00,4.576449,100.78125
08:00:34,912810UA4,TSRYS5802849,D,S,T,2024-07-01,1000000.00,4.576449,100.78125
08:00:34,912810UA4,TSRYS5802849,D,S,T,2024-07-01,1000000.00,4.576449,100.78125
08:00:34,912810UA4,TSRYS5802849,D,S,T,2024-07-01,1000000.00,4.576449,100.78125
08:00:34,912810UA4,TSRYS5802849,D,S,T,2024-07-01,1000000.00,4.576449,100.78125
08:00:34,912810UA4,TSRYS5802849,D,S,T,2024-07-01,1000000.00,4.57549,100.796875
08:00:34,912810UA4,TSRYS5802849,D,S,T,2024-07-01,1000000.00,4.57549,100.796875
08:00:34,912810UA4,TSRYS5802849,D,S,T,2024-07-01,1000000.00,4.57549,100.796875
08:00:34,912810UA4,TSRYS5802849,D,S,T,2024-07-01,1000000.00,4.57549,100.796875
08:00:34,912810UA4,TSRYS5802849,D,S,T,2024-07-01,1000000.00,4.573572,100.828125
08:00:34,912810UA4,TSRYS5802849,D,S,T,2024-07-01,1000000.00,4.573572,100.828125
08:00:34,912810UA4,TSRYS5802849,D,S,T,2024-07-01,3000000.00,4.573572,100.828125
08:00:34,912810UA4,TSRYS5802849,D,S,T,2024-07-01,1000000.00,4.573572,100.828125
08:00:34,912810UA4,TSRYS5802849,D,S,T,2024-07-01,1000000.00,4.574531,100.8125
08:00:34,912810UA4,TSRYS5802849,D,S,T,2024-07-01,1000000.00,4.574531,100.8125
08:00:34,912810UA4,TSRYS5802849,D,S,T,2024-07-01,1000000.00,4.574531,100.8125
08:00:34,912810UA4,TSRYS5802849,D,S,T,2024-07-01,1000000.00,4.574531,100.8125
08:00:34,912810UA4,TSRYS5802849,D,S,T,2024-07-01,1000000.00,4.574531,100.8125
08:00:34,912810UA4,TSRYS5802849,D,S,T,2024-07-01,1000000.00,4.573572,100.828125
08:00:34,912810UA4,TSRYS5802849,D,S,T,2024-07-01,1000000.00,4.573572,100.828125
08:00:34,912810UA4,TSRYS5802849,D,S,T,2024-07-01,1000000.00,4.571656,100.859375
08:00:34,912810UA4,TSRYS5802849,D,S,T,2024-07-01,1000000.00,4.571656,100.859375
08:00:34,912810UA4,TSRYS5802849,D,S,T,2024-07-01,1000000.00,4.571296,100.865234375
08:00:34,912810UA4,TSRYS5802849,D,S,T,2024-07-01,1000000.00,4.571177,100.8671875
08:00:34,912810UA4,TSRYS5802849,D,S,T,2024-07-01,1000000.00,4.571057,100.869140625
08:00:34,912810UA4,TSRYS5802849,D,S,T,2024-07-01,1000000.00,4.570937,100.87109375
08:00:34,912810UA4,TSRYS5802849,D,S,T,2024-07-01,1000000.00,4.571656,100.859375
08:00:34,912810UA4,TSRYS5802849,D,S,T,2024-07-01,1000000.00,4.571656,100.859375
08:00:34,912810UA4,TSRYS5802849,D,S,T,2024-07-01,1000000.00,4.572374,100.84765625
08:00:34,912810UA4,TSRYS5802849,D,S,T,2024-07-01,1000000.00,4.56974,100.890625
08:00:34,912810UA4,TSRYS5802849,D,S,T,2024-07-01,1000000.00,4.56974,100.890625
08:00:34,912810UA4,TSRYS5802849,D,S,T,2024-07-01,1000000.00,4.56974,100.890625
08:00:34,912810UA4,TSRYS5802849,D,S,T,2024-07-01,1000000.00,4.56974,100.890625
08:00:34,912810UA4,TSRYS5802849,D,S,T,2024-07-01,1000000.00,4.568782,100.90625
08:00:34,912810UA4,TSRYS5802849,D,S,T,2024-07-01,1000000.00,4.567824,100.921875
08:00:34,912810UA4,TSRYS5802849,D,S,T,2024-07-01,1000000.00,4.568782,100.90625
08:00:34,912810UA4,TSRYS5802849,D,S,T,2024-07-01,1000000.00,4.568782,100.90625
08:00:34,912810UA4,TSRYS5802849,D,S,T,2024-07-01,1000000.00,4.56974,100.890625
08:00:34,912810UA4,TSRYS5802849,D,S,T,2024-07-01,1000000.00,4.568782,100.90625
08:00:34,912810UA4,TSRYS5802849,D,S,T,2024-07-01,1000000.00,4.568542,100.91015625
08:00:34,912810UA4,TSRYS5802849,D,S,T,2024-07-01,1000000.00,4.568782,100.90625
08:00:34,912810UA4,TSRYS5802849,D,S,T,2024-07-01,1000000.00,4.568782,100.90625
08:00:34,912810UA4,TSRYS5802849,D,S,T,2024-07-01,1000000.00,4.568782,100.90625
08:00:34,912810UA4,TSRYS5802849,D,S,T,2024-07-01,1000000.00,4.566867,100.9375
08:00:34,912810UA4,TSRYS5802849,D,S,T,2024-07-01,1000000.00,4.566867,100.9375
08:00:34,912810UA4,TSRYS5802849,D,S,T,2024-07-01,1000000.00,4.567824,100.921875
08:00:34,912810UA4,TSRYS5802849,D,S,T,2024-07-01,1000000.00,4.56974,100.890625
08:00:34,912810UA4,TSRYS5802849,D,S,T,2024-07-01,1000000.00,4.568782,100.90625
08:00:34,912810UA4,TSRYS5802849,D,S,T,2024-07-01,1000000.00,4.568782,100.90625
08:00:34,912810UA4,TSRYS5802849,D,S,T,2024-07-01,1000000.00,4.568782,100.90625
08:00:34,912810UA4,TSRYS5802849,D,S,T,2024-07-01,1000000.00,4.568902,100.904296875
08:00:34,912810UA4,TSRYS5802849,D,S,T,2024-07-01,1000000.00,4.568782,100.90625
08:00:34,912810UA4,TSRYS5802849,D,S,T,2024-07-01,1000000.00,4.568782,100.90625
08:00:34,912810UA4,TSRYS5802849,D,S,D,2024-07-01,1000000.00,4.57549,100.796875
08:00:34,912810UA4,TSRYS5802849,D,S,D,2024-07-01,1000000.00,4.572374,100.84765625
08:00:34,912810UA4,TSRYS5802849,D,S,D,2024-07-01,1000000.00,4.567824,100.921875
08:00:34,912810UA4,TSRYS5802849,D,S,D,2024-07-01,1000000.00,4.556351,101.109375
08:00:34,912810UA4,TSRYS5802849,D,S,D,2024-07-01,1000000.00,4.554919,101.1328125
08:00:34,912810UA4,TSRYS5802849,D,S,D,2024-07-01,1000000.00,4.566628,100.94140625
08:00:34,912810UA4,TSRYS5802849,D,S,D,2024-07-01,1000000.00,4.562084,101.015625
08:00:34,912810UA4,TSRYS5802849,D,S,D,2024-07-01,1000000.00,4.566867,100.9375
08:00:34,912810UA4,TSRYS5802849,D,S,D,2024-07-01,1000000.00,4.556829,101.1015625
08:00:34,912810UA4,TSRYS5802849,D,S,D,2024-07-01,1000000.00,4.558978,101.06640625
08:00:34,912810UA4,TSRYS5802849,D,S,D,2024-07-01,1000000.00,4.558978,101.06640625
08:00:34,912810UA4,TSRYS5802849,D,S,D,2024-07-01,1000000.00,4.559217,101.0625
08:00:34,912810UA4,TSRYS5802849,D,S,D,2024-07-01,1000000.00,4.567346,100.9296875
08:00:34,912810UA4,TSRYS5802849,D,S,D,2024-07-01,1000000.00,4.56304,101.0
08:00:34,912810UA4,TSRYS5802849,D,S,D,2024-07-01,1000000.00,4.56304,101.0
08:00:34,912810UA4,TSRYS5802849,D,S,D,2024-07-01,1000000.00,4.565432,100.9609375
08:00:34,912810UA4,TSRYS5802849,D,S,D,2024-07-01,1000000.00,4.566389,100.9453125
08:00:34,912810UA4,TSRYS5802849,D,S,D,2024-07-01,1000000.00,4.566389,100.9453125
08:00:34,912810UA4,TSRYS5802849,D,S,D,2024-07-01,1000000.00,4.566389,100.9453125
08:00:34,912810UA4,TSRYS5802849,D,S,D,2024-07-01,1000000.00,4.570218,100.8828125
08:00:34,912810UA4,TSRYS5802849,D,S,D,2024-07-01,1000000.00,4.570218,100.8828125
08:00:34,912810UA4,TSRYS5802849,D,S,D,2024-07-01,1000000.00,4.571416,100.86328125
08:00:34,912810UA4,TSRYS5802849,D,S,D,2024-07-01,1000000.00,4.573572,100.828125
08:00:34,912810UA4,TSRYS5802849,D,S,D,2024-07-01,1000000.00,4.573812,100.82421875
08:00:34,912810UA4,TSRYS5802849,D,S,D,2024-07-01,1000000.00,4.573093,100.8359375
08:00:34,912810UA4,TSRYS5802849,D,S,D,2024-07-01,1000000.00,4.571177,100.8671875
08:00:34,912810UA4,TSRYS5802849,D,S,D,2024-07-01,1000000.00,4.572374,100.84765625
08:00:34,912810UA4,TSRYS5802849,D,S,D,2024-07-01,1000000.00,4.572135,100.8515625
08:00:34,912810UA4,TSRYS5802849,D,S,D,2024-07-01,1000000.00,4.557306,101.09375
08:00:34,912810UA4,TSRYS5802849,D,S,D,2024-07-01,1000000.00,4.57549,100.796875
08:00:34,912810UA4,TSRYS5802849,D,S,D,2024-07-01,1000000.00,4.572374,100.84765625
08:00:34,912810UA4,TSRYS5802849,D,S,D,2024-07-01,1000000.00,4.570937,100.87109375
08:00:34,912810UA4,TSRYS5802849,D,S,D,2024-07-01,1000000.00,4.56974,100.890625
08:00:34,912810UA4,TSRYS5802849,D,S,D,2024-07-01,1000000.00,4.57549,100.796875
08:00:34,912810UA4,TSRYS5802849,D,S,D,2024-07-01,1000000.00,4.573812,100.82421875
08:00:34,912810UA4,TSRYS5802849,D,S,D,2024-07-01,1000000.00,4.567824,100.921875
08:00:34,912810UA4,TSRYS5802849,D,S,D,2024-07-01,1000000.00,4.567824,100.921875
08:00:34,912810UA4,TSRYS5802849,D,S,D,2024-07-01,1000000.00,4.561128,101.03125
08:00:34,912810UA4,TSRYS5802849,D,S,D,2024-07-01,1000000.00,4.558261,101.078125
08:00:34,912810UA4,TSRYS5802849,D,S,D,2024-07-01,1000000.00,4.556351,101.109375
08:00:34,912810UA4,TSRYS5802849,D,S,D,2024-07-01,1000000.00,4.557306,101.09375
08:00:34,912810UA4,TSRYS5802849,D,S,D,2024-07-01,1000000.00,4.565432,100.9609375
08:00:34,912810UA4,TSRYS5802849,D,S,D,2024-07-01,1000000.00,4.565432,100.9609375
08:00:34,912810UA4,TSRYS5802849,D,S,D,2024-07-01,1000000.00,4.566628,100.94140625
08:00:34,912810UA4,TSRYS5802849,D,S,D,2024-07-01,1000000.00,4.566747,100.939453125
08:00:34,912810UA4,TSRYS5802849,D,S,D,2024-07-01,1000000.00,4.566628,100.94140625
08:00:34,912810UA4,TSRYS5802849,D,S,D,2024-07-01,1000000.00,4.566628,100.94140625
08:00:34,912810UA4,TSRYS5802849,D,S,D,2024-07-01,1000000.00,4.566628,100.94140625
08:00:34,912810UA4,TSRYS5802849,D,S,D,2024-07-01,1000000.00,4.566628,100.94140625
08:00:34,912810UA4,TSRYS5802849,D,S,D,2024-07-01,1000000.00,4.563638,100.990234375
08:00:34,912810UA4,TSRYS5802849,D,S,D,2024-07-01,1000000.00,4.563638,100.990234375
08:00:34,912810UA4,TSRYS5802849,D,S,D,2024-07-01,1000000.00,4.563638,100.990234375
08:00:34,912810UA4,TSRYS5802849,D,S,D,2024-07-01,1000000.00,4.563757,100.98828125
08:00:34,912810UA4,TSRYS5802849,D,S,D,2024-07-01,1000000.00,4.557903,101.083984375
08:00:34,912810UA4,TSRYS5802849,D,S,D,2024-07-01,1000000.00,4.557067,101.09765625
08:00:34,912810UA4,TSRYS5802849,D,S,D,2024-07-01,1000000.00,4.557067,101.09765625
08:00:34,912810UA4,TSRYS5802849,D,S,D,2024-07-01,2000000.00,4.55659,101.10546875
08:00:34,912810UA4,TSRYS5802849,D,S,D,2024-07-01,1000000.00,4.568782,100.90625
08:00:34,912810UA4,TSRYS5802849,D,S,D,2024-07-01,1000000.00,4.569141,100.900390625
08:00:34,912810UA4,TSRYS5802849,D,S,D,2024-07-01,1000000.00,4.563757,100.98828125
08:00:34,912810UA4,TSRYS5802849,D,S,D,2024-07-01,1000000.00,4.573812,100.82421875
08:00:34,912810UA4,TSRYS5802849,D,S,D,2024-07-01,1000000.00,4.568782,100.90625
08:00:34,912810UA4,TSRYS5802849,D,S,D,2024-07-01,1000000.00,4.571416,100.86328125
08:00:34,912810UA4,TSRYS5802849,D,S,D,2024-07-01,1000000.00,4.571057,100.869140625
08:00:34,912810UA4,TSRYS5802849,D,S,D,2024-07-01,1000000.00,4.571656,100.859375
08:00:34,912810UA4,TSRYS5802849,D,S,D,2024-07-01,1000000.00,4.573812,100.82421875
08:00:34,912810UA4,TSRYS5802849,D,S,D,2024-07-01,1000000.00,4.57597,100.7890625
08:00:34,912810UA4,TSRYS5802849,D,S,D,2024-07-01,1000000.00,4.57597,100.7890625
08:00:34,912810UA4,TSRYS5802849,D,S,D,2024-07-01,1000000.00,4.57621,100.78515625
08:00:34,912810UA4,TSRYS5802849,D,S,D,2024-07-01,1000000.00,4.57609,100.787109375
08:00:34,912810UA4,TSRYS5802849,D,S,D,2024-07-01,1000000.00,4.57609,100.787109375
08:00:34,912810UA4,TSRYS5802849,D,S,D,2024-07-01,1000000.00,4.576449,100.78125
08:00:34,912810UA4,TSRYS5802849,D,S,D,2024-07-01,1000000.00,4.574651,100.810546875
08:00:34,912810UA4,TSRYS5802849,D,S,D,2024-07-01,1000000.00,4.57549,100.796875
08:00:34,912810UA4,TSRYS5802849,D,S,D,2024-07-01,1000000.00,4.57549,100.796875
08:00:34,912810UA4,TSRYS5802849,D,S,D,2024-07-01,1000000.00,4.57549,100.796875
08:00:34,912810UA4,TSRYS5802849,D,S,D,2024-07-01,1000000.00,4.57525,100.80078125
08:00:34,912810UA4,TSRYS5802849,D,S,D,2024-07-01,1000000.00,4.572614,100.84375
08:00:34,912810UA4,TSRYS5802849,D,S,D,2024-07-01,1000000.00,4.572494,100.845703125
08:00:34,912810UA4,TSRYS5802849,D,S,D,2024-07-01,1000000.00,4.572494,100.845703125
08:00:34,912810UA4,TSRYS5802849,D,S,D,2024-07-01,1000000.00,4.572374,100.84765625
08:00:34,912810UA4,TSRYS5802849,D,S,D,2024-07-01,1000000.00,4.572255,100.849609375
08:00:34,912810UA4,TSRYS5802849,D,S,D,2024-07-01,1000000.00,4.571895,100.85546875
08:00:34,912810UA4,TSRYS5802849,D,S,D,2024-07-01,1000000.00,4.570697,100.875
08:00:34,912810UA4,TSRYS5802849,D,S,D,2024-07-01,1000000.00,4.56962,100.892578125
08:00:34,912810UA4,TSRYS5802849,D,S,D,2024-07-01,1000000.00,4.570218,100.8828125
08:00:34,912810UA4,TSRYS5802849,D,S,D,2024-07-01,1000000.00,4.570218,100.8828125
08:00:34,912810UA4,TSRYS5802849,D,S,D,2024-07-01,1000000.00,4.570218,100.8828125
08:00:34,912810UA4,TSRYS5802849,D,S,D,2024-07-01,1000000.00,4.570099,100.884765625
08:00:34,912810UA4,TSRYS5802849,D,S,D,2024-07-01,1000000.00,4.570099,100.884765625
08:00:34,912810UA4,TSRYS5802849,D,S,D,2024-07-01,1000000.00,4.569859,100.888671875
08:00:34,912810UA4,TSRYS5802849,D,S,D,2024-07-01,2000000.00,4.568662,100.908203125
08:00:34,912810UA4,TSRYS5802849,D,S,D,2024-07-01,1000000.00,4.570099,100.884765625
08:00:34,912810UA4,TSRYS5802849,D,S,D,2024-07-01,1000000.00,4.567824,100.921875
08:00:34,912810UA4,TSRYS5802849,D,S,D,2024-07-01,1000000.00,4.567944,100.919921875
08:00:34,912810UA4,TSRYS5802849,D,S,D,2024-07-01,1000000.00,4.567106,100.93359375
08:00:34,912810UA4,TSRYS5802849,D,S,D,2024-07-01,1000000.00,4.567585,100.92578125
08:00:34,912810UA4,TSRYS5802849,D,S,T,2024-07-01,1000000.00,4.560889,101.03515625
08:00:34,912810UA4,TSRYS5802849,D,S,T,2024-07-01,1000000.00,4.561367,101.02734375
08:00:34,912810UA4,TSRYS5802849,D,S,T,2024-07-01,2000000.00,4.555039,101.130859375
08:00:34,912810UA4,TSRYS5802849,D,S,T,2024-07-01,1000000.00,4.555635,101.12109375
08:00:34,912810UA4,TSRYS5802849,D,S,T,2024-07-01,1000000.00,4.554919,101.1328125
08:00:34,912810UA4,TSRYS5802849,D,S,T,2024-07-01,1000000.00,4.563638,100.990234375
08:00:34,912810UA4,TSRYS5802849,D,S,T,2024-07-01,1000000.00,4.563638,100.990234375
08:00:34,912810UA4,TSRYS5802849,D,S,T,2024-07-01,1000000.00,4.566747,100.939453125
08:00:34,912810UA4,TSRYS5802849,D,S,T,2024-07-01,1000000.00,4.563638,100.990234375
08:00:34,912810UA4,TSRYS5802849,D,S,T,2024-07-01,1000000.00,4.5585,101.07421875
08:00:34,912810UA4,TSRYS5802849,D,S,D,2024-07-01,1000000.00,4.56974,100.890625
08:00:34,912810UA4,TSRYS5802849,D,S,T,2024-07-01,1000000.00,4.566867,100.9375
08:00:34,912810UA4,TSRYS5802849,D,S,T,2024-07-01,1000000.00,4.567346,100.9296875
08:00:34,912810UA4,TSRYS5802849,D,S,T,2024-07-01,1000000.00,4.569141,100.900390625
08:00:34,912810UA4,TSRYS5802849,D,S,T,2024-07-01,1000000.00,4.567705,100.923828125
08:00:34,912810UA4,TSRYS5802849,D,S,T,2024-07-01,1000000.00,4.567585,100.92578125
08:00:34,912810UA4,TSRYS5802849,D,S,T,2024-07-01,1000000.00,4.568423,100.912109375
08:00:34,912810UA4,TSRYS5802849,D,S,T,2024-07-01,1000000.00,4.559455,101.05859375
08:00:34,912810UA4,TSRYS5802849,D,S,T,2024-07-01,1000000.00,4.559455,101.05859375
08:00:34,912810UA4,TSRYS5802849,D,S,T,2024-07-01,1000000.00,4.559575,101.056640625
08:00:34,912810UA4,TSRYS5802849,D,S,T,2024-07-01,1000000.00,4.559455,101.05859375
08:00:34,912810UA4,TSRYS5802849,D,S,T,2024-07-01,1000000.00,4.559455,101.05859375
08:00:34,912810UA4,TSRYS5802849,D,S,T,2024-07-01,4000000.00,4.563399,100.994140625
08:00:34,912810UA4,TSRYS5802849,D,S,T,2024-07-01,1000000.00,4.563757,100.98828125
08:00:34,912810UA4,TSRYS5802849,D,S,T,2024-07-01,1000000.00,4.56591,100.953125
08:00:34,912810UA4,TSRYS5802849,D,S,T,2024-07-01,1000000.00,4.567346,100.9296875
08:00:34,912810UA4,TSRYS5802849,D,S,T,2024-07-01,1000000.00,4.567226,100.931640625
08:00:34,912810UA4,TSRYS5802849,D,S,T,2024-07-01,1000000.00,4.567106,100.93359375
08:00:34,912810UA4,TSRYS5802849,D,S,T,2024-07-01,1000000.00,4.567106,100.93359375
08:00:34,912810UA4,TSRYS5802849,D,S,T,2024-07-01,1000000.00,4.566867,100.9375
08:00:34,912810UA4,TSRYS5802849,D,S,T,2024-07-01,1000000.00,4.566867,100.9375
08:00:34,912810UA4,TSRYS5802849,D,S,T,2024-07-01,1000000.00,4.570817,100.873046875
08:00:34,912810UA4,TSRYS5802849,D,S,T,2024-07-01,1000000.00,4.571296,100.865234375
08:00:34,912810UA4,TSRYS5802849,D,S,T,2024-07-01,1000000.00,4.571296,100.865234375
08:00:34,912810UA4,TSRYS5802849,D,S,T,2024-07-01,1000000.00,4.567346,100.9296875
08:00:34,912810UA4,TSRYS5802849,D,S,T,2024-07-01,1000000.00,4.567465,100.927734375
08:00:34,912810UA4,TSRYS5802849,D,S,T,2024-07-01,1000000.00,4.566389,100.9453125
08:00:34,912810UA4,TSRYS5802849,D,S,T,2024-07-01,1000000.00,4.566389,100.9453125
08:00:34,912810UA4,TSRYS5802849,D,S,T,2024-07-01,1000000.00,4.566389,100.9453125
08:00:34,912810UA4,TSRYS5802849,D,S,T,2024-07-01,1000000.00,4.563757,100.98828125
08:00:34,912810UA4,TSRYS5802849,D,S,T,2024-07-01,1000000.00,4.570218,100.8828125
08:00:34,912810UA4,TSRYS5802849,D,S,T,2024-07-01,1000000.00,4.571416,100.86328125
08:00:34,912810UA4,TSRYS5802849,D,S,T,2024-07-01,1000000.00,4.571296,100.865234375
08:00:34,912810UA4,TSRYS5802849,D,S,T,2024-07-01,1000000.00,4.572614,100.84375
08:00:34,912810UA4,TSRYS5802849,D,S,T,2024-07-01,1000000.00,4.573093,100.8359375
08:00:34,912810UA4,TSRYS5802849,D,S,T,2024-07-01,1000000.00,4.572854,100.83984375
08:00:34,912810UA4,TSRYS5802849,D,S,T,2024-07-01,1000000.00,4.572614,100.84375
08:00:34,912810UA4,TSRYS5802849,D,S,T,2024-07-01,1000000.00,4.573093,100.8359375
08:00:34,912810UA4,TSRYS5802849,D,S,T,2024-07-01,1000000.00,4.573093,100.8359375
08:00:34,912810UA4,TSRYS5802849,D,S,T,2024-07-01,1000000.00,4.573333,100.83203125
08:00:34,912810UA4,TSRYS5802849,D,S,T,2024-07-01,1000000.00,4.573093,100.8359375
08:00:34,912810UA4,TSRYS5802849,D,S,T,2024-07-01,1000000.00,4.571416,100.86328125
08:00:34,912810UA4,TSRYS5802849,D,S,T,2024-07-01,1000000.00,4.571416,100.86328125
08:00:34,912810UA4,TSRYS5802849,D,S,T,2024-07-01,1000000.00,4.571296,100.865234375
08:00:34,912810UA4,TSRYS5802849,D,S,T,2024-07-01,1000000.00,4.571177,100.8671875
08:00:34,912810UA4,TSRYS5802849,D,S,T,2024-07-01,1000000.00,4.571177,100.8671875
08:00:34,912810UA4,TSRYS5802849,D,S,T,2024-07-01,1000000.00,4.571177,100.8671875
08:00:34,912810UA4,TSRYS5802849,D,S,T,2024-07-01,1000000.00,4.568782,100.90625
08:00:34,912810UA4,TSRYS5802849,D,S,T,2024-07-01,1000000.00,4.572614,100.84375
08:00:34,912810UA4,TSRYS5802849,D,S,T,2024-07-01,1000000.00,4.572374,100.84765625
08:00:34,912810UA4,TSRYS5802849,D,S,T,2024-07-01,1000000.00,4.572494,100.845703125
08:00:34,912810UA4,TSRYS5802849,D,S,T,2024-07-01,1000000.00,4.573572,100.828125
08:00:34,912810UA4,TSRYS5802849,D,S,T,2024-07-01,1000000.00,4.573453,100.830078125
08:00:34,912810UA4,TSRYS5802849,D,S,T,2024-07-01,1000000.00,4.572854,100.83984375
08:00:34,912810UA4,TSRYS5802849,D,S,T,2024-07-01,1000000.00,4.572734,100.841796875
08:00:34,912810UA4,TSRYS5802849,D,S,T,2024-07-01,1000000.00,4.572614,100.84375
08:00:34,912810UA4,TSRYS5802849,D,S,T,2024-07-01,1000000.00,4.572255,100.849609375
08:00:34,912810UA4,TSRYS5802849,D,S,T,2024-07-01,1000000.00,4.572374,100.84765625
08:00:34,912810UA4,TSRYS5802849,D,S,T,2024-07-01,1000000.00,4.572255,100.849609375
08:00:34,912810UA4,TSRYS5802849,D,S,T,2024-07-01,1000000.00,4.572135,100.8515625
08:00:34,912810UA4,TSRYS5802849,D,S,T,2024-07-01,1000000.00,4.572015,100.853515625
08:00:34,912810UA4,TSRYS5802849,D,S,T,2024-07-01,1000000.00,4.57549,100.796875
08:00:34,912810UA4,TSRYS5802849,D,S,T,2024-07-01,1000000.00,4.574771,100.80859375
08:00:34,912810UA4,TSRYS5802849,D,S,T,2024-07-01,1000000.00,4.574771,100.80859375
08:00:34,912810UA4,TSRYS5802849,D,S,T,2024-07-01,1000000.00,4.574651,100.810546875
08:00:34,912810UA4,TSRYS5802849,D,S,T,2024-07-01,1000000.00,4.574531,100.8125
08:00:34,912810UA4,TSRYS5802849,D,S,T,2024-07-01,1000000.00,4.572255,100.849609375
08:00:34,912810UA4,TSRYS5802849,D,S,T,2024-07-01,1000000.00,4.57621,100.78515625
08:00:34,912810UA4,TSRYS5802849,D,S,T,2024-07-01,1000000.00,4.573692,100.826171875
08:00:34,912810UA4,TSRYS5802849,D,S,T,2024-07-01,1000000.00,4.574172,100.818359375
08:00:34,912810UA4,TSRYS5802849,D,S,T,2024-07-01,2000000.00,4.574292,100.81640625
08:00:34,912810UA4,TSRYS5802849,D,S,T,2024-07-01,1000000.00,4.57549,100.796875
08:00:34,912810UA4,TSRYS5802849,D,S,T,2024-07-01,1000000.00,4.57549,100.796875
08:00:34,912810UA4,TSRYS5802849,D,S,T,2024-07-01,1000000.00,4.57537,100.798828125
08:00:34,912810UA4,TSRYS5802849,D,S,T,2024-07-01,1000000.00,4.572494,100.845703125
08:00:34,912810UA4,TSRYS5802849,D,S,T,2024-07-01,1000000.00,4.572374,100.84765625
08:00:34,912810UA4,TSRYS5802849,D,S,T,2024-07-01,1000000.00,4.56974,100.890625
08:00:34,912810UA4,TSRYS5802849,D,S,T,2024-07-01,1000000.00,4.569859,100.888671875
08:00:34,912810UA4,TSRYS5802849,D,S,T,2024-07-01,1000000.00,4.567824,100.921875
08:00:34,912810UA4,TSRYS5802849,D,S,D,2024-07-01,1000000.00,4.569261,100.8984375
08:00:34,912810UA4,TSRYS5802849,D,S,T,2024-07-01,1000000.00,4.55659,101.10546875
08:00:34,912810UA4,TSRYS5802849,D,S,D,2024-07-01,1000000.00,4.559455,101.05859375
08:00:34,912810UA4,TSRYS5802849,D,S,D,2024-07-01,1000000.00,4.559455,101.05859375
08:00:34,912810UA4,TSRYS5802849,D,S,T,2024-07-01,1000000.00,4.553726,101.15234375
08:00:34,912810UA4,TSRYS5802849,D,S,D,2024-07-01,1000000.00,4.55659,101.10546875
08:00:34,912810UA4,TSRYS5802849,D,S,T,2024-07-01,1000000.00,4.5548,101.134765625
08:00:34,912810UA4,TSRYS5802849,D,S,T,2024-07-01,1000000.00,4.55659,101.10546875
08:00:34,912810UA4,TSRYS5802849,D,S,T,2024-07-01,1000000.00,4.569261,100.8984375
08:00:34,912810UA4,TSRYS5802849,D,S,T,2024-07-01,1000000.00,4.569141,100.900390625
08:00:34,912810UA4,TSRYS5802849,D,S,T,2024-07-01,1000000.00,4.569021,100.90234375
08:00:34,912810UA4,TSRYS5802849,D,S,T,2024-07-01,1000000.00,4.553726,101.15234375
08:00:34,912810UA4,TSRYS5802849,D,S,T,2024-07-01,1000000.00,4.56974,100.890625
08:00:34,912810UA4,TSRYS5802849,D,S,T,2024-07-01,1000000.00,4.56974,100.890625
08:00:34,912810UA4,TSRYS5802849,D,S,T,2024-07-01,1000000.00,4.555396,101.125
08:00:34,912810UA4,TSRYS5802849,D,S,T,2024-07-01,1000000.00,4.555396,101.125
08:00:34,912810UA4,TSRYS5802849,D,S,T,2024-07-01,1000000.00,4.56065,101.0390625
08:00:34,912810UA4,TSRYS5802849,D,S,T,2024-07-01,1000000.00,4.555396,101.125
08:00:34,912810UA4,TSRYS5802849,D,S,T,2024-07-01,1000000.00,4.558261,101.078125
08:00:37,912810UA4,TSRYS5802849,D,S,T,2024-07-01,1000000.00,4.555396,101.125
08:00:37,912810UA4,TSRYS5802849,D,S,T,2024-07-01,1000000.00,4.559217,101.0625
08:00:37,912810UA4,TSRYS5802849,D,S,T,2024-07-01,1000000.00,4.555396,101.125
08:00:37,912810UA4,TSRYS5802849,D,S,T,2024-07-01,1000000.00,4.555396,101.125
08:00:37,912810UA4,TSRYS5802849,D,S,D,2024-07-01,1000000.00,4.555396,101.125
08:00:37,912810UA4,TSRYS5802849,D,S,T,2024-07-01,1000000.00,4.570817,100.873046875
08:00:37,912810UA4,TSRYS5802849,D,S,T,2024-07-01,1000000.00,4.555396,101.125
08:00:37,912810UA4,TSRYS5802849,D,S,T,2024-07-01,1000000.00,4.560172,101.046875
08:00:37,912810UA4,TSRYS5802849,D,S,T,2024-07-01,1000000.00,4.560172,101.046875
08:00:37,912810UA4,TSRYS5802849,D,S,D,2024-07-01,1000000.00,4.55659,101.10546875
08:00:37,912810UA4,TSRYS5802849,D,S,D,2024-07-01,1000000.00,4.554919,101.1328125
08:00:37,912810UA4,TSRYS5802849,D,S,D,2024-07-01,1000000.00,4.555396,101.125
08:00:37,912810UA4,TSRYS5802849,D,S,T,2024-07-01,1000000.00,4.555396,101.125
08:00:37,912810UA4,TSRYS5802849,D,S,D,2024-07-01,1000000.00,4.559217,101.0625
08:00:37,912810UA4,TSRYS5802849,D,S,D,2024-07-01,1000000.00,4.561128,101.03125
08:00:37,912810UA4,TSRYS5802849,D,S,T,2024-07-01,1000000.00,4.558619,101.072265625
08:00:37,912810UA4,TSRYS5802849,D,S,D,2024-07-01,1000000.00,4.560172,101.046875
08:00:37,912810UA4,TSRYS5802849,D,S,D,2024-07-01,1000000.00,4.560172,101.046875
08:00:37,912810UA4,TSRYS5802849,D,S,D,2024-07-01,1000000.00,4.560172,101.046875
08:00:38,912810UA4,TSRYS5802849,D,S,T,2024-07-01,1000000.00,4.560053,101.048828125
08:00:38,912810UA4,TSRYS5802849,D,S,C,2024-07-01,10000.00,4.559449,101.05859375
08:00:38,912810UA4,TSRYS5802849,D,S,T,2024-07-01,1000000.00,4.555396,101.125
08:00:38,912810UA4,TSRYS5802849,D,S,T,2024-07-01,1000000.00,4.560172,101.046875
08:00:38,912810UA4,TSRYS5802849,D,S,T,2024-07-01,1000000.00,4.560172,101.046875
08:00:39,912810UA4,TSRYS5802849,D,S,A,2024-07-01,5000000.00,4.579568,100.73046875
08:00:39,912810UA4,TSRYS5802849,D,S,T,2024-07-01,1000000.00,4.554919,101.1328125
08:00:40,912810UA4,TSRYS5802849,D,S,T,2024-07-01,1000000.00,4.553965,101.1484375
08:00:40,912810UA4,TSRYS5802849,D,S,D,2024-07-01,10000.00,4.559449,101.05859375
08:00:40,912810UA4,TSRYS5802849,D,S,A,2024-07-01,1700000.00,4.559455,101.05859375
08:00:40,912810UA4,TSRYS5802849,D,S,A,2024-07-01,3000000.00,4.561128,101.03125
08:00:40,912810UA4,TSRYS5802849,D,B,C,2024-07-01,1000000.00,4.561606,101.0234375
08:00:40,912810UA4,TSRYS5802849,D,S,D,2024-07-01,1000000.00,4.561606,101.0234375
08:00:40,912810UA4,TSRYS5802849,D,B,C,2024-07-01,1000000.00,4.561606,101.0234375
08:00:40,912810UA4,TSRYS5802849,D,S,D,2024-07-01,1000000.00,4.561606,101.0234375
08:00:40,912810UA4,TSRYS5802849,D,S,D,2024-07-01,1000000.00,4.561606,101.0234375
08:00:40,912810UA4,TSRYS5802849,D,B,C,2024-07-01,1000000.00,4.561606,101.0234375
08:00:40,912810UA4,TSRYS5802849,D,S,T,2024-07-01,1000000.00,4.555396,101.125
08:00:40,912810UA4,TSRYS5802849,D,S,T,2024-07-01,1000000.00,4.562084,101.015625
08:00:40,912810UA4,TSRYS5802849,D,S,T,2024-07-01,3000000.00,4.560172,101.046875
08:00:40,912810UA4,TSRYS5802849,D,S,D,2024-07-01,1000000.00,4.572614,100.84375
08:00:40,912810UA4,TSRYS5802849,D,S,D,2024-07-01,1000000.00,4.572614,100.84375
08:00:40,912810UA4,TSRYS5802849,D,S,D,2024-07-01,1000000.00,4.56974,100.890625
08:00:40,912810UA4,TSRYS5802849,D,S,D,2024-07-01,1000000.00,4.56974,100.890625
08:00:41,912810UA4,TSRYS5802849,D,S,T,2024-07-01,1000000.00,4.555396,101.125
08:00:41,912810UA4,TSRYS5802849,D,S,T,2024-07-01,1000000.00,4.560172,101.046875
08:00:41,912810UA4,TSRYS5802849,D,S,T,2024-07-01,1000000.00,4.555396,101.125
08:00:41,912810UA4,TSRYS5802849,D,S,T,2024-07-01,1000000.00,4.555396,101.125
08:00:41,912810UA4,TSRYS5802849,D,S,T,2024-07-01,1000000.00,4.555396,101.125
08:00:41,912810UA4,TSRYS5802849,D,S,D,2024-07-01,9000000.00,4.564475,100.9765625
08:00:41,912810UA4,TSRYS5802849,D,S,T,2024-07-01,1000000.00,4.555396,101.125
08:00:41,912810UA4,TSRYS5802849,D,S,T,2024-07-01,1000000.00,4.560172,101.046875
08:00:42,912810UA4,TSRYS5802849,D,S,T,2024-07-01,1000000.00,4.560172,101.046875
08:00:42,912810UA4,TSRYS5802849,D,S,D,2024-07-01,5000000.00,4.561287,101.028645833
08:00:42,912810UA4,TSRYS5802849,D,S,D,2024-07-01,1000000.00,4.567824,100.921875
08:00:42,912810UA4,TSRYS5802849,D,S,T,2024-07-01,1000000.00,4.566867,100.9375
08:00:42,912810UA4,TSRYS5802849,D,S,T,2024-07-01,1000000.00,4.555396,101.125
08:00:43,912810UA4,TSRYS5802849,D,S,C,2024-07-01,80000.00,4.567824,100.921875
08:00:43,912810UA4,TSRYS5802849,D,S,T,2024-07-01,1000000.00,4.568183,100.916015625
08:00:43,912810UA4,TSRYS5802849,D,S,T,2024-07-01,1000000.00,4.555396,101.125
08:00:43,912810UA4,TSRYS5802849,D,S,T,2024-07-01,1000000.00,4.555396,101.125
08:00:43,912810UA4,TSRYS5802849,D,S,T,2024-07-01,1000000.00,4.555396,101.125
08:00:43,912810UA4,TSRYS5802849,D,B,C,2024-07-01,3000000.00,4.575011,100.8046875
08:00:43,912810UA4,TSRYS5802849,D,S,D,2024-07-01,3000000.00,4.575011,100.8046875
08:00:43,912810UA4,TSRYS5802849,D,S,D,2024-07-01,1000000.00,4.561367,101.02734375
08:00:43,912810UA4,TSRYS5802849,D,S,A,2024-07-01,310000.00,4.570697,100.875
08:00:44,912810UA4,TSRYS5802849,D,S,D,2024-07-01,1000000.00,4.572614,100.84375
08:00:44,912810UA4,TSRYS5802849,D,S,D,2024-07-01,1000000.00,4.56974,100.890625
08:00:44,912810UA4,TSRYS5802849,D,S,D,2024-07-01,1000000.00,4.56974,100.890625
08:00:44,912810UA4,TSRYS5802849,D,S,T,2024-07-01,3000000.00,4.567226,100.931640625
08:00:44,912810UA4,TSRYS5802849,D,S,A,2024-07-01,2000000.00,4.571177,100.8671875
08:00:44,912810UA4,TSRYS5802849,D,S,D,2024-07-01,1000000.00,4.561128,101.03125
08:00:44,912810UA4,TSRYS5802849,D,S,D,2024-07-01,1000000.00,4.56065,101.0390625
08:00:44,912810UA4,TSRYS5802849,D,S,D,2024-07-01,1000000.00,4.561128,101.03125
08:00:44,912810UA4,TSRYS5802849,D,S,D,2024-07-01,22000.00,4.569715,100.891025
08:00:44,912810UA4,TSRYS5802849,D,S,D,2024-07-01,1000000.00,4.562084,101.015625
08:00:44,912810UA4,TSRYS5802849,D,S,D,2024-07-01,1000000.00,4.562562,101.0078125
08:00:45,912810UA4,TSRYS5802849,D,S,T,2024-07-01,1000000.00,4.560172,101.046875
08:00:45,912810UA4,TSRYS5802849,D,S,T,2024-07-01,1000000.00,4.555396,101.125
08:00:45,912810UA4,TSRYS5802849,D,S,D,2024-07-01,1000000.00,4.566867,100.9375
08:00:46,912810UA4,TSRYS5802849,D,S,D,2024-07-01,1000000.00,4.559694,101.0546875
08:00:46,912810UA4,TSRYS5802849,D,S,D,2024-07-01,1000000.00,4.558978,101.06640625
08:00:46,912810UA4,TSRYS5802849,D,S,D,2024-07-01,1000000.00,4.560172,101.046875
08:00:46,912810UA4,TSRYS5802849,D,S,T,2024-07-01,1000000.00,4.569859,100.888671875
08:00:47,912810UA4,TSRYS5802849,D,S,D,2024-07-01,1000000.00,4.558978,101.06640625
08:00:47,912810UA4,TSRYS5802849,D,S,D,2024-07-01,1000000.00,4.559217,101.0625
08:00:47,912810UA4,TSRYS5802849,D,S,D,2024-07-01,25000000.00,4.575701,100.79344
08:00:47,912810UA4,TSRYS5802849,D,S,T,2024-07-01,1000000.00,4.560172,101.046875
08:00:47,912810UA4,TSRYS5802849,D,S,T,2024-07-01,1000000.00,4.57549,100.796875
08:00:47,912810UA4,TSRYS5802849,D,S,D,2024-07-01,1440000.00,4.573333,100.83203125
08:00:47,912810UA4,TSRYS5802849,D,S,D,2024-07-01,1000000.00,4.563279,100.99609375
08:00:47,912810UA4,TSRYS5802849,D,S,D,2024-07-01,1000000.00,4.56304,101.0
08:00:47,912810UA4,TSRYS5802849,D,S,D,2024-07-01,1000000.00,4.561367,101.02734375
08:00:47,912810UA4,TSRYS5802849,D,S,D,2024-07-01,1000000.00,4.566628,100.94140625
08:00:47,912810UA4,TSRYS5802849,D,S,T,2024-07-01,1000000.00,4.572614,100.84375
08:00:47,912810UA4,TSRYS5802849,D,S,T,2024-07-01,1000000.00,4.560172,101.046875
08:00:47,912810UA4,TSRYS5802849,D,S,T,2024-07-01,1000000.00,4.56974,100.890625
08:00:47,912810UA4,TSRYS5802849,D,S,T,2024-07-01,1000000.00,4.56974,100.890625
08:00:48,912810UA4,TSRYS5802849,D,S,A,2024-07-01,2000000.00,4.564475,100.9765625
08:00:48,912810UA4,TSRYS5802849,D,S,A,2024-07-01,2000000.00,4.569261,100.8984375
08:00:48,912810UA4,TSRYS5802849,D,S,D,2024-07-01,1000000.00,4.567824,100.921875
08:00:48,912810UA4,TSRYS5802849,D,S,D,2024-07-01,1000000.00,4.567824,100.921875
08:00:48,912810UA4,TSRYS5802849,D,S,D,2024-07-01,1000000.00,4.567346,100.9296875
08:00:48,912810UA4,TSRYS5802849,D,S,A,2024-07-01,5000000.00,4.567585,100.92578125
08:00:48,912810UA4,TSRYS5802849,D,S,T,2024-07-01,1000000.00,4.560172,101.046875
08:00:49,912810UA4,TSRYS5802849,D,S,D,2024-07-01,100000.00,4.560148,101.047275
08:00:49,912810UA4,TSRYS5802849,D,S,D,2024-07-01,1000000.00,4.560172,101.046875
08:00:49,912810UA4,TSRYS5802849,D,S,T,2024-07-01,1000000.00,4.570697,100.875
08:00:49,912810UA4,TSRYS5802849,D,S,T,2024-07-01,1000000.00,4.567824,100.921875
08:00:49,912810UA4,TSRYS5802849,D,S,D,2024-07-01,1000000.00,4.560172,101.046875
08:00:49,912810UA4,TSRYS5802849,D,S,D,2024-07-01,1000000.00,4.561128,101.03125
08:00:50,912810UA4,TSRYS5802849,D,S,D,2024-07-01,1000000.00,4.559217,101.0625
08:00:50,912810UA4,TSRYS5802849,D,S,A,2024-07-01,180000.00,4.554203,101.14453125
08:00:51,912810UA4,TSRYS5802849,D,S,T,2024-07-01,3000000.00,4.560172,101.046875
08:00:51,912810UA4,TSRYS5802849,D,S,D,2024-07-01,16000000.00,4.567824,100.921875
08:00:51,912810UA4,TSRYS5802849,D,S,D,2024-07-01,11000000.00,4.576449,100.78125
08:00:51,912810UA4,TSRYS5802849,D,S,D,2024-07-01,27000000.00,4.557306,101.09375
08:00:51,912810UA4,TSRYS5802849,D,S,D,2024-07-01,11000000.00,4.56304,101.0
08:00:51,912810UA4,TSRYS5802849,D,S,D,2024-07-01,11000000.00,4.559217,101.0625
08:00:51,912810UA4,TSRYS5802849,D,S,D,2024-07-01,16000000.00,4.556351,101.109375
08:00:51,912810UA4,TSRYS5802849,D,S,T,2024-07-01,1000000.00,4.577409,100.765625
08:00:51,912810UA4,TSRYS5802849,D,S,T,2024-07-01,2000000.00,4.577409,100.765625
08:00:51,912810UA4,TSRYS5802849,D,S,T,2024-07-01,1000000.00,4.577409,100.765625
08:00:51,912810UA4,TSRYS5802849,D,S,T,2024-07-01,1000000.00,4.577409,100.765625
08:00:51,912810UA4,TSRYS5802849,D,S,T,2024-07-01,1000000.00,4.577409,100.765625
08:00:51,912810UA4,TSRYS5802849,D,S,T,2024-07-01,2000000.00,4.577409,100.765625
08:00:51,912810UA4,TSRYS5802849,D,S,T,2024-07-01,1000000.00,4.577409,100.765625
08:00:51,912810UA4,TSRYS5802849,D,S,D,2024-07-01,1000000.00,4.578368,100.75
08:00:51,912810UA4,TSRYS5802849,D,S,D,2024-07-01,2000000.00,4.578368,100.75
08:00:51,912810UA4,TSRYS5802849,D,S,D,2024-07-01,1000000.00,4.578368,100.75
08:00:51,912810UA4,TSRYS5802849,D,S,D,2024-07-01,1000000.00,4.578368,100.75
08:00:51,912810UA4,TSRYS5802849,D,S,D,2024-07-01,1000000.00,4.579328,100.734375
08:00:51,912810UA4,TSRYS5802849,D,S,D,2024-07-01,2000000.00,4.579328,100.734375
08:00:51,912810UA4,TSRYS5802849,D,S,D,2024-07-01,1000000.00,4.579328,100.734375
08:00:51,912810UA4,TSRYS5802849,D,S,D,2024-07-01,1000000.00,4.579328,100.734375
08:00:51,912810UA4,TSRYS5802849,D,S,D,2024-07-01,1000000.00,4.581249,100.703125
08:00:51,912810UA4,TSRYS5802849,D,S,D,2024-07-01,1000000.00,4.581249,100.703125
08:00:51,912810UA4,TSRYS5802849,D,S,D,2024-07-01,1000000.00,4.581249,100.703125
08:00:51,912810UA4,TSRYS5802849,D,S,D,2024-07-01,1000000.00,4.581249,100.703125
08:00:51,912810UA4,TSRYS5802849,D,S,D,2024-07-01,1000000.00,4.581249,100.703125
08:00:51,912810UA4,TSRYS5802849,D,S,D,2024-07-01,4000000.00,4.578368,100.75
08:00:51,912810UA4,TSRYS5802849,D,S,D,2024-07-01,1000000.00,4.578488,100.748046875
08:00:51,912810UA4,TSRYS5802849,D,S,D,2024-07-01,1000000.00,4.579328,100.734375
08:00:51,912810UA4,TSRYS5802849,D,S,D,2024-07-01,2000000.00,4.579328,100.734375
08:00:51,912810UA4,TSRYS5802849,D,S,D,2024-07-01,1000000.00,4.579328,100.734375
08:00:51,912810UA4,TSRYS5802849,D,S,D,2024-07-01,1000000.00,4.579328,100.734375
08:00:51,912810UA4,TSRYS5802849,D,S,D,2024-07-01,1000000.00,4.579328,100.734375
08:00:51,912810UA4,TSRYS5802849,D,S,D,2024-07-01,1000000.00,4.579328,100.734375
08:00:51,912810UA4,TSRYS5802849,D,S,D,2024-07-01,3000000.00,4.579328,100.734375
08:00:51,912810UA4,TSRYS5802849,D,S,D,2024-07-01,1000000.00,4.579328,100.734375
08:00:51,912810UA4,TSRYS5802849,D,S,D,2024-07-01,2000000.00,4.579328,100.734375
08:00:51,912810UA4,TSRYS5802849,D,S,D,2024-07-01,1000000.00,4.579328,100.734375
08:00:51,912810UA4,TSRYS5802849,D,S,D,2024-07-01,1000000.00,4.579328,100.734375
08:00:51,912810UA4,TSRYS5802849,D,S,D,2024-07-01,2000000.00,4.577409,100.765625
08:00:51,912810UA4,TSRYS5802849,D,S,D,2024-07-01,1000000.00,4.577409,100.765625
08:00:51,912810UA4,TSRYS5802849,D,S,D,2024-07-01,1000000.00,4.577409,100.765625
08:00:51,912810UA4,TSRYS5802849,D,S,D,2024-07-01,1000000.00,4.576449,100.78125
08:00:51,912810UA4,TSRYS5802849,D,S,D,2024-07-01,2000000.00,4.576449,100.78125
08:00:51,912810UA4,TSRYS5802849,D,S,D,2024-07-01,1000000.00,4.576449,100.78125
08:00:51,912810UA4,TSRYS5802849,D,S,D,2024-07-01,1000000.00,4.576449,100.78125
08:00:51,912810UA4,TSRYS5802849,D,S,D,2024-07-01,1000000.00,4.576449,100.78125
08:00:51,912810UA4,TSRYS5802849,D,S,D,2024-07-01,2000000.00,4.576449,100.78125
08:00:51,912810UA4,TSRYS5802849,D,S,D,2024-07-01,1000000.00,4.576449,100.78125
08:00:51,912810UA4,TSRYS5802849,D,S,D,2024-07-01,1000000.00,4.576449,100.78125
08:00:51,912810UA4,TSRYS5802849,D,S,D,2024-07-01,1000000.00,4.576449,100.78125
08:00:51,912810UA4,TSRYS5802849,D,S,D,2024-07-01,1000000.00,4.57549,100.796875
08:00:51,912810UA4,TSRYS5802849,D,S,D,2024-07-01,1000000.00,4.57549,100.796875
08:00:51,912810UA4,TSRYS5802849,D,S,D,2024-07-01,1000000.00,4.57549,100.796875
08:00:51,912810UA4,TSRYS5802849,D,S,D,2024-07-01,1000000.00,4.57549,100.796875
08:00:51,912810UA4,TSRYS5802849,D,S,D,2024-07-01,1000000.00,4.57549,100.796875
08:00:51,912810UA4,TSRYS5802849,D,S,D,2024-07-01,1000000.00,4.578368,100.75
08:00:51,912810UA4,TSRYS5802849,D,S,D,2024-07-01,1000000.00,4.579328,100.734375
08:00:51,912810UA4,TSRYS5802849,D,S,D,2024-07-01,5000000.00,4.577173,100.76947
08:00:51,912810UA4,TSRYS5802849,D,S,D,2024-07-01,1000000.00,4.56304,101.0
08:00:51,912810UA4,TSRYS5802849,D,S,D,2024-07-01,1000000.00,4.572431,100.8467347338
08:00:51,912810UA4,TSRYS5802849,D,S,D,2024-07-01,1000000.00,4.572431,100.8467347338
08:00:51,912810UA4,TSRYS5802849,D,S,D,2024-07-01,1000000.00,4.572431,100.8467347338
08:00:51,912810UA4,TSRYS5802849,D,S,D,2024-07-01,1000000.00,4.571656,100.859375
08:00:51,912810UA4,TSRYS5802849,D,S,D,2024-07-01,1000000.00,4.570697,100.875
08:00:51,912810UA4,TSRYS5802849,D,S,D,2024-07-01,1000000.00,4.560889,101.03515625
08:00:51,912810UA4,TSRYS5802849,D,S,D,2024-07-01,1000000.00,4.573917,100.8225097656
08:00:51,912810UA4,TSRYS5802849,D,S,D,2024-07-01,1000000.00,4.574172,100.818359375
08:00:51,912810UA4,TSRYS5802849,D,S,D,2024-07-01,1000000.00,4.574172,100.818359375
08:00:51,912810UA4,TSRYS5802849,D,S,D,2024-07-01,1000000.00,4.573917,100.8225097656
08:00:51,912810UA4,TSRYS5802849,D,S,D,2024-07-01,1000000.00,4.57341,100.8307672234
08:00:51,912810UA4,TSRYS5802849,D,S,D,2024-07-01,1000000.00,4.56304,101.0
08:00:51,912810UA4,TSRYS5802849,D,S,D,2024-07-01,1000000.00,4.572734,100.841796875
08:00:51,912810UA4,TSRYS5802849,D,S,D,2024-07-01,1000000.00,4.574403,100.8145876827
08:00:51,912810UA4,TSRYS5802849,D,S,D,2024-07-01,1000000.00,4.574403,100.8145876827
08:00:51,912810UA4,TSRYS5802849,D,S,D,2024-07-01,1000000.00,4.574403,100.8145876827
08:00:51,912810UA4,TSRYS5802849,D,S,D,2024-07-01,1000000.00,4.574403,100.8145876827
08:00:51,912810UA4,TSRYS5802849,D,S,D,2024-07-01,1000000.00,4.572614,100.84375
08:00:51,912810UA4,TSRYS5802849,D,S,D,2024-07-01,1000000.00,4.572431,100.8467347338
08:00:51,912810UA4,TSRYS5802849,D,S,D,2024-07-01,1000000.00,4.572431,100.8467347338
08:00:51,912810UA4,TSRYS5802849,D,S,D,2024-07-01,1000000.00,4.572431,100.8467347338
08:00:51,912810UA4,TSRYS5802849,D,S,D,2024-07-01,1000000.00,4.572431,100.8467347338
08:00:52,912810UA4,TSRYS5802849,D,S,A,2024-07-01,3000000.00,4.559217,101.0625
08:00:52,912810UA4,TSRYS5802849,D,S,D,2024-07-01,1000000.00,4.558875,101.06808
08:00:52,912810UA4,TSRYS5802849,D,B,C,2024-07-01,30000.00,4.555594,101.12109375
08:00:52,912810UA4,TSRYS5802849,D,S,D,2024-07-01,1000000.00,4.561128,101.03125
08:00:52,912810UA4,TSRYS5802849,D,S,D,2024-07-01,1000000.00,4.561128,101.03125
08:00:52,912810UA4,TSRYS5802849,D,S,D,2024-07-01,1000000.00,4.561128,101.03125
08:00:52,912810UA4,TSRYS5802849,D,S,T,2024-07-01,1000000.00,4.560889,101.03515625
08:00:52,912810UA4,TSRYS5802849,D,S,D,2024-07-01,1000000.00,4.567824,100.921875
08:00:52,912810UA4,TSRYS5802849,D,S,T,2024-07-01,1000000.00,4.561128,101.03125
08:00:52,912810UA4,TSRYS5802849,D,S,T,2024-07-01,1000000.00,4.561128,101.03125
08:00:52,912810UA4,TSRYS5802849,D,S,T,2024-07-01,1000000.00,4.560889,101.03515625
08:00:52,912810UA4,TSRYS5802849,D,S,T,2024-07-01,1000000.00,4.561247,101.029296875
