tradeTime,cusip,issueSymbolIdentifier,priceType,reportingSideCode,contraPartyTypeCode,tradeDate,reportedTradeVolume,lastSaleYield,lastSalePrice
08:00:03,912810UA4,TSRYS5802849,D,S,D,2024-07-22,1000000.00,4.433519,103.14453125
08:00:03,912810UA4,TSRYS5802849,D,S,D,2024-07-22,1000000.00,4.433519,103.14453125
08:00:03,912810UA4,TSRYS5802849,D,S,D,2024-07-22,1000000.00,4.433519,103.14453125
08:00:03,912810UA4,TSRYS5802849,D,S,T,2024-07-22,1000000.00,4.428182,103.234375
08:00:03,912810UA4,TSRYS5802849,D,S,T,2024-07-22,1000000.00,4.424241,103.30078125
08:00:03,912810UA4,TSRYS5802849,D,S,T,2024-07-22,1000000.00,4.417644,103.412109375
08:00:03,912810UA4,TSRYS5802849,D,S,D,2024-07-22,1000000.00,4.417528,103.4140625
08:00:04,912810UA4,TSRYS5802849,D,S,T,2024-07-22,1000000.00,4.413482,103.482421875
08:00:04,912810UA4,TSRYS5802849,D,S,T,2024-07-22,1000000.00,4.411518,103.515625
08:00:04,912810UA4,TSRYS5802849,D,S,T,2024-07-22,1000000.00,4.41071,103.529296875
08:00:04,912810UA4,TSRYS5802849,D,S,T,2024-07-22,1000000.00,4.410594,103.53125
08:00:04,912810UA4,TSRYS5802849,D,S,T,2024-07-22,1000000.00,4.417875,103.408203125
08:00:04,912810UA4,TSRYS5802849,D,S,T,2024-07-22,1000000.00,4.417297,103.41796875
08:00:04,912810UA4,TSRYS5802849,D,S,T,2024-07-22,1000000.00,4.422273,103.333984375
08:00:04,912810UA4,TSRYS5802849,D,S,T,2024-07-22,1000000.00,4.422157,103.3359375
08:00:04,912810UA4,TSRYS5802849,D,S,T,2024-07-22,1000000.00,4.422157,103.3359375
08:00:04,912810UA4,TSRYS5802849,D,S,T,2024-07-22,1000000.00,4.434796,103.123046875
08:00:04,912810UA4,TSRYS5802849,D,S,D,2024-07-22,1000000.00,4.433402,103.146484375
08:00:04,912810UA4,TSRYS5802849,D,S,D,2024-07-22,1000000.00,4.433054,103.15234375
08:00:04,912810UA4,TSRYS5802849,D,S,T,2024-07-22,1000000.00,4.424589,103.294921875
08:00:04,912810UA4,TSRYS5802849,D,S,T,2024-07-22,1000000.00,4.421231,103.3515625
08:00:04,912810UA4,TSRYS5802849,D,S,T,2024-07-22,1000000.00,4.421231,103.3515625
08:00:04,912810UA4,TSRYS5802849,D,S,T,2024-07-22,1000000.00,4.421231,103.3515625
08:00:04,912810UA4,TSRYS5802849,D,B,C,2024-07-22,1000000.00,4.422041,103.337890625
08:00:04,912810UA4,TSRYS5802849,D,S,T,2024-07-22,1000000.00,4.421578,103.345703125
08:00:04,912810UA4,TSRYS5802849,D,B,C,2024-07-22,1000000.00,4.422041,103.337890625
08:00:04,912810UA4,TSRYS5802849,D,S,T,2024-07-22,1000000.00,4.421578,103.345703125
08:00:04,912810UA4,TSRYS5802849,D,B,C,2024-07-22,1000000.00,4.422041,103.337890625
08:00:04,912810UA4,TSRYS5802849,D,S,T,2024-07-22,1000000.00,4.421578,103.345703125
08:00:04,912810UA4,TSRYS5802849,D,B,C,2024-07-22,1000000.00,4.421809,103.341796875
08:00:04,912810UA4,TSRYS5802849,D,B,C,2024-07-22,1000000.00,4.421578,103.345703125
08:00:04,912810UA4,TSRYS5802849,D,S,T,2024-07-22,1000000.00,4.420999,103.35546875
08:00:04,912810UA4,TSRYS5802849,D,B,C,2024-07-22,1000000.00,4.422736,103.326171875
08:00:04,912810UA4,TSRYS5802849,D,S,T,2024-07-22,1000000.00,4.429457,103.212890625
08:00:05,912810UA4,TSRYS5802849,D,S,T,2024-07-22,1000000.00,4.427254,103.25
08:00:05,912810UA4,TSRYS5802849,D,S,T,2024-07-22,1000000.00,4.417991,103.40625
08:00:05,912810UA4,TSRYS5802849,D,S,T,2024-07-22,2000000.00,4.419842,103.375
08:00:05,912810UA4,TSRYS5802849,D,S,T,2024-07-22,1000000.00,4.432822,103.15625
08:00:08,912810UA4,TSRYS5802849,D,S,D,2024-07-22,1000000.00,4.425748,103.275390625
08:00:08,912810UA4,TSRYS5802849,D,S,D,2024-07-22,1000000.00,4.425748,103.275390625
08:00:08,912810UA4,TSRYS5802849,D,S,D,2024-07-22,2000000.00,4.425748,103.275390625
08:00:08,912810UA4,TSRYS5802849,D,S,D,2024-07-22,1000000.00,4.425748,103.275390625
08:00:08,912810UA4,TSRYS5802849,D,S,D,2024-07-22,1000000.00,4.425748,103.275390625
08:00:08,912810UA4,TSRYS5802849,D,S,D,2024-07-22,1000000.00,4.425748,103.275390625
08:00:08,912810UA4,TSRYS5802849,D,S,D,2024-07-22,1000000.00,4.412096,103.505859375
08:00:08,912810UA4,TSRYS5802849,D,S,D,2024-07-22,1000000.00,4.412096,103.505859375
08:00:08,912810UA4,TSRYS5802849,D,S,D,2024-07-22,1000000.00,4.412096,103.505859375
08:00:08,912810UA4,TSRYS5802849,D,S,D,2024-07-22,1000000.00,4.412096,103.505859375
08:00:08,912810UA4,TSRYS5802849,D,S,D,2024-07-22,1000000.00,4.412096,103.505859375
08:00:08,912810UA4,TSRYS5802849,D,S,D,2024-07-22,1000000.00,4.423315,103.31640625
08:00:08,912810UA4,TSRYS5802849,D,S,D,2024-07-22,1000000.00,4.423199,103.318359375
08:00:08,912810UA4,TSRYS5802849,D,S,D,2024-07-22,2000000.00,4.423315,103.31640625
08:00:08,912810UA4,TSRYS5802849,D,S,D,2024-07-22,1000000.00,4.423199,103.318359375
08:00:08,912810UA4,TSRYS5802849,D,S,T,2024-07-22,1000000.00,4.427254,103.25
08:00:08,912810UA4,TSRYS5802849,D,S,D,2024-07-22,5000000.00,4.429341,103.21484375
08:00:09,912810UA4,TSRYS5802849,D,S,T,2024-07-22,1000000.00,4.426675,103.259765625
08:00:09,912810UA4,TSRYS5802849,D,S,D,2024-07-22,1000000.00,4.43468,103.125
08:00:09,912810UA4,TSRYS5802849,D,S,D,2024-07-22,1000000.00,4.435144,103.1171875
08:00:09,912810UA4,TSRYS5802849,D,S,D,2024-07-22,1000000.00,4.435144,103.1171875
08:00:09,912810UA4,TSRYS5802849,D,S,D,2024-07-22,1000000.00,4.435492,103.111328125
08:00:09,912810UA4,TSRYS5802849,D,S,D,2024-07-22,1000000.00,4.435492,103.111328125
08:00:09,912810UA4,TSRYS5802849,D,S,D,2024-07-22,1000000.00,4.435492,103.111328125
08:00:09,912810UA4,TSRYS5802849,D,S,T,2024-07-22,1000000.00,4.425863,103.2734375
08:00:11,912810UA4,TSRYS5802849,D,S,D,2024-07-22,1000000.00,4.423083,103.3203125
08:00:11,912810UA4,TSRYS5802849,D,S,T,2024-07-22,1000000.00,4.423083,103.3203125
08:00:11,912810UA4,TSRYS5802849,D,S,T,2024-07-22,1000000.00,4.423199,103.318359375
08:00:11,912810UA4,TSRYS5802849,D,S,D,2024-07-22,1000000.00,4.42401,103.3046875
08:00:11,912810UA4,TSRYS5802849,D,S,T,2024-07-22,2000000.00,4.42262,103.328125
08:00:11,912810UA4,TSRYS5802849,D,S,D,2024-07-22,1000000.00,4.428646,103.2265625
08:00:11,912810UA4,TSRYS5802849,D,S,T,2024-07-22,1000000.00,4.434215,103.1328125
08:00:11,912810UA4,TSRYS5802849,D,S,D,2024-07-22,1000000.00,4.43468,103.125
08:00:11,912810UA4,TSRYS5802849,D,S,T,2024-07-22,1000000.00,4.43468,103.125
08:00:11,912810UA4,TSRYS5802849,D,S,T,2024-07-22,1000000.00,4.43468,103.125
08:00:11,912810UA4,TSRYS5802849,D,S,T,2024-07-22,1000000.00,4.431894,103.171875
08:00:11,912810UA4,TSRYS5802849,D,S,T,2024-07-22,1000000.00,4.432822,103.15625
08:00:11,912810UA4,TSRYS5802849,D,S,T,2024-07-22,1000000.00,4.432822,103.15625
08:00:11,912810UA4,TSRYS5802849,D,S,T,2024-07-22,1000000.00,4.428646,103.2265625
08:00:11,912810UA4,TSRYS5802849,D,S,T,2024-07-22,1000000.00,4.428646,103.2265625
08:00:11,912810UA4,TSRYS5802849,D,S,T,2024-07-22,1000000.00,4.428182,103.234375
08:00:11,912810UA4,TSRYS5802849,D,S,T,2024-07-22,1000000.00,4.429805,103.20703125
08:00:11,912810UA4,TSRYS5802849,D,S,T,2024-07-22,1000000.00,4.434447,103.12890625
08:00:11,912810UA4,TSRYS5802849,D,S,T,2024-07-22,1000000.00,4.4254,103.28125
08:00:11,912810UA4,TSRYS5802849,D,S,T,2024-07-22,1000000.00,4.42262,103.328125
08:00:11,912810UA4,TSRYS5802849,D,S,T,2024-07-22,1000000.00,4.42262,103.328125
08:00:11,912810UA4,TSRYS5802849,D,S,T,2024-07-22,1000000.00,4.42262,103.328125
08:00:11,912810UA4,TSRYS5802849,D,S,D,2024-07-22,1000000.00,4.421231,103.3515625
08:00:11,912810UA4,TSRYS5802849,D,S,T,2024-07-22,2000000.00,4.421694,103.34375
08:00:11,912810UA4,TSRYS5802849,D,S,D,2024-07-22,1000000.00,4.418453,103.3984375
08:00:11,912810UA4,TSRYS5802849,D,S,D,2024-07-22,1000000.00,4.423083,103.3203125
08:00:11,912810UA4,TSRYS5802849,D,S,T,2024-07-22,1000000.00,4.412442,103.5
08:00:11,912810UA4,TSRYS5802849,D,S,T,2024-07-22,1000000.00,4.413366,103.484375
08:00:11,912810UA4,TSRYS5802849,D,S,T,2024-07-22,1000000.00,4.412442,103.5
08:00:11,912810UA4,TSRYS5802849,D,S,T,2024-07-22,1000000.00,4.412442,103.5
08:00:11,912810UA4,TSRYS5802849,D,S,T,2024-07-22,1000000.00,4.412442,103.5
08:00:12,912810UA4,TSRYS5802849,D,S,T,2024-07-22,1000000.00,4.410594,103.53125
08:00:12,912810UA4,TSRYS5802849,D,S,T,2024-07-22,1000000.00,4.411518,103.515625
08:00:12,912810UA4,TSRYS5802849,D,S,D,2024-07-22,1000000.00,4.422852,103.32421875
08:00:12,912810UA4,TSRYS5802849,D,S,T,2024-07-22,1000000.00,4.407824,103.578125
08:00:12,912810UA4,TSRYS5802849,D,S,D,2024-07-22,1000000.00,4.424473,103.296875
08:00:12,912810UA4,TSRYS5802849,D,S,T,2024-07-22,1000000.00,4.408747,103.5625
08:00:12,912810UA4,TSRYS5802849,D,S,T,2024-07-22,1000000.00,4.410594,103.53125
08:00:12,912810UA4,TSRYS5802849,D,S,T,2024-07-22,1000000.00,4.418916,103.390625
08:00:12,912810UA4,TSRYS5802849,D,S,T,2024-07-22,1000000.00,4.420536,103.36328125
08:00:12,912810UA4,TSRYS5802849,D,S,T,2024-07-22,1000000.00,4.421694,103.34375
08:00:12,912810UA4,TSRYS5802849,D,S,T,2024-07-22,1000000.00,4.421694,103.34375
08:00:12,912810UA4,TSRYS5802849,D,S,T,2024-07-22,1000000.00,4.42262,103.328125
08:00:12,912810UA4,TSRYS5802849,D,S,T,2024-07-22,1000000.00,4.422157,103.3359375
08:00:12,912810UA4,TSRYS5802849,D,S,T,2024-07-22,1000000.00,4.422157,103.3359375
08:00:12,912810UA4,TSRYS5802849,D,S,T,2024-07-22,1000000.00,4.422157,103.3359375
08:00:12,912810UA4,TSRYS5802849,D,S,D,2024-07-22,1000000.00,4.436422,103.095703125
08:00:12,912810UA4,TSRYS5802849,D,S,D,2024-07-22,1000000.00,4.4377,103.07421875
08:00:12,912810UA4,TSRYS5802849,D,S,T,2024-07-22,1000000.00,4.436538,103.09375
08:00:12,912810UA4,TSRYS5802849,D,S,D,2024-07-22,1000000.00,4.434215,103.1328125
08:00:12,912810UA4,TSRYS5802849,D,S,D,2024-07-22,1000000.00,4.437351,103.080078125
08:00:12,912810UA4,TSRYS5802849,D,S,D,2024-07-22,1000000.00,4.428646,103.2265625
08:00:12,912810UA4,TSRYS5802849,D,S,D,2024-07-22,2000000.00,4.428182,103.234375
08:00:12,912810UA4,TSRYS5802849,D,S,T,2024-07-22,1000000.00,4.420999,103.35546875
08:00:12,912810UA4,TSRYS5802849,D,S,D,2024-07-22,1000000.00,4.428182,103.234375
08:00:12,912810UA4,TSRYS5802849,D,S,D,2024-07-22,1000000.00,4.428182,103.234375
08:00:12,912810UA4,TSRYS5802849,D,S,D,2024-07-22,1000000.00,4.4254,103.28125
08:00:12,912810UA4,TSRYS5802849,D,S,D,2024-07-22,1000000.00,4.4254,103.28125
08:00:12,912810UA4,TSRYS5802849,D,S,D,2024-07-22,1000000.00,4.4254,103.28125
08:00:12,912810UA4,TSRYS5802849,D,S,D,2024-07-22,1000000.00,4.425516,103.279296875
08:00:12,912810UA4,TSRYS5802849,D,S,D,2024-07-22,1000000.00,4.425516,103.279296875
08:00:12,912810UA4,TSRYS5802849,D,S,D,2024-07-22,1000000.00,4.425516,103.279296875
08:00:12,912810UA4,TSRYS5802849,D,S,D,2024-07-22,1000000.00,4.424936,103.2890625
08:00:12,912810UA4,TSRYS5802849,D,S,D,2024-07-22,1000000.00,4.424705,103.29296875
08:00:12,912810UA4,TSRYS5802849,D,S,D,2024-07-22,1000000.00,4.424705,103.29296875
08:00:13,912810UA4,TSRYS5802849,D,S,D,2024-07-22,1000000.00,4.425052,103.287109375
08:00:13,912810UA4,TSRYS5802849,D,S,D,2024-07-22,1000000.00,4.425052,103.287109375
08:00:13,912810UA4,TSRYS5802849,D,S,D,2024-07-22,2000000.00,4.425632,103.27734375
08:00:13,912810UA4,TSRYS5802849,D,S,D,2024-07-22,1000000.00,4.424589,103.294921875
08:00:13,912810UA4,TSRYS5802849,D,S,D,2024-07-22,1000000.00,4.424589,103.294921875
08:00:13,912810UA4,TSRYS5802849,D,S,D,2024-07-22,1000000.00,4.424473,103.296875
08:00:13,912810UA4,TSRYS5802849,D,S,D,2024-07-22,1000000.00,4.423778,103.30859375
08:00:13,912810UA4,TSRYS5802849,D,S,D,2024-07-22,1000000.00,4.423778,103.30859375
08:00:13,912810UA4,TSRYS5802849,D,S,D,2024-07-22,1000000.00,4.424126,103.302734375
08:00:13,912810UA4,TSRYS5802849,D,S,D,2024-07-22,1000000.00,4.424126,103.302734375
08:00:13,912810UA4,TSRYS5802849,D,S,D,2024-07-22,1000000.00,4.424126,103.302734375
08:00:13,912810UA4,TSRYS5802849,D,S,D,2024-07-22,1000000.00,4.424126,103.302734375
08:00:13,912810UA4,TSRYS5802849,D,S,D,2024-07-22,1000000.00,4.424126,103.302734375
08:00:13,912810UA4,TSRYS5802849,D,S,D,2024-07-22,1000000.00,4.424126,103.302734375
08:00:13,912810UA4,TSRYS5802849,D,S,D,2024-07-22,1000000.00,4.424126,103.302734375
08:00:13,912810UA4,TSRYS5802849,D,S,D,2024-07-22,1000000.00,4.424126,103.302734375
08:00:13,912810UA4,TSRYS5802849,D,S,A,2024-07-22,1500000.00,4.430965,103.1875
08:00:14,912810UA4,TSRYS5802849,D,S,D,2024-07-22,1000000.00,4.435144,103.1171875
08:00:14,912810UA4,TSRYS5802849,D,S,D,2024-07-22,2000000.00,4.436538,103.09375
08:00:16,912810UA4,TSRYS5802849,D,S,D,2024-07-22,1000000.00,4.436538,103.09375
08:00:17,912810UA4,TSRYS5802849,D,B,A,2024-07-22,10000000.00,4.426559,103.26171875
08:00:18,912810UA4,TSRYS5802849,D,B,C,2024-07-22,50MM+,4.429109,103.21875
08:00:18,912810UA4,TSRYS5802849,D,S,D,2024-07-22,1000000.00,4.430037,103.203125
08:00:18,912810UA4,TSRYS5802849,D,B,A,2024-07-22,10000000.00,4.435841,103.10546875
08:00:22,912810UA4,TSRYS5802849,D,S,T,2024-07-22,1000000.00,4.430037,103.203125
08:00:22,912810UA4,TSRYS5802849,D,S,T,2024-07-22,1000000.00,4.430037,103.203125
08:00:22,912810UA4,TSRYS5802849,D,B,A,2024-07-22,50MM+,4.43,103.20375177
08:00:22,912810UA4,TSRYS5802849,D,S,T,2024-07-22,1000000.00,4.430037,103.203125
08:00:22,912810UA4,TSRYS5802849,D,S,T,2024-07-22,1000000.00,4.412096,103.505859375
08:00:22,912810UA4,TSRYS5802849,D,S,T,2024-07-22,1000000.00,4.428298,103.232421875
08:00:22,912810UA4,TSRYS5802849,D,S,T,2024-07-22,1000000.00,4.412096,103.505859375
08:00:22,912810UA4,TSRYS5802849,D,S,T,2024-07-22,1000000.00,4.429109,103.21875
08:00:22,912810UA4,TSRYS5802849,D,S,T,2024-07-22,1000000.00,4.429109,103.21875
08:00:22,912810UA4,TSRYS5802849,D,S,T,2024-07-22,1000000.00,4.430037,103.203125
08:00:23,912810UA4,TSRYS5802849,D,S,T,2024-07-22,1000000.00,4.430037,103.203125
08:00:23,912810UA4,TSRYS5802849,D,S,T,2024-07-22,1000000.00,4.430037,103.203125
08:00:23,912810UA4,TSRYS5802849,D,S,T,2024-07-22,1000000.00,4.412096,103.505859375
08:00:23,912810UA4,TSRYS5802849,D,S,T,2024-07-22,1000000.00,4.428298,103.232421875
08:00:23,912810UA4,TSRYS5802849,D,B,A,2024-07-22,500000.00,4.418685,103.39453125
08:00:23,912810UA4,TSRYS5802849,D,S,T,2024-07-22,1000000.00,4.428182,103.234375
08:00:23,912810UA4,TSRYS5802849,D,S,D,2024-07-22,1000000.00,4.430037,103.203125
08:00:23,912810UA4,TSRYS5802849,D,S,D,2024-07-22,1000000.00,4.4254,103.28125
08:00:24,912810UA4,TSRYS5802849,D,S,D,2024-07-22,1000000.00,4.420768,103.359375
08:00:24,912810UA4,TSRYS5802849,D,S,D,2024-07-22,1000000.00,4.420536,103.36328125
08:00:24,912810UA4,TSRYS5802849,D,S,D,2024-07-22,1000000.00,4.417991,103.40625
08:00:24,912810UA4,TSRYS5802849,D,S,T,2024-07-22,1000000.00,4.428182,103.234375
08:00:24,912810UA4,TSRYS5802849,D,S,T,2024-07-22,1000000.00,4.430037,103.203125
08:00:24,912810UA4,TSRYS5802849,D,S,T,2024-07-22,1000000.00,4.430037,103.203125
08:00:25,912810UA4,TSRYS5802849,D,S,T,2024-07-22,1000000.00,4.429109,103.21875
08:00:25,912810UA4,TSRYS5802849,D,S,T,2024-07-22,5000000.00,4.429109,103.21875
08:00:26,912810UA4,TSRYS5802849,D,S,T,2024-07-22,1000000.00,4.428298,103.232421875
08:00:26,912810UA4,TSRYS5802849,D,S,T,2024-07-22,1000000.00,4.428182,103.234375
08:00:26,912810UA4,TSRYS5802849,D,S,T,2024-07-22,1000000.00,4.428066,103.236328125
08:00:26,912810UA4,TSRYS5802849,D,S,T,2024-07-22,1000000.00,4.430965,103.1875
08:00:27,912810UA4,TSRYS5802849,D,S,D,2024-07-22,1000000.00,4.417528,103.4140625
08:00:27,912810UA4,TSRYS5802849,D,S,D,2024-07-22,1000000.00,4.416603,103.4296875
08:00:27,912810UA4,TSRYS5802849,D,S,D,2024-07-22,1000000.00,4.417528,103.4140625
08:00:27,912810UA4,TSRYS5802849,D,S,D,2024-07-22,1000000.00,4.418453,103.3984375
08:00:27,912810UA4,TSRYS5802849,D,S,D,2024-07-22,1000000.00,4.416603,103.4296875
08:00:27,912810UA4,TSRYS5802849,D,S,D,2024-07-22,1000000.00,4.417528,103.4140625
08:00:27,912810UA4,TSRYS5802849,D,S,D,2024-07-22,2000000.00,4.418916,103.390625
08:00:27,912810UA4,TSRYS5802849,D,S,D,2024-07-22,1000000.00,4.416603,103.4296875
08:00:27,912810UA4,TSRYS5802849,D,S,D,2024-07-22,1000000.00,4.410825,103.52734375
08:00:27,912810UA4,TSRYS5802849,D,S,T,2024-07-22,1000000.00,4.430965,103.1875
08:00:27,912810UA4,TSRYS5802849,D,S,T,2024-07-22,1000000.00,4.430965,103.1875
08:00:28,912810UA4,TSRYS5802849,D,S,T,2024-07-22,1000000.00,4.430965,103.1875
08:00:28,912810UA4,TSRYS5802849,D,S,C,2024-07-22,2968000.00,4.428854,103.22305625
08:00:28,912810UA4,TSRYS5802849,D,S,A,2024-07-22,500000.00,4.427022,103.25390625
08:00:28,912810UA4,TSRYS5802849,D,S,C,2024-07-22,2967000.00,4.42584,103.2738375
08:00:28,912810UA4,TSRYS5802849,D,S,A,2024-07-22,500000.00,4.427254,103.25
08:00:28,912810UA4,TSRYS5802849,D,S,T,2024-07-22,1000000.00,4.423546,103.3125
08:00:28,912810UA4,TSRYS5802849,D,S,T,2024-07-22,1000000.00,4.43468,103.125
08:00:28,912810UA4,TSRYS5802849,D,S,T,2024-07-22,1000000.00,4.410594,103.53125
08:00:28,912810UA4,TSRYS5802849,D,S,T,2024-07-22,1000000.00,4.411518,103.515625
08:00:28,912810UA4,TSRYS5802849,D,S,T,2024-07-22,1000000.00,4.411518,103.515625
08:00:28,912810UA4,TSRYS5802849,D,S,T,2024-07-22,1000000.00,4.405978,103.609375
08:00:28,912810UA4,TSRYS5802849,D,S,T,2024-07-22,1000000.00,4.424473,103.296875
08:00:29,912810UA4,TSRYS5802849,D,S,T,2024-07-22,1000000.00,4.430965,103.1875
08:20:25,912810UA4,TSRYS5802849,D,S,D,2024-07-22,18000000.00,4.424046,103.304264
09:11:14,912810UA4,TSRYS5802849,D,S,T,2024-07-22,1000000.00,4.417991,103.40625
09:11:14,912810UA4,TSRYS5802849,D,S,T,2024-07-22,1000000.00,4.417991,103.40625
09:11:14,912810UA4,TSRYS5802849,D,S,T,2024-07-22,1000000.00,4.417991,103.40625
09:11:14,912810UA4,TSRYS5802849,D,S,T,2024-07-22,1000000.00,4.417991,103.40625
09:11:14,912810UA4,TSRYS5802849,D,S,T,2024-07-22,2000000.00,4.417991,103.40625
09:11:14,912810UA4,TSRYS5802849,D,B,A,2024-07-22,4050000.00,4.417759,103.41015625
09:11:14,912810UA4,TSRYS5802849,D,S,C,2024-07-22,1425000.00,4.417065,103.421875
09:11:22,912810UA4,TSRYS5802849,D,S,T,2024-07-22,1000000.00,4.417065,103.421875
09:19:15,912810UA4,TSRYS5802849,D,B,A,2024-07-22,5287000.00,4.41732,103.41756875
09:20:16,912810UA4,TSRYS5802849,D,S,D,2024-07-22,1000000.00,4.415909,103.44140625
09:20:33,912810UA4,TSRYS5802849,D,S,D,2024-07-22,1000000.00,4.417991,103.40625
09:20:57,912810UA4,TSRYS5802849,D,B,C,2024-07-22,2000000.00,4.417065,103.421875
09:20:59,912810UA4,TSRYS5802849,D,S,T,2024-07-22,1000000.00,4.417065,103.421875
09:21:00,912810UA4,TSRYS5802849,D,S,T,2024-07-22,1000000.00,4.417065,103.421875
09:21:16,912810UA4,TSRYS5802849,D,S,T,2024-07-22,1000000.00,4.417065,103.421875
09:21:32,912810UA4,TSRYS5802849,D,S,C,2024-07-22,1500000.00,4.418453,103.3984375
09:22:43,912810UA4,TSRYS5802849,D,S,D,2024-07-22,38087000.00,4.412442,103.5
09:25:03,912810UA4,TSRYS5802849,D,S,D,2024-07-22,3000000.00,4.42401,103.3046875
09:27:36,912810UA4,TSRYS5802849,D,S,D,2024-07-22,1000000.00,4.423662,103.310546875
09:28:28,912810UA4,TSRYS5802849,D,B,C,2024-07-22,4050000.00,4.417991,103.40625
09:29:33,912810UA4,TSRYS5802849,D,S,D,2024-07-22,1000000.00,4.424126,103.302734375
09:29:34,912810UA4,TSRYS5802849,D,S,D,2024-07-22,1000000.00,4.424126,103.302734375
09:29:37,912810UA4,TSRYS5802849,D,S,D,2024-07-22,4000000.00,4.42682,103.25732
09:29:39,912810UA4,TSRYS5802849,D,S,A,2024-07-22,6000.00,4.433973,103.13671875
09:29:39,912810UA4,TSRYS5802849,D,S,D,2024-07-22,3000000.00,4.427023,103.2539
09:29:41,912810UA4,TSRYS5802849,D,S,A,2024-07-22,127000.00,4.417065,103.421875
09:29:43,912810UA4,TSRYS5802849,D,S,A,2024-07-22,1000000.00,4.428635,103.2265625
09:29:44,912810UA4,TSRYS5802849,D,B,A,2024-07-22,484000.00,4.415909,103.44140625
09:30:15,912810UA4,TSRYS5802849,D,S,D,2024-07-22,1000000.00,4.423546,103.3125
09:30:15,912810UA4,TSRYS5802849,D,S,D,2024-07-22,1000000.00,4.423546,103.3125
09:30:15,912810UA4,TSRYS5802849,D,S,D,2024-07-22,1000000.00,4.423546,103.3125
09:30:44,912810UA4,TSRYS5802849,D,S,T,2024-07-22,4135000.00,4.423546,103.3125
09:30:44,912810UA4,TSRYS5802849,D,S,T,2024-07-22,2055000.00,4.423546,103.3125
09:30:44,912810UA4,TSRYS5802849,D,S,T,2024-07-22,245000.00,4.423546,103.3125
09:30:48,912810UA4,TSRYS5802849,D,S,T,2024-07-22,38575000.00,4.423546,103.3125
09:30:48,912810UA4,TSRYS5802849,D,B,A,2024-07-22,38575000.00,4.423546,103.3125
09:30:50,912810UA4,TSRYS5802849,D,S,D,2024-07-22,38087000.00,4.412442,103.5
09:30:51,912810UA4,TSRYS5802849,D,B,C,2024-07-22,12748000.00,4.423546,103.3125
09:30:52,912810UA4,TSRYS5802849,D,S,T,2024-07-22,50MM+,4.423546,103.3125
09:30:57,912810UA4,TSRYS5802849,D,S,T,2024-07-22,5000.00,4.423546,103.3125
09:30:57,912810UA4,TSRYS5802849,D,S,D,2024-07-22,96000.00,4.421738,103.343
09:30:59,912810UA4,TSRYS5802849,D,S,D,2024-07-22,23120000.00,4.423546,103.3125
09:31:00,912810UA4,TSRYS5802849,D,S,D,2024-07-22,4525000.00,4.423546,103.3125
09:31:00,912810UA4,TSRYS5802849,D,S,D,2024-07-22,9315000.00,4.423546,103.3125
09:31:00,912810UA4,TSRYS5802849,D,S,D,2024-07-22,600000.00,4.423546,103.3125
09:31:00,912810UA4,TSRYS5802849,D,S,D,2024-07-22,8490000.00,4.423546,103.3125
09:31:01,912810UA4,TSRYS5802849,D,S,D,2024-07-22,11190000.00,4.423546,103.3125
09:31:01,912810UA4,TSRYS5802849,D,S,D,2024-07-22,50MM+,4.423546,103.3125
09:31:02,912810UA4,TSRYS5802849,D,S,D,2024-07-22,14640000.00,4.423546,103.3125
09:31:02,912810UA4,TSRYS5802849,D,S,D,2024-07-22,50MM+,4.423546,103.3125
09:31:02,912810UA4,TSRYS5802849,D,S,D,2024-07-22,12250000.00,4.423546,103.3125
09:31:04,912810UA4,TSRYS5802849,D,S,D,2024-07-22,6325000.00,4.423546,103.3125
09:31:07,912810UA4,TSRYS5802849,D,S,D,2024-07-22,38000.00,4.423546,103.3125
09:31:09,912810UA4,TSRYS5802849,D,S,T,2024-07-22,240000.00,4.423546,103.3125
09:31:10,912810UA4,TSRYS5802849,D,S,T,2024-07-22,95000.00,4.423546,103.3125
09:31:28,912810UA4,TSRYS5802849,D,S,T,2024-07-22,1000000.00,4.427268,103.249773
09:31:28,912810UA4,TSRYS5802849,D,B,A,2024-07-22,1000000.00,4.427268,103.249773
09:31:31,912810UA4,TSRYS5802849,D,S,T,2024-07-22,1000000.00,4.427262,103.249875
09:31:39,912810UA4,TSRYS5802849,D,S,T,2024-07-22,50MM+,4.423546,103.3125
09:31:45,912810UA4,TSRYS5802849,D,S,D,2024-07-22,1000000.00,4.424126,103.302734375
09:31:46,912810UA4,TSRYS5802849,D,S,C,2024-07-22,20000000.00,4.425608,103.27774375
09:31:47,912810UA4,TSRYS5802849,D,S,D,2024-07-22,1000000.00,4.424473,103.296875
09:31:48,912810UA4,TSRYS5802849,D,S,D,2024-07-22,1000000.00,4.426327,103.265625
09:31:48,912810UA4,TSRYS5802849,D,S,D,2024-07-22,1000000.00,4.426327,103.265625
09:31:48,912810UA4,TSRYS5802849,D,S,D,2024-07-22,1000000.00,4.426327,103.265625
09:32:10,912810UA4,TSRYS5802849,D,S,T,2024-07-22,1000000.00,4.4254,103.28125
09:32:11,912810UA4,TSRYS5802849,D,S,T,2024-07-22,24190000.00,4.423546,103.3125
09:32:20,912810UA4,TSRYS5802849,D,S,T,2024-07-22,1000000.00,4.4254,103.28125
09:32:23,912810UA4,TSRYS5802849,D,S,C,2024-07-22,10000000.00,4.426095,103.26953125
09:32:37,912810UA4,TSRYS5802849,D,S,D,2024-07-22,1000000.00,4.425863,103.2734375
09:32:37,912810UA4,TSRYS5802849,D,S,C,2024-07-22,1000000.00,4.425863,103.2734375
09:32:43,912810UA4,TSRYS5802849,D,S,T,2024-07-22,2000000.00,4.4254,103.28125
09:32:50,912810UA4,TSRYS5802849,D,S,D,2024-07-22,51200.00,4.425424,103.28085
09:32:51,912810UA4,TSRYS5802849,D,S,D,2024-07-22,1000000.00,4.426327,103.265625
09:33:16,912810UA4,TSRYS5802849,D,S,T,2024-07-22,1000000.00,4.426798,103.2576875
09:33:49,912810UA4,TSRYS5802849,D,S,D,2024-07-22,1000000.00,4.427022,103.25390625
09:33:49,912810UA4,TSRYS5802849,D,B,C,2024-07-22,1000000.00,4.426327,103.265625
09:33:49,912810UA4,TSRYS5802849,D,S,D,2024-07-22,1000000.00,4.426327,103.265625
09:33:49,912810UA4,TSRYS5802849,D,S,D,2024-07-22,1000000.00,4.426095,103.26953125
09:33:49,912810UA4,TSRYS5802849,D,S,T,2024-07-22,1000000.00,4.427272,103.2497
09:33:55,912810UA4,TSRYS5802849,D,B,C,2024-07-22,1000000.00,4.427254,103.25
09:33:55,912810UA4,TSRYS5802849,D,S,D,2024-07-22,1000000.00,4.427254,103.25
09:33:55,912810UA4,TSRYS5802849,D,S,D,2024-07-22,1000000.00,4.427254,103.25
09:34:06,912810UA4,TSRYS5802849,D,S,D,2024-07-22,1000000.00,4.426906,103.255859375
09:34:08,912810UA4,TSRYS5802849,D,S,T,2024-07-22,1000000.00,4.426345,103.265325
09:34:11,912810UA4,TSRYS5802849,D,S,T,2024-07-22,1000000.00,4.426327,103.265625
09:34:19,912810UA4,TSRYS5802849,D,S,T,2024-07-22,1000000.00,4.4254,103.28125
09:34:20,912810UA4,TSRYS5802849,D,S,T,2024-07-22,1000000.00,4.4254,103.28125
09:34:20,912810UA4,TSRYS5802849,D,S,T,2024-07-22,1000000.00,4.4254,103.28125
09:34:20,912810UA4,TSRYS5802849,D,S,T,2024-07-22,1000000.00,4.4254,103.28125
09:34:20,912810UA4,TSRYS5802849,D,S,T,2024-07-22,1000000.00,4.4254,103.28125
09:34:20,912810UA4,TSRYS5802849,D,S,T,2024-07-22,1000000.00,4.4254,103.28125
09:34:23,912810UA4,TSRYS5802849,D,S,D,2024-07-22,1000000.00,4.4254,103.28125
09:34:24,912810UA4,TSRYS5802849,D,S,T,2024-07-22,1000000.00,4.4254,103.28125
09:34:25,912810UA4,TSRYS5802849,D,S,T,2024-07-22,1000000.00,4.4254,103.28125
09:34:46,912810UA4,TSRYS5802849,D,S,T,2024-07-22,1000000.00,4.4254,103.28125
09:34:46,912810UA4,TSRYS5802849,D,S,T,2024-07-22,1000000.00,4.4254,103.28125
09:34:47,912810UA4,TSRYS5802849,D,S,T,2024-07-22,1000000.00,4.4254,103.28125
09:34:55,912810UA4,TSRYS5802849,D,S,T,2024-07-22,1000000.00,4.4254,103.28125
09:34:55,912810UA4,TSRYS5802849,D,S,T,2024-07-22,1000000.00,4.4254,103.28125
09:34:57,912810UA4,TSRYS5802849,D,S,T,2024-07-22,1000000.00,4.4254,103.28125
09:35:05,912810UA4,TSRYS5802849,D,S,T,2024-07-22,1000000.00,4.4254,103.28125
09:35:11,912810UA4,TSRYS5802849,D,S,T,2024-07-22,3000000.00,4.4254,103.28125
09:35:11,912810UA4,TSRYS5802849,D,S,T,2024-07-22,1000000.00,4.4254,103.28125
09:35:20,912810UA4,TSRYS5802849,D,S,T,2024-07-22,1000000.00,4.4254,103.28125
09:35:21,912810UA4,TSRYS5802849,D,B,A,2024-07-22,1000000.00,4.4254,103.28125
09:35:21,912810UA4,TSRYS5802849,D,S,T,2024-07-22,1000000.00,4.4254,103.28125
09:35:25,912810UA4,TSRYS5802849,D,S,D,2024-07-22,50900.00,4.42496,103.2886625
09:35:33,912810UA4,TSRYS5802849,D,S,T,2024-07-22,1000000.00,4.427262,103.24987
09:35:36,912810UA4,TSRYS5802849,D,S,T,2024-07-22,1000000.00,4.426566,103.26159375
09:35:49,912810UA4,TSRYS5802849,D,S,T,2024-07-22,1000000.00,4.4254,103.28125
09:36:03,912810UA4,TSRYS5802849,D,S,T,2024-07-22,1000000.00,4.424491,103.296575
09:36:49,912810UA4,TSRYS5802849,D,S,T,2024-07-22,1000000.00,4.425418,103.28095
09:36:53,912810UA4,TSRYS5802849,D,S,D,2024-07-22,1000000.00,4.426327,103.265625
09:36:54,912810UA4,TSRYS5802849,D,S,D,2024-07-22,1000000.00,4.426327,103.265625
09:36:59,912810UA4,TSRYS5802849,D,S,T,2024-07-22,1000000.00,4.425418,103.28095
09:37:01,912810UA4,TSRYS5802849,D,S,D,2024-07-22,1000000.00,4.426095,103.26953125
09:37:02,912810UA4,TSRYS5802849,D,S,D,2024-07-22,500000.00,4.426327,103.265625
09:37:07,912810UA4,TSRYS5802849,D,S,D,2024-07-22,10000000.00,4.425748,103.275390625
09:37:22,912810UA4,TSRYS5802849,D,S,C,2024-07-22,7000.00,4.426767,103.2582125
09:37:30,912810UA4,TSRYS5802849,D,S,D,2024-07-22,1000000.00,4.426327,103.265625
09:37:30,912810UA4,TSRYS5802849,D,S,D,2024-07-22,1000000.00,4.427022,103.25390625
09:37:32,912810UA4,TSRYS5802849,D,S,D,2024-07-22,7000.00,,103.2582125
09:37:32,912810UA4,TSRYS5802849,D,S,D,2024-07-22,1000000.00,4.426327,103.265625
09:37:32,912810UA4,TSRYS5802849,D,S,D,2024-07-22,6000000.00,4.426327,103.265625
09:37:55,912810UA4,TSRYS5802849,D,S,D,2024-07-22,51000.00,4.425424,103.28085
09:37:56,912810UA4,TSRYS5802849,D,S,D,2024-07-22,2500000.00,4.4254,103.28125
09:38:09,912810UA4,TSRYS5802849,D,S,D,2024-07-22,1000000.00,4.424936,103.2890625
09:38:09,912810UA4,TSRYS5802849,D,B,C,2024-07-22,1000000.00,4.424936,103.2890625
09:38:15,912810UA4,TSRYS5802849,D,S,D,2024-07-22,1000000.00,4.424705,103.29296875
09:38:15,912810UA4,TSRYS5802849,D,S,T,2024-07-22,1000000.00,4.424491,103.296575
09:38:15,912810UA4,TSRYS5802849,D,S,D,2024-07-22,1000000.00,4.424705,103.29296875
09:38:19,912810UA4,TSRYS5802849,D,S,C,2024-07-22,1000000.00,4.425168,103.28515625
09:38:21,912810UA4,TSRYS5802849,D,S,C,2024-07-22,925000.00,4.424936,103.2890625
09:38:22,912810UA4,TSRYS5802849,D,S,C,2024-07-22,340000.00,4.4254,103.28125
09:38:22,912810UA4,TSRYS5802849,D,S,C,2024-07-22,125000.00,4.425863,103.2734375
09:38:22,912810UA4,TSRYS5802849,D,S,C,2024-07-22,3245000.00,4.4254,103.28125
09:38:24,912810UA4,TSRYS5802849,D,S,C,2024-07-22,1000000.00,4.424357,103.298828125
09:38:24,912810UA4,TSRYS5802849,D,S,C,2024-07-22,1000000.00,4.425168,103.28515625
09:38:25,912810UA4,TSRYS5802849,D,S,D,2024-07-22,1000000.00,4.425168,103.28515625
09:38:25,912810UA4,TSRYS5802849,D,S,D,2024-07-22,1000000.00,4.425168,103.28515625
09:38:34,912810UA4,TSRYS5802849,D,B,C,2024-07-22,1000000.00,4.4254,103.28125
09:39:12,912810UA4,TSRYS5802849,D,S,T,2024-07-22,1000000.00,4.424491,103.296575
09:39:18,912810UA4,TSRYS5802849,D,S,C,2024-07-22,165000.00,4.424936,103.2890625
09:39:19,912810UA4,TSRYS5802849,D,S,D,2024-07-22,165000.00,4.424936,103.2890625
09:39:22,912810UA4,TSRYS5802849,D,B,C,2024-07-22,1000000.00,4.424705,103.29296875
09:39:22,912810UA4,TSRYS5802849,D,S,C,2024-07-22,1000000.00,4.424705,103.29296875
09:39:27,912810UA4,TSRYS5802849,D,S,T,2024-07-22,1000000.00,4.42506,103.286984375
09:39:40,912810UA4,TSRYS5802849,D,S,T,2024-07-22,1000000.00,4.425168,103.28515625
09:39:40,912810UA4,TSRYS5802849,D,S,T,2024-07-22,1000000.00,4.425284,103.28320313
09:39:43,912810UA4,TSRYS5802849,D,S,D,2024-07-22,1000000.00,4.425284,103.283203125
09:39:43,912810UA4,TSRYS5802849,D,S,D,2024-07-22,1000000.00,4.425168,103.28515625
09:39:43,912810UA4,TSRYS5802849,D,S,D,2024-07-22,1000000.00,4.425284,103.283203125
09:39:44,912810UA4,TSRYS5802849,D,B,A,2024-07-22,3000000.00,4.4254,103.28125
09:39:44,912810UA4,TSRYS5802849,D,S,T,2024-07-22,1000000.00,4.425284,103.28320313
09:39:45,912810UA4,TSRYS5802849,D,B,A,2024-07-22,1000000.00,4.4254,103.28125
09:39:45,912810UA4,TSRYS5802849,D,S,T,2024-07-22,1000000.00,4.42541,103.281073
09:39:52,912810UA4,TSRYS5802849,D,S,D,2024-07-22,1000000.00,4.4254,103.28125
09:39:58,912810UA4,TSRYS5802849,D,S,D,2024-07-22,1000000.00,4.4254,103.28125
09:39:58,912810UA4,TSRYS5802849,D,B,A,2024-07-22,565000.00,4.4254,103.28125
09:39:59,912810UA4,TSRYS5802849,D,B,A,2024-07-22,435000.00,4.4254,103.28125
09:39:59,912810UA4,TSRYS5802849,D,B,A,2024-07-22,1000000.00,4.4254,103.28125
09:40:11,912810UA4,TSRYS5802849,D,S,T,2024-07-22,1000000.00,4.424473,103.296875
09:40:11,912810UA4,TSRYS5802849,D,S,T,2024-07-22,1000000.00,4.4254,103.28125
09:40:11,912810UA4,TSRYS5802849,D,S,T,2024-07-22,1000000.00,4.423546,103.3125
09:40:11,912810UA4,TSRYS5802849,D,S,T,2024-07-22,1000000.00,4.421694,103.34375
09:40:11,912810UA4,TSRYS5802849,D,S,T,2024-07-22,1000000.00,4.421694,103.34375
09:40:11,912810UA4,TSRYS5802849,D,S,T,2024-07-22,1000000.00,4.421694,103.34375
09:40:11,912810UA4,TSRYS5802849,D,S,T,2024-07-22,1000000.00,4.428182,103.234375
09:40:11,912810UA4,TSRYS5802849,D,S,T,2024-07-22,1000000.00,4.433751,103.140625
09:40:11,912810UA4,TSRYS5802849,D,S,T,2024-07-22,1000000.00,4.432822,103.15625
09:40:11,912810UA4,TSRYS5802849,D,S,T,2024-07-22,1000000.00,4.432822,103.15625
09:40:11,912810UA4,TSRYS5802849,D,S,T,2024-07-22,1000000.00,4.432822,103.15625
09:40:11,912810UA4,TSRYS5802849,D,S,T,2024-07-22,1000000.00,4.429109,103.21875
09:40:11,912810UA4,TSRYS5802849,D,S,T,2024-07-22,1000000.00,4.429109,103.21875
09:40:11,912810UA4,TSRYS5802849,D,S,T,2024-07-22,1000000.00,4.423546,103.3125
09:40:11,912810UA4,TSRYS5802849,D,S,T,2024-07-22,1000000.00,4.423546,103.3125
09:40:11,912810UA4,TSRYS5802849,D,S,T,2024-07-22,1000000.00,4.420768,103.359375
09:40:11,912810UA4,TSRYS5802849,D,S,T,2024-07-22,1000000.00,4.41614,103.4375
09:40:11,912810UA4,TSRYS5802849,D,S,T,2024-07-22,1000000.00,4.41614,103.4375
09:40:11,912810UA4,TSRYS5802849,D,S,T,2024-07-22,1000000.00,4.41614,103.4375
09:40:11,912810UA4,TSRYS5802849,D,S,T,2024-07-22,1000000.00,4.414291,103.46875
09:40:11,912810UA4,TSRYS5802849,D,S,T,2024-07-22,1000000.00,4.411518,103.515625
09:40:11,912810UA4,TSRYS5802849,D,S,T,2024-07-22,1000000.00,4.411518,103.515625
09:40:11,912810UA4,TSRYS5802849,D,S,T,2024-07-22,1000000.00,4.411518,103.515625
09:40:11,912810UA4,TSRYS5802849,D,S,T,2024-07-22,1000000.00,4.408747,103.5625
09:40:11,912810UA4,TSRYS5802849,D,S,T,2024-07-22,1000000.00,4.406901,103.59375
09:40:11,912810UA4,TSRYS5802849,D,S,T,2024-07-22,1000000.00,4.405978,103.609375
09:40:11,912810UA4,TSRYS5802849,D,S,T,2024-07-22,1000000.00,4.406901,103.59375
09:40:11,912810UA4,TSRYS5802849,D,S,T,2024-07-22,1000000.00,4.428182,103.234375
09:40:11,912810UA4,TSRYS5802849,D,S,T,2024-07-22,1000000.00,4.426327,103.265625
09:40:11,912810UA4,TSRYS5802849,D,S,T,2024-07-22,1000000.00,4.432822,103.15625
09:40:12,912810UA4,TSRYS5802849,D,S,T,2024-07-22,1000000.00,4.4254,103.28125
09:40:36,912810UA4,TSRYS5802849,D,S,D,2024-07-22,1000000.00,4.4254,103.28125
09:40:50,912810UA4,TSRYS5802849,D,S,T,2024-07-22,1000000.00,4.425418,103.28095
09:41:02,912810UA4,TSRYS5802849,D,S,T,2024-07-22,1000000.00,4.424491,103.296575
09:41:22,912810UA4,TSRYS5802849,D,S,C,2024-07-22,2700000.00,4.425863,103.2734375
09:41:31,912810UA4,TSRYS5802849,D,S,D,2024-07-22,2000000.00,4.429109,103.21875
09:41:33,912810UA4,TSRYS5802849,D,S,T,2024-07-22,1000000.00,4.417991,103.40625
09:41:42,912810UA4,TSRYS5802849,D,S,C,2024-07-22,7427000.00,4.425168,103.28515625
09:41:47,912810UA4,TSRYS5802849,D,S,D,2024-07-22,7427000.00,,103.28515625
09:41:50,912810UA4,TSRYS5802849,D,S,D,2024-07-22,1000000.00,4.426095,103.26953125
09:42:17,912810UA4,TSRYS5802849,D,S,T,2024-07-22,1000000.00,4.426327,103.265625
09:42:34,912810UA4,TSRYS5802849,D,S,C,2024-07-22,1000000.00,4.427022,103.25390625
09:42:40,912810UA4,TSRYS5802849,D,S,T,2024-07-22,1000000.00,4.427254,103.25
09:42:41,912810UA4,TSRYS5802849,D,B,C,2024-07-22,1000000.00,4.427718,103.2421875
09:42:41,912810UA4,TSRYS5802849,D,S,D,2024-07-22,1000000.00,4.427718,103.2421875
09:42:41,912810UA4,TSRYS5802849,D,S,T,2024-07-22,1000000.00,4.427272,103.2497
09:42:41,912810UA4,TSRYS5802849,D,S,T,2024-07-22,1000000.00,4.427724,103.2420875
09:42:42,912810UA4,TSRYS5802849,D,S,T,2024-07-22,1000000.00,4.427254,103.25
09:42:46,912810UA4,TSRYS5802849,D,S,D,2024-07-22,1000000.00,4.427718,103.2421875
09:42:46,912810UA4,TSRYS5802849,D,S,D,2024-07-22,1000000.00,4.427718,103.2421875
09:42:46,912810UA4,TSRYS5802849,D,S,D,2024-07-22,1000000.00,4.427718,103.2421875
09:42:48,912810UA4,TSRYS5802849,D,S,D,2024-07-22,1000000.00,4.427486,103.24609375
09:42:48,912810UA4,TSRYS5802849,D,B,C,2024-07-22,1000000.00,4.427486,103.24609375
09:43:01,912810UA4,TSRYS5802849,D,S,D,2024-07-22,1000000.00,4.427486,103.24609375
09:43:06,912810UA4,TSRYS5802849,D,S,C,2024-07-22,6730000.00,4.427486,103.24609375
09:43:17,912810UA4,TSRYS5802849,D,S,D,2024-07-22,1000000.00,4.427718,103.2421875
09:43:21,912810UA4,TSRYS5802849,D,S,D,2024-07-22,1000000.00,4.427718,103.2421875
09:43:26,912810UA4,TSRYS5802849,D,S,T,2024-07-22,1000000.00,4.427486,103.24609375
09:43:31,912810UA4,TSRYS5802849,D,S,D,2024-07-22,1000000.00,4.427486,103.24609375
09:43:35,912810UA4,TSRYS5802849,D,S,T,2024-07-22,1000000.00,4.426345,103.265325
09:43:40,912810UA4,TSRYS5802849,D,S,C,2024-07-22,1000000.00,4.427022,103.25390625
09:43:40,912810UA4,TSRYS5802849,D,S,C,2024-07-22,1000000.00,4.427254,103.25
09:43:40,912810UA4,TSRYS5802849,D,S,D,2024-07-22,5000000.00,4.427254,103.25
09:43:41,912810UA4,TSRYS5802849,D,S,D,2024-07-22,1000000.00,4.427022,103.25390625
09:43:41,912810UA4,TSRYS5802849,D,S,D,2024-07-22,1000000.00,4.427254,103.25
09:43:41,912810UA4,TSRYS5802849,D,S,D,2024-07-22,1000000.00,4.427254,103.25
09:43:41,912810UA4,TSRYS5802849,D,S,C,2024-07-22,1000000.00,4.427254,103.25
09:43:42,912810UA4,TSRYS5802849,D,B,C,2024-07-22,10000000.00,4.427249,103.250090625
09:43:42,912810UA4,TSRYS5802849,D,S,D,2024-07-22,1000000.00,4.427254,103.25
09:43:42,912810UA4,TSRYS5802849,D,S,T,2024-07-22,1000000.00,4.426327,103.265625
09:43:43,912810UA4,TSRYS5802849,D,S,D,2024-07-22,1000000.00,4.426327,103.265625
09:43:44,912810UA4,TSRYS5802849,D,S,D,2024-07-22,50300.00,4.426583,103.26131875
09:43:52,912810UA4,TSRYS5802849,D,S,T,2024-07-22,1000000.00,4.427254,103.25
09:44:03,912810UA4,TSRYS5802849,D,S,D,2024-07-22,1000000.00,4.427718,103.2421875
09:44:04,912810UA4,TSRYS5802849,D,S,D,2024-07-22,1000000.00,4.427486,103.24609375
09:44:12,912810UA4,TSRYS5802849,D,S,T,2024-07-22,2000000.00,4.427262,103.24987
09:44:19,912810UA4,TSRYS5802849,D,S,C,2024-07-22,27000000.00,4.426559,103.26171875
09:44:40,912810UA4,TSRYS5802849,D,B,C,2024-07-22,1000000.00,4.427486,103.24609375
09:44:40,912810UA4,TSRYS5802849,D,B,C,2024-07-22,1000000.00,4.427486,103.24609375
09:44:40,912810UA4,TSRYS5802849,D,B,C,2024-07-22,1000000.00,4.427486,103.24609375
09:44:44,912810UA4,TSRYS5802849,D,S,T,2024-07-22,1000000.00,4.427272,103.2497
09:44:47,912810UA4,TSRYS5802849,D,S,D,2024-07-22,1000000.00,4.427254,103.25
09:45:01,912810UA4,TSRYS5802849,D,S,D,2024-07-22,1000000.00,4.426559,103.26171875
09:45:02,912810UA4,TSRYS5802849,D,S,D,2024-07-22,1000000.00,4.426675,103.259765625
09:45:02,912810UA4,TSRYS5802849,D,S,T,2024-07-22,1000000.00,4.426675,103.259765625
09:45:02,912810UA4,TSRYS5802849,D,S,T,2024-07-22,1000000.00,4.426675,103.259765625
09:45:07,912810UA4,TSRYS5802849,D,S,D,2024-07-22,1000000.00,4.426675,103.259765625
09:45:07,912810UA4,TSRYS5802849,D,S,D,2024-07-22,1000000.00,4.426675,103.259765625
09:45:10,912810UA4,TSRYS5802849,D,B,C,2024-07-22,1000000.00,4.426675,103.259765625
09:45:10,912810UA4,TSRYS5802849,D,S,D,2024-07-22,1000000.00,4.426675,103.259765625
09:45:28,912810UA4,TSRYS5802849,D,S,T,2024-07-22,1000000.00,4.426345,103.265325
09:45:31,912810UA4,TSRYS5802849,D,S,D,2024-07-22,54200.00,4.425655,103.27694375
09:45:33,912810UA4,TSRYS5802849,D,S,C,2024-07-22,1000000.00,4.426095,103.26953125
09:45:33,912810UA4,TSRYS5802849,D,S,T,2024-07-22,1000000.00,4.426327,103.265625
09:45:34,912810UA4,TSRYS5802849,D,S,D,2024-07-22,1000000.00,4.425863,103.2734375
09:45:34,912810UA4,TSRYS5802849,D,S,D,2024-07-22,1000000.00,4.425748,103.275390625
09:45:36,912810UA4,TSRYS5802849,D,S,D,2024-07-22,1000000.00,4.425863,103.2734375
09:45:38,912810UA4,TSRYS5802849,D,S,D,2024-07-22,70600.00,4.425632,103.27734375
09:45:43,912810UA4,TSRYS5802849,D,S,C,2024-07-22,10000000.00,4.418202,103.40268
09:45:49,912810UA4,TSRYS5802849,D,S,D,2024-07-22,1000000.00,4.426095,103.26953125
09:45:52,912810UA4,TSRYS5802849,D,S,D,2024-07-22,1000000.00,4.426327,103.265625
09:45:52,912810UA4,TSRYS5802849,D,S,D,2024-07-22,1000000.00,4.426327,103.265625
09:46:03,912810UA4,TSRYS5802849,D,B,C,2024-07-22,1000000.00,4.424705,103.29296875
09:46:03,912810UA4,TSRYS5802849,D,S,D,2024-07-22,1000000.00,4.424705,103.29296875
09:46:08,912810UA4,TSRYS5802849,D,S,D,2024-07-22,1000000.00,4.424936,103.2890625
09:46:09,912810UA4,TSRYS5802849,D,S,D,2024-07-22,1000000.00,4.424936,103.2890625
09:46:13,912810UA4,TSRYS5802849,D,S,D,2024-07-22,1000000.00,4.424936,103.2890625
09:46:13,912810UA4,TSRYS5802849,D,B,C,2024-07-22,1000000.00,4.424936,103.2890625
09:46:35,912810UA4,TSRYS5802849,D,B,C,2024-07-22,3800000.00,4.425168,103.28515625
09:46:36,912810UA4,TSRYS5802849,D,S,A,2024-07-22,70600.00,4.425632,103.27734375
09:46:39,912810UA4,TSRYS5802849,D,S,D,2024-07-22,150000.00,4.424705,103.29296875
09:46:39,912810UA4,TSRYS5802849,D,S,D,2024-07-22,413000.00,4.4243,103.29979217295
09:46:41,912810UA4,TSRYS5802849,D,B,C,2024-07-22,1000000.00,4.424936,103.2890625
09:46:45,912810UA4,TSRYS5802849,D,S,T,2024-07-22,1000000.00,4.424481,103.296745
09:46:49,912810UA4,TSRYS5802849,D,B,C,2024-07-22,1000000.00,4.423894,103.306640625
09:46:49,912810UA4,TSRYS5802849,D,S,D,2024-07-22,1000000.00,4.423894,103.306640625
09:47:01,912810UA4,TSRYS5802849,D,S,D,2024-07-22,1000000.00,4.42401,103.3046875
09:47:01,912810UA4,TSRYS5802849,D,S,D,2024-07-22,1000000.00,4.42401,103.3046875
09:47:01,912810UA4,TSRYS5802849,D,S,D,2024-07-22,1000000.00,4.42401,103.3046875
09:47:02,912810UA4,TSRYS5802849,D,S,D,2024-07-22,1000000.00,4.42401,103.3046875
09:47:02,912810UA4,TSRYS5802849,D,S,D,2024-07-22,1000000.00,4.42401,103.3046875
09:47:02,912810UA4,TSRYS5802849,D,S,T,2024-07-22,1000000.00,4.423894,103.306640625
09:47:02,912810UA4,TSRYS5802849,D,S,D,2024-07-22,1000000.00,4.42401,103.3046875
09:47:02,912810UA4,TSRYS5802849,D,S,T,2024-07-22,1000000.00,4.423894,103.306640625
09:47:07,912810UA4,TSRYS5802849,D,S,D,2024-07-22,1000000.00,4.423894,103.306640625
09:47:07,912810UA4,TSRYS5802849,D,S,D,2024-07-22,1000000.00,4.423894,103.306640625
09:47:07,912810UA4,TSRYS5802849,D,B,C,2024-07-22,1000000.00,4.423778,103.30859375
09:47:07,912810UA4,TSRYS5802849,D,S,D,2024-07-22,1000000.00,4.423778,103.30859375
09:47:25,912810UA4,TSRYS5802849,D,S,D,2024-07-22,1000000.00,4.424126,103.302734375
09:47:37,912810UA4,TSRYS5802849,D,S,T,2024-07-22,1000000.00,4.424365,103.298703125
09:47:37,912810UA4,TSRYS5802849,D,S,T,2024-07-22,1000000.00,4.424365,103.298703125
09:47:38,912810UA4,TSRYS5802849,D,S,T,2024-07-22,1000000.00,4.424357,103.298828125
09:47:38,912810UA4,TSRYS5802849,D,S,T,2024-07-22,1000000.00,4.424473,103.296875
09:47:39,912810UA4,TSRYS5802849,D,S,T,2024-07-22,1000000.00,4.424473,103.296875
09:47:39,912810UA4,TSRYS5802849,D,S,T,2024-07-22,2000000.00,4.424473,103.296875
09:47:40,912810UA4,TSRYS5802849,D,B,A,2024-07-22,1000000.00,4.424473,103.296875
09:47:40,912810UA4,TSRYS5802849,D,B,A,2024-07-22,1000000.00,4.424357,103.298828125
09:47:40,912810UA4,TSRYS5802849,D,B,A,2024-07-22,1000000.00,4.424473,103.296875
09:47:40,912810UA4,TSRYS5802849,D,B,A,2024-07-22,2000000.00,4.424473,103.296875
09:47:44,912810UA4,TSRYS5802849,D,S,T,2024-07-22,1000000.00,4.424705,103.29296875
09:47:44,912810UA4,TSRYS5802849,D,B,C,2024-07-22,2000000.00,4.424473,103.296875
09:47:47,912810UA4,TSRYS5802849,D,S,D,2024-07-22,1000000.00,4.424705,103.29296875
09:47:50,912810UA4,TSRYS5802849,D,S,D,2024-07-22,1000000.00,4.424936,103.2890625
09:47:50,912810UA4,TSRYS5802849,D,S,D,2024-07-22,1000000.00,4.424936,103.2890625
09:47:50,912810UA4,TSRYS5802849,D,B,A,2024-07-22,5000000.00,4.425168,103.28515625
09:47:51,912810UA4,TSRYS5802849,D,S,T,2024-07-22,1000000.00,4.427272,103.2497
09:47:51,912810UA4,TSRYS5802849,D,S,T,2024-07-22,1000000.00,4.427504,103.24579375
09:47:51,912810UA4,TSRYS5802849,D,S,T,2024-07-22,2000000.00,4.424944,103.2889375
09:47:58,912810UA4,TSRYS5802849,D,S,C,2024-07-22,1000000.00,4.4254,103.28125
09:47:58,912810UA4,TSRYS5802849,D,S,C,2024-07-22,1000000.00,4.4254,103.28125
09:47:58,912810UA4,TSRYS5802849,D,B,C,2024-07-22,1000000.00,4.426327,103.265625
09:47:58,912810UA4,TSRYS5802849,D,S,D,2024-07-22,1000000.00,4.426327,103.265625
09:47:58,912810UA4,TSRYS5802849,D,S,D,2024-07-22,1000000.00,4.426327,103.265625
09:47:58,912810UA4,TSRYS5802849,D,S,D,2024-07-22,1000000.00,4.427254,103.25
09:47:58,912810UA4,TSRYS5802849,D,S,D,2024-07-22,1000000.00,4.427254,103.25
09:47:58,912810UA4,TSRYS5802849,D,S,C,2024-07-22,1000000.00,4.427244,103.250175
09:47:58,912810UA4,TSRYS5802849,D,S,C,2024-07-22,1000000.00,4.427254,103.25
09:47:58,912810UA4,TSRYS5802849,D,B,C,2024-07-22,1000000.00,4.427254,103.25
09:47:58,912810UA4,TSRYS5802849,D,S,D,2024-07-22,1000000.00,4.427254,103.25
09:47:58,912810UA4,TSRYS5802849,D,S,C,2024-07-22,1000000.00,4.427244,103.250175
09:47:58,912810UA4,TSRYS5802849,D,S,C,2024-07-22,1000000.00,4.427244,103.250175
09:47:58,912810UA4,TSRYS5802849,D,B,C,2024-07-22,1000000.00,4.427269,103.24975
09:47:58,912810UA4,TSRYS5802849,D,S,C,2024-07-22,1000000.00,4.427244,103.250175
09:47:58,912810UA4,TSRYS5802849,D,S,C,2024-07-22,1000000.00,4.427244,103.250175
09:47:58,912810UA4,TSRYS5802849,D,S,C,2024-07-22,1000000.00,4.427244,103.250175
09:47:58,912810UA4,TSRYS5802849,D,S,C,2024-07-22,1000000.00,4.427244,103.250175
09:47:59,912810UA4,TSRYS5802849,D,B,C,2024-07-22,1000000.00,4.427254,103.25
09:47:59,912810UA4,TSRYS5802849,D,B,C,2024-07-22,1000000.00,4.427254,103.25
09:47:59,912810UA4,TSRYS5802849,D,S,D,2024-07-22,1000000.00,4.427254,103.25
09:47:59,912810UA4,TSRYS5802849,D,S,C,2024-07-22,1000000.00,4.427254,103.25
09:47:59,912810UA4,TSRYS5802849,D,S,C,2024-07-22,1000000.00,4.426327,103.265625
09:47:59,912810UA4,TSRYS5802849,D,B,C,2024-07-22,1000000.00,4.426357,103.265125
09:47:59,912810UA4,TSRYS5802849,D,S,C,2024-07-22,1000000.00,4.426327,103.265625
09:47:59,912810UA4,TSRYS5802849,D,S,C,2024-07-22,1000000.00,4.426327,103.265625
09:47:59,912810UA4,TSRYS5802849,D,B,C,2024-07-22,1000000.00,4.426357,103.265125
09:47:59,912810UA4,TSRYS5802849,D,B,C,2024-07-22,1000000.00,4.426357,103.265125
09:47:59,912810UA4,TSRYS5802849,D,S,C,2024-07-22,1000000.00,4.426327,103.265625
09:47:59,912810UA4,TSRYS5802849,D,S,D,2024-07-22,1000000.00,4.426327,103.265625
09:47:59,912810UA4,TSRYS5802849,D,B,C,2024-07-22,1000000.00,4.426357,103.265125
09:47:59,912810UA4,TSRYS5802849,D,S,C,2024-07-22,1000000.00,4.426315,103.265825
09:47:59,912810UA4,TSRYS5802849,D,S,C,2024-07-22,1000000.00,4.426315,103.265825
09:47:59,912810UA4,TSRYS5802849,D,B,C,2024-07-22,1000000.00,4.426357,103.265125
09:47:59,912810UA4,TSRYS5802849,D,S,C,2024-07-22,1000000.00,4.427254,103.25
09:48:00,912810UA4,TSRYS5802849,D,S,C,2024-07-22,1000000.00,4.427242,103.2502
09:48:00,912810UA4,TSRYS5802849,D,S,C,2024-07-22,2000000.00,4.427242,103.2502
09:48:00,912810UA4,TSRYS5802849,D,B,C,2024-07-22,1000000.00,4.427254,103.25
09:48:00,912810UA4,TSRYS5802849,D,S,C,2024-07-22,1000000.00,4.427254,103.25
09:48:00,912810UA4,TSRYS5802849,D,S,C,2024-07-22,1000000.00,4.426327,103.265625
09:48:00,912810UA4,TSRYS5802849,D,S,C,2024-07-22,1000000.00,4.426318,103.265775
09:48:00,912810UA4,TSRYS5802849,D,S,C,2024-07-22,1000000.00,4.424467,103.296975
09:48:00,912810UA4,TSRYS5802849,D,B,C,2024-07-22,1000000.00,4.424503,103.296375
09:48:00,912810UA4,TSRYS5802849,D,S,C,2024-07-22,1000000.00,4.424473,103.296875
09:48:00,912810UA4,TSRYS5802849,D,B,C,2024-07-22,1000000.00,4.424503,103.296375
09:48:00,912810UA4,TSRYS5802849,D,B,C,2024-07-22,1000000.00,4.424503,103.296375
09:48:00,912810UA4,TSRYS5802849,D,B,C,2024-07-22,1000000.00,4.424503,103.296375
09:48:00,912810UA4,TSRYS5802849,D,S,C,2024-07-22,1000000.00,4.424473,103.296875
09:48:00,912810UA4,TSRYS5802849,D,S,C,2024-07-22,1000000.00,4.424473,103.296875
09:48:00,912810UA4,TSRYS5802849,D,B,C,2024-07-22,1000000.00,4.424503,103.296375
09:48:00,912810UA4,TSRYS5802849,D,S,C,2024-07-22,1000000.00,4.424473,103.296875
09:48:00,912810UA4,TSRYS5802849,D,S,C,2024-07-22,1000000.00,4.424473,103.296875
09:48:09,912810UA4,TSRYS5802849,D,S,T,2024-07-22,1000000.00,4.424491,103.296575
09:48:10,912810UA4,TSRYS5802849,D,S,T,2024-07-22,1000000.00,4.424473,103.296875
09:48:10,912810UA4,TSRYS5802849,D,S,T,2024-07-22,1000000.00,4.424473,103.296875
09:48:11,912810UA4,TSRYS5802849,D,S,T,2024-07-22,1000000.00,4.424473,103.296875
09:48:11,912810UA4,TSRYS5802849,D,S,T,2024-07-22,1000000.00,4.424473,103.296875
09:48:11,912810UA4,TSRYS5802849,D,S,T,2024-07-22,1000000.00,4.424473,103.296875
09:48:12,912810UA4,TSRYS5802849,D,B,A,2024-07-22,1000000.00,4.424473,103.296875
09:48:13,912810UA4,TSRYS5802849,D,B,A,2024-07-22,1000000.00,4.424473,103.296875
09:48:13,912810UA4,TSRYS5802849,D,B,A,2024-07-22,1000000.00,4.424473,103.296875
09:48:14,912810UA4,TSRYS5802849,D,B,A,2024-07-22,1000000.00,4.424473,103.296875
09:48:14,912810UA4,TSRYS5802849,D,B,A,2024-07-22,1000000.00,4.424473,103.296875
09:48:19,912810UA4,TSRYS5802849,D,S,C,2024-07-22,1000000.00,4.424473,103.296875
09:48:19,912810UA4,TSRYS5802849,D,S,C,2024-07-22,2000000.00,4.424467,103.296975
09:48:26,912810UA4,TSRYS5802849,D,S,T,2024-07-22,1000000.00,4.424365,103.298703125
09:48:34,912810UA4,TSRYS5802849,D,S,T,2024-07-22,1000000.00,4.42448,103.29675
09:48:34,912810UA4,TSRYS5802849,D,S,T,2024-07-22,1000000.00,4.424491,103.296575
09:48:48,912810UA4,TSRYS5802849,D,S,T,2024-07-22,1000000.00,4.424473,103.296875
09:48:50,912810UA4,TSRYS5802849,D,S,T,2024-07-22,1000000.00,4.424473,103.296875
09:48:51,912810UA4,TSRYS5802849,D,S,T,2024-07-22,1000000.00,4.424473,103.296875
09:48:51,912810UA4,TSRYS5802849,D,S,T,2024-07-22,1000000.00,4.424827,103.290915625
09:48:51,912810UA4,TSRYS5802849,D,S,D,2024-07-22,1600000.00,4.424473,103.296875
09:48:53,912810UA4,TSRYS5802849,D,B,A,2024-07-22,1000000.00,4.424473,103.296875
09:48:53,912810UA4,TSRYS5802849,D,S,D,2024-07-22,1000000.00,4.424473,103.296875
09:48:56,912810UA4,TSRYS5802849,D,S,D,2024-07-22,1000000.00,4.424821,103.291015625
09:49:02,912810UA4,TSRYS5802849,D,S,C,2024-07-22,1000000.00,4.424473,103.296875
09:49:02,912810UA4,TSRYS5802849,D,S,C,2024-07-22,1000000.00,4.424458,103.297125
09:49:02,912810UA4,TSRYS5802849,D,S,C,2024-07-22,1000000.00,4.424473,103.296875
09:49:02,912810UA4,TSRYS5802849,D,S,C,2024-07-22,1000000.00,4.424461,103.297075
09:49:02,912810UA4,TSRYS5802849,D,S,T,2024-07-22,1000000.00,4.424473,103.296875
09:49:03,912810UA4,TSRYS5802849,D,S,T,2024-07-22,1000000.00,4.424473,103.296875
09:49:03,912810UA4,TSRYS5802849,D,S,T,2024-07-22,1000000.00,4.424473,103.296875
09:49:04,912810UA4,TSRYS5802849,D,S,T,2024-07-22,1000000.00,4.424473,103.296875
09:49:06,912810UA4,TSRYS5802849,D,S,C,2024-07-22,1000000.00,4.424473,103.296875
09:49:06,912810UA4,TSRYS5802849,D,B,A,2024-07-22,1000000.00,4.424473,103.296875
09:49:06,912810UA4,TSRYS5802849,D,B,A,2024-07-22,1000000.00,4.424473,103.296875
09:49:06,912810UA4,TSRYS5802849,D,B,A,2024-07-22,1000000.00,4.424473,103.296875
09:49:16,912810UA4,TSRYS5802849,D,S,T,2024-07-22,1000000.00,4.424473,103.296875
09:49:16,912810UA4,TSRYS5802849,D,B,A,2024-07-22,1000000.00,4.424473,103.296875
09:49:19,912810UA4,TSRYS5802849,D,S,T,2024-07-22,1000000.00,4.424363,103.298728125
09:49:19,912810UA4,TSRYS5802849,D,S,T,2024-07-22,1000000.00,4.424363,103.298728125
09:49:19,912810UA4,TSRYS5802849,D,S,T,2024-07-22,1000000.00,4.424363,103.298728125
09:49:19,912810UA4,TSRYS5802849,D,S,D,2024-07-22,1000000.00,4.424473,103.296875
09:49:33,912810UA4,TSRYS5802849,D,S,C,2024-07-22,1000000.00,4.424467,103.296975
09:49:43,912810UA4,TSRYS5802849,D,S,T,2024-07-22,1000000.00,4.424473,103.296875
09:49:43,912810UA4,TSRYS5802849,D,S,T,2024-07-22,1000000.00,4.424473,103.296875
09:49:44,912810UA4,TSRYS5802849,D,S,T,2024-07-22,1000000.00,4.424016,103.3045875
09:49:44,912810UA4,TSRYS5802849,D,S,T,2024-07-22,1000000.00,4.424016,103.3045875
09:49:44,912810UA4,TSRYS5802849,D,S,D,2024-07-22,1000000.00,4.42401,103.3046875
09:49:44,912810UA4,TSRYS5802849,D,S,T,2024-07-22,1000000.00,4.424491,103.296575
09:49:44,912810UA4,TSRYS5802849,D,S,T,2024-07-22,1000000.00,4.423778,103.30859375
09:49:44,912810UA4,TSRYS5802849,D,S,T,2024-07-22,1000000.00,4.424473,103.296875
09:49:44,912810UA4,TSRYS5802849,D,S,D,2024-07-22,1000000.00,4.42401,103.3046875
09:49:44,912810UA4,TSRYS5802849,D,S,T,2024-07-22,1000000.00,4.424473,103.296875
09:49:45,912810UA4,TSRYS5802849,D,S,T,2024-07-22,1000000.00,4.424473,103.296875
09:49:45,912810UA4,TSRYS5802849,D,S,D,2024-07-22,1000000.00,4.42401,103.3046875
09:49:45,912810UA4,TSRYS5802849,D,S,T,2024-07-22,2000000.00,4.424473,103.296875
09:49:47,912810UA4,TSRYS5802849,D,S,T,2024-07-22,1000000.00,4.423564,103.3122
09:49:48,912810UA4,TSRYS5802849,D,S,D,2024-07-22,1000000.00,4.424473,103.296875
09:49:48,912810UA4,TSRYS5802849,D,S,D,2024-07-22,1000000.00,4.424473,103.296875
09:49:48,912810UA4,TSRYS5802849,D,S,D,2024-07-22,1000000.00,4.424473,103.296875
09:49:48,912810UA4,TSRYS5802849,D,S,C,2024-07-22,1000000.00,4.424473,103.296875
09:49:48,912810UA4,TSRYS5802849,D,B,A,2024-07-22,1000000.00,4.424473,103.296875
09:49:49,912810UA4,TSRYS5802849,D,B,A,2024-07-22,1000000.00,4.424473,103.296875
09:49:49,912810UA4,TSRYS5802849,D,B,A,2024-07-22,1000000.00,4.424473,103.296875
09:49:49,912810UA4,TSRYS5802849,D,B,A,2024-07-22,2000000.00,4.424473,103.296875
09:49:51,912810UA4,TSRYS5802849,D,S,T,2024-07-22,1000000.00,4.423546,103.3125
09:49:51,912810UA4,TSRYS5802849,D,S,T,2024-07-22,1000000.00,4.423546,103.3125
09:49:54,912810UA4,TSRYS5802849,D,S,T,2024-07-22,1000000.00,4.423546,103.3125
09:49:54,912810UA4,TSRYS5802849,D,S,T,2024-07-22,1000000.00,4.423546,103.3125
09:49:55,912810UA4,TSRYS5802849,D,S,D,2024-07-22,1000000.00,4.423315,103.31640625
09:49:55,912810UA4,TSRYS5802849,D,B,C,2024-07-22,1000000.00,4.423315,103.31640625
09:49:56,912810UA4,TSRYS5802849,D,S,T,2024-07-22,1000000.00,4.423546,103.3125
09:49:56,912810UA4,TSRYS5802849,D,S,T,2024-07-22,1000000.00,4.423431,103.314453125
09:49:56,912810UA4,TSRYS5802849,D,S,T,2024-07-22,1000000.00,4.423546,103.3125
09:49:57,912810UA4,TSRYS5802849,D,S,T,2024-07-22,1000000.00,4.423546,103.3125
09:49:57,912810UA4,TSRYS5802849,D,S,T,2024-07-22,1000000.00,4.423546,103.3125
09:49:58,912810UA4,TSRYS5802849,D,B,A,2024-07-22,1000000.00,4.423546,103.3125
09:49:59,912810UA4,TSRYS5802849,D,B,A,2024-07-22,1000000.00,4.423546,103.3125
09:49:59,912810UA4,TSRYS5802849,D,B,A,2024-07-22,1000000.00,4.423546,103.3125
09:49:59,912810UA4,TSRYS5802849,D,B,A,2024-07-22,1000000.00,4.423431,103.314453125
09:50:00,912810UA4,TSRYS5802849,D,B,A,2024-07-22,1000000.00,4.423546,103.3125
09:50:04,912810UA4,TSRYS5802849,D,S,D,2024-07-22,1000000.00,4.423546,103.3125
09:50:08,912810UA4,TSRYS5802849,D,S,D,2024-07-22,1000000.00,4.422157,103.3359375
09:50:10,912810UA4,TSRYS5802849,D,B,C,2024-07-22,1000000.00,4.423431,103.31445312
09:50:13,912810UA4,TSRYS5802849,D,S,D,2024-07-22,1000000.00,4.422157,103.3359375
09:50:14,912810UA4,TSRYS5802849,D,S,D,2024-07-22,1000000.00,4.423546,103.3125
09:50:16,912810UA4,TSRYS5802849,D,B,C,2024-07-22,1000000.00,4.423315,103.31640625
09:50:17,912810UA4,TSRYS5802849,D,S,D,2024-07-22,1000000.00,4.423431,103.31445312
09:50:18,912810UA4,TSRYS5802849,D,S,T,2024-07-22,1000000.00,4.421694,103.34375
09:50:19,912810UA4,TSRYS5802849,D,S,T,2024-07-22,1000000.00,4.422164,103.3358125
09:50:19,912810UA4,TSRYS5802849,D,S,T,2024-07-22,1000000.00,4.422164,103.3358125
09:50:19,912810UA4,TSRYS5802849,D,S,T,2024-07-22,1000000.00,4.422164,103.3358125
09:50:20,912810UA4,TSRYS5802849,D,S,T,2024-07-22,1000000.00,4.422164,103.3358125
09:50:20,912810UA4,TSRYS5802849,D,S,T,2024-07-22,1000000.00,4.421704,103.343573
09:50:21,912810UA4,TSRYS5802849,D,S,D,2024-07-22,1000000.00,4.422157,103.3359375
09:50:21,912810UA4,TSRYS5802849,D,S,D,2024-07-22,1000000.00,4.422157,103.3359375
09:50:21,912810UA4,TSRYS5802849,D,S,D,2024-07-22,1000000.00,4.422157,103.3359375
09:50:21,912810UA4,TSRYS5802849,D,S,D,2024-07-22,1000000.00,4.422157,103.3359375
09:50:21,912810UA4,TSRYS5802849,D,S,T,2024-07-22,1000000.00,4.422163,103.3358375
09:50:21,912810UA4,TSRYS5802849,D,S,D,2024-07-22,1000000.00,4.422157,103.3359375
09:50:21,912810UA4,TSRYS5802849,D,S,D,2024-07-22,1000000.00,4.421694,103.34375
09:50:21,912810UA4,TSRYS5802849,D,S,D,2024-07-22,2000000.00,4.42262,103.328125
09:50:21,912810UA4,TSRYS5802849,D,S,T,2024-07-22,1000000.00,4.42262,103.328125
09:50:22,912810UA4,TSRYS5802849,D,S,D,2024-07-22,1000000.00,4.422157,103.3359375
09:50:22,912810UA4,TSRYS5802849,D,S,D,2024-07-22,2000000.00,4.42262,103.328125
09:50:26,912810UA4,TSRYS5802849,D,S,T,2024-07-22,1000000.00,4.422164,103.3358125
09:50:26,912810UA4,TSRYS5802849,D,S,C,2024-07-22,1000000.00,4.42262,103.328125
09:50:29,912810UA4,TSRYS5802849,D,S,D,2024-07-22,1000000.00,4.422157,103.3359375
09:50:29,912810UA4,TSRYS5802849,D,B,C,2024-07-22,1000000.00,4.422157,103.3359375
09:50:34,912810UA4,TSRYS5802849,D,S,C,2024-07-22,1000000.00,4.424473,103.296875
09:50:34,912810UA4,TSRYS5802849,D,S,C,2024-07-22,1000000.00,4.423536,103.312675
09:50:34,912810UA4,TSRYS5802849,D,B,C,2024-07-22,1000000.00,4.423546,103.3125
09:50:34,912810UA4,TSRYS5802849,D,S,C,2024-07-22,1000000.00,4.423546,103.3125
09:50:34,912810UA4,TSRYS5802849,D,S,C,2024-07-22,1000000.00,4.423546,103.3125
09:50:34,912810UA4,TSRYS5802849,D,S,C,2024-07-22,1000000.00,4.423546,103.3125
09:50:34,912810UA4,TSRYS5802849,D,S,C,2024-07-22,1000000.00,4.423546,103.3125
09:50:34,912810UA4,TSRYS5802849,D,S,C,2024-07-22,1000000.00,4.423546,103.3125
09:50:34,912810UA4,TSRYS5802849,D,B,C,2024-07-22,1000000.00,4.423546,103.3125
09:50:34,912810UA4,TSRYS5802849,D,S,C,2024-07-22,1000000.00,4.423536,103.312675
09:50:34,912810UA4,TSRYS5802849,D,S,C,2024-07-22,1000000.00,4.423536,103.312675
09:50:34,912810UA4,TSRYS5802849,D,S,C,2024-07-22,1000000.00,4.423536,103.312675
09:50:34,912810UA4,TSRYS5802849,D,B,C,2024-07-22,1000000.00,4.423546,103.3125
09:50:34,912810UA4,TSRYS5802849,D,B,C,2024-07-22,1000000.00,4.423546,103.3125
09:50:34,912810UA4,TSRYS5802849,D,S,C,2024-07-22,1000000.00,4.423536,103.312675
09:50:34,912810UA4,TSRYS5802849,D,S,D,2024-07-22,1000000.00,4.423537,103.31265
09:50:37,912810UA4,TSRYS5802849,D,B,C,2024-07-22,1000000.00,4.421925,103.33984375
09:50:37,912810UA4,TSRYS5802849,D,B,C,2024-07-22,1000000.00,4.422157,103.3359375
09:50:39,912810UA4,TSRYS5802849,D,S,T,2024-07-22,1000000.00,4.42262,103.328125
09:50:40,912810UA4,TSRYS5802849,D,S,T,2024-07-22,1000000.00,4.42262,103.328125
09:50:40,912810UA4,TSRYS5802849,D,S,T,2024-07-22,1000000.00,4.42262,103.328125
09:50:40,912810UA4,TSRYS5802849,D,S,T,2024-07-22,1000000.00,4.42262,103.328125
09:50:40,912810UA4,TSRYS5802849,D,S,T,2024-07-22,1000000.00,4.42262,103.328125
09:50:43,912810UA4,TSRYS5802849,D,S,C,2024-07-22,1000000.00,4.42262,103.328125
09:50:43,912810UA4,TSRYS5802849,D,B,A,2024-07-22,1000000.00,4.42262,103.328125
09:50:43,912810UA4,TSRYS5802849,D,B,A,2024-07-22,1000000.00,4.42262,103.328125
09:50:44,912810UA4,TSRYS5802849,D,B,A,2024-07-22,1000000.00,4.42262,103.328125
09:50:44,912810UA4,TSRYS5802849,D,B,A,2024-07-22,1000000.00,4.42262,103.328125
09:50:44,912810UA4,TSRYS5802849,D,B,A,2024-07-22,1000000.00,4.42262,103.328125
09:50:45,912810UA4,TSRYS5802849,D,B,C,2024-07-22,1000000.00,4.422157,103.3359375
09:50:47,912810UA4,TSRYS5802849,D,S,T,2024-07-22,1000000.00,4.423199,103.318359375
09:50:47,912810UA4,TSRYS5802849,D,S,T,2024-07-22,1000000.00,4.423206,103.318234375
09:50:49,912810UA4,TSRYS5802849,D,B,C,2024-07-22,1000000.00,4.423546,103.3125
09:50:49,912810UA4,TSRYS5802849,D,S,C,2024-07-22,1000000.00,4.423536,103.312675
09:50:49,912810UA4,TSRYS5802849,D,S,C,2024-07-22,1000000.00,4.423536,103.312675
09:50:49,912810UA4,TSRYS5802849,D,B,C,2024-07-22,1000000.00,4.423546,103.3125
09:50:49,912810UA4,TSRYS5802849,D,S,C,2024-07-22,1000000.00,4.423536,103.312675
09:50:50,912810UA4,TSRYS5802849,D,S,C,2024-07-22,1000000.00,4.423199,103.318359375
09:51:01,912810UA4,TSRYS5802849,D,S,T,2024-07-22,1000000.00,4.423101,103.3200125
09:51:01,912810UA4,TSRYS5802849,D,S,D,2024-07-22,53300.00,4.422875,103.32381875
09:51:02,912810UA4,TSRYS5802849,D,S,T,2024-07-22,1000000.00,4.42262,103.328125
09:51:03,912810UA4,TSRYS5802849,D,S,D,2024-07-22,1000000.00,4.421925,103.33984375
09:51:03,912810UA4,TSRYS5802849,D,S,T,2024-07-22,1000000.00,4.422633,103.327898
09:51:03,912810UA4,TSRYS5802849,D,S,D,2024-07-22,1000000.00,4.421925,103.33984375
09:51:04,912810UA4,TSRYS5802849,D,S,C,2024-07-22,1000000.00,4.421694,103.34375
09:51:04,912810UA4,TSRYS5802849,D,B,C,2024-07-22,1000000.00,4.421706,103.34355
09:51:04,912810UA4,TSRYS5802849,D,S,C,2024-07-22,1000000.00,4.421694,103.34375
09:51:04,912810UA4,TSRYS5802849,D,B,C,2024-07-22,1000000.00,4.421694,103.34375
09:51:04,912810UA4,TSRYS5802849,D,S,D,2024-07-22,1000000.00,4.421694,103.34375
09:51:09,912810UA4,TSRYS5802849,D,B,C,2024-07-22,1000000.00,4.422388,103.33203125
09:51:21,912810UA4,TSRYS5802849,D,S,T,2024-07-22,2000000.00,4.422628,103.327995
09:51:22,912810UA4,TSRYS5802849,D,B,C,2024-07-22,1000000.00,4.423546,103.3125
09:51:22,912810UA4,TSRYS5802849,D,S,C,2024-07-22,1000000.00,4.423546,103.3125
09:51:22,912810UA4,TSRYS5802849,D,B,C,2024-07-22,1000000.00,4.423546,103.3125
09:51:22,912810UA4,TSRYS5802849,D,S,C,2024-07-22,1000000.00,4.423536,103.312675
09:51:22,912810UA4,TSRYS5802849,D,B,C,2024-07-22,1000000.00,4.42262,103.328125
09:51:22,912810UA4,TSRYS5802849,D,S,C,2024-07-22,1000000.00,4.42262,103.328125
09:51:22,912810UA4,TSRYS5802849,D,S,D,2024-07-22,1000000.00,4.42262,103.328125
09:51:22,912810UA4,TSRYS5802849,D,B,C,2024-07-22,1000000.00,4.422629,103.327973
09:51:30,912810UA4,TSRYS5802849,D,S,T,2024-07-22,1000000.00,4.421346,103.349609375
09:51:30,912810UA4,TSRYS5802849,D,S,T,2024-07-22,1000000.00,4.421694,103.34375
09:51:32,912810UA4,TSRYS5802849,D,S,T,2024-07-22,1000000.00,4.421694,103.34375
09:51:32,912810UA4,TSRYS5802849,D,S,D,2024-07-22,1000000.00,4.421694,103.34375
09:51:34,912810UA4,TSRYS5802849,D,S,C,2024-07-22,1000000.00,4.42262,103.328125
09:51:34,912810UA4,TSRYS5802849,D,B,C,2024-07-22,1000000.00,4.42262,103.328125
09:51:35,912810UA4,TSRYS5802849,D,S,D,2024-07-22,1000000.00,4.421346,103.349609375
09:51:38,912810UA4,TSRYS5802849,D,S,D,2024-07-22,1000000.00,4.421925,103.33984375
09:51:39,912810UA4,TSRYS5802849,D,S,D,2024-07-22,1000000.00,4.421925,103.33984375
09:51:49,912810UA4,TSRYS5802849,D,S,D,2024-07-22,1000000.00,4.42262,103.328125
09:51:49,912810UA4,TSRYS5802849,D,S,D,2024-07-22,2000000.00,4.42262,103.328125
09:51:49,912810UA4,TSRYS5802849,D,S,D,2024-07-22,1000000.00,4.42262,103.328125
09:51:49,912810UA4,TSRYS5802849,D,B,C,2024-07-22,1000000.00,4.42262,103.328125
09:51:49,912810UA4,TSRYS5802849,D,S,D,2024-07-22,1000000.00,4.42262,103.328125
09:51:52,912810UA4,TSRYS5802849,D,B,C,2024-07-22,1000000.00,4.421925,103.33984375
09:51:52,912810UA4,TSRYS5802849,D,B,C,2024-07-22,1000000.00,4.421925,103.33984375
09:51:52,912810UA4,TSRYS5802849,D,B,C,2024-07-22,1000000.00,4.421925,103.33984375
09:51:57,912810UA4,TSRYS5802849,D,S,T,2024-07-22,1000000.00,4.421711,103.34345
09:51:58,912810UA4,TSRYS5802849,D,S,T,2024-07-22,1000000.00,4.421694,103.34375
09:52:02,912810UA4,TSRYS5802849,D,S,D,2024-07-22,2000000.00,4.421694,103.34375
09:52:02,912810UA4,TSRYS5802849,D,S,D,2024-07-22,1000000.00,4.421694,103.34375
09:52:03,912810UA4,TSRYS5802849,D,S,D,2024-07-22,2000000.00,4.421694,103.34375
09:52:03,912810UA4,TSRYS5802849,D,S,D,2024-07-22,1000000.00,4.421694,103.34375
09:52:04,912810UA4,TSRYS5802849,D,S,T,2024-07-22,1000000.00,4.421817,103.341671875
09:52:06,912810UA4,TSRYS5802849,D,B,C,2024-07-22,1000000.00,4.421809,103.341796875
09:52:06,912810UA4,TSRYS5802849,D,S,D,2024-07-22,1000000.00,4.421809,103.341796875
09:52:08,912810UA4,TSRYS5802849,D,B,C,2024-07-22,1000000.00,4.421925,103.33984375
09:52:10,912810UA4,TSRYS5802849,D,S,D,2024-07-22,1000000.00,4.422157,103.3359375
09:52:11,912810UA4,TSRYS5802849,D,S,C,2024-07-22,1000000.00,4.422157,103.3359375
09:52:17,912810UA4,TSRYS5802849,D,S,D,2024-07-22,2000000.00,4.421694,103.34375
09:52:17,912810UA4,TSRYS5802849,D,S,D,2024-07-22,1000000.00,4.421694,103.34375
09:52:18,912810UA4,TSRYS5802849,D,B,C,2024-07-22,1000000.00,4.421694,103.34375
09:52:19,912810UA4,TSRYS5802849,D,B,C,2024-07-22,1000000.00,4.422041,103.33789062
09:52:20,912810UA4,TSRYS5802849,D,S,D,2024-07-22,1000000.00,4.420999,103.35546875
09:52:20,912810UA4,TSRYS5802849,D,S,D,2024-07-22,1000000.00,4.420999,103.35546875
09:52:20,912810UA4,TSRYS5802849,D,S,D,2024-07-22,1000000.00,4.420999,103.35546875
09:52:20,912810UA4,TSRYS5802849,D,B,C,2024-07-22,1000000.00,4.421809,103.34179687
09:52:21,912810UA4,TSRYS5802849,D,S,D,2024-07-22,1000000.00,4.420999,103.35546875
09:52:21,912810UA4,TSRYS5802849,D,S,C,2024-07-22,1000000.00,4.421694,103.34375
09:52:21,912810UA4,TSRYS5802849,D,S,D,2024-07-22,1000000.00,4.420999,103.35546875
09:52:21,912810UA4,TSRYS5802849,D,B,C,2024-07-22,1000000.00,4.421694,103.34375
09:52:24,912810UA4,TSRYS5802849,D,B,C,2024-07-22,1000000.00,4.421694,103.34375
09:52:25,912810UA4,TSRYS5802849,D,S,D,2024-07-22,2000000.00,4.420999,103.35546875
09:52:25,912810UA4,TSRYS5802849,D,S,D,2024-07-22,2000000.00,4.420999,103.35546875
09:52:25,912810UA4,TSRYS5802849,D,S,D,2024-07-22,2000000.00,4.420999,103.35546875
09:52:30,912810UA4,TSRYS5802849,D,S,D,2024-07-22,1000000.00,4.420999,103.35546875
09:52:30,912810UA4,TSRYS5802849,D,B,C,2024-07-22,1000000.00,4.420999,103.35546875
09:52:32,912810UA4,TSRYS5802849,D,S,D,2024-07-22,1000000.00,4.420999,103.35546875
09:52:35,912810UA4,TSRYS5802849,D,S,D,2024-07-22,1000000.00,4.420768,103.359375
09:52:35,912810UA4,TSRYS5802849,D,S,C,2024-07-22,1000000.00,4.421683,103.343925
09:52:35,912810UA4,TSRYS5802849,D,B,C,2024-07-22,1000000.00,4.421694,103.34375
09:52:35,912810UA4,TSRYS5802849,D,S,D,2024-07-22,1000000.00,4.421694,103.34375
09:52:35,912810UA4,TSRYS5802849,D,B,C,2024-07-22,1000000.00,4.421694,103.34375
09:52:35,912810UA4,TSRYS5802849,D,S,D,2024-07-22,1000000.00,4.421685,103.3439
09:52:35,912810UA4,TSRYS5802849,D,S,D,2024-07-22,1000000.00,4.421685,103.3439
09:52:35,912810UA4,TSRYS5802849,D,S,D,2024-07-22,2000000.00,4.420768,103.359375
09:52:36,912810UA4,TSRYS5802849,D,S,D,2024-07-22,1000000.00,4.420768,103.359375
09:52:36,912810UA4,TSRYS5802849,D,S,D,2024-07-22,2000000.00,4.420768,103.359375
09:52:41,912810UA4,TSRYS5802849,D,S,D,2024-07-22,1000000.00,4.420768,103.359375
09:52:45,912810UA4,TSRYS5802849,D,S,D,2024-07-22,1000000.00,4.420768,103.359375
09:52:50,912810UA4,TSRYS5802849,D,S,D,2024-07-22,1000000.00,4.421685,103.3439
09:52:50,912810UA4,TSRYS5802849,D,B,C,2024-07-22,1000000.00,4.421694,103.34375
09:52:52,912810UA4,TSRYS5802849,D,S,T,2024-07-22,1000000.00,4.421711,103.34345
09:52:52,912810UA4,TSRYS5802849,D,S,T,2024-07-22,1000000.00,4.420785,103.359075
09:52:53,912810UA4,TSRYS5802849,D,S,T,2024-07-22,1000000.00,4.420778,103.359198
09:52:57,912810UA4,TSRYS5802849,D,S,D,2024-07-22,1000000.00,4.420536,103.36328125
09:52:58,912810UA4,TSRYS5802849,D,S,D,2024-07-22,1000000.00,4.420536,103.36328125
09:52:58,912810UA4,TSRYS5802849,D,S,D,2024-07-22,1000000.00,4.420536,103.36328125
09:53:00,912810UA4,TSRYS5802849,D,S,C,2024-07-22,10000000.00,4.419842,103.375
09:53:01,912810UA4,TSRYS5802849,D,S,D,2024-07-22,10000000.00,,103.375
09:53:03,912810UA4,TSRYS5802849,D,S,D,2024-07-22,1000000.00,4.420999,103.35546875
09:53:03,912810UA4,TSRYS5802849,D,S,D,2024-07-22,1000000.00,4.420999,103.35546875
09:53:06,912810UA4,TSRYS5802849,D,S,D,2024-07-22,4000000.00,4.425974,103.27157
09:53:06,912810UA4,TSRYS5802849,D,S,C,2024-07-22,1000000.00,4.422157,103.3359375
09:53:06,912810UA4,TSRYS5802849,D,S,D,2024-07-22,1000000.00,4.422157,103.3359375
09:53:06,912810UA4,TSRYS5802849,D,S,C,2024-07-22,1000000.00,4.422157,103.3359375
09:53:08,912810UA4,TSRYS5802849,D,S,D,2024-07-22,1000000.00,4.420999,103.35546875
09:53:10,912810UA4,TSRYS5802849,D,S,C,2024-07-22,50MM+,4.419686,103.37763
09:53:11,912810UA4,TSRYS5802849,D,S,C,2024-07-22,1500000.00,4.420999,103.35546875
09:53:12,912810UA4,TSRYS5802849,D,S,D,2024-07-22,1000000.00,4.422157,103.3359375
09:53:13,912810UA4,TSRYS5802849,D,S,D,2024-07-22,1000000.00,4.421346,103.349609375
09:53:13,912810UA4,TSRYS5802849,D,S,C,2024-07-22,1000000.00,4.421231,103.3515625
09:53:18,912810UA4,TSRYS5802849,D,S,T,2024-07-22,1000000.00,4.420768,103.359375
09:53:24,912810UA4,TSRYS5802849,D,S,T,2024-07-22,1000000.00,4.420778,103.359198
09:53:25,912810UA4,TSRYS5802849,D,S,C,2024-07-22,1000000.00,4.420768,103.359375
09:53:26,912810UA4,TSRYS5802849,D,S,D,2024-07-22,1000000.00,4.420999,103.35546875
09:53:33,912810UA4,TSRYS5802849,D,S,C,2024-07-22,1000000.00,4.420768,103.359375
09:53:33,912810UA4,TSRYS5802849,D,B,C,2024-07-22,1000000.00,4.420768,103.359375
09:53:33,912810UA4,TSRYS5802849,D,S,C,2024-07-22,1000000.00,4.420768,103.359375
09:53:33,912810UA4,TSRYS5802849,D,S,C,2024-07-22,1000000.00,4.420768,103.359375
09:53:33,912810UA4,TSRYS5802849,D,S,C,2024-07-22,1000000.00,4.421694,103.34375
09:53:33,912810UA4,TSRYS5802849,D,B,C,2024-07-22,1000000.00,4.420768,103.359375
09:53:37,912810UA4,TSRYS5802849,D,S,C,2024-07-22,1000000.00,4.420768,103.359375
09:53:40,912810UA4,TSRYS5802849,D,S,D,2024-07-22,1000000.00,4.420999,103.35546875
09:53:42,912810UA4,TSRYS5802849,D,S,T,2024-07-22,1000000.00,4.421346,103.34960937
09:53:42,912810UA4,TSRYS5802849,D,S,T,2024-07-22,1000000.00,4.421231,103.3515625
09:53:44,912810UA4,TSRYS5802849,D,S,C,2024-07-22,100000.00,4.420999,103.35546875
09:53:47,912810UA4,TSRYS5802849,D,S,D,2024-07-22,1000000.00,4.420999,103.35546875
09:53:47,912810UA4,TSRYS5802849,D,S,D,2024-07-22,1000000.00,4.421462,103.34765625
09:53:49,912810UA4,TSRYS5802849,D,S,D,2024-07-22,1000000.00,4.421462,103.34765625
09:53:49,912810UA4,TSRYS5802849,D,S,D,2024-07-22,1000000.00,4.420883,103.35742187
09:53:49,912810UA4,TSRYS5802849,D,S,T,2024-07-22,1000000.00,4.420999,103.35546875
09:53:49,912810UA4,TSRYS5802849,D,S,D,2024-07-22,1000000.00,4.420999,103.35546875
09:53:50,912810UA4,TSRYS5802849,D,S,C,2024-07-22,1000000.00,4.420757,103.35955
09:54:00,912810UA4,TSRYS5802849,D,S,D,2024-07-22,1000000.00,4.421462,103.34765625
09:54:01,912810UA4,TSRYS5802849,D,S,D,2024-07-22,1000000.00,4.421231,103.3515625
09:54:05,912810UA4,TSRYS5802849,D,S,C,2024-07-22,1000000.00,4.420759,103.359525
09:54:05,912810UA4,TSRYS5802849,D,S,C,2024-07-22,1000000.00,4.420768,103.359375
09:54:11,912810UA4,TSRYS5802849,D,B,C,2024-07-22,1000000.00,4.421462,103.34765625
09:54:11,912810UA4,TSRYS5802849,D,S,D,2024-07-22,1000000.00,4.421462,103.34765625
09:54:11,912810UA4,TSRYS5802849,D,S,D,2024-07-22,1000000.00,4.421462,103.34765625
09:54:11,912810UA4,TSRYS5802849,D,B,C,2024-07-22,1000000.00,4.421462,103.34765625
09:54:11,912810UA4,TSRYS5802849,D,S,D,2024-07-22,1000000.00,4.421462,103.34765625
09:54:13,912810UA4,TSRYS5802849,D,S,C,2024-07-22,1000000.00,4.421462,103.34765625
09:54:22,912810UA4,TSRYS5802849,D,S,D,2024-07-22,10000000.00,4.425106,103.2862
09:54:25,912810UA4,TSRYS5802849,D,S,D,2024-07-22,60000.00,4.421438,103.34805625
09:54:33,912810UA4,TSRYS5802849,D,B,C,2024-07-22,1000000.00,4.421694,103.34375
09:54:33,912810UA4,TSRYS5802849,D,S,C,2024-07-22,1000000.00,4.421683,103.343925
09:54:33,912810UA4,TSRYS5802849,D,S,D,2024-07-22,1000000.00,4.421694,103.34375
09:54:33,912810UA4,TSRYS5802849,D,B,C,2024-07-22,1000000.00,4.421694,103.34375
09:54:33,912810UA4,TSRYS5802849,D,S,C,2024-07-22,1000000.00,4.421694,103.34375
09:54:33,912810UA4,TSRYS5802849,D,S,C,2024-07-22,1000000.00,4.421679,103.344
09:54:33,912810UA4,TSRYS5802849,D,B,C,2024-07-22,1000000.00,4.421694,103.34375
09:54:33,912810UA4,TSRYS5802849,D,S,C,2024-07-22,1000000.00,4.421683,103.343925
09:54:33,912810UA4,TSRYS5802849,D,S,D,2024-07-22,1000000.00,4.421694,103.34375
09:54:33,912810UA4,TSRYS5802849,D,S,C,2024-07-22,1000000.00,4.421683,103.343925
09:54:50,912810UA4,TSRYS5802849,D,S,C,2024-07-22,27000000.00,4.427254,103.25
09:54:50,912810UA4,TSRYS5802849,D,S,T,2024-07-22,1000000.00,4.420785,103.359075
09:54:53,912810UA4,TSRYS5802849,D,S,T,2024-07-22,1000000.00,4.420768,103.359375
09:54:54,912810UA4,TSRYS5802849,D,S,T,2024-07-22,1000000.00,4.421706,103.34355
09:54:54,912810UA4,TSRYS5802849,D,S,T,2024-07-22,1000000.00,4.421706,103.34355
09:54:55,912810UA4,TSRYS5802849,D,S,D,2024-07-22,1000000.00,4.420768,103.359375
09:54:55,912810UA4,TSRYS5802849,D,S,C,2024-07-22,45000000.00,4.423323,103.31626
09:54:57,912810UA4,TSRYS5802849,D,S,D,2024-07-22,1000000.00,4.420768,103.359375
09:55:00,912810UA4,TSRYS5802849,D,S,D,2024-07-22,1000000.00,4.420768,103.359375
09:55:01,912810UA4,TSRYS5802849,D,S,T,2024-07-22,1000000.00,4.420768,103.359375
09:55:01,912810UA4,TSRYS5802849,D,S,T,2024-07-22,1000000.00,4.420883,103.35742188
09:55:01,912810UA4,TSRYS5802849,D,S,T,2024-07-22,1000000.00,4.421248,103.3512625
09:55:03,912810UA4,TSRYS5802849,D,S,T,2024-07-22,1000000.00,4.421706,103.34355
09:55:03,912810UA4,TSRYS5802849,D,S,C,2024-07-22,1000000.00,4.421694,103.34375
09:55:05,912810UA4,TSRYS5802849,D,S,T,2024-07-22,1000000.00,4.421706,103.34355
09:55:05,912810UA4,TSRYS5802849,D,S,D,2024-07-22,1000000.00,4.420768,103.359375
09:55:13,912810UA4,TSRYS5802849,D,S,D,2024-07-22,1000000.00,4.420305,103.3671875
09:55:14,912810UA4,TSRYS5802849,D,S,T,2024-07-22,1000000.00,4.421462,103.34765625
09:55:15,912810UA4,TSRYS5802849,D,S,D,2024-07-22,1000000.00,4.421462,103.34765625
09:55:17,912810UA4,TSRYS5802849,D,S,T,2024-07-22,1000000.00,4.420305,103.3671875
09:55:18,912810UA4,TSRYS5802849,D,S,C,2024-07-22,1000000.00,4.420768,103.359375
09:55:20,912810UA4,TSRYS5802849,D,S,T,2024-07-22,1000000.00,4.420768,103.359375
09:55:29,912810UA4,TSRYS5802849,D,S,C,2024-07-22,1000000.00,4.420305,103.3671875
09:55:32,912810UA4,TSRYS5802849,D,S,T,2024-07-22,1000000.00,4.420305,103.3671875
09:55:35,912810UA4,TSRYS5802849,D,S,C,2024-07-22,1000000.00,4.420757,103.35955
09:55:35,912810UA4,TSRYS5802849,D,S,C,2024-07-22,1000000.00,4.420757,103.35955
09:55:35,912810UA4,TSRYS5802849,D,B,C,2024-07-22,2000000.00,4.420768,103.359375
09:55:35,912810UA4,TSRYS5802849,D,B,C,2024-07-22,1000000.00,4.420768,103.359375
09:55:35,912810UA4,TSRYS5802849,D,S,C,2024-07-22,2000000.00,4.420757,103.35955
09:55:35,912810UA4,TSRYS5802849,D,S,C,2024-07-22,1000000.00,4.420757,103.35955
09:55:35,912810UA4,TSRYS5802849,D,B,C,2024-07-22,45000000.00,4.423323,103.31626
09:55:35,912810UA4,TSRYS5802849,D,S,C,2024-07-22,1000000.00,4.420757,103.35955
09:55:35,912810UA4,TSRYS5802849,D,B,C,2024-07-22,1000000.00,4.420768,103.359375
09:55:35,912810UA4,TSRYS5802849,D,S,C,2024-07-22,1000000.00,4.420757,103.35955
09:55:35,912810UA4,TSRYS5802849,D,B,C,2024-07-22,1000000.00,4.420768,103.359375
09:55:35,912810UA4,TSRYS5802849,D,S,C,2024-07-22,1000000.00,4.420768,103.359375
09:55:36,912810UA4,TSRYS5802849,D,S,C,2024-07-22,1000000.00,4.420757,103.35955
09:55:43,912810UA4,TSRYS5802849,D,S,T,2024-07-22,1000000.00,4.419852,103.374823
09:55:47,912810UA4,TSRYS5802849,D,S,D,2024-07-22,1000000.00,4.419842,103.375
09:55:47,912810UA4,TSRYS5802849,D,S,D,2024-07-22,1000000.00,4.420189,103.369140625
09:55:47,912810UA4,TSRYS5802849,D,S,D,2024-07-22,1000000.00,4.420305,103.3671875
09:55:47,912810UA4,TSRYS5802849,D,S,T,2024-07-22,1000000.00,4.420305,103.3671875
09:55:47,912810UA4,TSRYS5802849,D,S,T,2024-07-22,1000000.00,4.420305,103.3671875
09:55:47,912810UA4,TSRYS5802849,D,S,C,2024-07-22,1000000.00,4.420305,103.3671875
09:55:47,912810UA4,TSRYS5802849,D,S,T,2024-07-22,1000000.00,4.420305,103.3671875
09:55:49,912810UA4,TSRYS5802849,D,S,C,2024-07-22,3010000.00,4.420305,103.3671875
09:55:49,912810UA4,TSRYS5802849,D,B,C,2024-07-22,1980000.00,4.420108,103.37069375
09:55:52,912810UA4,TSRYS5802849,D,S,D,2024-07-22,27000000.00,4.427254,103.25
09:55:52,912810UA4,TSRYS5802849,D,S,T,2024-07-22,1000000.00,4.419842,103.375
09:55:52,912810UA4,TSRYS5802849,D,S,T,2024-07-22,1000000.00,4.420189,103.369140625
09:55:52,912810UA4,TSRYS5802849,D,S,C,2024-07-22,27000000.00,4.427254,103.25
09:55:53,912810UA4,TSRYS5802849,D,S,C,2024-07-22,1000000.00,4.42042,103.365234375
09:55:57,912810UA4,TSRYS5802849,D,S,C,2024-07-22,1000000.00,4.42042,103.36523437
09:55:58,912810UA4,TSRYS5802849,D,S,T,2024-07-22,1000000.00,4.420768,103.359375
09:55:58,912810UA4,TSRYS5802849,D,S,T,2024-07-22,1000000.00,4.420768,103.359375
09:55:59,912810UA4,TSRYS5802849,D,S,T,2024-07-22,1000000.00,4.420999,103.35546875
09:55:59,912810UA4,TSRYS5802849,D,S,D,2024-07-22,1000000.00,4.421231,103.3515625
09:56:00,912810UA4,TSRYS5802849,D,S,D,2024-07-22,1000000.00,4.421231,103.3515625
09:56:00,912810UA4,TSRYS5802849,D,S,D,2024-07-22,1000000.00,4.42042,103.36523437
09:56:00,912810UA4,TSRYS5802849,D,S,D,2024-07-22,1000000.00,4.42042,103.36523437
09:56:00,912810UA4,TSRYS5802849,D,S,D,2024-07-22,1000000.00,4.421231,103.3515625
09:56:01,912810UA4,TSRYS5802849,D,S,D,2024-07-22,1000000.00,4.42042,103.36523437
09:56:01,912810UA4,TSRYS5802849,D,S,T,2024-07-22,1000000.00,4.420554,103.36298125
09:56:01,912810UA4,TSRYS5802849,D,S,D,2024-07-22,1000000.00,4.420768,103.359375
09:56:01,912810UA4,TSRYS5802849,D,S,D,2024-07-22,1000000.00,4.420999,103.35546875
09:56:01,912810UA4,TSRYS5802849,D,S,D,2024-07-22,2000000.00,4.420999,103.35546875
09:56:04,912810UA4,TSRYS5802849,D,S,D,2024-07-22,1000000.00,4.420768,103.359375
09:56:04,912810UA4,TSRYS5802849,D,S,D,2024-07-22,1000000.00,4.420999,103.35546875
09:56:04,912810UA4,TSRYS5802849,D,B,C,2024-07-22,1000000.00,4.420999,103.35546875
09:56:04,912810UA4,TSRYS5802849,D,S,D,2024-07-22,1000000.00,4.420999,103.35546875
09:56:19,912810UA4,TSRYS5802849,D,S,D,2024-07-22,1000000.00,4.420189,103.36914062
09:56:19,912810UA4,TSRYS5802849,D,S,C,2024-07-22,1000000.00,4.419842,103.375
09:56:19,912810UA4,TSRYS5802849,D,S,C,2024-07-22,1000000.00,4.419842,103.375
09:56:19,912810UA4,TSRYS5802849,D,S,D,2024-07-22,5000000.00,4.420415,103.36532
09:56:20,912810UA4,TSRYS5802849,D,S,D,2024-07-22,1000000.00,4.420073,103.37109375
09:56:25,912810UA4,TSRYS5802849,D,B,C,2024-07-22,1000000.00,4.420768,103.359375
09:56:25,912810UA4,TSRYS5802849,D,S,D,2024-07-22,1000000.00,4.420768,103.359375
09:56:25,912810UA4,TSRYS5802849,D,S,T,2024-07-22,1000000.00,4.420785,103.359075
09:56:26,912810UA4,TSRYS5802849,D,S,D,2024-07-22,1000000.00,4.421346,103.349609375
09:56:27,912810UA4,TSRYS5802849,D,S,T,2024-07-22,1000000.00,4.421346,103.349609375
09:56:27,912810UA4,TSRYS5802849,D,S,T,2024-07-22,1000000.00,4.421346,103.349609375
09:56:30,912810UA4,TSRYS5802849,D,B,C,2024-07-22,1000000.00,4.420883,103.357421875
09:56:30,912810UA4,TSRYS5802849,D,S,D,2024-07-22,1000000.00,4.420883,103.357421875
09:56:31,912810UA4,TSRYS5802849,D,S,D,2024-07-22,1000000.00,4.420768,103.359375
09:56:31,912810UA4,TSRYS5802849,D,S,D,2024-07-22,1000000.00,4.420768,103.359375
09:56:31,912810UA4,TSRYS5802849,D,S,D,2024-07-22,1000000.00,4.420999,103.35546875
09:56:31,912810UA4,TSRYS5802849,D,B,C,2024-07-22,1000000.00,4.420999,103.35546875
09:56:31,912810UA4,TSRYS5802849,D,S,D,2024-07-22,1000000.00,4.420999,103.35546875
09:56:31,912810UA4,TSRYS5802849,D,S,D,2024-07-22,1000000.00,4.421346,103.349609375
09:56:32,912810UA4,TSRYS5802849,D,S,T,2024-07-22,1000000.00,4.421346,103.349609375
09:56:36,912810UA4,TSRYS5802849,D,S,C,2024-07-22,1000000.00,4.420757,103.35955
09:56:36,912810UA4,TSRYS5802849,D,S,C,2024-07-22,1000000.00,4.420757,103.35955
09:56:36,912810UA4,TSRYS5802849,D,B,C,2024-07-22,1000000.00,4.421694,103.34375
09:56:36,912810UA4,TSRYS5802849,D,S,C,2024-07-22,1000000.00,4.421694,103.34375
09:56:37,912810UA4,TSRYS5802849,D,S,T,2024-07-22,1000000.00,4.420768,103.359375
09:56:37,912810UA4,TSRYS5802849,D,S,T,2024-07-22,1000000.00,4.420768,103.359375
09:56:43,912810UA4,TSRYS5802849,D,S,T,2024-07-22,1000000.00,4.420785,103.359075
09:56:44,912810UA4,TSRYS5802849,D,S,D,2024-07-22,1000000.00,4.420768,103.359375
09:56:47,912810UA4,TSRYS5802849,D,S,T,2024-07-22,1000000.00,4.42042,103.36523437
09:56:56,912810UA4,TSRYS5802849,D,S,D,2024-07-22,1000000.00,4.419842,103.375
09:56:56,912810UA4,TSRYS5802849,D,S,T,2024-07-22,1000000.00,4.419842,103.375
09:57:00,912810UA4,TSRYS5802849,D,S,C,2024-07-22,1835000.00,4.420536,103.36328125
09:57:01,912810UA4,TSRYS5802849,D,S,D,2024-07-22,1000000.00,4.420768,103.359375
09:57:01,912810UA4,TSRYS5802849,D,S,T,2024-07-22,1000000.00,4.420785,103.359075
09:57:01,912810UA4,TSRYS5802849,D,S,D,2024-07-22,1000000.00,4.420999,103.35546875
09:57:05,912810UA4,TSRYS5802849,D,S,C,2024-07-22,1000000.00,4.420768,103.359375
09:57:05,912810UA4,TSRYS5802849,D,S,C,2024-07-22,1000000.00,4.420768,103.359375
09:57:05,912810UA4,TSRYS5802849,D,B,C,2024-07-22,1000000.00,4.420768,103.359375
09:57:05,912810UA4,TSRYS5802849,D,S,D,2024-07-22,1000000.00,4.420768,103.359375
09:57:05,912810UA4,TSRYS5802849,D,S,D,2024-07-22,1000000.00,4.420768,103.359375
09:57:05,912810UA4,TSRYS5802849,D,B,C,2024-07-22,1000000.00,4.420768,103.359375
09:57:05,912810UA4,TSRYS5802849,D,S,C,2024-07-22,1000000.00,4.420757,103.35955
09:57:05,912810UA4,TSRYS5802849,D,B,C,2024-07-22,1000000.00,4.420768,103.359375
09:57:05,912810UA4,TSRYS5802849,D,S,C,2024-07-22,1000000.00,4.420757,103.35955
09:57:05,912810UA4,TSRYS5802849,D,S,C,2024-07-22,1000000.00,4.420757,103.35955
09:57:05,912810UA4,TSRYS5802849,D,S,C,2024-07-22,1000000.00,4.420768,103.359375
09:57:13,912810UA4,TSRYS5802849,D,S,D,2024-07-22,1000000.00,4.420768,103.359375
09:57:19,912810UA4,TSRYS5802849,D,S,C,2024-07-22,1000000.00,4.419842,103.375
09:57:31,912810UA4,TSRYS5802849,D,S,T,2024-07-22,1000000.00,4.420999,103.35546875
09:57:37,912810UA4,TSRYS5802849,D,B,C,2024-07-22,1000000.00,4.419842,103.375
09:57:37,912810UA4,TSRYS5802849,D,S,C,2024-07-22,1000000.00,4.419842,103.375
09:57:37,912810UA4,TSRYS5802849,D,B,C,2024-07-22,1000000.00,4.419842,103.375
09:57:37,912810UA4,TSRYS5802849,D,S,C,2024-07-22,1000000.00,4.419842,103.375
09:57:37,912810UA4,TSRYS5802849,D,B,C,2024-07-22,7635000.00,4.421231,103.3515625
09:57:43,912810UA4,TSRYS5802849,D,S,D,2024-07-22,1000000.00,4.422273,103.333984375
09:57:46,912810UA4,TSRYS5802849,D,S,D,2024-07-22,1000000.00,4.422157,103.3359375
09:57:46,912810UA4,TSRYS5802849,D,B,C,2024-07-22,1000000.00,4.422157,103.3359375
09:57:46,912810UA4,TSRYS5802849,D,S,T,2024-07-22,1000000.00,4.421711,103.34345
09:57:47,912810UA4,TSRYS5802849,D,S,C,2024-07-22,1000000.00,4.421578,103.34570312
09:57:47,912810UA4,TSRYS5802849,D,S,D,2024-07-22,1000000.00,4.420073,103.37109375
09:57:51,912810UA4,TSRYS5802849,D,S,C,2024-07-22,1000000.00,4.420757,103.35955
09:57:51,912810UA4,TSRYS5802849,D,B,C,2024-07-22,1000000.00,4.420768,103.359375
09:58:17,912810UA4,TSRYS5802849,D,S,C,2024-07-22,10000000.00,4.422133,103.3363375
09:58:20,912810UA4,TSRYS5802849,D,B,C,2024-07-22,2480000.00,4.421925,103.33984375
09:58:20,912810UA4,TSRYS5802849,D,S,C,2024-07-22,1000000.00,4.421694,103.34375
09:58:24,912810UA4,TSRYS5802849,D,S,T,2024-07-22,1000000.00,4.421694,103.34375
09:58:24,912810UA4,TSRYS5802849,D,S,T,2024-07-22,1000000.00,4.421694,103.34375
09:58:32,912810UA4,TSRYS5802849,D,B,C,2024-07-22,1000000.00,4.422157,103.3359375
09:58:50,912810UA4,TSRYS5802849,D,S,D,2024-07-22,1000000.00,4.421694,103.34375
09:58:50,912810UA4,TSRYS5802849,D,S,C,2024-07-22,1000000.00,4.421694,103.34375
09:58:56,912810UA4,TSRYS5802849,D,B,C,2024-07-22,1000000.00,4.422041,103.33789062
09:58:56,912810UA4,TSRYS5802849,D,B,C,2024-07-22,1000000.00,4.421925,103.33984375
09:58:56,912810UA4,TSRYS5802849,D,B,C,2024-07-22,1000000.00,4.421694,103.34375
09:59:01,912810UA4,TSRYS5802849,D,S,T,2024-07-22,1000000.00,4.421943,103.33954375
09:59:13,912810UA4,TSRYS5802849,D,B,C,2024-07-22,1000000.00,4.421925,103.33984375
10:00:05,912810UA4,TSRYS5802849,D,S,T,2024-07-22,1000000.00,4.421711,103.34345
10:00:09,912810UA4,TSRYS5802849,D,S,T,2024-07-22,1000000.00,4.421694,103.34375
10:00:12,912810UA4,TSRYS5802849,D,B,C,2024-07-22,1000000.00,4.421925,103.33984375
10:00:13,912810UA4,TSRYS5802849,D,B,C,2024-07-22,1425000.00,4.421462,103.34765625
10:00:14,912810UA4,TSRYS5802849,D,S,D,2024-07-22,1000000.00,4.421925,103.33984375
10:00:21,912810UA4,TSRYS5802849,D,S,D,2024-07-22,1000000.00,4.421694,103.34375
10:00:21,912810UA4,TSRYS5802849,D,S,D,2024-07-22,1000000.00,4.421694,103.34375
10:00:25,912810UA4,TSRYS5802849,D,S,C,2024-07-22,1000000.00,4.421231,103.3515625
10:00:25,912810UA4,TSRYS5802849,D,S,C,2024-07-22,1000000.00,4.421694,103.34375
10:00:25,912810UA4,TSRYS5802849,D,S,C,2024-07-22,1000000.00,4.421694,103.34375
10:00:26,912810UA4,TSRYS5802849,D,S,D,2024-07-22,1000000.00,4.421694,103.34375
10:00:29,912810UA4,TSRYS5802849,D,S,D,2024-07-22,1000000.00,4.42262,103.328125
10:00:35,912810UA4,TSRYS5802849,D,S,C,2024-07-22,1000000.00,4.421694,103.34375
10:00:35,912810UA4,TSRYS5802849,D,S,D,2024-07-22,1000000.00,4.421694,103.34375
10:00:36,912810UA4,TSRYS5802849,D,S,T,2024-07-22,1000000.00,4.422632,103.327925
10:00:39,912810UA4,TSRYS5802849,D,B,C,2024-07-22,1000000.00,4.421346,103.349609375
10:00:39,912810UA4,TSRYS5802849,D,S,D,2024-07-22,1000000.00,4.421346,103.349609375
10:00:49,912810UA4,TSRYS5802849,D,S,T,2024-07-22,1000000.00,4.420768,103.359375
10:00:49,912810UA4,TSRYS5802849,D,S,T,2024-07-22,1000000.00,4.420768,103.359375
10:00:51,912810UA4,TSRYS5802849,D,S,D,2024-07-22,1000000.00,4.420768,103.359375
10:00:51,912810UA4,TSRYS5802849,D,S,D,2024-07-22,1000000.00,4.420768,103.359375
10:00:51,912810UA4,TSRYS5802849,D,S,D,2024-07-22,1000000.00,4.420768,103.359375
10:00:51,912810UA4,TSRYS5802849,D,S,D,2024-07-22,1000000.00,4.420768,103.359375
10:00:51,912810UA4,TSRYS5802849,D,S,D,2024-07-22,1000000.00,4.420768,103.359375
10:00:53,912810UA4,TSRYS5802849,D,S,T,2024-07-22,1000000.00,4.421231,103.3515625
10:00:53,912810UA4,TSRYS5802849,D,S,D,2024-07-22,1000000.00,4.421231,103.3515625
10:01:05,912810UA4,TSRYS5802849,D,B,C,2024-07-22,1000000.00,4.42262,103.328125
10:01:05,912810UA4,TSRYS5802849,D,S,C,2024-07-22,1000000.00,4.42262,103.328125
10:01:05,912810UA4,TSRYS5802849,D,S,C,2024-07-22,1000000.00,4.42262,103.328125
10:01:06,912810UA4,TSRYS5802849,D,S,C,2024-07-22,1000000.00,4.421694,103.34375
10:01:16,912810UA4,TSRYS5802849,D,S,D,2024-07-22,24000000.00,4.421246,103.3513
10:01:17,912810UA4,TSRYS5802849,D,S,C,2024-07-22,1000000.00,4.421462,103.34765625
10:01:20,912810UA4,TSRYS5802849,D,S,D,2024-07-22,1000000.00,4.419726,103.376953125
10:01:20,912810UA4,TSRYS5802849,D,S,T,2024-07-22,1000000.00,4.41986,103.3747
10:01:21,912810UA4,TSRYS5802849,D,S,D,2024-07-22,1000000.00,4.41961,103.37890625
10:01:21,912810UA4,TSRYS5802849,D,S,T,2024-07-22,1000000.00,4.41986,103.3747
10:01:22,912810UA4,TSRYS5802849,D,S,T,2024-07-22,1000000.00,4.418927,103.390448
10:01:24,912810UA4,TSRYS5802849,D,S,T,2024-07-22,1000000.00,4.419842,103.375
10:01:24,912810UA4,TSRYS5802849,D,S,T,2024-07-22,1000000.00,4.419842,103.375
10:01:25,912810UA4,TSRYS5802849,D,S,C,2024-07-22,1000000.00,4.421231,103.3515625
10:01:25,912810UA4,TSRYS5802849,D,S,T,2024-07-22,1000000.00,4.421694,103.34375
10:01:25,912810UA4,TSRYS5802849,D,S,C,2024-07-22,1000000.00,4.421346,103.34960937
10:01:25,912810UA4,TSRYS5802849,D,S,D,2024-07-22,1000000.00,4.421694,103.34375
10:01:26,912810UA4,TSRYS5802849,D,S,T,2024-07-22,1000000.00,4.421694,103.34375
10:01:28,912810UA4,TSRYS5802849,D,S,T,2024-07-22,1000000.00,4.421694,103.34375
10:01:29,912810UA4,TSRYS5802849,D,S,T,2024-07-22,1000000.00,4.419842,103.375
10:01:29,912810UA4,TSRYS5802849,D,S,T,2024-07-22,1000000.00,4.418916,103.390625
10:01:29,912810UA4,TSRYS5802849,D,S,T,2024-07-22,1000000.00,4.418916,103.390625
10:01:34,912810UA4,TSRYS5802849,D,S,D,2024-07-22,1000000.00,4.420536,103.36328125
10:01:37,912810UA4,TSRYS5802849,D,S,C,2024-07-22,1000000.00,4.420768,103.359375
10:01:37,912810UA4,TSRYS5802849,D,S,C,2024-07-22,1000000.00,4.420768,103.359375
10:01:39,912810UA4,TSRYS5802849,D,S,D,2024-07-22,1000000.00,4.419842,103.375
10:01:39,912810UA4,TSRYS5802849,D,S,D,2024-07-22,1000000.00,4.421694,103.34375
10:02:00,912810UA4,TSRYS5802849,D,S,D,2024-07-22,1000000.00,4.420768,103.359375
10:02:00,912810UA4,TSRYS5802849,D,S,C,2024-07-22,1000000.00,4.420768,103.359375
10:02:00,912810UA4,TSRYS5802849,D,S,T,2024-07-22,1000000.00,4.420768,103.359375
10:02:00,912810UA4,TSRYS5802849,D,S,T,2024-07-22,1000000.00,4.420768,103.359375
10:02:02,912810UA4,TSRYS5802849,D,S,D,2024-07-22,1000000.00,4.420768,103.359375
10:02:02,912810UA4,TSRYS5802849,D,S,T,2024-07-22,1000000.00,4.421706,103.34355
10:02:02,912810UA4,TSRYS5802849,D,S,D,2024-07-22,1000000.00,4.421694,103.34375
10:02:03,912810UA4,TSRYS5802849,D,S,D,2024-07-22,1000000.00,4.420768,103.359375
10:02:03,912810UA4,TSRYS5802849,D,S,D,2024-07-22,1000000.00,4.421694,103.34375
10:02:05,912810UA4,TSRYS5802849,D,S,D,2024-07-22,1000000.00,4.420768,103.359375
10:02:06,912810UA4,TSRYS5802849,D,S,D,2024-07-22,1000000.00,4.419495,103.380859375
10:02:06,912810UA4,TSRYS5802849,D,S,T,2024-07-22,1000000.00,4.419379,103.3828125
10:02:06,912810UA4,TSRYS5802849,D,S,D,2024-07-22,1000000.00,4.418916,103.390625
10:02:08,912810UA4,TSRYS5802849,D,S,C,2024-07-22,1000000.00,4.41961,103.37890625
10:02:09,912810UA4,TSRYS5802849,D,S,T,2024-07-22,1000000.00,4.420768,103.359375
10:02:09,912810UA4,TSRYS5802849,D,S,T,2024-07-22,1000000.00,4.420768,103.359375
10:02:09,912810UA4,TSRYS5802849,D,S,D,2024-07-22,1000000.00,4.419379,103.3828125
10:02:09,912810UA4,TSRYS5802849,D,S,D,2024-07-22,1000000.00,4.419842,103.375
10:02:10,912810UA4,TSRYS5802849,D,S,T,2024-07-22,1000000.00,4.420768,103.359375
10:02:11,912810UA4,TSRYS5802849,D,S,D,2024-07-22,1000000.00,4.419379,103.3828125
10:02:12,912810UA4,TSRYS5802849,D,S,T,2024-07-22,1000000.00,4.419495,103.380859375
10:02:14,912810UA4,TSRYS5802849,D,B,A,2024-07-22,2000000.00,4.419621,103.37890625
10:02:14,912810UA4,TSRYS5802849,D,S,D,2024-07-22,3000000.00,4.41961,103.37890625
10:02:14,912810UA4,TSRYS5802849,D,S,T,2024-07-22,1000000.00,4.418934,103.390325
10:02:17,912810UA4,TSRYS5802849,D,S,D,2024-07-22,1000000.00,4.419495,103.380859375
10:02:22,912810UA4,TSRYS5802849,D,S,C,2024-07-22,1000000.00,4.419842,103.375
10:02:22,912810UA4,TSRYS5802849,D,S,C,2024-07-22,1000000.00,4.419842,103.375
10:02:22,912810UA4,TSRYS5802849,D,S,C,2024-07-22,1000000.00,4.419842,103.375
10:02:22,912810UA4,TSRYS5802849,D,S,D,2024-07-22,1000000.00,4.419842,103.375
10:02:22,912810UA4,TSRYS5802849,D,B,C,2024-07-22,1000000.00,4.418916,103.390625
10:02:22,912810UA4,TSRYS5802849,D,S,C,2024-07-22,1000000.00,4.418906,103.3908
10:02:37,912810UA4,TSRYS5802849,D,S,C,2024-07-22,1000000.00,4.418906,103.3908
10:02:37,912810UA4,TSRYS5802849,D,S,C,2024-07-22,1000000.00,4.419842,103.375
10:02:37,912810UA4,TSRYS5802849,D,B,C,2024-07-22,1000000.00,4.418916,103.390625
10:02:37,912810UA4,TSRYS5802849,D,S,C,2024-07-22,1000000.00,4.418906,103.3908
10:02:37,912810UA4,TSRYS5802849,D,S,C,2024-07-22,1000000.00,4.418906,103.3908
10:02:37,912810UA4,TSRYS5802849,D,B,C,2024-07-22,1000000.00,4.418928,103.390425
10:02:37,912810UA4,TSRYS5802849,D,S,C,2024-07-22,1000000.00,4.418906,103.3908
10:02:37,912810UA4,TSRYS5802849,D,S,C,2024-07-22,1000000.00,4.418906,103.3908
10:02:45,912810UA4,TSRYS5802849,D,S,D,2024-07-22,6000000.00,4.419896,103.37408
10:02:47,912810UA4,TSRYS5802849,D,S,D,2024-07-22,600000.00,4.419147,103.38671875
10:02:48,912810UA4,TSRYS5802849,D,S,T,2024-07-22,1000000.00,4.418008,103.40595
10:02:49,912810UA4,TSRYS5802849,D,S,T,2024-07-22,1000000.00,4.418001,103.406073
10:02:51,912810UA4,TSRYS5802849,D,S,C,2024-07-22,100000.00,4.418222,103.40234375
10:02:52,912810UA4,TSRYS5802849,D,S,C,2024-07-22,900000.00,4.418222,103.40234375
10:02:52,912810UA4,TSRYS5802849,D,S,C,2024-07-22,1000000.00,4.418904,103.390825
10:02:52,912810UA4,TSRYS5802849,D,S,C,2024-07-22,1000000.00,4.418904,103.390825
10:02:52,912810UA4,TSRYS5802849,D,B,C,2024-07-22,1000000.00,4.418916,103.390625
10:03:02,912810UA4,TSRYS5802849,D,S,T,2024-07-22,1000000.00,4.419165,103.38641875
10:03:29,912810UA4,TSRYS5802849,D,S,C,2024-07-22,10700000.00,4.418661,103.39493125
10:03:34,912810UA4,TSRYS5802849,D,B,C,2024-07-22,1000000.00,4.418685,103.39453125
10:03:34,912810UA4,TSRYS5802849,D,S,D,2024-07-22,1000000.00,4.418685,103.39453125
10:03:36,912810UA4,TSRYS5802849,D,S,A,2024-07-22,1000000.00,4.418927,103.390625
10:03:38,912810UA4,TSRYS5802849,D,S,D,2024-07-22,1000000.00,4.417991,103.40625
10:03:38,912810UA4,TSRYS5802849,D,S,D,2024-07-22,1000000.00,4.417991,103.40625
10:03:41,912810UA4,TSRYS5802849,D,B,C,2024-07-22,1000000.00,4.418338,103.400390625
10:03:41,912810UA4,TSRYS5802849,D,S,D,2024-07-22,1000000.00,4.418338,103.400390625
10:03:47,912810UA4,TSRYS5802849,D,S,D,2024-07-22,1000000.00,4.419379,103.3828125
10:03:53,912810UA4,TSRYS5802849,D,B,C,2024-07-22,1000000.00,4.418916,103.390625
10:03:53,912810UA4,TSRYS5802849,D,S,C,2024-07-22,1000000.00,4.418916,103.390625
10:04:06,912810UA4,TSRYS5802849,D,S,D,2024-07-22,250000.00,4.419147,103.38671875
10:04:25,912810UA4,TSRYS5802849,D,S,C,2024-07-22,1000000.00,4.418916,103.390625
10:04:25,912810UA4,TSRYS5802849,D,B,C,2024-07-22,1000000.00,4.418916,103.390625
10:04:39,912810UA4,TSRYS5802849,D,S,D,2024-07-22,1000000.00,4.418916,103.390625
10:04:39,912810UA4,TSRYS5802849,D,B,C,2024-07-22,1000000.00,4.418916,103.390625
10:04:39,912810UA4,TSRYS5802849,D,S,C,2024-07-22,1000000.00,4.418916,103.390625
10:04:39,912810UA4,TSRYS5802849,D,B,C,2024-07-22,1000000.00,4.418916,103.390625
10:04:54,912810UA4,TSRYS5802849,D,B,C,2024-07-22,1000000.00,4.418916,103.390625
10:04:54,912810UA4,TSRYS5802849,D,S,D,2024-07-22,1000000.00,4.418916,103.390625
10:04:56,912810UA4,TSRYS5802849,D,B,C,2024-07-22,1000000.00,4.418453,103.3984375
10:04:56,912810UA4,TSRYS5802849,D,S,D,2024-07-22,1000000.00,4.418453,103.3984375
10:05:06,912810UA4,TSRYS5802849,D,S,T,2024-07-22,1000000.00,4.417083,103.421575
10:05:06,912810UA4,TSRYS5802849,D,S,T,2024-07-22,1000000.00,4.417076,103.421698
10:05:06,912810UA4,TSRYS5802849,D,S,D,2024-07-22,1000000.00,4.417991,103.40625
10:05:06,912810UA4,TSRYS5802849,D,B,C,2024-07-22,1000000.00,4.417991,103.40625
10:05:09,912810UA4,TSRYS5802849,D,B,C,2024-07-22,23700000.00,4.420837,103.35820390044
10:05:11,912810UA4,TSRYS5802849,D,B,C,2024-07-22,1425000.00,4.417065,103.421875
10:05:28,912810UA4,TSRYS5802849,D,S,D,2024-07-22,1000000.00,4.417991,103.40625
10:05:29,912810UA4,TSRYS5802849,D,S,D,2024-07-22,1000000.00,4.417991,103.40625
10:05:40,912810UA4,TSRYS5802849,D,S,D,2024-07-22,1000000.00,4.417991,103.40625
10:05:40,912810UA4,TSRYS5802849,D,B,C,2024-07-22,1000000.00,4.417991,103.40625
10:05:40,912810UA4,TSRYS5802849,D,S,C,2024-07-22,1000000.00,4.417065,103.421875
10:05:40,912810UA4,TSRYS5802849,D,B,C,2024-07-22,1000000.00,4.41708,103.421625
10:05:40,912810UA4,TSRYS5802849,D,S,C,2024-07-22,1000000.00,4.417065,103.421875
10:05:48,912810UA4,TSRYS5802849,D,S,T,2024-07-22,1000000.00,4.417083,103.421575
10:05:52,912810UA4,TSRYS5802849,D,B,C,2024-07-22,1000000.00,4.417991,103.40625
10:05:52,912810UA4,TSRYS5802849,D,S,C,2024-07-22,1000000.00,4.41798,103.406425
10:06:00,912810UA4,TSRYS5802849,D,B,C,2024-07-22,1425000.00,4.416603,103.4296875
10:06:07,912810UA4,TSRYS5802849,D,S,C,2024-07-22,1000000.00,4.417065,103.421875
10:06:07,912810UA4,TSRYS5802849,D,B,C,2024-07-22,1000000.00,4.417065,103.421875
10:06:07,912810UA4,TSRYS5802849,D,S,D,2024-07-22,1000000.00,4.417065,103.421875
10:06:07,912810UA4,TSRYS5802849,D,S,T,2024-07-22,3000000.00,4.414984,103.45703125
10:06:22,912810UA4,TSRYS5802849,D,S,D,2024-07-22,1000000.00,4.416718,103.42773437
10:06:24,912810UA4,TSRYS5802849,D,S,D,2024-07-22,1000000.00,4.417065,103.421875
10:06:24,912810UA4,TSRYS5802849,D,B,C,2024-07-22,1000000.00,4.417083,103.421575
10:06:24,912810UA4,TSRYS5802849,D,S,D,2024-07-22,1000000.00,4.417065,103.421875
10:06:24,912810UA4,TSRYS5802849,D,S,D,2024-07-22,1000000.00,4.417065,103.421875
10:06:24,912810UA4,TSRYS5802849,D,B,C,2024-07-22,1000000.00,4.417065,103.421875
10:06:26,912810UA4,TSRYS5802849,D,S,C,2024-07-22,12000000.00,4.421225,103.35166
10:06:46,912810UA4,TSRYS5802849,D,S,T,2024-07-22,1000000.00,4.417991,103.40625
10:06:47,912810UA4,TSRYS5802849,D,S,D,2024-07-22,1000000.00,4.417991,103.40625
10:07:08,912810UA4,TSRYS5802849,D,S,D,2024-07-22,1000000.00,4.417065,103.421875
10:07:08,912810UA4,TSRYS5802849,D,B,C,2024-07-22,1000000.00,4.417065,103.421875
10:07:08,912810UA4,TSRYS5802849,D,S,C,2024-07-22,1000000.00,4.417991,103.40625
10:07:20,912810UA4,TSRYS5802849,D,S,T,2024-07-22,1000000.00,4.419842,103.375
10:07:20,912810UA4,TSRYS5802849,D,S,T,2024-07-22,1000000.00,4.419957,103.373046875
10:07:22,912810UA4,TSRYS5802849,D,S,C,2024-07-22,1000000.00,4.41961,103.37890625
10:07:22,912810UA4,TSRYS5802849,D,B,C,2024-07-22,1000000.00,4.41961,103.37890625
10:07:25,912810UA4,TSRYS5802849,D,S,C,2024-07-22,1000000.00,4.419842,103.375
10:07:47,912810UA4,TSRYS5802849,D,B,C,2024-07-22,1000000.00,4.419495,103.380859375
10:07:47,912810UA4,TSRYS5802849,D,S,D,2024-07-22,1000000.00,4.419495,103.380859375
10:07:50,912810UA4,TSRYS5802849,D,B,C,2024-07-22,1000000.00,4.419263,103.384765625
10:07:50,912810UA4,TSRYS5802849,D,S,D,2024-07-22,1000000.00,4.419263,103.384765625
10:07:51,912810UA4,TSRYS5802849,D,B,C,2024-07-22,1000000.00,4.419263,103.384765625
10:07:51,912810UA4,TSRYS5802849,D,S,D,2024-07-22,1000000.00,4.419263,103.384765625
10:07:51,912810UA4,TSRYS5802849,D,B,C,2024-07-22,1000000.00,4.419263,103.384765625
10:07:51,912810UA4,TSRYS5802849,D,S,D,2024-07-22,1000000.00,4.419263,103.384765625
10:07:51,912810UA4,TSRYS5802849,D,B,C,2024-07-22,1000000.00,4.419263,103.384765625
10:07:51,912810UA4,TSRYS5802849,D,S,D,2024-07-22,1000000.00,4.419263,103.384765625
10:08:03,912810UA4,TSRYS5802849,D,S,T,2024-07-22,1000000.00,4.419263,103.384765625
10:08:03,912810UA4,TSRYS5802849,D,S,T,2024-07-22,1000000.00,4.419263,103.384765625
10:08:08,912810UA4,TSRYS5802849,D,S,T,2024-07-22,1000000.00,4.418916,103.390625
10:08:08,912810UA4,TSRYS5802849,D,S,T,2024-07-22,1000000.00,4.418934,103.390325
10:08:08,912810UA4,TSRYS5802849,D,S,D,2024-07-22,1000000.00,4.419379,103.3828125
10:08:08,912810UA4,TSRYS5802849,D,B,C,2024-07-22,1000000.00,4.419379,103.3828125
10:08:12,912810UA4,TSRYS5802849,D,S,T,2024-07-22,1000000.00,4.418916,103.390625
10:08:12,912810UA4,TSRYS5802849,D,S,T,2024-07-22,1000000.00,4.418916,103.390625
10:08:12,912810UA4,TSRYS5802849,D,S,T,2024-07-22,1000000.00,4.418916,103.390625
10:08:13,912810UA4,TSRYS5802849,D,S,D,2024-07-22,1000000.00,4.418916,103.390625
10:08:13,912810UA4,TSRYS5802849,D,B,C,2024-07-22,1000000.00,4.419726,103.37695312
10:08:13,912810UA4,TSRYS5802849,D,B,C,2024-07-22,1000000.00,4.419726,103.37695312
10:08:16,912810UA4,TSRYS5802849,D,S,D,2024-07-22,1000000.00,4.417759,103.41015625
10:08:16,912810UA4,TSRYS5802849,D,S,D,2024-07-22,1000000.00,4.417759,103.41015625
10:08:17,912810UA4,TSRYS5802849,D,S,D,2024-07-22,1000000.00,4.417991,103.40625
10:08:17,912810UA4,TSRYS5802849,D,B,C,2024-07-22,1000000.00,4.417991,103.40625
10:08:17,912810UA4,TSRYS5802849,D,S,T,2024-07-22,1000000.00,4.417991,103.40625
10:08:18,912810UA4,TSRYS5802849,D,S,D,2024-07-22,1000000.00,4.418453,103.3984375
10:08:18,912810UA4,TSRYS5802849,D,B,C,2024-07-22,1000000.00,4.419379,103.3828125
10:08:19,912810UA4,TSRYS5802849,D,S,D,2024-07-22,1000000.00,4.418453,103.3984375
10:08:19,912810UA4,TSRYS5802849,D,S,D,2024-07-22,1000000.00,4.418453,103.3984375
10:08:36,912810UA4,TSRYS5802849,D,B,C,2024-07-22,1000000.00,4.419032,103.38867187
10:08:40,912810UA4,TSRYS5802849,D,S,D,2024-07-22,1000000.00,4.418916,103.390625
10:08:40,912810UA4,TSRYS5802849,D,S,D,2024-07-22,1000000.00,4.418916,103.390625
10:08:40,912810UA4,TSRYS5802849,D,B,C,2024-07-22,1000000.00,4.418916,103.390625
10:08:40,912810UA4,TSRYS5802849,D,S,D,2024-07-22,1000000.00,4.418916,103.390625
10:08:40,912810UA4,TSRYS5802849,D,B,C,2024-07-22,1000000.00,4.418916,103.390625
10:08:40,912810UA4,TSRYS5802849,D,S,D,2024-07-22,1000000.00,4.418916,103.390625
10:08:40,912810UA4,TSRYS5802849,D,S,D,2024-07-22,1000000.00,4.418916,103.390625
10:08:40,912810UA4,TSRYS5802849,D,B,C,2024-07-22,1000000.00,4.418928,103.390425
10:08:47,912810UA4,TSRYS5802849,D,S,D,2024-07-22,9000000.00,4.418312,103.40083
10:08:53,912810UA4,TSRYS5802849,D,S,T,2024-07-22,1000000.00,4.417759,103.41015625
10:08:54,912810UA4,TSRYS5802849,D,S,C,2024-07-22,1000000.00,4.417759,103.41015625
10:08:54,912810UA4,TSRYS5802849,D,S,T,2024-07-22,1000000.00,4.417759,103.41015625
10:08:55,912810UA4,TSRYS5802849,D,S,D,2024-07-22,1000000.00,4.417991,103.40625
10:08:55,912810UA4,TSRYS5802849,D,B,C,2024-07-22,1000000.00,4.417991,103.40625
10:08:55,912810UA4,TSRYS5802849,D,B,C,2024-07-22,3000000.00,4.417991,103.40625
10:08:55,912810UA4,TSRYS5802849,D,S,D,2024-07-22,3000000.00,4.417991,103.40625
10:08:55,912810UA4,TSRYS5802849,D,S,D,2024-07-22,1000000.00,4.417991,103.40625
10:08:55,912810UA4,TSRYS5802849,D,S,D,2024-07-22,1000000.00,4.417991,103.40625
10:08:55,912810UA4,TSRYS5802849,D,B,C,2024-07-22,1000000.00,4.417991,103.40625
10:08:55,912810UA4,TSRYS5802849,D,S,D,2024-07-22,1000000.00,4.417991,103.40625
10:08:55,912810UA4,TSRYS5802849,D,S,D,2024-07-22,1000000.00,4.417991,103.40625
10:08:55,912810UA4,TSRYS5802849,D,B,C,2024-07-22,1000000.00,4.417991,103.40625
10:09:02,912810UA4,TSRYS5802849,D,S,T,2024-07-22,1000000.00,4.419165,103.38641875
10:09:09,912810UA4,TSRYS5802849,D,S,D,2024-07-22,1000000.00,4.418453,103.3984375
10:09:15,912810UA4,TSRYS5802849,D,S,C,2024-07-22,1000000.00,4.419147,103.38671875
10:09:22,912810UA4,TSRYS5802849,D,S,T,2024-07-22,1000000.00,4.41986,103.3747
10:09:24,912810UA4,TSRYS5802849,D,S,C,2024-07-22,1000000.00,4.418916,103.390625
10:09:24,912810UA4,TSRYS5802849,D,B,C,2024-07-22,2000000.00,4.418916,103.390625
10:09:24,912810UA4,TSRYS5802849,D,S,D,2024-07-22,2000000.00,4.418916,103.390625
10:09:24,912810UA4,TSRYS5802849,D,B,C,2024-07-22,1000000.00,4.418916,103.390625
10:09:24,912810UA4,TSRYS5802849,D,S,D,2024-07-22,1000000.00,4.418916,103.390625
10:09:28,912810UA4,TSRYS5802849,D,S,C,2024-07-22,1000000.00,4.418453,103.3984375
10:09:30,912810UA4,TSRYS5802849,D,S,T,2024-07-22,1000000.00,4.418453,103.3984375
10:09:39,912810UA4,TSRYS5802849,D,S,C,2024-07-22,1000000.00,4.418453,103.3984375
10:09:42,912810UA4,TSRYS5802849,D,S,D,2024-07-22,1000000.00,4.418916,103.390625
10:09:42,912810UA4,TSRYS5802849,D,S,D,2024-07-22,1000000.00,4.418916,103.390625
10:09:42,912810UA4,TSRYS5802849,D,B,C,2024-07-22,1000000.00,4.418916,103.390625
10:09:42,912810UA4,TSRYS5802849,D,B,C,2024-07-22,1000000.00,4.418922,103.390525
10:09:45,912810UA4,TSRYS5802849,D,B,A,2024-07-22,3000000.00,4.418916,103.390625
10:09:45,912810UA4,TSRYS5802849,D,S,C,2024-07-22,1000000.00,4.418685,103.39453125
10:09:45,912810UA4,TSRYS5802849,D,S,T,2024-07-22,2000000.00,4.418922,103.390525
10:09:45,912810UA4,TSRYS5802849,D,S,T,2024-07-22,1000000.00,4.418922,103.390525
10:09:46,912810UA4,TSRYS5802849,D,S,D,2024-07-22,1000000.00,4.418685,103.39453125
10:09:46,912810UA4,TSRYS5802849,D,S,D,2024-07-22,1000000.00,4.419379,103.3828125
10:09:47,912810UA4,TSRYS5802849,D,S,D,2024-07-22,1000000.00,4.419379,103.3828125
