tradeTime,cusip,issueSymbolIdentifier,priceType,reportingSideCode,contraPartyTypeCode,tradeDate,reportedTradeVolume,lastSaleYield,lastSalePrice
08:00:03,912810TX6,TSRYS5743665,D,S,T,2024-04-17,1000000.00,4.777442,91.654296875
08:00:07,912810TX6,TSRYS5743665,D,S,D,2024-04-17,1000000.00,4.767723,91.798828125
08:00:07,912810TX6,TSRYS5743665,D,S,D,2024-04-17,1000000.00,4.753579,92.009765625
08:00:07,912810TX6,TSRYS5743665,D,S,D,2024-04-17,1000000.00,4.760514,91.90625
08:00:07,912810TX6,TSRYS5743665,D,S,D,2024-04-17,1000000.00,4.765756,91.828125
08:00:07,912810TX6,TSRYS5743665,D,S,T,2024-04-17,1000000.00,4.767855,91.796875
08:00:07,912810TX6,TSRYS5743665,D,S,D,2024-04-17,1000000.00,4.763396,91.86328125
08:00:07,912810TX6,TSRYS5743665,D,S,T,2024-04-17,1000000.00,4.763659,91.859375
08:00:07,912810TX6,TSRYS5743665,D,S,D,2024-04-17,1000000.00,4.765625,91.830078125
08:00:07,912810TX6,TSRYS5743665,D,S,D,2024-04-17,1000000.00,4.752402,92.02734375
08:00:07,912810TX6,TSRYS5743665,D,S,T,2024-04-17,1000000.00,4.752271,92.029296875
08:00:07,912810TX6,TSRYS5743665,D,S,T,2024-04-17,1000000.00,4.753709,92.0078125
08:00:07,912810TX6,TSRYS5743665,D,S,D,2024-04-17,1000000.00,4.752141,92.03125
08:00:07,912810TX6,TSRYS5743665,D,S,T,2024-04-17,1000000.00,4.74796,92.09375
08:00:07,912810TX6,TSRYS5743665,D,S,D,2024-04-17,1000000.00,4.747438,92.1015625
08:00:07,912810TX6,TSRYS5743665,D,S,D,2024-04-17,1000000.00,4.74796,92.09375
08:00:07,912810TX6,TSRYS5743665,D,S,T,2024-04-17,1000000.00,4.75005,92.0625
08:00:07,912810TX6,TSRYS5743665,D,S,T,2024-04-17,1000000.00,4.74796,92.09375
08:00:07,912810TX6,TSRYS5743665,D,B,C,2024-04-17,1000000.00,4.750442,92.056640625
08:00:07,912810TX6,TSRYS5743665,D,B,C,2024-04-17,1000000.00,4.750442,92.056640625
08:00:07,912810TX6,TSRYS5743665,D,S,T,2024-04-17,1000000.00,4.75005,92.0625
08:00:07,912810TX6,TSRYS5743665,D,S,T,2024-04-17,1000000.00,4.752402,92.02734375
08:00:07,912810TX6,TSRYS5743665,D,S,D,2024-04-17,1000000.00,4.749005,92.078125
08:00:07,912810TX6,TSRYS5743665,D,S,D,2024-04-17,1000000.00,4.75018,92.060546875
08:00:07,912810TX6,TSRYS5743665,D,S,T,2024-04-17,1000000.00,4.749005,92.078125
08:00:07,912810TX6,TSRYS5743665,D,S,D,2024-04-17,1000000.00,4.758288,91.939453125
08:00:07,912810TX6,TSRYS5743665,D,S,T,2024-04-17,1000000.00,4.758681,91.93359375
08:00:07,912810TX6,TSRYS5743665,D,S,D,2024-04-17,1000000.00,4.758812,91.931640625
08:00:07,912810TX6,TSRYS5743665,D,S,T,2024-04-17,1000000.00,4.756849,91.9609375
08:00:07,912810TX6,TSRYS5743665,D,S,T,2024-04-17,1000000.00,4.76379,91.857421875
08:00:07,912810TX6,TSRYS5743665,D,B,C,2024-04-17,1000000.00,4.763659,91.859375
08:00:07,912810TX6,TSRYS5743665,D,B,C,2024-04-17,1000000.00,4.7613,91.89453125
08:00:08,912810TX6,TSRYS5743665,D,S,A,2024-04-17,2000000.00,4.765756,91.828125
08:00:08,912810TX6,TSRYS5743665,D,S,D,2024-04-17,1000000.00,4.767855,91.796875
08:00:08,912810TX6,TSRYS5743665,D,S,D,2024-04-17,1000000.00,4.764707,91.84375
08:00:09,912810TX6,TSRYS5743665,D,S,A,2024-04-17,2500000.00,4.753709,92.0078125
08:00:10,912810TX6,TSRYS5743665,D,B,A,2024-04-17,250000.00,4.758419,91.9375
08:00:11,912810TX6,TSRYS5743665,D,S,D,2024-04-17,1000000.00,4.771004,91.75
08:00:12,912810TX6,TSRYS5743665,D,S,C,2024-04-17,1000000.00,4.760514,91.90625
08:00:12,912810TX6,TSRYS5743665,D,S,D,2024-04-17,1000000.00,4.75999,91.9140625
08:00:12,912810TX6,TSRYS5743665,D,S,D,2024-04-17,1000000.00,4.754756,91.9921875
08:00:12,912810TX6,TSRYS5743665,D,S,D,2024-04-17,1000000.00,4.754232,92.0
08:00:14,912810TX6,TSRYS5743665,D,S,D,2024-04-17,2000000.00,4.754232,92.0
08:00:14,912810TX6,TSRYS5743665,D,S,D,2024-04-17,1000000.00,4.754494,91.99609375
08:00:14,912810TX6,TSRYS5743665,D,S,D,2024-04-17,1000000.00,4.754494,91.99609375
08:00:14,912810TX6,TSRYS5743665,D,S,D,2024-04-17,1000000.00,4.754494,91.99609375
08:00:14,912810TX6,TSRYS5743665,D,S,D,2024-04-17,6000000.00,4.750311,92.05859375
08:00:14,912810TX6,TSRYS5743665,D,S,D,2024-04-17,4000000.00,4.75005,92.0625
08:00:14,912810TX6,TSRYS5743665,D,S,D,2024-04-17,2000000.00,4.755521,91.98046875
08:00:14,912810TX6,TSRYS5743665,D,S,D,2024-04-17,5000000.00,4.755259,91.984375
08:00:14,912810TX6,TSRYS5743665,D,S,D,2024-04-17,1000000.00,4.754494,91.99609375
08:00:14,912810TX6,TSRYS5743665,D,S,D,2024-04-17,1000000.00,4.754494,91.99609375
08:00:14,912810TX6,TSRYS5743665,D,S,T,2024-04-17,1000000.00,4.754756,91.9921875
08:00:15,912810TX6,TSRYS5743665,D,S,D,2024-04-17,2000000.00,4.754232,92.0
08:00:15,912810TX6,TSRYS5743665,D,S,T,2024-04-17,1000000.00,4.754756,91.9921875
08:00:15,912810TX6,TSRYS5743665,D,S,D,2024-04-17,1000000.00,4.754494,91.99609375
08:00:16,912810TX6,TSRYS5743665,D,S,C,2024-04-17,1000000.00,4.760514,91.90625
08:00:16,912810TX6,TSRYS5743665,D,S,C,2024-04-17,1000000.00,4.760514,91.90625
08:00:16,912810TX6,TSRYS5743665,D,S,T,2024-04-17,1000000.00,4.775208,91.6875
08:00:16,912810TX6,TSRYS5743665,D,S,T,2024-04-17,1000000.00,4.776916,91.662109375
08:00:17,912810TX6,TSRYS5743665,D,S,T,2024-04-17,1000000.00,4.775208,91.6875
08:00:17,912810TX6,TSRYS5743665,D,S,T,2024-04-17,2000000.00,4.776391,91.669921875
08:00:17,912810TX6,TSRYS5743665,D,S,D,2024-04-17,1000000.00,4.758419,91.9375
08:00:17,912810TX6,TSRYS5743665,D,S,D,2024-04-17,1000000.00,4.758157,91.94140625
08:00:17,912810TX6,TSRYS5743665,D,S,A,2024-04-17,11000.00,4.765756,91.828125
08:00:17,912810TX6,TSRYS5743665,D,B,A,2024-04-17,3000000.00,4.769954,91.765625
08:00:18,912810TX6,TSRYS5743665,D,S,D,2024-04-17,1000000.00,4.767855,91.796875
08:00:18,912810TX6,TSRYS5743665,D,S,A,2024-04-17,6000000.00,4.762953,91.87109375
08:00:18,912810TX6,TSRYS5743665,D,S,D,2024-04-17,1000000.00,4.752141,92.03125
08:00:18,912810TX6,TSRYS5743665,D,S,D,2024-04-17,1000000.00,4.757634,91.94921875
08:00:18,912810TX6,TSRYS5743665,D,S,D,2024-04-17,1000000.00,4.757241,91.955078125
08:00:19,912810TX6,TSRYS5743665,D,S,D,2024-04-17,1000000.00,4.759467,91.921875
08:00:19,912810TX6,TSRYS5743665,D,S,D,2024-04-17,1000000.00,4.759467,91.921875
08:00:19,912810TX6,TSRYS5743665,D,S,D,2024-04-17,1000000.00,4.759467,91.921875
08:00:19,912810TX6,TSRYS5743665,D,S,T,2024-04-17,1000000.00,4.766936,91.810546875
08:00:19,912810TX6,TSRYS5743665,D,S,D,2024-04-17,1000000.00,4.759859,91.916015625
08:00:19,912810TX6,TSRYS5743665,D,S,D,2024-04-17,1000000.00,4.75999,91.9140625
08:00:19,912810TX6,TSRYS5743665,D,S,D,2024-04-17,1000000.00,4.757634,91.94921875
08:00:20,912810TX6,TSRYS5743665,D,S,D,2024-04-17,1000000.00,4.763921,91.85546875
08:00:20,912810TX6,TSRYS5743665,D,S,T,2024-04-17,1000000.00,4.767855,91.796875
08:00:20,912810TX6,TSRYS5743665,D,S,D,2024-04-17,1000000.00,4.753709,92.0078125
08:00:21,912810TX6,TSRYS5743665,D,S,T,2024-04-17,1000000.00,4.764707,91.84375
08:00:21,912810TX6,TSRYS5743665,D,S,T,2024-04-17,1000000.00,4.763659,91.859375
08:00:21,912810TX6,TSRYS5743665,D,S,T,2024-04-17,1000000.00,4.767986,91.794921875
08:00:21,912810TX6,TSRYS5743665,D,S,D,2024-04-17,1000000.00,4.750834,92.05078125
08:00:22,912810TX6,TSRYS5743665,D,S,D,2024-04-17,2000000.00,4.752402,92.02734375
08:00:22,912810TX6,TSRYS5743665,D,S,D,2024-04-17,1000000.00,4.752402,92.02734375
08:00:22,912810TX6,TSRYS5743665,D,S,D,2024-04-17,1000000.00,4.750834,92.05078125
08:00:22,912810TX6,TSRYS5743665,D,S,D,2024-04-17,1000000.00,4.751095,92.046875
08:00:22,912810TX6,TSRYS5743665,D,S,D,2024-04-17,1000000.00,4.752402,92.02734375
08:00:22,912810TX6,TSRYS5743665,D,S,D,2024-04-17,1000000.00,4.753709,92.0078125
08:00:22,912810TX6,TSRYS5743665,D,S,D,2024-04-17,1000000.00,4.752402,92.02734375
08:00:22,912810TX6,TSRYS5743665,D,S,T,2024-04-17,1000000.00,4.765756,91.828125
08:00:23,912810TX6,TSRYS5743665,D,S,D,2024-04-17,7000000.00,4.752402,92.02734375
08:00:23,912810TX6,TSRYS5743665,D,S,D,2024-04-17,1000000.00,4.754232,92.0
08:00:23,912810TX6,TSRYS5743665,D,S,D,2024-04-17,2000000.00,4.752141,92.03125
08:00:25,912810TX6,TSRYS5743665,D,S,T,2024-04-17,1000000.00,4.763659,91.859375
08:00:26,912810TX6,TSRYS5743665,D,S,T,2024-04-17,1000000.00,4.764707,91.84375
08:00:26,912810TX6,TSRYS5743665,D,S,D,2024-04-17,1000000.00,4.763921,91.85546875
08:00:26,912810TX6,TSRYS5743665,D,S,T,2024-04-17,1000000.00,4.764707,91.84375
08:00:26,912810TX6,TSRYS5743665,D,S,T,2024-04-17,1000000.00,4.763659,91.859375
08:00:28,912810TX6,TSRYS5743665,D,S,A,2024-04-17,500000.00,4.750834,92.05078125
08:00:28,912810TX6,TSRYS5743665,D,S,T,2024-04-17,1000000.00,4.75005,92.0625
08:00:28,912810TX6,TSRYS5743665,D,S,T,2024-04-17,1000000.00,4.749005,92.078125
08:00:28,912810TX6,TSRYS5743665,D,S,T,2024-04-17,1000000.00,4.758419,91.9375
08:00:29,912810TX6,TSRYS5743665,D,S,T,2024-04-17,1000000.00,4.763659,91.859375
08:00:29,912810TX6,TSRYS5743665,D,S,T,2024-04-17,1000000.00,4.760121,91.912109375
08:00:29,912810TX6,TSRYS5743665,D,S,T,2024-04-17,1000000.00,4.75554,91.98046875
08:00:29,912810TX6,TSRYS5743665,D,S,T,2024-04-17,1000000.00,4.75554,91.98046875
08:00:29,912810TX6,TSRYS5743665,D,S,T,2024-04-17,1000000.00,4.753448,92.01171875
08:00:29,912810TX6,TSRYS5743665,D,S,C,2024-04-17,1000000.00,4.767855,91.796875
08:00:29,912810TX6,TSRYS5743665,D,S,D,2024-04-17,1000000.00,4.755279,91.984375
08:00:29,912810TX6,TSRYS5743665,D,S,T,2024-04-17,1000000.00,4.758419,91.9375
08:00:29,912810TX6,TSRYS5743665,D,S,T,2024-04-17,1000000.00,4.758419,91.9375
08:00:29,912810TX6,TSRYS5743665,D,S,T,2024-04-17,1000000.00,4.758812,91.931640625
08:00:29,912810TX6,TSRYS5743665,D,S,T,2024-04-17,1000000.00,4.756325,91.96875
08:00:29,912810TX6,TSRYS5743665,D,S,T,2024-04-17,1000000.00,4.75711,91.95703125
08:00:29,912810TX6,TSRYS5743665,D,S,T,2024-04-17,1000000.00,4.759467,91.921875
08:00:29,912810TX6,TSRYS5743665,D,S,T,2024-04-17,1000000.00,4.761562,91.890625
08:00:29,912810TX6,TSRYS5743665,D,S,T,2024-04-17,1000000.00,4.763921,91.85546875
08:00:29,912810TX6,TSRYS5743665,D,S,T,2024-04-17,1000000.00,4.767855,91.796875
08:00:30,912810TX6,TSRYS5743665,D,S,T,2024-04-17,1000000.00,4.777311,91.65625
08:00:30,912810TX6,TSRYS5743665,D,S,T,2024-04-17,1000000.00,4.772055,91.734375
08:00:30,912810TX6,TSRYS5743665,D,S,T,2024-04-17,1000000.00,4.772055,91.734375
08:00:30,912810TX6,TSRYS5743665,D,S,T,2024-04-17,1000000.00,4.774156,91.703125
08:00:30,912810TX6,TSRYS5743665,D,S,T,2024-04-17,1000000.00,4.774156,91.703125
08:00:30,912810TX6,TSRYS5743665,D,S,T,2024-04-17,1000000.00,4.775208,91.6875
08:00:30,912810TX6,TSRYS5743665,D,S,T,2024-04-17,1000000.00,4.775208,91.6875
08:00:30,912810TX6,TSRYS5743665,D,S,T,2024-04-17,1000000.00,4.772055,91.734375
08:00:30,912810TX6,TSRYS5743665,D,S,T,2024-04-17,1000000.00,4.765756,91.828125
08:00:30,912810TX6,TSRYS5743665,D,S,T,2024-04-17,1000000.00,4.763659,91.859375
08:00:30,912810TX6,TSRYS5743665,D,S,T,2024-04-17,1000000.00,4.766281,91.8203125
08:00:30,912810TX6,TSRYS5743665,D,S,T,2024-04-17,1000000.00,4.763659,91.859375
08:00:30,912810TX6,TSRYS5743665,D,S,T,2024-04-17,1000000.00,4.761038,91.8984375
08:00:30,912810TX6,TSRYS5743665,D,S,T,2024-04-17,1000000.00,4.760907,91.900390625
08:00:30,912810TX6,TSRYS5743665,D,S,T,2024-04-17,1000000.00,4.760514,91.90625
08:00:30,912810TX6,TSRYS5743665,D,S,T,2024-04-17,1000000.00,4.760121,91.912109375
08:00:30,912810TX6,TSRYS5743665,D,S,T,2024-04-17,1000000.00,4.75999,91.9140625
08:00:30,912810TX6,TSRYS5743665,D,S,T,2024-04-17,1000000.00,4.758419,91.9375
08:00:30,912810TX6,TSRYS5743665,D,S,T,2024-04-17,1000000.00,4.758419,91.9375
08:00:30,912810TX6,TSRYS5743665,D,S,T,2024-04-17,1000000.00,4.756064,91.97265625
08:00:30,912810TX6,TSRYS5743665,D,S,T,2024-04-17,1000000.00,4.756325,91.96875
08:00:30,912810TX6,TSRYS5743665,D,S,T,2024-04-17,1000000.00,4.755148,91.986328125
08:00:30,912810TX6,TSRYS5743665,D,S,T,2024-04-17,1000000.00,4.755148,91.986328125
08:00:30,912810TX6,TSRYS5743665,D,S,T,2024-04-17,1000000.00,4.753709,92.0078125
08:00:30,912810TX6,TSRYS5743665,D,S,T,2024-04-17,1000000.00,4.753709,92.0078125
08:00:30,912810TX6,TSRYS5743665,D,S,T,2024-04-17,1000000.00,4.753709,92.0078125
08:00:30,912810TX6,TSRYS5743665,D,S,T,2024-04-17,1000000.00,4.755279,91.984375
08:00:30,912810TX6,TSRYS5743665,D,S,T,2024-04-17,1000000.00,4.755279,91.984375
08:00:30,912810TX6,TSRYS5743665,D,S,T,2024-04-17,1000000.00,4.755279,91.984375
08:00:30,912810TX6,TSRYS5743665,D,S,T,2024-04-17,1000000.00,4.757241,91.955078125
08:00:30,912810TX6,TSRYS5743665,D,S,T,2024-04-17,1000000.00,4.758157,91.94140625
08:00:30,912810TX6,TSRYS5743665,D,S,T,2024-04-17,1000000.00,4.758027,91.943359375
08:00:30,912810TX6,TSRYS5743665,D,S,T,2024-04-17,1000000.00,4.757896,91.9453125
08:00:30,912810TX6,TSRYS5743665,D,S,T,2024-04-17,1000000.00,4.760514,91.90625
08:00:30,912810TX6,TSRYS5743665,D,S,T,2024-04-17,1000000.00,4.76261,91.875
08:00:30,912810TX6,TSRYS5743665,D,S,T,2024-04-17,1000000.00,4.76261,91.875
08:00:30,912810TX6,TSRYS5743665,D,S,T,2024-04-17,1000000.00,4.758419,91.9375
08:00:30,912810TX6,TSRYS5743665,D,S,T,2024-04-17,1000000.00,4.76261,91.875
08:00:30,912810TX6,TSRYS5743665,D,S,T,2024-04-17,1000000.00,4.765756,91.828125
08:00:30,912810TX6,TSRYS5743665,D,S,T,2024-04-17,1000000.00,4.765756,91.828125
08:00:30,912810TX6,TSRYS5743665,D,S,T,2024-04-17,1000000.00,4.765756,91.828125
08:00:30,912810TX6,TSRYS5743665,D,S,T,2024-04-17,1000000.00,4.769954,91.765625
08:00:30,912810TX6,TSRYS5743665,D,S,T,2024-04-17,1000000.00,4.769954,91.765625
08:00:30,912810TX6,TSRYS5743665,D,S,T,2024-04-17,1000000.00,4.772055,91.734375
08:00:30,912810TX6,TSRYS5743665,D,S,T,2024-04-17,1000000.00,4.766805,91.8125
08:00:30,912810TX6,TSRYS5743665,D,S,T,2024-04-17,1000000.00,4.770742,91.75390625
08:00:30,912810TX6,TSRYS5743665,D,S,T,2024-04-17,1000000.00,4.770479,91.7578125
08:00:30,912810TX6,TSRYS5743665,D,S,T,2024-04-17,1000000.00,4.770611,91.755859375
08:00:30,912810TX6,TSRYS5743665,D,S,T,2024-04-17,1000000.00,4.770348,91.759765625
08:00:30,912810TX6,TSRYS5743665,D,S,T,2024-04-17,1000000.00,4.769298,91.775390625
08:00:30,912810TX6,TSRYS5743665,D,S,D,2024-04-17,1000000.00,4.769167,91.77734375
08:00:30,912810TX6,TSRYS5743665,D,S,D,2024-04-17,1000000.00,4.769692,91.76953125
08:00:30,912810TX6,TSRYS5743665,D,S,T,2024-04-17,1000000.00,4.767986,91.794921875
08:00:30,912810TX6,TSRYS5743665,D,S,D,2024-04-17,1000000.00,4.767855,91.796875
08:00:33,912810TX6,TSRYS5743665,D,S,T,2024-04-17,1000000.00,4.763528,91.861328125
08:00:33,912810TX6,TSRYS5743665,D,S,T,2024-04-17,1000000.00,4.766805,91.8125
08:00:33,912810TX6,TSRYS5743665,D,S,T,2024-04-17,1000000.00,4.764576,91.845703125
08:00:33,912810TX6,TSRYS5743665,D,S,T,2024-04-17,1000000.00,4.764707,91.84375
08:00:33,912810TX6,TSRYS5743665,D,S,T,2024-04-17,1000000.00,4.759467,91.921875
08:00:33,912810TX6,TSRYS5743665,D,S,T,2024-04-17,1000000.00,4.759467,91.921875
08:00:33,912810TX6,TSRYS5743665,D,S,T,2024-04-17,1000000.00,4.758419,91.9375
08:00:33,912810TX6,TSRYS5743665,D,S,T,2024-04-17,1000000.00,4.758419,91.9375
08:00:33,912810TX6,TSRYS5743665,D,S,D,2024-04-17,1000000.00,4.756849,91.9609375
08:00:33,912810TX6,TSRYS5743665,D,S,T,2024-04-17,1000000.00,4.75384,92.005859375
08:00:33,912810TX6,TSRYS5743665,D,S,T,2024-04-17,1000000.00,4.751095,92.046875
08:00:33,912810TX6,TSRYS5743665,D,S,T,2024-04-17,1000000.00,4.753186,92.015625
08:00:33,912810TX6,TSRYS5743665,D,S,T,2024-04-17,1000000.00,4.754232,92.0
08:00:33,912810TX6,TSRYS5743665,D,S,T,2024-04-17,2000000.00,4.754232,92.0
08:00:33,912810TX6,TSRYS5743665,D,S,T,2024-04-17,1000000.00,4.756064,91.97265625
08:00:33,912810TX6,TSRYS5743665,D,S,T,2024-04-17,1000000.00,4.756325,91.96875
08:00:33,912810TX6,TSRYS5743665,D,S,T,2024-04-17,1000000.00,4.757372,91.953125
08:00:33,912810TX6,TSRYS5743665,D,S,T,2024-04-17,1000000.00,4.764707,91.84375
08:00:33,912810TX6,TSRYS5743665,D,S,T,2024-04-17,1000000.00,4.760776,91.90234375
08:00:33,912810TX6,TSRYS5743665,D,S,T,2024-04-17,1000000.00,4.758419,91.9375
08:00:33,912810TX6,TSRYS5743665,D,S,T,2024-04-17,1000000.00,4.758419,91.9375
08:00:33,912810TX6,TSRYS5743665,D,S,T,2024-04-17,1000000.00,4.756325,91.96875
08:00:33,912810TX6,TSRYS5743665,D,S,T,2024-04-17,1000000.00,4.754232,92.0
08:00:33,912810TX6,TSRYS5743665,D,S,T,2024-04-17,1000000.00,4.753186,92.015625
08:00:33,912810TX6,TSRYS5743665,D,S,T,2024-04-17,1000000.00,4.753186,92.015625
08:00:33,912810TX6,TSRYS5743665,D,S,T,2024-04-17,1000000.00,4.753186,92.015625
08:00:33,912810TX6,TSRYS5743665,D,S,T,2024-04-17,1000000.00,4.752141,92.03125
08:00:33,912810TX6,TSRYS5743665,D,S,T,2024-04-17,1000000.00,4.754232,92.0
08:00:33,912810TX6,TSRYS5743665,D,S,D,2024-04-17,1000000.00,4.753186,92.015625
08:00:33,912810TX6,TSRYS5743665,D,S,T,2024-04-17,1000000.00,4.752141,92.03125
08:00:33,912810TX6,TSRYS5743665,D,S,T,2024-04-17,1000000.00,4.749005,92.078125
08:00:33,912810TX6,TSRYS5743665,D,S,D,2024-04-17,1000000.00,4.746915,92.109375
08:00:33,912810TX6,TSRYS5743665,D,S,T,2024-04-17,1000000.00,4.74796,92.09375
08:00:33,912810TX6,TSRYS5743665,D,S,T,2024-04-17,1000000.00,4.74796,92.09375
08:00:33,912810TX6,TSRYS5743665,D,S,T,2024-04-17,1000000.00,4.75005,92.0625
08:00:33,912810TX6,TSRYS5743665,D,S,T,2024-04-17,1000000.00,4.752141,92.03125
08:00:33,912810TX6,TSRYS5743665,D,S,T,2024-04-17,1000000.00,4.754232,92.0
08:00:33,912810TX6,TSRYS5743665,D,S,T,2024-04-17,1000000.00,4.754232,92.0
08:00:33,912810TX6,TSRYS5743665,D,S,T,2024-04-17,1000000.00,4.755279,91.984375
08:00:33,912810TX6,TSRYS5743665,D,S,T,2024-04-17,1000000.00,4.755279,91.984375
08:00:33,912810TX6,TSRYS5743665,D,S,T,2024-04-17,1000000.00,4.755279,91.984375
08:00:33,912810TX6,TSRYS5743665,D,S,T,2024-04-17,1000000.00,4.755279,91.984375
08:00:33,912810TX6,TSRYS5743665,D,S,T,2024-04-17,1000000.00,4.755279,91.984375
08:00:33,912810TX6,TSRYS5743665,D,S,T,2024-04-17,1000000.00,4.754232,92.0
08:00:33,912810TX6,TSRYS5743665,D,S,T,2024-04-17,1000000.00,4.754232,92.0
08:00:33,912810TX6,TSRYS5743665,D,S,T,2024-04-17,1000000.00,4.758419,91.9375
08:00:33,912810TX6,TSRYS5743665,D,S,T,2024-04-17,1000000.00,4.760514,91.90625
08:00:33,912810TX6,TSRYS5743665,D,S,T,2024-04-17,1000000.00,4.758419,91.9375
08:00:33,912810TX6,TSRYS5743665,D,S,T,2024-04-17,1000000.00,4.756325,91.96875
08:00:33,912810TX6,TSRYS5743665,D,S,T,2024-04-17,1000000.00,4.75005,92.0625
08:00:33,912810TX6,TSRYS5743665,D,S,T,2024-04-17,1000000.00,4.749527,92.0703125
08:00:33,912810TX6,TSRYS5743665,D,S,T,2024-04-17,1000000.00,4.749396,92.072265625
08:00:33,912810TX6,TSRYS5743665,D,S,T,2024-04-17,1000000.00,4.751095,92.046875
08:00:33,912810TX6,TSRYS5743665,D,S,T,2024-04-17,1000000.00,4.752141,92.03125
08:00:33,912810TX6,TSRYS5743665,D,S,T,2024-04-17,1000000.00,4.751095,92.046875
08:00:33,912810TX6,TSRYS5743665,D,S,T,2024-04-17,1000000.00,4.753186,92.015625
08:00:33,912810TX6,TSRYS5743665,D,S,T,2024-04-17,1000000.00,4.755279,91.984375
08:00:33,912810TX6,TSRYS5743665,D,S,T,2024-04-17,1000000.00,4.755279,91.984375
08:00:33,912810TX6,TSRYS5743665,D,S,T,2024-04-17,1000000.00,4.752533,92.025390625
08:00:33,912810TX6,TSRYS5743665,D,S,T,2024-04-17,1000000.00,4.752794,92.021484375
08:00:33,912810TX6,TSRYS5743665,D,S,T,2024-04-17,1000000.00,4.753186,92.015625
08:00:33,912810TX6,TSRYS5743665,D,S,T,2024-04-17,1000000.00,4.755279,91.984375
08:00:33,912810TX6,TSRYS5743665,D,S,T,2024-04-17,1000000.00,4.754232,92.0
08:00:33,912810TX6,TSRYS5743665,D,S,T,2024-04-17,1000000.00,4.754232,92.0
08:00:33,912810TX6,TSRYS5743665,D,S,T,2024-04-17,1000000.00,4.754232,92.0
08:00:33,912810TX6,TSRYS5743665,D,S,T,2024-04-17,1000000.00,4.754232,92.0
08:00:33,912810TX6,TSRYS5743665,D,S,T,2024-04-17,1000000.00,4.756325,91.96875
08:00:33,912810TX6,TSRYS5743665,D,S,T,2024-04-17,1000000.00,4.757372,91.953125
08:00:33,912810TX6,TSRYS5743665,D,S,T,2024-04-17,1000000.00,4.757372,91.953125
08:00:33,912810TX6,TSRYS5743665,D,S,T,2024-04-17,1000000.00,4.753056,92.017578125
08:00:33,912810TX6,TSRYS5743665,D,S,T,2024-04-17,1000000.00,4.753186,92.015625
08:00:33,912810TX6,TSRYS5743665,D,S,T,2024-04-17,1000000.00,4.754232,92.0
08:00:33,912810TX6,TSRYS5743665,D,S,T,2024-04-17,1000000.00,4.753186,92.015625
08:00:33,912810TX6,TSRYS5743665,D,S,T,2024-04-17,1000000.00,4.753186,92.015625
08:00:33,912810TX6,TSRYS5743665,D,S,T,2024-04-17,1000000.00,4.75005,92.0625
08:00:33,912810TX6,TSRYS5743665,D,S,T,2024-04-17,1000000.00,4.75005,92.0625
08:00:33,912810TX6,TSRYS5743665,D,S,T,2024-04-17,1000000.00,4.75005,92.0625
08:00:33,912810TX6,TSRYS5743665,D,S,T,2024-04-17,1000000.00,4.751226,92.044921875
08:00:33,912810TX6,TSRYS5743665,D,S,T,2024-04-17,1000000.00,4.751095,92.046875
08:00:33,912810TX6,TSRYS5743665,D,S,T,2024-04-17,1000000.00,4.747699,92.09765625
08:00:33,912810TX6,TSRYS5743665,D,S,T,2024-04-17,1000000.00,4.74809,92.091796875
08:00:33,912810TX6,TSRYS5743665,D,S,T,2024-04-17,1000000.00,4.74796,92.09375
08:00:33,912810TX6,TSRYS5743665,D,S,T,2024-04-17,1000000.00,4.752141,92.03125
08:00:33,912810TX6,TSRYS5743665,D,S,T,2024-04-17,1000000.00,4.752141,92.03125
08:00:33,912810TX6,TSRYS5743665,D,S,T,2024-04-17,1000000.00,4.752141,92.03125
08:00:33,912810TX6,TSRYS5743665,D,S,T,2024-04-17,1000000.00,4.752141,92.03125
08:00:33,912810TX6,TSRYS5743665,D,S,T,2024-04-17,1000000.00,4.754232,92.0
08:00:33,912810TX6,TSRYS5743665,D,S,T,2024-04-17,1000000.00,4.755279,91.984375
08:00:33,912810TX6,TSRYS5743665,D,S,T,2024-04-17,1000000.00,4.753186,92.015625
08:00:33,912810TX6,TSRYS5743665,D,S,T,2024-04-17,1000000.00,4.753186,92.015625
08:00:33,912810TX6,TSRYS5743665,D,S,T,2024-04-17,1000000.00,4.75005,92.0625
08:00:33,912810TX6,TSRYS5743665,D,S,T,2024-04-17,1000000.00,4.750442,92.056640625
08:00:33,912810TX6,TSRYS5743665,D,S,T,2024-04-17,1000000.00,4.751095,92.046875
08:00:33,912810TX6,TSRYS5743665,D,S,T,2024-04-17,1000000.00,4.753186,92.015625
08:00:33,912810TX6,TSRYS5743665,D,S,T,2024-04-17,1000000.00,4.75005,92.0625
08:00:33,912810TX6,TSRYS5743665,D,S,T,2024-04-17,1000000.00,4.75005,92.0625
08:00:33,912810TX6,TSRYS5743665,D,S,T,2024-04-17,1000000.00,4.75005,92.0625
08:00:33,912810TX6,TSRYS5743665,D,S,T,2024-04-17,1000000.00,4.75005,92.0625
08:00:33,912810TX6,TSRYS5743665,D,S,T,2024-04-17,1000000.00,4.75005,92.0625
08:00:33,912810TX6,TSRYS5743665,D,S,T,2024-04-17,1000000.00,4.75018,92.060546875
08:00:33,912810TX6,TSRYS5743665,D,S,T,2024-04-17,1000000.00,4.75018,92.060546875
08:00:33,912810TX6,TSRYS5743665,D,S,T,2024-04-17,1000000.00,4.749527,92.0703125
08:00:33,912810TX6,TSRYS5743665,D,S,T,2024-04-17,1000000.00,4.751095,92.046875
08:00:33,912810TX6,TSRYS5743665,D,S,T,2024-04-17,1000000.00,4.751095,92.046875
08:00:33,912810TX6,TSRYS5743665,D,S,T,2024-04-17,1000000.00,4.751095,92.046875
08:00:33,912810TX6,TSRYS5743665,D,S,T,2024-04-17,1000000.00,4.751095,92.046875
08:00:33,912810TX6,TSRYS5743665,D,S,T,2024-04-17,1000000.00,4.752141,92.03125
08:00:33,912810TX6,TSRYS5743665,D,S,T,2024-04-17,1000000.00,4.749005,92.078125
08:00:33,912810TX6,TSRYS5743665,D,S,T,2024-04-17,1000000.00,4.748221,92.08984375
08:00:33,912810TX6,TSRYS5743665,D,S,T,2024-04-17,1000000.00,4.749005,92.078125
08:00:33,912810TX6,TSRYS5743665,D,S,T,2024-04-17,1000000.00,4.75005,92.0625
08:00:33,912810TX6,TSRYS5743665,D,S,T,2024-04-17,1000000.00,4.746915,92.109375
08:00:33,912810TX6,TSRYS5743665,D,S,T,2024-04-17,1000000.00,4.745871,92.125
08:00:33,912810TX6,TSRYS5743665,D,S,T,2024-04-17,1000000.00,4.74796,92.09375
08:00:33,912810TX6,TSRYS5743665,D,S,T,2024-04-17,1000000.00,4.75005,92.0625
08:00:33,912810TX6,TSRYS5743665,D,S,T,2024-04-17,1000000.00,4.751095,92.046875
08:00:33,912810TX6,TSRYS5743665,D,S,T,2024-04-17,1000000.00,4.752141,92.03125
08:00:33,912810TX6,TSRYS5743665,D,S,T,2024-04-17,1000000.00,4.752271,92.029296875
08:00:33,912810TX6,TSRYS5743665,D,S,T,2024-04-17,1000000.00,4.754232,92.0
08:00:33,912810TX6,TSRYS5743665,D,S,T,2024-04-17,1000000.00,4.756718,91.962890625
08:00:33,912810TX6,TSRYS5743665,D,S,T,2024-04-17,1000000.00,4.757372,91.953125
08:00:33,912810TX6,TSRYS5743665,D,S,T,2024-04-17,1000000.00,4.757372,91.953125
08:00:33,912810TX6,TSRYS5743665,D,S,T,2024-04-17,1000000.00,4.757372,91.953125
08:00:33,912810TX6,TSRYS5743665,D,S,T,2024-04-17,1000000.00,4.758419,91.9375
08:00:33,912810TX6,TSRYS5743665,D,S,T,2024-04-17,1000000.00,4.758419,91.9375
08:00:33,912810TX6,TSRYS5743665,D,S,T,2024-04-17,1000000.00,4.758419,91.9375
08:00:33,912810TX6,TSRYS5743665,D,S,T,2024-04-17,1000000.00,4.756325,91.96875
08:00:33,912810TX6,TSRYS5743665,D,S,T,2024-04-17,1000000.00,4.75711,91.95703125
08:00:33,912810TX6,TSRYS5743665,D,S,T,2024-04-17,1000000.00,4.757241,91.955078125
08:00:33,912810TX6,TSRYS5743665,D,S,T,2024-04-17,1000000.00,4.758419,91.9375
08:00:33,912810TX6,TSRYS5743665,D,S,T,2024-04-17,1000000.00,4.758419,91.9375
08:00:33,912810TX6,TSRYS5743665,D,S,T,2024-04-17,1000000.00,4.758419,91.9375
08:00:33,912810TX6,TSRYS5743665,D,S,T,2024-04-17,1000000.00,4.758419,91.9375
08:00:33,912810TX6,TSRYS5743665,D,S,T,2024-04-17,1000000.00,4.758419,91.9375
08:00:33,912810TX6,TSRYS5743665,D,S,T,2024-04-17,1000000.00,4.758419,91.9375
08:00:33,912810TX6,TSRYS5743665,D,S,T,2024-04-17,1000000.00,4.758419,91.9375
08:00:33,912810TX6,TSRYS5743665,D,S,T,2024-04-17,1000000.00,4.758419,91.9375
08:00:33,912810TX6,TSRYS5743665,D,S,T,2024-04-17,1000000.00,4.758943,91.9296875
08:00:33,912810TX6,TSRYS5743665,D,S,T,2024-04-17,1000000.00,4.75855,91.935546875
08:00:33,912810TX6,TSRYS5743665,D,S,T,2024-04-17,1000000.00,4.755279,91.984375
08:00:33,912810TX6,TSRYS5743665,D,S,T,2024-04-17,1000000.00,4.755279,91.984375
08:00:33,912810TX6,TSRYS5743665,D,S,T,2024-04-17,1000000.00,4.754232,92.0
08:00:33,912810TX6,TSRYS5743665,D,S,T,2024-04-17,1000000.00,4.756325,91.96875
08:00:33,912810TX6,TSRYS5743665,D,S,T,2024-04-17,1000000.00,4.756325,91.96875
08:00:33,912810TX6,TSRYS5743665,D,S,T,2024-04-17,1000000.00,4.756325,91.96875
08:00:33,912810TX6,TSRYS5743665,D,S,T,2024-04-17,1000000.00,4.756325,91.96875
08:00:33,912810TX6,TSRYS5743665,D,S,T,2024-04-17,1000000.00,4.757372,91.953125
08:00:33,912810TX6,TSRYS5743665,D,S,T,2024-04-17,1000000.00,4.757372,91.953125
08:00:33,912810TX6,TSRYS5743665,D,S,T,2024-04-17,1000000.00,4.758419,91.9375
08:00:33,912810TX6,TSRYS5743665,D,S,T,2024-04-17,1000000.00,4.758419,91.9375
08:00:33,912810TX6,TSRYS5743665,D,S,T,2024-04-17,1000000.00,4.759467,91.921875
08:00:33,912810TX6,TSRYS5743665,D,S,T,2024-04-17,1000000.00,4.759467,91.921875
08:00:33,912810TX6,TSRYS5743665,D,S,T,2024-04-17,1000000.00,4.757372,91.953125
08:00:33,912810TX6,TSRYS5743665,D,S,T,2024-04-17,1000000.00,4.757372,91.953125
08:00:33,912810TX6,TSRYS5743665,D,S,T,2024-04-17,1000000.00,4.757241,91.955078125
08:00:33,912810TX6,TSRYS5743665,D,S,T,2024-04-17,1000000.00,4.75711,91.95703125
08:00:33,912810TX6,TSRYS5743665,D,S,T,2024-04-17,1000000.00,4.75698,91.958984375
08:00:33,912810TX6,TSRYS5743665,D,S,T,2024-04-17,1000000.00,4.756849,91.9609375
08:00:33,912810TX6,TSRYS5743665,D,S,T,2024-04-17,1000000.00,4.756718,91.962890625
08:00:33,912810TX6,TSRYS5743665,D,S,T,2024-04-17,1000000.00,4.756587,91.96484375
08:00:33,912810TX6,TSRYS5743665,D,S,T,2024-04-17,1000000.00,4.756456,91.966796875
08:00:33,912810TX6,TSRYS5743665,D,S,T,2024-04-17,1000000.00,4.756325,91.96875
08:00:33,912810TX6,TSRYS5743665,D,S,T,2024-04-17,1000000.00,4.756194,91.970703125
08:00:33,912810TX6,TSRYS5743665,D,S,T,2024-04-17,1000000.00,4.756064,91.97265625
08:00:33,912810TX6,TSRYS5743665,D,S,T,2024-04-17,1000000.00,4.755933,91.974609375
08:00:33,912810TX6,TSRYS5743665,D,S,T,2024-04-17,1000000.00,4.755802,91.9765625
08:00:33,912810TX6,TSRYS5743665,D,S,T,2024-04-17,1000000.00,4.755671,91.978515625
08:00:33,912810TX6,TSRYS5743665,D,S,T,2024-04-17,1000000.00,4.75554,91.98046875
08:00:33,912810TX6,TSRYS5743665,D,S,T,2024-04-17,1000000.00,4.75541,91.982421875
08:00:33,912810TX6,TSRYS5743665,D,S,T,2024-04-17,1000000.00,4.758419,91.9375
08:00:33,912810TX6,TSRYS5743665,D,S,T,2024-04-17,1000000.00,4.758419,91.9375
08:00:33,912810TX6,TSRYS5743665,D,S,T,2024-04-17,1000000.00,4.759467,91.921875
08:00:33,912810TX6,TSRYS5743665,D,S,T,2024-04-17,1000000.00,4.761562,91.890625
08:00:33,912810TX6,TSRYS5743665,D,S,T,2024-04-17,1000000.00,4.761824,91.88671875
08:00:33,912810TX6,TSRYS5743665,D,S,T,2024-04-17,1000000.00,4.763659,91.859375
08:00:33,912810TX6,TSRYS5743665,D,S,T,2024-04-17,1000000.00,4.764838,91.841796875
08:00:33,912810TX6,TSRYS5743665,D,S,T,2024-04-17,1000000.00,4.76261,91.875
08:00:33,912810TX6,TSRYS5743665,D,S,T,2024-04-17,1000000.00,4.761562,91.890625
08:00:33,912810TX6,TSRYS5743665,D,S,T,2024-04-17,1000000.00,4.763921,91.85546875
08:00:33,912810TX6,TSRYS5743665,D,S,T,2024-04-17,1000000.00,4.763659,91.859375
08:00:33,912810TX6,TSRYS5743665,D,S,T,2024-04-17,1000000.00,4.763659,91.859375
08:00:33,912810TX6,TSRYS5743665,D,S,T,2024-04-17,1000000.00,4.763921,91.85546875
08:00:33,912810TX6,TSRYS5743665,D,S,T,2024-04-17,1000000.00,4.763659,91.859375
08:00:33,912810TX6,TSRYS5743665,D,S,T,2024-04-17,1000000.00,4.763659,91.859375
08:00:33,912810TX6,TSRYS5743665,D,S,T,2024-04-17,1000000.00,4.763659,91.859375
08:00:33,912810TX6,TSRYS5743665,D,S,T,2024-04-17,1000000.00,4.763659,91.859375
08:00:33,912810TX6,TSRYS5743665,D,S,T,2024-04-17,1000000.00,4.763659,91.859375
08:00:33,912810TX6,TSRYS5743665,D,S,T,2024-04-17,1000000.00,4.764707,91.84375
08:00:33,912810TX6,TSRYS5743665,D,S,T,2024-04-17,1000000.00,4.763659,91.859375
08:00:33,912810TX6,TSRYS5743665,D,S,T,2024-04-17,1000000.00,4.760645,91.904296875
08:00:33,912810TX6,TSRYS5743665,D,S,T,2024-04-17,1000000.00,4.758419,91.9375
08:00:33,912810TX6,TSRYS5743665,D,S,T,2024-04-17,1000000.00,4.756325,91.96875
08:00:33,912810TX6,TSRYS5743665,D,S,T,2024-04-17,1000000.00,4.756325,91.96875
08:00:33,912810TX6,TSRYS5743665,D,S,T,2024-04-17,1000000.00,4.756325,91.96875
08:00:33,912810TX6,TSRYS5743665,D,S,T,2024-04-17,1000000.00,4.759467,91.921875
08:00:33,912810TX6,TSRYS5743665,D,S,T,2024-04-17,1000000.00,4.759467,91.921875
08:00:33,912810TX6,TSRYS5743665,D,S,D,2024-04-17,1000000.00,4.763659,91.859375
08:00:33,912810TX6,TSRYS5743665,D,S,D,2024-04-17,1000000.00,4.764707,91.84375
08:00:33,912810TX6,TSRYS5743665,D,S,D,2024-04-17,1000000.00,4.760776,91.90234375
08:00:33,912810TX6,TSRYS5743665,D,S,D,2024-04-17,1000000.00,4.760514,91.90625
08:00:33,912810TX6,TSRYS5743665,D,S,D,2024-04-17,1000000.00,4.75999,91.9140625
08:00:33,912810TX6,TSRYS5743665,D,S,D,2024-04-17,1000000.00,4.754756,91.9921875
08:00:33,912810TX6,TSRYS5743665,D,S,D,2024-04-17,1000000.00,4.755017,91.98828125
08:00:33,912810TX6,TSRYS5743665,D,S,D,2024-04-17,1000000.00,4.753709,92.0078125
08:00:33,912810TX6,TSRYS5743665,D,S,D,2024-04-17,1000000.00,4.753709,92.0078125
08:00:33,912810TX6,TSRYS5743665,D,S,D,2024-04-17,1000000.00,4.758419,91.9375
08:00:33,912810TX6,TSRYS5743665,D,S,D,2024-04-17,1000000.00,4.758157,91.94140625
08:00:33,912810TX6,TSRYS5743665,D,S,D,2024-04-17,1000000.00,4.75711,91.95703125
08:00:33,912810TX6,TSRYS5743665,D,S,D,2024-04-17,1000000.00,4.756849,91.9609375
08:00:33,912810TX6,TSRYS5743665,D,S,D,2024-04-17,1000000.00,4.768379,91.7890625
08:00:33,912810TX6,TSRYS5743665,D,S,D,2024-04-17,1000000.00,4.767855,91.796875
08:00:33,912810TX6,TSRYS5743665,D,S,D,2024-04-17,1000000.00,4.763134,91.8671875
08:00:33,912810TX6,TSRYS5743665,D,S,D,2024-04-17,1000000.00,4.764707,91.84375
08:00:33,912810TX6,TSRYS5743665,D,S,D,2024-04-17,1000000.00,4.752925,92.01953125
08:00:33,912810TX6,TSRYS5743665,D,S,D,2024-04-17,1000000.00,4.753709,92.0078125
08:00:33,912810TX6,TSRYS5743665,D,S,D,2024-04-17,1000000.00,4.752402,92.02734375
08:00:33,912810TX6,TSRYS5743665,D,S,D,2024-04-17,1000000.00,4.751618,92.0390625
08:00:33,912810TX6,TSRYS5743665,D,S,D,2024-04-17,1000000.00,4.752925,92.01953125
08:00:33,912810TX6,TSRYS5743665,D,S,D,2024-04-17,1000000.00,4.753709,92.0078125
08:00:33,912810TX6,TSRYS5743665,D,S,D,2024-04-17,1000000.00,4.74796,92.09375
08:00:33,912810TX6,TSRYS5743665,D,S,D,2024-04-17,1000000.00,4.756849,91.9609375
08:00:33,912810TX6,TSRYS5743665,D,S,D,2024-04-17,1000000.00,4.754494,91.99609375
08:00:33,912810TX6,TSRYS5743665,D,S,D,2024-04-17,1000000.00,4.753971,92.00390625
08:00:33,912810TX6,TSRYS5743665,D,S,D,2024-04-17,1000000.00,4.752402,92.02734375
08:00:33,912810TX6,TSRYS5743665,D,S,D,2024-04-17,1000000.00,4.755279,91.984375
08:00:33,912810TX6,TSRYS5743665,D,S,D,2024-04-17,1000000.00,4.750311,92.05859375
08:00:33,912810TX6,TSRYS5743665,D,S,D,2024-04-17,1000000.00,4.751095,92.046875
08:00:33,912810TX6,TSRYS5743665,D,S,D,2024-04-17,1000000.00,4.751618,92.0390625
08:00:33,912810TX6,TSRYS5743665,D,S,D,2024-04-17,1000000.00,4.749788,92.06640625
08:00:33,912810TX6,TSRYS5743665,D,S,D,2024-04-17,1000000.00,4.749788,92.06640625
08:00:33,912810TX6,TSRYS5743665,D,S,D,2024-04-17,1000000.00,4.751095,92.046875
08:00:33,912810TX6,TSRYS5743665,D,S,D,2024-04-17,1000000.00,4.74796,92.09375
08:00:33,912810TX6,TSRYS5743665,D,S,D,2024-04-17,1000000.00,4.747699,92.09765625
08:00:33,912810TX6,TSRYS5743665,D,S,D,2024-04-17,1000000.00,4.74561,92.12890625
08:00:33,912810TX6,TSRYS5743665,D,S,D,2024-04-17,1000000.00,4.750834,92.05078125
08:00:33,912810TX6,TSRYS5743665,D,S,D,2024-04-17,1000000.00,4.751356,92.04296875
08:00:33,912810TX6,TSRYS5743665,D,S,D,2024-04-17,1000000.00,4.751879,92.03515625
08:00:33,912810TX6,TSRYS5743665,D,S,D,2024-04-17,1000000.00,4.758943,91.9296875
08:00:33,912810TX6,TSRYS5743665,D,S,D,2024-04-17,1000000.00,4.758943,91.9296875
08:00:33,912810TX6,TSRYS5743665,D,S,D,2024-04-17,1000000.00,4.764183,91.8515625
08:00:33,912810TX6,TSRYS5743665,D,S,D,2024-04-17,1000000.00,4.763134,91.8671875
08:00:33,912810TX6,TSRYS5743665,D,S,D,2024-04-17,1000000.00,4.7613,91.89453125
08:00:33,912810TX6,TSRYS5743665,D,S,D,2024-04-17,1000000.00,4.760514,91.90625
08:00:33,912810TX6,TSRYS5743665,D,S,D,2024-04-17,1000000.00,4.764183,91.8515625
08:00:33,912810TX6,TSRYS5743665,D,S,D,2024-04-17,1000000.00,4.763921,91.85546875
08:00:33,912810TX6,TSRYS5743665,D,S,D,2024-04-17,1000000.00,4.763134,91.8671875
08:00:33,912810TX6,TSRYS5743665,D,S,D,2024-04-17,1000000.00,4.760776,91.90234375
08:00:33,912810TX6,TSRYS5743665,D,S,D,2024-04-17,1000000.00,4.758157,91.94140625
08:00:33,912810TX6,TSRYS5743665,D,S,D,2024-04-17,1000000.00,4.764576,91.845703125
08:00:33,912810TX6,TSRYS5743665,D,S,D,2024-04-17,1000000.00,4.764707,91.84375
08:00:33,912810TX6,TSRYS5743665,D,S,D,2024-04-17,1000000.00,4.767723,91.798828125
08:00:33,912810TX6,TSRYS5743665,D,S,D,2024-04-17,1000000.00,4.765101,91.837890625
08:00:33,912810TX6,TSRYS5743665,D,S,D,2024-04-17,1000000.00,4.75384,92.005859375
08:00:33,912810TX6,TSRYS5743665,D,S,D,2024-04-17,1000000.00,4.75384,92.005859375
08:00:33,912810TX6,TSRYS5743665,D,S,D,2024-04-17,1000000.00,4.753709,92.0078125
08:00:33,912810TX6,TSRYS5743665,D,S,D,2024-04-17,1000000.00,4.753971,92.00390625
08:00:33,912810TX6,TSRYS5743665,D,S,D,2024-04-17,1000000.00,4.75384,92.005859375
08:00:33,912810TX6,TSRYS5743665,D,S,D,2024-04-17,1000000.00,4.753579,92.009765625
08:00:33,912810TX6,TSRYS5743665,D,S,D,2024-04-17,1000000.00,4.764183,91.8515625
08:00:33,912810TX6,TSRYS5743665,D,S,D,2024-04-17,1000000.00,4.763659,91.859375
08:00:33,912810TX6,TSRYS5743665,D,S,D,2024-04-17,1000000.00,4.754886,91.990234375
08:00:33,912810TX6,TSRYS5743665,D,S,D,2024-04-17,1000000.00,4.754625,91.994140625
08:00:33,912810TX6,TSRYS5743665,D,S,D,2024-04-17,1000000.00,4.757372,91.953125
08:00:33,912810TX6,TSRYS5743665,D,S,D,2024-04-17,1000000.00,4.757372,91.953125
08:00:33,912810TX6,TSRYS5743665,D,S,D,2024-04-17,1000000.00,4.750442,92.056640625
08:00:33,912810TX6,TSRYS5743665,D,S,D,2024-04-17,1000000.00,4.747438,92.1015625
08:00:33,912810TX6,TSRYS5743665,D,S,D,2024-04-17,1000000.00,4.747438,92.1015625
08:00:33,912810TX6,TSRYS5743665,D,S,D,2024-04-17,1000000.00,4.747176,92.10546875
08:00:33,912810TX6,TSRYS5743665,D,S,D,2024-04-17,1000000.00,4.755148,91.986328125
08:00:33,912810TX6,TSRYS5743665,D,S,D,2024-04-17,1000000.00,4.755017,91.98828125
08:00:33,912810TX6,TSRYS5743665,D,S,D,2024-04-17,1000000.00,4.756849,91.9609375
08:00:33,912810TX6,TSRYS5743665,D,S,D,2024-04-17,1000000.00,4.75541,91.982421875
08:00:33,912810TX6,TSRYS5743665,D,S,D,2024-04-17,1000000.00,4.75999,91.9140625
08:00:33,912810TX6,TSRYS5743665,D,S,D,2024-04-17,1000000.00,4.757765,91.947265625
08:00:33,912810TX6,TSRYS5743665,D,S,D,2024-04-17,1000000.00,4.757765,91.947265625
08:00:33,912810TX6,TSRYS5743665,D,S,D,2024-04-17,1000000.00,4.758027,91.943359375
08:00:33,912810TX6,TSRYS5743665,D,S,D,2024-04-17,1000000.00,4.757765,91.947265625
08:00:33,912810TX6,TSRYS5743665,D,S,D,2024-04-17,1000000.00,4.757765,91.947265625
08:00:33,912810TX6,TSRYS5743665,D,S,D,2024-04-17,1000000.00,4.753709,92.0078125
08:00:33,912810TX6,TSRYS5743665,D,S,D,2024-04-17,1000000.00,4.752402,92.02734375
08:00:33,912810TX6,TSRYS5743665,D,S,D,2024-04-17,1000000.00,4.752271,92.029296875
08:00:33,912810TX6,TSRYS5743665,D,S,D,2024-04-17,1000000.00,4.753186,92.015625
08:00:33,912810TX6,TSRYS5743665,D,S,D,2024-04-17,1000000.00,4.75541,91.982421875
08:00:33,912810TX6,TSRYS5743665,D,S,D,2024-04-17,1000000.00,4.75018,92.060546875
08:00:33,912810TX6,TSRYS5743665,D,S,D,2024-04-17,1000000.00,4.75005,92.0625
08:00:33,912810TX6,TSRYS5743665,D,S,D,2024-04-17,1000000.00,4.748221,92.08984375
08:00:33,912810TX6,TSRYS5743665,D,S,D,2024-04-17,1000000.00,4.749919,92.064453125
08:00:33,912810TX6,TSRYS5743665,D,S,D,2024-04-17,1000000.00,4.752141,92.03125
08:00:33,912810TX6,TSRYS5743665,D,S,D,2024-04-17,1000000.00,4.751487,92.041015625
08:00:33,912810TX6,TSRYS5743665,D,S,D,2024-04-17,1000000.00,4.749788,92.06640625
08:00:33,912810TX6,TSRYS5743665,D,S,D,2024-04-17,1000000.00,4.748352,92.087890625
08:00:33,912810TX6,TSRYS5743665,D,S,D,2024-04-17,1000000.00,4.749658,92.068359375
08:00:33,912810TX6,TSRYS5743665,D,S,D,2024-04-17,1000000.00,4.749658,92.068359375
08:00:33,912810TX6,TSRYS5743665,D,S,D,2024-04-17,1000000.00,4.749788,92.06640625
08:00:33,912810TX6,TSRYS5743665,D,S,D,2024-04-17,1000000.00,4.749396,92.072265625
08:00:33,912810TX6,TSRYS5743665,D,S,D,2024-04-17,1000000.00,4.749005,92.078125
08:00:33,912810TX6,TSRYS5743665,D,S,D,2024-04-17,1000000.00,4.746654,92.11328125
08:00:33,912810TX6,TSRYS5743665,D,S,D,2024-04-17,1000000.00,4.746654,92.11328125
08:00:33,912810TX6,TSRYS5743665,D,S,D,2024-04-17,1000000.00,4.746654,92.11328125
08:00:33,912810TX6,TSRYS5743665,D,S,D,2024-04-17,1000000.00,4.746654,92.11328125
08:00:33,912810TX6,TSRYS5743665,D,S,D,2024-04-17,1000000.00,4.746785,92.111328125
08:00:33,912810TX6,TSRYS5743665,D,S,D,2024-04-17,1000000.00,4.748221,92.08984375
08:00:33,912810TX6,TSRYS5743665,D,S,D,2024-04-17,1000000.00,4.748221,92.08984375
08:00:33,912810TX6,TSRYS5743665,D,S,D,2024-04-17,1000000.00,4.758943,91.9296875
08:00:33,912810TX6,TSRYS5743665,D,S,D,2024-04-17,1000000.00,4.758812,91.931640625
08:00:33,912810TX6,TSRYS5743665,D,S,D,2024-04-17,1000000.00,4.758943,91.9296875
08:00:33,912810TX6,TSRYS5743665,D,S,D,2024-04-17,1000000.00,4.758943,91.9296875
08:00:33,912810TX6,TSRYS5743665,D,S,D,2024-04-17,1000000.00,4.758812,91.931640625
08:00:33,912810TX6,TSRYS5743665,D,S,D,2024-04-17,1000000.00,4.753579,92.009765625
08:00:33,912810TX6,TSRYS5743665,D,S,D,2024-04-17,1000000.00,4.757372,91.953125
08:00:33,912810TX6,TSRYS5743665,D,S,D,2024-04-17,1000000.00,4.764969,91.83984375
08:00:33,912810TX6,TSRYS5743665,D,S,D,2024-04-17,1000000.00,4.764838,91.841796875
08:00:33,912810TX6,TSRYS5743665,D,S,D,2024-04-17,1000000.00,4.765232,91.8359375
08:00:33,912810TX6,TSRYS5743665,D,S,D,2024-04-17,1000000.00,4.764707,91.84375
08:00:33,912810TX6,TSRYS5743665,D,S,D,2024-04-17,1000000.00,4.761169,91.896484375
08:00:33,912810TX6,TSRYS5743665,D,S,D,2024-04-17,1000000.00,4.763003,91.869140625
08:00:33,912810TX6,TSRYS5743665,D,S,D,2024-04-17,1000000.00,4.763659,91.859375
08:00:33,912810TX6,TSRYS5743665,D,S,D,2024-04-17,1000000.00,4.763265,91.865234375
08:00:33,912810TX6,TSRYS5743665,D,S,D,2024-04-17,1000000.00,4.763528,91.861328125
08:00:33,912810TX6,TSRYS5743665,D,S,D,2024-04-17,1000000.00,4.758812,91.931640625
08:00:33,912810TX6,TSRYS5743665,D,S,T,2024-04-17,1000000.00,4.777311,91.65625
08:00:33,912810TX6,TSRYS5743665,D,S,T,2024-04-17,1000000.00,4.764707,91.84375
08:00:33,912810TX6,TSRYS5743665,D,S,T,2024-04-17,1000000.00,4.76379,91.857421875
08:00:33,912810TX6,TSRYS5743665,D,S,T,2024-04-17,1000000.00,4.767068,91.80859375
08:00:33,912810TX6,TSRYS5743665,D,S,T,2024-04-17,1000000.00,4.764838,91.841796875
08:00:33,912810TX6,TSRYS5743665,D,S,T,2024-04-17,1000000.00,4.765232,91.8359375
08:00:33,912810TX6,TSRYS5743665,D,S,T,2024-04-17,2000000.00,4.76261,91.875
08:00:33,912810TX6,TSRYS5743665,D,S,T,2024-04-17,1000000.00,4.760645,91.904296875
08:00:33,912810TX6,TSRYS5743665,D,S,T,2024-04-17,1000000.00,4.761562,91.890625
08:00:33,912810TX6,TSRYS5743665,D,S,T,2024-04-17,1000000.00,4.760776,91.90234375
08:00:33,912810TX6,TSRYS5743665,D,S,T,2024-04-17,1000000.00,4.759467,91.921875
08:00:33,912810TX6,TSRYS5743665,D,S,T,2024-04-17,1000000.00,4.760514,91.90625
08:00:33,912810TX6,TSRYS5743665,D,S,T,2024-04-17,1000000.00,4.755933,91.974609375
08:00:33,912810TX6,TSRYS5743665,D,S,T,2024-04-17,1000000.00,4.756194,91.970703125
08:00:33,912810TX6,TSRYS5743665,D,S,T,2024-04-17,1000000.00,4.75384,92.005859375
08:00:33,912810TX6,TSRYS5743665,D,S,T,2024-04-17,1000000.00,4.753709,92.0078125
08:00:33,912810TX6,TSRYS5743665,D,S,T,2024-04-17,1000000.00,4.75384,92.005859375
08:00:33,912810TX6,TSRYS5743665,D,S,T,2024-04-17,1000000.00,4.753709,92.0078125
08:00:33,912810TX6,TSRYS5743665,D,S,T,2024-04-17,1000000.00,4.75384,92.005859375
08:00:33,912810TX6,TSRYS5743665,D,S,T,2024-04-17,1000000.00,4.753709,92.0078125
08:00:33,912810TX6,TSRYS5743665,D,S,T,2024-04-17,1000000.00,4.753579,92.009765625
08:00:33,912810TX6,TSRYS5743665,D,S,T,2024-04-17,1000000.00,4.754886,91.990234375
08:00:33,912810TX6,TSRYS5743665,D,S,T,2024-04-17,1000000.00,4.758419,91.9375
08:00:33,912810TX6,TSRYS5743665,D,S,T,2024-04-17,1000000.00,4.758419,91.9375
08:00:33,912810TX6,TSRYS5743665,D,S,T,2024-04-17,1000000.00,4.756064,91.97265625
08:00:33,912810TX6,TSRYS5743665,D,S,T,2024-04-17,1000000.00,4.758419,91.9375
08:00:33,912810TX6,TSRYS5743665,D,S,T,2024-04-17,1000000.00,4.75711,91.95703125
08:00:33,912810TX6,TSRYS5743665,D,S,T,2024-04-17,1000000.00,4.75698,91.958984375
08:00:33,912810TX6,TSRYS5743665,D,S,T,2024-04-17,1000000.00,4.756849,91.9609375
08:00:33,912810TX6,TSRYS5743665,D,S,T,2024-04-17,1000000.00,4.769298,91.775390625
08:00:33,912810TX6,TSRYS5743665,D,S,T,2024-04-17,1000000.00,4.768248,91.791015625
08:00:33,912810TX6,TSRYS5743665,D,S,T,2024-04-17,1000000.00,4.768248,91.791015625
08:00:33,912810TX6,TSRYS5743665,D,S,T,2024-04-17,1000000.00,4.768248,91.791015625
08:00:33,912810TX6,TSRYS5743665,D,S,T,2024-04-17,1000000.00,4.764183,91.8515625
08:00:33,912810TX6,TSRYS5743665,D,S,T,2024-04-17,1000000.00,4.764052,91.853515625
08:00:33,912810TX6,TSRYS5743665,D,S,T,2024-04-17,1000000.00,4.76379,91.857421875
08:00:33,912810TX6,TSRYS5743665,D,S,T,2024-04-17,1000000.00,4.763659,91.859375
08:00:33,912810TX6,TSRYS5743665,D,S,T,2024-04-17,1000000.00,4.763659,91.859375
08:00:33,912810TX6,TSRYS5743665,D,S,T,2024-04-17,1000000.00,4.763659,91.859375
08:00:33,912810TX6,TSRYS5743665,D,S,T,2024-04-17,1000000.00,4.76379,91.857421875
08:00:33,912810TX6,TSRYS5743665,D,S,T,2024-04-17,1000000.00,4.764576,91.845703125
08:00:33,912810TX6,TSRYS5743665,D,S,T,2024-04-17,1000000.00,4.754756,91.9921875
08:00:33,912810TX6,TSRYS5743665,D,S,T,2024-04-17,1000000.00,4.754756,91.9921875
08:00:33,912810TX6,TSRYS5743665,D,S,T,2024-04-17,1000000.00,4.752925,92.01953125
08:00:33,912810TX6,TSRYS5743665,D,S,T,2024-04-17,1000000.00,4.753186,92.015625
08:00:33,912810TX6,TSRYS5743665,D,S,T,2024-04-17,1000000.00,4.753709,92.0078125
08:00:33,912810TX6,TSRYS5743665,D,S,T,2024-04-17,1000000.00,4.753709,92.0078125
08:00:33,912810TX6,TSRYS5743665,D,S,T,2024-04-17,1000000.00,4.752402,92.02734375
08:00:33,912810TX6,TSRYS5743665,D,S,T,2024-04-17,1000000.00,4.757372,91.953125
08:00:33,912810TX6,TSRYS5743665,D,S,T,2024-04-17,1000000.00,4.763003,91.869140625
08:00:33,912810TX6,TSRYS5743665,D,S,T,2024-04-17,1000000.00,4.762872,91.87109375
08:00:33,912810TX6,TSRYS5743665,D,S,T,2024-04-17,1000000.00,4.75554,91.98046875
08:00:33,912810TX6,TSRYS5743665,D,S,T,2024-04-17,1000000.00,4.753186,92.015625
08:00:33,912810TX6,TSRYS5743665,D,S,T,2024-04-17,1000000.00,4.752141,92.03125
08:00:33,912810TX6,TSRYS5743665,D,S,T,2024-04-17,1000000.00,4.752141,92.03125
08:00:33,912810TX6,TSRYS5743665,D,S,T,2024-04-17,1000000.00,4.751748,92.037109375
08:00:33,912810TX6,TSRYS5743665,D,S,T,2024-04-17,1000000.00,4.752141,92.03125
08:00:33,912810TX6,TSRYS5743665,D,S,T,2024-04-17,1000000.00,4.750572,92.0546875
08:00:33,912810TX6,TSRYS5743665,D,S,T,2024-04-17,1000000.00,4.753709,92.0078125
08:00:33,912810TX6,TSRYS5743665,D,S,T,2024-04-17,1000000.00,4.753186,92.015625
08:00:33,912810TX6,TSRYS5743665,D,S,T,2024-04-17,1000000.00,4.753186,92.015625
08:00:33,912810TX6,TSRYS5743665,D,S,T,2024-04-17,1000000.00,4.753186,92.015625
08:00:33,912810TX6,TSRYS5743665,D,S,T,2024-04-17,1000000.00,4.747438,92.1015625
08:00:33,912810TX6,TSRYS5743665,D,S,T,2024-04-17,1000000.00,4.747829,92.095703125
08:00:33,912810TX6,TSRYS5743665,D,S,T,2024-04-17,1000000.00,4.746524,92.115234375
08:00:33,912810TX6,TSRYS5743665,D,S,T,2024-04-17,1000000.00,4.751095,92.046875
08:00:33,912810TX6,TSRYS5743665,D,S,T,2024-04-17,1000000.00,4.760776,91.90234375
08:00:33,912810TX6,TSRYS5743665,D,S,T,2024-04-17,1000000.00,4.757896,91.9453125
08:00:33,912810TX6,TSRYS5743665,D,S,T,2024-04-17,1000000.00,4.752663,92.0234375
08:00:33,912810TX6,TSRYS5743665,D,S,T,2024-04-17,1000000.00,4.752402,92.02734375
08:00:33,912810TX6,TSRYS5743665,D,S,T,2024-04-17,1000000.00,4.75541,91.982421875
08:00:33,912810TX6,TSRYS5743665,D,S,T,2024-04-17,1000000.00,4.753448,92.01171875
08:00:33,912810TX6,TSRYS5743665,D,S,T,2024-04-17,1000000.00,4.750311,92.05859375
08:00:33,912810TX6,TSRYS5743665,D,S,T,2024-04-17,1000000.00,4.748221,92.08984375
08:00:33,912810TX6,TSRYS5743665,D,S,T,2024-04-17,1000000.00,4.75005,92.0625
08:00:33,912810TX6,TSRYS5743665,D,S,T,2024-04-17,1000000.00,4.750442,92.056640625
08:00:33,912810TX6,TSRYS5743665,D,S,T,2024-04-17,1000000.00,4.747699,92.09765625
08:00:33,912810TX6,TSRYS5743665,D,S,T,2024-04-17,1000000.00,4.749005,92.078125
08:00:33,912810TX6,TSRYS5743665,D,S,T,2024-04-17,2000000.00,4.75005,92.0625
08:00:33,912810TX6,TSRYS5743665,D,S,T,2024-04-17,1000000.00,4.750834,92.05078125
08:00:33,912810TX6,TSRYS5743665,D,S,T,2024-04-17,1000000.00,4.750703,92.052734375
08:00:33,912810TX6,TSRYS5743665,D,S,T,2024-04-17,1000000.00,4.753317,92.013671875
08:00:33,912810TX6,TSRYS5743665,D,S,T,2024-04-17,1000000.00,4.753317,92.013671875
08:00:33,912810TX6,TSRYS5743665,D,S,T,2024-04-17,1000000.00,4.752663,92.0234375
08:00:33,912810TX6,TSRYS5743665,D,S,T,2024-04-17,1000000.00,4.75018,92.060546875
08:00:33,912810TX6,TSRYS5743665,D,S,T,2024-04-17,1000000.00,4.75018,92.060546875
08:00:33,912810TX6,TSRYS5743665,D,S,T,2024-04-17,1000000.00,4.75018,92.060546875
08:00:33,912810TX6,TSRYS5743665,D,S,T,2024-04-17,1000000.00,4.750703,92.052734375
08:00:33,912810TX6,TSRYS5743665,D,S,T,2024-04-17,1000000.00,4.750311,92.05859375
08:00:33,912810TX6,TSRYS5743665,D,S,T,2024-04-17,1000000.00,4.749005,92.078125
08:00:33,912810TX6,TSRYS5743665,D,S,T,2024-04-17,1000000.00,4.748221,92.08984375
08:00:33,912810TX6,TSRYS5743665,D,S,T,2024-04-17,1000000.00,4.74809,92.091796875
08:00:33,912810TX6,TSRYS5743665,D,S,T,2024-04-17,1000000.00,4.758681,91.93359375
08:00:33,912810TX6,TSRYS5743665,D,S,T,2024-04-17,1000000.00,4.758812,91.931640625
08:00:33,912810TX6,TSRYS5743665,D,S,T,2024-04-17,1000000.00,4.764969,91.83984375
08:00:33,912810TX6,TSRYS5743665,D,S,T,2024-04-17,1000000.00,4.763396,91.86328125
08:00:33,912810TX6,TSRYS5743665,D,S,T,2024-04-17,1000000.00,4.763659,91.859375
08:00:33,912810TX6,TSRYS5743665,D,S,T,2024-04-17,1000000.00,4.763528,91.861328125
08:00:33,912810TX6,TSRYS5743665,D,S,T,2024-04-17,1000000.00,4.765756,91.828125
08:00:33,912810TX6,TSRYS5743665,D,S,A,2024-04-17,1000000.00,4.752141,92.03125
08:00:33,912810TX6,TSRYS5743665,D,S,C,2024-04-17,500000.00,4.750807,92.05118125
08:00:37,912810TX6,TSRYS5743665,D,B,A,2024-04-17,1000000.00,4.752141,92.03125
08:00:38,912810TX6,TSRYS5743665,D,S,T,2024-04-17,1000000.00,4.777311,91.65625
08:00:38,912810TX6,TSRYS5743665,D,S,A,2024-04-17,5000000.00,4.771792,91.73828125
08:00:38,912810TX6,TSRYS5743665,D,S,A,2024-04-17,3000000.00,4.773368,91.71484375
08:00:38,912810TX6,TSRYS5743665,D,S,D,2024-04-17,1000000.00,4.758266,91.9397854924
08:00:38,912810TX6,TSRYS5743665,D,S,D,2024-04-17,1000000.00,4.756203,91.9705724187
08:00:38,912810TX6,TSRYS5743665,D,S,D,2024-04-17,1000000.00,4.756203,91.9705724187
08:00:38,912810TX6,TSRYS5743665,D,S,D,2024-04-17,1000000.00,4.756203,91.9705724187
08:00:38,912810TX6,TSRYS5743665,D,S,A,2024-04-17,5000000.00,4.768904,91.78125
08:00:38,912810TX6,TSRYS5743665,D,B,A,2024-04-17,5000000.00,4.765232,91.8359375
08:00:39,912810TX6,TSRYS5743665,D,B,A,2024-04-17,2000000.00,4.757372,91.953125
08:00:39,912810TX6,TSRYS5743665,D,B,C,2024-04-17,2000000.00,4.760252,91.91015625
08:00:39,912810TX6,TSRYS5743665,D,S,A,2024-04-17,1050000.00,4.759467,91.921875
08:00:39,912810TX6,TSRYS5743665,D,B,A,2024-04-17,5000000.00,4.764183,91.8515625
08:00:39,912810TX6,TSRYS5743665,D,S,C,2024-04-17,8000000.00,4.750964,92.048828125
08:00:39,912810TX6,TSRYS5743665,D,B,C,2024-04-17,6000000.00,4.753971,92.00390625
08:00:39,912810TX6,TSRYS5743665,D,S,D,2024-04-17,1000000.00,4.747968,92.0936302682
08:00:39,912810TX6,TSRYS5743665,D,S,T,2024-04-17,1000000.00,4.74796,92.09375
08:00:39,912810TX6,TSRYS5743665,D,S,D,2024-04-17,1000000.00,4.754232,92.0
08:00:39,912810TX6,TSRYS5743665,D,S,T,2024-04-17,1000000.00,4.754232,92.0
08:00:39,912810TX6,TSRYS5743665,D,S,T,2024-04-17,1000000.00,4.754232,92.0
08:00:39,912810TX6,TSRYS5743665,D,S,D,2024-04-17,1000000.00,4.754232,92.0
08:00:39,912810TX6,TSRYS5743665,D,S,D,2024-04-17,1000000.00,4.754232,92.0
08:00:39,912810TX6,TSRYS5743665,D,S,T,2024-04-17,1000000.00,4.754232,92.0
08:00:39,912810TX6,TSRYS5743665,D,S,D,2024-04-17,1000000.00,4.754232,92.0
08:00:39,912810TX6,TSRYS5743665,D,S,T,2024-04-17,1000000.00,4.754232,92.0
08:00:39,912810TX6,TSRYS5743665,D,S,D,2024-04-17,1000000.00,4.760214,91.9107228053
08:00:39,912810TX6,TSRYS5743665,D,S,T,2024-04-17,1000000.00,4.759467,91.921875
08:00:39,912810TX6,TSRYS5743665,D,S,D,2024-04-17,1000000.00,4.754232,92.0
08:00:39,912810TX6,TSRYS5743665,D,S,T,2024-04-17,1000000.00,4.754232,92.0
08:00:39,912810TX6,TSRYS5743665,D,S,C,2024-04-17,2200000.00,4.753709,92.0078125
08:00:39,912810TX6,TSRYS5743665,D,S,C,2024-04-17,16723000.00,4.749005,92.078125
08:00:40,912810TX6,TSRYS5743665,D,S,T,2024-04-17,1000000.00,4.759728,91.91796875
08:00:40,912810TX6,TSRYS5743665,D,S,T,2024-04-17,1000000.00,4.759728,91.91796875
08:00:40,912810TX6,TSRYS5743665,D,S,T,2024-04-17,1000000.00,4.759728,91.91796875
08:00:40,912810TX6,TSRYS5743665,D,S,D,2024-04-17,1000000.00,4.758811,91.9316555344
08:00:40,912810TX6,TSRYS5743665,D,S,D,2024-04-17,1000000.00,4.75678,91.9619662452
08:00:40,912810TX6,TSRYS5743665,D,S,D,2024-04-17,1000000.00,4.758311,91.9391132887
08:00:40,912810TX6,TSRYS5743665,D,S,D,2024-04-17,1000000.00,4.758419,91.9375
08:00:40,912810TX6,TSRYS5743665,D,S,D,2024-04-17,1000000.00,4.758419,91.9375
08:00:40,912810TX6,TSRYS5743665,D,S,D,2024-04-17,1000000.00,4.758419,91.9375
08:00:40,912810TX6,TSRYS5743665,D,S,D,2024-04-17,1000000.00,4.758419,91.9375
08:00:40,912810TX6,TSRYS5743665,D,S,D,2024-04-17,1000000.00,4.758419,91.9375
08:00:40,912810TX6,TSRYS5743665,D,S,D,2024-04-17,1000000.00,4.758419,91.9375
08:00:40,912810TX6,TSRYS5743665,D,S,D,2024-04-17,1000000.00,4.755279,91.984375
08:00:40,912810TX6,TSRYS5743665,D,S,D,2024-04-17,1000000.00,4.755279,91.984375
08:00:40,912810TX6,TSRYS5743665,D,S,D,2024-04-17,1000000.00,4.755279,91.984375
08:00:40,912810TX6,TSRYS5743665,D,S,D,2024-04-17,1000000.00,4.75525,91.9848081979
08:00:40,912810TX6,TSRYS5743665,D,S,D,2024-04-17,1000000.00,4.75575,91.9773392686
08:00:40,912810TX6,TSRYS5743665,D,S,D,2024-04-17,1000000.00,4.758419,91.9375
08:00:40,912810TX6,TSRYS5743665,D,S,D,2024-04-17,1000000.00,4.758419,91.9375
08:00:40,912810TX6,TSRYS5743665,D,S,D,2024-04-17,1000000.00,4.758419,91.9375
08:00:40,912810TX6,TSRYS5743665,D,S,D,2024-04-17,1000000.00,4.758419,91.9375
08:00:40,912810TX6,TSRYS5743665,D,S,D,2024-04-17,1000000.00,4.758419,91.9375
08:00:40,912810TX6,TSRYS5743665,D,S,D,2024-04-17,1000000.00,4.758311,91.9391132887
08:00:40,912810TX6,TSRYS5743665,D,S,D,2024-04-17,1000000.00,4.758419,91.9375
08:00:40,912810TX6,TSRYS5743665,D,S,D,2024-04-17,1000000.00,4.758311,91.9391132887
08:00:40,912810TX6,TSRYS5743665,D,S,D,2024-04-17,1000000.00,4.758311,91.9391132887
08:00:40,912810TX6,TSRYS5743665,D,S,D,2024-04-17,1000000.00,4.758311,91.9391132887
08:00:40,912810TX6,TSRYS5743665,D,S,D,2024-04-17,1000000.00,4.758311,91.9391132887
08:00:40,912810TX6,TSRYS5743665,D,S,D,2024-04-17,1000000.00,4.758419,91.9375
08:00:40,912810TX6,TSRYS5743665,D,S,D,2024-04-17,1000000.00,4.758311,91.9391132887
08:00:40,912810TX6,TSRYS5743665,D,S,D,2024-04-17,1000000.00,4.758311,91.9391132887
08:00:40,912810TX6,TSRYS5743665,D,S,D,2024-04-17,1000000.00,4.758419,91.9375
08:00:40,912810TX6,TSRYS5743665,D,B,A,2024-04-17,31650000.00,4.754213,92.0
08:00:40,912810TX6,TSRYS5743665,D,S,D,2024-04-17,1000000.00,4.758311,91.9391132887
08:00:40,912810TX6,TSRYS5743665,D,S,D,2024-04-17,1000000.00,4.75728,91.954499283
08:00:40,912810TX6,TSRYS5743665,D,B,C,2024-04-17,5000000.00,4.755933,91.974609375
08:00:40,912810TX6,TSRYS5743665,D,S,T,2024-04-17,1000000.00,4.756325,91.96875
08:00:40,912810TX6,TSRYS5743665,D,S,D,2024-04-17,500000.00,4.764445,91.84765625
08:00:40,912810TX6,TSRYS5743665,D,S,T,2024-04-17,1000000.00,4.765232,91.8359375
08:00:40,912810TX6,TSRYS5743665,D,S,T,2024-04-17,1000000.00,4.765232,91.8359375
08:00:40,912810TX6,TSRYS5743665,D,S,C,2024-04-17,190000.00,4.761038,91.8984375
08:00:40,912810TX6,TSRYS5743665,D,S,T,2024-04-17,1000000.00,4.761955,91.884765625
08:00:40,912810TX6,TSRYS5743665,D,S,T,2024-04-17,1000000.00,4.761955,91.884765625
08:00:40,912810TX6,TSRYS5743665,D,S,T,2024-04-17,1000000.00,4.762741,91.873046875
08:00:40,912810TX6,TSRYS5743665,D,S,D,2024-04-17,1000000.00,4.763659,91.859375
08:00:40,912810TX6,TSRYS5743665,D,S,D,2024-04-17,1000000.00,4.763405,91.8631547619
08:00:40,912810TX6,TSRYS5743665,D,S,D,2024-04-17,1000000.00,4.763405,91.8631547619
08:00:40,912810TX6,TSRYS5743665,D,S,D,2024-04-17,1000000.00,4.763405,91.8631547619
08:00:40,912810TX6,TSRYS5743665,D,S,A,2024-04-17,5000000.00,4.767592,91.80078125
08:00:40,912810TX6,TSRYS5743665,D,S,D,2024-04-17,1000000.00,4.763659,91.859375
08:00:40,912810TX6,TSRYS5743665,D,S,D,2024-04-17,1000000.00,4.763405,91.8631547619
08:00:40,912810TX6,TSRYS5743665,D,S,T,2024-04-17,1000000.00,4.763659,91.859375
08:00:40,912810TX6,TSRYS5743665,D,S,D,2024-04-17,155000.00,4.763134,91.8671875
08:00:40,912810TX6,TSRYS5743665,D,S,D,2024-04-17,1000000.00,4.763659,91.859375
08:00:40,912810TX6,TSRYS5743665,D,S,T,2024-04-17,1000000.00,4.763659,91.859375
08:00:40,912810TX6,TSRYS5743665,D,S,T,2024-04-17,1000000.00,4.763659,91.859375
08:00:40,912810TX6,TSRYS5743665,D,S,T,2024-04-17,1000000.00,4.763659,91.859375
08:00:40,912810TX6,TSRYS5743665,D,S,D,2024-04-17,1000000.00,4.763659,91.859375
08:00:40,912810TX6,TSRYS5743665,D,S,T,2024-04-17,1000000.00,4.764707,91.84375
08:00:40,912810TX6,TSRYS5743665,D,S,T,2024-04-17,1000000.00,4.763659,91.859375
08:00:40,912810TX6,TSRYS5743665,D,S,T,2024-04-17,1000000.00,4.763659,91.859375
08:00:40,912810TX6,TSRYS5743665,D,S,T,2024-04-17,1000000.00,4.763659,91.859375
08:00:40,912810TX6,TSRYS5743665,D,S,T,2024-04-17,1000000.00,4.763659,91.859375
08:00:40,912810TX6,TSRYS5743665,D,S,T,2024-04-17,1000000.00,4.76261,91.875
08:00:40,912810TX6,TSRYS5743665,D,S,T,2024-04-17,1000000.00,4.76261,91.875
08:00:40,912810TX6,TSRYS5743665,D,S,D,2024-04-17,1000000.00,4.764707,91.84375
08:00:40,912810TX6,TSRYS5743665,D,S,D,2024-04-17,1000000.00,4.763659,91.859375
08:00:40,912810TX6,TSRYS5743665,D,S,D,2024-04-17,1000000.00,4.763659,91.859375
08:00:40,912810TX6,TSRYS5743665,D,S,D,2024-04-17,1000000.00,4.763405,91.8631547619
08:00:40,912810TX6,TSRYS5743665,D,S,D,2024-04-17,1000000.00,4.76261,91.875
08:00:40,912810TX6,TSRYS5743665,D,S,D,2024-04-17,1000000.00,4.763659,91.859375
08:00:40,912810TX6,TSRYS5743665,D,S,D,2024-04-17,1000000.00,4.763659,91.859375
08:00:40,912810TX6,TSRYS5743665,D,S,D,2024-04-17,1000000.00,4.763659,91.859375
08:00:40,912810TX6,TSRYS5743665,D,S,D,2024-04-17,1000000.00,4.763659,91.859375
08:00:40,912810TX6,TSRYS5743665,D,S,D,2024-04-17,1000000.00,4.763659,91.859375
08:00:40,912810TX6,TSRYS5743665,D,S,D,2024-04-17,1000000.00,4.763659,91.859375
08:00:40,912810TX6,TSRYS5743665,D,S,D,2024-04-17,1000000.00,4.763659,91.859375
08:00:40,912810TX6,TSRYS5743665,D,S,D,2024-04-17,1000000.00,4.764707,91.84375
08:00:40,912810TX6,TSRYS5743665,D,S,D,2024-04-17,1000000.00,4.764707,91.84375
08:00:40,912810TX6,TSRYS5743665,D,S,D,2024-04-17,1000000.00,4.764707,91.84375
08:00:40,912810TX6,TSRYS5743665,D,S,D,2024-04-17,1000000.00,4.764707,91.84375
08:00:40,912810TX6,TSRYS5743665,D,S,T,2024-04-17,1000000.00,4.763659,91.859375
08:00:41,912810TX6,TSRYS5743665,D,S,T,2024-04-17,1000000.00,4.763134,91.8671875
08:00:41,912810TX6,TSRYS5743665,D,S,T,2024-04-17,1000000.00,4.76261,91.875
08:00:41,912810TX6,TSRYS5743665,D,S,T,2024-04-17,1000000.00,4.76261,91.875
08:00:41,912810TX6,TSRYS5743665,D,S,T,2024-04-17,1000000.00,4.76261,91.875
08:00:41,912810TX6,TSRYS5743665,D,S,T,2024-04-17,1000000.00,4.761562,91.890625
08:00:41,912810TX6,TSRYS5743665,D,S,T,2024-04-17,1000000.00,4.760514,91.90625
08:00:41,912810TX6,TSRYS5743665,D,B,C,2024-04-17,13000000.00,4.762758,91.8727980769
08:00:41,912810TX6,TSRYS5743665,D,S,T,2024-04-17,1000000.00,4.760514,91.90625
08:00:41,912810TX6,TSRYS5743665,D,S,T,2024-04-17,1000000.00,4.756325,91.96875
08:00:41,912810TX6,TSRYS5743665,D,B,C,2024-04-17,3000000.00,4.752141,92.03125
08:00:41,912810TX6,TSRYS5743665,D,S,D,2024-04-17,3000000.00,4.752141,92.03125
08:00:43,912810TX6,TSRYS5743665,D,S,D,2024-04-17,13000000.00,4.751269,92.044270833
08:00:43,912810TX6,TSRYS5743665,D,S,D,2024-04-17,7000000.00,4.76467,91.8443
08:00:43,912810TX6,TSRYS5743665,D,S,C,2024-04-17,2000000.00,4.758419,91.9375
08:00:43,912810TX6,TSRYS5743665,D,S,D,2024-04-17,1000000.00,4.751879,92.03515625
08:00:43,912810TX6,TSRYS5743665,D,B,A,2024-04-17,5000000.00,4.751618,92.0390625
08:00:43,912810TX6,TSRYS5743665,D,S,D,2024-04-17,1000000.00,4.751095,92.046875
08:00:43,912810TX6,TSRYS5743665,D,S,A,2024-04-17,330000.00,4.768117,91.79296875
08:00:43,912810TX6,TSRYS5743665,D,S,A,2024-04-17,46000.00,4.763134,91.8671875
08:00:43,912810TX6,TSRYS5743665,D,S,T,2024-04-17,1000000.00,4.76261,91.875
08:00:43,912810TX6,TSRYS5743665,D,S,T,2024-04-17,1000000.00,4.764707,91.84375
08:00:43,912810TX6,TSRYS5743665,D,S,T,2024-04-17,1000000.00,4.761562,91.890625
08:00:44,912810TX6,TSRYS5743665,D,S,T,2024-04-17,1000000.00,4.759467,91.921875
08:00:44,912810TX6,TSRYS5743665,D,S,T,2024-04-17,1000000.00,4.759467,91.921875
08:00:44,912810TX6,TSRYS5743665,D,S,T,2024-04-17,1000000.00,4.760514,91.90625
08:00:44,912810TX6,TSRYS5743665,D,S,T,2024-04-17,1000000.00,4.760514,91.90625
08:00:44,912810TX6,TSRYS5743665,D,S,T,2024-04-17,1000000.00,4.757372,91.953125
08:00:44,912810TX6,TSRYS5743665,D,S,T,2024-04-17,1000000.00,4.752794,92.021484375
08:00:45,912810TX6,TSRYS5743665,D,S,T,2024-04-17,1000000.00,4.777574,91.65234375
08:00:45,912810TX6,TSRYS5743665,D,S,T,2024-04-17,1000000.00,4.772055,91.734375
08:00:45,912810TX6,TSRYS5743665,D,S,T,2024-04-17,1000000.00,4.771004,91.75
08:00:45,912810TX6,TSRYS5743665,D,S,T,2024-04-17,1000000.00,4.765756,91.828125
08:00:45,912810TX6,TSRYS5743665,D,S,T,2024-04-17,1000000.00,4.765756,91.828125
08:00:45,912810TX6,TSRYS5743665,D,S,T,2024-04-17,1000000.00,4.764707,91.84375
08:00:45,912810TX6,TSRYS5743665,D,S,D,2024-04-17,1000000.00,4.763659,91.859375
08:00:45,912810TX6,TSRYS5743665,D,S,T,2024-04-17,1000000.00,4.763659,91.859375
08:00:45,912810TX6,TSRYS5743665,D,S,D,2024-04-17,1000000.00,4.764707,91.84375
08:00:45,912810TX6,TSRYS5743665,D,S,T,2024-04-17,1000000.00,4.765232,91.8359375
08:00:45,912810TX6,TSRYS5743665,D,S,D,2024-04-17,2000000.00,4.754494,91.99609375
08:00:45,912810TX6,TSRYS5743665,D,S,T,2024-04-17,1000000.00,4.754102,92.001953125
08:00:45,912810TX6,TSRYS5743665,D,S,T,2024-04-17,1000000.00,4.754232,92.0
08:00:45,912810TX6,TSRYS5743665,D,S,D,2024-04-17,1000000.00,4.753709,92.0078125
08:00:45,912810TX6,TSRYS5743665,D,S,T,2024-04-17,1000000.00,4.753186,92.015625
08:00:45,912810TX6,TSRYS5743665,D,S,T,2024-04-17,1000000.00,4.754232,92.0
08:00:45,912810TX6,TSRYS5743665,D,S,T,2024-04-17,1000000.00,4.754232,92.0
08:00:45,912810TX6,TSRYS5743665,D,S,T,2024-04-17,1000000.00,4.754232,92.0
08:00:45,912810TX6,TSRYS5743665,D,S,D,2024-04-17,1000000.00,4.754232,92.0
08:00:45,912810TX6,TSRYS5743665,D,S,T,2024-04-17,1000000.00,4.759467,91.921875
08:00:45,912810TX6,TSRYS5743665,D,S,D,2024-04-17,1000000.00,4.760514,91.90625
08:00:45,912810TX6,TSRYS5743665,D,S,T,2024-04-17,1000000.00,4.759467,91.921875
08:00:45,912810TX6,TSRYS5743665,D,S,D,2024-04-17,1000000.00,4.768904,91.78125
08:00:45,912810TX6,TSRYS5743665,D,S,T,2024-04-17,1000000.00,4.765756,91.828125
08:00:45,912810TX6,TSRYS5743665,D,S,D,2024-04-17,1000000.00,4.765756,91.828125
08:00:45,912810TX6,TSRYS5743665,D,S,T,2024-04-17,1000000.00,4.769954,91.765625
08:00:45,912810TX6,TSRYS5743665,D,S,T,2024-04-17,1000000.00,4.771004,91.75
08:00:45,912810TX6,TSRYS5743665,D,S,T,2024-04-17,1000000.00,4.771004,91.75
08:00:45,912810TX6,TSRYS5743665,D,S,T,2024-04-17,1000000.00,4.770479,91.7578125
08:00:45,912810TX6,TSRYS5743665,D,S,T,2024-04-17,1000000.00,4.768248,91.791015625
08:00:45,912810TX6,TSRYS5743665,D,S,T,2024-04-17,1000000.00,4.765756,91.828125
08:00:45,912810TX6,TSRYS5743665,D,S,T,2024-04-17,1000000.00,4.765756,91.828125
08:00:45,912810TX6,TSRYS5743665,D,S,T,2024-04-17,1000000.00,4.764707,91.84375
08:00:45,912810TX6,TSRYS5743665,D,S,T,2024-04-17,2000000.00,4.74796,92.09375
08:00:45,912810TX6,TSRYS5743665,D,S,T,2024-04-17,1000000.00,4.752271,92.029296875
08:00:45,912810TX6,TSRYS5743665,D,S,T,2024-04-17,1000000.00,4.752141,92.03125
08:00:45,912810TX6,TSRYS5743665,D,S,T,2024-04-17,1000000.00,4.752141,92.03125
08:00:45,912810TX6,TSRYS5743665,D,S,T,2024-04-17,1000000.00,4.753186,92.015625
08:00:45,912810TX6,TSRYS5743665,D,S,T,2024-04-17,1000000.00,4.754232,92.0
08:00:45,912810TX6,TSRYS5743665,D,S,T,2024-04-17,1000000.00,4.752141,92.03125
08:00:45,912810TX6,TSRYS5743665,D,S,D,2024-04-17,2000000.00,4.754761,91.9921
08:00:45,912810TX6,TSRYS5743665,D,S,T,2024-04-17,1000000.00,4.760514,91.90625
08:00:45,912810TX6,TSRYS5743665,D,S,T,2024-04-17,1000000.00,4.751748,92.037109375
08:00:45,912810TX6,TSRYS5743665,D,S,T,2024-04-17,1000000.00,4.751748,92.037109375
08:00:45,912810TX6,TSRYS5743665,D,S,T,2024-04-17,1000000.00,4.753186,92.015625
08:00:45,912810TX6,TSRYS5743665,D,S,T,2024-04-17,1000000.00,4.755017,91.98828125
08:00:45,912810TX6,TSRYS5743665,D,S,T,2024-04-17,1000000.00,4.757372,91.953125
08:00:45,912810TX6,TSRYS5743665,D,S,T,2024-04-17,1000000.00,4.756456,91.966796875
08:00:45,912810TX6,TSRYS5743665,D,S,T,2024-04-17,1000000.00,4.758419,91.9375
08:00:45,912810TX6,TSRYS5743665,D,S,T,2024-04-17,1000000.00,4.760514,91.90625
08:00:45,912810TX6,TSRYS5743665,D,S,T,2024-04-17,1000000.00,4.760514,91.90625
08:00:45,912810TX6,TSRYS5743665,D,S,T,2024-04-17,1000000.00,4.757372,91.953125
08:00:45,912810TX6,TSRYS5743665,D,S,T,2024-04-17,1000000.00,4.757372,91.953125
08:00:46,912810TX6,TSRYS5743665,D,S,A,2024-04-17,58200.00,4.750834,92.05078125
08:00:46,912810TX6,TSRYS5743665,D,S,T,2024-04-17,1000000.00,4.752141,92.03125
08:00:46,912810TX6,TSRYS5743665,D,S,T,2024-04-17,1000000.00,4.749005,92.078125
08:00:46,912810TX6,TSRYS5743665,D,S,T,2024-04-17,1000000.00,4.754363,91.998046875
08:00:46,912810TX6,TSRYS5743665,D,S,T,2024-04-17,1000000.00,4.75005,92.0625
08:00:46,912810TX6,TSRYS5743665,D,S,T,2024-04-17,1000000.00,4.753579,92.009765625
08:00:46,912810TX6,TSRYS5743665,D,S,T,2024-04-17,1000000.00,4.753709,92.0078125
08:00:46,912810TX6,TSRYS5743665,D,S,T,2024-04-17,1000000.00,4.752141,92.03125
08:00:46,912810TX6,TSRYS5743665,D,S,D,2024-04-17,1000000.00,4.752402,92.02734375
08:00:46,912810TX6,TSRYS5743665,D,S,T,2024-04-17,1000000.00,4.75005,92.0625
08:00:46,912810TX6,TSRYS5743665,D,S,T,2024-04-17,1000000.00,4.75018,92.060546875
08:00:46,912810TX6,TSRYS5743665,D,S,T,2024-04-17,1000000.00,4.758419,91.9375
08:00:46,912810TX6,TSRYS5743665,D,S,D,2024-04-17,1000000.00,4.758943,91.9296875
08:00:46,912810TX6,TSRYS5743665,D,S,T,2024-04-17,1000000.00,4.756587,91.96484375
08:00:46,912810TX6,TSRYS5743665,D,S,T,2024-04-17,1000000.00,4.75554,91.98046875
08:00:46,912810TX6,TSRYS5743665,D,S,D,2024-04-17,1000000.00,4.764183,91.8515625
08:00:46,912810TX6,TSRYS5743665,D,S,T,2024-04-17,1000000.00,4.764969,91.83984375
08:00:46,912810TX6,TSRYS5743665,D,S,T,2024-04-17,1000000.00,4.763659,91.859375
08:00:46,912810TX6,TSRYS5743665,D,S,T,2024-04-17,1000000.00,4.759467,91.921875
08:00:46,912810TX6,TSRYS5743665,D,S,T,2024-04-17,1000000.00,4.754232,92.0
08:00:47,912810TX6,TSRYS5743665,D,S,D,2024-04-17,1000000.00,4.750572,92.0546875
08:00:47,912810TX6,TSRYS5743665,D,S,D,2024-04-17,8000000.00,4.749701,92.067708333
08:00:47,912810TX6,TSRYS5743665,D,S,D,2024-04-17,1000000.00,4.749005,92.078125
08:00:47,912810TX6,TSRYS5743665,D,S,A,2024-04-17,23500000.00,4.766543,91.81640625
08:00:47,912810TX6,TSRYS5743665,D,S,D,2024-04-17,500000.00,,92.05118125
08:00:47,912810TX6,TSRYS5743665,D,S,D,2024-04-17,500000.00,4.752141,92.03125
08:00:47,912810TX6,TSRYS5743665,D,S,D,2024-04-17,1000000.00,4.754232,92.0
08:00:47,912810TX6,TSRYS5743665,D,S,D,2024-04-17,1000000.00,4.754232,92.0
08:00:48,912810TX6,TSRYS5743665,D,B,C,2024-04-17,5000000.00,4.764183,91.8515625
08:00:48,912810TX6,TSRYS5743665,D,S,T,2024-04-17,1000000.00,4.76261,91.875
08:00:48,912810TX6,TSRYS5743665,D,B,C,2024-04-17,23000000.00,4.767148,91.8074
08:00:48,912810TX6,TSRYS5743665,D,S,T,2024-04-17,1000000.00,4.760514,91.90625
08:00:48,912810TX6,TSRYS5743665,D,S,A,2024-04-17,2800000.00,4.745858,92.1252
08:00:48,912810TX6,TSRYS5743665,D,S,T,2024-04-17,1000000.00,4.759467,91.921875
08:00:48,912810TX6,TSRYS5743665,D,S,T,2024-04-17,1000000.00,4.758419,91.9375
08:00:48,912810TX6,TSRYS5743665,D,S,T,2024-04-17,1000000.00,4.758027,91.943359375
08:00:48,912810TX6,TSRYS5743665,D,S,T,2024-04-17,1000000.00,4.758157,91.94140625
08:00:48,912810TX6,TSRYS5743665,D,S,T,2024-04-17,1000000.00,4.758027,91.943359375
08:00:48,912810TX6,TSRYS5743665,D,S,T,2024-04-17,1000000.00,4.758157,91.94140625
08:00:48,912810TX6,TSRYS5743665,D,S,T,2024-04-17,1000000.00,4.758027,91.943359375
08:00:48,912810TX6,TSRYS5743665,D,S,T,2024-04-17,1000000.00,4.758027,91.943359375
08:00:49,912810TX6,TSRYS5743665,D,S,D,2024-04-17,1000000.00,4.763659,91.859375
08:00:49,912810TX6,TSRYS5743665,D,S,A,2024-04-17,10000000.00,4.750298,92.05879375
08:00:49,912810TX6,TSRYS5743665,D,S,C,2024-04-17,270000.00,4.754252,92.0
08:00:49,912810TX6,TSRYS5743665,D,S,T,2024-04-17,1000000.00,4.758681,91.93359375
08:00:49,912810TX6,TSRYS5743665,D,S,T,2024-04-17,1000000.00,4.756325,91.96875
08:00:49,912810TX6,TSRYS5743665,D,S,T,2024-04-17,1000000.00,4.763659,91.859375
08:00:49,912810TX6,TSRYS5743665,D,S,D,2024-04-17,770000.00,4.763659,91.859375
08:00:50,912810TX6,TSRYS5743665,D,S,D,2024-04-17,3000000.00,4.758812,91.931640625
08:00:50,912810TX6,TSRYS5743665,D,S,T,2024-04-17,1000000.00,4.764838,91.841796875
08:00:51,912810TX6,TSRYS5743665,D,S,T,2024-04-17,1000000.00,4.751624,92.0389625
08:00:51,912810TX6,TSRYS5743665,D,B,C,2024-04-17,10400000.00,4.75948,91.921675
08:00:51,912810TX6,TSRYS5743665,D,S,T,2024-04-17,1000000.00,4.756725,91.962790625
08:00:51,912810TX6,TSRYS5743665,D,S,T,2024-04-17,1000000.00,4.756725,91.962790625
08:00:51,912810TX6,TSRYS5743665,D,S,T,2024-04-17,1000000.00,4.764838,91.841796875
08:00:52,912810TX6,TSRYS5743665,D,S,T,2024-04-17,1000000.00,4.758033,91.943259375
08:00:52,912810TX6,TSRYS5743665,D,B,A,2024-04-17,600000.00,4.763134,91.8671875
08:00:52,912810TX6,TSRYS5743665,D,S,D,2024-04-17,5000000.00,4.765494,91.83203125
08:00:52,912810TX6,TSRYS5743665,D,B,C,2024-04-17,7000000.00,4.76467,91.8443
08:00:53,912810TX6,TSRYS5743665,D,S,D,2024-04-17,1000000.00,4.751618,92.0390625
08:00:53,912810TX6,TSRYS5743665,D,S,D,2024-04-17,1000000.00,4.751879,92.03515625
08:00:53,912810TX6,TSRYS5743665,D,S,D,2024-04-17,2000000.00,4.752663,92.0234375
08:00:53,912810TX6,TSRYS5743665,D,S,D,2024-04-17,2000000.00,4.752402,92.02734375
08:00:53,912810TX6,TSRYS5743665,D,S,A,2024-04-17,10000000.00,4.753696,92.0080125
08:00:53,912810TX6,TSRYS5743665,D,S,T,2024-04-17,1000000.00,4.758419,91.9375
08:00:53,912810TX6,TSRYS5743665,D,S,T,2024-04-17,1000000.00,4.76261,91.875
08:00:53,912810TX6,TSRYS5743665,D,S,T,2024-04-17,1000000.00,4.764707,91.84375
08:00:53,912810TX6,TSRYS5743665,D,S,T,2024-04-17,1000000.00,4.761562,91.890625
08:00:53,912810TX6,TSRYS5743665,D,S,T,2024-04-17,1000000.00,4.759467,91.921875
08:00:53,912810TX6,TSRYS5743665,D,S,T,2024-04-17,1000000.00,4.759467,91.921875
08:00:53,912810TX6,TSRYS5743665,D,S,T,2024-04-17,1000000.00,4.759467,91.921875
08:00:53,912810TX6,TSRYS5743665,D,S,T,2024-04-17,1000000.00,4.759467,91.921875
08:00:53,912810TX6,TSRYS5743665,D,B,A,2024-04-17,1000000.00,4.755017,91.98828125
08:00:53,912810TX6,TSRYS5743665,D,S,T,2024-04-17,1000000.00,4.752141,92.03125
08:00:54,912810TX6,TSRYS5743665,D,S,T,2024-04-17,1000000.00,4.754232,92.0
08:00:54,912810TX6,TSRYS5743665,D,S,T,2024-04-17,1000000.00,4.754232,92.0
08:00:54,912810TX6,TSRYS5743665,D,S,T,2024-04-17,1000000.00,4.754232,92.0
08:00:54,912810TX6,TSRYS5743665,D,S,T,2024-04-17,1000000.00,4.754232,92.0
08:00:54,912810TX6,TSRYS5743665,D,S,T,2024-04-17,3000000.00,4.753186,92.015625
08:00:54,912810TX6,TSRYS5743665,D,S,T,2024-04-17,3000000.00,4.752141,92.03125
08:00:54,912810TX6,TSRYS5743665,D,S,T,2024-04-17,1000000.00,4.74796,92.09375
08:00:55,912810TX6,TSRYS5743665,D,S,T,2024-04-17,2000000.00,4.74796,92.09375
08:00:55,912810TX6,TSRYS5743665,D,S,T,2024-04-17,1000000.00,4.752141,92.03125
08:00:55,912810TX6,TSRYS5743665,D,S,T,2024-04-17,1000000.00,4.752141,92.03125
08:00:55,912810TX6,TSRYS5743665,D,S,T,2024-04-17,1000000.00,4.752141,92.03125
08:00:55,912810TX6,TSRYS5743665,D,S,T,2024-04-17,1000000.00,4.751095,92.046875
08:00:55,912810TX6,TSRYS5743665,D,S,T,2024-04-17,1000000.00,4.753186,92.015625
08:00:55,912810TX6,TSRYS5743665,D,B,A,2024-04-17,5000000.00,4.752925,92.01953125
08:00:55,912810TX6,TSRYS5743665,D,S,D,2024-04-17,1000000.00,4.752402,92.02734375
08:00:55,912810TX6,TSRYS5743665,D,S,T,2024-04-17,1000000.00,4.754102,92.001953125
08:00:55,912810TX6,TSRYS5743665,D,S,T,2024-04-17,1000000.00,4.754102,92.001953125
08:00:55,912810TX6,TSRYS5743665,D,S,T,2024-04-17,1000000.00,4.754232,92.0
08:00:55,912810TX6,TSRYS5743665,D,S,D,2024-04-17,1000000.00,4.754232,92.0
08:00:55,912810TX6,TSRYS5743665,D,S,D,2024-04-17,3000000.00,4.758068,91.94274
08:00:55,912810TX6,TSRYS5743665,D,S,D,2024-04-17,2000000.00,4.756482,91.96641
08:00:55,912810TX6,TSRYS5743665,D,S,D,2024-04-17,1000000.00,4.751879,92.03515625
08:00:55,912810TX6,TSRYS5743665,D,S,D,2024-04-17,1000000.00,4.753448,92.01171875
08:00:55,912810TX6,TSRYS5743665,D,S,T,2024-04-17,1000000.00,4.755279,91.984375
08:00:55,912810TX6,TSRYS5743665,D,S,D,2024-04-17,1000000.00,4.755017,91.98828125
08:00:55,912810TX6,TSRYS5743665,D,S,T,2024-04-17,1000000.00,4.755279,91.984375
08:00:55,912810TX6,TSRYS5743665,D,S,T,2024-04-17,1000000.00,4.753579,92.009765625
08:00:55,912810TX6,TSRYS5743665,D,S,T,2024-04-17,1000000.00,4.753709,92.0078125
08:00:55,912810TX6,TSRYS5743665,D,S,T,2024-04-17,1000000.00,4.753709,92.0078125
08:00:55,912810TX6,TSRYS5743665,D,S,T,2024-04-17,1000000.00,4.752141,92.03125
08:00:56,912810TX6,TSRYS5743665,D,S,T,2024-04-17,1000000.00,4.754232,92.0
08:00:56,912810TX6,TSRYS5743665,D,S,T,2024-04-17,1000000.00,4.754239,91.999898
08:00:57,912810TX6,TSRYS5743665,D,S,T,2024-04-17,1000000.00,4.754239,91.999898
08:00:57,912810TX6,TSRYS5743665,D,S,T,2024-04-17,1000000.00,4.754239,91.999898
08:00:57,912810TX6,TSRYS5743665,D,S,T,2024-04-17,1000000.00,4.754239,91.999898
08:00:57,912810TX6,TSRYS5743665,D,S,T,2024-04-17,1000000.00,4.754239,91.999898
08:00:57,912810TX6,TSRYS5743665,D,S,D,2024-04-17,1000000.00,4.749005,92.078125
08:00:57,912810TX6,TSRYS5743665,D,S,T,2024-04-17,1000000.00,4.754232,92.0
08:00:57,912810TX6,TSRYS5743665,D,S,T,2024-04-17,1000000.00,4.754232,92.0
08:00:57,912810TX6,TSRYS5743665,D,S,T,2024-04-17,2000000.00,4.754239,91.999898
08:00:57,912810TX6,TSRYS5743665,D,S,T,2024-04-17,1000000.00,4.754239,91.999898
08:00:57,912810TX6,TSRYS5743665,D,S,A,2024-04-17,5000000.00,4.748482,92.0859375
08:00:57,912810TX6,TSRYS5743665,D,S,T,2024-04-17,1000000.00,4.755286,91.984273
08:00:57,912810TX6,TSRYS5743665,D,S,T,2024-04-17,1000000.00,4.755286,91.984273
08:00:57,912810TX6,TSRYS5743665,D,S,T,2024-04-17,1000000.00,4.755286,91.984273
08:00:58,912810TX6,TSRYS5743665,D,S,T,2024-04-17,1000000.00,4.755286,91.984273
08:00:58,912810TX6,TSRYS5743665,D,S,A,2024-04-17,10000000.00,4.747163,92.10566875
08:00:58,912810TX6,TSRYS5743665,D,S,T,2024-04-17,1000000.00,4.755286,91.984273
08:00:59,912810TX6,TSRYS5743665,D,S,T,2024-04-17,1000000.00,4.752147,92.031148
08:00:59,912810TX6,TSRYS5743665,D,S,C,2024-04-17,9200000.00,4.750559,92.0548875
08:00:59,912810TX6,TSRYS5743665,D,S,T,2024-04-17,1000000.00,4.752147,92.031148
08:00:59,912810TX6,TSRYS5743665,D,S,T,2024-04-17,1000000.00,4.752147,92.031148
08:00:59,912810TX6,TSRYS5743665,D,S,T,2024-04-17,1000000.00,4.752147,92.031148
08:00:59,912810TX6,TSRYS5743665,D,S,T,2024-04-17,1000000.00,4.752147,92.031148
08:00:59,912810TX6,TSRYS5743665,D,S,T,2024-04-17,1000000.00,4.752147,92.031148
08:00:59,912810TX6,TSRYS5743665,D,S,C,2024-04-17,6800000.00,4.751604,92.0392625
08:00:59,912810TX6,TSRYS5743665,D,S,D,2024-04-17,2000000.00,4.764183,91.8515625
08:00:59,912810TX6,TSRYS5743665,D,S,D,2024-04-17,1000000.00,4.764183,91.8515625
08:00:59,912810TX6,TSRYS5743665,D,S,D,2024-04-17,1000000.00,4.764969,91.83984375
08:01:00,912810TX6,TSRYS5743665,D,S,T,2024-04-17,1000000.00,4.76039,91.908103125
08:01:00,912810TX6,TSRYS5743665,D,S,D,2024-04-17,1000000.00,4.763659,91.859375
08:01:00,912810TX6,TSRYS5743665,D,B,C,2024-04-17,2000000.00,4.766018,91.82421875
08:01:00,912810TX6,TSRYS5743665,D,S,D,2024-04-17,1000000.00,4.767855,91.796875
08:01:00,912810TX6,TSRYS5743665,D,B,C,2024-04-17,1000000.00,4.758681,91.93359375
08:01:00,912810TX6,TSRYS5743665,D,S,D,2024-04-17,1000000.00,4.755017,91.98828125
08:01:00,912810TX6,TSRYS5743665,D,S,D,2024-04-17,1000000.00,4.755017,91.98828125
08:01:00,912810TX6,TSRYS5743665,D,B,C,2024-04-17,1000000.00,4.755017,91.98828125
08:01:00,912810TX6,TSRYS5743665,D,S,D,2024-04-17,2000000.00,4.766018,91.82421875
08:01:00,912810TX6,TSRYS5743665,D,S,C,2024-04-17,1000000.00,4.754494,91.99609375
08:01:00,912810TX6,TSRYS5743665,D,S,C,2024-04-17,1000000.00,4.754232,92.0
08:01:00,912810TX6,TSRYS5743665,D,S,D,2024-04-17,1000000.00,4.763659,91.859375
08:01:00,912810TX6,TSRYS5743665,D,S,D,2024-04-17,1000000.00,4.760514,91.90625
08:01:00,912810TX6,TSRYS5743665,D,S,C,2024-04-17,1000000.00,4.754494,91.99609375
08:01:00,912810TX6,TSRYS5743665,D,S,D,2024-04-17,1000000.00,4.76261,91.875
08:01:00,912810TX6,TSRYS5743665,D,S,T,2024-04-17,1000000.00,4.760529,91.906023
08:01:00,912810TX6,TSRYS5743665,D,S,D,2024-04-17,1000000.00,4.764707,91.84375
08:01:00,912810TX6,TSRYS5743665,D,B,C,2024-04-17,1000000.00,4.757634,91.94921875
08:01:00,912810TX6,TSRYS5743665,D,S,D,2024-04-17,1000000.00,4.758681,91.93359375
08:01:00,912810TX6,TSRYS5743665,D,B,C,2024-04-17,1000000.00,4.754232,92.0
08:01:00,912810TX6,TSRYS5743665,D,S,C,2024-04-17,2000000.00,4.754232,92.0
08:01:00,912810TX6,TSRYS5743665,D,S,C,2024-04-17,1000000.00,4.754494,91.99609375
08:01:00,912810TX6,TSRYS5743665,D,S,C,2024-04-17,1000000.00,4.757634,91.94921875
08:01:00,912810TX6,TSRYS5743665,D,S,D,2024-04-17,1000000.00,4.756849,91.9609375
08:01:00,912810TX6,TSRYS5743665,D,S,D,2024-04-17,1000000.00,4.760514,91.90625
08:01:00,912810TX6,TSRYS5743665,D,S,C,2024-04-17,1000000.00,4.769692,91.76953125
08:01:00,912810TX6,TSRYS5743665,D,S,D,2024-04-17,1000000.00,4.75711,91.95703125
08:01:00,912810TX6,TSRYS5743665,D,S,T,2024-04-17,1000000.00,4.760529,91.906023
08:01:00,912810TX6,TSRYS5743665,D,S,C,2024-04-17,1000000.00,4.757634,91.94921875
08:01:00,912810TX6,TSRYS5743665,D,S,C,2024-04-17,1000000.00,4.767855,91.796875
08:01:00,912810TX6,TSRYS5743665,D,S,C,2024-04-17,1000000.00,4.767855,91.796875
08:01:00,912810TX6,TSRYS5743665,D,S,C,2024-04-17,1000000.00,4.769167,91.77734375
08:01:00,912810TX6,TSRYS5743665,D,S,D,2024-04-17,1000000.00,4.765494,91.83203125
08:01:00,912810TX6,TSRYS5743665,D,S,D,2024-04-17,1000000.00,4.771004,91.75
08:01:00,912810TX6,TSRYS5743665,D,S,D,2024-04-17,1000000.00,4.763134,91.8671875
08:01:00,912810TX6,TSRYS5743665,D,S,C,2024-04-17,1000000.00,4.768379,91.7890625
08:01:00,912810TX6,TSRYS5743665,D,S,C,2024-04-17,1000000.00,4.763921,91.85546875
08:01:00,912810TX6,TSRYS5743665,D,B,C,2024-04-17,1000000.00,4.765494,91.83203125
08:01:00,912810TX6,TSRYS5743665,D,S,D,2024-04-17,1000000.00,4.763659,91.859375
08:01:00,912810TX6,TSRYS5743665,D,S,C,2024-04-17,1000000.00,4.767855,91.796875
08:01:00,912810TX6,TSRYS5743665,D,S,D,2024-04-17,1000000.00,4.752141,92.03125
08:01:00,912810TX6,TSRYS5743665,D,S,C,2024-04-17,1000000.00,4.763396,91.86328125
08:01:00,912810TX6,TSRYS5743665,D,B,C,2024-04-17,1000000.00,4.764707,91.84375
08:01:00,912810TX6,TSRYS5743665,D,S,C,2024-04-17,1000000.00,4.764707,91.84375
08:01:00,912810TX6,TSRYS5743665,D,S,D,2024-04-17,1000000.00,4.751879,92.03515625
08:01:01,912810TX6,TSRYS5743665,D,B,C,2024-04-17,1000000.00,4.764707,91.84375
08:01:01,912810TX6,TSRYS5743665,D,S,C,2024-04-17,1000000.00,4.764707,91.84375
08:01:01,912810TX6,TSRYS5743665,D,S,C,2024-04-17,1000000.00,4.764707,91.84375
08:01:01,912810TX6,TSRYS5743665,D,S,D,2024-04-17,1000000.00,4.752402,92.02734375
08:01:01,912810TX6,TSRYS5743665,D,S,C,2024-04-17,2000000.00,4.752663,92.0234375
08:01:01,912810TX6,TSRYS5743665,D,B,C,2024-04-17,1000000.00,4.755802,91.9765625
08:01:01,912810TX6,TSRYS5743665,D,S,C,2024-04-17,1000000.00,4.755802,91.9765625
08:01:01,912810TX6,TSRYS5743665,D,S,T,2024-04-17,1000000.00,4.760529,91.906023
08:01:01,912810TX6,TSRYS5743665,D,S,D,2024-04-17,1000000.00,4.752402,92.02734375
08:01:01,912810TX6,TSRYS5743665,D,S,D,2024-04-17,1000000.00,4.751095,92.046875
08:01:01,912810TX6,TSRYS5743665,D,B,C,2024-04-17,1000000.00,4.753709,92.0078125
08:01:01,912810TX6,TSRYS5743665,D,S,D,2024-04-17,1000000.00,4.753709,92.0078125
08:01:01,912810TX6,TSRYS5743665,D,B,C,2024-04-17,2000000.00,4.755017,91.98828125
08:01:01,912810TX6,TSRYS5743665,D,S,D,2024-04-17,1000000.00,4.750834,92.05078125
08:01:01,912810TX6,TSRYS5743665,D,S,D,2024-04-17,1000000.00,4.750834,92.05078125
08:01:01,912810TX6,TSRYS5743665,D,B,C,2024-04-17,1000000.00,4.750834,92.05078125
08:01:01,912810TX6,TSRYS5743665,D,S,D,2024-04-17,1000000.00,4.753709,92.0078125
08:01:01,912810TX6,TSRYS5743665,D,S,D,2024-04-17,2000000.00,4.753709,92.0078125
08:01:01,912810TX6,TSRYS5743665,D,S,D,2024-04-17,1000000.00,4.751879,92.03515625
08:01:01,912810TX6,TSRYS5743665,D,S,C,2024-04-17,1000000.00,4.753186,92.015625
08:01:01,912810TX6,TSRYS5743665,D,S,D,2024-04-17,1000000.00,4.751618,92.0390625
08:01:01,912810TX6,TSRYS5743665,D,S,D,2024-04-17,2000000.00,4.755017,91.98828125
08:01:01,912810TX6,TSRYS5743665,D,B,C,2024-04-17,1000000.00,4.753448,92.01171875
08:01:01,912810TX6,TSRYS5743665,D,S,D,2024-04-17,2000000.00,4.752402,92.02734375
08:01:01,912810TX6,TSRYS5743665,D,B,C,2024-04-17,2000000.00,4.753709,92.0078125
08:01:01,912810TX6,TSRYS5743665,D,B,C,2024-04-17,1000000.00,4.752402,92.02734375
08:01:01,912810TX6,TSRYS5743665,D,B,C,2024-04-17,1000000.00,4.759728,91.91796875
08:01:01,912810TX6,TSRYS5743665,D,S,C,2024-04-17,2000000.00,4.754494,91.99609375
08:01:01,912810TX6,TSRYS5743665,D,B,C,2024-04-17,1000000.00,4.758157,91.94140625
08:01:01,912810TX6,TSRYS5743665,D,B,C,2024-04-17,1000000.00,4.750834,92.05078125
08:01:01,912810TX6,TSRYS5743665,D,B,C,2024-04-17,1000000.00,4.753709,92.0078125
08:01:01,912810TX6,TSRYS5743665,D,S,D,2024-04-17,1000000.00,4.753448,92.01171875
08:01:01,912810TX6,TSRYS5743665,D,S,D,2024-04-17,1000000.00,4.753709,92.0078125
08:01:01,912810TX6,TSRYS5743665,D,S,C,2024-04-17,1000000.00,4.758157,91.94140625
08:01:01,912810TX6,TSRYS5743665,D,S,D,2024-04-17,1000000.00,4.753709,92.0078125
08:01:01,912810TX6,TSRYS5743665,D,B,C,2024-04-17,1000000.00,4.753709,92.0078125
08:01:01,912810TX6,TSRYS5743665,D,S,D,2024-04-17,1000000.00,4.758419,91.9375
08:01:01,912810TX6,TSRYS5743665,D,B,C,2024-04-17,1000000.00,4.753709,92.0078125
08:01:01,912810TX6,TSRYS5743665,D,B,C,2024-04-17,1000000.00,4.756587,91.96484375
08:01:01,912810TX6,TSRYS5743665,D,B,C,2024-04-17,1000000.00,4.754232,92.0
08:01:01,912810TX6,TSRYS5743665,D,S,C,2024-04-17,1000000.00,4.754232,92.0
08:01:01,912810TX6,TSRYS5743665,D,B,C,2024-04-17,1000000.00,4.759467,91.921875
08:01:01,912810TX6,TSRYS5743665,D,B,C,2024-04-17,1000000.00,4.753186,92.015625
08:01:01,912810TX6,TSRYS5743665,D,B,C,2024-04-17,1000000.00,4.758419,91.9375
08:01:01,912810TX6,TSRYS5743665,D,B,C,2024-04-17,1000000.00,4.753709,92.0078125
08:01:01,912810TX6,TSRYS5743665,D,B,C,2024-04-17,1000000.00,4.753709,92.0078125
08:01:01,912810TX6,TSRYS5743665,D,S,D,2024-04-17,1000000.00,4.751879,92.03515625
08:01:01,912810TX6,TSRYS5743665,D,S,D,2024-04-17,1000000.00,4.754232,92.0
08:01:01,912810TX6,TSRYS5743665,D,S,D,2024-04-17,1000000.00,4.759728,91.91796875
08:01:01,912810TX6,TSRYS5743665,D,S,D,2024-04-17,1000000.00,4.754232,92.0
08:01:01,912810TX6,TSRYS5743665,D,S,D,2024-04-17,1000000.00,4.759467,91.921875
08:01:01,912810TX6,TSRYS5743665,D,S,C,2024-04-17,1000000.00,4.754232,92.0
08:01:01,912810TX6,TSRYS5743665,D,S,C,2024-04-17,1000000.00,4.746915,92.109375
08:01:01,912810TX6,TSRYS5743665,D,B,C,2024-04-17,1000000.00,4.754232,92.0
08:01:01,912810TX6,TSRYS5743665,D,B,C,2024-04-17,1000000.00,4.754756,91.9921875
08:01:01,912810TX6,TSRYS5743665,D,S,D,2024-04-17,1000000.00,4.753709,92.0078125
08:01:01,912810TX6,TSRYS5743665,D,S,D,2024-04-17,1000000.00,4.753709,92.0078125
08:01:01,912810TX6,TSRYS5743665,D,S,D,2024-04-17,1000000.00,4.754232,92.0
08:01:01,912810TX6,TSRYS5743665,D,S,D,2024-04-17,1000000.00,4.753971,92.00390625
08:01:01,912810TX6,TSRYS5743665,D,S,D,2024-04-17,1000000.00,4.752402,92.02734375
08:01:01,912810TX6,TSRYS5743665,D,S,D,2024-04-17,1000000.00,4.754756,91.9921875
08:01:01,912810TX6,TSRYS5743665,D,S,D,2024-04-17,1000000.00,4.753709,92.0078125
08:01:01,912810TX6,TSRYS5743665,D,S,D,2024-04-17,1000000.00,4.755279,91.984375
08:01:01,912810TX6,TSRYS5743665,D,B,C,2024-04-17,2000000.00,4.757896,91.9453125
08:01:01,912810TX6,TSRYS5743665,D,S,D,2024-04-17,1000000.00,4.756587,91.96484375
08:01:01,912810TX6,TSRYS5743665,D,S,D,2024-04-17,2000000.00,4.757896,91.9453125
08:01:01,912810TX6,TSRYS5743665,D,S,D,2024-04-17,1000000.00,4.75005,92.0625
08:01:01,912810TX6,TSRYS5743665,D,S,D,2024-04-17,1000000.00,4.755017,91.98828125
08:01:01,912810TX6,TSRYS5743665,D,S,C,2024-04-17,1000000.00,4.755279,91.984375
08:01:01,912810TX6,TSRYS5743665,D,S,D,2024-04-17,1000000.00,4.75005,92.0625
08:01:01,912810TX6,TSRYS5743665,D,S,D,2024-04-17,1000000.00,4.754494,91.99609375
08:01:01,912810TX6,TSRYS5743665,D,S,D,2024-04-17,1000000.00,4.749788,92.06640625
08:01:01,912810TX6,TSRYS5743665,D,B,C,2024-04-17,1000000.00,4.75005,92.0625
08:01:01,912810TX6,TSRYS5743665,D,B,C,2024-04-17,1000000.00,4.75005,92.0625
08:01:01,912810TX6,TSRYS5743665,D,B,C,2024-04-17,1000000.00,4.752141,92.03125
08:01:01,912810TX6,TSRYS5743665,D,S,C,2024-04-17,1000000.00,4.752141,92.03125
08:01:01,912810TX6,TSRYS5743665,D,S,C,2024-04-17,1000000.00,4.754494,91.99609375
08:01:01,912810TX6,TSRYS5743665,D,B,C,2024-04-17,1000000.00,4.75005,92.0625
08:01:01,912810TX6,TSRYS5743665,D,S,D,2024-04-17,1000000.00,4.75005,92.0625
08:01:01,912810TX6,TSRYS5743665,D,B,C,2024-04-17,1000000.00,4.754232,92.0
08:01:01,912810TX6,TSRYS5743665,D,S,D,2024-04-17,1000000.00,4.753448,92.01171875
08:01:01,912810TX6,TSRYS5743665,D,B,C,2024-04-17,1000000.00,4.75005,92.0625
08:01:01,912810TX6,TSRYS5743665,D,S,D,2024-04-17,1000000.00,4.752925,92.01953125
08:01:01,912810TX6,TSRYS5743665,D,B,C,2024-04-17,1000000.00,4.752925,92.01953125
08:01:01,912810TX6,TSRYS5743665,D,S,D,2024-04-17,1000000.00,4.75005,92.0625
08:01:01,912810TX6,TSRYS5743665,D,S,D,2024-04-17,1000000.00,4.752402,92.02734375
08:01:01,912810TX6,TSRYS5743665,D,B,C,2024-04-17,2000000.00,4.749788,92.06640625
08:01:01,912810TX6,TSRYS5743665,D,B,C,2024-04-17,1000000.00,4.75005,92.0625
08:01:01,912810TX6,TSRYS5743665,D,B,C,2024-04-17,1000000.00,4.75005,92.0625
08:01:01,912810TX6,TSRYS5743665,D,S,D,2024-04-17,1000000.00,4.74796,92.09375
08:01:01,912810TX6,TSRYS5743665,D,S,D,2024-04-17,2000000.00,4.749788,92.06640625
08:01:01,912810TX6,TSRYS5743665,D,S,D,2024-04-17,1000000.00,4.751095,92.046875
08:01:01,912810TX6,TSRYS5743665,D,S,D,2024-04-17,1000000.00,4.75005,92.0625
08:01:01,912810TX6,TSRYS5743665,D,S,D,2024-04-17,1000000.00,4.75005,92.0625
08:01:01,912810TX6,TSRYS5743665,D,S,D,2024-04-17,1000000.00,4.74561,92.12890625
08:01:01,912810TX6,TSRYS5743665,D,S,D,2024-04-17,1000000.00,4.750311,92.05859375
08:01:01,912810TX6,TSRYS5743665,D,B,C,2024-04-17,1000000.00,4.75005,92.0625
08:01:01,912810TX6,TSRYS5743665,D,S,C,2024-04-17,1000000.00,4.750572,92.0546875
08:01:01,912810TX6,TSRYS5743665,D,S,D,2024-04-17,1000000.00,4.749527,92.0703125
08:01:01,912810TX6,TSRYS5743665,D,S,D,2024-04-17,1000000.00,4.749788,92.06640625
08:01:01,912810TX6,TSRYS5743665,D,B,C,2024-04-17,1000000.00,4.758943,91.9296875
08:01:01,912810TX6,TSRYS5743665,D,S,D,2024-04-17,1000000.00,4.749005,92.078125
08:01:01,912810TX6,TSRYS5743665,D,S,D,2024-04-17,1000000.00,4.750834,92.05078125
08:01:01,912810TX6,TSRYS5743665,D,S,D,2024-04-17,1000000.00,4.758943,91.9296875
08:01:01,912810TX6,TSRYS5743665,D,S,D,2024-04-17,1000000.00,4.747699,92.09765625
08:01:01,912810TX6,TSRYS5743665,D,B,C,2024-04-17,1000000.00,4.750311,92.05859375
08:01:02,912810TX6,TSRYS5743665,D,S,D,2024-04-17,1000000.00,4.751356,92.04296875
08:01:02,912810TX6,TSRYS5743665,D,B,C,2024-04-17,1000000.00,4.753448,92.01171875
08:01:02,912810TX6,TSRYS5743665,D,B,C,2024-04-17,1000000.00,4.754494,91.99609375
08:01:02,912810TX6,TSRYS5743665,D,S,D,2024-04-17,1000000.00,4.751879,92.03515625
08:01:02,912810TX6,TSRYS5743665,D,B,C,2024-04-17,1000000.00,4.749527,92.0703125
08:01:02,912810TX6,TSRYS5743665,D,S,D,2024-04-17,1000000.00,4.75005,92.0625
08:01:02,912810TX6,TSRYS5743665,D,S,D,2024-04-17,1000000.00,4.758943,91.9296875
08:01:02,912810TX6,TSRYS5743665,D,S,D,2024-04-17,2000000.00,4.748221,92.08984375
08:01:02,912810TX6,TSRYS5743665,D,B,C,2024-04-17,2000000.00,4.748221,92.08984375
08:01:02,912810TX6,TSRYS5743665,D,S,D,2024-04-17,1000000.00,4.758943,91.9296875
08:01:02,912810TX6,TSRYS5743665,D,B,C,2024-04-17,2000000.00,4.763134,91.8671875
08:01:02,912810TX6,TSRYS5743665,D,B,C,2024-04-17,2000000.00,4.750834,92.05078125
08:01:02,912810TX6,TSRYS5743665,D,B,C,2024-04-17,1000000.00,4.75999,91.9140625
08:01:02,912810TX6,TSRYS5743665,D,S,D,2024-04-17,2000000.00,4.763134,91.8671875
08:01:02,912810TX6,TSRYS5743665,D,B,C,2024-04-17,1000000.00,4.757896,91.9453125
08:01:02,912810TX6,TSRYS5743665,D,S,D,2024-04-17,2000000.00,4.750834,92.05078125
08:01:02,912810TX6,TSRYS5743665,D,S,D,2024-04-17,1000000.00,4.75999,91.9140625
08:01:02,912810TX6,TSRYS5743665,D,S,D,2024-04-17,1000000.00,4.763134,91.8671875
08:01:02,912810TX6,TSRYS5743665,D,S,D,2024-04-17,1000000.00,4.758943,91.9296875
08:01:02,912810TX6,TSRYS5743665,D,S,C,2024-04-17,1000000.00,4.753448,92.01171875
08:01:02,912810TX6,TSRYS5743665,D,B,C,2024-04-17,1000000.00,4.758943,91.9296875
08:01:02,912810TX6,TSRYS5743665,D,S,D,2024-04-17,1000000.00,4.756325,91.96875
08:01:02,912810TX6,TSRYS5743665,D,S,D,2024-04-17,1000000.00,4.757896,91.9453125
08:01:02,912810TX6,TSRYS5743665,D,B,C,2024-04-17,1000000.00,4.756325,91.96875
08:01:02,912810TX6,TSRYS5743665,D,S,D,2024-04-17,1000000.00,4.764183,91.8515625
08:01:02,912810TX6,TSRYS5743665,D,S,C,2024-04-17,1000000.00,4.764183,91.8515625
08:01:03,912810TX6,TSRYS5743665,D,S,A,2024-04-17,3150000.00,4.754232,92.0
08:01:03,912810TX6,TSRYS5743665,D,S,T,2024-04-17,1000000.00,4.745479,92.130859375
08:01:03,912810TX6,TSRYS5743665,D,S,T,2024-04-17,1000000.00,4.745479,92.130859375
08:01:03,912810TX6,TSRYS5743665,D,S,C,2024-04-17,11000000.00,4.757882,91.9455125
08:01:04,912810TX6,TSRYS5743665,D,B,A,2024-04-17,3169000.00,4.747438,92.101562
08:01:04,912810TX6,TSRYS5743665,D,S,T,2024-04-17,1000000.00,4.747829,92.095703125
08:01:04,912810TX6,TSRYS5743665,D,S,T,2024-04-17,1000000.00,4.747438,92.1015625
08:01:04,912810TX6,TSRYS5743665,D,S,T,2024-04-17,1000000.00,4.747438,92.1015625
08:01:04,912810TX6,TSRYS5743665,D,S,A,2024-04-17,112400.00,4.749527,92.0703125
08:01:04,912810TX6,TSRYS5743665,D,S,T,2024-04-17,1000000.00,4.746271,92.119015625
08:01:05,912810TX6,TSRYS5743665,D,S,T,2024-04-17,1000000.00,4.746263,92.119140625
08:01:05,912810TX6,TSRYS5743665,D,S,T,2024-04-17,1000000.00,4.746524,92.115234375
08:01:05,912810TX6,TSRYS5743665,D,S,T,2024-04-17,1000000.00,4.746654,92.11328125
08:01:05,912810TX6,TSRYS5743665,D,S,T,2024-04-17,1000000.00,4.746532,92.115109375
08:01:07,912810TX6,TSRYS5743665,D,S,D,2024-04-17,500000.00,4.755567,91.98006875
08:01:07,912810TX6,TSRYS5743665,D,S,A,2024-04-17,3769000.00,4.757372,91.953125
08:01:08,912810TX6,TSRYS5743665,D,S,D,2024-04-17,2000000.00,4.764862,91.841442
08:01:10,912810TX6,TSRYS5743665,D,S,T,2024-04-17,1000000.00,4.760514,91.90625
08:01:10,912810TX6,TSRYS5743665,D,B,C,2024-04-17,1000000.00,4.763134,91.8671875
08:01:10,912810TX6,TSRYS5743665,D,S,A,2024-04-17,1000000.00,4.763134,91.8671875
08:01:10,912810TX6,TSRYS5743665,D,S,D,2024-04-17,1000000.00,4.76261,91.875
08:01:10,912810TX6,TSRYS5743665,D,S,D,2024-04-17,1000000.00,4.771004,91.75
08:01:10,912810TX6,TSRYS5743665,D,S,D,2024-04-17,1000000.00,4.763659,91.859375
08:01:10,912810TX6,TSRYS5743665,D,S,A,2024-04-17,983900.00,4.752925,92.01953125
08:01:11,912810TX6,TSRYS5743665,D,B,C,2024-04-17,4600000.00,4.764458,91.84745625
08:01:11,912810TX6,TSRYS5743665,D,S,T,2024-04-17,1000000.00,4.771011,91.7499
08:01:11,912810TX6,TSRYS5743665,D,S,T,2024-04-17,1000000.00,4.76419,91.8514625
08:01:11,912810TX6,TSRYS5743665,D,S,T,2024-04-17,1000000.00,4.76419,91.8514625
08:01:12,912810TX6,TSRYS5743665,D,B,A,2024-04-17,46000.00,4.763134,91.8671875
08:01:12,912810TX6,TSRYS5743665,D,B,A,2024-04-17,58200.00,4.750834,92.05078125
08:01:12,912810TX6,TSRYS5743665,D,S,D,2024-04-17,5000000.00,4.763612,91.860075
08:01:12,912810TX6,TSRYS5743665,D,S,D,2024-04-17,5000000.00,4.755153,91.9862469
08:01:12,912810TX6,TSRYS5743665,D,S,D,2024-04-17,4000000.00,4.753401,92.0124188
08:01:12,912810TX6,TSRYS5743665,D,B,C,2024-04-17,1000000.00,4.762657,91.8743
08:01:12,912810TX6,TSRYS5743665,D,S,D,2024-04-17,5000000.00,4.756933,91.9596844
08:01:12,912810TX6,TSRYS5743665,D,S,C,2024-04-17,3000000.00,4.758819,91.9315371
08:01:13,912810TX6,TSRYS5743665,D,S,C,2024-04-17,11000000.00,4.761187,91.89621
08:01:14,912810TX6,TSRYS5743665,D,S,D,2024-04-17,1000000.00,4.777574,91.65234375
08:01:14,912810TX6,TSRYS5743665,D,S,D,2024-04-17,1000000.00,4.777442,91.654296875
08:01:14,912810TX6,TSRYS5743665,D,S,D,2024-04-17,1000000.00,4.777311,91.65625
08:01:15,912810TX6,TSRYS5743665,D,S,D,2024-04-17,1000000.00,4.777311,91.65625
08:01:15,912810TX6,TSRYS5743665,D,S,T,2024-04-17,1000000.00,4.754363,91.99804687
08:01:15,912810TX6,TSRYS5743665,D,S,T,2024-04-17,1000000.00,4.754625,91.99414062
08:01:15,912810TX6,TSRYS5743665,D,S,T,2024-04-17,1000000.00,4.754232,92.0
08:01:15,912810TX6,TSRYS5743665,D,S,C,2024-04-17,50MM+,4.758561,91.9375
08:01:15,912810TX6,TSRYS5743665,D,S,T,2024-04-17,1000000.00,4.755802,91.9765625
08:01:15,912810TX6,TSRYS5743665,D,S,T,2024-04-17,1000000.00,4.755802,91.9765625
08:01:15,912810TX6,TSRYS5743665,D,S,T,2024-04-17,1000000.00,4.755279,91.984375
08:01:15,912810TX6,TSRYS5743665,D,S,T,2024-04-17,1000000.00,4.755802,91.9765625
08:01:15,912810TX6,TSRYS5743665,D,S,T,2024-04-17,1000000.00,4.755802,91.9765625
08:01:15,912810TX6,TSRYS5743665,D,S,T,2024-04-17,1000000.00,4.754886,91.99023437
08:01:16,912810TX6,TSRYS5743665,D,S,T,2024-04-17,1000000.00,4.754232,92.0
08:01:16,912810TX6,TSRYS5743665,D,S,T,2024-04-17,1000000.00,4.754494,91.99609375
08:01:16,912810TX6,TSRYS5743665,D,S,T,2024-04-17,1000000.00,4.754756,91.9921875
08:01:18,912810TX6,TSRYS5743665,D,S,D,2024-04-17,1000000.00,4.754232,92.0
08:01:18,912810TX6,TSRYS5743665,D,S,D,2024-04-17,1000000.00,4.754494,91.99609375
08:01:18,912810TX6,TSRYS5743665,D,S,D,2024-04-17,1000000.00,4.755802,91.9765625
08:01:18,912810TX6,TSRYS5743665,D,S,T,2024-04-17,1000000.00,4.755289,91.984225
08:01:18,912810TX6,TSRYS5743665,D,S,T,2024-04-17,1000000.00,4.754242,91.99985
08:01:18,912810TX6,TSRYS5743665,D,S,T,2024-04-17,1000000.00,4.754242,91.99985
08:01:18,912810TX6,TSRYS5743665,D,S,T,2024-04-17,1000000.00,4.754242,91.99985
08:01:18,912810TX6,TSRYS5743665,D,S,C,2024-04-17,15000000.00,4.763396,91.86328125
08:01:18,912810TX6,TSRYS5743665,D,B,A,2024-04-17,10000000.00,4.760514,91.90625
08:01:18,912810TX6,TSRYS5743665,D,S,T,2024-04-17,1000000.00,4.760121,91.912109375
08:01:18,912810TX6,TSRYS5743665,D,S,T,2024-04-17,1000000.00,4.760121,91.912109375
08:01:18,912810TX6,TSRYS5743665,D,S,T,2024-04-17,1000000.00,4.760383,91.908203125
08:01:18,912810TX6,TSRYS5743665,D,S,T,2024-04-17,1000000.00,4.760252,91.91015625
08:01:18,912810TX6,TSRYS5743665,D,S,T,2024-04-17,1000000.00,4.760259,91.91005625
08:01:18,912810TX6,TSRYS5743665,D,S,T,2024-04-17,1000000.00,4.760259,91.91005625
08:01:18,912810TX6,TSRYS5743665,D,S,D,2024-04-17,1000000.00,4.775208,91.6875
08:01:18,912810TX6,TSRYS5743665,D,S,C,2024-04-17,5000000.00,4.77153,91.7421875
08:01:19,912810TX6,TSRYS5743665,D,S,C,2024-04-17,3000000.00,4.757331,91.95374
08:01:19,912810TX6,TSRYS5743665,D,S,D,2024-04-17,1000000.00,4.763659,91.859375
08:01:19,912810TX6,TSRYS5743665,D,S,C,2024-04-17,1000000.00,4.762599,91.87516
08:01:19,912810TX6,TSRYS5743665,D,S,T,2024-04-17,2000000.00,4.763921,91.85546875
08:01:19,912810TX6,TSRYS5743665,D,S,T,2024-04-17,1000000.00,4.763659,91.859375
08:01:20,912810TX6,TSRYS5743665,D,S,T,2024-04-17,1000000.00,4.771004,91.75
08:01:20,912810TX6,TSRYS5743665,D,S,D,2024-04-17,13000000.00,4.753293,92.01403
08:01:20,912810TX6,TSRYS5743665,D,S,D,2024-04-17,5250000.00,4.754232,92.0
08:01:20,912810TX6,TSRYS5743665,D,S,D,2024-04-17,5300000.00,4.754232,92.0
08:01:21,912810TX6,TSRYS5743665,D,S,C,2024-04-17,21000000.00,4.753708,92.00784
08:01:21,912810TX6,TSRYS5743665,D,S,D,2024-04-17,12000000.00,4.765385,91.83366
08:01:21,912810TX6,TSRYS5743665,D,S,C,2024-04-17,1000000.00,4.763939,91.85519
08:01:21,912810TX6,TSRYS5743665,D,S,D,2024-04-17,6000000.00,4.765703,91.82892
08:01:22,912810TX6,TSRYS5743665,D,S,D,2024-04-17,1000000.00,4.776916,91.662109375
08:01:22,912810TX6,TSRYS5743665,D,S,D,2024-04-17,2000000.00,4.776391,91.669921875
08:01:22,912810TX6,TSRYS5743665,D,B,C,2024-04-17,5000000.00,4.759467,91.921875
08:01:23,912810TX6,TSRYS5743665,D,S,D,2024-04-17,16000000.00,4.752238,92.02979
08:01:23,912810TX6,TSRYS5743665,D,B,A,2024-04-17,154400.00,4.765756,91.828125
08:01:23,912810TX6,TSRYS5743665,D,S,D,2024-04-17,1000000.00,4.764969,91.83984375
08:01:23,912810TX6,TSRYS5743665,D,B,C,2024-04-17,1000000.00,4.764969,91.83984375
08:01:23,912810TX6,TSRYS5743665,D,S,D,2024-04-17,1000000.00,4.7613,91.89453125
08:01:23,912810TX6,TSRYS5743665,D,S,D,2024-04-17,1000000.00,4.760514,91.90625
08:01:23,912810TX6,TSRYS5743665,D,S,D,2024-04-17,2000000.00,4.764183,91.8515625
08:01:23,912810TX6,TSRYS5743665,D,B,C,2024-04-17,2000000.00,4.764183,91.8515625
08:01:23,912810TX6,TSRYS5743665,D,S,D,2024-04-17,1000000.00,4.764183,91.8515625
08:01:23,912810TX6,TSRYS5743665,D,S,D,2024-04-17,1000000.00,4.764183,91.8515625
08:01:23,912810TX6,TSRYS5743665,D,S,C,2024-04-17,2000000.00,4.764183,91.8515625
08:01:23,912810TX6,TSRYS5743665,D,S,D,2024-04-17,1000000.00,4.764969,91.83984375
08:01:24,912810TX6,TSRYS5743665,D,S,D,2024-04-17,1000000.00,4.763921,91.85546875
08:01:24,912810TX6,TSRYS5743665,D,S,D,2024-04-17,1000000.00,4.763134,91.8671875
08:01:24,912810TX6,TSRYS5743665,D,S,D,2024-04-17,1000000.00,4.760776,91.90234375
08:01:24,912810TX6,TSRYS5743665,D,S,D,2024-04-17,1000000.00,4.761038,91.8984375
08:01:24,912810TX6,TSRYS5743665,D,B,C,2024-04-17,1000000.00,4.761038,91.8984375
08:01:24,912810TX6,TSRYS5743665,D,B,C,2024-04-17,1000000.00,4.760514,91.90625
08:01:24,912810TX6,TSRYS5743665,D,S,D,2024-04-17,1000000.00,4.760514,91.90625
08:01:24,912810TX6,TSRYS5743665,D,S,D,2024-04-17,1000000.00,4.758157,91.94140625
08:01:24,912810TX6,TSRYS5743665,D,S,T,2024-04-17,1000000.00,4.758419,91.9375
08:01:24,912810TX6,TSRYS5743665,D,S,D,2024-04-17,1000000.00,4.759467,91.921875
08:01:25,912810TX6,TSRYS5743665,D,B,C,2024-04-17,1000000.00,4.758681,91.93359375
08:01:25,912810TX6,TSRYS5743665,D,S,D,2024-04-17,1000000.00,4.758681,91.93359375
08:01:25,912810TX6,TSRYS5743665,D,S,D,2024-04-17,6000000.00,4.766182,91.82178
08:01:25,912810TX6,TSRYS5743665,D,S,C,2024-04-17,2000000.00,4.754752,91.99224
08:01:26,912810TX6,TSRYS5743665,D,B,C,2024-04-17,1000000.00,4.766412,91.81835937
08:01:26,912810TX6,TSRYS5743665,D,B,C,2024-04-17,1000000.00,4.766412,91.81835937
08:01:26,912810TX6,TSRYS5743665,D,S,D,2024-04-17,1000000.00,4.771004,91.75
08:01:26,912810TX6,TSRYS5743665,D,S,D,2024-04-17,1000000.00,4.771004,91.75
08:01:28,912810TX6,TSRYS5743665,D,S,T,2024-04-17,1000000.00,4.754246,91.9998
08:01:28,912810TX6,TSRYS5743665,D,S,D,2024-04-17,1000000.00,4.754232,92.0
08:01:28,912810TX6,TSRYS5743665,D,S,T,2024-04-17,1000000.00,4.754232,92.0
08:01:28,912810TX6,TSRYS5743665,D,S,T,2024-04-17,2000000.00,4.754115,92.001753125
08:01:28,912810TX6,TSRYS5743665,D,S,C,2024-04-17,12000000.00,4.764904,91.84082
08:01:28,912810TX6,TSRYS5743665,D,S,T,2024-04-17,1000000.00,4.754115,92.001753125
08:01:28,912810TX6,TSRYS5743665,D,S,T,2024-04-17,1000000.00,4.754246,91.9998
08:01:28,912810TX6,TSRYS5743665,D,S,C,2024-04-17,1000000.00,4.765756,91.828125
08:01:28,912810TX6,TSRYS5743665,D,S,C,2024-04-17,1000000.00,4.765756,91.828125
08:01:28,912810TX6,TSRYS5743665,D,S,D,2024-04-17,1000000.00,4.764707,91.84375
08:01:29,912810TX6,TSRYS5743665,D,S,D,2024-04-17,1000000.00,4.764707,91.84375
08:01:29,912810TX6,TSRYS5743665,D,S,T,2024-04-17,1000000.00,4.754241,91.99987
08:01:29,912810TX6,TSRYS5743665,D,S,D,2024-04-17,1000000.00,4.764838,91.841796875
08:01:30,912810TX6,TSRYS5743665,D,S,T,2024-04-17,1000000.00,4.760514,91.90625
08:01:30,912810TX6,TSRYS5743665,D,S,T,2024-04-17,1000000.00,4.760514,91.90625
08:01:31,912810TX6,TSRYS5743665,D,B,C,2024-04-17,1000000.00,4.758027,91.94335937
08:01:31,912810TX6,TSRYS5743665,D,S,T,2024-04-17,1000000.00,4.754241,91.99987
08:01:31,912810TX6,TSRYS5743665,D,S,T,2024-04-17,2000000.00,4.753186,92.015625
08:01:31,912810TX6,TSRYS5743665,D,S,T,2024-04-17,1000000.00,4.752141,92.03125
08:01:31,912810TX6,TSRYS5743665,D,S,T,2024-04-17,1000000.00,4.75005,92.0625
08:01:31,912810TX6,TSRYS5743665,D,S,T,2024-04-17,1000000.00,4.75005,92.0625
08:01:31,912810TX6,TSRYS5743665,D,S,T,2024-04-17,1000000.00,4.75005,92.0625
08:01:31,912810TX6,TSRYS5743665,D,S,T,2024-04-17,2000000.00,4.75005,92.0625
08:01:32,912810TX6,TSRYS5743665,D,S,D,2024-04-17,5000000.00,4.755822,91.9765625
08:01:32,912810TX6,TSRYS5743665,D,B,C,2024-04-17,5000000.00,4.755822,91.9765625
08:01:33,912810TX6,TSRYS5743665,D,S,D,2024-04-17,1000000.00,4.763396,91.86328125
08:01:33,912810TX6,TSRYS5743665,D,S,D,2024-04-17,1000000.00,4.76379,91.857421875
08:01:33,912810TX6,TSRYS5743665,D,S,D,2024-04-17,1000000.00,4.767068,91.80859375
08:01:33,912810TX6,TSRYS5743665,D,S,D,2024-04-17,1000000.00,4.765756,91.828125
08:01:33,912810TX6,TSRYS5743665,D,B,C,2024-04-17,1000000.00,4.753579,92.00976562
08:01:34,912810TX6,TSRYS5743665,D,S,D,2024-04-17,1000000.00,4.764838,91.841796875
08:01:34,912810TX6,TSRYS5743665,D,S,C,2024-04-17,1000000.00,4.763659,91.859375
08:01:34,912810TX6,TSRYS5743665,D,B,C,2024-04-17,1000000.00,4.765756,91.828125
08:01:34,912810TX6,TSRYS5743665,D,S,D,2024-04-17,1000000.00,4.765756,91.828125
08:01:34,912810TX6,TSRYS5743665,D,S,C,2024-04-17,17000000.00,4.756514,91.96593
08:01:35,912810TX6,TSRYS5743665,D,S,T,2024-04-17,5000000.00,4.759467,91.921875
08:01:35,912810TX6,TSRYS5743665,D,B,C,2024-04-17,1000000.00,4.765101,91.837890625
08:01:35,912810TX6,TSRYS5743665,D,S,D,2024-04-17,1000000.00,4.765101,91.837890625
08:01:35,912810TX6,TSRYS5743665,D,S,D,2024-04-17,1000000.00,4.765232,91.8359375
08:01:35,912810TX6,TSRYS5743665,D,S,T,2024-04-17,5000000.00,4.759467,91.921875
08:01:35,912810TX6,TSRYS5743665,D,S,D,2024-04-17,1000000.00,4.760341,91.9088293177
