tradeTime,cusip,issueSymbolIdentifier,priceType,reportingSideCode,contraPartyTypeCode,tradeDate,reportedTradeVolume,lastSaleYield,lastSalePrice
08:00:02,912810UA4,TSRYS5802849,D,S,A,2024-05-24,2000.00,4.583412,100.922275
08:00:05,912810UA4,TSRYS5802849,D,S,T,2024-05-24,1000000.00,4.5796,100.734375
08:00:05,912810UA4,TSRYS5802849,D,S,T,2024-05-24,1000000.00,4.572895,100.84375
08:00:05,912810UA4,TSRYS5802849,D,S,T,2024-05-24,1000000.00,4.576725,100.78125
08:00:05,912810UA4,TSRYS5802849,D,S,T,2024-05-24,1000000.00,4.57481,100.8125
08:00:05,912810UA4,TSRYS5802849,D,S,T,2024-05-24,1000000.00,4.577684,100.765625
08:00:07,912810UA4,TSRYS5802849,D,S,D,2024-05-24,1000000.00,4.584516,100.654296875
08:00:07,912810UA4,TSRYS5802849,D,S,T,2024-05-24,1000000.00,4.584516,100.654296875
08:00:07,912810UA4,TSRYS5802849,D,S,D,2024-05-24,1000000.00,4.577684,100.765625
08:00:07,912810UA4,TSRYS5802849,D,S,D,2024-05-24,1000000.00,4.572178,100.85546875
08:00:07,912810UA4,TSRYS5802849,D,S,D,2024-05-24,1000000.00,4.572178,100.85546875
08:00:07,912810UA4,TSRYS5802849,D,S,D,2024-05-24,1000000.00,4.572178,100.85546875
08:00:07,912810UA4,TSRYS5802849,D,S,D,2024-05-24,1000000.00,4.572536,100.849609375
08:00:07,912810UA4,TSRYS5802849,D,S,D,2024-05-24,1000000.00,4.572656,100.84765625
08:00:07,912810UA4,TSRYS5802849,D,S,D,2024-05-24,1000000.00,4.572776,100.845703125
08:00:07,912810UA4,TSRYS5802849,D,S,T,2024-05-24,1000000.00,4.571938,100.859375
08:00:08,912810UA4,TSRYS5802849,D,S,T,2024-05-24,1000000.00,4.5796,100.734375
08:00:08,912810UA4,TSRYS5802849,D,S,T,2024-05-24,1000000.00,4.5796,100.734375
08:00:08,912810UA4,TSRYS5802849,D,B,A,2024-05-24,6200000.00,4.577444,100.76953125
08:00:10,912810UA4,TSRYS5802849,D,S,D,2024-05-24,11000000.00,4.578642,100.75
08:00:12,912810UA4,TSRYS5802849,D,S,D,2024-05-24,1000000.00,4.577684,100.765625
08:00:12,912810UA4,TSRYS5802849,D,S,D,2024-05-24,1000000.00,4.578163,100.7578125
08:00:13,912810UA4,TSRYS5802849,D,S,D,2024-05-24,1000000.00,4.577923,100.76171875
08:00:13,912810UA4,TSRYS5802849,D,S,D,2024-05-24,1000000.00,4.577684,100.765625
08:00:13,912810UA4,TSRYS5802849,D,S,D,2024-05-24,1000000.00,4.584396,100.65625
08:00:13,912810UA4,TSRYS5802849,D,S,T,2024-05-24,1000000.00,4.577684,100.765625
08:00:13,912810UA4,TSRYS5802849,D,S,T,2024-05-24,1000000.00,4.57146,100.8671875
08:00:14,912810UA4,TSRYS5802849,D,S,T,2024-05-24,1000000.00,4.573853,100.828125
08:00:14,912810UA4,TSRYS5802849,D,S,T,2024-05-24,1000000.00,4.573853,100.828125
08:00:14,912810UA4,TSRYS5802849,D,S,T,2024-05-24,1000000.00,4.570982,100.875
08:00:14,912810UA4,TSRYS5802849,D,S,D,2024-05-24,1000000.00,4.570503,100.8828125
08:00:14,912810UA4,TSRYS5802849,D,S,D,2024-05-24,1000000.00,4.570503,100.8828125
08:00:14,912810UA4,TSRYS5802849,D,S,T,2024-05-24,1000000.00,4.570503,100.8828125
08:00:14,912810UA4,TSRYS5802849,D,S,T,2024-05-24,1000000.00,4.570025,100.890625
08:00:14,912810UA4,TSRYS5802849,D,S,D,2024-05-24,1000000.00,4.57146,100.8671875
08:00:14,912810UA4,TSRYS5802849,D,S,T,2024-05-24,1000000.00,4.57158,100.865234375
08:00:14,912810UA4,TSRYS5802849,D,S,T,2024-05-24,1000000.00,4.57481,100.8125
08:00:14,912810UA4,TSRYS5802849,D,S,T,2024-05-24,1000000.00,4.573853,100.828125
08:00:14,912810UA4,TSRYS5802849,D,S,D,2024-05-24,1000000.00,4.572895,100.84375
08:00:14,912810UA4,TSRYS5802849,D,S,T,2024-05-24,1000000.00,4.572895,100.84375
08:00:14,912810UA4,TSRYS5802849,D,S,T,2024-05-24,1000000.00,4.576725,100.78125
08:00:14,912810UA4,TSRYS5802849,D,S,T,2024-05-24,1000000.00,4.576725,100.78125
08:00:14,912810UA4,TSRYS5802849,D,S,D,2024-05-24,1000000.00,4.578642,100.75
08:00:14,912810UA4,TSRYS5802849,D,S,T,2024-05-24,1000000.00,4.578642,100.75
08:00:14,912810UA4,TSRYS5802849,D,S,T,2024-05-24,1000000.00,4.5796,100.734375
08:00:14,912810UA4,TSRYS5802849,D,S,D,2024-05-24,1000000.00,4.57146,100.8671875
08:00:14,912810UA4,TSRYS5802849,D,S,T,2024-05-24,1000000.00,4.571938,100.859375
08:00:14,912810UA4,TSRYS5802849,D,S,T,2024-05-24,1000000.00,4.572895,100.84375
08:00:14,912810UA4,TSRYS5802849,D,S,T,2024-05-24,1000000.00,4.572895,100.84375
08:00:14,912810UA4,TSRYS5802849,D,S,T,2024-05-24,1000000.00,4.572776,100.845703125
08:00:14,912810UA4,TSRYS5802849,D,S,T,2024-05-24,1000000.00,4.572776,100.845703125
08:00:14,912810UA4,TSRYS5802849,D,S,T,2024-05-24,1000000.00,4.575768,100.796875
08:00:14,912810UA4,TSRYS5802849,D,S,T,2024-05-24,1000000.00,4.575768,100.796875
08:00:14,912810UA4,TSRYS5802849,D,S,T,2024-05-24,1000000.00,4.576725,100.78125
08:00:14,912810UA4,TSRYS5802849,D,S,D,2024-05-24,1000000.00,4.574331,100.8203125
08:00:14,912810UA4,TSRYS5802849,D,S,T,2024-05-24,1000000.00,4.572656,100.84765625
08:00:14,912810UA4,TSRYS5802849,D,S,T,2024-05-24,1000000.00,4.572656,100.84765625
08:00:14,912810UA4,TSRYS5802849,D,S,D,2024-05-24,1000000.00,4.577204,100.7734375
08:00:14,912810UA4,TSRYS5802849,D,S,T,2024-05-24,1000000.00,4.577324,100.771484375
08:00:14,912810UA4,TSRYS5802849,D,S,T,2024-05-24,1000000.00,4.58008,100.7265625
08:00:14,912810UA4,TSRYS5802849,D,S,T,2024-05-24,1000000.00,4.577324,100.771484375
08:00:14,912810UA4,TSRYS5802849,D,S,T,2024-05-24,1000000.00,4.578522,100.751953125
08:00:14,912810UA4,TSRYS5802849,D,S,T,2024-05-24,1000000.00,4.578402,100.75390625
08:00:14,912810UA4,TSRYS5802849,D,S,T,2024-05-24,1000000.00,4.581518,100.703125
08:00:14,912810UA4,TSRYS5802849,D,S,T,2024-05-24,1000000.00,4.583436,100.671875
08:00:17,912810UA4,TSRYS5802849,D,S,T,2024-05-24,1000000.00,4.573853,100.828125
08:00:18,912810UA4,TSRYS5802849,D,S,D,2024-05-24,1000000.00,4.573853,100.828125
08:00:18,912810UA4,TSRYS5802849,D,S,T,2024-05-24,1000000.00,4.573853,100.828125
08:00:18,912810UA4,TSRYS5802849,D,S,D,2024-05-24,1000000.00,4.570503,100.8828125
08:00:18,912810UA4,TSRYS5802849,D,S,D,2024-05-24,9000000.00,4.581278,100.70703125
08:00:19,912810UA4,TSRYS5802849,D,S,D,2024-05-24,1000000.00,4.578642,100.75
08:00:19,912810UA4,TSRYS5802849,D,S,D,2024-05-24,1000000.00,4.578642,100.75
08:00:19,912810UA4,TSRYS5802849,D,S,D,2024-05-24,1000000.00,4.578642,100.75
08:00:19,912810UA4,TSRYS5802849,D,S,D,2024-05-24,1000000.00,4.578642,100.75
08:00:19,912810UA4,TSRYS5802849,D,S,D,2024-05-24,1000000.00,4.578642,100.75
08:00:20,912810UA4,TSRYS5802849,D,S,D,2024-05-24,1000000.00,4.577444,100.76953125
08:00:25,912810UA4,TSRYS5802849,D,S,D,2024-05-24,1000000.00,4.573853,100.828125
08:00:25,912810UA4,TSRYS5802849,D,S,D,2024-05-24,1000000.00,4.57481,100.8125
08:00:26,912810UA4,TSRYS5802849,D,S,D,2024-05-24,1000000.00,4.57984,100.73046875
08:00:27,912810UA4,TSRYS5802849,D,S,D,2024-05-24,1000000.00,4.577684,100.765625
08:00:27,912810UA4,TSRYS5802849,D,S,C,2024-05-24,1000000.00,4.577684,100.765625
08:00:27,912810UA4,TSRYS5802849,D,S,C,2024-05-24,1000000.00,4.577684,100.765625
08:00:27,912810UA4,TSRYS5802849,D,S,D,2024-05-24,1000000.00,4.572895,100.84375
08:00:27,912810UA4,TSRYS5802849,D,S,D,2024-05-24,1000000.00,4.572895,100.84375
08:00:27,912810UA4,TSRYS5802849,D,S,D,2024-05-24,1000000.00,4.573613,100.83203125
08:00:27,912810UA4,TSRYS5802849,D,S,D,2024-05-24,1000000.00,4.571938,100.859375
08:00:27,912810UA4,TSRYS5802849,D,S,D,2024-05-24,1000000.00,4.574571,100.81640625
08:00:28,912810UA4,TSRYS5802849,D,S,A,2024-05-24,1000000.00,4.571938,100.859375
08:00:28,912810UA4,TSRYS5802849,D,S,A,2024-05-24,1000000.00,4.573853,100.828125
08:00:30,912810UA4,TSRYS5802849,D,S,T,2024-05-24,1000000.00,4.577684,100.765625
08:00:30,912810UA4,TSRYS5802849,D,S,T,2024-05-24,1000000.00,4.577564,100.767578125
08:00:30,912810UA4,TSRYS5802849,D,S,T,2024-05-24,1000000.00,4.577444,100.76953125
08:00:30,912810UA4,TSRYS5802849,D,S,T,2024-05-24,1000000.00,4.577444,100.76953125
08:00:30,912810UA4,TSRYS5802849,D,S,T,2024-05-24,1000000.00,4.577444,100.76953125
08:00:30,912810UA4,TSRYS5802849,D,S,T,2024-05-24,1000000.00,4.577444,100.76953125
08:00:30,912810UA4,TSRYS5802849,D,S,D,2024-05-24,1000000.00,4.576725,100.78125
08:00:30,912810UA4,TSRYS5802849,D,S,T,2024-05-24,1000000.00,4.578642,100.75
08:00:30,912810UA4,TSRYS5802849,D,S,T,2024-05-24,1000000.00,4.578642,100.75
08:00:30,912810UA4,TSRYS5802849,D,S,T,2024-05-24,1000000.00,4.572178,100.85546875
08:00:30,912810UA4,TSRYS5802849,D,S,T,2024-05-24,1000000.00,4.572178,100.85546875
08:00:30,912810UA4,TSRYS5802849,D,S,T,2024-05-24,1000000.00,4.571699,100.86328125
08:00:30,912810UA4,TSRYS5802849,D,S,T,2024-05-24,1000000.00,4.571699,100.86328125
08:00:30,912810UA4,TSRYS5802849,D,S,T,2024-05-24,1000000.00,4.571699,100.86328125
08:00:30,912810UA4,TSRYS5802849,D,S,T,2024-05-24,1000000.00,4.571699,100.86328125
08:00:30,912810UA4,TSRYS5802849,D,S,T,2024-05-24,1000000.00,4.570982,100.875
08:00:30,912810UA4,TSRYS5802849,D,S,T,2024-05-24,1000000.00,4.570982,100.875
08:00:30,912810UA4,TSRYS5802849,D,S,T,2024-05-24,1000000.00,4.571938,100.859375
08:00:30,912810UA4,TSRYS5802849,D,S,T,2024-05-24,1000000.00,4.573853,100.828125
08:00:30,912810UA4,TSRYS5802849,D,S,T,2024-05-24,1000000.00,4.573853,100.828125
08:00:30,912810UA4,TSRYS5802849,D,S,T,2024-05-24,1000000.00,4.573853,100.828125
08:00:30,912810UA4,TSRYS5802849,D,S,T,2024-05-24,1000000.00,4.573853,100.828125
08:00:30,912810UA4,TSRYS5802849,D,S,T,2024-05-24,1000000.00,4.573853,100.828125
08:00:30,912810UA4,TSRYS5802849,D,S,T,2024-05-24,1000000.00,4.573853,100.828125
08:00:30,912810UA4,TSRYS5802849,D,S,T,2024-05-24,1000000.00,4.573853,100.828125
08:00:30,912810UA4,TSRYS5802849,D,S,T,2024-05-24,1000000.00,4.573853,100.828125
08:00:30,912810UA4,TSRYS5802849,D,S,T,2024-05-24,1000000.00,4.575768,100.796875
08:00:30,912810UA4,TSRYS5802849,D,S,T,2024-05-24,1000000.00,4.576725,100.78125
08:00:30,912810UA4,TSRYS5802849,D,S,T,2024-05-24,1000000.00,4.576725,100.78125
08:00:30,912810UA4,TSRYS5802849,D,S,T,2024-05-24,1000000.00,4.576725,100.78125
08:00:30,912810UA4,TSRYS5802849,D,S,T,2024-05-24,1000000.00,4.576725,100.78125
08:00:30,912810UA4,TSRYS5802849,D,S,T,2024-05-24,1000000.00,4.576725,100.78125
08:00:30,912810UA4,TSRYS5802849,D,S,T,2024-05-24,1000000.00,4.576725,100.78125
08:00:30,912810UA4,TSRYS5802849,D,S,T,2024-05-24,1000000.00,4.576725,100.78125
08:00:30,912810UA4,TSRYS5802849,D,S,T,2024-05-24,1000000.00,4.570982,100.875
08:00:30,912810UA4,TSRYS5802849,D,S,T,2024-05-24,1000000.00,4.571938,100.859375
08:00:30,912810UA4,TSRYS5802849,D,S,T,2024-05-24,1000000.00,4.571938,100.859375
08:00:30,912810UA4,TSRYS5802849,D,S,T,2024-05-24,1000000.00,4.571938,100.859375
08:00:30,912810UA4,TSRYS5802849,D,S,T,2024-05-24,1000000.00,4.573853,100.828125
08:00:30,912810UA4,TSRYS5802849,D,S,T,2024-05-24,1000000.00,4.573853,100.828125
08:00:30,912810UA4,TSRYS5802849,D,S,T,2024-05-24,1000000.00,4.573853,100.828125
08:00:30,912810UA4,TSRYS5802849,D,S,T,2024-05-24,1000000.00,4.573853,100.828125
08:00:30,912810UA4,TSRYS5802849,D,S,T,2024-05-24,1000000.00,4.573853,100.828125
08:00:30,912810UA4,TSRYS5802849,D,S,T,2024-05-24,1000000.00,4.576725,100.78125
08:00:30,912810UA4,TSRYS5802849,D,S,D,2024-05-24,1000000.00,4.576246,100.7890625
08:00:30,912810UA4,TSRYS5802849,D,S,T,2024-05-24,1000000.00,4.578642,100.75
08:00:30,912810UA4,TSRYS5802849,D,S,T,2024-05-24,1000000.00,4.578642,100.75
08:00:30,912810UA4,TSRYS5802849,D,S,T,2024-05-24,1000000.00,4.578642,100.75
08:00:30,912810UA4,TSRYS5802849,D,S,T,2024-05-24,1000000.00,4.578642,100.75
08:00:30,912810UA4,TSRYS5802849,D,S,T,2024-05-24,1000000.00,4.5796,100.734375
08:00:30,912810UA4,TSRYS5802849,D,S,T,2024-05-24,1000000.00,4.575768,100.796875
08:00:30,912810UA4,TSRYS5802849,D,S,T,2024-05-24,1000000.00,4.578881,100.74609375
08:00:30,912810UA4,TSRYS5802849,D,S,T,2024-05-24,1000000.00,4.578762,100.748046875
08:00:30,912810UA4,TSRYS5802849,D,S,D,2024-05-24,1000000.00,4.576246,100.7890625
08:00:30,912810UA4,TSRYS5802849,D,S,T,2024-05-24,1000000.00,4.580559,100.71875
08:00:30,912810UA4,TSRYS5802849,D,S,T,2024-05-24,1000000.00,4.5796,100.734375
08:00:30,912810UA4,TSRYS5802849,D,S,T,2024-05-24,1000000.00,4.5796,100.734375
08:00:30,912810UA4,TSRYS5802849,D,S,T,2024-05-24,1000000.00,4.577684,100.765625
08:00:30,912810UA4,TSRYS5802849,D,S,T,2024-05-24,1000000.00,4.577684,100.765625
08:00:30,912810UA4,TSRYS5802849,D,S,T,2024-05-24,1000000.00,4.577684,100.765625
08:00:30,912810UA4,TSRYS5802849,D,S,T,2024-05-24,1000000.00,4.578642,100.75
08:00:30,912810UA4,TSRYS5802849,D,S,T,2024-05-24,1000000.00,4.578642,100.75
08:00:30,912810UA4,TSRYS5802849,D,S,T,2024-05-24,1000000.00,4.572895,100.84375
08:00:30,912810UA4,TSRYS5802849,D,S,T,2024-05-24,1000000.00,4.572895,100.84375
08:00:30,912810UA4,TSRYS5802849,D,S,T,2024-05-24,1000000.00,4.573853,100.828125
08:00:30,912810UA4,TSRYS5802849,D,S,T,2024-05-24,1000000.00,4.573853,100.828125
08:00:30,912810UA4,TSRYS5802849,D,S,T,2024-05-24,1000000.00,4.573853,100.828125
08:00:30,912810UA4,TSRYS5802849,D,S,T,2024-05-24,1000000.00,4.570982,100.875
08:00:30,912810UA4,TSRYS5802849,D,S,T,2024-05-24,1000000.00,4.572895,100.84375
08:00:30,912810UA4,TSRYS5802849,D,S,T,2024-05-24,1000000.00,4.572895,100.84375
08:00:30,912810UA4,TSRYS5802849,D,S,T,2024-05-24,1000000.00,4.57481,100.8125
08:00:30,912810UA4,TSRYS5802849,D,S,T,2024-05-24,1000000.00,4.57481,100.8125
08:00:30,912810UA4,TSRYS5802849,D,S,T,2024-05-24,1000000.00,4.57481,100.8125
08:00:30,912810UA4,TSRYS5802849,D,S,T,2024-05-24,1000000.00,4.570982,100.875
08:00:30,912810UA4,TSRYS5802849,D,S,T,2024-05-24,1000000.00,4.572895,100.84375
08:00:30,912810UA4,TSRYS5802849,D,S,T,2024-05-24,1000000.00,4.572895,100.84375
08:00:30,912810UA4,TSRYS5802849,D,S,T,2024-05-24,1000000.00,4.573853,100.828125
08:00:30,912810UA4,TSRYS5802849,D,S,T,2024-05-24,1000000.00,4.573853,100.828125
08:00:30,912810UA4,TSRYS5802849,D,S,T,2024-05-24,1000000.00,4.573853,100.828125
08:00:30,912810UA4,TSRYS5802849,D,S,T,2024-05-24,1000000.00,4.575887,100.794921875
08:00:30,912810UA4,TSRYS5802849,D,S,T,2024-05-24,1000000.00,4.575768,100.796875
08:00:30,912810UA4,TSRYS5802849,D,S,T,2024-05-24,1000000.00,4.575768,100.796875
08:00:30,912810UA4,TSRYS5802849,D,S,T,2024-05-24,1000000.00,4.575887,100.794921875
08:00:30,912810UA4,TSRYS5802849,D,S,T,2024-05-24,1000000.00,4.575768,100.796875
08:00:30,912810UA4,TSRYS5802849,D,S,T,2024-05-24,1000000.00,4.575768,100.796875
08:00:30,912810UA4,TSRYS5802849,D,S,T,2024-05-24,1000000.00,4.575768,100.796875
08:00:30,912810UA4,TSRYS5802849,D,S,T,2024-05-24,1000000.00,4.575768,100.796875
08:00:30,912810UA4,TSRYS5802849,D,S,T,2024-05-24,1000000.00,4.575768,100.796875
08:00:30,912810UA4,TSRYS5802849,D,S,T,2024-05-24,1000000.00,4.576725,100.78125
08:00:30,912810UA4,TSRYS5802849,D,S,T,2024-05-24,1000000.00,4.576725,100.78125
08:00:30,912810UA4,TSRYS5802849,D,S,T,2024-05-24,1000000.00,4.576725,100.78125
08:00:30,912810UA4,TSRYS5802849,D,S,T,2024-05-24,1000000.00,4.576725,100.78125
08:00:30,912810UA4,TSRYS5802849,D,S,T,2024-05-24,1000000.00,4.5796,100.734375
08:00:30,912810UA4,TSRYS5802849,D,S,T,2024-05-24,1000000.00,4.576725,100.78125
08:00:30,912810UA4,TSRYS5802849,D,S,D,2024-05-24,1000000.00,4.577684,100.765625
08:00:30,912810UA4,TSRYS5802849,D,S,D,2024-05-24,1000000.00,4.575768,100.796875
08:00:30,912810UA4,TSRYS5802849,D,S,T,2024-05-24,1000000.00,4.576725,100.78125
08:00:30,912810UA4,TSRYS5802849,D,S,T,2024-05-24,1000000.00,4.577684,100.765625
08:00:30,912810UA4,TSRYS5802849,D,S,T,2024-05-24,1000000.00,4.577684,100.765625
08:00:30,912810UA4,TSRYS5802849,D,S,T,2024-05-24,1000000.00,4.577684,100.765625
08:00:30,912810UA4,TSRYS5802849,D,S,T,2024-05-24,1000000.00,4.577684,100.765625
08:00:30,912810UA4,TSRYS5802849,D,S,T,2024-05-24,1000000.00,4.577684,100.765625
08:00:30,912810UA4,TSRYS5802849,D,S,T,2024-05-24,1000000.00,4.578762,100.748046875
08:00:30,912810UA4,TSRYS5802849,D,S,T,2024-05-24,1000000.00,4.578642,100.75
08:00:30,912810UA4,TSRYS5802849,D,S,T,2024-05-24,1000000.00,4.578642,100.75
08:00:30,912810UA4,TSRYS5802849,D,S,T,2024-05-24,1000000.00,4.571221,100.87109375
08:00:30,912810UA4,TSRYS5802849,D,S,T,2024-05-24,1000000.00,4.570982,100.875
08:00:30,912810UA4,TSRYS5802849,D,S,T,2024-05-24,1000000.00,4.572895,100.84375
08:00:30,912810UA4,TSRYS5802849,D,S,T,2024-05-24,1000000.00,4.56871,100.912109375
08:00:30,912810UA4,TSRYS5802849,D,S,T,2024-05-24,1000000.00,4.568471,100.916015625
08:00:30,912810UA4,TSRYS5802849,D,S,T,2024-05-24,1000000.00,4.568591,100.9140625
08:00:30,912810UA4,TSRYS5802849,D,S,T,2024-05-24,1000000.00,4.573853,100.828125
08:00:30,912810UA4,TSRYS5802849,D,S,T,2024-05-24,1000000.00,4.573853,100.828125
08:00:30,912810UA4,TSRYS5802849,D,S,T,2024-05-24,1000000.00,4.573853,100.828125
08:00:30,912810UA4,TSRYS5802849,D,S,T,2024-05-24,1000000.00,4.573853,100.828125
08:00:30,912810UA4,TSRYS5802849,D,S,D,2024-05-24,1000000.00,4.57481,100.8125
08:00:30,912810UA4,TSRYS5802849,D,S,T,2024-05-24,1000000.00,4.577684,100.765625
08:00:30,912810UA4,TSRYS5802849,D,S,T,2024-05-24,1000000.00,4.577684,100.765625
08:00:30,912810UA4,TSRYS5802849,D,S,T,2024-05-24,1000000.00,4.582237,100.69140625
08:00:30,912810UA4,TSRYS5802849,D,S,D,2024-05-24,1000000.00,4.578402,100.75390625
08:00:30,912810UA4,TSRYS5802849,D,S,D,2024-05-24,1000000.00,4.578402,100.75390625
08:00:30,912810UA4,TSRYS5802849,D,S,T,2024-05-24,1000000.00,4.577564,100.767578125
08:00:30,912810UA4,TSRYS5802849,D,S,T,2024-05-24,1000000.00,4.577444,100.76953125
08:00:30,912810UA4,TSRYS5802849,D,S,T,2024-05-24,1000000.00,4.577324,100.771484375
08:00:30,912810UA4,TSRYS5802849,D,S,T,2024-05-24,1000000.00,4.577204,100.7734375
08:00:30,912810UA4,TSRYS5802849,D,S,T,2024-05-24,1000000.00,4.581518,100.703125
08:00:30,912810UA4,TSRYS5802849,D,S,T,2024-05-24,1000000.00,4.581518,100.703125
08:00:30,912810UA4,TSRYS5802849,D,S,T,2024-05-24,1000000.00,4.580559,100.71875
08:00:30,912810UA4,TSRYS5802849,D,S,T,2024-05-24,1000000.00,4.580559,100.71875
08:00:30,912810UA4,TSRYS5802849,D,S,T,2024-05-24,1000000.00,4.582477,100.6875
08:00:30,912810UA4,TSRYS5802849,D,S,T,2024-05-24,1000000.00,4.583436,100.671875
08:00:34,912810UA4,TSRYS5802849,D,S,D,2024-05-24,1000000.00,4.582957,100.6796875
08:00:34,912810UA4,TSRYS5802849,D,S,T,2024-05-24,1000000.00,4.583436,100.671875
08:00:34,912810UA4,TSRYS5802849,D,S,T,2024-05-24,1000000.00,4.584396,100.65625
08:00:34,912810UA4,TSRYS5802849,D,S,T,2024-05-24,1000000.00,4.580559,100.71875
08:00:34,912810UA4,TSRYS5802849,D,S,T,2024-05-24,1000000.00,4.581518,100.703125
08:00:34,912810UA4,TSRYS5802849,D,S,T,2024-05-24,1000000.00,4.581518,100.703125
08:00:34,912810UA4,TSRYS5802849,D,S,T,2024-05-24,1000000.00,4.581398,100.705078125
08:00:34,912810UA4,TSRYS5802849,D,S,T,2024-05-24,1000000.00,4.580559,100.71875
08:00:34,912810UA4,TSRYS5802849,D,S,T,2024-05-24,1000000.00,4.581518,100.703125
08:00:34,912810UA4,TSRYS5802849,D,S,T,2024-05-24,1000000.00,4.581518,100.703125
08:00:34,912810UA4,TSRYS5802849,D,S,T,2024-05-24,1000000.00,4.582477,100.6875
08:00:34,912810UA4,TSRYS5802849,D,S,T,2024-05-24,1000000.00,4.582477,100.6875
08:00:34,912810UA4,TSRYS5802849,D,S,T,2024-05-24,1000000.00,4.582477,100.6875
08:00:34,912810UA4,TSRYS5802849,D,S,T,2024-05-24,1000000.00,4.582477,100.6875
08:00:34,912810UA4,TSRYS5802849,D,S,T,2024-05-24,1000000.00,4.582477,100.6875
08:00:34,912810UA4,TSRYS5802849,D,S,D,2024-05-24,1000000.00,4.578163,100.7578125
08:00:34,912810UA4,TSRYS5802849,D,S,D,2024-05-24,1000000.00,4.577684,100.765625
08:00:34,912810UA4,TSRYS5802849,D,S,D,2024-05-24,1000000.00,4.577923,100.76171875
08:00:34,912810UA4,TSRYS5802849,D,S,D,2024-05-24,1000000.00,4.577684,100.765625
08:00:34,912810UA4,TSRYS5802849,D,S,D,2024-05-24,1000000.00,4.577204,100.7734375
08:00:34,912810UA4,TSRYS5802849,D,S,D,2024-05-24,1000000.00,4.57481,100.8125
08:00:34,912810UA4,TSRYS5802849,D,S,D,2024-05-24,1000000.00,4.57481,100.8125
08:00:34,912810UA4,TSRYS5802849,D,S,D,2024-05-24,1000000.00,4.576246,100.7890625
08:00:34,912810UA4,TSRYS5802849,D,S,D,2024-05-24,1000000.00,4.57984,100.73046875
08:00:34,912810UA4,TSRYS5802849,D,S,D,2024-05-24,1000000.00,4.577684,100.765625
08:00:34,912810UA4,TSRYS5802849,D,S,D,2024-05-24,1000000.00,4.577684,100.765625
08:00:34,912810UA4,TSRYS5802849,D,S,D,2024-05-24,1000000.00,4.572895,100.84375
08:00:34,912810UA4,TSRYS5802849,D,S,D,2024-05-24,1000000.00,4.572895,100.84375
08:00:34,912810UA4,TSRYS5802849,D,S,D,2024-05-24,1000000.00,4.570503,100.8828125
08:00:34,912810UA4,TSRYS5802849,D,S,D,2024-05-24,1000000.00,4.573853,100.828125
08:00:34,912810UA4,TSRYS5802849,D,S,D,2024-05-24,1000000.00,4.573853,100.828125
08:00:34,912810UA4,TSRYS5802849,D,S,D,2024-05-24,1000000.00,4.581278,100.70703125
08:00:34,912810UA4,TSRYS5802849,D,S,D,2024-05-24,1000000.00,4.577923,100.76171875
08:00:34,912810UA4,TSRYS5802849,D,S,D,2024-05-24,1000000.00,4.58008,100.7265625
08:00:34,912810UA4,TSRYS5802849,D,S,D,2024-05-24,1000000.00,4.57984,100.73046875
08:00:34,912810UA4,TSRYS5802849,D,S,D,2024-05-24,1000000.00,4.583916,100.6640625
08:00:34,912810UA4,TSRYS5802849,D,S,D,2024-05-24,1000000.00,4.581878,100.697265625
08:00:34,912810UA4,TSRYS5802849,D,S,D,2024-05-24,1000000.00,4.581878,100.697265625
08:00:34,912810UA4,TSRYS5802849,D,S,D,2024-05-24,1000000.00,4.584036,100.662109375
08:00:34,912810UA4,TSRYS5802849,D,S,D,2024-05-24,1000000.00,4.572895,100.84375
08:00:34,912810UA4,TSRYS5802849,D,S,D,2024-05-24,1000000.00,4.57481,100.8125
08:00:34,912810UA4,TSRYS5802849,D,S,D,2024-05-24,2000000.00,4.57481,100.8125
08:00:34,912810UA4,TSRYS5802849,D,S,D,2024-05-24,2000000.00,4.573853,100.828125
08:00:34,912810UA4,TSRYS5802849,D,S,D,2024-05-24,1000000.00,4.572536,100.849609375
08:00:34,912810UA4,TSRYS5802849,D,S,D,2024-05-24,1000000.00,4.572536,100.849609375
08:00:34,912810UA4,TSRYS5802849,D,S,D,2024-05-24,1000000.00,4.572536,100.849609375
08:00:34,912810UA4,TSRYS5802849,D,S,D,2024-05-24,1000000.00,4.574212,100.822265625
08:00:34,912810UA4,TSRYS5802849,D,S,D,2024-05-24,1000000.00,4.577564,100.767578125
08:00:34,912810UA4,TSRYS5802849,D,S,D,2024-05-24,1000000.00,4.577684,100.765625
08:00:34,912810UA4,TSRYS5802849,D,S,D,2024-05-24,1000000.00,4.572656,100.84765625
08:00:34,912810UA4,TSRYS5802849,D,S,D,2024-05-24,1000000.00,4.572656,100.84765625
08:00:34,912810UA4,TSRYS5802849,D,S,D,2024-05-24,1000000.00,4.572656,100.84765625
08:00:34,912810UA4,TSRYS5802849,D,S,D,2024-05-24,1000000.00,4.572776,100.845703125
08:00:34,912810UA4,TSRYS5802849,D,S,D,2024-05-24,1000000.00,4.572895,100.84375
08:00:34,912810UA4,TSRYS5802849,D,S,D,2024-05-24,1000000.00,4.570982,100.875
08:00:34,912810UA4,TSRYS5802849,D,S,D,2024-05-24,1000000.00,4.573853,100.828125
08:00:34,912810UA4,TSRYS5802849,D,S,D,2024-05-24,1000000.00,4.573972,100.826171875
08:00:34,912810UA4,TSRYS5802849,D,S,D,2024-05-24,1000000.00,4.573853,100.828125
08:00:34,912810UA4,TSRYS5802849,D,S,D,2024-05-24,1000000.00,4.572656,100.84765625
08:00:34,912810UA4,TSRYS5802849,D,S,D,2024-05-24,1000000.00,4.575768,100.796875
08:00:34,912810UA4,TSRYS5802849,D,S,D,2024-05-24,1000000.00,4.577444,100.76953125
08:00:34,912810UA4,TSRYS5802849,D,S,D,2024-05-24,1000000.00,4.577324,100.771484375
08:00:34,912810UA4,TSRYS5802849,D,S,D,2024-05-24,1000000.00,4.578881,100.74609375
08:00:34,912810UA4,TSRYS5802849,D,S,D,2024-05-24,1000000.00,4.58008,100.7265625
08:00:34,912810UA4,TSRYS5802849,D,S,D,2024-05-24,1000000.00,4.578282,100.755859375
08:00:34,912810UA4,TSRYS5802849,D,S,D,2024-05-24,1000000.00,4.578043,100.759765625
08:00:34,912810UA4,TSRYS5802849,D,S,D,2024-05-24,1000000.00,4.578043,100.759765625
08:00:34,912810UA4,TSRYS5802849,D,S,D,2024-05-24,1000000.00,4.578402,100.75390625
08:00:34,912810UA4,TSRYS5802849,D,S,D,2024-05-24,1000000.00,4.57996,100.728515625
08:00:34,912810UA4,TSRYS5802849,D,S,D,2024-05-24,1000000.00,4.58008,100.7265625
08:00:34,912810UA4,TSRYS5802849,D,S,D,2024-05-24,1000000.00,4.576606,100.783203125
08:00:34,912810UA4,TSRYS5802849,D,S,D,2024-05-24,1000000.00,4.583077,100.677734375
08:00:34,912810UA4,TSRYS5802849,D,S,D,2024-05-24,1000000.00,4.583077,100.677734375
08:00:34,912810UA4,TSRYS5802849,D,S,D,2024-05-24,1000000.00,4.583077,100.677734375
08:00:34,912810UA4,TSRYS5802849,D,S,D,2024-05-24,1000000.00,4.584036,100.662109375
08:00:34,912810UA4,TSRYS5802849,D,S,D,2024-05-24,1000000.00,4.584036,100.662109375
08:00:34,912810UA4,TSRYS5802849,D,S,D,2024-05-24,1000000.00,4.583916,100.6640625
08:00:34,912810UA4,TSRYS5802849,D,S,T,2024-05-24,1000000.00,4.578282,100.755859375
08:00:34,912810UA4,TSRYS5802849,D,S,T,2024-05-24,1000000.00,4.578163,100.7578125
08:00:34,912810UA4,TSRYS5802849,D,S,T,2024-05-24,1000000.00,4.578043,100.759765625
08:00:34,912810UA4,TSRYS5802849,D,S,T,2024-05-24,1000000.00,4.577923,100.76171875
08:00:34,912810UA4,TSRYS5802849,D,S,T,2024-05-24,1000000.00,4.577803,100.763671875
08:00:34,912810UA4,TSRYS5802849,D,S,T,2024-05-24,1000000.00,4.577684,100.765625
08:00:34,912810UA4,TSRYS5802849,D,S,T,2024-05-24,1000000.00,4.576845,100.779296875
08:00:34,912810UA4,TSRYS5802849,D,S,T,2024-05-24,1000000.00,4.576965,100.77734375
08:00:34,912810UA4,TSRYS5802849,D,S,T,2024-05-24,1000000.00,4.576845,100.779296875
08:00:34,912810UA4,TSRYS5802849,D,S,T,2024-05-24,1000000.00,4.577684,100.765625
08:00:34,912810UA4,TSRYS5802849,D,S,T,2024-05-24,1000000.00,4.570623,100.880859375
08:00:34,912810UA4,TSRYS5802849,D,S,T,2024-05-24,1000000.00,4.572895,100.84375
08:00:34,912810UA4,TSRYS5802849,D,S,T,2024-05-24,1000000.00,4.57481,100.8125
08:00:34,912810UA4,TSRYS5802849,D,S,T,2024-05-24,1000000.00,4.576486,100.78515625
08:00:34,912810UA4,TSRYS5802849,D,S,T,2024-05-24,1000000.00,4.576366,100.787109375
08:00:34,912810UA4,TSRYS5802849,D,S,T,2024-05-24,1000000.00,4.576725,100.78125
08:00:34,912810UA4,TSRYS5802849,D,S,T,2024-05-24,1000000.00,4.576366,100.787109375
08:00:34,912810UA4,TSRYS5802849,D,S,T,2024-05-24,1000000.00,4.58008,100.7265625
08:00:34,912810UA4,TSRYS5802849,D,S,T,2024-05-24,1000000.00,4.57996,100.728515625
08:00:34,912810UA4,TSRYS5802849,D,S,T,2024-05-24,1000000.00,4.577684,100.765625
08:00:34,912810UA4,TSRYS5802849,D,S,T,2024-05-24,1000000.00,4.572895,100.84375
08:00:34,912810UA4,TSRYS5802849,D,S,T,2024-05-24,1000000.00,4.572895,100.84375
08:00:34,912810UA4,TSRYS5802849,D,S,T,2024-05-24,1000000.00,4.571221,100.87109375
08:00:34,912810UA4,TSRYS5802849,D,S,T,2024-05-24,1000000.00,4.570982,100.875
08:00:34,912810UA4,TSRYS5802849,D,S,T,2024-05-24,1000000.00,4.573853,100.828125
08:00:34,912810UA4,TSRYS5802849,D,S,T,2024-05-24,1000000.00,4.573853,100.828125
08:00:34,912810UA4,TSRYS5802849,D,S,T,2024-05-24,1000000.00,4.573972,100.826171875
08:00:34,912810UA4,TSRYS5802849,D,S,T,2024-05-24,1000000.00,4.573853,100.828125
08:00:34,912810UA4,TSRYS5802849,D,S,T,2024-05-24,1000000.00,4.574092,100.82421875
08:00:34,912810UA4,TSRYS5802849,D,S,T,2024-05-24,1000000.00,4.570982,100.875
08:00:34,912810UA4,TSRYS5802849,D,S,T,2024-05-24,1000000.00,4.572536,100.849609375
08:00:34,912810UA4,TSRYS5802849,D,S,T,2024-05-24,1000000.00,4.573853,100.828125
08:00:34,912810UA4,TSRYS5802849,D,S,T,2024-05-24,1000000.00,4.570503,100.8828125
08:00:34,912810UA4,TSRYS5802849,D,S,T,2024-05-24,1000000.00,4.575768,100.796875
08:00:34,912810UA4,TSRYS5802849,D,S,T,2024-05-24,1000000.00,4.572656,100.84765625
08:00:34,912810UA4,TSRYS5802849,D,S,T,2024-05-24,1000000.00,4.572656,100.84765625
08:00:34,912810UA4,TSRYS5802849,D,S,T,2024-05-24,1000000.00,4.573853,100.828125
08:00:34,912810UA4,TSRYS5802849,D,S,T,2024-05-24,1000000.00,4.574212,100.822265625
08:00:34,912810UA4,TSRYS5802849,D,S,T,2024-05-24,1000000.00,4.573853,100.828125
08:00:34,912810UA4,TSRYS5802849,D,S,T,2024-05-24,1000000.00,4.57996,100.728515625
08:00:34,912810UA4,TSRYS5802849,D,S,T,2024-05-24,1000000.00,4.580439,100.720703125
08:00:34,912810UA4,TSRYS5802849,D,S,T,2024-05-24,1000000.00,4.580799,100.71484375
08:00:34,912810UA4,TSRYS5802849,D,S,T,2024-05-24,1000000.00,4.578043,100.759765625
08:00:34,912810UA4,TSRYS5802849,D,S,T,2024-05-24,1000000.00,4.583916,100.6640625
08:00:34,912810UA4,TSRYS5802849,D,S,D,2024-05-24,1000000.00,4.573853,100.828125
08:00:34,912810UA4,TSRYS5802849,D,S,T,2024-05-24,1000000.00,4.583436,100.671875
08:00:34,912810UA4,TSRYS5802849,D,S,T,2024-05-24,1000000.00,4.583436,100.671875
08:00:34,912810UA4,TSRYS5802849,D,S,D,2024-05-24,1000000.00,4.579121,100.7421875
08:00:34,912810UA4,TSRYS5802849,D,S,D,2024-05-24,1000000.00,4.581278,100.70703125
08:00:34,912810UA4,TSRYS5802849,D,S,D,2024-05-24,1000000.00,4.577684,100.765625
08:00:34,912810UA4,TSRYS5802849,D,S,D,2024-05-24,500000.00,4.575528,100.80078125
08:00:34,912810UA4,TSRYS5802849,D,S,A,2024-05-24,500000.00,4.569069,100.90625
08:00:34,912810UA4,TSRYS5802849,D,S,D,2024-05-24,1000000.00,4.579121,100.7421875
08:00:34,912810UA4,TSRYS5802849,D,S,D,2024-05-24,1000000.00,4.577684,100.765625
08:00:34,912810UA4,TSRYS5802849,D,S,D,2024-05-24,1000000.00,4.577923,100.76171875
08:00:34,912810UA4,TSRYS5802849,D,S,D,2024-05-24,1000000.00,4.579121,100.7421875
08:00:34,912810UA4,TSRYS5802849,D,S,D,2024-05-24,1000000.00,4.579121,100.7421875
08:00:34,912810UA4,TSRYS5802849,D,S,D,2024-05-24,1000000.00,4.578402,100.75390625
08:00:34,912810UA4,TSRYS5802849,D,S,C,2024-05-24,2000000.00,4.576486,100.78515625
08:00:34,912810UA4,TSRYS5802849,D,S,D,2024-05-24,2000000.00,4.574092,100.82421875
08:00:35,912810UA4,TSRYS5802849,D,S,D,2024-05-24,1000000.00,4.580559,100.71875
08:00:35,912810UA4,TSRYS5802849,D,S,D,2024-05-24,1000000.00,4.580559,100.71875
08:00:35,912810UA4,TSRYS5802849,D,S,D,2024-05-24,1000000.00,4.582717,100.68359375
08:00:35,912810UA4,TSRYS5802849,D,S,D,2024-05-24,1000000.00,4.582717,100.68359375
08:00:35,912810UA4,TSRYS5802849,D,S,D,2024-05-24,1000000.00,4.581038,100.7109375
08:00:36,912810UA4,TSRYS5802849,D,S,T,2024-05-24,1000000.00,4.578642,100.75
08:00:36,912810UA4,TSRYS5802849,D,S,T,2024-05-24,1000000.00,4.578642,100.75
08:00:36,912810UA4,TSRYS5802849,D,S,T,2024-05-24,1000000.00,4.571938,100.859375
08:00:36,912810UA4,TSRYS5802849,D,S,T,2024-05-24,1000000.00,4.571938,100.859375
08:00:36,912810UA4,TSRYS5802849,D,S,T,2024-05-24,1000000.00,4.571938,100.859375
08:00:36,912810UA4,TSRYS5802849,D,S,T,2024-05-24,1000000.00,4.575768,100.796875
08:00:36,912810UA4,TSRYS5802849,D,S,T,2024-05-24,1000000.00,4.575768,100.796875
08:00:36,912810UA4,TSRYS5802849,D,S,T,2024-05-24,1000000.00,4.57481,100.8125
08:00:36,912810UA4,TSRYS5802849,D,S,T,2024-05-24,1000000.00,4.580559,100.71875
08:00:36,912810UA4,TSRYS5802849,D,S,T,2024-05-24,1000000.00,4.575768,100.796875
08:00:36,912810UA4,TSRYS5802849,D,S,T,2024-05-24,1000000.00,4.573853,100.828125
08:00:36,912810UA4,TSRYS5802849,D,S,T,2024-05-24,1000000.00,4.573853,100.828125
08:00:36,912810UA4,TSRYS5802849,D,S,T,2024-05-24,1000000.00,4.571938,100.859375
08:00:36,912810UA4,TSRYS5802849,D,S,T,2024-05-24,1000000.00,4.576725,100.78125
08:00:36,912810UA4,TSRYS5802849,D,S,T,2024-05-24,1000000.00,4.576725,100.78125
08:00:36,912810UA4,TSRYS5802849,D,S,T,2024-05-24,1000000.00,4.576725,100.78125
08:00:36,912810UA4,TSRYS5802849,D,S,T,2024-05-24,1000000.00,4.577684,100.765625
08:00:36,912810UA4,TSRYS5802849,D,S,T,2024-05-24,1000000.00,4.582477,100.6875
08:00:36,912810UA4,TSRYS5802849,D,S,T,2024-05-24,1000000.00,4.577444,100.76953125
08:00:36,912810UA4,TSRYS5802849,D,S,T,2024-05-24,1000000.00,4.573135,100.83984375
08:00:36,912810UA4,TSRYS5802849,D,S,T,2024-05-24,1000000.00,4.571699,100.86328125
08:00:36,912810UA4,TSRYS5802849,D,S,T,2024-05-24,1000000.00,4.578642,100.75
08:00:36,912810UA4,TSRYS5802849,D,S,D,2024-05-24,2000000.00,4.577684,100.765625
08:00:36,912810UA4,TSRYS5802849,D,S,D,2024-05-24,1000000.00,4.577684,100.765625
08:00:36,912810UA4,TSRYS5802849,D,S,D,2024-05-24,1000000.00,4.572895,100.84375
08:00:36,912810UA4,TSRYS5802849,D,S,D,2024-05-24,1000000.00,4.572895,100.84375
08:00:36,912810UA4,TSRYS5802849,D,S,D,2024-05-24,1000000.00,4.57481,100.8125
08:00:36,912810UA4,TSRYS5802849,D,S,T,2024-05-24,1000000.00,4.58008,100.7265625
08:00:36,912810UA4,TSRYS5802849,D,S,D,2024-05-24,1000000.00,4.583436,100.671875
08:00:36,912810UA4,TSRYS5802849,D,S,D,2024-05-24,1000000.00,4.578402,100.75390625
08:00:37,912810UA4,TSRYS5802849,D,S,D,2024-05-24,2000000.00,4.582957,100.6796875
08:00:37,912810UA4,TSRYS5802849,D,S,D,2024-05-24,1000000.00,4.582957,100.6796875
08:00:39,912810UA4,TSRYS5802849,D,S,T,2024-05-24,1000000.00,4.581164,100.708884375
08:00:39,912810UA4,TSRYS5802849,D,S,T,2024-05-24,1000000.00,4.583203,100.67568125
08:00:39,912810UA4,TSRYS5802849,D,S,D,2024-05-24,500000.00,4.574331,100.8203125
08:00:39,912810UA4,TSRYS5802849,D,B,A,2024-05-24,1000000.00,4.576725,100.78125
08:00:40,912810UA4,TSRYS5802849,D,S,T,2024-05-24,1000000.00,4.575768,100.796875
08:00:40,912810UA4,TSRYS5802849,D,S,T,2024-05-24,1000000.00,4.575768,100.796875
08:00:40,912810UA4,TSRYS5802849,D,S,T,2024-05-24,1000000.00,4.575768,100.796875
08:00:40,912810UA4,TSRYS5802849,D,S,T,2024-05-24,1000000.00,4.575768,100.796875
08:00:40,912810UA4,TSRYS5802849,D,S,T,2024-05-24,1000000.00,4.575768,100.796875
08:00:40,912810UA4,TSRYS5802849,D,S,D,2024-05-24,2000000.00,4.578642,100.75
08:00:40,912810UA4,TSRYS5802849,D,B,A,2024-05-24,4000000.00,4.570264,100.88671875
08:00:40,912810UA4,TSRYS5802849,D,S,D,2024-05-24,4200000.00,4.58153,100.702925
08:00:40,912810UA4,TSRYS5802849,D,B,A,2024-05-24,2000000.00,4.573374,100.8359375
08:00:40,912810UA4,TSRYS5802849,D,S,A,2024-05-24,125100.00,4.576007,100.79296875
08:00:40,912810UA4,TSRYS5802849,D,S,D,2024-05-24,25000000.00,4.578047,100.75969
08:00:40,912810UA4,TSRYS5802849,D,B,A,2024-05-24,30700000.00,4.577684,100.765625
08:00:40,912810UA4,TSRYS5802849,D,S,D,2024-05-24,10000000.00,4.574939,100.8104
08:00:40,912810UA4,TSRYS5802849,D,S,D,2024-05-24,1000000.00,4.569069,100.90625
08:00:40,912810UA4,TSRYS5802849,D,S,D,2024-05-24,1000000.00,4.569069,100.90625
08:00:40,912810UA4,TSRYS5802849,D,S,T,2024-05-24,1000000.00,4.578522,100.751953125
08:00:40,912810UA4,TSRYS5802849,D,S,T,2024-05-24,1000000.00,4.581638,100.701171875
08:00:40,912810UA4,TSRYS5802849,D,B,C,2024-05-24,9500000.00,4.5796,100.734375
08:00:40,912810UA4,TSRYS5802849,D,S,D,2024-05-24,1000000.00,4.575778,100.7967115586
08:00:40,912810UA4,TSRYS5802849,D,S,D,2024-05-24,1000000.00,4.575778,100.7967115586
08:00:40,912810UA4,TSRYS5802849,D,S,D,2024-05-24,1000000.00,4.575778,100.7967115586
08:00:40,912810UA4,TSRYS5802849,D,S,D,2024-05-24,1000000.00,4.575778,100.7967115586
08:00:40,912810UA4,TSRYS5802849,D,S,D,2024-05-24,1000000.00,4.575778,100.7967115586
08:00:40,912810UA4,TSRYS5802849,D,B,C,2024-05-24,4000000.00,4.580559,100.71875
08:00:40,912810UA4,TSRYS5802849,D,S,A,2024-05-24,189000.00,4.5796,100.734375
08:00:40,912810UA4,TSRYS5802849,D,S,D,2024-05-24,1000000.00,4.580559,100.71875
08:00:40,912810UA4,TSRYS5802849,D,S,D,2024-05-24,1000000.00,4.580559,100.71875
08:00:40,912810UA4,TSRYS5802849,D,B,C,2024-05-24,3900000.00,4.582477,100.6875
08:00:40,912810UA4,TSRYS5802849,D,S,D,2024-05-24,1000000.00,4.582717,100.68359375
08:00:40,912810UA4,TSRYS5802849,D,S,D,2024-05-24,1000000.00,4.582717,100.68359375
08:00:40,912810UA4,TSRYS5802849,D,S,D,2024-05-24,1000000.00,4.583436,100.671875
08:00:40,912810UA4,TSRYS5802849,D,S,D,2024-05-24,1000000.00,4.583436,100.671875
08:00:40,912810UA4,TSRYS5802849,D,S,D,2024-05-24,1000000.00,4.584396,100.65625
08:00:40,912810UA4,TSRYS5802849,D,S,D,2024-05-24,1000000.00,4.584396,100.65625
08:00:40,912810UA4,TSRYS5802849,D,S,D,2024-05-24,1000000.00,4.584396,100.65625
08:00:40,912810UA4,TSRYS5802849,D,S,D,2024-05-24,1000000.00,4.580559,100.71875
08:00:40,912810UA4,TSRYS5802849,D,S,D,2024-05-24,1000000.00,4.580559,100.71875
08:00:40,912810UA4,TSRYS5802849,D,S,D,2024-05-24,1000000.00,4.580559,100.71875
08:00:40,912810UA4,TSRYS5802849,D,S,D,2024-05-24,1000000.00,4.581518,100.703125
08:00:40,912810UA4,TSRYS5802849,D,S,C,2024-05-24,500000.00,4.58008,100.7265625
08:00:40,912810UA4,TSRYS5802849,D,S,C,2024-05-24,2695000.00,4.580319,100.72265625
08:00:40,912810UA4,TSRYS5802849,D,S,D,2024-05-24,1000000.00,4.580559,100.71875
08:00:40,912810UA4,TSRYS5802849,D,S,D,2024-05-24,1000000.00,4.581518,100.703125
08:00:40,912810UA4,TSRYS5802849,D,S,D,2024-05-24,1000000.00,4.581518,100.703125
08:00:40,912810UA4,TSRYS5802849,D,S,D,2024-05-24,1000000.00,4.581518,100.703125
08:00:40,912810UA4,TSRYS5802849,D,S,D,2024-05-24,1000000.00,4.582477,100.6875
08:00:40,912810UA4,TSRYS5802849,D,S,D,2024-05-24,5000000.00,4.578642,100.75
08:00:40,912810UA4,TSRYS5802849,D,S,D,2024-05-24,1000000.00,4.582477,100.6875
08:00:41,912810UA4,TSRYS5802849,D,S,D,2024-05-24,1000000.00,4.576725,100.78125
08:00:41,912810UA4,TSRYS5802849,D,S,D,2024-05-24,1000000.00,4.577684,100.765625
08:00:41,912810UA4,TSRYS5802849,D,S,D,2024-05-24,1000000.00,4.576725,100.78125
08:00:41,912810UA4,TSRYS5802849,D,S,D,2024-05-24,1000000.00,4.577684,100.765625
08:00:41,912810UA4,TSRYS5802849,D,S,D,2024-05-24,1000000.00,4.577684,100.765625
08:00:41,912810UA4,TSRYS5802849,D,S,D,2024-05-24,1000000.00,4.577684,100.765625
08:00:41,912810UA4,TSRYS5802849,D,S,D,2024-05-24,1000000.00,4.577684,100.765625
08:00:41,912810UA4,TSRYS5802849,D,S,D,2024-05-24,1000000.00,4.577803,100.763671875
08:00:41,912810UA4,TSRYS5802849,D,S,D,2024-05-24,12000000.00,4.574101,100.82407
08:00:41,912810UA4,TSRYS5802849,D,S,T,2024-05-24,1000000.00,4.572895,100.84375
08:00:41,912810UA4,TSRYS5802849,D,S,A,2024-05-24,2000000.00,4.574331,100.8203125
08:00:42,912810UA4,TSRYS5802849,D,S,C,2024-05-24,15000000.00,4.581518,100.703125
08:00:42,912810UA4,TSRYS5802849,D,S,D,2024-05-24,5200000.00,4.579133,100.7419875
08:00:42,912810UA4,TSRYS5802849,D,B,C,2024-05-24,5200000.00,4.579133,100.7419875
08:00:42,912810UA4,TSRYS5802849,D,B,C,2024-05-24,4200000.00,4.58153,100.702925
08:00:42,912810UA4,TSRYS5802849,D,S,T,2024-05-24,2000000.00,4.577204,100.7734375
08:00:43,912810UA4,TSRYS5802849,D,S,D,2024-05-24,1000000.00,4.577923,100.76171875
08:00:43,912810UA4,TSRYS5802849,D,S,D,2024-05-24,15000000.00,4.581518,100.703125
08:00:43,912810UA4,TSRYS5802849,D,S,T,2024-05-24,4000000.00,4.581518,100.703125
08:00:43,912810UA4,TSRYS5802849,D,S,D,2024-05-24,7000000.00,4.578582,100.750976562
08:00:44,912810UA4,TSRYS5802849,D,S,C,2024-05-24,1000000.00,4.583916,100.6640625
08:00:44,912810UA4,TSRYS5802849,D,S,C,2024-05-24,1425000.00,4.581997,100.6953125
08:00:44,912810UA4,TSRYS5802849,D,S,C,2024-05-24,1000000.00,4.581997,100.6953125
08:00:44,912810UA4,TSRYS5802849,D,B,A,2024-05-24,3000000.00,4.579121,100.7421875
08:00:45,912810UA4,TSRYS5802849,D,S,T,2024-05-24,1000000.00,4.57996,100.728515625
08:00:45,912810UA4,TSRYS5802849,D,S,A,2024-05-24,29500000.00,4.572392,100.8519625
08:00:45,912810UA4,TSRYS5802849,D,S,T,2024-05-24,1000000.00,4.572178,100.85546875
08:00:46,912810UA4,TSRYS5802849,D,S,D,2024-05-24,1000000.00,4.577684,100.765625
08:00:46,912810UA4,TSRYS5802849,D,S,D,2024-05-24,1000000.00,4.576725,100.78125
08:00:46,912810UA4,TSRYS5802849,D,S,D,2024-05-24,1000000.00,4.576725,100.78125
08:00:46,912810UA4,TSRYS5802849,D,S,D,2024-05-24,1000000.00,4.576725,100.78125
08:00:46,912810UA4,TSRYS5802849,D,S,D,2024-05-24,1000000.00,4.577684,100.765625
08:00:46,912810UA4,TSRYS5802849,D,S,D,2024-05-24,1000000.00,4.577684,100.765625
08:00:46,912810UA4,TSRYS5802849,D,S,D,2024-05-24,1000000.00,4.577684,100.765625
08:00:46,912810UA4,TSRYS5802849,D,S,D,2024-05-24,1000000.00,4.577684,100.765625
08:00:47,912810UA4,TSRYS5802849,D,S,A,2024-05-24,1000000.00,4.582477,100.6875
08:00:47,912810UA4,TSRYS5802849,D,S,T,2024-05-24,1000000.00,4.576246,100.7890625
08:00:47,912810UA4,TSRYS5802849,D,S,T,2024-05-24,1000000.00,4.576246,100.7890625
08:00:47,912810UA4,TSRYS5802849,D,S,T,2024-05-24,1000000.00,4.576246,100.7890625
08:00:47,912810UA4,TSRYS5802849,D,S,T,2024-05-24,1000000.00,4.574092,100.82421875
08:00:48,912810UA4,TSRYS5802849,D,S,T,2024-05-24,1000000.00,4.582597,100.685546875
08:00:49,912810UA4,TSRYS5802849,D,S,T,2024-05-24,1000000.00,4.576965,100.77734375
08:00:49,912810UA4,TSRYS5802849,D,S,T,2024-05-24,1000000.00,4.576965,100.77734375
08:00:49,912810UA4,TSRYS5802849,D,S,T,2024-05-24,1000000.00,4.576965,100.77734375
08:00:49,912810UA4,TSRYS5802849,D,S,T,2024-05-24,1000000.00,4.576965,100.77734375
08:00:49,912810UA4,TSRYS5802849,D,S,T,2024-05-24,1000000.00,4.576965,100.77734375
08:00:49,912810UA4,TSRYS5802849,D,S,T,2024-05-24,1000000.00,4.576965,100.77734375
08:00:50,912810UA4,TSRYS5802849,D,S,T,2024-05-24,1000000.00,4.576486,100.78515625
08:00:50,912810UA4,TSRYS5802849,D,S,D,2024-05-24,1000000.00,4.582957,100.6796875
08:00:50,912810UA4,TSRYS5802849,D,S,D,2024-05-24,2000000.00,4.582957,100.6796875
08:00:50,912810UA4,TSRYS5802849,D,S,D,2024-05-24,1000000.00,4.580319,100.72265625
08:00:53,912810UA4,TSRYS5802849,D,S,D,2024-05-24,1000000.00,4.577684,100.765625
08:00:53,912810UA4,TSRYS5802849,D,S,D,2024-05-24,1000000.00,4.577684,100.765625
08:00:53,912810UA4,TSRYS5802849,D,S,T,2024-05-24,1000000.00,4.578642,100.75
08:00:53,912810UA4,TSRYS5802849,D,S,T,2024-05-24,1000000.00,4.578642,100.75
08:00:53,912810UA4,TSRYS5802849,D,S,T,2024-05-24,1000000.00,4.578642,100.75
08:00:53,912810UA4,TSRYS5802849,D,S,T,2024-05-24,1000000.00,4.578642,100.75
08:00:53,912810UA4,TSRYS5802849,D,S,T,2024-05-24,1000000.00,4.578642,100.75
08:00:58,912810UA4,TSRYS5802849,D,B,A,2024-05-24,2500000.00,4.578642,100.75
08:00:58,912810UA4,TSRYS5802849,D,B,A,2024-05-24,500000.00,4.578642,100.75
08:00:59,912810UA4,TSRYS5802849,D,S,T,2024-05-24,1000000.00,4.577684,100.765625
08:01:00,912810UA4,TSRYS5802849,D,S,D,2024-05-24,1000000.00,4.577684,100.765625
08:01:00,912810UA4,TSRYS5802849,D,S,D,2024-05-24,1000000.00,4.577684,100.765625
08:01:00,912810UA4,TSRYS5802849,D,S,D,2024-05-24,1000000.00,4.578163,100.7578125
08:01:00,912810UA4,TSRYS5802849,D,B,C,2024-05-24,1000000.00,4.582957,100.6796875
08:01:00,912810UA4,TSRYS5802849,D,S,D,2024-05-24,1000000.00,4.577684,100.765625
08:01:00,912810UA4,TSRYS5802849,D,S,D,2024-05-24,1000000.00,4.577923,100.76171875
08:01:00,912810UA4,TSRYS5802849,D,S,D,2024-05-24,1000000.00,4.582957,100.6796875
08:01:00,912810UA4,TSRYS5802849,D,S,D,2024-05-24,1000000.00,4.577684,100.765625
08:01:00,912810UA4,TSRYS5802849,D,S,D,2024-05-24,1000000.00,4.577444,100.76953125
08:01:00,912810UA4,TSRYS5802849,D,B,C,2024-05-24,1000000.00,4.577444,100.76953125
08:01:00,912810UA4,TSRYS5802849,D,B,C,2024-05-24,1000000.00,4.577444,100.76953125
08:01:00,912810UA4,TSRYS5802849,D,B,C,2024-05-24,1000000.00,4.570503,100.8828125
08:01:00,912810UA4,TSRYS5802849,D,B,C,2024-05-24,1000000.00,4.577684,100.765625
08:01:00,912810UA4,TSRYS5802849,D,S,C,2024-05-24,1000000.00,4.577444,100.76953125
08:01:00,912810UA4,TSRYS5802849,D,S,D,2024-05-24,1000000.00,4.57481,100.8125
08:01:00,912810UA4,TSRYS5802849,D,S,D,2024-05-24,1000000.00,4.578642,100.75
08:01:00,912810UA4,TSRYS5802849,D,S,D,2024-05-24,1000000.00,4.57481,100.8125
08:01:00,912810UA4,TSRYS5802849,D,B,C,2024-05-24,1000000.00,4.57481,100.8125
08:01:00,912810UA4,TSRYS5802849,D,S,D,2024-05-24,1000000.00,4.570503,100.8828125
08:01:00,912810UA4,TSRYS5802849,D,S,D,2024-05-24,2000000.00,4.577684,100.765625
08:01:00,912810UA4,TSRYS5802849,D,S,D,2024-05-24,1000000.00,4.5796,100.734375
08:01:00,912810UA4,TSRYS5802849,D,S,D,2024-05-24,1000000.00,4.577684,100.765625
08:01:00,912810UA4,TSRYS5802849,D,S,D,2024-05-24,1000000.00,4.572895,100.84375
08:01:00,912810UA4,TSRYS5802849,D,S,D,2024-05-24,1000000.00,4.57984,100.73046875
08:01:00,912810UA4,TSRYS5802849,D,S,D,2024-05-24,1000000.00,4.572895,100.84375
08:01:00,912810UA4,TSRYS5802849,D,S,D,2024-05-24,1000000.00,4.577684,100.765625
08:01:00,912810UA4,TSRYS5802849,D,S,D,2024-05-24,1000000.00,4.572895,100.84375
08:01:00,912810UA4,TSRYS5802849,D,S,D,2024-05-24,1000000.00,4.573613,100.83203125
08:01:00,912810UA4,TSRYS5802849,D,B,C,2024-05-24,1000000.00,4.573613,100.83203125
08:01:00,912810UA4,TSRYS5802849,D,S,D,2024-05-24,1000000.00,4.572895,100.84375
08:01:00,912810UA4,TSRYS5802849,D,S,D,2024-05-24,1000000.00,4.571938,100.859375
08:01:00,912810UA4,TSRYS5802849,D,S,D,2024-05-24,1000000.00,4.571938,100.859375
08:01:00,912810UA4,TSRYS5802849,D,S,D,2024-05-24,1000000.00,4.574571,100.81640625
08:01:00,912810UA4,TSRYS5802849,D,S,D,2024-05-24,1000000.00,4.57481,100.8125
08:01:00,912810UA4,TSRYS5802849,D,S,D,2024-05-24,1000000.00,4.57146,100.8671875
08:01:00,912810UA4,TSRYS5802849,D,S,D,2024-05-24,1000000.00,4.577684,100.765625
08:01:00,912810UA4,TSRYS5802849,D,S,D,2024-05-24,1000000.00,4.577204,100.7734375
08:01:00,912810UA4,TSRYS5802849,D,S,D,2024-05-24,1000000.00,4.575768,100.796875
08:01:00,912810UA4,TSRYS5802849,D,S,D,2024-05-24,1000000.00,4.57481,100.8125
08:01:00,912810UA4,TSRYS5802849,D,S,C,2024-05-24,1000000.00,4.57481,100.8125
08:01:00,912810UA4,TSRYS5802849,D,S,D,2024-05-24,1000000.00,4.574331,100.8203125
08:01:00,912810UA4,TSRYS5802849,D,S,C,2024-05-24,1000000.00,4.573613,100.83203125
08:01:00,912810UA4,TSRYS5802849,D,B,C,2024-05-24,1000000.00,4.573613,100.83203125
08:01:00,912810UA4,TSRYS5802849,D,S,D,2024-05-24,1000000.00,4.573853,100.828125
08:01:00,912810UA4,TSRYS5802849,D,S,D,2024-05-24,1000000.00,4.577204,100.7734375
08:01:00,912810UA4,TSRYS5802849,D,S,D,2024-05-24,1000000.00,4.581278,100.70703125
08:01:00,912810UA4,TSRYS5802849,D,S,D,2024-05-24,1000000.00,4.577684,100.765625
08:01:00,912810UA4,TSRYS5802849,D,S,D,2024-05-24,1000000.00,4.577684,100.765625
08:01:00,912810UA4,TSRYS5802849,D,S,D,2024-05-24,1000000.00,4.577923,100.76171875
08:01:00,912810UA4,TSRYS5802849,D,S,D,2024-05-24,1000000.00,4.579121,100.7421875
08:01:00,912810UA4,TSRYS5802849,D,S,D,2024-05-24,1000000.00,4.579121,100.7421875
08:01:00,912810UA4,TSRYS5802849,D,S,D,2024-05-24,1000000.00,4.578402,100.75390625
08:01:00,912810UA4,TSRYS5802849,D,B,C,2024-05-24,1000000.00,4.578402,100.75390625
08:01:00,912810UA4,TSRYS5802849,D,S,D,2024-05-24,1000000.00,4.578402,100.75390625
08:01:00,912810UA4,TSRYS5802849,D,S,C,2024-05-24,1000000.00,4.580559,100.71875
08:01:00,912810UA4,TSRYS5802849,D,S,C,2024-05-24,1000000.00,4.580559,100.71875
08:01:00,912810UA4,TSRYS5802849,D,S,C,2024-05-24,1000000.00,4.582717,100.68359375
08:01:00,912810UA4,TSRYS5802849,D,S,C,2024-05-24,1000000.00,4.582717,100.68359375
08:01:00,912810UA4,TSRYS5802849,D,S,D,2024-05-24,1000000.00,4.581038,100.7109375
08:01:01,912810UA4,TSRYS5802849,D,S,T,2024-05-24,1000000.00,4.572656,100.84765625
08:01:01,912810UA4,TSRYS5802849,D,S,T,2024-05-24,1000000.00,4.572656,100.84765625
08:01:01,912810UA4,TSRYS5802849,D,S,T,2024-05-24,1000000.00,4.572656,100.84765625
08:01:01,912810UA4,TSRYS5802849,D,S,T,2024-05-24,1000000.00,4.572656,100.84765625
08:01:01,912810UA4,TSRYS5802849,D,S,T,2024-05-24,1000000.00,4.572656,100.84765625
08:01:03,912810UA4,TSRYS5802849,D,S,C,2024-05-24,15000000.00,4.578402,100.75390625
08:01:04,912810UA4,TSRYS5802849,D,S,T,2024-05-24,1000000.00,4.573859,100.828023
08:01:04,912810UA4,TSRYS5802849,D,S,T,2024-05-24,1000000.00,4.573859,100.828023
08:01:04,912810UA4,TSRYS5802849,D,S,T,2024-05-24,1000000.00,4.573859,100.828023
08:01:04,912810UA4,TSRYS5802849,D,S,T,2024-05-24,1000000.00,4.573853,100.828125
08:01:04,912810UA4,TSRYS5802849,D,S,D,2024-05-24,1000000.00,4.584516,100.654296875
08:01:05,912810UA4,TSRYS5802849,D,S,T,2024-05-24,1000000.00,4.576725,100.78125
08:01:05,912810UA4,TSRYS5802849,D,S,T,2024-05-24,2000000.00,4.576732,100.781148
08:01:05,912810UA4,TSRYS5802849,D,S,T,2024-05-24,1000000.00,4.576732,100.781148
08:01:05,912810UA4,TSRYS5802849,D,S,T,2024-05-24,1000000.00,4.576732,100.781148
08:01:05,912810UA4,TSRYS5802849,D,S,T,2024-05-24,1000000.00,4.576725,100.78125
08:01:05,912810UA4,TSRYS5802849,D,S,T,2024-05-24,1000000.00,4.576732,100.781148
08:01:05,912810UA4,TSRYS5802849,D,S,T,2024-05-24,1000000.00,4.575774,100.796773
08:01:06,912810UA4,TSRYS5802849,D,B,C,2024-05-24,1000000.00,4.582477,100.6875
08:01:06,912810UA4,TSRYS5802849,D,S,D,2024-05-24,1000000.00,4.582477,100.6875
08:01:06,912810UA4,TSRYS5802849,D,B,C,2024-05-24,1000000.00,4.582477,100.6875
08:01:06,912810UA4,TSRYS5802849,D,S,D,2024-05-24,1000000.00,4.582477,100.6875
08:01:06,912810UA4,TSRYS5802849,D,S,C,2024-05-24,1000000.00,4.582477,100.6875
08:01:06,912810UA4,TSRYS5802849,D,B,C,2024-05-24,1000000.00,4.582477,100.6875
08:01:07,912810UA4,TSRYS5802849,D,S,D,2024-05-24,500000.00,4.581038,100.7109375
08:01:07,912810UA4,TSRYS5802849,D,S,D,2024-05-24,1000000.00,4.581038,100.7109375
08:01:07,912810UA4,TSRYS5802849,D,S,C,2024-05-24,1500000.00,4.581518,100.703125
08:01:08,912810UA4,TSRYS5802849,D,S,T,2024-05-24,1000000.00,4.580319,100.72265625
08:01:08,912810UA4,TSRYS5802849,D,S,T,2024-05-24,1000000.00,4.580439,100.720703125
08:01:08,912810UA4,TSRYS5802849,D,S,T,2024-05-24,1000000.00,4.580439,100.720703125
08:01:08,912810UA4,TSRYS5802849,D,S,T,2024-05-24,1000000.00,4.580565,100.718648
08:01:08,912810UA4,TSRYS5802849,D,B,A,2024-05-24,4000000.00,4.580559,100.71875
08:01:08,912810UA4,TSRYS5802849,D,B,C,2024-05-24,1000000.00,4.577923,100.76171875
08:01:08,912810UA4,TSRYS5802849,D,S,D,2024-05-24,1000000.00,4.577923,100.76171875
08:01:09,912810UA4,TSRYS5802849,D,S,D,2024-05-24,1000000.00,4.578282,100.755859375
08:01:09,912810UA4,TSRYS5802849,D,S,D,2024-05-24,1000000.00,4.578163,100.7578125
08:01:09,912810UA4,TSRYS5802849,D,B,C,2024-05-24,10000000.00,4.580823,100.71444375
08:01:09,912810UA4,TSRYS5802849,D,S,D,2024-05-24,1000000.00,4.578043,100.759765625
08:01:09,912810UA4,TSRYS5802849,D,S,D,2024-05-24,1000000.00,4.577923,100.76171875
08:01:09,912810UA4,TSRYS5802849,D,S,D,2024-05-24,1000000.00,4.577803,100.763671875
08:01:09,912810UA4,TSRYS5802849,D,S,D,2024-05-24,1000000.00,4.577684,100.765625
08:01:09,912810UA4,TSRYS5802849,D,S,D,2024-05-24,1000000.00,4.576845,100.779296875
08:01:09,912810UA4,TSRYS5802849,D,S,D,2024-05-24,1000000.00,4.576965,100.77734375
08:01:09,912810UA4,TSRYS5802849,D,S,D,2024-05-24,1000000.00,4.576845,100.779296875
08:01:09,912810UA4,TSRYS5802849,D,S,D,2024-05-24,1000000.00,4.577684,100.765625
08:01:09,912810UA4,TSRYS5802849,D,B,C,2024-05-24,1000000.00,4.577684,100.765625
08:01:10,912810UA4,TSRYS5802849,D,S,D,2024-05-24,500000.00,4.583676,100.66796875
08:01:10,912810UA4,TSRYS5802849,D,S,D,2024-05-24,1000000.00,4.5796,100.734375
08:01:10,912810UA4,TSRYS5802849,D,S,D,2024-05-24,1000000.00,4.571938,100.859375
08:01:10,912810UA4,TSRYS5802849,D,S,D,2024-05-24,1000000.00,4.571938,100.859375
08:01:10,912810UA4,TSRYS5802849,D,S,D,2024-05-24,1000000.00,4.574571,100.81640625
08:01:11,912810UA4,TSRYS5802849,D,B,C,2024-05-24,1000000.00,4.575768,100.796875
08:01:11,912810UA4,TSRYS5802849,D,S,D,2024-05-24,1000000.00,4.575768,100.796875
08:01:11,912810UA4,TSRYS5802849,D,S,D,2024-05-24,1000000.00,4.577684,100.765625
08:01:11,912810UA4,TSRYS5802849,D,S,T,2024-05-24,1000000.00,4.571825,100.861228125
08:01:11,912810UA4,TSRYS5802849,D,S,C,2024-05-24,100000.00,4.582237,100.691406
08:01:12,912810UA4,TSRYS5802849,D,S,D,2024-05-24,15000000.00,4.577836,100.7631302
08:01:12,912810UA4,TSRYS5802849,D,S,D,2024-05-24,5000000.00,4.577641,100.766325
08:01:12,912810UA4,TSRYS5802849,D,S,D,2024-05-24,2000000.00,4.574767,100.8132
08:01:12,912810UA4,TSRYS5802849,D,B,C,2024-05-24,1000000.00,4.579661,100.7333818
08:01:13,912810UA4,TSRYS5802849,D,S,D,2024-05-24,9000000.00,4.578624,100.750283
08:01:13,912810UA4,TSRYS5802849,D,S,D,2024-05-24,7000000.00,4.577653,100.766125
08:01:13,912810UA4,TSRYS5802849,D,S,D,2024-05-24,5000000.00,4.572852,100.84445
08:01:13,912810UA4,TSRYS5802849,D,S,D,2024-05-24,5000000.00,4.572852,100.84445
08:01:13,912810UA4,TSRYS5802849,D,S,A,2024-05-24,212000.00,4.571938,100.859375
08:01:14,912810UA4,TSRYS5802849,D,S,A,2024-05-24,500000.00,4.581038,100.7109375
08:01:14,912810UA4,TSRYS5802849,D,S,C,2024-05-24,15000000.00,4.580559,100.71875
08:01:14,912810UA4,TSRYS5802849,D,B,A,2024-05-24,1000000.00,4.569069,100.90625
08:01:15,912810UA4,TSRYS5802849,D,B,A,2024-05-24,3000000.00,4.572895,100.84375
08:01:15,912810UA4,TSRYS5802849,D,S,C,2024-05-24,8000000.00,4.577811,100.76355
08:01:15,912810UA4,TSRYS5802849,D,B,A,2024-05-24,1000000.00,4.580799,100.71484375
08:01:15,912810UA4,TSRYS5802849,D,S,C,2024-05-24,1000000.00,4.580799,100.71484375
08:01:15,912810UA4,TSRYS5802849,D,S,C,2024-05-24,500000.00,4.583916,100.6640625
08:01:15,912810UA4,TSRYS5802849,D,B,A,2024-05-24,500000.00,4.583916,100.6640625
08:01:16,912810UA4,TSRYS5802849,D,B,C,2024-05-24,1000000.00,4.573853,100.828125
08:01:16,912810UA4,TSRYS5802849,D,S,C,2024-05-24,1000000.00,4.573853,100.828125
08:01:16,912810UA4,TSRYS5802849,D,B,C,2024-05-24,1000000.00,4.573853,100.828125
08:01:16,912810UA4,TSRYS5802849,D,S,C,2024-05-24,1000000.00,4.573853,100.828125
08:01:16,912810UA4,TSRYS5802849,D,S,C,2024-05-24,1000000.00,4.572895,100.84375
08:01:17,912810UA4,TSRYS5802849,D,B,C,2024-05-24,1000000.00,4.572058,100.857421875
08:01:17,912810UA4,TSRYS5802849,D,S,C,2024-05-24,1000000.00,4.572058,100.857421875
08:01:17,912810UA4,TSRYS5802849,D,S,C,2024-05-24,1000000.00,4.570623,100.880859375
08:01:17,912810UA4,TSRYS5802849,D,S,C,2024-05-24,1000000.00,4.583436,100.671875
08:01:17,912810UA4,TSRYS5802849,D,S,D,2024-05-24,1000000.00,4.583676,100.66796875
08:01:17,912810UA4,TSRYS5802849,D,S,D,2024-05-24,1000000.00,4.571938,100.859375
08:01:18,912810UA4,TSRYS5802849,D,S,C,2024-05-24,1000000.00,4.58008,100.7265625
08:01:18,912810UA4,TSRYS5802849,D,S,C,2024-05-24,1000000.00,4.572776,100.845703125
08:01:18,912810UA4,TSRYS5802849,D,B,C,2024-05-24,1000000.00,4.572776,100.845703125
08:01:18,912810UA4,TSRYS5802849,D,B,C,2024-05-24,50MM+,4.584396,100.65625
08:01:18,912810UA4,TSRYS5802849,D,S,C,2024-05-24,2000000.00,4.582957,100.6796875
08:01:18,912810UA4,TSRYS5802849,D,S,D,2024-05-24,1000000.00,4.583197,100.67578125
08:01:19,912810UA4,TSRYS5802849,D,S,C,2024-05-24,1000000.00,4.573853,100.828125
08:01:20,912810UA4,TSRYS5802849,D,S,D,2024-05-24,1000000.00,4.574212,100.822265625
08:01:20,912810UA4,TSRYS5802849,D,B,C,2024-05-24,1000000.00,4.574212,100.822265625
08:01:20,912810UA4,TSRYS5802849,D,S,D,2024-05-24,1000000.00,4.574571,100.81640625
08:01:20,912810UA4,TSRYS5802849,D,S,T,2024-05-24,1000000.00,4.571819,100.861328125
08:01:20,912810UA4,TSRYS5802849,D,S,T,2024-05-24,1000000.00,4.571938,100.859375
08:01:20,912810UA4,TSRYS5802849,D,S,T,2024-05-24,1000000.00,4.574331,100.8203125
08:01:20,912810UA4,TSRYS5802849,D,S,T,2024-05-24,1000000.00,4.574331,100.8203125
08:01:20,912810UA4,TSRYS5802849,D,S,T,2024-05-24,1000000.00,4.574451,100.818359375
08:01:20,912810UA4,TSRYS5802849,D,S,T,2024-05-24,1000000.00,4.574571,100.81640625
08:01:20,912810UA4,TSRYS5802849,D,B,C,2024-05-24,1000000.00,4.574571,100.81640625
08:01:21,912810UA4,TSRYS5802849,D,B,C,2024-05-24,1000000.00,4.581878,100.69726562
08:01:21,912810UA4,TSRYS5802849,D,S,T,2024-05-24,1000000.00,4.571951,100.859175
08:01:21,912810UA4,TSRYS5802849,D,S,D,2024-05-24,1000000.00,4.571101,100.87304687
08:01:21,912810UA4,TSRYS5802849,D,S,T,2024-05-24,1000000.00,4.571951,100.859175
08:01:21,912810UA4,TSRYS5802849,D,S,T,2024-05-24,1000000.00,4.570994,100.8748
08:01:21,912810UA4,TSRYS5802849,D,S,D,2024-05-24,1000000.00,4.571221,100.87109375
08:01:21,912810UA4,TSRYS5802849,D,B,C,2024-05-24,4000000.00,4.571642,100.86422
08:01:22,912810UA4,TSRYS5802849,D,S,T,2024-05-24,1000000.00,4.572058,100.85742187
08:01:22,912810UA4,TSRYS5802849,D,S,D,2024-05-24,1000000.00,4.572417,100.8515625
08:01:22,912810UA4,TSRYS5802849,D,B,C,2024-05-24,2000000.00,4.572364,100.85242
08:01:22,912810UA4,TSRYS5802849,D,S,D,2024-05-24,4000000.00,4.572128,100.85627
08:01:23,912810UA4,TSRYS5802849,D,S,T,2024-05-24,1000000.00,4.570982,100.875
08:01:23,912810UA4,TSRYS5802849,D,S,T,2024-05-24,1000000.00,4.571938,100.859375
08:01:23,912810UA4,TSRYS5802849,D,S,D,2024-05-24,1000000.00,4.573733,100.83007812
08:01:23,912810UA4,TSRYS5802849,D,S,D,2024-05-24,1000000.00,4.573733,100.83007812
08:01:23,912810UA4,TSRYS5802849,D,S,T,2024-05-24,1000000.00,4.571938,100.859375
08:01:24,912810UA4,TSRYS5802849,D,S,D,2024-05-24,1000000.00,4.573733,100.83007812
08:01:24,912810UA4,TSRYS5802849,D,S,T,2024-05-24,1000000.00,4.573494,100.83398437
08:01:24,912810UA4,TSRYS5802849,D,B,C,2024-05-24,3000000.00,4.573494,100.83398437
08:01:24,912810UA4,TSRYS5802849,D,S,D,2024-05-24,1000000.00,4.573135,100.83984375
08:01:25,912810UA4,TSRYS5802849,D,S,D,2024-05-24,1000000.00,4.573015,100.84179687
08:01:25,912810UA4,TSRYS5802849,D,S,D,2024-05-24,6000000.00,4.572448,100.85106
08:01:25,912810UA4,TSRYS5802849,D,S,T,2024-05-24,1000000.00,4.574092,100.82421875
08:01:25,912810UA4,TSRYS5802849,D,S,D,2024-05-24,1000000.00,4.57158,100.86523437
08:01:25,912810UA4,TSRYS5802849,D,S,T,2024-05-24,1000000.00,4.577684,100.765625
08:01:25,912810UA4,TSRYS5802849,D,S,D,2024-05-24,1000000.00,4.571101,100.87304687
08:01:26,912810UA4,TSRYS5802849,D,S,D,2024-05-24,1000000.00,4.574092,100.82421875
08:01:26,912810UA4,TSRYS5802849,D,B,C,2024-05-24,1000000.00,4.574092,100.82421875
08:01:26,912810UA4,TSRYS5802849,D,S,D,2024-05-24,1000000.00,4.574092,100.82421875
08:01:26,912810UA4,TSRYS5802849,D,B,C,2024-05-24,1000000.00,4.574092,100.82421875
08:01:26,912810UA4,TSRYS5802849,D,S,D,2024-05-24,125000.00,4.577684,100.765625
08:01:26,912810UA4,TSRYS5802849,D,S,C,2024-05-24,5000000.00,4.574767,100.8132
08:01:26,912810UA4,TSRYS5802849,D,S,D,2024-05-24,5000000.00,4.570837,100.87736
08:01:26,912810UA4,TSRYS5802849,D,S,C,2024-05-24,7000000.00,4.573109,100.84026
08:01:26,912810UA4,TSRYS5802849,D,S,D,2024-05-24,9000000.00,4.583038,100.67836
08:01:27,912810UA4,TSRYS5802849,D,S,T,2024-05-24,1000000.00,4.572895,100.84375
08:01:27,912810UA4,TSRYS5802849,D,S,T,2024-05-24,1000000.00,4.573853,100.828125
08:01:27,912810UA4,TSRYS5802849,D,S,T,2024-05-24,1000000.00,4.574092,100.82421875
08:01:27,912810UA4,TSRYS5802849,D,S,T,2024-05-24,1000000.00,4.57146,100.8671875
08:01:27,912810UA4,TSRYS5802849,D,S,D,2024-05-24,1000000.00,4.573135,100.83984375
08:01:27,912810UA4,TSRYS5802849,D,S,C,2024-05-24,4000000.00,4.573809,100.82883
08:01:27,912810UA4,TSRYS5802849,D,S,T,2024-05-24,1000000.00,4.571948,100.859225
08:01:28,912810UA4,TSRYS5802849,D,B,C,2024-05-24,5000000.00,4.573662,100.83123
08:01:28,912810UA4,TSRYS5802849,D,S,C,2024-05-24,9000000.00,4.577026,100.77635
08:01:28,912810UA4,TSRYS5802849,D,S,D,2024-05-24,1000000.00,4.572417,100.8515625
08:01:28,912810UA4,TSRYS5802849,D,B,C,2024-05-24,1000000.00,4.581398,100.70507812
08:01:29,912810UA4,TSRYS5802849,D,S,T,2024-05-24,1000000.00,4.570033,100.8905
08:01:29,912810UA4,TSRYS5802849,D,B,C,2024-05-24,7125000.00,4.579625,100.733975
08:01:29,912810UA4,TSRYS5802849,D,S,D,2024-05-24,7125000.00,4.579625,100.733975
08:01:30,912810UA4,TSRYS5802849,D,S,D,2024-05-24,1000000.00,4.578402,100.75390625
08:01:30,912810UA4,TSRYS5802849,D,S,T,2024-05-24,1000000.00,4.581518,100.703125
08:01:30,912810UA4,TSRYS5802849,D,S,T,2024-05-24,1000000.00,4.578642,100.75
08:01:31,912810UA4,TSRYS5802849,D,S,T,2024-05-24,1000000.00,4.571699,100.86328125
08:01:31,912810UA4,TSRYS5802849,D,S,T,2024-05-24,1000000.00,4.584396,100.65625
08:01:31,912810UA4,TSRYS5802849,D,S,T,2024-05-24,1000000.00,4.584396,100.65625
08:01:32,912810UA4,TSRYS5802849,D,S,T,2024-05-24,1000000.00,4.584396,100.65625
08:01:32,912810UA4,TSRYS5802849,D,S,T,2024-05-24,1000000.00,4.580559,100.71875
08:01:32,912810UA4,TSRYS5802849,D,S,T,2024-05-24,1000000.00,4.574212,100.82226562
08:01:32,912810UA4,TSRYS5802849,D,S,T,2024-05-24,1000000.00,4.574212,100.82226562
08:01:32,912810UA4,TSRYS5802849,D,S,T,2024-05-24,1000000.00,4.580559,100.71875
08:01:32,912810UA4,TSRYS5802849,D,S,T,2024-05-24,1000000.00,4.580559,100.71875
08:01:32,912810UA4,TSRYS5802849,D,S,D,2024-05-24,1000000.00,4.57481,100.8125
08:01:32,912810UA4,TSRYS5802849,D,S,D,2024-05-24,1000000.00,4.574331,100.8203125
08:01:32,912810UA4,TSRYS5802849,D,S,D,2024-05-24,24000000.00,4.57371,100.83045
08:01:32,912810UA4,TSRYS5802849,D,S,T,2024-05-24,1000000.00,4.574212,100.82226562
08:01:32,912810UA4,TSRYS5802849,D,S,T,2024-05-24,1000000.00,4.574212,100.82226562
08:01:33,912810UA4,TSRYS5802849,D,S,T,2024-05-24,1000000.00,4.575169,100.80664062
08:01:33,912810UA4,TSRYS5802849,D,B,A,2024-05-24,203000.00,4.578881,100.74609375
08:01:33,912810UA4,TSRYS5802849,D,S,D,2024-05-24,1000000.00,4.57481,100.8125
08:01:33,912810UA4,TSRYS5802849,D,S,T,2024-05-24,1000000.00,4.574212,100.82226562
08:01:33,912810UA4,TSRYS5802849,D,S,D,2024-05-24,1000000.00,4.575049,100.80859375
08:01:33,912810UA4,TSRYS5802849,D,S,T,2024-05-24,1000000.00,4.574822,100.8123
08:01:33,912810UA4,TSRYS5802849,D,S,T,2024-05-24,1000000.00,4.575648,100.79882812
08:01:33,912810UA4,TSRYS5802849,D,S,D,2024-05-24,1000000.00,4.576127,100.79101562
08:01:33,912810UA4,TSRYS5802849,D,B,C,2024-05-24,5000000.00,4.576089,100.79163
08:01:33,912810UA4,TSRYS5802849,D,S,D,2024-05-24,1000000.00,4.575887,100.79492187
08:01:33,912810UA4,TSRYS5802849,D,S,D,2024-05-24,1000000.00,4.576007,100.79296875
08:01:33,912810UA4,TSRYS5802849,D,S,T,2024-05-24,1000000.00,4.576127,100.79101562
08:01:33,912810UA4,TSRYS5802849,D,S,D,2024-05-24,1000000.00,4.576127,100.79101562
08:01:33,912810UA4,TSRYS5802849,D,S,D,2024-05-24,1000000.00,4.576007,100.79296875
08:01:34,912810UA4,TSRYS5802849,D,B,C,2024-05-24,1000000.00,4.576725,100.78125
08:01:34,912810UA4,TSRYS5802849,D,S,D,2024-05-24,1000000.00,4.576725,100.78125
08:01:34,912810UA4,TSRYS5802849,D,S,D,2024-05-24,1000000.00,4.577444,100.76953125
08:01:34,912810UA4,TSRYS5802849,D,S,D,2024-05-24,1000000.00,4.577684,100.765625
08:01:34,912810UA4,TSRYS5802849,D,S,T,2024-05-24,1000000.00,4.577696,100.765425
08:01:34,912810UA4,TSRYS5802849,D,S,D,2024-05-24,1000000.00,4.578642,100.75
08:01:35,912810UA4,TSRYS5802849,D,S,T,2024-05-24,1000000.00,4.578642,100.75
08:01:35,912810UA4,TSRYS5802849,D,S,T,2024-05-24,1000000.00,4.579001,100.74414062
08:01:35,912810UA4,TSRYS5802849,D,S,T,2024-05-24,1000000.00,4.579001,100.74414062
08:01:35,912810UA4,TSRYS5802849,D,S,D,2024-05-24,1000000.00,4.578881,100.74609375
08:01:35,912810UA4,TSRYS5802849,D,S,D,2024-05-24,1000000.00,4.579001,100.74414062
08:01:35,912810UA4,TSRYS5802849,D,S,D,2024-05-24,1000000.00,4.578522,100.75195312
08:01:35,912810UA4,TSRYS5802849,D,S,D,2024-05-24,1000000.00,4.578522,100.75195312
08:01:35,912810UA4,TSRYS5802849,D,S,T,2024-05-24,1000000.00,4.578043,100.75976562
08:01:35,912810UA4,TSRYS5802849,D,S,T,2024-05-24,1000000.00,4.578043,100.75976562
08:01:35,912810UA4,TSRYS5802849,D,S,D,2024-05-24,1000000.00,4.578043,100.75976562
08:01:35,912810UA4,TSRYS5802849,D,S,T,2024-05-24,1000000.00,4.578642,100.75
08:01:35,912810UA4,TSRYS5802849,D,S,D,2024-05-24,1000000.00,4.577923,100.76171875
08:01:35,912810UA4,TSRYS5802849,D,S,D,2024-05-24,1000000.00,4.577444,100.76953125
08:01:35,912810UA4,TSRYS5802849,D,S,D,2024-05-24,1000000.00,4.577444,100.76953125
08:01:35,912810UA4,TSRYS5802849,D,S,D,2024-05-24,1000000.00,4.577444,100.76953125
08:01:35,912810UA4,TSRYS5802849,D,S,D,2024-05-24,1000000.00,4.577444,100.76953125
08:01:35,912810UA4,TSRYS5802849,D,S,D,2024-05-24,1000000.00,4.577204,100.7734375
08:01:35,912810UA4,TSRYS5802849,D,S,D,2024-05-24,1000000.00,4.577204,100.7734375
08:01:35,912810UA4,TSRYS5802849,D,S,T,2024-05-24,1000000.00,4.577444,100.76953125
08:01:35,912810UA4,TSRYS5802849,D,S,T,2024-05-24,1000000.00,4.577564,100.76757812
08:01:36,912810UA4,TSRYS5802849,D,S,T,2024-05-24,1000000.00,4.577564,100.76757812
08:01:36,912810UA4,TSRYS5802849,D,S,D,2024-05-24,1000000.00,4.575768,100.796875
08:01:36,912810UA4,TSRYS5802849,D,S,D,2024-05-24,1000000.00,4.57481,100.8125
08:01:36,912810UA4,TSRYS5802849,D,S,T,2024-05-24,1000000.00,4.574822,100.8123
08:01:36,912810UA4,TSRYS5802849,D,S,D,2024-05-24,1000000.00,4.57481,100.8125
08:01:36,912810UA4,TSRYS5802849,D,S,D,2024-05-24,1000000.00,4.57481,100.8125
08:01:36,912810UA4,TSRYS5802849,D,S,T,2024-05-24,1000000.00,4.574822,100.8123
08:01:36,912810UA4,TSRYS5802849,D,S,T,2024-05-24,1000000.00,4.574822,100.8123
08:01:36,912810UA4,TSRYS5802849,D,S,T,2024-05-24,1000000.00,4.574822,100.8123
08:01:36,912810UA4,TSRYS5802849,D,S,T,2024-05-24,1000000.00,4.574822,100.8123
08:01:36,912810UA4,TSRYS5802849,D,S,T,2024-05-24,1000000.00,4.574822,100.8123
08:01:37,912810UA4,TSRYS5802849,D,S,D,2024-05-24,12000000.00,4.573849,100.82819
08:01:37,912810UA4,TSRYS5802849,D,S,C,2024-05-24,2000000.00,4.572277,100.85384
08:01:37,912810UA4,TSRYS5802849,D,S,D,2024-05-24,2000000.00,4.573645,100.83152
08:01:38,912810UA4,TSRYS5802849,D,S,D,2024-05-24,3000000.00,4.572098,100.85677
08:01:39,912810UA4,TSRYS5802849,D,S,D,2024-05-24,9000000.00,4.573673,100.83105
08:01:39,912810UA4,TSRYS5802849,D,S,D,2024-05-24,1000000.00,4.577923,100.76171875
08:01:39,912810UA4,TSRYS5802849,D,B,C,2024-05-24,1000000.00,4.577923,100.76171875
08:01:39,912810UA4,TSRYS5802849,D,S,D,2024-05-24,1000000.00,4.581038,100.7109375
08:01:40,912810UA4,TSRYS5802849,D,S,D,2024-05-24,1000000.00,4.583676,100.66796875
08:01:40,912810UA4,TSRYS5802849,D,S,D,2024-05-24,1000000.00,4.577444,100.76953125
08:01:40,912810UA4,TSRYS5802849,D,B,C,2024-05-24,1000000.00,4.577444,100.76953125
08:01:40,912810UA4,TSRYS5802849,D,S,D,2024-05-24,1000000.00,4.582477,100.6875
08:01:40,912810UA4,TSRYS5802849,D,S,D,2024-05-24,1000000.00,4.582957,100.6796875
08:01:40,912810UA4,TSRYS5802849,D,S,D,2024-05-24,1000000.00,4.582957,100.6796875
08:01:40,912810UA4,TSRYS5802849,D,S,D,2024-05-24,1000000.00,4.582957,100.6796875
08:01:40,912810UA4,TSRYS5802849,D,S,D,2024-05-24,1000000.00,4.582957,100.6796875
08:01:40,912810UA4,TSRYS5802849,D,S,D,2024-05-24,1000000.00,4.582957,100.6796875
08:01:40,912810UA4,TSRYS5802849,D,S,D,2024-05-24,1000000.00,4.571101,100.87304687
08:01:40,912810UA4,TSRYS5802849,D,S,D,2024-05-24,1000000.00,4.582957,100.6796875
08:01:40,912810UA4,TSRYS5802849,D,S,T,2024-05-24,1000000.00,4.569188,100.90429687
08:01:40,912810UA4,TSRYS5802849,D,S,C,2024-05-24,1000000.00,4.582957,100.6796875
08:01:40,912810UA4,TSRYS5802849,D,S,C,2024-05-24,1000000.00,4.582957,100.6796875
08:01:40,912810UA4,TSRYS5802849,D,B,C,2024-05-24,2000000.00,4.57035,100.88532
08:01:40,912810UA4,TSRYS5802849,D,S,D,2024-05-24,1000000.00,4.577324,100.771484375
08:01:40,912810UA4,TSRYS5802849,D,B,C,2024-05-24,1000000.00,4.577324,100.771484375
08:01:40,912810UA4,TSRYS5802849,D,S,D,2024-05-24,1000000.00,4.582957,100.6796875
08:01:41,912810UA4,TSRYS5802849,D,S,D,2024-05-24,1000000.00,4.576965,100.77734375
08:01:41,912810UA4,TSRYS5802849,D,B,C,2024-05-24,1000000.00,4.576965,100.77734375
08:01:41,912810UA4,TSRYS5802849,D,S,D,2024-05-24,1000000.00,4.577204,100.7734375
08:01:41,912810UA4,TSRYS5802849,D,B,C,2024-05-24,1000000.00,4.577204,100.7734375
08:01:41,912810UA4,TSRYS5802849,D,S,D,2024-05-24,1000000.00,4.577324,100.771484375
08:01:41,912810UA4,TSRYS5802849,D,B,C,2024-05-24,1000000.00,4.577324,100.771484375
08:01:41,912810UA4,TSRYS5802849,D,S,A,2024-05-24,2000000.00,4.577444,100.76953125
08:01:42,912810UA4,TSRYS5802849,D,S,D,2024-05-24,8000000.00,4.575994,100.79318
08:01:44,912810UA4,TSRYS5802849,D,B,C,2024-05-24,1000000.00,4.581038,100.7109375
08:01:44,912810UA4,TSRYS5802849,D,S,D,2024-05-24,1000000.00,4.58008,100.7265625
08:01:44,912810UA4,TSRYS5802849,D,S,T,2024-05-24,2000000.00,4.571946,100.859245
08:01:44,912810UA4,TSRYS5802849,D,S,D,2024-05-24,1000000.00,4.573853,100.828125
08:01:45,912810UA4,TSRYS5802849,D,S,C,2024-05-24,31000000.00,4.57851,100.75215
08:01:46,912810UA4,TSRYS5802849,D,B,C,2024-05-24,1500000.00,4.583676,100.66796875
08:01:49,912810UA4,TSRYS5802849,D,S,C,2024-05-24,1000000.00,4.580919,100.71289062
08:01:49,912810UA4,TSRYS5802849,D,S,C,2024-05-24,1000000.00,4.580919,100.71289062
08:01:51,912810UA4,TSRYS5802849,D,S,C,2024-05-24,1000000.00,4.570982,100.875
08:01:52,912810UA4,TSRYS5802849,D,S,D,2024-05-24,1000000.00,4.570503,100.8828125
08:01:56,912810UA4,TSRYS5802849,D,S,C,2024-05-24,1000000.00,4.570025,100.890625
08:01:56,912810UA4,TSRYS5802849,D,S,D,2024-05-24,1000000.00,4.57146,100.8671875
08:01:56,912810UA4,TSRYS5802849,D,S,C,2024-05-24,1000000.00,4.571938,100.859375
08:01:56,912810UA4,TSRYS5802849,D,S,D,2024-05-24,1000000.00,4.571938,100.859375
08:01:56,912810UA4,TSRYS5802849,D,S,C,2024-05-24,2000000.00,4.583436,100.671875
08:01:56,912810UA4,TSRYS5802849,D,S,D,2024-05-24,1000000.00,4.583436,100.671875
08:01:56,912810UA4,TSRYS5802849,D,S,D,2024-05-24,1000000.00,4.57158,100.865234375
08:01:56,912810UA4,TSRYS5802849,D,S,D,2024-05-24,2000000.00,4.583436,100.671875
08:01:56,912810UA4,TSRYS5802849,D,S,C,2024-05-24,1000000.00,4.583436,100.671875
08:01:56,912810UA4,TSRYS5802849,D,S,C,2024-05-24,1000000.00,4.583436,100.671875
08:01:56,912810UA4,TSRYS5802849,D,S,C,2024-05-24,1000000.00,4.583916,100.6640625
08:01:56,912810UA4,TSRYS5802849,D,S,C,2024-05-24,1000000.00,4.583916,100.6640625
08:01:56,912810UA4,TSRYS5802849,D,S,D,2024-05-24,1000000.00,4.583916,100.6640625
08:01:56,912810UA4,TSRYS5802849,D,S,C,2024-05-24,27000000.00,4.580559,100.71875
08:01:56,912810UA4,TSRYS5802849,D,S,D,2024-05-24,1000000.00,4.583916,100.6640625
08:01:56,912810UA4,TSRYS5802849,D,S,C,2024-05-24,1000000.00,4.583916,100.6640625
08:01:56,912810UA4,TSRYS5802849,D,S,C,2024-05-24,10000000.00,4.577384,100.77051
08:01:56,912810UA4,TSRYS5802849,D,S,C,2024-05-24,5000000.00,4.574307,100.82071
08:01:56,912810UA4,TSRYS5802849,D,S,D,2024-05-24,2000000.00,4.584636,100.65234375
08:01:56,912810UA4,TSRYS5802849,D,S,C,2024-05-24,1000000.00,4.583077,100.67773437
08:01:56,912810UA4,TSRYS5802849,D,S,D,2024-05-24,1000000.00,4.583077,100.67773437
08:01:56,912810UA4,TSRYS5802849,D,S,C,2024-05-24,9000000.00,4.583508,100.67071
08:01:56,912810UA4,TSRYS5802849,D,B,C,2024-05-24,1000000.00,4.58153,100.702925
08:01:56,912810UA4,TSRYS5802849,D,B,C,2024-05-24,1000000.00,4.58153,100.702925
08:01:56,912810UA4,TSRYS5802849,D,S,C,2024-05-24,1000000.00,4.581509,100.703275
08:01:56,912810UA4,TSRYS5802849,D,S,C,2024-05-24,1000000.00,4.581509,100.703275
08:01:56,912810UA4,TSRYS5802849,D,S,C,2024-05-24,1000000.00,4.581509,100.703275
08:01:56,912810UA4,TSRYS5802849,D,S,C,2024-05-24,1000000.00,4.581509,100.703275
08:01:56,912810UA4,TSRYS5802849,D,S,C,2024-05-24,1000000.00,4.583427,100.672025
08:01:56,912810UA4,TSRYS5802849,D,S,C,2024-05-24,1000000.00,4.582465,100.6877
08:01:56,912810UA4,TSRYS5802849,D,S,C,2024-05-24,1000000.00,4.582477,100.6875
08:01:56,912810UA4,TSRYS5802849,D,B,C,2024-05-24,1000000.00,4.582492,100.68725
08:01:56,912810UA4,TSRYS5802849,D,B,C,2024-05-24,1000000.00,4.582492,100.68725
08:01:56,912810UA4,TSRYS5802849,D,B,C,2024-05-24,1000000.00,4.582488,100.687325
08:01:56,912810UA4,TSRYS5802849,D,S,C,2024-05-24,1000000.00,4.582465,100.6877
08:01:56,912810UA4,TSRYS5802849,D,S,C,2024-05-24,1000000.00,4.582477,100.6875
08:01:56,912810UA4,TSRYS5802849,D,S,D,2024-05-24,1000000.00,4.581518,100.703125
08:01:56,912810UA4,TSRYS5802849,D,S,C,2024-05-24,1000000.00,4.581518,100.703125
08:01:56,912810UA4,TSRYS5802849,D,S,A,2024-05-24,300000.00,4.57481,100.8125
08:01:56,912810UA4,TSRYS5802849,D,S,C,2024-05-24,2000000.00,4.583197,100.67578125
08:01:56,912810UA4,TSRYS5802849,D,B,C,2024-05-24,1000000.00,4.580559,100.71875
08:01:56,912810UA4,TSRYS5802849,D,S,C,2024-05-24,1000000.00,4.580544,100.719
08:01:56,912810UA4,TSRYS5802849,D,S,C,2024-05-24,1000000.00,4.579586,100.734602
08:01:56,912810UA4,TSRYS5802849,D,B,C,2024-05-24,1000000.00,4.5796,100.734375
08:01:56,912810UA4,TSRYS5802849,D,S,D,2024-05-24,1000000.00,4.583197,100.67578125
08:01:56,912810UA4,TSRYS5802849,D,S,T,2024-05-24,1000000.00,4.583197,100.67578125
08:01:57,912810UA4,TSRYS5802849,D,S,T,2024-05-24,1000000.00,4.582597,100.68554687
08:01:57,912810UA4,TSRYS5802849,D,S,D,2024-05-24,1000000.00,4.57767,100.76585
08:01:57,912810UA4,TSRYS5802849,D,S,D,2024-05-24,1000000.00,4.57767,100.76585
08:01:57,912810UA4,TSRYS5802849,D,S,D,2024-05-24,1000000.00,4.582597,100.68554687
08:01:57,912810UA4,TSRYS5802849,D,S,D,2024-05-24,1000000.00,4.57767,100.76585
08:01:57,912810UA4,TSRYS5802849,D,S,D,2024-05-24,1000000.00,4.57767,100.76585
08:01:57,912810UA4,TSRYS5802849,D,B,C,2024-05-24,1000000.00,4.577694,100.76545
08:01:57,912810UA4,TSRYS5802849,D,S,D,2024-05-24,1000000.00,4.57767,100.76585
08:01:57,912810UA4,TSRYS5802849,D,S,D,2024-05-24,1000000.00,4.57481,100.8125
08:01:57,912810UA4,TSRYS5802849,D,S,D,2024-05-24,1000000.00,4.576716,100.7814
08:01:57,912810UA4,TSRYS5802849,D,B,C,2024-05-24,1000000.00,4.577684,100.765625
08:01:57,912810UA4,TSRYS5802849,D,S,D,2024-05-24,1000000.00,4.577674,100.765775
08:01:57,912810UA4,TSRYS5802849,D,S,D,2024-05-24,1000000.00,4.578642,100.75
08:01:57,912810UA4,TSRYS5802849,D,B,C,2024-05-24,1000000.00,4.578642,100.75
08:01:57,912810UA4,TSRYS5802849,D,B,C,2024-05-24,1000000.00,4.578654,100.7498
08:01:57,912810UA4,TSRYS5802849,D,B,C,2024-05-24,1000000.00,4.578642,100.75
08:01:57,912810UA4,TSRYS5802849,D,S,D,2024-05-24,1000000.00,4.578642,100.75
08:01:57,912810UA4,TSRYS5802849,D,S,D,2024-05-24,1000000.00,4.578642,100.75
08:01:57,912810UA4,TSRYS5802849,D,S,D,2024-05-24,1000000.00,4.578642,100.75
08:01:57,912810UA4,TSRYS5802849,D,S,T,2024-05-24,1000000.00,4.583436,100.671875
08:01:57,912810UA4,TSRYS5802849,D,S,T,2024-05-24,1000000.00,4.583436,100.671875
08:01:57,912810UA4,TSRYS5802849,D,S,T,2024-05-24,1000000.00,4.583436,100.671875
08:01:57,912810UA4,TSRYS5802849,D,S,T,2024-05-24,1000000.00,4.583436,100.671875
08:01:57,912810UA4,TSRYS5802849,D,B,C,2024-05-24,1000000.00,4.578642,100.75
08:01:57,912810UA4,TSRYS5802849,D,S,D,2024-05-24,1000000.00,4.578642,100.75
08:01:57,912810UA4,TSRYS5802849,D,S,D,2024-05-24,1000000.00,4.578642,100.75
08:01:57,912810UA4,TSRYS5802849,D,B,C,2024-05-24,1000000.00,4.578654,100.7498
08:01:57,912810UA4,TSRYS5802849,D,S,D,2024-05-24,1000000.00,4.578642,100.75
08:01:57,912810UA4,TSRYS5802849,D,B,C,2024-05-24,1000000.00,4.578654,100.7498
08:01:57,912810UA4,TSRYS5802849,D,S,D,2024-05-24,1000000.00,4.578642,100.75
08:01:57,912810UA4,TSRYS5802849,D,B,C,2024-05-24,1000000.00,4.578657,100.74975
08:01:57,912810UA4,TSRYS5802849,D,S,D,2024-05-24,1000000.00,4.578642,100.75
08:01:57,912810UA4,TSRYS5802849,D,S,D,2024-05-24,1000000.00,4.578642,100.75
08:01:57,912810UA4,TSRYS5802849,D,B,C,2024-05-24,1000000.00,4.578642,100.75
08:01:57,912810UA4,TSRYS5802849,D,S,C,2024-05-24,1000000.00,4.577684,100.765625
08:01:57,912810UA4,TSRYS5802849,D,S,C,2024-05-24,1000000.00,4.577684,100.765625
08:01:57,912810UA4,TSRYS5802849,D,S,C,2024-05-24,1000000.00,4.577684,100.765625
08:01:57,912810UA4,TSRYS5802849,D,B,C,2024-05-24,1000000.00,4.577694,100.76545
08:01:57,912810UA4,TSRYS5802849,D,B,C,2024-05-24,1000000.00,4.57578,100.796675
08:01:57,912810UA4,TSRYS5802849,D,S,C,2024-05-24,1000000.00,4.575768,100.796875
08:01:57,912810UA4,TSRYS5802849,D,S,C,2024-05-24,1000000.00,4.575768,100.796875
08:01:58,912810UA4,TSRYS5802849,D,S,C,2024-05-24,1000000.00,4.575768,100.796875
08:01:58,912810UA4,TSRYS5802849,D,B,C,2024-05-24,1000000.00,4.577684,100.765625
08:01:58,912810UA4,TSRYS5802849,D,B,C,2024-05-24,1000000.00,4.577684,100.765625
08:01:58,912810UA4,TSRYS5802849,D,S,C,2024-05-24,1000000.00,4.577671,100.765825
08:01:58,912810UA4,TSRYS5802849,D,S,C,2024-05-24,1000000.00,4.577671,100.765825
08:01:58,912810UA4,TSRYS5802849,D,S,C,2024-05-24,1000000.00,4.577684,100.765625
08:01:58,912810UA4,TSRYS5802849,D,B,C,2024-05-24,1000000.00,4.577684,100.765625
08:01:58,912810UA4,TSRYS5802849,D,S,D,2024-05-24,1000000.00,4.575768,100.796875
08:01:59,912810UA4,TSRYS5802849,D,B,C,2024-05-24,1000000.00,4.575768,100.796875
08:01:59,912810UA4,TSRYS5802849,D,S,C,2024-05-24,1000000.00,4.575768,100.796875
08:01:59,912810UA4,TSRYS5802849,D,S,C,2024-05-24,1000000.00,4.575768,100.796875
08:01:59,912810UA4,TSRYS5802849,D,S,D,2024-05-24,1000000.00,4.572895,100.84375
08:01:59,912810UA4,TSRYS5802849,D,B,C,2024-05-24,1000000.00,4.572911,100.8435
08:01:59,912810UA4,TSRYS5802849,D,S,D,2024-05-24,1000000.00,4.572895,100.84375
08:01:59,912810UA4,TSRYS5802849,D,S,C,2024-05-24,1000000.00,4.572895,100.84375
08:01:59,912810UA4,TSRYS5802849,D,B,C,2024-05-24,1000000.00,4.572906,100.843575
08:01:59,912810UA4,TSRYS5802849,D,S,D,2024-05-24,8000000.00,4.571624,100.8645
08:01:59,912810UA4,TSRYS5802849,D,B,C,2024-05-24,1000000.00,4.572906,100.843575
08:01:59,912810UA4,TSRYS5802849,D,S,C,2024-05-24,1000000.00,4.57288,100.844
08:01:59,912810UA4,TSRYS5802849,D,S,D,2024-05-24,1000000.00,4.572895,100.84375
08:01:59,912810UA4,TSRYS5802849,D,B,C,2024-05-24,1000000.00,4.572906,100.843575
08:01:59,912810UA4,TSRYS5802849,D,B,C,2024-05-24,1000000.00,4.572906,100.843575
08:01:59,912810UA4,TSRYS5802849,D,B,C,2024-05-24,1000000.00,4.572906,100.843575
08:01:59,912810UA4,TSRYS5802849,D,S,D,2024-05-24,1000000.00,4.572895,100.84375
08:02:00,912810UA4,TSRYS5802849,D,S,D,2024-05-24,1000000.00,4.572895,100.84375
08:02:00,912810UA4,TSRYS5802849,D,S,D,2024-05-24,1000000.00,4.571938,100.859375
08:02:00,912810UA4,TSRYS5802849,D,S,D,2024-05-24,1000000.00,4.571938,100.859375
08:02:00,912810UA4,TSRYS5802849,D,B,C,2024-05-24,1000000.00,4.571954,100.859125
08:02:00,912810UA4,TSRYS5802849,D,S,C,2024-05-24,1000000.00,4.570982,100.875
08:02:00,912810UA4,TSRYS5802849,D,S,D,2024-05-24,1000000.00,4.570982,100.875
08:02:00,912810UA4,TSRYS5802849,D,B,C,2024-05-24,1000000.00,4.570997,100.87475
08:02:00,912810UA4,TSRYS5802849,D,B,C,2024-05-24,3000000.00,4.570992,100.874825
08:02:00,912810UA4,TSRYS5802849,D,S,C,2024-05-24,3000000.00,4.570972,100.87515
08:02:00,912810UA4,TSRYS5802849,D,S,D,2024-05-24,3000000.00,4.570982,100.875
08:02:00,912810UA4,TSRYS5802849,D,B,C,2024-05-24,3000000.00,4.570992,100.874825
08:02:00,912810UA4,TSRYS5802849,D,S,D,2024-05-24,1000000.00,4.570982,100.875
08:02:00,912810UA4,TSRYS5802849,D,B,C,2024-05-24,1000000.00,4.570992,100.874825
08:02:00,912810UA4,TSRYS5802849,D,B,C,2024-05-24,1000000.00,4.570982,100.875
08:02:00,912810UA4,TSRYS5802849,D,S,D,2024-05-24,1000000.00,4.570982,100.875
08:02:00,912810UA4,TSRYS5802849,D,S,C,2024-05-24,1000000.00,4.570982,100.875
08:02:00,912810UA4,TSRYS5802849,D,S,C,2024-05-24,1000000.00,4.570966,100.87525
08:02:01,912810UA4,TSRYS5802849,D,S,C,2024-05-24,4902000.00,4.572392,100.8519625
08:02:02,912810UA4,TSRYS5802849,D,S,T,2024-05-24,1000000.00,4.570982,100.875
08:02:02,912810UA4,TSRYS5802849,D,S,D,2024-05-24,1000000.00,4.572895,100.84375
08:02:02,912810UA4,TSRYS5802849,D,S,D,2024-05-24,1000000.00,4.572895,100.84375
08:02:04,912810UA4,TSRYS5802849,D,S,T,2024-05-24,1000000.00,4.580559,100.71875
08:02:04,912810UA4,TSRYS5802849,D,S,D,2024-05-24,1000000.00,4.57481,100.8125
08:02:04,912810UA4,TSRYS5802849,D,S,D,2024-05-24,1000000.00,4.574092,100.82421875
08:02:04,912810UA4,TSRYS5802849,D,S,T,2024-05-24,1000000.00,4.57481,100.8125
08:02:05,912810UA4,TSRYS5802849,D,S,T,2024-05-24,1000000.00,4.576733,100.78112
08:02:05,912810UA4,TSRYS5802849,D,S,T,2024-05-24,1000000.00,4.570982,100.875
08:02:06,912810UA4,TSRYS5802849,D,S,T,2024-05-24,1000000.00,4.570982,100.875
08:02:06,912810UA4,TSRYS5802849,D,S,T,2024-05-24,1000000.00,4.57481,100.8125
08:02:06,912810UA4,TSRYS5802849,D,S,D,2024-05-24,1000000.00,4.576486,100.78515625
08:02:06,912810UA4,TSRYS5802849,D,S,T,2024-05-24,1000000.00,4.57481,100.8125
08:02:07,912810UA4,TSRYS5802849,D,S,D,2024-05-24,1000000.00,4.576725,100.78125
08:02:07,912810UA4,TSRYS5802849,D,B,C,2024-05-24,1000000.00,4.576725,100.78125
08:02:07,912810UA4,TSRYS5802849,D,S,T,2024-05-24,1000000.00,4.582477,100.6875
08:02:07,912810UA4,TSRYS5802849,D,S,T,2024-05-24,1000000.00,4.581518,100.703125
08:02:07,912810UA4,TSRYS5802849,D,S,D,2024-05-24,1000000.00,4.576366,100.787109375
08:02:07,912810UA4,TSRYS5802849,D,S,D,2024-05-24,1000000.00,4.576725,100.78125
08:02:07,912810UA4,TSRYS5802849,D,S,D,2024-05-24,1000000.00,4.576366,100.787109375
08:02:07,912810UA4,TSRYS5802849,D,B,A,2024-05-24,16565000.00,4.578666,100.7496
08:02:07,912810UA4,TSRYS5802849,D,B,C,2024-05-24,1000000.00,4.575768,100.7967
08:02:07,912810UA4,TSRYS5802849,D,S,D,2024-05-24,1000000.00,4.575768,100.796875
08:02:08,912810UA4,TSRYS5802849,D,S,T,2024-05-24,1000000.00,4.579608,100.734245
08:02:08,912810UA4,TSRYS5802849,D,S,T,2024-05-24,1000000.00,4.579608,100.734245
08:02:08,912810UA4,TSRYS5802849,D,S,D,2024-05-24,3000000.00,4.571938,100.85938
08:02:08,912810UA4,TSRYS5802849,D,S,T,2024-05-24,1000000.00,4.579608,100.734245
08:02:08,912810UA4,TSRYS5802849,D,S,T,2024-05-24,1000000.00,4.579608,100.734245
08:02:08,912810UA4,TSRYS5802849,D,B,C,2024-05-24,1000000.00,4.578642,100.749825
08:02:08,912810UA4,TSRYS5802849,D,S,D,2024-05-24,1000000.00,4.578642,100.750175
08:02:08,912810UA4,TSRYS5802849,D,B,C,2024-05-24,1000000.00,4.578642,100.75
08:02:08,912810UA4,TSRYS5802849,D,S,D,2024-05-24,1000000.00,4.578642,100.75
08:02:09,912810UA4,TSRYS5802849,D,S,C,2024-05-24,1000000.00,4.584156,100.66015625
08:02:09,912810UA4,TSRYS5802849,D,S,T,2024-05-24,1000000.00,4.581518,100.703125
08:02:09,912810UA4,TSRYS5802849,D,S,T,2024-05-24,1000000.00,4.581518,100.703125
08:02:09,912810UA4,TSRYS5802849,D,B,C,2024-05-24,1000000.00,4.581518,100.703125
08:02:09,912810UA4,TSRYS5802849,D,S,T,2024-05-24,1000000.00,4.577691,100.765495
08:02:09,912810UA4,TSRYS5802849,D,S,T,2024-05-24,1000000.00,4.576733,100.78112
08:02:09,912810UA4,TSRYS5802849,D,S,T,2024-05-24,1000000.00,4.570982,100.875
08:02:09,912810UA4,TSRYS5802849,D,S,D,2024-05-24,1000000.00,4.575768,100.796875
08:02:10,912810UA4,TSRYS5802849,D,S,C,2024-05-24,1000000.00,4.577684,100.765625
08:02:10,912810UA4,TSRYS5802849,D,B,C,2024-05-24,1000000.00,4.576725,100.78125
08:02:10,912810UA4,TSRYS5802849,D,S,D,2024-05-24,1000000.00,4.576725,100.78125
08:02:10,912810UA4,TSRYS5802849,D,B,C,2024-05-24,1000000.00,4.575768,100.7967
08:02:10,912810UA4,TSRYS5802849,D,S,D,2024-05-24,1000000.00,4.575768,100.796875
08:02:11,912810UA4,TSRYS5802849,D,S,C,2024-05-24,1000000.00,4.583197,100.67578125
08:02:11,912810UA4,TSRYS5802849,D,S,T,2024-05-24,1000000.00,4.582477,100.6875
08:02:13,912810UA4,TSRYS5802849,D,B,C,2024-05-24,1500000.00,4.582477,100.6875
08:02:13,912810UA4,TSRYS5802849,D,B,C,2024-05-24,1500000.00,4.581518,100.703125
08:02:13,912810UA4,TSRYS5802849,D,B,C,2024-05-24,1000000.00,4.584156,100.66015625
08:02:13,912810UA4,TSRYS5802849,D,B,C,2024-05-24,1500000.00,4.580559,100.71875
08:02:13,912810UA4,TSRYS5802849,D,S,T,2024-05-24,1000000.00,4.582477,100.6875
08:02:13,912810UA4,TSRYS5802849,D,S,T,2024-05-24,1000000.00,4.581518,100.703125
08:02:13,912810UA4,TSRYS5802849,D,S,T,2024-05-24,1000000.00,4.574818,100.81237
08:02:15,912810UA4,TSRYS5802849,D,S,T,2024-05-24,1000000.00,4.577684,100.765625
08:02:15,912810UA4,TSRYS5802849,D,S,T,2024-05-24,1000000.00,4.577684,100.765625
08:02:15,912810UA4,TSRYS5802849,D,S,D,2024-05-24,1000000.00,4.571938,100.859375
08:02:15,912810UA4,TSRYS5802849,D,S,D,2024-05-24,2000000.00,4.571938,100.859375
08:02:15,912810UA4,TSRYS5802849,D,B,C,2024-05-24,1000000.00,4.571938,100.859375
08:02:15,912810UA4,TSRYS5802849,D,S,D,2024-05-24,1000000.00,4.571938,100.859375
08:02:15,912810UA4,TSRYS5802849,D,S,D,2024-05-24,1000000.00,4.571938,100.859375
08:02:15,912810UA4,TSRYS5802849,D,S,D,2024-05-24,1000000.00,4.571938,100.859375
08:02:15,912810UA4,TSRYS5802849,D,B,C,2024-05-24,1000000.00,4.571951,100.859175
08:02:15,912810UA4,TSRYS5802849,D,S,D,2024-05-24,1000000.00,4.571938,100.859375
08:02:15,912810UA4,TSRYS5802849,D,S,D,2024-05-24,1000000.00,4.571938,100.859375
08:02:16,912810UA4,TSRYS5802849,D,S,D,2024-05-24,1000000.00,4.571938,100.859375
08:02:16,912810UA4,TSRYS5802849,D,S,C,2024-05-24,1000000.00,4.570982,100.875
08:02:16,912810UA4,TSRYS5802849,D,B,C,2024-05-24,1000000.00,4.570982,100.875
08:02:16,912810UA4,TSRYS5802849,D,B,C,2024-05-24,1000000.00,4.571,100.8747
08:02:16,912810UA4,TSRYS5802849,D,S,C,2024-05-24,1000000.00,4.570982,100.875
08:02:16,912810UA4,TSRYS5802849,D,S,D,2024-05-24,1000000.00,4.570982,100.875
08:02:16,912810UA4,TSRYS5802849,D,S,D,2024-05-24,1000000.00,4.570982,100.875
08:02:16,912810UA4,TSRYS5802849,D,B,C,2024-05-24,1000000.00,4.581038,100.7109375
08:02:17,912810UA4,TSRYS5802849,D,S,D,2024-05-24,2000.00,4.583412,100.672275
08:02:17,912810UA4,TSRYS5802849,D,B,C,2024-05-24,1000000.00,4.571951,100.859175
08:02:17,912810UA4,TSRYS5802849,D,S,C,2024-05-24,1000000.00,4.571938,100.859375
08:02:17,912810UA4,TSRYS5802849,D,S,D,2024-05-24,1000000.00,4.57996,100.728515625
08:02:17,912810UA4,TSRYS5802849,D,S,D,2024-05-24,1000000.00,4.58008,100.7265625
08:02:17,912810UA4,TSRYS5802849,D,S,D,2024-05-24,1000000.00,4.57996,100.728515625
08:02:17,912810UA4,TSRYS5802849,D,S,D,2024-05-24,1000000.00,4.57996,100.728515625
08:02:17,912810UA4,TSRYS5802849,D,B,C,2024-05-24,1000000.00,4.57996,100.728515625
08:02:17,912810UA4,TSRYS5802849,D,B,C,2024-05-24,1000000.00,4.5796,100.7342
08:02:17,912810UA4,TSRYS5802849,D,S,D,2024-05-24,1000000.00,4.5796,100.734375
08:02:17,912810UA4,TSRYS5802849,D,B,C,2024-05-24,1000000.00,4.57972,100.732421875
08:02:17,912810UA4,TSRYS5802849,D,S,C,2024-05-24,1000000.00,4.57972,100.732421875
08:02:17,912810UA4,TSRYS5802849,D,S,D,2024-05-24,1000000.00,4.57972,100.732421875
08:02:17,912810UA4,TSRYS5802849,D,B,C,2024-05-24,1000000.00,4.57972,100.732421875
08:02:17,912810UA4,TSRYS5802849,D,S,D,2024-05-24,1000000.00,4.57972,100.732421875
08:02:17,912810UA4,TSRYS5802849,D,B,C,2024-05-24,1000000.00,4.57972,100.732421875
08:02:17,912810UA4,TSRYS5802849,D,B,C,2024-05-24,1000000.00,4.5796,100.7342
08:02:17,912810UA4,TSRYS5802849,D,S,D,2024-05-24,1000000.00,4.5796,100.734375
08:02:17,912810UA4,TSRYS5802849,D,S,D,2024-05-24,1000000.00,4.57984,100.73046875
08:02:17,912810UA4,TSRYS5802849,D,B,C,2024-05-24,1000000.00,4.57984,100.73046875
08:02:17,912810UA4,TSRYS5802849,D,S,D,2024-05-24,1000000.00,4.578402,100.75390625
08:02:17,912810UA4,TSRYS5802849,D,B,C,2024-05-24,1000000.00,4.578402,100.75390625
08:02:17,912810UA4,TSRYS5802849,D,S,D,2024-05-24,1000000.00,4.577684,100.765625
08:02:17,912810UA4,TSRYS5802849,D,S,D,2024-05-24,1000000.00,4.578402,100.75390625
08:02:17,912810UA4,TSRYS5802849,D,B,C,2024-05-24,1000000.00,4.578402,100.75390625
08:02:17,912810UA4,TSRYS5802849,D,S,D,2024-05-24,1000000.00,4.578282,100.755859375
08:02:17,912810UA4,TSRYS5802849,D,B,C,2024-05-24,1000000.00,4.578282,100.755859375
08:02:17,912810UA4,TSRYS5802849,D,S,C,2024-05-24,1000000.00,4.573853,100.828125
08:02:17,912810UA4,TSRYS5802849,D,S,D,2024-05-24,1000000.00,4.573853,100.828125
08:02:17,912810UA4,TSRYS5802849,D,B,C,2024-05-24,1000000.00,4.573853,100.828125
08:02:17,912810UA4,TSRYS5802849,D,S,D,2024-05-24,1000000.00,4.572895,100.84375
08:02:17,912810UA4,TSRYS5802849,D,S,D,2024-05-24,1000000.00,4.572895,100.84375
08:02:17,912810UA4,TSRYS5802849,D,S,D,2024-05-24,1000000.00,4.573853,100.828125
08:02:17,912810UA4,TSRYS5802849,D,S,D,2024-05-24,1000000.00,4.573853,100.828125
08:02:18,912810UA4,TSRYS5802849,D,B,C,2024-05-24,1000000.00,4.573853,100.828125
08:02:18,912810UA4,TSRYS5802849,D,S,C,2024-05-24,1000000.00,4.57384,100.828325
08:02:18,912810UA4,TSRYS5802849,D,S,C,2024-05-24,1000000.00,4.573853,100.828125
08:02:18,912810UA4,TSRYS5802849,D,S,D,2024-05-24,1000000.00,4.573853,100.828125
08:02:18,912810UA4,TSRYS5802849,D,B,C,2024-05-24,1000000.00,4.573853,100.828125
08:02:18,912810UA4,TSRYS5802849,D,S,D,2024-05-24,1000000.00,4.571221,100.87109375
08:02:18,912810UA4,TSRYS5802849,D,S,D,2024-05-24,1000000.00,4.571819,100.861328125
08:02:18,912810UA4,TSRYS5802849,D,S,C,2024-05-24,1000000.00,4.571938,100.859375
08:02:18,912810UA4,TSRYS5802849,D,B,C,2024-05-24,1000000.00,4.570982,100.875
08:02:18,912810UA4,TSRYS5802849,D,S,D,2024-05-24,1000000.00,4.570982,100.875
08:02:18,912810UA4,TSRYS5802849,D,S,D,2024-05-24,1000000.00,4.570982,100.875
08:02:18,912810UA4,TSRYS5802849,D,S,D,2024-05-24,1000000.00,4.573853,100.828125
08:02:18,912810UA4,TSRYS5802849,D,S,D,2024-05-24,1000000.00,4.573853,100.828125
08:02:18,912810UA4,TSRYS5802849,D,S,T,2024-05-24,1000000.00,4.5796,100.734375
08:02:18,912810UA4,TSRYS5802849,D,S,D,2024-05-24,1000000.00,4.573972,100.826171875
08:02:18,912810UA4,TSRYS5802849,D,S,T,2024-05-24,1000000.00,4.582477,100.6875
08:02:18,912810UA4,TSRYS5802849,D,S,C,2024-05-24,1000000.00,4.582477,100.6875
08:02:18,912810UA4,TSRYS5802849,D,S,D,2024-05-24,1000000.00,4.573853,100.828125
08:02:18,912810UA4,TSRYS5802849,D,S,D,2024-05-24,1000000.00,4.573845,100.828255
08:02:18,912810UA4,TSRYS5802849,D,S,T,2024-05-24,1000000.00,4.582477,100.6875
08:02:18,912810UA4,TSRYS5802849,D,S,D,2024-05-24,1000000.00,4.573845,100.828255
08:02:18,912810UA4,TSRYS5802849,D,B,C,2024-05-24,27000000.00,4.583244,100.675
08:02:18,912810UA4,TSRYS5802849,D,S,D,2024-05-24,1000000.00,4.573845,100.828255
08:02:18,912810UA4,TSRYS5802849,D,S,D,2024-05-24,1000000.00,4.573853,100.828125
08:02:18,912810UA4,TSRYS5802849,D,S,D,2024-05-24,1000000.00,4.573845,100.828255
08:02:19,912810UA4,TSRYS5802849,D,S,C,2024-05-24,1000000.00,4.574331,100.8203125
08:02:19,912810UA4,TSRYS5802849,D,S,D,2024-05-24,1000000.00,4.574331,100.8203125
08:02:19,912810UA4,TSRYS5802849,D,S,C,2024-05-24,1500000.00,4.581038,100.7109375
08:02:19,912810UA4,TSRYS5802849,D,S,C,2024-05-24,1000000.00,4.583197,100.67578125
08:02:19,912810UA4,TSRYS5802849,D,S,D,2024-05-24,1000000.00,4.574451,100.818359375
08:02:19,912810UA4,TSRYS5802849,D,S,D,2024-05-24,1000000.00,4.574571,100.81640625
08:02:19,912810UA4,TSRYS5802849,D,S,D,2024-05-24,1000000.00,4.575768,100.796875
08:02:19,912810UA4,TSRYS5802849,D,B,C,2024-05-24,1000000.00,4.575768,100.796875
08:02:19,912810UA4,TSRYS5802849,D,B,C,2024-05-24,1000000.00,4.575768,100.796875
08:02:19,912810UA4,TSRYS5802849,D,S,D,2024-05-24,1000000.00,4.575768,100.796875
08:02:19,912810UA4,TSRYS5802849,D,S,D,2024-05-24,1000000.00,4.575768,100.796875
08:02:19,912810UA4,TSRYS5802849,D,B,C,2024-05-24,1000000.00,4.575768,100.796875
08:02:19,912810UA4,TSRYS5802849,D,S,D,2024-05-24,1000000.00,4.574092,100.82421875
08:02:19,912810UA4,TSRYS5802849,D,S,D,2024-05-24,1000000.00,4.575768,100.796875
08:02:19,912810UA4,TSRYS5802849,D,B,C,2024-05-24,1000000.00,4.575768,100.796875
08:02:19,912810UA4,TSRYS5802849,D,S,D,2024-05-24,1000000.00,4.575768,100.796875
08:02:19,912810UA4,TSRYS5802849,D,S,D,2024-05-24,1000000.00,4.57481,100.8125
08:02:19,912810UA4,TSRYS5802849,D,B,C,2024-05-24,1000000.00,4.57481,100.8125
08:02:19,912810UA4,TSRYS5802849,D,B,C,2024-05-24,1000000.00,4.575783,100.796625
08:02:19,912810UA4,TSRYS5802849,D,S,D,2024-05-24,1000000.00,4.575768,100.796875
08:02:19,912810UA4,TSRYS5802849,D,B,C,2024-05-24,1000000.00,4.575768,100.796875
08:02:19,912810UA4,TSRYS5802849,D,S,D,2024-05-24,1000000.00,4.575768,100.796875
08:02:19,912810UA4,TSRYS5802849,D,S,D,2024-05-24,1000000.00,4.575768,100.796875
08:02:20,912810UA4,TSRYS5802849,D,S,D,2024-05-24,1000000.00,4.570982,100.875
08:02:20,912810UA4,TSRYS5802849,D,B,C,2024-05-24,1000000.00,4.570982,100.875
08:02:20,912810UA4,TSRYS5802849,D,B,C,2024-05-24,1000000.00,4.571938,100.8592
08:02:20,912810UA4,TSRYS5802849,D,S,D,2024-05-24,1000000.00,4.571938,100.859375
08:02:20,912810UA4,TSRYS5802849,D,S,D,2024-05-24,1000000.00,4.571699,100.86328125
08:02:20,912810UA4,TSRYS5802849,D,S,D,2024-05-24,1000000.00,4.576725,100.78125
08:02:20,912810UA4,TSRYS5802849,D,S,D,2024-05-24,1000000.00,4.576725,100.78125
08:02:20,912810UA4,TSRYS5802849,D,B,C,2024-05-24,1000000.00,4.576725,100.78125
08:02:20,912810UA4,TSRYS5802849,D,S,D,2024-05-24,1000000.00,4.576725,100.78125
08:02:20,912810UA4,TSRYS5802849,D,S,D,2024-05-24,1000000.00,4.576725,100.78125
08:02:20,912810UA4,TSRYS5802849,D,S,D,2024-05-24,1000000.00,4.576725,100.78125
08:02:20,912810UA4,TSRYS5802849,D,S,D,2024-05-24,1000000.00,4.576725,100.78125
08:02:20,912810UA4,TSRYS5802849,D,S,D,2024-05-24,1000000.00,4.576725,100.78125
08:02:20,912810UA4,TSRYS5802849,D,S,D,2024-05-24,1000000.00,4.576725,100.78125
08:02:20,912810UA4,TSRYS5802849,D,B,C,2024-05-24,1000000.00,4.576725,100.78125
08:02:20,912810UA4,TSRYS5802849,D,S,D,2024-05-24,1000000.00,4.576725,100.78125
08:02:20,912810UA4,TSRYS5802849,D,S,D,2024-05-24,1000000.00,4.576725,100.78125
08:02:20,912810UA4,TSRYS5802849,D,B,C,2024-05-24,1000000.00,4.576741,100.781
08:02:21,912810UA4,TSRYS5802849,D,S,T,2024-05-24,1000000.00,4.576733,100.78112
08:02:21,912810UA4,TSRYS5802849,D,S,T,2024-05-24,1000000.00,4.571699,100.86328125
08:02:21,912810UA4,TSRYS5802849,D,S,T,2024-05-24,1000000.00,4.571699,100.86328125
08:02:21,912810UA4,TSRYS5802849,D,S,T,2024-05-24,1000000.00,4.572178,100.85546875
08:02:21,912810UA4,TSRYS5802849,D,S,T,2024-05-24,1000000.00,4.572178,100.85546875
08:02:21,912810UA4,TSRYS5802849,D,S,T,2024-05-24,1000000.00,4.571938,100.859375
08:02:21,912810UA4,TSRYS5802849,D,S,T,2024-05-24,1000000.00,4.572178,100.85546875
08:02:21,912810UA4,TSRYS5802849,D,S,T,2024-05-24,1000000.00,4.572178,100.85546875
08:02:21,912810UA4,TSRYS5802849,D,S,T,2024-05-24,1000000.00,4.572178,100.85546875
08:02:21,912810UA4,TSRYS5802849,D,S,T,2024-05-24,1000000.00,4.572178,100.85546875
08:02:21,912810UA4,TSRYS5802849,D,S,T,2024-05-24,1000000.00,4.572178,100.85546875
08:02:21,912810UA4,TSRYS5802849,D,S,T,2024-05-24,1000000.00,4.572178,100.85546875
08:02:21,912810UA4,TSRYS5802849,D,S,T,2024-05-24,1000000.00,4.571699,100.86328125
08:02:21,912810UA4,TSRYS5802849,D,S,T,2024-05-24,1000000.00,4.571938,100.859375
08:02:21,912810UA4,TSRYS5802849,D,S,T,2024-05-24,1000000.00,4.570623,100.880859375
08:02:21,912810UA4,TSRYS5802849,D,S,T,2024-05-24,1000000.00,4.571819,100.861328125
08:02:21,912810UA4,TSRYS5802849,D,S,T,2024-05-24,1000000.00,4.572178,100.85546875
08:02:21,912810UA4,TSRYS5802849,D,S,T,2024-05-24,1000000.00,4.570623,100.880859375
08:02:21,912810UA4,TSRYS5802849,D,S,T,2024-05-24,1000000.00,4.572178,100.85546875
08:02:21,912810UA4,TSRYS5802849,D,S,T,2024-05-24,1000000.00,4.572178,100.85546875
08:02:21,912810UA4,TSRYS5802849,D,S,T,2024-05-24,1000000.00,4.571938,100.859375
08:02:21,912810UA4,TSRYS5802849,D,S,T,2024-05-24,1000000.00,4.571699,100.86328125
08:02:21,912810UA4,TSRYS5802849,D,S,T,2024-05-24,1000000.00,4.572178,100.85546875
08:02:21,912810UA4,TSRYS5802849,D,S,T,2024-05-24,1000000.00,4.572178,100.85546875
08:02:21,912810UA4,TSRYS5802849,D,S,T,2024-05-24,1000000.00,4.572178,100.85546875
08:02:21,912810UA4,TSRYS5802849,D,S,T,2024-05-24,1000000.00,4.572178,100.85546875
08:02:21,912810UA4,TSRYS5802849,D,S,T,2024-05-24,1000000.00,4.572178,100.85546875
08:02:21,912810UA4,TSRYS5802849,D,S,T,2024-05-24,1000000.00,4.572178,100.85546875
08:02:21,912810UA4,TSRYS5802849,D,S,T,2024-05-24,1000000.00,4.571938,100.859375
08:02:21,912810UA4,TSRYS5802849,D,S,T,2024-05-24,1000000.00,4.572178,100.85546875
08:02:21,912810UA4,TSRYS5802849,D,S,T,2024-05-24,1000000.00,4.572178,100.85546875
08:02:21,912810UA4,TSRYS5802849,D,S,T,2024-05-24,1000000.00,4.572178,100.85546875
08:02:21,912810UA4,TSRYS5802849,D,S,T,2024-05-24,1000000.00,4.572178,100.85546875
08:02:21,912810UA4,TSRYS5802849,D,S,T,2024-05-24,1000000.00,4.572178,100.85546875
08:02:21,912810UA4,TSRYS5802849,D,S,T,2024-05-24,1000000.00,4.572178,100.85546875
08:02:21,912810UA4,TSRYS5802849,D,S,T,2024-05-24,1000000.00,4.571938,100.859375
08:02:21,912810UA4,TSRYS5802849,D,S,T,2024-05-24,1000000.00,4.572417,100.8515625
08:02:21,912810UA4,TSRYS5802849,D,S,T,2024-05-24,1000000.00,4.576486,100.78515625
08:02:21,912810UA4,TSRYS5802849,D,S,T,2024-05-24,1000000.00,4.576007,100.79296875
08:02:21,912810UA4,TSRYS5802849,D,B,C,2024-05-24,2000000.00,4.573853,100.828125
08:02:21,912810UA4,TSRYS5802849,D,S,T,2024-05-24,1000000.00,4.577684,100.765625
08:02:21,912810UA4,TSRYS5802849,D,S,T,2024-05-24,1000000.00,4.577684,100.765625
08:02:21,912810UA4,TSRYS5802849,D,S,T,2024-05-24,1000000.00,4.577684,100.765625
08:02:21,912810UA4,TSRYS5802849,D,S,C,2024-05-24,1000000.00,4.576725,100.78125
08:02:21,912810UA4,TSRYS5802849,D,S,T,2024-05-24,1000000.00,4.578522,100.751953125
08:02:21,912810UA4,TSRYS5802849,D,S,T,2024-05-24,1000000.00,4.577085,100.775390625
08:02:21,912810UA4,TSRYS5802849,D,S,T,2024-05-24,1000000.00,4.572536,100.849609375
08:02:21,912810UA4,TSRYS5802849,D,S,T,2024-05-24,1000000.00,4.578522,100.751953125
08:02:21,912810UA4,TSRYS5802849,D,S,T,2024-05-24,1000000.00,4.578642,100.75
08:02:21,912810UA4,TSRYS5802849,D,S,T,2024-05-24,1000000.00,4.578881,100.74609375
08:02:21,912810UA4,TSRYS5802849,D,S,T,2024-05-24,1000000.00,4.578881,100.74609375
08:02:21,912810UA4,TSRYS5802849,D,S,T,2024-05-24,1000000.00,4.578642,100.75
08:02:21,912810UA4,TSRYS5802849,D,S,T,2024-05-24,1000000.00,4.578522,100.751953125
08:02:21,912810UA4,TSRYS5802849,D,S,T,2024-05-24,1000000.00,4.578881,100.74609375
08:02:21,912810UA4,TSRYS5802849,D,S,T,2024-05-24,1000000.00,4.575528,100.80078125
08:02:21,912810UA4,TSRYS5802849,D,S,T,2024-05-24,1000000.00,4.574092,100.82421875
08:02:21,912810UA4,TSRYS5802849,D,S,D,2024-05-24,5000000.00,4.571933,100.8594563
08:02:21,912810UA4,TSRYS5802849,D,S,T,2024-05-24,1000000.00,4.573733,100.830078125
08:02:21,912810UA4,TSRYS5802849,D,S,T,2024-05-24,1000000.00,4.572536,100.849609375
08:02:21,912810UA4,TSRYS5802849,D,S,T,2024-05-24,1000000.00,4.573853,100.828125
08:02:21,912810UA4,TSRYS5802849,D,S,T,2024-05-24,1000000.00,4.574092,100.82421875
08:02:21,912810UA4,TSRYS5802849,D,S,C,2024-05-24,1000000.00,4.576725,100.78125
08:02:21,912810UA4,TSRYS5802849,D,B,C,2024-05-24,1000000.00,4.576725,100.78125
08:02:21,912810UA4,TSRYS5802849,D,S,C,2024-05-24,515000.00,4.58008,100.7265625
08:02:21,912810UA4,TSRYS5802849,D,S,T,2024-05-24,1000000.00,4.578522,100.751953125
08:02:21,912810UA4,TSRYS5802849,D,S,T,2024-05-24,1000000.00,4.578522,100.751953125
08:02:21,912810UA4,TSRYS5802849,D,S,T,2024-05-24,1000000.00,4.578522,100.751953125
08:02:21,912810UA4,TSRYS5802849,D,S,T,2024-05-24,1000000.00,4.578881,100.74609375
08:02:21,912810UA4,TSRYS5802849,D,S,T,2024-05-24,1000000.00,4.580559,100.71875
08:02:21,912810UA4,TSRYS5802849,D,S,T,2024-05-24,1000000.00,4.576965,100.77734375
08:02:21,912810UA4,TSRYS5802849,D,S,T,2024-05-24,1000000.00,4.572536,100.849609375
08:02:21,912810UA4,TSRYS5802849,D,S,T,2024-05-24,1000000.00,4.573733,100.830078125
08:02:21,912810UA4,TSRYS5802849,D,S,T,2024-05-24,1000000.00,4.573853,100.828125
08:02:21,912810UA4,TSRYS5802849,D,S,T,2024-05-24,1000000.00,4.575528,100.80078125
08:02:21,912810UA4,TSRYS5802849,D,S,D,2024-05-24,5000000.00,4.574494,100.8176594
08:02:21,912810UA4,TSRYS5802849,D,B,C,2024-05-24,1000000.00,4.576744,100.78095
08:02:22,912810UA4,TSRYS5802849,D,S,D,2024-05-24,870000.00,4.578402,100.75390625
08:02:22,912810UA4,TSRYS5802849,D,S,T,2024-05-24,1000000.00,4.583436,100.671875
08:02:22,912810UA4,TSRYS5802849,D,S,T,2024-05-24,1000000.00,4.583436,100.671875
08:02:22,912810UA4,TSRYS5802849,D,S,T,2024-05-24,1000000.00,4.583436,100.671875
08:02:22,912810UA4,TSRYS5802849,D,S,T,2024-05-24,1000000.00,4.583436,100.671875
08:02:22,912810UA4,TSRYS5802849,D,S,T,2024-05-24,1000000.00,4.583436,100.671875
08:02:22,912810UA4,TSRYS5802849,D,S,T,2024-05-24,1000000.00,4.583436,100.671875
08:02:22,912810UA4,TSRYS5802849,D,S,T,2024-05-24,1000000.00,4.583436,100.671875
08:02:22,912810UA4,TSRYS5802849,D,S,T,2024-05-24,1000000.00,4.583436,100.671875
08:02:22,912810UA4,TSRYS5802849,D,S,T,2024-05-24,1000000.00,4.570982,100.875
08:02:22,912810UA4,TSRYS5802849,D,S,T,2024-05-24,1000000.00,4.570982,100.875
08:02:22,912810UA4,TSRYS5802849,D,B,C,2024-05-24,1000000.00,4.575786,100.796575
08:02:22,912810UA4,TSRYS5802849,D,S,D,2024-05-24,1000000.00,4.570982,100.875
08:02:22,912810UA4,TSRYS5802849,D,S,C,2024-05-24,1000000.00,4.575768,100.796875
08:02:22,912810UA4,TSRYS5802849,D,S,C,2024-05-24,1000000.00,4.583436,100.671875
08:02:22,912810UA4,TSRYS5802849,D,S,D,2024-05-24,1000000.00,4.57481,100.8125
08:02:22,912810UA4,TSRYS5802849,D,B,C,2024-05-24,1000000.00,4.57481,100.8125
08:02:22,912810UA4,TSRYS5802849,D,S,D,2024-05-24,1000000.00,4.57481,100.8125
08:02:22,912810UA4,TSRYS5802849,D,S,D,2024-05-24,1000000.00,4.572058,100.857421875
08:02:22,912810UA4,TSRYS5802849,D,S,D,2024-05-24,1000000.00,4.572178,100.85546875
08:02:23,912810UA4,TSRYS5802849,D,S,D,2024-05-24,1000000.00,4.573853,100.828125
08:02:23,912810UA4,TSRYS5802849,D,B,C,2024-05-24,1000000.00,4.573871,100.827825
08:02:23,912810UA4,TSRYS5802849,D,B,C,2024-05-24,1000000.00,4.573871,100.827825
08:02:23,912810UA4,TSRYS5802849,D,S,D,2024-05-24,1000000.00,4.573853,100.828125
08:02:23,912810UA4,TSRYS5802849,D,S,D,2024-05-24,1000000.00,4.573853,100.828125
08:02:23,912810UA4,TSRYS5802849,D,B,C,2024-05-24,1000000.00,4.573871,100.827825
08:02:23,912810UA4,TSRYS5802849,D,B,C,2024-05-24,1000000.00,4.572911,100.8435
08:02:23,912810UA4,TSRYS5802849,D,S,C,2024-05-24,1000000.00,4.572895,100.84375
08:02:23,912810UA4,TSRYS5802849,D,S,C,2024-05-24,1000000.00,4.571938,100.859375
08:02:23,912810UA4,TSRYS5802849,D,B,C,2024-05-24,1000000.00,4.571938,100.859375
08:02:23,912810UA4,TSRYS5802849,D,B,C,2024-05-24,1000000.00,4.570994,100.8748
08:02:23,912810UA4,TSRYS5802849,D,S,C,2024-05-24,1000000.00,4.570972,100.87515
08:02:24,912810UA4,TSRYS5802849,D,S,D,2024-05-24,1000000.00,4.570974,100.87513
08:02:24,912810UA4,TSRYS5802849,D,S,D,2024-05-24,1000000.00,4.570982,100.875
08:02:24,912810UA4,TSRYS5802849,D,S,D,2024-05-24,1000000.00,4.570982,100.875
08:02:24,912810UA4,TSRYS5802849,D,S,C,2024-05-24,1000000.00,4.573494,100.833984375
08:02:24,912810UA4,TSRYS5802849,D,S,C,2024-05-24,15000000.00,4.5796,100.734375
08:02:24,912810UA4,TSRYS5802849,D,S,D,2024-05-24,1000000.00,4.571938,100.859375
08:02:25,912810UA4,TSRYS5802849,D,S,D,2024-05-24,1000000.00,4.571938,100.859375
