tradeTime,cusip,issueSymbolIdentifier,priceType,reportingSideCode,contraPartyTypeCode,tradeDate,reportedTradeVolume,lastSaleYield,lastSalePrice
08:00:03,912810UA4,TSRYS5802849,D,S,T,2024-07-30,1000000.00,4.423695,103.30859375
08:00:03,912810UA4,TSRYS5802849,D,S,T,2024-07-30,1000000.00,4.423927,103.3046875
08:00:03,912810UA4,TSRYS5802849,D,S,T,2024-07-30,1000000.00,4.424738,103.291015625
08:00:03,912810UA4,TSRYS5802849,D,S,T,2024-07-30,1000000.00,4.428216,103.232421875
08:00:03,912810UA4,TSRYS5802849,D,S,T,2024-07-30,1000000.00,4.428332,103.23046875
08:00:03,912810UA4,TSRYS5802849,D,S,T,2024-07-30,1000000.00,4.428216,103.232421875
08:00:03,912810UA4,TSRYS5802849,D,S,T,2024-07-30,1000000.00,4.428216,103.232421875
08:00:03,912810UA4,TSRYS5802849,D,S,T,2024-07-30,1000000.00,4.429144,103.216796875
08:00:03,912810UA4,TSRYS5802849,D,S,T,2024-07-30,1000000.00,4.421494,103.345703125
08:00:03,912810UA4,TSRYS5802849,D,S,T,2024-07-30,1000000.00,4.421262,103.349609375
08:00:03,912810UA4,TSRYS5802849,D,S,T,2024-07-30,1000000.00,4.431697,103.173828125
08:00:03,912810UA4,TSRYS5802849,D,S,T,2024-07-30,1000000.00,4.425317,103.28125
08:00:03,912810UA4,TSRYS5802849,D,S,T,2024-07-30,1000000.00,4.432045,103.16796875
08:00:03,912810UA4,TSRYS5802849,D,S,T,2024-07-30,1000000.00,4.423463,103.3125
08:00:03,912810UA4,TSRYS5802849,D,S,T,2024-07-30,1000000.00,4.428912,103.220703125
08:00:03,912810UA4,TSRYS5802849,D,S,T,2024-07-30,1000000.00,4.428912,103.220703125
08:00:03,912810UA4,TSRYS5802849,D,S,T,2024-07-30,1000000.00,4.430652,103.19140625
08:00:03,912810UA4,TSRYS5802849,D,S,T,2024-07-30,1000000.00,4.430768,103.189453125
08:00:03,912810UA4,TSRYS5802849,D,S,T,2024-07-30,1000000.00,4.43042,103.1953125
08:00:03,912810UA4,TSRYS5802849,D,S,T,2024-07-30,1000000.00,4.433439,103.14453125
08:00:03,912810UA4,TSRYS5802849,D,B,C,2024-07-30,1000000.00,4.438203,103.064453125
08:00:03,912810UA4,TSRYS5802849,D,B,C,2024-07-30,1000000.00,4.438203,103.064453125
08:00:03,912810UA4,TSRYS5802849,D,B,C,2024-07-30,1000000.00,4.438203,103.064453125
08:00:03,912810UA4,TSRYS5802849,D,B,C,2024-07-30,1000000.00,4.438203,103.064453125
08:00:03,912810UA4,TSRYS5802849,D,S,T,2024-07-30,1000000.00,4.435065,103.1171875
08:00:03,912810UA4,TSRYS5802849,D,B,C,2024-07-30,1000000.00,4.429724,103.20703125
08:00:03,912810UA4,TSRYS5802849,D,B,C,2024-07-30,1000000.00,4.429724,103.20703125
08:00:03,912810UA4,TSRYS5802849,D,B,C,2024-07-30,1000000.00,4.429608,103.208984375
08:00:03,912810UA4,TSRYS5802849,D,S,T,2024-07-30,1000000.00,4.429028,103.21875
08:00:03,912810UA4,TSRYS5802849,D,S,T,2024-07-30,1000000.00,4.42984,103.205078125
08:00:03,912810UA4,TSRYS5802849,D,S,T,2024-07-30,1000000.00,4.429956,103.203125
08:00:03,912810UA4,TSRYS5802849,D,S,T,2024-07-30,1000000.00,4.430072,103.201171875
08:00:03,912810UA4,TSRYS5802849,D,S,T,2024-07-30,1000000.00,4.431349,103.1796875
08:00:03,912810UA4,TSRYS5802849,D,S,T,2024-07-30,1000000.00,4.430188,103.19921875
08:00:03,912810UA4,TSRYS5802849,D,S,T,2024-07-30,1000000.00,4.427752,103.240234375
08:00:03,912810UA4,TSRYS5802849,D,S,T,2024-07-30,1000000.00,4.425897,103.271484375
08:00:03,912810UA4,TSRYS5802849,D,S,T,2024-07-30,1000000.00,4.424738,103.291015625
08:00:04,912810UA4,TSRYS5802849,D,S,T,2024-07-30,1000000.00,4.417443,103.4140625
08:00:04,912810UA4,TSRYS5802849,D,S,T,2024-07-30,1000000.00,4.42242,103.330078125
08:00:04,912810UA4,TSRYS5802849,D,S,T,2024-07-30,1000000.00,4.42242,103.330078125
08:00:04,912810UA4,TSRYS5802849,D,S,T,2024-07-30,1000000.00,4.422768,103.32421875
08:00:04,912810UA4,TSRYS5802849,D,S,T,2024-07-30,1000000.00,4.422652,103.326171875
08:00:04,912810UA4,TSRYS5802849,D,S,D,2024-07-30,1000000.00,4.423695,103.30859375
08:00:04,912810UA4,TSRYS5802849,D,S,D,2024-07-30,1000000.00,4.423,103.3203125
08:00:04,912810UA4,TSRYS5802849,D,S,T,2024-07-30,1000000.00,4.421841,103.33984375
08:00:04,912810UA4,TSRYS5802849,D,S,T,2024-07-30,1000000.00,4.422884,103.322265625
08:00:04,912810UA4,TSRYS5802849,D,S,T,2024-07-30,1000000.00,4.422884,103.322265625
08:00:04,912810UA4,TSRYS5802849,D,S,T,2024-07-30,1000000.00,4.422884,103.322265625
08:00:04,912810UA4,TSRYS5802849,D,S,T,2024-07-30,1000000.00,4.422073,103.3359375
08:00:04,912810UA4,TSRYS5802849,D,S,T,2024-07-30,1000000.00,4.423927,103.3046875
08:00:04,912810UA4,TSRYS5802849,D,S,T,2024-07-30,1000000.00,4.423579,103.310546875
08:00:04,912810UA4,TSRYS5802849,D,S,D,2024-07-30,1000000.00,4.426013,103.26953125
08:00:05,912810UA4,TSRYS5802849,D,S,T,2024-07-30,1000000.00,4.42439,103.296875
08:00:05,912810UA4,TSRYS5802849,D,S,T,2024-07-30,1000000.00,4.431813,103.171875
08:00:05,912810UA4,TSRYS5802849,D,S,T,2024-07-30,1000000.00,4.429028,103.21875
08:00:05,912810UA4,TSRYS5802849,D,S,T,2024-07-30,1000000.00,4.422536,103.328125
08:00:05,912810UA4,TSRYS5802849,D,S,T,2024-07-30,1000000.00,4.417905,103.40625
08:00:06,912810UA4,TSRYS5802849,D,S,C,2024-07-30,100000.00,4.426221,103.271025
08:00:06,912810UA4,TSRYS5802849,D,S,T,2024-07-30,3000000.00,4.42161,103.34375
08:00:06,912810UA4,TSRYS5802849,D,S,D,2024-07-30,13000000.00,4.437389,103.078125
08:00:06,912810UA4,TSRYS5802849,D,S,D,2024-07-30,4000000.00,4.437621,103.07421875
08:00:07,912810UA4,TSRYS5802849,D,S,D,2024-07-30,2000000.00,4.423463,103.3125
08:00:07,912810UA4,TSRYS5802849,D,S,D,2024-07-30,2000000.00,4.42439,103.296875
08:00:07,912810UA4,TSRYS5802849,D,S,D,2024-07-30,2000000.00,4.422536,103.328125
08:00:10,912810UA4,TSRYS5802849,D,S,C,2024-07-30,27000000.00,4.418831,103.390625
08:00:11,912810UA4,TSRYS5802849,D,S,T,2024-07-30,1000000.00,4.425317,103.28125
08:00:11,912810UA4,TSRYS5802849,D,S,T,2024-07-30,1000000.00,4.426592,103.259765625
08:00:11,912810UA4,TSRYS5802849,D,S,D,2024-07-30,1000000.00,4.424854,103.2890625
08:00:11,912810UA4,TSRYS5802849,D,S,T,2024-07-30,2000000.00,4.427172,103.25
08:00:11,912810UA4,TSRYS5802849,D,S,T,2024-07-30,1000000.00,4.433671,103.140625
08:00:11,912810UA4,TSRYS5802849,D,S,T,2024-07-30,1000000.00,4.433671,103.140625
08:00:11,912810UA4,TSRYS5802849,D,S,T,2024-07-30,1000000.00,4.42497,103.287109375
08:00:11,912810UA4,TSRYS5802849,D,S,T,2024-07-30,1000000.00,4.429028,103.21875
08:00:11,912810UA4,TSRYS5802849,D,S,T,2024-07-30,1000000.00,4.421378,103.34765625
08:00:11,912810UA4,TSRYS5802849,D,S,T,2024-07-30,1000000.00,4.430885,103.1875
08:00:11,912810UA4,TSRYS5802849,D,S,T,2024-07-30,3000000.00,4.430885,103.1875
08:00:11,912810UA4,TSRYS5802849,D,S,T,2024-07-30,1000000.00,4.4346,103.125
08:00:11,912810UA4,TSRYS5802849,D,S,T,2024-07-30,1000000.00,4.435529,103.109375
08:00:11,912810UA4,TSRYS5802849,D,S,T,2024-07-30,1000000.00,4.435529,103.109375
08:00:11,912810UA4,TSRYS5802849,D,S,T,2024-07-30,1000000.00,4.438319,103.0625
08:00:11,912810UA4,TSRYS5802849,D,S,T,2024-07-30,1000000.00,4.430885,103.1875
08:00:11,912810UA4,TSRYS5802849,D,S,T,2024-07-30,1000000.00,4.430885,103.1875
08:00:11,912810UA4,TSRYS5802849,D,S,T,2024-07-30,1000000.00,4.434368,103.12890625
08:00:11,912810UA4,TSRYS5802849,D,S,D,2024-07-30,1000000.00,4.434135,103.1328125
08:00:11,912810UA4,TSRYS5802849,D,S,T,2024-07-30,1000000.00,4.434484,103.126953125
08:00:11,912810UA4,TSRYS5802849,D,S,T,2024-07-30,1000000.00,4.427172,103.25
08:00:11,912810UA4,TSRYS5802849,D,S,T,2024-07-30,1000000.00,4.427172,103.25
08:00:11,912810UA4,TSRYS5802849,D,S,T,2024-07-30,1000000.00,4.427172,103.25
08:00:11,912810UA4,TSRYS5802849,D,S,T,2024-07-30,1000000.00,4.427172,103.25
08:00:11,912810UA4,TSRYS5802849,D,S,T,2024-07-30,1000000.00,4.427172,103.25
08:00:11,912810UA4,TSRYS5802849,D,S,T,2024-07-30,1000000.00,4.42439,103.296875
08:00:11,912810UA4,TSRYS5802849,D,S,T,2024-07-30,1000000.00,4.42439,103.296875
08:00:11,912810UA4,TSRYS5802849,D,S,T,2024-07-30,1000000.00,4.425317,103.28125
08:00:11,912810UA4,TSRYS5802849,D,S,T,2024-07-30,1000000.00,4.425317,103.28125
08:00:11,912810UA4,TSRYS5802849,D,S,T,2024-07-30,1000000.00,4.424274,103.298828125
08:00:11,912810UA4,TSRYS5802849,D,S,T,2024-07-30,1000000.00,4.423463,103.3125
08:00:11,912810UA4,TSRYS5802849,D,S,T,2024-07-30,1000000.00,4.42161,103.34375
08:00:11,912810UA4,TSRYS5802849,D,S,T,2024-07-30,1000000.00,4.421378,103.34765625
08:00:12,912810UA4,TSRYS5802849,D,S,T,2024-07-30,1000000.00,4.423463,103.3125
08:00:12,912810UA4,TSRYS5802849,D,S,T,2024-07-30,1000000.00,4.422536,103.328125
08:00:12,912810UA4,TSRYS5802849,D,S,T,2024-07-30,1000000.00,4.426245,103.265625
08:00:12,912810UA4,TSRYS5802849,D,B,C,2024-07-30,10000000.00,4.429052,103.21835
08:00:12,912810UA4,TSRYS5802849,D,S,T,2024-07-30,1000000.00,4.4281,103.234375
08:00:12,912810UA4,TSRYS5802849,D,S,T,2024-07-30,1000000.00,4.4281,103.234375
08:00:12,912810UA4,TSRYS5802849,D,S,T,2024-07-30,1000000.00,4.4281,103.234375
08:00:12,912810UA4,TSRYS5802849,D,S,T,2024-07-30,1000000.00,4.4281,103.234375
08:00:12,912810UA4,TSRYS5802849,D,S,T,2024-07-30,1000000.00,4.4281,103.234375
08:00:12,912810UA4,TSRYS5802849,D,S,T,2024-07-30,1000000.00,4.4281,103.234375
08:00:12,912810UA4,TSRYS5802849,D,S,T,2024-07-30,1000000.00,4.4281,103.234375
08:00:12,912810UA4,TSRYS5802849,D,S,T,2024-07-30,1000000.00,4.4281,103.234375
08:00:12,912810UA4,TSRYS5802849,D,S,T,2024-07-30,1000000.00,4.4281,103.234375
08:00:12,912810UA4,TSRYS5802849,D,S,T,2024-07-30,1000000.00,4.4281,103.234375
08:00:13,912810UA4,TSRYS5802849,D,B,A,2024-07-30,500000.00,4.423463,103.3125
08:00:13,912810UA4,TSRYS5802849,D,S,D,2024-07-30,13000000.00,4.423695,103.30859375
08:00:13,912810UA4,TSRYS5802849,D,S,D,2024-07-30,5000000.00,4.423927,103.3046875
08:00:17,912810UA4,TSRYS5802849,D,S,C,2024-07-30,50MM+,4.426245,103.265625
08:00:18,912810UA4,TSRYS5802849,D,S,A,2024-07-30,500000.00,4.431349,103.1796875
08:00:18,912810UA4,TSRYS5802849,D,S,T,2024-07-30,1000000.00,4.426476,103.26171875
08:00:22,912810UA4,TSRYS5802849,D,B,A,2024-07-30,10000000.00,4.420915,103.35546875
08:00:24,912810UA4,TSRYS5802849,D,S,D,2024-07-30,1000000.00,4.429028,103.21875
08:00:27,912810UA4,TSRYS5802849,D,S,D,2024-07-30,1000000.00,4.435994,103.1015625
08:00:27,912810UA4,TSRYS5802849,D,S,T,2024-07-30,1000000.00,4.4281,103.234375
08:00:27,912810UA4,TSRYS5802849,D,S,T,2024-07-30,1000000.00,4.4281,103.234375
08:00:27,912810UA4,TSRYS5802849,D,S,T,2024-07-30,1000000.00,4.4281,103.234375
08:00:27,912810UA4,TSRYS5802849,D,S,T,2024-07-30,1000000.00,4.4281,103.234375
08:00:27,912810UA4,TSRYS5802849,D,S,T,2024-07-30,1000000.00,4.4281,103.234375
08:00:27,912810UA4,TSRYS5802849,D,S,T,2024-07-30,1000000.00,4.4281,103.234375
08:00:27,912810UA4,TSRYS5802849,D,S,T,2024-07-30,1000000.00,4.4281,103.234375
08:00:27,912810UA4,TSRYS5802849,D,S,T,2024-07-30,1000000.00,4.4281,103.234375
08:00:27,912810UA4,TSRYS5802849,D,S,T,2024-07-30,1000000.00,4.4281,103.234375
08:00:27,912810UA4,TSRYS5802849,D,S,T,2024-07-30,1000000.00,4.4281,103.234375
08:00:27,912810UA4,TSRYS5802849,D,S,T,2024-07-30,1000000.00,4.4281,103.234375
08:00:27,912810UA4,TSRYS5802849,D,S,T,2024-07-30,1000000.00,4.4281,103.234375
08:00:27,912810UA4,TSRYS5802849,D,S,T,2024-07-30,1000000.00,4.4281,103.234375
08:00:27,912810UA4,TSRYS5802849,D,S,T,2024-07-30,1000000.00,4.430188,103.19921875
08:00:27,912810UA4,TSRYS5802849,D,S,T,2024-07-30,1000000.00,4.430188,103.19921875
08:00:27,912810UA4,TSRYS5802849,D,S,T,2024-07-30,1000000.00,4.430188,103.19921875
08:00:27,912810UA4,TSRYS5802849,D,S,T,2024-07-30,1000000.00,4.429956,103.203125
08:00:27,912810UA4,TSRYS5802849,D,S,T,2024-07-30,1000000.00,4.429956,103.203125
08:00:27,912810UA4,TSRYS5802849,D,S,T,2024-07-30,1000000.00,4.430536,103.193359375
08:00:27,912810UA4,TSRYS5802849,D,S,T,2024-07-30,1000000.00,4.430768,103.189453125
08:00:27,912810UA4,TSRYS5802849,D,S,T,2024-07-30,1000000.00,4.430768,103.189453125
08:00:27,912810UA4,TSRYS5802849,D,S,T,2024-07-30,1000000.00,4.430768,103.189453125
08:00:27,912810UA4,TSRYS5802849,D,S,T,2024-07-30,1000000.00,4.430768,103.189453125
08:00:27,912810UA4,TSRYS5802849,D,S,T,2024-07-30,1000000.00,4.431813,103.171875
08:00:27,912810UA4,TSRYS5802849,D,S,T,2024-07-30,1000000.00,4.433671,103.140625
08:00:27,912810UA4,TSRYS5802849,D,S,T,2024-07-30,1000000.00,4.430885,103.1875
08:00:27,912810UA4,TSRYS5802849,D,S,T,2024-07-30,1000000.00,4.438319,103.0625
08:00:27,912810UA4,TSRYS5802849,D,S,T,2024-07-30,1000000.00,4.438319,103.0625
08:00:27,912810UA4,TSRYS5802849,D,S,T,2024-07-30,1000000.00,4.430885,103.1875
08:00:27,912810UA4,TSRYS5802849,D,S,T,2024-07-30,1000000.00,4.430885,103.1875
08:00:27,912810UA4,TSRYS5802849,D,S,T,2024-07-30,1000000.00,4.4346,103.125
08:00:27,912810UA4,TSRYS5802849,D,S,T,2024-07-30,1000000.00,4.422536,103.328125
08:00:27,912810UA4,TSRYS5802849,D,S,T,2024-07-30,1000000.00,4.423463,103.3125
08:00:27,912810UA4,TSRYS5802849,D,S,T,2024-07-30,1000000.00,4.423463,103.3125
08:00:28,912810UA4,TSRYS5802849,D,S,T,2024-07-30,1000000.00,4.426245,103.265625
08:00:28,912810UA4,TSRYS5802849,D,S,D,2024-07-30,1000000.00,4.423231,103.31640625
08:00:28,912810UA4,TSRYS5802849,D,S,D,2024-07-30,1000000.00,4.423,103.3203125
08:00:28,912810UA4,TSRYS5802849,D,S,D,2024-07-30,1000000.00,4.432045,103.16796875
08:00:28,912810UA4,TSRYS5802849,D,S,D,2024-07-30,1000000.00,4.428332,103.23046875
08:00:28,912810UA4,TSRYS5802849,D,S,D,2024-07-30,1000000.00,4.428564,103.2265625
08:00:28,912810UA4,TSRYS5802849,D,S,D,2024-07-30,1000000.00,4.433903,103.13671875
08:00:28,912810UA4,TSRYS5802849,D,S,D,2024-07-30,2000000.00,4.434368,103.12890625
08:00:28,912810UA4,TSRYS5802849,D,S,T,2024-07-30,1000000.00,4.433671,103.140625
08:00:28,912810UA4,TSRYS5802849,D,S,D,2024-07-30,1000000.00,4.42439,103.296875
08:00:28,912810UA4,TSRYS5802849,D,S,D,2024-07-30,1000000.00,4.425549,103.27734375
08:00:28,912810UA4,TSRYS5802849,D,S,T,2024-07-30,1000000.00,4.420799,103.357421875
08:00:28,912810UA4,TSRYS5802849,D,S,D,2024-07-30,1000000.00,4.417211,103.41796875
08:00:28,912810UA4,TSRYS5802849,D,S,T,2024-07-30,1000000.00,4.420683,103.359375
08:00:28,912810UA4,TSRYS5802849,D,S,D,2024-07-30,1000000.00,4.430885,103.1875
08:00:28,912810UA4,TSRYS5802849,D,S,D,2024-07-30,1000000.00,4.430885,103.1875
08:00:28,912810UA4,TSRYS5802849,D,S,D,2024-07-30,1000000.00,4.434368,103.12890625
08:00:30,912810UA4,TSRYS5802849,D,S,D,2024-07-30,1000000.00,4.429956,103.203125
08:00:30,912810UA4,TSRYS5802849,D,S,D,2024-07-30,1000000.00,4.42694,103.25390625
08:00:30,912810UA4,TSRYS5802849,D,S,D,2024-07-30,1000000.00,4.423463,103.3125
08:00:30,912810UA4,TSRYS5802849,D,S,D,2024-07-30,1000000.00,4.428332,103.23046875
08:00:30,912810UA4,TSRYS5802849,D,S,D,2024-07-30,1000000.00,4.427172,103.25
08:00:30,912810UA4,TSRYS5802849,D,S,D,2024-07-30,1000000.00,4.428796,103.22265625
08:00:30,912810UA4,TSRYS5802849,D,S,D,2024-07-30,1000000.00,4.428796,103.22265625
08:00:30,912810UA4,TSRYS5802849,D,S,D,2024-07-30,1000000.00,4.428564,103.2265625
08:00:30,912810UA4,TSRYS5802849,D,S,D,2024-07-30,1000000.00,4.437389,103.078125
08:00:30,912810UA4,TSRYS5802849,D,S,D,2024-07-30,1000000.00,4.437389,103.078125
08:00:30,912810UA4,TSRYS5802849,D,S,D,2024-07-30,1000000.00,4.429492,103.2109375
08:00:30,912810UA4,TSRYS5802849,D,S,D,2024-07-30,1000000.00,4.43251,103.16015625
08:00:30,912810UA4,TSRYS5802849,D,S,D,2024-07-30,1000000.00,4.430188,103.19921875
08:00:30,912810UA4,TSRYS5802849,D,S,D,2024-07-30,1000000.00,4.430188,103.19921875
08:00:30,912810UA4,TSRYS5802849,D,S,D,2024-07-30,1000000.00,4.42694,103.25390625
08:00:30,912810UA4,TSRYS5802849,D,S,D,2024-07-30,1000000.00,4.423463,103.3125
08:00:30,912810UA4,TSRYS5802849,D,S,D,2024-07-30,1000000.00,4.424158,103.30078125
08:00:30,912810UA4,TSRYS5802849,D,S,D,2024-07-30,1000000.00,4.419063,103.38671875
08:00:30,912810UA4,TSRYS5802849,D,S,D,2024-07-30,1000000.00,4.421841,103.33984375
08:00:30,912810UA4,TSRYS5802849,D,S,D,2024-07-30,1000000.00,4.421841,103.33984375
08:00:30,912810UA4,TSRYS5802849,D,S,D,2024-07-30,1000000.00,4.422768,103.32421875
08:00:30,912810UA4,TSRYS5802849,D,S,D,2024-07-30,1000000.00,4.422768,103.32421875
08:00:30,912810UA4,TSRYS5802849,D,S,D,2024-07-30,1000000.00,4.427404,103.24609375
08:00:30,912810UA4,TSRYS5802849,D,S,D,2024-07-30,1000000.00,4.425781,103.2734375
08:00:30,912810UA4,TSRYS5802849,D,S,D,2024-07-30,1000000.00,4.423695,103.30859375
08:00:30,912810UA4,TSRYS5802849,D,S,D,2024-07-30,1000000.00,4.423927,103.3046875
08:00:30,912810UA4,TSRYS5802849,D,S,D,2024-07-30,1000000.00,4.422305,103.33203125
08:00:30,912810UA4,TSRYS5802849,D,S,D,2024-07-30,1000000.00,4.423231,103.31640625
08:00:30,912810UA4,TSRYS5802849,D,S,D,2024-07-30,1000000.00,4.425781,103.2734375
08:00:30,912810UA4,TSRYS5802849,D,S,D,2024-07-30,1000000.00,4.426476,103.26171875
08:00:30,912810UA4,TSRYS5802849,D,S,D,2024-07-30,1000000.00,4.428564,103.2265625
08:00:30,912810UA4,TSRYS5802849,D,S,D,2024-07-30,1000000.00,4.429028,103.21875
08:00:30,912810UA4,TSRYS5802849,D,S,D,2024-07-30,1000000.00,4.428448,103.228515625
08:00:30,912810UA4,TSRYS5802849,D,S,D,2024-07-30,1000000.00,4.421494,103.345703125
08:00:30,912810UA4,TSRYS5802849,D,S,D,2024-07-30,1000000.00,4.435994,103.1015625
08:00:30,912810UA4,TSRYS5802849,D,S,D,2024-07-30,1000000.00,4.435762,103.10546875
08:00:30,912810UA4,TSRYS5802849,D,S,D,2024-07-30,1000000.00,4.4346,103.125
08:00:30,912810UA4,TSRYS5802849,D,S,D,2024-07-30,1000000.00,4.4346,103.125
08:00:30,912810UA4,TSRYS5802849,D,S,D,2024-07-30,1000000.00,4.4346,103.125
08:00:30,912810UA4,TSRYS5802849,D,S,D,2024-07-30,1000000.00,4.4346,103.125
08:00:30,912810UA4,TSRYS5802849,D,S,D,2024-07-30,1000000.00,4.434368,103.12890625
08:00:30,912810UA4,TSRYS5802849,D,S,D,2024-07-30,1000000.00,4.434368,103.12890625
08:00:30,912810UA4,TSRYS5802849,D,S,D,2024-07-30,1000000.00,4.434368,103.12890625
08:00:30,912810UA4,TSRYS5802849,D,S,D,2024-07-30,1000000.00,4.434368,103.12890625
08:00:30,912810UA4,TSRYS5802849,D,S,D,2024-07-30,1000000.00,4.434368,103.12890625
08:00:30,912810UA4,TSRYS5802849,D,S,D,2024-07-30,1000000.00,4.426592,103.259765625
08:00:30,912810UA4,TSRYS5802849,D,S,D,2024-07-30,1000000.00,4.426592,103.259765625
08:00:30,912810UA4,TSRYS5802849,D,S,D,2024-07-30,1000000.00,4.427172,103.25
08:00:30,912810UA4,TSRYS5802849,D,S,D,2024-07-30,1000000.00,4.427288,103.248046875
08:00:30,912810UA4,TSRYS5802849,D,S,D,2024-07-30,1000000.00,4.421031,103.353515625
08:00:30,912810UA4,TSRYS5802849,D,S,D,2024-07-30,1000000.00,4.420568,103.361328125
08:00:30,912810UA4,TSRYS5802849,D,S,D,2024-07-30,1000000.00,4.41698,103.421875
08:00:30,912810UA4,TSRYS5802849,D,S,D,2024-07-30,2000000.00,4.416864,103.423828125
08:00:30,912810UA4,TSRYS5802849,D,S,D,2024-07-30,1000000.00,4.416864,103.423828125
08:00:30,912810UA4,TSRYS5802849,D,S,D,2024-07-30,1000000.00,4.417211,103.41796875
08:00:30,912810UA4,TSRYS5802849,D,S,D,2024-07-30,1000000.00,4.422652,103.326171875
08:00:30,912810UA4,TSRYS5802849,D,S,D,2024-07-30,1000000.00,4.422652,103.326171875
08:00:30,912810UA4,TSRYS5802849,D,S,D,2024-07-30,1000000.00,4.423231,103.31640625
08:00:30,912810UA4,TSRYS5802849,D,S,D,2024-07-30,1000000.00,4.426013,103.26953125
08:00:30,912810UA4,TSRYS5802849,D,S,D,2024-07-30,1000000.00,4.426013,103.26953125
08:00:30,912810UA4,TSRYS5802849,D,S,D,2024-07-30,1000000.00,4.426245,103.265625
08:00:30,912810UA4,TSRYS5802849,D,S,D,2024-07-30,1000000.00,4.426592,103.259765625
08:00:30,912810UA4,TSRYS5802849,D,S,D,2024-07-30,1000000.00,4.426592,103.259765625
08:00:30,912810UA4,TSRYS5802849,D,S,T,2024-07-30,1000000.00,4.423347,103.314453125
08:00:30,912810UA4,TSRYS5802849,D,S,T,2024-07-30,1000000.00,4.428448,103.228515625
08:00:30,912810UA4,TSRYS5802849,D,S,T,2024-07-30,1000000.00,4.428564,103.2265625
08:00:30,912810UA4,TSRYS5802849,D,S,T,2024-07-30,1000000.00,4.42868,103.224609375
08:00:30,912810UA4,TSRYS5802849,D,S,T,2024-07-30,1000000.00,4.428448,103.228515625
08:00:30,912810UA4,TSRYS5802849,D,S,T,2024-07-30,1000000.00,4.428332,103.23046875
08:00:30,912810UA4,TSRYS5802849,D,S,T,2024-07-30,1000000.00,4.426013,103.26953125
08:00:30,912810UA4,TSRYS5802849,D,S,T,2024-07-30,1000000.00,4.42926,103.21484375
08:00:30,912810UA4,TSRYS5802849,D,S,T,2024-07-30,1000000.00,4.429144,103.216796875
08:00:30,912810UA4,TSRYS5802849,D,S,T,2024-07-30,1000000.00,4.428216,103.232421875
08:00:30,912810UA4,TSRYS5802849,D,S,T,2024-07-30,1000000.00,4.424274,103.298828125
08:00:30,912810UA4,TSRYS5802849,D,S,T,2024-07-30,1000000.00,4.42694,103.25390625
08:00:30,912810UA4,TSRYS5802849,D,S,T,2024-07-30,1000000.00,4.42694,103.25390625
08:00:30,912810UA4,TSRYS5802849,D,S,T,2024-07-30,1000000.00,4.427868,103.23828125
08:00:30,912810UA4,TSRYS5802849,D,S,T,2024-07-30,1000000.00,4.427868,103.23828125
08:00:30,912810UA4,TSRYS5802849,D,S,T,2024-07-30,1000000.00,4.427868,103.23828125
08:00:30,912810UA4,TSRYS5802849,D,S,T,2024-07-30,1000000.00,4.427868,103.23828125
08:00:30,912810UA4,TSRYS5802849,D,S,T,2024-07-30,1000000.00,4.430188,103.19921875
08:00:30,912810UA4,TSRYS5802849,D,S,T,2024-07-30,1000000.00,4.430536,103.193359375
08:00:30,912810UA4,TSRYS5802849,D,S,T,2024-07-30,1000000.00,4.43042,103.1953125
08:00:30,912810UA4,TSRYS5802849,D,S,T,2024-07-30,1000000.00,4.43042,103.1953125
08:00:30,912810UA4,TSRYS5802849,D,S,T,2024-07-30,1000000.00,4.430536,103.193359375
08:00:30,912810UA4,TSRYS5802849,D,S,T,2024-07-30,1000000.00,4.430304,103.197265625
08:00:30,912810UA4,TSRYS5802849,D,S,T,2024-07-30,1000000.00,4.435994,103.1015625
08:00:30,912810UA4,TSRYS5802849,D,S,T,2024-07-30,1000000.00,4.437389,103.078125
08:00:30,912810UA4,TSRYS5802849,D,S,T,2024-07-30,1000000.00,4.433671,103.140625
08:00:30,912810UA4,TSRYS5802849,D,S,T,2024-07-30,1000000.00,4.431001,103.185546875
08:00:30,912810UA4,TSRYS5802849,D,S,T,2024-07-30,1000000.00,4.431349,103.1796875
08:00:30,912810UA4,TSRYS5802849,D,S,T,2024-07-30,1000000.00,4.429724,103.20703125
08:00:30,912810UA4,TSRYS5802849,D,S,T,2024-07-30,1000000.00,4.42984,103.205078125
08:00:30,912810UA4,TSRYS5802849,D,S,T,2024-07-30,1000000.00,4.429956,103.203125
08:00:30,912810UA4,TSRYS5802849,D,S,T,2024-07-30,1000000.00,4.42984,103.205078125
08:00:30,912810UA4,TSRYS5802849,D,S,T,2024-07-30,1000000.00,4.431581,103.17578125
08:00:30,912810UA4,TSRYS5802849,D,S,T,2024-07-30,1000000.00,4.43042,103.1953125
08:00:30,912810UA4,TSRYS5802849,D,S,T,2024-07-30,1000000.00,4.431465,103.177734375
08:00:30,912810UA4,TSRYS5802849,D,S,T,2024-07-30,1000000.00,4.434252,103.130859375
08:00:30,912810UA4,TSRYS5802849,D,S,T,2024-07-30,1000000.00,4.436691,103.08984375
08:00:30,912810UA4,TSRYS5802849,D,S,T,2024-07-30,1000000.00,4.434135,103.1328125
08:00:30,912810UA4,TSRYS5802849,D,S,T,2024-07-30,1000000.00,4.430188,103.19921875
08:00:30,912810UA4,TSRYS5802849,D,S,T,2024-07-30,1000000.00,4.430188,103.19921875
08:00:30,912810UA4,TSRYS5802849,D,S,T,2024-07-30,1000000.00,4.430188,103.19921875
08:00:30,912810UA4,TSRYS5802849,D,S,T,2024-07-30,1000000.00,4.4281,103.234375
08:00:30,912810UA4,TSRYS5802849,D,S,T,2024-07-30,1000000.00,4.427172,103.25
08:00:30,912810UA4,TSRYS5802849,D,S,T,2024-07-30,1000000.00,4.417558,103.412109375
08:00:30,912810UA4,TSRYS5802849,D,S,T,2024-07-30,1000000.00,4.419063,103.38671875
08:00:30,912810UA4,TSRYS5802849,D,S,T,2024-07-30,1000000.00,4.421031,103.353515625
08:00:30,912810UA4,TSRYS5802849,D,S,T,2024-07-30,1000000.00,4.417327,103.416015625
08:00:30,912810UA4,TSRYS5802849,D,S,T,2024-07-30,1000000.00,4.416864,103.423828125
08:00:30,912810UA4,TSRYS5802849,D,S,T,2024-07-30,1000000.00,4.41698,103.421875
08:00:30,912810UA4,TSRYS5802849,D,S,T,2024-07-30,1000000.00,4.420915,103.35546875
08:00:30,912810UA4,TSRYS5802849,D,S,T,2024-07-30,1000000.00,4.420799,103.357421875
08:00:30,912810UA4,TSRYS5802849,D,S,T,2024-07-30,1000000.00,4.420683,103.359375
08:00:30,912810UA4,TSRYS5802849,D,S,T,2024-07-30,1000000.00,4.42161,103.34375
08:00:30,912810UA4,TSRYS5802849,D,S,T,2024-07-30,1000000.00,4.42161,103.34375
08:00:30,912810UA4,TSRYS5802849,D,S,T,2024-07-30,1000000.00,4.421726,103.341796875
08:00:30,912810UA4,TSRYS5802849,D,S,T,2024-07-30,1000000.00,4.42161,103.34375
08:00:30,912810UA4,TSRYS5802849,D,S,T,2024-07-30,1000000.00,4.421841,103.33984375
08:00:30,912810UA4,TSRYS5802849,D,S,T,2024-07-30,1000000.00,4.421841,103.33984375
08:00:30,912810UA4,TSRYS5802849,D,S,T,2024-07-30,1000000.00,4.422189,103.333984375
08:00:30,912810UA4,TSRYS5802849,D,S,T,2024-07-30,1000000.00,4.422189,103.333984375
08:00:30,912810UA4,TSRYS5802849,D,S,T,2024-07-30,1000000.00,4.422536,103.328125
08:00:30,912810UA4,TSRYS5802849,D,S,T,2024-07-30,1000000.00,4.422536,103.328125
08:00:30,912810UA4,TSRYS5802849,D,S,T,2024-07-30,1000000.00,4.422536,103.328125
08:00:30,912810UA4,TSRYS5802849,D,S,T,2024-07-30,1000000.00,4.42242,103.330078125
08:00:30,912810UA4,TSRYS5802849,D,S,T,2024-07-30,1000000.00,4.422189,103.333984375
08:00:30,912810UA4,TSRYS5802849,D,S,T,2024-07-30,1000000.00,4.422536,103.328125
08:00:30,912810UA4,TSRYS5802849,D,S,T,2024-07-30,1000000.00,4.422768,103.32421875
08:00:30,912810UA4,TSRYS5802849,D,S,T,2024-07-30,1000000.00,4.422652,103.326171875
08:00:30,912810UA4,TSRYS5802849,D,S,T,2024-07-30,1000000.00,4.422768,103.32421875
08:00:30,912810UA4,TSRYS5802849,D,S,T,2024-07-30,1000000.00,4.422652,103.326171875
08:00:30,912810UA4,TSRYS5802849,D,S,T,2024-07-30,1000000.00,4.425201,103.283203125
08:00:30,912810UA4,TSRYS5802849,D,S,T,2024-07-30,1000000.00,4.427404,103.24609375
08:00:30,912810UA4,TSRYS5802849,D,S,T,2024-07-30,1000000.00,4.427404,103.24609375
08:00:30,912810UA4,TSRYS5802849,D,S,T,2024-07-30,1000000.00,4.427404,103.24609375
08:00:30,912810UA4,TSRYS5802849,D,S,T,2024-07-30,1000000.00,4.425781,103.2734375
08:00:30,912810UA4,TSRYS5802849,D,S,T,2024-07-30,1000000.00,4.425665,103.275390625
08:00:30,912810UA4,TSRYS5802849,D,S,T,2024-07-30,1000000.00,4.426013,103.26953125
08:00:30,912810UA4,TSRYS5802849,D,S,T,2024-07-30,1000000.00,4.425549,103.27734375
08:00:30,912810UA4,TSRYS5802849,D,S,T,2024-07-30,1000000.00,4.426013,103.26953125
08:00:30,912810UA4,TSRYS5802849,D,S,T,2024-07-30,1000000.00,4.421378,103.34765625
08:00:30,912810UA4,TSRYS5802849,D,S,T,2024-07-30,1000000.00,4.423231,103.31640625
08:00:30,912810UA4,TSRYS5802849,D,S,T,2024-07-30,1000000.00,4.422884,103.322265625
08:00:30,912810UA4,TSRYS5802849,D,S,T,2024-07-30,1000000.00,4.421378,103.34765625
08:00:30,912810UA4,TSRYS5802849,D,S,T,2024-07-30,1000000.00,4.421494,103.345703125
08:00:30,912810UA4,TSRYS5802849,D,S,T,2024-07-30,1000000.00,4.422536,103.328125
08:00:30,912810UA4,TSRYS5802849,D,S,T,2024-07-30,1000000.00,4.423463,103.3125
08:00:30,912810UA4,TSRYS5802849,D,S,T,2024-07-30,1000000.00,4.423,103.3203125
08:00:30,912810UA4,TSRYS5802849,D,S,T,2024-07-30,1000000.00,4.423811,103.306640625
08:00:30,912810UA4,TSRYS5802849,D,S,T,2024-07-30,1000000.00,4.423811,103.306640625
08:00:30,912810UA4,TSRYS5802849,D,S,T,2024-07-30,1000000.00,4.426013,103.26953125
08:00:30,912810UA4,TSRYS5802849,D,S,T,2024-07-30,1000000.00,4.425781,103.2734375
08:00:30,912810UA4,TSRYS5802849,D,S,T,2024-07-30,1000000.00,4.425781,103.2734375
08:00:30,912810UA4,TSRYS5802849,D,S,T,2024-07-30,1000000.00,4.425897,103.271484375
08:00:30,912810UA4,TSRYS5802849,D,S,T,2024-07-30,1000000.00,4.426013,103.26953125
08:00:30,912810UA4,TSRYS5802849,D,S,T,2024-07-30,1000000.00,4.426708,103.2578125
08:00:30,912810UA4,TSRYS5802849,D,S,T,2024-07-30,1000000.00,4.428796,103.22265625
08:00:30,912810UA4,TSRYS5802849,D,S,T,2024-07-30,1000000.00,4.428564,103.2265625
08:00:30,912810UA4,TSRYS5802849,D,S,T,2024-07-30,1000000.00,4.428796,103.22265625
08:00:30,912810UA4,TSRYS5802849,D,S,T,2024-07-30,1000000.00,4.425317,103.28125
08:00:30,912810UA4,TSRYS5802849,D,S,T,2024-07-30,1000000.00,4.425317,103.28125
08:00:30,912810UA4,TSRYS5802849,D,S,T,2024-07-30,1000000.00,4.425317,103.28125
08:00:30,912810UA4,TSRYS5802849,D,S,T,2024-07-30,1000000.00,4.423347,103.314453125
08:00:30,912810UA4,TSRYS5802849,D,S,T,2024-07-30,1000000.00,4.429028,103.21875
08:00:30,912810UA4,TSRYS5802849,D,S,T,2024-07-30,1000000.00,4.426245,103.265625
08:00:30,912810UA4,TSRYS5802849,D,S,T,2024-07-30,1000000.00,4.426245,103.265625
08:00:30,912810UA4,TSRYS5802849,D,S,T,2024-07-30,1000000.00,4.426245,103.265625
08:00:30,912810UA4,TSRYS5802849,D,S,T,2024-07-30,1000000.00,4.4281,103.234375
08:00:30,912810UA4,TSRYS5802849,D,S,T,2024-07-30,1000000.00,4.426361,103.263671875
08:00:30,912810UA4,TSRYS5802849,D,S,T,2024-07-30,1000000.00,4.426245,103.265625
08:00:30,912810UA4,TSRYS5802849,D,S,T,2024-07-30,1000000.00,4.426129,103.267578125
08:00:30,912810UA4,TSRYS5802849,D,S,T,2024-07-30,1000000.00,4.426013,103.26953125
08:00:30,912810UA4,TSRYS5802849,D,S,T,2024-07-30,1000000.00,4.4281,103.234375
08:00:30,912810UA4,TSRYS5802849,D,S,T,2024-07-30,1000000.00,4.4281,103.234375
08:00:30,912810UA4,TSRYS5802849,D,S,T,2024-07-30,1000000.00,4.427172,103.25
08:00:30,912810UA4,TSRYS5802849,D,S,T,2024-07-30,1000000.00,4.42926,103.21484375
08:00:30,912810UA4,TSRYS5802849,D,S,T,2024-07-30,1000000.00,4.42439,103.296875
08:00:31,912810UA4,TSRYS5802849,D,S,T,2024-07-30,1000000.00,4.42439,103.296875
08:00:31,912810UA4,TSRYS5802849,D,S,T,2024-07-30,1000000.00,4.42439,103.296875
08:00:31,912810UA4,TSRYS5802849,D,S,T,2024-07-30,1000000.00,4.42439,103.296875
08:00:31,912810UA4,TSRYS5802849,D,S,T,2024-07-30,1000000.00,4.42439,103.296875
08:00:31,912810UA4,TSRYS5802849,D,S,T,2024-07-30,1000000.00,4.42439,103.296875
08:00:31,912810UA4,TSRYS5802849,D,S,T,2024-07-30,1000000.00,4.423463,103.3125
08:00:31,912810UA4,TSRYS5802849,D,S,T,2024-07-30,1000000.00,4.42439,103.296875
08:00:31,912810UA4,TSRYS5802849,D,S,T,2024-07-30,1000000.00,4.423463,103.3125
08:00:31,912810UA4,TSRYS5802849,D,S,T,2024-07-30,1000000.00,4.419757,103.375
08:00:31,912810UA4,TSRYS5802849,D,S,T,2024-07-30,1000000.00,4.419757,103.375
08:00:31,912810UA4,TSRYS5802849,D,S,T,2024-07-30,1000000.00,4.423,103.3203125
08:00:31,912810UA4,TSRYS5802849,D,S,T,2024-07-30,1000000.00,4.42439,103.296875
08:00:31,912810UA4,TSRYS5802849,D,S,T,2024-07-30,1000000.00,4.42439,103.296875
08:00:31,912810UA4,TSRYS5802849,D,S,T,2024-07-30,1000000.00,4.42439,103.296875
08:00:31,912810UA4,TSRYS5802849,D,S,T,2024-07-30,1000000.00,4.42439,103.296875
08:00:31,912810UA4,TSRYS5802849,D,S,T,2024-07-30,1000000.00,4.42439,103.296875
08:00:31,912810UA4,TSRYS5802849,D,S,T,2024-07-30,1000000.00,4.42439,103.296875
08:00:31,912810UA4,TSRYS5802849,D,S,T,2024-07-30,1000000.00,4.423579,103.310546875
08:00:31,912810UA4,TSRYS5802849,D,S,T,2024-07-30,1000000.00,4.42439,103.296875
08:00:31,912810UA4,TSRYS5802849,D,S,T,2024-07-30,1000000.00,4.426245,103.265625
08:00:31,912810UA4,TSRYS5802849,D,S,T,2024-07-30,1000000.00,4.425317,103.28125
08:00:31,912810UA4,TSRYS5802849,D,S,T,2024-07-30,2000000.00,4.4281,103.234375
08:00:31,912810UA4,TSRYS5802849,D,S,T,2024-07-30,1000000.00,4.4281,103.234375
08:00:31,912810UA4,TSRYS5802849,D,S,T,2024-07-30,1000000.00,4.433671,103.140625
08:00:31,912810UA4,TSRYS5802849,D,S,T,2024-07-30,1000000.00,4.433671,103.140625
08:00:31,912810UA4,TSRYS5802849,D,S,T,2024-07-30,1000000.00,4.433671,103.140625
08:00:31,912810UA4,TSRYS5802849,D,S,T,2024-07-30,1000000.00,4.425317,103.28125
08:00:31,912810UA4,TSRYS5802849,D,S,T,2024-07-30,1000000.00,4.425317,103.28125
08:00:31,912810UA4,TSRYS5802849,D,S,T,2024-07-30,1000000.00,4.425317,103.28125
08:00:31,912810UA4,TSRYS5802849,D,S,T,2024-07-30,1000000.00,4.426245,103.265625
08:00:31,912810UA4,TSRYS5802849,D,S,T,2024-07-30,2000000.00,4.430885,103.1875
08:00:31,912810UA4,TSRYS5802849,D,S,T,2024-07-30,1000000.00,4.430885,103.1875
08:00:31,912810UA4,TSRYS5802849,D,S,T,2024-07-30,2000000.00,4.430885,103.1875
08:00:31,912810UA4,TSRYS5802849,D,S,T,2024-07-30,1000000.00,4.429028,103.21875
08:00:31,912810UA4,TSRYS5802849,D,S,T,2024-07-30,1000000.00,4.429028,103.21875
08:00:31,912810UA4,TSRYS5802849,D,S,T,2024-07-30,1000000.00,4.429956,103.203125
08:00:31,912810UA4,TSRYS5802849,D,S,T,2024-07-30,1000000.00,4.429956,103.203125
08:00:31,912810UA4,TSRYS5802849,D,S,T,2024-07-30,1000000.00,4.431813,103.171875
08:00:31,912810UA4,TSRYS5802849,D,S,T,2024-07-30,1000000.00,4.431813,103.171875
08:00:31,912810UA4,TSRYS5802849,D,S,T,2024-07-30,1000000.00,4.432742,103.15625
08:00:31,912810UA4,TSRYS5802849,D,S,T,2024-07-30,1000000.00,4.432742,103.15625
08:00:31,912810UA4,TSRYS5802849,D,S,T,2024-07-30,1000000.00,4.433671,103.140625
08:00:31,912810UA4,TSRYS5802849,D,S,T,2024-07-30,1000000.00,4.433671,103.140625
08:00:31,912810UA4,TSRYS5802849,D,S,T,2024-07-30,1000000.00,4.426476,103.26171875
08:00:31,912810UA4,TSRYS5802849,D,S,T,2024-07-30,1000000.00,4.425317,103.28125
08:00:31,912810UA4,TSRYS5802849,D,S,T,2024-07-30,1000000.00,4.426245,103.265625
08:00:31,912810UA4,TSRYS5802849,D,S,T,2024-07-30,1000000.00,4.426245,103.265625
08:00:31,912810UA4,TSRYS5802849,D,S,T,2024-07-30,1000000.00,4.426245,103.265625
08:00:31,912810UA4,TSRYS5802849,D,S,T,2024-07-30,1000000.00,4.430885,103.1875
08:00:31,912810UA4,TSRYS5802849,D,S,T,2024-07-30,1000000.00,4.430885,103.1875
08:00:31,912810UA4,TSRYS5802849,D,S,T,2024-07-30,1000000.00,4.427868,103.23828125
08:00:31,912810UA4,TSRYS5802849,D,S,T,2024-07-30,1000000.00,4.427984,103.236328125
08:00:31,912810UA4,TSRYS5802849,D,S,T,2024-07-30,1000000.00,4.427868,103.23828125
08:00:31,912810UA4,TSRYS5802849,D,S,T,2024-07-30,1000000.00,4.427984,103.236328125
08:00:31,912810UA4,TSRYS5802849,D,S,T,2024-07-30,1000000.00,4.429028,103.21875
08:00:31,912810UA4,TSRYS5802849,D,S,T,2024-07-30,1000000.00,4.429028,103.21875
08:00:31,912810UA4,TSRYS5802849,D,S,T,2024-07-30,1000000.00,4.429028,103.21875
08:00:31,912810UA4,TSRYS5802849,D,S,T,2024-07-30,1000000.00,4.429956,103.203125
08:00:31,912810UA4,TSRYS5802849,D,S,T,2024-07-30,1000000.00,4.430536,103.193359375
08:00:31,912810UA4,TSRYS5802849,D,S,T,2024-07-30,1000000.00,4.430652,103.19140625
08:00:31,912810UA4,TSRYS5802849,D,S,T,2024-07-30,1000000.00,4.43042,103.1953125
08:00:31,912810UA4,TSRYS5802849,D,S,T,2024-07-30,1000000.00,4.43042,103.1953125
08:00:31,912810UA4,TSRYS5802849,D,S,T,2024-07-30,1000000.00,4.43042,103.1953125
08:00:31,912810UA4,TSRYS5802849,D,S,T,2024-07-30,1000000.00,4.43042,103.1953125
08:00:31,912810UA4,TSRYS5802849,D,S,T,2024-07-30,1000000.00,4.430536,103.193359375
08:00:31,912810UA4,TSRYS5802849,D,S,T,2024-07-30,1000000.00,4.430885,103.1875
08:00:31,912810UA4,TSRYS5802849,D,S,T,2024-07-30,1000000.00,4.430885,103.1875
08:00:31,912810UA4,TSRYS5802849,D,S,T,2024-07-30,1000000.00,4.429956,103.203125
08:00:31,912810UA4,TSRYS5802849,D,S,T,2024-07-30,1000000.00,4.429956,103.203125
08:00:31,912810UA4,TSRYS5802849,D,S,T,2024-07-30,1000000.00,4.429956,103.203125
08:00:31,912810UA4,TSRYS5802849,D,S,T,2024-07-30,1000000.00,4.429956,103.203125
08:00:31,912810UA4,TSRYS5802849,D,S,T,2024-07-30,1000000.00,4.429956,103.203125
08:00:31,912810UA4,TSRYS5802849,D,S,T,2024-07-30,1000000.00,4.429956,103.203125
08:00:31,912810UA4,TSRYS5802849,D,S,T,2024-07-30,1000000.00,4.429956,103.203125
08:00:31,912810UA4,TSRYS5802849,D,S,T,2024-07-30,1000000.00,4.429956,103.203125
08:00:31,912810UA4,TSRYS5802849,D,S,T,2024-07-30,1000000.00,4.429956,103.203125
08:00:31,912810UA4,TSRYS5802849,D,S,T,2024-07-30,1000000.00,4.430188,103.19921875
08:00:31,912810UA4,TSRYS5802849,D,S,T,2024-07-30,1000000.00,4.431813,103.171875
08:00:31,912810UA4,TSRYS5802849,D,S,T,2024-07-30,1000000.00,4.430885,103.1875
08:00:31,912810UA4,TSRYS5802849,D,S,T,2024-07-30,1000000.00,4.4346,103.125
08:00:31,912810UA4,TSRYS5802849,D,S,D,2024-07-30,1000000.00,4.428796,103.22265625
08:00:31,912810UA4,TSRYS5802849,D,S,T,2024-07-30,1000000.00,4.432742,103.15625
08:00:31,912810UA4,TSRYS5802849,D,S,T,2024-07-30,1000000.00,4.4346,103.125
08:00:31,912810UA4,TSRYS5802849,D,S,T,2024-07-30,1000000.00,4.435529,103.109375
08:00:31,912810UA4,TSRYS5802849,D,S,T,2024-07-30,1000000.00,4.436459,103.09375
08:00:31,912810UA4,TSRYS5802849,D,S,T,2024-07-30,1000000.00,4.436459,103.09375
08:00:31,912810UA4,TSRYS5802849,D,S,T,2024-07-30,1000000.00,4.439249,103.046875
08:00:31,912810UA4,TSRYS5802849,D,S,T,2024-07-30,1000000.00,4.440179,103.03125
08:00:31,912810UA4,TSRYS5802849,D,S,T,2024-07-30,1000000.00,4.437389,103.078125
08:00:31,912810UA4,TSRYS5802849,D,S,T,2024-07-30,1000000.00,4.437389,103.078125
08:00:31,912810UA4,TSRYS5802849,D,S,T,2024-07-30,1000000.00,4.437389,103.078125
08:00:31,912810UA4,TSRYS5802849,D,S,T,2024-07-30,1000000.00,4.437389,103.078125
08:00:31,912810UA4,TSRYS5802849,D,S,T,2024-07-30,1000000.00,4.437389,103.078125
08:00:31,912810UA4,TSRYS5802849,D,S,T,2024-07-30,1000000.00,4.437389,103.078125
08:00:31,912810UA4,TSRYS5802849,D,S,T,2024-07-30,1000000.00,4.437389,103.078125
08:00:31,912810UA4,TSRYS5802849,D,S,T,2024-07-30,1000000.00,4.437389,103.078125
08:00:31,912810UA4,TSRYS5802849,D,S,T,2024-07-30,1000000.00,4.437389,103.078125
08:00:31,912810UA4,TSRYS5802849,D,S,T,2024-07-30,1000000.00,4.437389,103.078125
08:00:31,912810UA4,TSRYS5802849,D,S,T,2024-07-30,1000000.00,4.437389,103.078125
08:00:31,912810UA4,TSRYS5802849,D,S,T,2024-07-30,1000000.00,4.437389,103.078125
08:00:31,912810UA4,TSRYS5802849,D,S,T,2024-07-30,1000000.00,4.438319,103.0625
08:00:31,912810UA4,TSRYS5802849,D,S,T,2024-07-30,1000000.00,4.438319,103.0625
08:00:31,912810UA4,TSRYS5802849,D,S,T,2024-07-30,1000000.00,4.438319,103.0625
08:00:31,912810UA4,TSRYS5802849,D,S,T,2024-07-30,1000000.00,4.433671,103.140625
08:00:31,912810UA4,TSRYS5802849,D,S,T,2024-07-30,1000000.00,4.429956,103.203125
08:00:31,912810UA4,TSRYS5802849,D,S,T,2024-07-30,1000000.00,4.429956,103.203125
08:00:31,912810UA4,TSRYS5802849,D,S,T,2024-07-30,1000000.00,4.429028,103.21875
08:00:31,912810UA4,TSRYS5802849,D,S,T,2024-07-30,1000000.00,4.429956,103.203125
08:00:31,912810UA4,TSRYS5802849,D,S,T,2024-07-30,1000000.00,4.429956,103.203125
08:00:31,912810UA4,TSRYS5802849,D,S,T,2024-07-30,1000000.00,4.429956,103.203125
08:00:31,912810UA4,TSRYS5802849,D,S,T,2024-07-30,1000000.00,4.429956,103.203125
08:00:31,912810UA4,TSRYS5802849,D,S,T,2024-07-30,1000000.00,4.429956,103.203125
08:00:31,912810UA4,TSRYS5802849,D,S,T,2024-07-30,1000000.00,4.429956,103.203125
08:00:31,912810UA4,TSRYS5802849,D,S,T,2024-07-30,1000000.00,4.429956,103.203125
08:00:31,912810UA4,TSRYS5802849,D,S,T,2024-07-30,1000000.00,4.429956,103.203125
08:00:31,912810UA4,TSRYS5802849,D,S,T,2024-07-30,1000000.00,4.429956,103.203125
08:00:31,912810UA4,TSRYS5802849,D,S,T,2024-07-30,1000000.00,4.429376,103.212890625
08:00:31,912810UA4,TSRYS5802849,D,S,T,2024-07-30,1000000.00,4.429956,103.203125
08:00:31,912810UA4,TSRYS5802849,D,S,T,2024-07-30,1000000.00,4.429956,103.203125
08:00:31,912810UA4,TSRYS5802849,D,S,T,2024-07-30,1000000.00,4.430885,103.1875
08:00:31,912810UA4,TSRYS5802849,D,S,T,2024-07-30,1000000.00,4.430536,103.193359375
08:00:31,912810UA4,TSRYS5802849,D,S,T,2024-07-30,1000000.00,4.429956,103.203125
08:00:31,912810UA4,TSRYS5802849,D,S,T,2024-07-30,1000000.00,4.430885,103.1875
08:00:31,912810UA4,TSRYS5802849,D,S,T,2024-07-30,1000000.00,4.431117,103.18359375
08:00:31,912810UA4,TSRYS5802849,D,S,T,2024-07-30,1000000.00,4.431813,103.171875
08:00:31,912810UA4,TSRYS5802849,D,S,T,2024-07-30,1000000.00,4.431813,103.171875
08:00:31,912810UA4,TSRYS5802849,D,S,T,2024-07-30,1000000.00,4.433671,103.140625
08:00:31,912810UA4,TSRYS5802849,D,S,T,2024-07-30,1000000.00,4.433671,103.140625
08:00:31,912810UA4,TSRYS5802849,D,S,T,2024-07-30,1000000.00,4.433671,103.140625
08:00:31,912810UA4,TSRYS5802849,D,S,T,2024-07-30,1000000.00,4.436459,103.09375
08:00:31,912810UA4,TSRYS5802849,D,S,T,2024-07-30,1000000.00,4.436691,103.08984375
08:00:31,912810UA4,TSRYS5802849,D,S,D,2024-07-30,1000000.00,4.434368,103.12890625
08:00:31,912810UA4,TSRYS5802849,D,S,T,2024-07-30,1000000.00,4.424274,103.298828125
08:00:31,912810UA4,TSRYS5802849,D,S,T,2024-07-30,1000000.00,4.423463,103.3125
08:00:31,912810UA4,TSRYS5802849,D,S,T,2024-07-30,1000000.00,4.425317,103.28125
08:00:31,912810UA4,TSRYS5802849,D,S,T,2024-07-30,1000000.00,4.425317,103.28125
08:00:31,912810UA4,TSRYS5802849,D,S,T,2024-07-30,1000000.00,4.425317,103.28125
08:00:31,912810UA4,TSRYS5802849,D,S,T,2024-07-30,1000000.00,4.426245,103.265625
08:00:31,912810UA4,TSRYS5802849,D,S,T,2024-07-30,1000000.00,4.426245,103.265625
08:00:31,912810UA4,TSRYS5802849,D,S,T,2024-07-30,1000000.00,4.42439,103.296875
08:00:31,912810UA4,TSRYS5802849,D,S,T,2024-07-30,1000000.00,4.424042,103.302734375
08:00:31,912810UA4,TSRYS5802849,D,S,T,2024-07-30,1000000.00,4.423115,103.318359375
08:00:31,912810UA4,TSRYS5802849,D,S,T,2024-07-30,1000000.00,4.423463,103.3125
08:00:31,912810UA4,TSRYS5802849,D,S,T,2024-07-30,1000000.00,4.423463,103.3125
08:00:31,912810UA4,TSRYS5802849,D,S,T,2024-07-30,1000000.00,4.423463,103.3125
08:00:31,912810UA4,TSRYS5802849,D,S,T,2024-07-30,1000000.00,4.425317,103.28125
08:00:31,912810UA4,TSRYS5802849,D,S,T,2024-07-30,1000000.00,4.425317,103.28125
08:00:31,912810UA4,TSRYS5802849,D,S,T,2024-07-30,1000000.00,4.424042,103.302734375
08:00:31,912810UA4,TSRYS5802849,D,S,T,2024-07-30,1000000.00,4.42439,103.296875
08:00:31,912810UA4,TSRYS5802849,D,S,T,2024-07-30,1000000.00,4.42439,103.296875
08:00:31,912810UA4,TSRYS5802849,D,S,T,2024-07-30,1000000.00,4.419757,103.375
08:00:31,912810UA4,TSRYS5802849,D,S,T,2024-07-30,1000000.00,4.420683,103.359375
08:00:31,912810UA4,TSRYS5802849,D,S,T,2024-07-30,1000000.00,4.420683,103.359375
08:00:31,912810UA4,TSRYS5802849,D,S,T,2024-07-30,1000000.00,4.420452,103.36328125
08:00:31,912810UA4,TSRYS5802849,D,S,T,2024-07-30,1000000.00,4.418021,103.404296875
08:00:31,912810UA4,TSRYS5802849,D,S,T,2024-07-30,1000000.00,4.417558,103.412109375
08:00:31,912810UA4,TSRYS5802849,D,S,T,2024-07-30,1000000.00,4.4186,103.39453125
08:00:31,912810UA4,TSRYS5802849,D,S,T,2024-07-30,1000000.00,4.418484,103.396484375
08:00:31,912810UA4,TSRYS5802849,D,S,T,2024-07-30,1000000.00,4.418368,103.3984375
08:00:31,912810UA4,TSRYS5802849,D,S,T,2024-07-30,1000000.00,4.418253,103.400390625
08:00:31,912810UA4,TSRYS5802849,D,S,T,2024-07-30,1000000.00,4.418137,103.40234375
08:00:31,912810UA4,TSRYS5802849,D,S,T,2024-07-30,1000000.00,4.418831,103.390625
08:00:31,912810UA4,TSRYS5802849,D,S,T,2024-07-30,1000000.00,4.419757,103.375
08:00:31,912810UA4,TSRYS5802849,D,S,T,2024-07-30,1000000.00,4.419757,103.375
08:00:31,912810UA4,TSRYS5802849,D,S,T,2024-07-30,1000000.00,4.419757,103.375
08:00:31,912810UA4,TSRYS5802849,D,S,T,2024-07-30,1000000.00,4.419757,103.375
08:00:31,912810UA4,TSRYS5802849,D,S,T,2024-07-30,1000000.00,4.419757,103.375
08:00:31,912810UA4,TSRYS5802849,D,S,T,2024-07-30,1000000.00,4.419757,103.375
08:00:31,912810UA4,TSRYS5802849,D,S,T,2024-07-30,1000000.00,4.419757,103.375
08:00:31,912810UA4,TSRYS5802849,D,S,T,2024-07-30,1000000.00,4.419757,103.375
08:00:31,912810UA4,TSRYS5802849,D,S,T,2024-07-30,1000000.00,4.419757,103.375
08:00:31,912810UA4,TSRYS5802849,D,S,T,2024-07-30,1000000.00,4.420683,103.359375
08:00:31,912810UA4,TSRYS5802849,D,S,T,2024-07-30,1000000.00,4.420683,103.359375
08:00:31,912810UA4,TSRYS5802849,D,S,T,2024-07-30,1000000.00,4.420683,103.359375
08:00:31,912810UA4,TSRYS5802849,D,S,T,2024-07-30,1000000.00,4.420683,103.359375
08:00:31,912810UA4,TSRYS5802849,D,S,T,2024-07-30,1000000.00,4.42161,103.34375
08:00:31,912810UA4,TSRYS5802849,D,S,T,2024-07-30,1000000.00,4.420683,103.359375
08:00:31,912810UA4,TSRYS5802849,D,S,T,2024-07-30,1000000.00,4.420683,103.359375
08:00:31,912810UA4,TSRYS5802849,D,S,T,2024-07-30,1000000.00,4.420683,103.359375
08:00:31,912810UA4,TSRYS5802849,D,S,T,2024-07-30,1000000.00,4.420683,103.359375
08:00:31,912810UA4,TSRYS5802849,D,S,T,2024-07-30,1000000.00,4.418831,103.390625
08:00:31,912810UA4,TSRYS5802849,D,S,T,2024-07-30,1000000.00,4.420336,103.365234375
08:00:31,912810UA4,TSRYS5802849,D,S,T,2024-07-30,1000000.00,4.421726,103.341796875
08:00:31,912810UA4,TSRYS5802849,D,S,T,2024-07-30,4000000.00,4.42161,103.34375
08:00:31,912810UA4,TSRYS5802849,D,S,T,2024-07-30,1000000.00,4.421726,103.341796875
08:00:31,912810UA4,TSRYS5802849,D,S,T,2024-07-30,1000000.00,4.42161,103.34375
08:00:31,912810UA4,TSRYS5802849,D,S,T,2024-07-30,1000000.00,4.42161,103.34375
08:00:31,912810UA4,TSRYS5802849,D,S,T,2024-07-30,1000000.00,4.421726,103.341796875
08:00:32,912810UA4,TSRYS5802849,D,S,T,2024-07-30,1000000.00,4.42161,103.34375
08:00:32,912810UA4,TSRYS5802849,D,S,T,2024-07-30,1000000.00,4.422189,103.333984375
08:00:32,912810UA4,TSRYS5802849,D,S,T,2024-07-30,1000000.00,4.422305,103.33203125
08:00:32,912810UA4,TSRYS5802849,D,S,T,2024-07-30,1000000.00,4.422189,103.333984375
08:00:32,912810UA4,TSRYS5802849,D,S,T,2024-07-30,1000000.00,4.422536,103.328125
08:00:32,912810UA4,TSRYS5802849,D,S,T,2024-07-30,1000000.00,4.422536,103.328125
08:00:32,912810UA4,TSRYS5802849,D,S,T,2024-07-30,1000000.00,4.422536,103.328125
08:00:32,912810UA4,TSRYS5802849,D,S,T,2024-07-30,1000000.00,4.42242,103.330078125
08:00:32,912810UA4,TSRYS5802849,D,S,T,2024-07-30,1000000.00,4.422305,103.33203125
08:00:32,912810UA4,TSRYS5802849,D,S,T,2024-07-30,1000000.00,4.422536,103.328125
08:00:32,912810UA4,TSRYS5802849,D,S,T,2024-07-30,2000000.00,4.422536,103.328125
08:00:32,912810UA4,TSRYS5802849,D,S,T,2024-07-30,1000000.00,4.422536,103.328125
08:00:32,912810UA4,TSRYS5802849,D,S,T,2024-07-30,1000000.00,4.422536,103.328125
08:00:32,912810UA4,TSRYS5802849,D,S,T,2024-07-30,1000000.00,4.422536,103.328125
08:00:32,912810UA4,TSRYS5802849,D,S,T,2024-07-30,1000000.00,4.422652,103.326171875
08:00:32,912810UA4,TSRYS5802849,D,S,T,2024-07-30,1000000.00,4.422652,103.326171875
08:00:32,912810UA4,TSRYS5802849,D,S,T,2024-07-30,1000000.00,4.423463,103.3125
08:00:32,912810UA4,TSRYS5802849,D,S,T,2024-07-30,2000000.00,4.423463,103.3125
08:00:32,912810UA4,TSRYS5802849,D,S,T,2024-07-30,1000000.00,4.42439,103.296875
08:00:32,912810UA4,TSRYS5802849,D,S,T,2024-07-30,1000000.00,4.42439,103.296875
08:00:32,912810UA4,TSRYS5802849,D,S,T,2024-07-30,1000000.00,4.42439,103.296875
08:00:32,912810UA4,TSRYS5802849,D,S,T,2024-07-30,1000000.00,4.425317,103.28125
08:00:32,912810UA4,TSRYS5802849,D,S,T,2024-07-30,1000000.00,4.42439,103.296875
08:00:32,912810UA4,TSRYS5802849,D,S,T,2024-07-30,1000000.00,4.42439,103.296875
08:00:32,912810UA4,TSRYS5802849,D,S,T,2024-07-30,1000000.00,4.423463,103.3125
08:00:32,912810UA4,TSRYS5802849,D,S,T,2024-07-30,1000000.00,4.422305,103.33203125
08:00:32,912810UA4,TSRYS5802849,D,S,T,2024-07-30,1000000.00,4.422305,103.33203125
08:00:32,912810UA4,TSRYS5802849,D,S,T,2024-07-30,1000000.00,4.422305,103.33203125
08:00:32,912810UA4,TSRYS5802849,D,S,T,2024-07-30,1000000.00,4.422536,103.328125
08:00:32,912810UA4,TSRYS5802849,D,S,T,2024-07-30,1000000.00,4.422536,103.328125
08:00:32,912810UA4,TSRYS5802849,D,S,T,2024-07-30,1000000.00,4.422536,103.328125
08:00:32,912810UA4,TSRYS5802849,D,S,T,2024-07-30,1000000.00,4.423463,103.3125
08:00:32,912810UA4,TSRYS5802849,D,S,T,2024-07-30,1000000.00,4.42161,103.34375
08:00:32,912810UA4,TSRYS5802849,D,S,T,2024-07-30,1000000.00,4.422536,103.328125
08:00:32,912810UA4,TSRYS5802849,D,S,T,2024-07-30,1000000.00,4.422536,103.328125
08:00:32,912810UA4,TSRYS5802849,D,S,T,2024-07-30,1000000.00,4.422536,103.328125
08:00:32,912810UA4,TSRYS5802849,D,S,T,2024-07-30,1000000.00,4.422536,103.328125
08:00:32,912810UA4,TSRYS5802849,D,S,T,2024-07-30,1000000.00,4.42439,103.296875
08:00:32,912810UA4,TSRYS5802849,D,S,T,2024-07-30,1000000.00,4.42439,103.296875
08:00:32,912810UA4,TSRYS5802849,D,S,T,2024-07-30,1000000.00,4.423927,103.3046875
08:00:32,912810UA4,TSRYS5802849,D,S,T,2024-07-30,1000000.00,4.423811,103.306640625
08:00:32,912810UA4,TSRYS5802849,D,S,T,2024-07-30,1000000.00,4.423695,103.30859375
08:00:32,912810UA4,TSRYS5802849,D,S,T,2024-07-30,1000000.00,4.423463,103.3125
08:00:32,912810UA4,TSRYS5802849,D,S,T,2024-07-30,1000000.00,4.423463,103.3125
08:00:32,912810UA4,TSRYS5802849,D,S,T,2024-07-30,1000000.00,4.42439,103.296875
08:00:32,912810UA4,TSRYS5802849,D,S,T,2024-07-30,1000000.00,4.42439,103.296875
08:00:32,912810UA4,TSRYS5802849,D,S,T,2024-07-30,1000000.00,4.42439,103.296875
08:00:32,912810UA4,TSRYS5802849,D,S,T,2024-07-30,1000000.00,4.42439,103.296875
08:00:32,912810UA4,TSRYS5802849,D,S,T,2024-07-30,1000000.00,4.42439,103.296875
08:00:32,912810UA4,TSRYS5802849,D,S,T,2024-07-30,1000000.00,4.42439,103.296875
08:00:32,912810UA4,TSRYS5802849,D,S,T,2024-07-30,1000000.00,4.42439,103.296875
08:00:32,912810UA4,TSRYS5802849,D,S,T,2024-07-30,1000000.00,4.42439,103.296875
08:00:32,912810UA4,TSRYS5802849,D,S,T,2024-07-30,1000000.00,4.42439,103.296875
08:00:32,912810UA4,TSRYS5802849,D,S,T,2024-07-30,1000000.00,4.426245,103.265625
08:00:32,912810UA4,TSRYS5802849,D,S,T,2024-07-30,1000000.00,4.426245,103.265625
08:00:32,912810UA4,TSRYS5802849,D,S,T,2024-07-30,1000000.00,4.426245,103.265625
08:00:32,912810UA4,TSRYS5802849,D,S,T,2024-07-30,1000000.00,4.426245,103.265625
08:00:32,912810UA4,TSRYS5802849,D,S,T,2024-07-30,1000000.00,4.426245,103.265625
08:00:32,912810UA4,TSRYS5802849,D,S,T,2024-07-30,1000000.00,4.426245,103.265625
08:00:32,912810UA4,TSRYS5802849,D,S,T,2024-07-30,1000000.00,4.4281,103.234375
08:00:32,912810UA4,TSRYS5802849,D,S,T,2024-07-30,1000000.00,4.427868,103.23828125
08:00:32,912810UA4,TSRYS5802849,D,S,T,2024-07-30,1000000.00,4.427752,103.240234375
08:00:32,912810UA4,TSRYS5802849,D,S,T,2024-07-30,1000000.00,4.4281,103.234375
08:00:32,912810UA4,TSRYS5802849,D,S,T,2024-07-30,1000000.00,4.4281,103.234375
08:00:32,912810UA4,TSRYS5802849,D,S,T,2024-07-30,1000000.00,4.4281,103.234375
08:00:32,912810UA4,TSRYS5802849,D,S,T,2024-07-30,1000000.00,4.4281,103.234375
08:00:32,912810UA4,TSRYS5802849,D,S,T,2024-07-30,1000000.00,4.427984,103.236328125
08:00:32,912810UA4,TSRYS5802849,D,S,T,2024-07-30,1000000.00,4.428796,103.22265625
08:00:32,912810UA4,TSRYS5802849,D,S,T,2024-07-30,1000000.00,4.428564,103.2265625
08:00:32,912810UA4,TSRYS5802849,D,S,T,2024-07-30,1000000.00,4.429028,103.21875
08:00:32,912810UA4,TSRYS5802849,D,S,T,2024-07-30,1000000.00,4.429028,103.21875
08:00:32,912810UA4,TSRYS5802849,D,S,T,2024-07-30,1000000.00,4.429028,103.21875
08:00:32,912810UA4,TSRYS5802849,D,S,T,2024-07-30,1000000.00,4.429028,103.21875
08:00:32,912810UA4,TSRYS5802849,D,S,T,2024-07-30,1000000.00,4.429028,103.21875
08:00:32,912810UA4,TSRYS5802849,D,S,T,2024-07-30,2000000.00,4.429028,103.21875
08:00:32,912810UA4,TSRYS5802849,D,S,T,2024-07-30,1000000.00,4.429028,103.21875
08:00:32,912810UA4,TSRYS5802849,D,S,T,2024-07-30,1000000.00,4.429028,103.21875
08:00:32,912810UA4,TSRYS5802849,D,S,T,2024-07-30,1000000.00,4.429028,103.21875
08:00:32,912810UA4,TSRYS5802849,D,S,T,2024-07-30,4000000.00,4.429028,103.21875
08:00:32,912810UA4,TSRYS5802849,D,S,T,2024-07-30,1000000.00,4.429028,103.21875
08:00:32,912810UA4,TSRYS5802849,D,S,T,2024-07-30,1000000.00,4.429028,103.21875
08:00:32,912810UA4,TSRYS5802849,D,S,T,2024-07-30,1000000.00,4.429028,103.21875
08:00:32,912810UA4,TSRYS5802849,D,S,T,2024-07-30,1000000.00,4.429028,103.21875
08:00:32,912810UA4,TSRYS5802849,D,S,T,2024-07-30,1000000.00,4.429028,103.21875
08:00:32,912810UA4,TSRYS5802849,D,S,T,2024-07-30,1000000.00,4.429028,103.21875
08:00:32,912810UA4,TSRYS5802849,D,S,A,2024-07-30,1000000.00,4.424158,103.30078125
08:00:32,912810UA4,TSRYS5802849,D,S,D,2024-07-30,1000000.00,4.422691,103.3255152209
08:00:32,912810UA4,TSRYS5802849,D,S,C,2024-07-30,27000000.00,4.425327,103.28125
08:00:32,912810UA4,TSRYS5802849,D,S,D,2024-07-30,1000000.00,4.426013,103.26953125
08:00:32,912810UA4,TSRYS5802849,D,S,D,2024-07-30,1000000.00,4.425691,103.2749528556
08:00:32,912810UA4,TSRYS5802849,D,S,D,2024-07-30,1000000.00,4.426013,103.26953125
08:00:32,912810UA4,TSRYS5802849,D,S,D,2024-07-30,1000000.00,4.426064,103.2686725485
08:00:32,912810UA4,TSRYS5802849,D,S,T,2024-07-30,1000000.00,4.425317,103.28125
08:00:32,912810UA4,TSRYS5802849,D,S,T,2024-07-30,1000000.00,4.425317,103.28125
08:00:32,912810UA4,TSRYS5802849,D,S,T,2024-07-30,1000000.00,4.423347,103.314453125
08:00:32,912810UA4,TSRYS5802849,D,S,T,2024-07-30,1000000.00,4.421262,103.349609375
08:00:32,912810UA4,TSRYS5802849,D,S,D,2024-07-30,1000000.00,4.425317,103.28125
08:00:32,912810UA4,TSRYS5802849,D,S,D,2024-07-30,1000000.00,4.422691,103.3255152209
08:00:32,912810UA4,TSRYS5802849,D,S,A,2024-07-30,5000000.00,4.423463,103.3125
08:00:32,912810UA4,TSRYS5802849,D,S,T,2024-07-30,1000000.00,4.42439,103.296875
08:00:32,912810UA4,TSRYS5802849,D,S,A,2024-07-30,5000000.00,4.427404,103.24609375
08:00:32,912810UA4,TSRYS5802849,D,S,A,2024-07-30,2000000.00,4.429028,103.21875
08:00:32,912810UA4,TSRYS5802849,D,S,A,2024-07-30,2000000.00,4.428564,103.2265625
08:00:32,912810UA4,TSRYS5802849,D,S,T,2024-07-30,1000000.00,4.425781,103.2734375
08:00:32,912810UA4,TSRYS5802849,D,S,T,2024-07-30,2000000.00,4.430188,103.19921875
08:00:32,912810UA4,TSRYS5802849,D,S,T,2024-07-30,1000000.00,4.429956,103.203125
08:00:32,912810UA4,TSRYS5802849,D,S,T,2024-07-30,2000000.00,4.430885,103.1875
08:00:32,912810UA4,TSRYS5802849,D,S,A,2024-07-30,2000000.00,4.427636,103.2421875
08:00:32,912810UA4,TSRYS5802849,D,S,A,2024-07-30,2000000.00,4.429028,103.21875
08:00:32,912810UA4,TSRYS5802849,D,S,D,2024-07-30,1000000.00,4.424437,103.2960836476
08:00:32,912810UA4,TSRYS5802849,D,S,D,2024-07-30,1000000.00,4.4281,103.234375
08:00:32,912810UA4,TSRYS5802849,D,S,T,2024-07-30,1000000.00,4.42439,103.296875
08:00:32,912810UA4,TSRYS5802849,D,S,C,2024-07-30,1000000.00,4.4346,103.125
08:00:32,912810UA4,TSRYS5802849,D,S,A,2024-07-30,5000000.00,4.432742,103.15625
08:00:32,912810UA4,TSRYS5802849,D,S,A,2024-07-30,2000000.00,4.436459,103.09375
08:00:32,912810UA4,TSRYS5802849,D,B,A,2024-07-30,10000000.00,4.437389,103.078125
08:00:32,912810UA4,TSRYS5802849,D,B,A,2024-07-30,5000000.00,4.437389,103.078125
08:00:32,912810UA4,TSRYS5802849,D,S,C,2024-07-30,2000000.00,4.436924,103.0859375
08:00:32,912810UA4,TSRYS5802849,D,S,T,2024-07-30,1000000.00,4.437738,103.072265625
08:00:32,912810UA4,TSRYS5802849,D,S,T,2024-07-30,1000000.00,4.435762,103.10546875
08:00:32,912810UA4,TSRYS5802849,D,S,T,2024-07-30,1000000.00,4.436924,103.0859375
08:00:32,912810UA4,TSRYS5802849,D,S,T,2024-07-30,1000000.00,4.428796,103.22265625
08:00:32,912810UA4,TSRYS5802849,D,S,A,2024-07-30,150000.00,4.437156,103.08203125
08:00:32,912810UA4,TSRYS5802849,D,S,T,2024-07-30,1000000.00,4.436459,103.09375
08:00:32,912810UA4,TSRYS5802849,D,S,D,2024-07-30,1000000.00,4.435529,103.109375
08:00:32,912810UA4,TSRYS5802849,D,S,D,2024-07-30,1000000.00,4.435529,103.109375
08:00:32,912810UA4,TSRYS5802849,D,S,D,2024-07-30,1000000.00,4.435529,103.109375
08:00:32,912810UA4,TSRYS5802849,D,S,A,2024-07-30,1540000.00,4.437389,103.078125
08:00:32,912810UA4,TSRYS5802849,D,B,A,2024-07-30,1000000.00,4.435529,103.109375
08:00:32,912810UA4,TSRYS5802849,D,S,T,2024-07-30,1000000.00,4.434484,103.126953125
08:00:32,912810UA4,TSRYS5802849,D,S,C,2024-07-30,73000.00,4.4325,103.16015625
08:00:32,912810UA4,TSRYS5802849,D,S,T,2024-07-30,1000000.00,4.431349,103.1796875
08:00:32,912810UA4,TSRYS5802849,D,S,T,2024-07-30,1000000.00,4.430885,103.1875
08:00:32,912810UA4,TSRYS5802849,D,S,T,2024-07-30,1000000.00,4.430188,103.19921875
08:00:32,912810UA4,TSRYS5802849,D,S,T,2024-07-30,1000000.00,4.429724,103.20703125
08:00:32,912810UA4,TSRYS5802849,D,S,C,2024-07-30,400000.00,4.428332,103.23046875
08:00:32,912810UA4,TSRYS5802849,D,S,T,2024-07-30,1000000.00,4.428796,103.22265625
08:00:32,912810UA4,TSRYS5802849,D,S,D,2024-07-30,1000000.00,4.428912,103.220703125
08:00:32,912810UA4,TSRYS5802849,D,S,T,2024-07-30,1000000.00,4.419757,103.375
08:00:32,912810UA4,TSRYS5802849,D,S,T,2024-07-30,1000000.00,4.418831,103.390625
08:00:32,912810UA4,TSRYS5802849,D,S,T,2024-07-30,1000000.00,4.417905,103.40625
08:00:32,912810UA4,TSRYS5802849,D,S,T,2024-07-30,1000000.00,4.417905,103.40625
08:00:32,912810UA4,TSRYS5802849,D,S,T,2024-07-30,1000000.00,4.417905,103.40625
08:00:32,912810UA4,TSRYS5802849,D,S,T,2024-07-30,1000000.00,4.41698,103.421875
08:00:32,912810UA4,TSRYS5802849,D,S,D,2024-07-30,1000000.00,4.420683,103.359375
08:00:32,912810UA4,TSRYS5802849,D,S,D,2024-07-30,1000000.00,4.419757,103.375
08:00:32,912810UA4,TSRYS5802849,D,S,D,2024-07-30,1000000.00,4.418831,103.390625
08:00:32,912810UA4,TSRYS5802849,D,S,D,2024-07-30,1000000.00,4.417905,103.40625
08:00:32,912810UA4,TSRYS5802849,D,S,D,2024-07-30,1000000.00,4.417905,103.40625
08:00:32,912810UA4,TSRYS5802849,D,S,D,2024-07-30,1000000.00,4.417905,103.40625
08:00:32,912810UA4,TSRYS5802849,D,S,D,2024-07-30,1000000.00,4.417905,103.40625
08:00:32,912810UA4,TSRYS5802849,D,S,D,2024-07-30,1000000.00,4.41698,103.421875
08:00:32,912810UA4,TSRYS5802849,D,S,D,2024-07-30,1000000.00,4.42161,103.34375
08:00:32,912810UA4,TSRYS5802849,D,S,A,2024-07-30,1000000.00,4.424622,103.29296875
08:00:32,912810UA4,TSRYS5802849,D,S,D,2024-07-30,1000000.00,4.423463,103.3125
08:00:32,912810UA4,TSRYS5802849,D,S,D,2024-07-30,1000000.00,4.423463,103.3125
08:00:32,912810UA4,TSRYS5802849,D,S,D,2024-07-30,1000000.00,4.422536,103.328125
08:00:32,912810UA4,TSRYS5802849,D,S,D,2024-07-30,1000000.00,4.42161,103.34375
08:00:32,912810UA4,TSRYS5802849,D,S,D,2024-07-30,1000000.00,4.42161,103.34375
08:00:32,912810UA4,TSRYS5802849,D,S,D,2024-07-30,1000000.00,4.420683,103.359375
08:00:32,912810UA4,TSRYS5802849,D,S,D,2024-07-30,1000000.00,4.423463,103.3125
08:00:32,912810UA4,TSRYS5802849,D,S,D,2024-07-30,1000000.00,4.42161,103.34375
08:00:32,912810UA4,TSRYS5802849,D,S,D,2024-07-30,1000000.00,4.423463,103.3125
08:00:32,912810UA4,TSRYS5802849,D,S,D,2024-07-30,1000000.00,4.425317,103.28125
08:00:32,912810UA4,TSRYS5802849,D,S,T,2024-07-30,1000000.00,4.423463,103.3125
08:00:32,912810UA4,TSRYS5802849,D,S,T,2024-07-30,1000000.00,4.422536,103.328125
08:00:32,912810UA4,TSRYS5802849,D,S,T,2024-07-30,1000000.00,4.42161,103.34375
08:00:32,912810UA4,TSRYS5802849,D,S,T,2024-07-30,1000000.00,4.42161,103.34375
08:00:32,912810UA4,TSRYS5802849,D,S,T,2024-07-30,1000000.00,4.420683,103.359375
08:00:32,912810UA4,TSRYS5802849,D,S,T,2024-07-30,1000000.00,4.423463,103.3125
08:00:32,912810UA4,TSRYS5802849,D,S,T,2024-07-30,1000000.00,4.42161,103.34375
08:00:32,912810UA4,TSRYS5802849,D,S,T,2024-07-30,1000000.00,4.423463,103.3125
08:00:32,912810UA4,TSRYS5802849,D,S,T,2024-07-30,1000000.00,4.425317,103.28125
08:00:33,912810UA4,TSRYS5802849,D,S,A,2024-07-30,500000.00,4.438319,103.0625
08:00:33,912810UA4,TSRYS5802849,D,S,T,2024-07-30,1000000.00,4.42439,103.296875
08:00:33,912810UA4,TSRYS5802849,D,S,A,2024-07-30,1600000.00,4.438319,103.0625
08:00:33,912810UA4,TSRYS5802849,D,S,D,2024-07-30,7000000.00,4.436691,103.08984375
08:00:33,912810UA4,TSRYS5802849,D,S,D,2024-07-30,11000000.00,4.436459,103.09375
08:00:33,912810UA4,TSRYS5802849,D,S,D,2024-07-30,2000000.00,4.433206,103.1484375
08:00:33,912810UA4,TSRYS5802849,D,S,D,2024-07-30,16000000.00,4.433439,103.14453125
08:00:34,912810UA4,TSRYS5802849,D,S,D,2024-07-30,1000000.00,4.421146,103.3515625
08:00:35,912810UA4,TSRYS5802849,D,S,T,2024-07-30,1000000.00,4.42439,103.296875
08:00:35,912810UA4,TSRYS5802849,D,S,T,2024-07-30,2000000.00,4.42439,103.296875
08:00:35,912810UA4,TSRYS5802849,D,S,D,2024-07-30,1000000.00,4.418368,103.3984375
08:00:35,912810UA4,TSRYS5802849,D,S,D,2024-07-30,1000000.00,4.41698,103.421875
08:00:37,912810UA4,TSRYS5802849,D,S,T,2024-07-30,1000000.00,4.42439,103.296875
08:00:37,912810UA4,TSRYS5802849,D,S,T,2024-07-30,2000000.00,4.42439,103.296875
08:00:38,912810UA4,TSRYS5802849,D,S,D,2024-07-30,1000000.00,4.419757,103.375
08:00:38,912810UA4,TSRYS5802849,D,B,C,2024-07-30,1000000.00,4.419757,103.375
08:00:38,912810UA4,TSRYS5802849,D,S,D,2024-07-30,1000000.00,4.422305,103.33203125
08:00:38,912810UA4,TSRYS5802849,D,S,D,2024-07-30,3000000.00,4.42161,103.34375
08:00:38,912810UA4,TSRYS5802849,D,S,D,2024-07-30,1000000.00,4.421841,103.33984375
08:00:38,912810UA4,TSRYS5802849,D,S,D,2024-07-30,1000000.00,4.421841,103.33984375
08:00:38,912810UA4,TSRYS5802849,D,S,D,2024-07-30,1000000.00,4.422536,103.328125
08:00:38,912810UA4,TSRYS5802849,D,B,C,2024-07-30,1000000.00,4.422536,103.328125
08:00:38,912810UA4,TSRYS5802849,D,S,D,2024-07-30,1000000.00,4.422536,103.328125
08:00:38,912810UA4,TSRYS5802849,D,B,C,2024-07-30,1000000.00,4.422536,103.328125
08:00:38,912810UA4,TSRYS5802849,D,S,D,2024-07-30,1000000.00,4.422536,103.328125
08:00:38,912810UA4,TSRYS5802849,D,B,C,2024-07-30,1000000.00,4.422536,103.328125
08:00:38,912810UA4,TSRYS5802849,D,S,D,2024-07-30,1000000.00,4.422768,103.32421875
08:00:39,912810UA4,TSRYS5802849,D,S,T,2024-07-30,1000000.00,4.428796,103.22265625
08:00:39,912810UA4,TSRYS5802849,D,S,D,2024-07-30,1000000.00,4.422768,103.32421875
08:00:39,912810UA4,TSRYS5802849,D,S,T,2024-07-30,1000000.00,4.426245,103.265625
08:00:39,912810UA4,TSRYS5802849,D,S,T,2024-07-30,1000000.00,4.426245,103.265625
08:00:39,912810UA4,TSRYS5802849,D,S,T,2024-07-30,1000000.00,4.4281,103.234375
08:00:39,912810UA4,TSRYS5802849,D,S,T,2024-07-30,1000000.00,4.429144,103.216796875
08:00:39,912810UA4,TSRYS5802849,D,S,T,2024-07-30,1000000.00,4.424158,103.30078125
08:00:40,912810UA4,TSRYS5802849,D,S,T,2024-07-30,1000000.00,4.42439,103.296875
08:00:40,912810UA4,TSRYS5802849,D,S,D,2024-07-30,1000000.00,4.421841,103.33984375
08:00:40,912810UA4,TSRYS5802849,D,S,D,2024-07-30,1000000.00,4.420683,103.359375
08:00:40,912810UA4,TSRYS5802849,D,S,D,2024-07-30,1000000.00,4.427172,103.25
08:00:41,912810UA4,TSRYS5802849,D,S,D,2024-07-30,1000000.00,4.425317,103.28125
08:00:41,912810UA4,TSRYS5802849,D,B,C,2024-07-30,1000000.00,4.425317,103.28125
08:00:41,912810UA4,TSRYS5802849,D,S,D,2024-07-30,1000000.00,4.425317,103.28125
08:00:41,912810UA4,TSRYS5802849,D,B,C,2024-07-30,1000000.00,4.425317,103.28125
08:00:41,912810UA4,TSRYS5802849,D,B,C,2024-07-30,1000000.00,4.425317,103.28125
08:00:41,912810UA4,TSRYS5802849,D,S,D,2024-07-30,1000000.00,4.425317,103.28125
08:00:41,912810UA4,TSRYS5802849,D,S,D,2024-07-30,1000000.00,4.426245,103.265625
08:00:41,912810UA4,TSRYS5802849,D,S,D,2024-07-30,1000000.00,4.426013,103.26953125
08:00:41,912810UA4,TSRYS5802849,D,S,D,2024-07-30,1000000.00,4.427172,103.25
08:00:41,912810UA4,TSRYS5802849,D,B,C,2024-07-30,1000000.00,4.427172,103.25
08:00:41,912810UA4,TSRYS5802849,D,S,C,2024-07-30,111000.00,4.435041,103.1175875
08:00:41,912810UA4,TSRYS5802849,D,S,C,2024-07-30,111000.00,4.434112,103.1332125
08:00:42,912810UA4,TSRYS5802849,D,S,T,2024-07-30,1000000.00,4.42439,103.296875
08:00:42,912810UA4,TSRYS5802849,D,S,A,2024-07-30,10000000.00,4.431823,103.171875
08:00:42,912810UA4,TSRYS5802849,D,S,D,2024-07-30,12000000.00,4.426657,103.258680556
08:00:42,912810UA4,TSRYS5802849,D,B,A,2024-07-30,2700000.00,4.431813,103.171875
08:00:42,912810UA4,TSRYS5802849,D,S,D,2024-07-30,1000000.00,4.427404,103.24609375
08:00:42,912810UA4,TSRYS5802849,D,S,D,2024-07-30,1000000.00,4.425781,103.2734375
08:00:42,912810UA4,TSRYS5802849,D,S,D,2024-07-30,1000000.00,4.423927,103.3046875
08:00:42,912810UA4,TSRYS5802849,D,S,D,2024-07-30,1000000.00,4.423695,103.30859375
08:00:42,912810UA4,TSRYS5802849,D,S,T,2024-07-30,1000000.00,4.430885,103.1875
08:00:42,912810UA4,TSRYS5802849,D,S,T,2024-07-30,1000000.00,4.431001,103.185546875
08:00:42,912810UA4,TSRYS5802849,D,S,D,2024-07-30,1000000.00,4.423695,103.30859375
08:00:42,912810UA4,TSRYS5802849,D,S,D,2024-07-30,1000000.00,4.42161,103.34375
08:00:43,912810UA4,TSRYS5802849,D,S,D,2024-07-30,1000000.00,4.42439,103.296875
08:00:43,912810UA4,TSRYS5802849,D,S,D,2024-07-30,1000000.00,4.429492,103.2109375
08:00:43,912810UA4,TSRYS5802849,D,S,D,2024-07-30,3000000.00,4.43052,103.193638393
08:00:43,912810UA4,TSRYS5802849,D,S,A,2024-07-30,150000.00,4.437854,103.0703125
08:00:44,912810UA4,TSRYS5802849,D,S,D,2024-07-30,1000000.00,4.435646,103.107421875
08:00:44,912810UA4,TSRYS5802849,D,S,D,2024-07-30,1000000.00,4.425781,103.2734375
08:00:44,912810UA4,TSRYS5802849,D,S,D,2024-07-30,1000000.00,4.425549,103.27734375
08:00:44,912810UA4,TSRYS5802849,D,S,C,2024-07-30,222000.00,4.435273,103.11368125
08:00:44,912810UA4,TSRYS5802849,D,S,D,2024-07-30,111000.00,4.435041,103.1175875
08:00:44,912810UA4,TSRYS5802849,D,S,D,2024-07-30,111000.00,4.434112,103.1332125
08:00:45,912810UA4,TSRYS5802849,D,S,D,2024-07-30,20000000.00,4.427702,103.241071429
08:00:46,912810UA4,TSRYS5802849,D,S,D,2024-07-30,3000000.00,4.423463,103.3125
08:00:46,912810UA4,TSRYS5802849,D,S,D,2024-07-30,1000000.00,4.428564,103.2265625
08:00:46,912810UA4,TSRYS5802849,D,S,D,2024-07-30,1000000.00,4.428564,103.2265625
08:00:46,912810UA4,TSRYS5802849,D,S,D,2024-07-30,1000000.00,4.428796,103.22265625
08:00:46,912810UA4,TSRYS5802849,D,S,D,2024-07-30,2000000.00,4.429028,103.21875
08:00:46,912810UA4,TSRYS5802849,D,S,C,2024-07-30,350000.00,4.42926,103.21484375
08:00:46,912810UA4,TSRYS5802849,D,S,T,2024-07-30,1000000.00,4.419757,103.375
08:00:46,912810UA4,TSRYS5802849,D,S,T,2024-07-30,9500000.00,4.412355,103.5
08:00:46,912810UA4,TSRYS5802849,D,S,T,2024-07-30,1000000.00,4.427404,103.24609375
08:00:46,912810UA4,TSRYS5802849,D,S,D,2024-07-30,15000000.00,4.421841,103.33984375
08:00:47,912810UA4,TSRYS5802849,D,S,D,2024-07-30,10000000.00,4.421378,103.34765625
08:00:47,912810UA4,TSRYS5802849,D,S,D,2024-07-30,5000000.00,4.428763,103.223214286
08:00:48,912810UA4,TSRYS5802849,D,S,T,2024-07-30,1000000.00,4.426245,103.265625
08:00:48,912810UA4,TSRYS5802849,D,S,T,2024-07-30,1000000.00,4.4281,103.234375
08:00:48,912810UA4,TSRYS5802849,D,S,T,2024-07-30,1000000.00,4.4281,103.234375
08:00:48,912810UA4,TSRYS5802849,D,S,T,2024-07-30,1000000.00,4.42868,103.224609375
08:00:48,912810UA4,TSRYS5802849,D,S,T,2024-07-30,1000000.00,4.429028,103.21875
08:00:48,912810UA4,TSRYS5802849,D,S,T,2024-07-30,1000000.00,4.426245,103.265625
08:00:48,912810UA4,TSRYS5802849,D,S,A,2024-07-30,115000.00,4.42439,103.296875
08:00:48,912810UA4,TSRYS5802849,D,S,T,2024-07-30,1000000.00,4.423927,103.3046875
08:00:48,912810UA4,TSRYS5802849,D,S,T,2024-07-30,1000000.00,4.424738,103.291015625
08:00:48,912810UA4,TSRYS5802849,D,S,T,2024-07-30,1000000.00,4.425317,103.28125
08:00:49,912810UA4,TSRYS5802849,D,S,D,2024-07-30,1000000.00,4.419757,103.375
08:00:50,912810UA4,TSRYS5802849,D,S,T,2024-07-30,1000000.00,4.427172,103.25
08:00:50,912810UA4,TSRYS5802849,D,S,D,2024-07-30,1000000.00,4.431349,103.1796875
08:00:50,912810UA4,TSRYS5802849,D,S,T,2024-07-30,1000000.00,4.431465,103.177734375
08:00:50,912810UA4,TSRYS5802849,D,S,T,2024-07-30,1000000.00,4.431349,103.1796875
08:00:50,912810UA4,TSRYS5802849,D,S,T,2024-07-30,1000000.00,4.430885,103.1875
08:00:51,912810UA4,TSRYS5802849,D,S,T,2024-07-30,1000000.00,4.427752,103.240234375
08:00:51,912810UA4,TSRYS5802849,D,S,T,2024-07-30,1000000.00,4.427984,103.236328125
08:00:51,912810UA4,TSRYS5802849,D,B,A,2024-07-30,2000000.00,4.429028,103.21875
08:00:51,912810UA4,TSRYS5802849,D,S,D,2024-07-30,2000000.00,4.428564,103.2265625
08:00:52,912810UA4,TSRYS5802849,D,S,D,2024-07-30,1000000.00,4.427868,103.23828125
08:00:52,912810UA4,TSRYS5802849,D,S,D,2024-07-30,9000000.00,4.432928,103.153125
08:00:52,912810UA4,TSRYS5802849,D,S,A,2024-07-30,2000000.00,4.435065,103.1171875
08:00:53,912810UA4,TSRYS5802849,D,S,D,2024-07-30,222000.00,4.435273,103.11368125
08:00:54,912810UA4,TSRYS5802849,D,S,D,2024-07-30,1000000.00,4.422768,103.32421875
08:00:54,912810UA4,TSRYS5802849,D,B,A,2024-07-30,3000000.00,4.42161,103.34375
08:00:54,912810UA4,TSRYS5802849,D,S,T,2024-07-30,1000000.00,4.420683,103.359375
08:00:54,912810UA4,TSRYS5802849,D,S,T,2024-07-30,1000000.00,4.420915,103.35546875
08:00:55,912810UA4,TSRYS5802849,D,S,D,2024-07-30,125000.00,4.425781,103.2734375
08:00:55,912810UA4,TSRYS5802849,D,S,T,2024-07-30,9500000.00,4.412355,103.5
08:00:55,912810UA4,TSRYS5802849,D,S,T,2024-07-30,28550000.00,4.412355,103.5
08:00:55,912810UA4,TSRYS5802849,D,S,D,2024-07-30,1425000.00,4.428796,103.22265625
08:00:59,912810UA4,TSRYS5802849,D,B,A,2024-07-30,500000.00,4.427636,103.2421875
08:00:59,912810UA4,TSRYS5802849,D,S,T,2024-07-30,1000000.00,4.4281,103.234375
08:00:59,912810UA4,TSRYS5802849,D,S,T,2024-07-30,1000000.00,4.4281,103.234375
08:00:59,912810UA4,TSRYS5802849,D,S,T,2024-07-30,1000000.00,4.4281,103.234375
08:01:00,912810UA4,TSRYS5802849,D,S,T,2024-07-30,1000000.00,4.417923,103.40595
08:01:00,912810UA4,TSRYS5802849,D,S,T,2024-07-30,1000000.00,4.416998,103.421575
08:01:00,912810UA4,TSRYS5802849,D,S,T,2024-07-30,1000000.00,4.416998,103.421575
08:01:00,912810UA4,TSRYS5802849,D,S,T,2024-07-30,1000000.00,4.421627,103.34345
08:01:00,912810UA4,TSRYS5802849,D,B,C,2024-07-30,1000000.00,4.423927,103.3046875
08:01:00,912810UA4,TSRYS5802849,D,B,C,2024-07-30,1000000.00,4.424854,103.2890625
08:01:00,912810UA4,TSRYS5802849,D,S,D,2024-07-30,1000000.00,4.423463,103.3125
08:01:00,912810UA4,TSRYS5802849,D,S,D,2024-07-30,1000000.00,4.425781,103.2734375
08:01:00,912810UA4,TSRYS5802849,D,S,D,2024-07-30,1000000.00,4.425781,103.2734375
08:01:00,912810UA4,TSRYS5802849,D,S,D,2024-07-30,1000000.00,4.425781,103.2734375
08:01:00,912810UA4,TSRYS5802849,D,S,D,2024-07-30,1000000.00,4.424854,103.2890625
08:01:00,912810UA4,TSRYS5802849,D,S,D,2024-07-30,1000000.00,4.421841,103.33984375
08:01:00,912810UA4,TSRYS5802849,D,B,C,2024-07-30,1000000.00,4.421378,103.34765625
08:01:00,912810UA4,TSRYS5802849,D,S,D,2024-07-30,1000000.00,4.421378,103.34765625
08:01:00,912810UA4,TSRYS5802849,D,B,C,2024-07-30,1000000.00,4.422073,103.3359375
08:01:00,912810UA4,TSRYS5802849,D,B,C,2024-07-30,1000000.00,4.421378,103.34765625
08:01:00,912810UA4,TSRYS5802849,D,S,D,2024-07-30,1000000.00,4.421378,103.34765625
08:01:00,912810UA4,TSRYS5802849,D,S,C,2024-07-30,1000000.00,4.423231,103.31640625
08:01:00,912810UA4,TSRYS5802849,D,B,C,2024-07-30,1000000.00,4.423695,103.30859375
08:01:00,912810UA4,TSRYS5802849,D,S,D,2024-07-30,1000000.00,4.423,103.3203125
08:01:00,912810UA4,TSRYS5802849,D,S,D,2024-07-30,1000000.00,4.423695,103.30859375
08:01:00,912810UA4,TSRYS5802849,D,B,C,2024-07-30,1000000.00,4.424158,103.30078125
08:01:00,912810UA4,TSRYS5802849,D,S,D,2024-07-30,1000000.00,4.424158,103.30078125
08:01:00,912810UA4,TSRYS5802849,D,S,D,2024-07-30,1000000.00,4.42694,103.25390625
08:01:00,912810UA4,TSRYS5802849,D,B,C,2024-07-30,1000000.00,4.430652,103.19140625
08:01:00,912810UA4,TSRYS5802849,D,B,C,2024-07-30,1000000.00,4.42694,103.25390625
08:01:00,912810UA4,TSRYS5802849,D,S,D,2024-07-30,1000000.00,4.430652,103.19140625
08:01:00,912810UA4,TSRYS5802849,D,S,D,2024-07-30,1000000.00,4.429956,103.203125
08:01:00,912810UA4,TSRYS5802849,D,S,D,2024-07-30,1000000.00,4.432045,103.16796875
08:01:00,912810UA4,TSRYS5802849,D,S,D,2024-07-30,1000000.00,4.42694,103.25390625
08:01:00,912810UA4,TSRYS5802849,D,S,D,2024-07-30,1000000.00,4.431349,103.1796875
08:01:00,912810UA4,TSRYS5802849,D,S,D,2024-07-30,1000000.00,4.428332,103.23046875
08:01:00,912810UA4,TSRYS5802849,D,S,D,2024-07-30,1000000.00,4.428564,103.2265625
08:01:00,912810UA4,TSRYS5802849,D,B,A,2024-07-30,500000.00,4.420452,103.36328125
08:01:00,912810UA4,TSRYS5802849,D,S,D,2024-07-30,2000000.00,4.428564,103.2265625
08:01:00,912810UA4,TSRYS5802849,D,S,D,2024-07-30,1000000.00,4.429492,103.2109375
08:01:00,912810UA4,TSRYS5802849,D,S,D,2024-07-30,1000000.00,4.428796,103.22265625
08:01:00,912810UA4,TSRYS5802849,D,S,D,2024-07-30,1000000.00,4.428796,103.22265625
08:01:00,912810UA4,TSRYS5802849,D,S,D,2024-07-30,1000000.00,4.428564,103.2265625
08:01:00,912810UA4,TSRYS5802849,D,S,D,2024-07-30,1000000.00,4.43251,103.16015625
08:01:00,912810UA4,TSRYS5802849,D,B,C,2024-07-30,1000000.00,4.43251,103.16015625
08:01:00,912810UA4,TSRYS5802849,D,S,D,2024-07-30,2000000.00,4.434368,103.12890625
08:01:00,912810UA4,TSRYS5802849,D,S,A,2024-07-30,2000.00,4.418137,103.40234375
08:01:00,912810UA4,TSRYS5802849,D,S,D,2024-07-30,3000000.00,4.418368,103.3984375
08:01:00,912810UA4,TSRYS5802849,D,S,D,2024-07-30,1000000.00,4.435994,103.1015625
08:01:00,912810UA4,TSRYS5802849,D,S,C,2024-07-30,1000000.00,4.438086,103.06640625
08:01:00,912810UA4,TSRYS5802849,D,B,C,2024-07-30,1000000.00,4.438086,103.06640625
08:01:00,912810UA4,TSRYS5802849,D,S,D,2024-07-30,15000000.00,4.418137,103.40234375
08:01:00,912810UA4,TSRYS5802849,D,B,C,2024-07-30,1000000.00,4.438086,103.06640625
08:01:00,912810UA4,TSRYS5802849,D,B,C,2024-07-30,1000000.00,4.438086,103.06640625
08:01:00,912810UA4,TSRYS5802849,D,B,C,2024-07-30,1000000.00,4.438086,103.06640625
08:01:00,912810UA4,TSRYS5802849,D,B,C,2024-07-30,1000000.00,4.438086,103.06640625
08:01:00,912810UA4,TSRYS5802849,D,B,C,2024-07-30,1000000.00,4.438086,103.06640625
08:01:00,912810UA4,TSRYS5802849,D,B,C,2024-07-30,1000000.00,4.438086,103.06640625
08:01:00,912810UA4,TSRYS5802849,D,B,C,2024-07-30,1000000.00,4.438086,103.06640625
08:01:00,912810UA4,TSRYS5802849,D,S,D,2024-07-30,1000000.00,4.438086,103.06640625
08:01:00,912810UA4,TSRYS5802849,D,B,C,2024-07-30,1000000.00,4.438086,103.06640625
08:01:00,912810UA4,TSRYS5802849,D,S,D,2024-07-30,1000000.00,4.438086,103.06640625
08:01:00,912810UA4,TSRYS5802849,D,B,C,2024-07-30,1000000.00,4.438086,103.06640625
08:01:00,912810UA4,TSRYS5802849,D,B,C,2024-07-30,1000000.00,4.434832,103.12109375
08:01:00,912810UA4,TSRYS5802849,D,S,D,2024-07-30,1000000.00,4.438086,103.06640625
08:01:00,912810UA4,TSRYS5802849,D,S,D,2024-07-30,1000000.00,4.434832,103.12109375
08:01:00,912810UA4,TSRYS5802849,D,S,D,2024-07-30,1000000.00,4.437389,103.078125
08:01:00,912810UA4,TSRYS5802849,D,B,C,2024-07-30,1000000.00,4.429724,103.20703125
08:01:00,912810UA4,TSRYS5802849,D,B,C,2024-07-30,1000000.00,4.429956,103.203125
08:01:00,912810UA4,TSRYS5802849,D,S,D,2024-07-30,1000000.00,4.437389,103.078125
08:01:00,912810UA4,TSRYS5802849,D,B,C,2024-07-30,1000000.00,4.429492,103.2109375
08:01:00,912810UA4,TSRYS5802849,D,S,C,2024-07-30,1000000.00,4.429492,103.2109375
08:01:00,912810UA4,TSRYS5802849,D,S,D,2024-07-30,1000000.00,4.429724,103.20703125
08:01:00,912810UA4,TSRYS5802849,D,B,C,2024-07-30,1000000.00,4.429956,103.203125
08:01:00,912810UA4,TSRYS5802849,D,B,C,2024-07-30,1000000.00,4.429724,103.20703125
08:01:00,912810UA4,TSRYS5802849,D,B,C,2024-07-30,1000000.00,4.429956,103.203125
08:01:00,912810UA4,TSRYS5802849,D,S,D,2024-07-30,1000000.00,4.429492,103.2109375
08:01:00,912810UA4,TSRYS5802849,D,B,C,2024-07-30,1000000.00,4.430188,103.19921875
08:01:00,912810UA4,TSRYS5802849,D,B,C,2024-07-30,1000000.00,4.430188,103.19921875
08:01:00,912810UA4,TSRYS5802849,D,S,C,2024-07-30,1000000.00,4.430652,103.19140625
08:01:00,912810UA4,TSRYS5802849,D,B,C,2024-07-30,1000000.00,4.430652,103.19140625
08:01:00,912810UA4,TSRYS5802849,D,S,D,2024-07-30,1000000.00,4.43042,103.1953125
08:01:01,912810UA4,TSRYS5802849,D,B,C,2024-07-30,1000000.00,4.43042,103.1953125
08:01:01,912810UA4,TSRYS5802849,D,B,C,2024-07-30,1000000.00,4.430885,103.1875
08:01:01,912810UA4,TSRYS5802849,D,S,D,2024-07-30,1000000.00,4.430885,103.1875
08:01:01,912810UA4,TSRYS5802849,D,B,C,2024-07-30,1000000.00,4.43042,103.1953125
08:01:01,912810UA4,TSRYS5802849,D,S,D,2024-07-30,1000000.00,4.43042,103.1953125
08:01:01,912810UA4,TSRYS5802849,D,S,D,2024-07-30,1000000.00,4.437621,103.07421875
08:01:01,912810UA4,TSRYS5802849,D,B,C,2024-07-30,1000000.00,4.437621,103.07421875
08:01:01,912810UA4,TSRYS5802849,D,B,C,2024-07-30,1000000.00,4.43251,103.16015625
08:01:01,912810UA4,TSRYS5802849,D,S,D,2024-07-30,1000000.00,4.434135,103.1328125
08:01:01,912810UA4,TSRYS5802849,D,S,D,2024-07-30,1000000.00,4.43251,103.16015625
08:01:01,912810UA4,TSRYS5802849,D,S,D,2024-07-30,1000000.00,4.43251,103.16015625
08:01:01,912810UA4,TSRYS5802849,D,S,D,2024-07-30,1000000.00,4.430188,103.19921875
08:01:01,912810UA4,TSRYS5802849,D,S,D,2024-07-30,1000000.00,4.430188,103.19921875
08:01:01,912810UA4,TSRYS5802849,D,B,C,2024-07-30,1000000.00,4.430188,103.19921875
08:01:01,912810UA4,TSRYS5802849,D,S,D,2024-07-30,1000000.00,4.430188,103.19921875
08:01:01,912810UA4,TSRYS5802849,D,B,C,2024-07-30,1000000.00,4.430188,103.19921875
08:01:01,912810UA4,TSRYS5802849,D,B,C,2024-07-30,1000000.00,4.430188,103.19921875
08:01:01,912810UA4,TSRYS5802849,D,S,D,2024-07-30,1000000.00,4.42694,103.25390625
08:01:01,912810UA4,TSRYS5802849,D,S,D,2024-07-30,1000000.00,4.423463,103.3125
08:01:01,912810UA4,TSRYS5802849,D,B,A,2024-07-30,1000000.00,4.41698,103.421875
08:01:01,912810UA4,TSRYS5802849,D,B,A,2024-07-30,1000000.00,4.41698,103.421875
08:01:01,912810UA4,TSRYS5802849,D,B,A,2024-07-30,1000000.00,4.41698,103.421875
08:01:01,912810UA4,TSRYS5802849,D,S,T,2024-07-30,1000000.00,4.416754,103.42568125
08:01:01,912810UA4,TSRYS5802849,D,S,T,2024-07-30,1000000.00,4.41687,103.423728125
08:01:01,912810UA4,TSRYS5802849,D,S,T,2024-07-30,1000000.00,4.416986,103.421775
08:01:01,912810UA4,TSRYS5802849,D,B,A,2024-07-30,1000000.00,4.41698,103.421875
08:01:01,912810UA4,TSRYS5802849,D,S,T,2024-07-30,1000000.00,4.41687,103.423728125
08:01:01,912810UA4,TSRYS5802849,D,B,A,2024-07-30,1000000.00,4.41698,103.421875
08:01:01,912810UA4,TSRYS5802849,D,S,T,2024-07-30,1000000.00,4.417217,103.41786875
08:01:01,912810UA4,TSRYS5802849,D,S,C,2024-07-30,1000000.00,4.425549,103.27734375
08:01:01,912810UA4,TSRYS5802849,D,B,A,2024-07-30,1000000.00,4.41698,103.421875
08:01:01,912810UA4,TSRYS5802849,D,B,A,2024-07-30,1000000.00,4.41698,103.421875
08:01:01,912810UA4,TSRYS5802849,D,S,T,2024-07-30,1000000.00,4.41687,103.423728125
08:01:01,912810UA4,TSRYS5802849,D,B,A,2024-07-30,1000000.00,4.41698,103.421875
08:01:01,912810UA4,TSRYS5802849,D,S,T,2024-07-30,1000000.00,4.41687,103.423728125
08:01:01,912810UA4,TSRYS5802849,D,S,T,2024-07-30,1000000.00,4.41687,103.423728125
08:01:01,912810UA4,TSRYS5802849,D,B,A,2024-07-30,1000000.00,4.41698,103.421875
08:01:01,912810UA4,TSRYS5802849,D,S,T,2024-07-30,1000000.00,4.416754,103.42568125
08:01:01,912810UA4,TSRYS5802849,D,S,D,2024-07-30,3000000.00,4.423463,103.3125
08:01:01,912810UA4,TSRYS5802849,D,B,A,2024-07-30,1000000.00,4.41698,103.421875
08:01:01,912810UA4,TSRYS5802849,D,S,T,2024-07-30,1000000.00,4.41687,103.423728125
08:01:01,912810UA4,TSRYS5802849,D,S,D,2024-07-30,1000000.00,4.424158,103.30078125
08:01:01,912810UA4,TSRYS5802849,D,B,A,2024-07-30,1000000.00,4.41698,103.421875
08:01:01,912810UA4,TSRYS5802849,D,S,D,2024-07-30,2000000.00,4.422536,103.328125
08:01:01,912810UA4,TSRYS5802849,D,S,D,2024-07-30,1000000.00,4.422768,103.32421875
08:01:01,912810UA4,TSRYS5802849,D,S,D,2024-07-30,1000000.00,4.421146,103.3515625
08:01:01,912810UA4,TSRYS5802849,D,B,A,2024-07-30,1000000.00,4.41698,103.421875
08:01:01,912810UA4,TSRYS5802849,D,S,D,2024-07-30,1000000.00,4.418831,103.390625
08:01:01,912810UA4,TSRYS5802849,D,B,A,2024-07-30,1000000.00,4.41698,103.421875
08:01:01,912810UA4,TSRYS5802849,D,S,T,2024-07-30,1000000.00,4.416754,103.42568125
08:01:01,912810UA4,TSRYS5802849,D,S,T,2024-07-30,1000000.00,4.41687,103.423728125
08:01:01,912810UA4,TSRYS5802849,D,S,T,2024-07-30,1000000.00,4.416986,103.421775
08:01:01,912810UA4,TSRYS5802849,D,B,A,2024-07-30,1000000.00,4.41698,103.421875
08:01:01,912810UA4,TSRYS5802849,D,S,T,2024-07-30,1000000.00,4.41687,103.423728125
08:01:01,912810UA4,TSRYS5802849,D,S,D,2024-07-30,1000000.00,4.418831,103.390625
08:01:01,912810UA4,TSRYS5802849,D,S,T,2024-07-30,1000000.00,4.424274,103.298828125
08:01:01,912810UA4,TSRYS5802849,D,S,D,2024-07-30,1000000.00,4.418831,103.390625
08:01:01,912810UA4,TSRYS5802849,D,S,D,2024-07-30,1000000.00,4.418831,103.390625
08:01:01,912810UA4,TSRYS5802849,D,S,D,2024-07-30,1000000.00,4.418831,103.390625
08:01:01,912810UA4,TSRYS5802849,D,S,D,2024-07-30,1000000.00,4.418831,103.390625
08:01:01,912810UA4,TSRYS5802849,D,S,D,2024-07-30,1000000.00,4.418831,103.390625
08:01:01,912810UA4,TSRYS5802849,D,S,D,2024-07-30,2000000.00,4.418831,103.390625
08:01:01,912810UA4,TSRYS5802849,D,S,D,2024-07-30,1000000.00,4.418831,103.390625
08:01:01,912810UA4,TSRYS5802849,D,S,D,2024-07-30,1000000.00,4.418831,103.390625
08:01:01,912810UA4,TSRYS5802849,D,S,D,2024-07-30,1000000.00,4.417443,103.4140625
08:01:01,912810UA4,TSRYS5802849,D,S,D,2024-07-30,1000000.00,4.419757,103.375
08:01:01,912810UA4,TSRYS5802849,D,S,C,2024-07-30,1000000.00,4.417211,103.41796875
08:01:01,912810UA4,TSRYS5802849,D,B,C,2024-07-30,1000000.00,4.422305,103.33203125
08:01:01,912810UA4,TSRYS5802849,D,S,D,2024-07-30,1000000.00,4.422305,103.33203125
08:01:01,912810UA4,TSRYS5802849,D,S,D,2024-07-30,1000000.00,4.422536,103.328125
08:01:04,912810UA4,TSRYS5802849,D,S,D,2024-07-30,1000000.00,4.426708,103.2578125
08:01:04,912810UA4,TSRYS5802849,D,S,D,2024-07-30,1000000.00,4.426708,103.2578125
08:01:04,912810UA4,TSRYS5802849,D,S,D,2024-07-30,1000000.00,4.42752,103.244140625
08:01:05,912810UA4,TSRYS5802849,D,S,C,2024-07-30,70000.00,4.427868,103.24542410714
08:01:06,912810UA4,TSRYS5802849,D,S,D,2024-07-30,1000000.00,4.425317,103.28125
08:01:06,912810UA4,TSRYS5802849,D,S,D,2024-07-30,1000000.00,4.425317,103.28125
08:01:06,912810UA4,TSRYS5802849,D,B,C,2024-07-30,1000000.00,4.425317,103.28125
08:01:06,912810UA4,TSRYS5802849,D,S,D,2024-07-30,1000000.00,4.425317,103.28125
08:01:07,912810UA4,TSRYS5802849,D,S,D,2024-07-30,1000000.00,4.42439,103.296875
08:01:07,912810UA4,TSRYS5802849,D,S,C,2024-07-30,1000000.00,4.425317,103.28125
08:01:08,912810UA4,TSRYS5802849,D,S,D,2024-07-30,1000000.00,4.423347,103.314453125
08:01:08,912810UA4,TSRYS5802849,D,B,A,2024-07-30,56000.00,4.43251,103.16015625
08:01:09,912810UA4,TSRYS5802849,D,S,D,2024-07-30,1000000.00,4.42439,103.296875
08:01:09,912810UA4,TSRYS5802849,D,S,D,2024-07-30,1000000.00,4.418831,103.390625
08:01:09,912810UA4,TSRYS5802849,D,S,D,2024-07-30,1000000.00,4.418831,103.390625
08:01:09,912810UA4,TSRYS5802849,D,S,D,2024-07-30,1000000.00,4.418831,103.390625
08:01:09,912810UA4,TSRYS5802849,D,S,D,2024-07-30,1000000.00,4.418831,103.390625
08:01:09,912810UA4,TSRYS5802849,D,S,D,2024-07-30,1000000.00,4.418831,103.390625
08:01:09,912810UA4,TSRYS5802849,D,S,D,2024-07-30,1000000.00,4.418831,103.390625
08:01:09,912810UA4,TSRYS5802849,D,S,D,2024-07-30,1000000.00,4.418831,103.390625
08:01:09,912810UA4,TSRYS5802849,D,S,D,2024-07-30,2000000.00,4.418831,103.390625
08:01:09,912810UA4,TSRYS5802849,D,S,D,2024-07-30,1000000.00,4.418831,103.390625
08:01:09,912810UA4,TSRYS5802849,D,S,D,2024-07-30,1000000.00,4.418831,103.390625
08:01:09,912810UA4,TSRYS5802849,D,S,D,2024-07-30,1000000.00,4.417443,103.4140625
08:01:09,912810UA4,TSRYS5802849,D,S,D,2024-07-30,1000000.00,4.4281,103.234375
08:01:09,912810UA4,TSRYS5802849,D,S,D,2024-07-30,2000000.00,4.4281,103.234375
08:01:09,912810UA4,TSRYS5802849,D,S,T,2024-07-30,1000000.00,4.429962,103.203025
08:01:09,912810UA4,TSRYS5802849,D,S,T,2024-07-30,1000000.00,4.418837,103.390525
08:01:09,912810UA4,TSRYS5802849,D,S,D,2024-07-30,1000000.00,4.424506,103.294921875
08:01:09,912810UA4,TSRYS5802849,D,S,T,2024-07-30,1000000.00,4.418837,103.390525
08:01:09,912810UA4,TSRYS5802849,D,S,T,2024-07-30,1000000.00,4.418837,103.390525
08:01:09,912810UA4,TSRYS5802849,D,S,T,2024-07-30,1000000.00,4.418837,103.390525
08:01:09,912810UA4,TSRYS5802849,D,S,T,2024-07-30,1000000.00,4.418837,103.390525
08:01:09,912810UA4,TSRYS5802849,D,S,T,2024-07-30,1000000.00,4.418837,103.390525
08:01:09,912810UA4,TSRYS5802849,D,S,T,2024-07-30,1000000.00,4.417796,103.408103125
08:01:09,912810UA4,TSRYS5802849,D,B,C,2024-07-30,2709000.00,4.417905,103.40625
08:01:09,912810UA4,TSRYS5802849,D,S,T,2024-07-30,1000000.00,4.416986,103.421775
08:01:09,912810UA4,TSRYS5802849,D,S,T,2024-07-30,1000000.00,4.416986,103.421775
08:01:09,912810UA4,TSRYS5802849,D,S,T,2024-07-30,1000000.00,4.416986,103.421775
08:01:10,912810UA4,TSRYS5802849,D,S,T,2024-07-30,1000000.00,4.42011,103.369040625
08:01:10,912810UA4,TSRYS5802849,D,S,T,2024-07-30,2000000.00,4.42011,103.369040625
08:01:10,912810UA4,TSRYS5802849,D,S,T,2024-07-30,1000000.00,4.42011,103.369040625
08:01:10,912810UA4,TSRYS5802849,D,S,T,2024-07-30,1000000.00,4.418845,103.3904
08:01:10,912810UA4,TSRYS5802849,D,S,T,2024-07-30,1000000.00,4.418845,103.3904
08:01:10,912810UA4,TSRYS5802849,D,S,T,2024-07-30,1000000.00,4.418845,103.3904
08:01:10,912810UA4,TSRYS5802849,D,S,T,2024-07-30,1000000.00,4.418845,103.3904
08:01:10,912810UA4,TSRYS5802849,D,S,T,2024-07-30,1000000.00,4.418845,103.3904
08:01:10,912810UA4,TSRYS5802849,D,S,T,2024-07-30,1000000.00,4.418845,103.3904
08:01:10,912810UA4,TSRYS5802849,D,S,T,2024-07-30,1000000.00,4.417919,103.406025
08:01:10,912810UA4,TSRYS5802849,D,S,T,2024-07-30,1000000.00,4.417919,103.406025
08:01:10,912810UA4,TSRYS5802849,D,S,T,2024-07-30,1000000.00,4.417919,103.406025
08:01:10,912810UA4,TSRYS5802849,D,S,T,2024-07-30,1000000.00,4.416993,103.42165
08:01:10,912810UA4,TSRYS5802849,D,S,T,2024-07-30,1000000.00,4.416993,103.42165
08:01:10,912810UA4,TSRYS5802849,D,S,T,2024-07-30,1000000.00,4.416993,103.42165
08:01:10,912810UA4,TSRYS5802849,D,S,T,2024-07-30,1000000.00,4.416993,103.42165
08:01:10,912810UA4,TSRYS5802849,D,S,D,2024-07-30,1000000.00,4.423695,103.30859375
08:01:10,912810UA4,TSRYS5802849,D,S,T,2024-07-30,1000000.00,4.418831,103.390625
08:01:10,912810UA4,TSRYS5802849,D,S,T,2024-07-30,1000000.00,4.418831,103.390625
08:01:10,912810UA4,TSRYS5802849,D,S,T,2024-07-30,1000000.00,4.41779,103.408203125
08:01:10,912810UA4,TSRYS5802849,D,S,T,2024-07-30,1000000.00,4.41779,103.408203125
08:01:10,912810UA4,TSRYS5802849,D,S,T,2024-07-30,1000000.00,4.417443,103.4140625
08:01:10,912810UA4,TSRYS5802849,D,S,T,2024-07-30,1000000.00,4.420104,103.369140625
08:01:10,912810UA4,TSRYS5802849,D,S,T,2024-07-30,1000000.00,4.420104,103.369140625
08:01:10,912810UA4,TSRYS5802849,D,S,T,2024-07-30,1000000.00,4.420104,103.369140625
08:01:10,912810UA4,TSRYS5802849,D,S,D,2024-07-30,2000000.00,4.423306,103.3151531
08:01:10,912810UA4,TSRYS5802849,D,S,D,2024-07-30,1000000.00,4.423422,103.3132
08:01:10,912810UA4,TSRYS5802849,D,B,C,2024-07-30,1000000.00,4.430716,103.1903369
08:01:10,912810UA4,TSRYS5802849,D,S,D,2024-07-30,1000000.00,4.424738,103.291015625
08:01:10,912810UA4,TSRYS5802849,D,B,C,2024-07-30,18750000.00,4.418896,103.389525
08:01:10,912810UA4,TSRYS5802849,D,B,C,2024-07-30,6250000.00,4.418896,103.389525
08:01:10,912810UA4,TSRYS5802849,D,S,D,2024-07-30,2000000.00,4.422536,103.328125
08:01:10,912810UA4,TSRYS5802849,D,B,C,2024-07-30,5250000.00,4.42017,103.3680406
08:01:10,912810UA4,TSRYS5802849,D,B,C,2024-07-30,1750000.00,4.42017,103.3680406
08:01:10,912810UA4,TSRYS5802849,D,B,C,2024-07-30,11250000.00,4.417454,103.413874
08:01:10,912810UA4,TSRYS5802849,D,B,C,2024-07-30,3750000.00,4.417454,103.413874
08:01:10,912810UA4,TSRYS5802849,D,B,C,2024-07-30,1000000.00,4.424738,103.291015625
08:01:11,912810UA4,TSRYS5802849,D,B,A,2024-07-30,3120000.00,4.437389,103.078125
08:01:11,912810UA4,TSRYS5802849,D,S,D,2024-07-30,1000000.00,4.423927,103.3046875
08:01:11,912810UA4,TSRYS5802849,D,S,D,2024-07-30,1000000.00,4.424738,103.291015625
08:01:11,912810UA4,TSRYS5802849,D,S,T,2024-07-30,1000000.00,4.429028,103.21875
08:01:11,912810UA4,TSRYS5802849,D,S,T,2024-07-30,1000000.00,4.429028,103.21875
08:01:12,912810UA4,TSRYS5802849,D,S,T,2024-07-30,1000000.00,4.429028,103.21875
08:01:12,912810UA4,TSRYS5802849,D,S,T,2024-07-30,1000000.00,4.429028,103.21875
08:01:12,912810UA4,TSRYS5802849,D,S,T,2024-07-30,1000000.00,4.429028,103.21875
08:01:12,912810UA4,TSRYS5802849,D,S,T,2024-07-30,1000000.00,4.429028,103.21875
08:01:13,912810UA4,TSRYS5802849,D,S,T,2024-07-30,1000000.00,4.429028,103.21875
08:01:13,912810UA4,TSRYS5802849,D,S,T,2024-07-30,1000000.00,4.429028,103.21875
08:01:13,912810UA4,TSRYS5802849,D,S,T,2024-07-30,1000000.00,4.429028,103.21875
08:01:13,912810UA4,TSRYS5802849,D,S,T,2024-07-30,1000000.00,4.42439,103.296875
08:01:13,912810UA4,TSRYS5802849,D,S,T,2024-07-30,1000000.00,4.427404,103.24609375
08:01:13,912810UA4,TSRYS5802849,D,S,T,2024-07-30,1000000.00,4.429028,103.21875
08:01:13,912810UA4,TSRYS5802849,D,S,D,2024-07-30,1000000.00,4.42439,103.296875
08:01:14,912810UA4,TSRYS5802849,D,S,A,2024-07-30,10000000.00,4.424854,103.2890625
08:01:14,912810UA4,TSRYS5802849,D,S,D,2024-07-30,2000000.00,4.423463,103.3125
08:01:14,912810UA4,TSRYS5802849,D,S,D,2024-07-30,1000000.00,4.42439,103.296875
08:01:14,912810UA4,TSRYS5802849,D,S,D,2024-07-30,1000000.00,4.42439,103.296875
08:01:14,912810UA4,TSRYS5802849,D,S,T,2024-07-30,1000000.00,4.424506,103.29492187
08:01:14,912810UA4,TSRYS5802849,D,S,D,2024-07-30,1000000.00,4.424506,103.29492187
08:01:14,912810UA4,TSRYS5802849,D,S,D,2024-07-30,1000000.00,4.42439,103.296875
08:01:14,912810UA4,TSRYS5802849,D,S,D,2024-07-30,2000000.00,4.423463,103.3125
08:01:14,912810UA4,TSRYS5802849,D,B,C,2024-07-30,3000000.00,4.425781,103.2734375
08:01:14,912810UA4,TSRYS5802849,D,S,D,2024-07-30,2000000.00,4.422536,103.328125
08:01:14,912810UA4,TSRYS5802849,D,S,D,2024-07-30,2000000.00,4.42439,103.296875
08:01:14,912810UA4,TSRYS5802849,D,B,C,2024-07-30,1000000.00,4.426708,103.2578125
08:01:14,912810UA4,TSRYS5802849,D,S,D,2024-07-30,1000000.00,4.42439,103.296875
08:01:14,912810UA4,TSRYS5802849,D,B,C,2024-07-30,250000.00,4.424854,103.2890625
08:01:14,912810UA4,TSRYS5802849,D,S,T,2024-07-30,1000000.00,4.420915,103.35546875
08:01:14,912810UA4,TSRYS5802849,D,S,T,2024-07-30,1000000.00,4.420799,103.357421875
08:01:15,912810UA4,TSRYS5802849,D,S,T,2024-07-30,1000000.00,4.420683,103.359375
08:01:15,912810UA4,TSRYS5802849,D,S,T,2024-07-30,1000000.00,4.420799,103.357421875
08:01:15,912810UA4,TSRYS5802849,D,S,T,2024-07-30,1000000.00,4.420799,103.357421875
08:01:15,912810UA4,TSRYS5802849,D,S,T,2024-07-30,1000000.00,4.420915,103.35546875
08:01:15,912810UA4,TSRYS5802849,D,S,T,2024-07-30,1000000.00,4.421262,103.349609375
08:01:15,912810UA4,TSRYS5802849,D,S,D,2024-07-30,1000000.00,4.4281,103.234375
08:01:15,912810UA4,TSRYS5802849,D,S,D,2024-07-30,1000000.00,4.4281,103.234375
08:01:15,912810UA4,TSRYS5802849,D,S,D,2024-07-30,1000000.00,4.4281,103.234375
08:01:15,912810UA4,TSRYS5802849,D,S,D,2024-07-30,1000000.00,4.4281,103.234375
08:01:15,912810UA4,TSRYS5802849,D,S,D,2024-07-30,1000000.00,4.4281,103.234375
08:01:15,912810UA4,TSRYS5802849,D,S,C,2024-07-30,1000000.00,4.4281,103.234375
08:01:15,912810UA4,TSRYS5802849,D,S,D,2024-07-30,1000000.00,4.428216,103.232421875
08:01:15,912810UA4,TSRYS5802849,D,B,C,2024-07-30,1000000.00,4.424274,103.29882812
08:01:16,912810UA4,TSRYS5802849,D,S,D,2024-07-30,1000000.00,4.428448,103.228515625
08:01:16,912810UA4,TSRYS5802849,D,S,D,2024-07-30,1000000.00,4.428564,103.2265625
08:01:16,912810UA4,TSRYS5802849,D,S,D,2024-07-30,9500000.00,4.412355,103.5
08:01:16,912810UA4,TSRYS5802849,D,S,D,2024-07-30,9500000.00,4.412355,103.5
08:01:16,912810UA4,TSRYS5802849,D,S,D,2024-07-30,28550000.00,4.412355,103.5
08:01:16,912810UA4,TSRYS5802849,D,S,T,2024-07-30,1000000.00,4.431813,103.171875
08:01:16,912810UA4,TSRYS5802849,D,S,D,2024-07-30,1000000.00,4.42868,103.224609375
08:01:16,912810UA4,TSRYS5802849,D,S,D,2024-07-30,1000000.00,4.428448,103.228515625
08:01:16,912810UA4,TSRYS5802849,D,S,D,2024-07-30,1000000.00,4.428332,103.23046875
08:01:16,912810UA4,TSRYS5802849,D,S,D,2024-07-30,1000000.00,4.428332,103.23046875
08:01:16,912810UA4,TSRYS5802849,D,S,D,2024-07-30,1000000.00,4.428332,103.23046875
08:01:16,912810UA4,TSRYS5802849,D,S,A,2024-07-30,500000.00,4.4281,103.234375
08:01:16,912810UA4,TSRYS5802849,D,S,D,2024-07-30,1000000.00,4.426013,103.26953125
08:01:16,912810UA4,TSRYS5802849,D,S,A,2024-07-30,1000000.00,4.426013,103.26953125
08:01:17,912810UA4,TSRYS5802849,D,S,D,2024-07-30,1000000.00,4.431813,103.171875
08:01:17,912810UA4,TSRYS5802849,D,B,A,2024-07-30,500000.00,4.425317,103.28125
08:01:17,912810UA4,TSRYS5802849,D,B,A,2024-07-30,16400000.00,4.54759,101.25
08:01:17,912810UA4,TSRYS5802849,D,S,T,2024-07-30,1000000.00,4.431813,103.171875
08:01:18,912810UA4,TSRYS5802849,D,S,D,2024-07-30,1000000.00,4.431813,103.171875
08:01:18,912810UA4,TSRYS5802849,D,S,D,2024-07-30,1000000.00,4.431813,103.171875
08:01:19,912810UA4,TSRYS5802849,D,S,T,2024-07-30,1000000.00,4.422768,103.32421875
08:01:19,912810UA4,TSRYS5802849,D,S,T,2024-07-30,1000000.00,4.422768,103.32421875
08:01:19,912810UA4,TSRYS5802849,D,S,T,2024-07-30,1000000.00,4.422768,103.32421875
08:01:19,912810UA4,TSRYS5802849,D,S,T,2024-07-30,1000000.00,4.422536,103.328125
08:01:19,912810UA4,TSRYS5802849,D,S,T,2024-07-30,1000000.00,4.422768,103.32421875
08:01:19,912810UA4,TSRYS5802849,D,S,T,2024-07-30,1000000.00,4.422768,103.32421875
08:01:19,912810UA4,TSRYS5802849,D,S,T,2024-07-30,1000000.00,4.421726,103.341796875
08:01:19,912810UA4,TSRYS5802849,D,S,T,2024-07-30,1000000.00,4.421957,103.337890625
08:01:19,912810UA4,TSRYS5802849,D,S,T,2024-07-30,1000000.00,4.421957,103.337890625
08:01:19,912810UA4,TSRYS5802849,D,S,T,2024-07-30,1000000.00,4.421957,103.337890625
08:01:19,912810UA4,TSRYS5802849,D,S,T,2024-07-30,1000000.00,4.421841,103.33984375
08:01:19,912810UA4,TSRYS5802849,D,S,T,2024-07-30,1000000.00,4.421957,103.337890625
08:01:19,912810UA4,TSRYS5802849,D,S,D,2024-07-30,1000000.00,4.422536,103.328125
08:01:19,912810UA4,TSRYS5802849,D,S,T,2024-07-30,1000000.00,4.421957,103.337890625
08:01:19,912810UA4,TSRYS5802849,D,S,C,2024-07-30,1000000.00,4.4281,103.234375
08:01:19,912810UA4,TSRYS5802849,D,S,T,2024-07-30,1000000.00,4.421957,103.337890625
08:01:19,912810UA4,TSRYS5802849,D,S,T,2024-07-30,1000000.00,4.421494,103.345703125
08:01:19,912810UA4,TSRYS5802849,D,S,T,2024-07-30,1000000.00,4.423347,103.314453125
08:01:19,912810UA4,TSRYS5802849,D,S,T,2024-07-30,1000000.00,4.422768,103.32421875
08:01:19,912810UA4,TSRYS5802849,D,S,T,2024-07-30,1000000.00,4.422536,103.328125
08:01:19,912810UA4,TSRYS5802849,D,S,T,2024-07-30,1000000.00,4.422768,103.32421875
08:01:19,912810UA4,TSRYS5802849,D,S,T,2024-07-30,1000000.00,4.422536,103.328125
08:01:19,912810UA4,TSRYS5802849,D,S,T,2024-07-30,1000000.00,4.422768,103.32421875
08:01:19,912810UA4,TSRYS5802849,D,S,T,2024-07-30,1000000.00,4.422768,103.32421875
08:01:19,912810UA4,TSRYS5802849,D,S,T,2024-07-30,1000000.00,4.422768,103.32421875
08:01:19,912810UA4,TSRYS5802849,D,S,T,2024-07-30,1000000.00,4.422768,103.32421875
08:01:19,912810UA4,TSRYS5802849,D,S,T,2024-07-30,1000000.00,4.423811,103.306640625
08:01:19,912810UA4,TSRYS5802849,D,S,T,2024-07-30,1000000.00,4.424042,103.302734375
08:01:19,912810UA4,TSRYS5802849,D,S,T,2024-07-30,1000000.00,4.423579,103.310546875
08:01:19,912810UA4,TSRYS5802849,D,S,T,2024-07-30,1000000.00,4.423579,103.310546875
08:01:19,912810UA4,TSRYS5802849,D,S,T,2024-07-30,1000000.00,4.425335,103.28095
08:01:19,912810UA4,TSRYS5802849,D,S,T,2024-07-30,1000000.00,4.423463,103.3125
08:01:19,912810UA4,TSRYS5802849,D,S,T,2024-07-30,1000000.00,4.423231,103.31640625
08:01:19,912810UA4,TSRYS5802849,D,S,T,2024-07-30,1000000.00,4.425433,103.279296875
08:01:19,912810UA4,TSRYS5802849,D,S,T,2024-07-30,1000000.00,4.425433,103.279296875
08:01:19,912810UA4,TSRYS5802849,D,S,T,2024-07-30,1000000.00,4.42497,103.287109375
08:01:19,912810UA4,TSRYS5802849,D,S,T,2024-07-30,1000000.00,4.425317,103.28125
08:01:19,912810UA4,TSRYS5802849,D,S,T,2024-07-30,1000000.00,4.425335,103.28095
08:01:19,912810UA4,TSRYS5802849,D,S,D,2024-07-30,1000000.00,4.42439,103.296875
08:01:19,912810UA4,TSRYS5802849,D,S,D,2024-07-30,1000000.00,4.425317,103.28125
08:01:20,912810UA4,TSRYS5802849,D,S,D,2024-07-30,1000000.00,4.431813,103.171875
08:01:20,912810UA4,TSRYS5802849,D,S,D,2024-07-30,1000000.00,4.425317,103.28125
08:01:20,912810UA4,TSRYS5802849,D,S,D,2024-07-30,1000000.00,4.426245,103.265625
08:01:20,912810UA4,TSRYS5802849,D,S,D,2024-07-30,1000000.00,4.426245,103.265625
08:01:20,912810UA4,TSRYS5802849,D,S,D,2024-07-30,1000000.00,4.426013,103.26953125
08:01:20,912810UA4,TSRYS5802849,D,S,A,2024-07-30,30000.00,4.425781,103.2734375
08:01:20,912810UA4,TSRYS5802849,D,S,C,2024-07-30,1000000.00,4.4281,103.234375
08:01:20,912810UA4,TSRYS5802849,D,B,C,2024-07-30,1000000.00,4.426708,103.2578125
08:01:20,912810UA4,TSRYS5802849,D,S,D,2024-07-30,1000000.00,4.426708,103.2578125
08:01:20,912810UA4,TSRYS5802849,D,S,C,2024-07-30,1000000.00,4.4281,103.234375
08:01:20,912810UA4,TSRYS5802849,D,S,T,2024-07-30,1000000.00,4.42719,103.2497
08:01:20,912810UA4,TSRYS5802849,D,S,T,2024-07-30,1000000.00,4.426262,103.265325
08:01:20,912810UA4,TSRYS5802849,D,S,D,2024-07-30,1000000.00,4.4281,103.234375
08:01:20,912810UA4,TSRYS5802849,D,S,D,2024-07-30,1000000.00,4.423695,103.30859375
08:01:20,912810UA4,TSRYS5802849,D,S,A,2024-07-30,65000.00,4.428796,103.22265625
08:01:20,912810UA4,TSRYS5802849,D,S,C,2024-07-30,1000000.00,4.423,103.3203125
08:01:20,912810UA4,TSRYS5802849,D,S,D,2024-07-30,1000000.00,4.423,103.3203125
08:01:20,912810UA4,TSRYS5802849,D,B,C,2024-07-30,1000000.00,4.423,103.3203125
08:01:20,912810UA4,TSRYS5802849,D,S,T,2024-07-30,1000000.00,4.422554,103.327825
08:01:20,912810UA4,TSRYS5802849,D,B,C,2024-07-30,6000000.00,4.431813,103.17188
08:01:20,912810UA4,TSRYS5802849,D,S,D,2024-07-30,1000000.00,4.427868,103.23828125
08:01:20,912810UA4,TSRYS5802849,D,B,A,2024-07-30,16000.00,4.42809,103.234375
08:01:20,912810UA4,TSRYS5802849,D,S,C,2024-07-30,7000000.00,4.425019,103.28627
08:01:20,912810UA4,TSRYS5802849,D,S,D,2024-07-30,1000000.00,4.4281,103.234375
08:01:21,912810UA4,TSRYS5802849,D,S,D,2024-07-30,1000000.00,4.426592,103.259765625
08:01:21,912810UA4,TSRYS5802849,D,S,D,2024-07-30,1000000.00,4.4281,103.234375
08:01:21,912810UA4,TSRYS5802849,D,B,C,2024-07-30,525000.00,4.421146,103.3515625
08:01:21,912810UA4,TSRYS5802849,D,S,D,2024-07-30,1000000.00,4.422305,103.33203125
08:01:21,912810UA4,TSRYS5802849,D,S,D,2024-07-30,1000000.00,4.423463,103.3125
08:01:21,912810UA4,TSRYS5802849,D,B,C,2024-07-30,1000000.00,4.423463,103.3125
08:01:21,912810UA4,TSRYS5802849,D,S,D,2024-07-30,1000000.00,4.423231,103.31640625
08:01:21,912810UA4,TSRYS5802849,D,S,T,2024-07-30,1000000.00,4.422554,103.327825
08:01:21,912810UA4,TSRYS5802849,D,S,D,2024-07-30,14000000.00,4.427114,103.25098
08:01:21,912810UA4,TSRYS5802849,D,S,T,2024-07-30,1000000.00,4.422554,103.327825
08:01:21,912810UA4,TSRYS5802849,D,S,C,2024-07-30,3000000.00,4.421159,103.35135
08:01:21,912810UA4,TSRYS5802849,D,S,D,2024-07-30,4000000.00,4.427621,103.24244
08:01:21,912810UA4,TSRYS5802849,D,S,T,2024-07-30,1000000.00,4.423481,103.3122
08:01:21,912810UA4,TSRYS5802849,D,S,D,2024-07-30,4000000.00,4.42326,103.31593
08:01:21,912810UA4,TSRYS5802849,D,B,C,2024-07-30,4000000.00,4.423041,103.31961
08:01:21,912810UA4,TSRYS5802849,D,S,C,2024-07-30,9000000.00,4.421459,103.34629
08:01:21,912810UA4,TSRYS5802849,D,B,C,2024-07-30,10000000.00,4.425822,103.27274
08:01:21,912810UA4,TSRYS5802849,D,S,C,2024-07-30,2000000.00,4.425704,103.27474
08:01:21,912810UA4,TSRYS5802849,D,S,T,2024-07-30,1000000.00,4.425335,103.28095
08:01:22,912810UA4,TSRYS5802849,D,S,T,2024-07-30,1000000.00,4.426262,103.265325
08:01:22,912810UA4,TSRYS5802849,D,S,A,2024-07-30,60000.00,4.427172,103.25
08:01:22,912810UA4,TSRYS5802849,D,S,D,2024-07-30,1000000.00,4.425781,103.2734375
08:01:23,912810UA4,TSRYS5802849,D,B,C,2024-07-30,1000000.00,4.428564,103.2265625
08:01:23,912810UA4,TSRYS5802849,D,S,D,2024-07-30,1000000.00,4.428564,103.2265625
08:01:23,912810UA4,TSRYS5802849,D,S,D,2024-07-30,1000000.00,4.428796,103.22265625
08:01:23,912810UA4,TSRYS5802849,D,S,D,2024-07-30,1000000.00,4.428796,103.22265625
08:01:23,912810UA4,TSRYS5802849,D,S,D,2024-07-30,2000000.00,4.429028,103.21875
08:01:23,912810UA4,TSRYS5802849,D,S,D,2024-07-30,1000000.00,4.425781,103.2734375
08:01:23,912810UA4,TSRYS5802849,D,S,T,2024-07-30,1000000.00,4.428118,103.234075
08:01:23,912810UA4,TSRYS5802849,D,S,D,2024-07-30,1000000.00,4.427868,103.23828125
08:01:23,912810UA4,TSRYS5802849,D,S,T,2024-07-30,1000000.00,4.42719,103.2497
08:01:23,912810UA4,TSRYS5802849,D,S,T,2024-07-30,1000000.00,4.429965,103.202975
08:01:23,912810UA4,TSRYS5802849,D,S,D,2024-07-30,1000000.00,4.426708,103.2578125
08:01:23,912810UA4,TSRYS5802849,D,S,T,2024-07-30,1000000.00,4.431581,103.17578125
08:01:23,912810UA4,TSRYS5802849,D,S,D,2024-07-30,1000000.00,4.426708,103.2578125
08:01:23,912810UA4,TSRYS5802849,D,S,T,2024-07-30,2000000.00,4.431581,103.17578125
08:01:23,912810UA4,TSRYS5802849,D,S,T,2024-07-30,1000000.00,4.431581,103.17578125
08:01:23,912810UA4,TSRYS5802849,D,S,T,2024-07-30,1000000.00,4.432974,103.15234375
08:01:23,912810UA4,TSRYS5802849,D,S,T,2024-07-30,1000000.00,4.434368,103.12890625
08:01:23,912810UA4,TSRYS5802849,D,S,T,2024-07-30,1000000.00,4.434135,103.1328125
08:01:23,912810UA4,TSRYS5802849,D,S,T,2024-07-30,1000000.00,4.43368,103.140475
08:01:23,912810UA4,TSRYS5802849,D,S,D,2024-07-30,1000000.00,4.425781,103.2734375
08:01:23,912810UA4,TSRYS5802849,D,S,D,2024-07-30,1000000.00,4.425781,103.2734375
08:01:23,912810UA4,TSRYS5802849,D,S,D,2024-07-30,1000000.00,4.425781,103.2734375
08:01:23,912810UA4,TSRYS5802849,D,S,D,2024-07-30,1000000.00,4.425781,103.2734375
08:01:23,912810UA4,TSRYS5802849,D,S,D,2024-07-30,1000000.00,4.425781,103.2734375
08:01:23,912810UA4,TSRYS5802849,D,S,D,2024-07-30,1000000.00,4.425781,103.2734375
08:01:23,912810UA4,TSRYS5802849,D,S,C,2024-07-30,1000000.00,4.425781,103.2734375
08:01:23,912810UA4,TSRYS5802849,D,S,C,2024-07-30,1000000.00,4.425781,103.2734375
08:01:24,912810UA4,TSRYS5802849,D,S,T,2024-07-30,1000000.00,4.429034,103.21865
08:01:24,912810UA4,TSRYS5802849,D,S,T,2024-07-30,1000000.00,4.429028,103.21875
08:01:24,912810UA4,TSRYS5802849,D,S,T,2024-07-30,1000000.00,4.429028,103.21875
08:01:24,912810UA4,TSRYS5802849,D,S,T,2024-07-30,2000000.00,4.429028,103.21875
08:01:24,912810UA4,TSRYS5802849,D,S,T,2024-07-30,1000000.00,4.427984,103.236328125
08:01:24,912810UA4,TSRYS5802849,D,S,T,2024-07-30,1000000.00,4.429028,103.21875
08:01:24,912810UA4,TSRYS5802849,D,S,T,2024-07-30,1000000.00,4.428448,103.228515625
08:01:24,912810UA4,TSRYS5802849,D,S,T,2024-07-30,1000000.00,4.428448,103.228515625
