tradeTime,cusip,issueSymbolIdentifier,priceType,reportingSideCode,contraPartyTypeCode,tradeDate,reportedTradeVolume,lastSaleYield,lastSalePrice
08:00:03,912810UA4,TSRYS5802849,D,S,C,2024-07-24,6000.00,4.473365,102.56029583333
08:00:03,912810UA4,TSRYS5802849,D,S,T,2024-07-24,1000000.00,4.487122,102.248046875
08:00:03,912810UA4,TSRYS5802849,D,S,T,2024-07-24,1000000.00,4.483244,102.3125
08:00:03,912810UA4,TSRYS5802849,D,S,T,2024-07-24,1000000.00,4.482305,102.328125
08:00:03,912810UA4,TSRYS5802849,D,S,D,2024-07-24,1000000.00,4.482305,102.328125
08:00:03,912810UA4,TSRYS5802849,D,S,D,2024-07-24,1000000.00,4.487945,102.234375
08:00:03,912810UA4,TSRYS5802849,D,S,D,2024-07-24,1000000.00,4.48818,102.23046875
08:00:03,912810UA4,TSRYS5802849,D,S,D,2024-07-24,1000000.00,4.48207,102.33203125
08:00:03,912810UA4,TSRYS5802849,D,S,D,2024-07-24,1000000.00,4.480426,102.359375
08:00:03,912810UA4,TSRYS5802849,D,S,D,2024-07-24,1000000.00,4.484889,102.28515625
08:00:03,912810UA4,TSRYS5802849,D,S,T,2024-07-24,1000000.00,4.485829,102.26953125
08:00:03,912810UA4,TSRYS5802849,D,B,C,2024-07-24,1000000.00,4.487122,102.248046875
08:00:03,912810UA4,TSRYS5802849,D,B,C,2024-07-24,1000000.00,4.484419,102.29296875
08:00:03,912810UA4,TSRYS5802849,D,B,C,2024-07-24,1000000.00,4.484419,102.29296875
08:00:03,912810UA4,TSRYS5802849,D,S,T,2024-07-24,1000000.00,4.484184,102.296875
08:00:03,912810UA4,TSRYS5802849,D,B,C,2024-07-24,1000000.00,4.484301,102.294921875
08:00:03,912810UA4,TSRYS5802849,D,B,C,2024-07-24,1000000.00,4.484301,102.294921875
08:00:03,912810UA4,TSRYS5802849,D,S,T,2024-07-24,1000000.00,4.480778,102.353515625
08:00:03,912810UA4,TSRYS5802849,D,S,D,2024-07-24,1000000.00,4.477258,102.412109375
08:00:03,912810UA4,TSRYS5802849,D,S,D,2024-07-24,1000000.00,4.476906,102.41796875
08:00:03,912810UA4,TSRYS5802849,D,S,D,2024-07-24,1000000.00,4.471983,102.5
08:00:03,912810UA4,TSRYS5802849,D,S,D,2024-07-24,1000000.00,4.472686,102.48828125
08:00:03,912810UA4,TSRYS5802849,D,S,T,2024-07-24,1000000.00,4.471398,102.509765625
08:00:03,912810UA4,TSRYS5802849,D,S,T,2024-07-24,1000000.00,4.471398,102.509765625
08:00:03,912810UA4,TSRYS5802849,D,S,D,2024-07-24,1000000.00,4.470812,102.51953125
08:00:03,912810UA4,TSRYS5802849,D,S,D,2024-07-24,1000000.00,4.469524,102.541015625
08:00:03,912810UA4,TSRYS5802849,D,S,D,2024-07-24,1000000.00,4.469524,102.541015625
08:00:03,912810UA4,TSRYS5802849,D,S,T,2024-07-24,1000000.00,4.466364,102.59375
08:00:03,912810UA4,TSRYS5802849,D,B,C,2024-07-24,1000000.00,4.4673,102.578125
08:00:03,912810UA4,TSRYS5802849,D,S,T,2024-07-24,1000000.00,4.465428,102.609375
08:00:03,912810UA4,TSRYS5802849,D,S,D,2024-07-24,1000000.00,4.465077,102.615234375
08:00:03,912810UA4,TSRYS5802849,D,S,D,2024-07-24,1000000.00,4.466481,102.591796875
08:00:03,912810UA4,TSRYS5802849,D,S,T,2024-07-24,1000000.00,4.466481,102.591796875
08:00:03,912810UA4,TSRYS5802849,D,S,D,2024-07-24,1000000.00,4.466013,102.599609375
08:00:03,912810UA4,TSRYS5802849,D,S,T,2024-07-24,1000000.00,4.466013,102.599609375
08:00:03,912810UA4,TSRYS5802849,D,S,D,2024-07-24,1000000.00,4.466013,102.599609375
08:00:03,912810UA4,TSRYS5802849,D,S,T,2024-07-24,1000000.00,4.466013,102.599609375
08:00:03,912810UA4,TSRYS5802849,D,S,T,2024-07-24,1000000.00,4.466013,102.599609375
08:00:03,912810UA4,TSRYS5802849,D,S,D,2024-07-24,1000000.00,4.464609,102.623046875
08:00:04,912810UA4,TSRYS5802849,D,S,D,2024-07-24,1000000.00,4.465545,102.607421875
08:00:04,912810UA4,TSRYS5802849,D,S,T,2024-07-24,1000000.00,4.473038,102.482421875
08:00:04,912810UA4,TSRYS5802849,D,S,D,2024-07-24,1000000.00,4.475851,102.435546875
08:00:04,912810UA4,TSRYS5802849,D,S,D,2024-07-24,1000000.00,4.478197,102.396484375
08:00:04,912810UA4,TSRYS5802849,D,S,D,2024-07-24,1000000.00,4.478197,102.396484375
08:00:04,912810UA4,TSRYS5802849,D,S,T,2024-07-24,1000000.00,4.478197,102.396484375
08:00:04,912810UA4,TSRYS5802849,D,S,T,2024-07-24,1000000.00,4.478197,102.396484375
08:00:04,912810UA4,TSRYS5802849,D,B,C,2024-07-24,1000000.00,4.478197,102.396484375
08:00:04,912810UA4,TSRYS5802849,D,B,C,2024-07-24,1000000.00,4.478197,102.396484375
08:00:04,912810UA4,TSRYS5802849,D,B,C,2024-07-24,1000000.00,4.479605,102.373046875
08:00:04,912810UA4,TSRYS5802849,D,S,T,2024-07-24,1000000.00,4.478549,102.390625
08:00:04,912810UA4,TSRYS5802849,D,S,T,2024-07-24,1000000.00,4.478549,102.390625
08:00:04,912810UA4,TSRYS5802849,D,S,T,2024-07-24,1000000.00,4.478549,102.390625
08:00:04,912810UA4,TSRYS5802849,D,B,C,2024-07-24,1000000.00,4.47937,102.376953125
08:00:04,912810UA4,TSRYS5802849,D,B,C,2024-07-24,1000000.00,4.47937,102.376953125
08:00:04,912810UA4,TSRYS5802849,D,B,C,2024-07-24,1000000.00,4.479135,102.380859375
08:00:04,912810UA4,TSRYS5802849,D,S,D,2024-07-24,1000000.00,4.479722,102.37109375
08:00:04,912810UA4,TSRYS5802849,D,S,D,2024-07-24,1000000.00,4.479605,102.373046875
08:00:04,912810UA4,TSRYS5802849,D,S,D,2024-07-24,1000000.00,4.477845,102.40234375
08:00:04,912810UA4,TSRYS5802849,D,S,D,2024-07-24,1000000.00,4.477962,102.400390625
08:00:04,912810UA4,TSRYS5802849,D,S,D,2024-07-24,1000000.00,4.477962,102.400390625
08:00:04,912810UA4,TSRYS5802849,D,S,D,2024-07-24,1000000.00,4.4816,102.33984375
08:00:04,912810UA4,TSRYS5802849,D,S,T,2024-07-24,1000000.00,4.4816,102.33984375
08:00:04,912810UA4,TSRYS5802849,D,S,D,2024-07-24,1000000.00,4.478079,102.3984375
08:00:04,912810UA4,TSRYS5802849,D,S,D,2024-07-24,1000000.00,4.478079,102.3984375
08:00:04,912810UA4,TSRYS5802849,D,S,D,2024-07-24,1000000.00,4.478079,102.3984375
08:00:04,912810UA4,TSRYS5802849,D,S,D,2024-07-24,1000000.00,4.478079,102.3984375
08:00:04,912810UA4,TSRYS5802849,D,S,D,2024-07-24,1000000.00,4.476085,102.431640625
08:00:04,912810UA4,TSRYS5802849,D,B,C,2024-07-24,1000000.00,4.470812,102.51953125
08:00:05,912810UA4,TSRYS5802849,D,S,T,2024-07-24,1000000.00,4.468236,102.5625
08:00:05,912810UA4,TSRYS5802849,D,S,T,2024-07-24,1000000.00,4.4673,102.578125
08:00:05,912810UA4,TSRYS5802849,D,S,T,2024-07-24,1000000.00,4.4673,102.578125
08:00:05,912810UA4,TSRYS5802849,D,S,T,2024-07-24,1000000.00,4.464492,102.625
08:00:05,912810UA4,TSRYS5802849,D,S,T,2024-07-24,2000000.00,4.466364,102.59375
08:00:05,912810UA4,TSRYS5802849,D,S,T,2024-07-24,1000000.00,4.464492,102.625
08:00:05,912810UA4,TSRYS5802849,D,S,T,2024-07-24,1000000.00,4.461687,102.671875
08:00:05,912810UA4,TSRYS5802849,D,S,T,2024-07-24,1000000.00,4.462622,102.65625
08:00:05,912810UA4,TSRYS5802849,D,S,T,2024-07-24,1000000.00,4.478549,102.390625
08:00:05,912810UA4,TSRYS5802849,D,S,T,2024-07-24,1000000.00,4.47761,102.40625
08:00:05,912810UA4,TSRYS5802849,D,S,T,2024-07-24,1000000.00,4.471046,102.515625
08:00:05,912810UA4,TSRYS5802849,D,S,C,2024-07-24,100000.00,4.488626,102.22805625
08:00:08,912810UA4,TSRYS5802849,D,S,D,2024-07-24,15000000.00,4.472218,102.49609375
08:00:08,912810UA4,TSRYS5802849,D,S,D,2024-07-24,17000000.00,4.473389,102.4765625
08:00:08,912810UA4,TSRYS5802849,D,S,D,2024-07-24,2660000.00,4.475265,102.4453125
08:00:08,912810UA4,TSRYS5802849,D,S,D,2024-07-24,1000000.00,4.473741,102.470703125
08:00:08,912810UA4,TSRYS5802849,D,S,D,2024-07-24,1000000.00,4.473741,102.470703125
08:00:08,912810UA4,TSRYS5802849,D,S,C,2024-07-24,1000.00,4.48651,102.2582125
08:00:08,912810UA4,TSRYS5802849,D,S,C,2024-07-24,1000.00,4.48651,102.2582125
08:00:08,912810UA4,TSRYS5802849,D,S,D,2024-07-24,1000000.00,4.474796,102.453125
08:00:08,912810UA4,TSRYS5802849,D,S,D,2024-07-24,1000000.00,4.474796,102.453125
08:00:08,912810UA4,TSRYS5802849,D,S,D,2024-07-24,1000000.00,4.474796,102.453125
08:00:08,912810UA4,TSRYS5802849,D,S,D,2024-07-24,1000000.00,4.474796,102.453125
08:00:08,912810UA4,TSRYS5802849,D,S,D,2024-07-24,1000000.00,4.474796,102.453125
08:00:08,912810UA4,TSRYS5802849,D,S,D,2024-07-24,1000000.00,4.478314,102.39453125
08:00:09,912810UA4,TSRYS5802849,D,S,D,2024-07-24,2000000.00,4.478079,102.3984375
08:00:09,912810UA4,TSRYS5802849,D,S,D,2024-07-24,1000000.00,4.478549,102.390625
08:00:09,912810UA4,TSRYS5802849,D,S,D,2024-07-24,1000000.00,4.478549,102.390625
08:00:09,912810UA4,TSRYS5802849,D,S,D,2024-07-24,1000000.00,4.478431,102.392578125
08:00:09,912810UA4,TSRYS5802849,D,S,D,2024-07-24,1000000.00,4.478666,102.388671875
08:00:12,912810UA4,TSRYS5802849,D,S,D,2024-07-24,1000000.00,4.482305,102.328125
08:00:12,912810UA4,TSRYS5802849,D,S,T,2024-07-24,1000000.00,4.482305,102.328125
08:00:12,912810UA4,TSRYS5802849,D,S,T,2024-07-24,1000000.00,4.482305,102.328125
08:00:12,912810UA4,TSRYS5802849,D,S,T,2024-07-24,1000000.00,4.486064,102.265625
08:00:12,912810UA4,TSRYS5802849,D,S,T,2024-07-24,1000000.00,4.486064,102.265625
08:00:12,912810UA4,TSRYS5802849,D,S,T,2024-07-24,1000000.00,4.487945,102.234375
08:00:12,912810UA4,TSRYS5802849,D,S,T,2024-07-24,1000000.00,4.486064,102.265625
08:00:12,912810UA4,TSRYS5802849,D,S,T,2024-07-24,1000000.00,4.481835,102.3359375
08:00:12,912810UA4,TSRYS5802849,D,S,D,2024-07-24,1000000.00,4.481835,102.3359375
08:00:12,912810UA4,TSRYS5802849,D,S,T,2024-07-24,1000000.00,4.481835,102.3359375
08:00:12,912810UA4,TSRYS5802849,D,S,T,2024-07-24,1000000.00,4.481835,102.3359375
08:00:12,912810UA4,TSRYS5802849,D,S,D,2024-07-24,1000000.00,4.482774,102.3203125
08:00:12,912810UA4,TSRYS5802849,D,S,T,2024-07-24,1000000.00,4.485946,102.267578125
08:00:12,912810UA4,TSRYS5802849,D,S,T,2024-07-24,1000000.00,4.485594,102.2734375
08:00:12,912810UA4,TSRYS5802849,D,S,T,2024-07-24,1000000.00,4.486064,102.265625
08:00:12,912810UA4,TSRYS5802849,D,S,T,2024-07-24,1000000.00,4.487357,102.244140625
08:00:12,912810UA4,TSRYS5802849,D,S,T,2024-07-24,1000000.00,4.487357,102.244140625
08:00:12,912810UA4,TSRYS5802849,D,S,T,2024-07-24,1000000.00,4.487945,102.234375
08:00:12,912810UA4,TSRYS5802849,D,S,T,2024-07-24,1000000.00,4.48771,102.23828125
08:00:12,912810UA4,TSRYS5802849,D,S,T,2024-07-24,1000000.00,4.48771,102.23828125
08:00:12,912810UA4,TSRYS5802849,D,S,T,2024-07-24,1000000.00,4.484889,102.28515625
08:00:12,912810UA4,TSRYS5802849,D,S,T,2024-07-24,1000000.00,4.484889,102.28515625
08:00:12,912810UA4,TSRYS5802849,D,S,T,2024-07-24,1000000.00,4.484889,102.28515625
08:00:12,912810UA4,TSRYS5802849,D,S,T,2024-07-24,1000000.00,4.484889,102.28515625
08:00:12,912810UA4,TSRYS5802849,D,S,T,2024-07-24,1000000.00,4.485124,102.28125
08:00:12,912810UA4,TSRYS5802849,D,S,T,2024-07-24,1000000.00,4.484184,102.296875
08:00:12,912810UA4,TSRYS5802849,D,S,T,2024-07-24,1000000.00,4.484184,102.296875
08:00:12,912810UA4,TSRYS5802849,D,S,T,2024-07-24,1000000.00,4.483244,102.3125
08:00:12,912810UA4,TSRYS5802849,D,S,D,2024-07-24,1000000.00,4.475265,102.4453125
08:00:12,912810UA4,TSRYS5802849,D,S,T,2024-07-24,1000000.00,4.471983,102.5
08:00:12,912810UA4,TSRYS5802849,D,S,T,2024-07-24,1000000.00,4.468236,102.5625
08:00:12,912810UA4,TSRYS5802849,D,S,T,2024-07-24,1000000.00,4.464492,102.625
08:00:12,912810UA4,TSRYS5802849,D,S,D,2024-07-24,1000000.00,4.466364,102.59375
08:00:12,912810UA4,TSRYS5802849,D,S,D,2024-07-24,1000000.00,4.466832,102.5859375
08:00:12,912810UA4,TSRYS5802849,D,S,T,2024-07-24,1000000.00,4.467066,102.58203125
08:00:12,912810UA4,TSRYS5802849,D,S,T,2024-07-24,5000000.00,4.461687,102.671875
08:00:12,912810UA4,TSRYS5802849,D,S,T,2024-07-24,1000000.00,4.461687,102.671875
08:00:12,912810UA4,TSRYS5802849,D,S,T,2024-07-24,1000000.00,4.462622,102.65625
08:00:12,912810UA4,TSRYS5802849,D,S,T,2024-07-24,1000000.00,4.466364,102.59375
08:00:12,912810UA4,TSRYS5802849,D,S,T,2024-07-24,1000000.00,4.468002,102.56640625
08:00:12,912810UA4,TSRYS5802849,D,S,T,2024-07-24,1000000.00,4.469173,102.546875
08:00:12,912810UA4,TSRYS5802849,D,S,T,2024-07-24,1000000.00,4.473858,102.46875
08:00:12,912810UA4,TSRYS5802849,D,S,T,2024-07-24,1000000.00,4.473858,102.46875
08:00:12,912810UA4,TSRYS5802849,D,S,D,2024-07-24,1000000.00,4.474327,102.4609375
08:00:12,912810UA4,TSRYS5802849,D,S,T,2024-07-24,1000000.00,4.478314,102.39453125
08:00:12,912810UA4,TSRYS5802849,D,S,T,2024-07-24,1000000.00,4.478549,102.390625
08:00:12,912810UA4,TSRYS5802849,D,S,T,2024-07-24,1000000.00,4.478549,102.390625
08:00:12,912810UA4,TSRYS5802849,D,S,T,2024-07-24,1000000.00,4.482305,102.328125
08:00:12,912810UA4,TSRYS5802849,D,S,D,2024-07-24,1000000.00,4.481365,102.34375
08:00:12,912810UA4,TSRYS5802849,D,S,D,2024-07-24,1000000.00,4.482305,102.328125
08:00:12,912810UA4,TSRYS5802849,D,S,D,2024-07-24,1000000.00,4.479018,102.3828125
08:00:12,912810UA4,TSRYS5802849,D,S,T,2024-07-24,1000000.00,4.479722,102.37109375
08:00:12,912810UA4,TSRYS5802849,D,S,T,2024-07-24,1000000.00,4.479487,102.375
08:00:12,912810UA4,TSRYS5802849,D,S,T,2024-07-24,1000000.00,4.478197,102.396484375
08:00:12,912810UA4,TSRYS5802849,D,S,T,2024-07-24,1000000.00,4.478197,102.396484375
08:00:12,912810UA4,TSRYS5802849,D,S,A,2024-07-24,599700.00,4.470554,102.5238375
08:00:12,912810UA4,TSRYS5802849,D,S,T,2024-07-24,1000000.00,4.47421,102.462890625
08:00:13,912810UA4,TSRYS5802849,D,S,D,2024-07-24,1000000.00,4.487945,102.234375
08:00:13,912810UA4,TSRYS5802849,D,S,D,2024-07-24,1000000.00,4.487945,102.234375
08:00:13,912810UA4,TSRYS5802849,D,S,D,2024-07-24,1000000.00,4.488886,102.21875
08:00:13,912810UA4,TSRYS5802849,D,S,D,2024-07-24,1000000.00,4.488886,102.21875
08:00:13,912810UA4,TSRYS5802849,D,S,D,2024-07-24,1000000.00,4.488886,102.21875
08:00:13,912810UA4,TSRYS5802849,D,S,D,2024-07-24,1000000.00,4.48818,102.23046875
08:00:13,912810UA4,TSRYS5802849,D,S,D,2024-07-24,1000000.00,4.487945,102.234375
08:00:13,912810UA4,TSRYS5802849,D,S,D,2024-07-24,1000000.00,4.482305,102.328125
08:00:13,912810UA4,TSRYS5802849,D,S,D,2024-07-24,1000000.00,4.48207,102.33203125
08:00:13,912810UA4,TSRYS5802849,D,S,D,2024-07-24,1000000.00,4.48207,102.33203125
08:00:13,912810UA4,TSRYS5802849,D,S,D,2024-07-24,1000000.00,4.482305,102.328125
08:00:13,912810UA4,TSRYS5802849,D,S,D,2024-07-24,2000000.00,4.467534,102.57421875
08:00:13,912810UA4,TSRYS5802849,D,S,D,2024-07-24,4000000.00,4.4673,102.578125
08:00:14,912810UA4,TSRYS5802849,D,S,C,2024-07-24,15000.00,4.46634,102.59415
08:00:14,912810UA4,TSRYS5802849,D,S,D,2024-07-24,1000000.00,4.48207,102.33203125
08:00:14,912810UA4,TSRYS5802849,D,S,D,2024-07-24,1000000.00,4.48207,102.33203125
08:00:16,912810UA4,TSRYS5802849,D,S,D,2024-07-24,1000000.00,4.485359,102.27734375
08:00:16,912810UA4,TSRYS5802849,D,S,D,2024-07-24,1000000.00,4.481365,102.34375
08:00:16,912810UA4,TSRYS5802849,D,B,C,2024-07-24,1000000.00,4.481365,102.34375
08:00:16,912810UA4,TSRYS5802849,D,S,D,2024-07-24,1000000.00,4.480896,102.3515625
08:00:16,912810UA4,TSRYS5802849,D,B,C,2024-07-24,1000000.00,4.480896,102.3515625
08:00:16,912810UA4,TSRYS5802849,D,S,D,2024-07-24,1000000.00,4.47128,102.51171875
08:00:16,912810UA4,TSRYS5802849,D,S,D,2024-07-24,1000000.00,4.471046,102.515625
08:00:16,912810UA4,TSRYS5802849,D,S,D,2024-07-24,1000000.00,4.471163,102.513671875
08:00:16,912810UA4,TSRYS5802849,D,S,D,2024-07-24,2000000.00,4.47128,102.51171875
08:00:16,912810UA4,TSRYS5802849,D,S,D,2024-07-24,1000000.00,4.47128,102.51171875
08:00:16,912810UA4,TSRYS5802849,D,S,D,2024-07-24,1000000.00,4.47128,102.51171875
08:00:16,912810UA4,TSRYS5802849,D,S,D,2024-07-24,1000000.00,4.47128,102.51171875
08:00:16,912810UA4,TSRYS5802849,D,S,D,2024-07-24,1000000.00,4.47128,102.51171875
08:00:17,912810UA4,TSRYS5802849,D,S,D,2024-07-24,1000000.00,4.47128,102.51171875
08:00:17,912810UA4,TSRYS5802849,D,S,D,2024-07-24,1000000.00,4.471163,102.513671875
08:00:17,912810UA4,TSRYS5802849,D,S,D,2024-07-24,1000000.00,4.474092,102.46484375
08:00:17,912810UA4,TSRYS5802849,D,S,D,2024-07-24,1000000.00,4.474092,102.46484375
08:00:17,912810UA4,TSRYS5802849,D,S,D,2024-07-24,1000000.00,4.474092,102.46484375
08:00:17,912810UA4,TSRYS5802849,D,S,D,2024-07-24,2000000.00,4.474092,102.46484375
08:00:17,912810UA4,TSRYS5802849,D,S,D,2024-07-24,2000000.00,4.474092,102.46484375
08:00:17,912810UA4,TSRYS5802849,D,S,D,2024-07-24,1000000.00,4.474092,102.46484375
08:00:17,912810UA4,TSRYS5802849,D,S,D,2024-07-24,1000.00,,102.2582125
08:00:17,912810UA4,TSRYS5802849,D,S,D,2024-07-24,1000.00,,102.2582125
08:00:17,912810UA4,TSRYS5802849,D,S,D,2024-07-24,3000000.00,4.464025,102.6328125
08:00:17,912810UA4,TSRYS5802849,D,S,D,2024-07-24,3000000.00,4.464259,102.62890625
08:00:17,912810UA4,TSRYS5802849,D,S,A,2024-07-24,100000.00,4.464492,102.625
08:00:19,912810UA4,TSRYS5802849,D,S,D,2024-07-24,1000000.00,4.485359,102.27734375
08:00:23,912810UA4,TSRYS5802849,D,S,D,2024-07-24,1000000.00,4.487945,102.234375
08:00:23,912810UA4,TSRYS5802849,D,S,D,2024-07-24,1000000.00,4.484419,102.29296875
08:00:23,912810UA4,TSRYS5802849,D,S,D,2024-07-24,1000000.00,4.484419,102.29296875
08:00:23,912810UA4,TSRYS5802849,D,S,D,2024-07-24,1000000.00,4.484419,102.29296875
08:00:23,912810UA4,TSRYS5802849,D,S,D,2024-07-24,1000000.00,4.484419,102.29296875
08:00:23,912810UA4,TSRYS5802849,D,S,D,2024-07-24,1000000.00,4.48818,102.23046875
08:00:23,912810UA4,TSRYS5802849,D,S,D,2024-07-24,1000000.00,4.489121,102.21484375
08:00:24,912810UA4,TSRYS5802849,D,S,D,2024-07-24,1000000.00,4.489121,102.21484375
08:00:25,912810UA4,TSRYS5802849,D,S,D,2024-07-24,1000000.00,4.480896,102.3515625
08:00:26,912810UA4,TSRYS5802849,D,S,C,2024-07-24,1000.00,4.48651,102.7582125
08:00:26,912810UA4,TSRYS5802849,D,S,C,2024-07-24,1000.00,4.48651,102.7582125
08:00:27,912810UA4,TSRYS5802849,D,S,T,2024-07-24,1000000.00,4.483244,102.3125
08:00:27,912810UA4,TSRYS5802849,D,S,T,2024-07-24,1000000.00,4.484184,102.296875
08:00:27,912810UA4,TSRYS5802849,D,S,T,2024-07-24,1000000.00,4.485124,102.28125
08:00:27,912810UA4,TSRYS5802849,D,S,T,2024-07-24,1000000.00,4.462622,102.65625
08:00:27,912810UA4,TSRYS5802849,D,S,T,2024-07-24,1000000.00,4.462622,102.65625
08:00:27,912810UA4,TSRYS5802849,D,S,T,2024-07-24,1000000.00,4.462622,102.65625
08:00:27,912810UA4,TSRYS5802849,D,S,T,2024-07-24,1000000.00,4.461687,102.671875
08:00:27,912810UA4,TSRYS5802849,D,S,T,2024-07-24,1000000.00,4.461687,102.671875
08:00:27,912810UA4,TSRYS5802849,D,S,T,2024-07-24,1000000.00,4.479487,102.375
08:00:27,912810UA4,TSRYS5802849,D,S,T,2024-07-24,1000000.00,4.478549,102.390625
08:00:27,912810UA4,TSRYS5802849,D,S,T,2024-07-24,1000000.00,4.478549,102.390625
08:00:27,912810UA4,TSRYS5802849,D,S,T,2024-07-24,1000000.00,4.486064,102.265625
08:00:27,912810UA4,TSRYS5802849,D,S,T,2024-07-24,1000000.00,4.476672,102.421875
08:00:27,912810UA4,TSRYS5802849,D,S,T,2024-07-24,1000000.00,4.476672,102.421875
08:00:27,912810UA4,TSRYS5802849,D,S,D,2024-07-24,15000.00,,102.59415
08:00:27,912810UA4,TSRYS5802849,D,S,T,2024-07-24,1000000.00,4.471983,102.5
08:00:27,912810UA4,TSRYS5802849,D,S,D,2024-07-24,1000000.00,4.482305,102.328125
08:00:27,912810UA4,TSRYS5802849,D,S,D,2024-07-24,1000000.00,4.482774,102.3203125
08:00:27,912810UA4,TSRYS5802849,D,S,T,2024-07-24,1000000.00,4.487475,102.2421875
08:00:27,912810UA4,TSRYS5802849,D,S,T,2024-07-24,1000000.00,4.475734,102.4375
08:00:27,912810UA4,TSRYS5802849,D,S,T,2024-07-24,1000000.00,4.4721,102.498046875
08:00:27,912810UA4,TSRYS5802849,D,S,D,2024-07-24,2000000.00,4.468939,102.55078125
08:00:27,912810UA4,TSRYS5802849,D,S,D,2024-07-24,1000000.00,4.470344,102.52734375
08:00:27,912810UA4,TSRYS5802849,D,S,T,2024-07-24,1000000.00,4.463557,102.640625
08:00:27,912810UA4,TSRYS5802849,D,S,T,2024-07-24,1000000.00,4.461687,102.671875
08:00:27,912810UA4,TSRYS5802849,D,S,C,2024-07-24,1000000.00,4.471983,102.5
08:00:27,912810UA4,TSRYS5802849,D,S,T,2024-07-24,1000000.00,4.479487,102.375
08:00:27,912810UA4,TSRYS5802849,D,S,T,2024-07-24,1000000.00,4.478549,102.390625
08:00:27,912810UA4,TSRYS5802849,D,S,T,2024-07-24,1000000.00,4.478549,102.390625
08:00:27,912810UA4,TSRYS5802849,D,S,T,2024-07-24,1000000.00,4.478549,102.390625
08:00:27,912810UA4,TSRYS5802849,D,S,D,2024-07-24,2000000.00,4.482305,102.328125
08:00:27,912810UA4,TSRYS5802849,D,S,D,2024-07-24,1000000.00,4.479957,102.3671875
08:00:27,912810UA4,TSRYS5802849,D,S,T,2024-07-24,1000000.00,4.479605,102.373046875
08:00:27,912810UA4,TSRYS5802849,D,S,D,2024-07-24,1000000.00,4.479487,102.375
08:00:27,912810UA4,TSRYS5802849,D,S,T,2024-07-24,1000000.00,4.479487,102.375
08:00:27,912810UA4,TSRYS5802849,D,S,D,2024-07-24,1000000.00,4.481365,102.34375
08:00:27,912810UA4,TSRYS5802849,D,B,C,2024-07-24,1000000.00,4.481365,102.34375
08:00:27,912810UA4,TSRYS5802849,D,S,C,2024-07-24,1000000.00,4.47761,102.40625
08:00:27,912810UA4,TSRYS5802849,D,S,T,2024-07-24,1000000.00,4.475734,102.4375
08:00:30,912810UA4,TSRYS5802849,D,S,D,2024-07-24,1000000.00,4.482305,102.328125
08:00:30,912810UA4,TSRYS5802849,D,S,D,2024-07-24,1000000.00,4.487945,102.234375
08:00:30,912810UA4,TSRYS5802849,D,S,D,2024-07-24,1000000.00,4.487945,102.234375
08:00:30,912810UA4,TSRYS5802849,D,S,D,2024-07-24,1000000.00,4.487945,102.234375
08:00:30,912810UA4,TSRYS5802849,D,S,D,2024-07-24,1000000.00,4.482305,102.328125
08:00:30,912810UA4,TSRYS5802849,D,S,D,2024-07-24,1000000.00,4.482305,102.328125
08:00:30,912810UA4,TSRYS5802849,D,S,D,2024-07-24,1000000.00,4.48207,102.33203125
08:00:30,912810UA4,TSRYS5802849,D,S,D,2024-07-24,1000000.00,4.484889,102.28515625
08:00:30,912810UA4,TSRYS5802849,D,S,D,2024-07-24,1000000.00,4.47761,102.40625
08:00:30,912810UA4,TSRYS5802849,D,S,D,2024-07-24,1000000.00,4.475734,102.4375
08:00:30,912810UA4,TSRYS5802849,D,S,D,2024-07-24,1000000.00,4.475734,102.4375
08:00:30,912810UA4,TSRYS5802849,D,S,D,2024-07-24,1000000.00,4.473389,102.4765625
08:00:30,912810UA4,TSRYS5802849,D,S,D,2024-07-24,1000000.00,4.473155,102.48046875
08:00:30,912810UA4,TSRYS5802849,D,S,D,2024-07-24,1000000.00,4.469875,102.53515625
08:00:30,912810UA4,TSRYS5802849,D,S,D,2024-07-24,1000000.00,4.463791,102.63671875
08:00:30,912810UA4,TSRYS5802849,D,S,D,2024-07-24,1000000.00,4.469641,102.5390625
08:00:30,912810UA4,TSRYS5802849,D,S,D,2024-07-24,1000000.00,4.471046,102.515625
08:00:30,912810UA4,TSRYS5802849,D,S,D,2024-07-24,1000000.00,4.465428,102.609375
08:00:30,912810UA4,TSRYS5802849,D,S,D,2024-07-24,1000000.00,4.473624,102.47265625
08:00:30,912810UA4,TSRYS5802849,D,S,D,2024-07-24,1000000.00,4.474327,102.4609375
08:00:30,912810UA4,TSRYS5802849,D,S,D,2024-07-24,1000000.00,4.47761,102.40625
08:00:30,912810UA4,TSRYS5802849,D,S,D,2024-07-24,1000000.00,4.483244,102.3125
08:00:30,912810UA4,TSRYS5802849,D,S,D,2024-07-24,1000000.00,4.483244,102.3125
08:00:30,912810UA4,TSRYS5802849,D,S,D,2024-07-24,1000000.00,4.478549,102.390625
08:00:30,912810UA4,TSRYS5802849,D,S,D,2024-07-24,1000000.00,4.478314,102.39453125
08:00:30,912810UA4,TSRYS5802849,D,S,D,2024-07-24,1000000.00,4.477845,102.40234375
08:00:30,912810UA4,TSRYS5802849,D,S,D,2024-07-24,1000000.00,4.477845,102.40234375
08:00:30,912810UA4,TSRYS5802849,D,S,D,2024-07-24,1000000.00,4.47761,102.40625
08:00:30,912810UA4,TSRYS5802849,D,S,D,2024-07-24,1000000.00,4.47761,102.40625
08:00:30,912810UA4,TSRYS5802849,D,S,D,2024-07-24,1000000.00,4.478549,102.390625
08:00:30,912810UA4,TSRYS5802849,D,S,D,2024-07-24,1000000.00,4.479253,102.37890625
08:00:30,912810UA4,TSRYS5802849,D,S,D,2024-07-24,1000000.00,4.474796,102.453125
08:00:30,912810UA4,TSRYS5802849,D,S,D,2024-07-24,1000000.00,4.471749,102.50390625
08:00:30,912810UA4,TSRYS5802849,D,S,D,2024-07-24,1000000.00,4.471749,102.50390625
08:00:30,912810UA4,TSRYS5802849,D,S,D,2024-07-24,1000000.00,4.471515,102.5078125
08:00:30,912810UA4,TSRYS5802849,D,S,D,2024-07-24,1000000.00,4.473858,102.46875
08:00:30,912810UA4,TSRYS5802849,D,S,D,2024-07-24,1000000.00,4.473858,102.46875
08:00:30,912810UA4,TSRYS5802849,D,S,D,2024-07-24,1000000.00,4.473624,102.47265625
08:00:30,912810UA4,TSRYS5802849,D,S,D,2024-07-24,1000000.00,4.472452,102.4921875
08:00:30,912810UA4,TSRYS5802849,D,S,D,2024-07-24,1000000.00,4.486769,102.25390625
08:00:30,912810UA4,TSRYS5802849,D,S,D,2024-07-24,1000000.00,4.486769,102.25390625
08:00:30,912810UA4,TSRYS5802849,D,S,D,2024-07-24,1000000.00,4.484889,102.28515625
08:00:30,912810UA4,TSRYS5802849,D,S,D,2024-07-24,1000000.00,4.484889,102.28515625
08:00:30,912810UA4,TSRYS5802849,D,S,D,2024-07-24,1000000.00,4.476906,102.41796875
08:00:30,912810UA4,TSRYS5802849,D,S,D,2024-07-24,1000000.00,4.471632,102.505859375
08:00:30,912810UA4,TSRYS5802849,D,S,D,2024-07-24,1000000.00,4.472686,102.48828125
08:00:30,912810UA4,TSRYS5802849,D,B,C,2024-07-24,11000000.00,4.476672,102.421875
08:00:30,912810UA4,TSRYS5802849,D,S,C,2024-07-24,15000000.00,4.478079,102.3984375
08:00:30,912810UA4,TSRYS5802849,D,S,D,2024-07-24,1000000.00,4.469992,102.533203125
08:00:30,912810UA4,TSRYS5802849,D,S,D,2024-07-24,1000000.00,4.469992,102.533203125
08:00:30,912810UA4,TSRYS5802849,D,S,D,2024-07-24,1000000.00,4.467183,102.580078125
08:00:30,912810UA4,TSRYS5802849,D,S,D,2024-07-24,1000000.00,4.469641,102.5390625
08:00:30,912810UA4,TSRYS5802849,D,S,D,2024-07-24,1000000.00,4.469641,102.5390625
08:00:30,912810UA4,TSRYS5802849,D,S,D,2024-07-24,1000000.00,4.469875,102.53515625
08:00:30,912810UA4,TSRYS5802849,D,S,D,2024-07-24,1000000.00,4.469641,102.5390625
08:00:30,912810UA4,TSRYS5802849,D,S,D,2024-07-24,1000000.00,4.464843,102.619140625
08:00:30,912810UA4,TSRYS5802849,D,S,D,2024-07-24,1000000.00,4.466364,102.59375
08:00:30,912810UA4,TSRYS5802849,D,S,D,2024-07-24,1000000.00,4.465545,102.607421875
08:00:30,912810UA4,TSRYS5802849,D,S,D,2024-07-24,1000000.00,4.464726,102.62109375
08:00:30,912810UA4,TSRYS5802849,D,S,D,2024-07-24,1000000.00,4.465779,102.603515625
08:00:30,912810UA4,TSRYS5802849,D,S,D,2024-07-24,1000000.00,4.466013,102.599609375
08:00:30,912810UA4,TSRYS5802849,D,S,D,2024-07-24,1000000.00,4.465896,102.6015625
08:00:30,912810UA4,TSRYS5802849,D,S,D,2024-07-24,1000000.00,4.464726,102.62109375
08:00:30,912810UA4,TSRYS5802849,D,S,D,2024-07-24,1000000.00,4.464843,102.619140625
08:00:30,912810UA4,TSRYS5802849,D,S,D,2024-07-24,1000000.00,4.463791,102.63671875
08:00:30,912810UA4,TSRYS5802849,D,S,D,2024-07-24,1000000.00,4.460986,102.68359375
08:00:30,912810UA4,TSRYS5802849,D,S,D,2024-07-24,1000000.00,4.461102,102.681640625
08:00:30,912810UA4,TSRYS5802849,D,S,D,2024-07-24,1000000.00,4.465545,102.607421875
08:00:30,912810UA4,TSRYS5802849,D,S,D,2024-07-24,1000000.00,4.465428,102.609375
08:00:30,912810UA4,TSRYS5802849,D,S,D,2024-07-24,1000000.00,4.465194,102.61328125
08:00:30,912810UA4,TSRYS5802849,D,S,D,2024-07-24,1000000.00,4.472686,102.48828125
08:00:30,912810UA4,TSRYS5802849,D,S,D,2024-07-24,1000000.00,4.478197,102.396484375
08:00:30,912810UA4,TSRYS5802849,D,S,D,2024-07-24,1000000.00,4.478666,102.388671875
08:00:30,912810UA4,TSRYS5802849,D,S,D,2024-07-24,1000000.00,4.479018,102.3828125
08:00:30,912810UA4,TSRYS5802849,D,S,D,2024-07-24,1000000.00,4.477962,102.400390625
08:00:30,912810UA4,TSRYS5802849,D,S,D,2024-07-24,1000000.00,4.478314,102.39453125
08:00:30,912810UA4,TSRYS5802849,D,S,D,2024-07-24,1000000.00,4.478314,102.39453125
08:00:30,912810UA4,TSRYS5802849,D,S,D,2024-07-24,1000000.00,4.477962,102.400390625
08:00:30,912810UA4,TSRYS5802849,D,S,D,2024-07-24,1000000.00,4.477962,102.400390625
08:00:30,912810UA4,TSRYS5802849,D,S,D,2024-07-24,1000000.00,4.476906,102.41796875
08:00:30,912810UA4,TSRYS5802849,D,S,D,2024-07-24,1000000.00,4.483244,102.3125
08:00:30,912810UA4,TSRYS5802849,D,S,D,2024-07-24,1000000.00,4.483244,102.3125
08:00:30,912810UA4,TSRYS5802849,D,S,D,2024-07-24,1000000.00,4.483362,102.310546875
08:00:30,912810UA4,TSRYS5802849,D,S,D,2024-07-24,1000000.00,4.483244,102.3125
08:00:30,912810UA4,TSRYS5802849,D,S,D,2024-07-24,1000000.00,4.483244,102.3125
08:00:30,912810UA4,TSRYS5802849,D,S,D,2024-07-24,1000000.00,4.4816,102.33984375
08:00:30,912810UA4,TSRYS5802849,D,S,D,2024-07-24,1000000.00,4.4816,102.33984375
08:00:30,912810UA4,TSRYS5802849,D,S,D,2024-07-24,1000000.00,4.481718,102.337890625
08:00:30,912810UA4,TSRYS5802849,D,S,D,2024-07-24,1000000.00,4.481365,102.34375
08:00:30,912810UA4,TSRYS5802849,D,S,D,2024-07-24,1000000.00,4.481248,102.345703125
08:00:30,912810UA4,TSRYS5802849,D,S,D,2024-07-24,1000000.00,4.479722,102.37109375
08:00:30,912810UA4,TSRYS5802849,D,S,D,2024-07-24,1000000.00,4.478666,102.388671875
08:00:30,912810UA4,TSRYS5802849,D,S,D,2024-07-24,1000000.00,4.478666,102.388671875
08:00:30,912810UA4,TSRYS5802849,D,S,D,2024-07-24,1000000.00,4.478549,102.390625
08:00:30,912810UA4,TSRYS5802849,D,S,D,2024-07-24,1000000.00,4.478197,102.396484375
08:00:30,912810UA4,TSRYS5802849,D,S,D,2024-07-24,1000000.00,4.478314,102.39453125
08:00:30,912810UA4,TSRYS5802849,D,S,D,2024-07-24,1000000.00,4.478197,102.396484375
08:00:30,912810UA4,TSRYS5802849,D,S,D,2024-07-24,1000000.00,4.477493,102.408203125
08:00:30,912810UA4,TSRYS5802849,D,S,D,2024-07-24,1000000.00,4.479253,102.37890625
08:00:30,912810UA4,TSRYS5802849,D,S,D,2024-07-24,2000000.00,4.474092,102.46484375
08:00:30,912810UA4,TSRYS5802849,D,S,D,2024-07-24,1000000.00,4.474092,102.46484375
08:00:30,912810UA4,TSRYS5802849,D,S,D,2024-07-24,1000000.00,4.473975,102.466796875
08:00:30,912810UA4,TSRYS5802849,D,S,D,2024-07-24,1000000.00,4.473858,102.46875
08:00:30,912810UA4,TSRYS5802849,D,S,D,2024-07-24,1000000.00,4.474796,102.453125
08:00:30,912810UA4,TSRYS5802849,D,S,D,2024-07-24,1000000.00,4.474561,102.45703125
08:00:30,912810UA4,TSRYS5802849,D,S,D,2024-07-24,1000000.00,4.473975,102.466796875
08:00:30,912810UA4,TSRYS5802849,D,S,D,2024-07-24,1000000.00,4.473858,102.46875
08:00:30,912810UA4,TSRYS5802849,D,S,D,2024-07-24,1000000.00,4.474561,102.45703125
08:00:30,912810UA4,TSRYS5802849,D,S,D,2024-07-24,1000000.00,4.473975,102.466796875
08:00:30,912810UA4,TSRYS5802849,D,S,D,2024-07-24,1000000.00,4.473506,102.474609375
08:00:30,912810UA4,TSRYS5802849,D,S,D,2024-07-24,1000000.00,4.473506,102.474609375
08:00:30,912810UA4,TSRYS5802849,D,S,D,2024-07-24,1000000.00,4.472452,102.4921875
08:00:30,912810UA4,TSRYS5802849,D,S,T,2024-07-24,1000000.00,4.482305,102.328125
08:00:30,912810UA4,TSRYS5802849,D,S,T,2024-07-24,1000000.00,4.487945,102.234375
08:00:30,912810UA4,TSRYS5802849,D,S,T,2024-07-24,1000000.00,4.48865,102.22265625
08:00:30,912810UA4,TSRYS5802849,D,S,T,2024-07-24,1000000.00,4.486769,102.25390625
08:00:30,912810UA4,TSRYS5802849,D,S,T,2024-07-24,1000000.00,4.475734,102.4375
08:00:30,912810UA4,TSRYS5802849,D,S,T,2024-07-24,1000000.00,4.482539,102.32421875
08:00:30,912810UA4,TSRYS5802849,D,S,T,2024-07-24,1000000.00,4.482422,102.326171875
08:00:30,912810UA4,TSRYS5802849,D,S,T,2024-07-24,2000000.00,4.487122,102.248046875
08:00:30,912810UA4,TSRYS5802849,D,S,T,2024-07-24,2000000.00,4.487475,102.2421875
08:00:30,912810UA4,TSRYS5802849,D,S,T,2024-07-24,1000000.00,4.484889,102.28515625
08:00:30,912810UA4,TSRYS5802849,D,S,T,2024-07-24,1000000.00,4.487827,102.236328125
08:00:30,912810UA4,TSRYS5802849,D,S,T,2024-07-24,1000000.00,4.487827,102.236328125
08:00:30,912810UA4,TSRYS5802849,D,S,T,2024-07-24,1000000.00,4.487827,102.236328125
08:00:30,912810UA4,TSRYS5802849,D,S,T,2024-07-24,1000000.00,4.487827,102.236328125
08:00:30,912810UA4,TSRYS5802849,D,S,T,2024-07-24,1000000.00,4.487827,102.236328125
08:00:30,912810UA4,TSRYS5802849,D,S,T,2024-07-24,1000000.00,4.484889,102.28515625
08:00:30,912810UA4,TSRYS5802849,D,S,T,2024-07-24,1000000.00,4.484771,102.287109375
08:00:30,912810UA4,TSRYS5802849,D,B,C,2024-07-24,11000000.00,4.481365,102.34375
08:00:30,912810UA4,TSRYS5802849,D,S,T,2024-07-24,1000000.00,4.483127,102.314453125
08:00:30,912810UA4,TSRYS5802849,D,S,T,2024-07-24,1000000.00,4.483009,102.31640625
08:00:30,912810UA4,TSRYS5802849,D,S,T,2024-07-24,1000000.00,4.479839,102.369140625
08:00:30,912810UA4,TSRYS5802849,D,S,T,2024-07-24,1000000.00,4.480661,102.35546875
08:00:30,912810UA4,TSRYS5802849,D,S,T,2024-07-24,1000000.00,4.47761,102.40625
08:00:30,912810UA4,TSRYS5802849,D,S,T,2024-07-24,1000000.00,4.475734,102.4375
08:00:30,912810UA4,TSRYS5802849,D,S,T,2024-07-24,1000000.00,4.475968,102.43359375
08:00:30,912810UA4,TSRYS5802849,D,S,T,2024-07-24,1000000.00,4.475851,102.435546875
08:00:30,912810UA4,TSRYS5802849,D,S,T,2024-07-24,1000000.00,4.474327,102.4609375
08:00:30,912810UA4,TSRYS5802849,D,S,T,2024-07-24,1000000.00,4.471632,102.505859375
08:00:30,912810UA4,TSRYS5802849,D,S,T,2024-07-24,1000000.00,4.472686,102.48828125
08:00:30,912810UA4,TSRYS5802849,D,S,T,2024-07-24,1000000.00,4.473038,102.482421875
08:00:30,912810UA4,TSRYS5802849,D,S,T,2024-07-24,1000000.00,4.471398,102.509765625
08:00:30,912810UA4,TSRYS5802849,D,S,T,2024-07-24,1000000.00,4.469875,102.53515625
08:00:30,912810UA4,TSRYS5802849,D,S,T,2024-07-24,1000000.00,4.463791,102.63671875
08:00:30,912810UA4,TSRYS5802849,D,S,T,2024-07-24,1000000.00,4.469641,102.5390625
08:00:30,912810UA4,TSRYS5802849,D,S,T,2024-07-24,1000000.00,4.471046,102.515625
08:00:30,912810UA4,TSRYS5802849,D,S,T,2024-07-24,1000000.00,4.465194,102.61328125
08:00:30,912810UA4,TSRYS5802849,D,S,T,2024-07-24,1000000.00,4.466013,102.599609375
08:00:30,912810UA4,TSRYS5802849,D,S,T,2024-07-24,1000000.00,4.466013,102.599609375
08:00:30,912810UA4,TSRYS5802849,D,S,T,2024-07-24,1000000.00,4.468119,102.564453125
08:00:30,912810UA4,TSRYS5802849,D,S,T,2024-07-24,1000000.00,4.464843,102.619140625
08:00:30,912810UA4,TSRYS5802849,D,S,T,2024-07-24,1000000.00,4.467768,102.5703125
08:00:30,912810UA4,TSRYS5802849,D,S,T,2024-07-24,1000000.00,4.467768,102.5703125
08:00:30,912810UA4,TSRYS5802849,D,S,T,2024-07-24,1000000.00,4.472452,102.4921875
08:00:30,912810UA4,TSRYS5802849,D,S,T,2024-07-24,1000000.00,4.474327,102.4609375
08:00:30,912810UA4,TSRYS5802849,D,S,T,2024-07-24,1000000.00,4.474444,102.458984375
08:00:30,912810UA4,TSRYS5802849,D,S,T,2024-07-24,1000000.00,4.474327,102.4609375
08:00:30,912810UA4,TSRYS5802849,D,S,T,2024-07-24,1000000.00,4.474327,102.4609375
08:00:30,912810UA4,TSRYS5802849,D,S,T,2024-07-24,1000000.00,4.474327,102.4609375
08:00:30,912810UA4,TSRYS5802849,D,S,T,2024-07-24,1000000.00,4.474327,102.4609375
08:00:30,912810UA4,TSRYS5802849,D,S,T,2024-07-24,1000000.00,4.474327,102.4609375
08:00:30,912810UA4,TSRYS5802849,D,S,T,2024-07-24,1000000.00,4.474327,102.4609375
08:00:30,912810UA4,TSRYS5802849,D,S,T,2024-07-24,1000000.00,4.474327,102.4609375
08:00:30,912810UA4,TSRYS5802849,D,S,T,2024-07-24,1000000.00,4.479487,102.375
08:00:30,912810UA4,TSRYS5802849,D,S,T,2024-07-24,1000000.00,4.478549,102.390625
08:00:30,912810UA4,TSRYS5802849,D,S,T,2024-07-24,1000000.00,4.478549,102.390625
08:00:30,912810UA4,TSRYS5802849,D,S,T,2024-07-24,1000000.00,4.478549,102.390625
08:00:30,912810UA4,TSRYS5802849,D,S,T,2024-07-24,1000000.00,4.478549,102.390625
08:00:30,912810UA4,TSRYS5802849,D,S,T,2024-07-24,1000000.00,4.478549,102.390625
08:00:30,912810UA4,TSRYS5802849,D,S,T,2024-07-24,1000000.00,4.478549,102.390625
08:00:30,912810UA4,TSRYS5802849,D,S,T,2024-07-24,1000000.00,4.478549,102.390625
08:00:30,912810UA4,TSRYS5802849,D,S,T,2024-07-24,1000000.00,4.478314,102.39453125
08:00:30,912810UA4,TSRYS5802849,D,S,T,2024-07-24,1000000.00,4.478314,102.39453125
08:00:30,912810UA4,TSRYS5802849,D,S,T,2024-07-24,1000000.00,4.484184,102.296875
08:00:30,912810UA4,TSRYS5802849,D,S,T,2024-07-24,1000000.00,4.483244,102.3125
08:00:30,912810UA4,TSRYS5802849,D,S,T,2024-07-24,1000000.00,4.483244,102.3125
08:00:30,912810UA4,TSRYS5802849,D,S,T,2024-07-24,1000000.00,4.479487,102.375
08:00:30,912810UA4,TSRYS5802849,D,S,D,2024-07-24,1000000.00,4.47761,102.40625
08:00:30,912810UA4,TSRYS5802849,D,S,T,2024-07-24,1000000.00,4.477493,102.408203125
08:00:30,912810UA4,TSRYS5802849,D,S,T,2024-07-24,1000000.00,4.479487,102.375
08:00:30,912810UA4,TSRYS5802849,D,S,T,2024-07-24,1000000.00,4.478901,102.384765625
08:00:30,912810UA4,TSRYS5802849,D,S,T,2024-07-24,1000000.00,4.479487,102.375
08:00:30,912810UA4,TSRYS5802849,D,S,T,2024-07-24,1000000.00,4.479487,102.375
08:00:30,912810UA4,TSRYS5802849,D,S,T,2024-07-24,1000000.00,4.479018,102.3828125
08:00:30,912810UA4,TSRYS5802849,D,S,T,2024-07-24,1000000.00,4.479018,102.3828125
08:00:30,912810UA4,TSRYS5802849,D,S,T,2024-07-24,2000000.00,4.479957,102.3671875
08:00:30,912810UA4,TSRYS5802849,D,S,T,2024-07-24,1000000.00,4.479018,102.3828125
08:00:30,912810UA4,TSRYS5802849,D,S,T,2024-07-24,1000000.00,4.478666,102.388671875
08:00:30,912810UA4,TSRYS5802849,D,S,T,2024-07-24,1000000.00,4.478549,102.390625
08:00:30,912810UA4,TSRYS5802849,D,S,T,2024-07-24,1000000.00,4.478549,102.390625
08:00:30,912810UA4,TSRYS5802849,D,S,T,2024-07-24,1000000.00,4.478549,102.390625
08:00:30,912810UA4,TSRYS5802849,D,S,T,2024-07-24,1000000.00,4.478314,102.39453125
08:00:30,912810UA4,TSRYS5802849,D,S,T,2024-07-24,1000000.00,4.478197,102.396484375
08:00:30,912810UA4,TSRYS5802849,D,S,T,2024-07-24,1000000.00,4.474561,102.45703125
08:00:30,912810UA4,TSRYS5802849,D,S,T,2024-07-24,1000000.00,4.476203,102.4296875
08:00:30,912810UA4,TSRYS5802849,D,S,T,2024-07-24,1000000.00,4.476203,102.4296875
08:00:30,912810UA4,TSRYS5802849,D,S,T,2024-07-24,1000000.00,4.474561,102.45703125
08:00:30,912810UA4,TSRYS5802849,D,S,T,2024-07-24,1000000.00,4.474561,102.45703125
08:00:30,912810UA4,TSRYS5802849,D,S,T,2024-07-24,2000000.00,4.474561,102.45703125
08:00:30,912810UA4,TSRYS5802849,D,S,T,2024-07-24,1000000.00,4.474561,102.45703125
08:00:30,912810UA4,TSRYS5802849,D,S,T,2024-07-24,1000000.00,4.474561,102.45703125
08:00:30,912810UA4,TSRYS5802849,D,S,T,2024-07-24,1000000.00,4.474561,102.45703125
08:00:30,912810UA4,TSRYS5802849,D,S,T,2024-07-24,1000000.00,4.474092,102.46484375
08:00:30,912810UA4,TSRYS5802849,D,S,T,2024-07-24,1000000.00,4.473858,102.46875
08:00:30,912810UA4,TSRYS5802849,D,S,T,2024-07-24,1000000.00,4.473741,102.470703125
08:00:30,912810UA4,TSRYS5802849,D,S,T,2024-07-24,1000000.00,4.473741,102.470703125
08:00:30,912810UA4,TSRYS5802849,D,S,T,2024-07-24,1000000.00,4.474561,102.45703125
08:00:30,912810UA4,TSRYS5802849,D,S,T,2024-07-24,1000000.00,4.482305,102.328125
08:00:30,912810UA4,TSRYS5802849,D,S,T,2024-07-24,1000000.00,4.483244,102.3125
08:00:30,912810UA4,TSRYS5802849,D,S,T,2024-07-24,1000000.00,4.485124,102.28125
08:00:30,912810UA4,TSRYS5802849,D,S,T,2024-07-24,1000000.00,4.484184,102.296875
08:00:30,912810UA4,TSRYS5802849,D,S,T,2024-07-24,1000000.00,4.483949,102.30078125
08:00:30,912810UA4,TSRYS5802849,D,S,T,2024-07-24,1000000.00,4.484066,102.298828125
08:00:30,912810UA4,TSRYS5802849,D,S,T,2024-07-24,1000000.00,4.483714,102.3046875
08:00:30,912810UA4,TSRYS5802849,D,S,T,2024-07-24,1000000.00,4.483831,102.302734375
08:00:30,912810UA4,TSRYS5802849,D,S,T,2024-07-24,1000000.00,4.483597,102.306640625
08:00:30,912810UA4,TSRYS5802849,D,S,T,2024-07-24,1000000.00,4.483479,102.30859375
08:00:30,912810UA4,TSRYS5802849,D,S,T,2024-07-24,1000000.00,4.483362,102.310546875
08:00:30,912810UA4,TSRYS5802849,D,S,T,2024-07-24,1000000.00,4.483831,102.302734375
08:00:30,912810UA4,TSRYS5802849,D,S,T,2024-07-24,1000000.00,4.483714,102.3046875
08:00:30,912810UA4,TSRYS5802849,D,S,T,2024-07-24,1000000.00,4.486534,102.2578125
08:00:30,912810UA4,TSRYS5802849,D,S,T,2024-07-24,1000000.00,4.486534,102.2578125
08:00:30,912810UA4,TSRYS5802849,D,S,T,2024-07-24,1000000.00,4.486534,102.2578125
08:00:30,912810UA4,TSRYS5802849,D,S,T,2024-07-24,1000000.00,4.487945,102.234375
08:00:30,912810UA4,TSRYS5802849,D,S,T,2024-07-24,1000000.00,4.487945,102.234375
08:00:30,912810UA4,TSRYS5802849,D,S,T,2024-07-24,1000000.00,4.487945,102.234375
08:00:30,912810UA4,TSRYS5802849,D,S,T,2024-07-24,1000000.00,4.487945,102.234375
08:00:30,912810UA4,TSRYS5802849,D,S,T,2024-07-24,1000000.00,4.487945,102.234375
08:00:30,912810UA4,TSRYS5802849,D,S,T,2024-07-24,1000000.00,4.48771,102.23828125
08:00:30,912810UA4,TSRYS5802849,D,S,T,2024-07-24,1000000.00,4.487945,102.234375
08:00:30,912810UA4,TSRYS5802849,D,S,T,2024-07-24,1000000.00,4.485124,102.28125
08:00:30,912810UA4,TSRYS5802849,D,S,T,2024-07-24,2000000.00,4.485476,102.275390625
08:00:30,912810UA4,TSRYS5802849,D,S,T,2024-07-24,1000000.00,4.485124,102.28125
08:00:30,912810UA4,TSRYS5802849,D,S,T,2024-07-24,1000000.00,4.482539,102.32421875
08:00:30,912810UA4,TSRYS5802849,D,S,T,2024-07-24,1000000.00,4.482539,102.32421875
08:00:30,912810UA4,TSRYS5802849,D,S,T,2024-07-24,1000000.00,4.483244,102.3125
08:00:30,912810UA4,TSRYS5802849,D,S,T,2024-07-24,1000000.00,4.480661,102.35546875
08:00:30,912810UA4,TSRYS5802849,D,S,T,2024-07-24,1000000.00,4.482305,102.328125
08:00:30,912810UA4,TSRYS5802849,D,S,T,2024-07-24,1000000.00,4.482774,102.3203125
08:00:30,912810UA4,TSRYS5802849,D,S,T,2024-07-24,1000000.00,4.482305,102.328125
08:00:30,912810UA4,TSRYS5802849,D,S,T,2024-07-24,1000000.00,4.482305,102.328125
08:00:30,912810UA4,TSRYS5802849,D,S,T,2024-07-24,1000000.00,4.482305,102.328125
08:00:30,912810UA4,TSRYS5802849,D,S,T,2024-07-24,1000000.00,4.483244,102.3125
08:00:30,912810UA4,TSRYS5802849,D,S,T,2024-07-24,1000000.00,4.483244,102.3125
08:00:30,912810UA4,TSRYS5802849,D,S,T,2024-07-24,1000000.00,4.482305,102.328125
08:00:30,912810UA4,TSRYS5802849,D,S,T,2024-07-24,1000000.00,4.484184,102.296875
08:00:31,912810UA4,TSRYS5802849,D,S,T,2024-07-24,1000000.00,4.484889,102.28515625
08:00:31,912810UA4,TSRYS5802849,D,S,T,2024-07-24,1000000.00,4.484889,102.28515625
08:00:31,912810UA4,TSRYS5802849,D,S,T,2024-07-24,1000000.00,4.484301,102.294921875
08:00:31,912810UA4,TSRYS5802849,D,S,T,2024-07-24,1000000.00,4.484184,102.296875
08:00:31,912810UA4,TSRYS5802849,D,S,T,2024-07-24,1000000.00,4.484419,102.29296875
08:00:31,912810UA4,TSRYS5802849,D,S,T,2024-07-24,1000000.00,4.484419,102.29296875
08:00:31,912810UA4,TSRYS5802849,D,S,T,2024-07-24,1000000.00,4.484419,102.29296875
08:00:31,912810UA4,TSRYS5802849,D,S,T,2024-07-24,1000000.00,4.484419,102.29296875
08:00:31,912810UA4,TSRYS5802849,D,S,T,2024-07-24,1000000.00,4.485124,102.28125
08:00:31,912810UA4,TSRYS5802849,D,S,T,2024-07-24,1000000.00,4.488886,102.21875
08:00:31,912810UA4,TSRYS5802849,D,S,T,2024-07-24,1000000.00,4.488886,102.21875
08:00:31,912810UA4,TSRYS5802849,D,S,T,2024-07-24,1000000.00,4.484771,102.287109375
08:00:31,912810UA4,TSRYS5802849,D,S,T,2024-07-24,1000000.00,4.48113,102.34765625
08:00:31,912810UA4,TSRYS5802849,D,S,T,2024-07-24,1000000.00,4.479487,102.375
08:00:31,912810UA4,TSRYS5802849,D,S,T,2024-07-24,1000000.00,4.479487,102.375
08:00:31,912810UA4,TSRYS5802849,D,S,T,2024-07-24,1000000.00,4.480191,102.36328125
08:00:31,912810UA4,TSRYS5802849,D,S,T,2024-07-24,1000000.00,4.480191,102.36328125
08:00:31,912810UA4,TSRYS5802849,D,S,T,2024-07-24,1000000.00,4.480191,102.36328125
08:00:31,912810UA4,TSRYS5802849,D,S,T,2024-07-24,1000000.00,4.479487,102.375
08:00:31,912810UA4,TSRYS5802849,D,S,T,2024-07-24,1000000.00,4.479487,102.375
08:00:31,912810UA4,TSRYS5802849,D,S,T,2024-07-24,1000000.00,4.47761,102.40625
08:00:31,912810UA4,TSRYS5802849,D,S,T,2024-07-24,1000000.00,4.480426,102.359375
08:00:31,912810UA4,TSRYS5802849,D,S,T,2024-07-24,1000000.00,4.481365,102.34375
08:00:31,912810UA4,TSRYS5802849,D,S,T,2024-07-24,1000000.00,4.481365,102.34375
08:00:31,912810UA4,TSRYS5802849,D,S,T,2024-07-24,1000000.00,4.479487,102.375
08:00:31,912810UA4,TSRYS5802849,D,S,T,2024-07-24,1000000.00,4.478549,102.390625
08:00:31,912810UA4,TSRYS5802849,D,S,T,2024-07-24,1000000.00,4.475734,102.4375
08:00:31,912810UA4,TSRYS5802849,D,S,T,2024-07-24,1000000.00,4.475734,102.4375
08:00:31,912810UA4,TSRYS5802849,D,S,T,2024-07-24,1000000.00,4.475734,102.4375
08:00:31,912810UA4,TSRYS5802849,D,S,T,2024-07-24,1000000.00,4.475734,102.4375
08:00:31,912810UA4,TSRYS5802849,D,S,T,2024-07-24,1000000.00,4.475734,102.4375
08:00:31,912810UA4,TSRYS5802849,D,S,T,2024-07-24,1000000.00,4.475734,102.4375
08:00:31,912810UA4,TSRYS5802849,D,S,T,2024-07-24,1000000.00,4.475734,102.4375
08:00:31,912810UA4,TSRYS5802849,D,S,T,2024-07-24,1000000.00,4.475734,102.4375
08:00:31,912810UA4,TSRYS5802849,D,S,T,2024-07-24,2000000.00,4.475734,102.4375
08:00:31,912810UA4,TSRYS5802849,D,S,T,2024-07-24,1000000.00,4.476672,102.421875
08:00:31,912810UA4,TSRYS5802849,D,S,D,2024-07-24,1000000.00,4.475734,102.4375
08:00:31,912810UA4,TSRYS5802849,D,S,T,2024-07-24,1000000.00,4.473858,102.46875
08:00:31,912810UA4,TSRYS5802849,D,S,T,2024-07-24,1000000.00,4.473272,102.478515625
08:00:31,912810UA4,TSRYS5802849,D,S,T,2024-07-24,1000000.00,4.471983,102.5
08:00:31,912810UA4,TSRYS5802849,D,S,T,2024-07-24,1000000.00,4.471983,102.5
08:00:31,912810UA4,TSRYS5802849,D,S,T,2024-07-24,1000000.00,4.471398,102.509765625
08:00:31,912810UA4,TSRYS5802849,D,S,T,2024-07-24,1000000.00,4.470226,102.529296875
08:00:31,912810UA4,TSRYS5802849,D,S,T,2024-07-24,1000000.00,4.470109,102.53125
08:00:31,912810UA4,TSRYS5802849,D,S,T,2024-07-24,1000000.00,4.469173,102.546875
08:00:31,912810UA4,TSRYS5802849,D,S,T,2024-07-24,1000000.00,4.470109,102.53125
08:00:31,912810UA4,TSRYS5802849,D,S,T,2024-07-24,1000000.00,4.470109,102.53125
08:00:31,912810UA4,TSRYS5802849,D,S,T,2024-07-24,1000000.00,4.470109,102.53125
08:00:31,912810UA4,TSRYS5802849,D,S,T,2024-07-24,1000000.00,4.470109,102.53125
08:00:31,912810UA4,TSRYS5802849,D,S,T,2024-07-24,1000000.00,4.470109,102.53125
08:00:31,912810UA4,TSRYS5802849,D,S,T,2024-07-24,1000000.00,4.469875,102.53515625
08:00:31,912810UA4,TSRYS5802849,D,S,T,2024-07-24,1000000.00,4.469992,102.533203125
08:00:31,912810UA4,TSRYS5802849,D,S,T,2024-07-24,1000000.00,4.468236,102.5625
08:00:31,912810UA4,TSRYS5802849,D,S,T,2024-07-24,1000000.00,4.469173,102.546875
08:00:31,912810UA4,TSRYS5802849,D,S,T,2024-07-24,1000000.00,4.469173,102.546875
08:00:31,912810UA4,TSRYS5802849,D,S,T,2024-07-24,1000000.00,4.469173,102.546875
08:00:31,912810UA4,TSRYS5802849,D,S,T,2024-07-24,1000000.00,4.470344,102.52734375
08:00:31,912810UA4,TSRYS5802849,D,S,T,2024-07-24,1000000.00,4.470226,102.529296875
08:00:31,912810UA4,TSRYS5802849,D,S,T,2024-07-24,1000000.00,4.471046,102.515625
08:00:31,912810UA4,TSRYS5802849,D,S,T,2024-07-24,1000000.00,4.471983,102.5
08:00:31,912810UA4,TSRYS5802849,D,S,T,2024-07-24,2000000.00,4.466364,102.59375
08:00:31,912810UA4,TSRYS5802849,D,S,T,2024-07-24,1000000.00,4.466364,102.59375
08:00:31,912810UA4,TSRYS5802849,D,S,T,2024-07-24,1000000.00,4.465428,102.609375
08:00:31,912810UA4,TSRYS5802849,D,S,T,2024-07-24,1000000.00,4.464492,102.625
08:00:31,912810UA4,TSRYS5802849,D,S,T,2024-07-24,1000000.00,4.463557,102.640625
08:00:31,912810UA4,TSRYS5802849,D,S,T,2024-07-24,1000000.00,4.463323,102.64453125
08:00:31,912810UA4,TSRYS5802849,D,S,T,2024-07-24,1000000.00,4.463323,102.64453125
08:00:31,912810UA4,TSRYS5802849,D,S,T,2024-07-24,1000000.00,4.463323,102.64453125
08:00:31,912810UA4,TSRYS5802849,D,S,T,2024-07-24,1000000.00,4.463323,102.64453125
08:00:31,912810UA4,TSRYS5802849,D,S,T,2024-07-24,1000000.00,4.465428,102.609375
08:00:31,912810UA4,TSRYS5802849,D,S,T,2024-07-24,1000000.00,4.465428,102.609375
08:00:31,912810UA4,TSRYS5802849,D,S,T,2024-07-24,1000000.00,4.465428,102.609375
08:00:31,912810UA4,TSRYS5802849,D,S,T,2024-07-24,1000000.00,4.465428,102.609375
08:00:31,912810UA4,TSRYS5802849,D,S,T,2024-07-24,1000000.00,4.464492,102.625
08:00:31,912810UA4,TSRYS5802849,D,S,T,2024-07-24,1000000.00,4.466364,102.59375
08:00:31,912810UA4,TSRYS5802849,D,S,T,2024-07-24,1000000.00,4.466364,102.59375
08:00:31,912810UA4,TSRYS5802849,D,S,T,2024-07-24,2000000.00,4.4673,102.578125
08:00:31,912810UA4,TSRYS5802849,D,S,T,2024-07-24,1000000.00,4.4673,102.578125
08:00:31,912810UA4,TSRYS5802849,D,S,T,2024-07-24,1000000.00,4.468236,102.5625
08:00:31,912810UA4,TSRYS5802849,D,S,D,2024-07-24,1000000.00,4.475734,102.4375
08:00:31,912810UA4,TSRYS5802849,D,S,T,2024-07-24,1000000.00,4.468236,102.5625
08:00:31,912810UA4,TSRYS5802849,D,S,T,2024-07-24,1000000.00,4.468236,102.5625
08:00:31,912810UA4,TSRYS5802849,D,S,T,2024-07-24,1000000.00,4.470109,102.53125
08:00:31,912810UA4,TSRYS5802849,D,S,T,2024-07-24,1000000.00,4.471046,102.515625
08:00:31,912810UA4,TSRYS5802849,D,S,T,2024-07-24,1000000.00,4.463557,102.640625
08:00:31,912810UA4,TSRYS5802849,D,S,T,2024-07-24,1000000.00,4.465428,102.609375
08:00:31,912810UA4,TSRYS5802849,D,S,T,2024-07-24,1000000.00,4.4673,102.578125
08:00:31,912810UA4,TSRYS5802849,D,S,T,2024-07-24,1000000.00,4.4673,102.578125
08:00:31,912810UA4,TSRYS5802849,D,S,T,2024-07-24,1000000.00,4.465428,102.609375
08:00:31,912810UA4,TSRYS5802849,D,S,T,2024-07-24,1000000.00,4.465428,102.609375
08:00:31,912810UA4,TSRYS5802849,D,S,T,2024-07-24,1000000.00,4.466364,102.59375
08:00:31,912810UA4,TSRYS5802849,D,S,T,2024-07-24,1000000.00,4.466364,102.59375
08:00:31,912810UA4,TSRYS5802849,D,S,T,2024-07-24,1000000.00,4.466364,102.59375
08:00:31,912810UA4,TSRYS5802849,D,S,T,2024-07-24,1000000.00,4.4673,102.578125
08:00:31,912810UA4,TSRYS5802849,D,S,T,2024-07-24,1000000.00,4.464843,102.619140625
08:00:31,912810UA4,TSRYS5802849,D,S,T,2024-07-24,1000000.00,4.463557,102.640625
08:00:31,912810UA4,TSRYS5802849,D,S,T,2024-07-24,2000000.00,4.461687,102.671875
08:00:31,912810UA4,TSRYS5802849,D,S,T,2024-07-24,3000000.00,4.461687,102.671875
08:00:31,912810UA4,TSRYS5802849,D,S,T,2024-07-24,2000000.00,4.461687,102.671875
08:00:31,912810UA4,TSRYS5802849,D,S,T,2024-07-24,2000000.00,4.461687,102.671875
08:00:31,912810UA4,TSRYS5802849,D,S,T,2024-07-24,1000000.00,4.461687,102.671875
08:00:31,912810UA4,TSRYS5802849,D,S,T,2024-07-24,1000000.00,4.46192,102.66796875
08:00:31,912810UA4,TSRYS5802849,D,S,T,2024-07-24,1000000.00,4.461687,102.671875
08:00:31,912810UA4,TSRYS5802849,D,S,T,2024-07-24,1000000.00,4.461804,102.669921875
08:00:31,912810UA4,TSRYS5802849,D,S,T,2024-07-24,1000000.00,4.462622,102.65625
08:00:31,912810UA4,TSRYS5802849,D,S,T,2024-07-24,1000000.00,4.462739,102.654296875
08:00:31,912810UA4,TSRYS5802849,D,S,T,2024-07-24,1000000.00,4.462622,102.65625
08:00:31,912810UA4,TSRYS5802849,D,S,T,2024-07-24,1000000.00,4.462622,102.65625
08:00:31,912810UA4,TSRYS5802849,D,S,T,2024-07-24,1000000.00,4.461687,102.671875
08:00:31,912810UA4,TSRYS5802849,D,S,T,2024-07-24,1000000.00,4.461687,102.671875
08:00:31,912810UA4,TSRYS5802849,D,S,T,2024-07-24,1000000.00,4.462622,102.65625
08:00:31,912810UA4,TSRYS5802849,D,S,T,2024-07-24,1000000.00,4.46192,102.66796875
08:00:31,912810UA4,TSRYS5802849,D,S,T,2024-07-24,1000000.00,4.460752,102.6875
08:00:31,912810UA4,TSRYS5802849,D,S,T,2024-07-24,1000000.00,4.460752,102.6875
08:00:31,912810UA4,TSRYS5802849,D,S,T,2024-07-24,1000000.00,4.460752,102.6875
08:00:31,912810UA4,TSRYS5802849,D,S,T,2024-07-24,1000000.00,4.460752,102.6875
08:00:31,912810UA4,TSRYS5802849,D,S,T,2024-07-24,1000000.00,4.4673,102.578125
08:00:31,912810UA4,TSRYS5802849,D,S,T,2024-07-24,1000000.00,4.468236,102.5625
08:00:31,912810UA4,TSRYS5802849,D,S,T,2024-07-24,1000000.00,4.468236,102.5625
08:00:31,912810UA4,TSRYS5802849,D,S,T,2024-07-24,1000000.00,4.468236,102.5625
08:00:31,912810UA4,TSRYS5802849,D,S,T,2024-07-24,1000000.00,4.466364,102.59375
08:00:31,912810UA4,TSRYS5802849,D,S,T,2024-07-24,1000000.00,4.466364,102.59375
08:00:31,912810UA4,TSRYS5802849,D,S,T,2024-07-24,1000000.00,4.471983,102.5
08:00:31,912810UA4,TSRYS5802849,D,S,T,2024-07-24,1000000.00,4.471983,102.5
08:00:31,912810UA4,TSRYS5802849,D,S,T,2024-07-24,1000000.00,4.471983,102.5
08:00:31,912810UA4,TSRYS5802849,D,S,T,2024-07-24,1000000.00,4.471983,102.5
08:00:31,912810UA4,TSRYS5802849,D,S,T,2024-07-24,1000000.00,4.470109,102.53125
08:00:31,912810UA4,TSRYS5802849,D,S,T,2024-07-24,1000000.00,4.469173,102.546875
08:00:31,912810UA4,TSRYS5802849,D,S,T,2024-07-24,1000000.00,4.471046,102.515625
08:00:31,912810UA4,TSRYS5802849,D,S,T,2024-07-24,1000000.00,4.471046,102.515625
08:00:31,912810UA4,TSRYS5802849,D,S,T,2024-07-24,1000000.00,4.472452,102.4921875
08:00:31,912810UA4,TSRYS5802849,D,S,T,2024-07-24,1000000.00,4.472921,102.484375
08:00:31,912810UA4,TSRYS5802849,D,S,T,2024-07-24,1000000.00,4.472218,102.49609375
08:00:31,912810UA4,TSRYS5802849,D,S,T,2024-07-24,1000000.00,4.4721,102.498046875
08:00:31,912810UA4,TSRYS5802849,D,S,T,2024-07-24,1000000.00,4.471983,102.5
08:00:31,912810UA4,TSRYS5802849,D,S,T,2024-07-24,1000000.00,4.473858,102.46875
08:00:32,912810UA4,TSRYS5802849,D,S,T,2024-07-24,1000000.00,4.473858,102.46875
08:00:32,912810UA4,TSRYS5802849,D,S,D,2024-07-24,1000000.00,4.472686,102.48828125
08:00:32,912810UA4,TSRYS5802849,D,S,T,2024-07-24,1000000.00,4.478079,102.3984375
08:00:32,912810UA4,TSRYS5802849,D,S,T,2024-07-24,5000000.00,4.478079,102.3984375
08:00:32,912810UA4,TSRYS5802849,D,S,T,2024-07-24,1000000.00,4.478079,102.3984375
08:00:32,912810UA4,TSRYS5802849,D,S,T,2024-07-24,1000000.00,4.478549,102.390625
08:00:32,912810UA4,TSRYS5802849,D,S,T,2024-07-24,1000000.00,4.479487,102.375
08:00:32,912810UA4,TSRYS5802849,D,S,T,2024-07-24,1000000.00,4.478197,102.396484375
08:00:32,912810UA4,TSRYS5802849,D,S,T,2024-07-24,1000000.00,4.478079,102.3984375
08:00:32,912810UA4,TSRYS5802849,D,S,T,2024-07-24,1000000.00,4.478549,102.390625
08:00:32,912810UA4,TSRYS5802849,D,S,T,2024-07-24,1000000.00,4.478549,102.390625
08:00:32,912810UA4,TSRYS5802849,D,S,T,2024-07-24,1000000.00,4.478549,102.390625
08:00:32,912810UA4,TSRYS5802849,D,S,T,2024-07-24,1000000.00,4.478901,102.384765625
08:00:32,912810UA4,TSRYS5802849,D,S,T,2024-07-24,1000000.00,4.478549,102.390625
08:00:32,912810UA4,TSRYS5802849,D,S,T,2024-07-24,1000000.00,4.478549,102.390625
08:00:32,912810UA4,TSRYS5802849,D,S,T,2024-07-24,1000000.00,4.478549,102.390625
08:00:32,912810UA4,TSRYS5802849,D,S,T,2024-07-24,1000000.00,4.478549,102.390625
08:00:32,912810UA4,TSRYS5802849,D,S,T,2024-07-24,1000000.00,4.478549,102.390625
08:00:32,912810UA4,TSRYS5802849,D,S,T,2024-07-24,1000000.00,4.478549,102.390625
08:00:32,912810UA4,TSRYS5802849,D,S,T,2024-07-24,1000000.00,4.478549,102.390625
08:00:32,912810UA4,TSRYS5802849,D,S,T,2024-07-24,1000000.00,4.478549,102.390625
08:00:32,912810UA4,TSRYS5802849,D,S,T,2024-07-24,1000000.00,4.478549,102.390625
08:00:32,912810UA4,TSRYS5802849,D,S,T,2024-07-24,1000000.00,4.478549,102.390625
08:00:32,912810UA4,TSRYS5802849,D,S,T,2024-07-24,1000000.00,4.479487,102.375
08:00:32,912810UA4,TSRYS5802849,D,S,T,2024-07-24,1000000.00,4.478314,102.39453125
08:00:32,912810UA4,TSRYS5802849,D,S,T,2024-07-24,1000000.00,4.478079,102.3984375
08:00:32,912810UA4,TSRYS5802849,D,S,T,2024-07-24,1000000.00,4.478549,102.390625
08:00:32,912810UA4,TSRYS5802849,D,S,T,2024-07-24,1000000.00,4.479487,102.375
08:00:32,912810UA4,TSRYS5802849,D,S,T,2024-07-24,1000000.00,4.479487,102.375
08:00:32,912810UA4,TSRYS5802849,D,S,T,2024-07-24,1000000.00,4.479487,102.375
08:00:32,912810UA4,TSRYS5802849,D,S,T,2024-07-24,1000000.00,4.480426,102.359375
08:00:32,912810UA4,TSRYS5802849,D,S,T,2024-07-24,1000000.00,4.480426,102.359375
08:00:32,912810UA4,TSRYS5802849,D,S,T,2024-07-24,1000000.00,4.482305,102.328125
08:00:32,912810UA4,TSRYS5802849,D,S,T,2024-07-24,1000000.00,4.483244,102.3125
08:00:32,912810UA4,TSRYS5802849,D,S,T,2024-07-24,1000000.00,4.484184,102.296875
08:00:32,912810UA4,TSRYS5802849,D,S,T,2024-07-24,1000000.00,4.486064,102.265625
08:00:32,912810UA4,TSRYS5802849,D,S,T,2024-07-24,1000000.00,4.486064,102.265625
08:00:32,912810UA4,TSRYS5802849,D,S,T,2024-07-24,1000000.00,4.486064,102.265625
08:00:32,912810UA4,TSRYS5802849,D,S,T,2024-07-24,1000000.00,4.486064,102.265625
08:00:32,912810UA4,TSRYS5802849,D,S,T,2024-07-24,1000000.00,4.482305,102.328125
08:00:32,912810UA4,TSRYS5802849,D,S,T,2024-07-24,1000000.00,4.480426,102.359375
08:00:32,912810UA4,TSRYS5802849,D,S,T,2024-07-24,1000000.00,4.483244,102.3125
08:00:32,912810UA4,TSRYS5802849,D,S,T,2024-07-24,1000000.00,4.478549,102.390625
08:00:32,912810UA4,TSRYS5802849,D,S,T,2024-07-24,1000000.00,4.478549,102.390625
08:00:32,912810UA4,TSRYS5802849,D,S,T,2024-07-24,1000000.00,4.47761,102.40625
08:00:32,912810UA4,TSRYS5802849,D,S,D,2024-07-24,1000000.00,4.479722,102.37109375
08:00:32,912810UA4,TSRYS5802849,D,S,T,2024-07-24,1000000.00,4.479722,102.37109375
08:00:32,912810UA4,TSRYS5802849,D,S,T,2024-07-24,1000000.00,4.479487,102.375
08:00:32,912810UA4,TSRYS5802849,D,S,T,2024-07-24,1000000.00,4.479605,102.373046875
08:00:32,912810UA4,TSRYS5802849,D,S,T,2024-07-24,1000000.00,4.478549,102.390625
08:00:32,912810UA4,TSRYS5802849,D,S,T,2024-07-24,1000000.00,4.478666,102.388671875
08:00:32,912810UA4,TSRYS5802849,D,S,T,2024-07-24,1000000.00,4.479487,102.375
08:00:32,912810UA4,TSRYS5802849,D,S,T,2024-07-24,1000000.00,4.479487,102.375
08:00:32,912810UA4,TSRYS5802849,D,S,T,2024-07-24,1000000.00,4.478549,102.390625
08:00:32,912810UA4,TSRYS5802849,D,S,T,2024-07-24,1000000.00,4.47632,102.427734375
08:00:32,912810UA4,TSRYS5802849,D,S,T,2024-07-24,1000000.00,4.476085,102.431640625
08:00:32,912810UA4,TSRYS5802849,D,S,D,2024-07-24,1000000.00,4.474561,102.45703125
08:00:32,912810UA4,TSRYS5802849,D,S,T,2024-07-24,1000000.00,4.474796,102.453125
08:00:32,912810UA4,TSRYS5802849,D,S,T,2024-07-24,1000000.00,4.474796,102.453125
08:00:32,912810UA4,TSRYS5802849,D,S,T,2024-07-24,1000000.00,4.471398,102.509765625
08:00:32,912810UA4,TSRYS5802849,D,S,T,2024-07-24,1000000.00,4.471046,102.515625
08:00:32,912810UA4,TSRYS5802849,D,S,T,2024-07-24,1000000.00,4.47128,102.51171875
08:00:32,912810UA4,TSRYS5802849,D,S,T,2024-07-24,2000000.00,4.471046,102.515625
08:00:32,912810UA4,TSRYS5802849,D,S,T,2024-07-24,1000000.00,4.471983,102.5
08:00:32,912810UA4,TSRYS5802849,D,S,T,2024-07-24,1000000.00,4.471983,102.5
08:00:32,912810UA4,TSRYS5802849,D,S,T,2024-07-24,1000000.00,4.472569,102.490234375
08:00:32,912810UA4,TSRYS5802849,D,S,T,2024-07-24,1000000.00,4.472921,102.484375
08:00:32,912810UA4,TSRYS5802849,D,S,T,2024-07-24,1000000.00,4.472921,102.484375
08:00:32,912810UA4,TSRYS5802849,D,S,T,2024-07-24,1000000.00,4.472921,102.484375
08:00:32,912810UA4,TSRYS5802849,D,S,T,2024-07-24,1000000.00,4.473155,102.48046875
08:00:32,912810UA4,TSRYS5802849,D,S,T,2024-07-24,1000000.00,4.473858,102.46875
08:00:32,912810UA4,TSRYS5802849,D,S,D,2024-07-24,1000000.00,4.473858,102.46875
08:00:32,912810UA4,TSRYS5802849,D,S,T,2024-07-24,1000000.00,4.47421,102.462890625
08:00:32,912810UA4,TSRYS5802849,D,S,T,2024-07-24,1000000.00,4.474796,102.453125
08:00:32,912810UA4,TSRYS5802849,D,S,D,2024-07-24,1000000.00,4.47761,102.40625
08:00:32,912810UA4,TSRYS5802849,D,S,D,2024-07-24,1000000.00,4.477141,102.4140625
08:00:32,912810UA4,TSRYS5802849,D,S,D,2024-07-24,1000000.00,4.473389,102.4765625
08:00:32,912810UA4,TSRYS5802849,D,S,D,2024-07-24,1000000.00,4.473155,102.48046875
08:00:32,912810UA4,TSRYS5802849,D,S,D,2024-07-24,3000000.00,4.460986,102.68359375
08:00:34,912810UA4,TSRYS5802849,D,S,D,2024-07-24,16000000.00,4.465428,102.609375
08:00:34,912810UA4,TSRYS5802849,D,S,A,2024-07-24,16000000.00,4.487718,102.23828125
08:00:34,912810UA4,TSRYS5802849,D,S,A,2024-07-24,2500000.00,4.481365,102.34375
08:00:34,912810UA4,TSRYS5802849,D,B,A,2024-07-24,3000000.00,4.484654,102.2890625
08:00:34,912810UA4,TSRYS5802849,D,S,T,2024-07-24,1000000.00,4.475734,102.4375
08:00:34,912810UA4,TSRYS5802849,D,B,C,2024-07-24,3000000.00,4.476293,102.4281875
08:00:34,912810UA4,TSRYS5802849,D,B,C,2024-07-24,1000000.00,4.474065,102.465296875
08:00:34,912810UA4,TSRYS5802849,D,S,D,2024-07-24,1000000.00,4.465428,102.609375
08:00:34,912810UA4,TSRYS5802849,D,S,D,2024-07-24,2000000.00,4.465428,102.609375
08:00:34,912810UA4,TSRYS5802849,D,B,A,2024-07-24,5000000.00,4.461687,102.671875
08:00:34,912810UA4,TSRYS5802849,D,B,C,2024-07-24,9000000.00,4.463206,102.646484375
08:00:34,912810UA4,TSRYS5802849,D,B,C,2024-07-24,7000000.00,4.466598,102.58984375
08:00:34,912810UA4,TSRYS5802849,D,S,A,2024-07-24,5000000.00,4.467768,102.5703125
08:00:34,912810UA4,TSRYS5802849,D,B,C,2024-07-24,7000000.00,4.467768,102.5703125
08:00:34,912810UA4,TSRYS5802849,D,S,T,2024-07-24,1000000.00,4.479018,102.3828125
08:00:34,912810UA4,TSRYS5802849,D,S,T,2024-07-24,1000000.00,4.479018,102.3828125
08:00:34,912810UA4,TSRYS5802849,D,S,D,2024-07-24,7000000.00,4.478605,102.38969
08:00:34,912810UA4,TSRYS5802849,D,S,D,2024-07-24,10000000.00,4.475308,102.44459
08:00:34,912810UA4,TSRYS5802849,D,S,T,2024-07-24,1000000.00,4.479018,102.3828125
08:00:34,912810UA4,TSRYS5802849,D,S,T,2024-07-24,1000000.00,4.478197,102.396484375
08:00:34,912810UA4,TSRYS5802849,D,S,A,2024-07-24,35600000.00,4.478549,102.390625
08:00:34,912810UA4,TSRYS5802849,D,S,D,2024-07-24,1000000.00,4.479666,102.3720246011
08:00:34,912810UA4,TSRYS5802849,D,S,D,2024-07-24,1000000.00,4.470344,102.52734375
08:00:34,912810UA4,TSRYS5802849,D,S,D,2024-07-24,1000000.00,4.469875,102.53515625
08:00:34,912810UA4,TSRYS5802849,D,B,C,2024-07-24,10000000.00,4.48113,102.34765625
08:00:34,912810UA4,TSRYS5802849,D,S,C,2024-07-24,2000000.00,4.479957,102.3671875
08:00:34,912810UA4,TSRYS5802849,D,S,T,2024-07-24,1000000.00,4.464492,102.625
08:00:35,912810UA4,TSRYS5802849,D,B,C,2024-07-24,1600000.00,4.479487,102.375
08:00:35,912810UA4,TSRYS5802849,D,B,A,2024-07-24,1000000.00,4.471983,102.5
08:00:35,912810UA4,TSRYS5802849,D,S,T,2024-07-24,1000000.00,4.471046,102.515625
08:00:35,912810UA4,TSRYS5802849,D,S,T,2024-07-24,1000000.00,4.471046,102.515625
08:00:35,912810UA4,TSRYS5802849,D,S,T,2024-07-24,1000000.00,4.471046,102.515625
08:00:35,912810UA4,TSRYS5802849,D,S,T,2024-07-24,1000000.00,4.471046,102.515625
08:00:35,912810UA4,TSRYS5802849,D,S,T,2024-07-24,1000000.00,4.471046,102.515625
08:00:35,912810UA4,TSRYS5802849,D,S,T,2024-07-24,1000000.00,4.471046,102.515625
08:00:35,912810UA4,TSRYS5802849,D,S,T,2024-07-24,2000000.00,4.474444,102.458984375
08:00:35,912810UA4,TSRYS5802849,D,S,T,2024-07-24,1000000.00,4.473858,102.46875
08:00:35,912810UA4,TSRYS5802849,D,S,T,2024-07-24,1000000.00,4.473858,102.46875
08:00:35,912810UA4,TSRYS5802849,D,S,T,2024-07-24,1000000.00,4.473858,102.46875
08:00:35,912810UA4,TSRYS5802849,D,S,T,2024-07-24,1000000.00,4.473858,102.46875
08:00:35,912810UA4,TSRYS5802849,D,S,T,2024-07-24,1000000.00,4.47421,102.462890625
08:00:36,912810UA4,TSRYS5802849,D,S,D,2024-07-24,2000000.00,4.466364,102.59375
08:00:36,912810UA4,TSRYS5802849,D,S,D,2024-07-24,1000000.00,4.463791,102.63671875
08:00:37,912810UA4,TSRYS5802849,D,S,T,2024-07-24,1000000.00,4.464492,102.625
08:00:38,912810UA4,TSRYS5802849,D,B,C,2024-07-24,250000.00,4.470109,102.53125
08:00:38,912810UA4,TSRYS5802849,D,S,D,2024-07-24,1000000.00,4.471046,102.515625
08:00:38,912810UA4,TSRYS5802849,D,S,D,2024-07-24,1000000.00,4.4673,102.578125
08:00:38,912810UA4,TSRYS5802849,D,S,D,2024-07-24,1000000.00,4.4673,102.578125
08:00:38,912810UA4,TSRYS5802849,D,S,D,2024-07-24,1000000.00,4.4673,102.578125
08:00:40,912810UA4,TSRYS5802849,D,S,D,2024-07-24,1000000.00,4.465428,102.609375
08:00:40,912810UA4,TSRYS5802849,D,S,D,2024-07-24,1000000.00,4.465428,102.609375
08:00:41,912810UA4,TSRYS5802849,D,S,C,2024-07-24,3000000.00,4.484176,102.296875
08:00:41,912810UA4,TSRYS5802849,D,S,T,2024-07-24,1000000.00,4.4673,102.578125
08:00:41,912810UA4,TSRYS5802849,D,S,T,2024-07-24,1000000.00,4.4673,102.578125
08:00:42,912810UA4,TSRYS5802849,D,S,T,2024-07-24,1000000.00,4.4673,102.578125
08:00:42,912810UA4,TSRYS5802849,D,S,T,2024-07-24,1000000.00,4.4673,102.578125
08:00:42,912810UA4,TSRYS5802849,D,S,T,2024-07-24,1000000.00,4.4673,102.578125
08:00:42,912810UA4,TSRYS5802849,D,S,T,2024-07-24,1000000.00,4.467183,102.580078125
08:00:42,912810UA4,TSRYS5802849,D,S,T,2024-07-24,1000000.00,4.464492,102.625
08:00:42,912810UA4,TSRYS5802849,D,S,D,2024-07-24,1000000.00,4.4673,102.578125
08:00:42,912810UA4,TSRYS5802849,D,S,D,2024-07-24,1000000.00,4.481835,102.3359375
08:00:42,912810UA4,TSRYS5802849,D,S,T,2024-07-24,1000000.00,4.4673,102.578125
08:00:42,912810UA4,TSRYS5802849,D,S,D,2024-07-24,3000000.00,4.464282,102.62850625
08:00:42,912810UA4,TSRYS5802849,D,S,T,2024-07-24,3000000.00,4.4673,102.578125
08:00:42,912810UA4,TSRYS5802849,D,S,D,2024-07-24,100000.00,4.488626,102.22305625
08:00:42,912810UA4,TSRYS5802849,D,S,D,2024-07-24,3000000.00,4.487181,102.247070312
08:00:42,912810UA4,TSRYS5802849,D,S,T,2024-07-24,1000000.00,4.4673,102.578125
08:00:42,912810UA4,TSRYS5802849,D,S,D,2024-07-24,500000.00,4.486064,102.265625
08:00:42,912810UA4,TSRYS5802849,D,S,D,2024-07-24,1000000.00,4.48207,102.33203125
08:00:43,912810UA4,TSRYS5802849,D,S,D,2024-07-24,1000000.00,4.470578,102.5234375
08:00:43,912810UA4,TSRYS5802849,D,B,C,2024-07-24,3000000.00,4.472476,102.4917875
08:00:43,912810UA4,TSRYS5802849,D,S,C,2024-07-24,10000000.00,4.487945,102.234375
08:00:43,912810UA4,TSRYS5802849,D,S,T,2024-07-24,1000000.00,4.4673,102.578125
08:00:43,912810UA4,TSRYS5802849,D,S,D,2024-07-24,1000000.00,4.487945,102.234375
08:00:43,912810UA4,TSRYS5802849,D,S,T,2024-07-24,1000000.00,4.4673,102.578125
08:00:43,912810UA4,TSRYS5802849,D,S,T,2024-07-24,1000000.00,4.4673,102.578125
08:00:43,912810UA4,TSRYS5802849,D,S,D,2024-07-24,1000000.00,4.480896,102.3515625
08:00:43,912810UA4,TSRYS5802849,D,S,T,2024-07-24,1000000.00,4.480191,102.36328125
08:00:44,912810UA4,TSRYS5802849,D,B,C,2024-07-24,90200.00,4.483714,102.3046875
08:00:44,912810UA4,TSRYS5802849,D,S,D,2024-07-24,259200.00,4.484654,102.2890625
08:00:44,912810UA4,TSRYS5802849,D,S,D,2024-07-24,1000000.00,4.481365,102.34375
08:00:44,912810UA4,TSRYS5802849,D,B,A,2024-07-24,10000000.00,4.469641,102.5390625
08:00:44,912810UA4,TSRYS5802849,D,S,A,2024-07-24,9000000.00,,103.51801
08:00:44,912810UA4,TSRYS5802849,D,S,T,2024-07-24,1000000.00,4.468236,102.5625
08:00:44,912810UA4,TSRYS5802849,D,S,T,2024-07-24,1000000.00,4.466364,102.59375
08:00:44,912810UA4,TSRYS5802849,D,S,C,2024-07-24,55000.00,4.480872,102.3519625
08:00:44,912810UA4,TSRYS5802849,D,S,D,2024-07-24,1000000.00,4.47761,102.40625
08:00:44,912810UA4,TSRYS5802849,D,S,T,2024-07-24,1000000.00,4.471046,102.515625
08:00:44,912810UA4,TSRYS5802849,D,S,D,2024-07-24,5200000.00,4.477857,102.40214375
08:00:44,912810UA4,TSRYS5802849,D,S,C,2024-07-24,7000000.00,4.474092,102.46484375
08:00:44,912810UA4,TSRYS5802849,D,S,D,2024-07-24,3000000.00,4.469871,102.53522
08:00:44,912810UA4,TSRYS5802849,D,S,T,2024-07-24,2000000.00,4.471046,102.515625
08:00:44,912810UA4,TSRYS5802849,D,S,T,2024-07-24,1000000.00,4.4673,102.578125
08:00:44,912810UA4,TSRYS5802849,D,S,T,2024-07-24,1000000.00,4.465077,102.615234375
08:00:44,912810UA4,TSRYS5802849,D,S,T,2024-07-24,4000000.00,4.471046,102.515625
08:00:45,912810UA4,TSRYS5802849,D,B,A,2024-07-24,1500000.00,4.46847,102.55859375
08:00:45,912810UA4,TSRYS5802849,D,B,C,2024-07-24,3000000.00,4.464282,102.62850625
08:00:45,912810UA4,TSRYS5802849,D,S,T,2024-07-24,3000000.00,4.471046,102.515625
08:00:45,912810UA4,TSRYS5802849,D,S,D,2024-07-24,9000000.00,4.466551,102.590625
08:00:45,912810UA4,TSRYS5802849,D,S,T,2024-07-24,1000000.00,4.464492,102.625
08:00:45,912810UA4,TSRYS5802849,D,B,C,2024-07-24,10000000.00,4.461932,102.66776875
08:00:45,912810UA4,TSRYS5802849,D,S,T,2024-07-24,1000000.00,4.464492,102.625
08:00:45,912810UA4,TSRYS5802849,D,S,D,2024-07-24,10000000.00,4.461932,102.66776875
08:00:45,912810UA4,TSRYS5802849,D,S,T,2024-07-24,1000000.00,4.463557,102.640625
08:00:45,912810UA4,TSRYS5802849,D,S,T,2024-07-24,1000000.00,4.463557,102.640625
08:00:45,912810UA4,TSRYS5802849,D,S,D,2024-07-24,1000000.00,4.470578,102.5234375
08:00:45,912810UA4,TSRYS5802849,D,S,D,2024-07-24,3000000.00,4.472476,102.4917875
08:00:45,912810UA4,TSRYS5802849,D,S,T,2024-07-24,1000000.00,4.46192,102.66796875
08:00:45,912810UA4,TSRYS5802849,D,B,A,2024-07-24,5000000.00,4.462388,102.66015625
08:00:46,912810UA4,TSRYS5802849,D,S,T,2024-07-24,1000000.00,4.460752,102.6875
08:00:46,912810UA4,TSRYS5802849,D,S,T,2024-07-24,1000000.00,4.460752,102.6875
08:00:46,912810UA4,TSRYS5802849,D,S,T,2024-07-24,1000000.00,4.463557,102.640625
08:00:46,912810UA4,TSRYS5802849,D,S,T,2024-07-24,1000000.00,4.463557,102.640625
08:00:46,912810UA4,TSRYS5802849,D,S,T,2024-07-24,1000000.00,4.464492,102.625
08:00:46,912810UA4,TSRYS5802849,D,S,D,2024-07-24,1000000.00,4.466598,102.58984375
08:00:46,912810UA4,TSRYS5802849,D,S,D,2024-07-24,90200.00,4.483714,102.3046875
08:00:46,912810UA4,TSRYS5802849,D,B,C,2024-07-24,259200.00,4.484654,102.2890625
08:00:46,912810UA4,TSRYS5802849,D,S,D,2024-07-24,4000000.00,4.482774,102.3203125
08:00:46,912810UA4,TSRYS5802849,D,S,C,2024-07-24,55000.00,4.482281,102.328525
08:00:46,912810UA4,TSRYS5802849,D,S,D,2024-07-24,1000000.00,4.481365,102.34375
08:00:46,912810UA4,TSRYS5802849,D,S,D,2024-07-24,1000000.00,4.481365,102.34375
08:00:46,912810UA4,TSRYS5802849,D,S,D,2024-07-24,1000000.00,4.480544,102.357421875
08:00:46,912810UA4,TSRYS5802849,D,S,D,2024-07-24,2000000.00,4.473819,102.469401042
08:00:46,912810UA4,TSRYS5802849,D,S,T,2024-07-24,1000000.00,4.47421,102.462890625
08:00:47,912810UA4,TSRYS5802849,D,B,C,2024-07-24,5200000.00,4.477857,102.40214375
08:00:47,912810UA4,TSRYS5802849,D,S,D,2024-07-24,1000000.00,4.4673,102.578125
08:00:47,912810UA4,TSRYS5802849,D,S,D,2024-07-24,1000000.00,4.4673,102.578125
08:00:47,912810UA4,TSRYS5802849,D,S,T,2024-07-24,1000000.00,4.4673,102.578125
08:00:47,912810UA4,TSRYS5802849,D,S,A,2024-07-24,3009000.00,4.486534,102.2578125
08:00:47,912810UA4,TSRYS5802849,D,S,D,2024-07-24,1000000.00,4.478079,102.3984375
08:00:47,912810UA4,TSRYS5802849,D,S,D,2024-07-24,1000000.00,4.478197,102.396484375
08:00:47,912810UA4,TSRYS5802849,D,S,D,2024-07-24,1000000.00,4.478079,102.3984375
08:00:47,912810UA4,TSRYS5802849,D,S,D,2024-07-24,2000000.00,4.478079,102.3984375
08:00:47,912810UA4,TSRYS5802849,D,S,T,2024-07-24,1000000.00,4.4673,102.578125
08:00:47,912810UA4,TSRYS5802849,D,S,D,2024-07-24,1000000.00,4.478079,102.3984375
08:00:47,912810UA4,TSRYS5802849,D,S,D,2024-07-24,1000000.00,4.478079,102.3984375
08:00:47,912810UA4,TSRYS5802849,D,S,T,2024-07-24,2000000.00,4.4673,102.578125
08:00:47,912810UA4,TSRYS5802849,D,S,D,2024-07-24,2000000.00,4.478079,102.3984375
08:00:47,912810UA4,TSRYS5802849,D,S,D,2024-07-24,2000000.00,4.478079,102.3984375
08:00:47,912810UA4,TSRYS5802849,D,S,D,2024-07-24,1000000.00,4.4673,102.578125
08:00:47,912810UA4,TSRYS5802849,D,S,D,2024-07-24,1000000.00,4.478079,102.3984375
08:00:47,912810UA4,TSRYS5802849,D,S,D,2024-07-24,1000000.00,4.478197,102.396484375
08:00:47,912810UA4,TSRYS5802849,D,S,D,2024-07-24,1000000.00,4.478549,102.390625
08:00:47,912810UA4,TSRYS5802849,D,S,D,2024-07-24,1000000.00,4.478549,102.390625
08:00:47,912810UA4,TSRYS5802849,D,S,D,2024-07-24,1000000.00,4.478549,102.390625
08:00:47,912810UA4,TSRYS5802849,D,S,D,2024-07-24,1000000.00,4.478549,102.390625
08:00:47,912810UA4,TSRYS5802849,D,S,D,2024-07-24,1000000.00,4.478549,102.390625
08:00:47,912810UA4,TSRYS5802849,D,S,D,2024-07-24,1000000.00,4.479487,102.375
08:00:47,912810UA4,TSRYS5802849,D,S,D,2024-07-24,1000000.00,4.479487,102.375
08:00:48,912810UA4,TSRYS5802849,D,S,D,2024-07-24,1000000.00,4.479487,102.375
08:00:48,912810UA4,TSRYS5802849,D,S,D,2024-07-24,3000000.00,4.479487,102.375
08:00:48,912810UA4,TSRYS5802849,D,S,T,2024-07-24,1000000.00,4.481365,102.34375
08:00:48,912810UA4,TSRYS5802849,D,S,T,2024-07-24,1000000.00,4.480544,102.357421875
08:00:48,912810UA4,TSRYS5802849,D,S,D,2024-07-24,55000.00,4.480872,102.3519625
08:00:49,912810UA4,TSRYS5802849,D,S,T,2024-07-24,1000000.00,4.47761,102.40625
08:00:49,912810UA4,TSRYS5802849,D,S,D,2024-07-24,1000000.00,4.477727,102.404296875
08:00:49,912810UA4,TSRYS5802849,D,S,D,2024-07-24,1000000.00,4.477493,102.408203125
08:00:49,912810UA4,TSRYS5802849,D,S,D,2024-07-24,1000000.00,4.477493,102.408203125
08:00:49,912810UA4,TSRYS5802849,D,S,T,2024-07-24,1000000.00,4.473858,102.46875
08:00:49,912810UA4,TSRYS5802849,D,S,T,2024-07-24,1000000.00,4.4673,102.578125
08:00:49,912810UA4,TSRYS5802849,D,S,D,2024-07-24,1000000.00,4.475968,102.43359375
08:00:50,912810UA4,TSRYS5802849,D,S,T,2024-07-24,8000000.00,4.473858,102.46875
08:00:50,912810UA4,TSRYS5802849,D,S,T,2024-07-24,1000000.00,4.47632,102.427734375
08:00:50,912810UA4,TSRYS5802849,D,S,T,2024-07-24,1000000.00,4.473858,102.46875
08:00:50,912810UA4,TSRYS5802849,D,S,D,2024-07-24,1000000.00,4.476203,102.4296875
08:00:50,912810UA4,TSRYS5802849,D,S,D,2024-07-24,1000000.00,4.473624,102.47265625
08:00:50,912810UA4,TSRYS5802849,D,B,C,2024-07-24,1000000.00,4.471515,102.5078125
08:00:50,912810UA4,TSRYS5802849,D,B,C,2024-07-24,1500000.00,4.470578,102.5234375
08:00:50,912810UA4,TSRYS5802849,D,S,C,2024-07-24,1000000.00,4.470578,102.5234375
08:00:50,912810UA4,TSRYS5802849,D,S,D,2024-07-24,1000000.00,4.473624,102.47265625
08:00:50,912810UA4,TSRYS5802849,D,S,D,2024-07-24,2000000.00,4.472358,102.49375
08:00:50,912810UA4,TSRYS5802849,D,S,T,2024-07-24,2000000.00,4.4673,102.578125
08:00:50,912810UA4,TSRYS5802849,D,S,T,2024-07-24,1000000.00,4.467183,102.580078125
08:00:50,912810UA4,TSRYS5802849,D,S,D,2024-07-24,1000000.00,4.473858,102.46875
08:00:51,912810UA4,TSRYS5802849,D,S,D,2024-07-24,1000000.00,4.477141,102.4140625
08:00:51,912810UA4,TSRYS5802849,D,S,D,2024-07-24,6000.00,4.473365,102.4769625
08:00:51,912810UA4,TSRYS5802849,D,S,T,2024-07-24,1000000.00,4.47761,102.40625
08:00:51,912810UA4,TSRYS5802849,D,B,C,2024-07-24,1000000.00,4.473155,102.48046875
08:00:51,912810UA4,TSRYS5802849,D,S,T,2024-07-24,1000000.00,4.484889,102.28515625
08:00:52,912810UA4,TSRYS5802849,D,S,D,2024-07-24,8000000.00,4.479455,102.37554
08:00:52,912810UA4,TSRYS5802849,D,S,D,2024-07-24,1000000.00,4.478783,102.38671875
08:00:52,912810UA4,TSRYS5802849,D,S,D,2024-07-24,1000000.00,4.478549,102.390625
08:00:52,912810UA4,TSRYS5802849,D,S,D,2024-07-24,1000000.00,4.479487,102.375
08:00:52,912810UA4,TSRYS5802849,D,S,D,2024-07-24,1000000.00,4.479018,102.3828125
08:00:52,912810UA4,TSRYS5802849,D,S,D,2024-07-24,1000000.00,4.479487,102.375
08:00:52,912810UA4,TSRYS5802849,D,S,D,2024-07-24,1000000.00,4.479722,102.37109375
08:00:52,912810UA4,TSRYS5802849,D,S,T,2024-07-24,1000000.00,4.47761,102.40625
08:00:52,912810UA4,TSRYS5802849,D,S,T,2024-07-24,1000000.00,4.481835,102.3359375
08:00:52,912810UA4,TSRYS5802849,D,S,A,2024-07-24,1000000.00,4.475734,102.4375
08:00:52,912810UA4,TSRYS5802849,D,S,T,2024-07-24,1000000.00,4.473741,102.470703125
08:00:52,912810UA4,TSRYS5802849,D,S,T,2024-07-24,1000000.00,4.473741,102.470703125
08:00:52,912810UA4,TSRYS5802849,D,S,T,2024-07-24,1000000.00,4.474796,102.453125
08:00:52,912810UA4,TSRYS5802849,D,S,T,2024-07-24,1000000.00,4.474796,102.453125
08:00:52,912810UA4,TSRYS5802849,D,S,T,2024-07-24,1000000.00,4.474796,102.453125
08:00:52,912810UA4,TSRYS5802849,D,S,T,2024-07-24,1000000.00,4.474796,102.453125
08:00:52,912810UA4,TSRYS5802849,D,S,T,2024-07-24,1000000.00,4.468236,102.5625
08:00:52,912810UA4,TSRYS5802849,D,S,T,2024-07-24,1000000.00,4.474796,102.453125
08:00:52,912810UA4,TSRYS5802849,D,S,T,2024-07-24,3000000.00,4.468236,102.5625
08:00:53,912810UA4,TSRYS5802849,D,S,T,2024-07-24,1000000.00,4.464492,102.625
08:00:53,912810UA4,TSRYS5802849,D,S,T,2024-07-24,1000000.00,4.465428,102.609375
08:00:53,912810UA4,TSRYS5802849,D,S,A,2024-07-24,1000000.00,4.475734,102.4375
08:00:53,912810UA4,TSRYS5802849,D,S,T,2024-07-24,1000000.00,4.478085,102.3983375
08:00:53,912810UA4,TSRYS5802849,D,S,T,2024-07-24,1000000.00,4.478085,102.3983375
08:00:53,912810UA4,TSRYS5802849,D,S,T,2024-07-24,1000000.00,4.464492,102.625
08:00:53,912810UA4,TSRYS5802849,D,S,T,2024-07-24,1000000.00,4.478549,102.390625
08:00:53,912810UA4,TSRYS5802849,D,S,T,2024-07-24,1000000.00,4.463557,102.640625
08:00:53,912810UA4,TSRYS5802849,D,S,T,2024-07-24,1000000.00,4.476085,102.431640625
08:00:54,912810UA4,TSRYS5802849,D,S,D,2024-07-24,1000000.00,4.466676,102.588541667
08:00:54,912810UA4,TSRYS5802849,D,B,C,2024-07-24,16000000.00,4.481365,102.34375
08:00:54,912810UA4,TSRYS5802849,D,B,A,2024-07-24,4243000.00,4.464492,102.625
08:00:54,912810UA4,TSRYS5802849,D,S,D,2024-07-24,3000000.00,4.463557,102.640625
08:00:54,912810UA4,TSRYS5802849,D,S,T,2024-07-24,1000000.00,4.461687,102.671875
08:00:54,912810UA4,TSRYS5802849,D,S,T,2024-07-24,1000000.00,4.461336,102.677734375
08:00:54,912810UA4,TSRYS5802849,D,S,T,2024-07-24,1000000.00,4.461687,102.671875
08:00:54,912810UA4,TSRYS5802849,D,S,T,2024-07-24,1000000.00,4.482305,102.328125
08:00:54,912810UA4,TSRYS5802849,D,S,T,2024-07-24,1000000.00,4.461687,102.671875
08:00:54,912810UA4,TSRYS5802849,D,S,T,2024-07-24,1000000.00,4.460752,102.6875
08:00:54,912810UA4,TSRYS5802849,D,S,T,2024-07-24,1000000.00,4.460752,102.6875
08:00:54,912810UA4,TSRYS5802849,D,S,T,2024-07-24,1000000.00,4.460752,102.6875
08:00:54,912810UA4,TSRYS5802849,D,S,T,2024-07-24,1000000.00,4.461804,102.669921875
08:00:54,912810UA4,TSRYS5802849,D,S,T,2024-07-24,1000000.00,4.463557,102.640625
08:00:54,912810UA4,TSRYS5802849,D,S,T,2024-07-24,1000000.00,4.463557,102.640625
08:00:54,912810UA4,TSRYS5802849,D,S,T,2024-07-24,1000000.00,4.463557,102.640625
08:00:54,912810UA4,TSRYS5802849,D,S,T,2024-07-24,5000000.00,4.47761,102.40625
08:00:54,912810UA4,TSRYS5802849,D,S,T,2024-07-24,1000000.00,4.47761,102.40625
08:00:55,912810UA4,TSRYS5802849,D,S,T,2024-07-24,1000000.00,4.470578,102.5234375
08:00:55,912810UA4,TSRYS5802849,D,S,T,2024-07-24,1000000.00,4.470578,102.5234375
08:00:55,912810UA4,TSRYS5802849,D,S,T,2024-07-24,2000000.00,4.473038,102.482421875
08:00:55,912810UA4,TSRYS5802849,D,S,T,2024-07-24,1000000.00,4.482305,102.328125
08:00:55,912810UA4,TSRYS5802849,D,B,A,2024-07-24,3000000.00,4.484419,102.29296875
08:00:55,912810UA4,TSRYS5802849,D,S,T,2024-07-24,1000000.00,4.481365,102.34375
08:00:55,912810UA4,TSRYS5802849,D,S,T,2024-07-24,1000000.00,4.47761,102.40625
08:00:56,912810UA4,TSRYS5802849,D,S,C,2024-07-24,15000.00,4.46634,102.62748333333
08:00:56,912810UA4,TSRYS5802849,D,S,D,2024-07-24,5000000.00,4.478079,102.3984375
08:00:56,912810UA4,TSRYS5802849,D,S,D,2024-07-24,1000000.00,4.478197,102.396484375
08:00:56,912810UA4,TSRYS5802849,D,S,D,2024-07-24,2000000.00,4.478079,102.3984375
08:00:56,912810UA4,TSRYS5802849,D,S,D,2024-07-24,2000000.00,4.478079,102.3984375
08:00:56,912810UA4,TSRYS5802849,D,S,D,2024-07-24,2000000.00,4.478079,102.3984375
08:00:56,912810UA4,TSRYS5802849,D,S,D,2024-07-24,1000000.00,4.478079,102.3984375
08:00:56,912810UA4,TSRYS5802849,D,S,D,2024-07-24,1000000.00,4.478197,102.396484375
08:00:56,912810UA4,TSRYS5802849,D,S,D,2024-07-24,1000000.00,4.478079,102.3984375
08:00:56,912810UA4,TSRYS5802849,D,S,D,2024-07-24,2000000.00,4.478079,102.3984375
08:00:56,912810UA4,TSRYS5802849,D,S,D,2024-07-24,1000000.00,4.478549,102.390625
08:00:56,912810UA4,TSRYS5802849,D,S,D,2024-07-24,1000000.00,4.478549,102.390625
08:00:56,912810UA4,TSRYS5802849,D,S,D,2024-07-24,1000000.00,4.478549,102.390625
08:00:56,912810UA4,TSRYS5802849,D,S,D,2024-07-24,1000000.00,4.478549,102.390625
08:00:56,912810UA4,TSRYS5802849,D,S,D,2024-07-24,1000000.00,4.478549,102.390625
08:00:56,912810UA4,TSRYS5802849,D,S,D,2024-07-24,1000000.00,4.479487,102.375
08:00:56,912810UA4,TSRYS5802849,D,S,D,2024-07-24,1000000.00,4.479487,102.375
08:00:56,912810UA4,TSRYS5802849,D,S,D,2024-07-24,1000000.00,4.479487,102.375
08:00:56,912810UA4,TSRYS5802849,D,S,D,2024-07-24,1000000.00,4.479487,102.375
08:00:56,912810UA4,TSRYS5802849,D,S,D,2024-07-24,1000000.00,4.483714,102.3046875
08:00:56,912810UA4,TSRYS5802849,D,S,D,2024-07-24,1000000.00,4.477375,102.41015625
08:00:56,912810UA4,TSRYS5802849,D,S,T,2024-07-24,1000000.00,4.476203,102.4296875
08:00:56,912810UA4,TSRYS5802849,D,S,T,2024-07-24,1000000.00,4.476203,102.4296875
08:00:56,912810UA4,TSRYS5802849,D,S,T,2024-07-24,4000000.00,4.482774,102.3203125
08:00:56,912810UA4,TSRYS5802849,D,S,T,2024-07-24,1000000.00,4.482774,102.3203125
08:00:56,912810UA4,TSRYS5802849,D,S,D,2024-07-24,55000.00,4.482281,102.328525
08:00:56,912810UA4,TSRYS5802849,D,S,T,2024-07-24,1000000.00,4.481365,102.34375
08:00:56,912810UA4,TSRYS5802849,D,S,T,2024-07-24,1000000.00,4.481365,102.34375
08:00:57,912810UA4,TSRYS5802849,D,S,T,2024-07-24,1000000.00,4.478314,102.39453125
08:00:57,912810UA4,TSRYS5802849,D,S,T,2024-07-24,2000000.00,4.478079,102.3984375
08:00:57,912810UA4,TSRYS5802849,D,S,D,2024-07-24,400000.00,4.481811,102.3363375
08:00:57,912810UA4,TSRYS5802849,D,S,T,2024-07-24,1000000.00,4.478549,102.390625
08:00:57,912810UA4,TSRYS5802849,D,S,T,2024-07-24,1000000.00,4.478549,102.390625
08:00:57,912810UA4,TSRYS5802849,D,S,D,2024-07-24,1000000.00,4.480426,102.359375
08:00:57,912810UA4,TSRYS5802849,D,S,D,2024-07-24,1000000.00,4.480426,102.359375
08:00:57,912810UA4,TSRYS5802849,D,S,D,2024-07-24,1000000.00,4.477845,102.40234375
08:00:57,912810UA4,TSRYS5802849,D,S,D,2024-07-24,1000000.00,4.47761,102.40625
08:00:57,912810UA4,TSRYS5802849,D,S,D,2024-07-24,1000000.00,4.47761,102.40625
08:00:57,912810UA4,TSRYS5802849,D,S,C,2024-07-24,1200000.00,4.478549,102.390625
08:00:58,912810UA4,TSRYS5802849,D,S,T,2024-07-24,1000000.00,4.478431,102.392578125
08:00:58,912810UA4,TSRYS5802849,D,S,T,2024-07-24,1000000.00,4.478666,102.388671875
08:00:58,912810UA4,TSRYS5802849,D,S,T,2024-07-24,1000000.00,4.482305,102.328125
08:00:58,912810UA4,TSRYS5802849,D,S,T,2024-07-24,1000000.00,4.482305,102.328125
08:00:58,912810UA4,TSRYS5802849,D,S,T,2024-07-24,1000000.00,4.478549,102.390625
08:00:58,912810UA4,TSRYS5802849,D,S,T,2024-07-24,1000000.00,4.482305,102.328125
08:00:58,912810UA4,TSRYS5802849,D,S,T,2024-07-24,1000000.00,4.481365,102.34375
08:00:58,912810UA4,TSRYS5802849,D,S,D,2024-07-24,1000000.00,4.476203,102.4296875
08:00:58,912810UA4,TSRYS5802849,D,S,D,2024-07-24,1000000.00,4.47632,102.427734375
08:00:58,912810UA4,TSRYS5802849,D,S,D,2024-07-24,7000000.00,4.474092,102.46484375
08:00:58,912810UA4,TSRYS5802849,D,S,T,2024-07-24,1000000.00,4.482305,102.328125
08:00:58,912810UA4,TSRYS5802849,D,S,D,2024-07-24,2000000.00,4.47128,102.51171875
08:00:58,912810UA4,TSRYS5802849,D,S,C,2024-07-24,1425000.00,4.472218,102.49609375
08:00:58,912810UA4,TSRYS5802849,D,S,T,2024-07-24,1000000.00,4.482305,102.328125
08:00:59,912810UA4,TSRYS5802849,D,S,D,2024-07-24,1000000.00,4.472569,102.490234375
08:01:01,912810UA4,TSRYS5802849,D,S,T,2024-07-24,1000000.00,4.47761,102.40625
08:01:01,912810UA4,TSRYS5802849,D,S,D,2024-07-24,1000000.00,4.478549,102.390625
08:01:01,912810UA4,TSRYS5802849,D,S,D,2024-07-24,1000000.00,4.479487,102.375
08:01:01,912810UA4,TSRYS5802849,D,S,D,2024-07-24,8000000.00,4.480611,102.3563
08:01:02,912810UA4,TSRYS5802849,D,S,A,2024-07-24,615200.00,4.4816,102.33984375
08:01:02,912810UA4,TSRYS5802849,D,S,A,2024-07-24,700000.00,4.480426,102.359375
08:01:02,912810UA4,TSRYS5802849,D,S,A,2024-07-24,4500000.00,4.480426,102.359375
08:01:02,912810UA4,TSRYS5802849,D,B,A,2024-07-24,15750000.00,4.481389,102.34335
08:01:02,912810UA4,TSRYS5802849,D,S,A,2024-07-24,1200000.00,4.482305,102.328125
08:01:02,912810UA4,TSRYS5802849,D,S,T,2024-07-24,1000000.00,4.482305,102.328125
08:01:02,912810UA4,TSRYS5802849,D,S,D,2024-07-24,1000000.00,4.482305,102.328125
08:01:02,912810UA4,TSRYS5802849,D,S,D,2024-07-24,1000000.00,4.482305,102.328125
08:01:02,912810UA4,TSRYS5802849,D,S,D,2024-07-24,1000000.00,4.482305,102.328125
08:01:02,912810UA4,TSRYS5802849,D,S,D,2024-07-24,1000000.00,4.488886,102.21875
08:01:02,912810UA4,TSRYS5802849,D,S,D,2024-07-24,1000000.00,4.482305,102.328125
08:01:02,912810UA4,TSRYS5802849,D,S,D,2024-07-24,1000000.00,4.478079,102.3984375
08:01:02,912810UA4,TSRYS5802849,D,S,C,2024-07-24,1000000.00,4.487945,102.234375
08:01:02,912810UA4,TSRYS5802849,D,S,D,2024-07-24,1000000.00,4.488886,102.21875
08:01:02,912810UA4,TSRYS5802849,D,S,D,2024-07-24,1000000.00,4.488886,102.21875
08:01:02,912810UA4,TSRYS5802849,D,S,C,2024-07-24,1000000.00,4.487945,102.234375
08:01:03,912810UA4,TSRYS5802849,D,S,D,2024-07-24,1000000.00,4.482305,102.328125
08:01:03,912810UA4,TSRYS5802849,D,S,D,2024-07-24,1000000.00,4.48207,102.33203125
08:01:03,912810UA4,TSRYS5802849,D,S,D,2024-07-24,1000000.00,4.488886,102.21875
08:01:03,912810UA4,TSRYS5802849,D,S,D,2024-07-24,1000000.00,4.48207,102.33203125
08:01:03,912810UA4,TSRYS5802849,D,S,D,2024-07-24,1000000.00,4.48818,102.23046875
08:01:03,912810UA4,TSRYS5802849,D,S,D,2024-07-24,1000000.00,4.482774,102.3203125
08:01:03,912810UA4,TSRYS5802849,D,B,C,2024-07-24,1000000.00,4.485359,102.27734375
08:01:03,912810UA4,TSRYS5802849,D,S,D,2024-07-24,1000000.00,4.485359,102.27734375
08:01:03,912810UA4,TSRYS5802849,D,S,D,2024-07-24,1000000.00,4.48207,102.33203125
08:01:03,912810UA4,TSRYS5802849,D,B,C,2024-07-24,2000000.00,4.484419,102.29296875
08:01:03,912810UA4,TSRYS5802849,D,B,C,2024-07-24,1000000.00,4.48207,102.33203125
08:01:03,912810UA4,TSRYS5802849,D,B,C,2024-07-24,1000000.00,4.485359,102.27734375
08:01:03,912810UA4,TSRYS5802849,D,S,D,2024-07-24,1000000.00,4.480896,102.3515625
08:01:03,912810UA4,TSRYS5802849,D,S,D,2024-07-24,1000000.00,4.484419,102.29296875
08:01:03,912810UA4,TSRYS5802849,D,B,C,2024-07-24,1000000.00,4.489356,102.2109375
08:01:03,912810UA4,TSRYS5802849,D,S,D,2024-07-24,1000000.00,4.481835,102.3359375
08:01:03,912810UA4,TSRYS5802849,D,S,D,2024-07-24,1000000.00,4.482774,102.3203125
08:01:03,912810UA4,TSRYS5802849,D,S,A,2024-07-24,1000000.00,4.475734,102.4375
08:01:03,912810UA4,TSRYS5802849,D,S,D,2024-07-24,1000000.00,4.484419,102.29296875
08:01:03,912810UA4,TSRYS5802849,D,S,D,2024-07-24,1000000.00,4.484419,102.29296875
08:01:03,912810UA4,TSRYS5802849,D,S,D,2024-07-24,1000000.00,4.487945,102.234375
08:01:03,912810UA4,TSRYS5802849,D,S,D,2024-07-24,1000000.00,4.485359,102.27734375
08:01:03,912810UA4,TSRYS5802849,D,B,C,2024-07-24,1000000.00,4.489121,102.21484375
08:01:03,912810UA4,TSRYS5802849,D,B,C,2024-07-24,1000000.00,4.484419,102.29296875
08:01:03,912810UA4,TSRYS5802849,D,S,D,2024-07-24,1000000.00,4.489356,102.2109375
08:01:03,912810UA4,TSRYS5802849,D,S,D,2024-07-24,1000000.00,4.484419,102.29296875
08:01:03,912810UA4,TSRYS5802849,D,B,C,2024-07-24,1000000.00,4.487945,102.234375
08:01:03,912810UA4,TSRYS5802849,D,B,C,2024-07-24,1000000.00,4.484419,102.29296875
08:01:03,912810UA4,TSRYS5802849,D,S,D,2024-07-24,1000000.00,4.489121,102.21484375
08:01:03,912810UA4,TSRYS5802849,D,S,C,2024-07-24,2000000.00,4.484419,102.29296875
08:01:03,912810UA4,TSRYS5802849,D,B,C,2024-07-24,1000000.00,4.484419,102.29296875
08:01:03,912810UA4,TSRYS5802849,D,S,D,2024-07-24,1000000.00,4.48818,102.23046875
08:01:03,912810UA4,TSRYS5802849,D,B,C,2024-07-24,1000000.00,4.48818,102.23046875
08:01:03,912810UA4,TSRYS5802849,D,B,C,2024-07-24,1000000.00,4.484419,102.29296875
08:01:03,912810UA4,TSRYS5802849,D,S,D,2024-07-24,1000000.00,4.484419,102.29296875
08:01:03,912810UA4,TSRYS5802849,D,S,C,2024-07-24,1000000.00,4.489121,102.21484375
08:01:03,912810UA4,TSRYS5802849,D,S,D,2024-07-24,1000000.00,4.477141,102.4140625
08:01:03,912810UA4,TSRYS5802849,D,S,D,2024-07-24,1000000.00,4.489121,102.21484375
08:01:03,912810UA4,TSRYS5802849,D,B,C,2024-07-24,1000000.00,4.484419,102.29296875
08:01:03,912810UA4,TSRYS5802849,D,B,C,2024-07-24,1000000.00,4.489121,102.21484375
08:01:03,912810UA4,TSRYS5802849,D,S,C,2024-07-24,1000000.00,4.484419,102.29296875
08:01:03,912810UA4,TSRYS5802849,D,B,C,2024-07-24,1000000.00,4.489121,102.21484375
08:01:03,912810UA4,TSRYS5802849,D,S,D,2024-07-24,1000000.00,4.487945,102.234375
08:01:03,912810UA4,TSRYS5802849,D,S,D,2024-07-24,2000000.00,4.466364,102.59375
08:01:03,912810UA4,TSRYS5802849,D,S,D,2024-07-24,1000000.00,4.47761,102.40625
08:01:03,912810UA4,TSRYS5802849,D,B,C,2024-07-24,1000000.00,4.484419,102.29296875
08:01:03,912810UA4,TSRYS5802849,D,S,C,2024-07-24,1000000.00,4.485359,102.27734375
08:01:03,912810UA4,TSRYS5802849,D,B,C,2024-07-24,1000000.00,4.4673,102.578125
08:01:03,912810UA4,TSRYS5802849,D,S,D,2024-07-24,1000000.00,4.473155,102.48046875
08:01:03,912810UA4,TSRYS5802849,D,S,D,2024-07-24,1000000.00,4.478549,102.390625
08:01:03,912810UA4,TSRYS5802849,D,B,C,2024-07-24,1000000.00,4.47761,102.40625
08:01:03,912810UA4,TSRYS5802849,D,S,D,2024-07-24,1000000.00,4.480896,102.3515625
08:01:03,912810UA4,TSRYS5802849,D,S,D,2024-07-24,1000000.00,4.463557,102.640625
08:01:03,912810UA4,TSRYS5802849,D,S,D,2024-07-24,2000000.00,4.468939,102.55078125
08:01:03,912810UA4,TSRYS5802849,D,S,D,2024-07-24,1000000.00,4.465428,102.609375
08:01:03,912810UA4,TSRYS5802849,D,S,C,2024-07-24,1000000.00,4.463791,102.63671875
08:01:03,912810UA4,TSRYS5802849,D,B,C,2024-07-24,1000000.00,4.4673,102.578125
08:01:03,912810UA4,TSRYS5802849,D,S,C,2024-07-24,1000000.00,4.469875,102.53515625
08:01:03,912810UA4,TSRYS5802849,D,S,D,2024-07-24,1000000.00,4.470344,102.52734375
08:01:03,912810UA4,TSRYS5802849,D,S,D,2024-07-24,1000000.00,4.4673,102.578125
08:01:03,912810UA4,TSRYS5802849,D,S,D,2024-07-24,1000000.00,4.4673,102.578125
08:01:03,912810UA4,TSRYS5802849,D,B,C,2024-07-24,1000000.00,4.465428,102.609375
08:01:03,912810UA4,TSRYS5802849,D,B,C,2024-07-24,1000000.00,4.4673,102.578125
08:01:03,912810UA4,TSRYS5802849,D,S,D,2024-07-24,1000000.00,4.466832,102.5859375
08:01:03,912810UA4,TSRYS5802849,D,S,D,2024-07-24,1000000.00,4.4673,102.578125
08:01:03,912810UA4,TSRYS5802849,D,B,C,2024-07-24,1000000.00,4.468002,102.56640625
08:01:03,912810UA4,TSRYS5802849,D,S,D,2024-07-24,1000000.00,4.466598,102.58984375
08:01:03,912810UA4,TSRYS5802849,D,S,D,2024-07-24,1000000.00,4.473624,102.47265625
08:01:03,912810UA4,TSRYS5802849,D,S,D,2024-07-24,1000000.00,4.468002,102.56640625
08:01:03,912810UA4,TSRYS5802849,D,S,D,2024-07-24,1000000.00,4.465428,102.609375
08:01:03,912810UA4,TSRYS5802849,D,S,D,2024-07-24,1000000.00,4.474327,102.4609375
08:01:03,912810UA4,TSRYS5802849,D,S,D,2024-07-24,1000000.00,4.4673,102.578125
08:01:03,912810UA4,TSRYS5802849,D,B,C,2024-07-24,5000000.00,4.47271,102.48789
08:01:03,912810UA4,TSRYS5802849,D,S,D,2024-07-24,3000000.00,4.463557,102.640625
08:01:03,912810UA4,TSRYS5802849,D,S,D,2024-07-24,1000000.00,4.477141,102.4140625
08:01:03,912810UA4,TSRYS5802849,D,S,D,2024-07-24,1000000.00,4.474327,102.4609375
08:01:03,912810UA4,TSRYS5802849,D,B,C,2024-07-24,1000000.00,4.477141,102.4140625
08:01:03,912810UA4,TSRYS5802849,D,B,C,2024-07-24,1000000.00,4.478783,102.38671875
08:01:03,912810UA4,TSRYS5802849,D,S,D,2024-07-24,1000000.00,4.478783,102.38671875
08:01:03,912810UA4,TSRYS5802849,D,B,C,2024-07-24,1000000.00,4.474327,102.4609375
08:01:03,912810UA4,TSRYS5802849,D,B,C,2024-07-24,1000000.00,4.478549,102.390625
08:01:03,912810UA4,TSRYS5802849,D,S,D,2024-07-24,1000000.00,4.479487,102.375
08:01:03,912810UA4,TSRYS5802849,D,B,C,2024-07-24,1000000.00,4.479487,102.375
08:01:03,912810UA4,TSRYS5802849,D,S,D,2024-07-24,1000000.00,4.478549,102.390625
08:01:03,912810UA4,TSRYS5802849,D,S,D,2024-07-24,1000000.00,4.479018,102.3828125
08:01:03,912810UA4,TSRYS5802849,D,B,C,2024-07-24,1000000.00,4.479018,102.3828125
08:01:03,912810UA4,TSRYS5802849,D,S,D,2024-07-24,1000000.00,4.479487,102.375
08:01:03,912810UA4,TSRYS5802849,D,B,C,2024-07-24,1000000.00,4.479487,102.375
08:01:03,912810UA4,TSRYS5802849,D,S,D,2024-07-24,1000000.00,4.479722,102.37109375
08:01:03,912810UA4,TSRYS5802849,D,B,C,2024-07-24,1000000.00,4.479722,102.37109375
08:01:03,912810UA4,TSRYS5802849,D,B,C,2024-07-24,1000000.00,4.479722,102.37109375
08:01:03,912810UA4,TSRYS5802849,D,S,C,2024-07-24,1000000.00,4.479722,102.37109375
08:01:03,912810UA4,TSRYS5802849,D,S,D,2024-07-24,1000000.00,4.483714,102.3046875
08:01:03,912810UA4,TSRYS5802849,D,B,C,2024-07-24,1000000.00,4.483714,102.3046875
08:01:03,912810UA4,TSRYS5802849,D,S,D,2024-07-24,1000000.00,4.481365,102.34375
08:01:03,912810UA4,TSRYS5802849,D,S,D,2024-07-24,2000000.00,4.482305,102.328125
08:01:03,912810UA4,TSRYS5802849,D,S,D,2024-07-24,1000000.00,4.477375,102.41015625
08:01:03,912810UA4,TSRYS5802849,D,S,D,2024-07-24,1000000.00,4.478079,102.3984375
08:01:03,912810UA4,TSRYS5802849,D,S,D,2024-07-24,1000000.00,4.479957,102.3671875
08:01:03,912810UA4,TSRYS5802849,D,S,D,2024-07-24,1000000.00,4.479018,102.3828125
08:01:03,912810UA4,TSRYS5802849,D,S,D,2024-07-24,1000000.00,4.480426,102.359375
08:01:03,912810UA4,TSRYS5802849,D,S,C,2024-07-24,1000000.00,4.480426,102.359375
08:01:03,912810UA4,TSRYS5802849,D,S,D,2024-07-24,1000000.00,4.478079,102.3984375
08:01:03,912810UA4,TSRYS5802849,D,B,C,2024-07-24,1000000.00,4.478079,102.3984375
08:01:03,912810UA4,TSRYS5802849,D,S,D,2024-07-24,1000000.00,4.477845,102.40234375
08:01:03,912810UA4,TSRYS5802849,D,S,D,2024-07-24,1000000.00,4.47761,102.40625
08:01:03,912810UA4,TSRYS5802849,D,S,D,2024-07-24,1000000.00,4.47761,102.40625
08:01:03,912810UA4,TSRYS5802849,D,B,C,2024-07-24,1000000.00,4.477375,102.41015625
08:01:03,912810UA4,TSRYS5802849,D,S,D,2024-07-24,1000000.00,4.477375,102.41015625
08:01:03,912810UA4,TSRYS5802849,D,S,D,2024-07-24,1000000.00,4.478549,102.390625
08:01:03,912810UA4,TSRYS5802849,D,S,D,2024-07-24,1000000.00,4.479487,102.375
08:01:03,912810UA4,TSRYS5802849,D,S,D,2024-07-24,1000000.00,4.478079,102.3984375
08:01:04,912810UA4,TSRYS5802849,D,S,T,2024-07-24,1000000.00,4.482305,102.328125
08:01:04,912810UA4,TSRYS5802849,D,S,T,2024-07-24,1000000.00,4.482305,102.328125
08:01:05,912810UA4,TSRYS5802849,D,S,D,2024-07-24,1000000.00,4.475734,102.4375
08:01:05,912810UA4,TSRYS5802849,D,S,D,2024-07-24,1000000.00,4.475968,102.43359375
08:01:05,912810UA4,TSRYS5802849,D,S,D,2024-07-24,1000000.00,4.476437,102.42578125
08:01:05,912810UA4,TSRYS5802849,D,S,T,2024-07-24,1000000.00,4.482305,102.328125
08:01:05,912810UA4,TSRYS5802849,D,S,T,2024-07-24,1000000.00,4.482305,102.328125
08:01:05,912810UA4,TSRYS5802849,D,S,D,2024-07-24,5000000.00,4.481008,102.34969
08:01:06,912810UA4,TSRYS5802849,D,S,D,2024-07-24,1000000.00,4.476437,102.42578125
08:01:06,912810UA4,TSRYS5802849,D,S,T,2024-07-24,1000000.00,4.47761,102.40625
08:01:06,912810UA4,TSRYS5802849,D,S,D,2024-07-24,1000000.00,4.471749,102.50390625
08:01:06,912810UA4,TSRYS5802849,D,S,D,2024-07-24,1000000.00,4.471749,102.50390625
08:01:07,912810UA4,TSRYS5802849,D,S,T,2024-07-24,1000000.00,4.472921,102.484375
08:01:07,912810UA4,TSRYS5802849,D,B,C,2024-07-24,10000000.00,4.464492,102.625
08:01:07,912810UA4,TSRYS5802849,D,S,D,2024-07-24,1000000.00,4.478549,102.390625
08:01:07,912810UA4,TSRYS5802849,D,S,D,2024-07-24,1000000.00,4.478549,102.390625
08:01:07,912810UA4,TSRYS5802849,D,S,D,2024-07-24,1000000.00,4.478549,102.390625
08:01:07,912810UA4,TSRYS5802849,D,S,D,2024-07-24,1000000.00,4.478549,102.390625
08:01:07,912810UA4,TSRYS5802849,D,B,A,2024-07-24,3000000.00,4.481835,102.3359375
08:01:07,912810UA4,TSRYS5802849,D,S,D,2024-07-24,1000000.00,4.478549,102.390625
08:01:07,912810UA4,TSRYS5802849,D,S,D,2024-07-24,1000000.00,4.478549,102.390625
08:01:07,912810UA4,TSRYS5802849,D,S,D,2024-07-24,1000000.00,4.47761,102.40625
08:01:07,912810UA4,TSRYS5802849,D,S,D,2024-07-24,1000000.00,4.476906,102.41796875
08:01:07,912810UA4,TSRYS5802849,D,S,D,2024-07-24,2000000.00,4.47128,102.51171875
08:01:08,912810UA4,TSRYS5802849,D,S,D,2024-07-24,1000000.00,4.478901,102.384765625
08:01:08,912810UA4,TSRYS5802849,D,S,D,2024-07-24,1000000.00,4.478901,102.384765625
08:01:08,912810UA4,TSRYS5802849,D,S,D,2024-07-24,1000000.00,4.478783,102.38671875
08:01:08,912810UA4,TSRYS5802849,D,S,D,2024-07-24,1000000.00,4.479487,102.375
08:01:08,912810UA4,TSRYS5802849,D,S,D,2024-07-24,1000000.00,4.479487,102.375
08:01:08,912810UA4,TSRYS5802849,D,S,D,2024-07-24,1000000.00,4.479487,102.375
08:01:09,912810UA4,TSRYS5802849,D,B,A,2024-07-24,29500000.00,4.476906,102.41796875
08:01:09,912810UA4,TSRYS5802849,D,S,D,2024-07-24,1000000.00,4.488886,102.21875
08:01:09,912810UA4,TSRYS5802849,D,S,T,2024-07-24,2000000.00,4.476085,102.431640625
08:01:09,912810UA4,TSRYS5802849,D,S,D,2024-07-24,1000000.00,4.488886,102.21875
08:01:09,912810UA4,TSRYS5802849,D,S,D,2024-07-24,1000000.00,4.488886,102.21875
08:01:09,912810UA4,TSRYS5802849,D,S,D,2024-07-24,1000000.00,4.488886,102.21875
08:01:09,912810UA4,TSRYS5802849,D,S,D,2024-07-24,1000000.00,4.471983,102.5
08:01:09,912810UA4,TSRYS5802849,D,S,D,2024-07-24,1000000.00,4.471515,102.5078125
08:01:09,912810UA4,TSRYS5802849,D,S,D,2024-07-24,1000000.00,4.473858,102.46875
08:01:09,912810UA4,TSRYS5802849,D,S,D,2024-07-24,2000000.00,4.473858,102.46875
08:01:09,912810UA4,TSRYS5802849,D,S,T,2024-07-24,2000000.00,4.476085,102.431640625
08:01:09,912810UA4,TSRYS5802849,D,S,D,2024-07-24,1000000.00,4.478079,102.3984375
08:01:09,912810UA4,TSRYS5802849,D,S,D,2024-07-24,1000000.00,4.475968,102.43359375
08:01:09,912810UA4,TSRYS5802849,D,S,D,2024-07-24,1000000.00,4.475968,102.43359375
08:01:09,912810UA4,TSRYS5802849,D,S,T,2024-07-24,1000000.00,4.475734,102.4375
08:01:09,912810UA4,TSRYS5802849,D,S,D,2024-07-24,2000000.00,4.471749,102.50390625
08:01:09,912810UA4,TSRYS5802849,D,S,D,2024-07-24,1000000.00,4.471749,102.50390625
08:01:09,912810UA4,TSRYS5802849,D,S,D,2024-07-24,2000000.00,4.471749,102.50390625
08:01:09,912810UA4,TSRYS5802849,D,S,D,2024-07-24,1000000.00,4.471749,102.50390625
08:01:09,912810UA4,TSRYS5802849,D,S,D,2024-07-24,1000000.00,4.473858,102.46875
08:01:09,912810UA4,TSRYS5802849,D,S,D,2024-07-24,1000000.00,4.473858,102.46875
08:01:09,912810UA4,TSRYS5802849,D,S,T,2024-07-24,1000000.00,4.488892,102.21865
08:01:09,912810UA4,TSRYS5802849,D,S,T,2024-07-24,1000000.00,4.488892,102.21865
08:01:09,912810UA4,TSRYS5802849,D,S,T,2024-07-24,1000000.00,4.488892,102.21865
08:01:09,912810UA4,TSRYS5802849,D,S,T,2024-07-24,1000000.00,4.488539,102.224509375
08:01:10,912810UA4,TSRYS5802849,D,S,T,2024-07-24,1000000.00,4.476554,102.423828125
08:01:10,912810UA4,TSRYS5802849,D,S,T,2024-07-24,1000000.00,4.479963,102.3670875
08:01:10,912810UA4,TSRYS5802849,D,S,T,2024-07-24,1000000.00,4.479963,102.3670875
08:01:10,912810UA4,TSRYS5802849,D,S,T,2024-07-24,1000000.00,4.479024,102.3827125
08:01:10,912810UA4,TSRYS5802849,D,S,T,2024-07-24,1000000.00,4.479024,102.3827125
08:01:10,912810UA4,TSRYS5802849,D,S,T,2024-07-24,1000000.00,4.478085,102.3983375
08:01:10,912810UA4,TSRYS5802849,D,S,T,2024-07-24,1000000.00,4.475974,102.43349375
08:01:10,912810UA4,TSRYS5802849,D,S,T,2024-07-24,1000000.00,4.476554,102.423828125
08:01:10,912810UA4,TSRYS5802849,D,S,T,2024-07-24,1000000.00,4.471755,102.50380625
08:01:10,912810UA4,TSRYS5802849,D,S,T,2024-07-24,1000000.00,4.488896,102.218575
08:01:10,912810UA4,TSRYS5802849,D,S,D,2024-07-24,1000000.00,4.475499,102.44140625
08:01:10,912810UA4,TSRYS5802849,D,B,A,2024-07-24,1000000.00,4.4673,102.578125
08:01:10,912810UA4,TSRYS5802849,D,S,T,2024-07-24,1000000.00,4.482305,102.328125
08:01:10,912810UA4,TSRYS5802849,D,S,T,2024-07-24,1000000.00,4.475747,102.437275
08:01:10,912810UA4,TSRYS5802849,D,S,D,2024-07-24,10000000.00,4.482286,102.3284297
08:01:10,912810UA4,TSRYS5802849,D,S,C,2024-07-24,10000000.00,4.482203,102.3298109
08:01:10,912810UA4,TSRYS5802849,D,S,D,2024-07-24,1000000.00,4.47323,102.4792156
08:01:10,912810UA4,TSRYS5802849,D,S,D,2024-07-24,1000000.00,4.473113,102.4811688
08:01:11,912810UA4,TSRYS5802849,D,B,C,2024-07-24,3750000.00,4.476034,102.4324938
08:01:11,912810UA4,TSRYS5802849,D,B,C,2024-07-24,1250000.00,4.476034,102.4324938
08:01:11,912810UA4,TSRYS5802849,D,B,C,2024-07-24,7500000.00,4.471815,102.5028063
08:01:11,912810UA4,TSRYS5802849,D,B,C,2024-07-24,2500000.00,4.471815,102.5028063
08:01:11,912810UA4,TSRYS5802849,D,S,D,2024-07-24,1000000.00,4.472452,102.4921875
08:01:11,912810UA4,TSRYS5802849,D,S,T,2024-07-24,1000000.00,4.482305,102.328125
08:01:11,912810UA4,TSRYS5802849,D,S,T,2024-07-24,1000000.00,4.473514,102.474484375
08:01:11,912810UA4,TSRYS5802849,D,S,T,2024-07-24,1000000.00,4.464259,102.62890625
08:01:11,912810UA4,TSRYS5802849,D,S,T,2024-07-24,1000000.00,4.471756,102.50378125
08:01:11,912810UA4,TSRYS5802849,D,S,T,2024-07-24,1000000.00,4.464259,102.62890625
08:01:11,912810UA4,TSRYS5802849,D,S,T,2024-07-24,1000000.00,4.464375,102.626953125
08:01:11,912810UA4,TSRYS5802849,D,S,T,2024-07-24,2000000.00,4.471756,102.50378125
08:01:11,912810UA4,TSRYS5802849,D,S,T,2024-07-24,1000000.00,4.4721,102.498046875
08:01:12,912810UA4,TSRYS5802849,D,S,T,2024-07-24,1000000.00,4.47761,102.40625
08:01:12,912810UA4,TSRYS5802849,D,S,D,2024-07-24,1000000.00,4.479487,102.375
08:01:12,912810UA4,TSRYS5802849,D,S,D,2024-07-24,1000000.00,4.479487,102.375
08:01:12,912810UA4,TSRYS5802849,D,S,D,2024-07-24,1000000.00,4.479487,102.375
08:01:12,912810UA4,TSRYS5802849,D,S,D,2024-07-24,1000000.00,4.479722,102.37109375
08:01:12,912810UA4,TSRYS5802849,D,S,T,2024-07-24,1000000.00,4.471398,102.509765625
08:01:12,912810UA4,TSRYS5802849,D,S,T,2024-07-24,1000000.00,4.471398,102.509765625
08:01:12,912810UA4,TSRYS5802849,D,S,T,2024-07-24,1000000.00,4.471398,102.509765625
08:01:12,912810UA4,TSRYS5802849,D,B,A,2024-07-24,10000000.00,4.468236,102.5625
08:01:12,912810UA4,TSRYS5802849,D,S,A,2024-07-24,7000000.00,4.46733,102.57763
08:01:12,912810UA4,TSRYS5802849,D,S,C,2024-07-24,15000000.00,4.472218,102.49609375
08:01:12,912810UA4,TSRYS5802849,D,S,T,2024-07-24,2000000.00,4.473741,102.470703125
08:01:12,912810UA4,TSRYS5802849,D,S,A,2024-07-24,3000000.00,4.466394,102.59325
08:01:12,912810UA4,TSRYS5802849,D,B,A,2024-07-24,1723000.00,4.465671,102.60546875
08:01:12,912810UA4,TSRYS5802849,D,S,T,2024-07-24,1000000.00,4.474217,102.462765625
08:01:12,912810UA4,TSRYS5802849,D,S,T,2024-07-24,1000000.00,4.464499,102.624898
08:01:12,912810UA4,TSRYS5802849,D,S,T,2024-07-24,1000000.00,4.464499,102.624898
08:01:13,912810UA4,TSRYS5802849,D,S,T,2024-07-24,1000000.00,4.47421,102.462890625
08:01:13,912810UA4,TSRYS5802849,D,S,T,2024-07-24,2000000.00,4.474217,102.462765625
08:01:13,912810UA4,TSRYS5802849,D,S,C,2024-07-24,30006000.00,4.475499,102.44140625
08:01:14,912810UA4,TSRYS5802849,D,S,T,2024-07-24,1000000.00,4.474452,102.458859375
08:01:14,912810UA4,TSRYS5802849,D,S,T,2024-07-24,1000000.00,4.474452,102.458859375
08:01:14,912810UA4,TSRYS5802849,D,S,T,2024-07-24,1000000.00,4.473983,102.466671875
08:01:14,912810UA4,TSRYS5802849,D,S,T,2024-07-24,1000000.00,4.473975,102.466796875
08:01:15,912810UA4,TSRYS5802849,D,S,T,2024-07-24,1000000.00,4.473748,102.470578125
08:01:15,912810UA4,TSRYS5802849,D,S,T,2024-07-24,1000000.00,4.473748,102.470578125
08:01:16,912810UA4,TSRYS5802849,D,S,D,2024-07-24,100000.00,4.47761,102.40625
08:01:16,912810UA4,TSRYS5802849,D,S,T,2024-07-24,1000000.00,4.482305,102.328125
