tradeTime,cusip,issueSymbolIdentifier,priceType,reportingSideCode,contraPartyTypeCode,tradeDate,reportedTradeVolume,lastSaleYield,lastSalePrice
08:17:33,912810TX6,TSRYS5743665,D,S,T,2024-04-08,1000000.00,4.596976,94.390625
08:17:33,912810TX6,TSRYS5743665,D,S,T,2024-04-08,1000000.00,4.596976,94.390625
08:17:33,912810TX6,TSRYS5743665,D,S,T,2024-04-08,1000000.00,4.596983,94.390523
08:17:34,912810TX6,TSRYS5743665,D,S,T,2024-04-08,1000000.00,4.596983,94.390523
08:17:34,912810TX6,TSRYS5743665,D,S,D,2024-04-08,1000000.00,4.59685,94.392578125
08:17:34,912810TX6,TSRYS5743665,D,S,D,2024-04-08,1000000.00,4.596976,94.390625
08:17:34,912810TX6,TSRYS5743665,D,S,C,2024-04-08,1000000.00,4.596976,94.390625
08:17:35,912810TX6,TSRYS5743665,D,S,T,2024-04-08,1000000.00,4.59622,94.40234375
08:17:35,912810TX6,TSRYS5743665,D,S,T,2024-04-08,1000000.00,4.596976,94.390625
08:17:36,912810TX6,TSRYS5743665,D,S,T,2024-04-08,1000000.00,4.596976,94.390625
08:17:37,912810TX6,TSRYS5743665,D,S,T,2024-04-08,3000000.00,4.597985,94.375
08:17:38,912810TX6,TSRYS5743665,D,S,D,2024-04-08,1000000.00,4.596472,94.3984375
08:17:39,912810TX6,TSRYS5743665,D,S,D,2024-04-08,1000000.00,4.59622,94.40234375
08:17:41,912810TX6,TSRYS5743665,D,S,D,2024-04-08,2000000.00,4.597985,94.375
08:17:41,912810TX6,TSRYS5743665,D,S,D,2024-04-08,1000000.00,4.597985,94.375
08:17:41,912810TX6,TSRYS5743665,D,S,D,2024-04-08,1000000.00,4.597985,94.375
08:17:41,912810TX6,TSRYS5743665,D,S,C,2024-04-08,1000000.00,4.597978,94.3751
08:17:41,912810TX6,TSRYS5743665,D,S,D,2024-04-08,1000000.00,4.597985,94.375
08:17:41,912810TX6,TSRYS5743665,D,S,C,2024-04-08,1000000.00,4.597985,94.375
08:17:41,912810TX6,TSRYS5743665,D,S,D,2024-04-08,1000000.00,4.597985,94.375
08:17:41,912810TX6,TSRYS5743665,D,S,D,2024-04-08,1000000.00,4.597985,94.375
08:17:41,912810TX6,TSRYS5743665,D,S,D,2024-04-08,1000000.00,4.597985,94.375
08:17:53,912810TX6,TSRYS5743665,D,S,D,2024-04-08,1000000.00,4.59622,94.40234375
08:17:53,912810TX6,TSRYS5743665,D,B,C,2024-04-08,1000000.00,4.59622,94.40234375
08:17:55,912810TX6,TSRYS5743665,D,S,T,2024-04-08,1000000.00,4.59622,94.40234375
08:17:59,912810TX6,TSRYS5743665,D,S,D,2024-04-08,1000000.00,4.597985,94.375
08:17:59,912810TX6,TSRYS5743665,D,B,C,2024-04-08,1000000.00,4.597985,94.375
08:17:59,912810TX6,TSRYS5743665,D,S,D,2024-04-08,1000000.00,4.597985,94.375
08:17:59,912810TX6,TSRYS5743665,D,S,D,2024-04-08,1000000.00,4.597975,94.37515
08:17:59,912810TX6,TSRYS5743665,D,S,C,2024-04-08,1000000.00,4.597978,94.3751
08:17:59,912810TX6,TSRYS5743665,D,S,D,2024-04-08,1000000.00,4.597985,94.375
08:17:59,912810TX6,TSRYS5743665,D,S,D,2024-04-08,1000000.00,4.597975,94.37515
08:18:00,912810TX6,TSRYS5743665,D,S,T,2024-04-08,1000000.00,4.596976,94.390625
08:18:00,912810TX6,TSRYS5743665,D,S,T,2024-04-08,1000000.00,4.596976,94.390625
08:18:00,912810TX6,TSRYS5743665,D,S,T,2024-04-08,1000000.00,4.596976,94.390625
08:18:00,912810TX6,TSRYS5743665,D,S,C,2024-04-08,1000000.00,4.596976,94.390625
08:18:00,912810TX6,TSRYS5743665,D,S,C,2024-04-08,1000000.00,4.596976,94.390625
08:18:00,912810TX6,TSRYS5743665,D,S,D,2024-04-08,1000000.00,4.596976,94.390625
08:18:00,912810TX6,TSRYS5743665,D,S,D,2024-04-08,1000000.00,4.59622,94.40234375
08:18:01,912810TX6,TSRYS5743665,D,S,D,2024-04-08,25000000.00,4.595969,94.40625
08:18:01,912810TX6,TSRYS5743665,D,S,T,2024-04-08,1000000.00,4.596976,94.390625
08:18:01,912810TX6,TSRYS5743665,D,S,T,2024-04-08,1000000.00,4.596976,94.390625
08:18:01,912810TX6,TSRYS5743665,D,S,T,2024-04-08,1000000.00,4.596976,94.390625
08:18:01,912810TX6,TSRYS5743665,D,S,T,2024-04-08,1000000.00,4.596976,94.390625
08:18:01,912810TX6,TSRYS5743665,D,S,T,2024-04-08,1000000.00,4.596976,94.390625
08:18:01,912810TX6,TSRYS5743665,D,S,T,2024-04-08,1000000.00,4.596976,94.390625
08:18:01,912810TX6,TSRYS5743665,D,S,T,2024-04-08,1000000.00,4.596976,94.390625
08:18:05,912810TX6,TSRYS5743665,D,S,T,2024-04-08,1000000.00,4.597985,94.375
08:18:05,912810TX6,TSRYS5743665,D,S,T,2024-04-08,1000000.00,4.597985,94.375
08:18:05,912810TX6,TSRYS5743665,D,S,T,2024-04-08,1000000.00,4.597985,94.375
08:18:06,912810TX6,TSRYS5743665,D,S,T,2024-04-08,1000000.00,4.597985,94.375
08:18:06,912810TX6,TSRYS5743665,D,S,T,2024-04-08,1000000.00,4.597985,94.375
08:18:06,912810TX6,TSRYS5743665,D,S,T,2024-04-08,2000000.00,4.597985,94.375
08:18:06,912810TX6,TSRYS5743665,D,S,T,2024-04-08,1000000.00,4.597985,94.375
08:18:06,912810TX6,TSRYS5743665,D,S,T,2024-04-08,1000000.00,4.597985,94.375
08:18:06,912810TX6,TSRYS5743665,D,S,T,2024-04-08,1000000.00,4.597985,94.375
08:18:08,912810TX6,TSRYS5743665,D,S,C,2024-04-08,1000000.00,4.597985,94.375
08:18:08,912810TX6,TSRYS5743665,D,S,D,2024-04-08,1000000.00,4.597732,94.37890625
08:18:08,912810TX6,TSRYS5743665,D,B,C,2024-04-08,1000000.00,4.597732,94.37890625
08:18:09,912810TX6,TSRYS5743665,D,S,D,2024-04-08,1000000.00,4.597732,94.37890625
08:18:11,912810TX6,TSRYS5743665,D,S,T,2024-04-08,3500000.00,4.589926,94.5
08:18:11,912810TX6,TSRYS5743665,D,S,C,2024-04-08,10000.00,4.59748,94.4328125
08:18:11,912810TX6,TSRYS5743665,D,S,T,2024-04-08,2000000.00,4.597985,94.375
08:18:11,912810TX6,TSRYS5743665,D,S,D,2024-04-08,1000000.00,4.597732,94.37890625
08:18:11,912810TX6,TSRYS5743665,D,S,T,2024-04-08,1000000.00,4.597985,94.375
08:18:11,912810TX6,TSRYS5743665,D,S,T,2024-04-08,1000000.00,4.597985,94.375
08:18:11,912810TX6,TSRYS5743665,D,S,T,2024-04-08,3450000.00,4.589926,94.5
08:18:11,912810TX6,TSRYS5743665,D,S,T,2024-04-08,1000000.00,4.597985,94.375
08:18:11,912810TX6,TSRYS5743665,D,S,T,2024-04-08,1000000.00,4.597985,94.375
08:18:12,912810TX6,TSRYS5743665,D,S,T,2024-04-08,1000000.00,4.597985,94.375
08:18:13,912810TX6,TSRYS5743665,D,S,D,2024-04-08,1000000.00,4.597975,94.37515
08:18:13,912810TX6,TSRYS5743665,D,S,D,2024-04-08,1000000.00,4.597975,94.37515
08:18:13,912810TX6,TSRYS5743665,D,S,C,2024-04-08,1000000.00,4.597985,94.375
08:18:13,912810TX6,TSRYS5743665,D,S,D,2024-04-08,1000000.00,4.597975,94.37515
08:18:13,912810TX6,TSRYS5743665,D,S,D,2024-04-08,1000000.00,4.597985,94.375
08:18:13,912810TX6,TSRYS5743665,D,B,C,2024-04-08,1000000.00,4.597985,94.375
08:18:13,912810TX6,TSRYS5743665,D,S,D,2024-04-08,2000000.00,4.597985,94.375
08:18:13,912810TX6,TSRYS5743665,D,S,D,2024-04-08,1000000.00,4.597985,94.375
08:18:13,912810TX6,TSRYS5743665,D,B,C,2024-04-08,2000000.00,4.597985,94.375
08:18:13,912810TX6,TSRYS5743665,D,S,C,2024-04-08,1000000.00,4.597985,94.375
08:18:13,912810TX6,TSRYS5743665,D,B,C,2024-04-08,1000000.00,4.597985,94.375
08:18:13,912810TX6,TSRYS5743665,D,S,C,2024-04-08,1000000.00,4.597985,94.375
08:18:13,912810TX6,TSRYS5743665,D,S,D,2024-04-08,3000000.00,4.597985,94.375
08:18:13,912810TX6,TSRYS5743665,D,S,C,2024-04-08,1000000.00,4.596976,94.390625
08:18:13,912810TX6,TSRYS5743665,D,S,D,2024-04-08,1000000.00,4.596976,94.390625
08:18:14,912810TX6,TSRYS5743665,D,S,C,2024-04-08,1000000.00,4.597985,94.375
08:18:14,912810TX6,TSRYS5743665,D,S,D,2024-04-08,1000000.00,4.597732,94.37890625
08:18:14,912810TX6,TSRYS5743665,D,B,C,2024-04-08,1000000.00,4.597732,94.37890625
08:18:15,912810TX6,TSRYS5743665,D,S,T,2024-04-08,1000000.00,4.597985,94.375
08:18:15,912810TX6,TSRYS5743665,D,S,T,2024-04-08,1000000.00,4.597985,94.375
08:18:15,912810TX6,TSRYS5743665,D,S,T,2024-04-08,1000000.00,4.597985,94.375
08:18:16,912810TX6,TSRYS5743665,D,S,A,2024-04-08,32000000.00,4.596976,94.390625
08:18:17,912810TX6,TSRYS5743665,D,S,D,2024-04-08,1000000.00,4.597474,94.3829125
08:18:17,912810TX6,TSRYS5743665,D,S,T,2024-04-08,1000000.00,4.59748,94.3828125
08:18:17,912810TX6,TSRYS5743665,D,B,C,2024-04-08,1000000.00,4.59748,94.3828125
08:18:17,912810TX6,TSRYS5743665,D,S,D,2024-04-08,1000000.00,4.597474,94.3829125
08:18:17,912810TX6,TSRYS5743665,D,S,D,2024-04-08,10000.00,4.59748,94.3828125
08:18:19,912810TX6,TSRYS5743665,D,S,D,2024-04-08,1000000.00,4.597474,94.3829125
08:18:19,912810TX6,TSRYS5743665,D,S,T,2024-04-08,1000000.00,4.59748,94.3828125
08:18:20,912810TX6,TSRYS5743665,D,S,T,2024-04-08,1000000.00,4.597985,94.375
08:18:20,912810TX6,TSRYS5743665,D,S,T,2024-04-08,1000000.00,4.597985,94.375
08:18:20,912810TX6,TSRYS5743665,D,S,T,2024-04-08,1000000.00,4.597985,94.375
08:18:20,912810TX6,TSRYS5743665,D,S,T,2024-04-08,1000000.00,4.597732,94.37890625
08:18:20,912810TX6,TSRYS5743665,D,S,T,2024-04-08,3000000.00,4.598489,94.3671875
08:18:20,912810TX6,TSRYS5743665,D,S,T,2024-04-08,1000000.00,4.598111,94.373046875
08:18:20,912810TX6,TSRYS5743665,D,S,T,2024-04-08,1000000.00,4.598489,94.3671875
08:18:20,912810TX6,TSRYS5743665,D,S,T,2024-04-08,1000000.00,4.598993,94.359375
08:18:20,912810TX6,TSRYS5743665,D,S,T,2024-04-08,1000000.00,4.598993,94.359375
08:18:20,912810TX6,TSRYS5743665,D,S,T,2024-04-08,1000000.00,4.598993,94.359375
08:18:20,912810TX6,TSRYS5743665,D,S,T,2024-04-08,1000000.00,4.598993,94.359375
08:18:20,912810TX6,TSRYS5743665,D,S,T,2024-04-08,1000000.00,4.598993,94.359375
08:18:20,912810TX6,TSRYS5743665,D,S,D,2024-04-08,1000000.00,4.598111,94.373046875
08:18:21,912810TX6,TSRYS5743665,D,S,D,2024-04-08,1000000.00,4.598481,94.3673125
08:18:21,912810TX6,TSRYS5743665,D,S,D,2024-04-08,1000000.00,4.598481,94.3673125
08:18:21,912810TX6,TSRYS5743665,D,S,T,2024-04-08,1000000.00,4.597985,94.375
08:18:21,912810TX6,TSRYS5743665,D,S,T,2024-04-08,1000000.00,4.597985,94.375
08:18:21,912810TX6,TSRYS5743665,D,S,T,2024-04-08,1000000.00,4.597985,94.375
08:18:21,912810TX6,TSRYS5743665,D,S,T,2024-04-08,2000000.00,4.597985,94.375
08:18:21,912810TX6,TSRYS5743665,D,S,T,2024-04-08,1000000.00,4.597985,94.375
08:18:21,912810TX6,TSRYS5743665,D,B,C,2024-04-08,1000000.00,4.598489,94.3671875
08:18:21,912810TX6,TSRYS5743665,D,S,T,2024-04-08,1000000.00,4.597985,94.375
08:18:21,912810TX6,TSRYS5743665,D,S,T,2024-04-08,1000000.00,4.597985,94.375
08:18:21,912810TX6,TSRYS5743665,D,S,T,2024-04-08,1000000.00,4.597985,94.375
08:18:21,912810TX6,TSRYS5743665,D,S,T,2024-04-08,1000000.00,4.597985,94.375
08:18:21,912810TX6,TSRYS5743665,D,S,C,2024-04-08,1000000.00,4.597985,94.375
08:18:21,912810TX6,TSRYS5743665,D,S,D,2024-04-08,1000000.00,4.597732,94.37890625
08:18:21,912810TX6,TSRYS5743665,D,B,C,2024-04-08,1000000.00,4.597732,94.37890625
08:18:21,912810TX6,TSRYS5743665,D,S,D,2024-04-08,2000000.00,4.59748,94.3828125
08:18:22,912810TX6,TSRYS5743665,D,S,D,2024-04-08,1000000.00,4.59748,94.3828125
08:18:22,912810TX6,TSRYS5743665,D,S,D,2024-04-08,1000000.00,4.598111,94.373046875
08:18:22,912810TX6,TSRYS5743665,D,B,C,2024-04-08,1000000.00,4.598117,94.372946875
08:18:22,912810TX6,TSRYS5743665,D,S,T,2024-04-08,1000000.00,4.59748,94.3828125
08:18:22,912810TX6,TSRYS5743665,D,S,T,2024-04-08,2000000.00,4.59748,94.3828125
08:18:23,912810TX6,TSRYS5743665,D,S,T,2024-04-08,1000000.00,4.599245,94.35546875
08:18:23,912810TX6,TSRYS5743665,D,S,T,2024-04-08,1000000.00,4.599371,94.353515625
08:18:23,912810TX6,TSRYS5743665,D,S,T,2024-04-08,1000000.00,4.599371,94.353515625
08:18:24,912810TX6,TSRYS5743665,D,S,D,2024-04-08,1000000.00,4.599371,94.353515625
08:18:24,912810TX6,TSRYS5743665,D,S,C,2024-04-08,1000000.00,4.597985,94.375
08:18:24,912810TX6,TSRYS5743665,D,S,D,2024-04-08,1000000.00,4.597732,94.37890625
08:18:24,912810TX6,TSRYS5743665,D,B,C,2024-04-08,1000000.00,4.597732,94.37890625
08:18:24,912810TX6,TSRYS5743665,D,S,D,2024-04-08,2000000.00,4.597985,94.375
08:18:24,912810TX6,TSRYS5743665,D,S,D,2024-04-08,1000000.00,4.599371,94.353515625
08:18:25,912810TX6,TSRYS5743665,D,S,T,2024-04-08,2000000.00,4.597985,94.375
08:18:25,912810TX6,TSRYS5743665,D,S,T,2024-04-08,1000000.00,4.598993,94.359375
08:18:25,912810TX6,TSRYS5743665,D,S,T,2024-04-08,1000000.00,4.598993,94.359375
08:18:25,912810TX6,TSRYS5743665,D,S,C,2024-04-08,1000000.00,4.598993,94.359375
08:18:25,912810TX6,TSRYS5743665,D,S,C,2024-04-08,1000000.00,4.598993,94.359375
08:18:25,912810TX6,TSRYS5743665,D,S,C,2024-04-08,1000000.00,4.598993,94.35955
08:18:25,912810TX6,TSRYS5743665,D,S,D,2024-04-08,1000000.00,4.598993,94.359375
08:18:25,912810TX6,TSRYS5743665,D,S,D,2024-04-08,1000000.00,4.597732,94.37890625
08:18:25,912810TX6,TSRYS5743665,D,S,D,2024-04-08,3000000.00,4.598489,94.3671875
08:18:25,912810TX6,TSRYS5743665,D,S,T,2024-04-08,1000000.00,4.600001,94.34375
08:18:25,912810TX6,TSRYS5743665,D,S,T,2024-04-08,1000000.00,4.600001,94.34375
08:18:25,912810TX6,TSRYS5743665,D,S,T,2024-04-08,1000000.00,4.597985,94.375
08:18:25,912810TX6,TSRYS5743665,D,S,T,2024-04-08,1000000.00,4.597985,94.375
08:18:25,912810TX6,TSRYS5743665,D,S,T,2024-04-08,1000000.00,4.597985,94.375
08:18:26,912810TX6,TSRYS5743665,D,S,T,2024-04-08,1000000.00,4.598993,94.359375
08:18:26,912810TX6,TSRYS5743665,D,S,T,2024-04-08,1000000.00,4.598993,94.359375
08:18:26,912810TX6,TSRYS5743665,D,S,T,2024-04-08,1000000.00,4.600001,94.34375
08:18:26,912810TX6,TSRYS5743665,D,S,T,2024-04-08,1000000.00,4.600001,94.34375
08:18:26,912810TX6,TSRYS5743665,D,S,T,2024-04-08,1000000.00,4.600001,94.34375
08:18:26,912810TX6,TSRYS5743665,D,S,T,2024-04-08,1000000.00,4.600001,94.34375
08:18:26,912810TX6,TSRYS5743665,D,S,T,2024-04-08,1000000.00,4.600001,94.34375
08:18:26,912810TX6,TSRYS5743665,D,S,T,2024-04-08,1000000.00,4.598993,94.359375
08:18:26,912810TX6,TSRYS5743665,D,S,T,2024-04-08,1000000.00,4.598993,94.359375
08:18:26,912810TX6,TSRYS5743665,D,S,T,2024-04-08,1000000.00,4.597985,94.375
08:18:26,912810TX6,TSRYS5743665,D,S,T,2024-04-08,1000000.00,4.600001,94.34375
08:18:26,912810TX6,TSRYS5743665,D,S,T,2024-04-08,3000000.00,4.600001,94.34375
08:18:26,912810TX6,TSRYS5743665,D,S,T,2024-04-08,1000000.00,4.600001,94.34375
08:18:26,912810TX6,TSRYS5743665,D,S,T,2024-04-08,1000000.00,4.598993,94.359375
08:18:26,912810TX6,TSRYS5743665,D,S,T,2024-04-08,1000000.00,4.598993,94.359375
08:18:26,912810TX6,TSRYS5743665,D,S,T,2024-04-08,1000000.00,4.600001,94.34375
08:18:26,912810TX6,TSRYS5743665,D,S,T,2024-04-08,1000000.00,4.597985,94.375
08:18:26,912810TX6,TSRYS5743665,D,S,T,2024-04-08,1000000.00,4.597985,94.375
08:18:26,912810TX6,TSRYS5743665,D,S,T,2024-04-08,1000000.00,4.600001,94.34375
08:18:26,912810TX6,TSRYS5743665,D,S,T,2024-04-08,1000000.00,4.600001,94.34375
08:18:27,912810TX6,TSRYS5743665,D,S,T,2024-04-08,1000000.00,4.598993,94.359375
08:18:27,912810TX6,TSRYS5743665,D,S,T,2024-04-08,1000000.00,4.600001,94.34375
08:18:27,912810TX6,TSRYS5743665,D,S,T,2024-04-08,1000000.00,4.600001,94.34375
08:18:27,912810TX6,TSRYS5743665,D,S,T,2024-04-08,1000000.00,4.597985,94.375
08:18:27,912810TX6,TSRYS5743665,D,S,T,2024-04-08,1000000.00,4.598993,94.359375
08:18:27,912810TX6,TSRYS5743665,D,S,T,2024-04-08,1000000.00,4.600001,94.34375
08:18:27,912810TX6,TSRYS5743665,D,S,T,2024-04-08,2000000.00,4.600001,94.34375
08:18:27,912810TX6,TSRYS5743665,D,S,D,2024-04-08,1000000.00,4.600001,94.34375
08:18:27,912810TX6,TSRYS5743665,D,S,D,2024-04-08,1000000.00,4.599245,94.35546875
08:18:27,912810TX6,TSRYS5743665,D,B,C,2024-04-08,1000000.00,4.599245,94.35546875
08:18:28,912810TX6,TSRYS5743665,D,S,D,2024-04-08,1000000.00,4.599245,94.35546875
08:18:28,912810TX6,TSRYS5743665,D,S,D,2024-04-08,1000000.00,4.596976,94.390625
08:18:28,912810TX6,TSRYS5743665,D,S,D,2024-04-08,1000000.00,4.596976,94.390625
08:18:28,912810TX6,TSRYS5743665,D,S,C,2024-04-08,1000000.00,4.596976,94.390625
08:18:28,912810TX6,TSRYS5743665,D,S,C,2024-04-08,1000000.00,4.596976,94.390625
08:18:28,912810TX6,TSRYS5743665,D,S,C,2024-04-08,1000000.00,4.596964,94.390825
08:18:28,912810TX6,TSRYS5743665,D,S,D,2024-04-08,1000000.00,4.596976,94.390625
08:18:28,912810TX6,TSRYS5743665,D,S,C,2024-04-08,1000000.00,4.596964,94.390825
08:18:28,912810TX6,TSRYS5743665,D,S,C,2024-04-08,1000000.00,4.596976,94.390625
08:18:28,912810TX6,TSRYS5743665,D,S,D,2024-04-08,1000000.00,4.596976,94.390625
08:18:29,912810TX6,TSRYS5743665,D,S,D,2024-04-08,1000000.00,4.599497,94.3515625
08:18:30,912810TX6,TSRYS5743665,D,S,T,2024-04-08,1000000.00,4.600001,94.34375
08:18:30,912810TX6,TSRYS5743665,D,S,T,2024-04-08,1000000.00,4.600001,94.34375
08:18:31,912810TX6,TSRYS5743665,D,S,T,2024-04-08,1000000.00,4.599371,94.353515625
08:18:31,912810TX6,TSRYS5743665,D,S,D,2024-04-08,1000000.00,4.599371,94.353515625
08:18:31,912810TX6,TSRYS5743665,D,S,T,2024-04-08,1000000.00,4.600001,94.34375
08:18:31,912810TX6,TSRYS5743665,D,S,T,2024-04-08,1000000.00,4.600001,94.34375
08:18:31,912810TX6,TSRYS5743665,D,S,T,2024-04-08,1000000.00,4.600001,94.34375
08:18:31,912810TX6,TSRYS5743665,D,S,D,2024-04-08,1000000.00,4.600001,94.34375
08:18:31,912810TX6,TSRYS5743665,D,S,T,2024-04-08,1000000.00,4.600001,94.34375
08:18:31,912810TX6,TSRYS5743665,D,S,T,2024-04-08,3000000.00,4.600001,94.34375
08:18:31,912810TX6,TSRYS5743665,D,S,T,2024-04-08,1000000.00,4.600001,94.34375
08:18:32,912810TX6,TSRYS5743665,D,S,T,2024-04-08,1000000.00,4.599623,94.349609375
08:18:32,912810TX6,TSRYS5743665,D,S,D,2024-04-08,1000000.00,4.599623,94.349609375
08:18:32,912810TX6,TSRYS5743665,D,S,D,2024-04-08,1000000.00,4.599623,94.349609375
08:18:33,912810TX6,TSRYS5743665,D,S,D,2024-04-08,1000000.00,4.599749,94.34765625
08:18:33,912810TX6,TSRYS5743665,D,S,T,2024-04-08,1000000.00,4.599497,94.3515625
08:18:34,912810TX6,TSRYS5743665,D,S,D,2024-04-08,1000000.00,4.599491,94.3516625
08:18:34,912810TX6,TSRYS5743665,D,B,C,2024-04-08,1000000.00,4.599504,94.3514625
08:18:34,912810TX6,TSRYS5743665,D,S,D,2024-04-08,1000000.00,4.599491,94.3516625
08:18:34,912810TX6,TSRYS5743665,D,S,D,2024-04-08,1000000.00,4.599497,94.3515625
08:18:35,912810TX6,TSRYS5743665,D,S,T,2024-04-08,1000000.00,4.600001,94.34375
08:18:35,912810TX6,TSRYS5743665,D,S,T,2024-04-08,1000000.00,4.600001,94.34375
08:18:35,912810TX6,TSRYS5743665,D,S,T,2024-04-08,1000000.00,4.600001,94.34375
08:18:35,912810TX6,TSRYS5743665,D,S,T,2024-04-08,1000000.00,4.60101,94.328125
08:18:35,912810TX6,TSRYS5743665,D,S,T,2024-04-08,3000000.00,4.600001,94.34375
08:18:35,912810TX6,TSRYS5743665,D,S,T,2024-04-08,1000000.00,4.600001,94.34375
08:18:35,912810TX6,TSRYS5743665,D,S,T,2024-04-08,1000000.00,4.60101,94.328125
08:18:35,912810TX6,TSRYS5743665,D,S,T,2024-04-08,1000000.00,4.60101,94.328125
08:18:36,912810TX6,TSRYS5743665,D,B,C,2024-04-08,1000000.00,4.600001,94.34375
08:18:36,912810TX6,TSRYS5743665,D,S,D,2024-04-08,1000000.00,4.599995,94.34385
08:18:36,912810TX6,TSRYS5743665,D,S,T,2024-04-08,2000000.00,4.599497,94.3515625
08:18:36,912810TX6,TSRYS5743665,D,S,T,2024-04-08,1000000.00,4.599749,94.34765625
08:18:36,912810TX6,TSRYS5743665,D,S,T,2024-04-08,1000000.00,4.600001,94.34375
08:18:36,912810TX6,TSRYS5743665,D,S,T,2024-04-08,1000000.00,4.599623,94.349609375
08:18:36,912810TX6,TSRYS5743665,D,S,T,2024-04-08,2000000.00,4.600001,94.34375
08:18:36,912810TX6,TSRYS5743665,D,S,T,2024-04-08,1000000.00,4.600001,94.34375
08:18:36,912810TX6,TSRYS5743665,D,S,T,2024-04-08,1000000.00,4.600001,94.34375
08:18:36,912810TX6,TSRYS5743665,D,S,T,2024-04-08,1000000.00,4.600001,94.34375
08:18:36,912810TX6,TSRYS5743665,D,S,T,2024-04-08,1000000.00,4.60101,94.328125
08:18:36,912810TX6,TSRYS5743665,D,S,T,2024-04-08,1000000.00,4.600001,94.34375
08:18:36,912810TX6,TSRYS5743665,D,S,T,2024-04-08,1000000.00,4.60101,94.328125
08:18:36,912810TX6,TSRYS5743665,D,S,T,2024-04-08,1000000.00,4.60101,94.328125
08:18:36,912810TX6,TSRYS5743665,D,S,T,2024-04-08,1000000.00,4.60101,94.328125
08:18:36,912810TX6,TSRYS5743665,D,S,T,2024-04-08,1000000.00,4.600001,94.34375
08:18:36,912810TX6,TSRYS5743665,D,S,T,2024-04-08,1000000.00,4.600001,94.34375
08:18:36,912810TX6,TSRYS5743665,D,S,T,2024-04-08,1000000.00,4.600001,94.34375
08:18:36,912810TX6,TSRYS5743665,D,S,T,2024-04-08,2000000.00,4.60101,94.328125
08:18:36,912810TX6,TSRYS5743665,D,S,T,2024-04-08,2000000.00,4.600001,94.34375
08:18:36,912810TX6,TSRYS5743665,D,S,T,2024-04-08,1000000.00,4.600001,94.34375
08:18:37,912810TX6,TSRYS5743665,D,S,T,2024-04-08,1000000.00,4.60101,94.328125
08:18:37,912810TX6,TSRYS5743665,D,S,T,2024-04-08,1000000.00,4.60101,94.328125
08:18:37,912810TX6,TSRYS5743665,D,S,T,2024-04-08,1000000.00,4.60101,94.328125
08:18:37,912810TX6,TSRYS5743665,D,S,D,2024-04-08,2000000.00,4.599497,94.3515625
08:18:38,912810TX6,TSRYS5743665,D,S,D,2024-04-08,1000000.00,4.60101,94.328125
08:18:38,912810TX6,TSRYS5743665,D,S,C,2024-04-08,1000000.00,4.60101,94.328125
08:18:38,912810TX6,TSRYS5743665,D,S,C,2024-04-08,1000000.00,4.60101,94.328125
08:18:38,912810TX6,TSRYS5743665,D,S,C,2024-04-08,1000000.00,4.60101,94.3283
08:18:38,912810TX6,TSRYS5743665,D,S,C,2024-04-08,1000000.00,4.60101,94.328125
08:18:38,912810TX6,TSRYS5743665,D,B,C,2024-04-08,1000000.00,4.600001,94.34375
08:18:38,912810TX6,TSRYS5743665,D,S,D,2024-04-08,1000000.00,4.600001,94.34375
08:18:39,912810TX6,TSRYS5743665,D,S,C,2024-04-08,1000000.00,4.60101,94.3283
08:18:39,912810TX6,TSRYS5743665,D,S,C,2024-04-08,1000000.00,4.60101,94.328125
08:18:40,912810TX6,TSRYS5743665,D,S,T,2024-04-08,1000000.00,4.60101,94.328125
08:18:40,912810TX6,TSRYS5743665,D,S,T,2024-04-08,1000000.00,4.60101,94.328125
08:18:40,912810TX6,TSRYS5743665,D,S,T,2024-04-08,2000000.00,4.60101,94.328125
08:18:40,912810TX6,TSRYS5743665,D,S,T,2024-04-08,1000000.00,4.600001,94.34375
08:18:40,912810TX6,TSRYS5743665,D,S,T,2024-04-08,1000000.00,4.600001,94.34375
08:18:40,912810TX6,TSRYS5743665,D,S,T,2024-04-08,1000000.00,4.600001,94.34375
08:18:40,912810TX6,TSRYS5743665,D,S,C,2024-04-08,1000000.00,4.600001,94.34375
08:18:41,912810TX6,TSRYS5743665,D,S,T,2024-04-08,1000000.00,4.600001,94.34375
08:18:41,912810TX6,TSRYS5743665,D,S,T,2024-04-08,1000000.00,4.600001,94.34375
08:18:41,912810TX6,TSRYS5743665,D,B,C,2024-04-08,1000000.00,4.600001,94.34375
08:18:41,912810TX6,TSRYS5743665,D,S,T,2024-04-08,1000000.00,4.60101,94.328125
08:18:41,912810TX6,TSRYS5743665,D,S,T,2024-04-08,1000000.00,4.60101,94.328125
08:18:41,912810TX6,TSRYS5743665,D,S,T,2024-04-08,1000000.00,4.600001,94.34375
08:18:41,912810TX6,TSRYS5743665,D,S,T,2024-04-08,1000000.00,4.600001,94.34375
08:18:41,912810TX6,TSRYS5743665,D,S,T,2024-04-08,1000000.00,4.600001,94.34375
08:18:41,912810TX6,TSRYS5743665,D,S,D,2024-04-08,1000000.00,4.599995,94.34385
08:18:41,912810TX6,TSRYS5743665,D,S,T,2024-04-08,1000000.00,4.600001,94.34375
08:18:41,912810TX6,TSRYS5743665,D,S,T,2024-04-08,1000000.00,4.600001,94.34375
08:18:41,912810TX6,TSRYS5743665,D,S,T,2024-04-08,2000000.00,4.60101,94.328125
08:18:41,912810TX6,TSRYS5743665,D,S,T,2024-04-08,1000000.00,4.600001,94.34375
08:18:43,912810TX6,TSRYS5743665,D,S,C,2024-04-08,2000000.00,4.597985,94.375
08:18:43,912810TX6,TSRYS5743665,D,S,C,2024-04-08,1000000.00,4.597985,94.375
08:18:43,912810TX6,TSRYS5743665,D,S,D,2024-04-08,1000000.00,4.597985,94.375
08:18:43,912810TX6,TSRYS5743665,D,S,D,2024-04-08,1000000.00,4.597985,94.375
08:18:43,912810TX6,TSRYS5743665,D,S,C,2024-04-08,1000000.00,4.597985,94.375
08:18:43,912810TX6,TSRYS5743665,D,S,D,2024-04-08,1000000.00,4.597985,94.375
08:18:43,912810TX6,TSRYS5743665,D,S,D,2024-04-08,1000000.00,4.597985,94.375
08:18:43,912810TX6,TSRYS5743665,D,S,C,2024-04-08,1000000.00,4.597985,94.375
08:18:43,912810TX6,TSRYS5743665,D,S,C,2024-04-08,1000000.00,4.59697,94.390725
08:18:43,912810TX6,TSRYS5743665,D,S,C,2024-04-08,1000000.00,4.597985,94.375
08:18:43,912810TX6,TSRYS5743665,D,B,C,2024-04-08,1000000.00,4.596989,94.390425
08:18:43,912810TX6,TSRYS5743665,D,S,D,2024-04-08,1000000.00,4.597985,94.375
08:18:44,912810TX6,TSRYS5743665,D,S,C,2024-04-08,1000000.00,4.600001,94.34375
08:18:45,912810TX6,TSRYS5743665,D,S,T,2024-04-08,1000000.00,4.600001,94.34375
08:18:46,912810TX6,TSRYS5743665,D,S,T,2024-04-08,1000000.00,4.600001,94.34375
08:18:46,912810TX6,TSRYS5743665,D,S,T,2024-04-08,1000000.00,4.600001,94.34375
08:18:46,912810TX6,TSRYS5743665,D,B,C,2024-04-08,1000000.00,4.600001,94.34375
08:18:46,912810TX6,TSRYS5743665,D,S,D,2024-04-08,1000000.00,4.600001,94.343925
08:18:48,912810TX6,TSRYS5743665,D,S,D,2024-04-08,2000000.00,4.60101,94.328125
08:18:50,912810TX6,TSRYS5743665,D,S,T,2024-04-08,1000000.00,4.60101,94.328125
08:18:50,912810TX6,TSRYS5743665,D,S,T,2024-04-08,1000000.00,4.600001,94.34375
08:18:50,912810TX6,TSRYS5743665,D,S,T,2024-04-08,1000000.00,4.60101,94.328125
08:18:50,912810TX6,TSRYS5743665,D,S,T,2024-04-08,1000000.00,4.600001,94.34375
08:18:50,912810TX6,TSRYS5743665,D,S,T,2024-04-08,1000000.00,4.60101,94.328125
08:18:51,912810TX6,TSRYS5743665,D,S,C,2024-04-08,1000000.00,4.60101,94.3283
08:18:51,912810TX6,TSRYS5743665,D,S,T,2024-04-08,1000000.00,4.60101,94.328125
08:18:51,912810TX6,TSRYS5743665,D,S,T,2024-04-08,1000000.00,4.60101,94.328125
08:18:51,912810TX6,TSRYS5743665,D,S,T,2024-04-08,1000000.00,4.60101,94.328125
08:18:51,912810TX6,TSRYS5743665,D,S,T,2024-04-08,1000000.00,4.600001,94.34375
08:18:51,912810TX6,TSRYS5743665,D,S,T,2024-04-08,1000000.00,4.60101,94.328125
08:18:51,912810TX6,TSRYS5743665,D,S,T,2024-04-08,1000000.00,4.60101,94.328125
08:18:51,912810TX6,TSRYS5743665,D,S,T,2024-04-08,1000000.00,4.600001,94.34375
08:18:51,912810TX6,TSRYS5743665,D,S,T,2024-04-08,1000000.00,4.60101,94.328125
08:18:52,912810TX6,TSRYS5743665,D,S,T,2024-04-08,1000000.00,4.60101,94.328125
08:18:53,912810TX6,TSRYS5743665,D,S,C,2024-04-08,1000000.00,4.599623,94.3496074
08:18:58,912810TX6,TSRYS5743665,D,S,D,2024-04-08,1000000.00,4.60101,94.328125
08:19:01,912810TX6,TSRYS5743665,D,S,C,2024-04-08,2000000.00,4.597985,94.375
08:19:01,912810TX6,TSRYS5743665,D,S,D,2024-04-08,1000000.00,4.597985,94.375
08:19:01,912810TX6,TSRYS5743665,D,S,C,2024-04-08,2000000.00,4.597985,94.375
08:19:01,912810TX6,TSRYS5743665,D,S,C,2024-04-08,1000000.00,4.597985,94.375
08:19:01,912810TX6,TSRYS5743665,D,S,D,2024-04-08,1000000.00,4.597985,94.375
08:19:01,912810TX6,TSRYS5743665,D,S,D,2024-04-08,1000000.00,4.597985,94.375
08:19:01,912810TX6,TSRYS5743665,D,S,C,2024-04-08,1000000.00,4.597985,94.375
08:19:01,912810TX6,TSRYS5743665,D,S,C,2024-04-08,1000000.00,4.598977,94.359625
08:19:01,912810TX6,TSRYS5743665,D,S,T,2024-04-08,1000000.00,4.600001,94.34375
08:19:01,912810TX6,TSRYS5743665,D,S,T,2024-04-08,1000000.00,4.600001,94.34375
08:19:01,912810TX6,TSRYS5743665,D,S,T,2024-04-08,1000000.00,4.598993,94.359375
08:19:04,912810TX6,TSRYS5743665,D,S,D,2024-04-08,1000000.00,4.598993,94.359375
08:19:08,912810TX6,TSRYS5743665,D,S,C,2024-04-08,25000000.00,4.59872,94.3636
08:19:12,912810TX6,TSRYS5743665,D,B,C,2024-04-08,1000000.00,4.597985,94.375
08:19:12,912810TX6,TSRYS5743665,D,S,C,2024-04-08,1000000.00,4.597985,94.3753
08:19:15,912810TX6,TSRYS5743665,D,S,C,2024-04-08,1000000.00,4.597985,94.375
08:19:15,912810TX6,TSRYS5743665,D,S,C,2024-04-08,1000000.00,4.597985,94.375
08:19:15,912810TX6,TSRYS5743665,D,S,D,2024-04-08,1000000.00,4.597985,94.375
08:19:15,912810TX6,TSRYS5743665,D,B,C,2024-04-08,1000000.00,4.597985,94.375
08:19:15,912810TX6,TSRYS5743665,D,S,D,2024-04-08,1000000.00,4.597985,94.375
08:19:15,912810TX6,TSRYS5743665,D,S,C,2024-04-08,1000000.00,4.597978,94.3751
08:19:15,912810TX6,TSRYS5743665,D,S,C,2024-04-08,1000000.00,4.597985,94.375
08:19:15,912810TX6,TSRYS5743665,D,B,C,2024-04-08,1000000.00,4.597985,94.375
08:19:15,912810TX6,TSRYS5743665,D,S,C,2024-04-08,1000000.00,4.597985,94.375
08:19:15,912810TX6,TSRYS5743665,D,B,C,2024-04-08,1000000.00,4.597985,94.375
08:19:15,912810TX6,TSRYS5743665,D,S,C,2024-04-08,1000000.00,4.597978,94.3751
08:19:15,912810TX6,TSRYS5743665,D,S,C,2024-04-08,1000000.00,4.597985,94.375
08:19:15,912810TX6,TSRYS5743665,D,S,C,2024-04-08,1000000.00,4.597985,94.375
08:19:15,912810TX6,TSRYS5743665,D,B,C,2024-04-08,1000000.00,4.597985,94.375
08:19:15,912810TX6,TSRYS5743665,D,S,C,2024-04-08,1000000.00,4.597985,94.375
08:19:15,912810TX6,TSRYS5743665,D,S,D,2024-04-08,1000000.00,4.597985,94.375
08:19:15,912810TX6,TSRYS5743665,D,S,C,2024-04-08,1000000.00,4.597978,94.3751
08:19:15,912810TX6,TSRYS5743665,D,S,D,2024-04-08,1000000.00,4.597985,94.375
08:19:15,912810TX6,TSRYS5743665,D,S,D,2024-04-08,1000000.00,4.597985,94.375
08:19:15,912810TX6,TSRYS5743665,D,S,D,2024-04-08,1000000.00,4.597985,94.375
08:19:15,912810TX6,TSRYS5743665,D,S,C,2024-04-08,1000000.00,4.597985,94.375
08:19:15,912810TX6,TSRYS5743665,D,S,D,2024-04-08,1000000.00,4.597985,94.375
08:19:15,912810TX6,TSRYS5743665,D,S,C,2024-04-08,1000000.00,4.597985,94.375
08:19:15,912810TX6,TSRYS5743665,D,S,C,2024-04-08,1000000.00,4.597968,94.37525
08:19:15,912810TX6,TSRYS5743665,D,S,D,2024-04-08,1000000.00,4.598993,94.359375
08:19:15,912810TX6,TSRYS5743665,D,S,C,2024-04-08,1000000.00,4.598982,94.35955
08:19:15,912810TX6,TSRYS5743665,D,S,C,2024-04-08,1000000.00,4.598974,94.359675
08:19:15,912810TX6,TSRYS5743665,D,S,C,2024-04-08,1000000.00,4.59898,94.359575
08:19:15,912810TX6,TSRYS5743665,D,S,C,2024-04-08,1000000.00,4.598974,94.359675
08:19:15,912810TX6,TSRYS5743665,D,S,D,2024-04-08,1000000.00,4.598993,94.359375
08:19:15,912810TX6,TSRYS5743665,D,S,C,2024-04-08,1000000.00,4.59898,94.359575
08:19:15,912810TX6,TSRYS5743665,D,S,D,2024-04-08,1000000.00,4.598993,94.359375
08:19:15,912810TX6,TSRYS5743665,D,S,C,2024-04-08,1000000.00,4.598974,94.359675
08:19:15,912810TX6,TSRYS5743665,D,S,C,2024-04-08,1000000.00,4.598993,94.359375
08:19:15,912810TX6,TSRYS5743665,D,S,C,2024-04-08,1000000.00,4.600001,94.34375
08:19:15,912810TX6,TSRYS5743665,D,S,C,2024-04-08,2000000.00,4.600001,94.34375
08:19:16,912810TX6,TSRYS5743665,D,S,C,2024-04-08,1000000.00,4.600001,94.34375
08:19:16,912810TX6,TSRYS5743665,D,S,D,2024-04-08,1000000.00,4.600001,94.34375
08:19:16,912810TX6,TSRYS5743665,D,S,C,2024-04-08,1000000.00,4.599989,94.34395
08:19:16,912810TX6,TSRYS5743665,D,S,C,2024-04-08,1000000.00,4.600001,94.34375
08:19:16,912810TX6,TSRYS5743665,D,S,D,2024-04-08,1000000.00,4.600001,94.34375
08:19:16,912810TX6,TSRYS5743665,D,S,C,2024-04-08,1000000.00,4.599985,94.344
08:19:16,912810TX6,TSRYS5743665,D,S,D,2024-04-08,1000000.00,4.598993,94.359375
08:19:16,912810TX6,TSRYS5743665,D,B,C,2024-04-08,1000000.00,4.598993,94.359375
08:19:16,912810TX6,TSRYS5743665,D,S,C,2024-04-08,1000000.00,4.600001,94.34375
08:19:16,912810TX6,TSRYS5743665,D,S,D,2024-04-08,1000000.00,4.600001,94.34375
08:19:16,912810TX6,TSRYS5743665,D,S,D,2024-04-08,1000000.00,4.600001,94.34375
08:19:16,912810TX6,TSRYS5743665,D,S,C,2024-04-08,1000000.00,4.600001,94.34375
08:19:16,912810TX6,TSRYS5743665,D,S,C,2024-04-08,1000000.00,4.599989,94.34395
08:19:16,912810TX6,TSRYS5743665,D,S,C,2024-04-08,1000000.00,4.599985,94.344
08:19:16,912810TX6,TSRYS5743665,D,S,D,2024-04-08,3000000.00,4.600001,94.34375
08:19:16,912810TX6,TSRYS5743665,D,B,C,2024-04-08,1000000.00,4.598993,94.359375
08:19:16,912810TX6,TSRYS5743665,D,S,D,2024-04-08,1000000.00,4.598993,94.359375
08:19:16,912810TX6,TSRYS5743665,D,S,D,2024-04-08,1000000.00,4.600001,94.34375
08:19:16,912810TX6,TSRYS5743665,D,S,C,2024-04-08,2000000.00,4.600001,94.34375
08:19:16,912810TX6,TSRYS5743665,D,S,C,2024-04-08,1000000.00,4.599989,94.34395
08:19:16,912810TX6,TSRYS5743665,D,S,C,2024-04-08,1000000.00,4.599989,94.34395
08:19:16,912810TX6,TSRYS5743665,D,S,C,2024-04-08,1000000.00,4.599985,94.344
08:19:16,912810TX6,TSRYS5743665,D,S,C,2024-04-08,1000000.00,4.600001,94.34375
08:19:16,912810TX6,TSRYS5743665,D,S,D,2024-04-08,3000000.00,4.600001,94.34375
08:19:16,912810TX6,TSRYS5743665,D,S,D,2024-04-08,1000000.00,4.600001,94.34375
08:19:16,912810TX6,TSRYS5743665,D,S,D,2024-04-08,1000000.00,4.600001,94.34375
08:19:16,912810TX6,TSRYS5743665,D,S,D,2024-04-08,1000000.00,4.600001,94.34375
08:19:16,912810TX6,TSRYS5743665,D,S,C,2024-04-08,1000000.00,4.600999,94.3283
08:19:16,912810TX6,TSRYS5743665,D,S,D,2024-04-08,2000000.00,4.60101,94.328125
08:19:16,912810TX6,TSRYS5743665,D,S,D,2024-04-08,2000000.00,4.60101,94.328125
08:19:16,912810TX6,TSRYS5743665,D,S,D,2024-04-08,1000000.00,4.60101,94.328125
08:19:16,912810TX6,TSRYS5743665,D,S,C,2024-04-08,1000000.00,4.600991,94.328425
08:19:16,912810TX6,TSRYS5743665,D,S,C,2024-04-08,1000000.00,4.600994,94.328375
08:19:16,912810TX6,TSRYS5743665,D,S,C,2024-04-08,1000000.00,4.599985,94.344
08:19:16,912810TX6,TSRYS5743665,D,S,D,2024-04-08,1000000.00,4.599987,94.343975
08:19:16,912810TX6,TSRYS5743665,D,B,C,2024-04-08,1000000.00,4.600014,94.34355
08:19:16,912810TX6,TSRYS5743665,D,S,D,2024-04-08,1000000.00,4.599987,94.343975
08:19:16,912810TX6,TSRYS5743665,D,S,C,2024-04-08,1000000.00,4.599985,94.344
08:19:16,912810TX6,TSRYS5743665,D,S,C,2024-04-08,1000000.00,4.599985,94.344
08:19:16,912810TX6,TSRYS5743665,D,S,C,2024-04-08,1000000.00,4.599985,94.344
08:19:16,912810TX6,TSRYS5743665,D,S,D,2024-04-08,1000000.00,4.599987,94.343975
08:19:17,912810TX6,TSRYS5743665,D,S,T,2024-04-08,1000000.00,4.596976,94.390625
08:19:17,912810TX6,TSRYS5743665,D,S,C,2024-04-08,1000000.00,4.597102,94.388671875
08:19:19,912810TX6,TSRYS5743665,D,S,T,2024-04-08,1000000.00,4.597102,94.38867188
08:19:21,912810TX6,TSRYS5743665,D,S,T,2024-04-08,1000000.00,4.596976,94.390625
08:19:24,912810TX6,TSRYS5743665,D,S,C,2024-04-08,1000000.00,4.596976,94.390925
08:19:28,912810TX6,TSRYS5743665,D,S,D,2024-04-08,1000000.00,4.600001,94.34375
08:19:28,912810TX6,TSRYS5743665,D,S,D,2024-04-08,1000000.00,4.600001,94.34375
08:19:28,912810TX6,TSRYS5743665,D,S,C,2024-04-08,1000000.00,4.599989,94.34395
08:19:28,912810TX6,TSRYS5743665,D,S,C,2024-04-08,1000000.00,4.599989,94.34395
08:19:28,912810TX6,TSRYS5743665,D,S,D,2024-04-08,1000000.00,4.600001,94.34375
08:19:28,912810TX6,TSRYS5743665,D,S,C,2024-04-08,1000000.00,4.599985,94.344
08:19:28,912810TX6,TSRYS5743665,D,S,D,2024-04-08,3000000.00,4.600001,94.34375
08:19:28,912810TX6,TSRYS5743665,D,S,D,2024-04-08,1000000.00,4.600001,94.34375
08:19:28,912810TX6,TSRYS5743665,D,S,D,2024-04-08,1000000.00,4.600001,94.34375
08:19:28,912810TX6,TSRYS5743665,D,S,C,2024-04-08,1000000.00,4.600001,94.34375
08:19:28,912810TX6,TSRYS5743665,D,S,D,2024-04-08,2000000.00,4.600001,94.34375
08:19:28,912810TX6,TSRYS5743665,D,S,D,2024-04-08,1000000.00,4.599995,94.343852
08:19:28,912810TX6,TSRYS5743665,D,S,C,2024-04-08,1000000.00,4.599995,94.34385
08:19:28,912810TX6,TSRYS5743665,D,S,D,2024-04-08,1000000.00,4.600001,94.34375
08:19:28,912810TX6,TSRYS5743665,D,S,C,2024-04-08,1000000.00,4.600997,94.328325
08:19:28,912810TX6,TSRYS5743665,D,S,C,2024-04-08,1000000.00,4.600994,94.328375
08:19:28,912810TX6,TSRYS5743665,D,S,D,2024-04-08,2000000.00,4.60101,94.328125
08:19:28,912810TX6,TSRYS5743665,D,S,C,2024-04-08,1000000.00,4.600997,94.328325
08:19:28,912810TX6,TSRYS5743665,D,S,D,2024-04-08,1000000.00,4.599987,94.343975
08:19:28,912810TX6,TSRYS5743665,D,S,D,2024-04-08,1000000.00,4.599987,94.343975
08:19:28,912810TX6,TSRYS5743665,D,S,D,2024-04-08,1000000.00,4.600001,94.34375
08:19:28,912810TX6,TSRYS5743665,D,S,D,2024-04-08,1000000.00,4.599987,94.343975
08:19:28,912810TX6,TSRYS5743665,D,S,D,2024-04-08,1000000.00,4.599987,94.343975
08:19:28,912810TX6,TSRYS5743665,D,B,C,2024-04-08,1000000.00,4.600014,94.34355
08:19:28,912810TX6,TSRYS5743665,D,S,D,2024-04-08,1000000.00,4.599987,94.343975
08:19:28,912810TX6,TSRYS5743665,D,S,D,2024-04-08,1000000.00,4.599987,94.343975
08:19:28,912810TX6,TSRYS5743665,D,S,C,2024-04-08,1000000.00,4.600001,94.34375
08:19:28,912810TX6,TSRYS5743665,D,S,C,2024-04-08,1000000.00,4.600001,94.34375
08:19:28,912810TX6,TSRYS5743665,D,S,C,2024-04-08,1000000.00,4.599985,94.344
08:19:28,912810TX6,TSRYS5743665,D,S,C,2024-04-08,1000000.00,4.60101,94.328125
08:19:28,912810TX6,TSRYS5743665,D,S,C,2024-04-08,1000000.00,4.600999,94.3283
08:19:28,912810TX6,TSRYS5743665,D,S,C,2024-04-08,1000000.00,4.600999,94.3283
08:19:28,912810TX6,TSRYS5743665,D,S,C,2024-04-08,1000000.00,4.60101,94.328125
08:19:28,912810TX6,TSRYS5743665,D,S,C,2024-04-08,1000000.00,4.600999,94.3283
08:19:28,912810TX6,TSRYS5743665,D,S,D,2024-04-08,1000000.00,4.60101,94.328125
08:19:28,912810TX6,TSRYS5743665,D,S,C,2024-04-08,1000000.00,4.600999,94.3283
08:19:28,912810TX6,TSRYS5743665,D,S,C,2024-04-08,1000000.00,4.599995,94.34385
08:19:28,912810TX6,TSRYS5743665,D,S,D,2024-04-08,1000000.00,4.60101,94.328125
08:19:28,912810TX6,TSRYS5743665,D,S,D,2024-04-08,1000000.00,4.60101,94.328125
08:19:31,912810TX6,TSRYS5743665,D,S,T,2024-04-08,1000000.00,4.596976,94.390625
08:19:33,912810TX6,TSRYS5743665,D,S,T,2024-04-08,1000000.00,4.596976,94.390625
08:19:35,912810TX6,TSRYS5743665,D,S,T,2024-04-08,1000000.00,4.596976,94.390625
08:19:35,912810TX6,TSRYS5743665,D,S,T,2024-04-08,1000000.00,4.596976,94.390625
08:19:35,912810TX6,TSRYS5743665,D,S,T,2024-04-08,1000000.00,4.596976,94.390625
08:19:36,912810TX6,TSRYS5743665,D,S,T,2024-04-08,1000000.00,4.596976,94.390625
08:19:36,912810TX6,TSRYS5743665,D,S,T,2024-04-08,1000000.00,4.596976,94.390625
08:19:36,912810TX6,TSRYS5743665,D,S,T,2024-04-08,1000000.00,4.596976,94.390625
08:19:36,912810TX6,TSRYS5743665,D,S,T,2024-04-08,1000000.00,4.596976,94.390625
08:19:36,912810TX6,TSRYS5743665,D,S,T,2024-04-08,1000000.00,4.596976,94.390625
08:19:38,912810TX6,TSRYS5743665,D,S,D,2024-04-08,1000000.00,4.597985,94.375
08:19:42,912810TX6,TSRYS5743665,D,S,D,2024-04-08,1000000.00,4.597985,94.375
08:19:43,912810TX6,TSRYS5743665,D,S,C,2024-04-08,1000000.00,4.599989,94.34395
08:19:43,912810TX6,TSRYS5743665,D,S,D,2024-04-08,1000000.00,4.600001,94.34375
08:19:43,912810TX6,TSRYS5743665,D,B,C,2024-04-08,1000000.00,4.598993,94.359375
08:19:43,912810TX6,TSRYS5743665,D,B,C,2024-04-08,1000000.00,4.599006,94.359175
08:19:43,912810TX6,TSRYS5743665,D,S,D,2024-04-08,1000000.00,4.598993,94.359375
08:19:43,912810TX6,TSRYS5743665,D,B,C,2024-04-08,1000000.00,4.599006,94.359175
08:19:43,912810TX6,TSRYS5743665,D,S,D,2024-04-08,1000000.00,4.598993,94.359375
08:19:43,912810TX6,TSRYS5743665,D,S,D,2024-04-08,1000000.00,4.598993,94.359375
08:19:43,912810TX6,TSRYS5743665,D,S,C,2024-04-08,1000000.00,4.597965,94.3753
08:19:43,912810TX6,TSRYS5743665,D,B,C,2024-04-08,1000000.00,4.597985,94.375
08:19:43,912810TX6,TSRYS5743665,D,B,C,2024-04-08,1000000.00,4.597985,94.375
08:19:43,912810TX6,TSRYS5743665,D,S,C,2024-04-08,1000000.00,4.597975,94.37515
08:19:43,912810TX6,TSRYS5743665,D,B,C,2024-04-08,1000000.00,4.595969,94.40625
08:19:43,912810TX6,TSRYS5743665,D,S,C,2024-04-08,1000000.00,4.595957,94.406425
08:19:46,912810TX6,TSRYS5743665,D,S,A,2024-04-08,3000000.00,4.598211,94.37149375
08:19:48,912810TX6,TSRYS5743665,D,B,C,2024-04-08,1000000.00,4.597985,94.375
08:19:48,912810TX6,TSRYS5743665,D,S,C,2024-04-08,1000000.00,4.597985,94.3753
08:19:48,912810TX6,TSRYS5743665,D,S,C,2024-04-08,3000000.00,4.598211,94.37149375
08:19:50,912810TX6,TSRYS5743665,D,S,D,2024-04-08,365000.00,4.598463,94.3675875
08:19:50,912810TX6,TSRYS5743665,D,S,C,2024-04-08,365000.00,4.598463,94.3675875
08:19:57,912810TX6,TSRYS5743665,D,B,C,2024-04-08,1000000.00,4.598111,94.373046875
08:19:57,912810TX6,TSRYS5743665,D,S,C,2024-04-08,1000000.00,4.598111,94.373046875
08:19:58,912810TX6,TSRYS5743665,D,S,C,2024-04-08,1000000.00,4.596976,94.390625
08:19:58,912810TX6,TSRYS5743665,D,S,C,2024-04-08,1000000.00,4.596957,94.390925
08:19:58,912810TX6,TSRYS5743665,D,S,C,2024-04-08,1000000.00,4.596957,94.390925
08:19:58,912810TX6,TSRYS5743665,D,B,C,2024-04-08,1000000.00,4.596989,94.390425
08:19:58,912810TX6,TSRYS5743665,D,S,C,2024-04-08,1000000.00,4.596976,94.390625
08:20:00,912810TX6,TSRYS5743665,D,B,C,2024-04-08,1000000.00,4.598111,94.373046875
08:20:00,912810TX6,TSRYS5743665,D,S,D,2024-04-08,1000000.00,4.598111,94.373046875
08:20:12,912810TX6,TSRYS5743665,D,S,A,2024-04-08,30000000.00,4.597985,94.375
08:20:15,912810TX6,TSRYS5743665,D,S,D,2024-04-08,1000000.00,4.596976,94.390625
08:20:15,912810TX6,TSRYS5743665,D,S,C,2024-04-08,1000000.00,4.596976,94.390625
08:20:15,912810TX6,TSRYS5743665,D,S,D,2024-04-08,1000000.00,4.596976,94.390625
08:20:15,912810TX6,TSRYS5743665,D,S,C,2024-04-08,1000000.00,4.59696,94.390875
08:20:16,912810TX6,TSRYS5743665,D,S,C,2024-04-08,1000000.00,4.596976,94.390625
08:20:16,912810TX6,TSRYS5743665,D,S,C,2024-04-08,1000000.00,4.596976,94.390625
08:20:16,912810TX6,TSRYS5743665,D,S,D,2024-04-08,1000000.00,4.596976,94.390625
08:20:16,912810TX6,TSRYS5743665,D,S,C,2024-04-08,1000000.00,4.596976,94.390625
08:20:16,912810TX6,TSRYS5743665,D,B,C,2024-04-08,1000000.00,4.597985,94.375
08:20:16,912810TX6,TSRYS5743665,D,B,C,2024-04-08,1000000.00,4.597985,94.375
08:20:16,912810TX6,TSRYS5743665,D,S,C,2024-04-08,1000000.00,4.597965,94.3753
08:20:16,912810TX6,TSRYS5743665,D,S,C,2024-04-08,1000000.00,4.597973,94.375175
08:20:16,912810TX6,TSRYS5743665,D,B,C,2024-04-08,1000000.00,4.597985,94.375
08:20:16,912810TX6,TSRYS5743665,D,S,C,2024-04-08,1000000.00,4.597985,94.375
08:20:16,912810TX6,TSRYS5743665,D,B,C,2024-04-08,1000000.00,4.597985,94.375
08:20:16,912810TX6,TSRYS5743665,D,S,C,2024-04-08,1000000.00,4.597973,94.375175
08:20:16,912810TX6,TSRYS5743665,D,S,C,2024-04-08,1000000.00,4.597978,94.3751
08:20:16,912810TX6,TSRYS5743665,D,B,C,2024-04-08,1000000.00,4.597985,94.375
08:20:16,912810TX6,TSRYS5743665,D,B,C,2024-04-08,1000000.00,4.597985,94.375
08:20:16,912810TX6,TSRYS5743665,D,S,C,2024-04-08,1000000.00,4.597975,94.37515
08:20:16,912810TX6,TSRYS5743665,D,S,C,2024-04-08,1000000.00,4.597965,94.3753
08:20:16,912810TX6,TSRYS5743665,D,B,C,2024-04-08,1000000.00,4.597985,94.375
08:20:25,912810TX6,TSRYS5743665,D,S,A,2024-04-08,31000000.00,,94.375
08:20:28,912810TX6,TSRYS5743665,D,S,T,2024-04-08,1000000.00,4.595969,94.40625
08:20:30,912810TX6,TSRYS5743665,D,B,C,2024-04-08,1000000.00,4.597985,94.375
08:20:30,912810TX6,TSRYS5743665,D,S,C,2024-04-08,1000000.00,4.597985,94.375
08:20:31,912810TX6,TSRYS5743665,D,S,T,2024-04-08,1000000.00,4.596346,94.400390625
08:20:32,912810TX6,TSRYS5743665,D,S,C,2024-04-08,1000000.00,4.596346,94.400390625
08:20:35,912810TX6,TSRYS5743665,D,S,A,2024-04-08,29000000.00,,94.375
08:20:35,912810TX6,TSRYS5743665,D,S,T,2024-04-08,1000000.00,4.596346,94.400390625
08:20:35,912810TX6,TSRYS5743665,D,S,D,2024-04-08,1000000.00,4.596346,94.400390625
08:20:38,912810TX6,TSRYS5743665,D,S,C,2024-04-08,250000.00,4.596976,94.390625
08:20:43,912810TX6,TSRYS5743665,D,S,D,2024-04-08,1000000.00,4.596976,94.390625
08:20:44,912810TX6,TSRYS5743665,D,S,T,2024-04-08,1000000.00,4.596976,94.390625
08:20:44,912810TX6,TSRYS5743665,D,S,T,2024-04-08,1000000.00,4.597985,94.375
08:20:45,912810TX6,TSRYS5743665,D,B,C,2024-04-08,1000000.00,4.597985,94.375
08:20:45,912810TX6,TSRYS5743665,D,S,D,2024-04-08,1000000.00,4.597985,94.375
08:20:45,912810TX6,TSRYS5743665,D,B,C,2024-04-08,1000000.00,4.597997,94.3748
08:20:45,912810TX6,TSRYS5743665,D,S,D,2024-04-08,1000000.00,4.597985,94.375
08:20:45,912810TX6,TSRYS5743665,D,B,C,2024-04-08,1000000.00,4.597985,94.375
08:20:45,912810TX6,TSRYS5743665,D,S,D,2024-04-08,1000000.00,4.597985,94.375
08:20:45,912810TX6,TSRYS5743665,D,B,C,2024-04-08,1000000.00,4.596989,94.390425
08:20:50,912810TX6,TSRYS5743665,D,S,T,2024-04-08,2000000.00,4.598237,94.37109375
08:20:50,912810TX6,TSRYS5743665,D,B,C,2024-04-08,1000000.00,4.597613,94.380759375
08:20:50,912810TX6,TSRYS5743665,D,S,D,2024-04-08,1000000.00,4.5976,94.380959375
08:20:50,912810TX6,TSRYS5743665,D,S,D,2024-04-08,1000000.00,4.5976,94.380959375
08:20:54,912810TX6,TSRYS5743665,D,S,T,2024-04-08,1000000.00,4.597606,94.380859375
08:20:55,912810TX6,TSRYS5743665,D,S,D,2024-04-08,2000000.00,4.598237,94.37109375
08:20:57,912810TX6,TSRYS5743665,D,S,T,2024-04-08,1000000.00,4.596976,94.390625
08:20:57,912810TX6,TSRYS5743665,D,S,T,2024-04-08,2000000.00,4.59748,94.3828125
08:20:57,912810TX6,TSRYS5743665,D,S,T,2024-04-08,1000000.00,4.597228,94.38671875
08:20:57,912810TX6,TSRYS5743665,D,S,T,2024-04-08,1000000.00,4.597102,94.388671875
08:20:57,912810TX6,TSRYS5743665,D,S,T,2024-04-08,2000000.00,4.597102,94.388671875
08:20:57,912810TX6,TSRYS5743665,D,S,T,2024-04-08,1000000.00,4.596976,94.390625
08:20:57,912810TX6,TSRYS5743665,D,S,T,2024-04-08,3000000.00,4.59748,94.3828125
08:20:57,912810TX6,TSRYS5743665,D,S,T,2024-04-08,1000000.00,4.597102,94.388671875
08:20:57,912810TX6,TSRYS5743665,D,S,T,2024-04-08,1000000.00,4.597354,94.384765625
08:20:57,912810TX6,TSRYS5743665,D,S,T,2024-04-08,1000000.00,4.597102,94.388671875
08:20:57,912810TX6,TSRYS5743665,D,S,T,2024-04-08,1000000.00,4.597228,94.38671875
08:20:57,912810TX6,TSRYS5743665,D,S,D,2024-04-08,50MM+,4.598076,94.37359
08:20:57,912810TX6,TSRYS5743665,D,S,D,2024-04-08,1000000.00,4.597348,94.384865625
08:20:57,912810TX6,TSRYS5743665,D,S,D,2024-04-08,1000000.00,4.597102,94.388671875
08:20:58,912810TX6,TSRYS5743665,D,B,C,2024-04-08,1000000.00,4.597228,94.38671875
08:20:58,912810TX6,TSRYS5743665,D,S,D,2024-04-08,1000000.00,4.597222,94.38681875
08:20:58,912810TX6,TSRYS5743665,D,B,C,2024-04-08,1000000.00,4.597115,94.388471875
08:20:58,912810TX6,TSRYS5743665,D,S,D,2024-04-08,1000000.00,4.597096,94.388771875
08:20:58,912810TX6,TSRYS5743665,D,S,D,2024-04-08,1000000.00,4.597222,94.38681875
08:20:59,912810TX6,TSRYS5743665,D,B,C,2024-04-08,1000000.00,4.596989,94.390425
08:20:59,912810TX6,TSRYS5743665,D,S,C,2024-04-08,1000000.00,4.596957,94.390925
08:20:59,912810TX6,TSRYS5743665,D,S,C,2024-04-08,1000000.00,4.596957,94.390925
08:20:59,912810TX6,TSRYS5743665,D,S,D,2024-04-08,1000000.00,4.595969,94.40625
08:20:59,912810TX6,TSRYS5743665,D,B,C,2024-04-08,1000000.00,4.595969,94.40625
08:21:01,912810TX6,TSRYS5743665,D,S,T,2024-04-08,1000000.00,4.597228,94.38671875
08:21:01,912810TX6,TSRYS5743665,D,S,T,2024-04-08,1000000.00,4.596976,94.390625
08:21:02,912810TX6,TSRYS5743665,D,S,T,2024-04-08,1000000.00,4.597354,94.384765625
08:21:02,912810TX6,TSRYS5743665,D,S,T,2024-04-08,1000000.00,4.597985,94.375
08:21:02,912810TX6,TSRYS5743665,D,S,D,2024-04-08,3000000.00,4.59748,94.3828125
08:21:02,912810TX6,TSRYS5743665,D,S,D,2024-04-08,2000000.00,4.59748,94.3828125
08:21:02,912810TX6,TSRYS5743665,D,S,D,2024-04-08,1000000.00,4.597228,94.38671875
08:21:02,912810TX6,TSRYS5743665,D,B,C,2024-04-08,1000000.00,4.597354,94.384765625
08:21:02,912810TX6,TSRYS5743665,D,S,D,2024-04-08,1000000.00,4.597354,94.384765625
08:21:02,912810TX6,TSRYS5743665,D,S,D,2024-04-08,1000000.00,4.597354,94.384765625
08:21:02,912810TX6,TSRYS5743665,D,S,D,2024-04-08,1000000.00,4.597228,94.38671875
08:21:02,912810TX6,TSRYS5743665,D,S,D,2024-04-08,1000000.00,4.597102,94.388671875
08:21:02,912810TX6,TSRYS5743665,D,S,D,2024-04-08,2000000.00,4.597102,94.388671875
08:21:02,912810TX6,TSRYS5743665,D,S,D,2024-04-08,1000000.00,4.597102,94.388671875
08:21:02,912810TX6,TSRYS5743665,D,S,D,2024-04-08,1000000.00,4.596976,94.390625
08:21:02,912810TX6,TSRYS5743665,D,B,C,2024-04-08,1000000.00,4.596976,94.390625
08:21:02,912810TX6,TSRYS5743665,D,S,D,2024-04-08,1000000.00,4.596976,94.390625
08:21:02,912810TX6,TSRYS5743665,D,S,D,2024-04-08,1000000.00,4.596976,94.390625
08:21:02,912810TX6,TSRYS5743665,D,S,D,2024-04-08,1000000.00,4.596976,94.390625
08:21:10,912810TX6,TSRYS5743665,D,S,T,2024-04-08,1000000.00,4.596976,94.390625
08:21:10,912810TX6,TSRYS5743665,D,S,T,2024-04-08,3000000.00,4.596976,94.390625
08:21:12,912810TX6,TSRYS5743665,D,S,T,2024-04-08,1000000.00,4.595969,94.40625
08:21:12,912810TX6,TSRYS5743665,D,S,T,2024-04-08,1000000.00,4.596346,94.400390625
08:21:12,912810TX6,TSRYS5743665,D,S,T,2024-04-08,1000000.00,4.596346,94.400390625
08:21:12,912810TX6,TSRYS5743665,D,S,T,2024-04-08,1000000.00,4.595969,94.40625
08:21:12,912810TX6,TSRYS5743665,D,S,T,2024-04-08,3000000.00,4.596346,94.400390625
08:21:12,912810TX6,TSRYS5743665,D,S,D,2024-04-08,1000000.00,4.59622,94.40234375
08:21:12,912810TX6,TSRYS5743665,D,S,T,2024-04-08,1000000.00,4.596095,94.404296875
08:21:12,912810TX6,TSRYS5743665,D,S,T,2024-04-08,1000000.00,4.595969,94.40625
08:21:12,912810TX6,TSRYS5743665,D,S,T,2024-04-08,1000000.00,4.59622,94.40234375
08:21:12,912810TX6,TSRYS5743665,D,S,D,2024-04-08,1000000.00,4.59622,94.40234375
08:21:12,912810TX6,TSRYS5743665,D,S,D,2024-04-08,1000000.00,4.596088,94.404396875
08:21:13,912810TX6,TSRYS5743665,D,S,D,2024-04-08,1000000.00,4.595962,94.40635
08:21:13,912810TX6,TSRYS5743665,D,S,D,2024-04-08,1000000.00,4.59622,94.40234375
08:21:14,912810TX6,TSRYS5743665,D,S,D,2024-04-08,1000000.00,4.596598,94.396484375
08:21:14,912810TX6,TSRYS5743665,D,B,C,2024-04-08,1000000.00,4.596598,94.396484375
08:21:15,912810TX6,TSRYS5743665,D,S,T,2024-04-08,1000000.00,4.595969,94.40625
08:21:15,912810TX6,TSRYS5743665,D,S,T,2024-04-08,1000000.00,4.595969,94.40625
08:21:16,912810TX6,TSRYS5743665,D,S,D,2024-04-08,1000000.00,4.596724,94.39453125
08:21:16,912810TX6,TSRYS5743665,D,S,T,2024-04-08,1000000.00,4.595969,94.40625
08:21:16,912810TX6,TSRYS5743665,D,S,T,2024-04-08,1000000.00,4.595969,94.40625
08:21:16,912810TX6,TSRYS5743665,D,S,C,2024-04-08,1000000.00,4.595969,94.40625
08:21:17,912810TX6,TSRYS5743665,D,B,C,2024-04-08,1000000.00,4.596989,94.390425
08:21:17,912810TX6,TSRYS5743665,D,S,C,2024-04-08,1000000.00,4.596976,94.390625
08:21:17,912810TX6,TSRYS5743665,D,S,D,2024-04-08,3000000.00,4.596346,94.400390625
08:21:17,912810TX6,TSRYS5743665,D,S,D,2024-04-08,1000000.00,4.595969,94.40625
08:21:17,912810TX6,TSRYS5743665,D,S,D,2024-04-08,1000000.00,4.595969,94.40625
08:21:17,912810TX6,TSRYS5743665,D,S,D,2024-04-08,1000000.00,4.595969,94.40625
08:21:17,912810TX6,TSRYS5743665,D,S,D,2024-04-08,1000000.00,4.595969,94.40625
08:21:17,912810TX6,TSRYS5743665,D,S,D,2024-04-08,1000000.00,4.595969,94.40625
08:21:17,912810TX6,TSRYS5743665,D,S,D,2024-04-08,1000000.00,4.595969,94.40625
08:21:17,912810TX6,TSRYS5743665,D,S,D,2024-04-08,1000000.00,4.596346,94.400390625
08:21:17,912810TX6,TSRYS5743665,D,S,D,2024-04-08,1000000.00,4.596346,94.400390625
08:21:17,912810TX6,TSRYS5743665,D,S,D,2024-04-08,1000000.00,4.596598,94.396484375
08:21:17,912810TX6,TSRYS5743665,D,B,C,2024-04-08,1000000.00,4.596598,94.396484375
08:21:17,912810TX6,TSRYS5743665,D,S,T,2024-04-08,1000000.00,4.595969,94.40625
08:21:17,912810TX6,TSRYS5743665,D,S,T,2024-04-08,1000000.00,4.595969,94.40625
08:21:18,912810TX6,TSRYS5743665,D,S,T,2024-04-08,1000000.00,4.595969,94.40625
08:21:20,912810TX6,TSRYS5743665,D,S,D,2024-04-08,1000000.00,4.596724,94.39453125
08:21:29,912810TX6,TSRYS5743665,D,S,T,2024-04-08,1000000.00,4.596976,94.390625
08:21:29,912810TX6,TSRYS5743665,D,S,T,2024-04-08,1000000.00,4.596976,94.390625
08:21:29,912810TX6,TSRYS5743665,D,S,D,2024-04-08,1000000.00,4.596976,94.390625
08:21:31,912810TX6,TSRYS5743665,D,S,D,2024-04-08,1000000.00,4.597985,94.375
08:21:31,912810TX6,TSRYS5743665,D,S,D,2024-04-08,1000000.00,4.597985,94.375
08:21:31,912810TX6,TSRYS5743665,D,B,C,2024-04-08,1000000.00,4.597997,94.3748
08:21:31,912810TX6,TSRYS5743665,D,B,C,2024-04-08,1000000.00,4.597985,94.375
08:21:31,912810TX6,TSRYS5743665,D,S,D,2024-04-08,1000000.00,4.597985,94.375
08:21:31,912810TX6,TSRYS5743665,D,S,D,2024-04-08,1000000.00,4.596976,94.390625
08:21:31,912810TX6,TSRYS5743665,D,B,C,2024-04-08,1000000.00,4.596976,94.390625
08:21:34,912810TX6,TSRYS5743665,D,B,C,2024-04-08,1000000.00,4.595969,94.40625
08:21:34,912810TX6,TSRYS5743665,D,S,C,2024-04-08,1000000.00,4.595969,94.40625
08:21:34,912810TX6,TSRYS5743665,D,B,C,2024-04-08,2000000.00,4.597102,94.388671875
08:21:34,912810TX6,TSRYS5743665,D,S,D,2024-04-08,2000000.00,4.597102,94.388671875
08:21:34,912810TX6,TSRYS5743665,D,S,C,2024-04-08,1000000.00,4.596976,94.390625
08:21:36,912810TX6,TSRYS5743665,D,S,T,2024-04-08,1000000.00,4.595969,94.40625
08:21:36,912810TX6,TSRYS5743665,D,S,T,2024-04-08,2000000.00,4.595969,94.40625
08:21:36,912810TX6,TSRYS5743665,D,S,T,2024-04-08,2000000.00,4.595969,94.40625
08:21:46,912810TX6,TSRYS5743665,D,S,C,2024-04-08,1000000.00,4.597985,94.375
08:21:46,912810TX6,TSRYS5743665,D,S,D,2024-04-08,1000000.00,4.596976,94.390625
08:21:46,912810TX6,TSRYS5743665,D,B,C,2024-04-08,1000000.00,4.596989,94.390425
08:21:46,912810TX6,TSRYS5743665,D,S,D,2024-04-08,1000000.00,4.596976,94.390625
08:21:46,912810TX6,TSRYS5743665,D,B,C,2024-04-08,1000000.00,4.596976,94.390625
08:21:46,912810TX6,TSRYS5743665,D,S,C,2024-04-08,1000000.00,4.596967,94.390775
08:21:46,912810TX6,TSRYS5743665,D,B,C,2024-04-08,1000000.00,4.596976,94.390625
08:21:46,912810TX6,TSRYS5743665,D,S,D,2024-04-08,3000000.00,4.596976,94.390625
08:21:46,912810TX6,TSRYS5743665,D,S,C,2024-04-08,1000000.00,4.596976,94.390625
08:21:46,912810TX6,TSRYS5743665,D,S,D,2024-04-08,1000000.00,4.595969,94.40625
08:21:46,912810TX6,TSRYS5743665,D,S,D,2024-04-08,1000000.00,4.595969,94.40625
08:21:50,912810TX6,TSRYS5743665,D,S,C,2024-04-08,28000000.00,4.596472,94.3984375
08:21:58,912810TX6,TSRYS5743665,D,B,C,2024-04-08,1000000.00,4.595969,94.40625
08:21:58,912810TX6,TSRYS5743665,D,S,D,2024-04-08,1000000.00,4.595969,94.40625
08:21:58,912810TX6,TSRYS5743665,D,S,D,2024-04-08,1000000.00,4.595969,94.40625
08:21:58,912810TX6,TSRYS5743665,D,S,D,2024-04-08,1000000.00,4.595969,94.40625
08:21:58,912810TX6,TSRYS5743665,D,B,C,2024-04-08,1000000.00,4.595981,94.40605
08:21:58,912810TX6,TSRYS5743665,D,B,C,2024-04-08,1000000.00,4.595981,94.40605
08:21:58,912810TX6,TSRYS5743665,D,S,D,2024-04-08,1000000.00,4.595969,94.40625
08:21:58,912810TX6,TSRYS5743665,D,S,D,2024-04-08,2000000.00,4.595969,94.40625
08:21:58,912810TX6,TSRYS5743665,D,S,C,2024-04-08,1000000.00,4.596976,94.390625
08:21:58,912810TX6,TSRYS5743665,D,B,C,2024-04-08,1000000.00,4.596989,94.390425
08:21:58,912810TX6,TSRYS5743665,D,S,C,2024-04-08,1000000.00,4.596976,94.390625
08:21:58,912810TX6,TSRYS5743665,D,B,C,2024-04-08,1000000.00,4.596988,94.390448
08:22:01,912810TX6,TSRYS5743665,D,S,D,2024-04-08,1000000.00,4.598237,94.37109375
08:22:01,912810TX6,TSRYS5743665,D,B,C,2024-04-08,1000000.00,4.598237,94.37109375
08:22:01,912810TX6,TSRYS5743665,D,B,C,2024-04-08,1000000.00,4.597985,94.375
08:22:01,912810TX6,TSRYS5743665,D,S,D,2024-04-08,1000000.00,4.597985,94.375
08:22:01,912810TX6,TSRYS5743665,D,B,C,2024-04-08,1000000.00,4.597985,94.375
08:22:01,912810TX6,TSRYS5743665,D,S,D,2024-04-08,1000000.00,4.597985,94.375
08:22:03,912810TX6,TSRYS5743665,D,S,T,2024-04-08,3000000.00,4.597985,94.375
08:22:05,912810TX6,TSRYS5743665,D,S,T,2024-04-08,1000000.00,4.59748,94.3828125
08:22:05,912810TX6,TSRYS5743665,D,S,T,2024-04-08,2000000.00,4.596976,94.390625
08:22:05,912810TX6,TSRYS5743665,D,S,T,2024-04-08,1000000.00,4.596976,94.390625
08:22:05,912810TX6,TSRYS5743665,D,S,T,2024-04-08,1000000.00,4.597354,94.384765625
08:22:05,912810TX6,TSRYS5743665,D,S,T,2024-04-08,1000000.00,4.597228,94.38671875
08:22:05,912810TX6,TSRYS5743665,D,S,T,2024-04-08,1000000.00,4.597102,94.388671875
08:22:05,912810TX6,TSRYS5743665,D,S,T,2024-04-08,1000000.00,4.596976,94.390625
08:22:05,912810TX6,TSRYS5743665,D,S,D,2024-04-08,1000000.00,4.597348,94.384865625
08:22:06,912810TX6,TSRYS5743665,D,S,D,2024-04-08,1000000.00,4.597222,94.38681875
08:22:06,912810TX6,TSRYS5743665,D,S,T,2024-04-08,1000000.00,4.596976,94.390625
08:22:06,912810TX6,TSRYS5743665,D,S,D,2024-04-08,1000000.00,4.597222,94.38681875
08:22:06,912810TX6,TSRYS5743665,D,S,D,2024-04-08,1000000.00,4.597096,94.388771875
08:22:06,912810TX6,TSRYS5743665,D,S,D,2024-04-08,1000000.00,4.59697,94.390725
08:22:07,912810TX6,TSRYS5743665,D,S,D,2024-04-08,1000000.00,4.59697,94.390725
08:22:07,912810TX6,TSRYS5743665,D,S,D,2024-04-08,1000000.00,4.59697,94.390725
08:22:07,912810TX6,TSRYS5743665,D,S,D,2024-04-08,1000000.00,4.596472,94.3984375
08:22:07,912810TX6,TSRYS5743665,D,B,C,2024-04-08,1000000.00,4.596472,94.3984375
08:22:10,912810TX6,TSRYS5743665,D,S,D,2024-04-08,1000000.00,4.59748,94.3828125
08:22:10,912810TX6,TSRYS5743665,D,B,C,2024-04-08,1000000.00,4.596976,94.390625
08:22:10,912810TX6,TSRYS5743665,D,S,D,2024-04-08,1000000.00,4.596976,94.390625
08:22:10,912810TX6,TSRYS5743665,D,S,D,2024-04-08,2000000.00,4.596976,94.390625
08:22:10,912810TX6,TSRYS5743665,D,S,D,2024-04-08,1000000.00,4.596976,94.390625
08:22:11,912810TX6,TSRYS5743665,D,S,T,2024-04-08,1000000.00,4.597228,94.38671875
08:22:11,912810TX6,TSRYS5743665,D,S,T,2024-04-08,1000000.00,4.596976,94.390625
08:22:13,912810TX6,TSRYS5743665,D,S,T,2024-04-08,2000000.00,4.596976,94.390625
08:22:13,912810TX6,TSRYS5743665,D,S,T,2024-04-08,1000000.00,4.596983,94.390525
08:22:13,912810TX6,TSRYS5743665,D,S,T,2024-04-08,1000000.00,4.596976,94.390625
08:22:13,912810TX6,TSRYS5743665,D,S,D,2024-04-08,1000000.00,4.59697,94.390725
08:22:14,912810TX6,TSRYS5743665,D,S,D,2024-04-08,1000000.00,4.59697,94.390725
08:22:15,912810TX6,TSRYS5743665,D,S,C,2024-04-08,2000000.00,4.595969,94.40625
08:22:15,912810TX6,TSRYS5743665,D,S,D,2024-04-08,1000000.00,4.595969,94.40625
08:22:15,912810TX6,TSRYS5743665,D,B,C,2024-04-08,1000000.00,4.595985,94.406
08:22:15,912810TX6,TSRYS5743665,D,S,D,2024-04-08,1000000.00,4.595969,94.40625
08:22:16,912810TX6,TSRYS5743665,D,S,D,2024-04-08,1000000.00,4.596976,94.390625
08:22:16,912810TX6,TSRYS5743665,D,S,T,2024-04-08,1000000.00,4.596976,94.390625
08:22:16,912810TX6,TSRYS5743665,D,S,T,2024-04-08,1000000.00,4.596976,94.390625
08:22:18,912810TX6,TSRYS5743665,D,S,D,2024-04-08,1000000.00,4.596976,94.390625
08:22:18,912810TX6,TSRYS5743665,D,S,D,2024-04-08,1000000.00,4.596976,94.390625
08:22:18,912810TX6,TSRYS5743665,D,B,C,2024-04-08,1000000.00,4.597102,94.388671875
08:22:18,912810TX6,TSRYS5743665,D,S,D,2024-04-08,1000000.00,4.597102,94.388671875
08:22:22,912810TX6,TSRYS5743665,D,S,D,2024-04-08,1000000.00,4.59748,94.3828125
08:22:28,912810TX6,TSRYS5743665,D,S,D,2024-04-08,1000000.00,4.598237,94.37109375
08:22:28,912810TX6,TSRYS5743665,D,S,D,2024-04-08,1000000.00,4.598237,94.37109375
08:22:28,912810TX6,TSRYS5743665,D,B,C,2024-04-08,1000000.00,4.598237,94.37109375
08:22:28,912810TX6,TSRYS5743665,D,B,C,2024-04-08,1000000.00,4.598237,94.37109375
08:22:28,912810TX6,TSRYS5743665,D,S,C,2024-04-08,1000000.00,4.598363,94.369140625
08:22:28,912810TX6,TSRYS5743665,D,B,C,2024-04-08,1000000.00,4.598363,94.369140625
08:22:28,912810TX6,TSRYS5743665,D,S,D,2024-04-08,1000000.00,4.598489,94.3671875
08:22:28,912810TX6,TSRYS5743665,D,B,C,2024-04-08,1000000.00,4.598489,94.3671875
08:22:30,912810TX6,TSRYS5743665,D,S,C,2024-04-08,1000000.00,4.597985,94.375
08:22:30,912810TX6,TSRYS5743665,D,B,C,2024-04-08,1000000.00,4.597996,94.374825
08:22:30,912810TX6,TSRYS5743665,D,S,D,2024-04-08,3000000.00,4.597985,94.375
08:22:32,912810TX6,TSRYS5743665,D,S,C,2024-04-08,10000000.00,4.596724,94.39453125
08:22:33,912810TX6,TSRYS5743665,D,S,D,2024-04-08,1000000.00,4.598237,94.37109375
08:22:33,912810TX6,TSRYS5743665,D,B,C,2024-04-08,1000000.00,4.598237,94.37109375
08:22:33,912810TX6,TSRYS5743665,D,S,D,2024-04-08,1000000.00,4.598237,94.37109375
08:22:33,912810TX6,TSRYS5743665,D,B,C,2024-04-08,1000000.00,4.598237,94.37109375
08:22:33,912810TX6,TSRYS5743665,D,S,C,2024-04-08,1000000.00,4.598363,94.369140625
08:22:33,912810TX6,TSRYS5743665,D,B,C,2024-04-08,1000000.00,4.598363,94.369140625
08:22:33,912810TX6,TSRYS5743665,D,B,C,2024-04-08,1000000.00,4.598615,94.365234375
08:22:33,912810TX6,TSRYS5743665,D,S,D,2024-04-08,1000000.00,4.598607,94.365359375
08:22:34,912810TX6,TSRYS5743665,D,S,D,2024-04-08,10000000.00,4.596724,94.39453125
08:22:34,912810TX6,TSRYS5743665,D,S,T,2024-04-08,1000000.00,4.598993,94.359375
08:22:35,912810TX6,TSRYS5743665,D,S,T,2024-04-08,1000000.00,4.598993,94.359375
08:22:35,912810TX6,TSRYS5743665,D,B,C,2024-04-08,1000000.00,4.598993,94.359375
08:22:36,912810TX6,TSRYS5743665,D,S,T,2024-04-08,1000000.00,4.598993,94.359375
08:22:36,912810TX6,TSRYS5743665,D,S,D,2024-04-08,1000000.00,4.598489,94.3671875
08:22:36,912810TX6,TSRYS5743665,D,B,C,2024-04-08,1000000.00,4.598489,94.3671875
08:22:36,912810TX6,TSRYS5743665,D,S,C,2024-04-08,1000000.00,4.598993,94.359375
08:22:36,912810TX6,TSRYS5743665,D,B,C,2024-04-08,1000000.00,4.598993,94.359375
08:22:37,912810TX6,TSRYS5743665,D,S,T,2024-04-08,1000000.00,4.598993,94.359375
08:22:39,912810TX6,TSRYS5743665,D,S,T,2024-04-08,1000000.00,4.598993,94.359375
08:22:41,912810TX6,TSRYS5743665,D,S,D,2024-04-08,1000000.00,4.598489,94.3671875
08:22:41,912810TX6,TSRYS5743665,D,B,C,2024-04-08,1000000.00,4.598489,94.3671875
08:22:41,912810TX6,TSRYS5743665,D,S,T,2024-04-08,1000000.00,4.59748,94.3828125
08:22:45,912810TX6,TSRYS5743665,D,B,C,2024-04-08,1000000.00,4.596983,94.390525
08:22:45,912810TX6,TSRYS5743665,D,S,D,2024-04-08,1000000.00,4.596976,94.390625
08:22:45,912810TX6,TSRYS5743665,D,B,C,2024-04-08,1000000.00,4.596983,94.390525
08:22:45,912810TX6,TSRYS5743665,D,S,D,2024-04-08,1000000.00,4.596976,94.390625
08:22:45,912810TX6,TSRYS5743665,D,B,C,2024-04-08,1000000.00,4.596976,94.390625
08:22:45,912810TX6,TSRYS5743665,D,B,C,2024-04-08,1000000.00,4.596976,94.390625
08:22:45,912810TX6,TSRYS5743665,D,S,D,2024-04-08,1000000.00,4.596976,94.390625
08:22:45,912810TX6,TSRYS5743665,D,S,D,2024-04-08,1000000.00,4.596976,94.390625
08:22:45,912810TX6,TSRYS5743665,D,S,D,2024-04-08,1000000.00,4.596976,94.390625
08:22:45,912810TX6,TSRYS5743665,D,B,C,2024-04-08,1000000.00,4.596989,94.390425
08:22:45,912810TX6,TSRYS5743665,D,B,C,2024-04-08,1000000.00,4.596989,94.390425
08:22:45,912810TX6,TSRYS5743665,D,S,D,2024-04-08,1000000.00,4.596976,94.390625
08:22:45,912810TX6,TSRYS5743665,D,B,C,2024-04-08,1000000.00,4.596989,94.390425
08:22:45,912810TX6,TSRYS5743665,D,S,D,2024-04-08,1000000.00,4.596976,94.390625
08:22:45,912810TX6,TSRYS5743665,D,S,D,2024-04-08,1000000.00,4.596976,94.390625
08:22:45,912810TX6,TSRYS5743665,D,S,D,2024-04-08,1000000.00,4.596976,94.390625
08:22:45,912810TX6,TSRYS5743665,D,S,D,2024-04-08,2000000.00,4.596976,94.390625
08:22:45,912810TX6,TSRYS5743665,D,B,C,2024-04-08,2000000.00,4.596976,94.390625
08:22:45,912810TX6,TSRYS5743665,D,B,C,2024-04-08,1000000.00,4.596976,94.390625
08:22:45,912810TX6,TSRYS5743665,D,S,D,2024-04-08,1000000.00,4.596976,94.390625
08:22:51,912810TX6,TSRYS5743665,D,S,C,2024-04-08,15000000.00,4.592811,94.45523
08:22:52,912810TX6,TSRYS5743665,D,S,C,2024-04-08,5000000.00,4.592811,94.45523
08:22:52,912810TX6,TSRYS5743665,D,S,D,2024-04-08,1000000.00,4.600254,94.33984375
08:22:52,912810TX6,TSRYS5743665,D,S,D,2024-04-08,1000000.00,4.600254,94.33984375
08:22:54,912810TX6,TSRYS5743665,D,S,D,2024-04-08,1000000.00,4.599497,94.3515625
08:22:55,912810TX6,TSRYS5743665,D,S,T,2024-04-08,1000000.00,4.600001,94.34375
08:22:56,912810TX6,TSRYS5743665,D,S,T,2024-04-08,1000000.00,4.59951,94.3513625
08:22:57,912810TX6,TSRYS5743665,D,S,T,2024-04-08,1000000.00,4.600001,94.34375
08:23:00,912810TX6,TSRYS5743665,D,B,C,2024-04-08,3000000.00,4.596976,94.390625
08:23:00,912810TX6,TSRYS5743665,D,S,D,2024-04-08,3000000.00,4.596976,94.390625
08:23:00,912810TX6,TSRYS5743665,D,B,C,2024-04-08,1000000.00,4.596976,94.390625
08:23:00,912810TX6,TSRYS5743665,D,S,D,2024-04-08,1000000.00,4.596976,94.390625
08:23:00,912810TX6,TSRYS5743665,D,B,C,2024-04-08,1000000.00,4.598999,94.359275
08:23:00,912810TX6,TSRYS5743665,D,S,D,2024-04-08,1000000.00,4.598993,94.359375
08:23:00,912810TX6,TSRYS5743665,D,B,C,2024-04-08,2000000.00,4.598993,94.359375
08:23:00,912810TX6,TSRYS5743665,D,S,D,2024-04-08,2000000.00,4.598993,94.359375
08:23:02,912810TX6,TSRYS5743665,D,S,A,2024-04-08,170000.00,4.600001,94.34375
08:23:03,912810TX6,TSRYS5743665,D,S,T,2024-04-08,1000000.00,4.600001,94.34375
08:23:03,912810TX6,TSRYS5743665,D,S,T,2024-04-08,1000000.00,4.600128,94.341796875
08:23:03,912810TX6,TSRYS5743665,D,S,T,2024-04-08,1000000.00,4.600001,94.34375
08:23:03,912810TX6,TSRYS5743665,D,B,C,2024-04-08,1000000.00,4.600254,94.33984375
08:23:03,912810TX6,TSRYS5743665,D,S,D,2024-04-08,1000000.00,4.600254,94.33984375
08:23:03,912810TX6,TSRYS5743665,D,S,D,2024-04-08,1000000.00,4.600001,94.34375
08:23:05,912810TX6,TSRYS5743665,D,S,T,2024-04-08,1000000.00,4.600001,94.34375
08:23:06,912810TX6,TSRYS5743665,D,S,T,2024-04-08,1000000.00,4.600001,94.34375
08:23:08,912810TX6,TSRYS5743665,D,S,D,2024-04-08,1000000.00,4.600128,94.341796875
08:23:08,912810TX6,TSRYS5743665,D,B,C,2024-04-08,1000000.00,4.600128,94.341796875
08:23:08,912810TX6,TSRYS5743665,D,S,D,2024-04-08,1000000.00,4.600128,94.341796875
08:23:08,912810TX6,TSRYS5743665,D,S,D,2024-04-08,1000000.00,4.600001,94.34375
08:23:10,912810TX6,TSRYS5743665,D,S,A,2024-04-08,3000000.00,4.600001,94.34375
08:23:11,912810TX6,TSRYS5743665,D,S,A,2024-04-08,1000000.00,4.600001,94.34375
08:23:11,912810TX6,TSRYS5743665,D,S,A,2024-04-08,1000000.00,4.600001,94.34375
08:23:17,912810TX6,TSRYS5743665,D,S,D,2024-04-08,1000000.00,4.598986,94.359477
08:23:17,912810TX6,TSRYS5743665,D,S,D,2024-04-08,1000000.00,4.598993,94.359375
08:23:17,912810TX6,TSRYS5743665,D,S,D,2024-04-08,1000000.00,4.598986,94.359477
08:23:17,912810TX6,TSRYS5743665,D,S,D,2024-04-08,1000000.00,4.598986,94.359477
08:23:17,912810TX6,TSRYS5743665,D,S,D,2024-04-08,1000000.00,4.598986,94.359477
08:23:18,912810TX6,TSRYS5743665,D,S,A,2024-04-08,50MM+,4.598076,94.37359
08:23:30,912810TX6,TSRYS5743665,D,S,T,2024-04-08,1000000.00,4.60101,94.328125
08:23:32,912810TX6,TSRYS5743665,D,B,C,2024-04-08,1000000.00,4.600001,94.34375
08:23:32,912810TX6,TSRYS5743665,D,S,D,2024-04-08,1000000.00,4.600001,94.34375
08:23:32,912810TX6,TSRYS5743665,D,B,C,2024-04-08,1000000.00,4.600001,94.34375
08:23:32,912810TX6,TSRYS5743665,D,S,D,2024-04-08,1000000.00,4.600001,94.34375
08:23:32,912810TX6,TSRYS5743665,D,S,D,2024-04-08,1000000.00,4.600001,94.34375
08:23:32,912810TX6,TSRYS5743665,D,B,C,2024-04-08,1000000.00,4.600001,94.34375
08:23:32,912810TX6,TSRYS5743665,D,S,C,2024-04-08,1000000.00,4.600001,94.34375
08:23:32,912810TX6,TSRYS5743665,D,B,C,2024-04-08,1000000.00,4.600008,94.34365
08:23:32,912810TX6,TSRYS5743665,D,S,C,2024-04-08,1000000.00,4.600001,94.34375
08:23:32,912810TX6,TSRYS5743665,D,S,C,2024-04-08,1000000.00,4.600001,94.34375
08:23:32,912810TX6,TSRYS5743665,D,S,D,2024-04-08,2000000.00,4.600001,94.34375
08:23:32,912810TX6,TSRYS5743665,D,B,C,2024-04-08,2000000.00,4.600018,94.3435
08:23:32,912810TX6,TSRYS5743665,D,S,C,2024-04-08,1000000.00,4.600001,94.34375
08:23:32,912810TX6,TSRYS5743665,D,S,D,2024-04-08,1000000.00,4.600001,94.34375
08:23:34,912810TX6,TSRYS5743665,D,S,D,2024-04-08,1000000.00,4.599245,94.35546875
08:23:36,912810TX6,TSRYS5743665,D,S,T,2024-04-08,1000000.00,4.600254,94.33984375
08:23:37,912810TX6,TSRYS5743665,D,S,D,2024-04-08,1000000.00,4.600254,94.33984375
08:23:38,912810TX6,TSRYS5743665,D,S,C,2024-04-08,12000000.00,4.597849,94.3771
08:23:41,912810TX6,TSRYS5743665,D,S,D,2024-04-08,1000000.00,4.600632,94.333984375
08:23:41,912810TX6,TSRYS5743665,D,B,C,2024-04-08,1000000.00,4.600642,94.333834375
08:23:46,912810TX6,TSRYS5743665,D,B,C,2024-04-08,1000000.00,4.600001,94.34375
08:23:46,912810TX6,TSRYS5743665,D,S,D,2024-04-08,1000000.00,4.600001,94.34375
08:23:51,912810TX6,TSRYS5743665,D,S,D,2024-04-08,1000000.00,4.600254,94.33984375
08:23:55,912810TX6,TSRYS5743665,D,S,T,2024-04-08,1000000.00,4.600001,94.34375
08:23:59,912810TX6,TSRYS5743665,D,S,C,2024-04-08,9000000.00,4.598836,94.361807
08:24:00,912810TX6,TSRYS5743665,D,S,T,2024-04-08,1000000.00,4.600008,94.34365
08:24:00,912810TX6,TSRYS5743665,D,S,C,2024-04-08,1000000.00,4.599989,94.34395
08:24:03,912810TX6,TSRYS5743665,D,S,T,2024-04-08,1000000.00,4.600001,94.34375
08:24:03,912810TX6,TSRYS5743665,D,S,T,2024-04-08,1000000.00,4.600001,94.34375
08:24:05,912810TX6,TSRYS5743665,D,S,D,2024-04-08,1000000.00,4.600001,94.34375
08:24:13,912810TX6,TSRYS5743665,D,S,D,2024-04-08,625000.00,4.600997,94.328325
08:24:13,912810TX6,TSRYS5743665,D,S,C,2024-04-08,625000.00,4.600997,94.328325
08:24:16,912810TX6,TSRYS5743665,D,S,D,2024-04-08,1000000.00,4.60101,94.328125
08:24:33,912810TX6,TSRYS5743665,D,B,C,2024-04-08,1000000.00,4.600001,94.34375
08:24:33,912810TX6,TSRYS5743665,D,S,D,2024-04-08,1000000.00,4.600001,94.34375
08:24:33,912810TX6,TSRYS5743665,D,S,D,2024-04-08,1000000.00,4.600001,94.34375
08:24:33,912810TX6,TSRYS5743665,D,S,C,2024-04-08,1000000.00,4.600001,94.34375
08:24:38,912810TX6,TSRYS5743665,D,S,D,2024-04-08,1000000.00,4.598993,94.359375
08:24:40,912810TX6,TSRYS5743665,D,S,C,2024-04-08,1000000.00,4.600128,94.34179687
08:24:42,912810TX6,TSRYS5743665,D,S,T,2024-04-08,1000000.00,4.598993,94.359375
08:24:42,912810TX6,TSRYS5743665,D,S,D,2024-04-08,1000000.00,4.599119,94.357421875
08:24:44,912810TX6,TSRYS5743665,D,S,A,2024-04-08,1000000.00,4.598993,94.359375
08:24:45,912810TX6,TSRYS5743665,D,S,A,2024-04-08,1000000.00,4.598993,94.359375
08:24:48,912810TX6,TSRYS5743665,D,S,T,2024-04-08,1000000.00,4.599119,94.357421875
08:24:53,912810TX6,TSRYS5743665,D,S,T,2024-04-08,1000000.00,4.598993,94.359375
08:24:57,912810TX6,TSRYS5743665,D,S,A,2024-04-08,1000000.00,4.598993,94.359375
08:24:58,912810TX6,TSRYS5743665,D,S,A,2024-04-08,842000.00,4.598993,94.359375
08:24:58,912810TX6,TSRYS5743665,D,S,A,2024-04-08,1000000.00,4.598993,94.359375
08:24:58,912810TX6,TSRYS5743665,D,S,D,2024-04-08,1000000.00,4.598993,94.359375
08:24:59,912810TX6,TSRYS5743665,D,S,C,2024-04-08,1000000.00,4.599623,94.349609375
08:24:59,912810TX6,TSRYS5743665,D,S,C,2024-04-08,1000000.00,4.599623,94.349609375
08:25:02,912810TX6,TSRYS5743665,D,S,A,2024-04-08,158000.00,4.598993,94.359375
08:25:05,912810TX6,TSRYS5743665,D,S,T,2024-04-08,1000000.00,4.600001,94.34375
08:25:06,912810TX6,TSRYS5743665,D,S,T,2024-04-08,1000000.00,4.600001,94.34375
08:25:15,912810TX6,TSRYS5743665,D,S,T,2024-04-08,1000000.00,4.599623,94.34960937
08:25:15,912810TX6,TSRYS5743665,D,S,T,2024-04-08,1000000.00,4.599623,94.34960937
08:25:16,912810TX6,TSRYS5743665,D,S,D,2024-04-08,1000000.00,4.598993,94.359375
08:25:16,912810TX6,TSRYS5743665,D,B,C,2024-04-08,1000000.00,4.598993,94.359375
08:25:17,912810TX6,TSRYS5743665,D,S,T,2024-04-08,2000000.00,4.600001,94.34375
08:25:18,912810TX6,TSRYS5743665,D,S,T,2024-04-08,1000000.00,4.600001,94.34375
08:25:21,912810TX6,TSRYS5743665,D,S,D,2024-04-08,2000000.00,4.598993,94.359375
08:25:21,912810TX6,TSRYS5743665,D,S,D,2024-04-08,1000000.00,4.598993,94.359375
08:25:23,912810TX6,TSRYS5743665,D,S,T,2024-04-08,2000000.00,4.598993,94.359375
08:25:23,912810TX6,TSRYS5743665,D,S,T,2024-04-08,1000000.00,4.598993,94.359375
08:25:24,912810TX6,TSRYS5743665,D,S,C,2024-04-08,1000000.00,4.599371,94.353515625
08:25:24,912810TX6,TSRYS5743665,D,S,D,2024-04-08,1000000.00,4.599371,94.353515625
08:25:24,912810TX6,TSRYS5743665,D,S,D,2024-04-08,1000000.00,4.599371,94.353515625
08:25:24,912810TX6,TSRYS5743665,D,S,D,2024-04-08,1000000.00,4.599371,94.353515625
08:25:24,912810TX6,TSRYS5743665,D,S,D,2024-04-08,1000000.00,4.599497,94.3515625
08:25:25,912810TX6,TSRYS5743665,D,B,C,2024-04-08,1000000.00,4.599245,94.35546875
08:25:25,912810TX6,TSRYS5743665,D,S,D,2024-04-08,1000000.00,4.599245,94.35546875
08:25:26,912810TX6,TSRYS5743665,D,S,T,2024-04-08,1000000.00,4.599119,94.357421875
08:25:31,912810TX6,TSRYS5743665,D,S,D,2024-04-08,1000000.00,4.599623,94.349609375
08:25:31,912810TX6,TSRYS5743665,D,S,D,2024-04-08,1000000.00,4.599119,94.357421875
08:25:34,912810TX6,TSRYS5743665,D,S,D,2024-04-08,1000000.00,4.598981,94.359552
08:25:34,912810TX6,TSRYS5743665,D,B,C,2024-04-08,1000000.00,4.598993,94.359375
08:25:34,912810TX6,TSRYS5743665,D,B,C,2024-04-08,1000000.00,4.600001,94.34375
08:25:34,912810TX6,TSRYS5743665,D,S,C,2024-04-08,1000000.00,4.600001,94.34375
08:25:36,912810TX6,TSRYS5743665,D,S,D,2024-04-08,6900000.00,4.602019,94.3125
08:25:39,912810TX6,TSRYS5743665,D,B,C,2024-04-08,1452000.00,4.599245,94.35546875
08:25:48,912810TX6,TSRYS5743665,D,S,C,2024-04-08,1000000.00,4.598993,94.359375
08:25:48,912810TX6,TSRYS5743665,D,S,D,2024-04-08,1000000.00,4.598993,94.359375
08:25:48,912810TX6,TSRYS5743665,D,S,D,2024-04-08,2000000.00,4.598993,94.359375
08:25:48,912810TX6,TSRYS5743665,D,B,C,2024-04-08,1000000.00,4.598993,94.359375
08:25:50,912810TX6,TSRYS5743665,D,S,D,2024-04-08,1000000.00,4.599371,94.35351562
08:25:50,912810TX6,TSRYS5743665,D,S,T,2024-04-08,1000000.00,4.599371,94.35351562
08:25:50,912810TX6,TSRYS5743665,D,S,T,2024-04-08,1000000.00,4.599371,94.35351562
08:25:50,912810TX6,TSRYS5743665,D,S,C,2024-04-08,1000000.00,4.599245,94.35546875
08:25:51,912810TX6,TSRYS5743665,D,S,D,2024-04-08,1000000.00,4.598993,94.359375
08:25:51,912810TX6,TSRYS5743665,D,S,D,2024-04-08,1000000.00,4.598993,94.359375
08:25:53,912810TX6,TSRYS5743665,D,S,T,2024-04-08,1000000.00,4.598993,94.359375
08:25:53,912810TX6,TSRYS5743665,D,S,T,2024-04-08,1000000.00,4.598993,94.359375
08:25:55,912810TX6,TSRYS5743665,D,S,T,2024-04-08,1000000.00,4.599371,94.35351562
08:25:55,912810TX6,TSRYS5743665,D,S,T,2024-04-08,1000000.00,4.599371,94.35351562
08:25:57,912810TX6,TSRYS5743665,D,S,T,2024-04-08,2000000.00,4.600001,94.34375
08:26:00,912810TX6,TSRYS5743665,D,S,D,2024-04-08,1000000.00,4.599497,94.3515625
08:26:01,912810TX6,TSRYS5743665,D,S,T,2024-04-08,1000000.00,4.599497,94.3515625
08:26:01,912810TX6,TSRYS5743665,D,S,D,2024-04-08,1000000.00,4.599245,94.35546875
08:26:03,912810TX6,TSRYS5743665,D,S,D,2024-04-08,1000000.00,4.600001,94.34375
08:26:03,912810TX6,TSRYS5743665,D,S,C,2024-04-08,2000000.00,4.600001,94.34375
08:26:03,912810TX6,TSRYS5743665,D,S,D,2024-04-08,1000000.00,4.599245,94.35546875
08:26:03,912810TX6,TSRYS5743665,D,S,C,2024-04-08,1000000.00,4.600001,94.34375
08:26:03,912810TX6,TSRYS5743665,D,S,T,2024-04-08,1000000.00,4.599245,94.35546875
08:26:03,912810TX6,TSRYS5743665,D,S,C,2024-04-08,1000000.00,4.600001,94.34375
08:26:03,912810TX6,TSRYS5743665,D,S,T,2024-04-08,1000000.00,4.599119,94.357421875
08:26:03,912810TX6,TSRYS5743665,D,S,T,2024-04-08,1000000.00,4.599119,94.357421875
08:26:03,912810TX6,TSRYS5743665,D,S,T,2024-04-08,1000000.00,4.599119,94.357421875
08:26:03,912810TX6,TSRYS5743665,D,S,T,2024-04-08,1000000.00,4.599371,94.353515625
08:26:03,912810TX6,TSRYS5743665,D,S,T,2024-04-08,1000000.00,4.599371,94.353515625
08:26:03,912810TX6,TSRYS5743665,D,S,T,2024-04-08,1000000.00,4.599371,94.353515625
08:26:03,912810TX6,TSRYS5743665,D,S,T,2024-04-08,1000000.00,4.599371,94.353515625
08:26:03,912810TX6,TSRYS5743665,D,S,T,2024-04-08,1000000.00,4.599245,94.35546875
08:26:03,912810TX6,TSRYS5743665,D,S,T,2024-04-08,2000000.00,4.599497,94.3515625
08:26:03,912810TX6,TSRYS5743665,D,S,T,2024-04-08,1000000.00,4.599119,94.357421875
08:26:03,912810TX6,TSRYS5743665,D,S,T,2024-04-08,1000000.00,4.599119,94.357421875
08:26:03,912810TX6,TSRYS5743665,D,S,D,2024-04-08,1000000.00,4.599497,94.3515625
08:26:03,912810TX6,TSRYS5743665,D,S,T,2024-04-08,1000000.00,4.599371,94.353515625
08:26:03,912810TX6,TSRYS5743665,D,S,T,2024-04-08,1000000.00,4.599245,94.35546875
08:26:03,912810TX6,TSRYS5743665,D,S,T,2024-04-08,1000000.00,4.599245,94.35546875
08:26:03,912810TX6,TSRYS5743665,D,S,D,2024-04-08,1000000.00,4.599497,94.3515625
08:26:03,912810TX6,TSRYS5743665,D,S,D,2024-04-08,1000000.00,4.599365,94.353615625
08:26:04,912810TX6,TSRYS5743665,D,S,D,2024-04-08,1000000.00,4.599239,94.35556875
08:26:04,912810TX6,TSRYS5743665,D,S,D,2024-04-08,1000000.00,4.599245,94.35546875
08:26:05,912810TX6,TSRYS5743665,D,S,C,2024-04-08,5000000.00,4.600506,94.3359375
08:26:07,912810TX6,TSRYS5743665,D,S,D,2024-04-08,1000000.00,4.596976,94.390625
08:26:08,912810TX6,TSRYS5743665,D,S,T,2024-04-08,1000000.00,4.599623,94.34960937
08:26:08,912810TX6,TSRYS5743665,D,S,D,2024-04-08,2000000.00,4.599497,94.3515625
08:26:08,912810TX6,TSRYS5743665,D,S,D,2024-04-08,1000000.00,4.599371,94.353515625
08:26:08,912810TX6,TSRYS5743665,D,S,D,2024-04-08,1000000.00,4.599371,94.353515625
08:26:08,912810TX6,TSRYS5743665,D,S,D,2024-04-08,1000000.00,4.599371,94.353515625
08:26:08,912810TX6,TSRYS5743665,D,S,D,2024-04-08,1000000.00,4.599119,94.357421875
08:26:08,912810TX6,TSRYS5743665,D,S,D,2024-04-08,1000000.00,4.599371,94.353515625
08:26:08,912810TX6,TSRYS5743665,D,S,D,2024-04-08,1000000.00,4.599245,94.35546875
08:26:08,912810TX6,TSRYS5743665,D,S,D,2024-04-08,1000000.00,4.599119,94.357421875
08:26:08,912810TX6,TSRYS5743665,D,B,C,2024-04-08,1000000.00,4.599245,94.35546875
08:26:08,912810TX6,TSRYS5743665,D,S,D,2024-04-08,1000000.00,4.599245,94.35546875
08:26:08,912810TX6,TSRYS5743665,D,S,D,2024-04-08,1000000.00,4.599119,94.357421875
08:26:08,912810TX6,TSRYS5743665,D,S,D,2024-04-08,1000000.00,4.599119,94.357421875
08:26:08,912810TX6,TSRYS5743665,D,S,D,2024-04-08,1000000.00,4.599119,94.357421875
08:26:08,912810TX6,TSRYS5743665,D,S,D,2024-04-08,1000000.00,4.599497,94.3515625
08:26:09,912810TX6,TSRYS5743665,D,S,D,2024-04-08,1000000.00,4.599623,94.349609375
08:26:10,912810TX6,TSRYS5743665,D,S,D,2024-04-08,1000000.00,4.599749,94.34765625
08:26:17,912810TX6,TSRYS5743665,D,S,D,2024-04-08,1000000.00,4.598993,94.359375
08:26:17,912810TX6,TSRYS5743665,D,S,D,2024-04-08,1000000.00,4.598993,94.359375
08:26:27,912810TX6,TSRYS5743665,D,S,D,2024-04-08,1000000.00,4.600001,94.34375
08:26:32,912810TX6,TSRYS5743665,D,S,D,2024-04-08,2000000.00,4.600001,94.34375
08:26:32,912810TX6,TSRYS5743665,D,S,D,2024-04-08,1000000.00,4.598993,94.359375
08:26:32,912810TX6,TSRYS5743665,D,B,C,2024-04-08,1000000.00,4.598993,94.359375
08:26:47,912810TX6,TSRYS5743665,D,S,T,2024-04-08,1000000.00,4.59963,94.349509375
08:26:47,912810TX6,TSRYS5743665,D,S,D,2024-04-08,1000000.00,4.599623,94.349609375
08:26:51,912810TX6,TSRYS5743665,D,S,D,2024-04-08,2000000.00,4.598993,94.359375
08:26:51,912810TX6,TSRYS5743665,D,S,D,2024-04-08,1000000.00,4.599623,94.349609375
08:26:52,912810TX6,TSRYS5743665,D,S,D,2024-04-08,1000000.00,4.599623,94.349609375
08:26:52,912810TX6,TSRYS5743665,D,S,D,2024-04-08,1000000.00,4.599623,94.349609375
08:26:53,912810TX6,TSRYS5743665,D,S,T,2024-04-08,1000000.00,4.599497,94.3515625
08:26:56,912810TX6,TSRYS5743665,D,S,D,2024-04-08,3500000.00,4.599497,94.3515625
08:27:00,912810TX6,TSRYS5743665,D,S,T,2024-04-08,1000000.00,4.598993,94.359375
08:27:05,912810TX6,TSRYS5743665,D,S,D,2024-04-08,1000000.00,4.598993,94.359375
08:27:05,912810TX6,TSRYS5743665,D,S,D,2024-04-08,1000000.00,4.598993,94.359375
08:27:06,912810TX6,TSRYS5743665,D,S,D,2024-04-08,1000000.00,4.598993,94.359375
08:27:06,912810TX6,TSRYS5743665,D,S,D,2024-04-08,1000000.00,4.598993,94.359375
08:27:06,912810TX6,TSRYS5743665,D,S,D,2024-04-08,3000000.00,4.598993,94.359375
08:27:06,912810TX6,TSRYS5743665,D,S,T,2024-04-08,1000000.00,4.599623,94.34960937
08:27:06,912810TX6,TSRYS5743665,D,S,T,2024-04-08,1000000.00,4.599623,94.34960937
08:27:07,912810TX6,TSRYS5743665,D,S,D,2024-04-08,1000000.00,4.598993,94.359375
08:27:08,912810TX6,TSRYS5743665,D,S,T,2024-04-08,2000000.00,4.598993,94.359375
08:27:08,912810TX6,TSRYS5743665,D,S,T,2024-04-08,1000000.00,4.598993,94.359375
08:27:08,912810TX6,TSRYS5743665,D,S,T,2024-04-08,1000000.00,4.598993,94.359375
08:27:08,912810TX6,TSRYS5743665,D,S,T,2024-04-08,3000000.00,4.598993,94.359375
08:27:08,912810TX6,TSRYS5743665,D,S,T,2024-04-08,1000000.00,4.599623,94.34960937
08:27:16,912810TX6,TSRYS5743665,D,S,T,2024-04-08,1000000.00,4.599623,94.34960937
08:27:21,912810TX6,TSRYS5743665,D,S,T,2024-04-08,1000000.00,4.598993,94.359375
08:27:23,912810TX6,TSRYS5743665,D,S,C,2024-04-08,1000000.00,4.598993,94.359375
08:27:23,912810TX6,TSRYS5743665,D,S,D,2024-04-08,1000000.00,4.598993,94.359375
08:27:25,912810TX6,TSRYS5743665,D,S,C,2024-04-08,1000000.00,4.598993,94.359375
08:27:26,912810TX6,TSRYS5743665,D,S,D,2024-04-08,1000000.00,4.598993,94.359375
08:27:28,912810TX6,TSRYS5743665,D,S,D,2024-04-08,1000000.00,4.598993,94.359375
08:27:30,912810TX6,TSRYS5743665,D,S,C,2024-04-08,2000000.00,4.598986,94.359475
08:27:31,912810TX6,TSRYS5743665,D,S,D,2024-04-08,1000000.00,4.598993,94.359375
08:27:34,912810TX6,TSRYS5743665,D,S,D,2024-04-08,1000000.00,4.598993,94.359375
08:27:34,912810TX6,TSRYS5743665,D,S,D,2024-04-08,1000000.00,4.598741,94.36328125
08:27:34,912810TX6,TSRYS5743665,D,S,D,2024-04-08,1000000.00,4.598741,94.36328125
08:27:36,912810TX6,TSRYS5743665,D,S,T,2024-04-08,1000000.00,4.598993,94.359375
08:27:38,912810TX6,TSRYS5743665,D,S,D,2024-04-08,1000000.00,4.598993,94.359375
08:27:40,912810TX6,TSRYS5743665,D,S,D,2024-04-08,1000000.00,4.598993,94.359375
08:27:40,912810TX6,TSRYS5743665,D,B,C,2024-04-08,1575000.00,4.59748,94.3828125
08:27:45,912810TX6,TSRYS5743665,D,S,C,2024-04-08,1000000.00,4.598983,94.359525
08:27:45,912810TX6,TSRYS5743665,D,S,C,2024-04-08,3000000.00,4.598983,94.359525
08:27:45,912810TX6,TSRYS5743665,D,B,C,2024-04-08,1000000.00,4.598993,94.359375
08:27:50,912810TX6,TSRYS5743665,D,S,T,2024-04-08,1000000.00,4.598741,94.36328125
08:27:50,912810TX6,TSRYS5743665,D,S,D,2024-04-08,1000000.00,4.598867,94.36132812
08:27:50,912810TX6,TSRYS5743665,D,S,T,2024-04-08,1000000.00,4.598741,94.36328125
08:27:54,912810TX6,TSRYS5743665,D,S,D,2024-04-08,1000000.00,4.598741,94.36328125
08:28:02,912810TX6,TSRYS5743665,D,S,D,2024-04-08,1000000.00,4.598993,94.359375
08:28:02,912810TX6,TSRYS5743665,D,S,D,2024-04-08,1000000.00,4.598993,94.359375
08:28:02,912810TX6,TSRYS5743665,D,B,C,2024-04-08,1000000.00,4.598993,94.359375
08:28:05,912810TX6,TSRYS5743665,D,B,A,2024-04-08,327000.00,4.597739,94.3788
08:28:06,912810TX6,TSRYS5743665,D,S,D,2024-04-08,1000000.00,4.596976,94.390625
08:28:07,912810TX6,TSRYS5743665,D,S,T,2024-04-08,1000000.00,4.596976,94.390625
08:28:09,912810TX6,TSRYS5743665,D,S,D,2024-04-08,5000000.00,4.600254,94.339843
08:28:09,912810TX6,TSRYS5743665,D,B,C,2024-04-08,5000000.00,4.600506,94.335937
08:28:12,912810TX6,TSRYS5743665,D,S,T,2024-04-08,1000000.00,4.596976,94.390625
08:28:13,912810TX6,TSRYS5743665,D,S,C,2024-04-08,16000000.00,4.599062,94.3583
08:28:28,912810TX6,TSRYS5743665,D,B,C,2024-04-08,3000000.00,4.598993,94.35938
08:28:30,912810TX6,TSRYS5743665,D,B,C,2024-04-08,16000000.00,4.599062,94.3583
08:28:31,912810TX6,TSRYS5743665,D,S,D,2024-04-08,1000000.00,4.598993,94.359375
08:28:31,912810TX6,TSRYS5743665,D,B,C,2024-04-08,1000000.00,4.598993,94.359375
08:28:31,912810TX6,TSRYS5743665,D,S,D,2024-04-08,1000000.00,4.598993,94.359375
08:28:31,912810TX6,TSRYS5743665,D,B,C,2024-04-08,1000000.00,4.598993,94.359375
08:28:31,912810TX6,TSRYS5743665,D,S,C,2024-04-08,1000000.00,4.598993,94.359375
08:28:31,912810TX6,TSRYS5743665,D,B,C,2024-04-08,1000000.00,4.598993,94.359375
08:28:32,912810TX6,TSRYS5743665,D,S,T,2024-04-08,1000000.00,4.597985,94.375
08:28:32,912810TX6,TSRYS5743665,D,S,T,2024-04-08,1000000.00,4.597985,94.375
08:28:33,912810TX6,TSRYS5743665,D,S,D,2024-04-08,1000000.00,4.598993,94.359375
08:28:34,912810TX6,TSRYS5743665,D,S,T,2024-04-08,1000000.00,4.598867,94.361328125
08:28:37,912810TX6,TSRYS5743665,D,S,D,2024-04-08,1000000.00,4.598867,94.361328125
08:28:43,912810TX6,TSRYS5743665,D,S,T,2024-04-08,1000000.00,4.598993,94.359375
08:28:45,912810TX6,TSRYS5743665,D,S,D,2024-04-08,1000000.00,4.599497,94.3515625
08:28:46,912810TX6,TSRYS5743665,D,S,D,2024-04-08,1000000.00,4.596976,94.390625
08:28:46,912810TX6,TSRYS5743665,D,B,C,2024-04-08,1000000.00,4.596976,94.390625
08:28:46,912810TX6,TSRYS5743665,D,S,D,2024-04-08,1000000.00,4.596976,94.390625
08:29:03,912810TX6,TSRYS5743665,D,S,D,2024-04-08,1000000.00,4.596976,94.390625
08:29:03,912810TX6,TSRYS5743665,D,S,C,2024-04-08,2000000.00,4.596976,94.390625
08:29:03,912810TX6,TSRYS5743665,D,B,C,2024-04-08,2000000.00,4.596976,94.390625
08:29:03,912810TX6,TSRYS5743665,D,B,C,2024-04-08,1000000.00,4.596996,94.390325
08:29:03,912810TX6,TSRYS5743665,D,B,C,2024-04-08,1000000.00,4.596976,94.390625
08:29:03,912810TX6,TSRYS5743665,D,S,D,2024-04-08,1000000.00,4.596976,94.390625
08:29:03,912810TX6,TSRYS5743665,D,S,D,2024-04-08,1000000.00,4.596976,94.390625
08:29:03,912810TX6,TSRYS5743665,D,B,C,2024-04-08,1000000.00,4.596996,94.390325
08:29:03,912810TX6,TSRYS5743665,D,B,C,2024-04-08,1000000.00,4.596989,94.390425
08:29:03,912810TX6,TSRYS5743665,D,S,D,2024-04-08,1000000.00,4.596976,94.390625
08:29:18,912810TX6,TSRYS5743665,D,S,D,2024-04-08,1000000.00,4.597985,94.375
08:29:18,912810TX6,TSRYS5743665,D,S,C,2024-04-08,1000000.00,4.597985,94.375
08:29:32,912810TX6,TSRYS5743665,D,B,C,2024-04-08,1000000.00,4.598993,94.359375
08:29:32,912810TX6,TSRYS5743665,D,S,C,2024-04-08,1000000.00,4.598993,94.359375
08:29:53,912810TX6,TSRYS5743665,D,S,A,2024-04-08,578800.00,4.597985,94.375
08:30:20,912810TX6,TSRYS5743665,D,S,T,2024-04-08,1000000.00,4.597985,94.375
08:30:21,912810TX6,TSRYS5743665,D,S,T,2024-04-08,1000000.00,4.597985,94.375
08:30:21,912810TX6,TSRYS5743665,D,S,T,2024-04-08,1000000.00,4.597985,94.375
08:30:21,912810TX6,TSRYS5743665,D,S,T,2024-04-08,1000000.00,4.597985,94.375
08:30:22,912810TX6,TSRYS5743665,D,S,T,2024-04-08,1000000.00,4.597985,94.375
08:30:26,912810TX6,TSRYS5743665,D,S,T,2024-04-08,1000000.00,4.597985,94.375
08:30:26,912810TX6,TSRYS5743665,D,S,T,2024-04-08,1000000.00,4.597985,94.375
08:30:26,912810TX6,TSRYS5743665,D,S,T,2024-04-08,1000000.00,4.597985,94.375
08:30:28,912810TX6,TSRYS5743665,D,S,D,2024-04-08,1000000.00,4.598993,94.359375
08:30:30,912810TX6,TSRYS5743665,D,S,T,2024-04-08,1000000.00,4.597985,94.375
08:30:31,912810TX6,TSRYS5743665,D,S,T,2024-04-08,1000000.00,4.597985,94.375
08:30:32,912810TX6,TSRYS5743665,D,S,C,2024-04-08,3500000.00,4.589926,94.5
08:30:35,912810TX6,TSRYS5743665,D,S,C,2024-04-08,3450000.00,4.589926,94.5
08:30:47,912810TX6,TSRYS5743665,D,S,C,2024-04-08,1000000.00,4.597978,94.3751
08:30:47,912810TX6,TSRYS5743665,D,S,C,2024-04-08,1000000.00,4.597978,94.3751
08:30:47,912810TX6,TSRYS5743665,D,S,C,2024-04-08,1000000.00,4.597985,94.375
08:30:47,912810TX6,TSRYS5743665,D,S,C,2024-04-08,1000000.00,4.597978,94.3751
08:30:47,912810TX6,TSRYS5743665,D,S,C,2024-04-08,1000000.00,4.597985,94.375
08:30:55,912810TX6,TSRYS5743665,D,S,D,2024-04-08,5645000.00,4.598388,94.36874845928
08:30:58,912810TX6,TSRYS5743665,D,S,T,2024-04-08,1000000.00,4.597985,94.375
08:31:02,912810TX6,TSRYS5743665,D,S,C,2024-04-08,1000000.00,4.597985,94.375
08:31:02,912810TX6,TSRYS5743665,D,S,C,2024-04-08,1000000.00,4.597968,94.37525
08:31:02,912810TX6,TSRYS5743665,D,S,D,2024-04-08,1000000.00,4.597985,94.375
08:31:02,912810TX6,TSRYS5743665,D,S,C,2024-04-08,1000000.00,4.597985,94.375
08:31:02,912810TX6,TSRYS5743665,D,S,C,2024-04-08,1000000.00,4.597985,94.375
08:31:02,912810TX6,TSRYS5743665,D,S,C,2024-04-08,1000000.00,4.598993,94.359375
08:31:02,912810TX6,TSRYS5743665,D,B,C,2024-04-08,1000000.00,4.598993,94.359375
08:31:02,912810TX6,TSRYS5743665,D,S,C,2024-04-08,1000000.00,4.59748,94.3828125
08:31:06,912810TX6,TSRYS5743665,D,S,D,2024-04-08,1000000.00,4.59748,94.3828125
08:31:20,912810TX6,TSRYS5743665,D,B,C,2024-04-08,2000000.00,4.598993,94.359375
08:31:20,912810TX6,TSRYS5743665,D,S,D,2024-04-08,2000000.00,4.598993,94.359375
08:31:20,912810TX6,TSRYS5743665,D,B,C,2024-04-08,1000000.00,4.598993,94.359375
08:31:20,912810TX6,TSRYS5743665,D,S,D,2024-04-08,1000000.00,4.598993,94.359375
08:31:20,912810TX6,TSRYS5743665,D,S,D,2024-04-08,1000000.00,4.597985,94.375
08:31:20,912810TX6,TSRYS5743665,D,S,D,2024-04-08,1000000.00,4.597985,94.375
08:31:20,912810TX6,TSRYS5743665,D,B,C,2024-04-08,1000000.00,4.597985,94.375
08:31:34,912810TX6,TSRYS5743665,D,S,D,2024-04-08,1000000.00,4.597985,94.375
08:31:34,912810TX6,TSRYS5743665,D,S,T,2024-04-08,1000000.00,4.597985,94.375
08:31:34,912810TX6,TSRYS5743665,D,S,T,2024-04-08,1000000.00,4.597985,94.375
08:31:34,912810TX6,TSRYS5743665,D,S,D,2024-04-08,1000000.00,4.597985,94.375
08:31:34,912810TX6,TSRYS5743665,D,S,D,2024-04-08,1000000.00,4.597985,94.375
08:31:34,912810TX6,TSRYS5743665,D,S,T,2024-04-08,1000000.00,4.597985,94.375
08:31:35,912810TX6,TSRYS5743665,D,S,D,2024-04-08,1000000.00,4.596976,94.390625
08:31:35,912810TX6,TSRYS5743665,D,B,C,2024-04-08,1000000.00,4.596989,94.390425
08:31:40,912810TX6,TSRYS5743665,D,S,T,2024-04-08,3000000.00,4.597985,94.375
08:31:41,912810TX6,TSRYS5743665,D,S,T,2024-04-08,1000000.00,4.596976,94.390625
08:31:41,912810TX6,TSRYS5743665,D,S,T,2024-04-08,1000000.00,4.596976,94.390625
08:31:41,912810TX6,TSRYS5743665,D,S,T,2024-04-08,1000000.00,4.596976,94.390625
08:31:42,912810TX6,TSRYS5743665,D,S,T,2024-04-08,2000000.00,4.597985,94.375
08:31:42,912810TX6,TSRYS5743665,D,S,T,2024-04-08,1000000.00,4.596976,94.390625
08:31:42,912810TX6,TSRYS5743665,D,S,T,2024-04-08,1000000.00,4.596976,94.390625
08:31:44,912810TX6,TSRYS5743665,D,S,C,2024-04-08,1000000.00,4.597732,94.37890625
08:31:46,912810TX6,TSRYS5743665,D,S,T,2024-04-08,1000000.00,4.597228,94.38671875
08:31:51,912810TX6,TSRYS5743665,D,S,D,2024-04-08,7000000.00,4.59748,94.3828125
08:31:55,912810TX6,TSRYS5743665,D,B,A,2024-04-08,2000000.00,4.596976,94.390625
08:31:56,912810TX6,TSRYS5743665,D,S,D,2024-04-08,1000000.00,4.597985,94.375
08:31:56,912810TX6,TSRYS5743665,D,S,T,2024-04-08,1000000.00,4.597732,94.37890625
08:31:56,912810TX6,TSRYS5743665,D,S,D,2024-04-08,1000000.00,4.596976,94.390625
08:31:56,912810TX6,TSRYS5743665,D,S,T,2024-04-08,1000000.00,4.596976,94.390625
08:31:57,912810TX6,TSRYS5743665,D,S,T,2024-04-08,1000000.00,4.596976,94.390625
08:31:57,912810TX6,TSRYS5743665,D,S,T,2024-04-08,1000000.00,4.596976,94.390625
08:31:57,912810TX6,TSRYS5743665,D,S,T,2024-04-08,2000000.00,4.596976,94.390625
08:31:58,912810TX6,TSRYS5743665,D,S,T,2024-04-08,1000000.00,4.596976,94.390625
08:31:58,912810TX6,TSRYS5743665,D,S,T,2024-04-08,2000000.00,4.596976,94.390625
08:31:58,912810TX6,TSRYS5743665,D,S,T,2024-04-08,1000000.00,4.596976,94.390625
08:31:58,912810TX6,TSRYS5743665,D,S,T,2024-04-08,1000000.00,4.596976,94.390625
08:31:58,912810TX6,TSRYS5743665,D,S,T,2024-04-08,1000000.00,4.596976,94.390625
08:31:59,912810TX6,TSRYS5743665,D,S,T,2024-04-08,1000000.00,4.596976,94.390625
08:31:59,912810TX6,TSRYS5743665,D,S,T,2024-04-08,1000000.00,4.596976,94.390625
08:31:59,912810TX6,TSRYS5743665,D,S,T,2024-04-08,1000000.00,4.596976,94.390625
08:31:59,912810TX6,TSRYS5743665,D,S,T,2024-04-08,2000000.00,4.596976,94.390625
08:31:59,912810TX6,TSRYS5743665,D,S,T,2024-04-08,2000000.00,4.596976,94.390625
08:31:59,912810TX6,TSRYS5743665,D,S,T,2024-04-08,1000000.00,4.596976,94.390625
08:32:00,912810TX6,TSRYS5743665,D,S,T,2024-04-08,4000000.00,4.596976,94.390625
08:32:01,912810TX6,TSRYS5743665,D,S,D,2024-04-08,3000000.00,4.597985,94.375
08:32:01,912810TX6,TSRYS5743665,D,S,T,2024-04-08,1000000.00,4.596976,94.390625
08:32:09,912810TX6,TSRYS5743665,D,S,T,2024-04-08,1000000.00,4.596976,94.390625
08:32:09,912810TX6,TSRYS5743665,D,S,T,2024-04-08,1000000.00,4.596976,94.390625
08:32:10,912810TX6,TSRYS5743665,D,S,T,2024-04-08,1000000.00,4.596976,94.390625
08:32:14,912810TX6,TSRYS5743665,D,S,D,2024-04-08,1000000.00,4.596472,94.3984375
08:32:15,912810TX6,TSRYS5743665,D,B,C,2024-04-08,1000000.00,4.596482,94.3982875
08:32:18,912810TX6,TSRYS5743665,D,S,D,2024-04-08,2000000.00,4.597985,94.375
08:32:18,912810TX6,TSRYS5743665,D,S,C,2024-04-08,1000000.00,4.596976,94.390625
08:32:18,912810TX6,TSRYS5743665,D,S,C,2024-04-08,1000000.00,4.59697,94.390725
08:32:18,912810TX6,TSRYS5743665,D,S,D,2024-04-08,1000000.00,4.596976,94.390625
08:32:18,912810TX6,TSRYS5743665,D,S,D,2024-04-08,1000000.00,4.596976,94.390625
08:32:18,912810TX6,TSRYS5743665,D,S,C,2024-04-08,1000000.00,4.596976,94.390625
08:32:18,912810TX6,TSRYS5743665,D,B,C,2024-04-08,1000000.00,4.597009,94.390125
08:32:18,912810TX6,TSRYS5743665,D,S,C,2024-04-08,1000000.00,4.596976,94.390625
08:32:18,912810TX6,TSRYS5743665,D,S,C,2024-04-08,1000000.00,4.596976,94.390625
08:32:18,912810TX6,TSRYS5743665,D,B,C,2024-04-08,1000000.00,4.597009,94.390125
08:32:18,912810TX6,TSRYS5743665,D,S,C,2024-04-08,1000000.00,4.596976,94.390625
08:32:18,912810TX6,TSRYS5743665,D,S,C,2024-04-08,1000000.00,4.596976,94.390625
08:32:18,912810TX6,TSRYS5743665,D,S,D,2024-04-08,2000000.00,4.596976,94.390625
08:32:18,912810TX6,TSRYS5743665,D,S,C,2024-04-08,1000000.00,4.596976,94.390625
08:32:18,912810TX6,TSRYS5743665,D,S,C,2024-04-08,2000000.00,4.596964,94.390825
08:32:18,912810TX6,TSRYS5743665,D,S,C,2024-04-08,1000000.00,4.596976,94.390625
08:32:18,912810TX6,TSRYS5743665,D,S,C,2024-04-08,1000000.00,4.596976,94.390625
08:32:19,912810TX6,TSRYS5743665,D,S,C,2024-04-08,1000000.00,4.596964,94.390825
08:32:19,912810TX6,TSRYS5743665,D,S,C,2024-04-08,1000000.00,4.596964,94.390825
08:32:19,912810TX6,TSRYS5743665,D,S,C,2024-04-08,1000000.00,4.596976,94.390625
08:32:19,912810TX6,TSRYS5743665,D,S,C,2024-04-08,1000000.00,4.59696,94.390875
08:32:31,912810TX6,TSRYS5743665,D,S,T,2024-04-08,1000000.00,4.596976,94.390625
08:32:32,912810TX6,TSRYS5743665,D,B,C,2024-04-08,2000000.00,4.597908,94.37619
08:32:33,912810TX6,TSRYS5743665,D,S,C,2024-04-08,1000000.00,4.59696,94.390875
08:32:33,912810TX6,TSRYS5743665,D,S,C,2024-04-08,2000000.00,4.596976,94.390625
08:32:33,912810TX6,TSRYS5743665,D,S,C,2024-04-08,1000000.00,4.596976,94.390625
08:32:33,912810TX6,TSRYS5743665,D,S,C,2024-04-08,2000000.00,4.596976,94.390625
08:32:33,912810TX6,TSRYS5743665,D,S,C,2024-04-08,1000000.00,4.596976,94.390625
08:32:33,912810TX6,TSRYS5743665,D,S,C,2024-04-08,4000000.00,4.596976,94.390625
08:32:33,912810TX6,TSRYS5743665,D,S,C,2024-04-08,1000000.00,4.59696,94.390875
08:32:33,912810TX6,TSRYS5743665,D,S,C,2024-04-08,1000000.00,4.59696,94.390875
08:32:44,912810TX6,TSRYS5743665,D,S,T,2024-04-08,1000000.00,4.596724,94.39453125
08:32:48,912810TX6,TSRYS5743665,D,S,D,2024-04-08,1000000.00,4.596976,94.390625
08:32:49,912810TX6,TSRYS5743665,D,S,D,2024-04-08,1000000.00,4.596724,94.39453125
08:32:52,912810TX6,TSRYS5743665,D,S,D,2024-04-08,1000000.00,4.597228,94.38671875
08:32:56,912810TX6,TSRYS5743665,D,S,D,2024-04-08,1000000.00,4.596598,94.396484375
08:32:59,912810TX6,TSRYS5743665,D,S,D,2024-04-08,1000000.00,4.597985,94.375
08:33:02,912810TX6,TSRYS5743665,D,B,C,2024-04-08,1000000.00,4.596976,94.390625
08:33:03,912810TX6,TSRYS5743665,D,S,D,2024-04-08,1000000.00,4.596976,94.390625
08:33:03,912810TX6,TSRYS5743665,D,S,D,2024-04-08,1000000.00,4.596976,94.390625
08:33:03,912810TX6,TSRYS5743665,D,S,T,2024-04-08,1000000.00,4.596598,94.39648438
08:33:03,912810TX6,TSRYS5743665,D,S,T,2024-04-08,1000000.00,4.59748,94.3828125
08:33:05,912810TX6,TSRYS5743665,D,S,D,2024-04-08,1000000.00,4.59748,94.3828125
08:33:06,912810TX6,TSRYS5743665,D,S,T,2024-04-08,1000000.00,4.596976,94.390625
08:33:07,912810TX6,TSRYS5743665,D,S,A,2024-04-08,1000000.00,4.59748,94.3828125
08:33:07,912810TX6,TSRYS5743665,D,S,T,2024-04-08,1000000.00,4.597354,94.384765625
08:33:08,912810TX6,TSRYS5743665,D,S,D,2024-04-08,1000000.00,4.597354,94.384765625
08:33:08,912810TX6,TSRYS5743665,D,B,C,2024-04-08,1000000.00,4.59748,94.3828125
08:33:08,912810TX6,TSRYS5743665,D,S,D,2024-04-08,1000000.00,4.59748,94.3828125
08:33:10,912810TX6,TSRYS5743665,D,S,A,2024-04-08,1000000.00,4.596976,94.390625
08:33:10,912810TX6,TSRYS5743665,D,S,A,2024-04-08,1000000.00,4.596976,94.390625
08:33:10,912810TX6,TSRYS5743665,D,S,A,2024-04-08,447000.00,4.596976,94.390625
08:33:11,912810TX6,TSRYS5743665,D,S,A,2024-04-08,553000.00,4.59748,94.3828125
08:33:12,912810TX6,TSRYS5743665,D,S,A,2024-04-08,1000000.00,4.59748,94.3828125
08:33:19,912810TX6,TSRYS5743665,D,B,A,2024-04-08,2000000.00,4.598993,94.359375
08:33:19,912810TX6,TSRYS5743665,D,S,T,2024-04-08,1000000.00,4.596976,94.390625
08:33:20,912810TX6,TSRYS5743665,D,S,C,2024-04-08,1000000.00,4.596976,94.390625
08:33:23,912810TX6,TSRYS5743665,D,S,T,2024-04-08,1000000.00,4.595969,94.40625
08:33:26,912810TX6,TSRYS5743665,D,S,T,2024-04-08,1000000.00,4.595969,94.40625
08:33:28,912810TX6,TSRYS5743665,D,S,C,2024-04-08,1000000.00,4.595969,94.40625
08:33:28,912810TX6,TSRYS5743665,D,S,T,2024-04-08,1000000.00,4.596346,94.400390625
08:33:28,912810TX6,TSRYS5743665,D,S,T,2024-04-08,1000000.00,4.59622,94.40234375
08:33:28,912810TX6,TSRYS5743665,D,S,T,2024-04-08,1000000.00,4.59622,94.40234375
08:33:28,912810TX6,TSRYS5743665,D,S,T,2024-04-08,1000000.00,4.59622,94.40234375
08:33:28,912810TX6,TSRYS5743665,D,S,T,2024-04-08,2000000.00,4.59622,94.40234375
08:33:28,912810TX6,TSRYS5743665,D,S,T,2024-04-08,2000000.00,4.596346,94.400390625
08:33:28,912810TX6,TSRYS5743665,D,S,D,2024-04-08,1000000.00,4.596095,94.404296875
08:33:28,912810TX6,TSRYS5743665,D,S,T,2024-04-08,1000000.00,4.59622,94.40234375
08:33:28,912810TX6,TSRYS5743665,D,S,T,2024-04-08,1000000.00,4.596095,94.404296875
08:33:28,912810TX6,TSRYS5743665,D,S,D,2024-04-08,1000000.00,4.59622,94.40234375
08:33:28,912810TX6,TSRYS5743665,D,B,C,2024-04-08,1000000.00,4.59622,94.40234375
08:33:28,912810TX6,TSRYS5743665,D,S,D,2024-04-08,1000000.00,4.59622,94.40234375
08:33:28,912810TX6,TSRYS5743665,D,S,D,2024-04-08,1000000.00,4.59622,94.40234375
08:33:28,912810TX6,TSRYS5743665,D,S,D,2024-04-08,1000000.00,4.596214,94.40244375
08:33:29,912810TX6,TSRYS5743665,D,S,D,2024-04-08,1000000.00,4.596214,94.40244375
08:33:29,912810TX6,TSRYS5743665,D,S,T,2024-04-08,1000000.00,4.595969,94.40625
08:33:30,912810TX6,TSRYS5743665,D,S,T,2024-04-08,1000000.00,4.596976,94.390625
08:33:30,912810TX6,TSRYS5743665,D,S,T,2024-04-08,1000000.00,4.596976,94.390625
08:33:31,912810TX6,TSRYS5743665,D,S,D,2024-04-08,5000000.00,4.59685,94.392578125
08:33:31,912810TX6,TSRYS5743665,D,S,T,2024-04-08,1000000.00,4.596976,94.390625
08:33:31,912810TX6,TSRYS5743665,D,S,T,2024-04-08,1000000.00,4.596976,94.390625
08:33:31,912810TX6,TSRYS5743665,D,S,T,2024-04-08,1000000.00,4.596976,94.390625
08:33:32,912810TX6,TSRYS5743665,D,S,T,2024-04-08,1000000.00,4.59622,94.40234375
08:33:33,912810TX6,TSRYS5743665,D,S,D,2024-04-08,1000000.00,4.596346,94.400390625
08:33:33,912810TX6,TSRYS5743665,D,S,D,2024-04-08,1000000.00,4.59622,94.40234375
08:33:33,912810TX6,TSRYS5743665,D,S,D,2024-04-08,1000000.00,4.59622,94.40234375
08:33:33,912810TX6,TSRYS5743665,D,S,D,2024-04-08,1000000.00,4.59622,94.40234375
08:33:33,912810TX6,TSRYS5743665,D,S,D,2024-04-08,1000000.00,4.59622,94.40234375
08:33:33,912810TX6,TSRYS5743665,D,S,D,2024-04-08,2000000.00,4.596346,94.400390625
08:33:33,912810TX6,TSRYS5743665,D,S,D,2024-04-08,2000000.00,4.59622,94.40234375
08:33:33,912810TX6,TSRYS5743665,D,B,C,2024-04-08,1000000.00,4.596095,94.404296875
08:33:33,912810TX6,TSRYS5743665,D,S,D,2024-04-08,1000000.00,4.596095,94.404296875
08:33:33,912810TX6,TSRYS5743665,D,S,D,2024-04-08,1000000.00,4.595969,94.40625
08:33:33,912810TX6,TSRYS5743665,D,B,C,2024-04-08,1000000.00,4.596095,94.404296875
08:33:33,912810TX6,TSRYS5743665,D,S,D,2024-04-08,1000000.00,4.596095,94.404296875
08:33:33,912810TX6,TSRYS5743665,D,B,C,2024-04-08,1000000.00,4.595969,94.40625
08:33:33,912810TX6,TSRYS5743665,D,S,D,2024-04-08,1000000.00,4.595969,94.40625
08:33:33,912810TX6,TSRYS5743665,D,S,T,2024-04-08,1000000.00,4.59622,94.40234375
08:33:33,912810TX6,TSRYS5743665,D,S,T,2024-04-08,1000000.00,4.595969,94.40625
08:33:35,912810TX6,TSRYS5743665,D,S,D,2024-04-08,1000000.00,4.596976,94.390625
08:33:35,912810TX6,TSRYS5743665,D,B,C,2024-04-08,1000000.00,4.596976,94.390625
08:33:41,912810TX6,TSRYS5743665,D,S,T,2024-04-08,1000000.00,4.595969,94.40625
08:33:42,912810TX6,TSRYS5743665,D,S,T,2024-04-08,1000000.00,4.595969,94.40625
08:33:44,912810TX6,TSRYS5743665,D,S,D,2024-04-08,1000000.00,4.595969,94.40625
08:33:49,912810TX6,TSRYS5743665,D,S,D,2024-04-08,1000000.00,4.597985,94.375
08:33:49,912810TX6,TSRYS5743665,D,B,C,2024-04-08,1000000.00,4.597985,94.375
08:33:49,912810TX6,TSRYS5743665,D,B,C,2024-04-08,1000000.00,4.597985,94.375
08:33:49,912810TX6,TSRYS5743665,D,S,C,2024-04-08,1000000.00,4.597985,94.375
08:33:49,912810TX6,TSRYS5743665,D,B,C,2024-04-08,1000000.00,4.597997,94.3748
08:33:49,912810TX6,TSRYS5743665,D,S,C,2024-04-08,1000000.00,4.597965,94.3753
08:33:49,912810TX6,TSRYS5743665,D,S,D,2024-04-08,1000000.00,4.596976,94.390625
08:33:49,912810TX6,TSRYS5743665,D,S,T,2024-04-08,1000000.00,4.595969,94.40625
08:33:50,912810TX6,TSRYS5743665,D,S,C,2024-04-08,1000000.00,4.595969,94.40625
08:33:50,912810TX6,TSRYS5743665,D,S,C,2024-04-08,1000000.00,4.595969,94.40625
08:33:50,912810TX6,TSRYS5743665,D,S,D,2024-04-08,1000000.00,4.596976,94.390625
08:33:56,912810TX6,TSRYS5743665,D,S,D,2024-04-08,1000000.00,4.595969,94.40625
08:33:56,912810TX6,TSRYS5743665,D,S,D,2024-04-08,500000.00,4.595465,94.4140625
08:34:04,912810TX6,TSRYS5743665,D,S,D,2024-04-08,1000000.00,4.596976,94.390625
08:34:04,912810TX6,TSRYS5743665,D,S,C,2024-04-08,1000000.00,4.596964,94.390825
08:34:04,912810TX6,TSRYS5743665,D,S,C,2024-04-08,1000000.00,4.59697,94.390725
08:34:04,912810TX6,TSRYS5743665,D,S,C,2024-04-08,1000000.00,4.596964,94.390825
08:34:04,912810TX6,TSRYS5743665,D,S,D,2024-04-08,1000000.00,4.595969,94.40625
08:34:04,912810TX6,TSRYS5743665,D,B,C,2024-04-08,1000000.00,4.595969,94.40625
08:34:04,912810TX6,TSRYS5743665,D,S,C,2024-04-08,1000000.00,4.595969,94.40625
08:34:04,912810TX6,TSRYS5743665,D,S,C,2024-04-08,1000000.00,4.595969,94.40625
08:34:10,912810TX6,TSRYS5743665,D,S,D,2024-04-08,1000000.00,4.594583,94.427734375
08:34:12,912810TX6,TSRYS5743665,D,S,T,2024-04-08,2000000.00,4.594961,94.421875
08:34:13,912810TX6,TSRYS5743665,D,S,T,2024-04-08,1000000.00,4.594961,94.421875
08:34:13,912810TX6,TSRYS5743665,D,S,T,2024-04-08,1000000.00,4.594961,94.421875
08:34:13,912810TX6,TSRYS5743665,D,S,T,2024-04-08,2000000.00,4.594961,94.421875
08:34:14,912810TX6,TSRYS5743665,D,S,T,2024-04-08,1000000.00,4.594961,94.421875
08:34:15,912810TX6,TSRYS5743665,D,S,T,2024-04-08,3000000.00,4.594961,94.421875
08:34:15,912810TX6,TSRYS5743665,D,S,T,2024-04-08,1000000.00,4.594961,94.421875
08:34:15,912810TX6,TSRYS5743665,D,S,T,2024-04-08,1000000.00,4.594961,94.421875
08:34:15,912810TX6,TSRYS5743665,D,S,T,2024-04-08,1000000.00,4.594961,94.421875
08:34:15,912810TX6,TSRYS5743665,D,S,D,2024-04-08,380000.00,4.594961,94.421875
08:34:15,912810TX6,TSRYS5743665,D,S,C,2024-04-08,380000.00,4.594961,94.421875
08:34:16,912810TX6,TSRYS5743665,D,S,T,2024-04-08,1000000.00,4.594961,94.421875
08:34:16,912810TX6,TSRYS5743665,D,S,T,2024-04-08,1000000.00,4.594961,94.421875
08:34:16,912810TX6,TSRYS5743665,D,B,A,2024-04-08,300000.00,4.594961,94.421875
08:34:16,912810TX6,TSRYS5743665,D,S,D,2024-04-08,1000000.00,4.594961,94.421875
08:34:16,912810TX6,TSRYS5743665,D,S,D,2024-04-08,1000000.00,4.595339,94.416015625
08:34:16,912810TX6,TSRYS5743665,D,S,T,2024-04-08,2000000.00,4.594961,94.421875
08:34:16,912810TX6,TSRYS5743665,D,S,T,2024-04-08,1000000.00,4.594961,94.421875
