tradeTime,cusip,issueSymbolIdentifier,priceType,reportingSideCode,contraPartyTypeCode,tradeDate,reportedTradeVolume,lastSaleYield,lastSalePrice
08:00:03,912810UC0,TSRYS5860825,D,S,D,2024-09-24,1000000.00,4.090874,102.7265625
08:00:03,912810UC0,TSRYS5860825,D,S,D,2024-09-24,1000000.00,4.090874,102.7265625
08:00:03,912810UC0,TSRYS5860825,D,S,D,2024-09-24,1000000.00,4.086967,102.794921875
08:00:04,912810UC0,TSRYS5860825,D,S,D,2024-09-24,1000000.00,4.089534,102.75
08:00:04,912810UC0,TSRYS5860825,D,S,D,2024-09-24,1000000.00,4.089534,102.75
08:00:04,912810UC0,TSRYS5860825,D,S,D,2024-09-24,1000000.00,4.089534,102.75
08:00:04,912810UC0,TSRYS5860825,D,S,D,2024-09-24,1000000.00,4.089534,102.75
08:00:04,912810UC0,TSRYS5860825,D,S,D,2024-09-24,1000000.00,4.098924,102.5859375
08:00:04,912810UC0,TSRYS5860825,D,S,D,2024-09-24,1000000.00,4.098924,102.5859375
08:00:04,912810UC0,TSRYS5860825,D,S,D,2024-09-24,1000000.00,4.098924,102.5859375
08:00:04,912810UC0,TSRYS5860825,D,S,T,2024-09-24,1000000.00,4.099819,102.5703125
08:00:04,912810UC0,TSRYS5860825,D,S,D,2024-09-24,1000000.00,4.100267,102.5625
08:00:04,912810UC0,TSRYS5860825,D,S,D,2024-09-24,1000000.00,4.100715,102.5546875
08:00:04,912810UC0,TSRYS5860825,D,S,D,2024-09-24,1000000.00,4.100827,102.552734375
08:00:04,912810UC0,TSRYS5860825,D,S,D,2024-09-24,1000000.00,4.103178,102.51171875
08:00:04,912810UC0,TSRYS5860825,D,S,T,2024-09-24,1000000.00,4.10329,102.509765625
08:00:04,912810UC0,TSRYS5860825,D,S,D,2024-09-24,1000000.00,4.102842,102.517578125
08:00:04,912810UC0,TSRYS5860825,D,S,T,2024-09-24,1000000.00,4.105644,102.46875
08:00:04,912810UC0,TSRYS5860825,D,S,D,2024-09-24,1000000.00,4.104075,102.49609375
08:00:04,912810UC0,TSRYS5860825,D,S,D,2024-09-24,1000000.00,4.104075,102.49609375
08:00:04,912810UC0,TSRYS5860825,D,S,D,2024-09-24,1000000.00,4.103963,102.498046875
08:00:04,912810UC0,TSRYS5860825,D,S,D,2024-09-24,1000000.00,4.102058,102.53125
08:00:04,912810UC0,TSRYS5860825,D,S,T,2024-09-24,1000000.00,4.098476,102.59375
08:00:04,912810UC0,TSRYS5860825,D,S,D,2024-09-24,1000000.00,4.100715,102.5546875
08:00:04,912810UC0,TSRYS5860825,D,S,T,2024-09-24,1000000.00,4.111027,102.375
08:00:04,912810UC0,TSRYS5860825,D,S,T,2024-09-24,1000000.00,4.111139,102.373046875
08:00:04,912810UC0,TSRYS5860825,D,S,T,2024-09-24,1000000.00,4.111027,102.375
08:00:04,912810UC0,TSRYS5860825,D,S,T,2024-09-24,1000000.00,4.114845,102.30859375
08:00:04,912810UC0,TSRYS5860825,D,S,T,2024-09-24,1000000.00,4.112936,102.341796875
08:00:04,912810UC0,TSRYS5860825,D,S,T,2024-09-24,1000000.00,4.113048,102.33984375
08:00:04,912810UC0,TSRYS5860825,D,S,T,2024-09-24,1000000.00,4.119116,102.234375
08:00:04,912810UC0,TSRYS5860825,D,S,T,2024-09-24,1000000.00,4.120915,102.203125
08:00:04,912810UC0,TSRYS5860825,D,S,D,2024-09-24,1000000.00,4.13297,101.994140625
08:00:04,912810UC0,TSRYS5860825,D,S,T,2024-09-24,1000000.00,4.13297,101.994140625
08:00:04,912810UC0,TSRYS5860825,D,S,D,2024-09-24,1000000.00,4.132631,102.0
08:00:04,912810UC0,TSRYS5860825,D,S,T,2024-09-24,1000000.00,4.138953,101.890625
08:00:04,912810UC0,TSRYS5860825,D,S,D,2024-09-24,1000000.00,4.138727,101.89453125
08:00:04,912810UC0,TSRYS5860825,D,S,D,2024-09-24,1000000.00,4.137824,101.91015625
08:00:04,912810UC0,TSRYS5860825,D,S,D,2024-09-24,1000000.00,4.138389,101.900390625
08:00:04,912810UC0,TSRYS5860825,D,S,D,2024-09-24,1000000.00,4.138389,101.900390625
08:00:04,912810UC0,TSRYS5860825,D,S,D,2024-09-24,1000000.00,4.138953,101.890625
08:00:04,912810UC0,TSRYS5860825,D,S,D,2024-09-24,1000000.00,4.138953,101.890625
08:00:04,912810UC0,TSRYS5860825,D,S,T,2024-09-24,1000000.00,4.138953,101.890625
08:00:04,912810UC0,TSRYS5860825,D,S,T,2024-09-24,1000000.00,4.138163,101.904296875
08:00:04,912810UC0,TSRYS5860825,D,S,T,2024-09-24,1000000.00,4.136581,101.931640625
08:00:04,912810UC0,TSRYS5860825,D,S,T,2024-09-24,1000000.00,4.136356,101.935546875
08:00:04,912810UC0,TSRYS5860825,D,S,T,2024-09-24,1000000.00,4.136243,101.9375
08:00:04,912810UC0,TSRYS5860825,D,S,D,2024-09-24,1000000.00,4.140422,101.865234375
08:00:04,912810UC0,TSRYS5860825,D,S,T,2024-09-24,1000000.00,4.140422,101.865234375
08:00:04,912810UC0,TSRYS5860825,D,S,T,2024-09-24,1000000.00,4.140535,101.86328125
08:00:04,912810UC0,TSRYS5860825,D,S,D,2024-09-24,1000000.00,4.140875,101.857421875
08:00:04,912810UC0,TSRYS5860825,D,S,D,2024-09-24,1000000.00,4.140535,101.86328125
08:00:04,912810UC0,TSRYS5860825,D,S,D,2024-09-24,1000000.00,4.140422,101.865234375
08:00:04,912810UC0,TSRYS5860825,D,S,D,2024-09-24,1000000.00,4.137485,101.916015625
08:00:04,912810UC0,TSRYS5860825,D,S,D,2024-09-24,1000000.00,4.137259,101.919921875
08:00:04,912810UC0,TSRYS5860825,D,S,T,2024-09-24,1000000.00,4.13805,101.90625
08:00:04,912810UC0,TSRYS5860825,D,S,D,2024-09-24,1000000.00,4.13613,101.939453125
08:00:04,912810UC0,TSRYS5860825,D,S,D,2024-09-24,1000000.00,4.140083,101.87109375
08:00:04,912810UC0,TSRYS5860825,D,S,C,2024-09-24,1000000.00,4.140196,101.869140625
08:00:04,912810UC0,TSRYS5860825,D,S,C,2024-09-24,1000000.00,4.140196,101.869140625
08:00:04,912810UC0,TSRYS5860825,D,S,D,2024-09-24,1000000.00,4.139857,101.875
08:00:04,912810UC0,TSRYS5860825,D,S,C,2024-09-24,1000000.00,4.139744,101.876953125
08:00:04,912810UC0,TSRYS5860825,D,S,C,2024-09-24,1000000.00,4.140309,101.8671875
08:00:04,912810UC0,TSRYS5860825,D,S,C,2024-09-24,1000000.00,4.140535,101.86328125
08:00:04,912810UC0,TSRYS5860825,D,S,D,2024-09-24,1000000.00,4.139857,101.875
08:00:04,912810UC0,TSRYS5860825,D,S,C,2024-09-24,1000000.00,4.140648,101.861328125
08:00:04,912810UC0,TSRYS5860825,D,S,C,2024-09-24,1000000.00,4.14144,101.84765625
08:00:04,912810UC0,TSRYS5860825,D,S,C,2024-09-24,1000000.00,4.139631,101.87890625
08:00:04,912810UC0,TSRYS5860825,D,S,T,2024-09-24,1000000.00,4.134437,101.96875
08:00:04,912810UC0,TSRYS5860825,D,S,D,2024-09-24,1000000.00,4.131729,102.015625
08:00:04,912810UC0,TSRYS5860825,D,S,D,2024-09-24,1000000.00,4.131729,102.015625
08:00:04,912810UC0,TSRYS5860825,D,S,C,2024-09-24,1000000.00,4.132744,101.998046875
08:00:04,912810UC0,TSRYS5860825,D,S,D,2024-09-24,1000000.00,4.132631,102.0
08:00:04,912810UC0,TSRYS5860825,D,S,D,2024-09-24,1000000.00,4.13561,101.9484375
08:00:04,912810UC0,TSRYS5860825,D,S,D,2024-09-24,2000000.00,4.134775,101.962890625
08:00:04,912810UC0,TSRYS5860825,D,S,D,2024-09-24,1000000.00,4.134549,101.966796875
08:00:04,912810UC0,TSRYS5860825,D,S,D,2024-09-24,1000000.00,4.134549,101.966796875
08:00:04,912810UC0,TSRYS5860825,D,S,D,2024-09-24,1000000.00,4.134662,101.96484375
08:00:04,912810UC0,TSRYS5860825,D,S,D,2024-09-24,1000000.00,4.134662,101.96484375
08:00:04,912810UC0,TSRYS5860825,D,S,D,2024-09-24,1000000.00,4.134549,101.966796875
08:00:04,912810UC0,TSRYS5860825,D,S,T,2024-09-24,1000000.00,4.141214,101.8515625
08:00:05,912810UC0,TSRYS5860825,D,S,T,2024-09-24,1000000.00,4.098476,102.59375
08:00:05,912810UC0,TSRYS5860825,D,S,T,2024-09-24,1000000.00,4.136243,101.9375
08:00:05,912810UC0,TSRYS5860825,D,S,T,2024-09-24,1000000.00,4.136243,101.9375
08:00:05,912810UC0,TSRYS5860825,D,S,T,2024-09-24,1000000.00,4.132631,102.0
08:00:05,912810UC0,TSRYS5860825,D,S,T,2024-09-24,1000000.00,4.132631,102.0
08:00:05,912810UC0,TSRYS5860825,D,S,T,2024-09-24,1000000.00,4.143475,101.8125
08:00:07,912810UC0,TSRYS5860825,D,B,A,2024-09-24,2700000.00,4.089534,102.75
08:00:08,912810UC0,TSRYS5860825,D,B,A,2024-09-24,2500000.00,4.106765,102.44921875
08:00:08,912810UC0,TSRYS5860825,D,B,A,2024-09-24,405000.00,4.098476,102.59375
08:00:10,912810UC0,TSRYS5860825,D,S,T,2024-09-24,1000000.00,4.133534,101.984375
08:00:10,912810UC0,TSRYS5860825,D,S,T,2024-09-24,1000000.00,4.133534,101.984375
08:00:10,912810UC0,TSRYS5860825,D,S,T,2024-09-24,2000000.00,4.133534,101.984375
08:00:11,912810UC0,TSRYS5860825,D,S,T,2024-09-24,1000000.00,4.133534,101.984375
08:00:11,912810UC0,TSRYS5860825,D,S,T,2024-09-24,1000000.00,4.136243,101.9375
08:00:11,912810UC0,TSRYS5860825,D,S,T,2024-09-24,1000000.00,4.136243,101.9375
08:00:11,912810UC0,TSRYS5860825,D,S,A,2024-09-24,20000.00,4.142773,101.84961875
08:00:12,912810UC0,TSRYS5860825,D,S,T,2024-09-24,1000000.00,4.089534,102.75
08:00:12,912810UC0,TSRYS5860825,D,S,D,2024-09-24,1000000.00,4.087302,102.7890625
08:00:13,912810UC0,TSRYS5860825,D,S,T,2024-09-24,1000000.00,4.091321,102.71875
08:00:13,912810UC0,TSRYS5860825,D,S,T,2024-09-24,1000000.00,4.095792,102.640625
08:00:13,912810UC0,TSRYS5860825,D,S,T,2024-09-24,1000000.00,4.099931,102.568359375
08:00:13,912810UC0,TSRYS5860825,D,S,T,2024-09-24,1000000.00,4.099931,102.568359375
08:00:13,912810UC0,TSRYS5860825,D,S,T,2024-09-24,1000000.00,4.099931,102.568359375
08:00:13,912810UC0,TSRYS5860825,D,S,T,2024-09-24,1000000.00,4.099931,102.568359375
08:00:13,912810UC0,TSRYS5860825,D,S,T,2024-09-24,1000000.00,4.100267,102.5625
08:00:13,912810UC0,TSRYS5860825,D,S,T,2024-09-24,1000000.00,4.102058,102.53125
08:00:13,912810UC0,TSRYS5860825,D,S,T,2024-09-24,1000000.00,4.101162,102.546875
08:00:13,912810UC0,TSRYS5860825,D,S,D,2024-09-24,1000000.00,4.105195,102.4765625
08:00:13,912810UC0,TSRYS5860825,D,S,T,2024-09-24,1000000.00,4.105644,102.46875
08:00:13,912810UC0,TSRYS5860825,D,S,T,2024-09-24,1000000.00,4.105644,102.46875
08:00:13,912810UC0,TSRYS5860825,D,S,T,2024-09-24,1000000.00,4.106316,102.45703125
08:00:13,912810UC0,TSRYS5860825,D,S,T,2024-09-24,1000000.00,4.106316,102.45703125
08:00:13,912810UC0,TSRYS5860825,D,S,T,2024-09-24,1000000.00,4.104187,102.494140625
08:00:13,912810UC0,TSRYS5860825,D,S,T,2024-09-24,1000000.00,4.101274,102.544921875
08:00:13,912810UC0,TSRYS5860825,D,S,C,2024-09-24,1000000.00,4.089981,102.7421875
08:00:13,912810UC0,TSRYS5860825,D,S,C,2024-09-24,1000000.00,4.089534,102.75
08:00:13,912810UC0,TSRYS5860825,D,S,T,2024-09-24,1000000.00,4.098476,102.59375
08:00:13,912810UC0,TSRYS5860825,D,S,A,2024-09-24,65000.00,4.14257,101.83581730769
08:00:13,912810UC0,TSRYS5860825,D,S,C,2024-09-24,1000000.00,4.089534,102.75
08:00:13,912810UC0,TSRYS5860825,D,S,C,2024-09-24,1000000.00,4.089534,102.75
08:00:13,912810UC0,TSRYS5860825,D,S,C,2024-09-24,1000000.00,4.089757,102.74609375
08:00:13,912810UC0,TSRYS5860825,D,S,C,2024-09-24,1000000.00,4.090204,102.73828125
08:00:13,912810UC0,TSRYS5860825,D,S,C,2024-09-24,1000000.00,4.089534,102.75
08:00:13,912810UC0,TSRYS5860825,D,S,C,2024-09-24,1000000.00,4.089534,102.75
08:00:13,912810UC0,TSRYS5860825,D,S,T,2024-09-24,1000000.00,4.117317,102.265625
08:00:13,912810UC0,TSRYS5860825,D,S,T,2024-09-24,1000000.00,4.115519,102.296875
08:00:13,912810UC0,TSRYS5860825,D,S,C,2024-09-24,1000000.00,4.089534,102.75
08:00:13,912810UC0,TSRYS5860825,D,S,C,2024-09-24,1000000.00,4.089534,102.75
08:00:13,912810UC0,TSRYS5860825,D,S,T,2024-09-24,1000000.00,4.119116,102.234375
08:00:13,912810UC0,TSRYS5860825,D,S,T,2024-09-24,1000000.00,4.120015,102.21875
08:00:13,912810UC0,TSRYS5860825,D,S,C,2024-09-24,1000000.00,4.089534,102.75
08:00:13,912810UC0,TSRYS5860825,D,S,C,2024-09-24,1000000.00,4.089534,102.75
08:00:13,912810UC0,TSRYS5860825,D,S,C,2024-09-24,1000000.00,4.089534,102.75
08:00:13,912810UC0,TSRYS5860825,D,S,T,2024-09-24,1000000.00,4.123053,102.166015625
08:00:13,912810UC0,TSRYS5860825,D,S,T,2024-09-24,1000000.00,4.123053,102.166015625
08:00:13,912810UC0,TSRYS5860825,D,S,C,2024-09-24,1000000.00,4.089534,102.75
08:00:13,912810UC0,TSRYS5860825,D,S,C,2024-09-24,1000000.00,4.089534,102.75
08:00:13,912810UC0,TSRYS5860825,D,S,C,2024-09-24,1000000.00,4.089534,102.75
08:00:13,912810UC0,TSRYS5860825,D,S,C,2024-09-24,1000000.00,4.089534,102.75
08:00:13,912810UC0,TSRYS5860825,D,S,C,2024-09-24,1000000.00,4.089534,102.75
08:00:13,912810UC0,TSRYS5860825,D,S,T,2024-09-24,1000000.00,4.129023,102.0625
08:00:13,912810UC0,TSRYS5860825,D,S,D,2024-09-24,1000000.00,4.133082,101.9921875
08:00:13,912810UC0,TSRYS5860825,D,S,C,2024-09-24,1000000.00,4.089534,102.75
08:00:13,912810UC0,TSRYS5860825,D,S,C,2024-09-24,1000000.00,4.089534,102.75
08:00:13,912810UC0,TSRYS5860825,D,S,D,2024-09-24,1000000.00,4.136694,101.9296875
08:00:13,912810UC0,TSRYS5860825,D,S,T,2024-09-24,1000000.00,4.136581,101.931640625
08:00:13,912810UC0,TSRYS5860825,D,S,D,2024-09-24,1000000.00,4.137598,101.9140625
08:00:13,912810UC0,TSRYS5860825,D,S,D,2024-09-24,1000000.00,4.138502,101.8984375
08:00:13,912810UC0,TSRYS5860825,D,S,T,2024-09-24,1000000.00,4.138953,101.890625
08:00:13,912810UC0,TSRYS5860825,D,S,T,2024-09-24,1000000.00,4.13805,101.90625
08:00:13,912810UC0,TSRYS5860825,D,S,C,2024-09-24,1000000.00,4.089534,102.75
08:00:13,912810UC0,TSRYS5860825,D,S,T,2024-09-24,1000000.00,4.134437,101.96875
08:00:13,912810UC0,TSRYS5860825,D,S,T,2024-09-24,1000000.00,4.13534,101.953125
08:00:13,912810UC0,TSRYS5860825,D,S,T,2024-09-24,1000000.00,4.137146,101.921875
08:00:13,912810UC0,TSRYS5860825,D,S,T,2024-09-24,1000000.00,4.136243,101.9375
08:00:13,912810UC0,TSRYS5860825,D,S,T,2024-09-24,1000000.00,4.136243,101.9375
08:00:13,912810UC0,TSRYS5860825,D,S,T,2024-09-24,1000000.00,4.139857,101.875
08:00:13,912810UC0,TSRYS5860825,D,S,T,2024-09-24,1000000.00,4.140196,101.869140625
08:00:13,912810UC0,TSRYS5860825,D,S,T,2024-09-24,1000000.00,4.136243,101.9375
08:00:13,912810UC0,TSRYS5860825,D,S,T,2024-09-24,1000000.00,4.139857,101.875
08:00:13,912810UC0,TSRYS5860825,D,S,T,2024-09-24,1000000.00,4.136243,101.9375
08:00:13,912810UC0,TSRYS5860825,D,S,T,2024-09-24,1000000.00,4.140762,101.859375
08:00:13,912810UC0,TSRYS5860825,D,S,T,2024-09-24,1000000.00,4.141666,101.84375
08:00:13,912810UC0,TSRYS5860825,D,S,T,2024-09-24,3000000.00,4.134437,101.96875
08:00:13,912810UC0,TSRYS5860825,D,S,T,2024-09-24,1000000.00,4.134437,101.96875
08:00:13,912810UC0,TSRYS5860825,D,S,T,2024-09-24,1000000.00,4.134437,101.96875
08:00:13,912810UC0,TSRYS5860825,D,S,T,2024-09-24,1000000.00,4.131729,102.015625
08:00:13,912810UC0,TSRYS5860825,D,S,T,2024-09-24,1000000.00,4.133534,101.984375
08:00:13,912810UC0,TSRYS5860825,D,S,D,2024-09-24,1000000.00,4.132631,102.0
08:00:13,912810UC0,TSRYS5860825,D,S,T,2024-09-24,1000000.00,4.136243,101.9375
08:00:13,912810UC0,TSRYS5860825,D,S,T,2024-09-24,1000000.00,4.136243,101.9375
08:00:13,912810UC0,TSRYS5860825,D,S,T,2024-09-24,1000000.00,4.136243,101.9375
08:00:13,912810UC0,TSRYS5860825,D,S,T,2024-09-24,1000000.00,4.143475,101.8125
08:00:13,912810UC0,TSRYS5860825,D,S,T,2024-09-24,1000000.00,4.142797,101.82421875
08:00:13,912810UC0,TSRYS5860825,D,S,D,2024-09-24,1000000.00,4.14257,101.828125
08:00:13,912810UC0,TSRYS5860825,D,S,T,2024-09-24,1000000.00,4.14257,101.828125
08:00:15,912810UC0,TSRYS5860825,D,S,D,2024-09-24,1000000.00,4.104299,102.4921875
08:00:15,912810UC0,TSRYS5860825,D,S,D,2024-09-24,1000000.00,4.104299,102.4921875
08:00:16,912810UC0,TSRYS5860825,D,S,D,2024-09-24,65000.00,4.14257,101.828125
08:00:16,912810UC0,TSRYS5860825,D,S,D,2024-09-24,1000000.00,4.101162,102.546875
08:00:17,912810UC0,TSRYS5860825,D,B,A,2024-09-24,1000000.00,4.096686,102.625
08:00:18,912810UC0,TSRYS5860825,D,B,A,2024-09-24,1000000.00,4.096686,102.625
08:00:18,912810UC0,TSRYS5860825,D,B,A,2024-09-24,1000000.00,4.096686,102.625
08:00:19,912810UC0,TSRYS5860825,D,S,D,2024-09-24,1000000.00,4.096686,102.625
08:00:19,912810UC0,TSRYS5860825,D,S,D,2024-09-24,1000000.00,4.09691,102.62109375
08:00:19,912810UC0,TSRYS5860825,D,S,D,2024-09-24,1000000.00,4.09691,102.62109375
08:00:19,912810UC0,TSRYS5860825,D,S,D,2024-09-24,20000000.00,4.13805,101.90625
08:00:19,912810UC0,TSRYS5860825,D,S,D,2024-09-24,20000000.00,4.137146,101.921875
08:00:19,912810UC0,TSRYS5860825,D,B,A,2024-09-24,1000000.00,4.096686,102.625
08:00:20,912810UC0,TSRYS5860825,D,B,A,2024-09-24,1000000.00,4.096686,102.625
08:00:20,912810UC0,TSRYS5860825,D,S,C,2024-09-24,1000000.00,4.120915,102.203125
08:00:20,912810UC0,TSRYS5860825,D,S,C,2024-09-24,1000000.00,4.120915,102.203125
08:00:20,912810UC0,TSRYS5860825,D,S,C,2024-09-24,1000000.00,4.120915,102.203125
08:00:22,912810UC0,TSRYS5860825,D,S,C,2024-09-24,1000000.00,4.123166,102.1640625
08:00:22,912810UC0,TSRYS5860825,D,S,A,2024-09-24,90000.00,4.090182,102.73828125
08:00:23,912810UC0,TSRYS5860825,D,S,T,2024-09-24,3000000.00,4.143475,101.8125
08:00:23,912810UC0,TSRYS5860825,D,S,T,2024-09-24,1000000.00,4.143475,101.8125
08:00:23,912810UC0,TSRYS5860825,D,S,T,2024-09-24,1000000.00,4.143475,101.8125
08:00:23,912810UC0,TSRYS5860825,D,S,T,2024-09-24,1000000.00,4.143475,101.8125
08:00:23,912810UC0,TSRYS5860825,D,S,T,2024-09-24,2000000.00,4.143475,101.8125
08:00:23,912810UC0,TSRYS5860825,D,S,T,2024-09-24,1000000.00,4.093109,102.6875
08:00:23,912810UC0,TSRYS5860825,D,S,T,2024-09-24,1000000.00,4.093109,102.6875
08:00:24,912810UC0,TSRYS5860825,D,S,T,2024-09-24,2000000.00,4.101162,102.546875
08:00:26,912810UC0,TSRYS5860825,D,S,D,2024-09-24,1000000.00,4.139179,101.88671875
08:00:26,912810UC0,TSRYS5860825,D,S,A,2024-09-24,5000000.00,4.105195,102.4765625
08:00:26,912810UC0,TSRYS5860825,D,S,T,2024-09-24,4000000.00,4.093109,102.6875
08:00:30,912810UC0,TSRYS5860825,D,S,T,2024-09-24,1000000.00,4.094003,102.671875
08:00:30,912810UC0,TSRYS5860825,D,S,T,2024-09-24,1000000.00,4.092215,102.703125
08:00:30,912810UC0,TSRYS5860825,D,S,T,2024-09-24,1000000.00,4.091321,102.71875
08:00:30,912810UC0,TSRYS5860825,D,S,T,2024-09-24,1000000.00,4.091098,102.72265625
08:00:30,912810UC0,TSRYS5860825,D,S,T,2024-09-24,1000000.00,4.091209,102.720703125
08:00:30,912810UC0,TSRYS5860825,D,S,T,2024-09-24,1000000.00,4.090986,102.724609375
08:00:30,912810UC0,TSRYS5860825,D,S,T,2024-09-24,1000000.00,4.090874,102.7265625
08:00:30,912810UC0,TSRYS5860825,D,S,T,2024-09-24,1000000.00,4.090427,102.734375
08:00:30,912810UC0,TSRYS5860825,D,S,T,2024-09-24,1000000.00,4.08507,102.828125
08:00:30,912810UC0,TSRYS5860825,D,S,T,2024-09-24,1000000.00,4.086855,102.796875
08:00:30,912810UC0,TSRYS5860825,D,S,T,2024-09-24,1000000.00,4.088641,102.765625
08:00:30,912810UC0,TSRYS5860825,D,S,T,2024-09-24,1000000.00,4.088641,102.765625
08:00:30,912810UC0,TSRYS5860825,D,S,T,2024-09-24,1000000.00,4.089534,102.75
08:00:30,912810UC0,TSRYS5860825,D,S,T,2024-09-24,1000000.00,4.089534,102.75
08:00:30,912810UC0,TSRYS5860825,D,S,T,2024-09-24,1000000.00,4.087971,102.77734375
08:00:30,912810UC0,TSRYS5860825,D,S,T,2024-09-24,1000000.00,4.091321,102.71875
08:00:30,912810UC0,TSRYS5860825,D,S,T,2024-09-24,1000000.00,4.091321,102.71875
08:00:30,912810UC0,TSRYS5860825,D,S,T,2024-09-24,1000000.00,4.094003,102.671875
08:00:30,912810UC0,TSRYS5860825,D,S,T,2024-09-24,1000000.00,4.094003,102.671875
08:00:30,912810UC0,TSRYS5860825,D,S,T,2024-09-24,1000000.00,4.091321,102.71875
08:00:30,912810UC0,TSRYS5860825,D,S,T,2024-09-24,1000000.00,4.091321,102.71875
08:00:30,912810UC0,TSRYS5860825,D,S,T,2024-09-24,1000000.00,4.089981,102.7421875
08:00:30,912810UC0,TSRYS5860825,D,S,T,2024-09-24,1000000.00,4.089981,102.7421875
08:00:30,912810UC0,TSRYS5860825,D,S,T,2024-09-24,1000000.00,4.089981,102.7421875
08:00:30,912810UC0,TSRYS5860825,D,S,T,2024-09-24,1000000.00,4.090427,102.734375
08:00:30,912810UC0,TSRYS5860825,D,S,T,2024-09-24,1000000.00,4.090427,102.734375
08:00:30,912810UC0,TSRYS5860825,D,S,T,2024-09-24,1000000.00,4.090427,102.734375
08:00:30,912810UC0,TSRYS5860825,D,S,T,2024-09-24,1000000.00,4.092215,102.703125
08:00:30,912810UC0,TSRYS5860825,D,S,T,2024-09-24,1000000.00,4.094897,102.65625
08:00:30,912810UC0,TSRYS5860825,D,S,T,2024-09-24,1000000.00,4.094897,102.65625
08:00:30,912810UC0,TSRYS5860825,D,S,T,2024-09-24,1000000.00,4.094897,102.65625
08:00:30,912810UC0,TSRYS5860825,D,S,T,2024-09-24,1000000.00,4.089981,102.7421875
08:00:30,912810UC0,TSRYS5860825,D,S,T,2024-09-24,1000000.00,4.090874,102.7265625
08:00:30,912810UC0,TSRYS5860825,D,S,T,2024-09-24,1000000.00,4.092215,102.703125
08:00:30,912810UC0,TSRYS5860825,D,S,D,2024-09-24,1000000.00,4.094003,102.671875
08:00:30,912810UC0,TSRYS5860825,D,S,T,2024-09-24,1000000.00,4.091321,102.71875
08:00:30,912810UC0,TSRYS5860825,D,S,T,2024-09-24,1000000.00,4.091321,102.71875
08:00:30,912810UC0,TSRYS5860825,D,S,T,2024-09-24,1000000.00,4.090427,102.734375
08:00:30,912810UC0,TSRYS5860825,D,S,T,2024-09-24,1000000.00,4.09255,102.697265625
08:00:30,912810UC0,TSRYS5860825,D,S,T,2024-09-24,1000000.00,4.091098,102.72265625
08:00:30,912810UC0,TSRYS5860825,D,S,T,2024-09-24,1000000.00,4.092438,102.69921875
08:00:30,912810UC0,TSRYS5860825,D,S,T,2024-09-24,1000000.00,4.093109,102.6875
08:00:30,912810UC0,TSRYS5860825,D,S,T,2024-09-24,1000000.00,4.093109,102.6875
08:00:30,912810UC0,TSRYS5860825,D,S,T,2024-09-24,1000000.00,4.093109,102.6875
08:00:30,912810UC0,TSRYS5860825,D,S,T,2024-09-24,1000000.00,4.094897,102.65625
08:00:30,912810UC0,TSRYS5860825,D,S,D,2024-09-24,1000000.00,4.094003,102.671875
08:00:30,912810UC0,TSRYS5860825,D,S,T,2024-09-24,1000000.00,4.094003,102.671875
08:00:30,912810UC0,TSRYS5860825,D,S,T,2024-09-24,1000000.00,4.096686,102.625
08:00:30,912810UC0,TSRYS5860825,D,S,T,2024-09-24,1000000.00,4.100267,102.5625
08:00:30,912810UC0,TSRYS5860825,D,S,T,2024-09-24,1000000.00,4.102058,102.53125
08:00:30,912810UC0,TSRYS5860825,D,S,T,2024-09-24,1000000.00,4.102954,102.515625
08:00:30,912810UC0,TSRYS5860825,D,S,T,2024-09-24,1000000.00,4.102058,102.53125
08:00:30,912810UC0,TSRYS5860825,D,S,T,2024-09-24,1000000.00,4.102506,102.5234375
08:00:30,912810UC0,TSRYS5860825,D,S,T,2024-09-24,1000000.00,4.102506,102.5234375
08:00:30,912810UC0,TSRYS5860825,D,S,T,2024-09-24,1000000.00,4.105531,102.470703125
08:00:30,912810UC0,TSRYS5860825,D,S,T,2024-09-24,1000000.00,4.104747,102.484375
08:00:30,912810UC0,TSRYS5860825,D,S,T,2024-09-24,1000000.00,4.104747,102.484375
08:00:30,912810UC0,TSRYS5860825,D,S,D,2024-09-24,1000000.00,4.106316,102.45703125
08:00:30,912810UC0,TSRYS5860825,D,S,T,2024-09-24,1000000.00,4.105644,102.46875
08:00:30,912810UC0,TSRYS5860825,D,S,T,2024-09-24,1000000.00,4.105644,102.46875
08:00:30,912810UC0,TSRYS5860825,D,S,T,2024-09-24,1000000.00,4.105644,102.46875
08:00:30,912810UC0,TSRYS5860825,D,S,T,2024-09-24,1000000.00,4.105644,102.46875
08:00:30,912810UC0,TSRYS5860825,D,S,T,2024-09-24,1000000.00,4.105644,102.46875
08:00:30,912810UC0,TSRYS5860825,D,S,T,2024-09-24,1000000.00,4.10598,102.462890625
08:00:30,912810UC0,TSRYS5860825,D,S,T,2024-09-24,1000000.00,4.105644,102.46875
08:00:30,912810UC0,TSRYS5860825,D,S,T,2024-09-24,1000000.00,4.107437,102.4375
08:00:30,912810UC0,TSRYS5860825,D,S,T,2024-09-24,1000000.00,4.107437,102.4375
08:00:30,912810UC0,TSRYS5860825,D,S,T,2024-09-24,1000000.00,4.106428,102.455078125
08:00:30,912810UC0,TSRYS5860825,D,S,T,2024-09-24,1000000.00,4.106316,102.45703125
08:00:30,912810UC0,TSRYS5860825,D,S,T,2024-09-24,1000000.00,4.106316,102.45703125
08:00:30,912810UC0,TSRYS5860825,D,S,T,2024-09-24,1000000.00,4.104635,102.486328125
08:00:30,912810UC0,TSRYS5860825,D,S,T,2024-09-24,1000000.00,4.105644,102.46875
08:00:30,912810UC0,TSRYS5860825,D,S,T,2024-09-24,1000000.00,4.105644,102.46875
08:00:30,912810UC0,TSRYS5860825,D,S,T,2024-09-24,1000000.00,4.10598,102.462890625
08:00:30,912810UC0,TSRYS5860825,D,S,T,2024-09-24,1000000.00,4.103963,102.498046875
08:00:30,912810UC0,TSRYS5860825,D,S,T,2024-09-24,1000000.00,4.103851,102.5
08:00:30,912810UC0,TSRYS5860825,D,S,T,2024-09-24,1000000.00,4.106316,102.45703125
08:00:30,912810UC0,TSRYS5860825,D,S,T,2024-09-24,1000000.00,4.102058,102.53125
08:00:30,912810UC0,TSRYS5860825,D,S,T,2024-09-24,1000000.00,4.102954,102.515625
08:00:30,912810UC0,TSRYS5860825,D,S,T,2024-09-24,1000000.00,4.101162,102.546875
08:00:30,912810UC0,TSRYS5860825,D,S,T,2024-09-24,1000000.00,4.101722,102.537109375
08:00:30,912810UC0,TSRYS5860825,D,S,T,2024-09-24,1000000.00,4.102954,102.515625
08:00:30,912810UC0,TSRYS5860825,D,S,T,2024-09-24,1000000.00,4.102954,102.515625
08:00:30,912810UC0,TSRYS5860825,D,S,T,2024-09-24,1000000.00,4.098476,102.59375
08:00:30,912810UC0,TSRYS5860825,D,S,T,2024-09-24,1000000.00,4.098476,102.59375
08:00:30,912810UC0,TSRYS5860825,D,S,T,2024-09-24,1000000.00,4.098029,102.6015625
08:00:30,912810UC0,TSRYS5860825,D,S,T,2024-09-24,1000000.00,4.097917,102.603515625
08:00:30,912810UC0,TSRYS5860825,D,S,T,2024-09-24,1000000.00,4.097805,102.60546875
08:00:30,912810UC0,TSRYS5860825,D,S,T,2024-09-24,1000000.00,4.097805,102.60546875
08:00:30,912810UC0,TSRYS5860825,D,S,T,2024-09-24,1000000.00,4.097022,102.619140625
08:00:30,912810UC0,TSRYS5860825,D,S,T,2024-09-24,1000000.00,4.09691,102.62109375
08:00:30,912810UC0,TSRYS5860825,D,S,T,2024-09-24,1000000.00,4.09691,102.62109375
08:00:30,912810UC0,TSRYS5860825,D,S,T,2024-09-24,1000000.00,4.097022,102.619140625
08:00:30,912810UC0,TSRYS5860825,D,S,T,2024-09-24,1000000.00,4.09691,102.62109375
08:00:30,912810UC0,TSRYS5860825,D,S,T,2024-09-24,1000000.00,4.09691,102.62109375
08:00:30,912810UC0,TSRYS5860825,D,S,T,2024-09-24,1000000.00,4.09691,102.62109375
08:00:30,912810UC0,TSRYS5860825,D,S,T,2024-09-24,1000000.00,4.096686,102.625
08:00:30,912810UC0,TSRYS5860825,D,S,T,2024-09-24,1000000.00,4.102954,102.515625
08:00:30,912810UC0,TSRYS5860825,D,S,T,2024-09-24,1000000.00,4.102058,102.53125
08:00:30,912810UC0,TSRYS5860825,D,S,T,2024-09-24,1000000.00,4.107886,102.4296875
08:00:30,912810UC0,TSRYS5860825,D,S,T,2024-09-24,1000000.00,4.109232,102.40625
08:00:30,912810UC0,TSRYS5860825,D,S,T,2024-09-24,1000000.00,4.108335,102.421875
08:00:30,912810UC0,TSRYS5860825,D,S,T,2024-09-24,1000000.00,4.108671,102.416015625
08:00:30,912810UC0,TSRYS5860825,D,S,T,2024-09-24,1000000.00,4.110129,102.390625
08:00:30,912810UC0,TSRYS5860825,D,S,T,2024-09-24,1000000.00,4.111027,102.375
08:00:30,912810UC0,TSRYS5860825,D,S,T,2024-09-24,1000000.00,4.111925,102.359375
08:00:30,912810UC0,TSRYS5860825,D,S,T,2024-09-24,1000000.00,4.111027,102.375
08:00:30,912810UC0,TSRYS5860825,D,S,T,2024-09-24,1000000.00,4.111027,102.375
08:00:30,912810UC0,TSRYS5860825,D,S,T,2024-09-24,1000000.00,4.111925,102.359375
08:00:30,912810UC0,TSRYS5860825,D,S,T,2024-09-24,1000000.00,4.111925,102.359375
08:00:30,912810UC0,TSRYS5860825,D,S,T,2024-09-24,1000000.00,4.111925,102.359375
08:00:30,912810UC0,TSRYS5860825,D,S,T,2024-09-24,1000000.00,4.111925,102.359375
08:00:30,912810UC0,TSRYS5860825,D,S,T,2024-09-24,1000000.00,4.111925,102.359375
08:00:30,912810UC0,TSRYS5860825,D,S,T,2024-09-24,1000000.00,4.113722,102.328125
08:00:30,912810UC0,TSRYS5860825,D,S,T,2024-09-24,1000000.00,4.113722,102.328125
08:00:30,912810UC0,TSRYS5860825,D,S,T,2024-09-24,1000000.00,4.11462,102.3125
08:00:30,912810UC0,TSRYS5860825,D,S,T,2024-09-24,1000000.00,4.115519,102.296875
08:00:30,912810UC0,TSRYS5860825,D,S,T,2024-09-24,1000000.00,4.115519,102.296875
08:00:30,912810UC0,TSRYS5860825,D,S,T,2024-09-24,1000000.00,4.115968,102.2890625
08:00:30,912810UC0,TSRYS5860825,D,S,T,2024-09-24,1000000.00,4.117317,102.265625
08:00:30,912810UC0,TSRYS5860825,D,S,T,2024-09-24,1000000.00,4.117317,102.265625
08:00:30,912810UC0,TSRYS5860825,D,S,T,2024-09-24,1000000.00,4.117317,102.265625
08:00:30,912810UC0,TSRYS5860825,D,S,T,2024-09-24,1000000.00,4.118329,102.248046875
08:00:30,912810UC0,TSRYS5860825,D,S,T,2024-09-24,1000000.00,4.119116,102.234375
08:00:30,912810UC0,TSRYS5860825,D,S,T,2024-09-24,1000000.00,4.119116,102.234375
08:00:30,912810UC0,TSRYS5860825,D,S,T,2024-09-24,1000000.00,4.119116,102.234375
08:00:30,912810UC0,TSRYS5860825,D,S,T,2024-09-24,1000000.00,4.119116,102.234375
08:00:30,912810UC0,TSRYS5860825,D,S,T,2024-09-24,1000000.00,4.118216,102.25
08:00:30,912810UC0,TSRYS5860825,D,S,T,2024-09-24,1000000.00,4.118216,102.25
08:00:30,912810UC0,TSRYS5860825,D,S,T,2024-09-24,1000000.00,4.118216,102.25
08:00:30,912810UC0,TSRYS5860825,D,S,T,2024-09-24,1000000.00,4.118216,102.25
08:00:30,912810UC0,TSRYS5860825,D,S,T,2024-09-24,1000000.00,4.117317,102.265625
08:00:30,912810UC0,TSRYS5860825,D,S,T,2024-09-24,1000000.00,4.117317,102.265625
08:00:30,912810UC0,TSRYS5860825,D,S,T,2024-09-24,1000000.00,4.117542,102.26171875
08:00:30,912810UC0,TSRYS5860825,D,S,T,2024-09-24,1000000.00,4.117429,102.263671875
08:00:30,912810UC0,TSRYS5860825,D,S,T,2024-09-24,1000000.00,4.115069,102.3046875
08:00:30,912810UC0,TSRYS5860825,D,S,T,2024-09-24,1000000.00,4.113722,102.328125
08:00:30,912810UC0,TSRYS5860825,D,S,T,2024-09-24,1000000.00,4.114395,102.31640625
08:00:30,912810UC0,TSRYS5860825,D,S,T,2024-09-24,1000000.00,4.114395,102.31640625
08:00:30,912810UC0,TSRYS5860825,D,S,T,2024-09-24,1000000.00,4.117317,102.265625
08:00:30,912810UC0,TSRYS5860825,D,S,T,2024-09-24,1000000.00,4.118216,102.25
08:00:30,912810UC0,TSRYS5860825,D,S,T,2024-09-24,1000000.00,4.118216,102.25
08:00:30,912810UC0,TSRYS5860825,D,S,T,2024-09-24,1000000.00,4.120015,102.21875
08:00:30,912810UC0,TSRYS5860825,D,S,T,2024-09-24,1000000.00,4.120915,102.203125
08:00:30,912810UC0,TSRYS5860825,D,S,T,2024-09-24,1000000.00,4.120915,102.203125
08:00:30,912810UC0,TSRYS5860825,D,S,T,2024-09-24,1000000.00,4.120915,102.203125
08:00:30,912810UC0,TSRYS5860825,D,S,T,2024-09-24,1000000.00,4.120578,102.208984375
08:00:30,912810UC0,TSRYS5860825,D,S,T,2024-09-24,1000000.00,4.12069,102.20703125
08:00:30,912810UC0,TSRYS5860825,D,S,T,2024-09-24,1000000.00,4.119678,102.224609375
08:00:30,912810UC0,TSRYS5860825,D,S,T,2024-09-24,1000000.00,4.119453,102.228515625
08:00:30,912810UC0,TSRYS5860825,D,S,T,2024-09-24,1000000.00,4.119565,102.2265625
08:00:30,912810UC0,TSRYS5860825,D,S,T,2024-09-24,1000000.00,4.119116,102.234375
08:00:31,912810UC0,TSRYS5860825,D,S,T,2024-09-24,1000000.00,4.119116,102.234375
08:00:31,912810UC0,TSRYS5860825,D,S,T,2024-09-24,1000000.00,4.120015,102.21875
08:00:31,912810UC0,TSRYS5860825,D,S,T,2024-09-24,1000000.00,4.120015,102.21875
08:00:31,912810UC0,TSRYS5860825,D,S,T,2024-09-24,1000000.00,4.119116,102.234375
08:00:31,912810UC0,TSRYS5860825,D,S,T,2024-09-24,1000000.00,4.119116,102.234375
08:00:31,912810UC0,TSRYS5860825,D,S,T,2024-09-24,1000000.00,4.120915,102.203125
08:00:31,912810UC0,TSRYS5860825,D,S,T,2024-09-24,1000000.00,4.120015,102.21875
08:00:31,912810UC0,TSRYS5860825,D,S,T,2024-09-24,1000000.00,4.120915,102.203125
08:00:31,912810UC0,TSRYS5860825,D,S,T,2024-09-24,1000000.00,4.120465,102.2109375
08:00:31,912810UC0,TSRYS5860825,D,S,T,2024-09-24,1000000.00,4.120015,102.21875
08:00:31,912810UC0,TSRYS5860825,D,S,T,2024-09-24,1000000.00,4.120915,102.203125
08:00:31,912810UC0,TSRYS5860825,D,S,T,2024-09-24,1000000.00,4.120915,102.203125
08:00:31,912810UC0,TSRYS5860825,D,S,T,2024-09-24,1000000.00,4.120578,102.208984375
08:00:31,912810UC0,TSRYS5860825,D,S,T,2024-09-24,1000000.00,4.120465,102.2109375
08:00:31,912810UC0,TSRYS5860825,D,S,T,2024-09-24,1000000.00,4.121815,102.1875
08:00:31,912810UC0,TSRYS5860825,D,S,T,2024-09-24,1000000.00,4.120015,102.21875
08:00:31,912810UC0,TSRYS5860825,D,S,T,2024-09-24,1000000.00,4.120915,102.203125
08:00:31,912810UC0,TSRYS5860825,D,S,T,2024-09-24,1000000.00,4.121815,102.1875
08:00:31,912810UC0,TSRYS5860825,D,S,T,2024-09-24,1000000.00,4.120915,102.203125
08:00:31,912810UC0,TSRYS5860825,D,S,T,2024-09-24,1000000.00,4.120915,102.203125
08:00:31,912810UC0,TSRYS5860825,D,S,T,2024-09-24,1000000.00,4.120915,102.203125
08:00:31,912810UC0,TSRYS5860825,D,S,T,2024-09-24,1000000.00,4.120915,102.203125
08:00:31,912810UC0,TSRYS5860825,D,S,T,2024-09-24,1000000.00,4.120915,102.203125
08:00:31,912810UC0,TSRYS5860825,D,S,T,2024-09-24,1000000.00,4.12722,102.09375
08:00:31,912810UC0,TSRYS5860825,D,S,T,2024-09-24,1000000.00,4.12722,102.09375
08:00:31,912810UC0,TSRYS5860825,D,S,T,2024-09-24,1000000.00,4.129023,102.0625
08:00:31,912810UC0,TSRYS5860825,D,S,T,2024-09-24,1000000.00,4.129361,102.056640625
08:00:31,912810UC0,TSRYS5860825,D,S,T,2024-09-24,1000000.00,4.129925,102.046875
08:00:31,912810UC0,TSRYS5860825,D,S,T,2024-09-24,1000000.00,4.129925,102.046875
08:00:31,912810UC0,TSRYS5860825,D,S,T,2024-09-24,1000000.00,4.129023,102.0625
08:00:31,912810UC0,TSRYS5860825,D,S,T,2024-09-24,1000000.00,4.128121,102.078125
08:00:31,912810UC0,TSRYS5860825,D,S,T,2024-09-24,1000000.00,4.13534,101.953125
08:00:31,912810UC0,TSRYS5860825,D,S,T,2024-09-24,1000000.00,4.13534,101.953125
08:00:31,912810UC0,TSRYS5860825,D,S,T,2024-09-24,1000000.00,4.13534,101.953125
08:00:31,912810UC0,TSRYS5860825,D,S,T,2024-09-24,1000000.00,4.13534,101.953125
08:00:31,912810UC0,TSRYS5860825,D,S,T,2024-09-24,1000000.00,4.13534,101.953125
08:00:31,912810UC0,TSRYS5860825,D,S,T,2024-09-24,4000000.00,4.137146,101.921875
08:00:31,912810UC0,TSRYS5860825,D,S,T,2024-09-24,1000000.00,4.13805,101.90625
08:00:31,912810UC0,TSRYS5860825,D,S,T,2024-09-24,1000000.00,4.137485,101.916015625
08:00:31,912810UC0,TSRYS5860825,D,S,T,2024-09-24,1000000.00,4.137598,101.9140625
08:00:31,912810UC0,TSRYS5860825,D,S,T,2024-09-24,1000000.00,4.13805,101.90625
08:00:31,912810UC0,TSRYS5860825,D,S,T,2024-09-24,1000000.00,4.13805,101.90625
08:00:31,912810UC0,TSRYS5860825,D,S,T,2024-09-24,1000000.00,4.13805,101.90625
08:00:31,912810UC0,TSRYS5860825,D,S,T,2024-09-24,1000000.00,4.138276,101.90234375
08:00:31,912810UC0,TSRYS5860825,D,S,T,2024-09-24,1000000.00,4.13805,101.90625
08:00:31,912810UC0,TSRYS5860825,D,S,T,2024-09-24,1000000.00,4.137146,101.921875
08:00:31,912810UC0,TSRYS5860825,D,S,T,2024-09-24,1000000.00,4.137146,101.921875
08:00:31,912810UC0,TSRYS5860825,D,S,T,2024-09-24,1000000.00,4.137146,101.921875
08:00:31,912810UC0,TSRYS5860825,D,S,T,2024-09-24,1000000.00,4.137824,101.91015625
08:00:31,912810UC0,TSRYS5860825,D,S,T,2024-09-24,1000000.00,4.13805,101.90625
08:00:31,912810UC0,TSRYS5860825,D,S,T,2024-09-24,1000000.00,4.134437,101.96875
08:00:31,912810UC0,TSRYS5860825,D,S,T,2024-09-24,1000000.00,4.137711,101.912109375
08:00:31,912810UC0,TSRYS5860825,D,S,T,2024-09-24,1000000.00,4.13805,101.90625
08:00:31,912810UC0,TSRYS5860825,D,S,T,2024-09-24,1000000.00,4.139857,101.875
08:00:31,912810UC0,TSRYS5860825,D,S,T,2024-09-24,1000000.00,4.139857,101.875
08:00:31,912810UC0,TSRYS5860825,D,S,T,2024-09-24,1000000.00,4.139857,101.875
08:00:31,912810UC0,TSRYS5860825,D,S,T,2024-09-24,1000000.00,4.13805,101.90625
08:00:31,912810UC0,TSRYS5860825,D,S,T,2024-09-24,1000000.00,4.137146,101.921875
08:00:31,912810UC0,TSRYS5860825,D,S,T,2024-09-24,1000000.00,4.137146,101.921875
08:00:31,912810UC0,TSRYS5860825,D,S,T,2024-09-24,1000000.00,4.137146,101.921875
08:00:31,912810UC0,TSRYS5860825,D,S,T,2024-09-24,1000000.00,4.137146,101.921875
08:00:31,912810UC0,TSRYS5860825,D,S,T,2024-09-24,1000000.00,4.136243,101.9375
08:00:31,912810UC0,TSRYS5860825,D,S,T,2024-09-24,1000000.00,4.138389,101.900390625
08:00:31,912810UC0,TSRYS5860825,D,S,T,2024-09-24,1000000.00,4.138727,101.89453125
08:00:31,912810UC0,TSRYS5860825,D,S,T,2024-09-24,1000000.00,4.138727,101.89453125
08:00:31,912810UC0,TSRYS5860825,D,S,T,2024-09-24,1000000.00,4.138727,101.89453125
08:00:31,912810UC0,TSRYS5860825,D,S,T,2024-09-24,1000000.00,4.138727,101.89453125
08:00:31,912810UC0,TSRYS5860825,D,S,T,2024-09-24,1000000.00,4.138727,101.89453125
08:00:31,912810UC0,TSRYS5860825,D,S,T,2024-09-24,1000000.00,4.138953,101.890625
08:00:31,912810UC0,TSRYS5860825,D,S,T,2024-09-24,1000000.00,4.138953,101.890625
08:00:31,912810UC0,TSRYS5860825,D,S,T,2024-09-24,1000000.00,4.139857,101.875
08:00:31,912810UC0,TSRYS5860825,D,S,T,2024-09-24,1000000.00,4.13805,101.90625
08:00:31,912810UC0,TSRYS5860825,D,S,T,2024-09-24,1000000.00,4.13805,101.90625
08:00:31,912810UC0,TSRYS5860825,D,S,T,2024-09-24,1000000.00,4.138276,101.90234375
08:00:31,912810UC0,TSRYS5860825,D,S,T,2024-09-24,1000000.00,4.138276,101.90234375
08:00:31,912810UC0,TSRYS5860825,D,S,T,2024-09-24,1000000.00,4.138276,101.90234375
08:00:31,912810UC0,TSRYS5860825,D,S,T,2024-09-24,1000000.00,4.138276,101.90234375
08:00:31,912810UC0,TSRYS5860825,D,S,T,2024-09-24,1000000.00,4.138276,101.90234375
08:00:31,912810UC0,TSRYS5860825,D,S,T,2024-09-24,1000000.00,4.13805,101.90625
08:00:31,912810UC0,TSRYS5860825,D,S,T,2024-09-24,1000000.00,4.13805,101.90625
08:00:31,912810UC0,TSRYS5860825,D,S,T,2024-09-24,1000000.00,4.135452,101.951171875
08:00:31,912810UC0,TSRYS5860825,D,S,T,2024-09-24,1000000.00,4.13534,101.953125
08:00:31,912810UC0,TSRYS5860825,D,S,T,2024-09-24,1000000.00,4.139405,101.8828125
08:00:31,912810UC0,TSRYS5860825,D,S,D,2024-09-24,2000000.00,4.139405,101.8828125
08:00:31,912810UC0,TSRYS5860825,D,S,T,2024-09-24,1000000.00,4.139066,101.888671875
08:00:31,912810UC0,TSRYS5860825,D,S,T,2024-09-24,1000000.00,4.138953,101.890625
08:00:31,912810UC0,TSRYS5860825,D,S,T,2024-09-24,1000000.00,4.138953,101.890625
08:00:31,912810UC0,TSRYS5860825,D,S,T,2024-09-24,1000000.00,4.138953,101.890625
08:00:31,912810UC0,TSRYS5860825,D,S,T,2024-09-24,1000000.00,4.140309,101.8671875
08:00:31,912810UC0,TSRYS5860825,D,S,T,2024-09-24,1000000.00,4.140309,101.8671875
08:00:31,912810UC0,TSRYS5860825,D,S,T,2024-09-24,1000000.00,4.140083,101.87109375
08:00:31,912810UC0,TSRYS5860825,D,S,T,2024-09-24,1000000.00,4.13997,101.873046875
08:00:31,912810UC0,TSRYS5860825,D,S,T,2024-09-24,1000000.00,4.139857,101.875
08:00:31,912810UC0,TSRYS5860825,D,S,T,2024-09-24,1000000.00,4.140762,101.859375
08:00:31,912810UC0,TSRYS5860825,D,S,T,2024-09-24,1000000.00,4.139857,101.875
08:00:31,912810UC0,TSRYS5860825,D,S,T,2024-09-24,1000000.00,4.140422,101.865234375
08:00:31,912810UC0,TSRYS5860825,D,S,T,2024-09-24,2000000.00,4.13805,101.90625
08:00:31,912810UC0,TSRYS5860825,D,S,T,2024-09-24,1000000.00,4.137146,101.921875
08:00:31,912810UC0,TSRYS5860825,D,S,T,2024-09-24,1000000.00,4.139066,101.888671875
08:00:31,912810UC0,TSRYS5860825,D,S,T,2024-09-24,1000000.00,4.138953,101.890625
08:00:31,912810UC0,TSRYS5860825,D,S,T,2024-09-24,1000000.00,4.137033,101.923828125
08:00:31,912810UC0,TSRYS5860825,D,S,T,2024-09-24,1000000.00,4.138953,101.890625
08:00:31,912810UC0,TSRYS5860825,D,S,T,2024-09-24,1000000.00,4.139857,101.875
08:00:31,912810UC0,TSRYS5860825,D,S,T,2024-09-24,1000000.00,4.14257,101.828125
08:00:31,912810UC0,TSRYS5860825,D,S,T,2024-09-24,1000000.00,4.14257,101.828125
08:00:31,912810UC0,TSRYS5860825,D,S,T,2024-09-24,1000000.00,4.14257,101.828125
08:00:31,912810UC0,TSRYS5860825,D,S,T,2024-09-24,1000000.00,4.139066,101.888671875
08:00:31,912810UC0,TSRYS5860825,D,S,T,2024-09-24,1000000.00,4.139066,101.888671875
08:00:31,912810UC0,TSRYS5860825,D,S,T,2024-09-24,1000000.00,4.139857,101.875
08:00:31,912810UC0,TSRYS5860825,D,S,T,2024-09-24,1000000.00,4.139857,101.875
08:00:31,912810UC0,TSRYS5860825,D,S,D,2024-09-24,1000000.00,4.136243,101.9375
08:00:31,912810UC0,TSRYS5860825,D,S,D,2024-09-24,1000000.00,4.136017,101.94140625
08:00:31,912810UC0,TSRYS5860825,D,S,T,2024-09-24,1000000.00,4.137146,101.921875
08:00:31,912810UC0,TSRYS5860825,D,S,T,2024-09-24,1000000.00,4.137372,101.91796875
08:00:31,912810UC0,TSRYS5860825,D,S,T,2024-09-24,1000000.00,4.13805,101.90625
08:00:31,912810UC0,TSRYS5860825,D,S,T,2024-09-24,1000000.00,4.136243,101.9375
08:00:31,912810UC0,TSRYS5860825,D,S,T,2024-09-24,1000000.00,4.136243,101.9375
08:00:31,912810UC0,TSRYS5860825,D,S,T,2024-09-24,1000000.00,4.134888,101.9609375
08:00:31,912810UC0,TSRYS5860825,D,S,T,2024-09-24,1000000.00,4.134437,101.96875
08:00:31,912810UC0,TSRYS5860825,D,S,T,2024-09-24,1000000.00,4.134437,101.96875
08:00:31,912810UC0,TSRYS5860825,D,S,T,2024-09-24,1000000.00,4.134437,101.96875
08:00:31,912810UC0,TSRYS5860825,D,S,T,2024-09-24,1000000.00,4.133534,101.984375
08:00:31,912810UC0,TSRYS5860825,D,S,T,2024-09-24,1000000.00,4.133534,101.984375
08:00:31,912810UC0,TSRYS5860825,D,S,T,2024-09-24,1000000.00,4.134211,101.97265625
08:00:31,912810UC0,TSRYS5860825,D,S,T,2024-09-24,1000000.00,4.134437,101.96875
08:00:31,912810UC0,TSRYS5860825,D,S,T,2024-09-24,1000000.00,4.134437,101.96875
08:00:31,912810UC0,TSRYS5860825,D,S,T,2024-09-24,1000000.00,4.134437,101.96875
08:00:31,912810UC0,TSRYS5860825,D,S,T,2024-09-24,1000000.00,4.134662,101.96484375
08:00:31,912810UC0,TSRYS5860825,D,S,T,2024-09-24,1000000.00,4.134549,101.966796875
08:00:31,912810UC0,TSRYS5860825,D,S,T,2024-09-24,1000000.00,4.134437,101.96875
08:00:31,912810UC0,TSRYS5860825,D,S,T,2024-09-24,2000000.00,4.133534,101.984375
08:00:31,912810UC0,TSRYS5860825,D,S,T,2024-09-24,1000000.00,4.133308,101.98828125
08:00:31,912810UC0,TSRYS5860825,D,S,T,2024-09-24,1000000.00,4.134437,101.96875
08:00:31,912810UC0,TSRYS5860825,D,S,T,2024-09-24,1000000.00,4.134437,101.96875
08:00:31,912810UC0,TSRYS5860825,D,S,T,2024-09-24,1000000.00,4.13297,101.994140625
08:00:31,912810UC0,TSRYS5860825,D,S,D,2024-09-24,1000000.00,4.132631,102.0
08:00:31,912810UC0,TSRYS5860825,D,S,T,2024-09-24,1000000.00,4.132631,102.0
08:00:31,912810UC0,TSRYS5860825,D,S,T,2024-09-24,1000000.00,4.132631,102.0
08:00:31,912810UC0,TSRYS5860825,D,S,D,2024-09-24,1000000.00,4.132631,102.0
08:00:31,912810UC0,TSRYS5860825,D,S,T,2024-09-24,1000000.00,4.132631,102.0
08:00:31,912810UC0,TSRYS5860825,D,S,T,2024-09-24,1000000.00,4.133534,101.984375
08:00:31,912810UC0,TSRYS5860825,D,S,T,2024-09-24,1000000.00,4.13534,101.953125
08:00:31,912810UC0,TSRYS5860825,D,S,T,2024-09-24,1000000.00,4.135001,101.958984375
08:00:31,912810UC0,TSRYS5860825,D,S,T,2024-09-24,1000000.00,4.134888,101.9609375
08:00:31,912810UC0,TSRYS5860825,D,S,T,2024-09-24,1000000.00,4.134888,101.9609375
08:00:31,912810UC0,TSRYS5860825,D,S,T,2024-09-24,1000000.00,4.136243,101.9375
08:00:31,912810UC0,TSRYS5860825,D,S,T,2024-09-24,1000000.00,4.13805,101.90625
08:00:31,912810UC0,TSRYS5860825,D,S,T,2024-09-24,1000000.00,4.136469,101.93359375
08:00:31,912810UC0,TSRYS5860825,D,S,T,2024-09-24,1000000.00,4.136243,101.9375
08:00:31,912810UC0,TSRYS5860825,D,S,T,2024-09-24,1000000.00,4.136356,101.935546875
08:00:31,912810UC0,TSRYS5860825,D,S,T,2024-09-24,1000000.00,4.136243,101.9375
08:00:31,912810UC0,TSRYS5860825,D,S,T,2024-09-24,1000000.00,4.136243,101.9375
08:00:31,912810UC0,TSRYS5860825,D,S,T,2024-09-24,1000000.00,4.13534,101.953125
08:00:31,912810UC0,TSRYS5860825,D,S,T,2024-09-24,1000000.00,4.136243,101.9375
08:00:31,912810UC0,TSRYS5860825,D,S,T,2024-09-24,1000000.00,4.137146,101.921875
08:00:31,912810UC0,TSRYS5860825,D,S,T,2024-09-24,1000000.00,4.137146,101.921875
08:00:31,912810UC0,TSRYS5860825,D,S,T,2024-09-24,1000000.00,4.136243,101.9375
08:00:31,912810UC0,TSRYS5860825,D,S,T,2024-09-24,1000000.00,4.136243,101.9375
08:00:31,912810UC0,TSRYS5860825,D,S,T,2024-09-24,1000000.00,4.136243,101.9375
08:00:31,912810UC0,TSRYS5860825,D,S,T,2024-09-24,2000000.00,4.136243,101.9375
08:00:31,912810UC0,TSRYS5860825,D,S,T,2024-09-24,1000000.00,4.136243,101.9375
08:00:31,912810UC0,TSRYS5860825,D,S,T,2024-09-24,1000000.00,4.137146,101.921875
08:00:31,912810UC0,TSRYS5860825,D,S,T,2024-09-24,1000000.00,4.13534,101.953125
08:00:31,912810UC0,TSRYS5860825,D,S,T,2024-09-24,1000000.00,4.136243,101.9375
08:00:31,912810UC0,TSRYS5860825,D,S,T,2024-09-24,1000000.00,4.136243,101.9375
08:00:31,912810UC0,TSRYS5860825,D,S,T,2024-09-24,1000000.00,4.136243,101.9375
08:00:31,912810UC0,TSRYS5860825,D,S,T,2024-09-24,1000000.00,4.136243,101.9375
08:00:31,912810UC0,TSRYS5860825,D,S,T,2024-09-24,1000000.00,4.136243,101.9375
08:00:31,912810UC0,TSRYS5860825,D,S,T,2024-09-24,1000000.00,4.136243,101.9375
08:00:31,912810UC0,TSRYS5860825,D,S,T,2024-09-24,1000000.00,4.136243,101.9375
08:00:31,912810UC0,TSRYS5860825,D,S,T,2024-09-24,1000000.00,4.136243,101.9375
08:00:32,912810UC0,TSRYS5860825,D,S,T,2024-09-24,1000000.00,4.138953,101.890625
08:00:32,912810UC0,TSRYS5860825,D,S,T,2024-09-24,1000000.00,4.138953,101.890625
08:00:32,912810UC0,TSRYS5860825,D,S,T,2024-09-24,1000000.00,4.138953,101.890625
08:00:32,912810UC0,TSRYS5860825,D,S,T,2024-09-24,1000000.00,4.138953,101.890625
08:00:32,912810UC0,TSRYS5860825,D,S,T,2024-09-24,1000000.00,4.138953,101.890625
08:00:32,912810UC0,TSRYS5860825,D,S,T,2024-09-24,1000000.00,4.138953,101.890625
08:00:32,912810UC0,TSRYS5860825,D,S,T,2024-09-24,1000000.00,4.138953,101.890625
08:00:32,912810UC0,TSRYS5860825,D,S,T,2024-09-24,1000000.00,4.138953,101.890625
08:00:32,912810UC0,TSRYS5860825,D,S,T,2024-09-24,1000000.00,4.140648,101.861328125
08:00:32,912810UC0,TSRYS5860825,D,S,T,2024-09-24,1000000.00,4.141666,101.84375
08:00:32,912810UC0,TSRYS5860825,D,S,T,2024-09-24,1000000.00,4.141214,101.8515625
08:00:32,912810UC0,TSRYS5860825,D,S,T,2024-09-24,1000000.00,4.141666,101.84375
08:00:32,912810UC0,TSRYS5860825,D,S,T,2024-09-24,1000000.00,4.141666,101.84375
08:00:32,912810UC0,TSRYS5860825,D,S,T,2024-09-24,1000000.00,4.141666,101.84375
08:00:32,912810UC0,TSRYS5860825,D,S,T,2024-09-24,1000000.00,4.141666,101.84375
08:00:32,912810UC0,TSRYS5860825,D,S,T,2024-09-24,1000000.00,4.14257,101.828125
08:00:32,912810UC0,TSRYS5860825,D,S,T,2024-09-24,1000000.00,4.14257,101.828125
08:00:32,912810UC0,TSRYS5860825,D,S,T,2024-09-24,1000000.00,4.14257,101.828125
08:00:32,912810UC0,TSRYS5860825,D,S,T,2024-09-24,1000000.00,4.14257,101.828125
08:00:32,912810UC0,TSRYS5860825,D,S,T,2024-09-24,1000000.00,4.14257,101.828125
08:00:32,912810UC0,TSRYS5860825,D,S,T,2024-09-24,1000000.00,4.14438,101.796875
08:00:32,912810UC0,TSRYS5860825,D,S,T,2024-09-24,1000000.00,4.14438,101.796875
08:00:32,912810UC0,TSRYS5860825,D,S,T,2024-09-24,1000000.00,4.14438,101.796875
08:00:32,912810UC0,TSRYS5860825,D,S,T,2024-09-24,1000000.00,4.143701,101.80859375
08:00:32,912810UC0,TSRYS5860825,D,S,T,2024-09-24,1000000.00,4.140762,101.859375
08:00:32,912810UC0,TSRYS5860825,D,S,T,2024-09-24,1000000.00,4.140309,101.8671875
08:00:32,912810UC0,TSRYS5860825,D,S,T,2024-09-24,1000000.00,4.140309,101.8671875
08:00:32,912810UC0,TSRYS5860825,D,S,D,2024-09-24,1000000.00,4.140309,101.8671875
08:00:32,912810UC0,TSRYS5860825,D,S,D,2024-09-24,1000000.00,4.140309,101.8671875
08:00:32,912810UC0,TSRYS5860825,D,S,D,2024-09-24,1000000.00,4.14257,101.828125
08:00:32,912810UC0,TSRYS5860825,D,S,T,2024-09-24,1000000.00,4.14144,101.84765625
08:00:32,912810UC0,TSRYS5860825,D,S,T,2024-09-24,1000000.00,4.141327,101.849609375
08:00:32,912810UC0,TSRYS5860825,D,S,T,2024-09-24,1000000.00,4.141327,101.849609375
08:00:32,912810UC0,TSRYS5860825,D,S,T,2024-09-24,1000000.00,4.14257,101.828125
08:00:32,912810UC0,TSRYS5860825,D,S,T,2024-09-24,1000000.00,4.14257,101.828125
08:00:32,912810UC0,TSRYS5860825,D,S,T,2024-09-24,1000000.00,4.14257,101.828125
08:00:32,912810UC0,TSRYS5860825,D,S,T,2024-09-24,1000000.00,4.14257,101.828125
08:00:32,912810UC0,TSRYS5860825,D,S,T,2024-09-24,1000000.00,4.143475,101.8125
08:00:32,912810UC0,TSRYS5860825,D,S,D,2024-09-24,1000000.00,4.091098,102.72265625
08:00:32,912810UC0,TSRYS5860825,D,S,D,2024-09-24,1000000.00,4.091321,102.71875
08:00:32,912810UC0,TSRYS5860825,D,S,D,2024-09-24,1000000.00,4.090874,102.7265625
08:00:32,912810UC0,TSRYS5860825,D,S,D,2024-09-24,1000000.00,4.092885,102.69140625
08:00:32,912810UC0,TSRYS5860825,D,S,D,2024-09-24,1000000.00,4.089981,102.7421875
08:00:32,912810UC0,TSRYS5860825,D,S,D,2024-09-24,1000000.00,4.089534,102.75
08:00:32,912810UC0,TSRYS5860825,D,S,D,2024-09-24,1000000.00,4.090204,102.73828125
08:00:32,912810UC0,TSRYS5860825,D,S,D,2024-09-24,1000000.00,4.089757,102.74609375
08:00:32,912810UC0,TSRYS5860825,D,S,D,2024-09-24,1000000.00,4.089534,102.75
08:00:32,912810UC0,TSRYS5860825,D,S,D,2024-09-24,1000000.00,4.089534,102.75
08:00:32,912810UC0,TSRYS5860825,D,S,D,2024-09-24,1000000.00,4.089534,102.75
08:00:32,912810UC0,TSRYS5860825,D,S,D,2024-09-24,1000000.00,4.089534,102.75
08:00:32,912810UC0,TSRYS5860825,D,S,D,2024-09-24,1000000.00,4.089534,102.75
08:00:32,912810UC0,TSRYS5860825,D,S,D,2024-09-24,1000000.00,4.089534,102.75
08:00:32,912810UC0,TSRYS5860825,D,S,D,2024-09-24,1000000.00,4.089534,102.75
08:00:32,912810UC0,TSRYS5860825,D,S,D,2024-09-24,1000000.00,4.089534,102.75
08:00:32,912810UC0,TSRYS5860825,D,S,D,2024-09-24,1000000.00,4.104299,102.4921875
08:00:32,912810UC0,TSRYS5860825,D,S,D,2024-09-24,1000000.00,4.104299,102.4921875
08:00:32,912810UC0,TSRYS5860825,D,S,D,2024-09-24,1000000.00,4.101162,102.546875
08:00:32,912810UC0,TSRYS5860825,D,S,D,2024-09-24,1000000.00,4.102058,102.53125
08:00:32,912810UC0,TSRYS5860825,D,S,D,2024-09-24,1000000.00,4.102282,102.52734375
08:00:32,912810UC0,TSRYS5860825,D,S,D,2024-09-24,1000000.00,4.096463,102.62890625
08:00:32,912810UC0,TSRYS5860825,D,S,D,2024-09-24,1000000.00,4.096686,102.625
08:00:32,912810UC0,TSRYS5860825,D,S,D,2024-09-24,1000000.00,4.09691,102.62109375
08:00:32,912810UC0,TSRYS5860825,D,S,D,2024-09-24,1000000.00,4.09691,102.62109375
08:00:32,912810UC0,TSRYS5860825,D,S,D,2024-09-24,1000000.00,4.10811,102.42578125
08:00:32,912810UC0,TSRYS5860825,D,S,D,2024-09-24,1000000.00,4.116193,102.28515625
08:00:32,912810UC0,TSRYS5860825,D,S,D,2024-09-24,1000000.00,4.115294,102.30078125
08:00:32,912810UC0,TSRYS5860825,D,S,D,2024-09-24,1000000.00,4.115294,102.30078125
08:00:32,912810UC0,TSRYS5860825,D,S,D,2024-09-24,1000000.00,4.115294,102.30078125
08:00:32,912810UC0,TSRYS5860825,D,S,D,2024-09-24,1000000.00,4.119565,102.2265625
08:00:32,912810UC0,TSRYS5860825,D,S,D,2024-09-24,1000000.00,4.119341,102.23046875
08:00:32,912810UC0,TSRYS5860825,D,S,D,2024-09-24,1000000.00,4.120915,102.203125
08:00:32,912810UC0,TSRYS5860825,D,S,D,2024-09-24,1000000.00,4.120915,102.203125
08:00:32,912810UC0,TSRYS5860825,D,S,D,2024-09-24,1000000.00,4.120915,102.203125
08:00:32,912810UC0,TSRYS5860825,D,S,D,2024-09-24,1000000.00,4.123166,102.1640625
08:00:32,912810UC0,TSRYS5860825,D,S,D,2024-09-24,1000000.00,4.13534,101.953125
08:00:32,912810UC0,TSRYS5860825,D,S,D,2024-09-24,1000000.00,4.136017,101.94140625
08:00:32,912810UC0,TSRYS5860825,D,S,D,2024-09-24,1000000.00,4.135791,101.9453125
08:00:32,912810UC0,TSRYS5860825,D,S,D,2024-09-24,1000000.00,4.136243,101.9375
08:00:32,912810UC0,TSRYS5860825,D,S,D,2024-09-24,1000000.00,4.136243,101.9375
08:00:32,912810UC0,TSRYS5860825,D,S,D,2024-09-24,1000000.00,4.13692,101.92578125
08:00:32,912810UC0,TSRYS5860825,D,S,D,2024-09-24,1000000.00,4.137824,101.91015625
08:00:32,912810UC0,TSRYS5860825,D,S,D,2024-09-24,1000000.00,4.137824,101.91015625
08:00:32,912810UC0,TSRYS5860825,D,S,D,2024-09-24,1000000.00,4.13805,101.90625
08:00:32,912810UC0,TSRYS5860825,D,S,D,2024-09-24,1000000.00,4.137824,101.91015625
08:00:32,912810UC0,TSRYS5860825,D,S,D,2024-09-24,1000000.00,4.138276,101.90234375
08:00:32,912810UC0,TSRYS5860825,D,S,D,2024-09-24,1000000.00,4.138502,101.8984375
08:00:32,912810UC0,TSRYS5860825,D,S,D,2024-09-24,1000000.00,4.138502,101.8984375
08:00:32,912810UC0,TSRYS5860825,D,S,D,2024-09-24,1000000.00,4.136694,101.9296875
08:00:32,912810UC0,TSRYS5860825,D,S,D,2024-09-24,1000000.00,4.13692,101.92578125
08:00:32,912810UC0,TSRYS5860825,D,S,D,2024-09-24,1000000.00,4.136694,101.9296875
08:00:32,912810UC0,TSRYS5860825,D,S,D,2024-09-24,1000000.00,4.137824,101.91015625
08:00:32,912810UC0,TSRYS5860825,D,S,D,2024-09-24,1000000.00,4.137824,101.91015625
08:00:32,912810UC0,TSRYS5860825,D,S,D,2024-09-24,1000000.00,4.137824,101.91015625
08:00:32,912810UC0,TSRYS5860825,D,S,D,2024-09-24,1000000.00,4.137598,101.9140625
08:00:32,912810UC0,TSRYS5860825,D,S,D,2024-09-24,1000000.00,4.13805,101.90625
08:00:32,912810UC0,TSRYS5860825,D,S,D,2024-09-24,1000000.00,4.139405,101.8828125
08:00:32,912810UC0,TSRYS5860825,D,S,D,2024-09-24,1000000.00,4.139179,101.88671875
08:00:32,912810UC0,TSRYS5860825,D,S,D,2024-09-24,1000000.00,4.136017,101.94140625
08:00:32,912810UC0,TSRYS5860825,D,S,D,2024-09-24,1000000.00,4.140309,101.8671875
08:00:32,912810UC0,TSRYS5860825,D,S,D,2024-09-24,1000000.00,4.140309,101.8671875
08:00:32,912810UC0,TSRYS5860825,D,S,D,2024-09-24,1000000.00,4.140083,101.87109375
08:00:32,912810UC0,TSRYS5860825,D,S,D,2024-09-24,1000000.00,4.139857,101.875
08:00:32,912810UC0,TSRYS5860825,D,S,D,2024-09-24,1000000.00,4.137824,101.91015625
08:00:32,912810UC0,TSRYS5860825,D,S,D,2024-09-24,1000000.00,4.139405,101.8828125
08:00:32,912810UC0,TSRYS5860825,D,S,D,2024-09-24,1000000.00,4.139405,101.8828125
08:00:32,912810UC0,TSRYS5860825,D,S,D,2024-09-24,1000000.00,4.140309,101.8671875
08:00:32,912810UC0,TSRYS5860825,D,S,D,2024-09-24,1000000.00,4.140535,101.86328125
08:00:32,912810UC0,TSRYS5860825,D,S,D,2024-09-24,1000000.00,4.140535,101.86328125
08:00:32,912810UC0,TSRYS5860825,D,S,D,2024-09-24,1000000.00,4.143249,101.81640625
08:00:32,912810UC0,TSRYS5860825,D,S,D,2024-09-24,1000000.00,4.139631,101.87890625
08:00:32,912810UC0,TSRYS5860825,D,S,D,2024-09-24,1000000.00,4.137598,101.9140625
08:00:32,912810UC0,TSRYS5860825,D,S,D,2024-09-24,1000000.00,4.137824,101.91015625
08:00:32,912810UC0,TSRYS5860825,D,S,D,2024-09-24,1000000.00,4.137824,101.91015625
08:00:32,912810UC0,TSRYS5860825,D,S,D,2024-09-24,1000000.00,4.138727,101.89453125
08:00:32,912810UC0,TSRYS5860825,D,S,D,2024-09-24,1000000.00,4.137146,101.921875
08:00:32,912810UC0,TSRYS5860825,D,S,D,2024-09-24,1000000.00,4.136694,101.9296875
08:00:32,912810UC0,TSRYS5860825,D,S,D,2024-09-24,1000000.00,4.135114,101.95703125
08:00:32,912810UC0,TSRYS5860825,D,S,D,2024-09-24,1000000.00,4.135114,101.95703125
08:00:32,912810UC0,TSRYS5860825,D,S,D,2024-09-24,1000000.00,4.134662,101.96484375
08:00:32,912810UC0,TSRYS5860825,D,S,D,2024-09-24,1000000.00,4.133082,101.9921875
08:00:32,912810UC0,TSRYS5860825,D,S,D,2024-09-24,1000000.00,4.133082,101.9921875
08:00:32,912810UC0,TSRYS5860825,D,S,D,2024-09-24,1000000.00,4.133985,101.9765625
08:00:32,912810UC0,TSRYS5860825,D,S,D,2024-09-24,1000000.00,4.134437,101.96875
08:00:32,912810UC0,TSRYS5860825,D,S,D,2024-09-24,1000000.00,4.134211,101.97265625
08:00:32,912810UC0,TSRYS5860825,D,S,D,2024-09-24,1000000.00,4.132631,102.0
08:00:32,912810UC0,TSRYS5860825,D,S,D,2024-09-24,1000000.00,4.132631,102.0
08:00:32,912810UC0,TSRYS5860825,D,S,D,2024-09-24,1000000.00,4.133082,101.9921875
08:00:32,912810UC0,TSRYS5860825,D,S,D,2024-09-24,1000000.00,4.132857,101.99609375
08:00:32,912810UC0,TSRYS5860825,D,S,D,2024-09-24,1000000.00,4.132857,101.99609375
08:00:32,912810UC0,TSRYS5860825,D,S,D,2024-09-24,1000000.00,4.13805,101.90625
08:00:32,912810UC0,TSRYS5860825,D,S,D,2024-09-24,1000000.00,4.137824,101.91015625
08:00:32,912810UC0,TSRYS5860825,D,S,D,2024-09-24,1000000.00,4.14144,101.84765625
08:00:32,912810UC0,TSRYS5860825,D,S,D,2024-09-24,1000000.00,4.141214,101.8515625
08:00:32,912810UC0,TSRYS5860825,D,S,D,2024-09-24,1000000.00,4.14144,101.84765625
08:00:32,912810UC0,TSRYS5860825,D,S,D,2024-09-24,1000000.00,4.14144,101.84765625
08:00:32,912810UC0,TSRYS5860825,D,S,D,2024-09-24,1000000.00,4.141666,101.84375
08:00:32,912810UC0,TSRYS5860825,D,S,D,2024-09-24,1000000.00,4.14144,101.84765625
08:00:32,912810UC0,TSRYS5860825,D,S,D,2024-09-24,1000000.00,4.14144,101.84765625
08:00:32,912810UC0,TSRYS5860825,D,S,D,2024-09-24,1000000.00,4.14144,101.84765625
08:00:32,912810UC0,TSRYS5860825,D,S,D,2024-09-24,1000000.00,4.14144,101.84765625
08:00:32,912810UC0,TSRYS5860825,D,S,D,2024-09-24,1000000.00,4.14144,101.84765625
08:00:32,912810UC0,TSRYS5860825,D,S,D,2024-09-24,1000000.00,4.142118,101.8359375
08:00:32,912810UC0,TSRYS5860825,D,S,D,2024-09-24,1000000.00,4.142118,101.8359375
08:00:32,912810UC0,TSRYS5860825,D,S,D,2024-09-24,1000000.00,4.14257,101.828125
08:00:32,912810UC0,TSRYS5860825,D,S,D,2024-09-24,1000000.00,4.142344,101.83203125
08:00:32,912810UC0,TSRYS5860825,D,S,D,2024-09-24,1000000.00,4.143928,101.8046875
08:00:32,912810UC0,TSRYS5860825,D,S,D,2024-09-24,1000000.00,4.14438,101.796875
08:00:32,912810UC0,TSRYS5860825,D,S,D,2024-09-24,1000000.00,4.144154,101.80078125
08:00:32,912810UC0,TSRYS5860825,D,S,D,2024-09-24,1000000.00,4.144154,101.80078125
08:00:32,912810UC0,TSRYS5860825,D,S,D,2024-09-24,1000000.00,4.144154,101.80078125
08:00:32,912810UC0,TSRYS5860825,D,S,D,2024-09-24,1000000.00,4.144606,101.79296875
08:00:32,912810UC0,TSRYS5860825,D,S,D,2024-09-24,1000000.00,4.140309,101.8671875
08:00:32,912810UC0,TSRYS5860825,D,S,D,2024-09-24,1000000.00,4.141214,101.8515625
08:00:32,912810UC0,TSRYS5860825,D,S,D,2024-09-24,1000000.00,4.143249,101.81640625
08:00:32,912810UC0,TSRYS5860825,D,S,D,2024-09-24,1000000.00,4.14257,101.828125
08:00:32,912810UC0,TSRYS5860825,D,S,D,2024-09-24,1000000.00,4.142344,101.83203125
08:00:32,912810UC0,TSRYS5860825,D,S,D,2024-09-24,1000000.00,4.087525,102.78515625
08:00:32,912810UC0,TSRYS5860825,D,S,D,2024-09-24,1000000.00,4.087302,102.7890625
08:00:32,912810UC0,TSRYS5860825,D,S,D,2024-09-24,1000000.00,4.086967,102.794921875
08:00:32,912810UC0,TSRYS5860825,D,S,D,2024-09-24,1000000.00,4.091209,102.720703125
08:00:32,912810UC0,TSRYS5860825,D,S,D,2024-09-24,1000000.00,4.090763,102.728515625
08:00:32,912810UC0,TSRYS5860825,D,S,D,2024-09-24,1000000.00,4.090651,102.73046875
08:00:32,912810UC0,TSRYS5860825,D,S,D,2024-09-24,1000000.00,4.090539,102.732421875
08:00:32,912810UC0,TSRYS5860825,D,S,D,2024-09-24,1000000.00,4.091209,102.720703125
08:00:32,912810UC0,TSRYS5860825,D,S,D,2024-09-24,1000000.00,4.09814,102.599609375
08:00:32,912810UC0,TSRYS5860825,D,S,D,2024-09-24,1000000.00,4.098924,102.5859375
08:00:32,912810UC0,TSRYS5860825,D,S,D,2024-09-24,1000000.00,4.099707,102.572265625
08:00:32,912810UC0,TSRYS5860825,D,S,D,2024-09-24,1000000.00,4.099371,102.578125
08:00:32,912810UC0,TSRYS5860825,D,S,D,2024-09-24,1000000.00,4.101162,102.546875
08:00:32,912810UC0,TSRYS5860825,D,S,D,2024-09-24,1000000.00,4.101162,102.546875
08:00:32,912810UC0,TSRYS5860825,D,S,D,2024-09-24,1000000.00,4.10329,102.509765625
08:00:32,912810UC0,TSRYS5860825,D,S,D,2024-09-24,1000000.00,4.104187,102.494140625
08:00:32,912810UC0,TSRYS5860825,D,S,D,2024-09-24,1000000.00,4.104187,102.494140625
08:00:32,912810UC0,TSRYS5860825,D,S,D,2024-09-24,1000000.00,4.101162,102.546875
08:00:32,912810UC0,TSRYS5860825,D,S,D,2024-09-24,2000000.00,4.13534,101.953125
08:00:32,912810UC0,TSRYS5860825,D,S,D,2024-09-24,1000000.00,4.13534,101.953125
08:00:32,912810UC0,TSRYS5860825,D,S,D,2024-09-24,2000000.00,4.13534,101.953125
08:00:32,912810UC0,TSRYS5860825,D,S,D,2024-09-24,600000.00,4.136017,101.94140625
08:00:32,912810UC0,TSRYS5860825,D,S,D,2024-09-24,1000000.00,4.135791,101.9453125
08:00:32,912810UC0,TSRYS5860825,D,S,D,2024-09-24,1000000.00,4.135565,101.94921875
08:00:33,912810UC0,TSRYS5860825,D,S,D,2024-09-24,1000000.00,4.11462,102.3125
08:00:33,912810UC0,TSRYS5860825,D,S,D,2024-09-24,1000000.00,4.11462,102.3125
08:00:33,912810UC0,TSRYS5860825,D,S,D,2024-09-24,3000000.00,4.11462,102.3125
08:00:33,912810UC0,TSRYS5860825,D,S,D,2024-09-24,1000000.00,4.119565,102.2265625
08:00:33,912810UC0,TSRYS5860825,D,S,D,2024-09-24,1000000.00,4.119565,102.2265625
08:00:33,912810UC0,TSRYS5860825,D,S,D,2024-09-24,1000000.00,4.117766,102.2578125
08:00:33,912810UC0,TSRYS5860825,D,S,D,2024-09-24,1000000.00,4.117879,102.255859375
08:00:33,912810UC0,TSRYS5860825,D,S,D,2024-09-24,2000000.00,4.121815,102.1875
08:00:33,912810UC0,TSRYS5860825,D,S,D,2024-09-24,2000000.00,4.121815,102.1875
08:00:33,912810UC0,TSRYS5860825,D,S,D,2024-09-24,1000000.00,4.121815,102.1875
08:00:33,912810UC0,TSRYS5860825,D,S,D,2024-09-24,1000000.00,4.132631,102.0
08:00:33,912810UC0,TSRYS5860825,D,S,D,2024-09-24,1000000.00,4.133082,101.9921875
08:00:33,912810UC0,TSRYS5860825,D,S,D,2024-09-24,1000000.00,4.135227,101.955078125
08:00:33,912810UC0,TSRYS5860825,D,S,D,2024-09-24,1000000.00,4.135227,101.955078125
08:00:33,912810UC0,TSRYS5860825,D,S,D,2024-09-24,1000000.00,4.135114,101.95703125
08:00:33,912810UC0,TSRYS5860825,D,S,D,2024-09-24,1000000.00,4.135114,101.95703125
08:00:33,912810UC0,TSRYS5860825,D,S,D,2024-09-24,1000000.00,4.136807,101.927734375
08:00:33,912810UC0,TSRYS5860825,D,S,D,2024-09-24,1000000.00,4.136469,101.93359375
08:00:33,912810UC0,TSRYS5860825,D,S,D,2024-09-24,1000000.00,4.136243,101.9375
08:00:33,912810UC0,TSRYS5860825,D,S,D,2024-09-24,1000000.00,4.136356,101.935546875
08:00:33,912810UC0,TSRYS5860825,D,S,D,2024-09-24,1000000.00,4.137937,101.908203125
08:00:33,912810UC0,TSRYS5860825,D,S,D,2024-09-24,1000000.00,4.138727,101.89453125
08:00:33,912810UC0,TSRYS5860825,D,S,D,2024-09-24,1000000.00,4.138953,101.890625
08:00:33,912810UC0,TSRYS5860825,D,S,D,2024-09-24,1000000.00,4.13805,101.90625
08:00:33,912810UC0,TSRYS5860825,D,S,D,2024-09-24,1000000.00,4.13805,101.90625
08:00:33,912810UC0,TSRYS5860825,D,S,D,2024-09-24,1000000.00,4.137824,101.91015625
08:00:33,912810UC0,TSRYS5860825,D,S,D,2024-09-24,1000000.00,4.137824,101.91015625
08:00:33,912810UC0,TSRYS5860825,D,S,D,2024-09-24,1000000.00,4.137824,101.91015625
08:00:33,912810UC0,TSRYS5860825,D,S,D,2024-09-24,1000000.00,4.137824,101.91015625
08:00:33,912810UC0,TSRYS5860825,D,S,D,2024-09-24,1000000.00,4.136243,101.9375
08:00:33,912810UC0,TSRYS5860825,D,S,D,2024-09-24,1000000.00,4.137937,101.908203125
08:00:33,912810UC0,TSRYS5860825,D,S,D,2024-09-24,1000000.00,4.137937,101.908203125
08:00:33,912810UC0,TSRYS5860825,D,S,D,2024-09-24,1000000.00,4.13884,101.892578125
08:00:33,912810UC0,TSRYS5860825,D,S,D,2024-09-24,1000000.00,4.138727,101.89453125
08:00:33,912810UC0,TSRYS5860825,D,S,D,2024-09-24,1000000.00,4.140422,101.865234375
08:00:33,912810UC0,TSRYS5860825,D,S,D,2024-09-24,1000000.00,4.140422,101.865234375
08:00:33,912810UC0,TSRYS5860825,D,S,D,2024-09-24,1000000.00,4.140422,101.865234375
08:00:33,912810UC0,TSRYS5860825,D,S,D,2024-09-24,1000000.00,4.140422,101.865234375
08:00:33,912810UC0,TSRYS5860825,D,S,D,2024-09-24,1000000.00,4.140083,101.87109375
08:00:33,912810UC0,TSRYS5860825,D,S,D,2024-09-24,1000000.00,4.140083,101.87109375
08:00:33,912810UC0,TSRYS5860825,D,S,D,2024-09-24,1000000.00,4.140309,101.8671875
08:00:33,912810UC0,TSRYS5860825,D,S,D,2024-09-24,1000000.00,4.136243,101.9375
08:00:33,912810UC0,TSRYS5860825,D,S,D,2024-09-24,1000000.00,4.136243,101.9375
08:00:33,912810UC0,TSRYS5860825,D,S,D,2024-09-24,1000000.00,4.136243,101.9375
08:00:33,912810UC0,TSRYS5860825,D,S,D,2024-09-24,1000000.00,4.141327,101.849609375
08:00:33,912810UC0,TSRYS5860825,D,S,D,2024-09-24,1000000.00,4.141214,101.8515625
08:00:33,912810UC0,TSRYS5860825,D,S,D,2024-09-24,1000000.00,4.141214,101.8515625
08:00:33,912810UC0,TSRYS5860825,D,S,D,2024-09-24,1000000.00,4.133985,101.9765625
08:00:33,912810UC0,TSRYS5860825,D,S,D,2024-09-24,1000000.00,4.131729,102.015625
08:00:33,912810UC0,TSRYS5860825,D,S,D,2024-09-24,1000000.00,4.131842,102.013671875
08:00:33,912810UC0,TSRYS5860825,D,S,D,2024-09-24,1000000.00,4.133872,101.978515625
08:00:33,912810UC0,TSRYS5860825,D,S,D,2024-09-24,1000000.00,4.133759,101.98046875
08:00:33,912810UC0,TSRYS5860825,D,S,D,2024-09-24,1000000.00,4.133195,101.990234375
08:00:33,912810UC0,TSRYS5860825,D,S,D,2024-09-24,1000000.00,4.133195,101.990234375
08:00:33,912810UC0,TSRYS5860825,D,S,D,2024-09-24,1000000.00,4.133308,101.98828125
08:00:33,912810UC0,TSRYS5860825,D,S,D,2024-09-24,1000000.00,4.134775,101.962890625
08:00:33,912810UC0,TSRYS5860825,D,S,D,2024-09-24,1000000.00,4.134324,101.970703125
08:00:33,912810UC0,TSRYS5860825,D,S,D,2024-09-24,1000000.00,4.135227,101.955078125
08:00:33,912810UC0,TSRYS5860825,D,S,D,2024-09-24,1000000.00,4.135227,101.955078125
08:00:33,912810UC0,TSRYS5860825,D,S,D,2024-09-24,1000000.00,4.144606,101.79296875
08:00:33,912810UC0,TSRYS5860825,D,S,D,2024-09-24,1000000.00,4.14291,101.822265625
08:00:33,912810UC0,TSRYS5860825,D,S,D,2024-09-24,1000000.00,4.142005,101.837890625
08:00:33,912810UC0,TSRYS5860825,D,S,T,2024-09-24,1000000.00,4.091321,102.71875
08:00:33,912810UC0,TSRYS5860825,D,S,T,2024-09-24,1000000.00,4.091209,102.720703125
08:00:33,912810UC0,TSRYS5860825,D,S,T,2024-09-24,1000000.00,4.091098,102.72265625
08:00:33,912810UC0,TSRYS5860825,D,S,T,2024-09-24,1000000.00,4.090986,102.724609375
08:00:33,912810UC0,TSRYS5860825,D,S,T,2024-09-24,1000000.00,4.090874,102.7265625
08:00:33,912810UC0,TSRYS5860825,D,S,T,2024-09-24,1000000.00,4.090427,102.734375
08:00:33,912810UC0,TSRYS5860825,D,S,T,2024-09-24,1000000.00,4.090651,102.73046875
08:00:33,912810UC0,TSRYS5860825,D,S,T,2024-09-24,1000000.00,4.090539,102.732421875
08:00:33,912810UC0,TSRYS5860825,D,S,T,2024-09-24,1000000.00,4.090427,102.734375
08:00:33,912810UC0,TSRYS5860825,D,S,T,2024-09-24,1000000.00,4.090651,102.73046875
08:00:33,912810UC0,TSRYS5860825,D,S,T,2024-09-24,1000000.00,4.090539,102.732421875
08:00:33,912810UC0,TSRYS5860825,D,S,T,2024-09-24,1000000.00,4.089757,102.74609375
08:00:33,912810UC0,TSRYS5860825,D,S,T,2024-09-24,1000000.00,4.091209,102.720703125
08:00:33,912810UC0,TSRYS5860825,D,S,T,2024-09-24,1000000.00,4.096463,102.62890625
08:00:33,912810UC0,TSRYS5860825,D,S,T,2024-09-24,1000000.00,4.099707,102.572265625
08:00:33,912810UC0,TSRYS5860825,D,S,T,2024-09-24,1000000.00,4.103402,102.5078125
08:00:33,912810UC0,TSRYS5860825,D,S,T,2024-09-24,1000000.00,4.104299,102.4921875
08:00:33,912810UC0,TSRYS5860825,D,S,T,2024-09-24,1000000.00,4.104299,102.4921875
08:00:33,912810UC0,TSRYS5860825,D,S,T,2024-09-24,1000000.00,4.101162,102.546875
08:00:33,912810UC0,TSRYS5860825,D,S,T,2024-09-24,1000000.00,4.101386,102.54296875
08:00:33,912810UC0,TSRYS5860825,D,S,T,2024-09-24,1000000.00,4.101274,102.544921875
08:00:33,912810UC0,TSRYS5860825,D,S,T,2024-09-24,1000000.00,4.101162,102.546875
08:00:33,912810UC0,TSRYS5860825,D,S,T,2024-09-24,1000000.00,4.097469,102.611328125
08:00:33,912810UC0,TSRYS5860825,D,S,T,2024-09-24,1000000.00,4.096574,102.626953125
08:00:33,912810UC0,TSRYS5860825,D,S,T,2024-09-24,1000000.00,4.096686,102.625
08:00:33,912810UC0,TSRYS5860825,D,S,T,2024-09-24,1000000.00,4.097245,102.615234375
08:00:33,912810UC0,TSRYS5860825,D,S,T,2024-09-24,1000000.00,4.097022,102.619140625
08:00:33,912810UC0,TSRYS5860825,D,S,T,2024-09-24,1000000.00,4.117879,102.255859375
08:00:33,912810UC0,TSRYS5860825,D,S,T,2024-09-24,1000000.00,4.115182,102.302734375
08:00:33,912810UC0,TSRYS5860825,D,S,T,2024-09-24,1000000.00,4.113946,102.32421875
08:00:33,912810UC0,TSRYS5860825,D,S,T,2024-09-24,1000000.00,4.112936,102.341796875
08:00:33,912810UC0,TSRYS5860825,D,S,T,2024-09-24,2000000.00,4.112936,102.341796875
08:00:33,912810UC0,TSRYS5860825,D,S,T,2024-09-24,1000000.00,4.112936,102.341796875
08:00:33,912810UC0,TSRYS5860825,D,S,T,2024-09-24,1000000.00,4.113722,102.328125
08:00:33,912810UC0,TSRYS5860825,D,S,T,2024-09-24,1000000.00,4.119678,102.224609375
08:00:33,912810UC0,TSRYS5860825,D,S,T,2024-09-24,1000000.00,4.119565,102.2265625
08:00:33,912810UC0,TSRYS5860825,D,S,T,2024-09-24,1000000.00,4.119453,102.228515625
08:00:33,912810UC0,TSRYS5860825,D,S,T,2024-09-24,1000000.00,4.119341,102.23046875
08:00:33,912810UC0,TSRYS5860825,D,S,T,2024-09-24,1000000.00,4.119228,102.232421875
08:00:33,912810UC0,TSRYS5860825,D,S,T,2024-09-24,1000000.00,4.120915,102.203125
08:00:33,912810UC0,TSRYS5860825,D,S,T,2024-09-24,1000000.00,4.121028,102.201171875
08:00:33,912810UC0,TSRYS5860825,D,S,T,2024-09-24,1000000.00,4.120915,102.203125
08:00:33,912810UC0,TSRYS5860825,D,S,T,2024-09-24,1000000.00,4.120578,102.208984375
08:00:33,912810UC0,TSRYS5860825,D,B,C,2024-09-24,27000000.00,4.120915,102.203125
08:00:33,912810UC0,TSRYS5860825,D,B,A,2024-09-24,20000000.00,4.102058,102.53125
08:00:33,912810UC0,TSRYS5860825,D,S,A,2024-09-24,10000000.00,4.088641,102.765625
08:00:33,912810UC0,TSRYS5860825,D,B,A,2024-09-24,5000000.00,4.084401,102.83984375
08:00:33,912810UC0,TSRYS5860825,D,B,A,2024-09-24,3000000.00,4.090874,102.7265625
08:00:33,912810UC0,TSRYS5860825,D,B,A,2024-09-24,5000000.00,4.08507,102.828125
08:00:33,912810UC0,TSRYS5860825,D,S,A,2024-09-24,5000000.00,4.089311,102.75390625
08:00:33,912810UC0,TSRYS5860825,D,S,A,2024-09-24,10000000.00,4.088641,102.765625
08:00:33,912810UC0,TSRYS5860825,D,B,A,2024-09-24,4000000.00,4.091256,102.71875
08:00:33,912810UC0,TSRYS5860825,D,B,A,2024-09-24,2000000.00,4.094003,102.671875
08:00:33,912810UC0,TSRYS5860825,D,S,T,2024-09-24,1000000.00,4.090427,102.734375
08:00:33,912810UC0,TSRYS5860825,D,S,T,2024-09-24,1000000.00,4.090427,102.734375
08:00:33,912810UC0,TSRYS5860825,D,S,C,2024-09-24,1000000.00,4.09445,102.6640625
08:00:33,912810UC0,TSRYS5860825,D,S,C,2024-09-24,1000000.00,4.09445,102.6640625
08:00:33,912810UC0,TSRYS5860825,D,S,A,2024-09-24,430000.00,4.09511,102.65234375
08:00:33,912810UC0,TSRYS5860825,D,B,C,2024-09-24,1000000.00,4.100939,102.55078125
08:00:33,912810UC0,TSRYS5860825,D,S,D,2024-09-24,20000000.00,4.100878,102.55184
08:00:33,912810UC0,TSRYS5860825,D,B,C,2024-09-24,1000000.00,4.100939,102.55078125
08:00:33,912810UC0,TSRYS5860825,D,S,A,2024-09-24,5000000.00,4.101162,102.546875
08:00:33,912810UC0,TSRYS5860825,D,S,A,2024-09-24,629000.00,4.105195,102.4765625
08:00:33,912810UC0,TSRYS5860825,D,S,A,2024-09-24,2000000.00,4.105644,102.46875
08:00:33,912810UC0,TSRYS5860825,D,S,T,2024-09-24,1000000.00,4.123053,102.166015625
08:00:33,912810UC0,TSRYS5860825,D,S,T,2024-09-24,1000000.00,4.135227,101.955078125
08:00:33,912810UC0,TSRYS5860825,D,S,T,2024-09-24,1000000.00,4.135227,101.955078125
08:00:33,912810UC0,TSRYS5860825,D,S,T,2024-09-24,1000000.00,4.135791,101.9453125
08:00:33,912810UC0,TSRYS5860825,D,S,T,2024-09-24,1000000.00,4.136243,101.9375
08:00:33,912810UC0,TSRYS5860825,D,S,A,2024-09-24,20000000.00,4.095792,102.640625
08:00:33,912810UC0,TSRYS5860825,D,B,A,2024-09-24,400000.00,4.10273,102.51953125
08:00:33,912810UC0,TSRYS5860825,D,S,T,2024-09-24,1000000.00,4.104747,102.484375
08:00:33,912810UC0,TSRYS5860825,D,B,A,2024-09-24,1500000.00,4.105868,102.46484375
08:00:33,912810UC0,TSRYS5860825,D,S,D,2024-09-24,1000000.00,4.104747,102.484375
08:00:33,912810UC0,TSRYS5860825,D,S,D,2024-09-24,1000000.00,4.104747,102.484375
08:00:33,912810UC0,TSRYS5860825,D,S,A,2024-09-24,1500000.00,4.110354,102.38671875
08:00:33,912810UC0,TSRYS5860825,D,S,A,2024-09-24,1000000.00,4.111925,102.359375
08:00:33,912810UC0,TSRYS5860825,D,S,A,2024-09-24,1000000.00,4.113272,102.3359375
08:00:33,912810UC0,TSRYS5860825,D,B,C,2024-09-24,1000000.00,4.117317,102.265625
08:00:33,912810UC0,TSRYS5860825,D,B,A,2024-09-24,846000.00,4.117092,102.26953125
08:00:33,912810UC0,TSRYS5860825,D,B,A,2024-09-24,20000000.00,4.116418,102.28125
08:00:33,912810UC0,TSRYS5860825,D,S,T,2024-09-24,1000000.00,4.116418,102.28125
08:00:33,912810UC0,TSRYS5860825,D,S,T,2024-09-24,1000000.00,4.116418,102.28125
08:00:33,912810UC0,TSRYS5860825,D,S,T,2024-09-24,1000000.00,4.116418,102.28125
08:00:33,912810UC0,TSRYS5860825,D,S,T,2024-09-24,1000000.00,4.116418,102.28125
08:00:33,912810UC0,TSRYS5860825,D,B,A,2024-09-24,1000000.00,4.121815,102.1875
08:00:33,912810UC0,TSRYS5860825,D,S,A,2024-09-24,1000000.00,4.119565,102.2265625
08:00:33,912810UC0,TSRYS5860825,D,S,A,2024-09-24,1000000.00,4.125868,102.1171875
08:00:33,912810UC0,TSRYS5860825,D,S,D,2024-09-24,12000000.00,4.124458,102.14164
08:00:33,912810UC0,TSRYS5860825,D,B,A,2024-09-24,320000.00,4.129474,102.0546875
08:00:33,912810UC0,TSRYS5860825,D,S,T,2024-09-24,1000000.00,4.132631,102.0
08:00:33,912810UC0,TSRYS5860825,D,S,T,2024-09-24,1000000.00,4.132631,102.0
08:00:33,912810UC0,TSRYS5860825,D,S,C,2024-09-24,2000000.00,4.133447,101.985875
08:00:33,912810UC0,TSRYS5860825,D,S,T,2024-09-24,1000000.00,4.132631,102.0
08:00:33,912810UC0,TSRYS5860825,D,S,T,2024-09-24,1000000.00,4.133534,101.984375
08:00:33,912810UC0,TSRYS5860825,D,S,T,2024-09-24,1000000.00,4.133534,101.984375
08:00:33,912810UC0,TSRYS5860825,D,S,T,2024-09-24,1000000.00,4.133534,101.984375
08:00:33,912810UC0,TSRYS5860825,D,S,D,2024-09-24,1000000.00,4.133534,101.984375
08:00:33,912810UC0,TSRYS5860825,D,S,D,2024-09-24,1000000.00,4.133534,101.984375
08:00:33,912810UC0,TSRYS5860825,D,S,D,2024-09-24,1000000.00,4.133534,101.984375
08:00:33,912810UC0,TSRYS5860825,D,S,C,2024-09-24,1000000.00,4.137059,101.923375
08:00:33,912810UC0,TSRYS5860825,D,S,D,2024-09-24,100000.00,4.13805,101.90625
08:00:33,912810UC0,TSRYS5860825,D,S,A,2024-09-24,20000000.00,4.137824,101.91015625
08:00:33,912810UC0,TSRYS5860825,D,B,A,2024-09-24,2400000.00,4.13805,101.90625
08:00:34,912810UC0,TSRYS5860825,D,B,A,2024-09-24,260000.00,4.136694,101.9296875
08:00:34,912810UC0,TSRYS5860825,D,S,A,2024-09-24,500000.00,4.136694,101.9296875
08:00:34,912810UC0,TSRYS5860825,D,S,T,2024-09-24,1000000.00,4.137485,101.916015625
08:00:34,912810UC0,TSRYS5860825,D,S,T,2024-09-24,1000000.00,4.137937,101.908203125
08:00:34,912810UC0,TSRYS5860825,D,S,T,2024-09-24,1000000.00,4.13805,101.90625
08:00:34,912810UC0,TSRYS5860825,D,S,T,2024-09-24,1000000.00,4.137824,101.91015625
08:00:34,912810UC0,TSRYS5860825,D,S,T,2024-09-24,1000000.00,4.137033,101.923828125
08:00:34,912810UC0,TSRYS5860825,D,S,T,2024-09-24,1000000.00,4.139405,101.8828125
08:00:34,912810UC0,TSRYS5860825,D,S,T,2024-09-24,1000000.00,4.139292,101.884765625
08:00:34,912810UC0,TSRYS5860825,D,S,T,2024-09-24,1000000.00,4.136243,101.9375
08:00:34,912810UC0,TSRYS5860825,D,S,T,2024-09-24,1000000.00,4.136243,101.9375
08:00:34,912810UC0,TSRYS5860825,D,S,T,2024-09-24,1000000.00,4.140422,101.865234375
08:00:34,912810UC0,TSRYS5860825,D,S,T,2024-09-24,1000000.00,4.140422,101.865234375
08:00:34,912810UC0,TSRYS5860825,D,S,T,2024-09-24,1000000.00,4.140988,101.85546875
08:00:34,912810UC0,TSRYS5860825,D,S,T,2024-09-24,1000000.00,4.140762,101.859375
08:00:34,912810UC0,TSRYS5860825,D,S,D,2024-09-24,1000000.00,4.143475,101.8125
08:00:34,912810UC0,TSRYS5860825,D,S,D,2024-09-24,2000000.00,4.143588,101.810546875
08:00:34,912810UC0,TSRYS5860825,D,S,D,2024-09-24,2000000.00,4.143588,101.810546875
08:00:34,912810UC0,TSRYS5860825,D,S,D,2024-09-24,1000000.00,4.143588,101.810546875
08:00:34,912810UC0,TSRYS5860825,D,S,D,2024-09-24,1000000.00,4.143701,101.80859375
08:00:34,912810UC0,TSRYS5860825,D,B,A,2024-09-24,2000000.00,4.13805,101.90625
08:00:34,912810UC0,TSRYS5860825,D,B,A,2024-09-24,5000000.00,4.137598,101.9140625
08:00:34,912810UC0,TSRYS5860825,D,B,A,2024-09-24,200000.00,4.137372,101.91796875
08:00:34,912810UC0,TSRYS5860825,D,S,A,2024-09-24,500000.00,4.137824,101.91015625
08:00:34,912810UC0,TSRYS5860825,D,S,A,2024-09-24,100000.00,4.140083,101.87109375
08:00:34,912810UC0,TSRYS5860825,D,S,A,2024-09-24,500000.00,4.141214,101.8515625
08:00:34,912810UC0,TSRYS5860825,D,S,A,2024-09-24,173600.00,4.14144,101.84765625
08:00:34,912810UC0,TSRYS5860825,D,S,T,2024-09-24,1000000.00,4.136807,101.927734375
08:00:34,912810UC0,TSRYS5860825,D,S,T,2024-09-24,1000000.00,4.137372,101.91796875
08:00:34,912810UC0,TSRYS5860825,D,S,T,2024-09-24,1000000.00,4.137372,101.91796875
08:00:34,912810UC0,TSRYS5860825,D,S,T,2024-09-24,1000000.00,4.138953,101.890625
08:00:34,912810UC0,TSRYS5860825,D,S,T,2024-09-24,1000000.00,4.141327,101.849609375
08:00:34,912810UC0,TSRYS5860825,D,S,T,2024-09-24,1000000.00,4.141214,101.8515625
08:00:34,912810UC0,TSRYS5860825,D,S,T,2024-09-24,1000000.00,4.134324,101.970703125
08:00:34,912810UC0,TSRYS5860825,D,S,T,2024-09-24,1000000.00,4.135001,101.958984375
08:00:34,912810UC0,TSRYS5860825,D,S,T,2024-09-24,1000000.00,4.133985,101.9765625
08:00:34,912810UC0,TSRYS5860825,D,S,T,2024-09-24,1000000.00,4.133534,101.984375
08:00:34,912810UC0,TSRYS5860825,D,S,T,2024-09-24,1000000.00,4.134211,101.97265625
08:00:34,912810UC0,TSRYS5860825,D,S,T,2024-09-24,1000000.00,4.134437,101.96875
08:00:34,912810UC0,TSRYS5860825,D,S,T,2024-09-24,1000000.00,4.134437,101.96875
08:00:34,912810UC0,TSRYS5860825,D,S,T,2024-09-24,1000000.00,4.135227,101.955078125
08:00:34,912810UC0,TSRYS5860825,D,S,A,2024-09-24,500000.00,4.138276,101.90234375
08:00:34,912810UC0,TSRYS5860825,D,S,A,2024-09-24,700000.00,4.143475,101.8125
08:00:34,912810UC0,TSRYS5860825,D,S,C,2024-09-24,8500000.00,4.139179,101.88671875
08:00:34,912810UC0,TSRYS5860825,D,B,A,2024-09-24,4000000.00,4.133985,101.9765625
08:00:34,912810UC0,TSRYS5860825,D,B,A,2024-09-24,3000000.00,4.134879,101.9609375
08:00:34,912810UC0,TSRYS5860825,D,S,T,2024-09-24,1000000.00,4.132631,102.0
08:00:34,912810UC0,TSRYS5860825,D,S,T,2024-09-24,1000000.00,4.132631,102.0
08:00:34,912810UC0,TSRYS5860825,D,S,T,2024-09-24,1000000.00,4.13534,101.953125
08:00:34,912810UC0,TSRYS5860825,D,S,T,2024-09-24,1000000.00,4.140648,101.861328125
08:00:34,912810UC0,TSRYS5860825,D,S,T,2024-09-24,1000000.00,4.141327,101.849609375
08:00:34,912810UC0,TSRYS5860825,D,S,T,2024-09-24,1000000.00,4.143249,101.81640625
08:00:34,912810UC0,TSRYS5860825,D,S,T,2024-09-24,1000000.00,4.143249,101.81640625
08:00:34,912810UC0,TSRYS5860825,D,S,T,2024-09-24,1000000.00,4.143249,101.81640625
08:00:34,912810UC0,TSRYS5860825,D,S,T,2024-09-24,1000000.00,4.143588,101.810546875
08:00:34,912810UC0,TSRYS5860825,D,S,T,2024-09-24,1000000.00,4.143928,101.8046875
08:00:34,912810UC0,TSRYS5860825,D,S,T,2024-09-24,1000000.00,4.143928,101.8046875
08:00:34,912810UC0,TSRYS5860825,D,S,D,2024-09-24,1000000.00,4.143475,101.8125
08:00:34,912810UC0,TSRYS5860825,D,S,T,2024-09-24,2000000.00,4.143249,101.81640625
08:00:34,912810UC0,TSRYS5860825,D,S,T,2024-09-24,1000000.00,4.144267,101.798828125
08:00:34,912810UC0,TSRYS5860825,D,S,T,2024-09-24,1000000.00,4.144154,101.80078125
08:00:34,912810UC0,TSRYS5860825,D,S,T,2024-09-24,1000000.00,4.144154,101.80078125
08:00:34,912810UC0,TSRYS5860825,D,S,T,2024-09-24,1000000.00,4.144041,101.802734375
08:00:34,912810UC0,TSRYS5860825,D,S,D,2024-09-24,1000000.00,4.133,101.9936079545
08:00:34,912810UC0,TSRYS5860825,D,S,D,2024-09-24,1000000.00,4.13534,101.953125
08:00:34,912810UC0,TSRYS5860825,D,S,D,2024-09-24,1000000.00,4.136243,101.9375
08:00:34,912810UC0,TSRYS5860825,D,S,D,2024-09-24,1000000.00,4.137146,101.921875
08:00:34,912810UC0,TSRYS5860825,D,S,A,2024-09-24,28600000.00,4.120015,102.21875
08:00:34,912810UC0,TSRYS5860825,D,S,D,2024-09-24,4000000.00,4.136243,101.9375
08:00:34,912810UC0,TSRYS5860825,D,S,D,2024-09-24,1000000.00,4.136243,101.9375
08:00:34,912810UC0,TSRYS5860825,D,S,D,2024-09-24,1000000.00,4.136243,101.9375
08:00:34,912810UC0,TSRYS5860825,D,S,D,2024-09-24,1000000.00,4.136243,101.9375
08:00:34,912810UC0,TSRYS5860825,D,S,D,2024-09-24,1000000.00,4.136243,101.9375
08:00:34,912810UC0,TSRYS5860825,D,S,D,2024-09-24,1000000.00,4.136243,101.9375
08:00:34,912810UC0,TSRYS5860825,D,S,D,2024-09-24,1000000.00,4.136243,101.9375
08:00:34,912810UC0,TSRYS5860825,D,S,T,2024-09-24,1000000.00,4.138953,101.890625
08:00:34,912810UC0,TSRYS5860825,D,S,T,2024-09-24,1000000.00,4.138953,101.890625
08:00:34,912810UC0,TSRYS5860825,D,B,C,2024-09-24,3000000.00,4.141892,101.83984375
08:00:34,912810UC0,TSRYS5860825,D,S,T,2024-09-24,1000000.00,4.14257,101.828125
08:00:34,912810UC0,TSRYS5860825,D,S,D,2024-09-24,1000000.00,4.14257,101.828125
08:00:34,912810UC0,TSRYS5860825,D,S,D,2024-09-24,1000000.00,4.138953,101.890625
08:00:34,912810UC0,TSRYS5860825,D,S,D,2024-09-24,1000000.00,4.138953,101.890625
08:00:34,912810UC0,TSRYS5860825,D,S,D,2024-09-24,1000000.00,4.138953,101.890625
08:00:34,912810UC0,TSRYS5860825,D,S,D,2024-09-24,1000000.00,4.138953,101.890625
08:00:34,912810UC0,TSRYS5860825,D,S,D,2024-09-24,1000000.00,4.138953,101.890625
08:00:34,912810UC0,TSRYS5860825,D,S,D,2024-09-24,1000000.00,4.14257,101.828125
08:00:34,912810UC0,TSRYS5860825,D,S,T,2024-09-24,1000000.00,4.143475,101.8125
08:00:34,912810UC0,TSRYS5860825,D,S,T,2024-09-24,1000000.00,4.143475,101.8125
08:00:34,912810UC0,TSRYS5860825,D,S,T,2024-09-24,1000000.00,4.143475,101.8125
08:00:34,912810UC0,TSRYS5860825,D,S,T,2024-09-24,1000000.00,4.143475,101.8125
08:00:34,912810UC0,TSRYS5860825,D,S,T,2024-09-24,1000000.00,4.143475,101.8125
08:00:34,912810UC0,TSRYS5860825,D,S,T,2024-09-24,1000000.00,4.14438,101.796875
08:00:34,912810UC0,TSRYS5860825,D,S,D,2024-09-24,1000000.00,4.14438,101.796875
08:00:34,912810UC0,TSRYS5860825,D,S,A,2024-09-24,2000000.00,4.142118,101.8359375
08:00:34,912810UC0,TSRYS5860825,D,S,D,2024-09-24,1000000.00,4.143928,101.8046875
08:00:34,912810UC0,TSRYS5860825,D,S,D,2024-09-24,1000000.00,4.143928,101.8046875
08:00:34,912810UC0,TSRYS5860825,D,S,D,2024-09-24,1000000.00,4.143475,101.8125
08:00:34,912810UC0,TSRYS5860825,D,S,D,2024-09-24,1000000.00,4.143475,101.8125
08:00:34,912810UC0,TSRYS5860825,D,S,D,2024-09-24,1000000.00,4.143475,101.8125
08:00:34,912810UC0,TSRYS5860825,D,S,D,2024-09-24,1000000.00,4.14438,101.796875
08:00:34,912810UC0,TSRYS5860825,D,S,D,2024-09-24,1000000.00,4.140762,101.859375
08:00:34,912810UC0,TSRYS5860825,D,S,D,2024-09-24,1000000.00,4.14257,101.828125
08:00:34,912810UC0,TSRYS5860825,D,S,T,2024-09-24,1000000.00,4.14257,101.828125
08:00:34,912810UC0,TSRYS5860825,D,S,T,2024-09-24,1000000.00,4.14257,101.828125
08:00:34,912810UC0,TSRYS5860825,D,S,T,2024-09-24,1000000.00,4.14257,101.828125
08:00:34,912810UC0,TSRYS5860825,D,S,D,2024-09-24,830000.00,4.136694,101.9296875
08:00:34,912810UC0,TSRYS5860825,D,S,T,2024-09-24,1000000.00,4.140309,101.8671875
08:00:34,912810UC0,TSRYS5860825,D,S,T,2024-09-24,1000000.00,4.140309,101.8671875
08:00:34,912810UC0,TSRYS5860825,D,S,T,2024-09-24,1000000.00,4.141101,101.853515625
08:00:34,912810UC0,TSRYS5860825,D,S,T,2024-09-24,1000000.00,4.14144,101.84765625
08:00:34,912810UC0,TSRYS5860825,D,S,T,2024-09-24,1000000.00,4.141327,101.849609375
08:00:34,912810UC0,TSRYS5860825,D,S,T,2024-09-24,1000000.00,4.14144,101.84765625
08:00:34,912810UC0,TSRYS5860825,D,S,T,2024-09-24,1000000.00,4.14257,101.828125
08:00:35,912810UC0,TSRYS5860825,D,S,D,2024-09-24,5770000.00,4.136469,101.93359375
08:00:35,912810UC0,TSRYS5860825,D,S,D,2024-09-24,1000000.00,4.136469,101.93359375
08:00:35,912810UC0,TSRYS5860825,D,S,D,2024-09-24,2000000.00,4.136469,101.93359375
08:00:35,912810UC0,TSRYS5860825,D,S,D,2024-09-24,4000000.00,4.136243,101.9375
08:00:35,912810UC0,TSRYS5860825,D,S,D,2024-09-24,2000000.00,4.136469,101.93359375
08:00:35,912810UC0,TSRYS5860825,D,S,D,2024-09-24,600000.00,4.136469,101.93359375
08:00:35,912810UC0,TSRYS5860825,D,S,T,2024-09-24,1000000.00,4.108335,102.421875
08:00:35,912810UC0,TSRYS5860825,D,S,T,2024-09-24,1000000.00,4.108335,102.421875
08:00:35,912810UC0,TSRYS5860825,D,S,T,2024-09-24,2000000.00,4.108335,102.421875
08:00:36,912810UC0,TSRYS5860825,D,S,T,2024-09-24,1000000.00,4.108335,102.421875
08:00:37,912810UC0,TSRYS5860825,D,S,D,2024-09-24,2000000.00,4.137146,101.921875
08:00:37,912810UC0,TSRYS5860825,D,S,D,2024-09-24,4600000.00,4.138276,101.90234375
08:00:37,912810UC0,TSRYS5860825,D,S,D,2024-09-24,1000000.00,4.13805,101.90625
08:00:37,912810UC0,TSRYS5860825,D,S,D,2024-09-24,1000000.00,4.13805,101.90625
08:00:37,912810UC0,TSRYS5860825,D,S,D,2024-09-24,1600000.00,4.139179,101.88671875
08:00:37,912810UC0,TSRYS5860825,D,S,D,2024-09-24,4000000.00,4.138953,101.890625
08:00:37,912810UC0,TSRYS5860825,D,S,D,2024-09-24,2000000.00,4.138727,101.89453125
08:00:37,912810UC0,TSRYS5860825,D,S,D,2024-09-24,1000000.00,4.138953,101.890625
08:00:38,912810UC0,TSRYS5860825,D,S,D,2024-09-24,3000000.00,4.139857,101.875
08:00:38,912810UC0,TSRYS5860825,D,S,D,2024-09-24,1000000.00,4.139631,101.87890625
08:00:38,912810UC0,TSRYS5860825,D,S,D,2024-09-24,1000000.00,4.139857,101.875
08:00:38,912810UC0,TSRYS5860825,D,S,D,2024-09-24,1000000.00,4.139857,101.875
08:00:38,912810UC0,TSRYS5860825,D,S,D,2024-09-24,1000000.00,4.139857,101.875
08:00:38,912810UC0,TSRYS5860825,D,S,D,2024-09-24,600000.00,4.140083,101.87109375
08:00:38,912810UC0,TSRYS5860825,D,S,D,2024-09-24,1000000.00,4.140083,101.87109375
08:00:39,912810UC0,TSRYS5860825,D,S,D,2024-09-24,1000000.00,4.14144,101.84765625
08:00:39,912810UC0,TSRYS5860825,D,S,D,2024-09-24,1000000.00,4.141666,101.84375
08:00:39,912810UC0,TSRYS5860825,D,S,D,2024-09-24,1000000.00,4.141666,101.84375
08:00:39,912810UC0,TSRYS5860825,D,S,D,2024-09-24,1000000.00,4.141214,101.8515625
08:00:39,912810UC0,TSRYS5860825,D,S,D,2024-09-24,1000000.00,4.141666,101.84375
08:00:39,912810UC0,TSRYS5860825,D,S,D,2024-09-24,2600000.00,4.141666,101.84375
08:00:39,912810UC0,TSRYS5860825,D,S,D,2024-09-24,1000000.00,4.141214,101.8515625
08:00:39,912810UC0,TSRYS5860825,D,S,D,2024-09-24,2000000.00,4.140988,101.85546875
08:00:39,912810UC0,TSRYS5860825,D,S,D,2024-09-24,5780000.00,4.140762,101.859375
08:00:39,912810UC0,TSRYS5860825,D,S,D,2024-09-24,820000.00,4.140762,101.859375
08:00:39,912810UC0,TSRYS5860825,D,S,D,2024-09-24,2000000.00,4.140762,101.859375
08:00:39,912810UC0,TSRYS5860825,D,S,D,2024-09-24,6000000.00,4.14144,101.84765625
08:00:39,912810UC0,TSRYS5860825,D,S,D,2024-09-24,2000000.00,4.142118,101.8359375
08:00:39,912810UC0,TSRYS5860825,D,S,T,2024-09-24,1000000.00,4.108335,102.421875
08:00:39,912810UC0,TSRYS5860825,D,S,T,2024-09-24,1000000.00,4.093109,102.6875
08:00:39,912810UC0,TSRYS5860825,D,S,T,2024-09-24,1000000.00,4.104747,102.484375
08:00:39,912810UC0,TSRYS5860825,D,S,T,2024-09-24,1000000.00,4.10654,102.453125
08:00:39,912810UC0,TSRYS5860825,D,S,T,2024-09-24,1000000.00,4.102954,102.515625
08:00:39,912810UC0,TSRYS5860825,D,S,T,2024-09-24,1000000.00,4.11462,102.3125
08:00:39,912810UC0,TSRYS5860825,D,S,T,2024-09-24,1000000.00,4.138953,101.890625
08:00:39,912810UC0,TSRYS5860825,D,S,T,2024-09-24,1000000.00,4.133534,101.984375
08:00:39,912810UC0,TSRYS5860825,D,S,T,2024-09-24,1000000.00,4.133534,101.984375
08:00:39,912810UC0,TSRYS5860825,D,S,T,2024-09-24,1000000.00,4.133534,101.984375
08:00:39,912810UC0,TSRYS5860825,D,S,T,2024-09-24,2000000.00,4.143475,101.8125
08:00:39,912810UC0,TSRYS5860825,D,S,T,2024-09-24,1000000.00,4.141666,101.84375
08:00:39,912810UC0,TSRYS5860825,D,S,T,2024-09-24,1000000.00,4.14257,101.828125
08:00:39,912810UC0,TSRYS5860825,D,S,T,2024-09-24,1000000.00,4.14257,101.828125
08:00:39,912810UC0,TSRYS5860825,D,S,T,2024-09-24,1000000.00,4.108335,102.421875
08:00:40,912810UC0,TSRYS5860825,D,S,D,2024-09-24,1000000.00,4.089534,102.75
08:00:40,912810UC0,TSRYS5860825,D,S,D,2024-09-24,1000000.00,4.107662,102.43359375
08:00:40,912810UC0,TSRYS5860825,D,S,T,2024-09-24,1000000.00,4.118216,102.25
08:00:40,912810UC0,TSRYS5860825,D,S,T,2024-09-24,1000000.00,4.11462,102.3125
08:00:40,912810UC0,TSRYS5860825,D,S,T,2024-09-24,2000000.00,4.112936,102.341796875
08:00:40,912810UC0,TSRYS5860825,D,S,D,2024-09-24,1000000.00,4.121365,102.1953125
08:00:40,912810UC0,TSRYS5860825,D,S,D,2024-09-24,1000000.00,4.12024,102.21484375
08:00:40,912810UC0,TSRYS5860825,D,S,T,2024-09-24,1000000.00,4.119116,102.234375
08:00:40,912810UC0,TSRYS5860825,D,S,T,2024-09-24,1000000.00,4.120015,102.21875
08:00:40,912810UC0,TSRYS5860825,D,S,T,2024-09-24,1000000.00,4.120915,102.203125
08:00:40,912810UC0,TSRYS5860825,D,S,D,2024-09-24,1000000.00,4.13805,101.90625
08:00:40,912810UC0,TSRYS5860825,D,S,T,2024-09-24,1000000.00,4.137824,101.91015625
08:00:40,912810UC0,TSRYS5860825,D,S,T,2024-09-24,1000000.00,4.136243,101.9375
08:00:40,912810UC0,TSRYS5860825,D,S,D,2024-09-24,1000000.00,4.140083,101.87109375
08:00:40,912810UC0,TSRYS5860825,D,S,D,2024-09-24,1000000.00,4.139857,101.875
08:00:40,912810UC0,TSRYS5860825,D,S,D,2024-09-24,1000000.00,4.139857,101.875
08:00:40,912810UC0,TSRYS5860825,D,S,D,2024-09-24,1000000.00,4.136469,101.93359375
08:00:40,912810UC0,TSRYS5860825,D,S,D,2024-09-24,1000000.00,4.13534,101.953125
08:00:40,912810UC0,TSRYS5860825,D,S,T,2024-09-24,1000000.00,4.136694,101.9296875
08:00:40,912810UC0,TSRYS5860825,D,S,D,2024-09-24,3000000.00,4.141666,101.84375
08:00:40,912810UC0,TSRYS5860825,D,S,D,2024-09-24,3000000.00,4.140762,101.859375
08:00:40,912810UC0,TSRYS5860825,D,S,T,2024-09-24,1000000.00,4.142683,101.826171875
08:00:40,912810UC0,TSRYS5860825,D,S,D,2024-09-24,600000.00,4.141666,101.84375
08:00:40,912810UC0,TSRYS5860825,D,S,D,2024-09-24,8000000.00,4.141666,101.84375
08:00:40,912810UC0,TSRYS5860825,D,S,D,2024-09-24,600000.00,4.14257,101.828125
08:00:40,912810UC0,TSRYS5860825,D,B,C,2024-09-24,50MM+,4.139069,101.888624873
08:00:43,912810UC0,TSRYS5860825,D,S,A,2024-09-24,1000000.00,4.136694,101.9296875
08:00:43,912810UC0,TSRYS5860825,D,S,D,2024-09-24,5000000.00,4.138953,101.890625
08:00:43,912810UC0,TSRYS5860825,D,S,D,2024-09-24,4000000.00,4.138953,101.890625
08:00:43,912810UC0,TSRYS5860825,D,S,D,2024-09-24,1000000.00,4.138953,101.890625
08:00:43,912810UC0,TSRYS5860825,D,S,D,2024-09-24,1000000.00,4.139066,101.888671875
08:00:43,912810UC0,TSRYS5860825,D,S,D,2024-09-24,1000000.00,4.139066,101.888671875
08:00:43,912810UC0,TSRYS5860825,D,S,D,2024-09-24,1000000.00,4.138953,101.890625
08:00:43,912810UC0,TSRYS5860825,D,S,D,2024-09-24,1000000.00,4.138953,101.890625
08:00:43,912810UC0,TSRYS5860825,D,S,D,2024-09-24,2000000.00,4.138953,101.890625
08:00:44,912810UC0,TSRYS5860825,D,S,D,2024-09-24,962000.00,4.14144,101.84765625
08:00:44,912810UC0,TSRYS5860825,D,S,D,2024-09-24,900000.00,4.143023,101.8203125
08:00:44,912810UC0,TSRYS5860825,D,S,D,2024-09-24,894000.00,4.14438,101.796875
08:00:44,912810UC0,TSRYS5860825,D,S,D,2024-09-24,938000.00,4.14438,101.796875
08:00:44,912810UC0,TSRYS5860825,D,S,D,2024-09-24,988000.00,4.14438,101.796875
08:00:44,912810UC0,TSRYS5860825,D,S,D,2024-09-24,878000.00,4.143701,101.80859375
08:00:44,912810UC0,TSRYS5860825,D,S,D,2024-09-24,873000.00,4.143928,101.8046875
08:00:44,912810UC0,TSRYS5860825,D,S,D,2024-09-24,1042000.00,4.143928,101.8046875
08:00:44,912810UC0,TSRYS5860825,D,S,D,2024-09-24,963000.00,4.143928,101.8046875
08:00:44,912810UC0,TSRYS5860825,D,S,D,2024-09-24,1016000.00,4.140762,101.859375
08:00:44,912810UC0,TSRYS5860825,D,S,D,2024-09-24,931000.00,4.141214,101.8515625
08:00:44,912810UC0,TSRYS5860825,D,S,D,2024-09-24,894000.00,4.143249,101.81640625
08:00:44,912810UC0,TSRYS5860825,D,S,D,2024-09-24,962000.00,4.14257,101.828125
08:00:44,912810UC0,TSRYS5860825,D,S,D,2024-09-24,1000000.00,4.091321,102.71875
08:00:44,912810UC0,TSRYS5860825,D,S,D,2024-09-24,1000000.00,4.091321,102.71875
08:00:44,912810UC0,TSRYS5860825,D,S,D,2024-09-24,2000000.00,4.091321,102.71875
08:00:44,912810UC0,TSRYS5860825,D,B,A,2024-09-24,1697200.00,4.087748,102.78125
08:00:44,912810UC0,TSRYS5860825,D,S,D,2024-09-24,1000000.00,4.091321,102.71875
08:00:44,912810UC0,TSRYS5860825,D,S,D,2024-09-24,1000000.00,4.091321,102.71875
08:00:44,912810UC0,TSRYS5860825,D,S,D,2024-09-24,1000000.00,4.089088,102.7578125
08:00:44,912810UC0,TSRYS5860825,D,S,D,2024-09-24,1000000.00,4.091321,102.71875
08:00:44,912810UC0,TSRYS5860825,D,S,D,2024-09-24,1000000.00,4.090427,102.734375
08:00:44,912810UC0,TSRYS5860825,D,B,A,2024-09-24,4000000.00,4.091098,102.72265625
08:00:44,912810UC0,TSRYS5860825,D,S,T,2024-09-24,1000000.00,4.091321,102.71875
08:00:44,912810UC0,TSRYS5860825,D,S,T,2024-09-24,1000000.00,4.091321,102.71875
08:00:44,912810UC0,TSRYS5860825,D,S,T,2024-09-24,1000000.00,4.091321,102.71875
08:00:44,912810UC0,TSRYS5860825,D,S,D,2024-09-24,23000000.00,4.099854,102.569711538
08:00:44,912810UC0,TSRYS5860825,D,S,T,2024-09-24,2000000.00,4.091321,102.71875
08:00:44,912810UC0,TSRYS5860825,D,S,T,2024-09-24,1000000.00,4.091321,102.71875
08:00:44,912810UC0,TSRYS5860825,D,S,T,2024-09-24,1000000.00,4.091321,102.71875
08:00:44,912810UC0,TSRYS5860825,D,S,D,2024-09-24,3000000.00,4.089534,102.75
08:00:44,912810UC0,TSRYS5860825,D,S,D,2024-09-24,1000000.00,4.089534,102.75
08:00:44,912810UC0,TSRYS5860825,D,S,D,2024-09-24,2000000.00,4.141666,101.84375
08:00:44,912810UC0,TSRYS5860825,D,B,C,2024-09-24,5200000.00,4.120027,102.21855
08:00:44,912810UC0,TSRYS5860825,D,S,D,2024-09-24,5200000.00,4.120027,102.21855
08:00:44,912810UC0,TSRYS5860825,D,S,D,2024-09-24,1000000.00,4.14257,101.828125
08:00:44,912810UC0,TSRYS5860825,D,S,D,2024-09-24,600000.00,4.120927,102.202925
08:00:44,912810UC0,TSRYS5860825,D,S,D,2024-09-24,1000000.00,4.14257,101.828125
08:00:45,912810UC0,TSRYS5860825,D,B,A,2024-09-24,1294000.00,4.091768,102.7109375
08:00:45,912810UC0,TSRYS5860825,D,S,D,2024-09-24,12000000.00,4.128271,102.075520833
08:00:45,912810UC0,TSRYS5860825,D,S,D,2024-09-24,1000000.00,4.128572,102.0703125
08:00:45,912810UC0,TSRYS5860825,D,S,D,2024-09-24,1000000.00,4.128234,102.076171875
08:00:45,912810UC0,TSRYS5860825,D,S,D,2024-09-24,1000000.00,4.128347,102.07421875
08:00:45,912810UC0,TSRYS5860825,D,S,D,2024-09-24,1000000.00,4.090651,102.73046875
08:00:45,912810UC0,TSRYS5860825,D,S,D,2024-09-24,1000000.00,4.128121,102.078125
08:00:45,912810UC0,TSRYS5860825,D,S,C,2024-09-24,100000.00,4.138502,101.8984375
08:00:45,912810UC0,TSRYS5860825,D,S,C,2024-09-24,300000.00,4.137598,101.9140625
08:00:45,912810UC0,TSRYS5860825,D,S,D,2024-09-24,1000000.00,4.091544,102.71484375
08:00:45,912810UC0,TSRYS5860825,D,S,D,2024-09-24,600000.00,4.140547,101.86308125
08:00:45,912810UC0,TSRYS5860825,D,S,D,2024-09-24,2000000.00,4.094003,102.671875
08:00:45,912810UC0,TSRYS5860825,D,S,D,2024-09-24,1000000.00,4.094897,102.65625
08:00:45,912810UC0,TSRYS5860825,D,B,A,2024-09-24,5000000.00,4.095344,102.6484375
08:00:45,912810UC0,TSRYS5860825,D,S,T,2024-09-24,2000000.00,4.096686,102.625
08:00:45,912810UC0,TSRYS5860825,D,S,D,2024-09-24,1000000.00,4.099371,102.578125
08:00:45,912810UC0,TSRYS5860825,D,S,D,2024-09-24,1000000.00,4.099371,102.578125
08:00:45,912810UC0,TSRYS5860825,D,S,D,2024-09-24,1000000.00,4.099371,102.578125
08:00:46,912810UC0,TSRYS5860825,D,S,D,2024-09-24,1000000.00,4.104075,102.49609375
08:00:46,912810UC0,TSRYS5860825,D,B,A,2024-09-24,20000000.00,4.109905,102.39453125
08:00:46,912810UC0,TSRYS5860825,D,S,D,2024-09-24,1000000.00,4.097581,102.609375
08:00:46,912810UC0,TSRYS5860825,D,S,D,2024-09-24,1000000.00,4.103402,102.5078125
08:00:46,912810UC0,TSRYS5860825,D,S,D,2024-09-24,1000000.00,4.103178,102.51171875
08:00:46,912810UC0,TSRYS5860825,D,S,D,2024-09-24,5000000.00,4.142344,101.83203125
08:00:46,912810UC0,TSRYS5860825,D,S,D,2024-09-24,1000000.00,4.104523,102.48828125
08:00:46,912810UC0,TSRYS5860825,D,S,T,2024-09-24,1000000.00,4.107437,102.4375
08:00:46,912810UC0,TSRYS5860825,D,S,T,2024-09-24,1000000.00,4.107437,102.4375
08:00:46,912810UC0,TSRYS5860825,D,S,T,2024-09-24,1000000.00,4.107437,102.4375
08:00:46,912810UC0,TSRYS5860825,D,S,T,2024-09-24,1000000.00,4.10654,102.453125
08:00:46,912810UC0,TSRYS5860825,D,S,D,2024-09-24,1000000.00,4.091321,102.71875
08:00:46,912810UC0,TSRYS5860825,D,S,D,2024-09-24,1000000.00,4.091321,102.71875
08:00:46,912810UC0,TSRYS5860825,D,S,D,2024-09-24,1000000.00,4.091321,102.71875
08:00:46,912810UC0,TSRYS5860825,D,S,D,2024-09-24,1000000.00,4.091321,102.71875
08:00:46,912810UC0,TSRYS5860825,D,S,D,2024-09-24,1000000.00,4.091321,102.71875
08:00:46,912810UC0,TSRYS5860825,D,S,D,2024-09-24,1000000.00,4.091321,102.71875
08:00:46,912810UC0,TSRYS5860825,D,S,C,2024-09-24,3000000.00,4.092862,102.69180625
08:00:46,912810UC0,TSRYS5860825,D,S,T,2024-09-24,1000000.00,4.108335,102.421875
08:00:47,912810UC0,TSRYS5860825,D,S,T,2024-09-24,1000000.00,4.108335,102.421875
08:00:47,912810UC0,TSRYS5860825,D,S,D,2024-09-24,1000000.00,4.107886,102.4296875
08:00:47,912810UC0,TSRYS5860825,D,S,D,2024-09-24,1000000.00,4.109232,102.40625
08:00:47,912810UC0,TSRYS5860825,D,B,C,2024-09-24,600000.00,4.120927,102.202925
08:00:47,912810UC0,TSRYS5860825,D,S,T,2024-09-24,1000000.00,4.111364,102.369140625
08:00:47,912810UC0,TSRYS5860825,D,S,D,2024-09-24,1000000.00,4.111476,102.3671875
08:00:47,912810UC0,TSRYS5860825,D,S,D,2024-09-24,1000000.00,4.128572,102.0703125
08:00:47,912810UC0,TSRYS5860825,D,S,D,2024-09-24,1000000.00,4.138953,101.890625
08:00:47,912810UC0,TSRYS5860825,D,S,D,2024-09-24,1000000.00,4.128459,102.072265625
08:00:47,912810UC0,TSRYS5860825,D,S,D,2024-09-24,1000000.00,4.138953,101.890625
08:00:47,912810UC0,TSRYS5860825,D,S,D,2024-09-24,4000000.00,4.128572,102.0703125
08:00:47,912810UC0,TSRYS5860825,D,S,D,2024-09-24,1000000.00,4.138953,101.890625
08:00:47,912810UC0,TSRYS5860825,D,S,D,2024-09-24,1000000.00,4.138953,101.890625
08:00:47,912810UC0,TSRYS5860825,D,S,D,2024-09-24,3000000.00,4.133018,101.993303571
08:00:47,912810UC0,TSRYS5860825,D,S,D,2024-09-24,1000000.00,4.13805,101.90625
08:00:47,912810UC0,TSRYS5860825,D,S,D,2024-09-24,1000000.00,4.13805,101.90625
08:00:47,912810UC0,TSRYS5860825,D,S,D,2024-09-24,1000000.00,4.13805,101.90625
08:00:47,912810UC0,TSRYS5860825,D,S,D,2024-09-24,1000000.00,4.13805,101.90625
08:00:47,912810UC0,TSRYS5860825,D,S,D,2024-09-24,1000000.00,4.13805,101.90625
08:00:47,912810UC0,TSRYS5860825,D,S,D,2024-09-24,3000000.00,4.13805,101.90625
08:00:47,912810UC0,TSRYS5860825,D,S,D,2024-09-24,1000000.00,4.13805,101.90625
08:00:47,912810UC0,TSRYS5860825,D,S,D,2024-09-24,2000000.00,4.13805,101.90625
08:00:47,912810UC0,TSRYS5860825,D,S,D,2024-09-24,1000000.00,4.13805,101.90625
08:00:47,912810UC0,TSRYS5860825,D,S,D,2024-09-24,1000000.00,4.13805,101.90625
08:00:47,912810UC0,TSRYS5860825,D,S,D,2024-09-24,1000000.00,4.13805,101.90625
08:00:47,912810UC0,TSRYS5860825,D,S,D,2024-09-24,1000000.00,4.13805,101.90625
08:00:47,912810UC0,TSRYS5860825,D,S,C,2024-09-24,300000.00,4.138502,101.8984375
08:00:48,912810UC0,TSRYS5860825,D,S,D,2024-09-24,1000000.00,4.115968,102.2890625
08:00:48,912810UC0,TSRYS5860825,D,B,C,2024-09-24,600000.00,4.140547,101.86308125
08:00:48,912810UC0,TSRYS5860825,D,S,T,2024-09-24,1000000.00,4.113048,102.33984375
08:00:48,912810UC0,TSRYS5860825,D,S,A,2024-09-24,1500000.00,4.139631,101.87890625
08:00:48,912810UC0,TSRYS5860825,D,S,C,2024-09-24,3000000.00,4.140286,101.8675875
08:00:48,912810UC0,TSRYS5860825,D,S,T,2024-09-24,1000000.00,4.116418,102.28125
08:00:48,912810UC0,TSRYS5860825,D,S,T,2024-09-24,1000000.00,4.116418,102.28125
08:00:48,912810UC0,TSRYS5860825,D,S,D,2024-09-24,1000000.00,4.12024,102.21484375
08:00:48,912810UC0,TSRYS5860825,D,B,C,2024-09-24,1000000.00,4.091768,102.7109375
08:00:48,912810UC0,TSRYS5860825,D,B,C,2024-09-24,5000000.00,4.142344,101.83203125
08:00:48,912810UC0,TSRYS5860825,D,S,D,2024-09-24,1000000.00,4.12024,102.21484375
08:00:48,912810UC0,TSRYS5860825,D,S,D,2024-09-24,1000000.00,4.12024,102.21484375
08:00:48,912810UC0,TSRYS5860825,D,S,T,2024-09-24,1000000.00,4.120015,102.21875
08:00:49,912810UC0,TSRYS5860825,D,S,T,2024-09-24,1000000.00,4.093556,102.6796875
08:00:49,912810UC0,TSRYS5860825,D,S,T,2024-09-24,1000000.00,4.120015,102.21875
08:00:49,912810UC0,TSRYS5860825,D,S,T,2024-09-24,1000000.00,4.120015,102.21875
08:00:49,912810UC0,TSRYS5860825,D,S,T,2024-09-24,1000000.00,4.120015,102.21875
08:00:49,912810UC0,TSRYS5860825,D,S,T,2024-09-24,1000000.00,4.120015,102.21875
08:00:49,912810UC0,TSRYS5860825,D,S,T,2024-09-24,1000000.00,4.120015,102.21875
08:00:49,912810UC0,TSRYS5860825,D,S,T,2024-09-24,1000000.00,4.094003,102.671875
08:00:49,912810UC0,TSRYS5860825,D,S,T,2024-09-24,1000000.00,4.094003,102.671875
08:00:49,912810UC0,TSRYS5860825,D,S,T,2024-09-24,1000000.00,4.093556,102.6796875
08:00:49,912810UC0,TSRYS5860825,D,S,D,2024-09-24,3000000.00,4.12171,102.18932
08:00:49,912810UC0,TSRYS5860825,D,S,T,2024-09-24,1000000.00,4.092662,102.6953125
08:00:49,912810UC0,TSRYS5860825,D,S,T,2024-09-24,1000000.00,4.093114,102.687398
08:00:49,912810UC0,TSRYS5860825,D,S,T,2024-09-24,1000000.00,4.092885,102.69140625
08:00:49,912810UC0,TSRYS5860825,D,S,T,2024-09-24,1000000.00,4.092221,102.703023
08:00:49,912810UC0,TSRYS5860825,D,S,T,2024-09-24,1000000.00,4.092221,102.703023
08:00:49,912810UC0,TSRYS5860825,D,S,T,2024-09-24,1000000.00,4.092221,102.703023
08:00:49,912810UC0,TSRYS5860825,D,S,T,2024-09-24,1000000.00,4.092662,102.6953125
08:00:49,912810UC0,TSRYS5860825,D,S,T,2024-09-24,1000000.00,4.092221,102.703023
08:00:49,912810UC0,TSRYS5860825,D,S,T,2024-09-24,1000000.00,4.092215,102.703125
08:00:50,912810UC0,TSRYS5860825,D,S,T,2024-09-24,1000000.00,4.091433,102.716796875
08:00:50,912810UC0,TSRYS5860825,D,S,T,2024-09-24,1000000.00,4.091321,102.71875
08:00:50,912810UC0,TSRYS5860825,D,S,D,2024-09-24,1000000.00,4.128347,102.07421875
08:00:50,912810UC0,TSRYS5860825,D,S,T,2024-09-24,1000000.00,4.128347,102.07421875
08:00:50,912810UC0,TSRYS5860825,D,S,T,2024-09-24,4000000.00,4.128572,102.0703125
08:00:50,912810UC0,TSRYS5860825,D,S,T,2024-09-24,1000000.00,4.128572,102.0703125
08:00:50,912810UC0,TSRYS5860825,D,S,D,2024-09-24,1000000.00,4.128572,102.0703125
08:00:50,912810UC0,TSRYS5860825,D,S,T,2024-09-24,1000000.00,4.128121,102.078125
08:00:50,912810UC0,TSRYS5860825,D,S,T,2024-09-24,1000000.00,4.129023,102.0625
08:00:50,912810UC0,TSRYS5860825,D,S,T,2024-09-24,1000000.00,4.132067,102.009765625
08:00:50,912810UC0,TSRYS5860825,D,S,T,2024-09-24,1000000.00,4.133421,101.986328125
08:00:50,912810UC0,TSRYS5860825,D,S,T,2024-09-24,1000000.00,4.134888,101.9609375
08:00:50,912810UC0,TSRYS5860825,D,S,D,2024-09-24,1000000.00,4.135227,101.955078125
08:00:51,912810UC0,TSRYS5860825,D,B,A,2024-09-24,5000000.00,4.089088,102.7578125
08:00:51,912810UC0,TSRYS5860825,D,S,T,2024-09-24,1000000.00,4.089534,102.75
08:00:51,912810UC0,TSRYS5860825,D,S,D,2024-09-24,1000000.00,4.088864,102.76171875
08:00:51,912810UC0,TSRYS5860825,D,S,D,2024-09-24,1000000.00,4.088864,102.76171875
08:00:51,912810UC0,TSRYS5860825,D,S,D,2024-09-24,1000000.00,4.087971,102.77734375
08:00:51,912810UC0,TSRYS5860825,D,S,D,2024-09-24,1000000.00,4.087971,102.77734375
08:00:51,912810UC0,TSRYS5860825,D,S,D,2024-09-24,1000000.00,4.087971,102.77734375
08:00:51,912810UC0,TSRYS5860825,D,S,T,2024-09-24,1000000.00,4.091321,102.71875
08:00:51,912810UC0,TSRYS5860825,D,S,T,2024-09-24,1000000.00,4.091321,102.71875
08:00:51,912810UC0,TSRYS5860825,D,S,T,2024-09-24,1000000.00,4.091321,102.71875
08:00:51,912810UC0,TSRYS5860825,D,S,T,2024-09-24,1000000.00,4.091321,102.71875
08:00:51,912810UC0,TSRYS5860825,D,S,T,2024-09-24,1000000.00,4.091321,102.71875
08:00:51,912810UC0,TSRYS5860825,D,S,T,2024-09-24,1000000.00,4.091321,102.71875
08:00:51,912810UC0,TSRYS5860825,D,S,D,2024-09-24,1000000.00,4.089534,102.75
08:00:51,912810UC0,TSRYS5860825,D,S,T,2024-09-24,1000000.00,4.092885,102.69140625
08:00:51,912810UC0,TSRYS5860825,D,S,D,2024-09-24,3000000.00,4.092862,102.69180625
08:00:52,912810UC0,TSRYS5860825,D,S,D,2024-09-24,1000000.00,4.090427,102.734375
08:00:52,912810UC0,TSRYS5860825,D,S,A,2024-09-24,171600.00,4.091098,102.72265625
08:00:52,912810UC0,TSRYS5860825,D,B,A,2024-09-24,5000000.00,4.09445,102.6640625
08:00:52,912810UC0,TSRYS5860825,D,S,D,2024-09-24,1000000.00,4.09445,102.6640625
08:00:53,912810UC0,TSRYS5860825,D,S,A,2024-09-24,859300.00,4.098029,102.6015625
08:00:53,912810UC0,TSRYS5860825,D,S,D,2024-09-24,1000000.00,4.103402,102.5078125
