tradeTime,cusip,issueSymbolIdentifier,priceType,reportingSideCode,contraPartyTypeCode,tradeDate,reportedTradeVolume,lastSaleYield,lastSalePrice
08:00:09,912810TX6,TSRYS5743665,D,S,A,2024-04-26,1000000.00,4.809762,91.1796875
08:00:09,912810TX6,TSRYS5743665,D,S,T,2024-04-26,1000000.00,4.80963,91.181640625
08:00:09,912810TX6,TSRYS5743665,D,S,T,2024-04-26,1000000.00,4.808702,91.1953125
08:00:09,912810TX6,TSRYS5743665,D,S,D,2024-04-26,1000000.00,4.808702,91.1953125
08:00:09,912810TX6,TSRYS5743665,D,S,D,2024-04-26,1000000.00,4.808702,91.1953125
08:00:09,912810TX6,TSRYS5743665,D,S,T,2024-04-26,1000000.00,4.809232,91.1875
08:00:09,912810TX6,TSRYS5743665,D,S,D,2024-04-26,1000000.00,4.807112,91.21875
08:00:09,912810TX6,TSRYS5743665,D,S,D,2024-04-26,1000000.00,4.807112,91.21875
08:00:09,912810TX6,TSRYS5743665,D,S,T,2024-04-26,1000000.00,4.806583,91.2265625
08:00:09,912810TX6,TSRYS5743665,D,S,T,2024-04-26,1000000.00,4.785972,91.53125
08:00:09,912810TX6,TSRYS5743665,D,S,D,2024-04-26,1000000.00,4.786104,91.529296875
08:00:09,912810TX6,TSRYS5743665,D,S,T,2024-04-26,1000000.00,4.78584,91.533203125
08:00:09,912810TX6,TSRYS5743665,D,S,D,2024-04-26,1000000.00,4.784259,91.556640625
08:00:09,912810TX6,TSRYS5743665,D,S,T,2024-04-26,1000000.00,4.781756,91.59375
08:00:09,912810TX6,TSRYS5743665,D,S,D,2024-04-26,1000000.00,4.792831,91.4296875
08:00:09,912810TX6,TSRYS5743665,D,S,D,2024-04-26,1000000.00,4.796529,91.375
08:00:09,912810TX6,TSRYS5743665,D,S,D,2024-04-26,1000000.00,4.796529,91.375
08:00:09,912810TX6,TSRYS5743665,D,S,D,2024-04-26,1000000.00,4.796529,91.375
08:00:09,912810TX6,TSRYS5743665,D,S,D,2024-04-26,1000000.00,4.796133,91.380859375
08:00:09,912810TX6,TSRYS5743665,D,S,D,2024-04-26,1000000.00,4.79468,91.40234375
08:00:09,912810TX6,TSRYS5743665,D,S,D,2024-04-26,17000000.00,4.793359,91.421875
08:00:09,912810TX6,TSRYS5743665,D,S,D,2024-04-26,1000000.00,4.79072,91.4609375
08:00:09,912810TX6,TSRYS5743665,D,S,D,2024-04-26,1000000.00,4.79072,91.4609375
08:00:09,912810TX6,TSRYS5743665,D,S,D,2024-04-26,1000000.00,4.79072,91.4609375
08:00:09,912810TX6,TSRYS5743665,D,S,D,2024-04-26,1000000.00,4.79072,91.4609375
08:00:09,912810TX6,TSRYS5743665,D,S,D,2024-04-26,1000000.00,4.792699,91.431640625
08:00:09,912810TX6,TSRYS5743665,D,S,D,2024-04-26,1000000.00,4.788345,91.49609375
08:00:10,912810TX6,TSRYS5743665,D,S,D,2024-04-26,1000000.00,4.822504,90.9921875
08:00:10,912810TX6,TSRYS5743665,D,S,D,2024-04-26,1000000.00,4.822504,90.9921875
08:00:10,912810TX6,TSRYS5743665,D,S,T,2024-04-26,1000000.00,4.82277,90.98828125
08:00:10,912810TX6,TSRYS5743665,D,S,T,2024-04-26,1000000.00,4.824499,90.962890625
08:00:10,912810TX6,TSRYS5743665,D,S,T,2024-04-26,1000000.00,4.8241,90.96875
08:00:10,912810TX6,TSRYS5743665,D,S,T,2024-04-26,1000000.00,4.819448,91.037109375
08:00:10,912810TX6,TSRYS5743665,D,S,T,2024-04-26,1000000.00,4.818784,91.046875
08:00:10,912810TX6,TSRYS5743665,D,S,T,2024-04-26,1000000.00,4.818784,91.046875
08:00:10,912810TX6,TSRYS5743665,D,S,T,2024-04-26,1000000.00,4.817722,91.0625
08:00:10,912810TX6,TSRYS5743665,D,S,D,2024-04-26,1000000.00,4.817722,91.0625
08:00:10,912810TX6,TSRYS5743665,D,S,D,2024-04-26,1000000.00,4.818253,91.0546875
08:00:10,912810TX6,TSRYS5743665,D,S,D,2024-04-26,1000000.00,4.817722,91.0625
08:00:10,912810TX6,TSRYS5743665,D,S,D,2024-04-26,1000000.00,4.818253,91.0546875
08:00:10,912810TX6,TSRYS5743665,D,S,T,2024-04-26,1000000.00,4.817722,91.0625
08:00:10,912810TX6,TSRYS5743665,D,S,T,2024-04-26,1000000.00,4.818386,91.052734375
08:00:10,912810TX6,TSRYS5743665,D,S,T,2024-04-26,1000000.00,4.817722,91.0625
08:00:10,912810TX6,TSRYS5743665,D,S,D,2024-04-26,1000000.00,4.815598,91.09375
08:00:10,912810TX6,TSRYS5743665,D,S,T,2024-04-26,1000000.00,4.812414,91.140625
08:00:10,912810TX6,TSRYS5743665,D,S,T,2024-04-26,1000000.00,4.811353,91.15625
08:00:10,912810TX6,TSRYS5743665,D,S,D,2024-04-26,1000000.00,4.809232,91.1875
08:00:10,912810TX6,TSRYS5743665,D,S,T,2024-04-26,2000000.00,4.807112,91.21875
08:00:10,912810TX6,TSRYS5743665,D,S,T,2024-04-26,1000000.00,4.808172,91.203125
08:00:10,912810TX6,TSRYS5743665,D,S,T,2024-04-26,1000000.00,4.804994,91.25
08:00:11,912810TX6,TSRYS5743665,D,S,T,2024-04-26,1000000.00,4.784918,91.546875
08:00:11,912810TX6,TSRYS5743665,D,S,T,2024-04-26,1000000.00,4.781756,91.59375
08:00:11,912810TX6,TSRYS5743665,D,S,T,2024-04-26,1000000.00,4.781756,91.59375
08:00:11,912810TX6,TSRYS5743665,D,S,T,2024-04-26,2000000.00,4.783864,91.5625
08:00:11,912810TX6,TSRYS5743665,D,S,T,2024-04-26,1000000.00,4.784918,91.546875
08:00:11,912810TX6,TSRYS5743665,D,S,T,2024-04-26,1000000.00,4.784918,91.546875
08:00:11,912810TX6,TSRYS5743665,D,S,T,2024-04-26,1000000.00,4.784918,91.546875
08:00:11,912810TX6,TSRYS5743665,D,S,T,2024-04-26,1000000.00,4.792303,91.4375
08:00:11,912810TX6,TSRYS5743665,D,S,T,2024-04-26,1000000.00,4.792303,91.4375
08:00:11,912810TX6,TSRYS5743665,D,S,T,2024-04-26,1000000.00,4.791247,91.453125
08:00:11,912810TX6,TSRYS5743665,D,S,T,2024-04-26,1000000.00,4.792831,91.4296875
08:00:11,912810TX6,TSRYS5743665,D,S,D,2024-04-26,1000000.00,4.793887,91.4140625
08:00:11,912810TX6,TSRYS5743665,D,S,T,2024-04-26,1000000.00,4.79402,91.412109375
08:00:11,912810TX6,TSRYS5743665,D,S,T,2024-04-26,1000000.00,4.794416,91.40625
08:00:11,912810TX6,TSRYS5743665,D,S,T,2024-04-26,1000000.00,4.792567,91.43359375
08:00:11,912810TX6,TSRYS5743665,D,S,T,2024-04-26,1000000.00,4.792567,91.43359375
08:00:11,912810TX6,TSRYS5743665,D,S,T,2024-04-26,1000000.00,4.796001,91.3828125
08:00:11,912810TX6,TSRYS5743665,D,S,T,2024-04-26,1000000.00,4.794416,91.40625
08:00:11,912810TX6,TSRYS5743665,D,S,T,2024-04-26,1000000.00,4.789928,91.47265625
08:00:11,912810TX6,TSRYS5743665,D,S,D,2024-04-26,1000000.00,4.789664,91.4765625
08:00:11,912810TX6,TSRYS5743665,D,S,D,2024-04-26,1000000.00,4.789664,91.4765625
08:00:11,912810TX6,TSRYS5743665,D,S,T,2024-04-26,1000000.00,4.789664,91.4765625
08:00:12,912810TX6,TSRYS5743665,D,S,D,2024-04-26,20000.00,4.789163,91.483975
08:00:12,912810TX6,TSRYS5743665,D,B,C,2024-04-26,20000.00,4.789163,91.458975
08:00:13,912810TX6,TSRYS5743665,D,S,A,2024-04-26,29000000.00,4.815528,91.09375
08:00:13,912810TX6,TSRYS5743665,D,S,T,2024-04-26,1000000.00,4.810292,91.171875
08:00:13,912810TX6,TSRYS5743665,D,S,T,2024-04-26,1000000.00,4.810292,91.171875
08:00:13,912810TX6,TSRYS5743665,D,S,T,2024-04-26,1000000.00,4.810292,91.171875
08:00:13,912810TX6,TSRYS5743665,D,B,C,2024-04-26,5000000.00,4.809232,91.1875
08:00:15,912810TX6,TSRYS5743665,D,S,D,2024-04-26,1000000.00,4.818784,91.046875
08:00:15,912810TX6,TSRYS5743665,D,B,C,2024-04-26,1000000.00,4.818784,91.046875
08:00:15,912810TX6,TSRYS5743665,D,S,D,2024-04-26,1000000.00,4.818784,91.046875
08:00:15,912810TX6,TSRYS5743665,D,B,C,2024-04-26,1000000.00,4.818784,91.046875
08:00:15,912810TX6,TSRYS5743665,D,S,D,2024-04-26,1000000.00,4.814536,91.109375
08:00:15,912810TX6,TSRYS5743665,D,S,D,2024-04-26,1000000.00,4.813475,91.125
08:00:18,912810TX6,TSRYS5743665,D,S,A,2024-04-26,20000000.00,4.810292,91.171875
08:00:19,912810TX6,TSRYS5743665,D,B,C,2024-04-26,600000.00,4.806053,91.234375
08:00:20,912810TX6,TSRYS5743665,D,S,D,2024-04-26,1000000.00,4.810823,91.1640625
08:00:20,912810TX6,TSRYS5743665,D,S,D,2024-04-26,1000000.00,4.808702,91.1953125
08:00:21,912810TX6,TSRYS5743665,D,S,D,2024-04-26,1000000.00,4.808702,91.1953125
08:00:21,912810TX6,TSRYS5743665,D,S,D,2024-04-26,1000000.00,4.807112,91.21875
08:00:21,912810TX6,TSRYS5743665,D,S,D,2024-04-26,1000000.00,4.807112,91.21875
08:00:21,912810TX6,TSRYS5743665,D,S,D,2024-04-26,1000000.00,4.807112,91.21875
08:00:21,912810TX6,TSRYS5743665,D,S,D,2024-04-26,1000000.00,4.809232,91.1875
08:00:21,912810TX6,TSRYS5743665,D,S,D,2024-04-26,1000000.00,4.809232,91.1875
08:00:23,912810TX6,TSRYS5743665,D,B,C,2024-04-26,1000000.00,4.787027,91.515625
08:00:23,912810TX6,TSRYS5743665,D,S,D,2024-04-26,3000000.00,4.793095,91.42578125
08:00:23,912810TX6,TSRYS5743665,D,S,D,2024-04-26,2000000.00,4.793359,91.421875
08:00:23,912810TX6,TSRYS5743665,D,S,A,2024-04-26,1300000.00,4.780703,91.609375
08:00:25,912810TX6,TSRYS5743665,D,B,C,2024-04-26,10000000.00,4.791775,91.4453125
08:00:25,912810TX6,TSRYS5743665,D,S,T,2024-04-26,4000000.00,4.791247,91.453125
08:00:25,912810TX6,TSRYS5743665,D,S,T,2024-04-26,1000000.00,4.791247,91.453125
08:00:26,912810TX6,TSRYS5743665,D,S,D,2024-04-26,1000000.00,4.806053,91.234375
08:00:26,912810TX6,TSRYS5743665,D,S,T,2024-04-26,1000000.00,4.791247,91.453125
08:00:26,912810TX6,TSRYS5743665,D,S,T,2024-04-26,1000000.00,4.791247,91.453125
08:00:26,912810TX6,TSRYS5743665,D,S,T,2024-04-26,1000000.00,4.791247,91.453125
08:00:26,912810TX6,TSRYS5743665,D,S,T,2024-04-26,1000000.00,4.791247,91.453125
08:00:27,912810TX6,TSRYS5743665,D,S,T,2024-04-26,1000000.00,4.791247,91.453125
08:00:27,912810TX6,TSRYS5743665,D,B,C,2024-04-26,10000000.00,4.787027,91.515625
08:00:27,912810TX6,TSRYS5743665,D,S,T,2024-04-26,1000000.00,4.787027,91.515625
08:00:27,912810TX6,TSRYS5743665,D,S,T,2024-04-26,1000000.00,4.785972,91.53125
08:00:28,912810TX6,TSRYS5743665,D,S,T,2024-04-26,1000000.00,4.787027,91.515625
08:00:28,912810TX6,TSRYS5743665,D,S,T,2024-04-26,1000000.00,4.787027,91.515625
08:00:28,912810TX6,TSRYS5743665,D,S,C,2024-04-26,1000000.00,4.793359,91.421875
08:00:28,912810TX6,TSRYS5743665,D,S,C,2024-04-26,1000000.00,4.793359,91.421875
08:00:28,912810TX6,TSRYS5743665,D,S,D,2024-04-26,1000000.00,4.792567,91.43359375
08:00:28,912810TX6,TSRYS5743665,D,S,D,2024-04-26,1000000.00,4.78729,91.51171875
08:00:28,912810TX6,TSRYS5743665,D,S,T,2024-04-26,1000000.00,4.787027,91.515625
08:00:28,912810TX6,TSRYS5743665,D,S,T,2024-04-26,1000000.00,4.787027,91.515625
08:00:29,912810TX6,TSRYS5743665,D,S,T,2024-04-26,1000000.00,4.787027,91.515625
08:00:29,912810TX6,TSRYS5743665,D,S,T,2024-04-26,3000000.00,4.787027,91.515625
08:00:29,912810TX6,TSRYS5743665,D,S,T,2024-04-26,1000000.00,4.785972,91.53125
08:00:29,912810TX6,TSRYS5743665,D,S,T,2024-04-26,3000000.00,4.785972,91.53125
08:00:29,912810TX6,TSRYS5743665,D,S,T,2024-04-26,1000000.00,4.787027,91.515625
08:00:29,912810TX6,TSRYS5743665,D,S,T,2024-04-26,4000000.00,4.785972,91.53125
08:00:30,912810TX6,TSRYS5743665,D,S,T,2024-04-26,1000000.00,4.82091,91.015625
08:00:30,912810TX6,TSRYS5743665,D,S,T,2024-04-26,1000000.00,4.818784,91.046875
08:00:30,912810TX6,TSRYS5743665,D,S,T,2024-04-26,1000000.00,4.814536,91.109375
08:00:30,912810TX6,TSRYS5743665,D,S,T,2024-04-26,1000000.00,4.813475,91.125
08:00:30,912810TX6,TSRYS5743665,D,S,T,2024-04-26,1000000.00,4.814536,91.109375
08:00:30,912810TX6,TSRYS5743665,D,S,T,2024-04-26,1000000.00,4.814536,91.109375
08:00:30,912810TX6,TSRYS5743665,D,S,T,2024-04-26,1000000.00,4.815598,91.09375
08:00:30,912810TX6,TSRYS5743665,D,S,T,2024-04-26,1000000.00,4.813475,91.125
08:00:30,912810TX6,TSRYS5743665,D,S,T,2024-04-26,1000000.00,4.811353,91.15625
08:00:30,912810TX6,TSRYS5743665,D,S,T,2024-04-26,1000000.00,4.810292,91.171875
08:00:30,912810TX6,TSRYS5743665,D,S,T,2024-04-26,2000000.00,4.808702,91.1953125
08:00:30,912810TX6,TSRYS5743665,D,S,T,2024-04-26,1000000.00,4.809232,91.1875
08:00:30,912810TX6,TSRYS5743665,D,S,T,2024-04-26,4000000.00,4.807112,91.21875
08:00:30,912810TX6,TSRYS5743665,D,S,T,2024-04-26,1000000.00,4.808835,91.193359375
08:00:30,912810TX6,TSRYS5743665,D,S,T,2024-04-26,1000000.00,4.808702,91.1953125
08:00:30,912810TX6,TSRYS5743665,D,S,T,2024-04-26,1000000.00,4.809232,91.1875
08:00:30,912810TX6,TSRYS5743665,D,S,T,2024-04-26,1000000.00,4.807112,91.21875
08:00:30,912810TX6,TSRYS5743665,D,S,T,2024-04-26,1000000.00,4.807112,91.21875
08:00:30,912810TX6,TSRYS5743665,D,S,T,2024-04-26,1000000.00,4.805126,91.248046875
08:00:30,912810TX6,TSRYS5743665,D,S,T,2024-04-26,1000000.00,4.804994,91.25
08:00:30,912810TX6,TSRYS5743665,D,S,T,2024-04-26,1000000.00,4.798247,91.349609375
08:00:30,912810TX6,TSRYS5743665,D,S,T,2024-04-26,1000000.00,4.798247,91.349609375
08:00:30,912810TX6,TSRYS5743665,D,S,T,2024-04-26,2000000.00,4.798776,91.341796875
08:00:30,912810TX6,TSRYS5743665,D,S,T,2024-04-26,1000000.00,4.798644,91.34375
08:00:30,912810TX6,TSRYS5743665,D,S,T,2024-04-26,1000000.00,4.799701,91.328125
08:00:30,912810TX6,TSRYS5743665,D,S,T,2024-04-26,1000000.00,4.799701,91.328125
08:00:30,912810TX6,TSRYS5743665,D,S,T,2024-04-26,1000000.00,4.800759,91.3125
08:00:30,912810TX6,TSRYS5743665,D,S,T,2024-04-26,1000000.00,4.798644,91.34375
08:00:30,912810TX6,TSRYS5743665,D,S,T,2024-04-26,1000000.00,4.798776,91.341796875
08:00:30,912810TX6,TSRYS5743665,D,S,T,2024-04-26,1000000.00,4.796661,91.373046875
08:00:30,912810TX6,TSRYS5743665,D,S,T,2024-04-26,1000000.00,4.796661,91.373046875
08:00:30,912810TX6,TSRYS5743665,D,S,T,2024-04-26,1000000.00,4.796661,91.373046875
08:00:30,912810TX6,TSRYS5743665,D,S,T,2024-04-26,1000000.00,4.795604,91.388671875
08:00:30,912810TX6,TSRYS5743665,D,S,T,2024-04-26,1000000.00,4.787027,91.515625
08:00:30,912810TX6,TSRYS5743665,D,S,T,2024-04-26,1000000.00,4.785708,91.53515625
08:00:30,912810TX6,TSRYS5743665,D,S,T,2024-04-26,2000000.00,4.787027,91.515625
08:00:30,912810TX6,TSRYS5743665,D,S,T,2024-04-26,1000000.00,4.785445,91.5390625
08:00:30,912810TX6,TSRYS5743665,D,S,T,2024-04-26,1000000.00,4.785445,91.5390625
08:00:30,912810TX6,TSRYS5743665,D,S,T,2024-04-26,1000000.00,4.785313,91.541015625
08:00:30,912810TX6,TSRYS5743665,D,S,T,2024-04-26,1000000.00,4.78505,91.544921875
08:00:30,912810TX6,TSRYS5743665,D,S,T,2024-04-26,1000000.00,4.786104,91.529296875
08:00:30,912810TX6,TSRYS5743665,D,S,T,2024-04-26,1000000.00,4.786104,91.529296875
08:00:30,912810TX6,TSRYS5743665,D,S,D,2024-04-26,2000000.00,4.786236,91.52734375
08:00:30,912810TX6,TSRYS5743665,D,S,T,2024-04-26,1000000.00,4.783864,91.5625
08:00:30,912810TX6,TSRYS5743665,D,S,T,2024-04-26,1000000.00,4.783864,91.5625
08:00:30,912810TX6,TSRYS5743665,D,S,T,2024-04-26,1000000.00,4.783864,91.5625
08:00:30,912810TX6,TSRYS5743665,D,S,T,2024-04-26,1000000.00,4.783864,91.5625
08:00:30,912810TX6,TSRYS5743665,D,S,T,2024-04-26,1000000.00,4.784918,91.546875
08:00:30,912810TX6,TSRYS5743665,D,S,T,2024-04-26,1000000.00,4.788081,91.5
08:00:30,912810TX6,TSRYS5743665,D,S,T,2024-04-26,1000000.00,4.790192,91.46875
08:00:30,912810TX6,TSRYS5743665,D,S,T,2024-04-26,1000000.00,4.792303,91.4375
08:00:30,912810TX6,TSRYS5743665,D,S,D,2024-04-26,1000000.00,4.790192,91.46875
08:00:30,912810TX6,TSRYS5743665,D,S,T,2024-04-26,1000000.00,4.790192,91.46875
08:00:30,912810TX6,TSRYS5743665,D,S,T,2024-04-26,1000000.00,4.790192,91.46875
08:00:33,912810TX6,TSRYS5743665,D,S,T,2024-04-26,1000000.00,4.787027,91.515625
08:00:33,912810TX6,TSRYS5743665,D,S,T,2024-04-26,1000000.00,4.786499,91.5234375
08:00:33,912810TX6,TSRYS5743665,D,S,T,2024-04-26,1000000.00,4.786499,91.5234375
08:00:33,912810TX6,TSRYS5743665,D,S,T,2024-04-26,1000000.00,4.786499,91.5234375
08:00:33,912810TX6,TSRYS5743665,D,S,T,2024-04-26,1000000.00,4.785972,91.53125
08:00:33,912810TX6,TSRYS5743665,D,S,T,2024-04-26,1000000.00,4.78281,91.578125
08:00:33,912810TX6,TSRYS5743665,D,S,T,2024-04-26,1000000.00,4.78281,91.578125
08:00:33,912810TX6,TSRYS5743665,D,S,T,2024-04-26,1000000.00,4.781756,91.59375
08:00:33,912810TX6,TSRYS5743665,D,S,T,2024-04-26,1000000.00,4.781756,91.59375
08:00:33,912810TX6,TSRYS5743665,D,S,T,2024-04-26,1000000.00,4.781756,91.59375
08:00:33,912810TX6,TSRYS5743665,D,S,T,2024-04-26,1000000.00,4.78281,91.578125
08:00:33,912810TX6,TSRYS5743665,D,S,T,2024-04-26,1000000.00,4.787027,91.515625
08:00:33,912810TX6,TSRYS5743665,D,S,T,2024-04-26,1000000.00,4.787027,91.515625
08:00:33,912810TX6,TSRYS5743665,D,S,T,2024-04-26,1000000.00,4.787027,91.515625
08:00:33,912810TX6,TSRYS5743665,D,S,T,2024-04-26,1000000.00,4.787027,91.515625
08:00:33,912810TX6,TSRYS5743665,D,S,T,2024-04-26,1000000.00,4.783337,91.5703125
08:00:33,912810TX6,TSRYS5743665,D,S,T,2024-04-26,1000000.00,4.783864,91.5625
08:00:33,912810TX6,TSRYS5743665,D,S,T,2024-04-26,1000000.00,4.783864,91.5625
08:00:33,912810TX6,TSRYS5743665,D,S,T,2024-04-26,1000000.00,4.784918,91.546875
08:00:33,912810TX6,TSRYS5743665,D,S,T,2024-04-26,1000000.00,4.785972,91.53125
08:00:33,912810TX6,TSRYS5743665,D,S,T,2024-04-26,1000000.00,4.789136,91.484375
08:00:33,912810TX6,TSRYS5743665,D,S,T,2024-04-26,1000000.00,4.789136,91.484375
08:00:33,912810TX6,TSRYS5743665,D,S,T,2024-04-26,1000000.00,4.789136,91.484375
08:00:33,912810TX6,TSRYS5743665,D,S,T,2024-04-26,1000000.00,4.789136,91.484375
08:00:33,912810TX6,TSRYS5743665,D,S,T,2024-04-26,1000000.00,4.788741,91.490234375
08:00:33,912810TX6,TSRYS5743665,D,S,T,2024-04-26,1000000.00,4.788609,91.4921875
08:00:33,912810TX6,TSRYS5743665,D,S,T,2024-04-26,1000000.00,4.788477,91.494140625
08:00:33,912810TX6,TSRYS5743665,D,S,T,2024-04-26,1000000.00,4.788345,91.49609375
08:00:33,912810TX6,TSRYS5743665,D,S,T,2024-04-26,1000000.00,4.788213,91.498046875
08:00:33,912810TX6,TSRYS5743665,D,S,T,2024-04-26,1000000.00,4.78729,91.51171875
08:00:33,912810TX6,TSRYS5743665,D,S,T,2024-04-26,1000000.00,4.787027,91.515625
08:00:33,912810TX6,TSRYS5743665,D,S,T,2024-04-26,1000000.00,4.789136,91.484375
08:00:33,912810TX6,TSRYS5743665,D,S,T,2024-04-26,1000000.00,4.789136,91.484375
08:00:33,912810TX6,TSRYS5743665,D,S,T,2024-04-26,1000000.00,4.789136,91.484375
08:00:33,912810TX6,TSRYS5743665,D,S,T,2024-04-26,1000000.00,4.788081,91.5
08:00:33,912810TX6,TSRYS5743665,D,S,T,2024-04-26,1000000.00,4.789136,91.484375
08:00:33,912810TX6,TSRYS5743665,D,S,T,2024-04-26,1000000.00,4.789136,91.484375
08:00:33,912810TX6,TSRYS5743665,D,S,T,2024-04-26,1000000.00,4.789136,91.484375
08:00:33,912810TX6,TSRYS5743665,D,S,T,2024-04-26,1000000.00,4.789136,91.484375
08:00:33,912810TX6,TSRYS5743665,D,S,T,2024-04-26,1000000.00,4.789136,91.484375
08:00:33,912810TX6,TSRYS5743665,D,S,T,2024-04-26,1000000.00,4.790192,91.46875
08:00:33,912810TX6,TSRYS5743665,D,S,T,2024-04-26,1000000.00,4.790192,91.46875
08:00:33,912810TX6,TSRYS5743665,D,S,T,2024-04-26,1000000.00,4.790192,91.46875
08:00:33,912810TX6,TSRYS5743665,D,S,T,2024-04-26,1000000.00,4.790192,91.46875
08:00:33,912810TX6,TSRYS5743665,D,S,T,2024-04-26,1000000.00,4.792303,91.4375
08:00:33,912810TX6,TSRYS5743665,D,S,T,2024-04-26,1000000.00,4.791247,91.453125
08:00:33,912810TX6,TSRYS5743665,D,S,T,2024-04-26,1000000.00,4.791907,91.443359375
08:00:33,912810TX6,TSRYS5743665,D,S,T,2024-04-26,1000000.00,4.791775,91.4453125
08:00:33,912810TX6,TSRYS5743665,D,S,T,2024-04-26,1000000.00,4.793359,91.421875
08:00:33,912810TX6,TSRYS5743665,D,S,T,2024-04-26,1000000.00,4.791247,91.453125
08:00:33,912810TX6,TSRYS5743665,D,S,T,2024-04-26,1000000.00,4.791247,91.453125
08:00:33,912810TX6,TSRYS5743665,D,S,T,2024-04-26,1000000.00,4.792303,91.4375
08:00:33,912810TX6,TSRYS5743665,D,S,T,2024-04-26,1000000.00,4.791379,91.451171875
08:00:33,912810TX6,TSRYS5743665,D,S,T,2024-04-26,1000000.00,4.791247,91.453125
08:00:33,912810TX6,TSRYS5743665,D,S,T,2024-04-26,1000000.00,4.791247,91.453125
08:00:33,912810TX6,TSRYS5743665,D,S,T,2024-04-26,1000000.00,4.792303,91.4375
08:00:33,912810TX6,TSRYS5743665,D,S,T,2024-04-26,1000000.00,4.796529,91.375
08:00:33,912810TX6,TSRYS5743665,D,S,T,2024-04-26,1000000.00,4.796529,91.375
08:00:33,912810TX6,TSRYS5743665,D,S,T,2024-04-26,1000000.00,4.795472,91.390625
08:00:33,912810TX6,TSRYS5743665,D,S,T,2024-04-26,1000000.00,4.794416,91.40625
08:00:33,912810TX6,TSRYS5743665,D,S,T,2024-04-26,1000000.00,4.792567,91.43359375
08:00:33,912810TX6,TSRYS5743665,D,S,T,2024-04-26,1000000.00,4.795472,91.390625
08:00:33,912810TX6,TSRYS5743665,D,S,T,2024-04-26,1000000.00,4.795472,91.390625
08:00:33,912810TX6,TSRYS5743665,D,S,T,2024-04-26,1000000.00,4.796529,91.375
08:00:33,912810TX6,TSRYS5743665,D,S,T,2024-04-26,1000000.00,4.796529,91.375
08:00:33,912810TX6,TSRYS5743665,D,S,T,2024-04-26,1000000.00,4.794548,91.404296875
08:00:33,912810TX6,TSRYS5743665,D,S,T,2024-04-26,1000000.00,4.794416,91.40625
08:00:33,912810TX6,TSRYS5743665,D,S,D,2024-04-26,1000000.00,4.79072,91.4609375
08:00:33,912810TX6,TSRYS5743665,D,S,T,2024-04-26,1000000.00,4.790192,91.46875
08:00:33,912810TX6,TSRYS5743665,D,S,T,2024-04-26,1000000.00,4.790192,91.46875
08:00:33,912810TX6,TSRYS5743665,D,S,T,2024-04-26,1000000.00,4.790192,91.46875
08:00:33,912810TX6,TSRYS5743665,D,S,T,2024-04-26,1000000.00,4.793359,91.421875
08:00:33,912810TX6,TSRYS5743665,D,S,T,2024-04-26,1000000.00,4.794416,91.40625
08:00:33,912810TX6,TSRYS5743665,D,S,T,2024-04-26,1000000.00,4.795472,91.390625
08:00:33,912810TX6,TSRYS5743665,D,S,T,2024-04-26,1000000.00,4.795472,91.390625
08:00:33,912810TX6,TSRYS5743665,D,S,T,2024-04-26,1000000.00,4.796661,91.373046875
08:00:33,912810TX6,TSRYS5743665,D,S,T,2024-04-26,1000000.00,4.796529,91.375
08:00:33,912810TX6,TSRYS5743665,D,S,T,2024-04-26,1000000.00,4.797586,91.359375
08:00:33,912810TX6,TSRYS5743665,D,S,T,2024-04-26,1000000.00,4.797586,91.359375
08:00:33,912810TX6,TSRYS5743665,D,S,T,2024-04-26,1000000.00,4.794548,91.404296875
08:00:33,912810TX6,TSRYS5743665,D,S,T,2024-04-26,1000000.00,4.794416,91.40625
08:00:33,912810TX6,TSRYS5743665,D,S,T,2024-04-26,1000000.00,4.793491,91.419921875
08:00:33,912810TX6,TSRYS5743665,D,S,T,2024-04-26,1000000.00,4.793755,91.416015625
08:00:33,912810TX6,TSRYS5743665,D,S,T,2024-04-26,1000000.00,4.793359,91.421875
08:00:33,912810TX6,TSRYS5743665,D,S,T,2024-04-26,1000000.00,4.792699,91.431640625
08:00:33,912810TX6,TSRYS5743665,D,S,D,2024-04-26,1000000.00,4.790192,91.46875
08:00:33,912810TX6,TSRYS5743665,D,S,D,2024-04-26,1000000.00,4.822239,90.99609375
08:00:33,912810TX6,TSRYS5743665,D,S,D,2024-04-26,1000000.00,4.824632,90.9609375
08:00:33,912810TX6,TSRYS5743665,D,S,D,2024-04-26,1000000.00,4.814536,91.109375
08:00:33,912810TX6,TSRYS5743665,D,S,D,2024-04-26,1000000.00,4.813475,91.125
08:00:33,912810TX6,TSRYS5743665,D,S,D,2024-04-26,1000000.00,4.808702,91.1953125
08:00:33,912810TX6,TSRYS5743665,D,S,D,2024-04-26,1000000.00,4.808702,91.1953125
08:00:33,912810TX6,TSRYS5743665,D,S,D,2024-04-26,1000000.00,4.807112,91.21875
08:00:33,912810TX6,TSRYS5743665,D,S,D,2024-04-26,1000000.00,4.807112,91.21875
08:00:33,912810TX6,TSRYS5743665,D,S,D,2024-04-26,1000000.00,4.807112,91.21875
08:00:33,912810TX6,TSRYS5743665,D,S,D,2024-04-26,1000000.00,4.809232,91.1875
08:00:33,912810TX6,TSRYS5743665,D,S,D,2024-04-26,1000000.00,4.797851,91.35546875
08:00:33,912810TX6,TSRYS5743665,D,S,D,2024-04-26,1000000.00,4.798115,91.3515625
08:00:33,912810TX6,TSRYS5743665,D,S,D,2024-04-26,1000000.00,4.797851,91.35546875
08:00:33,912810TX6,TSRYS5743665,D,S,D,2024-04-26,1000000.00,4.793359,91.421875
08:00:33,912810TX6,TSRYS5743665,D,S,D,2024-04-26,1000000.00,4.792567,91.43359375
08:00:33,912810TX6,TSRYS5743665,D,S,D,2024-04-26,1000000.00,4.790456,91.46484375
08:00:33,912810TX6,TSRYS5743665,D,S,D,2024-04-26,1000000.00,4.789664,91.4765625
08:00:33,912810TX6,TSRYS5743665,D,S,D,2024-04-26,1000000.00,4.784918,91.546875
08:00:33,912810TX6,TSRYS5743665,D,S,D,2024-04-26,1000000.00,4.788873,91.48828125
08:00:33,912810TX6,TSRYS5743665,D,S,D,2024-04-26,1000000.00,4.789928,91.47265625
08:00:33,912810TX6,TSRYS5743665,D,S,D,2024-04-26,1000000.00,4.789136,91.484375
08:00:33,912810TX6,TSRYS5743665,D,S,D,2024-04-26,1000000.00,4.789928,91.47265625
08:00:33,912810TX6,TSRYS5743665,D,S,D,2024-04-26,1000000.00,4.790983,91.45703125
08:00:33,912810TX6,TSRYS5743665,D,S,D,2024-04-26,1000000.00,4.791247,91.453125
08:00:33,912810TX6,TSRYS5743665,D,S,D,2024-04-26,1000000.00,4.791511,91.44921875
08:00:33,912810TX6,TSRYS5743665,D,S,D,2024-04-26,1000000.00,4.792039,91.44140625
08:00:33,912810TX6,TSRYS5743665,D,S,D,2024-04-26,1000000.00,4.793095,91.42578125
08:00:33,912810TX6,TSRYS5743665,D,S,D,2024-04-26,1000000.00,4.792303,91.4375
08:00:33,912810TX6,TSRYS5743665,D,S,D,2024-04-26,1000000.00,4.795472,91.390625
08:00:33,912810TX6,TSRYS5743665,D,S,D,2024-04-26,1000000.00,4.797322,91.36328125
08:00:33,912810TX6,TSRYS5743665,D,S,D,2024-04-26,1000000.00,4.796529,91.375
08:00:33,912810TX6,TSRYS5743665,D,S,D,2024-04-26,1000000.00,4.792831,91.4296875
08:00:33,912810TX6,TSRYS5743665,D,S,D,2024-04-26,1000000.00,4.792567,91.43359375
08:00:33,912810TX6,TSRYS5743665,D,S,D,2024-04-26,1000000.00,4.792567,91.43359375
08:00:33,912810TX6,TSRYS5743665,D,S,D,2024-04-26,1000000.00,4.790192,91.46875
08:00:33,912810TX6,TSRYS5743665,D,S,D,2024-04-26,1000000.00,4.822372,90.994140625
08:00:33,912810TX6,TSRYS5743665,D,S,D,2024-04-26,1000000.00,4.821707,91.00390625
08:00:33,912810TX6,TSRYS5743665,D,S,D,2024-04-26,1000000.00,4.822504,90.9921875
08:00:33,912810TX6,TSRYS5743665,D,S,D,2024-04-26,1000000.00,4.824632,90.9609375
08:00:33,912810TX6,TSRYS5743665,D,S,D,2024-04-26,1000000.00,4.820511,91.021484375
08:00:33,912810TX6,TSRYS5743665,D,S,D,2024-04-26,1000000.00,4.812944,91.1328125
08:00:33,912810TX6,TSRYS5743665,D,S,D,2024-04-26,1000000.00,4.814536,91.109375
08:00:33,912810TX6,TSRYS5743665,D,S,D,2024-04-26,1000000.00,4.810027,91.17578125
08:00:33,912810TX6,TSRYS5743665,D,S,D,2024-04-26,1000000.00,4.81016,91.173828125
08:00:33,912810TX6,TSRYS5743665,D,S,D,2024-04-26,1000000.00,4.810292,91.171875
08:00:33,912810TX6,TSRYS5743665,D,S,D,2024-04-26,1000000.00,4.810292,91.171875
08:00:33,912810TX6,TSRYS5743665,D,S,D,2024-04-26,1000000.00,4.810027,91.17578125
08:00:33,912810TX6,TSRYS5743665,D,S,D,2024-04-26,1000000.00,4.810292,91.171875
08:00:33,912810TX6,TSRYS5743665,D,S,D,2024-04-26,1000000.00,4.810292,91.171875
08:00:33,912810TX6,TSRYS5743665,D,S,D,2024-04-26,1000000.00,4.80963,91.181640625
08:00:33,912810TX6,TSRYS5743665,D,S,D,2024-04-26,1000000.00,4.797851,91.35546875
08:00:33,912810TX6,TSRYS5743665,D,S,D,2024-04-26,1000000.00,4.797983,91.353515625
08:00:33,912810TX6,TSRYS5743665,D,S,D,2024-04-26,1000000.00,4.798115,91.3515625
08:00:33,912810TX6,TSRYS5743665,D,S,D,2024-04-26,1000000.00,4.797851,91.35546875
08:00:33,912810TX6,TSRYS5743665,D,S,T,2024-04-26,1000000.00,4.785972,91.53125
08:00:33,912810TX6,TSRYS5743665,D,S,D,2024-04-26,1000000.00,4.786631,91.521484375
08:00:33,912810TX6,TSRYS5743665,D,S,D,2024-04-26,1000000.00,4.784654,91.55078125
08:00:33,912810TX6,TSRYS5743665,D,S,D,2024-04-26,1000000.00,4.785577,91.537109375
08:00:33,912810TX6,TSRYS5743665,D,S,D,2024-04-26,1000000.00,4.785577,91.537109375
08:00:33,912810TX6,TSRYS5743665,D,S,D,2024-04-26,1000000.00,4.786104,91.529296875
08:00:33,912810TX6,TSRYS5743665,D,S,D,2024-04-26,1000000.00,4.791775,91.4453125
08:00:33,912810TX6,TSRYS5743665,D,S,D,2024-04-26,1000000.00,4.790324,91.466796875
08:00:33,912810TX6,TSRYS5743665,D,S,D,2024-04-26,1000000.00,4.789532,91.478515625
08:00:33,912810TX6,TSRYS5743665,D,S,D,2024-04-26,1000000.00,4.78281,91.578125
08:00:33,912810TX6,TSRYS5743665,D,S,D,2024-04-26,1000000.00,4.791511,91.44921875
08:00:33,912810TX6,TSRYS5743665,D,S,D,2024-04-26,1000000.00,4.791511,91.44921875
08:00:33,912810TX6,TSRYS5743665,D,S,D,2024-04-26,1000000.00,4.790983,91.45703125
08:00:33,912810TX6,TSRYS5743665,D,S,D,2024-04-26,1000000.00,4.791379,91.451171875
08:00:33,912810TX6,TSRYS5743665,D,S,D,2024-04-26,1000000.00,4.791379,91.451171875
08:00:33,912810TX6,TSRYS5743665,D,S,D,2024-04-26,1000000.00,4.792303,91.4375
08:00:33,912810TX6,TSRYS5743665,D,S,T,2024-04-26,3000000.00,4.785972,91.53125
08:00:33,912810TX6,TSRYS5743665,D,S,D,2024-04-26,1000000.00,4.796793,91.37109375
08:00:33,912810TX6,TSRYS5743665,D,S,D,2024-04-26,1000000.00,4.796133,91.380859375
08:00:33,912810TX6,TSRYS5743665,D,S,D,2024-04-26,1000000.00,4.79468,91.40234375
08:00:33,912810TX6,TSRYS5743665,D,S,D,2024-04-26,1000000.00,4.79468,91.40234375
08:00:33,912810TX6,TSRYS5743665,D,S,D,2024-04-26,1000000.00,4.793095,91.42578125
08:00:33,912810TX6,TSRYS5743665,D,S,D,2024-04-26,1000000.00,4.790852,91.458984375
08:00:33,912810TX6,TSRYS5743665,D,S,D,2024-04-26,1000000.00,4.79072,91.4609375
08:00:33,912810TX6,TSRYS5743665,D,S,D,2024-04-26,1000000.00,4.79072,91.4609375
08:00:33,912810TX6,TSRYS5743665,D,S,D,2024-04-26,1000000.00,4.789796,91.474609375
08:00:33,912810TX6,TSRYS5743665,D,S,D,2024-04-26,1000000.00,4.789532,91.478515625
08:00:33,912810TX6,TSRYS5743665,D,S,D,2024-04-26,1000000.00,4.79072,91.4609375
08:00:33,912810TX6,TSRYS5743665,D,S,D,2024-04-26,1000000.00,4.79072,91.4609375
08:00:33,912810TX6,TSRYS5743665,D,S,D,2024-04-26,1000000.00,4.792963,91.427734375
08:00:33,912810TX6,TSRYS5743665,D,S,D,2024-04-26,1000000.00,4.792831,91.4296875
08:00:33,912810TX6,TSRYS5743665,D,S,D,2024-04-26,1000000.00,4.792963,91.427734375
08:00:33,912810TX6,TSRYS5743665,D,S,D,2024-04-26,1000000.00,4.792963,91.427734375
08:00:33,912810TX6,TSRYS5743665,D,S,D,2024-04-26,1000000.00,4.792963,91.427734375
08:00:33,912810TX6,TSRYS5743665,D,S,D,2024-04-26,1000000.00,4.792831,91.4296875
08:00:33,912810TX6,TSRYS5743665,D,S,D,2024-04-26,1000000.00,4.788609,91.4921875
08:00:33,912810TX6,TSRYS5743665,D,S,T,2024-04-26,1000000.00,4.822372,90.994140625
08:00:33,912810TX6,TSRYS5743665,D,S,T,2024-04-26,1000000.00,4.824632,90.9609375
08:00:33,912810TX6,TSRYS5743665,D,S,T,2024-04-26,1000000.00,4.818253,91.0546875
08:00:33,912810TX6,TSRYS5743665,D,S,T,2024-04-26,1000000.00,4.80963,91.181640625
08:00:33,912810TX6,TSRYS5743665,D,S,T,2024-04-26,1000000.00,4.808702,91.1953125
08:00:33,912810TX6,TSRYS5743665,D,S,T,2024-04-26,1000000.00,4.808702,91.1953125
08:00:33,912810TX6,TSRYS5743665,D,S,T,2024-04-26,1000000.00,4.807112,91.21875
08:00:33,912810TX6,TSRYS5743665,D,S,T,2024-04-26,2000000.00,4.807112,91.21875
08:00:33,912810TX6,TSRYS5743665,D,S,T,2024-04-26,1000000.00,4.807112,91.21875
08:00:33,912810TX6,TSRYS5743665,D,S,T,2024-04-26,1000000.00,4.807112,91.21875
08:00:33,912810TX6,TSRYS5743665,D,S,T,2024-04-26,1000000.00,4.804994,91.25
08:00:33,912810TX6,TSRYS5743665,D,S,T,2024-04-26,1000000.00,4.804861,91.251953125
08:00:33,912810TX6,TSRYS5743665,D,S,T,2024-04-26,1000000.00,4.804729,91.25390625
08:00:33,912810TX6,TSRYS5743665,D,S,T,2024-04-26,1000000.00,4.802876,91.28125
08:00:33,912810TX6,TSRYS5743665,D,S,T,2024-04-26,1000000.00,4.802876,91.28125
08:00:33,912810TX6,TSRYS5743665,D,S,T,2024-04-26,1000000.00,4.802876,91.28125
08:00:33,912810TX6,TSRYS5743665,D,S,T,2024-04-26,1000000.00,4.802876,91.28125
08:00:33,912810TX6,TSRYS5743665,D,S,T,2024-04-26,1000000.00,4.802876,91.28125
08:00:33,912810TX6,TSRYS5743665,D,S,T,2024-04-26,1000000.00,4.797851,91.35546875
08:00:33,912810TX6,TSRYS5743665,D,S,T,2024-04-26,1000000.00,4.800759,91.3125
08:00:33,912810TX6,TSRYS5743665,D,S,T,2024-04-26,1000000.00,4.797851,91.35546875
08:00:33,912810TX6,TSRYS5743665,D,S,T,2024-04-26,1000000.00,4.786104,91.529296875
08:00:33,912810TX6,TSRYS5743665,D,S,T,2024-04-26,1000000.00,4.786104,91.529296875
08:00:33,912810TX6,TSRYS5743665,D,S,T,2024-04-26,1000000.00,4.783469,91.568359375
08:00:33,912810TX6,TSRYS5743665,D,S,T,2024-04-26,1000000.00,4.789268,91.482421875
08:00:33,912810TX6,TSRYS5743665,D,S,T,2024-04-26,1000000.00,4.783469,91.568359375
08:00:33,912810TX6,TSRYS5743665,D,S,T,2024-04-26,1000000.00,4.782942,91.576171875
08:00:33,912810TX6,TSRYS5743665,D,S,T,2024-04-26,1000000.00,4.783073,91.57421875
08:00:33,912810TX6,TSRYS5743665,D,S,T,2024-04-26,1000000.00,4.784654,91.55078125
08:00:33,912810TX6,TSRYS5743665,D,S,T,2024-04-26,1000000.00,4.785577,91.537109375
08:00:33,912810TX6,TSRYS5743665,D,S,T,2024-04-26,1000000.00,4.785445,91.5390625
08:00:33,912810TX6,TSRYS5743665,D,S,T,2024-04-26,1000000.00,4.785445,91.5390625
08:00:33,912810TX6,TSRYS5743665,D,S,T,2024-04-26,1000000.00,4.785445,91.5390625
08:00:33,912810TX6,TSRYS5743665,D,S,T,2024-04-26,1000000.00,4.785313,91.541015625
08:00:33,912810TX6,TSRYS5743665,D,S,T,2024-04-26,1000000.00,4.785181,91.54296875
08:00:33,912810TX6,TSRYS5743665,D,S,T,2024-04-26,2000000.00,4.785972,91.53125
08:00:33,912810TX6,TSRYS5743665,D,S,T,2024-04-26,1000000.00,4.791379,91.451171875
08:00:33,912810TX6,TSRYS5743665,D,S,T,2024-04-26,1000000.00,4.791379,91.451171875
08:00:33,912810TX6,TSRYS5743665,D,S,T,2024-04-26,1000000.00,4.792303,91.4375
08:00:33,912810TX6,TSRYS5743665,D,S,T,2024-04-26,1000000.00,4.792303,91.4375
08:00:33,912810TX6,TSRYS5743665,D,S,T,2024-04-26,1000000.00,4.791379,91.451171875
08:00:33,912810TX6,TSRYS5743665,D,S,T,2024-04-26,1000000.00,4.793095,91.42578125
08:00:33,912810TX6,TSRYS5743665,D,S,T,2024-04-26,1000000.00,4.792171,91.439453125
08:00:33,912810TX6,TSRYS5743665,D,S,T,2024-04-26,1000000.00,4.796001,91.3828125
08:00:33,912810TX6,TSRYS5743665,D,S,T,2024-04-26,1000000.00,4.794152,91.41015625
08:00:33,912810TX6,TSRYS5743665,D,S,T,2024-04-26,1000000.00,4.793755,91.416015625
08:00:33,912810TX6,TSRYS5743665,D,S,T,2024-04-26,1000000.00,4.79072,91.4609375
08:00:33,912810TX6,TSRYS5743665,D,S,T,2024-04-26,1000000.00,4.790192,91.46875
08:00:33,912810TX6,TSRYS5743665,D,S,T,2024-04-26,1000000.00,4.790852,91.458984375
08:00:33,912810TX6,TSRYS5743665,D,S,T,2024-04-26,1000000.00,4.789796,91.474609375
08:00:33,912810TX6,TSRYS5743665,D,S,T,2024-04-26,1000000.00,4.789268,91.482421875
08:00:33,912810TX6,TSRYS5743665,D,S,T,2024-04-26,1000000.00,4.789532,91.478515625
08:00:33,912810TX6,TSRYS5743665,D,S,T,2024-04-26,1000000.00,4.79072,91.4609375
08:00:33,912810TX6,TSRYS5743665,D,S,T,2024-04-26,1000000.00,4.789928,91.47265625
08:00:33,912810TX6,TSRYS5743665,D,S,T,2024-04-26,1000000.00,4.791511,91.44921875
08:00:33,912810TX6,TSRYS5743665,D,S,T,2024-04-26,1000000.00,4.791775,91.4453125
08:00:33,912810TX6,TSRYS5743665,D,S,T,2024-04-26,1000000.00,4.797586,91.359375
08:00:33,912810TX6,TSRYS5743665,D,S,T,2024-04-26,2000000.00,4.796001,91.3828125
08:00:33,912810TX6,TSRYS5743665,D,S,T,2024-04-26,1000000.00,4.794416,91.40625
08:00:33,912810TX6,TSRYS5743665,D,S,T,2024-04-26,1000000.00,4.794416,91.40625
08:00:33,912810TX6,TSRYS5743665,D,S,T,2024-04-26,1000000.00,4.794416,91.40625
08:00:33,912810TX6,TSRYS5743665,D,S,T,2024-04-26,1000000.00,4.792831,91.4296875
08:00:33,912810TX6,TSRYS5743665,D,S,T,2024-04-26,1000000.00,4.792963,91.427734375
08:00:33,912810TX6,TSRYS5743665,D,S,T,2024-04-26,1000000.00,4.792699,91.431640625
08:00:33,912810TX6,TSRYS5743665,D,S,T,2024-04-26,3000000.00,4.785972,91.53125
08:00:33,912810TX6,TSRYS5743665,D,S,T,2024-04-26,1000000.00,4.788477,91.494140625
08:00:33,912810TX6,TSRYS5743665,D,S,T,2024-04-26,1000000.00,4.785972,91.53125
08:00:33,912810TX6,TSRYS5743665,D,S,T,2024-04-26,1000000.00,4.785972,91.53125
08:00:33,912810TX6,TSRYS5743665,D,S,T,2024-04-26,2000000.00,4.785972,91.53125
08:00:33,912810TX6,TSRYS5743665,D,S,T,2024-04-26,2000000.00,4.785972,91.53125
08:00:33,912810TX6,TSRYS5743665,D,S,T,2024-04-26,1000000.00,4.785972,91.53125
08:00:33,912810TX6,TSRYS5743665,D,S,T,2024-04-26,2000000.00,4.785972,91.53125
08:00:33,912810TX6,TSRYS5743665,D,S,T,2024-04-26,2000000.00,4.785972,91.53125
08:00:33,912810TX6,TSRYS5743665,D,S,T,2024-04-26,2000000.00,4.785972,91.53125
08:00:33,912810TX6,TSRYS5743665,D,S,T,2024-04-26,1000000.00,4.785972,91.53125
08:00:33,912810TX6,TSRYS5743665,D,S,D,2024-04-26,1000000.00,4.787818,91.50390625
08:00:33,912810TX6,TSRYS5743665,D,S,D,2024-04-26,1000000.00,4.791775,91.4453125
08:00:33,912810TX6,TSRYS5743665,D,S,D,2024-04-26,1000000.00,4.793359,91.421875
08:00:33,912810TX6,TSRYS5743665,D,S,T,2024-04-26,1000000.00,4.785972,91.53125
08:00:33,912810TX6,TSRYS5743665,D,S,T,2024-04-26,2000000.00,4.785972,91.53125
08:00:33,912810TX6,TSRYS5743665,D,S,T,2024-04-26,3000000.00,4.785972,91.53125
08:00:33,912810TX6,TSRYS5743665,D,S,T,2024-04-26,1000000.00,4.785972,91.53125
08:00:33,912810TX6,TSRYS5743665,D,S,T,2024-04-26,2000000.00,4.785972,91.53125
08:00:33,912810TX6,TSRYS5743665,D,S,D,2024-04-26,1000000.00,4.785972,91.53125
08:00:33,912810TX6,TSRYS5743665,D,S,T,2024-04-26,1000000.00,4.785972,91.53125
08:00:33,912810TX6,TSRYS5743665,D,S,T,2024-04-26,1000000.00,4.785972,91.53125
08:00:33,912810TX6,TSRYS5743665,D,S,T,2024-04-26,1000000.00,4.785972,91.53125
08:00:33,912810TX6,TSRYS5743665,D,S,T,2024-04-26,3000000.00,4.78281,91.578125
08:00:33,912810TX6,TSRYS5743665,D,S,T,2024-04-26,1000000.00,4.785972,91.53125
08:00:33,912810TX6,TSRYS5743665,D,S,D,2024-04-26,1000000.00,4.785972,91.53125
08:00:33,912810TX6,TSRYS5743665,D,S,D,2024-04-26,1000000.00,4.785972,91.53125
08:00:33,912810TX6,TSRYS5743665,D,S,T,2024-04-26,1000000.00,4.78281,91.578125
08:00:33,912810TX6,TSRYS5743665,D,S,D,2024-04-26,2000000.00,4.785972,91.53125
08:00:33,912810TX6,TSRYS5743665,D,S,T,2024-04-26,1000000.00,4.78281,91.578125
08:00:33,912810TX6,TSRYS5743665,D,S,D,2024-04-26,1000000.00,4.785972,91.53125
08:00:33,912810TX6,TSRYS5743665,D,S,T,2024-04-26,3000000.00,4.785972,91.53125
08:00:33,912810TX6,TSRYS5743665,D,S,D,2024-04-26,1000000.00,4.785972,91.53125
08:00:33,912810TX6,TSRYS5743665,D,S,D,2024-04-26,3000000.00,4.785972,91.53125
08:00:33,912810TX6,TSRYS5743665,D,S,T,2024-04-26,3000000.00,4.78281,91.578125
08:00:33,912810TX6,TSRYS5743665,D,S,D,2024-04-26,1000000.00,4.785972,91.53125
08:00:33,912810TX6,TSRYS5743665,D,S,D,2024-04-26,1000000.00,4.785313,91.541015625
08:00:33,912810TX6,TSRYS5743665,D,S,D,2024-04-26,1000000.00,4.785181,91.54296875
08:00:33,912810TX6,TSRYS5743665,D,S,T,2024-04-26,1000000.00,4.78281,91.578125
08:00:33,912810TX6,TSRYS5743665,D,S,D,2024-04-26,1000000.00,4.784918,91.546875
08:00:33,912810TX6,TSRYS5743665,D,S,T,2024-04-26,1000000.00,4.785972,91.53125
08:00:33,912810TX6,TSRYS5743665,D,S,D,2024-04-26,1000000.00,4.785181,91.54296875
08:00:33,912810TX6,TSRYS5743665,D,S,D,2024-04-26,1000000.00,4.785445,91.5390625
08:00:33,912810TX6,TSRYS5743665,D,S,T,2024-04-26,1000000.00,4.78281,91.578125
08:00:33,912810TX6,TSRYS5743665,D,S,D,2024-04-26,1000000.00,4.785445,91.5390625
08:00:33,912810TX6,TSRYS5743665,D,S,D,2024-04-26,1000000.00,4.785313,91.541015625
08:00:33,912810TX6,TSRYS5743665,D,S,D,2024-04-26,1000000.00,4.785181,91.54296875
08:00:33,912810TX6,TSRYS5743665,D,S,T,2024-04-26,3000000.00,4.78281,91.578125
08:00:33,912810TX6,TSRYS5743665,D,S,D,2024-04-26,1000000.00,4.785445,91.5390625
08:00:33,912810TX6,TSRYS5743665,D,S,D,2024-04-26,1000000.00,4.785445,91.5390625
08:00:33,912810TX6,TSRYS5743665,D,S,D,2024-04-26,1000000.00,4.785577,91.537109375
08:00:33,912810TX6,TSRYS5743665,D,S,T,2024-04-26,2000000.00,4.78281,91.578125
08:00:33,912810TX6,TSRYS5743665,D,S,D,2024-04-26,1000000.00,4.785577,91.537109375
08:00:33,912810TX6,TSRYS5743665,D,S,D,2024-04-26,1000000.00,4.785445,91.5390625
08:00:33,912810TX6,TSRYS5743665,D,S,D,2024-04-26,2000000.00,4.784918,91.546875
08:00:33,912810TX6,TSRYS5743665,D,S,A,2024-04-26,100000.00,4.789423,91.48046875
08:00:37,912810TX6,TSRYS5743665,D,S,T,2024-04-26,5000000.00,4.78281,91.578125
08:00:37,912810TX6,TSRYS5743665,D,S,T,2024-04-26,1000000.00,4.78281,91.578125
08:00:37,912810TX6,TSRYS5743665,D,B,A,2024-04-26,20000000.00,4.789445,91.48046875
08:00:37,912810TX6,TSRYS5743665,D,S,T,2024-04-26,1000000.00,4.78281,91.578125
08:00:37,912810TX6,TSRYS5743665,D,S,D,2024-04-26,1000000.00,4.78281,91.578125
08:00:37,912810TX6,TSRYS5743665,D,S,T,2024-04-26,2000000.00,4.785972,91.53125
08:00:37,912810TX6,TSRYS5743665,D,S,T,2024-04-26,1000000.00,4.78281,91.578125
08:00:37,912810TX6,TSRYS5743665,D,S,T,2024-04-26,2000000.00,4.785972,91.53125
08:00:37,912810TX6,TSRYS5743665,D,S,T,2024-04-26,3000000.00,4.785972,91.53125
08:00:37,912810TX6,TSRYS5743665,D,S,T,2024-04-26,2000000.00,4.78281,91.578125
08:00:37,912810TX6,TSRYS5743665,D,S,T,2024-04-26,1000000.00,4.78281,91.578125
08:00:37,912810TX6,TSRYS5743665,D,S,T,2024-04-26,2000000.00,4.785972,91.53125
08:00:37,912810TX6,TSRYS5743665,D,S,T,2024-04-26,1000000.00,4.78281,91.578125
08:00:37,912810TX6,TSRYS5743665,D,S,T,2024-04-26,2000000.00,4.783864,91.5625
08:00:37,912810TX6,TSRYS5743665,D,S,T,2024-04-26,1000000.00,4.783864,91.5625
08:00:37,912810TX6,TSRYS5743665,D,S,T,2024-04-26,2000000.00,4.783864,91.5625
08:00:37,912810TX6,TSRYS5743665,D,S,T,2024-04-26,1000000.00,4.783864,91.5625
08:00:37,912810TX6,TSRYS5743665,D,S,D,2024-04-26,1000000.00,4.785972,91.53125
08:00:37,912810TX6,TSRYS5743665,D,S,T,2024-04-26,1000000.00,4.785972,91.53125
08:00:37,912810TX6,TSRYS5743665,D,S,D,2024-04-26,1000000.00,4.789664,91.4765625
08:00:37,912810TX6,TSRYS5743665,D,S,T,2024-04-26,2000000.00,4.783864,91.5625
08:00:37,912810TX6,TSRYS5743665,D,S,T,2024-04-26,1000000.00,4.785972,91.53125
08:00:37,912810TX6,TSRYS5743665,D,S,T,2024-04-26,2000000.00,4.783864,91.5625
08:00:37,912810TX6,TSRYS5743665,D,S,D,2024-04-26,1000000.00,4.790192,91.46875
08:00:37,912810TX6,TSRYS5743665,D,S,T,2024-04-26,1000000.00,4.783864,91.5625
08:00:37,912810TX6,TSRYS5743665,D,S,T,2024-04-26,1000000.00,4.785972,91.53125
08:00:37,912810TX6,TSRYS5743665,D,S,T,2024-04-26,1000000.00,4.783864,91.5625
08:00:37,912810TX6,TSRYS5743665,D,S,T,2024-04-26,2000000.00,4.783864,91.5625
08:00:37,912810TX6,TSRYS5743665,D,S,C,2024-04-26,12000000.00,4.785972,91.53125
08:00:37,912810TX6,TSRYS5743665,D,S,T,2024-04-26,1000000.00,4.82184,91.001953125
08:00:37,912810TX6,TSRYS5743665,D,S,D,2024-04-26,256000.00,4.820308,91.0234375
08:00:37,912810TX6,TSRYS5743665,D,S,T,2024-04-26,1000000.00,4.81666,91.078125
08:00:37,912810TX6,TSRYS5743665,D,S,T,2024-04-26,1000000.00,4.81666,91.078125
08:00:37,912810TX6,TSRYS5743665,D,S,T,2024-04-26,1000000.00,4.783864,91.5625
08:00:37,912810TX6,TSRYS5743665,D,S,T,2024-04-26,1000000.00,4.817058,91.072265625
08:00:37,912810TX6,TSRYS5743665,D,S,T,2024-04-26,4000000.00,4.817722,91.0625
08:00:37,912810TX6,TSRYS5743665,D,S,T,2024-04-26,1000000.00,4.817191,91.0703125
08:00:37,912810TX6,TSRYS5743665,D,S,T,2024-04-26,2000000.00,4.817722,91.0625
08:00:37,912810TX6,TSRYS5743665,D,S,T,2024-04-26,1000000.00,4.817722,91.0625
08:00:37,912810TX6,TSRYS5743665,D,S,T,2024-04-26,1000000.00,4.817722,91.0625
08:00:37,912810TX6,TSRYS5743665,D,S,T,2024-04-26,1000000.00,4.817722,91.0625
08:00:37,912810TX6,TSRYS5743665,D,S,T,2024-04-26,1000000.00,4.817722,91.0625
08:00:37,912810TX6,TSRYS5743665,D,S,T,2024-04-26,2000000.00,4.817722,91.0625
08:00:37,912810TX6,TSRYS5743665,D,S,T,2024-04-26,2000000.00,4.817722,91.0625
08:00:37,912810TX6,TSRYS5743665,D,S,T,2024-04-26,1000000.00,4.817722,91.0625
08:00:37,912810TX6,TSRYS5743665,D,S,T,2024-04-26,1000000.00,4.817722,91.0625
08:00:37,912810TX6,TSRYS5743665,D,S,T,2024-04-26,1000000.00,4.817722,91.0625
08:00:37,912810TX6,TSRYS5743665,D,S,A,2024-04-26,3000000.00,4.810027,91.17578125
08:00:37,912810TX6,TSRYS5743665,D,S,A,2024-04-26,218000.00,4.810292,91.171875
08:00:37,912810TX6,TSRYS5743665,D,S,C,2024-04-26,150000.00,4.808967,91.19140625
08:00:37,912810TX6,TSRYS5743665,D,S,T,2024-04-26,1000000.00,4.809232,91.1875
08:00:37,912810TX6,TSRYS5743665,D,S,T,2024-04-26,1000000.00,4.809232,91.1875
08:00:37,912810TX6,TSRYS5743665,D,S,T,2024-04-26,1000000.00,4.809232,91.1875
08:00:37,912810TX6,TSRYS5743665,D,S,T,2024-04-26,2000000.00,4.809232,91.1875
08:00:37,912810TX6,TSRYS5743665,D,S,T,2024-04-26,1000000.00,4.809232,91.1875
08:00:37,912810TX6,TSRYS5743665,D,S,D,2024-04-26,1000000.00,4.798467,91.3463640123
08:00:37,912810TX6,TSRYS5743665,D,S,A,2024-04-26,13400.00,4.799966,91.32421875
08:00:37,912810TX6,TSRYS5743665,D,S,A,2024-04-26,1000000.00,4.798908,91.33984375
08:00:37,912810TX6,TSRYS5743665,D,S,A,2024-04-26,4000000.00,4.796001,91.3828125
08:00:37,912810TX6,TSRYS5743665,D,S,C,2024-04-26,224000.00,4.786763,91.51953125
08:00:37,912810TX6,TSRYS5743665,D,S,T,2024-04-26,3000000.00,4.785972,91.53125
08:00:37,912810TX6,TSRYS5743665,D,S,D,2024-04-26,1000000.00,4.786491,91.5235560958
08:00:37,912810TX6,TSRYS5743665,D,S,D,2024-04-26,1000000.00,4.786491,91.5235560958
08:00:37,912810TX6,TSRYS5743665,D,S,D,2024-04-26,1000000.00,4.787527,91.5082127609
08:00:37,912810TX6,TSRYS5743665,D,S,D,2024-04-26,1000000.00,4.787527,91.5082127609
08:00:37,912810TX6,TSRYS5743665,D,S,T,2024-04-26,1000000.00,4.791907,91.443359375
08:00:37,912810TX6,TSRYS5743665,D,S,A,2024-04-26,5000000.00,4.793095,91.42578125
08:00:37,912810TX6,TSRYS5743665,D,S,D,2024-04-26,1000000.00,4.789136,91.484375
08:00:37,912810TX6,TSRYS5743665,D,S,C,2024-04-26,30000000.00,4.789136,91.484375
08:00:37,912810TX6,TSRYS5743665,D,B,A,2024-04-26,2000000.00,4.783337,91.5703125
08:00:37,912810TX6,TSRYS5743665,D,S,D,2024-04-26,1000000.00,4.78281,91.578125
08:00:37,912810TX6,TSRYS5743665,D,S,D,2024-04-26,1000000.00,4.78281,91.578125
08:00:37,912810TX6,TSRYS5743665,D,S,T,2024-04-26,1000000.00,4.78281,91.578125
08:00:37,912810TX6,TSRYS5743665,D,S,T,2024-04-26,1000000.00,4.78281,91.578125
08:00:37,912810TX6,TSRYS5743665,D,S,D,2024-04-26,1000000.00,4.78281,91.578125
08:00:37,912810TX6,TSRYS5743665,D,S,T,2024-04-26,1000000.00,4.78281,91.578125
08:00:37,912810TX6,TSRYS5743665,D,S,T,2024-04-26,1000000.00,4.78281,91.578125
08:00:37,912810TX6,TSRYS5743665,D,S,T,2024-04-26,1000000.00,4.78281,91.578125
08:00:37,912810TX6,TSRYS5743665,D,S,D,2024-04-26,1000000.00,4.78281,91.578125
08:00:37,912810TX6,TSRYS5743665,D,S,D,2024-04-26,1000000.00,4.78281,91.578125
08:00:37,912810TX6,TSRYS5743665,D,B,A,2024-04-26,3000000.00,4.786236,91.52734375
08:00:37,912810TX6,TSRYS5743665,D,B,C,2024-04-26,490000.00,4.7836,91.56640625
08:00:37,912810TX6,TSRYS5743665,D,S,T,2024-04-26,1000000.00,4.785972,91.53125
08:00:37,912810TX6,TSRYS5743665,D,S,D,2024-04-26,1000000.00,4.787554,91.5078125
08:00:37,912810TX6,TSRYS5743665,D,S,D,2024-04-26,1000000.00,4.788081,91.5
08:00:37,912810TX6,TSRYS5743665,D,S,A,2024-04-26,386000.00,4.789423,91.48046875
08:00:37,912810TX6,TSRYS5743665,D,S,A,2024-04-26,40000.00,4.793118,91.42578125
08:00:37,912810TX6,TSRYS5743665,D,S,C,2024-04-26,900000.00,4.793095,91.42578125
08:00:37,912810TX6,TSRYS5743665,D,S,A,2024-04-26,5000000.00,4.793095,91.42578125
08:00:37,912810TX6,TSRYS5743665,D,S,T,2024-04-26,1000000.00,4.78584,91.533203125
08:00:37,912810TX6,TSRYS5743665,D,S,D,2024-04-26,1000000.00,4.793359,91.421875
08:00:37,912810TX6,TSRYS5743665,D,S,D,2024-04-26,1000000.00,4.792831,91.4296875
08:00:37,912810TX6,TSRYS5743665,D,S,D,2024-04-26,1000000.00,4.792831,91.4296875
08:00:37,912810TX6,TSRYS5743665,D,S,D,2024-04-26,2000000.00,4.793359,91.421875
08:00:37,912810TX6,TSRYS5743665,D,S,D,2024-04-26,1000000.00,4.793359,91.421875
08:00:37,912810TX6,TSRYS5743665,D,S,D,2024-04-26,1000000.00,4.793359,91.421875
08:00:37,912810TX6,TSRYS5743665,D,S,D,2024-04-26,2000000.00,4.793359,91.421875
08:00:37,912810TX6,TSRYS5743665,D,S,D,2024-04-26,1000000.00,4.793359,91.421875
08:00:37,912810TX6,TSRYS5743665,D,S,D,2024-04-26,1000000.00,4.795472,91.390625
08:00:37,912810TX6,TSRYS5743665,D,S,D,2024-04-26,1000000.00,4.795472,91.390625
08:00:37,912810TX6,TSRYS5743665,D,S,T,2024-04-26,2000000.00,4.783864,91.5625
08:00:37,912810TX6,TSRYS5743665,D,S,T,2024-04-26,1000000.00,4.785445,91.5390625
08:00:37,912810TX6,TSRYS5743665,D,S,D,2024-04-26,1000000.00,4.809232,91.1875
08:00:37,912810TX6,TSRYS5743665,D,S,T,2024-04-26,1000000.00,4.785972,91.53125
08:00:41,912810TX6,TSRYS5743665,D,S,T,2024-04-26,1000000.00,4.783864,91.5625
08:00:41,912810TX6,TSRYS5743665,D,S,T,2024-04-26,1000000.00,4.785972,91.53125
08:00:41,912810TX6,TSRYS5743665,D,S,D,2024-04-26,3000000.00,4.793359,91.421875
08:00:41,912810TX6,TSRYS5743665,D,S,T,2024-04-26,1000000.00,4.785972,91.53125
08:00:41,912810TX6,TSRYS5743665,D,S,D,2024-04-26,1000000.00,4.791247,91.453125
08:00:41,912810TX6,TSRYS5743665,D,S,T,2024-04-26,1000000.00,4.785445,91.5390625
08:00:41,912810TX6,TSRYS5743665,D,S,D,2024-04-26,1000000.00,4.792303,91.4375
08:00:41,912810TX6,TSRYS5743665,D,S,T,2024-04-26,1000000.00,4.791247,91.453125
08:00:41,912810TX6,TSRYS5743665,D,S,T,2024-04-26,1000000.00,4.792303,91.4375
08:00:41,912810TX6,TSRYS5743665,D,S,T,2024-04-26,1000000.00,4.796529,91.375
08:00:41,912810TX6,TSRYS5743665,D,S,T,2024-04-26,1000000.00,4.785972,91.53125
08:00:41,912810TX6,TSRYS5743665,D,S,D,2024-04-26,1000000.00,4.785972,91.53125
08:00:41,912810TX6,TSRYS5743665,D,S,A,2024-04-26,1000000.00,4.789136,91.484375
08:00:41,912810TX6,TSRYS5743665,D,S,T,2024-04-26,1000000.00,4.785972,91.53125
08:00:41,912810TX6,TSRYS5743665,D,S,T,2024-04-26,1000000.00,4.785972,91.53125
08:00:41,912810TX6,TSRYS5743665,D,S,D,2024-04-26,1000000.00,4.785972,91.53125
08:00:41,912810TX6,TSRYS5743665,D,S,D,2024-04-26,1000000.00,4.785972,91.53125
08:00:41,912810TX6,TSRYS5743665,D,S,D,2024-04-26,17000000.00,4.793359,91.421875
08:00:41,912810TX6,TSRYS5743665,D,S,T,2024-04-26,2000000.00,4.785972,91.53125
08:00:41,912810TX6,TSRYS5743665,D,S,T,2024-04-26,1000000.00,4.785708,91.53515625
08:00:41,912810TX6,TSRYS5743665,D,S,T,2024-04-26,1000000.00,4.785972,91.53125
08:00:41,912810TX6,TSRYS5743665,D,S,D,2024-04-26,1000000.00,4.785972,91.53125
08:00:41,912810TX6,TSRYS5743665,D,S,T,2024-04-26,2000000.00,4.783864,91.5625
08:00:41,912810TX6,TSRYS5743665,D,S,T,2024-04-26,3000000.00,4.783864,91.5625
08:00:41,912810TX6,TSRYS5743665,D,S,T,2024-04-26,1000000.00,4.78281,91.578125
08:00:41,912810TX6,TSRYS5743665,D,S,T,2024-04-26,1000000.00,4.783864,91.5625
08:00:41,912810TX6,TSRYS5743665,D,S,T,2024-04-26,3000000.00,4.785972,91.53125
08:00:41,912810TX6,TSRYS5743665,D,S,T,2024-04-26,1000000.00,4.783864,91.5625
08:00:41,912810TX6,TSRYS5743665,D,S,T,2024-04-26,2000000.00,4.783864,91.5625
08:00:41,912810TX6,TSRYS5743665,D,S,T,2024-04-26,1000000.00,4.785972,91.53125
08:00:41,912810TX6,TSRYS5743665,D,S,D,2024-04-26,1000000.00,4.78281,91.578125
08:00:41,912810TX6,TSRYS5743665,D,B,A,2024-04-26,17000000.00,4.78281,91.578125
08:00:41,912810TX6,TSRYS5743665,D,S,T,2024-04-26,1000000.00,4.78584,91.533203125
08:00:41,912810TX6,TSRYS5743665,D,S,T,2024-04-26,1000000.00,4.785972,91.53125
08:00:41,912810TX6,TSRYS5743665,D,S,T,2024-04-26,1000000.00,4.785313,91.541015625
08:00:41,912810TX6,TSRYS5743665,D,S,T,2024-04-26,1000000.00,4.785313,91.541015625
08:00:41,912810TX6,TSRYS5743665,D,S,T,2024-04-26,1000000.00,4.785972,91.53125
08:00:41,912810TX6,TSRYS5743665,D,S,T,2024-04-26,1000000.00,4.78584,91.533203125
08:00:41,912810TX6,TSRYS5743665,D,S,T,2024-04-26,1000000.00,4.785577,91.537109375
08:00:41,912810TX6,TSRYS5743665,D,S,T,2024-04-26,1000000.00,4.78281,91.578125
08:00:41,912810TX6,TSRYS5743665,D,S,T,2024-04-26,1000000.00,4.813482,91.124898
08:00:41,912810TX6,TSRYS5743665,D,S,T,2024-04-26,1000000.00,4.813482,91.124898
08:00:41,912810TX6,TSRYS5743665,D,S,T,2024-04-26,1000000.00,4.813482,91.124898
08:00:41,912810TX6,TSRYS5743665,D,S,T,2024-04-26,1000000.00,4.813482,91.124898
08:00:41,912810TX6,TSRYS5743665,D,S,T,2024-04-26,4000000.00,4.78281,91.578125
08:00:41,912810TX6,TSRYS5743665,D,S,T,2024-04-26,1000000.00,4.785972,91.53125
08:00:41,912810TX6,TSRYS5743665,D,S,T,2024-04-26,3000000.00,4.78281,91.578125
08:00:42,912810TX6,TSRYS5743665,D,S,A,2024-04-26,46000.00,4.809762,91.1796875
08:00:42,912810TX6,TSRYS5743665,D,S,T,2024-04-26,2000000.00,4.805788,91.23828125
08:00:42,912810TX6,TSRYS5743665,D,S,D,2024-04-26,1000000.00,4.804729,91.25390625
08:00:42,912810TX6,TSRYS5743665,D,S,T,2024-04-26,1000000.00,4.783864,91.5625
08:00:42,912810TX6,TSRYS5743665,D,S,T,2024-04-26,2000000.00,4.797058,91.3671875
08:00:42,912810TX6,TSRYS5743665,D,S,D,2024-04-26,1000000.00,4.794416,91.40625
08:00:42,912810TX6,TSRYS5743665,D,S,A,2024-04-26,5000000.00,4.795208,91.39453125
08:00:42,912810TX6,TSRYS5743665,D,B,A,2024-04-26,3000000.00,4.810292,91.171875
08:00:43,912810TX6,TSRYS5743665,D,S,T,2024-04-26,1000000.00,4.794416,91.40625
08:00:43,912810TX6,TSRYS5743665,D,S,T,2024-04-26,1000000.00,4.787422,91.509765625
08:00:43,912810TX6,TSRYS5743665,D,B,A,2024-04-26,5000000.00,4.787554,91.5078125
08:00:43,912810TX6,TSRYS5743665,D,S,D,2024-04-26,1000000.00,4.78729,91.51171875
08:00:43,912810TX6,TSRYS5743665,D,S,T,2024-04-26,1000000.00,4.786895,91.517578125
08:00:43,912810TX6,TSRYS5743665,D,S,D,2024-04-26,1000000.00,4.786631,91.521484375
08:00:43,912810TX6,TSRYS5743665,D,S,T,2024-04-26,1000000.00,4.785972,91.53125
08:00:43,912810TX6,TSRYS5743665,D,S,D,2024-04-26,1000000.00,4.791775,91.4453125
08:00:43,912810TX6,TSRYS5743665,D,S,D,2024-04-26,1000000.00,4.793359,91.421875
08:00:43,912810TX6,TSRYS5743665,D,S,T,2024-04-26,2000000.00,4.785972,91.53125
08:00:44,912810TX6,TSRYS5743665,D,S,D,2024-04-26,1000000.00,4.784918,91.546875
08:00:44,912810TX6,TSRYS5743665,D,S,D,2024-04-26,1000000.00,4.784391,91.5546875
08:00:44,912810TX6,TSRYS5743665,D,S,D,2024-04-26,1000000.00,4.785972,91.53125
08:00:44,912810TX6,TSRYS5743665,D,S,D,2024-04-26,1000000.00,4.790852,91.458984375
08:00:44,912810TX6,TSRYS5743665,D,S,A,2024-04-26,6950000.00,4.789901,91.47305625
08:00:44,912810TX6,TSRYS5743665,D,S,C,2024-04-26,3232000.00,4.795472,91.390625
08:00:44,912810TX6,TSRYS5743665,D,S,D,2024-04-26,5000000.00,4.785068,91.544642857
08:00:44,912810TX6,TSRYS5743665,D,S,T,2024-04-26,2000000.00,4.783205,91.572265625
08:00:44,912810TX6,TSRYS5743665,D,S,T,2024-04-26,1000000.00,4.783864,91.5625
08:00:44,912810TX6,TSRYS5743665,D,S,T,2024-04-26,1000000.00,4.783864,91.5625
08:00:44,912810TX6,TSRYS5743665,D,S,T,2024-04-26,1000000.00,4.783864,91.5625
08:00:44,912810TX6,TSRYS5743665,D,S,T,2024-04-26,1000000.00,4.783864,91.5625
08:00:44,912810TX6,TSRYS5743665,D,S,T,2024-04-26,1000000.00,4.783864,91.5625
08:00:44,912810TX6,TSRYS5743665,D,S,T,2024-04-26,1000000.00,4.783864,91.5625
08:00:44,912810TX6,TSRYS5743665,D,S,T,2024-04-26,1000000.00,4.783864,91.5625
08:00:44,912810TX6,TSRYS5743665,D,S,T,2024-04-26,1000000.00,4.784918,91.546875
08:00:44,912810TX6,TSRYS5743665,D,S,T,2024-04-26,1000000.00,4.784918,91.546875
08:00:44,912810TX6,TSRYS5743665,D,S,T,2024-04-26,1000000.00,4.784918,91.546875
08:00:44,912810TX6,TSRYS5743665,D,S,T,2024-04-26,1000000.00,4.784918,91.546875
08:00:44,912810TX6,TSRYS5743665,D,S,T,2024-04-26,1000000.00,4.784918,91.546875
08:00:44,912810TX6,TSRYS5743665,D,S,T,2024-04-26,1000000.00,4.785972,91.53125
08:00:44,912810TX6,TSRYS5743665,D,S,T,2024-04-26,1000000.00,4.785972,91.53125
08:00:44,912810TX6,TSRYS5743665,D,S,T,2024-04-26,1000000.00,4.785972,91.53125
08:00:44,912810TX6,TSRYS5743665,D,S,T,2024-04-26,1000000.00,4.785972,91.53125
08:00:44,912810TX6,TSRYS5743665,D,S,T,2024-04-26,1000000.00,4.785972,91.53125
08:00:44,912810TX6,TSRYS5743665,D,S,T,2024-04-26,1000000.00,4.785972,91.53125
08:00:44,912810TX6,TSRYS5743665,D,S,T,2024-04-26,1000000.00,4.785972,91.53125
08:00:44,912810TX6,TSRYS5743665,D,S,T,2024-04-26,1000000.00,4.785972,91.53125
08:00:44,912810TX6,TSRYS5743665,D,S,T,2024-04-26,1000000.00,4.785972,91.53125
08:00:44,912810TX6,TSRYS5743665,D,S,T,2024-04-26,1000000.00,4.785972,91.53125
08:00:44,912810TX6,TSRYS5743665,D,S,T,2024-04-26,1000000.00,4.785972,91.53125
08:00:45,912810TX6,TSRYS5743665,D,S,T,2024-04-26,1000000.00,4.785972,91.53125
08:00:45,912810TX6,TSRYS5743665,D,S,T,2024-04-26,1000000.00,4.785972,91.53125
08:00:45,912810TX6,TSRYS5743665,D,S,T,2024-04-26,1000000.00,4.809232,91.1875
08:00:45,912810TX6,TSRYS5743665,D,S,T,2024-04-26,1000000.00,4.785972,91.53125
08:00:45,912810TX6,TSRYS5743665,D,S,T,2024-04-26,1000000.00,4.781756,91.59375
08:00:45,912810TX6,TSRYS5743665,D,S,T,2024-04-26,1000000.00,4.791247,91.453125
08:00:45,912810TX6,TSRYS5743665,D,S,T,2024-04-26,1000000.00,4.791247,91.453125
08:00:45,912810TX6,TSRYS5743665,D,S,T,2024-04-26,1000000.00,4.785972,91.53125
08:00:45,912810TX6,TSRYS5743665,D,S,T,2024-04-26,1000000.00,4.785445,91.5390625
08:00:45,912810TX6,TSRYS5743665,D,S,T,2024-04-26,1000000.00,4.785577,91.537109375
08:00:45,912810TX6,TSRYS5743665,D,S,T,2024-04-26,1000000.00,4.785181,91.54296875
08:00:45,912810TX6,TSRYS5743665,D,S,D,2024-04-26,5000000.00,4.803346,91.274305556
08:00:45,912810TX6,TSRYS5743665,D,S,T,2024-04-26,1000000.00,4.785708,91.53515625
08:00:45,912810TX6,TSRYS5743665,D,S,D,2024-04-26,1000000.00,4.824632,90.9609375
08:00:45,912810TX6,TSRYS5743665,D,S,T,2024-04-26,1000000.00,4.823036,90.984375
08:00:45,912810TX6,TSRYS5743665,D,S,C,2024-04-26,1000000.00,4.796529,91.375
08:00:45,912810TX6,TSRYS5743665,D,S,D,2024-04-26,1000000.00,4.794416,91.40625
08:00:45,912810TX6,TSRYS5743665,D,S,T,2024-04-26,3000000.00,4.785972,91.53125
08:00:45,912810TX6,TSRYS5743665,D,S,D,2024-04-26,1000000.00,4.789136,91.484375
08:00:45,912810TX6,TSRYS5743665,D,S,D,2024-04-26,1000000.00,4.789136,91.484375
08:00:45,912810TX6,TSRYS5743665,D,S,D,2024-04-26,1000000.00,4.789136,91.484375
08:00:45,912810TX6,TSRYS5743665,D,S,D,2024-04-26,6000000.00,4.785354,91.54041
08:00:45,912810TX6,TSRYS5743665,D,S,A,2024-04-26,5000000.00,4.788873,91.48828125
08:00:45,912810TX6,TSRYS5743665,D,S,D,2024-04-26,1000000.00,4.790192,91.46875
08:00:46,912810TX6,TSRYS5743665,D,S,D,2024-04-26,1000000.00,4.790192,91.46875
08:00:46,912810TX6,TSRYS5743665,D,S,T,2024-04-26,1000000.00,4.785972,91.53125
08:00:46,912810TX6,TSRYS5743665,D,S,T,2024-04-26,1000000.00,4.785972,91.53125
08:00:47,912810TX6,TSRYS5743665,D,S,D,2024-04-26,1000000.00,4.788873,91.48828125
08:00:48,912810TX6,TSRYS5743665,D,S,T,2024-04-26,1000000.00,4.795472,91.390625
08:00:48,912810TX6,TSRYS5743665,D,S,D,2024-04-26,1000000.00,4.791247,91.453125
08:00:48,912810TX6,TSRYS5743665,D,S,A,2024-04-26,700000.00,4.793359,91.421875
08:00:48,912810TX6,TSRYS5743665,D,S,T,2024-04-26,1000000.00,4.792699,91.431640625
08:00:48,912810TX6,TSRYS5743665,D,S,D,2024-04-26,1000000.00,4.789928,91.47265625
08:00:48,912810TX6,TSRYS5743665,D,S,T,2024-04-26,1000000.00,4.794416,91.40625
08:00:48,912810TX6,TSRYS5743665,D,S,T,2024-04-26,1000000.00,4.785972,91.53125
08:00:48,912810TX6,TSRYS5743665,D,S,T,2024-04-26,1000000.00,4.794416,91.40625
08:00:48,912810TX6,TSRYS5743665,D,S,T,2024-04-26,1000000.00,4.794416,91.40625
08:00:48,912810TX6,TSRYS5743665,D,S,D,2024-04-26,1000000.00,4.789136,91.484375
08:00:48,912810TX6,TSRYS5743665,D,S,D,2024-04-26,1000000.00,4.789928,91.47265625
08:00:48,912810TX6,TSRYS5743665,D,S,D,2024-04-26,1000000.00,4.790983,91.45703125
08:00:48,912810TX6,TSRYS5743665,D,S,T,2024-04-26,1000000.00,4.795472,91.390625
08:00:48,912810TX6,TSRYS5743665,D,S,D,2024-04-26,1000000.00,4.791247,91.453125
08:00:48,912810TX6,TSRYS5743665,D,S,D,2024-04-26,1000000.00,4.791511,91.44921875
08:00:48,912810TX6,TSRYS5743665,D,S,D,2024-04-26,7000000.00,4.792303,91.4375
08:00:48,912810TX6,TSRYS5743665,D,S,A,2024-04-26,1000000.00,4.791511,91.44921875
08:00:48,912810TX6,TSRYS5743665,D,S,T,2024-04-26,1000000.00,4.785972,91.53125
08:00:48,912810TX6,TSRYS5743665,D,S,D,2024-04-26,1000000.00,4.792039,91.44140625
08:00:48,912810TX6,TSRYS5743665,D,S,D,2024-04-26,6000000.00,4.794152,91.41015625
08:00:48,912810TX6,TSRYS5743665,D,S,C,2024-04-26,4600000.00,4.792554,91.43379375
08:00:48,912810TX6,TSRYS5743665,D,S,D,2024-04-26,375000.00,4.795472,91.390625
08:00:48,912810TX6,TSRYS5743665,D,S,D,2024-04-26,1000000.00,4.796793,91.37109375
08:00:48,912810TX6,TSRYS5743665,D,S,D,2024-04-26,1000000.00,4.796529,91.375
08:00:48,912810TX6,TSRYS5743665,D,S,D,2024-04-26,1000000.00,4.794416,91.40625
08:00:48,912810TX6,TSRYS5743665,D,S,D,2024-04-26,1000000.00,4.794416,91.40625
08:00:48,912810TX6,TSRYS5743665,D,S,D,2024-04-26,1000000.00,4.794416,91.40625
08:00:48,912810TX6,TSRYS5743665,D,S,D,2024-04-26,1000000.00,4.794416,91.40625
08:00:49,912810TX6,TSRYS5743665,D,S,D,2024-04-26,2000000.00,4.793498,91.41983
08:00:49,912810TX6,TSRYS5743665,D,S,D,2024-04-26,1000000.00,4.796529,91.375
08:00:49,912810TX6,TSRYS5743665,D,S,D,2024-04-26,3232000.00,4.795472,91.390625
08:00:49,912810TX6,TSRYS5743665,D,S,D,2024-04-26,1000000.00,4.790192,91.46875
08:00:49,912810TX6,TSRYS5743665,D,S,D,2024-04-26,1000000.00,4.790192,91.46875
08:00:50,912810TX6,TSRYS5743665,D,S,T,2024-04-26,1000000.00,4.792435,91.435546875
08:00:50,912810TX6,TSRYS5743665,D,S,T,2024-04-26,1000000.00,4.792303,91.4375
08:00:50,912810TX6,TSRYS5743665,D,S,D,2024-04-26,1000000.00,4.791247,91.453125
08:00:50,912810TX6,TSRYS5743665,D,S,T,2024-04-26,1000000.00,4.796529,91.375
08:00:50,912810TX6,TSRYS5743665,D,S,T,2024-04-26,1000000.00,4.796661,91.373046875
08:00:50,912810TX6,TSRYS5743665,D,S,D,2024-04-26,1000000.00,4.792303,91.4375
08:00:50,912810TX6,TSRYS5743665,D,B,C,2024-04-26,1000000.00,4.792303,91.4375
08:00:50,912810TX6,TSRYS5743665,D,S,T,2024-04-26,1000000.00,4.797586,91.359375
08:00:50,912810TX6,TSRYS5743665,D,S,T,2024-04-26,1000000.00,4.796529,91.375
08:00:50,912810TX6,TSRYS5743665,D,S,C,2024-04-26,900000.00,4.796001,91.3828125
08:00:50,912810TX6,TSRYS5743665,D,S,D,2024-04-26,1000000.00,4.793359,91.421875
08:00:50,912810TX6,TSRYS5743665,D,S,D,2024-04-26,1000000.00,4.793359,91.421875
08:00:50,912810TX6,TSRYS5743665,D,S,D,2024-04-26,1000000.00,4.791247,91.453125
08:00:50,912810TX6,TSRYS5743665,D,S,D,2024-04-26,1000000.00,4.794416,91.40625
08:00:50,912810TX6,TSRYS5743665,D,S,A,2024-04-26,1600000.00,4.808702,91.1953125
08:00:51,912810TX6,TSRYS5743665,D,S,T,2024-04-26,1000000.00,4.783864,91.5625
08:00:51,912810TX6,TSRYS5743665,D,B,A,2024-04-26,230700.00,4.807642,91.2109375
08:00:51,912810TX6,TSRYS5743665,D,S,D,2024-04-26,1000000.00,4.809232,91.1875
08:00:51,912810TX6,TSRYS5743665,D,S,D,2024-04-26,1000000.00,4.795472,91.390625
08:00:51,912810TX6,TSRYS5743665,D,S,D,2024-04-26,1000000.00,4.806053,91.234375
08:00:51,912810TX6,TSRYS5743665,D,S,D,2024-04-26,1000000.00,4.796793,91.37109375
08:00:51,912810TX6,TSRYS5743665,D,S,D,2024-04-26,1000000.00,4.797322,91.36328125
08:00:51,912810TX6,TSRYS5743665,D,S,T,2024-04-26,1000000.00,4.804596,91.255859375
08:00:51,912810TX6,TSRYS5743665,D,S,D,2024-04-26,1000000.00,4.796529,91.375
08:00:52,912810TX6,TSRYS5743665,D,S,A,2024-04-26,2000000.00,4.786763,91.51953125
08:00:52,912810TX6,TSRYS5743665,D,S,D,2024-04-26,1000000.00,4.784918,91.546875
08:00:53,912810TX6,TSRYS5743665,D,S,T,2024-04-26,1000000.00,4.795472,91.390625
08:00:53,912810TX6,TSRYS5743665,D,B,A,2024-04-26,5000000.00,4.788345,91.49609375
08:00:53,912810TX6,TSRYS5743665,D,S,D,2024-04-26,1000000.00,4.787818,91.50390625
08:00:53,912810TX6,TSRYS5743665,D,S,T,2024-04-26,1000000.00,4.794416,91.40625
08:00:53,912810TX6,TSRYS5743665,D,S,D,2024-04-26,1000000.00,4.792039,91.44140625
08:00:54,912810TX6,TSRYS5743665,D,S,D,2024-04-26,1000000.00,4.796001,91.3828125
08:00:54,912810TX6,TSRYS5743665,D,S,T,2024-04-26,1000000.00,4.783864,91.5625
08:00:54,912810TX6,TSRYS5743665,D,S,T,2024-04-26,1000000.00,4.783732,91.564453125
08:00:54,912810TX6,TSRYS5743665,D,S,T,2024-04-26,1000000.00,4.783864,91.5625
08:00:54,912810TX6,TSRYS5743665,D,S,T,2024-04-26,1000000.00,4.783864,91.5625
08:00:54,912810TX6,TSRYS5743665,D,S,T,2024-04-26,1000000.00,4.783864,91.5625
08:00:54,912810TX6,TSRYS5743665,D,S,T,2024-04-26,1000000.00,4.783864,91.5625
08:00:54,912810TX6,TSRYS5743665,D,S,T,2024-04-26,1000000.00,4.783864,91.5625
08:00:54,912810TX6,TSRYS5743665,D,S,T,2024-04-26,1000000.00,4.784918,91.546875
08:00:54,912810TX6,TSRYS5743665,D,S,T,2024-04-26,1000000.00,4.784918,91.546875
08:00:54,912810TX6,TSRYS5743665,D,S,T,2024-04-26,1000000.00,4.784918,91.546875
08:00:54,912810TX6,TSRYS5743665,D,S,T,2024-04-26,1000000.00,4.784918,91.546875
08:00:54,912810TX6,TSRYS5743665,D,S,T,2024-04-26,1000000.00,4.784918,91.546875
08:00:54,912810TX6,TSRYS5743665,D,S,T,2024-04-26,1000000.00,4.785972,91.53125
08:00:54,912810TX6,TSRYS5743665,D,S,T,2024-04-26,1000000.00,4.785972,91.53125
08:00:54,912810TX6,TSRYS5743665,D,S,T,2024-04-26,1000000.00,4.785972,91.53125
08:00:54,912810TX6,TSRYS5743665,D,S,T,2024-04-26,1000000.00,4.785972,91.53125
08:00:54,912810TX6,TSRYS5743665,D,S,T,2024-04-26,1000000.00,4.785972,91.53125
08:00:54,912810TX6,TSRYS5743665,D,S,T,2024-04-26,1000000.00,4.785972,91.53125
08:00:54,912810TX6,TSRYS5743665,D,S,T,2024-04-26,1000000.00,4.785972,91.53125
08:00:54,912810TX6,TSRYS5743665,D,S,T,2024-04-26,1000000.00,4.785972,91.53125
08:00:54,912810TX6,TSRYS5743665,D,S,T,2024-04-26,1000000.00,4.785972,91.53125
08:00:54,912810TX6,TSRYS5743665,D,S,T,2024-04-26,1000000.00,4.785972,91.53125
08:00:54,912810TX6,TSRYS5743665,D,S,T,2024-04-26,1000000.00,4.785972,91.53125
08:00:54,912810TX6,TSRYS5743665,D,S,T,2024-04-26,1000000.00,4.785972,91.53125
08:00:54,912810TX6,TSRYS5743665,D,S,A,2024-04-26,9500000.00,4.785994,91.53125
08:00:54,912810TX6,TSRYS5743665,D,S,T,2024-04-26,1000000.00,4.785972,91.53125
08:00:54,912810TX6,TSRYS5743665,D,S,D,2024-04-26,1000000.00,4.784391,91.5546875
08:00:54,912810TX6,TSRYS5743665,D,S,T,2024-04-26,1000000.00,4.795869,91.384765625
08:00:54,912810TX6,TSRYS5743665,D,B,A,2024-04-26,5000000.00,4.788345,91.49609375
08:00:54,912810TX6,TSRYS5743665,D,S,T,2024-04-26,4000000.00,4.788477,91.494140625
08:00:54,912810TX6,TSRYS5743665,D,S,T,2024-04-26,1000000.00,4.788477,91.494140625
08:00:55,912810TX6,TSRYS5743665,D,S,T,2024-04-26,1000000.00,4.788081,91.5
08:00:55,912810TX6,TSRYS5743665,D,S,D,2024-04-26,2000000.00,4.796793,91.37109375
08:00:55,912810TX6,TSRYS5743665,D,S,D,2024-04-26,1000000.00,4.796793,91.37109375
08:00:55,912810TX6,TSRYS5743665,D,S,D,2024-04-26,1000000.00,4.796793,91.37109375
08:00:55,912810TX6,TSRYS5743665,D,S,D,2024-04-26,1000000.00,4.795737,91.38671875
08:00:55,912810TX6,TSRYS5743665,D,S,D,2024-04-26,1000000.00,4.796001,91.3828125
08:00:55,912810TX6,TSRYS5743665,D,S,D,2024-04-26,1000000.00,4.794944,91.3984375
08:00:55,912810TX6,TSRYS5743665,D,S,D,2024-04-26,1000000.00,4.794416,91.40625
08:00:55,912810TX6,TSRYS5743665,D,S,D,2024-04-26,1000000.00,4.789136,91.484375
08:00:55,912810TX6,TSRYS5743665,D,S,D,2024-04-26,1000000.00,4.789136,91.484375
08:00:55,912810TX6,TSRYS5743665,D,S,T,2024-04-26,1000000.00,4.795472,91.390625
08:00:55,912810TX6,TSRYS5743665,D,S,T,2024-04-26,1000000.00,4.796661,91.373046875
08:00:55,912810TX6,TSRYS5743665,D,S,D,2024-04-26,1000000.00,4.790192,91.46875
08:00:55,912810TX6,TSRYS5743665,D,S,D,2024-04-26,1000000.00,4.790192,91.46875
08:00:56,912810TX6,TSRYS5743665,D,S,D,2024-04-26,1000000.00,4.794416,91.40625
08:00:56,912810TX6,TSRYS5743665,D,S,A,2024-04-26,10000000.00,4.792039,91.44140625
08:00:56,912810TX6,TSRYS5743665,D,S,T,2024-04-26,1000000.00,4.78281,91.578125
08:00:56,912810TX6,TSRYS5743665,D,S,D,2024-04-26,1000000.00,4.795208,91.39453125
08:00:56,912810TX6,TSRYS5743665,D,B,A,2024-04-26,2500000.00,4.793095,91.42578125
08:00:56,912810TX6,TSRYS5743665,D,S,D,2024-04-26,1000000.00,4.791247,91.453125
08:00:56,912810TX6,TSRYS5743665,D,S,T,2024-04-26,1000000.00,4.78584,91.533203125
08:00:56,912810TX6,TSRYS5743665,D,S,D,2024-04-26,1000000.00,4.796793,91.37109375
08:00:56,912810TX6,TSRYS5743665,D,S,T,2024-04-26,1000000.00,4.785972,91.53125
08:00:57,912810TX6,TSRYS5743665,D,S,D,2024-04-26,2000000.00,4.796793,91.37109375
08:00:57,912810TX6,TSRYS5743665,D,S,T,2024-04-26,1000000.00,4.794416,91.40625
08:00:57,912810TX6,TSRYS5743665,D,S,T,2024-04-26,1000000.00,4.794416,91.40625
08:00:57,912810TX6,TSRYS5743665,D,S,T,2024-04-26,1000000.00,4.791247,91.453125
08:00:57,912810TX6,TSRYS5743665,D,S,T,2024-04-26,1000000.00,4.794416,91.40625
08:00:58,912810TX6,TSRYS5743665,D,S,T,2024-04-26,1000000.00,4.791247,91.453125
08:00:58,912810TX6,TSRYS5743665,D,S,T,2024-04-26,1000000.00,4.795472,91.390625
08:00:58,912810TX6,TSRYS5743665,D,S,T,2024-04-26,1000000.00,4.795472,91.390625
08:00:58,912810TX6,TSRYS5743665,D,S,T,2024-04-26,3000000.00,4.795472,91.390625
08:00:58,912810TX6,TSRYS5743665,D,S,T,2024-04-26,1000000.00,4.793359,91.421875
08:00:58,912810TX6,TSRYS5743665,D,S,T,2024-04-26,1000000.00,4.793359,91.421875
08:00:58,912810TX6,TSRYS5743665,D,B,A,2024-04-26,2000000.00,4.797058,91.3671875
08:00:58,912810TX6,TSRYS5743665,D,S,T,2024-04-26,2000000.00,4.785972,91.53125
08:00:58,912810TX6,TSRYS5743665,D,S,T,2024-04-26,1000000.00,4.793359,91.421875
08:00:58,912810TX6,TSRYS5743665,D,S,D,2024-04-26,1000000.00,4.794416,91.40625
08:00:58,912810TX6,TSRYS5743665,D,S,D,2024-04-26,1000000.00,4.794416,91.40625
08:00:58,912810TX6,TSRYS5743665,D,S,D,2024-04-26,1000000.00,4.794416,91.40625
08:00:58,912810TX6,TSRYS5743665,D,S,D,2024-04-26,1000000.00,4.794416,91.40625
08:00:58,912810TX6,TSRYS5743665,D,S,D,2024-04-26,1000000.00,4.794416,91.40625
08:00:58,912810TX6,TSRYS5743665,D,S,T,2024-04-26,1000000.00,4.797197,91.365134375
08:00:58,912810TX6,TSRYS5743665,D,S,T,2024-04-26,1000000.00,4.794416,91.40625
08:00:58,912810TX6,TSRYS5743665,D,S,T,2024-04-26,1000000.00,4.795875,91.384665625
08:00:58,912810TX6,TSRYS5743665,D,S,T,2024-04-26,1000000.00,4.795875,91.384665625
08:00:58,912810TX6,TSRYS5743665,D,S,T,2024-04-26,1000000.00,4.795743,91.38661875
08:00:58,912810TX6,TSRYS5743665,D,S,D,2024-04-26,1000000.00,4.796529,91.375
08:00:58,912810TX6,TSRYS5743665,D,S,D,2024-04-26,1000000.00,4.796529,91.375
08:00:58,912810TX6,TSRYS5743665,D,S,D,2024-04-26,9000000.00,4.795957,91.383463542
08:00:58,912810TX6,TSRYS5743665,D,S,T,2024-04-26,1000000.00,4.792567,91.43359375
08:00:58,912810TX6,TSRYS5743665,D,S,T,2024-04-26,1000000.00,4.791518,91.44911875
08:00:59,912810TX6,TSRYS5743665,D,S,D,2024-04-26,1000000.00,4.790192,91.46875
08:00:59,912810TX6,TSRYS5743665,D,S,D,2024-04-26,1000000.00,4.790192,91.46875
08:00:59,912810TX6,TSRYS5743665,D,S,D,2024-04-26,1000000.00,4.791511,91.44921875
08:00:59,912810TX6,TSRYS5743665,D,S,T,2024-04-26,1000000.00,4.791115,91.455078125
08:00:59,912810TX6,TSRYS5743665,D,S,T,2024-04-26,1000000.00,4.792303,91.4375
08:00:59,912810TX6,TSRYS5743665,D,S,C,2024-04-26,1575000.00,4.796529,91.375
08:00:59,912810TX6,TSRYS5743665,D,S,T,2024-04-26,1000000.00,4.795869,91.384765625
08:00:59,912810TX6,TSRYS5743665,D,S,D,2024-04-26,1000000.00,4.796499,91.37545
08:00:59,912810TX6,TSRYS5743665,D,S,D,2024-04-26,1000000.00,4.791511,91.44921875
08:01:00,912810TX6,TSRYS5743665,D,S,D,2024-04-26,1000000.00,4.822504,90.9921875
08:01:00,912810TX6,TSRYS5743665,D,B,C,2024-04-26,1000000.00,4.822504,90.9921875
08:01:00,912810TX6,TSRYS5743665,D,B,C,2024-04-26,1000000.00,4.821441,91.0078125
08:01:00,912810TX6,TSRYS5743665,D,S,D,2024-04-26,1000000.00,4.821441,91.0078125
08:01:00,912810TX6,TSRYS5743665,D,S,D,2024-04-26,1000000.00,4.793359,91.421875
08:01:00,912810TX6,TSRYS5743665,D,S,D,2024-04-26,4600000.00,4.792554,91.43379375
08:01:00,912810TX6,TSRYS5743665,D,S,T,2024-04-26,1000000.00,4.785979,91.531148
08:01:00,912810TX6,TSRYS5743665,D,S,D,2024-04-26,1000000.00,4.791247,91.453125
08:01:00,912810TX6,TSRYS5743665,D,S,T,2024-04-26,1000000.00,4.785979,91.531148
08:01:00,912810TX6,TSRYS5743665,D,S,D,2024-04-26,1000000.00,4.791247,91.453125
08:01:00,912810TX6,TSRYS5743665,D,B,C,2024-04-26,1000000.00,4.822504,90.9921875
08:01:00,912810TX6,TSRYS5743665,D,S,D,2024-04-26,1000000.00,4.824632,90.9609375
08:01:00,912810TX6,TSRYS5743665,D,S,D,2024-04-26,1000000.00,4.817722,91.0625
08:01:00,912810TX6,TSRYS5743665,D,S,C,2024-04-26,1000000.00,4.815598,91.09375
08:01:00,912810TX6,TSRYS5743665,D,S,D,2024-04-26,1000000.00,4.822504,90.9921875
08:01:00,912810TX6,TSRYS5743665,D,S,C,2024-04-26,1000000.00,4.814536,91.109375
08:01:00,912810TX6,TSRYS5743665,D,S,C,2024-04-26,1000000.00,4.811088,91.16015625
08:01:00,912810TX6,TSRYS5743665,D,S,C,2024-04-26,1000000.00,4.814536,91.109375
08:01:00,912810TX6,TSRYS5743665,D,S,D,2024-04-26,1000000.00,4.818253,91.0546875
08:01:00,912810TX6,TSRYS5743665,D,S,D,2024-04-26,1000000.00,4.818784,91.046875
08:01:00,912810TX6,TSRYS5743665,D,S,C,2024-04-26,1000000.00,4.810558,91.16796875
08:01:00,912810TX6,TSRYS5743665,D,B,C,2024-04-26,1000000.00,4.811353,91.15625
08:01:00,912810TX6,TSRYS5743665,D,S,C,2024-04-26,1000000.00,4.814536,91.109375
08:01:00,912810TX6,TSRYS5743665,D,S,T,2024-04-26,1000000.00,4.785979,91.531148
08:01:00,912810TX6,TSRYS5743665,D,S,T,2024-04-26,1000000.00,4.786236,91.52734375
08:01:00,912810TX6,TSRYS5743665,D,S,C,2024-04-26,1000000.00,4.813475,91.125
08:01:00,912810TX6,TSRYS5743665,D,B,C,2024-04-26,1000000.00,4.811353,91.15625
08:01:00,912810TX6,TSRYS5743665,D,S,T,2024-04-26,1000000.00,4.786236,91.52734375
08:01:00,912810TX6,TSRYS5743665,D,B,C,2024-04-26,1000000.00,4.814536,91.109375
08:01:00,912810TX6,TSRYS5743665,D,S,D,2024-04-26,1000000.00,4.810823,91.1640625
08:01:00,912810TX6,TSRYS5743665,D,S,D,2024-04-26,1000000.00,4.808702,91.1953125
08:01:00,912810TX6,TSRYS5743665,D,S,T,2024-04-26,1000000.00,4.786236,91.52734375
08:01:00,912810TX6,TSRYS5743665,D,S,D,2024-04-26,1000000.00,4.808702,91.1953125
08:01:00,912810TX6,TSRYS5743665,D,S,C,2024-04-26,1000000.00,4.813475,91.125
08:01:00,912810TX6,TSRYS5743665,D,S,D,2024-04-26,1000000.00,4.807112,91.21875
08:01:00,912810TX6,TSRYS5743665,D,B,C,2024-04-26,1000000.00,4.810292,91.171875
08:01:00,912810TX6,TSRYS5743665,D,S,D,2024-04-26,1000000.00,4.807112,91.21875
08:01:00,912810TX6,TSRYS5743665,D,S,D,2024-04-26,1000000.00,4.808702,91.1953125
08:01:00,912810TX6,TSRYS5743665,D,S,T,2024-04-26,1000000.00,4.786236,91.52734375
08:01:00,912810TX6,TSRYS5743665,D,S,C,2024-04-26,1000000.00,4.809232,91.1875
08:01:00,912810TX6,TSRYS5743665,D,S,D,2024-04-26,1000000.00,4.808702,91.1953125
08:01:00,912810TX6,TSRYS5743665,D,S,C,2024-04-26,2000000.00,4.810292,91.171875
08:01:00,912810TX6,TSRYS5743665,D,S,C,2024-04-26,1000000.00,4.811353,91.15625
08:01:00,912810TX6,TSRYS5743665,D,S,C,2024-04-26,1000000.00,4.810292,91.171875
08:01:00,912810TX6,TSRYS5743665,D,S,D,2024-04-26,1000000.00,4.807112,91.21875
08:01:00,912810TX6,TSRYS5743665,D,S,T,2024-04-26,1000000.00,4.785979,91.531148
08:01:00,912810TX6,TSRYS5743665,D,S,C,2024-04-26,1000000.00,4.811353,91.15625
08:01:00,912810TX6,TSRYS5743665,D,S,T,2024-04-26,1000000.00,4.786104,91.529296875
08:01:00,912810TX6,TSRYS5743665,D,S,C,2024-04-26,1000000.00,4.807112,91.21875
08:01:00,912810TX6,TSRYS5743665,D,S,T,2024-04-26,1000000.00,4.786236,91.52734375
08:01:00,912810TX6,TSRYS5743665,D,S,C,2024-04-26,1000000.00,4.810292,91.171875
08:01:00,912810TX6,TSRYS5743665,D,S,C,2024-04-26,1000000.00,4.807112,91.21875
08:01:00,912810TX6,TSRYS5743665,D,S,C,2024-04-26,1000000.00,4.806583,91.2265625
08:01:00,912810TX6,TSRYS5743665,D,B,C,2024-04-26,1000000.00,4.804994,91.25
08:01:00,912810TX6,TSRYS5743665,D,S,C,2024-04-26,1000000.00,4.810292,91.171875
08:01:00,912810TX6,TSRYS5743665,D,S,D,2024-04-26,1000000.00,4.808702,91.1953125
08:01:00,912810TX6,TSRYS5743665,D,S,T,2024-04-26,1000000.00,4.786236,91.52734375
08:01:00,912810TX6,TSRYS5743665,D,S,D,2024-04-26,1000000.00,4.793359,91.421875
08:01:00,912810TX6,TSRYS5743665,D,S,D,2024-04-26,1000000.00,4.806053,91.234375
08:01:00,912810TX6,TSRYS5743665,D,S,C,2024-04-26,1000000.00,4.788081,91.5
08:01:00,912810TX6,TSRYS5743665,D,S,D,2024-04-26,1000000.00,4.792567,91.43359375
08:01:00,912810TX6,TSRYS5743665,D,S,T,2024-04-26,1000000.00,4.786236,91.52734375
08:01:00,912810TX6,TSRYS5743665,D,S,D,2024-04-26,1000000.00,4.807112,91.21875
08:01:00,912810TX6,TSRYS5743665,D,S,D,2024-04-26,1000000.00,4.785972,91.53125
08:01:00,912810TX6,TSRYS5743665,D,S,D,2024-04-26,1000000.00,4.784918,91.546875
08:01:00,912810TX6,TSRYS5743665,D,S,C,2024-04-26,1000000.00,4.807112,91.21875
08:01:00,912810TX6,TSRYS5743665,D,S,T,2024-04-26,1000000.00,4.786236,91.52734375
08:01:00,912810TX6,TSRYS5743665,D,S,D,2024-04-26,1000000.00,4.78729,91.51171875
08:01:00,912810TX6,TSRYS5743665,D,S,D,2024-04-26,1000000.00,4.809232,91.1875
08:01:00,912810TX6,TSRYS5743665,D,S,D,2024-04-26,1000000.00,4.787818,91.50390625
08:01:00,912810TX6,TSRYS5743665,D,S,D,2024-04-26,1000000.00,4.804729,91.25390625
08:01:00,912810TX6,TSRYS5743665,D,S,T,2024-04-26,1000000.00,4.78584,91.533203125
08:01:00,912810TX6,TSRYS5743665,D,S,D,2024-04-26,1000000.00,4.791775,91.4453125
08:01:00,912810TX6,TSRYS5743665,D,S,D,2024-04-26,1000000.00,4.809232,91.1875
08:01:00,912810TX6,TSRYS5743665,D,S,T,2024-04-26,4000000.00,4.785979,91.531148
08:01:00,912810TX6,TSRYS5743665,D,S,D,2024-04-26,1000000.00,4.784391,91.5546875
08:01:00,912810TX6,TSRYS5743665,D,B,C,2024-04-26,1000000.00,4.810292,91.171875
08:01:00,912810TX6,TSRYS5743665,D,S,D,2024-04-26,1000000.00,4.783337,91.5703125
08:01:00,912810TX6,TSRYS5743665,D,S,D,2024-04-26,1000000.00,4.784918,91.546875
08:01:00,912810TX6,TSRYS5743665,D,S,T,2024-04-26,1000000.00,4.785979,91.531148
08:01:00,912810TX6,TSRYS5743665,D,S,D,2024-04-26,3000000.00,4.806053,91.234375
08:01:00,912810TX6,TSRYS5743665,D,S,T,2024-04-26,1000000.00,4.783469,91.568359375
08:01:00,912810TX6,TSRYS5743665,D,S,D,2024-04-26,1000000.00,4.792039,91.44140625
08:01:00,912810TX6,TSRYS5743665,D,S,D,2024-04-26,1000000.00,4.791247,91.453125
08:01:00,912810TX6,TSRYS5743665,D,S,D,2024-04-26,1000000.00,4.789664,91.4765625
08:01:00,912810TX6,TSRYS5743665,D,S,D,2024-04-26,1000000.00,4.806053,91.234375
08:01:00,912810TX6,TSRYS5743665,D,S,T,2024-04-26,1000000.00,4.7836,91.56640625
08:01:00,912810TX6,TSRYS5743665,D,B,C,2024-04-26,1000000.00,4.783337,91.5703125
08:01:00,912810TX6,TSRYS5743665,D,S,D,2024-04-26,1000000.00,4.804994,91.25
08:01:00,912810TX6,TSRYS5743665,D,S,T,2024-04-26,1000000.00,4.783732,91.564453125
08:01:00,912810TX6,TSRYS5743665,D,S,D,2024-04-26,1000000.00,4.789928,91.47265625
08:01:00,912810TX6,TSRYS5743665,D,S,D,2024-04-26,1000000.00,4.792039,91.44140625
08:01:00,912810TX6,TSRYS5743665,D,S,D,2024-04-26,1000000.00,4.789136,91.484375
08:01:00,912810TX6,TSRYS5743665,D,S,T,2024-04-26,1000000.00,4.783871,91.562398
08:01:00,912810TX6,TSRYS5743665,D,S,D,2024-04-26,1000000.00,4.790983,91.45703125
08:01:00,912810TX6,TSRYS5743665,D,S,D,2024-04-26,1000000.00,4.789928,91.47265625
08:01:00,912810TX6,TSRYS5743665,D,B,C,2024-04-26,1000000.00,4.793359,91.421875
08:01:00,912810TX6,TSRYS5743665,D,S,D,2024-04-26,1000000.00,4.791511,91.44921875
08:01:00,912810TX6,TSRYS5743665,D,S,D,2024-04-26,1000000.00,4.791247,91.453125
08:01:00,912810TX6,TSRYS5743665,D,S,T,2024-04-26,1000000.00,4.783871,91.562398
08:01:00,912810TX6,TSRYS5743665,D,S,D,2024-04-26,1000000.00,4.795472,91.390625
08:01:00,912810TX6,TSRYS5743665,D,S,D,2024-04-26,1000000.00,4.796793,91.37109375
08:01:00,912810TX6,TSRYS5743665,D,S,T,2024-04-26,1000000.00,4.783871,91.562398
08:01:00,912810TX6,TSRYS5743665,D,S,D,2024-04-26,1000000.00,4.796529,91.375
08:01:00,912810TX6,TSRYS5743665,D,S,T,2024-04-26,1000000.00,4.783871,91.562398
08:01:00,912810TX6,TSRYS5743665,D,S,D,2024-04-26,1000000.00,4.793359,91.421875
08:01:00,912810TX6,TSRYS5743665,D,S,D,2024-04-26,1000000.00,4.793623,91.41796875
08:01:00,912810TX6,TSRYS5743665,D,S,D,2024-04-26,1000000.00,4.795737,91.38671875
08:01:01,912810TX6,TSRYS5743665,D,S,T,2024-04-26,1000000.00,4.783871,91.562398
08:01:01,912810TX6,TSRYS5743665,D,S,D,2024-04-26,1000000.00,4.796793,91.37109375
08:01:01,912810TX6,TSRYS5743665,D,S,D,2024-04-26,1000000.00,4.794416,91.40625
08:01:01,912810TX6,TSRYS5743665,D,S,D,2024-04-26,2000000.00,4.796793,91.37109375
08:01:01,912810TX6,TSRYS5743665,D,S,D,2024-04-26,1000000.00,4.790192,91.46875
08:01:01,912810TX6,TSRYS5743665,D,S,D,2024-04-26,1000000.00,4.796001,91.3828125
08:01:01,912810TX6,TSRYS5743665,D,S,D,2024-04-26,1000000.00,4.788873,91.48828125
08:01:01,912810TX6,TSRYS5743665,D,S,D,2024-04-26,1000000.00,4.794944,91.3984375
08:01:01,912810TX6,TSRYS5743665,D,S,D,2024-04-26,1000000.00,4.794944,91.3984375
08:01:01,912810TX6,TSRYS5743665,D,S,D,2024-04-26,1000000.00,4.793887,91.4140625
08:01:01,912810TX6,TSRYS5743665,D,S,D,2024-04-26,1000000.00,4.794416,91.40625
08:01:01,912810TX6,TSRYS5743665,D,S,D,2024-04-26,1000000.00,4.794416,91.40625
08:01:01,912810TX6,TSRYS5743665,D,S,D,2024-04-26,1000000.00,4.794416,91.40625
08:01:01,912810TX6,TSRYS5743665,D,S,D,2024-04-26,1000000.00,4.797322,91.36328125
08:01:01,912810TX6,TSRYS5743665,D,S,D,2024-04-26,1000000.00,4.796793,91.37109375
08:01:01,912810TX6,TSRYS5743665,D,S,T,2024-04-26,1000000.00,4.795869,91.384765625
08:01:01,912810TX6,TSRYS5743665,D,S,D,2024-04-26,1000000.00,4.791247,91.453125
08:01:01,912810TX6,TSRYS5743665,D,S,D,2024-04-26,1000000.00,4.796793,91.37109375
08:01:02,912810TX6,TSRYS5743665,D,B,A,2024-04-26,1000000.00,4.790192,91.46875
08:01:02,912810TX6,TSRYS5743665,D,S,D,2024-04-26,1000000.00,4.792567,91.43359375
08:01:02,912810TX6,TSRYS5743665,D,S,D,2024-04-26,1000000.00,4.792567,91.43359375
08:01:02,912810TX6,TSRYS5743665,D,S,D,2024-04-26,1000000.00,4.792567,91.43359375
08:01:02,912810TX6,TSRYS5743665,D,S,T,2024-04-26,1000000.00,4.789143,91.484273
08:01:02,912810TX6,TSRYS5743665,D,S,T,2024-04-26,2000000.00,4.789664,91.4765625
08:01:02,912810TX6,TSRYS5743665,D,S,T,2024-04-26,1000000.00,4.790199,91.468648
08:01:02,912810TX6,TSRYS5743665,D,S,T,2024-04-26,1000000.00,4.790199,91.468648
08:01:02,912810TX6,TSRYS5743665,D,S,D,2024-04-26,1000000.00,4.791247,91.453125
08:01:03,912810TX6,TSRYS5743665,D,S,T,2024-04-26,1000000.00,4.789143,91.484273
08:01:03,912810TX6,TSRYS5743665,D,S,T,2024-04-26,1000000.00,4.789143,91.484273
08:01:03,912810TX6,TSRYS5743665,D,S,A,2024-04-26,150000.00,4.789423,91.48046875
08:01:03,912810TX6,TSRYS5743665,D,S,D,2024-04-26,2000000.00,4.791775,91.4453125
08:01:03,912810TX6,TSRYS5743665,D,S,D,2024-04-26,1000000.00,4.791775,91.4453125
08:01:03,912810TX6,TSRYS5743665,D,S,D,2024-04-26,2000000.00,4.790192,91.46875
08:01:04,912810TX6,TSRYS5743665,D,S,C,2024-04-26,1000000.00,4.788345,91.49609375
08:01:04,912810TX6,TSRYS5743665,D,S,D,2024-04-26,1000000.00,4.789664,91.4765625
08:01:04,912810TX6,TSRYS5743665,D,S,D,2024-04-26,1000000.00,4.789136,91.484375
08:01:04,912810TX6,TSRYS5743665,D,S,D,2024-04-26,1000000.00,4.789928,91.47265625
08:01:04,912810TX6,TSRYS5743665,D,S,T,2024-04-26,1000000.00,4.795472,91.390625
08:01:05,912810TX6,TSRYS5743665,D,S,T,2024-04-26,1000000.00,4.783864,91.5625
08:01:06,912810TX6,TSRYS5743665,D,S,T,2024-04-26,1000000.00,4.785972,91.53125
08:01:06,912810TX6,TSRYS5743665,D,S,T,2024-04-26,2000000.00,4.785972,91.53125
08:01:07,912810TX6,TSRYS5743665,D,S,A,2024-04-26,100000.00,4.786258,91.52734375
08:01:07,912810TX6,TSRYS5743665,D,S,T,2024-04-26,1000000.00,4.789136,91.484375
08:01:07,912810TX6,TSRYS5743665,D,S,T,2024-04-26,1000000.00,4.789136,91.484375
08:01:07,912810TX6,TSRYS5743665,D,S,T,2024-04-26,1000000.00,4.789136,91.484375
08:01:07,912810TX6,TSRYS5743665,D,S,T,2024-04-26,1000000.00,4.789136,91.484375
08:01:07,912810TX6,TSRYS5743665,D,S,T,2024-04-26,1000000.00,4.789136,91.484375
08:01:07,912810TX6,TSRYS5743665,D,S,T,2024-04-26,1000000.00,4.789136,91.484375
08:01:08,912810TX6,TSRYS5743665,D,S,T,2024-04-26,1000000.00,4.789136,91.484375
08:01:08,912810TX6,TSRYS5743665,D,S,A,2024-04-26,100000.00,4.789423,91.48046875
08:01:08,912810TX6,TSRYS5743665,D,B,A,2024-04-26,5400000.00,4.796529,91.375
08:01:10,912810TX6,TSRYS5743665,D,S,D,2024-04-26,1000000.00,4.795737,91.38671875
08:01:10,912810TX6,TSRYS5743665,D,S,T,2024-04-26,1000000.00,4.794152,91.41015625
08:01:11,912810TX6,TSRYS5743665,D,S,D,2024-04-26,1000000.00,4.810823,91.1640625
08:01:11,912810TX6,TSRYS5743665,D,S,D,2024-04-26,1000000.00,4.811088,91.16015625
08:01:11,912810TX6,TSRYS5743665,D,S,D,2024-04-26,2000000.00,4.810292,91.171875
08:01:11,912810TX6,TSRYS5743665,D,S,D,2024-04-26,1000000.00,4.810292,91.171875
08:01:11,912810TX6,TSRYS5743665,D,S,D,2024-04-26,3000000.00,4.806053,91.234375
08:01:11,912810TX6,TSRYS5743665,D,S,D,2024-04-26,1000000.00,4.807112,91.21875
08:01:11,912810TX6,TSRYS5743665,D,B,A,2024-04-26,2000000.00,4.792303,91.4375
08:01:11,912810TX6,TSRYS5743665,D,S,T,2024-04-26,1000000.00,4.79231,91.437398
08:01:11,912810TX6,TSRYS5743665,D,S,T,2024-04-26,1000000.00,4.79231,91.437398
08:01:12,912810TX6,TSRYS5743665,D,S,D,2024-04-26,1000000.00,4.790192,91.46875
08:01:12,912810TX6,TSRYS5743665,D,S,D,2024-04-26,1000000.00,4.788081,91.5
08:01:12,912810TX6,TSRYS5743665,D,S,D,2024-04-26,1000000.00,4.785972,91.53125
08:01:12,912810TX6,TSRYS5743665,D,S,D,2024-04-26,1000000.00,4.794944,91.3984375
08:01:12,912810TX6,TSRYS5743665,D,S,D,2024-04-26,1000000.00,4.793887,91.4140625
08:01:12,912810TX6,TSRYS5743665,D,S,D,2024-04-26,1000000.00,4.794416,91.40625
08:01:12,912810TX6,TSRYS5743665,D,S,T,2024-04-26,1000000.00,4.794423,91.406148
08:01:12,912810TX6,TSRYS5743665,D,S,D,2024-04-26,1000000.00,4.794944,91.3984375
08:01:12,912810TX6,TSRYS5743665,D,S,D,2024-04-26,1000000.00,4.794416,91.40625
08:01:12,912810TX6,TSRYS5743665,D,S,T,2024-04-26,1000000.00,4.794423,91.406148
08:01:12,912810TX6,TSRYS5743665,D,S,C,2024-04-26,10000000.00,4.791775,91.4453125
08:01:12,912810TX6,TSRYS5743665,D,S,T,2024-04-26,1000000.00,4.794423,91.406148
08:01:12,912810TX6,TSRYS5743665,D,S,D,2024-04-26,1000000.00,4.789664,91.4765625
08:01:12,912810TX6,TSRYS5743665,D,S,D,2024-04-26,1000000.00,4.789664,91.4765625
08:01:12,912810TX6,TSRYS5743665,D,S,D,2024-04-26,1000000.00,4.789136,91.484375
08:01:12,912810TX6,TSRYS5743665,D,S,T,2024-04-26,2000000.00,4.794423,91.406148
08:01:12,912810TX6,TSRYS5743665,D,S,T,2024-04-26,1000000.00,4.794423,91.406148
08:01:12,912810TX6,TSRYS5743665,D,S,T,2024-04-26,1000000.00,4.794423,91.406148
08:01:13,912810TX6,TSRYS5743665,D,S,T,2024-04-26,1000000.00,4.794423,91.406148
08:01:13,912810TX6,TSRYS5743665,D,S,T,2024-04-26,1000000.00,4.802883,91.28115
08:01:13,912810TX6,TSRYS5743665,D,S,T,2024-04-26,1000000.00,4.802883,91.28115
08:01:13,912810TX6,TSRYS5743665,D,S,T,2024-04-26,1000000.00,4.790192,91.46875
08:01:13,912810TX6,TSRYS5743665,D,B,C,2024-04-26,1000000.00,4.784418,91.5542875
08:01:13,912810TX6,TSRYS5743665,D,S,D,2024-04-26,1000000.00,4.812944,91.1328125
08:01:13,912810TX6,TSRYS5743665,D,S,T,2024-04-26,1000000.00,4.791379,91.451171875
08:01:14,912810TX6,TSRYS5743665,D,S,T,2024-04-26,1000000.00,4.791379,91.451171875
08:01:14,912810TX6,TSRYS5743665,D,S,D,2024-04-26,1000000.00,4.813077,91.13085937
08:01:14,912810TX6,TSRYS5743665,D,S,T,2024-04-26,1000000.00,4.791379,91.451171875
08:01:14,912810TX6,TSRYS5743665,D,S,T,2024-04-26,1000000.00,4.791775,91.4453125
08:01:14,912810TX6,TSRYS5743665,D,S,T,2024-04-26,1000000.00,4.791775,91.4453125
08:01:14,912810TX6,TSRYS5743665,D,S,D,2024-04-26,1000000.00,4.806053,91.234375
08:01:14,912810TX6,TSRYS5743665,D,S,T,2024-04-26,1000000.00,4.791775,91.4453125
08:01:14,912810TX6,TSRYS5743665,D,S,T,2024-04-26,1000000.00,4.796926,91.369140625
08:01:14,912810TX6,TSRYS5743665,D,S,T,2024-04-26,1000000.00,4.79719,91.365234375
08:01:14,912810TX6,TSRYS5743665,D,S,T,2024-04-26,1000000.00,4.794951,91.3983375
08:01:14,912810TX6,TSRYS5743665,D,S,T,2024-04-26,1000000.00,4.794951,91.3983375
08:01:14,912810TX6,TSRYS5743665,D,S,T,2024-04-26,1000000.00,4.794951,91.3983375
08:01:14,912810TX6,TSRYS5743665,D,S,T,2024-04-26,1000000.00,4.793894,91.4139625
08:01:14,912810TX6,TSRYS5743665,D,S,T,2024-04-26,1000000.00,4.793894,91.4139625
08:01:14,912810TX6,TSRYS5743665,D,S,T,2024-04-26,1000000.00,4.794422,91.40615
08:01:14,912810TX6,TSRYS5743665,D,S,T,2024-04-26,1000000.00,4.792838,91.4295875
08:01:14,912810TX6,TSRYS5743665,D,S,T,2024-04-26,1000000.00,4.792838,91.4295875
08:01:14,912810TX6,TSRYS5743665,D,S,T,2024-04-26,1000000.00,4.789143,91.484275
08:01:14,912810TX6,TSRYS5743665,D,S,T,2024-04-26,1000000.00,4.789143,91.484275
08:01:14,912810TX6,TSRYS5743665,D,S,A,2024-04-26,2000000.00,4.788873,91.48828125
08:01:14,912810TX6,TSRYS5743665,D,S,T,2024-04-26,1000000.00,4.789671,91.4764625
08:01:14,912810TX6,TSRYS5743665,D,S,T,2024-04-26,1000000.00,4.789671,91.4764625
08:01:14,912810TX6,TSRYS5743665,D,S,T,2024-04-26,1000000.00,4.789671,91.4764625
08:01:14,912810TX6,TSRYS5743665,D,S,D,2024-04-26,1000000.00,4.812812,91.13476562
08:01:14,912810TX6,TSRYS5743665,D,S,T,2024-04-26,1000000.00,4.805788,91.23828125
08:01:14,912810TX6,TSRYS5743665,D,S,T,2024-04-26,1000000.00,4.810304,91.1717
08:01:14,912810TX6,TSRYS5743665,D,B,C,2024-04-26,10500000.00,4.7889,91.48788125
08:01:14,912810TX6,TSRYS5743665,D,S,T,2024-04-26,1000000.00,4.807124,91.218575
08:01:15,912810TX6,TSRYS5743665,D,S,T,2024-04-26,1000000.00,4.794428,91.406075
08:01:15,912810TX6,TSRYS5743665,D,S,D,2024-04-26,1000000.00,4.812944,91.1328125
08:01:15,912810TX6,TSRYS5743665,D,S,T,2024-04-26,1000000.00,4.812944,91.1328125
08:01:15,912810TX6,TSRYS5743665,D,S,D,2024-04-26,1000000.00,4.806583,91.2265625
08:01:15,912810TX6,TSRYS5743665,D,B,C,2024-04-26,25000.00,4.79101,91.45663125
08:01:15,912810TX6,TSRYS5743665,D,S,T,2024-04-26,1000000.00,4.802891,91.281025
08:01:15,912810TX6,TSRYS5743665,D,S,T,2024-04-26,1000000.00,4.802891,91.281025
08:01:15,912810TX6,TSRYS5743665,D,S,T,2024-04-26,1000000.00,4.802891,91.281025
08:01:15,912810TX6,TSRYS5743665,D,S,T,2024-04-26,1000000.00,4.807128,91.218525
08:01:15,912810TX6,TSRYS5743665,D,S,D,2024-04-26,1000000.00,4.806847,91.22265625
08:01:16,912810TX6,TSRYS5743665,D,S,T,2024-04-26,1000000.00,4.794431,91.406025
08:01:16,912810TX6,TSRYS5743665,D,S,T,2024-04-26,1000000.00,4.789152,91.48415
08:01:16,912810TX6,TSRYS5743665,D,S,T,2024-04-26,1000000.00,4.789152,91.48415
08:01:16,912810TX6,TSRYS5743665,D,S,T,2024-04-26,1000000.00,4.789152,91.48415
08:01:16,912810TX6,TSRYS5743665,D,S,D,2024-04-26,10000000.00,4.808668,91.1958125
08:01:16,912810TX6,TSRYS5743665,D,S,D,2024-04-26,4000000.00,4.809185,91.1882
08:01:16,912810TX6,TSRYS5743665,D,S,D,2024-04-26,22000000.00,4.807078,91.21925
08:01:16,912810TX6,TSRYS5743665,D,S,D,2024-04-26,1000000.00,4.809185,91.1882
08:01:16,912810TX6,TSRYS5743665,D,S,D,2024-04-26,1000000.00,4.809185,91.1882
08:01:16,912810TX6,TSRYS5743665,D,B,C,2024-04-26,17000000.00,4.806501,91.2277603
08:01:16,912810TX6,TSRYS5743665,D,S,C,2024-04-26,3000000.00,4.804434,91.2582545
08:01:16,912810TX6,TSRYS5743665,D,S,C,2024-04-26,2000000.00,4.806268,91.231206
08:01:16,912810TX6,TSRYS5743665,D,S,C,2024-04-26,1000000.00,4.791596,91.4479692
08:01:16,912810TX6,TSRYS5743665,D,S,C,2024-04-26,1000000.00,4.791992,91.4421063
08:01:16,912810TX6,TSRYS5743665,D,S,C,2024-04-26,2000000.00,4.79109,91.4554519
08:01:16,912810TX6,TSRYS5743665,D,S,C,2024-04-26,1000000.00,4.789804,91.474496
08:01:16,912810TX6,TSRYS5743665,D,S,D,2024-04-26,1000000.00,4.80857,91.19726562
08:01:16,912810TX6,TSRYS5743665,D,S,D,2024-04-26,13000000.00,4.785811,91.53363
08:01:16,912810TX6,TSRYS5743665,D,S,D,2024-04-26,1000000.00,4.815465,91.09570312
08:01:17,912810TX6,TSRYS5743665,D,S,D,2024-04-26,1000000.00,4.808702,91.1953125
08:01:17,912810TX6,TSRYS5743665,D,S,T,2024-04-26,1000000.00,4.796545,91.374773
08:01:17,912810TX6,TSRYS5743665,D,S,D,2024-04-26,1000000.00,4.814802,91.10546875
08:01:17,912810TX6,TSRYS5743665,D,S,T,2024-04-26,1000000.00,4.808835,91.19335937
08:01:17,912810TX6,TSRYS5743665,D,S,A,2024-04-26,3000000.00,4.796529,91.375
08:01:18,912810TX6,TSRYS5743665,D,B,C,2024-04-26,20000000.00,4.798142,91.3511625
08:01:18,912810TX6,TSRYS5743665,D,S,T,2024-04-26,1000000.00,4.797058,91.3671875
08:01:18,912810TX6,TSRYS5743665,D,S,T,2024-04-26,1000000.00,4.794416,91.40625
08:01:18,912810TX6,TSRYS5743665,D,S,T,2024-04-26,1000000.00,4.794416,91.40625
08:01:18,912810TX6,TSRYS5743665,D,S,T,2024-04-26,1000000.00,4.794416,91.40625
08:01:18,912810TX6,TSRYS5743665,D,S,T,2024-04-26,1000000.00,4.794416,91.40625
08:01:18,912810TX6,TSRYS5743665,D,S,T,2024-04-26,1000000.00,4.806066,91.234175
08:01:18,912810TX6,TSRYS5743665,D,S,T,2024-04-26,1000000.00,4.792303,91.4375
08:01:18,912810TX6,TSRYS5743665,D,B,C,2024-04-26,1000000.00,4.791511,91.44921875
08:01:18,912810TX6,TSRYS5743665,D,S,D,2024-04-26,1000000.00,4.791511,91.44921875
08:01:18,912810TX6,TSRYS5743665,D,S,T,2024-04-26,1000000.00,4.792303,91.4375
08:01:18,912810TX6,TSRYS5743665,D,S,T,2024-04-26,1000000.00,4.792303,91.4375
08:01:18,912810TX6,TSRYS5743665,D,S,T,2024-04-26,2000000.00,4.792303,91.4375
08:01:18,912810TX6,TSRYS5743665,D,S,T,2024-04-26,1000000.00,4.792303,91.4375
08:01:18,912810TX6,TSRYS5743665,D,B,C,2024-04-26,1000000.00,4.791511,91.44921875
08:01:18,912810TX6,TSRYS5743665,D,S,D,2024-04-26,1000000.00,4.791511,91.44921875
08:01:18,912810TX6,TSRYS5743665,D,S,T,2024-04-26,1000000.00,4.791247,91.453125
08:01:18,912810TX6,TSRYS5743665,D,S,T,2024-04-26,1000000.00,4.797607,91.359075
08:01:19,912810TX6,TSRYS5743665,D,S,T,2024-04-26,1000000.00,4.795493,91.390325
08:01:19,912810TX6,TSRYS5743665,D,S,T,2024-04-26,1000000.00,4.79338,91.421575
08:01:19,912810TX6,TSRYS5743665,D,S,D,2024-04-26,1000000.00,4.792567,91.43359375
08:01:19,912810TX6,TSRYS5743665,D,S,D,2024-04-26,1000000.00,4.792567,91.43359375
08:01:19,912810TX6,TSRYS5743665,D,S,D,2024-04-26,1000000.00,4.792567,91.43359375
08:01:19,912810TX6,TSRYS5743665,D,S,D,2024-04-26,2000000.00,4.791775,91.4453125
08:01:19,912810TX6,TSRYS5743665,D,S,D,2024-04-26,1000000.00,4.808172,91.203125
08:01:20,912810TX6,TSRYS5743665,D,S,D,2024-04-26,1000000.00,4.788345,91.49609375
08:01:20,912810TX6,TSRYS5743665,D,S,C,2024-04-26,12000000.00,4.802523,91.28646
08:01:20,912810TX6,TSRYS5743665,D,S,D,2024-04-26,1000000.00,4.789664,91.4765625
08:01:20,912810TX6,TSRYS5743665,D,S,D,2024-04-26,1000000.00,4.789664,91.4765625
08:01:20,912810TX6,TSRYS5743665,D,S,D,2024-04-26,1000000.00,4.789136,91.484375
08:01:20,912810TX6,TSRYS5743665,D,B,C,2024-04-26,1000000.00,4.789928,91.47265625
08:01:20,912810TX6,TSRYS5743665,D,S,D,2024-04-26,1000000.00,4.789928,91.47265625
08:01:20,912810TX6,TSRYS5743665,D,S,T,2024-04-26,1000000.00,4.811486,91.154296875
08:01:20,912810TX6,TSRYS5743665,D,S,T,2024-04-26,1000000.00,4.810823,91.1640625
08:01:20,912810TX6,TSRYS5743665,D,S,T,2024-04-26,1000000.00,4.811353,91.15625
08:01:20,912810TX6,TSRYS5743665,D,S,T,2024-04-26,1000000.00,4.802876,91.28125
08:01:21,912810TX6,TSRYS5743665,D,S,T,2024-04-26,1000000.00,4.794812,91.400390625
08:01:21,912810TX6,TSRYS5743665,D,S,T,2024-04-26,1000000.00,4.794944,91.3984375
08:01:21,912810TX6,TSRYS5743665,D,S,T,2024-04-26,1000000.00,4.794944,91.3984375
08:01:21,912810TX6,TSRYS5743665,D,S,T,2024-04-26,1000000.00,4.794416,91.40625
08:01:21,912810TX6,TSRYS5743665,D,S,T,2024-04-26,1000000.00,4.792831,91.4296875
08:01:21,912810TX6,TSRYS5743665,D,S,T,2024-04-26,1000000.00,4.789532,91.478515625
08:01:21,912810TX6,TSRYS5743665,D,S,T,2024-04-26,1000000.00,4.789664,91.4765625
08:01:21,912810TX6,TSRYS5743665,D,S,T,2024-04-26,1000000.00,4.789664,91.4765625
08:01:22,912810TX6,TSRYS5743665,D,S,D,2024-04-26,1000000.00,4.808702,91.1953125
08:01:22,912810TX6,TSRYS5743665,D,S,D,2024-04-26,1000000.00,4.809895,91.17773437
08:01:22,912810TX6,TSRYS5743665,D,S,D,2024-04-26,1000000.00,4.807112,91.21875
08:01:22,912810TX6,TSRYS5743665,D,S,T,2024-04-26,1000000.00,4.807112,91.21875
08:01:22,912810TX6,TSRYS5743665,D,S,D,2024-04-26,1000000.00,4.808437,91.19921875
08:01:23,912810TX6,TSRYS5743665,D,S,D,2024-04-26,1000000.00,4.8152,91.09960937
08:01:24,912810TX6,TSRYS5743665,D,S,D,2024-04-26,1000000.00,4.811088,91.16015625
08:01:24,912810TX6,TSRYS5743665,D,S,D,2024-04-26,1000000.00,4.812944,91.1328125
08:01:24,912810TX6,TSRYS5743665,D,B,C,2024-04-26,1000000.00,4.823568,90.9765625
08:01:24,912810TX6,TSRYS5743665,D,S,D,2024-04-26,1000000.00,4.823568,90.9765625
08:01:24,912810TX6,TSRYS5743665,D,B,C,2024-04-26,1000000.00,4.823568,90.9765625
08:01:24,912810TX6,TSRYS5743665,D,S,D,2024-04-26,1000000.00,4.823568,90.9765625
08:01:24,912810TX6,TSRYS5743665,D,S,D,2024-04-26,1000000.00,4.801818,91.296875
08:01:25,912810TX6,TSRYS5743665,D,S,D,2024-04-26,1000000.00,4.810955,91.16210937
08:01:25,912810TX6,TSRYS5743665,D,B,A,2024-04-26,1000000.00,4.787313,91.51171875
08:01:25,912810TX6,TSRYS5743665,D,S,D,2024-04-26,1000000.00,4.814536,91.109375
08:01:25,912810TX6,TSRYS5743665,D,S,D,2024-04-26,1000000.00,4.810558,91.16796875
08:01:26,912810TX6,TSRYS5743665,D,B,C,2024-04-26,1000000.00,4.823834,90.97265625
08:01:26,912810TX6,TSRYS5743665,D,S,D,2024-04-26,1000000.00,4.822372,90.994140625
08:01:26,912810TX6,TSRYS5743665,D,B,C,2024-04-26,1000000.00,4.822637,90.990234375
08:01:26,912810TX6,TSRYS5743665,D,S,D,2024-04-26,1000000.00,4.822637,90.990234375
08:01:26,912810TX6,TSRYS5743665,D,S,D,2024-04-26,1000000.00,4.82184,91.001953125
08:01:26,912810TX6,TSRYS5743665,D,B,A,2024-04-26,400000.00,4.782832,91.578125
08:01:27,912810TX6,TSRYS5743665,D,S,D,2024-04-26,1000000.00,4.82277,90.98828125
08:01:27,912810TX6,TSRYS5743665,D,S,D,2024-04-26,1000000.00,4.803008,91.27929687
08:01:27,912810TX6,TSRYS5743665,D,B,C,2024-04-26,10000000.00,4.802381,91.28856
08:01:27,912810TX6,TSRYS5743665,D,S,T,2024-04-26,1000000.00,4.812812,91.13476562
08:01:27,912810TX6,TSRYS5743665,D,S,T,2024-04-26,1000000.00,4.789143,91.484275
08:01:27,912810TX6,TSRYS5743665,D,S,T,2024-04-26,3000000.00,4.789136,91.484375
08:01:27,912810TX6,TSRYS5743665,D,S,T,2024-04-26,1000000.00,4.788081,91.5
08:01:27,912810TX6,TSRYS5743665,D,S,T,2024-04-26,1000000.00,4.788081,91.5
08:01:27,912810TX6,TSRYS5743665,D,S,T,2024-04-26,1000000.00,4.789143,91.484275
08:01:27,912810TX6,TSRYS5743665,D,B,C,2024-04-26,1000000.00,4.823169,90.98242187
08:01:27,912810TX6,TSRYS5743665,D,S,T,2024-04-26,1000000.00,4.803935,91.265625
08:01:27,912810TX6,TSRYS5743665,D,S,D,2024-04-26,1000000.00,4.803935,91.265625
08:01:27,912810TX6,TSRYS5743665,D,S,T,2024-04-26,1000000.00,4.789136,91.484375
08:01:27,912810TX6,TSRYS5743665,D,S,T,2024-04-26,1000000.00,4.789136,91.484375
08:01:27,912810TX6,TSRYS5743665,D,S,D,2024-04-26,1000000.00,4.810955,91.16210937
08:01:27,912810TX6,TSRYS5743665,D,S,D,2024-04-26,1000000.00,4.814536,91.109375
08:01:27,912810TX6,TSRYS5743665,D,S,T,2024-04-26,1000000.00,4.789136,91.484375
08:01:28,912810TX6,TSRYS5743665,D,S,A,2024-04-26,900000.00,4.788873,91.48828125
08:01:28,912810TX6,TSRYS5743665,D,S,D,2024-04-26,1000000.00,4.812679,91.13671875
08:01:28,912810TX6,TSRYS5743665,D,S,A,2024-04-26,651000.00,4.791511,91.44921875
08:01:28,912810TX6,TSRYS5743665,D,S,D,2024-04-26,1000000.00,4.824632,90.9609375
08:01:28,912810TX6,TSRYS5743665,D,S,T,2024-04-26,1000000.00,4.784918,91.546875
08:01:28,912810TX6,TSRYS5743665,D,S,T,2024-04-26,1000000.00,4.785577,91.53710937
08:01:29,912810TX6,TSRYS5743665,D,S,D,2024-04-26,1000000.00,4.783337,91.5703125
08:01:29,912810TX6,TSRYS5743665,D,S,D,2024-04-26,1000000.00,4.824499,90.962890625
08:01:29,912810TX6,TSRYS5743665,D,S,C,2024-04-26,1000000.00,4.815067,91.1015625
08:01:29,912810TX6,TSRYS5743665,D,S,T,2024-04-26,1000000.00,4.790852,91.45898437
08:01:29,912810TX6,TSRYS5743665,D,B,A,2024-04-26,2000000.00,4.791534,91.44921875
08:01:29,912810TX6,TSRYS5743665,D,S,T,2024-04-26,1000000.00,4.791258,91.452975
08:01:29,912810TX6,TSRYS5743665,D,S,T,2024-04-26,1000000.00,4.791643,91.44726562
08:01:29,912810TX6,TSRYS5743665,D,S,D,2024-04-26,1000000.00,4.792567,91.43359375
08:01:29,912810TX6,TSRYS5743665,D,S,T,2024-04-26,1000000.00,4.792699,91.43164062
08:01:29,912810TX6,TSRYS5743665,D,S,D,2024-04-26,3000000.00,4.810178,91.17356
08:01:29,912810TX6,TSRYS5743665,D,B,C,2024-04-26,2000000.00,4.810642,91.16672
08:01:29,912810TX6,TSRYS5743665,D,S,C,2024-04-26,25000000.00,4.821516,91.00671
08:01:29,912810TX6,TSRYS5743665,D,S,D,2024-04-26,15000000.00,4.81615,91.08562
08:01:29,912810TX6,TSRYS5743665,D,B,C,2024-04-26,8000000.00,4.813048,91.13128
08:01:29,912810TX6,TSRYS5743665,D,S,C,2024-04-26,4000000.00,4.809586,91.18228
08:01:29,912810TX6,TSRYS5743665,D,B,C,2024-04-26,8000000.00,4.811067,91.16046
08:01:29,912810TX6,TSRYS5743665,D,B,C,2024-04-26,8000000.00,4.808799,91.19388
08:01:30,912810TX6,TSRYS5743665,D,B,C,2024-04-26,8000000.00,4.808172,91.20312
08:01:30,912810TX6,TSRYS5743665,D,S,D,2024-04-26,1000000.00,4.813475,91.125
08:01:30,912810TX6,TSRYS5743665,D,S,T,2024-04-26,1000000.00,4.808702,91.1953125
08:01:31,912810TX6,TSRYS5743665,D,S,D,2024-04-26,2000000.00,4.802347,91.2890625
08:01:31,912810TX6,TSRYS5743665,D,S,D,2024-04-26,1000000.00,4.809895,91.17773437
08:01:31,912810TX6,TSRYS5743665,D,S,D,2024-04-26,2000000.00,4.802347,91.2890625
08:01:31,912810TX6,TSRYS5743665,D,S,D,2024-04-26,1000000.00,4.802347,91.2890625
08:01:31,912810TX6,TSRYS5743665,D,S,D,2024-04-26,1000000.00,4.802347,91.2890625
08:01:31,912810TX6,TSRYS5743665,D,S,D,2024-04-26,1000000.00,4.802347,91.2890625
08:01:31,912810TX6,TSRYS5743665,D,S,D,2024-04-26,1000000.00,4.802347,91.2890625
08:01:31,912810TX6,TSRYS5743665,D,S,D,2024-04-26,1000000.00,4.802347,91.2890625
08:01:31,912810TX6,TSRYS5743665,D,S,D,2024-04-26,1000000.00,4.802347,91.2890625
08:01:31,912810TX6,TSRYS5743665,D,S,T,2024-04-26,1000000.00,4.803935,91.265625
08:01:31,912810TX6,TSRYS5743665,D,S,T,2024-04-26,2000000.00,4.793359,91.421875
08:01:31,912810TX6,TSRYS5743665,D,S,D,2024-04-26,1000000.00,4.803935,91.265625
08:01:31,912810TX6,TSRYS5743665,D,S,D,2024-04-26,1000000.00,4.803935,91.265625
08:01:31,912810TX6,TSRYS5743665,D,B,C,2024-04-26,5000000.00,4.803968,91.26513
08:01:31,912810TX6,TSRYS5743665,D,S,D,2024-04-26,1000000.00,4.812679,91.13671875
08:01:32,912810TX6,TSRYS5743665,D,B,C,2024-04-26,2000000.00,4.80249,91.28694
08:01:32,912810TX6,TSRYS5743665,D,S,T,2024-04-26,1000000.00,4.805391,91.24414062
08:01:32,912810TX6,TSRYS5743665,D,S,D,2024-04-26,1000000.00,4.805391,91.24414062
08:01:32,912810TX6,TSRYS5743665,D,B,C,2024-04-26,1000000.00,4.82091,91.015625
08:01:32,912810TX6,TSRYS5743665,D,S,D,2024-04-26,1000000.00,4.82091,91.015625
08:01:32,912810TX6,TSRYS5743665,D,S,T,2024-04-26,1000000.00,4.793491,91.419921875
08:01:32,912810TX6,TSRYS5743665,D,S,D,2024-04-26,1000000.00,4.805391,91.24414062
08:01:32,912810TX6,TSRYS5743665,D,S,T,2024-04-26,1000000.00,4.805258,91.24609375
08:01:32,912810TX6,TSRYS5743665,D,S,D,2024-04-26,1000000.00,4.792567,91.43359375
08:01:32,912810TX6,TSRYS5743665,D,S,D,2024-04-26,1000000.00,4.792567,91.43359375
08:01:32,912810TX6,TSRYS5743665,D,S,D,2024-04-26,2000000.00,4.791657,91.44706
08:01:32,912810TX6,TSRYS5743665,D,S,D,2024-04-26,1000000.00,4.792567,91.43359375
08:01:32,912810TX6,TSRYS5743665,D,S,C,2024-04-26,1000000.00,4.805523,91.2421875
08:01:33,912810TX6,TSRYS5743665,D,S,T,2024-04-26,1000000.00,4.792435,91.435546875
08:01:33,912810TX6,TSRYS5743665,D,S,D,2024-04-26,15000000.00,4.795392,91.39181
08:01:33,912810TX6,TSRYS5743665,D,S,T,2024-04-26,1000000.00,4.805656,91.24023437
08:01:33,912810TX6,TSRYS5743665,D,S,D,2024-04-26,1000000.00,4.819448,91.037109375
08:01:33,912810TX6,TSRYS5743665,D,S,T,2024-04-26,1000000.00,4.792435,91.435546875
