tradeTime,cusip,issueSymbolIdentifier,priceType,reportingSideCode,contraPartyTypeCode,tradeDate,reportedTradeVolume,lastSaleYield,lastSalePrice
08:00:03,912810UA4,TSRYS5802849,D,S,C,2024-06-18,2000.00,4.415605,103.703525
08:00:08,912810UA4,TSRYS5802849,D,S,D,2024-06-18,1000000.00,4.408593,103.572265625
08:00:08,912810UA4,TSRYS5802849,D,S,D,2024-06-18,1000000.00,4.408593,103.572265625
08:00:08,912810UA4,TSRYS5802849,D,S,D,2024-06-18,1000000.00,4.408593,103.572265625
08:00:08,912810UA4,TSRYS5802849,D,B,C,2024-06-18,1000000.00,4.409977,103.548828125
08:00:08,912810UA4,TSRYS5802849,D,S,T,2024-06-18,1000000.00,4.40917,103.5625
08:00:08,912810UA4,TSRYS5802849,D,S,T,2024-06-18,1000000.00,4.410207,103.544921875
08:00:08,912810UA4,TSRYS5802849,D,S,T,2024-06-18,1000000.00,4.410092,103.546875
08:00:08,912810UA4,TSRYS5802849,D,S,T,2024-06-18,1000000.00,4.410092,103.546875
08:00:08,912810UA4,TSRYS5802849,D,S,D,2024-06-18,1000000.00,4.412975,103.498046875
08:00:08,912810UA4,TSRYS5802849,D,S,D,2024-06-18,1000000.00,4.415629,103.453125
08:00:08,912810UA4,TSRYS5802849,D,S,D,2024-06-18,1000000.00,4.414706,103.46875
08:00:08,912810UA4,TSRYS5802849,D,S,D,2024-06-18,1000000.00,4.414821,103.466796875
08:00:08,912810UA4,TSRYS5802849,D,S,T,2024-06-18,1000000.00,4.415283,103.458984375
08:00:08,912810UA4,TSRYS5802849,D,S,D,2024-06-18,1000000.00,4.417938,103.4140625
08:00:08,912810UA4,TSRYS5802849,D,S,D,2024-06-18,1000000.00,4.419209,103.392578125
08:00:08,912810UA4,TSRYS5802849,D,S,D,2024-06-18,1000000.00,4.413898,103.482421875
08:00:08,912810UA4,TSRYS5802849,D,S,D,2024-06-18,1000000.00,4.413898,103.482421875
08:00:08,912810UA4,TSRYS5802849,D,S,D,2024-06-18,1000000.00,4.421289,103.357421875
08:00:08,912810UA4,TSRYS5802849,D,S,D,2024-06-18,1000000.00,4.420596,103.369140625
08:00:08,912810UA4,TSRYS5802849,D,S,T,2024-06-18,1000000.00,4.422214,103.341796875
08:00:08,912810UA4,TSRYS5802849,D,S,T,2024-06-18,1000000.00,4.422214,103.341796875
08:00:08,912810UA4,TSRYS5802849,D,S,D,2024-06-18,1000000.00,4.416668,103.435546875
08:00:08,912810UA4,TSRYS5802849,D,S,D,2024-06-18,1000000.00,4.416668,103.435546875
08:00:08,912810UA4,TSRYS5802849,D,S,D,2024-06-18,1000000.00,4.416668,103.435546875
08:00:08,912810UA4,TSRYS5802849,D,S,D,2024-06-18,1000000.00,4.416553,103.4375
08:00:08,912810UA4,TSRYS5802849,D,S,T,2024-06-18,1000000.00,4.416668,103.435546875
08:00:08,912810UA4,TSRYS5802849,D,S,D,2024-06-18,1000000.00,4.416668,103.435546875
08:00:08,912810UA4,TSRYS5802849,D,B,C,2024-06-18,1425000.00,4.414706,103.46875
08:00:08,912810UA4,TSRYS5802849,D,S,D,2024-06-18,2000.00,4.415605,103.453525
08:00:08,912810UA4,TSRYS5802849,D,S,T,2024-06-18,1000000.00,4.408248,103.578125
08:00:08,912810UA4,TSRYS5802849,D,S,T,2024-06-18,1000000.00,4.41286,103.5
08:00:08,912810UA4,TSRYS5802849,D,S,T,2024-06-18,1000000.00,4.421174,103.359375
08:00:08,912810UA4,TSRYS5802849,D,S,T,2024-06-18,1000000.00,4.414706,103.46875
08:00:08,912810UA4,TSRYS5802849,D,S,T,2024-06-18,1000000.00,4.414706,103.46875
08:00:08,912810UA4,TSRYS5802849,D,S,T,2024-06-18,1000000.00,4.41286,103.5
08:00:08,912810UA4,TSRYS5802849,D,S,T,2024-06-18,1000000.00,4.414706,103.46875
08:00:08,912810UA4,TSRYS5802849,D,S,T,2024-06-18,1000000.00,4.413783,103.484375
08:00:08,912810UA4,TSRYS5802849,D,S,T,2024-06-18,1000000.00,4.415629,103.453125
08:00:08,912810UA4,TSRYS5802849,D,S,T,2024-06-18,1000000.00,4.41286,103.5
08:00:09,912810UA4,TSRYS5802849,D,S,D,2024-06-18,1000000.00,4.395391,103.796875
08:00:10,912810UA4,TSRYS5802849,D,S,T,2024-06-18,1000000.00,4.395361,103.796875
08:00:10,912810UA4,TSRYS5802849,D,S,T,2024-06-18,1000000.00,4.395361,103.796875
08:00:10,912810UA4,TSRYS5802849,D,S,T,2024-06-18,1000000.00,4.399039,103.734375
08:00:10,912810UA4,TSRYS5802849,D,S,T,2024-06-18,1000000.00,4.399039,103.734375
08:00:10,912810UA4,TSRYS5802849,D,S,T,2024-06-18,1000000.00,4.398119,103.75
08:00:10,912810UA4,TSRYS5802849,D,S,D,2024-06-18,1000000.00,4.408248,103.578125
08:00:10,912810UA4,TSRYS5802849,D,S,D,2024-06-18,1000000.00,4.408248,103.578125
08:00:10,912810UA4,TSRYS5802849,D,S,T,2024-06-18,1000000.00,4.408248,103.578125
08:00:10,912810UA4,TSRYS5802849,D,S,T,2024-06-18,1000000.00,4.408248,103.578125
08:00:10,912810UA4,TSRYS5802849,D,S,T,2024-06-18,1000000.00,4.40917,103.5625
08:00:10,912810UA4,TSRYS5802849,D,S,T,2024-06-18,1000000.00,4.405483,103.625
08:00:10,912810UA4,TSRYS5802849,D,S,T,2024-06-18,1000000.00,4.407326,103.59375
08:00:10,912810UA4,TSRYS5802849,D,S,T,2024-06-18,1000000.00,4.406404,103.609375
08:00:10,912810UA4,TSRYS5802849,D,S,T,2024-06-18,1000000.00,4.405483,103.625
08:00:10,912810UA4,TSRYS5802849,D,S,T,2024-06-18,1000000.00,4.40917,103.5625
08:00:10,912810UA4,TSRYS5802849,D,S,T,2024-06-18,1000000.00,4.411014,103.53125
08:00:10,912810UA4,TSRYS5802849,D,S,T,2024-06-18,1000000.00,4.40917,103.5625
08:00:10,912810UA4,TSRYS5802849,D,S,T,2024-06-18,1000000.00,4.410092,103.546875
08:00:10,912810UA4,TSRYS5802849,D,S,T,2024-06-18,1000000.00,4.41286,103.5
08:00:10,912810UA4,TSRYS5802849,D,S,T,2024-06-18,1000000.00,4.41586,103.44921875
08:00:10,912810UA4,TSRYS5802849,D,S,T,2024-06-18,1000000.00,4.417823,103.416015625
08:00:10,912810UA4,TSRYS5802849,D,S,D,2024-06-18,1000000.00,4.415167,103.4609375
08:00:10,912810UA4,TSRYS5802849,D,S,T,2024-06-18,1000000.00,4.41459,103.470703125
08:00:10,912810UA4,TSRYS5802849,D,S,T,2024-06-18,1000000.00,4.421751,103.349609375
08:00:10,912810UA4,TSRYS5802849,D,S,T,2024-06-18,1000000.00,4.421058,103.361328125
08:00:10,912810UA4,TSRYS5802849,D,S,T,2024-06-18,1000000.00,4.421983,103.345703125
08:00:10,912810UA4,TSRYS5802849,D,S,D,2024-06-18,1000000.00,4.421636,103.3515625
08:00:10,912810UA4,TSRYS5802849,D,S,T,2024-06-18,1000000.00,4.417476,103.421875
08:00:10,912810UA4,TSRYS5802849,D,S,T,2024-06-18,1000000.00,4.421636,103.3515625
08:00:11,912810UA4,TSRYS5802849,D,S,T,2024-06-18,1000000.00,4.419325,103.390625
08:00:11,912810UA4,TSRYS5802849,D,S,T,2024-06-18,1000000.00,4.419325,103.390625
08:00:11,912810UA4,TSRYS5802849,D,S,D,2024-06-18,3000000.00,4.412167,103.51171875
08:00:11,912810UA4,TSRYS5802849,D,S,T,2024-06-18,1000000.00,4.416553,103.4375
08:00:11,912810UA4,TSRYS5802849,D,S,T,2024-06-18,1000000.00,4.417707,103.41796875
08:00:11,912810UA4,TSRYS5802849,D,S,T,2024-06-18,1000000.00,4.415629,103.453125
08:00:11,912810UA4,TSRYS5802849,D,S,T,2024-06-18,1000000.00,4.416553,103.4375
08:00:11,912810UA4,TSRYS5802849,D,S,T,2024-06-18,1000000.00,4.416553,103.4375
08:00:11,912810UA4,TSRYS5802849,D,S,T,2024-06-18,1000000.00,4.416553,103.4375
08:00:11,912810UA4,TSRYS5802849,D,S,D,2024-06-18,8000000.00,4.412398,103.5078125
08:00:11,912810UA4,TSRYS5802849,D,S,D,2024-06-18,15000000.00,4.414244,103.4765625
08:00:11,912810UA4,TSRYS5802849,D,B,C,2024-06-18,5000000.00,4.39674,103.7734375
08:00:14,912810UA4,TSRYS5802849,D,S,D,2024-06-18,1000000.00,4.395361,103.796875
08:00:15,912810UA4,TSRYS5802849,D,S,D,2024-06-18,1000000.00,4.395361,103.796875
08:00:16,912810UA4,TSRYS5802849,D,S,T,2024-06-18,2000000.00,4.398119,103.75
08:00:16,912810UA4,TSRYS5802849,D,S,T,2024-06-18,1000000.00,4.399039,103.734375
08:00:16,912810UA4,TSRYS5802849,D,S,T,2024-06-18,1000000.00,4.399039,103.734375
08:00:16,912810UA4,TSRYS5802849,D,S,T,2024-06-18,1000000.00,4.399039,103.734375
08:00:17,912810UA4,TSRYS5802849,D,S,T,2024-06-18,1000000.00,4.398809,103.73828125
08:00:17,912810UA4,TSRYS5802849,D,S,T,2024-06-18,2000000.00,4.399039,103.734375
08:00:17,912810UA4,TSRYS5802849,D,S,T,2024-06-18,1000000.00,4.399039,103.734375
08:00:17,912810UA4,TSRYS5802849,D,S,D,2024-06-18,1000000.00,4.395361,103.796875
08:00:17,912810UA4,TSRYS5802849,D,S,D,2024-06-18,1000000.00,4.395361,103.796875
08:00:17,912810UA4,TSRYS5802849,D,S,T,2024-06-18,1000000.00,4.398119,103.75
08:00:17,912810UA4,TSRYS5802849,D,S,T,2024-06-18,1000000.00,4.39628,103.78125
08:00:17,912810UA4,TSRYS5802849,D,S,T,2024-06-18,1000000.00,4.39628,103.78125
08:00:17,912810UA4,TSRYS5802849,D,S,T,2024-06-18,1000000.00,4.397659,103.7578125
08:00:17,912810UA4,TSRYS5802849,D,S,T,2024-06-18,1000000.00,4.39628,103.78125
08:00:18,912810UA4,TSRYS5802849,D,S,T,2024-06-18,1000000.00,4.39628,103.78125
08:00:18,912810UA4,TSRYS5802849,D,S,T,2024-06-18,1000000.00,4.399039,103.734375
08:00:18,912810UA4,TSRYS5802849,D,S,T,2024-06-18,1000000.00,4.39628,103.78125
08:00:18,912810UA4,TSRYS5802849,D,S,T,2024-06-18,1000000.00,4.39628,103.78125
08:00:18,912810UA4,TSRYS5802849,D,S,T,2024-06-18,1000000.00,4.399039,103.734375
08:00:18,912810UA4,TSRYS5802849,D,S,T,2024-06-18,1000000.00,4.399039,103.734375
08:00:18,912810UA4,TSRYS5802849,D,S,T,2024-06-18,1000000.00,4.39628,103.78125
08:00:19,912810UA4,TSRYS5802849,D,S,T,2024-06-18,1000000.00,4.39628,103.78125
08:00:19,912810UA4,TSRYS5802849,D,S,T,2024-06-18,1000000.00,4.39628,103.78125
08:00:19,912810UA4,TSRYS5802849,D,S,T,2024-06-18,1000000.00,4.39628,103.78125
08:00:19,912810UA4,TSRYS5802849,D,S,D,2024-06-18,9000000.00,4.405944,103.6171875
08:00:19,912810UA4,TSRYS5802849,D,S,D,2024-06-18,8000000.00,4.405713,103.62109375
08:00:19,912810UA4,TSRYS5802849,D,S,T,2024-06-18,1000000.00,4.399039,103.734375
08:00:19,912810UA4,TSRYS5802849,D,S,T,2024-06-18,2000000.00,4.398579,103.7421875
08:00:19,912810UA4,TSRYS5802849,D,S,D,2024-06-18,1000000.00,4.403641,103.65625
08:00:19,912810UA4,TSRYS5802849,D,S,T,2024-06-18,1000000.00,4.399039,103.734375
08:00:19,912810UA4,TSRYS5802849,D,S,T,2024-06-18,1000000.00,4.39628,103.78125
08:00:19,912810UA4,TSRYS5802849,D,S,T,2024-06-18,1000000.00,4.401109,103.69921875
08:00:19,912810UA4,TSRYS5802849,D,S,D,2024-06-18,3000000.00,4.410322,103.54296875
08:00:19,912810UA4,TSRYS5802849,D,S,T,2024-06-18,1000000.00,4.399039,103.734375
08:00:19,912810UA4,TSRYS5802849,D,S,T,2024-06-18,1000000.00,4.399039,103.734375
08:00:19,912810UA4,TSRYS5802849,D,S,D,2024-06-18,3000000.00,4.410553,103.5390625
08:00:20,912810UA4,TSRYS5802849,D,S,T,2024-06-18,1000000.00,4.39628,103.78125
08:00:20,912810UA4,TSRYS5802849,D,S,T,2024-06-18,1000000.00,4.39628,103.78125
08:00:20,912810UA4,TSRYS5802849,D,S,T,2024-06-18,1000000.00,4.39628,103.78125
08:00:20,912810UA4,TSRYS5802849,D,S,T,2024-06-18,1000000.00,4.399039,103.734375
08:00:20,912810UA4,TSRYS5802849,D,S,T,2024-06-18,1000000.00,4.401224,103.697265625
08:00:20,912810UA4,TSRYS5802849,D,S,T,2024-06-18,1000000.00,4.39628,103.78125
08:00:20,912810UA4,TSRYS5802849,D,S,T,2024-06-18,2000000.00,4.399039,103.734375
08:00:20,912810UA4,TSRYS5802849,D,S,T,2024-06-18,1000000.00,4.39628,103.78125
08:00:21,912810UA4,TSRYS5802849,D,S,T,2024-06-18,1000000.00,4.39628,103.78125
08:00:21,912810UA4,TSRYS5802849,D,S,T,2024-06-18,1000000.00,4.39628,103.78125
08:00:21,912810UA4,TSRYS5802849,D,S,C,2024-06-18,1000000.00,4.39628,103.78125
08:00:21,912810UA4,TSRYS5802849,D,S,T,2024-06-18,1000000.00,4.399039,103.734375
08:00:21,912810UA4,TSRYS5802849,D,S,T,2024-06-18,1000000.00,4.395016,103.802734375
08:00:21,912810UA4,TSRYS5802849,D,S,T,2024-06-18,1000000.00,4.39628,103.78125
08:00:22,912810UA4,TSRYS5802849,D,S,T,2024-06-18,1000000.00,4.401799,103.6875
08:00:22,912810UA4,TSRYS5802849,D,S,T,2024-06-18,1000000.00,4.39628,103.78125
08:00:22,912810UA4,TSRYS5802849,D,S,T,2024-06-18,1000000.00,4.399039,103.734375
08:00:22,912810UA4,TSRYS5802849,D,S,T,2024-06-18,1000000.00,4.399039,103.734375
08:00:22,912810UA4,TSRYS5802849,D,S,T,2024-06-18,1000000.00,4.401799,103.6875
08:00:23,912810UA4,TSRYS5802849,D,S,T,2024-06-18,1000000.00,4.401799,103.6875
08:00:23,912810UA4,TSRYS5802849,D,S,T,2024-06-18,1000000.00,4.401799,103.6875
08:00:23,912810UA4,TSRYS5802849,D,S,T,2024-06-18,1000000.00,4.401799,103.6875
08:00:23,912810UA4,TSRYS5802849,D,S,T,2024-06-18,1000000.00,4.401799,103.6875
08:00:24,912810UA4,TSRYS5802849,D,S,T,2024-06-18,1000000.00,4.401799,103.6875
08:00:24,912810UA4,TSRYS5802849,D,B,A,2024-06-18,10000000.00,4.39628,103.78125
08:00:24,912810UA4,TSRYS5802849,D,S,T,2024-06-18,1000000.00,4.401799,103.6875
08:00:26,912810UA4,TSRYS5802849,D,B,A,2024-06-18,10000000.00,4.403641,103.65625
08:00:27,912810UA4,TSRYS5802849,D,B,A,2024-06-18,10000000.00,4.39651,103.77734375
08:00:27,912810UA4,TSRYS5802849,D,S,T,2024-06-18,1000000.00,4.399959,103.71875
08:00:27,912810UA4,TSRYS5802849,D,S,T,2024-06-18,1000000.00,4.399959,103.71875
08:00:27,912810UA4,TSRYS5802849,D,S,T,2024-06-18,1000000.00,4.406404,103.609375
08:00:27,912810UA4,TSRYS5802849,D,S,T,2024-06-18,1000000.00,4.407326,103.59375
08:00:27,912810UA4,TSRYS5802849,D,S,T,2024-06-18,1000000.00,4.405483,103.625
08:00:27,912810UA4,TSRYS5802849,D,S,T,2024-06-18,1000000.00,4.407556,103.58984375
08:00:27,912810UA4,TSRYS5802849,D,S,T,2024-06-18,1000000.00,4.418747,103.400390625
08:00:27,912810UA4,TSRYS5802849,D,S,T,2024-06-18,1000000.00,4.419325,103.390625
08:00:27,912810UA4,TSRYS5802849,D,S,T,2024-06-18,1000000.00,4.413898,103.482421875
08:00:28,912810UA4,TSRYS5802849,D,S,D,2024-06-18,2000000.00,4.413783,103.484375
08:00:28,912810UA4,TSRYS5802849,D,S,D,2024-06-18,1000000.00,4.414706,103.46875
08:00:30,912810UA4,TSRYS5802849,D,S,T,2024-06-18,2000000.00,4.398119,103.75
08:00:30,912810UA4,TSRYS5802849,D,S,T,2024-06-18,1000000.00,4.399039,103.734375
08:00:30,912810UA4,TSRYS5802849,D,S,T,2024-06-18,1000000.00,4.399039,103.734375
08:00:30,912810UA4,TSRYS5802849,D,S,T,2024-06-18,1000000.00,4.398464,103.744140625
08:00:30,912810UA4,TSRYS5802849,D,S,T,2024-06-18,1000000.00,4.398349,103.74609375
08:00:30,912810UA4,TSRYS5802849,D,S,T,2024-06-18,1000000.00,4.399039,103.734375
08:00:30,912810UA4,TSRYS5802849,D,S,T,2024-06-18,1000000.00,4.399959,103.71875
08:00:30,912810UA4,TSRYS5802849,D,S,T,2024-06-18,1000000.00,4.399959,103.71875
08:00:30,912810UA4,TSRYS5802849,D,S,T,2024-06-18,1000000.00,4.399959,103.71875
08:00:30,912810UA4,TSRYS5802849,D,S,T,2024-06-18,1000000.00,4.399959,103.71875
08:00:30,912810UA4,TSRYS5802849,D,S,T,2024-06-18,1000000.00,4.399959,103.71875
08:00:30,912810UA4,TSRYS5802849,D,S,T,2024-06-18,1000000.00,4.400074,103.716796875
08:00:30,912810UA4,TSRYS5802849,D,S,T,2024-06-18,1000000.00,4.399959,103.71875
08:00:30,912810UA4,TSRYS5802849,D,S,T,2024-06-18,1000000.00,4.399959,103.71875
08:00:30,912810UA4,TSRYS5802849,D,S,T,2024-06-18,1000000.00,4.399039,103.734375
08:00:30,912810UA4,TSRYS5802849,D,S,T,2024-06-18,1000000.00,4.399039,103.734375
08:00:30,912810UA4,TSRYS5802849,D,S,T,2024-06-18,1000000.00,4.399039,103.734375
08:00:30,912810UA4,TSRYS5802849,D,S,T,2024-06-18,1000000.00,4.399039,103.734375
08:00:30,912810UA4,TSRYS5802849,D,S,T,2024-06-18,2000000.00,4.398119,103.75
08:00:30,912810UA4,TSRYS5802849,D,S,T,2024-06-18,2000000.00,4.398119,103.75
08:00:30,912810UA4,TSRYS5802849,D,S,T,2024-06-18,2000000.00,4.394442,103.8125
08:00:30,912810UA4,TSRYS5802849,D,S,T,2024-06-18,2000000.00,4.390768,103.875
08:00:30,912810UA4,TSRYS5802849,D,S,T,2024-06-18,1000000.00,4.391686,103.859375
08:00:30,912810UA4,TSRYS5802849,D,S,T,2024-06-18,1000000.00,4.391686,103.859375
08:00:30,912810UA4,TSRYS5802849,D,S,T,2024-06-18,1000000.00,4.391686,103.859375
08:00:30,912810UA4,TSRYS5802849,D,S,T,2024-06-18,1000000.00,4.391686,103.859375
08:00:30,912810UA4,TSRYS5802849,D,S,T,2024-06-18,1000000.00,4.391686,103.859375
08:00:30,912810UA4,TSRYS5802849,D,S,T,2024-06-18,1000000.00,4.391686,103.859375
08:00:30,912810UA4,TSRYS5802849,D,S,T,2024-06-18,1000000.00,4.394442,103.8125
08:00:33,912810UA4,TSRYS5802849,D,S,T,2024-06-18,1000000.00,4.39628,103.78125
08:00:33,912810UA4,TSRYS5802849,D,S,T,2024-06-18,1000000.00,4.397199,103.765625
08:00:33,912810UA4,TSRYS5802849,D,S,T,2024-06-18,1000000.00,4.397199,103.765625
08:00:33,912810UA4,TSRYS5802849,D,S,T,2024-06-18,2000000.00,4.397199,103.765625
08:00:33,912810UA4,TSRYS5802849,D,S,T,2024-06-18,1000000.00,4.39582,103.7890625
08:00:33,912810UA4,TSRYS5802849,D,S,T,2024-06-18,1000000.00,4.395706,103.791015625
08:00:33,912810UA4,TSRYS5802849,D,S,T,2024-06-18,1000000.00,4.395591,103.79296875
08:00:33,912810UA4,TSRYS5802849,D,S,T,2024-06-18,1000000.00,4.395476,103.794921875
08:00:33,912810UA4,TSRYS5802849,D,S,T,2024-06-18,1000000.00,4.395361,103.796875
08:00:33,912810UA4,TSRYS5802849,D,S,T,2024-06-18,1000000.00,4.395361,103.796875
08:00:33,912810UA4,TSRYS5802849,D,S,T,2024-06-18,1000000.00,4.398119,103.75
08:00:33,912810UA4,TSRYS5802849,D,S,T,2024-06-18,2000000.00,4.398119,103.75
08:00:33,912810UA4,TSRYS5802849,D,S,T,2024-06-18,1000000.00,4.398119,103.75
08:00:33,912810UA4,TSRYS5802849,D,S,T,2024-06-18,1000000.00,4.399039,103.734375
08:00:33,912810UA4,TSRYS5802849,D,S,T,2024-06-18,1000000.00,4.399039,103.734375
08:00:33,912810UA4,TSRYS5802849,D,S,T,2024-06-18,1000000.00,4.398119,103.75
08:00:33,912810UA4,TSRYS5802849,D,S,T,2024-06-18,1000000.00,4.398119,103.75
08:00:33,912810UA4,TSRYS5802849,D,S,T,2024-06-18,1000000.00,4.399039,103.734375
08:00:33,912810UA4,TSRYS5802849,D,S,T,2024-06-18,1000000.00,4.399039,103.734375
08:00:33,912810UA4,TSRYS5802849,D,S,T,2024-06-18,1000000.00,4.399039,103.734375
08:00:33,912810UA4,TSRYS5802849,D,S,T,2024-06-18,1000000.00,4.399959,103.71875
08:00:33,912810UA4,TSRYS5802849,D,S,T,2024-06-18,1000000.00,4.399959,103.71875
08:00:33,912810UA4,TSRYS5802849,D,S,T,2024-06-18,1000000.00,4.399959,103.71875
08:00:33,912810UA4,TSRYS5802849,D,S,T,2024-06-18,1000000.00,4.399959,103.71875
08:00:33,912810UA4,TSRYS5802849,D,S,T,2024-06-18,1000000.00,4.406404,103.609375
08:00:33,912810UA4,TSRYS5802849,D,S,T,2024-06-18,1000000.00,4.406404,103.609375
08:00:33,912810UA4,TSRYS5802849,D,S,T,2024-06-18,1000000.00,4.406404,103.609375
08:00:33,912810UA4,TSRYS5802849,D,S,T,2024-06-18,1000000.00,4.406404,103.609375
08:00:33,912810UA4,TSRYS5802849,D,S,T,2024-06-18,1000000.00,4.406404,103.609375
08:00:33,912810UA4,TSRYS5802849,D,S,T,2024-06-18,1000000.00,4.406404,103.609375
08:00:33,912810UA4,TSRYS5802849,D,S,T,2024-06-18,1000000.00,4.406404,103.609375
08:00:33,912810UA4,TSRYS5802849,D,S,T,2024-06-18,1000000.00,4.406404,103.609375
08:00:33,912810UA4,TSRYS5802849,D,S,T,2024-06-18,1000000.00,4.406404,103.609375
08:00:33,912810UA4,TSRYS5802849,D,S,T,2024-06-18,1000000.00,4.407326,103.59375
08:00:33,912810UA4,TSRYS5802849,D,S,T,2024-06-18,1000000.00,4.40917,103.5625
08:00:33,912810UA4,TSRYS5802849,D,S,T,2024-06-18,2000000.00,4.40917,103.5625
08:00:33,912810UA4,TSRYS5802849,D,S,T,2024-06-18,1000000.00,4.40917,103.5625
08:00:33,912810UA4,TSRYS5802849,D,S,T,2024-06-18,1000000.00,4.40917,103.5625
08:00:33,912810UA4,TSRYS5802849,D,S,T,2024-06-18,1000000.00,4.40917,103.5625
08:00:33,912810UA4,TSRYS5802849,D,S,T,2024-06-18,1000000.00,4.40917,103.5625
08:00:33,912810UA4,TSRYS5802849,D,S,T,2024-06-18,1000000.00,4.40917,103.5625
08:00:33,912810UA4,TSRYS5802849,D,S,T,2024-06-18,1000000.00,4.406174,103.61328125
08:00:33,912810UA4,TSRYS5802849,D,S,T,2024-06-18,1000000.00,4.405483,103.625
08:00:33,912810UA4,TSRYS5802849,D,S,T,2024-06-18,1000000.00,4.406404,103.609375
08:00:33,912810UA4,TSRYS5802849,D,S,T,2024-06-18,1000000.00,4.406404,103.609375
08:00:33,912810UA4,TSRYS5802849,D,S,T,2024-06-18,1000000.00,4.406404,103.609375
08:00:33,912810UA4,TSRYS5802849,D,S,T,2024-06-18,1000000.00,4.406404,103.609375
08:00:33,912810UA4,TSRYS5802849,D,S,T,2024-06-18,1000000.00,4.404562,103.640625
08:00:33,912810UA4,TSRYS5802849,D,S,T,2024-06-18,1000000.00,4.405483,103.625
08:00:33,912810UA4,TSRYS5802849,D,S,T,2024-06-18,1000000.00,4.405483,103.625
08:00:33,912810UA4,TSRYS5802849,D,S,T,2024-06-18,1000000.00,4.406404,103.609375
08:00:33,912810UA4,TSRYS5802849,D,S,T,2024-06-18,1000000.00,4.406404,103.609375
08:00:33,912810UA4,TSRYS5802849,D,S,T,2024-06-18,1000000.00,4.406404,103.609375
08:00:33,912810UA4,TSRYS5802849,D,S,T,2024-06-18,1000000.00,4.406404,103.609375
08:00:33,912810UA4,TSRYS5802849,D,S,T,2024-06-18,1000000.00,4.406404,103.609375
08:00:33,912810UA4,TSRYS5802849,D,S,T,2024-06-18,1000000.00,4.406404,103.609375
08:00:33,912810UA4,TSRYS5802849,D,S,T,2024-06-18,1000000.00,4.406404,103.609375
08:00:33,912810UA4,TSRYS5802849,D,S,T,2024-06-18,1000000.00,4.407326,103.59375
08:00:33,912810UA4,TSRYS5802849,D,S,T,2024-06-18,1000000.00,4.407326,103.59375
08:00:33,912810UA4,TSRYS5802849,D,S,T,2024-06-18,1000000.00,4.407326,103.59375
08:00:33,912810UA4,TSRYS5802849,D,S,T,2024-06-18,1000000.00,4.403641,103.65625
08:00:33,912810UA4,TSRYS5802849,D,S,T,2024-06-18,1000000.00,4.404562,103.640625
08:00:33,912810UA4,TSRYS5802849,D,S,T,2024-06-18,1000000.00,4.404562,103.640625
08:00:33,912810UA4,TSRYS5802849,D,S,T,2024-06-18,1000000.00,4.406404,103.609375
08:00:33,912810UA4,TSRYS5802849,D,S,T,2024-06-18,1000000.00,4.406404,103.609375
08:00:33,912810UA4,TSRYS5802849,D,S,T,2024-06-18,1000000.00,4.405483,103.625
08:00:33,912810UA4,TSRYS5802849,D,S,T,2024-06-18,1000000.00,4.405483,103.625
08:00:33,912810UA4,TSRYS5802849,D,S,T,2024-06-18,1000000.00,4.405483,103.625
08:00:33,912810UA4,TSRYS5802849,D,S,T,2024-06-18,1000000.00,4.405483,103.625
08:00:33,912810UA4,TSRYS5802849,D,S,T,2024-06-18,1000000.00,4.405483,103.625
08:00:33,912810UA4,TSRYS5802849,D,S,T,2024-06-18,1000000.00,4.405483,103.625
08:00:33,912810UA4,TSRYS5802849,D,S,T,2024-06-18,1000000.00,4.407326,103.59375
08:00:33,912810UA4,TSRYS5802849,D,S,T,2024-06-18,1000000.00,4.410092,103.546875
08:00:33,912810UA4,TSRYS5802849,D,S,T,2024-06-18,1000000.00,4.410092,103.546875
08:00:33,912810UA4,TSRYS5802849,D,S,T,2024-06-18,1000000.00,4.410092,103.546875
08:00:33,912810UA4,TSRYS5802849,D,S,T,2024-06-18,1000000.00,4.40917,103.5625
08:00:33,912810UA4,TSRYS5802849,D,S,T,2024-06-18,1000000.00,4.40917,103.5625
08:00:33,912810UA4,TSRYS5802849,D,S,T,2024-06-18,1000000.00,4.40917,103.5625
08:00:33,912810UA4,TSRYS5802849,D,S,T,2024-06-18,1000000.00,4.40917,103.5625
08:00:33,912810UA4,TSRYS5802849,D,S,T,2024-06-18,1000000.00,4.40917,103.5625
08:00:33,912810UA4,TSRYS5802849,D,S,T,2024-06-18,2000000.00,4.410092,103.546875
08:00:33,912810UA4,TSRYS5802849,D,S,T,2024-06-18,1000000.00,4.410092,103.546875
08:00:33,912810UA4,TSRYS5802849,D,S,T,2024-06-18,1000000.00,4.408363,103.576171875
08:00:33,912810UA4,TSRYS5802849,D,S,T,2024-06-18,1000000.00,4.408248,103.578125
08:00:33,912810UA4,TSRYS5802849,D,S,T,2024-06-18,1000000.00,4.40917,103.5625
08:00:33,912810UA4,TSRYS5802849,D,S,T,2024-06-18,1000000.00,4.40917,103.5625
08:00:33,912810UA4,TSRYS5802849,D,S,T,2024-06-18,1000000.00,4.40917,103.5625
08:00:33,912810UA4,TSRYS5802849,D,S,T,2024-06-18,1000000.00,4.40917,103.5625
08:00:33,912810UA4,TSRYS5802849,D,S,T,2024-06-18,1000000.00,4.408248,103.578125
08:00:33,912810UA4,TSRYS5802849,D,S,T,2024-06-18,1000000.00,4.411937,103.515625
08:00:33,912810UA4,TSRYS5802849,D,S,T,2024-06-18,1000000.00,4.414706,103.46875
08:00:33,912810UA4,TSRYS5802849,D,S,T,2024-06-18,1000000.00,4.414937,103.46484375
08:00:33,912810UA4,TSRYS5802849,D,S,T,2024-06-18,1000000.00,4.414706,103.46875
08:00:33,912810UA4,TSRYS5802849,D,S,T,2024-06-18,1000000.00,4.414706,103.46875
08:00:33,912810UA4,TSRYS5802849,D,S,T,2024-06-18,1000000.00,4.413783,103.484375
08:00:33,912810UA4,TSRYS5802849,D,S,T,2024-06-18,1000000.00,4.411014,103.53125
08:00:33,912810UA4,TSRYS5802849,D,S,T,2024-06-18,1000000.00,4.411014,103.53125
08:00:33,912810UA4,TSRYS5802849,D,S,T,2024-06-18,1000000.00,4.408248,103.578125
08:00:33,912810UA4,TSRYS5802849,D,S,T,2024-06-18,1000000.00,4.408248,103.578125
08:00:33,912810UA4,TSRYS5802849,D,S,T,2024-06-18,1000000.00,4.408248,103.578125
08:00:33,912810UA4,TSRYS5802849,D,S,T,2024-06-18,1000000.00,4.408248,103.578125
08:00:33,912810UA4,TSRYS5802849,D,S,T,2024-06-18,1000000.00,4.40917,103.5625
08:00:33,912810UA4,TSRYS5802849,D,S,T,2024-06-18,1000000.00,4.40917,103.5625
08:00:33,912810UA4,TSRYS5802849,D,S,T,2024-06-18,1000000.00,4.40917,103.5625
08:00:33,912810UA4,TSRYS5802849,D,S,T,2024-06-18,1000000.00,4.40917,103.5625
08:00:33,912810UA4,TSRYS5802849,D,S,T,2024-06-18,1000000.00,4.40917,103.5625
08:00:33,912810UA4,TSRYS5802849,D,S,T,2024-06-18,1000000.00,4.40917,103.5625
08:00:33,912810UA4,TSRYS5802849,D,S,T,2024-06-18,1000000.00,4.407902,103.583984375
08:00:33,912810UA4,TSRYS5802849,D,S,T,2024-06-18,1000000.00,4.408363,103.576171875
08:00:33,912810UA4,TSRYS5802849,D,S,T,2024-06-18,1000000.00,4.40917,103.5625
08:00:33,912810UA4,TSRYS5802849,D,S,T,2024-06-18,1000000.00,4.410092,103.546875
08:00:33,912810UA4,TSRYS5802849,D,S,T,2024-06-18,1000000.00,4.410092,103.546875
08:00:33,912810UA4,TSRYS5802849,D,S,T,2024-06-18,1000000.00,4.410092,103.546875
08:00:33,912810UA4,TSRYS5802849,D,S,T,2024-06-18,1000000.00,4.410092,103.546875
08:00:33,912810UA4,TSRYS5802849,D,S,T,2024-06-18,1000000.00,4.410092,103.546875
08:00:33,912810UA4,TSRYS5802849,D,S,T,2024-06-18,1000000.00,4.410092,103.546875
08:00:33,912810UA4,TSRYS5802849,D,S,T,2024-06-18,1000000.00,4.410092,103.546875
08:00:33,912810UA4,TSRYS5802849,D,S,T,2024-06-18,1000000.00,4.410092,103.546875
08:00:33,912810UA4,TSRYS5802849,D,S,T,2024-06-18,1000000.00,4.411014,103.53125
08:00:33,912810UA4,TSRYS5802849,D,S,T,2024-06-18,1000000.00,4.411937,103.515625
08:00:33,912810UA4,TSRYS5802849,D,S,T,2024-06-18,1000000.00,4.413783,103.484375
08:00:33,912810UA4,TSRYS5802849,D,S,T,2024-06-18,1000000.00,4.416553,103.4375
08:00:33,912810UA4,TSRYS5802849,D,S,T,2024-06-18,1000000.00,4.414706,103.46875
08:00:33,912810UA4,TSRYS5802849,D,S,T,2024-06-18,1000000.00,4.414706,103.46875
08:00:33,912810UA4,TSRYS5802849,D,S,T,2024-06-18,1000000.00,4.414706,103.46875
08:00:33,912810UA4,TSRYS5802849,D,S,T,2024-06-18,1000000.00,4.411937,103.515625
08:00:33,912810UA4,TSRYS5802849,D,S,T,2024-06-18,1000000.00,4.411014,103.53125
08:00:33,912810UA4,TSRYS5802849,D,S,T,2024-06-18,1000000.00,4.413783,103.484375
08:00:33,912810UA4,TSRYS5802849,D,S,T,2024-06-18,2000000.00,4.413783,103.484375
08:00:33,912810UA4,TSRYS5802849,D,S,T,2024-06-18,1000000.00,4.414706,103.46875
08:00:33,912810UA4,TSRYS5802849,D,S,T,2024-06-18,1000000.00,4.414706,103.46875
08:00:33,912810UA4,TSRYS5802849,D,S,T,2024-06-18,1000000.00,4.414706,103.46875
08:00:33,912810UA4,TSRYS5802849,D,S,D,2024-06-18,1000000.00,4.414706,103.46875
08:00:33,912810UA4,TSRYS5802849,D,S,T,2024-06-18,1000000.00,4.416553,103.4375
08:00:33,912810UA4,TSRYS5802849,D,S,T,2024-06-18,1000000.00,4.416553,103.4375
08:00:33,912810UA4,TSRYS5802849,D,S,T,2024-06-18,1000000.00,4.416553,103.4375
08:00:33,912810UA4,TSRYS5802849,D,S,T,2024-06-18,1000000.00,4.41286,103.5
08:00:33,912810UA4,TSRYS5802849,D,S,T,2024-06-18,1000000.00,4.41586,103.44921875
08:00:33,912810UA4,TSRYS5802849,D,S,T,2024-06-18,1000000.00,4.416553,103.4375
08:00:33,912810UA4,TSRYS5802849,D,S,T,2024-06-18,1000000.00,4.419325,103.390625
08:00:33,912810UA4,TSRYS5802849,D,S,T,2024-06-18,1000000.00,4.419325,103.390625
08:00:33,912810UA4,TSRYS5802849,D,S,T,2024-06-18,1000000.00,4.419325,103.390625
08:00:33,912810UA4,TSRYS5802849,D,S,T,2024-06-18,1000000.00,4.419325,103.390625
08:00:33,912810UA4,TSRYS5802849,D,S,T,2024-06-18,1000000.00,4.419325,103.390625
08:00:33,912810UA4,TSRYS5802849,D,S,T,2024-06-18,1000000.00,4.421174,103.359375
08:00:33,912810UA4,TSRYS5802849,D,S,T,2024-06-18,1000000.00,4.421174,103.359375
08:00:33,912810UA4,TSRYS5802849,D,S,T,2024-06-18,2000000.00,4.42152,103.353515625
08:00:33,912810UA4,TSRYS5802849,D,S,T,2024-06-18,1000000.00,4.422098,103.34375
08:00:33,912810UA4,TSRYS5802849,D,S,T,2024-06-18,1000000.00,4.422098,103.34375
08:00:33,912810UA4,TSRYS5802849,D,S,T,2024-06-18,1000000.00,4.422098,103.34375
08:00:33,912810UA4,TSRYS5802849,D,S,D,2024-06-18,1000000.00,4.422561,103.3359375
08:00:33,912810UA4,TSRYS5802849,D,S,T,2024-06-18,1000000.00,4.422098,103.34375
08:00:33,912810UA4,TSRYS5802849,D,S,T,2024-06-18,1000000.00,4.422098,103.34375
08:00:33,912810UA4,TSRYS5802849,D,S,T,2024-06-18,1000000.00,4.421174,103.359375
08:00:33,912810UA4,TSRYS5802849,D,S,T,2024-06-18,1000000.00,4.421174,103.359375
08:00:33,912810UA4,TSRYS5802849,D,S,T,2024-06-18,1000000.00,4.421174,103.359375
08:00:33,912810UA4,TSRYS5802849,D,S,T,2024-06-18,1000000.00,4.422098,103.34375
08:00:33,912810UA4,TSRYS5802849,D,S,T,2024-06-18,1000000.00,4.421174,103.359375
08:00:33,912810UA4,TSRYS5802849,D,S,T,2024-06-18,1000000.00,4.4184,103.40625
08:00:33,912810UA4,TSRYS5802849,D,S,T,2024-06-18,1000000.00,4.421174,103.359375
08:00:33,912810UA4,TSRYS5802849,D,S,T,2024-06-18,1000000.00,4.421174,103.359375
08:00:33,912810UA4,TSRYS5802849,D,S,T,2024-06-18,1000000.00,4.421174,103.359375
08:00:33,912810UA4,TSRYS5802849,D,S,T,2024-06-18,1000000.00,4.420249,103.375
08:00:33,912810UA4,TSRYS5802849,D,S,T,2024-06-18,1000000.00,4.420249,103.375
08:00:33,912810UA4,TSRYS5802849,D,S,T,2024-06-18,1000000.00,4.42048,103.37109375
08:00:33,912810UA4,TSRYS5802849,D,S,T,2024-06-18,1000000.00,4.420249,103.375
08:00:33,912810UA4,TSRYS5802849,D,S,T,2024-06-18,1000000.00,4.420249,103.375
08:00:33,912810UA4,TSRYS5802849,D,S,T,2024-06-18,1000000.00,4.420249,103.375
08:00:33,912810UA4,TSRYS5802849,D,S,T,2024-06-18,1000000.00,4.42048,103.37109375
08:00:33,912810UA4,TSRYS5802849,D,S,T,2024-06-18,1000000.00,4.421174,103.359375
08:00:33,912810UA4,TSRYS5802849,D,S,T,2024-06-18,1000000.00,4.421751,103.349609375
08:00:33,912810UA4,TSRYS5802849,D,S,T,2024-06-18,1000000.00,4.421636,103.3515625
08:00:33,912810UA4,TSRYS5802849,D,S,T,2024-06-18,1000000.00,4.421174,103.359375
08:00:33,912810UA4,TSRYS5802849,D,S,T,2024-06-18,1000000.00,4.421636,103.3515625
08:00:33,912810UA4,TSRYS5802849,D,S,T,2024-06-18,1000000.00,4.420249,103.375
08:00:33,912810UA4,TSRYS5802849,D,S,T,2024-06-18,1000000.00,4.419787,103.3828125
08:00:33,912810UA4,TSRYS5802849,D,S,T,2024-06-18,1000000.00,4.421174,103.359375
08:00:33,912810UA4,TSRYS5802849,D,S,T,2024-06-18,1000000.00,4.421174,103.359375
08:00:33,912810UA4,TSRYS5802849,D,S,T,2024-06-18,1000000.00,4.421174,103.359375
08:00:33,912810UA4,TSRYS5802849,D,S,T,2024-06-18,1000000.00,4.422098,103.34375
08:00:33,912810UA4,TSRYS5802849,D,S,T,2024-06-18,1000000.00,4.422098,103.34375
08:00:33,912810UA4,TSRYS5802849,D,S,T,2024-06-18,1000000.00,4.421174,103.359375
08:00:33,912810UA4,TSRYS5802849,D,S,T,2024-06-18,1000000.00,4.421174,103.359375
08:00:33,912810UA4,TSRYS5802849,D,S,T,2024-06-18,1000000.00,4.422214,103.341796875
08:00:33,912810UA4,TSRYS5802849,D,S,T,2024-06-18,1000000.00,4.422098,103.34375
08:00:33,912810UA4,TSRYS5802849,D,S,T,2024-06-18,1000000.00,4.422214,103.341796875
08:00:33,912810UA4,TSRYS5802849,D,S,T,2024-06-18,1000000.00,4.422214,103.341796875
08:00:33,912810UA4,TSRYS5802849,D,S,T,2024-06-18,1000000.00,4.422214,103.341796875
08:00:33,912810UA4,TSRYS5802849,D,S,T,2024-06-18,1000000.00,4.422214,103.341796875
08:00:33,912810UA4,TSRYS5802849,D,S,T,2024-06-18,1000000.00,4.422214,103.341796875
08:00:33,912810UA4,TSRYS5802849,D,S,T,2024-06-18,1000000.00,4.422098,103.34375
08:00:33,912810UA4,TSRYS5802849,D,S,T,2024-06-18,1000000.00,4.422098,103.34375
08:00:33,912810UA4,TSRYS5802849,D,S,T,2024-06-18,1000000.00,4.422098,103.34375
08:00:33,912810UA4,TSRYS5802849,D,S,T,2024-06-18,1000000.00,4.420249,103.375
08:00:33,912810UA4,TSRYS5802849,D,S,T,2024-06-18,1000000.00,4.418747,103.400390625
08:00:33,912810UA4,TSRYS5802849,D,S,T,2024-06-18,1000000.00,4.415629,103.453125
08:00:33,912810UA4,TSRYS5802849,D,S,T,2024-06-18,1000000.00,4.415629,103.453125
08:00:33,912810UA4,TSRYS5802849,D,S,T,2024-06-18,1000000.00,4.414706,103.46875
08:00:33,912810UA4,TSRYS5802849,D,S,T,2024-06-18,1000000.00,4.414129,103.478515625
08:00:33,912810UA4,TSRYS5802849,D,S,T,2024-06-18,1000000.00,4.414013,103.48046875
08:00:33,912810UA4,TSRYS5802849,D,S,T,2024-06-18,1000000.00,4.417476,103.421875
08:00:33,912810UA4,TSRYS5802849,D,S,T,2024-06-18,1000000.00,4.417476,103.421875
08:00:33,912810UA4,TSRYS5802849,D,S,T,2024-06-18,1000000.00,4.417476,103.421875
08:00:33,912810UA4,TSRYS5802849,D,S,T,2024-06-18,2000000.00,4.417476,103.421875
08:00:33,912810UA4,TSRYS5802849,D,S,T,2024-06-18,2000000.00,4.417476,103.421875
08:00:33,912810UA4,TSRYS5802849,D,S,T,2024-06-18,2000000.00,4.417476,103.421875
08:00:33,912810UA4,TSRYS5802849,D,S,T,2024-06-18,1000000.00,4.417476,103.421875
08:00:33,912810UA4,TSRYS5802849,D,S,T,2024-06-18,1000000.00,4.417476,103.421875
08:00:33,912810UA4,TSRYS5802849,D,S,T,2024-06-18,1000000.00,4.417476,103.421875
08:00:33,912810UA4,TSRYS5802849,D,S,T,2024-06-18,1000000.00,4.419325,103.390625
08:00:33,912810UA4,TSRYS5802849,D,S,T,2024-06-18,1000000.00,4.419325,103.390625
08:00:33,912810UA4,TSRYS5802849,D,S,T,2024-06-18,2000000.00,4.420249,103.375
08:00:33,912810UA4,TSRYS5802849,D,S,T,2024-06-18,1000000.00,4.4184,103.40625
08:00:33,912810UA4,TSRYS5802849,D,S,T,2024-06-18,1000000.00,4.417707,103.41796875
08:00:33,912810UA4,TSRYS5802849,D,S,T,2024-06-18,1000000.00,4.417592,103.419921875
08:00:33,912810UA4,TSRYS5802849,D,S,T,2024-06-18,1000000.00,4.417476,103.421875
08:00:33,912810UA4,TSRYS5802849,D,S,T,2024-06-18,1000000.00,4.4184,103.40625
08:00:33,912810UA4,TSRYS5802849,D,S,T,2024-06-18,1000000.00,4.419325,103.390625
08:00:33,912810UA4,TSRYS5802849,D,S,T,2024-06-18,1000000.00,4.419325,103.390625
08:00:33,912810UA4,TSRYS5802849,D,S,T,2024-06-18,2000000.00,4.420249,103.375
08:00:33,912810UA4,TSRYS5802849,D,S,T,2024-06-18,2000000.00,4.420249,103.375
08:00:33,912810UA4,TSRYS5802849,D,S,T,2024-06-18,1000000.00,4.420249,103.375
08:00:33,912810UA4,TSRYS5802849,D,S,T,2024-06-18,1000000.00,4.417476,103.421875
08:00:33,912810UA4,TSRYS5802849,D,S,T,2024-06-18,1000000.00,4.417476,103.421875
08:00:33,912810UA4,TSRYS5802849,D,S,T,2024-06-18,1000000.00,4.417476,103.421875
08:00:33,912810UA4,TSRYS5802849,D,S,T,2024-06-18,1000000.00,4.417476,103.421875
08:00:33,912810UA4,TSRYS5802849,D,S,T,2024-06-18,1000000.00,4.416553,103.4375
08:00:33,912810UA4,TSRYS5802849,D,S,T,2024-06-18,1000000.00,4.417476,103.421875
08:00:33,912810UA4,TSRYS5802849,D,S,T,2024-06-18,1000000.00,4.417476,103.421875
08:00:33,912810UA4,TSRYS5802849,D,S,T,2024-06-18,1000000.00,4.414129,103.478515625
08:00:33,912810UA4,TSRYS5802849,D,S,T,2024-06-18,1000000.00,4.414475,103.47265625
08:00:33,912810UA4,TSRYS5802849,D,S,T,2024-06-18,1000000.00,4.414706,103.46875
08:00:33,912810UA4,TSRYS5802849,D,S,T,2024-06-18,2000000.00,4.416553,103.4375
08:00:33,912810UA4,TSRYS5802849,D,S,T,2024-06-18,1000000.00,4.415745,103.451171875
08:00:33,912810UA4,TSRYS5802849,D,S,T,2024-06-18,1000000.00,4.416553,103.4375
08:00:33,912810UA4,TSRYS5802849,D,S,T,2024-06-18,1000000.00,4.416553,103.4375
08:00:33,912810UA4,TSRYS5802849,D,S,T,2024-06-18,1000000.00,4.417476,103.421875
08:00:33,912810UA4,TSRYS5802849,D,S,T,2024-06-18,1000000.00,4.417476,103.421875
08:00:33,912810UA4,TSRYS5802849,D,S,T,2024-06-18,1000000.00,4.417476,103.421875
08:00:33,912810UA4,TSRYS5802849,D,S,T,2024-06-18,1000000.00,4.417707,103.41796875
08:00:33,912810UA4,TSRYS5802849,D,S,T,2024-06-18,1000000.00,4.41286,103.5
08:00:33,912810UA4,TSRYS5802849,D,S,T,2024-06-18,1000000.00,4.41286,103.5
08:00:33,912810UA4,TSRYS5802849,D,S,T,2024-06-18,1000000.00,4.41286,103.5
08:00:33,912810UA4,TSRYS5802849,D,S,T,2024-06-18,1000000.00,4.41286,103.5
08:00:33,912810UA4,TSRYS5802849,D,S,T,2024-06-18,1000000.00,4.413783,103.484375
08:00:33,912810UA4,TSRYS5802849,D,S,T,2024-06-18,1000000.00,4.416553,103.4375
08:00:33,912810UA4,TSRYS5802849,D,S,T,2024-06-18,1000000.00,4.414129,103.478515625
08:00:33,912810UA4,TSRYS5802849,D,S,T,2024-06-18,1000000.00,4.414013,103.48046875
08:00:33,912810UA4,TSRYS5802849,D,S,T,2024-06-18,1000000.00,4.413898,103.482421875
08:00:33,912810UA4,TSRYS5802849,D,S,T,2024-06-18,1000000.00,4.414706,103.46875
08:00:33,912810UA4,TSRYS5802849,D,S,T,2024-06-18,1000000.00,4.414706,103.46875
08:00:33,912810UA4,TSRYS5802849,D,S,D,2024-06-18,1000000.00,4.406174,103.61328125
08:00:33,912810UA4,TSRYS5802849,D,S,D,2024-06-18,1000000.00,4.403641,103.65625
08:00:33,912810UA4,TSRYS5802849,D,S,D,2024-06-18,1000000.00,4.403871,103.65234375
08:00:33,912810UA4,TSRYS5802849,D,S,D,2024-06-18,1000000.00,4.408939,103.56640625
08:00:33,912810UA4,TSRYS5802849,D,S,D,2024-06-18,1000000.00,4.408478,103.57421875
08:00:33,912810UA4,TSRYS5802849,D,S,D,2024-06-18,1000000.00,4.408478,103.57421875
08:00:33,912810UA4,TSRYS5802849,D,S,D,2024-06-18,1000000.00,4.409861,103.55078125
08:00:33,912810UA4,TSRYS5802849,D,S,D,2024-06-18,1000000.00,4.410092,103.546875
08:00:33,912810UA4,TSRYS5802849,D,S,D,2024-06-18,1000000.00,4.411014,103.53125
08:00:33,912810UA4,TSRYS5802849,D,S,D,2024-06-18,1000000.00,4.411014,103.53125
08:00:33,912810UA4,TSRYS5802849,D,S,D,2024-06-18,1000000.00,4.411014,103.53125
08:00:33,912810UA4,TSRYS5802849,D,S,D,2024-06-18,1000000.00,4.411014,103.53125
08:00:33,912810UA4,TSRYS5802849,D,S,D,2024-06-18,1000000.00,4.417245,103.42578125
08:00:33,912810UA4,TSRYS5802849,D,S,D,2024-06-18,1000000.00,4.416784,103.43359375
08:00:33,912810UA4,TSRYS5802849,D,S,D,2024-06-18,2000000.00,4.39628,103.78125
08:00:33,912810UA4,TSRYS5802849,D,S,D,2024-06-18,3000000.00,4.39605,103.78515625
08:00:33,912810UA4,TSRYS5802849,D,S,D,2024-06-18,1000000.00,4.408248,103.578125
08:00:33,912810UA4,TSRYS5802849,D,S,D,2024-06-18,1000000.00,4.408248,103.578125
08:00:33,912810UA4,TSRYS5802849,D,S,D,2024-06-18,1000000.00,4.403871,103.65234375
08:00:33,912810UA4,TSRYS5802849,D,S,D,2024-06-18,1000000.00,4.403641,103.65625
08:00:33,912810UA4,TSRYS5802849,D,S,D,2024-06-18,1000000.00,4.403641,103.65625
08:00:33,912810UA4,TSRYS5802849,D,S,D,2024-06-18,1000000.00,4.403871,103.65234375
08:00:33,912810UA4,TSRYS5802849,D,S,D,2024-06-18,1000000.00,4.403871,103.65234375
08:00:33,912810UA4,TSRYS5802849,D,S,D,2024-06-18,1000000.00,4.408593,103.572265625
08:00:33,912810UA4,TSRYS5802849,D,S,D,2024-06-18,1000000.00,4.408593,103.572265625
08:00:33,912810UA4,TSRYS5802849,D,S,D,2024-06-18,1000000.00,4.408593,103.572265625
08:00:33,912810UA4,TSRYS5802849,D,S,D,2024-06-18,1000000.00,4.408593,103.572265625
08:00:33,912810UA4,TSRYS5802849,D,S,D,2024-06-18,1000000.00,4.408478,103.57421875
08:00:33,912810UA4,TSRYS5802849,D,S,D,2024-06-18,1000000.00,4.408824,103.568359375
08:00:33,912810UA4,TSRYS5802849,D,S,D,2024-06-18,1000000.00,4.409631,103.5546875
08:00:33,912810UA4,TSRYS5802849,D,S,D,2024-06-18,1000000.00,4.408478,103.57421875
08:00:33,912810UA4,TSRYS5802849,D,S,D,2024-06-18,1000000.00,4.408593,103.572265625
08:00:33,912810UA4,TSRYS5802849,D,S,D,2024-06-18,1000000.00,4.408478,103.57421875
08:00:33,912810UA4,TSRYS5802849,D,S,D,2024-06-18,1000000.00,4.408824,103.568359375
08:00:33,912810UA4,TSRYS5802849,D,S,D,2024-06-18,1000000.00,4.408824,103.568359375
08:00:33,912810UA4,TSRYS5802849,D,S,D,2024-06-18,1000000.00,4.410207,103.544921875
08:00:33,912810UA4,TSRYS5802849,D,S,D,2024-06-18,1000000.00,4.41113,103.529296875
08:00:33,912810UA4,TSRYS5802849,D,S,D,2024-06-18,1000000.00,4.41286,103.5
08:00:33,912810UA4,TSRYS5802849,D,S,D,2024-06-18,1000000.00,4.413436,103.490234375
08:00:33,912810UA4,TSRYS5802849,D,S,D,2024-06-18,1000000.00,4.413898,103.482421875
08:00:33,912810UA4,TSRYS5802849,D,S,D,2024-06-18,1000000.00,4.413206,103.494140625
08:00:33,912810UA4,TSRYS5802849,D,S,D,2024-06-18,1000000.00,4.413206,103.494140625
08:00:33,912810UA4,TSRYS5802849,D,S,D,2024-06-18,1000000.00,4.411245,103.52734375
08:00:33,912810UA4,TSRYS5802849,D,S,D,2024-06-18,1000000.00,4.414937,103.46484375
08:00:33,912810UA4,TSRYS5802849,D,S,D,2024-06-18,1000000.00,4.414821,103.466796875
08:00:33,912810UA4,TSRYS5802849,D,S,D,2024-06-18,1000000.00,4.413783,103.484375
08:00:33,912810UA4,TSRYS5802849,D,S,D,2024-06-18,1000000.00,4.41459,103.470703125
08:00:33,912810UA4,TSRYS5802849,D,S,D,2024-06-18,1000000.00,4.41459,103.470703125
08:00:33,912810UA4,TSRYS5802849,D,S,D,2024-06-18,1000000.00,4.414706,103.46875
08:00:33,912810UA4,TSRYS5802849,D,S,D,2024-06-18,1000000.00,4.414706,103.46875
08:00:33,912810UA4,TSRYS5802849,D,S,D,2024-06-18,1000000.00,4.414706,103.46875
08:00:33,912810UA4,TSRYS5802849,D,S,D,2024-06-18,1000000.00,4.415052,103.462890625
08:00:33,912810UA4,TSRYS5802849,D,S,D,2024-06-18,1000000.00,4.417823,103.416015625
08:00:33,912810UA4,TSRYS5802849,D,S,D,2024-06-18,1000000.00,4.417823,103.416015625
08:00:33,912810UA4,TSRYS5802849,D,S,D,2024-06-18,1000000.00,4.417592,103.419921875
08:00:33,912810UA4,TSRYS5802849,D,S,D,2024-06-18,1000000.00,4.417823,103.416015625
08:00:33,912810UA4,TSRYS5802849,D,S,D,2024-06-18,1000000.00,4.419209,103.392578125
08:00:33,912810UA4,TSRYS5802849,D,S,D,2024-06-18,1000000.00,4.419209,103.392578125
08:00:33,912810UA4,TSRYS5802849,D,S,D,2024-06-18,1000000.00,4.419209,103.392578125
08:00:33,912810UA4,TSRYS5802849,D,S,D,2024-06-18,1000000.00,4.419209,103.392578125
08:00:33,912810UA4,TSRYS5802849,D,S,D,2024-06-18,1000000.00,4.414821,103.466796875
08:00:33,912810UA4,TSRYS5802849,D,S,D,2024-06-18,1000000.00,4.419671,103.384765625
08:00:33,912810UA4,TSRYS5802849,D,S,D,2024-06-18,1000000.00,4.422214,103.341796875
08:00:33,912810UA4,TSRYS5802849,D,S,D,2024-06-18,1000000.00,4.422214,103.341796875
08:00:33,912810UA4,TSRYS5802849,D,S,D,2024-06-18,1000000.00,4.422561,103.3359375
08:00:33,912810UA4,TSRYS5802849,D,S,D,2024-06-18,1000000.00,4.42233,103.33984375
08:00:33,912810UA4,TSRYS5802849,D,S,D,2024-06-18,1000000.00,4.421058,103.361328125
08:00:33,912810UA4,TSRYS5802849,D,S,D,2024-06-18,1000000.00,4.421174,103.359375
08:00:33,912810UA4,TSRYS5802849,D,S,D,2024-06-18,1000000.00,4.417823,103.416015625
08:00:33,912810UA4,TSRYS5802849,D,S,D,2024-06-18,1000000.00,4.417476,103.421875
08:00:33,912810UA4,TSRYS5802849,D,S,D,2024-06-18,1000000.00,4.420133,103.376953125
08:00:33,912810UA4,TSRYS5802849,D,S,D,2024-06-18,1000000.00,4.420249,103.375
08:00:33,912810UA4,TSRYS5802849,D,S,D,2024-06-18,1000000.00,4.420249,103.375
08:00:33,912810UA4,TSRYS5802849,D,S,D,2024-06-18,1000000.00,4.420596,103.369140625
08:00:33,912810UA4,TSRYS5802849,D,S,D,2024-06-18,1000000.00,4.420365,103.373046875
08:00:33,912810UA4,TSRYS5802849,D,S,D,2024-06-18,1000000.00,4.420827,103.365234375
08:00:33,912810UA4,TSRYS5802849,D,S,D,2024-06-18,1000000.00,4.42048,103.37109375
08:00:33,912810UA4,TSRYS5802849,D,S,D,2024-06-18,1000000.00,4.420827,103.365234375
08:00:33,912810UA4,TSRYS5802849,D,S,D,2024-06-18,1000000.00,4.420711,103.3671875
08:00:33,912810UA4,TSRYS5802849,D,S,D,2024-06-18,1000000.00,4.421405,103.35546875
08:00:33,912810UA4,TSRYS5802849,D,S,D,2024-06-18,1000000.00,4.421289,103.357421875
08:00:33,912810UA4,TSRYS5802849,D,S,D,2024-06-18,1000000.00,4.420827,103.365234375
08:00:33,912810UA4,TSRYS5802849,D,S,D,2024-06-18,1000000.00,4.423255,103.32421875
08:00:33,912810UA4,TSRYS5802849,D,S,D,2024-06-18,1000000.00,4.421174,103.359375
08:00:33,912810UA4,TSRYS5802849,D,S,D,2024-06-18,1000000.00,4.420942,103.36328125
08:00:33,912810UA4,TSRYS5802849,D,S,D,2024-06-18,1000000.00,4.417245,103.42578125
08:00:33,912810UA4,TSRYS5802849,D,S,D,2024-06-18,1000000.00,4.417245,103.42578125
08:00:33,912810UA4,TSRYS5802849,D,S,D,2024-06-18,1000000.00,4.417245,103.42578125
08:00:33,912810UA4,TSRYS5802849,D,S,D,2024-06-18,1000000.00,4.415283,103.458984375
08:00:33,912810UA4,TSRYS5802849,D,S,D,2024-06-18,1000000.00,4.41436,103.474609375
08:00:33,912810UA4,TSRYS5802849,D,S,D,2024-06-18,1000000.00,4.417476,103.421875
08:00:33,912810UA4,TSRYS5802849,D,S,D,2024-06-18,1000000.00,4.417361,103.423828125
08:00:33,912810UA4,TSRYS5802849,D,S,D,2024-06-18,1000000.00,4.416784,103.43359375
08:00:33,912810UA4,TSRYS5802849,D,S,D,2024-06-18,1000000.00,4.416784,103.43359375
08:00:33,912810UA4,TSRYS5802849,D,S,D,2024-06-18,1000000.00,4.416899,103.431640625
08:00:33,912810UA4,TSRYS5802849,D,S,T,2024-06-18,1000000.00,4.397659,103.7578125
08:00:33,912810UA4,TSRYS5802849,D,S,T,2024-06-18,1000000.00,4.408248,103.578125
08:00:33,912810UA4,TSRYS5802849,D,S,T,2024-06-18,1000000.00,4.403641,103.65625
08:00:33,912810UA4,TSRYS5802849,D,S,T,2024-06-18,1000000.00,4.403641,103.65625
08:00:33,912810UA4,TSRYS5802849,D,S,T,2024-06-18,1000000.00,4.403871,103.65234375
08:00:33,912810UA4,TSRYS5802849,D,S,T,2024-06-18,1000000.00,4.413321,103.4921875
08:00:33,912810UA4,TSRYS5802849,D,S,T,2024-06-18,1000000.00,4.411821,103.517578125
08:00:33,912810UA4,TSRYS5802849,D,S,T,2024-06-18,1000000.00,4.408593,103.572265625
08:00:33,912810UA4,TSRYS5802849,D,S,T,2024-06-18,1000000.00,4.408478,103.57421875
08:00:33,912810UA4,TSRYS5802849,D,S,T,2024-06-18,1000000.00,4.407902,103.583984375
08:00:33,912810UA4,TSRYS5802849,D,S,T,2024-06-18,1000000.00,4.408709,103.5703125
08:00:33,912810UA4,TSRYS5802849,D,S,T,2024-06-18,1000000.00,4.408709,103.5703125
08:00:33,912810UA4,TSRYS5802849,D,S,T,2024-06-18,1000000.00,4.408709,103.5703125
08:00:33,912810UA4,TSRYS5802849,D,S,T,2024-06-18,1000000.00,4.410092,103.546875
08:00:33,912810UA4,TSRYS5802849,D,S,T,2024-06-18,1000000.00,4.41286,103.5
08:00:33,912810UA4,TSRYS5802849,D,S,T,2024-06-18,1000000.00,4.41286,103.5
08:00:33,912810UA4,TSRYS5802849,D,S,T,2024-06-18,1000000.00,4.413783,103.484375
08:00:33,912810UA4,TSRYS5802849,D,S,T,2024-06-18,1000000.00,4.414013,103.48046875
08:00:33,912810UA4,TSRYS5802849,D,S,T,2024-06-18,2000000.00,4.414706,103.46875
08:00:33,912810UA4,TSRYS5802849,D,S,T,2024-06-18,1000000.00,4.414706,103.46875
08:00:33,912810UA4,TSRYS5802849,D,S,T,2024-06-18,1000000.00,4.414706,103.46875
08:00:33,912810UA4,TSRYS5802849,D,S,T,2024-06-18,1000000.00,4.414937,103.46484375
08:00:33,912810UA4,TSRYS5802849,D,S,T,2024-06-18,1000000.00,4.417707,103.41796875
08:00:33,912810UA4,TSRYS5802849,D,S,T,2024-06-18,1000000.00,4.418862,103.3984375
08:00:33,912810UA4,TSRYS5802849,D,S,T,2024-06-18,1000000.00,4.419671,103.384765625
08:00:33,912810UA4,TSRYS5802849,D,S,T,2024-06-18,1000000.00,4.420596,103.369140625
08:00:33,912810UA4,TSRYS5802849,D,S,T,2024-06-18,1000000.00,4.420827,103.365234375
08:00:33,912810UA4,TSRYS5802849,D,S,T,2024-06-18,1000000.00,4.421058,103.361328125
08:00:33,912810UA4,TSRYS5802849,D,S,T,2024-06-18,1000000.00,4.421174,103.359375
08:00:33,912810UA4,TSRYS5802849,D,S,T,2024-06-18,1000000.00,4.42233,103.33984375
08:00:33,912810UA4,TSRYS5802849,D,S,T,2024-06-18,1000000.00,4.42233,103.33984375
08:00:33,912810UA4,TSRYS5802849,D,S,T,2024-06-18,1000000.00,4.421867,103.34765625
08:00:33,912810UA4,TSRYS5802849,D,S,T,2024-06-18,1000000.00,4.421058,103.361328125
08:00:33,912810UA4,TSRYS5802849,D,S,T,2024-06-18,1000000.00,4.4184,103.40625
08:00:33,912810UA4,TSRYS5802849,D,S,T,2024-06-18,1000000.00,4.421289,103.357421875
08:00:33,912810UA4,TSRYS5802849,D,S,T,2024-06-18,1000000.00,4.420596,103.369140625
08:00:33,912810UA4,TSRYS5802849,D,S,T,2024-06-18,1000000.00,4.420596,103.369140625
08:00:33,912810UA4,TSRYS5802849,D,S,T,2024-06-18,1000000.00,4.421636,103.3515625
08:00:33,912810UA4,TSRYS5802849,D,S,T,2024-06-18,1000000.00,4.42152,103.353515625
08:00:33,912810UA4,TSRYS5802849,D,S,T,2024-06-18,1000000.00,4.421174,103.359375
08:00:33,912810UA4,TSRYS5802849,D,S,T,2024-06-18,1000000.00,4.420827,103.365234375
08:00:33,912810UA4,TSRYS5802849,D,S,T,2024-06-18,1000000.00,4.421174,103.359375
08:00:33,912810UA4,TSRYS5802849,D,S,T,2024-06-18,1000000.00,4.421983,103.345703125
08:00:33,912810UA4,TSRYS5802849,D,S,T,2024-06-18,1000000.00,4.421867,103.34765625
08:00:33,912810UA4,TSRYS5802849,D,S,T,2024-06-18,1000000.00,4.421867,103.34765625
08:00:33,912810UA4,TSRYS5802849,D,S,T,2024-06-18,1000000.00,4.417245,103.42578125
08:00:33,912810UA4,TSRYS5802849,D,S,T,2024-06-18,1000000.00,4.415283,103.458984375
08:00:33,912810UA4,TSRYS5802849,D,S,T,2024-06-18,1000000.00,4.416784,103.43359375
08:00:33,912810UA4,TSRYS5802849,D,S,T,2024-06-18,1000000.00,4.416553,103.4375
08:00:33,912810UA4,TSRYS5802849,D,S,T,2024-06-18,1000000.00,4.416553,103.4375
08:00:33,912810UA4,TSRYS5802849,D,S,T,2024-06-18,1000000.00,4.416553,103.4375
08:00:33,912810UA4,TSRYS5802849,D,S,T,2024-06-18,1000000.00,4.416553,103.4375
08:00:33,912810UA4,TSRYS5802849,D,S,T,2024-06-18,1000000.00,4.413898,103.482421875
08:00:33,912810UA4,TSRYS5802849,D,S,D,2024-06-18,1000000.00,4.406174,103.61328125
08:00:33,912810UA4,TSRYS5802849,D,S,D,2024-06-18,1000000.00,4.403641,103.65625
08:00:33,912810UA4,TSRYS5802849,D,S,D,2024-06-18,1000000.00,4.405713,103.62109375
08:00:33,912810UA4,TSRYS5802849,D,S,D,2024-06-18,1000000.00,4.405713,103.62109375
08:00:33,912810UA4,TSRYS5802849,D,S,D,2024-06-18,1000000.00,4.405483,103.625
08:00:37,912810UA4,TSRYS5802849,D,B,A,2024-06-18,6000000.00,4.400649,103.70703125
08:00:37,912810UA4,TSRYS5802849,D,S,A,2024-06-18,2000000.00,4.399499,103.7265625
08:00:37,912810UA4,TSRYS5802849,D,S,D,2024-06-18,3000000.00,4.399959,103.71875
08:00:37,912810UA4,TSRYS5802849,D,S,A,2024-06-18,20000000.00,4.399269,103.73046875
08:00:37,912810UA4,TSRYS5802849,D,S,T,2024-06-18,1000000.00,4.407326,103.59375
08:00:37,912810UA4,TSRYS5802849,D,B,A,2024-06-18,1000000.00,4.407326,103.59375
08:00:37,912810UA4,TSRYS5802849,D,B,A,2024-06-18,5000000.00,4.403411,103.66015625
08:00:37,912810UA4,TSRYS5802849,D,B,A,2024-06-18,2000000.00,4.40295,103.66796875
08:00:37,912810UA4,TSRYS5802849,D,B,C,2024-06-18,14700000.00,4.401799,103.6875
08:00:37,912810UA4,TSRYS5802849,D,S,A,2024-06-18,48800.00,4.40917,103.5625
08:00:37,912810UA4,TSRYS5802849,D,S,T,2024-06-18,1000000.00,4.411937,103.515625
08:00:37,912810UA4,TSRYS5802849,D,S,D,2024-06-18,1000000.00,4.411937,103.515625
08:00:37,912810UA4,TSRYS5802849,D,B,C,2024-06-18,5900000.00,4.407326,103.59375
08:00:37,912810UA4,TSRYS5802849,D,B,C,2024-06-18,7000000.00,4.41286,103.5
08:00:37,912810UA4,TSRYS5802849,D,S,T,2024-06-18,1000000.00,4.41286,103.5
08:00:37,912810UA4,TSRYS5802849,D,S,T,2024-06-18,1000000.00,4.413783,103.484375
08:00:37,912810UA4,TSRYS5802849,D,S,A,2024-06-18,2000000.00,4.413783,103.484375
08:00:37,912810UA4,TSRYS5802849,D,S,T,2024-06-18,1000000.00,4.414706,103.46875
08:00:37,912810UA4,TSRYS5802849,D,S,T,2024-06-18,1000000.00,4.414937,103.46484375
08:00:37,912810UA4,TSRYS5802849,D,S,T,2024-06-18,1000000.00,4.414129,103.478515625
08:00:37,912810UA4,TSRYS5802849,D,S,T,2024-06-18,1000000.00,4.417938,103.4140625
08:00:37,912810UA4,TSRYS5802849,D,S,D,2024-06-18,1000000.00,4.417476,103.421875
08:00:37,912810UA4,TSRYS5802849,D,S,A,2024-06-18,5000000.00,4.417015,103.4296875
08:00:37,912810UA4,TSRYS5802849,D,B,A,2024-06-18,5000000.00,4.416091,103.4453125
08:00:37,912810UA4,TSRYS5802849,D,S,T,2024-06-18,1000000.00,4.4184,103.40625
08:00:37,912810UA4,TSRYS5802849,D,B,A,2024-06-18,7500000.00,4.418862,103.3984375
08:00:37,912810UA4,TSRYS5802849,D,S,D,2024-06-18,1000000.00,4.4184,103.40625
08:00:37,912810UA4,TSRYS5802849,D,S,D,2024-06-18,1000000.00,4.418788,103.3996888528
08:00:37,912810UA4,TSRYS5802849,D,S,T,2024-06-18,1000000.00,4.423948,103.3125
08:00:37,912810UA4,TSRYS5802849,D,S,T,2024-06-18,1000000.00,4.423023,103.328125
08:00:37,912810UA4,TSRYS5802849,D,S,T,2024-06-18,1000000.00,4.424874,103.296875
08:00:37,912810UA4,TSRYS5802849,D,S,T,2024-06-18,1000000.00,4.424874,103.296875
08:00:37,912810UA4,TSRYS5802849,D,S,T,2024-06-18,1000000.00,4.424874,103.296875
08:00:37,912810UA4,TSRYS5802849,D,S,D,2024-06-18,1000000.00,4.423948,103.3125
08:00:37,912810UA4,TSRYS5802849,D,S,D,2024-06-18,1000000.00,4.423255,103.32421875
08:00:37,912810UA4,TSRYS5802849,D,S,C,2024-06-18,5000000.00,4.419556,103.38671875
08:00:37,912810UA4,TSRYS5802849,D,S,C,2024-06-18,7000000.00,4.419556,103.38671875
08:00:37,912810UA4,TSRYS5802849,D,S,D,2024-06-18,3000000.00,4.422098,103.34375
08:00:37,912810UA4,TSRYS5802849,D,S,D,2024-06-18,3000000.00,4.422098,103.34375
08:00:37,912810UA4,TSRYS5802849,D,S,D,2024-06-18,1000000.00,4.42337,103.322265625
08:00:37,912810UA4,TSRYS5802849,D,S,D,2024-06-18,1000000.00,4.423023,103.328125
08:00:37,912810UA4,TSRYS5802849,D,S,D,2024-06-18,1000000.00,4.423023,103.328125
08:00:37,912810UA4,TSRYS5802849,D,S,D,2024-06-18,2000000.00,4.423023,103.328125
08:00:37,912810UA4,TSRYS5802849,D,S,C,2024-06-18,5000000.00,4.42048,103.37109375
08:00:37,912810UA4,TSRYS5802849,D,S,T,2024-06-18,1000000.00,4.413783,103.484375
08:00:37,912810UA4,TSRYS5802849,D,S,T,2024-06-18,1000000.00,4.419325,103.390625
08:00:37,912810UA4,TSRYS5802849,D,S,T,2024-06-18,1000000.00,4.419325,103.390625
08:00:37,912810UA4,TSRYS5802849,D,S,T,2024-06-18,1000000.00,4.419325,103.390625
08:00:37,912810UA4,TSRYS5802849,D,S,T,2024-06-18,1000000.00,4.416553,103.4375
08:00:37,912810UA4,TSRYS5802849,D,S,D,2024-06-18,1000000.00,4.416553,103.4375
08:00:37,912810UA4,TSRYS5802849,D,S,D,2024-06-18,1000000.00,4.416553,103.4375
08:00:37,912810UA4,TSRYS5802849,D,S,D,2024-06-18,1000000.00,4.417476,103.421875
08:00:37,912810UA4,TSRYS5802849,D,S,D,2024-06-18,1000000.00,4.415629,103.453125
08:00:37,912810UA4,TSRYS5802849,D,S,D,2024-06-18,1000000.00,4.414706,103.46875
08:00:37,912810UA4,TSRYS5802849,D,S,T,2024-06-18,1000000.00,4.416553,103.4375
08:00:37,912810UA4,TSRYS5802849,D,S,D,2024-06-18,1000000.00,4.416553,103.4375
08:00:37,912810UA4,TSRYS5802849,D,S,T,2024-06-18,1000000.00,4.413783,103.484375
08:00:37,912810UA4,TSRYS5802849,D,S,T,2024-06-18,1000000.00,4.413783,103.484375
08:00:37,912810UA4,TSRYS5802849,D,S,T,2024-06-18,1000000.00,4.414706,103.46875
08:00:37,912810UA4,TSRYS5802849,D,S,T,2024-06-18,1000000.00,4.413783,103.484375
08:00:37,912810UA4,TSRYS5802849,D,S,T,2024-06-18,1000000.00,4.413783,103.484375
08:00:37,912810UA4,TSRYS5802849,D,S,T,2024-06-18,1000000.00,4.415629,103.453125
08:00:37,912810UA4,TSRYS5802849,D,S,T,2024-06-18,1000000.00,4.416553,103.4375
08:00:37,912810UA4,TSRYS5802849,D,S,T,2024-06-18,1000000.00,4.416553,103.4375
08:00:37,912810UA4,TSRYS5802849,D,S,T,2024-06-18,1000000.00,4.415629,103.453125
08:00:37,912810UA4,TSRYS5802849,D,S,D,2024-06-18,1000000.00,4.40917,103.5625
08:00:37,912810UA4,TSRYS5802849,D,S,D,2024-06-18,1000000.00,4.409631,103.5546875
08:00:37,912810UA4,TSRYS5802849,D,S,D,2024-06-18,1000000.00,4.408939,103.56640625
08:00:37,912810UA4,TSRYS5802849,D,S,D,2024-06-18,1000000.00,4.4094,103.55859375
08:00:38,912810UA4,TSRYS5802849,D,B,A,2024-06-18,6000000.00,4.398579,103.7421875
08:00:38,912810UA4,TSRYS5802849,D,S,T,2024-06-18,1000000.00,4.397889,103.75390625
08:00:38,912810UA4,TSRYS5802849,D,S,A,2024-06-18,5000000.00,4.397199,103.765625
08:00:38,912810UA4,TSRYS5802849,D,S,T,2024-06-18,1000000.00,4.39628,103.78125
08:00:38,912810UA4,TSRYS5802849,D,S,D,2024-06-18,1000000.00,4.39628,103.78125
08:00:38,912810UA4,TSRYS5802849,D,S,T,2024-06-18,1000000.00,4.393523,103.828125
08:00:38,912810UA4,TSRYS5802849,D,S,T,2024-06-18,1000000.00,4.393523,103.828125
08:00:38,912810UA4,TSRYS5802849,D,S,D,2024-06-18,7600000.00,4.411487,103.5232375
08:00:39,912810UA4,TSRYS5802849,D,S,D,2024-06-18,6000000.00,4.412225,103.510742188
08:00:39,912810UA4,TSRYS5802849,D,S,A,2024-06-18,8000000.00,4.397199,103.765625
08:00:39,912810UA4,TSRYS5802849,D,S,D,2024-06-18,2000000.00,4.417476,103.421875
08:00:39,912810UA4,TSRYS5802849,D,S,D,2024-06-18,2000000.00,4.417476,103.421875
08:00:39,912810UA4,TSRYS5802849,D,S,D,2024-06-18,1000000.00,4.417476,103.421875
08:00:39,912810UA4,TSRYS5802849,D,S,D,2024-06-18,1000000.00,4.411014,103.53125
08:00:39,912810UA4,TSRYS5802849,D,S,C,2024-06-18,5200000.00,4.420931,103.36348125
08:00:39,912810UA4,TSRYS5802849,D,S,C,2024-06-18,6100000.00,4.420006,103.37910625
08:00:39,912810UA4,TSRYS5802849,D,S,C,2024-06-18,2000000.00,4.420006,103.37910625
08:00:40,912810UA4,TSRYS5802849,D,S,D,2024-06-18,1000000.00,4.397871,103.75422
08:00:40,912810UA4,TSRYS5802849,D,S,D,2024-06-18,15000000.00,4.406097,103.614583333
08:00:41,912810UA4,TSRYS5802849,D,S,T,2024-06-18,1000000.00,4.407787,103.5859375
08:00:41,912810UA4,TSRYS5802849,D,S,D,2024-06-18,2000000.00,4.396464,103.778125
08:00:41,912810UA4,TSRYS5802849,D,S,C,2024-06-18,3000600.00,4.395797,103.7894625
08:00:41,912810UA4,TSRYS5802849,D,S,A,2024-06-18,32000000.00,4.4075,103.5907988
08:00:41,912810UA4,TSRYS5802849,D,S,D,2024-06-18,5300000.00,4.409412,103.55839375
08:00:41,912810UA4,TSRYS5802849,D,B,C,2024-06-18,5300000.00,4.409412,103.55839375
08:00:41,912810UA4,TSRYS5802849,D,B,C,2024-06-18,7600000.00,4.411487,103.5232375
08:00:41,912810UA4,TSRYS5802849,D,S,D,2024-06-18,1000000.00,4.414937,103.46484375
08:00:42,912810UA4,TSRYS5802849,D,S,T,2024-06-18,1000000.00,4.421174,103.359375
08:00:42,912810UA4,TSRYS5802849,D,S,D,2024-06-18,30000000.00,4.420846,103.364908854
08:00:42,912810UA4,TSRYS5802849,D,S,C,2024-06-18,10000000.00,4.421393,103.35566875
08:00:42,912810UA4,TSRYS5802849,D,S,A,2024-06-18,5000000.00,4.411706,103.51953125
08:00:42,912810UA4,TSRYS5802849,D,S,C,2024-06-18,1900000.00,4.415617,103.453325
08:00:42,912810UA4,TSRYS5802849,D,S,C,2024-06-18,3000000.00,4.418862,103.3984375
08:00:42,912810UA4,TSRYS5802849,D,S,D,2024-06-18,1000000.00,4.4094,103.55859375
08:00:42,912810UA4,TSRYS5802849,D,S,D,2024-06-18,1000000.00,4.40917,103.5625
08:00:43,912810UA4,TSRYS5802849,D,S,T,2024-06-18,1000000.00,4.415629,103.453125
08:00:43,912810UA4,TSRYS5802849,D,S,D,2024-06-18,2000000.00,4.417476,103.421875
08:00:43,912810UA4,TSRYS5802849,D,S,D,2024-06-18,1000000.00,4.417476,103.421875
08:00:43,912810UA4,TSRYS5802849,D,B,A,2024-06-18,3000000.00,4.413783,103.484375
08:00:43,912810UA4,TSRYS5802849,D,S,D,2024-06-18,1000000.00,4.417476,103.421875
08:00:43,912810UA4,TSRYS5802849,D,S,D,2024-06-18,1000000.00,4.414937,103.46484375
08:00:43,912810UA4,TSRYS5802849,D,S,D,2024-06-18,1000000.00,4.417476,103.421875
08:00:43,912810UA4,TSRYS5802849,D,S,D,2024-06-18,1000000.00,4.417476,103.421875
08:00:43,912810UA4,TSRYS5802849,D,S,C,2024-06-18,2600000.00,4.416553,103.4375
08:00:43,912810UA4,TSRYS5802849,D,S,T,2024-06-18,1000000.00,4.41459,103.470703125
08:00:43,912810UA4,TSRYS5802849,D,S,D,2024-06-18,1000000.00,4.417592,103.419921875
08:00:43,912810UA4,TSRYS5802849,D,B,A,2024-06-18,7389000.00,4.418193,103.40975625
08:00:43,912810UA4,TSRYS5802849,D,S,C,2024-06-18,3750000.00,4.414244,103.4765625
08:00:43,912810UA4,TSRYS5802849,D,S,D,2024-06-18,1000000.00,4.409861,103.55078125
08:00:44,912810UA4,TSRYS5802849,D,S,D,2024-06-18,1000000.00,4.40917,103.5625
08:00:44,912810UA4,TSRYS5802849,D,S,D,2024-06-18,14000000.00,4.417245,103.42578125
08:00:44,912810UA4,TSRYS5802849,D,S,D,2024-06-18,23000000.00,4.417015,103.4296875
08:00:44,912810UA4,TSRYS5802849,D,S,C,2024-06-18,136000.00,4.416553,103.4375
08:00:44,912810UA4,TSRYS5802849,D,S,C,2024-06-18,25000.00,4.41676,103.43399375
08:00:44,912810UA4,TSRYS5802849,D,S,D,2024-06-18,1000000.00,4.411014,103.53125
08:00:44,912810UA4,TSRYS5802849,D,S,D,2024-06-18,1000000.00,4.411014,103.53125
08:00:44,912810UA4,TSRYS5802849,D,B,A,2024-06-18,2960000.00,4.422792,103.33203125
08:00:44,912810UA4,TSRYS5802849,D,S,D,2024-06-18,6100000.00,4.420006,103.37910625
08:00:44,912810UA4,TSRYS5802849,D,S,D,2024-06-18,11000000.00,4.413783,103.484375
08:00:45,912810UA4,TSRYS5802849,D,S,A,2024-06-18,450000.00,4.391227,103.8671875
08:00:45,912810UA4,TSRYS5802849,D,S,D,2024-06-18,1000000.00,4.420249,103.375
08:00:45,912810UA4,TSRYS5802849,D,S,D,2024-06-18,10000000.00,4.421393,103.35566875
08:00:45,912810UA4,TSRYS5802849,D,S,D,2024-06-18,1000000.00,4.415167,103.4609375
08:00:45,912810UA4,TSRYS5802849,D,S,D,2024-06-18,1000000.00,4.414937,103.46484375
08:00:45,912810UA4,TSRYS5802849,D,S,D,2024-06-18,2000000.00,4.413783,103.484375
08:00:45,912810UA4,TSRYS5802849,D,S,D,2024-06-18,1000000.00,4.414706,103.46875
08:00:45,912810UA4,TSRYS5802849,D,S,D,2024-06-18,1000000.00,4.413321,103.4921875
08:00:45,912810UA4,TSRYS5802849,D,S,D,2024-06-18,1000000.00,4.41286,103.5
08:00:46,912810UA4,TSRYS5802849,D,S,D,2024-06-18,1220000.00,4.414475,103.47265625
08:00:46,912810UA4,TSRYS5802849,D,S,D,2024-06-18,1900000.00,4.415617,103.453325
08:00:46,912810UA4,TSRYS5802849,D,S,A,2024-06-18,4000000.00,4.419094,103.39453125
08:00:47,912810UA4,TSRYS5802849,D,S,C,2024-06-18,1425000.00,4.416091,103.4453125
08:00:47,912810UA4,TSRYS5802849,D,S,D,2024-06-18,1000000.00,4.416668,103.435546875
08:00:47,912810UA4,TSRYS5802849,D,S,T,2024-06-18,1000000.00,4.414706,103.46875
08:00:47,912810UA4,TSRYS5802849,D,S,T,2024-06-18,1000000.00,4.421058,103.361328125
08:00:48,912810UA4,TSRYS5802849,D,S,T,2024-06-18,1000000.00,4.416553,103.4375
08:00:48,912810UA4,TSRYS5802849,D,S,T,2024-06-18,2000000.00,4.416553,103.4375
08:00:48,912810UA4,TSRYS5802849,D,S,T,2024-06-18,1000000.00,4.413783,103.484375
08:00:48,912810UA4,TSRYS5802849,D,S,T,2024-06-18,1000000.00,4.413783,103.484375
08:00:48,912810UA4,TSRYS5802849,D,S,D,2024-06-18,3750000.00,4.414244,103.4765625
08:00:48,912810UA4,TSRYS5802849,D,S,T,2024-06-18,2000000.00,4.421174,103.359375
08:00:48,912810UA4,TSRYS5802849,D,S,T,2024-06-18,1000000.00,4.421174,103.359375
08:00:48,912810UA4,TSRYS5802849,D,S,D,2024-06-18,2000000.00,4.396008,103.78587
08:00:49,912810UA4,TSRYS5802849,D,S,D,2024-06-18,1000000.00,4.420018,103.37890625
08:00:49,912810UA4,TSRYS5802849,D,S,D,2024-06-18,1000000.00,4.420249,103.375
08:00:49,912810UA4,TSRYS5802849,D,S,D,2024-06-18,1000000.00,4.421174,103.359375
08:00:49,912810UA4,TSRYS5802849,D,S,D,2024-06-18,3000600.00,4.395797,103.7894625
08:00:49,912810UA4,TSRYS5802849,D,S,T,2024-06-18,1000000.00,4.416553,103.4375
08:00:49,912810UA4,TSRYS5802849,D,S,T,2024-06-18,1000000.00,4.41713,103.427734375
08:00:49,912810UA4,TSRYS5802849,D,S,T,2024-06-18,3000000.00,4.416553,103.4375
08:00:49,912810UA4,TSRYS5802849,D,S,T,2024-06-18,1000000.00,4.416553,103.4375
08:00:49,912810UA4,TSRYS5802849,D,S,T,2024-06-18,1000000.00,4.416437,103.439453125
08:00:49,912810UA4,TSRYS5802849,D,S,T,2024-06-18,2000000.00,4.416668,103.435546875
08:00:49,912810UA4,TSRYS5802849,D,S,T,2024-06-18,2000000.00,4.416553,103.4375
08:00:49,912810UA4,TSRYS5802849,D,S,T,2024-06-18,1000000.00,4.416553,103.4375
08:00:49,912810UA4,TSRYS5802849,D,B,A,2024-06-18,15000000.00,4.395131,103.80078125
08:00:49,912810UA4,TSRYS5802849,D,S,T,2024-06-18,1000000.00,4.416668,103.435546875
08:00:49,912810UA4,TSRYS5802849,D,S,T,2024-06-18,1000000.00,4.416553,103.4375
08:00:49,912810UA4,TSRYS5802849,D,S,T,2024-06-18,1000000.00,4.416553,103.4375
08:00:49,912810UA4,TSRYS5802849,D,S,T,2024-06-18,1000000.00,4.416668,103.435546875
08:00:49,912810UA4,TSRYS5802849,D,S,T,2024-06-18,1000000.00,4.416553,103.4375
08:00:49,912810UA4,TSRYS5802849,D,S,T,2024-06-18,1000000.00,4.416553,103.4375
08:00:49,912810UA4,TSRYS5802849,D,S,T,2024-06-18,1000000.00,4.414706,103.46875
08:00:49,912810UA4,TSRYS5802849,D,S,T,2024-06-18,1000000.00,4.414937,103.46484375
08:00:49,912810UA4,TSRYS5802849,D,S,T,2024-06-18,1000000.00,4.414937,103.46484375
08:00:49,912810UA4,TSRYS5802849,D,S,T,2024-06-18,1000000.00,4.414706,103.46875
08:00:49,912810UA4,TSRYS5802849,D,B,A,2024-06-18,4000000.00,4.39628,103.78125
08:00:49,912810UA4,TSRYS5802849,D,S,T,2024-06-18,1000000.00,4.404332,103.64453125
08:00:50,912810UA4,TSRYS5802849,D,B,A,2024-06-18,5000000.00,4.407326,103.59375
08:00:51,912810UA4,TSRYS5802849,D,S,T,2024-06-18,2000000.00,4.421174,103.359375
08:00:51,912810UA4,TSRYS5802849,D,S,D,2024-06-18,1000000.00,4.415629,103.453125
08:00:51,912810UA4,TSRYS5802849,D,S,D,2024-06-18,2000000.00,4.415629,103.453125
08:00:52,912810UA4,TSRYS5802849,D,S,T,2024-06-18,1000000.00,4.421174,103.359375
08:00:52,912810UA4,TSRYS5802849,D,S,T,2024-06-18,1000000.00,4.421174,103.359375
08:00:52,912810UA4,TSRYS5802849,D,B,A,2024-06-18,583000.00,4.408248,103.578125
08:00:52,912810UA4,TSRYS5802849,D,S,T,2024-06-18,3000000.00,4.408248,103.578125
08:00:52,912810UA4,TSRYS5802849,D,S,T,2024-06-18,1000000.00,4.408248,103.578125
08:00:52,912810UA4,TSRYS5802849,D,S,A,2024-06-18,2000000.00,4.404101,103.6484375
08:00:52,912810UA4,TSRYS5802849,D,S,D,2024-06-18,1000000.00,4.4094,103.55859375
08:00:52,912810UA4,TSRYS5802849,D,S,D,2024-06-18,1000000.00,4.40917,103.5625
08:00:52,912810UA4,TSRYS5802849,D,S,D,2024-06-18,7000000.00,4.407163,103.596507353
08:00:52,912810UA4,TSRYS5802849,D,S,A,2024-06-18,1166000.00,4.40917,103.5625
08:00:52,912810UA4,TSRYS5802849,D,S,T,2024-06-18,1000000.00,4.421174,103.359375
08:00:52,912810UA4,TSRYS5802849,D,S,T,2024-06-18,1000000.00,4.421174,103.359375
08:00:52,912810UA4,TSRYS5802849,D,S,A,2024-06-18,5000000.00,4.409631,103.5546875
08:00:52,912810UA4,TSRYS5802849,D,B,A,2024-06-18,1000000.00,4.421174,103.359375
08:00:53,912810UA4,TSRYS5802849,D,S,T,2024-06-18,1000000.00,4.421174,103.359375
08:00:53,912810UA4,TSRYS5802849,D,S,D,2024-06-18,1000000.00,4.411245,103.52734375
08:00:53,912810UA4,TSRYS5802849,D,S,T,2024-06-18,1000000.00,4.421174,103.359375
08:00:53,912810UA4,TSRYS5802849,D,S,T,2024-06-18,1000000.00,4.421174,103.359375
08:00:53,912810UA4,TSRYS5802849,D,S,T,2024-06-18,2000000.00,4.421174,103.359375
08:00:53,912810UA4,TSRYS5802849,D,S,T,2024-06-18,2000000.00,4.421174,103.359375
08:00:53,912810UA4,TSRYS5802849,D,S,T,2024-06-18,1000000.00,4.421174,103.359375
08:00:53,912810UA4,TSRYS5802849,D,S,T,2024-06-18,1000000.00,4.414706,103.46875
08:00:53,912810UA4,TSRYS5802849,D,S,T,2024-06-18,1000000.00,4.414706,103.46875
08:00:53,912810UA4,TSRYS5802849,D,S,T,2024-06-18,1000000.00,4.414706,103.46875
08:00:53,912810UA4,TSRYS5802849,D,S,D,2024-06-18,1000000.00,4.415167,103.4609375
08:00:53,912810UA4,TSRYS5802849,D,S,T,2024-06-18,1000000.00,4.414706,103.46875
08:00:53,912810UA4,TSRYS5802849,D,S,T,2024-06-18,1000000.00,4.414129,103.478515625
08:00:53,912810UA4,TSRYS5802849,D,S,T,2024-06-18,2000000.00,4.414706,103.46875
08:00:53,912810UA4,TSRYS5802849,D,S,T,2024-06-18,1000000.00,4.414821,103.466796875
08:00:53,912810UA4,TSRYS5802849,D,S,D,2024-06-18,1000000.00,4.414244,103.4765625
08:00:53,912810UA4,TSRYS5802849,D,S,T,2024-06-18,1000000.00,4.413783,103.484375
08:00:53,912810UA4,TSRYS5802849,D,S,T,2024-06-18,1000000.00,4.413783,103.484375
08:00:53,912810UA4,TSRYS5802849,D,S,D,2024-06-18,1000000.00,4.413321,103.4921875
08:00:53,912810UA4,TSRYS5802849,D,S,T,2024-06-18,1000000.00,4.413783,103.484375
08:00:53,912810UA4,TSRYS5802849,D,S,D,2024-06-18,1000000.00,4.41286,103.5
08:00:53,912810UA4,TSRYS5802849,D,S,T,2024-06-18,1000000.00,4.413783,103.484375
08:00:53,912810UA4,TSRYS5802849,D,S,T,2024-06-18,1000000.00,4.413783,103.484375
08:00:53,912810UA4,TSRYS5802849,D,S,D,2024-06-18,1000000.00,4.414706,103.46875
08:00:54,912810UA4,TSRYS5802849,D,S,A,2024-06-18,1000000.00,4.412629,103.50390625
08:00:54,912810UA4,TSRYS5802849,D,S,T,2024-06-18,1000000.00,4.414706,103.46875
08:00:54,912810UA4,TSRYS5802849,D,B,C,2024-06-18,50MM+,4.414244,103.4765625
08:00:54,912810UA4,TSRYS5802849,D,S,T,2024-06-18,1000000.00,4.421174,103.359375
08:00:54,912810UA4,TSRYS5802849,D,S,T,2024-06-18,1000000.00,4.422214,103.341796875
08:00:54,912810UA4,TSRYS5802849,D,S,T,2024-06-18,1000000.00,4.422214,103.341796875
08:00:54,912810UA4,TSRYS5802849,D,S,T,2024-06-18,1000000.00,4.422214,103.341796875
08:00:54,912810UA4,TSRYS5802849,D,S,T,2024-06-18,1000000.00,4.422214,103.341796875
08:00:54,912810UA4,TSRYS5802849,D,S,D,2024-06-18,1000000.00,4.421867,103.34765625
08:00:54,912810UA4,TSRYS5802849,D,B,A,2024-06-18,5670000.00,4.42211,103.34355
08:00:54,912810UA4,TSRYS5802849,D,S,D,2024-06-18,5200000.00,4.420931,103.36348125
08:00:54,912810UA4,TSRYS5802849,D,S,T,2024-06-18,1000000.00,4.41436,103.474609375
08:00:54,912810UA4,TSRYS5802849,D,S,D,2024-06-18,1000000.00,4.422474,103.337402344
08:00:54,912810UA4,TSRYS5802849,D,S,T,2024-06-18,2000000.00,4.416553,103.4375
08:00:54,912810UA4,TSRYS5802849,D,S,T,2024-06-18,1000000.00,4.416553,103.4375
08:00:54,912810UA4,TSRYS5802849,D,S,A,2024-06-18,5000000.00,4.417476,103.421875
08:00:55,912810UA4,TSRYS5802849,D,S,D,2024-06-18,29000000.00,4.42048,103.37109375
08:00:55,912810UA4,TSRYS5802849,D,S,C,2024-06-18,11000000.00,4.420249,103.375
08:00:55,912810UA4,TSRYS5802849,D,S,D,2024-06-18,2000000.00,4.420006,103.37910625
08:00:55,912810UA4,TSRYS5802849,D,S,D,2024-06-18,6000000.00,4.408365,103.57614
08:00:56,912810UA4,TSRYS5802849,D,S,D,2024-06-18,3000000.00,4.418862,103.3984375
08:00:57,912810UA4,TSRYS5802849,D,S,D,2024-06-18,1000000.00,4.416784,103.43359375
08:00:57,912810UA4,TSRYS5802849,D,S,D,2024-06-18,2600000.00,4.416553,103.4375
08:00:58,912810UA4,TSRYS5802849,D,S,T,2024-06-18,1000000.00,4.414706,103.46875
08:00:58,912810UA4,TSRYS5802849,D,B,C,2024-06-18,1500000.00,4.414244,103.4765625
08:00:58,912810UA4,TSRYS5802849,D,B,A,2024-06-18,20664000.00,4.414487,103.47245625
08:00:58,912810UA4,TSRYS5802849,D,S,T,2024-06-18,1000000.00,4.413783,103.484375
08:00:58,912810UA4,TSRYS5802849,D,S,T,2024-06-18,3000000.00,4.413783,103.484375
08:00:58,912810UA4,TSRYS5802849,D,S,D,2024-06-18,136000.00,,103.4375
08:00:58,912810UA4,TSRYS5802849,D,S,D,2024-06-18,25000.00,,103.43399375
08:00:59,912810UA4,TSRYS5802849,D,S,T,2024-06-18,1000000.00,4.415283,103.458984375
08:00:59,912810UA4,TSRYS5802849,D,S,T,2024-06-18,1000000.00,4.415398,103.45703125
08:00:59,912810UA4,TSRYS5802849,D,B,A,2024-06-18,2000000.00,4.418862,103.3984375
08:01:00,912810UA4,TSRYS5802849,D,S,C,2024-06-18,1000000.00,4.390768,103.875
08:01:00,912810UA4,TSRYS5802849,D,S,D,2024-06-18,1000000.00,4.39628,103.78125
08:01:00,912810UA4,TSRYS5802849,D,S,D,2024-06-18,1000000.00,4.39582,103.7890625
08:01:00,912810UA4,TSRYS5802849,D,S,D,2024-06-18,1000000.00,4.39628,103.78125
08:01:00,912810UA4,TSRYS5802849,D,B,C,2024-06-18,1000000.00,4.39628,103.78125
08:01:00,912810UA4,TSRYS5802849,D,S,C,2024-06-18,1000000.00,4.40318,103.6640625
08:01:00,912810UA4,TSRYS5802849,D,S,D,2024-06-18,1000000.00,4.403641,103.65625
08:01:00,912810UA4,TSRYS5802849,D,S,C,2024-06-18,1000000.00,4.401799,103.6875
08:01:00,912810UA4,TSRYS5802849,D,S,D,2024-06-18,1000000.00,4.399499,103.7265625
08:01:00,912810UA4,TSRYS5802849,D,S,D,2024-06-18,1000000.00,4.405713,103.62109375
08:01:00,912810UA4,TSRYS5802849,D,B,C,2024-06-18,1000000.00,4.40318,103.6640625
08:01:00,912810UA4,TSRYS5802849,D,S,D,2024-06-18,1000000.00,4.403641,103.65625
08:01:00,912810UA4,TSRYS5802849,D,S,D,2024-06-18,1000000.00,4.408939,103.56640625
08:01:00,912810UA4,TSRYS5802849,D,S,D,2024-06-18,1000000.00,4.4094,103.55859375
08:01:00,912810UA4,TSRYS5802849,D,S,D,2024-06-18,1000000.00,4.408478,103.57421875
08:01:00,912810UA4,TSRYS5802849,D,S,D,2024-06-18,1000000.00,4.414937,103.46484375
08:01:00,912810UA4,TSRYS5802849,D,S,D,2024-06-18,1000000.00,4.4094,103.55859375
08:01:00,912810UA4,TSRYS5802849,D,B,C,2024-06-18,1000000.00,4.414937,103.46484375
08:01:00,912810UA4,TSRYS5802849,D,S,D,2024-06-18,1000000.00,4.411014,103.53125
08:01:00,912810UA4,TSRYS5802849,D,B,C,2024-06-18,1000000.00,4.4094,103.55859375
08:01:00,912810UA4,TSRYS5802849,D,S,D,2024-06-18,1000000.00,4.4094,103.55859375
08:01:00,912810UA4,TSRYS5802849,D,S,C,2024-06-18,1000000.00,4.408478,103.57421875
08:01:00,912810UA4,TSRYS5802849,D,B,C,2024-06-18,1000000.00,4.408478,103.57421875
08:01:00,912810UA4,TSRYS5802849,D,B,C,2024-06-18,1000000.00,4.408478,103.57421875
08:01:00,912810UA4,TSRYS5802849,D,S,D,2024-06-18,1000000.00,4.40917,103.5625
08:01:00,912810UA4,TSRYS5802849,D,S,C,2024-06-18,1000000.00,4.408478,103.57421875
08:01:00,912810UA4,TSRYS5802849,D,B,C,2024-06-18,1000000.00,4.408478,103.57421875
08:01:00,912810UA4,TSRYS5802849,D,S,D,2024-06-18,1000000.00,4.40917,103.5625
08:01:00,912810UA4,TSRYS5802849,D,S,D,2024-06-18,1000000.00,4.40917,103.5625
08:01:00,912810UA4,TSRYS5802849,D,S,C,2024-06-18,1000000.00,4.408478,103.57421875
08:01:00,912810UA4,TSRYS5802849,D,S,C,2024-06-18,1000000.00,4.40917,103.5625
08:01:00,912810UA4,TSRYS5802849,D,B,C,2024-06-18,1000000.00,4.40917,103.5625
08:01:00,912810UA4,TSRYS5802849,D,S,D,2024-06-18,1000000.00,4.409861,103.55078125
08:01:00,912810UA4,TSRYS5802849,D,S,D,2024-06-18,1000000.00,4.411245,103.52734375
08:01:00,912810UA4,TSRYS5802849,D,S,D,2024-06-18,1000000.00,4.411014,103.53125
08:01:00,912810UA4,TSRYS5802849,D,S,D,2024-06-18,1000000.00,4.414475,103.47265625
08:01:00,912810UA4,TSRYS5802849,D,S,D,2024-06-18,1000000.00,4.411014,103.53125
08:01:00,912810UA4,TSRYS5802849,D,B,C,2024-06-18,1000000.00,4.40917,103.5625
08:01:00,912810UA4,TSRYS5802849,D,S,D,2024-06-18,1000000.00,4.414937,103.46484375
08:01:00,912810UA4,TSRYS5802849,D,S,D,2024-06-18,1000000.00,4.415167,103.4609375
08:01:00,912810UA4,TSRYS5802849,D,S,D,2024-06-18,2000000.00,4.413783,103.484375
08:01:00,912810UA4,TSRYS5802849,D,B,C,2024-06-18,1000000.00,4.414475,103.47265625
08:01:00,912810UA4,TSRYS5802849,D,S,C,2024-06-18,1000000.00,4.414244,103.4765625
08:01:00,912810UA4,TSRYS5802849,D,S,D,2024-06-18,1000000.00,4.414706,103.46875
08:01:00,912810UA4,TSRYS5802849,D,S,D,2024-06-18,1000000.00,4.414244,103.4765625
08:01:00,912810UA4,TSRYS5802849,D,S,D,2024-06-18,1000000.00,4.415167,103.4609375
08:01:00,912810UA4,TSRYS5802849,D,S,D,2024-06-18,1000000.00,4.413321,103.4921875
08:01:00,912810UA4,TSRYS5802849,D,S,D,2024-06-18,1000000.00,4.41286,103.5
08:01:00,912810UA4,TSRYS5802849,D,S,C,2024-06-18,1000000.00,4.417938,103.4140625
08:01:00,912810UA4,TSRYS5802849,D,S,C,2024-06-18,1000000.00,4.416784,103.43359375
08:01:00,912810UA4,TSRYS5802849,D,S,D,2024-06-18,1000000.00,4.421867,103.34765625
08:01:00,912810UA4,TSRYS5802849,D,B,C,2024-06-18,1000000.00,4.421636,103.3515625
08:01:00,912810UA4,TSRYS5802849,D,S,C,2024-06-18,1000000.00,4.421636,103.3515625
08:01:00,912810UA4,TSRYS5802849,D,S,C,2024-06-18,1000000.00,4.421174,103.359375
08:01:00,912810UA4,TSRYS5802849,D,S,D,2024-06-18,1000000.00,4.421636,103.3515625
08:01:00,912810UA4,TSRYS5802849,D,S,C,2024-06-18,1000000.00,4.419325,103.390625
08:01:00,912810UA4,TSRYS5802849,D,S,D,2024-06-18,1000000.00,4.420249,103.375
08:01:00,912810UA4,TSRYS5802849,D,S,D,2024-06-18,1000000.00,4.421174,103.359375
08:01:00,912810UA4,TSRYS5802849,D,S,C,2024-06-18,1000000.00,4.419556,103.38671875
08:01:00,912810UA4,TSRYS5802849,D,S,D,2024-06-18,1000000.00,4.414706,103.46875
08:01:00,912810UA4,TSRYS5802849,D,S,D,2024-06-18,1000000.00,4.414706,103.46875
08:01:00,912810UA4,TSRYS5802849,D,B,C,2024-06-18,1000000.00,4.417476,103.421875
08:01:00,912810UA4,TSRYS5802849,D,B,C,2024-06-18,1000000.00,4.419556,103.38671875
08:01:00,912810UA4,TSRYS5802849,D,B,C,2024-06-18,1000000.00,4.414706,103.46875
08:01:00,912810UA4,TSRYS5802849,D,S,C,2024-06-18,1000000.00,4.417476,103.421875
08:01:00,912810UA4,TSRYS5802849,D,B,C,2024-06-18,1000000.00,4.414706,103.46875
08:01:02,912810UA4,TSRYS5802849,D,B,A,2024-06-18,1000000.00,4.410092,103.546875
08:01:02,912810UA4,TSRYS5802849,D,S,T,2024-06-18,1000000.00,4.410098,103.546773
08:01:02,912810UA4,TSRYS5802849,D,B,A,2024-06-18,6579000.00,4.413102,103.49589375
08:01:02,912810UA4,TSRYS5802849,D,S,T,2024-06-18,1000000.00,4.41102,103.531148
08:01:02,912810UA4,TSRYS5802849,D,S,T,2024-06-18,1000000.00,4.41102,103.531148
08:01:02,912810UA4,TSRYS5802849,D,S,T,2024-06-18,1000000.00,4.41102,103.531148
08:01:02,912810UA4,TSRYS5802849,D,S,T,2024-06-18,1000000.00,4.41102,103.531148
08:01:03,912810UA4,TSRYS5802849,D,S,T,2024-06-18,1000000.00,4.41102,103.531148
08:01:03,912810UA4,TSRYS5802849,D,S,T,2024-06-18,1000000.00,4.41102,103.531148
08:01:03,912810UA4,TSRYS5802849,D,S,T,2024-06-18,1000000.00,4.411014,103.53125
08:01:03,912810UA4,TSRYS5802849,D,B,A,2024-06-18,2946000.00,4.409631,103.5546875
08:01:03,912810UA4,TSRYS5802849,D,S,T,2024-06-18,1000000.00,4.409176,103.562398
08:01:03,912810UA4,TSRYS5802849,D,S,T,2024-06-18,1000000.00,4.409176,103.562398
08:01:03,912810UA4,TSRYS5802849,D,S,T,2024-06-18,1000000.00,4.409176,103.562398
08:01:04,912810UA4,TSRYS5802849,D,S,D,2024-06-18,1000000.00,4.398119,103.75
08:01:04,912810UA4,TSRYS5802849,D,S,D,2024-06-18,1000000.00,4.399039,103.734375
08:01:04,912810UA4,TSRYS5802849,D,S,D,2024-06-18,1000000.00,4.397085,103.767578125
08:01:06,912810UA4,TSRYS5802849,D,S,A,2024-06-18,47000.00,4.421405,103.35546875
08:01:06,912810UA4,TSRYS5802849,D,B,A,2024-06-18,1000000.00,4.41286,103.5
08:01:06,912810UA4,TSRYS5802849,D,S,T,2024-06-18,1000000.00,4.41102,103.531148
08:01:06,912810UA4,TSRYS5802849,D,S,C,2024-06-18,1000000.00,4.399039,103.734375
08:01:06,912810UA4,TSRYS5802849,D,B,C,2024-06-18,1000000.00,4.398119,103.75
08:01:06,912810UA4,TSRYS5802849,D,S,D,2024-06-18,1000000.00,4.398119,103.75
08:01:07,912810UA4,TSRYS5802849,D,S,C,2024-06-18,1000000.00,4.399039,103.734375
08:01:07,912810UA4,TSRYS5802849,D,S,C,2024-06-18,1000000.00,4.401109,103.69921875
08:01:07,912810UA4,TSRYS5802849,D,S,D,2024-06-18,1000000.00,4.401224,103.697265625
08:01:07,912810UA4,TSRYS5802849,D,S,C,2024-06-18,1000000.00,4.399039,103.734375
08:01:07,912810UA4,TSRYS5802849,D,S,C,2024-06-18,1000000.00,4.399039,103.734375
08:01:08,912810UA4,TSRYS5802849,D,S,T,2024-06-18,1000000.00,4.422098,103.34375
08:01:08,912810UA4,TSRYS5802849,D,S,D,2024-06-18,1000000.00,4.390768,103.875
08:01:08,912810UA4,TSRYS5802849,D,S,D,2024-06-18,1000000.00,4.401799,103.6875
08:01:08,912810UA4,TSRYS5802849,D,S,D,2024-06-18,1000000.00,4.403641,103.65625
08:01:08,912810UA4,TSRYS5802849,D,S,D,2024-06-18,1000000.00,4.399039,103.73455
08:01:08,912810UA4,TSRYS5802849,D,S,C,2024-06-18,1000000.00,4.399039,103.734375
08:01:08,912810UA4,TSRYS5802849,D,S,T,2024-06-18,2000000.00,4.422098,103.34375
08:01:08,912810UA4,TSRYS5802849,D,S,D,2024-06-18,1000000.00,4.421174,103.359375
08:01:08,912810UA4,TSRYS5802849,D,S,D,2024-06-18,1000000.00,4.419325,103.390625
08:01:08,912810UA4,TSRYS5802849,D,S,T,2024-06-18,1000000.00,4.390774,103.8749
08:01:08,912810UA4,TSRYS5802849,D,S,T,2024-06-18,1000000.00,4.415283,103.458984375
08:01:09,912810UA4,TSRYS5802849,D,S,T,2024-06-18,1000000.00,4.420139,103.376853125
08:01:09,912810UA4,TSRYS5802849,D,S,T,2024-06-18,1000000.00,4.420255,103.3749
08:01:09,912810UA4,TSRYS5802849,D,B,C,2024-06-18,1000000.00,4.398119,103.75
08:01:09,912810UA4,TSRYS5802849,D,S,D,2024-06-18,1000000.00,4.398119,103.75
08:01:09,912810UA4,TSRYS5802849,D,S,T,2024-06-18,1000000.00,4.420255,103.3749
08:01:09,912810UA4,TSRYS5802849,D,S,T,2024-06-18,1000000.00,4.41749,103.42165
08:01:09,912810UA4,TSRYS5802849,D,S,T,2024-06-18,1000000.00,4.420257,103.37487
08:01:09,912810UA4,TSRYS5802849,D,S,D,2024-06-18,500000.00,4.419556,103.38671875
08:01:09,912810UA4,TSRYS5802849,D,S,T,2024-06-18,1000000.00,4.420255,103.3749
08:01:09,912810UA4,TSRYS5802849,D,S,C,2024-06-18,1000000.00,4.39915,103.7324823
08:01:09,912810UA4,TSRYS5802849,D,S,C,2024-06-18,1000000.00,4.397883,103.754017
08:01:09,912810UA4,TSRYS5802849,D,S,C,2024-06-18,2000000.00,4.396429,103.7787251
08:01:09,912810UA4,TSRYS5802849,D,S,T,2024-06-18,3000000.00,4.420255,103.3749
08:01:09,912810UA4,TSRYS5802849,D,S,T,2024-06-18,2000000.00,4.420255,103.3749
08:01:09,912810UA4,TSRYS5802849,D,S,C,2024-06-18,1000000.00,4.396215,103.78235
08:01:09,912810UA4,TSRYS5802849,D,S,C,2024-06-18,1000000.00,4.414179,103.4776625
08:01:09,912810UA4,TSRYS5802849,D,S,C,2024-06-18,1000000.00,4.422958,103.329225
08:01:10,912810UA4,TSRYS5802849,D,S,C,2024-06-18,1000000.00,4.419722,103.3839125
08:01:10,912810UA4,TSRYS5802849,D,S,T,2024-06-18,1000000.00,4.420255,103.3749
08:01:10,912810UA4,TSRYS5802849,D,S,T,2024-06-18,1000000.00,4.420257,103.37487
08:01:10,912810UA4,TSRYS5802849,D,S,T,2024-06-18,1000000.00,4.414706,103.46875
08:01:10,912810UA4,TSRYS5802849,D,S,T,2024-06-18,1000000.00,4.420257,103.37487
08:01:10,912810UA4,TSRYS5802849,D,S,T,2024-06-18,1000000.00,4.420257,103.37487
08:01:10,912810UA4,TSRYS5802849,D,S,T,2024-06-18,1000000.00,4.420257,103.37487
08:01:10,912810UA4,TSRYS5802849,D,S,T,2024-06-18,1000000.00,4.420257,103.37487
08:01:10,912810UA4,TSRYS5802849,D,S,T,2024-06-18,1000000.00,4.420257,103.37487
08:01:10,912810UA4,TSRYS5802849,D,S,T,2024-06-18,1000000.00,4.420257,103.37487
08:01:10,912810UA4,TSRYS5802849,D,S,T,2024-06-18,2000000.00,4.420257,103.37487
08:01:11,912810UA4,TSRYS5802849,D,S,T,2024-06-18,1000000.00,4.420139,103.376853125
08:01:11,912810UA4,TSRYS5802849,D,S,T,2024-06-18,2000000.00,4.420255,103.3749
08:01:11,912810UA4,TSRYS5802849,D,S,T,2024-06-18,1000000.00,4.420255,103.3749
08:01:11,912810UA4,TSRYS5802849,D,S,T,2024-06-18,1000000.00,4.420257,103.37487
08:01:11,912810UA4,TSRYS5802849,D,S,D,2024-06-18,1000000.00,4.397659,103.7578125
08:01:11,912810UA4,TSRYS5802849,D,S,D,2024-06-18,1000000.00,4.39628,103.78125
08:01:11,912810UA4,TSRYS5802849,D,S,T,2024-06-18,1000000.00,4.420257,103.37487
08:01:11,912810UA4,TSRYS5802849,D,S,T,2024-06-18,4000000.00,4.420257,103.37487
08:01:11,912810UA4,TSRYS5802849,D,S,T,2024-06-18,3000000.00,4.420257,103.37487
08:01:12,912810UA4,TSRYS5802849,D,S,T,2024-06-18,2000000.00,4.420257,103.37487
08:01:12,912810UA4,TSRYS5802849,D,S,T,2024-06-18,2000000.00,4.420257,103.37487
08:01:12,912810UA4,TSRYS5802849,D,S,T,2024-06-18,3000000.00,4.420257,103.37487
08:01:12,912810UA4,TSRYS5802849,D,S,T,2024-06-18,1000000.00,4.420257,103.37487
08:01:12,912810UA4,TSRYS5802849,D,S,T,2024-06-18,1000000.00,4.420257,103.37487
08:01:12,912810UA4,TSRYS5802849,D,S,T,2024-06-18,1000000.00,4.420257,103.37487
08:01:12,912810UA4,TSRYS5802849,D,S,T,2024-06-18,2000000.00,4.420257,103.37487
08:01:12,912810UA4,TSRYS5802849,D,S,T,2024-06-18,1000000.00,4.420257,103.37487
08:01:12,912810UA4,TSRYS5802849,D,S,T,2024-06-18,2000000.00,4.420257,103.37487
08:01:12,912810UA4,TSRYS5802849,D,S,D,2024-06-18,1000000.00,4.395016,103.802734375
08:01:13,912810UA4,TSRYS5802849,D,S,T,2024-06-18,1000000.00,4.420257,103.37487
08:01:13,912810UA4,TSRYS5802849,D,S,T,2024-06-18,2000000.00,4.420257,103.37487
08:01:13,912810UA4,TSRYS5802849,D,S,T,2024-06-18,1000000.00,4.415398,103.45703125
08:01:13,912810UA4,TSRYS5802849,D,S,T,2024-06-18,4000000.00,4.420257,103.37487
08:01:13,912810UA4,TSRYS5802849,D,S,D,2024-06-18,1000000.00,4.394557,103.81054687
08:01:13,912810UA4,TSRYS5802849,D,S,T,2024-06-18,1000000.00,4.420257,103.37487
08:01:13,912810UA4,TSRYS5802849,D,S,T,2024-06-18,1000000.00,4.420257,103.37487
08:01:13,912810UA4,TSRYS5802849,D,S,C,2024-06-18,1000000.00,4.399614,103.72460937
08:01:13,912810UA4,TSRYS5802849,D,S,C,2024-06-18,26000000.00,4.414706,103.46875
08:01:13,912810UA4,TSRYS5802849,D,S,D,2024-06-18,1000000.00,4.396165,103.78320312
08:01:13,912810UA4,TSRYS5802849,D,S,T,2024-06-18,3000000.00,4.420257,103.37487
08:01:13,912810UA4,TSRYS5802849,D,S,T,2024-06-18,1000000.00,4.419094,103.39453125
08:01:13,912810UA4,TSRYS5802849,D,S,T,2024-06-18,1000000.00,4.419325,103.390625
08:01:13,912810UA4,TSRYS5802849,D,S,T,2024-06-18,1000000.00,4.420255,103.3749
08:01:13,912810UA4,TSRYS5802849,D,S,T,2024-06-18,2000000.00,4.419325,103.390625
08:01:13,912810UA4,TSRYS5802849,D,S,T,2024-06-18,1000000.00,4.419331,103.390523
08:01:13,912810UA4,TSRYS5802849,D,S,T,2024-06-18,1000000.00,4.420257,103.37487
08:01:13,912810UA4,TSRYS5802849,D,S,T,2024-06-18,1000000.00,4.420257,103.37487
08:01:14,912810UA4,TSRYS5802849,D,S,T,2024-06-18,1000000.00,4.397085,103.76757812
08:01:14,912810UA4,TSRYS5802849,D,S,T,2024-06-18,1000000.00,4.420257,103.37487
08:01:14,912810UA4,TSRYS5802849,D,S,T,2024-06-18,1000000.00,4.420257,103.37487
08:01:14,912810UA4,TSRYS5802849,D,S,T,2024-06-18,1000000.00,4.39605,103.78515625
08:01:14,912810UA4,TSRYS5802849,D,B,A,2024-06-18,5000000.00,4.419556,103.38671875
08:01:14,912810UA4,TSRYS5802849,D,S,T,2024-06-18,1000000.00,4.420257,103.37487
08:01:14,912810UA4,TSRYS5802849,D,S,T,2024-06-18,1000000.00,4.420257,103.37487
08:01:14,912810UA4,TSRYS5802849,D,S,D,2024-06-18,1000000.00,4.39674,103.7734375
08:01:14,912810UA4,TSRYS5802849,D,S,T,2024-06-18,3000000.00,4.420257,103.37487
08:01:14,912810UA4,TSRYS5802849,D,S,T,2024-06-18,1000000.00,4.420255,103.3749
08:01:14,912810UA4,TSRYS5802849,D,S,D,2024-06-18,1000000.00,4.400189,103.71484375
08:01:14,912810UA4,TSRYS5802849,D,S,T,2024-06-18,1000000.00,4.420139,103.376853125
08:01:14,912810UA4,TSRYS5802849,D,S,D,2024-06-18,1000000.00,4.39628,103.78125
08:01:14,912810UA4,TSRYS5802849,D,S,T,2024-06-18,1000000.00,4.420257,103.37487
08:01:15,912810UA4,TSRYS5802849,D,S,D,2024-06-18,15000000.00,4.403689,103.65544
08:01:15,912810UA4,TSRYS5802849,D,S,T,2024-06-18,1000000.00,4.420255,103.3749
08:01:15,912810UA4,TSRYS5802849,D,S,T,2024-06-18,1000000.00,4.420255,103.3749
08:01:15,912810UA4,TSRYS5802849,D,S,A,2024-06-18,500000.00,4.414706,103.46875
08:01:15,912810UA4,TSRYS5802849,D,S,T,2024-06-18,1000000.00,4.420257,103.37487
08:01:15,912810UA4,TSRYS5802849,D,S,T,2024-06-18,4000000.00,4.420257,103.37487
08:01:15,912810UA4,TSRYS5802849,D,S,T,2024-06-18,1000000.00,4.40698,103.59960937
08:01:15,912810UA4,TSRYS5802849,D,S,D,2024-06-18,1000000.00,4.40917,103.5625
08:01:15,912810UA4,TSRYS5802849,D,S,T,2024-06-18,1000000.00,4.40698,103.59960937
08:01:15,912810UA4,TSRYS5802849,D,S,T,2024-06-18,5000000.00,4.420257,103.37487
08:01:15,912810UA4,TSRYS5802849,D,S,D,2024-06-18,1000000.00,4.39628,103.78125
08:01:15,912810UA4,TSRYS5802849,D,S,T,2024-06-18,1000000.00,4.40917,103.5625
08:01:15,912810UA4,TSRYS5802849,D,S,T,2024-06-18,2000000.00,4.420257,103.37487
08:01:15,912810UA4,TSRYS5802849,D,S,D,2024-06-18,1000000.00,4.40917,103.5625
08:01:16,912810UA4,TSRYS5802849,D,S,T,2024-06-18,2000000.00,4.420257,103.37487
08:01:16,912810UA4,TSRYS5802849,D,S,T,2024-06-18,1000000.00,4.420257,103.37487
08:01:16,912810UA4,TSRYS5802849,D,S,D,2024-06-18,1000000.00,4.40917,103.5625
08:01:16,912810UA4,TSRYS5802849,D,S,D,2024-06-18,1000000.00,4.409054,103.56445312
08:01:16,912810UA4,TSRYS5802849,D,S,T,2024-06-18,1000000.00,4.420024,103.37880625
08:01:16,912810UA4,TSRYS5802849,D,S,T,2024-06-18,1000000.00,4.420139,103.376853125
08:01:16,912810UA4,TSRYS5802849,D,S,C,2024-06-18,1000000.00,4.396625,103.77539062
08:01:16,912810UA4,TSRYS5802849,D,S,T,2024-06-18,1000000.00,4.420139,103.376853125
08:01:16,912810UA4,TSRYS5802849,D,S,D,2024-06-18,1000000.00,4.40917,103.5625
08:01:16,912810UA4,TSRYS5802849,D,S,T,2024-06-18,1000000.00,4.420257,103.37487
08:01:16,912810UA4,TSRYS5802849,D,S,D,2024-06-18,1000000.00,4.398924,103.73632812
08:01:16,912810UA4,TSRYS5802849,D,S,T,2024-06-18,1000000.00,4.420139,103.376853125
08:01:16,912810UA4,TSRYS5802849,D,S,T,2024-06-18,5000000.00,4.420257,103.37487
08:01:16,912810UA4,TSRYS5802849,D,S,T,2024-06-18,1000000.00,4.396165,103.78320312
08:01:17,912810UA4,TSRYS5802849,D,S,T,2024-06-18,1000000.00,4.420257,103.37487
08:01:17,912810UA4,TSRYS5802849,D,S,T,2024-06-18,1000000.00,4.420257,103.37487
08:01:17,912810UA4,TSRYS5802849,D,S,T,2024-06-18,2000000.00,4.420257,103.37487
08:01:17,912810UA4,TSRYS5802849,D,S,C,2024-06-18,2000000.00,4.415629,103.453125
08:01:17,912810UA4,TSRYS5802849,D,B,C,2024-06-18,1000000.00,4.416784,103.43359375
08:01:17,912810UA4,TSRYS5802849,D,S,C,2024-06-18,1000000.00,4.395591,103.79296875
08:01:17,912810UA4,TSRYS5802849,D,S,D,2024-06-18,1000000.00,4.416784,103.43359375
08:01:17,912810UA4,TSRYS5802849,D,S,T,2024-06-18,1000000.00,4.420257,103.37487
08:01:17,912810UA4,TSRYS5802849,D,S,T,2024-06-18,1000000.00,4.420257,103.37487
08:01:17,912810UA4,TSRYS5802849,D,S,D,2024-06-18,1000000.00,4.417015,103.4296875
08:01:17,912810UA4,TSRYS5802849,D,S,T,2024-06-18,1000000.00,4.420257,103.37487
08:01:17,912810UA4,TSRYS5802849,D,S,C,2024-06-18,1000000.00,4.397085,103.767578125
08:01:17,912810UA4,TSRYS5802849,D,S,T,2024-06-18,1000000.00,4.420257,103.37487
08:01:17,912810UA4,TSRYS5802849,D,S,T,2024-06-18,2000000.00,4.420257,103.37487
08:01:17,912810UA4,TSRYS5802849,D,S,A,2024-06-18,3000000.00,4.423023,103.328125
08:01:18,912810UA4,TSRYS5802849,D,S,D,2024-06-18,1000000.00,4.412398,103.5078125
08:01:18,912810UA4,TSRYS5802849,D,S,D,2024-06-18,1000000.00,4.395016,103.80273437
08:01:18,912810UA4,TSRYS5802849,D,S,T,2024-06-18,1000000.00,4.414706,103.46875
08:01:18,912810UA4,TSRYS5802849,D,S,D,2024-06-18,1000000.00,4.398234,103.74804687
08:01:18,912810UA4,TSRYS5802849,D,S,C,2024-06-18,1000000.00,4.393523,103.828125
08:01:18,912810UA4,TSRYS5802849,D,S,C,2024-06-18,1000000.00,4.393523,103.828325
08:01:18,912810UA4,TSRYS5802849,D,S,D,2024-06-18,1000000.00,4.39628,103.78125
08:01:18,912810UA4,TSRYS5802849,D,B,C,2024-06-18,1000000.00,4.392604,103.84375
08:01:18,912810UA4,TSRYS5802849,D,S,D,2024-06-18,1000000.00,4.392604,103.84375
08:01:18,912810UA4,TSRYS5802849,D,B,C,2024-06-18,1000000.00,4.392604,103.84375
08:01:18,912810UA4,TSRYS5802849,D,S,D,2024-06-18,1000000.00,4.392604,103.84375
08:01:18,912810UA4,TSRYS5802849,D,S,D,2024-06-18,1000000.00,4.398119,103.75
08:01:18,912810UA4,TSRYS5802849,D,S,D,2024-06-18,1000000.00,4.414706,103.46875
08:01:19,912810UA4,TSRYS5802849,D,S,D,2024-06-18,1000000.00,4.399154,103.73242187
08:01:19,912810UA4,TSRYS5802849,D,S,C,2024-06-18,1000000.00,4.4094,103.55859375
08:01:19,912810UA4,TSRYS5802849,D,S,T,2024-06-18,1000000.00,4.409285,103.56054687
08:01:19,912810UA4,TSRYS5802849,D,S,D,2024-06-18,1000000.00,4.39582,103.7890625
08:01:19,912810UA4,TSRYS5802849,D,S,D,2024-06-18,1000000.00,4.395591,103.79296875
08:01:19,912810UA4,TSRYS5802849,D,S,C,2024-06-18,1000000.00,4.409515,103.55664062
08:01:19,912810UA4,TSRYS5802849,D,B,C,2024-06-18,2000000.00,4.403871,103.65234375
08:01:19,912810UA4,TSRYS5802849,D,S,D,2024-06-18,1000000.00,4.398004,103.75195312
08:01:19,912810UA4,TSRYS5802849,D,S,D,2024-06-18,1000000.00,4.394442,103.8125
08:01:20,912810UA4,TSRYS5802849,D,S,D,2024-06-18,1000000.00,4.4094,103.55859375
08:01:20,912810UA4,TSRYS5802849,D,S,T,2024-06-18,1000000.00,4.409515,103.55664062
08:01:20,912810UA4,TSRYS5802849,D,S,T,2024-06-18,1000000.00,4.4094,103.55859375
08:01:20,912810UA4,TSRYS5802849,D,S,C,2024-06-18,1000000.00,4.409285,103.56054687
08:01:20,912810UA4,TSRYS5802849,D,S,C,2024-06-18,1000000.00,4.4094,103.55859375
08:01:20,912810UA4,TSRYS5802849,D,S,D,2024-06-18,1000000.00,4.409515,103.55664062
08:01:20,912810UA4,TSRYS5802849,D,S,D,2024-06-18,1000000.00,4.409515,103.55664062
08:01:21,912810UA4,TSRYS5802849,D,S,D,2024-06-18,1000000.00,4.398234,103.74804687
08:01:21,912810UA4,TSRYS5802849,D,S,D,2024-06-18,2000000.00,4.396239,103.78195
08:01:21,912810UA4,TSRYS5802849,D,B,C,2024-06-18,3000000.00,4.400302,103.71292
08:01:21,912810UA4,TSRYS5802849,D,B,C,2024-06-18,3000000.00,4.399384,103.72852
08:01:21,912810UA4,TSRYS5802849,D,S,D,2024-06-18,3000000.00,4.396009,103.78586
08:01:21,912810UA4,TSRYS5802849,D,S,T,2024-06-18,1000000.00,4.415629,103.453125
08:01:21,912810UA4,TSRYS5802849,D,S,D,2024-06-18,1000000.00,4.399614,103.72460937
08:01:21,912810UA4,TSRYS5802849,D,S,T,2024-06-18,1000000.00,4.408132,103.58007812
08:01:21,912810UA4,TSRYS5802849,D,S,A,2024-06-18,3600000.00,4.418389,103.40645
08:01:21,912810UA4,TSRYS5802849,D,S,C,2024-06-18,1000000.00,4.39674,103.7734375
08:01:22,912810UA4,TSRYS5802849,D,S,T,2024-06-18,1000000.00,4.399499,103.7265625
08:01:22,912810UA4,TSRYS5802849,D,S,D,2024-06-18,1000000.00,4.408132,103.58007812
08:01:22,912810UA4,TSRYS5802849,D,S,T,2024-06-18,1000000.00,4.408132,103.58007812
08:01:22,912810UA4,TSRYS5802849,D,S,T,2024-06-18,1000000.00,4.408132,103.58007812
08:01:22,912810UA4,TSRYS5802849,D,S,C,2024-06-18,1000000.00,4.397613,103.75859
08:01:22,912810UA4,TSRYS5802849,D,S,C,2024-06-18,1000000.00,4.394901,103.8046875
08:01:23,912810UA4,TSRYS5802849,D,S,T,2024-06-18,1000000.00,4.403411,103.66015625
08:01:23,912810UA4,TSRYS5802849,D,S,D,2024-06-18,1000000.00,4.399499,103.7265625
08:01:23,912810UA4,TSRYS5802849,D,S,T,2024-06-18,1000000.00,4.399614,103.72460937
08:01:23,912810UA4,TSRYS5802849,D,S,D,2024-06-18,1000000.00,4.399614,103.72460937
08:01:23,912810UA4,TSRYS5802849,D,S,D,2024-06-18,1000000.00,4.399614,103.72460937
08:01:23,912810UA4,TSRYS5802849,D,B,C,2024-06-18,20000000.00,4.398383,103.74551
08:01:23,912810UA4,TSRYS5802849,D,S,D,2024-06-18,1000000.00,4.394097,103.81835937
08:01:23,912810UA4,TSRYS5802849,D,S,D,2024-06-18,1000000.00,4.407326,103.59375
08:01:23,912810UA4,TSRYS5802849,D,S,T,2024-06-18,1000000.00,4.41656,103.43737
08:01:23,912810UA4,TSRYS5802849,D,S,T,2024-06-18,1000000.00,4.407902,103.58398437
08:01:23,912810UA4,TSRYS5802849,D,S,T,2024-06-18,1000000.00,4.408248,103.578125
08:01:23,912810UA4,TSRYS5802849,D,S,D,2024-06-18,1000000.00,4.408017,103.58203125
08:01:23,912810UA4,TSRYS5802849,D,S,D,2024-06-18,1000000.00,4.408478,103.57421875
08:01:23,912810UA4,TSRYS5802849,D,S,C,2024-06-18,660000.00,4.416758,103.43379375
08:01:23,912810UA4,TSRYS5802849,D,S,D,2024-06-18,1000000.00,4.410092,103.546875
08:01:23,912810UA4,TSRYS5802849,D,S,D,2024-06-18,1000000.00,4.410092,103.546875
08:01:23,912810UA4,TSRYS5802849,D,S,T,2024-06-18,1000000.00,4.410438,103.54101562
08:01:23,912810UA4,TSRYS5802849,D,S,D,2024-06-18,1000000.00,4.399614,103.72460937
08:01:23,912810UA4,TSRYS5802849,D,S,T,2024-06-18,1000000.00,4.410092,103.546875
08:01:23,912810UA4,TSRYS5802849,D,S,T,2024-06-18,1000000.00,4.410092,103.546875
08:01:23,912810UA4,TSRYS5802849,D,S,T,2024-06-18,1000000.00,4.399614,103.72460937
08:01:24,912810UA4,TSRYS5802849,D,S,T,2024-06-18,1000000.00,4.409861,103.55078125
08:01:24,912810UA4,TSRYS5802849,D,B,C,2024-06-18,3000000.00,4.399296,103.73
08:01:24,912810UA4,TSRYS5802849,D,S,T,2024-06-18,1000000.00,4.39605,103.78515625
08:01:24,912810UA4,TSRYS5802849,D,S,T,2024-06-18,1000000.00,4.410784,103.53515625
08:01:24,912810UA4,TSRYS5802849,D,S,T,2024-06-18,1000000.00,4.410092,103.546875
08:01:24,912810UA4,TSRYS5802849,D,S,T,2024-06-18,1000000.00,4.409515,103.55664062
08:01:24,912810UA4,TSRYS5802849,D,S,T,2024-06-18,1000000.00,4.41656,103.43737
08:01:24,912810UA4,TSRYS5802849,D,S,T,2024-06-18,1000000.00,4.41656,103.43737
08:01:24,912810UA4,TSRYS5802849,D,S,T,2024-06-18,1000000.00,4.409515,103.55664062
08:01:24,912810UA4,TSRYS5802849,D,S,T,2024-06-18,1000000.00,4.41656,103.43737
08:01:24,912810UA4,TSRYS5802849,D,S,T,2024-06-18,1000000.00,4.41656,103.43737
08:01:24,912810UA4,TSRYS5802849,D,S,T,2024-06-18,1000000.00,4.415637,103.452995
08:01:24,912810UA4,TSRYS5802849,D,S,T,2024-06-18,1000000.00,4.415637,103.452995
08:01:24,912810UA4,TSRYS5802849,D,S,T,2024-06-18,1000000.00,4.415637,103.452995
08:01:24,912810UA4,TSRYS5802849,D,S,T,2024-06-18,1000000.00,4.415637,103.452995
08:01:24,912810UA4,TSRYS5802849,D,S,T,2024-06-18,1000000.00,4.415637,103.452995
08:01:24,912810UA4,TSRYS5802849,D,S,D,2024-06-18,1000000.00,4.408824,103.56835937
08:01:25,912810UA4,TSRYS5802849,D,S,A,2024-06-18,52600.00,4.395591,103.79296875
08:01:25,912810UA4,TSRYS5802849,D,S,C,2024-06-18,925000.00,4.417938,103.4140625
08:01:26,912810UA4,TSRYS5802849,D,S,C,2024-06-18,1425000.00,4.416784,103.43359375
08:01:26,912810UA4,TSRYS5802849,D,S,C,2024-06-18,1425000.00,4.417015,103.4296875
08:01:26,912810UA4,TSRYS5802849,D,S,T,2024-06-18,1000000.00,4.398131,103.7498
08:01:26,912810UA4,TSRYS5802849,D,S,D,2024-06-18,1000000.00,4.416091,103.4453125
08:01:26,912810UA4,TSRYS5802849,D,B,C,2024-06-18,925000.00,4.415629,103.453125
08:01:26,912810UA4,TSRYS5802849,D,S,D,2024-06-18,1000000.00,4.417938,103.4140625
08:01:26,912810UA4,TSRYS5802849,D,S,D,2024-06-18,1000000.00,4.417938,103.4140625
08:01:26,912810UA4,TSRYS5802849,D,S,D,2024-06-18,1000000.00,4.417938,103.4140625
08:01:27,912810UA4,TSRYS5802849,D,S,T,2024-06-18,1000000.00,4.4184,103.40625
08:01:27,912810UA4,TSRYS5802849,D,S,D,2024-06-18,1000000.00,4.417938,103.4140625
08:01:27,912810UA4,TSRYS5802849,D,S,D,2024-06-18,1000000.00,4.417707,103.41796875
08:01:27,912810UA4,TSRYS5802849,D,S,D,2024-06-18,1000000.00,4.417938,103.4140625
08:01:27,912810UA4,TSRYS5802849,D,S,C,2024-06-18,1000000.00,4.417707,103.41796875
08:01:27,912810UA4,TSRYS5802849,D,S,D,2024-06-18,1000000.00,4.417938,103.4140625
08:01:27,912810UA4,TSRYS5802849,D,S,T,2024-06-18,1000000.00,4.417938,103.4140625
08:01:27,912810UA4,TSRYS5802849,D,S,C,2024-06-18,1000000.00,4.416784,103.43359375
08:01:27,912810UA4,TSRYS5802849,D,S,D,2024-06-18,1000000.00,4.416784,103.43359375
08:01:27,912810UA4,TSRYS5802849,D,S,D,2024-06-18,1000000.00,4.417938,103.4140625
08:01:27,912810UA4,TSRYS5802849,D,S,D,2024-06-18,1000000.00,4.417938,103.4140625
08:01:27,912810UA4,TSRYS5802849,D,S,D,2024-06-18,1000000.00,4.417938,103.4140625
08:01:27,912810UA4,TSRYS5802849,D,S,T,2024-06-18,1000000.00,4.418285,103.40820312
08:01:27,912810UA4,TSRYS5802849,D,S,T,2024-06-18,1000000.00,4.418169,103.41015625
08:01:27,912810UA4,TSRYS5802849,D,S,C,2024-06-18,1000000.00,4.419325,103.390625
08:01:27,912810UA4,TSRYS5802849,D,S,D,2024-06-18,1000000.00,4.419556,103.38671875
08:01:27,912810UA4,TSRYS5802849,D,S,D,2024-06-18,1000000.00,4.421174,103.359375
08:01:27,912810UA4,TSRYS5802849,D,S,T,2024-06-18,1000000.00,4.424874,103.296875
08:01:27,912810UA4,TSRYS5802849,D,S,T,2024-06-18,1000000.00,4.420596,103.36914062
08:01:27,912810UA4,TSRYS5802849,D,S,D,2024-06-18,1000000.00,4.400304,103.71289062
08:01:28,912810UA4,TSRYS5802849,D,S,C,2024-06-18,925000.00,4.415167,103.4609375
08:01:28,912810UA4,TSRYS5802849,D,S,D,2024-06-18,1000000.00,4.418862,103.3984375
08:01:28,912810UA4,TSRYS5802849,D,S,T,2024-06-18,1000000.00,4.398234,103.74804687
08:01:28,912810UA4,TSRYS5802849,D,S,T,2024-06-18,1000000.00,4.421636,103.3515625
08:01:28,912810UA4,TSRYS5802849,D,S,T,2024-06-18,1000000.00,4.42152,103.35351562
08:01:28,912810UA4,TSRYS5802849,D,B,C,2024-06-18,18000000.00,4.418054,103.41211
08:01:28,912810UA4,TSRYS5802849,D,S,T,2024-06-18,1000000.00,4.417245,103.42578125
08:01:28,912810UA4,TSRYS5802849,D,S,C,2024-06-18,1000000.00,4.39628,103.78125
08:01:28,912810UA4,TSRYS5802849,D,B,C,2024-06-18,1000000.00,4.395361,103.796875
08:01:28,912810UA4,TSRYS5802849,D,S,C,2024-06-18,1000000.00,4.395361,103.796875
08:01:28,912810UA4,TSRYS5802849,D,S,D,2024-06-18,6000000.00,4.413936,103.48177
08:01:28,912810UA4,TSRYS5802849,D,S,T,2024-06-18,1000000.00,4.419209,103.39257812
08:01:28,912810UA4,TSRYS5802849,D,S,T,2024-06-18,1000000.00,4.419671,103.38476562
08:01:28,912810UA4,TSRYS5802849,D,S,D,2024-06-18,1000000.00,4.419556,103.38671875
08:01:28,912810UA4,TSRYS5802849,D,S,T,2024-06-18,1000000.00,4.419556,103.38671875
08:01:28,912810UA4,TSRYS5802849,D,S,D,2024-06-18,1000000.00,4.419556,103.38671875
08:01:28,912810UA4,TSRYS5802849,D,S,T,2024-06-18,1000000.00,4.418631,103.40234375
08:01:28,912810UA4,TSRYS5802849,D,S,T,2024-06-18,1000000.00,4.418747,103.40039062
08:01:28,912810UA4,TSRYS5802849,D,S,D,2024-06-18,10000000.00,4.408269,103.57777
08:01:28,912810UA4,TSRYS5802849,D,B,C,2024-06-18,15000000.00,4.420009,103.37906
08:01:28,912810UA4,TSRYS5802849,D,S,D,2024-06-18,6000000.00,4.417639,103.41912
08:01:29,912810UA4,TSRYS5802849,D,S,C,2024-06-18,1000000.00,4.39605,103.78515625
08:01:29,912810UA4,TSRYS5802849,D,S,C,2024-06-18,1000000.00,4.39605,103.78515625
08:01:29,912810UA4,TSRYS5802849,D,S,C,2024-06-18,1000000.00,4.39605,103.78515625
08:01:29,912810UA4,TSRYS5802849,D,S,C,2024-06-18,1500000.00,4.417015,103.4296875
08:01:29,912810UA4,TSRYS5802849,D,S,D,2024-06-18,1000000.00,4.39628,103.78125
08:01:29,912810UA4,TSRYS5802849,D,S,D,2024-06-18,1000000.00,4.397085,103.767578125
08:01:29,912810UA4,TSRYS5802849,D,B,C,2024-06-18,1000000.00,4.397085,103.767578125
08:01:29,912810UA4,TSRYS5802849,D,S,C,2024-06-18,1000000.00,4.396625,103.77539062
08:01:29,912810UA4,TSRYS5802849,D,S,D,2024-06-18,500000.00,4.423023,103.328125
08:01:29,912810UA4,TSRYS5802849,D,S,D,2024-06-18,1000000.00,4.398119,103.75
08:01:29,912810UA4,TSRYS5802849,D,S,T,2024-06-18,1000000.00,4.398234,103.74804687
08:01:29,912810UA4,TSRYS5802849,D,S,T,2024-06-18,1000000.00,4.414244,103.4765625
08:01:30,912810UA4,TSRYS5802849,D,S,T,2024-06-18,1000000.00,4.415629,103.453125
08:01:30,912810UA4,TSRYS5802849,D,S,C,2024-06-18,1000000.00,4.399154,103.73242187
08:01:30,912810UA4,TSRYS5802849,D,S,T,2024-06-18,1000000.00,4.416553,103.4375
08:01:30,912810UA4,TSRYS5802849,D,S,T,2024-06-18,1000000.00,4.417476,103.421875
08:01:30,912810UA4,TSRYS5802849,D,S,T,2024-06-18,1000000.00,4.417015,103.4296875
08:01:30,912810UA4,TSRYS5802849,D,S,T,2024-06-18,1000000.00,4.414481,103.47255625
08:01:30,912810UA4,TSRYS5802849,D,S,T,2024-06-18,1000000.00,4.417015,103.4296875
08:01:30,912810UA4,TSRYS5802849,D,S,D,2024-06-18,1000000.00,4.417015,103.4296875
08:01:30,912810UA4,TSRYS5802849,D,S,T,2024-06-18,1000000.00,4.398119,103.75
08:01:30,912810UA4,TSRYS5802849,D,S,T,2024-06-18,1000000.00,4.417015,103.4296875
08:01:30,912810UA4,TSRYS5802849,D,B,C,2024-06-18,10000000.00,4.409547,103.55611
08:01:30,912810UA4,TSRYS5802849,D,S,D,2024-06-18,3000000.00,4.415629,103.453125
08:01:30,912810UA4,TSRYS5802849,D,S,C,2024-06-18,1000000.00,4.396165,103.783203125
08:01:31,912810UA4,TSRYS5802849,D,S,T,2024-06-18,1000000.00,4.416784,103.43359375
08:01:31,912810UA4,TSRYS5802849,D,S,T,2024-06-18,1000000.00,4.398119,103.75
08:01:31,912810UA4,TSRYS5802849,D,S,T,2024-06-18,1000000.00,4.413783,103.484375
08:01:31,912810UA4,TSRYS5802849,D,S,D,2024-06-18,1000000.00,4.412398,103.5078125
08:01:31,912810UA4,TSRYS5802849,D,S,T,2024-06-18,1000000.00,4.412398,103.5078125
08:01:31,912810UA4,TSRYS5802849,D,S,T,2024-06-18,1000000.00,4.412398,103.5078125
08:01:31,912810UA4,TSRYS5802849,D,S,T,2024-06-18,1000000.00,4.412398,103.5078125
08:01:31,912810UA4,TSRYS5802849,D,S,T,2024-06-18,1000000.00,4.412398,103.5078125
08:01:31,912810UA4,TSRYS5802849,D,S,T,2024-06-18,1000000.00,4.412398,103.5078125
08:01:31,912810UA4,TSRYS5802849,D,S,T,2024-06-18,1000000.00,4.415167,103.4609375
08:01:31,912810UA4,TSRYS5802849,D,S,T,2024-06-18,1000000.00,4.414937,103.46484375
08:01:31,912810UA4,TSRYS5802849,D,S,D,2024-06-18,5000000.00,4.417707,103.41796875
08:01:31,912810UA4,TSRYS5802849,D,S,D,2024-06-18,1000000.00,4.397199,103.765625
08:01:31,912810UA4,TSRYS5802849,D,S,C,2024-06-18,500000.00,4.419325,103.390625
08:01:31,912810UA4,TSRYS5802849,D,B,C,2024-06-18,1000000.00,4.399039,103.734375
08:01:31,912810UA4,TSRYS5802849,D,S,D,2024-06-18,1000000.00,4.399039,103.734375
08:01:31,912810UA4,TSRYS5802849,D,S,D,2024-06-18,1000000.00,4.399039,103.734375
