tradeTime,cusip,issueSymbolIdentifier,priceType,reportingSideCode,contraPartyTypeCode,tradeDate,reportedTradeVolume,lastSaleYield,lastSalePrice
08:00:04,912810UA4,TSRYS5802849,D,S,D,2024-05-23,1000000.00,4.542896,101.3359375
08:00:04,912810UA4,TSRYS5802849,D,S,D,2024-05-23,1000000.00,4.541709,101.35546875
08:00:04,912810UA4,TSRYS5802849,D,S,D,2024-05-23,1000000.00,4.541709,101.35546875
08:00:04,912810UA4,TSRYS5802849,D,S,D,2024-05-23,1000000.00,4.541709,101.35546875
08:00:04,912810UA4,TSRYS5802849,D,S,D,2024-05-23,1000000.00,4.539809,101.38671875
08:00:04,912810UA4,TSRYS5802849,D,S,T,2024-05-23,1000000.00,4.542421,101.34375
08:00:04,912810UA4,TSRYS5802849,D,S,T,2024-05-23,1000000.00,4.535301,101.4609375
08:00:04,912810UA4,TSRYS5802849,D,S,D,2024-05-23,1000000.00,4.562421,101.015625
08:00:04,912810UA4,TSRYS5802849,D,S,D,2024-05-23,1000000.00,4.557412,101.09765625
08:00:04,912810UA4,TSRYS5802849,D,S,T,2024-05-23,1000000.00,4.557651,101.09375
08:00:04,912810UA4,TSRYS5802849,D,S,T,2024-05-23,1000000.00,4.556102,101.119140625
08:00:04,912810UA4,TSRYS5802849,D,S,T,2024-05-23,1000000.00,4.556102,101.119140625
08:00:04,912810UA4,TSRYS5802849,D,S,T,2024-05-23,1000000.00,4.555744,101.125
08:00:04,912810UA4,TSRYS5802849,D,S,T,2024-05-23,1000000.00,4.548364,101.24609375
08:00:04,912810UA4,TSRYS5802849,D,S,D,2024-05-23,1000000.00,4.537436,101.42578125
08:00:05,912810UA4,TSRYS5802849,D,S,T,2024-05-23,1000000.00,4.550981,101.203125
08:00:05,912810UA4,TSRYS5802849,D,S,T,2024-05-23,1000000.00,4.550981,101.203125
08:00:05,912810UA4,TSRYS5802849,D,S,T,2024-05-23,1000000.00,4.544322,101.3125
08:00:05,912810UA4,TSRYS5802849,D,S,T,2024-05-23,1000000.00,4.536724,101.4375
08:00:05,912810UA4,TSRYS5802849,D,S,T,2024-05-23,1000000.00,4.536724,101.4375
08:00:05,912810UA4,TSRYS5802849,D,S,T,2024-05-23,1000000.00,4.535775,101.453125
08:00:05,912810UA4,TSRYS5802849,D,S,T,2024-05-23,1000000.00,4.536724,101.4375
08:00:05,912810UA4,TSRYS5802849,D,S,T,2024-05-23,1000000.00,4.536724,101.4375
08:00:05,912810UA4,TSRYS5802849,D,S,T,2024-05-23,1000000.00,4.540521,101.375
08:00:05,912810UA4,TSRYS5802849,D,S,T,2024-05-23,1000000.00,4.540521,101.375
08:00:05,912810UA4,TSRYS5802849,D,S,T,2024-05-23,1000000.00,4.559558,101.0625
08:00:05,912810UA4,TSRYS5802849,D,S,T,2024-05-23,1000000.00,4.559558,101.0625
08:00:05,912810UA4,TSRYS5802849,D,S,T,2024-05-23,1000000.00,4.558604,101.078125
08:00:05,912810UA4,TSRYS5802849,D,S,T,2024-05-23,1000000.00,4.556697,101.109375
08:00:05,912810UA4,TSRYS5802849,D,S,T,2024-05-23,1000000.00,4.559558,101.0625
08:00:05,912810UA4,TSRYS5802849,D,S,T,2024-05-23,1000000.00,4.536724,101.4375
08:00:05,912810UA4,TSRYS5802849,D,S,T,2024-05-23,1000000.00,4.539572,101.390625
08:00:05,912810UA4,TSRYS5802849,D,S,T,2024-05-23,1000000.00,4.541471,101.359375
08:00:05,912810UA4,TSRYS5802849,D,S,T,2024-05-23,1000000.00,4.542421,101.34375
08:00:05,912810UA4,TSRYS5802849,D,S,T,2024-05-23,1000000.00,4.541471,101.359375
08:00:05,912810UA4,TSRYS5802849,D,S,T,2024-05-23,1000000.00,4.539572,101.390625
08:00:05,912810UA4,TSRYS5802849,D,S,T,2024-05-23,1000000.00,4.540521,101.375
08:00:05,912810UA4,TSRYS5802849,D,S,T,2024-05-23,1000000.00,4.540521,101.375
08:00:08,912810UA4,TSRYS5802849,D,S,T,2024-05-23,1000000.00,4.533878,101.484375
08:00:10,912810UA4,TSRYS5802849,D,S,D,2024-05-23,1000000.00,4.535301,101.4609375
08:00:10,912810UA4,TSRYS5802849,D,S,D,2024-05-23,12000000.00,4.535064,101.46484375
08:00:14,912810UA4,TSRYS5802849,D,S,C,2024-05-23,1000000.00,4.549077,101.234375
08:00:14,912810UA4,TSRYS5802849,D,S,C,2024-05-23,1000000.00,4.547175,101.265625
08:00:14,912810UA4,TSRYS5802849,D,S,T,2024-05-23,1000000.00,4.538622,101.40625
08:00:14,912810UA4,TSRYS5802849,D,S,T,2024-05-23,1000000.00,4.549077,101.234375
08:00:14,912810UA4,TSRYS5802849,D,S,D,2024-05-23,1000000.00,4.547175,101.265625
08:00:14,912810UA4,TSRYS5802849,D,S,T,2024-05-23,1000000.00,4.537673,101.421875
08:00:14,912810UA4,TSRYS5802849,D,S,T,2024-05-23,1000000.00,4.541115,101.365234375
08:00:14,912810UA4,TSRYS5802849,D,S,T,2024-05-23,1000000.00,4.544916,101.302734375
08:00:14,912810UA4,TSRYS5802849,D,S,T,2024-05-23,1000000.00,4.544916,101.302734375
08:00:14,912810UA4,TSRYS5802849,D,S,T,2024-05-23,1000000.00,4.544322,101.3125
08:00:14,912810UA4,TSRYS5802849,D,S,T,2024-05-23,1000000.00,4.543371,101.328125
08:00:14,912810UA4,TSRYS5802849,D,S,T,2024-05-23,1000000.00,4.543371,101.328125
08:00:14,912810UA4,TSRYS5802849,D,S,T,2024-05-23,1000000.00,4.552886,101.171875
08:00:14,912810UA4,TSRYS5802849,D,S,T,2024-05-23,1000000.00,4.552886,101.171875
08:00:14,912810UA4,TSRYS5802849,D,S,T,2024-05-23,1000000.00,4.552886,101.171875
08:00:14,912810UA4,TSRYS5802849,D,S,T,2024-05-23,1000000.00,4.553838,101.15625
08:00:14,912810UA4,TSRYS5802849,D,S,T,2024-05-23,1000000.00,4.545273,101.296875
08:00:14,912810UA4,TSRYS5802849,D,S,T,2024-05-23,1000000.00,4.545273,101.296875
08:00:14,912810UA4,TSRYS5802849,D,S,T,2024-05-23,1000000.00,4.541471,101.359375
08:00:14,912810UA4,TSRYS5802849,D,S,D,2024-05-23,1000000.00,4.539097,101.3984375
08:00:15,912810UA4,TSRYS5802849,D,S,T,2024-05-23,1000000.00,4.542421,101.34375
08:00:15,912810UA4,TSRYS5802849,D,S,T,2024-05-23,1000000.00,4.543371,101.328125
08:00:15,912810UA4,TSRYS5802849,D,S,T,2024-05-23,1000000.00,4.541471,101.359375
08:00:15,912810UA4,TSRYS5802849,D,S,T,2024-05-23,1000000.00,4.542421,101.34375
08:00:15,912810UA4,TSRYS5802849,D,S,T,2024-05-23,1000000.00,4.561109,101.037109375
08:00:15,912810UA4,TSRYS5802849,D,S,T,2024-05-23,1000000.00,4.561109,101.037109375
08:00:15,912810UA4,TSRYS5802849,D,S,T,2024-05-23,1000000.00,4.56266,101.01171875
08:00:15,912810UA4,TSRYS5802849,D,S,T,2024-05-23,1000000.00,4.562421,101.015625
08:00:15,912810UA4,TSRYS5802849,D,S,T,2024-05-23,1000000.00,4.557651,101.09375
08:00:15,912810UA4,TSRYS5802849,D,S,T,2024-05-23,1000000.00,4.557651,101.09375
08:00:15,912810UA4,TSRYS5802849,D,S,T,2024-05-23,1000000.00,4.558604,101.078125
08:00:15,912810UA4,TSRYS5802849,D,S,T,2024-05-23,1000000.00,4.559558,101.0625
08:00:15,912810UA4,TSRYS5802849,D,S,T,2024-05-23,1000000.00,4.556697,101.109375
08:00:15,912810UA4,TSRYS5802849,D,S,T,2024-05-23,1000000.00,4.556697,101.109375
08:00:15,912810UA4,TSRYS5802849,D,S,T,2024-05-23,1000000.00,4.557651,101.09375
08:00:15,912810UA4,TSRYS5802849,D,S,T,2024-05-23,1000000.00,4.556697,101.109375
08:00:15,912810UA4,TSRYS5802849,D,S,T,2024-05-23,1000000.00,4.556697,101.109375
08:00:15,912810UA4,TSRYS5802849,D,S,T,2024-05-23,1000000.00,4.557651,101.09375
08:00:15,912810UA4,TSRYS5802849,D,S,T,2024-05-23,1000000.00,4.557651,101.09375
08:00:15,912810UA4,TSRYS5802849,D,S,D,2024-05-23,1000000.00,4.558128,101.0859375
08:00:15,912810UA4,TSRYS5802849,D,S,T,2024-05-23,1000000.00,4.559558,101.0625
08:00:15,912810UA4,TSRYS5802849,D,S,T,2024-05-23,1000000.00,4.556697,101.109375
08:00:15,912810UA4,TSRYS5802849,D,S,T,2024-05-23,1000000.00,4.552886,101.171875
08:00:15,912810UA4,TSRYS5802849,D,S,T,2024-05-23,1000000.00,4.544322,101.3125
08:00:15,912810UA4,TSRYS5802849,D,S,T,2024-05-23,1000000.00,4.543371,101.328125
08:00:15,912810UA4,TSRYS5802849,D,S,T,2024-05-23,1000000.00,4.543371,101.328125
08:00:18,912810UA4,TSRYS5802849,D,S,T,2024-05-23,1000000.00,4.537436,101.42578125
08:00:18,912810UA4,TSRYS5802849,D,S,D,2024-05-23,1000000.00,4.537199,101.4296875
08:00:18,912810UA4,TSRYS5802849,D,S,T,2024-05-23,1000000.00,4.541471,101.359375
08:00:18,912810UA4,TSRYS5802849,D,S,C,2024-05-23,27000000.00,4.627906,99.953125
08:00:18,912810UA4,TSRYS5802849,D,S,T,2024-05-23,9000000.00,4.554791,101.140625
08:00:19,912810UA4,TSRYS5802849,D,S,T,2024-05-23,1000000.00,4.554791,101.140625
08:00:19,912810UA4,TSRYS5802849,D,B,C,2024-05-23,6000000.00,4.545273,101.296875
08:00:19,912810UA4,TSRYS5802849,D,B,C,2024-05-23,6000000.00,4.546224,101.28125
08:00:19,912810UA4,TSRYS5802849,D,B,C,2024-05-23,6000000.00,4.546224,101.28125
08:00:21,912810UA4,TSRYS5802849,D,S,D,2024-05-23,1000000.00,4.544084,101.31640625
08:00:21,912810UA4,TSRYS5802849,D,S,D,2024-05-23,1000000.00,4.544084,101.31640625
08:00:21,912810UA4,TSRYS5802849,D,S,D,2024-05-23,1000000.00,4.544084,101.31640625
08:00:23,912810UA4,TSRYS5802849,D,S,D,2024-05-23,3000000.00,4.544322,101.3125
08:00:23,912810UA4,TSRYS5802849,D,S,D,2024-05-23,1000000.00,4.539572,101.390625
08:00:24,912810UA4,TSRYS5802849,D,S,D,2024-05-23,1000000.00,4.544797,101.3046875
08:00:24,912810UA4,TSRYS5802849,D,S,D,2024-05-23,1000000.00,4.538622,101.40625
08:00:24,912810UA4,TSRYS5802849,D,S,D,2024-05-23,1000000.00,4.542896,101.3359375
08:00:24,912810UA4,TSRYS5802849,D,S,D,2024-05-23,1000000.00,4.540996,101.3671875
08:00:24,912810UA4,TSRYS5802849,D,S,D,2024-05-23,1000000.00,4.538622,101.40625
08:00:24,912810UA4,TSRYS5802849,D,S,D,2024-05-23,1000000.00,4.543371,101.328125
08:00:24,912810UA4,TSRYS5802849,D,S,D,2024-05-23,1000000.00,4.538622,101.40625
08:00:24,912810UA4,TSRYS5802849,D,S,D,2024-05-23,16000000.00,4.583554,100.671875
08:00:25,912810UA4,TSRYS5802849,D,B,C,2024-05-23,16000000.00,4.489636,102.21875
08:00:25,912810UA4,TSRYS5802849,D,B,A,2024-05-23,20000000.00,4.556221,101.1171875
08:00:25,912810UA4,TSRYS5802849,D,S,D,2024-05-23,1000000.00,4.549791,101.22265625
08:00:25,912810UA4,TSRYS5802849,D,S,D,2024-05-23,1000000.00,4.550029,101.21875
08:00:25,912810UA4,TSRYS5802849,D,S,D,2024-05-23,1000000.00,4.556459,101.11328125
08:00:25,912810UA4,TSRYS5802849,D,S,D,2024-05-23,1000000.00,4.556697,101.109375
08:00:25,912810UA4,TSRYS5802849,D,S,D,2024-05-23,1000000.00,4.544322,101.3125
08:00:26,912810UA4,TSRYS5802849,D,B,C,2024-05-23,11000000.00,4.482137,102.34375
08:00:26,912810UA4,TSRYS5802849,D,S,D,2024-05-23,1000000.00,4.541946,101.3515625
08:00:26,912810UA4,TSRYS5802849,D,S,D,2024-05-23,1000000.00,4.540284,101.37890625
08:00:26,912810UA4,TSRYS5802849,D,S,D,2024-05-23,1000000.00,4.540284,101.37890625
08:00:26,912810UA4,TSRYS5802849,D,S,D,2024-05-23,1000000.00,4.540284,101.37890625
08:00:27,912810UA4,TSRYS5802849,D,S,D,2024-05-23,1000000.00,4.539572,101.390625
08:00:28,912810UA4,TSRYS5802849,D,S,A,2024-05-23,100000.00,4.54309,101.33203125
08:00:28,912810UA4,TSRYS5802849,D,S,D,2024-05-23,1000000.00,4.540521,101.375
08:00:28,912810UA4,TSRYS5802849,D,S,D,2024-05-23,1000000.00,4.537673,101.421875
08:00:28,912810UA4,TSRYS5802849,D,S,D,2024-05-23,1000000.00,4.535064,101.46484375
08:00:29,912810UA4,TSRYS5802849,D,S,D,2024-05-23,1000000.00,4.534115,101.48046875
08:00:30,912810UA4,TSRYS5802849,D,S,T,2024-05-23,1000000.00,4.538622,101.40625
08:00:30,912810UA4,TSRYS5802849,D,S,T,2024-05-23,1000000.00,4.538622,101.40625
08:00:30,912810UA4,TSRYS5802849,D,S,T,2024-05-23,1000000.00,4.542421,101.34375
08:00:30,912810UA4,TSRYS5802849,D,S,T,2024-05-23,1000000.00,4.547175,101.265625
08:00:30,912810UA4,TSRYS5802849,D,S,T,2024-05-23,1000000.00,4.547175,101.265625
08:00:30,912810UA4,TSRYS5802849,D,S,T,2024-05-23,1000000.00,4.549077,101.234375
08:00:30,912810UA4,TSRYS5802849,D,S,T,2024-05-23,1000000.00,4.549077,101.234375
08:00:30,912810UA4,TSRYS5802849,D,S,T,2024-05-23,1000000.00,4.549077,101.234375
08:00:30,912810UA4,TSRYS5802849,D,S,T,2024-05-23,1000000.00,4.545273,101.296875
08:00:30,912810UA4,TSRYS5802849,D,S,T,2024-05-23,1000000.00,4.542421,101.34375
08:00:30,912810UA4,TSRYS5802849,D,S,T,2024-05-23,1000000.00,4.542421,101.34375
08:00:30,912810UA4,TSRYS5802849,D,S,T,2024-05-23,1000000.00,4.542302,101.345703125
08:00:30,912810UA4,TSRYS5802849,D,S,T,2024-05-23,1000000.00,4.541471,101.359375
08:00:30,912810UA4,TSRYS5802849,D,S,T,2024-05-23,1000000.00,4.541471,101.359375
08:00:30,912810UA4,TSRYS5802849,D,S,T,2024-05-23,1000000.00,4.541471,101.359375
08:00:30,912810UA4,TSRYS5802849,D,S,T,2024-05-23,1000000.00,4.541471,101.359375
08:00:30,912810UA4,TSRYS5802849,D,S,T,2024-05-23,1000000.00,4.542421,101.34375
08:00:30,912810UA4,TSRYS5802849,D,S,T,2024-05-23,1000000.00,4.542896,101.3359375
08:00:30,912810UA4,TSRYS5802849,D,S,T,2024-05-23,1000000.00,4.544322,101.3125
08:00:30,912810UA4,TSRYS5802849,D,S,T,2024-05-23,1000000.00,4.544797,101.3046875
08:00:30,912810UA4,TSRYS5802849,D,S,T,2024-05-23,1000000.00,4.544322,101.3125
08:00:30,912810UA4,TSRYS5802849,D,S,T,2024-05-23,1000000.00,4.541471,101.359375
08:00:30,912810UA4,TSRYS5802849,D,S,T,2024-05-23,1000000.00,4.545273,101.296875
08:00:30,912810UA4,TSRYS5802849,D,S,T,2024-05-23,1000000.00,4.547175,101.265625
08:00:30,912810UA4,TSRYS5802849,D,S,T,2024-05-23,1000000.00,4.549077,101.234375
08:00:30,912810UA4,TSRYS5802849,D,S,T,2024-05-23,1000000.00,4.549077,101.234375
08:00:30,912810UA4,TSRYS5802849,D,S,T,2024-05-23,1000000.00,4.549077,101.234375
08:00:30,912810UA4,TSRYS5802849,D,S,T,2024-05-23,4000000.00,4.550029,101.21875
08:00:30,912810UA4,TSRYS5802849,D,S,T,2024-05-23,1000000.00,4.550981,101.203125
08:00:30,912810UA4,TSRYS5802849,D,S,T,2024-05-23,1000000.00,4.554076,101.15234375
08:00:30,912810UA4,TSRYS5802849,D,S,T,2024-05-23,1000000.00,4.554076,101.15234375
08:00:30,912810UA4,TSRYS5802849,D,S,T,2024-05-23,1000000.00,4.554076,101.15234375
08:00:30,912810UA4,TSRYS5802849,D,S,T,2024-05-23,1000000.00,4.551457,101.1953125
08:00:30,912810UA4,TSRYS5802849,D,S,T,2024-05-23,1000000.00,4.549077,101.234375
08:00:30,912810UA4,TSRYS5802849,D,S,T,2024-05-23,1000000.00,4.549077,101.234375
08:00:30,912810UA4,TSRYS5802849,D,S,T,2024-05-23,1000000.00,4.540521,101.375
08:00:30,912810UA4,TSRYS5802849,D,S,T,2024-05-23,1000000.00,4.546224,101.28125
08:00:30,912810UA4,TSRYS5802849,D,S,T,2024-05-23,1000000.00,4.544322,101.3125
08:00:30,912810UA4,TSRYS5802849,D,S,T,2024-05-23,1000000.00,4.543371,101.328125
08:00:30,912810UA4,TSRYS5802849,D,S,T,2024-05-23,1000000.00,4.54349,101.326171875
08:00:30,912810UA4,TSRYS5802849,D,S,T,2024-05-23,1000000.00,4.544322,101.3125
08:00:30,912810UA4,TSRYS5802849,D,S,T,2024-05-23,1000000.00,4.542421,101.34375
08:00:30,912810UA4,TSRYS5802849,D,S,T,2024-05-23,1000000.00,4.539572,101.390625
08:00:30,912810UA4,TSRYS5802849,D,S,T,2024-05-23,1000000.00,4.540521,101.375
08:00:30,912810UA4,TSRYS5802849,D,S,T,2024-05-23,1000000.00,4.540521,101.375
08:00:30,912810UA4,TSRYS5802849,D,S,T,2024-05-23,1000000.00,4.541471,101.359375
08:00:30,912810UA4,TSRYS5802849,D,S,T,2024-05-23,1000000.00,4.543371,101.328125
08:00:30,912810UA4,TSRYS5802849,D,S,T,2024-05-23,1000000.00,4.543371,101.328125
08:00:30,912810UA4,TSRYS5802849,D,S,T,2024-05-23,1000000.00,4.543371,101.328125
08:00:30,912810UA4,TSRYS5802849,D,S,T,2024-05-23,1000000.00,4.543371,101.328125
08:00:30,912810UA4,TSRYS5802849,D,S,T,2024-05-23,1000000.00,4.543371,101.328125
08:00:30,912810UA4,TSRYS5802849,D,S,T,2024-05-23,1000000.00,4.544322,101.3125
08:00:30,912810UA4,TSRYS5802849,D,S,T,2024-05-23,1000000.00,4.544322,101.3125
08:00:30,912810UA4,TSRYS5802849,D,S,T,2024-05-23,1000000.00,4.545391,101.294921875
08:00:30,912810UA4,TSRYS5802849,D,S,T,2024-05-23,1000000.00,4.539572,101.390625
08:00:30,912810UA4,TSRYS5802849,D,S,T,2024-05-23,1000000.00,4.537673,101.421875
08:00:30,912810UA4,TSRYS5802849,D,S,T,2024-05-23,1000000.00,4.535538,101.45703125
08:00:30,912810UA4,TSRYS5802849,D,S,T,2024-05-23,1000000.00,4.53542,101.458984375
08:00:30,912810UA4,TSRYS5802849,D,S,T,2024-05-23,1000000.00,4.535301,101.4609375
08:00:30,912810UA4,TSRYS5802849,D,S,T,2024-05-23,1000000.00,4.534827,101.46875
08:00:30,912810UA4,TSRYS5802849,D,S,T,2024-05-23,1000000.00,4.534827,101.46875
08:00:30,912810UA4,TSRYS5802849,D,S,T,2024-05-23,1000000.00,4.534827,101.46875
08:00:30,912810UA4,TSRYS5802849,D,S,T,2024-05-23,1000000.00,4.534827,101.46875
08:00:30,912810UA4,TSRYS5802849,D,S,T,2024-05-23,1000000.00,4.534827,101.46875
08:00:33,912810UA4,TSRYS5802849,D,S,T,2024-05-23,1000000.00,4.534827,101.46875
08:00:33,912810UA4,TSRYS5802849,D,S,T,2024-05-23,1000000.00,4.534827,101.46875
08:00:33,912810UA4,TSRYS5802849,D,S,T,2024-05-23,1000000.00,4.534827,101.46875
08:00:33,912810UA4,TSRYS5802849,D,S,T,2024-05-23,1000000.00,4.534827,101.46875
08:00:33,912810UA4,TSRYS5802849,D,S,T,2024-05-23,1000000.00,4.534827,101.46875
08:00:33,912810UA4,TSRYS5802849,D,S,T,2024-05-23,1000000.00,4.53293,101.5
08:00:33,912810UA4,TSRYS5802849,D,S,T,2024-05-23,1000000.00,4.533878,101.484375
08:00:33,912810UA4,TSRYS5802849,D,S,T,2024-05-23,1000000.00,4.536724,101.4375
08:00:33,912810UA4,TSRYS5802849,D,S,T,2024-05-23,1000000.00,4.536724,101.4375
08:00:33,912810UA4,TSRYS5802849,D,S,T,2024-05-23,1000000.00,4.536724,101.4375
08:00:33,912810UA4,TSRYS5802849,D,S,T,2024-05-23,1000000.00,4.537673,101.421875
08:00:33,912810UA4,TSRYS5802849,D,S,T,2024-05-23,1000000.00,4.538622,101.40625
08:00:33,912810UA4,TSRYS5802849,D,S,T,2024-05-23,1000000.00,4.538622,101.40625
08:00:33,912810UA4,TSRYS5802849,D,S,T,2024-05-23,1000000.00,4.538622,101.40625
08:00:33,912810UA4,TSRYS5802849,D,S,T,2024-05-23,1000000.00,4.538622,101.40625
08:00:33,912810UA4,TSRYS5802849,D,S,T,2024-05-23,1000000.00,4.538622,101.40625
08:00:33,912810UA4,TSRYS5802849,D,S,T,2024-05-23,1000000.00,4.539572,101.390625
08:00:33,912810UA4,TSRYS5802849,D,S,T,2024-05-23,1000000.00,4.539572,101.390625
08:00:33,912810UA4,TSRYS5802849,D,S,T,2024-05-23,1000000.00,4.539572,101.390625
08:00:33,912810UA4,TSRYS5802849,D,S,T,2024-05-23,1000000.00,4.544322,101.3125
08:00:33,912810UA4,TSRYS5802849,D,S,T,2024-05-23,1000000.00,4.544322,101.3125
08:00:33,912810UA4,TSRYS5802849,D,S,T,2024-05-23,1000000.00,4.543371,101.328125
08:00:33,912810UA4,TSRYS5802849,D,S,T,2024-05-23,1000000.00,4.540521,101.375
08:00:33,912810UA4,TSRYS5802849,D,S,T,2024-05-23,1000000.00,4.541471,101.359375
08:00:33,912810UA4,TSRYS5802849,D,S,T,2024-05-23,1000000.00,4.541471,101.359375
08:00:33,912810UA4,TSRYS5802849,D,S,T,2024-05-23,1000000.00,4.541471,101.359375
08:00:33,912810UA4,TSRYS5802849,D,S,T,2024-05-23,1000000.00,4.541471,101.359375
08:00:33,912810UA4,TSRYS5802849,D,S,T,2024-05-23,1000000.00,4.541471,101.359375
08:00:33,912810UA4,TSRYS5802849,D,S,T,2024-05-23,1000000.00,4.541471,101.359375
08:00:33,912810UA4,TSRYS5802849,D,S,T,2024-05-23,1000000.00,4.542421,101.34375
08:00:33,912810UA4,TSRYS5802849,D,S,T,2024-05-23,1000000.00,4.546224,101.28125
08:00:33,912810UA4,TSRYS5802849,D,S,T,2024-05-23,1000000.00,4.546224,101.28125
08:00:33,912810UA4,TSRYS5802849,D,S,T,2024-05-23,1000000.00,4.548126,101.25
08:00:33,912810UA4,TSRYS5802849,D,S,T,2024-05-23,1000000.00,4.549077,101.234375
08:00:33,912810UA4,TSRYS5802849,D,S,T,2024-05-23,1000000.00,4.550029,101.21875
08:00:33,912810UA4,TSRYS5802849,D,S,T,2024-05-23,1000000.00,4.550029,101.21875
08:00:33,912810UA4,TSRYS5802849,D,S,T,2024-05-23,1000000.00,4.549791,101.22265625
08:00:33,912810UA4,TSRYS5802849,D,S,T,2024-05-23,1000000.00,4.550148,101.216796875
08:00:33,912810UA4,TSRYS5802849,D,S,T,2024-05-23,1000000.00,4.550148,101.216796875
08:00:33,912810UA4,TSRYS5802849,D,S,T,2024-05-23,1000000.00,4.550981,101.203125
08:00:33,912810UA4,TSRYS5802849,D,S,T,2024-05-23,1000000.00,4.5511,101.201171875
08:00:33,912810UA4,TSRYS5802849,D,S,T,2024-05-23,1000000.00,4.550981,101.203125
08:00:33,912810UA4,TSRYS5802849,D,S,T,2024-05-23,1000000.00,4.557651,101.09375
08:00:33,912810UA4,TSRYS5802849,D,S,T,2024-05-23,1000000.00,4.561467,101.03125
08:00:33,912810UA4,TSRYS5802849,D,S,T,2024-05-23,1000000.00,4.563376,101.0
08:00:33,912810UA4,TSRYS5802849,D,S,T,2024-05-23,1000000.00,4.561467,101.03125
08:00:33,912810UA4,TSRYS5802849,D,S,T,2024-05-23,1000000.00,4.561467,101.03125
08:00:33,912810UA4,TSRYS5802849,D,S,T,2024-05-23,1000000.00,4.561467,101.03125
08:00:33,912810UA4,TSRYS5802849,D,S,T,2024-05-23,1000000.00,4.561467,101.03125
08:00:33,912810UA4,TSRYS5802849,D,S,T,2024-05-23,1000000.00,4.56266,101.01171875
08:00:33,912810UA4,TSRYS5802849,D,S,T,2024-05-23,1000000.00,4.562421,101.015625
08:00:33,912810UA4,TSRYS5802849,D,S,T,2024-05-23,1000000.00,4.557651,101.09375
08:00:33,912810UA4,TSRYS5802849,D,S,T,2024-05-23,1000000.00,4.558604,101.078125
08:00:33,912810UA4,TSRYS5802849,D,S,T,2024-05-23,1000000.00,4.559558,101.0625
08:00:33,912810UA4,TSRYS5802849,D,S,T,2024-05-23,1000000.00,4.559558,101.0625
08:00:33,912810UA4,TSRYS5802849,D,S,T,2024-05-23,1000000.00,4.559558,101.0625
08:00:33,912810UA4,TSRYS5802849,D,S,T,2024-05-23,1000000.00,4.559558,101.0625
08:00:33,912810UA4,TSRYS5802849,D,S,T,2024-05-23,1000000.00,4.559558,101.0625
08:00:33,912810UA4,TSRYS5802849,D,S,T,2024-05-23,1000000.00,4.556697,101.109375
08:00:33,912810UA4,TSRYS5802849,D,S,T,2024-05-23,1000000.00,4.555506,101.12890625
08:00:33,912810UA4,TSRYS5802849,D,S,T,2024-05-23,1000000.00,4.555744,101.125
08:00:33,912810UA4,TSRYS5802849,D,S,T,2024-05-23,1000000.00,4.555744,101.125
08:00:33,912810UA4,TSRYS5802849,D,S,T,2024-05-23,1000000.00,4.555506,101.12890625
08:00:33,912810UA4,TSRYS5802849,D,S,T,2024-05-23,1000000.00,4.555506,101.12890625
08:00:33,912810UA4,TSRYS5802849,D,S,T,2024-05-23,1000000.00,4.555506,101.12890625
08:00:33,912810UA4,TSRYS5802849,D,S,T,2024-05-23,1000000.00,4.559558,101.0625
08:00:33,912810UA4,TSRYS5802849,D,S,T,2024-05-23,1000000.00,4.560512,101.046875
08:00:33,912810UA4,TSRYS5802849,D,S,T,2024-05-23,1000000.00,4.550029,101.21875
08:00:33,912810UA4,TSRYS5802849,D,S,T,2024-05-23,1000000.00,4.548364,101.24609375
08:00:33,912810UA4,TSRYS5802849,D,S,T,2024-05-23,1000000.00,4.545748,101.2890625
08:00:33,912810UA4,TSRYS5802849,D,S,T,2024-05-23,1000000.00,4.545748,101.2890625
08:00:33,912810UA4,TSRYS5802849,D,S,T,2024-05-23,1000000.00,4.545748,101.2890625
08:00:33,912810UA4,TSRYS5802849,D,S,T,2024-05-23,1000000.00,4.545748,101.2890625
08:00:33,912810UA4,TSRYS5802849,D,S,T,2024-05-23,1000000.00,4.541471,101.359375
08:00:33,912810UA4,TSRYS5802849,D,S,T,2024-05-23,1000000.00,4.536724,101.4375
08:00:33,912810UA4,TSRYS5802849,D,S,T,2024-05-23,1000000.00,4.535775,101.453125
08:00:33,912810UA4,TSRYS5802849,D,S,T,2024-05-23,1000000.00,4.533878,101.484375
08:00:33,912810UA4,TSRYS5802849,D,S,T,2024-05-23,1000000.00,4.536724,101.4375
08:00:33,912810UA4,TSRYS5802849,D,S,T,2024-05-23,1000000.00,4.536724,101.4375
08:00:33,912810UA4,TSRYS5802849,D,S,T,2024-05-23,1000000.00,4.540521,101.375
08:00:33,912810UA4,TSRYS5802849,D,S,T,2024-05-23,1000000.00,4.541471,101.359375
08:00:33,912810UA4,TSRYS5802849,D,S,T,2024-05-23,1000000.00,4.541471,101.359375
08:00:33,912810UA4,TSRYS5802849,D,S,T,2024-05-23,1000000.00,4.540521,101.375
08:00:33,912810UA4,TSRYS5802849,D,S,T,2024-05-23,1000000.00,4.542421,101.34375
08:00:33,912810UA4,TSRYS5802849,D,S,T,2024-05-23,1000000.00,4.539572,101.390625
08:00:33,912810UA4,TSRYS5802849,D,S,T,2024-05-23,1000000.00,4.540877,101.369140625
08:00:33,912810UA4,TSRYS5802849,D,S,T,2024-05-23,1000000.00,4.540759,101.37109375
08:00:33,912810UA4,TSRYS5802849,D,S,T,2024-05-23,1000000.00,4.541471,101.359375
08:00:33,912810UA4,TSRYS5802849,D,S,T,2024-05-23,1000000.00,4.538622,101.40625
08:00:33,912810UA4,TSRYS5802849,D,S,T,2024-05-23,1000000.00,4.538385,101.41015625
08:00:33,912810UA4,TSRYS5802849,D,S,T,2024-05-23,1000000.00,4.538148,101.4140625
08:00:33,912810UA4,TSRYS5802849,D,S,T,2024-05-23,1000000.00,4.537673,101.421875
08:00:33,912810UA4,TSRYS5802849,D,S,T,2024-05-23,1000000.00,4.538622,101.40625
08:00:33,912810UA4,TSRYS5802849,D,S,T,2024-05-23,1000000.00,4.539572,101.390625
08:00:33,912810UA4,TSRYS5802849,D,S,T,2024-05-23,1000000.00,4.539572,101.390625
08:00:33,912810UA4,TSRYS5802849,D,S,T,2024-05-23,1000000.00,4.540521,101.375
08:00:33,912810UA4,TSRYS5802849,D,S,T,2024-05-23,1000000.00,4.540521,101.375
08:00:33,912810UA4,TSRYS5802849,D,S,T,2024-05-23,1000000.00,4.540521,101.375
08:00:33,912810UA4,TSRYS5802849,D,S,T,2024-05-23,1000000.00,4.540521,101.375
08:00:33,912810UA4,TSRYS5802849,D,S,T,2024-05-23,1000000.00,4.540521,101.375
08:00:33,912810UA4,TSRYS5802849,D,S,T,2024-05-23,1000000.00,4.541471,101.359375
08:00:33,912810UA4,TSRYS5802849,D,S,T,2024-05-23,1000000.00,4.541352,101.361328125
08:00:33,912810UA4,TSRYS5802849,D,S,T,2024-05-23,1000000.00,4.541352,101.361328125
08:00:33,912810UA4,TSRYS5802849,D,S,T,2024-05-23,1000000.00,4.544322,101.3125
08:00:33,912810UA4,TSRYS5802849,D,S,T,2024-05-23,2000000.00,4.544322,101.3125
08:00:33,912810UA4,TSRYS5802849,D,S,T,2024-05-23,1000000.00,4.545273,101.296875
08:00:33,912810UA4,TSRYS5802849,D,S,T,2024-05-23,1000000.00,4.545273,101.296875
08:00:33,912810UA4,TSRYS5802849,D,S,T,2024-05-23,1000000.00,4.542659,101.33984375
08:00:33,912810UA4,TSRYS5802849,D,S,T,2024-05-23,1000000.00,4.543371,101.328125
08:00:33,912810UA4,TSRYS5802849,D,S,D,2024-05-23,1000000.00,4.549077,101.234375
08:00:33,912810UA4,TSRYS5802849,D,S,D,2024-05-23,1000000.00,4.544797,101.3046875
08:00:33,912810UA4,TSRYS5802849,D,S,D,2024-05-23,1000000.00,4.542896,101.3359375
08:00:33,912810UA4,TSRYS5802849,D,S,D,2024-05-23,1000000.00,4.540996,101.3671875
08:00:33,912810UA4,TSRYS5802849,D,S,D,2024-05-23,1000000.00,4.544322,101.3125
08:00:33,912810UA4,TSRYS5802849,D,S,D,2024-05-23,1000000.00,4.540284,101.37890625
08:00:33,912810UA4,TSRYS5802849,D,S,D,2024-05-23,1000000.00,4.540284,101.37890625
08:00:33,912810UA4,TSRYS5802849,D,S,D,2024-05-23,1000000.00,4.540284,101.37890625
08:00:33,912810UA4,TSRYS5802849,D,S,D,2024-05-23,1000000.00,4.548126,101.25
08:00:33,912810UA4,TSRYS5802849,D,S,D,2024-05-23,1000000.00,4.542659,101.33984375
08:00:33,912810UA4,TSRYS5802849,D,S,D,2024-05-23,1000000.00,4.542184,101.34765625
08:00:33,912810UA4,TSRYS5802849,D,S,D,2024-05-23,1000000.00,4.542421,101.34375
08:00:33,912810UA4,TSRYS5802849,D,S,D,2024-05-23,1000000.00,4.532456,101.5078125
08:00:33,912810UA4,TSRYS5802849,D,S,D,2024-05-23,1000000.00,4.530561,101.5390625
08:00:33,912810UA4,TSRYS5802849,D,S,D,2024-05-23,1000000.00,4.530087,101.546875
08:00:33,912810UA4,TSRYS5802849,D,S,D,2024-05-23,1000000.00,4.536724,101.4375
08:00:33,912810UA4,TSRYS5802849,D,S,D,2024-05-23,1000000.00,4.536724,101.4375
08:00:33,912810UA4,TSRYS5802849,D,S,D,2024-05-23,1000000.00,4.539097,101.3984375
08:00:33,912810UA4,TSRYS5802849,D,S,D,2024-05-23,1000000.00,4.540521,101.375
08:00:33,912810UA4,TSRYS5802849,D,S,D,2024-05-23,1000000.00,4.540521,101.375
08:00:33,912810UA4,TSRYS5802849,D,S,D,2024-05-23,1000000.00,4.541234,101.36328125
08:00:33,912810UA4,TSRYS5802849,D,S,D,2024-05-23,1000000.00,4.540521,101.375
08:00:33,912810UA4,TSRYS5802849,D,S,D,2024-05-23,1000000.00,4.544203,101.314453125
08:00:33,912810UA4,TSRYS5802849,D,S,D,2024-05-23,1000000.00,4.532101,101.513671875
08:00:33,912810UA4,TSRYS5802849,D,S,D,2024-05-23,1000000.00,4.540521,101.375
08:00:33,912810UA4,TSRYS5802849,D,S,D,2024-05-23,1000000.00,4.549077,101.234375
08:00:33,912810UA4,TSRYS5802849,D,S,D,2024-05-23,1000000.00,4.562421,101.015625
08:00:33,912810UA4,TSRYS5802849,D,S,D,2024-05-23,1000000.00,4.562421,101.015625
08:00:33,912810UA4,TSRYS5802849,D,S,D,2024-05-23,1000000.00,4.536605,101.439453125
08:00:33,912810UA4,TSRYS5802849,D,S,D,2024-05-23,1000000.00,4.536605,101.439453125
08:00:33,912810UA4,TSRYS5802849,D,S,D,2024-05-23,1000000.00,4.537199,101.4296875
08:00:33,912810UA4,TSRYS5802849,D,S,D,2024-05-23,1000000.00,4.538504,101.408203125
08:00:33,912810UA4,TSRYS5802849,D,S,D,2024-05-23,1000000.00,4.54064,101.373046875
08:00:33,912810UA4,TSRYS5802849,D,S,D,2024-05-23,1000000.00,4.541709,101.35546875
08:00:33,912810UA4,TSRYS5802849,D,S,T,2024-05-23,1000000.00,4.54159,101.357421875
08:00:33,912810UA4,TSRYS5802849,D,S,T,2024-05-23,2000000.00,4.540521,101.375
08:00:33,912810UA4,TSRYS5802849,D,S,T,2024-05-23,1000000.00,4.542421,101.34375
08:00:33,912810UA4,TSRYS5802849,D,S,T,2024-05-23,1000000.00,4.54456,101.30859375
08:00:33,912810UA4,TSRYS5802849,D,S,T,2024-05-23,1000000.00,4.543847,101.3203125
08:00:33,912810UA4,TSRYS5802849,D,S,T,2024-05-23,2000000.00,4.543609,101.32421875
08:00:33,912810UA4,TSRYS5802849,D,S,T,2024-05-23,1000000.00,4.543728,101.322265625
08:00:33,912810UA4,TSRYS5802849,D,S,T,2024-05-23,2000000.00,4.544084,101.31640625
08:00:33,912810UA4,TSRYS5802849,D,S,T,2024-05-23,1000000.00,4.544797,101.3046875
08:00:33,912810UA4,TSRYS5802849,D,S,T,2024-05-23,1000000.00,4.543015,101.333984375
08:00:33,912810UA4,TSRYS5802849,D,S,T,2024-05-23,1000000.00,4.542896,101.3359375
08:00:33,912810UA4,TSRYS5802849,D,S,T,2024-05-23,1000000.00,4.541115,101.365234375
08:00:33,912810UA4,TSRYS5802849,D,S,T,2024-05-23,1000000.00,4.544322,101.3125
08:00:33,912810UA4,TSRYS5802849,D,S,T,2024-05-23,1000000.00,4.545629,101.291015625
08:00:33,912810UA4,TSRYS5802849,D,S,T,2024-05-23,1000000.00,4.54884,101.23828125
08:00:33,912810UA4,TSRYS5802849,D,S,T,2024-05-23,1000000.00,4.551338,101.197265625
08:00:33,912810UA4,TSRYS5802849,D,S,T,2024-05-23,1000000.00,4.557293,101.099609375
08:00:33,912810UA4,TSRYS5802849,D,S,T,2024-05-23,2000000.00,4.55777,101.091796875
08:00:33,912810UA4,TSRYS5802849,D,S,T,2024-05-23,1000000.00,4.55777,101.091796875
08:00:33,912810UA4,TSRYS5802849,D,S,T,2024-05-23,1000000.00,4.555625,101.126953125
08:00:33,912810UA4,TSRYS5802849,D,S,T,2024-05-23,1000000.00,4.556936,101.10546875
08:00:33,912810UA4,TSRYS5802849,D,S,T,2024-05-23,1000000.00,4.557651,101.09375
08:00:33,912810UA4,TSRYS5802849,D,S,T,2024-05-23,1000000.00,4.55777,101.091796875
08:00:33,912810UA4,TSRYS5802849,D,S,T,2024-05-23,1000000.00,4.55777,101.091796875
08:00:33,912810UA4,TSRYS5802849,D,S,T,2024-05-23,1000000.00,4.560512,101.046875
08:00:33,912810UA4,TSRYS5802849,D,S,T,2024-05-23,1000000.00,4.559797,101.05859375
08:00:33,912810UA4,TSRYS5802849,D,S,T,2024-05-23,1000000.00,4.553124,101.16796875
08:00:33,912810UA4,TSRYS5802849,D,S,T,2024-05-23,1000000.00,4.553124,101.16796875
08:00:33,912810UA4,TSRYS5802849,D,S,T,2024-05-23,1000000.00,4.551933,101.1875
08:00:33,912810UA4,TSRYS5802849,D,S,T,2024-05-23,1000000.00,4.550862,101.205078125
08:00:33,912810UA4,TSRYS5802849,D,S,T,2024-05-23,1000000.00,4.542778,101.337890625
08:00:33,912810UA4,TSRYS5802849,D,S,T,2024-05-23,1000000.00,4.536961,101.43359375
08:00:33,912810UA4,TSRYS5802849,D,S,T,2024-05-23,1000000.00,4.536843,101.435546875
08:00:33,912810UA4,TSRYS5802849,D,S,T,2024-05-23,1000000.00,4.536724,101.4375
08:00:33,912810UA4,TSRYS5802849,D,S,T,2024-05-23,1000000.00,4.532456,101.5078125
08:00:33,912810UA4,TSRYS5802849,D,S,T,2024-05-23,1000000.00,4.536605,101.439453125
08:00:33,912810UA4,TSRYS5802849,D,S,T,2024-05-23,1000000.00,4.536605,101.439453125
08:00:33,912810UA4,TSRYS5802849,D,S,T,2024-05-23,1000000.00,4.536605,101.439453125
08:00:33,912810UA4,TSRYS5802849,D,S,T,2024-05-23,1000000.00,4.536605,101.439453125
08:00:33,912810UA4,TSRYS5802849,D,S,T,2024-05-23,1000000.00,4.536605,101.439453125
08:00:33,912810UA4,TSRYS5802849,D,S,T,2024-05-23,1000000.00,4.537436,101.42578125
08:00:33,912810UA4,TSRYS5802849,D,S,T,2024-05-23,1000000.00,4.537199,101.4296875
08:00:33,912810UA4,TSRYS5802849,D,S,T,2024-05-23,1000000.00,4.538504,101.408203125
08:00:33,912810UA4,TSRYS5802849,D,S,T,2024-05-23,1000000.00,4.541352,101.361328125
08:00:33,912810UA4,TSRYS5802849,D,S,T,2024-05-23,1000000.00,4.540996,101.3671875
08:00:33,912810UA4,TSRYS5802849,D,S,T,2024-05-23,1000000.00,4.537673,101.421875
08:00:34,912810UA4,TSRYS5802849,D,S,T,2024-05-23,1000000.00,4.538148,101.4140625
08:00:34,912810UA4,TSRYS5802849,D,S,T,2024-05-23,1000000.00,4.540521,101.375
08:00:34,912810UA4,TSRYS5802849,D,S,T,2024-05-23,1000000.00,4.540521,101.375
08:00:34,912810UA4,TSRYS5802849,D,S,T,2024-05-23,1000000.00,4.541352,101.361328125
08:00:34,912810UA4,TSRYS5802849,D,S,T,2024-05-23,1000000.00,4.544322,101.3125
08:00:34,912810UA4,TSRYS5802849,D,S,T,2024-05-23,1000000.00,4.541471,101.359375
08:00:34,912810UA4,TSRYS5802849,D,S,T,2024-05-23,1000000.00,4.546224,101.28125
08:00:34,912810UA4,TSRYS5802849,D,S,T,2024-05-23,1000000.00,4.546224,101.28125
08:00:34,912810UA4,TSRYS5802849,D,S,T,2024-05-23,1000000.00,4.562421,101.015625
08:00:34,912810UA4,TSRYS5802849,D,S,T,2024-05-23,1000000.00,4.539572,101.390625
08:00:34,912810UA4,TSRYS5802849,D,S,T,2024-05-23,1000000.00,4.539572,101.390625
08:00:34,912810UA4,TSRYS5802849,D,S,T,2024-05-23,1000000.00,4.554076,101.15234375
08:00:34,912810UA4,TSRYS5802849,D,S,T,2024-05-23,1000000.00,4.546224,101.28125
08:00:34,912810UA4,TSRYS5802849,D,S,T,2024-05-23,1000000.00,4.555387,101.130859375
08:00:34,912810UA4,TSRYS5802849,D,S,T,2024-05-23,1000000.00,4.545748,101.2890625
08:00:34,912810UA4,TSRYS5802849,D,S,T,2024-05-23,1000000.00,4.539572,101.390625
08:00:34,912810UA4,TSRYS5802849,D,B,A,2024-05-23,500000.00,4.548364,101.24609375
08:00:34,912810UA4,TSRYS5802849,D,B,A,2024-05-23,2000000.00,4.537199,101.4296875
08:00:34,912810UA4,TSRYS5802849,D,B,A,2024-05-23,5000000.00,4.538148,101.4140625
08:00:34,912810UA4,TSRYS5802849,D,S,A,2024-05-23,5000000.00,4.536961,101.43359375
08:00:34,912810UA4,TSRYS5802849,D,S,A,2024-05-23,10000000.00,4.543371,101.328125
08:00:34,912810UA4,TSRYS5802849,D,B,C,2024-05-23,3000000.00,4.544322,101.3125
08:00:34,912810UA4,TSRYS5802849,D,B,C,2024-05-23,7000000.00,4.545748,101.2890625
08:00:34,912810UA4,TSRYS5802849,D,S,T,2024-05-23,1000000.00,4.556697,101.109375
08:00:34,912810UA4,TSRYS5802849,D,B,C,2024-05-23,6000000.00,4.550029,101.21875
08:00:34,912810UA4,TSRYS5802849,D,S,A,2024-05-23,4000000.00,4.555268,101.1328125
08:00:34,912810UA4,TSRYS5802849,D,S,A,2024-05-23,5000000.00,4.553362,101.1640625
08:00:34,912810UA4,TSRYS5802849,D,B,A,2024-05-23,2000000.00,4.548364,101.24609375
08:00:34,912810UA4,TSRYS5802849,D,B,A,2024-05-23,10000000.00,4.545273,101.296875
08:00:34,912810UA4,TSRYS5802849,D,S,T,2024-05-23,1000000.00,4.543371,101.328125
08:00:34,912810UA4,TSRYS5802849,D,B,A,2024-05-23,1000000.00,4.543847,101.3203125
08:00:34,912810UA4,TSRYS5802849,D,B,A,2024-05-23,5000000.00,4.543371,101.328125
08:00:34,912810UA4,TSRYS5802849,D,S,A,2024-05-23,500000.00,4.542421,101.34375
08:00:34,912810UA4,TSRYS5802849,D,B,A,2024-05-23,1000000.00,4.540941,101.3671875
08:00:34,912810UA4,TSRYS5802849,D,B,A,2024-05-23,3000000.00,4.540521,101.375
08:00:34,912810UA4,TSRYS5802849,D,S,T,2024-05-23,1000000.00,4.534827,101.46875
08:00:34,912810UA4,TSRYS5802849,D,S,T,2024-05-23,1000000.00,4.534827,101.46875
08:00:34,912810UA4,TSRYS5802849,D,S,D,2024-05-23,1000000.00,4.534827,101.46875
08:00:34,912810UA4,TSRYS5802849,D,S,D,2024-05-23,1000000.00,4.534827,101.46875
08:00:34,912810UA4,TSRYS5802849,D,S,D,2024-05-23,1000000.00,4.534827,101.46875
08:00:34,912810UA4,TSRYS5802849,D,S,C,2024-05-23,2000000.00,4.544203,101.314453125
08:00:34,912810UA4,TSRYS5802849,D,S,C,2024-05-23,6100000.00,4.546224,101.28125
08:00:34,912810UA4,TSRYS5802849,D,B,C,2024-05-23,1300000.00,4.549553,101.2265625
08:00:34,912810UA4,TSRYS5802849,D,B,C,2024-05-23,400000.00,4.561944,101.0234375
08:00:34,912810UA4,TSRYS5802849,D,B,A,2024-05-23,650000.00,4.557412,101.09765625
08:00:34,912810UA4,TSRYS5802849,D,B,A,2024-05-23,1000000.00,4.558366,101.08203125
08:00:34,912810UA4,TSRYS5802849,D,B,A,2024-05-23,1000000.00,4.560512,101.046875
08:00:34,912810UA4,TSRYS5802849,D,S,C,2024-05-23,3100000.00,4.557412,101.09765625
08:00:34,912810UA4,TSRYS5802849,D,S,D,2024-05-23,1000000.00,4.543371,101.328125
08:00:34,912810UA4,TSRYS5802849,D,S,D,2024-05-23,1000000.00,4.543371,101.328125
08:00:34,912810UA4,TSRYS5802849,D,S,D,2024-05-23,8000000.00,4.543371,101.328125
08:00:34,912810UA4,TSRYS5802849,D,S,D,2024-05-23,8000000.00,4.543371,101.328125
08:00:34,912810UA4,TSRYS5802849,D,S,D,2024-05-23,1000000.00,4.543371,101.328125
08:00:34,912810UA4,TSRYS5802849,D,B,A,2024-05-23,500000.00,4.541946,101.3515625
08:00:34,912810UA4,TSRYS5802849,D,B,A,2024-05-23,250000.00,4.535538,101.45703125
08:00:34,912810UA4,TSRYS5802849,D,B,A,2024-05-23,36400000.00,4.532219,101.51171875
08:00:34,912810UA4,TSRYS5802849,D,B,C,2024-05-23,4000000.00,4.535775,101.453125
08:00:34,912810UA4,TSRYS5802849,D,B,C,2024-05-23,5000000.00,4.538266,101.412109375
08:00:34,912810UA4,TSRYS5802849,D,B,C,2024-05-23,5000000.00,4.539334,101.39453125
08:00:34,912810UA4,TSRYS5802849,D,B,C,2024-05-23,5000000.00,4.542896,101.3359375
08:00:34,912810UA4,TSRYS5802849,D,B,C,2024-05-23,5000000.00,4.538148,101.4140625
08:00:34,912810UA4,TSRYS5802849,D,S,T,2024-05-23,1000000.00,4.538266,101.412109375
08:00:34,912810UA4,TSRYS5802849,D,S,D,2024-05-23,500000.00,4.541709,101.35546875
08:00:34,912810UA4,TSRYS5802849,D,S,D,2024-05-23,1000000.00,4.541946,101.3515625
08:00:34,912810UA4,TSRYS5802849,D,B,C,2024-05-23,5000000.00,4.540996,101.3671875
08:00:34,912810UA4,TSRYS5802849,D,S,D,2024-05-23,500000.00,4.541709,101.35546875
08:00:34,912810UA4,TSRYS5802849,D,S,D,2024-05-23,1000000.00,4.540996,101.3671875
08:00:34,912810UA4,TSRYS5802849,D,S,D,2024-05-23,500000.00,4.538385,101.41015625
08:00:34,912810UA4,TSRYS5802849,D,S,A,2024-05-23,6090400.00,4.559057,101.0707125
08:00:34,912810UA4,TSRYS5802849,D,S,D,2024-05-23,1000000.00,4.53886,101.40234375
08:00:34,912810UA4,TSRYS5802849,D,S,D,2024-05-23,1000000.00,4.538622,101.40625
08:00:34,912810UA4,TSRYS5802849,D,S,T,2024-05-23,2000000.00,4.538622,101.40625
08:00:34,912810UA4,TSRYS5802849,D,S,D,2024-05-23,1000000.00,4.538622,101.40625
08:00:34,912810UA4,TSRYS5802849,D,S,D,2024-05-23,1000000.00,4.537673,101.421875
08:00:34,912810UA4,TSRYS5802849,D,S,D,2024-05-23,1000000.00,4.538622,101.40625
08:00:34,912810UA4,TSRYS5802849,D,S,D,2024-05-23,1000000.00,4.543371,101.328125
08:00:34,912810UA4,TSRYS5802849,D,S,D,2024-05-23,1000000.00,4.540996,101.3671875
08:00:34,912810UA4,TSRYS5802849,D,S,D,2024-05-23,1000000.00,4.543847,101.3203125
08:00:34,912810UA4,TSRYS5802849,D,S,D,2024-05-23,1000000.00,4.543847,101.3203125
08:00:34,912810UA4,TSRYS5802849,D,S,D,2024-05-23,1000000.00,4.544322,101.3125
08:00:34,912810UA4,TSRYS5802849,D,S,D,2024-05-23,1000000.00,4.549791,101.22265625
08:00:34,912810UA4,TSRYS5802849,D,S,D,2024-05-23,1000000.00,4.549791,101.22265625
08:00:34,912810UA4,TSRYS5802849,D,S,D,2024-05-23,1000000.00,4.549077,101.234375
08:00:34,912810UA4,TSRYS5802849,D,S,D,2024-05-23,1000000.00,4.550029,101.21875
08:00:34,912810UA4,TSRYS5802849,D,S,D,2024-05-23,1000000.00,4.550029,101.21875
08:00:37,912810UA4,TSRYS5802849,D,B,A,2024-05-23,10000000.00,4.560989,101.0390625
08:00:37,912810UA4,TSRYS5802849,D,S,D,2024-05-23,1000000.00,4.560512,101.046875
08:00:37,912810UA4,TSRYS5802849,D,S,D,2024-05-23,1000000.00,4.555744,101.125
08:00:37,912810UA4,TSRYS5802849,D,S,D,2024-05-23,1000000.00,4.555982,101.12109375
08:00:37,912810UA4,TSRYS5802849,D,S,D,2024-05-23,1000000.00,4.555506,101.12890625
08:00:38,912810UA4,TSRYS5802849,D,S,D,2024-05-23,1000000.00,4.558128,101.0859375
08:00:38,912810UA4,TSRYS5802849,D,S,D,2024-05-23,1000000.00,4.548126,101.25
08:00:39,912810UA4,TSRYS5802849,D,S,T,2024-05-23,1000000.00,4.543371,101.328125
08:00:39,912810UA4,TSRYS5802849,D,S,T,2024-05-23,1000000.00,4.543371,101.328125
08:00:39,912810UA4,TSRYS5802849,D,S,T,2024-05-23,1000000.00,4.543371,101.328125
08:00:39,912810UA4,TSRYS5802849,D,S,T,2024-05-23,1000000.00,4.543371,101.328125
08:00:39,912810UA4,TSRYS5802849,D,S,T,2024-05-23,1000000.00,4.543371,101.328125
08:00:39,912810UA4,TSRYS5802849,D,S,T,2024-05-23,1000000.00,4.543371,101.328125
08:00:40,912810UA4,TSRYS5802849,D,S,C,2024-05-23,1000000.00,4.542659,101.33984375
08:00:40,912810UA4,TSRYS5802849,D,S,D,2024-05-23,1000000.00,4.542184,101.34765625
08:00:40,912810UA4,TSRYS5802849,D,S,D,2024-05-23,1000000.00,4.542421,101.34375
08:00:40,912810UA4,TSRYS5802849,D,S,D,2024-05-23,2000000.00,4.536724,101.4375
08:00:40,912810UA4,TSRYS5802849,D,S,D,2024-05-23,1000000.00,4.532456,101.5078125
08:00:40,912810UA4,TSRYS5802849,D,S,D,2024-05-23,1000000.00,4.530561,101.5390625
08:00:40,912810UA4,TSRYS5802849,D,S,D,2024-05-23,1000000.00,4.530087,101.546875
08:00:40,912810UA4,TSRYS5802849,D,S,D,2024-05-23,1000000.00,4.536724,101.4375
08:00:40,912810UA4,TSRYS5802849,D,S,D,2024-05-23,1000000.00,4.536724,101.4375
08:00:42,912810UA4,TSRYS5802849,D,S,A,2024-05-23,7300000.00,4.542184,101.34765625
08:00:43,912810UA4,TSRYS5802849,D,S,D,2024-05-23,1000000.00,4.541946,101.3515625
08:00:43,912810UA4,TSRYS5802849,D,S,D,2024-05-23,1000000.00,4.540759,101.37109375
08:00:43,912810UA4,TSRYS5802849,D,S,D,2024-05-23,1000000.00,4.540996,101.3671875
08:00:44,912810UA4,TSRYS5802849,D,S,D,2024-05-23,27000000.00,4.533562,101.489583333
08:00:44,912810UA4,TSRYS5802849,D,S,C,2024-05-23,10000000.00,4.535052,101.46504375
08:00:44,912810UA4,TSRYS5802849,D,B,C,2024-05-23,3045200.00,4.549816,101.22225625
08:00:44,912810UA4,TSRYS5802849,D,B,C,2024-05-23,800000.00,4.53791,101.41796875
08:00:45,912810UA4,TSRYS5802849,D,S,D,2024-05-23,10000000.00,4.539584,101.390425
08:00:45,912810UA4,TSRYS5802849,D,B,C,2024-05-23,10000000.00,4.540059,101.3826125
08:00:45,912810UA4,TSRYS5802849,D,S,D,2024-05-23,1000000.00,4.544084,101.31640625
08:00:45,912810UA4,TSRYS5802849,D,S,D,2024-05-23,6080000.00,4.541495,101.358975
08:00:46,912810UA4,TSRYS5802849,D,S,T,2024-05-23,3000000.00,4.548126,101.25
08:00:46,912810UA4,TSRYS5802849,D,S,D,2024-05-23,1000000.00,4.53886,101.40234375
08:00:46,912810UA4,TSRYS5802849,D,S,C,2024-05-23,7600000.00,4.536937,101.43399375
08:00:46,912810UA4,TSRYS5802849,D,S,D,2024-05-23,2000000.00,4.53459,101.47265625
08:00:46,912810UA4,TSRYS5802849,D,B,A,2024-05-23,500000.00,4.53459,101.47265625
08:00:46,912810UA4,TSRYS5802849,D,S,D,2024-05-23,10000000.00,4.535052,101.46504375
08:00:46,912810UA4,TSRYS5802849,D,S,D,2024-05-23,2000000.00,4.539334,101.39453125
08:00:46,912810UA4,TSRYS5802849,D,S,T,2024-05-23,1000000.00,4.541471,101.359375
08:00:46,912810UA4,TSRYS5802849,D,S,T,2024-05-23,1000000.00,4.542184,101.34765625
08:00:46,912810UA4,TSRYS5802849,D,S,D,2024-05-23,1000000.00,4.543847,101.3203125
08:00:46,912810UA4,TSRYS5802849,D,S,D,2024-05-23,1000000.00,4.546699,101.2734375
08:00:46,912810UA4,TSRYS5802849,D,S,T,2024-05-23,1000000.00,4.54884,101.23828125
08:00:46,912810UA4,TSRYS5802849,D,S,D,2024-05-23,1000000.00,4.549791,101.22265625
08:00:46,912810UA4,TSRYS5802849,D,S,D,2024-05-23,1000000.00,4.549791,101.22265625
08:00:46,912810UA4,TSRYS5802849,D,S,D,2024-05-23,1000000.00,4.549077,101.234375
08:00:46,912810UA4,TSRYS5802849,D,S,D,2024-05-23,1000000.00,4.550029,101.21875
08:00:47,912810UA4,TSRYS5802849,D,S,T,2024-05-23,1000000.00,4.550505,101.2109375
08:00:47,912810UA4,TSRYS5802849,D,S,T,2024-05-23,1000000.00,4.550505,101.2109375
08:00:47,912810UA4,TSRYS5802849,D,S,T,2024-05-23,1000000.00,4.551933,101.1875
08:00:47,912810UA4,TSRYS5802849,D,S,T,2024-05-23,1000000.00,4.562421,101.015625
08:00:47,912810UA4,TSRYS5802849,D,S,T,2024-05-23,1000000.00,4.557651,101.09375
08:00:47,912810UA4,TSRYS5802849,D,S,T,2024-05-23,1000000.00,4.555863,101.123046875
08:00:47,912810UA4,TSRYS5802849,D,S,D,2024-05-23,1000000.00,4.555744,101.125
08:00:48,912810UA4,TSRYS5802849,D,S,D,2024-05-23,1000000.00,4.540521,101.375
08:00:48,912810UA4,TSRYS5802849,D,S,D,2024-05-23,1000000.00,4.540521,101.375
08:00:48,912810UA4,TSRYS5802849,D,S,D,2024-05-23,1000000.00,4.543371,101.328125
08:00:48,912810UA4,TSRYS5802849,D,S,A,2024-05-23,1000000.00,4.535301,101.4609375
08:00:49,912810UA4,TSRYS5802849,D,S,A,2024-05-23,5000000.00,4.554076,101.15234375
08:00:49,912810UA4,TSRYS5802849,D,S,A,2024-05-23,1500000.00,4.536961,101.43359375
08:00:49,912810UA4,TSRYS5802849,D,S,A,2024-05-23,1200000.00,4.531982,101.515625
08:00:49,912810UA4,TSRYS5802849,D,S,T,2024-05-23,1000000.00,4.538622,101.40625
08:00:49,912810UA4,TSRYS5802849,D,S,T,2024-05-23,1000000.00,4.538622,101.40625
08:00:49,912810UA4,TSRYS5802849,D,B,A,2024-05-23,10000000.00,4.540996,101.3671875
08:00:49,912810UA4,TSRYS5802849,D,S,T,2024-05-23,4000000.00,4.539928,101.384765625
08:00:50,912810UA4,TSRYS5802849,D,S,T,2024-05-23,1000000.00,4.539928,101.384765625
08:00:50,912810UA4,TSRYS5802849,D,S,T,2024-05-23,1000000.00,4.540284,101.37890625
08:00:50,912810UA4,TSRYS5802849,D,S,T,2024-05-23,1000000.00,4.540403,101.376953125
08:00:50,912810UA4,TSRYS5802849,D,S,T,2024-05-23,1000000.00,4.540521,101.375
08:00:50,912810UA4,TSRYS5802849,D,S,T,2024-05-23,1000000.00,4.540403,101.376953125
08:00:50,912810UA4,TSRYS5802849,D,S,D,2024-05-23,1000000.00,4.540165,101.380859375
08:00:50,912810UA4,TSRYS5802849,D,S,T,2024-05-23,1000000.00,4.540521,101.375
08:00:50,912810UA4,TSRYS5802849,D,S,D,2024-05-23,1000000.00,4.540165,101.380859375
08:00:50,912810UA4,TSRYS5802849,D,S,D,2024-05-23,1000000.00,4.540877,101.369140625
08:00:50,912810UA4,TSRYS5802849,D,S,D,2024-05-23,1250000.00,4.539097,101.3984375
08:00:50,912810UA4,TSRYS5802849,D,S,D,2024-05-23,7600000.00,4.536937,101.43399375
08:00:51,912810UA4,TSRYS5802849,D,S,D,2024-05-23,4000000.00,4.559797,101.05859375
08:00:51,912810UA4,TSRYS5802849,D,S,C,2024-05-23,10000000.00,4.536,101.44941875
08:00:51,912810UA4,TSRYS5802849,D,S,D,2024-05-23,3045200.00,4.549816,101.22225625
08:00:51,912810UA4,TSRYS5802849,D,S,D,2024-05-23,13000000.00,4.55926,101.067382812
08:00:51,912810UA4,TSRYS5802849,D,S,D,2024-05-23,6000000.00,4.555824,101.123697917
08:00:52,912810UA4,TSRYS5802849,D,S,A,2024-05-23,1000000.00,4.541234,101.36328125
08:00:52,912810UA4,TSRYS5802849,D,B,C,2024-05-23,10000000.00,4.539584,101.390425
08:00:52,912810UA4,TSRYS5802849,D,S,D,2024-05-23,10000000.00,4.540059,101.3826125
08:00:52,912810UA4,TSRYS5802849,D,B,C,2024-05-23,6080000.00,4.541495,101.358975
08:00:56,912810UA4,TSRYS5802849,D,S,T,2024-05-23,1000000.00,4.543728,101.322265625
08:00:56,912810UA4,TSRYS5802849,D,B,A,2024-05-23,5000000.00,4.553124,101.16796875
08:00:57,912810UA4,TSRYS5802849,D,S,T,2024-05-23,1000000.00,4.554791,101.140625
08:00:57,912810UA4,TSRYS5802849,D,S,T,2024-05-23,1000000.00,4.546461,101.27734375
08:00:57,912810UA4,TSRYS5802849,D,B,A,2024-05-23,5000000.00,4.54456,101.30859375
08:00:57,912810UA4,TSRYS5802849,D,S,D,2024-05-23,1000000.00,4.535064,101.46484375
08:00:57,912810UA4,TSRYS5802849,D,S,D,2024-05-23,1000000.00,4.53459,101.47265625
08:00:57,912810UA4,TSRYS5802849,D,S,D,2024-05-23,1000000.00,4.533523,101.490234375
08:00:57,912810UA4,TSRYS5802849,D,S,D,2024-05-23,10000000.00,4.536,101.44941875
08:00:57,912810UA4,TSRYS5802849,D,S,D,2024-05-23,1000000.00,4.534115,101.48046875
08:00:57,912810UA4,TSRYS5802849,D,S,D,2024-05-23,1000000.00,4.540996,101.3671875
08:00:57,912810UA4,TSRYS5802849,D,S,D,2024-05-23,1000000.00,4.544322,101.3125
08:00:57,912810UA4,TSRYS5802849,D,S,T,2024-05-23,1000000.00,4.546224,101.28125
08:00:57,912810UA4,TSRYS5802849,D,S,T,2024-05-23,1000000.00,4.54884,101.23828125
08:00:57,912810UA4,TSRYS5802849,D,B,A,2024-05-23,2500000.00,4.54765,101.2578125
08:00:57,912810UA4,TSRYS5802849,D,S,D,2024-05-23,1000000.00,4.549791,101.22265625
08:00:57,912810UA4,TSRYS5802849,D,S,D,2024-05-23,1000000.00,4.550029,101.21875
08:00:58,912810UA4,TSRYS5802849,D,S,T,2024-05-23,1000000.00,4.550148,101.216796875
08:00:58,912810UA4,TSRYS5802849,D,S,D,2024-05-23,1000000.00,4.55241,101.1796875
08:00:58,912810UA4,TSRYS5802849,D,S,D,2024-05-23,1000000.00,4.560512,101.046875
08:00:58,912810UA4,TSRYS5802849,D,S,T,2024-05-23,3000000.00,4.56254,101.013671875
08:00:58,912810UA4,TSRYS5802849,D,S,T,2024-05-23,1000000.00,4.559558,101.0625
08:00:58,912810UA4,TSRYS5802849,D,S,T,2024-05-23,1000000.00,4.559678,101.060546875
08:00:58,912810UA4,TSRYS5802849,D,S,T,2024-05-23,4000000.00,4.559678,101.060546875
08:00:58,912810UA4,TSRYS5802849,D,S,T,2024-05-23,4000000.00,4.559558,101.0625
08:00:58,912810UA4,TSRYS5802849,D,S,T,2024-05-23,1000000.00,4.559678,101.060546875
08:00:58,912810UA4,TSRYS5802849,D,S,T,2024-05-23,4000000.00,4.559678,101.060546875
08:00:58,912810UA4,TSRYS5802849,D,S,D,2024-05-23,1000000.00,4.557651,101.09375
08:00:58,912810UA4,TSRYS5802849,D,S,T,2024-05-23,2000000.00,4.557651,101.09375
08:00:59,912810UA4,TSRYS5802849,D,S,D,2024-05-23,60000.00,4.558128,101.0859375
08:00:59,912810UA4,TSRYS5802849,D,S,D,2024-05-23,1000000.00,4.557651,101.09375
08:00:59,912810UA4,TSRYS5802849,D,S,D,2024-05-23,31000000.00,4.552314,101.18125
08:00:59,912810UA4,TSRYS5802849,D,B,A,2024-05-23,3043000.00,4.545748,101.2890625
08:01:00,912810UA4,TSRYS5802849,D,S,C,2024-05-23,1000000.00,4.539097,101.3984375
08:01:00,912810UA4,TSRYS5802849,D,B,C,2024-05-23,1000000.00,4.53886,101.40234375
08:01:00,912810UA4,TSRYS5802849,D,B,C,2024-05-23,1000000.00,4.539334,101.39453125
08:01:00,912810UA4,TSRYS5802849,D,S,D,2024-05-23,1000000.00,4.547175,101.265625
08:01:00,912810UA4,TSRYS5802849,D,S,D,2024-05-23,1000000.00,4.539334,101.39453125
08:01:00,912810UA4,TSRYS5802849,D,B,C,2024-05-23,1000000.00,4.53886,101.40234375
08:01:00,912810UA4,TSRYS5802849,D,S,C,2024-05-23,1000000.00,4.545273,101.296875
08:01:00,912810UA4,TSRYS5802849,D,S,C,2024-05-23,1000000.00,4.53886,101.40234375
08:01:00,912810UA4,TSRYS5802849,D,S,D,2024-05-23,1000000.00,4.53886,101.40234375
08:01:00,912810UA4,TSRYS5802849,D,S,C,2024-05-23,1000000.00,4.543847,101.3203125
08:01:00,912810UA4,TSRYS5802849,D,S,D,2024-05-23,1000000.00,4.544084,101.31640625
08:01:00,912810UA4,TSRYS5802849,D,S,D,2024-05-23,1000000.00,4.544084,101.31640625
08:01:00,912810UA4,TSRYS5802849,D,S,A,2024-05-23,2000000.00,4.535775,101.453125
08:01:00,912810UA4,TSRYS5802849,D,S,D,2024-05-23,1000000.00,4.544084,101.31640625
08:01:00,912810UA4,TSRYS5802849,D,S,C,2024-05-23,1000000.00,4.544084,101.31640625
08:01:00,912810UA4,TSRYS5802849,D,S,C,2024-05-23,1000000.00,4.542421,101.34375
08:01:00,912810UA4,TSRYS5802849,D,B,C,2024-05-23,1000000.00,4.544084,101.31640625
08:01:00,912810UA4,TSRYS5802849,D,S,D,2024-05-23,1000000.00,4.556459,101.11328125
08:01:00,912810UA4,TSRYS5802849,D,S,D,2024-05-23,1000000.00,4.542896,101.3359375
08:01:00,912810UA4,TSRYS5802849,D,S,D,2024-05-23,1000000.00,4.556697,101.109375
08:01:00,912810UA4,TSRYS5802849,D,S,D,2024-05-23,1000000.00,4.549791,101.22265625
08:01:00,912810UA4,TSRYS5802849,D,S,D,2024-05-23,1000000.00,4.550029,101.21875
08:01:00,912810UA4,TSRYS5802849,D,S,D,2024-05-23,1000000.00,4.540996,101.3671875
08:01:00,912810UA4,TSRYS5802849,D,S,C,2024-05-23,1000000.00,4.541709,101.35546875
08:01:00,912810UA4,TSRYS5802849,D,S,D,2024-05-23,1000000.00,4.540284,101.37890625
08:01:00,912810UA4,TSRYS5802849,D,S,C,2024-05-23,1000000.00,4.541471,101.359375
08:01:00,912810UA4,TSRYS5802849,D,S,C,2024-05-23,1000000.00,4.541709,101.35546875
08:01:00,912810UA4,TSRYS5802849,D,S,D,2024-05-23,1000000.00,4.540284,101.37890625
08:01:00,912810UA4,TSRYS5802849,D,B,C,2024-05-23,10000000.00,4.542896,101.3359375
08:01:00,912810UA4,TSRYS5802849,D,S,D,2024-05-23,1000000.00,4.539572,101.390625
08:01:00,912810UA4,TSRYS5802849,D,S,D,2024-05-23,1000000.00,4.540284,101.37890625
08:01:00,912810UA4,TSRYS5802849,D,S,D,2024-05-23,1000000.00,4.540521,101.375
08:01:00,912810UA4,TSRYS5802849,D,S,C,2024-05-23,1000000.00,4.541709,101.35546875
08:01:00,912810UA4,TSRYS5802849,D,S,D,2024-05-23,1000000.00,4.539572,101.390625
08:01:00,912810UA4,TSRYS5802849,D,S,D,2024-05-23,1000000.00,4.539097,101.3984375
08:01:00,912810UA4,TSRYS5802849,D,S,D,2024-05-23,1000000.00,4.535064,101.46484375
08:01:00,912810UA4,TSRYS5802849,D,S,D,2024-05-23,1000000.00,4.534115,101.48046875
08:01:00,912810UA4,TSRYS5802849,D,S,D,2024-05-23,1000000.00,4.537673,101.421875
08:01:00,912810UA4,TSRYS5802849,D,S,C,2024-05-23,2000000.00,4.539334,101.39453125
08:01:00,912810UA4,TSRYS5802849,D,S,C,2024-05-23,2000000.00,4.539572,101.390625
08:01:00,912810UA4,TSRYS5802849,D,S,D,2024-05-23,1000000.00,4.540996,101.3671875
08:01:00,912810UA4,TSRYS5802849,D,B,C,2024-05-23,2000000.00,4.539572,101.390625
08:01:00,912810UA4,TSRYS5802849,D,S,D,2024-05-23,1000000.00,4.543847,101.3203125
08:01:00,912810UA4,TSRYS5802849,D,S,C,2024-05-23,1000000.00,4.543847,101.3203125
08:01:00,912810UA4,TSRYS5802849,D,S,D,2024-05-23,1000000.00,4.544322,101.3125
08:01:00,912810UA4,TSRYS5802849,D,S,C,2024-05-23,1000000.00,4.546699,101.2734375
08:01:00,912810UA4,TSRYS5802849,D,S,D,2024-05-23,1000000.00,4.549791,101.22265625
08:01:00,912810UA4,TSRYS5802849,D,S,D,2024-05-23,1000000.00,4.549791,101.22265625
08:01:00,912810UA4,TSRYS5802849,D,S,D,2024-05-23,1000000.00,4.549077,101.234375
08:01:00,912810UA4,TSRYS5802849,D,S,D,2024-05-23,1000000.00,4.550029,101.21875
08:01:00,912810UA4,TSRYS5802849,D,S,D,2024-05-23,1000000.00,4.550029,101.21875
08:01:00,912810UA4,TSRYS5802849,D,S,C,2024-05-23,1000000.00,4.55241,101.1796875
08:01:00,912810UA4,TSRYS5802849,D,S,D,2024-05-23,1000000.00,4.559558,101.0625
08:01:00,912810UA4,TSRYS5802849,D,S,D,2024-05-23,1000000.00,4.560512,101.046875
08:01:00,912810UA4,TSRYS5802849,D,S,C,2024-05-23,1000000.00,4.557412,101.09765625
08:01:00,912810UA4,TSRYS5802849,D,S,C,2024-05-23,1000000.00,4.557651,101.09375
08:01:00,912810UA4,TSRYS5802849,D,S,D,2024-05-23,1000000.00,4.555982,101.12109375
08:01:00,912810UA4,TSRYS5802849,D,S,D,2024-05-23,1000000.00,4.555744,101.125
08:01:00,912810UA4,TSRYS5802849,D,S,D,2024-05-23,1000000.00,4.555982,101.12109375
08:01:00,912810UA4,TSRYS5802849,D,S,D,2024-05-23,1000000.00,4.555506,101.12890625
08:01:00,912810UA4,TSRYS5802849,D,B,C,2024-05-23,1000000.00,4.555506,101.12890625
08:01:00,912810UA4,TSRYS5802849,D,S,D,2024-05-23,1000000.00,4.558128,101.0859375
08:01:00,912810UA4,TSRYS5802849,D,B,C,2024-05-23,1000000.00,4.558128,101.0859375
08:01:00,912810UA4,TSRYS5802849,D,S,C,2024-05-23,1000000.00,4.558128,101.0859375
08:01:00,912810UA4,TSRYS5802849,D,S,D,2024-05-23,1000000.00,4.548126,101.25
08:01:00,912810UA4,TSRYS5802849,D,B,C,2024-05-23,1000000.00,4.541709,101.35546875
08:01:00,912810UA4,TSRYS5802849,D,S,D,2024-05-23,1000000.00,4.541709,101.35546875
08:01:00,912810UA4,TSRYS5802849,D,B,C,2024-05-23,1000000.00,4.543371,101.328125
08:01:00,912810UA4,TSRYS5802849,D,S,D,2024-05-23,1000000.00,4.543371,101.328125
08:01:00,912810UA4,TSRYS5802849,D,S,D,2024-05-23,1000000.00,4.542184,101.34765625
08:01:01,912810UA4,TSRYS5802849,D,S,D,2024-05-23,1000000.00,4.542421,101.34375
08:01:01,912810UA4,TSRYS5802849,D,S,D,2024-05-23,2000000.00,4.536724,101.4375
08:01:01,912810UA4,TSRYS5802849,D,B,C,2024-05-23,2000000.00,4.536724,101.4375
08:01:01,912810UA4,TSRYS5802849,D,S,D,2024-05-23,1000000.00,4.532456,101.5078125
08:01:01,912810UA4,TSRYS5802849,D,S,D,2024-05-23,1000000.00,4.530561,101.5390625
08:01:01,912810UA4,TSRYS5802849,D,S,T,2024-05-23,8000000.00,4.538622,101.40625
08:01:01,912810UA4,TSRYS5802849,D,S,D,2024-05-23,1000000.00,4.530087,101.546875
08:01:01,912810UA4,TSRYS5802849,D,S,D,2024-05-23,1000000.00,4.536724,101.4375
08:01:01,912810UA4,TSRYS5802849,D,S,D,2024-05-23,1000000.00,4.536724,101.4375
08:01:01,912810UA4,TSRYS5802849,D,B,C,2024-05-23,1000000.00,4.539097,101.3984375
08:01:01,912810UA4,TSRYS5802849,D,S,D,2024-05-23,1000000.00,4.539097,101.3984375
08:01:01,912810UA4,TSRYS5802849,D,S,C,2024-05-23,1000000.00,4.541946,101.3515625
08:01:01,912810UA4,TSRYS5802849,D,S,C,2024-05-23,1000000.00,4.541946,101.3515625
08:01:01,912810UA4,TSRYS5802849,D,B,C,2024-05-23,1000000.00,4.541946,101.3515625
08:01:01,912810UA4,TSRYS5802849,D,S,D,2024-05-23,1000000.00,4.540759,101.37109375
08:01:01,912810UA4,TSRYS5802849,D,S,C,2024-05-23,1000000.00,4.540996,101.3671875
08:01:01,912810UA4,TSRYS5802849,D,S,C,2024-05-23,1000000.00,4.540996,101.3671875
08:01:01,912810UA4,TSRYS5802849,D,B,C,2024-05-23,1000000.00,4.540996,101.3671875
08:01:01,912810UA4,TSRYS5802849,D,S,D,2024-05-23,1000000.00,4.539928,101.384765625
08:01:01,912810UA4,TSRYS5802849,D,S,D,2024-05-23,1000000.00,4.539928,101.384765625
08:01:01,912810UA4,TSRYS5802849,D,S,D,2024-05-23,1000000.00,4.540165,101.380859375
08:01:01,912810UA4,TSRYS5802849,D,S,D,2024-05-23,1000000.00,4.540165,101.380859375
08:01:01,912810UA4,TSRYS5802849,D,S,D,2024-05-23,1000000.00,4.540759,101.37109375
08:01:02,912810UA4,TSRYS5802849,D,S,T,2024-05-23,1000000.00,4.543371,101.328125
08:01:02,912810UA4,TSRYS5802849,D,S,T,2024-05-23,1000000.00,4.543371,101.328125
08:01:05,912810UA4,TSRYS5802849,D,S,T,2024-05-23,1000000.00,4.543371,101.328125
08:01:06,912810UA4,TSRYS5802849,D,B,C,2024-05-23,11000000.00,4.557304,101.09943
08:01:07,912810UA4,TSRYS5802849,D,S,A,2024-05-23,1000000.00,4.550029,101.21875
08:01:07,912810UA4,TSRYS5802849,D,S,A,2024-05-23,5000000.00,4.54551,101.29296875
08:01:07,912810UA4,TSRYS5802849,D,B,C,2024-05-23,7000000.00,4.552537,101.1776
08:01:08,912810UA4,TSRYS5802849,D,B,A,2024-05-23,2000000.00,4.535775,101.453125
08:01:08,912810UA4,TSRYS5802849,D,S,T,2024-05-23,1000000.00,4.535775,101.453125
08:01:08,912810UA4,TSRYS5802849,D,S,T,2024-05-23,1000000.00,4.535775,101.453125
08:01:09,912810UA4,TSRYS5802849,D,B,A,2024-05-23,340000.00,4.53625,101.4453125
08:01:09,912810UA4,TSRYS5802849,D,S,T,2024-05-23,1000000.00,4.535781,101.453023
08:01:09,912810UA4,TSRYS5802849,D,S,T,2024-05-23,1000000.00,4.535781,101.453023
08:01:10,912810UA4,TSRYS5802849,D,S,C,2024-05-23,12000000.00,4.540521,101.375
08:01:10,912810UA4,TSRYS5802849,D,S,D,2024-05-23,1000000.00,4.543847,101.3203125
08:01:10,912810UA4,TSRYS5802849,D,S,D,2024-05-23,1000000.00,4.544084,101.31640625
08:01:11,912810UA4,TSRYS5802849,D,S,D,2024-05-23,1000000.00,4.545273,101.296875
08:01:11,912810UA4,TSRYS5802849,D,S,D,2024-05-23,1000000.00,4.544084,101.31640625
08:01:11,912810UA4,TSRYS5802849,D,S,D,2024-05-23,1000000.00,4.542421,101.34375
08:01:11,912810UA4,TSRYS5802849,D,S,D,2024-05-23,1000000.00,4.549791,101.22265625
08:01:11,912810UA4,TSRYS5802849,D,S,D,2024-05-23,1000000.00,4.550029,101.21875
08:01:11,912810UA4,TSRYS5802849,D,S,T,2024-05-23,1000000.00,4.542429,101.34362
08:01:11,912810UA4,TSRYS5802849,D,S,D,2024-05-23,1000000.00,4.556459,101.11328125
08:01:11,912810UA4,TSRYS5802849,D,S,D,2024-05-23,1000000.00,4.556697,101.109375
08:01:11,912810UA4,TSRYS5802849,D,S,D,2024-05-23,1000000.00,4.541471,101.359375
08:01:11,912810UA4,TSRYS5802849,D,S,D,2024-05-23,1000000.00,4.539572,101.390625
08:01:11,912810UA4,TSRYS5802849,D,S,D,2024-05-23,1000000.00,4.539572,101.390625
08:01:11,912810UA4,TSRYS5802849,D,S,D,2024-05-23,1000000.00,4.540521,101.375
08:01:11,912810UA4,TSRYS5802849,D,S,D,2024-05-23,1000000.00,4.537673,101.421875
08:01:11,912810UA4,TSRYS5802849,D,S,T,2024-05-23,1000000.00,4.54029,101.37880625
08:01:11,912810UA4,TSRYS5802849,D,S,T,2024-05-23,1000000.00,4.540527,101.3749
08:01:11,912810UA4,TSRYS5802849,D,S,T,2024-05-23,1000000.00,4.540527,101.3749
08:01:11,912810UA4,TSRYS5802849,D,S,T,2024-05-23,1000000.00,4.543853,101.3202125
08:01:11,912810UA4,TSRYS5802849,D,S,T,2024-05-23,1000000.00,4.543853,101.3202125
08:01:11,912810UA4,TSRYS5802849,D,S,T,2024-05-23,1000000.00,4.545279,101.296775
08:01:11,912810UA4,TSRYS5802849,D,S,T,2024-05-23,1000000.00,4.543853,101.3202125
08:01:12,912810UA4,TSRYS5802849,D,S,T,2024-05-23,1000000.00,4.556584,101.111228125
08:01:12,912810UA4,TSRYS5802849,D,S,T,2024-05-23,1000000.00,4.556703,101.109275
08:01:12,912810UA4,TSRYS5802849,D,S,T,2024-05-23,1000000.00,4.556703,101.109275
08:01:12,912810UA4,TSRYS5802849,D,S,T,2024-05-23,1000000.00,4.557299,101.099509375
08:01:12,912810UA4,TSRYS5802849,D,S,T,2024-05-23,1000000.00,4.539578,101.390525
08:01:12,912810UA4,TSRYS5802849,D,S,T,2024-05-23,1000000.00,4.540532,101.374825
08:01:12,912810UA4,TSRYS5802849,D,S,T,2024-05-23,1000000.00,4.546234,101.281075
08:01:12,912810UA4,TSRYS5802849,D,S,T,2024-05-23,1000000.00,4.545283,101.2967
08:01:12,912810UA4,TSRYS5802849,D,S,T,2024-05-23,1000000.00,4.540535,101.374775
08:01:12,912810UA4,TSRYS5802849,D,S,T,2024-05-23,1000000.00,4.540535,101.374775
08:01:12,912810UA4,TSRYS5802849,D,S,T,2024-05-23,1000000.00,4.540535,101.374775
08:01:12,912810UA4,TSRYS5802849,D,S,T,2024-05-23,1000000.00,4.540535,101.374775
08:01:12,912810UA4,TSRYS5802849,D,S,T,2024-05-23,1000000.00,4.540535,101.374775
08:01:12,912810UA4,TSRYS5802849,D,S,T,2024-05-23,1000000.00,4.540535,101.374775
08:01:12,912810UA4,TSRYS5802849,D,S,T,2024-05-23,2000000.00,4.540535,101.374775
08:01:12,912810UA4,TSRYS5802849,D,S,T,2024-05-23,1000000.00,4.540535,101.374775
08:01:12,912810UA4,TSRYS5802849,D,S,T,2024-05-23,1000000.00,4.556711,101.10915
08:01:12,912810UA4,TSRYS5802849,D,S,T,2024-05-23,1000000.00,4.556711,101.10915
08:01:13,912810UA4,TSRYS5802849,D,S,T,2024-05-23,1000000.00,4.556711,101.10915
08:01:13,912810UA4,TSRYS5802849,D,S,T,2024-05-23,1000000.00,4.54814,101.249775
08:01:13,912810UA4,TSRYS5802849,D,S,T,2024-05-23,1000000.00,4.544336,101.312275
08:01:13,912810UA4,TSRYS5802849,D,S,T,2024-05-23,1000000.00,4.540535,101.374775
08:01:13,912810UA4,TSRYS5802849,D,S,T,2024-05-23,1000000.00,4.543385,101.3279
08:01:13,912810UA4,TSRYS5802849,D,S,T,2024-05-23,1000000.00,4.539585,101.3904
08:01:13,912810UA4,TSRYS5802849,D,S,T,2024-05-23,1000000.00,4.539585,101.3904
08:01:13,912810UA4,TSRYS5802849,D,S,D,2024-05-23,3000000.00,4.542893,101.3359865
08:01:13,912810UA4,TSRYS5802849,D,S,D,2024-05-23,3000000.00,4.540993,101.3672365
08:01:13,912810UA4,TSRYS5802849,D,S,D,2024-05-23,1000000.00,4.540929,101.3682875
08:01:16,912810UA4,TSRYS5802849,D,B,C,2024-05-23,6000000.00,4.544797,101.3046875
08:01:16,912810UA4,TSRYS5802849,D,B,C,2024-05-23,6000000.00,4.546461,101.27734375
08:01:17,912810UA4,TSRYS5802849,D,S,T,2024-05-23,1000000.00,4.550035,101.21865
08:01:17,912810UA4,TSRYS5802849,D,S,T,2024-05-23,1000000.00,4.550029,101.21875
08:01:17,912810UA4,TSRYS5802849,D,S,T,2024-05-23,1000000.00,4.550029,101.21875
08:01:17,912810UA4,TSRYS5802849,D,S,T,2024-05-23,1000000.00,4.546224,101.28125
08:01:17,912810UA4,TSRYS5802849,D,S,T,2024-05-23,1000000.00,4.544322,101.3125
08:01:17,912810UA4,TSRYS5802849,D,B,A,2024-05-23,1000000.00,4.539732,101.38671875
08:01:17,912810UA4,TSRYS5802849,D,S,T,2024-05-23,1000000.00,4.539572,101.390625
08:01:18,912810UA4,TSRYS5802849,D,S,C,2024-05-23,1000000.00,4.53886,101.40234375
08:01:19,912810UA4,TSRYS5802849,D,S,D,2024-05-23,1000000.00,4.540521,101.375
08:01:19,912810UA4,TSRYS5802849,D,S,T,2024-05-23,1000000.00,4.540046,101.3828125
08:01:20,912810UA4,TSRYS5802849,D,S,C,2024-05-23,4256000.00,4.541922,101.3519625
08:01:20,912810UA4,TSRYS5802849,D,S,D,2024-05-23,1000000.00,4.541946,101.3515625
08:01:20,912810UA4,TSRYS5802849,D,B,C,2024-05-23,10000000.00,4.551976,101.1868
08:01:20,912810UA4,TSRYS5802849,D,S,T,2024-05-23,1000000.00,4.555387,101.13085937
08:01:20,912810UA4,TSRYS5802849,D,B,C,2024-05-23,7000000.00,4.54445,101.3104
08:01:20,912810UA4,TSRYS5802849,D,B,C,2024-05-23,3000000.00,4.554021,101.15325
08:01:20,912810UA4,TSRYS5802849,D,S,T,2024-05-23,1000000.00,4.540165,101.380859375
08:01:20,912810UA4,TSRYS5802849,D,S,T,2024-05-23,1000000.00,4.543847,101.3203125
08:01:20,912810UA4,TSRYS5802849,D,S,T,2024-05-23,1000000.00,4.544797,101.3046875
08:01:20,912810UA4,TSRYS5802849,D,S,T,2024-05-23,1000000.00,4.543965,101.318359375
08:01:20,912810UA4,TSRYS5802849,D,S,T,2024-05-23,1000000.00,4.544084,101.31640625
08:01:21,912810UA4,TSRYS5802849,D,S,D,2024-05-23,650000.00,4.543847,101.3203125
08:01:21,912810UA4,TSRYS5802849,D,S,T,2024-05-23,1000000.00,4.549672,101.224609375
08:01:21,912810UA4,TSRYS5802849,D,S,T,2024-05-23,1000000.00,4.549791,101.22265625
08:01:21,912810UA4,TSRYS5802849,D,S,T,2024-05-23,1000000.00,4.54991,101.220703125
08:01:21,912810UA4,TSRYS5802849,D,S,T,2024-05-23,1000000.00,4.550029,101.21875
08:01:21,912810UA4,TSRYS5802849,D,S,T,2024-05-23,1000000.00,4.556578,101.111328125
08:01:21,912810UA4,TSRYS5802849,D,S,T,2024-05-23,1000000.00,4.539572,101.390625
08:01:21,912810UA4,TSRYS5802849,D,S,C,2024-05-23,1000000.00,4.540759,101.37109375
08:01:22,912810UA4,TSRYS5802849,D,B,C,2024-05-23,3000000.00,4.541612,101.35706
08:01:22,912810UA4,TSRYS5802849,D,B,A,2024-05-23,199000.00,4.542421,101.34375
08:01:22,912810UA4,TSRYS5802849,D,S,A,2024-05-23,18132000.00,4.561442,101.03165
08:01:23,912810UA4,TSRYS5802849,D,S,D,2024-05-23,1000000.00,4.544678,101.30664062
08:01:23,912810UA4,TSRYS5802849,D,S,C,2024-05-23,500000.00,4.541234,101.36328125
08:01:25,912810UA4,TSRYS5802849,D,S,D,2024-05-23,1000000.00,4.543609,101.32421875
08:01:25,912810UA4,TSRYS5802849,D,S,D,2024-05-23,3000.00,4.538622,101.40625
08:01:25,912810UA4,TSRYS5802849,D,S,D,2024-05-23,1000000.00,4.543609,101.32421875
08:01:25,912810UA4,TSRYS5802849,D,S,D,2024-05-23,1000000.00,4.543847,101.3203125
08:01:25,912810UA4,TSRYS5802849,D,S,T,2024-05-23,1000000.00,4.544797,101.3046875
08:01:25,912810UA4,TSRYS5802849,D,S,D,2024-05-23,1000000.00,4.544797,101.3046875
08:01:25,912810UA4,TSRYS5802849,D,S,D,2024-05-23,1000000.00,4.544322,101.3125
08:01:25,912810UA4,TSRYS5802849,D,S,T,2024-05-23,2000000.00,4.543609,101.32421875
08:01:25,912810UA4,TSRYS5802849,D,S,D,2024-05-23,1000000.00,4.543253,101.33007812
08:01:25,912810UA4,TSRYS5802849,D,S,T,2024-05-23,1000000.00,4.541827,101.35351562
08:01:26,912810UA4,TSRYS5802849,D,B,C,2024-05-23,2000000.00,4.541858,101.35302
08:01:26,912810UA4,TSRYS5802849,D,B,C,2024-05-23,9000000.00,4.539519,101.3915
08:01:26,912810UA4,TSRYS5802849,D,B,C,2024-05-23,4000000.00,4.544102,101.31611
08:01:26,912810UA4,TSRYS5802849,D,B,C,2024-05-23,2000000.00,4.541181,101.36414
08:01:26,912810UA4,TSRYS5802849,D,B,C,2024-05-23,4000000.00,4.542314,101.34552
08:01:27,912810UA4,TSRYS5802849,D,B,C,2024-05-23,3000000.00,4.544348,101.31207
08:01:27,912810UA4,TSRYS5802849,D,S,T,2024-05-23,1000000.00,4.539097,101.3984375
08:01:27,912810UA4,TSRYS5802849,D,S,D,2024-05-23,1000000.00,4.541709,101.35546875
08:01:27,912810UA4,TSRYS5802849,D,B,C,2024-05-23,2000000.00,4.538622,101.40625
08:01:27,912810UA4,TSRYS5802849,D,S,D,2024-05-23,2000000.00,4.538622,101.40625
08:01:27,912810UA4,TSRYS5802849,D,S,T,2024-05-23,1000000.00,4.541471,101.359375
08:01:27,912810UA4,TSRYS5802849,D,S,D,2024-05-23,1000000.00,4.541471,101.359375
08:01:27,912810UA4,TSRYS5802849,D,B,C,2024-05-23,1000000.00,4.538622,101.40625
08:01:27,912810UA4,TSRYS5802849,D,S,D,2024-05-23,1000000.00,4.538622,101.40625
08:01:28,912810UA4,TSRYS5802849,D,S,D,2024-05-23,1000000.00,4.543965,101.31835937
08:01:28,912810UA4,TSRYS5802849,D,S,D,2024-05-23,1000000.00,4.543728,101.32226562
08:01:28,912810UA4,TSRYS5802849,D,S,D,2024-05-23,1000000.00,4.53791,101.41796875
08:01:28,912810UA4,TSRYS5802849,D,B,C,2024-05-23,1000000.00,4.53791,101.41796875
08:01:28,912810UA4,TSRYS5802849,D,S,D,2024-05-23,500000.00,,101.36328125
08:01:28,912810UA4,TSRYS5802849,D,S,T,2024-05-23,1000000.00,4.541827,101.35351562
08:01:28,912810UA4,TSRYS5802849,D,S,D,2024-05-23,1000000.00,4.53791,101.41796875
08:01:28,912810UA4,TSRYS5802849,D,B,C,2024-05-23,1000000.00,4.53791,101.41796875
08:01:28,912810UA4,TSRYS5802849,D,S,D,2024-05-23,1000000.00,4.541827,101.35351562
08:01:28,912810UA4,TSRYS5802849,D,S,T,2024-05-23,1000000.00,4.544678,101.30664062
08:01:28,912810UA4,TSRYS5802849,D,S,T,2024-05-23,1000000.00,4.544322,101.3125
08:01:28,912810UA4,TSRYS5802849,D,S,T,2024-05-23,1000000.00,4.544322,101.3125
08:01:28,912810UA4,TSRYS5802849,D,S,C,2024-05-23,1000000.00,4.539097,101.3984375
08:01:29,912810UA4,TSRYS5802849,D,S,D,2024-05-23,1000000.00,4.538978,101.40039062
08:01:29,912810UA4,TSRYS5802849,D,S,D,2024-05-23,1000000.00,4.539097,101.3984375
08:01:29,912810UA4,TSRYS5802849,D,S,C,2024-05-23,1000000.00,4.538622,101.40625
08:01:29,912810UA4,TSRYS5802849,D,S,C,2024-05-23,1000000.00,4.539097,101.3984375
08:01:29,912810UA4,TSRYS5802849,D,S,C,2024-05-23,1000000.00,4.537673,101.421875
08:01:29,912810UA4,TSRYS5802849,D,S,D,2024-05-23,1000000.00,4.537673,101.421875
08:01:29,912810UA4,TSRYS5802849,D,S,D,2024-05-23,1000000.00,4.541827,101.35351562
08:01:29,912810UA4,TSRYS5802849,D,S,D,2024-05-23,1000000.00,4.537673,101.421875
08:01:29,912810UA4,TSRYS5802849,D,S,D,2024-05-23,1000000.00,4.541827,101.35351562
08:01:29,912810UA4,TSRYS5802849,D,S,D,2024-05-23,2000000.00,4.539431,101.39294
08:01:29,912810UA4,TSRYS5802849,D,S,T,2024-05-23,1000000.00,4.544678,101.30664062
08:01:29,912810UA4,TSRYS5802849,D,S,T,2024-05-23,1000000.00,4.540996,101.3671875
08:01:29,912810UA4,TSRYS5802849,D,S,T,2024-05-23,1000000.00,4.544916,101.30273437
08:01:29,912810UA4,TSRYS5802849,D,S,T,2024-05-23,1000000.00,4.537682,101.421725
08:01:29,912810UA4,TSRYS5802849,D,S,T,2024-05-23,1000000.00,4.537682,101.421725
08:01:29,912810UA4,TSRYS5802849,D,S,T,2024-05-23,1000000.00,4.537682,101.421725
08:01:29,912810UA4,TSRYS5802849,D,S,T,2024-05-23,1000000.00,4.537682,101.421725
08:01:29,912810UA4,TSRYS5802849,D,S,T,2024-05-23,1000000.00,4.537682,101.421725
08:01:29,912810UA4,TSRYS5802849,D,S,D,2024-05-23,1000000.00,4.539097,101.3984375
08:01:29,912810UA4,TSRYS5802849,D,S,D,2024-05-23,1000000.00,4.539097,101.3984375
08:01:29,912810UA4,TSRYS5802849,D,S,T,2024-05-23,1000000.00,4.537682,101.421725
08:01:29,912810UA4,TSRYS5802849,D,S,D,2024-05-23,1000000.00,4.539097,101.3984375
08:01:29,912810UA4,TSRYS5802849,D,S,D,2024-05-23,1000000.00,4.539097,101.3984375
08:01:30,912810UA4,TSRYS5802849,D,S,D,2024-05-23,1000000.00,4.538978,101.40039062
08:01:30,912810UA4,TSRYS5802849,D,S,T,2024-05-23,1000000.00,4.546937,101.26953125
08:01:30,912810UA4,TSRYS5802849,D,S,T,2024-05-23,1000000.00,4.546937,101.26953125
08:01:30,912810UA4,TSRYS5802849,D,S,D,2024-05-23,7000000.00,4.542332,101.34522
08:01:30,912810UA4,TSRYS5802849,D,S,D,2024-05-23,1000000.00,4.546937,101.26953125
08:01:30,912810UA4,TSRYS5802849,D,S,D,2024-05-23,1000000.00,4.546937,101.26953125
08:01:30,912810UA4,TSRYS5802849,D,S,D,2024-05-23,1000000.00,4.547888,101.25390625
08:01:30,912810UA4,TSRYS5802849,D,S,T,2024-05-23,1000000.00,4.547888,101.25390625
08:01:31,912810UA4,TSRYS5802849,D,S,T,2024-05-23,1000000.00,4.547888,101.25390625
08:01:31,912810UA4,TSRYS5802849,D,B,C,2024-05-23,3000000.00,4.548023,101.25169
08:01:31,912810UA4,TSRYS5802849,D,S,T,2024-05-23,2000000.00,4.551946,101.1873
08:01:31,912810UA4,TSRYS5802849,D,B,C,2024-05-23,1000000.00,4.538978,101.400390625
08:01:31,912810UA4,TSRYS5802849,D,S,T,2024-05-23,2000000.00,4.551946,101.1873
08:01:31,912810UA4,TSRYS5802849,D,S,T,2024-05-23,2000000.00,4.551946,101.1873
08:01:31,912810UA4,TSRYS5802849,D,S,T,2024-05-23,1000000.00,4.551946,101.1873
08:01:31,912810UA4,TSRYS5802849,D,S,T,2024-05-23,1000000.00,4.551946,101.1873
08:01:31,912810UA4,TSRYS5802849,D,S,D,2024-05-23,1000000.00,4.538978,101.400390625
08:01:31,912810UA4,TSRYS5802849,D,S,D,2024-05-23,1000000.00,4.539097,101.3984375
08:01:31,912810UA4,TSRYS5802849,D,S,C,2024-05-23,1000000.00,4.538622,101.40625
08:01:31,912810UA4,TSRYS5802849,D,S,T,2024-05-23,1000000.00,4.551946,101.1873
08:01:31,912810UA4,TSRYS5802849,D,S,T,2024-05-23,1000000.00,4.551946,101.1873
08:01:31,912810UA4,TSRYS5802849,D,B,C,2024-05-23,1000000.00,4.538978,101.400390625
08:01:31,912810UA4,TSRYS5802849,D,S,D,2024-05-23,1000000.00,4.538978,101.400390625
08:01:31,912810UA4,TSRYS5802849,D,B,C,2024-05-23,1000000.00,4.537317,101.427734375
08:01:31,912810UA4,TSRYS5802849,D,S,D,2024-05-23,1000000.00,4.537317,101.427734375
08:01:31,912810UA4,TSRYS5802849,D,B,C,2024-05-23,1000000.00,4.537317,101.427734375
08:01:31,912810UA4,TSRYS5802849,D,S,D,2024-05-23,2000000.00,4.537317,101.427734375
08:01:31,912810UA4,TSRYS5802849,D,B,C,2024-05-23,1000000.00,4.537317,101.427734375
08:01:31,912810UA4,TSRYS5802849,D,B,C,2024-05-23,1000000.00,4.537317,101.427734375
08:01:31,912810UA4,TSRYS5802849,D,S,D,2024-05-23,1000000.00,4.537317,101.427734375
08:01:32,912810UA4,TSRYS5802849,D,S,D,2024-05-23,1000000.00,4.553124,101.16796875
08:01:32,912810UA4,TSRYS5802849,D,S,T,2024-05-23,1000000.00,4.553124,101.16796875
08:01:32,912810UA4,TSRYS5802849,D,B,C,2024-05-23,1000000.00,4.537317,101.427734375
08:01:32,912810UA4,TSRYS5802849,D,S,D,2024-05-23,1000000.00,4.537317,101.427734375
08:01:32,912810UA4,TSRYS5802849,D,S,C,2024-05-23,1000000.00,4.538622,101.40625
08:01:32,912810UA4,TSRYS5802849,D,B,C,2024-05-23,1000000.00,4.538622,101.40625
08:01:32,912810UA4,TSRYS5802849,D,B,C,2024-05-23,1000000.00,4.538622,101.40625
08:01:32,912810UA4,TSRYS5802849,D,S,C,2024-05-23,1000000.00,4.538622,101.40625
08:01:32,912810UA4,TSRYS5802849,D,S,T,2024-05-23,1000000.00,4.543965,101.31835937
08:01:33,912810UA4,TSRYS5802849,D,S,T,2024-05-23,1000000.00,4.543847,101.3203125
08:01:33,912810UA4,TSRYS5802849,D,S,D,2024-05-23,1000000.00,4.54456,101.30859375
08:01:33,912810UA4,TSRYS5802849,D,S,D,2024-05-23,1000000.00,4.54456,101.30859375
08:01:33,912810UA4,TSRYS5802849,D,S,T,2024-05-23,1000000.00,4.543728,101.32226562
08:01:33,912810UA4,TSRYS5802849,D,S,C,2024-05-23,1000000.00,4.538622,101.40625
08:01:34,912810UA4,TSRYS5802849,D,S,D,2024-05-23,1000000.00,4.544678,101.30664062
08:01:34,912810UA4,TSRYS5802849,D,S,T,2024-05-23,1000000.00,4.54349,101.32617187
08:01:34,912810UA4,TSRYS5802849,D,S,T,2024-05-23,1000000.00,4.545391,101.29492187
08:01:34,912810UA4,TSRYS5802849,D,S,D,2024-05-23,1000000.00,4.537673,101.421875
08:01:34,912810UA4,TSRYS5802849,D,S,T,2024-05-23,1000000.00,4.537436,101.42578125
08:01:34,912810UA4,TSRYS5802849,D,S,T,2024-05-23,1000000.00,4.539334,101.39453125
08:01:34,912810UA4,TSRYS5802849,D,S,T,2024-05-23,1000000.00,4.539334,101.39453125
08:01:34,912810UA4,TSRYS5802849,D,S,T,2024-05-23,1000000.00,4.538148,101.4140625
08:01:35,912810UA4,TSRYS5802849,D,S,T,2024-05-23,1000000.00,4.538148,101.4140625
08:01:35,912810UA4,TSRYS5802849,D,S,D,2024-05-23,1000000.00,4.535775,101.453125
08:01:35,912810UA4,TSRYS5802849,D,S,D,2024-05-23,1000000.00,4.535775,101.453125
08:01:35,912810UA4,TSRYS5802849,D,S,D,2024-05-23,1000000.00,4.555744,101.125
08:01:35,912810UA4,TSRYS5802849,D,S,D,2024-05-23,1000000.00,4.555744,101.125
08:01:35,912810UA4,TSRYS5802849,D,S,D,2024-05-23,1000000.00,4.555744,101.125
08:01:35,912810UA4,TSRYS5802849,D,S,T,2024-05-23,1000000.00,4.535787,101.452925
08:01:35,912810UA4,TSRYS5802849,D,S,D,2024-05-23,1000000.00,4.555744,101.125
08:01:35,912810UA4,TSRYS5802849,D,S,T,2024-05-23,1000000.00,4.535787,101.452925
08:01:35,912810UA4,TSRYS5802849,D,S,D,2024-05-23,1000000.00,4.555744,101.125
08:01:35,912810UA4,TSRYS5802849,D,S,T,2024-05-23,1000000.00,4.555753,101.12485
08:01:35,912810UA4,TSRYS5802849,D,S,T,2024-05-23,1000000.00,4.555753,101.12485
08:01:35,912810UA4,TSRYS5802849,D,S,T,2024-05-23,1000000.00,4.555753,101.12485
08:01:35,912810UA4,TSRYS5802849,D,S,D,2024-05-23,1000000.00,4.555982,101.12109375
08:01:35,912810UA4,TSRYS5802849,D,S,D,2024-05-23,1000000.00,4.555982,101.12109375
08:01:35,912810UA4,TSRYS5802849,D,S,C,2024-05-23,1000000.00,4.555982,101.12109375
08:01:35,912810UA4,TSRYS5802849,D,S,T,2024-05-23,1000000.00,4.555753,101.12485
08:01:35,912810UA4,TSRYS5802849,D,S,D,2024-05-23,1000000.00,4.555744,101.125
08:01:35,912810UA4,TSRYS5802849,D,S,T,2024-05-23,1000000.00,4.555625,101.12695312
08:01:35,912810UA4,TSRYS5802849,D,S,D,2024-05-23,1000000.00,4.555744,101.125
08:01:36,912810UA4,TSRYS5802849,D,S,T,2024-05-23,1000000.00,4.555982,101.12109375
08:01:36,912810UA4,TSRYS5802849,D,S,D,2024-05-23,1000000.00,4.555982,101.12109375
08:01:36,912810UA4,TSRYS5802849,D,S,C,2024-05-23,1000000.00,4.555982,101.12109375
08:01:36,912810UA4,TSRYS5802849,D,S,C,2024-05-23,1000000.00,4.555982,101.12109375
08:01:36,912810UA4,TSRYS5802849,D,S,C,2024-05-23,1000000.00,4.555982,101.12109375
08:01:36,912810UA4,TSRYS5802849,D,S,T,2024-05-23,1000000.00,4.555753,101.12485
08:01:36,912810UA4,TSRYS5802849,D,S,D,2024-05-23,1000000.00,4.555982,101.12109375
08:01:36,912810UA4,TSRYS5802849,D,S,T,2024-05-23,1000000.00,4.555744,101.125
08:01:36,912810UA4,TSRYS5802849,D,S,C,2024-05-23,1000000.00,4.555982,101.12109375
08:01:36,912810UA4,TSRYS5802849,D,S,T,2024-05-23,1000000.00,4.555982,101.12109375
08:01:36,912810UA4,TSRYS5802849,D,S,T,2024-05-23,1000000.00,4.555982,101.12109375
08:01:36,912810UA4,TSRYS5802849,D,S,C,2024-05-23,1000000.00,4.555982,101.12109375
08:01:36,912810UA4,TSRYS5802849,D,S,D,2024-05-23,1000000.00,4.543847,101.3203125
08:01:36,912810UA4,TSRYS5802849,D,S,T,2024-05-23,1000000.00,4.545273,101.296875
08:01:36,912810UA4,TSRYS5802849,D,S,D,2024-05-23,1000000.00,4.543847,101.3203125
08:01:36,912810UA4,TSRYS5802849,D,S,D,2024-05-23,1000000.00,4.543847,101.3203125
08:01:36,912810UA4,TSRYS5802849,D,S,D,2024-05-23,1000000.00,4.543609,101.32421875
08:01:36,912810UA4,TSRYS5802849,D,S,T,2024-05-23,1000000.00,4.541946,101.3515625
08:01:36,912810UA4,TSRYS5802849,D,S,D,2024-05-23,1000000.00,4.543609,101.32421875
08:01:36,912810UA4,TSRYS5802849,D,S,T,2024-05-23,1000000.00,4.54254,101.34179687
08:01:36,912810UA4,TSRYS5802849,D,S,T,2024-05-23,1000000.00,4.54254,101.34179687
08:01:37,912810UA4,TSRYS5802849,D,S,D,2024-05-23,1000000.00,4.544441,101.31054687
08:01:37,912810UA4,TSRYS5802849,D,S,D,2024-05-23,1000000.00,4.544441,101.31054687
08:01:37,912810UA4,TSRYS5802849,D,S,D,2024-05-23,1000000.00,4.544441,101.31054687
08:01:37,912810UA4,TSRYS5802849,D,B,C,2024-05-23,3000000.00,4.544456,101.3103
08:01:38,912810UA4,TSRYS5802849,D,B,C,2024-05-23,15000000.00,4.540533,101.3748
08:01:38,912810UA4,TSRYS5802849,D,S,C,2024-05-23,1000000.00,4.542644,101.34008
08:01:38,912810UA4,TSRYS5802849,D,S,T,2024-05-23,1000000.00,4.542421,101.34375
08:01:38,912810UA4,TSRYS5802849,D,S,C,2024-05-23,4000000.00,4.548935,101.23672
08:01:38,912810UA4,TSRYS5802849,D,S,T,2024-05-23,1000000.00,4.558008,101.08789062
08:01:38,912810UA4,TSRYS5802849,D,S,T,2024-05-23,1000000.00,4.545273,101.296875
08:01:38,912810UA4,TSRYS5802849,D,S,T,2024-05-23,1000000.00,4.55932,101.06640625
08:01:38,912810UA4,TSRYS5802849,D,S,D,2024-05-23,1000000.00,4.559558,101.0625
08:01:38,912810UA4,TSRYS5802849,D,S,D,2024-05-23,1000000.00,4.559558,101.0625
08:01:38,912810UA4,TSRYS5802849,D,S,T,2024-05-23,1000000.00,4.559571,101.0623
08:01:38,912810UA4,TSRYS5802849,D,S,T,2024-05-23,1000000.00,4.559571,101.0623
08:01:38,912810UA4,TSRYS5802849,D,S,T,2024-05-23,1000000.00,4.559571,101.0623
08:01:38,912810UA4,TSRYS5802849,D,S,T,2024-05-23,1000000.00,4.56254,101.01367187
08:01:39,912810UA4,TSRYS5802849,D,S,D,2024-05-23,1000000.00,4.56266,101.01171875
08:01:39,912810UA4,TSRYS5802849,D,S,D,2024-05-23,1000000.00,4.56266,101.01171875
08:01:39,912810UA4,TSRYS5802849,D,S,D,2024-05-23,1000000.00,4.56266,101.01171875
08:01:39,912810UA4,TSRYS5802849,D,S,D,2024-05-23,1000000.00,4.56266,101.01171875
08:01:39,912810UA4,TSRYS5802849,D,S,T,2024-05-23,1000000.00,4.56266,101.01171875
08:01:39,912810UA4,TSRYS5802849,D,S,D,2024-05-23,3000000.00,4.542184,101.34765625
08:01:39,912810UA4,TSRYS5802849,D,S,D,2024-05-23,1000000.00,4.56266,101.01171875
08:01:39,912810UA4,TSRYS5802849,D,S,D,2024-05-23,1000000.00,4.564211,100.98632812
08:01:39,912810UA4,TSRYS5802849,D,S,D,2024-05-23,1000000.00,4.564211,100.98632812
08:01:39,912810UA4,TSRYS5802849,D,S,T,2024-05-23,1000000.00,4.542421,101.34375
08:01:39,912810UA4,TSRYS5802849,D,S,T,2024-05-23,1000000.00,4.542421,101.34375
08:01:39,912810UA4,TSRYS5802849,D,S,T,2024-05-23,1000000.00,4.542421,101.34375
08:01:39,912810UA4,TSRYS5802849,D,B,C,2024-05-23,46000000.00,4.548764,101.23953
08:01:39,912810UA4,TSRYS5802849,D,S,T,2024-05-23,1000000.00,4.542421,101.34375
08:01:39,912810UA4,TSRYS5802849,D,S,C,2024-05-23,1000000.00,4.549077,101.234375
08:01:39,912810UA4,TSRYS5802849,D,B,C,2024-05-23,1000000.00,4.544678,101.306640625
08:01:39,912810UA4,TSRYS5802849,D,S,D,2024-05-23,1000000.00,4.544678,101.306640625
08:01:40,912810UA4,TSRYS5802849,D,S,C,2024-05-23,1000000.00,4.545273,101.296875
08:01:40,912810UA4,TSRYS5802849,D,B,C,2024-05-23,1000000.00,4.545273,101.296875
08:01:40,912810UA4,TSRYS5802849,D,S,D,2024-05-23,1000000.00,4.545273,101.296875
08:01:40,912810UA4,TSRYS5802849,D,S,D,2024-05-23,1000000.00,4.544797,101.3046875
08:01:40,912810UA4,TSRYS5802849,D,S,C,2024-05-23,1000000.00,4.544797,101.3046875
08:01:40,912810UA4,TSRYS5802849,D,S,D,2024-05-23,1000000.00,4.544797,101.3046875
08:01:40,912810UA4,TSRYS5802849,D,S,D,2024-05-23,1000000.00,4.544797,101.3046875
08:01:40,912810UA4,TSRYS5802849,D,B,C,2024-05-23,24000000.00,4.555869,101.12295
08:01:41,912810UA4,TSRYS5802849,D,B,C,2024-05-23,6000000.00,4.546937,101.26953125
08:01:41,912810UA4,TSRYS5802849,D,S,D,2024-05-23,6000000.00,4.546937,101.26953125
08:01:41,912810UA4,TSRYS5802849,D,S,T,2024-05-23,1000000.00,4.547175,101.265625
08:01:41,912810UA4,TSRYS5802849,D,S,T,2024-05-23,1000000.00,4.548126,101.25
08:01:41,912810UA4,TSRYS5802849,D,S,T,2024-05-23,1000000.00,4.549077,101.234375
08:01:41,912810UA4,TSRYS5802849,D,S,D,2024-05-23,6000000.00,4.549315,101.23046875
08:01:41,912810UA4,TSRYS5802849,D,B,C,2024-05-23,6000000.00,4.549315,101.23046875
08:01:41,912810UA4,TSRYS5802849,D,S,T,2024-05-23,1000000.00,4.551933,101.1875
08:01:41,912810UA4,TSRYS5802849,D,S,T,2024-05-23,1000000.00,4.551933,101.1875
08:01:41,912810UA4,TSRYS5802849,D,S,T,2024-05-23,1000000.00,4.552886,101.171875
08:01:41,912810UA4,TSRYS5802849,D,S,T,2024-05-23,1000000.00,4.552886,101.171875
08:01:41,912810UA4,TSRYS5802849,D,S,T,2024-05-23,1000000.00,4.553838,101.15625
08:01:41,912810UA4,TSRYS5802849,D,S,T,2024-05-23,1000000.00,4.556697,101.109375
08:01:41,912810UA4,TSRYS5802849,D,S,T,2024-05-23,1000000.00,4.540529,101.374875
08:01:42,912810UA4,TSRYS5802849,D,S,T,2024-05-23,1000000.00,4.540529,101.374875
08:01:42,912810UA4,TSRYS5802849,D,S,T,2024-05-23,1000000.00,4.548126,101.25
08:01:42,912810UA4,TSRYS5802849,D,S,T,2024-05-23,1000000.00,4.548126,101.25
08:01:43,912810UA4,TSRYS5802849,D,S,T,2024-05-23,1000000.00,4.543371,101.328125
08:01:43,912810UA4,TSRYS5802849,D,S,D,2024-05-23,1000000.00,4.54349,101.326171875
08:01:46,912810UA4,TSRYS5802849,D,B,C,2024-05-23,3000000.00,4.540284,101.37890625
08:01:47,912810UA4,TSRYS5802849,D,S,T,2024-05-23,1000000.00,4.540759,101.37109375
08:01:47,912810UA4,TSRYS5802849,D,B,C,2024-05-23,1000000.00,4.537673,101.421875
08:01:47,912810UA4,TSRYS5802849,D,B,C,2024-05-23,1000000.00,4.537673,101.421875
08:01:48,912810UA4,TSRYS5802849,D,S,T,2024-05-23,1000000.00,4.541234,101.36328125
08:01:48,912810UA4,TSRYS5802849,D,S,D,2024-05-23,1000000.00,4.545391,101.294921875
08:01:48,912810UA4,TSRYS5802849,D,B,C,2024-05-23,1000000.00,4.539928,101.384765625
08:01:48,912810UA4,TSRYS5802849,D,S,D,2024-05-23,1000000.00,4.539928,101.384765625
08:01:48,912810UA4,TSRYS5802849,D,S,D,2024-05-23,1000000.00,4.539809,101.38671875
08:01:48,912810UA4,TSRYS5802849,D,B,C,2024-05-23,1000000.00,4.539809,101.38671875
08:01:48,912810UA4,TSRYS5802849,D,S,T,2024-05-23,1000000.00,4.543847,101.3203125
08:01:48,912810UA4,TSRYS5802849,D,B,C,2024-05-23,1000000.00,4.537317,101.42773437
08:01:48,912810UA4,TSRYS5802849,D,B,C,2024-05-23,1000000.00,4.537317,101.42773437
08:01:48,912810UA4,TSRYS5802849,D,S,T,2024-05-23,1000000.00,4.534827,101.46875
08:01:48,912810UA4,TSRYS5802849,D,S,T,2024-05-23,3000000.00,4.534827,101.46875
08:01:48,912810UA4,TSRYS5802849,D,S,T,2024-05-23,1000000.00,4.534827,101.46875
08:01:48,912810UA4,TSRYS5802849,D,B,C,2024-05-23,2000000.00,4.537673,101.421875
08:01:48,912810UA4,TSRYS5802849,D,S,D,2024-05-23,2000000.00,4.537673,101.421875
08:01:48,912810UA4,TSRYS5802849,D,S,T,2024-05-23,1000000.00,4.54658,101.275390625
08:01:49,912810UA4,TSRYS5802849,D,S,C,2024-05-23,15000000.00,4.537145,101.43057
08:01:49,912810UA4,TSRYS5802849,D,S,T,2024-05-23,1000000.00,4.544797,101.3046875
08:01:49,912810UA4,TSRYS5802849,D,S,T,2024-05-23,1000000.00,4.544797,101.3046875
08:01:49,912810UA4,TSRYS5802849,D,S,D,2024-05-23,1000000.00,4.545273,101.296875
08:01:49,912810UA4,TSRYS5802849,D,S,T,2024-05-23,1000000.00,4.545399,101.294796875
08:01:50,912810UA4,TSRYS5802849,D,B,C,2024-05-23,6000000.00,4.546224,101.28125
08:01:50,912810UA4,TSRYS5802849,D,S,T,2024-05-23,1000000.00,4.546461,101.27734375
08:01:50,912810UA4,TSRYS5802849,D,S,T,2024-05-23,1000000.00,4.546461,101.27734375
08:01:50,912810UA4,TSRYS5802849,D,S,T,2024-05-23,1000000.00,4.54658,101.275390625
08:01:50,912810UA4,TSRYS5802849,D,S,T,2024-05-23,1000000.00,4.546588,101.275265625
08:01:50,912810UA4,TSRYS5802849,D,S,T,2024-05-23,1000000.00,4.546469,101.27721875
08:01:50,912810UA4,TSRYS5802849,D,S,C,2024-05-23,1000000.00,4.543371,101.328125
08:01:50,912810UA4,TSRYS5802849,D,S,C,2024-05-23,1000000.00,4.543371,101.328125
08:01:50,912810UA4,TSRYS5802849,D,S,T,2024-05-23,1000000.00,4.546699,101.2734375
08:01:50,912810UA4,TSRYS5802849,D,S,T,2024-05-23,1000000.00,4.546588,101.275265625
08:01:50,912810UA4,TSRYS5802849,D,S,A,2024-05-23,6000000.00,4.54884,101.23828125
08:01:50,912810UA4,TSRYS5802849,D,B,C,2024-05-23,6000000.00,4.54884,101.23828125
08:01:51,912810UA4,TSRYS5802849,D,S,C,2024-05-23,1000000.00,4.541946,101.3515625
08:01:51,912810UA4,TSRYS5802849,D,B,C,2024-05-23,1000000.00,4.542421,101.34375
08:01:51,912810UA4,TSRYS5802849,D,S,C,2024-05-23,1000000.00,4.542421,101.34375
08:01:51,912810UA4,TSRYS5802849,D,B,C,2024-05-23,3000000.00,4.538504,101.40820312
08:01:51,912810UA4,TSRYS5802849,D,S,C,2024-05-23,5000000.00,4.538461,101.4089
08:01:51,912810UA4,TSRYS5802849,D,S,D,2024-05-23,1000000.00,4.542464,101.34305
08:01:51,912810UA4,TSRYS5802849,D,S,D,2024-05-23,1000000.00,4.546266,101.28055
08:01:51,912810UA4,TSRYS5802849,D,S,D,2024-05-23,1000000.00,4.540564,101.3743
08:01:51,912810UA4,TSRYS5802849,D,S,D,2024-05-23,5000000.00,4.539614,101.389925
08:01:51,912810UA4,TSRYS5802849,D,S,C,2024-05-23,16000000.00,4.544322,101.3125
08:01:51,912810UA4,TSRYS5802849,D,S,D,2024-05-23,1000000.00,4.548169,101.2493
08:01:51,912810UA4,TSRYS5802849,D,S,D,2024-05-23,1000000.00,4.543414,101.327425
08:01:51,912810UA4,TSRYS5802849,D,S,D,2024-05-23,1000000.00,4.537716,101.421175
08:01:51,912810UA4,TSRYS5802849,D,S,D,2024-05-23,1000000.00,4.544365,101.3118
08:01:51,912810UA4,TSRYS5802849,D,S,D,2024-05-23,1000000.00,4.541514,101.358675
08:01:51,912810UA4,TSRYS5802849,D,S,D,2024-05-23,1000000.00,4.545315,101.296175
08:01:51,912810UA4,TSRYS5802849,D,B,C,2024-05-23,2000000.00,4.551874,101.18847
08:01:51,912810UA4,TSRYS5802849,D,S,D,2024-05-23,1000000.00,4.540564,101.3743
08:01:51,912810UA4,TSRYS5802849,D,S,D,2024-05-23,1000000.00,4.539614,101.389925
08:01:51,912810UA4,TSRYS5802849,D,S,T,2024-05-23,1000000.00,4.535775,101.453125
08:01:51,912810UA4,TSRYS5802849,D,S,T,2024-05-23,1000000.00,4.535775,101.453125
08:01:51,912810UA4,TSRYS5802849,D,S,T,2024-05-23,1000000.00,4.535775,101.453125
08:01:51,912810UA4,TSRYS5802849,D,S,T,2024-05-23,1000000.00,4.535775,101.453125
08:01:51,912810UA4,TSRYS5802849,D,S,T,2024-05-23,1000000.00,4.539572,101.390625
08:01:51,912810UA4,TSRYS5802849,D,S,T,2024-05-23,1000000.00,4.539572,101.390625
08:01:51,912810UA4,TSRYS5802849,D,S,T,2024-05-23,1000000.00,4.539572,101.390625
08:01:51,912810UA4,TSRYS5802849,D,S,T,2024-05-23,1000000.00,4.539572,101.390625
08:01:51,912810UA4,TSRYS5802849,D,S,T,2024-05-23,1000000.00,4.539572,101.390625
08:01:51,912810UA4,TSRYS5802849,D,S,T,2024-05-23,1000000.00,4.539572,101.390625
08:01:51,912810UA4,TSRYS5802849,D,S,T,2024-05-23,1000000.00,4.539572,101.390625
08:01:51,912810UA4,TSRYS5802849,D,S,T,2024-05-23,1000000.00,4.539572,101.390625
08:01:51,912810UA4,TSRYS5802849,D,S,T,2024-05-23,1000000.00,4.539572,101.390625
08:01:51,912810UA4,TSRYS5802849,D,S,T,2024-05-23,1000000.00,4.539572,101.390625
08:01:52,912810UA4,TSRYS5802849,D,S,T,2024-05-23,1000000.00,4.54159,101.35742187
08:01:52,912810UA4,TSRYS5802849,D,S,D,2024-05-23,1000000.00,4.541709,101.35546875
08:01:52,912810UA4,TSRYS5802849,D,S,D,2024-05-23,1000000.00,4.541709,101.35546875
08:01:52,912810UA4,TSRYS5802849,D,S,T,2024-05-23,1000000.00,4.541709,101.35546875
08:01:52,912810UA4,TSRYS5802849,D,S,T,2024-05-23,1000000.00,4.541827,101.35351562
08:01:52,912810UA4,TSRYS5802849,D,S,T,2024-05-23,1000000.00,4.53293,101.5
08:01:52,912810UA4,TSRYS5802849,D,B,C,2024-05-23,5000000.00,4.541751,101.35477
08:01:52,912810UA4,TSRYS5802849,D,S,C,2024-05-23,1000000.00,4.54254,101.341796875
08:01:52,912810UA4,TSRYS5802849,D,S,C,2024-05-23,1000000.00,4.54254,101.341796875
08:01:52,912810UA4,TSRYS5802849,D,S,T,2024-05-23,1000000.00,4.53293,101.5
08:01:53,912810UA4,TSRYS5802849,D,B,C,2024-05-23,1000000.00,4.54159,101.357421875
08:01:53,912810UA4,TSRYS5802849,D,S,D,2024-05-23,1000000.00,4.54159,101.357421875
08:01:53,912810UA4,TSRYS5802849,D,S,D,2024-05-23,1000000.00,4.54159,101.357421875
08:01:53,912810UA4,TSRYS5802849,D,S,C,2024-05-23,2000000.00,4.539897,101.38527
08:01:53,912810UA4,TSRYS5802849,D,B,C,2024-05-23,1000000.00,4.541471,101.359375
08:01:53,912810UA4,TSRYS5802849,D,S,D,2024-05-23,1000000.00,4.541471,101.359375
08:01:53,912810UA4,TSRYS5802849,D,B,C,2024-05-23,1000000.00,4.541471,101.359375
08:01:53,912810UA4,TSRYS5802849,D,S,D,2024-05-23,5000000.00,4.540754,101.37118
08:01:53,912810UA4,TSRYS5802849,D,S,D,2024-05-23,1000000.00,4.541471,101.359375
08:01:54,912810UA4,TSRYS5802849,D,S,T,2024-05-23,1000000.00,4.534827,101.46875
08:01:54,912810UA4,TSRYS5802849,D,S,C,2024-05-23,3000000.00,4.540677,101.37244
08:01:54,912810UA4,TSRYS5802849,D,S,C,2024-05-23,5000000.00,4.533999,101.48239
08:01:56,912810UA4,TSRYS5802849,D,S,D,2024-05-23,1000000.00,4.537673,101.421875
08:01:57,912810UA4,TSRYS5802849,D,S,C,2024-05-23,1000000.00,4.537436,101.42578125
08:01:57,912810UA4,TSRYS5802849,D,S,C,2024-05-23,1000000.00,4.539334,101.39453125
08:01:57,912810UA4,TSRYS5802849,D,S,C,2024-05-23,1000000.00,4.539334,101.39453125
08:01:57,912810UA4,TSRYS5802849,D,S,C,2024-05-23,1000000.00,4.541471,101.359375
08:01:57,912810UA4,TSRYS5802849,D,B,C,2024-05-23,1000000.00,4.540521,101.375
08:01:57,912810UA4,TSRYS5802849,D,S,D,2024-05-23,1000000.00,4.540521,101.375
08:01:57,912810UA4,TSRYS5802849,D,S,D,2024-05-23,1000000.00,4.540521,101.375
08:01:58,912810UA4,TSRYS5802849,D,B,C,2024-05-23,1000000.00,4.539582,101.39045
08:01:58,912810UA4,TSRYS5802849,D,S,C,2024-05-23,1000000.00,4.540509,101.3752
08:01:58,912810UA4,TSRYS5802849,D,S,D,2024-05-23,1000000.00,4.539572,101.390625
08:01:58,912810UA4,TSRYS5802849,D,S,D,2024-05-23,1000000.00,4.539572,101.390625
08:01:58,912810UA4,TSRYS5802849,D,B,C,2024-05-23,1000000.00,4.538633,101.406075
08:01:58,912810UA4,TSRYS5802849,D,S,D,2024-05-23,1000000.00,4.538622,101.40625
08:01:58,912810UA4,TSRYS5802849,D,B,C,2024-05-23,1000000.00,4.540521,101.375
08:01:58,912810UA4,TSRYS5802849,D,S,D,2024-05-23,1000000.00,4.539097,101.3984375
08:01:58,912810UA4,TSRYS5802849,D,S,D,2024-05-23,1000000.00,4.539572,101.390625
08:01:58,912810UA4,TSRYS5802849,D,S,D,2024-05-23,1000000.00,4.539572,101.390625
08:01:58,912810UA4,TSRYS5802849,D,S,C,2024-05-23,1000000.00,4.540506,101.37525
08:01:58,912810UA4,TSRYS5802849,D,B,C,2024-05-23,1000000.00,4.539584,101.390425
08:01:58,912810UA4,TSRYS5802849,D,B,C,2024-05-23,1000000.00,4.539582,101.39045
08:01:58,912810UA4,TSRYS5802849,D,S,D,2024-05-23,1000000.00,4.539572,101.390625
08:01:58,912810UA4,TSRYS5802849,D,B,C,2024-05-23,1000000.00,4.539584,101.390425
08:01:58,912810UA4,TSRYS5802849,D,B,C,2024-05-23,1000000.00,4.539584,101.390425
08:01:58,912810UA4,TSRYS5802849,D,S,D,2024-05-23,1000000.00,4.539572,101.390625
08:01:58,912810UA4,TSRYS5802849,D,S,D,2024-05-23,1000000.00,4.539572,101.390625
08:01:58,912810UA4,TSRYS5802849,D,S,D,2024-05-23,1000000.00,4.540165,101.38085937
08:01:58,912810UA4,TSRYS5802849,D,B,C,2024-05-23,1000000.00,4.539572,101.390625
08:01:58,912810UA4,TSRYS5802849,D,S,D,2024-05-23,1000000.00,4.539572,101.390625
08:01:58,912810UA4,TSRYS5802849,D,S,D,2024-05-23,1000000.00,4.541115,101.36523437
08:01:58,912810UA4,TSRYS5802849,D,S,D,2024-05-23,1000000.00,4.541115,101.36523437
08:01:58,912810UA4,TSRYS5802849,D,S,C,2024-05-23,1000000.00,4.538622,101.40625
08:01:58,912810UA4,TSRYS5802849,D,B,C,2024-05-23,1000000.00,4.538633,101.406075
08:01:58,912810UA4,TSRYS5802849,D,S,T,2024-05-23,1000000.00,4.542778,101.33789062
08:01:58,912810UA4,TSRYS5802849,D,S,D,2024-05-23,1000000.00,4.542421,101.34375
08:01:58,912810UA4,TSRYS5802849,D,S,C,2024-05-23,1000000.00,4.538148,101.4140625
08:01:58,912810UA4,TSRYS5802849,D,S,D,2024-05-23,1000000.00,4.543847,101.3203125
08:01:58,912810UA4,TSRYS5802849,D,S,D,2024-05-23,1000000.00,4.539572,101.390625
08:01:58,912810UA4,TSRYS5802849,D,B,C,2024-05-23,1000000.00,4.539572,101.390625
08:01:58,912810UA4,TSRYS5802849,D,S,C,2024-05-23,1000000.00,4.539562,101.390777
08:01:58,912810UA4,TSRYS5802849,D,B,C,2024-05-23,1000000.00,4.539572,101.390625
08:01:58,912810UA4,TSRYS5802849,D,S,C,2024-05-23,1000000.00,4.539562,101.390777
08:01:58,912810UA4,TSRYS5802849,D,S,C,2024-05-23,1000000.00,4.539562,101.390777
08:01:58,912810UA4,TSRYS5802849,D,S,C,2024-05-23,1000000.00,4.538148,101.4140625
08:01:58,912810UA4,TSRYS5802849,D,B,C,2024-05-23,1000000.00,4.539572,101.390625
08:01:58,912810UA4,TSRYS5802849,D,B,C,2024-05-23,1000000.00,4.539572,101.390625
08:01:58,912810UA4,TSRYS5802849,D,S,C,2024-05-23,1000000.00,4.539562,101.390777
08:01:58,912810UA4,TSRYS5802849,D,B,C,2024-05-23,1000000.00,4.539572,101.390625
08:01:58,912810UA4,TSRYS5802849,D,S,T,2024-05-23,1000000.00,4.545273,101.296875
08:01:58,912810UA4,TSRYS5802849,D,B,C,2024-05-23,1000000.00,4.538633,101.406075
08:01:58,912810UA4,TSRYS5802849,D,S,C,2024-05-23,1000000.00,4.538622,101.40625
08:01:58,912810UA4,TSRYS5802849,D,S,D,2024-05-23,1000000.00,4.545273,101.296875
08:01:58,912810UA4,TSRYS5802849,D,B,C,2024-05-23,1000000.00,4.538636,101.406025
08:01:58,912810UA4,TSRYS5802849,D,S,T,2024-05-23,1000000.00,4.544797,101.3046875
08:01:58,912810UA4,TSRYS5802849,D,S,C,2024-05-23,1000000.00,4.538622,101.40625
08:01:58,912810UA4,TSRYS5802849,D,S,C,2024-05-23,1000000.00,4.538622,101.40625
08:01:58,912810UA4,TSRYS5802849,D,B,C,2024-05-23,1000000.00,4.538633,101.406075
08:01:58,912810UA4,TSRYS5802849,D,S,D,2024-05-23,1000000.00,4.545391,101.29492187
08:01:58,912810UA4,TSRYS5802849,D,S,C,2024-05-23,1000000.00,4.537664,101.422027
08:01:58,912810UA4,TSRYS5802849,D,S,C,2024-05-23,1000000.00,4.537673,101.421875
08:01:58,912810UA4,TSRYS5802849,D,S,D,2024-05-23,1000000.00,4.537673,101.421875
08:01:58,912810UA4,TSRYS5802849,D,S,T,2024-05-23,1000000.00,4.54254,101.341796875
08:01:58,912810UA4,TSRYS5802849,D,S,C,2024-05-23,1000000.00,4.537664,101.422027
08:01:58,912810UA4,TSRYS5802849,D,S,C,2024-05-23,1000000.00,4.537673,101.421875
08:01:58,912810UA4,TSRYS5802849,D,B,C,2024-05-23,1000000.00,4.538622,101.40625
08:01:58,912810UA4,TSRYS5802849,D,S,C,2024-05-23,1000000.00,4.537673,101.421875
08:01:59,912810UA4,TSRYS5802849,D,B,C,2024-05-23,1000000.00,4.538622,101.40625
08:01:59,912810UA4,TSRYS5802849,D,S,C,2024-05-23,1000000.00,4.538613,101.406402
08:01:59,912810UA4,TSRYS5802849,D,B,C,2024-05-23,1000000.00,4.538622,101.40625
08:01:59,912810UA4,TSRYS5802849,D,S,C,2024-05-23,1000000.00,4.538613,101.406402
08:01:59,912810UA4,TSRYS5802849,D,B,C,2024-05-23,1000000.00,4.538622,101.40625
08:01:59,912810UA4,TSRYS5802849,D,B,C,2024-05-23,1000000.00,4.538622,101.40625
08:01:59,912810UA4,TSRYS5802849,D,S,C,2024-05-23,1000000.00,4.538613,101.406402
08:01:59,912810UA4,TSRYS5802849,D,B,C,2024-05-23,1000000.00,4.538622,101.40625
08:01:59,912810UA4,TSRYS5802849,D,S,C,2024-05-23,1000000.00,4.53861,101.40645
08:01:59,912810UA4,TSRYS5802849,D,S,C,2024-05-23,1000000.00,4.53861,101.40645
08:01:59,912810UA4,TSRYS5802849,D,S,C,2024-05-23,1000000.00,4.538607,101.4065
08:01:59,912810UA4,TSRYS5802849,D,S,T,2024-05-23,1000000.00,4.542421,101.34375
08:01:59,912810UA4,TSRYS5802849,D,S,C,2024-05-23,1000000.00,4.538613,101.406402
08:01:59,912810UA4,TSRYS5802849,D,B,C,2024-05-23,1000000.00,4.538622,101.40625
08:01:59,912810UA4,TSRYS5802849,D,S,C,2024-05-23,1000000.00,4.538613,101.406402
08:01:59,912810UA4,TSRYS5802849,D,B,C,2024-05-23,1000000.00,4.538622,101.40625
08:01:59,912810UA4,TSRYS5802849,D,S,C,2024-05-23,1000000.00,4.538613,101.406402
08:01:59,912810UA4,TSRYS5802849,D,S,D,2024-05-23,1000000.00,4.538622,101.40625
08:01:59,912810UA4,TSRYS5802849,D,S,C,2024-05-23,1000000.00,4.538613,101.406402
08:01:59,912810UA4,TSRYS5802849,D,B,C,2024-05-23,1000000.00,4.538622,101.40625
08:01:59,912810UA4,TSRYS5802849,D,S,C,2024-05-23,1000000.00,4.540165,101.380859375
08:01:59,912810UA4,TSRYS5802849,D,S,C,2024-05-23,2000000.00,4.551433,101.1957125
08:01:59,912810UA4,TSRYS5802849,D,B,C,2024-05-23,1000000.00,4.539572,101.390625
08:01:59,912810UA4,TSRYS5802849,D,S,D,2024-05-23,1000000.00,4.539572,101.390625
08:01:59,912810UA4,TSRYS5802849,D,S,C,2024-05-23,1000000.00,4.540521,101.375
08:01:59,912810UA4,TSRYS5802849,D,B,C,2024-05-23,1000000.00,4.540521,101.375
08:01:59,912810UA4,TSRYS5802849,D,S,C,2024-05-23,1000000.00,4.540509,101.3752
08:01:59,912810UA4,TSRYS5802849,D,B,C,2024-05-23,1000000.00,4.540521,101.375
08:01:59,912810UA4,TSRYS5802849,D,S,D,2024-05-23,1000000.00,4.540521,101.375
08:01:59,912810UA4,TSRYS5802849,D,S,D,2024-05-23,1000000.00,4.542421,101.34375
08:01:59,912810UA4,TSRYS5802849,D,S,C,2024-05-23,1000000.00,4.547159,101.265875
08:01:59,912810UA4,TSRYS5802849,D,S,D,2024-05-23,1000000.00,4.547175,101.265625
08:02:00,912810UA4,TSRYS5802849,D,S,C,2024-05-23,1000000.00,4.549062,101.234625
08:02:00,912810UA4,TSRYS5802849,D,S,D,2024-05-23,1000000.00,4.549077,101.234375
08:02:00,912810UA4,TSRYS5802849,D,S,D,2024-05-23,1000000.00,4.549077,101.234375
08:02:00,912810UA4,TSRYS5802849,D,S,A,2024-05-23,5000000.00,4.539809,101.38671875
08:02:00,912810UA4,TSRYS5802849,D,B,C,2024-05-23,1000000.00,4.548126,101.25
08:02:00,912810UA4,TSRYS5802849,D,S,C,2024-05-23,1000000.00,4.548126,101.25
08:02:00,912810UA4,TSRYS5802849,D,S,C,2024-05-23,1000000.00,4.549065,101.234575
08:02:00,912810UA4,TSRYS5802849,D,S,D,2024-05-23,1000000.00,4.549077,101.234375
08:02:00,912810UA4,TSRYS5802849,D,B,C,2024-05-23,1000000.00,4.549077,101.234375
08:02:00,912810UA4,TSRYS5802849,D,B,C,2024-05-23,1000000.00,4.549077,101.234375
08:02:00,912810UA4,TSRYS5802849,D,S,C,2024-05-23,1000000.00,4.548126,101.25
08:02:00,912810UA4,TSRYS5802849,D,B,C,2024-05-23,1000000.00,4.548126,101.25
08:02:00,912810UA4,TSRYS5802849,D,S,T,2024-05-23,2000000.00,4.557651,101.09375
08:02:00,912810UA4,TSRYS5802849,D,S,C,2024-05-23,1000000.00,4.544322,101.3125
08:02:00,912810UA4,TSRYS5802849,D,S,C,2024-05-23,1000000.00,4.544322,101.3125
08:02:00,912810UA4,TSRYS5802849,D,B,C,2024-05-23,1000000.00,4.544337,101.31225
08:02:00,912810UA4,TSRYS5802849,D,S,C,2024-05-23,1000000.00,4.544322,101.3125
08:02:00,912810UA4,TSRYS5802849,D,S,C,2024-05-23,1000000.00,4.544322,101.3125
08:02:00,912810UA4,TSRYS5802849,D,B,C,2024-05-23,1000000.00,4.544322,101.3125
08:02:01,912810UA4,TSRYS5802849,D,B,C,2024-05-23,1000000.00,4.543371,101.328125
08:02:01,912810UA4,TSRYS5802849,D,S,D,2024-05-23,1000000.00,4.543371,101.328125
08:02:01,912810UA4,TSRYS5802849,D,B,C,2024-05-23,1000000.00,4.543382,101.32795
08:02:01,912810UA4,TSRYS5802849,D,S,D,2024-05-23,1000000.00,4.543371,101.328125
08:02:01,912810UA4,TSRYS5802849,D,B,C,2024-05-23,1000000.00,4.542421,101.34375
08:02:01,912810UA4,TSRYS5802849,D,S,D,2024-05-23,1000000.00,4.542421,101.34375
08:02:01,912810UA4,TSRYS5802849,D,S,D,2024-05-23,1000000.00,4.540521,101.375
08:02:01,912810UA4,TSRYS5802849,D,B,C,2024-05-23,1000000.00,4.540537,101.37475
08:02:01,912810UA4,TSRYS5802849,D,S,D,2024-05-23,1000000.00,4.540521,101.375
08:02:01,912810UA4,TSRYS5802849,D,B,C,2024-05-23,1000000.00,4.540537,101.37475
08:02:01,912810UA4,TSRYS5802849,D,B,C,2024-05-23,1000000.00,4.540521,101.375
08:02:01,912810UA4,TSRYS5802849,D,S,D,2024-05-23,1000000.00,4.540513,101.37513
08:02:01,912810UA4,TSRYS5802849,D,S,D,2024-05-23,1000000.00,4.540513,101.37513
08:02:02,912810UA4,TSRYS5802849,D,S,T,2024-05-23,1000000.00,4.542421,101.34375
08:02:02,912810UA4,TSRYS5802849,D,S,T,2024-05-23,1000000.00,4.542421,101.34375
08:02:02,912810UA4,TSRYS5802849,D,B,C,2024-05-23,1000000.00,4.544322,101.3125
08:02:02,912810UA4,TSRYS5802849,D,S,D,2024-05-23,1000000.00,4.544322,101.3125
08:02:02,912810UA4,TSRYS5802849,D,B,C,2024-05-23,1000000.00,4.544337,101.31225
08:02:02,912810UA4,TSRYS5802849,D,S,D,2024-05-23,1000000.00,4.544322,101.3125
08:02:02,912810UA4,TSRYS5802849,D,B,C,2024-05-23,1000000.00,4.541483,101.359175
08:02:02,912810UA4,TSRYS5802849,D,S,D,2024-05-23,1000000.00,4.541471,101.359375
08:02:02,912810UA4,TSRYS5802849,D,B,C,2024-05-23,1000000.00,4.541483,101.359175
08:02:02,912810UA4,TSRYS5802849,D,S,D,2024-05-23,1000000.00,4.542421,101.34375
08:02:02,912810UA4,TSRYS5802849,D,S,D,2024-05-23,1000000.00,4.541471,101.359375
08:02:02,912810UA4,TSRYS5802849,D,S,D,2024-05-23,1000000.00,4.542421,101.34375
08:02:02,912810UA4,TSRYS5802849,D,S,C,2024-05-23,1000000.00,4.542409,101.34395
08:02:02,912810UA4,TSRYS5802849,D,S,D,2024-05-23,1000000.00,4.540046,101.3828125
08:02:02,912810UA4,TSRYS5802849,D,B,C,2024-05-23,9162000.00,4.561944,101.0234375
08:02:03,912810UA4,TSRYS5802849,D,S,A,2024-05-23,10000000.00,4.540759,101.37109375
08:02:03,912810UA4,TSRYS5802849,D,B,C,2024-05-23,1000000.00,4.540537,101.37475
08:02:03,912810UA4,TSRYS5802849,D,S,C,2024-05-23,1000000.00,4.540521,101.375
08:02:03,912810UA4,TSRYS5802849,D,S,T,2024-05-23,1000000.00,4.543371,101.328125
08:02:03,912810UA4,TSRYS5802849,D,S,C,2024-05-23,1000000.00,4.540759,101.37109375
08:02:04,912810UA4,TSRYS5802849,D,S,D,2024-05-23,1000000.00,4.540521,101.375
08:02:04,912810UA4,TSRYS5802849,D,S,C,2024-05-23,1000000.00,4.540509,101.3752
08:02:04,912810UA4,TSRYS5802849,D,S,C,2024-05-23,1000000.00,4.540509,101.3752
08:02:04,912810UA4,TSRYS5802849,D,S,C,2024-05-23,1000000.00,4.540521,101.375
08:02:04,912810UA4,TSRYS5802849,D,S,D,2024-05-23,1000000.00,4.540521,101.375
08:02:04,912810UA4,TSRYS5802849,D,S,C,2024-05-23,1000000.00,4.540506,101.37525
08:02:04,912810UA4,TSRYS5802849,D,S,C,2024-05-23,2000000.00,4.540521,101.375
08:02:04,912810UA4,TSRYS5802849,D,S,C,2024-05-23,1000000.00,4.540521,101.375
08:02:04,912810UA4,TSRYS5802849,D,S,D,2024-05-23,1000000.00,4.541234,101.36328125
08:02:05,912810UA4,TSRYS5802849,D,S,D,2024-05-23,1000000.00,4.541115,101.365234375
08:02:05,912810UA4,TSRYS5802849,D,S,T,2024-05-23,2000000.00,4.559558,101.0625
